{"id":"gen9nationaldex-1998312271","p1":"mops2002","p2":"eris52","format":"[Gen 9] National Dex","log":"|html|<div class=\"broadcast-blue\"><strong>[Gen 9] National Dex is currently suspecting Sneasler! For information on how to participate check out the <a href=\"https:\/\/www.smogon.com\/forums\/threads\/sv-national-dex-suspect-8-just-dance.3731534\/\">suspect thread<\/a>.<\/strong><\/div>\n|j|\u2606mops2002\n|j|\u2606eris52\n|t:|1700928084\n|gametype|singles\n|player|p1|mops2002|170|\n|player|p2|eris52|170|\n|teamsize|p1|6\n|teamsize|p2|6\n|gen|9\n|tier|[Gen 9] National Dex\n|rule|HP Percentage Mod: HP is shown in percentages\n|rule|Endless Battle Clause: Forcing endless battles is banned\n|rule|OHKO Clause: OHKO moves are banned\n|rule|Evasion Clause: Evasion abilities, items, and moves are banned\n|rule|Evasion Abilities Clause: Evasion abilities are banned\n|rule|Evasion Items Clause: Evasion items are banned\n|rule|Evasion Moves Clause: Evasion moves are banned\n|rule|Species Clause: Limit one of each Pok\u00e9mon\n|rule|Sleep Clause Mod: Limit one foe put to sleep\n|clearpoke\n|poke|p1|Venusaur, M|\n|poke|p1|Rotom-Mow|\n|poke|p1|Ferrothorn, M|\n|poke|p1|Toedscruel, F|\n|poke|p1|Sinistcha|\n|poke|p1|Meowscarada, M|\n|poke|p2|Scovillain, M|\n|poke|p2|Torkoal, F|\n|poke|p2|Great Tusk|\n|poke|p2|Houndoom, M|\n|poke|p2|Tapu Lele|\n|poke|p2|Rotom-Wash|\n|teampreview\n|c|\u2606eris52|Glhf\n|c|\u2606eris52|Just want to clear to you this is not a cteam\n|c|\u2606eris52|I have been using it for all matches\n|c|\u2606eris52|i even fought water with the team\n|c|\u2606mops2002|glhf\n|\n|t:|1700928139\n|start\n|switch|p1a: Meowscarada|Meowscarada, M|100\/100\n|switch|p2a: Torkoal|Torkoal, F|100\/100\n|-weather|SunnyDay|[from] ability: Drought|[of] p2a: Torkoal\n|turn|1\n|j| john681\n|\n|t:|1700928163\n|move|p1a: Meowscarada|U-turn|p2a: Torkoal\n|-start|p1a: Meowscarada|typechange|Bug|[from] ability: Protean\n|-resisted|p2a: Torkoal\n|-damage|p2a: Torkoal|88\/100\n|\n|t:|1700928176\n|switch|p1a: Sinistcha|Sinistcha|100\/100|[from] U-turn\n|move|p2a: Torkoal|Lava Plume|p1a: Sinistcha\n|-supereffective|p1a: Sinistcha\n|-damage|p1a: Sinistcha|57\/100\n|\n|-weather|SunnyDay|[upkeep]\n|-heal|p1a: Sinistcha|63\/100|[from] item: Leftovers\n|upkeep\n|turn|2\n|c|\u2606eris52|Bro are you robert\n|\n|t:|1700928190\n|move|p1a: Sinistcha|Calm Mind|p1a: Sinistcha\n|-boost|p1a: Sinistcha|spa|1\n|-boost|p1a: Sinistcha|spd|1\n|move|p2a: Torkoal|Yawn|p1a: Sinistcha\n|-start|p1a: Sinistcha|move: Yawn|[of] p2a: Torkoal\n|\n|-weather|SunnyDay|[upkeep]\n|-heal|p1a: Sinistcha|69\/100|[from] item: Leftovers\n|upkeep\n|turn|3\n|c|\u2606eris52|@john681\n|\n|t:|1700928211\n|move|p1a: Sinistcha|Hex|p2a: Torkoal\n|-damage|p2a: Torkoal|39\/100\n|move|p2a: Torkoal|Stealth Rock|p1a: Sinistcha\n|-sidestart|p1: mops2002|move: Stealth Rock\n|\n|-weather|SunnyDay|[upkeep]\n|-heal|p1a: Sinistcha|75\/100|[from] item: Leftovers\n|-end|p1a: Sinistcha|move: Yawn|[silent]\n|-status|p1a: Sinistcha|slp\n|upkeep\n|turn|4\n|\n|t:|1700928223\n|switch|p2a: Houndoom|Houndoom, M|100\/100\n|cant|p1a: Sinistcha|slp\n|\n|-weather|SunnyDay|[upkeep]\n|-heal|p1a: Sinistcha|81\/100 slp|[from] item: Leftovers\n|upkeep\n|turn|5\n|c| john681|No\n|\n|t:|1700928231\n|detailschange|p2a: Houndoom|Houndoom-Mega, M\n|-mega|p2a: Houndoom|Houndoom|Houndoominite\n|-terastallize|p1a: Sinistcha|Poison\n|move|p2a: Houndoom|Flame Charge|p1a: Sinistcha\n|-damage|p1a: Sinistcha|73\/100 slp\n|-boost|p2a: Houndoom|spe|1\n|cant|p1a: Sinistcha|slp\n|\n|-weather|SunnyDay|[upkeep]\n|-damage|p2a: Houndoom|88\/100|[from] ability: Solar Power|[of] p2a: Houndoom\n|-heal|p1a: Sinistcha|79\/100 slp|[from] item: Leftovers\n|upkeep\n|turn|6\n|\n|t:|1700928244\n|move|p2a: Houndoom|Flamethrower|p1a: Sinistcha\n|-damage|p1a: Sinistcha|36\/100 slp\n|cant|p1a: Sinistcha|slp\n|\n|-weather|SunnyDay|[upkeep]\n|-damage|p2a: Houndoom|76\/100|[from] ability: Solar Power|[of] p2a: Houndoom\n|-heal|p1a: Sinistcha|42\/100 slp|[from] item: Leftovers\n|upkeep\n|turn|7\n|c|\u2606eris52|3 turn sleep sucks\n|\n|t:|1700928257\n|move|p2a: Houndoom|Flamethrower|p1a: Sinistcha\n|-damage|p1a: Sinistcha|0 fnt\n|faint|p1a: Sinistcha\n|\n|-weather|SunnyDay|[upkeep]\n|-damage|p2a: Houndoom|63\/100|[from] ability: Solar Power|[of] p2a: Houndoom\n|upkeep\n|c|\u2606mops2002|yeah could have swapt when he was drowzy\n|\n|t:|1700928298\n|switch|p1a: Venusaur|Venusaur, M|100\/100\n|-damage|p1a: Venusaur|88\/100|[from] Stealth Rock\n|turn|8\n|\n|t:|1700928307\n|detailschange|p1a: Venusaur|Venusaur-Mega, M\n|-mega|p1a: Venusaur|Venusaur|Venusaurite\n|move|p2a: Houndoom|Flamethrower|p1a: Venusaur\n|-supereffective|p1a: Venusaur\n|-damage|p1a: Venusaur|8\/100\n|move|p1a: Venusaur|Earth Power|p2a: Houndoom\n|-supereffective|p2a: Houndoom\n|-damage|p2a: Houndoom|0 fnt\n|faint|p2a: Houndoom\n|\n|-weather|none\n|upkeep\n|\n|t:|1700928310\n|switch|p2a: Tapu Lele|Tapu Lele|100\/100\n|-fieldstart|move: Psychic Terrain|[from] ability: Psychic Surge|[of] p2a: Tapu Lele\n|turn|9\n|\n|t:|1700928330\n|switch|p1a: Ferrothorn|Ferrothorn, M|100\/100\n|-damage|p1a: Ferrothorn|95\/100|[from] Stealth Rock\n|move|p2a: Tapu Lele|Hidden Power|p1a: Ferrothorn\n|-supereffective|p1a: Ferrothorn\n|-damage|p1a: Ferrothorn|22\/100\n|\n|upkeep\n|turn|10\n|\n|t:|1700928339\n|move|p2a: Tapu Lele|Hidden Power|p1a: Ferrothorn\n|-supereffective|p1a: Ferrothorn\n|-damage|p1a: Ferrothorn|0 fnt\n|faint|p1a: Ferrothorn\n|\n|upkeep\n|\n|t:|1700928345\n|switch|p1a: Meowscarada|Meowscarada, M|100\/100\n|-damage|p1a: Meowscarada|88\/100|[from] Stealth Rock\n|turn|11\n|\n|t:|1700928357\n|switch|p2a: Torkoal|Torkoal, F|39\/100\n|-weather|SunnyDay|[from] ability: Drought|[of] p2a: Torkoal\n|move|p1a: Meowscarada|Knock Off|p2a: Torkoal\n|-start|p1a: Meowscarada|typechange|Dark|[from] ability: Protean\n|-damage|p2a: Torkoal|0 fnt\n|-enditem|p2a: Torkoal|Heat Rock|[from] move: Knock Off|[of] p1a: Meowscarada\n|faint|p2a: Torkoal\n|\n|-weather|SunnyDay|[upkeep]\n|upkeep\n|\n|t:|1700928362\n|switch|p2a: Great Tusk|Great Tusk|100\/100\n|-activate|p2a: Great Tusk|ability: Protosynthesis\n|-start|p2a: Great Tusk|protosynthesisatk\n|turn|12\n|\n|t:|1700928373\n|switch|p1a: Rotom|Rotom-Mow|100\/100\n|-damage|p1a: Rotom|88\/100|[from] Stealth Rock\n|move|p2a: Great Tusk|Rapid Spin|p1a: Rotom\n|-damage|p1a: Rotom|57\/100\n|-boost|p2a: Great Tusk|spe|1\n|\n|-weather|SunnyDay|[upkeep]\n|upkeep\n|turn|13\n|l| john681\n|\n|t:|1700928387\n|switch|p1a: Venusaur|Venusaur-Mega, M|8\/100\n|-damage|p1a: Venusaur|0 fnt|[from] Stealth Rock\n|faint|p1a: Venusaur\n|move|p2a: Great Tusk|Ice Spinner|p1: Venusaur|[notarget]\n|-fail|p2a: Great Tusk\n|\n|-weather|SunnyDay|[upkeep]\n|-fieldend|move: Psychic Terrain\n|upkeep\n|\n|t:|1700928402\n|switch|p1a: Meowscarada|Meowscarada, M|88\/100\n|-damage|p1a: Meowscarada|76\/100|[from] Stealth Rock\n|turn|14\n|j| john681\n|c|\u2606eris52|Ayo robert left\n|\n|t:|1700928410\n|move|p2a: Great Tusk|Close Combat|p1a: Meowscarada\n|-supereffective|p1a: Meowscarada\n|-damage|p1a: Meowscarada|0 fnt\n|-unboost|p2a: Great Tusk|def|1\n|-unboost|p2a: Great Tusk|spd|1\n|faint|p1a: Meowscarada\n|\n|-weather|SunnyDay|[upkeep]\n|upkeep\n|c|\u2606mops2002|yeah apparently\n|c|\u2606mops2002|made some fucking stupid mistakes\n|\n|t:|1700928434\n|switch|p1a: Rotom|Rotom-Mow|57\/100\n|-damage|p1a: Rotom|44\/100|[from] Stealth Rock\n|turn|15\n|c|\u2606mops2002|gg\n|\n|t:|1700928439\n|move|p2a: Great Tusk|Ice Spinner|p1a: Rotom\n|-supereffective|p1a: Rotom\n|-damage|p1a: Rotom|0 fnt\n|faint|p1a: Rotom\n|\n|-weather|SunnyDay|[upkeep]\n|upkeep\n|\n|t:|1700928444\n|switch|p1a: Toedscruel|Toedscruel, F|100\/100\n|turn|16\n|c|\u2606eris52|Sineasea was the only mon who couldve made u win\n|c|\u2606eris52|But it's a niche mon\n|c|\u2606eris52|Soo\n|c|\u2606eris52|Yeah\n|\n|t:|1700928464\n|move|p2a: Great Tusk|Ice Spinner|p1a: Toedscruel\n|-supereffective|p1a: Toedscruel\n|-damage|p1a: Toedscruel|0 fnt\n|faint|p1a: Toedscruel\n|\n|win|eris52\n|c|\u2606eris52|gg\n|l| john681\n|c|\u2606mops2002|yeah, should have played around the drowzy\n","uploadtime":1700928494,"views":1,"p1id":"mops2002","p2id":"eris52","formatid":"gen9nationaldex","rating":0,"private":0,"password":""}