{"id":"gen9nationaldex-1994753693","p1":"TheSunKing1","p2":"Yuanshen61\u6211\u8981\u73a9\u539f\u795e","format":"[Gen 9] National Dex","log":"|html|<div class=\"broadcast-blue\"><strong>[Gen 9] National Dex is currently suspecting Sneasler! For information on how to participate check out the <a href=\"https:\/\/www.smogon.com\/forums\/threads\/sv-national-dex-suspect-8-just-dance.3731534\/\">suspect thread<\/a>.<\/strong><\/div>\n|j|\u2606TheSunKing1\n|j|\u2606Yuanshen61\u6211\u8981\u73a9\u539f\u795e\n|t:|1700489329\n|gametype|singles\n|player|p1|TheSunKing1|morty-masters2|1643\n|player|p2|Yuanshen61\u6211\u8981\u73a9\u539f\u795e|dawn-contest|1549\n|teamsize|p1|6\n|teamsize|p2|6\n|gen|9\n|tier|[Gen 9] National Dex\n|rated|\n|rule|HP Percentage Mod: HP is shown in percentages\n|rule|Endless Battle Clause: Forcing endless battles is banned\n|rule|OHKO Clause: OHKO moves are banned\n|rule|Evasion Clause: Evasion abilities, items, and moves are banned\n|rule|Evasion Abilities Clause: Evasion abilities are banned\n|rule|Evasion Items Clause: Evasion items are banned\n|rule|Evasion Moves Clause: Evasion moves are banned\n|rule|Species Clause: Limit one of each Pok\u00e9mon\n|rule|Sleep Clause Mod: Limit one foe put to sleep\n|clearpoke\n|poke|p1|Torkoal, F|\n|poke|p1|Leafeon, M|\n|poke|p1|Landorus-Therian, M|\n|poke|p1|Heatran, M|\n|poke|p1|Scizor, F|\n|poke|p1|Houndoom, M|\n|poke|p2|Garchomp, M|\n|poke|p2|Rillaboom, M|\n|poke|p2|Sneasler, F|\n|poke|p2|Scizor, M|\n|poke|p2|Moltres|\n|poke|p2|Iron Valiant|\n|teampreview\n|inactive|Battle timer is ON: inactive players will automatically lose when time's up. (requested by Yuanshen61\u6211\u8981\u73a9\u539f\u795e)\n|inactive|TheSunKing1 has 120 seconds left.\n|\n|t:|1700489361\n|start\n|switch|p1a: Torkoal|Torkoal, F|100\/100\n|switch|p2a: \u949f\u79bb|Garchomp, M|100\/100\n|-weather|SunnyDay|[from] ability: Drought|[of] p1a: Torkoal\n|turn|1\n|\n|t:|1700489376\n|move|p2a: \u949f\u79bb|Swords Dance|p2a: \u949f\u79bb\n|-boost|p2a: \u949f\u79bb|atk|2\n|move|p1a: Torkoal|Toxic|p2a: \u949f\u79bb\n|-status|p2a: \u949f\u79bb|tox\n|\n|-weather|SunnyDay|[upkeep]\n|-damage|p2a: \u949f\u79bb|94\/100 tox|[from] psn\n|upkeep\n|turn|2\n|\n|t:|1700489383\n|switch|p1a: Landorus|Landorus-Therian, M|100\/100\n|-ability|p1a: Landorus|Intimidate|boost\n|-unboost|p2a: \u949f\u79bb|atk|1\n|move|p2a: \u949f\u79bb|Stealth Rock|p1a: Landorus\n|-sidestart|p1: TheSunKing1|move: Stealth Rock\n|\n|-weather|SunnyDay|[upkeep]\n|-damage|p2a: \u949f\u79bb|82\/100 tox|[from] psn\n|upkeep\n|turn|3\n|\n|t:|1700489391\n|-zpower|p2a: \u949f\u79bb\n|move|p2a: \u949f\u79bb|Devastating Drake|p1a: Landorus|[zeffect]\n|-damage|p1a: Landorus|0 fnt\n|faint|p1a: Landorus\n|\n|-weather|SunnyDay|[upkeep]\n|-damage|p2a: \u949f\u79bb|64\/100 tox|[from] psn\n|upkeep\n|\n|t:|1700489398\n|switch|p1a: Houndoom|Houndoom, M|100\/100\n|-damage|p1a: Houndoom|76\/100|[from] Stealth Rock\n|turn|4\n|\n|t:|1700489413\n|detailschange|p1a: Houndoom|Houndoom-Mega, M\n|-mega|p1a: Houndoom|Houndoom|Houndoominite\n|move|p1a: Houndoom|Dark Pulse|p2a: \u949f\u79bb\n|-damage|p2a: \u949f\u79bb|0 fnt\n|faint|p2a: \u949f\u79bb\n|\n|-weather|SunnyDay|[upkeep]\n|-damage|p1a: Houndoom|63\/100|[from] ability: Solar Power|[of] p1a: Houndoom\n|upkeep\n|\n|t:|1700489417\n|switch|p2a: \u4e39\u6052\u00b7\u996e\u6708|Iron Valiant|100\/100\n|-enditem|p2a: \u4e39\u6052\u00b7\u996e\u6708|Booster Energy\n|-activate|p2a: \u4e39\u6052\u00b7\u996e\u6708|ability: Quark Drive|[fromitem]\n|-start|p2a: \u4e39\u6052\u00b7\u996e\u6708|quarkdrivespe\n|turn|5\n|\n|t:|1700489422\n|switch|p1a: Scizor|Scizor, F|100\/100\n|move|p2a: \u4e39\u6052\u00b7\u996e\u6708|Aura Sphere|p1a: Scizor\n|-damage|p1a: Scizor|66\/100\n|\n|-weather|SunnyDay|[upkeep]\n|upkeep\n|turn|6\n|\n|t:|1700489431\n|-terastallize|p2a: \u4e39\u6052\u00b7\u996e\u6708|Electric\n|move|p2a: \u4e39\u6052\u00b7\u996e\u6708|Calm Mind|p2a: \u4e39\u6052\u00b7\u996e\u6708\n|-boost|p2a: \u4e39\u6052\u00b7\u996e\u6708|spa|1\n|-boost|p2a: \u4e39\u6052\u00b7\u996e\u6708|spd|1\n|move|p1a: Scizor|Roost|p1a: Scizor\n|-heal|p1a: Scizor|100\/100\n|-singleturn|p1a: Scizor|move: Roost\n|\n|-weather|SunnyDay|[upkeep]\n|upkeep\n|turn|7\n|\n|t:|1700489441\n|move|p2a: \u4e39\u6052\u00b7\u996e\u6708|Thunderbolt|p1a: Scizor\n|-damage|p1a: Scizor|39\/100\n|move|p1a: Scizor|U-turn|p2a: \u4e39\u6052\u00b7\u996e\u6708\n|-damage|p2a: \u4e39\u6052\u00b7\u996e\u6708|60\/100\n|\n|t:|1700489444\n|switch|p1a: Leafeon|Leafeon, M|100\/100|[from] U-turn\n|-damage|p1a: Leafeon|88\/100|[from] Stealth Rock\n|\n|-weather|SunnyDay|[upkeep]\n|upkeep\n|turn|8\n|\n|t:|1700489451\n|-end|p2a: \u4e39\u6052\u00b7\u996e\u6708|Quark Drive|[silent]\n|switch|p2a: \u706b\u6f02\u6d6e\u7075|Moltres|100\/100\n|-terastallize|p1a: Leafeon|Fire\n|move|p1a: Leafeon|Tera Blast|p2a: \u706b\u6f02\u6d6e\u7075|[anim] Tera Blast Fire\n|-resisted|p2a: \u706b\u6f02\u6d6e\u7075\n|-damage|p2a: \u706b\u6f02\u6d6e\u7075|73\/100\n|-damage|p1a: Leafeon|78\/100|[from] item: Life Orb\n|\n|-weather|none\n|upkeep\n|turn|9\n|\n|t:|1700489456\n|switch|p1a: Heatran|Heatran, M|100\/100\n|-damage|p1a: Heatran|88\/100|[from] Stealth Rock\n|-item|p1a: Heatran|Air Balloon\n|move|p2a: \u706b\u6f02\u6d6e\u7075|U-turn|p1a: Heatran\n|-resisted|p1a: Heatran\n|-damage|p1a: Heatran|84\/100\n|-enditem|p1a: Heatran|Air Balloon\n|\n|t:|1700489464\n|switch|p2a: \u4e30\u9976\u7075\u517d\u00b7\u957f\u53f3|Rillaboom, M|100\/100|[from] U-turn\n|-fieldstart|move: Grassy Terrain|[from] ability: Grassy Surge|[of] p2a: \u4e30\u9976\u7075\u517d\u00b7\u957f\u53f3\n|\n|-heal|p1a: Heatran|91\/100|[from] Grassy Terrain\n|upkeep\n|turn|10\n|\n|t:|1700489493\n|move|p2a: \u4e30\u9976\u7075\u517d\u00b7\u957f\u53f3|U-turn|p1a: Heatran\n|-resisted|p1a: Heatran\n|-damage|p1a: Heatran|82\/100\n|\n|t:|1700489495\n|switch|p2a: \u706b\u6f02\u6d6e\u7075|Moltres|73\/100|[from] U-turn\n|move|p1a: Heatran|Magma Storm|p2a: \u706b\u6f02\u6d6e\u7075\n|-resisted|p2a: \u706b\u6f02\u6d6e\u7075\n|-crit|p2a: \u706b\u6f02\u6d6e\u7075\n|-damage|p2a: \u706b\u6f02\u6d6e\u7075|38\/100\n|-activate|p2a: \u706b\u6f02\u6d6e\u7075|move: Magma Storm|[of] p1a: Heatran\n|\n|-heal|p1a: Heatran|88\/100|[from] Grassy Terrain\n|-damage|p2a: \u706b\u6f02\u6d6e\u7075|25\/100|[from] move: Magma Storm|[partiallytrapped]\n|upkeep\n|turn|11\n|\n|t:|1700489514\n|move|p1a: Heatran|Stealth Rock|p2a: \u706b\u6f02\u6d6e\u7075\n|-sidestart|p2: Yuanshen61\u6211\u8981\u73a9\u539f\u795e|move: Stealth Rock\n|move|p2a: \u706b\u6f02\u6d6e\u7075|U-turn|p1a: Heatran\n|-resisted|p1a: Heatran\n|-damage|p1a: Heatran|85\/100\n|\n|t:|1700489517\n|switch|p2a: \u5e0c\u513f\u00b7\u6ca1\u6709\u59d3|Sneasler, F|100\/100|[from] U-turn\n|-damage|p2a: \u5e0c\u513f\u00b7\u6ca1\u6709\u59d3|94\/100|[from] Stealth Rock\n|-enditem|p2a: \u5e0c\u513f\u00b7\u6ca1\u6709\u59d3|Grassy Seed\n|-boost|p2a: \u5e0c\u513f\u00b7\u6ca1\u6709\u59d3|def|1|[from] item: Grassy Seed\n|\n|-heal|p2a: \u5e0c\u513f\u00b7\u6ca1\u6709\u59d3|100\/100|[from] Grassy Terrain\n|-heal|p1a: Heatran|91\/100|[from] Grassy Terrain\n|upkeep\n|turn|12\n|\n|t:|1700489530\n|move|p2a: \u5e0c\u513f\u00b7\u6ca1\u6709\u59d3|Close Combat|p1a: Heatran\n|-supereffective|p1a: Heatran\n|-damage|p1a: Heatran|0 fnt\n|-unboost|p2a: \u5e0c\u513f\u00b7\u6ca1\u6709\u59d3|def|1\n|-unboost|p2a: \u5e0c\u513f\u00b7\u6ca1\u6709\u59d3|spd|1\n|faint|p1a: Heatran\n|\n|upkeep\n|\n|t:|1700489535\n|switch|p1a: Torkoal|Torkoal, F|100\/100\n|-damage|p1a: Torkoal|76\/100|[from] Stealth Rock\n|-weather|SunnyDay|[from] ability: Drought|[of] p1a: Torkoal\n|turn|13\n|\n|t:|1700489540\n|move|p2a: \u5e0c\u513f\u00b7\u6ca1\u6709\u59d3|Swords Dance|p2a: \u5e0c\u513f\u00b7\u6ca1\u6709\u59d3\n|-boost|p2a: \u5e0c\u513f\u00b7\u6ca1\u6709\u59d3|atk|2\n|move|p1a: Torkoal|Overheat|p2a: \u5e0c\u513f\u00b7\u6ca1\u6709\u59d3\n|-damage|p2a: \u5e0c\u513f\u00b7\u6ca1\u6709\u59d3|0 fnt\n|-unboost|p1a: Torkoal|spa|2\n|faint|p2a: \u5e0c\u513f\u00b7\u6ca1\u6709\u59d3\n|\n|-weather|SunnyDay|[upkeep]\n|-heal|p1a: Torkoal|82\/100|[from] Grassy Terrain\n|-fieldend|move: Grassy Terrain\n|upkeep\n|\n|t:|1700489546\n|switch|p2a: \u4e39\u6052\u00b7\u996e\u6708|Iron Valiant, tera:Electric|60\/100\n|-damage|p2a: \u4e39\u6052\u00b7\u996e\u6708|48\/100|[from] Stealth Rock\n|turn|14\n|\n|t:|1700489560\n|move|p2a: \u4e39\u6052\u00b7\u996e\u6708|Thunderbolt|p1a: Torkoal\n|-damage|p1a: Torkoal|39\/100\n|-status|p1a: Torkoal|par\n|move|p1a: Torkoal|Rapid Spin|p2a: \u4e39\u6052\u00b7\u996e\u6708\n|-damage|p2a: \u4e39\u6052\u00b7\u996e\u6708|36\/100\n|-boost|p1a: Torkoal|spe|1\n|-sideend|p1: TheSunKing1|Stealth Rock|[from] move: Rapid Spin|[of] p1a: Torkoal\n|\n|-weather|SunnyDay|[upkeep]\n|upkeep\n|turn|15\n|\n|t:|1700489567\n|switch|p1a: Scizor|Scizor, F|39\/100\n|move|p2a: \u4e39\u6052\u00b7\u996e\u6708|Calm Mind|p2a: \u4e39\u6052\u00b7\u996e\u6708\n|-boost|p2a: \u4e39\u6052\u00b7\u996e\u6708|spa|1\n|-boost|p2a: \u4e39\u6052\u00b7\u996e\u6708|spd|1\n|\n|-weather|SunnyDay|[upkeep]\n|upkeep\n|turn|16\n|\n|t:|1700489577\n|move|p2a: \u4e39\u6052\u00b7\u996e\u6708|Thunderbolt|p1a: Scizor\n|-damage|p1a: Scizor|0 fnt\n|faint|p1a: Scizor\n|\n|-weather|SunnyDay|[upkeep]\n|upkeep\n|\n|t:|1700489578\n|switch|p1a: Leafeon|Leafeon, M, tera:Fire|78\/100\n|turn|17\n|\n|t:|1700489594\n|-end|p2a: \u4e39\u6052\u00b7\u996e\u6708|Quark Drive|[silent]\n|switch|p2a: \u706b\u6f02\u6d6e\u7075|Moltres|25\/100\n|move|p1a: Leafeon|Tera Blast|p2a: \u706b\u6f02\u6d6e\u7075|[anim] Tera Blast Fire\n|-resisted|p2a: \u706b\u6f02\u6d6e\u7075\n|-damage|p2a: \u706b\u6f02\u6d6e\u7075|0 fnt\n|faint|p2a: \u706b\u6f02\u6d6e\u7075\n|-damage|p1a: Leafeon|68\/100|[from] item: Life Orb\n|\n|-weather|SunnyDay|[upkeep]\n|upkeep\n|inactive|Yuanshen61\u6211\u8981\u73a9\u539f\u795e has 120 seconds left.\n|l|\u2606Yuanshen61\u6211\u8981\u73a9\u539f\u795e\n|inactive|Yuanshen61\u6211\u8981\u73a9\u539f\u795e disconnected and has a minute to reconnect!\n|player|p2|\n|j|\u2606Yuanshen61\u6211\u8981\u73a9\u539f\u795e\n|inactive|Yuanshen61\u6211\u8981\u73a9\u539f\u795e reconnected and has 105 seconds left.\n|player|p2|Yuanshen61\u6211\u8981\u73a9\u539f\u795e|dawn-contest\n|\n|t:|1700489638\n|switch|p2a: \u5854\u4f0a\u5179\u80b2\u7f57\u65af|Scizor, M|100\/100\n|-damage|p2a: \u5854\u4f0a\u5179\u80b2\u7f57\u65af|88\/100|[from] Stealth Rock\n|turn|18\n|\n|t:|1700489642\n|detailschange|p2a: \u5854\u4f0a\u5179\u80b2\u7f57\u65af|Scizor-Mega, M\n|-mega|p2a: \u5854\u4f0a\u5179\u80b2\u7f57\u65af|Scizor|Scizorite\n|move|p2a: \u5854\u4f0a\u5179\u80b2\u7f57\u65af|Bullet Punch|p1a: Leafeon\n|-resisted|p1a: Leafeon\n|-damage|p1a: Leafeon|52\/100\n|move|p1a: Leafeon|Tera Blast|p2a: \u5854\u4f0a\u5179\u80b2\u7f57\u65af|[anim] Tera Blast Fire\n|-supereffective|p2a: \u5854\u4f0a\u5179\u80b2\u7f57\u65af\n|-damage|p2a: \u5854\u4f0a\u5179\u80b2\u7f57\u65af|0 fnt\n|faint|p2a: \u5854\u4f0a\u5179\u80b2\u7f57\u65af\n|-damage|p1a: Leafeon|42\/100|[from] item: Life Orb\n|\n|-weather|SunnyDay|[upkeep]\n|upkeep\n|\n|t:|1700489648\n|switch|p2a: \u4e30\u9976\u7075\u517d\u00b7\u957f\u53f3|Rillaboom, M|100\/100\n|-damage|p2a: \u4e30\u9976\u7075\u517d\u00b7\u957f\u53f3|88\/100|[from] Stealth Rock\n|-fieldstart|move: Grassy Terrain|[from] ability: Grassy Surge|[of] p2a: \u4e30\u9976\u7075\u517d\u00b7\u957f\u53f3\n|turn|19\n|\n|t:|1700489649\n|move|p2a: \u4e30\u9976\u7075\u517d\u00b7\u957f\u53f3|Grassy Glide|p1a: Leafeon\n|-resisted|p1a: Leafeon\n|-damage|p1a: Leafeon|15\/100\n|move|p1a: Leafeon|Tera Blast|p2a: \u4e30\u9976\u7075\u517d\u00b7\u957f\u53f3|[anim] Tera Blast Fire\n|-supereffective|p2a: \u4e30\u9976\u7075\u517d\u00b7\u957f\u53f3\n|-damage|p2a: \u4e30\u9976\u7075\u517d\u00b7\u957f\u53f3|0 fnt\n|faint|p2a: \u4e30\u9976\u7075\u517d\u00b7\u957f\u53f3\n|-damage|p1a: Leafeon|5\/100|[from] item: Life Orb\n|\n|-weather|SunnyDay|[upkeep]\n|-heal|p1a: Leafeon|10\/100|[from] Grassy Terrain\n|upkeep\n|\n|t:|1700489655\n|switch|p2a: \u4e39\u6052\u00b7\u996e\u6708|Iron Valiant, tera:Electric|36\/100\n|-damage|p2a: \u4e39\u6052\u00b7\u996e\u6708|24\/100|[from] Stealth Rock\n|turn|20\n|\n|t:|1700489658\n|move|p1a: Leafeon|Solar Blade||[still]\n|-prepare|p1a: Leafeon|Solar Blade\n|-anim|p1a: Leafeon|Solar Blade|p2a: \u4e39\u6052\u00b7\u996e\u6708\n|-damage|p2a: \u4e39\u6052\u00b7\u996e\u6708|0 fnt\n|faint|p2a: \u4e39\u6052\u00b7\u996e\u6708\n|-end|p2a: \u4e39\u6052\u00b7\u996e\u6708|Quark Drive|[silent]\n|-damage|p1a: Leafeon|0 fnt|[from] item: Life Orb\n|faint|p1a: Leafeon\n|\n|win|TheSunKing1\n|raw|TheSunKing1's rating: 1643 &rarr; <strong>1658<\/strong><br \/>(+15 for winning)\n|raw|Yuanshen61\u6211\u8981\u73a9\u539f\u795e's rating: 1549 &rarr; <strong>1534<\/strong><br \/>(-15 for losing)\n|l|\u2606Yuanshen61\u6211\u8981\u73a9\u539f\u795e\n","uploadtime":1700489679,"views":12,"p1id":"thesunking1","p2id":"yuanshen61","formatid":"gen9nationaldex","rating":1534,"private":0,"password":""}