{"id":"gen9nationaldex-1990428590","p1":"DrippyDragapult","p2":"grass knot zygarde","format":"[Gen 9] National Dex","log":"|j|\u2606DrippyDragapult\n|j|\u2606grass knot zygarde\n|t:|1699970016\n|gametype|singles\n|player|p1|DrippyDragapult|266|\n|player|p2|grass knot zygarde|dawn|\n|teamsize|p1|6\n|teamsize|p2|6\n|gen|9\n|tier|[Gen 9] National Dex\n|rule|HP Percentage Mod: HP is shown in percentages\n|rule|Endless Battle Clause: Forcing endless battles is banned\n|rule|OHKO Clause: OHKO moves are banned\n|rule|Evasion Clause: Evasion abilities, items, and moves are banned\n|rule|Evasion Abilities Clause: Evasion abilities are banned\n|rule|Evasion Items Clause: Evasion items are banned\n|rule|Evasion Moves Clause: Evasion moves are banned\n|rule|Species Clause: Limit one of each Pok\u00e9mon\n|rule|Sleep Clause Mod: Limit one foe put to sleep\n|clearpoke\n|poke|p1|Gyarados, M|\n|poke|p1|Clodsire, M|\n|poke|p1|Kyurem|\n|poke|p1|Magnezone|\n|poke|p1|Skeledirge, F|\n|poke|p1|Tornadus-Therian, M|\n|poke|p2|Latios, M|\n|poke|p2|Buzzwole|\n|poke|p2|Gliscor, F|\n|poke|p2|Weavile, M|\n|poke|p2|Heatran, F|\n|poke|p2|Ogerpon-Wellspring, F|\n|teampreview\n|inactive|Battle timer is ON: inactive players will automatically lose when time's up. (requested by grass knot zygarde)\n|\n|t:|1699970038\n|start\n|switch|p1a: Tornadus|Tornadus-Therian, M|100\/100\n|switch|p2a: Piss Cup Haircut|Weavile, M|100\/100\n|-ability|p2a: Piss Cup Haircut|Pressure\n|turn|1\n|\n|t:|1699970048\n|switch|p1a: Magnezone|Magnezone|100\/100\n|move|p2a: Piss Cup Haircut|Triple Axel|p1a: Magnezone\n|-resisted|p1a: Magnezone\n|-damage|p1a: Magnezone|94\/100\n|-resisted|p1a: Magnezone\n|-crit|p1a: Magnezone\n|-damage|p1a: Magnezone|75\/100\n|-resisted|p1a: Magnezone\n|-damage|p1a: Magnezone|55\/100\n|-hitcount|p1a: Magnezone|3\n|\n|-heal|p1a: Magnezone|61\/100|[from] item: Leftovers\n|upkeep\n|turn|2\n|\n|t:|1699970064\n|switch|p2a: i|Gliscor, F, shiny|100\/100\n|switch|p1a: Kyurem|Kyurem|100\/100\n|-ability|p1a: Kyurem|Pressure\n|\n|-status|p2a: i|tox|[from] item: Toxic Orb\n|upkeep\n|turn|3\n|\n|t:|1699970081\n|-terastallize|p2a: i|Fairy\n|move|p2a: i|Toxic|p1a: Kyurem\n|-status|p1a: Kyurem|tox\n|move|p1a: Kyurem|Substitute|p1a: Kyurem\n|-start|p1a: Kyurem|Substitute\n|-damage|p1a: Kyurem|76\/100 tox\n|\n|-heal|p1a: Kyurem|82\/100 tox|[from] item: Leftovers\n|-damage|p1a: Kyurem|76\/100 tox|[from] psn\n|upkeep\n|turn|4\n|c|\u2606grass knot zygarde|how SLOW is ur kyurem\n|\n|t:|1699970104\n|switch|p1a: Magnezone|Magnezone|61\/100\n|move|p2a: i|Earthquake|p1a: Magnezone\n|-supereffective|p1a: Magnezone\n|-damage|p1a: Magnezone|0 fnt\n|faint|p1a: Magnezone\n|\n|upkeep\n|c|\u2606DrippyDragapult|why are u running speed on ur gliscor is the question\n|\n|t:|1699970120\n|switch|p1a: Gyarados|Gyarados, M|100\/100\n|-ability|p1a: Gyarados|Intimidate|boost\n|-unboost|p2a: i|atk|1\n|turn|5\n|\n|t:|1699970128\n|move|p1a: Gyarados|Substitute|p1a: Gyarados\n|-start|p1a: Gyarados|Substitute\n|-damage|p1a: Gyarados|76\/100\n|move|p2a: i|Toxic||[still]\n|-fail|p2a: i\n|\n|upkeep\n|turn|6\n|\n|t:|1699970137\n|switch|p2a: nitro cell device|Buzzwole|100\/100\n|move|p1a: Gyarados|Dragon Dance|p1a: Gyarados\n|-boost|p1a: Gyarados|atk|1\n|-boost|p1a: Gyarados|spe|1\n|\n|upkeep\n|turn|7\n|\n|t:|1699970140\n|move|p1a: Gyarados|Crunch|p2a: nitro cell device\n|-resisted|p2a: nitro cell device\n|-damage|p2a: nitro cell device|90\/100\n|move|p2a: nitro cell device|Ice Punch|p1a: Gyarados\n|-end|p1a: Gyarados|Substitute\n|\n|upkeep\n|turn|8\n|\n|t:|1699970147\n|switch|p1a: Skeledirge|Skeledirge, F|100\/100\n|move|p2a: nitro cell device|Bulk Up|p2a: nitro cell device\n|-boost|p2a: nitro cell device|atk|1\n|-boost|p2a: nitro cell device|def|1\n|\n|upkeep\n|turn|9\n|c|\u2606grass knot zygarde|speed just good man\n|\n|t:|1699970162\n|switch|p2a: u|Heatran, F|100\/100\n|move|p1a: Skeledirge|Substitute|p1a: Skeledirge\n|-start|p1a: Skeledirge|Substitute\n|-damage|p1a: Skeledirge|76\/100\n|\n|upkeep\n|turn|10\n|\n|t:|1699970169\n|move|p2a: u|Taunt|p1a: Skeledirge\n|-start|p1a: Skeledirge|move: Taunt\n|move|p1a: Skeledirge|Shadow Ball|p2a: u\n|-crit|p2a: u\n|-damage|p2a: u|71\/100\n|\n|-heal|p2a: u|77\/100|[from] item: Leftovers\n|upkeep\n|turn|11\n|c|\u2606grass knot zygarde|this dude deadass has a full substitute team\n|\n|t:|1699970182\n|move|p2a: u|Stealth Rock|p1a: Skeledirge\n|-sidestart|p1: DrippyDragapult|move: Stealth Rock\n|move|p1a: Skeledirge|Shadow Ball|p2a: u\n|-damage|p2a: u|59\/100\n|\n|-heal|p2a: u|65\/100|[from] item: Leftovers\n|upkeep\n|turn|12\n|\n|t:|1699970187\n|move|p2a: u|Earth Power|p1a: Skeledirge\n|-supereffective|p1a: Skeledirge\n|-end|p1a: Skeledirge|Substitute\n|move|p1a: Skeledirge|Shadow Ball|p2a: u\n|-damage|p2a: u|45\/100\n|\n|-heal|p2a: u|51\/100|[from] item: Leftovers\n|-end|p1a: Skeledirge|move: Taunt\n|upkeep\n|turn|13\n|\n|t:|1699970197\n|move|p2a: u|Earth Power|p1a: Skeledirge\n|-supereffective|p1a: Skeledirge\n|-damage|p1a: Skeledirge|22\/100\n|move|p1a: Skeledirge|Shadow Ball|p2a: u\n|-damage|p2a: u|30\/100\n|\n|-heal|p2a: u|37\/100|[from] item: Leftovers\n|upkeep\n|turn|14\n|\n|t:|1699970202\n|switch|p1a: Tornadus|Tornadus-Therian, M|100\/100\n|move|p2a: u|Earth Power|p1a: Tornadus\n|-immune|p1a: Tornadus\n|\n|-heal|p2a: u|43\/100|[from] item: Leftovers\n|upkeep\n|turn|15\n|\n|t:|1699970212\n|move|p1a: Tornadus|Knock Off|p2a: u\n|-damage|p2a: u|26\/100\n|-enditem|p2a: u|Leftovers|[from] move: Knock Off|[of] p1a: Tornadus\n|move|p2a: u|Magma Storm|p1a: Tornadus\n|-damage|p1a: Tornadus|53\/100\n|-activate|p1a: Tornadus|move: Magma Storm|[of] p2a: u\n|\n|-damage|p1a: Tornadus|41\/100|[from] move: Magma Storm|[partiallytrapped]\n|upkeep\n|turn|16\n|\n|t:|1699970219\n|move|p1a: Tornadus|U-turn|p2a: u\n|-resisted|p2a: u\n|-damage|p2a: u|23\/100\n|\n|t:|1699970225\n|switch|p1a: Clodsire|Clodsire, M|100\/100|[from] U-turn\n|-damage|p1a: Clodsire|94\/100|[from] Stealth Rock\n|move|p2a: u|Magma Storm|p1a: Clodsire|[miss]\n|-miss|p2a: u|p1a: Clodsire\n|\n|-heal|p1a: Clodsire|100\/100|[from] item: Black Sludge\n|upkeep\n|turn|17\n|\n|t:|1699970233\n|move|p2a: u|Magma Storm|p1a: Clodsire\n|-damage|p1a: Clodsire|78\/100\n|-activate|p1a: Clodsire|move: Magma Storm|[of] p2a: u\n|move|p1a: Clodsire|Earthquake|p2a: u\n|-supereffective|p2a: u\n|-damage|p2a: u|0 fnt\n|faint|p2a: u\n|\n|-heal|p1a: Clodsire|84\/100|[from] item: Black Sludge\n|-end|p1a: Clodsire|Magma Storm|[partiallytrapped]|[silent]\n|upkeep\n|\n|t:|1699970237\n|switch|p2a: Piss Cup Haircut|Weavile, M|100\/100\n|-ability|p2a: Piss Cup Haircut|Pressure\n|turn|18\n|\n|t:|1699970244\n|move|p2a: Piss Cup Haircut|Knock Off|p1a: Clodsire\n|-damage|p1a: Clodsire|3\/100\n|-enditem|p1a: Clodsire|Black Sludge|[from] move: Knock Off|[of] p2a: Piss Cup Haircut\n|move|p1a: Clodsire|Toxic|p2a: Piss Cup Haircut\n|-status|p2a: Piss Cup Haircut|tox\n|\n|-damage|p2a: Piss Cup Haircut|94\/100 tox|[from] psn\n|upkeep\n|turn|19\n|\n|t:|1699970248\n|move|p2a: Piss Cup Haircut|Knock Off|p1a: Clodsire\n|-damage|p1a: Clodsire|0 fnt\n|faint|p1a: Clodsire\n|\n|-damage|p2a: Piss Cup Haircut|82\/100 tox|[from] psn\n|upkeep\n|\n|t:|1699970254\n|switch|p1a: Tornadus|Tornadus-Therian, M|74\/100\n|turn|20\n|\n|t:|1699970264\n|switch|p2a: ECHOES|Latios, M|100\/100\n|-terastallize|p1a: Tornadus|Steel\n|move|p1a: Tornadus|U-turn|p2a: ECHOES\n|-supereffective|p2a: ECHOES\n|-damage|p2a: ECHOES|58\/100\n|\n|t:|1699970269\n|switch|p1a: Skeledirge|Skeledirge, F|22\/100|[from] U-turn\n|\n|upkeep\n|turn|21\n|\n|t:|1699970276\n|detailschange|p2a: ECHOES|Latios-Mega, M\n|-mega|p2a: ECHOES|Latios|Latiosite\n|move|p2a: ECHOES|Psychic|p1a: Skeledirge\n|-damage|p1a: Skeledirge|0 fnt\n|faint|p1a: Skeledirge\n|\n|upkeep\n|\n|t:|1699970279\n|switch|p1a: Tornadus|Tornadus-Therian, M, tera:Steel|100\/100\n|turn|22\n|\n|t:|1699970289\n|move|p1a: Tornadus|Knock Off|p2a: ECHOES\n|-supereffective|p2a: ECHOES\n|-damage|p2a: ECHOES|25\/100\n|move|p2a: ECHOES|Roost|p2a: ECHOES\n|-heal|p2a: ECHOES|75\/100\n|-singleturn|p2a: ECHOES|move: Roost\n|\n|upkeep\n|turn|23\n|\n|t:|1699970294\n|move|p1a: Tornadus|Knock Off|p2a: ECHOES\n|-supereffective|p2a: ECHOES\n|-damage|p2a: ECHOES|45\/100\n|move|p2a: ECHOES|Aura Sphere|p1a: Tornadus\n|-supereffective|p1a: Tornadus\n|-damage|p1a: Tornadus|34\/100\n|\n|upkeep\n|turn|24\n|\n|t:|1699970297\n|move|p1a: Tornadus|Knock Off|p2a: ECHOES\n|-supereffective|p2a: ECHOES\n|-damage|p2a: ECHOES|14\/100\n|move|p2a: ECHOES|Roost|p2a: ECHOES\n|-heal|p2a: ECHOES|65\/100\n|-singleturn|p2a: ECHOES|move: Roost\n|\n|upkeep\n|turn|25\n|\n|t:|1699970300\n|move|p1a: Tornadus|U-turn|p2a: ECHOES\n|-supereffective|p2a: ECHOES\n|-damage|p2a: ECHOES|29\/100\n|\n|t:|1699970304\n|switch|p1a: Kyurem|Kyurem|76\/100 tox|[from] U-turn\n|-damage|p1a: Kyurem|51\/100 tox|[from] Stealth Rock\n|-ability|p1a: Kyurem|Pressure\n|move|p2a: ECHOES|Aura Sphere|p1a: Kyurem\n|-supereffective|p1a: Kyurem\n|-damage|p1a: Kyurem|0 fnt\n|faint|p1a: Kyurem\n|\n|upkeep\n|\n|t:|1699970305\n|switch|p1a: Tornadus|Tornadus-Therian, M, tera:Steel|67\/100\n|turn|26\n|\n|t:|1699970327\n|switch|p2a: i|Gliscor, F, shiny, tera:Fairy|100\/100 tox\n|move|p1a: Tornadus|Knock Off|p2a: i\n|-resisted|p2a: i\n|-damage|p2a: i|93\/100 tox\n|-enditem|p2a: i|Toxic Orb|[from] move: Knock Off|[of] p1a: Tornadus\n|\n|-heal|p2a: i|100\/100 tox|[from] ability: Poison Heal\n|upkeep\n|turn|27\n|\n|t:|1699970330\n|move|p1a: Tornadus|Defog|p2a: i\n|-unboost|p2a: i|evasion|1\n|-sideend|p1: DrippyDragapult|Stealth Rock|[from] move: Defog|[of] p1a: Tornadus\n|move|p2a: i|Toxic|p1a: Tornadus\n|-immune|p1a: Tornadus\n|\n|upkeep\n|turn|28\n|\n|t:|1699970335\n|move|p1a: Tornadus|Bleakwind Storm|p2a: i\n|-damage|p2a: i|69\/100 tox\n|move|p2a: i|Toxic|p1a: Tornadus\n|-immune|p1a: Tornadus\n|\n|-heal|p2a: i|82\/100 tox|[from] ability: Poison Heal\n|upkeep\n|turn|29\n|\n|t:|1699970340\n|move|p1a: Tornadus|Bleakwind Storm|p2a: i\n|-damage|p2a: i|48\/100 tox\n|move|p2a: i|Toxic|p1a: Tornadus\n|-immune|p1a: Tornadus\n|\n|-heal|p2a: i|61\/100 tox|[from] ability: Poison Heal\n|upkeep\n|turn|30\n|\n|t:|1699970343\n|move|p1a: Tornadus|Bleakwind Storm|p2a: i\n|-damage|p2a: i|28\/100 tox\n|move|p2a: i|Toxic|p1a: Tornadus\n|-immune|p1a: Tornadus\n|\n|-heal|p2a: i|40\/100 tox|[from] ability: Poison Heal\n|upkeep\n|turn|31\n|\n|t:|1699970346\n|move|p1a: Tornadus|Bleakwind Storm|p2a: i\n|-damage|p2a: i|11\/100 tox\n|move|p2a: i|Roost|p2a: i\n|-heal|p2a: i|61\/100 tox\n|\n|-heal|p2a: i|74\/100 tox|[from] ability: Poison Heal\n|upkeep\n|turn|32\n|\n|t:|1699970350\n|move|p1a: Tornadus|Bleakwind Storm|p2a: i\n|-damage|p2a: i|41\/100 tox\n|move|p2a: i|Earthquake|p1a: Tornadus\n|-supereffective|p1a: Tornadus\n|-damage|p1a: Tornadus|0 fnt\n|faint|p1a: Tornadus\n|\n|-heal|p2a: i|54\/100 tox|[from] ability: Poison Heal\n|upkeep\n|\n|t:|1699970352\n|switch|p1a: Gyarados|Gyarados, M|76\/100\n|-ability|p1a: Gyarados|Intimidate|boost\n|-unboost|p2a: i|atk|1\n|turn|33\n|\n|t:|1699970357\n|switch|p2a: \ua329\ua35f\ua074\ua14f\ua2ea\ua038\ua038\ua0a6\ua329\ua038\ua018\ua02d|Ogerpon-Wellspring, F|100\/100\n|move|p1a: Gyarados|Substitute|p1a: Gyarados\n|-start|p1a: Gyarados|Substitute\n|-damage|p1a: Gyarados|51\/100\n|\n|upkeep\n|turn|34\n|\n|t:|1699970362\n|move|p2a: \ua329\ua35f\ua074\ua14f\ua2ea\ua038\ua038\ua0a6\ua329\ua038\ua018\ua02d|Power Whip|p1a: Gyarados|[miss]\n|-miss|p2a: \ua329\ua35f\ua074\ua14f\ua2ea\ua038\ua038\ua0a6\ua329\ua038\ua018\ua02d|p1a: Gyarados\n|move|p1a: Gyarados|Dragon Dance|p1a: Gyarados\n|-boost|p1a: Gyarados|atk|1\n|-boost|p1a: Gyarados|spe|1\n|\n|upkeep\n|turn|35\n|\n|t:|1699970365\n|move|p1a: Gyarados|Dragon Dance|p1a: Gyarados\n|-boost|p1a: Gyarados|atk|1\n|-boost|p1a: Gyarados|spe|1\n|move|p2a: \ua329\ua35f\ua074\ua14f\ua2ea\ua038\ua038\ua0a6\ua329\ua038\ua018\ua02d|Power Whip|p1a: Gyarados\n|-end|p1a: Gyarados|Substitute\n|\n|upkeep\n|turn|36\n|\n|t:|1699970370\n|move|p1a: Gyarados|Substitute|p1a: Gyarados\n|-start|p1a: Gyarados|Substitute\n|-damage|p1a: Gyarados|26\/100\n|move|p2a: \ua329\ua35f\ua074\ua14f\ua2ea\ua038\ua038\ua0a6\ua329\ua038\ua018\ua02d|Power Whip|p1a: Gyarados\n|-end|p1a: Gyarados|Substitute\n|\n|upkeep\n|turn|37\n|\n|t:|1699970376\n|detailschange|p1a: Gyarados|Gyarados-Mega, M\n|-mega|p1a: Gyarados|Gyarados|Gyaradosite\n|-ability|p1a: Gyarados|Mold Breaker\n|move|p1a: Gyarados|Crunch|p2a: \ua329\ua35f\ua074\ua14f\ua2ea\ua038\ua038\ua0a6\ua329\ua038\ua018\ua02d\n|-damage|p2a: \ua329\ua35f\ua074\ua14f\ua2ea\ua038\ua038\ua0a6\ua329\ua038\ua018\ua02d|0 fnt\n|faint|p2a: \ua329\ua35f\ua074\ua14f\ua2ea\ua038\ua038\ua0a6\ua329\ua038\ua018\ua02d\n|\n|upkeep\n|\n|t:|1699970382\n|switch|p2a: nitro cell device|Buzzwole|90\/100\n|turn|38\n|\n|t:|1699970385\n|move|p1a: Gyarados|Crunch|p2a: nitro cell device\n|-resisted|p2a: nitro cell device\n|-damage|p2a: nitro cell device|68\/100\n|move|p2a: nitro cell device|Drain Punch|p1a: Gyarados\n|-supereffective|p1a: Gyarados\n|-damage|p1a: Gyarados|0 fnt\n|-heal|p2a: nitro cell device|78\/100|[from] drain|[of] p1a: Gyarados\n|faint|p1a: Gyarados\n|\n|win|grass knot zygarde\n|c|\u2606grass knot zygarde|gg\n","uploadtime":1699970398,"views":3,"p1id":"drippydragapult","p2id":"grassknotzygarde","formatid":"gen9nationaldex","rating":0,"private":0,"password":""}