{"id":"gen9nationaldex-1994134333","p1":"akakPUMPKIN","p2":"TheEmeraldGamerGuy","format":"[Gen 9] National Dex","log":"|j|\u2606akakPUMPKIN\n|j|\u2606TheEmeraldGamerGuy\n|t:|1700410928\n|gametype|singles\n|player|p1|akakPUMPKIN|doubleteam|1466\n|player|p2|TheEmeraldGamerGuy|colress|1499\n|teamsize|p1|6\n|teamsize|p2|6\n|gen|9\n|tier|[Gen 9] National Dex\n|rated|\n|rule|HP Percentage Mod: HP is shown in percentages\n|rule|Endless Battle Clause: Forcing endless battles is banned\n|rule|OHKO Clause: OHKO moves are banned\n|rule|Evasion Clause: Evasion abilities, items, and moves are banned\n|rule|Evasion Abilities Clause: Evasion abilities are banned\n|rule|Evasion Items Clause: Evasion items are banned\n|rule|Evasion Moves Clause: Evasion moves are banned\n|rule|Species Clause: Limit one of each Pok\u00e9mon\n|rule|Sleep Clause Mod: Limit one foe put to sleep\n|clearpoke\n|poke|p1|Hippowdon, F|\n|poke|p1|Skarmory, M|\n|poke|p1|Garganacl, M|\n|poke|p1|Lopunny, M|\n|poke|p1|Toxapex, F|\n|poke|p1|Mandibuzz, F|\n|poke|p2|Slowking-Galar, F|\n|poke|p2|Kyurem|\n|poke|p2|Tapu Lele|\n|poke|p2|Tyranitar, F|\n|poke|p2|Landorus-Therian, M|\n|poke|p2|Diancie|\n|teampreview\n|inactive|Battle timer is ON: inactive players will automatically lose when time's up. (requested by TheEmeraldGamerGuy)\n|inactive|akakPUMPKIN also wants the timer to be on.\n|inactive|akakPUMPKIN has 120 seconds left.\n|\n|t:|1700410958\n|start\n|switch|p1a: BALLHOG|Hippowdon, F|100\/100\n|switch|p2a: Diancie|Diancie|100\/100\n|-weather|Sandstorm|[from] ability: Sand Stream|[of] p1a: BALLHOG\n|turn|1\n|\n|t:|1700410964\n|detailschange|p2a: Diancie|Diancie-Mega\n|-mega|p2a: Diancie|Diancie|Diancite\n|move|p2a: Diancie|Moonblast|p1a: BALLHOG\n|-damage|p1a: BALLHOG|55\/100\n|move|p1a: BALLHOG|Earthquake|p2a: Diancie\n|-supereffective|p2a: Diancie\n|-damage|p2a: Diancie|0 fnt\n|faint|p2a: Diancie\n|\n|-weather|Sandstorm|[upkeep]\n|-heal|p1a: BALLHOG|61\/100|[from] item: Leftovers\n|upkeep\n|\n|t:|1700410968\n|switch|p2a: Kyurem|Kyurem|100\/100\n|-ability|p2a: Kyurem|Pressure\n|turn|2\n|\n|t:|1700410980\n|move|p2a: Kyurem|Substitute|p2a: Kyurem\n|-start|p2a: Kyurem|Substitute\n|-damage|p2a: Kyurem|76\/100\n|move|p1a: BALLHOG|Toxic||[still]\n|-fail|p1a: BALLHOG\n|\n|-weather|Sandstorm|[upkeep]\n|-damage|p2a: Kyurem|69\/100|[from] Sandstorm\n|-heal|p1a: BALLHOG|68\/100|[from] item: Leftovers\n|upkeep\n|turn|3\n|\n|t:|1700410989\n|switch|p1a: GROGNAR RUBBLE|Garganacl, M|100\/100\n|-terastallize|p2a: Kyurem|Ground\n|move|p2a: Kyurem|Earth Power|p1a: GROGNAR RUBBLE\n|-supereffective|p1a: GROGNAR RUBBLE\n|-damage|p1a: GROGNAR RUBBLE|61\/100\n|\n|-weather|Sandstorm|[upkeep]\n|-heal|p1a: GROGNAR RUBBLE|67\/100|[from] item: Leftovers\n|upkeep\n|turn|4\n|\n|t:|1700410998\n|move|p2a: Kyurem|Earth Power|p1a: GROGNAR RUBBLE\n|-supereffective|p1a: GROGNAR RUBBLE\n|-damage|p1a: GROGNAR RUBBLE|27\/100\n|move|p1a: GROGNAR RUBBLE|Body Press|p2a: Kyurem\n|-activate|p2a: Kyurem|move: Substitute|[damage]\n|\n|-weather|Sandstorm|[upkeep]\n|-heal|p1a: GROGNAR RUBBLE|34\/100|[from] item: Leftovers\n|upkeep\n|turn|5\n|\n|t:|1700411008\n|switch|p1a: CHUCKLES|Mandibuzz, F|100\/100\n|move|p2a: Kyurem|Freeze-Dry|p1a: CHUCKLES\n|-supereffective|p1a: CHUCKLES\n|-damage|p1a: CHUCKLES|48\/100\n|\n|-weather|none\n|upkeep\n|turn|6\n|\n|t:|1700411017\n|switch|p1a: BALLHOG|Hippowdon, F|68\/100\n|-weather|Sandstorm|[from] ability: Sand Stream|[of] p1a: BALLHOG\n|move|p2a: Kyurem|Freeze-Dry|p1a: BALLHOG\n|-supereffective|p1a: BALLHOG\n|-damage|p1a: BALLHOG|12\/100\n|\n|-weather|Sandstorm|[upkeep]\n|-heal|p1a: BALLHOG|18\/100|[from] item: Leftovers\n|upkeep\n|turn|7\n|\n|t:|1700411024\n|switch|p1a: GROGNAR RUBBLE|Garganacl, M|34\/100\n|move|p2a: Kyurem|Earth Power|p1a: GROGNAR RUBBLE\n|-supereffective|p1a: GROGNAR RUBBLE\n|-damage|p1a: GROGNAR RUBBLE|0 fnt\n|faint|p1a: GROGNAR RUBBLE\n|\n|-weather|Sandstorm|[upkeep]\n|upkeep\n|-message|akakPUMPKIN forfeited.\n|\n|win|TheEmeraldGamerGuy\n|raw|akakPUMPKIN's rating: 1466 &rarr; <strong>1448<\/strong><br \/>(-18 for losing)\n|raw|TheEmeraldGamerGuy's rating: 1499 &rarr; <strong>1517<\/strong><br \/>(+18 for winning)\n|l|\u2606akakPUMPKIN\n","uploadtime":1700411057,"views":5,"p1id":"akakpumpkin","p2id":"theemeraldgamerguy","formatid":"gen9nationaldex","rating":1448,"private":0,"password":""}