{"id":"gen9nationaldex-1988313397","p1":"Robertjust","p2":"pikaplayer1001000","format":"[Gen 9] National Dex","log":"|j|\u2606Robertjust\n|j|\u2606pikaplayer1001000\n|t:|1699706829\n|gametype|singles\n|player|p1|Robertjust|rancher|1170\n|player|p2|pikaplayer1001000|red-gen2|1202\n|teamsize|p1|6\n|teamsize|p2|6\n|gen|9\n|tier|[Gen 9] National Dex\n|rated|\n|rule|HP Percentage Mod: HP is shown in percentages\n|rule|Endless Battle Clause: Forcing endless battles is banned\n|rule|OHKO Clause: OHKO moves are banned\n|rule|Evasion Clause: Evasion abilities, items, and moves are banned\n|rule|Evasion Abilities Clause: Evasion abilities are banned\n|rule|Evasion Items Clause: Evasion items are banned\n|rule|Evasion Moves Clause: Evasion moves are banned\n|rule|Species Clause: Limit one of each Pok\u00e9mon\n|rule|Sleep Clause Mod: Limit one foe put to sleep\n|clearpoke\n|poke|p1|Espeon, M|\n|poke|p1|Hitmontop, M|\n|poke|p1|Feraligatr, F|\n|poke|p1|Donphan, F|\n|poke|p1|Crobat, M|\n|poke|p1|Houndoom, F|\n|poke|p2|Kricketune, M|\n|poke|p2|Mawile, M|\n|poke|p2|Ninetales-Alola, M|\n|poke|p2|Ribombee, M|\n|poke|p2|Pawmot, F|\n|poke|p2|Tsareena, F|\n|teampreview\n|inactive|Battle timer is ON: inactive players will automatically lose when time's up. (requested by Robertjust)\n|inactive|pikaplayer1001000 has 120 seconds left.\n|inactive|pikaplayer1001000 has 90 seconds left.\n|inactive|pikaplayer1001000 has 60 seconds left.\n|\n|t:|1699706959\n|start\n|switch|p1a: Crobat|Crobat, M|100\/100\n|switch|p2a: Ribombee|Ribombee, M|100\/100\n|turn|1\n|\n|t:|1699706966\n|move|p1a: Crobat|Taunt|p2a: Ribombee\n|-start|p2a: Ribombee|move: Taunt\n|cant|p2a: Ribombee|move: Taunt|Sticky Web\n|\n|upkeep\n|turn|2\n|inactive|pikaplayer1001000 has 120 seconds left.\n|\n|t:|1699706993\n|switch|p2a: Mawile|Mawile, M|100\/100\n|move|p1a: Crobat|Cross Poison|p2a: Mawile\n|-immune|p2a: Mawile\n|\n|upkeep\n|turn|3\n|\n|t:|1699707001\n|detailschange|p2a: Mawile|Mawile-Mega, M\n|-mega|p2a: Mawile|Mawile|Mawilite\n|move|p1a: Crobat|Taunt|p2a: Mawile\n|-start|p2a: Mawile|move: Taunt\n|move|p2a: Mawile|Iron Head|p1a: Crobat\n|-damage|p1a: Crobat|0 fnt\n|faint|p1a: Crobat\n|\n|upkeep\n|\n|t:|1699707013\n|switch|p1a: Donphan|Donphan, F|100\/100\n|turn|4\n|inactive|pikaplayer1001000 has 120 seconds left.\n|\n|t:|1699707041\n|switch|p2a: Ribombee|Ribombee, M|100\/100\n|move|p1a: Donphan|Earthquake|p2a: Ribombee\n|-resisted|p2a: Ribombee\n|-damage|p2a: Ribombee|60\/100\n|\n|upkeep\n|turn|5\n|\n|t:|1699707046\n|move|p2a: Ribombee|Moonblast|p1a: Donphan\n|-damage|p1a: Donphan|70\/100\n|move|p1a: Donphan|Gunk Shot|p2a: Ribombee\n|-supereffective|p2a: Ribombee\n|-crit|p2a: Ribombee\n|-damage|p2a: Ribombee|0 fnt\n|faint|p2a: Ribombee\n|\n|upkeep\n|\n|t:|1699707052\n|switch|p2a: Ninetales|Ninetales-Alola, M|100\/100\n|-weather|Snow|[from] ability: Snow Warning|[of] p2a: Ninetales\n|turn|6\n|\n|t:|1699707056\n|-terastallize|p1a: Donphan|Poison\n|move|p2a: Ninetales|Aurora Veil|p2a: Ninetales\n|-sidestart|p2: pikaplayer1001000|move: Aurora Veil\n|move|p1a: Donphan|Gunk Shot|p2a: Ninetales|[miss]\n|-miss|p1a: Donphan|p2a: Ninetales\n|\n|-weather|Snow|[upkeep]\n|upkeep\n|turn|7\n|\n|t:|1699707061\n|switch|p2a: Pawmot|Pawmot, F|100\/100\n|move|p1a: Donphan|Gunk Shot|p2a: Pawmot|[miss]\n|-miss|p1a: Donphan|p2a: Pawmot\n|\n|-weather|Snow|[upkeep]\n|upkeep\n|turn|8\n|\n|t:|1699707065\n|move|p2a: Pawmot|Revival Blessing|p2a: Pawmot\n|-enditem|p2a: Pawmot|Leppa Berry|[eat]\n|-activate|p2a: Pawmot|item: Leppa Berry|Revival Blessing|[consumed]\n|\n|t:|1699707066\n|-heal|p2: Ribombee|50\/100|[from] move: Revival Blessing\n|move|p1a: Donphan|Earthquake|p2a: Pawmot\n|-supereffective|p2a: Pawmot\n|-damage|p2a: Pawmot|10\/100\n|\n|-weather|Snow|[upkeep]\n|upkeep\n|turn|9\n|\n|t:|1699707073\n|move|p1a: Donphan|Ice Shard|p2a: Pawmot\n|-damage|p2a: Pawmot|0 fnt\n|faint|p2a: Pawmot\n|\n|-weather|Snow|[upkeep]\n|upkeep\n|\n|t:|1699707084\n|switch|p2a: Ribombee|Ribombee, M|50\/100\n|turn|10\n|\n|t:|1699707089\n|move|p2a: Ribombee|Sticky Web|p1a: Donphan\n|-sidestart|p1: Robertjust|move: Sticky Web\n|move|p1a: Donphan|Gunk Shot|p2a: Ribombee\n|-supereffective|p2a: Ribombee\n|-damage|p2a: Ribombee|0 fnt\n|faint|p2a: Ribombee\n|\n|-weather|none\n|upkeep\n|\n|t:|1699707099\n|switch|p2a: Mawile|Mawile-Mega, M|100\/100\n|turn|11\n|\n|t:|1699707102\n|move|p1a: Donphan|Earthquake|p2a: Mawile\n|-supereffective|p2a: Mawile\n|-damage|p2a: Mawile|50\/100\n|move|p2a: Mawile|Iron Head|p1a: Donphan\n|-damage|p1a: Donphan|6\/100\n|\n|upkeep\n|turn|12\n|\n|t:|1699707106\n|move|p2a: Mawile|Sucker Punch|p1a: Donphan\n|-damage|p1a: Donphan|0 fnt\n|faint|p1a: Donphan\n|\n|upkeep\n|\n|t:|1699707113\n|switch|p1a: Hitmontop|Hitmontop, M|100\/100\n|turn|13\n|\n|t:|1699707117\n|move|p1a: Hitmontop|Rapid Spin|p2a: Mawile\n|-resisted|p2a: Mawile\n|-damage|p2a: Mawile|44\/100\n|-boost|p1a: Hitmontop|spe|1\n|-sideend|p1: Robertjust|Sticky Web|[from] move: Rapid Spin|[of] p1a: Hitmontop\n|move|p2a: Mawile|Play Rough|p1a: Hitmontop\n|-supereffective|p1a: Hitmontop\n|-damage|p1a: Hitmontop|0 fnt\n|faint|p1a: Hitmontop\n|\n|-sideend|p2: pikaplayer1001000|move: Aurora Veil\n|upkeep\n|\n|t:|1699707121\n|switch|p1a: Espeon|Espeon, M|100\/100\n|turn|14\n|\n|t:|1699707126\n|move|p1a: Espeon|Hidden Power|p2a: Mawile\n|-supereffective|p2a: Mawile\n|-damage|p2a: Mawile|0 fnt\n|faint|p2a: Mawile\n|\n|upkeep\n|\n|t:|1699707127\n|switch|p2a: Ninetales|Ninetales-Alola, M|100\/100\n|-weather|Snow|[from] ability: Snow Warning|[of] p2a: Ninetales\n|turn|15\n|\n|t:|1699707131\n|move|p1a: Espeon|Hidden Power|p2a: Ninetales\n|-supereffective|p2a: Ninetales\n|-damage|p2a: Ninetales|50\/100\n|move|p2a: Ninetales|Aurora Veil|p2a: Ninetales\n|-sidestart|p2: pikaplayer1001000|move: Aurora Veil\n|\n|-weather|Snow|[upkeep]\n|upkeep\n|turn|16\n|\n|t:|1699707136\n|move|p1a: Espeon|Hidden Power|p2a: Ninetales\n|-supereffective|p2a: Ninetales\n|-damage|p2a: Ninetales|24\/100\n|move|p2a: Ninetales|Blizzard|p1a: Espeon\n|-damage|p1a: Espeon|43\/100\n|\n|-weather|Snow|[upkeep]\n|upkeep\n|turn|17\n|\n|t:|1699707140\n|move|p1a: Espeon|Hidden Power|p2a: Ninetales\n|-supereffective|p2a: Ninetales\n|-damage|p2a: Ninetales|1\/100\n|move|p2a: Ninetales|Blizzard|p1a: Espeon\n|-damage|p1a: Espeon|0 fnt\n|faint|p1a: Espeon\n|\n|-weather|Snow|[upkeep]\n|upkeep\n|\n|t:|1699707152\n|switch|p1a: Feraligatr|Feraligatr, F|100\/100\n|turn|18\n|\n|t:|1699707154\n|move|p2a: Ninetales|Hypnosis|p1a: Feraligatr\n|-status|p1a: Feraligatr|slp|[from] move: Hypnosis\n|cant|p1a: Feraligatr|slp\n|\n|-weather|Snow|[upkeep]\n|upkeep\n|turn|19\n|\n|t:|1699707157\n|switch|p2a: Tsareena|Tsareena, F|100\/100\n|switch|p1a: Houndoom|Houndoom, F|100\/100\n|\n|-weather|none\n|upkeep\n|turn|20\n|\n|t:|1699707163\n|move|p1a: Houndoom|Nasty Plot|p1a: Houndoom\n|-boost|p1a: Houndoom|spa|2\n|move|p2a: Tsareena|High Jump Kick|p1a: Houndoom\n|-supereffective|p1a: Houndoom\n|-damage|p1a: Houndoom|0 fnt\n|faint|p1a: Houndoom\n|\n|upkeep\n|\n|t:|1699707170\n|switch|p1a: Feraligatr|Feraligatr, F|100\/100 slp\n|turn|21\n|\n|t:|1699707178\n|-zpower|p2a: Tsareena\n|move|p2a: Tsareena|Z-Splash|p2a: Tsareena|[anim]Splash\n|-boost|p2a: Tsareena|atk|3|[zeffect]\n|-nothing\n|-curestatus|p1a: Feraligatr|slp|[msg]\n|move|p1a: Feraligatr|Dragon Dance|p1a: Feraligatr\n|-boost|p1a: Feraligatr|atk|1\n|-boost|p1a: Feraligatr|spe|1\n|\n|upkeep\n|turn|22\n|\n|t:|1699707186\n|move|p1a: Feraligatr|Outrage|p2a: Tsareena\n|-damage|p2a: Tsareena|63\/100\n|move|p2a: Tsareena|Power Whip|p1a: Feraligatr\n|-supereffective|p1a: Feraligatr\n|-crit|p1a: Feraligatr\n|-damage|p1a: Feraligatr|0 fnt\n|faint|p1a: Feraligatr\n|\n|win|pikaplayer1001000\n|raw|Robertjust's rating: 1170 &rarr; <strong>1149<\/strong><br \/>(-21 for losing)\n|raw|pikaplayer1001000's rating: 1220 &rarr; <strong>1241<\/strong><br \/>(+21 for winning)\n|l|\u2606Robertjust\n","uploadtime":1699707438,"views":12,"p1id":"robertjust","p2id":"pikaplayer1001000","formatid":"gen9nationaldex","rating":1149,"private":0,"password":""}