{"id":"gen9nationaldex-1991697528","p1":"wellwds","p2":"LOUGOD","format":"[Gen 9] National Dex","log":"|j|\u2606wellwds\n|j|\u2606LOUGOD\n|t:|1700103906\n|gametype|singles\n|player|p1|wellwds|170|1441\n|player|p2|LOUGOD|266|1337\n|teamsize|p1|6\n|teamsize|p2|6\n|gen|9\n|tier|[Gen 9] National Dex\n|rated|\n|rule|HP Percentage Mod: HP is shown in percentages\n|rule|Endless Battle Clause: Forcing endless battles is banned\n|rule|OHKO Clause: OHKO moves are banned\n|rule|Evasion Clause: Evasion abilities, items, and moves are banned\n|rule|Evasion Abilities Clause: Evasion abilities are banned\n|rule|Evasion Items Clause: Evasion items are banned\n|rule|Evasion Moves Clause: Evasion moves are banned\n|rule|Species Clause: Limit one of each Pok\u00e9mon\n|rule|Sleep Clause Mod: Limit one foe put to sleep\n|clearpoke\n|poke|p1|Landorus-Therian, M|\n|poke|p1|Banette, M|\n|poke|p1|Pelipper, F|\n|poke|p1|Scizor, F|\n|poke|p1|Golduck, M|\n|poke|p1|Urshifu-*, F|\n|poke|p2|Banette, M|\n|poke|p2|Glimmora, M|\n|poke|p2|Alomomola, M|\n|poke|p2|Rillaboom, F|\n|poke|p2|Sneasler, F|\n|poke|p2|Moltres|\n|teampreview\n|\n|t:|1700103913\n|start\n|switch|p1a: Banette|Banette, M|100\/100\n|switch|p2a: Glimmora|Glimmora, M|100\/100\n|turn|1\n|\n|t:|1700103921\n|detailschange|p1a: Banette|Banette-Mega, M\n|-mega|p1a: Banette|Banette|Banettite\n|move|p2a: Glimmora|Stealth Rock|p1a: Banette\n|-sidestart|p1: wellwds|move: Stealth Rock\n|move|p1a: Banette|Knock Off|p2a: Glimmora\n|-damage|p2a: Glimmora|43\/100\n|-activate|p2a: Glimmora|ability: Toxic Debris\n|-sidestart|p1: wellwds|move: Toxic Spikes\n|-enditem|p2a: Glimmora|Focus Sash|[from] move: Knock Off|[of] p1a: Banette\n|\n|upkeep\n|turn|2\n|\n|t:|1700103933\n|move|p1a: Banette|Encore|p2a: Glimmora\n|-start|p2a: Glimmora|Encore\n|move|p2a: Glimmora|Stealth Rock||[still]\n|-fail|p2a: Glimmora\n|\n|upkeep\n|turn|3\n|\n|t:|1700103940\n|move|p2a: Glimmora|Stealth Rock||[still]\n|-fail|p2a: Glimmora\n|move|p1a: Banette|Poltergeist||[still]\n|-fail|p1a: Banette\n|\n|upkeep\n|turn|4\n|\n|t:|1700103946\n|move|p2a: Glimmora|Stealth Rock||[still]\n|-fail|p2a: Glimmora\n|move|p1a: Banette|Knock Off|p2a: Glimmora\n|-damage|p2a: Glimmora|6\/100\n|-activate|p2a: Glimmora|ability: Toxic Debris\n|-sidestart|p1: wellwds|move: Toxic Spikes\n|\n|-end|p2a: Glimmora|Encore\n|upkeep\n|turn|5\n|\n|t:|1700103956\n|move|p1a: Banette|Encore|p2a: Glimmora\n|-start|p2a: Glimmora|Encore\n|move|p2a: Glimmora|Stealth Rock||[still]\n|-fail|p2a: Glimmora\n|\n|upkeep\n|turn|6\n|\n|t:|1700103962\n|move|p2a: Glimmora|Stealth Rock||[still]\n|-fail|p2a: Glimmora\n|move|p1a: Banette|Knock Off|p2a: Glimmora\n|-damage|p2a: Glimmora|0 fnt\n|faint|p2a: Glimmora\n|\n|upkeep\n|\n|t:|1700103976\n|switch|p2a: Banette|Banette, M|100\/100\n|turn|7\n|\n|t:|1700103980\n|detailschange|p2a: Banette|Banette-Mega, M\n|-mega|p2a: Banette|Banette|Banettite\n|move|p1a: Banette|Destiny Bond|p1a: Banette\n|-singlemove|p1a: Banette|Destiny Bond\n|move|p2a: Banette|Poltergeist|p1a: Banette\n|-activate|p1a: Banette|move: Poltergeist|Banettite\n|-supereffective|p1a: Banette\n|-damage|p1a: Banette|0 fnt\n|faint|p1a: Banette\n|-activate|p1a: Banette|move: Destiny Bond\n|faint|p2a: Banette\n|\n|upkeep\n|\n|t:|1700103999\n|switch|p2a: Moltres|Moltres|100\/100\n|switch|p1a: Pelipper|Pelipper, F|100\/100\n|-damage|p1a: Pelipper|76\/100|[from] Stealth Rock\n|-weather|RainDance|[from] ability: Drizzle|[of] p1a: Pelipper\n|turn|8\n|\n|t:|1700104009\n|move|p2a: Moltres|Burn Up|p1a: Pelipper\n|-resisted|p1a: Pelipper\n|-damage|p1a: Pelipper|57\/100\n|-start|p2a: Moltres|typechange|???\/Flying|[from] move: Burn Up\n|move|p1a: Pelipper|U-turn|p2a: Moltres\n|-resisted|p2a: Moltres\n|-damage|p2a: Moltres|98\/100\n|\n|t:|1700104020\n|switch|p1a: Scizor|Scizor, F|100\/100|[from] U-turn\n|-damage|p1a: Scizor|88\/100|[from] Stealth Rock\n|\n|-weather|RainDance|[upkeep]\n|upkeep\n|turn|9\n|\n|t:|1700104028\n|-terastallize|p2a: Moltres|Fire\n|-terastallize|p1a: Scizor|Fire\n|move|p2a: Moltres|Burn Up|p1a: Scizor\n|-resisted|p1a: Scizor\n|-damage|p1a: Scizor|73\/100\n|-start|p2a: Moltres|typechange|Fire|[from] move: Burn Up\n|move|p1a: Scizor|Defog|p2a: Moltres\n|-unboost|p2a: Moltres|evasion|1\n|-sideend|p1: wellwds|Toxic Spikes|[from] move: Defog|[of] p1a: Scizor\n|-sideend|p1: wellwds|Stealth Rock|[from] move: Defog|[of] p1a: Scizor\n|\n|-weather|RainDance|[upkeep]\n|upkeep\n|turn|10\n|\n|t:|1700104042\n|move|p2a: Moltres|Toxic|p1a: Scizor\n|-status|p1a: Scizor|tox\n|move|p1a: Scizor|U-turn|p2a: Moltres\n|-resisted|p2a: Moltres\n|-damage|p2a: Moltres|87\/100\n|\n|t:|1700104047\n|switch|p1a: Golduck|Golduck, M|100\/100|[from] U-turn\n|\n|-weather|RainDance|[upkeep]\n|upkeep\n|turn|11\n|\n|t:|1700104054\n|switch|p2a: Alomomola|Alomomola, M|100\/100\n|move|p1a: Golduck|Ice Beam|p2a: Alomomola\n|-resisted|p2a: Alomomola\n|-damage|p2a: Alomomola|84\/100\n|-damage|p1a: Golduck|91\/100|[from] item: Life Orb\n|\n|-weather|RainDance|[upkeep]\n|upkeep\n|turn|12\n|\n|t:|1700104066\n|switch|p1a: Scizor|Scizor, F, tera:Fire|73\/100 tox\n|move|p2a: Alomomola|Toxic|p1a: Scizor\n|-fail|p1a: Scizor|tox\n|\n|-weather|RainDance|[upkeep]\n|-damage|p1a: Scizor|67\/100 tox|[from] psn\n|upkeep\n|turn|13\n|\n|t:|1700104075\n|move|p1a: Scizor|U-turn|p2a: Alomomola\n|-damage|p2a: Alomomola|64\/100\n|-damage|p1a: Scizor|51\/100 tox|[from] item: Rocky Helmet|[of] p2a: Alomomola\n|\n|t:|1700104080\n|switch|p1a: Landorus|Landorus-Therian, M|100\/100|[from] U-turn\n|-ability|p1a: Landorus|Intimidate|boost\n|-unboost|p2a: Alomomola|atk|1\n|move|p2a: Alomomola|Flip Turn|p1a: Landorus\n|-supereffective|p1a: Landorus\n|-damage|p1a: Landorus|64\/100\n|\n|t:|1700104088\n|switch|p2a: Moltres|Moltres, tera:Fire|87\/100|[from] Flip Turn\n|\n|-weather|RainDance|[upkeep]\n|upkeep\n|turn|14\n|\n|t:|1700104096\n|move|p1a: Landorus|Weather Ball|p2a: Moltres\n|-supereffective|p2a: Moltres\n|-damage|p2a: Moltres|0 fnt\n|faint|p2a: Moltres\n|\n|-weather|RainDance|[upkeep]\n|upkeep\n|\n|t:|1700104102\n|switch|p2a: Alomomola|Alomomola, M|97\/100\n|turn|15\n|\n|t:|1700104107\n|switch|p1a: Scizor|Scizor, F, tera:Fire|51\/100 tox\n|move|p2a: Alomomola|Toxic|p1a: Scizor\n|-fail|p1a: Scizor|tox\n|\n|-weather|none\n|-damage|p1a: Scizor|45\/100 tox|[from] psn\n|upkeep\n|turn|16\n|\n|t:|1700104116\n|move|p1a: Scizor|Roost|p1a: Scizor\n|-heal|p1a: Scizor|95\/100 tox\n|move|p2a: Alomomola|Flip Turn|p1a: Scizor\n|-supereffective|p1a: Scizor\n|-damage|p1a: Scizor|70\/100 tox\n|-damage|p2a: Alomomola|81\/100|[from] item: Rocky Helmet|[of] p1a: Scizor\n|\n|t:|1700104134\n|switch|p2a: Rillaboom|Rillaboom, F|100\/100|[from] Flip Turn\n|-fieldstart|move: Grassy Terrain|[from] ability: Grassy Surge|[of] p2a: Rillaboom\n|\n|-heal|p1a: Scizor|76\/100 tox|[from] Grassy Terrain\n|-damage|p1a: Scizor|63\/100 tox|[from] psn\n|upkeep\n|turn|17\n|\n|t:|1700104143\n|move|p2a: Rillaboom|Knock Off|p1a: Scizor\n|-crit|p1a: Scizor\n|-damage|p1a: Scizor|9\/100 tox\n|-damage|p2a: Rillaboom|84\/100|[from] item: Rocky Helmet|[of] p1a: Scizor\n|-enditem|p1a: Scizor|Rocky Helmet|[from] move: Knock Off|[of] p2a: Rillaboom\n|-damage|p2a: Rillaboom|74\/100|[from] item: Life Orb\n|move|p1a: Scizor|U-turn|p2a: Rillaboom\n|-supereffective|p2a: Rillaboom\n|-damage|p2a: Rillaboom|1\/100\n|\n|t:|1700104155\n|switch|p1a: Pelipper|Pelipper, F|57\/100|[from] U-turn\n|-weather|RainDance|[from] ability: Drizzle|[of] p1a: Pelipper\n|\n|-weather|RainDance|[upkeep]\n|-heal|p2a: Rillaboom|8\/100|[from] Grassy Terrain\n|upkeep\n|turn|18\n|\n|t:|1700104163\n|switch|p1a: Scizor|Scizor, F, tera:Fire|9\/100 tox\n|move|p2a: Rillaboom|Grassy Glide|p1a: Scizor\n|-resisted|p1a: Scizor\n|-damage|p1a: Scizor|0 fnt\n|faint|p1a: Scizor\n|-damage|p2a: Rillaboom|0 fnt|[from] item: Life Orb\n|faint|p2a: Rillaboom\n|\n|-weather|RainDance|[upkeep]\n|upkeep\n|\n|t:|1700104177\n|switch|p2a: Alomomola|Alomomola, M|100\/100\n|switch|p1a: Golduck|Golduck, M|91\/100\n|turn|19\n|\n|t:|1700104182\n|move|p1a: Golduck|Nasty Plot|p1a: Golduck\n|-boost|p1a: Golduck|spa|2\n|move|p2a: Alomomola|Flip Turn|p1a: Golduck\n|-resisted|p1a: Golduck\n|-damage|p1a: Golduck|72\/100\n|\n|t:|1700104188\n|switch|p2a: Sneasler|Sneasler, F|100\/100|[from] Flip Turn\n|-enditem|p2a: Sneasler|Grassy Seed\n|-boost|p2a: Sneasler|def|1|[from] item: Grassy Seed\n|\n|-weather|RainDance|[upkeep]\n|-heal|p1a: Golduck|78\/100|[from] Grassy Terrain\n|upkeep\n|turn|20\n|\n|t:|1700104197\n|move|p2a: Sneasler|Dire Claw|p1a: Golduck\n|-damage|p1a: Golduck|16\/100\n|-status|p1a: Golduck|slp\n|cant|p1a: Golduck|slp\n|\n|-weather|RainDance|[upkeep]\n|-heal|p1a: Golduck|22\/100 slp|[from] Grassy Terrain\n|-fieldend|move: Grassy Terrain\n|upkeep\n|turn|21\n|\n|t:|1700104207\n|switch|p1a: Landorus|Landorus-Therian, M|64\/100\n|-ability|p1a: Landorus|Intimidate|boost\n|-unboost|p2a: Sneasler|atk|1\n|move|p2a: Sneasler|Swords Dance|p2a: Sneasler\n|-boost|p2a: Sneasler|atk|2\n|\n|-weather|RainDance|[upkeep]\n|upkeep\n|turn|22\n|\n|t:|1700104216\n|move|p2a: Sneasler|Acrobatics|p1a: Landorus\n|-damage|p1a: Landorus|0 fnt\n|faint|p1a: Landorus\n|\n|-weather|RainDance|[upkeep]\n|upkeep\n|\n|t:|1700104223\n|switch|p1a: Pelipper|Pelipper, F|57\/100\n|turn|23\n|\n|t:|1700104227\n|move|p2a: Sneasler|Acrobatics|p1a: Pelipper\n|-damage|p1a: Pelipper|14\/100\n|move|p1a: Pelipper|Hurricane|p2a: Sneasler\n|-supereffective|p2a: Sneasler\n|-crit|p2a: Sneasler\n|-damage|p2a: Sneasler|0 fnt\n|faint|p2a: Sneasler\n|\n|-weather|RainDance|[upkeep]\n|upkeep\n|\n|t:|1700104232\n|switch|p2a: Alomomola|Alomomola, M|100\/100\n|turn|24\n|\n|t:|1700104239\n|move|p1a: Pelipper|Roost|p1a: Pelipper\n|-heal|p1a: Pelipper|64\/100\n|-singleturn|p1a: Pelipper|move: Roost\n|move|p2a: Alomomola|Toxic|p1a: Pelipper\n|-status|p1a: Pelipper|tox\n|\n|-weather|none\n|-damage|p1a: Pelipper|58\/100 tox|[from] psn\n|upkeep\n|turn|25\n|\n|t:|1700104248\n|switch|p1a: Golduck|Golduck, M|22\/100 slp\n|move|p2a: Alomomola|Protect||[still]\n|-fail|p2a: Alomomola\n|\n|upkeep\n|turn|26\n|\n|t:|1700104255\n|cant|p1a: Golduck|slp\n|move|p2a: Alomomola|Flip Turn|p1a: Golduck\n|-resisted|p1a: Golduck\n|-damage|p1a: Golduck|11\/100 slp\n|\n|upkeep\n|turn|27\n|\n|t:|1700104265\n|-curestatus|p1a: Golduck|slp|[msg]\n|move|p1a: Golduck|Psyshock|p2a: Alomomola\n|-damage|p2a: Alomomola|79\/100\n|-damage|p1a: Golduck|1\/100|[from] item: Life Orb\n|move|p2a: Alomomola|Wish|p2a: Alomomola\n|\n|upkeep\n|turn|28\n|\n|t:|1700104292\n|move|p1a: Golduck|Psyshock|p2a: Alomomola\n|-damage|p2a: Alomomola|59\/100\n|-damage|p1a: Golduck|0 fnt|[from] item: Life Orb\n|faint|p1a: Golduck\n|move|p2a: Alomomola|Wish||[still]\n|-fail|p2a: Alomomola\n|\n|-heal|p2a: Alomomola|100\/100|[from] move: Wish|[wisher] Alomomola\n|upkeep\n|\n|t:|1700104301\n|switch|p1a: Pelipper|Pelipper, F|58\/100 tox\n|-weather|RainDance|[from] ability: Drizzle|[of] p1a: Pelipper\n|turn|29\n|\n|t:|1700104307\n|move|p2a: Alomomola|Protect|p2a: Alomomola\n|-singleturn|p2a: Alomomola|Protect\n|move|p1a: Pelipper|Hurricane|p2a: Alomomola\n|-activate|p2a: Alomomola|move: Protect\n|\n|-weather|RainDance|[upkeep]\n|-damage|p1a: Pelipper|52\/100 tox|[from] psn\n|upkeep\n|turn|30\n|\n|t:|1700104316\n|move|p1a: Pelipper|Hurricane|p2a: Alomomola\n|-damage|p2a: Alomomola|66\/100\n|-start|p2a: Alomomola|confusion\n|-activate|p2a: Alomomola|confusion\n|-damage|p2a: Alomomola|60\/100|[from] confusion\n|\n|-weather|RainDance|[upkeep]\n|-damage|p1a: Pelipper|40\/100 tox|[from] psn\n|upkeep\n|turn|31\n|\n|t:|1700104325\n|switch|p1a: Urshifu|Urshifu-Rapid-Strike, F|100\/100\n|-end|p2a: Alomomola|confusion\n|move|p2a: Alomomola|Wish|p2a: Alomomola\n|\n|-weather|RainDance|[upkeep]\n|upkeep\n|turn|32\n|\n|t:|1700104335\n|move|p2a: Alomomola|Protect|p2a: Alomomola\n|-singleturn|p2a: Alomomola|Protect\n|move|p1a: Urshifu|Surging Strikes|p2a: Alomomola\n|-resisted|p2a: Alomomola\n|-crit|p2a: Alomomola\n|-damage|p2a: Alomomola|51\/100\n|-damage|p1a: Urshifu|84\/100|[from] item: Rocky Helmet|[of] p2a: Alomomola\n|-resisted|p2a: Alomomola\n|-crit|p2a: Alomomola\n|-damage|p2a: Alomomola|42\/100\n|-damage|p1a: Urshifu|68\/100|[from] item: Rocky Helmet|[of] p2a: Alomomola\n|-resisted|p2a: Alomomola\n|-crit|p2a: Alomomola\n|-damage|p2a: Alomomola|33\/100\n|-damage|p1a: Urshifu|51\/100|[from] item: Rocky Helmet|[of] p2a: Alomomola\n|-hitcount|p2a: Alomomola|3\n|\n|-weather|RainDance|[upkeep]\n|-heal|p2a: Alomomola|83\/100|[from] move: Wish|[wisher] Alomomola\n|upkeep\n|turn|33\n|\n|t:|1700104352\n|switch|p1a: Pelipper|Pelipper, F|40\/100 tox\n|move|p2a: Alomomola|Wish|p2a: Alomomola\n|\n|-weather|RainDance|[upkeep]\n|-damage|p1a: Pelipper|33\/100 tox|[from] psn\n|upkeep\n|turn|34\n|\n|t:|1700104359\n|move|p2a: Alomomola|Protect|p2a: Alomomola\n|-singleturn|p2a: Alomomola|Protect\n|move|p1a: Pelipper|Roost|p1a: Pelipper\n|-heal|p1a: Pelipper|83\/100 tox\n|-singleturn|p1a: Pelipper|move: Roost\n|\n|-weather|RainDance|[upkeep]\n|-heal|p2a: Alomomola|100\/100|[from] move: Wish|[wisher] Alomomola\n|-damage|p1a: Pelipper|71\/100 tox|[from] psn\n|upkeep\n|turn|35\n|\n|t:|1700104372\n|move|p1a: Pelipper|Hurricane|p2a: Alomomola\n|-damage|p2a: Alomomola|66\/100\n|move|p2a: Alomomola|Wish|p2a: Alomomola\n|\n|-weather|RainDance|[upkeep]\n|-damage|p1a: Pelipper|53\/100 tox|[from] psn\n|upkeep\n|turn|36\n|\n|t:|1700104382\n|switch|p1a: Urshifu|Urshifu-Rapid-Strike, F|51\/100\n|move|p2a: Alomomola|Flip Turn|p1a: Urshifu\n|-resisted|p1a: Urshifu\n|-damage|p1a: Urshifu|40\/100\n|\n|-weather|none\n|-heal|p2a: Alomomola|100\/100|[from] move: Wish|[wisher] Alomomola\n|upkeep\n|turn|37\n|\n|t:|1700104392\n|move|p1a: Urshifu|Close Combat|p2a: Alomomola\n|-damage|p2a: Alomomola|60\/100\n|-unboost|p1a: Urshifu|def|1\n|-unboost|p1a: Urshifu|spd|1\n|-damage|p1a: Urshifu|23\/100|[from] item: Rocky Helmet|[of] p2a: Alomomola\n|move|p2a: Alomomola|Wish|p2a: Alomomola\n|\n|upkeep\n|turn|38\n|\n|t:|1700104408\n|switch|p1a: Pelipper|Pelipper, F|53\/100 tox\n|-weather|RainDance|[from] ability: Drizzle|[of] p1a: Pelipper\n|move|p2a: Alomomola|Toxic|p1a: Pelipper|[miss]\n|-miss|p2a: Alomomola|p1a: Pelipper\n|\n|-weather|RainDance|[upkeep]\n|-heal|p2a: Alomomola|100\/100|[from] move: Wish|[wisher] Alomomola\n|-damage|p1a: Pelipper|46\/100 tox|[from] psn\n|upkeep\n|turn|39\n|\n|t:|1700104422\n|move|p2a: Alomomola|Protect|p2a: Alomomola\n|-singleturn|p2a: Alomomola|Protect\n|move|p1a: Pelipper|Roost|p1a: Pelipper\n|-heal|p1a: Pelipper|96\/100 tox\n|-singleturn|p1a: Pelipper|move: Roost\n|\n|-weather|RainDance|[upkeep]\n|-damage|p1a: Pelipper|84\/100 tox|[from] psn\n|upkeep\n|turn|40\n|\n|t:|1700104434\n|move|p1a: Pelipper|Hurricane|p2a: Alomomola\n|-damage|p2a: Alomomola|67\/100\n|move|p2a: Alomomola|Toxic|p1a: Pelipper\n|-fail|p1a: Pelipper|tox\n|\n|-weather|RainDance|[upkeep]\n|-damage|p1a: Pelipper|66\/100 tox|[from] psn\n|upkeep\n|turn|41\n|\n|t:|1700104444\n|move|p1a: Pelipper|Roost|p1a: Pelipper\n|-heal|p1a: Pelipper|100\/100 tox\n|-singleturn|p1a: Pelipper|move: Roost\n|move|p2a: Alomomola|Wish|p2a: Alomomola\n|\n|-weather|RainDance|[upkeep]\n|-damage|p1a: Pelipper|76\/100 tox|[from] psn\n|upkeep\n|turn|42\n|\n|t:|1700104457\n|switch|p1a: Urshifu|Urshifu-Rapid-Strike, F|23\/100\n|move|p2a: Alomomola|Flip Turn|p1a: Urshifu\n|-resisted|p1a: Urshifu\n|-damage|p1a: Urshifu|12\/100\n|\n|-weather|RainDance|[upkeep]\n|-heal|p2a: Alomomola|100\/100|[from] move: Wish|[wisher] Alomomola\n|upkeep\n|turn|43\n|\n|t:|1700104474\n|move|p1a: Urshifu|Close Combat|p2a: Alomomola\n|-damage|p2a: Alomomola|64\/100\n|-unboost|p1a: Urshifu|def|1\n|-unboost|p1a: Urshifu|spd|1\n|-damage|p1a: Urshifu|0 fnt|[from] item: Rocky Helmet|[of] p2a: Alomomola\n|faint|p1a: Urshifu\n|move|p2a: Alomomola|Wish|p2a: Alomomola\n|\n|-weather|RainDance|[upkeep]\n|upkeep\n|\n|t:|1700104483\n|switch|p1a: Pelipper|Pelipper, F|76\/100 tox\n|turn|44\n|\n|t:|1700104492\n|move|p2a: Alomomola|Protect|p2a: Alomomola\n|-singleturn|p2a: Alomomola|Protect\n|move|p1a: Pelipper|Roost|p1a: Pelipper\n|-heal|p1a: Pelipper|100\/100 tox\n|-singleturn|p1a: Pelipper|move: Roost\n|\n|-weather|RainDance|[upkeep]\n|-heal|p2a: Alomomola|100\/100|[from] move: Wish|[wisher] Alomomola\n|-damage|p1a: Pelipper|94\/100 tox|[from] psn\n|upkeep\n|turn|45\n|\n|t:|1700104505\n|move|p1a: Pelipper|Hurricane|p2a: Alomomola\n|-damage|p2a: Alomomola|69\/100\n|move|p2a: Alomomola|Wish|p2a: Alomomola\n|\n|-weather|none\n|-damage|p1a: Pelipper|82\/100 tox|[from] psn\n|upkeep\n|turn|46\n|\n|t:|1700104513\n|move|p2a: Alomomola|Protect|p2a: Alomomola\n|-singleturn|p2a: Alomomola|Protect\n|move|p1a: Pelipper|Hurricane|p2a: Alomomola\n|-activate|p2a: Alomomola|move: Protect\n|\n|-heal|p2a: Alomomola|100\/100|[from] move: Wish|[wisher] Alomomola\n|-damage|p1a: Pelipper|63\/100 tox|[from] psn\n|upkeep\n|turn|47\n|\n|t:|1700104523\n|move|p1a: Pelipper|Hurricane|p2a: Alomomola\n|-damage|p2a: Alomomola|68\/100\n|move|p2a: Alomomola|Wish|p2a: Alomomola\n|\n|-damage|p1a: Pelipper|39\/100 tox|[from] psn\n|upkeep\n|turn|48\n|-message|wellwds forfeited.\n|\n|win|LOUGOD\n|raw|wellwds's rating: 1441 &rarr; <strong>1415<\/strong><br \/>(-26 for losing)\n|raw|LOUGOD's rating: 1337 &rarr; <strong>1363<\/strong><br \/>(+26 for winning)\n|l|\u2606wellwds\n","uploadtime":1700104535,"views":8,"p1id":"wellwds","p2id":"lougod","formatid":"gen9nationaldex","rating":1363,"private":0,"password":""}