{"id":"gen9nationaldex-1998261906","p1":"ldsadsadcsf","p2":"Mitico m","format":"[Gen 9] National Dex","log":"|html|<div class=\"broadcast-blue\"><strong>[Gen 9] National Dex is currently suspecting Sneasler! For information on how to participate check out the <a href=\"https:\/\/www.smogon.com\/forums\/threads\/sv-national-dex-suspect-8-just-dance.3731534\/\">suspect thread<\/a>.<\/strong><\/div>\n|j|\u2606ldsadsadcsf\n|j|\u2606Mitico m\n|t:|1700921538\n|gametype|singles\n|player|p1|ldsadsadcsf|unknown|1479\n|player|p2|Mitico m|101|1459\n|teamsize|p1|6\n|teamsize|p2|6\n|gen|9\n|tier|[Gen 9] National Dex\n|rated|\n|rule|HP Percentage Mod: HP is shown in percentages\n|rule|Endless Battle Clause: Forcing endless battles is banned\n|rule|OHKO Clause: OHKO moves are banned\n|rule|Evasion Clause: Evasion abilities, items, and moves are banned\n|rule|Evasion Abilities Clause: Evasion abilities are banned\n|rule|Evasion Items Clause: Evasion items are banned\n|rule|Evasion Moves Clause: Evasion moves are banned\n|rule|Species Clause: Limit one of each Pok\u00e9mon\n|rule|Sleep Clause Mod: Limit one foe put to sleep\n|clearpoke\n|poke|p1|Zamazenta-*|\n|poke|p1|Garganacl, M|\n|poke|p1|Heatran, M|\n|poke|p1|Zapdos|\n|poke|p1|Pinsir, M|\n|poke|p1|Landorus-Therian, M|\n|poke|p2|Gliscor, F|\n|poke|p2|Dondozo, M|\n|poke|p2|Aegislash, F|\n|poke|p2|Ampharos, F|\n|poke|p2|Chansey, F|\n|poke|p2|Tornadus-Therian, M|\n|teampreview\n|inactive|Battle timer is ON: inactive players will automatically lose when time's up. (requested by ldsadsadcsf)\n|inactive|Mitico m has 120 seconds left.\n|\n|t:|1700921576\n|start\n|switch|p1a: \u732b\u54e5|Landorus-Therian, M, shiny|100\/100\n|switch|p2a: Gliscor|Gliscor, F|100\/100\n|-ability|p1a: \u732b\u54e5|Intimidate|boost\n|-unboost|p2a: Gliscor|atk|1\n|turn|1\n|\n|t:|1700921591\n|move|p1a: \u732b\u54e5|U-turn|p2a: Gliscor\n|-resisted|p2a: Gliscor\n|-damage|p2a: Gliscor|91\/100\n|\n|t:|1700921595\n|switch|p1a: \u7532\u54e5|Pinsir, M|100\/100|[from] U-turn\n|-ability|p1a: \u7532\u54e5|Mold Breaker\n|move|p2a: Gliscor|Toxic|p1a: \u7532\u54e5\n|-status|p1a: \u7532\u54e5|tox\n|\n|-damage|p1a: \u7532\u54e5|95\/100 tox|[from] psn\n|-status|p2a: Gliscor|tox|[from] item: Toxic Orb\n|upkeep\n|turn|2\n|inactive|Mitico m has 120 seconds left.\n|\n|t:|1700921635\n|switch|p2a: Tornadus|Tornadus-Therian, M|100\/100\n|detailschange|p1a: \u7532\u54e5|Pinsir-Mega, M\n|-mega|p1a: \u7532\u54e5|Pinsir|Pinsirite\n|move|p1a: \u7532\u54e5|Return|p2a: Tornadus\n|-damage|p2a: Tornadus|26\/100\n|\n|-damage|p1a: \u7532\u54e5|83\/100 tox|[from] psn\n|upkeep\n|turn|3\n|inactive|Mitico m has 120 seconds left.\n|\n|t:|1700921651\n|switch|p2a: Aegislash|Aegislash, F|100\/100\n|move|p1a: \u7532\u54e5|Quick Attack|p2a: Aegislash\n|-resisted|p2a: Aegislash\n|-damage|p2a: Aegislash|89\/100\n|\n|-heal|p2a: Aegislash|95\/100|[from] item: Leftovers\n|-damage|p1a: \u7532\u54e5|65\/100 tox|[from] psn\n|upkeep\n|turn|4\n|\n|t:|1700921677\n|switch|p1a: \u706b\u54e5|Heatran, M, shiny|100\/100\n|move|p2a: Aegislash|King's Shield||[still]\n|-fail|p2a: Aegislash\n|\n|-heal|p2a: Aegislash|100\/100|[from] item: Leftovers\n|upkeep\n|turn|5\n|inactive|Mitico m has 90 seconds left.\n|\n|t:|1700921697\n|switch|p2a: Gliscor|Gliscor, F|91\/100 tox\n|move|p1a: \u706b\u54e5|Magma Storm|p2a: Gliscor\n|-damage|p2a: Gliscor|54\/100 tox\n|-activate|p2a: Gliscor|move: Magma Storm|[of] p1a: \u706b\u54e5\n|\n|-heal|p2a: Gliscor|67\/100 tox|[from] ability: Poison Heal\n|-damage|p2a: Gliscor|54\/100 tox|[from] move: Magma Storm|[partiallytrapped]\n|upkeep\n|turn|6\n|inactive|Mitico m has 90 seconds left.\n|\n|t:|1700921709\n|move|p1a: \u706b\u54e5|Protect|p1a: \u706b\u54e5\n|-singleturn|p1a: \u706b\u54e5|Protect\n|move|p2a: Gliscor|Earthquake|p1a: \u706b\u54e5\n|-activate|p1a: \u706b\u54e5|move: Protect\n|\n|-heal|p2a: Gliscor|67\/100 tox|[from] ability: Poison Heal\n|-damage|p2a: Gliscor|54\/100 tox|[from] move: Magma Storm|[partiallytrapped]\n|upkeep\n|turn|7\n|inactive|Mitico m has 90 seconds left.\n|\n|t:|1700921724\n|move|p2a: Gliscor|Toxic|p1a: \u706b\u54e5\n|-immune|p1a: \u706b\u54e5\n|move|p1a: \u706b\u54e5|Taunt|p2a: Gliscor\n|-start|p2a: Gliscor|move: Taunt\n|\n|-heal|p2a: Gliscor|67\/100 tox|[from] ability: Poison Heal\n|-damage|p2a: Gliscor|54\/100 tox|[from] move: Magma Storm|[partiallytrapped]\n|upkeep\n|turn|8\n|inactive|Mitico m has 90 seconds left.\n|\n|t:|1700921735\n|switch|p1a: \u72d7\u54e5|Zamazenta|100\/100\n|-ability|p1a: \u72d7\u54e5|Dauntless Shield|boost\n|-boost|p1a: \u72d7\u54e5|def|1\n|move|p2a: Gliscor|Earthquake|p1a: \u72d7\u54e5\n|-damage|p1a: \u72d7\u54e5|85\/100\n|\n|-heal|p1a: \u72d7\u54e5|92\/100|[from] item: Leftovers\n|-heal|p2a: Gliscor|67\/100 tox|[from] ability: Poison Heal\n|-end|p2a: Gliscor|Magma Storm|[partiallytrapped]|[silent]\n|upkeep\n|turn|9\n|inactive|Mitico m has 90 seconds left.\n|\n|t:|1700921767\n|switch|p2a: Aegislash|Aegislash, F|100\/100\n|move|p1a: \u72d7\u54e5|Substitute|p1a: \u72d7\u54e5\n|-start|p1a: \u72d7\u54e5|Substitute\n|-damage|p1a: \u72d7\u54e5|67\/100\n|\n|-heal|p1a: \u72d7\u54e5|73\/100|[from] item: Leftovers\n|upkeep\n|turn|10\n|\n|t:|1700921779\n|move|p2a: Aegislash|King's Shield|p2a: Aegislash\n|-singleturn|p2a: Aegislash|Protect\n|move|p1a: \u72d7\u54e5|Crunch|p2a: Aegislash\n|-activate|p2a: Aegislash|move: Protect\n|-unboost|p1a: \u72d7\u54e5|atk|1\n|\n|-heal|p1a: \u72d7\u54e5|79\/100|[from] item: Leftovers\n|upkeep\n|turn|11\n|\n|t:|1700921797\n|move|p1a: \u72d7\u54e5|Crunch|p2a: Aegislash\n|-supereffective|p2a: Aegislash\n|-damage|p2a: Aegislash|76\/100\n|-formechange|p2a: Aegislash|Aegislash-Blade||[from] ability: Stance Change\n|move|p2a: Aegislash|Shadow Ball|p1a: \u72d7\u54e5\n|-end|p1a: \u72d7\u54e5|Substitute\n|\n|-heal|p1a: \u72d7\u54e5|85\/100|[from] item: Leftovers\n|-heal|p2a: Aegislash|83\/100|[from] item: Leftovers\n|upkeep\n|turn|12\n|inactive|Mitico m has 60 seconds left.\n|\n|t:|1700921819\n|switch|p1a: \u706b\u54e5|Heatran, M, shiny|100\/100\n|-formechange|p2a: Aegislash|Aegislash||[from] ability: Stance Change\n|move|p2a: Aegislash|King's Shield||[still]\n|-fail|p2a: Aegislash\n|\n|-heal|p2a: Aegislash|89\/100|[from] item: Leftovers\n|upkeep\n|turn|13\n|inactive|Mitico m has 60 seconds left.\n|\n|t:|1700921829\n|switch|p2a: Dondozo|Dondozo, M|100\/100\n|move|p1a: \u706b\u54e5|Magma Storm|p2a: Dondozo\n|-resisted|p2a: Dondozo\n|-damage|p2a: Dondozo|87\/100\n|-activate|p2a: Dondozo|move: Magma Storm|[of] p1a: \u706b\u54e5\n|\n|-damage|p2a: Dondozo|75\/100|[from] move: Magma Storm|[partiallytrapped]\n|upkeep\n|turn|14\n|inactive|Mitico m has 60 seconds left.\n|\n|t:|1700921843\n|move|p1a: \u706b\u54e5|Protect|p1a: \u706b\u54e5\n|-singleturn|p1a: \u706b\u54e5|Protect\n|move|p2a: Dondozo|Liquidation|p1a: \u706b\u54e5\n|-activate|p1a: \u706b\u54e5|move: Protect\n|\n|-damage|p2a: Dondozo|62\/100|[from] move: Magma Storm|[partiallytrapped]\n|upkeep\n|turn|15\n|inactive|Mitico m has 60 seconds left.\n|\n|t:|1700921854\n|move|p1a: \u706b\u54e5|Scorching Sands|p2a: Dondozo\n|-damage|p2a: Dondozo|48\/100\n|move|p2a: Dondozo|Liquidation|p1a: \u706b\u54e5\n|-supereffective|p1a: \u706b\u54e5\n|-crit|p1a: \u706b\u54e5\n|-damage|p1a: \u706b\u54e5|26\/100\n|\n|-heal|p1a: \u706b\u54e5|32\/100|[from] item: Leftovers\n|-damage|p2a: Dondozo|36\/100|[from] move: Magma Storm|[partiallytrapped]\n|upkeep\n|turn|16\n|inactive|Mitico m has 60 seconds left.\n|\n|t:|1700921866\n|move|p1a: \u706b\u54e5|Protect|p1a: \u706b\u54e5\n|-singleturn|p1a: \u706b\u54e5|Protect\n|move|p2a: Dondozo|Rest|p2a: Dondozo\n|-status|p2a: Dondozo|slp|[from] move: Rest\n|-heal|p2a: Dondozo|100\/100 slp|[silent]\n|\n|-heal|p1a: \u706b\u54e5|38\/100|[from] item: Leftovers\n|-damage|p2a: Dondozo|88\/100 slp|[from] move: Magma Storm|[partiallytrapped]\n|upkeep\n|turn|17\n|inactive|Mitico m has 60 seconds left.\n|\n|t:|1700921886\n|move|p1a: \u706b\u54e5|Scorching Sands|p2a: Dondozo\n|-damage|p2a: Dondozo|76\/100 slp\n|cant|p2a: Dondozo|slp\n|move|p2a: Dondozo|Sleep Talk|p2a: Dondozo\n|move|p2a: Dondozo|Liquidation|p1a: \u706b\u54e5|[from]move: Sleep Talk\n|-supereffective|p1a: \u706b\u54e5\n|-damage|p1a: \u706b\u54e5|0 fnt\n|faint|p1a: \u706b\u54e5\n|\n|-end|p2a: Dondozo|Magma Storm|[partiallytrapped]\n|upkeep\n|\n|t:|1700921897\n|switch|p1a: \u76d0\u54e5|Garganacl, M, shiny|100\/100\n|turn|18\n|\n|t:|1700921903\n|cant|p2a: Dondozo|slp\n|move|p2a: Dondozo|Sleep Talk|p2a: Dondozo\n|move|p2a: Dondozo|Rest||[from]move: Sleep Talk|[still]\n|-fail|p2a: Dondozo\n|move|p1a: \u76d0\u54e5|Salt Cure|p2a: Dondozo\n|-damage|p2a: Dondozo|68\/100 slp\n|-start|p2a: Dondozo|Salt Cure\n|\n|-damage|p2a: Dondozo|43\/100 slp|[from] Salt Cure\n|upkeep\n|turn|19\n|inactive|Mitico m has 60 seconds left.\n|\n|t:|1700921922\n|switch|p2a: Aegislash|Aegislash, F|89\/100\n|-terastallize|p1a: \u76d0\u54e5|Water\n|move|p1a: \u76d0\u54e5|Earthquake|p2a: Aegislash\n|-supereffective|p2a: Aegislash\n|-damage|p2a: Aegislash|52\/100\n|\n|-heal|p2a: Aegislash|58\/100|[from] item: Leftovers\n|upkeep\n|turn|20\n|\n|t:|1700921940\n|-formechange|p2a: Aegislash|Aegislash-Blade||[from] ability: Stance Change\n|move|p2a: Aegislash|Shadow Ball|p1a: \u76d0\u54e5\n|-damage|p1a: \u76d0\u54e5|84\/100\n|move|p1a: \u76d0\u54e5|Salt Cure|p2a: Aegislash\n|-resisted|p2a: Aegislash\n|-damage|p2a: Aegislash|45\/100\n|-start|p2a: Aegislash|Salt Cure\n|\n|-heal|p2a: Aegislash|51\/100|[from] item: Leftovers\n|-heal|p1a: \u76d0\u54e5|90\/100|[from] item: Leftovers\n|-damage|p2a: Aegislash|26\/100|[from] Salt Cure\n|upkeep\n|turn|21\n|inactive|Mitico m has 30 seconds left.\n|inactive|Mitico m has 20 seconds left.\n|inactive|Mitico m has 15 seconds left.\n|\n|t:|1700921983\n|switch|p2a: Tornadus|Tornadus-Therian, M|59\/100\n|move|p1a: \u76d0\u54e5|Curse|p1a: \u76d0\u54e5\n|-unboost|p1a: \u76d0\u54e5|spe|1\n|-boost|p1a: \u76d0\u54e5|atk|1\n|-boost|p1a: \u76d0\u54e5|def|1\n|\n|-heal|p1a: \u76d0\u54e5|97\/100|[from] item: Leftovers\n|upkeep\n|turn|22\n|inactive|Mitico m has 25 seconds left this turn.\n|inactive|Mitico m has 20 seconds left.\n|inactive|Mitico m has 15 seconds left.\n|\n|t:|1700921994\n|move|p2a: Tornadus|Knock Off|p1a: \u76d0\u54e5\n|-damage|p1a: \u76d0\u54e5|88\/100\n|-enditem|p1a: \u76d0\u54e5|Leftovers|[from] move: Knock Off|[of] p2a: Tornadus\n|move|p1a: \u76d0\u54e5|Salt Cure|p2a: Tornadus\n|-supereffective|p2a: Tornadus\n|-damage|p2a: Tornadus|12\/100\n|-start|p2a: Tornadus|Salt Cure\n|\n|-damage|p2a: Tornadus|0 fnt|[from] Salt Cure\n|faint|p2a: Tornadus\n|upkeep\n|inactive|Mitico m has 20 seconds left this turn.\n|inactive|Mitico m has 15 seconds left.\n|inactive|Mitico m has 10 seconds left.\n|\n|t:|1700922005\n|switch|p2a: Ampharos|Ampharos, F|100\/100\n|turn|23\n|inactive|Mitico m has 20 seconds left this turn.\n|inactive|Mitico m has 15 seconds left.\n|\n|t:|1700922011\n|switch|p1a: \u732b\u54e5|Landorus-Therian, M, shiny|100\/100\n|-ability|p1a: \u732b\u54e5|Intimidate|boost\n|-unboost|p2a: Ampharos|atk|1\n|detailschange|p2a: Ampharos|Ampharos-Mega, F\n|-mega|p2a: Ampharos|Ampharos|Ampharosite\n|-ability|p2a: Ampharos|Mold Breaker\n|move|p2a: Ampharos|Thunderbolt|p1a: \u732b\u54e5\n|-immune|p1a: \u732b\u54e5\n|\n|upkeep\n|turn|24\n|inactive|Mitico m has 25 seconds left this turn.\n|inactive|Mitico m has 20 seconds left.\n|inactive|Mitico m has 15 seconds left.\n|\n|t:|1700922023\n|switch|p2a: Gliscor|Gliscor, F|67\/100 tox\n|move|p1a: \u732b\u54e5|Earthquake|p2a: Gliscor\n|-immune|p2a: Gliscor\n|\n|-heal|p2a: Gliscor|79\/100 tox|[from] ability: Poison Heal\n|upkeep\n|turn|25\n|inactive|Mitico m has 25 seconds left this turn.\n|inactive|Mitico m has 20 seconds left.\n|inactive|Mitico m has 15 seconds left.\n|\n|t:|1700922034\n|move|p1a: \u732b\u54e5|U-turn|p2a: Gliscor\n|-resisted|p2a: Gliscor\n|-damage|p2a: Gliscor|70\/100 tox\n|inactive|Mitico m has 20 seconds left this turn.\n|\n|t:|1700922036\n|switch|p1a: \u76d0\u54e5|Garganacl, M, shiny, tera:Water|88\/100|[from] U-turn\n|move|p2a: Gliscor|Spikes|p1a: \u76d0\u54e5\n|-sidestart|p1: ldsadsadcsf|Spikes\n|\n|-heal|p2a: Gliscor|82\/100 tox|[from] ability: Poison Heal\n|upkeep\n|turn|26\n|inactive|Mitico m has 30 seconds left this turn.\n|inactive|Mitico m has 20 seconds left.\n|inactive|Mitico m has 15 seconds left.\n|\n|t:|1700922054\n|move|p2a: Gliscor|Earthquake|p1a: \u76d0\u54e5\n|-damage|p1a: \u76d0\u54e5|66\/100\n|move|p1a: \u76d0\u54e5|Earthquake|p2a: Gliscor\n|-immune|p2a: Gliscor\n|\n|-heal|p2a: Gliscor|95\/100 tox|[from] ability: Poison Heal\n|upkeep\n|turn|27\n|inactive|Mitico m has 25 seconds left this turn.\n|inactive|Mitico m has 20 seconds left.\n|inactive|Mitico m has 15 seconds left.\n|\n|t:|1700922068\n|move|p2a: Gliscor|Earthquake|p1a: \u76d0\u54e5\n|-damage|p1a: \u76d0\u54e5|44\/100\n|move|p1a: \u76d0\u54e5|Salt Cure|p2a: Gliscor\n|-damage|p2a: Gliscor|82\/100 tox\n|-start|p2a: Gliscor|Salt Cure\n|\n|-heal|p2a: Gliscor|94\/100 tox|[from] ability: Poison Heal\n|-damage|p2a: Gliscor|82\/100 tox|[from] Salt Cure\n|upkeep\n|turn|28\n|inactive|Mitico m has 25 seconds left this turn.\n|inactive|Mitico m has 20 seconds left.\n|inactive|Mitico m has 15 seconds left.\n|\n|t:|1700922079\n|move|p2a: Gliscor|Spikes|p1a: \u76d0\u54e5\n|-sidestart|p1: ldsadsadcsf|Spikes\n|move|p1a: \u76d0\u54e5|Recover|p1a: \u76d0\u54e5\n|-heal|p1a: \u76d0\u54e5|94\/100\n|\n|-heal|p2a: Gliscor|94\/100 tox|[from] ability: Poison Heal\n|-damage|p2a: Gliscor|82\/100 tox|[from] Salt Cure\n|upkeep\n|turn|29\n|inactive|Mitico m has 25 seconds left this turn.\n|inactive|Mitico m has 20 seconds left.\n|\n|t:|1700922089\n|switch|p2a: Ampharos|Ampharos-Mega, F|100\/100\n|-ability|p2a: Ampharos|Mold Breaker\n|move|p1a: \u76d0\u54e5|Curse|p1a: \u76d0\u54e5\n|-unboost|p1a: \u76d0\u54e5|spe|1\n|-boost|p1a: \u76d0\u54e5|atk|1\n|-boost|p1a: \u76d0\u54e5|def|1\n|\n|upkeep\n|turn|30\n|inactive|Mitico m has 30 seconds left this turn.\n|\n|t:|1700922098\n|move|p2a: Ampharos|Thunderbolt|p1a: \u76d0\u54e5\n|-supereffective|p1a: \u76d0\u54e5\n|-damage|p1a: \u76d0\u54e5|17\/100\n|move|p1a: \u76d0\u54e5|Earthquake|p2a: Ampharos\n|-supereffective|p2a: Ampharos\n|-damage|p2a: Ampharos|42\/100\n|\n|upkeep\n|turn|31\n|inactive|Mitico m has 30 seconds left.\n|\n|t:|1700922106\n|switch|p1a: \u732b\u54e5|Landorus-Therian, M, shiny|100\/100\n|-ability|p1a: \u732b\u54e5|Intimidate|boost\n|-unboost|p2a: Ampharos|atk|1\n|move|p2a: Ampharos|Dragon Pulse|p1a: \u732b\u54e5\n|-damage|p1a: \u732b\u54e5|34\/100\n|\n|-heal|p1a: \u732b\u54e5|40\/100|[from] item: Leftovers\n|upkeep\n|turn|32\n|inactive|Mitico m has 30 seconds left.\n|\n|t:|1700922122\n|switch|p2a: Gliscor|Gliscor, F|82\/100 tox\n|move|p1a: \u732b\u54e5|U-turn|p2a: Gliscor\n|-resisted|p2a: Gliscor\n|-damage|p2a: Gliscor|73\/100 tox\n|inactive|Mitico m has 30 seconds left this turn.\n|\n|t:|1700922130\n|switch|p1a: \u72d7\u54e5|Zamazenta|85\/100|[from] U-turn\n|-damage|p1a: \u72d7\u54e5|69\/100|[from] Spikes\n|\n|-heal|p1a: \u72d7\u54e5|75\/100|[from] item: Leftovers\n|-heal|p2a: Gliscor|86\/100 tox|[from] ability: Poison Heal\n|upkeep\n|turn|33\n|inactive|Mitico m has 30 seconds left.\n|\n|t:|1700922145\n|move|p1a: \u72d7\u54e5|Substitute|p1a: \u72d7\u54e5\n|-start|p1a: \u72d7\u54e5|Substitute\n|-damage|p1a: \u72d7\u54e5|50\/100\n|move|p2a: Gliscor|Earthquake|p1a: \u72d7\u54e5\n|-activate|p1a: \u72d7\u54e5|move: Substitute|[damage]\n|\n|-heal|p1a: \u72d7\u54e5|56\/100|[from] item: Leftovers\n|-heal|p2a: Gliscor|98\/100 tox|[from] ability: Poison Heal\n|upkeep\n|turn|34\n|\n|t:|1700922155\n|move|p1a: \u72d7\u54e5|Iron Defense|p1a: \u72d7\u54e5\n|-boost|p1a: \u72d7\u54e5|def|2\n|move|p2a: Gliscor|Earthquake|p1a: \u72d7\u54e5\n|-end|p1a: \u72d7\u54e5|Substitute\n|\n|-heal|p1a: \u72d7\u54e5|62\/100|[from] item: Leftovers\n|-heal|p2a: Gliscor|100\/100 tox|[from] ability: Poison Heal\n|upkeep\n|turn|35\n|inactive|Mitico m has 30 seconds left.\n|\n|t:|1700922177\n|switch|p2a: Dondozo|Dondozo, M|43\/100 slp\n|move|p1a: \u72d7\u54e5|Substitute|p1a: \u72d7\u54e5\n|-start|p1a: \u72d7\u54e5|Substitute\n|-damage|p1a: \u72d7\u54e5|37\/100\n|\n|-heal|p1a: \u72d7\u54e5|44\/100|[from] item: Leftovers\n|upkeep\n|turn|36\n|inactive|Mitico m has 30 seconds left.\n|\n|t:|1700922190\n|move|p1a: \u72d7\u54e5|Body Press|p2a: Dondozo\n|-damage|p2a: Dondozo|16\/100 slp\n|-curestatus|p2a: Dondozo|slp|[msg]\n|move|p2a: Dondozo|Rest|p2a: Dondozo\n|-status|p2a: Dondozo|slp|[from] move: Rest\n|-heal|p2a: Dondozo|100\/100 slp|[silent]\n|\n|-heal|p1a: \u72d7\u54e5|50\/100|[from] item: Leftovers\n|upkeep\n|turn|37\n|inactive|Mitico m has 30 seconds left.\n|\n|t:|1700922204\n|switch|p1a: \u76d0\u54e5|Garganacl, M, shiny, tera:Water|17\/100\n|-damage|p1a: \u76d0\u54e5|0 fnt|[from] Spikes\n|faint|p1a: \u76d0\u54e5\n|cant|p2a: Dondozo|slp\n|move|p2a: Dondozo|Sleep Talk|p2a: Dondozo\n|move|p2a: Dondozo|Rest||[from]move: Sleep Talk|[still]\n|-fail|p2a: Dondozo\n|\n|upkeep\n|inactive|Mitico m has 30 seconds left this turn.\n|l|\u2606ldsadsadcsf\n|inactive|ldsadsadcsf disconnected and has a minute to reconnect!\n|player|p1|\n|inactive|ldsadsadcsf has 30 seconds to reconnect!\n|inactive|ldsadsadcsf has 20 seconds to reconnect!\n|inactive|ldsadsadcsf has 15 seconds to reconnect!\n|inactive|ldsadsadcsf has 10 seconds to reconnect!\n|inactive|ldsadsadcsf has 5 seconds to reconnect!\n|-message|ldsadsadcsf lost due to inactivity.\n|\n|win|Mitico m\n|raw|ldsadsadcsf's rating: 1479 &rarr; <strong>1458<\/strong><br \/>(-21 for losing)\n|raw|Mitico m's rating: 1459 &rarr; <strong>1480<\/strong><br \/>(+21 for winning)\n","uploadtime":1700922281,"views":0,"p1id":"ldsadsadcsf","p2id":"miticom","formatid":"gen9nationaldex","rating":1458,"private":0,"password":""}