{"id":"gen9nationaldex-1999163119","p1":"congpizza","p2":"Oliotus","format":"[Gen 9] National Dex","log":"|html|<div class=\"broadcast-blue\"><strong>[Gen 9] National Dex is currently suspecting Sneasler! For information on how to participate check out the <a href=\"https:\/\/www.smogon.com\/forums\/threads\/sv-national-dex-suspect-8-just-dance.3731534\/\">suspect thread<\/a>.<\/strong><\/div>\n|j|\u2606congpizza\n|j|\u2606Oliotus\n|t:|1701040129\n|gametype|singles\n|player|p1|congpizza|dawn|1282\n|player|p2|Oliotus|170|1268\n|teamsize|p1|6\n|teamsize|p2|6\n|gen|9\n|tier|[Gen 9] National Dex\n|rated|\n|rule|HP Percentage Mod: HP is shown in percentages\n|rule|Endless Battle Clause: Forcing endless battles is banned\n|rule|OHKO Clause: OHKO moves are banned\n|rule|Evasion Clause: Evasion abilities, items, and moves are banned\n|rule|Evasion Abilities Clause: Evasion abilities are banned\n|rule|Evasion Items Clause: Evasion items are banned\n|rule|Evasion Moves Clause: Evasion moves are banned\n|rule|Species Clause: Limit one of each Pok\u00e9mon\n|rule|Sleep Clause Mod: Limit one foe put to sleep\n|clearpoke\n|poke|p1|Pelipper, F|\n|poke|p1|Greninja-*, M|\n|poke|p1|Swampert, M|\n|poke|p1|Ferrothorn, F|\n|poke|p1|Overqwil, F|\n|poke|p1|Zapdos|\n|poke|p2|Clefable, F|\n|poke|p2|Glimmora, M|\n|poke|p2|Ferrothorn, F|\n|poke|p2|Dragonite, F|\n|poke|p2|Tapu Koko|\n|poke|p2|Greninja-*, M|\n|teampreview\n|inactive|Battle timer is ON: inactive players will automatically lose when time's up. (requested by congpizza)\n|\n|t:|1701040133\n|start\n|switch|p1a: \u4f60\u600e\u4e48\u7761\u5f97\u7740\u7684|Ferrothorn, F|100\/100\n|switch|p2a: Tapu Koko|Tapu Koko|100\/100\n|-fieldstart|move: Electric Terrain|[from] ability: Electric Surge|[of] p2a: Tapu Koko\n|-item|p2a: Tapu Koko|Air Balloon\n|turn|1\n|\n|t:|1701040140\n|move|p2a: Tapu Koko|Hidden Power|p1a: \u4f60\u600e\u4e48\u7761\u5f97\u7740\u7684\n|-supereffective|p1a: \u4f60\u600e\u4e48\u7761\u5f97\u7740\u7684\n|-damage|p1a: \u4f60\u600e\u4e48\u7761\u5f97\u7740\u7684|49\/100\n|move|p1a: \u4f60\u600e\u4e48\u7761\u5f97\u7740\u7684|Stealth Rock|p2a: Tapu Koko\n|-sidestart|p2: Oliotus|move: Stealth Rock\n|\n|upkeep\n|turn|2\n|\n|t:|1701040151\n|switch|p1a: \u76d6\u9e25\u5361|Pelipper, F|100\/100\n|-weather|RainDance|[from] ability: Drizzle|[of] p1a: \u76d6\u9e25\u5361\n|move|p2a: Tapu Koko|Hidden Power|p1a: \u76d6\u9e25\u5361\n|-resisted|p1a: \u76d6\u9e25\u5361\n|-damage|p1a: \u76d6\u9e25\u5361|93\/100\n|\n|-weather|RainDance|[upkeep]\n|upkeep\n|turn|3\n|\n|t:|1701040158\n|switch|p1a: \u65e0\u654c\u7684\u516d\u8fb9\u5f62|Swampert, M|100\/100\n|move|p2a: Tapu Koko|Grass Knot|p1a: \u65e0\u654c\u7684\u516d\u8fb9\u5f62\n|-supereffective|p1a: \u65e0\u654c\u7684\u516d\u8fb9\u5f62\n|-damage|p1a: \u65e0\u654c\u7684\u516d\u8fb9\u5f62|5\/100\n|\n|-weather|RainDance|[upkeep]\n|upkeep\n|turn|4\n|\n|t:|1701040167\n|switch|p2a: Ferrothorn|Ferrothorn, F|100\/100\n|-damage|p2a: Ferrothorn|95\/100|[from] Stealth Rock\n|detailschange|p1a: \u65e0\u654c\u7684\u516d\u8fb9\u5f62|Swampert-Mega, M\n|-mega|p1a: \u65e0\u654c\u7684\u516d\u8fb9\u5f62|Swampert|Swampertite\n|move|p1a: \u65e0\u654c\u7684\u516d\u8fb9\u5f62|Waterfall|p2a: Ferrothorn\n|-resisted|p2a: Ferrothorn\n|-damage|p2a: Ferrothorn|71\/100\n|-damage|p1a: \u65e0\u654c\u7684\u516d\u8fb9\u5f62|0 fnt|[from] ability: Iron Barbs|[of] p2a: Ferrothorn\n|faint|p1a: \u65e0\u654c\u7684\u516d\u8fb9\u5f62\n|\n|-weather|RainDance|[upkeep]\n|upkeep\n|\n|t:|1701040173\n|switch|p1a: \u4efb\u4f55\u7329\u7329\uff0c\u7ec8\u5c06\u7ef3\u4e4b\u4ee5\u6cd5\uff01|Overqwil, F|100\/100\n|turn|5\n|\n|t:|1701040176\n|-zpower|p1a: \u4efb\u4f55\u7329\u7329\uff0c\u7ec8\u5c06\u7ef3\u4e4b\u4ee5\u6cd5\uff01\n|move|p1a: \u4efb\u4f55\u7329\u7329\uff0c\u7ec8\u5c06\u7ef3\u4e4b\u4ee5\u6cd5\uff01|Black Hole Eclipse|p2a: Ferrothorn|[zeffect]\n|-damage|p2a: Ferrothorn|22\/100\n|move|p2a: Ferrothorn|Gyro Ball|p1a: \u4efb\u4f55\u7329\u7329\uff0c\u7ec8\u5c06\u7ef3\u4e4b\u4ee5\u6cd5\uff01\n|-damage|p1a: \u4efb\u4f55\u7329\u7329\uff0c\u7ec8\u5c06\u7ef3\u4e4b\u4ee5\u6cd5\uff01|45\/100\n|\n|-weather|RainDance|[upkeep]\n|-fieldend|move: Electric Terrain\n|upkeep\n|turn|6\n|\n|t:|1701040189\n|move|p1a: \u4efb\u4f55\u7329\u7329\uff0c\u7ec8\u5c06\u7ef3\u4e4b\u4ee5\u6cd5\uff01|Crunch|p2a: Ferrothorn\n|-damage|p2a: Ferrothorn|0 fnt\n|-damage|p1a: \u4efb\u4f55\u7329\u7329\uff0c\u7ec8\u5c06\u7ef3\u4e4b\u4ee5\u6cd5\uff01|33\/100|[from] ability: Iron Barbs|[of] p2a: Ferrothorn\n|-damage|p1a: \u4efb\u4f55\u7329\u7329\uff0c\u7ec8\u5c06\u7ef3\u4e4b\u4ee5\u6cd5\uff01|17\/100|[from] item: Rocky Helmet|[of] p2a: Ferrothorn\n|faint|p2a: Ferrothorn\n|\n|-weather|RainDance|[upkeep]\n|upkeep\n|\n|t:|1701040196\n|switch|p2a: Dragonite|Dragonite, F|100\/100\n|-damage|p2a: Dragonite|76\/100|[from] Stealth Rock\n|turn|7\n|\n|t:|1701040203\n|move|p2a: Dragonite|Extreme Speed|p1a: \u4efb\u4f55\u7329\u7329\uff0c\u7ec8\u5c06\u7ef3\u4e4b\u4ee5\u6cd5\uff01\n|-damage|p1a: \u4efb\u4f55\u7329\u7329\uff0c\u7ec8\u5c06\u7ef3\u4e4b\u4ee5\u6cd5\uff01|0 fnt\n|faint|p1a: \u4efb\u4f55\u7329\u7329\uff0c\u7ec8\u5c06\u7ef3\u4e4b\u4ee5\u6cd5\uff01\n|\n|-weather|RainDance|[upkeep]\n|upkeep\n|\n|t:|1701040211\n|switch|p1a: \u4f60\u9e1f\u54e5\u8fd8\u662f\u4f60\u9e1f\u54e5|Zapdos|100\/100\n|turn|8\n|\n|t:|1701040216\n|-terastallize|p2a: Dragonite|Normal\n|move|p2a: Dragonite|Extreme Speed|p1a: \u4f60\u9e1f\u54e5\u8fd8\u662f\u4f60\u9e1f\u54e5\n|-damage|p1a: \u4f60\u9e1f\u54e5\u8fd8\u662f\u4f60\u9e1f\u54e5|42\/100\n|move|p1a: \u4f60\u9e1f\u54e5\u8fd8\u662f\u4f60\u9e1f\u54e5|Thunderbolt|p2a: Dragonite\n|-damage|p2a: Dragonite|30\/100\n|\n|-weather|RainDance|[upkeep]\n|upkeep\n|turn|9\n|\n|t:|1701040224\n|switch|p1a: \u4f60\u600e\u4e48\u7761\u5f97\u7740\u7684|Ferrothorn, F|49\/100\n|move|p2a: Dragonite|Extreme Speed|p1a: \u4f60\u600e\u4e48\u7761\u5f97\u7740\u7684\n|-resisted|p1a: \u4f60\u600e\u4e48\u7761\u5f97\u7740\u7684\n|-damage|p1a: \u4f60\u600e\u4e48\u7761\u5f97\u7740\u7684|33\/100\n|-damage|p2a: Dragonite|18\/100|[from] ability: Iron Barbs|[of] p1a: \u4f60\u600e\u4e48\u7761\u5f97\u7740\u7684\n|\n|-weather|none\n|upkeep\n|turn|10\n|\n|t:|1701040230\n|move|p2a: Dragonite|Earthquake|p1a: \u4f60\u600e\u4e48\u7761\u5f97\u7740\u7684\n|-damage|p1a: \u4f60\u600e\u4e48\u7761\u5f97\u7740\u7684|3\/100\n|move|p1a: \u4f60\u600e\u4e48\u7761\u5f97\u7740\u7684|Spikes|p2a: Dragonite\n|-sidestart|p2: Oliotus|Spikes\n|\n|upkeep\n|turn|11\n|\n|t:|1701040236\n|switch|p1a: \u76d6\u9e25\u5361|Pelipper, F|93\/100\n|-weather|RainDance|[from] ability: Drizzle|[of] p1a: \u76d6\u9e25\u5361\n|move|p2a: Dragonite|Earthquake|p1a: \u76d6\u9e25\u5361\n|-immune|p1a: \u76d6\u9e25\u5361\n|\n|-weather|RainDance|[upkeep]\n|upkeep\n|turn|12\n|\n|t:|1701040245\n|move|p2a: Dragonite|Extreme Speed|p1a: \u76d6\u9e25\u5361\n|-damage|p1a: \u76d6\u9e25\u5361|42\/100\n|move|p1a: \u76d6\u9e25\u5361|U-turn|p2a: Dragonite\n|-damage|p2a: Dragonite|9\/100\n|\n|t:|1701040254\n|switch|p1a: \u4f60\u9e1f\u54e5\u8fd8\u662f\u4f60\u9e1f\u54e5|Zapdos|42\/100|[from] U-turn\n|\n|-weather|RainDance|[upkeep]\n|upkeep\n|turn|13\n|\n|t:|1701040258\n|switch|p1a: \u4f60\u600e\u4e48\u7761\u5f97\u7740\u7684|Ferrothorn, F|3\/100\n|move|p2a: Dragonite|Extreme Speed|p1a: \u4f60\u600e\u4e48\u7761\u5f97\u7740\u7684\n|-resisted|p1a: \u4f60\u600e\u4e48\u7761\u5f97\u7740\u7684\n|-damage|p1a: \u4f60\u600e\u4e48\u7761\u5f97\u7740\u7684|0 fnt\n|-damage|p2a: Dragonite|0 fnt|[from] ability: Iron Barbs|[of] p1a: \u4f60\u600e\u4e48\u7761\u5f97\u7740\u7684\n|faint|p1a: \u4f60\u600e\u4e48\u7761\u5f97\u7740\u7684\n|faint|p2a: Dragonite\n|\n|-weather|RainDance|[upkeep]\n|upkeep\n|\n|t:|1701040271\n|switch|p2a: Glimmora|Glimmora, M|100\/100\n|switch|p1a: \u86d9\u54e5\u6c34\u70ae\u4ece\u4e0dmiss|Greninja, M|100\/100\n|-damage|p2a: Glimmora|88\/100|[from] Stealth Rock\n|-damage|p2a: Glimmora|76\/100|[from] Spikes\n|turn|14\n|\n|t:|1701040279\n|move|p1a: \u86d9\u54e5\u6c34\u70ae\u4ece\u4e0dmiss|Hydro Pump|p2a: Glimmora\n|-supereffective|p2a: Glimmora\n|-damage|p2a: Glimmora|0 fnt\n|faint|p2a: Glimmora\n|-ability|p1a: \u86d9\u54e5\u6c34\u70ae\u4ece\u4e0dmiss|Battle Bond|boost\n|-boost|p1a: \u86d9\u54e5\u6c34\u70ae\u4ece\u4e0dmiss|atk|1\n|-boost|p1a: \u86d9\u54e5\u6c34\u70ae\u4ece\u4e0dmiss|spa|1\n|-boost|p1a: \u86d9\u54e5\u6c34\u70ae\u4ece\u4e0dmiss|spe|1\n|-activate|p1a: \u86d9\u54e5\u6c34\u70ae\u4ece\u4e0dmiss|ability: Battle Bond\n|-damage|p1a: \u86d9\u54e5\u6c34\u70ae\u4ece\u4e0dmiss|91\/100|[from] item: Life Orb\n|\n|-weather|RainDance|[upkeep]\n|upkeep\n|\n|t:|1701040282\n|switch|p2a: Clefable|Clefable, F|100\/100\n|-damage|p2a: Clefable|88\/100|[from] Stealth Rock\n|-damage|p2a: Clefable|76\/100|[from] Spikes\n|turn|15\n|\n|t:|1701040285\n|move|p1a: \u86d9\u54e5\u6c34\u70ae\u4ece\u4e0dmiss|Hydro Pump|p2a: Clefable\n|-damage|p2a: Clefable|0 fnt\n|faint|p2a: Clefable\n|-damage|p1a: \u86d9\u54e5\u6c34\u70ae\u4ece\u4e0dmiss|81\/100|[from] item: Life Orb\n|\n|-weather|RainDance|[upkeep]\n|upkeep\n|\n|t:|1701040291\n|switch|p2a: Greninja|Greninja, M|100\/100\n|-damage|p2a: Greninja|88\/100|[from] Stealth Rock\n|-damage|p2a: Greninja|76\/100|[from] Spikes\n|turn|16\n|\n|t:|1701040297\n|move|p1a: \u86d9\u54e5\u6c34\u70ae\u4ece\u4e0dmiss|Hydro Pump|p2a: Greninja|[miss]\n|-miss|p1a: \u86d9\u54e5\u6c34\u70ae\u4ece\u4e0dmiss|p2a: Greninja\n|move|p2a: Greninja|Brick Break|p1a: \u86d9\u54e5\u6c34\u70ae\u4ece\u4e0dmiss\n|-supereffective|p1a: \u86d9\u54e5\u6c34\u70ae\u4ece\u4e0dmiss\n|-damage|p1a: \u86d9\u54e5\u6c34\u70ae\u4ece\u4e0dmiss|26\/100\n|\n|-weather|RainDance|[upkeep]\n|upkeep\n|turn|17\n|\n|t:|1701040305\n|move|p1a: \u86d9\u54e5\u6c34\u70ae\u4ece\u4e0dmiss|Hydro Pump|p2a: Greninja\n|-resisted|p2a: Greninja\n|-damage|p2a: Greninja|0 fnt\n|faint|p2a: Greninja\n|-damage|p1a: \u86d9\u54e5\u6c34\u70ae\u4ece\u4e0dmiss|16\/100|[from] item: Life Orb\n|\n|-weather|RainDance|[upkeep]\n|upkeep\n|\n|t:|1701040307\n|switch|p2a: Tapu Koko|Tapu Koko|100\/100\n|-damage|p2a: Tapu Koko|88\/100|[from] Stealth Rock\n|-fieldstart|move: Electric Terrain|[from] ability: Electric Surge|[of] p2a: Tapu Koko\n|-item|p2a: Tapu Koko|Air Balloon\n|turn|18\n|\n|t:|1701040310\n|move|p1a: \u86d9\u54e5\u6c34\u70ae\u4ece\u4e0dmiss|Hydro Pump|p2a: Tapu Koko\n|-damage|p2a: Tapu Koko|0 fnt\n|-enditem|p2a: Tapu Koko|Air Balloon\n|faint|p2a: Tapu Koko\n|-damage|p1a: \u86d9\u54e5\u6c34\u70ae\u4ece\u4e0dmiss|6\/100|[from] item: Life Orb\n|\n|win|congpizza\n|raw|congpizza's rating: 1282 &rarr; <strong>1306<\/strong><br \/>(+24 for winning)\n|raw|Oliotus's rating: 1268 &rarr; <strong>1244<\/strong><br \/>(-24 for losing)\n|l|\u2606Oliotus\n","uploadtime":1701040320,"views":3,"p1id":"congpizza","p2id":"oliotus","formatid":"gen9nationaldex","rating":1244,"private":0,"password":""}