{"id":"gen9nationaldex-1994589538","p1":"shiro0620","p2":"zhoukoudiaomao","format":"[Gen 9] National Dex","log":"|html|<div class=\"broadcast-blue\"><strong>[Gen 9] National Dex is currently suspecting Sneasler! For information on how to participate check out the <a href=\"https:\/\/www.smogon.com\/forums\/threads\/sv-national-dex-suspect-8-just-dance.3731534\/\">suspect thread<\/a>.<\/strong><\/div>\n|j|\u2606shiro0620\n|j|\u2606zhoukoudiaomao\n|t:|1700465261\n|gametype|singles\n|player|p1|shiro0620|lillie-z|1132\n|player|p2|zhoukoudiaomao|169|1147\n|teamsize|p1|6\n|teamsize|p2|6\n|gen|9\n|tier|[Gen 9] National Dex\n|rated|\n|rule|HP Percentage Mod: HP is shown in percentages\n|rule|Endless Battle Clause: Forcing endless battles is banned\n|rule|OHKO Clause: OHKO moves are banned\n|rule|Evasion Clause: Evasion abilities, items, and moves are banned\n|rule|Evasion Abilities Clause: Evasion abilities are banned\n|rule|Evasion Items Clause: Evasion items are banned\n|rule|Evasion Moves Clause: Evasion moves are banned\n|rule|Species Clause: Limit one of each Pok\u00e9mon\n|rule|Sleep Clause Mod: Limit one foe put to sleep\n|clearpoke\n|poke|p1|Rillaboom, F|\n|poke|p1|Heatran, M|\n|poke|p1|Urshifu-*, M|\n|poke|p1|Slowking-Galar, F|\n|poke|p1|Thundurus-Therian, M|\n|poke|p1|Weezing-Galar, M|\n|poke|p2|Iron Treads|\n|poke|p2|Greninja-*, M|\n|poke|p2|Zapdos|\n|poke|p2|Kartana|\n|poke|p2|Clodsire, F|\n|poke|p2|Beedrill, F|\n|teampreview\n|inactive|Battle timer is ON: inactive players will automatically lose when time's up. (requested by zhoukoudiaomao)\n|\n|t:|1700465283\n|start\n|switch|p1a: Slowking|Slowking-Galar, F|100\/100\n|switch|p2a: Iron Treads|Iron Treads|100\/100\n|turn|1\n|\n|t:|1700465301\n|move|p2a: Iron Treads|Stealth Rock|p1a: Slowking\n|-sidestart|p1: shiro0620|move: Stealth Rock\n|move|p1a: Slowking|Chilly Reception|p1a: Slowking\n|-weather|Snow\n|\n|t:|1700465307\n|switch|p1a: Urshifu|Urshifu-Rapid-Strike, M|100\/100|[from] Chilly Reception\n|-damage|p1a: Urshifu|94\/100|[from] Stealth Rock\n|\n|-weather|Snow|[upkeep]\n|upkeep\n|turn|2\n|\n|t:|1700465327\n|move|p2a: Iron Treads|Rapid Spin|p1a: Urshifu\n|-damage|p1a: Urshifu|77\/100\n|-boost|p2a: Iron Treads|spe|1\n|move|p1a: Urshifu|Surging Strikes|p2a: Iron Treads\n|-supereffective|p2a: Iron Treads\n|-crit|p2a: Iron Treads\n|-damage|p2a: Iron Treads|22\/100\n|-supereffective|p2a: Iron Treads\n|-crit|p2a: Iron Treads\n|-damage|p2a: Iron Treads|0 fnt\n|faint|p2a: Iron Treads\n|-end|p2a: Iron Treads|Quark Drive|[silent]\n|-hitcount|p2: Iron Treads|2\n|\n|-weather|Snow|[upkeep]\n|upkeep\n|\n|t:|1700465339\n|switch|p2a: Kartana|Kartana|100\/100\n|turn|3\n|\n|t:|1700465345\n|switch|p1a: Weezing|Weezing-Galar, M|100\/100\n|-damage|p1a: Weezing|88\/100|[from] Stealth Rock\n|move|p2a: Kartana|Knock Off|p1a: Weezing\n|-resisted|p1a: Weezing\n|-crit|p1a: Weezing\n|-damage|p1a: Weezing|67\/100\n|-enditem|p1a: Weezing|Leftovers|[from] move: Knock Off|[of] p2a: Kartana\n|\n|-weather|Snow|[upkeep]\n|upkeep\n|turn|4\n|inactive|zhoukoudiaomao has 120 seconds left.\n|\n|t:|1700465368\n|switch|p2a: Clodsire|Clodsire, F|100\/100\n|move|p1a: Weezing|Will-O-Wisp|p2a: Clodsire\n|-status|p2a: Clodsire|brn\n|\n|-weather|Snow|[upkeep]\n|-damage|p2a: Clodsire|94\/100 brn|[from] brn\n|upkeep\n|turn|5\n|\n|t:|1700465378\n|switch|p2a: Zapdos|Zapdos|100\/100\n|move|p1a: Weezing|Defog|p2a: Zapdos\n|-unboost|p2a: Zapdos|evasion|1\n|-sideend|p1: shiro0620|Stealth Rock|[from] move: Defog|[of] p1a: Weezing\n|\n|-weather|none\n|upkeep\n|turn|6\n|\n|t:|1700465385\n|switch|p1a: Thundurus|Thundurus-Therian, M|100\/100\n|move|p2a: Zapdos|Hurricane|p1a: Thundurus\n|-resisted|p1a: Thundurus\n|-crit|p1a: Thundurus\n|-damage|p1a: Thundurus|51\/100\n|\n|upkeep\n|turn|7\n|\n|t:|1700465395\n|switch|p2a: Clodsire|Clodsire, F|94\/100 brn\n|move|p1a: Thundurus|Volt Switch|p2a: Clodsire\n|-immune|p2a: Clodsire\n|\n|-heal|p2a: Clodsire|100\/100 brn|[from] item: Black Sludge\n|-damage|p2a: Clodsire|94\/100 brn|[from] brn\n|upkeep\n|turn|8\n|\n|t:|1700465408\n|switch|p1a: Slowking|Slowking-Galar, F|100\/100\n|switch|p2a: Zapdos|Zapdos|100\/100\n|\n|upkeep\n|turn|9\n|\n|t:|1700465418\n|move|p2a: Zapdos|Hurricane|p1a: Slowking\n|-damage|p1a: Slowking|65\/100\n|move|p1a: Slowking|Chilly Reception|p1a: Slowking\n|-weather|Snow\n|\n|t:|1700465428\n|switch|p1a: Heatran|Heatran, M|100\/100|[from] Chilly Reception\n|\n|-weather|Snow|[upkeep]\n|upkeep\n|turn|10\n|\n|t:|1700465434\n|switch|p2a: Clodsire|Clodsire, F|94\/100 brn\n|move|p1a: Heatran|Stealth Rock|p2a: Clodsire\n|-sidestart|p2: zhoukoudiaomao|move: Stealth Rock\n|\n|-weather|Snow|[upkeep]\n|-heal|p2a: Clodsire|100\/100 brn|[from] item: Black Sludge\n|-damage|p2a: Clodsire|94\/100 brn|[from] brn\n|upkeep\n|turn|11\n|\n|t:|1700465454\n|move|p1a: Heatran|Taunt|p2a: Clodsire\n|-start|p2a: Clodsire|move: Taunt\n|move|p2a: Clodsire|Earthquake|p1a: Heatran\n|-supereffective|p1a: Heatran\n|-damage|p1a: Heatran|55\/100\n|\n|-weather|Snow|[upkeep]\n|-heal|p1a: Heatran|61\/100|[from] item: Leftovers\n|-heal|p2a: Clodsire|100\/100 brn|[from] item: Black Sludge\n|-damage|p2a: Clodsire|94\/100 brn|[from] brn\n|upkeep\n|turn|12\n|\n|t:|1700465462\n|switch|p1a: Rillaboom|Rillaboom, F|100\/100\n|-fieldstart|move: Grassy Terrain|[from] ability: Grassy Surge|[of] p1a: Rillaboom\n|switch|p2a: Zapdos|Zapdos|100\/100\n|\n|-weather|Snow|[upkeep]\n|upkeep\n|turn|13\n|\n|t:|1700465472\n|switch|p1a: Slowking|Slowking-Galar, F|98\/100\n|move|p2a: Zapdos|Defog|p1a: Slowking\n|-unboost|p1a: Slowking|evasion|1\n|-sideend|p2: zhoukoudiaomao|Stealth Rock|[from] move: Defog|[of] p2a: Zapdos\n|-fieldend|move: Grassy Terrain\n|\n|-weather|none\n|upkeep\n|turn|14\n|\n|t:|1700465481\n|move|p2a: Zapdos|Volt Switch|p1a: Slowking\n|-damage|p1a: Slowking|75\/100\n|\n|t:|1700465484\n|switch|p2a: Beedrill|Beedrill, F|100\/100|[from] Volt Switch\n|move|p1a: Slowking|Future Sight|p2a: Beedrill\n|-start|p1a: Slowking|move: Future Sight\n|\n|upkeep\n|turn|15\n|\n|t:|1700465500\n|detailschange|p2a: Beedrill|Beedrill-Mega, F\n|-mega|p2a: Beedrill|Beedrill|Beedrillite\n|move|p2a: Beedrill|U-turn|p1a: Slowking\n|-damage|p1a: Slowking|28\/100\n|\n|t:|1700465509\n|switch|p2a: Zapdos|Zapdos|100\/100|[from] U-turn\n|move|p1a: Slowking|Thunder Wave|p2a: Zapdos\n|-immune|p2a: Zapdos\n|\n|upkeep\n|turn|16\n|\n|t:|1700465519\n|switch|p1a: Thundurus|Thundurus-Therian, M|51\/100\n|move|p2a: Zapdos|Volt Switch|p1a: Thundurus\n|-heal|p1a: Thundurus|75\/100|[from] ability: Volt Absorb|[of] p2a: Zapdos\n|\n|-end|p2a: Zapdos|move: Future Sight\n|-damage|p2a: Zapdos|59\/100\n|upkeep\n|turn|17\n|\n|t:|1700465540\n|move|p1a: Thundurus|Thunderbolt|p2a: Zapdos\n|-damage|p2a: Zapdos|6\/100\n|move|p2a: Zapdos|Roost|p2a: Zapdos\n|-heal|p2a: Zapdos|56\/100\n|-singleturn|p2a: Zapdos|move: Roost\n|\n|upkeep\n|turn|18\n|\n|t:|1700465552\n|switch|p1a: Rillaboom|Rillaboom, F|100\/100\n|-fieldstart|move: Grassy Terrain|[from] ability: Grassy Surge|[of] p1a: Rillaboom\n|move|p2a: Zapdos|Roost|p2a: Zapdos\n|-heal|p2a: Zapdos|100\/100\n|-singleturn|p2a: Zapdos|move: Roost\n|\n|upkeep\n|turn|19\n|\n|t:|1700465565\n|switch|p1a: Thundurus|Thundurus-Therian, M|75\/100\n|move|p2a: Zapdos|Hurricane|p1a: Thundurus\n|-resisted|p1a: Thundurus\n|-damage|p1a: Thundurus|46\/100\n|\n|upkeep\n|turn|20\n|\n|t:|1700465577\n|switch|p2a: Clodsire|Clodsire, F|94\/100 brn\n|move|p1a: Thundurus|Volt Switch|p2a: Clodsire\n|-immune|p2a: Clodsire\n|\n|-heal|p2a: Clodsire|100\/100 brn|[from] Grassy Terrain\n|-damage|p2a: Clodsire|94\/100 brn|[from] brn\n|upkeep\n|turn|21\n|inactive|shiro0620 has 120 seconds left.\n|\n|t:|1700465606\n|switch|p1a: Heatran|Heatran, M|61\/100\n|move|p2a: Clodsire|Earthquake|p1a: Heatran\n|-supereffective|p1a: Heatran\n|-damage|p1a: Heatran|37\/100\n|\n|-heal|p1a: Heatran|44\/100|[from] Grassy Terrain\n|-heal|p1a: Heatran|50\/100|[from] item: Leftovers\n|-heal|p2a: Clodsire|100\/100 brn|[from] Grassy Terrain\n|-damage|p2a: Clodsire|94\/100 brn|[from] brn\n|upkeep\n|turn|22\n|\n|t:|1700465617\n|switch|p2a: Greninja|Greninja, M|100\/100\n|move|p1a: Heatran|Stealth Rock|p2a: Greninja\n|-sidestart|p2: zhoukoudiaomao|move: Stealth Rock\n|\n|-heal|p1a: Heatran|56\/100|[from] Grassy Terrain\n|-heal|p1a: Heatran|62\/100|[from] item: Leftovers\n|-fieldend|move: Grassy Terrain\n|upkeep\n|turn|23\n|\n|t:|1700465626\n|switch|p2a: Zapdos|Zapdos|100\/100\n|switch|p1a: Slowking|Slowking-Galar, F|61\/100\n|\n|upkeep\n|turn|24\n|\n|t:|1700465632\n|move|p2a: Zapdos|Defog|p1a: Slowking\n|-unboost|p1a: Slowking|evasion|1\n|-sideend|p2: zhoukoudiaomao|Stealth Rock|[from] move: Defog|[of] p2a: Zapdos\n|move|p1a: Slowking|Chilly Reception|p1a: Slowking\n|-weather|Snow\n|\n|t:|1700465641\n|switch|p1a: Heatran|Heatran, M|62\/100|[from] Chilly Reception\n|\n|-weather|Snow|[upkeep]\n|-heal|p1a: Heatran|69\/100|[from] item: Leftovers\n|upkeep\n|turn|25\n|\n|t:|1700465647\n|move|p2a: Zapdos|Volt Switch|p1a: Heatran\n|-damage|p1a: Heatran|50\/100\n|\n|t:|1700465651\n|switch|p2a: Beedrill|Beedrill-Mega, F|100\/100|[from] Volt Switch\n|move|p1a: Heatran|Magma Storm|p2a: Beedrill\n|-supereffective|p2a: Beedrill\n|-damage|p2a: Beedrill|0 fnt\n|faint|p2a: Beedrill\n|\n|-weather|Snow|[upkeep]\n|-heal|p1a: Heatran|57\/100|[from] item: Leftovers\n|upkeep\n|\n|t:|1700465663\n|switch|p2a: Kartana|Kartana|100\/100\n|turn|26\n|\n|t:|1700465675\n|switch|p1a: Slowking|Slowking-Galar, F|95\/100\n|move|p2a: Kartana|Sacred Sword|p1a: Slowking\n|-resisted|p1a: Slowking\n|-damage|p1a: Slowking|87\/100\n|\n|-weather|Snow|[upkeep]\n|upkeep\n|turn|27\n|\n|t:|1700465690\n|switch|p2a: Clodsire|Clodsire, F|94\/100 brn\n|move|p1a: Slowking|Future Sight|p2a: Clodsire\n|-start|p1a: Slowking|move: Future Sight\n|\n|-weather|Snow|[upkeep]\n|-heal|p2a: Clodsire|100\/100 brn|[from] item: Black Sludge\n|-damage|p2a: Clodsire|94\/100 brn|[from] brn\n|upkeep\n|turn|28\n|\n|t:|1700465701\n|move|p2a: Clodsire|Earthquake|p1a: Slowking\n|-supereffective|p1a: Slowking\n|-damage|p1a: Slowking|64\/100\n|move|p1a: Slowking|Chilly Reception|p1a: Slowking\n|\n|t:|1700465708\n|switch|p1a: Rillaboom|Rillaboom, F|100\/100|[from] Chilly Reception\n|-fieldstart|move: Grassy Terrain|[from] ability: Grassy Surge|[of] p1a: Rillaboom\n|\n|-weather|none\n|-heal|p2a: Clodsire|100\/100 brn|[from] Grassy Terrain\n|-damage|p2a: Clodsire|94\/100 brn|[from] brn\n|upkeep\n|turn|29\n|\n|t:|1700465715\n|move|p1a: Rillaboom|Knock Off|p2a: Clodsire\n|-damage|p2a: Clodsire|33\/100 brn\n|-enditem|p2a: Clodsire|Black Sludge|[from] move: Knock Off|[of] p1a: Rillaboom\n|move|p2a: Clodsire|Toxic|p1a: Rillaboom\n|-status|p1a: Rillaboom|tox\n|\n|-end|p2a: Clodsire|move: Future Sight\n|-supereffective|p2a: Clodsire\n|-damage|p2a: Clodsire|0 fnt\n|faint|p2a: Clodsire\n|-damage|p1a: Rillaboom|94\/100 tox|[from] psn\n|upkeep\n|\n|t:|1700465722\n|switch|p2a: Kartana|Kartana|100\/100\n|turn|30\n|\n|t:|1700465729\n|switch|p1a: Slowking|Slowking-Galar, F|97\/100\n|move|p2a: Kartana|Leaf Blade|p1a: Slowking\n|-resisted|p1a: Slowking\n|-damage|p1a: Slowking|64\/100\n|\n|-heal|p1a: Slowking|70\/100|[from] Grassy Terrain\n|upkeep\n|turn|31\n|\n|t:|1700465738\n|switch|p2a: Zapdos|Zapdos|100\/100\n|move|p1a: Slowking|Chilly Reception|p1a: Slowking\n|-weather|Snow\n|\n|t:|1700465742\n|switch|p1a: Thundurus|Thundurus-Therian, M|46\/100|[from] Chilly Reception\n|\n|-weather|Snow|[upkeep]\n|upkeep\n|turn|32\n|\n|t:|1700465766\n|switch|p2a: Kartana|Kartana|100\/100\n|move|p1a: Thundurus|Volt Switch|p2a: Kartana\n|-resisted|p2a: Kartana\n|-damage|p2a: Kartana|33\/100\n|\n|t:|1700465782\n|switch|p1a: Slowking|Slowking-Galar, F|100\/100|[from] Volt Switch\n|\n|-weather|Snow|[upkeep]\n|-heal|p2a: Kartana|39\/100|[from] Grassy Terrain\n|-fieldend|move: Grassy Terrain\n|upkeep\n|turn|33\n|\n|t:|1700465785\n|move|p2a: Kartana|Knock Off|p1a: Slowking\n|-supereffective|p1a: Slowking\n|-damage|p1a: Slowking|27\/100\n|-enditem|p1a: Slowking|Heavy-Duty Boots|[from] move: Knock Off|[of] p2a: Kartana\n|move|p1a: Slowking|Chilly Reception|p1a: Slowking\n|\n|t:|1700465792\n|switch|p1a: Thundurus|Thundurus-Therian, M|46\/100|[from] Chilly Reception\n|\n|-weather|Snow|[upkeep]\n|upkeep\n|turn|34\n|\n|t:|1700465799\n|move|p2a: Kartana|Knock Off|p1a: Thundurus\n|-damage|p1a: Thundurus|0 fnt\n|-enditem|p1a: Thundurus|Choice Scarf|[from] move: Knock Off|[of] p2a: Kartana\n|faint|p1a: Thundurus\n|-ability|p2a: Kartana|Beast Boost|boost\n|-boost|p2a: Kartana|atk|1\n|\n|-weather|Snow|[upkeep]\n|upkeep\n|inactive|shiro0620 has 120 seconds left.\n|\n|t:|1700465831\n|switch|p1a: Rillaboom|Rillaboom, F|94\/100 tox\n|-fieldstart|move: Grassy Terrain|[from] ability: Grassy Surge|[of] p1a: Rillaboom\n|turn|35\n|\n|t:|1700465837\n|move|p2a: Kartana|Knock Off|p1a: Rillaboom\n|-damage|p1a: Rillaboom|24\/100 tox\n|-enditem|p1a: Rillaboom|Choice Band|[from] move: Knock Off|[of] p2a: Kartana\n|move|p1a: Rillaboom|U-turn|p2a: Kartana\n|-damage|p2a: Kartana|12\/100\n|inactive|shiro0620 has 120 seconds left.\n|\n|t:|1700465849\n|switch|p1a: Urshifu|Urshifu-Rapid-Strike, M|77\/100|[from] U-turn\n|\n|-weather|none\n|-heal|p2a: Kartana|18\/100|[from] Grassy Terrain\n|-heal|p1a: Urshifu|83\/100|[from] Grassy Terrain\n|upkeep\n|turn|36\n|inactive|zhoukoudiaomao has 120 seconds left.\n|\n|t:|1700465884\n|-terastallize|p1a: Urshifu|Water\n|move|p1a: Urshifu|Aqua Jet|p2a: Kartana\n|-resisted|p2a: Kartana\n|-damage|p2a: Kartana|0 fnt\n|faint|p2a: Kartana\n|\n|-heal|p1a: Urshifu|89\/100|[from] Grassy Terrain\n|upkeep\n|\n|t:|1700465891\n|switch|p2a: Zapdos|Zapdos|100\/100\n|turn|37\n|inactive|zhoukoudiaomao has 120 seconds left.\n|\n|t:|1700465902\n|switch|p1a: Weezing|Weezing-Galar, M|67\/100\n|move|p2a: Zapdos|Hurricane|p1a: Weezing\n|-damage|p1a: Weezing|5\/100\n|\n|upkeep\n|turn|38\n|\n|t:|1700465912\n|move|p2a: Zapdos|Volt Switch|p1a: Weezing\n|-damage|p1a: Weezing|0 fnt\n|faint|p1a: Weezing\n|\n|t:|1700465913\n|switch|p2a: Greninja|Greninja, M|100\/100|[from] Volt Switch\n|\n|upkeep\n|inactive|shiro0620 has 120 seconds left.\n|\n|t:|1700465954\n|switch|p1a: Urshifu|Urshifu-Rapid-Strike, M, tera:Water|89\/100\n|turn|39\n|\n|t:|1700465965\n|switch|p2a: Zapdos|Zapdos|100\/100\n|move|p1a: Urshifu|U-turn|p2a: Zapdos\n|-resisted|p2a: Zapdos\n|-damage|p2a: Zapdos|86\/100\n|-status|p1a: Urshifu|par|[from] ability: Static|[of] p2a: Zapdos\n|\n|t:|1700465975\n|switch|p1a: Heatran|Heatran, M|57\/100|[from] U-turn\n|\n|-heal|p1a: Heatran|63\/100|[from] Grassy Terrain\n|-heal|p1a: Heatran|69\/100|[from] item: Leftovers\n|-fieldend|move: Grassy Terrain\n|upkeep\n|turn|40\n|\n|t:|1700465983\n|move|p2a: Zapdos|Volt Switch|p1a: Heatran\n|-damage|p1a: Heatran|51\/100\n|\n|t:|1700465984\n|switch|p2a: Greninja|Greninja, M|100\/100|[from] Volt Switch\n|move|p1a: Heatran|Magma Storm|p2a: Greninja|[miss]\n|-miss|p1a: Heatran|p2a: Greninja\n|\n|-heal|p1a: Heatran|58\/100|[from] item: Leftovers\n|upkeep\n|turn|41\n|inactive|shiro0620 has 120 seconds left.\n|\n|t:|1700466000\n|-terastallize|p2a: Greninja|Water\n|move|p2a: Greninja|Surf|p1a: Heatran\n|-supereffective|p1a: Heatran\n|-damage|p1a: Heatran|0 fnt\n|faint|p1a: Heatran\n|-ability|p2a: Greninja|Battle Bond|boost\n|-boost|p2a: Greninja|atk|1\n|-boost|p2a: Greninja|spa|1\n|-boost|p2a: Greninja|spe|1\n|-activate|p2a: Greninja|ability: Battle Bond\n|-damage|p2a: Greninja|91\/100|[from] item: Life Orb\n|\n|upkeep\n|\n|t:|1700466004\n|switch|p1a: Rillaboom|Rillaboom, F|24\/100 tox\n|-fieldstart|move: Grassy Terrain|[from] ability: Grassy Surge|[of] p1a: Rillaboom\n|turn|42\n|\n|t:|1700466007\n|switch|p2a: Zapdos|Zapdos|86\/100\n|move|p1a: Rillaboom|Grassy Glide|p2a: Zapdos\n|-resisted|p2a: Zapdos\n|-damage|p2a: Zapdos|71\/100\n|\n|-heal|p1a: Rillaboom|30\/100 tox|[from] Grassy Terrain\n|-damage|p1a: Rillaboom|24\/100 tox|[from] psn\n|upkeep\n|turn|43\n|\n|t:|1700466020\n|switch|p1a: Slowking|Slowking-Galar, F|61\/100\n|move|p2a: Zapdos|Hurricane|p1a: Slowking\n|-damage|p1a: Slowking|25\/100\n|\n|-heal|p1a: Slowking|31\/100|[from] Grassy Terrain\n|upkeep\n|turn|44\n|\n|t:|1700466027\n|move|p2a: Zapdos|Hurricane|p1a: Slowking\n|-damage|p1a: Slowking|1\/100\n|-start|p1a: Slowking|confusion\n|-activate|p1a: Slowking|confusion\n|-damage|p1a: Slowking|0 fnt|[from] confusion\n|faint|p1a: Slowking\n|\n|upkeep\n|\n|t:|1700466036\n|switch|p1a: Urshifu|Urshifu-Rapid-Strike, M, tera:Water|89\/100 par\n|turn|45\n|c|\u2606zhoukoudiaomao|\u7f81\u7eca\u62c9\u6ee1\u4e86\n|\n|t:|1700466051\n|move|p2a: Zapdos|Volt Switch|p1a: Urshifu\n|-supereffective|p1a: Urshifu\n|-damage|p1a: Urshifu|8\/100 par\n|l|\u2606zhoukoudiaomao\n|inactive|zhoukoudiaomao disconnected and has a minute to reconnect!\n|player|p2|\n|j|\u2606zhoukoudiaomao\n|inactive|zhoukoudiaomao reconnected and has 125 seconds left.\n|player|p2|zhoukoudiaomao|169\n|\n|t:|1700466076\n|switch|p2a: Greninja|Greninja, M, tera:Water|91\/100|[from] Volt Switch\n|move|p1a: Urshifu|Surging Strikes|p2a: Greninja\n|-resisted|p2a: Greninja\n|-crit|p2a: Greninja\n|-damage|p2a: Greninja|55\/100\n|-resisted|p2a: Greninja\n|-crit|p2a: Greninja\n|-damage|p2a: Greninja|20\/100\n|-resisted|p2a: Greninja\n|-crit|p2a: Greninja\n|-damage|p2a: Greninja|0 fnt\n|faint|p2a: Greninja\n|-hitcount|p2: Greninja|3\n|\n|-heal|p1a: Urshifu|15\/100 par|[from] Grassy Terrain\n|upkeep\n|\n|t:|1700466077\n|switch|p2a: Zapdos|Zapdos|71\/100\n|turn|46\n|\n|t:|1700466101\n|move|p2a: Zapdos|Volt Switch|p1a: Urshifu\n|-supereffective|p1a: Urshifu\n|-damage|p1a: Urshifu|0 fnt\n|faint|p1a: Urshifu\n|\n|-fieldend|move: Grassy Terrain\n|upkeep\n|\n|t:|1700466104\n|switch|p1a: Rillaboom|Rillaboom, F|24\/100 tox\n|-fieldstart|move: Grassy Terrain|[from] ability: Grassy Surge|[of] p1a: Rillaboom\n|turn|47\n|\n|t:|1700466113\n|move|p1a: Rillaboom|Wood Hammer|p2a: Zapdos\n|-resisted|p2a: Zapdos\n|-damage|p2a: Zapdos|42\/100\n|-damage|p1a: Rillaboom|13\/100 tox|[from] Recoil\n|move|p2a: Zapdos|Hurricane|p1a: Rillaboom\n|-supereffective|p1a: Rillaboom\n|-damage|p1a: Rillaboom|0 fnt\n|faint|p1a: Rillaboom\n|\n|win|zhoukoudiaomao\n|raw|shiro0620's rating: 1132 &rarr; <strong>1108<\/strong><br \/>(-24 for losing)\n|raw|zhoukoudiaomao's rating: 1147 &rarr; <strong>1171<\/strong><br \/>(+24 for winning)\n|l|\u2606shiro0620\n","uploadtime":1700466175,"views":3,"p1id":"shiro0620","p2id":"zhoukoudiaomao","formatid":"gen9nationaldex","rating":1108,"private":0,"password":""}