{"id":"gen9nationaldex-1999473941","p1":"AesirEcho","p2":"Bulka4000","format":"[Gen 9] National Dex","log":"|html|<div class=\"broadcast-blue\"><strong>[Gen 9] National Dex is currently suspecting Sneasler! For information on how to participate check out the <a href=\"https:\/\/www.smogon.com\/forums\/threads\/sv-national-dex-suspect-8-just-dance.3731534\/\">suspect thread<\/a>.<\/strong><\/div>\n|j|\u2606AesirEcho\n|j|\u2606Bulka4000\n|t:|1701085997\n|gametype|singles\n|player|p1|AesirEcho|ethan-masters|\n|player|p2|Bulka4000|265|\n|teamsize|p1|6\n|teamsize|p2|6\n|gen|9\n|tier|[Gen 9] National Dex\n|rule|HP Percentage Mod: HP is shown in percentages\n|rule|Endless Battle Clause: Forcing endless battles is banned\n|rule|OHKO Clause: OHKO moves are banned\n|rule|Evasion Clause: Evasion abilities, items, and moves are banned\n|rule|Evasion Abilities Clause: Evasion abilities are banned\n|rule|Evasion Items Clause: Evasion items are banned\n|rule|Evasion Moves Clause: Evasion moves are banned\n|rule|Species Clause: Limit one of each Pok\u00e9mon\n|rule|Sleep Clause Mod: Limit one foe put to sleep\n|clearpoke\n|poke|p1|Gyarados, F|\n|poke|p1|Iron Valiant|\n|poke|p1|Samurott-Hisui, F|\n|poke|p1|Gliscor, M|\n|poke|p1|Heatran, M|\n|poke|p1|Moltres|\n|poke|p2|Gengar, F|\n|poke|p2|Zamazenta-*|\n|poke|p2|Garchomp, F|\n|poke|p2|Ting-Lu|\n|poke|p2|Skeledirge, F|\n|poke|p2|Rotom-Wash|\n|teampreview\n|\n|t:|1701086009\n|start\n|switch|p1a: Dominus Terrae|Gliscor, M|100\/100\n|switch|p2a: Rotom|Rotom-Wash|100\/100\n|turn|1\n|\n|t:|1701086017\n|switch|p1a: Victor Mare|Samurott-Hisui, F|100\/100\n|move|p2a: Rotom|Hydro Pump|p1a: Victor Mare\n|-resisted|p1a: Victor Mare\n|-damage|p1a: Victor Mare|68\/100\n|\n|upkeep\n|turn|2\n|\n|t:|1701086025\n|move|p1a: Victor Mare|Ceaseless Edge|p2a: Rotom\n|-damage|p2a: Rotom|57\/100\n|-sidestart|p2: Bulka4000|Spikes\n|move|p2a: Rotom|Volt Switch|p1a: Victor Mare\n|-supereffective|p1a: Victor Mare\n|-crit|p1a: Victor Mare\n|-damage|p1a: Victor Mare|0 fnt\n|faint|p1a: Victor Mare\n|\n|t:|1701086034\n|switch|p2a: Ting-Lu|Ting-Lu|100\/100|[from] Volt Switch\n|-damage|p2a: Ting-Lu|88\/100|[from] Spikes\n|-ability|p2a: Ting-Lu|Vessel of Ruin\n|\n|-heal|p2a: Ting-Lu|94\/100|[from] item: Leftovers\n|upkeep\n|\n|t:|1701086046\n|switch|p1a: Domina Aestuum|Gyarados, F|100\/100\n|-ability|p1a: Domina Aestuum|Intimidate|boost\n|-unboost|p2a: Ting-Lu|atk|1\n|turn|3\n|\n|t:|1701086053\n|move|p1a: Domina Aestuum|Substitute|p1a: Domina Aestuum\n|-start|p1a: Domina Aestuum|Substitute\n|-damage|p1a: Domina Aestuum|76\/100\n|move|p2a: Ting-Lu|Ruination|p1a: Domina Aestuum\n|-end|p1a: Domina Aestuum|Substitute\n|\n|-heal|p2a: Ting-Lu|100\/100|[from] item: Leftovers\n|upkeep\n|turn|4\n|\n|t:|1701086083\n|switch|p1a: Imperatrix Umbrosa|Iron Valiant|100\/100\n|move|p2a: Ting-Lu|Whirlwind|p1a: Imperatrix Umbrosa\n|-end|p1a: Imperatrix Umbrosa|Quark Drive|[silent]\n|drag|p1a: Vultur Volans|Moltres|100\/100\n|\n|upkeep\n|turn|5\n|\n|t:|1701086093\n|move|p1a: Vultur Volans|U-turn|p2a: Ting-Lu\n|-supereffective|p2a: Ting-Lu\n|-damage|p2a: Ting-Lu|82\/100\n|\n|t:|1701086101\n|switch|p1a: Imperatrix Umbrosa|Iron Valiant|100\/100|[from] U-turn\n|move|p2a: Ting-Lu|Ruination|p1a: Imperatrix Umbrosa\n|-damage|p1a: Imperatrix Umbrosa|51\/100\n|\n|-heal|p2a: Ting-Lu|88\/100|[from] item: Leftovers\n|upkeep\n|turn|6\n|\n|t:|1701086110\n|move|p1a: Imperatrix Umbrosa|Close Combat|p2a: Ting-Lu\n|-supereffective|p2a: Ting-Lu\n|-damage|p2a: Ting-Lu|31\/100\n|-unboost|p1a: Imperatrix Umbrosa|def|1\n|-unboost|p1a: Imperatrix Umbrosa|spd|1\n|move|p2a: Ting-Lu|Earthquake|p1a: Imperatrix Umbrosa\n|-damage|p1a: Imperatrix Umbrosa|0 fnt\n|faint|p1a: Imperatrix Umbrosa\n|-end|p1a: Imperatrix Umbrosa|Quark Drive|[silent]\n|\n|-heal|p2a: Ting-Lu|37\/100|[from] item: Leftovers\n|upkeep\n|\n|t:|1701086124\n|switch|p1a: Domina Aestuum|Gyarados, F|76\/100\n|-ability|p1a: Domina Aestuum|Intimidate|boost\n|-unboost|p2a: Ting-Lu|atk|1\n|turn|7\n|\n|t:|1701086130\n|move|p1a: Domina Aestuum|Waterfall|p2a: Ting-Lu\n|-supereffective|p2a: Ting-Lu\n|-damage|p2a: Ting-Lu|0 fnt\n|faint|p2a: Ting-Lu\n|\n|upkeep\n|\n|t:|1701086137\n|switch|p2a: Rotom|Rotom-Wash|57\/100\n|turn|8\n|\n|t:|1701086146\n|switch|p1a: Mantichora|Heatran, M|100\/100\n|move|p2a: Rotom|Will-O-Wisp|p1a: Mantichora\n|-start|p1a: Mantichora|ability: Flash Fire\n|\n|-heal|p2a: Rotom|63\/100|[from] item: Leftovers\n|upkeep\n|turn|9\n|\n|t:|1701086160\n|move|p2a: Rotom|Hydro Pump|p1a: Mantichora\n|-supereffective|p1a: Mantichora\n|-damage|p1a: Mantichora|48\/100\n|move|p1a: Mantichora|Magma Storm|p2a: Rotom\n|-resisted|p2a: Rotom\n|-damage|p2a: Rotom|29\/100\n|-activate|p2a: Rotom|move: Magma Storm|[of] p1a: Mantichora\n|\n|-heal|p2a: Rotom|35\/100|[from] item: Leftovers\n|-heal|p1a: Mantichora|54\/100|[from] item: Leftovers\n|-damage|p2a: Rotom|23\/100|[from] move: Magma Storm|[partiallytrapped]\n|upkeep\n|turn|10\n|\n|t:|1701086191\n|-terastallize|p1a: Mantichora|Grass\n|move|p2a: Rotom|Hydro Pump|p1a: Mantichora|[miss]\n|-miss|p2a: Rotom|p1a: Mantichora\n|move|p1a: Mantichora|Toxic|p2a: Rotom\n|-status|p2a: Rotom|tox\n|\n|-heal|p2a: Rotom|29\/100 tox|[from] item: Leftovers\n|-heal|p1a: Mantichora|60\/100|[from] item: Leftovers\n|-damage|p2a: Rotom|23\/100 tox|[from] psn\n|-damage|p2a: Rotom|10\/100 tox|[from] move: Magma Storm|[partiallytrapped]\n|upkeep\n|turn|11\n|\n|t:|1701086205\n|move|p2a: Rotom|Volt Switch|p1a: Mantichora\n|-resisted|p1a: Mantichora\n|-damage|p1a: Mantichora|52\/100\n|\n|t:|1701086211\n|switch|p2a: Skeledirge|Skeledirge, F|100\/100|[from] Volt Switch\n|move|p1a: Mantichora|Taunt|p2a: Skeledirge\n|-start|p2a: Skeledirge|move: Taunt\n|\n|-heal|p1a: Mantichora|58\/100|[from] item: Leftovers\n|upkeep\n|turn|12\n|\n|t:|1701086248\n|move|p1a: Mantichora|Earth Power|p2a: Skeledirge\n|-supereffective|p2a: Skeledirge\n|-damage|p2a: Skeledirge|49\/100\n|move|p2a: Skeledirge|Hex|p1a: Mantichora\n|-damage|p1a: Mantichora|41\/100\n|\n|-heal|p1a: Mantichora|47\/100|[from] item: Leftovers\n|upkeep\n|turn|13\n|\n|t:|1701086260\n|move|p1a: Mantichora|Earth Power|p2a: Skeledirge\n|-supereffective|p2a: Skeledirge\n|-damage|p2a: Skeledirge|0 fnt\n|faint|p2a: Skeledirge\n|\n|-heal|p1a: Mantichora|54\/100|[from] item: Leftovers\n|upkeep\n|\n|t:|1701086270\n|switch|p2a: Zamazenta|Zamazenta|100\/100\n|-damage|p2a: Zamazenta|88\/100|[from] Spikes\n|-ability|p2a: Zamazenta|Dauntless Shield|boost\n|-boost|p2a: Zamazenta|def|1\n|turn|14\n|\n|t:|1701086276\n|-end|p1a: Mantichora|ability: Flash Fire|[silent]\n|switch|p1a: Dominus Terrae|Gliscor, M|100\/100\n|move|p2a: Zamazenta|Ice Fang|p1a: Dominus Terrae\n|-supereffective|p1a: Dominus Terrae\n|-damage|p1a: Dominus Terrae|29\/100\n|\n|-status|p1a: Dominus Terrae|tox|[from] item: Toxic Orb\n|upkeep\n|turn|15\n|\n|t:|1701086289\n|switch|p1a: Vultur Volans|Moltres|100\/100\n|move|p2a: Zamazenta|Ice Fang|p1a: Vultur Volans\n|-damage|p1a: Vultur Volans|82\/100\n|\n|upkeep\n|turn|16\n|\n|t:|1701086311\n|move|p2a: Zamazenta|Wild Charge|p1a: Vultur Volans\n|-supereffective|p1a: Vultur Volans\n|-damage|p1a: Vultur Volans|28\/100\n|-status|p2a: Zamazenta|brn|[from] ability: Flame Body|[of] p1a: Vultur Volans\n|-damage|p2a: Zamazenta|72\/100 brn|[from] Recoil\n|move|p1a: Vultur Volans|Flamethrower|p2a: Zamazenta\n|-damage|p2a: Zamazenta|42\/100 brn\n|\n|-damage|p2a: Zamazenta|36\/100 brn|[from] brn\n|upkeep\n|turn|17\n|\n|t:|1701086321\n|switch|p1a: Mantichora|Heatran, M, tera:Grass|54\/100\n|move|p2a: Zamazenta|Wild Charge|p1a: Mantichora\n|-resisted|p1a: Mantichora\n|-damage|p1a: Mantichora|47\/100\n|-damage|p2a: Zamazenta|34\/100 brn|[from] Recoil\n|\n|-heal|p1a: Mantichora|53\/100|[from] item: Leftovers\n|-damage|p2a: Zamazenta|28\/100 brn|[from] brn\n|upkeep\n|turn|18\n|\n|t:|1701086342\n|move|p2a: Zamazenta|Ice Fang|p1a: Mantichora\n|-supereffective|p1a: Mantichora\n|-damage|p1a: Mantichora|35\/100\n|move|p1a: Mantichora|Earth Power|p2a: Zamazenta\n|-damage|p2a: Zamazenta|2\/100 brn\n|-enditem|p2a: Zamazenta|Aguav Berry|[eat]\n|-heal|p2a: Zamazenta|35\/100 brn|[from] item: Aguav Berry\n|\n|-heal|p1a: Mantichora|42\/100|[from] item: Leftovers\n|-damage|p2a: Zamazenta|29\/100 brn|[from] brn\n|upkeep\n|turn|19\n|\n|t:|1701086357\n|move|p2a: Zamazenta|Ice Fang|p1a: Mantichora\n|-supereffective|p1a: Mantichora\n|-damage|p1a: Mantichora|23\/100\n|cant|p1a: Mantichora|flinch\n|\n|-heal|p1a: Mantichora|29\/100|[from] item: Leftovers\n|-damage|p2a: Zamazenta|23\/100 brn|[from] brn\n|upkeep\n|turn|20\n|\n|t:|1701086364\n|move|p2a: Zamazenta|Ice Fang|p1a: Mantichora\n|-supereffective|p1a: Mantichora\n|-damage|p1a: Mantichora|11\/100\n|move|p1a: Mantichora|Magma Storm|p2a: Zamazenta|[miss]\n|-miss|p1a: Mantichora|p2a: Zamazenta\n|\n|-heal|p1a: Mantichora|17\/100|[from] item: Leftovers\n|-damage|p2a: Zamazenta|17\/100 brn|[from] brn\n|upkeep\n|turn|21\n|\n|t:|1701086379\n|move|p2a: Zamazenta|Wild Charge|p1a: Mantichora\n|-resisted|p1a: Mantichora\n|-damage|p1a: Mantichora|12\/100\n|-damage|p2a: Zamazenta|15\/100 brn|[from] Recoil\n|move|p1a: Mantichora|Earth Power|p2a: Zamazenta\n|-damage|p2a: Zamazenta|0 fnt\n|faint|p2a: Zamazenta\n|\n|-heal|p1a: Mantichora|18\/100|[from] item: Leftovers\n|upkeep\n|\n|t:|1701086389\n|switch|p2a: Rotom|Rotom-Wash|10\/100 tox\n|turn|22\n|\n|t:|1701086398\n|move|p2a: Rotom|Volt Switch|p1a: Mantichora\n|-resisted|p1a: Mantichora\n|-damage|p1a: Mantichora|9\/100\n|\n|t:|1701086416\n|switch|p2a: Gengar|Gengar, F|100\/100|[from] Volt Switch\n|-damage|p2a: Gengar|88\/100|[from] Spikes\n|move|p1a: Mantichora|Magma Storm|p2a: Gengar|[miss]\n|-miss|p1a: Mantichora|p2a: Gengar\n|\n|-heal|p1a: Mantichora|16\/100|[from] item: Leftovers\n|upkeep\n|turn|23\n|\n|t:|1701086437\n|move|p2a: Gengar|Nasty Plot|p2a: Gengar\n|-boost|p2a: Gengar|spa|2\n|move|p1a: Mantichora|Earth Power|p2a: Gengar\n|-supereffective|p2a: Gengar\n|-damage|p2a: Gengar|8\/100\n|\n|-heal|p1a: Mantichora|22\/100|[from] item: Leftovers\n|upkeep\n|turn|24\n|\n|t:|1701086451\n|-terastallize|p2a: Gengar|Ghost\n|move|p2a: Gengar|Nasty Plot|p2a: Gengar\n|-boost|p2a: Gengar|spa|2\n|move|p1a: Mantichora|Earth Power|p2a: Gengar\n|-damage|p2a: Gengar|0 fnt\n|faint|p2a: Gengar\n|\n|-heal|p1a: Mantichora|28\/100|[from] item: Leftovers\n|upkeep\n|\n|t:|1701086460\n|switch|p2a: Rotom|Rotom-Wash|10\/100 tox\n|turn|25\n|\n|t:|1701086478\n|move|p2a: Rotom|Will-O-Wisp|p1a: Mantichora\n|-start|p1a: Mantichora|ability: Flash Fire\n|move|p1a: Mantichora|Magma Storm|p2a: Rotom\n|-resisted|p2a: Rotom\n|-damage|p2a: Rotom|0 fnt\n|faint|p2a: Rotom\n|\n|-heal|p1a: Mantichora|34\/100|[from] item: Leftovers\n|upkeep\n|\n|t:|1701086488\n|switch|p2a: Garchomp|Garchomp, F|100\/100\n|-damage|p2a: Garchomp|88\/100|[from] Spikes\n|turn|26\n|\n|t:|1701086508\n|move|p2a: Garchomp|Swords Dance|p2a: Garchomp\n|-boost|p2a: Garchomp|atk|2\n|move|p1a: Mantichora|Toxic|p2a: Garchomp\n|-status|p2a: Garchomp|tox\n|\n|-heal|p1a: Mantichora|40\/100|[from] item: Leftovers\n|-damage|p2a: Garchomp|82\/100 tox|[from] psn\n|upkeep\n|turn|27\n|\n|t:|1701086519\n|move|p2a: Garchomp|Dragon Claw|p1a: Mantichora\n|-damage|p1a: Mantichora|0 fnt\n|faint|p1a: Mantichora\n|\n|-damage|p2a: Garchomp|70\/100 tox|[from] psn\n|upkeep\n|\n|t:|1701086537\n|switch|p1a: Domina Aestuum|Gyarados, F|76\/100\n|-ability|p1a: Domina Aestuum|Intimidate|boost\n|-unboost|p2a: Garchomp|atk|1\n|turn|28\n|\n|t:|1701086544\n|move|p2a: Garchomp|Dragon Claw|p1a: Domina Aestuum\n|-damage|p1a: Domina Aestuum|0 fnt\n|faint|p1a: Domina Aestuum\n|\n|-damage|p2a: Garchomp|51\/100 tox|[from] psn\n|upkeep\n|\n|t:|1701086549\n|switch|p1a: Vultur Volans|Moltres|28\/100\n|turn|29\n|\n|t:|1701086554\n|move|p2a: Garchomp|Dragon Claw|p1a: Vultur Volans\n|-damage|p1a: Vultur Volans|0 fnt\n|faint|p1a: Vultur Volans\n|\n|-damage|p2a: Garchomp|27\/100 tox|[from] psn\n|upkeep\n|\n|t:|1701086558\n|switch|p1a: Dominus Terrae|Gliscor, M|29\/100 tox\n|turn|30\n|\n|t:|1701086574\n|move|p2a: Garchomp|Dragon Claw|p1a: Dominus Terrae\n|-damage|p1a: Dominus Terrae|0 fnt\n|faint|p1a: Dominus Terrae\n|\n|win|Bulka4000\n","uploadtime":1701086586,"views":3,"p1id":"aesirecho","p2id":"bulka4000","formatid":"gen9nationaldex","rating":0,"private":0,"password":""}