{"id":"gen9nationaldex-1993854717","p1":"SpecsGastr0","p2":"lemmybro87","format":"[Gen 9] National Dex","log":"|j|\u2606SpecsGastr0\n|j|\u2606lemmybro87\n|t:|1700365722\n|gametype|singles\n|player|p1|SpecsGastr0|colress|1239\n|player|p2|lemmybro87|liza|1252\n|teamsize|p1|6\n|teamsize|p2|6\n|gen|9\n|tier|[Gen 9] National Dex\n|rated|\n|rule|HP Percentage Mod: HP is shown in percentages\n|rule|Endless Battle Clause: Forcing endless battles is banned\n|rule|OHKO Clause: OHKO moves are banned\n|rule|Evasion Clause: Evasion abilities, items, and moves are banned\n|rule|Evasion Abilities Clause: Evasion abilities are banned\n|rule|Evasion Items Clause: Evasion items are banned\n|rule|Evasion Moves Clause: Evasion moves are banned\n|rule|Species Clause: Limit one of each Pok\u00e9mon\n|rule|Sleep Clause Mod: Limit one foe put to sleep\n|clearpoke\n|poke|p1|Gigalith, F|\n|poke|p1|Excadrill, M|\n|poke|p1|Ninetales-Alola, F|\n|poke|p1|Sandslash-Alola, M|\n|poke|p1|Gliscor, M|\n|poke|p1|Abomasnow, M|\n|poke|p2|Feraligatr, M|\n|poke|p2|Victini|\n|poke|p2|Rhyperior, M|\n|poke|p2|Tinkaton, F|\n|poke|p2|Serperior, M|\n|poke|p2|Tapu Lele|\n|teampreview\n|\n|t:|1700365741\n|start\n|switch|p1a: SO IN DENIAL|Gliscor, M, shiny|100\/100\n|switch|p2a: Miss Piggy|Tinkaton, F|100\/100\n|-ability|p2a: Miss Piggy|Mold Breaker\n|turn|1\n|\n|t:|1700365751\n|move|p1a: SO IN DENIAL|Protect|p1a: SO IN DENIAL\n|-singleturn|p1a: SO IN DENIAL|Protect\n|move|p2a: Miss Piggy|Stealth Rock|p1a: SO IN DENIAL\n|-sidestart|p1: SpecsGastr0|move: Stealth Rock\n|\n|-status|p1a: SO IN DENIAL|tox|[from] item: Toxic Orb\n|upkeep\n|turn|2\n|\n|t:|1700365759\n|move|p2a: Miss Piggy|Encore|p1a: SO IN DENIAL\n|-start|p1a: SO IN DENIAL|Encore\n|move|p1a: SO IN DENIAL|Protect||[still]\n|-fail|p1a: SO IN DENIAL\n|\n|upkeep\n|turn|3\n|\n|t:|1700365798\n|switch|p1a: FIGHT THE FEELING|Sandslash-Alola, M|100\/100\n|move|p2a: Miss Piggy|Knock Off|p1a: FIGHT THE FEELING\n|-damage|p1a: FIGHT THE FEELING|77\/100\n|-enditem|p1a: FIGHT THE FEELING|Heavy-Duty Boots|[from] move: Knock Off|[of] p2a: Miss Piggy\n|\n|upkeep\n|turn|4\n|\n|t:|1700365806\n|move|p2a: Miss Piggy|Gigaton Hammer|p1a: FIGHT THE FEELING\n|-damage|p1a: FIGHT THE FEELING|18\/100\n|move|p1a: FIGHT THE FEELING|Rapid Spin|p2a: Miss Piggy\n|-resisted|p2a: Miss Piggy\n|-damage|p2a: Miss Piggy|90\/100\n|-boost|p1a: FIGHT THE FEELING|spe|1\n|-sideend|p1: SpecsGastr0|Stealth Rock|[from] move: Rapid Spin|[of] p1a: FIGHT THE FEELING\n|\n|upkeep\n|turn|5\n|\n|t:|1700365817\n|move|p1a: FIGHT THE FEELING|Iron Head|p2a: Miss Piggy\n|-damage|p2a: Miss Piggy|33\/100\n|move|p2a: Miss Piggy|Knock Off|p1a: FIGHT THE FEELING\n|-damage|p1a: FIGHT THE FEELING|2\/100\n|\n|upkeep\n|turn|6\n|\n|t:|1700365824\n|move|p1a: FIGHT THE FEELING|Iron Head|p2a: Miss Piggy\n|-damage|p2a: Miss Piggy|0 fnt\n|faint|p2a: Miss Piggy\n|\n|upkeep\n|\n|t:|1700365828\n|switch|p2a: Victory|Victini|100\/100\n|turn|7\n|\n|t:|1700365834\n|switch|p1a: NOTHING IS FOREVER|Gigalith, F, shiny|100\/100\n|-weather|Sandstorm|[from] ability: Sand Stream|[of] p1a: NOTHING IS FOREVER\n|move|p2a: Victory|Flame Charge|p1a: NOTHING IS FOREVER\n|-resisted|p1a: NOTHING IS FOREVER\n|-damage|p1a: NOTHING IS FOREVER|92\/100\n|-boost|p2a: Victory|spe|1\n|\n|-weather|Sandstorm|[upkeep]\n|-damage|p2a: Victory|94\/100|[from] Sandstorm\n|-heal|p1a: NOTHING IS FOREVER|98\/100|[from] item: Leftovers\n|upkeep\n|turn|8\n|\n|t:|1700365848\n|switch|p2a: Bismark|Rhyperior, M|100\/100\n|move|p1a: NOTHING IS FOREVER|Stone Edge|p2a: Bismark\n|-resisted|p2a: Bismark\n|-damage|p2a: Bismark|87\/100\n|\n|-weather|Sandstorm|[upkeep]\n|-heal|p1a: NOTHING IS FOREVER|100\/100|[from] item: Leftovers\n|upkeep\n|turn|9\n|\n|t:|1700365855\n|move|p2a: Bismark|Earthquake|p1a: NOTHING IS FOREVER\n|-supereffective|p1a: NOTHING IS FOREVER\n|-damage|p1a: NOTHING IS FOREVER|17\/100\n|move|p1a: NOTHING IS FOREVER|Toxic|p2a: Bismark\n|-status|p2a: Bismark|tox\n|\n|-weather|Sandstorm|[upkeep]\n|-heal|p1a: NOTHING IS FOREVER|23\/100|[from] item: Leftovers\n|-damage|p2a: Bismark|81\/100 tox|[from] psn\n|upkeep\n|turn|10\n|\n|t:|1700365864\n|switch|p1a: SO IN DENIAL|Gliscor, M, shiny|100\/100 tox\n|move|p2a: Bismark|Earthquake|p1a: SO IN DENIAL\n|-immune|p1a: SO IN DENIAL\n|\n|-weather|Sandstorm|[upkeep]\n|-damage|p2a: Bismark|68\/100 tox|[from] psn\n|upkeep\n|turn|11\n|\n|t:|1700365873\n|move|p1a: SO IN DENIAL|Spikes|p2a: Bismark\n|-sidestart|p2: lemmybro87|Spikes\n|move|p2a: Bismark|Smack Down|p1a: SO IN DENIAL\n|-damage|p1a: SO IN DENIAL|82\/100 tox\n|-start|p1a: SO IN DENIAL|Smack Down\n|\n|-weather|none\n|-heal|p1a: SO IN DENIAL|94\/100 tox|[from] ability: Poison Heal\n|-damage|p2a: Bismark|50\/100 tox|[from] psn\n|upkeep\n|turn|12\n|\n|t:|1700365881\n|move|p1a: SO IN DENIAL|Crabhammer|p2a: Bismark\n|-supereffective|p2a: Bismark\n|-damage|p2a: Bismark|7\/100 tox\n|move|p2a: Bismark|Avalanche|p1a: SO IN DENIAL\n|-supereffective|p1a: SO IN DENIAL\n|-damage|p1a: SO IN DENIAL|0 fnt\n|faint|p1a: SO IN DENIAL\n|\n|-damage|p2a: Bismark|0 fnt|[from] psn\n|faint|p2a: Bismark\n|upkeep\n|\n|t:|1700365895\n|switch|p1a: LEND ME SOME SUGAR|Ninetales-Alola, F|100\/100\n|switch|p2a: ka|Serperior, M, shiny|100\/100\n|-damage|p2a: ka|88\/100|[from] Spikes\n|-weather|Snow|[from] ability: Snow Warning|[of] p1a: LEND ME SOME SUGAR\n|turn|13\n|\n|t:|1700365904\n|move|p2a: ka|Defog|p1a: LEND ME SOME SUGAR\n|-unboost|p1a: LEND ME SOME SUGAR|evasion|1\n|-sideend|p2: lemmybro87|Spikes|[from] move: Defog|[of] p2a: ka\n|move|p1a: LEND ME SOME SUGAR|Blizzard|p2a: ka\n|-supereffective|p2a: ka\n|-damage|p2a: ka|0 fnt\n|faint|p2a: ka\n|\n|-weather|Snow|[upkeep]\n|upkeep\n|\n|t:|1700365913\n|switch|p2a: Tapu Lele|Tapu Lele|100\/100\n|-fieldstart|move: Psychic Terrain|[from] ability: Psychic Surge|[of] p2a: Tapu Lele\n|turn|14\n|\n|t:|1700365919\n|move|p1a: LEND ME SOME SUGAR|Aurora Veil|p1a: LEND ME SOME SUGAR\n|-sidestart|p1: SpecsGastr0|move: Aurora Veil\n|move|p2a: Tapu Lele|Psychic|p1a: LEND ME SOME SUGAR\n|-damage|p1a: LEND ME SOME SUGAR|47\/100\n|\n|-weather|Snow|[upkeep]\n|upkeep\n|turn|15\n|\n|t:|1700365928\n|move|p1a: LEND ME SOME SUGAR|Blizzard|p2a: Tapu Lele\n|-damage|p2a: Tapu Lele|52\/100\n|move|p2a: Tapu Lele|Psychic|p1a: LEND ME SOME SUGAR\n|-damage|p1a: LEND ME SOME SUGAR|0 fnt\n|faint|p1a: LEND ME SOME SUGAR\n|\n|-weather|Snow|[upkeep]\n|upkeep\n|\n|t:|1700365939\n|switch|p1a: FIGHT THE FEELING|Sandslash-Alola, M|2\/100\n|turn|16\n|\n|t:|1700365944\n|move|p1a: FIGHT THE FEELING|Iron Head|p2a: Tapu Lele\n|-supereffective|p2a: Tapu Lele\n|-damage|p2a: Tapu Lele|0 fnt\n|faint|p2a: Tapu Lele\n|\n|-weather|Snow|[upkeep]\n|upkeep\n|\n|t:|1700365948\n|switch|p2a: Victory|Victini|94\/100\n|turn|17\n|\n|t:|1700365952\n|move|p1a: FIGHT THE FEELING|Leech Life|p2a: Victory\n|-damage|p2a: Victory|69\/100\n|-heal|p1a: FIGHT THE FEELING|17\/100|[from] drain|[of] p2a: Victory\n|move|p2a: Victory|Flame Charge|p1a: FIGHT THE FEELING\n|-supereffective|p1a: FIGHT THE FEELING\n|-damage|p1a: FIGHT THE FEELING|0 fnt\n|-boost|p2a: Victory|spe|1\n|faint|p1a: FIGHT THE FEELING\n|\n|-weather|none\n|upkeep\n|\n|t:|1700365962\n|switch|p1a: NOTHING IS FOREVER|Gigalith, F, shiny|23\/100\n|-weather|Sandstorm|[from] ability: Sand Stream|[of] p1a: NOTHING IS FOREVER\n|turn|18\n|\n|t:|1700365967\n|move|p2a: Victory|Power-Up Punch|p1a: NOTHING IS FOREVER\n|-supereffective|p1a: NOTHING IS FOREVER\n|-damage|p1a: NOTHING IS FOREVER|12\/100\n|-boost|p2a: Victory|atk|1\n|move|p1a: NOTHING IS FOREVER|Stone Edge|p2a: Victory\n|-supereffective|p2a: Victory\n|-damage|p2a: Victory|0 fnt\n|faint|p2a: Victory\n|\n|-weather|Sandstorm|[upkeep]\n|-heal|p1a: NOTHING IS FOREVER|18\/100|[from] item: Leftovers\n|-fieldend|move: Psychic Terrain\n|upkeep\n|\n|t:|1700365969\n|switch|p2a: Saber|Feraligatr, M|100\/100\n|turn|19\n|\n|t:|1700365985\n|-terastallize|p2a: Saber|Ground\n|move|p2a: Saber|Dragon Dance|p2a: Saber\n|-boost|p2a: Saber|atk|1\n|-boost|p2a: Saber|spe|1\n|move|p1a: NOTHING IS FOREVER|Toxic|p2a: Saber\n|-status|p2a: Saber|tox\n|\n|-weather|Sandstorm|[upkeep]\n|-heal|p1a: NOTHING IS FOREVER|24\/100|[from] item: Leftovers\n|-damage|p2a: Saber|94\/100 tox|[from] psn\n|upkeep\n|turn|20\n|\n|t:|1700365998\n|move|p2a: Saber|Liquidation|p1a: NOTHING IS FOREVER\n|-supereffective|p1a: NOTHING IS FOREVER\n|-damage|p1a: NOTHING IS FOREVER|0 fnt\n|faint|p1a: NOTHING IS FOREVER\n|\n|-weather|Sandstorm|[upkeep]\n|-damage|p2a: Saber|82\/100 tox|[from] psn\n|upkeep\n|\n|t:|1700366005\n|switch|p1a: STAND TO SEE ME|Excadrill, M|100\/100\n|turn|21\n|\n|t:|1700366008\n|move|p1a: STAND TO SEE ME|Earthquake|p2a: Saber\n|-damage|p2a: Saber|0 fnt\n|faint|p2a: Saber\n|\n|win|SpecsGastr0\n|raw|SpecsGastr0's rating: 1239 &rarr; <strong>1265<\/strong><br \/>(+26 for winning)\n|raw|lemmybro87's rating: 1252 &rarr; <strong>1226<\/strong><br \/>(-26 for losing)\n|l|\u2606lemmybro87\n|c|\u2606SpecsGastr0|gg\n","uploadtime":1700366023,"views":15,"p1id":"specsgastr0","p2id":"lemmybro87","formatid":"gen9nationaldex","rating":1226,"private":0,"password":""}