{"id":"gen9nationaldex-1991822462","p1":"sleeeptalking","p2":"aaaapeng","format":"[Gen 9] National Dex","log":"|j|\u2606sleeeptalking\n|j|\u2606aaaapeng\n|t:|1700123595\n|gametype|singles\n|player|p1|sleeeptalking|cyclist|1540\n|player|p2|aaaapeng|dawn-gen4pt|1475\n|teamsize|p1|6\n|teamsize|p2|6\n|gen|9\n|tier|[Gen 9] National Dex\n|rated|\n|rule|HP Percentage Mod: HP is shown in percentages\n|rule|Endless Battle Clause: Forcing endless battles is banned\n|rule|OHKO Clause: OHKO moves are banned\n|rule|Evasion Clause: Evasion abilities, items, and moves are banned\n|rule|Evasion Abilities Clause: Evasion abilities are banned\n|rule|Evasion Items Clause: Evasion items are banned\n|rule|Evasion Moves Clause: Evasion moves are banned\n|rule|Species Clause: Limit one of each Pok\u00e9mon\n|rule|Sleep Clause Mod: Limit one foe put to sleep\n|clearpoke\n|poke|p1|Torkoal, M|\n|poke|p1|Tapu Lele|\n|poke|p1|Banette, M|\n|poke|p1|Sneasler, M|\n|poke|p1|Great Tusk|\n|poke|p1|Garganacl, F|\n|poke|p2|Tapu Koko|\n|poke|p2|Iron Valiant|\n|poke|p2|Hawlucha, M|\n|poke|p2|Iron Moth|\n|poke|p2|Landorus-Therian, M|\n|poke|p2|Scizor, M|\n|teampreview\n|\n|t:|1700123609\n|start\n|switch|p1a: Banette|Banette, M|100\/100\n|switch|p2a: Hot Koko|Tapu Koko, shiny|100\/100\n|-fieldstart|move: Electric Terrain|[from] ability: Electric Surge|[of] p2a: Hot Koko\n|-item|p2a: Hot Koko|Terrain Extender|[from] ability: Frisk|[of] p1a: Banette|[identify]\n|turn|1\n|\n|t:|1700123619\n|switch|p2a: Nom nom :3|Scizor, M, shiny|100\/100\n|detailschange|p1a: Banette|Banette-Mega, M\n|-mega|p1a: Banette|Banette|Banettite\n|move|p1a: Banette|Poltergeist|p2a: Nom nom :3|[miss]\n|-miss|p1a: Banette|p2a: Nom nom :3\n|\n|upkeep\n|turn|2\n|\n|t:|1700123632\n|detailschange|p2a: Nom nom :3|Scizor-Mega, M, shiny\n|-mega|p2a: Nom nom :3|Scizor|Scizorite\n|move|p1a: Banette|Poltergeist|p2a: Nom nom :3\n|-activate|p2a: Nom nom :3|move: Poltergeist|Scizorite\n|-damage|p2a: Nom nom :3|56\/100\n|move|p2a: Nom nom :3|U-turn|p1a: Banette\n|-resisted|p1a: Banette\n|-damage|p1a: Banette|74\/100\n|inactive|Battle timer is ON: inactive players will automatically lose when time's up. (requested by sleeeptalking)\n|inactive|aaaapeng has 120 seconds left.\n|\n|t:|1700123676\n|switch|p2a: Great Lando|Landorus-Therian, M|100\/100|[from] U-turn\n|-ability|p2a: Great Lando|Intimidate|boost\n|-unboost|p1a: Banette|atk|1\n|\n|upkeep\n|turn|3\n|c|\u2606sleeeptalking|\u60f3\u4f60\u5988\u554a\u8fd9\u4e48\u4e45\n|\n|t:|1700123685\n|move|p2a: Great Lando|Knock Off|p1a: Banette\n|-supereffective|p1a: Banette\n|-damage|p1a: Banette|0 fnt\n|faint|p1a: Banette\n|\n|upkeep\n|\n|t:|1700123690\n|switch|p1a: Torkoal|Torkoal, M|100\/100\n|-weather|SunnyDay|[from] ability: Drought|[of] p1a: Torkoal\n|turn|4\n|\n|t:|1700123693\n|move|p2a: Great Lando|Earthquake|p1a: Torkoal\n|-supereffective|p1a: Torkoal\n|-damage|p1a: Torkoal|38\/100\n|move|p1a: Torkoal|Overheat|p2a: Great Lando\n|-damage|p2a: Great Lando|14\/100\n|-unboost|p1a: Torkoal|spa|2\n|-enditem|p1a: Torkoal|Eject Pack\n|\n|t:|1700123700\n|switch|p1a: Great Tusk|Great Tusk|100\/100\n|-activate|p1a: Great Tusk|ability: Protosynthesis\n|-start|p1a: Great Tusk|protosynthesisspe\n|\n|-weather|SunnyDay|[upkeep]\n|upkeep\n|turn|5\n|inactive|aaaapeng has 120 seconds left.\n|inactive|aaaapeng has 90 seconds left.\n|c|\u2606sleeeptalking|\u518d\u60f3\u4f60\u5168\u5bb6\u90fd\u8981\u8eba\u677f\u677f\u4e86\n|inactive|aaaapeng has 60 seconds left.\n|inactive|aaaapeng has 30 seconds left.\n|inactive|aaaapeng has 20 seconds left.\n|inactive|aaaapeng has 15 seconds left.\n|inactive|aaaapeng has 10 seconds left.\n|c|\u2606sleeeptalking|6\n|inactive|aaaapeng has 5 seconds left.\n|\n|t:|1700123847\n|switch|p2a: Nom nom :3|Scizor-Mega, M, shiny|56\/100\n|move|p1a: Great Tusk|Close Combat|p2a: Nom nom :3\n|-damage|p2a: Nom nom :3|25\/100\n|-unboost|p1a: Great Tusk|def|1\n|-unboost|p1a: Great Tusk|spd|1\n|\n|-weather|SunnyDay|[upkeep]\n|upkeep\n|turn|6\n|inactive|aaaapeng has 15 seconds left this turn.\n|c|\u2606sleeeptalking|thx\n|\n|t:|1700123860\n|move|p1a: Great Tusk|Headlong Rush|p2a: Nom nom :3\n|-crit|p2a: Nom nom :3\n|-damage|p2a: Nom nom :3|0 fnt\n|-unboost|p1a: Great Tusk|def|1\n|-unboost|p1a: Great Tusk|spd|1\n|faint|p2a: Nom nom :3\n|\n|-weather|SunnyDay|[upkeep]\n|upkeep\n|inactive|aaaapeng has 20 seconds left this turn.\n|inactive|aaaapeng has 15 seconds left.\n|\n|t:|1700123869\n|switch|p2a: Valiantly Good|Iron Valiant, shiny|100\/100\n|-activate|p2a: Valiantly Good|ability: Quark Drive\n|-start|p2a: Valiantly Good|quarkdrivespe\n|turn|7\n|inactive|aaaapeng has 25 seconds left this turn.\n|inactive|aaaapeng has 20 seconds left.\n|inactive|aaaapeng has 15 seconds left.\n|inactive|aaaapeng has 10 seconds left.\n|inactive|aaaapeng has 5 seconds left.\n|\n|t:|1700123890\n|-end|p1a: Great Tusk|Protosynthesis|[silent]\n|switch|p1a: Tapu Lele|Tapu Lele|100\/100\n|-fieldstart|move: Psychic Terrain|[from] ability: Psychic Surge|[of] p1a: Tapu Lele\n|-end|p2a: Valiantly Good|Quark Drive\n|move|p2a: Valiantly Good|Thunderbolt|p1a: Tapu Lele\n|-damage|p1a: Tapu Lele|67\/100\n|\n|-weather|SunnyDay|[upkeep]\n|upkeep\n|turn|8\n|inactive|aaaapeng has 15 seconds left this turn.\n|c|\u2606sleeeptalking|\u4f60\u7684\u65f6\u95f4\u771f\u5ec9\u4ef7\n|inactive|aaaapeng has 10 seconds left.\n|inactive|aaaapeng has 5 seconds left.\n|\n|t:|1700123902\n|-end|p2a: Valiantly Good|Quark Drive|[silent]\n|switch|p2a: Great Lando|Landorus-Therian, M|14\/100\n|-ability|p2a: Great Lando|Intimidate|boost\n|-unboost|p1a: Tapu Lele|atk|1\n|move|p1a: Tapu Lele|Psyshock|p2a: Great Lando\n|-damage|p2a: Great Lando|0 fnt\n|faint|p2a: Great Lando\n|\n|-weather|none\n|upkeep\n|inactive|aaaapeng has 10 seconds left this turn.\n|\n|t:|1700123905\n|switch|p2a: Hot Koko|Tapu Koko, shiny|100\/100\n|-fieldstart|move: Electric Terrain|[from] ability: Electric Surge|[of] p2a: Hot Koko\n|turn|9\n|inactive|aaaapeng has 20 seconds left this turn.\n|inactive|aaaapeng has 15 seconds left.\n|inactive|aaaapeng has 10 seconds left.\n|inactive|aaaapeng has 5 seconds left.\n|\n|t:|1700123920\n|switch|p1a: Great Tusk|Great Tusk|100\/100\n|move|p2a: Hot Koko|Thunderbolt|p1a: Great Tusk\n|-immune|p1a: Great Tusk\n|\n|upkeep\n|turn|10\n|inactive|aaaapeng has 15 seconds left this turn.\n|inactive|aaaapeng has 10 seconds left.\n|inactive|aaaapeng has 5 seconds left.\n|\n|t:|1700123932\n|-end|p1a: Great Tusk|Protosynthesis|[silent]\n|switch|p1a: Tapu Lele|Tapu Lele|67\/100\n|-fieldstart|move: Psychic Terrain|[from] ability: Psychic Surge|[of] p1a: Tapu Lele\n|move|p2a: Hot Koko|U-turn|p1a: Tapu Lele\n|-damage|p1a: Tapu Lele|40\/100\n|inactive|aaaapeng has 10 seconds left this turn.\n|inactive|aaaapeng has 5 seconds left.\n|\n|t:|1700123938\n|switch|p2a: Doritos|Iron Moth, shiny|100\/100|[from] U-turn\n|\n|upkeep\n|turn|11\n|inactive|aaaapeng has 15 seconds left this turn.\n|inactive|aaaapeng has 10 seconds left.\n|\n|t:|1700123951\n|switch|p1a: Torkoal|Torkoal, M|38\/100\n|-weather|SunnyDay|[from] ability: Drought|[of] p1a: Torkoal\n|move|p2a: Doritos|Sludge Wave|p1a: Torkoal\n|-damage|p1a: Torkoal|0 fnt\n|faint|p1a: Torkoal\n|\n|-weather|SunnyDay|[upkeep]\n|upkeep\n|inactive|aaaapeng has 15 seconds left this turn.\n|\n|t:|1700123972\n|switch|p1a: Sneasler|Sneasler, M|100\/100\n|-enditem|p1a: Sneasler|Psychic Seed\n|-boost|p1a: Sneasler|spd|1|[from] item: Psychic Seed\n|turn|12\n|inactive|aaaapeng has 25 seconds left this turn.\n|inactive|aaaapeng has 20 seconds left.\n|inactive|aaaapeng has 15 seconds left.\n|\n|t:|1700123982\n|-end|p2a: Doritos|Quark Drive|[silent]\n|switch|p2a: Hot Koko|Tapu Koko, shiny|100\/100\n|-fieldstart|move: Electric Terrain|[from] ability: Electric Surge|[of] p2a: Hot Koko\n|move|p1a: Sneasler|Swords Dance|p1a: Sneasler\n|-boost|p1a: Sneasler|atk|2\n|\n|-weather|SunnyDay|[upkeep]\n|upkeep\n|turn|13\n|inactive|aaaapeng has 25 seconds left this turn.\n|inactive|aaaapeng has 20 seconds left.\n|\n|t:|1700123990\n|move|p1a: Sneasler|Dire Claw|p2a: Hot Koko\n|-supereffective|p2a: Hot Koko\n|-damage|p2a: Hot Koko|0 fnt\n|faint|p2a: Hot Koko\n|\n|-weather|SunnyDay|[upkeep]\n|upkeep\n|inactive|aaaapeng has 25 seconds left this turn.\n|\n|t:|1700123994\n|switch|p2a: El Luchador|Hawlucha, M, shiny|100\/100\n|-enditem|p2a: El Luchador|Electric Seed\n|-boost|p2a: El Luchador|def|1|[from] item: Electric Seed\n|turn|14\n|inactive|aaaapeng has 30 seconds left.\n|\n|t:|1700124007\n|-terastallize|p1a: Sneasler|Flying\n|-terastallize|p2a: El Luchador|Flying\n|move|p1a: Sneasler|Acrobatics|p2a: El Luchador\n|-damage|p2a: El Luchador|1\/100\n|move|p2a: El Luchador|Swords Dance|p2a: El Luchador\n|-boost|p2a: El Luchador|atk|2\n|\n|-weather|SunnyDay|[upkeep]\n|upkeep\n|turn|15\n|inactive|aaaapeng has 30 seconds left.\n|inactive|aaaapeng has 20 seconds left.\n|c|\u2606aaaapeng|\u5c31\u559c\u6b22\u4f60\u6025\u6210\u50bb\u72d7\u7684\u6837\u5b50\n|inactive|aaaapeng has 15 seconds left.\n|inactive|sleeeptalking has 120 seconds left.\n|inactive|aaaapeng has 10 seconds left.\n|c|\u2606aaaapeng|\u6025\u7740\u89c1\u4f60\u5988\u6700\u540e\u4e00\u9762\n|inactive|aaaapeng has 5 seconds left.\n|c|\u2606sleeeptalking|\u7ed9\u4f60\u75591\u90fd\u8981\u8d2a\n|c|\u2606aaaapeng|\u4f60\u597d\u6025\u554a\n|c|\u2606sleeeptalking|\u602a\u4e0d\u5f97\u8f93\n|\n|t:|1700124057\n|move|p1a: Sneasler|Acrobatics|p2a: El Luchador\n|-damage|p2a: El Luchador|0 fnt\n|faint|p2a: El Luchador\n|\n|-weather|none\n|upkeep\n|inactive|aaaapeng has 10 seconds left this turn.\n|\n|t:|1700124061\n|switch|p2a: Valiantly Good|Iron Valiant, shiny|100\/100\n|-activate|p2a: Valiantly Good|ability: Quark Drive\n|-start|p2a: Valiantly Good|quarkdrivespe\n|turn|16\n|inactive|aaaapeng has 20 seconds left this turn.\n|inactive|aaaapeng has 15 seconds left.\n|c|\u2606aaaapeng|\u563b\u563b\n|\n|t:|1700124072\n|move|p1a: Sneasler|Dire Claw|p2a: Valiantly Good\n|-supereffective|p2a: Valiantly Good\n|-damage|p2a: Valiantly Good|0 fnt\n|faint|p2a: Valiantly Good\n|-end|p2a: Valiantly Good|Quark Drive|[silent]\n|\n|upkeep\n|inactive|aaaapeng has 20 seconds left this turn.\n|inactive|aaaapeng has 15 seconds left.\n|c|\u2606aaaapeng|\u6025\u4e0d\u6025\n|inactive|aaaapeng has 10 seconds left.\n|c|\u2606sleeeptalking|\u6709\u4ec0\u4e48\u8981\u8bf4\u7684\u8bf4\u5427\n|inactive|aaaapeng has 5 seconds left.\n|c|\u2606aaaapeng|\u4f60\u5988\u6b7b\u4e86\u5feb\u56de\u53bb\u770b\u770b\n|c|\u2606sleeeptalking|\u7b49\u4e0b\u4f60\u8f93\u4e86\u6ca1\u673a\u4f1a\u4e86\n|\n|t:|1700124092\n|switch|p2a: Doritos|Iron Moth, shiny|100\/100\n|-activate|p2a: Doritos|ability: Quark Drive\n|-start|p2a: Doritos|quarkdrivespe\n|turn|17\n|inactive|aaaapeng has 15 seconds left this turn.\n|c|\u2606sleeeptalking|\u5783\u573e\n|inactive|aaaapeng has 10 seconds left.\n|inactive|aaaapeng has 5 seconds left.\n|c|\u2606aaaapeng|88\u5f31\u667a\n|-message|aaaapeng lost due to inactivity.\n|\n|win|sleeeptalking\n|raw|sleeeptalking's rating: 1540 &rarr; <strong>1556<\/strong><br \/>(+16 for winning)\n|raw|aaaapeng's rating: 1475 &rarr; <strong>1459<\/strong><br \/>(-16 for losing)\n","uploadtime":1700124091,"views":6,"p1id":"sleeeptalking","p2id":"aaaapeng","formatid":"gen9nationaldex","rating":1459,"private":0,"password":""}