{"id":"gen9nationaldex-1991652096","p1":"Theadonia","p2":"jayemfr","format":"[Gen 9] National Dex","log":"|j|\u2606Theadonia\n|j|\u2606jayemfr\n|t:|1700098667\n|gametype|singles\n|player|p1|Theadonia|roxie|1198\n|player|p2|jayemfr|chili|1199\n|teamsize|p1|6\n|teamsize|p2|6\n|gen|9\n|tier|[Gen 9] National Dex\n|rated|\n|rule|HP Percentage Mod: HP is shown in percentages\n|rule|Endless Battle Clause: Forcing endless battles is banned\n|rule|OHKO Clause: OHKO moves are banned\n|rule|Evasion Clause: Evasion abilities, items, and moves are banned\n|rule|Evasion Abilities Clause: Evasion abilities are banned\n|rule|Evasion Items Clause: Evasion items are banned\n|rule|Evasion Moves Clause: Evasion moves are banned\n|rule|Species Clause: Limit one of each Pok\u00e9mon\n|rule|Sleep Clause Mod: Limit one foe put to sleep\n|clearpoke\n|poke|p1|Ribombee, M|\n|poke|p1|Altaria, M|\n|poke|p1|Gyarados, F|\n|poke|p1|Arcanine-Hisui, M|\n|poke|p1|Togekiss, M|\n|poke|p1|Pachirisu, M|\n|poke|p2|Samurott-Hisui, M|\n|poke|p2|Landorus-Therian, M|\n|poke|p2|Dragonite, F|\n|poke|p2|Charizard, F|\n|poke|p2|Aegislash, M|\n|poke|p2|Gastrodon, F|\n|teampreview\n|\n|t:|1700098679\n|start\n|switch|p1a: Ribombee|Ribombee, M|100\/100\n|switch|p2a: Azula|Charizard, F, shiny|100\/100\n|turn|1\n|\n|t:|1700098690\n|detailschange|p2a: Azula|Charizard-Mega-Y, F, shiny\n|-mega|p2a: Azula|Charizard|Charizardite Y\n|-weather|SunnyDay|[from] ability: Drought|[of] p2a: Azula\n|move|p1a: Ribombee|Stun Spore|p2a: Azula\n|-status|p2a: Azula|par\n|move|p2a: Azula|Fire Blast|p1a: Ribombee\n|-supereffective|p1a: Ribombee\n|-enditem|p1a: Ribombee|Focus Sash\n|-damage|p1a: Ribombee|1\/100\n|\n|-weather|SunnyDay|[upkeep]\n|upkeep\n|turn|2\n|\n|t:|1700098701\n|move|p1a: Ribombee|Sticky Web|p2a: Azula\n|-sidestart|p2: jayemfr|move: Sticky Web\n|move|p2a: Azula|Solar Beam||[still]\n|-prepare|p2a: Azula|Solar Beam\n|-anim|p2a: Azula|Solar Beam|p1a: Ribombee\n|-resisted|p1a: Ribombee\n|-damage|p1a: Ribombee|0 fnt\n|faint|p1a: Ribombee\n|\n|-weather|SunnyDay|[upkeep]\n|upkeep\n|\n|t:|1700098707\n|switch|p1a: Arcanine|Arcanine-Hisui, M|100\/100\n|turn|3\n|\n|t:|1700098710\n|move|p1a: Arcanine|Head Smash|p2a: Azula\n|-supereffective|p2a: Azula\n|-damage|p2a: Azula|0 fnt\n|faint|p2a: Azula\n|-damage|p1a: Arcanine|91\/100|[from] item: Life Orb\n|\n|-weather|SunnyDay|[upkeep]\n|upkeep\n|\n|t:|1700098719\n|switch|p2a: Netero|Landorus-Therian, M|100\/100\n|-ability|p2a: Netero|Intimidate|boost\n|-unboost|p1a: Arcanine|atk|1\n|turn|4\n|\n|t:|1700098723\n|switch|p1a: Gyarados|Gyarados, F|100\/100\n|-ability|p1a: Gyarados|Intimidate|boost\n|-unboost|p2a: Netero|atk|1\n|move|p2a: Netero|Defog|p1a: Gyarados\n|-unboost|p1a: Gyarados|evasion|1\n|-sideend|p2: jayemfr|Sticky Web|[from] move: Defog|[of] p2a: Netero\n|\n|-weather|SunnyDay|[upkeep]\n|upkeep\n|turn|5\n|\n|t:|1700098732\n|switch|p2a: GASTROWORLD|Gastrodon, F|100\/100\n|move|p1a: Gyarados|Dragon Dance|p1a: Gyarados\n|-boost|p1a: Gyarados|atk|1\n|-boost|p1a: Gyarados|spe|1\n|\n|-weather|none\n|upkeep\n|turn|6\n|\n|t:|1700098737\n|move|p1a: Gyarados|Dragon Dance|p1a: Gyarados\n|-boost|p1a: Gyarados|atk|1\n|-boost|p1a: Gyarados|spe|1\n|move|p2a: GASTROWORLD|Ice Beam|p1a: Gyarados\n|-damage|p1a: Gyarados|79\/100\n|\n|upkeep\n|turn|7\n|\n|t:|1700098740\n|detailschange|p1a: Gyarados|Gyarados-Mega, F\n|-mega|p1a: Gyarados|Gyarados|Gyaradosite\n|-ability|p1a: Gyarados|Mold Breaker\n|move|p1a: Gyarados|Waterfall|p2a: GASTROWORLD\n|-damage|p2a: GASTROWORLD|24\/100\n|move|p2a: GASTROWORLD|Ice Beam|p1a: Gyarados\n|-resisted|p1a: Gyarados\n|-damage|p1a: Gyarados|72\/100\n|\n|-heal|p2a: GASTROWORLD|30\/100|[from] item: Leftovers\n|upkeep\n|turn|8\n|\n|t:|1700098757\n|move|p1a: Gyarados|Waterfall|p2a: GASTROWORLD\n|-damage|p2a: GASTROWORLD|0 fnt\n|faint|p2a: GASTROWORLD\n|\n|upkeep\n|\n|t:|1700098759\n|switch|p2a: Launcey|Dragonite, F|100\/100\n|turn|9\n|\n|t:|1700098766\n|-terastallize|p2a: Launcey|Normal\n|move|p2a: Launcey|Extreme Speed|p1a: Gyarados\n|-damage|p1a: Gyarados|14\/100\n|-damage|p2a: Launcey|91\/100|[from] item: Life Orb\n|move|p1a: Gyarados|Waterfall|p2a: Launcey\n|-crit|p2a: Launcey\n|-damage|p2a: Launcey|0 fnt\n|faint|p2a: Launcey\n|\n|upkeep\n|-message|jayemfr forfeited.\n|\n|win|Theadonia\n|raw|Theadonia's rating: 1198 &rarr; <strong>1223<\/strong><br \/>(+25 for winning)\n|raw|jayemfr's rating: 1199 &rarr; <strong>1174<\/strong><br \/>(-25 for losing)\n|l|\u2606jayemfr\n","uploadtime":1700098780,"views":4,"p1id":"theadonia","p2id":"jayemfr","formatid":"gen9nationaldex","rating":1174,"private":0,"password":""}