{"id":"gen9nationaldex-1998690577","p1":"Young Girl Klara","p2":"Greedy Monarch","format":"[Gen 9] National Dex","log":"|html|<div class=\"broadcast-blue\"><strong>[Gen 9] National Dex is currently suspecting Sneasler! For information on how to participate check out the <a href=\"https:\/\/www.smogon.com\/forums\/threads\/sv-national-dex-suspect-8-just-dance.3731534\/\">suspect thread<\/a>.<\/strong><\/div>\n|j|\u203dYoung Girl Klara\n|j|\u2606Greedy Monarch\n|t:|1700973063\n|gametype|singles\n|player|p1|Young Girl Klara|klara|1189\n|player|p2|Greedy Monarch|265|1142\n|teamsize|p1|6\n|teamsize|p2|6\n|gen|9\n|tier|[Gen 9] National Dex\n|rated|\n|rule|HP Percentage Mod: HP is shown in percentages\n|rule|Endless Battle Clause: Forcing endless battles is banned\n|rule|OHKO Clause: OHKO moves are banned\n|rule|Evasion Clause: Evasion abilities, items, and moves are banned\n|rule|Evasion Abilities Clause: Evasion abilities are banned\n|rule|Evasion Items Clause: Evasion items are banned\n|rule|Evasion Moves Clause: Evasion moves are banned\n|rule|Species Clause: Limit one of each Pok\u00e9mon\n|rule|Sleep Clause Mod: Limit one foe put to sleep\n|clearpoke\n|poke|p1|Reuniclus, M|\n|poke|p1|Clefable, F|\n|poke|p1|Gliscor, M|\n|poke|p1|Aggron, M|\n|poke|p1|Rotom-Heat|\n|poke|p1|Roserade, F|\n|poke|p2|Kleavor, M|\n|poke|p2|Scolipede, M|\n|poke|p2|Scizor, M|\n|poke|p2|Volcarona, F|\n|poke|p2|Buzzwole|\n|poke|p2|Vikavolt, M|\n|teampreview\n|\n|t:|1700973078\n|start\n|switch|p1a: Aggron|Aggron, M|100\/100\n|switch|p2a: Power-Trip|Vikavolt, M|100\/100\n|turn|1\n|\n|t:|1700973090\n|detailschange|p1a: Aggron|Aggron-Mega, M\n|-mega|p1a: Aggron|Aggron|Aggronite\n|-terastallize|p2a: Power-Trip|Electric\n|move|p1a: Aggron|Stealth Rock|p2a: Power-Trip\n|-sidestart|p2: Greedy Monarch|move: Stealth Rock\n|move|p2a: Power-Trip|Thunderbolt|p1a: Aggron\n|-damage|p1a: Aggron|44\/100\n|\n|upkeep\n|turn|2\n|\n|t:|1700973098\n|switch|p1a: Rotom|Rotom-Heat|100\/100\n|move|p2a: Power-Trip|Thunderbolt|p1a: Rotom\n|-resisted|p1a: Rotom\n|-damage|p1a: Rotom|52\/100\n|\n|upkeep\n|turn|3\n|\n|t:|1700973105\n|move|p1a: Rotom|Overheat|p2a: Power-Trip\n|-damage|p2a: Power-Trip|49\/100\n|-unboost|p1a: Rotom|spa|2\n|move|p2a: Power-Trip|Thunderbolt|p1a: Rotom\n|-resisted|p1a: Rotom\n|-damage|p1a: Rotom|5\/100\n|\n|upkeep\n|turn|4\n|\n|t:|1700973111\n|move|p1a: Rotom|Volt Switch|p2a: Power-Trip\n|-resisted|p2a: Power-Trip\n|-damage|p2a: Power-Trip|42\/100\n|\n|t:|1700973137\n|switch|p1a: Gliscor|Gliscor, M|100\/100|[from] Volt Switch\n|move|p2a: Power-Trip|Hidden Power|p1a: Gliscor\n|-supereffective|p1a: Gliscor\n|-damage|p1a: Gliscor|0 fnt\n|faint|p1a: Gliscor\n|\n|upkeep\n|\n|t:|1700973138\n|switch|p1a: Clefable|Clefable, F|100\/100\n|turn|5\n|\n|t:|1700973153\n|move|p1a: Clefable|Moonblast|p2a: Power-Trip\n|-damage|p2a: Power-Trip|17\/100\n|move|p2a: Power-Trip|Thunderbolt|p1a: Clefable\n|-damage|p1a: Clefable|45\/100\n|\n|-heal|p1a: Clefable|51\/100|[from] item: Leftovers\n|upkeep\n|turn|6\n|\n|t:|1700973157\n|move|p1a: Clefable|Moonblast|p2a: Power-Trip\n|-damage|p2a: Power-Trip|0 fnt\n|faint|p2a: Power-Trip\n|\n|-heal|p1a: Clefable|57\/100|[from] item: Leftovers\n|upkeep\n|\n|t:|1700973169\n|switch|p2a: Sector|Scizor, M|100\/100\n|-damage|p2a: Sector|88\/100|[from] Stealth Rock\n|turn|7\n|\n|t:|1700973177\n|move|p2a: Sector|Bullet Punch|p1a: Clefable\n|-supereffective|p1a: Clefable\n|-damage|p1a: Clefable|3\/100\n|move|p1a: Clefable|Teleport|p1a: Clefable\n|\n|t:|1700973179\n|switch|p1a: Reuniclus|Reuniclus, M|100\/100|[from] Teleport\n|\n|upkeep\n|turn|8\n|\n|t:|1700973194\n|move|p2a: Sector|Defog|p1a: Reuniclus\n|-unboost|p1a: Reuniclus|evasion|1\n|-sideend|p2: Greedy Monarch|Stealth Rock|[from] move: Defog|[of] p2a: Sector\n|move|p1a: Reuniclus|Calm Mind|p1a: Reuniclus\n|-boost|p1a: Reuniclus|spa|1\n|-boost|p1a: Reuniclus|spd|1\n|\n|upkeep\n|turn|9\n|\n|t:|1700973203\n|move|p2a: Sector|Brutal Swing|p1a: Reuniclus\n|-supereffective|p1a: Reuniclus\n|-damage|p1a: Reuniclus|49\/100\n|move|p1a: Reuniclus|Calm Mind|p1a: Reuniclus\n|-boost|p1a: Reuniclus|spa|1\n|-boost|p1a: Reuniclus|spd|1\n|\n|-heal|p1a: Reuniclus|55\/100|[from] item: Leftovers\n|upkeep\n|turn|10\n|\n|t:|1700973210\n|move|p2a: Sector|Brutal Swing|p1a: Reuniclus\n|-supereffective|p1a: Reuniclus\n|-damage|p1a: Reuniclus|2\/100\n|move|p1a: Reuniclus|Recover|p1a: Reuniclus\n|-heal|p1a: Reuniclus|52\/100\n|\n|-heal|p1a: Reuniclus|58\/100|[from] item: Leftovers\n|upkeep\n|turn|11\n|\n|t:|1700973213\n|move|p2a: Sector|Brutal Swing|p1a: Reuniclus\n|-supereffective|p1a: Reuniclus\n|-damage|p1a: Reuniclus|8\/100\n|move|p1a: Reuniclus|Recover|p1a: Reuniclus\n|-heal|p1a: Reuniclus|58\/100\n|\n|-heal|p1a: Reuniclus|64\/100|[from] item: Leftovers\n|upkeep\n|turn|12\n|\n|t:|1700973218\n|move|p2a: Sector|Swords Dance|p2a: Sector\n|-boost|p2a: Sector|atk|2\n|move|p1a: Reuniclus|Focus Blast|p2a: Sector|[miss]\n|-miss|p1a: Reuniclus|p2a: Sector\n|\n|-heal|p1a: Reuniclus|70\/100|[from] item: Leftovers\n|upkeep\n|turn|13\n|\n|t:|1700973223\n|move|p2a: Sector|Brutal Swing|p1a: Reuniclus\n|-supereffective|p1a: Reuniclus\n|-damage|p1a: Reuniclus|0 fnt\n|faint|p1a: Reuniclus\n|\n|upkeep\n|\n|t:|1700973225\n|switch|p1a: Aggron|Aggron-Mega, M|44\/100\n|turn|14\n|\n|t:|1700973242\n|move|p2a: Sector|Brutal Swing|p1a: Aggron\n|-damage|p1a: Aggron|9\/100\n|move|p1a: Aggron|Thunder Wave|p2a: Sector\n|-status|p2a: Sector|par\n|\n|upkeep\n|turn|15\n|\n|t:|1700973247\n|cant|p2a: Sector|par\n|move|p1a: Aggron|Roar|p2a: Sector\n|drag|p2a: West-Nile|Buzzwole|100\/100\n|\n|upkeep\n|turn|16\n|\n|t:|1700973251\n|move|p2a: West-Nile|Power-Up Punch|p1a: Aggron\n|-supereffective|p1a: Aggron\n|-damage|p1a: Aggron|0 fnt\n|-boost|p2a: West-Nile|atk|1\n|faint|p1a: Aggron\n|-ability|p2a: West-Nile|Beast Boost|boost\n|-boost|p2a: West-Nile|atk|1\n|\n|upkeep\n|\n|t:|1700973254\n|switch|p1a: Rotom|Rotom-Heat|5\/100\n|turn|17\n|\n|t:|1700973261\n|move|p1a: Rotom|Overheat|p2a: West-Nile|[miss]\n|-miss|p1a: Rotom|p2a: West-Nile\n|move|p2a: West-Nile|Power-Up Punch|p1a: Rotom\n|-damage|p1a: Rotom|0 fnt\n|-boost|p2a: West-Nile|atk|1\n|faint|p1a: Rotom\n|-ability|p2a: West-Nile|Beast Boost|boost\n|-boost|p2a: West-Nile|atk|1\n|\n|upkeep\n|\n|t:|1700973263\n|switch|p1a: Roserade|Roserade, F|100\/100\n|turn|18\n|\n|t:|1700973266\n|move|p1a: Roserade|Sludge Bomb|p2a: West-Nile\n|-damage|p2a: West-Nile|29\/100\n|move|p2a: West-Nile|Ice Punch|p1a: Roserade\n|-supereffective|p1a: Roserade\n|-damage|p1a: Roserade|0 fnt\n|faint|p1a: Roserade\n|-ability|p2a: West-Nile|Beast Boost|boost\n|-boost|p2a: West-Nile|atk|1\n|\n|upkeep\n|\n|t:|1700973272\n|switch|p1a: Clefable|Clefable, F|3\/100\n|turn|19\n|\n|t:|1700973286\n|move|p2a: West-Nile|Power-Up Punch|p1a: Clefable\n|-resisted|p1a: Clefable\n|-damage|p1a: Clefable|0 fnt\n|-boost|p2a: West-Nile|atk|1\n|faint|p1a: Clefable\n|\n|win|Greedy Monarch\n|raw|Young Girl Klara's rating: 1219 &rarr; <strong>1189<\/strong><br \/>(-30 for losing)\n|raw|Greedy Monarch's rating: 1142 &rarr; <strong>1172<\/strong><br \/>(+30 for winning)\n","uploadtime":1700973289,"views":7,"p1id":"younggirlklara","p2id":"greedymonarch","formatid":"gen9nationaldex","rating":1172,"private":0,"password":""}