{"id":"gen9nationaldex-1991421714","p1":"lxvliiz","p2":"mint29","format":"[Gen 9] National Dex","log":"|j|\u2606lxvliiz\n|j|\u2606mint29\n|t:|1700075736\n|gametype|singles\n|player|p1|lxvliiz|firebreather|\n|player|p2|mint29|2|\n|teamsize|p1|6\n|teamsize|p2|6\n|gen|9\n|tier|[Gen 9] National Dex\n|rule|HP Percentage Mod: HP is shown in percentages\n|rule|Endless Battle Clause: Forcing endless battles is banned\n|rule|OHKO Clause: OHKO moves are banned\n|rule|Evasion Clause: Evasion abilities, items, and moves are banned\n|rule|Evasion Abilities Clause: Evasion abilities are banned\n|rule|Evasion Items Clause: Evasion items are banned\n|rule|Evasion Moves Clause: Evasion moves are banned\n|rule|Species Clause: Limit one of each Pok\u00e9mon\n|rule|Sleep Clause Mod: Limit one foe put to sleep\n|clearpoke\n|poke|p1|Charizard, F|\n|poke|p1|Azumarill, F|\n|poke|p1|Lilligant-Hisui, F|\n|poke|p1|Aegislash, F|\n|poke|p1|Nidoking, M|\n|poke|p1|Grimmsnarl, M|\n|poke|p2|Meowscarada, M|\n|poke|p2|Sceptile, F|\n|poke|p2|Incineroar, M|\n|poke|p2|Cinderace, F|\n|poke|p2|Inteleon, M|\n|poke|p2|Greninja-*, M|\n|teampreview\n|\n|t:|1700075752\n|start\n|switch|p1a: Grimmsnarl|Grimmsnarl, M|100\/100\n|switch|p2a: Greninja|Greninja, M|100\/100\n|turn|1\n|\n|t:|1700075779\n|move|p1a: Grimmsnarl|Fake Out|p2a: Greninja\n|-damage|p2a: Greninja|83\/100\n|cant|p2a: Greninja|flinch\n|\n|upkeep\n|turn|2\n|\n|t:|1700075792\n|move|p1a: Grimmsnarl|Light Screen|p1a: Grimmsnarl\n|-sidestart|p1: lxvliiz|move: Light Screen\n|move|p2a: Greninja|Grass Knot|p1a: Grimmsnarl\n|-damage|p1a: Grimmsnarl|91\/100\n|\n|-heal|p1a: Grimmsnarl|97\/100|[from] item: Leftovers\n|upkeep\n|turn|3\n|\n|t:|1700075813\n|switch|p2a: Cinderace|Cinderace, F|100\/100\n|move|p1a: Grimmsnarl|Reflect|p1a: Grimmsnarl\n|-sidestart|p1: lxvliiz|Reflect\n|\n|-heal|p1a: Grimmsnarl|100\/100|[from] item: Leftovers\n|upkeep\n|turn|4\n|\n|t:|1700075822\n|move|p1a: Grimmsnarl|Parting Shot|p2a: Cinderace\n|-unboost|p2a: Cinderace|atk|1\n|-unboost|p2a: Cinderace|spa|1\n|\n|t:|1700075827\n|switch|p1a: purple thing|Nidoking, M|100\/100|[from] Parting Shot\n|move|p2a: Cinderace|High Jump Kick|p1a: purple thing\n|-start|p2a: Cinderace|typechange|Fighting|[from] ability: Libero\n|-resisted|p1a: purple thing\n|-damage|p1a: purple thing|85\/100\n|\n|upkeep\n|turn|5\n|\n|t:|1700075841\n|switch|p2a: Sceptile|Sceptile, F|100\/100\n|-terastallize|p1a: purple thing|Poison\n|move|p1a: purple thing|Sludge Wave|p2a: Sceptile\n|-supereffective|p2a: Sceptile\n|-damage|p2a: Sceptile|0 fnt\n|faint|p2a: Sceptile\n|\n|upkeep\n|\n|t:|1700075858\n|switch|p2a: Meowscarada|Meowscarada, M|100\/100\n|turn|6\n|\n|t:|1700075869\n|move|p2a: Meowscarada|Knock Off|p1a: purple thing\n|-start|p2a: Meowscarada|typechange|Dark|[from] ability: Protean\n|-damage|p1a: purple thing|49\/100\n|-enditem|p1a: purple thing|Life Orb|[from] move: Knock Off|[of] p2a: Meowscarada\n|move|p1a: purple thing|Sludge Wave|p2a: Meowscarada\n|-damage|p2a: Meowscarada|0 fnt\n|faint|p2a: Meowscarada\n|\n|-sideend|p1: lxvliiz|move: Light Screen\n|upkeep\n|\n|t:|1700075881\n|switch|p2a: Incineroar|Incineroar, M|100\/100\n|-ability|p2a: Incineroar|Intimidate|boost\n|-unboost|p1a: purple thing|atk|1\n|turn|7\n|\n|t:|1700075896\n|move|p2a: Incineroar|Fake Out|p1a: purple thing\n|-damage|p1a: purple thing|41\/100\n|cant|p1a: purple thing|flinch\n|\n|-sideend|p1: lxvliiz|Reflect\n|upkeep\n|turn|8\n|\n|t:|1700075930\n|move|p1a: purple thing|Earth Power|p2a: Incineroar\n|-supereffective|p2a: Incineroar\n|-damage|p2a: Incineroar|28\/100\n|move|p2a: Incineroar|Close Combat|p1a: purple thing\n|-resisted|p1a: purple thing\n|-damage|p1a: purple thing|19\/100\n|-unboost|p2a: Incineroar|def|1\n|-unboost|p2a: Incineroar|spd|1\n|\n|upkeep\n|turn|9\n|\n|t:|1700075938\n|move|p1a: purple thing|Sludge Wave|p2a: Incineroar\n|-damage|p2a: Incineroar|0 fnt\n|faint|p2a: Incineroar\n|\n|upkeep\n|\n|t:|1700075942\n|switch|p2a: Cinderace|Cinderace, F|100\/100\n|turn|10\n|\n|t:|1700075949\n|move|p2a: Cinderace|Pyro Ball|p1a: purple thing\n|-damage|p1a: purple thing|0 fnt\n|faint|p1a: purple thing\n|\n|upkeep\n|\n|t:|1700075953\n|switch|p1a: Grimmsnarl|Grimmsnarl, M|100\/100\n|turn|11\n|\n|t:|1700075956\n|move|p1a: Grimmsnarl|Reflect|p1a: Grimmsnarl\n|-sidestart|p1: lxvliiz|Reflect\n|move|p2a: Cinderace|High Jump Kick|p1a: Grimmsnarl\n|-start|p2a: Cinderace|typechange|Fighting|[from] ability: Libero\n|-damage|p1a: Grimmsnarl|59\/100\n|\n|-heal|p1a: Grimmsnarl|65\/100|[from] item: Leftovers\n|upkeep\n|turn|12\n|\n|t:|1700075964\n|move|p1a: Grimmsnarl|Light Screen|p1a: Grimmsnarl\n|-sidestart|p1: lxvliiz|move: Light Screen\n|move|p2a: Cinderace|High Jump Kick|p1a: Grimmsnarl\n|-damage|p1a: Grimmsnarl|26\/100\n|\n|-heal|p1a: Grimmsnarl|32\/100|[from] item: Leftovers\n|upkeep\n|turn|13\n|\n|t:|1700075969\n|move|p1a: Grimmsnarl|Parting Shot|p2a: Cinderace\n|-unboost|p2a: Cinderace|atk|1\n|-unboost|p2a: Cinderace|spa|1\n|\n|t:|1700075973\n|switch|p1a: gen 8|Aegislash, F|100\/100|[from] Parting Shot\n|move|p2a: Cinderace|High Jump Kick|p1a: gen 8\n|-immune|p1a: gen 8\n|-damage|p2a: Cinderace|50\/100|[from] highjumpkick\n|\n|upkeep\n|turn|14\n|\n|t:|1700075988\n|switch|p2a: Greninja|Greninja, M|83\/100\n|-formechange|p1a: gen 8|Aegislash-Blade||[from] ability: Stance Change\n|move|p1a: gen 8|Shadow Ball|p2a: Greninja\n|-resisted|p2a: Greninja\n|-damage|p2a: Greninja|53\/100\n|\n|upkeep\n|turn|15\n|\n|t:|1700075995\n|-formechange|p1a: gen 8|Aegislash||[from] ability: Stance Change\n|move|p1a: gen 8|King's Shield|p1a: gen 8\n|-singleturn|p1a: gen 8|Protect\n|move|p2a: Greninja|Dark Pulse|p1a: gen 8\n|-activate|p1a: gen 8|move: Protect\n|\n|-sideend|p1: lxvliiz|Reflect\n|upkeep\n|turn|16\n|\n|t:|1700075999\n|move|p2a: Greninja|Dark Pulse|p1a: gen 8\n|-supereffective|p1a: gen 8\n|-damage|p1a: gen 8|81\/100\n|move|p1a: gen 8|Laser Focus|p1a: gen 8\n|-start|p1a: gen 8|move: Laser Focus\n|\n|-sideend|p1: lxvliiz|move: Light Screen\n|upkeep\n|turn|17\n|\n|t:|1700076005\n|move|p2a: Greninja|Dark Pulse|p1a: gen 8\n|-supereffective|p1a: gen 8\n|-damage|p1a: gen 8|40\/100\n|-formechange|p1a: gen 8|Aegislash-Blade||[from] ability: Stance Change\n|move|p1a: gen 8|Gyro Ball|p2a: Greninja\n|-resisted|p2a: Greninja\n|-crit|p2a: Greninja\n|-damage|p2a: Greninja|0 fnt\n|faint|p2a: Greninja\n|\n|-end|p1a: gen 8|move: Laser Focus|[silent]\n|upkeep\n|\n|t:|1700076013\n|switch|p2a: Cinderace|Cinderace, F|50\/100\n|turn|18\n|\n|t:|1700076017\n|-formechange|p1a: gen 8|Aegislash||[from] ability: Stance Change\n|move|p1a: gen 8|King's Shield|p1a: gen 8\n|-singleturn|p1a: gen 8|Protect\n|move|p2a: Cinderace|Pyro Ball|p1a: gen 8\n|-activate|p1a: gen 8|move: Protect\n|\n|upkeep\n|turn|19\n|\n|t:|1700076027\n|switch|p1a: sun|Lilligant-Hisui, F|100\/100\n|move|p2a: Cinderace|Pyro Ball|p1a: sun\n|-supereffective|p1a: sun\n|-damage|p1a: sun|0 fnt\n|faint|p1a: sun\n|\n|upkeep\n|\n|t:|1700076029\n|switch|p1a: Grimmsnarl|Grimmsnarl, M|32\/100\n|turn|20\n|\n|t:|1700076039\n|move|p1a: Grimmsnarl|Fake Out|p2a: Cinderace\n|-damage|p2a: Cinderace|36\/100\n|cant|p2a: Cinderace|flinch\n|\n|-heal|p1a: Grimmsnarl|38\/100|[from] item: Leftovers\n|upkeep\n|turn|21\n|\n|t:|1700076046\n|move|p1a: Grimmsnarl|Reflect|p1a: Grimmsnarl\n|-sidestart|p1: lxvliiz|Reflect\n|move|p2a: Cinderace|Pyro Ball|p1a: Grimmsnarl\n|-damage|p1a: Grimmsnarl|2\/100\n|\n|-heal|p1a: Grimmsnarl|8\/100|[from] item: Leftovers\n|upkeep\n|turn|22\n|\n|t:|1700076050\n|move|p2a: Cinderace|Sucker Punch||[still]\n|-fail|p2a: Cinderace\n|move|p1a: Grimmsnarl|Light Screen|p1a: Grimmsnarl\n|-sidestart|p1: lxvliiz|move: Light Screen\n|\n|-heal|p1a: Grimmsnarl|14\/100|[from] item: Leftovers\n|upkeep\n|turn|23\n|\n|t:|1700076055\n|move|p1a: Grimmsnarl|Parting Shot|p2a: Cinderace\n|-unboost|p2a: Cinderace|atk|1\n|-unboost|p2a: Cinderace|spa|1\n|\n|t:|1700076059\n|switch|p1a: yes|Azumarill, F|100\/100|[from] Parting Shot\n|move|p2a: Cinderace|U-turn|p1a: yes\n|-start|p2a: Cinderace|typechange|Bug|[from] ability: Libero\n|-resisted|p1a: yes\n|-damage|p1a: yes|95\/100\n|\n|t:|1700076067\n|switch|p2a: Inteleon|Inteleon, M|100\/100|[from] U-turn\n|\n|upkeep\n|turn|24\n|\n|t:|1700076075\n|move|p2a: Inteleon|Shadow Ball|p1a: yes\n|-damage|p1a: yes|81\/100\n|move|p1a: yes|Belly Drum|p1a: yes\n|-damage|p1a: yes|31\/100\n|-setboost|p1a: yes|atk|6|[from] move: Belly Drum\n|-enditem|p1a: yes|Sitrus Berry|[eat]\n|-heal|p1a: yes|56\/100|[from] item: Sitrus Berry\n|\n|upkeep\n|turn|25\n|\n|t:|1700076082\n|move|p1a: yes|Aqua Jet|p2a: Inteleon\n|-resisted|p2a: Inteleon\n|-damage|p2a: Inteleon|8\/100\n|move|p2a: Inteleon|Snipe Shot|p1a: yes\n|-resisted|p1a: yes\n|-damage|p1a: yes|45\/100\n|\n|-sideend|p1: lxvliiz|Reflect\n|upkeep\n|turn|26\n|\n|t:|1700076092\n|move|p1a: yes|Aqua Jet|p2a: Inteleon\n|-resisted|p2a: Inteleon\n|-crit|p2a: Inteleon\n|-damage|p2a: Inteleon|0 fnt\n|faint|p2a: Inteleon\n|\n|-sideend|p1: lxvliiz|move: Light Screen\n|upkeep\n|\n|t:|1700076094\n|switch|p2a: Cinderace|Cinderace, F|36\/100\n|turn|27\n|\n|t:|1700076105\n|move|p2a: Cinderace|Sucker Punch|p1a: yes\n|-start|p2a: Cinderace|typechange|Dark|[from] ability: Libero\n|-resisted|p1a: yes\n|-damage|p1a: yes|29\/100\n|move|p1a: yes|Aqua Jet|p2a: Cinderace\n|-damage|p2a: Cinderace|0 fnt\n|faint|p2a: Cinderace\n|\n|win|lxvliiz\n","uploadtime":1700076117,"views":12,"p1id":"lxvliiz","p2id":"mint29","formatid":"gen9nationaldex","rating":0,"private":0,"password":""}