{"id":"gen9nationaldex-1993464470","p1":"musichat","p2":"Cenotaphs","format":"[Gen 9] National Dex","log":"|j|\u2606musichat\n|j|\u2606Cenotaphs\n|t:|1700321123\n|gametype|singles\n|player|p1|musichat|guitarist|1569\n|player|p2|Cenotaphs|marley|1530\n|teamsize|p1|6\n|teamsize|p2|6\n|gen|9\n|tier|[Gen 9] National Dex\n|rated|\n|rule|HP Percentage Mod: HP is shown in percentages\n|rule|Endless Battle Clause: Forcing endless battles is banned\n|rule|OHKO Clause: OHKO moves are banned\n|rule|Evasion Clause: Evasion abilities, items, and moves are banned\n|rule|Evasion Abilities Clause: Evasion abilities are banned\n|rule|Evasion Items Clause: Evasion items are banned\n|rule|Evasion Moves Clause: Evasion moves are banned\n|rule|Species Clause: Limit one of each Pok\u00e9mon\n|rule|Sleep Clause Mod: Limit one foe put to sleep\n|clearpoke\n|poke|p1|Tyranitar, M|\n|poke|p1|Excadrill, M|\n|poke|p1|Rotom-Wash|\n|poke|p1|Iron Valiant|\n|poke|p1|Ferrothorn, F|\n|poke|p1|Moltres|\n|poke|p2|Volcanion|\n|poke|p2|Hoopa-Unbound|\n|poke|p2|Shiftry, F|\n|poke|p2|Alomomola, F|\n|poke|p2|Kyurem|\n|poke|p2|Glimmora, F|\n|teampreview\n|inactive|Battle timer is ON: inactive players will automatically lose when time's up. (requested by Cenotaphs)\n|inactive|musichat also wants the timer to be on.\n|c|\u2606musichat|its you\n|c|\u2606musichat|no rain\/\n|\n|t:|1700321152\n|start\n|switch|p1a: gamer|Ferrothorn, F|100\/100\n|switch|p2a: Glimmora|Glimmora, F|100\/100\n|turn|1\n|\n|t:|1700321159\n|move|p2a: Glimmora|Stealth Rock|p1a: gamer\n|-sidestart|p1: musichat|move: Stealth Rock\n|move|p1a: gamer|Stealth Rock|p2a: Glimmora\n|-sidestart|p2: Cenotaphs|move: Stealth Rock\n|\n|upkeep\n|turn|2\n|\n|t:|1700321161\n|move|p2a: Glimmora|Spikes|p1a: gamer\n|-sidestart|p1: musichat|Spikes\n|move|p1a: gamer|Leech Seed|p2a: Glimmora\n|-start|p2a: Glimmora|move: Leech Seed\n|\n|-damage|p2a: Glimmora|88\/100|[from] Leech Seed|[of] p1a: gamer\n|upkeep\n|turn|3\n|\n|t:|1700321169\n|switch|p1a: to live is to die|Excadrill, M|100\/100\n|-damage|p1a: to live is to die|97\/100|[from] Stealth Rock\n|-damage|p1a: to live is to die|85\/100|[from] Spikes\n|move|p2a: Glimmora|Spikes|p1a: to live is to die\n|-sidestart|p1: musichat|Spikes\n|\n|-damage|p2a: Glimmora|76\/100|[from] Leech Seed|[of] p1a: to live is to die\n|-heal|p1a: to live is to die|98\/100|[silent]\n|upkeep\n|turn|4\n|\n|t:|1700321184\n|move|p1a: to live is to die|Rapid Spin|p2a: Glimmora\n|-resisted|p2a: Glimmora\n|-damage|p2a: Glimmora|66\/100\n|-boost|p1a: to live is to die|spe|1\n|-activate|p2a: Glimmora|ability: Toxic Debris\n|-sidestart|p1: musichat|move: Toxic Spikes\n|-sideend|p1: musichat|Spikes|[from] move: Rapid Spin|[of] p1a: to live is to die\n|-sideend|p1: musichat|Toxic Spikes|[from] move: Rapid Spin|[of] p1a: to live is to die\n|-sideend|p1: musichat|Stealth Rock|[from] move: Rapid Spin|[of] p1a: to live is to die\n|move|p2a: Glimmora|Spikes|p1a: to live is to die\n|-sidestart|p1: musichat|Spikes\n|\n|-damage|p2a: Glimmora|53\/100|[from] Leech Seed|[of] p1a: to live is to die\n|-heal|p1a: to live is to die|100\/100|[silent]\n|upkeep\n|turn|5\n|\n|t:|1700321189\n|move|p1a: to live is to die|Earthquake|p2a: Glimmora\n|-supereffective|p2a: Glimmora\n|-damage|p2a: Glimmora|0 fnt\n|-activate|p2a: Glimmora|ability: Toxic Debris\n|-sidestart|p1: musichat|move: Toxic Spikes\n|faint|p2a: Glimmora\n|\n|upkeep\n|\n|t:|1700321204\n|switch|p2a: Volcanion|Volcanion|100\/100\n|-damage|p2a: Volcanion|76\/100|[from] Stealth Rock\n|turn|6\n|\n|t:|1700321219\n|switch|p1a: leather rebel|Rotom-Wash|100\/100\n|-terastallize|p2a: Volcanion|Water\n|move|p2a: Volcanion|Steam Eruption|p1a: leather rebel\n|-resisted|p1a: leather rebel\n|-damage|p1a: leather rebel|37\/100\n|\n|-heal|p1a: leather rebel|44\/100|[from] item: Leftovers\n|upkeep\n|turn|7\n|\n|t:|1700321228\n|move|p1a: leather rebel|Volt Switch|p2a: Volcanion\n|-supereffective|p2a: Volcanion\n|-damage|p2a: Volcanion|23\/100\n|\n|t:|1700321233\n|switch|p1a: gamer|Ferrothorn, F|100\/100|[from] Volt Switch\n|-damage|p1a: gamer|88\/100|[from] Spikes\n|move|p2a: Volcanion|Steam Eruption|p1a: gamer\n|-resisted|p1a: gamer\n|-damage|p1a: gamer|36\/100\n|\n|-heal|p1a: gamer|43\/100|[from] item: Leftovers\n|upkeep\n|turn|8\n|c|\u2606musichat|51????\n|c|\u2606musichat|specs moment\n|c|\u2606Cenotaphs|:3\n|\n|t:|1700321248\n|move|p2a: Volcanion|Steam Eruption|p1a: gamer\n|-resisted|p1a: gamer\n|-damage|p1a: gamer|0 fnt\n|faint|p1a: gamer\n|\n|upkeep\n|\n|t:|1700321253\n|switch|p1a: leather rebel|Rotom-Wash|44\/100\n|turn|9\n|\n|t:|1700321257\n|switch|p2a: Shiftry|Shiftry, F|100\/100\n|-damage|p2a: Shiftry|88\/100|[from] Stealth Rock\n|move|p1a: leather rebel|Volt Switch|p2a: Shiftry\n|-resisted|p2a: Shiftry\n|-damage|p2a: Shiftry|70\/100\n|\n|t:|1700321279\n|switch|p1a: fishy|Moltres|100\/100|[from] Volt Switch\n|\n|upkeep\n|turn|10\n|\n|t:|1700321291\n|move|p2a: Shiftry|Tailwind|p2a: Shiftry\n|-sidestart|p2: Cenotaphs|move: Tailwind\n|-ability|p2a: Shiftry|Wind Rider|boost\n|-boost|p2a: Shiftry|atk|1\n|move|p1a: fishy|Flamethrower|p2a: Shiftry\n|-supereffective|p2a: Shiftry\n|-damage|p2a: Shiftry|0 fnt\n|faint|p2a: Shiftry\n|\n|upkeep\n|\n|t:|1700321293\n|switch|p2a: Volcanion|Volcanion, tera:Water|23\/100\n|-damage|p2a: Volcanion|10\/100|[from] Stealth Rock\n|turn|11\n|\n|t:|1700321299\n|move|p2a: Volcanion|Steam Eruption|p1a: fishy\n|-supereffective|p1a: fishy\n|-damage|p1a: fishy|0 fnt\n|faint|p1a: fishy\n|\n|upkeep\n|c|\u2606musichat|?????\n|c|\u2606Cenotaphs|tailwind\n|c|\u2606musichat|220 speed\n|c|\u2606musichat|oh\n|c|\u2606musichat|i forgor\n|\n|t:|1700321326\n|switch|p1a: we're tyraniback|Tyranitar, M|100\/100\n|-damage|p1a: we're tyraniback|88\/100|[from] Spikes\n|-status|p1a: we're tyraniback|psn\n|-weather|Sandstorm|[from] ability: Sand Stream|[of] p1a: we're tyraniback\n|turn|12\n|\n|t:|1700321329\n|switch|p1a: leather rebel|Rotom-Wash|44\/100\n|move|p2a: Volcanion|Steam Eruption|p1a: leather rebel\n|-resisted|p1a: leather rebel\n|-damage|p1a: leather rebel|0 fnt\n|faint|p1a: leather rebel\n|\n|-weather|Sandstorm|[upkeep]\n|-damage|p2a: Volcanion|4\/100|[from] Sandstorm\n|upkeep\n|\n|t:|1700321333\n|switch|p1a: to live is to die|Excadrill, M|100\/100\n|-damage|p1a: to live is to die|88\/100|[from] Spikes\n|turn|13\n|\n|t:|1700321335\n|move|p1a: to live is to die|Rapid Spin|p2a: Volcanion\n|-damage|p2a: Volcanion|0 fnt\n|-boost|p1a: to live is to die|spe|1\n|-sideend|p1: musichat|Spikes|[from] move: Rapid Spin|[of] p1a: to live is to die\n|-sideend|p1: musichat|Toxic Spikes|[from] move: Rapid Spin|[of] p1a: to live is to die\n|faint|p2a: Volcanion\n|\n|-weather|Sandstorm|[upkeep]\n|-sideend|p2: Cenotaphs|move: Tailwind\n|upkeep\n|\n|t:|1700321341\n|switch|p2a: Alomomola|Alomomola, F|100\/100\n|-damage|p2a: Alomomola|88\/100|[from] Stealth Rock\n|turn|14\n|\n|t:|1700321349\n|move|p1a: to live is to die|Swords Dance|p1a: to live is to die\n|-boost|p1a: to live is to die|atk|2\n|move|p2a: Alomomola|Wish|p2a: Alomomola\n|\n|-weather|Sandstorm|[upkeep]\n|-damage|p2a: Alomomola|82\/100|[from] Sandstorm\n|-heal|p2a: Alomomola|88\/100|[from] item: Leftovers\n|upkeep\n|turn|15\n|\n|t:|1700321353\n|move|p1a: to live is to die|Swords Dance|p1a: to live is to die\n|-boost|p1a: to live is to die|atk|2\n|move|p2a: Alomomola|Scald|p1a: to live is to die\n|-supereffective|p1a: to live is to die\n|-damage|p1a: to live is to die|50\/100\n|\n|-weather|Sandstorm|[upkeep]\n|-damage|p2a: Alomomola|82\/100|[from] Sandstorm\n|-heal|p2a: Alomomola|100\/100|[from] move: Wish|[wisher] Alomomola\n|upkeep\n|turn|16\n|c|\u2606musichat|25% roll\n|\n|t:|1700321380\n|move|p1a: to live is to die|Swords Dance|p1a: to live is to die\n|-boost|p1a: to live is to die|atk|2\n|move|p2a: Alomomola|Scald|p1a: to live is to die\n|-supereffective|p1a: to live is to die\n|-damage|p1a: to live is to die|13\/100\n|\n|-weather|none\n|upkeep\n|turn|17\n|\n|t:|1700321386\n|move|p1a: to live is to die|Earthquake|p2a: Alomomola\n|-damage|p2a: Alomomola|0 fnt\n|faint|p2a: Alomomola\n|\n|upkeep\n|\n|t:|1700321389\n|switch|p2a: Hoopa|Hoopa-Unbound|100\/100\n|-damage|p2a: Hoopa|88\/100|[from] Stealth Rock\n|turn|18\n|\n|t:|1700321394\n|-zpower|p1a: to live is to die\n|move|p1a: to live is to die|Corkscrew Crash|p2a: Hoopa|[zeffect]\n|-damage|p2a: Hoopa|0 fnt\n|faint|p2a: Hoopa\n|\n|upkeep\n|\n|t:|1700321398\n|switch|p2a: Kyurem|Kyurem|100\/100\n|-damage|p2a: Kyurem|76\/100|[from] Stealth Rock\n|-ability|p2a: Kyurem|Pressure\n|turn|19\n|c|\u2606Cenotaphs|gg\n|\n|t:|1700321400\n|move|p1a: to live is to die|Iron Head|p2a: Kyurem\n|-supereffective|p2a: Kyurem\n|-damage|p2a: Kyurem|0 fnt\n|faint|p2a: Kyurem\n|\n|win|musichat\n|raw|musichat's rating: 1569 &rarr; <strong>1587<\/strong><br \/>(+18 for winning)\n|raw|Cenotaphs's rating: 1530 &rarr; <strong>1512<\/strong><br \/>(-18 for losing)\n|c|\u2606musichat|gg\n|l|\u2606Cenotaphs\n","uploadtime":1700321416,"views":6,"p1id":"musichat","p2id":"cenotaphs","formatid":"gen9nationaldex","rating":1512,"private":0,"password":""}