{"id":"gen9nationaldex-1987196770","p1":"Gabrielxz18","p2":"Ferexcalibur","format":"[Gen 9] National Dex","log":"|j|\u2606Gabrielxz18\n|j|\u2606Ferexcalibur\n|t:|1699564322\n|gametype|singles\n|player|p1|Gabrielxz18|nate|\n|player|p2|Ferexcalibur|169|\n|teamsize|p1|6\n|teamsize|p2|6\n|gen|9\n|tier|[Gen 9] National Dex\n|rule|HP Percentage Mod: HP is shown in percentages\n|rule|Endless Battle Clause: Forcing endless battles is banned\n|rule|OHKO Clause: OHKO moves are banned\n|rule|Evasion Clause: Evasion abilities, items, and moves are banned\n|rule|Evasion Abilities Clause: Evasion abilities are banned\n|rule|Evasion Items Clause: Evasion items are banned\n|rule|Evasion Moves Clause: Evasion moves are banned\n|rule|Species Clause: Limit one of each Pok\u00e9mon\n|rule|Sleep Clause Mod: Limit one foe put to sleep\n|clearpoke\n|poke|p1|Mienshao, F|\n|poke|p1|Honchkrow, F|\n|poke|p1|Pyroar, M|\n|poke|p1|Gyarados, M|\n|poke|p1|Delphox, F|\n|poke|p1|Talonflame, M|\n|poke|p2|Emboar, F|\n|poke|p2|Braviary, M|\n|poke|p2|Scrafty, F|\n|poke|p2|Simisage, M|\n|poke|p2|Cobalion|\n|poke|p2|Hydreigon, F|\n|teampreview\n|\n|t:|1699564366\n|start\n|switch|p1a: Pyroar|Pyroar, M|100\/100\n|switch|p2a: Cobalion|Cobalion|100\/100\n|turn|1\n|\n|t:|1699564379\n|move|p2a: Cobalion|Volt Switch|p1a: Pyroar\n|-damage|p1a: Pyroar|82\/100\n|\n|t:|1699564397\n|switch|p2a: Emboar|Emboar, F|100\/100|[from] Volt Switch\n|move|p1a: Pyroar|Flamethrower|p2a: Emboar\n|-resisted|p2a: Emboar\n|-crit|p2a: Emboar\n|-damage|p2a: Emboar|69\/100\n|\n|upkeep\n|turn|2\n|\n|t:|1699564413\n|move|p2a: Emboar|Wild Charge|p1a: Pyroar\n|-damage|p1a: Pyroar|0 fnt\n|faint|p1a: Pyroar\n|-damage|p2a: Emboar|51\/100|[from] Recoil\n|\n|upkeep\n|\n|t:|1699564426\n|switch|p1a: Mienshao|Mienshao, F|100\/100\n|turn|3\n|\n|t:|1699564445\n|switch|p2a: Cobalion|Cobalion|100\/100\n|move|p1a: Mienshao|Fake Out|p2a: Cobalion\n|-resisted|p2a: Cobalion\n|-damage|p2a: Cobalion|96\/100\n|\n|-heal|p2a: Cobalion|100\/100|[from] item: Leftovers\n|upkeep\n|turn|4\n|\n|t:|1699564488\n|move|p2a: Cobalion|Volt Switch|p1a: Mienshao\n|-damage|p1a: Mienshao|77\/100\n|\n|t:|1699564492\n|switch|p2a: Braviary|Braviary, M|100\/100|[from] Volt Switch\n|move|p1a: Mienshao|High Jump Kick|p2a: Braviary\n|-damage|p2a: Braviary|0 fnt\n|faint|p2a: Braviary\n|\n|upkeep\n|\n|t:|1699564576\n|switch|p2a: Emboar|Emboar, F|51\/100\n|turn|5\n|\n|t:|1699564595\n|move|p2a: Emboar|Sucker Punch|p1a: Mienshao\n|-resisted|p1a: Mienshao\n|-damage|p1a: Mienshao|46\/100\n|move|p1a: Mienshao|High Jump Kick|p2a: Emboar\n|-damage|p2a: Emboar|0 fnt\n|faint|p2a: Emboar\n|\n|upkeep\n|\n|t:|1699564614\n|switch|p2a: Cobalion|Cobalion|100\/100\n|turn|6\n|\n|t:|1699564619\n|move|p2a: Cobalion|Volt Switch|p1a: Mienshao\n|-damage|p1a: Mienshao|22\/100\n|\n|t:|1699564625\n|switch|p2a: Simisage|Simisage, M|100\/100|[from] Volt Switch\n|move|p1a: Mienshao|High Jump Kick|p2a: Simisage\n|-crit|p2a: Simisage\n|-damage|p2a: Simisage|0 fnt\n|faint|p2a: Simisage\n|\n|upkeep\n|\n|t:|1699564634\n|switch|p2a: Cobalion|Cobalion|100\/100\n|turn|7\n|\n|t:|1699564650\n|switch|p1a: Delphox|Delphox, F|100\/100\n|move|p2a: Cobalion|Volt Switch|p1a: Delphox\n|-damage|p1a: Delphox|85\/100\n|\n|t:|1699564665\n|switch|p2a: Hydreigon|Hydreigon, F|100\/100|[from] Volt Switch\n|\n|upkeep\n|turn|8\n|\n|t:|1699564673\n|move|p1a: Delphox|Dazzling Gleam|p2a: Hydreigon\n|-supereffective|p2a: Hydreigon\n|-damage|p2a: Hydreigon|0 fnt\n|faint|p2a: Hydreigon\n|\n|upkeep\n|\n|t:|1699564687\n|switch|p2a: Scrafty|Scrafty, F|100\/100\n|turn|9\n|\n|t:|1699564705\n|-terastallize|p1a: Delphox|Fire\n|-terastallize|p2a: Scrafty|Dark\n|move|p1a: Delphox|Overheat|p2a: Scrafty\n|-crit|p2a: Scrafty\n|-damage|p2a: Scrafty|7\/100\n|-unboost|p1a: Delphox|spa|2\n|-enditem|p1a: Delphox|White Herb\n|-clearnegativeboost|p1a: Delphox|[silent]\n|move|p2a: Scrafty|Knock Off|p1a: Delphox\n|-damage|p1a: Delphox|41\/100\n|\n|-heal|p2a: Scrafty|13\/100|[from] item: Leftovers\n|upkeep\n|turn|10\n|\n|t:|1699564721\n|move|p1a: Delphox|Dazzling Gleam|p2a: Scrafty\n|-supereffective|p2a: Scrafty\n|-damage|p2a: Scrafty|0 fnt\n|faint|p2a: Scrafty\n|\n|upkeep\n|\n|t:|1699564725\n|switch|p2a: Cobalion|Cobalion|100\/100\n|turn|11\n|\n|t:|1699564734\n|move|p2a: Cobalion|Volt Switch|p1a: Delphox\n|-damage|p1a: Delphox|25\/100\n|move|p1a: Delphox|Overheat|p2a: Cobalion\n|-supereffective|p2a: Cobalion\n|-damage|p2a: Cobalion|0 fnt\n|-unboost|p1a: Delphox|spa|2\n|faint|p2a: Cobalion\n|\n|win|Gabrielxz18\n|c|\u2606Gabrielxz18|gg\n|c|\u2606Ferexcalibur|gg\n","uploadtime":1699564746,"views":8,"p1id":"gabrielxz18","p2id":"ferexcalibur","formatid":"gen9nationaldex","rating":0,"private":0,"password":""}