{"id":"gen9nationaldex-1993133919","p1":"Sussy mongoose","p2":"Maxer59","format":"[Gen 9] National Dex","log":"|j|\u2606Sussy mongoose\n|j|\u2606Maxer59\n|t:|1700268770\n|gametype|singles\n|player|p1|Sussy mongoose|101|1368\n|player|p2|Maxer59|lucas|1259\n|teamsize|p1|6\n|teamsize|p2|6\n|gen|9\n|tier|[Gen 9] National Dex\n|rated|\n|rule|HP Percentage Mod: HP is shown in percentages\n|rule|Endless Battle Clause: Forcing endless battles is banned\n|rule|OHKO Clause: OHKO moves are banned\n|rule|Evasion Clause: Evasion abilities, items, and moves are banned\n|rule|Evasion Abilities Clause: Evasion abilities are banned\n|rule|Evasion Items Clause: Evasion items are banned\n|rule|Evasion Moves Clause: Evasion moves are banned\n|rule|Species Clause: Limit one of each Pok\u00e9mon\n|rule|Sleep Clause Mod: Limit one foe put to sleep\n|clearpoke\n|poke|p1|Hitmonlee, M|\n|poke|p1|Toxtricity, M|\n|poke|p1|Grimmsnarl, M|\n|poke|p1|Cinderace, M|\n|poke|p1|Serperior, M|\n|poke|p1|Breloom, F|\n|poke|p2|Politoed, F|\n|poke|p2|Floatzel, F|\n|poke|p2|Indeedee, M|\n|poke|p2|Espeon, F|\n|poke|p2|Zoroark-Hisui, F|\n|poke|p2|Beedrill, M|\n|teampreview\n|inactive|Battle timer is ON: inactive players will automatically lose when time's up. (requested by Maxer59)\n|\n|t:|1700268783\n|start\n|switch|p1a: Grimmsnarl|Grimmsnarl, M|100\/100\n|switch|p2a: Politoed|Politoed, F|100\/100\n|-weather|RainDance|[from] ability: Drizzle|[of] p2a: Politoed\n|turn|1\n|\n|t:|1700268788\n|move|p1a: Grimmsnarl|Light Screen|p1a: Grimmsnarl\n|-sidestart|p1: Sussy mongoose|move: Light Screen\n|move|p2a: Politoed|Weather Ball|p1a: Grimmsnarl\n|-damage|p1a: Grimmsnarl|68\/100\n|\n|-weather|RainDance|[upkeep]\n|upkeep\n|turn|2\n|\n|t:|1700268793\n|move|p1a: Grimmsnarl|Reflect|p1a: Grimmsnarl\n|-sidestart|p1: Sussy mongoose|Reflect\n|move|p2a: Politoed|Weather Ball|p1a: Grimmsnarl\n|-damage|p1a: Grimmsnarl|39\/100\n|\n|-weather|RainDance|[upkeep]\n|upkeep\n|turn|3\n|\n|t:|1700268797\n|switch|p2a: Floatzel|Floatzel, F|100\/100\n|move|p1a: Grimmsnarl|Parting Shot|p2a: Floatzel\n|-unboost|p2a: Floatzel|atk|1\n|-unboost|p2a: Floatzel|spa|1\n|\n|t:|1700268799\n|switch|p1a: Breloom|Breloom, F|100\/100|[from] Parting Shot\n|\n|-weather|RainDance|[upkeep]\n|upkeep\n|turn|4\n|\n|t:|1700268812\n|switch|p2a: Espeon|Espeon, F|100\/100\n|move|p1a: Breloom|Spore|p2a: Espeon\n|-status|p2a: Espeon|slp|[from] move: Spore\n|\n|-weather|RainDance|[upkeep]\n|upkeep\n|turn|5\n|\n|t:|1700268822\n|cant|p2a: Espeon|slp\n|move|p1a: Breloom|Swords Dance|p1a: Breloom\n|-boost|p1a: Breloom|atk|2\n|\n|-weather|RainDance|[upkeep]\n|upkeep\n|turn|6\n|\n|t:|1700268826\n|-curestatus|p2a: Espeon|slp|[msg]\n|move|p2a: Espeon|Extrasensory|p1a: Breloom\n|-supereffective|p1a: Breloom\n|-damage|p1a: Breloom|36\/100\n|-damage|p2a: Espeon|91\/100|[from] item: Life Orb\n|move|p1a: Breloom|Bullet Seed|p2a: Espeon\n|-damage|p2a: Espeon|6\/100\n|replace|p2a: Zoroark|Zoroark-Hisui, F\n|-end|p2a: Zoroark|Illusion\n|-damage|p2a: Zoroark|0 fnt\n|faint|p2a: Zoroark\n|-hitcount|p2: Zoroark|2\n|\n|-weather|RainDance|[upkeep]\n|upkeep\n|\n|t:|1700268842\n|switch|p2a: Indeedee|Indeedee, M|100\/100\n|-fieldstart|move: Psychic Terrain|[from] ability: Psychic Surge|[of] p2a: Indeedee\n|turn|7\n|\n|t:|1700268847\n|move|p1a: Breloom|Mach Punch|p2a: Indeedee\n|-activate|p2a: Indeedee|move: Psychic Terrain\n|move|p2a: Indeedee|Expanding Force|p1a: Breloom\n|-supereffective|p1a: Breloom\n|-damage|p1a: Breloom|0 fnt\n|faint|p1a: Breloom\n|\n|-weather|RainDance|[upkeep]\n|upkeep\n|\n|t:|1700268854\n|switch|p1a: Toxtricity|Toxtricity, M|100\/100\n|turn|8\n|\n|t:|1700268858\n|switch|p1a: Grimmsnarl|Grimmsnarl, M|39\/100\n|move|p2a: Indeedee|Expanding Force|p1a: Grimmsnarl\n|-immune|p1a: Grimmsnarl\n|\n|-weather|none\n|-sideend|p1: Sussy mongoose|move: Light Screen\n|upkeep\n|turn|9\n|\n|t:|1700268865\n|move|p1a: Grimmsnarl|Light Screen|p1a: Grimmsnarl\n|-sidestart|p1: Sussy mongoose|move: Light Screen\n|move|p2a: Indeedee|Dazzling Gleam|p1a: Grimmsnarl\n|-supereffective|p1a: Grimmsnarl\n|-damage|p1a: Grimmsnarl|16\/100\n|\n|-sideend|p1: Sussy mongoose|Reflect\n|upkeep\n|turn|10\n|\n|t:|1700268869\n|move|p1a: Grimmsnarl|Parting Shot|p2a: Indeedee\n|-activate|p2a: Indeedee|move: Psychic Terrain\n|move|p2a: Indeedee|Dazzling Gleam|p1a: Grimmsnarl\n|-supereffective|p1a: Grimmsnarl\n|-damage|p1a: Grimmsnarl|0 fnt\n|faint|p1a: Grimmsnarl\n|\n|upkeep\n|\n|t:|1700268880\n|switch|p1a: Serperior|Serperior, M|100\/100\n|turn|11\n|\n|t:|1700268893\n|move|p1a: Serperior|Leaf Storm|p2a: Indeedee\n|-damage|p2a: Indeedee|21\/100\n|-boost|p1a: Serperior|spa|2\n|-damage|p1a: Serperior|91\/100|[from] item: Life Orb\n|move|p2a: Indeedee|Expanding Force|p1a: Serperior\n|-damage|p1a: Serperior|49\/100\n|\n|upkeep\n|turn|12\n|\n|t:|1700268899\n|move|p1a: Serperior|Leaf Storm|p2a: Indeedee\n|-damage|p2a: Indeedee|0 fnt\n|-boost|p1a: Serperior|spa|2\n|faint|p2a: Indeedee\n|-damage|p1a: Serperior|40\/100|[from] item: Life Orb\n|\n|upkeep\n|\n|t:|1700268904\n|switch|p2a: Beedrill|Beedrill, M|100\/100\n|turn|13\n|\n|t:|1700268910\n|switch|p1a: Cinderace|Cinderace, M|100\/100\n|detailschange|p2a: Beedrill|Beedrill-Mega, M\n|-mega|p2a: Beedrill|Beedrill|Beedrillite\n|move|p2a: Beedrill|Fell Stinger|p1a: Cinderace\n|-resisted|p1a: Cinderace\n|-damage|p1a: Cinderace|71\/100\n|\n|upkeep\n|turn|14\n|\n|t:|1700268917\n|move|p2a: Beedrill|U-turn|p1a: Cinderace\n|-resisted|p1a: Cinderace\n|-crit|p1a: Cinderace\n|-damage|p1a: Cinderace|16\/100\n|\n|t:|1700268920\n|switch|p2a: Politoed|Politoed, F|100\/100|[from] U-turn\n|-weather|RainDance|[from] ability: Drizzle|[of] p2a: Politoed\n|move|p1a: Cinderace|U-turn|p2a: Politoed\n|-start|p1a: Cinderace|typechange|Bug|[from] ability: Libero\n|-damage|p2a: Politoed|62\/100\n|\n|t:|1700268933\n|switch|p1a: Toxtricity|Toxtricity, M|100\/100|[from] U-turn\n|\n|-weather|RainDance|[upkeep]\n|-fieldend|move: Psychic Terrain\n|upkeep\n|turn|15\n|\n|t:|1700268939\n|move|p1a: Toxtricity|Shift Gear|p1a: Toxtricity\n|-boost|p1a: Toxtricity|spe|2\n|-boost|p1a: Toxtricity|atk|1\n|move|p2a: Politoed|Weather Ball|p1a: Toxtricity\n|-damage|p1a: Toxtricity|48\/100\n|\n|-weather|RainDance|[upkeep]\n|upkeep\n|turn|16\n|\n|t:|1700268948\n|move|p1a: Toxtricity|Overdrive|p2a: Politoed\n|-supereffective|p2a: Politoed\n|-damage|p2a: Politoed|0 fnt\n|faint|p2a: Politoed\n|-enditem|p1a: Toxtricity|Throat Spray\n|-boost|p1a: Toxtricity|spa|1|[from] item: Throat Spray\n|\n|-weather|RainDance|[upkeep]\n|-sideend|p1: Sussy mongoose|move: Light Screen\n|upkeep\n|\n|t:|1700268952\n|switch|p2a: Floatzel|Floatzel, F|100\/100\n|turn|17\n|\n|t:|1700268959\n|switch|p1a: Serperior|Serperior, M|40\/100\n|-terastallize|p2a: Floatzel|Water\n|move|p2a: Floatzel|Wave Crash|p1a: Serperior\n|-resisted|p1a: Serperior\n|-damage|p1a: Serperior|0 fnt\n|faint|p1a: Serperior\n|-damage|p2a: Floatzel|88\/100|[from] Recoil\n|\n|-weather|RainDance|[upkeep]\n|upkeep\n|\n|t:|1700268966\n|switch|p1a: Hitmonlee|Hitmonlee, M|100\/100\n|turn|18\n|\n|t:|1700268971\n|switch|p1a: Toxtricity|Toxtricity, M|48\/100\n|move|p2a: Floatzel|Flip Turn|p1a: Toxtricity\n|-damage|p1a: Toxtricity|0 fnt\n|faint|p1a: Toxtricity\n|\n|t:|1700268975\n|switch|p2a: Espeon|Espeon, F|100\/100|[from] Flip Turn\n|\n|-weather|RainDance|[upkeep]\n|upkeep\n|l|\u2606Sussy mongoose\n|inactive|Sussy mongoose disconnected and has a minute to reconnect!\n|player|p1|\n|inactive|Sussy mongoose has 30 seconds to reconnect!\n|inactive|Sussy mongoose has 20 seconds to reconnect!\n|inactive|Sussy mongoose has 15 seconds to reconnect!\n|inactive|Sussy mongoose has 10 seconds to reconnect!\n|inactive|Sussy mongoose has 5 seconds to reconnect!\n|-message|Sussy mongoose lost due to inactivity.\n|\n|win|Maxer59\n|raw|Sussy mongoose's rating: 1368 &rarr; <strong>1342<\/strong><br \/>(-26 for losing)\n|raw|Maxer59's rating: 1259 &rarr; <strong>1292<\/strong><br \/>(+33 for winning)\n","uploadtime":1700269054,"views":7,"p1id":"sussymongoose","p2id":"maxer59","formatid":"gen9nationaldex","rating":1292,"private":0,"password":""}