{"id":"gen9nationaldex-1997381002","p1":"TuanAnhDzXD","p2":"amberfossil","format":"[Gen 9] National Dex","log":"|html|<div class=\"broadcast-blue\"><strong>[Gen 9] National Dex is currently suspecting Sneasler! For information on how to participate check out the <a href=\"https:\/\/www.smogon.com\/forums\/threads\/sv-national-dex-suspect-8-just-dance.3731534\/\">suspect thread<\/a>.<\/strong><\/div>\n|j|\u2606TuanAnhDzXD\n|j|\u2606amberfossil\n|t:|1700796704\n|gametype|singles\n|player|p1|TuanAnhDzXD|266|1149\n|player|p2|amberfossil|cameraman|1186\n|teamsize|p1|6\n|teamsize|p2|6\n|gen|9\n|tier|[Gen 9] National Dex\n|rated|\n|rule|HP Percentage Mod: HP is shown in percentages\n|rule|Endless Battle Clause: Forcing endless battles is banned\n|rule|OHKO Clause: OHKO moves are banned\n|rule|Evasion Clause: Evasion abilities, items, and moves are banned\n|rule|Evasion Abilities Clause: Evasion abilities are banned\n|rule|Evasion Items Clause: Evasion items are banned\n|rule|Evasion Moves Clause: Evasion moves are banned\n|rule|Species Clause: Limit one of each Pok\u00e9mon\n|rule|Sleep Clause Mod: Limit one foe put to sleep\n|clearpoke\n|poke|p1|Pyukumuku, F|\n|poke|p1|Garganacl, F|\n|poke|p1|Corviknight, M|\n|poke|p1|Ferrothorn, F|\n|poke|p1|Druddigon, M|\n|poke|p1|Alomomola, M|\n|poke|p2|Scolipede, M|\n|poke|p2|Alakazam, M|\n|poke|p2|Sharpedo, M|\n|poke|p2|Nidoking, M|\n|poke|p2|Noivern, M|\n|poke|p2|Salamence, M|\n|teampreview\n|inactive|Battle timer is ON: inactive players will automatically lose when time's up. (requested by amberfossil)\n|\n|t:|1700796712\n|start\n|switch|p1a: Ferrothorn|Ferrothorn, F|100\/100\n|switch|p2a: Nidoking|Nidoking, M|100\/100\n|turn|1\n|\n|t:|1700796716\n|move|p2a: Nidoking|Flamethrower|p1a: Ferrothorn\n|-supereffective|p1a: Ferrothorn\n|-damage|p1a: Ferrothorn|0 fnt\n|faint|p1a: Ferrothorn\n|\n|upkeep\n|\n|t:|1700796720\n|switch|p1a: Garganacl|Garganacl, F|100\/100\n|turn|2\n|\n|t:|1700796724\n|switch|p2a: Sharpedo|Sharpedo, M|100\/100\n|move|p1a: Garganacl|Stealth Rock|p2a: Sharpedo\n|-sidestart|p2: amberfossil|move: Stealth Rock\n|\n|upkeep\n|turn|3\n|\n|t:|1700796728\n|-terastallize|p1a: Garganacl|Dragon\n|move|p2a: Sharpedo|Protect|p2a: Sharpedo\n|-singleturn|p2a: Sharpedo|Protect\n|move|p1a: Garganacl|Salt Cure|p2a: Sharpedo\n|-activate|p2a: Sharpedo|move: Protect\n|\n|-ability|p2a: Sharpedo|Speed Boost|boost\n|-boost|p2a: Sharpedo|spe|1\n|upkeep\n|turn|4\n|\n|t:|1700796735\n|detailschange|p2a: Sharpedo|Sharpedo-Mega, M\n|-mega|p2a: Sharpedo|Sharpedo|Sharpedonite\n|move|p2a: Sharpedo|Ice Fang|p1a: Garganacl\n|-supereffective|p1a: Garganacl\n|-damage|p1a: Garganacl|57\/100\n|cant|p1a: Garganacl|flinch\n|\n|-heal|p1a: Garganacl|63\/100|[from] item: Leftovers\n|upkeep\n|turn|5\n|\n|t:|1700796741\n|move|p2a: Sharpedo|Ice Fang|p1a: Garganacl\n|-supereffective|p1a: Garganacl\n|-damage|p1a: Garganacl|25\/100\n|move|p1a: Garganacl|Salt Cure|p2a: Sharpedo\n|-damage|p2a: Sharpedo|78\/100\n|-start|p2a: Sharpedo|Salt Cure\n|\n|-heal|p1a: Garganacl|32\/100|[from] item: Leftovers\n|-damage|p2a: Sharpedo|53\/100|[from] Salt Cure\n|upkeep\n|turn|6\n|\n|t:|1700796747\n|move|p1a: Garganacl|Protect|p1a: Garganacl\n|-singleturn|p1a: Garganacl|Protect\n|move|p2a: Sharpedo|Ice Fang|p1a: Garganacl\n|-activate|p1a: Garganacl|move: Protect\n|\n|-heal|p1a: Garganacl|38\/100|[from] item: Leftovers\n|-damage|p2a: Sharpedo|28\/100|[from] Salt Cure\n|upkeep\n|turn|7\n|\n|t:|1700796750\n|switch|p1a: Pyukumuku|Pyukumuku, F|100\/100\n|move|p2a: Sharpedo|Ice Fang|p1a: Pyukumuku\n|-resisted|p1a: Pyukumuku\n|-damage|p1a: Pyukumuku|84\/100\n|\n|-heal|p1a: Pyukumuku|90\/100|[from] item: Leftovers\n|-damage|p2a: Sharpedo|3\/100|[from] Salt Cure\n|upkeep\n|turn|8\n|\n|t:|1700796755\n|move|p1a: Pyukumuku|Protect|p1a: Pyukumuku\n|-singleturn|p1a: Pyukumuku|Protect\n|move|p2a: Sharpedo|Crunch|p1a: Pyukumuku\n|-activate|p1a: Pyukumuku|move: Protect\n|\n|-heal|p1a: Pyukumuku|96\/100|[from] item: Leftovers\n|-damage|p2a: Sharpedo|0 fnt|[from] Salt Cure\n|faint|p2a: Sharpedo\n|upkeep\n|\n|t:|1700796761\n|switch|p2a: Alakazam|Alakazam, M|100\/100\n|turn|9\n|\n|t:|1700796768\n|switch|p1a: Corviknight|Corviknight, M|100\/100\n|-ability|p1a: Corviknight|Pressure\n|move|p2a: Alakazam|Energy Ball|p1a: Corviknight\n|-resisted|p1a: Corviknight\n|-damage|p1a: Corviknight|93\/100\n|\n|upkeep\n|turn|10\n|\n|t:|1700796776\n|switch|p2a: Nidoking|Nidoking, M|100\/100\n|-damage|p2a: Nidoking|95\/100|[from] Stealth Rock\n|move|p1a: Corviknight|Iron Defense|p1a: Corviknight\n|-boost|p1a: Corviknight|def|2\n|\n|upkeep\n|turn|11\n|\n|t:|1700796783\n|switch|p1a: Pyukumuku|Pyukumuku, F|96\/100\n|move|p2a: Nidoking|Flamethrower|p1a: Pyukumuku\n|-resisted|p1a: Pyukumuku\n|-damage|p1a: Pyukumuku|83\/100\n|\n|-heal|p1a: Pyukumuku|89\/100|[from] item: Leftovers\n|upkeep\n|turn|12\n|\n|t:|1700796787\n|-terastallize|p2a: Nidoking|Electric\n|move|p2a: Nidoking|Thunderbolt|p1a: Pyukumuku\n|-supereffective|p1a: Pyukumuku\n|-damage|p1a: Pyukumuku|17\/100\n|move|p1a: Pyukumuku|Soak|p2a: Nidoking\n|-fail|p2a: Nidoking\n|\n|-heal|p1a: Pyukumuku|23\/100|[from] item: Leftovers\n|upkeep\n|turn|13\n|\n|t:|1700796797\n|move|p1a: Pyukumuku|Protect|p1a: Pyukumuku\n|-singleturn|p1a: Pyukumuku|Protect\n|move|p2a: Nidoking|Thunderbolt|p1a: Pyukumuku\n|-activate|p1a: Pyukumuku|move: Protect\n|\n|-heal|p1a: Pyukumuku|29\/100|[from] item: Leftovers\n|upkeep\n|turn|14\n|\n|t:|1700796801\n|switch|p1a: Druddigon|Druddigon, M|100\/100\n|move|p2a: Nidoking|Thunderbolt|p1a: Druddigon\n|-resisted|p1a: Druddigon\n|-damage|p1a: Druddigon|68\/100\n|\n|upkeep\n|turn|15\n|\n|t:|1700796806\n|move|p2a: Nidoking|Ice Beam|p1a: Druddigon\n|-supereffective|p1a: Druddigon\n|-damage|p1a: Druddigon|0 fnt\n|faint|p1a: Druddigon\n|\n|upkeep\n|\n|t:|1700796811\n|switch|p1a: Alomomola|Alomomola, M|100\/100\n|turn|16\n|\n|t:|1700796815\n|move|p2a: Nidoking|Thunderbolt|p1a: Alomomola\n|-supereffective|p1a: Alomomola\n|-damage|p1a: Alomomola|6\/100\n|move|p1a: Alomomola|Toxic|p2a: Nidoking\n|-status|p2a: Nidoking|tox\n|\n|-heal|p1a: Alomomola|13\/100|[from] item: Leftovers\n|-damage|p2a: Nidoking|89\/100 tox|[from] psn\n|upkeep\n|turn|17\n|\n|t:|1700796821\n|switch|p1a: Garganacl|Garganacl, F, tera:Dragon|38\/100\n|move|p2a: Nidoking|Thunderbolt|p1a: Garganacl\n|-resisted|p1a: Garganacl\n|-damage|p1a: Garganacl|11\/100\n|\n|-heal|p1a: Garganacl|17\/100|[from] item: Leftovers\n|-damage|p2a: Nidoking|77\/100 tox|[from] psn\n|upkeep\n|turn|18\n|\n|t:|1700796824\n|move|p1a: Garganacl|Protect|p1a: Garganacl\n|-singleturn|p1a: Garganacl|Protect\n|move|p2a: Nidoking|Ice Beam|p1a: Garganacl\n|-activate|p1a: Garganacl|move: Protect\n|\n|-heal|p1a: Garganacl|24\/100|[from] item: Leftovers\n|-damage|p2a: Nidoking|59\/100 tox|[from] psn\n|upkeep\n|turn|19\n|\n|t:|1700796829\n|move|p1a: Garganacl|Protect||[still]\n|-fail|p1a: Garganacl\n|move|p2a: Nidoking|Ice Beam|p1a: Garganacl\n|-supereffective|p1a: Garganacl\n|-damage|p1a: Garganacl|0 fnt\n|faint|p1a: Garganacl\n|\n|-damage|p2a: Nidoking|35\/100 tox|[from] psn\n|upkeep\n|\n|t:|1700796832\n|switch|p1a: Pyukumuku|Pyukumuku, F|29\/100\n|turn|20\n|\n|t:|1700796835\n|move|p1a: Pyukumuku|Protect|p1a: Pyukumuku\n|-singleturn|p1a: Pyukumuku|Protect\n|move|p2a: Nidoking|Thunderbolt|p1a: Pyukumuku\n|-activate|p1a: Pyukumuku|move: Protect\n|\n|-heal|p1a: Pyukumuku|36\/100|[from] item: Leftovers\n|-damage|p2a: Nidoking|5\/100 tox|[from] psn\n|upkeep\n|turn|21\n|\n|t:|1700796837\n|move|p2a: Nidoking|Thunderbolt|p1a: Pyukumuku\n|-supereffective|p1a: Pyukumuku\n|-damage|p1a: Pyukumuku|0 fnt\n|faint|p1a: Pyukumuku\n|\n|-damage|p2a: Nidoking|0 fnt|[from] psn\n|faint|p2a: Nidoking\n|upkeep\n|\n|t:|1700796846\n|switch|p2a: Noivern|Noivern, M|100\/100\n|switch|p1a: Corviknight|Corviknight, M|93\/100\n|-damage|p2a: Noivern|76\/100|[from] Stealth Rock\n|-ability|p1a: Corviknight|Pressure\n|turn|22\n|\n|t:|1700796850\n|move|p2a: Noivern|Flamethrower|p1a: Corviknight\n|-supereffective|p1a: Corviknight\n|-damage|p1a: Corviknight|54\/100\n|move|p1a: Corviknight|Iron Defense|p1a: Corviknight\n|-boost|p1a: Corviknight|def|2\n|\n|upkeep\n|turn|23\n|\n|t:|1700796854\n|move|p2a: Noivern|Flamethrower|p1a: Corviknight\n|-supereffective|p1a: Corviknight\n|-damage|p1a: Corviknight|19\/100\n|move|p1a: Corviknight|Roost|p1a: Corviknight\n|-heal|p1a: Corviknight|69\/100\n|-singleturn|p1a: Corviknight|move: Roost\n|\n|upkeep\n|turn|24\n|\n|t:|1700796860\n|move|p2a: Noivern|Boomburst|p1a: Corviknight\n|-resisted|p1a: Corviknight\n|-damage|p1a: Corviknight|53\/100\n|-enditem|p2a: Noivern|Throat Spray\n|-boost|p2a: Noivern|spa|1|[from] item: Throat Spray\n|move|p1a: Corviknight|Roost|p1a: Corviknight\n|-heal|p1a: Corviknight|100\/100\n|-singleturn|p1a: Corviknight|move: Roost\n|\n|upkeep\n|turn|25\n|\n|t:|1700796866\n|move|p2a: Noivern|Flamethrower|p1a: Corviknight\n|-supereffective|p1a: Corviknight\n|-damage|p1a: Corviknight|39\/100\n|move|p1a: Corviknight|Brave Bird|p2a: Noivern\n|-damage|p2a: Noivern|23\/100\n|-damage|p1a: Corviknight|26\/100|[from] Recoil\n|\n|upkeep\n|turn|26\n|\n|t:|1700796871\n|switch|p1a: Alomomola|Alomomola, M|46\/100\n|move|p2a: Noivern|Flamethrower|p1a: Alomomola\n|-resisted|p1a: Alomomola\n|-damage|p1a: Alomomola|31\/100\n|\n|-heal|p1a: Alomomola|37\/100|[from] item: Leftovers\n|upkeep\n|turn|27\n|\n|t:|1700796876\n|move|p2a: Noivern|Boomburst|p1a: Alomomola\n|-damage|p1a: Alomomola|0 fnt\n|faint|p1a: Alomomola\n|\n|upkeep\n|\n|t:|1700796879\n|switch|p1a: Corviknight|Corviknight, M|26\/100\n|-ability|p1a: Corviknight|Pressure\n|turn|28\n|\n|t:|1700796882\n|move|p2a: Noivern|Flamethrower|p1a: Corviknight\n|-supereffective|p1a: Corviknight\n|-damage|p1a: Corviknight|0 fnt\n|faint|p1a: Corviknight\n|\n|win|amberfossil\n|raw|TuanAnhDzXD's rating: 1149 &rarr; <strong>1127<\/strong><br \/>(-22 for losing)\n|raw|amberfossil's rating: 1186 &rarr; <strong>1208<\/strong><br \/>(+22 for winning)\n|l|\u2606TuanAnhDzXD\n","uploadtime":1700796888,"views":11,"p1id":"tuananhdzxd","p2id":"amberfossil","formatid":"gen9nationaldex","rating":1127,"private":0,"password":""}