{"id":"gen9nationaldex-1998731776","p1":"cyincy","p2":"zyw11037","format":"[Gen 9] National Dex","log":"|html|<div class=\"broadcast-blue\"><strong>[Gen 9] National Dex is currently suspecting Sneasler! For information on how to participate check out the <a href=\"https:\/\/www.smogon.com\/forums\/threads\/sv-national-dex-suspect-8-just-dance.3731534\/\">suspect thread<\/a>.<\/strong><\/div>\n|j|\u2606cyincy\n|j|\u2606zyw11037\n|t:|1700979565\n|gametype|singles\n|player|p1|cyincy|lyra|\n|player|p2|zyw11037|1|\n|teamsize|p1|6\n|teamsize|p2|6\n|gen|9\n|tier|[Gen 9] National Dex\n|rule|HP Percentage Mod: HP is shown in percentages\n|rule|Endless Battle Clause: Forcing endless battles is banned\n|rule|OHKO Clause: OHKO moves are banned\n|rule|Evasion Clause: Evasion abilities, items, and moves are banned\n|rule|Evasion Abilities Clause: Evasion abilities are banned\n|rule|Evasion Items Clause: Evasion items are banned\n|rule|Evasion Moves Clause: Evasion moves are banned\n|rule|Species Clause: Limit one of each Pok\u00e9mon\n|rule|Sleep Clause Mod: Limit one foe put to sleep\n|clearpoke\n|poke|p1|Pachirisu, M|\n|poke|p1|Electrode|\n|poke|p1|Dusknoir, F|\n|poke|p1|Houndstone, F|\n|poke|p1|Smeargle, F|\n|poke|p1|Medicham, F|\n|poke|p2|Trevenant, F|\n|poke|p2|Jolteon, M|\n|poke|p2|Ariados, M|\n|poke|p2|Venusaur, M|\n|poke|p2|Silvally-*|\n|poke|p2|Emboar, M|\n|teampreview\n|inactive|Battle timer is ON: inactive players will automatically lose when time's up. (requested by cyincy)\n|\n|t:|1700979583\n|start\n|switch|p1a: Electrode|Electrode|100\/100\n|switch|p2a: Trevenant|Trevenant, F, shiny|100\/100\n|turn|1\n|\n|t:|1700979598\n|move|p1a: Electrode|Taunt|p2a: Trevenant\n|-start|p2a: Trevenant|move: Taunt\n|cant|p2a: Trevenant|move: Taunt|Curse\n|\n|upkeep\n|turn|2\n|\n|t:|1700979623\n|switch|p2a: Emboar|Emboar, M, shiny|100\/100\n|move|p1a: Electrode|Light Screen|p1a: Electrode\n|-sidestart|p1: cyincy|move: Light Screen\n|\n|upkeep\n|turn|3\n|inactive|zyw11037 has 270 seconds left.\n|\n|t:|1700979646\n|move|p1a: Electrode|Volt Switch|p2a: Emboar\n|-damage|p2a: Emboar|78\/100\n|\n|t:|1700979659\n|switch|p1a: Dusknoir|Dusknoir, F|100\/100|[from] Volt Switch\n|-item|p2a: Emboar|Chesto Berry|[from] ability: Frisk|[of] p1a: Dusknoir|[identify]\n|move|p2a: Emboar|Bulk Up|p2a: Emboar\n|-boost|p2a: Emboar|atk|1\n|-boost|p2a: Emboar|def|1\n|\n|upkeep\n|turn|4\n|inactive|zyw11037 has 270 seconds left.\n|\n|t:|1700979686\n|move|p2a: Emboar|Flame Charge|p1a: Dusknoir\n|-damage|p1a: Dusknoir|61\/100\n|-boost|p2a: Emboar|spe|1\n|move|p1a: Dusknoir|Earthquake|p2a: Emboar\n|-supereffective|p2a: Emboar\n|-damage|p2a: Emboar|31\/100\n|\n|-heal|p1a: Dusknoir|67\/100|[from] item: Leftovers\n|upkeep\n|turn|5\n|\n|t:|1700979705\n|switch|p1a: Electrode|Electrode|100\/100\n|move|p2a: Emboar|Rest|p2a: Emboar\n|-status|p2a: Emboar|slp|[from] move: Rest\n|-heal|p2a: Emboar|100\/100 slp|[silent]\n|-enditem|p2a: Emboar|Chesto Berry|[eat]\n|-curestatus|p2a: Emboar|slp|[msg]\n|\n|upkeep\n|turn|6\n|\n|t:|1700979715\n|move|p1a: Electrode|Taunt|p2a: Emboar\n|-start|p2a: Emboar|move: Taunt\n|cant|p2a: Emboar|move: Taunt|Bulk Up\n|\n|-sideend|p1: cyincy|move: Light Screen\n|upkeep\n|turn|7\n|\n|t:|1700979722\n|move|p1a: Electrode|Volt Switch|p2a: Emboar\n|-damage|p2a: Emboar|76\/100\n|\n|t:|1700979726\n|switch|p1a: Dusknoir|Dusknoir, F|67\/100|[from] Volt Switch\n|move|p2a: Emboar|Flame Charge|p1a: Dusknoir\n|-damage|p1a: Dusknoir|29\/100\n|-boost|p2a: Emboar|spe|1\n|\n|-heal|p1a: Dusknoir|35\/100|[from] item: Leftovers\n|upkeep\n|turn|8\n|inactive|zyw11037 has 270 seconds left.\n|\n|t:|1700979738\n|move|p2a: Emboar|Flare Blitz|p1a: Dusknoir\n|-damage|p1a: Dusknoir|0 fnt\n|faint|p1a: Dusknoir\n|-damage|p2a: Emboar|68\/100|[from] Recoil\n|\n|-end|p2a: Emboar|move: Taunt\n|upkeep\n|\n|t:|1700979750\n|switch|p1a: Smeargle|Smeargle, F|100\/100\n|turn|9\n|inactive|zyw11037 has 270 seconds left.\n|\n|t:|1700979762\n|move|p2a: Emboar|Flare Blitz|p1a: Smeargle\n|-enditem|p1a: Smeargle|Focus Sash\n|-damage|p1a: Smeargle|1\/100\n|-damage|p2a: Emboar|44\/100|[from] Recoil\n|move|p1a: Smeargle|Spore|p2a: Emboar\n|-status|p2a: Emboar|slp|[from] move: Spore\n|\n|upkeep\n|turn|10\n|inactive|zyw11037 has 270 seconds left.\n|\n|t:|1700979784\n|switch|p1a: Medicham|Medicham, F|100\/100\n|cant|p2a: Emboar|slp\n|\n|upkeep\n|turn|11\n|inactive|zyw11037 has 270 seconds left.\n|\n|t:|1700979794\n|detailschange|p1a: Medicham|Medicham-Mega, F\n|-mega|p1a: Medicham|Medicham|Medichamite\n|cant|p2a: Emboar|slp\n|move|p1a: Medicham|Zen Headbutt|p2a: Emboar\n|-supereffective|p2a: Emboar\n|-damage|p2a: Emboar|0 fnt\n|faint|p2a: Emboar\n|\n|upkeep\n|inactive|zyw11037 has 270 seconds left.\n|\n|t:|1700979808\n|switch|p2a: Jolteon|Jolteon, M|100\/100\n|turn|12\n|inactive|zyw11037 has 270 seconds left.\n|\n|t:|1700979821\n|switch|p1a: Houndstone|Houndstone, F|100\/100\n|move|p2a: Jolteon|Yawn|p1a: Houndstone\n|-start|p1a: Houndstone|move: Yawn|[of] p2a: Jolteon\n|\n|upkeep\n|turn|13\n|inactive|zyw11037 has 270 seconds left.\n|inactive|cyincy has 270 seconds left.\n|\n|t:|1700979860\n|switch|p2a: Silvally|Silvally-Water, shiny|100\/100\n|move|p1a: Houndstone|Poltergeist|p2a: Silvally\n|-activate|p2a: Silvally|move: Poltergeist|Water Memory\n|-damage|p2a: Silvally|39\/100\n|\n|-end|p1a: Houndstone|move: Yawn|[silent]\n|-status|p1a: Houndstone|slp\n|upkeep\n|turn|14\n|inactive|cyincy has 270 seconds left.\n|inactive|zyw11037 has 240 seconds left.\n|\n|t:|1700979888\n|move|p2a: Silvally|Tailwind|p2a: Silvally\n|-sidestart|p2: zyw11037|move: Tailwind\n|cant|p1a: Houndstone|slp\n|\n|upkeep\n|turn|15\n|inactive|cyincy has 270 seconds left.\n|inactive|zyw11037 has 240 seconds left.\n|\n|t:|1700979897\n|move|p2a: Silvally|Swords Dance|p2a: Silvally\n|-boost|p2a: Silvally|atk|2\n|cant|p1a: Houndstone|slp\n|\n|upkeep\n|turn|16\n|inactive|cyincy has 270 seconds left.\n|inactive|zyw11037 has 240 seconds left.\n|\n|t:|1700979923\n|switch|p1a: Electrode|Electrode|100\/100\n|-terastallize|p2a: Silvally|Water\n|move|p2a: Silvally|Multi-Attack|p1a: Electrode\n|-enditem|p1a: Electrode|Focus Sash\n|-damage|p1a: Electrode|1\/100\n|\n|upkeep\n|turn|17\n|inactive|zyw11037 has 240 seconds left.\n|\n|t:|1700979949\n|switch|p2a: Jolteon|Jolteon, M|100\/100\n|move|p1a: Electrode|Light Screen|p1a: Electrode\n|-sidestart|p1: cyincy|move: Light Screen\n|\n|-sideend|p2: zyw11037|move: Tailwind\n|upkeep\n|turn|18\n|\n|t:|1700979960\n|switch|p1a: Pachirisu|Pachirisu, M|100\/100\n|move|p2a: Jolteon|Wish|p2a: Jolteon\n|\n|upkeep\n|turn|19\n|\n|t:|1700979977\n|switch|p2a: Ariados|Ariados, M, shiny|100\/100\n|move|p1a: Pachirisu|Super Fang|p2a: Ariados\n|-damage|p2a: Ariados|51\/100\n|\n|-heal|p2a: Ariados|99\/100|[from] move: Wish|[wisher] Jolteon\n|upkeep\n|turn|20\n|inactive|cyincy has 240 seconds left.\n|\n|t:|1700980003\n|move|p1a: Pachirisu|Volt Switch|p2a: Ariados\n|-damage|p2a: Ariados|89\/100\n|\n|t:|1700980007\n|switch|p1a: Smeargle|Smeargle, F|1\/100|[from] Volt Switch\n|move|p2a: Ariados|Toxic Spikes|p1a: Smeargle\n|-sidestart|p1: cyincy|move: Toxic Spikes\n|\n|upkeep\n|turn|21\n|inactive|cyincy has 240 seconds left.\n|\n|t:|1700980024\n|move|p1a: Smeargle|Spore|p2a: Ariados\n|-immune|p2a: Ariados|[from] ability: Insomnia\n|move|p2a: Ariados|Toxic Spikes|p1a: Smeargle\n|-sidestart|p1: cyincy|move: Toxic Spikes\n|\n|-sideend|p1: cyincy|move: Light Screen\n|upkeep\n|turn|22\n|\n|t:|1700980044\n|move|p1a: Smeargle|Sticky Web|p2a: Ariados\n|-sidestart|p2: zyw11037|move: Sticky Web\n|move|p2a: Ariados|Sticky Web|p1a: Smeargle\n|-sidestart|p1: cyincy|move: Sticky Web\n|\n|upkeep\n|turn|23\n|\n|t:|1700980052\n|move|p1a: Smeargle|Stealth Rock|p2a: Ariados\n|-sidestart|p2: zyw11037|move: Stealth Rock\n|move|p2a: Ariados|Knock Off|p1a: Smeargle\n|-damage|p1a: Smeargle|0 fnt\n|faint|p1a: Smeargle\n|\n|upkeep\n|inactive|cyincy has 210 seconds left.\n|\n|t:|1700980111\n|switch|p1a: Electrode|Electrode|1\/100\n|-status|p1a: Electrode|tox\n|-activate|p1a: Electrode|move: Sticky Web\n|-unboost|p1a: Electrode|spe|1\n|turn|24\n|inactive|zyw11037 has 240 seconds left.\n|\n|t:|1700980126\n|move|p1a: Electrode|Light Screen|p1a: Electrode\n|-sidestart|p1: cyincy|move: Light Screen\n|move|p2a: Ariados|Knock Off|p1a: Electrode\n|-damage|p1a: Electrode|0 fnt\n|-status|p2a: Ariados|par|[from] ability: Static|[of] p1a: Electrode\n|faint|p1a: Electrode\n|\n|upkeep\n|\n|t:|1700980137\n|switch|p1a: Medicham|Medicham-Mega, F|100\/100\n|-status|p1a: Medicham|tox\n|-activate|p1a: Medicham|move: Sticky Web\n|-unboost|p1a: Medicham|spe|1\n|turn|25\n|inactive|zyw11037 has 240 seconds left.\n|inactive|cyincy has 180 seconds left.\n|\n|t:|1700980155\n|move|p1a: Medicham|Zen Headbutt|p2a: Ariados\n|-supereffective|p2a: Ariados\n|-damage|p2a: Ariados|0 fnt\n|faint|p2a: Ariados\n|\n|-damage|p1a: Medicham|94\/100 tox|[from] psn\n|upkeep\n|inactive|zyw11037 has 240 seconds left.\n|\n|t:|1700980186\n|switch|p2a: Trevenant|Trevenant, F, shiny|100\/100\n|-activate|p2a: Trevenant|move: Sticky Web\n|-unboost|p2a: Trevenant|spe|1\n|-damage|p2a: Trevenant|88\/100|[from] Stealth Rock\n|turn|26\n|inactive|cyincy has 180 seconds left.\n|inactive|zyw11037 has 210 seconds left.\n|\n|t:|1700980218\n|switch|p1a: Pachirisu|Pachirisu, M|100\/100\n|-status|p1a: Pachirisu|tox\n|-activate|p1a: Pachirisu|move: Sticky Web\n|-unboost|p1a: Pachirisu|spe|1\n|move|p2a: Trevenant|Protect||[still]\n|-fail|p2a: Trevenant\n|\n|-damage|p1a: Pachirisu|94\/100 tox|[from] psn\n|upkeep\n|turn|27\n|\n|t:|1700980240\n|switch|p2a: Jolteon|Jolteon, M|100\/100\n|-activate|p2a: Jolteon|move: Sticky Web\n|-unboost|p2a: Jolteon|spe|1\n|-damage|p2a: Jolteon|88\/100|[from] Stealth Rock\n|move|p1a: Pachirisu|Super Fang|p2a: Jolteon\n|-damage|p2a: Jolteon|45\/100\n|\n|-heal|p2a: Jolteon|50\/100|[from] item: Leftovers\n|-heal|p1a: Pachirisu|100\/100 tox|[from] item: Leftovers\n|-damage|p1a: Pachirisu|88\/100 tox|[from] psn\n|upkeep\n|turn|28\n|inactive|cyincy has 150 seconds left.\n|\n|t:|1700980272\n|move|p2a: Jolteon|Wish|p2a: Jolteon\n|move|p1a: Pachirisu|Encore|p2a: Jolteon\n|-start|p2a: Jolteon|Encore\n|\n|-heal|p2a: Jolteon|56\/100|[from] item: Leftovers\n|-heal|p1a: Pachirisu|94\/100 tox|[from] item: Leftovers\n|-damage|p1a: Pachirisu|76\/100 tox|[from] psn\n|-sideend|p1: cyincy|move: Light Screen\n|upkeep\n|turn|29\n|inactive|zyw11037 has 180 seconds left.\n|inactive|zyw11037 has 150 seconds left.\n|\n|t:|1700980323\n|switch|p2a: Silvally|Silvally-Water, shiny, tera:Water|39\/100\n|-activate|p2a: Silvally|move: Sticky Web\n|-unboost|p2a: Silvally|spe|1\n|-damage|p2a: Silvally|27\/100|[from] Stealth Rock\n|switch|p1a: Houndstone|Houndstone, F|100\/100 slp\n|-activate|p1a: Houndstone|move: Sticky Web\n|-unboost|p1a: Houndstone|spe|1\n|\n|-heal|p2a: Silvally|78\/100|[from] move: Wish|[wisher] Jolteon\n|upkeep\n|turn|30\n|inactive|zyw11037 has 150 seconds left.\n|inactive|cyincy has 150 seconds left.\n|\n|t:|1700980362\n|move|p2a: Silvally|Swords Dance|p2a: Silvally\n|-boost|p2a: Silvally|atk|2\n|cant|p1a: Houndstone|slp\n|\n|upkeep\n|turn|31\n|inactive|cyincy has 150 seconds left.\n|inactive|zyw11037 has 120 seconds left.\n|\n|t:|1700980377\n|move|p2a: Silvally|Swords Dance|p2a: Silvally\n|-boost|p2a: Silvally|atk|2\n|-curestatus|p1a: Houndstone|slp|[msg]\n|move|p1a: Houndstone|Poltergeist|p2a: Silvally\n|-activate|p2a: Silvally|move: Poltergeist|Water Memory\n|-crit|p2a: Silvally\n|-damage|p2a: Silvally|0 fnt\n|faint|p2a: Silvally\n|\n|upkeep\n|inactive|zyw11037 has 120 seconds left.\n|\n|t:|1700980390\n|switch|p2a: Venusaur|Venusaur, M|100\/100\n|-activate|p2a: Venusaur|move: Sticky Web\n|-unboost|p2a: Venusaur|spe|1\n|-damage|p2a: Venusaur|88\/100|[from] Stealth Rock\n|turn|32\n|inactive|zyw11037 has 120 seconds left.\n|\n|t:|1700980413\n|detailschange|p2a: Venusaur|Venusaur-Mega, M\n|-mega|p2a: Venusaur|Venusaur|Venusaurite\n|move|p2a: Venusaur|Earth Power|p1a: Houndstone\n|-damage|p1a: Houndstone|82\/100\n|-unboost|p1a: Houndstone|spd|1\n|move|p1a: Houndstone|Poltergeist|p2a: Venusaur|[miss]\n|-miss|p1a: Houndstone|p2a: Venusaur\n|\n|upkeep\n|turn|33\n|inactive|cyincy has 150 seconds left.\n|\n|t:|1700980429\n|move|p2a: Venusaur|Earth Power|p1a: Houndstone\n|-damage|p1a: Houndstone|52\/100\n|-unboost|p1a: Houndstone|spd|1\n|move|p1a: Houndstone|Poltergeist|p2a: Venusaur\n|-activate|p2a: Venusaur|move: Poltergeist|Venusaurite\n|-damage|p2a: Venusaur|49\/100\n|\n|upkeep\n|turn|34\n|inactive|cyincy has 150 seconds left.\n|\n|t:|1700980450\n|move|p2a: Venusaur|Giga Drain|p1a: Houndstone\n|-damage|p1a: Houndstone|6\/100\n|-heal|p2a: Venusaur|67\/100|[from] drain|[of] p1a: Houndstone\n|move|p1a: Houndstone|Poltergeist|p2a: Venusaur\n|-activate|p2a: Venusaur|move: Poltergeist|Venusaurite\n|-crit|p2a: Venusaur\n|-damage|p2a: Venusaur|0 fnt\n|faint|p2a: Venusaur\n|\n|upkeep\n|inactive|zyw11037 has 90 seconds left.\n|\n|t:|1700980485\n|switch|p2a: Trevenant|Trevenant, F, shiny|88\/100\n|-activate|p2a: Trevenant|move: Sticky Web\n|-unboost|p2a: Trevenant|spe|1\n|-damage|p2a: Trevenant|76\/100|[from] Stealth Rock\n|turn|35\n|inactive|cyincy has 150 seconds left.\n|\n|t:|1700980494\n|move|p1a: Houndstone|Poltergeist|p2a: Trevenant\n|-activate|p2a: Trevenant|move: Poltergeist|Iapapa Berry\n|-supereffective|p2a: Trevenant\n|-damage|p2a: Trevenant|0 fnt\n|faint|p2a: Trevenant\n|\n|upkeep\n|\n|t:|1700980500\n|switch|p2a: Jolteon|Jolteon, M|56\/100\n|-activate|p2a: Jolteon|move: Sticky Web\n|-unboost|p2a: Jolteon|spe|1\n|-damage|p2a: Jolteon|44\/100|[from] Stealth Rock\n|turn|36\n|\n|t:|1700980512\n|move|p2a: Jolteon|Wish|p2a: Jolteon\n|move|p1a: Houndstone|Stomping Tantrum|p2a: Jolteon\n|-supereffective|p2a: Jolteon\n|-damage|p2a: Jolteon|0 fnt\n|faint|p2a: Jolteon\n|\n|win|cyincy\n","uploadtime":1700980522,"views":9,"p1id":"cyincy","p2id":"zyw11037","formatid":"gen9nationaldex","rating":0,"private":0,"password":""}