{"id":"gen9nationaldex-1997676090","p1":"caibi107","p2":"Tiammat rpplf","format":"[Gen 9] National Dex","log":"|html|<div class=\"broadcast-blue\"><strong>[Gen 9] National Dex is currently suspecting Sneasler! For information on how to participate check out the <a href=\"https:\/\/www.smogon.com\/forums\/threads\/sv-national-dex-suspect-8-just-dance.3731534\/\">suspect thread<\/a>.<\/strong><\/div>\n|j|\u2606caibi107\n|j|\u2606Tiammat rpplf\n|t:|1700840580\n|gametype|singles\n|player|p1|caibi107|hilbert|1586\n|player|p2|Tiammat rpplf|heroine-conquest|1590\n|teamsize|p1|6\n|teamsize|p2|6\n|gen|9\n|tier|[Gen 9] National Dex\n|rated|\n|rule|HP Percentage Mod: HP is shown in percentages\n|rule|Endless Battle Clause: Forcing endless battles is banned\n|rule|OHKO Clause: OHKO moves are banned\n|rule|Evasion Clause: Evasion abilities, items, and moves are banned\n|rule|Evasion Abilities Clause: Evasion abilities are banned\n|rule|Evasion Items Clause: Evasion items are banned\n|rule|Evasion Moves Clause: Evasion moves are banned\n|rule|Species Clause: Limit one of each Pok\u00e9mon\n|rule|Sleep Clause Mod: Limit one foe put to sleep\n|clearpoke\n|poke|p1|Mawile, M|\n|poke|p1|Marowak-Alola, M|\n|poke|p1|Hatterene, F|\n|poke|p1|Cresselia, F|\n|poke|p1|Porygon2|\n|poke|p1|Ursaluna, F|\n|poke|p2|Landorus-Therian, M|\n|poke|p2|Rillaboom, M|\n|poke|p2|Kommo-o, F|\n|poke|p2|Toxapex, M|\n|poke|p2|Manectric, F|\n|poke|p2|Bisharp, M|\n|teampreview\n|j| one eye ding zhen\n|\n|t:|1700840596\n|start\n|switch|p1a: Hatterene|Hatterene, F|100\/100\n|switch|p2a: Bisharp|Bisharp, M|100\/100\n|turn|1\n|\n|t:|1700840606\n|move|p2a: Bisharp|Iron Head|p1a: Hatterene\n|-supereffective|p1a: Hatterene\n|-enditem|p1a: Hatterene|Focus Sash\n|-damage|p1a: Hatterene|1\/100\n|-damage|p2a: Bisharp|91\/100|[from] item: Life Orb\n|move|p1a: Hatterene|Trick Room|p1a: Hatterene\n|-fieldstart|move: Trick Room|[of] p1a: Hatterene\n|\n|upkeep\n|turn|2\n|\n|t:|1700840614\n|move|p1a: Hatterene|Healing Wish|p1a: Hatterene\n|faint|p1a: Hatterene\n|move|p2a: Bisharp|Swords Dance|p2a: Bisharp\n|-boost|p2a: Bisharp|atk|2\n|\n|upkeep\n|\n|t:|1700840619\n|switch|p1a: Ursaluna|Ursaluna, F|100\/100\n|turn|3\n|\n|t:|1700840627\n|-terastallize|p2a: Bisharp|Flying\n|move|p1a: Ursaluna|Swords Dance|p1a: Ursaluna\n|-boost|p1a: Ursaluna|atk|2\n|move|p2a: Bisharp|Knock Off|p1a: Ursaluna\n|-damage|p1a: Ursaluna|5\/100\n|-enditem|p1a: Ursaluna|Flame Orb|[from] move: Knock Off|[of] p2a: Bisharp\n|-damage|p2a: Bisharp|81\/100|[from] item: Life Orb\n|\n|upkeep\n|turn|4\n|\n|t:|1700840638\n|move|p2a: Bisharp|Sucker Punch||[still]\n|-fail|p2a: Bisharp\n|move|p1a: Ursaluna|Swords Dance|p1a: Ursaluna\n|-boost|p1a: Ursaluna|atk|2\n|\n|upkeep\n|turn|5\n|\n|t:|1700840644\n|switch|p1a: Porygon2|Porygon2|100\/100\n|-ability|p1a: Porygon2|Defiant|[from] ability: Trace|[of] p2a: Bisharp\n|move|p2a: Bisharp|Sucker Punch||[still]\n|-fail|p2a: Bisharp\n|\n|-fieldend|move: Trick Room\n|upkeep\n|turn|6\n|\n|t:|1700840671\n|move|p2a: Bisharp|Knock Off|p1a: Porygon2\n|-damage|p1a: Porygon2|29\/100\n|-enditem|p1a: Porygon2|Eviolite|[from] move: Knock Off|[of] p2a: Bisharp\n|-damage|p2a: Bisharp|71\/100|[from] item: Life Orb\n|move|p1a: Porygon2|Teleport|p1a: Porygon2\n|\n|t:|1700840676\n|switch|p1a: Mawile|Mawile, M|100\/100|[from] Teleport\n|-ability|p1a: Mawile|Intimidate|boost\n|-unboost|p2a: Bisharp|atk|1\n|-ability|p2a: Bisharp|Defiant|boost\n|-boost|p2a: Bisharp|atk|2\n|\n|upkeep\n|turn|7\n|\n|t:|1700840684\n|switch|p1a: Ursaluna|Ursaluna, F|5\/100\n|-heal|p1a: Ursaluna|100\/100|[from] move: Healing Wish\n|move|p2a: Bisharp|Iron Head|p1a: Ursaluna\n|-damage|p1a: Ursaluna|0 fnt\n|faint|p1a: Ursaluna\n|-damage|p2a: Bisharp|61\/100|[from] item: Life Orb\n|\n|upkeep\n|-message|caibi107 forfeited.\n|\n|win|Tiammat rpplf\n|raw|caibi107's rating: 1586 &rarr; <strong>1566<\/strong><br \/>(-20 for losing)\n|raw|Tiammat rpplf's rating: 1590 &rarr; <strong>1610<\/strong><br \/>(+20 for winning)\n|l|\u2606caibi107\n","uploadtime":1700840699,"views":29,"p1id":"caibi107","p2id":"tiammatrpplf","formatid":"gen9nationaldex","rating":1566,"private":0,"password":""}