{"id":"gen9nationaldex-1989444505","p1":"helpwhatttt","p2":"wiibass","format":"[Gen 9] National Dex","log":"|j|\u2606helpwhatttt\n|j|\u2606wiibass\n|t:|1699851410\n|gametype|singles\n|player|p1|helpwhatttt|lusamine|1346\n|player|p2|wiibass|rancher|1381\n|teamsize|p1|6\n|teamsize|p2|6\n|gen|9\n|tier|[Gen 9] National Dex\n|rated|\n|rule|HP Percentage Mod: HP is shown in percentages\n|rule|Endless Battle Clause: Forcing endless battles is banned\n|rule|OHKO Clause: OHKO moves are banned\n|rule|Evasion Clause: Evasion abilities, items, and moves are banned\n|rule|Evasion Abilities Clause: Evasion abilities are banned\n|rule|Evasion Items Clause: Evasion items are banned\n|rule|Evasion Moves Clause: Evasion moves are banned\n|rule|Species Clause: Limit one of each Pok\u00e9mon\n|rule|Sleep Clause Mod: Limit one foe put to sleep\n|clearpoke\n|poke|p1|Lopunny, F|\n|poke|p1|Corviknight, F|\n|poke|p1|Enamorus, F|\n|poke|p1|Clodsire, M|\n|poke|p1|Kartana|\n|poke|p1|Zapdos|\n|poke|p2|Rillaboom, M|\n|poke|p2|Sneasler, M|\n|poke|p2|Chandelure, F|\n|poke|p2|Breloom, M|\n|poke|p2|Garganacl, M|\n|poke|p2|Gallade, M|\n|teampreview\n|\n|t:|1699851421\n|start\n|switch|p1a: Lopunny|Lopunny, F|100\/100\n|switch|p2a: Paper|Rillaboom, M|100\/100\n|-fieldstart|move: Grassy Terrain|[from] ability: Grassy Surge|[of] p2a: Paper\n|turn|1\n|\n|t:|1699851434\n|detailschange|p1a: Lopunny|Lopunny-Mega, F\n|-mega|p1a: Lopunny|Lopunny|Lopunnite\n|move|p1a: Lopunny|Fake Out|p2a: Paper\n|-damage|p2a: Paper|77\/100\n|cant|p2a: Paper|flinch\n|\n|-heal|p2a: Paper|83\/100|[from] Grassy Terrain\n|upkeep\n|turn|2\n|\n|t:|1699851438\n|move|p1a: Lopunny|U-turn|p2a: Paper\n|-supereffective|p2a: Paper\n|-damage|p2a: Paper|30\/100\n|\n|t:|1699851442\n|switch|p1a: Kartana|Kartana|100\/100|[from] U-turn\n|move|p2a: Paper|U-turn|p1a: Kartana\n|-crit|p1a: Kartana\n|-damage|p1a: Kartana|65\/100\n|\n|t:|1699851446\n|switch|p2a: Boo|Chandelure, F|100\/100|[from] U-turn\n|\n|-heal|p1a: Kartana|72\/100|[from] Grassy Terrain\n|upkeep\n|turn|3\n|\n|t:|1699851452\n|switch|p1a: Clodsire|Clodsire, M|100\/100\n|move|p2a: Boo|Fire Blast|p1a: Clodsire\n|-damage|p1a: Clodsire|70\/100\n|\n|-heal|p1a: Clodsire|76\/100|[from] Grassy Terrain\n|-heal|p1a: Clodsire|82\/100|[from] item: Leftovers\n|upkeep\n|turn|4\n|\n|t:|1699851461\n|move|p2a: Boo|Calm Mind|p2a: Boo\n|-boost|p2a: Boo|spa|1\n|-boost|p2a: Boo|spd|1\n|move|p1a: Clodsire|Stealth Rock|p2a: Boo\n|-sidestart|p2: wiibass|move: Stealth Rock\n|\n|-heal|p1a: Clodsire|89\/100|[from] Grassy Terrain\n|-heal|p1a: Clodsire|95\/100|[from] item: Leftovers\n|upkeep\n|turn|5\n|\n|t:|1699851467\n|move|p2a: Boo|Shadow Ball|p1a: Clodsire\n|-damage|p1a: Clodsire|72\/100\n|move|p1a: Clodsire|Earthquake|p2a: Boo\n|-supereffective|p2a: Boo\n|-damage|p2a: Boo|63\/100\n|\n|-heal|p2a: Boo|69\/100|[from] Grassy Terrain\n|-heal|p1a: Clodsire|78\/100|[from] Grassy Terrain\n|-heal|p1a: Clodsire|84\/100|[from] item: Leftovers\n|upkeep\n|turn|6\n|\n|t:|1699851473\n|-terastallize|p2a: Boo|Grass\n|move|p2a: Boo|Calm Mind|p2a: Boo\n|-boost|p2a: Boo|spa|1\n|-boost|p2a: Boo|spd|1\n|move|p1a: Clodsire|Earthquake|p2a: Boo\n|-resisted|p2a: Boo\n|-damage|p2a: Boo|60\/100\n|\n|-heal|p2a: Boo|66\/100|[from] Grassy Terrain\n|-heal|p1a: Clodsire|90\/100|[from] Grassy Terrain\n|-heal|p1a: Clodsire|97\/100|[from] item: Leftovers\n|upkeep\n|turn|7\n|\n|t:|1699851480\n|move|p2a: Boo|Fire Blast|p1a: Clodsire\n|-damage|p1a: Clodsire|62\/100\n|move|p1a: Clodsire|Toxic|p2a: Boo\n|-status|p2a: Boo|tox\n|\n|-heal|p2a: Boo|72\/100 tox|[from] Grassy Terrain\n|-heal|p1a: Clodsire|69\/100|[from] Grassy Terrain\n|-heal|p1a: Clodsire|75\/100|[from] item: Leftovers\n|-damage|p2a: Boo|66\/100 tox|[from] psn\n|upkeep\n|turn|8\n|\n|t:|1699851487\n|switch|p2a: rock|Garganacl, M|100\/100\n|-damage|p2a: rock|88\/100|[from] Stealth Rock\n|move|p1a: Clodsire|Toxic|p2a: rock\n|-immune|p2a: rock|[from] ability: Purifying Salt\n|\n|-heal|p2a: rock|94\/100|[from] Grassy Terrain\n|-heal|p2a: rock|100\/100|[from] item: Leftovers\n|-heal|p1a: Clodsire|81\/100|[from] Grassy Terrain\n|-heal|p1a: Clodsire|87\/100|[from] item: Leftovers\n|-fieldend|move: Grassy Terrain\n|upkeep\n|turn|9\n|\n|t:|1699851495\n|move|p2a: rock|Salt Cure|p1a: Clodsire\n|-resisted|p1a: Clodsire\n|-damage|p1a: Clodsire|80\/100\n|-start|p1a: Clodsire|Salt Cure\n|move|p1a: Clodsire|Earthquake|p2a: rock\n|-supereffective|p2a: rock\n|-crit|p2a: rock\n|-damage|p2a: rock|59\/100\n|\n|-heal|p2a: rock|65\/100|[from] item: Leftovers\n|-heal|p1a: Clodsire|86\/100|[from] item: Leftovers\n|-damage|p1a: Clodsire|74\/100|[from] Salt Cure\n|upkeep\n|turn|10\n|\n|t:|1699851504\n|switch|p2a: Paper|Rillaboom, M|30\/100\n|-damage|p2a: Paper|18\/100|[from] Stealth Rock\n|-fieldstart|move: Grassy Terrain|[from] ability: Grassy Surge|[of] p2a: Paper\n|switch|p1a: Lopunny|Lopunny-Mega, F|100\/100\n|\n|-heal|p2a: Paper|24\/100|[from] Grassy Terrain\n|upkeep\n|turn|11\n|\n|t:|1699851511\n|switch|p2a: rock|Garganacl, M|65\/100\n|-damage|p2a: rock|53\/100|[from] Stealth Rock\n|move|p1a: Lopunny|Fake Out|p2a: rock\n|-resisted|p2a: rock\n|-damage|p2a: rock|47\/100\n|\n|-heal|p2a: rock|53\/100|[from] Grassy Terrain\n|-heal|p2a: rock|59\/100|[from] item: Leftovers\n|upkeep\n|turn|12\n|\n|t:|1699851517\n|move|p1a: Lopunny|Close Combat|p2a: rock\n|-supereffective|p2a: rock\n|-damage|p2a: rock|0 fnt\n|-unboost|p1a: Lopunny|def|1\n|-unboost|p1a: Lopunny|spd|1\n|faint|p2a: rock\n|\n|upkeep\n|\n|t:|1699851523\n|switch|p2a: Bless you|Sneasler, M|100\/100\n|-damage|p2a: Bless you|95\/100|[from] Stealth Rock\n|-enditem|p2a: Bless you|Grassy Seed\n|-boost|p2a: Bless you|def|1|[from] item: Grassy Seed\n|turn|13\n|\n|t:|1699851531\n|switch|p1a: Corviknight|Corviknight, F|100\/100\n|-ability|p1a: Corviknight|Pressure\n|move|p2a: Bless you|Swords Dance|p2a: Bless you\n|-boost|p2a: Bless you|atk|2\n|\n|-heal|p2a: Bless you|100\/100|[from] Grassy Terrain\n|upkeep\n|turn|14\n|\n|t:|1699851543\n|move|p2a: Bless you|Close Combat|p1a: Corviknight\n|-damage|p1a: Corviknight|39\/100\n|-unboost|p2a: Bless you|def|1\n|-unboost|p2a: Bless you|spd|1\n|-damage|p2a: Bless you|84\/100|[from] item: Rocky Helmet|[of] p1a: Corviknight\n|move|p1a: Corviknight|U-turn|p2a: Bless you\n|-resisted|p2a: Bless you\n|-damage|p2a: Bless you|78\/100\n|\n|t:|1699851554\n|switch|p1a: Clodsire|Clodsire, M|74\/100|[from] U-turn\n|\n|-heal|p2a: Bless you|84\/100|[from] Grassy Terrain\n|-heal|p1a: Clodsire|80\/100|[from] Grassy Terrain\n|-heal|p1a: Clodsire|86\/100|[from] item: Leftovers\n|upkeep\n|turn|15\n|\n|t:|1699851558\n|move|p2a: Bless you|Acrobatics|p1a: Clodsire\n|-damage|p1a: Clodsire|52\/100\n|move|p1a: Clodsire|Earthquake|p2a: Bless you\n|-supereffective|p2a: Bless you\n|-damage|p2a: Bless you|37\/100\n|\n|-heal|p2a: Bless you|43\/100|[from] Grassy Terrain\n|-heal|p1a: Clodsire|58\/100|[from] Grassy Terrain\n|-heal|p1a: Clodsire|64\/100|[from] item: Leftovers\n|upkeep\n|turn|16\n|\n|t:|1699851562\n|move|p2a: Bless you|Acrobatics|p1a: Clodsire\n|-damage|p1a: Clodsire|29\/100\n|move|p1a: Clodsire|Recover|p1a: Clodsire\n|-heal|p1a: Clodsire|79\/100\n|\n|-heal|p2a: Bless you|49\/100|[from] Grassy Terrain\n|-heal|p1a: Clodsire|85\/100|[from] Grassy Terrain\n|-heal|p1a: Clodsire|91\/100|[from] item: Leftovers\n|upkeep\n|turn|17\n|\n|t:|1699851565\n|move|p2a: Bless you|Acrobatics|p1a: Clodsire\n|-damage|p1a: Clodsire|58\/100\n|move|p1a: Clodsire|Earthquake|p2a: Bless you\n|-supereffective|p2a: Bless you\n|-damage|p2a: Bless you|5\/100\n|\n|-heal|p2a: Bless you|11\/100|[from] Grassy Terrain\n|-heal|p1a: Clodsire|65\/100|[from] Grassy Terrain\n|-heal|p1a: Clodsire|71\/100|[from] item: Leftovers\n|-fieldend|move: Grassy Terrain\n|upkeep\n|turn|18\n|\n|t:|1699851568\n|move|p2a: Bless you|Dire Claw|p1a: Clodsire\n|-resisted|p1a: Clodsire\n|-damage|p1a: Clodsire|61\/100\n|move|p1a: Clodsire|Recover|p1a: Clodsire\n|-heal|p1a: Clodsire|100\/100\n|\n|upkeep\n|turn|19\n|\n|t:|1699851572\n|move|p2a: Bless you|Dire Claw|p1a: Clodsire\n|-resisted|p1a: Clodsire\n|-damage|p1a: Clodsire|92\/100\n|-status|p1a: Clodsire|par\n|cant|p1a: Clodsire|par\n|\n|-heal|p1a: Clodsire|98\/100 par|[from] item: Leftovers\n|upkeep\n|turn|20\n|\n|t:|1699851577\n|move|p2a: Bless you|Acrobatics|p1a: Clodsire\n|-damage|p1a: Clodsire|65\/100 par\n|move|p1a: Clodsire|Earthquake|p2a: Bless you\n|-supereffective|p2a: Bless you\n|-damage|p2a: Bless you|0 fnt\n|faint|p2a: Bless you\n|\n|-heal|p1a: Clodsire|72\/100 par|[from] item: Leftovers\n|upkeep\n|\n|t:|1699851582\n|switch|p2a: scissors|Gallade, M|100\/100\n|-damage|p2a: scissors|94\/100|[from] Stealth Rock\n|turn|21\n|\n|t:|1699851587\n|switch|p1a: Corviknight|Corviknight, F|39\/100\n|-ability|p1a: Corviknight|Pressure\n|move|p2a: scissors|Swords Dance|p2a: scissors\n|-boost|p2a: scissors|atk|2\n|\n|upkeep\n|turn|22\n|\n|t:|1699851593\n|move|p2a: scissors|Sacred Sword|p1a: Corviknight\n|-damage|p1a: Corviknight|0 fnt\n|-damage|p2a: scissors|78\/100|[from] item: Rocky Helmet|[of] p1a: Corviknight\n|faint|p1a: Corviknight\n|-damage|p2a: scissors|68\/100|[from] item: Life Orb\n|\n|upkeep\n|\n|t:|1699851601\n|switch|p1a: Clodsire|Clodsire, M|72\/100 par\n|turn|23\n|\n|t:|1699851605\n|switch|p1a: Kartana|Kartana|72\/100\n|move|p2a: scissors|Leaf Blade|p1a: Kartana\n|-resisted|p1a: Kartana\n|-crit|p1a: Kartana\n|-damage|p1a: Kartana|27\/100\n|-damage|p2a: scissors|58\/100|[from] item: Life Orb\n|\n|upkeep\n|turn|24\n|\n|t:|1699851614\n|move|p1a: Kartana|Leaf Blade|p2a: scissors\n|-damage|p2a: scissors|0 fnt\n|faint|p2a: scissors\n|-ability|p1a: Kartana|Beast Boost|boost\n|-boost|p1a: Kartana|atk|1\n|\n|upkeep\n|\n|t:|1699851618\n|switch|p2a: Paper|Rillaboom, M|24\/100\n|-damage|p2a: Paper|12\/100|[from] Stealth Rock\n|-fieldstart|move: Grassy Terrain|[from] ability: Grassy Surge|[of] p2a: Paper\n|turn|25\n|\n|t:|1699851622\n|move|p2a: Paper|Grassy Glide|p1a: Kartana\n|-resisted|p1a: Kartana\n|-damage|p1a: Kartana|17\/100\n|move|p1a: Kartana|Leaf Blade|p2a: Paper\n|-resisted|p2a: Paper\n|-damage|p2a: Paper|0 fnt\n|faint|p2a: Paper\n|-ability|p1a: Kartana|Beast Boost|boost\n|-boost|p1a: Kartana|atk|1\n|\n|-heal|p1a: Kartana|23\/100|[from] Grassy Terrain\n|upkeep\n|\n|t:|1699851627\n|switch|p2a: Boo|Chandelure, F, tera:Grass|66\/100 tox\n|-damage|p2a: Boo|54\/100 tox|[from] Stealth Rock\n|turn|26\n|\n|t:|1699851629\n|move|p1a: Kartana|Leaf Blade|p2a: Boo\n|-resisted|p2a: Boo\n|-damage|p2a: Boo|0 fnt\n|faint|p2a: Boo\n|-ability|p1a: Kartana|Beast Boost|boost\n|-boost|p1a: Kartana|atk|1\n|\n|-heal|p1a: Kartana|29\/100|[from] Grassy Terrain\n|upkeep\n|\n|t:|1699851632\n|switch|p2a: Toad|Breloom, M|100\/100\n|-damage|p2a: Toad|94\/100|[from] Stealth Rock\n|turn|27\n|\n|t:|1699851634\n|move|p2a: Toad|Mach Punch|p1a: Kartana\n|-supereffective|p1a: Kartana\n|-damage|p1a: Kartana|0 fnt\n|faint|p1a: Kartana\n|\n|-heal|p2a: Toad|100\/100|[from] Grassy Terrain\n|upkeep\n|\n|t:|1699851639\n|switch|p1a: Zapdos|Zapdos|100\/100\n|turn|28\n|\n|t:|1699851642\n|move|p1a: Zapdos|Hurricane|p2a: Toad\n|-supereffective|p2a: Toad\n|-damage|p2a: Toad|0 fnt\n|faint|p2a: Toad\n|\n|win|helpwhatttt\n|raw|helpwhatttt's rating: 1346 &rarr; <strong>1368<\/strong><br \/>(+22 for winning)\n|raw|wiibass's rating: 1381 &rarr; <strong>1359<\/strong><br \/>(-22 for losing)\n|c|\u2606helpwhatttt|ggw0p\n","uploadtime":1699851651,"views":5,"p1id":"helpwhatttt","p2id":"wiibass","formatid":"gen9nationaldex","rating":1359,"private":0,"password":""}