{"id":"gen9nationaldex-1996532874","p1":"SportsyReal","p2":"CrackKen","format":"[Gen 9] National Dex","log":"|html|<div class=\"broadcast-blue\"><strong>[Gen 9] National Dex is currently suspecting Sneasler! For information on how to participate check out the <a href=\"https:\/\/www.smogon.com\/forums\/threads\/sv-national-dex-suspect-8-just-dance.3731534\/\">suspect thread<\/a>.<\/strong><\/div>\n|j|\u2606SportsyReal\n|j|\u2606CrackKen\n|t:|1700691396\n|gametype|singles\n|player|p1|SportsyReal|lyra|\n|player|p2|CrackKen|102|\n|teamsize|p1|6\n|teamsize|p2|6\n|gen|9\n|tier|[Gen 9] National Dex\n|rule|HP Percentage Mod: HP is shown in percentages\n|rule|Endless Battle Clause: Forcing endless battles is banned\n|rule|OHKO Clause: OHKO moves are banned\n|rule|Evasion Clause: Evasion abilities, items, and moves are banned\n|rule|Evasion Abilities Clause: Evasion abilities are banned\n|rule|Evasion Items Clause: Evasion items are banned\n|rule|Evasion Moves Clause: Evasion moves are banned\n|rule|Species Clause: Limit one of each Pok\u00e9mon\n|rule|Sleep Clause Mod: Limit one foe put to sleep\n|clearpoke\n|poke|p1|Ribombee, M|\n|poke|p1|Dusclops, F|\n|poke|p1|Gyarados, F|\n|poke|p1|Umbreon, F|\n|poke|p1|Gliscor, M|\n|poke|p1|Scizor, F|\n|poke|p2|Iron Moth|\n|poke|p2|Klefki, M|\n|poke|p2|Greninja-*, M|\n|poke|p2|Venusaur, F|\n|poke|p2|Jirachi|\n|poke|p2|Snorlax, F|\n|teampreview\n|j| Guillarco28\n|\n|t:|1700691415\n|start\n|switch|p1a: Este Se\u00f1or|Ribombee, M|100\/100\n|switch|p2a: Iron Moth|Iron Moth|100\/100\n|-enditem|p2a: Iron Moth|Booster Energy\n|-activate|p2a: Iron Moth|ability: Quark Drive|[fromitem]\n|-start|p2a: Iron Moth|quarkdrivespa\n|turn|1\n|\n|t:|1700691449\n|switch|p1a: Vikabolt|Gliscor, M|100\/100\n|move|p2a: Iron Moth|Sludge Wave|p1a: Vikabolt\n|-resisted|p1a: Vikabolt\n|-damage|p1a: Vikabolt|59\/100\n|\n|-status|p1a: Vikabolt|tox|[from] item: Toxic Orb\n|upkeep\n|turn|2\n|\n|t:|1700691466\n|move|p2a: Iron Moth|Energy Ball|p1a: Vikabolt\n|-damage|p1a: Vikabolt|6\/100 tox\n|move|p1a: Vikabolt|Earthquake|p2a: Iron Moth\n|-supereffective|p2a: Iron Moth\n|-damage|p2a: Iron Moth|0 fnt\n|faint|p2a: Iron Moth\n|-end|p2a: Iron Moth|Quark Drive|[silent]\n|\n|-heal|p1a: Vikabolt|19\/100 tox|[from] ability: Poison Heal\n|upkeep\n|\n|t:|1700691484\n|switch|p2a: Greninja|Greninja, M|100\/100\n|turn|3\n|\n|t:|1700691523\n|switch|p1a: Robotnik|Scizor, F|100\/100\n|move|p2a: Greninja|Ice Beam|p1a: Robotnik\n|-start|p2a: Greninja|typechange|Ice|[from] ability: Protean\n|-resisted|p1a: Robotnik\n|-damage|p1a: Robotnik|65\/100\n|\n|upkeep\n|turn|4\n|\n|t:|1700691552\n|switch|p2a: Klefki|Klefki, M|100\/100\n|detailschange|p1a: Robotnik|Scizor-Mega, F\n|-mega|p1a: Robotnik|Scizor|Scizorite\n|move|p1a: Robotnik|Bullet Punch|p2a: Klefki\n|-damage|p2a: Klefki|66\/100\n|\n|upkeep\n|turn|5\n|\n|t:|1700691627\n|switch|p1a: Chansi|Dusclops, F|100\/100\n|-ability|p1a: Chansi|Pressure\n|move|p2a: Klefki|Light Screen|p2a: Klefki\n|-sidestart|p2: CrackKen|move: Light Screen\n|\n|upkeep\n|turn|6\n|\n|t:|1700691656\n|move|p2a: Klefki|Reflect|p2a: Klefki\n|-sidestart|p2: CrackKen|Reflect\n|move|p1a: Chansi|Brick Break|p2a: Klefki\n|-sideend|p2: CrackKen|Reflect\n|-sideend|p2: CrackKen|move: Light Screen\n|-damage|p2a: Klefki|56\/100\n|\n|upkeep\n|turn|7\n|\n|t:|1700691667\n|move|p2a: Klefki|Foul Play|p1a: Chansi\n|-supereffective|p1a: Chansi\n|-damage|p1a: Chansi|81\/100\n|move|p1a: Chansi|Night Shade|p2a: Klefki\n|-damage|p2a: Klefki|24\/100\n|\n|upkeep\n|turn|8\n|\n|t:|1700691675\n|move|p2a: Klefki|Thunder Wave|p1a: Chansi|[miss]\n|-miss|p2a: Klefki|p1a: Chansi\n|move|p1a: Chansi|Night Shade|p2a: Klefki\n|-damage|p2a: Klefki|0 fnt\n|faint|p2a: Klefki\n|\n|upkeep\n|\n|t:|1700691687\n|switch|p2a: Venusaur|Venusaur, F|100\/100\n|turn|9\n|\n|t:|1700691723\n|detailschange|p2a: Venusaur|Venusaur-Mega, F\n|-mega|p2a: Venusaur|Venusaur|Venusaurite\n|move|p2a: Venusaur|Sludge Bomb|p1a: Chansi\n|-resisted|p1a: Chansi\n|-damage|p1a: Chansi|67\/100\n|move|p1a: Chansi|Will-O-Wisp|p2a: Venusaur\n|-status|p2a: Venusaur|brn\n|\n|-damage|p2a: Venusaur|94\/100 brn|[from] brn\n|upkeep\n|turn|10\n|\n|t:|1700691744\n|move|p2a: Venusaur|Leech Seed|p1a: Chansi\n|-start|p1a: Chansi|move: Leech Seed\n|move|p1a: Chansi|Night Shade|p2a: Venusaur\n|-damage|p2a: Venusaur|67\/100 brn\n|\n|-damage|p1a: Chansi|55\/100|[from] Leech Seed|[of] p2a: Venusaur\n|-heal|p2a: Venusaur|74\/100 brn|[silent]\n|-damage|p2a: Venusaur|68\/100 brn|[from] brn\n|upkeep\n|turn|11\n|\n|t:|1700691752\n|switch|p1a: Este Se\u00f1or|Ribombee, M|100\/100\n|move|p2a: Venusaur|Giga Drain|p1a: Este Se\u00f1or\n|-resisted|p1a: Este Se\u00f1or\n|-damage|p1a: Este Se\u00f1or|78\/100\n|-heal|p2a: Venusaur|77\/100 brn|[from] drain|[of] p1a: Este Se\u00f1or\n|\n|-damage|p2a: Venusaur|71\/100 brn|[from] brn\n|upkeep\n|turn|12\n|\n|t:|1700691770\n|-terastallize|p1a: Este Se\u00f1or|Fairy\n|move|p1a: Este Se\u00f1or|Hidden Power|p2a: Venusaur\n|-supereffective|p2a: Venusaur\n|-damage|p2a: Venusaur|58\/100 brn\n|move|p2a: Venusaur|Sludge Bomb|p1a: Este Se\u00f1or\n|-supereffective|p1a: Este Se\u00f1or\n|-damage|p1a: Este Se\u00f1or|0 fnt\n|faint|p1a: Este Se\u00f1or\n|\n|-damage|p2a: Venusaur|52\/100 brn|[from] brn\n|upkeep\n|\n|t:|1700691803\n|switch|p1a: Chansi|Dusclops, F|55\/100\n|-ability|p1a: Chansi|Pressure\n|turn|13\n|\n|t:|1700691811\n|move|p2a: Venusaur|Giga Drain|p1a: Chansi\n|-damage|p1a: Chansi|34\/100\n|-heal|p2a: Venusaur|58\/100 brn|[from] drain|[of] p1a: Chansi\n|move|p1a: Chansi|Night Shade|p2a: Venusaur\n|-damage|p2a: Venusaur|31\/100 brn\n|\n|-damage|p2a: Venusaur|25\/100 brn|[from] brn\n|upkeep\n|turn|14\n|\n|t:|1700691822\n|move|p1a: Chansi|Protect|p1a: Chansi\n|-singleturn|p1a: Chansi|Protect\n|move|p2a: Venusaur|Giga Drain|p1a: Chansi\n|-activate|p1a: Chansi|move: Protect\n|\n|-damage|p2a: Venusaur|19\/100 brn|[from] brn\n|upkeep\n|turn|15\n|\n|t:|1700691830\n|move|p2a: Venusaur|Protect|p2a: Venusaur\n|-singleturn|p2a: Venusaur|Protect\n|move|p1a: Chansi|Night Shade|p2a: Venusaur\n|-activate|p2a: Venusaur|move: Protect\n|\n|-damage|p2a: Venusaur|13\/100 brn|[from] brn\n|upkeep\n|turn|16\n|\n|t:|1700691839\n|move|p1a: Chansi|Protect|p1a: Chansi\n|-singleturn|p1a: Chansi|Protect\n|move|p2a: Venusaur|Giga Drain|p1a: Chansi\n|-activate|p1a: Chansi|move: Protect\n|\n|-damage|p2a: Venusaur|7\/100 brn|[from] brn\n|upkeep\n|turn|17\n|\n|t:|1700691850\n|move|p2a: Venusaur|Giga Drain|p1a: Chansi\n|-damage|p1a: Chansi|12\/100\n|-heal|p2a: Venusaur|13\/100 brn|[from] drain|[of] p1a: Chansi\n|move|p1a: Chansi|Night Shade|p2a: Venusaur\n|-damage|p2a: Venusaur|0 fnt\n|faint|p2a: Venusaur\n|\n|upkeep\n|\n|t:|1700691867\n|switch|p2a: Greninja|Greninja, M|100\/100\n|turn|18\n|\n|t:|1700691888\n|move|p1a: Chansi|Protect|p1a: Chansi\n|-singleturn|p1a: Chansi|Protect\n|move|p2a: Greninja|Hydro Pump|p1a: Chansi\n|-start|p2a: Greninja|typechange|Water|[from] ability: Protean\n|-activate|p1a: Chansi|move: Protect\n|\n|upkeep\n|turn|19\n|\n|t:|1700691904\n|switch|p1a: Robotnik|Scizor-Mega, F|65\/100\n|move|p2a: Greninja|Hydro Pump|p1a: Robotnik\n|-damage|p1a: Robotnik|0 fnt\n|faint|p1a: Robotnik\n|\n|upkeep\n|\n|t:|1700691973\n|switch|p1a: Longanizo|Gyarados, F, shiny|100\/100\n|-ability|p1a: Longanizo|Intimidate|boost\n|-unboost|p2a: Greninja|atk|1\n|turn|20\n|\n|t:|1700691996\n|switch|p2a: Jirachi|Jirachi|100\/100\n|move|p1a: Longanizo|Dragon Dance|p1a: Longanizo\n|-boost|p1a: Longanizo|atk|1\n|-boost|p1a: Longanizo|spe|1\n|\n|upkeep\n|turn|21\n|\n|t:|1700692020\n|move|p1a: Longanizo|Crunch|p2a: Jirachi\n|-supereffective|p2a: Jirachi\n|-damage|p2a: Jirachi|15\/100\n|move|p2a: Jirachi|Iron Head|p1a: Longanizo\n|-resisted|p1a: Longanizo\n|-damage|p1a: Longanizo|80\/100\n|\n|-heal|p2a: Jirachi|22\/100|[from] item: Leftovers\n|upkeep\n|turn|22\n|\n|t:|1700692037\n|move|p1a: Longanizo|Crunch|p2a: Jirachi\n|-supereffective|p2a: Jirachi\n|-damage|p2a: Jirachi|0 fnt\n|faint|p2a: Jirachi\n|\n|upkeep\n|\n|t:|1700692041\n|switch|p2a: Greninja|Greninja, M|100\/100\n|turn|23\n|\n|t:|1700692051\n|move|p1a: Longanizo|Crunch|p2a: Greninja\n|-resisted|p2a: Greninja\n|-damage|p2a: Greninja|66\/100\n|move|p2a: Greninja|Dark Pulse|p1a: Longanizo\n|-start|p2a: Greninja|typechange|Dark|[from] ability: Protean\n|-damage|p1a: Longanizo|25\/100\n|\n|upkeep\n|turn|24\n|\n|t:|1700692104\n|move|p1a: Longanizo|Waterfall|p2a: Greninja\n|-damage|p2a: Greninja|0 fnt\n|faint|p2a: Greninja\n|\n|upkeep\n|\n|t:|1700692108\n|switch|p2a: Snorlax|Snorlax, F|100\/100\n|turn|25\n|\n|t:|1700692115\n|move|p1a: Longanizo|Waterfall|p2a: Snorlax\n|-damage|p2a: Snorlax|18\/100\n|move|p2a: Snorlax|Curse|p2a: Snorlax\n|-unboost|p2a: Snorlax|spe|1\n|-boost|p2a: Snorlax|atk|1\n|-boost|p2a: Snorlax|def|1\n|\n|-heal|p2a: Snorlax|24\/100|[from] item: Leftovers\n|upkeep\n|turn|26\n|\n|t:|1700692128\n|-terastallize|p2a: Snorlax|Ghost\n|move|p1a: Longanizo|Waterfall|p2a: Snorlax\n|-damage|p2a: Snorlax|0 fnt\n|faint|p2a: Snorlax\n|\n|win|SportsyReal\n","uploadtime":1700692136,"views":11,"p1id":"sportsyreal","p2id":"crackken","formatid":"gen9nationaldex","rating":0,"private":0,"password":""}