{"id":"gen9nationaldex-1988724728","p1":"Bronzong","p2":"DufauxZac","format":"[Gen 9] National Dex","log":"|j|\u2606Bronzong\n|j|\u2606DufauxZac\n|t:|1699755191\n|gametype|singles\n|player|p1|Bronzong|hassel|\n|player|p2|DufauxZac|brock|\n|teamsize|p1|6\n|teamsize|p2|6\n|gen|9\n|tier|[Gen 9] National Dex\n|rule|HP Percentage Mod: HP is shown in percentages\n|rule|Endless Battle Clause: Forcing endless battles is banned\n|rule|OHKO Clause: OHKO moves are banned\n|rule|Evasion Clause: Evasion abilities, items, and moves are banned\n|rule|Evasion Abilities Clause: Evasion abilities are banned\n|rule|Evasion Items Clause: Evasion items are banned\n|rule|Evasion Moves Clause: Evasion moves are banned\n|rule|Species Clause: Limit one of each Pok\u00e9mon\n|rule|Sleep Clause Mod: Limit one foe put to sleep\n|clearpoke\n|poke|p1|Arcanine-Hisui, F|\n|poke|p1|Corviknight, F|\n|poke|p1|Noivern, F|\n|poke|p1|Suicune|\n|poke|p1|Dachsbun, F|\n|poke|p1|Spidops, M|\n|poke|p2|Farigiraf, M|\n|poke|p2|Girafarig, M|\n|poke|p2|Porygon-Z|\n|poke|p2|Skeledirge, F|\n|poke|p2|Sinistcha|\n|poke|p2|Yanmega, F|\n|teampreview\n|inactive|Battle timer is ON: inactive players will automatically lose when time's up. (requested by Bronzong)\n|\n|t:|1699755202\n|start\n|switch|p1a: Corviknight|Corviknight, F|100\/100\n|switch|p2a: Yanmega|Yanmega, F|100\/100\n|turn|1\n|\n|t:|1699755216\n|move|p2a: Yanmega|Air Slash|p1a: Corviknight\n|-resisted|p1a: Corviknight\n|-damage|p1a: Corviknight|73\/100\n|move|p1a: Corviknight|Brave Bird|p2a: Yanmega\n|-supereffective|p2a: Yanmega\n|-damage|p2a: Yanmega|0 fnt\n|faint|p2a: Yanmega\n|-damage|p1a: Corviknight|47\/100|[from] Recoil\n|\n|-heal|p1a: Corviknight|53\/100|[from] item: Leftovers\n|upkeep\n|\n|t:|1699755218\n|switch|p2a: Skeledirge|Skeledirge, F|100\/100\n|turn|2\n|\n|t:|1699755235\n|switch|p1a: Dachsbun|Dachsbun, F|100\/100\n|move|p2a: Skeledirge|Yawn|p1a: Dachsbun\n|-start|p1a: Dachsbun|move: Yawn|[of] p2a: Skeledirge\n|\n|upkeep\n|turn|3\n|\n|t:|1699755253\n|-terastallize|p1a: Dachsbun|Flying\n|move|p1a: Dachsbun|Crunch|p2a: Skeledirge\n|-supereffective|p2a: Skeledirge\n|-damage|p2a: Skeledirge|82\/100\n|move|p2a: Skeledirge|Hex|p1a: Dachsbun\n|-damage|p1a: Dachsbun|71\/100\n|\n|-heal|p1a: Dachsbun|77\/100|[from] item: Leftovers\n|-heal|p2a: Skeledirge|88\/100|[from] item: Leftovers\n|-end|p1a: Dachsbun|move: Yawn|[silent]\n|-status|p1a: Dachsbun|slp\n|upkeep\n|turn|4\n|\n|t:|1699755263\n|cant|p1a: Dachsbun|slp\n|move|p2a: Skeledirge|Hex|p1a: Dachsbun\n|-damage|p1a: Dachsbun|13\/100 slp\n|\n|-heal|p1a: Dachsbun|19\/100 slp|[from] item: Leftovers\n|-heal|p2a: Skeledirge|94\/100|[from] item: Leftovers\n|upkeep\n|turn|5\n|\n|t:|1699755275\n|switch|p1a: Suicune|Suicune|100\/100\n|move|p2a: Skeledirge|Hex|p1a: Suicune\n|-damage|p1a: Suicune|87\/100\n|\n|-heal|p2a: Skeledirge|99\/100|[from] item: Leftovers\n|upkeep\n|turn|6\n|\n|t:|1699755287\n|switch|p2a: Sinistcha|Sinistcha|100\/100\n|move|p1a: Suicune|Ice Beam|p2a: Sinistcha\n|-supereffective|p2a: Sinistcha\n|-damage|p2a: Sinistcha|41\/100\n|\n|upkeep\n|turn|7\n|\n|t:|1699755294\n|move|p1a: Suicune|Ice Beam|p2a: Sinistcha\n|-supereffective|p2a: Sinistcha\n|-damage|p2a: Sinistcha|0 fnt\n|faint|p2a: Sinistcha\n|\n|upkeep\n|\n|t:|1699755300\n|switch|p2a: Girafarig|Girafarig, M|100\/100\n|turn|8\n|\n|t:|1699755306\n|move|p2a: Girafarig|Thunder Wave|p1a: Suicune|[miss]\n|-miss|p2a: Girafarig|p1a: Suicune\n|move|p1a: Suicune|Whirlpool|p2a: Girafarig|[miss]\n|-miss|p1a: Suicune|p2a: Girafarig\n|\n|upkeep\n|turn|9\n|c|\u2606Bronzong|fair\n|\n|t:|1699755315\n|move|p2a: Girafarig|Thunder Wave|p1a: Suicune\n|-status|p1a: Suicune|par\n|move|p1a: Suicune|Whirlpool|p2a: Girafarig\n|-damage|p2a: Girafarig|76\/100\n|-activate|p2a: Girafarig|move: Whirlpool|[of] p1a: Suicune\n|\n|-damage|p2a: Girafarig|63\/100|[from] move: Whirlpool|[partiallytrapped]\n|upkeep\n|turn|10\n|\n|t:|1699755331\n|move|p2a: Girafarig|Psychic Fangs|p1a: Suicune\n|-damage|p1a: Suicune|58\/100 par\n|-damage|p2a: Girafarig|53\/100|[from] item: Life Orb\n|cant|p1a: Suicune|par\n|\n|-damage|p2a: Girafarig|41\/100|[from] move: Whirlpool|[partiallytrapped]\n|upkeep\n|turn|11\n|\n|t:|1699755340\n|move|p2a: Girafarig|Psychic Fangs|p1a: Suicune\n|-damage|p1a: Suicune|26\/100 par\n|-damage|p2a: Girafarig|31\/100|[from] item: Life Orb\n|move|p1a: Suicune|Scald|p2a: Girafarig\n|-damage|p2a: Girafarig|0 fnt\n|faint|p2a: Girafarig\n|\n|upkeep\n|\n|t:|1699755346\n|switch|p2a: Skeledirge|Skeledirge, F|99\/100\n|turn|12\n|\n|t:|1699755354\n|move|p2a: Skeledirge|Torch Song|p1a: Suicune\n|-resisted|p1a: Suicune\n|-damage|p1a: Suicune|18\/100 par\n|-boost|p2a: Skeledirge|spa|1\n|move|p1a: Suicune|Scald|p2a: Skeledirge\n|-supereffective|p2a: Skeledirge\n|-damage|p2a: Skeledirge|28\/100\n|\n|-heal|p2a: Skeledirge|34\/100|[from] item: Leftovers\n|upkeep\n|turn|13\n|\n|t:|1699755364\n|move|p2a: Skeledirge|Slack Off|p2a: Skeledirge\n|-heal|p2a: Skeledirge|84\/100\n|move|p1a: Suicune|Scald|p2a: Skeledirge\n|-supereffective|p2a: Skeledirge\n|-damage|p2a: Skeledirge|13\/100\n|\n|-heal|p2a: Skeledirge|19\/100|[from] item: Leftovers\n|upkeep\n|turn|14\n|\n|t:|1699755376\n|switch|p1a: Arcanine|Arcanine-Hisui, F|100\/100\n|move|p2a: Skeledirge|Hex|p1a: Arcanine\n|-damage|p1a: Arcanine|56\/100\n|\n|-heal|p2a: Skeledirge|25\/100|[from] item: Leftovers\n|upkeep\n|turn|15\n|\n|t:|1699755384\n|move|p1a: Arcanine|Head Smash|p2a: Skeledirge\n|-supereffective|p2a: Skeledirge\n|-crit|p2a: Skeledirge\n|-damage|p2a: Skeledirge|0 fnt\n|faint|p2a: Skeledirge\n|\n|upkeep\n|\n|t:|1699755389\n|switch|p2a: Porygon-Z|Porygon-Z|100\/100\n|turn|16\n|\n|t:|1699755393\n|switch|p1a: Dachsbun|Dachsbun, F, tera:Flying|19\/100 slp\n|move|p2a: Porygon-Z|Tri Attack|p1a: Dachsbun\n|-damage|p1a: Dachsbun|0 fnt\n|faint|p1a: Dachsbun\n|-damage|p2a: Porygon-Z|91\/100|[from] item: Life Orb\n|\n|upkeep\n|\n|t:|1699755406\n|switch|p1a: Spidops|Spidops, M|100\/100\n|turn|17\n|\n|t:|1699755410\n|move|p1a: Spidops|First Impression|p2a: Porygon-Z\n|-damage|p2a: Porygon-Z|9\/100\n|move|p2a: Porygon-Z|Tri Attack|p1a: Spidops\n|-damage|p1a: Spidops|13\/100\n|-damage|p2a: Porygon-Z|0 fnt|[from] item: Life Orb\n|faint|p2a: Porygon-Z\n|\n|upkeep\n|\n|t:|1699755413\n|switch|p2a: Farigiraf|Farigiraf, M|100\/100\n|turn|18\n|\n|t:|1699755425\n|switch|p1a: Noivern|Noivern, F|100\/100\n|move|p2a: Farigiraf|Psychic|p1a: Noivern\n|-damage|p1a: Noivern|46\/100\n|\n|upkeep\n|turn|19\n|\n|t:|1699755431\n|-terastallize|p2a: Farigiraf|Fairy\n|move|p1a: Noivern|Draco Meteor|p2a: Farigiraf\n|-immune|p2a: Farigiraf\n|move|p2a: Farigiraf|Psychic|p1a: Noivern\n|-damage|p1a: Noivern|0 fnt\n|faint|p1a: Noivern\n|\n|upkeep\n|c|\u2606Bronzong|I\n|c|\u2606Bronzong|Have no words\n|c|\u2606DufauxZac|lmaoo\n|\n|t:|1699755443\n|switch|p1a: Arcanine|Arcanine-Hisui, F|56\/100\n|turn|20\n|\n|t:|1699755447\n|move|p1a: Arcanine|Head Smash|p2a: Farigiraf\n|-damage|p2a: Farigiraf|0 fnt\n|faint|p2a: Farigiraf\n|\n|win|Bronzong\n|c|\u2606DufauxZac|ggs\n|c|\u2606Bronzong|gg though\n|l|\u2606DufauxZac\n","uploadtime":1699755462,"views":19,"p1id":"bronzong","p2id":"dufauxzac","formatid":"gen9nationaldex","rating":0,"private":0,"password":""}