{"id":"gen9nationaldex-1998233926","p1":"Mqwe","p2":"zzs20011011","format":"[Gen 9] National Dex","log":"|html|<div class=\"broadcast-blue\"><strong>[Gen 9] National Dex is currently suspecting Sneasler! For information on how to participate check out the <a href=\"https:\/\/www.smogon.com\/forums\/threads\/sv-national-dex-suspect-8-just-dance.3731534\/\">suspect thread<\/a>.<\/strong><\/div>\n|j|\u2606Mqwe\n|j|\u2606zzs20011011\n|t:|1700917251\n|gametype|singles\n|player|p1|Mqwe|cyclistf-gen4|1386\n|player|p2|zzs20011011|iris-gen5bw2|1277\n|teamsize|p1|6\n|teamsize|p2|6\n|gen|9\n|tier|[Gen 9] National Dex\n|rated|\n|rule|HP Percentage Mod: HP is shown in percentages\n|rule|Endless Battle Clause: Forcing endless battles is banned\n|rule|OHKO Clause: OHKO moves are banned\n|rule|Evasion Clause: Evasion abilities, items, and moves are banned\n|rule|Evasion Abilities Clause: Evasion abilities are banned\n|rule|Evasion Items Clause: Evasion items are banned\n|rule|Evasion Moves Clause: Evasion moves are banned\n|rule|Species Clause: Limit one of each Pok\u00e9mon\n|rule|Sleep Clause Mod: Limit one foe put to sleep\n|clearpoke\n|poke|p1|Volcanion|\n|poke|p1|Urshifu-*, F|\n|poke|p1|Toxapex, F|\n|poke|p1|Corviknight, F|\n|poke|p1|Ogerpon-Cornerstone, F|\n|poke|p1|Scizor, F|\n|poke|p2|Mawile, M|\n|poke|p2|Iron Valiant|\n|poke|p2|Rotom-Wash|\n|poke|p2|Tapu Koko|\n|poke|p2|Heatran, F|\n|poke|p2|Landorus-Therian, M|\n|teampreview\n|inactive|Battle timer is ON: inactive players will automatically lose when time's up. (requested by zzs20011011)\n|\n|t:|1700917265\n|start\n|switch|p1a: Ogerpon|Ogerpon-Cornerstone, F|100\/100\n|switch|p2a: Rotom|Rotom-Wash|100\/100\n|turn|1\n|\n|t:|1700917278\n|move|p1a: Ogerpon|Power Whip|p2a: Rotom\n|-supereffective|p2a: Rotom\n|-damage|p2a: Rotom|0 fnt\n|faint|p2a: Rotom\n|\n|upkeep\n|\n|t:|1700917287\n|switch|p2a: Tapu Koko|Tapu Koko|100\/100\n|-fieldstart|move: Electric Terrain|[from] ability: Electric Surge|[of] p2a: Tapu Koko\n|turn|2\n|\n|t:|1700917296\n|switch|p1a: Scizor|Scizor, F|100\/100\n|move|p2a: Tapu Koko|U-turn|p1a: Scizor\n|-resisted|p1a: Scizor\n|-crit|p1a: Scizor\n|-damage|p1a: Scizor|83\/100\n|\n|t:|1700917305\n|switch|p2a: Landorus|Landorus-Therian, M, shiny|100\/100|[from] U-turn\n|-ability|p2a: Landorus|Intimidate|boost\n|-unboost|p1a: Scizor|atk|1\n|\n|upkeep\n|turn|3\n|\n|t:|1700917321\n|detailschange|p1a: Scizor|Scizor-Mega, F\n|-mega|p1a: Scizor|Scizor|Scizorite\n|move|p1a: Scizor|Defog|p2a: Landorus\n|-unboost|p2a: Landorus|evasion|1\n|-fieldend|move: Electric Terrain\n|move|p2a: Landorus|Earthquake|p1a: Scizor\n|-damage|p1a: Scizor|41\/100\n|\n|upkeep\n|turn|4\n|\n|t:|1700917332\n|move|p1a: Scizor|Roost|p1a: Scizor\n|-heal|p1a: Scizor|91\/100\n|-singleturn|p1a: Scizor|move: Roost\n|move|p2a: Landorus|Knock Off|p1a: Scizor\n|-damage|p1a: Scizor|73\/100\n|\n|upkeep\n|turn|5\n|\n|t:|1700917342\n|move|p1a: Scizor|U-turn|p2a: Landorus\n|-resisted|p2a: Landorus\n|-crit|p2a: Landorus\n|-damage|p2a: Landorus|76\/100\n|\n|t:|1700917350\n|switch|p1a: Corviknight|Corviknight, F|100\/100|[from] U-turn\n|move|p2a: Landorus|Earthquake|p1a: Corviknight\n|-immune|p1a: Corviknight\n|\n|upkeep\n|turn|6\n|\n|t:|1700917358\n|switch|p2a: Tapu Koko|Tapu Koko|100\/100\n|-fieldstart|move: Electric Terrain|[from] ability: Electric Surge|[of] p2a: Tapu Koko\n|move|p1a: Corviknight|U-turn|p2a: Tapu Koko\n|-resisted|p2a: Tapu Koko\n|-damage|p2a: Tapu Koko|91\/100\n|\n|t:|1700917373\n|switch|p1a: Scizor|Scizor-Mega, F|73\/100|[from] U-turn\n|\n|upkeep\n|turn|7\n|\n|t:|1700917388\n|move|p2a: Tapu Koko|Hidden Power|p1a: Scizor\n|-resisted|p1a: Scizor\n|-damage|p1a: Scizor|67\/100\n|move|p1a: Scizor|U-turn|p2a: Tapu Koko\n|-resisted|p2a: Tapu Koko\n|-damage|p2a: Tapu Koko|66\/100\n|\n|t:|1700917401\n|switch|p1a: Urshifu|Urshifu-Rapid-Strike, F|100\/100|[from] U-turn\n|\n|upkeep\n|turn|8\n|\n|t:|1700917409\n|switch|p2a: Landorus|Landorus-Therian, M, shiny|76\/100\n|-ability|p2a: Landorus|Intimidate|boost\n|-unboost|p1a: Urshifu|atk|1\n|-terastallize|p1a: Urshifu|Water\n|move|p1a: Urshifu|Surging Strikes|p2a: Landorus\n|-supereffective|p2a: Landorus\n|-crit|p2a: Landorus\n|-damage|p2a: Landorus|28\/100\n|-supereffective|p2a: Landorus\n|-crit|p2a: Landorus\n|-damage|p2a: Landorus|0 fnt\n|faint|p2a: Landorus\n|-hitcount|p2: Landorus|2\n|\n|upkeep\n|\n|t:|1700917418\n|switch|p2a: Iron Valiant|Iron Valiant|100\/100\n|-activate|p2a: Iron Valiant|ability: Quark Drive\n|-start|p2a: Iron Valiant|quarkdrivespe\n|turn|9\n|\n|t:|1700917425\n|switch|p1a: Scizor|Scizor-Mega, F|67\/100\n|-terastallize|p2a: Iron Valiant|Electric\n|move|p2a: Iron Valiant|Thunderbolt|p1a: Scizor\n|-damage|p1a: Scizor|0 fnt\n|faint|p1a: Scizor\n|\n|upkeep\n|\n|t:|1700917433\n|switch|p1a: Ogerpon|Ogerpon-Cornerstone, F|100\/100\n|turn|10\n|\n|t:|1700917442\n|-end|p2a: Iron Valiant|Quark Drive|[silent]\n|switch|p2a: ku\u78b3|Mawile, M, shiny|100\/100\n|-ability|p2a: ku\u78b3|Intimidate|boost\n|-unboost|p1a: Ogerpon|atk|1\n|move|p1a: Ogerpon|Power Whip|p2a: ku\u78b3\n|-resisted|p2a: ku\u78b3\n|-damage|p2a: ku\u78b3|71\/100\n|\n|-fieldend|move: Electric Terrain\n|upkeep\n|turn|11\n|\n|t:|1700917453\n|switch|p1a: Volcanion|Volcanion|100\/100\n|detailschange|p2a: ku\u78b3|Mawile-Mega, M, shiny\n|-mega|p2a: ku\u78b3|Mawile|Mawilite\n|move|p2a: ku\u78b3|Play Rough|p1a: Volcanion\n|-resisted|p1a: Volcanion\n|-crit|p1a: Volcanion\n|-damage|p1a: Volcanion|48\/100\n|\n|upkeep\n|turn|12\n|\n|t:|1700917467\n|move|p2a: ku\u78b3|Sucker Punch|p1a: Volcanion\n|-damage|p1a: Volcanion|7\/100\n|move|p1a: Volcanion|Steam Eruption|p2a: ku\u78b3\n|-damage|p2a: ku\u78b3|0 fnt\n|faint|p2a: ku\u78b3\n|\n|upkeep\n|\n|t:|1700917474\n|switch|p2a: Tapu Koko|Tapu Koko|66\/100\n|-fieldstart|move: Electric Terrain|[from] ability: Electric Surge|[of] p2a: Tapu Koko\n|turn|13\n|\n|t:|1700917480\n|move|p2a: Tapu Koko|U-turn|p1a: Volcanion\n|-resisted|p1a: Volcanion\n|-damage|p1a: Volcanion|0 fnt\n|faint|p1a: Volcanion\n|\n|t:|1700917484\n|switch|p2a: Iron Valiant|Iron Valiant, tera:Electric|100\/100|[from] U-turn\n|-activate|p2a: Iron Valiant|ability: Quark Drive\n|-start|p2a: Iron Valiant|quarkdrivespe\n|\n|upkeep\n|\n|t:|1700917489\n|switch|p1a: Ogerpon|Ogerpon-Cornerstone, F|100\/100\n|turn|14\n|inactive|zzs20011011 has 120 seconds left.\n|inactive|zzs20011011 has 90 seconds left.\n|\n|t:|1700917558\n|move|p2a: Iron Valiant|Moonblast|p1a: Ogerpon\n|-damage|p1a: Ogerpon|23\/100\n|move|p1a: Ogerpon|Power Whip|p2a: Iron Valiant\n|-damage|p2a: Iron Valiant|15\/100\n|\n|upkeep\n|turn|15\n|inactive|zzs20011011 has 90 seconds left.\n|\n|t:|1700917570\n|switch|p1a: Corviknight|Corviknight, F|100\/100\n|move|p2a: Iron Valiant|Moonblast|p1a: Corviknight\n|-resisted|p1a: Corviknight\n|-damage|p1a: Corviknight|77\/100\n|\n|upkeep\n|turn|16\n|\n|t:|1700917580\n|-end|p2a: Iron Valiant|Quark Drive|[silent]\n|switch|p2a: Heatran|Heatran, F|100\/100\n|move|p1a: Corviknight|U-turn|p2a: Heatran\n|-resisted|p2a: Heatran\n|-damage|p2a: Heatran|98\/100\n|\n|t:|1700917583\n|switch|p1a: Urshifu|Urshifu-Rapid-Strike, F, tera:Water|100\/100|[from] U-turn\n|\n|-heal|p2a: Heatran|100\/100|[from] item: Leftovers\n|upkeep\n|turn|17\n|inactive|zzs20011011 has 90 seconds left.\n|\n|t:|1700917607\n|move|p1a: Urshifu|U-turn|p2a: Heatran\n|-resisted|p2a: Heatran\n|-damage|p2a: Heatran|96\/100\n|\n|t:|1700917614\n|switch|p1a: Corviknight|Corviknight, F|77\/100|[from] U-turn\n|move|p2a: Heatran|Earth Power|p1a: Corviknight\n|-immune|p1a: Corviknight\n|\n|-heal|p2a: Heatran|100\/100|[from] item: Leftovers\n|-fieldend|move: Electric Terrain\n|upkeep\n|turn|18\n|\n|t:|1700917619\n|move|p2a: Heatran|Magma Storm|p1a: Corviknight\n|-supereffective|p1a: Corviknight\n|-damage|p1a: Corviknight|15\/100\n|-activate|p1a: Corviknight|move: Magma Storm|[of] p2a: Heatran\n|move|p1a: Corviknight|U-turn|p2a: Heatran\n|-resisted|p2a: Heatran\n|-damage|p2a: Heatran|97\/100\n|\n|t:|1700917627\n|switch|p1a: Urshifu|Urshifu-Rapid-Strike, F, tera:Water|100\/100|[from] U-turn\n|\n|-heal|p2a: Heatran|100\/100|[from] item: Leftovers\n|upkeep\n|turn|19\n|\n|t:|1700917637\n|move|p1a: Urshifu|Ice Spinner|p2a: Heatran\n|-resisted|p2a: Heatran\n|-damage|p2a: Heatran|95\/100\n|move|p2a: Heatran|Earth Power|p1a: Urshifu\n|-damage|p1a: Urshifu|61\/100\n|\n|-heal|p2a: Heatran|100\/100|[from] item: Leftovers\n|upkeep\n|turn|20\n|\n|t:|1700917656\n|switch|p1a: Toxapex|Toxapex, F|100\/100\n|move|p2a: Heatran|Stealth Rock|p1a: Toxapex\n|-sidestart|p1: Mqwe|move: Stealth Rock\n|\n|upkeep\n|turn|21\n|\n|t:|1700917662\n|move|p2a: Heatran|Earth Power|p1a: Toxapex\n|-supereffective|p1a: Toxapex\n|-damage|p1a: Toxapex|66\/100\n|move|p1a: Toxapex|Scald|p2a: Heatran\n|-supereffective|p2a: Heatran\n|-damage|p2a: Heatran|80\/100\n|\n|-heal|p2a: Heatran|86\/100|[from] item: Leftovers\n|-heal|p1a: Toxapex|73\/100|[from] item: Leftovers\n|upkeep\n|turn|22\n|\n|t:|1700917673\n|move|p2a: Heatran|Magma Storm|p1a: Toxapex\n|-resisted|p1a: Toxapex\n|-damage|p1a: Toxapex|59\/100\n|-activate|p1a: Toxapex|move: Magma Storm|[of] p2a: Heatran\n|move|p1a: Toxapex|Scald|p2a: Heatran\n|-supereffective|p2a: Heatran\n|-damage|p2a: Heatran|67\/100\n|\n|-heal|p2a: Heatran|73\/100|[from] item: Leftovers\n|-heal|p1a: Toxapex|65\/100|[from] item: Leftovers\n|-damage|p1a: Toxapex|53\/100|[from] move: Magma Storm|[partiallytrapped]\n|upkeep\n|turn|23\n|\n|t:|1700917683\n|move|p2a: Heatran|Earth Power|p1a: Toxapex\n|-supereffective|p1a: Toxapex\n|-damage|p1a: Toxapex|19\/100\n|move|p1a: Toxapex|Recover|p1a: Toxapex\n|-heal|p1a: Toxapex|69\/100\n|\n|-heal|p2a: Heatran|79\/100|[from] item: Leftovers\n|-heal|p1a: Toxapex|75\/100|[from] item: Leftovers\n|-damage|p1a: Toxapex|63\/100|[from] move: Magma Storm|[partiallytrapped]\n|upkeep\n|turn|24\n|\n|t:|1700917695\n|move|p2a: Heatran|Earth Power|p1a: Toxapex\n|-supereffective|p1a: Toxapex\n|-damage|p1a: Toxapex|33\/100\n|move|p1a: Toxapex|Recover|p1a: Toxapex\n|-heal|p1a: Toxapex|83\/100\n|\n|-heal|p2a: Heatran|85\/100|[from] item: Leftovers\n|-heal|p1a: Toxapex|89\/100|[from] item: Leftovers\n|-damage|p1a: Toxapex|76\/100|[from] move: Magma Storm|[partiallytrapped]\n|upkeep\n|turn|25\n|\n|t:|1700917704\n|move|p2a: Heatran|Earth Power|p1a: Toxapex\n|-supereffective|p1a: Toxapex\n|-damage|p1a: Toxapex|42\/100\n|move|p1a: Toxapex|Scald|p2a: Heatran\n|-supereffective|p2a: Heatran\n|-damage|p2a: Heatran|64\/100\n|\n|-heal|p2a: Heatran|70\/100|[from] item: Leftovers\n|-heal|p1a: Toxapex|49\/100|[from] item: Leftovers\n|-damage|p1a: Toxapex|36\/100|[from] move: Magma Storm|[partiallytrapped]\n|upkeep\n|turn|26\n|inactive|zzs20011011 has 120 seconds left.\n|\n|t:|1700917715\n|move|p2a: Heatran|Earth Power|p1a: Toxapex\n|-supereffective|p1a: Toxapex\n|-damage|p1a: Toxapex|3\/100\n|move|p1a: Toxapex|Scald|p2a: Heatran\n|-supereffective|p2a: Heatran\n|-damage|p2a: Heatran|47\/100\n|\n|-heal|p2a: Heatran|53\/100|[from] item: Leftovers\n|-heal|p1a: Toxapex|9\/100|[from] item: Leftovers\n|-end|p1a: Toxapex|Magma Storm|[partiallytrapped]\n|upkeep\n|turn|27\n|inactive|zzs20011011 has 120 seconds left.\n|\n|t:|1700917729\n|move|p2a: Heatran|Magma Storm|p1a: Toxapex\n|-resisted|p1a: Toxapex\n|-damage|p1a: Toxapex|0 fnt\n|faint|p1a: Toxapex\n|\n|-heal|p2a: Heatran|59\/100|[from] item: Leftovers\n|upkeep\n|\n|t:|1700917739\n|switch|p1a: Urshifu|Urshifu-Rapid-Strike, F, tera:Water|61\/100\n|-damage|p1a: Urshifu|49\/100|[from] Stealth Rock\n|turn|28\n|\n|t:|1700917748\n|move|p1a: Urshifu|Surging Strikes|p2a: Heatran\n|-supereffective|p2a: Heatran\n|-crit|p2a: Heatran\n|-damage|p2a: Heatran|11\/100\n|-supereffective|p2a: Heatran\n|-crit|p2a: Heatran\n|-damage|p2a: Heatran|0 fnt\n|faint|p2a: Heatran\n|-hitcount|p2: Heatran|2\n|\n|upkeep\n|\n|t:|1700917751\n|switch|p2a: Tapu Koko|Tapu Koko|66\/100\n|-fieldstart|move: Electric Terrain|[from] ability: Electric Surge|[of] p2a: Tapu Koko\n|turn|29\n|\n|t:|1700917762\n|switch|p1a: Ogerpon|Ogerpon-Cornerstone, F|23\/100\n|-damage|p1a: Ogerpon|11\/100|[from] Stealth Rock\n|-zpower|p2a: Tapu Koko\n|move|p2a: Tapu Koko|Gigavolt Havoc|p1a: Ogerpon|[zeffect]\n|-resisted|p1a: Ogerpon\n|-damage|p1a: Ogerpon|0 fnt\n|faint|p1a: Ogerpon\n|\n|upkeep\n|\n|t:|1700917768\n|switch|p1a: Corviknight|Corviknight, F|15\/100\n|-damage|p1a: Corviknight|2\/100|[from] Stealth Rock\n|turn|30\n|\n|t:|1700917779\n|move|p2a: Tapu Koko|U-turn|p1a: Corviknight\n|-resisted|p1a: Corviknight\n|-damage|p1a: Corviknight|0 fnt\n|-damage|p2a: Tapu Koko|50\/100|[from] item: Rocky Helmet|[of] p1a: Corviknight\n|faint|p1a: Corviknight\n|\n|t:|1700917784\n|switch|p2a: Iron Valiant|Iron Valiant, tera:Electric|15\/100|[from] U-turn\n|-activate|p2a: Iron Valiant|ability: Quark Drive\n|-start|p2a: Iron Valiant|quarkdrivespe\n|\n|upkeep\n|-message|Mqwe forfeited.\n|\n|win|zzs20011011\n|raw|Mqwe's rating: 1386 &rarr; <strong>1360<\/strong><br \/>(-26 for losing)\n|raw|zzs20011011's rating: 1277 &rarr; <strong>1310<\/strong><br \/>(+33 for winning)\n|l|\u2606Mqwe\n","uploadtime":1700917810,"views":1,"p1id":"mqwe","p2id":"zzs20011011","formatid":"gen9nationaldex","rating":1310,"private":0,"password":""}