{"id":"gen9nationaldex-1991842735","p1":"GABRIEL_HU","p2":"CappyPulpy","format":"[Gen 9] National Dex","log":"|j|\u2606GABRIEL_HU\n|j|\u2606CappyPulpy\n|t:|1700126993\n|gametype|singles\n|player|p1|GABRIEL_HU|guitarist|1412\n|player|p2|CappyPulpy|170|1434\n|teamsize|p1|6\n|teamsize|p2|6\n|gen|9\n|tier|[Gen 9] National Dex\n|rated|\n|rule|HP Percentage Mod: HP is shown in percentages\n|rule|Endless Battle Clause: Forcing endless battles is banned\n|rule|OHKO Clause: OHKO moves are banned\n|rule|Evasion Clause: Evasion abilities, items, and moves are banned\n|rule|Evasion Abilities Clause: Evasion abilities are banned\n|rule|Evasion Items Clause: Evasion items are banned\n|rule|Evasion Moves Clause: Evasion moves are banned\n|rule|Species Clause: Limit one of each Pok\u00e9mon\n|rule|Sleep Clause Mod: Limit one foe put to sleep\n|clearpoke\n|poke|p1|Garganacl, F|\n|poke|p1|Greninja-*, M|\n|poke|p1|Zapdos|\n|poke|p1|Great Tusk|\n|poke|p1|Heatran, M|\n|poke|p1|Scizor, F|\n|poke|p2|Tyranitar, M|\n|poke|p2|Alomomola, F|\n|poke|p2|Zamazenta-*|\n|poke|p2|Landorus-Therian, M|\n|poke|p2|Kommo-o, F|\n|poke|p2|Aegislash, M|\n|teampreview\n|inactive|Battle timer is ON: inactive players will automatically lose when time's up. (requested by GABRIEL_HU)\n|\n|t:|1700127015\n|start\n|switch|p1a: Great Tusk|Great Tusk|100\/100\n|switch|p2a: Aegislash|Aegislash, M|100\/100\n|turn|1\n|\n|t:|1700127025\n|move|p1a: Great Tusk|Headlong Rush|p2a: Aegislash\n|-supereffective|p2a: Aegislash\n|-damage|p2a: Aegislash|0 fnt\n|-unboost|p1a: Great Tusk|def|1\n|-unboost|p1a: Great Tusk|spd|1\n|faint|p2a: Aegislash\n|\n|upkeep\n|\n|t:|1700127038\n|switch|p2a: Kommo-o|Kommo-o, F|100\/100\n|turn|2\n|\n|t:|1700127043\n|-end|p1a: Great Tusk|Protosynthesis|[silent]\n|switch|p1a: Heatran|Heatran, M|100\/100\n|move|p2a: Kommo-o|Clangorous Soul|p2a: Kommo-o\n|-boost|p2a: Kommo-o|atk|1\n|-boost|p2a: Kommo-o|def|1\n|-boost|p2a: Kommo-o|spa|1\n|-boost|p2a: Kommo-o|spd|1\n|-boost|p2a: Kommo-o|spe|1\n|-damage|p2a: Kommo-o|68\/100\n|-enditem|p2a: Kommo-o|Throat Spray\n|-boost|p2a: Kommo-o|spa|1|[from] item: Throat Spray\n|\n|upkeep\n|turn|3\n|\n|t:|1700127052\n|move|p2a: Kommo-o|Clanging Scales|p1a: Heatran\n|-resisted|p1a: Heatran\n|-damage|p1a: Heatran|72\/100\n|-unboost|p2a: Kommo-o|def|1\n|move|p1a: Heatran|Toxic|p2a: Kommo-o\n|-status|p2a: Kommo-o|tox\n|\n|-damage|p2a: Kommo-o|61\/100 tox|[from] psn\n|upkeep\n|turn|4\n|\n|t:|1700127057\n|-terastallize|p2a: Kommo-o|Normal\n|move|p1a: Heatran|Protect|p1a: Heatran\n|-singleturn|p1a: Heatran|Protect\n|move|p2a: Kommo-o|Boomburst|p1a: Heatran\n|-activate|p1a: Heatran|move: Protect\n|\n|-damage|p2a: Kommo-o|49\/100 tox|[from] psn\n|upkeep\n|turn|5\n|\n|t:|1700127063\n|move|p2a: Kommo-o|Boomburst|p1a: Heatran\n|-resisted|p1a: Heatran\n|-damage|p1a: Heatran|37\/100\n|move|p1a: Heatran|Stealth Rock|p2a: Kommo-o\n|-sidestart|p2: CappyPulpy|move: Stealth Rock\n|\n|-damage|p2a: Kommo-o|30\/100 tox|[from] psn\n|upkeep\n|turn|6\n|\n|t:|1700127066\n|move|p1a: Heatran|Protect|p1a: Heatran\n|-singleturn|p1a: Heatran|Protect\n|move|p2a: Kommo-o|Boomburst|p1a: Heatran\n|-activate|p1a: Heatran|move: Protect\n|\n|-damage|p2a: Kommo-o|6\/100 tox|[from] psn\n|upkeep\n|turn|7\n|\n|t:|1700127075\n|move|p1a: Heatran|Protect||[still]\n|-fail|p1a: Heatran\n|move|p2a: Kommo-o|Boomburst|p1a: Heatran\n|-resisted|p1a: Heatran\n|-damage|p1a: Heatran|0 fnt\n|faint|p1a: Heatran\n|\n|-damage|p2a: Kommo-o|0 fnt|[from] psn\n|faint|p2a: Kommo-o\n|upkeep\n|\n|t:|1700127083\n|switch|p2a: Tyranitar|Tyranitar, M|100\/100\n|switch|p1a: Great Tusk|Great Tusk|100\/100\n|-damage|p2a: Tyranitar|88\/100|[from] Stealth Rock\n|-weather|Sandstorm|[from] ability: Sand Stream|[of] p2a: Tyranitar\n|turn|8\n|\n|t:|1700127090\n|switch|p2a: Landorus|Landorus-Therian, M|100\/100\n|-damage|p2a: Landorus|88\/100|[from] Stealth Rock\n|-ability|p2a: Landorus|Intimidate|boost\n|-unboost|p1a: Great Tusk|atk|1\n|move|p1a: Great Tusk|Close Combat|p2a: Landorus\n|-resisted|p2a: Landorus\n|-damage|p2a: Landorus|65\/100\n|-unboost|p1a: Great Tusk|def|1\n|-unboost|p1a: Great Tusk|spd|1\n|\n|-weather|Sandstorm|[upkeep]\n|upkeep\n|turn|9\n|\n|t:|1700127093\n|move|p2a: Landorus|Defog|p1a: Great Tusk\n|-unboost|p1a: Great Tusk|evasion|1\n|-sideend|p2: CappyPulpy|Stealth Rock|[from] move: Defog|[of] p2a: Landorus\n|-zpower|p1a: Great Tusk\n|move|p1a: Great Tusk|Subzero Slammer|p2a: Landorus|[zeffect]\n|-supereffective|p2a: Landorus\n|-damage|p2a: Landorus|0 fnt\n|faint|p2a: Landorus\n|\n|-weather|Sandstorm|[upkeep]\n|upkeep\n|\n|t:|1700127096\n|switch|p2a: Zamazenta|Zamazenta|100\/100\n|-ability|p2a: Zamazenta|Dauntless Shield|boost\n|-boost|p2a: Zamazenta|def|1\n|turn|10\n|\n|t:|1700127100\n|-end|p1a: Great Tusk|Protosynthesis|[silent]\n|switch|p1a: Zapdos|Zapdos|100\/100\n|move|p2a: Zamazenta|Close Combat|p1a: Zapdos\n|-resisted|p1a: Zapdos\n|-damage|p1a: Zapdos|67\/100\n|-unboost|p2a: Zamazenta|def|1\n|-unboost|p2a: Zamazenta|spd|1\n|\n|-weather|Sandstorm|[upkeep]\n|-damage|p2a: Zamazenta|94\/100|[from] Sandstorm\n|-damage|p1a: Zapdos|61\/100|[from] Sandstorm\n|upkeep\n|turn|11\n|\n|t:|1700127106\n|switch|p2a: Tyranitar|Tyranitar, M|88\/100\n|move|p1a: Zapdos|Roost|p1a: Zapdos\n|-heal|p1a: Zapdos|100\/100\n|-singleturn|p1a: Zapdos|move: Roost\n|\n|-weather|Sandstorm|[upkeep]\n|-damage|p1a: Zapdos|94\/100|[from] Sandstorm\n|upkeep\n|turn|12\n|\n|t:|1700127110\n|detailschange|p2a: Tyranitar|Tyranitar-Mega, M\n|-mega|p2a: Tyranitar|Tyranitar|Tyranitarite\n|move|p1a: Zapdos|U-turn|p2a: Tyranitar\n|-supereffective|p2a: Tyranitar\n|-damage|p2a: Tyranitar|72\/100\n|\n|t:|1700127114\n|switch|p1a: Great Tusk|Great Tusk|100\/100|[from] U-turn\n|move|p2a: Tyranitar|Knock Off|p1a: Great Tusk\n|-resisted|p1a: Great Tusk\n|-damage|p1a: Great Tusk|85\/100\n|\n|-weather|none\n|upkeep\n|turn|13\n|\n|t:|1700127125\n|switch|p2a: Zamazenta|Zamazenta|94\/100\n|move|p1a: Great Tusk|Rapid Spin|p2a: Zamazenta\n|-damage|p2a: Zamazenta|76\/100\n|-boost|p1a: Great Tusk|spe|1\n|\n|upkeep\n|turn|14\n|\n|t:|1700127133\n|-end|p1a: Great Tusk|Protosynthesis|[silent]\n|switch|p1a: Zapdos|Zapdos|94\/100\n|move|p2a: Zamazenta|Ice Fang|p1a: Zapdos\n|-supereffective|p1a: Zapdos\n|-damage|p1a: Zapdos|52\/100\n|\n|upkeep\n|turn|15\n|\n|t:|1700127137\n|move|p2a: Zamazenta|Ice Fang|p1a: Zapdos\n|-supereffective|p1a: Zapdos\n|-damage|p1a: Zapdos|4\/100\n|cant|p1a: Zapdos|flinch\n|\n|upkeep\n|turn|16\n|\n|t:|1700127140\n|switch|p1a: Greninja|Greninja, M|100\/100\n|move|p2a: Zamazenta|Ice Fang|p1a: Greninja\n|-resisted|p1a: Greninja\n|-damage|p1a: Greninja|74\/100\n|\n|upkeep\n|turn|17\n|\n|t:|1700127144\n|switch|p2a: Alomomola|Alomomola, F|100\/100\n|move|p1a: Greninja|Surf|p2a: Alomomola\n|-resisted|p2a: Alomomola\n|-damage|p2a: Alomomola|68\/100\n|-damage|p1a: Greninja|64\/100|[from] item: Life Orb\n|\n|-heal|p2a: Alomomola|74\/100|[from] item: Leftovers\n|upkeep\n|turn|18\n|\n|t:|1700127151\n|move|p1a: Greninja|Dark Pulse|p2a: Alomomola\n|-damage|p2a: Alomomola|15\/100\n|-damage|p1a: Greninja|55\/100|[from] item: Life Orb\n|move|p2a: Alomomola|Flip Turn|p1a: Greninja\n|-resisted|p1a: Greninja\n|-damage|p1a: Greninja|43\/100\n|\n|t:|1700127154\n|switch|p2a: Zamazenta|Zamazenta|76\/100|[from] Flip Turn\n|\n|upkeep\n|turn|19\n|\n|t:|1700127159\n|switch|p1a: Garganacl|Garganacl, F, shiny|100\/100\n|move|p2a: Zamazenta|Close Combat|p1a: Garganacl\n|-supereffective|p1a: Garganacl\n|-damage|p1a: Garganacl|0 fnt\n|-unboost|p2a: Zamazenta|def|1\n|-unboost|p2a: Zamazenta|spd|1\n|faint|p1a: Garganacl\n|\n|upkeep\n|\n|t:|1700127162\n|switch|p1a: Great Tusk|Great Tusk|85\/100\n|turn|20\n|\n|t:|1700127167\n|move|p2a: Zamazenta|Close Combat|p1a: Great Tusk\n|-damage|p1a: Great Tusk|19\/100\n|-unboost|p2a: Zamazenta|def|1\n|-unboost|p2a: Zamazenta|spd|1\n|move|p1a: Great Tusk|Rapid Spin|p2a: Zamazenta\n|-damage|p2a: Zamazenta|41\/100\n|-boost|p1a: Great Tusk|spe|1\n|\n|upkeep\n|turn|21\n|\n|t:|1700127171\n|move|p1a: Great Tusk|Headlong Rush|p2a: Zamazenta\n|-damage|p2a: Zamazenta|0 fnt\n|-unboost|p1a: Great Tusk|def|1\n|-unboost|p1a: Great Tusk|spd|1\n|faint|p2a: Zamazenta\n|\n|upkeep\n|-message|CappyPulpy forfeited.\n|\n|win|GABRIEL_HU\n|raw|GABRIEL_HU's rating: 1412 &rarr; <strong>1433<\/strong><br \/>(+21 for winning)\n|raw|CappyPulpy's rating: 1434 &rarr; <strong>1413<\/strong><br \/>(-21 for losing)\n|l|\u2606CappyPulpy\n","uploadtime":1700127180,"views":4,"p1id":"gabrielhu","p2id":"cappypulpy","formatid":"gen9nationaldex","rating":1413,"private":0,"password":""}