{"id":"gen9nationaldex-1998790425","p1":"BenBekigu","p2":"bzjnb2333","format":"[Gen 9] National Dex","log":"|html|<div class=\"broadcast-blue\"><strong>[Gen 9] National Dex is currently suspecting Sneasler! For information on how to participate check out the <a href=\"https:\/\/www.smogon.com\/forums\/threads\/sv-national-dex-suspect-8-just-dance.3731534\/\">suspect thread<\/a>.<\/strong><\/div>\n|j|\u2606BenBekigu\n|j|\u2606bzjnb2333\n|t:|1700991490\n|gametype|singles\n|player|p1|BenBekigu|shauntal|1192\n|player|p2|bzjnb2333|red|1207\n|teamsize|p1|6\n|teamsize|p2|6\n|gen|9\n|tier|[Gen 9] National Dex\n|rated|\n|rule|HP Percentage Mod: HP is shown in percentages\n|rule|Endless Battle Clause: Forcing endless battles is banned\n|rule|OHKO Clause: OHKO moves are banned\n|rule|Evasion Clause: Evasion abilities, items, and moves are banned\n|rule|Evasion Abilities Clause: Evasion abilities are banned\n|rule|Evasion Items Clause: Evasion items are banned\n|rule|Evasion Moves Clause: Evasion moves are banned\n|rule|Species Clause: Limit one of each Pok\u00e9mon\n|rule|Sleep Clause Mod: Limit one foe put to sleep\n|clearpoke\n|poke|p1|Swampert, M|\n|poke|p1|Ferrothorn, F|\n|poke|p1|Pelipper, F|\n|poke|p1|Chansey, F|\n|poke|p1|Hatterene, F|\n|poke|p1|Ogerpon-Wellspring, F|\n|poke|p2|Meganium, F|\n|poke|p2|Garchomp, F|\n|poke|p2|Scizor, F|\n|poke|p2|Swampert, M|\n|poke|p2|Zapdos|\n|poke|p2|Tapu Lele|\n|teampreview\n|inactive|Battle timer is ON: inactive players will automatically lose when time's up. (requested by bzjnb2333)\n|\n|t:|1700991514\n|start\n|switch|p1a: Pelipper|Pelipper, F|100\/100\n|switch|p2a: Zapdos|Zapdos, shiny|100\/100\n|-weather|RainDance|[from] ability: Drizzle|[of] p1a: Pelipper\n|turn|1\n|\n|t:|1700991524\n|switch|p1a: Chansey|Chansey, F|100\/100\n|move|p2a: Zapdos|Discharge|p1a: Chansey\n|-damage|p1a: Chansey|87\/100\n|\n|-weather|RainDance|[upkeep]\n|upkeep\n|turn|2\n|\n|t:|1700991534\n|move|p2a: Zapdos|Volt Switch|p1a: Chansey\n|-damage|p1a: Chansey|75\/100\n|\n|t:|1700991541\n|switch|p2a: Tapu Lele|Tapu Lele|100\/100|[from] Volt Switch\n|-fieldstart|move: Psychic Terrain|[from] ability: Psychic Surge|[of] p2a: Tapu Lele\n|move|p1a: Chansey|Chilling Water|p2a: Tapu Lele\n|-damage|p2a: Tapu Lele|92\/100\n|-unboost|p2a: Tapu Lele|atk|1\n|\n|-weather|RainDance|[upkeep]\n|upkeep\n|turn|3\n|\n|t:|1700991551\n|move|p2a: Tapu Lele|Psyshock|p1a: Chansey\n|-damage|p1a: Chansey|25\/100\n|move|p1a: Chansey|Chilling Water|p2a: Tapu Lele\n|-damage|p2a: Tapu Lele|82\/100\n|-unboost|p2a: Tapu Lele|atk|1\n|\n|-weather|RainDance|[upkeep]\n|upkeep\n|turn|4\n|\n|t:|1700991557\n|move|p2a: Tapu Lele|Psyshock|p1a: Chansey\n|-damage|p1a: Chansey|0 fnt\n|faint|p1a: Chansey\n|\n|-weather|RainDance|[upkeep]\n|upkeep\n|\n|t:|1700991560\n|switch|p1a: Swampert|Swampert, M|100\/100\n|turn|5\n|\n|t:|1700991569\n|switch|p2a: Meganium|Meganium, F, shiny|100\/100\n|detailschange|p1a: Swampert|Swampert-Mega, M\n|-mega|p1a: Swampert|Swampert|Swampertite\n|move|p1a: Swampert|Liquidation|p2a: Meganium\n|-resisted|p2a: Meganium\n|-damage|p2a: Meganium|52\/100\n|\n|-weather|RainDance|[upkeep]\n|upkeep\n|turn|6\n|\n|t:|1700991581\n|switch|p2a: Scizor|Scizor, F|100\/100\n|move|p1a: Swampert|Flip Turn|p2a: Scizor\n|-damage|p2a: Scizor|49\/100\n|\n|t:|1700991588\n|switch|p1a: Ferrothorn|Ferrothorn, F|100\/100|[from] Flip Turn\n|\n|-weather|RainDance|[upkeep]\n|-fieldend|move: Psychic Terrain\n|upkeep\n|turn|7\n|\n|t:|1700991596\n|detailschange|p2a: Scizor|Scizor-Mega, F\n|-mega|p2a: Scizor|Scizor|Scizorite\n|move|p2a: Scizor|Roost|p2a: Scizor\n|-heal|p2a: Scizor|99\/100\n|-singleturn|p2a: Scizor|move: Roost\n|move|p1a: Ferrothorn|Stealth Rock|p2a: Scizor\n|-sidestart|p2: bzjnb2333|move: Stealth Rock\n|\n|-weather|RainDance|[upkeep]\n|upkeep\n|turn|8\n|\n|t:|1700991602\n|move|p2a: Scizor|U-turn|p1a: Ferrothorn\n|-damage|p1a: Ferrothorn|79\/100\n|-damage|p2a: Scizor|87\/100|[from] ability: Iron Barbs|[of] p1a: Ferrothorn\n|\n|t:|1700991612\n|switch|p2a: Tapu Lele|Tapu Lele|82\/100|[from] U-turn\n|-damage|p2a: Tapu Lele|70\/100|[from] Stealth Rock\n|-fieldstart|move: Psychic Terrain|[from] ability: Psychic Surge|[of] p2a: Tapu Lele\n|move|p1a: Ferrothorn|Leech Seed|p2a: Tapu Lele\n|-start|p2a: Tapu Lele|move: Leech Seed\n|\n|-weather|none\n|-heal|p1a: Ferrothorn|85\/100|[from] item: Leftovers\n|-damage|p2a: Tapu Lele|57\/100|[from] Leech Seed|[of] p1a: Ferrothorn\n|-heal|p1a: Ferrothorn|95\/100|[silent]\n|upkeep\n|turn|9\n|\n|t:|1700991618\n|-terastallize|p2a: Tapu Lele|Psychic\n|move|p2a: Tapu Lele|Psychic|p1a: Ferrothorn\n|-resisted|p1a: Ferrothorn\n|-damage|p1a: Ferrothorn|43\/100\n|move|p1a: Ferrothorn|Spikes|p2a: Tapu Lele\n|-sidestart|p2: bzjnb2333|Spikes\n|\n|-heal|p1a: Ferrothorn|50\/100|[from] item: Leftovers\n|-damage|p2a: Tapu Lele|45\/100|[from] Leech Seed|[of] p1a: Ferrothorn\n|-heal|p1a: Ferrothorn|60\/100|[silent]\n|upkeep\n|turn|10\n|\n|t:|1700991626\n|move|p2a: Tapu Lele|Psychic|p1a: Ferrothorn\n|-resisted|p1a: Ferrothorn\n|-damage|p1a: Ferrothorn|6\/100\n|move|p1a: Ferrothorn|Spikes|p2a: Tapu Lele\n|-sidestart|p2: bzjnb2333|Spikes\n|\n|-heal|p1a: Ferrothorn|12\/100|[from] item: Leftovers\n|-damage|p2a: Tapu Lele|33\/100|[from] Leech Seed|[of] p1a: Ferrothorn\n|-heal|p1a: Ferrothorn|22\/100|[silent]\n|upkeep\n|turn|11\n|\n|t:|1700991638\n|switch|p2a: Zapdos|Zapdos, shiny|100\/100\n|move|p1a: Ferrothorn|Spikes|p2a: Zapdos\n|-sidestart|p2: bzjnb2333|Spikes\n|\n|-heal|p1a: Ferrothorn|29\/100|[from] item: Leftovers\n|upkeep\n|turn|12\n|\n|t:|1700991644\n|move|p2a: Zapdos|Heat Wave|p1a: Ferrothorn\n|-supereffective|p1a: Ferrothorn\n|-damage|p1a: Ferrothorn|0 fnt\n|faint|p1a: Ferrothorn\n|\n|-fieldend|move: Psychic Terrain\n|upkeep\n|\n|t:|1700991647\n|switch|p1a: Pelipper|Pelipper, F|100\/100\n|-weather|RainDance|[from] ability: Drizzle|[of] p1a: Pelipper\n|turn|13\n|\n|t:|1700991656\n|move|p2a: Zapdos|Volt Switch|p1a: Pelipper\n|-supereffective|p1a: Pelipper\n|-damage|p1a: Pelipper|0 fnt\n|faint|p1a: Pelipper\n|\n|t:|1700991663\n|switch|p2a: Meganium|Meganium, F, shiny|52\/100|[from] Volt Switch\n|-damage|p2a: Meganium|39\/100|[from] Stealth Rock\n|-damage|p2a: Meganium|14\/100|[from] Spikes\n|\n|-weather|RainDance|[upkeep]\n|upkeep\n|\n|t:|1700991667\n|switch|p1a: Swampert|Swampert-Mega, M|100\/100\n|turn|14\n|\n|t:|1700991676\n|move|p1a: Swampert|Ice Punch|p2a: Meganium\n|-supereffective|p2a: Meganium\n|-damage|p2a: Meganium|0 fnt\n|faint|p2a: Meganium\n|\n|-weather|RainDance|[upkeep]\n|upkeep\n|\n|t:|1700991683\n|switch|p2a: Tapu Lele|Tapu Lele, tera:Psychic|33\/100\n|-damage|p2a: Tapu Lele|20\/100|[from] Stealth Rock\n|-damage|p2a: Tapu Lele|0 fnt|[from] Spikes\n|faint|p2a: Tapu Lele\n|\n|t:|1700991687\n|switch|p2a: Swampert|Swampert, M|100\/100\n|-damage|p2a: Swampert|94\/100|[from] Stealth Rock\n|-damage|p2a: Swampert|69\/100|[from] Spikes\n|turn|15\n|\n|t:|1700991691\n|move|p1a: Swampert|Liquidation|p2a: Swampert\n|-damage|p2a: Swampert|0 fnt\n|faint|p2a: Swampert\n|\n|-weather|RainDance|[upkeep]\n|upkeep\n|\n|t:|1700991695\n|switch|p2a: Garchomp|Garchomp, F, shiny|100\/100\n|-damage|p2a: Garchomp|94\/100|[from] Stealth Rock\n|-damage|p2a: Garchomp|69\/100|[from] Spikes\n|turn|16\n|\n|t:|1700991701\n|move|p1a: Swampert|Ice Punch|p2a: Garchomp\n|-supereffective|p2a: Garchomp\n|-damage|p2a: Garchomp|0 fnt\n|-damage|p1a: Swampert|88\/100|[from] ability: Rough Skin|[of] p2a: Garchomp\n|faint|p2a: Garchomp\n|\n|-weather|RainDance|[upkeep]\n|upkeep\n|\n|t:|1700991704\n|switch|p2a: Scizor|Scizor-Mega, F|87\/100\n|-damage|p2a: Scizor|74\/100|[from] Stealth Rock\n|-damage|p2a: Scizor|49\/100|[from] Spikes\n|turn|17\n|\n|t:|1700991708\n|move|p1a: Swampert|Liquidation|p2a: Scizor\n|-damage|p2a: Scizor|0 fnt\n|faint|p2a: Scizor\n|\n|-weather|RainDance|[upkeep]\n|upkeep\n|-message|bzjnb2333 forfeited.\n|\n|win|BenBekigu\n|raw|BenBekigu's rating: 1192 &rarr; <strong>1218<\/strong><br \/>(+26 for winning)\n|raw|bzjnb2333's rating: 1207 &rarr; <strong>1181<\/strong><br \/>(-26 for losing)\n|l|\u2606bzjnb2333\n","uploadtime":1700991718,"views":1,"p1id":"benbekigu","p2id":"bzjnb2333","formatid":"gen9nationaldex","rating":1181,"private":0,"password":""}