{"id":"gen9nationaldex-1988833030","p1":"billmhar","p2":"Foulest","format":"[Gen 9] National Dex","log":"|j|\u2606billmhar\n|j|\u2606Foulest\n|t:|1699770166\n|gametype|singles\n|player|p1|billmhar|ash-sinnoh|1137\n|player|p2|Foulest|102|1225\n|teamsize|p1|6\n|teamsize|p2|6\n|gen|9\n|tier|[Gen 9] National Dex\n|rated|\n|rule|HP Percentage Mod: HP is shown in percentages\n|rule|Endless Battle Clause: Forcing endless battles is banned\n|rule|OHKO Clause: OHKO moves are banned\n|rule|Evasion Clause: Evasion abilities, items, and moves are banned\n|rule|Evasion Abilities Clause: Evasion abilities are banned\n|rule|Evasion Items Clause: Evasion items are banned\n|rule|Evasion Moves Clause: Evasion moves are banned\n|rule|Species Clause: Limit one of each Pok\u00e9mon\n|rule|Sleep Clause Mod: Limit one foe put to sleep\n|clearpoke\n|poke|p1|Samurott-Hisui, M|\n|poke|p1|Hawlucha, M|\n|poke|p1|Vikavolt, F|\n|poke|p1|Gliscor, F|\n|poke|p1|Alomomola, M|\n|poke|p1|Maushold-Four|\n|poke|p2|Azelf|\n|poke|p2|Ferrothorn, M|\n|poke|p2|Gastrodon, M|\n|poke|p2|Linoone, F|\n|poke|p2|Aerodactyl, M|\n|poke|p2|Volcanion|\n|teampreview\n|inactive|Battle timer is ON: inactive players will automatically lose when time's up. (requested by Foulest)\n|\n|t:|1699770183\n|start\n|switch|p1a: Maushold|Maushold-Four|100\/100\n|switch|p2a: Ferrothorn|Ferrothorn, M, shiny|100\/100\n|turn|1\n|\n|t:|1699770192\n|move|p1a: Maushold|Tidy Up|p1a: Maushold\n|-boost|p1a: Maushold|atk|1\n|-boost|p1a: Maushold|spe|1\n|move|p2a: Ferrothorn|Stealth Rock|p1a: Maushold\n|-sidestart|p1: billmhar|move: Stealth Rock\n|\n|upkeep\n|turn|2\n|\n|t:|1699770200\n|move|p1a: Maushold|Low Kick|p2a: Ferrothorn\n|-supereffective|p2a: Ferrothorn\n|-damage|p2a: Ferrothorn|46\/100\n|-damage|p1a: Maushold|88\/100|[from] ability: Iron Barbs|[of] p2a: Ferrothorn\n|move|p2a: Ferrothorn|Gyro Ball|p1a: Maushold\n|-damage|p1a: Maushold|16\/100\n|\n|-heal|p2a: Ferrothorn|52\/100|[from] item: Leftovers\n|upkeep\n|turn|3\n|\n|t:|1699770210\n|move|p1a: Maushold|Low Kick|p2a: Ferrothorn\n|-supereffective|p2a: Ferrothorn\n|-damage|p2a: Ferrothorn|0 fnt\n|-damage|p1a: Maushold|3\/100|[from] ability: Iron Barbs|[of] p2a: Ferrothorn\n|faint|p2a: Ferrothorn\n|\n|upkeep\n|\n|t:|1699770214\n|switch|p2a: Linoone|Linoone, F|100\/100\n|turn|4\n|\n|t:|1699770232\n|move|p2a: Linoone|Extreme Speed|p1a: Maushold\n|-damage|p1a: Maushold|0 fnt\n|faint|p1a: Maushold\n|\n|upkeep\n|\n|t:|1699770249\n|switch|p1a: SWEEP|Hawlucha, M, shiny|100\/100\n|-damage|p1a: SWEEP|88\/100|[from] Stealth Rock\n|turn|5\n|\n|t:|1699770259\n|switch|p2a: Azelf|Azelf, shiny|100\/100\n|move|p1a: SWEEP|Endure||[still]\n|-fail|p1a: SWEEP\n|\n|upkeep\n|turn|6\n|\n|t:|1699770265\n|move|p1a: SWEEP|Endure|p1a: SWEEP\n|-singleturn|p1a: SWEEP|move: Endure\n|move|p2a: Azelf|Psychic|p1a: SWEEP\n|-supereffective|p1a: SWEEP\n|-activate|p1a: SWEEP|move: Endure\n|-damage|p1a: SWEEP|1\/100\n|-enditem|p1a: SWEEP|Liechi Berry|[eat]\n|-boost|p1a: SWEEP|atk|1|[from] item: Liechi Berry\n|\n|upkeep\n|turn|7\n|\n|t:|1699770275\n|move|p1a: SWEEP|Acrobatics|p2a: Azelf\n|-enditem|p2a: Azelf|Focus Sash\n|-damage|p2a: Azelf|1\/100\n|move|p2a: Azelf|Psychic|p1a: SWEEP\n|-supereffective|p1a: SWEEP\n|-damage|p1a: SWEEP|0 fnt\n|faint|p1a: SWEEP\n|\n|upkeep\n|\n|t:|1699770301\n|switch|p1a: Government|Samurott-Hisui, M|100\/100\n|-damage|p1a: Government|88\/100|[from] Stealth Rock\n|turn|8\n|\n|t:|1699770312\n|move|p2a: Azelf|Grass Knot|p1a: Government\n|-supereffective|p1a: Government\n|-damage|p1a: Government|9\/100\n|move|p1a: Government|Ceaseless Edge|p2a: Azelf\n|-supereffective|p2a: Azelf\n|-damage|p2a: Azelf|0 fnt\n|-sidestart|p2: Foulest|Spikes\n|faint|p2a: Azelf\n|\n|upkeep\n|\n|t:|1699770319\n|switch|p2a: Linoone|Linoone, F|100\/100\n|-damage|p2a: Linoone|88\/100|[from] Spikes\n|turn|9\n|\n|t:|1699770329\n|switch|p1a: Gliscor|Gliscor, F|100\/100\n|-damage|p1a: Gliscor|88\/100|[from] Stealth Rock\n|move|p2a: Linoone|Extreme Speed|p1a: Gliscor\n|-damage|p1a: Gliscor|65\/100\n|\n|-status|p1a: Gliscor|tox|[from] item: Toxic Orb\n|upkeep\n|turn|10\n|\n|t:|1699770339\n|move|p2a: Linoone|Belly Drum|p2a: Linoone\n|-damage|p2a: Linoone|38\/100\n|-setboost|p2a: Linoone|atk|6|[from] move: Belly Drum\n|-enditem|p2a: Linoone|Aguav Berry|[eat]\n|-heal|p2a: Linoone|71\/100|[from] item: Aguav Berry\n|move|p1a: Gliscor|Toxic|p2a: Linoone\n|-status|p2a: Linoone|tox\n|\n|-damage|p2a: Linoone|65\/100 tox|[from] psn\n|-heal|p1a: Gliscor|78\/100 tox|[from] ability: Poison Heal\n|upkeep\n|turn|11\n|\n|t:|1699770352\n|move|p1a: Gliscor|Protect|p1a: Gliscor\n|-singleturn|p1a: Gliscor|Protect\n|move|p2a: Linoone|Extreme Speed|p1a: Gliscor\n|-activate|p1a: Gliscor|move: Protect\n|\n|-damage|p2a: Linoone|53\/100 tox|[from] psn\n|-heal|p1a: Gliscor|90\/100 tox|[from] ability: Poison Heal\n|upkeep\n|turn|12\n|\n|t:|1699770364\n|move|p2a: Linoone|Extreme Speed|p1a: Gliscor\n|-damage|p1a: Gliscor|0 fnt\n|faint|p1a: Gliscor\n|\n|-damage|p2a: Linoone|35\/100 tox|[from] psn\n|upkeep\n|inactive|billmhar has 120 seconds left.\n|\n|t:|1699770386\n|switch|p1a: Vikavolt|Vikavolt, F, shiny|100\/100\n|-damage|p1a: Vikavolt|76\/100|[from] Stealth Rock\n|turn|13\n|\n|t:|1699770391\n|switch|p1a: Government|Samurott-Hisui, M|9\/100\n|-damage|p1a: Government|0 fnt|[from] Stealth Rock\n|faint|p1a: Government\n|move|p2a: Linoone|Extreme Speed|p1: Government|[notarget]\n|-fail|p2a: Linoone\n|\n|-damage|p2a: Linoone|11\/100 tox|[from] psn\n|upkeep\n|inactive|billmhar has 120 seconds left.\n|\n|t:|1699770403\n|switch|p1a: Vikavolt|Vikavolt, F, shiny|76\/100\n|-damage|p1a: Vikavolt|51\/100|[from] Stealth Rock\n|turn|14\n|\n|t:|1699770412\n|move|p2a: Linoone|Extreme Speed|p1a: Vikavolt\n|-damage|p1a: Vikavolt|0 fnt\n|faint|p1a: Vikavolt\n|\n|-damage|p2a: Linoone|0 fnt|[from] psn\n|faint|p2a: Linoone\n|upkeep\n|\n|t:|1699770419\n|switch|p2a: Gastrodon|Gastrodon, M|100\/100\n|switch|p1a: Alomomola|Alomomola, M|100\/100\n|-damage|p1a: Alomomola|88\/100|[from] Stealth Rock\n|-damage|p2a: Gastrodon|88\/100|[from] Spikes\n|turn|15\n|\n|t:|1699770436\n|move|p1a: Alomomola|Knock Off|p2a: Gastrodon\n|-damage|p2a: Gastrodon|75\/100\n|-enditem|p2a: Gastrodon|Leftovers|[from] move: Knock Off|[of] p1a: Alomomola\n|move|p2a: Gastrodon|Toxic|p1a: Alomomola\n|-status|p1a: Alomomola|tox\n|\n|-damage|p1a: Alomomola|82\/100 tox|[from] psn\n|upkeep\n|turn|16\n|-message|billmhar forfeited.\n|\n|win|Foulest\n|raw|billmhar's rating: 1137 &rarr; <strong>1118<\/strong><br \/>(-19 for losing)\n|raw|Foulest's rating: 1225 &rarr; <strong>1244<\/strong><br \/>(+19 for winning)\n|l|\u2606billmhar\n","uploadtime":1699770461,"views":9,"p1id":"billmhar","p2id":"foulest","formatid":"gen9nationaldex","rating":1118,"private":0,"password":""}