{"id":"gen9nationaldex-1990849748","p1":"painstendo","p2":"gglao4","format":"[Gen 9] National Dex","log":"|j|\u2606painstendo\n|j|\u2606gglao4\n|t:|1700007381\n|gametype|singles\n|player|p1|painstendo|bede|1595\n|player|p2|gglao4|170|1591\n|teamsize|p1|6\n|teamsize|p2|6\n|gen|9\n|tier|[Gen 9] National Dex\n|rated|\n|rule|HP Percentage Mod: HP is shown in percentages\n|rule|Endless Battle Clause: Forcing endless battles is banned\n|rule|OHKO Clause: OHKO moves are banned\n|rule|Evasion Clause: Evasion abilities, items, and moves are banned\n|rule|Evasion Abilities Clause: Evasion abilities are banned\n|rule|Evasion Items Clause: Evasion items are banned\n|rule|Evasion Moves Clause: Evasion moves are banned\n|rule|Species Clause: Limit one of each Pok\u00e9mon\n|rule|Sleep Clause Mod: Limit one foe put to sleep\n|clearpoke\n|poke|p1|Sneasler, M|\n|poke|p1|Scizor, F|\n|poke|p1|Zamazenta-*|\n|poke|p1|Hatterene, F|\n|poke|p1|Greninja-*, M|\n|poke|p1|Tapu Koko|\n|poke|p2|Alomomola, F|\n|poke|p2|Zamazenta-*|\n|poke|p2|Ditto|\n|poke|p2|Victini|\n|poke|p2|Gliscor, F|\n|poke|p2|Goodra-Hisui, F|\n|teampreview\n|inactive|Battle timer is ON: inactive players will automatically lose when time's up. (requested by painstendo)\n|\n|t:|1700007389\n|start\n|switch|p1a: XMAN|Sneasler, M|100\/100\n|switch|p2a: Victini|Victini|100\/100\n|turn|1\n|\n|t:|1700007399\n|move|p1a: XMAN|Fake Out|p2a: Victini\n|-damage|p2a: Victini|86\/100\n|-status|p2a: Victini|psn|[from] ability: Poison Touch|[of] p1a: XMAN\n|cant|p2a: Victini|flinch\n|\n|-damage|p2a: Victini|74\/100 psn|[from] psn\n|upkeep\n|turn|2\n|\n|t:|1700007404\n|move|p2a: Victini|V-create|p1a: XMAN\n|-damage|p1a: XMAN|0 fnt\n|-unboost|p2a: Victini|spe|1\n|-unboost|p2a: Victini|def|1\n|-unboost|p2a: Victini|spd|1\n|faint|p1a: XMAN\n|\n|-damage|p2a: Victini|62\/100 psn|[from] psn\n|upkeep\n|\n|t:|1700007411\n|switch|p1a: BIG BODY|Zamazenta|100\/100\n|-ability|p1a: BIG BODY|Dauntless Shield|boost\n|-boost|p1a: BIG BODY|def|1\n|turn|3\n|\n|t:|1700007420\n|switch|p2a: Gliscor|Gliscor, F|100\/100\n|move|p1a: BIG BODY|Iron Defense|p1a: BIG BODY\n|-boost|p1a: BIG BODY|def|2\n|\n|-status|p2a: Gliscor|tox|[from] item: Toxic Orb\n|upkeep\n|turn|4\n|\n|t:|1700007426\n|move|p1a: BIG BODY|Iron Defense|p1a: BIG BODY\n|-boost|p1a: BIG BODY|def|2\n|move|p2a: Gliscor|Toxic|p1a: BIG BODY\n|-status|p1a: BIG BODY|tox\n|\n|-damage|p1a: BIG BODY|94\/100 tox|[from] psn\n|upkeep\n|turn|5\n|\n|t:|1700007436\n|move|p1a: BIG BODY|Iron Defense|p1a: BIG BODY\n|-boost|p1a: BIG BODY|def|1\n|move|p2a: Gliscor|Earthquake|p1a: BIG BODY\n|-damage|p1a: BIG BODY|87\/100 tox\n|\n|-heal|p1a: BIG BODY|94\/100 tox|[from] item: Leftovers\n|-damage|p1a: BIG BODY|81\/100 tox|[from] psn\n|upkeep\n|turn|6\n|j| JerryCharmander\n|\n|t:|1700007446\n|move|p1a: BIG BODY|Body Press|p2a: Gliscor\n|-resisted|p2a: Gliscor\n|-damage|p2a: Gliscor|55\/100 tox\n|move|p2a: Gliscor|U-turn|p1a: BIG BODY\n|-resisted|p1a: BIG BODY\n|-damage|p1a: BIG BODY|80\/100 tox\n|\n|t:|1700007452\n|switch|p2a: Ditto|Ditto|100\/100|[from] U-turn\n|-transform|p2a: Ditto|p1a: BIG BODY|[from] ability: Imposter\n|\n|-heal|p1a: BIG BODY|86\/100 tox|[from] item: Leftovers\n|-damage|p1a: BIG BODY|67\/100 tox|[from] psn\n|upkeep\n|turn|7\n|\n|t:|1700007464\n|move|p2a: Ditto|Body Press|p1a: BIG BODY\n|-damage|p1a: BIG BODY|44\/100 tox\n|move|p1a: BIG BODY|Rest|p1a: BIG BODY\n|-status|p1a: BIG BODY|slp|[from] move: Rest\n|-heal|p1a: BIG BODY|100\/100 slp|[silent]\n|\n|upkeep\n|turn|8\n|\n|t:|1700007469\n|move|p2a: Ditto|Body Press|p1a: BIG BODY\n|-damage|p1a: BIG BODY|76\/100 slp\n|cant|p1a: BIG BODY|slp\n|\n|-heal|p1a: BIG BODY|82\/100 slp|[from] item: Leftovers\n|upkeep\n|turn|9\n|\n|t:|1700007471\n|move|p2a: Ditto|Body Press|p1a: BIG BODY\n|-damage|p1a: BIG BODY|57\/100 slp\n|cant|p1a: BIG BODY|slp\n|\n|-heal|p1a: BIG BODY|64\/100 slp|[from] item: Leftovers\n|upkeep\n|turn|10\n|\n|t:|1700007474\n|move|p2a: Ditto|Body Press|p1a: BIG BODY\n|-damage|p1a: BIG BODY|38\/100 slp\n|-curestatus|p1a: BIG BODY|slp|[msg]\n|move|p1a: BIG BODY|Body Press|p2a: Ditto\n|-damage|p2a: Ditto|68\/100\n|\n|-heal|p1a: BIG BODY|44\/100|[from] item: Leftovers\n|upkeep\n|turn|11\n|\n|t:|1700007477\n|move|p2a: Ditto|Body Press|p1a: BIG BODY\n|-damage|p1a: BIG BODY|19\/100\n|move|p1a: BIG BODY|Rest|p1a: BIG BODY\n|-status|p1a: BIG BODY|slp|[from] move: Rest\n|-heal|p1a: BIG BODY|100\/100 slp|[silent]\n|\n|upkeep\n|turn|12\n|\n|t:|1700007481\n|switch|p2a: Gliscor|Gliscor, F|55\/100 tox\n|cant|p1a: BIG BODY|slp\n|\n|-heal|p2a: Gliscor|68\/100 tox|[from] ability: Poison Heal\n|upkeep\n|turn|13\n|\n|t:|1700007484\n|cant|p1a: BIG BODY|slp\n|move|p2a: Gliscor|U-turn|p1a: BIG BODY\n|-resisted|p1a: BIG BODY\n|-damage|p1a: BIG BODY|99\/100 slp\n|\n|t:|1700007489\n|switch|p2a: Ditto|Ditto|68\/100|[from] U-turn\n|-transform|p2a: Ditto|p1a: BIG BODY|[from] ability: Imposter\n|\n|-heal|p1a: BIG BODY|100\/100 slp|[from] item: Leftovers\n|upkeep\n|turn|14\n|\n|t:|1700007492\n|move|p2a: Ditto|Body Press|p1a: BIG BODY\n|-damage|p1a: BIG BODY|77\/100 slp\n|-curestatus|p1a: BIG BODY|slp|[msg]\n|move|p1a: BIG BODY|Body Press|p2a: Ditto\n|-damage|p2a: Ditto|38\/100\n|\n|-heal|p1a: BIG BODY|83\/100|[from] item: Leftovers\n|upkeep\n|turn|15\n|\n|t:|1700007495\n|move|p2a: Ditto|Body Press|p1a: BIG BODY\n|-damage|p1a: BIG BODY|57\/100\n|move|p1a: BIG BODY|Body Press|p2a: Ditto\n|-damage|p2a: Ditto|8\/100\n|\n|-heal|p1a: BIG BODY|63\/100|[from] item: Leftovers\n|upkeep\n|turn|16\n|\n|t:|1700007501\n|switch|p2a: Gliscor|Gliscor, F|68\/100 tox\n|move|p1a: BIG BODY|Body Press|p2a: Gliscor\n|-resisted|p2a: Gliscor\n|-damage|p2a: Gliscor|18\/100 tox\n|\n|-heal|p1a: BIG BODY|69\/100|[from] item: Leftovers\n|-heal|p2a: Gliscor|31\/100 tox|[from] ability: Poison Heal\n|upkeep\n|turn|17\n|\n|t:|1700007509\n|move|p1a: BIG BODY|Body Press|p2a: Gliscor\n|-resisted|p2a: Gliscor\n|-damage|p2a: Gliscor|0 fnt\n|faint|p2a: Gliscor\n|\n|-heal|p1a: BIG BODY|75\/100|[from] item: Leftovers\n|upkeep\n|\n|t:|1700007515\n|switch|p2a: Goodra|Goodra-Hisui, F|100\/100\n|turn|18\n|\n|t:|1700007518\n|-terastallize|p2a: Goodra|Flying\n|move|p1a: BIG BODY|Body Press|p2a: Goodra\n|-resisted|p2a: Goodra\n|-damage|p2a: Goodra|45\/100\n|move|p2a: Goodra|Draco Meteor|p1a: BIG BODY\n|-damage|p1a: BIG BODY|23\/100\n|-unboost|p2a: Goodra|spa|2\n|\n|-heal|p1a: BIG BODY|29\/100|[from] item: Leftovers\n|upkeep\n|turn|19\n|\n|t:|1700007525\n|move|p1a: BIG BODY|Body Press|p2a: Goodra\n|-resisted|p2a: Goodra\n|-damage|p2a: Goodra|0 fnt\n|faint|p2a: Goodra\n|\n|-heal|p1a: BIG BODY|35\/100|[from] item: Leftovers\n|upkeep\n|-message|gglao4 forfeited.\n|\n|win|painstendo\n|raw|painstendo's rating: 1595 &rarr; <strong>1615<\/strong><br \/>(+20 for winning)\n|raw|gglao4's rating: 1591 &rarr; <strong>1571<\/strong><br \/>(-20 for losing)\n|l|\u2606gglao4\n","uploadtime":1700007568,"views":4,"p1id":"painstendo","p2id":"gglao4","formatid":"gen9nationaldex","rating":1571,"private":0,"password":""}