{"id":"gen9nationaldex-1987237424","p1":"Kybushi","p2":"Sinful Ky","format":"[Gen 9] National Dex","log":"|j|\u2606Kybushi\n|j|\u2606Sinful Ky\n|inactive|Battle timer is ON: inactive players will automatically lose when time's up.\n|t:|1699568173\n|gametype|singles\n|player|p1|Kybushi|pokemonbreederf|\n|player|p2|Sinful Ky|may-masters|\n|teamsize|p1|6\n|teamsize|p2|6\n|gen|9\n|tier|[Gen 9] National Dex\n|rated|Tournament battle\n|rule|HP Percentage Mod: HP is shown in percentages\n|rule|Endless Battle Clause: Forcing endless battles is banned\n|rule|OHKO Clause: OHKO moves are banned\n|rule|Evasion Clause: Evasion abilities, items, and moves are banned\n|rule|Evasion Abilities Clause: Evasion abilities are banned\n|rule|Evasion Items Clause: Evasion items are banned\n|rule|Evasion Moves Clause: Evasion moves are banned\n|rule|Species Clause: Limit one of each Pok\u00e9mon\n|rule|Sleep Clause Mod: Limit one foe put to sleep\n|clearpoke\n|poke|p1|Kilowattrel, M|\n|poke|p1|Great Tusk|\n|poke|p1|Heatran, M|\n|poke|p1|Slowking, F|\n|poke|p1|Scizor, M|\n|poke|p1|Ogerpon-Wellspring, F|\n|poke|p2|Clodsire, F|\n|poke|p2|Ogerpon, F|\n|poke|p2|Magnezone|\n|poke|p2|Dondozo, F|\n|poke|p2|Gliscor, F|\n|poke|p2|Slowking, M|\n|teampreview\n|inactive|Kybushi also wants the timer to be on.\n|c|\u2606Sinful Ky|uh\n|c|\u2606Sinful Ky|my gf called me mb\n|\n|t:|1699568191\n|start\n|switch|p1a: Kilowattrel|Kilowattrel, M|100\/100\n|switch|p2a: new tech!|Gliscor, F, shiny|100\/100\n|turn|1\n|c|\u2606Kybushi|what am I supposed to call this team\n|\n|t:|1699568205\n|move|p1a: Kilowattrel|Hurricane|p2a: new tech!\n|-damage|p2a: new tech!|33\/100\n|move|p2a: new tech!|Stealth Rock|p1a: Kilowattrel\n|-sidestart|p1: Kybushi|move: Stealth Rock\n|\n|-status|p2a: new tech!|tox|[from] item: Toxic Orb\n|upkeep\n|turn|2\n|\n|t:|1699568209\n|move|p2a: new tech!|Protect|p2a: new tech!\n|-singleturn|p2a: new tech!|Protect\n|move|p1a: Kilowattrel|Hurricane|p2a: new tech!\n|-activate|p2a: new tech!|move: Protect\n|\n|-heal|p2a: new tech!|45\/100 tox|[from] ability: Poison Heal\n|upkeep\n|turn|3\n|j| ForeverWing\n|inactive|Sinful Ky has 120 seconds left.\n|c|\u2606Sinful Ky|not mine\n|\n|t:|1699568257\n|switch|p2a: Slide for KAY|Magnezone|100\/100\n|move|p1a: Kilowattrel|Tailwind|p1a: Kilowattrel\n|-sidestart|p1: Kybushi|move: Tailwind\n|-start|p1a: Kilowattrel|Charge|Tailwind|[from] ability: Wind Power\n|\n|upkeep\n|turn|4\n|\n|t:|1699568262\n|move|p1a: Kilowattrel|Volt Switch|p2a: Slide for KAY\n|-resisted|p2a: Slide for KAY\n|-damage|p2a: Slide for KAY|57\/100\n|-end|p1a: Kilowattrel|Charge|[silent]\n|\n|t:|1699568272\n|switch|p1a: Scizor|Scizor, M|100\/100|[from] Volt Switch\n|-damage|p1a: Scizor|88\/100|[from] Stealth Rock\n|move|p2a: Slide for KAY|Flash Cannon|p1a: Scizor\n|-resisted|p1a: Scizor\n|-damage|p1a: Scizor|49\/100\n|\n|upkeep\n|turn|5\n|j| Toxic Ariados\n|inactive|Sinful Ky has 120 seconds left.\n|\n|t:|1699568286\n|switch|p2a: Bulldozer|Dondozo, F|100\/100\n|detailschange|p1a: Scizor|Scizor-Mega, M\n|-mega|p1a: Scizor|Scizor|Scizorite\n|move|p1a: Scizor|Close Combat|p2a: Bulldozer\n|-damage|p2a: Bulldozer|78\/100\n|-unboost|p1a: Scizor|def|1\n|-unboost|p1a: Scizor|spd|1\n|\n|upkeep\n|turn|6\n|\n|t:|1699568293\n|switch|p1a: Kilowattrel|Kilowattrel, M|100\/100\n|switch|p2a: new tech!|Gliscor, F, shiny|45\/100 tox\n|\n|-heal|p2a: new tech!|58\/100 tox|[from] ability: Poison Heal\n|-sideend|p1: Kybushi|move: Tailwind\n|upkeep\n|turn|7\n|\n|t:|1699568299\n|move|p1a: Kilowattrel|Hurricane|p2a: new tech!\n|-crit|p2a: new tech!\n|-damage|p2a: new tech!|0 fnt\n|faint|p2a: new tech!\n|\n|upkeep\n|c|\u2606Sinful Ky|crazy\n|c|\u2606Kybushi|killowat\n|\n|t:|1699568318\n|switch|p2a: Slide for KAY|Magnezone|57\/100\n|turn|8\n|\n|t:|1699568322\n|move|p1a: Kilowattrel|Volt Switch|p2a: Slide for KAY\n|-resisted|p2a: Slide for KAY\n|-damage|p2a: Slide for KAY|33\/100\n|\n|t:|1699568325\n|switch|p1a: Heatran|Heatran, M|100\/100|[from] Volt Switch\n|-damage|p1a: Heatran|88\/100|[from] Stealth Rock\n|move|p2a: Slide for KAY|Flash Cannon|p1a: Heatran\n|-resisted|p1a: Heatran\n|-damage|p1a: Heatran|78\/100\n|\n|-heal|p1a: Heatran|84\/100|[from] item: Leftovers\n|upkeep\n|turn|9\n|j| jkljlkh\n|\n|t:|1699568331\n|switch|p2a: uh..|Slowking, M|100\/100\n|move|p1a: Heatran|Magma Storm|p2a: uh..|[miss]\n|-miss|p1a: Heatran|p2a: uh..\n|\n|-heal|p1a: Heatran|91\/100|[from] item: Leftovers\n|upkeep\n|turn|10\n|c|\u2606Kybushi|shooteb\n|\n|t:|1699568338\n|switch|p1a: Ogerpon|Ogerpon-Wellspring, F|100\/100\n|-damage|p1a: Ogerpon|88\/100|[from] Stealth Rock\n|move|p2a: uh..|Future Sight|p1a: Ogerpon\n|-start|p2a: uh..|move: Future Sight\n|\n|upkeep\n|turn|11\n|\n|t:|1699568344\n|move|p1a: Ogerpon|Swords Dance|p1a: Ogerpon\n|-boost|p1a: Ogerpon|atk|2\n|move|p2a: uh..|Chilly Reception|p2a: uh..\n|-weather|Snow\n|\n|t:|1699568348\n|switch|p2a: Imperial Circus|Ogerpon, F|100\/100|[from] Chilly Reception\n|\n|-weather|Snow|[upkeep]\n|upkeep\n|turn|12\n|\n|t:|1699568366\n|switch|p1a: Scizor|Scizor-Mega, M|49\/100\n|-damage|p1a: Scizor|36\/100|[from] Stealth Rock\n|-terastallize|p2a: Imperial Circus|Grass\n|detailschange|p2a: Imperial Circus|Ogerpon-Teal-Tera, F, tera:Grass\n|-ability|p2a: Imperial Circus|Embody Aspect (Teal)|boost\n|-boost|p2a: Imperial Circus|spe|1\n|move|p2a: Imperial Circus|U-turn|p1a: Scizor\n|-resisted|p1a: Scizor\n|-damage|p1a: Scizor|28\/100\n|\n|t:|1699568371\n|switch|p2a: uh..|Slowking, M|100\/100|[from] U-turn\n|\n|-weather|Snow|[upkeep]\n|-end|p1a: Scizor|move: Future Sight\n|-resisted|p1a: Scizor\n|-damage|p1a: Scizor|7\/100\n|upkeep\n|turn|13\n|\n|t:|1699568378\n|move|p1a: Scizor|Dual Wingbeat|p2a: uh..\n|-damage|p2a: uh..|72\/100\n|-damage|p2a: uh..|48\/100\n|-hitcount|p2a: uh..|2\n|move|p2a: uh..|Future Sight|p1a: Scizor\n|-start|p2a: uh..|move: Future Sight\n|\n|-weather|Snow|[upkeep]\n|upkeep\n|turn|14\n|\n|t:|1699568384\n|switch|p2a: Slide for KAY|Magnezone|33\/100\n|move|p1a: Scizor|Dual Wingbeat|p2a: Slide for KAY\n|-resisted|p2a: Slide for KAY\n|-damage|p2a: Slide for KAY|27\/100\n|-resisted|p2a: Slide for KAY\n|-damage|p2a: Slide for KAY|20\/100\n|-hitcount|p2a: Slide for KAY|2\n|\n|-weather|Snow|[upkeep]\n|upkeep\n|turn|15\n|\n|t:|1699568391\n|move|p2a: Slide for KAY|Volt Switch|p1a: Scizor\n|-damage|p1a: Scizor|0 fnt\n|faint|p1a: Scizor\n|\n|t:|1699568395\n|switch|p2a: uh..|Slowking, M|81\/100|[from] Volt Switch\n|\n|-weather|none\n|-hint|Future Sight did not hit because the target is fainted.\n|upkeep\n|\n|t:|1699568397\n|switch|p1a: Kilowattrel|Kilowattrel, M|100\/100\n|turn|16\n|c|\u2606Kybushi|hey!\n|c|\u2606Kybushi|its me\n|c|\u2606Kybushi|kilowattrel\n|\n|t:|1699568412\n|move|p1a: Kilowattrel|Tailwind|p1a: Kilowattrel\n|-sidestart|p1: Kybushi|move: Tailwind\n|-start|p1a: Kilowattrel|Charge|Tailwind|[from] ability: Wind Power\n|move|p2a: uh..|Future Sight|p1a: Kilowattrel\n|-start|p2a: uh..|move: Future Sight\n|\n|upkeep\n|turn|17\n|c| ForeverWing|\ud83d\udc80\n|\n|t:|1699568423\n|switch|p2a: desire|Clodsire, F|100\/100\n|move|p1a: Kilowattrel|Volt Switch|p2a: desire\n|-immune|p2a: desire\n|-end|p1a: Kilowattrel|Charge|[silent]\n|\n|upkeep\n|turn|18\n|c|\u2606Kybushi|I heard you werent a ground type\n|c|\u2606Kybushi|flipping a coin\n|c|\u2606Kybushi|do I sac Kilowat\n|\n|t:|1699568449\n|switch|p1a: Slowking|Slowking, F|100\/100\n|move|p2a: desire|Poison Jab|p1a: Slowking\n|-damage|p1a: Slowking|77\/100\n|\n|-end|p1a: Slowking|move: Future Sight\n|-resisted|p1a: Slowking\n|-damage|p1a: Slowking|66\/100\n|upkeep\n|turn|19\n|\n|t:|1699568457\n|switch|p2a: Slide for KAY|Magnezone|20\/100\n|move|p1a: Slowking|Future Sight|p2a: Slide for KAY\n|-start|p1a: Slowking|move: Future Sight\n|\n|-sideend|p1: Kybushi|move: Tailwind\n|upkeep\n|turn|20\n|\n|t:|1699568463\n|switch|p1a: Great Tusk|Great Tusk|100\/100\n|move|p2a: Slide for KAY|Flash Cannon|p1a: Great Tusk\n|-damage|p1a: Great Tusk|5\/100\n|\n|upkeep\n|turn|21\n|c|\u2606Sinful Ky|what is this kid yappin bout bro\n|\n|t:|1699568476\n|switch|p2a: Imperial Circus|Ogerpon-Teal-Tera, F, tera:Grass|100\/100\n|-ability|p2a: Imperial Circus|Embody Aspect (Teal)|boost\n|-boost|p2a: Imperial Circus|spe|1\n|move|p1a: Great Tusk|Headlong Rush|p2a: Imperial Circus\n|-resisted|p2a: Imperial Circus\n|-damage|p2a: Imperial Circus|56\/100\n|-unboost|p1a: Great Tusk|def|1\n|-unboost|p1a: Great Tusk|spd|1\n|\n|-end|p2a: Imperial Circus|move: Future Sight\n|-damage|p2a: Imperial Circus|6\/100\n|upkeep\n|turn|22\n|c|\u2606Kybushi|bored\n|\n|t:|1699568489\n|-end|p1a: Great Tusk|Protosynthesis|[silent]\n|switch|p1a: Heatran|Heatran, M|91\/100\n|-damage|p1a: Heatran|78\/100|[from] Stealth Rock\n|move|p2a: Imperial Circus|U-turn|p1a: Heatran\n|-resisted|p1a: Heatran\n|-damage|p1a: Heatran|73\/100\n|c|\u2606Sinful Ky|whoops\n|c|\u2606Sinful Ky|i forgot he clicked site\n|\n|t:|1699568496\n|switch|p2a: Slide for KAY|Magnezone|20\/100|[from] U-turn\n|\n|-heal|p1a: Heatran|79\/100|[from] item: Leftovers\n|upkeep\n|turn|23\n|\n|t:|1699568507\n|move|p2a: Slide for KAY|Thunderbolt|p1a: Heatran\n|-damage|p1a: Heatran|35\/100\n|move|p1a: Heatran|Magma Storm|p2a: Slide for KAY\n|-supereffective|p2a: Slide for KAY\n|-damage|p2a: Slide for KAY|0 fnt\n|faint|p2a: Slide for KAY\n|\n|-heal|p1a: Heatran|42\/100|[from] item: Leftovers\n|upkeep\n|\n|t:|1699568514\n|switch|p2a: uh..|Slowking, M|100\/100\n|turn|24\n|\n|t:|1699568524\n|move|p1a: Heatran|Stealth Rock|p2a: uh..\n|-sidestart|p2: Sinful Ky|move: Stealth Rock\n|move|p2a: uh..|Future Sight|p1a: Heatran\n|-start|p2a: uh..|move: Future Sight\n|\n|-heal|p1a: Heatran|48\/100|[from] item: Leftovers\n|upkeep\n|turn|25\n|\n|t:|1699568537\n|switch|p1a: Slowking|Slowking, F|99\/100\n|move|p2a: uh..|Chilly Reception|p2a: uh..\n|-weather|Snow\n|\n|t:|1699568541\n|switch|p2a: Imperial Circus|Ogerpon-Teal-Tera, F, tera:Grass|6\/100|[from] Chilly Reception\n|-ability|p2a: Imperial Circus|Embody Aspect (Teal)|boost\n|-boost|p2a: Imperial Circus|spe|1\n|\n|-weather|Snow|[upkeep]\n|upkeep\n|turn|26\n|c|\u2606Sinful Ky|jokes on u buckaroo\n|\n|t:|1699568559\n|switch|p1a: Great Tusk|Great Tusk|5\/100\n|move|p2a: Imperial Circus|U-turn|p1a: Great Tusk\n|-resisted|p1a: Great Tusk\n|-damage|p1a: Great Tusk|0 fnt\n|faint|p1a: Great Tusk\n|-end|p1a: Great Tusk|Protosynthesis|[silent]\n|\n|t:|1699568568\n|switch|p2a: uh..|Slowking, M|100\/100|[from] U-turn\n|\n|-weather|Snow|[upkeep]\n|-hint|Future Sight did not hit because the target is fainted.\n|upkeep\n|\n|t:|1699568572\n|switch|p1a: Kilowattrel|Kilowattrel, M|100\/100\n|turn|27\n|\n|t:|1699568576\n|move|p1a: Kilowattrel|Tailwind|p1a: Kilowattrel\n|-sidestart|p1: Kybushi|move: Tailwind\n|-start|p1a: Kilowattrel|Charge|Tailwind|[from] ability: Wind Power\n|move|p2a: uh..|Future Sight|p1a: Kilowattrel\n|-start|p2a: uh..|move: Future Sight\n|\n|-weather|Snow|[upkeep]\n|upkeep\n|turn|28\n|\n|t:|1699568579\n|switch|p2a: desire|Clodsire, F|100\/100\n|move|p1a: Kilowattrel|Hurricane|p2a: desire|[miss]\n|-miss|p1a: Kilowattrel|p2a: desire\n|\n|-weather|Snow|[upkeep]\n|upkeep\n|turn|29\n|\n|t:|1699568596\n|switch|p1a: Slowking|Slowking, F|100\/100\n|switch|p2a: Imperial Circus|Ogerpon-Teal-Tera, F, tera:Grass|6\/100\n|-ability|p2a: Imperial Circus|Embody Aspect (Teal)|boost\n|-boost|p2a: Imperial Circus|spe|1\n|\n|-weather|none\n|-end|p1a: Slowking|move: Future Sight\n|-resisted|p1a: Slowking\n|-damage|p1a: Slowking|88\/100\n|upkeep\n|turn|30\n|\n|t:|1699568608\n|-terastallize|p1a: Slowking|Fairy\n|move|p2a: Imperial Circus|Ivy Cudgel|p1a: Slowking\n|-damage|p1a: Slowking|20\/100\n|move|p1a: Slowking|Future Sight|p2a: Imperial Circus\n|-start|p1a: Slowking|move: Future Sight\n|\n|-sideend|p1: Kybushi|move: Tailwind\n|upkeep\n|turn|31\n|\n|t:|1699568615\n|switch|p1a: Heatran|Heatran, M|48\/100\n|-damage|p1a: Heatran|35\/100|[from] Stealth Rock\n|move|p2a: Imperial Circus|U-turn|p1a: Heatran\n|-resisted|p1a: Heatran\n|-damage|p1a: Heatran|31\/100\n|c|\u2606Sinful Ky|uh oh\n|\n|t:|1699568621\n|switch|p2a: uh..|Slowking, M|100\/100|[from] U-turn\n|\n|-heal|p1a: Heatran|37\/100|[from] item: Leftovers\n|upkeep\n|turn|32\n|\n|t:|1699568627\n|move|p1a: Heatran|Magma Storm|p2a: uh..\n|-resisted|p2a: uh..\n|-damage|p2a: uh..|87\/100\n|-activate|p2a: uh..|move: Magma Storm|[of] p1a: Heatran\n|move|p2a: uh..|Future Sight|p1a: Heatran\n|-start|p2a: uh..|move: Future Sight\n|\n|-end|p2a: uh..|move: Future Sight\n|-resisted|p2a: uh..\n|-damage|p2a: uh..|74\/100\n|-heal|p1a: Heatran|43\/100|[from] item: Leftovers\n|-damage|p2a: uh..|62\/100|[from] move: Magma Storm|[partiallytrapped]\n|upkeep\n|turn|33\n|\n|t:|1699568635\n|move|p1a: Heatran|Earth Power|p2a: uh..\n|-damage|p2a: uh..|46\/100\n|move|p2a: uh..|Slack Off|p2a: uh..\n|-heal|p2a: uh..|96\/100\n|\n|-heal|p1a: Heatran|49\/100|[from] item: Leftovers\n|-damage|p2a: uh..|83\/100|[from] move: Magma Storm|[partiallytrapped]\n|upkeep\n|turn|34\n|\n|t:|1699568643\n|move|p1a: Heatran|Taunt|p2a: uh..\n|-start|p2a: uh..|move: Taunt\n|move|p2a: uh..|Scald|p1a: Heatran\n|-supereffective|p1a: Heatran\n|-damage|p1a: Heatran|15\/100\n|\n|-end|p1a: Heatran|move: Future Sight\n|-resisted|p1a: Heatran\n|-damage|p1a: Heatran|2\/100\n|-heal|p1a: Heatran|9\/100|[from] item: Leftovers\n|-damage|p2a: uh..|71\/100|[from] move: Magma Storm|[partiallytrapped]\n|upkeep\n|turn|35\n|\n|t:|1699568649\n|switch|p1a: Ogerpon|Ogerpon-Wellspring, F|88\/100\n|-damage|p1a: Ogerpon|76\/100|[from] Stealth Rock\n|move|p2a: uh..|Future Sight|p1a: Ogerpon\n|-start|p2a: uh..|move: Future Sight\n|\n|-end|p2a: uh..|Magma Storm|[partiallytrapped]|[silent]\n|upkeep\n|turn|36\n|\n|t:|1699568657\n|switch|p2a: Bulldozer|Dondozo, F|78\/100\n|move|p1a: Ogerpon|Power Whip|p2a: Bulldozer\n|-supereffective|p2a: Bulldozer\n|-damage|p2a: Bulldozer|17\/100\n|\n|upkeep\n|turn|37\n|\n|t:|1699568664\n|move|p1a: Ogerpon|Power Whip|p2a: Bulldozer\n|-supereffective|p2a: Bulldozer\n|-damage|p2a: Bulldozer|0 fnt\n|faint|p2a: Bulldozer\n|\n|-end|p1a: Ogerpon|move: Future Sight\n|-damage|p1a: Ogerpon|30\/100\n|upkeep\n|c|\u2606Sinful Ky|and\n|c|\u2606Sinful Ky|thats\n|c|\u2606Sinful Ky|gg i thinl\n|c|\u2606Kybushi|yup\n|\n|t:|1699568690\n|switch|p2a: Imperial Circus|Ogerpon-Teal-Tera, F, tera:Grass|6\/100\n|-ability|p2a: Imperial Circus|Embody Aspect (Teal)|boost\n|-boost|p2a: Imperial Circus|spe|1\n|turn|38\n|\n|t:|1699568700\n|move|p2a: Imperial Circus|U-turn|p1a: Ogerpon\n|-supereffective|p1a: Ogerpon\n|-damage|p1a: Ogerpon|0 fnt\n|faint|p1a: Ogerpon\n|\n|t:|1699568706\n|switch|p2a: desire|Clodsire, F|100\/100|[from] U-turn\n|\n|upkeep\n|\n|t:|1699568709\n|switch|p1a: Slowking|Slowking, F, tera:Fairy|54\/100\n|turn|39\n|\n|t:|1699568712\n|move|p2a: desire|Earthquake|p1a: Slowking\n|-damage|p1a: Slowking|24\/100\n|move|p1a: Slowking|Future Sight|p2a: desire\n|-start|p1a: Slowking|move: Future Sight\n|\n|upkeep\n|turn|40\n|\n|t:|1699568718\n|switch|p2a: uh..|Slowking, M|100\/100\n|move|p1a: Slowking|Slack Off|p1a: Slowking\n|-heal|p1a: Slowking|74\/100\n|\n|upkeep\n|turn|41\n|\n|t:|1699568721\n|move|p2a: uh..|Future Sight|p1a: Slowking\n|-start|p2a: uh..|move: Future Sight\n|move|p1a: Slowking|Teleport|p1a: Slowking\n|\n|t:|1699568723\n|switch|p1a: Kilowattrel|Kilowattrel, M|100\/100|[from] Teleport\n|\n|-end|p2a: uh..|move: Future Sight\n|-resisted|p2a: uh..\n|-damage|p2a: uh..|89\/100\n|upkeep\n|turn|42\n|\n|t:|1699568730\n|move|p1a: Kilowattrel|Volt Switch|p2a: uh..\n|-supereffective|p2a: uh..\n|-crit|p2a: uh..\n|-damage|p2a: uh..|28\/100\n|c|\u2606Sinful Ky|brazy hit\n|\n|t:|1699568741\n|switch|p1a: Heatran|Heatran, M|9\/100|[from] Volt Switch\n|-damage|p1a: Heatran|0 fnt|[from] Stealth Rock\n|faint|p1a: Heatran\n|move|p2a: uh..|Scald|p1: Heatran|[notarget]\n|-fail|p2a: uh..\n|\n|upkeep\n|\n|t:|1699568758\n|switch|p1a: Kilowattrel|Kilowattrel, M|100\/100\n|turn|43\n|\n|t:|1699568761\n|switch|p2a: desire|Clodsire, F|100\/100\n|move|p1a: Kilowattrel|Volt Switch|p2a: desire\n|-immune|p2a: desire\n|\n|-end|p1a: Kilowattrel|move: Future Sight\n|-damage|p1a: Kilowattrel|26\/100\n|upkeep\n|turn|44\n|\n|t:|1699568765\n|move|p1a: Kilowattrel|Hurricane|p2a: desire\n|-crit|p2a: desire\n|-damage|p2a: desire|60\/100\n|move|p2a: desire|Poison Jab|p1a: Kilowattrel\n|-damage|p1a: Kilowattrel|0 fnt\n|faint|p1a: Kilowattrel\n|\n|upkeep\n|\n|t:|1699568770\n|switch|p1a: Slowking|Slowking, F, tera:Fairy|100\/100\n|turn|45\n|c|\u2606Sinful Ky|he crit too\n|c|\u2606Kybushi|yep\n|c|\u2606Kybushi|gg\n|\n|t:|1699568774\n|move|p2a: desire|Poison Jab|p1a: Slowking\n|-supereffective|p1a: Slowking\n|-damage|p1a: Slowking|53\/100\n|move|p1a: Slowking|Future Sight|p2a: desire\n|-start|p1a: Slowking|move: Future Sight\n|\n|upkeep\n|turn|46\n|\n|t:|1699568780\n|move|p2a: desire|Poison Jab|p1a: Slowking\n|-supereffective|p1a: Slowking\n|-damage|p1a: Slowking|11\/100\n|-status|p1a: Slowking|psn\n|move|p1a: Slowking|Scald|p2a: desire\n|-supereffective|p2a: desire\n|-damage|p2a: desire|29\/100\n|\n|-damage|p1a: Slowking|0 fnt|[from] psn\n|faint|p1a: Slowking\n|\n|win|Sinful Ky\n|upkeep\n|n|\u2606Kybushi|kybushi\n|n|\u2606Sinful Ky|sinfulky\n|n| ForeverWing|foreverwing\n|n| Toxic Ariados|toxicariados\n|n| jkljlkh|jkljlkh\n|l| ForeverWing\n|l|\u2606Sinful Ky\n|l| Toxic Ariados\n|l|\u2606Kybushi\n","uploadtime":1699568844,"views":6,"p1id":"kybushi","p2id":"sinfulky","formatid":"gen9nationaldex","rating":0,"private":0,"password":""}