{"id":"gen9nationaldex-1988942457","p1":"MrGoddessli","p2":"yanein","format":"[Gen 9] National Dex","log":"|j|\u2606MrGoddessli\n|j|\u2606yanein\n|t:|1699791957\n|gametype|singles\n|player|p1|MrGoddessli|iris-gen5bw2|1487\n|player|p2|yanein|cynthia-gen4|1442\n|teamsize|p1|6\n|teamsize|p2|6\n|gen|9\n|tier|[Gen 9] National Dex\n|rated|\n|rule|HP Percentage Mod: HP is shown in percentages\n|rule|Endless Battle Clause: Forcing endless battles is banned\n|rule|OHKO Clause: OHKO moves are banned\n|rule|Evasion Clause: Evasion abilities, items, and moves are banned\n|rule|Evasion Abilities Clause: Evasion abilities are banned\n|rule|Evasion Items Clause: Evasion items are banned\n|rule|Evasion Moves Clause: Evasion moves are banned\n|rule|Species Clause: Limit one of each Pok\u00e9mon\n|rule|Sleep Clause Mod: Limit one foe put to sleep\n|clearpoke\n|poke|p1|Ninetales-Alola, F|\n|poke|p1|Rillaboom, M|\n|poke|p1|Greninja-*, M|\n|poke|p1|Volcarona, F|\n|poke|p1|Blaziken, F|\n|poke|p1|Kommo-o, M|\n|poke|p2|Charizard, M|\n|poke|p2|Ogerpon-Wellspring, F|\n|poke|p2|Iron Moth|\n|poke|p2|Great Tusk|\n|poke|p2|Tapu Lele|\n|poke|p2|Rotom-Wash|\n|teampreview\n|inactive|Battle timer is ON: inactive players will automatically lose when time's up. (requested by yanein)\n|\n|t:|1699791968\n|start\n|switch|p1a: Kommo-o|Kommo-o, M|100\/100\n|switch|p2a: Rotom|Rotom-Wash|100\/100\n|turn|1\n|\n|t:|1699791979\n|-zpower|p1a: Kommo-o\n|move|p1a: Kommo-o|Clangorous Soulblaze|p2a: Rotom|[zeffect]\n|-damage|p2a: Rotom|3\/100\n|-boost|p1a: Kommo-o|atk|1\n|-boost|p1a: Kommo-o|def|1\n|-boost|p1a: Kommo-o|spa|1\n|-boost|p1a: Kommo-o|spd|1\n|-boost|p1a: Kommo-o|spe|1\n|move|p2a: Rotom|Volt Switch|p1a: Kommo-o\n|-resisted|p1a: Kommo-o\n|-damage|p1a: Kommo-o|88\/100\n|\n|t:|1699791995\n|switch|p2a: Tapu Lele|Tapu Lele|100\/100|[from] Volt Switch\n|-fieldstart|move: Psychic Terrain|[from] ability: Psychic Surge|[of] p2a: Tapu Lele\n|\n|upkeep\n|turn|2\n|\n|t:|1699792000\n|move|p2a: Tapu Lele|Moonblast|p1a: Kommo-o\n|-supereffective|p1a: Kommo-o\n|-crit|p1a: Kommo-o\n|-damage|p1a: Kommo-o|0 fnt\n|faint|p1a: Kommo-o\n|\n|upkeep\n|\n|t:|1699792019\n|switch|p1a: Volcarona|Volcarona, F, shiny|100\/100\n|turn|3\n|\n|t:|1699792027\n|switch|p2a: Ogerpon|Ogerpon-Wellspring, F|100\/100\n|move|p1a: Volcarona|Quiver Dance|p1a: Volcarona\n|-boost|p1a: Volcarona|spa|1\n|-boost|p1a: Volcarona|spd|1\n|-boost|p1a: Volcarona|spe|1\n|\n|upkeep\n|turn|4\n|\n|t:|1699792035\n|-terastallize|p1a: Volcarona|Grass\n|move|p1a: Volcarona|Giga Drain|p2a: Ogerpon\n|-damage|p2a: Ogerpon|25\/100\n|move|p2a: Ogerpon|U-turn|p1a: Volcarona\n|-supereffective|p1a: Volcarona\n|-damage|p1a: Volcarona|19\/100\n|\n|t:|1699792042\n|switch|p2a: Tapu Lele|Tapu Lele|100\/100|[from] U-turn\n|\n|upkeep\n|turn|5\n|\n|t:|1699792046\n|move|p2a: Tapu Lele|Psyshock|p1a: Volcarona\n|-damage|p1a: Volcarona|0 fnt\n|faint|p1a: Volcarona\n|\n|-fieldend|move: Psychic Terrain\n|upkeep\n|\n|t:|1699792064\n|switch|p1a: Rillaboom|Rillaboom, M, shiny|100\/100\n|-fieldstart|move: Grassy Terrain|[from] ability: Grassy Surge|[of] p1a: Rillaboom\n|turn|6\n|\n|t:|1699792071\n|switch|p2a: Charizard|Charizard, M|100\/100\n|move|p1a: Rillaboom|Knock Off|p2a: Charizard\n|-damage|p2a: Charizard|51\/100\n|\n|upkeep\n|turn|7\n|\n|t:|1699792080\n|switch|p1a: Greninja|Greninja, M|100\/100\n|detailschange|p2a: Charizard|Charizard-Mega-Y, M\n|-mega|p2a: Charizard|Charizard|Charizardite Y\n|-weather|SunnyDay|[from] ability: Drought|[of] p2a: Charizard\n|move|p2a: Charizard|Weather Ball|p1a: Greninja\n|-resisted|p1a: Greninja\n|-damage|p1a: Greninja|34\/100\n|\n|-weather|SunnyDay|[upkeep]\n|-heal|p1a: Greninja|40\/100|[from] Grassy Terrain\n|upkeep\n|turn|8\n|\n|t:|1699792095\n|switch|p2a: Ogerpon|Ogerpon-Wellspring, F|25\/100\n|move|p1a: Greninja|Water Shuriken|p2a: Ogerpon\n|-heal|p2a: Ogerpon|50\/100|[from] ability: Water Absorb|[of] p1a: Greninja\n|\n|-weather|SunnyDay|[upkeep]\n|-heal|p1a: Greninja|46\/100|[from] Grassy Terrain\n|-heal|p2a: Ogerpon|56\/100|[from] Grassy Terrain\n|upkeep\n|turn|9\n|\n|t:|1699792106\n|move|p1a: Greninja|Dark Pulse|p2a: Ogerpon\n|-damage|p2a: Ogerpon|4\/100\n|-damage|p1a: Greninja|37\/100|[from] item: Life Orb\n|move|p2a: Ogerpon|Horn Leech|p1a: Greninja\n|-supereffective|p1a: Greninja\n|-damage|p1a: Greninja|0 fnt\n|-heal|p2a: Ogerpon|21\/100|[from] drain|[of] p1a: Greninja\n|faint|p1a: Greninja\n|\n|-weather|SunnyDay|[upkeep]\n|-heal|p2a: Ogerpon|27\/100|[from] Grassy Terrain\n|upkeep\n|\n|t:|1699792121\n|switch|p1a: Rillaboom|Rillaboom, M, shiny|100\/100\n|turn|10\n|\n|t:|1699792128\n|move|p2a: Ogerpon|U-turn|p1a: Rillaboom\n|-supereffective|p1a: Rillaboom\n|-damage|p1a: Rillaboom|52\/100\n|\n|t:|1699792131\n|switch|p2a: Charizard|Charizard-Mega-Y, M|51\/100|[from] U-turn\n|move|p1a: Rillaboom|Wood Hammer|p2a: Charizard\n|-resisted|p2a: Charizard\n|-damage|p2a: Charizard|4\/100\n|-damage|p1a: Rillaboom|40\/100|[from] Recoil\n|\n|-weather|SunnyDay|[upkeep]\n|-heal|p1a: Rillaboom|47\/100|[from] Grassy Terrain\n|-fieldend|move: Grassy Terrain\n|upkeep\n|turn|11\n|\n|t:|1699792141\n|move|p2a: Charizard|Weather Ball|p1a: Rillaboom\n|-supereffective|p1a: Rillaboom\n|-damage|p1a: Rillaboom|0 fnt\n|faint|p1a: Rillaboom\n|\n|-weather|none\n|upkeep\n|\n|t:|1699792147\n|switch|p1a: Blaziken|Blaziken, F|100\/100\n|turn|12\n|\n|t:|1699792164\n|move|p2a: Charizard|Air Slash|p1a: Blaziken\n|-supereffective|p1a: Blaziken\n|-damage|p1a: Blaziken|0 fnt\n|faint|p1a: Blaziken\n|\n|upkeep\n|\n|t:|1699792169\n|switch|p1a: Ninetales|Ninetales-Alola, F, shiny|100\/100\n|-weather|Snow|[from] ability: Snow Warning|[of] p1a: Ninetales\n|turn|13\n|-message|MrGoddessli forfeited.\n|\n|win|yanein\n|raw|MrGoddessli's rating: 1487 &rarr; <strong>1464<\/strong><br \/>(-23 for losing)\n|raw|yanein's rating: 1442 &rarr; <strong>1465<\/strong><br \/>(+23 for winning)\n","uploadtime":1699792182,"views":4,"p1id":"mrgoddessli","p2id":"yanein","formatid":"gen9nationaldex","rating":1464,"private":0,"password":""}