{"id":"gen9nationaldex-1989454313","p1":"SloppySpider25","p2":"OuoouoouO","format":"[Gen 9] National Dex","log":"|j|\u2606SloppySpider25\n|j|\u2606OuoouoouO\n|t:|1699852941\n|gametype|singles\n|player|p1|SloppySpider25|pokemaniac|1342\n|player|p2|OuoouoouO|elesa|1357\n|teamsize|p1|6\n|teamsize|p2|6\n|gen|9\n|tier|[Gen 9] National Dex\n|rated|\n|rule|HP Percentage Mod: HP is shown in percentages\n|rule|Endless Battle Clause: Forcing endless battles is banned\n|rule|OHKO Clause: OHKO moves are banned\n|rule|Evasion Clause: Evasion abilities, items, and moves are banned\n|rule|Evasion Abilities Clause: Evasion abilities are banned\n|rule|Evasion Items Clause: Evasion items are banned\n|rule|Evasion Moves Clause: Evasion moves are banned\n|rule|Species Clause: Limit one of each Pok\u00e9mon\n|rule|Sleep Clause Mod: Limit one foe put to sleep\n|clearpoke\n|poke|p1|Volcarona, M|\n|poke|p1|Glimmora, M|\n|poke|p1|Hoopa-Unbound|\n|poke|p1|Tapu Koko|\n|poke|p1|Zapdos|\n|poke|p1|Charizard, M|\n|poke|p2|Ampharos, F|\n|poke|p2|Victini|\n|poke|p2|Iron Valiant|\n|poke|p2|Alakazam, M|\n|poke|p2|Heatran, F|\n|poke|p2|Salamence, M|\n|teampreview\n|inactive|Battle timer is ON: inactive players will automatically lose when time's up. (requested by OuoouoouO)\n|\n|t:|1699852946\n|start\n|switch|p1a: Glimmora|Glimmora, M|100\/100\n|switch|p2a: Alakazam|Alakazam, M|100\/100\n|turn|1\n|\n|t:|1699852958\n|move|p2a: Alakazam|Psychic|p1a: Glimmora\n|-supereffective|p1a: Glimmora\n|-damage|p1a: Glimmora|0 fnt\n|faint|p1a: Glimmora\n|\n|upkeep\n|\n|t:|1699852967\n|switch|p1a: Volcarona|Volcarona, M|100\/100\n|turn|2\n|\n|t:|1699852970\n|move|p2a: Alakazam|Zap Cannon|p1a: Volcarona\n|-damage|p1a: Volcarona|46\/100\n|-status|p1a: Volcarona|par\n|move|p1a: Volcarona|Quiver Dance|p1a: Volcarona\n|-boost|p1a: Volcarona|spa|1\n|-boost|p1a: Volcarona|spd|1\n|-boost|p1a: Volcarona|spe|1\n|\n|upkeep\n|turn|3\n|\n|t:|1699852980\n|move|p2a: Alakazam|Psychic|p1a: Volcarona\n|-damage|p1a: Volcarona|1\/100 par\n|move|p1a: Volcarona|Bug Buzz|p2a: Alakazam\n|-supereffective|p2a: Alakazam\n|-damage|p2a: Alakazam|0 fnt\n|faint|p2a: Alakazam\n|\n|upkeep\n|\n|t:|1699852991\n|switch|p2a: Victini|Victini|100\/100\n|turn|4\n|\n|t:|1699852996\n|-zpower|p2a: Victini\n|move|p2a: Victini|Z-Celebrate|p2a: Victini|[anim]Celebrate\n|-boost|p2a: Victini|atk|1|[zeffect]\n|-boost|p2a: Victini|def|1|[zeffect]\n|-boost|p2a: Victini|spa|1|[zeffect]\n|-boost|p2a: Victini|spd|1|[zeffect]\n|-boost|p2a: Victini|spe|1|[zeffect]\n|-activate|p2a: Victini|move: Celebrate\n|cant|p1a: Volcarona|par\n|\n|upkeep\n|turn|5\n|\n|t:|1699853004\n|move|p2a: Victini|Stored Power|p1a: Volcarona\n|-damage|p1a: Volcarona|0 fnt\n|faint|p1a: Volcarona\n|\n|upkeep\n|\n|t:|1699853012\n|switch|p1a: Hoopa|Hoopa-Unbound|100\/100\n|turn|6\n|\n|t:|1699853016\n|move|p2a: Victini|Inferno|p1a: Hoopa\n|-damage|p1a: Hoopa|46\/100\n|-status|p1a: Hoopa|brn\n|move|p1a: Hoopa|Hyperspace Fury|p2a: Victini\n|-supereffective|p2a: Victini\n|-damage|p2a: Victini|35\/100\n|-unboost|p1a: Hoopa|def|1\n|\n|-damage|p1a: Hoopa|40\/100 brn|[from] brn\n|upkeep\n|turn|7\n|inactive|OuoouoouO has 120 seconds left.\n|\n|t:|1699853048\n|move|p2a: Victini|Inferno|p1a: Hoopa\n|-damage|p1a: Hoopa|0 fnt\n|faint|p1a: Hoopa\n|\n|upkeep\n|\n|t:|1699853060\n|switch|p1a: Charizard|Charizard, M|100\/100\n|turn|8\n|\n|t:|1699853074\n|move|p2a: Victini|Thunder|p1a: Charizard\n|-supereffective|p1a: Charizard\n|-damage|p1a: Charizard|0 fnt\n|faint|p1a: Charizard\n|\n|upkeep\n|\n|t:|1699853079\n|switch|p1a: Tapu Koko|Tapu Koko|100\/100\n|-fieldstart|move: Electric Terrain|[from] ability: Electric Surge|[of] p1a: Tapu Koko\n|turn|9\n|\n|t:|1699853085\n|move|p2a: Victini|Stored Power|p1a: Tapu Koko\n|-crit|p1a: Tapu Koko\n|-damage|p1a: Tapu Koko|0 fnt\n|faint|p1a: Tapu Koko\n|\n|upkeep\n|\n|t:|1699853090\n|switch|p1a: Zapdos|Zapdos|100\/100\n|turn|10\n|j| Sun_ever\n|\n|t:|1699853097\n|move|p2a: Victini|Stored Power|p1a: Zapdos\n|-damage|p1a: Zapdos|2\/100\n|move|p1a: Zapdos|Thunderbolt|p2a: Victini\n|-damage|p2a: Victini|0 fnt\n|faint|p2a: Victini\n|\n|upkeep\n|c| Sun_ever|6\n|\n|t:|1699853103\n|switch|p2a: Salamence|Salamence, M|100\/100\n|-ability|p2a: Salamence|Intimidate|boost\n|-unboost|p1a: Zapdos|atk|1\n|turn|11\n|\n|t:|1699853109\n|move|p1a: Zapdos|Thunderbolt|p2a: Salamence\n|-damage|p2a: Salamence|20\/100\n|move|p2a: Salamence|Draco Meteor|p1a: Zapdos\n|-damage|p1a: Zapdos|0 fnt\n|-unboost|p2a: Salamence|spa|2\n|faint|p1a: Zapdos\n|\n|win|OuoouoouO\n|raw|SloppySpider25's rating: 1342 &rarr; <strong>1323<\/strong><br \/>(-19 for losing)\n|raw|OuoouoouO's rating: 1357 &rarr; <strong>1376<\/strong><br \/>(+19 for winning)\n|c| Sun_ever|\u73a9\u9633\u5bff\u7684\u662f\u5427\n","uploadtime":1699853115,"views":24,"p1id":"sloppyspider25","p2id":"ouoouoouo","formatid":"gen9nationaldex","rating":1323,"private":0,"password":""}