{"id":"gen9nationaldex-1996961707","p1":"Onlymanever","p2":"FunnyCookie","format":"[Gen 9] National Dex","log":"|html|<div class=\"broadcast-blue\"><strong>[Gen 9] National Dex is currently suspecting Sneasler! For information on how to participate check out the <a href=\"https:\/\/www.smogon.com\/forums\/threads\/sv-national-dex-suspect-8-just-dance.3731534\/\">suspect thread<\/a>.<\/strong><\/div>\n|j|\u203dOnlymanever\n|j|\u2606FunnyCookie\n|t:|1700750033\n|gametype|singles\n|player|p1|Onlymanever|lyra|1002\n|player|p2|FunnyCookie|rocketgrunt|1000\n|teamsize|p1|6\n|teamsize|p2|6\n|gen|9\n|tier|[Gen 9] National Dex\n|rated|\n|rule|HP Percentage Mod: HP is shown in percentages\n|rule|Endless Battle Clause: Forcing endless battles is banned\n|rule|OHKO Clause: OHKO moves are banned\n|rule|Evasion Clause: Evasion abilities, items, and moves are banned\n|rule|Evasion Abilities Clause: Evasion abilities are banned\n|rule|Evasion Items Clause: Evasion items are banned\n|rule|Evasion Moves Clause: Evasion moves are banned\n|rule|Species Clause: Limit one of each Pok\u00e9mon\n|rule|Sleep Clause Mod: Limit one foe put to sleep\n|clearpoke\n|poke|p1|Mr. Mime, M|\n|poke|p1|Inteleon, M|\n|poke|p1|Gallade, M|\n|poke|p1|Arcanine, M|\n|poke|p1|Staraptor, F|\n|poke|p1|Electivire, M|\n|poke|p2|Bibarel, F|\n|poke|p2|Scyther, M|\n|poke|p2|Virizion|\n|poke|p2|Meowstic, M|\n|poke|p2|Pangoro, F|\n|poke|p2|Typhlosion, M|\n|teampreview\n|c|\u2606FunnyCookie|glhf\n|\n|t:|1700750055\n|start\n|switch|p1a: Inteleon|Inteleon, M|100\/100\n|switch|p2a: Biber-tastisch|Bibarel, F|100\/100\n|turn|1\n|\n|t:|1700750069\n|switch|p1a: Electivire|Electivire, M|100\/100\n|move|p2a: Biber-tastisch|Toxic|p1a: Electivire\n|-status|p1a: Electivire|tox\n|\n|-damage|p1a: Electivire|95\/100 tox|[from] psn\n|upkeep\n|turn|2\n|\n|t:|1700750078\n|move|p1a: Electivire|Thunder Punch|p2a: Biber-tastisch\n|-supereffective|p2a: Biber-tastisch\n|-damage|p2a: Biber-tastisch|0 fnt\n|faint|p2a: Biber-tastisch\n|\n|-heal|p1a: Electivire|100\/100 tox|[from] item: Leftovers\n|-damage|p1a: Electivire|89\/100 tox|[from] psn\n|upkeep\n|\n|t:|1700750087\n|switch|p2a: meow-tastic|Meowstic, M|100\/100\n|turn|3\n|\n|t:|1700750095\n|switch|p1a: Mr. Mime|Mr. Mime, M|100\/100\n|move|p2a: meow-tastic|Fake Out|p1a: Mr. Mime\n|-damage|p1a: Mr. Mime|91\/100\n|\n|-heal|p1a: Mr. Mime|97\/100|[from] item: Leftovers\n|upkeep\n|turn|4\n|\n|t:|1700750118\n|switch|p2a: Bulk\/Cut|Scyther, M|100\/100\n|move|p1a: Mr. Mime|Calm Mind|p1a: Mr. Mime\n|-boost|p1a: Mr. Mime|spa|1\n|-boost|p1a: Mr. Mime|spd|1\n|\n|-heal|p1a: Mr. Mime|100\/100|[from] item: Leftovers\n|upkeep\n|turn|5\n|\n|t:|1700750132\n|-terastallize|p1a: Mr. Mime|Steel\n|move|p2a: Bulk\/Cut|Knock Off|p1a: Mr. Mime\n|-damage|p1a: Mr. Mime|60\/100\n|-enditem|p1a: Mr. Mime|Leftovers|[from] move: Knock Off|[of] p2a: Bulk\/Cut\n|move|p1a: Mr. Mime|Calm Mind|p1a: Mr. Mime\n|-boost|p1a: Mr. Mime|spa|1\n|-boost|p1a: Mr. Mime|spd|1\n|\n|upkeep\n|turn|6\n|\n|t:|1700750143\n|move|p2a: Bulk\/Cut|Close Combat|p1a: Mr. Mime\n|-supereffective|p1a: Mr. Mime\n|-damage|p1a: Mr. Mime|0 fnt\n|-unboost|p2a: Bulk\/Cut|def|1\n|-unboost|p2a: Bulk\/Cut|spd|1\n|faint|p1a: Mr. Mime\n|\n|upkeep\n|\n|t:|1700750154\n|switch|p1a: Arcanine|Arcanine, M|100\/100\n|turn|7\n|\n|t:|1700750164\n|switch|p2a: meow-tastic|Meowstic, M|100\/100\n|move|p1a: Arcanine|Flare Blitz|p2a: meow-tastic\n|-damage|p2a: meow-tastic|29\/100\n|-damage|p1a: Arcanine|75\/100|[from] Recoil\n|\n|-heal|p1a: Arcanine|81\/100|[from] item: Leftovers\n|upkeep\n|turn|8\n|\n|t:|1700750174\n|move|p2a: meow-tastic|Fake Out|p1a: Arcanine\n|-damage|p1a: Arcanine|74\/100\n|cant|p1a: Arcanine|flinch\n|\n|-heal|p1a: Arcanine|81\/100|[from] item: Leftovers\n|upkeep\n|turn|9\n|\n|t:|1700750182\n|move|p2a: meow-tastic|Psychic|p1a: Arcanine\n|-damage|p1a: Arcanine|47\/100\n|move|p1a: Arcanine|Flare Blitz|p2a: meow-tastic\n|-damage|p2a: meow-tastic|0 fnt\n|faint|p2a: meow-tastic\n|-damage|p1a: Arcanine|37\/100|[from] Recoil\n|\n|-heal|p1a: Arcanine|43\/100|[from] item: Leftovers\n|upkeep\n|\n|t:|1700750196\n|switch|p2a: NoChill|Typhlosion, M|100\/100\n|turn|10\n|\n|t:|1700750207\n|move|p1a: Arcanine|Morning Sun|p1a: Arcanine\n|-heal|p1a: Arcanine|93\/100\n|move|p2a: NoChill|Shadow Ball|p1a: Arcanine\n|-damage|p1a: Arcanine|61\/100\n|\n|-heal|p1a: Arcanine|68\/100|[from] item: Leftovers\n|upkeep\n|turn|11\n|\n|t:|1700750218\n|move|p1a: Arcanine|Howl|p1a: Arcanine\n|-boost|p1a: Arcanine|atk|1\n|move|p2a: NoChill|Shadow Ball|p1a: Arcanine\n|-crit|p1a: Arcanine\n|-damage|p1a: Arcanine|19\/100\n|\n|-heal|p1a: Arcanine|25\/100|[from] item: Leftovers\n|upkeep\n|turn|12\n|\n|t:|1700750235\n|move|p1a: Arcanine|Morning Sun|p1a: Arcanine\n|-heal|p1a: Arcanine|75\/100\n|move|p2a: NoChill|Shadow Ball|p1a: Arcanine\n|-damage|p1a: Arcanine|42\/100\n|-unboost|p1a: Arcanine|spd|1\n|\n|-heal|p1a: Arcanine|48\/100|[from] item: Leftovers\n|upkeep\n|turn|13\n|\n|t:|1700750246\n|switch|p1a: Staraptor|Staraptor, F|100\/100\n|move|p2a: NoChill|Shadow Ball|p1a: Staraptor\n|-immune|p1a: Staraptor\n|\n|upkeep\n|turn|14\n|\n|t:|1700750260\n|-terastallize|p2a: NoChill|Fire\n|move|p1a: Staraptor|Brave Bird|p2a: NoChill\n|-damage|p2a: NoChill|18\/100\n|-enditem|p2a: NoChill|Salac Berry|[eat]\n|-boost|p2a: NoChill|spe|1|[from] item: Salac Berry\n|-damage|p1a: Staraptor|69\/100|[from] Recoil\n|move|p2a: NoChill|Lava Plume|p1a: Staraptor\n|-damage|p1a: Staraptor|0 fnt\n|faint|p1a: Staraptor\n|\n|upkeep\n|\n|t:|1700750275\n|switch|p1a: Electivire|Electivire, M|89\/100 tox\n|turn|15\n|\n|t:|1700750284\n|switch|p1a: Arcanine|Arcanine, M|48\/100\n|move|p2a: NoChill|Lava Plume|p1a: Arcanine\n|-start|p1a: Arcanine|ability: Flash Fire\n|\n|-heal|p1a: Arcanine|55\/100|[from] item: Leftovers\n|upkeep\n|turn|16\n|inactive|Battle timer is ON: inactive players will automatically lose when time's up. (requested by Onlymanever)\n|\n|t:|1700750301\n|move|p2a: NoChill|Shadow Ball|p1a: Arcanine\n|-damage|p1a: Arcanine|22\/100\n|move|p1a: Arcanine|Morning Sun|p1a: Arcanine\n|-heal|p1a: Arcanine|72\/100\n|\n|-heal|p1a: Arcanine|78\/100|[from] item: Leftovers\n|upkeep\n|turn|17\n|\n|t:|1700750311\n|move|p2a: NoChill|Shadow Ball|p1a: Arcanine\n|-damage|p1a: Arcanine|47\/100\n|move|p1a: Arcanine|Howl|p1a: Arcanine\n|-boost|p1a: Arcanine|atk|1\n|\n|-heal|p1a: Arcanine|53\/100|[from] item: Leftovers\n|upkeep\n|turn|18\n|-message|FunnyCookie forfeited.\n|\n|win|Onlymanever\n|raw|Onlymanever's rating: 1002 &rarr; <strong>1041<\/strong><br \/>(+39 for winning)\n|raw|FunnyCookie's rating: 1000 &rarr; <strong>1000<\/strong><br \/>(+0 for losing)\n|l|\u2606FunnyCookie\n","uploadtime":1700750323,"views":0,"p1id":"onlymanever","p2id":"funnycookie","formatid":"gen9nationaldex","rating":1000,"private":0,"password":""}