{"id":"gen9nationaldex-1998798580","p1":"Naides","p2":"taowang","format":"[Gen 9] National Dex","log":"|html|<div class=\"broadcast-blue\"><strong>[Gen 9] National Dex is currently suspecting Sneasler! For information on how to participate check out the <a href=\"https:\/\/www.smogon.com\/forums\/threads\/sv-national-dex-suspect-8-just-dance.3731534\/\">suspect thread<\/a>.<\/strong><\/div>\n|j|\u2606Naides\n|j|\u2606taowang\n|t:|1700993186\n|gametype|singles\n|player|p1|Naides|cyclistf|1462\n|player|p2|taowang|102|1582\n|teamsize|p1|6\n|teamsize|p2|6\n|gen|9\n|tier|[Gen 9] National Dex\n|rated|\n|rule|HP Percentage Mod: HP is shown in percentages\n|rule|Endless Battle Clause: Forcing endless battles is banned\n|rule|OHKO Clause: OHKO moves are banned\n|rule|Evasion Clause: Evasion abilities, items, and moves are banned\n|rule|Evasion Abilities Clause: Evasion abilities are banned\n|rule|Evasion Items Clause: Evasion items are banned\n|rule|Evasion Moves Clause: Evasion moves are banned\n|rule|Species Clause: Limit one of each Pok\u00e9mon\n|rule|Sleep Clause Mod: Limit one foe put to sleep\n|clearpoke\n|poke|p1|Rillaboom, F|\n|poke|p1|Houndstone, M|\n|poke|p1|Hatterene, F|\n|poke|p1|Pinsir, M|\n|poke|p1|Eldegoss, F|\n|poke|p1|Iron Moth|\n|poke|p2|Toxapex, F|\n|poke|p2|Dondozo, F|\n|poke|p2|Garganacl, F|\n|poke|p2|Sableye, F|\n|poke|p2|Corviknight, F|\n|poke|p2|Gliscor, F|\n|teampreview\n|\n|t:|1700993230\n|start\n|switch|p1a: Rillaboom|Rillaboom, F|100\/100\n|switch|p2a: Sableye|Sableye, F, shiny|100\/100\n|-fieldstart|move: Grassy Terrain|[from] ability: Grassy Surge|[of] p1a: Rillaboom\n|turn|1\n|\n|t:|1700993235\n|switch|p1a: Hatterene|Hatterene, F|100\/100\n|detailschange|p2a: Sableye|Sableye-Mega, F, shiny\n|-mega|p2a: Sableye|Sableye|Sablenite\n|move|p2a: Sableye|Will-O-Wisp|p1a: Hatterene\n|move|p1a: Hatterene|Will-O-Wisp|p2a: Sableye|[from]ability: Magic Bounce\n|-status|p2a: Sableye|brn\n|\n|-damage|p2a: Sableye|94\/100 brn|[from] brn\n|upkeep\n|turn|2\n|\n|t:|1700993240\n|switch|p2a: Corviknight|Corviknight, F, shiny|100\/100\n|-ability|p2a: Corviknight|Pressure\n|move|p1a: Hatterene|Nuzzle|p2a: Corviknight\n|-supereffective|p2a: Corviknight\n|-damage|p2a: Corviknight|94\/100\n|-status|p2a: Corviknight|par\n|\n|-heal|p2a: Corviknight|99\/100 par|[from] item: Leftovers\n|upkeep\n|turn|3\n|\n|t:|1700993249\n|cant|p2a: Corviknight|par\n|move|p1a: Hatterene|Mystical Fire|p2a: Corviknight\n|-supereffective|p2a: Corviknight\n|-crit|p2a: Corviknight\n|-damage|p2a: Corviknight|38\/100 par\n|-unboost|p2a: Corviknight|spa|1\n|\n|-heal|p2a: Corviknight|44\/100 par|[from] item: Leftovers\n|upkeep\n|turn|4\n|\n|t:|1700993258\n|move|p2a: Corviknight|Iron Head|p1a: Hatterene\n|-supereffective|p1a: Hatterene\n|-damage|p1a: Hatterene|48\/100\n|-enditem|p1a: Hatterene|Sitrus Berry|[eat]\n|-heal|p1a: Hatterene|73\/100|[from] item: Sitrus Berry\n|move|p1a: Hatterene|Mystical Fire|p2a: Corviknight\n|-supereffective|p2a: Corviknight\n|-damage|p2a: Corviknight|2\/100 par\n|-unboost|p2a: Corviknight|spa|1\n|\n|-heal|p2a: Corviknight|9\/100 par|[from] item: Leftovers\n|-heal|p1a: Hatterene|78\/100|[from] Grassy Terrain\n|upkeep\n|turn|5\n|\n|t:|1700993272\n|move|p2a: Corviknight|Protect|p2a: Corviknight\n|-singleturn|p2a: Corviknight|Protect\n|move|p1a: Hatterene|Mystical Fire|p2a: Corviknight\n|-activate|p2a: Corviknight|move: Protect\n|\n|-heal|p2a: Corviknight|15\/100 par|[from] item: Leftovers\n|-heal|p1a: Hatterene|84\/100|[from] Grassy Terrain\n|-fieldend|move: Grassy Terrain\n|upkeep\n|turn|6\n|\n|t:|1700993281\n|switch|p2a: Garganacl|Garganacl, F|100\/100\n|move|p1a: Hatterene|Mystical Fire|p2a: Garganacl\n|-resisted|p2a: Garganacl\n|-damage|p2a: Garganacl|91\/100\n|-unboost|p2a: Garganacl|spa|1\n|\n|-heal|p2a: Garganacl|97\/100|[from] item: Leftovers\n|upkeep\n|turn|7\n|\n|t:|1700993290\n|switch|p2a: Sableye|Sableye-Mega, F, shiny|94\/100 brn\n|switch|p1a: Rillaboom|Rillaboom, F|100\/100\n|-fieldstart|move: Grassy Terrain|[from] ability: Grassy Surge|[of] p1a: Rillaboom\n|\n|-heal|p2a: Sableye|100\/100 brn|[from] Grassy Terrain\n|-damage|p2a: Sableye|94\/100 brn|[from] brn\n|upkeep\n|turn|8\n|\n|t:|1700993297\n|move|p1a: Rillaboom|Wood Hammer|p2a: Sableye\n|-damage|p2a: Sableye|9\/100 brn\n|-damage|p1a: Rillaboom|76\/100|[from] Recoil\n|-damage|p1a: Rillaboom|66\/100|[from] item: Life Orb\n|move|p2a: Sableye|Knock Off|p1a: Rillaboom\n|-damage|p1a: Rillaboom|49\/100\n|-enditem|p1a: Rillaboom|Life Orb|[from] move: Knock Off|[of] p2a: Sableye\n|\n|-heal|p1a: Rillaboom|55\/100|[from] Grassy Terrain\n|-heal|p2a: Sableye|15\/100 brn|[from] Grassy Terrain\n|-damage|p2a: Sableye|9\/100 brn|[from] brn\n|upkeep\n|turn|9\n|\n|t:|1700993307\n|switch|p2a: Corviknight|Corviknight, F, shiny|15\/100 par\n|-ability|p2a: Corviknight|Pressure\n|move|p1a: Rillaboom|Grassy Glide|p2a: Corviknight\n|-resisted|p2a: Corviknight\n|-damage|p2a: Corviknight|7\/100 par\n|\n|-heal|p1a: Rillaboom|61\/100|[from] Grassy Terrain\n|-heal|p2a: Corviknight|13\/100 par|[from] item: Leftovers\n|upkeep\n|turn|10\n|\n|t:|1700993316\n|move|p1a: Rillaboom|Wood Hammer|p2a: Corviknight\n|-resisted|p2a: Corviknight\n|-damage|p2a: Corviknight|0 fnt\n|faint|p2a: Corviknight\n|-damage|p1a: Rillaboom|56\/100|[from] Recoil\n|\n|-heal|p1a: Rillaboom|62\/100|[from] Grassy Terrain\n|upkeep\n|-message|taowang forfeited.\n|\n|win|Naides\n|raw|Naides's rating: 1462 &rarr; <strong>1489<\/strong><br \/>(+27 for winning)\n|raw|taowang's rating: 1582 &rarr; <strong>1555<\/strong><br \/>(-27 for losing)\n|l|\u2606taowang\n","uploadtime":1700993325,"views":4,"p1id":"naides","p2id":"taowang","formatid":"gen9nationaldex","rating":1489,"private":0,"password":""}