{"id":"gen9nationaldex-1999200780","p1":"PeppsiAsiEs","p2":"WSoldat","format":"[Gen 9] National Dex","log":"|html|<div class=\"broadcast-blue\"><strong>[Gen 9] National Dex is currently suspecting Sneasler! For information on how to participate check out the <a href=\"https:\/\/www.smogon.com\/forums\/threads\/sv-national-dex-suspect-8-just-dance.3731534\/\">suspect thread<\/a>.<\/strong><\/div>\n|j|\u2606PeppsiAsiEs\n|j|\u2606WSoldat\n|t:|1701044663\n|gametype|singles\n|player|p1|PeppsiAsiEs|harlequin|\n|player|p2|WSoldat|n|\n|teamsize|p1|6\n|teamsize|p2|6\n|gen|9\n|tier|[Gen 9] National Dex\n|rule|HP Percentage Mod: HP is shown in percentages\n|rule|Endless Battle Clause: Forcing endless battles is banned\n|rule|OHKO Clause: OHKO moves are banned\n|rule|Evasion Clause: Evasion abilities, items, and moves are banned\n|rule|Evasion Abilities Clause: Evasion abilities are banned\n|rule|Evasion Items Clause: Evasion items are banned\n|rule|Evasion Moves Clause: Evasion moves are banned\n|rule|Species Clause: Limit one of each Pok\u00e9mon\n|rule|Sleep Clause Mod: Limit one foe put to sleep\n|clearpoke\n|poke|p1|Hydreigon, M|\n|poke|p1|Zapdos|\n|poke|p1|Torterra, M|\n|poke|p1|Iron Treads|\n|poke|p1|Azumarill, F|\n|poke|p1|Cinderace, M|\n|poke|p2|Dragonite, M|\n|poke|p2|Hydreigon, M|\n|poke|p2|Garchomp, M|\n|poke|p2|Goodra-Hisui, M|\n|poke|p2|Corviknight, M|\n|poke|p2|Duraludon, M|\n|teampreview\n|c|\u2606PeppsiAsiEs|suerte\n|\n|t:|1701044729\n|start\n|switch|p1a: Lola|Cinderace, M|100\/100\n|switch|p2a: HoraDeGarchar|Garchomp, M, shiny|100\/100\n|turn|1\n|\n|t:|1701044749\n|move|p1a: Lola|U-turn|p2a: HoraDeGarchar\n|-start|p1a: Lola|typechange|Bug|[from] ability: Libero\n|-damage|p2a: HoraDeGarchar|80\/100\n|-damage|p1a: Lola|88\/100|[from] ability: Rough Skin|[of] p2a: HoraDeGarchar\n|-damage|p1a: Lola|72\/100|[from] item: Rocky Helmet|[of] p2a: HoraDeGarchar\n|\n|t:|1701044756\n|switch|p1a: deis|Azumarill, F|100\/100|[from] U-turn\n|move|p2a: HoraDeGarchar|Earthquake|p1a: deis\n|-damage|p1a: deis|61\/100\n|\n|upkeep\n|turn|2\n|\n|t:|1701044768\n|move|p2a: HoraDeGarchar|Stealth Rock|p1a: deis\n|-sidestart|p1: PeppsiAsiEs|move: Stealth Rock\n|move|p1a: deis|Ice Spinner|p2a: HoraDeGarchar\n|-supereffective|p2a: HoraDeGarchar\n|-damage|p2a: HoraDeGarchar|5\/100\n|-damage|p1a: deis|49\/100|[from] ability: Rough Skin|[of] p2a: HoraDeGarchar\n|-damage|p1a: deis|32\/100|[from] item: Rocky Helmet|[of] p2a: HoraDeGarchar\n|\n|upkeep\n|turn|3\n|\n|t:|1701044778\n|move|p1a: deis|Aqua Jet|p2a: HoraDeGarchar\n|-damage|p2a: HoraDeGarchar|0 fnt\n|-damage|p1a: deis|20\/100|[from] ability: Rough Skin|[of] p2a: HoraDeGarchar\n|-damage|p1a: deis|3\/100|[from] item: Rocky Helmet|[of] p2a: HoraDeGarchar\n|faint|p2a: HoraDeGarchar\n|\n|upkeep\n|\n|t:|1701044798\n|switch|p2a: Carlos Emanuel III|Corviknight, M, shiny|100\/100\n|turn|4\n|j| Danwine\n|inactive|Battle timer is ON: inactive players will automatically lose when time's up. (requested by WSoldat)\n|c| Danwine|apurense\n|inactive|PeppsiAsiEs has 270 seconds left.\n|c|\u2606WSoldat|Es pep\n|c|\u2606WSoldat|No se que le paso\n|inactive|PeppsiAsiEs has 240 seconds left.\n|\n|t:|1701044950\n|switch|p2a: Babo SA .Inc|Goodra-Hisui, M, shiny|100\/100\n|move|p1a: deis|Liquidation|p2a: Babo SA .Inc\n|-resisted|p2a: Babo SA .Inc\n|-damage|p2a: Babo SA .Inc|78\/100\n|-ability|p2a: Babo SA .Inc|Gooey\n|-unboost|p1a: deis|spe|1\n|\n|upkeep\n|turn|5\n|\n|t:|1701044967\n|move|p2a: Babo SA .Inc|Knock Off|p1a: deis\n|-resisted|p1a: deis\n|-damage|p1a: deis|0 fnt\n|-enditem|p1a: deis|Assault Vest|[from] move: Knock Off|[of] p2a: Babo SA .Inc\n|faint|p1a: deis\n|\n|upkeep\n|inactive|PeppsiAsiEs has 270 seconds left.\n|\n|t:|1701044988\n|switch|p1a: manolo|Zapdos|100\/100\n|turn|6\n|\n|t:|1701044996\n|move|p1a: manolo|Defog|p2a: Babo SA .Inc\n|-unboost|p2a: Babo SA .Inc|evasion|1\n|-sideend|p1: PeppsiAsiEs|Stealth Rock|[from] move: Defog|[of] p1a: manolo\n|move|p2a: Babo SA .Inc|Knock Off|p1a: manolo\n|-damage|p1a: manolo|77\/100\n|-enditem|p1a: manolo|Heavy-Duty Boots|[from] move: Knock Off|[of] p2a: Babo SA .Inc\n|\n|upkeep\n|turn|7\n|\n|t:|1701045006\n|move|p1a: manolo|Volt Switch|p2a: Babo SA .Inc\n|-resisted|p2a: Babo SA .Inc\n|-crit|p2a: Babo SA .Inc\n|-damage|p2a: Babo SA .Inc|69\/100\n|\n|t:|1701045014\n|switch|p1a: ferrocolmilo|Iron Treads|100\/100|[from] Volt Switch\n|-enditem|p1a: ferrocolmilo|Booster Energy\n|-activate|p1a: ferrocolmilo|ability: Quark Drive|[fromitem]\n|-start|p1a: ferrocolmilo|quarkdrivespe\n|move|p2a: Babo SA .Inc|Flamethrower|p1a: ferrocolmilo\n|-supereffective|p1a: ferrocolmilo\n|-damage|p1a: ferrocolmilo|39\/100\n|\n|upkeep\n|turn|8\n|c|\u2606WSoldat|Predict\n|\n|t:|1701045040\n|switch|p2a: Carlos Emanuel III|Corviknight, M, shiny|100\/100\n|move|p1a: ferrocolmilo|Ice Spinner|p2a: Carlos Emanuel III\n|-damage|p2a: Carlos Emanuel III|88\/100\n|-damage|p1a: ferrocolmilo|22\/100|[from] item: Rocky Helmet|[of] p2a: Carlos Emanuel III\n|\n|upkeep\n|turn|9\n|\n|t:|1701045048\n|move|p1a: ferrocolmilo|Stealth Rock|p2a: Carlos Emanuel III\n|-sidestart|p2: WSoldat|move: Stealth Rock\n|move|p2a: Carlos Emanuel III|Body Press|p1a: ferrocolmilo\n|-supereffective|p1a: ferrocolmilo\n|-damage|p1a: ferrocolmilo|0 fnt\n|faint|p1a: ferrocolmilo\n|-end|p1a: ferrocolmilo|Quark Drive|[silent]\n|\n|upkeep\n|c|\u2606PeppsiAsiEs|yo cuando\n|\n|t:|1701045058\n|switch|p1a: manolo|Zapdos|77\/100\n|turn|10\n|c| Danwine|mi garganacl le gana a esa ave\n|\n|t:|1701045068\n|move|p1a: manolo|Volt Switch|p2a: Carlos Emanuel III\n|-supereffective|p2a: Carlos Emanuel III\n|-damage|p2a: Carlos Emanuel III|25\/100\n|\n|t:|1701045084\n|switch|p1a: Lola|Cinderace, M|72\/100|[from] Volt Switch\n|move|p2a: Carlos Emanuel III|Defog|p1a: Lola\n|-unboost|p1a: Lola|evasion|1\n|-sideend|p2: WSoldat|Stealth Rock|[from] move: Defog|[of] p2a: Carlos Emanuel III\n|\n|upkeep\n|turn|11\n|\n|t:|1701045099\n|move|p1a: Lola|High Jump Kick|p2a: Carlos Emanuel III\n|-start|p1a: Lola|typechange|Fighting|[from] ability: Libero\n|-damage|p2a: Carlos Emanuel III|0 fnt\n|-damage|p1a: Lola|55\/100|[from] item: Rocky Helmet|[of] p2a: Carlos Emanuel III\n|faint|p2a: Carlos Emanuel III\n|\n|upkeep\n|inactive|WSoldat has 270 seconds left.\n|\n|t:|1701045137\n|switch|p2a: DuraNalgon|Duraludon, M|100\/100\n|turn|12\n|inactive|WSoldat has 240 seconds left.\n|\n|t:|1701045165\n|switch|p1a: farvol|Torterra, M|100\/100\n|move|p2a: DuraNalgon|Flash Cannon|p1a: farvol\n|-damage|p1a: farvol|69\/100\n|\n|-heal|p1a: farvol|75\/100|[from] item: Leftovers\n|upkeep\n|turn|13\n|inactive|WSoldat has 240 seconds left.\n|\n|t:|1701045183\n|switch|p2a: Barney|Dragonite, M|100\/100\n|switch|p1a: Lola|Cinderace, M|55\/100\n|\n|upkeep\n|turn|14\n|inactive|WSoldat has 240 seconds left.\n|c|\u2606PeppsiAsiEs|el diablo\n|inactive|WSoldat has 210 seconds left.\n|\n|t:|1701045218\n|move|p1a: Lola|U-turn|p2a: Barney\n|-start|p1a: Lola|typechange|Bug|[from] ability: Libero\n|-resisted|p2a: Barney\n|-damage|p2a: Barney|92\/100\n|\n|t:|1701045228\n|switch|p1a: hello|Hydreigon, M|100\/100|[from] U-turn\n|move|p2a: Barney|Dragon Dance|p2a: Barney\n|-boost|p2a: Barney|atk|1\n|-boost|p2a: Barney|spe|1\n|\n|upkeep\n|turn|15\n|inactive|WSoldat has 210 seconds left.\n|\n|t:|1701045243\n|switch|p2a: Babo SA .Inc|Goodra-Hisui, M, shiny|69\/100\n|-terastallize|p1a: hello|Steel\n|move|p1a: hello|Nasty Plot|p1a: hello\n|-boost|p1a: hello|spa|2\n|\n|upkeep\n|turn|16\n|inactive|WSoldat has 210 seconds left.\n|\n|t:|1701045255\n|move|p1a: hello|Nasty Plot|p1a: hello\n|-boost|p1a: hello|spa|2\n|move|p2a: Babo SA .Inc|Flamethrower|p1a: hello\n|-supereffective|p1a: hello\n|-damage|p1a: hello|43\/100\n|-status|p1a: hello|brn\n|\n|-heal|p1a: hello|49\/100 brn|[from] item: Leftovers\n|-damage|p1a: hello|43\/100 brn|[from] brn\n|upkeep\n|turn|17\n|c|\u2606PeppsiAsiEs|el culo mas grande\n|inactive|WSoldat has 210 seconds left.\n|\n|t:|1701045267\n|move|p1a: hello|Earth Power|p2a: Babo SA .Inc\n|-supereffective|p2a: Babo SA .Inc\n|-damage|p2a: Babo SA .Inc|7\/100\n|move|p2a: Babo SA .Inc|Flamethrower|p1a: hello\n|-supereffective|p1a: hello\n|-damage|p1a: hello|0 fnt\n|faint|p1a: hello\n|\n|upkeep\n|c|\u2606PeppsiAsiEs|omg bro hell nah\n|\n|t:|1701045284\n|switch|p1a: manolo|Zapdos|77\/100\n|turn|18\n|\n|t:|1701045290\n|move|p1a: manolo|Volt Switch|p2a: Babo SA .Inc\n|-resisted|p2a: Babo SA .Inc\n|-damage|p2a: Babo SA .Inc|2\/100\n|\n|t:|1701045294\n|switch|p1a: farvol|Torterra, M|75\/100|[from] Volt Switch\n|move|p2a: Babo SA .Inc|Draco Meteor|p1a: farvol\n|-damage|p1a: farvol|33\/100\n|-unboost|p2a: Babo SA .Inc|spa|2\n|\n|-heal|p1a: farvol|39\/100|[from] item: Leftovers\n|upkeep\n|turn|19\n|c| Danwine|waos no murio\n|\n|t:|1701045305\n|move|p1a: farvol|Synthesis|p1a: farvol\n|-heal|p1a: farvol|89\/100\n|move|p2a: Babo SA .Inc|Flamethrower|p1a: farvol\n|-supereffective|p1a: farvol\n|-damage|p1a: farvol|71\/100\n|\n|-heal|p1a: farvol|77\/100|[from] item: Leftovers\n|upkeep\n|turn|20\n|\n|t:|1701045322\n|move|p1a: farvol|Shell Smash|p1a: farvol\n|-unboost|p1a: farvol|def|1\n|-unboost|p1a: farvol|spd|1\n|-boost|p1a: farvol|atk|2\n|-boost|p1a: farvol|spa|2\n|-boost|p1a: farvol|spe|2\n|move|p2a: Babo SA .Inc|Flash Cannon|p1a: farvol\n|-damage|p1a: farvol|58\/100\n|\n|-heal|p1a: farvol|64\/100|[from] item: Leftovers\n|upkeep\n|turn|21\n|\n|t:|1701045334\n|move|p1a: farvol|Synthesis|p1a: farvol\n|-heal|p1a: farvol|100\/100\n|move|p2a: Babo SA .Inc|Flash Cannon|p1a: farvol\n|-damage|p1a: farvol|82\/100\n|\n|-heal|p1a: farvol|88\/100|[from] item: Leftovers\n|upkeep\n|turn|22\n|\n|t:|1701045345\n|move|p1a: farvol|Earthquake|p2a: Babo SA .Inc\n|-supereffective|p2a: Babo SA .Inc\n|-damage|p2a: Babo SA .Inc|0 fnt\n|faint|p2a: Babo SA .Inc\n|\n|-heal|p1a: farvol|94\/100|[from] item: Leftovers\n|upkeep\n|\n|t:|1701045361\n|switch|p2a: Lernea|Hydreigon, M, shiny|100\/100\n|turn|23\n|c| Danwine|ya perdiste\n|\n|t:|1701045371\n|-terastallize|p2a: Lernea|Steel\n|move|p2a: Lernea|Flamethrower|p1a: farvol\n|-supereffective|p1a: farvol\n|-damage|p1a: farvol|0 fnt\n|faint|p1a: farvol\n|-damage|p2a: Lernea|91\/100|[from] item: Life Orb\n|\n|upkeep\n|\n|t:|1701045377\n|switch|p1a: Lola|Cinderace, M|55\/100\n|turn|24\n|c| Danwine|te dije\n|\n|t:|1701045384\n|switch|p2a: Barney|Dragonite, M|92\/100\n|move|p1a: Lola|High Jump Kick|p2a: Barney\n|-start|p1a: Lola|typechange|Fighting|[from] ability: Libero\n|-resisted|p2a: Barney\n|-crit|p2a: Barney\n|-damage|p2a: Barney|38\/100\n|\n|upkeep\n|turn|25\n|inactive|WSoldat has 210 seconds left.\n|\n|t:|1701045415\n|move|p2a: Barney|Extreme Speed|p1a: Lola\n|-damage|p1a: Lola|13\/100\n|move|p1a: Lola|U-turn|p2a: Barney\n|-resisted|p2a: Barney\n|-crit|p2a: Barney\n|-damage|p2a: Barney|21\/100\n|\n|t:|1701045419\n|switch|p1a: manolo|Zapdos|77\/100|[from] U-turn\n|\n|upkeep\n|turn|26\n|\n|t:|1701045426\n|move|p1a: manolo|Volt Switch|p2a: Barney\n|-damage|p2a: Barney|0 fnt\n|faint|p2a: Barney\n|\n|t:|1701045429\n|switch|p1a: Lola|Cinderace, M|13\/100|[from] Volt Switch\n|\n|upkeep\n|\n|t:|1701045436\n|switch|p2a: DuraNalgon|Duraludon, M|100\/100\n|turn|27\n|\n|t:|1701045442\n|switch|p1a: manolo|Zapdos|77\/100\n|move|p2a: DuraNalgon|Thunderbolt|p1a: manolo\n|-damage|p1a: manolo|44\/100\n|\n|upkeep\n|turn|28\n|\n|t:|1701045449\n|move|p2a: DuraNalgon|Thunderbolt|p1a: manolo\n|-damage|p1a: manolo|11\/100\n|move|p1a: manolo|Roost|p1a: manolo\n|-heal|p1a: manolo|61\/100\n|-singleturn|p1a: manolo|move: Roost\n|\n|upkeep\n|turn|29\n|inactive|WSoldat has 240 seconds left.\n|\n|t:|1701045458\n|move|p2a: DuraNalgon|Thunderbolt|p1a: manolo\n|-damage|p1a: manolo|27\/100\n|move|p1a: manolo|Roost|p1a: manolo\n|-heal|p1a: manolo|77\/100\n|-singleturn|p1a: manolo|move: Roost\n|\n|upkeep\n|turn|30\n|\n|t:|1701045467\n|move|p2a: DuraNalgon|Thunderbolt|p1a: manolo\n|-damage|p1a: manolo|45\/100\n|move|p1a: manolo|Roost|p1a: manolo\n|-heal|p1a: manolo|95\/100\n|-singleturn|p1a: manolo|move: Roost\n|\n|upkeep\n|turn|31\n|\n|t:|1701045475\n|move|p2a: DuraNalgon|Thunderbolt|p1a: manolo\n|-damage|p1a: manolo|59\/100\n|move|p1a: manolo|Hurricane|p2a: DuraNalgon\n|-resisted|p2a: DuraNalgon\n|-damage|p2a: DuraNalgon|47\/100\n|\n|upkeep\n|turn|32\n|c|\u2606PeppsiAsiEs|dios y yo\n|\n|t:|1701045483\n|move|p2a: DuraNalgon|Thunderbolt|p1a: manolo\n|-damage|p1a: manolo|24\/100\n|move|p1a: manolo|Roost|p1a: manolo\n|-heal|p1a: manolo|74\/100\n|-singleturn|p1a: manolo|move: Roost\n|\n|upkeep\n|turn|33\n|c|\u2606PeppsiAsiEs|Solo dios y yo\n|c|\u2606PeppsiAsiEs|existe\n|\n|t:|1701045492\n|move|p2a: DuraNalgon|Thunderbolt|p1a: manolo\n|-damage|p1a: manolo|41\/100\n|move|p1a: manolo|Roost|p1a: manolo\n|-heal|p1a: manolo|91\/100\n|-singleturn|p1a: manolo|move: Roost\n|\n|upkeep\n|turn|34\n|\n|t:|1701045501\n|move|p2a: DuraNalgon|Thunderbolt|p1a: manolo\n|-damage|p1a: manolo|56\/100\n|move|p1a: manolo|Hurricane|p2a: DuraNalgon|[miss]\n|-miss|p1a: manolo|p2a: DuraNalgon\n|\n|upkeep\n|turn|35\n|inactive|WSoldat has 270 seconds left.\n|\n|t:|1701045509\n|move|p2a: DuraNalgon|Thunderbolt|p1a: manolo\n|-damage|p1a: manolo|24\/100\n|move|p1a: manolo|Roost|p1a: manolo\n|-heal|p1a: manolo|74\/100\n|-singleturn|p1a: manolo|move: Roost\n|\n|upkeep\n|turn|36\n|c|\u2606PeppsiAsiEs|dale manolo\n|\n|t:|1701045517\n|move|p2a: DuraNalgon|Thunderbolt|p1a: manolo\n|-damage|p1a: manolo|43\/100\n|move|p1a: manolo|Roost|p1a: manolo\n|-heal|p1a: manolo|93\/100\n|-singleturn|p1a: manolo|move: Roost\n|\n|upkeep\n|turn|37\n|\n|t:|1701045526\n|move|p2a: DuraNalgon|Thunderbolt|p1a: manolo\n|-damage|p1a: manolo|59\/100\n|move|p1a: manolo|Hurricane|p2a: DuraNalgon\n|-resisted|p2a: DuraNalgon\n|-damage|p2a: DuraNalgon|0 fnt\n|faint|p2a: DuraNalgon\n|\n|upkeep\n|c|\u2606PeppsiAsiEs|TE AMO MANOLO\n|c|\u2606PeppsiAsiEs|TE AMO\n|\n|t:|1701045536\n|switch|p2a: Lernea|Hydreigon, M, shiny, tera:Steel|91\/100\n|turn|38\n|\n|t:|1701045548\n|move|p1a: manolo|Hurricane|p2a: Lernea\n|-resisted|p2a: Lernea\n|-damage|p2a: Lernea|58\/100\n|move|p2a: Lernea|Flamethrower|p1a: manolo\n|-damage|p1a: manolo|16\/100\n|-damage|p2a: Lernea|48\/100|[from] item: Life Orb\n|\n|upkeep\n|turn|39\n|\n|t:|1701045557\n|move|p1a: manolo|Roost|p1a: manolo\n|-heal|p1a: manolo|66\/100\n|-singleturn|p1a: manolo|move: Roost\n|move|p2a: Lernea|Flamethrower|p1a: manolo\n|-damage|p1a: manolo|19\/100\n|-damage|p2a: Lernea|39\/100|[from] item: Life Orb\n|\n|upkeep\n|turn|40\n|\n|t:|1701045568\n|move|p1a: manolo|Hurricane|p2a: Lernea|[miss]\n|-miss|p1a: manolo|p2a: Lernea\n|move|p2a: Lernea|Flamethrower|p1a: manolo\n|-damage|p1a: manolo|0 fnt\n|faint|p1a: manolo\n|-damage|p2a: Lernea|29\/100|[from] item: Life Orb\n|\n|upkeep\n|\n|t:|1701045572\n|switch|p1a: Lola|Cinderace, M|13\/100\n|turn|41\n|\n|t:|1701045582\n|move|p1a: Lola|Sucker Punch|p2a: Lernea\n|-start|p1a: Lola|typechange|Dark|[from] ability: Libero\n|-damage|p2a: Lernea|0 fnt\n|faint|p2a: Lernea\n|\n|win|PeppsiAsiEs\n|c|\u2606PeppsiAsiEs|GG\n|l| Danwine\n|l|\u2606WSoldat\n|l|\u2606PeppsiAsiEs\n|j|\u2606PeppsiAsiEs\n|player|p1|PeppsiAsiEs|harlequin\n","uploadtime":1701045589,"views":6,"p1id":"peppsiasies","p2id":"wsoldat","formatid":"gen9nationaldex","rating":0,"private":0,"password":""}