{"id":"gen9nationaldex-1992805980","p1":"AutumnCookie","p2":"UncleKars","format":"[Gen 9] National Dex","log":"|j|\u2606AutumnCookie\n|j|\u2606UncleKars\n|t:|1700237053\n|gametype|singles\n|player|p1|AutumnCookie|barry|\n|player|p2|UncleKars|tabitha|\n|teamsize|p1|6\n|teamsize|p2|6\n|gen|9\n|tier|[Gen 9] National Dex\n|rule|HP Percentage Mod: HP is shown in percentages\n|rule|Endless Battle Clause: Forcing endless battles is banned\n|rule|OHKO Clause: OHKO moves are banned\n|rule|Evasion Clause: Evasion abilities, items, and moves are banned\n|rule|Evasion Abilities Clause: Evasion abilities are banned\n|rule|Evasion Items Clause: Evasion items are banned\n|rule|Evasion Moves Clause: Evasion moves are banned\n|rule|Species Clause: Limit one of each Pok\u00e9mon\n|rule|Sleep Clause Mod: Limit one foe put to sleep\n|clearpoke\n|poke|p1|Infernape, M|\n|poke|p1|Staraptor, M|\n|poke|p1|Floatzel, M|\n|poke|p1|Heracross, M|\n|poke|p1|Snorlax, M|\n|poke|p1|Roserade, M|\n|poke|p2|Crobat, M|\n|poke|p2|Camerupt, M|\n|poke|p2|Mightyena, M|\n|poke|p2|Weezing, M|\n|poke|p2|Aggron, F|\n|poke|p2|Houndoom, M|\n|teampreview\n|\n|t:|1700237066\n|start\n|switch|p1a: Roserade|Roserade, M|100\/100\n|switch|p2a: Mightyena|Mightyena, M|100\/100\n|-ability|p2a: Mightyena|Intimidate|boost\n|-unboost|p1a: Roserade|atk|1\n|turn|1\n|j| kpoc12\n|c|\u2606UncleKars|preparing to be swept\n|\n|t:|1700237076\n|move|p1a: Roserade|Spikes|p2a: Mightyena\n|-sidestart|p2: UncleKars|Spikes\n|move|p2a: Mightyena|Taunt|p1a: Roserade\n|-start|p1a: Roserade|move: Taunt\n|\n|upkeep\n|turn|2\n|\n|t:|1700237092\n|move|p2a: Mightyena|Sucker Punch|p1a: Roserade\n|-damage|p1a: Roserade|41\/100\n|move|p1a: Roserade|Sludge Bomb|p2a: Mightyena\n|-damage|p2a: Mightyena|10\/100\n|\n|-heal|p1a: Roserade|47\/100|[from] item: Black Sludge\n|upkeep\n|turn|3\n|\n|t:|1700237103\n|move|p2a: Mightyena|Sucker Punch|p1a: Roserade\n|-damage|p1a: Roserade|0 fnt\n|faint|p1a: Roserade\n|\n|upkeep\n|\n|t:|1700237110\n|switch|p1a: Heracross|Heracross, M|100\/100\n|turn|4\n|\n|t:|1700237140\n|switch|p2a: Weezing|Weezing, M|100\/100\n|move|p1a: Heracross|Trailblaze|p2a: Weezing\n|-resisted|p2a: Weezing\n|-damage|p2a: Weezing|94\/100\n|-boost|p1a: Heracross|spe|1\n|\n|-status|p1a: Heracross|brn|[from] item: Flame Orb\n|upkeep\n|turn|5\n|\n|t:|1700237152\n|move|p1a: Heracross|Facade|p2a: Weezing\n|-damage|p2a: Weezing|31\/100\n|move|p2a: Weezing|Flamethrower|p1a: Heracross\n|-supereffective|p1a: Heracross\n|-damage|p1a: Heracross|24\/100 brn\n|-damage|p2a: Weezing|21\/100|[from] item: Life Orb\n|\n|-damage|p1a: Heracross|18\/100 brn|[from] brn\n|upkeep\n|turn|6\n|\n|t:|1700237180\n|move|p1a: Heracross|Facade|p2a: Weezing\n|-damage|p2a: Weezing|0 fnt\n|faint|p2a: Weezing\n|\n|-damage|p1a: Heracross|12\/100 brn|[from] brn\n|upkeep\n|\n|t:|1700237200\n|switch|p2a: Crobat|Crobat, M|100\/100\n|turn|7\n|\n|t:|1700237208\n|move|p1a: Heracross|Facade|p2a: Crobat\n|-crit|p2a: Crobat\n|-damage|p2a: Crobat|0 fnt\n|faint|p2a: Crobat\n|\n|-damage|p1a: Heracross|6\/100 brn|[from] brn\n|upkeep\n|c|\u2606UncleKars|HOW FAST IS HERACROSS\n|c|\u2606AutumnCookie|442 cause of the trailblaze\n|\n|t:|1700237230\n|switch|p2a: Aggron|Aggron, F|100\/100\n|-damage|p2a: Aggron|88\/100|[from] Spikes\n|turn|8\n|c| kpoc12|trailblaze goes crazyu\n|c|\u2606UncleKars|I THOUGHT CROBAT WOULD STILL OUTSPEED\n|c|\u2606UncleKars|GODDAMN\n|c| kpoc12|lucas is looking at his luxray like. yeah we need trailblaze on u huh.\n|\n|t:|1700237253\n|move|p1a: Heracross|Close Combat|p2a: Aggron\n|-supereffective|p2a: Aggron\n|-damage|p2a: Aggron|0 fnt\n|-unboost|p1a: Heracross|def|1\n|-unboost|p1a: Heracross|spd|1\n|faint|p2a: Aggron\n|\n|-damage|p1a: Heracross|0 fnt|[from] brn\n|faint|p1a: Heracross\n|upkeep\n|c|\u2606AutumnCookie|LOL REAL\n|c|\u2606AutumnCookie|Burn death. Sad\n|c|\u2606UncleKars|cannot wait for Lucas to be harassed all day by Barry about this\n|c|\u2606AutumnCookie|YEAH.\n|c| kpoc12|HE WILL NOT LET IT GO\n|\n|t:|1700237287\n|switch|p1a: Floatzel|Floatzel, M|100\/100\n|switch|p2a: Mightyena|Mightyena, M|10\/100\n|-damage|p2a: Mightyena|0 fnt|[from] Spikes\n|faint|p2a: Mightyena\n|c|\u2606UncleKars|LMAO?\n|c|\u2606UncleKars|WHY DID I DO THAT\n|c|\u2606AutumnCookie|LMAO SPIKES MOMENT\n|\n|t:|1700237308\n|switch|p2a: Houndoom|Houndoom, M|100\/100\n|-damage|p2a: Houndoom|88\/100|[from] Spikes\n|turn|9\n|\n|t:|1700237322\n|detailschange|p2a: Houndoom|Houndoom-Mega, M\n|-mega|p2a: Houndoom|Houndoom|Houndoominite\n|move|p2a: Houndoom|Dark Pulse|p1a: Floatzel\n|-damage|p1a: Floatzel|23\/100\n|move|p1a: Floatzel|Wave Crash|p2a: Houndoom\n|-supereffective|p2a: Houndoom\n|-damage|p2a: Houndoom|0 fnt\n|faint|p2a: Houndoom\n|-damage|p1a: Floatzel|0 fnt|[from] Recoil\n|faint|p1a: Floatzel\n|\n|upkeep\n|c|\u2606AutumnCookie|Should've just used Liquidation idk why I did that\n|c|\u2606AutumnCookie|Whatever\n|\n|t:|1700237352\n|switch|p2a: Camerupt|Camerupt, M|100\/100\n|switch|p1a: Snorlax|Snorlax, M|100\/100\n|-damage|p2a: Camerupt|88\/100|[from] Spikes\n|turn|10\n|\n|t:|1700237360\n|move|p2a: Camerupt|Yawn|p1a: Snorlax\n|-start|p1a: Snorlax|move: Yawn|[of] p2a: Camerupt\n|move|p1a: Snorlax|Curse|p1a: Snorlax\n|-unboost|p1a: Snorlax|spe|1\n|-boost|p1a: Snorlax|atk|1\n|-boost|p1a: Snorlax|def|1\n|\n|upkeep\n|turn|11\n|c| kpoc12|u so eepy\n|\n|t:|1700237382\n|move|p2a: Camerupt|Earth Power|p1a: Snorlax\n|-damage|p1a: Snorlax|75\/100\n|-unboost|p1a: Snorlax|spd|1\n|move|p1a: Snorlax|Earthquake|p2a: Camerupt\n|-supereffective|p2a: Camerupt\n|-damage|p2a: Camerupt|0 fnt\n|faint|p2a: Camerupt\n|\n|win|AutumnCookie\n|c|\u2606UncleKars|soooo eepy\n|c|\u2606UncleKars|the eepiness did nothing\n","uploadtime":1700237398,"views":10,"p1id":"autumncookie","p2id":"unclekars","formatid":"gen9nationaldex","rating":0,"private":0,"password":""}