{"id":"gen9nationaldex-1992802172","p1":"Francoise Fat","p2":"tprip15","format":"[Gen 9] National Dex","log":"|j|\u2606Francoise Fat\n|j|\u2606tprip15\n|t:|1700236715\n|gametype|singles\n|player|p1|Francoise Fat|101|1294\n|player|p2|tprip15|flint|1246\n|teamsize|p1|6\n|teamsize|p2|6\n|gen|9\n|tier|[Gen 9] National Dex\n|rated|\n|rule|HP Percentage Mod: HP is shown in percentages\n|rule|Endless Battle Clause: Forcing endless battles is banned\n|rule|OHKO Clause: OHKO moves are banned\n|rule|Evasion Clause: Evasion abilities, items, and moves are banned\n|rule|Evasion Abilities Clause: Evasion abilities are banned\n|rule|Evasion Items Clause: Evasion items are banned\n|rule|Evasion Moves Clause: Evasion moves are banned\n|rule|Species Clause: Limit one of each Pok\u00e9mon\n|rule|Sleep Clause Mod: Limit one foe put to sleep\n|clearpoke\n|poke|p1|Garchomp, M|\n|poke|p1|Iron Treads|\n|poke|p1|Dracozolt|\n|poke|p1|Tyranitar, F|\n|poke|p1|Houndstone, F|\n|poke|p1|Aggron, F|\n|poke|p2|Jirachi|\n|poke|p2|Great Tusk|\n|poke|p2|Alomomola, M|\n|poke|p2|Tapu Lele|\n|poke|p2|Hydreigon, M|\n|poke|p2|Sneasler, M|\n|teampreview\n|inactive|Battle timer is ON: inactive players will automatically lose when time's up. (requested by tprip15)\n|\n|t:|1700236740\n|start\n|switch|p1a: Iron Treads|Iron Treads|100\/100\n|switch|p2a: Great Tusk|Great Tusk|100\/100\n|-enditem|p1a: Iron Treads|Booster Energy\n|-activate|p1a: Iron Treads|ability: Quark Drive|[fromitem]\n|-start|p1a: Iron Treads|quarkdrivespe\n|turn|1\n|\n|t:|1700236748\n|move|p1a: Iron Treads|Ice Spinner|p2a: Great Tusk\n|-supereffective|p2a: Great Tusk\n|-damage|p2a: Great Tusk|76\/100\n|move|p2a: Great Tusk|Bulk Up|p2a: Great Tusk\n|-boost|p2a: Great Tusk|atk|1\n|-boost|p2a: Great Tusk|def|1\n|\n|-heal|p2a: Great Tusk|82\/100|[from] item: Leftovers\n|upkeep\n|turn|2\n|\n|t:|1700236761\n|move|p1a: Iron Treads|Ice Spinner|p2a: Great Tusk\n|-supereffective|p2a: Great Tusk\n|-damage|p2a: Great Tusk|67\/100\n|move|p2a: Great Tusk|Bulk Up|p2a: Great Tusk\n|-boost|p2a: Great Tusk|atk|1\n|-boost|p2a: Great Tusk|def|1\n|\n|-heal|p2a: Great Tusk|73\/100|[from] item: Leftovers\n|upkeep\n|turn|3\n|\n|t:|1700236764\n|move|p1a: Iron Treads|Rapid Spin|p2a: Great Tusk\n|-damage|p2a: Great Tusk|69\/100\n|-boost|p1a: Iron Treads|spe|1\n|move|p2a: Great Tusk|Bulk Up|p2a: Great Tusk\n|-boost|p2a: Great Tusk|atk|1\n|-boost|p2a: Great Tusk|def|1\n|\n|-heal|p2a: Great Tusk|76\/100|[from] item: Leftovers\n|upkeep\n|turn|4\n|\n|t:|1700236766\n|move|p1a: Iron Treads|Ice Spinner|p2a: Great Tusk\n|-supereffective|p2a: Great Tusk\n|-damage|p2a: Great Tusk|65\/100\n|move|p2a: Great Tusk|Bulk Up|p2a: Great Tusk\n|-boost|p2a: Great Tusk|atk|1\n|-boost|p2a: Great Tusk|def|1\n|\n|-heal|p2a: Great Tusk|72\/100|[from] item: Leftovers\n|upkeep\n|turn|5\n|\n|t:|1700236769\n|move|p1a: Iron Treads|Ice Spinner|p2a: Great Tusk\n|-supereffective|p2a: Great Tusk\n|-damage|p2a: Great Tusk|64\/100\n|move|p2a: Great Tusk|Bulk Up|p2a: Great Tusk\n|-boost|p2a: Great Tusk|atk|1\n|-boost|p2a: Great Tusk|def|1\n|\n|-heal|p2a: Great Tusk|70\/100|[from] item: Leftovers\n|upkeep\n|turn|6\n|\n|t:|1700236772\n|move|p1a: Iron Treads|Ice Spinner|p2a: Great Tusk\n|-supereffective|p2a: Great Tusk\n|-damage|p2a: Great Tusk|63\/100\n|move|p2a: Great Tusk|Bulk Up|p2a: Great Tusk\n|-boost|p2a: Great Tusk|atk|1\n|-boost|p2a: Great Tusk|def|1\n|\n|-heal|p2a: Great Tusk|69\/100|[from] item: Leftovers\n|upkeep\n|turn|7\n|\n|t:|1700236774\n|move|p1a: Iron Treads|Ice Spinner|p2a: Great Tusk\n|-supereffective|p2a: Great Tusk\n|-damage|p2a: Great Tusk|63\/100\n|move|p2a: Great Tusk|Rapid Spin|p1a: Iron Treads\n|-resisted|p1a: Iron Treads\n|-damage|p1a: Iron Treads|74\/100\n|-boost|p2a: Great Tusk|spe|1\n|\n|-heal|p2a: Great Tusk|70\/100|[from] item: Leftovers\n|upkeep\n|turn|8\n|\n|t:|1700236777\n|move|p1a: Iron Treads|Ice Spinner|p2a: Great Tusk\n|-supereffective|p2a: Great Tusk\n|-damage|p2a: Great Tusk|63\/100\n|move|p2a: Great Tusk|Rapid Spin|p1a: Iron Treads\n|-resisted|p1a: Iron Treads\n|-damage|p1a: Iron Treads|48\/100\n|-boost|p2a: Great Tusk|spe|1\n|\n|-heal|p2a: Great Tusk|69\/100|[from] item: Leftovers\n|upkeep\n|turn|9\n|\n|t:|1700236779\n|move|p1a: Iron Treads|Ice Spinner|p2a: Great Tusk\n|-supereffective|p2a: Great Tusk\n|-damage|p2a: Great Tusk|64\/100\n|move|p2a: Great Tusk|Rapid Spin|p1a: Iron Treads\n|-resisted|p1a: Iron Treads\n|-damage|p1a: Iron Treads|20\/100\n|-boost|p2a: Great Tusk|spe|1\n|\n|-heal|p2a: Great Tusk|70\/100|[from] item: Leftovers\n|upkeep\n|turn|10\n|\n|t:|1700236781\n|move|p1a: Iron Treads|Iron Head|p2a: Great Tusk\n|-damage|p2a: Great Tusk|65\/100\n|move|p2a: Great Tusk|Rapid Spin|p1a: Iron Treads\n|-resisted|p1a: Iron Treads\n|-damage|p1a: Iron Treads|0 fnt\n|-boost|p2a: Great Tusk|spe|1\n|faint|p1a: Iron Treads\n|-end|p1a: Iron Treads|Quark Drive|[silent]\n|\n|-heal|p2a: Great Tusk|71\/100|[from] item: Leftovers\n|upkeep\n|\n|t:|1700236785\n|switch|p1a: Oceano|Aggron, F, shiny|100\/100\n|turn|11\n|\n|t:|1700236788\n|move|p2a: Great Tusk|Earthquake|p1a: Oceano\n|-supereffective|p1a: Oceano\n|-ability|p1a: Oceano|Sturdy\n|-damage|p1a: Oceano|1\/100\n|-enditem|p1a: Oceano|Red Card|[of] p2a: Great Tusk\n|-end|p2a: Great Tusk|Protosynthesis|[silent]\n|drag|p2a: Hydreigon|Hydreigon, M|100\/100\n|move|p1a: Oceano|Metal Burst|p2a: Hydreigon\n|-damage|p2a: Hydreigon|0 fnt\n|faint|p2a: Hydreigon\n|\n|upkeep\n|\n|t:|1700236800\n|switch|p2a: Great Tusk|Great Tusk|71\/100\n|turn|12\n|\n|t:|1700236803\n|switch|p1a: Houndstone|Houndstone, F|100\/100\n|move|p2a: Great Tusk|Bulk Up|p2a: Great Tusk\n|-boost|p2a: Great Tusk|atk|1\n|-boost|p2a: Great Tusk|def|1\n|\n|-heal|p2a: Great Tusk|78\/100|[from] item: Leftovers\n|upkeep\n|turn|13\n|\n|t:|1700236810\n|move|p1a: Houndstone|Trick|p2a: Great Tusk\n|-activate|p1a: Houndstone|move: Trick|[of] p2a: Great Tusk\n|-item|p2a: Great Tusk|Eject Button|[from] move: Trick\n|-item|p1a: Houndstone|Leftovers|[from] move: Trick\n|move|p2a: Great Tusk|Earthquake|p1a: Houndstone\n|-damage|p1a: Houndstone|41\/100\n|\n|-heal|p1a: Houndstone|47\/100|[from] item: Leftovers\n|upkeep\n|turn|14\n|\n|t:|1700236814\n|move|p1a: Houndstone|Will-O-Wisp|p2a: Great Tusk|[miss]\n|-miss|p1a: Houndstone|p2a: Great Tusk\n|move|p2a: Great Tusk|Earthquake|p1a: Houndstone\n|-damage|p1a: Houndstone|0 fnt\n|faint|p1a: Houndstone\n|\n|upkeep\n|\n|t:|1700236822\n|switch|p1a: Garchomp|Garchomp, M|100\/100\n|turn|15\n|\n|t:|1700236829\n|move|p1a: Garchomp|Scale Shot|p2a: Great Tusk\n|-damage|p2a: Great Tusk|74\/100\n|-damage|p2a: Great Tusk|69\/100\n|-hitcount|p2a: Great Tusk|2\n|-enditem|p2a: Great Tusk|Eject Button\n|-unboost|p1a: Garchomp|def|1\n|-boost|p1a: Garchomp|spe|1\n|\n|t:|1700236837\n|-end|p2a: Great Tusk|Protosynthesis|[silent]\n|switch|p2a: Alomomola|Alomomola, M|100\/100\n|\n|upkeep\n|turn|16\n|\n|t:|1700236842\n|detailschange|p1a: Garchomp|Garchomp-Mega, M\n|-mega|p1a: Garchomp|Garchomp|Garchompite\n|move|p1a: Garchomp|Swords Dance|p1a: Garchomp\n|-boost|p1a: Garchomp|atk|2\n|move|p2a: Alomomola|Toxic|p1a: Garchomp\n|-status|p1a: Garchomp|tox\n|\n|-damage|p1a: Garchomp|94\/100 tox|[from] psn\n|upkeep\n|turn|17\n|\n|t:|1700236849\n|move|p1a: Garchomp|Earthquake|p2a: Alomomola\n|-damage|p2a: Alomomola|39\/100\n|move|p2a: Alomomola|Wish|p2a: Alomomola\n|\n|-damage|p1a: Garchomp|82\/100 tox|[from] psn\n|upkeep\n|turn|18\n|\n|t:|1700236854\n|move|p2a: Alomomola|Protect|p2a: Alomomola\n|-singleturn|p2a: Alomomola|Protect\n|move|p1a: Garchomp|Swords Dance|p1a: Garchomp\n|-boost|p1a: Garchomp|atk|2\n|\n|-heal|p2a: Alomomola|89\/100|[from] move: Wish|[wisher] Alomomola\n|-damage|p1a: Garchomp|64\/100 tox|[from] psn\n|upkeep\n|turn|19\n|\n|t:|1700236857\n|switch|p2a: Great Tusk|Great Tusk|69\/100\n|move|p1a: Garchomp|Earthquake|p2a: Great Tusk\n|-damage|p2a: Great Tusk|0 fnt\n|faint|p2a: Great Tusk\n|-end|p2a: Great Tusk|Protosynthesis|[silent]\n|\n|-damage|p1a: Garchomp|39\/100 tox|[from] psn\n|upkeep\n|\n|t:|1700236860\n|switch|p2a: Alomomola|Alomomola, M|100\/100\n|turn|20\n|\n|t:|1700236865\n|move|p2a: Alomomola|Protect|p2a: Alomomola\n|-singleturn|p2a: Alomomola|Protect\n|move|p1a: Garchomp|Earthquake|p2a: Alomomola\n|-activate|p2a: Alomomola|move: Protect\n|\n|-damage|p1a: Garchomp|8\/100 tox|[from] psn\n|upkeep\n|turn|21\n|\n|t:|1700236873\n|switch|p2a: Jirachi|Jirachi|100\/100\n|move|p1a: Garchomp|Earthquake|p2a: Jirachi\n|-supereffective|p2a: Jirachi\n|-damage|p2a: Jirachi|0 fnt\n|faint|p2a: Jirachi\n|\n|-damage|p1a: Garchomp|0 fnt|[from] psn\n|faint|p1a: Garchomp\n|upkeep\n|\n|t:|1700236878\n|switch|p1a: Tyranitar|Tyranitar, F, shiny|100\/100\n|switch|p2a: Alomomola|Alomomola, M|100\/100\n|-weather|Sandstorm|[from] ability: Sand Stream|[of] p1a: Tyranitar\n|turn|22\n|\n|t:|1700236882\n|move|p2a: Alomomola|Toxic|p1a: Tyranitar\n|-status|p1a: Tyranitar|tox\n|move|p1a: Tyranitar|Earthquake|p2a: Alomomola\n|-damage|p2a: Alomomola|81\/100\n|\n|-weather|Sandstorm|[upkeep]\n|-damage|p2a: Alomomola|75\/100|[from] Sandstorm\n|-damage|p1a: Tyranitar|94\/100 tox|[from] psn\n|upkeep\n|turn|23\n|\n|t:|1700236888\n|switch|p1a: Dracozolt|Dracozolt|100\/100\n|move|p2a: Alomomola|Wish|p2a: Alomomola\n|\n|-weather|Sandstorm|[upkeep]\n|-damage|p2a: Alomomola|69\/100|[from] Sandstorm\n|upkeep\n|turn|24\n|\n|t:|1700236893\n|-terastallize|p2a: Alomomola|Dragon\n|move|p1a: Dracozolt|Bolt Beak|p2a: Alomomola\n|-resisted|p2a: Alomomola\n|-damage|p2a: Alomomola|42\/100\n|-damage|p1a: Dracozolt|84\/100|[from] item: Rocky Helmet|[of] p2a: Alomomola\n|move|p2a: Alomomola|Toxic|p1a: Dracozolt\n|-status|p1a: Dracozolt|tox\n|\n|-weather|Sandstorm|[upkeep]\n|-damage|p2a: Alomomola|36\/100|[from] Sandstorm\n|-heal|p2a: Alomomola|86\/100|[from] move: Wish|[wisher] Alomomola\n|-damage|p1a: Dracozolt|78\/100 tox|[from] psn\n|upkeep\n|turn|25\n|\n|t:|1700236902\n|move|p2a: Alomomola|Protect|p2a: Alomomola\n|-singleturn|p2a: Alomomola|Protect\n|move|p1a: Dracozolt|Dragon Rush|p2a: Alomomola\n|-activate|p2a: Alomomola|move: Protect\n|\n|-weather|Sandstorm|[upkeep]\n|-damage|p2a: Alomomola|80\/100|[from] Sandstorm\n|-damage|p1a: Dracozolt|65\/100 tox|[from] psn\n|upkeep\n|turn|26\n|\n|t:|1700236913\n|switch|p1a: Oceano|Aggron, F, shiny|1\/100\n|switch|p2a: Tapu Lele|Tapu Lele|100\/100\n|-fieldstart|move: Psychic Terrain|[from] ability: Psychic Surge|[of] p2a: Tapu Lele\n|\n|-weather|Sandstorm|[upkeep]\n|-damage|p2a: Tapu Lele|94\/100|[from] Sandstorm\n|upkeep\n|turn|27\n|\n|t:|1700236920\n|move|p2a: Tapu Lele|Moonblast|p1a: Oceano\n|-resisted|p1a: Oceano\n|-damage|p1a: Oceano|0 fnt\n|faint|p1a: Oceano\n|\n|-weather|Sandstorm|[upkeep]\n|-damage|p2a: Tapu Lele|88\/100|[from] Sandstorm\n|upkeep\n|\n|t:|1700236922\n|switch|p1a: Dracozolt|Dracozolt|65\/100 tox\n|turn|28\n|\n|t:|1700236925\n|move|p1a: Dracozolt|Bolt Beak|p2a: Tapu Lele\n|-damage|p2a: Tapu Lele|0 fnt\n|faint|p2a: Tapu Lele\n|\n|-weather|Sandstorm|[upkeep]\n|-damage|p1a: Dracozolt|59\/100 tox|[from] psn\n|upkeep\n|\n|t:|1700236928\n|switch|p2a: Alomomola|Alomomola, M, tera:Dragon|100\/100\n|turn|29\n|\n|t:|1700236930\n|move|p2a: Alomomola|Protect|p2a: Alomomola\n|-singleturn|p2a: Alomomola|Protect\n|move|p1a: Dracozolt|Dragon Rush|p2a: Alomomola\n|-activate|p2a: Alomomola|move: Protect\n|\n|-weather|none\n|-damage|p1a: Dracozolt|47\/100 tox|[from] psn\n|upkeep\n|turn|30\n|\n|t:|1700236934\n|move|p1a: Dracozolt|Dragon Rush|p2a: Alomomola\n|-supereffective|p2a: Alomomola\n|-damage|p2a: Alomomola|52\/100\n|-damage|p1a: Dracozolt|30\/100 tox|[from] item: Rocky Helmet|[of] p2a: Alomomola\n|cant|p2a: Alomomola|flinch\n|\n|-damage|p1a: Dracozolt|11\/100 tox|[from] psn\n|-fieldend|move: Psychic Terrain\n|upkeep\n|turn|31\n|\n|t:|1700236939\n|switch|p1a: Tyranitar|Tyranitar, F, shiny|94\/100 tox\n|-weather|Sandstorm|[from] ability: Sand Stream|[of] p1a: Tyranitar\n|move|p2a: Alomomola|Protect||[still]\n|-fail|p2a: Alomomola\n|\n|-weather|Sandstorm|[upkeep]\n|-damage|p2a: Alomomola|46\/100|[from] Sandstorm\n|-damage|p1a: Tyranitar|88\/100 tox|[from] psn\n|upkeep\n|turn|32\n|\n|t:|1700236947\n|-terastallize|p1a: Tyranitar|Rock\n|move|p2a: Alomomola|Wish|p2a: Alomomola\n|move|p1a: Tyranitar|Stone Edge|p2a: Alomomola\n|-damage|p2a: Alomomola|2\/100\n|\n|-weather|Sandstorm|[upkeep]\n|-damage|p2a: Alomomola|0 fnt|[from] Sandstorm\n|faint|p2a: Alomomola\n|-damage|p1a: Tyranitar|76\/100 tox|[from] psn\n|upkeep\n|\n|t:|1700236950\n|switch|p2a: Sneasler|Sneasler, M|100\/100\n|turn|33\n|\n|t:|1700236955\n|move|p2a: Sneasler|Close Combat|p1a: Tyranitar\n|-supereffective|p1a: Tyranitar\n|-damage|p1a: Tyranitar|0 fnt\n|-unboost|p2a: Sneasler|def|1\n|-unboost|p2a: Sneasler|spd|1\n|faint|p1a: Tyranitar\n|\n|-weather|Sandstorm|[upkeep]\n|-damage|p2a: Sneasler|95\/100|[from] Sandstorm\n|-heal|p2a: Sneasler|100\/100|[from] move: Wish|[wisher] Alomomola\n|upkeep\n|\n|t:|1700236959\n|switch|p1a: Dracozolt|Dracozolt|11\/100 tox\n|turn|34\n|\n|t:|1700236961\n|move|p1a: Dracozolt|Bolt Beak|p2a: Sneasler\n|-damage|p2a: Sneasler|0 fnt\n|faint|p2a: Sneasler\n|\n|win|Francoise Fat\n|raw|Francoise Fat's rating: 1294 &rarr; <strong>1316<\/strong><br \/>(+22 for winning)\n|raw|tprip15's rating: 1246 &rarr; <strong>1224<\/strong><br \/>(-22 for losing)\n","uploadtime":1700236968,"views":8,"p1id":"francoisefat","p2id":"tprip15","formatid":"gen9nationaldex","rating":1224,"private":0,"password":""}