{"id":"gen9nationaldex-1989753217","p1":"Sundea17","p2":"vestkid27","format":"[Gen 9] National Dex","log":"|j|\u2606Sundea17\n|j|\u2606vestkid27\n|t:|1699892814\n|gametype|singles\n|player|p1|Sundea17|2|1533\n|player|p2|vestkid27|janitor|1547\n|teamsize|p1|6\n|teamsize|p2|6\n|gen|9\n|tier|[Gen 9] National Dex\n|rated|\n|rule|HP Percentage Mod: HP is shown in percentages\n|rule|Endless Battle Clause: Forcing endless battles is banned\n|rule|OHKO Clause: OHKO moves are banned\n|rule|Evasion Clause: Evasion abilities, items, and moves are banned\n|rule|Evasion Abilities Clause: Evasion abilities are banned\n|rule|Evasion Items Clause: Evasion items are banned\n|rule|Evasion Moves Clause: Evasion moves are banned\n|rule|Species Clause: Limit one of each Pok\u00e9mon\n|rule|Sleep Clause Mod: Limit one foe put to sleep\n|clearpoke\n|poke|p1|Ceruledge, F|\n|poke|p1|Urshifu-*, F|\n|poke|p1|Landorus-Therian, M|\n|poke|p1|Goodra-Hisui, M|\n|poke|p1|Zoroark-Hisui, F|\n|poke|p1|Lopunny, M|\n|poke|p2|Steelix, M|\n|poke|p2|Pinsir, F|\n|poke|p2|Victini|\n|poke|p2|Brambleghast, M|\n|poke|p2|Umbreon, M|\n|poke|p2|Araquanid, M|\n|teampreview\n|inactive|Battle timer is ON: inactive players will automatically lose when time's up. (requested by Sundea17)\n|c|\u2606vestkid27|Glhf\n|\n|t:|1699892844\n|start\n|switch|p1a: Goodra|Goodra-Hisui, M|100\/100\n|switch|p2a: Victini|Victini|100\/100\n|turn|1\n|inactive|Sundea17 has 120 seconds left.\n|\n|t:|1699892877\n|replace|p1a: Zoroark|Zoroark-Hisui, F, shiny\n|-end|p1a: Zoroark|Illusion\n|-zpower|p1a: Zoroark\n|move|p1a: Zoroark|Never-Ending Nightmare|p2a: Victini|[zeffect]\n|-supereffective|p2a: Victini\n|-damage|p2a: Victini|0 fnt\n|faint|p2a: Victini\n|\n|upkeep\n|inactive|vestkid27 has 120 seconds left.\n|\n|t:|1699892903\n|switch|p2a: Umbreon|Umbreon, M|100\/100\n|turn|2\n|c|\u2606vestkid27|Nice one\n|\n|t:|1699892919\n|move|p1a: Zoroark|U-turn|p2a: Umbreon\n|-supereffective|p2a: Umbreon\n|-damage|p2a: Umbreon|83\/100\n|\n|t:|1699892934\n|switch|p1a: Urshifu|Urshifu-Rapid-Strike, F|100\/100|[from] U-turn\n|move|p2a: Umbreon|Foul Play|p1a: Urshifu\n|-resisted|p1a: Urshifu\n|-damage|p1a: Urshifu|75\/100\n|\n|-heal|p2a: Umbreon|89\/100|[from] item: Leftovers\n|upkeep\n|turn|3\n|inactive|vestkid27 has 90 seconds left.\n|\n|t:|1699892966\n|move|p1a: Urshifu|U-turn|p2a: Umbreon\n|-supereffective|p2a: Umbreon\n|-damage|p2a: Umbreon|62\/100\n|\n|t:|1699892971\n|switch|p1a: Goodra|Goodra-Hisui, M|100\/100|[from] U-turn\n|move|p2a: Umbreon|Foul Play|p1a: Goodra\n|-damage|p1a: Goodra|75\/100\n|\n|-heal|p2a: Umbreon|69\/100|[from] item: Leftovers\n|upkeep\n|turn|4\n|inactive|vestkid27 has 90 seconds left.\n|\n|t:|1699892987\n|switch|p2a: Brambleghast|Brambleghast, M|100\/100\n|switch|p1a: Landorus|Landorus-Therian, M|100\/100\n|-ability|p1a: Landorus|Intimidate|boost\n|-unboost|p2a: Brambleghast|atk|1\n|\n|upkeep\n|turn|5\n|inactive|vestkid27 has 90 seconds left.\n|\n|t:|1699892995\n|move|p2a: Brambleghast|Spikes|p1a: Landorus\n|-sidestart|p1: Sundea17|Spikes\n|move|p1a: Landorus|U-turn|p2a: Brambleghast\n|-damage|p2a: Brambleghast|64\/100\n|\n|t:|1699892999\n|switch|p1a: Urshifu|Urshifu-Rapid-Strike, F|100\/100|[from] U-turn\n|-damage|p1a: Urshifu|88\/100|[from] Spikes\n|\n|upkeep\n|turn|6\n|\n|t:|1699893009\n|switch|p2a: Araquanid|Araquanid, M|100\/100\n|move|p1a: Urshifu|Shadow Ball|p2a: Araquanid\n|-damage|p2a: Araquanid|67\/100\n|\n|-heal|p2a: Araquanid|73\/100|[from] item: Leftovers\n|upkeep\n|turn|7\n|\n|t:|1699893023\n|move|p1a: Urshifu|Shadow Ball|p2a: Araquanid\n|-damage|p2a: Araquanid|41\/100\n|move|p2a: Araquanid|Liquidation|p1a: Urshifu\n|-damage|p1a: Urshifu|4\/100\n|replace|p1a: Zoroark|Zoroark-Hisui, F, shiny\n|-end|p1a: Zoroark|Illusion\n|\n|-heal|p2a: Araquanid|48\/100|[from] item: Leftovers\n|upkeep\n|turn|8\n|\n|t:|1699893042\n|switch|p2a: Umbreon|Umbreon, M|69\/100\n|move|p1a: Zoroark|Sludge Bomb|p2a: Umbreon\n|-damage|p2a: Umbreon|48\/100\n|\n|-heal|p2a: Umbreon|54\/100|[from] item: Leftovers\n|upkeep\n|turn|9\n|\n|t:|1699893050\n|move|p2a: Umbreon|Protect|p2a: Umbreon\n|-singleturn|p2a: Umbreon|Protect\n|move|p1a: Zoroark|Nasty Plot|p1a: Zoroark\n|-boost|p1a: Zoroark|spa|2\n|\n|-heal|p2a: Umbreon|60\/100|[from] item: Leftovers\n|upkeep\n|turn|10\n|\n|t:|1699893065\n|switch|p2a: Steelix|Steelix, M|100\/100\n|move|p1a: Zoroark|Sludge Bomb|p2a: Steelix\n|-immune|p2a: Steelix\n|\n|upkeep\n|turn|11\n|\n|t:|1699893077\n|move|p1a: Zoroark|Shadow Ball|p2a: Steelix\n|-damage|p2a: Steelix|23\/100\n|-unboost|p2a: Steelix|spd|1\n|move|p2a: Steelix|Iron Head|p1a: Zoroark\n|-damage|p1a: Zoroark|0 fnt\n|faint|p1a: Zoroark\n|\n|upkeep\n|\n|t:|1699893087\n|switch|p1a: Landorus|Landorus-Therian, M|100\/100\n|-ability|p1a: Landorus|Intimidate|boost\n|-unboost|p2a: Steelix|atk|1\n|turn|12\n|inactive|vestkid27 has 90 seconds left.\n|\n|t:|1699893116\n|switch|p2a: Araquanid|Araquanid, M|48\/100\n|move|p1a: Landorus|Defog|p2a: Araquanid\n|-unboost|p2a: Araquanid|evasion|1\n|-sideend|p1: Sundea17|Spikes|[from] move: Defog|[of] p1a: Landorus\n|\n|-heal|p2a: Araquanid|54\/100|[from] item: Leftovers\n|upkeep\n|turn|13\n|j| RedSkyAtNight\n|inactive|vestkid27 has 90 seconds left.\n|\n|t:|1699893126\n|move|p1a: Landorus|U-turn|p2a: Araquanid\n|-damage|p2a: Araquanid|39\/100\n|\n|t:|1699893129\n|switch|p1a: Goodra|Goodra-Hisui, M|75\/100|[from] U-turn\n|move|p2a: Araquanid|Sticky Web|p1a: Goodra\n|-sidestart|p1: Sundea17|move: Sticky Web\n|\n|-heal|p2a: Araquanid|45\/100|[from] item: Leftovers\n|upkeep\n|turn|14\n|inactive|vestkid27 has 90 seconds left.\n|\n|t:|1699893157\n|move|p1a: Goodra|Flamethrower|p2a: Araquanid\n|-damage|p2a: Araquanid|35\/100\n|move|p2a: Araquanid|Soak|p1a: Goodra\n|-start|p1a: Goodra|typechange|Water\n|\n|-heal|p2a: Araquanid|42\/100|[from] item: Leftovers\n|upkeep\n|turn|15\n|\n|t:|1699893168\n|switch|p1a: Landorus|Landorus-Therian, M|100\/100\n|-ability|p1a: Landorus|Intimidate|boost\n|-unboost|p2a: Araquanid|atk|1\n|move|p2a: Araquanid|Toxic|p1a: Landorus\n|-status|p1a: Landorus|tox\n|\n|-heal|p2a: Araquanid|48\/100|[from] item: Leftovers\n|-damage|p1a: Landorus|94\/100 tox|[from] psn\n|upkeep\n|turn|16\n|inactive|vestkid27 has 90 seconds left.\n|\n|t:|1699893191\n|move|p1a: Landorus|Toxic|p2a: Araquanid\n|-status|p2a: Araquanid|tox\n|move|p2a: Araquanid|Liquidation|p1a: Landorus\n|-supereffective|p1a: Landorus\n|-damage|p1a: Landorus|55\/100 tox\n|\n|-heal|p1a: Landorus|61\/100 tox|[from] item: Leftovers\n|-heal|p2a: Araquanid|54\/100 tox|[from] item: Leftovers\n|-damage|p1a: Landorus|49\/100 tox|[from] psn\n|-damage|p2a: Araquanid|48\/100 tox|[from] psn\n|upkeep\n|turn|17\n|l| RedSkyAtNight\n|inactive|vestkid27 has 60 seconds left.\n|\n|t:|1699893228\n|switch|p2a: Brambleghast|Brambleghast, M|64\/100\n|move|p1a: Landorus|Defog|p2a: Brambleghast\n|-unboost|p2a: Brambleghast|evasion|1\n|-sideend|p1: Sundea17|Sticky Web|[from] move: Defog|[of] p1a: Landorus\n|\n|-heal|p1a: Landorus|55\/100 tox|[from] item: Leftovers\n|-damage|p1a: Landorus|37\/100 tox|[from] psn\n|upkeep\n|turn|18\n|\n|t:|1699893238\n|move|p2a: Brambleghast|Spikes|p1a: Landorus\n|-sidestart|p1: Sundea17|Spikes\n|move|p1a: Landorus|U-turn|p2a: Brambleghast\n|-damage|p2a: Brambleghast|31\/100\n|\n|t:|1699893242\n|switch|p1a: Lopunny|Lopunny, M|100\/100|[from] U-turn\n|-damage|p1a: Lopunny|88\/100|[from] Spikes\n|\n|upkeep\n|turn|19\n|inactive|vestkid27 has 60 seconds left.\n|\n|t:|1699893253\n|switch|p2a: Steelix|Steelix, M|23\/100\n|detailschange|p1a: Lopunny|Lopunny-Mega, M\n|-mega|p1a: Lopunny|Lopunny|Lopunnite\n|move|p1a: Lopunny|Fake Out|p2a: Steelix\n|-resisted|p2a: Steelix\n|-crit|p2a: Steelix\n|-damage|p2a: Steelix|15\/100\n|\n|upkeep\n|turn|20\n|inactive|vestkid27 has 60 seconds left.\n|\n|t:|1699893272\n|move|p1a: Lopunny|Frustration|p2a: Steelix\n|-resisted|p2a: Steelix\n|-crit|p2a: Steelix\n|-damage|p2a: Steelix|0 fnt\n|faint|p2a: Steelix\n|\n|upkeep\n|\n|t:|1699893285\n|switch|p2a: Pinsir|Pinsir, F|100\/100\n|turn|21\n|\n|t:|1699893291\n|detailschange|p2a: Pinsir|Pinsir-Mega, F\n|-mega|p2a: Pinsir|Pinsir|Pinsirite\n|move|p1a: Lopunny|Frustration|p2a: Pinsir\n|-damage|p2a: Pinsir|36\/100\n|move|p2a: Pinsir|Swords Dance|p2a: Pinsir\n|-boost|p2a: Pinsir|atk|2\n|\n|upkeep\n|turn|22\n|inactive|vestkid27 has 60 seconds left.\n|\n|t:|1699893308\n|switch|p1a: Goodra|Goodra-Hisui, M|75\/100\n|-damage|p1a: Goodra|63\/100|[from] Spikes\n|move|p2a: Pinsir|Quick Attack|p1a: Goodra\n|-resisted|p1a: Goodra\n|-damage|p1a: Goodra|38\/100\n|\n|upkeep\n|turn|23\n|\n|t:|1699893319\n|move|p2a: Pinsir|Return|p1a: Goodra\n|-resisted|p1a: Goodra\n|-damage|p1a: Goodra|0 fnt\n|faint|p1a: Goodra\n|\n|upkeep\n|j| Nomer16\n|\n|t:|1699893321\n|switch|p1a: Lopunny|Lopunny-Mega, M|88\/100\n|-damage|p1a: Lopunny|76\/100|[from] Spikes\n|turn|24\n|inactive|vestkid27 has 60 seconds left.\n|\n|t:|1699893330\n|move|p1a: Lopunny|Fake Out|p2a: Pinsir\n|-damage|p2a: Pinsir|11\/100\n|cant|p2a: Pinsir|flinch\n|\n|upkeep\n|turn|25\n|inactive|vestkid27 has 60 seconds left.\n|\n|t:|1699893342\n|switch|p1a: Urshifu|Urshifu-Rapid-Strike, F|75\/100\n|-damage|p1a: Urshifu|63\/100|[from] Spikes\n|move|p2a: Pinsir|Quick Attack|p1a: Urshifu\n|-supereffective|p1a: Urshifu\n|-damage|p1a: Urshifu|0 fnt\n|faint|p1a: Urshifu\n|\n|upkeep\n|\n|t:|1699893349\n|switch|p1a: Lopunny|Lopunny-Mega, M|76\/100\n|-damage|p1a: Lopunny|64\/100|[from] Spikes\n|turn|26\n|\n|t:|1699893356\n|switch|p2a: Umbreon|Umbreon, M|60\/100\n|move|p1a: Lopunny|Fake Out|p2a: Umbreon\n|-damage|p2a: Umbreon|46\/100\n|\n|-heal|p2a: Umbreon|53\/100|[from] item: Leftovers\n|upkeep\n|turn|27\n|l| Nomer16\n|j| Nomer16\n|l| Nomer16\n|\n|t:|1699893370\n|-terastallize|p2a: Umbreon|Ghost\n|move|p1a: Lopunny|Close Combat|p2a: Umbreon\n|-damage|p2a: Umbreon|12\/100\n|-unboost|p1a: Lopunny|def|1\n|-unboost|p1a: Lopunny|spd|1\n|move|p2a: Umbreon|Foul Play|p1a: Lopunny\n|-resisted|p1a: Lopunny\n|-damage|p1a: Lopunny|14\/100\n|\n|-heal|p2a: Umbreon|18\/100|[from] item: Leftovers\n|upkeep\n|turn|28\n|inactive|vestkid27 has 60 seconds left.\n|\n|t:|1699893390\n|move|p2a: Umbreon|Protect|p2a: Umbreon\n|-singleturn|p2a: Umbreon|Protect\n|move|p1a: Lopunny|Frustration|p2a: Umbreon\n|-activate|p2a: Umbreon|move: Protect\n|\n|-heal|p2a: Umbreon|24\/100|[from] item: Leftovers\n|upkeep\n|turn|29\n|inactive|vestkid27 has 60 seconds left.\n|\n|t:|1699893407\n|switch|p2a: Araquanid|Araquanid, M|48\/100 tox\n|move|p1a: Lopunny|Close Combat|p2a: Araquanid\n|-resisted|p2a: Araquanid\n|-damage|p2a: Araquanid|21\/100 tox\n|-unboost|p1a: Lopunny|def|1\n|-unboost|p1a: Lopunny|spd|1\n|\n|-heal|p2a: Araquanid|28\/100 tox|[from] item: Leftovers\n|-damage|p2a: Araquanid|21\/100 tox|[from] psn\n|upkeep\n|turn|30\n|inactive|vestkid27 has 60 seconds left.\n|j| RedSkyAtNight\n|l| RedSkyAtNight\n|\n|t:|1699893422\n|move|p1a: Lopunny|U-turn|p2a: Araquanid\n|-damage|p2a: Araquanid|3\/100 tox\n|\n|t:|1699893424\n|switch|p1a: Landorus|Landorus-Therian, M|37\/100 tox|[from] U-turn\n|-ability|p1a: Landorus|Intimidate|boost\n|-unboost|p2a: Araquanid|atk|1\n|move|p2a: Araquanid|Liquidation|p1a: Landorus\n|-supereffective|p1a: Landorus\n|-damage|p1a: Landorus|0 fnt\n|faint|p1a: Landorus\n|\n|-heal|p2a: Araquanid|10\/100 tox|[from] item: Leftovers\n|-damage|p2a: Araquanid|0 fnt|[from] psn\n|faint|p2a: Araquanid\n|upkeep\n|inactive|vestkid27 has 60 seconds left.\n|\n|t:|1699893443\n|switch|p1a: Ceruledge|Ceruledge, F|100\/100\n|switch|p2a: Umbreon|Umbreon, M, tera:Ghost|24\/100\n|-damage|p1a: Ceruledge|88\/100|[from] Spikes\n|turn|31\n|inactive|vestkid27 has 60 seconds left.\n|\n|t:|1699893453\n|-terastallize|p1a: Ceruledge|Grass\n|move|p1a: Ceruledge|Swords Dance|p1a: Ceruledge\n|-boost|p1a: Ceruledge|atk|2\n|move|p2a: Umbreon|Foul Play|p1a: Ceruledge\n|-damage|p1a: Ceruledge|0 fnt\n|faint|p1a: Ceruledge\n|\n|-heal|p2a: Umbreon|30\/100|[from] item: Leftovers\n|upkeep\n|\n|t:|1699893460\n|switch|p1a: Lopunny|Lopunny-Mega, M|14\/100\n|-damage|p1a: Lopunny|2\/100|[from] Spikes\n|turn|32\n|\n|t:|1699893468\n|move|p2a: Umbreon|Protect|p2a: Umbreon\n|-singleturn|p2a: Umbreon|Protect\n|move|p1a: Lopunny|Frustration|p2a: Umbreon\n|-activate|p2a: Umbreon|move: Protect\n|\n|-heal|p2a: Umbreon|37\/100|[from] item: Leftovers\n|upkeep\n|turn|33\n|\n|t:|1699893480\n|move|p1a: Lopunny|Close Combat|p2a: Umbreon\n|-damage|p2a: Umbreon|0 fnt\n|-unboost|p1a: Lopunny|def|1\n|-unboost|p1a: Lopunny|spd|1\n|faint|p2a: Umbreon\n|\n|upkeep\n|\n|t:|1699893487\n|switch|p2a: Pinsir|Pinsir-Mega, F|11\/100\n|turn|34\n|l|\u2606Sundea17\n|inactive|Sundea17 disconnected and has a minute to reconnect!\n|player|p1|\n|inactive|Sundea17 has 30 seconds to reconnect!\n|inactive|Sundea17 has 20 seconds to reconnect!\n|inactive|Sundea17 has 15 seconds to reconnect!\n|inactive|Sundea17 has 10 seconds to reconnect!\n|inactive|Sundea17 has 5 seconds to reconnect!\n|-message|Sundea17 lost due to inactivity.\n|\n|win|vestkid27\n|raw|Sundea17's rating: 1533 &rarr; <strong>1514<\/strong><br \/>(-19 for losing)\n|raw|vestkid27's rating: 1547 &rarr; <strong>1566<\/strong><br \/>(+19 for winning)\n","uploadtime":1699893570,"views":28,"p1id":"sundea17","p2id":"vestkid27","formatid":"gen9nationaldex","rating":1514,"private":0,"password":""}