{"id":"gen9nationaldex-1997891057","p1":"MattBud","p2":"Coach Matt","format":"[Gen 9] National Dex","log":"|html|<div class=\"broadcast-blue\"><strong>[Gen 9] National Dex is currently suspecting Sneasler! For information on how to participate check out the <a href=\"https:\/\/www.smogon.com\/forums\/threads\/sv-national-dex-suspect-8-just-dance.3731534\/\">suspect thread<\/a>.<\/strong><\/div>\n|j|\u2606MattBud\n|j|\u2606Coach Matt\n|t:|1700864251\n|gametype|singles\n|player|p1|MattBud|swimmer|\n|player|p2|Coach Matt|102|\n|teamsize|p1|1\n|teamsize|p2|1\n|gen|9\n|tier|[Gen 9] National Dex\n|rule|HP Percentage Mod: HP is shown in percentages\n|rule|Endless Battle Clause: Forcing endless battles is banned\n|rule|OHKO Clause: OHKO moves are banned\n|rule|Evasion Clause: Evasion abilities, items, and moves are banned\n|rule|Evasion Abilities Clause: Evasion abilities are banned\n|rule|Evasion Items Clause: Evasion items are banned\n|rule|Evasion Moves Clause: Evasion moves are banned\n|rule|Species Clause: Limit one of each Pok\u00e9mon\n|rule|Sleep Clause Mod: Limit one foe put to sleep\n|clearpoke\n|poke|p1|Lanturn, F|\n|poke|p2|Ambipom, F|\n|teampreview\n|\n|t:|1700864253\n|start\n|switch|p1a: Lanturn|Lanturn, F|100\/100\n|switch|p2a: Ambipom|Ambipom, F|100\/100\n|turn|1\n|\n|t:|1700864264\n|move|p2a: Ambipom|Fake Out|p1a: Lanturn\n|-damage|p1a: Lanturn|69\/100\n|cant|p1a: Lanturn|flinch\n|\n|-heal|p1a: Lanturn|75\/100|[from] item: Leftovers\n|upkeep\n|turn|2\n|\n|t:|1700864270\n|move|p1a: Lanturn|Ion Deluge|p1a: Lanturn\n|-fieldactivate|move: Ion Deluge\n|-hint|Normal-type moves become Electric-type after using Ion Deluge.\n|move|p2a: Ambipom|Double-Edge|p1a: Lanturn\n|-heal|p1a: Lanturn|99\/100|[from] ability: Volt Absorb|[of] p2a: Ambipom\n|\n|-heal|p1a: Lanturn|100\/100|[from] item: Leftovers\n|upkeep\n|turn|3\n|\n|t:|1700864280\n|move|p2a: Ambipom|Return|p1a: Lanturn\n|-crit|p1a: Lanturn\n|-damage|p1a: Lanturn|6\/100\n|move|p1a: Lanturn|Scald|p2a: Ambipom\n|-crit|p2a: Ambipom\n|-damage|p2a: Ambipom|27\/100\n|-status|p2a: Ambipom|brn\n|\n|-heal|p1a: Lanturn|13\/100|[from] item: Leftovers\n|-damage|p2a: Ambipom|21\/100 brn|[from] brn\n|upkeep\n|turn|4\n|\n|t:|1700864292\n|move|p1a: Lanturn|Ion Deluge|p1a: Lanturn\n|-fieldactivate|move: Ion Deluge\n|-hint|Normal-type moves become Electric-type after using Ion Deluge.\n|move|p2a: Ambipom|Double-Edge|p1a: Lanturn\n|-heal|p1a: Lanturn|38\/100|[from] ability: Volt Absorb|[of] p2a: Ambipom\n|\n|-heal|p1a: Lanturn|44\/100|[from] item: Leftovers\n|-damage|p2a: Ambipom|15\/100 brn|[from] brn\n|upkeep\n|turn|5\n|\n|t:|1700864299\n|move|p1a: Lanturn|Ion Deluge|p1a: Lanturn\n|-fieldactivate|move: Ion Deluge\n|-hint|Normal-type moves become Electric-type after using Ion Deluge.\n|move|p2a: Ambipom|Double-Edge|p1a: Lanturn\n|-heal|p1a: Lanturn|69\/100|[from] ability: Volt Absorb|[of] p2a: Ambipom\n|\n|-heal|p1a: Lanturn|75\/100|[from] item: Leftovers\n|-damage|p2a: Ambipom|9\/100 brn|[from] brn\n|upkeep\n|turn|6\n|\n|t:|1700864307\n|move|p1a: Lanturn|Ion Deluge|p1a: Lanturn\n|-fieldactivate|move: Ion Deluge\n|-hint|Normal-type moves become Electric-type after using Ion Deluge.\n|move|p2a: Ambipom|Double-Edge|p1a: Lanturn\n|-heal|p1a: Lanturn|99\/100|[from] ability: Volt Absorb|[of] p2a: Ambipom\n|\n|-heal|p1a: Lanturn|100\/100|[from] item: Leftovers\n|-damage|p2a: Ambipom|3\/100 brn|[from] brn\n|upkeep\n|turn|7\n|\n|t:|1700864313\n|move|p2a: Ambipom|Double-Edge|p1a: Lanturn\n|-damage|p1a: Lanturn|64\/100\n|-damage|p2a: Ambipom|0 fnt|[from] Recoil\n|faint|p2a: Ambipom\n|\n|win|MattBud\n","uploadtime":1700864321,"views":4,"p1id":"mattbud","p2id":"coachmatt","formatid":"gen9nationaldex","rating":0,"private":0,"password":""}