{"id":"gen9nationaldex-1992662847","p1":"lefloseug","p2":"danyukeainie","format":"[Gen 9] National Dex","log":"|j|\u2606lefloseug\n|j|\u2606danyukeainie\n|t:|1700222141\n|gametype|singles\n|player|p1|lefloseug|grimsley|1428\n|player|p2|danyukeainie|caitlin|1617\n|teamsize|p1|6\n|teamsize|p2|6\n|gen|9\n|tier|[Gen 9] National Dex\n|rated|\n|rule|HP Percentage Mod: HP is shown in percentages\n|rule|Endless Battle Clause: Forcing endless battles is banned\n|rule|OHKO Clause: OHKO moves are banned\n|rule|Evasion Clause: Evasion abilities, items, and moves are banned\n|rule|Evasion Abilities Clause: Evasion abilities are banned\n|rule|Evasion Items Clause: Evasion items are banned\n|rule|Evasion Moves Clause: Evasion moves are banned\n|rule|Species Clause: Limit one of each Pok\u00e9mon\n|rule|Sleep Clause Mod: Limit one foe put to sleep\n|clearpoke\n|poke|p1|Tyranitar, M|\n|poke|p1|Tapu Fini|\n|poke|p1|Excadrill, M|\n|poke|p1|Tornadus-Therian, M|\n|poke|p1|Hippowdon, M|\n|poke|p1|Dracozolt|\n|poke|p2|Urshifu-*, F|\n|poke|p2|Aegislash, F|\n|poke|p2|Zapdos|\n|poke|p2|Diancie|\n|poke|p2|Garchomp, F|\n|poke|p2|Chansey, F|\n|teampreview\n|inactive|Battle timer is ON: inactive players will automatically lose when time's up. (requested by danyukeainie)\n|\n|t:|1700222158\n|start\n|switch|p1a: Tornadus|Tornadus-Therian, M|100\/100\n|switch|p2a: Aegislash|Aegislash, F|100\/100\n|turn|1\n|\n|t:|1700222166\n|switch|p1a: Hippowdon|Hippowdon, M|100\/100\n|-weather|Sandstorm|[from] ability: Sand Stream|[of] p1a: Hippowdon\n|move|p2a: Aegislash|King's Shield||[still]\n|-fail|p2a: Aegislash\n|\n|-weather|Sandstorm|[upkeep]\n|upkeep\n|turn|2\n|\n|t:|1700222184\n|-formechange|p2a: Aegislash|Aegislash-Blade||[from] ability: Stance Change\n|move|p2a: Aegislash|Iron Head|p1a: Hippowdon\n|-crit|p1a: Hippowdon\n|-damage|p1a: Hippowdon|54\/100\n|-damage|p2a: Aegislash|91\/100|[from] item: Life Orb\n|move|p1a: Hippowdon|Stealth Rock|p2a: Aegislash\n|-sidestart|p2: danyukeainie|move: Stealth Rock\n|\n|-weather|Sandstorm|[upkeep]\n|upkeep\n|turn|3\n|\n|t:|1700222197\n|move|p2a: Aegislash|Iron Head|p1a: Hippowdon\n|-damage|p1a: Hippowdon|21\/100\n|-damage|p2a: Aegislash|81\/100|[from] item: Life Orb\n|move|p1a: Hippowdon|Slack Off|p1a: Hippowdon\n|-heal|p1a: Hippowdon|71\/100\n|\n|-weather|Sandstorm|[upkeep]\n|upkeep\n|turn|4\n|\n|t:|1700222206\n|move|p2a: Aegislash|Iron Head|p1a: Hippowdon\n|-damage|p1a: Hippowdon|40\/100\n|-damage|p2a: Aegislash|71\/100|[from] item: Life Orb\n|move|p1a: Hippowdon|Earthquake|p2a: Aegislash\n|-supereffective|p2a: Aegislash\n|-damage|p2a: Aegislash|0 fnt\n|faint|p2a: Aegislash\n|\n|-weather|Sandstorm|[upkeep]\n|upkeep\n|\n|t:|1700222212\n|switch|p2a: Urshifu|Urshifu-Rapid-Strike, F|100\/100\n|-damage|p2a: Urshifu|94\/100|[from] Stealth Rock\n|turn|5\n|\n|t:|1700222218\n|switch|p1a: Tapu Fini|Tapu Fini|100\/100\n|-fieldstart|move: Misty Terrain|[from] ability: Misty Surge|[of] p1a: Tapu Fini\n|move|p2a: Urshifu|U-turn|p1a: Tapu Fini\n|-resisted|p1a: Tapu Fini\n|-damage|p1a: Tapu Fini|91\/100\n|\n|t:|1700222226\n|switch|p2a: Zapdos|Zapdos|100\/100|[from] U-turn\n|\n|-weather|Sandstorm|[upkeep]\n|-damage|p2a: Zapdos|94\/100|[from] Sandstorm\n|-damage|p1a: Tapu Fini|85\/100|[from] Sandstorm\n|-heal|p1a: Tapu Fini|91\/100|[from] item: Leftovers\n|upkeep\n|turn|6\n|\n|t:|1700222230\n|switch|p1a: Excadrill|Excadrill, M|100\/100\n|move|p2a: Zapdos|Defog|p1a: Excadrill\n|-unboost|p1a: Excadrill|evasion|1\n|-sideend|p2: danyukeainie|Stealth Rock|[from] move: Defog|[of] p2a: Zapdos\n|-fieldend|Misty Terrain\n|\n|-weather|Sandstorm|[upkeep]\n|-damage|p2a: Zapdos|88\/100|[from] Sandstorm\n|upkeep\n|turn|7\n|\n|t:|1700222241\n|move|p1a: Excadrill|Rock Slide|p2a: Zapdos\n|-supereffective|p2a: Zapdos\n|-damage|p2a: Zapdos|46\/100\n|move|p2a: Zapdos|Roost|p2a: Zapdos\n|-heal|p2a: Zapdos|96\/100\n|-singleturn|p2a: Zapdos|move: Roost\n|\n|-weather|Sandstorm|[upkeep]\n|-damage|p2a: Zapdos|90\/100|[from] Sandstorm\n|upkeep\n|turn|8\n|\n|t:|1700222250\n|move|p1a: Excadrill|Swords Dance|p1a: Excadrill\n|-boost|p1a: Excadrill|atk|2\n|move|p2a: Zapdos|Hurricane|p1a: Excadrill\n|-resisted|p1a: Excadrill\n|-damage|p1a: Excadrill|67\/100\n|\n|-weather|none\n|upkeep\n|turn|9\n|\n|t:|1700222262\n|switch|p2a: Urshifu|Urshifu-Rapid-Strike, F|94\/100\n|move|p1a: Excadrill|Rock Slide|p2a: Urshifu\n|-resisted|p2a: Urshifu\n|-damage|p2a: Urshifu|65\/100\n|\n|upkeep\n|turn|10\n|\n|t:|1700222273\n|switch|p1a: Tapu Fini|Tapu Fini|91\/100\n|-fieldstart|move: Misty Terrain|[from] ability: Misty Surge|[of] p1a: Tapu Fini\n|move|p2a: Urshifu|Surging Strikes|p1a: Tapu Fini\n|-resisted|p1a: Tapu Fini\n|-crit|p1a: Tapu Fini\n|-damage|p1a: Tapu Fini|84\/100\n|-resisted|p1a: Tapu Fini\n|-crit|p1a: Tapu Fini\n|-damage|p1a: Tapu Fini|76\/100\n|-resisted|p1a: Tapu Fini\n|-crit|p1a: Tapu Fini\n|-damage|p1a: Tapu Fini|68\/100\n|-hitcount|p1a: Tapu Fini|3\n|\n|-heal|p1a: Tapu Fini|74\/100|[from] item: Leftovers\n|upkeep\n|turn|11\n|\n|t:|1700222278\n|switch|p2a: Chansey|Chansey, F|100\/100\n|move|p1a: Tapu Fini|Draining Kiss|p2a: Chansey\n|-damage|p2a: Chansey|97\/100\n|-heal|p1a: Tapu Fini|81\/100|[from] drain|[of] p2a: Chansey\n|\n|-heal|p1a: Tapu Fini|87\/100|[from] item: Leftovers\n|upkeep\n|turn|12\n|\n|t:|1700222289\n|move|p1a: Tapu Fini|Taunt|p2a: Chansey\n|-start|p2a: Chansey|move: Taunt\n|move|p2a: Chansey|Chilling Water|p1a: Tapu Fini\n|-resisted|p1a: Tapu Fini\n|-damage|p1a: Tapu Fini|85\/100\n|-unboost|p1a: Tapu Fini|atk|1\n|\n|-heal|p1a: Tapu Fini|91\/100|[from] item: Leftovers\n|upkeep\n|turn|13\n|\n|t:|1700222295\n|switch|p1a: Excadrill|Excadrill, M|67\/100\n|move|p2a: Chansey|Seismic Toss|p1a: Excadrill\n|-damage|p1a: Excadrill|40\/100\n|\n|upkeep\n|turn|14\n|\n|t:|1700222303\n|move|p1a: Excadrill|Rock Slide|p2a: Chansey|[miss]\n|-miss|p1a: Excadrill|p2a: Chansey\n|move|p2a: Chansey|Chilling Water|p1a: Excadrill\n|-supereffective|p1a: Excadrill\n|-damage|p1a: Excadrill|26\/100\n|-unboost|p1a: Excadrill|atk|1\n|\n|-end|p2a: Chansey|move: Taunt\n|-fieldend|Misty Terrain\n|upkeep\n|turn|15\n|\n|t:|1700222312\n|-zpower|p1a: Excadrill\n|move|p1a: Excadrill|Corkscrew Crash|p2a: Chansey|[zeffect]\n|-damage|p2a: Chansey|0 fnt\n|faint|p2a: Chansey\n|\n|upkeep\n|\n|t:|1700222324\n|switch|p2a: Garchomp|Garchomp, F|100\/100\n|turn|16\n|\n|t:|1700222331\n|switch|p1a: Tyranitar|Tyranitar, M|100\/100\n|-weather|Sandstorm|[from] ability: Sand Stream|[of] p1a: Tyranitar\n|move|p2a: Garchomp|Swords Dance|p2a: Garchomp\n|-boost|p2a: Garchomp|atk|2\n|\n|-weather|Sandstorm|[upkeep]\n|upkeep\n|turn|17\n|\n|t:|1700222339\n|switch|p1a: Tornadus|Tornadus-Therian, M|100\/100\n|move|p2a: Garchomp|Scale Shot|p1a: Tornadus\n|-damage|p1a: Tornadus|61\/100\n|-damage|p1a: Tornadus|27\/100\n|-damage|p1a: Tornadus|0 fnt\n|faint|p1a: Tornadus\n|-hitcount|p1: Tornadus|3\n|-unboost|p2a: Garchomp|def|1\n|-boost|p2a: Garchomp|spe|1\n|\n|-weather|Sandstorm|[upkeep]\n|upkeep\n|\n|t:|1700222347\n|switch|p1a: Excadrill|Excadrill, M|26\/100\n|turn|18\n|\n|t:|1700222352\n|move|p1a: Excadrill|Earthquake|p2a: Garchomp\n|-damage|p2a: Garchomp|13\/100\n|move|p2a: Garchomp|Earthquake|p1a: Excadrill\n|-supereffective|p1a: Excadrill\n|-damage|p1a: Excadrill|0 fnt\n|faint|p1a: Excadrill\n|\n|-weather|Sandstorm|[upkeep]\n|upkeep\n|\n|t:|1700222357\n|switch|p1a: Tyranitar|Tyranitar, M|100\/100\n|turn|19\n|\n|t:|1700222363\n|move|p2a: Garchomp|Earthquake|p1a: Tyranitar\n|-supereffective|p1a: Tyranitar\n|-damage|p1a: Tyranitar|0 fnt\n|faint|p1a: Tyranitar\n|\n|-weather|Sandstorm|[upkeep]\n|upkeep\n|-message|lefloseug forfeited.\n|\n|win|danyukeainie\n|raw|lefloseug's rating: 1428 &rarr; <strong>1418<\/strong><br \/>(-10 for losing)\n|raw|danyukeainie's rating: 1617 &rarr; <strong>1627<\/strong><br \/>(+10 for winning)\n|l|\u2606lefloseug\n","uploadtime":1700222373,"views":5,"p1id":"lefloseug","p2id":"danyukeainie","formatid":"gen9nationaldex","rating":1418,"private":0,"password":""}