{"id":"gen9nationaldex-1989943004","p1":"akyraaiko","p2":"gutt2308","format":"[Gen 9] National Dex","log":"|j|\u2606akyraaiko\n|j|\u2606gutt2308\n|t:|1699908799\n|gametype|singles\n|player|p1|akyraaiko|265|\n|player|p2|gutt2308|brycenman|\n|teamsize|p1|6\n|teamsize|p2|6\n|gen|9\n|tier|[Gen 9] National Dex\n|rule|HP Percentage Mod: HP is shown in percentages\n|rule|Endless Battle Clause: Forcing endless battles is banned\n|rule|OHKO Clause: OHKO moves are banned\n|rule|Evasion Clause: Evasion abilities, items, and moves are banned\n|rule|Evasion Abilities Clause: Evasion abilities are banned\n|rule|Evasion Items Clause: Evasion items are banned\n|rule|Evasion Moves Clause: Evasion moves are banned\n|rule|Species Clause: Limit one of each Pok\u00e9mon\n|rule|Sleep Clause Mod: Limit one foe put to sleep\n|clearpoke\n|poke|p1|Iron Moth|\n|poke|p1|Kleavor, M|\n|poke|p1|Zoroark-Hisui, F|\n|poke|p1|Garchomp, M|\n|poke|p1|Lycanroc-Dusk, F|\n|poke|p1|Urshifu-*, M|\n|poke|p2|Garganacl, M|\n|poke|p2|Skeledirge, M|\n|poke|p2|Zamazenta-*|\n|poke|p2|Aegislash, M|\n|poke|p2|Gyarados, F|\n|poke|p2|Toxapex, F|\n|teampreview\n|j| Ekkogandr\n|\n|t:|1699908834\n|start\n|switch|p1a: el lobo|Lycanroc-Dusk, F, shiny|100\/100\n|switch|p2a: Garganacl|Garganacl, M|100\/100\n|turn|1\n|\n|t:|1699908857\n|move|p1a: el lobo|Focus Blast|p2a: Garganacl\n|-supereffective|p2a: Garganacl\n|-damage|p2a: Garganacl|41\/100\n|move|p2a: Garganacl|Salt Cure|p1a: el lobo\n|-damage|p1a: el lobo|71\/100\n|-start|p1a: el lobo|Salt Cure\n|replace|p1a: who?|Zoroark-Hisui, F\n|-end|p1a: who?|Illusion\n|\n|-heal|p2a: Garganacl|47\/100|[from] item: Leftovers\n|-damage|p1a: who?|59\/100|[from] Salt Cure\n|upkeep\n|turn|2\n|\n|t:|1699908892\n|switch|p2a: Aegislash|Aegislash, M|100\/100\n|move|p1a: who?|Focus Blast|p2a: Aegislash\n|-immune|p2a: Aegislash\n|\n|-damage|p1a: who?|47\/100|[from] Salt Cure\n|upkeep\n|turn|3\n|\n|t:|1699908910\n|move|p1a: who?|Bitter Malice|p2a: Aegislash\n|-supereffective|p2a: Aegislash\n|-crit|p2a: Aegislash\n|-damage|p2a: Aegislash|0 fnt\n|faint|p2a: Aegislash\n|\n|-damage|p1a: who?|34\/100|[from] Salt Cure\n|upkeep\n|\n|t:|1699908925\n|switch|p2a: Gyarados|Gyarados, F|100\/100\n|-ability|p2a: Gyarados|Intimidate|boost\n|-unboost|p1a: who?|atk|1\n|turn|4\n|\n|t:|1699908954\n|detailschange|p2a: Gyarados|Gyarados-Mega, F\n|-mega|p2a: Gyarados|Gyarados|Gyaradosite\n|-ability|p2a: Gyarados|Mold Breaker\n|move|p1a: who?|Bitter Malice|p2a: Gyarados\n|-resisted|p2a: Gyarados\n|-damage|p2a: Gyarados|79\/100\n|-unboost|p2a: Gyarados|atk|1\n|move|p2a: Gyarados|Earthquake|p1a: who?\n|-damage|p1a: who?|0 fnt\n|faint|p1a: who?\n|\n|upkeep\n|\n|t:|1699908981\n|switch|p1a: roger guedes|Urshifu-Rapid-Strike, M|100\/100\n|turn|5\n|\n|t:|1699909013\n|move|p1a: roger guedes|Close Combat|p2a: Gyarados\n|-supereffective|p2a: Gyarados\n|-damage|p2a: Gyarados|0 fnt\n|-unboost|p1a: roger guedes|def|1\n|-unboost|p1a: roger guedes|spd|1\n|faint|p2a: Gyarados\n|\n|upkeep\n|\n|t:|1699909035\n|switch|p2a: Toxapex|Toxapex, F|100\/100\n|turn|6\n|\n|t:|1699909046\n|switch|p1a: machada|Kleavor, M, shiny|100\/100\n|move|p2a: Toxapex|Baneful Bunker||[still]\n|-fail|p2a: Toxapex\n|\n|upkeep\n|turn|7\n|\n|t:|1699909055\n|move|p1a: machada|Stone Axe|p2a: Toxapex\n|-damage|p2a: Toxapex|66\/100\n|-sidestart|p2: gutt2308|move: Stealth Rock\n|move|p2a: Toxapex|Facade|p1a: machada\n|-resisted|p1a: machada\n|-damage|p1a: machada|93\/100\n|\n|upkeep\n|turn|8\n|\n|t:|1699909065\n|move|p2a: Toxapex|Baneful Bunker|p2a: Toxapex\n|-singleturn|p2a: Toxapex|move: Protect\n|move|p1a: machada|Rock Blast|p2a: Toxapex\n|-activate|p2a: Toxapex|move: Protect\n|\n|upkeep\n|turn|9\n|\n|t:|1699909083\n|move|p1a: machada|Rock Blast|p2a: Toxapex\n|-damage|p2a: Toxapex|57\/100\n|-damage|p2a: Toxapex|47\/100\n|-damage|p2a: Toxapex|38\/100\n|-damage|p2a: Toxapex|29\/100\n|-damage|p2a: Toxapex|20\/100\n|-enditem|p2a: Toxapex|Aguav Berry|[eat]\n|-heal|p2a: Toxapex|53\/100|[from] item: Aguav Berry\n|-hitcount|p2a: Toxapex|5\n|move|p2a: Toxapex|Recover|p2a: Toxapex\n|-heal|p2a: Toxapex|100\/100\n|\n|upkeep\n|turn|10\n|\n|t:|1699909108\n|move|p2a: Toxapex|Baneful Bunker|p2a: Toxapex\n|-singleturn|p2a: Toxapex|move: Protect\n|move|p1a: machada|Stone Axe|p2a: Toxapex\n|-activate|p2a: Toxapex|move: Protect\n|-status|p1a: machada|psn\n|\n|-damage|p1a: machada|81\/100 psn|[from] psn\n|upkeep\n|turn|11\n|\n|t:|1699909121\n|move|p1a: machada|Rock Blast|p2a: Toxapex\n|-damage|p2a: Toxapex|91\/100\n|-damage|p2a: Toxapex|82\/100\n|-damage|p2a: Toxapex|72\/100\n|-damage|p2a: Toxapex|63\/100\n|-damage|p2a: Toxapex|53\/100\n|-hitcount|p2a: Toxapex|5\n|move|p2a: Toxapex|Recover|p2a: Toxapex\n|-heal|p2a: Toxapex|100\/100\n|\n|-damage|p1a: machada|68\/100 psn|[from] psn\n|upkeep\n|turn|12\n|\n|t:|1699909145\n|move|p2a: Toxapex|Baneful Bunker|p2a: Toxapex\n|-singleturn|p2a: Toxapex|move: Protect\n|move|p1a: machada|Rock Blast|p2a: Toxapex\n|-activate|p2a: Toxapex|move: Protect\n|\n|-damage|p1a: machada|56\/100 psn|[from] psn\n|upkeep\n|turn|13\n|\n|t:|1699909159\n|move|p1a: machada|Stone Axe|p2a: Toxapex\n|-damage|p2a: Toxapex|69\/100\n|move|p2a: Toxapex|Recover|p2a: Toxapex\n|-heal|p2a: Toxapex|100\/100\n|\n|-damage|p1a: machada|43\/100 psn|[from] psn\n|upkeep\n|turn|14\n|\n|t:|1699909170\n|switch|p1a: el lobo|Lycanroc-Dusk, F, shiny|100\/100\n|move|p2a: Toxapex|Facade|p1a: el lobo\n|-resisted|p1a: el lobo\n|-damage|p1a: el lobo|91\/100\n|\n|upkeep\n|turn|15\n|\n|t:|1699909190\n|switch|p1a: Garchomp|Garchomp, M|100\/100\n|move|p2a: Toxapex|Baneful Bunker||[still]\n|-fail|p2a: Toxapex\n|\n|upkeep\n|turn|16\n|\n|t:|1699909206\n|detailschange|p1a: Garchomp|Garchomp-Mega, M\n|-mega|p1a: Garchomp|Garchomp|Garchompite\n|move|p1a: Garchomp|Swords Dance|p1a: Garchomp\n|-boost|p1a: Garchomp|atk|2\n|move|p2a: Toxapex|Recover||[still]\n|-fail|p2a: Toxapex|heal\n|\n|upkeep\n|turn|17\n|\n|t:|1699909225\n|move|p2a: Toxapex|Baneful Bunker|p2a: Toxapex\n|-singleturn|p2a: Toxapex|move: Protect\n|move|p1a: Garchomp|Swords Dance|p1a: Garchomp\n|-boost|p1a: Garchomp|atk|2\n|\n|upkeep\n|turn|18\n|\n|t:|1699909240\n|move|p1a: Garchomp|Earthquake|p2a: Toxapex\n|-supereffective|p2a: Toxapex\n|-crit|p2a: Toxapex\n|-damage|p2a: Toxapex|0 fnt\n|faint|p2a: Toxapex\n|\n|upkeep\n|\n|t:|1699909253\n|switch|p2a: Garganacl|Garganacl, M|47\/100\n|-damage|p2a: Garganacl|34\/100|[from] Stealth Rock\n|turn|19\n|\n|t:|1699909271\n|-terastallize|p2a: Garganacl|Water\n|move|p1a: Garchomp|Earthquake|p2a: Garganacl\n|-damage|p2a: Garganacl|0 fnt\n|faint|p2a: Garganacl\n|\n|upkeep\n|\n|t:|1699909278\n|switch|p2a: Zamazenta|Zamazenta|100\/100\n|-damage|p2a: Zamazenta|94\/100|[from] Stealth Rock\n|-ability|p2a: Zamazenta|Dauntless Shield|boost\n|-boost|p2a: Zamazenta|def|1\n|turn|20\n|\n|t:|1699909286\n|move|p2a: Zamazenta|Ice Fang|p1a: Garchomp\n|-supereffective|p1a: Garchomp\n|-damage|p1a: Garchomp|0 fnt\n|faint|p1a: Garchomp\n|\n|upkeep\n|\n|t:|1699909304\n|switch|p1a: machada|Kleavor, M, shiny|43\/100 psn\n|turn|21\n|\n|t:|1699909310\n|move|p2a: Zamazenta|Ice Fang|p1a: machada\n|-damage|p1a: machada|4\/100 psn\n|move|p1a: machada|Lunge|p2a: Zamazenta\n|-resisted|p2a: Zamazenta\n|-damage|p2a: Zamazenta|81\/100\n|-unboost|p2a: Zamazenta|atk|1\n|\n|-damage|p1a: machada|0 fnt|[from] psn\n|faint|p1a: machada\n|upkeep\n|\n|t:|1699909334\n|switch|p1a: roger guedes|Urshifu-Rapid-Strike, M|100\/100\n|turn|22\n|\n|t:|1699909352\n|move|p2a: Zamazenta|Ice Fang|p1a: roger guedes\n|-resisted|p1a: roger guedes\n|-damage|p1a: roger guedes|90\/100\n|move|p1a: roger guedes|Surging Strikes|p2a: Zamazenta\n|-crit|p2a: Zamazenta\n|-damage|p2a: Zamazenta|50\/100\n|-crit|p2a: Zamazenta\n|-damage|p2a: Zamazenta|18\/100\n|-crit|p2a: Zamazenta\n|-damage|p2a: Zamazenta|0 fnt\n|faint|p2a: Zamazenta\n|-hitcount|p2: Zamazenta|3\n|\n|upkeep\n|\n|t:|1699909362\n|switch|p2a: Skeledirge|Skeledirge, M|100\/100\n|-damage|p2a: Skeledirge|75\/100|[from] Stealth Rock\n|turn|23\n|\n|t:|1699909374\n|move|p1a: roger guedes|Surging Strikes|p2a: Skeledirge\n|-supereffective|p2a: Skeledirge\n|-crit|p2a: Skeledirge\n|-damage|p2a: Skeledirge|20\/100\n|-supereffective|p2a: Skeledirge\n|-crit|p2a: Skeledirge\n|-damage|p2a: Skeledirge|0 fnt\n|faint|p2a: Skeledirge\n|-hitcount|p2: Skeledirge|2\n|\n|win|akyraaiko\n|l|\u2606akyraaiko\n|l|\u2606gutt2308\n|l| Ekkogandr\n|j| Ekkogandr\n","uploadtime":1699909391,"views":4,"p1id":"akyraaiko","p2id":"gutt2308","formatid":"gen9nationaldex","rating":0,"private":0,"password":""}