{"id":"gen9nationaldex-1990050859","p1":"UsernameP0G","p2":"tii666","format":"[Gen 9] National Dex","log":"|j|\u2606UsernameP0G\n|j|\u2606tii666\n|t:|1699919236\n|gametype|singles\n|player|p1|UsernameP0G|gentleman-gen4|1184\n|player|p2|tii666|hilda-wonderlauncher|1265\n|teamsize|p1|6\n|teamsize|p2|6\n|gen|9\n|tier|[Gen 9] National Dex\n|rated|\n|rule|HP Percentage Mod: HP is shown in percentages\n|rule|Endless Battle Clause: Forcing endless battles is banned\n|rule|OHKO Clause: OHKO moves are banned\n|rule|Evasion Clause: Evasion abilities, items, and moves are banned\n|rule|Evasion Abilities Clause: Evasion abilities are banned\n|rule|Evasion Items Clause: Evasion items are banned\n|rule|Evasion Moves Clause: Evasion moves are banned\n|rule|Species Clause: Limit one of each Pok\u00e9mon\n|rule|Sleep Clause Mod: Limit one foe put to sleep\n|clearpoke\n|poke|p1|Revavroom, M|\n|poke|p1|Blacephalon|\n|poke|p1|Kommo-o, M|\n|poke|p1|Beedrill, M|\n|poke|p1|Golisopod, M|\n|poke|p1|Corviknight, M|\n|poke|p2|Sneasler, F|\n|poke|p2|Tapu Lele|\n|poke|p2|Iron Treads|\n|poke|p2|Lopunny, F|\n|poke|p2|Landorus-Therian, M|\n|poke|p2|Ogerpon-Wellspring, F|\n|teampreview\n|inactive|Battle timer is ON: inactive players will automatically lose when time's up. (requested by tii666)\n|\n|t:|1699919254\n|start\n|switch|p1a: Stratego|Kommo-o, M|100\/100\n|switch|p2a: Iron Treads|Iron Treads|100\/100\n|turn|1\n|\n|t:|1699919261\n|move|p2a: Iron Treads|Stealth Rock|p1a: Stratego\n|-sidestart|p1: UsernameP0G|move: Stealth Rock\n|move|p1a: Stratego|Clangorous Soul|p1a: Stratego\n|-boost|p1a: Stratego|atk|1\n|-boost|p1a: Stratego|def|1\n|-boost|p1a: Stratego|spa|1\n|-boost|p1a: Stratego|spd|1\n|-boost|p1a: Stratego|spe|1\n|-damage|p1a: Stratego|68\/100\n|-enditem|p1a: Stratego|Throat Spray\n|-boost|p1a: Stratego|spa|1|[from] item: Throat Spray\n|\n|upkeep\n|turn|2\n|\n|t:|1699919272\n|move|p1a: Stratego|Flamethrower|p2a: Iron Treads\n|-supereffective|p2a: Iron Treads\n|-crit|p2a: Iron Treads\n|-enditem|p2a: Iron Treads|Focus Sash\n|-damage|p2a: Iron Treads|1\/100\n|move|p2a: Iron Treads|Endeavor|p1a: Stratego\n|-damage|p1a: Stratego|1\/100\n|\n|upkeep\n|turn|3\n|\n|t:|1699919279\n|move|p1a: Stratego|Flamethrower|p2a: Iron Treads\n|-supereffective|p2a: Iron Treads\n|-damage|p2a: Iron Treads|0 fnt\n|faint|p2a: Iron Treads\n|-end|p2a: Iron Treads|Quark Drive|[silent]\n|\n|upkeep\n|\n|t:|1699919282\n|switch|p2a: Lopunny|Lopunny, F|100\/100\n|turn|4\n|\n|t:|1699919287\n|detailschange|p2a: Lopunny|Lopunny-Mega, F\n|-mega|p2a: Lopunny|Lopunny|Lopunnite\n|move|p2a: Lopunny|Fake Out|p1a: Stratego\n|-damage|p1a: Stratego|0 fnt\n|faint|p1a: Stratego\n|\n|upkeep\n|\n|t:|1699919295\n|switch|p1a: Disco Inferno|Blacephalon, shiny|100\/100\n|-damage|p1a: Disco Inferno|75\/100|[from] Stealth Rock\n|turn|5\n|\n|t:|1699919302\n|move|p1a: Disco Inferno|Psychic|p2a: Lopunny\n|-supereffective|p2a: Lopunny\n|-damage|p2a: Lopunny|5\/100\n|move|p2a: Lopunny|Close Combat|p1a: Disco Inferno\n|-damage|p1a: Disco Inferno|0 fnt\n|-unboost|p2a: Lopunny|def|1\n|-unboost|p2a: Lopunny|spd|1\n|faint|p1a: Disco Inferno\n|\n|upkeep\n|\n|t:|1699919306\n|switch|p1a: Mala Vida|Beedrill, M, shiny|100\/100\n|-damage|p1a: Mala Vida|76\/100|[from] Stealth Rock\n|turn|6\n|\n|t:|1699919312\n|detailschange|p1a: Mala Vida|Beedrill-Mega, M, shiny\n|-mega|p1a: Mala Vida|Beedrill|Beedrillite\n|move|p1a: Mala Vida|Fell Stinger|p2a: Lopunny\n|-resisted|p2a: Lopunny\n|-damage|p2a: Lopunny|0 fnt\n|faint|p2a: Lopunny\n|-boost|p1a: Mala Vida|atk|3\n|\n|upkeep\n|\n|t:|1699919325\n|switch|p2a: Tapu Lele|Tapu Lele|100\/100\n|-fieldstart|move: Psychic Terrain|[from] ability: Psychic Surge|[of] p2a: Tapu Lele\n|turn|7\n|\n|t:|1699919332\n|move|p2a: Tapu Lele|Psychic|p1a: Mala Vida\n|-supereffective|p1a: Mala Vida\n|-damage|p1a: Mala Vida|0 fnt\n|faint|p1a: Mala Vida\n|\n|upkeep\n|\n|t:|1699919336\n|switch|p1a: Mot\u00f6rhead|Revavroom, M, shiny|100\/100\n|-damage|p1a: Mot\u00f6rhead|95\/100|[from] Stealth Rock\n|turn|8\n|\n|t:|1699919340\n|switch|p2a: Landorus|Landorus-Therian, M|100\/100\n|-ability|p2a: Landorus|Intimidate|boost\n|-unboost|p1a: Mot\u00f6rhead|atk|1\n|move|p1a: Mot\u00f6rhead|Shift Gear|p1a: Mot\u00f6rhead\n|-boost|p1a: Mot\u00f6rhead|spe|2\n|-boost|p1a: Mot\u00f6rhead|atk|1\n|\n|upkeep\n|turn|9\n|\n|t:|1699919348\n|-terastallize|p1a: Mot\u00f6rhead|Flying\n|move|p1a: Mot\u00f6rhead|Shift Gear|p1a: Mot\u00f6rhead\n|-boost|p1a: Mot\u00f6rhead|spe|2\n|-boost|p1a: Mot\u00f6rhead|atk|1\n|move|p2a: Landorus|Earthquake|p1a: Mot\u00f6rhead\n|-immune|p1a: Mot\u00f6rhead\n|\n|upkeep\n|turn|10\n|\n|t:|1699919357\n|move|p1a: Mot\u00f6rhead|Iron Head|p2a: Landorus\n|-damage|p2a: Landorus|19\/100\n|move|p2a: Landorus|Explosion|p1a: Mot\u00f6rhead\n|-damage|p1a: Mot\u00f6rhead|0 fnt\n|faint|p2a: Landorus\n|faint|p1a: Mot\u00f6rhead\n|\n|upkeep\n|\n|t:|1699919364\n|switch|p2a: Sneasler|Sneasler, F|100\/100\n|switch|p1a: Quixote|Corviknight, M, shiny|100\/100\n|-enditem|p2a: Sneasler|Psychic Seed\n|-boost|p2a: Sneasler|spd|1|[from] item: Psychic Seed\n|-damage|p1a: Quixote|88\/100|[from] Stealth Rock\n|turn|11\n|\n|t:|1699919375\n|-terastallize|p2a: Sneasler|Flying\n|move|p2a: Sneasler|Swords Dance|p2a: Sneasler\n|-boost|p2a: Sneasler|atk|2\n|move|p1a: Quixote|Brave Bird|p2a: Sneasler\n|-damage|p2a: Sneasler|37\/100\n|-damage|p1a: Quixote|72\/100|[from] Recoil\n|\n|-heal|p1a: Quixote|78\/100|[from] item: Leftovers\n|-fieldend|move: Psychic Terrain\n|upkeep\n|turn|12\n|\n|t:|1699919383\n|move|p2a: Sneasler|Close Combat|p1a: Quixote\n|-damage|p1a: Quixote|0 fnt\n|-unboost|p2a: Sneasler|def|1\n|-unboost|p2a: Sneasler|spd|1\n|faint|p1a: Quixote\n|\n|upkeep\n|\n|t:|1699919387\n|switch|p1a: Aquamarine|Golisopod, M, shiny|100\/100\n|-damage|p1a: Aquamarine|76\/100|[from] Stealth Rock\n|turn|13\n|\n|t:|1699919390\n|move|p1a: Aquamarine|First Impression|p2a: Sneasler\n|-resisted|p2a: Sneasler\n|-damage|p2a: Sneasler|0 fnt\n|faint|p2a: Sneasler\n|\n|upkeep\n|\n|t:|1699919395\n|switch|p2a: Tapu Lele|Tapu Lele|100\/100\n|-fieldstart|move: Psychic Terrain|[from] ability: Psychic Surge|[of] p2a: Tapu Lele\n|turn|14\n|\n|t:|1699919400\n|move|p2a: Tapu Lele|Psychic|p1a: Aquamarine\n|-damage|p1a: Aquamarine|31\/100\n|move|p1a: Aquamarine|Leech Life|p2a: Tapu Lele\n|-damage|p2a: Tapu Lele|29\/100\n|-heal|p1a: Aquamarine|59\/100|[from] drain|[of] p2a: Tapu Lele\n|\n|upkeep\n|turn|15\n|\n|t:|1699919404\n|move|p2a: Tapu Lele|Psychic|p1a: Aquamarine\n|-damage|p1a: Aquamarine|15\/100\n|-unboost|p1a: Aquamarine|spd|1\n|move|p1a: Aquamarine|Leech Life|p2a: Tapu Lele\n|-damage|p2a: Tapu Lele|0 fnt\n|-heal|p1a: Aquamarine|26\/100|[from] drain|[of] p2a: Tapu Lele\n|faint|p2a: Tapu Lele\n|\n|upkeep\n|\n|t:|1699919407\n|switch|p2a: Ogerpon|Ogerpon-Wellspring, F|100\/100\n|turn|16\n|\n|t:|1699919409\n|move|p2a: Ogerpon|Ivy Cudgel|p1a: Aquamarine\n|-resisted|p1a: Aquamarine\n|-damage|p1a: Aquamarine|5\/100\n|move|p1a: Aquamarine|Leech Life|p2a: Ogerpon\n|-supereffective|p2a: Ogerpon\n|-damage|p2a: Ogerpon|0 fnt\n|-heal|p1a: Aquamarine|47\/100|[from] drain|[of] p2a: Ogerpon\n|faint|p2a: Ogerpon\n|\n|win|UsernameP0G\n|raw|UsernameP0G's rating: 1184 &rarr; <strong>1215<\/strong><br \/>(+31 for winning)\n|raw|tii666's rating: 1265 &rarr; <strong>1234<\/strong><br \/>(-31 for losing)\n","uploadtime":1699919414,"views":4,"p1id":"usernamep0g","p2id":"tii666","formatid":"gen9nationaldex","rating":1215,"private":0,"password":""}