{"id":"gen9nationaldex-1988585795","p1":"StrikerCaughtYou","p2":"female charizard","format":"[Gen 9] National Dex","log":"|j|\u2606StrikerCaughtYou\n|j|\u2606female charizard\n|t:|1699738957\n|gametype|singles\n|player|p1|StrikerCaughtYou|dawn|1200\n|player|p2|female charizard|170|1130\n|teamsize|p1|6\n|teamsize|p2|6\n|gen|9\n|tier|[Gen 9] National Dex\n|rated|\n|rule|HP Percentage Mod: HP is shown in percentages\n|rule|Endless Battle Clause: Forcing endless battles is banned\n|rule|OHKO Clause: OHKO moves are banned\n|rule|Evasion Clause: Evasion abilities, items, and moves are banned\n|rule|Evasion Abilities Clause: Evasion abilities are banned\n|rule|Evasion Items Clause: Evasion items are banned\n|rule|Evasion Moves Clause: Evasion moves are banned\n|rule|Species Clause: Limit one of each Pok\u00e9mon\n|rule|Sleep Clause Mod: Limit one foe put to sleep\n|clearpoke\n|poke|p1|Torkoal, F|\n|poke|p1|Pinsir, F|\n|poke|p1|Gastrodon-East, F|\n|poke|p1|Corviknight, F|\n|poke|p1|Porygon2|\n|poke|p1|Tapu Koko|\n|poke|p2|Kyurem|\n|poke|p2|Abomasnow, M|\n|poke|p2|Breloom, F|\n|poke|p2|Rhyperior, F|\n|poke|p2|Ogerpon-Wellspring, F|\n|poke|p2|Ekans, F|\n|teampreview\n|inactive|Battle timer is ON: inactive players will automatically lose when time's up. (requested by StrikerCaughtYou)\n|j| snugglesnfluff\n|j| it's ogrepon\n|j| imbleach\n|\n|t:|1699738978\n|start\n|switch|p1a: Torkoal|Torkoal, F|100\/100\n|switch|p2a: thanks|Ekans, F|100\/100\n|-ability|p2a: thanks|Intimidate|boost\n|-unboost|p1a: Torkoal|atk|1\n|-weather|SunnyDay|[from] ability: Drought|[of] p1a: Torkoal\n|turn|1\n|\n|t:|1699738985\n|move|p2a: thanks|Toxic Spikes|p1a: Torkoal\n|-sidestart|p1: StrikerCaughtYou|move: Toxic Spikes\n|move|p1a: Torkoal|Earthquake|p2a: thanks\n|-supereffective|p2a: thanks\n|-damage|p2a: thanks|33\/100\n|\n|-weather|SunnyDay|[upkeep]\n|upkeep\n|turn|2\n|j| kung fu pokechu\n|\n|t:|1699738992\n|move|p2a: thanks|Toxic Spikes|p1a: Torkoal\n|-sidestart|p1: StrikerCaughtYou|move: Toxic Spikes\n|move|p1a: Torkoal|Earthquake|p2a: thanks\n|-supereffective|p2a: thanks\n|-damage|p2a: thanks|0 fnt\n|faint|p2a: thanks\n|\n|-weather|SunnyDay|[upkeep]\n|upkeep\n|\n|t:|1699739005\n|switch|p2a: SOLID SUGGESTER|Rhyperior, F|100\/100\n|turn|3\n|\n|t:|1699739010\n|-terastallize|p1a: Torkoal|Grass\n|move|p2a: SOLID SUGGESTER|Rock Polish|p2a: SOLID SUGGESTER\n|-boost|p2a: SOLID SUGGESTER|spe|2\n|move|p1a: Torkoal|Solar Beam||[still]\n|-prepare|p1a: Torkoal|Solar Beam\n|-anim|p1a: Torkoal|Solar Beam|p2a: SOLID SUGGESTER\n|-supereffective|p2a: SOLID SUGGESTER\n|-damage|p2a: SOLID SUGGESTER|0 fnt\n|faint|p2a: SOLID SUGGESTER\n|\n|-weather|SunnyDay|[upkeep]\n|upkeep\n|\n|t:|1699739018\n|switch|p2a: pressure friends|Kyurem|100\/100\n|-ability|p2a: pressure friends|Pressure\n|turn|4\n|\n|t:|1699739024\n|move|p2a: pressure friends|Freeze-Dry|p1a: Torkoal\n|-supereffective|p1a: Torkoal\n|-damage|p1a: Torkoal|49\/100\n|move|p1a: Torkoal|Body Press|p2a: pressure friends\n|-supereffective|p2a: pressure friends\n|-damage|p2a: pressure friends|48\/100\n|\n|-weather|SunnyDay|[upkeep]\n|-heal|p2a: pressure friends|54\/100|[from] item: Leftovers\n|upkeep\n|turn|5\n|\n|t:|1699739030\n|move|p2a: pressure friends|Freeze-Dry|p1a: Torkoal\n|-supereffective|p1a: Torkoal\n|-damage|p1a: Torkoal|4\/100\n|move|p1a: Torkoal|Body Press|p2a: pressure friends\n|-supereffective|p2a: pressure friends\n|-damage|p2a: pressure friends|1\/100\n|\n|-weather|none\n|-heal|p2a: pressure friends|7\/100|[from] item: Leftovers\n|upkeep\n|turn|6\n|\n|t:|1699739039\n|move|p2a: pressure friends|Roost|p2a: pressure friends\n|-heal|p2a: pressure friends|57\/100\n|-singleturn|p2a: pressure friends|move: Roost\n|move|p1a: Torkoal|Body Press|p2a: pressure friends\n|-supereffective|p2a: pressure friends\n|-damage|p2a: pressure friends|7\/100\n|\n|-heal|p2a: pressure friends|13\/100|[from] item: Leftovers\n|upkeep\n|turn|7\n|\n|t:|1699739044\n|move|p2a: pressure friends|Protect|p2a: pressure friends\n|-singleturn|p2a: pressure friends|Protect\n|move|p1a: Torkoal|Body Press|p2a: pressure friends\n|-activate|p2a: pressure friends|move: Protect\n|\n|-heal|p2a: pressure friends|19\/100|[from] item: Leftovers\n|upkeep\n|turn|8\n|\n|t:|1699739047\n|move|p2a: pressure friends|Roost|p2a: pressure friends\n|-heal|p2a: pressure friends|70\/100\n|-singleturn|p2a: pressure friends|move: Roost\n|move|p1a: Torkoal|Body Press|p2a: pressure friends\n|-supereffective|p2a: pressure friends\n|-damage|p2a: pressure friends|14\/100\n|\n|-heal|p2a: pressure friends|21\/100|[from] item: Leftovers\n|upkeep\n|turn|9\n|\n|t:|1699739057\n|move|p2a: pressure friends|Protect|p2a: pressure friends\n|-singleturn|p2a: pressure friends|Protect\n|move|p1a: Torkoal|Body Press|p2a: pressure friends\n|-activate|p2a: pressure friends|move: Protect\n|\n|-heal|p2a: pressure friends|27\/100|[from] item: Leftovers\n|upkeep\n|turn|10\n|\n|t:|1699739063\n|move|p2a: pressure friends|Freeze-Dry|p1a: Torkoal\n|-supereffective|p1a: Torkoal\n|-damage|p1a: Torkoal|0 fnt\n|faint|p1a: Torkoal\n|\n|-heal|p2a: pressure friends|33\/100|[from] item: Leftovers\n|upkeep\n|\n|t:|1699739067\n|switch|p1a: Corviknight|Corviknight, F|100\/100\n|turn|11\n|\n|t:|1699739070\n|move|p2a: pressure friends|Roost|p2a: pressure friends\n|-heal|p2a: pressure friends|83\/100\n|-singleturn|p2a: pressure friends|move: Roost\n|move|p1a: Corviknight|Agility|p1a: Corviknight\n|-boost|p1a: Corviknight|spe|2\n|\n|-heal|p2a: pressure friends|89\/100|[from] item: Leftovers\n|upkeep\n|turn|12\n|\n|t:|1699739074\n|move|p1a: Corviknight|Bulk Up|p1a: Corviknight\n|-boost|p1a: Corviknight|atk|1\n|-boost|p1a: Corviknight|def|1\n|move|p2a: pressure friends|Freeze-Dry|p1a: Corviknight\n|-damage|p1a: Corviknight|62\/100\n|\n|-heal|p2a: pressure friends|95\/100|[from] item: Leftovers\n|upkeep\n|turn|13\n|\n|t:|1699739084\n|switch|p2a: mods annoy me|Ogerpon-Wellspring, F|100\/100\n|move|p1a: Corviknight|Iron Head|p2a: mods annoy me\n|-resisted|p2a: mods annoy me\n|-damage|p2a: mods annoy me|63\/100\n|\n|upkeep\n|turn|14\n|\n|t:|1699739090\n|move|p2a: mods annoy me|Encore|p1a: Corviknight\n|-start|p1a: Corviknight|Encore\n|move|p1a: Corviknight|Iron Head|p2a: mods annoy me\n|-resisted|p2a: mods annoy me\n|-damage|p2a: mods annoy me|30\/100\n|\n|upkeep\n|turn|15\n|\n|t:|1699739094\n|move|p2a: mods annoy me|Ivy Cudgel|p1a: Corviknight\n|-damage|p1a: Corviknight|31\/100\n|-enditem|p1a: Corviknight|Sitrus Berry|[eat]\n|-heal|p1a: Corviknight|56\/100|[from] item: Sitrus Berry\n|move|p1a: Corviknight|Iron Head|p2a: mods annoy me\n|-resisted|p2a: mods annoy me\n|-damage|p2a: mods annoy me|0 fnt\n|faint|p2a: mods annoy me\n|\n|upkeep\n|\n|t:|1699739106\n|switch|p2a: bisexual|Breloom, F|100\/100\n|turn|16\n|\n|t:|1699739109\n|move|p1a: Corviknight|Iron Head|p2a: bisexual\n|-crit|p2a: bisexual\n|-damage|p2a: bisexual|0 fnt\n|faint|p2a: bisexual\n|\n|-end|p1a: Corviknight|Encore\n|upkeep\n|\n|t:|1699739115\n|switch|p2a: pressure friends|Kyurem|95\/100\n|-ability|p2a: pressure friends|Pressure\n|turn|17\n|\n|t:|1699739122\n|-terastallize|p2a: pressure friends|Dragon\n|move|p1a: Corviknight|Iron Head|p2a: pressure friends\n|-damage|p2a: pressure friends|51\/100\n|cant|p2a: pressure friends|flinch\n|\n|-heal|p2a: pressure friends|57\/100|[from] item: Leftovers\n|upkeep\n|turn|18\n|\n|t:|1699739130\n|move|p2a: pressure friends|Protect|p2a: pressure friends\n|-singleturn|p2a: pressure friends|Protect\n|move|p1a: Corviknight|Brave Bird|p2a: pressure friends\n|-activate|p2a: pressure friends|move: Protect\n|\n|-heal|p2a: pressure friends|63\/100|[from] item: Leftovers\n|upkeep\n|turn|19\n|\n|t:|1699739133\n|move|p1a: Corviknight|Brave Bird|p2a: pressure friends\n|-damage|p2a: pressure friends|0 fnt\n|faint|p2a: pressure friends\n|-damage|p1a: Corviknight|28\/100|[from] Recoil\n|\n|upkeep\n|\n|t:|1699739136\n|switch|p2a: A subtle joke|Abomasnow, M|100\/100\n|-weather|Snow|[from] ability: Snow Warning|[of] p2a: A subtle joke\n|turn|20\n|\n|t:|1699739140\n|move|p1a: Corviknight|Brave Bird|p2a: A subtle joke\n|-supereffective|p2a: A subtle joke\n|-damage|p2a: A subtle joke|0 fnt\n|faint|p2a: A subtle joke\n|-damage|p1a: Corviknight|0 fnt|[from] Recoil\n|faint|p1a: Corviknight\n|\n|win|StrikerCaughtYou\n|raw|StrikerCaughtYou's rating: 1200 &rarr; <strong>1222<\/strong><br \/>(+22 for winning)\n|raw|female charizard's rating: 1160 &rarr; <strong>1138<\/strong><br \/>(-22 for losing)\n|l|\u2606StrikerCaughtYou\n|l| snugglesnfluff\n","uploadtime":1699739162,"views":4,"p1id":"strikercaughtyou","p2id":"femalecharizard","formatid":"gen9nationaldex","rating":1138,"private":0,"password":""}