{"id":"gen9nationaldex-1989872428","p1":"Warlock's Mask","p2":"poogerypillow","format":"[Gen 9] National Dex","log":"|j|\u2606Warlock's Mask\n|j|\u2606poogerypillow\n|t:|1699902777\n|gametype|singles\n|player|p1|Warlock's Mask|scientistf|1527\n|player|p2|poogerypillow|dawn-gen4pt|1576\n|teamsize|p1|6\n|teamsize|p2|6\n|gen|9\n|tier|[Gen 9] National Dex\n|rated|\n|rule|HP Percentage Mod: HP is shown in percentages\n|rule|Endless Battle Clause: Forcing endless battles is banned\n|rule|OHKO Clause: OHKO moves are banned\n|rule|Evasion Clause: Evasion abilities, items, and moves are banned\n|rule|Evasion Abilities Clause: Evasion abilities are banned\n|rule|Evasion Items Clause: Evasion items are banned\n|rule|Evasion Moves Clause: Evasion moves are banned\n|rule|Species Clause: Limit one of each Pok\u00e9mon\n|rule|Sleep Clause Mod: Limit one foe put to sleep\n|clearpoke\n|poke|p1|Ceruledge, F|\n|poke|p1|Grimmsnarl, M|\n|poke|p1|Tapu Fini|\n|poke|p1|Ferrothorn, M|\n|poke|p1|Excadrill, F|\n|poke|p1|Araquanid, F|\n|poke|p2|Beedrill, M|\n|poke|p2|Tapu Lele|\n|poke|p2|Zapdos|\n|poke|p2|Entei|\n|poke|p2|Swampert, F|\n|poke|p2|Landorus-Therian, M|\n|teampreview\n|inactive|Battle timer is ON: inactive players will automatically lose when time's up. (requested by poogerypillow)\n|inactive|Warlock's Mask also wants the timer to be on.\n|\n|t:|1699902791\n|start\n|switch|p1a: Ghost|Ferrothorn, M, shiny|100\/100\n|switch|p2a: Zapdos|Zapdos|100\/100\n|turn|1\n|\n|t:|1699902794\n|move|p2a: Zapdos|Volt Switch|p1a: Ghost\n|-resisted|p1a: Ghost\n|-damage|p1a: Ghost|93\/100\n|\n|t:|1699902798\n|switch|p2a: Entei|Entei|100\/100|[from] Volt Switch\n|move|p1a: Ghost|Knock Off|p2a: Entei\n|-crit|p2a: Entei\n|-damage|p2a: Entei|52\/100\n|-enditem|p2a: Entei|Choice Band|[from] move: Knock Off|[of] p1a: Ghost\n|\n|upkeep\n|turn|2\n|\n|t:|1699902802\n|switch|p1a: Her|Ceruledge, F, shiny|100\/100\n|move|p2a: Entei|Sacred Fire|p1a: Her\n|-start|p1a: Her|ability: Flash Fire\n|\n|upkeep\n|turn|3\n|\n|t:|1699902805\n|-end|p1a: Her|ability: Flash Fire|[silent]\n|switch|p1a: Offer Egg|Grimmsnarl, M|100\/100\n|move|p2a: Entei|Stone Edge|p1a: Offer Egg\n|-damage|p1a: Offer Egg|66\/100\n|\n|upkeep\n|turn|4\n|\n|t:|1699902810\n|switch|p2a: Tapu Lele|Tapu Lele|100\/100\n|-fieldstart|move: Psychic Terrain|[from] ability: Psychic Surge|[of] p2a: Tapu Lele\n|switch|p1a: Ghost|Ferrothorn, M, shiny|93\/100\n|\n|upkeep\n|turn|5\n|\n|t:|1699902813\n|move|p2a: Tapu Lele|Focus Blast|p1a: Ghost\n|-supereffective|p1a: Ghost\n|-damage|p1a: Ghost|27\/100\n|move|p1a: Ghost|Gyro Ball|p2a: Tapu Lele\n|-supereffective|p2a: Tapu Lele\n|-damage|p2a: Tapu Lele|0 fnt\n|faint|p2a: Tapu Lele\n|\n|upkeep\n|\n|t:|1699902823\n|switch|p2a: Beedrill|Beedrill, M|100\/100\n|turn|6\n|\n|t:|1699902829\n|switch|p1a: Wall-of-Brazil|Tapu Fini, shiny|100\/100\n|-fieldstart|move: Misty Terrain|[from] ability: Misty Surge|[of] p1a: Wall-of-Brazil\n|detailschange|p2a: Beedrill|Beedrill-Mega, M\n|-mega|p2a: Beedrill|Beedrill|Beedrillite\n|move|p2a: Beedrill|U-turn|p1a: Wall-of-Brazil\n|-resisted|p1a: Wall-of-Brazil\n|-damage|p1a: Wall-of-Brazil|82\/100\n|\n|t:|1699902833\n|switch|p2a: Zapdos|Zapdos|100\/100|[from] U-turn\n|\n|-heal|p1a: Wall-of-Brazil|89\/100|[from] item: Leftovers\n|upkeep\n|turn|7\n|\n|t:|1699902837\n|move|p1a: Wall-of-Brazil|Protect|p1a: Wall-of-Brazil\n|-singleturn|p1a: Wall-of-Brazil|Protect\n|move|p2a: Zapdos|U-turn|p1a: Wall-of-Brazil\n|-activate|p1a: Wall-of-Brazil|move: Protect\n|\n|-heal|p1a: Wall-of-Brazil|95\/100|[from] item: Leftovers\n|upkeep\n|turn|8\n|\n|t:|1699902840\n|move|p2a: Zapdos|U-turn|p1a: Wall-of-Brazil\n|-resisted|p1a: Wall-of-Brazil\n|-damage|p1a: Wall-of-Brazil|90\/100\n|\n|t:|1699902844\n|switch|p2a: Swampert|Swampert, F|100\/100|[from] U-turn\n|move|p1a: Wall-of-Brazil|Calm Mind|p1a: Wall-of-Brazil\n|-boost|p1a: Wall-of-Brazil|spa|1\n|-boost|p1a: Wall-of-Brazil|spd|1\n|\n|-heal|p1a: Wall-of-Brazil|96\/100|[from] item: Leftovers\n|upkeep\n|turn|9\n|\n|t:|1699902848\n|move|p1a: Wall-of-Brazil|Calm Mind|p1a: Wall-of-Brazil\n|-boost|p1a: Wall-of-Brazil|spa|1\n|-boost|p1a: Wall-of-Brazil|spd|1\n|move|p2a: Swampert|Flip Turn|p1a: Wall-of-Brazil\n|-resisted|p1a: Wall-of-Brazil\n|-damage|p1a: Wall-of-Brazil|88\/100\n|\n|t:|1699902852\n|switch|p2a: Beedrill|Beedrill-Mega, M|100\/100|[from] Flip Turn\n|\n|-heal|p1a: Wall-of-Brazil|94\/100|[from] item: Leftovers\n|upkeep\n|turn|10\n|\n|t:|1699902854\n|move|p1a: Wall-of-Brazil|Protect|p1a: Wall-of-Brazil\n|-singleturn|p1a: Wall-of-Brazil|Protect\n|move|p2a: Beedrill|Poison Jab|p1a: Wall-of-Brazil\n|-activate|p1a: Wall-of-Brazil|move: Protect\n|\n|-heal|p1a: Wall-of-Brazil|99\/100|[from] item: Leftovers\n|-fieldend|Misty Terrain\n|upkeep\n|turn|11\n|\n|t:|1699902856\n|-terastallize|p1a: Wall-of-Brazil|Ground\n|move|p2a: Beedrill|Poison Jab|p1a: Wall-of-Brazil\n|-resisted|p1a: Wall-of-Brazil\n|-damage|p1a: Wall-of-Brazil|80\/100\n|move|p1a: Wall-of-Brazil|Surf|p2a: Beedrill\n|-damage|p2a: Beedrill|0 fnt\n|faint|p2a: Beedrill\n|\n|-heal|p1a: Wall-of-Brazil|86\/100|[from] item: Leftovers\n|upkeep\n|\n|t:|1699902864\n|switch|p2a: Swampert|Swampert, F|100\/100\n|turn|12\n|\n|t:|1699902865\n|move|p1a: Wall-of-Brazil|Surf|p2a: Swampert\n|-damage|p2a: Swampert|55\/100\n|move|p2a: Swampert|Toxic|p1a: Wall-of-Brazil|[miss]\n|-miss|p2a: Swampert|p1a: Wall-of-Brazil\n|\n|-heal|p1a: Wall-of-Brazil|92\/100|[from] item: Leftovers\n|-heal|p2a: Swampert|61\/100|[from] item: Leftovers\n|upkeep\n|turn|13\n|\n|t:|1699902869\n|move|p1a: Wall-of-Brazil|Protect|p1a: Wall-of-Brazil\n|-singleturn|p1a: Wall-of-Brazil|Protect\n|move|p2a: Swampert|Toxic|p1a: Wall-of-Brazil\n|-activate|p1a: Wall-of-Brazil|move: Protect\n|\n|-heal|p1a: Wall-of-Brazil|99\/100|[from] item: Leftovers\n|-heal|p2a: Swampert|68\/100|[from] item: Leftovers\n|upkeep\n|turn|14\n|\n|t:|1699902872\n|switch|p1a: Ghost|Ferrothorn, M, shiny|27\/100\n|move|p2a: Swampert|Toxic|p1a: Ghost\n|-immune|p1a: Ghost\n|\n|-heal|p2a: Swampert|74\/100|[from] item: Leftovers\n|upkeep\n|turn|15\n|\n|t:|1699902876\n|switch|p2a: Zapdos|Zapdos|100\/100\n|move|p1a: Ghost|Power Whip|p2a: Zapdos\n|-resisted|p2a: Zapdos\n|-damage|p2a: Zapdos|82\/100\n|-status|p1a: Ghost|par|[from] ability: Static|[of] p2a: Zapdos\n|\n|upkeep\n|turn|16\n|\n|t:|1699902880\n|switch|p1a: Offer Egg|Grimmsnarl, M|66\/100\n|move|p2a: Zapdos|Volt Switch|p1a: Offer Egg\n|-damage|p1a: Offer Egg|32\/100\n|\n|t:|1699902884\n|switch|p2a: Entei|Entei|52\/100|[from] Volt Switch\n|\n|upkeep\n|turn|17\n|\n|t:|1699902889\n|-terastallize|p2a: Entei|Fire\n|move|p1a: Offer Egg|Parting Shot|p2a: Entei\n|-unboost|p2a: Entei|atk|1\n|-unboost|p2a: Entei|spa|1\n|\n|t:|1699902892\n|switch|p1a: Her|Ceruledge, F, shiny|100\/100|[from] Parting Shot\n|move|p2a: Entei|Sacred Fire|p1a: Her\n|-start|p1a: Her|ability: Flash Fire\n|\n|upkeep\n|turn|18\n|\n|t:|1699902898\n|move|p2a: Entei|Stone Edge|p1a: Her|[miss]\n|-miss|p2a: Entei|p1a: Her\n|move|p1a: Her|Bulk Up|p1a: Her\n|-boost|p1a: Her|atk|1\n|-boost|p1a: Her|def|1\n|\n|upkeep\n|turn|19\n|\n|t:|1699902902\n|move|p2a: Entei|Stone Edge|p1a: Her\n|-supereffective|p1a: Her\n|-damage|p1a: Her|66\/100\n|move|p1a: Her|Bitter Blade|p2a: Entei\n|-resisted|p2a: Entei\n|-damage|p2a: Entei|0 fnt\n|-heal|p1a: Her|94\/100|[from] drain|[of] p2a: Entei\n|faint|p2a: Entei\n|\n|-heal|p1a: Her|99\/100|[from] item: Leftovers\n|upkeep\n|-message|poogerypillow forfeited.\n|\n|win|Warlock's Mask\n|raw|Warlock&apos;s Mask's rating: 1527 &rarr; <strong>1550<\/strong><br \/>(+23 for winning)\n|raw|poogerypillow's rating: 1576 &rarr; <strong>1553<\/strong><br \/>(-23 for losing)\n|l|\u2606poogerypillow\n","uploadtime":1699902911,"views":9,"p1id":"warlocksmask","p2id":"poogerypillow","formatid":"gen9nationaldex","rating":1550,"private":0,"password":""}