{"id":"gen9nationaldex-1991131402","p1":"DJRRRR","p2":"gfsn\u7535\u68cd\u5973\u513f\u7c73\u8bfa","format":"[Gen 9] National Dex","log":"|j|\u2606DJRRRR\n|j|\u2606gfsn\u7535\u68cd\u5973\u513f\u7c73\u8bfa\n|t:|1700047707\n|gametype|singles\n|player|p1|DJRRRR|roxie|1343\n|player|p2|gfsn\u7535\u68cd\u5973\u513f\u7c73\u8bfa|rosa|1331\n|teamsize|p1|6\n|teamsize|p2|6\n|gen|9\n|tier|[Gen 9] National Dex\n|rated|\n|rule|HP Percentage Mod: HP is shown in percentages\n|rule|Endless Battle Clause: Forcing endless battles is banned\n|rule|OHKO Clause: OHKO moves are banned\n|rule|Evasion Clause: Evasion abilities, items, and moves are banned\n|rule|Evasion Abilities Clause: Evasion abilities are banned\n|rule|Evasion Items Clause: Evasion items are banned\n|rule|Evasion Moves Clause: Evasion moves are banned\n|rule|Species Clause: Limit one of each Pok\u00e9mon\n|rule|Sleep Clause Mod: Limit one foe put to sleep\n|clearpoke\n|poke|p1|Banette, F|\n|poke|p1|Dragonite, M|\n|poke|p1|Tapu Koko|\n|poke|p1|Iron Valiant|\n|poke|p1|Rillaboom, M|\n|poke|p1|Greninja-*, M|\n|poke|p2|Medicham, F|\n|poke|p2|Tapu Lele|\n|poke|p2|Torkoal, F|\n|poke|p2|Sinistcha-Masterpiece|\n|poke|p2|Hatterene, F|\n|poke|p2|Polteageist-Antique|\n|teampreview\n|inactive|Battle timer is ON: inactive players will automatically lose when time's up. (requested by gfsn\u7535\u68cd\u5973\u513f\u7c73\u8bfa)\n|\n|t:|1700047729\n|start\n|switch|p1a: Banette|Banette, F|100\/100\n|switch|p2a: Tapu Lele|Tapu Lele|100\/100\n|-fieldstart|move: Psychic Terrain|[from] ability: Psychic Surge|[of] p2a: Tapu Lele\n|turn|1\n|\n|t:|1700047745\n|switch|p2a: Hatterene|Hatterene, F|100\/100\n|detailschange|p1a: Banette|Banette-Mega, F\n|-mega|p1a: Banette|Banette|Banettite\n|move|p1a: Banette|Destiny Bond|p1a: Banette\n|-singlemove|p1a: Banette|Destiny Bond\n|\n|upkeep\n|turn|2\n|\n|t:|1700047757\n|move|p1a: Banette|Poltergeist|p2a: Hatterene\n|-activate|p2a: Hatterene|move: Poltergeist|Eject Button\n|-supereffective|p2a: Hatterene\n|-damage|p2a: Hatterene|0 fnt\n|faint|p2a: Hatterene\n|\n|upkeep\n|\n|t:|1700047765\n|switch|p2a: Polteageist|Polteageist-Antique, shiny|100\/100\n|turn|3\n|\n|t:|1700047773\n|move|p2a: Polteageist|Shell Smash|p2a: Polteageist\n|-unboost|p2a: Polteageist|def|1\n|-unboost|p2a: Polteageist|spd|1\n|-boost|p2a: Polteageist|atk|2\n|-boost|p2a: Polteageist|spa|2\n|-boost|p2a: Polteageist|spe|2\n|move|p1a: Banette|Poltergeist|p2a: Polteageist\n|-activate|p2a: Polteageist|move: Poltergeist|Focus Sash\n|-supereffective|p2a: Polteageist\n|-enditem|p2a: Polteageist|Focus Sash\n|-damage|p2a: Polteageist|1\/100\n|-ability|p2a: Polteageist|Weak Armor|boost\n|-unboost|p2a: Polteageist|def|1\n|-boost|p2a: Polteageist|spe|2\n|\n|upkeep\n|turn|4\n|\n|t:|1700047788\n|switch|p1a: Greninja|Greninja, M|100\/100\n|move|p2a: Polteageist|Stored Power|p1a: Greninja\n|-immune|p1a: Greninja\n|\n|upkeep\n|turn|5\n|\n|t:|1700047799\n|-terastallize|p2a: Polteageist|Fighting\n|move|p1a: Greninja|Protect|p1a: Greninja\n|-singleturn|p1a: Greninja|Protect\n|move|p2a: Polteageist|Tera Blast|p1a: Greninja|[anim] Tera Blast Fighting\n|-activate|p1a: Greninja|move: Protect\n|\n|upkeep\n|turn|6\n|\n|t:|1700047826\n|move|p2a: Polteageist|Stored Power|p1a: Greninja\n|-immune|p1a: Greninja\n|move|p1a: Greninja|Surf|p2a: Polteageist\n|-damage|p2a: Polteageist|0 fnt\n|faint|p2a: Polteageist\n|-ability|p1a: Greninja|Battle Bond|boost\n|-boost|p1a: Greninja|atk|1\n|-boost|p1a: Greninja|spa|1\n|-boost|p1a: Greninja|spe|1\n|-activate|p1a: Greninja|ability: Battle Bond\n|-damage|p1a: Greninja|91\/100|[from] item: Life Orb\n|\n|upkeep\n|\n|t:|1700047842\n|switch|p2a: Sinistcha|Sinistcha-Masterpiece, shiny|100\/100\n|turn|7\n|\n|t:|1700047851\n|move|p1a: Greninja|Dark Pulse|p2a: Sinistcha\n|-supereffective|p2a: Sinistcha\n|-damage|p2a: Sinistcha|0 fnt\n|faint|p2a: Sinistcha\n|-damage|p1a: Greninja|81\/100|[from] item: Life Orb\n|\n|upkeep\n|inactive|gfsn\u7535\u68cd\u5973\u513f\u7c73\u8bfa has 120 seconds left.\n|-message|gfsn\u7535\u68cd\u5973\u513f\u7c73\u8bfa forfeited.\n|\n|win|DJRRRR\n|raw|DJRRRR's rating: 1343 &rarr; <strong>1362<\/strong><br \/>(+19 for winning)\n|raw|gfsn\u7535\u68cd\u5973\u513f\u7c73\u8bfa's rating: 1331 &rarr; <strong>1312<\/strong><br \/>(-19 for losing)\n|l|\u2606gfsn\u7535\u68cd\u5973\u513f\u7c73\u8bfa\n","uploadtime":1700047874,"views":25,"p1id":"djrrrr","p2id":"gfsn","formatid":"gen9nationaldex","rating":1312,"private":0,"password":""}