{"id":"gen9nationaldex-1990640029","p1":"Flamer34","p2":"DerpyVaporeon","format":"[Gen 9] National Dex","log":"|j|\u2606Flamer34\n|j|\u203dDerpyVaporeon\n|t:|1699987916\n|gametype|singles\n|player|p1|Flamer34|265|1101\n|player|p2|DerpyVaporeon|misty|1079\n|teamsize|p1|6\n|teamsize|p2|6\n|gen|9\n|tier|[Gen 9] National Dex\n|rated|\n|rule|HP Percentage Mod: HP is shown in percentages\n|rule|Endless Battle Clause: Forcing endless battles is banned\n|rule|OHKO Clause: OHKO moves are banned\n|rule|Evasion Clause: Evasion abilities, items, and moves are banned\n|rule|Evasion Abilities Clause: Evasion abilities are banned\n|rule|Evasion Items Clause: Evasion items are banned\n|rule|Evasion Moves Clause: Evasion moves are banned\n|rule|Species Clause: Limit one of each Pok\u00e9mon\n|rule|Sleep Clause Mod: Limit one foe put to sleep\n|clearpoke\n|poke|p1|Leavanny, F|\n|poke|p1|Rillaboom, M|\n|poke|p1|Kartana|\n|poke|p1|Sceptile, F|\n|poke|p1|Ferrothorn, F|\n|poke|p1|Brambleghast, F|\n|poke|p2|Infernape, M|\n|poke|p2|Manectric, F|\n|poke|p2|Garchomp, M|\n|poke|p2|Mandibuzz, F|\n|poke|p2|Milotic, F|\n|poke|p2|Aegislash, F|\n|teampreview\n|inactive|Battle timer is ON: inactive players will automatically lose when time's up. (requested by DerpyVaporeon)\n|\n|t:|1699987929\n|start\n|switch|p1a: why she kinda..|Leavanny, F|100\/100\n|switch|p2a: Infernape|Infernape, M, shiny|100\/100\n|turn|1\n|\n|t:|1699987943\n|move|p2a: Infernape|Fire Punch|p1a: why she kinda..\n|-supereffective|p1a: why she kinda..\n|-damage|p1a: why she kinda..|0 fnt\n|faint|p1a: why she kinda..\n|\n|upkeep\n|\n|t:|1699987957\n|switch|p1a: Ferrothorn|Ferrothorn, F|100\/100\n|turn|2\n|\n|t:|1699987976\n|-terastallize|p1a: Ferrothorn|Ground\n|move|p2a: Infernape|Fire Punch|p1a: Ferrothorn\n|-damage|p1a: Ferrothorn|63\/100\n|-damage|p2a: Infernape|88\/100|[from] ability: Iron Barbs|[of] p1a: Ferrothorn\n|-damage|p2a: Infernape|72\/100|[from] item: Rocky Helmet|[of] p1a: Ferrothorn\n|move|p1a: Ferrothorn|Leech Seed|p2a: Infernape|[miss]\n|-miss|p1a: Ferrothorn|p2a: Infernape\n|\n|upkeep\n|turn|3\n|\n|t:|1699987991\n|switch|p2a: Manectric|Manectric, F, shiny|100\/100\n|move|p1a: Ferrothorn|Leech Seed|p2a: Manectric\n|-start|p2a: Manectric|move: Leech Seed\n|\n|-damage|p2a: Manectric|88\/100|[from] Leech Seed|[of] p1a: Ferrothorn\n|-heal|p1a: Ferrothorn|73\/100|[silent]\n|upkeep\n|turn|4\n|\n|t:|1699988003\n|switch|p1a: MonkeMan|Rillaboom, M|100\/100\n|-fieldstart|move: Grassy Terrain|[from] ability: Grassy Surge|[of] p1a: MonkeMan\n|move|p2a: Manectric|Hidden Power|p1a: MonkeMan\n|-supereffective|p1a: MonkeMan\n|-damage|p1a: MonkeMan|53\/100\n|\n|-heal|p2a: Manectric|94\/100|[from] Grassy Terrain\n|-heal|p1a: MonkeMan|59\/100|[from] Grassy Terrain\n|-damage|p2a: Manectric|82\/100|[from] Leech Seed|[of] p1a: MonkeMan\n|-heal|p1a: MonkeMan|69\/100|[silent]\n|upkeep\n|turn|5\n|\n|t:|1699988018\n|detailschange|p2a: Manectric|Manectric-Mega, F, shiny\n|-mega|p2a: Manectric|Manectric|Manectite\n|-ability|p2a: Manectric|Intimidate|boost\n|-unboost|p1a: MonkeMan|atk|1\n|move|p1a: MonkeMan|Fake Out|p2a: Manectric\n|-damage|p2a: Manectric|63\/100\n|-damage|p1a: MonkeMan|59\/100|[from] item: Life Orb\n|cant|p2a: Manectric|flinch\n|\n|-heal|p2a: Manectric|69\/100|[from] Grassy Terrain\n|-heal|p1a: MonkeMan|66\/100|[from] Grassy Terrain\n|-damage|p2a: Manectric|57\/100|[from] Leech Seed|[of] p1a: MonkeMan\n|-heal|p1a: MonkeMan|76\/100|[silent]\n|upkeep\n|turn|6\n|\n|t:|1699988028\n|switch|p2a: Mandibuzz|Mandibuzz, F, shiny|100\/100\n|switch|p1a: O-Gami|Kartana|100\/100\n|\n|upkeep\n|turn|7\n|\n|t:|1699988035\n|move|p1a: O-Gami|Sacred Sword|p2a: Mandibuzz\n|-damage|p2a: Mandibuzz|80\/100\n|-damage|p1a: O-Gami|84\/100|[from] item: Rocky Helmet|[of] p2a: Mandibuzz\n|move|p2a: Mandibuzz|Foul Play|p1a: O-Gami\n|-damage|p1a: O-Gami|21\/100\n|\n|-heal|p1a: O-Gami|28\/100|[from] Grassy Terrain\n|-heal|p1a: O-Gami|34\/100|[from] item: Leftovers\n|upkeep\n|turn|8\n|\n|t:|1699988042\n|switch|p1a: Ferrothorn|Ferrothorn, F, tera:Ground|73\/100\n|move|p2a: Mandibuzz|Foul Play|p1a: Ferrothorn\n|-damage|p1a: Ferrothorn|55\/100\n|-damage|p2a: Mandibuzz|67\/100|[from] ability: Iron Barbs|[of] p1a: Ferrothorn\n|-damage|p2a: Mandibuzz|50\/100|[from] item: Rocky Helmet|[of] p1a: Ferrothorn\n|\n|-heal|p1a: Ferrothorn|61\/100|[from] Grassy Terrain\n|-fieldend|move: Grassy Terrain\n|upkeep\n|turn|9\n|\n|t:|1699988056\n|move|p2a: Mandibuzz|Taunt|p1a: Ferrothorn\n|-start|p1a: Ferrothorn|move: Taunt\n|cant|p1a: Ferrothorn|move: Taunt|Toxic\n|\n|upkeep\n|turn|10\n|\n|t:|1699988061\n|switch|p2a: Milotic|Milotic, F, shiny|100\/100\n|move|p1a: Ferrothorn|Gyro Ball|p2a: Milotic\n|-resisted|p2a: Milotic\n|-damage|p2a: Milotic|82\/100\n|\n|-heal|p2a: Milotic|88\/100|[from] item: Leftovers\n|upkeep\n|turn|11\n|\n|t:|1699988065\n|switch|p1a: O-Gami|Kartana|34\/100\n|move|p2a: Milotic|Scald|p1a: O-Gami\n|-resisted|p1a: O-Gami\n|-damage|p1a: O-Gami|0 fnt\n|faint|p1a: O-Gami\n|\n|-heal|p2a: Milotic|94\/100|[from] item: Leftovers\n|upkeep\n|\n|t:|1699988067\n|switch|p1a: MonkeMan|Rillaboom, M|76\/100\n|-fieldstart|move: Grassy Terrain|[from] ability: Grassy Surge|[of] p1a: MonkeMan\n|turn|12\n|\n|t:|1699988076\n|switch|p2a: Aegislash|Aegislash, F, shiny|100\/100\n|move|p1a: MonkeMan|Wood Hammer|p2a: Aegislash\n|-resisted|p2a: Aegislash\n|-damage|p2a: Aegislash|62\/100\n|-damage|p1a: MonkeMan|64\/100|[from] Recoil\n|-damage|p1a: MonkeMan|54\/100|[from] item: Life Orb\n|\n|-heal|p1a: MonkeMan|60\/100|[from] Grassy Terrain\n|-heal|p2a: Aegislash|68\/100|[from] Grassy Terrain\n|upkeep\n|turn|13\n|\n|t:|1699988088\n|move|p2a: Aegislash|King's Shield|p2a: Aegislash\n|-singleturn|p2a: Aegislash|Protect\n|move|p1a: MonkeMan|U-turn|p2a: Aegislash\n|-activate|p2a: Aegislash|move: Protect\n|-unboost|p1a: MonkeMan|atk|1\n|\n|-heal|p1a: MonkeMan|66\/100|[from] Grassy Terrain\n|-heal|p2a: Aegislash|74\/100|[from] Grassy Terrain\n|upkeep\n|turn|14\n|\n|t:|1699988098\n|move|p1a: MonkeMan|U-turn|p2a: Aegislash\n|-resisted|p2a: Aegislash\n|-damage|p2a: Aegislash|71\/100\n|-damage|p1a: MonkeMan|56\/100|[from] item: Life Orb\n|\n|t:|1699988108\n|switch|p1a: Ferrothorn|Ferrothorn, F, tera:Ground|61\/100|[from] U-turn\n|move|p2a: Aegislash|Swords Dance|p2a: Aegislash\n|-boost|p2a: Aegislash|atk|2\n|\n|-heal|p2a: Aegislash|77\/100|[from] Grassy Terrain\n|-heal|p1a: Ferrothorn|67\/100|[from] Grassy Terrain\n|upkeep\n|turn|15\n|\n|t:|1699988117\n|-formechange|p2a: Aegislash|Aegislash-Blade||[from] ability: Stance Change\n|move|p2a: Aegislash|Iron Head|p1a: Ferrothorn\n|-crit|p1a: Ferrothorn\n|-damage|p1a: Ferrothorn|0 fnt\n|-damage|p2a: Aegislash|64\/100|[from] ability: Iron Barbs|[of] p1a: Ferrothorn\n|-damage|p2a: Aegislash|48\/100|[from] item: Rocky Helmet|[of] p1a: Ferrothorn\n|faint|p1a: Ferrothorn\n|\n|-heal|p2a: Aegislash|54\/100|[from] Grassy Terrain\n|upkeep\n|\n|t:|1699988125\n|switch|p1a: Brambleghast|Brambleghast, F|100\/100\n|turn|16\n|\n|t:|1699988131\n|-formechange|p2a: Aegislash|Aegislash||[from] ability: Stance Change\n|move|p2a: Aegislash|King's Shield|p2a: Aegislash\n|-singleturn|p2a: Aegislash|Protect\n|move|p1a: Brambleghast|Poltergeist|p2a: Aegislash\n|-activate|p2a: Aegislash|move: Protect\n|\n|-heal|p2a: Aegislash|60\/100|[from] Grassy Terrain\n|-fieldend|move: Grassy Terrain\n|upkeep\n|turn|17\n|\n|t:|1699988139\n|-terastallize|p2a: Aegislash|Normal\n|move|p1a: Brambleghast|Poltergeist|p2a: Aegislash\n|-immune|p2a: Aegislash\n|move|p2a: Aegislash|Swords Dance|p2a: Aegislash\n|-boost|p2a: Aegislash|atk|2\n|\n|upkeep\n|turn|18\n|\n|t:|1699988150\n|-formechange|p2a: Aegislash|Aegislash-Blade||[from] ability: Stance Change\n|move|p2a: Aegislash|Shadow Sneak|p1a: Brambleghast\n|-supereffective|p1a: Brambleghast\n|-damage|p1a: Brambleghast|0 fnt\n|faint|p1a: Brambleghast\n|\n|upkeep\n|-message|Flamer34 forfeited.\n|\n|win|DerpyVaporeon\n|raw|Flamer34's rating: 1101 &rarr; <strong>1074<\/strong><br \/>(-27 for losing)\n|raw|DerpyVaporeon's rating: 1079 &rarr; <strong>1109<\/strong><br \/>(+30 for winning)\n|l|\u2606Flamer34\n","uploadtime":1699988159,"views":9,"p1id":"flamer34","p2id":"derpyvaporeon","formatid":"gen9nationaldex","rating":1074,"private":0,"password":""}