{"id":"gen9nationaldex-1992450336","p1":"gunxia","p2":"daniel241595","format":"[Gen 9] National Dex","log":"|j|\u203dgunxia\n|j|\u2606daniel241595\n|t:|1700189065\n|gametype|singles\n|player|p1|gunxia|riley|1384\n|player|p2|daniel241595|gambler|1507\n|teamsize|p1|6\n|teamsize|p2|6\n|gen|9\n|tier|[Gen 9] National Dex\n|rated|\n|rule|HP Percentage Mod: HP is shown in percentages\n|rule|Endless Battle Clause: Forcing endless battles is banned\n|rule|OHKO Clause: OHKO moves are banned\n|rule|Evasion Clause: Evasion abilities, items, and moves are banned\n|rule|Evasion Abilities Clause: Evasion abilities are banned\n|rule|Evasion Items Clause: Evasion items are banned\n|rule|Evasion Moves Clause: Evasion moves are banned\n|rule|Species Clause: Limit one of each Pok\u00e9mon\n|rule|Sleep Clause Mod: Limit one foe put to sleep\n|clearpoke\n|poke|p1|Enamorus-Therian, F|\n|poke|p1|Hoopa-Unbound|\n|poke|p1|Porygon2|\n|poke|p1|Ursaluna, F|\n|poke|p1|Hatterene, F|\n|poke|p1|Cresselia, F|\n|poke|p2|Arcanine, M|\n|poke|p2|Flygon, F|\n|poke|p2|Empoleon, M|\n|poke|p2|Eelektross, F|\n|poke|p2|Florges, F|\n|poke|p2|Kleavor, M|\n|teampreview\n|inactive|Battle timer is ON: inactive players will automatically lose when time's up. (requested by daniel241595)\n|\n|t:|1700189083\n|start\n|switch|p1a: Enamorus|Enamorus-Therian, F|100\/100\n|switch|p2a: Kleavor|Kleavor, M|100\/100\n|turn|1\n|\n|t:|1700189093\n|-terastallize|p1a: Enamorus|Fairy\n|move|p2a: Kleavor|Stone Axe|p1a: Enamorus\n|-damage|p1a: Enamorus|53\/100\n|-sidestart|p1: gunxia|move: Stealth Rock\n|move|p1a: Enamorus|Draining Kiss|p2a: Kleavor\n|-damage|p2a: Kleavor|0 fnt\n|-heal|p1a: Enamorus|100\/100|[from] drain|[of] p2a: Kleavor\n|faint|p2a: Kleavor\n|\n|upkeep\n|\n|t:|1700189105\n|switch|p2a: Arcanine|Arcanine, M, shiny|100\/100\n|-ability|p2a: Arcanine|Intimidate|boost\n|-unboost|p1a: Enamorus|atk|1\n|turn|2\n|\n|t:|1700189112\n|switch|p1a: Porygon2|Porygon2|100\/100\n|-damage|p1a: Porygon2|88\/100|[from] Stealth Rock\n|-ability|p1a: Porygon2|Intimidate|boost\n|-unboost|p2a: Arcanine|atk|1\n|-ability|p1a: Porygon2|Intimidate|[from] ability: Trace|[of] p2a: Arcanine\n|move|p2a: Arcanine|Iron Head|p1a: Porygon2\n|-damage|p1a: Porygon2|74\/100\n|\n|upkeep\n|turn|3\n|\n|t:|1700189122\n|switch|p2a: Empoleon|Empoleon, M|100\/100\n|move|p1a: Porygon2|Trick Room|p1a: Porygon2\n|-fieldstart|move: Trick Room|[of] p1a: Porygon2\n|\n|upkeep\n|turn|4\n|\n|t:|1700189129\n|move|p2a: Empoleon|Scald|p1a: Porygon2\n|-damage|p1a: Porygon2|56\/100\n|move|p1a: Porygon2|Teleport|p1a: Porygon2\n|\n|t:|1700189136\n|switch|p1a: Ursaluna|Ursaluna, F|100\/100|[from] Teleport\n|-damage|p1a: Ursaluna|94\/100|[from] Stealth Rock\n|\n|-status|p1a: Ursaluna|brn|[from] item: Flame Orb\n|upkeep\n|turn|5\n|\n|t:|1700189144\n|-terastallize|p2a: Empoleon|Ghost\n|move|p1a: Ursaluna|Facade|p2a: Empoleon\n|-immune|p2a: Empoleon\n|move|p2a: Empoleon|Scald|p1a: Ursaluna\n|-supereffective|p1a: Ursaluna\n|-damage|p1a: Ursaluna|45\/100 brn\n|\n|-damage|p1a: Ursaluna|39\/100 brn|[from] brn\n|upkeep\n|turn|6\n|\n|t:|1700189157\n|switch|p1a: Hoopa|Hoopa-Unbound|100\/100\n|-damage|p1a: Hoopa|88\/100|[from] Stealth Rock\n|move|p2a: Empoleon|Scald|p1a: Hoopa\n|-damage|p1a: Hoopa|67\/100\n|-status|p1a: Hoopa|brn\n|\n|-damage|p1a: Hoopa|61\/100 brn|[from] brn\n|upkeep\n|turn|7\n|\n|t:|1700189169\n|switch|p2a: Florges|Florges, F|100\/100\n|move|p1a: Hoopa|Hyperspace Fury|p2a: Florges\n|-resisted|p2a: Florges\n|-damage|p2a: Florges|86\/100\n|-unboost|p1a: Hoopa|def|1\n|\n|-heal|p2a: Florges|92\/100|[from] item: Leftovers\n|-damage|p1a: Hoopa|55\/100 brn|[from] brn\n|-fieldend|move: Trick Room\n|upkeep\n|turn|8\n|\n|t:|1700189182\n|switch|p1a: Cresselia|Cresselia, F|100\/100\n|-damage|p1a: Cresselia|88\/100|[from] Stealth Rock\n|move|p2a: Florges|Moonblast|p1a: Cresselia\n|-damage|p1a: Cresselia|67\/100\n|-unboost|p1a: Cresselia|spa|1\n|\n|-heal|p2a: Florges|98\/100|[from] item: Leftovers\n|upkeep\n|turn|9\n|\n|t:|1700189195\n|switch|p2a: Arcanine|Arcanine, M, shiny|100\/100\n|-ability|p2a: Arcanine|Intimidate|boost\n|-unboost|p1a: Cresselia|atk|1\n|move|p1a: Cresselia|Trick Room|p1a: Cresselia\n|-fieldstart|move: Trick Room|[of] p1a: Cresselia\n|\n|upkeep\n|turn|10\n|\n|t:|1700189206\n|move|p1a: Cresselia|Lunar Dance|p1a: Cresselia\n|faint|p1a: Cresselia\n|move|p2a: Arcanine|Flare Blitz|p1: Cresselia|[notarget]\n|-fail|p2a: Arcanine\n|\n|upkeep\n|\n|t:|1700189215\n|switch|p1a: Enamorus|Enamorus-Therian, F, tera:Fairy|100\/100\n|-heal|p1a: Enamorus|100\/100|[from] move: Lunar Dance\n|-damage|p1a: Enamorus|88\/100|[from] Stealth Rock\n|turn|11\n|\n|t:|1700189225\n|switch|p2a: Eelektross|Eelektross, F|100\/100\n|move|p1a: Enamorus|Earth Power|p2a: Eelektross\n|-immune|p2a: Eelektross|[from] ability: Levitate\n|\n|upkeep\n|turn|12\n|\n|t:|1700189237\n|switch|p1a: Ursaluna|Ursaluna, F|39\/100 brn\n|-damage|p1a: Ursaluna|33\/100 brn|[from] Stealth Rock\n|move|p2a: Eelektross|Giga Drain|p1a: Ursaluna\n|-supereffective|p1a: Ursaluna\n|-damage|p1a: Ursaluna|0 fnt\n|faint|p1a: Ursaluna\n|\n|upkeep\n|\n|t:|1700189245\n|switch|p1a: Enamorus|Enamorus-Therian, F, tera:Fairy|88\/100\n|-damage|p1a: Enamorus|76\/100|[from] Stealth Rock\n|turn|13\n|\n|t:|1700189253\n|move|p2a: Eelektross|Volt Switch|p1a: Enamorus\n|-damage|p1a: Enamorus|43\/100\n|\n|t:|1700189264\n|switch|p2a: Empoleon|Empoleon, M, tera:Ghost|100\/100|[from] Volt Switch\n|move|p1a: Enamorus|Moonblast|p2a: Empoleon\n|-damage|p2a: Empoleon|0 fnt\n|faint|p2a: Empoleon\n|\n|-fieldend|move: Trick Room\n|upkeep\n|\n|t:|1700189277\n|switch|p2a: Arcanine|Arcanine, M, shiny|100\/100\n|-ability|p2a: Arcanine|Intimidate|boost\n|-unboost|p1a: Enamorus|atk|1\n|turn|14\n|\n|t:|1700189288\n|switch|p1a: Hoopa|Hoopa-Unbound|55\/100 brn\n|-damage|p1a: Hoopa|43\/100 brn|[from] Stealth Rock\n|move|p2a: Arcanine|Flare Blitz|p1a: Hoopa\n|-damage|p1a: Hoopa|0 fnt\n|faint|p1a: Hoopa\n|-damage|p2a: Arcanine|87\/100|[from] Recoil\n|\n|upkeep\n|inactive|gunxia has 120 seconds left.\n|n|\u203dgunxia|gunxia\n|inactive|gunxia has 90 seconds left.\n|\n|t:|1700189358\n|switch|p1a: Porygon2|Porygon2|56\/100\n|-damage|p1a: Porygon2|44\/100|[from] Stealth Rock\n|-ability|p1a: Porygon2|Intimidate|boost\n|-unboost|p2a: Arcanine|atk|1\n|-ability|p1a: Porygon2|Intimidate|[from] ability: Trace|[of] p2a: Arcanine\n|turn|15\n|\n|t:|1700189367\n|move|p2a: Arcanine|Flare Blitz|p1a: Porygon2\n|-damage|p1a: Porygon2|14\/100\n|-damage|p2a: Arcanine|78\/100|[from] Recoil\n|move|p1a: Porygon2|Trick Room|p1a: Porygon2\n|-fieldstart|move: Trick Room|[of] p1a: Porygon2\n|\n|upkeep\n|turn|16\n|inactive|gunxia has 90 seconds left.\n|\n|t:|1700189385\n|move|p2a: Arcanine|Flare Blitz|p1a: Porygon2\n|-damage|p1a: Porygon2|0 fnt\n|faint|p1a: Porygon2\n|-damage|p2a: Arcanine|73\/100|[from] Recoil\n|\n|upkeep\n|inactive|gunxia has 90 seconds left.\n|\n|t:|1700189405\n|switch|p1a: Enamorus|Enamorus-Therian, F, tera:Fairy|43\/100\n|-damage|p1a: Enamorus|30\/100|[from] Stealth Rock\n|turn|17\n|inactive|daniel241595 has 120 seconds left.\n|\n|t:|1700189437\n|switch|p2a: Flygon|Flygon, F|100\/100\n|move|p1a: Enamorus|Draining Kiss|p2a: Flygon\n|-supereffective|p2a: Flygon\n|-damage|p2a: Flygon|0 fnt\n|-heal|p1a: Enamorus|95\/100|[from] drain|[of] p2a: Flygon\n|faint|p2a: Flygon\n|\n|upkeep\n|inactive|daniel241595 has 120 seconds left.\n|\n|t:|1700189444\n|switch|p2a: Florges|Florges, F|98\/100\n|turn|18\n|inactive|gunxia has 60 seconds left.\n|inactive|gunxia has 30 seconds left.\n|inactive|gunxia has 20 seconds left.\n|inactive|gunxia has 15 seconds left.\n|inactive|gunxia has 10 seconds left.\n|inactive|gunxia has 5 seconds left.\n|-message|gunxia lost due to inactivity.\n|\n|win|daniel241595\n|raw|gunxia's rating: 1384 &rarr; <strong>1371<\/strong><br \/>(-13 for losing)\n|raw|daniel241595's rating: 1507 &rarr; <strong>1520<\/strong><br \/>(+13 for winning)\n","uploadtime":1700189542,"views":27,"p1id":"gunxia","p2id":"daniel241595","formatid":"gen9nationaldex","rating":1371,"private":0,"password":""}