{"id":"gen9nationaldex-1990588378","p1":"Gangster Samurott","p2":"Damnright","format":"[Gen 9] National Dex","log":"|j|\u2606Gangster Samurott\n|j|\u2606Damnright\n|t:|1699983753\n|gametype|singles\n|player|p1|Gangster Samurott|brycenman|\n|player|p2|Damnright|mai|\n|teamsize|p1|6\n|teamsize|p2|6\n|gen|9\n|tier|[Gen 9] National Dex\n|rule|HP Percentage Mod: HP is shown in percentages\n|rule|Endless Battle Clause: Forcing endless battles is banned\n|rule|OHKO Clause: OHKO moves are banned\n|rule|Evasion Clause: Evasion abilities, items, and moves are banned\n|rule|Evasion Abilities Clause: Evasion abilities are banned\n|rule|Evasion Items Clause: Evasion items are banned\n|rule|Evasion Moves Clause: Evasion moves are banned\n|rule|Species Clause: Limit one of each Pok\u00e9mon\n|rule|Sleep Clause Mod: Limit one foe put to sleep\n|clearpoke\n|poke|p1|Arcanine-Hisui, F|\n|poke|p1|Golem-Alola, F|\n|poke|p1|Basculegion, M|\n|poke|p1|Rillaboom, M|\n|poke|p1|Corviknight, F|\n|poke|p1|Blacephalon|\n|poke|p2|Blacephalon|\n|poke|p2|Electrode-Hisui|\n|poke|p2|Swampert, F|\n|poke|p2|Azelf|\n|poke|p2|Bewear, F|\n|poke|p2|Arcanine-Hisui, F|\n|teampreview\n|c|\u2606Gangster Samurott|glhf\n|c|\u2606Damnright|hf\n|j| Fant'sy Beast\n|\n|t:|1699983783\n|start\n|switch|p1a: Mumbo Jumbo|Golem-Alola, F|100\/100\n|switch|p2a: Azelf|Azelf, shiny|100\/100\n|turn|1\n|\n|t:|1699983789\n|move|p2a: Azelf|U-turn|p1a: Mumbo Jumbo\n|-damage|p1a: Mumbo Jumbo|73\/100\n|c| Fant'sy Beast|go gangster\n|\n|t:|1699983796\n|switch|p2a: Bewear|Bewear, F, shiny|100\/100|[from] U-turn\n|move|p1a: Mumbo Jumbo|Stealth Rock|p2a: Bewear\n|-sidestart|p2: Damnright|move: Stealth Rock\n|\n|upkeep\n|turn|2\n|\n|t:|1699983806\n|move|p2a: Bewear|Close Combat|p1a: Mumbo Jumbo\n|-supereffective|p1a: Mumbo Jumbo\n|-damage|p1a: Mumbo Jumbo|0 fnt\n|-unboost|p2a: Bewear|def|1\n|-unboost|p2a: Bewear|spd|1\n|faint|p1a: Mumbo Jumbo\n|\n|upkeep\n|j| Miss Novelist\n|\n|t:|1699983837\n|switch|p1a: Rayan typo's|Blacephalon|100\/100\n|turn|3\n|\n|t:|1699983851\n|switch|p2a: Swampert|Swampert, F, shiny|100\/100\n|-damage|p2a: Swampert|94\/100|[from] Stealth Rock\n|move|p1a: Rayan typo's|Flamethrower|p2a: Swampert\n|-resisted|p2a: Swampert\n|-damage|p2a: Swampert|70\/100\n|\n|upkeep\n|turn|4\n|j| Frank1997\n|\n|t:|1699983865\n|switch|p1a: Apenkamer|Rillaboom, M|100\/100\n|move|p2a: Swampert|Toxic|p1a: Apenkamer\n|-status|p1a: Apenkamer|tox\n|\n|-damage|p1a: Apenkamer|94\/100 tox|[from] psn\n|upkeep\n|turn|5\n|c|\u2606Gangster Samurott|oeps\n|c|\u2606Damnright|oei\n|\n|t:|1699983907\n|switch|p2a: Blacephalon|Blacephalon|100\/100\n|-damage|p2a: Blacephalon|76\/100|[from] Stealth Rock\n|move|p1a: Apenkamer|Wood Hammer|p2a: Blacephalon\n|-resisted|p2a: Blacephalon\n|-damage|p2a: Blacephalon|9\/100\n|-damage|p1a: Apenkamer|81\/100 tox|[from] Recoil\n|\n|-heal|p1a: Apenkamer|87\/100 tox|[from] item: Leftovers\n|-damage|p1a: Apenkamer|75\/100 tox|[from] psn\n|upkeep\n|turn|6\n|\n|t:|1699983928\n|switch|p1a: Erevictini V6|Arcanine-Hisui, F|100\/100\n|move|p2a: Blacephalon|Mind Blown|p1a: Erevictini V6\n|-resisted|p1a: Erevictini V6\n|-damage|p1a: Erevictini V6|74\/100\n|-damage|p2a: Blacephalon|0 fnt|[from] mindblown\n|faint|p2a: Blacephalon\n|\n|upkeep\n|j| groteneus\n|\n|t:|1699983940\n|switch|p2a: Swampert|Swampert, F, shiny|70\/100\n|-damage|p2a: Swampert|64\/100|[from] Stealth Rock\n|turn|7\n|\n|t:|1699983950\n|switch|p1a: Apenkamer|Rillaboom, M|75\/100 tox\n|move|p2a: Swampert|Earthquake|p1a: Apenkamer\n|-resisted|p1a: Apenkamer\n|-damage|p1a: Apenkamer|61\/100 tox\n|\n|-heal|p1a: Apenkamer|67\/100 tox|[from] item: Leftovers\n|-damage|p1a: Apenkamer|61\/100 tox|[from] psn\n|upkeep\n|turn|8\n|j| Green Croagunk\n|\n|t:|1699983994\n|switch|p2a: Bewear|Bewear, F, shiny|100\/100\n|-damage|p2a: Bewear|94\/100|[from] Stealth Rock\n|move|p1a: Apenkamer|Wood Hammer|p2a: Bewear\n|-damage|p2a: Bewear|69\/100\n|-damage|p1a: Apenkamer|51\/100 tox|[from] Recoil\n|\n|-heal|p1a: Apenkamer|58\/100 tox|[from] item: Leftovers\n|-damage|p1a: Apenkamer|45\/100 tox|[from] psn\n|upkeep\n|turn|9\n|\n|t:|1699984006\n|switch|p1a: floppa vogel|Corviknight, F|100\/100\n|-ability|p1a: floppa vogel|Pressure\n|move|p2a: Bewear|Double-Edge|p1a: floppa vogel\n|-resisted|p1a: floppa vogel\n|-damage|p1a: floppa vogel|77\/100\n|-damage|p2a: Bewear|52\/100|[from] item: Rocky Helmet|[of] p1a: floppa vogel\n|-damage|p2a: Bewear|45\/100|[from] Recoil\n|\n|upkeep\n|turn|10\n|\n|t:|1699984016\n|switch|p2a: Electrode|Electrode-Hisui, shiny|100\/100\n|-damage|p2a: Electrode|88\/100|[from] Stealth Rock\n|move|p1a: floppa vogel|Brave Bird|p2a: Electrode\n|-damage|p2a: Electrode|25\/100\n|-damage|p1a: floppa vogel|63\/100|[from] Recoil\n|\n|upkeep\n|turn|11\n|\n|t:|1699984066\n|switch|p1a: Erevictini V6|Arcanine-Hisui, F|74\/100\n|move|p2a: Electrode|Volt Switch|p1a: Erevictini V6\n|-damage|p1a: Erevictini V6|28\/100\n|\n|t:|1699984085\n|switch|p2a: Arcanine|Arcanine-Hisui, F|100\/100|[from] Volt Switch\n|\n|upkeep\n|turn|12\n|\n|t:|1699984091\n|move|p1a: Erevictini V6|Head Smash|p2a: Arcanine\n|-supereffective|p2a: Arcanine\n|-damage|p2a: Arcanine|0 fnt\n|faint|p2a: Arcanine\n|\n|upkeep\n|c|\u2606Damnright|was\n|c|\u2606Damnright|dat een speedtie\n|c|\u2606Damnright|zit niet mee\n|\n|t:|1699984106\n|switch|p2a: Electrode|Electrode-Hisui, shiny|25\/100\n|-damage|p2a: Electrode|13\/100|[from] Stealth Rock\n|turn|13\n|c|\u2606Gangster Samurott|idk\n|\n|t:|1699984127\n|move|p1a: Erevictini V6|Head Smash|p2a: Electrode\n|-damage|p2a: Electrode|0 fnt\n|faint|p2a: Electrode\n|\n|upkeep\n|c|\u2606Damnright|oh\n|\n|t:|1699984133\n|switch|p2a: Swampert|Swampert, F, shiny|64\/100\n|-damage|p2a: Swampert|57\/100|[from] Stealth Rock\n|turn|14\n|c|\u2606Gangster Samurott|ik ben wel scarf\n|c|\u2606Damnright|ja dat zie ik nu\n|c|\u2606Gangster Samurott|dus wss niet dan\n|\n|t:|1699984149\n|switch|p1a: Apenkamer|Rillaboom, M|45\/100 tox\n|move|p2a: Swampert|Earthquake|p1a: Apenkamer\n|-resisted|p1a: Apenkamer\n|-damage|p1a: Apenkamer|32\/100 tox\n|\n|-heal|p1a: Apenkamer|38\/100 tox|[from] item: Leftovers\n|-damage|p1a: Apenkamer|32\/100 tox|[from] psn\n|upkeep\n|turn|15\n|\n|t:|1699984162\n|switch|p2a: Bewear|Bewear, F, shiny|45\/100\n|-damage|p2a: Bewear|39\/100|[from] Stealth Rock\n|move|p1a: Apenkamer|Wood Hammer|p2a: Bewear\n|-damage|p2a: Bewear|0 fnt\n|faint|p2a: Bewear\n|-damage|p1a: Apenkamer|18\/100 tox|[from] Recoil\n|\n|-heal|p1a: Apenkamer|24\/100 tox|[from] item: Leftovers\n|-damage|p1a: Apenkamer|12\/100 tox|[from] psn\n|upkeep\n|\n|t:|1699984166\n|switch|p2a: Azelf|Azelf, shiny|100\/100\n|-damage|p2a: Azelf|88\/100|[from] Stealth Rock\n|turn|16\n|\n|t:|1699984170\n|move|p2a: Azelf|U-turn|p1a: Apenkamer\n|-supereffective|p1a: Apenkamer\n|-damage|p1a: Apenkamer|0 fnt\n|faint|p1a: Apenkamer\n|\n|t:|1699984175\n|switch|p2a: Swampert|Swampert, F, shiny|57\/100|[from] U-turn\n|-damage|p2a: Swampert|51\/100|[from] Stealth Rock\n|\n|upkeep\n|\n|t:|1699984186\n|switch|p1a: Willem|Basculegion, M|100\/100\n|turn|17\n|\n|t:|1699984192\n|move|p1a: Willem|Wave Crash|p2a: Swampert\n|-damage|p2a: Swampert|0 fnt\n|-damage|p1a: Willem|84\/100|[from] item: Rocky Helmet|[of] p2a: Swampert\n|faint|p2a: Swampert\n|-damage|p1a: Willem|66\/100|[from] Recoil\n|\n|upkeep\n|c|\u2606Damnright|gg\\\n|\n|t:|1699984198\n|switch|p2a: Azelf|Azelf, shiny|88\/100\n|-damage|p2a: Azelf|76\/100|[from] Stealth Rock\n|turn|18\n|\n|t:|1699984205\n|move|p2a: Azelf|Explosion|p1a: Willem\n|-immune|p1a: Willem\n|faint|p2a: Azelf\n|\n|win|Gangster Samurott\n|c|\u2606Gangster Samurott|gg\n|l|\u2606Damnright\n|l| Frank1997\n|l| Green Croagunk\n|l| Fant'sy Beast\n|l| Miss Novelist\n|j| Harryotter69\n|l| Harryotter69\n","uploadtime":1699984278,"views":23,"p1id":"gangstersamurott","p2id":"damnright","formatid":"gen9nationaldex","rating":0,"private":0,"password":""}