{"id":"gen9nationaldex-1991577835","p1":"Toryyy","p2":"TheGrassKing1","format":"[Gen 9] National Dex","log":"|j|\u203dToryyy\n|j|\u2606TheGrassKing1\n|t:|1700090306\n|gametype|singles\n|player|p1|Toryyy|265|1678\n|player|p2|TheGrassKing1|morty-masters2|1622\n|teamsize|p1|6\n|teamsize|p2|6\n|gen|9\n|tier|[Gen 9] National Dex\n|rated|\n|rule|HP Percentage Mod: HP is shown in percentages\n|rule|Endless Battle Clause: Forcing endless battles is banned\n|rule|OHKO Clause: OHKO moves are banned\n|rule|Evasion Clause: Evasion abilities, items, and moves are banned\n|rule|Evasion Abilities Clause: Evasion abilities are banned\n|rule|Evasion Items Clause: Evasion items are banned\n|rule|Evasion Moves Clause: Evasion moves are banned\n|rule|Species Clause: Limit one of each Pok\u00e9mon\n|rule|Sleep Clause Mod: Limit one foe put to sleep\n|clearpoke\n|poke|p1|Banette, F|\n|poke|p1|Tapu Lele|\n|poke|p1|Ogerpon, F|\n|poke|p1|Alomomola, F|\n|poke|p1|Great Tusk|\n|poke|p1|Heatran, M|\n|poke|p2|Torkoal, M|\n|poke|p2|Leafeon, F|\n|poke|p2|Landorus-Therian, M|\n|poke|p2|Heatran, F|\n|poke|p2|Scizor, F|\n|poke|p2|Victini|\n|teampreview\n|inactive|Battle timer is ON: inactive players will automatically lose when time's up. (requested by Toryyy)\n|\n|t:|1700090335\n|start\n|switch|p1a: Tapu Lele|Tapu Lele|100\/100\n|switch|p2a: Torkoal|Torkoal, M|100\/100\n|-fieldstart|move: Psychic Terrain|[from] ability: Psychic Surge|[of] p1a: Tapu Lele\n|-weather|SunnyDay|[from] ability: Drought|[of] p2a: Torkoal\n|turn|1\n|inactive|TheGrassKing1 has 120 seconds left.\n|\n|t:|1700090366\n|switch|p2a: Victini|Victini|100\/100\n|move|p1a: Tapu Lele|Psychic|p2a: Victini\n|-resisted|p2a: Victini\n|-damage|p2a: Victini|49\/100\n|\n|-weather|SunnyDay|[upkeep]\n|upkeep\n|turn|2\n|inactive|TheGrassKing1 has 120 seconds left.\n|\n|t:|1700090379\n|switch|p1a: Heatran|Heatran, M|100\/100\n|move|p2a: Victini|Bolt Strike|p1a: Heatran\n|-damage|p1a: Heatran|42\/100\n|\n|-weather|SunnyDay|[upkeep]\n|upkeep\n|turn|3\n|inactive|TheGrassKing1 has 120 seconds left.\n|\n|t:|1700090394\n|switch|p2a: Heatran|Heatran, F|100\/100\n|-item|p2a: Heatran|Air Balloon\n|move|p1a: Heatran|Magma Storm|p2a: Heatran\n|-start|p2a: Heatran|ability: Flash Fire\n|\n|-weather|SunnyDay|[upkeep]\n|upkeep\n|turn|4\n|inactive|TheGrassKing1 has 120 seconds left.\n|j| Ghha\n|inactive|TheGrassKing1 has 90 seconds left.\n|\n|t:|1700090456\n|switch|p1a: Alomomola|Alomomola, F|100\/100\n|move|p2a: Heatran|Magma Storm|p1a: Alomomola|[miss]\n|-miss|p2a: Heatran|p1a: Alomomola\n|\n|-weather|SunnyDay|[upkeep]\n|upkeep\n|turn|5\n|l| Ghha\n|\n|t:|1700090467\n|-end|p2a: Heatran|ability: Flash Fire|[silent]\n|switch|p2a: Scizor|Scizor, F|100\/100\n|move|p1a: Alomomola|Protect||[still]\n|-fail|p1a: Alomomola\n|\n|-weather|SunnyDay|[upkeep]\n|-fieldend|move: Psychic Terrain\n|upkeep\n|turn|6\n|inactive|TheGrassKing1 has 60 seconds left.\n|\n|t:|1700090515\n|detailschange|p2a: Scizor|Scizor-Mega, F\n|-mega|p2a: Scizor|Scizor|Scizorite\n|move|p2a: Scizor|Swords Dance|p2a: Scizor\n|-boost|p2a: Scizor|atk|2\n|move|p1a: Alomomola|Flip Turn|p2a: Scizor\n|-damage|p2a: Scizor|96\/100\n|\n|t:|1700090525\n|switch|p1a: Heatran|Heatran, M|42\/100|[from] Flip Turn\n|\n|-weather|SunnyDay|[upkeep]\n|upkeep\n|turn|7\n|\n|t:|1700090536\n|switch|p2a: Heatran|Heatran, F|100\/100\n|-item|p2a: Heatran|Air Balloon\n|move|p1a: Heatran|Magma Storm|p2a: Heatran\n|-start|p2a: Heatran|ability: Flash Fire\n|\n|-weather|SunnyDay|[upkeep]\n|upkeep\n|turn|8\n|\n|t:|1700090545\n|move|p1a: Heatran|Solar Beam||[still]\n|-prepare|p1a: Heatran|Solar Beam\n|-anim|p1a: Heatran|Solar Beam|p2a: Heatran\n|-resisted|p2a: Heatran\n|-damage|p2a: Heatran|90\/100\n|-enditem|p2a: Heatran|Air Balloon\n|move|p2a: Heatran|Magma Storm|p1a: Heatran\n|-start|p1a: Heatran|ability: Flash Fire\n|\n|-weather|none\n|upkeep\n|turn|9\n|\n|t:|1700090550\n|move|p1a: Heatran|Earth Power|p2a: Heatran\n|-supereffective|p2a: Heatran\n|-damage|p2a: Heatran|0 fnt\n|faint|p2a: Heatran\n|\n|upkeep\n|\n|t:|1700090554\n|switch|p2a: Landorus|Landorus-Therian, M|100\/100\n|-ability|p2a: Landorus|Intimidate|boost\n|-unboost|p1a: Heatran|atk|1\n|turn|10\n|\n|t:|1700090557\n|-end|p1a: Heatran|ability: Flash Fire|[silent]\n|switch|p1a: Alomomola|Alomomola, F|100\/100\n|move|p2a: Landorus|Earth Power|p1a: Alomomola\n|-damage|p1a: Alomomola|64\/100\n|-unboost|p1a: Alomomola|spd|1\n|\n|upkeep\n|turn|11\n|\n|t:|1700090562\n|move|p2a: Landorus|Toxic|p1a: Alomomola\n|-status|p1a: Alomomola|tox\n|move|p1a: Alomomola|Flip Turn|p2a: Landorus\n|-supereffective|p2a: Landorus\n|-damage|p2a: Landorus|75\/100\n|-enditem|p2a: Landorus|Eject Button\n|\n|t:|1700090565\n|switch|p2a: Torkoal|Torkoal, M|100\/100\n|-weather|SunnyDay|[from] ability: Drought|[of] p2a: Torkoal\n|\n|-weather|SunnyDay|[upkeep]\n|-damage|p1a: Alomomola|58\/100 tox|[from] psn\n|upkeep\n|turn|12\n|\n|t:|1700090572\n|move|p1a: Alomomola|Flip Turn|p2a: Torkoal\n|-supereffective|p2a: Torkoal\n|-damage|p2a: Torkoal|91\/100\n|\n|t:|1700090575\n|switch|p1a: Great Tusk|Great Tusk|100\/100|[from] Flip Turn\n|-activate|p1a: Great Tusk|ability: Protosynthesis\n|-start|p1a: Great Tusk|protosynthesisdef\n|move|p2a: Torkoal|Stealth Rock|p1a: Great Tusk\n|-sidestart|p1: Toryyy|move: Stealth Rock\n|\n|-weather|SunnyDay|[upkeep]\n|upkeep\n|turn|13\n|\n|t:|1700090583\n|-terastallize|p2a: Torkoal|Water\n|move|p1a: Great Tusk|Stealth Rock|p2a: Torkoal\n|-sidestart|p2: TheGrassKing1|move: Stealth Rock\n|move|p2a: Torkoal|Overheat|p1a: Great Tusk\n|-damage|p1a: Great Tusk|28\/100\n|-unboost|p2a: Torkoal|spa|2\n|\n|-weather|SunnyDay|[upkeep]\n|-heal|p1a: Great Tusk|34\/100|[from] item: Leftovers\n|upkeep\n|turn|14\n|\n|t:|1700090594\n|move|p1a: Great Tusk|Rapid Spin|p2a: Torkoal\n|-damage|p2a: Torkoal|81\/100\n|-boost|p1a: Great Tusk|spe|1\n|-sideend|p1: Toryyy|Stealth Rock|[from] move: Rapid Spin|[of] p1a: Great Tusk\n|move|p2a: Torkoal|Rapid Spin|p1a: Great Tusk\n|-damage|p1a: Great Tusk|31\/100\n|-boost|p2a: Torkoal|spe|1\n|-sideend|p2: TheGrassKing1|Stealth Rock|[from] move: Rapid Spin|[of] p2a: Torkoal\n|\n|-weather|SunnyDay|[upkeep]\n|-heal|p1a: Great Tusk|37\/100|[from] item: Leftovers\n|upkeep\n|turn|15\n|\n|t:|1700090601\n|move|p1a: Great Tusk|Stealth Rock|p2a: Torkoal\n|-sidestart|p2: TheGrassKing1|move: Stealth Rock\n|move|p2a: Torkoal|Overheat|p1a: Great Tusk\n|-damage|p1a: Great Tusk|0 fnt\n|-unboost|p2a: Torkoal|spa|2\n|faint|p1a: Great Tusk\n|-end|p1a: Great Tusk|Protosynthesis|[silent]\n|\n|-weather|SunnyDay|[upkeep]\n|upkeep\n|\n|t:|1700090606\n|switch|p1a: Heatran|Heatran, M|42\/100\n|turn|16\n|\n|t:|1700090616\n|switch|p2a: Landorus|Landorus-Therian, M|75\/100\n|-damage|p2a: Landorus|63\/100|[from] Stealth Rock\n|-ability|p2a: Landorus|Intimidate|boost\n|-unboost|p1a: Heatran|atk|1\n|move|p1a: Heatran|Solar Beam||[still]\n|-prepare|p1a: Heatran|Solar Beam\n|-anim|p1a: Heatran|Solar Beam|p2a: Landorus\n|-crit|p2a: Landorus\n|-damage|p2a: Landorus|0 fnt\n|faint|p2a: Landorus\n|\n|-weather|SunnyDay|[upkeep]\n|upkeep\n|\n|t:|1700090623\n|switch|p2a: Victini|Victini|49\/100\n|-damage|p2a: Victini|25\/100|[from] Stealth Rock\n|turn|17\n|\n|t:|1700090630\n|switch|p1a: Ogerpon|Ogerpon, F|100\/100\n|move|p2a: Victini|Bolt Strike|p1a: Ogerpon\n|-resisted|p1a: Ogerpon\n|-damage|p1a: Ogerpon|65\/100\n|\n|-weather|SunnyDay|[upkeep]\n|upkeep\n|turn|18\n|inactive|TheGrassKing1 has 120 seconds left.\n|\n|t:|1700090665\n|switch|p2a: Scizor|Scizor-Mega, F|96\/100\n|-damage|p2a: Scizor|84\/100|[from] Stealth Rock\n|-terastallize|p1a: Ogerpon|Grass\n|detailschange|p1a: Ogerpon|Ogerpon-Teal-Tera, F, tera:Grass\n|-ability|p1a: Ogerpon|Embody Aspect (Teal)|boost\n|-boost|p1a: Ogerpon|spe|1\n|move|p1a: Ogerpon|U-turn|p2a: Scizor\n|-resisted|p2a: Scizor\n|-damage|p2a: Scizor|76\/100\n|\n|t:|1700090672\n|switch|p1a: Alomomola|Alomomola, F|91\/100 tox|[from] U-turn\n|\n|-weather|none\n|-damage|p1a: Alomomola|85\/100 tox|[from] psn\n|upkeep\n|turn|19\n|\n|t:|1700090677\n|move|p2a: Scizor|U-turn|p1a: Alomomola\n|-damage|p1a: Alomomola|67\/100 tox\n|\n|t:|1700090680\n|switch|p2a: Torkoal|Torkoal, M, tera:Water|81\/100|[from] U-turn\n|-damage|p2a: Torkoal|69\/100|[from] Stealth Rock\n|-weather|SunnyDay|[from] ability: Drought|[of] p2a: Torkoal\n|move|p1a: Alomomola|Flip Turn|p2a: Torkoal\n|-resisted|p2a: Torkoal\n|-damage|p2a: Torkoal|66\/100\n|l|\u203dToryyy\n|inactive|Toryyy disconnected and has a minute to reconnect!\n|player|p1|\n|j|\u203dToryyy\n|inactive|Toryyy reconnected and has 120 seconds left.\n|player|p1|Toryyy|265\n|n|\u203dToryyy|toryyy\n|n|\u203dToryyy|toryyy\n|n|\u203dToryyy|toryyy\n|\n|t:|1700090718\n|switch|p1a: Heatran|Heatran, M|42\/100|[from] Flip Turn\n|\n|-weather|SunnyDay|[upkeep]\n|upkeep\n|turn|20\n|\n|t:|1700090727\n|move|p1a: Heatran|Solar Beam||[still]\n|-prepare|p1a: Heatran|Solar Beam\n|-anim|p1a: Heatran|Solar Beam|p2a: Torkoal\n|-supereffective|p2a: Torkoal\n|-damage|p2a: Torkoal|0 fnt\n|faint|p2a: Torkoal\n|\n|-weather|SunnyDay|[upkeep]\n|upkeep\n|\n|t:|1700090732\n|switch|p2a: Leafeon|Leafeon, F|100\/100\n|-damage|p2a: Leafeon|88\/100|[from] Stealth Rock\n|turn|21\n|\n|t:|1700090746\n|switch|p1a: Alomomola|Alomomola, F|100\/100 tox\n|move|p2a: Leafeon|Knock Off|p1a: Alomomola\n|-damage|p1a: Alomomola|78\/100 tox\n|-enditem|p1a: Alomomola|Heavy-Duty Boots|[from] move: Knock Off|[of] p2a: Leafeon\n|-damage|p2a: Leafeon|78\/100|[from] item: Life Orb\n|\n|-weather|SunnyDay|[upkeep]\n|-damage|p1a: Alomomola|72\/100 tox|[from] psn\n|upkeep\n|turn|22\n|\n|t:|1700090749\n|move|p1a: Alomomola|Protect|p1a: Alomomola\n|-singleturn|p1a: Alomomola|Protect\n|move|p2a: Leafeon|Swords Dance|p2a: Leafeon\n|-boost|p2a: Leafeon|atk|2\n|\n|-weather|SunnyDay|[upkeep]\n|-damage|p1a: Alomomola|59\/100 tox|[from] psn\n|upkeep\n|turn|23\n|\n|t:|1700090754\n|move|p2a: Leafeon|Solar Blade||[still]\n|-prepare|p2a: Leafeon|Solar Blade\n|-anim|p2a: Leafeon|Solar Blade|p1a: Alomomola\n|-supereffective|p1a: Alomomola\n|-damage|p1a: Alomomola|0 fnt\n|faint|p1a: Alomomola\n|-damage|p2a: Leafeon|68\/100|[from] item: Life Orb\n|\n|-weather|SunnyDay|[upkeep]\n|upkeep\n|\n|t:|1700090760\n|switch|p1a: Heatran|Heatran, M|42\/100\n|turn|24\n|\n|t:|1700090765\n|move|p2a: Leafeon|Knock Off|p1a: Heatran\n|-damage|p1a: Heatran|0 fnt\n|faint|p1a: Heatran\n|-damage|p2a: Leafeon|58\/100|[from] item: Life Orb\n|\n|-weather|SunnyDay|[upkeep]\n|upkeep\n|\n|t:|1700090770\n|switch|p1a: Banette|Banette, F|100\/100\n|-item|p2a: Leafeon|Life Orb|[from] ability: Frisk|[of] p1a: Banette|[identify]\n|turn|25\n|\n|t:|1700090792\n|detailschange|p1a: Banette|Banette-Mega, F\n|-mega|p1a: Banette|Banette|Banettite\n|move|p1a: Banette|Destiny Bond|p1a: Banette\n|-singlemove|p1a: Banette|Destiny Bond\n|move|p2a: Leafeon|Solar Blade||[still]\n|-prepare|p2a: Leafeon|Solar Blade\n|-anim|p2a: Leafeon|Solar Blade|p1a: Banette\n|-damage|p1a: Banette|0 fnt\n|faint|p1a: Banette\n|-activate|p1a: Banette|move: Destiny Bond\n|faint|p2a: Leafeon\n|\n|-weather|SunnyDay|[upkeep]\n|upkeep\n|\n|t:|1700090801\n|switch|p2a: Victini|Victini|25\/100\n|switch|p1a: Ogerpon|Ogerpon-Teal-Tera, F, tera:Grass|65\/100\n|-ability|p1a: Ogerpon|Embody Aspect (Teal)|boost\n|-boost|p1a: Ogerpon|spe|1\n|-damage|p2a: Victini|0 fnt|[from] Stealth Rock\n|faint|p2a: Victini\n|\n|t:|1700090806\n|switch|p2a: Scizor|Scizor-Mega, F|76\/100\n|-damage|p2a: Scizor|64\/100|[from] Stealth Rock\n|turn|26\n|\n|t:|1700090815\n|move|p1a: Ogerpon|Ivy Cudgel|p2a: Scizor\n|-resisted|p2a: Scizor\n|-damage|p2a: Scizor|53\/100\n|move|p2a: Scizor|Roost|p2a: Scizor\n|-heal|p2a: Scizor|100\/100\n|-singleturn|p2a: Scizor|move: Roost\n|\n|-weather|none\n|upkeep\n|turn|27\n|\n|t:|1700090822\n|move|p1a: Ogerpon|Taunt|p2a: Scizor\n|-start|p2a: Scizor|move: Taunt\n|cant|p2a: Scizor|move: Taunt|Swords Dance\n|\n|upkeep\n|turn|28\n|\n|t:|1700090829\n|move|p1a: Ogerpon|Ivy Cudgel|p2a: Scizor\n|-resisted|p2a: Scizor\n|-damage|p2a: Scizor|91\/100\n|move|p2a: Scizor|U-turn|p1a: Ogerpon\n|-supereffective|p1a: Ogerpon\n|-damage|p1a: Ogerpon|0 fnt\n|faint|p1a: Ogerpon\n|\n|upkeep\n|\n|t:|1700090838\n|switch|p1a: Tapu Lele|Tapu Lele|100\/100\n|-fieldstart|move: Psychic Terrain|[from] ability: Psychic Surge|[of] p1a: Tapu Lele\n|turn|29\n|\n|t:|1700090843\n|move|p1a: Tapu Lele|Psychic|p2a: Scizor\n|-resisted|p2a: Scizor\n|-damage|p2a: Scizor|49\/100\n|move|p2a: Scizor|U-turn|p1a: Tapu Lele\n|-damage|p1a: Tapu Lele|44\/100\n|\n|-end|p2a: Scizor|move: Taunt\n|upkeep\n|turn|30\n|\n|t:|1700090855\n|move|p1a: Tapu Lele|Psychic|p2a: Scizor\n|-resisted|p2a: Scizor\n|-damage|p2a: Scizor|4\/100\n|move|p2a: Scizor|U-turn|p1a: Tapu Lele\n|-damage|p1a: Tapu Lele|0 fnt\n|faint|p1a: Tapu Lele\n|\n|win|TheGrassKing1\n|raw|Toryyy's rating: 1678 &rarr; <strong>1655<\/strong><br \/>(-23 for losing)\n|raw|TheGrassKing1's rating: 1622 &rarr; <strong>1645<\/strong><br \/>(+23 for winning)\n|l|\u203dToryyy\n","uploadtime":1700090920,"views":4,"p1id":"toryyy","p2id":"thegrassking1","formatid":"gen9nationaldex","rating":1645,"private":0,"password":""}