{"id":"gen9nationaldex-1987450469","p1":"TheQuobGobbler","p2":"TR0NQU1TO","format":"[Gen 9] National Dex","log":"|j|\u2606TheQuobGobbler\n|j|\u2606TR0NQU1TO\n|t:|1699593432\n|gametype|singles\n|player|p1|TheQuobGobbler|ghetsis|1106\n|player|p2|TR0NQU1TO|n|1029\n|teamsize|p1|6\n|teamsize|p2|6\n|gen|9\n|tier|[Gen 9] National Dex\n|rated|\n|rule|HP Percentage Mod: HP is shown in percentages\n|rule|Endless Battle Clause: Forcing endless battles is banned\n|rule|OHKO Clause: OHKO moves are banned\n|rule|Evasion Clause: Evasion abilities, items, and moves are banned\n|rule|Evasion Abilities Clause: Evasion abilities are banned\n|rule|Evasion Items Clause: Evasion items are banned\n|rule|Evasion Moves Clause: Evasion moves are banned\n|rule|Species Clause: Limit one of each Pok\u00e9mon\n|rule|Sleep Clause Mod: Limit one foe put to sleep\n|clearpoke\n|poke|p1|Salazzle, F|\n|poke|p1|Magnemite, L1|\n|poke|p1|Probopass, L2, M|\n|poke|p1|Mandibuzz, F|\n|poke|p1|Nosepass, L1, F|\n|poke|p1|Tentacruel, M|\n|poke|p2|Sneasler, F|\n|poke|p2|Kommo-o, M|\n|poke|p2|Corviknight, F|\n|poke|p2|Clodsire, M|\n|poke|p2|Zapdos-Galar|\n|poke|p2|Diancie|\n|teampreview\n|inactive|Battle timer is ON: inactive players will automatically lose when time's up. (requested by TR0NQU1TO)\n|\n|t:|1699593491\n|start\n|switch|p1a: No Fun Allowed|Salazzle, F|100\/100\n|switch|p2a: Clodsire|Clodsire, M|100\/100\n|turn|1\n|\n|t:|1699593500\n|move|p1a: No Fun Allowed|Substitute|p1a: No Fun Allowed\n|-start|p1a: No Fun Allowed|Substitute\n|-damage|p1a: No Fun Allowed|76\/100\n|move|p2a: Clodsire|Stealth Rock|p1a: No Fun Allowed\n|-sidestart|p1: TheQuobGobbler|move: Stealth Rock\n|\n|-heal|p1a: No Fun Allowed|82\/100|[from] item: Leftovers\n|upkeep\n|turn|2\n|\n|t:|1699593509\n|move|p1a: No Fun Allowed|Toxic|p2a: Clodsire\n|-status|p2a: Clodsire|tox\n|move|p2a: Clodsire|Earthquake|p1a: No Fun Allowed\n|-supereffective|p1a: No Fun Allowed\n|-end|p1a: No Fun Allowed|Substitute\n|\n|-heal|p1a: No Fun Allowed|88\/100|[from] item: Leftovers\n|-damage|p2a: Clodsire|94\/100 tox|[from] psn\n|upkeep\n|turn|3\n|\n|t:|1699593520\n|move|p1a: No Fun Allowed|Substitute|p1a: No Fun Allowed\n|-start|p1a: No Fun Allowed|Substitute\n|-damage|p1a: No Fun Allowed|63\/100\n|move|p2a: Clodsire|Earthquake|p1a: No Fun Allowed\n|-supereffective|p1a: No Fun Allowed\n|-end|p1a: No Fun Allowed|Substitute\n|\n|-heal|p1a: No Fun Allowed|69\/100|[from] item: Leftovers\n|-heal|p2a: Clodsire|100\/100 tox|[from] item: Black Sludge\n|-damage|p2a: Clodsire|88\/100 tox|[from] psn\n|upkeep\n|turn|4\n|\n|t:|1699593533\n|-terastallize|p1a: No Fun Allowed|Flying\n|move|p1a: No Fun Allowed|Substitute|p1a: No Fun Allowed\n|-start|p1a: No Fun Allowed|Substitute\n|-damage|p1a: No Fun Allowed|44\/100\n|move|p2a: Clodsire|Earthquake|p1a: No Fun Allowed\n|-immune|p1a: No Fun Allowed\n|\n|-heal|p1a: No Fun Allowed|50\/100|[from] item: Leftovers\n|-heal|p2a: Clodsire|94\/100 tox|[from] item: Black Sludge\n|-damage|p2a: Clodsire|75\/100 tox|[from] psn\n|upkeep\n|turn|5\n|\n|t:|1699593551\n|switch|p2a: Corviknight|Corviknight, F|100\/100\n|move|p1a: No Fun Allowed|Toxic|p2a: Corviknight\n|-status|p2a: Corviknight|tox\n|\n|-heal|p1a: No Fun Allowed|56\/100|[from] item: Leftovers\n|-damage|p2a: Corviknight|94\/100 tox|[from] psn\n|upkeep\n|turn|6\n|\n|t:|1699593566\n|move|p1a: No Fun Allowed|Protect|p1a: No Fun Allowed\n|-singleturn|p1a: No Fun Allowed|Protect\n|move|p2a: Corviknight|Iron Head|p1a: No Fun Allowed\n|-activate|p1a: No Fun Allowed|move: Protect\n|\n|-heal|p1a: No Fun Allowed|63\/100|[from] item: Leftovers\n|-damage|p2a: Corviknight|82\/100 tox|[from] psn\n|upkeep\n|turn|7\n|c|\u2606TheQuobGobbler|imagine\n|c|\u2606TheQuobGobbler|sending in a steel type\n|c|\u2606TheQuobGobbler|on a fire type\n|c|\u2606TheQuobGobbler|fascinating.\n|c|\u2606TheQuobGobbler|welp\n|c|\u2606TheQuobGobbler|bye bye corv\n|inactive|TheQuobGobbler has 120 seconds left.\n|\n|t:|1699593612\n|move|p1a: No Fun Allowed|Flamethrower|p2a: Corviknight\n|-supereffective|p2a: Corviknight\n|-damage|p2a: Corviknight|0 fnt\n|faint|p2a: Corviknight\n|\n|-heal|p1a: No Fun Allowed|69\/100|[from] item: Leftovers\n|upkeep\n|c|\u2606TheQuobGobbler|lol\n|c|\u2606TheQuobGobbler|I tried to warn you\n|\n|t:|1699593626\n|switch|p2a: Diancie|Diancie|100\/100\n|turn|8\n|\n|t:|1699593634\n|detailschange|p2a: Diancie|Diancie-Mega\n|-mega|p2a: Diancie|Diancie|Diancite\n|move|p1a: No Fun Allowed|Protect|p1a: No Fun Allowed\n|-singleturn|p1a: No Fun Allowed|Protect\n|move|p2a: Diancie|Diamond Storm|p1a: No Fun Allowed\n|-activate|p1a: No Fun Allowed|move: Protect\n|\n|-heal|p1a: No Fun Allowed|75\/100|[from] item: Leftovers\n|upkeep\n|turn|9\n|inactive|TheQuobGobbler has 120 seconds left.\n|\n|t:|1699593646\n|move|p1a: No Fun Allowed|Flamethrower|p2a: Diancie\n|-resisted|p2a: Diancie\n|-damage|p2a: Diancie|69\/100\n|move|p2a: Diancie|Diamond Storm|p1a: No Fun Allowed\n|-supereffective|p1a: No Fun Allowed\n|-end|p1a: No Fun Allowed|Substitute\n|-boost|p2a: Diancie|def|2\n|\n|-heal|p1a: No Fun Allowed|81\/100|[from] item: Leftovers\n|upkeep\n|turn|10\n|\n|t:|1699593657\n|move|p1a: No Fun Allowed|Protect|p1a: No Fun Allowed\n|-singleturn|p1a: No Fun Allowed|Protect\n|move|p2a: Diancie|Diamond Storm|p1a: No Fun Allowed\n|-activate|p1a: No Fun Allowed|move: Protect\n|\n|-heal|p1a: No Fun Allowed|87\/100|[from] item: Leftovers\n|upkeep\n|turn|11\n|\n|t:|1699593665\n|move|p1a: No Fun Allowed|Substitute|p1a: No Fun Allowed\n|-start|p1a: No Fun Allowed|Substitute\n|-damage|p1a: No Fun Allowed|62\/100\n|move|p2a: Diancie|Diamond Storm|p1a: No Fun Allowed\n|-supereffective|p1a: No Fun Allowed\n|-end|p1a: No Fun Allowed|Substitute\n|-boost|p2a: Diancie|def|2\n|\n|-heal|p1a: No Fun Allowed|68\/100|[from] item: Leftovers\n|upkeep\n|turn|12\n|\n|t:|1699593676\n|move|p1a: No Fun Allowed|Protect|p1a: No Fun Allowed\n|-singleturn|p1a: No Fun Allowed|Protect\n|move|p2a: Diancie|Diamond Storm|p1a: No Fun Allowed\n|-activate|p1a: No Fun Allowed|move: Protect\n|\n|-heal|p1a: No Fun Allowed|75\/100|[from] item: Leftovers\n|upkeep\n|turn|13\n|\n|t:|1699593684\n|move|p1a: No Fun Allowed|Substitute|p1a: No Fun Allowed\n|-start|p1a: No Fun Allowed|Substitute\n|-damage|p1a: No Fun Allowed|50\/100\n|move|p2a: Diancie|Diamond Storm|p1a: No Fun Allowed\n|-supereffective|p1a: No Fun Allowed\n|-end|p1a: No Fun Allowed|Substitute\n|\n|-heal|p1a: No Fun Allowed|56\/100|[from] item: Leftovers\n|upkeep\n|turn|14\n|\n|t:|1699593696\n|move|p1a: No Fun Allowed|Protect|p1a: No Fun Allowed\n|-singleturn|p1a: No Fun Allowed|Protect\n|move|p2a: Diancie|Moonblast|p1a: No Fun Allowed\n|-activate|p1a: No Fun Allowed|move: Protect\n|\n|-heal|p1a: No Fun Allowed|62\/100|[from] item: Leftovers\n|upkeep\n|turn|15\n|\n|t:|1699593705\n|move|p1a: No Fun Allowed|Substitute|p1a: No Fun Allowed\n|-start|p1a: No Fun Allowed|Substitute\n|-damage|p1a: No Fun Allowed|37\/100\n|move|p2a: Diancie|Diamond Storm|p1a: No Fun Allowed\n|-supereffective|p1a: No Fun Allowed\n|-end|p1a: No Fun Allowed|Substitute\n|\n|-heal|p1a: No Fun Allowed|43\/100|[from] item: Leftovers\n|upkeep\n|turn|16\n|\n|t:|1699593717\n|move|p1a: No Fun Allowed|Protect|p1a: No Fun Allowed\n|-singleturn|p1a: No Fun Allowed|Protect\n|move|p2a: Diancie|Moonblast|p1a: No Fun Allowed\n|-activate|p1a: No Fun Allowed|move: Protect\n|\n|-heal|p1a: No Fun Allowed|49\/100|[from] item: Leftovers\n|upkeep\n|turn|17\n|inactive|TheQuobGobbler has 120 seconds left.\n|\n|t:|1699593748\n|switch|p1a: Sh\ud83d\udca9tsquid|Tentacruel, M|100\/100\n|-damage|p1a: Sh\ud83d\udca9tsquid|88\/100|[from] Stealth Rock\n|move|p2a: Diancie|Diamond Storm|p1a: Sh\ud83d\udca9tsquid\n|-damage|p1a: Sh\ud83d\udca9tsquid|19\/100\n|-boost|p2a: Diancie|def|2\n|\n|-heal|p1a: Sh\ud83d\udca9tsquid|25\/100|[from] item: Leftovers\n|upkeep\n|turn|18\n|inactive|TheQuobGobbler has 120 seconds left.\n|\n|t:|1699593760\n|switch|p1a: Sh\ud83d\udca9tbird|Mandibuzz, F|100\/100\n|move|p2a: Diancie|Moonblast|p1a: Sh\ud83d\udca9tbird\n|-supereffective|p1a: Sh\ud83d\udca9tbird\n|-damage|p1a: Sh\ud83d\udca9tbird|6\/100\n|\n|upkeep\n|turn|19\n|\n|t:|1699593767\n|move|p2a: Diancie|Moonblast|p1a: Sh\ud83d\udca9tbird\n|-supereffective|p1a: Sh\ud83d\udca9tbird\n|-damage|p1a: Sh\ud83d\udca9tbird|0 fnt\n|faint|p1a: Sh\ud83d\udca9tbird\n|\n|upkeep\n|\n|t:|1699593769\n|switch|p1a: Sh\ud83d\udca9tsquid|Tentacruel, M|25\/100\n|-damage|p1a: Sh\ud83d\udca9tsquid|12\/100|[from] Stealth Rock\n|turn|20\n|\n|t:|1699593776\n|move|p2a: Diancie|Mystical Fire|p1a: Sh\ud83d\udca9tsquid\n|-resisted|p1a: Sh\ud83d\udca9tsquid\n|-damage|p1a: Sh\ud83d\udca9tsquid|1\/100\n|move|p1a: Sh\ud83d\udca9tsquid|Rapid Spin|p2a: Diancie\n|-resisted|p2a: Diancie\n|-damage|p2a: Diancie|68\/100\n|-boost|p1a: Sh\ud83d\udca9tsquid|spe|1\n|-sideend|p1: TheQuobGobbler|Stealth Rock|[from] move: Rapid Spin|[of] p1a: Sh\ud83d\udca9tsquid\n|\n|-heal|p1a: Sh\ud83d\udca9tsquid|7\/100|[from] item: Leftovers\n|upkeep\n|turn|21\n|\n|t:|1699593787\n|move|p1a: Sh\ud83d\udca9tsquid|Scald|p2a: Diancie\n|-supereffective|p2a: Diancie\n|-damage|p2a: Diancie|0 fnt\n|faint|p2a: Diancie\n|\n|-heal|p1a: Sh\ud83d\udca9tsquid|13\/100|[from] item: Leftovers\n|upkeep\n|\n|t:|1699593795\n|switch|p2a: Sneasler|Sneasler, F, shiny|100\/100\n|turn|22\n|\n|t:|1699593810\n|move|p2a: Sneasler|Fake Out|p1a: Sh\ud83d\udca9tsquid\n|-enditem|p2a: Sneasler|Normal Gem|[from] gem\n|-damage|p1a: Sh\ud83d\udca9tsquid|0 fnt\n|faint|p1a: Sh\ud83d\udca9tsquid\n|\n|upkeep\n|\n|t:|1699593821\n|switch|p1a: Click the \u274c|Nosepass, L1, F, shiny|100\/100\n|turn|23\n|\n|t:|1699593826\n|move|p2a: Sneasler|Close Combat|p1a: Click the \u274c\n|-supereffective|p1a: Click the \u274c\n|-ability|p1a: Click the \u274c|Sturdy\n|-damage|p1a: Click the \u274c|10\/100\n|-unboost|p2a: Sneasler|def|1\n|-unboost|p2a: Sneasler|spd|1\n|-enditem|p1a: Click the \u274c|Berry Juice\n|-heal|p1a: Click the \u274c|100\/100|[from] item: Berry Juice\n|move|p1a: Click the \u274c|Pain Split|p2a: Sneasler\n|-sethp|p2a: Sneasler|52\/100|[from] move: Pain Split|[silent]\n|-sethp|p1a: Click the \u274c|100\/100|[from] move: Pain Split\n|\n|upkeep\n|turn|24\n|\n|t:|1699593849\n|switch|p2a: Zapdos|Zapdos-Galar|100\/100\n|move|p1a: Click the \u274c|Pain Split|p2a: Zapdos\n|-sethp|p2a: Zapdos|52\/100|[from] move: Pain Split|[silent]\n|-sethp|p1a: Click the \u274c|100\/100|[from] move: Pain Split\n|\n|upkeep\n|turn|25\n|\n|t:|1699593858\n|move|p2a: Zapdos|U-turn|p1a: Click the \u274c\n|-ability|p1a: Click the \u274c|Sturdy\n|-damage|p1a: Click the \u274c|10\/100\n|\n|t:|1699593867\n|switch|p2a: Clodsire|Clodsire, M|75\/100 tox|[from] U-turn\n|move|p1a: Click the \u274c|Pain Split|p2a: Clodsire\n|-sethp|p2a: Clodsire|38\/100 tox|[from] move: Pain Split|[silent]\n|-sethp|p1a: Click the \u274c|100\/100|[from] move: Pain Split\n|\n|-heal|p2a: Clodsire|44\/100 tox|[from] item: Black Sludge\n|-damage|p2a: Clodsire|38\/100 tox|[from] psn\n|upkeep\n|turn|26\n|\n|t:|1699593879\n|move|p1a: Click the \u274c|Magic Coat|p1a: Click the \u274c\n|-singleturn|p1a: Click the \u274c|move: Magic Coat\n|move|p2a: Clodsire|Toxic|p1a: Click the \u274c\n|move|p1a: Click the \u274c|Toxic|p2a: Clodsire|[from]Magic Coat\n|-fail|p2a: Clodsire|tox\n|\n|-heal|p2a: Clodsire|44\/100 tox|[from] item: Black Sludge\n|-damage|p2a: Clodsire|32\/100 tox|[from] psn\n|upkeep\n|turn|27\n|\n|t:|1699593889\n|move|p1a: Click the \u274c|Magic Coat|p1a: Click the \u274c\n|-singleturn|p1a: Click the \u274c|move: Magic Coat\n|move|p2a: Clodsire|Toxic|p1a: Click the \u274c\n|move|p1a: Click the \u274c|Toxic|p2a: Clodsire|[from]Magic Coat\n|-fail|p2a: Clodsire|tox\n|\n|-heal|p2a: Clodsire|38\/100 tox|[from] item: Black Sludge\n|-damage|p2a: Clodsire|19\/100 tox|[from] psn\n|upkeep\n|turn|28\n|\n|t:|1699593904\n|move|p1a: Click the \u274c|Magic Coat|p1a: Click the \u274c\n|-singleturn|p1a: Click the \u274c|move: Magic Coat\n|move|p2a: Clodsire|Toxic|p1a: Click the \u274c\n|move|p1a: Click the \u274c|Toxic|p2a: Clodsire|[from]Magic Coat\n|-fail|p2a: Clodsire|tox\n|\n|-heal|p2a: Clodsire|25\/100 tox|[from] item: Black Sludge\n|-damage|p2a: Clodsire|0 fnt|[from] psn\n|faint|p2a: Clodsire\n|upkeep\n|\n|t:|1699593916\n|switch|p2a: Kommo-o|Kommo-o, M|100\/100\n|turn|29\n|c|\u2606TheQuobGobbler|lol\n|inactive|TR0NQU1TO has 120 seconds left.\n|\n|t:|1699593939\n|move|p2a: Kommo-o|Drain Punch|p1a: Click the \u274c\n|-supereffective|p1a: Click the \u274c\n|-crit|p1a: Click the \u274c\n|-ability|p1a: Click the \u274c|Sturdy\n|-damage|p1a: Click the \u274c|10\/100\n|move|p1a: Click the \u274c|Pain Split|p2a: Kommo-o\n|-sethp|p2a: Kommo-o|51\/100|[from] move: Pain Split|[silent]\n|-sethp|p1a: Click the \u274c|100\/100|[from] move: Pain Split\n|\n|upkeep\n|turn|30\n|inactive|TR0NQU1TO has 120 seconds left.\n|\n|t:|1699593953\n|move|p2a: Kommo-o|Clangorous Soul|p2a: Kommo-o\n|-boost|p2a: Kommo-o|atk|1\n|-boost|p2a: Kommo-o|def|1\n|-boost|p2a: Kommo-o|spa|1\n|-boost|p2a: Kommo-o|spd|1\n|-boost|p2a: Kommo-o|spe|1\n|-damage|p2a: Kommo-o|18\/100\n|-enditem|p2a: Kommo-o|Throat Spray\n|-boost|p2a: Kommo-o|spa|1|[from] item: Throat Spray\n|move|p1a: Click the \u274c|Pain Split|p2a: Kommo-o\n|-sethp|p2a: Kommo-o|11\/100|[from] move: Pain Split|[silent]\n|-sethp|p1a: Click the \u274c|100\/100|[from] move: Pain Split\n|\n|upkeep\n|turn|31\n|inactive|TR0NQU1TO has 120 seconds left.\n|\n|t:|1699593967\n|move|p2a: Kommo-o|Hyper Voice|p1a: Click the \u274c\n|-resisted|p1a: Click the \u274c\n|-ability|p1a: Click the \u274c|Sturdy\n|-damage|p1a: Click the \u274c|10\/100\n|move|p1a: Click the \u274c|Toxic|p2a: Kommo-o\n|-status|p2a: Kommo-o|tox\n|\n|-damage|p2a: Kommo-o|5\/100 tox|[from] psn\n|upkeep\n|turn|32\n|inactive|TR0NQU1TO has 120 seconds left.\n|\n|t:|1699593977\n|move|p1a: Click the \u274c|Protect|p1a: Click the \u274c\n|-singleturn|p1a: Click the \u274c|Protect\n|move|p2a: Kommo-o|Clanging Scales|p1a: Click the \u274c\n|-activate|p1a: Click the \u274c|move: Protect\n|\n|-damage|p2a: Kommo-o|0 fnt|[from] psn\n|faint|p2a: Kommo-o\n|upkeep\n|-message|TR0NQU1TO forfeited.\n|\n|win|TheQuobGobbler\n|raw|TheQuobGobbler's rating: 1151 &rarr; <strong>1168<\/strong><br \/>(+17 for winning)\n|raw|TR0NQU1TO's rating: 1029 &rarr; <strong>1019<\/strong><br \/>(-10 for losing)\n|l|\u2606TR0NQU1TO\n","uploadtime":1699593998,"views":6,"p1id":"thequobgobbler","p2id":"tr0nqu1to","formatid":"gen9nationaldex","rating":1019,"private":0,"password":""}