{"id":"gen9nationaldex-1988467951","p1":"sprayreal","p2":"nbdg","format":"[Gen 9] National Dex","log":"|j|\u2606sprayreal\n|j|\u2606nbdg\n|t:|1699726120\n|gametype|singles\n|player|p1|sprayreal|pokemonranger-gen4|\n|player|p2|nbdg|102|\n|teamsize|p1|3\n|teamsize|p2|6\n|gen|9\n|tier|[Gen 9] National Dex\n|rule|HP Percentage Mod: HP is shown in percentages\n|rule|Endless Battle Clause: Forcing endless battles is banned\n|rule|OHKO Clause: OHKO moves are banned\n|rule|Evasion Clause: Evasion abilities, items, and moves are banned\n|rule|Evasion Abilities Clause: Evasion abilities are banned\n|rule|Evasion Items Clause: Evasion items are banned\n|rule|Evasion Moves Clause: Evasion moves are banned\n|rule|Species Clause: Limit one of each Pok\u00e9mon\n|rule|Sleep Clause Mod: Limit one foe put to sleep\n|clearpoke\n|poke|p1|Mudkip, L5, F|\n|poke|p1|Ogerpon-Cornerstone, F|\n|poke|p1|Noivern, F|\n|poke|p2|Cloyster, M|\n|poke|p2|Pelipper, F|\n|poke|p2|Klefki, M|\n|poke|p2|Stunfisk, M|\n|poke|p2|Vikavolt, M|\n|poke|p2|Charmeleon, M|\n|teampreview\n|c|\u2606nbdg|look\n|c|\u2606nbdg|the charmander evolved\n|c|\u2606sprayreal|oh\n|\n|t:|1699726129\n|start\n|switch|p1a: wolfie|Mudkip, L5, F|100\/100\n|switch|p2a: Charmeleon|Charmeleon, M|100\/100\n|turn|1\n|c|\u2606nbdg|wolfie will die now\n|\n|t:|1699726137\n|move|p2a: Charmeleon|Brick Break|p1a: wolfie\n|-crit|p1a: wolfie\n|-enditem|p1a: wolfie|Focus Sash\n|-damage|p1a: wolfie|5\/100\n|move|p1a: wolfie|Toxic|p2a: Charmeleon\n|-status|p2a: Charmeleon|tox\n|\n|-damage|p2a: Charmeleon|94\/100 tox|[from] psn\n|upkeep\n|turn|2\n|\n|t:|1699726146\n|move|p1a: wolfie|Protect|p1a: wolfie\n|-singleturn|p1a: wolfie|Protect\n|move|p2a: Charmeleon|Brick Break|p1a: wolfie\n|-activate|p1a: wolfie|move: Protect\n|\n|-damage|p2a: Charmeleon|82\/100 tox|[from] psn\n|upkeep\n|turn|3\n|\n|t:|1699726163\n|move|p1a: wolfie|Endure||[still]\n|-fail|p1a: wolfie\n|move|p2a: Charmeleon|Brick Break|p1a: wolfie\n|-damage|p1a: wolfie|0 fnt\n|faint|p1a: wolfie\n|\n|-damage|p2a: Charmeleon|63\/100 tox|[from] psn\n|upkeep\n|c|\u2606nbdg|me when you realize\n|c|\u2606nbdg|it might just take a charmeleon\n|\n|t:|1699726182\n|switch|p1a: noob|Ogerpon-Cornerstone, F|100\/100\n|turn|4\n|\n|t:|1699726186\n|-terastallize|p1a: noob|Rock\n|detailschange|p1a: noob|Ogerpon-Cornerstone-Tera, F, tera:Rock\n|-ability|p1a: noob|Embody Aspect (Cornerstone)|boost\n|-boost|p1a: noob|def|1\n|move|p1a: noob|Swords Dance|p1a: noob\n|-boost|p1a: noob|atk|2\n|move|p2a: Charmeleon|Brick Break|p1a: noob\n|-supereffective|p1a: noob\n|-damage|p1a: noob|56\/100\n|\n|-damage|p2a: Charmeleon|38\/100 tox|[from] psn\n|upkeep\n|turn|5\n|c|\u2606nbdg|god y did u do that\n|\n|t:|1699726198\n|move|p1a: noob|Horn Leech|p2a: Charmeleon\n|-resisted|p2a: Charmeleon\n|-damage|p2a: Charmeleon|0 fnt\n|-heal|p1a: noob|72\/100|[from] drain|[of] p2a: Charmeleon\n|faint|p2a: Charmeleon\n|\n|upkeep\n|\n|t:|1699726204\n|switch|p2a: Stunfisk|Stunfisk, M|100\/100\n|turn|6\n|\n|t:|1699726210\n|move|p1a: noob|Horn Leech|p2a: Stunfisk\n|-supereffective|p2a: Stunfisk\n|-enditem|p2a: Stunfisk|Focus Sash\n|-damage|p2a: Stunfisk|1\/100\n|-heal|p1a: noob|100\/100|[from] drain|[of] p2a: Stunfisk\n|move|p2a: Stunfisk|Endeavor|p1a: noob\n|-damage|p1a: noob|1\/100\n|\n|upkeep\n|turn|7\n|c|\u2606sprayreal|um\n|c|\u2606sprayreal|ummm\n|c|\u2606sprayreal|ummmm\n|\n|t:|1699726225\n|-terastallize|p2a: Stunfisk|Ground\n|move|p1a: noob|Horn Leech|p2a: Stunfisk\n|-supereffective|p2a: Stunfisk\n|-damage|p2a: Stunfisk|0 fnt\n|-heal|p1a: noob|1\/100|[from] drain|[of] p2a: Stunfisk\n|faint|p2a: Stunfisk\n|\n|upkeep\n|c|\u2606sprayreal|what was the point of\n|c|\u2606sprayreal|that\n|\n|t:|1699726252\n|switch|p2a: Key|Klefki, M|100\/100\n|turn|8\n|c|\u2606nbdg|y that thing so fast..\n|\n|t:|1699726256\n|move|p1a: noob|Horn Leech|p2a: Key\n|-resisted|p2a: Key\n|-damage|p2a: Key|49\/100\n|-heal|p1a: noob|26\/100|[from] drain|[of] p2a: Key\n|move|p2a: Key|Dazzling Gleam|p1a: noob\n|-crit|p1a: noob\n|-damage|p1a: noob|0 fnt\n|faint|p1a: noob\n|\n|-heal|p2a: Key|55\/100|[from] item: Leftovers\n|upkeep\n|c|\u2606nbdg|LOL\n|c|\u2606nbdg|DID YOU TRY TO PREDICT\n|c|\u2606nbdg|YOU'RE DONE\n|\n|t:|1699726267\n|switch|p1a: alonso|Noivern, F|100\/100\n|turn|9\n|\n|t:|1699726275\n|move|p1a: alonso|Flamethrower|p2a: Key\n|-supereffective|p2a: Key\n|-damage|p2a: Key|0 fnt\n|faint|p2a: Key\n|\n|upkeep\n|\n|t:|1699726279\n|switch|p2a: Vikavolt|Vikavolt, M|100\/100\n|turn|10\n|\n|t:|1699726289\n|move|p1a: alonso|Flamethrower|p2a: Vikavolt\n|-supereffective|p2a: Vikavolt\n|-damage|p2a: Vikavolt|44\/100\n|move|p2a: Vikavolt|Bug Buzz|p1a: alonso\n|-resisted|p1a: alonso\n|-damage|p1a: alonso|63\/100\n|\n|upkeep\n|turn|11\n|c|\u2606sprayreal|out of all moves\n|c|\u2606sprayreal|bug buzz??\n|\n|t:|1699726306\n|move|p1a: alonso|Flamethrower|p2a: Vikavolt\n|-supereffective|p2a: Vikavolt\n|-damage|p2a: Vikavolt|0 fnt\n|faint|p2a: Vikavolt\n|\n|upkeep\n|c|\u2606nbdg|idk\n|\n|t:|1699726314\n|switch|p2a: rainy boy|Pelipper, F|100\/100\n|turn|12\n|\n|t:|1699726316\n|move|p1a: alonso|Roost|p1a: alonso\n|-heal|p1a: alonso|100\/100\n|-singleturn|p1a: alonso|move: Roost\n|move|p2a: rainy boy|Acrobatics|p1a: alonso\n|-damage|p1a: alonso|69\/100\n|\n|upkeep\n|turn|13\n|\n|t:|1699726325\n|move|p1a: alonso|Roost|p1a: alonso\n|-heal|p1a: alonso|100\/100\n|-singleturn|p1a: alonso|move: Roost\n|move|p2a: rainy boy|Knock Off|p1a: alonso\n|-damage|p1a: alonso|85\/100\n|-enditem|p1a: alonso|Heavy-Duty Boots|[from] move: Knock Off|[of] p2a: rainy boy\n|\n|upkeep\n|turn|14\n|\n|t:|1699726333\n|move|p1a: alonso|Flamethrower|p2a: rainy boy\n|-resisted|p2a: rainy boy\n|-damage|p2a: rainy boy|79\/100\n|move|p2a: rainy boy|Acrobatics|p1a: alonso\n|-damage|p1a: alonso|55\/100\n|\n|upkeep\n|turn|15\n|c|\u2606nbdg|resisted..\n|\n|t:|1699726341\n|move|p1a: alonso|Roost|p1a: alonso\n|-heal|p1a: alonso|100\/100\n|-singleturn|p1a: alonso|move: Roost\n|move|p2a: rainy boy|Acrobatics|p1a: alonso\n|-damage|p1a: alonso|71\/100\n|\n|upkeep\n|turn|16\n|c|\u2606nbdg|you cannot stall forever\n|\n|t:|1699726348\n|move|p1a: alonso|Flamethrower|p2a: rainy boy\n|-resisted|p2a: rainy boy\n|-damage|p2a: rainy boy|60\/100\n|move|p2a: rainy boy|Acrobatics|p1a: alonso\n|-damage|p1a: alonso|40\/100\n|\n|upkeep\n|turn|17\n|\n|t:|1699726355\n|move|p1a: alonso|Roost|p1a: alonso\n|-heal|p1a: alonso|90\/100\n|-singleturn|p1a: alonso|move: Roost\n|move|p2a: rainy boy|Acrobatics|p1a: alonso\n|-damage|p1a: alonso|60\/100\n|\n|upkeep\n|turn|18\n|\n|t:|1699726363\n|move|p1a: alonso|Flamethrower|p2a: rainy boy\n|-resisted|p2a: rainy boy\n|-damage|p2a: rainy boy|39\/100\n|move|p2a: rainy boy|Snowscape|p2a: rainy boy\n|-weather|Snow\n|\n|-weather|Snow|[upkeep]\n|upkeep\n|turn|19\n|c|\u2606nbdg|im literlaly just gonna make it harder for u\n|\n|t:|1699726370\n|move|p1a: alonso|Roost|p1a: alonso\n|-heal|p1a: alonso|100\/100\n|-singleturn|p1a: alonso|move: Roost\n|move|p2a: rainy boy|Acrobatics|p1a: alonso\n|-damage|p1a: alonso|69\/100\n|\n|-weather|Snow|[upkeep]\n|upkeep\n|turn|20\n|c|\u2606nbdg|oh my god how much sp does this stupid roost have\n|\n|t:|1699726380\n|move|p1a: alonso|Flamethrower|p2a: rainy boy\n|-resisted|p2a: rainy boy\n|-damage|p2a: rainy boy|21\/100\n|-status|p2a: rainy boy|brn\n|move|p2a: rainy boy|Acrobatics|p1a: alonso\n|-damage|p1a: alonso|54\/100\n|\n|-weather|Snow|[upkeep]\n|-damage|p2a: rainy boy|15\/100 brn|[from] brn\n|upkeep\n|turn|21\n|\n|t:|1699726389\n|move|p1a: alonso|Roost|p1a: alonso\n|-heal|p1a: alonso|100\/100\n|-singleturn|p1a: alonso|move: Roost\n|move|p2a: rainy boy|Acrobatics|p1a: alonso\n|-damage|p1a: alonso|86\/100\n|\n|-weather|Snow|[upkeep]\n|-damage|p2a: rainy boy|9\/100 brn|[from] brn\n|upkeep\n|turn|22\n|\n|t:|1699726399\n|move|p2a: rainy boy|Protect|p2a: rainy boy\n|-singleturn|p2a: rainy boy|Protect\n|move|p1a: alonso|Flamethrower|p2a: rainy boy\n|-activate|p2a: rainy boy|move: Protect\n|\n|-weather|none\n|-damage|p2a: rainy boy|2\/100 brn|[from] brn\n|upkeep\n|turn|23\n|\n|t:|1699726406\n|move|p1a: alonso|Roost|p1a: alonso\n|-heal|p1a: alonso|100\/100\n|-singleturn|p1a: alonso|move: Roost\n|move|p2a: rainy boy|Acrobatics|p1a: alonso\n|-damage|p1a: alonso|87\/100\n|\n|-damage|p2a: rainy boy|0 fnt|[from] brn\n|faint|p2a: rainy boy\n|upkeep\n|\n|t:|1699726415\n|switch|p2a: Drill|Cloyster, M|100\/100\n|turn|24\n|c|\u2606nbdg|hacker...\n|\n|t:|1699726426\n|move|p1a: alonso|Draco Meteor|p2a: Drill\n|-damage|p2a: Drill|0 fnt\n|-unboost|p1a: alonso|spa|2\n|faint|p2a: Drill\n|\n|win|sprayreal\n|c|\u2606sprayreal|LOL\n|c|\u2606nbdg|im gonna switch to a different pokimon now\n|c|\u2606sprayreal|oh my god\n","uploadtime":1699726481,"views":12,"p1id":"sprayreal","p2id":"nbdg","formatid":"gen9nationaldex","rating":0,"private":0,"password":""}