{"id":"gen9nationaldex-1996548837","p1":"PikaTheRat","p2":"KaneWritez","format":"[Gen 9] National Dex","log":"|html|<div class=\"broadcast-blue\"><strong>[Gen 9] National Dex is currently suspecting Sneasler! For information on how to participate check out the <a href=\"https:\/\/www.smogon.com\/forums\/threads\/sv-national-dex-suspect-8-just-dance.3731534\/\">suspect thread<\/a>.<\/strong><\/div>\n|j|\u2606PikaTheRat\n|j|\u2606KaneWritez\n|t:|1700693097\n|gametype|singles\n|player|p1|PikaTheRat|lucas|\n|player|p2|KaneWritez|ethan|\n|teamsize|p1|6\n|teamsize|p2|5\n|gen|9\n|tier|[Gen 9] National Dex\n|rule|HP Percentage Mod: HP is shown in percentages\n|rule|Endless Battle Clause: Forcing endless battles is banned\n|rule|OHKO Clause: OHKO moves are banned\n|rule|Evasion Clause: Evasion abilities, items, and moves are banned\n|rule|Evasion Abilities Clause: Evasion abilities are banned\n|rule|Evasion Items Clause: Evasion items are banned\n|rule|Evasion Moves Clause: Evasion moves are banned\n|rule|Species Clause: Limit one of each Pok\u00e9mon\n|rule|Sleep Clause Mod: Limit one foe put to sleep\n|clearpoke\n|poke|p1|Shelgon, L45, M|\n|poke|p1|Lycanroc-Midnight, L45, M|\n|poke|p1|Ludicolo, L45, M|\n|poke|p1|Typhlosion-Hisui, L45, M|\n|poke|p1|Orbeetle, L45, M|\n|poke|p1|Toxtricity, L45, F|\n|poke|p2|Walrein, L44, F|\n|poke|p2|Vikavolt, L44, F|\n|poke|p2|Skrelp, L44, F|\n|poke|p2|Larvesta, L44, F|\n|poke|p2|Pupitar, L44, M|\n|teampreview\n|\n|t:|1700693113\n|start\n|switch|p1a: Lycanroc|Lycanroc-Midnight, L45, M|100\/100\n|switch|p2a: Skrelp|Skrelp, L44, F|100\/100\n|turn|1\n|\n|t:|1700693123\n|switch|p1a: Toxtricity|Toxtricity, L45, F|100\/100\n|move|p2a: Skrelp|Toxic|p1a: Toxtricity\n|-immune|p1a: Toxtricity\n|\n|upkeep\n|turn|2\n|\n|t:|1700693143\n|switch|p2a: Godzilla|Pupitar, L44, M, shiny|100\/100\n|move|p1a: Toxtricity|Overdrive|p2a: Godzilla\n|-immune|p2a: Godzilla\n|\n|upkeep\n|turn|3\n|\n|t:|1700693167\n|switch|p1a: Ludicolo|Ludicolo, L45, M|100\/100\n|switch|p2a: Skrelp|Skrelp, L44, F|100\/100\n|\n|upkeep\n|turn|4\n|\n|t:|1700693174\n|move|p1a: Ludicolo|Giga Drain|p2a: Skrelp\n|-damage|p2a: Skrelp|36\/100\n|move|p2a: Skrelp|Toxic|p1a: Ludicolo\n|-status|p1a: Ludicolo|tox\n|\n|-damage|p1a: Ludicolo|95\/100 tox|[from] psn\n|upkeep\n|turn|5\n|c|\u2606KaneWritez|switch predicted\n|\n|t:|1700693183\n|move|p1a: Ludicolo|Giga Drain|p2a: Skrelp\n|-damage|p2a: Skrelp|0 fnt\n|-heal|p1a: Ludicolo|100\/100 tox|[from] drain|[of] p2a: Skrelp\n|faint|p2a: Skrelp\n|\n|-damage|p1a: Ludicolo|89\/100 tox|[from] psn\n|upkeep\n|\n|t:|1700693199\n|switch|p2a: Vikavolt|Vikavolt, L44, F|100\/100\n|turn|6\n|\n|t:|1700693223\n|switch|p1a: Typhlosion|Typhlosion-Hisui, L45, M|100\/100\n|move|p2a: Vikavolt|Bug Buzz|p1a: Typhlosion\n|-resisted|p1a: Typhlosion\n|-damage|p1a: Typhlosion|83\/100\n|-unboost|p1a: Typhlosion|spd|1\n|\n|upkeep\n|turn|7\n|\n|t:|1700693239\n|switch|p2a: Godzilla|Pupitar, L44, M, shiny|100\/100\n|move|p1a: Typhlosion|Flamethrower|p2a: Godzilla\n|-resisted|p2a: Godzilla\n|-damage|p2a: Godzilla|61\/100\n|\n|upkeep\n|turn|8\n|\n|t:|1700693260\n|switch|p1a: Lycanroc|Lycanroc-Midnight, L45, M|100\/100\n|move|p2a: Godzilla|Stone Edge|p1a: Lycanroc\n|-damage|p1a: Lycanroc|44\/100\n|\n|upkeep\n|turn|9\n|\n|t:|1700693268\n|move|p1a: Lycanroc|Bulldoze|p2a: Godzilla\n|-supereffective|p2a: Godzilla\n|-damage|p2a: Godzilla|1\/100\n|-unboost|p2a: Godzilla|spe|1\n|move|p2a: Godzilla|Earthquake|p1a: Lycanroc\n|-supereffective|p1a: Lycanroc\n|-damage|p1a: Lycanroc|0 fnt\n|faint|p1a: Lycanroc\n|\n|upkeep\n|c|\u2606KaneWritez|L\n|c|\u2606KaneWritez|LMAOO\n|\n|t:|1700693285\n|switch|p1a: Orbeetle|Orbeetle, L45, M|100\/100\n|turn|10\n|\n|t:|1700693301\n|move|p1a: Orbeetle|Bug Buzz|p2a: Godzilla\n|-crit|p2a: Godzilla\n|-damage|p2a: Godzilla|0 fnt\n|faint|p2a: Godzilla\n|\n|upkeep\n|\n|t:|1700693306\n|switch|p2a: Chrysus|Larvesta, L44, F, shiny|100\/100\n|turn|11\n|\n|t:|1700693328\n|switch|p1a: Typhlosion|Typhlosion-Hisui, L45, M|83\/100\n|move|p2a: Chrysus|Leech Life|p1a: Typhlosion\n|-resisted|p1a: Typhlosion\n|-damage|p1a: Typhlosion|71\/100\n|\n|upkeep\n|turn|12\n|\n|t:|1700693342\n|move|p1a: Typhlosion|Shadow Ball|p2a: Chrysus\n|-damage|p2a: Chrysus|12\/100\n|-unboost|p2a: Chrysus|spd|1\n|move|p2a: Chrysus|Bug Buzz|p1a: Typhlosion\n|-resisted|p1a: Typhlosion\n|-damage|p1a: Typhlosion|65\/100\n|\n|upkeep\n|turn|13\n|\n|t:|1700693353\n|move|p1a: Typhlosion|Shadow Ball|p2a: Chrysus\n|-damage|p2a: Chrysus|0 fnt\n|faint|p2a: Chrysus\n|\n|upkeep\n|\n|t:|1700693366\n|switch|p2a: Buddy|Walrein, L44, F|100\/100\n|turn|14\n|\n|t:|1700693373\n|move|p1a: Typhlosion|Flamethrower|p2a: Buddy\n|-damage|p2a: Buddy|77\/100\n|move|p2a: Buddy|Brine|p1a: Typhlosion\n|-supereffective|p1a: Typhlosion\n|-crit|p1a: Typhlosion\n|-damage|p1a: Typhlosion|0 fnt\n|faint|p1a: Typhlosion\n|\n|upkeep\n|c|\u2606KaneWritez|hehehe, yup\n|\n|t:|1700693391\n|switch|p1a: Ludicolo|Ludicolo, L45, M|89\/100 tox\n|turn|15\n|c|\u2606KaneWritez|type biz\n|\n|t:|1700693401\n|-terastallize|p2a: Buddy|Ice\n|move|p1a: Ludicolo|Giga Drain|p2a: Buddy\n|-damage|p2a: Buddy|44\/100\n|-heal|p1a: Ludicolo|100\/100 tox|[from] drain|[of] p2a: Buddy\n|move|p2a: Buddy|Aurora Beam|p1a: Ludicolo\n|-damage|p1a: Ludicolo|55\/100 tox\n|\n|-damage|p1a: Ludicolo|49\/100 tox|[from] psn\n|upkeep\n|turn|16\n|\n|t:|1700693415\n|move|p1a: Ludicolo|Giga Drain|p2a: Buddy\n|-damage|p2a: Buddy|16\/100\n|-heal|p1a: Ludicolo|69\/100 tox|[from] drain|[of] p2a: Buddy\n|move|p2a: Buddy|Rest|p2a: Buddy\n|-status|p2a: Buddy|slp|[from] move: Rest\n|-heal|p2a: Buddy|100\/100 slp|[silent]\n|\n|-damage|p1a: Ludicolo|58\/100 tox|[from] psn\n|upkeep\n|turn|17\n|\n|t:|1700693426\n|move|p1a: Ludicolo|Giga Drain|p2a: Buddy\n|-damage|p2a: Buddy|67\/100 slp\n|-heal|p1a: Ludicolo|80\/100 tox|[from] drain|[of] p2a: Buddy\n|cant|p2a: Buddy|slp\n|move|p2a: Buddy|Snore|p1a: Ludicolo\n|-damage|p1a: Ludicolo|63\/100 tox\n|\n|-damage|p1a: Ludicolo|46\/100 tox|[from] psn\n|upkeep\n|turn|18\n|\n|t:|1700693438\n|move|p1a: Ludicolo|Giga Drain|p2a: Buddy\n|-damage|p2a: Buddy|37\/100 slp\n|-heal|p1a: Ludicolo|67\/100 tox|[from] drain|[of] p2a: Buddy\n|cant|p2a: Buddy|slp\n|move|p2a: Buddy|Snore|p1a: Ludicolo\n|-damage|p1a: Ludicolo|48\/100 tox\n|\n|-damage|p1a: Ludicolo|25\/100 tox|[from] psn\n|upkeep\n|turn|19\n|\n|t:|1700693449\n|move|p1a: Ludicolo|Giga Drain|p2a: Buddy\n|-crit|p2a: Buddy\n|-damage|p2a: Buddy|0 fnt\n|-heal|p1a: Ludicolo|51\/100 tox|[from] drain|[of] p2a: Buddy\n|faint|p2a: Buddy\n|\n|-damage|p1a: Ludicolo|23\/100 tox|[from] psn\n|upkeep\n|c|\u2606KaneWritez|lucky crit\n|\n|t:|1700693458\n|switch|p2a: Vikavolt|Vikavolt, L44, F|100\/100\n|turn|20\n|\n|t:|1700693463\n|move|p1a: Ludicolo|Giga Drain|p2a: Vikavolt\n|-resisted|p2a: Vikavolt\n|-damage|p2a: Vikavolt|79\/100\n|-heal|p1a: Ludicolo|35\/100 tox|[from] drain|[of] p2a: Vikavolt\n|move|p2a: Vikavolt|Sticky Web|p1a: Ludicolo\n|-sidestart|p1: PikaTheRat|move: Sticky Web\n|\n|-damage|p1a: Ludicolo|1\/100 tox|[from] psn\n|upkeep\n|turn|21\n|\n|t:|1700693472\n|move|p1a: Ludicolo|Giga Drain|p2a: Vikavolt\n|-resisted|p2a: Vikavolt\n|-damage|p2a: Vikavolt|59\/100\n|-heal|p1a: Ludicolo|13\/100 tox|[from] drain|[of] p2a: Vikavolt\n|move|p2a: Vikavolt|Thunderbolt|p1a: Ludicolo\n|-damage|p1a: Ludicolo|0 fnt\n|faint|p1a: Ludicolo\n|\n|upkeep\n|c|\u2606KaneWritez|how.\n|\n|t:|1700693486\n|switch|p1a: Toxtricity|Toxtricity, L45, F|100\/100\n|-activate|p1a: Toxtricity|move: Sticky Web\n|-unboost|p1a: Toxtricity|spe|1\n|turn|22\n|\n|t:|1700693495\n|move|p1a: Toxtricity|Overdrive|p2a: Vikavolt\n|-resisted|p2a: Vikavolt\n|-damage|p2a: Vikavolt|33\/100\n|move|p2a: Vikavolt|Thunderbolt|p1a: Toxtricity\n|-resisted|p1a: Toxtricity\n|-damage|p1a: Toxtricity|79\/100\n|\n|upkeep\n|turn|23\n|\n|t:|1700693503\n|move|p1a: Toxtricity|Poison Jab|p2a: Vikavolt\n|-damage|p2a: Vikavolt|0 fnt\n|faint|p2a: Vikavolt\n|\n|win|PikaTheRat\n|l|\u2606KaneWritez\n","uploadtime":1700693510,"views":2,"p1id":"pikatherat","p2id":"kanewritez","formatid":"gen9nationaldex","rating":0,"private":0,"password":""}