{"id":"gen9nationaldex-1996527136","p1":"Hysuto","p2":"GX927YT","format":"[Gen 9] National Dex","log":"|html|<div class=\"broadcast-blue\"><strong>[Gen 9] National Dex is currently suspecting Sneasler! For information on how to participate check out the <a href=\"https:\/\/www.smogon.com\/forums\/threads\/sv-national-dex-suspect-8-just-dance.3731534\/\">suspect thread<\/a>.<\/strong><\/div>\n|j|\u2606Hysuto\n|j|\u2606GX927YT\n|t:|1700690799\n|gametype|singles\n|player|p1|Hysuto|burglar|1457\n|player|p2|GX927YT|ethan|1562\n|teamsize|p1|6\n|teamsize|p2|6\n|gen|9\n|tier|[Gen 9] National Dex\n|rated|\n|rule|HP Percentage Mod: HP is shown in percentages\n|rule|Endless Battle Clause: Forcing endless battles is banned\n|rule|OHKO Clause: OHKO moves are banned\n|rule|Evasion Clause: Evasion abilities, items, and moves are banned\n|rule|Evasion Abilities Clause: Evasion abilities are banned\n|rule|Evasion Items Clause: Evasion items are banned\n|rule|Evasion Moves Clause: Evasion moves are banned\n|rule|Species Clause: Limit one of each Pok\u00e9mon\n|rule|Sleep Clause Mod: Limit one foe put to sleep\n|clearpoke\n|poke|p1|Alomomola, M|\n|poke|p1|Aggron, M|\n|poke|p1|Heatran, F|\n|poke|p1|Rillaboom, F|\n|poke|p1|Sneasler, F|\n|poke|p1|Moltres|\n|poke|p2|Slowking-Galar, F|\n|poke|p2|Pinsir, F|\n|poke|p2|Ogerpon-Wellspring, F|\n|poke|p2|Sinistcha-Masterpiece|\n|poke|p2|Heatran, M|\n|poke|p2|Landorus-Therian, M|\n|teampreview\n|inactive|Battle timer is ON: inactive players will automatically lose when time's up. (requested by GX927YT)\n|inactive|Hysuto also wants the timer to be on.\n|\n|t:|1700690813\n|start\n|switch|p1a: Rillaboom|Rillaboom, F|100\/100\n|switch|p2a: Landorus|Landorus-Therian, M|100\/100\n|-fieldstart|move: Grassy Terrain|[from] ability: Grassy Surge|[of] p1a: Rillaboom\n|-ability|p2a: Landorus|Intimidate|boost\n|-unboost|p1a: Rillaboom|atk|1\n|turn|1\n|\n|t:|1700690817\n|move|p1a: Rillaboom|U-turn|p2a: Landorus\n|-resisted|p2a: Landorus\n|-damage|p2a: Landorus|92\/100\n|-damage|p1a: Rillaboom|84\/100|[from] item: Rocky Helmet|[of] p2a: Landorus\n|\n|t:|1700690819\n|switch|p1a: Moltres|Moltres|100\/100|[from] U-turn\n|move|p2a: Landorus|U-turn|p1a: Moltres\n|-resisted|p1a: Moltres\n|-damage|p1a: Moltres|96\/100\n|-status|p2a: Landorus|brn|[from] ability: Flame Body|[of] p1a: Moltres\n|\n|t:|1700690832\n|switch|p2a: Majora's Mask|Ogerpon-Wellspring, F|100\/100|[from] U-turn\n|\n|upkeep\n|turn|2\n|c|\u2606Hysuto|thats done\n|\n|t:|1700690845\n|switch|p1a: Rillaboom|Rillaboom, F|84\/100\n|move|p2a: Majora's Mask|Ivy Cudgel|p1a: Rillaboom|[anim] Ivy Cudgel Water\n|-resisted|p1a: Rillaboom\n|-damage|p1a: Rillaboom|53\/100\n|\n|-heal|p1a: Rillaboom|59\/100|[from] Grassy Terrain\n|upkeep\n|turn|3\n|\n|t:|1700690852\n|switch|p2a: Landorus|Landorus-Therian, M|92\/100 brn\n|-ability|p2a: Landorus|Intimidate|boost\n|-unboost|p1a: Rillaboom|atk|1\n|move|p1a: Rillaboom|Grassy Glide|p2a: Landorus\n|-damage|p2a: Landorus|67\/100 brn\n|-damage|p1a: Rillaboom|43\/100|[from] item: Rocky Helmet|[of] p2a: Landorus\n|\n|-heal|p1a: Rillaboom|49\/100|[from] Grassy Terrain\n|-damage|p2a: Landorus|61\/100 brn|[from] brn\n|upkeep\n|turn|4\n|\n|t:|1700690859\n|switch|p1a: Moltres|Moltres|96\/100\n|move|p2a: Landorus|Knock Off|p1a: Moltres\n|-damage|p1a: Moltres|84\/100\n|-enditem|p1a: Moltres|Heavy-Duty Boots|[from] move: Knock Off|[of] p2a: Landorus\n|\n|-damage|p2a: Landorus|55\/100 brn|[from] brn\n|upkeep\n|turn|5\n|\n|t:|1700690863\n|move|p2a: Landorus|U-turn|p1a: Moltres\n|-resisted|p1a: Moltres\n|-damage|p1a: Moltres|82\/100\n|\n|t:|1700690865\n|switch|p2a: Heatran|Heatran, M|100\/100|[from] U-turn\n|move|p1a: Moltres|Flamethrower|p2a: Heatran\n|-start|p2a: Heatran|ability: Flash Fire\n|\n|-fieldend|move: Grassy Terrain\n|upkeep\n|turn|6\n|\n|t:|1700690869\n|move|p1a: Moltres|U-turn|p2a: Heatran\n|-resisted|p2a: Heatran\n|-damage|p2a: Heatran|97\/100\n|\n|t:|1700690880\n|switch|p1a: Sneasler|Sneasler, F, shiny|100\/100|[from] U-turn\n|move|p2a: Heatran|Stealth Rock|p1a: Sneasler\n|-sidestart|p1: Hysuto|move: Stealth Rock\n|\n|-heal|p2a: Heatran|100\/100|[from] item: Leftovers\n|upkeep\n|turn|7\n|\n|t:|1700690889\n|move|p1a: Sneasler|Substitute|p1a: Sneasler\n|-start|p1a: Sneasler|Substitute\n|-damage|p1a: Sneasler|76\/100\n|move|p2a: Heatran|Lava Plume|p1a: Sneasler\n|-end|p1a: Sneasler|Substitute\n|\n|upkeep\n|turn|8\n|\n|t:|1700690894\n|move|p1a: Sneasler|Close Combat|p2a: Heatran\n|-supereffective|p2a: Heatran\n|-damage|p2a: Heatran|0 fnt\n|-unboost|p1a: Sneasler|def|1\n|-unboost|p1a: Sneasler|spd|1\n|faint|p2a: Heatran\n|\n|upkeep\n|\n|t:|1700690899\n|switch|p2a: Pinsir|Pinsir, F|100\/100\n|turn|9\n|\n|t:|1700690904\n|switch|p1a: Moltres|Moltres|82\/100\n|-damage|p1a: Moltres|32\/100|[from] Stealth Rock\n|detailschange|p2a: Pinsir|Pinsir-Mega, F\n|-mega|p2a: Pinsir|Pinsir|Pinsirite\n|move|p2a: Pinsir|Quick Attack|p1a: Moltres\n|-damage|p1a: Moltres|7\/100\n|\n|upkeep\n|turn|10\n|\n|t:|1700690910\n|move|p2a: Pinsir|Quick Attack|p1a: Moltres\n|-damage|p1a: Moltres|0 fnt\n|-status|p2a: Pinsir|brn|[from] ability: Flame Body|[of] p1a: Moltres\n|faint|p1a: Moltres\n|\n|-damage|p2a: Pinsir|95\/100 brn|[from] brn\n|upkeep\n|\n|t:|1700690914\n|switch|p1a: Alomomola|Alomomola, M|100\/100\n|turn|11\n|\n|t:|1700690916\n|move|p2a: Pinsir|Swords Dance|p2a: Pinsir\n|-boost|p2a: Pinsir|atk|2\n|move|p1a: Alomomola|Wish|p1a: Alomomola\n|\n|-damage|p2a: Pinsir|89\/100 brn|[from] brn\n|upkeep\n|turn|12\n|\n|t:|1700690919\n|move|p2a: Pinsir|Swords Dance|p2a: Pinsir\n|-boost|p2a: Pinsir|atk|2\n|move|p1a: Alomomola|Flip Turn|p2a: Pinsir\n|-damage|p2a: Pinsir|72\/100 brn\n|\n|t:|1700690930\n|switch|p1a: Rillaboom|Rillaboom, F|49\/100|[from] Flip Turn\n|-damage|p1a: Rillaboom|36\/100|[from] Stealth Rock\n|-fieldstart|move: Grassy Terrain|[from] ability: Grassy Surge|[of] p1a: Rillaboom\n|\n|-heal|p1a: Rillaboom|100\/100|[from] move: Wish|[wisher] Alomomola\n|-damage|p2a: Pinsir|66\/100 brn|[from] brn\n|upkeep\n|turn|13\n|\n|t:|1700690937\n|switch|p1a: Aggron|Aggron, M|100\/100\n|-damage|p1a: Aggron|94\/100|[from] Stealth Rock\n|move|p2a: Pinsir|Quick Attack|p1a: Aggron\n|-resisted|p1a: Aggron\n|-damage|p1a: Aggron|90\/100\n|\n|-heal|p1a: Aggron|96\/100|[from] Grassy Terrain\n|-damage|p2a: Pinsir|60\/100 brn|[from] brn\n|upkeep\n|turn|14\n|\n|t:|1700690941\n|detailschange|p1a: Aggron|Aggron-Mega, M\n|-mega|p1a: Aggron|Aggron|Aggronite\n|move|p2a: Pinsir|Earthquake|p1a: Aggron\n|-supereffective|p1a: Aggron\n|-damage|p1a: Aggron|78\/100\n|move|p1a: Aggron|Iron Defense|p1a: Aggron\n|-boost|p1a: Aggron|def|2\n|\n|-heal|p1a: Aggron|84\/100|[from] Grassy Terrain\n|-damage|p2a: Pinsir|54\/100 brn|[from] brn\n|upkeep\n|turn|15\n|\n|t:|1700690950\n|switch|p2a: Sinistcha|Sinistcha-Masterpiece|100\/100\n|move|p1a: Aggron|Stealth Rock|p2a: Sinistcha\n|-sidestart|p2: GX927YT|move: Stealth Rock\n|\n|-heal|p1a: Aggron|90\/100|[from] Grassy Terrain\n|upkeep\n|turn|16\n|\n|t:|1700690956\n|switch|p1a: Heatran|Heatran, F|100\/100\n|-damage|p1a: Heatran|88\/100|[from] Stealth Rock\n|move|p2a: Sinistcha|Calm Mind|p2a: Sinistcha\n|-boost|p2a: Sinistcha|spa|1\n|-boost|p2a: Sinistcha|spd|1\n|\n|-heal|p1a: Heatran|94\/100|[from] Grassy Terrain\n|-fieldend|move: Grassy Terrain\n|upkeep\n|turn|17\n|\n|t:|1700690962\n|switch|p1a: Alomomola|Alomomola, M|100\/100\n|move|p2a: Sinistcha|Shadow Ball|p1a: Alomomola\n|-damage|p1a: Alomomola|68\/100\n|\n|upkeep\n|turn|18\n|\n|t:|1700690967\n|switch|p2a: Slowking|Slowking-Galar, F|100\/100\n|-damage|p2a: Slowking|88\/100|[from] Stealth Rock\n|-terastallize|p1a: Alomomola|Dragon\n|move|p1a: Alomomola|Toxic|p2a: Slowking\n|-immune|p2a: Slowking\n|\n|-heal|p2a: Slowking|94\/100|[from] item: Black Sludge\n|upkeep\n|turn|19\n|\n|t:|1700690974\n|switch|p1a: Heatran|Heatran, F|94\/100\n|-damage|p1a: Heatran|82\/100|[from] Stealth Rock\n|move|p2a: Slowking|Chilly Reception|p2a: Slowking\n|-weather|Snow\n|\n|t:|1700690977\n|switch|p2a: Majora's Mask|Ogerpon-Wellspring, F|100\/100|[from] Chilly Reception\n|-damage|p2a: Majora's Mask|88\/100|[from] Stealth Rock\n|\n|-weather|Snow|[upkeep]\n|upkeep\n|turn|20\n|\n|t:|1700690980\n|switch|p1a: Alomomola|Alomomola, M, tera:Dragon|100\/100\n|move|p2a: Majora's Mask|Ivy Cudgel|p1a: Alomomola|[anim] Ivy Cudgel Water\n|-resisted|p1a: Alomomola\n|-damage|p1a: Alomomola|76\/100\n|\n|-weather|Snow|[upkeep]\n|upkeep\n|turn|21\n|\n|t:|1700690983\n|move|p2a: Majora's Mask|Play Rough|p1a: Alomomola\n|-supereffective|p1a: Alomomola\n|-damage|p1a: Alomomola|21\/100\n|move|p1a: Alomomola|Toxic|p2a: Majora's Mask\n|-status|p2a: Majora's Mask|tox\n|\n|-weather|Snow|[upkeep]\n|-damage|p2a: Majora's Mask|82\/100 tox|[from] psn\n|upkeep\n|turn|22\n|\n|t:|1700690988\n|move|p1a: Alomomola|Protect|p1a: Alomomola\n|-singleturn|p1a: Alomomola|Protect\n|move|p2a: Majora's Mask|Ivy Cudgel|p1a: Alomomola|[anim] Ivy Cudgel Water\n|-activate|p1a: Alomomola|move: Protect\n|\n|-weather|Snow|[upkeep]\n|-damage|p2a: Majora's Mask|70\/100 tox|[from] psn\n|upkeep\n|turn|23\n|\n|t:|1700690993\n|switch|p1a: Aggron|Aggron-Mega, M|90\/100\n|-damage|p1a: Aggron|84\/100|[from] Stealth Rock\n|move|p2a: Majora's Mask|Play Rough|p1a: Aggron\n|-resisted|p1a: Aggron\n|-damage|p1a: Aggron|78\/100\n|\n|-weather|none\n|-damage|p2a: Majora's Mask|52\/100 tox|[from] psn\n|upkeep\n|turn|24\n|\n|t:|1700690998\n|switch|p2a: Sinistcha|Sinistcha-Masterpiece|100\/100\n|-damage|p2a: Sinistcha|88\/100|[from] Stealth Rock\n|move|p1a: Aggron|Body Press|p2a: Sinistcha\n|-immune|p2a: Sinistcha\n|\n|-heal|p2a: Sinistcha|94\/100|[from] item: Leftovers\n|upkeep\n|turn|25\n|\n|t:|1700691002\n|switch|p1a: Heatran|Heatran, F|82\/100\n|-damage|p1a: Heatran|69\/100|[from] Stealth Rock\n|move|p2a: Sinistcha|Shadow Ball|p1a: Heatran\n|-damage|p1a: Heatran|55\/100\n|\n|-heal|p2a: Sinistcha|99\/100|[from] item: Leftovers\n|upkeep\n|turn|26\n|\n|t:|1700691008\n|switch|p1a: Alomomola|Alomomola, M, tera:Dragon|55\/100\n|switch|p2a: Slowking|Slowking-Galar, F|100\/100\n|-damage|p2a: Slowking|88\/100|[from] Stealth Rock\n|\n|-heal|p2a: Slowking|94\/100|[from] item: Black Sludge\n|upkeep\n|turn|27\n|\n|t:|1700691010\n|move|p1a: Alomomola|Wish|p1a: Alomomola\n|move|p2a: Slowking|Toxic|p1a: Alomomola\n|-status|p1a: Alomomola|tox\n|\n|-heal|p2a: Slowking|99\/100|[from] item: Black Sludge\n|-damage|p1a: Alomomola|48\/100 tox|[from] psn\n|upkeep\n|turn|28\n|\n|t:|1700691014\n|move|p1a: Alomomola|Protect|p1a: Alomomola\n|-singleturn|p1a: Alomomola|Protect\n|move|p2a: Slowking|Chilly Reception|p2a: Slowking\n|-weather|Snow\n|\n|t:|1700691028\n|switch|p2a: Majora's Mask|Ogerpon-Wellspring, F|52\/100 tox|[from] Chilly Reception\n|-damage|p2a: Majora's Mask|40\/100 tox|[from] Stealth Rock\n|\n|-weather|Snow|[upkeep]\n|-heal|p1a: Alomomola|98\/100 tox|[from] move: Wish|[wisher] Alomomola\n|-damage|p2a: Majora's Mask|34\/100 tox|[from] psn\n|-damage|p1a: Alomomola|86\/100 tox|[from] psn\n|upkeep\n|turn|29\n|\n|t:|1700691033\n|switch|p1a: Aggron|Aggron-Mega, M|78\/100\n|-damage|p1a: Aggron|71\/100|[from] Stealth Rock\n|move|p2a: Majora's Mask|Play Rough|p1a: Aggron\n|-resisted|p1a: Aggron\n|-damage|p1a: Aggron|64\/100\n|\n|-weather|Snow|[upkeep]\n|-damage|p2a: Majora's Mask|22\/100 tox|[from] psn\n|upkeep\n|turn|30\n|\n|t:|1700691040\n|switch|p2a: Landorus|Landorus-Therian, M|55\/100 brn\n|-damage|p2a: Landorus|43\/100 brn|[from] Stealth Rock\n|-ability|p2a: Landorus|Intimidate|boost\n|-unboost|p1a: Aggron|atk|1\n|move|p1a: Aggron|Heavy Slam|p2a: Landorus\n|-damage|p2a: Landorus|15\/100 brn\n|-damage|p1a: Aggron|47\/100|[from] item: Rocky Helmet|[of] p2a: Landorus\n|\n|-weather|Snow|[upkeep]\n|-damage|p2a: Landorus|9\/100 brn|[from] brn\n|upkeep\n|turn|31\n|\n|t:|1700691045\n|switch|p1a: Rillaboom|Rillaboom, F|100\/100\n|-damage|p1a: Rillaboom|88\/100|[from] Stealth Rock\n|-fieldstart|move: Grassy Terrain|[from] ability: Grassy Surge|[of] p1a: Rillaboom\n|move|p2a: Landorus|Defog|p1a: Rillaboom\n|-unboost|p1a: Rillaboom|evasion|1\n|-sideend|p1: Hysuto|Stealth Rock|[from] move: Defog|[of] p2a: Landorus\n|-sideend|p2: GX927YT|Stealth Rock|[from] move: Defog|[of] p2a: Landorus\n|-fieldend|move: Grassy Terrain\n|\n|-weather|Snow|[upkeep]\n|-damage|p2a: Landorus|3\/100 brn|[from] brn\n|upkeep\n|turn|32\n|\n|t:|1700691048\n|move|p1a: Rillaboom|Grassy Glide|p2a: Landorus\n|-damage|p2a: Landorus|0 fnt\n|-damage|p1a: Rillaboom|72\/100|[from] item: Rocky Helmet|[of] p2a: Landorus\n|faint|p2a: Landorus\n|\n|-weather|none\n|upkeep\n|\n|t:|1700691051\n|switch|p2a: Sinistcha|Sinistcha-Masterpiece|99\/100\n|turn|33\n|\n|t:|1700691059\n|switch|p1a: Alomomola|Alomomola, M, tera:Dragon|100\/100 tox\n|move|p2a: Sinistcha|Shadow Ball|p1a: Alomomola\n|-damage|p1a: Alomomola|77\/100 tox\n|\n|-heal|p2a: Sinistcha|100\/100|[from] item: Leftovers\n|-damage|p1a: Alomomola|71\/100 tox|[from] psn\n|upkeep\n|turn|34\n|\n|t:|1700691063\n|switch|p2a: Slowking|Slowking-Galar, F|100\/100\n|move|p1a: Alomomola|Wish|p1a: Alomomola\n|\n|-damage|p1a: Alomomola|59\/100 tox|[from] psn\n|upkeep\n|turn|35\n|\n|t:|1700691069\n|move|p1a: Alomomola|Flip Turn|p2a: Slowking\n|-crit|p2a: Slowking\n|-damage|p2a: Slowking|75\/100\n|\n|t:|1700691073\n|switch|p1a: Aggron|Aggron-Mega, M|47\/100|[from] Flip Turn\n|move|p2a: Slowking|Ice Beam|p1a: Aggron\n|-resisted|p1a: Aggron\n|-damage|p1a: Aggron|34\/100\n|\n|-heal|p1a: Aggron|100\/100|[from] move: Wish|[wisher] Alomomola\n|-heal|p2a: Slowking|81\/100|[from] item: Black Sludge\n|upkeep\n|turn|36\n|\n|t:|1700691081\n|switch|p1a: Alomomola|Alomomola, M, tera:Dragon|92\/100 tox\n|move|p2a: Slowking|Chilly Reception|p2a: Slowking\n|-weather|Snow\n|\n|t:|1700691086\n|switch|p2a: Majora's Mask|Ogerpon-Wellspring, F|22\/100 tox|[from] Chilly Reception\n|\n|-weather|Snow|[upkeep]\n|-damage|p2a: Majora's Mask|16\/100 tox|[from] psn\n|-damage|p1a: Alomomola|86\/100 tox|[from] psn\n|upkeep\n|turn|37\n|\n|t:|1700691090\n|move|p2a: Majora's Mask|Ivy Cudgel|p1a: Alomomola|[anim] Ivy Cudgel Water\n|-resisted|p1a: Alomomola\n|-damage|p1a: Alomomola|65\/100 tox\n|move|p1a: Alomomola|Wish|p1a: Alomomola\n|\n|-weather|Snow|[upkeep]\n|-damage|p2a: Majora's Mask|4\/100 tox|[from] psn\n|-damage|p1a: Alomomola|53\/100 tox|[from] psn\n|upkeep\n|turn|38\n|\n|t:|1700691099\n|switch|p2a: Slowking|Slowking-Galar, F|100\/100\n|move|p1a: Alomomola|Protect||[still]\n|-fail|p1a: Alomomola\n|\n|-weather|Snow|[upkeep]\n|-heal|p1a: Alomomola|100\/100 tox|[from] move: Wish|[wisher] Alomomola\n|-damage|p1a: Alomomola|82\/100 tox|[from] psn\n|upkeep\n|turn|39\n|\n|t:|1700691107\n|switch|p1a: Heatran|Heatran, F|55\/100\n|move|p2a: Slowking|Chilly Reception|p2a: Slowking\n|\n|t:|1700691111\n|switch|p2a: Majora's Mask|Ogerpon-Wellspring, F|4\/100 tox|[from] Chilly Reception\n|\n|-weather|Snow|[upkeep]\n|-damage|p2a: Majora's Mask|0 fnt|[from] psn\n|faint|p2a: Majora's Mask\n|upkeep\n|\n|t:|1700691113\n|switch|p2a: Pinsir|Pinsir-Mega, F|54\/100 brn\n|turn|40\n|\n|t:|1700691118\n|switch|p1a: Alomomola|Alomomola, M, tera:Dragon|100\/100 tox\n|move|p2a: Pinsir|Earthquake|p1a: Alomomola\n|-damage|p1a: Alomomola|85\/100 tox\n|\n|-weather|none\n|-damage|p1a: Alomomola|79\/100 tox|[from] psn\n|-damage|p2a: Pinsir|48\/100 brn|[from] brn\n|upkeep\n|turn|41\n|\n|t:|1700691122\n|move|p2a: Pinsir|Return|p1a: Alomomola\n|-damage|p1a: Alomomola|49\/100 tox\n|move|p1a: Alomomola|Wish|p1a: Alomomola\n|\n|-damage|p1a: Alomomola|36\/100 tox|[from] psn\n|-damage|p2a: Pinsir|43\/100 brn|[from] brn\n|upkeep\n|turn|42\n|\n|t:|1700691130\n|switch|p2a: Slowking|Slowking-Galar, F|100\/100\n|move|p1a: Alomomola|Flip Turn|p2a: Slowking\n|-damage|p2a: Slowking|85\/100\n|\n|t:|1700691133\n|switch|p1a: Heatran|Heatran, F|55\/100|[from] Flip Turn\n|\n|-heal|p1a: Heatran|100\/100|[from] move: Wish|[wisher] Alomomola\n|-heal|p2a: Slowking|91\/100|[from] item: Black Sludge\n|upkeep\n|turn|43\n|\n|t:|1700691138\n|move|p1a: Heatran|Earth Power|p2a: Slowking\n|-supereffective|p2a: Slowking\n|-damage|p2a: Slowking|63\/100\n|move|p2a: Slowking|Ice Beam|p1a: Heatran\n|-resisted|p1a: Heatran\n|-crit|p1a: Heatran\n|-damage|p1a: Heatran|97\/100\n|-status|p1a: Heatran|frz\n|\n|-heal|p2a: Slowking|69\/100|[from] item: Black Sludge\n|upkeep\n|turn|44\n|\n|t:|1700691142\n|switch|p2a: Pinsir|Pinsir-Mega, F|43\/100 brn\n|cant|p1a: Heatran|frz\n|\n|-damage|p2a: Pinsir|37\/100 brn|[from] brn\n|upkeep\n|turn|45\n|\n|t:|1700691148\n|switch|p1a: Rillaboom|Rillaboom, F|72\/100\n|-fieldstart|move: Grassy Terrain|[from] ability: Grassy Surge|[of] p1a: Rillaboom\n|move|p2a: Pinsir|Return|p1a: Rillaboom\n|-supereffective|p1a: Rillaboom\n|-damage|p1a: Rillaboom|0 fnt\n|faint|p1a: Rillaboom\n|\n|-damage|p2a: Pinsir|31\/100 brn|[from] brn\n|upkeep\n|\n|t:|1700691160\n|switch|p1a: Sneasler|Sneasler, F, shiny|76\/100\n|-enditem|p1a: Sneasler|Grassy Seed\n|-boost|p1a: Sneasler|def|1|[from] item: Grassy Seed\n|turn|46\n|\n|t:|1700691162\n|move|p2a: Pinsir|Quick Attack|p1a: Sneasler\n|-supereffective|p1a: Sneasler\n|-damage|p1a: Sneasler|41\/100\n|move|p1a: Sneasler|Acrobatics|p2a: Pinsir\n|-supereffective|p2a: Pinsir\n|-damage|p2a: Pinsir|0 fnt\n|faint|p2a: Pinsir\n|\n|-heal|p1a: Sneasler|47\/100|[from] Grassy Terrain\n|upkeep\n|\n|t:|1700691170\n|switch|p2a: Sinistcha|Sinistcha-Masterpiece|100\/100\n|turn|47\n|c|\u2606Hysuto|Damn that hurt even when burtn\n|c|\u2606Hysuto|Burn\n|\n|t:|1700691179\n|move|p1a: Sneasler|Acrobatics|p2a: Sinistcha\n|-supereffective|p2a: Sinistcha\n|-damage|p2a: Sinistcha|45\/100\n|move|p2a: Sinistcha|Strength Sap|p1a: Sneasler\n|-unboost|p1a: Sneasler|atk|1\n|-heal|p2a: Sinistcha|100\/100\n|\n|-heal|p1a: Sneasler|52\/100|[from] Grassy Terrain\n|upkeep\n|turn|48\n|\n|t:|1700691183\n|move|p1a: Sneasler|Substitute|p1a: Sneasler\n|-start|p1a: Sneasler|Substitute\n|-damage|p1a: Sneasler|28\/100\n|move|p2a: Sinistcha|Strength Sap||[still]\n|-fail|p2a: Sinistcha\n|\n|-heal|p1a: Sneasler|34\/100|[from] Grassy Terrain\n|upkeep\n|turn|49\n|\n|t:|1700691188\n|move|p1a: Sneasler|Swords Dance|p1a: Sneasler\n|-boost|p1a: Sneasler|atk|2\n|move|p2a: Sinistcha|Shadow Ball|p1a: Sneasler\n|-end|p1a: Sneasler|Substitute\n|\n|-heal|p1a: Sneasler|40\/100|[from] Grassy Terrain\n|-fieldend|move: Grassy Terrain\n|upkeep\n|turn|50\n|\n|t:|1700691191\n|move|p1a: Sneasler|Acrobatics|p2a: Sinistcha\n|-supereffective|p2a: Sinistcha\n|-damage|p2a: Sinistcha|26\/100\n|move|p2a: Sinistcha|Shadow Ball|p1a: Sneasler\n|-damage|p1a: Sneasler|0 fnt\n|faint|p1a: Sneasler\n|\n|-heal|p2a: Sinistcha|32\/100|[from] item: Leftovers\n|upkeep\n|\n|t:|1700691198\n|switch|p1a: Alomomola|Alomomola, M, tera:Dragon|70\/100 tox\n|turn|51\n|\n|t:|1700691200\n|switch|p2a: Slowking|Slowking-Galar, F|100\/100\n|move|p1a: Alomomola|Toxic|p2a: Slowking\n|-immune|p2a: Slowking\n|\n|-damage|p1a: Alomomola|63\/100 tox|[from] psn\n|upkeep\n|turn|52\n|\n|t:|1700691206\n|move|p1a: Alomomola|Flip Turn|p2a: Slowking\n|-damage|p2a: Slowking|85\/100\n|\n|t:|1700691208\n|switch|p1a: Heatran|Heatran, F|97\/100 frz|[from] Flip Turn\n|move|p2a: Slowking|Ice Beam|p1a: Heatran\n|-resisted|p1a: Heatran\n|-damage|p1a: Heatran|95\/100 frz\n|\n|-heal|p2a: Slowking|91\/100|[from] item: Black Sludge\n|upkeep\n|turn|53\n|\n|t:|1700691214\n|switch|p2a: Sinistcha|Sinistcha-Masterpiece|32\/100\n|cant|p1a: Heatran|frz\n|\n|-heal|p2a: Sinistcha|38\/100|[from] item: Leftovers\n|upkeep\n|turn|54\n|\n|t:|1700691223\n|cant|p1a: Heatran|frz\n|move|p2a: Sinistcha|Strength Sap|p1a: Heatran\n|-unboost|p1a: Heatran|atk|1\n|-heal|p2a: Sinistcha|86\/100\n|\n|-heal|p2a: Sinistcha|92\/100|[from] item: Leftovers\n|upkeep\n|turn|55\n|\n|t:|1700691227\n|cant|p1a: Heatran|frz\n|move|p2a: Sinistcha|Calm Mind|p2a: Sinistcha\n|-boost|p2a: Sinistcha|spa|1\n|-boost|p2a: Sinistcha|spd|1\n|\n|-heal|p2a: Sinistcha|98\/100|[from] item: Leftovers\n|upkeep\n|turn|56\n|\n|t:|1700691230\n|switch|p1a: Alomomola|Alomomola, M, tera:Dragon|97\/100 tox\n|move|p2a: Sinistcha|Calm Mind|p2a: Sinistcha\n|-boost|p2a: Sinistcha|spa|1\n|-boost|p2a: Sinistcha|spd|1\n|\n|-heal|p2a: Sinistcha|100\/100|[from] item: Leftovers\n|-damage|p1a: Alomomola|91\/100 tox|[from] psn\n|upkeep\n|turn|57\n|\n|t:|1700691235\n|switch|p2a: Slowking|Slowking-Galar, F|100\/100\n|move|p1a: Alomomola|Toxic|p2a: Slowking\n|-immune|p2a: Slowking\n|\n|-damage|p1a: Alomomola|78\/100 tox|[from] psn\n|upkeep\n|turn|58\n|\n|t:|1700691239\n|move|p1a: Alomomola|Flip Turn|p2a: Slowking\n|-damage|p2a: Slowking|83\/100\n|\n|t:|1700691242\n|switch|p1a: Aggron|Aggron-Mega, M|100\/100|[from] Flip Turn\n|move|p2a: Slowking|Chilly Reception|p2a: Slowking\n|-weather|Snow\n|\n|t:|1700691245\n|switch|p2a: Sinistcha|Sinistcha-Masterpiece|100\/100|[from] Chilly Reception\n|\n|-weather|Snow|[upkeep]\n|upkeep\n|turn|59\n|\n|t:|1700691248\n|move|p2a: Sinistcha|Shadow Ball|p1a: Aggron\n|-damage|p1a: Aggron|63\/100\n|move|p1a: Aggron|Stealth Rock|p2a: Sinistcha\n|-sidestart|p2: GX927YT|move: Stealth Rock\n|\n|-weather|Snow|[upkeep]\n|upkeep\n|turn|60\n|\n|t:|1700691253\n|switch|p1a: Alomomola|Alomomola, M, tera:Dragon|100\/100 tox\n|move|p2a: Sinistcha|Shadow Ball|p1a: Alomomola\n|-damage|p1a: Alomomola|76\/100 tox\n|-unboost|p1a: Alomomola|spd|1\n|\n|-weather|Snow|[upkeep]\n|-damage|p1a: Alomomola|70\/100 tox|[from] psn\n|upkeep\n|turn|61\n|\n|t:|1700691262\n|switch|p2a: Slowking|Slowking-Galar, F|100\/100\n|-damage|p2a: Slowking|88\/100|[from] Stealth Rock\n|switch|p1a: Heatran|Heatran, F|95\/100 frz\n|\n|-weather|Snow|[upkeep]\n|-heal|p2a: Slowking|94\/100|[from] item: Black Sludge\n|upkeep\n|turn|62\n|\n|t:|1700691264\n|switch|p2a: Sinistcha|Sinistcha-Masterpiece|100\/100\n|-damage|p2a: Sinistcha|88\/100|[from] Stealth Rock\n|cant|p1a: Heatran|frz\n|\n|-weather|none\n|-heal|p2a: Sinistcha|94\/100|[from] item: Leftovers\n|upkeep\n|turn|63\n|\n|t:|1700691267\n|cant|p1a: Heatran|frz\n|move|p2a: Sinistcha|Calm Mind|p2a: Sinistcha\n|-boost|p2a: Sinistcha|spa|1\n|-boost|p2a: Sinistcha|spd|1\n|\n|-heal|p2a: Sinistcha|99\/100|[from] item: Leftovers\n|upkeep\n|turn|64\n|c|\u2606Hysuto|Oj\n|c|\u2606Hysuto|Ok\n|\n|t:|1700691276\n|switch|p1a: Alomomola|Alomomola, M, tera:Dragon|100\/100 tox\n|move|p2a: Sinistcha|Shadow Ball|p1a: Alomomola\n|-damage|p1a: Alomomola|65\/100 tox\n|\n|-heal|p2a: Sinistcha|100\/100|[from] item: Leftovers\n|-damage|p1a: Alomomola|58\/100 tox|[from] psn\n|upkeep\n|turn|65\n|\n|t:|1700691284\n|switch|p2a: Slowking|Slowking-Galar, F|100\/100\n|-damage|p2a: Slowking|88\/100|[from] Stealth Rock\n|move|p1a: Alomomola|Toxic|p2a: Slowking\n|-immune|p2a: Slowking\n|\n|-heal|p2a: Slowking|94\/100|[from] item: Black Sludge\n|-damage|p1a: Alomomola|46\/100 tox|[from] psn\n|upkeep\n|turn|66\n|\n|t:|1700691290\n|switch|p2a: Sinistcha|Sinistcha-Masterpiece|100\/100\n|-damage|p2a: Sinistcha|88\/100|[from] Stealth Rock\n|move|p1a: Alomomola|Wish|p1a: Alomomola\n|\n|-heal|p2a: Sinistcha|94\/100|[from] item: Leftovers\n|-damage|p1a: Alomomola|27\/100 tox|[from] psn\n|upkeep\n|turn|67\n|\n|t:|1700691308\n|move|p1a: Alomomola|Protect|p1a: Alomomola\n|-singleturn|p1a: Alomomola|Protect\n|move|p2a: Sinistcha|Shadow Ball|p1a: Alomomola\n|-activate|p1a: Alomomola|move: Protect\n|\n|-heal|p1a: Alomomola|77\/100 tox|[from] move: Wish|[wisher] Alomomola\n|-heal|p2a: Sinistcha|99\/100|[from] item: Leftovers\n|-damage|p1a: Alomomola|53\/100 tox|[from] psn\n|upkeep\n|turn|68\n|\n|t:|1700691313\n|switch|p2a: Slowking|Slowking-Galar, F|100\/100\n|-damage|p2a: Slowking|88\/100|[from] Stealth Rock\n|switch|p1a: Heatran|Heatran, F|95\/100 frz\n|\n|-heal|p2a: Slowking|94\/100|[from] item: Black Sludge\n|upkeep\n|turn|69\n|\n|t:|1700691319\n|switch|p1a: Alomomola|Alomomola, M, tera:Dragon|86\/100 tox\n|move|p2a: Slowking|Chilly Reception|p2a: Slowking\n|-weather|Snow\n|\n|t:|1700691322\n|switch|p2a: Sinistcha|Sinistcha-Masterpiece|99\/100|[from] Chilly Reception\n|-damage|p2a: Sinistcha|88\/100|[from] Stealth Rock\n|\n|-weather|Snow|[upkeep]\n|-heal|p2a: Sinistcha|94\/100|[from] item: Leftovers\n|-damage|p1a: Alomomola|80\/100 tox|[from] psn\n|upkeep\n|turn|70\n|\n|t:|1700691326\n|move|p2a: Sinistcha|Shadow Ball|p1a: Alomomola\n|-damage|p1a: Alomomola|56\/100 tox\n|-unboost|p1a: Alomomola|spd|1\n|move|p1a: Alomomola|Flip Turn|p2a: Sinistcha\n|-resisted|p2a: Sinistcha\n|-damage|p2a: Sinistcha|88\/100\n|\n|t:|1700691329\n|switch|p1a: Heatran|Heatran, F|95\/100 frz|[from] Flip Turn\n|\n|-weather|Snow|[upkeep]\n|-heal|p2a: Sinistcha|94\/100|[from] item: Leftovers\n|upkeep\n|turn|71\n|\n|t:|1700691336\n|switch|p1a: Alomomola|Alomomola, M, tera:Dragon|89\/100 tox\n|move|p2a: Sinistcha|Calm Mind|p2a: Sinistcha\n|-boost|p2a: Sinistcha|spa|1\n|-boost|p2a: Sinistcha|spd|1\n|\n|-weather|Snow|[upkeep]\n|-heal|p2a: Sinistcha|99\/100|[from] item: Leftovers\n|-damage|p1a: Alomomola|83\/100 tox|[from] psn\n|upkeep\n|turn|72\n|\n|t:|1700691338\n|switch|p2a: Slowking|Slowking-Galar, F|100\/100\n|-damage|p2a: Slowking|88\/100|[from] Stealth Rock\n|move|p1a: Alomomola|Toxic|p2a: Slowking|[miss]\n|-miss|p1a: Alomomola|p2a: Slowking\n|\n|-weather|Snow|[upkeep]\n|-heal|p2a: Slowking|94\/100|[from] item: Black Sludge\n|-damage|p1a: Alomomola|70\/100 tox|[from] psn\n|upkeep\n|turn|73\n|\n|t:|1700691345\n|switch|p1a: Heatran|Heatran, F|95\/100 frz\n|move|p2a: Slowking|Chilly Reception|p2a: Slowking\n|\n|t:|1700691347\n|switch|p2a: Sinistcha|Sinistcha-Masterpiece|99\/100|[from] Chilly Reception\n|-damage|p2a: Sinistcha|88\/100|[from] Stealth Rock\n|\n|-weather|none\n|-heal|p2a: Sinistcha|94\/100|[from] item: Leftovers\n|upkeep\n|turn|74\n|\n|t:|1700691352\n|switch|p1a: Alomomola|Alomomola, M, tera:Dragon|100\/100 tox\n|move|p2a: Sinistcha|Shadow Ball|p1a: Alomomola\n|-damage|p1a: Alomomola|78\/100 tox\n|\n|-heal|p2a: Sinistcha|99\/100|[from] item: Leftovers\n|-damage|p1a: Alomomola|72\/100 tox|[from] psn\n|upkeep\n|turn|75\n|\n|t:|1700691355\n|switch|p2a: Slowking|Slowking-Galar, F|100\/100\n|-damage|p2a: Slowking|88\/100|[from] Stealth Rock\n|move|p1a: Alomomola|Toxic|p2a: Slowking\n|-immune|p2a: Slowking\n|\n|-heal|p2a: Slowking|94\/100|[from] item: Black Sludge\n|-damage|p1a: Alomomola|59\/100 tox|[from] psn\n|upkeep\n|turn|76\n|\n|t:|1700691359\n|move|p1a: Alomomola|Toxic|p2a: Slowking\n|-immune|p2a: Slowking\n|move|p2a: Slowking|Chilly Reception|p2a: Slowking\n|-weather|Snow\n|\n|t:|1700691361\n|switch|p2a: Sinistcha|Sinistcha-Masterpiece|99\/100|[from] Chilly Reception\n|-damage|p2a: Sinistcha|87\/100|[from] Stealth Rock\n|\n|-weather|Snow|[upkeep]\n|-heal|p2a: Sinistcha|94\/100|[from] item: Leftovers\n|-damage|p1a: Alomomola|41\/100 tox|[from] psn\n|upkeep\n|turn|77\n|\n|t:|1700691367\n|switch|p2a: Slowking|Slowking-Galar, F|100\/100\n|-damage|p2a: Slowking|88\/100|[from] Stealth Rock\n|switch|p1a: Heatran|Heatran, F|95\/100 frz\n|\n|-weather|Snow|[upkeep]\n|-heal|p2a: Slowking|94\/100|[from] item: Black Sludge\n|upkeep\n|turn|78\n|\n|t:|1700691370\n|cant|p1a: Heatran|frz\n|move|p2a: Slowking|Chilly Reception|p2a: Slowking\n|\n|t:|1700691371\n|switch|p2a: Sinistcha|Sinistcha-Masterpiece|94\/100|[from] Chilly Reception\n|-damage|p2a: Sinistcha|81\/100|[from] Stealth Rock\n|\n|-weather|Snow|[upkeep]\n|-heal|p2a: Sinistcha|87\/100|[from] item: Leftovers\n|upkeep\n|turn|79\n|\n|t:|1700691376\n|switch|p1a: Alomomola|Alomomola, M, tera:Dragon|74\/100 tox\n|move|p2a: Sinistcha|Calm Mind|p2a: Sinistcha\n|-boost|p2a: Sinistcha|spa|1\n|-boost|p2a: Sinistcha|spd|1\n|\n|-weather|Snow|[upkeep]\n|-heal|p2a: Sinistcha|93\/100|[from] item: Leftovers\n|-damage|p1a: Alomomola|68\/100 tox|[from] psn\n|upkeep\n|turn|80\n|\n|t:|1700691380\n|switch|p2a: Slowking|Slowking-Galar, F|100\/100\n|-damage|p2a: Slowking|88\/100|[from] Stealth Rock\n|move|p1a: Alomomola|Toxic|p2a: Slowking\n|-immune|p2a: Slowking\n|\n|-weather|none\n|-heal|p2a: Slowking|94\/100|[from] item: Black Sludge\n|-damage|p1a: Alomomola|56\/100 tox|[from] psn\n|upkeep\n|turn|81\n|\n|t:|1700691383\n|move|p1a: Alomomola|Flip Turn|p2a: Slowking\n|-damage|p2a: Slowking|78\/100\n|\n|t:|1700691386\n|switch|p1a: Heatran|Heatran, F|95\/100 frz|[from] Flip Turn\n|move|p2a: Slowking|Chilly Reception|p2a: Slowking\n|-weather|Snow\n|\n|t:|1700691389\n|switch|p2a: Sinistcha|Sinistcha-Masterpiece|93\/100|[from] Chilly Reception\n|-damage|p2a: Sinistcha|81\/100|[from] Stealth Rock\n|\n|-weather|Snow|[upkeep]\n|-heal|p2a: Sinistcha|87\/100|[from] item: Leftovers\n|upkeep\n|turn|82\n|\n|t:|1700691393\n|switch|p1a: Alomomola|Alomomola, M, tera:Dragon|89\/100 tox\n|move|p2a: Sinistcha|Shadow Ball|p1a: Alomomola\n|-damage|p1a: Alomomola|64\/100 tox\n|\n|-weather|Snow|[upkeep]\n|-heal|p2a: Sinistcha|93\/100|[from] item: Leftovers\n|-damage|p1a: Alomomola|58\/100 tox|[from] psn\n|upkeep\n|turn|83\n|\n|t:|1700691396\n|switch|p2a: Slowking|Slowking-Galar, F|100\/100\n|-damage|p2a: Slowking|88\/100|[from] Stealth Rock\n|switch|p1a: Heatran|Heatran, F|95\/100 frz\n|\n|-weather|Snow|[upkeep]\n|-heal|p2a: Slowking|94\/100|[from] item: Black Sludge\n|upkeep\n|turn|84\n|\n|t:|1700691398\n|switch|p1a: Alomomola|Alomomola, M, tera:Dragon|92\/100 tox\n|move|p2a: Slowking|Chilly Reception|p2a: Slowking\n|\n|t:|1700691400\n|switch|p2a: Sinistcha|Sinistcha-Masterpiece|93\/100|[from] Chilly Reception\n|-damage|p2a: Sinistcha|81\/100|[from] Stealth Rock\n|\n|-weather|Snow|[upkeep]\n|-heal|p2a: Sinistcha|87\/100|[from] item: Leftovers\n|-damage|p1a: Alomomola|85\/100 tox|[from] psn\n|upkeep\n|turn|85\n|\n|t:|1700691403\n|switch|p2a: Slowking|Slowking-Galar, F|100\/100\n|-damage|p2a: Slowking|88\/100|[from] Stealth Rock\n|move|p1a: Alomomola|Flip Turn|p2a: Slowking\n|-damage|p2a: Slowking|71\/100\n|\n|t:|1700691405\n|switch|p1a: Heatran|Heatran, F|95\/100 frz|[from] Flip Turn\n|\n|-weather|none\n|-heal|p2a: Slowking|77\/100|[from] item: Black Sludge\n|upkeep\n|turn|86\n|\n|t:|1700691407\n|cant|p1a: Heatran|frz\n|move|p2a: Slowking|Chilly Reception|p2a: Slowking\n|-weather|Snow\n|\n|t:|1700691408\n|switch|p2a: Sinistcha|Sinistcha-Masterpiece|87\/100|[from] Chilly Reception\n|-damage|p2a: Sinistcha|74\/100|[from] Stealth Rock\n|\n|-weather|Snow|[upkeep]\n|-heal|p2a: Sinistcha|80\/100|[from] item: Leftovers\n|upkeep\n|turn|87\n|\n|t:|1700691412\n|switch|p1a: Alomomola|Alomomola, M, tera:Dragon|100\/100 tox\n|move|p2a: Sinistcha|Shadow Ball|p1a: Alomomola\n|-damage|p1a: Alomomola|78\/100 tox\n|\n|-weather|Snow|[upkeep]\n|-heal|p2a: Sinistcha|86\/100|[from] item: Leftovers\n|-damage|p1a: Alomomola|72\/100 tox|[from] psn\n|upkeep\n|turn|88\n|\n|t:|1700691415\n|switch|p2a: Slowking|Slowking-Galar, F|100\/100\n|-damage|p2a: Slowking|88\/100|[from] Stealth Rock\n|move|p1a: Alomomola|Toxic|p2a: Slowking|[miss]\n|-miss|p1a: Alomomola|p2a: Slowking\n|\n|-weather|Snow|[upkeep]\n|-heal|p2a: Slowking|94\/100|[from] item: Black Sludge\n|-damage|p1a: Alomomola|59\/100 tox|[from] psn\n|upkeep\n|turn|89\n|\n|t:|1700691421\n|switch|p1a: Heatran|Heatran, F|95\/100 frz\n|move|p2a: Slowking|Chilly Reception|p2a: Slowking\n|\n|t:|1700691422\n|switch|p2a: Sinistcha|Sinistcha-Masterpiece|86\/100|[from] Chilly Reception\n|-damage|p2a: Sinistcha|74\/100|[from] Stealth Rock\n|\n|-weather|Snow|[upkeep]\n|-heal|p2a: Sinistcha|80\/100|[from] item: Leftovers\n|upkeep\n|turn|90\n|\n|t:|1700691425\n|cant|p1a: Heatran|frz\n|move|p2a: Sinistcha|Shadow Ball|p1a: Heatran\n|-damage|p1a: Heatran|80\/100 frz\n|\n|-weather|none\n|-heal|p2a: Sinistcha|86\/100|[from] item: Leftovers\n|upkeep\n|turn|91\n|\n|t:|1700691429\n|switch|p1a: Alomomola|Alomomola, M, tera:Dragon|93\/100 tox\n|move|p2a: Sinistcha|Calm Mind|p2a: Sinistcha\n|-boost|p2a: Sinistcha|spa|1\n|-boost|p2a: Sinistcha|spd|1\n|\n|-heal|p2a: Sinistcha|92\/100|[from] item: Leftovers\n|-damage|p1a: Alomomola|87\/100 tox|[from] psn\n|upkeep\n|turn|92\n|\n|t:|1700691431\n|switch|p2a: Slowking|Slowking-Galar, F|100\/100\n|-damage|p2a: Slowking|88\/100|[from] Stealth Rock\n|move|p1a: Alomomola|Flip Turn|p2a: Slowking\n|-damage|p2a: Slowking|71\/100\n|\n|t:|1700691433\n|switch|p1a: Heatran|Heatran, F|80\/100 frz|[from] Flip Turn\n|\n|-heal|p2a: Slowking|77\/100|[from] item: Black Sludge\n|upkeep\n|turn|93\n|\n|t:|1700691435\n|cant|p1a: Heatran|frz\n|move|p2a: Slowking|Chilly Reception|p2a: Slowking\n|-weather|Snow\n|\n|t:|1700691437\n|switch|p2a: Sinistcha|Sinistcha-Masterpiece|92\/100|[from] Chilly Reception\n|-damage|p2a: Sinistcha|80\/100|[from] Stealth Rock\n|\n|-weather|Snow|[upkeep]\n|-heal|p2a: Sinistcha|86\/100|[from] item: Leftovers\n|upkeep\n|turn|94\n|\n|t:|1700691440\n|switch|p1a: Alomomola|Alomomola, M, tera:Dragon|100\/100 tox\n|move|p2a: Sinistcha|Shadow Ball|p1a: Alomomola\n|-damage|p1a: Alomomola|78\/100 tox\n|-unboost|p1a: Alomomola|spd|1\n|\n|-weather|Snow|[upkeep]\n|-heal|p2a: Sinistcha|92\/100|[from] item: Leftovers\n|-damage|p1a: Alomomola|72\/100 tox|[from] psn\n|upkeep\n|turn|95\n|\n|t:|1700691444\n|switch|p2a: Slowking|Slowking-Galar, F|100\/100\n|-damage|p2a: Slowking|88\/100|[from] Stealth Rock\n|move|p1a: Alomomola|Toxic|p2a: Slowking|[miss]\n|-miss|p1a: Alomomola|p2a: Slowking\n|\n|-weather|Snow|[upkeep]\n|-heal|p2a: Slowking|94\/100|[from] item: Black Sludge\n|-damage|p1a: Alomomola|59\/100 tox|[from] psn\n|upkeep\n|turn|96\n|\n|t:|1700691452\n|switch|p1a: Heatran|Heatran, F|80\/100 frz\n|move|p2a: Slowking|Chilly Reception|p2a: Slowking\n|\n|t:|1700691454\n|switch|p2a: Sinistcha|Sinistcha-Masterpiece|92\/100|[from] Chilly Reception\n|-damage|p2a: Sinistcha|79\/100|[from] Stealth Rock\n|\n|-weather|Snow|[upkeep]\n|-heal|p2a: Sinistcha|85\/100|[from] item: Leftovers\n|upkeep\n|turn|97\n|\n|t:|1700691457\n|switch|p1a: Alomomola|Alomomola, M, tera:Dragon|93\/100 tox\n|move|p2a: Sinistcha|Shadow Ball|p1a: Alomomola\n|-damage|p1a: Alomomola|70\/100 tox\n|\n|-weather|none\n|-heal|p2a: Sinistcha|92\/100|[from] item: Leftovers\n|-damage|p1a: Alomomola|64\/100 tox|[from] psn\n|upkeep\n|turn|98\n|\n|t:|1700691460\n|switch|p2a: Slowking|Slowking-Galar, F|100\/100\n|-damage|p2a: Slowking|88\/100|[from] Stealth Rock\n|move|p1a: Alomomola|Flip Turn|p2a: Slowking\n|-damage|p2a: Slowking|71\/100\n|\n|t:|1700691462\n|switch|p1a: Heatran|Heatran, F|80\/100 frz|[from] Flip Turn\n|\n|-heal|p2a: Slowking|77\/100|[from] item: Black Sludge\n|upkeep\n|turn|99\n|\n|t:|1700691465\n|cant|p1a: Heatran|frz\n|move|p2a: Slowking|Chilly Reception|p2a: Slowking\n|-weather|Snow\n|\n|t:|1700691467\n|switch|p2a: Sinistcha|Sinistcha-Masterpiece|92\/100|[from] Chilly Reception\n|-damage|p2a: Sinistcha|79\/100|[from] Stealth Rock\n|\n|-weather|Snow|[upkeep]\n|-heal|p2a: Sinistcha|85\/100|[from] item: Leftovers\n|upkeep\n|turn|100\n|c|\u2606Hysuto|Lol\n|\n|t:|1700691472\n|switch|p1a: Alomomola|Alomomola, M, tera:Dragon|97\/100 tox\n|move|p2a: Sinistcha|Calm Mind|p2a: Sinistcha\n|-boost|p2a: Sinistcha|spa|1\n|-boost|p2a: Sinistcha|spd|1\n|\n|-weather|Snow|[upkeep]\n|-heal|p2a: Sinistcha|91\/100|[from] item: Leftovers\n|-damage|p1a: Alomomola|91\/100 tox|[from] psn\n|upkeep\n|turn|101\n|\n|t:|1700691477\n|switch|p2a: Slowking|Slowking-Galar, F|100\/100\n|-damage|p2a: Slowking|88\/100|[from] Stealth Rock\n|move|p1a: Alomomola|Wish|p1a: Alomomola\n|\n|-weather|Snow|[upkeep]\n|-heal|p2a: Slowking|94\/100|[from] item: Black Sludge\n|-damage|p1a: Alomomola|78\/100 tox|[from] psn\n|upkeep\n|turn|102\n|\n|t:|1700691488\n|move|p1a: Alomomola|Flip Turn|p2a: Slowking\n|-damage|p2a: Slowking|77\/100\n|\n|t:|1700691490\n|switch|p1a: Heatran|Heatran, F|80\/100 frz|[from] Flip Turn\n|move|p2a: Slowking|Sludge Wave|p1a: Heatran\n|-immune|p1a: Heatran\n|\n|-weather|Snow|[upkeep]\n|-heal|p1a: Heatran|100\/100 frz|[from] move: Wish|[wisher] Alomomola\n|-heal|p2a: Slowking|83\/100|[from] item: Black Sludge\n|upkeep\n|turn|103\n|\n|t:|1700691492\n|switch|p2a: Sinistcha|Sinistcha-Masterpiece|91\/100\n|-damage|p2a: Sinistcha|79\/100|[from] Stealth Rock\n|cant|p1a: Heatran|frz\n|\n|-weather|none\n|-heal|p2a: Sinistcha|85\/100|[from] item: Leftovers\n|upkeep\n|turn|104\n|\n|t:|1700691494\n|-curestatus|p1a: Heatran|frz|[msg]\n|move|p1a: Heatran|Lava Plume|p2a: Sinistcha\n|-supereffective|p2a: Sinistcha\n|-damage|p2a: Sinistcha|43\/100\n|move|p2a: Sinistcha|Calm Mind|p2a: Sinistcha\n|-boost|p2a: Sinistcha|spa|1\n|-boost|p2a: Sinistcha|spd|1\n|\n|-heal|p2a: Sinistcha|49\/100|[from] item: Leftovers\n|upkeep\n|turn|105\n|\n|t:|1700691500\n|switch|p1a: Alomomola|Alomomola, M, tera:Dragon|100\/100 tox\n|move|p2a: Sinistcha|Strength Sap|p1a: Alomomola\n|-unboost|p1a: Alomomola|atk|1\n|-heal|p2a: Sinistcha|100\/100\n|\n|-damage|p1a: Alomomola|94\/100 tox|[from] psn\n|upkeep\n|turn|106\n|\n|t:|1700691504\n|switch|p2a: Slowking|Slowking-Galar, F|100\/100\n|-damage|p2a: Slowking|88\/100|[from] Stealth Rock\n|move|p1a: Alomomola|Flip Turn|p2a: Slowking\n|-damage|p2a: Slowking|77\/100\n|\n|t:|1700691507\n|switch|p1a: Heatran|Heatran, F|100\/100|[from] Flip Turn\n|\n|-heal|p2a: Slowking|83\/100|[from] item: Black Sludge\n|upkeep\n|turn|107\n|\n|t:|1700691512\n|move|p1a: Heatran|Lava Plume|p2a: Slowking\n|-damage|p2a: Slowking|61\/100\n|move|p2a: Slowking|Ice Beam|p1a: Heatran\n|-resisted|p1a: Heatran\n|-damage|p1a: Heatran|98\/100\n|\n|-heal|p2a: Slowking|68\/100|[from] item: Black Sludge\n|upkeep\n|turn|108\n|\n|t:|1700691515\n|move|p1a: Heatran|Earth Power|p2a: Slowking\n|-supereffective|p2a: Slowking\n|-damage|p2a: Slowking|39\/100\n|move|p2a: Slowking|Ice Beam|p1a: Heatran\n|-resisted|p1a: Heatran\n|-damage|p1a: Heatran|96\/100\n|\n|-heal|p2a: Slowking|45\/100|[from] item: Black Sludge\n|upkeep\n|turn|109\n|\n|t:|1700691519\n|move|p1a: Heatran|Earth Power|p2a: Slowking\n|-supereffective|p2a: Slowking\n|-damage|p2a: Slowking|15\/100\n|move|p2a: Slowking|Ice Beam|p1a: Heatran\n|-resisted|p1a: Heatran\n|-damage|p1a: Heatran|94\/100\n|\n|-heal|p2a: Slowking|21\/100|[from] item: Black Sludge\n|upkeep\n|turn|110\n|\n|t:|1700691527\n|move|p1a: Heatran|Lava Plume|p2a: Slowking\n|-damage|p2a: Slowking|2\/100\n|move|p2a: Slowking|Ice Beam|p1a: Heatran\n|-resisted|p1a: Heatran\n|-damage|p1a: Heatran|91\/100\n|\n|-heal|p2a: Slowking|8\/100|[from] item: Black Sludge\n|upkeep\n|turn|111\n|\n|t:|1700691530\n|move|p1a: Heatran|Lava Plume|p2a: Slowking\n|-damage|p2a: Slowking|0 fnt\n|faint|p2a: Slowking\n|\n|upkeep\n|\n|t:|1700691531\n|switch|p2a: Sinistcha|Sinistcha-Masterpiece|100\/100\n|-damage|p2a: Sinistcha|88\/100|[from] Stealth Rock\n|turn|112\n|\n|t:|1700691535\n|switch|p1a: Alomomola|Alomomola, M, tera:Dragon|100\/100 tox\n|move|p2a: Sinistcha|Calm Mind|p2a: Sinistcha\n|-boost|p2a: Sinistcha|spa|1\n|-boost|p2a: Sinistcha|spd|1\n|\n|-heal|p2a: Sinistcha|94\/100|[from] item: Leftovers\n|-damage|p1a: Alomomola|94\/100 tox|[from] psn\n|upkeep\n|turn|113\n|\n|t:|1700691538\n|move|p2a: Sinistcha|Calm Mind|p2a: Sinistcha\n|-boost|p2a: Sinistcha|spa|1\n|-boost|p2a: Sinistcha|spd|1\n|move|p1a: Alomomola|Toxic|p2a: Sinistcha\n|-status|p2a: Sinistcha|tox\n|\n|-heal|p2a: Sinistcha|99\/100 tox|[from] item: Leftovers\n|-damage|p2a: Sinistcha|94\/100 tox|[from] psn\n|-damage|p1a: Alomomola|82\/100 tox|[from] psn\n|upkeep\n|turn|114\n|c|\u2606Hysuto|Finally you give up\n|\n|t:|1700691548\n|move|p1a: Alomomola|Protect|p1a: Alomomola\n|-singleturn|p1a: Alomomola|Protect\n|move|p2a: Sinistcha|Calm Mind|p2a: Sinistcha\n|-boost|p2a: Sinistcha|spa|1\n|-boost|p2a: Sinistcha|spd|1\n|\n|-heal|p2a: Sinistcha|99\/100 tox|[from] item: Leftovers\n|-damage|p2a: Sinistcha|88\/100 tox|[from] psn\n|-damage|p1a: Alomomola|63\/100 tox|[from] psn\n|upkeep\n|turn|115\n|\n|t:|1700691552\n|move|p2a: Sinistcha|Shadow Ball|p1a: Alomomola\n|-damage|p1a: Alomomola|6\/100 tox\n|move|p1a: Alomomola|Wish|p1a: Alomomola\n|\n|-heal|p2a: Sinistcha|94\/100 tox|[from] item: Leftovers\n|-damage|p2a: Sinistcha|76\/100 tox|[from] psn\n|-damage|p1a: Alomomola|0 fnt|[from] psn\n|faint|p1a: Alomomola\n|upkeep\n|\n|t:|1700691557\n|switch|p1a: Heatran|Heatran, F|91\/100\n|turn|116\n|\n|t:|1700691561\n|move|p1a: Heatran|Lava Plume|p2a: Sinistcha\n|-supereffective|p2a: Sinistcha\n|-damage|p2a: Sinistcha|60\/100 tox\n|move|p2a: Sinistcha|Shadow Ball|p1a: Heatran\n|-damage|p1a: Heatran|61\/100\n|\n|-heal|p1a: Heatran|100\/100|[from] move: Wish|[wisher] Alomomola\n|-heal|p2a: Sinistcha|66\/100 tox|[from] item: Leftovers\n|-damage|p2a: Sinistcha|42\/100 tox|[from] psn\n|upkeep\n|turn|117\n|\n|t:|1700691571\n|move|p1a: Heatran|Lava Plume|p2a: Sinistcha\n|-supereffective|p2a: Sinistcha\n|-damage|p2a: Sinistcha|24\/100 tox\n|move|p2a: Sinistcha|Strength Sap|p1a: Heatran\n|-unboost|p1a: Heatran|atk|1\n|-heal|p2a: Sinistcha|72\/100 tox\n|\n|-heal|p2a: Sinistcha|78\/100 tox|[from] item: Leftovers\n|-damage|p2a: Sinistcha|48\/100 tox|[from] psn\n|upkeep\n|turn|118\n|\n|t:|1700691574\n|move|p1a: Heatran|Lava Plume|p2a: Sinistcha\n|-supereffective|p2a: Sinistcha\n|-damage|p2a: Sinistcha|30\/100 tox\n|move|p2a: Sinistcha|Shadow Ball|p1a: Heatran\n|-damage|p1a: Heatran|69\/100\n|\n|-heal|p2a: Sinistcha|36\/100 tox|[from] item: Leftovers\n|-damage|p2a: Sinistcha|0 fnt|[from] psn\n|faint|p2a: Sinistcha\n|\n|win|Hysuto\n|upkeep\n|raw|Hysuto's rating: 1457 &rarr; <strong>1483<\/strong><br \/>(+26 for winning)\n|raw|GX927YT's rating: 1562 &rarr; <strong>1536<\/strong><br \/>(-26 for losing)\n|l|\u2606GX927YT\n|c|\u2606Hysuto|Like jesus\n","uploadtime":1700691589,"views":2,"p1id":"hysuto","p2id":"gx927yt","formatid":"gen9nationaldex","rating":1483,"private":0,"password":""}