{"id":"gen9nationaldex-1988041887","p1":"AshMegaLuxio","p2":"Nashrock","format":"[Gen 9] National Dex","log":"|j|\u2606AshMegaLuxio\n|j|\u2606Nashrock\n|inactive|Battle timer is ON: inactive players will automatically lose when time's up.\n|t:|1699662447\n|gametype|singles\n|player|p1|AshMegaLuxio|red-masters|\n|player|p2|Nashrock|blackbelt-gen4dp|\n|teamsize|p1|6\n|teamsize|p2|6\n|gen|9\n|tier|[Gen 9] National Dex\n|rated|Tournament battle\n|rule|HP Percentage Mod: HP is shown in percentages\n|rule|Endless Battle Clause: Forcing endless battles is banned\n|rule|OHKO Clause: OHKO moves are banned\n|rule|Evasion Clause: Evasion abilities, items, and moves are banned\n|rule|Evasion Abilities Clause: Evasion abilities are banned\n|rule|Evasion Items Clause: Evasion items are banned\n|rule|Evasion Moves Clause: Evasion moves are banned\n|rule|Species Clause: Limit one of each Pok\u00e9mon\n|rule|Sleep Clause Mod: Limit one foe put to sleep\n|clearpoke\n|poke|p1|Glimmora, M|\n|poke|p1|Iron Valiant|\n|poke|p1|Iron Moth|\n|poke|p1|Meowscarada, F|\n|poke|p1|Great Tusk|\n|poke|p1|Tornadus-Therian, M|\n|poke|p2|Gliscor, M|\n|poke|p2|Clefable, M|\n|poke|p2|Dondozo, M|\n|poke|p2|Blissey, F|\n|poke|p2|Skeledirge, F|\n|poke|p2|Latias, F|\n|teampreview\n|inactive|Nashrock also wants the timer to be on.\n|inactive|AshMegaLuxio also wants the timer to be on.\n|c|\u2606AshMegaLuxio|glhf\n|c|\u2606Nashrock|u2\n|\n|t:|1699662458\n|start\n|switch|p1a: Meowscarada|Meowscarada, F|100\/100\n|switch|p2a: Gliscor|Gliscor, M|100\/100\n|turn|1\n|j| ND9T2 tutiop\n|\n|t:|1699662476\n|move|p1a: Meowscarada|Knock Off|p2a: Gliscor\n|-start|p1a: Meowscarada|typechange|Dark|[from] ability: Protean\n|-damage|p2a: Gliscor|47\/100\n|-enditem|p2a: Gliscor|Toxic Orb|[from] move: Knock Off|[of] p1a: Meowscarada\n|move|p2a: Gliscor|Toxic|p1a: Meowscarada|[miss]\n|-miss|p2a: Gliscor|p1a: Meowscarada\n|\n|upkeep\n|turn|2\n|c|\u2606Nashrock|oh\n|j| XXMurdrXX\n|c|\u2606Nashrock|forgot all about this mon\n|\n|t:|1699662496\n|switch|p1a: Glimmora|Glimmora, M|100\/100\n|switch|p2a: Clefable|Clefable, M|100\/100\n|\n|upkeep\n|turn|3\n|c|\u2606AshMegaLuxio|gliscor pretty useless without it\n|\n|t:|1699662502\n|move|p1a: Glimmora|Stealth Rock|p2a: Clefable\n|-sidestart|p2: Nashrock|move: Stealth Rock\n|move|p2a: Clefable|Stealth Rock|p1a: Glimmora\n|-sidestart|p1: AshMegaLuxio|move: Stealth Rock\n|\n|upkeep\n|turn|4\n|\n|t:|1699662507\n|switch|p2a: Gliscor|Gliscor, M|47\/100\n|-damage|p2a: Gliscor|35\/100|[from] Stealth Rock\n|move|p1a: Glimmora|Mortal Spin|p2a: Gliscor\n|-resisted|p2a: Gliscor\n|-damage|p2a: Gliscor|33\/100\n|-status|p2a: Gliscor|psn\n|-sideend|p1: AshMegaLuxio|Stealth Rock|[from] move: Mortal Spin|[of] p1a: Glimmora\n|\n|-heal|p2a: Gliscor|45\/100 psn|[from] ability: Poison Heal\n|upkeep\n|turn|5\n|c|\u2606AshMegaLuxio|fk\n|c|\u2606Nashrock|now it's back\n|j| Gholdie\n|\n|t:|1699662516\n|move|p1a: Glimmora|Power Gem|p2a: Gliscor\n|-damage|p2a: Gliscor|10\/100 psn\n|move|p2a: Gliscor|Roost|p2a: Gliscor\n|-heal|p2a: Gliscor|60\/100 psn\n|-singleturn|p2a: Gliscor|move: Roost\n|\n|-heal|p2a: Gliscor|72\/100 psn|[from] ability: Poison Heal\n|upkeep\n|turn|6\n|c|\u2606AshMegaLuxio|lmao\n|\n|t:|1699662521\n|move|p1a: Glimmora|Power Gem|p2a: Gliscor\n|-damage|p2a: Gliscor|35\/100 psn\n|move|p2a: Gliscor|Roost|p2a: Gliscor\n|-heal|p2a: Gliscor|85\/100 psn\n|-singleturn|p2a: Gliscor|move: Roost\n|\n|-heal|p2a: Gliscor|97\/100 psn|[from] ability: Poison Heal\n|upkeep\n|turn|7\n|\n|t:|1699662525\n|move|p1a: Glimmora|Power Gem|p2a: Gliscor\n|-damage|p2a: Gliscor|64\/100 psn\n|move|p2a: Gliscor|Earthquake|p1a: Glimmora\n|-supereffective|p1a: Glimmora\n|-enditem|p1a: Glimmora|Focus Sash\n|-damage|p1a: Glimmora|1\/100\n|-activate|p1a: Glimmora|ability: Toxic Debris\n|-sidestart|p2: Nashrock|move: Toxic Spikes\n|\n|-heal|p2a: Gliscor|76\/100 psn|[from] ability: Poison Heal\n|upkeep\n|turn|8\n|\n|t:|1699662530\n|move|p1a: Glimmora|Power Gem|p2a: Gliscor\n|-damage|p2a: Gliscor|39\/100 psn\n|move|p2a: Gliscor|Roost|p2a: Gliscor\n|-heal|p2a: Gliscor|89\/100 psn\n|-singleturn|p2a: Gliscor|move: Roost\n|\n|-heal|p2a: Gliscor|100\/100 psn|[from] ability: Poison Heal\n|upkeep\n|turn|9\n|\n|t:|1699662532\n|move|p1a: Glimmora|Power Gem|p2a: Gliscor\n|-damage|p2a: Gliscor|68\/100 psn\n|move|p2a: Gliscor|Earthquake|p1a: Glimmora\n|-supereffective|p1a: Glimmora\n|-damage|p1a: Glimmora|0 fnt\n|-activate|p1a: Glimmora|ability: Toxic Debris\n|-sidestart|p2: Nashrock|move: Toxic Spikes\n|faint|p1a: Glimmora\n|\n|-heal|p2a: Gliscor|80\/100 psn|[from] ability: Poison Heal\n|upkeep\n|\n|t:|1699662536\n|switch|p1a: Meowscarada|Meowscarada, F|100\/100\n|turn|10\n|\n|t:|1699662539\n|move|p1a: Meowscarada|U-turn|p2a: Gliscor\n|-start|p1a: Meowscarada|typechange|Bug|[from] ability: Protean\n|-resisted|p2a: Gliscor\n|-damage|p2a: Gliscor|62\/100 psn\n|\n|t:|1699662542\n|switch|p1a: Great Tusk|Great Tusk|100\/100|[from] U-turn\n|-enditem|p1a: Great Tusk|Booster Energy\n|-activate|p1a: Great Tusk|ability: Protosynthesis|[fromitem]\n|-start|p1a: Great Tusk|protosynthesisspe\n|move|p2a: Gliscor|Toxic|p1a: Great Tusk\n|-status|p1a: Great Tusk|tox\n|\n|-damage|p1a: Great Tusk|94\/100 tox|[from] psn\n|-heal|p2a: Gliscor|75\/100 psn|[from] ability: Poison Heal\n|upkeep\n|turn|11\n|\n|t:|1699662549\n|switch|p2a: Clefable|Clefable, M|100\/100\n|-status|p2a: Clefable|tox\n|move|p1a: Great Tusk|Ice Spinner|p2a: Clefable\n|-damage|p2a: Clefable|84\/100 tox\n|\n|-heal|p2a: Clefable|90\/100 tox|[from] item: Leftovers\n|-damage|p1a: Great Tusk|82\/100 tox|[from] psn\n|upkeep\n|turn|12\n|j| PeaTSD\n|\n|t:|1699662568\n|-end|p1a: Great Tusk|Protosynthesis|[silent]\n|switch|p1a: Iron Moth|Iron Moth|100\/100\n|-enditem|p1a: Iron Moth|Booster Energy\n|-activate|p1a: Iron Moth|ability: Quark Drive|[fromitem]\n|-start|p1a: Iron Moth|quarkdrivespe\n|move|p2a: Clefable|Stealth Rock|p1a: Iron Moth\n|-sidestart|p1: AshMegaLuxio|move: Stealth Rock\n|\n|-heal|p2a: Clefable|96\/100 tox|[from] item: Leftovers\n|upkeep\n|turn|13\n|c| PeaTSD|The hell was that meowscarada play\n|c|\u2606Nashrock|i haven't seen any meow since probably 2010\n|\n|t:|1699662590\n|switch|p2a: Skeledirge|Skeledirge, F|100\/100\n|move|p1a: Iron Moth|Sludge Wave|p2a: Skeledirge\n|-resisted|p2a: Skeledirge\n|-damage|p2a: Skeledirge|84\/100\n|\n|upkeep\n|turn|14\n|l| ND9T2 tutiop\n|\n|t:|1699662599\n|move|p1a: Iron Moth|Psychic|p2a: Skeledirge\n|-damage|p2a: Skeledirge|62\/100\n|move|p2a: Skeledirge|Torch Song|p1a: Iron Moth\n|-resisted|p1a: Iron Moth\n|-damage|p1a: Iron Moth|87\/100\n|-boost|p2a: Skeledirge|spa|1\n|\n|upkeep\n|turn|15\n|\n|t:|1699662604\n|move|p1a: Iron Moth|Psychic|p2a: Skeledirge\n|-damage|p2a: Skeledirge|40\/100\n|move|p2a: Skeledirge|Slack Off|p2a: Skeledirge\n|-heal|p2a: Skeledirge|91\/100\n|\n|upkeep\n|turn|16\n|\n|t:|1699662613\n|move|p1a: Iron Moth|Psychic|p2a: Skeledirge\n|-damage|p2a: Skeledirge|69\/100\n|move|p2a: Skeledirge|Torch Song|p1a: Iron Moth\n|-resisted|p1a: Iron Moth\n|-damage|p1a: Iron Moth|67\/100\n|-boost|p2a: Skeledirge|spa|1\n|\n|upkeep\n|turn|17\n|\n|t:|1699662617\n|-end|p1a: Iron Moth|Quark Drive|[silent]\n|switch|p1a: Great Tusk|Great Tusk|82\/100 tox\n|-damage|p1a: Great Tusk|79\/100 tox|[from] Stealth Rock\n|move|p2a: Skeledirge|Slack Off|p2a: Skeledirge\n|-heal|p2a: Skeledirge|100\/100\n|\n|-damage|p1a: Great Tusk|73\/100 tox|[from] psn\n|upkeep\n|turn|18\n|\n|t:|1699662620\n|switch|p2a: Clefable|Clefable, M|96\/100 tox\n|move|p1a: Great Tusk|Earthquake|p2a: Clefable\n|-damage|p2a: Clefable|66\/100 tox\n|\n|-heal|p2a: Clefable|72\/100 tox|[from] item: Leftovers\n|-damage|p1a: Great Tusk|60\/100 tox|[from] psn\n|upkeep\n|turn|19\n|\n|t:|1699662624\n|move|p1a: Great Tusk|Earthquake|p2a: Clefable\n|-damage|p2a: Clefable|39\/100 tox\n|move|p2a: Clefable|Soft-Boiled|p2a: Clefable\n|-heal|p2a: Clefable|89\/100 tox\n|\n|-heal|p2a: Clefable|95\/100 tox|[from] item: Leftovers\n|-damage|p1a: Great Tusk|42\/100 tox|[from] psn\n|upkeep\n|turn|20\n|\n|t:|1699662632\n|move|p1a: Great Tusk|Earthquake|p2a: Clefable\n|-damage|p2a: Clefable|65\/100 tox\n|move|p2a: Clefable|Moonblast|p1a: Great Tusk\n|-supereffective|p1a: Great Tusk\n|-damage|p1a: Great Tusk|0 fnt\n|faint|p1a: Great Tusk\n|-end|p1a: Great Tusk|Protosynthesis|[silent]\n|\n|-heal|p2a: Clefable|71\/100 tox|[from] item: Leftovers\n|upkeep\n|l| PeaTSD\n|\n|t:|1699662646\n|switch|p1a: Tornadus|Tornadus-Therian, M|100\/100\n|-damage|p1a: Tornadus|75\/100|[from] Stealth Rock\n|turn|21\n|\n|t:|1699662653\n|move|p1a: Tornadus|Nasty Plot|p1a: Tornadus\n|-boost|p1a: Tornadus|spa|2\n|move|p2a: Clefable|Knock Off|p1a: Tornadus\n|-damage|p1a: Tornadus|61\/100\n|\n|-heal|p2a: Clefable|77\/100 tox|[from] item: Leftovers\n|upkeep\n|turn|22\n|\n|t:|1699662657\n|switch|p2a: Skeledirge|Skeledirge, F|100\/100\n|move|p1a: Tornadus|Hurricane|p2a: Skeledirge\n|-damage|p2a: Skeledirge|61\/100\n|\n|upkeep\n|turn|23\n|c|\u2606AshMegaLuxio|wait ur unaware\n|c|\u2606AshMegaLuxio|lmao\n|\n|t:|1699662664\n|move|p1a: Tornadus|Knock Off|p2a: Skeledirge\n|-supereffective|p2a: Skeledirge\n|-damage|p2a: Skeledirge|25\/100\n|-enditem|p2a: Skeledirge|Heavy-Duty Boots|[from] move: Knock Off|[of] p1a: Tornadus\n|move|p2a: Skeledirge|Slack Off|p2a: Skeledirge\n|-heal|p2a: Skeledirge|75\/100\n|\n|upkeep\n|turn|24\n|\n|t:|1699662670\n|-zpower|p1a: Tornadus\n|move|p1a: Tornadus|Supersonic Skystrike|p2a: Skeledirge|[zeffect]\n|-damage|p2a: Skeledirge|16\/100\n|move|p2a: Skeledirge|Slack Off|p2a: Skeledirge\n|-heal|p2a: Skeledirge|66\/100\n|\n|upkeep\n|turn|25\n|\n|t:|1699662678\n|move|p1a: Tornadus|Hurricane|p2a: Skeledirge\n|-damage|p2a: Skeledirge|31\/100\n|move|p2a: Skeledirge|Slack Off|p2a: Skeledirge\n|-heal|p2a: Skeledirge|81\/100\n|\n|upkeep\n|turn|26\n|\n|t:|1699662683\n|move|p1a: Tornadus|Hurricane|p2a: Skeledirge|[miss]\n|-miss|p1a: Tornadus|p2a: Skeledirge\n|move|p2a: Skeledirge|Will-O-Wisp|p1a: Tornadus\n|-status|p1a: Tornadus|brn\n|\n|-damage|p1a: Tornadus|55\/100 brn|[from] brn\n|upkeep\n|turn|27\n|\n|t:|1699662690\n|move|p1a: Tornadus|Hurricane|p2a: Skeledirge|[miss]\n|-miss|p1a: Tornadus|p2a: Skeledirge\n|move|p2a: Skeledirge|Torch Song|p1a: Tornadus\n|-damage|p1a: Tornadus|15\/100 brn\n|-boost|p2a: Skeledirge|spa|1\n|\n|-damage|p1a: Tornadus|8\/100 brn|[from] brn\n|upkeep\n|turn|28\n|\n|t:|1699662695\n|move|p1a: Tornadus|Hurricane|p2a: Skeledirge\n|-damage|p2a: Skeledirge|43\/100\n|-start|p2a: Skeledirge|confusion\n|-activate|p2a: Skeledirge|confusion\n|move|p2a: Skeledirge|Slack Off|p2a: Skeledirge\n|-heal|p2a: Skeledirge|93\/100\n|\n|-damage|p1a: Tornadus|2\/100 brn|[from] brn\n|upkeep\n|turn|29\n|\n|t:|1699662700\n|switch|p2a: Blissey|Blissey, F|100\/100\n|move|p1a: Tornadus|Hurricane|p2a: Blissey\n|-damage|p2a: Blissey|61\/100\n|\n|-damage|p1a: Tornadus|0 fnt|[from] brn\n|faint|p1a: Tornadus\n|upkeep\n|\n|t:|1699662705\n|switch|p1a: Meowscarada|Meowscarada, F|100\/100\n|-damage|p1a: Meowscarada|88\/100|[from] Stealth Rock\n|turn|30\n|\n|t:|1699662727\n|move|p2a: Blissey|Protect|p2a: Blissey\n|-singleturn|p2a: Blissey|Protect\n|move|p1a: Meowscarada|Knock Off|p2a: Blissey\n|-start|p1a: Meowscarada|typechange|Dark|[from] ability: Protean\n|-activate|p2a: Blissey|move: Protect\n|\n|upkeep\n|turn|31\n|\n|t:|1699662733\n|switch|p2a: Clefable|Clefable, M|77\/100 tox\n|move|p1a: Meowscarada|Knock Off|p2a: Clefable\n|-resisted|p2a: Clefable\n|-damage|p2a: Clefable|51\/100 tox\n|-enditem|p2a: Clefable|Leftovers|[from] move: Knock Off|[of] p1a: Meowscarada\n|\n|upkeep\n|turn|32\n|j| ND9T2 tutiop\n|\n|t:|1699662737\n|switch|p1a: Iron Moth|Iron Moth|67\/100\n|-damage|p1a: Iron Moth|42\/100|[from] Stealth Rock\n|move|p2a: Clefable|Soft-Boiled|p2a: Clefable\n|-heal|p2a: Clefable|100\/100 tox\n|\n|upkeep\n|turn|33\n|\n|t:|1699662743\n|-end|p1a: Iron Moth|Quark Drive|[silent]\n|switch|p1a: Meowscarada|Meowscarada, F|88\/100\n|-damage|p1a: Meowscarada|76\/100|[from] Stealth Rock\n|switch|p2a: Blissey|Blissey, F|61\/100\n|\n|upkeep\n|turn|34\n|\n|t:|1699662746\n|move|p2a: Blissey|Protect|p2a: Blissey\n|-singleturn|p2a: Blissey|Protect\n|move|p1a: Meowscarada|U-turn|p2a: Blissey\n|-start|p1a: Meowscarada|typechange|Bug|[from] ability: Protean\n|-activate|p2a: Blissey|move: Protect\n|\n|upkeep\n|turn|35\n|\n|t:|1699662749\n|move|p1a: Meowscarada|U-turn|p2a: Blissey\n|-damage|p2a: Blissey|17\/100\n|\n|t:|1699662753\n|switch|p1a: Iron Moth|Iron Moth|42\/100|[from] U-turn\n|-damage|p1a: Iron Moth|17\/100|[from] Stealth Rock\n|move|p2a: Blissey|Counter|p1a: Iron Moth\n|-damage|p1a: Iron Moth|0 fnt\n|faint|p1a: Iron Moth\n|-end|p1a: Iron Moth|Quark Drive|[silent]\n|\n|upkeep\n|\n|t:|1699662763\n|switch|p1a: Iron Valiant|Iron Valiant|100\/100\n|-damage|p1a: Iron Valiant|94\/100|[from] Stealth Rock\n|-enditem|p1a: Iron Valiant|Booster Energy\n|-activate|p1a: Iron Valiant|ability: Quark Drive|[fromitem]\n|-start|p1a: Iron Valiant|quarkdrivespe\n|turn|36\n|\n|t:|1699662768\n|move|p1a: Iron Valiant|Encore|p2a: Blissey\n|-start|p2a: Blissey|Encore\n|move|p2a: Blissey|Counter||[still]\n|-fail|p2a: Blissey\n|\n|upkeep\n|turn|37\n|\n|t:|1699662776\n|switch|p2a: Clefable|Clefable, M|100\/100 tox\n|move|p1a: Iron Valiant|Swords Dance|p1a: Iron Valiant\n|-boost|p1a: Iron Valiant|atk|2\n|\n|upkeep\n|turn|38\n|\n|t:|1699662782\n|-end|p1a: Iron Valiant|Quark Drive|[silent]\n|switch|p1a: Meowscarada|Meowscarada, F|76\/100\n|-damage|p1a: Meowscarada|64\/100|[from] Stealth Rock\n|move|p2a: Clefable|Moonblast|p1a: Meowscarada\n|-supereffective|p1a: Meowscarada\n|-damage|p1a: Meowscarada|0 fnt\n|faint|p1a: Meowscarada\n|\n|upkeep\n|-message|AshMegaLuxio forfeited.\n|\n|win|Nashrock\n|n|\u2606AshMegaLuxio|ashmegaluxio\n|n|\u2606Nashrock|nashrock\n|n| XXMurdrXX|xxmurdrxx\n|n| Gholdie|gholdie\n|n| ND9T2 tutiop|nd9t2tutiop\n","uploadtime":1699662786,"views":20,"p1id":"ashmegaluxio","p2id":"nashrock","formatid":"gen9nationaldex","rating":0,"private":0,"password":""}