{"id":"gen9nationaldex-1996366940","p1":"SirGiraffeIV","p2":"feed store","format":"[Gen 9] National Dex","log":"|html|<div class=\"broadcast-blue\"><strong>[Gen 9] National Dex is currently suspecting Sneasler! For information on how to participate check out the <a href=\"https:\/\/www.smogon.com\/forums\/threads\/sv-national-dex-suspect-8-just-dance.3731534\/\">suspect thread<\/a>.<\/strong><\/div>\n|j|\u2606SirGiraffeIV\n|j|\u2606feed store\n|t:|1700675246\n|gametype|singles\n|player|p1|SirGiraffeIV|dawn|1144\n|player|p2|feed store|clay|1033\n|teamsize|p1|6\n|teamsize|p2|6\n|gen|9\n|tier|[Gen 9] National Dex\n|rated|\n|rule|HP Percentage Mod: HP is shown in percentages\n|rule|Endless Battle Clause: Forcing endless battles is banned\n|rule|OHKO Clause: OHKO moves are banned\n|rule|Evasion Clause: Evasion abilities, items, and moves are banned\n|rule|Evasion Abilities Clause: Evasion abilities are banned\n|rule|Evasion Items Clause: Evasion items are banned\n|rule|Evasion Moves Clause: Evasion moves are banned\n|rule|Species Clause: Limit one of each Pok\u00e9mon\n|rule|Sleep Clause Mod: Limit one foe put to sleep\n|clearpoke\n|poke|p1|Moltres-Galar|\n|poke|p1|Landorus-Therian, M|\n|poke|p1|Tapu Lele|\n|poke|p1|Heatran, M|\n|poke|p1|Cloyster, M|\n|poke|p1|Kartana|\n|poke|p2|Zoroark-Hisui, F|\n|poke|p2|Nidoking, M|\n|poke|p2|Sinistcha|\n|poke|p2|Cobalion|\n|poke|p2|Rapidash-Galar, F|\n|poke|p2|Krookodile, F|\n|teampreview\n|j| Lonsol\n|\n|t:|1700675285\n|start\n|switch|p1a: Landorus|Landorus-Therian, M|100\/100\n|switch|p2a: Cobalion|Cobalion|100\/100\n|-ability|p1a: Landorus|Intimidate|boost\n|-unboost|p2a: Cobalion|atk|1\n|turn|1\n|\n|t:|1700675294\n|move|p2a: Cobalion|Nasty Plot|p2a: Cobalion\n|-boost|p2a: Cobalion|spa|2\n|move|p1a: Landorus|Stealth Rock|p2a: Cobalion\n|-sidestart|p2: feed store|move: Stealth Rock\n|\n|upkeep\n|turn|2\n|j| less might be more\n|\n|t:|1700675309\n|move|p2a: Cobalion|Shadow Ball|p1a: Landorus\n|-damage|p1a: Landorus|5\/100\n|-unboost|p1a: Landorus|spd|1\n|move|p1a: Landorus|Earthquake|p2a: Cobalion\n|-enditem|p2a: Cobalion|Focus Sash\n|-damage|p2a: Cobalion|1\/100\n|replace|p2a: 7\ud83d\udd34Up|Zoroark-Hisui, F\n|-end|p2a: 7\ud83d\udd34Up|Illusion\n|\n|upkeep\n|turn|3\n|\n|t:|1700675328\n|move|p2a: 7\ud83d\udd34Up|Shadow Ball|p1a: Landorus\n|-damage|p1a: Landorus|0 fnt\n|faint|p1a: Landorus\n|\n|upkeep\n|\n|t:|1700675343\n|switch|p1a: Tapu Lele|Tapu Lele|100\/100\n|-fieldstart|move: Psychic Terrain|[from] ability: Psychic Surge|[of] p1a: Tapu Lele\n|turn|4\n|\n|t:|1700675351\n|move|p1a: Tapu Lele|Moonblast|p2a: 7\ud83d\udd34Up\n|-damage|p2a: 7\ud83d\udd34Up|0 fnt\n|faint|p2a: 7\ud83d\udd34Up\n|\n|upkeep\n|\n|t:|1700675379\n|switch|p2a: Need a King?|Nidoking, M|100\/100\n|-damage|p2a: Need a King?|95\/100|[from] Stealth Rock\n|turn|5\n|j| kung fu pokechu\n|\n|t:|1700675407\n|switch|p1a: Heatran|Heatran, M|100\/100\n|move|p2a: Need a King?|Earth Power|p1a: Heatran\n|-supereffective|p1a: Heatran\n|-damage|p1a: Heatran|0 fnt\n|faint|p1a: Heatran\n|\n|upkeep\n|\n|t:|1700675415\n|switch|p1a: Tapu Lele|Tapu Lele|100\/100\n|turn|6\n|\n|t:|1700675428\n|switch|p2a: Krokodil|Krookodile, F|100\/100\n|-damage|p2a: Krokodil|94\/100|[from] Stealth Rock\n|move|p1a: Tapu Lele|Psychic|p2a: Krokodil\n|-immune|p2a: Krokodil\n|\n|upkeep\n|turn|7\n|\n|t:|1700675473\n|switch|p1a: Moltres|Moltres-Galar|100\/100\n|move|p2a: Krokodil|Hone Claws|p2a: Krokodil\n|-boost|p2a: Krokodil|atk|1\n|-boost|p2a: Krokodil|accuracy|1\n|\n|upkeep\n|turn|8\n|\n|t:|1700675495\n|-terastallize|p2a: Krokodil|Dragon\n|move|p2a: Krokodil|Scale Shot|p1a: Moltres\n|-damage|p1a: Moltres|81\/100\n|-damage|p1a: Moltres|61\/100\n|-damage|p1a: Moltres|39\/100\n|-damage|p1a: Moltres|19\/100\n|-damage|p1a: Moltres|0 fnt\n|faint|p1a: Moltres\n|-ability|p2a: Krokodil|Moxie|boost\n|-boost|p2a: Krokodil|atk|1\n|-hitcount|p1: Moltres|5\n|-unboost|p2a: Krokodil|def|1\n|-boost|p2a: Krokodil|spe|1\n|\n|-fieldend|move: Psychic Terrain\n|upkeep\n|j| 5cat\n|\n|t:|1700675523\n|switch|p1a: Kartana|Kartana|100\/100\n|turn|9\n|\n|t:|1700675530\n|move|p1a: Kartana|Leaf Blade|p2a: Krokodil\n|-resisted|p2a: Krokodil\n|-damage|p2a: Krokodil|40\/100\n|move|p2a: Krokodil|Knock Off|p1a: Kartana\n|-damage|p1a: Kartana|2\/100\n|-enditem|p1a: Kartana|Choice Scarf|[from] move: Knock Off|[of] p2a: Krokodil\n|\n|upkeep\n|turn|10\n|\n|t:|1700675543\n|move|p2a: Krokodil|Scale Shot|p1a: Kartana\n|-resisted|p1a: Kartana\n|-damage|p1a: Kartana|0 fnt\n|faint|p1a: Kartana\n|-ability|p2a: Krokodil|Moxie|boost\n|-boost|p2a: Krokodil|atk|1\n|-hitcount|p1: Kartana|1\n|-unboost|p2a: Krokodil|def|1\n|-boost|p2a: Krokodil|spe|1\n|\n|upkeep\n|\n|t:|1700675555\n|switch|p1a: Tapu Lele|Tapu Lele|100\/100\n|-fieldstart|move: Psychic Terrain|[from] ability: Psychic Surge|[of] p1a: Tapu Lele\n|turn|11\n|\n|t:|1700675560\n|move|p2a: Krokodil|Earthquake|p1a: Tapu Lele\n|-damage|p1a: Tapu Lele|0 fnt\n|faint|p1a: Tapu Lele\n|-ability|p2a: Krokodil|Moxie|boost\n|-boost|p2a: Krokodil|atk|1\n|\n|upkeep\n|\n|t:|1700675566\n|switch|p1a: Cloyster|Cloyster, M|100\/100\n|turn|12\n|\n|t:|1700675569\n|move|p2a: Krokodil|Scale Shot|p1a: Cloyster\n|-damage|p1a: Cloyster|67\/100\n|-damage|p1a: Cloyster|35\/100\n|-damage|p1a: Cloyster|3\/100\n|-damage|p1a: Cloyster|0 fnt\n|faint|p1a: Cloyster\n|-hitcount|p1: Cloyster|4\n|\n|win|feed store\n|raw|SirGiraffeIV's rating: 1144 &rarr; <strong>1111<\/strong><br \/>(-33 for losing)\n|raw|feed store's rating: 1033 &rarr; <strong>1079<\/strong><br \/>(+46 for winning)\n|l|\u2606SirGiraffeIV\n|l|\u2606feed store\n|l| 5cat\n","uploadtime":1700675591,"views":1,"p1id":"sirgiraffeiv","p2id":"feedstore","formatid":"gen9nationaldex","rating":1079,"private":0,"password":""}