{"id":"gen9nationaldex-1996023807","p1":"pelipper111","p2":"FlyingSudowoodo","format":"[Gen 9] National Dex","log":"|html|<div class=\"broadcast-blue\"><strong>[Gen 9] National Dex is currently suspecting Sneasler! For information on how to participate check out the <a href=\"https:\/\/www.smogon.com\/forums\/threads\/sv-national-dex-suspect-8-just-dance.3731534\/\">suspect thread<\/a>.<\/strong><\/div>\n|j|\u2606pelipper111\n|j|\u2606FlyingSudowoodo\n|t:|1700630990\n|gametype|singles\n|player|p1|pelipper111|266|1431\n|player|p2|FlyingSudowoodo|brock|1473\n|teamsize|p1|6\n|teamsize|p2|6\n|gen|9\n|tier|[Gen 9] National Dex\n|rated|\n|rule|HP Percentage Mod: HP is shown in percentages\n|rule|Endless Battle Clause: Forcing endless battles is banned\n|rule|OHKO Clause: OHKO moves are banned\n|rule|Evasion Clause: Evasion abilities, items, and moves are banned\n|rule|Evasion Abilities Clause: Evasion abilities are banned\n|rule|Evasion Items Clause: Evasion items are banned\n|rule|Evasion Moves Clause: Evasion moves are banned\n|rule|Species Clause: Limit one of each Pok\u00e9mon\n|rule|Sleep Clause Mod: Limit one foe put to sleep\n|clearpoke\n|poke|p1|Pelipper, F|\n|poke|p1|Swampert, F|\n|poke|p1|Tapu Lele|\n|poke|p1|Sneasler, M|\n|poke|p1|Zapdos|\n|poke|p1|Ditto|\n|poke|p2|Garganacl, M|\n|poke|p2|Diancie|\n|poke|p2|Glimmora, M|\n|poke|p2|Ogerpon-Cornerstone, F|\n|poke|p2|Golem-Alola, M|\n|poke|p2|Tyranitar, M|\n|teampreview\n|inactive|Battle timer is ON: inactive players will automatically lose when time's up. (requested by FlyingSudowoodo)\n|\n|t:|1700631001\n|start\n|switch|p1a: Pelipper|Pelipper, F|100\/100\n|switch|p2a: Garganacl|Garganacl, M|100\/100\n|-weather|RainDance|[from] ability: Drizzle|[of] p1a: Pelipper\n|turn|1\n|\n|t:|1700631011\n|-terastallize|p2a: Garganacl|Ghost\n|move|p1a: Pelipper|Weather Ball|p2a: Garganacl\n|-damage|p2a: Garganacl|56\/100\n|move|p2a: Garganacl|Salt Cure|p1a: Pelipper\n|-supereffective|p1a: Pelipper\n|-damage|p1a: Pelipper|65\/100\n|-start|p1a: Pelipper|Salt Cure\n|\n|-weather|RainDance|[upkeep]\n|-heal|p2a: Garganacl|63\/100|[from] item: Leftovers\n|-damage|p1a: Pelipper|41\/100|[from] Salt Cure\n|upkeep\n|turn|2\n|\n|t:|1700631025\n|switch|p1a: Swampert|Swampert, F|100\/100\n|move|p2a: Garganacl|Recover|p2a: Garganacl\n|-heal|p2a: Garganacl|100\/100\n|\n|-weather|RainDance|[upkeep]\n|upkeep\n|turn|3\n|\n|t:|1700631036\n|detailschange|p1a: Swampert|Swampert-Mega, F\n|-mega|p1a: Swampert|Swampert|Swampertite\n|move|p2a: Garganacl|Protect|p2a: Garganacl\n|-singleturn|p2a: Garganacl|Protect\n|move|p1a: Swampert|Liquidation|p2a: Garganacl\n|-activate|p2a: Garganacl|move: Protect\n|\n|-weather|RainDance|[upkeep]\n|upkeep\n|turn|4\n|\n|t:|1700631045\n|switch|p2a: Tyranitar|Tyranitar, M|100\/100\n|-weather|Sandstorm|[from] ability: Sand Stream|[of] p2a: Tyranitar\n|move|p1a: Swampert|Liquidation|p2a: Tyranitar\n|-supereffective|p2a: Tyranitar\n|-damage|p2a: Tyranitar|27\/100\n|\n|-weather|Sandstorm|[upkeep]\n|upkeep\n|turn|5\n|\n|t:|1700631055\n|switch|p2a: Glimmora|Glimmora, M|100\/100\n|-item|p2a: Glimmora|Air Balloon\n|move|p1a: Swampert|Flip Turn|p2a: Glimmora\n|-supereffective|p2a: Glimmora\n|-crit|p2a: Glimmora\n|-damage|p2a: Glimmora|0 fnt\n|-activate|p2a: Glimmora|ability: Toxic Debris\n|-sidestart|p1: pelipper111|move: Toxic Spikes\n|-enditem|p2a: Glimmora|Air Balloon\n|faint|p2a: Glimmora\n|\n|t:|1700631070\n|switch|p1a: Pelipper|Pelipper, F|41\/100|[from] Flip Turn\n|-weather|RainDance|[from] ability: Drizzle|[of] p1a: Pelipper\n|\n|-weather|RainDance|[upkeep]\n|upkeep\n|\n|t:|1700631075\n|switch|p2a: Ogerpon|Ogerpon-Cornerstone, F|100\/100\n|turn|6\n|\n|t:|1700631090\n|-terastallize|p1a: Pelipper|Water\n|move|p1a: Pelipper|Weather Ball|p2a: Ogerpon\n|-ability|p2a: Ogerpon|Sturdy\n|-damage|p2a: Ogerpon|1\/100\n|move|p2a: Ogerpon|Ivy Cudgel|p1a: Pelipper|[anim] Ivy Cudgel Rock\n|-damage|p1a: Pelipper|0 fnt\n|faint|p1a: Pelipper\n|\n|-weather|RainDance|[upkeep]\n|upkeep\n|\n|t:|1700631104\n|switch|p1a: Swampert|Swampert-Mega, F|100\/100\n|-status|p1a: Swampert|psn\n|turn|7\n|\n|t:|1700631108\n|switch|p2a: Tyranitar|Tyranitar, M|27\/100\n|-weather|Sandstorm|[from] ability: Sand Stream|[of] p2a: Tyranitar\n|move|p1a: Swampert|Liquidation|p2a: Tyranitar\n|-supereffective|p2a: Tyranitar\n|-damage|p2a: Tyranitar|0 fnt\n|faint|p2a: Tyranitar\n|\n|-weather|Sandstorm|[upkeep]\n|-damage|p1a: Swampert|88\/100 psn|[from] psn\n|upkeep\n|\n|t:|1700631118\n|switch|p2a: Ogerpon|Ogerpon-Cornerstone, F|1\/100\n|turn|8\n|\n|t:|1700631128\n|switch|p1a: Ditto|Ditto|100\/100\n|-status|p1a: Ditto|psn\n|-transform|p1a: Ditto|p2a: Ogerpon|[from] ability: Imposter\n|move|p2a: Ogerpon|Horn Leech|p1a: Ditto\n|-damage|p1a: Ditto|40\/100 psn\n|-heal|p2a: Ogerpon|31\/100|[from] drain|[of] p1a: Ditto\n|\n|-weather|Sandstorm|[upkeep]\n|-damage|p1a: Ditto|28\/100 psn|[from] psn\n|upkeep\n|turn|9\n|\n|t:|1700631146\n|switch|p2a: Garganacl|Garganacl, M, tera:Ghost|100\/100\n|move|p1a: Ditto|Horn Leech|p2a: Garganacl\n|-damage|p2a: Garganacl|75\/100\n|-heal|p1a: Ditto|45\/100 psn|[from] drain|[of] p2a: Garganacl\n|\n|-weather|Sandstorm|[upkeep]\n|-damage|p2a: Garganacl|69\/100|[from] Sandstorm\n|-heal|p2a: Garganacl|75\/100|[from] item: Leftovers\n|-damage|p1a: Ditto|32\/100 psn|[from] psn\n|upkeep\n|turn|10\n|\n|t:|1700631165\n|switch|p1a: Tapu Lele|Tapu Lele|100\/100\n|-status|p1a: Tapu Lele|psn\n|-fieldstart|move: Psychic Terrain|[from] ability: Psychic Surge|[of] p1a: Tapu Lele\n|move|p2a: Garganacl|Salt Cure|p1a: Tapu Lele\n|-damage|p1a: Tapu Lele|80\/100 psn\n|-start|p1a: Tapu Lele|Salt Cure\n|\n|-weather|Sandstorm|[upkeep]\n|-damage|p1a: Tapu Lele|74\/100 psn|[from] Sandstorm\n|-damage|p2a: Garganacl|69\/100|[from] Sandstorm\n|-heal|p2a: Garganacl|75\/100|[from] item: Leftovers\n|-damage|p1a: Tapu Lele|61\/100 psn|[from] psn\n|-damage|p1a: Tapu Lele|49\/100 psn|[from] Salt Cure\n|upkeep\n|turn|11\n|\n|t:|1700631187\n|move|p2a: Garganacl|Protect|p2a: Garganacl\n|-singleturn|p2a: Garganacl|Protect\n|move|p1a: Tapu Lele|Shadow Ball|p2a: Garganacl\n|-activate|p2a: Garganacl|move: Protect\n|\n|-weather|none\n|-heal|p2a: Garganacl|81\/100|[from] item: Leftovers\n|-damage|p1a: Tapu Lele|37\/100 psn|[from] psn\n|-damage|p1a: Tapu Lele|24\/100 psn|[from] Salt Cure\n|upkeep\n|turn|12\n|\n|t:|1700631202\n|move|p1a: Tapu Lele|Shadow Ball|p2a: Garganacl\n|-supereffective|p2a: Garganacl\n|-damage|p2a: Garganacl|62\/100\n|move|p2a: Garganacl|Recover|p2a: Garganacl\n|-heal|p2a: Garganacl|100\/100\n|\n|-damage|p1a: Tapu Lele|12\/100 psn|[from] psn\n|-damage|p1a: Tapu Lele|0 fnt|[from] Salt Cure\n|faint|p1a: Tapu Lele\n|upkeep\n|inactive|pelipper111 has 120 seconds left.\n|\n|t:|1700631213\n|switch|p1a: Sneasler|Sneasler, M|100\/100\n|-sideend|p1: pelipper111|move: Toxic Spikes|[of] p1a: Sneasler\n|-enditem|p1a: Sneasler|Psychic Seed\n|-boost|p1a: Sneasler|spd|1|[from] item: Psychic Seed\n|turn|13\n|\n|t:|1700631222\n|move|p1a: Sneasler|Swords Dance|p1a: Sneasler\n|-boost|p1a: Sneasler|atk|2\n|move|p2a: Garganacl|Salt Cure|p1a: Sneasler\n|-resisted|p1a: Sneasler\n|-damage|p1a: Sneasler|90\/100\n|-start|p1a: Sneasler|Salt Cure\n|\n|-damage|p1a: Sneasler|77\/100|[from] Salt Cure\n|upkeep\n|turn|14\n|\n|t:|1700631236\n|move|p2a: Garganacl|Protect|p2a: Garganacl\n|-singleturn|p2a: Garganacl|Protect\n|move|p1a: Sneasler|Swords Dance|p1a: Sneasler\n|-boost|p1a: Sneasler|atk|2\n|\n|-damage|p1a: Sneasler|65\/100|[from] Salt Cure\n|-fieldend|move: Psychic Terrain\n|upkeep\n|turn|15\n|l|\u2606FlyingSudowoodo\n|inactive|FlyingSudowoodo disconnected and has a minute to reconnect!\n|player|p2|\n|j|\u2606FlyingSudowoodo\n|inactive|FlyingSudowoodo reconnected and has 120 seconds left.\n|player|p2|FlyingSudowoodo|brock\n|\n|t:|1700631272\n|switch|p2a: Golem|Golem-Alola, M|100\/100\n|move|p1a: Sneasler|Dire Claw|p2a: Golem\n|-resisted|p2a: Golem\n|-damage|p2a: Golem|41\/100\n|-status|p2a: Golem|slp\n|\n|-damage|p1a: Sneasler|53\/100|[from] Salt Cure\n|upkeep\n|turn|16\n|inactive|FlyingSudowoodo has 120 seconds left.\n|\n|t:|1700631287\n|cant|p2a: Golem|slp\n|move|p1a: Sneasler|Dire Claw|p2a: Golem\n|-resisted|p2a: Golem\n|-damage|p2a: Golem|0 fnt\n|faint|p2a: Golem\n|\n|-damage|p1a: Sneasler|41\/100|[from] Salt Cure\n|upkeep\n|\n|t:|1700631303\n|switch|p2a: Garganacl|Garganacl, M, tera:Ghost|100\/100\n|turn|17\n|\n|t:|1700631311\n|move|p2a: Garganacl|Protect|p2a: Garganacl\n|-singleturn|p2a: Garganacl|Protect\n|move|p1a: Sneasler|Dire Claw|p2a: Garganacl\n|-activate|p2a: Garganacl|move: Protect\n|\n|-damage|p1a: Sneasler|28\/100|[from] Salt Cure\n|upkeep\n|turn|18\n|inactive|FlyingSudowoodo has 120 seconds left.\n|\n|t:|1700631320\n|switch|p2a: Diancie|Diancie|100\/100\n|move|p1a: Sneasler|Dire Claw|p2a: Diancie\n|-damage|p2a: Diancie|0 fnt\n|faint|p2a: Diancie\n|\n|-damage|p1a: Sneasler|16\/100|[from] Salt Cure\n|upkeep\n|inactive|FlyingSudowoodo has 120 seconds left.\n|\n|t:|1700631328\n|switch|p2a: Garganacl|Garganacl, M, tera:Ghost|100\/100\n|turn|19\n|\n|t:|1700631334\n|switch|p1a: Ditto|Ditto|32\/100 psn\n|-transform|p1a: Ditto|p2a: Garganacl|[from] ability: Imposter\n|move|p2a: Garganacl|Protect||[still]\n|-fail|p2a: Garganacl\n|\n|-damage|p1a: Ditto|20\/100 psn|[from] psn\n|upkeep\n|turn|20\n|\n|t:|1700631347\n|switch|p2a: Ogerpon|Ogerpon-Cornerstone, F|31\/100\n|move|p1a: Ditto|Recover|p1a: Ditto\n|-heal|p1a: Ditto|70\/100 psn\n|\n|-damage|p1a: Ditto|58\/100 psn|[from] psn\n|upkeep\n|turn|21\n|\n|t:|1700631362\n|switch|p1a: Swampert|Swampert-Mega, F|88\/100 psn\n|move|p2a: Ogerpon|Horn Leech|p1a: Swampert\n|-supereffective|p1a: Swampert\n|-damage|p1a: Swampert|0 fnt\n|-heal|p2a: Ogerpon|81\/100|[from] drain|[of] p1a: Swampert\n|faint|p1a: Swampert\n|\n|upkeep\n|\n|t:|1700631376\n|switch|p1a: Sneasler|Sneasler, M|16\/100\n|turn|22\n|\n|t:|1700631383\n|switch|p2a: Garganacl|Garganacl, M, tera:Ghost|100\/100\n|move|p1a: Sneasler|Dire Claw|p2a: Garganacl\n|-resisted|p2a: Garganacl\n|-damage|p2a: Garganacl|87\/100\n|\n|-heal|p2a: Garganacl|93\/100|[from] item: Leftovers\n|upkeep\n|turn|23\n|\n|t:|1700631395\n|move|p1a: Sneasler|Dire Claw|p2a: Garganacl\n|-resisted|p2a: Garganacl\n|-damage|p2a: Garganacl|79\/100\n|move|p2a: Garganacl|Salt Cure|p1a: Sneasler\n|-resisted|p1a: Sneasler\n|-damage|p1a: Sneasler|5\/100\n|-start|p1a: Sneasler|Salt Cure\n|\n|-heal|p2a: Garganacl|85\/100|[from] item: Leftovers\n|-damage|p1a: Sneasler|0 fnt|[from] Salt Cure\n|faint|p1a: Sneasler\n|upkeep\n|\n|t:|1700631409\n|switch|p1a: Ditto|Ditto|58\/100 psn\n|-transform|p1a: Ditto|p2a: Garganacl|[from] ability: Imposter\n|turn|24\n|\n|t:|1700631421\n|move|p2a: Garganacl|Protect|p2a: Garganacl\n|-singleturn|p2a: Garganacl|Protect\n|move|p1a: Ditto|Salt Cure|p2a: Garganacl\n|-activate|p2a: Garganacl|move: Protect\n|\n|-heal|p2a: Garganacl|91\/100|[from] item: Leftovers\n|-damage|p1a: Ditto|45\/100 psn|[from] psn\n|upkeep\n|turn|25\n|\n|t:|1700631437\n|move|p1a: Ditto|Salt Cure|p2a: Garganacl\n|-damage|p2a: Garganacl|83\/100\n|-start|p2a: Garganacl|Salt Cure\n|move|p2a: Garganacl|Salt Cure|p1a: Ditto\n|-damage|p1a: Ditto|33\/100 psn\n|-start|p1a: Ditto|Salt Cure\n|\n|-heal|p2a: Garganacl|89\/100|[from] item: Leftovers\n|-damage|p1a: Ditto|21\/100 psn|[from] psn\n|-damage|p1a: Ditto|9\/100 psn|[from] Salt Cure\n|-damage|p2a: Garganacl|77\/100|[from] Salt Cure\n|upkeep\n|turn|26\n|\n|t:|1700631453\n|switch|p1a: Zapdos|Zapdos|100\/100\n|move|p2a: Garganacl|Salt Cure|p1a: Zapdos\n|-supereffective|p1a: Zapdos\n|-damage|p1a: Zapdos|80\/100\n|-start|p1a: Zapdos|Salt Cure\n|\n|-heal|p2a: Garganacl|83\/100|[from] item: Leftovers\n|-damage|p1a: Zapdos|67\/100|[from] Salt Cure\n|-damage|p2a: Garganacl|70\/100|[from] Salt Cure\n|upkeep\n|turn|27\n|\n|t:|1700631466\n|move|p1a: Zapdos|Hurricane|p2a: Garganacl|[miss]\n|-miss|p1a: Zapdos|p2a: Garganacl\n|move|p2a: Garganacl|Stealth Rock|p1a: Zapdos\n|-sidestart|p1: pelipper111|move: Stealth Rock\n|\n|-heal|p2a: Garganacl|77\/100|[from] item: Leftovers\n|-damage|p1a: Zapdos|55\/100|[from] Salt Cure\n|-damage|p2a: Garganacl|64\/100|[from] Salt Cure\n|upkeep\n|turn|28\n|\n|t:|1700631476\n|move|p1a: Zapdos|Hurricane|p2a: Garganacl\n|-damage|p2a: Garganacl|34\/100\n|-start|p2a: Garganacl|confusion\n|-activate|p2a: Garganacl|confusion\n|move|p2a: Garganacl|Recover|p2a: Garganacl\n|-heal|p2a: Garganacl|85\/100\n|\n|-heal|p2a: Garganacl|91\/100|[from] item: Leftovers\n|-damage|p1a: Zapdos|42\/100|[from] Salt Cure\n|-damage|p2a: Garganacl|78\/100|[from] Salt Cure\n|upkeep\n|turn|29\n|\n|t:|1700631489\n|move|p1a: Zapdos|Defog|p2a: Garganacl\n|-unboost|p2a: Garganacl|evasion|1\n|-sideend|p1: pelipper111|Stealth Rock|[from] move: Defog|[of] p1a: Zapdos\n|-activate|p2a: Garganacl|confusion\n|-damage|p2a: Garganacl|72\/100|[from] confusion\n|\n|-heal|p2a: Garganacl|79\/100|[from] item: Leftovers\n|-damage|p1a: Zapdos|30\/100|[from] Salt Cure\n|-damage|p2a: Garganacl|66\/100|[from] Salt Cure\n|upkeep\n|turn|30\n|\n|t:|1700631499\n|move|p1a: Zapdos|Volt Switch|p2a: Garganacl\n|-damage|p2a: Garganacl|46\/100\n|\n|t:|1700631502\n|switch|p1a: Ditto|Ditto|9\/100 psn|[from] Volt Switch\n|-transform|p1a: Ditto|p2a: Garganacl|[from] ability: Imposter\n|-activate|p2a: Garganacl|confusion\n|move|p2a: Garganacl|Salt Cure|p1a: Ditto\n|-damage|p1a: Ditto|0 fnt\n|faint|p1a: Ditto\n|\n|-heal|p2a: Garganacl|52\/100|[from] item: Leftovers\n|-damage|p2a: Garganacl|40\/100|[from] Salt Cure\n|upkeep\n|\n|t:|1700631515\n|switch|p1a: Zapdos|Zapdos|30\/100\n|turn|31\n|\n|t:|1700631520\n|move|p1a: Zapdos|Hurricane|p2a: Garganacl\n|-damage|p2a: Garganacl|10\/100\n|-activate|p2a: Garganacl|confusion\n|move|p2a: Garganacl|Salt Cure|p1a: Zapdos\n|-supereffective|p1a: Zapdos\n|-damage|p1a: Zapdos|8\/100\n|-start|p1a: Zapdos|Salt Cure\n|\n|-heal|p2a: Garganacl|16\/100|[from] item: Leftovers\n|-damage|p1a: Zapdos|0 fnt|[from] Salt Cure\n|faint|p1a: Zapdos\n|\n|win|FlyingSudowoodo\n|upkeep\n|raw|pelipper111's rating: 1431 &rarr; <strong>1413<\/strong><br \/>(-18 for losing)\n|raw|FlyingSudowoodo's rating: 1473 &rarr; <strong>1491<\/strong><br \/>(+18 for winning)\n|l|\u2606pelipper111\n","uploadtime":1700631532,"views":0,"p1id":"pelipper111","p2id":"flyingsudowoodo","formatid":"gen9nationaldex","rating":1413,"private":0,"password":""}