{"id":"gen9nationaldex-2000514432","p1":"SloppySpider25","p2":"Ham_On_Toast","format":"[Gen 9] National Dex","log":"|html|<div class=\"broadcast-blue\"><strong>[Gen 9] National Dex is currently suspecting Sneasler! For information on how to participate check out the <a href=\"https:\/\/www.smogon.com\/forums\/threads\/sv-national-dex-suspect-8-just-dance.3731534\/\">suspect thread<\/a>.<\/strong><\/div>\n|j|\u2606SloppySpider25\n|j|\u2606Ham_On_Toast\n|t:|1701201221\n|gametype|singles\n|player|p1|SloppySpider25|pokemaniac|1330\n|player|p2|Ham_On_Toast|fantina|1437\n|teamsize|p1|6\n|teamsize|p2|6\n|gen|9\n|tier|[Gen 9] National Dex\n|rated|\n|rule|HP Percentage Mod: HP is shown in percentages\n|rule|Endless Battle Clause: Forcing endless battles is banned\n|rule|OHKO Clause: OHKO moves are banned\n|rule|Evasion Clause: Evasion abilities, items, and moves are banned\n|rule|Evasion Abilities Clause: Evasion abilities are banned\n|rule|Evasion Items Clause: Evasion items are banned\n|rule|Evasion Moves Clause: Evasion moves are banned\n|rule|Species Clause: Limit one of each Pok\u00e9mon\n|rule|Sleep Clause Mod: Limit one foe put to sleep\n|clearpoke\n|poke|p1|Volcarona, M|\n|poke|p1|Glimmora, M|\n|poke|p1|Hoopa-Unbound|\n|poke|p1|Tapu Koko|\n|poke|p1|Zapdos|\n|poke|p1|Banette, M|\n|poke|p2|Steelix, M|\n|poke|p2|Tyranitar, M|\n|poke|p2|Rillaboom, M|\n|poke|p2|Sneasler, F|\n|poke|p2|Kartana|\n|poke|p2|Excadrill, F|\n|teampreview\n|inactive|Battle timer is ON: inactive players will automatically lose when time's up. (requested by Ham_On_Toast)\n|j| Red Moon Ghost\n|\n|t:|1701201224\n|start\n|switch|p1a: Heavy Weather|Glimmora, M|100\/100\n|switch|p2a: Rillaboom|Rillaboom, M|100\/100\n|-fieldstart|move: Grassy Terrain|[from] ability: Grassy Surge|[of] p2a: Rillaboom\n|turn|1\n|\n|t:|1701201231\n|switch|p2a: Tyranitar|Tyranitar, M|100\/100\n|-weather|Sandstorm|[from] ability: Sand Stream|[of] p2a: Tyranitar\n|move|p1a: Heavy Weather|Stealth Rock|p2a: Tyranitar\n|-sidestart|p2: Ham_On_Toast|move: Stealth Rock\n|\n|-weather|Sandstorm|[upkeep]\n|upkeep\n|turn|2\n|\n|t:|1701201243\n|switch|p2a: Steelix|Steelix, M|100\/100\n|-damage|p2a: Steelix|97\/100|[from] Stealth Rock\n|move|p1a: Heavy Weather|Light Screen|p1a: Heavy Weather\n|-sidestart|p1: SloppySpider25|move: Light Screen\n|\n|-weather|Sandstorm|[upkeep]\n|-heal|p2a: Steelix|100\/100|[from] Grassy Terrain\n|upkeep\n|turn|3\n|\n|t:|1701201250\n|detailschange|p2a: Steelix|Steelix-Mega, M\n|-mega|p2a: Steelix|Steelix|Steelixite\n|move|p1a: Heavy Weather|Reflect|p1a: Heavy Weather\n|-sidestart|p1: SloppySpider25|Reflect\n|move|p2a: Steelix|Iron Defense|p2a: Steelix\n|-boost|p2a: Steelix|def|2\n|\n|-weather|Sandstorm|[upkeep]\n|upkeep\n|turn|4\n|\n|t:|1701201257\n|switch|p1a: Just Dance 2010|Volcarona, M|100\/100\n|move|p2a: Steelix|Rock Polish|p2a: Steelix\n|-boost|p2a: Steelix|spe|2\n|\n|-weather|Sandstorm|[upkeep]\n|-damage|p1a: Just Dance 2010|94\/100|[from] Sandstorm\n|-heal|p1a: Just Dance 2010|100\/100|[from] Grassy Terrain\n|upkeep\n|turn|5\n|\n|t:|1701201268\n|move|p2a: Steelix|High Horsepower|p1a: Just Dance 2010\n|-damage|p1a: Just Dance 2010|54\/100\n|move|p1a: Just Dance 2010|Quiver Dance|p1a: Just Dance 2010\n|-boost|p1a: Just Dance 2010|spa|1\n|-boost|p1a: Just Dance 2010|spd|1\n|-boost|p1a: Just Dance 2010|spe|1\n|\n|-weather|none\n|-heal|p1a: Just Dance 2010|60\/100|[from] Grassy Terrain\n|-fieldend|move: Grassy Terrain\n|upkeep\n|turn|6\n|\n|t:|1701201278\n|switch|p2a: Tyranitar|Tyranitar, M|100\/100\n|-damage|p2a: Tyranitar|88\/100|[from] Stealth Rock\n|-weather|Sandstorm|[from] ability: Sand Stream|[of] p2a: Tyranitar\n|move|p1a: Just Dance 2010|Fiery Dance|p2a: Tyranitar\n|-resisted|p2a: Tyranitar\n|-damage|p2a: Tyranitar|75\/100\n|\n|-weather|Sandstorm|[upkeep]\n|-damage|p1a: Just Dance 2010|54\/100|[from] Sandstorm\n|-sideend|p1: SloppySpider25|move: Light Screen\n|upkeep\n|turn|7\n|\n|t:|1701201288\n|-terastallize|p1a: Just Dance 2010|Water\n|move|p1a: Just Dance 2010|Tera Blast|p2a: Tyranitar|[anim] Tera Blast Water\n|-supereffective|p2a: Tyranitar\n|-crit|p2a: Tyranitar\n|-damage|p2a: Tyranitar|0 fnt\n|faint|p2a: Tyranitar\n|\n|-weather|Sandstorm|[upkeep]\n|-damage|p1a: Just Dance 2010|48\/100|[from] Sandstorm\n|-sideend|p1: SloppySpider25|Reflect\n|upkeep\n|c|\u2606Ham_On_Toast|Yur shitting me\n|c|\u2606SloppySpider25|lmao\n|\n|t:|1701201305\n|switch|p2a: Rillaboom|Rillaboom, M|100\/100\n|-damage|p2a: Rillaboom|88\/100|[from] Stealth Rock\n|-fieldstart|move: Grassy Terrain|[from] ability: Grassy Surge|[of] p2a: Rillaboom\n|turn|8\n|\n|t:|1701201310\n|move|p2a: Rillaboom|Grassy Glide|p1a: Just Dance 2010\n|-supereffective|p1a: Just Dance 2010\n|-damage|p1a: Just Dance 2010|0 fnt\n|faint|p1a: Just Dance 2010\n|\n|-weather|Sandstorm|[upkeep]\n|-damage|p2a: Rillaboom|82\/100|[from] Sandstorm\n|-heal|p2a: Rillaboom|88\/100|[from] Grassy Terrain\n|upkeep\n|c|\u2606Ham_On_Toast|Whatever\n|c| Red Moon Ghost|what makes glimmora heavy weather?\n|c|\u2606SloppySpider25|long story sorta\n|inactive|SloppySpider25 has 120 seconds left.\n|\n|t:|1701201352\n|switch|p1a: Zapdos|Zapdos|100\/100\n|-ability|p1a: Zapdos|Pressure\n|turn|9\n|c| Red Moon Ghost|you have 120 seconds\n|\n|t:|1701201359\n|switch|p2a: Excadrill|Excadrill, F|100\/100\n|-damage|p2a: Excadrill|97\/100|[from] Stealth Rock\n|-ability|p2a: Excadrill|Mold Breaker\n|move|p1a: Zapdos|Hurricane|p2a: Excadrill\n|-resisted|p2a: Excadrill\n|-damage|p2a: Excadrill|44\/100\n|\n|-weather|Sandstorm|[upkeep]\n|-damage|p1a: Zapdos|94\/100|[from] Sandstorm\n|-heal|p2a: Excadrill|50\/100|[from] Grassy Terrain\n|upkeep\n|turn|10\n|c|\u2606SloppySpider25|ik\n|c| Red Moon Ghost|to tell me\n|inactive|SloppySpider25 has 120 seconds left.\n|c|\u2606SloppySpider25|i also have to move\n|\n|t:|1701201386\n|switch|p1a: Prager-U|Hoopa-Unbound|100\/100\n|move|p2a: Excadrill|Stealth Rock|p1a: Prager-U\n|-sidestart|p1: SloppySpider25|move: Stealth Rock\n|\n|-weather|none\n|-heal|p2a: Excadrill|56\/100|[from] Grassy Terrain\n|upkeep\n|turn|11\n|\n|t:|1701201397\n|move|p2a: Excadrill|Rapid Spin|p1a: Prager-U\n|-damage|p1a: Prager-U|72\/100\n|-boost|p2a: Excadrill|spe|1\n|-sideend|p2: Ham_On_Toast|Stealth Rock|[from] move: Rapid Spin|[of] p2a: Excadrill\n|move|p1a: Prager-U|Drain Punch|p2a: Excadrill\n|-supereffective|p2a: Excadrill\n|-damage|p2a: Excadrill|0 fnt\n|-heal|p1a: Prager-U|100\/100|[from] drain|[of] p2a: Excadrill\n|faint|p2a: Excadrill\n|\n|upkeep\n|c| Red Moon Ghost|Whaaaaaat nooooooo\n|\n|t:|1701201408\n|switch|p2a: Steelix|Steelix-Mega, M|100\/100\n|turn|12\n|\n|t:|1701201412\n|move|p1a: Prager-U|Drain Punch|p2a: Steelix\n|-supereffective|p2a: Steelix\n|-damage|p2a: Steelix|52\/100\n|move|p2a: Steelix|Iron Defense|p2a: Steelix\n|-boost|p2a: Steelix|def|2\n|\n|-heal|p2a: Steelix|58\/100|[from] Grassy Terrain\n|-fieldend|move: Grassy Terrain\n|upkeep\n|turn|13\n|c| Red Moon Ghost|plus nutella\n|\n|t:|1701201423\n|move|p1a: Prager-U|Drain Punch|p2a: Steelix\n|-supereffective|p2a: Steelix\n|-damage|p2a: Steelix|33\/100\n|move|p2a: Steelix|Body Press|p1a: Prager-U\n|-damage|p1a: Prager-U|0 fnt\n|faint|p1a: Prager-U\n|\n|upkeep\n|c| Red Moon Ghost|holy shit\n|inactive|SloppySpider25 has 120 seconds left.\n|c| Red Moon Ghost|it killed something\n|\n|t:|1701201439\n|switch|p1a: Banette|Banette, M|100\/100\n|-damage|p1a: Banette|88\/100|[from] Stealth Rock\n|turn|14\n|inactive|SloppySpider25 has 120 seconds left.\n|\n|t:|1701201445\n|switch|p2a: Rillaboom|Rillaboom, M|88\/100\n|-fieldstart|move: Grassy Terrain|[from] ability: Grassy Surge|[of] p2a: Rillaboom\n|detailschange|p1a: Banette|Banette-Mega, M\n|-mega|p1a: Banette|Banette|Banettite\n|move|p1a: Banette|Will-O-Wisp|p2a: Rillaboom\n|-status|p2a: Rillaboom|brn\n|\n|-heal|p2a: Rillaboom|94\/100 brn|[from] Grassy Terrain\n|-heal|p1a: Banette|94\/100|[from] Grassy Terrain\n|-damage|p2a: Rillaboom|88\/100 brn|[from] brn\n|upkeep\n|turn|15\n|inactive|SloppySpider25 has 120 seconds left.\n|\n|t:|1701201463\n|move|p2a: Rillaboom|U-turn|p1a: Banette\n|-resisted|p1a: Banette\n|-damage|p1a: Banette|83\/100\n|\n|t:|1701201465\n|switch|p2a: Steelix|Steelix-Mega, M|33\/100|[from] U-turn\n|move|p1a: Banette|Poltergeist|p2a: Steelix\n|-activate|p2a: Steelix|move: Poltergeist|Steelixite\n|-damage|p2a: Steelix|0 fnt\n|faint|p2a: Steelix\n|\n|-heal|p1a: Banette|89\/100|[from] Grassy Terrain\n|upkeep\n|\n|t:|1701201472\n|switch|p2a: Rillaboom|Rillaboom, M|88\/100 brn\n|turn|16\n|c| Red Moon Ghost|and its dead\n|\n|t:|1701201479\n|move|p2a: Rillaboom|Wood Hammer|p1a: Banette\n|-damage|p1a: Banette|6\/100\n|-damage|p2a: Rillaboom|66\/100 brn|[from] Recoil\n|move|p1a: Banette|Poltergeist|p2a: Rillaboom\n|-activate|p2a: Rillaboom|move: Poltergeist|Choice Band\n|-damage|p2a: Rillaboom|0 fnt\n|faint|p2a: Rillaboom\n|\n|-heal|p1a: Banette|12\/100|[from] Grassy Terrain\n|upkeep\n|c| Red Moon Ghost|back to normality\n|\n|t:|1701201490\n|switch|p2a: Sneasler|Sneasler, F|100\/100\n|-enditem|p2a: Sneasler|Grassy Seed\n|-boost|p2a: Sneasler|def|1|[from] item: Grassy Seed\n|turn|17\n|\n|t:|1701201495\n|move|p1a: Banette|Will-O-Wisp|p2a: Sneasler\n|-status|p2a: Sneasler|brn\n|move|p2a: Sneasler|Acrobatics|p1a: Banette\n|-damage|p1a: Banette|0 fnt\n|faint|p1a: Banette\n|\n|-damage|p2a: Sneasler|94\/100 brn|[from] brn\n|upkeep\n|\n|t:|1701201507\n|switch|p1a: Tapu Koko|Tapu Koko|100\/100\n|-damage|p1a: Tapu Koko|88\/100|[from] Stealth Rock\n|-fieldstart|move: Electric Terrain|[from] ability: Electric Surge|[of] p1a: Tapu Koko\n|turn|18\n|\n|t:|1701201513\n|move|p2a: Sneasler|Dire Claw|p1a: Tapu Koko\n|-supereffective|p1a: Tapu Koko\n|-damage|p1a: Tapu Koko|28\/100\n|move|p1a: Tapu Koko|Brave Bird|p2a: Sneasler\n|-supereffective|p2a: Sneasler\n|-damage|p2a: Sneasler|12\/100 brn\n|-damage|p1a: Tapu Koko|0 fnt|[from] Recoil\n|faint|p1a: Tapu Koko\n|\n|-damage|p2a: Sneasler|6\/100 brn|[from] brn\n|upkeep\n|\n|t:|1701201523\n|switch|p1a: Heavy Weather|Glimmora, M|100\/100\n|-damage|p1a: Heavy Weather|88\/100|[from] Stealth Rock\n|turn|19\n|\n|t:|1701201527\n|move|p2a: Sneasler|Close Combat|p1a: Heavy Weather\n|-damage|p1a: Heavy Weather|46\/100\n|-unboost|p2a: Sneasler|def|1\n|-unboost|p2a: Sneasler|spd|1\n|-activate|p1a: Heavy Weather|ability: Toxic Debris\n|-sidestart|p2: Ham_On_Toast|move: Toxic Spikes\n|move|p1a: Heavy Weather|Stealth Rock|p2a: Sneasler\n|-sidestart|p2: Ham_On_Toast|move: Stealth Rock\n|\n|-damage|p2a: Sneasler|0 fnt|[from] brn\n|faint|p2a: Sneasler\n|upkeep\n|\n|t:|1701201530\n|switch|p2a: Kartana|Kartana|100\/100\n|-damage|p2a: Kartana|94\/100|[from] Stealth Rock\n|turn|20\n|\n|t:|1701201539\n|-terastallize|p2a: Kartana|Grass\n|move|p2a: Kartana|Leaf Blade|p1a: Heavy Weather\n|-damage|p1a: Heavy Weather|0 fnt\n|-activate|p1a: Heavy Weather|ability: Toxic Debris\n|-sidestart|p2: Ham_On_Toast|move: Toxic Spikes\n|faint|p1a: Heavy Weather\n|-ability|p2a: Kartana|Beast Boost|boost\n|-boost|p2a: Kartana|atk|1\n|\n|upkeep\n|\n|t:|1701201548\n|switch|p1a: Zapdos|Zapdos|94\/100\n|-damage|p1a: Zapdos|69\/100|[from] Stealth Rock\n|-ability|p1a: Zapdos|Pressure\n|turn|21\n|c|\u2606Ham_On_Toast|Big crit coming up\n|c|\u2606SloppySpider25|all comes down to this\n|\n|t:|1701201563\n|move|p2a: Kartana|Leaf Blade|p1a: Zapdos\n|-resisted|p1a: Zapdos\n|-damage|p1a: Zapdos|0 fnt\n|faint|p1a: Zapdos\n|\n|win|Ham_On_Toast\n|raw|SloppySpider25's rating: 1330 &rarr; <strong>1316<\/strong><br \/>(-14 for losing)\n|raw|Ham_On_Toast's rating: 1437 &rarr; <strong>1451<\/strong><br \/>(+14 for winning)\n|c|\u2606Ham_On_Toast|PPPFFFF\n|c|\u2606SloppySpider25|gg\n|c|\u2606Ham_On_Toast|nvm\n|c|\u2606SloppySpider25|anyway\n|c|\u2606Ham_On_Toast|Gg\n|c|\u2606SloppySpider25|the name\n|l|\u2606Ham_On_Toast\n|c|\u2606SloppySpider25|someone wanted to know\n|c| Red Moon Ghost|yes\n|c| Red Moon Ghost|i did\n|c|\u2606SloppySpider25|ok\n|c|\u2606SloppySpider25|so\n|c|\u2606SloppySpider25|i was looking at the pokedex for glimmora\n|c|\u2606SloppySpider25|since i wanted to know what tf it was\n|c|\u2606SloppySpider25|and it said it was made of poison essence crystals\n|c|\u2606SloppySpider25|And im thinking \"tf is that\"\n|c| Red Moon Ghost|i assume its a fake thing\n|c|\u2606SloppySpider25|to me, it sounded like a stretch jojo would make\n|c|\u2606SloppySpider25|have you seen jojo?\n|c| Red Moon Ghost|yeah im caught up in the anime\n|c|\u2606SloppySpider25|ok\n|c|\u2606SloppySpider25|good\n|c|\u2606SloppySpider25|specifically it reminded me of the rainbows that turn people into snails\n|c|\u2606SloppySpider25|and the name of the ability that does that is \"Heavy Weather\"\n|c|\u2606SloppySpider25|hence the name of the glimmora\n|c| Red Moon Ghost|Gotcha\n|c| Red Moon Ghost|i connected it more to the blood spikes\n|c|\u2606SloppySpider25|i wanted to name my charazard (which isnt on my team rn)\n|c|\u2606SloppySpider25|\"Glimmora\"\n|c| Red Moon Ghost|whys that?\n|c|\u2606SloppySpider25|because glimmora was named after weather report and charazard makes it suny\n|c|\u2606SloppySpider25|but showdown didnt let me\n|c| Red Moon Ghost|Glimmor\u00e1\n|c|\u2606SloppySpider25|so i named it \"imagine dragon\"\n|c| Red Moon Ghost|use that\n|c|\u2606SloppySpider25|which was recommended to me by my buddy\n|c|\u2606SloppySpider25|anyway\n|c|\u2606SloppySpider25|bye bye\n|c| Red Moon Ghost|bye\n|l|\u2606SloppySpider25\n|l| Red Moon Ghost\n","uploadtime":1701202019,"views":2,"p1id":"sloppyspider25","p2id":"hamontoast","formatid":"gen9nationaldex","rating":1316,"private":0,"password":""}