{"id":"gen9nationaldex-1987722415","p1":"RedHoodKat","p2":"The power of ROCK","format":"[Gen 9] National Dex","log":"|j|\u2606RedHoodKat\n|j|\u2606The power of ROCK\n|t:|1699630962\n|gametype|singles\n|player|p1|RedHoodKat|colress|\n|player|p2|The power of ROCK|roark|\n|teamsize|p1|6\n|teamsize|p2|6\n|gen|9\n|tier|[Gen 9] National Dex\n|rule|HP Percentage Mod: HP is shown in percentages\n|rule|Endless Battle Clause: Forcing endless battles is banned\n|rule|OHKO Clause: OHKO moves are banned\n|rule|Evasion Clause: Evasion abilities, items, and moves are banned\n|rule|Evasion Abilities Clause: Evasion abilities are banned\n|rule|Evasion Items Clause: Evasion items are banned\n|rule|Evasion Moves Clause: Evasion moves are banned\n|rule|Species Clause: Limit one of each Pok\u00e9mon\n|rule|Sleep Clause Mod: Limit one foe put to sleep\n|clearpoke\n|poke|p1|Heatran, M|\n|poke|p1|Scizor, M|\n|poke|p1|Bisharp, M|\n|poke|p1|Excadrill, M|\n|poke|p1|Goodra-Hisui, F|\n|poke|p1|Empoleon, M|\n|poke|p2|Tyranitar, F|\n|poke|p2|Garganacl, F|\n|poke|p2|Aggron, F|\n|poke|p2|Cradily, M|\n|poke|p2|Glimmora, F|\n|poke|p2|Stakataka|\n|teampreview\n|c|\u2606The power of ROCK|Welcome to the ROCK gym\n|\n|t:|1699631064\n|start\n|switch|p1a: Peguins Madagascar|Empoleon, M|100\/100\n|switch|p2a: Aggron|Aggron, F|100\/100\n|turn|1\n|\n|t:|1699631072\n|switch|p2a: Cradily|Cradily, M|100\/100\n|move|p1a: Peguins Madagascar|Scald|p2a: Cradily\n|-ability|p2a: Cradily|Storm Drain|boost\n|-boost|p2a: Cradily|spa|1\n|\n|upkeep\n|turn|2\n|\n|t:|1699631082\n|move|p1a: Peguins Madagascar|Flash Cannon|p2a: Cradily\n|-supereffective|p2a: Cradily\n|-damage|p2a: Cradily|35\/100\n|move|p2a: Cradily|Leech Seed|p1a: Peguins Madagascar\n|-start|p1a: Peguins Madagascar|move: Leech Seed\n|\n|-damage|p1a: Peguins Madagascar|88\/100|[from] Leech Seed|[of] p2a: Cradily\n|-heal|p2a: Cradily|47\/100|[silent]\n|upkeep\n|turn|3\n|\n|t:|1699631096\n|switch|p2a: Garganacl|Garganacl, F|100\/100\n|move|p1a: Peguins Madagascar|Flash Cannon|p2a: Garganacl\n|-supereffective|p2a: Garganacl\n|-damage|p2a: Garganacl|51\/100\n|-enditem|p2a: Garganacl|Maranga Berry|[eat]\n|-boost|p2a: Garganacl|spd|1|[from] item: Maranga Berry\n|\n|-damage|p1a: Peguins Madagascar|76\/100|[from] Leech Seed|[of] p2a: Garganacl\n|-heal|p2a: Garganacl|62\/100|[silent]\n|upkeep\n|turn|4\n|\n|t:|1699631104\n|move|p1a: Peguins Madagascar|Grass Knot|p2a: Garganacl\n|-supereffective|p2a: Garganacl\n|-damage|p2a: Garganacl|26\/100\n|move|p2a: Garganacl|Recover|p2a: Garganacl\n|-heal|p2a: Garganacl|76\/100\n|\n|-damage|p1a: Peguins Madagascar|63\/100|[from] Leech Seed|[of] p2a: Garganacl\n|-heal|p2a: Garganacl|87\/100|[silent]\n|upkeep\n|turn|5\n|\n|t:|1699631109\n|move|p1a: Peguins Madagascar|Haze|p1a: Peguins Madagascar\n|-clearallboost\n|move|p2a: Garganacl|Salt Cure|p1a: Peguins Madagascar\n|-resisted|p1a: Peguins Madagascar\n|-damage|p1a: Peguins Madagascar|56\/100\n|\n|-damage|p1a: Peguins Madagascar|43\/100|[from] Leech Seed|[of] p2a: Garganacl\n|-heal|p2a: Garganacl|99\/100|[silent]\n|upkeep\n|turn|6\n|\n|t:|1699631118\n|-terastallize|p2a: Garganacl|Ghost\n|move|p1a: Peguins Madagascar|Grass Knot|p2a: Garganacl\n|-damage|p2a: Garganacl|72\/100\n|move|p2a: Garganacl|Body Press|p1a: Peguins Madagascar\n|-supereffective|p1a: Peguins Madagascar\n|-damage|p1a: Peguins Madagascar|0 fnt\n|faint|p1a: Peguins Madagascar\n|\n|upkeep\n|\n|t:|1699631127\n|switch|p1a: Burnt Frog...Toad?|Heatran, M|100\/100\n|turn|7\n|\n|t:|1699631134\n|switch|p2a: Tyranitar|Tyranitar, F|100\/100\n|-weather|Sandstorm|[from] ability: Sand Stream|[of] p2a: Tyranitar\n|move|p1a: Burnt Frog...Toad?|Magma Storm|p2a: Tyranitar\n|-resisted|p2a: Tyranitar\n|-damage|p2a: Tyranitar|91\/100\n|-activate|p2a: Tyranitar|move: Magma Storm|[of] p1a: Burnt Frog...Toad?\n|\n|-weather|Sandstorm|[upkeep]\n|-damage|p2a: Tyranitar|79\/100|[from] move: Magma Storm|[partiallytrapped]\n|upkeep\n|turn|8\n|\n|t:|1699631141\n|move|p1a: Burnt Frog...Toad?|Earth Power|p2a: Tyranitar\n|-supereffective|p2a: Tyranitar\n|-damage|p2a: Tyranitar|61\/100\n|move|p2a: Tyranitar|Knock Off|p1a: Burnt Frog...Toad?\n|-crit|p1a: Burnt Frog...Toad?\n|-damage|p1a: Burnt Frog...Toad?|44\/100\n|-enditem|p1a: Burnt Frog...Toad?|Charcoal|[from] move: Knock Off|[of] p2a: Tyranitar\n|\n|-weather|Sandstorm|[upkeep]\n|-damage|p2a: Tyranitar|49\/100|[from] move: Magma Storm|[partiallytrapped]\n|upkeep\n|turn|9\n|\n|t:|1699631150\n|move|p1a: Burnt Frog...Toad?|Earth Power|p2a: Tyranitar\n|-supereffective|p2a: Tyranitar\n|-damage|p2a: Tyranitar|29\/100\n|move|p2a: Tyranitar|Rock Blast|p1a: Burnt Frog...Toad?\n|-damage|p1a: Burnt Frog...Toad?|34\/100\n|-damage|p1a: Burnt Frog...Toad?|25\/100\n|-damage|p1a: Burnt Frog...Toad?|15\/100\n|-hitcount|p1a: Burnt Frog...Toad?|3\n|\n|-weather|Sandstorm|[upkeep]\n|-damage|p2a: Tyranitar|16\/100|[from] move: Magma Storm|[partiallytrapped]\n|upkeep\n|turn|10\n|\n|t:|1699631160\n|move|p1a: Burnt Frog...Toad?|Earth Power|p2a: Tyranitar\n|-supereffective|p2a: Tyranitar\n|-damage|p2a: Tyranitar|0 fnt\n|faint|p2a: Tyranitar\n|\n|-weather|Sandstorm|[upkeep]\n|upkeep\n|\n|t:|1699631168\n|switch|p2a: Glimmora|Glimmora, F|100\/100\n|turn|11\n|\n|t:|1699631176\n|move|p2a: Glimmora|Earth Power|p1a: Burnt Frog...Toad?\n|-supereffective|p1a: Burnt Frog...Toad?\n|-damage|p1a: Burnt Frog...Toad?|0 fnt\n|faint|p1a: Burnt Frog...Toad?\n|\n|-weather|none\n|upkeep\n|\n|t:|1699631181\n|switch|p1a: Mole Man|Excadrill, M|100\/100\n|-ability|p1a: Mole Man|Mold Breaker\n|turn|12\n|\n|t:|1699631185\n|move|p2a: Glimmora|Earth Power|p1a: Mole Man\n|-supereffective|p1a: Mole Man\n|-damage|p1a: Mole Man|10\/100\n|move|p1a: Mole Man|Earthquake|p2a: Glimmora\n|-supereffective|p2a: Glimmora\n|-damage|p2a: Glimmora|0 fnt\n|-activate|p2a: Glimmora|ability: Toxic Debris\n|-sidestart|p1: RedHoodKat|move: Toxic Spikes\n|faint|p2a: Glimmora\n|\n|upkeep\n|\n|t:|1699631188\n|switch|p2a: Aggron|Aggron, F|100\/100\n|turn|13\n|\n|t:|1699631192\n|detailschange|p2a: Aggron|Aggron-Mega, F\n|-mega|p2a: Aggron|Aggron|Aggronite\n|move|p1a: Mole Man|Brick Break|p2a: Aggron\n|-supereffective|p2a: Aggron\n|-damage|p2a: Aggron|74\/100\n|move|p2a: Aggron|Body Press|p1a: Mole Man\n|-supereffective|p1a: Mole Man\n|-damage|p1a: Mole Man|0 fnt\n|faint|p1a: Mole Man\n|\n|upkeep\n|\n|t:|1699631201\n|switch|p1a: Immortal Killer|Goodra-Hisui, F, shiny|100\/100\n|turn|14\n|\n|t:|1699631206\n|switch|p2a: Cradily|Cradily, M|47\/100\n|move|p1a: Immortal Killer|Flamethrower|p2a: Cradily\n|-damage|p2a: Cradily|22\/100\n|\n|upkeep\n|turn|15\n|\n|t:|1699631213\n|move|p1a: Immortal Killer|Flamethrower|p2a: Cradily\n|-damage|p2a: Cradily|0 fnt\n|faint|p2a: Cradily\n|\n|upkeep\n|\n|t:|1699631218\n|switch|p2a: Garganacl|Garganacl, F, tera:Ghost|72\/100\n|turn|16\n|\n|t:|1699631226\n|move|p1a: Immortal Killer|Flash Cannon|p2a: Garganacl\n|-damage|p2a: Garganacl|46\/100\n|move|p2a: Garganacl|Recover|p2a: Garganacl\n|-heal|p2a: Garganacl|96\/100\n|\n|upkeep\n|turn|17\n|\n|t:|1699631232\n|move|p1a: Immortal Killer|Flash Cannon|p2a: Garganacl\n|-damage|p2a: Garganacl|67\/100\n|move|p2a: Garganacl|Salt Cure|p1a: Immortal Killer\n|-resisted|p1a: Immortal Killer\n|-damage|p1a: Immortal Killer|94\/100\n|-start|p1a: Immortal Killer|Salt Cure\n|\n|-damage|p1a: Immortal Killer|69\/100|[from] Salt Cure\n|upkeep\n|turn|18\n|\n|t:|1699631239\n|move|p1a: Immortal Killer|Flash Cannon|p2a: Garganacl\n|-damage|p2a: Garganacl|38\/100\n|move|p2a: Garganacl|Recover|p2a: Garganacl\n|-heal|p2a: Garganacl|88\/100\n|\n|-damage|p1a: Immortal Killer|44\/100|[from] Salt Cure\n|upkeep\n|turn|19\n|\n|t:|1699631244\n|move|p1a: Immortal Killer|Flash Cannon|p2a: Garganacl\n|-damage|p2a: Garganacl|61\/100\n|move|p2a: Garganacl|Recover|p2a: Garganacl\n|-heal|p2a: Garganacl|100\/100\n|\n|-damage|p1a: Immortal Killer|19\/100|[from] Salt Cure\n|upkeep\n|turn|20\n|\n|t:|1699631251\n|move|p1a: Immortal Killer|Flash Cannon|p2a: Garganacl\n|-damage|p2a: Garganacl|74\/100\n|move|p2a: Garganacl|Recover|p2a: Garganacl\n|-heal|p2a: Garganacl|100\/100\n|\n|-damage|p1a: Immortal Killer|0 fnt|[from] Salt Cure\n|faint|p1a: Immortal Killer\n|upkeep\n|\n|t:|1699631260\n|switch|p1a: 2 Sharp|Bisharp, M, shiny|100\/100\n|turn|21\n|\n|t:|1699631265\n|switch|p2a: Aggron|Aggron-Mega, F|74\/100\n|move|p1a: 2 Sharp|Iron Head|p2a: Aggron\n|-resisted|p2a: Aggron\n|-damage|p2a: Aggron|66\/100\n|\n|upkeep\n|turn|22\n|\n|t:|1699631277\n|move|p1a: 2 Sharp|Brick Break|p2a: Aggron\n|-supereffective|p2a: Aggron\n|-damage|p2a: Aggron|49\/100\n|move|p2a: Aggron|Iron Defense|p2a: Aggron\n|-boost|p2a: Aggron|def|2\n|\n|upkeep\n|turn|23\n|\n|t:|1699631284\n|move|p1a: 2 Sharp|Brick Break|p2a: Aggron\n|-supereffective|p2a: Aggron\n|-damage|p2a: Aggron|41\/100\n|move|p2a: Aggron|Body Press|p1a: 2 Sharp\n|-supereffective|p1a: 2 Sharp\n|-crit|p1a: 2 Sharp\n|-damage|p1a: 2 Sharp|0 fnt\n|faint|p1a: 2 Sharp\n|\n|upkeep\n|\n|t:|1699631287\n|switch|p1a: Beats Paper|Scizor, M|100\/100\n|turn|24\n|\n|t:|1699631291\n|move|p1a: Beats Paper|Brick Break|p2a: Aggron\n|-supereffective|p2a: Aggron\n|-damage|p2a: Aggron|32\/100\n|move|p2a: Aggron|Iron Defense|p2a: Aggron\n|-boost|p2a: Aggron|def|2\n|\n|upkeep\n|turn|25\n|\n|t:|1699631298\n|move|p1a: Beats Paper|Brick Break|p2a: Aggron\n|-supereffective|p2a: Aggron\n|-damage|p2a: Aggron|27\/100\n|move|p2a: Aggron|Body Press|p1a: Beats Paper\n|-damage|p1a: Beats Paper|0 fnt\n|faint|p1a: Beats Paper\n|\n|win|The power of ROCK\n|c|\u2606The power of ROCK|gg :)\n","uploadtime":1699631303,"views":4,"p1id":"redhoodkat","p2id":"thepowerofrock","formatid":"gen9nationaldex","rating":0,"private":0,"password":""}