{"id":"gen9nationaldex-1998267962","p1":"buruanchuanqi","p2":"guixiyu114514","format":"[Gen 9] National Dex","log":"|html|<div class=\"broadcast-blue\"><strong>[Gen 9] National Dex is currently suspecting Sneasler! For information on how to participate check out the <a href=\"https:\/\/www.smogon.com\/forums\/threads\/sv-national-dex-suspect-8-just-dance.3731534\/\">suspect thread<\/a>.<\/strong><\/div>\n|j|\u2606buruanchuanqi\n|j|\u2606guixiyu114514\n|t:|1700922412\n|gametype|singles\n|player|p1|buruanchuanqi|flint|1368\n|player|p2|guixiyu114514|170|1357\n|teamsize|p1|6\n|teamsize|p2|6\n|gen|9\n|tier|[Gen 9] National Dex\n|rated|\n|rule|HP Percentage Mod: HP is shown in percentages\n|rule|Endless Battle Clause: Forcing endless battles is banned\n|rule|OHKO Clause: OHKO moves are banned\n|rule|Evasion Clause: Evasion abilities, items, and moves are banned\n|rule|Evasion Abilities Clause: Evasion abilities are banned\n|rule|Evasion Items Clause: Evasion items are banned\n|rule|Evasion Moves Clause: Evasion moves are banned\n|rule|Species Clause: Limit one of each Pok\u00e9mon\n|rule|Sleep Clause Mod: Limit one foe put to sleep\n|clearpoke\n|poke|p1|Weavile, F|\n|poke|p1|Greninja-*, M|\n|poke|p1|Ting-Lu|\n|poke|p1|Sableye, M|\n|poke|p1|Hydreigon, M|\n|poke|p1|Tyranitar, F|\n|poke|p2|Garchomp, M|\n|poke|p2|Tapu Lele|\n|poke|p2|Rillaboom, M|\n|poke|p2|Moltres|\n|poke|p2|Diancie|\n|poke|p2|Blaziken, F|\n|teampreview\n|\n|t:|1700922420\n|start\n|switch|p1a: Ting-Lu|Ting-Lu|100\/100\n|switch|p2a: Tapu Lele|Tapu Lele|100\/100\n|-fieldstart|move: Psychic Terrain|[from] ability: Psychic Surge|[of] p2a: Tapu Lele\n|-ability|p1a: Ting-Lu|Vessel of Ruin\n|turn|1\n|\n|t:|1700922431\n|move|p2a: Tapu Lele|Moonblast|p1a: Ting-Lu\n|-supereffective|p1a: Ting-Lu\n|-damage|p1a: Ting-Lu|0 fnt\n|faint|p1a: Ting-Lu\n|\n|upkeep\n|inactive|Battle timer is ON: inactive players will automatically lose when time's up. (requested by guixiyu114514)\n|\n|t:|1700922448\n|switch|p1a: Tyranitar|Tyranitar, F|100\/100\n|-weather|Sandstorm|[from] ability: Sand Stream|[of] p1a: Tyranitar\n|turn|2\n|\n|t:|1700922456\n|-terastallize|p1a: Tyranitar|Rock\n|move|p2a: Tapu Lele|Moonblast|p1a: Tyranitar\n|-damage|p1a: Tyranitar|54\/100\n|move|p1a: Tyranitar|Toxic|p2a: Tapu Lele\n|-status|p2a: Tapu Lele|tox\n|\n|-weather|Sandstorm|[upkeep]\n|-damage|p2a: Tapu Lele|94\/100 tox|[from] Sandstorm\n|-damage|p2a: Tapu Lele|88\/100 tox|[from] psn\n|upkeep\n|turn|3\n|\n|t:|1700922466\n|move|p2a: Tapu Lele|Moonblast|p1a: Tyranitar\n|-damage|p1a: Tyranitar|5\/100\n|move|p1a: Tyranitar|Pursuit|p2a: Tapu Lele\n|-damage|p2a: Tapu Lele|65\/100 tox\n|\n|-weather|Sandstorm|[upkeep]\n|-damage|p2a: Tapu Lele|59\/100 tox|[from] Sandstorm\n|-damage|p2a: Tapu Lele|46\/100 tox|[from] psn\n|upkeep\n|turn|4\n|\n|t:|1700922485\n|move|p2a: Tapu Lele|Moonblast|p1a: Tyranitar\n|-damage|p1a: Tyranitar|0 fnt\n|faint|p1a: Tyranitar\n|\n|-weather|Sandstorm|[upkeep]\n|-damage|p2a: Tapu Lele|40\/100 tox|[from] Sandstorm\n|-damage|p2a: Tapu Lele|21\/100 tox|[from] psn\n|upkeep\n|\n|t:|1700922496\n|switch|p1a: Greninja|Greninja, M|100\/100\n|turn|5\n|\n|t:|1700922501\n|switch|p1a: Sableye|Sableye, M|100\/100\n|move|p2a: Tapu Lele|Moonblast|p1a: Sableye\n|-supereffective|p1a: Sableye\n|-damage|p1a: Sableye|0 fnt\n|faint|p1a: Sableye\n|\n|-weather|Sandstorm|[upkeep]\n|-damage|p2a: Tapu Lele|15\/100 tox|[from] Sandstorm\n|-damage|p2a: Tapu Lele|0 fnt|[from] psn\n|faint|p2a: Tapu Lele\n|-fieldend|move: Psychic Terrain\n|upkeep\n|\n|t:|1700922513\n|switch|p2a: Blaziken|Blaziken, F|100\/100\n|switch|p1a: Weavile|Weavile, F|100\/100\n|-ability|p1a: Weavile|Pressure\n|turn|6\n|\n|t:|1700922519\n|move|p1a: Weavile|Swords Dance|p1a: Weavile\n|-boost|p1a: Weavile|atk|2\n|move|p2a: Blaziken|Hone Claws|p2a: Blaziken\n|-boost|p2a: Blaziken|atk|1\n|-boost|p2a: Blaziken|accuracy|1\n|\n|-weather|none\n|-ability|p2a: Blaziken|Speed Boost|boost\n|-boost|p2a: Blaziken|spe|1\n|upkeep\n|turn|7\n|\n|t:|1700922528\n|move|p2a: Blaziken|Stone Edge|p1a: Weavile\n|-supereffective|p1a: Weavile\n|-damage|p1a: Weavile|0 fnt\n|faint|p1a: Weavile\n|\n|-ability|p2a: Blaziken|Speed Boost|boost\n|-boost|p2a: Blaziken|spe|1\n|upkeep\n|\n|t:|1700922535\n|switch|p1a: Greninja|Greninja, M|100\/100\n|turn|8\n|\n|t:|1700922539\n|move|p1a: Greninja|Water Shuriken|p2a: Blaziken\n|-supereffective|p2a: Blaziken\n|-damage|p2a: Blaziken|72\/100\n|-supereffective|p2a: Blaziken\n|-crit|p2a: Blaziken\n|-damage|p2a: Blaziken|31\/100\n|-supereffective|p2a: Blaziken\n|-damage|p2a: Blaziken|2\/100\n|-supereffective|p2a: Blaziken\n|-crit|p2a: Blaziken\n|-damage|p2a: Blaziken|0 fnt\n|faint|p2a: Blaziken\n|-ability|p1a: Greninja|Battle Bond|boost\n|-boost|p1a: Greninja|atk|1\n|-boost|p1a: Greninja|spa|1\n|-boost|p1a: Greninja|spe|1\n|-activate|p1a: Greninja|ability: Battle Bond\n|-hitcount|p2: Blaziken|4\n|-damage|p1a: Greninja|91\/100|[from] item: Life Orb\n|\n|upkeep\n|\n|t:|1700922544\n|switch|p2a: Rillaboom|Rillaboom, M|100\/100\n|-fieldstart|move: Grassy Terrain|[from] ability: Grassy Surge|[of] p2a: Rillaboom\n|turn|9\n|\n|t:|1700922556\n|move|p2a: Rillaboom|Grassy Glide|p1a: Greninja\n|-supereffective|p1a: Greninja\n|-damage|p1a: Greninja|0 fnt\n|faint|p1a: Greninja\n|\n|upkeep\n|\n|t:|1700922562\n|switch|p1a: Hydreigon|Hydreigon, M|100\/100\n|turn|10\n|\n|t:|1700922568\n|switch|p2a: Diancie|Diancie|100\/100\n|move|p1a: Hydreigon|Dark Pulse|p2a: Diancie\n|-resisted|p2a: Diancie\n|-damage|p2a: Diancie|72\/100\n|\n|-heal|p2a: Diancie|78\/100|[from] Grassy Terrain\n|upkeep\n|turn|11\n|\n|t:|1700922575\n|detailschange|p2a: Diancie|Diancie-Mega\n|-mega|p2a: Diancie|Diancie|Diancite\n|move|p2a: Diancie|Moonblast|p1a: Hydreigon\n|-supereffective|p1a: Hydreigon\n|-damage|p1a: Hydreigon|0 fnt\n|faint|p1a: Hydreigon\n|\n|win|guixiyu114514\n|raw|buruanchuanqi's rating: 1368 &rarr; <strong>1347<\/strong><br \/>(-21 for losing)\n|raw|guixiyu114514's rating: 1357 &rarr; <strong>1378<\/strong><br \/>(+21 for winning)\n","uploadtime":1700922581,"views":0,"p1id":"buruanchuanqi","p2id":"guixiyu114514","formatid":"gen9nationaldex","rating":1347,"private":0,"password":""}