{"id":"gen9nationaldex-1992831503","p1":"Leo11123","p2":"Proman64","format":"[Gen 9] National Dex","log":"|j|\u2606Leo11123\n|j|\u2606Proman64\n|t:|1700239231\n|gametype|singles\n|player|p1|Leo11123|richboy|1323\n|player|p2|Proman64|1|1312\n|teamsize|p1|6\n|teamsize|p2|6\n|gen|9\n|tier|[Gen 9] National Dex\n|rated|\n|rule|HP Percentage Mod: HP is shown in percentages\n|rule|Endless Battle Clause: Forcing endless battles is banned\n|rule|OHKO Clause: OHKO moves are banned\n|rule|Evasion Clause: Evasion abilities, items, and moves are banned\n|rule|Evasion Abilities Clause: Evasion abilities are banned\n|rule|Evasion Items Clause: Evasion items are banned\n|rule|Evasion Moves Clause: Evasion moves are banned\n|rule|Species Clause: Limit one of each Pok\u00e9mon\n|rule|Sleep Clause Mod: Limit one foe put to sleep\n|clearpoke\n|poke|p1|Toxapex, M|\n|poke|p1|Dondozo, F|\n|poke|p1|Garganacl, M|\n|poke|p1|Sableye, F|\n|poke|p1|Clodsire, F|\n|poke|p1|Gliscor, F|\n|poke|p2|Tapu Koko|\n|poke|p2|Corviknight, F|\n|poke|p2|Gliscor, M|\n|poke|p2|Sceptile, F|\n|poke|p2|Urshifu-*, M|\n|poke|p2|Blaziken, M|\n|teampreview\n|inactive|Battle timer is ON: inactive players will automatically lose when time's up. (requested by Leo11123)\n|\n|t:|1700239243\n|start\n|switch|p1a: Garganacl|Garganacl, M|100\/100\n|switch|p2a: Tapu Koko|Tapu Koko|100\/100\n|-fieldstart|move: Electric Terrain|[from] ability: Electric Surge|[of] p2a: Tapu Koko\n|turn|1\n|\n|t:|1700239252\n|move|p2a: Tapu Koko|Volt Switch|p1a: Garganacl\n|-damage|p1a: Garganacl|65\/100\n|-damage|p2a: Tapu Koko|91\/100|[from] item: Life Orb\n|\n|t:|1700239262\n|switch|p2a: Urshifu|Urshifu-Rapid-Strike, M|100\/100|[from] Volt Switch\n|move|p1a: Garganacl|Stealth Rock|p2a: Urshifu\n|-sidestart|p2: Proman64|move: Stealth Rock\n|\n|-heal|p1a: Garganacl|71\/100|[from] item: Leftovers\n|upkeep\n|turn|2\n|\n|t:|1700239275\n|switch|p1a: Toxapex|Toxapex, M|100\/100\n|move|p2a: Urshifu|Surging Strikes|p1a: Toxapex\n|-resisted|p1a: Toxapex\n|-crit|p1a: Toxapex\n|-damage|p1a: Toxapex|92\/100\n|-resisted|p1a: Toxapex\n|-crit|p1a: Toxapex\n|-damage|p1a: Toxapex|84\/100\n|-resisted|p1a: Toxapex\n|-crit|p1a: Toxapex\n|-damage|p1a: Toxapex|76\/100\n|-hitcount|p1a: Toxapex|3\n|\n|upkeep\n|turn|3\n|\n|t:|1700239286\n|switch|p2a: Gliscor|Gliscor, M|100\/100\n|-damage|p2a: Gliscor|88\/100|[from] Stealth Rock\n|move|p1a: Toxapex|Toxic|p2a: Gliscor\n|-status|p2a: Gliscor|tox\n|\n|-heal|p2a: Gliscor|100\/100 tox|[from] ability: Poison Heal\n|upkeep\n|turn|4\n|\n|t:|1700239303\n|switch|p1a: Sableye|Sableye, F|100\/100\n|move|p2a: Gliscor|Earthquake|p1a: Sableye\n|-damage|p1a: Sableye|70\/100\n|\n|upkeep\n|turn|5\n|\n|t:|1700239310\n|detailschange|p1a: Sableye|Sableye-Mega, F\n|-mega|p1a: Sableye|Sableye|Sablenite\n|move|p2a: Gliscor|Earthquake|p1a: Sableye\n|-damage|p1a: Sableye|45\/100\n|move|p1a: Sableye|Recover|p1a: Sableye\n|-heal|p1a: Sableye|95\/100\n|\n|-fieldend|move: Electric Terrain\n|upkeep\n|turn|6\n|\n|t:|1700239326\n|move|p2a: Gliscor|Toxic|p1a: Sableye\n|move|p1a: Sableye|Toxic|p2a: Gliscor|[from]ability: Magic Bounce\n|-fail|p2a: Gliscor|tox\n|move|p1a: Sableye|Knock Off|p2a: Gliscor\n|-damage|p2a: Gliscor|82\/100 tox\n|-enditem|p2a: Gliscor|Toxic Orb|[from] move: Knock Off|[of] p1a: Sableye\n|\n|-heal|p2a: Gliscor|94\/100 tox|[from] ability: Poison Heal\n|upkeep\n|turn|7\n|\n|t:|1700239349\n|switch|p1a: Garganacl|Garganacl, M|71\/100\n|move|p2a: Gliscor|Protect||[still]\n|-fail|p2a: Gliscor\n|\n|-heal|p1a: Garganacl|78\/100|[from] item: Leftovers\n|-heal|p2a: Gliscor|100\/100 tox|[from] ability: Poison Heal\n|upkeep\n|turn|8\n|\n|t:|1700239357\n|move|p2a: Gliscor|Earthquake|p1a: Garganacl\n|-supereffective|p1a: Garganacl\n|-damage|p1a: Garganacl|35\/100\n|move|p1a: Garganacl|Salt Cure|p2a: Gliscor\n|-damage|p2a: Gliscor|92\/100 tox\n|-start|p2a: Gliscor|Salt Cure\n|\n|-heal|p1a: Garganacl|41\/100|[from] item: Leftovers\n|-heal|p2a: Gliscor|100\/100 tox|[from] ability: Poison Heal\n|-damage|p2a: Gliscor|88\/100 tox|[from] Salt Cure\n|upkeep\n|turn|9\n|\n|t:|1700239362\n|move|p1a: Garganacl|Protect|p1a: Garganacl\n|-singleturn|p1a: Garganacl|Protect\n|move|p2a: Gliscor|Earthquake|p1a: Garganacl\n|-activate|p1a: Garganacl|move: Protect\n|\n|-heal|p1a: Garganacl|48\/100|[from] item: Leftovers\n|-heal|p2a: Gliscor|100\/100 tox|[from] ability: Poison Heal\n|-damage|p2a: Gliscor|88\/100 tox|[from] Salt Cure\n|upkeep\n|turn|10\n|\n|t:|1700239366\n|move|p2a: Gliscor|Earthquake|p1a: Garganacl\n|-supereffective|p1a: Garganacl\n|-damage|p1a: Garganacl|5\/100\n|move|p1a: Garganacl|Recover|p1a: Garganacl\n|-heal|p1a: Garganacl|55\/100\n|\n|-heal|p1a: Garganacl|62\/100|[from] item: Leftovers\n|-heal|p2a: Gliscor|100\/100 tox|[from] ability: Poison Heal\n|-damage|p2a: Gliscor|88\/100 tox|[from] Salt Cure\n|upkeep\n|turn|11\n|\n|t:|1700239371\n|-terastallize|p2a: Gliscor|Ground\n|move|p1a: Garganacl|Protect|p1a: Garganacl\n|-singleturn|p1a: Garganacl|Protect\n|move|p2a: Gliscor|Earthquake|p1a: Garganacl\n|-activate|p1a: Garganacl|move: Protect\n|\n|-heal|p1a: Garganacl|68\/100|[from] item: Leftovers\n|-heal|p2a: Gliscor|100\/100 tox|[from] ability: Poison Heal\n|-damage|p2a: Gliscor|88\/100 tox|[from] Salt Cure\n|upkeep\n|turn|12\n|\n|t:|1700239382\n|switch|p1a: Gliscor|Gliscor, F|100\/100\n|move|p2a: Gliscor|Earthquake|p1a: Gliscor\n|-immune|p1a: Gliscor\n|\n|-heal|p2a: Gliscor|100\/100 tox|[from] ability: Poison Heal\n|-damage|p2a: Gliscor|88\/100 tox|[from] Salt Cure\n|-status|p1a: Gliscor|tox|[from] item: Toxic Orb\n|upkeep\n|turn|13\n|\n|t:|1700239392\n|switch|p2a: Corviknight|Corviknight, F|100\/100\n|-damage|p2a: Corviknight|88\/100|[from] Stealth Rock\n|move|p1a: Gliscor|Toxic|p2a: Corviknight\n|-immune|p2a: Corviknight\n|\n|upkeep\n|turn|14\n|\n|t:|1700239401\n|switch|p1a: Sableye|Sableye-Mega, F|95\/100\n|move|p2a: Corviknight|Defog|p1a: Sableye\n|move|p1a: Sableye|Defog|p2a: Corviknight|[from]ability: Magic Bounce\n|-ability|p2a: Corviknight|Mirror Armor\n|-unboost|p1a: Sableye|evasion|1\n|-sideend|p2: Proman64|Stealth Rock|[from] move: Defog|[of] p1a: Sableye\n|\n|upkeep\n|turn|15\n|\n|t:|1700239414\n|move|p2a: Corviknight|Brave Bird|p1a: Sableye\n|-damage|p1a: Sableye|68\/100\n|-damage|p2a: Corviknight|81\/100|[from] Recoil\n|move|p1a: Sableye|Will-O-Wisp|p2a: Corviknight\n|-status|p2a: Corviknight|brn\n|\n|-damage|p2a: Corviknight|75\/100 brn|[from] brn\n|upkeep\n|turn|16\n|\n|t:|1700239429\n|move|p2a: Corviknight|Iron Head|p1a: Sableye\n|-damage|p1a: Sableye|59\/100\n|move|p1a: Sableye|Knock Off|p2a: Corviknight\n|-damage|p2a: Corviknight|58\/100 brn\n|-damage|p1a: Sableye|42\/100|[from] item: Rocky Helmet|[of] p2a: Corviknight\n|-enditem|p2a: Corviknight|Rocky Helmet|[from] move: Knock Off|[of] p1a: Sableye\n|\n|-damage|p2a: Corviknight|52\/100 brn|[from] brn\n|upkeep\n|turn|17\n|inactive|Proman64 has 120 seconds left.\n|\n|t:|1700239461\n|switch|p2a: Blaziken|Blaziken, M|100\/100\n|move|p1a: Sableye|Recover|p1a: Sableye\n|-heal|p1a: Sableye|92\/100\n|\n|upkeep\n|turn|18\n|\n|t:|1700239471\n|move|p2a: Blaziken|Swords Dance|p2a: Blaziken\n|-boost|p2a: Blaziken|atk|2\n|move|p1a: Sableye|Knock Off|p2a: Blaziken\n|-resisted|p2a: Blaziken\n|-damage|p2a: Blaziken|77\/100\n|-enditem|p2a: Blaziken|Focus Sash|[from] move: Knock Off|[of] p1a: Sableye\n|\n|-ability|p2a: Blaziken|Speed Boost|boost\n|-boost|p2a: Blaziken|spe|1\n|upkeep\n|turn|19\n|\n|t:|1700239481\n|switch|p1a: Clodsire|Clodsire, F|100\/100\n|move|p2a: Blaziken|Blaze Kick|p1a: Clodsire\n|-damage|p1a: Clodsire|49\/100\n|\n|-ability|p2a: Blaziken|Speed Boost|boost\n|-boost|p2a: Blaziken|spe|1\n|upkeep\n|turn|20\n|\n|t:|1700239494\n|switch|p1a: Toxapex|Toxapex, M|100\/100\n|move|p2a: Blaziken|Blaze Kick|p1a: Toxapex\n|-resisted|p1a: Toxapex\n|-damage|p1a: Toxapex|62\/100\n|\n|-ability|p2a: Blaziken|Speed Boost|boost\n|-boost|p2a: Blaziken|spe|1\n|upkeep\n|turn|21\n|\n|t:|1700239507\n|move|p2a: Blaziken|Thunder Punch|p1a: Toxapex\n|-supereffective|p1a: Toxapex\n|-damage|p1a: Toxapex|0 fnt\n|faint|p1a: Toxapex\n|\n|-ability|p2a: Blaziken|Speed Boost|boost\n|-boost|p2a: Blaziken|spe|1\n|upkeep\n|inactive|Leo11123 has 120 seconds left.\n|\n|t:|1700239533\n|switch|p1a: Gliscor|Gliscor, F|100\/100 tox\n|turn|22\n|\n|t:|1700239545\n|switch|p2a: Urshifu|Urshifu-Rapid-Strike, M|100\/100\n|move|p1a: Gliscor|Toxic|p2a: Urshifu\n|-status|p2a: Urshifu|tox\n|\n|-damage|p2a: Urshifu|94\/100 tox|[from] psn\n|upkeep\n|turn|23\n|inactive|Leo11123 has 120 seconds left.\n|\n|t:|1700239560\n|switch|p2a: Tapu Koko|Tapu Koko|91\/100\n|-fieldstart|move: Electric Terrain|[from] ability: Electric Surge|[of] p2a: Tapu Koko\n|switch|p1a: Dondozo|Dondozo, F|100\/100\n|\n|upkeep\n|turn|24\n|inactive|Leo11123 has 120 seconds left.\n|\n|t:|1700239574\n|switch|p1a: Clodsire|Clodsire, F|49\/100\n|move|p2a: Tapu Koko|Dazzling Gleam|p1a: Clodsire\n|-resisted|p1a: Clodsire\n|-damage|p1a: Clodsire|37\/100\n|-damage|p2a: Tapu Koko|81\/100|[from] item: Life Orb\n|\n|upkeep\n|turn|25\n|\n|t:|1700239580\n|switch|p2a: Gliscor|Gliscor, M, tera:Ground|88\/100 tox\n|move|p1a: Clodsire|Recover|p1a: Clodsire\n|-heal|p1a: Clodsire|87\/100\n|\n|-heal|p2a: Gliscor|100\/100 tox|[from] ability: Poison Heal\n|upkeep\n|turn|26\n|\n|t:|1700239592\n|move|p2a: Gliscor|Earthquake|p1a: Clodsire\n|-supereffective|p1a: Clodsire\n|-damage|p1a: Clodsire|0 fnt\n|faint|p1a: Clodsire\n|\n|upkeep\n|\n|t:|1700239606\n|switch|p1a: Dondozo|Dondozo, F|100\/100\n|turn|27\n|\n|t:|1700239616\n|move|p2a: Gliscor|Toxic|p1a: Dondozo\n|-status|p1a: Dondozo|tox\n|move|p1a: Dondozo|Curse|p1a: Dondozo\n|-unboost|p1a: Dondozo|spe|1\n|-boost|p1a: Dondozo|atk|1\n|-boost|p1a: Dondozo|def|1\n|\n|-damage|p1a: Dondozo|94\/100 tox|[from] psn\n|-fieldend|move: Electric Terrain\n|upkeep\n|turn|28\n|\n|t:|1700239622\n|switch|p2a: Tapu Koko|Tapu Koko|81\/100\n|-fieldstart|move: Electric Terrain|[from] ability: Electric Surge|[of] p2a: Tapu Koko\n|move|p1a: Dondozo|Liquidation|p2a: Tapu Koko\n|-damage|p2a: Tapu Koko|21\/100\n|\n|-heal|p1a: Dondozo|100\/100 tox|[from] item: Leftovers\n|-damage|p1a: Dondozo|88\/100 tox|[from] psn\n|upkeep\n|turn|29\n|\n|t:|1700239634\n|-terastallize|p1a: Dondozo|Dragon\n|move|p2a: Tapu Koko|Thunderbolt|p1a: Dondozo\n|-resisted|p1a: Dondozo\n|-damage|p1a: Dondozo|56\/100 tox\n|-damage|p2a: Tapu Koko|12\/100|[from] item: Life Orb\n|move|p1a: Dondozo|Liquidation|p2a: Tapu Koko\n|-damage|p2a: Tapu Koko|0 fnt\n|faint|p2a: Tapu Koko\n|\n|-heal|p1a: Dondozo|62\/100 tox|[from] item: Leftovers\n|-damage|p1a: Dondozo|43\/100 tox|[from] psn\n|upkeep\n|\n|t:|1700239642\n|switch|p2a: Sceptile|Sceptile, F|100\/100\n|turn|30\n|\n|t:|1700239651\n|detailschange|p2a: Sceptile|Sceptile-Mega, F\n|-mega|p2a: Sceptile|Sceptile|Sceptilite\n|move|p2a: Sceptile|Dragon Pulse|p1a: Dondozo\n|-supereffective|p1a: Dondozo\n|-damage|p1a: Dondozo|0 fnt\n|faint|p1a: Dondozo\n|\n|upkeep\n|\n|t:|1700239662\n|switch|p1a: Sableye|Sableye-Mega, F|92\/100\n|turn|31\n|\n|t:|1700239666\n|move|p2a: Sceptile|Substitute|p2a: Sceptile\n|-start|p2a: Sceptile|Substitute\n|-damage|p2a: Sceptile|76\/100\n|move|p1a: Sableye|Will-O-Wisp||[still]\n|-fail|p1a: Sableye\n|\n|upkeep\n|turn|32\n|\n|t:|1700239673\n|move|p2a: Sceptile|Energy Ball|p1a: Sableye\n|-damage|p1a: Sableye|44\/100\n|move|p1a: Sableye|Knock Off|p2a: Sceptile\n|-end|p2a: Sceptile|Substitute\n|\n|-fieldend|move: Electric Terrain\n|upkeep\n|turn|33\n|\n|t:|1700239696\n|switch|p1a: Gliscor|Gliscor, F|100\/100 tox\n|move|p2a: Sceptile|Energy Ball|p1a: Gliscor\n|-damage|p1a: Gliscor|31\/100 tox\n|\n|-heal|p1a: Gliscor|44\/100 tox|[from] ability: Poison Heal\n|upkeep\n|turn|34\n|\n|t:|1700239703\n|move|p2a: Sceptile|Energy Ball|p1a: Gliscor\n|-damage|p1a: Gliscor|0 fnt\n|faint|p1a: Gliscor\n|\n|upkeep\n|-message|Leo11123 forfeited.\n|\n|win|Proman64\n|raw|Leo11123's rating: 1323 &rarr; <strong>1302<\/strong><br \/>(-21 for losing)\n|raw|Proman64's rating: 1312 &rarr; <strong>1333<\/strong><br \/>(+21 for winning)\n|l|\u2606Leo11123\n|c|\u2606Proman64|L\n","uploadtime":1700239719,"views":7,"p1id":"leo11123","p2id":"proman64","formatid":"gen9nationaldex","rating":1302,"private":0,"password":""}