{"id":"gen9nationaldex-1988878990","p1":"UrinalHair","p2":"Merobiba","format":"[Gen 9] National Dex","log":"|j|\u2606UrinalHair\n|j|\u2606Merobiba\n|t:|1699779660\n|gametype|singles\n|player|p1|UrinalHair|169|1252\n|player|p2|Merobiba|2|1174\n|teamsize|p1|6\n|teamsize|p2|6\n|gen|9\n|tier|[Gen 9] National Dex\n|rated|\n|rule|HP Percentage Mod: HP is shown in percentages\n|rule|Endless Battle Clause: Forcing endless battles is banned\n|rule|OHKO Clause: OHKO moves are banned\n|rule|Evasion Clause: Evasion abilities, items, and moves are banned\n|rule|Evasion Abilities Clause: Evasion abilities are banned\n|rule|Evasion Items Clause: Evasion items are banned\n|rule|Evasion Moves Clause: Evasion moves are banned\n|rule|Species Clause: Limit one of each Pok\u00e9mon\n|rule|Sleep Clause Mod: Limit one foe put to sleep\n|clearpoke\n|poke|p1|Tyranitar, M|\n|poke|p1|Slowbro, F|\n|poke|p1|Excadrill, F|\n|poke|p1|Gliscor, M|\n|poke|p1|Clefable, M|\n|poke|p1|Volcarona, M|\n|poke|p2|Hippowdon, F|\n|poke|p2|Excadrill, M|\n|poke|p2|Avalugg-Hisui, F|\n|poke|p2|Clodsire, M|\n|poke|p2|Diancie|\n|poke|p2|Alakazam, F|\n|teampreview\n|inactive|Battle timer is ON: inactive players will automatically lose when time's up. (requested by Merobiba)\n|\n|t:|1699779666\n|start\n|switch|p1a: Gliscor|Gliscor, M|100\/100\n|switch|p2a: Diancie|Diancie|100\/100\n|turn|1\n|\n|t:|1699779671\n|detailschange|p2a: Diancie|Diancie-Mega\n|-mega|p2a: Diancie|Diancie|Diancite\n|move|p2a: Diancie|Hidden Power|p1a: Gliscor\n|-supereffective|p1a: Gliscor\n|-damage|p1a: Gliscor|18\/100\n|move|p1a: Gliscor|Earthquake|p2a: Diancie\n|-supereffective|p2a: Diancie\n|-damage|p2a: Diancie|11\/100\n|\n|-status|p1a: Gliscor|tox|[from] item: Toxic Orb\n|upkeep\n|turn|2\n|\n|t:|1699779691\n|switch|p1a: Slowbro|Slowbro, F|100\/100\n|move|p2a: Diancie|Draining Kiss|p1a: Slowbro\n|-damage|p1a: Slowbro|66\/100\n|-heal|p2a: Diancie|53\/100|[from] drain|[of] p1a: Slowbro\n|\n|upkeep\n|turn|3\n|\n|t:|1699779701\n|switch|p2a: Clodsire|Clodsire, M|100\/100\n|move|p1a: Slowbro|Scald|p2a: Clodsire\n|-immune|p2a: Clodsire|[from] ability: Water Absorb\n|\n|upkeep\n|turn|4\n|\n|t:|1699779707\n|move|p1a: Slowbro|Future Sight|p2a: Clodsire\n|-start|p1a: Slowbro|move: Future Sight\n|move|p2a: Clodsire|Toxic|p1a: Slowbro\n|-status|p1a: Slowbro|tox\n|\n|-damage|p1a: Slowbro|60\/100 tox|[from] psn\n|upkeep\n|turn|5\n|\n|t:|1699779712\n|move|p2a: Clodsire|Stealth Rock|p1a: Slowbro\n|-sidestart|p1: UrinalHair|move: Stealth Rock\n|move|p1a: Slowbro|Teleport|p1a: Slowbro\n|\n|t:|1699779716\n|switch|p1a: Gliscor|Gliscor, M|18\/100 tox|[from] Teleport\n|-damage|p1a: Gliscor|5\/100 tox|[from] Stealth Rock\n|\n|-heal|p1a: Gliscor|18\/100 tox|[from] ability: Poison Heal\n|upkeep\n|turn|6\n|\n|t:|1699779720\n|switch|p2a: Hippowdon|Hippowdon, F|100\/100\n|-weather|Sandstorm|[from] ability: Sand Stream|[of] p2a: Hippowdon\n|move|p1a: Gliscor|Roost|p1a: Gliscor\n|-heal|p1a: Gliscor|68\/100 tox\n|-singleturn|p1a: Gliscor|move: Roost\n|\n|-weather|Sandstorm|[upkeep]\n|-end|p2a: Hippowdon|move: Future Sight\n|-damage|p2a: Hippowdon|71\/100\n|-heal|p1a: Gliscor|80\/100 tox|[from] ability: Poison Heal\n|upkeep\n|turn|7\n|\n|t:|1699779730\n|switch|p2a: Avalugg|Avalugg-Hisui, F|100\/100\n|move|p1a: Gliscor|Defog|p2a: Avalugg\n|-unboost|p2a: Avalugg|evasion|1\n|-sideend|p1: UrinalHair|Stealth Rock|[from] move: Defog|[of] p1a: Gliscor\n|\n|-weather|Sandstorm|[upkeep]\n|-heal|p1a: Gliscor|93\/100 tox|[from] ability: Poison Heal\n|upkeep\n|turn|8\n|\n|t:|1699779742\n|move|p1a: Gliscor|U-turn|p2a: Avalugg\n|-damage|p2a: Avalugg|95\/100\n|\n|t:|1699779751\n|switch|p1a: Volcarona|Volcarona, M|100\/100|[from] U-turn\n|move|p2a: Avalugg|Avalanche|p1a: Volcarona\n|-resisted|p1a: Volcarona\n|-damage|p1a: Volcarona|81\/100\n|\n|-weather|Sandstorm|[upkeep]\n|-damage|p1a: Volcarona|74\/100|[from] Sandstorm\n|upkeep\n|turn|9\n|\n|t:|1699779760\n|switch|p2a: Clodsire|Clodsire, M|100\/100\n|move|p1a: Volcarona|Quiver Dance|p1a: Volcarona\n|-boost|p1a: Volcarona|spa|1\n|-boost|p1a: Volcarona|spd|1\n|-boost|p1a: Volcarona|spe|1\n|\n|-weather|Sandstorm|[upkeep]\n|-damage|p1a: Volcarona|68\/100|[from] Sandstorm\n|upkeep\n|turn|10\n|\n|t:|1699779768\n|-terastallize|p1a: Volcarona|Grass\n|move|p1a: Volcarona|Giga Drain|p2a: Clodsire\n|-damage|p2a: Clodsire|65\/100\n|-heal|p1a: Volcarona|95\/100|[from] drain|[of] p2a: Clodsire\n|move|p2a: Clodsire|Gunk Shot|p1a: Volcarona\n|-supereffective|p1a: Volcarona\n|-damage|p1a: Volcarona|0 fnt\n|faint|p1a: Volcarona\n|\n|-weather|Sandstorm|[upkeep]\n|-heal|p2a: Clodsire|72\/100|[from] item: Black Sludge\n|upkeep\n|c|\u2606UrinalHair|jackshit damage\n|\n|t:|1699779789\n|switch|p1a: Tyranitar|Tyranitar, M|100\/100\n|turn|11\n|\n|t:|1699779792\n|switch|p2a: Avalugg|Avalugg-Hisui, F|95\/100\n|detailschange|p1a: Tyranitar|Tyranitar-Mega, M\n|-mega|p1a: Tyranitar|Tyranitar|Tyranitarite\n|move|p1a: Tyranitar|Dragon Dance|p1a: Tyranitar\n|-boost|p1a: Tyranitar|atk|1\n|-boost|p1a: Tyranitar|spe|1\n|\n|-weather|Sandstorm|[upkeep]\n|upkeep\n|turn|12\n|\n|t:|1699779804\n|move|p1a: Tyranitar|Stone Edge|p2a: Avalugg\n|-supereffective|p2a: Avalugg\n|-damage|p2a: Avalugg|19\/100\n|move|p2a: Avalugg|Body Press|p1a: Tyranitar\n|-supereffective|p1a: Tyranitar\n|-crit|p1a: Tyranitar\n|-damage|p1a: Tyranitar|0 fnt\n|faint|p1a: Tyranitar\n|\n|-weather|Sandstorm|[upkeep]\n|upkeep\n|\n|t:|1699779811\n|switch|p1a: Excadrill|Excadrill, F|100\/100\n|turn|13\n|\n|t:|1699779816\n|move|p1a: Excadrill|Swords Dance|p1a: Excadrill\n|-boost|p1a: Excadrill|atk|2\n|move|p2a: Avalugg|Body Press|p1a: Excadrill\n|-supereffective|p1a: Excadrill\n|-enditem|p1a: Excadrill|Focus Sash\n|-damage|p1a: Excadrill|1\/100\n|\n|-weather|none\n|upkeep\n|turn|14\n|\n|t:|1699779822\n|move|p1a: Excadrill|Earthquake|p2a: Avalugg\n|-supereffective|p2a: Avalugg\n|-damage|p2a: Avalugg|0 fnt\n|faint|p2a: Avalugg\n|\n|upkeep\n|\n|t:|1699779827\n|switch|p2a: Hippowdon|Hippowdon, F|71\/100\n|-weather|Sandstorm|[from] ability: Sand Stream|[of] p2a: Hippowdon\n|turn|15\n|\n|t:|1699779833\n|move|p1a: Excadrill|Earthquake|p2a: Hippowdon\n|-damage|p2a: Hippowdon|0 fnt\n|faint|p2a: Hippowdon\n|\n|-weather|Sandstorm|[upkeep]\n|upkeep\n|\n|t:|1699779838\n|switch|p2a: Excadrill|Excadrill, M|100\/100\n|turn|16\n|\n|t:|1699779842\n|move|p1a: Excadrill|Earthquake|p2a: Excadrill\n|-supereffective|p2a: Excadrill\n|-damage|p2a: Excadrill|0 fnt\n|faint|p2a: Excadrill\n|\n|-weather|Sandstorm|[upkeep]\n|upkeep\n|\n|t:|1699779851\n|switch|p2a: Clodsire|Clodsire, M|72\/100\n|turn|17\n|\n|t:|1699779854\n|move|p1a: Excadrill|Earthquake|p2a: Clodsire\n|-supereffective|p2a: Clodsire\n|-damage|p2a: Clodsire|0 fnt\n|faint|p2a: Clodsire\n|\n|-weather|Sandstorm|[upkeep]\n|upkeep\n|c|\u2606UrinalHair|gg\n|-message|Merobiba forfeited.\n|\n|win|UrinalHair\n|raw|UrinalHair's rating: 1252 &rarr; <strong>1273<\/strong><br \/>(+21 for winning)\n|raw|Merobiba's rating: 1196 &rarr; <strong>1175<\/strong><br \/>(-21 for losing)\n|l|\u2606Merobiba\n","uploadtime":1699779863,"views":4,"p1id":"urinalhair","p2id":"merobiba","formatid":"gen9nationaldex","rating":1175,"private":0,"password":""}