{"id":"gen9nationaldex-1988719698","p1":"xxxx123","p2":"johim","format":"[Gen 9] National Dex","log":"|j|\u2606xxxx123\n|j|\u2606johim\n|t:|1699754591\n|gametype|singles\n|player|p1|xxxx123|clown|1392\n|player|p2|johim|riley|1301\n|teamsize|p1|6\n|teamsize|p2|6\n|gen|9\n|tier|[Gen 9] National Dex\n|rated|\n|rule|HP Percentage Mod: HP is shown in percentages\n|rule|Endless Battle Clause: Forcing endless battles is banned\n|rule|OHKO Clause: OHKO moves are banned\n|rule|Evasion Clause: Evasion abilities, items, and moves are banned\n|rule|Evasion Abilities Clause: Evasion abilities are banned\n|rule|Evasion Items Clause: Evasion items are banned\n|rule|Evasion Moves Clause: Evasion moves are banned\n|rule|Species Clause: Limit one of each Pok\u00e9mon\n|rule|Sleep Clause Mod: Limit one foe put to sleep\n|clearpoke\n|poke|p1|Iron Hands|\n|poke|p1|Iron Thorns|\n|poke|p1|Iron Valiant|\n|poke|p1|Iron Moth|\n|poke|p1|Iron Treads|\n|poke|p1|Iron Jugulis|\n|poke|p2|Charizard, M|\n|poke|p2|Rhydon, M|\n|poke|p2|Cloyster, M|\n|poke|p2|Crobat, M|\n|poke|p2|Magneton|\n|poke|p2|Hitmonlee, M|\n|teampreview\n|inactive|Battle timer is ON: inactive players will automatically lose when time's up. (requested by xxxx123)\n|\n|t:|1699754608\n|start\n|switch|p1a: Iron Jugulis|Iron Jugulis|100\/100\n|switch|p2a: Charizard|Charizard, M|100\/100\n|-enditem|p1a: Iron Jugulis|Booster Energy\n|-activate|p1a: Iron Jugulis|ability: Quark Drive|[fromitem]\n|-start|p1a: Iron Jugulis|quarkdrivespe\n|turn|1\n|j| Bayern72915\n|\n|t:|1699754615\n|detailschange|p2a: Charizard|Charizard-Mega-Y, M\n|-mega|p2a: Charizard|Charizard|Charizardite Y\n|-weather|SunnyDay|[from] ability: Drought|[of] p2a: Charizard\n|move|p1a: Iron Jugulis|Dark Pulse|p2a: Charizard\n|-damage|p2a: Charizard|61\/100\n|move|p2a: Charizard|Fire Blast|p1a: Iron Jugulis\n|-damage|p1a: Iron Jugulis|0 fnt\n|faint|p1a: Iron Jugulis\n|-end|p1a: Iron Jugulis|Quark Drive|[silent]\n|\n|-weather|SunnyDay|[upkeep]\n|upkeep\n|\n|t:|1699754627\n|switch|p1a: Iron Thorns|Iron Thorns|100\/100\n|turn|2\n|\n|t:|1699754629\n|-terastallize|p1a: Iron Thorns|Bug\n|move|p2a: Charizard|Scorching Sands|p1a: Iron Thorns\n|-resisted|p1a: Iron Thorns\n|-damage|p1a: Iron Thorns|84\/100\n|-status|p1a: Iron Thorns|brn\n|move|p1a: Iron Thorns|Dragon Dance|p1a: Iron Thorns\n|-boost|p1a: Iron Thorns|atk|1\n|-boost|p1a: Iron Thorns|spe|1\n|\n|-weather|SunnyDay|[upkeep]\n|-damage|p1a: Iron Thorns|78\/100 brn|[from] brn\n|upkeep\n|turn|3\n|\n|t:|1699754637\n|move|p1a: Iron Thorns|Dragon Dance|p1a: Iron Thorns\n|-boost|p1a: Iron Thorns|atk|1\n|-boost|p1a: Iron Thorns|spe|1\n|move|p2a: Charizard|Fire Blast|p1a: Iron Thorns\n|-supereffective|p1a: Iron Thorns\n|-crit|p1a: Iron Thorns\n|-damage|p1a: Iron Thorns|0 fnt\n|faint|p1a: Iron Thorns\n|-end|p1a: Iron Thorns|Quark Drive|[silent]\n|\n|-weather|SunnyDay|[upkeep]\n|upkeep\n|\n|t:|1699754644\n|switch|p1a: Iron Hands|Iron Hands|100\/100\n|turn|4\n|\n|t:|1699754648\n|move|p2a: Charizard|Fire Blast|p1a: Iron Hands|[miss]\n|-miss|p2a: Charizard|p1a: Iron Hands\n|move|p1a: Iron Hands|Belly Drum|p1a: Iron Hands\n|-damage|p1a: Iron Hands|50\/100\n|-setboost|p1a: Iron Hands|atk|6|[from] move: Belly Drum\n|-enditem|p1a: Iron Hands|Sitrus Berry|[eat]\n|-heal|p1a: Iron Hands|75\/100|[from] item: Sitrus Berry\n|\n|-weather|SunnyDay|[upkeep]\n|upkeep\n|turn|5\n|\n|t:|1699754654\n|move|p2a: Charizard|Fire Blast|p1a: Iron Hands\n|-damage|p1a: Iron Hands|0 fnt\n|faint|p1a: Iron Hands\n|-end|p1a: Iron Hands|Quark Drive|[silent]\n|\n|-weather|none\n|upkeep\n|-message|xxxx123 forfeited.\n|\n|win|johim\n|raw|xxxx123's rating: 1392 &rarr; <strong>1367<\/strong><br \/>(-25 for losing)\n|raw|johim's rating: 1301 &rarr; <strong>1326<\/strong><br \/>(+25 for winning)\n|l|\u2606xxxx123\n","uploadtime":1699754666,"views":4,"p1id":"xxxx123","p2id":"johim","formatid":"gen9nationaldex","rating":1326,"private":0,"password":""}