{"id":"gen9nationaldex-1995182313","p1":"KyosukeKamijou","p2":"Maxer59","format":"[Gen 9] National Dex","log":"|html|<div class=\"broadcast-blue\"><strong>[Gen 9] National Dex is currently suspecting Sneasler! For information on how to participate check out the <a href=\"https:\/\/www.smogon.com\/forums\/threads\/sv-national-dex-suspect-8-just-dance.3731534\/\">suspect thread<\/a>.<\/strong><\/div>\n|j|\u2606KyosukeKamijou\n|j|\u2606Maxer59\n|t:|1700531808\n|gametype|singles\n|player|p1|KyosukeKamijou|ghetsis|1324\n|player|p2|Maxer59|lucas|1222\n|teamsize|p1|6\n|teamsize|p2|6\n|gen|9\n|tier|[Gen 9] National Dex\n|rated|\n|rule|HP Percentage Mod: HP is shown in percentages\n|rule|Endless Battle Clause: Forcing endless battles is banned\n|rule|OHKO Clause: OHKO moves are banned\n|rule|Evasion Clause: Evasion abilities, items, and moves are banned\n|rule|Evasion Abilities Clause: Evasion abilities are banned\n|rule|Evasion Items Clause: Evasion items are banned\n|rule|Evasion Moves Clause: Evasion moves are banned\n|rule|Species Clause: Limit one of each Pok\u00e9mon\n|rule|Sleep Clause Mod: Limit one foe put to sleep\n|clearpoke\n|poke|p1|Kommo-o, M|\n|poke|p1|Great Tusk|\n|poke|p1|Ogerpon-Cornerstone, F|\n|poke|p1|Charizard, M|\n|poke|p1|Greninja-*, M|\n|poke|p1|Frosmoth, F|\n|poke|p2|Pikachu, F|\n|poke|p2|Gallade, M|\n|poke|p2|Crawdaunt, F|\n|poke|p2|Tornadus-Therian, M|\n|poke|p2|Iron Treads|\n|poke|p2|Tapu Koko|\n|teampreview\n|inactive|Battle timer is ON: inactive players will automatically lose when time's up. (requested by Maxer59)\n|\n|t:|1700531827\n|start\n|switch|p1a: Change Dragon|Charizard, M|100\/100\n|switch|p2a: PikaGOD|Pikachu, F|100\/100\n|turn|1\n|\n|t:|1700531838\n|switch|p1a: Mammothranger|Great Tusk|100\/100\n|-terastallize|p2a: PikaGOD|Normal\n|move|p2a: PikaGOD|Fake Out|p1a: Mammothranger\n|-damage|p1a: Mammothranger|80\/100\n|\n|upkeep\n|turn|2\n|\n|t:|1700531850\n|switch|p2a: Peak of evolution|Crawdaunt, F|100\/100\n|move|p1a: Mammothranger|Rock Slide|p2a: Peak of evolution\n|-damage|p2a: Peak of evolution|65\/100\n|\n|upkeep\n|turn|3\n|\n|t:|1700531858\n|-end|p1a: Mammothranger|Protosynthesis|[silent]\n|switch|p1a: Change Dragon|Charizard, M|100\/100\n|move|p2a: Peak of evolution|Crabhammer|p1a: Change Dragon\n|-supereffective|p1a: Change Dragon\n|-damage|p1a: Change Dragon|0 fnt\n|faint|p1a: Change Dragon\n|\n|upkeep\n|\n|t:|1700531866\n|switch|p1a: Ninja Black|Greninja, M, shiny|100\/100\n|turn|4\n|\n|t:|1700531870\n|move|p1a: Ninja Black|Grass Knot|p2a: Peak of evolution\n|-start|p1a: Ninja Black|typechange|Grass|[from] ability: Protean\n|-supereffective|p2a: Peak of evolution\n|-damage|p2a: Peak of evolution|0 fnt\n|faint|p2a: Peak of evolution\n|\n|upkeep\n|\n|t:|1700531879\n|switch|p2a: Tornadus|Tornadus-Therian, M|100\/100\n|turn|5\n|\n|t:|1700531902\n|switch|p1a: PapillonOhger|Frosmoth, F|100\/100\n|move|p2a: Tornadus|U-turn|p1a: PapillonOhger\n|-damage|p1a: PapillonOhger|76\/100\n|\n|t:|1700531911\n|switch|p2a: Tapu Koko|Tapu Koko|100\/100|[from] U-turn\n|-fieldstart|move: Electric Terrain|[from] ability: Electric Surge|[of] p2a: Tapu Koko\n|\n|upkeep\n|turn|6\n|\n|t:|1700531916\n|switch|p1a: Mammothranger|Great Tusk|80\/100\n|move|p2a: Tapu Koko|Wild Charge|p1a: Mammothranger\n|-immune|p1a: Mammothranger\n|\n|upkeep\n|turn|7\n|\n|t:|1700531922\n|move|p1a: Mammothranger|Rock Slide|p2a: Tapu Koko\n|-damage|p2a: Tapu Koko|62\/100\n|move|p2a: Tapu Koko|U-turn|p1a: Mammothranger\n|-resisted|p1a: Mammothranger\n|-damage|p1a: Mammothranger|71\/100\n|\n|t:|1700531927\n|switch|p2a: Iron Treads|Iron Treads|100\/100|[from] U-turn\n|-activate|p2a: Iron Treads|ability: Quark Drive\n|-start|p2a: Iron Treads|quarkdrivespe\n|\n|upkeep\n|turn|8\n|\n|t:|1700531937\n|-end|p1a: Mammothranger|Protosynthesis|[silent]\n|switch|p1a: Ninja Black|Greninja, M, shiny|100\/100\n|move|p2a: Iron Treads|Steel Roller|p1a: Ninja Black\n|-resisted|p1a: Ninja Black\n|-crit|p1a: Ninja Black\n|-damage|p1a: Ninja Black|23\/100\n|-fieldend|move: Electric Terrain\n|-end|p2a: Iron Treads|Quark Drive\n|-enditem|p2a: Iron Treads|Booster Energy\n|-activate|p2a: Iron Treads|ability: Quark Drive|[fromitem]\n|-start|p2a: Iron Treads|quarkdrivespe\n|\n|upkeep\n|turn|9\n|\n|t:|1700531950\n|move|p1a: Ninja Black|Water Shuriken|p2a: Iron Treads\n|-start|p1a: Ninja Black|typechange|Water|[from] ability: Protean\n|-supereffective|p2a: Iron Treads\n|-damage|p2a: Iron Treads|74\/100\n|-supereffective|p2a: Iron Treads\n|-damage|p2a: Iron Treads|45\/100\n|-supereffective|p2a: Iron Treads\n|-damage|p2a: Iron Treads|14\/100\n|-hitcount|p2a: Iron Treads|3\n|move|p2a: Iron Treads|Earthquake|p1a: Ninja Black\n|-damage|p1a: Ninja Black|0 fnt\n|faint|p1a: Ninja Black\n|\n|upkeep\n|\n|t:|1700531963\n|switch|p1a: Onisister|Ogerpon-Cornerstone, F|100\/100\n|turn|10\n|\n|t:|1700531969\n|move|p1a: Onisister|Spiky Shield|p1a: Onisister\n|-singleturn|p1a: Onisister|move: Protect\n|move|p2a: Iron Treads|Earthquake|p1a: Onisister\n|-activate|p1a: Onisister|move: Protect\n|\n|upkeep\n|turn|11\n|\n|t:|1700531975\n|move|p2a: Iron Treads|Heavy Slam|p1a: Onisister\n|-supereffective|p1a: Onisister\n|-ability|p1a: Onisister|Sturdy\n|-damage|p1a: Onisister|1\/100\n|move|p1a: Onisister|Horn Leech|p2a: Iron Treads\n|-damage|p2a: Iron Treads|0 fnt\n|-heal|p1a: Onisister|7\/100|[from] drain|[of] p2a: Iron Treads\n|faint|p2a: Iron Treads\n|-end|p2a: Iron Treads|Quark Drive|[silent]\n|\n|upkeep\n|\n|t:|1700531985\n|switch|p2a: Tapu Koko|Tapu Koko|62\/100\n|-fieldstart|move: Electric Terrain|[from] ability: Electric Surge|[of] p2a: Tapu Koko\n|turn|12\n|\n|t:|1700531990\n|move|p1a: Onisister|Spiky Shield|p1a: Onisister\n|-singleturn|p1a: Onisister|move: Protect\n|move|p2a: Tapu Koko|U-turn|p1a: Onisister\n|-activate|p1a: Onisister|move: Protect\n|-damage|p2a: Tapu Koko|50\/100|[from] Spiky Shield|[of] p1a: Onisister\n|\n|upkeep\n|turn|13\n|\n|t:|1700531998\n|switch|p1a: Mammothranger|Great Tusk|71\/100\n|move|p2a: Tapu Koko|U-turn|p1a: Mammothranger\n|-resisted|p1a: Mammothranger\n|-damage|p1a: Mammothranger|64\/100\n|\n|t:|1700532002\n|switch|p2a: Excalibur is ZZZ|Gallade, M|100\/100|[from] U-turn\n|\n|upkeep\n|turn|14\n|\n|t:|1700532010\n|move|p1a: Mammothranger|Ice Spinner|p2a: Excalibur is ZZZ\n|-damage|p2a: Excalibur is ZZZ|56\/100\n|-fieldend|move: Electric Terrain\n|move|p2a: Excalibur is ZZZ|Psycho Cut|p1a: Mammothranger\n|-supereffective|p1a: Mammothranger\n|-damage|p1a: Mammothranger|0 fnt\n|faint|p1a: Mammothranger\n|-end|p1a: Mammothranger|Protosynthesis|[silent]\n|\n|upkeep\n|\n|t:|1700532019\n|switch|p1a: PapillonOhger|Frosmoth, F|76\/100\n|turn|15\n|\n|t:|1700532023\n|move|p2a: Excalibur is ZZZ|Psycho Cut|p1a: PapillonOhger\n|-damage|p1a: PapillonOhger|0 fnt\n|faint|p1a: PapillonOhger\n|\n|upkeep\n|\n|t:|1700532027\n|switch|p1a: Ryuranger|Kommo-o, M|100\/100\n|turn|16\n|\n|t:|1700532031\n|move|p2a: Excalibur is ZZZ|Psycho Cut|p1a: Ryuranger\n|-supereffective|p1a: Ryuranger\n|-damage|p1a: Ryuranger|0 fnt\n|faint|p1a: Ryuranger\n|\n|upkeep\n|\n|t:|1700532035\n|switch|p1a: Onisister|Ogerpon-Cornerstone, F|7\/100\n|turn|17\n|\n|t:|1700532038\n|move|p2a: Excalibur is ZZZ|Psycho Cut|p1a: Onisister\n|-damage|p1a: Onisister|0 fnt\n|faint|p1a: Onisister\n|\n|win|Maxer59\n|raw|KyosukeKamijou's rating: 1324 &rarr; <strong>1298<\/strong><br \/>(-26 for losing)\n|raw|Maxer59's rating: 1222 &rarr; <strong>1254<\/strong><br \/>(+32 for winning)\n","uploadtime":1700532041,"views":18,"p1id":"kyosukekamijou","p2id":"maxer59","formatid":"gen9nationaldex","rating":1254,"private":0,"password":""}