{"id":"gen9nationaldex-1998124391","p1":"jojomix","p2":"suijidyh666","format":"[Gen 9] National Dex","log":"|html|<div class=\"broadcast-blue\"><strong>[Gen 9] National Dex is currently suspecting Sneasler! For information on how to participate check out the <a href=\"https:\/\/www.smogon.com\/forums\/threads\/sv-national-dex-suspect-8-just-dance.3731534\/\">suspect thread<\/a>.<\/strong><\/div>\n|j|\u2606jojomix\n|j|\u2606suijidyh666\n|t:|1700895740\n|gametype|singles\n|player|p1|jojomix|dragontamer|1068\n|player|p2|suijidyh666|li|1012\n|teamsize|p1|6\n|teamsize|p2|6\n|gen|9\n|tier|[Gen 9] National Dex\n|rated|\n|rule|HP Percentage Mod: HP is shown in percentages\n|rule|Endless Battle Clause: Forcing endless battles is banned\n|rule|OHKO Clause: OHKO moves are banned\n|rule|Evasion Clause: Evasion abilities, items, and moves are banned\n|rule|Evasion Abilities Clause: Evasion abilities are banned\n|rule|Evasion Items Clause: Evasion items are banned\n|rule|Evasion Moves Clause: Evasion moves are banned\n|rule|Species Clause: Limit one of each Pok\u00e9mon\n|rule|Sleep Clause Mod: Limit one foe put to sleep\n|clearpoke\n|poke|p1|Gardevoir, M|\n|poke|p1|Hatterene, F|\n|poke|p1|Ferrothorn, F|\n|poke|p1|Cloyster, M|\n|poke|p1|Skeledirge, F|\n|poke|p1|Gliscor, F|\n|poke|p2|Manaphy|\n|poke|p2|Beedrill, F|\n|poke|p2|Kommo-o, F|\n|poke|p2|Heatran, F|\n|poke|p2|Volcanion|\n|poke|p2|Pelipper, M|\n|teampreview\n|inactive|Battle timer is ON: inactive players will automatically lose when time's up. (requested by suijidyh666)\n|\n|t:|1700895751\n|start\n|switch|p1a: Hatty|Hatterene, F, shiny|100\/100\n|switch|p2a: Pelipper|Pelipper, M, shiny|100\/100\n|-weather|RainDance|[from] ability: Drizzle|[of] p2a: Pelipper\n|turn|1\n|\n|t:|1700895759\n|move|p2a: Pelipper|U-turn|p1a: Hatty\n|-damage|p1a: Hatty|90\/100\n|\n|t:|1700895767\n|switch|p2a: Volcanion|Volcanion|100\/100|[from] U-turn\n|move|p1a: Hatty|Trick Room|p1a: Hatty\n|-fieldstart|move: Trick Room|[of] p1a: Hatty\n|\n|-weather|RainDance|[upkeep]\n|upkeep\n|turn|2\n|\n|t:|1700895776\n|move|p1a: Hatty|Light Screen|p1a: Hatty\n|-sidestart|p1: jojomix|move: Light Screen\n|move|p2a: Volcanion|Steam Eruption|p1a: Hatty\n|-damage|p1a: Hatty|55\/100\n|\n|-weather|RainDance|[upkeep]\n|upkeep\n|turn|3\n|\n|t:|1700895782\n|move|p1a: Hatty|Reflect|p1a: Hatty\n|-sidestart|p1: jojomix|Reflect\n|move|p2a: Volcanion|Steam Eruption|p1a: Hatty\n|-damage|p1a: Hatty|21\/100\n|\n|-weather|RainDance|[upkeep]\n|upkeep\n|turn|4\n|\n|t:|1700895802\n|switch|p1a: Cloyster|Cloyster, M|100\/100\n|move|p2a: Volcanion|Steam Eruption|p1a: Cloyster\n|-resisted|p1a: Cloyster\n|-damage|p1a: Cloyster|34\/100\n|-status|p1a: Cloyster|brn\n|\n|-weather|RainDance|[upkeep]\n|-damage|p1a: Cloyster|28\/100 brn|[from] brn\n|upkeep\n|turn|5\n|\n|t:|1700895814\n|move|p1a: Cloyster|Rock Blast|p2a: Volcanion\n|-supereffective|p2a: Volcanion\n|-damage|p2a: Volcanion|93\/100\n|-supereffective|p2a: Volcanion\n|-damage|p2a: Volcanion|85\/100\n|-supereffective|p2a: Volcanion\n|-damage|p2a: Volcanion|78\/100\n|-supereffective|p2a: Volcanion\n|-damage|p2a: Volcanion|71\/100\n|-supereffective|p2a: Volcanion\n|-damage|p2a: Volcanion|63\/100\n|-hitcount|p2a: Volcanion|5\n|-heal|p1a: Cloyster|34\/100 brn|[from] item: Shell Bell|[of] p2a: Volcanion\n|move|p2a: Volcanion|Steam Eruption|p1a: Cloyster\n|-resisted|p1a: Cloyster\n|-damage|p1a: Cloyster|0 fnt\n|faint|p1a: Cloyster\n|\n|-weather|RainDance|[upkeep]\n|-fieldend|move: Trick Room\n|upkeep\n|\n|t:|1700895839\n|switch|p1a: Gardevoir|Gardevoir, M|100\/100\n|turn|6\n|\n|t:|1700895847\n|detailschange|p1a: Gardevoir|Gardevoir-Mega, M\n|-mega|p1a: Gardevoir|Gardevoir|Gardevoirite\n|move|p1a: Gardevoir|Hyper Voice|p2a: Volcanion\n|-resisted|p2a: Volcanion\n|-damage|p2a: Volcanion|19\/100\n|move|p2a: Volcanion|Steam Eruption|p1a: Gardevoir\n|-damage|p1a: Gardevoir|56\/100\n|-status|p1a: Gardevoir|brn\n|\n|-weather|RainDance|[upkeep]\n|-damage|p1a: Gardevoir|50\/100 brn|[from] brn\n|upkeep\n|turn|7\n|\n|t:|1700895864\n|move|p1a: Gardevoir|Hyper Voice|p2a: Volcanion\n|-resisted|p2a: Volcanion\n|-damage|p2a: Volcanion|0 fnt\n|faint|p2a: Volcanion\n|\n|-weather|RainDance|[upkeep]\n|-damage|p1a: Gardevoir|44\/100 brn|[from] brn\n|upkeep\n|\n|t:|1700895872\n|switch|p2a: Beedrill|Beedrill, F|100\/100\n|turn|8\n|\n|t:|1700895876\n|switch|p1a: Ferrothorn|Ferrothorn, F, shiny|100\/100\n|detailschange|p2a: Beedrill|Beedrill-Mega, F\n|-mega|p2a: Beedrill|Beedrill|Beedrillite\n|move|p2a: Beedrill|Poison Jab|p1a: Ferrothorn\n|-immune|p1a: Ferrothorn\n|\n|-weather|none\n|upkeep\n|turn|9\n|\n|t:|1700895886\n|move|p2a: Beedrill|Knock Off|p1a: Ferrothorn\n|-damage|p1a: Ferrothorn|90\/100\n|-damage|p2a: Beedrill|88\/100|[from] ability: Iron Barbs|[of] p1a: Ferrothorn\n|-enditem|p1a: Ferrothorn|Leftovers|[from] move: Knock Off|[of] p2a: Beedrill\n|move|p1a: Ferrothorn|Stealth Rock|p2a: Beedrill\n|-sidestart|p2: suijidyh666|move: Stealth Rock\n|\n|-sideend|p1: jojomix|move: Light Screen\n|upkeep\n|turn|10\n|\n|t:|1700895896\n|move|p2a: Beedrill|U-turn|p1a: Ferrothorn\n|-damage|p1a: Ferrothorn|75\/100\n|-damage|p2a: Beedrill|76\/100|[from] ability: Iron Barbs|[of] p1a: Ferrothorn\n|\n|t:|1700895904\n|switch|p2a: Heatran|Heatran, F|100\/100|[from] U-turn\n|-damage|p2a: Heatran|88\/100|[from] Stealth Rock\n|-item|p2a: Heatran|Air Balloon\n|move|p1a: Ferrothorn|Spikes|p2a: Heatran\n|-sidestart|p2: suijidyh666|Spikes\n|\n|-sideend|p1: jojomix|Reflect\n|upkeep\n|turn|11\n|\n|t:|1700895915\n|move|p2a: Heatran|Taunt|p1a: Ferrothorn\n|-start|p1a: Ferrothorn|move: Taunt\n|cant|p1a: Ferrothorn|move: Taunt|Leech Seed\n|\n|upkeep\n|turn|12\n|\n|t:|1700895920\n|move|p2a: Heatran|Magma Storm|p1a: Ferrothorn\n|-supereffective|p1a: Ferrothorn\n|-damage|p1a: Ferrothorn|0 fnt\n|faint|p1a: Ferrothorn\n|\n|upkeep\n|\n|t:|1700895926\n|switch|p1a: Skeledirge|Skeledirge, F|100\/100\n|turn|13\n|\n|t:|1700895930\n|move|p2a: Heatran|Earth Power|p1a: Skeledirge\n|-supereffective|p1a: Skeledirge\n|-damage|p1a: Skeledirge|36\/100\n|move|p1a: Skeledirge|Yawn|p2a: Heatran\n|-start|p2a: Heatran|move: Yawn|[of] p1a: Skeledirge\n|\n|upkeep\n|turn|14\n|\n|t:|1700895940\n|switch|p1a: Gliscor|Gliscor, F|100\/100\n|move|p2a: Heatran|Taunt|p1a: Gliscor\n|-start|p1a: Gliscor|move: Taunt\n|\n|-end|p2a: Heatran|move: Yawn|[silent]\n|-status|p2a: Heatran|slp\n|-status|p1a: Gliscor|tox|[from] item: Toxic Orb\n|upkeep\n|turn|15\n|\n|t:|1700895953\n|move|p1a: Gliscor|Earthquake|p2a: Heatran\n|-immune|p2a: Heatran\n|cant|p2a: Heatran|slp\n|\n|upkeep\n|turn|16\n|\n|t:|1700895962\n|move|p1a: Gliscor|Dual Wingbeat|p2a: Heatran\n|-resisted|p2a: Heatran\n|-damage|p2a: Heatran|80\/100 slp\n|-enditem|p2a: Heatran|Air Balloon\n|-resisted|p2a: Heatran\n|-damage|p2a: Heatran|71\/100 slp\n|-hitcount|p2a: Heatran|2\n|cant|p2a: Heatran|slp\n|\n|-end|p1a: Gliscor|move: Taunt\n|upkeep\n|turn|17\n|\n|t:|1700895972\n|switch|p2a: Pelipper|Pelipper, M, shiny|100\/100\n|-damage|p2a: Pelipper|76\/100|[from] Stealth Rock\n|-weather|RainDance|[from] ability: Drizzle|[of] p2a: Pelipper\n|move|p1a: Gliscor|Earthquake|p2a: Pelipper\n|-immune|p2a: Pelipper\n|\n|-weather|RainDance|[upkeep]\n|upkeep\n|turn|18\n|\n|t:|1700895981\n|move|p1a: Gliscor|Tailwind|p1a: Gliscor\n|-sidestart|p1: jojomix|move: Tailwind\n|move|p2a: Pelipper|Weather Ball|p1a: Gliscor\n|-supereffective|p1a: Gliscor\n|-damage|p1a: Gliscor|0 fnt\n|faint|p1a: Gliscor\n|\n|-weather|RainDance|[upkeep]\n|upkeep\n|\n|t:|1700895988\n|switch|p1a: Gardevoir|Gardevoir-Mega, M|44\/100 brn\n|turn|19\n|\n|t:|1700895995\n|move|p1a: Gardevoir|Hyper Voice|p2a: Pelipper\n|-damage|p2a: Pelipper|0 fnt\n|faint|p2a: Pelipper\n|\n|-weather|RainDance|[upkeep]\n|-damage|p1a: Gardevoir|38\/100 brn|[from] brn\n|upkeep\n|\n|t:|1700896005\n|switch|p2a: Manaphy|Manaphy, shiny|100\/100\n|-damage|p2a: Manaphy|88\/100|[from] Stealth Rock\n|-damage|p2a: Manaphy|76\/100|[from] Spikes\n|turn|20\n|\n|t:|1700896012\n|switch|p1a: Hatty|Hatterene, F, shiny|21\/100\n|move|p2a: Manaphy|Rest|p2a: Manaphy\n|-status|p2a: Manaphy|slp|[from] move: Rest\n|-heal|p2a: Manaphy|100\/100 slp|[silent]\n|\n|-weather|RainDance|[upkeep]\n|-activate|p2a: Manaphy|ability: Hydration\n|-curestatus|p2a: Manaphy|slp|[msg]\n|upkeep\n|turn|21\n|\n|t:|1700896022\n|move|p2a: Manaphy|Take Heart|p2a: Manaphy\n|-boost|p2a: Manaphy|spa|1\n|-boost|p2a: Manaphy|spd|1\n|move|p1a: Hatty|Aromatherapy|p1a: Hatty\n|-activate|p1a: Hatty|move: Aromatherapy\n|-curestatus|p1: Gardevoir|brn|[msg]\n|\n|-weather|RainDance|[upkeep]\n|-sideend|p1: jojomix|move: Tailwind\n|upkeep\n|turn|22\n|\n|t:|1700896033\n|move|p2a: Manaphy|Take Heart|p2a: Manaphy\n|-boost|p2a: Manaphy|spa|1\n|-boost|p2a: Manaphy|spd|1\n|move|p1a: Hatty|Trick Room|p1a: Hatty\n|-fieldstart|move: Trick Room|[of] p1a: Hatty\n|\n|-weather|RainDance|[upkeep]\n|upkeep\n|turn|23\n|\n|t:|1700896048\n|move|p1a: Hatty|Light Screen|p1a: Hatty\n|-sidestart|p1: jojomix|move: Light Screen\n|move|p2a: Manaphy|Take Heart|p2a: Manaphy\n|-boost|p2a: Manaphy|spa|1\n|-boost|p2a: Manaphy|spd|1\n|\n|-weather|RainDance|[upkeep]\n|upkeep\n|turn|24\n|\n|t:|1700896056\n|move|p1a: Hatty|Reflect|p1a: Hatty\n|-sidestart|p1: jojomix|Reflect\n|move|p2a: Manaphy|Take Heart|p2a: Manaphy\n|-boost|p2a: Manaphy|spa|1\n|-boost|p2a: Manaphy|spd|1\n|\n|-weather|none\n|upkeep\n|turn|25\n|\n|t:|1700896064\n|switch|p1a: Gardevoir|Gardevoir-Mega, M|38\/100\n|move|p2a: Manaphy|Take Heart|p2a: Manaphy\n|-boost|p2a: Manaphy|spa|1\n|-boost|p2a: Manaphy|spd|1\n|\n|upkeep\n|turn|26\n|\n|t:|1700896072\n|move|p2a: Manaphy|Scald|p1a: Gardevoir\n|-damage|p1a: Gardevoir|0 fnt\n|faint|p1a: Gardevoir\n|\n|-fieldend|move: Trick Room\n|upkeep\n|\n|t:|1700896081\n|switch|p1a: Skeledirge|Skeledirge, F|36\/100\n|turn|27\n|\n|t:|1700896085\n|move|p2a: Manaphy|Scald|p1a: Skeledirge\n|-supereffective|p1a: Skeledirge\n|-damage|p1a: Skeledirge|8\/100\n|-enditem|p1a: Skeledirge|Aguav Berry|[eat]\n|-heal|p1a: Skeledirge|41\/100|[from] item: Aguav Berry\n|move|p1a: Skeledirge|Slack Off|p1a: Skeledirge\n|-heal|p1a: Skeledirge|91\/100\n|\n|upkeep\n|turn|28\n|\n|t:|1700896094\n|move|p2a: Manaphy|Scald|p1a: Skeledirge\n|-supereffective|p1a: Skeledirge\n|-damage|p1a: Skeledirge|64\/100\n|move|p1a: Skeledirge|Yawn|p2a: Manaphy\n|-start|p2a: Manaphy|move: Yawn|[of] p1a: Skeledirge\n|\n|upkeep\n|turn|29\n|\n|t:|1700896103\n|move|p2a: Manaphy|Take Heart|p2a: Manaphy\n|-boost|p2a: Manaphy|spa|1\n|-boost|p2a: Manaphy|spd|1\n|move|p1a: Skeledirge|Slack Off|p1a: Skeledirge\n|-heal|p1a: Skeledirge|100\/100\n|\n|-end|p2a: Manaphy|move: Yawn|[silent]\n|-message|Sleep Clause Mod activated.\n|-hint|Sleep Clause Mod prevents players from putting more than one of their opponent's Pok\u00e9mon to sleep at a time\n|upkeep\n|turn|30\n|\n|t:|1700896117\n|move|p2a: Manaphy|Scald|p1a: Skeledirge\n|-supereffective|p1a: Skeledirge\n|-damage|p1a: Skeledirge|73\/100\n|move|p1a: Skeledirge|Torch Song|p2a: Manaphy\n|-resisted|p2a: Manaphy\n|-damage|p2a: Manaphy|89\/100\n|-boost|p1a: Skeledirge|spa|1\n|\n|-heal|p2a: Manaphy|95\/100|[from] item: Leftovers\n|-sideend|p1: jojomix|move: Light Screen\n|upkeep\n|turn|31\n|\n|t:|1700896127\n|move|p2a: Manaphy|Scald|p1a: Skeledirge\n|-supereffective|p1a: Skeledirge\n|-damage|p1a: Skeledirge|13\/100\n|move|p1a: Skeledirge|Slack Off|p1a: Skeledirge\n|-heal|p1a: Skeledirge|63\/100\n|\n|-heal|p2a: Manaphy|100\/100|[from] item: Leftovers\n|-sideend|p1: jojomix|Reflect\n|upkeep\n|turn|32\n|\n|t:|1700896144\n|move|p2a: Manaphy|Scald|p1a: Skeledirge\n|-supereffective|p1a: Skeledirge\n|-damage|p1a: Skeledirge|8\/100\n|move|p1a: Skeledirge|Shadow Ball|p2a: Manaphy\n|-damage|p2a: Manaphy|65\/100\n|-unboost|p2a: Manaphy|spd|1\n|\n|-heal|p2a: Manaphy|71\/100|[from] item: Leftovers\n|upkeep\n|turn|33\n|\n|t:|1700896157\n|move|p2a: Manaphy|Scald|p1a: Skeledirge\n|-supereffective|p1a: Skeledirge\n|-damage|p1a: Skeledirge|0 fnt\n|faint|p1a: Skeledirge\n|\n|-heal|p2a: Manaphy|77\/100|[from] item: Leftovers\n|upkeep\n|-message|jojomix forfeited.\n|\n|win|suijidyh666\n|raw|jojomix's rating: 1068 &rarr; <strong>1045<\/strong><br \/>(-23 for losing)\n|raw|suijidyh666's rating: 1012 &rarr; <strong>1056<\/strong><br \/>(+44 for winning)\n|l|\u2606jojomix\n","uploadtime":1700896187,"views":1,"p1id":"jojomix","p2id":"suijidyh666","formatid":"gen9nationaldex","rating":1045,"private":0,"password":""}