{"id":"gen9nationaldex-1993964047","p1":"Leaf of Frost","p2":"baigu","format":"[Gen 9] National Dex","log":"|j|\u2606Leaf of Frost\n|j|\u2606baigu\n|t:|1700383996\n|gametype|singles\n|player|p1|Leaf of Frost|dawn|1571\n|player|p2|baigu|dawn-gen4pt|1862\n|teamsize|p1|6\n|teamsize|p2|6\n|gen|9\n|tier|[Gen 9] National Dex\n|rated|\n|rule|HP Percentage Mod: HP is shown in percentages\n|rule|Endless Battle Clause: Forcing endless battles is banned\n|rule|OHKO Clause: OHKO moves are banned\n|rule|Evasion Clause: Evasion abilities, items, and moves are banned\n|rule|Evasion Abilities Clause: Evasion abilities are banned\n|rule|Evasion Items Clause: Evasion items are banned\n|rule|Evasion Moves Clause: Evasion moves are banned\n|rule|Species Clause: Limit one of each Pok\u00e9mon\n|rule|Sleep Clause Mod: Limit one foe put to sleep\n|clearpoke\n|poke|p1|Ninetales-Alola, F|\n|poke|p1|Meowscarada, M|\n|poke|p1|Gliscor, M|\n|poke|p1|Tapu Koko|\n|poke|p1|Nihilego|\n|poke|p1|Skeledirge, M|\n|poke|p2|Ursaluna, F|\n|poke|p2|Dragonite, M|\n|poke|p2|Slowking, M|\n|poke|p2|Tapu Koko|\n|poke|p2|Hoopa-Unbound|\n|poke|p2|Great Tusk|\n|teampreview\n|inactive|Battle timer is ON: inactive players will automatically lose when time's up. (requested by Leaf of Frost)\n|\n|t:|1700384004\n|start\n|switch|p1a: \u963f\u7f57\u62c9|Tapu Koko|100\/100\n|switch|p2a: Tapu Koko|Tapu Koko|100\/100\n|-fieldstart|move: Electric Terrain|[from] ability: Electric Surge|[of] p1a: \u963f\u7f57\u62c9\n|turn|1\n|\n|t:|1700384015\n|move|p2a: Tapu Koko|Dazzling Gleam|p1a: \u963f\u7f57\u62c9\n|-damage|p1a: \u963f\u7f57\u62c9|19\/100\n|move|p1a: \u963f\u7f57\u62c9|Defog|p2a: Tapu Koko\n|-unboost|p2a: Tapu Koko|evasion|1\n|-fieldend|move: Electric Terrain\n|\n|upkeep\n|turn|2\n|\n|t:|1700384021\n|move|p2a: Tapu Koko|Dazzling Gleam|p1a: \u963f\u7f57\u62c9\n|-damage|p1a: \u963f\u7f57\u62c9|0 fnt\n|faint|p1a: \u963f\u7f57\u62c9\n|\n|upkeep\n|\n|t:|1700384023\n|switch|p1a: \u6bd2\u7597\u5e26\u6765\u5feb\u4e50|Gliscor, M|100\/100\n|turn|3\n|\n|t:|1700384026\n|switch|p2a: Great Tusk|Great Tusk|100\/100\n|move|p1a: \u6bd2\u7597\u5e26\u6765\u5feb\u4e50|Earthquake|p2a: Great Tusk\n|-damage|p2a: Great Tusk|80\/100\n|\n|-status|p1a: \u6bd2\u7597\u5e26\u6765\u5feb\u4e50|tox|[from] item: Toxic Orb\n|upkeep\n|turn|4\n|\n|t:|1700384031\n|switch|p1a: \u96ea\u5929\u961f\u957f|Ninetales-Alola, F|100\/100\n|-weather|Snow|[from] ability: Snow Warning|[of] p1a: \u96ea\u5929\u961f\u957f\n|move|p2a: Great Tusk|Stealth Rock|p1a: \u96ea\u5929\u961f\u957f\n|-sidestart|p1: Leaf of Frost|move: Stealth Rock\n|\n|-weather|Snow|[upkeep]\n|upkeep\n|turn|5\n|\n|t:|1700384044\n|move|p1a: \u96ea\u5929\u961f\u957f|Aurora Veil|p1a: \u96ea\u5929\u961f\u957f\n|-sidestart|p1: Leaf of Frost|move: Aurora Veil\n|move|p2a: Great Tusk|Headlong Rush|p1a: \u96ea\u5929\u961f\u957f\n|-damage|p1a: \u96ea\u5929\u961f\u957f|63\/100\n|-unboost|p2a: Great Tusk|def|1\n|-unboost|p2a: Great Tusk|spd|1\n|\n|-weather|Snow|[upkeep]\n|upkeep\n|turn|6\n|\n|t:|1700384049\n|-end|p2a: Great Tusk|Protosynthesis|[silent]\n|switch|p2a: Slowking|Slowking, M|100\/100\n|move|p1a: \u96ea\u5929\u961f\u957f|Moonblast|p2a: Slowking\n|-damage|p2a: Slowking|81\/100\n|-unboost|p2a: Slowking|spa|1\n|\n|-weather|Snow|[upkeep]\n|upkeep\n|turn|7\n|\n|t:|1700384052\n|move|p1a: \u96ea\u5929\u961f\u957f|Freeze-Dry|p2a: Slowking\n|-supereffective|p2a: Slowking\n|-damage|p2a: Slowking|49\/100\n|move|p2a: Slowking|Trick Room|p2a: Slowking\n|-fieldstart|move: Trick Room|[of] p2a: Slowking\n|\n|-weather|Snow|[upkeep]\n|upkeep\n|turn|8\n|\n|t:|1700384057\n|move|p2a: Slowking|Slack Off|p2a: Slowking\n|-heal|p2a: Slowking|99\/100\n|move|p1a: \u96ea\u5929\u961f\u957f|Freeze-Dry|p2a: Slowking\n|-supereffective|p2a: Slowking\n|-damage|p2a: Slowking|69\/100\n|\n|-weather|none\n|upkeep\n|turn|9\n|\n|t:|1700384059\n|move|p1a: \u96ea\u5929\u961f\u957f|Freeze-Dry|p2a: Slowking\n|-supereffective|p2a: Slowking\n|-damage|p2a: Slowking|40\/100\n|move|p2a: Slowking|Teleport|p2a: Slowking\n|\n|t:|1700384062\n|switch|p2a: Ursaluna|Ursaluna, F|100\/100|[from] Teleport\n|\n|-status|p2a: Ursaluna|brn|[from] item: Flame Orb\n|upkeep\n|turn|10\n|\n|t:|1700384065\n|-terastallize|p2a: Ursaluna|Normal\n|move|p2a: Ursaluna|Facade|p1a: \u96ea\u5929\u961f\u957f\n|-damage|p1a: \u96ea\u5929\u961f\u957f|0 fnt\n|faint|p1a: \u96ea\u5929\u961f\u957f\n|\n|-damage|p2a: Ursaluna|94\/100 brn|[from] brn\n|upkeep\n|\n|t:|1700384072\n|switch|p1a: \u6bd2\u7597\u5e26\u6765\u5feb\u4e50|Gliscor, M|100\/100 tox\n|-damage|p1a: \u6bd2\u7597\u5e26\u6765\u5feb\u4e50|88\/100 tox|[from] Stealth Rock\n|turn|11\n|j| Phasmyx\n|\n|t:|1700384077\n|move|p2a: Ursaluna|Facade|p1a: \u6bd2\u7597\u5e26\u6765\u5feb\u4e50\n|-damage|p1a: \u6bd2\u7597\u5e26\u6765\u5feb\u4e50|19\/100 tox\n|move|p1a: \u6bd2\u7597\u5e26\u6765\u5feb\u4e50|Earthquake|p2a: Ursaluna\n|-damage|p2a: Ursaluna|73\/100 brn\n|\n|-heal|p1a: \u6bd2\u7597\u5e26\u6765\u5feb\u4e50|31\/100 tox|[from] ability: Poison Heal\n|-damage|p2a: Ursaluna|66\/100 brn|[from] brn\n|-fieldend|move: Trick Room\n|upkeep\n|turn|12\n|\n|t:|1700384083\n|move|p1a: \u6bd2\u7597\u5e26\u6765\u5feb\u4e50|Roost|p1a: \u6bd2\u7597\u5e26\u6765\u5feb\u4e50\n|-heal|p1a: \u6bd2\u7597\u5e26\u6765\u5feb\u4e50|81\/100 tox\n|-singleturn|p1a: \u6bd2\u7597\u5e26\u6765\u5feb\u4e50|move: Roost\n|move|p2a: Ursaluna|Facade|p1a: \u6bd2\u7597\u5e26\u6765\u5feb\u4e50\n|-damage|p1a: \u6bd2\u7597\u5e26\u6765\u5feb\u4e50|10\/100 tox\n|\n|-heal|p1a: \u6bd2\u7597\u5e26\u6765\u5feb\u4e50|22\/100 tox|[from] ability: Poison Heal\n|-damage|p2a: Ursaluna|60\/100 brn|[from] brn\n|-sideend|p1: Leaf of Frost|move: Aurora Veil\n|upkeep\n|turn|13\n|\n|t:|1700384089\n|move|p1a: \u6bd2\u7597\u5e26\u6765\u5feb\u4e50|Earthquake|p2a: Ursaluna\n|-damage|p2a: Ursaluna|36\/100 brn\n|move|p2a: Ursaluna|Facade|p1a: \u6bd2\u7597\u5e26\u6765\u5feb\u4e50\n|-damage|p1a: \u6bd2\u7597\u5e26\u6765\u5feb\u4e50|0 fnt\n|faint|p1a: \u6bd2\u7597\u5e26\u6765\u5feb\u4e50\n|\n|-damage|p2a: Ursaluna|29\/100 brn|[from] brn\n|upkeep\n|\n|t:|1700384093\n|switch|p1a: \u8389\u8389\u827e|Nihilego|100\/100\n|-damage|p1a: \u8389\u8389\u827e|88\/100|[from] Stealth Rock\n|turn|14\n|\n|t:|1700384102\n|switch|p2a: Slowking|Slowking, M|73\/100\n|move|p1a: \u8389\u8389\u827e|Sludge Wave|p2a: Slowking\n|-damage|p2a: Slowking|47\/100\n|\n|upkeep\n|turn|15\n|\n|t:|1700384112\n|move|p1a: \u8389\u8389\u827e|Meteor Beam||[still]\n|-prepare|p1a: \u8389\u8389\u827e|Meteor Beam\n|-boost|p1a: \u8389\u8389\u827e|spa|1\n|-enditem|p1a: \u8389\u8389\u827e|Power Herb\n|-anim|p1a: \u8389\u8389\u827e|Meteor Beam|p2a: Slowking\n|-damage|p2a: Slowking|0 fnt\n|faint|p2a: Slowking\n|-ability|p1a: \u8389\u8389\u827e|Beast Boost|boost\n|-boost|p1a: \u8389\u8389\u827e|spe|1\n|\n|upkeep\n|\n|t:|1700384121\n|switch|p2a: Dragonite|Dragonite, M|100\/100\n|turn|16\n|\n|t:|1700384125\n|move|p1a: \u8389\u8389\u827e|Sludge Wave|p2a: Dragonite\n|-damage|p2a: Dragonite|68\/100\n|move|p2a: Dragonite|Outrage|p1a: \u8389\u8389\u827e\n|-damage|p1a: \u8389\u8389\u827e|0 fnt\n|faint|p1a: \u8389\u8389\u827e\n|\n|upkeep\n|-message|Leaf of Frost forfeited.\n|\n|win|baigu\n|raw|Leaf of Frost's rating: 1571 &rarr; <strong>1565<\/strong><br \/>(-6 for losing)\n|raw|baigu's rating: 1862 &rarr; <strong>1868<\/strong><br \/>(+6 for winning)\n|l|\u2606Leaf of Frost\n","uploadtime":1700384131,"views":6,"p1id":"leafoffrost","p2id":"baigu","formatid":"gen9nationaldex","rating":1565,"private":0,"password":""}