{"id":"gen9nationaldex-1997940191","p1":"world_dreamer","p2":"Thegamesage3203","format":"[Gen 9] National Dex","log":"|html|<div class=\"broadcast-blue\"><strong>[Gen 9] National Dex is currently suspecting Sneasler! For information on how to participate check out the <a href=\"https:\/\/www.smogon.com\/forums\/threads\/sv-national-dex-suspect-8-just-dance.3731534\/\">suspect thread<\/a>.<\/strong><\/div>\n|j|\u2606world_dreamer\n|j|\u2606Thegamesage3203\n|t:|1700869937\n|gametype|singles\n|player|p1|world_dreamer|1|1237\n|player|p2|Thegamesage3203|cynthia|1188\n|teamsize|p1|6\n|teamsize|p2|6\n|gen|9\n|tier|[Gen 9] National Dex\n|rated|\n|rule|HP Percentage Mod: HP is shown in percentages\n|rule|Endless Battle Clause: Forcing endless battles is banned\n|rule|OHKO Clause: OHKO moves are banned\n|rule|Evasion Clause: Evasion abilities, items, and moves are banned\n|rule|Evasion Abilities Clause: Evasion abilities are banned\n|rule|Evasion Items Clause: Evasion items are banned\n|rule|Evasion Moves Clause: Evasion moves are banned\n|rule|Species Clause: Limit one of each Pok\u00e9mon\n|rule|Sleep Clause Mod: Limit one foe put to sleep\n|clearpoke\n|poke|p1|Garchomp, F|\n|poke|p1|Ferrothorn, F|\n|poke|p1|Lopunny, F|\n|poke|p1|Moltres|\n|poke|p1|Slowking-Galar, M|\n|poke|p1|Kyurem|\n|poke|p2|Togekiss, M|\n|poke|p2|Serperior, F|\n|poke|p2|Garchomp, M|\n|poke|p2|Gyarados, F|\n|poke|p2|Hydreigon, F|\n|poke|p2|Volcarona, F|\n|teampreview\n|inactive|Battle timer is ON: inactive players will automatically lose when time's up. (requested by Thegamesage3203)\n|\n|t:|1700869952\n|start\n|switch|p1a: Lopunny|Lopunny, F|100\/100\n|switch|p2a: Volcarona|Volcarona, F|100\/100\n|turn|1\n|\n|t:|1700869968\n|detailschange|p1a: Lopunny|Lopunny-Mega, F\n|-mega|p1a: Lopunny|Lopunny|Lopunnite\n|move|p1a: Lopunny|Fake Out|p2a: Volcarona\n|-damage|p2a: Volcarona|78\/100\n|cant|p2a: Volcarona|flinch\n|\n|upkeep\n|turn|2\n|\n|t:|1700869980\n|move|p1a: Lopunny|U-turn|p2a: Volcarona\n|-resisted|p2a: Volcarona\n|-damage|p2a: Volcarona|65\/100\n|\n|t:|1700869993\n|switch|p1a: Garchomp|Garchomp, F|100\/100|[from] U-turn\n|move|p2a: Volcarona|Quiver Dance|p2a: Volcarona\n|-boost|p2a: Volcarona|spa|1\n|-boost|p2a: Volcarona|spd|1\n|-boost|p2a: Volcarona|spe|1\n|\n|upkeep\n|turn|3\n|\n|t:|1700870003\n|move|p2a: Volcarona|Quiver Dance|p2a: Volcarona\n|-boost|p2a: Volcarona|spa|1\n|-boost|p2a: Volcarona|spd|1\n|-boost|p2a: Volcarona|spe|1\n|move|p1a: Garchomp|Stealth Rock|p2a: Volcarona\n|-sidestart|p2: Thegamesage3203|move: Stealth Rock\n|\n|upkeep\n|turn|4\n|\n|t:|1700870010\n|move|p2a: Volcarona|Bug Buzz|p1a: Garchomp\n|-damage|p1a: Garchomp|1\/100\n|move|p1a: Garchomp|Earthquake|p2a: Volcarona\n|-damage|p2a: Volcarona|8\/100\n|\n|upkeep\n|turn|5\n|\n|t:|1700870026\n|move|p2a: Volcarona|Fiery Dance|p1a: Garchomp\n|-resisted|p1a: Garchomp\n|-damage|p1a: Garchomp|0 fnt\n|faint|p1a: Garchomp\n|\n|upkeep\n|\n|t:|1700870032\n|switch|p1a: Lopunny|Lopunny-Mega, F|100\/100\n|turn|6\n|\n|t:|1700870039\n|move|p1a: Lopunny|Fake Out|p2a: Volcarona\n|-damage|p2a: Volcarona|0 fnt\n|faint|p2a: Volcarona\n|\n|upkeep\n|\n|t:|1700870042\n|switch|p2a: Serperior|Serperior, F|100\/100\n|-damage|p2a: Serperior|88\/100|[from] Stealth Rock\n|turn|7\n|\n|t:|1700870046\n|move|p1a: Lopunny|Triple Axel|p2a: Serperior|[miss]\n|-miss|p1a: Lopunny|p2a: Serperior\n|move|p2a: Serperior|Toxic|p1a: Lopunny\n|-status|p1a: Lopunny|tox\n|\n|-damage|p1a: Lopunny|95\/100 tox|[from] psn\n|upkeep\n|turn|8\n|\n|t:|1700870051\n|-terastallize|p2a: Serperior|Dragon\n|move|p1a: Lopunny|Triple Axel|p2a: Serperior\n|-supereffective|p2a: Serperior\n|-damage|p2a: Serperior|73\/100\n|-hitcount|p2a: Serperior|1\n|move|p2a: Serperior|Leaf Storm|p1a: Lopunny\n|-damage|p1a: Lopunny|27\/100 tox\n|-boost|p2a: Serperior|spa|2\n|\n|-damage|p1a: Lopunny|15\/100 tox|[from] psn\n|upkeep\n|turn|9\n|\n|t:|1700870060\n|move|p1a: Lopunny|U-turn|p2a: Serperior\n|-damage|p2a: Serperior|49\/100\n|\n|t:|1700870065\n|switch|p1a: Moltres|Moltres|100\/100|[from] U-turn\n|move|p2a: Serperior|Giga Drain|p1a: Moltres\n|-resisted|p1a: Moltres\n|-damage|p1a: Moltres|85\/100\n|-heal|p2a: Serperior|58\/100|[from] drain|[of] p1a: Moltres\n|\n|upkeep\n|turn|10\n|\n|t:|1700870081\n|move|p2a: Serperior|Toxic|p1a: Moltres\n|-status|p1a: Moltres|tox\n|move|p1a: Moltres|Scorching Sands|p2a: Serperior\n|-damage|p2a: Serperior|39\/100\n|\n|-damage|p1a: Moltres|79\/100 tox|[from] psn\n|upkeep\n|turn|11\n|\n|t:|1700870094\n|move|p2a: Serperior|Leaf Storm|p1a: Moltres\n|-resisted|p1a: Moltres\n|-damage|p1a: Moltres|51\/100 tox\n|-boost|p2a: Serperior|spa|2\n|move|p1a: Moltres|Scorching Sands|p2a: Serperior\n|-damage|p2a: Serperior|20\/100\n|\n|-damage|p1a: Moltres|39\/100 tox|[from] psn\n|upkeep\n|turn|12\n|\n|t:|1700870106\n|move|p2a: Serperior|Giga Drain|p1a: Moltres\n|-resisted|p1a: Moltres\n|-damage|p1a: Moltres|14\/100 tox\n|-heal|p2a: Serperior|36\/100|[from] drain|[of] p1a: Moltres\n|move|p1a: Moltres|Scorching Sands|p2a: Serperior\n|-damage|p2a: Serperior|15\/100\n|\n|-damage|p1a: Moltres|0 fnt|[from] psn\n|faint|p1a: Moltres\n|upkeep\n|\n|t:|1700870114\n|switch|p1a: Slowking|Slowking-Galar, M|100\/100\n|turn|13\n|\n|t:|1700870123\n|move|p2a: Serperior|Dragon Pulse|p1a: Slowking\n|-damage|p1a: Slowking|48\/100\n|move|p1a: Slowking|Chilly Reception|p1a: Slowking\n|-weather|Snow\n|\n|t:|1700870129\n|switch|p1a: Kyurem|Kyurem|100\/100|[from] Chilly Reception\n|-ability|p1a: Kyurem|Pressure\n|\n|-weather|Snow|[upkeep]\n|upkeep\n|turn|14\n|\n|t:|1700870138\n|move|p1a: Kyurem|Ice Beam|p2a: Serperior\n|-supereffective|p2a: Serperior\n|-damage|p2a: Serperior|0 fnt\n|faint|p2a: Serperior\n|\n|-weather|Snow|[upkeep]\n|upkeep\n|\n|t:|1700870142\n|switch|p2a: Gyarados|Gyarados, F|100\/100\n|-damage|p2a: Gyarados|76\/100|[from] Stealth Rock\n|turn|15\n|\n|t:|1700870149\n|move|p1a: Kyurem|Ice Beam|p2a: Gyarados\n|-crit|p2a: Gyarados\n|-damage|p2a: Gyarados|0 fnt\n|faint|p2a: Gyarados\n|\n|-weather|Snow|[upkeep]\n|upkeep\n|\n|t:|1700870172\n|switch|p2a: Togekiss|Togekiss, M, shiny|100\/100\n|-damage|p2a: Togekiss|75\/100|[from] Stealth Rock\n|turn|16\n|\n|t:|1700870178\n|-terastallize|p1a: Kyurem|Fairy\n|move|p1a: Kyurem|Ice Beam|p2a: Togekiss\n|-supereffective|p2a: Togekiss\n|-damage|p2a: Togekiss|0 fnt\n|faint|p2a: Togekiss\n|\n|-weather|Snow|[upkeep]\n|upkeep\n|inactive|Thegamesage3203 has 120 seconds left.\n|\n|t:|1700870209\n|switch|p2a: Hydreigon|Hydreigon, F|100\/100\n|-damage|p2a: Hydreigon|88\/100|[from] Stealth Rock\n|turn|17\n|\n|t:|1700870213\n|move|p1a: Kyurem|Ice Beam|p2a: Hydreigon\n|-supereffective|p2a: Hydreigon\n|-damage|p2a: Hydreigon|0 fnt\n|faint|p2a: Hydreigon\n|\n|-weather|none\n|upkeep\n|\n|t:|1700870219\n|switch|p2a: Garchomp|Garchomp, M|100\/100\n|-damage|p2a: Garchomp|94\/100|[from] Stealth Rock\n|turn|18\n|\n|t:|1700870223\n|move|p1a: Kyurem|Ice Beam|p2a: Garchomp\n|-supereffective|p2a: Garchomp\n|-damage|p2a: Garchomp|0 fnt\n|faint|p2a: Garchomp\n|\n|win|world_dreamer\n|raw|world_dreamer's rating: 1237 &rarr; <strong>1258<\/strong><br \/>(+21 for winning)\n|raw|Thegamesage3203's rating: 1188 &rarr; <strong>1167<\/strong><br \/>(-21 for losing)\n","uploadtime":1700870227,"views":2,"p1id":"worlddreamer","p2id":"thegamesage3203","formatid":"gen9nationaldex","rating":1167,"private":0,"password":""}