{"id":"gen9nationaldex-1987926075","p1":"GameBored","p2":"imbleed","format":"[Gen 9] National Dex","log":"|j|\u2606GameBored\n|j|\u2606imbleed\n|t:|1699649832\n|gametype|singles\n|player|p1|GameBored|schoolkid-gen8|1481\n|player|p2|imbleed|poppy|1463\n|teamsize|p1|6\n|teamsize|p2|6\n|gen|9\n|tier|[Gen 9] National Dex\n|rated|\n|rule|HP Percentage Mod: HP is shown in percentages\n|rule|Endless Battle Clause: Forcing endless battles is banned\n|rule|OHKO Clause: OHKO moves are banned\n|rule|Evasion Clause: Evasion abilities, items, and moves are banned\n|rule|Evasion Abilities Clause: Evasion abilities are banned\n|rule|Evasion Items Clause: Evasion items are banned\n|rule|Evasion Moves Clause: Evasion moves are banned\n|rule|Species Clause: Limit one of each Pok\u00e9mon\n|rule|Sleep Clause Mod: Limit one foe put to sleep\n|clearpoke\n|poke|p1|Grimmsnarl, M|\n|poke|p1|Toxtricity, M|\n|poke|p1|Turtonator, M|\n|poke|p1|Sharpedo, M|\n|poke|p1|Slowbro-Galar, M|\n|poke|p1|Cofagrigus, M|\n|poke|p2|Necrozma|\n|poke|p2|Gyarados, F|\n|poke|p2|Starmie|\n|poke|p2|Scizor, F|\n|poke|p2|Great Tusk|\n|poke|p2|Entei|\n|teampreview\n|inactive|Battle timer is ON: inactive players will automatically lose when time's up. (requested by GameBored)\n|j| mistahmerrikuu\n|c|\u2606GameBored|o hi again\n|j| kung fu pokechu\n|j| Lonsol\n|j| bigglygrande\n|\n|t:|1699649858\n|start\n|switch|p1a: Grimmsnarl|Grimmsnarl, M, shiny|100\/100\n|switch|p2a: member|Gyarados, F|100\/100\n|-ability|p2a: member|Intimidate|boost\n|-unboost|p1a: Grimmsnarl|atk|1\n|turn|1\n|\n|t:|1699649862\n|detailschange|p2a: member|Gyarados-Mega, F\n|-mega|p2a: member|Gyarados|Gyaradosite\n|-ability|p2a: member|Mold Breaker\n|move|p1a: Grimmsnarl|Reflect|p1a: Grimmsnarl\n|-sidestart|p1: GameBored|Reflect\n|move|p2a: member|Substitute|p2a: member\n|-start|p2a: member|Substitute\n|-damage|p2a: member|76\/100\n|\n|upkeep\n|turn|2\n|\n|t:|1699649869\n|move|p1a: Grimmsnarl|Light Screen|p1a: Grimmsnarl\n|-sidestart|p1: GameBored|move: Light Screen\n|move|p2a: member|Dragon Dance|p2a: member\n|-boost|p2a: member|atk|1\n|-boost|p2a: member|spe|1\n|\n|upkeep\n|turn|3\n|\n|t:|1699649874\n|switch|p1a: Toxtricity|Toxtricity, M, shiny|100\/100\n|move|p2a: member|Dragon Dance|p2a: member\n|-boost|p2a: member|atk|1\n|-boost|p2a: member|spe|1\n|\n|upkeep\n|turn|4\n|\n|t:|1699649878\n|move|p2a: member|Waterfall|p1a: Toxtricity\n|-damage|p1a: Toxtricity|24\/100\n|move|p1a: Toxtricity|Overdrive|p2a: member\n|-supereffective|p2a: member\n|-damage|p2a: member|0 fnt\n|faint|p2a: member\n|-enditem|p1a: Toxtricity|Throat Spray\n|-boost|p1a: Toxtricity|spa|1|[from] item: Throat Spray\n|\n|upkeep\n|\n|t:|1699649885\n|switch|p2a: yes i am a cat|Entei|100\/100\n|turn|5\n|\n|t:|1699649890\n|move|p2a: yes i am a cat|Extreme Speed|p1a: Toxtricity\n|-damage|p1a: Toxtricity|0 fnt\n|faint|p1a: Toxtricity\n|\n|upkeep\n|\n|t:|1699649895\n|switch|p1a: Turtonator|Turtonator, M, shiny|100\/100\n|turn|6\n|\n|t:|1699649905\n|switch|p2a: wowie zowie|Great Tusk|100\/100\n|move|p1a: Turtonator|Shell Smash|p1a: Turtonator\n|-unboost|p1a: Turtonator|def|1\n|-unboost|p1a: Turtonator|spd|1\n|-boost|p1a: Turtonator|atk|2\n|-boost|p1a: Turtonator|spa|2\n|-boost|p1a: Turtonator|spe|2\n|\n|upkeep\n|turn|7\n|\n|t:|1699649912\n|-terastallize|p2a: wowie zowie|Water\n|move|p1a: Turtonator|Draco Meteor|p2a: wowie zowie\n|-damage|p2a: wowie zowie|0 fnt\n|-unboost|p1a: Turtonator|spa|2\n|faint|p2a: wowie zowie\n|-end|p2a: wowie zowie|Protosynthesis|[silent]\n|\n|upkeep\n|\n|t:|1699649921\n|switch|p2a: PRISMED|Necrozma|100\/100\n|turn|8\n|\n|t:|1699649926\n|switch|p1a: Grimmsnarl|Grimmsnarl, M, shiny|100\/100\n|move|p2a: PRISMED|Calm Mind|p2a: PRISMED\n|-boost|p2a: PRISMED|spa|1\n|-boost|p2a: PRISMED|spd|1\n|\n|-sideend|p1: GameBored|Reflect\n|upkeep\n|turn|9\n|\n|t:|1699649931\n|move|p1a: Grimmsnarl|Reflect|p1a: Grimmsnarl\n|-sidestart|p1: GameBored|Reflect\n|move|p2a: PRISMED|Rock Polish|p2a: PRISMED\n|-boost|p2a: PRISMED|spe|2\n|\n|-sideend|p1: GameBored|move: Light Screen\n|upkeep\n|turn|10\n|\n|t:|1699649935\n|move|p1a: Grimmsnarl|Light Screen|p1a: Grimmsnarl\n|-sidestart|p1: GameBored|move: Light Screen\n|move|p2a: PRISMED|Calm Mind|p2a: PRISMED\n|-boost|p2a: PRISMED|spa|1\n|-boost|p2a: PRISMED|spd|1\n|\n|upkeep\n|turn|11\n|\n|t:|1699649937\n|move|p1a: Grimmsnarl|Taunt|p2a: PRISMED\n|-start|p2a: PRISMED|move: Taunt\n|cant|p2a: PRISMED|move: Taunt|Calm Mind\n|\n|upkeep\n|turn|12\n|\n|t:|1699649942\n|move|p1a: Grimmsnarl|Parting Shot|p2a: PRISMED\n|-unboost|p2a: PRISMED|atk|1\n|-unboost|p2a: PRISMED|spa|1\n|\n|t:|1699649945\n|switch|p1a: Cofagrigus|Cofagrigus, M, shiny|100\/100|[from] Parting Shot\n|move|p2a: PRISMED|Signal Beam|p1a: Cofagrigus\n|-resisted|p1a: Cofagrigus\n|-crit|p1a: Cofagrigus\n|-damage|p1a: Cofagrigus|75\/100\n|\n|upkeep\n|turn|13\n|\n|t:|1699649954\n|move|p2a: PRISMED|Stored Power|p1a: Cofagrigus\n|-damage|p1a: Cofagrigus|38\/100\n|move|p1a: Cofagrigus|Haze|p1a: Cofagrigus\n|-clearallboost\n|\n|-end|p2a: PRISMED|move: Taunt\n|upkeep\n|turn|14\n|\n|t:|1699649965\n|move|p2a: PRISMED|Calm Mind|p2a: PRISMED\n|-boost|p2a: PRISMED|spa|1\n|-boost|p2a: PRISMED|spd|1\n|move|p1a: Cofagrigus|Memento|p2a: PRISMED\n|-unboost|p2a: PRISMED|atk|2\n|-unboost|p2a: PRISMED|spa|2\n|faint|p1a: Cofagrigus\n|\n|upkeep\n|\n|t:|1699649970\n|switch|p1a: Sharpedo|Sharpedo, M, shiny|100\/100\n|turn|15\n|\n|t:|1699649979\n|move|p1a: Sharpedo|Crunch|p2a: PRISMED\n|-supereffective|p2a: PRISMED\n|-damage|p2a: PRISMED|61\/100\n|-enditem|p2a: PRISMED|Weakness Policy\n|-boost|p2a: PRISMED|atk|2|[from] item: Weakness Policy\n|-boost|p2a: PRISMED|spa|2|[from] item: Weakness Policy\n|move|p2a: PRISMED|Signal Beam|p1a: Sharpedo\n|-supereffective|p1a: Sharpedo\n|-damage|p1a: Sharpedo|28\/100\n|\n|-ability|p1a: Sharpedo|Speed Boost|boost\n|-boost|p1a: Sharpedo|spe|1\n|upkeep\n|turn|16\n|\n|t:|1699649990\n|detailschange|p1a: Sharpedo|Sharpedo-Mega, M, shiny\n|-mega|p1a: Sharpedo|Sharpedo|Sharpedonite\n|move|p1a: Sharpedo|Crunch|p2a: PRISMED\n|-supereffective|p2a: PRISMED\n|-crit|p2a: PRISMED\n|-damage|p2a: PRISMED|0 fnt\n|faint|p2a: PRISMED\n|\n|-sideend|p1: GameBored|Reflect\n|upkeep\n|\n|t:|1699649999\n|switch|p2a: yes i am a cat|Entei|100\/100\n|turn|17\n|\n|t:|1699650002\n|switch|p1a: Grimmsnarl|Grimmsnarl, M, shiny|100\/100\n|move|p2a: yes i am a cat|Extreme Speed|p1a: Grimmsnarl\n|-damage|p1a: Grimmsnarl|56\/100\n|\n|-sideend|p1: GameBored|move: Light Screen\n|upkeep\n|turn|18\n|\n|t:|1699650011\n|switch|p2a: red chud|Scizor, F|100\/100\n|move|p1a: Grimmsnarl|Reflect|p1a: Grimmsnarl\n|-sidestart|p1: GameBored|Reflect\n|\n|upkeep\n|turn|19\n|\n|t:|1699650016\n|move|p1a: Grimmsnarl|Taunt|p2a: red chud\n|-start|p2a: red chud|move: Taunt\n|cant|p2a: red chud|move: Taunt|Swords Dance\n|\n|upkeep\n|turn|20\n|\n|t:|1699650019\n|move|p1a: Grimmsnarl|Light Screen|p1a: Grimmsnarl\n|-sidestart|p1: GameBored|move: Light Screen\n|move|p2a: red chud|Knock Off|p1a: Grimmsnarl\n|-resisted|p1a: Grimmsnarl\n|-damage|p1a: Grimmsnarl|50\/100\n|-enditem|p1a: Grimmsnarl|Light Clay|[from] move: Knock Off|[of] p2a: red chud\n|-damage|p2a: red chud|91\/100|[from] item: Life Orb\n|\n|upkeep\n|turn|21\n|\n|t:|1699650040\n|switch|p2a: gonna hit|Starmie|100\/100\n|move|p1a: Grimmsnarl|Parting Shot|p2a: gonna hit\n|-unboost|p2a: gonna hit|atk|1\n|-unboost|p2a: gonna hit|spa|1\n|\n|t:|1699650051\n|switch|p1a: Sharpedo|Sharpedo-Mega, M, shiny|28\/100|[from] Parting Shot\n|\n|upkeep\n|turn|22\n|\n|t:|1699650060\n|move|p2a: gonna hit|Zap Cannon|p1a: Sharpedo|[miss]\n|-miss|p2a: gonna hit|p1a: Sharpedo\n|move|p1a: Sharpedo|Crunch|p2a: gonna hit\n|-supereffective|p2a: gonna hit\n|-damage|p2a: gonna hit|0 fnt\n|faint|p2a: gonna hit\n|\n|upkeep\n|\n|t:|1699650082\n|switch|p2a: yes i am a cat|Entei|100\/100\n|turn|23\n|\n|t:|1699650085\n|move|p2a: yes i am a cat|Extreme Speed|p1a: Sharpedo\n|-damage|p1a: Sharpedo|0 fnt\n|faint|p1a: Sharpedo\n|\n|upkeep\n|\n|t:|1699650089\n|switch|p1a: Turtonator|Turtonator, M, shiny|100\/100\n|turn|24\n|\n|t:|1699650094\n|switch|p2a: red chud|Scizor, F|91\/100\n|move|p1a: Turtonator|Shell Smash|p1a: Turtonator\n|-unboost|p1a: Turtonator|def|1\n|-unboost|p1a: Turtonator|spd|1\n|-boost|p1a: Turtonator|atk|2\n|-boost|p1a: Turtonator|spa|2\n|-boost|p1a: Turtonator|spe|2\n|\n|upkeep\n|turn|25\n|\n|t:|1699650100\n|move|p1a: Turtonator|Flamethrower|p2a: red chud\n|-supereffective|p2a: red chud\n|-damage|p2a: red chud|0 fnt\n|faint|p2a: red chud\n|\n|-sideend|p1: GameBored|Reflect\n|upkeep\n|\n|t:|1699650102\n|switch|p2a: yes i am a cat|Entei|100\/100\n|turn|26\n|\n|t:|1699650112\n|move|p1a: Turtonator|Draco Meteor|p2a: yes i am a cat\n|-damage|p2a: yes i am a cat|0 fnt\n|-unboost|p1a: Turtonator|spa|2\n|faint|p2a: yes i am a cat\n|\n|win|GameBored\n|raw|GameBored's rating: 1481 &rarr; <strong>1500<\/strong><br \/>(+19 for winning)\n|raw|imbleed's rating: 1463 &rarr; <strong>1444<\/strong><br \/>(-19 for losing)\n|l|\u2606imbleed\n|l|\u2606GameBored\n","uploadtime":1699650704,"views":7,"p1id":"gamebored","p2id":"imbleed","formatid":"gen9nationaldex","rating":1444,"private":0,"password":""}