{"id":"gen9nationaldex-1989688821","p1":"Sir GrandMaster","p2":"RUMYMOME","format":"[Gen 9] National Dex","log":"|j|\u2606Sir GrandMaster\n|j|\u2606RUMYMOME\n|inactive|Battle timer is ON: inactive players will automatically lose when time's up.\n|t:|1699887045\n|gametype|singles\n|player|p1|Sir GrandMaster|ghetsis|\n|player|p2|RUMYMOME|marshal|\n|teamsize|p1|6\n|teamsize|p2|6\n|gen|9\n|tier|[Gen 9] National Dex\n|rated|Tournament battle\n|rule|HP Percentage Mod: HP is shown in percentages\n|rule|Endless Battle Clause: Forcing endless battles is banned\n|rule|OHKO Clause: OHKO moves are banned\n|rule|Evasion Clause: Evasion abilities, items, and moves are banned\n|rule|Evasion Abilities Clause: Evasion abilities are banned\n|rule|Evasion Items Clause: Evasion items are banned\n|rule|Evasion Moves Clause: Evasion moves are banned\n|rule|Species Clause: Limit one of each Pok\u00e9mon\n|rule|Sleep Clause Mod: Limit one foe put to sleep\n|rule|Terastal Clause: You cannot Terastallize\n|rule|Sleep Moves Clause: Sleep-inducing moves are banned\n|rule|2 Ability Clause: Limit 2 of each ability\n|clearpoke\n|poke|p1|Polteageist|\n|poke|p1|Corviknight, M|\n|poke|p1|Arcanine-Hisui, F|\n|poke|p1|Ting-Lu|\n|poke|p1|Regieleki|\n|poke|p1|Chi-Yu|\n|poke|p2|Regieleki|\n|poke|p2|Cinderace, M|\n|poke|p2|Scream Tail|\n|poke|p2|Volcarona, M|\n|poke|p2|Gyarados, F|\n|poke|p2|Polteageist|\n|teampreview\n|j|*Lady Monita \u2746\n|inactive|RUMYMOME has 120 seconds left.\n|\n|t:|1699887095\n|start\n|switch|p1a: Regieleki|Regieleki|100\/100\n|switch|p2a: Gyarados|Gyarados, F|100\/100\n|-fieldstart|move: Electric Terrain|[from] ability: Hadron Engine|[of] p1a: Regieleki\n|turn|1\n|\n|t:|1699887103\n|move|p1a: Regieleki|Ancient Power|p2a: Gyarados\n|-supereffective|p2a: Gyarados\n|-damage|p2a: Gyarados|34\/100\n|move|p2a: Gyarados|Dragon Dance|p2a: Gyarados\n|-boost|p2a: Gyarados|atk|1\n|-boost|p2a: Gyarados|spe|1\n|\n|upkeep\n|turn|2\n|\n|t:|1699887108\n|move|p1a: Regieleki|Ancient Power|p2a: Gyarados\n|-supereffective|p2a: Gyarados\n|-damage|p2a: Gyarados|0 fnt\n|faint|p2a: Gyarados\n|\n|upkeep\n|\n|t:|1699887136\n|switch|p2a: Cinderace|Cinderace, M|100\/100\n|-ability|p2a: Cinderace|Sword of Ruin\n|turn|3\n|\n|t:|1699887144\n|switch|p1a: King Rhoam|Corviknight, M|100\/100\n|move|p2a: Cinderace|Sucker Punch||[still]\n|-fail|p2a: Cinderace\n|\n|upkeep\n|turn|4\n|\n|t:|1699887155\n|switch|p2a: Scream Tail|Scream Tail|100\/100\n|move|p1a: King Rhoam|Reflect|p1a: King Rhoam\n|-sidestart|p1: Sir GrandMaster|Reflect\n|\n|upkeep\n|turn|5\n|\n|t:|1699887159\n|move|p1a: King Rhoam|Light Screen|p1a: King Rhoam\n|-sidestart|p1: Sir GrandMaster|move: Light Screen\n|move|p2a: Scream Tail|Calm Mind|p2a: Scream Tail\n|-boost|p2a: Scream Tail|spa|1\n|-boost|p2a: Scream Tail|spd|1\n|\n|-fieldend|move: Electric Terrain\n|upkeep\n|turn|6\n|\n|t:|1699887162\n|move|p2a: Scream Tail|Calm Mind|p2a: Scream Tail\n|-boost|p2a: Scream Tail|spa|1\n|-boost|p2a: Scream Tail|spd|1\n|move|p1a: King Rhoam|U-turn|p2a: Scream Tail\n|-damage|p2a: Scream Tail|89\/100\n|\n|t:|1699887173\n|switch|p1a: Arcanine|Arcanine-Hisui, F|100\/100|[from] U-turn\n|\n|-heal|p2a: Scream Tail|96\/100|[from] item: Leftovers\n|upkeep\n|turn|7\n|\n|t:|1699887178\n|move|p2a: Scream Tail|Wish|p2a: Scream Tail\n|move|p1a: Arcanine|Flare Blitz|p2a: Scream Tail\n|-damage|p2a: Scream Tail|40\/100\n|-damage|p1a: Arcanine|83\/100|[from] Recoil\n|-damage|p1a: Arcanine|73\/100|[from] item: Life Orb\n|\n|-heal|p2a: Scream Tail|46\/100|[from] item: Leftovers\n|upkeep\n|turn|8\n|\n|t:|1699887186\n|move|p2a: Scream Tail|Stored Power|p1a: Arcanine\n|-damage|p1a: Arcanine|46\/100\n|move|p1a: Arcanine|Head Smash|p2a: Scream Tail\n|-crit|p2a: Scream Tail\n|-damage|p2a: Scream Tail|0 fnt\n|faint|p2a: Scream Tail\n|-damage|p1a: Arcanine|25\/100|[from] Recoil\n|-damage|p1a: Arcanine|15\/100|[from] item: Life Orb\n|\n|upkeep\n|\n|t:|1699887191\n|switch|p2a: Polteageist|Polteageist|100\/100\n|turn|9\n|\n|t:|1699887195\n|move|p2a: Polteageist|Shell Smash|p2a: Polteageist\n|-unboost|p2a: Polteageist|def|1\n|-unboost|p2a: Polteageist|spd|1\n|-boost|p2a: Polteageist|atk|2\n|-boost|p2a: Polteageist|spa|2\n|-boost|p2a: Polteageist|spe|2\n|move|p1a: Arcanine|Flare Blitz|p2a: Polteageist\n|-enditem|p2a: Polteageist|Focus Sash\n|-damage|p2a: Polteageist|1\/100\n|-status|p2a: Polteageist|brn\n|-damage|p1a: Arcanine|0 fnt|[from] Recoil\n|faint|p1a: Arcanine\n|\n|-damage|p2a: Polteageist|0 fnt|[from] brn\n|faint|p2a: Polteageist\n|upkeep\n|\n|t:|1699887206\n|switch|p2a: Cinderace|Cinderace, M|100\/100\n|switch|p1a: Wincon|Polteageist|100\/100\n|-ability|p2a: Cinderace|Sword of Ruin\n|turn|10\n|\n|t:|1699887211\n|move|p2a: Cinderace|Pyro Ball|p1a: Wincon\n|-damage|p1a: Wincon|33\/100\n|move|p1a: Wincon|Shell Smash|p1a: Wincon\n|-unboost|p1a: Wincon|def|1\n|-unboost|p1a: Wincon|spd|1\n|-boost|p1a: Wincon|atk|2\n|-boost|p1a: Wincon|spa|2\n|-boost|p1a: Wincon|spe|2\n|-enditem|p1a: Wincon|White Herb\n|-clearnegativeboost|p1a: Wincon|[silent]\n|\n|upkeep\n|turn|11\n|\n|t:|1699887218\n|move|p1a: Wincon|Shell Smash|p1a: Wincon\n|-unboost|p1a: Wincon|def|1\n|-unboost|p1a: Wincon|spd|1\n|-boost|p1a: Wincon|atk|2\n|-boost|p1a: Wincon|spa|2\n|-boost|p1a: Wincon|spe|2\n|move|p2a: Cinderace|Pyro Ball|p1a: Wincon\n|-damage|p1a: Wincon|0 fnt\n|faint|p1a: Wincon\n|\n|-sideend|p1: Sir GrandMaster|Reflect\n|upkeep\n|\n|t:|1699887221\n|switch|p1a: Regieleki|Regieleki|100\/100\n|-fieldstart|move: Electric Terrain|[from] ability: Hadron Engine|[of] p1a: Regieleki\n|turn|12\n|\n|t:|1699887224\n|move|p1a: Regieleki|Rising Voltage|p2a: Cinderace\n|-hint|Rising Voltage's BP doubled on grounded target.\n|-damage|p2a: Cinderace|0 fnt\n|faint|p2a: Cinderace\n|\n|-sideend|p1: Sir GrandMaster|move: Light Screen\n|upkeep\n|\n|t:|1699887228\n|switch|p2a: Volcarona|Volcarona, M|100\/100\n|-weather|DesolateLand|[from] ability: Desolate Land|[of] p2a: Volcarona\n|turn|13\n|\n|t:|1699887230\n|move|p1a: Regieleki|Rising Voltage|p2a: Volcarona\n|-hint|Rising Voltage's BP doubled on grounded target.\n|-enditem|p2a: Volcarona|Focus Sash\n|-damage|p2a: Volcarona|1\/100\n|move|p2a: Volcarona|Fiery Dance|p1a: Regieleki\n|-damage|p1a: Regieleki|0 fnt\n|faint|p1a: Regieleki\n|\n|-weather|DesolateLand|[upkeep]\n|upkeep\n|\n|t:|1699887239\n|switch|p1a: Chi-Yu|Chi-Yu|100\/100\n|turn|14\n|\n|t:|1699887244\n|move|p1a: Chi-Yu|Flamethrower|p2a: Volcarona\n|-damage|p2a: Volcarona|0 fnt\n|faint|p2a: Volcarona\n|\n|-weather|DesolateLand|[upkeep]\n|upkeep\n|\n|t:|1699887246\n|switch|p2a: Regieleki|Regieleki|100\/100\n|turn|15\n|\n|t:|1699887249\n|move|p2a: Regieleki|Thunderbolt|p1a: Chi-Yu\n|-damage|p1a: Chi-Yu|38\/100\n|move|p1a: Chi-Yu|Flamethrower|p2a: Regieleki\n|-damage|p2a: Regieleki|0 fnt\n|faint|p2a: Regieleki\n|\n|win|Sir GrandMaster\n|n|\u2606Sir GrandMaster|sirgrandmaster\n|n|\u2606RUMYMOME|rumymome\n|n|*Lady Monita \u2746|ladymonita\n","uploadtime":1699887251,"views":5,"p1id":"sirgrandmaster","p2id":"rumymome","formatid":"gen9nationaldex","rating":0,"private":0,"password":""}