{"id":"gen9nationaldex-1995881077","p1":"Marty1010","p2":"marcoloureiro","format":"[Gen 9] National Dex","log":"|html|<div class=\"broadcast-blue\"><strong>[Gen 9] National Dex is currently suspecting Sneasler! For information on how to participate check out the <a href=\"https:\/\/www.smogon.com\/forums\/threads\/sv-national-dex-suspect-8-just-dance.3731534\/\">suspect thread<\/a>.<\/strong><\/div>\n|j|\u2606Marty1010\n|j|\u2606marcoloureiro\n|t:|1700613010\n|gametype|singles\n|player|p1|Marty1010|blackbelt-gen4|1301\n|player|p2|marcoloureiro|265|1289\n|teamsize|p1|6\n|teamsize|p2|6\n|gen|9\n|tier|[Gen 9] National Dex\n|rated|\n|rule|HP Percentage Mod: HP is shown in percentages\n|rule|Endless Battle Clause: Forcing endless battles is banned\n|rule|OHKO Clause: OHKO moves are banned\n|rule|Evasion Clause: Evasion abilities, items, and moves are banned\n|rule|Evasion Abilities Clause: Evasion abilities are banned\n|rule|Evasion Items Clause: Evasion items are banned\n|rule|Evasion Moves Clause: Evasion moves are banned\n|rule|Species Clause: Limit one of each Pok\u00e9mon\n|rule|Sleep Clause Mod: Limit one foe put to sleep\n|clearpoke\n|poke|p1|Charizard, F|\n|poke|p1|Leafeon, M|\n|poke|p1|Ferrothorn, M|\n|poke|p1|Corviknight, F|\n|poke|p1|Garganacl, M|\n|poke|p1|Toxapex, F|\n|poke|p2|Charizard, M|\n|poke|p2|Tyranitar, M|\n|poke|p2|Gyarados, M|\n|poke|p2|Serperior, F|\n|poke|p2|Ribombee, F|\n|poke|p2|Sirfetch\u2019d, M|\n|teampreview\n|inactive|Battle timer is ON: inactive players will automatically lose when time's up. (requested by marcoloureiro)\n|\n|t:|1700613019\n|start\n|switch|p1a: Spikey|Ferrothorn, M|100\/100\n|switch|p2a: Tyranitar|Tyranitar, M|100\/100\n|-weather|Sandstorm|[from] ability: Sand Stream|[of] p2a: Tyranitar\n|turn|1\n|\n|t:|1700613031\n|-terastallize|p2a: Tyranitar|Steel\n|move|p2a: Tyranitar|Earthquake|p1a: Spikey\n|-crit|p1a: Spikey\n|-damage|p1a: Spikey|68\/100\n|move|p1a: Spikey|Leech Seed|p2a: Tyranitar\n|-start|p2a: Tyranitar|move: Leech Seed\n|\n|-weather|Sandstorm|[upkeep]\n|-heal|p1a: Spikey|74\/100|[from] item: Leftovers\n|-damage|p2a: Tyranitar|88\/100|[from] Leech Seed|[of] p1a: Spikey\n|-heal|p1a: Spikey|88\/100|[silent]\n|upkeep\n|turn|2\n|\n|t:|1700613041\n|switch|p2a: Charizard|Charizard, M|100\/100\n|move|p1a: Spikey|Stealth Rock|p2a: Charizard\n|-sidestart|p2: marcoloureiro|move: Stealth Rock\n|\n|-weather|Sandstorm|[upkeep]\n|-damage|p2a: Charizard|94\/100|[from] Sandstorm\n|-heal|p1a: Spikey|94\/100|[from] item: Leftovers\n|upkeep\n|turn|3\n|\n|t:|1700613051\n|switch|p1a: Poison|Toxapex, F|100\/100\n|detailschange|p2a: Charizard|Charizard-Mega-Y, M\n|-mega|p2a: Charizard|Charizard|Charizardite Y\n|-weather|SunnyDay|[from] ability: Drought|[of] p2a: Charizard\n|move|p2a: Charizard|Weather Ball|p1a: Poison\n|-resisted|p1a: Poison\n|-damage|p1a: Poison|63\/100\n|\n|-weather|SunnyDay|[upkeep]\n|-heal|p1a: Poison|70\/100|[from] item: Black Sludge\n|upkeep\n|turn|4\n|\n|t:|1700613065\n|move|p1a: Poison|Baneful Bunker|p1a: Poison\n|-singleturn|p1a: Poison|move: Protect\n|move|p2a: Charizard|Scorching Sands|p1a: Poison\n|-activate|p1a: Poison|move: Protect\n|\n|-weather|SunnyDay|[upkeep]\n|-heal|p1a: Poison|76\/100|[from] item: Black Sludge\n|upkeep\n|turn|5\n|\n|t:|1700613074\n|switch|p1a: Corviknight|Corviknight, F|100\/100\n|-ability|p1a: Corviknight|Pressure\n|move|p2a: Charizard|Scorching Sands|p1a: Corviknight\n|-immune|p1a: Corviknight\n|\n|-weather|SunnyDay|[upkeep]\n|upkeep\n|turn|6\n|\n|t:|1700613083\n|switch|p1a: Poison|Toxapex, F|100\/100\n|move|p2a: Charizard|Weather Ball|p1a: Poison\n|-resisted|p1a: Poison\n|-damage|p1a: Poison|61\/100\n|\n|-weather|SunnyDay|[upkeep]\n|-heal|p1a: Poison|67\/100|[from] item: Black Sludge\n|upkeep\n|turn|7\n|\n|t:|1700613093\n|move|p1a: Poison|Baneful Bunker|p1a: Poison\n|-singleturn|p1a: Poison|move: Protect\n|move|p2a: Charizard|Solar Beam||[still]\n|-prepare|p2a: Charizard|Solar Beam\n|-anim|p2a: Charizard|Solar Beam|p1a: Poison\n|-activate|p1a: Poison|move: Protect\n|\n|-weather|none\n|-heal|p1a: Poison|74\/100|[from] item: Black Sludge\n|upkeep\n|turn|8\n|\n|t:|1700613110\n|switch|p2a: Ribombee|Ribombee, F|100\/100\n|-damage|p2a: Ribombee|76\/100|[from] Stealth Rock\n|move|p1a: Poison|Toxic Spikes|p2a: Ribombee\n|-sidestart|p2: marcoloureiro|move: Toxic Spikes\n|\n|-heal|p1a: Poison|80\/100|[from] item: Black Sludge\n|upkeep\n|turn|9\n|\n|t:|1700613119\n|switch|p1a: Spikey|Ferrothorn, M|94\/100\n|move|p2a: Ribombee|Quiver Dance|p2a: Ribombee\n|-boost|p2a: Ribombee|spa|1\n|-boost|p2a: Ribombee|spd|1\n|-boost|p2a: Ribombee|spe|1\n|\n|-heal|p1a: Spikey|99\/100|[from] item: Leftovers\n|upkeep\n|turn|10\n|\n|t:|1700613130\n|move|p2a: Ribombee|Bug Buzz|p1a: Spikey\n|-damage|p1a: Spikey|49\/100\n|move|p1a: Spikey|Gyro Ball|p2a: Ribombee\n|-supereffective|p2a: Ribombee\n|-damage|p2a: Ribombee|0 fnt\n|faint|p2a: Ribombee\n|\n|-heal|p1a: Spikey|55\/100|[from] item: Leftovers\n|upkeep\n|\n|t:|1700613137\n|switch|p2a: Charizard|Charizard-Mega-Y, M|94\/100\n|-damage|p2a: Charizard|45\/100|[from] Stealth Rock\n|-weather|SunnyDay|[from] ability: Drought|[of] p2a: Charizard\n|turn|11\n|\n|t:|1700613145\n|switch|p1a: Corviknight|Corviknight, F|100\/100\n|-ability|p1a: Corviknight|Pressure\n|move|p2a: Charizard|Scorching Sands|p1a: Corviknight\n|-immune|p1a: Corviknight\n|\n|-weather|SunnyDay|[upkeep]\n|upkeep\n|turn|12\n|\n|t:|1700613159\n|switch|p1a: Spikey|Ferrothorn, M|55\/100\n|move|p2a: Charizard|Weather Ball|p1a: Spikey\n|-supereffective|p1a: Spikey\n|-damage|p1a: Spikey|0 fnt\n|faint|p1a: Spikey\n|\n|-weather|SunnyDay|[upkeep]\n|upkeep\n|\n|t:|1700613168\n|switch|p1a: Leon|Leafeon, M|100\/100\n|turn|13\n|\n|t:|1700613176\n|-terastallize|p1a: Leon|Dark\n|move|p1a: Leon|Tera Blast|p2a: Charizard|[anim] Tera Blast Dark\n|-damage|p2a: Charizard|0 fnt\n|faint|p2a: Charizard\n|\n|-weather|SunnyDay|[upkeep]\n|upkeep\n|\n|t:|1700613193\n|switch|p2a: Sirfetch\u2019d|Sirfetch\u2019d, M|100\/100\n|-damage|p2a: Sirfetch\u2019d|94\/100|[from] Stealth Rock\n|-status|p2a: Sirfetch\u2019d|psn\n|turn|14\n|\n|t:|1700613201\n|switch|p1a: Corviknight|Corviknight, F|100\/100\n|-ability|p1a: Corviknight|Pressure\n|move|p2a: Sirfetch\u2019d|First Impression|p1a: Corviknight\n|-resisted|p1a: Corviknight\n|-crit|p1a: Corviknight\n|-damage|p1a: Corviknight|90\/100\n|\n|-weather|SunnyDay|[upkeep]\n|-damage|p2a: Sirfetch\u2019d|82\/100 psn|[from] psn\n|upkeep\n|turn|15\n|\n|t:|1700613212\n|move|p1a: Corviknight|Iron Defense|p1a: Corviknight\n|-boost|p1a: Corviknight|def|2\n|move|p2a: Sirfetch\u2019d|Night Slash|p1a: Corviknight\n|-crit|p1a: Corviknight\n|-damage|p1a: Corviknight|55\/100\n|\n|-weather|none\n|-damage|p2a: Sirfetch\u2019d|69\/100 psn|[from] psn\n|upkeep\n|turn|16\n|\n|t:|1700613220\n|move|p1a: Corviknight|Roost|p1a: Corviknight\n|-heal|p1a: Corviknight|100\/100\n|-singleturn|p1a: Corviknight|move: Roost\n|move|p2a: Sirfetch\u2019d|Night Slash|p1a: Corviknight\n|-crit|p1a: Corviknight\n|-damage|p1a: Corviknight|66\/100\n|\n|-damage|p2a: Sirfetch\u2019d|57\/100 psn|[from] psn\n|upkeep\n|turn|17\n|\n|t:|1700613228\n|move|p1a: Corviknight|Roost|p1a: Corviknight\n|-heal|p1a: Corviknight|100\/100\n|-singleturn|p1a: Corviknight|move: Roost\n|move|p2a: Sirfetch\u2019d|Night Slash|p1a: Corviknight\n|-crit|p1a: Corviknight\n|-damage|p1a: Corviknight|64\/100\n|\n|-damage|p2a: Sirfetch\u2019d|44\/100 psn|[from] psn\n|upkeep\n|turn|18\n|\n|t:|1700613243\n|move|p1a: Corviknight|Body Press|p2a: Sirfetch\u2019d\n|-damage|p2a: Sirfetch\u2019d|4\/100 psn\n|move|p2a: Sirfetch\u2019d|Close Combat|p1a: Corviknight\n|-crit|p1a: Corviknight\n|-damage|p1a: Corviknight|0 fnt\n|-unboost|p2a: Sirfetch\u2019d|def|1\n|-unboost|p2a: Sirfetch\u2019d|spd|1\n|faint|p1a: Corviknight\n|\n|-damage|p2a: Sirfetch\u2019d|0 fnt|[from] psn\n|faint|p2a: Sirfetch\u2019d\n|upkeep\n|\n|t:|1700613261\n|switch|p1a: Charli|Charizard, F|100\/100\n|switch|p2a: Tyranitar|Tyranitar, M, tera:Steel|88\/100\n|-damage|p2a: Tyranitar|82\/100|[from] Stealth Rock\n|-weather|Sandstorm|[from] ability: Sand Stream|[of] p2a: Tyranitar\n|turn|19\n|\n|t:|1700613270\n|detailschange|p1a: Charli|Charizard-Mega-Y, F\n|-mega|p1a: Charli|Charizard|Charizardite Y\n|-weather|SunnyDay|[from] ability: Drought|[of] p1a: Charli\n|move|p1a: Charli|Weather Ball|p2a: Tyranitar\n|-supereffective|p2a: Tyranitar\n|-damage|p2a: Tyranitar|0 fnt\n|faint|p2a: Tyranitar\n|\n|-weather|SunnyDay|[upkeep]\n|upkeep\n|\n|t:|1700613284\n|switch|p2a: Gyarados|Gyarados, M, shiny|100\/100\n|-damage|p2a: Gyarados|76\/100|[from] Stealth Rock\n|-ability|p2a: Gyarados|Intimidate|boost\n|-unboost|p1a: Charli|atk|1\n|turn|20\n|\n|t:|1700613294\n|move|p1a: Charli|Ancient Power|p2a: Gyarados\n|-supereffective|p2a: Gyarados\n|-damage|p2a: Gyarados|21\/100\n|-enditem|p2a: Gyarados|Weakness Policy\n|-boost|p2a: Gyarados|atk|2|[from] item: Weakness Policy\n|-boost|p2a: Gyarados|spa|2|[from] item: Weakness Policy\n|move|p2a: Gyarados|Dragon Dance|p2a: Gyarados\n|-boost|p2a: Gyarados|atk|1\n|-boost|p2a: Gyarados|spe|1\n|\n|-weather|SunnyDay|[upkeep]\n|upkeep\n|turn|21\n|\n|t:|1700613308\n|move|p2a: Gyarados|Waterfall|p1a: Charli\n|-supereffective|p1a: Charli\n|-damage|p1a: Charli|0 fnt\n|faint|p1a: Charli\n|\n|-weather|SunnyDay|[upkeep]\n|upkeep\n|\n|t:|1700613314\n|switch|p1a: Leon|Leafeon, M, tera:Dark|100\/100\n|turn|22\n|\n|t:|1700613319\n|move|p1a: Leon|Tera Blast|p2a: Gyarados|[anim] Tera Blast Dark\n|-damage|p2a: Gyarados|0 fnt\n|faint|p2a: Gyarados\n|\n|-weather|SunnyDay|[upkeep]\n|upkeep\n|\n|t:|1700613324\n|switch|p2a: Serperior|Serperior, F|100\/100\n|-damage|p2a: Serperior|88\/100|[from] Stealth Rock\n|-status|p2a: Serperior|psn\n|turn|23\n|c|\u2606Marty1010|gg\n|\n|t:|1700613330\n|move|p1a: Leon|Tera Blast|p2a: Serperior|[anim] Tera Blast Dark\n|-damage|p2a: Serperior|9\/100 psn\n|move|p2a: Serperior|Leaf Storm|p1a: Leon\n|-damage|p1a: Leon|3\/100\n|-boost|p2a: Serperior|spa|2\n|\n|-weather|none\n|-heal|p2a: Serperior|16\/100 psn|[from] item: Leftovers\n|-damage|p2a: Serperior|3\/100 psn|[from] psn\n|upkeep\n|turn|24\n|\n|t:|1700613341\n|move|p2a: Serperior|Dragon Pulse|p1a: Leon\n|-damage|p1a: Leon|0 fnt\n|faint|p1a: Leon\n|\n|-heal|p2a: Serperior|9\/100 psn|[from] item: Leftovers\n|-damage|p2a: Serperior|0 fnt|[from] psn\n|faint|p2a: Serperior\n|\n|win|Marty1010\n|upkeep\n|raw|Marty1010's rating: 1301 &rarr; <strong>1320<\/strong><br \/>(+19 for winning)\n|raw|marcoloureiro's rating: 1289 &rarr; <strong>1265<\/strong><br \/>(-24 for losing)\n|l|\u2606marcoloureiro\n","uploadtime":1700613823,"views":6,"p1id":"marty1010","p2id":"marcoloureiro","formatid":"gen9nationaldex","rating":1265,"private":0,"password":""}