{"id":"gen9nationaldex-1997312284","p1":"Gamer00ooO","p2":"Martu2863","format":"[Gen 9] National Dex","log":"|html|<div class=\"broadcast-blue\"><strong>[Gen 9] National Dex is currently suspecting Sneasler! For information on how to participate check out the <a href=\"https:\/\/www.smogon.com\/forums\/threads\/sv-national-dex-suspect-8-just-dance.3731534\/\">suspect thread<\/a>.<\/strong><\/div>\n|j|\u2606Gamer00ooO\n|j|\u2606Martu2863\n|t:|1700788002\n|gametype|singles\n|player|p1|Gamer00ooO|hilbert|\n|player|p2|Martu2863|cynthia-gen7|\n|teamsize|p1|6\n|teamsize|p2|6\n|gen|9\n|tier|[Gen 9] National Dex\n|rule|HP Percentage Mod: HP is shown in percentages\n|rule|Endless Battle Clause: Forcing endless battles is banned\n|rule|OHKO Clause: OHKO moves are banned\n|rule|Evasion Clause: Evasion abilities, items, and moves are banned\n|rule|Evasion Abilities Clause: Evasion abilities are banned\n|rule|Evasion Items Clause: Evasion items are banned\n|rule|Evasion Moves Clause: Evasion moves are banned\n|rule|Species Clause: Limit one of each Pok\u00e9mon\n|rule|Sleep Clause Mod: Limit one foe put to sleep\n|clearpoke\n|poke|p1|Iron Valiant|\n|poke|p1|Weezing-Galar, F|\n|poke|p1|Diancie|\n|poke|p1|Gliscor, F|\n|poke|p1|Gardevoir, F|\n|poke|p1|Klefki, M|\n|poke|p2|Krookodile, M|\n|poke|p2|Moltres|\n|poke|p2|Tapu Fini|\n|poke|p2|Rillaboom, M|\n|poke|p2|Kartana|\n|poke|p2|Manectric, M|\n|teampreview\n|c|\u2606Martu2863|Suerte\n|inactive|Battle timer is ON: inactive players will automatically lose when time's up. (requested by Martu2863)\n|j| RARMolina\n|inactive|Gamer00ooO has 270 seconds left.\n|\n|t:|1700788064\n|start\n|switch|p1a: Llaveros|Klefki, M|100\/100\n|switch|p2a: Zen|Manectric, M|100\/100\n|turn|1\n|inactive|Martu2863 has 270 seconds left.\n|\n|t:|1700788101\n|detailschange|p2a: Zen|Manectric-Mega, M\n|-mega|p2a: Zen|Manectric|Manectite\n|-ability|p2a: Zen|Intimidate|boost\n|-unboost|p1a: Llaveros|atk|1\n|move|p1a: Llaveros|Light Screen|p1a: Llaveros\n|-sidestart|p1: Gamer00ooO|move: Light Screen\n|move|p2a: Zen|Flamethrower|p1a: Llaveros\n|-supereffective|p1a: Llaveros\n|-damage|p1a: Llaveros|67\/100\n|\n|upkeep\n|turn|2\n|inactive|Martu2863 has 270 seconds left.\n|\n|t:|1700788125\n|switch|p1a: Steven|Diancie|100\/100\n|move|p2a: Zen|Volt Switch|p1a: Steven\n|-damage|p1a: Steven|88\/100\n|c| RARMolina|Dale con la silla gamer\n|inactive|Martu2863 has 270 seconds left.\n|\n|t:|1700788135\n|switch|p2a: Kami|Kartana|100\/100|[from] Volt Switch\n|\n|-heal|p1a: Steven|94\/100|[from] item: Leftovers\n|upkeep\n|turn|3\n|inactive|Martu2863 has 270 seconds left.\n|\n|t:|1700788147\n|-terastallize|p1a: Steven|Electric\n|-zpower|p2a: Kami\n|move|p2a: Kami|Corkscrew Crash|p1a: Steven|[zeffect]\n|-resisted|p1a: Steven\n|-damage|p1a: Steven|57\/100\n|move|p1a: Steven|Iron Defense|p1a: Steven\n|-boost|p1a: Steven|def|2\n|\n|-heal|p1a: Steven|63\/100|[from] item: Leftovers\n|upkeep\n|turn|4\n|inactive|Martu2863 has 270 seconds left.\n|\n|t:|1700788169\n|switch|p2a: Fenix|Moltres|100\/100\n|move|p1a: Steven|Body Press|p2a: Fenix\n|-resisted|p2a: Fenix\n|-damage|p2a: Fenix|78\/100\n|-status|p1a: Steven|brn|[from] ability: Flame Body|[of] p2a: Fenix\n|\n|-heal|p1a: Steven|69\/100 brn|[from] item: Leftovers\n|-damage|p1a: Steven|63\/100 brn|[from] brn\n|upkeep\n|turn|5\n|\n|t:|1700788181\n|-terastallize|p2a: Fenix|Water\n|move|p2a: Fenix|Flamethrower|p1a: Steven\n|-damage|p1a: Steven|50\/100 brn\n|move|p1a: Steven|Diamond Storm|p2a: Fenix\n|-damage|p2a: Fenix|66\/100\n|\n|-heal|p1a: Steven|56\/100 brn|[from] item: Leftovers\n|-damage|p1a: Steven|50\/100 brn|[from] brn\n|upkeep\n|turn|6\n|\n|t:|1700788200\n|move|p2a: Fenix|Flamethrower|p1a: Steven\n|-damage|p1a: Steven|36\/100 brn\n|move|p1a: Steven|Iron Defense|p1a: Steven\n|-boost|p1a: Steven|def|2\n|\n|-heal|p1a: Steven|42\/100 brn|[from] item: Leftovers\n|-damage|p1a: Steven|36\/100 brn|[from] brn\n|upkeep\n|turn|7\n|\n|t:|1700788209\n|move|p2a: Fenix|Flamethrower|p1a: Steven\n|-damage|p1a: Steven|21\/100 brn\n|move|p1a: Steven|Body Press|p2a: Fenix\n|-damage|p2a: Fenix|35\/100\n|\n|-heal|p1a: Steven|27\/100 brn|[from] item: Leftovers\n|-damage|p1a: Steven|21\/100 brn|[from] brn\n|upkeep\n|turn|8\n|inactive|Martu2863 has 270 seconds left.\n|\n|t:|1700788216\n|move|p2a: Fenix|Roost|p2a: Fenix\n|-heal|p2a: Fenix|85\/100\n|move|p1a: Steven|Body Press|p2a: Fenix\n|-damage|p2a: Fenix|52\/100\n|\n|-heal|p1a: Steven|27\/100 brn|[from] item: Leftovers\n|-damage|p1a: Steven|21\/100 brn|[from] brn\n|-sideend|p1: Gamer00ooO|move: Light Screen\n|upkeep\n|turn|9\n|\n|t:|1700788222\n|move|p2a: Fenix|Roost|p2a: Fenix\n|-heal|p2a: Fenix|100\/100\n|move|p1a: Steven|Body Press|p2a: Fenix\n|-damage|p2a: Fenix|71\/100\n|\n|-heal|p1a: Steven|27\/100 brn|[from] item: Leftovers\n|-damage|p1a: Steven|21\/100 brn|[from] brn\n|upkeep\n|turn|10\n|\n|t:|1700788233\n|move|p2a: Fenix|Flamethrower|p1a: Steven\n|-damage|p1a: Steven|0 fnt\n|faint|p1a: Steven\n|\n|upkeep\n|\n|t:|1700788244\n|switch|p1a: Patriota de hierro|Iron Valiant|100\/100\n|turn|11\n|\n|t:|1700788253\n|move|p1a: Patriota de hierro|Thunderbolt|p2a: Fenix\n|-supereffective|p2a: Fenix\n|-damage|p2a: Fenix|9\/100\n|move|p2a: Fenix|Toxic|p1a: Patriota de hierro\n|-status|p1a: Patriota de hierro|tox\n|\n|-damage|p1a: Patriota de hierro|94\/100 tox|[from] psn\n|upkeep\n|turn|12\n|\n|t:|1700788260\n|move|p1a: Patriota de hierro|Thunderbolt|p2a: Fenix\n|-supereffective|p2a: Fenix\n|-damage|p2a: Fenix|0 fnt\n|faint|p2a: Fenix\n|\n|-damage|p1a: Patriota de hierro|82\/100 tox|[from] psn\n|upkeep\n|\n|t:|1700788263\n|switch|p2a: Kanaloa|Tapu Fini|100\/100\n|-fieldstart|move: Misty Terrain|[from] ability: Misty Surge|[of] p2a: Kanaloa\n|turn|13\n|c| RARMolina|Martu que le das a ese moltres?\n|\n|t:|1700788275\n|move|p1a: Patriota de hierro|Thunderbolt|p2a: Kanaloa\n|-supereffective|p2a: Kanaloa\n|-damage|p2a: Kanaloa|67\/100\n|move|p2a: Kanaloa|Calm Mind|p2a: Kanaloa\n|-boost|p2a: Kanaloa|spa|1\n|-boost|p2a: Kanaloa|spd|1\n|\n|-heal|p2a: Kanaloa|73\/100|[from] item: Leftovers\n|-damage|p1a: Patriota de hierro|63\/100 tox|[from] psn\n|upkeep\n|turn|14\n|\n|t:|1700788292\n|move|p1a: Patriota de hierro|Shadow Ball|p2a: Kanaloa\n|-damage|p2a: Kanaloa|62\/100\n|move|p2a: Kanaloa|Draining Kiss|p1a: Patriota de hierro\n|-supereffective|p1a: Patriota de hierro\n|-damage|p1a: Patriota de hierro|9\/100 tox\n|-heal|p2a: Kanaloa|97\/100|[from] drain|[of] p1a: Patriota de hierro\n|\n|-heal|p2a: Kanaloa|100\/100|[from] item: Leftovers\n|-damage|p1a: Patriota de hierro|0 fnt|[from] psn\n|faint|p1a: Patriota de hierro\n|-end|p1a: Patriota de hierro|Quark Drive|[silent]\n|upkeep\n|\n|t:|1700788298\n|switch|p1a: Llaveros|Klefki, M|67\/100\n|turn|15\n|\n|t:|1700788301\n|switch|p2a: Zen|Manectric-Mega, M|100\/100\n|-ability|p2a: Zen|Intimidate|boost\n|-unboost|p1a: Llaveros|atk|1\n|move|p1a: Llaveros|Light Screen|p1a: Llaveros\n|-sidestart|p1: Gamer00ooO|move: Light Screen\n|\n|upkeep\n|turn|16\n|\n|t:|1700788311\n|switch|p1a: Scorp corp|Gliscor, F|100\/100\n|move|p2a: Zen|Volt Switch|p1a: Scorp corp\n|-immune|p1a: Scorp corp\n|\n|-status|p1a: Scorp corp|tox|[from] item: Toxic Orb\n|upkeep\n|turn|17\n|\n|t:|1700788324\n|switch|p2a: Tarzan|Rillaboom, M|100\/100\n|-fieldstart|move: Grassy Terrain|[from] ability: Grassy Surge|[of] p2a: Tarzan\n|move|p1a: Scorp corp|Swords Dance|p1a: Scorp corp\n|-boost|p1a: Scorp corp|atk|2\n|\n|upkeep\n|turn|18\n|\n|t:|1700788331\n|move|p2a: Tarzan|Grassy Glide|p1a: Scorp corp\n|-damage|p1a: Scorp corp|48\/100 tox\n|move|p1a: Scorp corp|Facade|p2a: Tarzan\n|-damage|p2a: Tarzan|13\/100\n|\n|-heal|p2a: Tarzan|20\/100|[from] Grassy Terrain\n|-heal|p1a: Scorp corp|60\/100 tox|[from] ability: Poison Heal\n|upkeep\n|turn|19\n|\n|t:|1700788340\n|switch|p1a: Eco Eco|Gardevoir, F|100\/100\n|-ability|p1a: Eco Eco|Grassy Surge|[from] ability: Trace|[of] p2a: Tarzan\n|move|p2a: Tarzan|Grassy Glide|p1a: Eco Eco\n|-damage|p1a: Eco Eco|32\/100\n|\n|-heal|p2a: Tarzan|26\/100|[from] Grassy Terrain\n|-heal|p1a: Eco Eco|38\/100|[from] Grassy Terrain\n|upkeep\n|turn|20\n|\n|t:|1700788349\n|detailschange|p1a: Eco Eco|Gardevoir-Mega, F\n|-mega|p1a: Eco Eco|Gardevoir|Gardevoirite\n|move|p2a: Tarzan|Grassy Glide|p1a: Eco Eco\n|-damage|p1a: Eco Eco|0 fnt\n|faint|p1a: Eco Eco\n|\n|-heal|p2a: Tarzan|32\/100|[from] Grassy Terrain\n|upkeep\n|\n|t:|1700788359\n|switch|p1a: Scorp corp|Gliscor, F|60\/100 tox\n|turn|21\n|\n|t:|1700788363\n|move|p2a: Tarzan|Grassy Glide|p1a: Scorp corp\n|-damage|p1a: Scorp corp|5\/100 tox\n|move|p1a: Scorp corp|Facade|p2a: Tarzan\n|-damage|p2a: Tarzan|0 fnt\n|faint|p2a: Tarzan\n|\n|-heal|p1a: Scorp corp|18\/100 tox|[from] ability: Poison Heal\n|-fieldend|move: Grassy Terrain\n|upkeep\n|\n|t:|1700788368\n|switch|p2a: Kami|Kartana|100\/100\n|turn|22\n|\n|t:|1700788379\n|move|p2a: Kami|Leaf Blade|p1a: Scorp corp\n|-damage|p1a: Scorp corp|0 fnt\n|faint|p1a: Scorp corp\n|-ability|p2a: Kami|Beast Boost|boost\n|-boost|p2a: Kami|atk|1\n|\n|-sideend|p1: Gamer00ooO|move: Light Screen\n|upkeep\n|\n|t:|1700788383\n|switch|p1a: Sr de carb\u00f3n|Weezing-Galar, F|100\/100\n|-fieldstart|move: Misty Terrain|[from] ability: Misty Surge|[of] p1a: Sr de carb\u00f3n\n|turn|23\n|\n|t:|1700788387\n|move|p2a: Kami|Smart Strike|p1a: Sr de carb\u00f3n\n|-supereffective|p1a: Sr de carb\u00f3n\n|-enditem|p1a: Sr de carb\u00f3n|Focus Sash\n|-damage|p1a: Sr de carb\u00f3n|1\/100\n|move|p1a: Sr de carb\u00f3n|Flamethrower|p2a: Kami\n|-supereffective|p2a: Kami\n|-damage|p2a: Kami|0 fnt\n|faint|p2a: Kami\n|\n|upkeep\n|\n|t:|1700788400\n|switch|p2a: Zen|Manectric-Mega, M|100\/100\n|-ability|p2a: Zen|Intimidate|boost\n|-unboost|p1a: Sr de carb\u00f3n|atk|1\n|turn|24\n|\n|t:|1700788404\n|move|p2a: Zen|Volt Switch|p1a: Sr de carb\u00f3n\n|-damage|p1a: Sr de carb\u00f3n|0 fnt\n|faint|p1a: Sr de carb\u00f3n\n|\n|t:|1700788407\n|switch|p2a: Gavial|Krookodile, M|100\/100|[from] Volt Switch\n|\n|upkeep\n|\n|t:|1700788409\n|switch|p1a: Llaveros|Klefki, M|67\/100\n|turn|25\n|\n|t:|1700788412\n|move|p1a: Llaveros|Reflect|p1a: Llaveros\n|-sidestart|p1: Gamer00ooO|Reflect\n|move|p2a: Gavial|Earthquake|p1a: Llaveros\n|-supereffective|p1a: Llaveros\n|-damage|p1a: Llaveros|22\/100\n|\n|upkeep\n|turn|26\n|c|\u2606Martu2863|Gg\n|\n|t:|1700788419\n|move|p1a: Llaveros|Light Screen|p1a: Llaveros\n|-sidestart|p1: Gamer00ooO|move: Light Screen\n|move|p2a: Gavial|Earthquake|p1a: Llaveros\n|-supereffective|p1a: Llaveros\n|-damage|p1a: Llaveros|0 fnt\n|faint|p1a: Llaveros\n|\n|win|Martu2863\n","uploadtime":1700788424,"views":4,"p1id":"gamer00ooo","p2id":"martu2863","formatid":"gen9nationaldex","rating":0,"private":0,"password":""}