{"id":"gen9nationaldex-1997304920","p1":"Xhrixs","p2":"TheStroker","format":"[Gen 9] National Dex","log":"|html|<div class=\"broadcast-blue\"><strong>[Gen 9] National Dex is currently suspecting Sneasler! For information on how to participate check out the <a href=\"https:\/\/www.smogon.com\/forums\/threads\/sv-national-dex-suspect-8-just-dance.3731534\/\">suspect thread<\/a>.<\/strong><\/div>\n|j|\u2606Xhrixs\n|j|\u2606TheStroker\n|t:|1700787087\n|gametype|singles\n|player|p1|Xhrixs|101|1452\n|player|p2|TheStroker|janitor|1566\n|teamsize|p1|6\n|teamsize|p2|6\n|gen|9\n|tier|[Gen 9] National Dex\n|rated|\n|rule|HP Percentage Mod: HP is shown in percentages\n|rule|Endless Battle Clause: Forcing endless battles is banned\n|rule|OHKO Clause: OHKO moves are banned\n|rule|Evasion Clause: Evasion abilities, items, and moves are banned\n|rule|Evasion Abilities Clause: Evasion abilities are banned\n|rule|Evasion Items Clause: Evasion items are banned\n|rule|Evasion Moves Clause: Evasion moves are banned\n|rule|Species Clause: Limit one of each Pok\u00e9mon\n|rule|Sleep Clause Mod: Limit one foe put to sleep\n|clearpoke\n|poke|p1|Rillaboom, F|\n|poke|p1|Sneasler, M|\n|poke|p1|Charizard, M|\n|poke|p1|Hatterene, F|\n|poke|p1|Ursaluna, F|\n|poke|p1|Glimmora, M|\n|poke|p2|Blaziken, M|\n|poke|p2|Mew|\n|poke|p2|Kyurem|\n|poke|p2|Garganacl, M|\n|poke|p2|Kleavor, M|\n|poke|p2|Ribombee, F|\n|teampreview\n|j| mistahmerrikuu\n|\n|t:|1700787099\n|start\n|switch|p1a: Charizard|Charizard, M|100\/100\n|switch|p2a: How|Ribombee, F|100\/100\n|turn|1\n|j| less might be more\n|\n|t:|1700787108\n|switch|p1a: Hatterene|Hatterene, F|100\/100\n|move|p2a: How|Skill Swap|p1a: Hatterene\n|-activate|p2a: How|move: Skill Swap|Magic Bounce|Shield Dust|[of] p1a: Hatterene\n|\n|upkeep\n|turn|2\n|\n|t:|1700787134\n|move|p2a: How|Sticky Web|p1a: Hatterene\n|-sidestart|p1: Xhrixs|move: Sticky Web\n|move|p1a: Hatterene|Trick Room|p1a: Hatterene\n|-fieldstart|move: Trick Room|[of] p1a: Hatterene\n|\n|upkeep\n|turn|3\n|\n|t:|1700787145\n|move|p1a: Hatterene|Misty Explosion|p2a: How\n|-damage|p2a: How|19\/100\n|faint|p1a: Hatterene\n|move|p2a: How|Moonblast|p1: Hatterene|[notarget]\n|-fail|p2a: How\n|\n|upkeep\n|\n|t:|1700787152\n|switch|p1a: Ursaluna|Ursaluna, F|100\/100\n|-activate|p1a: Ursaluna|move: Sticky Web\n|-unboost|p1a: Ursaluna|spe|1\n|turn|4\n|\n|t:|1700787161\n|move|p1a: Ursaluna|Facade|p2a: How\n|-damage|p2a: How|0 fnt\n|faint|p2a: How\n|\n|-status|p1a: Ursaluna|brn|[from] item: Flame Orb\n|upkeep\n|\n|t:|1700787175\n|switch|p2a: Synergy|Kleavor, M|100\/100\n|turn|5\n|inactive|Battle timer is ON: inactive players will automatically lose when time's up. (requested by TheStroker)\n|\n|t:|1700787194\n|move|p1a: Ursaluna|Headlong Rush|p2a: Synergy\n|-damage|p2a: Synergy|0 fnt\n|-unboost|p1a: Ursaluna|def|1\n|-unboost|p1a: Ursaluna|spd|1\n|faint|p2a: Synergy\n|\n|-damage|p1a: Ursaluna|94\/100 brn|[from] brn\n|upkeep\n|\n|t:|1700787200\n|switch|p2a: Turkeyduckchicken|Blaziken, M|100\/100\n|turn|6\n|\n|t:|1700787210\n|move|p2a: Turkeyduckchicken|Protect|p2a: Turkeyduckchicken\n|-singleturn|p2a: Turkeyduckchicken|Protect\n|move|p1a: Ursaluna|Facade|p2a: Turkeyduckchicken\n|-activate|p2a: Turkeyduckchicken|move: Protect\n|\n|-damage|p1a: Ursaluna|88\/100 brn|[from] brn\n|-fieldend|move: Trick Room\n|-ability|p2a: Turkeyduckchicken|Speed Boost|boost\n|-boost|p2a: Turkeyduckchicken|spe|1\n|upkeep\n|turn|7\n|\n|t:|1700787223\n|-terastallize|p1a: Ursaluna|Dragon\n|move|p2a: Turkeyduckchicken|Close Combat|p1a: Ursaluna\n|-damage|p1a: Ursaluna|26\/100 brn\n|-unboost|p2a: Turkeyduckchicken|def|1\n|-unboost|p2a: Turkeyduckchicken|spd|1\n|move|p1a: Ursaluna|Facade|p2a: Turkeyduckchicken\n|-damage|p2a: Turkeyduckchicken|0 fnt\n|faint|p2a: Turkeyduckchicken\n|\n|-damage|p1a: Ursaluna|20\/100 brn|[from] brn\n|upkeep\n|\n|t:|1700787242\n|switch|p2a: Wow|Kyurem|100\/100\n|-ability|p2a: Wow|Pressure\n|turn|8\n|\n|t:|1700787247\n|move|p2a: Wow|Ice Beam|p1a: Ursaluna\n|-supereffective|p1a: Ursaluna\n|-damage|p1a: Ursaluna|0 fnt\n|faint|p1a: Ursaluna\n|\n|upkeep\n|\n|t:|1700787252\n|switch|p1a: Glimmora|Glimmora, M|100\/100\n|-activate|p1a: Glimmora|move: Sticky Web\n|-unboost|p1a: Glimmora|spe|1\n|turn|9\n|\n|t:|1700787258\n|move|p2a: Wow|Ice Beam|p1a: Glimmora\n|-damage|p1a: Glimmora|10\/100\n|move|p1a: Glimmora|Mortal Spin|p2a: Wow\n|-damage|p2a: Wow|95\/100\n|-status|p2a: Wow|psn\n|-sideend|p1: Xhrixs|Sticky Web|[from] move: Mortal Spin|[of] p1a: Glimmora\n|\n|-damage|p2a: Wow|83\/100 psn|[from] psn\n|upkeep\n|turn|10\n|\n|t:|1700787271\n|move|p2a: Wow|Ice Beam|p1a: Glimmora\n|-damage|p1a: Glimmora|0 fnt\n|faint|p1a: Glimmora\n|\n|-damage|p2a: Wow|70\/100 psn|[from] psn\n|upkeep\n|\n|t:|1700787280\n|switch|p1a: Charizard|Charizard, M|100\/100\n|turn|11\n|\n|t:|1700787285\n|detailschange|p1a: Charizard|Charizard-Mega-Y, M\n|-mega|p1a: Charizard|Charizard|Charizardite Y\n|-weather|SunnyDay|[from] ability: Drought|[of] p1a: Charizard\n|move|p1a: Charizard|Fire Blast|p2a: Wow\n|-damage|p2a: Wow|0 fnt\n|faint|p2a: Wow\n|\n|-weather|SunnyDay|[upkeep]\n|upkeep\n|\n|t:|1700787294\n|switch|p2a: At least 2|Garganacl, M|100\/100\n|turn|12\n|\n|t:|1700787303\n|move|p1a: Charizard|Solar Beam||[still]\n|-prepare|p1a: Charizard|Solar Beam\n|-anim|p1a: Charizard|Solar Beam|p2a: At least 2\n|-supereffective|p2a: At least 2\n|-damage|p2a: At least 2|11\/100\n|move|p2a: At least 2|Stone Edge|p1a: Charizard\n|-supereffective|p1a: Charizard\n|-crit|p1a: Charizard\n|-damage|p1a: Charizard|0 fnt\n|faint|p1a: Charizard\n|\n|-weather|SunnyDay|[upkeep]\n|upkeep\n|\n|t:|1700787319\n|switch|p1a: Rillaboom|Rillaboom, F|100\/100\n|-fieldstart|move: Grassy Terrain|[from] ability: Grassy Surge|[of] p1a: Rillaboom\n|turn|13\n|\n|t:|1700787325\n|move|p1a: Rillaboom|Wood Hammer|p2a: At least 2\n|-supereffective|p2a: At least 2\n|-damage|p2a: At least 2|0 fnt\n|faint|p2a: At least 2\n|-damage|p1a: Rillaboom|96\/100|[from] Recoil\n|\n|-weather|SunnyDay|[upkeep]\n|-heal|p1a: Rillaboom|100\/100|[from] Grassy Terrain\n|upkeep\n|\n|t:|1700787327\n|switch|p2a: Very thankful|Mew|100\/100\n|turn|14\n|\n|t:|1700787335\n|-terastallize|p2a: Very thankful|Poison\n|move|p2a: Very thankful|Cosmic Power|p2a: Very thankful\n|-boost|p2a: Very thankful|def|1\n|-boost|p2a: Very thankful|spd|1\n|move|p1a: Rillaboom|Wood Hammer|p2a: Very thankful\n|-resisted|p2a: Very thankful\n|-damage|p2a: Very thankful|66\/100\n|-damage|p1a: Rillaboom|87\/100|[from] Recoil\n|\n|-weather|SunnyDay|[upkeep]\n|-heal|p2a: Very thankful|72\/100|[from] Grassy Terrain\n|-heal|p2a: Very thankful|78\/100|[from] item: Leftovers\n|-heal|p1a: Rillaboom|93\/100|[from] Grassy Terrain\n|upkeep\n|turn|15\n|\n|t:|1700787350\n|switch|p1a: Sneasler|Sneasler, M|100\/100\n|-enditem|p1a: Sneasler|Grassy Seed\n|-boost|p1a: Sneasler|def|1|[from] item: Grassy Seed\n|move|p2a: Very thankful|Cosmic Power|p2a: Very thankful\n|-boost|p2a: Very thankful|def|1\n|-boost|p2a: Very thankful|spd|1\n|\n|-weather|none\n|-heal|p2a: Very thankful|84\/100|[from] Grassy Terrain\n|-heal|p2a: Very thankful|90\/100|[from] item: Leftovers\n|upkeep\n|turn|16\n|\n|t:|1700787378\n|move|p1a: Sneasler|Dire Claw|p2a: Very thankful\n|-resisted|p2a: Very thankful\n|-damage|p2a: Very thankful|80\/100\n|move|p2a: Very thankful|Stored Power|p1a: Sneasler\n|-supereffective|p1a: Sneasler\n|-damage|p1a: Sneasler|0 fnt\n|faint|p1a: Sneasler\n|\n|-heal|p2a: Very thankful|87\/100|[from] Grassy Terrain\n|-heal|p2a: Very thankful|93\/100|[from] item: Leftovers\n|upkeep\n|inactive|Xhrixs has 120 seconds left.\n|\n|t:|1700787390\n|switch|p1a: Rillaboom|Rillaboom, F|93\/100\n|turn|17\n|j| kung fu pokechu\n|inactive|Xhrixs has 120 seconds left.\n|\n|t:|1700787402\n|move|p2a: Very thankful|Cosmic Power|p2a: Very thankful\n|-boost|p2a: Very thankful|def|1\n|-boost|p2a: Very thankful|spd|1\n|move|p1a: Rillaboom|Wood Hammer|p2a: Very thankful\n|-resisted|p2a: Very thankful\n|-damage|p2a: Very thankful|73\/100\n|-damage|p1a: Rillaboom|85\/100|[from] Recoil\n|\n|-heal|p2a: Very thankful|79\/100|[from] Grassy Terrain\n|-heal|p2a: Very thankful|85\/100|[from] item: Leftovers\n|-heal|p1a: Rillaboom|91\/100|[from] Grassy Terrain\n|-fieldend|move: Grassy Terrain\n|upkeep\n|turn|18\n|-message|Xhrixs forfeited.\n|\n|win|TheStroker\n|raw|Xhrixs's rating: 1452 &rarr; <strong>1438<\/strong><br \/>(-14 for losing)\n|raw|TheStroker's rating: 1566 &rarr; <strong>1580<\/strong><br \/>(+14 for winning)\n|l|\u2606Xhrixs\n","uploadtime":1700787413,"views":3,"p1id":"xhrixs","p2id":"thestroker","formatid":"gen9nationaldex","rating":1438,"private":0,"password":""}