{"id":"gen9nationaldex-1993258111","p1":"MLGKRAV","p2":"Marty1010","format":"[Gen 9] National Dex","log":"|j|\u2606MLGKRAV\n|j|\u2606Marty1010\n|t:|1700285510\n|gametype|singles\n|player|p1|MLGKRAV|bruno|1180\n|player|p2|Marty1010|crasherwake|1199\n|teamsize|p1|6\n|teamsize|p2|6\n|gen|9\n|tier|[Gen 9] National Dex\n|rated|\n|rule|HP Percentage Mod: HP is shown in percentages\n|rule|Endless Battle Clause: Forcing endless battles is banned\n|rule|OHKO Clause: OHKO moves are banned\n|rule|Evasion Clause: Evasion abilities, items, and moves are banned\n|rule|Evasion Abilities Clause: Evasion abilities are banned\n|rule|Evasion Items Clause: Evasion items are banned\n|rule|Evasion Moves Clause: Evasion moves are banned\n|rule|Species Clause: Limit one of each Pok\u00e9mon\n|rule|Sleep Clause Mod: Limit one foe put to sleep\n|clearpoke\n|poke|p1|Snorlax, F|\n|poke|p1|Urshifu-*, M|\n|poke|p1|Toxtricity, F|\n|poke|p1|Garchomp, F|\n|poke|p1|Volcarona, M|\n|poke|p1|Landorus-Therian, M|\n|poke|p2|Slowbro, M|\n|poke|p2|Lucario, M|\n|poke|p2|Glimmora, F|\n|poke|p2|Gliscor, F|\n|poke|p2|Milotic, F|\n|poke|p2|Umbreon, M|\n|teampreview\n|\n|t:|1700285547\n|start\n|switch|p1a: Nanaue|Garchomp, F|100\/100\n|switch|p2a: Slowbro|Slowbro, M|100\/100\n|turn|1\n|\n|t:|1700285565\n|move|p1a: Nanaue|Toxic|p2a: Slowbro\n|-status|p2a: Slowbro|tox\n|move|p2a: Slowbro|Toxic|p1a: Nanaue\n|-status|p1a: Nanaue|tox\n|\n|-damage|p1a: Nanaue|94\/100 tox|[from] psn\n|-damage|p2a: Slowbro|94\/100 tox|[from] psn\n|upkeep\n|turn|2\n|\n|t:|1700285572\n|move|p1a: Nanaue|Spikes|p2a: Slowbro\n|-sidestart|p2: Marty1010|Spikes\n|move|p2a: Slowbro|Scald|p1a: Nanaue\n|-crit|p1a: Nanaue\n|-damage|p1a: Nanaue|53\/100 tox\n|\n|-heal|p2a: Slowbro|100\/100 tox|[from] item: Leftovers\n|-damage|p1a: Nanaue|40\/100 tox|[from] psn\n|-damage|p2a: Slowbro|88\/100 tox|[from] psn\n|upkeep\n|turn|3\n|\n|t:|1700285586\n|switch|p1a: Afferdin|Snorlax, F, shiny|100\/100\n|move|p2a: Slowbro|Scald|p1a: Afferdin\n|-damage|p1a: Afferdin|87\/100\n|-status|p1a: Afferdin|brn\n|\n|-heal|p1a: Afferdin|93\/100 brn|[from] item: Leftovers\n|-heal|p2a: Slowbro|94\/100 tox|[from] item: Leftovers\n|-damage|p2a: Slowbro|76\/100 tox|[from] psn\n|-damage|p1a: Afferdin|87\/100 brn|[from] brn\n|upkeep\n|turn|4\n|\n|t:|1700285598\n|switch|p2a: Marceline|Gliscor, F|100\/100\n|move|p1a: Afferdin|Return|p2a: Marceline\n|-damage|p2a: Marceline|86\/100\n|\n|-heal|p1a: Afferdin|93\/100 brn|[from] item: Leftovers\n|-damage|p1a: Afferdin|87\/100 brn|[from] brn\n|-status|p2a: Marceline|tox|[from] item: Toxic Orb\n|upkeep\n|turn|5\n|\n|t:|1700285607\n|move|p2a: Marceline|Swords Dance|p2a: Marceline\n|-boost|p2a: Marceline|atk|2\n|move|p1a: Afferdin|Return|p2a: Marceline\n|-damage|p2a: Marceline|71\/100 tox\n|\n|-heal|p1a: Afferdin|93\/100 brn|[from] item: Leftovers\n|-heal|p2a: Marceline|84\/100 tox|[from] ability: Poison Heal\n|-damage|p1a: Afferdin|87\/100 brn|[from] brn\n|upkeep\n|turn|6\n|\n|t:|1700285616\n|move|p2a: Marceline|Swords Dance|p2a: Marceline\n|-boost|p2a: Marceline|atk|2\n|move|p1a: Afferdin|Rest|p1a: Afferdin\n|-status|p1a: Afferdin|slp|[from] move: Rest\n|-heal|p1a: Afferdin|100\/100 slp|[silent]\n|\n|-heal|p2a: Marceline|96\/100 tox|[from] ability: Poison Heal\n|upkeep\n|turn|7\n|\n|t:|1700285624\n|move|p2a: Marceline|Swords Dance|p2a: Marceline\n|-boost|p2a: Marceline|atk|2\n|cant|p1a: Afferdin|slp\n|\n|-heal|p2a: Marceline|100\/100 tox|[from] ability: Poison Heal\n|upkeep\n|turn|8\n|\n|t:|1700285630\n|move|p2a: Marceline|Earthquake|p1a: Afferdin\n|-damage|p1a: Afferdin|0 fnt\n|faint|p1a: Afferdin\n|\n|upkeep\n|\n|t:|1700285643\n|switch|p1a: Buck Bumble|Volcarona, M, shiny|100\/100\n|turn|9\n|\n|t:|1700285647\n|-terastallize|p1a: Buck Bumble|Grass\n|move|p1a: Buck Bumble|Quiver Dance|p1a: Buck Bumble\n|-boost|p1a: Buck Bumble|spa|1\n|-boost|p1a: Buck Bumble|spd|1\n|-boost|p1a: Buck Bumble|spe|1\n|move|p2a: Marceline|Dual Wingbeat|p1a: Buck Bumble\n|-supereffective|p1a: Buck Bumble\n|-damage|p1a: Buck Bumble|0 fnt\n|faint|p1a: Buck Bumble\n|-hitcount|p1: Buck Bumble|1\n|\n|upkeep\n|c|\u2606MLGKRAV|shi man ion even know like\n|c|\u2606MLGKRAV|ion even know\n|\n|t:|1700285661\n|switch|p1a: Gracie|Urshifu-Rapid-Strike, M|100\/100\n|turn|10\n|\n|t:|1700285665\n|move|p1a: Gracie|Surging Strikes|p2a: Marceline\n|-supereffective|p2a: Marceline\n|-crit|p2a: Marceline\n|-damage|p2a: Marceline|50\/100 tox\n|-supereffective|p2a: Marceline\n|-crit|p2a: Marceline\n|-damage|p2a: Marceline|0 fnt\n|faint|p2a: Marceline\n|-hitcount|p2: Marceline|2\n|\n|upkeep\n|c|\u2606MLGKRAV|jk brah\n|\n|t:|1700285677\n|switch|p2a: Slowbro|Slowbro, M|100\/100 tox\n|-damage|p2a: Slowbro|88\/100 tox|[from] Spikes\n|turn|11\n|\n|t:|1700285682\n|switch|p1a: Trent Reznor|Toxtricity, F|100\/100\n|move|p2a: Slowbro|Toxic|p1a: Trent Reznor\n|-immune|p1a: Trent Reznor\n|\n|-heal|p2a: Slowbro|94\/100 tox|[from] item: Leftovers\n|-damage|p2a: Slowbro|88\/100 tox|[from] psn\n|upkeep\n|turn|12\n|\n|t:|1700285693\n|switch|p2a: Mari|Glimmora, F|100\/100\n|-damage|p2a: Mari|88\/100|[from] Spikes\n|move|p1a: Trent Reznor|Overdrive|p2a: Mari\n|-damage|p2a: Mari|21\/100\n|-enditem|p2a: Mari|Wiki Berry|[eat]\n|-heal|p2a: Mari|55\/100|[from] item: Wiki Berry\n|\n|upkeep\n|turn|13\n|\n|t:|1700285704\n|move|p1a: Trent Reznor|Overdrive|p2a: Mari\n|-damage|p2a: Mari|0 fnt\n|faint|p2a: Mari\n|\n|upkeep\n|\n|t:|1700285709\n|switch|p2a: Max|Umbreon, M|100\/100\n|-damage|p2a: Max|88\/100|[from] Spikes\n|turn|14\n|\n|t:|1700285713\n|move|p1a: Trent Reznor|Overdrive|p2a: Max\n|-damage|p2a: Max|62\/100\n|move|p2a: Max|Shadow Ball|p1a: Trent Reznor\n|-damage|p1a: Trent Reznor|81\/100\n|\n|-heal|p2a: Max|68\/100|[from] item: Leftovers\n|upkeep\n|turn|15\n|\n|t:|1700285720\n|move|p1a: Trent Reznor|Overdrive|p2a: Max\n|-damage|p2a: Max|42\/100\n|move|p2a: Max|Wish|p2a: Max\n|\n|-heal|p2a: Max|48\/100|[from] item: Leftovers\n|upkeep\n|turn|16\n|\n|t:|1700285727\n|move|p1a: Trent Reznor|Overdrive|p2a: Max\n|-damage|p2a: Max|24\/100\n|move|p2a: Max|Shadow Ball|p1a: Trent Reznor\n|-damage|p1a: Trent Reznor|62\/100\n|\n|-heal|p2a: Max|74\/100|[from] move: Wish|[wisher] Max\n|-heal|p2a: Max|80\/100|[from] item: Leftovers\n|upkeep\n|turn|17\n|\n|t:|1700285736\n|switch|p1a: Gorgonops|Landorus-Therian, M|100\/100\n|-ability|p1a: Gorgonops|Intimidate|boost\n|-unboost|p2a: Max|atk|1\n|move|p2a: Max|Wish|p2a: Max\n|\n|-heal|p2a: Max|86\/100|[from] item: Leftovers\n|upkeep\n|turn|18\n|\n|t:|1700285747\n|switch|p2a: Slowbro|Slowbro, M|100\/100 tox\n|-damage|p2a: Slowbro|88\/100 tox|[from] Spikes\n|move|p1a: Gorgonops|Toxic|p2a: Slowbro\n|-fail|p2a: Slowbro|tox\n|\n|-heal|p2a: Slowbro|100\/100 tox|[from] move: Wish|[wisher] Max\n|-damage|p2a: Slowbro|94\/100 tox|[from] psn\n|upkeep\n|turn|19\n|\n|t:|1700285756\n|move|p1a: Gorgonops|U-turn|p2a: Slowbro\n|-supereffective|p2a: Slowbro\n|-damage|p2a: Slowbro|70\/100 tox\n|\n|t:|1700285759\n|switch|p1a: Gracie|Urshifu-Rapid-Strike, M|100\/100|[from] U-turn\n|move|p2a: Slowbro|Psyshock|p1a: Gracie\n|-supereffective|p1a: Gracie\n|-damage|p1a: Gracie|49\/100\n|\n|-heal|p2a: Slowbro|76\/100 tox|[from] item: Leftovers\n|-damage|p2a: Slowbro|64\/100 tox|[from] psn\n|upkeep\n|turn|20\n|\n|t:|1700285774\n|switch|p1a: Gorgonops|Landorus-Therian, M|100\/100\n|-ability|p1a: Gorgonops|Intimidate|boost\n|-unboost|p2a: Slowbro|atk|1\n|-terastallize|p2a: Slowbro|Water\n|move|p2a: Slowbro|Psyshock|p1a: Gorgonops\n|-damage|p1a: Gorgonops|80\/100\n|\n|-heal|p1a: Gorgonops|86\/100|[from] item: Leftovers\n|-heal|p2a: Slowbro|70\/100 tox|[from] item: Leftovers\n|-damage|p2a: Slowbro|52\/100 tox|[from] psn\n|upkeep\n|turn|21\n|\n|t:|1700285786\n|move|p1a: Gorgonops|Earthquake|p2a: Slowbro\n|-damage|p2a: Slowbro|26\/100 tox\n|move|p2a: Slowbro|Toxic|p1a: Gorgonops\n|-status|p1a: Gorgonops|tox\n|\n|-heal|p1a: Gorgonops|92\/100 tox|[from] item: Leftovers\n|-heal|p2a: Slowbro|32\/100 tox|[from] item: Leftovers\n|-damage|p1a: Gorgonops|86\/100 tox|[from] psn\n|-damage|p2a: Slowbro|8\/100 tox|[from] psn\n|upkeep\n|turn|22\n|\n|t:|1700285797\n|switch|p2a: Max|Umbreon, M|86\/100\n|-damage|p2a: Max|74\/100|[from] Spikes\n|move|p1a: Gorgonops|Earthquake|p2a: Max\n|-damage|p2a: Max|36\/100\n|\n|-heal|p1a: Gorgonops|92\/100 tox|[from] item: Leftovers\n|-heal|p2a: Max|42\/100|[from] item: Leftovers\n|-damage|p1a: Gorgonops|80\/100 tox|[from] psn\n|upkeep\n|turn|23\n|\n|t:|1700285808\n|move|p1a: Gorgonops|Earthquake|p2a: Max\n|-damage|p2a: Max|3\/100\n|move|p2a: Max|Wish|p2a: Max\n|\n|-heal|p1a: Gorgonops|86\/100 tox|[from] item: Leftovers\n|-heal|p2a: Max|9\/100|[from] item: Leftovers\n|-damage|p1a: Gorgonops|68\/100 tox|[from] psn\n|upkeep\n|turn|24\n|\n|t:|1700285815\n|move|p2a: Max|Protect|p2a: Max\n|-singleturn|p2a: Max|Protect\n|move|p1a: Gorgonops|U-turn|p2a: Max\n|-activate|p2a: Max|move: Protect\n|\n|-heal|p2a: Max|59\/100|[from] move: Wish|[wisher] Max\n|-heal|p1a: Gorgonops|74\/100 tox|[from] item: Leftovers\n|-heal|p2a: Max|65\/100|[from] item: Leftovers\n|-damage|p1a: Gorgonops|50\/100 tox|[from] psn\n|upkeep\n|turn|25\n|\n|t:|1700285828\n|move|p1a: Gorgonops|Earthquake|p2a: Max\n|-damage|p2a: Max|29\/100\n|move|p2a: Max|Toxic|p1a: Gorgonops\n|-fail|p1a: Gorgonops|tox\n|\n|-heal|p1a: Gorgonops|56\/100 tox|[from] item: Leftovers\n|-heal|p2a: Max|35\/100|[from] item: Leftovers\n|-damage|p1a: Gorgonops|26\/100 tox|[from] psn\n|upkeep\n|turn|26\n|\n|t:|1700285836\n|switch|p1a: Nanaue|Garchomp, F|40\/100 tox\n|move|p2a: Max|Protect||[still]\n|-fail|p2a: Max\n|\n|-heal|p2a: Max|41\/100|[from] item: Leftovers\n|-damage|p1a: Nanaue|34\/100 tox|[from] psn\n|upkeep\n|turn|27\n|\n|t:|1700285844\n|move|p1a: Nanaue|Spikes|p2a: Max\n|-sidestart|p2: Marty1010|Spikes\n|move|p2a: Max|Wish|p2a: Max\n|\n|-heal|p2a: Max|47\/100|[from] item: Leftovers\n|-damage|p1a: Nanaue|22\/100 tox|[from] psn\n|upkeep\n|turn|28\n|\n|t:|1700285850\n|move|p1a: Nanaue|Spikes|p2a: Max\n|-sidestart|p2: Marty1010|Spikes\n|move|p2a: Max|Shadow Ball|p1a: Nanaue\n|-damage|p1a: Nanaue|10\/100 tox\n|-unboost|p1a: Nanaue|spd|1\n|\n|-heal|p2a: Max|97\/100|[from] move: Wish|[wisher] Max\n|-heal|p2a: Max|100\/100|[from] item: Leftovers\n|-damage|p1a: Nanaue|0 fnt|[from] psn\n|faint|p1a: Nanaue\n|upkeep\n|\n|t:|1700285855\n|switch|p1a: Trent Reznor|Toxtricity, F|62\/100\n|turn|29\n|\n|t:|1700285867\n|move|p1a: Trent Reznor|Overdrive|p2a: Max\n|-damage|p2a: Max|76\/100\n|move|p2a: Max|Shadow Ball|p1a: Trent Reznor\n|-damage|p1a: Trent Reznor|43\/100\n|\n|-heal|p2a: Max|82\/100|[from] item: Leftovers\n|upkeep\n|turn|30\n|\n|t:|1700285875\n|switch|p1a: Gracie|Urshifu-Rapid-Strike, M|49\/100\n|move|p2a: Max|Wish|p2a: Max\n|\n|-heal|p2a: Max|88\/100|[from] item: Leftovers\n|upkeep\n|turn|31\n|\n|t:|1700285881\n|move|p1a: Gracie|Surging Strikes|p2a: Max\n|-crit|p2a: Max\n|-damage|p2a: Max|62\/100\n|-crit|p2a: Max\n|-damage|p2a: Max|40\/100\n|-crit|p2a: Max\n|-damage|p2a: Max|16\/100\n|-hitcount|p2a: Max|3\n|move|p2a: Max|Toxic|p1a: Gracie\n|-status|p1a: Gracie|tox\n|\n|-heal|p2a: Max|66\/100|[from] move: Wish|[wisher] Max\n|-heal|p2a: Max|72\/100|[from] item: Leftovers\n|-damage|p1a: Gracie|43\/100 tox|[from] psn\n|upkeep\n|turn|32\n|\n|t:|1700285896\n|switch|p1a: Trent Reznor|Toxtricity, F|43\/100\n|move|p2a: Max|Wish|p2a: Max\n|\n|-heal|p2a: Max|78\/100|[from] item: Leftovers\n|upkeep\n|turn|33\n|\n|t:|1700285903\n|move|p1a: Trent Reznor|Overdrive|p2a: Max\n|-damage|p2a: Max|53\/100\n|move|p2a: Max|Shadow Ball|p1a: Trent Reznor\n|-damage|p1a: Trent Reznor|24\/100\n|\n|-heal|p2a: Max|100\/100|[from] move: Wish|[wisher] Max\n|upkeep\n|turn|34\n|\n|t:|1700285912\n|switch|p1a: Gorgonops|Landorus-Therian, M|26\/100 tox\n|-ability|p1a: Gorgonops|Intimidate|boost\n|-unboost|p2a: Max|atk|1\n|move|p2a: Max|Shadow Ball|p1a: Gorgonops\n|-crit|p1a: Gorgonops\n|-damage|p1a: Gorgonops|8\/100 tox\n|-unboost|p1a: Gorgonops|spd|1\n|\n|-heal|p1a: Gorgonops|14\/100 tox|[from] item: Leftovers\n|-damage|p1a: Gorgonops|8\/100 tox|[from] psn\n|upkeep\n|turn|35\n|\n|t:|1700285926\n|move|p2a: Max|Protect|p2a: Max\n|-singleturn|p2a: Max|Protect\n|move|p1a: Gorgonops|U-turn|p2a: Max\n|-activate|p2a: Max|move: Protect\n|\n|-heal|p1a: Gorgonops|14\/100 tox|[from] item: Leftovers\n|-damage|p1a: Gorgonops|2\/100 tox|[from] psn\n|upkeep\n|turn|36\n|\n|t:|1700285937\n|move|p1a: Gorgonops|U-turn|p2a: Max\n|-supereffective|p2a: Max\n|-damage|p2a: Max|65\/100\n|\n|t:|1700285939\n|switch|p1a: Trent Reznor|Toxtricity, F|24\/100|[from] U-turn\n|move|p2a: Max|Wish|p2a: Max\n|\n|-heal|p2a: Max|71\/100|[from] item: Leftovers\n|upkeep\n|turn|37\n|\n|t:|1700285945\n|move|p1a: Trent Reznor|Boomburst|p2a: Max\n|-damage|p2a: Max|42\/100\n|move|p2a: Max|Shadow Ball|p1a: Trent Reznor\n|-damage|p1a: Trent Reznor|4\/100\n|\n|-heal|p2a: Max|92\/100|[from] move: Wish|[wisher] Max\n|-heal|p2a: Max|98\/100|[from] item: Leftovers\n|upkeep\n|turn|38\n|\n|t:|1700285955\n|move|p1a: Trent Reznor|Boomburst|p2a: Max\n|-damage|p2a: Max|66\/100\n|move|p2a: Max|Shadow Ball|p1a: Trent Reznor\n|-damage|p1a: Trent Reznor|0 fnt\n|faint|p1a: Trent Reznor\n|\n|-heal|p2a: Max|72\/100|[from] item: Leftovers\n|upkeep\n|\n|t:|1700285967\n|switch|p1a: Gracie|Urshifu-Rapid-Strike, M|43\/100 tox\n|turn|39\n|\n|t:|1700285985\n|move|p1a: Gracie|Surging Strikes|p2a: Max\n|-crit|p2a: Max\n|-damage|p2a: Max|47\/100\n|-crit|p2a: Max\n|-damage|p2a: Max|21\/100\n|-crit|p2a: Max\n|-damage|p2a: Max|0 fnt\n|faint|p2a: Max\n|-hitcount|p2: Max|3\n|\n|-damage|p1a: Gracie|37\/100 tox|[from] psn\n|upkeep\n|\n|t:|1700285996\n|switch|p2a: Allura|Milotic, F|100\/100\n|-damage|p2a: Allura|76\/100|[from] Spikes\n|turn|40\n|\n|t:|1700286001\n|move|p1a: Gracie|Surging Strikes|p2a: Allura\n|-resisted|p2a: Allura\n|-crit|p2a: Allura\n|-damage|p2a: Allura|57\/100\n|-resisted|p2a: Allura\n|-crit|p2a: Allura\n|-damage|p2a: Allura|38\/100\n|-resisted|p2a: Allura\n|-crit|p2a: Allura\n|-damage|p2a: Allura|19\/100\n|-hitcount|p2a: Allura|3\n|move|p2a: Allura|Draining Kiss|p1a: Gracie\n|-supereffective|p1a: Gracie\n|-damage|p1a: Gracie|0 fnt\n|-heal|p2a: Allura|47\/100|[from] drain|[of] p1a: Gracie\n|faint|p1a: Gracie\n|\n|upkeep\n|\n|t:|1700286009\n|switch|p1a: Gorgonops|Landorus-Therian, M|2\/100 tox\n|-ability|p1a: Gorgonops|Intimidate|boost\n|-unboost|p2a: Allura|atk|1\n|-ability|p2a: Allura|Competitive|boost\n|-boost|p2a: Allura|spa|2\n|turn|41\n|c|\u2606MLGKRAV|gg\n|\n|t:|1700286017\n|move|p2a: Allura|Draining Kiss|p1a: Gorgonops\n|-damage|p1a: Gorgonops|0 fnt\n|-heal|p2a: Allura|48\/100|[from] drain|[of] p1a: Gorgonops\n|faint|p1a: Gorgonops\n|\n|win|Marty1010\n|raw|MLGKRAV's rating: 1180 &rarr; <strong>1156<\/strong><br \/>(-24 for losing)\n|raw|Marty1010's rating: 1199 &rarr; <strong>1223<\/strong><br \/>(+24 for winning)\n|c|\u2606Marty1010|gg\n|l|\u2606MLGKRAV\n","uploadtime":1700286376,"views":11,"p1id":"mlgkrav","p2id":"marty1010","formatid":"gen9nationaldex","rating":1156,"private":0,"password":""}