{"id":"gen9nationaldex-1991640088","p1":"Kayzn \u262f","p2":"Hyper Soulless","format":"[Gen 9] National Dex","log":"|j|\u2606Kayzn \u262f\n|j|\u2606Hyper Soulless\n|inactive|Battle timer is ON: inactive players will automatically lose when time's up.\n|t:|1700097299\n|gametype|singles\n|player|p1|Kayzn \u262f|ash-kalos|\n|player|p2|Hyper Soulless|brock|\n|teamsize|p1|6\n|teamsize|p2|6\n|gen|9\n|tier|[Gen 9] National Dex\n|rated|Tournament battle\n|rule|HP Percentage Mod: HP is shown in percentages\n|rule|Endless Battle Clause: Forcing endless battles is banned\n|rule|OHKO Clause: OHKO moves are banned\n|rule|Evasion Clause: Evasion abilities, items, and moves are banned\n|rule|Evasion Abilities Clause: Evasion abilities are banned\n|rule|Evasion Items Clause: Evasion items are banned\n|rule|Evasion Moves Clause: Evasion moves are banned\n|rule|Species Clause: Limit one of each Pok\u00e9mon\n|rule|Sleep Clause Mod: Limit one foe put to sleep\n|clearpoke\n|poke|p1|Great Tusk|\n|poke|p1|Urshifu-*, F|\n|poke|p1|Garganacl, F|\n|poke|p1|Rillaboom, M|\n|poke|p1|Charizard, M|\n|poke|p1|Hatterene, F|\n|poke|p2|Tapu Koko|\n|poke|p2|Pelipper, F|\n|poke|p2|Swampert, F|\n|poke|p2|Dipplin, M|\n|poke|p2|Goodra-Hisui, M|\n|poke|p2|Urshifu-*, M|\n|teampreview\n|inactive|Kayzn \u262f also wants the timer to be on.\n|inactive|Hyper Soulless also wants the timer to be on.\n|\n|t:|1700097310\n|start\n|switch|p1a: Rillaboom|Rillaboom, M|100\/100\n|switch|p2a: Bird|Pelipper, F|100\/100\n|-fieldstart|move: Grassy Terrain|[from] ability: Grassy Surge|[of] p1a: Rillaboom\n|-weather|RainDance|[from] ability: Drizzle|[of] p2a: Bird\n|turn|1\n|c|\u2606Hyper Soulless|glhf\n|j|%hidin\n|c|\u2606Kayzn \u262f|u2\n|j| OVOHunchoSeth\n|\n|t:|1700097317\n|move|p1a: Rillaboom|Knock Off|p2a: Bird\n|-damage|p2a: Bird|62\/100\n|-enditem|p2a: Bird|Damp Rock|[from] move: Knock Off|[of] p1a: Rillaboom\n|move|p2a: Bird|Scald|p1a: Rillaboom\n|-resisted|p1a: Rillaboom\n|-damage|p1a: Rillaboom|76\/100\n|\n|-weather|RainDance|[upkeep]\n|-heal|p1a: Rillaboom|83\/100|[from] Grassy Terrain\n|upkeep\n|turn|2\n|\n|t:|1700097321\n|switch|p1a: Hatterene|Hatterene, F|100\/100\n|move|p2a: Bird|Scald|p1a: Hatterene\n|-damage|p1a: Hatterene|57\/100\n|-enditem|p1a: Hatterene|Eject Button\n|\n|t:|1700097324\n|switch|p1a: Charizard|Charizard, M|100\/100\n|\n|-weather|RainDance|[upkeep]\n|upkeep\n|turn|3\n|\n|t:|1700097328\n|detailschange|p1a: Charizard|Charizard-Mega-Y, M\n|-mega|p1a: Charizard|Charizard|Charizardite Y\n|-weather|SunnyDay|[from] ability: Drought|[of] p1a: Charizard\n|move|p1a: Charizard|Weather Ball|p2a: Bird\n|-resisted|p2a: Bird\n|-crit|p2a: Bird\n|-damage|p2a: Bird|0 fnt\n|faint|p2a: Bird\n|\n|-weather|SunnyDay|[upkeep]\n|upkeep\n|\n|t:|1700097336\n|switch|p2a: Electric Chicken|Tapu Koko|100\/100\n|-fieldstart|move: Electric Terrain|[from] ability: Electric Surge|[of] p2a: Electric Chicken\n|turn|4\n|\n|t:|1700097343\n|switch|p1a: Garganacl|Garganacl, F|100\/100\n|move|p2a: Electric Chicken|Thunderbolt|p1a: Garganacl\n|-crit|p1a: Garganacl\n|-damage|p1a: Garganacl|55\/100\n|\n|-weather|SunnyDay|[upkeep]\n|-heal|p1a: Garganacl|61\/100|[from] item: Leftovers\n|upkeep\n|turn|5\n|\n|t:|1700097349\n|move|p2a: Electric Chicken|U-turn|p1a: Garganacl\n|-damage|p1a: Garganacl|51\/100\n|j| OuterDreams\n|\n|t:|1700097354\n|switch|p2a: Urshifu|Urshifu, M|100\/100|[from] U-turn\n|move|p1a: Garganacl|Recover|p1a: Garganacl\n|-heal|p1a: Garganacl|100\/100\n|\n|-weather|SunnyDay|[upkeep]\n|upkeep\n|turn|6\n|\n|t:|1700097358\n|switch|p1a: Great Tusk|Great Tusk|100\/100\n|-activate|p1a: Great Tusk|ability: Protosynthesis\n|-start|p1a: Great Tusk|protosynthesisdef\n|move|p2a: Urshifu|Iron Head|p1a: Great Tusk\n|-damage|p1a: Great Tusk|91\/100\n|\n|-weather|SunnyDay|[upkeep]\n|-heal|p1a: Great Tusk|97\/100|[from] item: Leftovers\n|upkeep\n|turn|7\n|\n|t:|1700097364\n|switch|p2a: Wobuffet|Swampert, F|100\/100\n|move|p1a: Great Tusk|Stealth Rock|p2a: Wobuffet\n|-sidestart|p2: Hyper Soulless|move: Stealth Rock\n|\n|-weather|none\n|-end|p1a: Great Tusk|Protosynthesis\n|-heal|p1a: Great Tusk|100\/100|[from] item: Leftovers\n|upkeep\n|turn|8\n|\n|t:|1700097382\n|-end|p1a: Great Tusk|Protosynthesis|[silent]\n|switch|p1a: Rillaboom|Rillaboom, M|83\/100\n|-fieldstart|move: Grassy Terrain|[from] ability: Grassy Surge|[of] p1a: Rillaboom\n|detailschange|p2a: Wobuffet|Swampert-Mega, F\n|-mega|p2a: Wobuffet|Swampert|Swampertite\n|move|p2a: Wobuffet|Liquidation|p1a: Rillaboom\n|-resisted|p1a: Rillaboom\n|-damage|p1a: Rillaboom|57\/100\n|\n|-heal|p1a: Rillaboom|63\/100|[from] Grassy Terrain\n|upkeep\n|turn|9\n|\n|t:|1700097387\n|switch|p2a: Goodra|Goodra-Hisui, M|100\/100\n|-damage|p2a: Goodra|94\/100|[from] Stealth Rock\n|move|p1a: Rillaboom|U-turn|p2a: Goodra\n|-resisted|p2a: Goodra\n|-damage|p2a: Goodra|77\/100\n|\n|t:|1700097388\n|switch|p1a: Urshifu|Urshifu, F|100\/100|[from] U-turn\n|\n|-heal|p2a: Goodra|83\/100|[from] Grassy Terrain\n|upkeep\n|turn|10\n|\n|t:|1700097394\n|switch|p2a: Electric Chicken|Tapu Koko|100\/100\n|-fieldstart|move: Electric Terrain|[from] ability: Electric Surge|[of] p2a: Electric Chicken\n|move|p1a: Urshifu|Close Combat|p2a: Electric Chicken\n|-resisted|p2a: Electric Chicken\n|-damage|p2a: Electric Chicken|59\/100\n|-unboost|p1a: Urshifu|def|1\n|-unboost|p1a: Urshifu|spd|1\n|\n|upkeep\n|turn|11\n|\n|t:|1700097398\n|switch|p1a: Garganacl|Garganacl, F|100\/100\n|move|p2a: Electric Chicken|Roost|p2a: Electric Chicken\n|-heal|p2a: Electric Chicken|100\/100\n|-singleturn|p2a: Electric Chicken|move: Roost\n|\n|upkeep\n|turn|12\n|\n|t:|1700097402\n|move|p2a: Electric Chicken|U-turn|p1a: Garganacl\n|-damage|p1a: Garganacl|90\/100\n|\n|t:|1700097404\n|switch|p2a: Dipplin|Dipplin, M|100\/100|[from] U-turn\n|-damage|p2a: Dipplin|88\/100|[from] Stealth Rock\n|-ability|p2a: Dipplin|Supersweet Syrup\n|-ability|p2a: Dipplin|Supersweet Syrup|boost\n|-unboost|p1a: Garganacl|evasion|1\n|move|p1a: Garganacl|Salt Cure|p2a: Dipplin\n|-damage|p2a: Dipplin|76\/100\n|-start|p2a: Dipplin|Salt Cure\n|\n|-heal|p2a: Dipplin|82\/100|[from] item: Leftovers\n|-heal|p1a: Garganacl|96\/100|[from] item: Leftovers\n|-damage|p2a: Dipplin|70\/100|[from] Salt Cure\n|upkeep\n|turn|13\n|\n|t:|1700097409\n|switch|p1a: Hatterene|Hatterene, F|57\/100\n|move|p2a: Dipplin|Syrup Bomb|p1a: Hatterene\n|-damage|p1a: Hatterene|28\/100\n|-start|p1a: Hatterene|Syrup Bomb\n|\n|-heal|p2a: Dipplin|76\/100|[from] item: Leftovers\n|-damage|p2a: Dipplin|64\/100|[from] Salt Cure\n|-unboost|p1a: Hatterene|spe|1\n|upkeep\n|turn|14\n|\n|t:|1700097415\n|switch|p2a: Electric Chicken|Tapu Koko|100\/100\n|switch|p1a: Charizard|Charizard-Mega-Y, M|100\/100\n|-weather|SunnyDay|[from] ability: Drought|[of] p1a: Charizard\n|\n|-weather|SunnyDay|[upkeep]\n|-fieldend|move: Electric Terrain\n|upkeep\n|turn|15\n|\n|t:|1700097419\n|switch|p1a: Garganacl|Garganacl, F|96\/100\n|move|p2a: Electric Chicken|Thunderbolt|p1a: Garganacl\n|-damage|p1a: Garganacl|72\/100\n|\n|-weather|SunnyDay|[upkeep]\n|-heal|p1a: Garganacl|78\/100|[from] item: Leftovers\n|upkeep\n|turn|16\n|\n|t:|1700097421\n|move|p2a: Electric Chicken|U-turn|p1a: Garganacl\n|-damage|p1a: Garganacl|67\/100\n|inactive|Hyper Soulless has 120 seconds left.\n|\n|t:|1700097459\n|switch|p2a: Dipplin|Dipplin, M|64\/100|[from] U-turn\n|-damage|p2a: Dipplin|51\/100|[from] Stealth Rock\n|move|p1a: Garganacl|Salt Cure|p2a: Dipplin\n|-damage|p2a: Dipplin|38\/100\n|-start|p2a: Dipplin|Salt Cure\n|\n|-weather|SunnyDay|[upkeep]\n|-heal|p2a: Dipplin|44\/100|[from] item: Leftovers\n|-heal|p1a: Garganacl|73\/100|[from] item: Leftovers\n|-damage|p2a: Dipplin|32\/100|[from] Salt Cure\n|upkeep\n|turn|17\n|\n|t:|1700097474\n|switch|p1a: Hatterene|Hatterene, F|28\/100\n|move|p2a: Dipplin|Recover|p2a: Dipplin\n|-heal|p2a: Dipplin|82\/100\n|\n|-weather|SunnyDay|[upkeep]\n|-heal|p2a: Dipplin|88\/100|[from] item: Leftovers\n|-damage|p2a: Dipplin|75\/100|[from] Salt Cure\n|upkeep\n|turn|18\n|inactive|Hyper Soulless has 120 seconds left.\n|l|%hidin\n|\n|t:|1700097504\n|move|p2a: Dipplin|Leaf Storm|p1a: Hatterene\n|-damage|p1a: Hatterene|0 fnt\n|-unboost|p2a: Dipplin|spa|2\n|faint|p1a: Hatterene\n|\n|-weather|none\n|-heal|p2a: Dipplin|82\/100|[from] item: Leftovers\n|-damage|p2a: Dipplin|69\/100|[from] Salt Cure\n|upkeep\n|\n|t:|1700097506\n|switch|p1a: Urshifu|Urshifu, F|100\/100\n|turn|19\n|\n|t:|1700097519\n|switch|p2a: Electric Chicken|Tapu Koko|100\/100\n|-fieldstart|move: Electric Terrain|[from] ability: Electric Surge|[of] p2a: Electric Chicken\n|-terastallize|p1a: Urshifu|Dark\n|move|p1a: Urshifu|Wicked Blow|p2a: Electric Chicken\n|-resisted|p2a: Electric Chicken\n|-crit|p2a: Electric Chicken\n|-damage|p2a: Electric Chicken|40\/100\n|\n|upkeep\n|turn|20\n|inactive|Hyper Soulless has 120 seconds left.\n|\n|t:|1700097536\n|switch|p1a: Garganacl|Garganacl, F|73\/100\n|move|p2a: Electric Chicken|U-turn|p1a: Garganacl\n|-damage|p1a: Garganacl|61\/100\n|\n|t:|1700097546\n|switch|p2a: Wobuffet|Swampert-Mega, F|100\/100|[from] U-turn\n|-damage|p2a: Wobuffet|94\/100|[from] Stealth Rock\n|\n|-heal|p1a: Garganacl|67\/100|[from] item: Leftovers\n|upkeep\n|turn|21\n|\n|t:|1700097554\n|switch|p1a: Rillaboom|Rillaboom, M|63\/100\n|-fieldstart|move: Grassy Terrain|[from] ability: Grassy Surge|[of] p1a: Rillaboom\n|move|p2a: Wobuffet|Flip Turn|p1a: Rillaboom\n|-resisted|p1a: Rillaboom\n|-damage|p1a: Rillaboom|44\/100\n|\n|t:|1700097561\n|switch|p2a: Urshifu|Urshifu, M|100\/100|[from] Flip Turn\n|-damage|p2a: Urshifu|94\/100|[from] Stealth Rock\n|\n|-heal|p2a: Urshifu|100\/100|[from] Grassy Terrain\n|-heal|p1a: Rillaboom|50\/100|[from] Grassy Terrain\n|upkeep\n|turn|22\n|\n|t:|1700097566\n|switch|p1a: Great Tusk|Great Tusk|100\/100\n|move|p2a: Urshifu|Ice Punch|p1a: Great Tusk\n|-supereffective|p1a: Great Tusk\n|-damage|p1a: Great Tusk|77\/100\n|\n|-heal|p1a: Great Tusk|83\/100|[from] Grassy Terrain\n|-heal|p1a: Great Tusk|89\/100|[from] item: Leftovers\n|upkeep\n|turn|23\n|c|\u2606Hyper Soulless|the f is this bulky\n|\n|t:|1700097580\n|switch|p2a: Dipplin|Dipplin, M|69\/100\n|-damage|p2a: Dipplin|57\/100|[from] Stealth Rock\n|move|p1a: Great Tusk|Ice Spinner|p2a: Dipplin\n|-supereffective|p2a: Dipplin\n|-damage|p2a: Dipplin|0 fnt\n|-fieldend|move: Grassy Terrain\n|faint|p2a: Dipplin\n|\n|-heal|p1a: Great Tusk|96\/100|[from] item: Leftovers\n|upkeep\n|\n|t:|1700097585\n|switch|p2a: Electric Chicken|Tapu Koko|40\/100\n|-fieldstart|move: Electric Terrain|[from] ability: Electric Surge|[of] p2a: Electric Chicken\n|turn|24\n|\n|t:|1700097588\n|move|p2a: Electric Chicken|Hidden Power|p1a: Great Tusk\n|-supereffective|p1a: Great Tusk\n|-damage|p1a: Great Tusk|54\/100\n|move|p1a: Great Tusk|Earthquake|p2a: Electric Chicken\n|-supereffective|p2a: Electric Chicken\n|-damage|p2a: Electric Chicken|0 fnt\n|faint|p2a: Electric Chicken\n|\n|-heal|p1a: Great Tusk|60\/100|[from] item: Leftovers\n|upkeep\n|\n|t:|1700097595\n|switch|p2a: Wobuffet|Swampert-Mega, F|94\/100\n|-damage|p2a: Wobuffet|88\/100|[from] Stealth Rock\n|turn|25\n|\n|t:|1700097597\n|-end|p1a: Great Tusk|Protosynthesis|[silent]\n|switch|p1a: Urshifu|Urshifu, F, tera:Dark|100\/100\n|move|p2a: Wobuffet|Liquidation|p1a: Urshifu\n|-damage|p1a: Urshifu|55\/100\n|\n|upkeep\n|turn|26\n|\n|t:|1700097602\n|move|p1a: Urshifu|Wicked Blow|p2a: Wobuffet\n|-crit|p2a: Wobuffet\n|-damage|p2a: Wobuffet|0 fnt\n|faint|p2a: Wobuffet\n|\n|upkeep\n|\n|t:|1700097604\n|switch|p2a: Urshifu|Urshifu, M|100\/100\n|-damage|p2a: Urshifu|94\/100|[from] Stealth Rock\n|turn|27\n|\n|t:|1700097611\n|switch|p1a: Charizard|Charizard-Mega-Y, M|100\/100\n|-weather|SunnyDay|[from] ability: Drought|[of] p1a: Charizard\n|-terastallize|p2a: Urshifu|Fighting\n|move|p2a: Urshifu|Close Combat|p1a: Charizard\n|-resisted|p1a: Charizard\n|-damage|p1a: Charizard|45\/100\n|-unboost|p2a: Urshifu|def|1\n|-unboost|p2a: Urshifu|spd|1\n|\n|-weather|SunnyDay|[upkeep]\n|upkeep\n|turn|28\n|\n|t:|1700097624\n|switch|p1a: Garganacl|Garganacl, F|67\/100\n|move|p2a: Urshifu|Close Combat|p1a: Garganacl\n|-supereffective|p1a: Garganacl\n|-damage|p1a: Garganacl|0 fnt\n|-unboost|p2a: Urshifu|def|1\n|-unboost|p2a: Urshifu|spd|1\n|faint|p1a: Garganacl\n|\n|-weather|SunnyDay|[upkeep]\n|-fieldend|move: Electric Terrain\n|upkeep\n|\n|t:|1700097625\n|switch|p1a: Great Tusk|Great Tusk|60\/100\n|-activate|p1a: Great Tusk|ability: Protosynthesis\n|-start|p1a: Great Tusk|protosynthesisdef\n|turn|29\n|\n|t:|1700097628\n|move|p2a: Urshifu|Close Combat|p1a: Great Tusk\n|-damage|p1a: Great Tusk|30\/100\n|-unboost|p2a: Urshifu|def|1\n|-unboost|p2a: Urshifu|spd|1\n|move|p1a: Great Tusk|Earthquake|p2a: Urshifu\n|-damage|p2a: Urshifu|0 fnt\n|faint|p2a: Urshifu\n|\n|-weather|SunnyDay|[upkeep]\n|-heal|p1a: Great Tusk|37\/100|[from] item: Leftovers\n|upkeep\n|\n|t:|1700097631\n|switch|p2a: Goodra|Goodra-Hisui, M|83\/100\n|-damage|p2a: Goodra|77\/100|[from] Stealth Rock\n|turn|30\n|\n|t:|1700097633\n|move|p1a: Great Tusk|Earthquake|p2a: Goodra\n|-supereffective|p2a: Goodra\n|-damage|p2a: Goodra|0 fnt\n|faint|p2a: Goodra\n|\n|win|Kayzn \u262f\n|n|\u2606Kayzn \u262f|kayzn\n|n|\u2606Hyper Soulless|hypersoulless\n|n| OVOHunchoSeth|ovohunchoseth\n|n| OuterDreams|outerdreams\n|c|\u2606Kayzn \u262f|gg\n","uploadtime":1700097639,"views":5,"p1id":"kayzn","p2id":"hypersoulless","formatid":"gen9nationaldex","rating":0,"private":0,"password":""}