{"id":"gen9nationaldex-1996129274","p1":"CobraAttack6","p2":"Glass101","format":"[Gen 9] National Dex","log":"|html|<div class=\"broadcast-blue\"><strong>[Gen 9] National Dex is currently suspecting Sneasler! For information on how to participate check out the <a href=\"https:\/\/www.smogon.com\/forums\/threads\/sv-national-dex-suspect-8-just-dance.3731534\/\">suspect thread<\/a>.<\/strong><\/div>\n|j|\u2606CobraAttack6\n|j|\u2606Glass101\n|t:|1700648600\n|gametype|singles\n|player|p1|CobraAttack6|hooligans|1515\n|player|p2|Glass101|1|1431\n|teamsize|p1|6\n|teamsize|p2|6\n|gen|9\n|tier|[Gen 9] National Dex\n|rated|\n|rule|HP Percentage Mod: HP is shown in percentages\n|rule|Endless Battle Clause: Forcing endless battles is banned\n|rule|OHKO Clause: OHKO moves are banned\n|rule|Evasion Clause: Evasion abilities, items, and moves are banned\n|rule|Evasion Abilities Clause: Evasion abilities are banned\n|rule|Evasion Items Clause: Evasion items are banned\n|rule|Evasion Moves Clause: Evasion moves are banned\n|rule|Species Clause: Limit one of each Pok\u00e9mon\n|rule|Sleep Clause Mod: Limit one foe put to sleep\n|clearpoke\n|poke|p1|Tapu Koko|\n|poke|p1|Iron Treads|\n|poke|p1|Charizard, M|\n|poke|p1|Landorus-Therian, M|\n|poke|p1|Tapu Lele|\n|poke|p1|Ferrothorn, M|\n|poke|p2|Sinistcha|\n|poke|p2|Ceruledge, M|\n|poke|p2|Clodsire, M|\n|poke|p2|Gyarados, F|\n|poke|p2|Cresselia, F|\n|poke|p2|Beedrill, M|\n|teampreview\n|inactive|Battle timer is ON: inactive players will automatically lose when time's up. (requested by CobraAttack6)\n|\n|t:|1700648608\n|start\n|switch|p1a: Iron Treads|Iron Treads|100\/100\n|switch|p2a: Gyarados|Gyarados, F|100\/100\n|turn|1\n|\n|t:|1700648617\n|move|p1a: Iron Treads|Earthquake|p2a: Gyarados\n|-immune|p2a: Gyarados\n|move|p2a: Gyarados|Dragon Dance|p2a: Gyarados\n|-boost|p2a: Gyarados|atk|1\n|-boost|p2a: Gyarados|spe|1\n|\n|upkeep\n|turn|2\n|\n|t:|1700648624\n|-end|p1a: Iron Treads|Quark Drive|[silent]\n|switch|p1a: Ferrothorn|Ferrothorn, M, shiny|100\/100\n|move|p2a: Gyarados|Waterfall|p1a: Ferrothorn\n|-resisted|p1a: Ferrothorn\n|-damage|p1a: Ferrothorn|81\/100\n|-damage|p2a: Gyarados|88\/100|[from] ability: Iron Barbs|[of] p1a: Ferrothorn\n|\n|-heal|p1a: Ferrothorn|87\/100|[from] item: Leftovers\n|upkeep\n|turn|3\n|\n|t:|1700648634\n|switch|p2a: Sinistcha|Sinistcha|100\/100\n|move|p1a: Ferrothorn|Stealth Rock|p2a: Sinistcha\n|-sidestart|p2: Glass101|move: Stealth Rock\n|\n|-heal|p1a: Ferrothorn|93\/100|[from] item: Leftovers\n|upkeep\n|turn|4\n|\n|t:|1700648642\n|move|p2a: Sinistcha|Calm Mind|p2a: Sinistcha\n|-boost|p2a: Sinistcha|spa|1\n|-boost|p2a: Sinistcha|spd|1\n|move|p1a: Ferrothorn|Gyro Ball|p2a: Sinistcha\n|-damage|p2a: Sinistcha|73\/100\n|\n|-heal|p1a: Ferrothorn|99\/100|[from] item: Leftovers\n|upkeep\n|turn|5\n|\n|t:|1700648660\n|switch|p1a: Landorus|Landorus-Therian, M|100\/100\n|-ability|p1a: Landorus|Intimidate|boost\n|-unboost|p2a: Sinistcha|atk|1\n|move|p2a: Sinistcha|Calm Mind|p2a: Sinistcha\n|-boost|p2a: Sinistcha|spa|1\n|-boost|p2a: Sinistcha|spd|1\n|\n|upkeep\n|turn|6\n|\n|t:|1700648668\n|move|p1a: Landorus|Knock Off|p2a: Sinistcha\n|-supereffective|p2a: Sinistcha\n|-damage|p2a: Sinistcha|27\/100\n|-enditem|p2a: Sinistcha|Covert Cloak|[from] move: Knock Off|[of] p1a: Landorus\n|move|p2a: Sinistcha|Strength Sap|p1a: Landorus\n|-unboost|p1a: Landorus|atk|1\n|-heal|p2a: Sinistcha|100\/100\n|\n|upkeep\n|turn|7\n|\n|t:|1700648677\n|move|p1a: Landorus|U-turn|p2a: Sinistcha\n|-damage|p2a: Sinistcha|87\/100\n|\n|t:|1700648680\n|switch|p1a: Charizard|Charizard, M, shiny|100\/100|[from] U-turn\n|move|p2a: Sinistcha|Calm Mind|p2a: Sinistcha\n|-boost|p2a: Sinistcha|spa|1\n|-boost|p2a: Sinistcha|spd|1\n|\n|upkeep\n|turn|8\n|\n|t:|1700648687\n|detailschange|p1a: Charizard|Charizard-Mega-Y, M, shiny\n|-mega|p1a: Charizard|Charizard|Charizardite Y\n|-weather|SunnyDay|[from] ability: Drought|[of] p1a: Charizard\n|move|p1a: Charizard|Weather Ball|p2a: Sinistcha\n|-supereffective|p2a: Sinistcha\n|-damage|p2a: Sinistcha|45\/100\n|move|p2a: Sinistcha|Strength Sap|p1a: Charizard\n|-unboost|p1a: Charizard|atk|1\n|-heal|p2a: Sinistcha|100\/100\n|\n|-weather|SunnyDay|[upkeep]\n|upkeep\n|turn|9\n|\n|t:|1700648700\n|-terastallize|p2a: Sinistcha|Poison\n|move|p1a: Charizard|Weather Ball|p2a: Sinistcha\n|-damage|p2a: Sinistcha|79\/100\n|move|p2a: Sinistcha|Shadow Ball|p1a: Charizard\n|-damage|p1a: Charizard|19\/100\n|\n|-weather|SunnyDay|[upkeep]\n|upkeep\n|turn|10\n|\n|t:|1700648710\n|move|p1a: Charizard|Scorching Sands|p2a: Sinistcha\n|-supereffective|p2a: Sinistcha\n|-damage|p2a: Sinistcha|53\/100\n|-status|p2a: Sinistcha|brn\n|move|p2a: Sinistcha|Matcha Gotcha|p1a: Charizard\n|-resisted|p1a: Charizard\n|-damage|p1a: Charizard|0 fnt\n|-heal|p2a: Sinistcha|61\/100 brn|[from] drain|[of] p1a: Charizard\n|faint|p1a: Charizard\n|\n|-weather|SunnyDay|[upkeep]\n|-damage|p2a: Sinistcha|59\/100 brn|[from] brn\n|upkeep\n|\n|t:|1700648724\n|switch|p1a: Iron Treads|Iron Treads|100\/100\n|turn|11\n|\n|t:|1700648728\n|move|p1a: Iron Treads|Iron Head|p2a: Sinistcha\n|-damage|p2a: Sinistcha|20\/100 brn\n|move|p2a: Sinistcha|Strength Sap|p1a: Iron Treads\n|-unboost|p1a: Iron Treads|atk|1\n|-heal|p2a: Sinistcha|100\/100 brn\n|\n|-weather|SunnyDay|[upkeep]\n|-damage|p2a: Sinistcha|98\/100 brn|[from] brn\n|upkeep\n|turn|12\n|-message|CobraAttack6 forfeited.\n|\n|win|Glass101\n|raw|CobraAttack6's rating: 1515 &rarr; <strong>1490<\/strong><br \/>(-25 for losing)\n|raw|Glass101's rating: 1431 &rarr; <strong>1456<\/strong><br \/>(+25 for winning)\n|l|\u2606CobraAttack6\n|c|\u2606Glass101|Iron head ?!\n|c|\u2606Glass101|Dude :I\n","uploadtime":1700648744,"views":0,"p1id":"cobraattack6","p2id":"glass101","formatid":"gen9nationaldex","rating":1456,"private":0,"password":""}