{"id":"gen9nationaldex-1997641749","p1":"Mqwe","p2":"Izetsu33","format":"[Gen 9] National Dex","log":"|html|<div class=\"broadcast-blue\"><strong>[Gen 9] National Dex is currently suspecting Sneasler! For information on how to participate check out the <a href=\"https:\/\/www.smogon.com\/forums\/threads\/sv-national-dex-suspect-8-just-dance.3731534\/\">suspect thread<\/a>.<\/strong><\/div>\n|j|\u2606Mqwe\n|j|\u2606Izetsu33\n|t:|1700836536\n|gametype|singles\n|player|p1|Mqwe|cyclistf-gen4|1369\n|player|p2|Izetsu33|gentleman|1304\n|teamsize|p1|6\n|teamsize|p2|6\n|gen|9\n|tier|[Gen 9] National Dex\n|rated|\n|rule|HP Percentage Mod: HP is shown in percentages\n|rule|Endless Battle Clause: Forcing endless battles is banned\n|rule|OHKO Clause: OHKO moves are banned\n|rule|Evasion Clause: Evasion abilities, items, and moves are banned\n|rule|Evasion Abilities Clause: Evasion abilities are banned\n|rule|Evasion Items Clause: Evasion items are banned\n|rule|Evasion Moves Clause: Evasion moves are banned\n|rule|Species Clause: Limit one of each Pok\u00e9mon\n|rule|Sleep Clause Mod: Limit one foe put to sleep\n|clearpoke\n|poke|p1|Volcanion|\n|poke|p1|Urshifu-*, F|\n|poke|p1|Toxapex, F|\n|poke|p1|Corviknight, F|\n|poke|p1|Ogerpon-Cornerstone, F|\n|poke|p1|Scizor, F|\n|poke|p2|Mawile, F|\n|poke|p2|Landorus-Therian, M|\n|poke|p2|Heatran, M|\n|poke|p2|Rotom-Wash|\n|poke|p2|Rillaboom, F|\n|poke|p2|Cresselia, F|\n|teampreview\n|c|\u2606Izetsu33|Glhf\n|inactive|Battle timer is ON: inactive players will automatically lose when time's up. (requested by Izetsu33)\n|\n|t:|1700836554\n|start\n|switch|p1a: Urshifu|Urshifu-Rapid-Strike, F|100\/100\n|switch|p2a: Heatran|Heatran, M|100\/100\n|turn|1\n|\n|t:|1700836569\n|switch|p2a: Landorus|Landorus-Therian, M|100\/100\n|-ability|p2a: Landorus|Intimidate|boost\n|-unboost|p1a: Urshifu|atk|1\n|move|p1a: Urshifu|U-turn|p2a: Landorus\n|-resisted|p2a: Landorus\n|-damage|p2a: Landorus|94\/100\n|-damage|p1a: Urshifu|84\/100|[from] item: Rocky Helmet|[of] p2a: Landorus\n|\n|t:|1700836591\n|switch|p1a: Volcanion|Volcanion|100\/100|[from] U-turn\n|\n|upkeep\n|turn|2\n|\n|t:|1700836600\n|switch|p2a: Cresselia|Cresselia, F|100\/100\n|-terastallize|p1a: Volcanion|Water\n|move|p1a: Volcanion|Steam Eruption|p2a: Cresselia\n|-damage|p2a: Cresselia|42\/100\n|-status|p2a: Cresselia|brn\n|\n|-heal|p2a: Cresselia|48\/100 brn|[from] item: Leftovers\n|-damage|p2a: Cresselia|42\/100 brn|[from] brn\n|upkeep\n|turn|3\n|\n|t:|1700836614\n|move|p2a: Cresselia|Calm Mind|p2a: Cresselia\n|-boost|p2a: Cresselia|spa|1\n|-boost|p2a: Cresselia|spd|1\n|move|p1a: Volcanion|Steam Eruption|p2a: Cresselia\n|-damage|p2a: Cresselia|7\/100 brn\n|\n|-heal|p2a: Cresselia|13\/100 brn|[from] item: Leftovers\n|-damage|p2a: Cresselia|7\/100 brn|[from] brn\n|upkeep\n|turn|4\n|\n|t:|1700836624\n|move|p2a: Cresselia|Moonlight|p2a: Cresselia\n|-heal|p2a: Cresselia|56\/100 brn\n|move|p1a: Volcanion|Flamethrower|p2a: Cresselia\n|-damage|p2a: Cresselia|32\/100 brn\n|\n|-heal|p2a: Cresselia|38\/100 brn|[from] item: Leftovers\n|-damage|p2a: Cresselia|32\/100 brn|[from] brn\n|upkeep\n|turn|5\n|\n|t:|1700836633\n|move|p2a: Cresselia|Moonlight|p2a: Cresselia\n|-heal|p2a: Cresselia|82\/100 brn\n|move|p1a: Volcanion|Steam Eruption|p2a: Cresselia\n|-damage|p2a: Cresselia|45\/100 brn\n|\n|-heal|p2a: Cresselia|51\/100 brn|[from] item: Leftovers\n|-damage|p2a: Cresselia|45\/100 brn|[from] brn\n|upkeep\n|turn|6\n|\n|t:|1700836654\n|switch|p1a: Scizor|Scizor, F|100\/100\n|move|p2a: Cresselia|Moonlight|p2a: Cresselia\n|-heal|p2a: Cresselia|94\/100 brn\n|\n|-heal|p2a: Cresselia|100\/100 brn|[from] item: Leftovers\n|-damage|p2a: Cresselia|94\/100 brn|[from] brn\n|upkeep\n|turn|7\n|\n|t:|1700836672\n|switch|p2a: Heatran|Heatran, M|100\/100\n|detailschange|p1a: Scizor|Scizor-Mega, F\n|-mega|p1a: Scizor|Scizor|Scizorite\n|move|p1a: Scizor|Bullet Punch|p2a: Heatran\n|-resisted|p2a: Heatran\n|-damage|p2a: Heatran|95\/100\n|\n|-heal|p2a: Heatran|100\/100|[from] item: Leftovers\n|upkeep\n|turn|8\n|\n|t:|1700836685\n|switch|p1a: Urshifu|Urshifu-Rapid-Strike, F|84\/100\n|move|p2a: Heatran|Stealth Rock|p1a: Urshifu\n|-sidestart|p1: Mqwe|move: Stealth Rock\n|\n|upkeep\n|turn|9\n|\n|t:|1700836700\n|switch|p2a: Rotom|Rotom-Wash|100\/100\n|move|p1a: Urshifu|Surging Strikes|p2a: Rotom\n|-resisted|p2a: Rotom\n|-crit|p2a: Rotom\n|-damage|p2a: Rotom|87\/100\n|-resisted|p2a: Rotom\n|-crit|p2a: Rotom\n|-damage|p2a: Rotom|74\/100\n|-resisted|p2a: Rotom\n|-crit|p2a: Rotom\n|-damage|p2a: Rotom|61\/100\n|-hitcount|p2a: Rotom|3\n|\n|upkeep\n|turn|10\n|\n|t:|1700836713\n|switch|p1a: Scizor|Scizor-Mega, F|100\/100\n|-damage|p1a: Scizor|88\/100|[from] Stealth Rock\n|move|p2a: Rotom|Volt Switch|p1a: Scizor\n|-damage|p1a: Scizor|61\/100\n|\n|t:|1700836720\n|switch|p2a: Heatran|Heatran, M|100\/100|[from] Volt Switch\n|\n|upkeep\n|turn|11\n|\n|t:|1700836725\n|move|p1a: Scizor|Close Combat|p2a: Heatran\n|-supereffective|p2a: Heatran\n|-damage|p2a: Heatran|32\/100\n|-unboost|p1a: Scizor|def|1\n|-unboost|p1a: Scizor|spd|1\n|move|p2a: Heatran|Magma Storm|p1a: Scizor\n|-supereffective|p1a: Scizor\n|-damage|p1a: Scizor|0 fnt\n|faint|p1a: Scizor\n|\n|-heal|p2a: Heatran|38\/100|[from] item: Leftovers\n|upkeep\n|\n|t:|1700836744\n|switch|p1a: Urshifu|Urshifu-Rapid-Strike, F|84\/100\n|-damage|p1a: Urshifu|78\/100|[from] Stealth Rock\n|turn|12\n|\n|t:|1700836751\n|switch|p2a: Rotom|Rotom-Wash|61\/100\n|move|p1a: Urshifu|Surging Strikes|p2a: Rotom\n|-resisted|p2a: Rotom\n|-crit|p2a: Rotom\n|-damage|p2a: Rotom|47\/100\n|-resisted|p2a: Rotom\n|-crit|p2a: Rotom\n|-damage|p2a: Rotom|33\/100\n|-resisted|p2a: Rotom\n|-crit|p2a: Rotom\n|-damage|p2a: Rotom|18\/100\n|-hitcount|p2a: Rotom|3\n|\n|upkeep\n|turn|13\n|\n|t:|1700836760\n|move|p1a: Urshifu|Surging Strikes|p2a: Rotom\n|-resisted|p2a: Rotom\n|-crit|p2a: Rotom\n|-damage|p2a: Rotom|5\/100\n|-resisted|p2a: Rotom\n|-crit|p2a: Rotom\n|-damage|p2a: Rotom|0 fnt\n|faint|p2a: Rotom\n|-hitcount|p2: Rotom|2\n|\n|upkeep\n|\n|t:|1700836764\n|switch|p2a: Rillaboom|Rillaboom, F|100\/100\n|-fieldstart|move: Grassy Terrain|[from] ability: Grassy Surge|[of] p2a: Rillaboom\n|turn|14\n|\n|t:|1700836769\n|switch|p1a: Corviknight|Corviknight, F|100\/100\n|-damage|p1a: Corviknight|88\/100|[from] Stealth Rock\n|move|p2a: Rillaboom|Grassy Glide|p1a: Corviknight\n|-resisted|p1a: Corviknight\n|-damage|p1a: Corviknight|78\/100\n|-damage|p2a: Rillaboom|84\/100|[from] item: Rocky Helmet|[of] p1a: Corviknight\n|\n|-heal|p2a: Rillaboom|90\/100|[from] Grassy Terrain\n|upkeep\n|turn|15\n|\n|t:|1700836778\n|switch|p2a: Heatran|Heatran, M|38\/100\n|move|p1a: Corviknight|Defog|p2a: Heatran\n|-unboost|p2a: Heatran|evasion|1\n|-sideend|p1: Mqwe|Stealth Rock|[from] move: Defog|[of] p1a: Corviknight\n|-fieldend|move: Grassy Terrain\n|\n|-heal|p2a: Heatran|45\/100|[from] item: Leftovers\n|upkeep\n|turn|16\n|\n|t:|1700836789\n|switch|p1a: Volcanion|Volcanion, tera:Water|100\/100\n|move|p2a: Heatran|Magma Storm|p1a: Volcanion\n|-resisted|p1a: Volcanion\n|-damage|p1a: Volcanion|84\/100\n|-activate|p1a: Volcanion|move: Magma Storm|[of] p2a: Heatran\n|\n|-heal|p2a: Heatran|51\/100|[from] item: Leftovers\n|-damage|p1a: Volcanion|72\/100|[from] move: Magma Storm|[partiallytrapped]\n|upkeep\n|turn|17\n|\n|t:|1700836803\n|-terastallize|p2a: Heatran|Grass\n|move|p2a: Heatran|Stealth Rock|p1a: Volcanion\n|-sidestart|p1: Mqwe|move: Stealth Rock\n|move|p1a: Volcanion|Steam Eruption|p2a: Heatran\n|-resisted|p2a: Heatran\n|-damage|p2a: Heatran|26\/100\n|\n|-heal|p2a: Heatran|32\/100|[from] item: Leftovers\n|-damage|p1a: Volcanion|59\/100|[from] move: Magma Storm|[partiallytrapped]\n|upkeep\n|turn|18\n|\n|t:|1700836818\n|move|p2a: Heatran|Earth Power|p1a: Volcanion\n|-damage|p1a: Volcanion|39\/100\n|-unboost|p1a: Volcanion|spd|1\n|move|p1a: Volcanion|Sludge Wave|p2a: Heatran\n|-supereffective|p2a: Heatran\n|-damage|p2a: Heatran|0 fnt\n|faint|p2a: Heatran\n|\n|-end|p1a: Volcanion|Magma Storm|[partiallytrapped]|[silent]\n|upkeep\n|\n|t:|1700836831\n|switch|p2a: Cresselia|Cresselia, F|94\/100 brn\n|turn|19\n|\n|t:|1700836836\n|move|p2a: Cresselia|Calm Mind|p2a: Cresselia\n|-boost|p2a: Cresselia|spa|1\n|-boost|p2a: Cresselia|spd|1\n|move|p1a: Volcanion|Explosion|p2a: Cresselia\n|-damage|p2a: Cresselia|45\/100 brn\n|faint|p1a: Volcanion\n|\n|-heal|p2a: Cresselia|51\/100 brn|[from] item: Leftovers\n|-damage|p2a: Cresselia|45\/100 brn|[from] brn\n|upkeep\n|\n|t:|1700836846\n|switch|p1a: Urshifu|Urshifu-Rapid-Strike, F|78\/100\n|-damage|p1a: Urshifu|72\/100|[from] Stealth Rock\n|turn|20\n|\n|t:|1700836853\n|move|p1a: Urshifu|U-turn|p2a: Cresselia\n|-supereffective|p2a: Cresselia\n|-damage|p2a: Cresselia|9\/100 brn\n|\n|t:|1700836857\n|switch|p1a: Ogerpon|Ogerpon-Cornerstone, F|100\/100|[from] U-turn\n|-damage|p1a: Ogerpon|88\/100|[from] Stealth Rock\n|move|p2a: Cresselia|Stored Power|p1a: Ogerpon\n|-damage|p1a: Ogerpon|61\/100\n|\n|-heal|p2a: Cresselia|15\/100 brn|[from] item: Leftovers\n|-damage|p2a: Cresselia|9\/100 brn|[from] brn\n|upkeep\n|turn|21\n|\n|t:|1700836867\n|move|p1a: Ogerpon|Ivy Cudgel|p2a: Cresselia|[anim] Ivy Cudgel Rock\n|-damage|p2a: Cresselia|0 fnt\n|faint|p2a: Cresselia\n|\n|upkeep\n|\n|t:|1700836873\n|switch|p2a: Rillaboom|Rillaboom, F|90\/100\n|-fieldstart|move: Grassy Terrain|[from] ability: Grassy Surge|[of] p2a: Rillaboom\n|turn|22\n|\n|t:|1700836883\n|move|p1a: Ogerpon|Spiky Shield|p1a: Ogerpon\n|-singleturn|p1a: Ogerpon|move: Protect\n|move|p2a: Rillaboom|Drain Punch|p1a: Ogerpon\n|-activate|p1a: Ogerpon|move: Protect\n|-damage|p2a: Rillaboom|78\/100|[from] Spiky Shield|[of] p1a: Ogerpon\n|\n|-heal|p1a: Ogerpon|67\/100|[from] Grassy Terrain\n|-heal|p2a: Rillaboom|84\/100|[from] Grassy Terrain\n|upkeep\n|turn|23\n|\n|t:|1700836891\n|switch|p1a: Corviknight|Corviknight, F|78\/100\n|-damage|p1a: Corviknight|65\/100|[from] Stealth Rock\n|move|p2a: Rillaboom|Drain Punch|p1a: Corviknight\n|-damage|p1a: Corviknight|37\/100\n|-heal|p2a: Rillaboom|100\/100|[from] drain|[of] p1a: Corviknight\n|-damage|p2a: Rillaboom|84\/100|[from] item: Rocky Helmet|[of] p1a: Corviknight\n|\n|-heal|p2a: Rillaboom|90\/100|[from] Grassy Terrain\n|upkeep\n|turn|24\n|\n|t:|1700836901\n|move|p2a: Rillaboom|Drain Punch|p1a: Corviknight\n|-damage|p1a: Corviknight|7\/100\n|-heal|p2a: Rillaboom|100\/100|[from] drain|[of] p1a: Corviknight\n|-damage|p2a: Rillaboom|84\/100|[from] item: Rocky Helmet|[of] p1a: Corviknight\n|move|p1a: Corviknight|Roost|p1a: Corviknight\n|-heal|p1a: Corviknight|57\/100\n|-singleturn|p1a: Corviknight|move: Roost\n|\n|-heal|p2a: Rillaboom|90\/100|[from] Grassy Terrain\n|-heal|p1a: Corviknight|63\/100|[from] Grassy Terrain\n|upkeep\n|turn|25\n|\n|t:|1700836912\n|switch|p2a: Mawile|Mawile, F|100\/100\n|-ability|p2a: Mawile|Intimidate|boost\n|-ability|p1a: Corviknight|Mirror Armor\n|-unboost|p2a: Mawile|atk|1\n|move|p1a: Corviknight|Roost|p1a: Corviknight\n|-heal|p1a: Corviknight|100\/100\n|-singleturn|p1a: Corviknight|move: Roost\n|\n|upkeep\n|turn|26\n|\n|t:|1700836922\n|detailschange|p2a: Mawile|Mawile-Mega, F\n|-mega|p2a: Mawile|Mawile|Mawilite\n|move|p2a: Mawile|Swords Dance|p2a: Mawile\n|-boost|p2a: Mawile|atk|2\n|move|p1a: Corviknight|U-turn|p2a: Mawile\n|-resisted|p2a: Mawile\n|-damage|p2a: Mawile|97\/100\n|\n|t:|1700836928\n|switch|p1a: Urshifu|Urshifu-Rapid-Strike, F|72\/100|[from] U-turn\n|-damage|p1a: Urshifu|66\/100|[from] Stealth Rock\n|\n|-heal|p1a: Urshifu|72\/100|[from] Grassy Terrain\n|-heal|p2a: Mawile|100\/100|[from] Grassy Terrain\n|-fieldend|move: Grassy Terrain\n|upkeep\n|turn|27\n|\n|t:|1700836935\n|move|p1a: Urshifu|Surging Strikes|p2a: Mawile\n|-crit|p2a: Mawile\n|-damage|p2a: Mawile|81\/100\n|-crit|p2a: Mawile\n|-damage|p2a: Mawile|57\/100\n|-crit|p2a: Mawile\n|-damage|p2a: Mawile|35\/100\n|-hitcount|p2a: Mawile|3\n|move|p2a: Mawile|Play Rough|p1a: Urshifu\n|-supereffective|p1a: Urshifu\n|-damage|p1a: Urshifu|0 fnt\n|faint|p1a: Urshifu\n|\n|upkeep\n|\n|t:|1700836955\n|switch|p1a: Toxapex|Toxapex, F|100\/100\n|-damage|p1a: Toxapex|88\/100|[from] Stealth Rock\n|turn|28\n|\n|t:|1700836969\n|switch|p2a: Landorus|Landorus-Therian, M|94\/100\n|-ability|p2a: Landorus|Intimidate|boost\n|-unboost|p1a: Toxapex|atk|1\n|move|p1a: Toxapex|Iron Defense|p1a: Toxapex\n|-boost|p1a: Toxapex|def|2\n|\n|-heal|p1a: Toxapex|94\/100|[from] item: Leftovers\n|upkeep\n|turn|29\n|\n|t:|1700836976\n|move|p2a: Landorus|Earthquake|p1a: Toxapex\n|-supereffective|p1a: Toxapex\n|-damage|p1a: Toxapex|57\/100\n|move|p1a: Toxapex|Iron Defense|p1a: Toxapex\n|-boost|p1a: Toxapex|def|2\n|\n|-heal|p1a: Toxapex|63\/100|[from] item: Leftovers\n|upkeep\n|turn|30\n|\n|t:|1700836994\n|move|p2a: Landorus|Earthquake|p1a: Toxapex\n|-supereffective|p1a: Toxapex\n|-damage|p1a: Toxapex|37\/100\n|move|p1a: Toxapex|Iron Defense|p1a: Toxapex\n|-boost|p1a: Toxapex|def|2\n|\n|-heal|p1a: Toxapex|44\/100|[from] item: Leftovers\n|upkeep\n|turn|31\n|\n|t:|1700837002\n|move|p2a: Landorus|U-turn|p1a: Toxapex\n|-resisted|p1a: Toxapex\n|-damage|p1a: Toxapex|42\/100\n|\n|t:|1700837004\n|switch|p2a: Rillaboom|Rillaboom, F|90\/100|[from] U-turn\n|-fieldstart|move: Grassy Terrain|[from] ability: Grassy Surge|[of] p2a: Rillaboom\n|move|p1a: Toxapex|Recover|p1a: Toxapex\n|-heal|p1a: Toxapex|92\/100\n|\n|-heal|p2a: Rillaboom|96\/100|[from] Grassy Terrain\n|-heal|p1a: Toxapex|98\/100|[from] Grassy Terrain\n|-heal|p1a: Toxapex|100\/100|[from] item: Leftovers\n|upkeep\n|turn|32\n|\n|t:|1700837013\n|move|p2a: Rillaboom|Knock Off|p1a: Toxapex\n|-damage|p1a: Toxapex|91\/100\n|-enditem|p1a: Toxapex|Leftovers|[from] move: Knock Off|[of] p2a: Rillaboom\n|move|p1a: Toxapex|Acid Spray|p2a: Rillaboom\n|-supereffective|p2a: Rillaboom\n|-damage|p2a: Rillaboom|72\/100\n|-unboost|p2a: Rillaboom|spd|2\n|\n|-heal|p2a: Rillaboom|78\/100|[from] Grassy Terrain\n|-heal|p1a: Toxapex|98\/100|[from] Grassy Terrain\n|upkeep\n|turn|33\n|\n|t:|1700837029\n|switch|p2a: Landorus|Landorus-Therian, M|94\/100\n|-ability|p2a: Landorus|Intimidate|boost\n|-unboost|p1a: Toxapex|atk|1\n|move|p1a: Toxapex|Scald|p2a: Landorus\n|-supereffective|p2a: Landorus\n|-damage|p2a: Landorus|58\/100\n|\n|-heal|p1a: Toxapex|100\/100|[from] Grassy Terrain\n|upkeep\n|turn|34\n|\n|t:|1700837041\n|move|p2a: Landorus|U-turn|p1a: Toxapex\n|-resisted|p1a: Toxapex\n|-damage|p1a: Toxapex|98\/100\n|\n|t:|1700837045\n|switch|p2a: Mawile|Mawile-Mega, F|35\/100|[from] U-turn\n|move|p1a: Toxapex|Scald|p2a: Mawile\n|-damage|p2a: Mawile|13\/100\n|\n|-heal|p2a: Mawile|19\/100|[from] Grassy Terrain\n|-heal|p1a: Toxapex|100\/100|[from] Grassy Terrain\n|upkeep\n|turn|35\n|\n|t:|1700837055\n|move|p2a: Mawile|Sucker Punch|p1a: Toxapex\n|-damage|p1a: Toxapex|91\/100\n|move|p1a: Toxapex|Scald|p2a: Mawile\n|-damage|p2a: Mawile|0 fnt\n|faint|p2a: Mawile\n|\n|-heal|p1a: Toxapex|98\/100|[from] Grassy Terrain\n|-fieldend|move: Grassy Terrain\n|upkeep\n|-message|Izetsu33 forfeited.\n|\n|win|Mqwe\n|raw|Mqwe's rating: 1369 &rarr; <strong>1385<\/strong><br \/>(+16 for winning)\n|raw|Izetsu33's rating: 1304 &rarr; <strong>1288<\/strong><br \/>(-16 for losing)\n|l|\u2606Izetsu33\n","uploadtime":1700837069,"views":1,"p1id":"mqwe","p2id":"izetsu33","formatid":"gen9nationaldex","rating":1288,"private":0,"password":""}