{"id":"gen9nationaldex-1997210731","p1":"KiwiBirbatos","p2":"KaneWritez","format":"[Gen 9] National Dex","log":"|html|<div class=\"broadcast-blue\"><strong>[Gen 9] National Dex is currently suspecting Sneasler! For information on how to participate check out the <a href=\"https:\/\/www.smogon.com\/forums\/threads\/sv-national-dex-suspect-8-just-dance.3731534\/\">suspect thread<\/a>.<\/strong><\/div>\n|j|\u2606KiwiBirbatos\n|j|\u2606KaneWritez\n|t:|1700775976\n|gametype|singles\n|player|p1|KiwiBirbatos|cynthia-gen4|\n|player|p2|KaneWritez|ethan|\n|teamsize|p1|6\n|teamsize|p2|6\n|gen|9\n|tier|[Gen 9] National Dex\n|rule|HP Percentage Mod: HP is shown in percentages\n|rule|Endless Battle Clause: Forcing endless battles is banned\n|rule|OHKO Clause: OHKO moves are banned\n|rule|Evasion Clause: Evasion abilities, items, and moves are banned\n|rule|Evasion Abilities Clause: Evasion abilities are banned\n|rule|Evasion Items Clause: Evasion items are banned\n|rule|Evasion Moves Clause: Evasion moves are banned\n|rule|Species Clause: Limit one of each Pok\u00e9mon\n|rule|Sleep Clause Mod: Limit one foe put to sleep\n|clearpoke\n|poke|p1|Metagross, L60|\n|poke|p1|Dipplin, L60, F|\n|poke|p1|Typhlosion-Hisui, L60, F|\n|poke|p1|Golem, L60, F|\n|poke|p1|Kommo-o, L60, M|\n|poke|p1|Darmanitan, L60, F|\n|poke|p2|Walrein, L60, M|\n|poke|p2|Vikavolt, L60, M|\n|poke|p2|Dragalge, L60, M|\n|poke|p2|Volcarona, L60, F|\n|poke|p2|Tyranitar, L60, M|\n|poke|p2|Garchomp, L60, M|\n|teampreview\n|\n|t:|1700775997\n|start\n|switch|p1a: Champion|Kommo-o, L60, M|100\/100\n|switch|p2a: Dragalge|Dragalge, L60, M|100\/100\n|turn|1\n|\n|t:|1700776010\n|move|p1a: Champion|Dragon Claw|p2a: Dragalge\n|-supereffective|p2a: Dragalge\n|-damage|p2a: Dragalge|3\/100\n|move|p2a: Dragalge|Toxic|p1a: Champion\n|-status|p1a: Champion|tox\n|\n|-damage|p1a: Champion|94\/100 tox|[from] psn\n|upkeep\n|turn|2\n|\n|t:|1700776021\n|move|p1a: Champion|Dragon Claw|p2a: Dragalge\n|-supereffective|p2a: Dragalge\n|-damage|p2a: Dragalge|0 fnt\n|faint|p2a: Dragalge\n|\n|-damage|p1a: Champion|82\/100 tox|[from] psn\n|upkeep\n|\n|t:|1700776029\n|switch|p2a: Jetstriker|Garchomp, L60, M, shiny|100\/100\n|turn|3\n|\n|t:|1700776033\n|move|p2a: Jetstriker|Dragon Claw|p1a: Champion\n|-supereffective|p1a: Champion\n|-damage|p1a: Champion|7\/100 tox\n|move|p1a: Champion|Clanging Scales|p2a: Jetstriker\n|-supereffective|p2a: Jetstriker\n|-damage|p2a: Jetstriker|12\/100\n|-unboost|p1a: Champion|def|1\n|\n|-damage|p1a: Champion|0 fnt|[from] psn\n|faint|p1a: Champion\n|upkeep\n|\n|t:|1700776045\n|switch|p1a: Fuji|Dipplin, L60, F|100\/100\n|-ability|p1a: Fuji|Supersweet Syrup\n|-ability|p1a: Fuji|Supersweet Syrup|boost\n|-unboost|p2a: Jetstriker|evasion|1\n|turn|4\n|\n|t:|1700776058\n|switch|p2a: Chrysus|Volcarona, L60, F, shiny|100\/100\n|move|p1a: Fuji|Dragon Pulse|p2a: Chrysus\n|-damage|p2a: Chrysus|66\/100\n|\n|upkeep\n|turn|5\n|\n|t:|1700776065\n|switch|p1a: Monke|Darmanitan, L60, F|100\/100\n|move|p2a: Chrysus|Fiery Dance|p1a: Monke\n|-resisted|p1a: Monke\n|-damage|p1a: Monke|60\/100\n|-boost|p2a: Chrysus|spa|1\n|\n|upkeep\n|turn|6\n|\n|t:|1700776073\n|move|p1a: Monke|Hammer Arm|p2a: Chrysus|[miss]\n|-miss|p1a: Monke|p2a: Chrysus\n|move|p2a: Chrysus|Fiery Dance|p1a: Monke\n|-resisted|p1a: Monke\n|-damage|p1a: Monke|5\/100\n|-boost|p2a: Chrysus|spa|1\n|\n|upkeep\n|turn|7\n|\n|t:|1700776082\n|move|p1a: Monke|Hammer Arm|p2a: Chrysus\n|-resisted|p2a: Chrysus\n|-damage|p2a: Chrysus|41\/100\n|-unboost|p1a: Monke|spe|1\n|move|p2a: Chrysus|Fiery Dance|p1a: Monke\n|-resisted|p1a: Monke\n|-damage|p1a: Monke|0 fnt\n|faint|p1a: Monke\n|\n|upkeep\n|\n|t:|1700776091\n|switch|p1a: Carnelian|Golem, L60, F, shiny|100\/100\n|turn|8\n|\n|t:|1700776105\n|move|p2a: Chrysus|Bug Buzz|p1a: Carnelian\n|-ability|p1a: Carnelian|Sturdy\n|-damage|p1a: Carnelian|1\/100\n|move|p1a: Carnelian|Earthquake|p2a: Chrysus\n|-damage|p2a: Chrysus|0 fnt\n|faint|p2a: Chrysus\n|\n|upkeep\n|\n|t:|1700776113\n|switch|p2a: Jetstriker|Garchomp, L60, M, shiny|12\/100\n|turn|9\n|\n|t:|1700776118\n|move|p2a: Jetstriker|Dragon Claw|p1a: Carnelian\n|-damage|p1a: Carnelian|0 fnt\n|faint|p1a: Carnelian\n|\n|upkeep\n|\n|t:|1700776123\n|switch|p1a: Smokey|Typhlosion-Hisui, L60, F|100\/100\n|turn|10\n|\n|t:|1700776126\n|move|p2a: Jetstriker|Dig||[still]\n|-prepare|p2a: Jetstriker|Dig\n|move|p1a: Smokey|Infernal Parade|p2a: Jetstriker|[miss]\n|-miss|p1a: Smokey|p2a: Jetstriker\n|\n|upkeep\n|turn|11\n|\n|t:|1700776133\n|switch|p1a: Titan|Metagross, L60|100\/100\n|move|p2a: Jetstriker|Dig|p1a: Titan|[from]lockedmove\n|-supereffective|p1a: Titan\n|-damage|p1a: Titan|37\/100\n|\n|upkeep\n|turn|12\n|\n|t:|1700776142\n|move|p2a: Jetstriker|Crunch|p1a: Titan\n|-supereffective|p1a: Titan\n|-damage|p1a: Titan|0 fnt\n|faint|p1a: Titan\n|\n|upkeep\n|\n|t:|1700776148\n|switch|p1a: Fuji|Dipplin, L60, F|100\/100\n|turn|13\n|\n|t:|1700776155\n|move|p2a: Jetstriker|Dragon Claw|p1a: Fuji\n|-supereffective|p1a: Fuji\n|-damage|p1a: Fuji|30\/100\n|move|p1a: Fuji|Dragon Pulse|p2a: Jetstriker\n|-supereffective|p2a: Jetstriker\n|-damage|p2a: Jetstriker|0 fnt\n|faint|p2a: Jetstriker\n|\n|upkeep\n|\n|t:|1700776165\n|switch|p2a: Buddy|Walrein, L60, M|100\/100\n|turn|14\n|\n|t:|1700776169\n|-terastallize|p2a: Buddy|Ice\n|move|p2a: Buddy|Blizzard|p1a: Fuji\n|-supereffective|p1a: Fuji\n|-damage|p1a: Fuji|0 fnt\n|faint|p1a: Fuji\n|\n|upkeep\n|\n|t:|1700776176\n|switch|p1a: Smokey|Typhlosion-Hisui, L60, F|100\/100\n|turn|15\n|\n|t:|1700776180\n|move|p1a: Smokey|Infernal Parade|p2a: Buddy\n|-damage|p2a: Buddy|73\/100\n|move|p2a: Buddy|Surf|p1a: Smokey\n|-supereffective|p1a: Smokey\n|-damage|p1a: Smokey|0 fnt\n|faint|p1a: Smokey\n|\n|win|KaneWritez\n","uploadtime":1700776189,"views":11,"p1id":"kiwibirbatos","p2id":"kanewritez","formatid":"gen9nationaldex","rating":0,"private":0,"password":""}