{"id":"gen9nationaldex-1989448483","p1":"Jektrooper","p2":"gglao4","format":"[Gen 9] National Dex","log":"|j|\u2606Jektrooper\n|j|\u2606gglao4\n|t:|1699852022\n|gametype|singles\n|player|p1|Jektrooper|pokemonbreederf|1483\n|player|p2|gglao4|102|1441\n|teamsize|p1|6\n|teamsize|p2|6\n|gen|9\n|tier|[Gen 9] National Dex\n|rated|\n|rule|HP Percentage Mod: HP is shown in percentages\n|rule|Endless Battle Clause: Forcing endless battles is banned\n|rule|OHKO Clause: OHKO moves are banned\n|rule|Evasion Clause: Evasion abilities, items, and moves are banned\n|rule|Evasion Abilities Clause: Evasion abilities are banned\n|rule|Evasion Items Clause: Evasion items are banned\n|rule|Evasion Moves Clause: Evasion moves are banned\n|rule|Species Clause: Limit one of each Pok\u00e9mon\n|rule|Sleep Clause Mod: Limit one foe put to sleep\n|clearpoke\n|poke|p1|Ribombee, F|\n|poke|p1|Zapdos-Galar|\n|poke|p1|Blacephalon|\n|poke|p1|Dragonite, M|\n|poke|p1|Medicham, M|\n|poke|p1|Tapu Koko|\n|poke|p2|Alomomola, M|\n|poke|p2|Zamazenta-*|\n|poke|p2|Ditto|\n|poke|p2|Victini|\n|poke|p2|Gliscor, M|\n|poke|p2|Goodra-Hisui, F|\n|teampreview\n|\n|t:|1699852029\n|start\n|switch|p1a: Medicham|Medicham, M|100\/100\n|switch|p2a: Ditto|Ditto|100\/100\n|-transform|p2a: Ditto|p1a: Medicham|[from] ability: Imposter\n|turn|1\n|inactive|Battle timer is ON: inactive players will automatically lose when time's up. (requested by gglao4)\n|\n|t:|1699852037\n|detailschange|p1a: Medicham|Medicham-Mega, M\n|-mega|p1a: Medicham|Medicham|Medichamite\n|move|p2a: Ditto|Fake Out|p1a: Medicham\n|-damage|p1a: Medicham|76\/100\n|cant|p1a: Medicham|flinch\n|\n|upkeep\n|turn|2\n|\n|t:|1699852048\n|switch|p2a: Alomomola|Alomomola, M|100\/100\n|move|p1a: Medicham|Close Combat|p2a: Alomomola\n|-damage|p2a: Alomomola|48\/100\n|-unboost|p1a: Medicham|def|1\n|-unboost|p1a: Medicham|spd|1\n|-damage|p1a: Medicham|60\/100|[from] item: Rocky Helmet|[of] p2a: Alomomola\n|\n|upkeep\n|turn|3\n|\n|t:|1699852057\n|switch|p2a: Gliscor|Gliscor, M|100\/100\n|move|p1a: Medicham|Close Combat|p2a: Gliscor\n|-resisted|p2a: Gliscor\n|-damage|p2a: Gliscor|60\/100\n|-unboost|p1a: Medicham|def|1\n|-unboost|p1a: Medicham|spd|1\n|\n|-status|p2a: Gliscor|tox|[from] item: Toxic Orb\n|upkeep\n|turn|4\n|\n|t:|1699852065\n|switch|p1a: Zapdos|Zapdos-Galar|100\/100\n|move|p2a: Gliscor|U-turn|p1a: Zapdos\n|-resisted|p1a: Zapdos\n|-damage|p1a: Zapdos|96\/100\n|\n|t:|1699852072\n|switch|p2a: Victini|Victini|100\/100|[from] U-turn\n|\n|upkeep\n|turn|5\n|\n|t:|1699852093\n|move|p2a: Victini|Bolt Strike|p1a: Zapdos\n|-supereffective|p1a: Zapdos\n|-damage|p1a: Zapdos|11\/100\n|move|p1a: Zapdos|Brave Bird|p2a: Victini\n|-damage|p2a: Victini|13\/100\n|-damage|p1a: Zapdos|0 fnt|[from] Recoil\n|faint|p1a: Zapdos\n|\n|upkeep\n|\n|t:|1699852106\n|switch|p1a: Tapu Koko|Tapu Koko|100\/100\n|-fieldstart|move: Electric Terrain|[from] ability: Electric Surge|[of] p1a: Tapu Koko\n|turn|6\n|\n|t:|1699852116\n|switch|p2a: Gliscor|Gliscor, M|60\/100 tox\n|move|p1a: Tapu Koko|U-turn|p2a: Gliscor\n|-resisted|p2a: Gliscor\n|-damage|p2a: Gliscor|52\/100 tox\n|-damage|p1a: Tapu Koko|91\/100|[from] item: Life Orb\n|\n|t:|1699852120\n|switch|p1a: Ribombee|Ribombee, F|100\/100|[from] U-turn\n|\n|-heal|p2a: Gliscor|64\/100 tox|[from] ability: Poison Heal\n|upkeep\n|turn|7\n|\n|t:|1699852131\n|switch|p2a: Ditto|Ditto|100\/100\n|-transform|p2a: Ditto|p1a: Ribombee|[from] ability: Imposter\n|move|p1a: Ribombee|Sticky Web|p2a: Ditto\n|-sidestart|p2: gglao4|move: Sticky Web\n|\n|upkeep\n|turn|8\n|\n|t:|1699852140\n|switch|p1a: Blacephalon|Blacephalon|100\/100\n|move|p2a: Ditto|Sticky Web|p1a: Blacephalon\n|-sidestart|p1: Jektrooper|move: Sticky Web\n|\n|upkeep\n|turn|9\n|\n|t:|1699852150\n|switch|p2a: Goodra|Goodra-Hisui, F|100\/100\n|-activate|p2a: Goodra|move: Sticky Web\n|-unboost|p2a: Goodra|spe|1\n|move|p1a: Blacephalon|Shadow Ball|p2a: Goodra\n|-damage|p2a: Goodra|70\/100\n|\n|upkeep\n|turn|10\n|\n|t:|1699852160\n|move|p1a: Blacephalon|Shadow Ball|p2a: Goodra\n|-damage|p2a: Goodra|38\/100\n|move|p2a: Goodra|Thunderbolt|p1a: Blacephalon\n|-damage|p1a: Blacephalon|33\/100\n|\n|-fieldend|move: Electric Terrain\n|upkeep\n|turn|11\n|\n|t:|1699852171\n|move|p1a: Blacephalon|Shadow Ball|p2a: Goodra\n|-damage|p2a: Goodra|7\/100\n|move|p2a: Goodra|Flash Cannon|p1a: Blacephalon\n|-resisted|p1a: Blacephalon\n|-damage|p1a: Blacephalon|0 fnt\n|faint|p1a: Blacephalon\n|\n|upkeep\n|\n|t:|1699852182\n|switch|p1a: Tapu Koko|Tapu Koko|91\/100\n|-activate|p1a: Tapu Koko|move: Sticky Web\n|-unboost|p1a: Tapu Koko|spe|1\n|-fieldstart|move: Electric Terrain|[from] ability: Electric Surge|[of] p1a: Tapu Koko\n|turn|12\n|\n|t:|1699852195\n|switch|p2a: Gliscor|Gliscor, M|64\/100 tox\n|move|p1a: Tapu Koko|Dazzling Gleam|p2a: Gliscor\n|-damage|p2a: Gliscor|28\/100 tox\n|-damage|p1a: Tapu Koko|81\/100|[from] item: Life Orb\n|\n|-heal|p2a: Gliscor|40\/100 tox|[from] ability: Poison Heal\n|upkeep\n|turn|13\n|\n|t:|1699852202\n|move|p1a: Tapu Koko|Hidden Power|p2a: Gliscor\n|-supereffective|p2a: Gliscor\n|-damage|p2a: Gliscor|0 fnt\n|faint|p2a: Gliscor\n|-damage|p1a: Tapu Koko|71\/100|[from] item: Life Orb\n|\n|upkeep\n|\n|t:|1699852206\n|switch|p2a: Victini|Victini|13\/100\n|-activate|p2a: Victini|move: Sticky Web\n|-unboost|p2a: Victini|spe|1\n|turn|14\n|\n|t:|1699852210\n|move|p2a: Victini|V-create|p1a: Tapu Koko\n|-damage|p1a: Tapu Koko|0 fnt\n|-unboost|p2a: Victini|spe|1\n|-unboost|p2a: Victini|def|1\n|-unboost|p2a: Victini|spd|1\n|faint|p1a: Tapu Koko\n|\n|upkeep\n|\n|t:|1699852219\n|switch|p1a: Medicham|Medicham-Mega, M|60\/100\n|-activate|p1a: Medicham|move: Sticky Web\n|-unboost|p1a: Medicham|spe|1\n|turn|15\n|\n|t:|1699852223\n|switch|p2a: Alomomola|Alomomola, M|82\/100\n|-activate|p2a: Alomomola|move: Sticky Web\n|-unboost|p2a: Alomomola|spe|1\n|move|p1a: Medicham|Fake Out|p2a: Alomomola\n|-damage|p2a: Alomomola|69\/100\n|-damage|p1a: Medicham|43\/100|[from] item: Rocky Helmet|[of] p2a: Alomomola\n|\n|upkeep\n|turn|16\n|\n|t:|1699852229\n|move|p1a: Medicham|Close Combat|p2a: Alomomola\n|-damage|p2a: Alomomola|18\/100\n|-unboost|p1a: Medicham|def|1\n|-unboost|p1a: Medicham|spd|1\n|-damage|p1a: Medicham|27\/100|[from] item: Rocky Helmet|[of] p2a: Alomomola\n|move|p2a: Alomomola|Flip Turn|p1a: Medicham\n|-damage|p1a: Medicham|0 fnt\n|faint|p1a: Medicham\n|c|\u2606Jektrooper|ggs\n|c|\u2606Jektrooper|can't beat Ditto\n|\n|t:|1699852240\n|switch|p2a: Victini|Victini|13\/100|[from] Flip Turn\n|-activate|p2a: Victini|move: Sticky Web\n|-unboost|p2a: Victini|spe|1\n|\n|-fieldend|move: Electric Terrain\n|upkeep\n|-message|Jektrooper forfeited.\n|\n|win|gglao4\n|raw|Jektrooper's rating: 1483 &rarr; <strong>1461<\/strong><br \/>(-22 for losing)\n|raw|gglao4's rating: 1441 &rarr; <strong>1463<\/strong><br \/>(+22 for winning)\n","uploadtime":1699852250,"views":6,"p1id":"jektrooper","p2id":"gglao4","formatid":"gen9nationaldex","rating":1461,"private":0,"password":""}