{"id":"gen9nationaldex-1994553244","p1":"IceBerryCoffee","p2":"apheliodiomycota","format":"[Gen 9] National Dex","log":"|html|<div class=\"broadcast-blue\"><strong>[Gen 9] National Dex is currently suspecting Sneasler! For information on how to participate check out the <a href=\"https:\/\/www.smogon.com\/forums\/threads\/sv-national-dex-suspect-8-just-dance.3731534\/\">suspect thread<\/a>.<\/strong><\/div>\n|j|\u2606IceBerryCoffee\n|j|\u2606apheliodiomycota\n|t:|1700458770\n|gametype|singles\n|player|p1|IceBerryCoffee|1|1292\n|player|p2|apheliodiomycota|266|1408\n|teamsize|p1|6\n|teamsize|p2|6\n|gen|9\n|tier|[Gen 9] National Dex\n|rated|\n|rule|HP Percentage Mod: HP is shown in percentages\n|rule|Endless Battle Clause: Forcing endless battles is banned\n|rule|OHKO Clause: OHKO moves are banned\n|rule|Evasion Clause: Evasion abilities, items, and moves are banned\n|rule|Evasion Abilities Clause: Evasion abilities are banned\n|rule|Evasion Items Clause: Evasion items are banned\n|rule|Evasion Moves Clause: Evasion moves are banned\n|rule|Species Clause: Limit one of each Pok\u00e9mon\n|rule|Sleep Clause Mod: Limit one foe put to sleep\n|clearpoke\n|poke|p1|Charizard, F|\n|poke|p1|Greninja-*, M|\n|poke|p1|Gliscor, F|\n|poke|p1|Corviknight, M|\n|poke|p1|Sneasler, F|\n|poke|p1|Tapu Koko|\n|poke|p2|Banette, M|\n|poke|p2|Muk-Alola, F|\n|poke|p2|Landorus-Therian, M|\n|poke|p2|Tapu Fini|\n|poke|p2|Magnezone|\n|poke|p2|Hydreigon, M|\n|teampreview\n|inactive|Battle timer is ON: inactive players will automatically lose when time's up. (requested by IceBerryCoffee)\n|\n|t:|1700458783\n|start\n|switch|p1a: Greninja|Greninja, M|100\/100\n|switch|p2a: Hydreigon|Hydreigon, M|100\/100\n|turn|1\n|\n|t:|1700458789\n|move|p2a: Hydreigon|Draco Meteor|p1a: Greninja\n|-damage|p1a: Greninja|1\/100\n|-unboost|p2a: Hydreigon|spa|2\n|move|p1a: Greninja|Ice Beam|p2a: Hydreigon\n|-supereffective|p2a: Hydreigon\n|-damage|p2a: Hydreigon|37\/100\n|\n|upkeep\n|turn|2\n|\n|t:|1700458797\n|switch|p1a: Tapu Koko|Tapu Koko|100\/100\n|-fieldstart|move: Electric Terrain|[from] ability: Electric Surge|[of] p1a: Tapu Koko\n|move|p2a: Hydreigon|Draco Meteor|p1a: Tapu Koko\n|-immune|p1a: Tapu Koko\n|\n|upkeep\n|turn|3\n|\n|t:|1700458804\n|switch|p2a: Muk|Muk-Alola, F|100\/100\n|move|p1a: Tapu Koko|U-turn|p2a: Muk\n|-damage|p2a: Muk|83\/100\n|\n|t:|1700458816\n|switch|p1a: Gliscor|Gliscor, F|100\/100|[from] U-turn\n|\n|-status|p1a: Gliscor|tox|[from] item: Toxic Orb\n|upkeep\n|turn|4\n|\n|t:|1700458832\n|switch|p2a: Landorus|Landorus-Therian, M|100\/100\n|-ability|p2a: Landorus|Intimidate|boost\n|-unboost|p1a: Gliscor|atk|1\n|move|p1a: Gliscor|Stealth Rock|p2a: Landorus\n|-sidestart|p2: apheliodiomycota|move: Stealth Rock\n|\n|upkeep\n|turn|5\n|\n|t:|1700458838\n|move|p1a: Gliscor|Toxic|p2a: Landorus\n|-status|p2a: Landorus|tox\n|move|p2a: Landorus|U-turn|p1a: Gliscor\n|-resisted|p1a: Gliscor\n|-damage|p1a: Gliscor|92\/100 tox\n|\n|t:|1700458840\n|switch|p2a: Tapu Fini|Tapu Fini|100\/100|[from] U-turn\n|-damage|p2a: Tapu Fini|88\/100|[from] Stealth Rock\n|-fieldstart|move: Misty Terrain|[from] ability: Misty Surge|[of] p2a: Tapu Fini\n|\n|-heal|p2a: Tapu Fini|94\/100|[from] item: Leftovers\n|-heal|p1a: Gliscor|100\/100 tox|[from] ability: Poison Heal\n|upkeep\n|turn|6\n|\n|t:|1700458851\n|switch|p1a: Tapu Koko|Tapu Koko|100\/100\n|-fieldstart|move: Electric Terrain|[from] ability: Electric Surge|[of] p1a: Tapu Koko\n|move|p2a: Tapu Fini|Scald|p1a: Tapu Koko\n|-damage|p1a: Tapu Koko|57\/100\n|\n|-heal|p2a: Tapu Fini|99\/100|[from] item: Leftovers\n|upkeep\n|turn|7\n|\n|t:|1700458860\n|switch|p2a: Landorus|Landorus-Therian, M|100\/100 tox\n|-damage|p2a: Landorus|88\/100 tox|[from] Stealth Rock\n|-ability|p2a: Landorus|Intimidate|boost\n|-unboost|p1a: Tapu Koko|atk|1\n|move|p1a: Tapu Koko|U-turn|p2a: Landorus\n|-resisted|p2a: Landorus\n|-damage|p2a: Landorus|85\/100 tox\n|-damage|p1a: Tapu Koko|41\/100|[from] item: Rocky Helmet|[of] p2a: Landorus\n|\n|t:|1700458869\n|switch|p1a: Greninja|Greninja, M|1\/100|[from] U-turn\n|\n|-damage|p2a: Landorus|79\/100 tox|[from] psn\n|upkeep\n|turn|8\n|\n|t:|1700458875\n|switch|p2a: Tapu Fini|Tapu Fini|99\/100\n|-damage|p2a: Tapu Fini|88\/100|[from] Stealth Rock\n|-fieldstart|move: Misty Terrain|[from] ability: Misty Surge|[of] p2a: Tapu Fini\n|move|p1a: Greninja|Hydro Pump|p2a: Tapu Fini\n|-resisted|p2a: Tapu Fini\n|-damage|p2a: Tapu Fini|72\/100\n|\n|-heal|p2a: Tapu Fini|78\/100|[from] item: Leftovers\n|upkeep\n|turn|9\n|\n|t:|1700458886\n|switch|p1a: Gliscor|Gliscor, F|100\/100 tox\n|move|p2a: Tapu Fini|Scald|p1a: Gliscor\n|-supereffective|p1a: Gliscor\n|-damage|p1a: Gliscor|52\/100 tox\n|\n|-heal|p2a: Tapu Fini|84\/100|[from] item: Leftovers\n|-heal|p1a: Gliscor|65\/100 tox|[from] ability: Poison Heal\n|upkeep\n|turn|10\n|\n|t:|1700458899\n|move|p1a: Gliscor|Earthquake|p2a: Tapu Fini\n|-damage|p2a: Tapu Fini|54\/100\n|move|p2a: Tapu Fini|Scald|p1a: Gliscor\n|-supereffective|p1a: Gliscor\n|-damage|p1a: Gliscor|20\/100 tox\n|\n|-heal|p2a: Tapu Fini|60\/100|[from] item: Leftovers\n|-heal|p1a: Gliscor|33\/100 tox|[from] ability: Poison Heal\n|upkeep\n|turn|11\n|\n|t:|1700458908\n|move|p1a: Gliscor|Roost|p1a: Gliscor\n|-heal|p1a: Gliscor|83\/100 tox\n|-singleturn|p1a: Gliscor|move: Roost\n|move|p2a: Tapu Fini|Scald|p1a: Gliscor\n|-supereffective|p1a: Gliscor\n|-damage|p1a: Gliscor|37\/100 tox\n|\n|-heal|p2a: Tapu Fini|66\/100|[from] item: Leftovers\n|-heal|p1a: Gliscor|49\/100 tox|[from] ability: Poison Heal\n|upkeep\n|turn|12\n|\n|t:|1700458918\n|move|p1a: Gliscor|Roost|p1a: Gliscor\n|-heal|p1a: Gliscor|99\/100 tox\n|-singleturn|p1a: Gliscor|move: Roost\n|move|p2a: Tapu Fini|Taunt|p1a: Gliscor\n|-start|p1a: Gliscor|move: Taunt\n|\n|-heal|p2a: Tapu Fini|73\/100|[from] item: Leftovers\n|-heal|p1a: Gliscor|100\/100 tox|[from] ability: Poison Heal\n|-fieldend|Misty Terrain\n|upkeep\n|turn|13\n|\n|t:|1700458932\n|move|p1a: Gliscor|Earthquake|p2a: Tapu Fini\n|-damage|p2a: Tapu Fini|46\/100\n|move|p2a: Tapu Fini|Scald|p1a: Gliscor\n|-supereffective|p1a: Gliscor\n|-damage|p1a: Gliscor|57\/100 tox\n|\n|-heal|p2a: Tapu Fini|52\/100|[from] item: Leftovers\n|-heal|p1a: Gliscor|70\/100 tox|[from] ability: Poison Heal\n|upkeep\n|turn|14\n|\n|t:|1700458942\n|switch|p1a: Tapu Koko|Tapu Koko|41\/100\n|-fieldstart|move: Electric Terrain|[from] ability: Electric Surge|[of] p1a: Tapu Koko\n|move|p2a: Tapu Fini|Scald|p1a: Tapu Koko\n|-damage|p1a: Tapu Koko|0 fnt\n|faint|p1a: Tapu Koko\n|\n|-heal|p2a: Tapu Fini|58\/100|[from] item: Leftovers\n|upkeep\n|\n|t:|1700458956\n|switch|p1a: Sneasler|Sneasler, F|100\/100\n|-enditem|p1a: Sneasler|Electric Seed\n|-boost|p1a: Sneasler|def|1|[from] item: Electric Seed\n|turn|15\n|\n|t:|1700458960\n|move|p1a: Sneasler|Swords Dance|p1a: Sneasler\n|-boost|p1a: Sneasler|atk|2\n|move|p2a: Tapu Fini|Scald|p1a: Sneasler\n|-damage|p1a: Sneasler|66\/100\n|\n|-heal|p2a: Tapu Fini|64\/100|[from] item: Leftovers\n|upkeep\n|turn|16\n|\n|t:|1700458968\n|-terastallize|p2a: Tapu Fini|Steel\n|move|p1a: Sneasler|Gunk Shot|p2a: Tapu Fini\n|-immune|p2a: Tapu Fini\n|move|p2a: Tapu Fini|Scald|p1a: Sneasler\n|-damage|p1a: Sneasler|27\/100\n|-status|p1a: Sneasler|brn\n|\n|-heal|p2a: Tapu Fini|70\/100|[from] item: Leftovers\n|-damage|p1a: Sneasler|21\/100 brn|[from] brn\n|upkeep\n|turn|17\n|\n|t:|1700458979\n|switch|p2a: Landorus|Landorus-Therian, M|79\/100 tox\n|-damage|p2a: Landorus|66\/100 tox|[from] Stealth Rock\n|-ability|p2a: Landorus|Intimidate|boost\n|-unboost|p1a: Sneasler|atk|1\n|move|p1a: Sneasler|Close Combat|p2a: Landorus\n|-resisted|p2a: Landorus\n|-damage|p2a: Landorus|50\/100 tox\n|-unboost|p1a: Sneasler|def|1\n|-unboost|p1a: Sneasler|spd|1\n|-damage|p1a: Sneasler|4\/100 brn|[from] item: Rocky Helmet|[of] p2a: Landorus\n|\n|-damage|p2a: Landorus|44\/100 tox|[from] psn\n|-damage|p1a: Sneasler|0 fnt|[from] brn\n|faint|p1a: Sneasler\n|upkeep\n|\n|t:|1700458994\n|switch|p1a: Greninja|Greninja, M|1\/100\n|turn|18\n|\n|t:|1700458998\n|move|p1a: Greninja|Hydro Pump|p2a: Landorus\n|-supereffective|p2a: Landorus\n|-damage|p2a: Landorus|0 fnt\n|faint|p2a: Landorus\n|-ability|p1a: Greninja|Battle Bond|boost\n|-boost|p1a: Greninja|atk|1\n|-boost|p1a: Greninja|spa|1\n|-boost|p1a: Greninja|spe|1\n|-activate|p1a: Greninja|ability: Battle Bond\n|\n|-fieldend|move: Electric Terrain\n|upkeep\n|\n|t:|1700459001\n|switch|p2a: Muk|Muk-Alola, F|83\/100\n|-damage|p2a: Muk|71\/100|[from] Stealth Rock\n|turn|19\n|\n|t:|1700459013\n|-terastallize|p1a: Greninja|Water\n|move|p2a: Muk|Shadow Sneak|p1a: Greninja\n|-damage|p1a: Greninja|0 fnt\n|faint|p1a: Greninja\n|\n|upkeep\n|\n|t:|1700459020\n|switch|p1a: Gliscor|Gliscor, F|70\/100 tox\n|turn|20\n|\n|t:|1700459026\n|move|p1a: Gliscor|Earthquake|p2a: Muk\n|-supereffective|p2a: Muk\n|-damage|p2a: Muk|7\/100\n|move|p2a: Muk|Gunk Shot|p1a: Gliscor\n|-resisted|p1a: Gliscor\n|-damage|p1a: Gliscor|44\/100 tox\n|\n|-heal|p1a: Gliscor|57\/100 tox|[from] ability: Poison Heal\n|upkeep\n|turn|21\n|\n|t:|1700459034\n|move|p2a: Muk|Shadow Sneak|p1a: Gliscor\n|-damage|p1a: Gliscor|47\/100 tox\n|move|p1a: Gliscor|Earthquake|p2a: Muk\n|-supereffective|p2a: Muk\n|-damage|p2a: Muk|0 fnt\n|faint|p2a: Muk\n|\n|-heal|p1a: Gliscor|59\/100 tox|[from] ability: Poison Heal\n|upkeep\n|\n|t:|1700459036\n|switch|p2a: Tapu Fini|Tapu Fini, tera:Steel|70\/100\n|-damage|p2a: Tapu Fini|64\/100|[from] Stealth Rock\n|-fieldstart|move: Misty Terrain|[from] ability: Misty Surge|[of] p2a: Tapu Fini\n|turn|22\n|\n|t:|1700459045\n|move|p1a: Gliscor|Earthquake|p2a: Tapu Fini\n|-supereffective|p2a: Tapu Fini\n|-damage|p2a: Tapu Fini|0 fnt\n|faint|p2a: Tapu Fini\n|\n|-heal|p1a: Gliscor|72\/100 tox|[from] ability: Poison Heal\n|upkeep\n|\n|t:|1700459049\n|switch|p2a: Banette|Banette, M, shiny|100\/100\n|-damage|p2a: Banette|88\/100|[from] Stealth Rock\n|turn|23\n|\n|t:|1700459056\n|switch|p1a: Corviknight|Corviknight, M|100\/100\n|-ability|p1a: Corviknight|Pressure\n|detailschange|p2a: Banette|Banette-Mega, M, shiny\n|-mega|p2a: Banette|Banette|Banettite\n|move|p2a: Banette|Poltergeist|p1a: Corviknight\n|-activate|p1a: Corviknight|move: Poltergeist|Rocky Helmet\n|-damage|p1a: Corviknight|54\/100\n|\n|upkeep\n|turn|24\n|\n|t:|1700459066\n|move|p2a: Banette|Poltergeist|p1a: Corviknight\n|-activate|p1a: Corviknight|move: Poltergeist|Rocky Helmet\n|-damage|p1a: Corviknight|3\/100\n|move|p1a: Corviknight|Brave Bird|p2a: Banette\n|-damage|p2a: Banette|44\/100\n|-damage|p1a: Corviknight|0 fnt|[from] Recoil\n|faint|p1a: Corviknight\n|\n|upkeep\n|\n|t:|1700459083\n|switch|p1a: Charizard|Charizard, F|100\/100\n|turn|25\n|\n|t:|1700459090\n|switch|p2a: Hydreigon|Hydreigon, M|37\/100\n|-damage|p2a: Hydreigon|25\/100|[from] Stealth Rock\n|detailschange|p1a: Charizard|Charizard-Mega-X, F\n|-mega|p1a: Charizard|Charizard|Charizardite X\n|move|p1a: Charizard|Flare Blitz|p2a: Hydreigon\n|-resisted|p2a: Hydreigon\n|-damage|p2a: Hydreigon|0 fnt\n|faint|p2a: Hydreigon\n|-damage|p1a: Charizard|92\/100|[from] Recoil\n|\n|upkeep\n|\n|t:|1700459109\n|switch|p2a: Banette|Banette-Mega, M, shiny|44\/100\n|-damage|p2a: Banette|32\/100|[from] Stealth Rock\n|turn|26\n|\n|t:|1700459114\n|move|p2a: Banette|Destiny Bond|p2a: Banette\n|-singlemove|p2a: Banette|Destiny Bond\n|move|p1a: Charizard|Flare Blitz|p2a: Banette\n|-crit|p2a: Banette\n|-damage|p2a: Banette|0 fnt\n|faint|p2a: Banette\n|-activate|p2a: Banette|move: Destiny Bond\n|faint|p1a: Charizard\n|\n|-fieldend|Misty Terrain\n|upkeep\n|\n|t:|1700459122\n|switch|p1a: Gliscor|Gliscor, F|72\/100 tox\n|switch|p2a: Magnezone|Magnezone|100\/100\n|-damage|p2a: Magnezone|94\/100|[from] Stealth Rock\n|turn|27\n|\n|t:|1700459127\n|move|p2a: Magnezone|Tera Blast|p1a: Gliscor\n|-damage|p1a: Gliscor|50\/100 tox\n|move|p1a: Gliscor|Earthquake|p2a: Magnezone\n|-supereffective|p2a: Magnezone\n|-damage|p2a: Magnezone|0 fnt\n|faint|p2a: Magnezone\n|\n|win|IceBerryCoffee\n|raw|IceBerryCoffee's rating: 1292 &rarr; <strong>1325<\/strong><br \/>(+33 for winning)\n|raw|apheliodiomycota's rating: 1408 &rarr; <strong>1382<\/strong><br \/>(-26 for losing)\n|l|\u2606apheliodiomycota\n","uploadtime":1700459136,"views":18,"p1id":"iceberrycoffee","p2id":"apheliodiomycota","formatid":"gen9nationaldex","rating":1325,"private":0,"password":""}