{"id":"gen9nationaldex-1991134499","p1":"thatlovelyguy","p2":"Danish1526","format":"[Gen 9] National Dex","log":"|j|\u2606thatlovelyguy\n|j|\u2606Danish1526\n|t:|1700048175\n|gametype|singles\n|player|p1|thatlovelyguy|birdkeeper-gen4dp|1213\n|player|p2|Danish1526|wattson|1342\n|teamsize|p1|6\n|teamsize|p2|6\n|gen|9\n|tier|[Gen 9] National Dex\n|rated|\n|rule|HP Percentage Mod: HP is shown in percentages\n|rule|Endless Battle Clause: Forcing endless battles is banned\n|rule|OHKO Clause: OHKO moves are banned\n|rule|Evasion Clause: Evasion abilities, items, and moves are banned\n|rule|Evasion Abilities Clause: Evasion abilities are banned\n|rule|Evasion Items Clause: Evasion items are banned\n|rule|Evasion Moves Clause: Evasion moves are banned\n|rule|Species Clause: Limit one of each Pok\u00e9mon\n|rule|Sleep Clause Mod: Limit one foe put to sleep\n|clearpoke\n|poke|p1|Galvantula, F|\n|poke|p1|Landorus-Therian, M|\n|poke|p1|Manaphy|\n|poke|p1|Banette, M|\n|poke|p1|Zapdos-Galar|\n|poke|p1|Ursaluna, M|\n|poke|p2|Grimmsnarl, M|\n|poke|p2|Steelix, F|\n|poke|p2|Latios, M|\n|poke|p2|Meowscarada, F|\n|poke|p2|Garchomp, F|\n|poke|p2|Zoroark-Hisui, M|\n|teampreview\n|inactive|Battle timer is ON: inactive players will automatically lose when time's up. (requested by thatlovelyguy)\n|\n|t:|1700048183\n|start\n|switch|p1a: Galvantula|Galvantula, F|100\/100\n|switch|p2a: Garchomp|Garchomp, F|100\/100\n|turn|1\n|\n|t:|1700048191\n|move|p1a: Galvantula|Sticky Web|p2a: Garchomp\n|-sidestart|p2: Danish1526|move: Sticky Web\n|move|p2a: Garchomp|Stealth Rock|p1a: Galvantula\n|-sidestart|p1: thatlovelyguy|move: Stealth Rock\n|\n|upkeep\n|turn|2\n|\n|t:|1700048194\n|move|p1a: Galvantula|Bug Buzz|p2a: Garchomp\n|-damage|p2a: Garchomp|65\/100\n|move|p2a: Garchomp|Spikes|p1a: Galvantula\n|-sidestart|p1: thatlovelyguy|Spikes\n|\n|upkeep\n|turn|3\n|\n|t:|1700048199\n|move|p1a: Galvantula|Bug Buzz|p2a: Garchomp\n|-damage|p2a: Garchomp|30\/100\n|move|p2a: Garchomp|Roar|p1a: Galvantula\n|drag|p1a: Zapdos|Zapdos-Galar|100\/100\n|-damage|p1a: Zapdos|88\/100|[from] Stealth Rock\n|\n|upkeep\n|turn|4\n|\n|t:|1700048214\n|move|p2a: Garchomp|Spikes|p1a: Zapdos\n|-sidestart|p1: thatlovelyguy|Spikes\n|move|p1a: Zapdos|Brave Bird|p2a: Garchomp\n|-crit|p2a: Garchomp\n|-damage|p2a: Garchomp|0 fnt\n|-damage|p1a: Zapdos|76\/100|[from] ability: Rough Skin|[of] p2a: Garchomp\n|-damage|p1a: Zapdos|59\/100|[from] item: Rocky Helmet|[of] p2a: Garchomp\n|faint|p2a: Garchomp\n|-damage|p1a: Zapdos|46\/100|[from] Recoil\n|\n|upkeep\n|\n|t:|1700048222\n|switch|p2a: Latios|Latios, M|100\/100\n|turn|5\n|\n|t:|1700048249\n|switch|p1a: Galvantula|Galvantula, F|100\/100\n|-damage|p1a: Galvantula|76\/100|[from] Stealth Rock\n|-damage|p1a: Galvantula|59\/100|[from] Spikes\n|move|p2a: Latios|Psychic|p1a: Galvantula\n|-damage|p1a: Galvantula|0 fnt\n|faint|p1a: Galvantula\n|\n|upkeep\n|inactive|thatlovelyguy has 120 seconds left.\n|\n|t:|1700048284\n|switch|p1a: Landorus|Landorus-Therian, M|100\/100\n|-damage|p1a: Landorus|88\/100|[from] Stealth Rock\n|-ability|p1a: Landorus|Intimidate|boost\n|-unboost|p2a: Latios|atk|1\n|turn|6\n|\n|t:|1700048289\n|move|p2a: Latios|Psychic|p1a: Landorus\n|-damage|p1a: Landorus|0 fnt\n|faint|p1a: Landorus\n|\n|upkeep\n|\n|t:|1700048299\n|switch|p1a: Banette|Banette, M|100\/100\n|-damage|p1a: Banette|88\/100|[from] Stealth Rock\n|-damage|p1a: Banette|72\/100|[from] Spikes\n|-item|p2a: Latios|Choice Specs|[from] ability: Frisk|[of] p1a: Banette|[identify]\n|turn|7\n|\n|t:|1700048305\n|detailschange|p1a: Banette|Banette-Mega, M\n|-mega|p1a: Banette|Banette|Banettite\n|move|p2a: Latios|Psychic|p1a: Banette\n|-damage|p1a: Banette|0 fnt\n|faint|p1a: Banette\n|\n|upkeep\n|\n|t:|1700048308\n|switch|p1a: Ursaluna|Ursaluna, M|100\/100\n|-damage|p1a: Ursaluna|94\/100|[from] Stealth Rock\n|-damage|p1a: Ursaluna|78\/100|[from] Spikes\n|turn|8\n|\n|t:|1700048312\n|move|p2a: Latios|Psychic|p1a: Ursaluna\n|-crit|p1a: Ursaluna\n|-damage|p1a: Ursaluna|0 fnt\n|faint|p1a: Ursaluna\n|\n|upkeep\n|\n|t:|1700048314\n|switch|p1a: Manaphy|Manaphy|100\/100\n|-damage|p1a: Manaphy|88\/100|[from] Stealth Rock\n|-damage|p1a: Manaphy|72\/100|[from] Spikes\n|turn|9\n|\n|t:|1700048328\n|-terastallize|p1a: Manaphy|Water\n|move|p2a: Latios|Psychic|p1a: Manaphy\n|-damage|p1a: Manaphy|0 fnt\n|faint|p1a: Manaphy\n|\n|upkeep\n|\n|t:|1700048329\n|switch|p1a: Zapdos|Zapdos-Galar|46\/100\n|-damage|p1a: Zapdos|34\/100|[from] Stealth Rock\n|turn|10\n|\n|t:|1700048332\n|move|p2a: Latios|Psychic|p1a: Zapdos\n|-supereffective|p1a: Zapdos\n|-damage|p1a: Zapdos|0 fnt\n|faint|p1a: Zapdos\n|\n|win|Danish1526\n|raw|thatlovelyguy's rating: 1213 &rarr; <strong>1197<\/strong><br \/>(-16 for losing)\n|raw|Danish1526's rating: 1342 &rarr; <strong>1355<\/strong><br \/>(+13 for winning)\n","uploadtime":1700048336,"views":6,"p1id":"thatlovelyguy","p2id":"danish1526","formatid":"gen9nationaldex","rating":1197,"private":0,"password":""}