{"id":"gen9nationaldex-1988506579","p1":"Jeery112","p2":"Chaoss150","format":"[Gen 9] National Dex","log":"|j|\u2606Jeery112\n|j|\u203dChaoss150\n|t:|1699730259\n|gametype|singles\n|player|p1|Jeery112|n|\n|player|p2|Chaoss150|170|\n|teamsize|p1|6\n|teamsize|p2|6\n|gen|9\n|tier|[Gen 9] National Dex\n|rule|HP Percentage Mod: HP is shown in percentages\n|rule|Endless Battle Clause: Forcing endless battles is banned\n|rule|OHKO Clause: OHKO moves are banned\n|rule|Evasion Clause: Evasion abilities, items, and moves are banned\n|rule|Evasion Abilities Clause: Evasion abilities are banned\n|rule|Evasion Items Clause: Evasion items are banned\n|rule|Evasion Moves Clause: Evasion moves are banned\n|rule|Species Clause: Limit one of each Pok\u00e9mon\n|rule|Sleep Clause Mod: Limit one foe put to sleep\n|clearpoke\n|poke|p1|Bisharp, F|\n|poke|p1|Tyranitar, F|\n|poke|p1|Hydreigon, M|\n|poke|p1|Incineroar, F|\n|poke|p1|Greninja-*, M|\n|poke|p1|Moltres-Galar|\n|poke|p2|Iron Valiant|\n|poke|p2|Tapu Koko|\n|poke|p2|Clefable, M|\n|poke|p2|Ribombee, F|\n|poke|p2|Mawile, M|\n|poke|p2|Mimikyu, F|\n|teampreview\n|inactive|Battle timer is ON: inactive players will automatically lose when time's up. (requested by Chaoss150)\n|j| YaBoiCrim\n|l| YaBoiCrim\n|inactive|Jeery112 has 270 seconds left.\n|inactive|Chaoss150 has 270 seconds left.\n|j| YaBoiCrim\n|j| Jack the Ripper21\n|inactive|Chaoss150 has 240 seconds left.\n|c| Jack the Ripper21|lets see this\n|\n|t:|1699730323\n|start\n|switch|p1a: Moltres|Moltres-Galar|100\/100\n|switch|p2a: Tapu Koko|Tapu Koko|100\/100\n|-fieldstart|move: Electric Terrain|[from] ability: Electric Surge|[of] p2a: Tapu Koko\n|turn|1\n|c| YaBoiCrim|chill\n|c|\u2606Jeery112|Gl hf\n|c| YaBoiCrim|dont start\n|\n|t:|1699730336\n|switch|p1a: Tyranitar|Tyranitar, F|100\/100\n|-weather|Sandstorm|[from] ability: Sand Stream|[of] p1a: Tyranitar\n|move|p2a: Tapu Koko|Thunderbolt|p1a: Tyranitar\n|-damage|p1a: Tyranitar|79\/100\n|\n|-weather|Sandstorm|[upkeep]\n|-damage|p2a: Tapu Koko|94\/100|[from] Sandstorm\n|-heal|p1a: Tyranitar|86\/100|[from] item: Leftovers\n|upkeep\n|turn|2\n|c| YaBoiCrim|yal gotta wait a second\n|c| Jack the Ripper21|he said don't start\n|c| YaBoiCrim|whatever its fine\n|j| rggege\n|\n|t:|1699730363\n|move|p2a: Tapu Koko|U-turn|p1a: Tyranitar\n|-supereffective|p1a: Tyranitar\n|-damage|p1a: Tyranitar|58\/100\n|c| YaBoiCrim|yall good\n|\n|t:|1699730365\n|switch|p2a: Ribombee|Ribombee, F|100\/100|[from] U-turn\n|move|p1a: Tyranitar|Stealth Rock|p2a: Ribombee\n|-sidestart|p2: Chaoss150|move: Stealth Rock\n|\n|-weather|Sandstorm|[upkeep]\n|-damage|p2a: Ribombee|94\/100|[from] Sandstorm\n|-heal|p1a: Tyranitar|65\/100|[from] item: Leftovers\n|upkeep\n|turn|3\n|j| PeanutChewer\n|j| TexanFarmersMarket\n|\n|t:|1699730380\n|move|p2a: Ribombee|Sticky Web|p1a: Tyranitar\n|-sidestart|p1: Jeery112|move: Sticky Web\n|move|p1a: Tyranitar|Knock Off|p2a: Ribombee\n|-resisted|p2a: Ribombee\n|-damage|p2a: Ribombee|55\/100\n|-enditem|p2a: Ribombee|Mental Herb|[from] move: Knock Off|[of] p1a: Tyranitar\n|\n|-weather|Sandstorm|[upkeep]\n|-damage|p2a: Ribombee|49\/100|[from] Sandstorm\n|-heal|p1a: Tyranitar|71\/100|[from] item: Leftovers\n|upkeep\n|turn|4\n|l| PeanutChewer\n|\n|t:|1699730385\n|move|p2a: Ribombee|Moonblast|p1a: Tyranitar\n|-supereffective|p1a: Tyranitar\n|-damage|p1a: Tyranitar|35\/100\n|-unboost|p1a: Tyranitar|spa|1\n|move|p1a: Tyranitar|Heavy Slam|p2a: Ribombee\n|-supereffective|p2a: Ribombee\n|-damage|p2a: Ribombee|0 fnt\n|faint|p2a: Ribombee\n|\n|-weather|Sandstorm|[upkeep]\n|-heal|p1a: Tyranitar|41\/100|[from] item: Leftovers\n|upkeep\n|\n|t:|1699730395\n|switch|p2a: Tapu Koko|Tapu Koko|94\/100\n|-damage|p2a: Tapu Koko|82\/100|[from] Stealth Rock\n|turn|5\n|\n|t:|1699730401\n|move|p2a: Tapu Koko|Dazzling Gleam|p1a: Tyranitar\n|-supereffective|p1a: Tyranitar\n|-damage|p1a: Tyranitar|14\/100\n|move|p1a: Tyranitar|Heavy Slam|p2a: Tapu Koko\n|-damage|p2a: Tapu Koko|28\/100\n|\n|-weather|none\n|-heal|p1a: Tyranitar|21\/100|[from] item: Leftovers\n|upkeep\n|turn|6\n|c| Jack the Ripper21|jeery just hope you don't win\n|\n|t:|1699730410\n|switch|p1a: Incineroar|Incineroar, F|100\/100\n|-activate|p1a: Incineroar|move: Sticky Web\n|-unboost|p1a: Incineroar|spe|1\n|-ability|p1a: Incineroar|Intimidate|boost\n|-unboost|p2a: Tapu Koko|atk|1\n|move|p2a: Tapu Koko|U-turn|p1a: Incineroar\n|-damage|p1a: Incineroar|89\/100\n|c| Jack the Ripper21|lol\n|c| Jack the Ripper21|but try your best\n|\n|t:|1699730417\n|switch|p2a: Iron Valiant|Iron Valiant|100\/100|[from] U-turn\n|-damage|p2a: Iron Valiant|94\/100|[from] Stealth Rock\n|-activate|p2a: Iron Valiant|ability: Quark Drive\n|-start|p2a: Iron Valiant|quarkdrivespe\n|\n|upkeep\n|turn|7\n|\n|t:|1699730422\n|move|p1a: Incineroar|Fake Out|p2a: Iron Valiant\n|-damage|p2a: Iron Valiant|77\/100\n|cant|p2a: Iron Valiant|flinch\n|\n|upkeep\n|turn|8\n|\n|t:|1699730425\n|move|p2a: Iron Valiant|Close Combat|p1a: Incineroar\n|-supereffective|p1a: Incineroar\n|-damage|p1a: Incineroar|0 fnt\n|-unboost|p2a: Iron Valiant|def|1\n|-unboost|p2a: Iron Valiant|spd|1\n|faint|p1a: Incineroar\n|\n|-fieldend|move: Electric Terrain\n|-end|p2a: Iron Valiant|Quark Drive\n|upkeep\n|\n|t:|1699730431\n|switch|p1a: Moltres|Moltres-Galar|100\/100\n|turn|9\n|\n|t:|1699730438\n|-end|p2a: Iron Valiant|Quark Drive|[silent]\n|switch|p2a: Clefable|Clefable, M|100\/100\n|-damage|p2a: Clefable|88\/100|[from] Stealth Rock\n|-zpower|p1a: Moltres\n|move|p1a: Moltres|Supersonic Skystrike|p2a: Clefable|[zeffect]\n|-damage|p2a: Clefable|3\/100\n|\n|-heal|p2a: Clefable|9\/100|[from] item: Leftovers\n|upkeep\n|turn|10\n|\n|t:|1699730444\n|move|p1a: Moltres|Nasty Plot|p1a: Moltres\n|-boost|p1a: Moltres|spa|2\n|move|p2a: Clefable|Soft-Boiled|p2a: Clefable\n|-heal|p2a: Clefable|59\/100\n|\n|-heal|p2a: Clefable|65\/100|[from] item: Leftovers\n|upkeep\n|turn|11\n|\n|t:|1699730446\n|move|p1a: Moltres|Agility|p1a: Moltres\n|-boost|p1a: Moltres|spe|2\n|move|p2a: Clefable|Soft-Boiled|p2a: Clefable\n|-heal|p2a: Clefable|100\/100\n|\n|upkeep\n|turn|12\n|\n|t:|1699730451\n|move|p1a: Moltres|Hurricane|p2a: Clefable|[miss]\n|-miss|p1a: Moltres|p2a: Clefable\n|move|p2a: Clefable|Toxic|p1a: Moltres\n|-status|p1a: Moltres|tox\n|\n|-damage|p1a: Moltres|94\/100 tox|[from] psn\n|upkeep\n|turn|13\n|\n|t:|1699730453\n|move|p1a: Moltres|Fiery Wrath|p2a: Clefable\n|-resisted|p2a: Clefable\n|-damage|p2a: Clefable|81\/100\n|cant|p2a: Clefable|flinch\n|\n|-heal|p2a: Clefable|87\/100|[from] item: Leftovers\n|-damage|p1a: Moltres|82\/100 tox|[from] psn\n|upkeep\n|turn|14\n|\n|t:|1699730455\n|move|p1a: Moltres|Hurricane|p2a: Clefable\n|-damage|p2a: Clefable|40\/100\n|move|p2a: Clefable|Calm Mind|p2a: Clefable\n|-boost|p2a: Clefable|spa|1\n|-boost|p2a: Clefable|spd|1\n|\n|-heal|p2a: Clefable|46\/100|[from] item: Leftovers\n|-damage|p1a: Moltres|63\/100 tox|[from] psn\n|upkeep\n|turn|15\n|\n|t:|1699730459\n|move|p1a: Moltres|Fiery Wrath|p2a: Clefable\n|-resisted|p2a: Clefable\n|-damage|p2a: Clefable|33\/100\n|move|p2a: Clefable|Soft-Boiled|p2a: Clefable\n|-heal|p2a: Clefable|83\/100\n|\n|-heal|p2a: Clefable|89\/100|[from] item: Leftovers\n|-damage|p1a: Moltres|38\/100 tox|[from] psn\n|upkeep\n|turn|16\n|\n|t:|1699730461\n|move|p1a: Moltres|Hurricane|p2a: Clefable\n|-damage|p2a: Clefable|55\/100\n|move|p2a: Clefable|Calm Mind|p2a: Clefable\n|-boost|p2a: Clefable|spa|1\n|-boost|p2a: Clefable|spd|1\n|\n|-heal|p2a: Clefable|61\/100|[from] item: Leftovers\n|-damage|p1a: Moltres|7\/100 tox|[from] psn\n|upkeep\n|turn|17\n|\n|t:|1699730463\n|switch|p1a: Bisharp|Bisharp, F|100\/100\n|-activate|p1a: Bisharp|move: Sticky Web\n|-unboost|p1a: Bisharp|spe|1\n|-ability|p1a: Bisharp|Defiant|boost\n|-boost|p1a: Bisharp|atk|2\n|move|p2a: Clefable|Soft-Boiled|p2a: Clefable\n|-heal|p2a: Clefable|100\/100\n|\n|upkeep\n|turn|18\n|c| YaBoiCrim|jeery u shouldve killed im ngl\n|\n|t:|1699730471\n|-terastallize|p2a: Clefable|Fighting\n|move|p2a: Clefable|Moonblast|p1a: Bisharp\n|-damage|p1a: Bisharp|40\/100\n|move|p1a: Bisharp|Iron Head|p2a: Clefable\n|-damage|p2a: Clefable|69\/100\n|\n|-heal|p2a: Clefable|75\/100|[from] item: Leftovers\n|upkeep\n|turn|19\n|\n|t:|1699730479\n|switch|p1a: Moltres|Moltres-Galar|7\/100 tox\n|move|p2a: Clefable|Moonblast|p1a: Moltres\n|-supereffective|p1a: Moltres\n|-damage|p1a: Moltres|0 fnt\n|faint|p1a: Moltres\n|\n|-heal|p2a: Clefable|81\/100|[from] item: Leftovers\n|upkeep\n|\n|t:|1699730488\n|switch|p1a: Greninja|Greninja, M|100\/100\n|-activate|p1a: Greninja|move: Sticky Web\n|-unboost|p1a: Greninja|spe|1\n|turn|20\n|\n|t:|1699730495\n|move|p1a: Greninja|Surf|p2a: Clefable\n|-start|p1a: Greninja|typechange|Water|[from] ability: Protean\n|-damage|p2a: Clefable|63\/100\n|move|p2a: Clefable|Moonblast|p1a: Greninja\n|-damage|p1a: Greninja|5\/100\n|\n|-heal|p2a: Clefable|69\/100|[from] item: Leftovers\n|upkeep\n|turn|21\n|c| Jack the Ripper21|yeah his only chance expect bisharp is dead\n|\n|t:|1699730498\n|move|p1a: Greninja|Surf|p2a: Clefable\n|-damage|p2a: Clefable|54\/100\n|move|p2a: Clefable|Soft-Boiled|p2a: Clefable\n|-heal|p2a: Clefable|100\/100\n|\n|upkeep\n|turn|22\n|\n|t:|1699730502\n|move|p1a: Greninja|Surf|p2a: Clefable\n|-crit|p2a: Clefable\n|-damage|p2a: Clefable|48\/100\n|move|p2a: Clefable|Moonblast|p1a: Greninja\n|-damage|p1a: Greninja|0 fnt\n|faint|p1a: Greninja\n|\n|-heal|p2a: Clefable|54\/100|[from] item: Leftovers\n|upkeep\n|\n|t:|1699730511\n|switch|p1a: Tyranitar|Tyranitar, F|21\/100\n|-activate|p1a: Tyranitar|move: Sticky Web\n|-unboost|p1a: Tyranitar|spe|1\n|-weather|Sandstorm|[from] ability: Sand Stream|[of] p1a: Tyranitar\n|turn|23\n|c| Jack the Ripper21|tera fighting clefable\n|\n|t:|1699730517\n|move|p2a: Clefable|Moonblast|p1a: Tyranitar\n|-supereffective|p1a: Tyranitar\n|-damage|p1a: Tyranitar|0 fnt\n|faint|p1a: Tyranitar\n|\n|-weather|Sandstorm|[upkeep]\n|-damage|p2a: Clefable|48\/100|[from] Sandstorm\n|-heal|p2a: Clefable|54\/100|[from] item: Leftovers\n|upkeep\n|\n|t:|1699730526\n|switch|p1a: Bisharp|Bisharp, F|40\/100\n|-activate|p1a: Bisharp|move: Sticky Web\n|-unboost|p1a: Bisharp|spe|1\n|-ability|p1a: Bisharp|Defiant|boost\n|-boost|p1a: Bisharp|atk|2\n|turn|24\n|\n|t:|1699730535\n|move|p2a: Clefable|Moonblast|p1a: Bisharp\n|-damage|p1a: Bisharp|0 fnt\n|faint|p1a: Bisharp\n|\n|-weather|Sandstorm|[upkeep]\n|-damage|p2a: Clefable|48\/100|[from] Sandstorm\n|-heal|p2a: Clefable|54\/100|[from] item: Leftovers\n|upkeep\n|\n|t:|1699730537\n|switch|p1a: Hydreigon|Hydreigon, M, shiny|100\/100\n|turn|25\n|\n|t:|1699730542\n|-terastallize|p1a: Hydreigon|Steel\n|move|p1a: Hydreigon|Flash Cannon|p2a: Clefable\n|-damage|p2a: Clefable|35\/100\n|move|p2a: Clefable|Moonblast|p1a: Hydreigon\n|-resisted|p1a: Hydreigon\n|-damage|p1a: Hydreigon|66\/100\n|-unboost|p1a: Hydreigon|spa|1\n|\n|-weather|Sandstorm|[upkeep]\n|-damage|p2a: Clefable|29\/100|[from] Sandstorm\n|-heal|p2a: Clefable|35\/100|[from] item: Leftovers\n|upkeep\n|turn|26\n|c|\u2606Jeery112|Welp ggs\n|\n|t:|1699730548\n|move|p1a: Hydreigon|Flash Cannon|p2a: Clefable\n|-damage|p2a: Clefable|16\/100\n|move|p2a: Clefable|Soft-Boiled|p2a: Clefable\n|-heal|p2a: Clefable|66\/100\n|\n|-weather|Sandstorm|[upkeep]\n|-damage|p2a: Clefable|60\/100|[from] Sandstorm\n|-heal|p2a: Clefable|66\/100|[from] item: Leftovers\n|upkeep\n|turn|27\n|\n|t:|1699730550\n|move|p1a: Hydreigon|Flash Cannon|p2a: Clefable\n|-damage|p2a: Clefable|46\/100\n|move|p2a: Clefable|Moonblast|p1a: Hydreigon\n|-resisted|p1a: Hydreigon\n|-damage|p1a: Hydreigon|30\/100\n|-unboost|p1a: Hydreigon|spa|1\n|\n|-weather|none\n|-heal|p2a: Clefable|53\/100|[from] item: Leftovers\n|upkeep\n|turn|28\n|\n|t:|1699730552\n|move|p1a: Hydreigon|Flash Cannon|p2a: Clefable\n|-damage|p2a: Clefable|33\/100\n|move|p2a: Clefable|Moonblast|p1a: Hydreigon\n|-resisted|p1a: Hydreigon\n|-damage|p1a: Hydreigon|0 fnt\n|faint|p1a: Hydreigon\n|\n|win|Chaoss150\n|c| Jack the Ripper21|i still feel bad for what i did to robert\n|c|\u2606Jeery112|XD\n|c| YaBoiCrim|i mean there is only so much he could do\n|c| YaBoiCrim|destined to happen at some point\n|c|\u2606Jeery112|Ok ggs\n|c| Jack the Ripper21|yeah\n|c| Jack the Ripper21|ill avenge you jeery\n|c|\u2606Jeery112|Byt im still in a pinch here soory guys\n|c|\u2606Jeery112|And thx\n|l|\u2606Jeery112\n","uploadtime":1699730606,"views":11,"p1id":"jeery112","p2id":"chaoss150","formatid":"gen9nationaldex","rating":0,"private":0,"password":""}