{"id":"gen9nationaldex-1987771879","p1":"Dimlightbulb","p2":"Nerdygolem513","format":"[Gen 9] National Dex","log":"|j|\u2606Dimlightbulb\n|j|\u2606Nerdygolem513\n|t:|1699635455\n|gametype|singles\n|player|p1|Dimlightbulb|beauty|1117\n|player|p2|Nerdygolem513|burglar|1092\n|teamsize|p1|6\n|teamsize|p2|6\n|gen|9\n|tier|[Gen 9] National Dex\n|rated|\n|rule|HP Percentage Mod: HP is shown in percentages\n|rule|Endless Battle Clause: Forcing endless battles is banned\n|rule|OHKO Clause: OHKO moves are banned\n|rule|Evasion Clause: Evasion abilities, items, and moves are banned\n|rule|Evasion Abilities Clause: Evasion abilities are banned\n|rule|Evasion Items Clause: Evasion items are banned\n|rule|Evasion Moves Clause: Evasion moves are banned\n|rule|Species Clause: Limit one of each Pok\u00e9mon\n|rule|Sleep Clause Mod: Limit one foe put to sleep\n|clearpoke\n|poke|p1|Garchomp, F|\n|poke|p1|Blaziken, M|\n|poke|p1|Corviknight, M|\n|poke|p1|Greninja-*, F|\n|poke|p1|Lopunny, F|\n|poke|p1|Sneasler, M|\n|poke|p2|Shuckle, F|\n|poke|p2|Serperior, M|\n|poke|p2|Malamar, M|\n|poke|p2|Aerodactyl, M|\n|poke|p2|Landorus-Therian, M|\n|poke|p2|Rotom|\n|teampreview\n|l|\u2606Nerdygolem513\n|player|p2|\n|j|\u2606Nerdygolem513\n|player|p2|Nerdygolem513|burglar\n|\n|t:|1699635484\n|start\n|switch|p1a: Blahaj|Garchomp, F|100\/100\n|switch|p2a: 17 inches|Shuckle, F, shiny|100\/100\n|turn|1\n|\n|t:|1699635515\n|move|p1a: Blahaj|Aqua Tail|p2a: 17 inches\n|-supereffective|p2a: 17 inches\n|-damage|p2a: 17 inches|47\/100\n|-enditem|p2a: 17 inches|Red Card|[of] p1a: Blahaj\n|drag|p1a: Crow Knight|Corviknight, M, shiny|100\/100\n|-ability|p1a: Crow Knight|Unnerve\n|move|p2a: 17 inches|Sticky Web|p1a: Crow Knight\n|-sidestart|p1: Dimlightbulb|move: Sticky Web\n|\n|upkeep\n|turn|2\n|\n|t:|1699635525\n|switch|p2a: Tom|Rotom|100\/100\n|move|p1a: Crow Knight|Drill Peck|p2a: Tom\n|-resisted|p2a: Tom\n|-damage|p2a: Tom|78\/100\n|\n|upkeep\n|turn|3\n|\n|t:|1699635533\n|switch|p1a: Slasher|Sneasler, M|100\/100\n|-activate|p1a: Slasher|move: Sticky Web\n|-unboost|p1a: Slasher|spe|1\n|move|p2a: Tom|Will-O-Wisp|p1a: Slasher\n|-status|p1a: Slasher|brn\n|\n|-damage|p1a: Slasher|95\/100 brn|[from] brn\n|upkeep\n|turn|4\n|c|\u2606Dimlightbulb|forgot goast immunity\n|\n|t:|1699635569\n|move|p2a: Tom|Volt Switch|p1a: Slasher\n|-damage|p1a: Slasher|58\/100 brn\n|c|\u2606Nerdygolem513|Oh\n|\n|t:|1699635586\n|switch|p2a: The T sis|Landorus-Therian, M|100\/100|[from] Volt Switch\n|-ability|p2a: The T sis|Intimidate|boost\n|-unboost|p1a: Slasher|atk|1\n|move|p1a: Slasher|Poison Jab|p2a: The T sis\n|-resisted|p2a: The T sis\n|-damage|p2a: The T sis|92\/100\n|-status|p2a: The T sis|psn\n|\n|-heal|p1a: Slasher|64\/100 brn|[from] item: Black Sludge\n|-damage|p2a: The T sis|79\/100 psn|[from] psn\n|-damage|p1a: Slasher|58\/100 brn|[from] brn\n|upkeep\n|turn|5\n|\n|t:|1699635605\n|switch|p1a: Blahaj|Garchomp, F|100\/100\n|-activate|p1a: Blahaj|move: Sticky Web\n|-unboost|p1a: Blahaj|spe|1\n|move|p2a: The T sis|Hammer Arm|p1a: Blahaj\n|-damage|p1a: Blahaj|58\/100\n|-unboost|p2a: The T sis|spe|1\n|-damage|p2a: The T sis|67\/100 psn|[from] ability: Rough Skin|[of] p1a: Blahaj\n|\n|-damage|p2a: The T sis|55\/100 psn|[from] psn\n|upkeep\n|turn|6\n|\n|t:|1699635619\n|switch|p2a: Sirperior|Serperior, M|100\/100\n|move|p1a: Blahaj|Aqua Tail|p2a: Sirperior\n|-resisted|p2a: Sirperior\n|-damage|p2a: Sirperior|79\/100\n|\n|upkeep\n|turn|7\n|\n|t:|1699635626\n|move|p2a: Sirperior|Leaf Storm|p1a: Blahaj\n|-damage|p1a: Blahaj|4\/100\n|-boost|p2a: Sirperior|spa|2\n|move|p1a: Blahaj|Stealth Rock|p2a: Sirperior\n|-sidestart|p2: Nerdygolem513|move: Stealth Rock\n|\n|upkeep\n|turn|8\n|\n|t:|1699635637\n|move|p2a: Sirperior|Leaf Storm|p1a: Blahaj\n|-damage|p1a: Blahaj|0 fnt\n|-boost|p2a: Sirperior|spa|2\n|faint|p1a: Blahaj\n|\n|upkeep\n|\n|t:|1699635644\n|switch|p1a: Kick Bird|Blaziken, M|100\/100\n|-activate|p1a: Kick Bird|move: Sticky Web\n|-unboost|p1a: Kick Bird|spe|1\n|turn|9\n|\n|t:|1699635649\n|-terastallize|p2a: Sirperior|Water\n|move|p2a: Sirperior|Taunt|p1a: Kick Bird\n|-start|p1a: Kick Bird|move: Taunt\n|move|p1a: Kick Bird|Blaze Kick|p2a: Sirperior\n|-resisted|p2a: Sirperior\n|-damage|p2a: Sirperior|54\/100\n|\n|-ability|p1a: Kick Bird|Speed Boost|boost\n|-boost|p1a: Kick Bird|spe|1\n|upkeep\n|turn|10\n|\n|t:|1699635665\n|switch|p1a: Slasher|Sneasler, M|58\/100 brn\n|-activate|p1a: Slasher|move: Sticky Web\n|-unboost|p1a: Slasher|spe|1\n|move|p2a: Sirperior|Hidden Power|p1a: Slasher\n|-damage|p1a: Slasher|0 fnt\n|faint|p1a: Slasher\n|\n|upkeep\n|\n|t:|1699635678\n|switch|p1a: Furry Bait|Lopunny, F, shiny|100\/100\n|-activate|p1a: Furry Bait|move: Sticky Web\n|-unboost|p1a: Furry Bait|spe|1\n|turn|11\n|\n|t:|1699635687\n|detailschange|p1a: Furry Bait|Lopunny-Mega, F, shiny\n|-mega|p1a: Furry Bait|Lopunny|Lopunnite\n|move|p2a: Sirperior|Hidden Power|p1a: Furry Bait\n|-damage|p1a: Furry Bait|12\/100\n|move|p1a: Furry Bait|Thunder Punch|p2a: Sirperior\n|-supereffective|p2a: Sirperior\n|-damage|p2a: Sirperior|0 fnt\n|faint|p2a: Sirperior\n|\n|upkeep\n|\n|t:|1699635698\n|switch|p2a: Tom|Rotom|78\/100\n|-damage|p2a: Tom|65\/100|[from] Stealth Rock\n|turn|12\n|\n|t:|1699635703\n|move|p2a: Tom|Hidden Power|p1a: Furry Bait\n|-damage|p1a: Furry Bait|0 fnt\n|faint|p1a: Furry Bait\n|\n|upkeep\n|\n|t:|1699635723\n|switch|p1a: Kick Bird|Blaziken, M|100\/100\n|-activate|p1a: Kick Bird|move: Sticky Web\n|-unboost|p1a: Kick Bird|spe|1\n|turn|13\n|\n|t:|1699635734\n|move|p2a: Tom|Volt Switch|p1a: Kick Bird\n|-damage|p1a: Kick Bird|59\/100\n|\n|t:|1699635739\n|switch|p2a: Airodactyl|Aerodactyl, M|100\/100|[from] Volt Switch\n|-damage|p2a: Airodactyl|76\/100|[from] Stealth Rock\n|move|p1a: Kick Bird|Blaze Kick|p2a: Airodactyl\n|-resisted|p2a: Airodactyl\n|-damage|p2a: Airodactyl|39\/100\n|\n|-ability|p1a: Kick Bird|Speed Boost|boost\n|-boost|p1a: Kick Bird|spe|1\n|upkeep\n|turn|14\n|\n|t:|1699635759\n|detailschange|p2a: Airodactyl|Aerodactyl-Mega, M\n|-mega|p2a: Airodactyl|Aerodactyl|Aerodactylite\n|move|p2a: Airodactyl|Dual Wingbeat|p1a: Kick Bird\n|-supereffective|p1a: Kick Bird\n|-damage|p1a: Kick Bird|0 fnt\n|faint|p1a: Kick Bird\n|-hitcount|p1: Kick Bird|1\n|\n|upkeep\n|\n|t:|1699635765\n|switch|p1a: Crow Knight|Corviknight, M, shiny|100\/100\n|-ability|p1a: Crow Knight|Unnerve\n|turn|15\n|\n|t:|1699635771\n|move|p2a: Airodactyl|Fire Fang|p1a: Crow Knight\n|-supereffective|p1a: Crow Knight\n|-damage|p1a: Crow Knight|50\/100\n|move|p1a: Crow Knight|Iron Head|p2a: Airodactyl\n|-supereffective|p2a: Airodactyl\n|-damage|p2a: Airodactyl|0 fnt\n|faint|p2a: Airodactyl\n|\n|-heal|p1a: Crow Knight|57\/100|[from] item: Leftovers\n|upkeep\n|\n|t:|1699635779\n|switch|p2a: Tom|Rotom|65\/100\n|-damage|p2a: Tom|53\/100|[from] Stealth Rock\n|turn|16\n|\n|t:|1699635786\n|move|p2a: Tom|Will-O-Wisp|p1a: Crow Knight\n|-status|p1a: Crow Knight|brn\n|move|p1a: Crow Knight|Roost|p1a: Crow Knight\n|-heal|p1a: Crow Knight|100\/100 brn\n|-singleturn|p1a: Crow Knight|move: Roost\n|\n|-damage|p1a: Crow Knight|94\/100 brn|[from] brn\n|upkeep\n|turn|17\n|\n|t:|1699635796\n|move|p2a: Tom|Hex|p1a: Crow Knight\n|-damage|p1a: Crow Knight|52\/100 brn\n|move|p1a: Crow Knight|Tailwind|p1a: Crow Knight\n|-sidestart|p1: Dimlightbulb|move: Tailwind\n|\n|-heal|p1a: Crow Knight|59\/100 brn|[from] item: Leftovers\n|-damage|p1a: Crow Knight|52\/100 brn|[from] brn\n|upkeep\n|turn|18\n|\n|t:|1699635807\n|move|p1a: Crow Knight|Drill Peck|p2a: Tom\n|-resisted|p2a: Tom\n|-damage|p2a: Tom|40\/100\n|move|p2a: Tom|Hex|p1a: Crow Knight\n|-damage|p1a: Crow Knight|10\/100 brn\n|\n|-heal|p1a: Crow Knight|17\/100 brn|[from] item: Leftovers\n|-damage|p1a: Crow Knight|10\/100 brn|[from] brn\n|upkeep\n|turn|19\n|\n|t:|1699635820\n|move|p1a: Crow Knight|Roost|p1a: Crow Knight\n|-heal|p1a: Crow Knight|60\/100 brn\n|-singleturn|p1a: Crow Knight|move: Roost\n|move|p2a: Tom|Volt Switch|p1a: Crow Knight\n|-damage|p1a: Crow Knight|35\/100 brn\n|\n|t:|1699635834\n|switch|p2a: The T sis|Landorus-Therian, M|55\/100 psn|[from] Volt Switch\n|-damage|p2a: The T sis|43\/100 psn|[from] Stealth Rock\n|-ability|p2a: The T sis|Intimidate|boost\n|-unboost|p1a: Crow Knight|atk|1\n|\n|-heal|p1a: Crow Knight|41\/100 brn|[from] item: Leftovers\n|-damage|p2a: The T sis|31\/100 psn|[from] psn\n|-damage|p1a: Crow Knight|35\/100 brn|[from] brn\n|upkeep\n|turn|20\n|\n|t:|1699635843\n|move|p2a: The T sis|Hammer Arm|p1a: Crow Knight\n|-damage|p1a: Crow Knight|2\/100 brn\n|-unboost|p2a: The T sis|spe|1\n|move|p1a: Crow Knight|Roost|p1a: Crow Knight\n|-heal|p1a: Crow Knight|52\/100 brn\n|-singleturn|p1a: Crow Knight|move: Roost\n|\n|-heal|p1a: Crow Knight|58\/100 brn|[from] item: Leftovers\n|-damage|p2a: The T sis|18\/100 psn|[from] psn\n|-damage|p1a: Crow Knight|52\/100 brn|[from] brn\n|-sideend|p1: Dimlightbulb|move: Tailwind\n|upkeep\n|turn|21\n|\n|t:|1699635857\n|switch|p2a: Tom|Rotom|40\/100\n|-damage|p2a: Tom|28\/100|[from] Stealth Rock\n|move|p1a: Crow Knight|Iron Head|p2a: Tom\n|-resisted|p2a: Tom\n|-damage|p2a: Tom|20\/100\n|\n|-heal|p1a: Crow Knight|58\/100 brn|[from] item: Leftovers\n|-damage|p1a: Crow Knight|52\/100 brn|[from] brn\n|upkeep\n|turn|22\n|\n|t:|1699635869\n|move|p2a: Tom|Hex|p1a: Crow Knight\n|-damage|p1a: Crow Knight|7\/100 brn\n|move|p1a: Crow Knight|Tailwind|p1a: Crow Knight\n|-sidestart|p1: Dimlightbulb|move: Tailwind\n|\n|-heal|p1a: Crow Knight|13\/100 brn|[from] item: Leftovers\n|-damage|p1a: Crow Knight|7\/100 brn|[from] brn\n|upkeep\n|turn|23\n|\n|t:|1699635876\n|move|p1a: Crow Knight|Roost|p1a: Crow Knight\n|-heal|p1a: Crow Knight|57\/100 brn\n|-singleturn|p1a: Crow Knight|move: Roost\n|move|p2a: Tom|Hex|p1a: Crow Knight\n|-damage|p1a: Crow Knight|8\/100 brn\n|\n|-heal|p1a: Crow Knight|14\/100 brn|[from] item: Leftovers\n|-damage|p1a: Crow Knight|8\/100 brn|[from] brn\n|upkeep\n|turn|24\n|\n|t:|1699635886\n|move|p1a: Crow Knight|Roost|p1a: Crow Knight\n|-heal|p1a: Crow Knight|58\/100 brn\n|-singleturn|p1a: Crow Knight|move: Roost\n|move|p2a: Tom|Hex|p1a: Crow Knight\n|-damage|p1a: Crow Knight|13\/100 brn\n|\n|-heal|p1a: Crow Knight|19\/100 brn|[from] item: Leftovers\n|-damage|p1a: Crow Knight|13\/100 brn|[from] brn\n|upkeep\n|turn|25\n|\n|t:|1699635898\n|-terastallize|p1a: Crow Knight|Flying\n|move|p1a: Crow Knight|Drill Peck|p2a: Tom\n|-resisted|p2a: Tom\n|-damage|p2a: Tom|10\/100\n|move|p2a: Tom|Hex|p1a: Crow Knight\n|-damage|p1a: Crow Knight|0 fnt\n|faint|p1a: Crow Knight\n|\n|-sideend|p1: Dimlightbulb|move: Tailwind\n|upkeep\n|\n|t:|1699635907\n|switch|p1a: Frog|Greninja, F, shiny|100\/100\n|-activate|p1a: Frog|move: Sticky Web\n|-unboost|p1a: Frog|spe|1\n|turn|26\n|c|\u2606Nerdygolem513|Tough bird\n|\n|t:|1699635927\n|move|p1a: Frog|Shadow Sneak|p2a: Tom\n|-start|p1a: Frog|typechange|Ghost|[from] ability: Protean\n|-supereffective|p2a: Tom\n|-damage|p2a: Tom|0 fnt\n|faint|p2a: Tom\n|\n|upkeep\n|\n|t:|1699635934\n|switch|p2a: The T sis|Landorus-Therian, M|18\/100 psn\n|-damage|p2a: The T sis|6\/100 psn|[from] Stealth Rock\n|-ability|p2a: The T sis|Intimidate|boost\n|-unboost|p1a: Frog|atk|1\n|turn|27\n|c|\u2606Dimlightbulb|thanks\n|\n|t:|1699635951\n|move|p2a: The T sis|Earthquake|p1a: Frog\n|-damage|p1a: Frog|4\/100\n|-enditem|p1a: Frog|Salac Berry|[eat]\n|-boost|p1a: Frog|spe|1|[from] item: Salac Berry\n|move|p1a: Frog|Waterfall|p2a: The T sis\n|-supereffective|p2a: The T sis\n|-damage|p2a: The T sis|0 fnt\n|faint|p2a: The T sis\n|\n|upkeep\n|\n|t:|1699635959\n|switch|p2a: Lovely|Malamar, M|100\/100\n|-damage|p2a: Lovely|88\/100|[from] Stealth Rock\n|turn|28\n|\n|t:|1699635967\n|move|p1a: Frog|Shadow Sneak|p2a: Lovely\n|-damage|p2a: Lovely|78\/100\n|move|p2a: Lovely|Knock Off|p1a: Frog\n|-supereffective|p1a: Frog\n|-damage|p1a: Frog|0 fnt\n|faint|p1a: Frog\n|\n|win|Nerdygolem513\n|raw|Dimlightbulb's rating: 1091 &rarr; <strong>1067<\/strong><br \/>(-24 for losing)\n|raw|Nerdygolem513's rating: 1092 &rarr; <strong>1118<\/strong><br \/>(+26 for winning)\n|c|\u2606Dimlightbulb|gg\n|c|\u2606Nerdygolem513|Gg\n|l|\u2606Dimlightbulb\n","uploadtime":1699635988,"views":6,"p1id":"dimlightbulb","p2id":"nerdygolem513","formatid":"gen9nationaldex","rating":1067,"private":0,"password":""}