{"id":"gen9nationaldex-1988526435","p1":"Nakuy","p2":"Abrar83","format":"[Gen 9] National Dex","log":"|j|\u2606Nakuy\n|j|\u2606Abrar83\n|t:|1699732411\n|gametype|singles\n|player|p1|Nakuy|byron|\n|player|p2|Abrar83|morty-masters|\n|teamsize|p1|6\n|teamsize|p2|6\n|gen|9\n|tier|[Gen 9] National Dex\n|rule|HP Percentage Mod: HP is shown in percentages\n|rule|Endless Battle Clause: Forcing endless battles is banned\n|rule|OHKO Clause: OHKO moves are banned\n|rule|Evasion Clause: Evasion abilities, items, and moves are banned\n|rule|Evasion Abilities Clause: Evasion abilities are banned\n|rule|Evasion Items Clause: Evasion items are banned\n|rule|Evasion Moves Clause: Evasion moves are banned\n|rule|Species Clause: Limit one of each Pok\u00e9mon\n|rule|Sleep Clause Mod: Limit one foe put to sleep\n|clearpoke\n|poke|p1|Ogerpon-Wellspring, F|\n|poke|p1|Glimmora, M|\n|poke|p1|Iron Moth|\n|poke|p1|Iron Valiant|\n|poke|p1|Bisharp, F|\n|poke|p1|Aerodactyl, M|\n|poke|p2|Charizard, M|\n|poke|p2|Bisharp, F|\n|poke|p2|Dragonite, M|\n|poke|p2|Altaria, M|\n|poke|p2|Gengar, M|\n|poke|p2|Zapdos|\n|teampreview\n|inactive|Battle timer is ON: inactive players will automatically lose when time's up. (requested by Abrar83)\n|\n|t:|1699732454\n|start\n|switch|p1a: Glimmora|Glimmora, M|100\/100\n|switch|p2a: Lightning|Zapdos|100\/100\n|turn|1\n|\n|t:|1699732477\n|move|p1a: Glimmora|Stealth Rock|p2a: Lightning\n|-sidestart|p2: Abrar83|move: Stealth Rock\n|move|p2a: Lightning|Discharge|p1a: Glimmora\n|-damage|p1a: Glimmora|39\/100\n|\n|upkeep\n|turn|2\n|c|\u2606Abrar83|i def lost\n|c|\u2606Abrar83|fuckkkk\n|\n|t:|1699732487\n|move|p1a: Glimmora|Power Gem|p2a: Lightning\n|-supereffective|p2a: Lightning\n|-damage|p2a: Lightning|15\/100\n|move|p2a: Lightning|Discharge|p1a: Glimmora\n|-damage|p1a: Glimmora|0 fnt\n|faint|p1a: Glimmora\n|\n|upkeep\n|\n|t:|1699732503\n|switch|p1a: Aerodactyl|Aerodactyl, M|100\/100\n|-ability|p1a: Aerodactyl|Unnerve\n|turn|3\n|inactive|Nakuy has 270 seconds left.\n|\n|t:|1699732519\n|detailschange|p1a: Aerodactyl|Aerodactyl-Mega, M\n|-mega|p1a: Aerodactyl|Aerodactyl|Aerodactylite\n|move|p1a: Aerodactyl|Hone Claws|p1a: Aerodactyl\n|-boost|p1a: Aerodactyl|atk|1\n|-boost|p1a: Aerodactyl|accuracy|1\n|move|p2a: Lightning|Discharge|p1a: Aerodactyl\n|-supereffective|p1a: Aerodactyl\n|-damage|p1a: Aerodactyl|13\/100\n|-status|p1a: Aerodactyl|par\n|\n|upkeep\n|turn|4\n|inactive|Nakuy has 270 seconds left.\n|\n|t:|1699732533\n|move|p2a: Lightning|Roost|p2a: Lightning\n|-heal|p2a: Lightning|66\/100\n|-singleturn|p2a: Lightning|move: Roost\n|move|p1a: Aerodactyl|Dual Wingbeat|p2a: Lightning\n|-resisted|p2a: Lightning\n|-damage|p2a: Lightning|41\/100\n|-resisted|p2a: Lightning\n|-damage|p2a: Lightning|16\/100\n|-hitcount|p2a: Lightning|2\n|\n|upkeep\n|turn|5\n|\n|t:|1699732543\n|move|p2a: Lightning|Roost|p2a: Lightning\n|-heal|p2a: Lightning|66\/100\n|-singleturn|p2a: Lightning|move: Roost\n|cant|p1a: Aerodactyl|par\n|\n|upkeep\n|turn|6\n|\n|t:|1699732549\n|move|p2a: Lightning|Discharge|p1a: Aerodactyl\n|-supereffective|p1a: Aerodactyl\n|-damage|p1a: Aerodactyl|0 fnt\n|faint|p1a: Aerodactyl\n|\n|upkeep\n|\n|t:|1699732564\n|switch|p1a: Iron Moth|Iron Moth|100\/100\n|-enditem|p1a: Iron Moth|Booster Energy\n|-activate|p1a: Iron Moth|ability: Quark Drive|[fromitem]\n|-start|p1a: Iron Moth|quarkdrivespe\n|turn|7\n|\n|t:|1699732573\n|move|p1a: Iron Moth|Fiery Dance|p2a: Lightning\n|-damage|p2a: Lightning|30\/100\n|-boost|p1a: Iron Moth|spa|1\n|-zpower|p2a: Lightning\n|move|p2a: Lightning|Supersonic Skystrike|p1a: Iron Moth|[zeffect]\n|-damage|p1a: Iron Moth|0 fnt\n|faint|p1a: Iron Moth\n|-end|p1a: Iron Moth|Quark Drive|[silent]\n|\n|upkeep\n|inactive|Nakuy has 270 seconds left.\n|\n|t:|1699732591\n|switch|p1a: Ogerpon|Ogerpon-Wellspring, F|100\/100\n|turn|8\n|\n|t:|1699732596\n|move|p1a: Ogerpon|Ivy Cudgel|p2a: Lightning\n|-damage|p2a: Lightning|0 fnt\n|faint|p2a: Lightning\n|\n|upkeep\n|\n|t:|1699732609\n|switch|p2a: Caspa|Gengar, M|100\/100\n|-damage|p2a: Caspa|88\/100|[from] Stealth Rock\n|turn|9\n|\n|t:|1699732622\n|-terastallize|p1a: Ogerpon|Water\n|detailschange|p1a: Ogerpon|Ogerpon-Wellspring-Tera, F, tera:Water\n|-ability|p1a: Ogerpon|Embody Aspect (Wellspring)|boost\n|-boost|p1a: Ogerpon|spd|1\n|move|p1a: Ogerpon|Ivy Cudgel|p2a: Caspa\n|-crit|p2a: Caspa\n|-damage|p2a: Caspa|0 fnt\n|faint|p2a: Caspa\n|\n|upkeep\n|\n|t:|1699732634\n|switch|p2a: Lil Gambi|Bisharp, F|100\/100\n|-damage|p2a: Lil Gambi|95\/100|[from] Stealth Rock\n|turn|10\n|\n|t:|1699732655\n|move|p1a: Ogerpon|Swords Dance|p1a: Ogerpon\n|-boost|p1a: Ogerpon|atk|2\n|move|p2a: Lil Gambi|Swords Dance|p2a: Lil Gambi\n|-boost|p2a: Lil Gambi|atk|2\n|\n|upkeep\n|turn|11\n|\n|t:|1699732665\n|move|p1a: Ogerpon|Ivy Cudgel|p2a: Lil Gambi\n|-damage|p2a: Lil Gambi|0 fnt\n|faint|p2a: Lil Gambi\n|\n|upkeep\n|\n|t:|1699732674\n|switch|p2a: Pina|Dragonite, M|100\/100\n|-damage|p2a: Pina|76\/100|[from] Stealth Rock\n|turn|12\n|\n|t:|1699732682\n|move|p1a: Ogerpon|Ivy Cudgel|p2a: Pina\n|-resisted|p2a: Pina\n|-damage|p2a: Pina|0 fnt\n|faint|p2a: Pina\n|\n|upkeep\n|\n|t:|1699732700\n|switch|p2a: C-Sizzle|Charizard, M|100\/100\n|-damage|p2a: C-Sizzle|51\/100|[from] Stealth Rock\n|turn|13\n|\n|t:|1699732718\n|detailschange|p2a: C-Sizzle|Charizard-Mega-X, M\n|-mega|p2a: C-Sizzle|Charizard|Charizardite X\n|move|p1a: Ogerpon|Ivy Cudgel|p2a: C-Sizzle\n|-damage|p2a: C-Sizzle|0 fnt\n|faint|p2a: C-Sizzle\n|\n|upkeep\n|\n|t:|1699732722\n|switch|p2a: Ass|Altaria, M|100\/100\n|-damage|p2a: Ass|76\/100|[from] Stealth Rock\n|-ability|p2a: Ass|Cloud Nine\n|turn|14\n|\n|t:|1699732734\n|move|p1a: Ogerpon|Ivy Cudgel|p2a: Ass\n|-resisted|p2a: Ass\n|-damage|p2a: Ass|0 fnt\n|faint|p2a: Ass\n|\n|win|Nakuy\n|l|\u2606Abrar83\n","uploadtime":1699733858,"views":4,"p1id":"nakuy","p2id":"abrar83","formatid":"gen9nationaldex","rating":0,"private":0,"password":""}