{"id":"gen9nationaldex-1997955430","p1":"Knight-Umbreon","p2":"py123456","format":"[Gen 9] National Dex","log":"|html|<div class=\"broadcast-blue\"><strong>[Gen 9] National Dex is currently suspecting Sneasler! For information on how to participate check out the <a href=\"https:\/\/www.smogon.com\/forums\/threads\/sv-national-dex-suspect-8-just-dance.3731534\/\">suspect thread<\/a>.<\/strong><\/div>\n|j|\u2606Knight-Umbreon\n|j|\u2606py123456\n|t:|1700871818\n|gametype|singles\n|player|p1|Knight-Umbreon|265|1061\n|player|p2|py123456|steven|1068\n|teamsize|p1|6\n|teamsize|p2|6\n|gen|9\n|tier|[Gen 9] National Dex\n|rated|\n|rule|HP Percentage Mod: HP is shown in percentages\n|rule|Endless Battle Clause: Forcing endless battles is banned\n|rule|OHKO Clause: OHKO moves are banned\n|rule|Evasion Clause: Evasion abilities, items, and moves are banned\n|rule|Evasion Abilities Clause: Evasion abilities are banned\n|rule|Evasion Items Clause: Evasion items are banned\n|rule|Evasion Moves Clause: Evasion moves are banned\n|rule|Species Clause: Limit one of each Pok\u00e9mon\n|rule|Sleep Clause Mod: Limit one foe put to sleep\n|clearpoke\n|poke|p1|Bruxish, M|\n|poke|p1|Grimmsnarl, M|\n|poke|p1|Greninja-*, M|\n|poke|p1|Primeape, F|\n|poke|p1|Sudowoodo, M|\n|poke|p1|Togekiss, M|\n|poke|p2|Politoed, M|\n|poke|p2|Urshifu-*, F|\n|poke|p2|Kartana|\n|poke|p2|Swampert, M|\n|poke|p2|Tapu Koko|\n|poke|p2|Pelipper, F|\n|teampreview\n|inactive|Battle timer is ON: inactive players will automatically lose when time's up. (requested by py123456)\n|\n|t:|1700871832\n|start\n|switch|p1a: Togekiss|Togekiss, M|100\/100\n|switch|p2a: Pelipper|Pelipper, F|100\/100\n|-weather|RainDance|[from] ability: Drizzle|[of] p2a: Pelipper\n|turn|1\n|\n|t:|1700871840\n|move|p1a: Togekiss|Ancient Power|p2a: Pelipper\n|-supereffective|p2a: Pelipper\n|-damage|p2a: Pelipper|45\/100\n|-boost|p1a: Togekiss|atk|1\n|-boost|p1a: Togekiss|def|1\n|-boost|p1a: Togekiss|spa|1\n|-boost|p1a: Togekiss|spd|1\n|-boost|p1a: Togekiss|spe|1\n|move|p2a: Pelipper|U-turn|p1a: Togekiss\n|-resisted|p1a: Togekiss\n|-damage|p1a: Togekiss|99\/100\n|\n|t:|1700871865\n|switch|p2a: Urshifu|Urshifu-Rapid-Strike, F|100\/100|[from] U-turn\n|\n|-weather|RainDance|[upkeep]\n|upkeep\n|turn|2\n|\n|t:|1700871873\n|-terastallize|p2a: Urshifu|Water\n|move|p2a: Urshifu|Surging Strikes|p1a: Togekiss\n|-crit|p1a: Togekiss\n|-damage|p1a: Togekiss|46\/100\n|-crit|p1a: Togekiss\n|-damage|p1a: Togekiss|0 fnt\n|faint|p1a: Togekiss\n|-hitcount|p1: Togekiss|2\n|\n|-weather|RainDance|[upkeep]\n|upkeep\n|\n|t:|1700871882\n|switch|p1a: Grimmsnarl|Grimmsnarl, M|100\/100\n|turn|3\n|\n|t:|1700871885\n|move|p1a: Grimmsnarl|Thunder Wave|p2a: Urshifu\n|-status|p2a: Urshifu|par\n|move|p2a: Urshifu|Surging Strikes|p1a: Grimmsnarl\n|-crit|p1a: Grimmsnarl\n|-damage|p1a: Grimmsnarl|48\/100\n|-crit|p1a: Grimmsnarl\n|-damage|p1a: Grimmsnarl|0 fnt\n|faint|p1a: Grimmsnarl\n|-hitcount|p1: Grimmsnarl|2\n|\n|-weather|RainDance|[upkeep]\n|upkeep\n|\n|t:|1700871894\n|switch|p1a: Sudowoodo|Sudowoodo, M|100\/100\n|turn|4\n|\n|t:|1700871899\n|-terastallize|p1a: Sudowoodo|Grass\n|move|p2a: Urshifu|Surging Strikes|p1a: Sudowoodo\n|-resisted|p1a: Sudowoodo\n|-crit|p1a: Sudowoodo\n|-damage|p1a: Sudowoodo|80\/100\n|-resisted|p1a: Sudowoodo\n|-crit|p1a: Sudowoodo\n|-damage|p1a: Sudowoodo|60\/100\n|-resisted|p1a: Sudowoodo\n|-crit|p1a: Sudowoodo\n|-damage|p1a: Sudowoodo|39\/100\n|-hitcount|p1a: Sudowoodo|3\n|move|p1a: Sudowoodo|Double-Edge|p2a: Urshifu\n|-damage|p2a: Urshifu|61\/100 par\n|\n|-weather|RainDance|[upkeep]\n|upkeep\n|turn|5\n|\n|t:|1700871905\n|move|p2a: Urshifu|Surging Strikes|p1a: Sudowoodo\n|-resisted|p1a: Sudowoodo\n|-crit|p1a: Sudowoodo\n|-damage|p1a: Sudowoodo|20\/100\n|-resisted|p1a: Sudowoodo\n|-crit|p1a: Sudowoodo\n|-damage|p1a: Sudowoodo|2\/100\n|-resisted|p1a: Sudowoodo\n|-crit|p1a: Sudowoodo\n|-damage|p1a: Sudowoodo|0 fnt\n|faint|p1a: Sudowoodo\n|-hitcount|p1: Sudowoodo|3\n|\n|-weather|RainDance|[upkeep]\n|upkeep\n|-message|Knight-Umbreon forfeited.\n|\n|win|py123456\n|raw|Knight-Umbreon's rating: 1061 &rarr; <strong>1042<\/strong><br \/>(-19 for losing)\n|raw|py123456's rating: 1068 &rarr; <strong>1097<\/strong><br \/>(+29 for winning)\n|l|\u2606Knight-Umbreon\n","uploadtime":1700871914,"views":2,"p1id":"knightumbreon","p2id":"py123456","formatid":"gen9nationaldex","rating":1042,"private":0,"password":""}