{"id":"gen9nationaldex-1998295609","p1":"Ginesect","p2":"Just B3A$T","format":"[Gen 9] National Dex","log":"|html|<div class=\"broadcast-blue\"><strong>[Gen 9] National Dex is currently suspecting Sneasler! For information on how to participate check out the <a href=\"https:\/\/www.smogon.com\/forums\/threads\/sv-national-dex-suspect-8-just-dance.3731534\/\">suspect thread<\/a>.<\/strong><\/div>\n|j|\u2606Ginesect\n|j|\u2606Just B3A$T\n|t:|1700926034\n|gametype|singles\n|player|p1|Ginesect|cynthia|\n|player|p2|Just B3A$T|noland|\n|teamsize|p1|6\n|teamsize|p2|6\n|gen|9\n|tier|[Gen 9] National Dex\n|rule|HP Percentage Mod: HP is shown in percentages\n|rule|Endless Battle Clause: Forcing endless battles is banned\n|rule|OHKO Clause: OHKO moves are banned\n|rule|Evasion Clause: Evasion abilities, items, and moves are banned\n|rule|Evasion Abilities Clause: Evasion abilities are banned\n|rule|Evasion Items Clause: Evasion items are banned\n|rule|Evasion Moves Clause: Evasion moves are banned\n|rule|Species Clause: Limit one of each Pok\u00e9mon\n|rule|Sleep Clause Mod: Limit one foe put to sleep\n|clearpoke\n|poke|p1|Drednaw, M|\n|poke|p1|Florges-Blue, F|\n|poke|p1|Indeedee, M|\n|poke|p1|Oranguru, M|\n|poke|p1|Necrozma|\n|poke|p1|Sunflora, F|\n|poke|p2|Florges, F|\n|poke|p2|Drednaw, M|\n|poke|p2|Indeedee, M|\n|poke|p2|Necrozma|\n|poke|p2|Oranguru, M|\n|poke|p2|Sunflora, M|\n|teampreview\n|inactive|Battle timer is ON: inactive players will automatically lose when time's up. (requested by Just B3A$T)\n|j| AlolanSandslashOU\n|j| SCARCITY25\n|j| Hussumon2\n|c|\u2606Just B3A$T|let's see what you've cooked\n|c|\u2606Ginesect|Already 2-0\n|c|\u2606Just B3A$T|or something\n|inactive|Ginesect has 270 seconds left.\n|inactive|Just B3A$T has 270 seconds left.\n|c|\u2606Ginesect|But I wanna make it 3-0\n|c|\u2606Just B3A$T|duh\n|c|\u2606Ginesect|hehe\n|c|\u2606Just B3A$T|it is not happening\n|\n|t:|1700926084\n|start\n|switch|p1a: Indeedee|Indeedee, M|100\/100\n|switch|p2a: L Male|Indeedee, M|100\/100\n|-fieldstart|move: Psychic Terrain|[from] ability: Psychic Surge|[of] p1a: Indeedee\n|turn|1\n|c| AlolanSandslashOU|If beast wins he wins the entire thing\n|c| AlolanSandslashOU|Real\n|\n|t:|1700926101\n|switch|p2a: MONKE|Oranguru, M|100\/100\n|move|p1a: Indeedee|Trick|p2a: MONKE\n|-activate|p1a: Indeedee|move: Trick|[of] p2a: MONKE\n|-item|p2a: MONKE|Choice Scarf|[from] move: Trick\n|-item|p1a: Indeedee|Leftovers|[from] move: Trick\n|\n|upkeep\n|turn|2\n|\n|t:|1700926113\n|move|p2a: MONKE|Expanding Force|p1a: Indeedee\n|-resisted|p1a: Indeedee\n|-damage|p1a: Indeedee|78\/100\n|move|p1a: Indeedee|Trick Room|p1a: Indeedee\n|-fieldstart|move: Trick Room|[of] p1a: Indeedee\n|\n|-heal|p1a: Indeedee|84\/100|[from] item: Leftovers\n|upkeep\n|turn|3\n|c|\u2606Just B3A$T|kinda what I expected\n|c| AlolanSandslashOU|wtf\n|c|\u2606Just B3A$T|since it's all slow mons\n|\n|t:|1700926134\n|switch|p1a: Necrozma|Necrozma|100\/100\n|switch|p2a: Flowey|Sunflora, M|100\/100\n|\n|upkeep\n|turn|4\n|\n|t:|1700926145\n|move|p2a: Flowey|Sludge Bomb|p1a: Necrozma\n|-damage|p1a: Necrozma|79\/100\n|move|p1a: Necrozma|Calm Mind|p1a: Necrozma\n|-boost|p1a: Necrozma|spa|1\n|-boost|p1a: Necrozma|spd|1\n|\n|-heal|p1a: Necrozma|85\/100|[from] item: Leftovers\n|upkeep\n|turn|5\n|c| AlolanSandslashOU|oh nah\n|\n|t:|1700926154\n|switch|p2a: MONKE|Oranguru, M|100\/100\n|move|p1a: Necrozma|Iron Defense|p1a: Necrozma\n|-boost|p1a: Necrozma|def|2\n|\n|-heal|p1a: Necrozma|91\/100|[from] item: Leftovers\n|-fieldend|move: Psychic Terrain\n|upkeep\n|turn|6\n|\n|t:|1700926161\n|move|p1a: Necrozma|Calm Mind|p1a: Necrozma\n|-boost|p1a: Necrozma|spa|1\n|-boost|p1a: Necrozma|spd|1\n|move|p2a: MONKE|Toxic|p1a: Necrozma\n|-status|p1a: Necrozma|tox\n|\n|-heal|p1a: Necrozma|97\/100 tox|[from] item: Leftovers\n|-damage|p1a: Necrozma|91\/100 tox|[from] psn\n|-fieldend|move: Trick Room\n|upkeep\n|turn|7\n|\n|t:|1700926175\n|move|p2a: MONKE|Toxic|p1a: Necrozma\n|-fail|p1a: Necrozma|tox\n|move|p1a: Necrozma|Stored Power|p2a: MONKE\n|-resisted|p2a: MONKE\n|-damage|p2a: MONKE|57\/100\n|\n|-heal|p1a: Necrozma|97\/100 tox|[from] item: Leftovers\n|-damage|p1a: Necrozma|85\/100 tox|[from] psn\n|upkeep\n|turn|8\n|\n|t:|1700926181\n|move|p2a: MONKE|Toxic|p1a: Necrozma\n|-fail|p1a: Necrozma|tox\n|move|p1a: Necrozma|Stored Power|p2a: MONKE\n|-resisted|p2a: MONKE\n|-damage|p2a: MONKE|13\/100\n|\n|-heal|p1a: Necrozma|91\/100 tox|[from] item: Leftovers\n|-damage|p1a: Necrozma|73\/100 tox|[from] psn\n|upkeep\n|turn|9\n|\n|t:|1700926189\n|switch|p2a: L Male|Indeedee, M|100\/100\n|-fieldstart|move: Psychic Terrain|[from] ability: Psychic Surge|[of] p2a: L Male\n|move|p1a: Necrozma|Stored Power|p2a: L Male\n|-resisted|p2a: L Male\n|-damage|p2a: L Male|0 fnt\n|faint|p2a: L Male\n|\n|-heal|p1a: Necrozma|79\/100 tox|[from] item: Leftovers\n|-damage|p1a: Necrozma|55\/100 tox|[from] psn\n|upkeep\n|c|\u2606Just B3A$T|insane\n|\n|t:|1700926208\n|switch|p2a: Phazar|Necrozma|100\/100\n|turn|10\n|\n|t:|1700926216\n|move|p2a: Phazar|Dark Pulse|p1a: Necrozma\n|-supereffective|p1a: Necrozma\n|-damage|p1a: Necrozma|42\/100 tox\n|cant|p1a: Necrozma|flinch\n|\n|-heal|p1a: Necrozma|48\/100 tox|[from] item: Leftovers\n|-damage|p1a: Necrozma|18\/100 tox|[from] psn\n|upkeep\n|turn|11\n|c|\u2606Ginesect|Lol\n|c| Hussumon2|planned flinch\n|\n|t:|1700926227\n|switch|p2a: Flowey|Sunflora, M|100\/100\n|move|p1a: Necrozma|Morning Sun|p1a: Necrozma\n|-heal|p1a: Necrozma|68\/100 tox\n|\n|-heal|p1a: Necrozma|74\/100 tox|[from] item: Leftovers\n|-damage|p1a: Necrozma|38\/100 tox|[from] psn\n|upkeep\n|turn|12\n|\n|t:|1700926234\n|move|p1a: Necrozma|Stored Power|p2a: Flowey\n|-damage|p2a: Flowey|0 fnt\n|faint|p2a: Flowey\n|\n|-heal|p1a: Necrozma|44\/100 tox|[from] item: Leftovers\n|-damage|p1a: Necrozma|2\/100 tox|[from] psn\n|upkeep\n|\n|t:|1700926241\n|switch|p2a: Phazar|Necrozma|100\/100\n|turn|13\n|\n|t:|1700926249\n|switch|p1a: Florges|Florges-Blue, F|100\/100\n|move|p2a: Phazar|Photon Geyser|p1a: Florges\n|-damage|p1a: Florges|59\/100\n|\n|-heal|p1a: Florges|65\/100|[from] item: Leftovers\n|-fieldend|move: Psychic Terrain\n|upkeep\n|turn|14\n|\n|t:|1700926257\n|move|p2a: Phazar|Photon Geyser|p1a: Florges\n|-damage|p1a: Florges|35\/100\n|move|p1a: Florges|Calm Mind|p1a: Florges\n|-boost|p1a: Florges|spa|1\n|-boost|p1a: Florges|spd|1\n|\n|-heal|p1a: Florges|41\/100|[from] item: Leftovers\n|upkeep\n|turn|15\n|\n|t:|1700926266\n|switch|p2a: MONKE|Oranguru, M|13\/100\n|move|p1a: Florges|Synthesis|p1a: Florges\n|-heal|p1a: Florges|91\/100\n|\n|-heal|p1a: Florges|97\/100|[from] item: Leftovers\n|upkeep\n|turn|16\n|\n|t:|1700926289\n|switch|p1a: Necrozma|Necrozma|2\/100 tox\n|move|p2a: MONKE|Toxic|p1a: Necrozma\n|-fail|p1a: Necrozma|tox\n|\n|-heal|p1a: Necrozma|8\/100 tox|[from] item: Leftovers\n|-damage|p1a: Necrozma|2\/100 tox|[from] psn\n|upkeep\n|turn|17\n|\n|t:|1700926301\n|switch|p2a: Phazar|Necrozma|100\/100\n|move|p1a: Necrozma|Morning Sun|p1a: Necrozma\n|-heal|p1a: Necrozma|52\/100 tox\n|\n|-heal|p1a: Necrozma|58\/100 tox|[from] item: Leftovers\n|-damage|p1a: Necrozma|46\/100 tox|[from] psn\n|upkeep\n|turn|18\n|c| AlolanSandslashOU|Toxic resets when you switch out??\n|inactive|Ginesect has 270 seconds left.\n|c|\u2606Ginesect|Ye\n|\n|t:|1700926328\n|move|p2a: Phazar|Psyshock|p1a: Necrozma\n|-resisted|p1a: Necrozma\n|-damage|p1a: Necrozma|28\/100 tox\n|move|p1a: Necrozma|Calm Mind|p1a: Necrozma\n|-boost|p1a: Necrozma|spa|1\n|-boost|p1a: Necrozma|spd|1\n|\n|-heal|p1a: Necrozma|34\/100 tox|[from] item: Leftovers\n|-damage|p1a: Necrozma|16\/100 tox|[from] psn\n|upkeep\n|turn|19\n|c| AlolanSandslashOU|That's cool\n|\n|t:|1700926331\n|move|p2a: Phazar|Psyshock|p1a: Necrozma\n|-resisted|p1a: Necrozma\n|-damage|p1a: Necrozma|0 fnt\n|faint|p1a: Necrozma\n|\n|upkeep\n|\n|t:|1700926335\n|switch|p1a: Florges|Florges-Blue, F|97\/100\n|turn|20\n|\n|t:|1700926339\n|move|p2a: Phazar|Psyshock|p1a: Florges\n|-damage|p1a: Florges|59\/100\n|move|p1a: Florges|Draining Kiss|p2a: Phazar\n|-damage|p2a: Phazar|80\/100\n|-heal|p1a: Florges|72\/100|[from] drain|[of] p2a: Phazar\n|\n|-heal|p1a: Florges|79\/100|[from] item: Leftovers\n|upkeep\n|turn|21\n|\n|t:|1700926354\n|switch|p2a: MONKE|Oranguru, M|13\/100\n|switch|p1a: Oranguru|Oranguru, M|100\/100\n|\n|upkeep\n|turn|22\n|c|\u2606Just B3A$T|whoa\n|\n|t:|1700926368\n|move|p2a: MONKE|Foul Play|p1a: Oranguru\n|-supereffective|p1a: Oranguru\n|-damage|p1a: Oranguru|74\/100\n|move|p1a: Oranguru|Hyper Voice|p2a: MONKE\n|-damage|p2a: MONKE|0 fnt\n|faint|p2a: MONKE\n|\n|-heal|p1a: Oranguru|80\/100|[from] item: Leftovers\n|upkeep\n|\n|t:|1700926372\n|switch|p2a: woman|Florges, F, shiny|100\/100\n|turn|23\n|c| AlolanSandslashOU|Gin you could've went for the double 6-0\n|\n|t:|1700926392\n|move|p2a: woman|Calm Mind|p2a: woman\n|-boost|p2a: woman|spa|1\n|-boost|p2a: woman|spd|1\n|move|p1a: Oranguru|Yawn|p2a: woman\n|-start|p2a: woman|move: Yawn|[of] p1a: Oranguru\n|\n|-heal|p1a: Oranguru|87\/100|[from] item: Leftovers\n|upkeep\n|turn|24\n|\n|t:|1700926398\n|switch|p2a: Phazar|Necrozma|80\/100\n|move|p1a: Oranguru|Trick Room|p1a: Oranguru\n|-fieldstart|move: Trick Room|[of] p1a: Oranguru\n|\n|-heal|p1a: Oranguru|93\/100|[from] item: Leftovers\n|upkeep\n|turn|25\n|\n|t:|1700926408\n|switch|p1a: Sunflora|Sunflora, F|100\/100\n|move|p2a: Phazar|Psyshock|p1a: Sunflora\n|-damage|p1a: Sunflora|40\/100\n|\n|upkeep\n|turn|26\n|\n|t:|1700926414\n|move|p1a: Sunflora|Leaf Storm|p2a: Phazar\n|-damage|p2a: Phazar|0 fnt\n|-unboost|p1a: Sunflora|spa|2\n|faint|p2a: Phazar\n|\n|upkeep\n|c|\u2606Just B3A$T|yooo\n|\n|t:|1700926421\n|switch|p2a: woman|Florges, F, shiny|100\/100\n|turn|27\n|c| AlolanSandslashOU|LMAO\n|\n|t:|1700926431\n|switch|p1a: Drednaw|Drednaw, M|100\/100\n|move|p2a: woman|Calm Mind|p2a: woman\n|-boost|p2a: woman|spa|1\n|-boost|p2a: woman|spd|1\n|\n|upkeep\n|turn|28\n|\n|t:|1700926436\n|move|p1a: Drednaw|Swords Dance|p1a: Drednaw\n|-boost|p1a: Drednaw|atk|2\n|move|p2a: woman|Giga Drain|p1a: Drednaw\n|-supereffective|p1a: Drednaw\n|-damage|p1a: Drednaw|0 fnt\n|faint|p1a: Drednaw\n|\n|-fieldend|move: Trick Room\n|upkeep\n|c|\u2606Ginesect|Damn\n|c|\u2606Just B3A$T|brazy\n|\n|t:|1700926445\n|switch|p1a: Indeedee|Indeedee, M|84\/100\n|-fieldstart|move: Psychic Terrain|[from] ability: Psychic Surge|[of] p1a: Indeedee\n|turn|29\n|c| AlolanSandslashOU|That is 100% specs modest sunflora\n|c|\u2606Ginesect|Wrong switch\n|\n|t:|1700926469\n|switch|p1a: Oranguru|Oranguru, M|93\/100\n|move|p2a: woman|Wish|p2a: woman\n|\n|-heal|p1a: Oranguru|99\/100|[from] item: Leftovers\n|upkeep\n|turn|30\n|c| AlolanSandslashOU|Trick room\n|\n|t:|1700926480\n|move|p2a: woman|Draining Kiss|p1a: Oranguru\n|-damage|p1a: Oranguru|75\/100\n|move|p1a: Oranguru|Psyshock|p2a: woman\n|-damage|p2a: woman|38\/100\n|\n|-heal|p2a: woman|88\/100|[from] move: Wish|[wisher] woman\n|-heal|p2a: woman|94\/100|[from] item: Leftovers\n|-heal|p1a: Oranguru|82\/100|[from] item: Leftovers\n|upkeep\n|turn|31\n|\n|t:|1700926486\n|move|p2a: woman|Draining Kiss|p1a: Oranguru\n|-damage|p1a: Oranguru|60\/100\n|-heal|p2a: woman|100\/100|[from] drain|[of] p1a: Oranguru\n|move|p1a: Oranguru|Psyshock|p2a: woman\n|-damage|p2a: woman|43\/100\n|\n|-heal|p2a: woman|49\/100|[from] item: Leftovers\n|-heal|p1a: Oranguru|66\/100|[from] item: Leftovers\n|upkeep\n|turn|32\n|c|\u2606Just B3A$T|Psy Terrain\n|c| AlolanSandslashOU|we wanna see sunflora take the W\n|c|\u2606Just B3A$T|making it blow up\n|\n|t:|1700926509\n|move|p2a: woman|Draining Kiss|p1a: Oranguru\n|-damage|p1a: Oranguru|45\/100\n|-heal|p2a: woman|65\/100|[from] drain|[of] p1a: Oranguru\n|move|p1a: Oranguru|Psyshock|p2a: woman\n|-damage|p2a: woman|7\/100\n|\n|-heal|p2a: woman|13\/100|[from] item: Leftovers\n|-heal|p1a: Oranguru|51\/100|[from] item: Leftovers\n|upkeep\n|turn|33\n|\n|t:|1700926514\n|move|p2a: woman|Draining Kiss|p1a: Oranguru\n|-damage|p1a: Oranguru|29\/100\n|-heal|p2a: woman|29\/100|[from] drain|[of] p1a: Oranguru\n|move|p1a: Oranguru|Psyshock|p2a: woman\n|-damage|p2a: woman|0 fnt\n|faint|p2a: woman\n|\n|-heal|p1a: Oranguru|35\/100|[from] item: Leftovers\n|-fieldend|move: Psychic Terrain\n|upkeep\n|\n|t:|1700926517\n|switch|p2a: Isobu|Drednaw, M|100\/100\n|turn|34\n|c|\u2606Ginesect|gg 3-0\n|\n|t:|1700926524\n|move|p2a: Isobu|Liquidation|p1a: Oranguru\n|-damage|p1a: Oranguru|0 fnt\n|faint|p1a: Oranguru\n|\n|upkeep\n|\n|t:|1700926529\n|switch|p1a: Indeedee|Indeedee, M|84\/100\n|-fieldstart|move: Psychic Terrain|[from] ability: Psychic Surge|[of] p1a: Indeedee\n|turn|35\n|\n|t:|1700926533\n|-terastallize|p2a: Isobu|Grass\n|move|p2a: Isobu|Shell Smash|p2a: Isobu\n|-unboost|p2a: Isobu|def|1\n|-unboost|p2a: Isobu|spd|1\n|-boost|p2a: Isobu|atk|2\n|-boost|p2a: Isobu|spa|2\n|-boost|p2a: Isobu|spe|2\n|-enditem|p2a: Isobu|White Herb\n|-clearnegativeboost|p2a: Isobu|[silent]\n|move|p1a: Indeedee|Trick Room|p1a: Indeedee\n|-fieldstart|move: Trick Room|[of] p1a: Indeedee\n|\n|-heal|p1a: Indeedee|90\/100|[from] item: Leftovers\n|upkeep\n|turn|36\n|c|\u2606Just B3A$T|I'm fucked\n|\n|t:|1700926543\n|move|p1a: Indeedee|Healing Wish|p1a: Indeedee\n|faint|p1a: Indeedee\n|move|p2a: Isobu|Liquidation|p1: Indeedee|[notarget]\n|-fail|p2a: Isobu\n|\n|upkeep\n|c|\u2606Ginesect|gg\n|\n|t:|1700926549\n|switch|p1a: Sunflora|Sunflora, F|40\/100\n|-heal|p1a: Sunflora|100\/100|[from] move: Healing Wish\n|turn|37\n|\n|t:|1700926553\n|move|p1a: Sunflora|Energy Ball|p2a: Isobu\n|-resisted|p2a: Isobu\n|-damage|p2a: Isobu|54\/100\n|move|p2a: Isobu|Stone Edge|p1a: Sunflora\n|-damage|p1a: Sunflora|0 fnt\n|faint|p1a: Sunflora\n|\n|upkeep\n|c|\u2606Ginesect|Oh wait\n|c|\u2606Just B3A$T|unless\n|c|\u2606Ginesect|Whattt\n|c|\u2606Ginesect|Bruhhh\n|c|\u2606Ginesect|I had sludge bomb\n|c|\u2606Ginesect|Brooo\n|c|\u2606Ginesect|Wrong fucking move\n|c| AlolanSandslashOU|lmao\n|c|\u2606Ginesect|Bruhhh\n|\n|t:|1700926571\n|switch|p1a: Florges|Florges-Blue, F|79\/100\n|turn|38\n|\n|t:|1700926574\n|move|p1a: Florges|Draining Kiss|p2a: Isobu\n|-damage|p2a: Isobu|24\/100\n|-heal|p1a: Florges|99\/100|[from] drain|[of] p2a: Isobu\n|move|p2a: Isobu|Liquidation|p1a: Florges\n|-damage|p1a: Florges|24\/100\n|\n|-heal|p1a: Florges|30\/100|[from] item: Leftovers\n|upkeep\n|turn|39\n|c|\u2606Just B3A$T|pain\n|c|\u2606Ginesect|It's okay gg\n|\n|t:|1700926582\n|move|p1a: Florges|Draining Kiss|p2a: Isobu\n|-damage|p2a: Isobu|0 fnt\n|-heal|p1a: Florges|46\/100|[from] drain|[of] p2a: Isobu\n|faint|p2a: Isobu\n|\n|win|Ginesect\n|c|\u2606Ginesect|I almost lost that\n|c|\u2606Ginesect|Holy shit\n|c| AlolanSandslashOU|Gin almost threw\n|c|\u2606Ginesect|I literally had\n|c|\u2606Ginesect|Sludge bomb\n|c| AlolanSandslashOU|Lmfao\n|c|\u2606Ginesect|Why\n|l| SCARCITY25\n|c|\u2606Ginesect|Misclick\n|c|\u2606Ginesect|lol\n|l|\u2606Ginesect\n|j|\u2606Ginesect\n|player|p1|Ginesect|cynthia\n","uploadtime":1700926661,"views":1,"p1id":"ginesect","p2id":"justb3at","formatid":"gen9nationaldex","rating":0,"private":0,"password":""}