{"id":"gen9nationaldex-1996044101","p1":"AwesomeDabmaste","p2":"JayHaro","format":"[Gen 9] National Dex","log":"|html|<div class=\"broadcast-blue\"><strong>[Gen 9] National Dex is currently suspecting Sneasler! For information on how to participate check out the <a href=\"https:\/\/www.smogon.com\/forums\/threads\/sv-national-dex-suspect-8-just-dance.3731534\/\">suspect thread<\/a>.<\/strong><\/div>\n|j|\u2606AwesomeDabmaste\n|j|\u2606JayHaro\n|t:|1700634436\n|gametype|singles\n|player|p1|AwesomeDabmaste|steven|1335\n|player|p2|JayHaro|red|1384\n|teamsize|p1|6\n|teamsize|p2|6\n|gen|9\n|tier|[Gen 9] National Dex\n|rated|\n|rule|HP Percentage Mod: HP is shown in percentages\n|rule|Endless Battle Clause: Forcing endless battles is banned\n|rule|OHKO Clause: OHKO moves are banned\n|rule|Evasion Clause: Evasion abilities, items, and moves are banned\n|rule|Evasion Abilities Clause: Evasion abilities are banned\n|rule|Evasion Items Clause: Evasion items are banned\n|rule|Evasion Moves Clause: Evasion moves are banned\n|rule|Species Clause: Limit one of each Pok\u00e9mon\n|rule|Sleep Clause Mod: Limit one foe put to sleep\n|clearpoke\n|poke|p1|Charizard, M|\n|poke|p1|Great Tusk|\n|poke|p1|Rotom-Wash|\n|poke|p1|Kartana|\n|poke|p1|Garganacl, M|\n|poke|p1|Dondozo, M|\n|poke|p2|Victini|\n|poke|p2|Tyranitar, M|\n|poke|p2|Skarmory, F|\n|poke|p2|Garchomp, M|\n|poke|p2|Iron Valiant|\n|poke|p2|Toxapex, M|\n|teampreview\n|inactive|Battle timer is ON: inactive players will automatically lose when time's up. (requested by JayHaro)\n|\n|t:|1700634456\n|start\n|switch|p1a: Grass cutter|Kartana, shiny|100\/100\n|switch|p2a: Victini|Victini|100\/100\n|turn|1\n|\n|t:|1700634470\n|switch|p1a: Vending|Rotom-Wash|100\/100\n|move|p2a: Victini|U-turn|p1a: Vending\n|-damage|p1a: Vending|76\/100\n|\n|t:|1700634478\n|switch|p2a: Iron Valiant|Iron Valiant|100\/100|[from] U-turn\n|\n|-heal|p1a: Vending|82\/100|[from] item: Leftovers\n|upkeep\n|turn|2\n|\n|t:|1700634486\n|move|p2a: Iron Valiant|Calm Mind|p2a: Iron Valiant\n|-boost|p2a: Iron Valiant|spa|1\n|-boost|p2a: Iron Valiant|spd|1\n|move|p1a: Vending|Thunder Wave|p2a: Iron Valiant\n|-status|p2a: Iron Valiant|par\n|\n|-heal|p1a: Vending|88\/100|[from] item: Leftovers\n|upkeep\n|turn|3\n|\n|t:|1700634497\n|move|p1a: Vending|Volt Switch|p2a: Iron Valiant\n|-damage|p2a: Iron Valiant|71\/100 par\n|\n|t:|1700634505\n|switch|p1a: Shark|Dondozo, M, shiny|100\/100|[from] Volt Switch\n|-zpower|p2a: Iron Valiant\n|move|p2a: Iron Valiant|Twinkle Tackle|p1a: Shark|[zeffect]\n|-damage|p1a: Shark|18\/100\n|\n|-heal|p1a: Shark|24\/100|[from] item: Leftovers\n|upkeep\n|turn|4\n|\n|t:|1700634517\n|move|p2a: Iron Valiant|Thunderbolt|p1a: Shark\n|-supereffective|p1a: Shark\n|-damage|p1a: Shark|0 fnt\n|faint|p1a: Shark\n|\n|upkeep\n|\n|t:|1700634523\n|switch|p1a: Kars|Garganacl, M|100\/100\n|turn|5\n|\n|t:|1700634529\n|move|p2a: Iron Valiant|Vacuum Wave|p1a: Kars\n|-supereffective|p1a: Kars\n|-damage|p1a: Kars|58\/100\n|move|p1a: Kars|Iron Defense|p1a: Kars\n|-boost|p1a: Kars|def|2\n|\n|-heal|p1a: Kars|65\/100|[from] item: Leftovers\n|upkeep\n|turn|6\n|\n|t:|1700634538\n|move|p2a: Iron Valiant|Calm Mind|p2a: Iron Valiant\n|-boost|p2a: Iron Valiant|spa|1\n|-boost|p2a: Iron Valiant|spd|1\n|move|p1a: Kars|Recover|p1a: Kars\n|-heal|p1a: Kars|100\/100\n|\n|upkeep\n|turn|7\n|\n|t:|1700634546\n|move|p2a: Iron Valiant|Vacuum Wave|p1a: Kars\n|-supereffective|p1a: Kars\n|-damage|p1a: Kars|50\/100\n|move|p1a: Kars|Salt Cure|p2a: Iron Valiant\n|-resisted|p2a: Iron Valiant\n|-damage|p2a: Iron Valiant|63\/100 par\n|-start|p2a: Iron Valiant|Salt Cure\n|\n|-heal|p1a: Kars|56\/100|[from] item: Leftovers\n|-damage|p2a: Iron Valiant|50\/100 par|[from] Salt Cure\n|upkeep\n|turn|8\n|\n|t:|1700634557\n|move|p2a: Iron Valiant|Vacuum Wave|p1a: Kars\n|-supereffective|p1a: Kars\n|-damage|p1a: Kars|0 fnt\n|faint|p1a: Kars\n|\n|-damage|p2a: Iron Valiant|38\/100 par|[from] Salt Cure\n|upkeep\n|\n|t:|1700634564\n|switch|p1a: Burnt|Charizard, M, shiny|100\/100\n|turn|9\n|\n|t:|1700634580\n|switch|p1a: Tusk act 4|Great Tusk|100\/100\n|-end|p2a: Iron Valiant|Quark Drive|[silent]\n|switch|p2a: Skarmory|Skarmory, F|100\/100\n|\n|upkeep\n|turn|10\n|\n|t:|1700634588\n|move|p1a: Tusk act 4|Ice Spinner|p2a: Skarmory\n|-damage|p2a: Skarmory|83\/100\n|-damage|p1a: Tusk act 4|84\/100|[from] item: Rocky Helmet|[of] p2a: Skarmory\n|move|p2a: Skarmory|Brave Bird|p1a: Tusk act 4\n|-supereffective|p1a: Tusk act 4\n|-damage|p1a: Tusk act 4|32\/100\n|-damage|p2a: Skarmory|64\/100|[from] Recoil\n|\n|upkeep\n|turn|11\n|-message|AwesomeDabmaste forfeited.\n|\n|win|JayHaro\n|raw|AwesomeDabmaste's rating: 1335 &rarr; <strong>1318<\/strong><br \/>(-17 for losing)\n|raw|JayHaro's rating: 1384 &rarr; <strong>1401<\/strong><br \/>(+17 for winning)\n|l|\u2606AwesomeDabmaste\n|j|\u2606AwesomeDabmaste\n|player|p1|AwesomeDabmaste|steven\n","uploadtime":1700634601,"views":3,"p1id":"awesomedabmaste","p2id":"jayharo","formatid":"gen9nationaldex","rating":1318,"private":0,"password":""}