{"id":"gen9nationaldex-1993681469","p1":"srgbladeofthunder","p2":"wolfgang Ni","format":"[Gen 9] National Dex","log":"|j|\u2606srgbladeofthunder\n|j|\u2606wolfgang Ni\n|t:|1700344964\n|gametype|singles\n|player|p1|srgbladeofthunder|2|1055\n|player|p2|wolfgang Ni|biker-gen4|1000\n|teamsize|p1|6\n|teamsize|p2|6\n|gen|9\n|tier|[Gen 9] National Dex\n|rated|\n|rule|HP Percentage Mod: HP is shown in percentages\n|rule|Endless Battle Clause: Forcing endless battles is banned\n|rule|OHKO Clause: OHKO moves are banned\n|rule|Evasion Clause: Evasion abilities, items, and moves are banned\n|rule|Evasion Abilities Clause: Evasion abilities are banned\n|rule|Evasion Items Clause: Evasion items are banned\n|rule|Evasion Moves Clause: Evasion moves are banned\n|rule|Species Clause: Limit one of each Pok\u00e9mon\n|rule|Sleep Clause Mod: Limit one foe put to sleep\n|clearpoke\n|poke|p1|Bisharp, M|\n|poke|p1|Ceruledge, M|\n|poke|p1|Garchomp, F|\n|poke|p1|Gallade, M|\n|poke|p1|Clodsire, F|\n|poke|p1|Beedrill, M|\n|poke|p2|Kingdra, F|\n|poke|p2|Cradily, F|\n|poke|p2|Aegislash, M|\n|poke|p2|Talonflame, F|\n|poke|p2|Gallade, M|\n|poke|p2|Kleavor, M|\n|teampreview\n|\n|t:|1700344971\n|start\n|switch|p1a: Clodsire|Clodsire, F|100\/100\n|switch|p2a: Kleavor|Kleavor, M|100\/100\n|-item|p1a: Clodsire|Air Balloon\n|turn|1\n|\n|t:|1700344989\n|-zpower|p2a: Kleavor\n|move|p2a: Kleavor|Continental Crush|p1a: Clodsire|[zeffect]\n|-resisted|p1a: Clodsire\n|-damage|p1a: Clodsire|70\/100\n|-enditem|p1a: Clodsire|Air Balloon\n|move|p1a: Clodsire|Toxic Spikes|p2a: Kleavor\n|-sidestart|p2: wolfgang Ni|move: Toxic Spikes\n|\n|upkeep\n|turn|2\n|\n|t:|1700345001\n|move|p2a: Kleavor|Stone Axe|p1a: Clodsire|[miss]\n|-miss|p2a: Kleavor|p1a: Clodsire\n|move|p1a: Clodsire|Toxic Spikes|p2a: Kleavor\n|-sidestart|p2: wolfgang Ni|move: Toxic Spikes\n|\n|upkeep\n|turn|3\n|\n|t:|1700345021\n|move|p2a: Kleavor|Stone Axe|p1a: Clodsire|[miss]\n|-miss|p2a: Kleavor|p1a: Clodsire\n|move|p1a: Clodsire|Earthquake|p2a: Kleavor\n|-damage|p2a: Kleavor|67\/100\n|\n|upkeep\n|turn|4\n|\n|t:|1700345030\n|move|p2a: Kleavor|X-Scissor|p1a: Clodsire\n|-resisted|p1a: Clodsire\n|-damage|p1a: Clodsire|40\/100\n|move|p1a: Clodsire|Toxic|p2a: Kleavor\n|-status|p2a: Kleavor|tox\n|\n|-damage|p2a: Kleavor|61\/100 tox|[from] psn\n|upkeep\n|turn|5\n|\n|t:|1700345039\n|move|p2a: Kleavor|Psycho Cut|p1a: Clodsire\n|-supereffective|p1a: Clodsire\n|-damage|p1a: Clodsire|0 fnt\n|faint|p1a: Clodsire\n|\n|-damage|p2a: Kleavor|49\/100 tox|[from] psn\n|upkeep\n|\n|t:|1700345051\n|switch|p1a: Garchomp|Garchomp, F|100\/100\n|turn|6\n|\n|t:|1700345055\n|move|p1a: Garchomp|Iron Head|p2a: Kleavor\n|-supereffective|p2a: Kleavor\n|-damage|p2a: Kleavor|0 fnt\n|faint|p2a: Kleavor\n|\n|upkeep\n|\n|t:|1700345065\n|switch|p2a: Talonflame|Talonflame, F|100\/100\n|turn|7\n|\n|t:|1700345075\n|move|p2a: Talonflame|U-turn|p1a: Garchomp\n|-damage|p1a: Garchomp|83\/100\n|-damage|p2a: Talonflame|88\/100|[from] ability: Rough Skin|[of] p1a: Garchomp\n|\n|t:|1700345086\n|switch|p2a: Cradily|Cradily, F|100\/100|[from] U-turn\n|-status|p2a: Cradily|tox\n|move|p1a: Garchomp|Iron Head|p2a: Cradily\n|-supereffective|p2a: Cradily\n|-crit|p2a: Cradily\n|-damage|p2a: Cradily|5\/100 tox\n|\n|-damage|p2a: Cradily|0 fnt|[from] psn\n|faint|p2a: Cradily\n|upkeep\n|\n|t:|1700345101\n|switch|p2a: Aegislash|Aegislash, M|100\/100\n|turn|8\n|\n|t:|1700345106\n|switch|p1a: Ceruledge|Ceruledge, M|100\/100\n|move|p2a: Aegislash|King's Shield||[still]\n|-fail|p2a: Aegislash\n|\n|upkeep\n|turn|9\n|\n|t:|1700345131\n|move|p1a: Ceruledge|Poltergeist|p2a: Aegislash\n|-activate|p2a: Aegislash|move: Poltergeist|Leftovers\n|-supereffective|p2a: Aegislash\n|-damage|p2a: Aegislash|26\/100\n|-formechange|p2a: Aegislash|Aegislash-Blade||[from] ability: Stance Change\n|move|p2a: Aegislash|Shadow Ball|p1a: Ceruledge\n|-supereffective|p1a: Ceruledge\n|-damage|p1a: Ceruledge|16\/100\n|-unboost|p1a: Ceruledge|spd|1\n|\n|-heal|p2a: Aegislash|32\/100|[from] item: Leftovers\n|upkeep\n|turn|10\n|\n|t:|1700345146\n|-formechange|p2a: Aegislash|Aegislash||[from] ability: Stance Change\n|move|p2a: Aegislash|King's Shield|p2a: Aegislash\n|-singleturn|p2a: Aegislash|Protect\n|move|p1a: Ceruledge|Bitter Blade|p2a: Aegislash\n|-activate|p2a: Aegislash|move: Protect\n|-unboost|p1a: Ceruledge|atk|1\n|\n|-heal|p2a: Aegislash|38\/100|[from] item: Leftovers\n|upkeep\n|turn|11\n|\n|t:|1700345157\n|move|p1a: Ceruledge|Bitter Blade|p2a: Aegislash\n|-supereffective|p2a: Aegislash\n|-damage|p2a: Aegislash|0 fnt\n|-heal|p1a: Ceruledge|37\/100|[from] drain|[of] p2a: Aegislash\n|faint|p2a: Aegislash\n|-heal|p1a: Ceruledge|42\/100|[from] item: Shell Bell|[of] p2: Aegislash\n|\n|upkeep\n|\n|t:|1700345179\n|switch|p2a: Talonflame|Talonflame, F|88\/100\n|turn|12\n|\n|t:|1700345191\n|move|p2a: Talonflame|Acrobatics|p1a: Ceruledge\n|-damage|p1a: Ceruledge|0 fnt\n|faint|p1a: Ceruledge\n|\n|upkeep\n|\n|t:|1700345199\n|switch|p1a: Gallade|Gallade, M|100\/100\n|turn|13\n|\n|t:|1700345207\n|move|p2a: Talonflame|Acrobatics|p1a: Gallade\n|-supereffective|p1a: Gallade\n|-enditem|p1a: Gallade|Focus Sash\n|-damage|p1a: Gallade|1\/100\n|move|p1a: Gallade|Aqua Cutter|p2a: Talonflame\n|-supereffective|p2a: Talonflame\n|-damage|p2a: Talonflame|0 fnt\n|faint|p2a: Talonflame\n|\n|upkeep\n|\n|t:|1700345217\n|switch|p2a: Gallade|Gallade, M|100\/100\n|-status|p2a: Gallade|tox\n|turn|14\n|\n|t:|1700345237\n|detailschange|p2a: Gallade|Gallade-Mega, M\n|-mega|p2a: Gallade|Gallade|Galladite\n|move|p2a: Gallade|Psycho Cut|p1a: Gallade\n|-damage|p1a: Gallade|0 fnt\n|faint|p1a: Gallade\n|\n|-damage|p2a: Gallade|94\/100 tox|[from] psn\n|upkeep\n|\n|t:|1700345246\n|switch|p1a: Beedrill|Beedrill, M|100\/100\n|turn|15\n|\n|t:|1700345253\n|detailschange|p1a: Beedrill|Beedrill-Mega, M\n|-mega|p1a: Beedrill|Beedrill|Beedrillite\n|move|p1a: Beedrill|X-Scissor|p2a: Gallade\n|-damage|p2a: Gallade|30\/100 tox\n|move|p2a: Gallade|Psycho Cut|p1a: Beedrill\n|-supereffective|p1a: Beedrill\n|-damage|p1a: Beedrill|0 fnt\n|faint|p1a: Beedrill\n|\n|-damage|p2a: Gallade|18\/100 tox|[from] psn\n|upkeep\n|\n|t:|1700345265\n|switch|p1a: Bisharp|Bisharp, M|100\/100\n|turn|16\n|\n|t:|1700345273\n|move|p1a: Bisharp|Sucker Punch|p2a: Gallade\n|-damage|p2a: Gallade|0 fnt\n|faint|p2a: Gallade\n|\n|upkeep\n|\n|t:|1700345277\n|switch|p2a: Kingdra|Kingdra, F|100\/100\n|-status|p2a: Kingdra|tox\n|turn|17\n|\n|t:|1700345286\n|move|p2a: Kingdra|Dragon Dance|p2a: Kingdra\n|-boost|p2a: Kingdra|atk|1\n|-boost|p2a: Kingdra|spe|1\n|move|p1a: Bisharp|Night Slash|p2a: Kingdra\n|-damage|p2a: Kingdra|52\/100 tox\n|\n|-damage|p2a: Kingdra|46\/100 tox|[from] psn\n|upkeep\n|turn|18\n|\n|t:|1700345304\n|-terastallize|p2a: Kingdra|Water\n|move|p2a: Kingdra|Liquidation|p1a: Bisharp\n|-damage|p1a: Bisharp|33\/100\n|move|p1a: Bisharp|Night Slash|p2a: Kingdra\n|-damage|p2a: Kingdra|0 fnt\n|faint|p2a: Kingdra\n|\n|win|srgbladeofthunder\n|raw|srgbladeofthunder's rating: 1055 &rarr; <strong>1082<\/strong><br \/>(+27 for winning)\n|raw|wolfgang Ni's rating: 1000 &rarr; <strong>1000<\/strong><br \/>(+0 for losing)\n|c|\u2606srgbladeofthunder|Gg\n","uploadtime":1700345331,"views":27,"p1id":"srgbladeofthunder","p2id":"wolfgangni","formatid":"gen9nationaldex","rating":1000,"private":0,"password":""}