{"id":"gen9nationaldex-1992240723","p1":"CL15Asum","p2":"diverse team","format":"[Gen 9] National Dex","log":"|j|\u203dCL15Asum\n|j|\u2606diverse team\n|t:|1700166832\n|gametype|singles\n|player|p1|CL15Asum|1|1283\n|player|p2|diverse team|unknown|1191\n|teamsize|p1|6\n|teamsize|p2|6\n|gen|9\n|tier|[Gen 9] National Dex\n|rated|\n|rule|HP Percentage Mod: HP is shown in percentages\n|rule|Endless Battle Clause: Forcing endless battles is banned\n|rule|OHKO Clause: OHKO moves are banned\n|rule|Evasion Clause: Evasion abilities, items, and moves are banned\n|rule|Evasion Abilities Clause: Evasion abilities are banned\n|rule|Evasion Items Clause: Evasion items are banned\n|rule|Evasion Moves Clause: Evasion moves are banned\n|rule|Species Clause: Limit one of each Pok\u00e9mon\n|rule|Sleep Clause Mod: Limit one foe put to sleep\n|clearpoke\n|poke|p1|Glimmora, F|\n|poke|p1|Greninja-*, M|\n|poke|p1|Scizor, M|\n|poke|p1|Polteageist-Antique|\n|poke|p1|Stakataka|\n|poke|p1|Grimmsnarl, M|\n|poke|p2|Gliscor, M|\n|poke|p2|Mamoswine, F|\n|poke|p2|Garchomp, F|\n|poke|p2|Ursaluna, M|\n|poke|p2|Excadrill, F|\n|poke|p2|Hippowdon, M|\n|teampreview\n|\n|t:|1700166865\n|start\n|switch|p1a: Grimmsnarl|Grimmsnarl, M|100\/100\n|switch|p2a: Hunkerdoze|Hippowdon, M|100\/100\n|-weather|Sandstorm|[from] ability: Sand Stream|[of] p2a: Hunkerdoze\n|turn|1\n|\n|t:|1700166878\n|switch|p2a: Hammersmash|Garchomp, F|100\/100\n|move|p1a: Grimmsnarl|Reflect|p1a: Grimmsnarl\n|-sidestart|p1: CL15Asum|Reflect\n|\n|-weather|Sandstorm|[upkeep]\n|-damage|p1a: Grimmsnarl|94\/100|[from] Sandstorm\n|-heal|p1a: Grimmsnarl|100\/100|[from] item: Leftovers\n|upkeep\n|turn|2\n|\n|t:|1700166889\n|-terastallize|p2a: Hammersmash|Steel\n|move|p1a: Grimmsnarl|Taunt|p2a: Hammersmash\n|-start|p2a: Hammersmash|move: Taunt\n|move|p2a: Hammersmash|Iron Head|p1a: Grimmsnarl\n|-supereffective|p1a: Grimmsnarl\n|-damage|p1a: Grimmsnarl|34\/100\n|\n|-weather|Sandstorm|[upkeep]\n|-damage|p1a: Grimmsnarl|28\/100|[from] Sandstorm\n|-heal|p1a: Grimmsnarl|34\/100|[from] item: Leftovers\n|upkeep\n|turn|3\n|\n|t:|1700166911\n|move|p1a: Grimmsnarl|Sucker Punch|p2a: Hammersmash\n|-damage|p2a: Hammersmash|73\/100\n|-damage|p1a: Grimmsnarl|22\/100|[from] ability: Rough Skin|[of] p2a: Hammersmash\n|move|p2a: Hammersmash|Iron Head|p1a: Grimmsnarl\n|-supereffective|p1a: Grimmsnarl\n|-damage|p1a: Grimmsnarl|0 fnt\n|faint|p1a: Grimmsnarl\n|\n|-weather|Sandstorm|[upkeep]\n|upkeep\n|\n|t:|1700166921\n|switch|p1a: Polteageist|Polteageist-Antique|100\/100\n|turn|4\n|\n|t:|1700166933\n|move|p2a: Hammersmash|Iron Head|p1a: Polteageist\n|-damage|p1a: Polteageist|38\/100\n|-ability|p1a: Polteageist|Weak Armor|boost\n|-unboost|p1a: Polteageist|def|1\n|-boost|p1a: Polteageist|spe|2\n|move|p1a: Polteageist|Shell Smash|p1a: Polteageist\n|-unboost|p1a: Polteageist|def|1\n|-unboost|p1a: Polteageist|spd|1\n|-boost|p1a: Polteageist|atk|2\n|-boost|p1a: Polteageist|spa|2\n|-boost|p1a: Polteageist|spe|2\n|\n|-weather|Sandstorm|[upkeep]\n|-damage|p1a: Polteageist|32\/100|[from] Sandstorm\n|-end|p2a: Hammersmash|move: Taunt\n|upkeep\n|turn|5\n|\n|t:|1700166953\n|switch|p2a: Elephyno|Mamoswine, F|100\/100\n|move|p1a: Polteageist|Shadow Ball|p2a: Elephyno\n|-damage|p2a: Elephyno|0 fnt\n|faint|p2a: Elephyno\n|\n|-weather|none\n|-sideend|p1: CL15Asum|Reflect\n|upkeep\n|\n|t:|1700166960\n|switch|p2a: Runnerdown|Excadrill, F|100\/100\n|turn|6\n|\n|t:|1700166967\n|move|p1a: Polteageist|Shadow Ball|p2a: Runnerdown\n|-enditem|p2a: Runnerdown|Focus Sash\n|-damage|p2a: Runnerdown|1\/100\n|move|p2a: Runnerdown|Drill Run|p1a: Polteageist\n|-damage|p1a: Polteageist|0 fnt\n|faint|p1a: Polteageist\n|\n|upkeep\n|\n|t:|1700166978\n|switch|p1a: Greninja|Greninja, M|100\/100\n|turn|7\n|\n|t:|1700166995\n|switch|p2a: Hunkerdoze|Hippowdon, M|100\/100\n|-weather|Sandstorm|[from] ability: Sand Stream|[of] p2a: Hunkerdoze\n|move|p1a: Greninja|Water Shuriken|p2a: Hunkerdoze\n|-supereffective|p2a: Hunkerdoze\n|-damage|p2a: Hunkerdoze|90\/100\n|-supereffective|p2a: Hunkerdoze\n|-damage|p2a: Hunkerdoze|80\/100\n|-supereffective|p2a: Hunkerdoze\n|-damage|p2a: Hunkerdoze|71\/100\n|-supereffective|p2a: Hunkerdoze\n|-damage|p2a: Hunkerdoze|62\/100\n|-supereffective|p2a: Hunkerdoze\n|-damage|p2a: Hunkerdoze|52\/100\n|-hitcount|p2a: Hunkerdoze|5\n|\n|-weather|Sandstorm|[upkeep]\n|-damage|p1a: Greninja|95\/100|[from] Sandstorm\n|-heal|p2a: Hunkerdoze|58\/100|[from] item: Leftovers\n|upkeep\n|turn|8\n|\n|t:|1700167026\n|move|p1a: Greninja|Hydro Pump|p2a: Hunkerdoze|[miss]\n|-miss|p1a: Greninja|p2a: Hunkerdoze\n|move|p2a: Hunkerdoze|Body Press|p1a: Greninja\n|-supereffective|p1a: Greninja\n|-crit|p1a: Greninja\n|-damage|p1a: Greninja|0 fnt\n|faint|p1a: Greninja\n|\n|-weather|Sandstorm|[upkeep]\n|-heal|p2a: Hunkerdoze|64\/100|[from] item: Leftovers\n|upkeep\n|\n|t:|1700167064\n|switch|p1a: Stakataka|Stakataka|100\/100\n|turn|9\n|\n|t:|1700167070\n|-terastallize|p1a: Stakataka|Flying\n|move|p2a: Hunkerdoze|Body Press|p1a: Stakataka\n|-resisted|p1a: Stakataka\n|-damage|p1a: Stakataka|95\/100\n|move|p1a: Stakataka|Trick Room|p1a: Stakataka\n|-fieldstart|move: Trick Room|[of] p1a: Stakataka\n|\n|-weather|Sandstorm|[upkeep]\n|-damage|p1a: Stakataka|89\/100|[from] Sandstorm\n|-heal|p1a: Stakataka|95\/100|[from] item: Leftovers\n|-heal|p2a: Hunkerdoze|70\/100|[from] item: Leftovers\n|upkeep\n|turn|10\n|\n|t:|1700167087\n|move|p1a: Stakataka|Iron Defense|p1a: Stakataka\n|-boost|p1a: Stakataka|def|2\n|move|p2a: Hunkerdoze|Curse|p2a: Hunkerdoze\n|-unboost|p2a: Hunkerdoze|spe|1\n|-boost|p2a: Hunkerdoze|atk|1\n|-boost|p2a: Hunkerdoze|def|1\n|\n|-weather|Sandstorm|[upkeep]\n|-damage|p1a: Stakataka|89\/100|[from] Sandstorm\n|-heal|p1a: Stakataka|95\/100|[from] item: Leftovers\n|-heal|p2a: Hunkerdoze|77\/100|[from] item: Leftovers\n|upkeep\n|turn|11\n|\n|t:|1700167097\n|move|p1a: Stakataka|Iron Defense|p1a: Stakataka\n|-boost|p1a: Stakataka|def|2\n|move|p2a: Hunkerdoze|Curse|p2a: Hunkerdoze\n|-unboost|p2a: Hunkerdoze|spe|1\n|-boost|p2a: Hunkerdoze|atk|1\n|-boost|p2a: Hunkerdoze|def|1\n|\n|-weather|none\n|-heal|p1a: Stakataka|100\/100|[from] item: Leftovers\n|-heal|p2a: Hunkerdoze|83\/100|[from] item: Leftovers\n|upkeep\n|turn|12\n|\n|t:|1700167108\n|move|p1a: Stakataka|Body Press|p2a: Hunkerdoze\n|-damage|p2a: Hunkerdoze|38\/100\n|move|p2a: Hunkerdoze|Curse|p2a: Hunkerdoze\n|-unboost|p2a: Hunkerdoze|spe|1\n|-boost|p2a: Hunkerdoze|atk|1\n|-boost|p2a: Hunkerdoze|def|1\n|\n|-heal|p2a: Hunkerdoze|44\/100|[from] item: Leftovers\n|upkeep\n|turn|13\n|\n|t:|1700167124\n|move|p1a: Stakataka|Body Press|p2a: Hunkerdoze\n|-damage|p2a: Hunkerdoze|4\/100\n|move|p2a: Hunkerdoze|Rest|p2a: Hunkerdoze\n|-status|p2a: Hunkerdoze|slp|[from] move: Rest\n|-heal|p2a: Hunkerdoze|100\/100 slp|[silent]\n|\n|-fieldend|move: Trick Room\n|upkeep\n|turn|14\n|\n|t:|1700167134\n|cant|p2a: Hunkerdoze|slp\n|move|p1a: Stakataka|Iron Defense|p1a: Stakataka\n|-boost|p1a: Stakataka|def|2\n|\n|upkeep\n|turn|15\n|\n|t:|1700167140\n|cant|p2a: Hunkerdoze|slp\n|move|p1a: Stakataka|Trick Room|p1a: Stakataka\n|-fieldstart|move: Trick Room|[of] p1a: Stakataka\n|\n|upkeep\n|turn|16\n|\n|t:|1700167150\n|move|p1a: Stakataka|Body Press|p2a: Hunkerdoze\n|-damage|p2a: Hunkerdoze|55\/100 slp\n|-curestatus|p2a: Hunkerdoze|slp|[msg]\n|move|p2a: Hunkerdoze|Curse|p2a: Hunkerdoze\n|-unboost|p2a: Hunkerdoze|spe|1\n|-boost|p2a: Hunkerdoze|atk|1\n|-boost|p2a: Hunkerdoze|def|1\n|\n|-heal|p2a: Hunkerdoze|61\/100|[from] item: Leftovers\n|upkeep\n|turn|17\n|\n|t:|1700167162\n|move|p1a: Stakataka|Body Press|p2a: Hunkerdoze\n|-damage|p2a: Hunkerdoze|17\/100\n|move|p2a: Hunkerdoze|Curse|p2a: Hunkerdoze\n|-unboost|p2a: Hunkerdoze|spe|1\n|-boost|p2a: Hunkerdoze|atk|1\n|-boost|p2a: Hunkerdoze|def|1\n|\n|-heal|p2a: Hunkerdoze|23\/100|[from] item: Leftovers\n|upkeep\n|turn|18\n|\n|t:|1700167174\n|move|p1a: Stakataka|Body Press|p2a: Hunkerdoze\n|-damage|p2a: Hunkerdoze|0 fnt\n|faint|p2a: Hunkerdoze\n|\n|upkeep\n|\n|t:|1700167180\n|switch|p2a: Asterbear|Ursaluna, M, shiny|100\/100\n|turn|19\n|\n|t:|1700167185\n|move|p2a: Asterbear|Protect|p2a: Asterbear\n|-singleturn|p2a: Asterbear|Protect\n|move|p1a: Stakataka|Body Press|p2a: Asterbear\n|-activate|p2a: Asterbear|move: Protect\n|\n|-fieldend|move: Trick Room\n|-status|p2a: Asterbear|brn|[from] item: Flame Orb\n|upkeep\n|turn|20\n|\n|t:|1700167193\n|move|p2a: Asterbear|Gunk Shot|p1a: Stakataka\n|-damage|p1a: Stakataka|91\/100\n|-status|p1a: Stakataka|psn\n|move|p1a: Stakataka|Trick Room|p1a: Stakataka\n|-fieldstart|move: Trick Room|[of] p1a: Stakataka\n|\n|-heal|p1a: Stakataka|97\/100 psn|[from] item: Leftovers\n|-damage|p1a: Stakataka|84\/100 psn|[from] psn\n|-damage|p2a: Asterbear|94\/100 brn|[from] brn\n|upkeep\n|turn|21\n|\n|t:|1700167203\n|move|p2a: Asterbear|Protect|p2a: Asterbear\n|-singleturn|p2a: Asterbear|Protect\n|move|p1a: Stakataka|Body Press|p2a: Asterbear\n|-activate|p2a: Asterbear|move: Protect\n|\n|-heal|p1a: Stakataka|90\/100 psn|[from] item: Leftovers\n|-damage|p1a: Stakataka|78\/100 psn|[from] psn\n|-damage|p2a: Asterbear|88\/100 brn|[from] brn\n|upkeep\n|turn|22\n|\n|t:|1700167214\n|move|p2a: Asterbear|Protect||[still]\n|-fail|p2a: Asterbear\n|move|p1a: Stakataka|Body Press|p2a: Asterbear\n|-supereffective|p2a: Asterbear\n|-damage|p2a: Asterbear|0 fnt\n|faint|p2a: Asterbear\n|\n|-heal|p1a: Stakataka|84\/100 psn|[from] item: Leftovers\n|-damage|p1a: Stakataka|71\/100 psn|[from] psn\n|upkeep\n|\n|t:|1700167222\n|switch|p2a: Mega-Lobster|Gliscor, M|100\/100\n|turn|23\n|\n|t:|1700167227\n|move|p2a: Mega-Lobster|Protect|p2a: Mega-Lobster\n|-singleturn|p2a: Mega-Lobster|Protect\n|move|p1a: Stakataka|Body Press|p2a: Mega-Lobster\n|-activate|p2a: Mega-Lobster|move: Protect\n|\n|-heal|p1a: Stakataka|77\/100 psn|[from] item: Leftovers\n|-damage|p1a: Stakataka|65\/100 psn|[from] psn\n|-status|p2a: Mega-Lobster|tox|[from] item: Toxic Orb\n|upkeep\n|turn|24\n|\n|t:|1700167236\n|switch|p2a: Runnerdown|Excadrill, F|1\/100\n|move|p1a: Stakataka|Body Press|p2a: Runnerdown\n|-supereffective|p2a: Runnerdown\n|-damage|p2a: Runnerdown|0 fnt\n|faint|p2a: Runnerdown\n|\n|-heal|p1a: Stakataka|71\/100 psn|[from] item: Leftovers\n|-damage|p1a: Stakataka|58\/100 psn|[from] psn\n|-fieldend|move: Trick Room\n|upkeep\n|\n|t:|1700167247\n|switch|p2a: Mega-Lobster|Gliscor, M|100\/100 tox\n|turn|25\n|\n|t:|1700167252\n|move|p2a: Mega-Lobster|Lunge|p1a: Stakataka\n|-resisted|p1a: Stakataka\n|-damage|p1a: Stakataka|57\/100 psn\n|-unboost|p1a: Stakataka|atk|1\n|move|p1a: Stakataka|Trick Room|p1a: Stakataka\n|-fieldstart|move: Trick Room|[of] p1a: Stakataka\n|\n|-heal|p1a: Stakataka|63\/100 psn|[from] item: Leftovers\n|-damage|p1a: Stakataka|50\/100 psn|[from] psn\n|upkeep\n|turn|26\n|\n|t:|1700167263\n|move|p2a: Mega-Lobster|Protect|p2a: Mega-Lobster\n|-singleturn|p2a: Mega-Lobster|Protect\n|move|p1a: Stakataka|Body Press|p2a: Mega-Lobster\n|-activate|p2a: Mega-Lobster|move: Protect\n|\n|-heal|p1a: Stakataka|56\/100 psn|[from] item: Leftovers\n|-damage|p1a: Stakataka|44\/100 psn|[from] psn\n|upkeep\n|turn|27\n|\n|t:|1700167281\n|move|p1a: Stakataka|Body Press|p2a: Mega-Lobster\n|-resisted|p2a: Mega-Lobster\n|-damage|p2a: Mega-Lobster|29\/100 tox\n|move|p2a: Mega-Lobster|Lunge|p1a: Stakataka\n|-resisted|p1a: Stakataka\n|-damage|p1a: Stakataka|42\/100 psn\n|-unboost|p1a: Stakataka|atk|1\n|\n|-heal|p1a: Stakataka|48\/100 psn|[from] item: Leftovers\n|-damage|p1a: Stakataka|35\/100 psn|[from] psn\n|-heal|p2a: Mega-Lobster|41\/100 tox|[from] ability: Poison Heal\n|upkeep\n|turn|28\n|\n|t:|1700167292\n|move|p2a: Mega-Lobster|Protect|p2a: Mega-Lobster\n|-singleturn|p2a: Mega-Lobster|Protect\n|move|p1a: Stakataka|Body Press|p2a: Mega-Lobster\n|-activate|p2a: Mega-Lobster|move: Protect\n|\n|-heal|p1a: Stakataka|41\/100 psn|[from] item: Leftovers\n|-damage|p1a: Stakataka|29\/100 psn|[from] psn\n|-heal|p2a: Mega-Lobster|54\/100 tox|[from] ability: Poison Heal\n|upkeep\n|turn|29\n|\n|t:|1700167301\n|move|p2a: Mega-Lobster|Protect||[still]\n|-fail|p2a: Mega-Lobster\n|move|p1a: Stakataka|Body Press|p2a: Mega-Lobster\n|-resisted|p2a: Mega-Lobster\n|-damage|p2a: Mega-Lobster|0 fnt\n|faint|p2a: Mega-Lobster\n|\n|-heal|p1a: Stakataka|35\/100 psn|[from] item: Leftovers\n|-damage|p1a: Stakataka|22\/100 psn|[from] psn\n|-fieldend|move: Trick Room\n|upkeep\n|\n|t:|1700167310\n|switch|p2a: Hammersmash|Garchomp, F, tera:Steel|73\/100\n|turn|30\n|\n|t:|1700167323\n|move|p2a: Hammersmash|Iron Head|p1a: Stakataka\n|-damage|p1a: Stakataka|13\/100 psn\n|move|p1a: Stakataka|Trick Room|p1a: Stakataka\n|-fieldstart|move: Trick Room|[of] p1a: Stakataka\n|\n|-heal|p1a: Stakataka|19\/100 psn|[from] item: Leftovers\n|-damage|p1a: Stakataka|7\/100 psn|[from] psn\n|upkeep\n|turn|31\n|\n|t:|1700167330\n|move|p1a: Stakataka|Body Press|p2a: Hammersmash\n|-supereffective|p2a: Hammersmash\n|-damage|p2a: Hammersmash|0 fnt\n|-damage|p1a: Stakataka|0 fnt|[from] ability: Rough Skin|[of] p2a: Hammersmash\n|faint|p2a: Hammersmash\n|faint|p1a: Stakataka\n|\n|win|CL15Asum\n|raw|CL15Asum's rating: 1283 &rarr; <strong>1302<\/strong><br \/>(+19 for winning)\n|raw|diverse team's rating: 1191 &rarr; <strong>1172<\/strong><br \/>(-19 for losing)\n|c|\u2606diverse team|gg\n","uploadtime":1700167373,"views":12,"p1id":"cl15asum","p2id":"diverseteam","formatid":"gen9nationaldex","rating":1172,"private":0,"password":""}