{"id":"gen9nationaldex-1992969944","p1":"NotMikeO","p2":"ChaosSpencer","format":"[Gen 9] National Dex","log":"|j|\u2606NotMikeO\n|j|\u2606ChaosSpencer\n|t:|1700251370\n|gametype|singles\n|player|p1|NotMikeO|2|\n|player|p2|ChaosSpencer|cynthia-gen4|\n|teamsize|p1|6\n|teamsize|p2|6\n|gen|9\n|tier|[Gen 9] National Dex\n|rule|HP Percentage Mod: HP is shown in percentages\n|rule|Endless Battle Clause: Forcing endless battles is banned\n|rule|OHKO Clause: OHKO moves are banned\n|rule|Evasion Clause: Evasion abilities, items, and moves are banned\n|rule|Evasion Abilities Clause: Evasion abilities are banned\n|rule|Evasion Items Clause: Evasion items are banned\n|rule|Evasion Moves Clause: Evasion moves are banned\n|rule|Species Clause: Limit one of each Pok\u00e9mon\n|rule|Sleep Clause Mod: Limit one foe put to sleep\n|clearpoke\n|poke|p1|Dragonite, M|\n|poke|p1|Articuno|\n|poke|p1|Exeggutor, F|\n|poke|p1|Kabutops, M|\n|poke|p1|Feraligatr, M|\n|poke|p1|Electrode|\n|poke|p2|Ampharos, F|\n|poke|p2|Snorlax, M|\n|poke|p2|Quagsire, F|\n|poke|p2|Tangela, F|\n|poke|p2|Ninetales, M|\n|poke|p2|Charizard, M|\n|teampreview\n|\n|t:|1700251383\n|start\n|switch|p1a: Egg eg eggy|Exeggutor, F|100\/100\n|switch|p2a: Majestic|Ninetales, M, shiny|100\/100\n|-weather|SunnyDay|[from] ability: Drought|[of] p2a: Majestic\n|turn|1\n|j| notecameron\n|j| NotHenry\n|\n|t:|1700251418\n|switch|p1a: Bouncer Gatr|Feraligatr, M|100\/100\n|move|p2a: Majestic|Nasty Plot|p2a: Majestic\n|-boost|p2a: Majestic|spa|2\n|\n|-weather|SunnyDay|[upkeep]\n|upkeep\n|turn|2\n|\n|t:|1700251439\n|move|p2a: Majestic|Dark Pulse|p1a: Bouncer Gatr\n|-damage|p1a: Bouncer Gatr|49\/100\n|move|p1a: Bouncer Gatr|Waterfall|p2a: Majestic\n|-supereffective|p2a: Majestic\n|-damage|p2a: Majestic|7\/100\n|\n|-weather|SunnyDay|[upkeep]\n|upkeep\n|turn|3\n|\n|t:|1700251501\n|move|p2a: Majestic|Dark Pulse|p1a: Bouncer Gatr\n|-damage|p1a: Bouncer Gatr|0 fnt\n|faint|p1a: Bouncer Gatr\n|\n|-weather|SunnyDay|[upkeep]\n|upkeep\n|\n|t:|1700251506\n|switch|p1a: Big Bob|Dragonite, M|100\/100\n|turn|4\n|\n|t:|1700251524\n|move|p1a: Big Bob|Extreme Speed|p2a: Majestic\n|-damage|p2a: Majestic|0 fnt\n|faint|p2a: Majestic\n|\n|-weather|SunnyDay|[upkeep]\n|upkeep\n|\n|t:|1700251529\n|switch|p2a: Quagsmire Giggidy|Quagsire, F, shiny|100\/100\n|turn|5\n|\n|t:|1700251540\n|move|p1a: Big Bob|Dragon Dance|p1a: Big Bob\n|-boost|p1a: Big Bob|atk|1\n|-boost|p1a: Big Bob|spe|1\n|move|p2a: Quagsmire Giggidy|Scald|p1a: Big Bob\n|-resisted|p1a: Big Bob\n|-damage|p1a: Big Bob|98\/100\n|\n|-weather|SunnyDay|[upkeep]\n|upkeep\n|turn|6\n|\n|t:|1700251558\n|move|p1a: Big Bob|Dragon Dance|p1a: Big Bob\n|-boost|p1a: Big Bob|atk|1\n|-boost|p1a: Big Bob|spe|1\n|move|p2a: Quagsmire Giggidy|Stealth Rock|p1a: Big Bob\n|-sidestart|p1: NotMikeO|move: Stealth Rock\n|\n|-weather|SunnyDay|[upkeep]\n|upkeep\n|turn|7\n|\n|t:|1700251566\n|move|p1a: Big Bob|Dual Wingbeat|p2a: Quagsmire Giggidy|[miss]\n|-miss|p1a: Big Bob|p2a: Quagsmire Giggidy\n|move|p2a: Quagsmire Giggidy|Spikes|p1a: Big Bob\n|-sidestart|p1: NotMikeO|Spikes\n|\n|-weather|SunnyDay|[upkeep]\n|upkeep\n|turn|8\n|\n|t:|1700251573\n|move|p1a: Big Bob|Dual Wingbeat|p2a: Quagsmire Giggidy\n|-damage|p2a: Quagsmire Giggidy|81\/100\n|-damage|p2a: Quagsmire Giggidy|62\/100\n|-hitcount|p2a: Quagsmire Giggidy|2\n|move|p2a: Quagsmire Giggidy|Spikes|p1a: Big Bob\n|-sidestart|p1: NotMikeO|Spikes\n|\n|-weather|none\n|-heal|p2a: Quagsmire Giggidy|68\/100|[from] item: Leftovers\n|upkeep\n|turn|9\n|\n|t:|1700251586\n|move|p1a: Big Bob|Dual Wingbeat|p2a: Quagsmire Giggidy\n|-damage|p2a: Quagsmire Giggidy|49\/100\n|-damage|p2a: Quagsmire Giggidy|30\/100\n|-hitcount|p2a: Quagsmire Giggidy|2\n|move|p2a: Quagsmire Giggidy|Scald|p1a: Big Bob\n|-resisted|p1a: Big Bob\n|-damage|p1a: Big Bob|87\/100\n|\n|-heal|p2a: Quagsmire Giggidy|36\/100|[from] item: Leftovers\n|upkeep\n|turn|10\n|\n|t:|1700251600\n|move|p1a: Big Bob|Dual Wingbeat|p2a: Quagsmire Giggidy\n|-damage|p2a: Quagsmire Giggidy|17\/100\n|-damage|p2a: Quagsmire Giggidy|0 fnt\n|faint|p2a: Quagsmire Giggidy\n|-hitcount|p2: Quagsmire Giggidy|2\n|\n|upkeep\n|\n|t:|1700251614\n|switch|p2a: Amp-deez Nuts|Ampharos, F, shiny|100\/100\n|turn|11\n|\n|t:|1700251623\n|move|p1a: Big Bob|Earthquake|p2a: Amp-deez Nuts\n|-supereffective|p2a: Amp-deez Nuts\n|-damage|p2a: Amp-deez Nuts|0 fnt\n|faint|p2a: Amp-deez Nuts\n|\n|upkeep\n|\n|t:|1700251633\n|switch|p2a: Emily|Snorlax, M, shiny|100\/100\n|turn|12\n|\n|t:|1700251646\n|move|p1a: Big Bob|Dual Wingbeat|p2a: Emily\n|-damage|p2a: Emily|54\/100\n|-damage|p2a: Emily|8\/100\n|-hitcount|p2a: Emily|2\n|move|p2a: Emily|Curse|p2a: Emily\n|-unboost|p2a: Emily|spe|1\n|-boost|p2a: Emily|atk|1\n|-boost|p2a: Emily|def|1\n|\n|upkeep\n|turn|13\n|\n|t:|1700251659\n|move|p1a: Big Bob|Extreme Speed|p2a: Emily\n|-damage|p2a: Emily|0 fnt\n|faint|p2a: Emily\n|\n|upkeep\n|\n|t:|1700251664\n|switch|p2a: My Boi|Charizard, M, shiny|100\/100\n|turn|14\n|\n|t:|1700251680\n|move|p1a: Big Bob|Dual Wingbeat|p2a: My Boi\n|-damage|p2a: My Boi|22\/100\n|-damage|p2a: My Boi|0 fnt\n|faint|p2a: My Boi\n|-hitcount|p2: My Boi|2\n|\n|upkeep\n|-message|ChaosSpencer forfeited.\n|\n|win|NotMikeO\n|l|\u2606ChaosSpencer\n","uploadtime":1700251692,"views":24,"p1id":"notmikeo","p2id":"chaosspencer","formatid":"gen9nationaldex","rating":0,"private":0,"password":""}