{"id":"gen9nationaldex-1988038094","p1":"TheIcingCreeper","p2":"UltraSwagGaming","format":"[Gen 9] National Dex","log":"|j|\u2606TheIcingCreeper\n|j|\u2606UltraSwagGaming\n|t:|1699662013\n|gametype|singles\n|player|p1|TheIcingCreeper|valerie|\n|player|p2|UltraSwagGaming|alec-anime|\n|teamsize|p1|6\n|teamsize|p2|6\n|gen|9\n|tier|[Gen 9] National Dex\n|rule|HP Percentage Mod: HP is shown in percentages\n|rule|Endless Battle Clause: Forcing endless battles is banned\n|rule|OHKO Clause: OHKO moves are banned\n|rule|Evasion Clause: Evasion abilities, items, and moves are banned\n|rule|Evasion Abilities Clause: Evasion abilities are banned\n|rule|Evasion Items Clause: Evasion items are banned\n|rule|Evasion Moves Clause: Evasion moves are banned\n|rule|Species Clause: Limit one of each Pok\u00e9mon\n|rule|Sleep Clause Mod: Limit one foe put to sleep\n|clearpoke\n|poke|p1|Wigglytuff, F|\n|poke|p1|Klefki, M|\n|poke|p1|Togekiss, M|\n|poke|p1|Tapu Koko|\n|poke|p1|Whimsicott, M|\n|poke|p1|Diancie|\n|poke|p2|Blacephalon|\n|poke|p2|Gliscor, M|\n|poke|p2|Ferrothorn, M|\n|poke|p2|Rotom-Wash|\n|poke|p2|Lopunny, F|\n|poke|p2|Samurott-Hisui, M|\n|teampreview\n|j| AnOddWizardd\n|c|\u2606UltraSwagGaming|blacefefefefephalofo\n|l| AnOddWizardd\n|\n|t:|1699662086\n|start\n|switch|p1a: Llaves|Klefki, M|100\/100\n|switch|p2a: BoogieBoard|Lopunny, F|100\/100\n|turn|1\n|\n|t:|1699662128\n|detailschange|p2a: BoogieBoard|Lopunny-Mega, F\n|-mega|p2a: BoogieBoard|Lopunny|Lopunnite\n|move|p2a: BoogieBoard|Fake Out|p1a: Llaves\n|-resisted|p1a: Llaves\n|-damage|p1a: Llaves|89\/100\n|cant|p1a: Llaves|flinch\n|\n|upkeep\n|turn|2\n|\n|t:|1699662207\n|switch|p2a: Fancy Chef|Gliscor, M|100\/100\n|move|p1a: Llaves|Reflect|p1a: Llaves\n|-sidestart|p1: TheIcingCreeper|Reflect\n|\n|-status|p2a: Fancy Chef|tox|[from] item: Toxic Orb\n|upkeep\n|turn|3\n|\n|t:|1699662226\n|switch|p1a: Diancie|Diancie, shiny|100\/100\n|move|p2a: Fancy Chef|Earthquake|p1a: Diancie\n|-supereffective|p1a: Diancie\n|-damage|p1a: Diancie|74\/100\n|-enditem|p1a: Diancie|Weakness Policy\n|-boost|p1a: Diancie|atk|2|[from] item: Weakness Policy\n|-boost|p1a: Diancie|spa|2|[from] item: Weakness Policy\n|\n|upkeep\n|turn|4\n|c|\u2606UltraSwagGaming|o\n|\n|t:|1699662245\n|switch|p2a: Calling4Ferro|Ferrothorn, M|100\/100\n|move|p1a: Diancie|Rock Polish|p1a: Diancie\n|-boost|p1a: Diancie|spe|2\n|\n|upkeep\n|turn|5\n|\n|t:|1699662255\n|move|p1a: Diancie|Earth Power|p2a: Calling4Ferro\n|-damage|p2a: Calling4Ferro|69\/100\n|move|p2a: Calling4Ferro|Gyro Ball|p1a: Diancie\n|-supereffective|p1a: Diancie\n|-damage|p1a: Diancie|2\/100\n|\n|-heal|p2a: Calling4Ferro|75\/100|[from] item: Leftovers\n|upkeep\n|turn|6\n|c|\u2606UltraSwagGaming|yeah fuck you\n|\n|t:|1699662284\n|switch|p1a: Llaves|Klefki, M|89\/100\n|move|p2a: Calling4Ferro|Knock Off|p1a: Llaves\n|-resisted|p1a: Llaves\n|-crit|p1a: Llaves\n|-damage|p1a: Llaves|74\/100\n|-enditem|p1a: Llaves|Light Clay|[from] move: Knock Off|[of] p2a: Calling4Ferro\n|\n|-heal|p2a: Calling4Ferro|81\/100|[from] item: Leftovers\n|upkeep\n|turn|7\n|c|\u2606UltraSwagGaming|yoink\n|\n|t:|1699662305\n|switch|p2a: Chief Spartan|Samurott-Hisui, M|100\/100\n|move|p1a: Llaves|Light Screen|p1a: Llaves\n|-sidestart|p1: TheIcingCreeper|move: Light Screen\n|\n|upkeep\n|turn|8\n|\n|t:|1699662323\n|move|p2a: Chief Spartan|Flip Turn|p1a: Llaves\n|-damage|p1a: Llaves|53\/100\n|\n|t:|1699662344\n|switch|p2a: Calling4Ferro|Ferrothorn, M|81\/100|[from] Flip Turn\n|move|p1a: Llaves|Draining Kiss|p2a: Calling4Ferro\n|-resisted|p2a: Calling4Ferro\n|-damage|p2a: Calling4Ferro|75\/100\n|-heal|p1a: Llaves|57\/100|[from] drain|[of] p2a: Calling4Ferro\n|-damage|p1a: Llaves|45\/100|[from] ability: Iron Barbs|[of] p2a: Calling4Ferro\n|\n|-heal|p2a: Calling4Ferro|81\/100|[from] item: Leftovers\n|upkeep\n|turn|9\n|c|\u2606UltraSwagGaming|oh damn\n|c|\u2606UltraSwagGaming|draining is interesti\n|\n|t:|1699662361\n|switch|p1a: Besar|Togekiss, M|100\/100\n|move|p2a: Calling4Ferro|Gyro Ball|p1a: Besar\n|-supereffective|p1a: Besar\n|-damage|p1a: Besar|46\/100\n|\n|-heal|p2a: Calling4Ferro|87\/100|[from] item: Leftovers\n|-sideend|p1: TheIcingCreeper|Reflect\n|upkeep\n|turn|10\n|c|\u2606TheIcingCreeper|Its a funny ccounter to like Mega ;lopunny and stuff\n|c|\u2606UltraSwagGaming|fair\n|\n|t:|1699662379\n|switch|p2a: Evil Clown|Blacephalon, shiny|100\/100\n|move|p1a: Besar|Fire Blast|p2a: Evil Clown\n|-resisted|p2a: Evil Clown\n|-damage|p2a: Evil Clown|70\/100\n|\n|upkeep\n|turn|11\n|c|\u2606UltraSwagGaming|im so goated\n|c|\u2606UltraSwagGaming|dayum!\n|\n|t:|1699662397\n|switch|p1a: Diancie|Diancie, shiny|2\/100\n|move|p2a: Evil Clown|Shadow Ball|p1a: Diancie\n|-damage|p1a: Diancie|0 fnt\n|faint|p1a: Diancie\n|-ability|p2a: Evil Clown|Beast Boost|boost\n|-boost|p2a: Evil Clown|spa|1\n|\n|-sideend|p1: TheIcingCreeper|move: Light Screen\n|upkeep\n|c|\u2606UltraSwagGaming|beesh\n|c|\u2606UltraSwagGaming|booosht!!\n|\n|t:|1699662410\n|switch|p1a: Llaves|Klefki, M|45\/100\n|turn|12\n|\n|t:|1699662417\n|switch|p2a: Chief Spartan|Samurott-Hisui, M|100\/100\n|move|p1a: Llaves|Thunder Wave|p2a: Chief Spartan\n|-hint|Since gen 7, Dark is immune to Prankster moves.\n|-immune|p2a: Chief Spartan\n|\n|upkeep\n|turn|13\n|c|\u2606UltraSwagGaming|i didnt wanna go\n|c|\u2606UltraSwagGaming|the uhh\n|c|\u2606UltraSwagGaming|roto\n|\n|t:|1699662456\n|move|p1a: Llaves|Reflect|p1a: Llaves\n|-sidestart|p1: TheIcingCreeper|Reflect\n|move|p2a: Chief Spartan|Razor Shell|p1a: Llaves\n|-damage|p1a: Llaves|7\/100\n|\n|upkeep\n|turn|14\n|\n|t:|1699662478\n|switch|p1a: Dulce|Whimsicott, M|100\/100\n|move|p2a: Chief Spartan|Razor Shell|p1a: Dulce\n|-resisted|p1a: Dulce\n|-damage|p1a: Dulce|75\/100\n|-unboost|p1a: Dulce|def|1\n|\n|-heal|p1a: Dulce|81\/100|[from] item: Leftovers\n|upkeep\n|turn|15\n|c|\u2606UltraSwagGaming|def drop\n|\n|t:|1699662491\n|switch|p2a: Calling4Ferro|Ferrothorn, M|87\/100\n|move|p1a: Dulce|Substitute|p1a: Dulce\n|-start|p1a: Dulce|Substitute\n|-damage|p1a: Dulce|56\/100\n|\n|-heal|p1a: Dulce|62\/100|[from] item: Leftovers\n|-heal|p2a: Calling4Ferro|93\/100|[from] item: Leftovers\n|upkeep\n|turn|16\n|c|\u2606UltraSwagGaming|this pokemon walls you!\n|\n|t:|1699662500\n|move|p1a: Dulce|Protect|p1a: Dulce\n|-singleturn|p1a: Dulce|Protect\n|move|p2a: Calling4Ferro|Stealth Rock|p1a: Dulce\n|-sidestart|p1: TheIcingCreeper|move: Stealth Rock\n|\n|-heal|p1a: Dulce|68\/100|[from] item: Leftovers\n|-heal|p2a: Calling4Ferro|99\/100|[from] item: Leftovers\n|upkeep\n|turn|17\n|\n|t:|1699662514\n|move|p1a: Dulce|Giga Drain|p2a: Calling4Ferro\n|-resisted|p2a: Calling4Ferro\n|-damage|p2a: Calling4Ferro|95\/100\n|-heal|p1a: Dulce|70\/100|[from] drain|[of] p2a: Calling4Ferro\n|move|p2a: Calling4Ferro|Knock Off|p1a: Dulce\n|-resisted|p1a: Dulce\n|-activate|p1a: Dulce|move: Substitute|[damage]\n|\n|-heal|p1a: Dulce|76\/100|[from] item: Leftovers\n|-heal|p2a: Calling4Ferro|100\/100|[from] item: Leftovers\n|-sideend|p1: TheIcingCreeper|Reflect\n|upkeep\n|turn|18\n|\n|t:|1699662518\n|move|p1a: Dulce|Giga Drain|p2a: Calling4Ferro\n|-resisted|p2a: Calling4Ferro\n|-damage|p2a: Calling4Ferro|97\/100\n|-heal|p1a: Dulce|78\/100|[from] drain|[of] p2a: Calling4Ferro\n|move|p2a: Calling4Ferro|Knock Off|p1a: Dulce\n|-resisted|p1a: Dulce\n|-end|p1a: Dulce|Substitute\n|\n|-heal|p1a: Dulce|84\/100|[from] item: Leftovers\n|-heal|p2a: Calling4Ferro|100\/100|[from] item: Leftovers\n|upkeep\n|turn|19\n|\n|t:|1699662526\n|move|p1a: Dulce|Protect|p1a: Dulce\n|-singleturn|p1a: Dulce|Protect\n|move|p2a: Calling4Ferro|Knock Off|p1a: Dulce\n|-activate|p1a: Dulce|move: Protect\n|\n|-heal|p1a: Dulce|90\/100|[from] item: Leftovers\n|upkeep\n|turn|20\n|\n|t:|1699662529\n|move|p1a: Dulce|Substitute|p1a: Dulce\n|-start|p1a: Dulce|Substitute\n|-damage|p1a: Dulce|65\/100\n|move|p2a: Calling4Ferro|Gyro Ball|p1a: Dulce\n|-supereffective|p1a: Dulce\n|-end|p1a: Dulce|Substitute\n|\n|-heal|p1a: Dulce|71\/100|[from] item: Leftovers\n|upkeep\n|turn|21\n|\n|t:|1699662535\n|move|p1a: Dulce|Protect|p1a: Dulce\n|-singleturn|p1a: Dulce|Protect\n|move|p2a: Calling4Ferro|Knock Off|p1a: Dulce\n|-activate|p1a: Dulce|move: Protect\n|\n|-heal|p1a: Dulce|77\/100|[from] item: Leftovers\n|upkeep\n|turn|22\n|c|\u2606UltraSwagGaming|stop that\n|\n|t:|1699662543\n|switch|p1a: Llaves|Klefki, M|7\/100\n|-damage|p1a: Llaves|1\/100|[from] Stealth Rock\n|move|p2a: Calling4Ferro|Gyro Ball|p1a: Llaves\n|-damage|p1a: Llaves|0 fnt\n|faint|p1a: Llaves\n|\n|upkeep\n|\n|t:|1699662545\n|switch|p1a: Besar|Togekiss, M|46\/100\n|-damage|p1a: Besar|21\/100|[from] Stealth Rock\n|turn|23\n|\n|t:|1699662564\n|switch|p2a: Evil Clown|Blacephalon, shiny|70\/100\n|move|p1a: Besar|Air Slash|p2a: Evil Clown\n|-damage|p2a: Evil Clown|7\/100\n|\n|upkeep\n|turn|24\n|\n|t:|1699662583\n|move|p2a: Evil Clown|Flamethrower|p1a: Besar\n|-damage|p1a: Besar|0 fnt\n|faint|p1a: Besar\n|-ability|p2a: Evil Clown|Beast Boost|boost\n|-boost|p2a: Evil Clown|spa|1\n|\n|upkeep\n|\n|t:|1699662588\n|switch|p1a: Dulce|Whimsicott, M|77\/100\n|-damage|p1a: Dulce|65\/100|[from] Stealth Rock\n|turn|25\n|c|\u2606UltraSwagGaming|were u scarf?\n|c|\u2606UltraSwagGaming|o\n|\n|t:|1699662600\n|move|p1a: Dulce|Leech Seed|p2a: Evil Clown\n|-start|p2a: Evil Clown|move: Leech Seed\n|move|p2a: Evil Clown|Flamethrower|p1a: Dulce\n|-supereffective|p1a: Dulce\n|-damage|p1a: Dulce|0 fnt\n|faint|p1a: Dulce\n|-ability|p2a: Evil Clown|Beast Boost|boost\n|-boost|p2a: Evil Clown|spa|1\n|\n|upkeep\n|\n|t:|1699662604\n|switch|p1a: Creeper|Wigglytuff, F|100\/100\n|-damage|p1a: Creeper|88\/100|[from] Stealth Rock\n|turn|26\n|c|\u2606UltraSwagGaming|beesh\n|c|\u2606UltraSwagGaming|boosht!\n|c|\u2606UltraSwagGaming|nah bro\n|c|\u2606UltraSwagGaming|she lives\n|\n|t:|1699662614\n|move|p1a: Creeper|Protect|p1a: Creeper\n|-singleturn|p1a: Creeper|Protect\n|move|p2a: Evil Clown|Flamethrower|p1a: Creeper\n|-activate|p1a: Creeper|move: Protect\n|\n|-heal|p1a: Creeper|94\/100|[from] item: Leftovers\n|-damage|p2a: Evil Clown|0 fnt|[from] Leech Seed|[of] p1a: Creeper\n|-heal|p1a: Creeper|98\/100|[silent]\n|faint|p2a: Evil Clown\n|upkeep\n|\n|t:|1699662619\n|switch|p2a: BoogieBoard|Lopunny-Mega, F|100\/100\n|turn|27\n|\n|t:|1699662628\n|move|p2a: BoogieBoard|Fake Out|p1a: Creeper\n|-damage|p1a: Creeper|77\/100\n|cant|p1a: Creeper|flinch\n|\n|-heal|p1a: Creeper|83\/100|[from] item: Leftovers\n|upkeep\n|turn|28\n|\n|t:|1699662633\n|move|p1a: Creeper|Protect|p1a: Creeper\n|-singleturn|p1a: Creeper|Protect\n|move|p2a: BoogieBoard|Close Combat|p1a: Creeper\n|-activate|p1a: Creeper|move: Protect\n|\n|-heal|p1a: Creeper|89\/100|[from] item: Leftovers\n|upkeep\n|turn|29\n|\n|t:|1699662639\n|move|p2a: BoogieBoard|Close Combat|p1a: Creeper\n|-damage|p1a: Creeper|33\/100\n|-unboost|p2a: BoogieBoard|def|1\n|-unboost|p2a: BoogieBoard|spd|1\n|move|p1a: Creeper|Dazzling Gleam|p2a: BoogieBoard\n|-supereffective|p2a: BoogieBoard\n|-damage|p2a: BoogieBoard|13\/100\n|\n|-heal|p1a: Creeper|39\/100|[from] item: Leftovers\n|upkeep\n|turn|30\n|\n|t:|1699662645\n|move|p1a: Creeper|Protect|p1a: Creeper\n|-singleturn|p1a: Creeper|Protect\n|move|p2a: BoogieBoard|Frustration|p1a: Creeper\n|-activate|p1a: Creeper|move: Protect\n|\n|-heal|p1a: Creeper|46\/100|[from] item: Leftovers\n|upkeep\n|turn|31\n|\n|t:|1699662656\n|move|p2a: BoogieBoard|Close Combat|p1a: Creeper\n|-damage|p1a: Creeper|0 fnt\n|-unboost|p2a: BoogieBoard|def|1\n|-unboost|p2a: BoogieBoard|spd|1\n|faint|p1a: Creeper\n|\n|upkeep\n|\n|t:|1699662658\n|switch|p1a: Kai|Tapu Koko, shiny|100\/100\n|-damage|p1a: Kai|88\/100|[from] Stealth Rock\n|-fieldstart|move: Electric Terrain|[from] ability: Electric Surge|[of] p1a: Kai\n|turn|32\n|\n|t:|1699662665\n|switch|p2a: Fancy Chef|Gliscor, M|100\/100 tox\n|move|p1a: Kai|Wild Charge|p2a: Fancy Chef\n|-immune|p2a: Fancy Chef\n|\n|upkeep\n|turn|33\n|c|\u2606UltraSwagGaming|physical\n|c|\u2606TheIcingCreeper|GG ultra\n|c|\u2606UltraSwagGaming|gg!\n|\n|t:|1699662679\n|-terastallize|p1a: Kai|Electric\n|move|p1a: Kai|Wild Charge|p2a: Fancy Chef\n|-immune|p2a: Fancy Chef\n|move|p2a: Fancy Chef|Earthquake|p1a: Kai\n|-supereffective|p1a: Kai\n|-damage|p1a: Kai|3\/100\n|\n|upkeep\n|turn|34\n|c|\u2606UltraSwagGaming|fair\n|\n|t:|1699662687\n|move|p1a: Kai|Wild Charge|p2a: Fancy Chef\n|-immune|p2a: Fancy Chef\n|move|p2a: Fancy Chef|Earthquake|p1a: Kai\n|-supereffective|p1a: Kai\n|-damage|p1a: Kai|0 fnt\n|faint|p1a: Kai\n|\n|win|UltraSwagGaming\n","uploadtime":1699662694,"views":4,"p1id":"theicingcreeper","p2id":"ultraswaggaming","formatid":"gen9nationaldex","rating":0,"private":0,"password":""}