{"id":"gen9nationaldex-1996283593","p1":"Erloko5","p2":"chema778","format":"[Gen 9] National Dex","log":"|html|<div class=\"broadcast-blue\"><strong>[Gen 9] National Dex is currently suspecting Sneasler! For information on how to participate check out the <a href=\"https:\/\/www.smogon.com\/forums\/threads\/sv-national-dex-suspect-8-just-dance.3731534\/\">suspect thread<\/a>.<\/strong><\/div>\n|j|\u2606Erloko5\n|j|\u2606chema778\n|t:|1700667353\n|gametype|singles\n|player|p1|Erloko5|biker|\n|player|p2|chema778|veteran|\n|teamsize|p1|6\n|teamsize|p2|6\n|gen|9\n|tier|[Gen 9] National Dex\n|rule|HP Percentage Mod: HP is shown in percentages\n|rule|Endless Battle Clause: Forcing endless battles is banned\n|rule|OHKO Clause: OHKO moves are banned\n|rule|Evasion Clause: Evasion abilities, items, and moves are banned\n|rule|Evasion Abilities Clause: Evasion abilities are banned\n|rule|Evasion Items Clause: Evasion items are banned\n|rule|Evasion Moves Clause: Evasion moves are banned\n|rule|Species Clause: Limit one of each Pok\u00e9mon\n|rule|Sleep Clause Mod: Limit one foe put to sleep\n|clearpoke\n|poke|p1|Surskit, M|\n|poke|p1|Breloom, F|\n|poke|p1|Milotic, M|\n|poke|p1|Jirachi|\n|poke|p1|Gardevoir, M|\n|poke|p1|Mawile, F|\n|poke|p2|Amoonguss, F|\n|poke|p2|Volcarona, F|\n|poke|p2|Tornadus, M|\n|poke|p2|Gurdurr, M|\n|poke|p2|Haxorus, F|\n|poke|p2|Mandibuzz, F|\n|teampreview\n|j| Neitor el 08\n|c| Neitor el 08|suerte\n|j| F 137\n|\n|t:|1700667390\n|start\n|switch|p1a: Jes\u00fas|Surskit, M|100\/100\n|switch|p2a: Tornadus|Tornadus, M|100\/100\n|turn|1\n|\n|t:|1700667399\n|move|p2a: Tornadus|Bleakwind Storm|p1a: Jes\u00fas|[miss]\n|-miss|p2a: Tornadus|p1a: Jes\u00fas\n|move|p1a: Jes\u00fas|Toxic|p2a: Tornadus|[miss]\n|-miss|p1a: Jes\u00fas|p2a: Tornadus\n|\n|upkeep\n|turn|2\n|\n|t:|1700667406\n|move|p2a: Tornadus|Bleakwind Storm|p1a: Jes\u00fas\n|-supereffective|p1a: Jes\u00fas\n|-enditem|p1a: Jes\u00fas|Focus Sash\n|-damage|p1a: Jes\u00fas|1\/100\n|move|p1a: Jes\u00fas|Toxic|p2a: Tornadus\n|-status|p2a: Tornadus|tox\n|\n|-damage|p2a: Tornadus|94\/100 tox|[from] psn\n|upkeep\n|turn|3\n|\n|t:|1700667416\n|move|p2a: Tornadus|Psychic|p1a: Jes\u00fas\n|-damage|p1a: Jes\u00fas|0 fnt\n|faint|p1a: Jes\u00fas\n|\n|-damage|p2a: Tornadus|82\/100 tox|[from] psn\n|upkeep\n|\n|t:|1700667422\n|switch|p1a: reguetonera|Mawile, F|100\/100\n|-ability|p1a: reguetonera|Intimidate|boost\n|-unboost|p2a: Tornadus|atk|1\n|turn|4\n|\n|t:|1700667429\n|detailschange|p1a: reguetonera|Mawile-Mega, F\n|-mega|p1a: reguetonera|Mawile|Mawilite\n|move|p2a: Tornadus|Tailwind|p2a: Tornadus\n|-sidestart|p2: chema778|move: Tailwind\n|move|p1a: reguetonera|Swords Dance|p1a: reguetonera\n|-boost|p1a: reguetonera|atk|2\n|\n|-damage|p2a: Tornadus|64\/100 tox|[from] psn\n|upkeep\n|turn|5\n|c| F 137|tetas\n|\n|t:|1700667440\n|move|p2a: Tornadus|Bleakwind Storm|p1a: reguetonera\n|-resisted|p1a: reguetonera\n|-damage|p1a: reguetonera|69\/100\n|move|p1a: reguetonera|Iron Head|p2a: Tornadus\n|-crit|p2a: Tornadus\n|-damage|p2a: Tornadus|0 fnt\n|faint|p2a: Tornadus\n|\n|upkeep\n|c| Neitor el 08|eso no se dice\n|c| F 137|:(\n|\n|t:|1700667459\n|switch|p2a: Mandibuzz|Mandibuzz, F|100\/100\n|turn|6\n|\n|t:|1700667463\n|move|p1a: reguetonera|Sucker Punch|p2a: Mandibuzz\n|-resisted|p2a: Mandibuzz\n|-damage|p2a: Mandibuzz|74\/100\n|move|p2a: Mandibuzz|Foul Play|p1a: reguetonera\n|-resisted|p1a: reguetonera\n|-damage|p1a: reguetonera|23\/100\n|\n|upkeep\n|turn|7\n|\n|t:|1700667478\n|move|p2a: Mandibuzz|Foul Play|p1a: reguetonera\n|-resisted|p1a: reguetonera\n|-damage|p1a: reguetonera|0 fnt\n|faint|p1a: reguetonera\n|\n|-sideend|p2: chema778|move: Tailwind\n|upkeep\n|c| F 137|waos\n|\n|t:|1700667510\n|switch|p1a: Atacar\u00e1s?|Jirachi|100\/100\n|turn|8\n|\n|t:|1700667524\n|move|p1a: Atacar\u00e1s?|Iron Head|p2a: Mandibuzz\n|-damage|p2a: Mandibuzz|50\/100\n|cant|p2a: Mandibuzz|flinch\n|\n|upkeep\n|turn|9\n|\n|t:|1700667539\n|move|p1a: Atacar\u00e1s?|Thunder Wave|p2a: Mandibuzz\n|-status|p2a: Mandibuzz|par\n|move|p2a: Mandibuzz|Roost|p2a: Mandibuzz\n|-heal|p2a: Mandibuzz|100\/100 par\n|-singleturn|p2a: Mandibuzz|move: Roost\n|\n|upkeep\n|turn|10\n|\n|t:|1700667550\n|switch|p1a: Setitas|Breloom, F|100\/100\n|move|p2a: Mandibuzz|Foul Play|p1a: Setitas\n|-resisted|p1a: Setitas\n|-damage|p1a: Setitas|83\/100\n|\n|-status|p1a: Setitas|tox|[from] item: Toxic Orb\n|upkeep\n|turn|11\n|\n|t:|1700667568\n|move|p1a: Setitas|Mach Punch|p2a: Mandibuzz\n|-damage|p2a: Mandibuzz|90\/100 par\n|move|p2a: Mandibuzz|Foul Play|p1a: Setitas\n|-resisted|p1a: Setitas\n|-damage|p1a: Setitas|65\/100 tox\n|\n|-heal|p1a: Setitas|77\/100 tox|[from] ability: Poison Heal\n|upkeep\n|turn|12\n|c| F 137|gg\n|c| Neitor el 08|que dice de gg\n|c| Neitor el 08|yo confio en loko\n|c| Neitor el 08|aunque mi compadre es multiusos\n|\n|t:|1700667614\n|move|p1a: Setitas|Seed Bomb|p2a: Mandibuzz\n|-resisted|p2a: Mandibuzz\n|-damage|p2a: Mandibuzz|79\/100 par\n|move|p2a: Mandibuzz|Foul Play|p1a: Setitas\n|-resisted|p1a: Setitas\n|-damage|p1a: Setitas|59\/100 tox\n|\n|-heal|p1a: Setitas|71\/100 tox|[from] ability: Poison Heal\n|upkeep\n|turn|13\n|c| F 137|gemidos gemelos\n|c| F 137|eso significa\n|\n|t:|1700667687\n|switch|p2a: Haxorus|Haxorus, F|100\/100\n|-ability|p2a: Haxorus|Unnerve\n|move|p1a: Setitas|Leech Seed|p2a: Haxorus\n|-start|p2a: Haxorus|move: Leech Seed\n|\n|-damage|p2a: Haxorus|88\/100|[from] Leech Seed|[of] p1a: Setitas\n|-heal|p1a: Setitas|82\/100 tox|[silent]\n|-heal|p1a: Setitas|94\/100 tox|[from] ability: Poison Heal\n|upkeep\n|turn|14\n|\n|t:|1700667701\n|switch|p1a: Atacar\u00e1s?|Jirachi|100\/100\n|move|p2a: Haxorus|Poison Jab|p1a: Atacar\u00e1s?\n|-immune|p1a: Atacar\u00e1s?\n|\n|-damage|p2a: Haxorus|76\/100|[from] Leech Seed|[of] p1a: Atacar\u00e1s?\n|upkeep\n|turn|15\n|\n|t:|1700667723\n|switch|p2a: Mandibuzz|Mandibuzz, F|79\/100 par\n|move|p1a: Atacar\u00e1s?|Iron Head|p2a: Mandibuzz\n|-damage|p2a: Mandibuzz|57\/100 par\n|\n|upkeep\n|turn|16\n|\n|t:|1700667742\n|move|p1a: Atacar\u00e1s?|Thunder Wave|p2a: Mandibuzz\n|-fail|p2a: Mandibuzz|par\n|cant|p2a: Mandibuzz|par\n|\n|upkeep\n|turn|17\n|\n|t:|1700667751\n|switch|p1a: YaQisieraJosema|Milotic, M|100\/100\n|cant|p2a: Mandibuzz|par\n|\n|-status|p1a: YaQisieraJosema|brn|[from] item: Flame Orb\n|upkeep\n|turn|18\n|\n|t:|1700667771\n|move|p1a: YaQisieraJosema|Ice Beam|p2a: Mandibuzz\n|-supereffective|p2a: Mandibuzz\n|-damage|p2a: Mandibuzz|25\/100 par\n|move|p2a: Mandibuzz|Roost|p2a: Mandibuzz\n|-heal|p2a: Mandibuzz|75\/100 par\n|-singleturn|p2a: Mandibuzz|move: Roost\n|\n|-damage|p1a: YaQisieraJosema|94\/100 brn|[from] brn\n|upkeep\n|turn|19\n|\n|t:|1700667792\n|switch|p2a: Amoonguss|Amoonguss, F|100\/100\n|move|p1a: YaQisieraJosema|Scald|p2a: Amoonguss\n|-resisted|p2a: Amoonguss\n|-damage|p2a: Amoonguss|91\/100\n|\n|-heal|p2a: Amoonguss|97\/100|[from] item: Black Sludge\n|-damage|p1a: YaQisieraJosema|88\/100 brn|[from] brn\n|upkeep\n|turn|20\n|\n|t:|1700667817\n|move|p1a: YaQisieraJosema|Ice Beam|p2a: Amoonguss\n|-supereffective|p2a: Amoonguss\n|-damage|p2a: Amoonguss|67\/100\n|move|p2a: Amoonguss|Spore||[still]\n|-fail|p2a: Amoonguss\n|\n|-heal|p2a: Amoonguss|74\/100|[from] item: Black Sludge\n|-damage|p1a: YaQisieraJosema|82\/100 brn|[from] brn\n|upkeep\n|turn|21\n|\n|t:|1700667828\n|move|p1a: YaQisieraJosema|Ice Beam|p2a: Amoonguss\n|-supereffective|p2a: Amoonguss\n|-damage|p2a: Amoonguss|44\/100\n|move|p2a: Amoonguss|Giga Drain|p1a: YaQisieraJosema\n|-supereffective|p1a: YaQisieraJosema\n|-damage|p1a: YaQisieraJosema|58\/100 brn\n|-heal|p2a: Amoonguss|56\/100|[from] drain|[of] p1a: YaQisieraJosema\n|\n|-heal|p2a: Amoonguss|62\/100|[from] item: Black Sludge\n|-damage|p1a: YaQisieraJosema|52\/100 brn|[from] brn\n|upkeep\n|turn|22\n|\n|t:|1700667853\n|-terastallize|p1a: YaQisieraJosema|Ice\n|move|p1a: YaQisieraJosema|Ice Beam|p2a: Amoonguss\n|-supereffective|p2a: Amoonguss\n|-crit|p2a: Amoonguss\n|-damage|p2a: Amoonguss|0 fnt\n|faint|p2a: Amoonguss\n|\n|-damage|p1a: YaQisieraJosema|46\/100 brn|[from] brn\n|upkeep\n|c| F 137|waos\n|c| Neitor el 08|increible\n|\n|t:|1700667870\n|switch|p2a: Haxorus|Haxorus, F|76\/100\n|-ability|p2a: Haxorus|Unnerve\n|turn|23\n|c| F 137|que skill\n|\n|t:|1700667886\n|switch|p1a: Atacar\u00e1s?|Jirachi|100\/100\n|move|p2a: Haxorus|Earthquake|p1a: Atacar\u00e1s?\n|-supereffective|p1a: Atacar\u00e1s?\n|-damage|p1a: Atacar\u00e1s?|0 fnt\n|faint|p1a: Atacar\u00e1s?\n|\n|upkeep\n|c| Neitor el 08|desde los 5 a\u00f1itos jugando\n|\n|t:|1700667910\n|switch|p1a: YaQisieraJosema|Milotic, M, tera:Ice|46\/100 brn\n|turn|24\n|\n|t:|1700667915\n|move|p2a: Haxorus|Earthquake|p1a: YaQisieraJosema\n|-damage|p1a: YaQisieraJosema|2\/100 brn\n|move|p1a: YaQisieraJosema|Ice Beam|p2a: Haxorus\n|-supereffective|p2a: Haxorus\n|-damage|p2a: Haxorus|0 fnt\n|faint|p2a: Haxorus\n|\n|-damage|p1a: YaQisieraJosema|0 fnt|[from] brn\n|faint|p1a: YaQisieraJosema\n|upkeep\n|\n|t:|1700667929\n|switch|p2a: Volcarona|Volcarona, F|100\/100\n|switch|p1a: troncoso|Gardevoir, M|100\/100\n|-ability|p1a: troncoso|Swarm|[from] ability: Trace|[of] p2a: Volcarona\n|turn|25\n|\n|t:|1700667962\n|-terastallize|p2a: Volcarona|Bug\n|move|p2a: Volcarona|Bug Buzz|p1a: troncoso\n|-damage|p1a: troncoso|3\/100\n|-unboost|p1a: troncoso|spd|1\n|-damage|p2a: Volcarona|91\/100|[from] item: Life Orb\n|move|p1a: troncoso|Psyshock|p2a: Volcarona\n|-damage|p2a: Volcarona|0 fnt\n|faint|p2a: Volcarona\n|\n|upkeep\n|c| F 137|cuerpo llama\n|\n|t:|1700667974\n|switch|p2a: Mandibuzz|Mandibuzz, F|75\/100 par\n|turn|26\n|\n|t:|1700667988\n|switch|p1a: Setitas|Breloom, F|94\/100 tox\n|move|p2a: Mandibuzz|Foul Play|p1a: Setitas\n|-resisted|p1a: Setitas\n|-damage|p1a: Setitas|77\/100 tox\n|\n|-heal|p1a: Setitas|89\/100 tox|[from] ability: Poison Heal\n|upkeep\n|turn|27\n|\n|t:|1700667997\n|switch|p2a: Gurdurr|Gurdurr, M|100\/100\n|move|p1a: Setitas|Leech Seed|p2a: Gurdurr\n|-start|p2a: Gurdurr|move: Leech Seed\n|\n|-damage|p2a: Gurdurr|88\/100|[from] Leech Seed|[of] p1a: Setitas\n|-heal|p1a: Setitas|100\/100 tox|[silent]\n|upkeep\n|turn|28\n|\n|t:|1700668008\n|switch|p2a: Mandibuzz|Mandibuzz, F|75\/100 par\n|move|p1a: Setitas|Spore|p2a: Mandibuzz\n|-immune|p2a: Mandibuzz|[from] ability: Overcoat\n|\n|upkeep\n|turn|29\n|\n|t:|1700668024\n|move|p1a: Setitas|Mach Punch|p2a: Mandibuzz\n|-damage|p2a: Mandibuzz|66\/100 par\n|cant|p2a: Mandibuzz|par\n|\n|upkeep\n|turn|30\n|\n|t:|1700668030\n|move|p1a: Setitas|Leech Seed|p2a: Mandibuzz|[miss]\n|-miss|p1a: Setitas|p2a: Mandibuzz\n|move|p2a: Mandibuzz|Roost|p2a: Mandibuzz\n|-heal|p2a: Mandibuzz|100\/100 par\n|-singleturn|p2a: Mandibuzz|move: Roost\n|\n|upkeep\n|turn|31\n|\n|t:|1700668040\n|switch|p2a: Gurdurr|Gurdurr, M|88\/100\n|move|p1a: Setitas|Seed Bomb|p2a: Gurdurr\n|-crit|p2a: Gurdurr\n|-damage|p2a: Gurdurr|49\/100\n|\n|upkeep\n|turn|32\n|\n|t:|1700668048\n|move|p1a: Setitas|Leech Seed|p2a: Gurdurr\n|-start|p2a: Gurdurr|move: Leech Seed\n|move|p2a: Gurdurr|Drain Punch|p1a: Setitas\n|-damage|p1a: Setitas|69\/100 tox\n|-heal|p2a: Gurdurr|65\/100|[from] drain|[of] p1a: Setitas\n|\n|-damage|p2a: Gurdurr|53\/100|[from] Leech Seed|[of] p1a: Setitas\n|-heal|p1a: Setitas|81\/100 tox|[silent]\n|-heal|p1a: Setitas|93\/100 tox|[from] ability: Poison Heal\n|upkeep\n|turn|33\n|\n|t:|1700668059\n|move|p1a: Setitas|Mach Punch|p2a: Gurdurr\n|-damage|p2a: Gurdurr|37\/100\n|move|p2a: Gurdurr|Close Combat|p1a: Setitas\n|-damage|p1a: Setitas|42\/100 tox\n|-unboost|p2a: Gurdurr|def|1\n|-unboost|p2a: Gurdurr|spd|1\n|\n|-damage|p2a: Gurdurr|25\/100|[from] Leech Seed|[of] p1a: Setitas\n|-heal|p1a: Setitas|54\/100 tox|[silent]\n|-heal|p1a: Setitas|66\/100 tox|[from] ability: Poison Heal\n|upkeep\n|turn|34\n|\n|t:|1700668076\n|switch|p2a: Mandibuzz|Mandibuzz, F|100\/100 par\n|move|p1a: Setitas|Spore|p2a: Mandibuzz\n|-immune|p2a: Mandibuzz|[from] ability: Overcoat\n|\n|-heal|p1a: Setitas|78\/100 tox|[from] ability: Poison Heal\n|upkeep\n|turn|35\n|\n|t:|1700668086\n|move|p1a: Setitas|Mach Punch|p2a: Mandibuzz\n|-damage|p2a: Mandibuzz|90\/100 par\n|cant|p2a: Mandibuzz|par\n|\n|-heal|p1a: Setitas|91\/100 tox|[from] ability: Poison Heal\n|upkeep\n|turn|36\n|\n|t:|1700668094\n|move|p1a: Setitas|Leech Seed|p2a: Mandibuzz|[miss]\n|-miss|p1a: Setitas|p2a: Mandibuzz\n|move|p2a: Mandibuzz|Foul Play|p1a: Setitas\n|-resisted|p1a: Setitas\n|-damage|p1a: Setitas|71\/100 tox\n|\n|-heal|p1a: Setitas|84\/100 tox|[from] ability: Poison Heal\n|upkeep\n|turn|37\n|\n|t:|1700668108\n|move|p1a: Setitas|Leech Seed|p2a: Mandibuzz\n|-start|p2a: Mandibuzz|move: Leech Seed\n|move|p2a: Mandibuzz|Defog|p1a: Setitas\n|-unboost|p1a: Setitas|evasion|1\n|\n|-damage|p2a: Mandibuzz|78\/100 par|[from] Leech Seed|[of] p1a: Setitas\n|-heal|p1a: Setitas|99\/100 tox|[silent]\n|-heal|p1a: Setitas|100\/100 tox|[from] ability: Poison Heal\n|upkeep\n|turn|38\n|\n|t:|1700668118\n|switch|p2a: Gurdurr|Gurdurr, M|25\/100\n|move|p1a: Setitas|Mach Punch|p2a: Gurdurr\n|-damage|p2a: Gurdurr|10\/100\n|\n|upkeep\n|turn|39\n|\n|t:|1700668127\n|move|p1a: Setitas|Mach Punch|p2a: Gurdurr\n|-damage|p2a: Gurdurr|0 fnt\n|faint|p2a: Gurdurr\n|\n|upkeep\n|\n|t:|1700668131\n|switch|p2a: Mandibuzz|Mandibuzz, F|78\/100 par\n|turn|40\n|\n|t:|1700668137\n|move|p1a: Setitas|Leech Seed|p2a: Mandibuzz\n|-start|p2a: Mandibuzz|move: Leech Seed\n|move|p2a: Mandibuzz|Foul Play|p1a: Setitas\n|-resisted|p1a: Setitas\n|-damage|p1a: Setitas|82\/100 tox\n|\n|-damage|p2a: Mandibuzz|65\/100 par|[from] Leech Seed|[of] p1a: Setitas\n|-heal|p1a: Setitas|98\/100 tox|[silent]\n|-heal|p1a: Setitas|100\/100 tox|[from] ability: Poison Heal\n|upkeep\n|turn|41\n|c| Neitor el 08|que loco\n|\n|t:|1700668148\n|move|p1a: Setitas|Mach Punch|p2a: Mandibuzz\n|-damage|p2a: Mandibuzz|56\/100 par\n|cant|p2a: Mandibuzz|par\n|\n|-damage|p2a: Mandibuzz|44\/100 par|[from] Leech Seed|[of] p1a: Setitas\n|upkeep\n|turn|42\n|c| Neitor el 08|loko*\n|\n|t:|1700668158\n|move|p1a: Setitas|Mach Punch|p2a: Mandibuzz\n|-damage|p2a: Mandibuzz|34\/100 par\n|move|p2a: Mandibuzz|Defog|p1a: Setitas\n|-unboost|p1a: Setitas|evasion|1\n|\n|-damage|p2a: Mandibuzz|21\/100 par|[from] Leech Seed|[of] p1a: Setitas\n|upkeep\n|turn|43\n|c| F 137|ahora si\n|c| F 137|gg\n|c| Neitor el 08|gg\n|\n|t:|1700668166\n|move|p1a: Setitas|Mach Punch|p2a: Mandibuzz\n|-damage|p2a: Mandibuzz|11\/100 par\n|move|p2a: Mandibuzz|Roost|p2a: Mandibuzz\n|-heal|p2a: Mandibuzz|61\/100 par\n|-singleturn|p2a: Mandibuzz|move: Roost\n|\n|-damage|p2a: Mandibuzz|48\/100 par|[from] Leech Seed|[of] p1a: Setitas\n|upkeep\n|turn|44\n|\n|t:|1700668175\n|move|p1a: Setitas|Mach Punch|p2a: Mandibuzz\n|-damage|p2a: Mandibuzz|38\/100 par\n|cant|p2a: Mandibuzz|par\n|\n|-damage|p2a: Mandibuzz|26\/100 par|[from] Leech Seed|[of] p1a: Setitas\n|upkeep\n|turn|45\n|\n|t:|1700668183\n|move|p1a: Setitas|Mach Punch|p2a: Mandibuzz\n|-damage|p2a: Mandibuzz|15\/100 par\n|move|p2a: Mandibuzz|Roost|p2a: Mandibuzz\n|-heal|p2a: Mandibuzz|65\/100 par\n|-singleturn|p2a: Mandibuzz|move: Roost\n|\n|-damage|p2a: Mandibuzz|53\/100 par|[from] Leech Seed|[of] p1a: Setitas\n|upkeep\n|turn|46\n|\n|t:|1700668192\n|move|p1a: Setitas|Mach Punch|p2a: Mandibuzz\n|-damage|p2a: Mandibuzz|42\/100 par\n|move|p2a: Mandibuzz|Roost|p2a: Mandibuzz\n|-heal|p2a: Mandibuzz|92\/100 par\n|-singleturn|p2a: Mandibuzz|move: Roost\n|\n|-damage|p2a: Mandibuzz|80\/100 par|[from] Leech Seed|[of] p1a: Setitas\n|upkeep\n|turn|47\n|\n|t:|1700668201\n|move|p1a: Setitas|Mach Punch|p2a: Mandibuzz\n|-damage|p2a: Mandibuzz|69\/100 par\n|move|p2a: Mandibuzz|Foul Play|p1a: Setitas\n|-resisted|p1a: Setitas\n|-damage|p1a: Setitas|84\/100 tox\n|\n|-damage|p2a: Mandibuzz|57\/100 par|[from] Leech Seed|[of] p1a: Setitas\n|-heal|p1a: Setitas|99\/100 tox|[silent]\n|-heal|p1a: Setitas|100\/100 tox|[from] ability: Poison Heal\n|upkeep\n|turn|48\n|\n|t:|1700668212\n|move|p1a: Setitas|Mach Punch|p2a: Mandibuzz\n|-damage|p2a: Mandibuzz|46\/100 par\n|cant|p2a: Mandibuzz|par\n|\n|-damage|p2a: Mandibuzz|33\/100 par|[from] Leech Seed|[of] p1a: Setitas\n|upkeep\n|turn|49\n|\n|t:|1700668220\n|move|p1a: Setitas|Mach Punch|p2a: Mandibuzz\n|-damage|p2a: Mandibuzz|23\/100 par\n|move|p2a: Mandibuzz|Roost|p2a: Mandibuzz\n|-heal|p2a: Mandibuzz|74\/100 par\n|-singleturn|p2a: Mandibuzz|move: Roost\n|\n|-damage|p2a: Mandibuzz|61\/100 par|[from] Leech Seed|[of] p1a: Setitas\n|upkeep\n|turn|50\n|\n|t:|1700668229\n|move|p1a: Setitas|Mach Punch|p2a: Mandibuzz\n|-damage|p2a: Mandibuzz|50\/100 par\n|move|p2a: Mandibuzz|Foul Play|p1a: Setitas\n|-resisted|p1a: Setitas\n|-crit|p1a: Setitas\n|-damage|p1a: Setitas|74\/100 tox\n|\n|-damage|p2a: Mandibuzz|38\/100 par|[from] Leech Seed|[of] p1a: Setitas\n|-heal|p1a: Setitas|90\/100 tox|[silent]\n|-heal|p1a: Setitas|100\/100 tox|[from] ability: Poison Heal\n|upkeep\n|turn|51\n|\n|t:|1700668240\n|move|p1a: Setitas|Mach Punch|p2a: Mandibuzz\n|-damage|p2a: Mandibuzz|27\/100 par\n|cant|p2a: Mandibuzz|par\n|\n|-damage|p2a: Mandibuzz|15\/100 par|[from] Leech Seed|[of] p1a: Setitas\n|upkeep\n|turn|52\n|\n|t:|1700668248\n|move|p1a: Setitas|Mach Punch|p2a: Mandibuzz\n|-damage|p2a: Mandibuzz|4\/100 par\n|move|p2a: Mandibuzz|Roost|p2a: Mandibuzz\n|-heal|p2a: Mandibuzz|54\/100 par\n|-singleturn|p2a: Mandibuzz|move: Roost\n|\n|-damage|p2a: Mandibuzz|42\/100 par|[from] Leech Seed|[of] p1a: Setitas\n|upkeep\n|turn|53\n|\n|t:|1700668257\n|move|p1a: Setitas|Mach Punch|p2a: Mandibuzz\n|-damage|p2a: Mandibuzz|31\/100 par\n|cant|p2a: Mandibuzz|par\n|\n|-damage|p2a: Mandibuzz|19\/100 par|[from] Leech Seed|[of] p1a: Setitas\n|upkeep\n|turn|54\n|\n|t:|1700668265\n|move|p1a: Setitas|Mach Punch|p2a: Mandibuzz\n|-crit|p2a: Mandibuzz\n|-damage|p2a: Mandibuzz|3\/100 par\n|move|p2a: Mandibuzz|Foul Play|p1a: Setitas\n|-resisted|p1a: Setitas\n|-damage|p1a: Setitas|84\/100 tox\n|\n|-damage|p2a: Mandibuzz|0 fnt|[from] Leech Seed|[of] p1a: Setitas\n|-heal|p1a: Setitas|87\/100 tox|[silent]\n|faint|p2a: Mandibuzz\n|\n|win|Erloko5\n|upkeep\n|l|\u2606chema778\n","uploadtime":1700668286,"views":13,"p1id":"erloko5","p2id":"chema778","formatid":"gen9nationaldex","rating":0,"private":0,"password":""}