{"id":"gen9nationaldex-1994442520","p1":"KIANA7666","p2":"DLying","format":"[Gen 9] National Dex","log":"|j|\u2606KIANA7666\n|j|\u2606DLying\n|t:|1700444438\n|gametype|singles\n|player|p1|KIANA7666|266|1524\n|player|p2|DLying|169|1529\n|teamsize|p1|6\n|teamsize|p2|6\n|gen|9\n|tier|[Gen 9] National Dex\n|rated|\n|rule|HP Percentage Mod: HP is shown in percentages\n|rule|Endless Battle Clause: Forcing endless battles is banned\n|rule|OHKO Clause: OHKO moves are banned\n|rule|Evasion Clause: Evasion abilities, items, and moves are banned\n|rule|Evasion Abilities Clause: Evasion abilities are banned\n|rule|Evasion Items Clause: Evasion items are banned\n|rule|Evasion Moves Clause: Evasion moves are banned\n|rule|Species Clause: Limit one of each Pok\u00e9mon\n|rule|Sleep Clause Mod: Limit one foe put to sleep\n|clearpoke\n|poke|p1|Banette, M|\n|poke|p1|Alomomola, F|\n|poke|p1|Great Tusk|\n|poke|p1|Heatran, M|\n|poke|p1|Garchomp, F|\n|poke|p1|Tapu Koko|\n|poke|p2|Sableye, M|\n|poke|p2|Blaziken, F|\n|poke|p2|Garganacl, M|\n|poke|p2|Dondozo, M|\n|poke|p2|Toxapex, M|\n|poke|p2|Gliscor, F|\n|teampreview\n|\n|t:|1700444469\n|start\n|switch|p1a: Tapu Koko|Tapu Koko|100\/100\n|switch|p2a: \u53d7\u961f\u961f\u957f\u6076\u9b3c\u692a|Sableye, M, shiny|100\/100\n|-fieldstart|move: Electric Terrain|[from] ability: Electric Surge|[of] p1a: Tapu Koko\n|turn|1\n|\n|t:|1700444477\n|detailschange|p2a: \u53d7\u961f\u961f\u957f\u6076\u9b3c\u692a|Sableye-Mega, M, shiny\n|-mega|p2a: \u53d7\u961f\u961f\u957f\u6076\u9b3c\u692a|Sableye|Sablenite\n|move|p2a: \u53d7\u961f\u961f\u957f\u6076\u9b3c\u692a|Protect|p2a: \u53d7\u961f\u961f\u957f\u6076\u9b3c\u692a\n|-singleturn|p2a: \u53d7\u961f\u961f\u957f\u6076\u9b3c\u692a|Protect\n|move|p1a: Tapu Koko|Dazzling Gleam|p2a: \u53d7\u961f\u961f\u957f\u6076\u9b3c\u692a\n|-activate|p2a: \u53d7\u961f\u961f\u957f\u6076\u9b3c\u692a|move: Protect\n|\n|upkeep\n|turn|2\n|\n|t:|1700444485\n|switch|p2a: MEGA\u76d0\u6bbf\u5c45\u87f9|Garganacl, M|100\/100\n|move|p1a: Tapu Koko|U-turn|p2a: MEGA\u76d0\u6bbf\u5c45\u87f9\n|-damage|p2a: MEGA\u76d0\u6bbf\u5c45\u87f9|90\/100\n|\n|t:|1700444494\n|switch|p1a: Great Tusk|Great Tusk|100\/100|[from] U-turn\n|\n|-heal|p2a: MEGA\u76d0\u6bbf\u5c45\u87f9|96\/100|[from] item: Leftovers\n|upkeep\n|turn|3\n|\n|t:|1700444505\n|move|p2a: MEGA\u76d0\u6bbf\u5c45\u87f9|Protect|p2a: MEGA\u76d0\u6bbf\u5c45\u87f9\n|-singleturn|p2a: MEGA\u76d0\u6bbf\u5c45\u87f9|Protect\n|move|p1a: Great Tusk|Stealth Rock|p2a: MEGA\u76d0\u6bbf\u5c45\u87f9\n|-sidestart|p2: DLying|move: Stealth Rock\n|\n|-heal|p2a: MEGA\u76d0\u6bbf\u5c45\u87f9|100\/100|[from] item: Leftovers\n|upkeep\n|turn|4\n|\n|t:|1700444523\n|switch|p2a: \u8d85\u9650\u7269\u8010\u571f\u5730\u4e91|Gliscor, F|100\/100\n|-damage|p2a: \u8d85\u9650\u7269\u8010\u571f\u5730\u4e91|88\/100|[from] Stealth Rock\n|move|p1a: Great Tusk|Close Combat|p2a: \u8d85\u9650\u7269\u8010\u571f\u5730\u4e91\n|-resisted|p2a: \u8d85\u9650\u7269\u8010\u571f\u5730\u4e91\n|-damage|p2a: \u8d85\u9650\u7269\u8010\u571f\u5730\u4e91|68\/100\n|-unboost|p1a: Great Tusk|def|1\n|-unboost|p1a: Great Tusk|spd|1\n|\n|-status|p2a: \u8d85\u9650\u7269\u8010\u571f\u5730\u4e91|tox|[from] item: Toxic Orb\n|upkeep\n|turn|5\n|\n|t:|1700444536\n|-end|p1a: Great Tusk|Protosynthesis|[silent]\n|switch|p1a: Alomomola|Alomomola, F|100\/100\n|move|p2a: \u8d85\u9650\u7269\u8010\u571f\u5730\u4e91|Protect||[still]\n|-fail|p2a: \u8d85\u9650\u7269\u8010\u571f\u5730\u4e91\n|\n|-heal|p2a: \u8d85\u9650\u7269\u8010\u571f\u5730\u4e91|80\/100 tox|[from] ability: Poison Heal\n|-fieldend|move: Electric Terrain\n|upkeep\n|turn|6\n|\n|t:|1700444542\n|move|p2a: \u8d85\u9650\u7269\u8010\u571f\u5730\u4e91|Toxic|p1a: Alomomola\n|-status|p1a: Alomomola|tox\n|move|p1a: Alomomola|Flip Turn|p2a: \u8d85\u9650\u7269\u8010\u571f\u5730\u4e91\n|-supereffective|p2a: \u8d85\u9650\u7269\u8010\u571f\u5730\u4e91\n|-damage|p2a: \u8d85\u9650\u7269\u8010\u571f\u5730\u4e91|61\/100 tox\n|c|\u2606KIANA7666|\u8001\u53d7b\u5440\n|c|\u2606KIANA7666|\u5750\u7262\u4e86\n|\n|t:|1700444572\n|switch|p1a: Banette|Banette, M|100\/100|[from] Flip Turn\n|-item|p2a: \u8d85\u9650\u7269\u8010\u571f\u5730\u4e91|Toxic Orb|[from] ability: Frisk|[of] p1a: Banette|[identify]\n|\n|-heal|p2a: \u8d85\u9650\u7269\u8010\u571f\u5730\u4e91|73\/100 tox|[from] ability: Poison Heal\n|upkeep\n|turn|7\n|\n|t:|1700444588\n|switch|p1a: Alomomola|Alomomola, F|100\/100 tox\n|move|p2a: \u8d85\u9650\u7269\u8010\u571f\u5730\u4e91|Toxic|p1a: Alomomola\n|-fail|p1a: Alomomola|tox\n|\n|-heal|p2a: \u8d85\u9650\u7269\u8010\u571f\u5730\u4e91|86\/100 tox|[from] ability: Poison Heal\n|-damage|p1a: Alomomola|94\/100 tox|[from] psn\n|upkeep\n|turn|8\n|\n|t:|1700444592\n|move|p2a: \u8d85\u9650\u7269\u8010\u571f\u5730\u4e91|Protect|p2a: \u8d85\u9650\u7269\u8010\u571f\u5730\u4e91\n|-singleturn|p2a: \u8d85\u9650\u7269\u8010\u571f\u5730\u4e91|Protect\n|move|p1a: Alomomola|Flip Turn|p2a: \u8d85\u9650\u7269\u8010\u571f\u5730\u4e91\n|-activate|p2a: \u8d85\u9650\u7269\u8010\u571f\u5730\u4e91|move: Protect\n|\n|-heal|p2a: \u8d85\u9650\u7269\u8010\u571f\u5730\u4e91|98\/100 tox|[from] ability: Poison Heal\n|-damage|p1a: Alomomola|82\/100 tox|[from] psn\n|upkeep\n|turn|9\n|\n|t:|1700444598\n|move|p2a: \u8d85\u9650\u7269\u8010\u571f\u5730\u4e91|Toxic|p1a: Alomomola|[miss]\n|-miss|p2a: \u8d85\u9650\u7269\u8010\u571f\u5730\u4e91|p1a: Alomomola\n|move|p1a: Alomomola|Flip Turn|p2a: \u8d85\u9650\u7269\u8010\u571f\u5730\u4e91\n|-supereffective|p2a: \u8d85\u9650\u7269\u8010\u571f\u5730\u4e91\n|-damage|p2a: \u8d85\u9650\u7269\u8010\u571f\u5730\u4e91|79\/100 tox\n|\n|t:|1700444633\n|switch|p1a: Tapu Koko|Tapu Koko|100\/100|[from] Flip Turn\n|-fieldstart|move: Electric Terrain|[from] ability: Electric Surge|[of] p1a: Tapu Koko\n|\n|-heal|p2a: \u8d85\u9650\u7269\u8010\u571f\u5730\u4e91|91\/100 tox|[from] ability: Poison Heal\n|upkeep\n|turn|10\n|\n|t:|1700444641\n|move|p2a: \u8d85\u9650\u7269\u8010\u571f\u5730\u4e91|Protect|p2a: \u8d85\u9650\u7269\u8010\u571f\u5730\u4e91\n|-singleturn|p2a: \u8d85\u9650\u7269\u8010\u571f\u5730\u4e91|Protect\n|move|p1a: Tapu Koko|U-turn|p2a: \u8d85\u9650\u7269\u8010\u571f\u5730\u4e91\n|-activate|p2a: \u8d85\u9650\u7269\u8010\u571f\u5730\u4e91|move: Protect\n|\n|-heal|p2a: \u8d85\u9650\u7269\u8010\u571f\u5730\u4e91|100\/100 tox|[from] ability: Poison Heal\n|upkeep\n|turn|11\n|\n|t:|1700444647\n|move|p1a: Tapu Koko|U-turn|p2a: \u8d85\u9650\u7269\u8010\u571f\u5730\u4e91\n|-resisted|p2a: \u8d85\u9650\u7269\u8010\u571f\u5730\u4e91\n|-damage|p2a: \u8d85\u9650\u7269\u8010\u571f\u5730\u4e91|96\/100 tox\n|\n|t:|1700444650\n|switch|p1a: Alomomola|Alomomola, F|100\/100 tox|[from] U-turn\n|move|p2a: \u8d85\u9650\u7269\u8010\u571f\u5730\u4e91|Toxic|p1a: Alomomola\n|-fail|p1a: Alomomola|tox\n|\n|-heal|p2a: \u8d85\u9650\u7269\u8010\u571f\u5730\u4e91|100\/100 tox|[from] ability: Poison Heal\n|-damage|p1a: Alomomola|94\/100 tox|[from] psn\n|upkeep\n|turn|12\n|\n|t:|1700444658\n|move|p2a: \u8d85\u9650\u7269\u8010\u571f\u5730\u4e91|Spikes|p1a: Alomomola\n|-sidestart|p1: KIANA7666|Spikes\n|move|p1a: Alomomola|Flip Turn|p2a: \u8d85\u9650\u7269\u8010\u571f\u5730\u4e91\n|-supereffective|p2a: \u8d85\u9650\u7269\u8010\u571f\u5730\u4e91\n|-damage|p2a: \u8d85\u9650\u7269\u8010\u571f\u5730\u4e91|80\/100 tox\n|\n|t:|1700444677\n|switch|p1a: Tapu Koko|Tapu Koko|100\/100|[from] Flip Turn\n|-damage|p1a: Tapu Koko|88\/100|[from] Spikes\n|\n|-heal|p2a: \u8d85\u9650\u7269\u8010\u571f\u5730\u4e91|92\/100 tox|[from] ability: Poison Heal\n|upkeep\n|turn|13\n|\n|t:|1700444684\n|move|p1a: Tapu Koko|Dazzling Gleam|p2a: \u8d85\u9650\u7269\u8010\u571f\u5730\u4e91\n|-damage|p2a: \u8d85\u9650\u7269\u8010\u571f\u5730\u4e91|53\/100 tox\n|move|p2a: \u8d85\u9650\u7269\u8010\u571f\u5730\u4e91|Toxic|p1a: Tapu Koko\n|-status|p1a: Tapu Koko|tox\n|\n|-damage|p1a: Tapu Koko|82\/100 tox|[from] psn\n|-heal|p2a: \u8d85\u9650\u7269\u8010\u571f\u5730\u4e91|65\/100 tox|[from] ability: Poison Heal\n|-fieldend|move: Electric Terrain\n|upkeep\n|turn|14\n|\n|t:|1700444692\n|move|p2a: \u8d85\u9650\u7269\u8010\u571f\u5730\u4e91|Protect|p2a: \u8d85\u9650\u7269\u8010\u571f\u5730\u4e91\n|-singleturn|p2a: \u8d85\u9650\u7269\u8010\u571f\u5730\u4e91|Protect\n|move|p1a: Tapu Koko|U-turn|p2a: \u8d85\u9650\u7269\u8010\u571f\u5730\u4e91\n|-activate|p2a: \u8d85\u9650\u7269\u8010\u571f\u5730\u4e91|move: Protect\n|\n|-damage|p1a: Tapu Koko|70\/100 tox|[from] psn\n|-heal|p2a: \u8d85\u9650\u7269\u8010\u571f\u5730\u4e91|78\/100 tox|[from] ability: Poison Heal\n|upkeep\n|turn|15\n|\n|t:|1700444698\n|move|p1a: Tapu Koko|U-turn|p2a: \u8d85\u9650\u7269\u8010\u571f\u5730\u4e91\n|-resisted|p2a: \u8d85\u9650\u7269\u8010\u571f\u5730\u4e91\n|-damage|p2a: \u8d85\u9650\u7269\u8010\u571f\u5730\u4e91|73\/100 tox\n|\n|t:|1700444703\n|switch|p1a: Alomomola|Alomomola, F|100\/100 tox|[from] U-turn\n|move|p2a: \u8d85\u9650\u7269\u8010\u571f\u5730\u4e91|Spikes|p1a: Alomomola\n|-sidestart|p1: KIANA7666|Spikes\n|\n|-heal|p2a: \u8d85\u9650\u7269\u8010\u571f\u5730\u4e91|85\/100 tox|[from] ability: Poison Heal\n|-damage|p1a: Alomomola|94\/100 tox|[from] psn\n|upkeep\n|turn|16\n|\n|t:|1700444717\n|move|p2a: \u8d85\u9650\u7269\u8010\u571f\u5730\u4e91|Protect|p2a: \u8d85\u9650\u7269\u8010\u571f\u5730\u4e91\n|-singleturn|p2a: \u8d85\u9650\u7269\u8010\u571f\u5730\u4e91|Protect\n|move|p1a: Alomomola|Wish|p1a: Alomomola\n|\n|-heal|p2a: \u8d85\u9650\u7269\u8010\u571f\u5730\u4e91|97\/100 tox|[from] ability: Poison Heal\n|-damage|p1a: Alomomola|82\/100 tox|[from] psn\n|upkeep\n|turn|17\n|\n|t:|1700444722\n|move|p2a: \u8d85\u9650\u7269\u8010\u571f\u5730\u4e91|Spikes|p1a: Alomomola\n|-sidestart|p1: KIANA7666|Spikes\n|move|p1a: Alomomola|Flip Turn|p2a: \u8d85\u9650\u7269\u8010\u571f\u5730\u4e91\n|-supereffective|p2a: \u8d85\u9650\u7269\u8010\u571f\u5730\u4e91\n|-damage|p2a: \u8d85\u9650\u7269\u8010\u571f\u5730\u4e91|78\/100 tox\n|\n|t:|1700444734\n|switch|p1a: Great Tusk|Great Tusk|100\/100|[from] Flip Turn\n|\n|-heal|p2a: \u8d85\u9650\u7269\u8010\u571f\u5730\u4e91|91\/100 tox|[from] ability: Poison Heal\n|upkeep\n|turn|18\n|\n|t:|1700444742\n|move|p1a: Great Tusk|Rapid Spin|p2a: \u8d85\u9650\u7269\u8010\u571f\u5730\u4e91\n|-damage|p2a: \u8d85\u9650\u7269\u8010\u571f\u5730\u4e91|79\/100 tox\n|-boost|p1a: Great Tusk|spe|1\n|-sideend|p1: KIANA7666|Spikes|[from] move: Rapid Spin|[of] p1a: Great Tusk\n|move|p2a: \u8d85\u9650\u7269\u8010\u571f\u5730\u4e91|Toxic|p1a: Great Tusk|[miss]\n|-miss|p2a: \u8d85\u9650\u7269\u8010\u571f\u5730\u4e91|p1a: Great Tusk\n|\n|-heal|p2a: \u8d85\u9650\u7269\u8010\u571f\u5730\u4e91|91\/100 tox|[from] ability: Poison Heal\n|upkeep\n|turn|19\n|\n|t:|1700444749\n|-end|p1a: Great Tusk|Protosynthesis|[silent]\n|switch|p1a: Alomomola|Alomomola, F|100\/100 tox\n|move|p2a: \u8d85\u9650\u7269\u8010\u571f\u5730\u4e91|Spikes|p1a: Alomomola\n|-sidestart|p1: KIANA7666|Spikes\n|\n|-heal|p2a: \u8d85\u9650\u7269\u8010\u571f\u5730\u4e91|100\/100 tox|[from] ability: Poison Heal\n|-damage|p1a: Alomomola|94\/100 tox|[from] psn\n|upkeep\n|turn|20\n|\n|t:|1700444757\n|move|p2a: \u8d85\u9650\u7269\u8010\u571f\u5730\u4e91|Spikes|p1a: Alomomola\n|-sidestart|p1: KIANA7666|Spikes\n|move|p1a: Alomomola|Wish|p1a: Alomomola\n|\n|-damage|p1a: Alomomola|82\/100 tox|[from] psn\n|upkeep\n|turn|21\n|\n|t:|1700444762\n|move|p2a: \u8d85\u9650\u7269\u8010\u571f\u5730\u4e91|Spikes|p1a: Alomomola\n|-sidestart|p1: KIANA7666|Spikes\n|move|p1a: Alomomola|Flip Turn|p2a: \u8d85\u9650\u7269\u8010\u571f\u5730\u4e91\n|-supereffective|p2a: \u8d85\u9650\u7269\u8010\u571f\u5730\u4e91\n|-damage|p2a: \u8d85\u9650\u7269\u8010\u571f\u5730\u4e91|81\/100 tox\n|\n|t:|1700444774\n|switch|p1a: Tapu Koko|Tapu Koko|70\/100 tox|[from] Flip Turn\n|-damage|p1a: Tapu Koko|45\/100 tox|[from] Spikes\n|-fieldstart|move: Electric Terrain|[from] ability: Electric Surge|[of] p1a: Tapu Koko\n|\n|-heal|p1a: Tapu Koko|100\/100 tox|[from] move: Wish|[wisher] Alomomola\n|-damage|p1a: Tapu Koko|94\/100 tox|[from] psn\n|-heal|p2a: \u8d85\u9650\u7269\u8010\u571f\u5730\u4e91|94\/100 tox|[from] ability: Poison Heal\n|upkeep\n|turn|22\n|\n|t:|1700444788\n|switch|p1a: Alomomola|Alomomola, F|100\/100 tox\n|move|p2a: \u8d85\u9650\u7269\u8010\u571f\u5730\u4e91|Earthquake|p1a: Alomomola\n|-damage|p1a: Alomomola|83\/100 tox\n|\n|-heal|p2a: \u8d85\u9650\u7269\u8010\u571f\u5730\u4e91|100\/100 tox|[from] ability: Poison Heal\n|-damage|p1a: Alomomola|76\/100 tox|[from] psn\n|upkeep\n|turn|23\n|\n|t:|1700444799\n|move|p2a: \u8d85\u9650\u7269\u8010\u571f\u5730\u4e91|Earthquake|p1a: Alomomola\n|-damage|p1a: Alomomola|59\/100 tox\n|move|p1a: Alomomola|Flip Turn|p2a: \u8d85\u9650\u7269\u8010\u571f\u5730\u4e91\n|-supereffective|p2a: \u8d85\u9650\u7269\u8010\u571f\u5730\u4e91\n|-damage|p2a: \u8d85\u9650\u7269\u8010\u571f\u5730\u4e91|80\/100 tox\n|\n|t:|1700444805\n|switch|p1a: Great Tusk|Great Tusk|100\/100|[from] Flip Turn\n|\n|-heal|p2a: \u8d85\u9650\u7269\u8010\u571f\u5730\u4e91|93\/100 tox|[from] ability: Poison Heal\n|upkeep\n|turn|24\n|\n|t:|1700444809\n|move|p1a: Great Tusk|Rapid Spin|p2a: \u8d85\u9650\u7269\u8010\u571f\u5730\u4e91\n|-damage|p2a: \u8d85\u9650\u7269\u8010\u571f\u5730\u4e91|80\/100 tox\n|-boost|p1a: Great Tusk|spe|1\n|-sideend|p1: KIANA7666|Spikes|[from] move: Rapid Spin|[of] p1a: Great Tusk\n|move|p2a: \u8d85\u9650\u7269\u8010\u571f\u5730\u4e91|Toxic|p1a: Great Tusk\n|-status|p1a: Great Tusk|tox\n|\n|-damage|p1a: Great Tusk|94\/100 tox|[from] psn\n|-heal|p2a: \u8d85\u9650\u7269\u8010\u571f\u5730\u4e91|93\/100 tox|[from] ability: Poison Heal\n|upkeep\n|turn|25\n|\n|t:|1700444819\n|-end|p1a: Great Tusk|Protosynthesis|[silent]\n|switch|p1a: Banette|Banette, M|100\/100\n|-item|p2a: \u8d85\u9650\u7269\u8010\u571f\u5730\u4e91|Toxic Orb|[from] ability: Frisk|[of] p1a: Banette|[identify]\n|move|p2a: \u8d85\u9650\u7269\u8010\u571f\u5730\u4e91|Spikes|p1a: Banette\n|-sidestart|p1: KIANA7666|Spikes\n|\n|-heal|p2a: \u8d85\u9650\u7269\u8010\u571f\u5730\u4e91|100\/100 tox|[from] ability: Poison Heal\n|-fieldend|move: Electric Terrain\n|upkeep\n|turn|26\n|\n|t:|1700444824\n|detailschange|p1a: Banette|Banette-Mega, M\n|-mega|p1a: Banette|Banette|Banettite\n|move|p1a: Banette|Encore|p2a: \u8d85\u9650\u7269\u8010\u571f\u5730\u4e91\n|-start|p2a: \u8d85\u9650\u7269\u8010\u571f\u5730\u4e91|Encore\n|move|p2a: \u8d85\u9650\u7269\u8010\u571f\u5730\u4e91|Spikes|p1a: Banette\n|-sidestart|p1: KIANA7666|Spikes\n|\n|upkeep\n|turn|27\n|inactive|Battle timer is ON: inactive players will automatically lose when time's up. (requested by KIANA7666)\n|\n|t:|1700444836\n|switch|p2a: \u53d7\u961f\u961f\u957f\u6076\u9b3c\u692a|Sableye-Mega, M, shiny|100\/100\n|-damage|p2a: \u53d7\u961f\u961f\u957f\u6076\u9b3c\u692a|88\/100|[from] Stealth Rock\n|move|p1a: Banette|Infestation|p2a: \u53d7\u961f\u961f\u957f\u6076\u9b3c\u692a\n|-damage|p2a: \u53d7\u961f\u961f\u957f\u6076\u9b3c\u692a|84\/100\n|-activate|p2a: \u53d7\u961f\u961f\u957f\u6076\u9b3c\u692a|move: Infestation|[of] p1a: Banette\n|\n|-damage|p2a: \u53d7\u961f\u961f\u957f\u6076\u9b3c\u692a|71\/100|[from] move: Infestation|[partiallytrapped]\n|upkeep\n|turn|28\n|\n|t:|1700444843\n|move|p1a: Banette|Poltergeist|p2a: \u53d7\u961f\u961f\u957f\u6076\u9b3c\u692a\n|-activate|p2a: \u53d7\u961f\u961f\u957f\u6076\u9b3c\u692a|move: Poltergeist|Sablenite\n|-damage|p2a: \u53d7\u961f\u961f\u957f\u6076\u9b3c\u692a|16\/100\n|move|p2a: \u53d7\u961f\u961f\u957f\u6076\u9b3c\u692a|Will-O-Wisp|p1a: Banette\n|-status|p1a: Banette|brn\n|\n|-damage|p1a: Banette|94\/100 brn|[from] brn\n|-damage|p2a: \u53d7\u961f\u961f\u957f\u6076\u9b3c\u692a|3\/100|[from] move: Infestation|[partiallytrapped]\n|upkeep\n|turn|29\n|\n|t:|1700444853\n|move|p1a: Banette|Poltergeist|p2a: \u53d7\u961f\u961f\u957f\u6076\u9b3c\u692a\n|-activate|p2a: \u53d7\u961f\u961f\u957f\u6076\u9b3c\u692a|move: Poltergeist|Sablenite\n|-damage|p2a: \u53d7\u961f\u961f\u957f\u6076\u9b3c\u692a|0 fnt\n|faint|p2a: \u53d7\u961f\u961f\u957f\u6076\u9b3c\u692a\n|\n|-damage|p1a: Banette|88\/100 brn|[from] brn\n|upkeep\n|\n|t:|1700444870\n|switch|p2a: \u5de8\u5927\u95ea\u5149\u9cb6\u9c7c\u738b|Dondozo, M|100\/100\n|-damage|p2a: \u5de8\u5927\u95ea\u5149\u9cb6\u9c7c\u738b|88\/100|[from] Stealth Rock\n|turn|30\n|\n|t:|1700444880\n|switch|p1a: Tapu Koko|Tapu Koko|94\/100 tox\n|-damage|p1a: Tapu Koko|78\/100 tox|[from] Spikes\n|-fieldstart|move: Electric Terrain|[from] ability: Electric Surge|[of] p1a: Tapu Koko\n|move|p2a: \u5de8\u5927\u95ea\u5149\u9cb6\u9c7c\u738b|Curse|p2a: \u5de8\u5927\u95ea\u5149\u9cb6\u9c7c\u738b\n|-unboost|p2a: \u5de8\u5927\u95ea\u5149\u9cb6\u9c7c\u738b|spe|1\n|-boost|p2a: \u5de8\u5927\u95ea\u5149\u9cb6\u9c7c\u738b|atk|1\n|-boost|p2a: \u5de8\u5927\u95ea\u5149\u9cb6\u9c7c\u738b|def|1\n|\n|-heal|p2a: \u5de8\u5927\u95ea\u5149\u9cb6\u9c7c\u738b|94\/100|[from] item: Leftovers\n|-damage|p1a: Tapu Koko|72\/100 tox|[from] psn\n|upkeep\n|turn|31\n|\n|t:|1700444901\n|switch|p2a: \u8d85\u9650\u7269\u8010\u571f\u5730\u4e91|Gliscor, F|100\/100 tox\n|-damage|p2a: \u8d85\u9650\u7269\u8010\u571f\u5730\u4e91|88\/100 tox|[from] Stealth Rock\n|move|p1a: Tapu Koko|U-turn|p2a: \u8d85\u9650\u7269\u8010\u571f\u5730\u4e91\n|-resisted|p2a: \u8d85\u9650\u7269\u8010\u571f\u5730\u4e91\n|-damage|p2a: \u8d85\u9650\u7269\u8010\u571f\u5730\u4e91|84\/100 tox\n|\n|t:|1700444907\n|switch|p1a: Great Tusk|Great Tusk|94\/100 tox|[from] U-turn\n|\n|-damage|p1a: Great Tusk|88\/100 tox|[from] psn\n|-heal|p2a: \u8d85\u9650\u7269\u8010\u571f\u5730\u4e91|96\/100 tox|[from] ability: Poison Heal\n|upkeep\n|turn|32\n|\n|t:|1700444912\n|move|p2a: \u8d85\u9650\u7269\u8010\u571f\u5730\u4e91|Protect|p2a: \u8d85\u9650\u7269\u8010\u571f\u5730\u4e91\n|-singleturn|p2a: \u8d85\u9650\u7269\u8010\u571f\u5730\u4e91|Protect\n|move|p1a: Great Tusk|Rapid Spin|p2a: \u8d85\u9650\u7269\u8010\u571f\u5730\u4e91\n|-activate|p2a: \u8d85\u9650\u7269\u8010\u571f\u5730\u4e91|move: Protect\n|\n|-damage|p1a: Great Tusk|76\/100 tox|[from] psn\n|-heal|p2a: \u8d85\u9650\u7269\u8010\u571f\u5730\u4e91|100\/100 tox|[from] ability: Poison Heal\n|upkeep\n|turn|33\n|\n|t:|1700444923\n|move|p1a: Great Tusk|Rapid Spin|p2a: \u8d85\u9650\u7269\u8010\u571f\u5730\u4e91\n|-damage|p2a: \u8d85\u9650\u7269\u8010\u571f\u5730\u4e91|89\/100 tox\n|-boost|p1a: Great Tusk|spe|1\n|-sideend|p1: KIANA7666|Spikes|[from] move: Rapid Spin|[of] p1a: Great Tusk\n|move|p2a: \u8d85\u9650\u7269\u8010\u571f\u5730\u4e91|Spikes|p1a: Great Tusk\n|-sidestart|p1: KIANA7666|Spikes\n|\n|-damage|p1a: Great Tusk|57\/100 tox|[from] psn\n|-heal|p2a: \u8d85\u9650\u7269\u8010\u571f\u5730\u4e91|100\/100 tox|[from] ability: Poison Heal\n|upkeep\n|turn|34\n|\n|t:|1700444934\n|-end|p1a: Great Tusk|Protosynthesis|[silent]\n|switch|p1a: Alomomola|Alomomola, F|93\/100 tox\n|move|p2a: \u8d85\u9650\u7269\u8010\u571f\u5730\u4e91|Spikes|p1a: Alomomola\n|-sidestart|p1: KIANA7666|Spikes\n|\n|-damage|p1a: Alomomola|86\/100 tox|[from] psn\n|-fieldend|move: Electric Terrain\n|upkeep\n|turn|35\n|\n|t:|1700444941\n|move|p2a: \u8d85\u9650\u7269\u8010\u571f\u5730\u4e91|Spikes|p1a: Alomomola\n|-sidestart|p1: KIANA7666|Spikes\n|move|p1a: Alomomola|Wish|p1a: Alomomola\n|\n|-damage|p1a: Alomomola|74\/100 tox|[from] psn\n|upkeep\n|turn|36\n|\n|t:|1700444966\n|switch|p2a: MEGA\u76d0\u6bbf\u5c45\u87f9|Garganacl, M|100\/100\n|-damage|p2a: MEGA\u76d0\u6bbf\u5c45\u87f9|88\/100|[from] Stealth Rock\n|move|p1a: Alomomola|Flip Turn|p2a: MEGA\u76d0\u6bbf\u5c45\u87f9\n|-supereffective|p2a: MEGA\u76d0\u6bbf\u5c45\u87f9\n|-damage|p2a: MEGA\u76d0\u6bbf\u5c45\u87f9|67\/100\n|\n|t:|1700444975\n|switch|p1a: Great Tusk|Great Tusk|57\/100 tox|[from] Flip Turn\n|\n|-heal|p1a: Great Tusk|100\/100 tox|[from] move: Wish|[wisher] Alomomola\n|-heal|p2a: MEGA\u76d0\u6bbf\u5c45\u87f9|73\/100|[from] item: Leftovers\n|-damage|p1a: Great Tusk|94\/100 tox|[from] psn\n|upkeep\n|turn|37\n|\n|t:|1700444983\n|move|p2a: MEGA\u76d0\u6bbf\u5c45\u87f9|Protect|p2a: MEGA\u76d0\u6bbf\u5c45\u87f9\n|-singleturn|p2a: MEGA\u76d0\u6bbf\u5c45\u87f9|Protect\n|move|p1a: Great Tusk|Headlong Rush|p2a: MEGA\u76d0\u6bbf\u5c45\u87f9\n|-activate|p2a: MEGA\u76d0\u6bbf\u5c45\u87f9|move: Protect\n|\n|-heal|p2a: MEGA\u76d0\u6bbf\u5c45\u87f9|79\/100|[from] item: Leftovers\n|-damage|p1a: Great Tusk|82\/100 tox|[from] psn\n|upkeep\n|turn|38\n|\n|t:|1700444999\n|move|p1a: Great Tusk|Rapid Spin|p2a: MEGA\u76d0\u6bbf\u5c45\u87f9\n|-resisted|p2a: MEGA\u76d0\u6bbf\u5c45\u87f9\n|-damage|p2a: MEGA\u76d0\u6bbf\u5c45\u87f9|72\/100\n|-boost|p1a: Great Tusk|spe|1\n|-sideend|p1: KIANA7666|Spikes|[from] move: Rapid Spin|[of] p1a: Great Tusk\n|move|p2a: MEGA\u76d0\u6bbf\u5c45\u87f9|Stealth Rock|p1a: Great Tusk\n|-sidestart|p1: KIANA7666|move: Stealth Rock\n|\n|-heal|p2a: MEGA\u76d0\u6bbf\u5c45\u87f9|78\/100|[from] item: Leftovers\n|-damage|p1a: Great Tusk|63\/100 tox|[from] psn\n|upkeep\n|turn|39\n|\n|t:|1700445009\n|move|p2a: MEGA\u76d0\u6bbf\u5c45\u87f9|Protect|p2a: MEGA\u76d0\u6bbf\u5c45\u87f9\n|-singleturn|p2a: MEGA\u76d0\u6bbf\u5c45\u87f9|Protect\n|move|p1a: Great Tusk|Close Combat|p2a: MEGA\u76d0\u6bbf\u5c45\u87f9\n|-activate|p2a: MEGA\u76d0\u6bbf\u5c45\u87f9|move: Protect\n|\n|-heal|p2a: MEGA\u76d0\u6bbf\u5c45\u87f9|85\/100|[from] item: Leftovers\n|-damage|p1a: Great Tusk|39\/100 tox|[from] psn\n|upkeep\n|turn|40\n|\n|t:|1700445019\n|-end|p1a: Great Tusk|Protosynthesis|[silent]\n|switch|p1a: Alomomola|Alomomola, F|100\/100 tox\n|move|p2a: MEGA\u76d0\u6bbf\u5c45\u87f9|Salt Cure|p1a: Alomomola\n|-damage|p1a: Alomomola|93\/100 tox\n|-start|p1a: Alomomola|Salt Cure\n|\n|-heal|p2a: MEGA\u76d0\u6bbf\u5c45\u87f9|91\/100|[from] item: Leftovers\n|-damage|p1a: Alomomola|86\/100 tox|[from] psn\n|-damage|p1a: Alomomola|62\/100 tox|[from] Salt Cure\n|upkeep\n|turn|41\n|\n|t:|1700445030\n|move|p2a: MEGA\u76d0\u6bbf\u5c45\u87f9|Protect|p2a: MEGA\u76d0\u6bbf\u5c45\u87f9\n|-singleturn|p2a: MEGA\u76d0\u6bbf\u5c45\u87f9|Protect\n|move|p1a: Alomomola|Wish|p1a: Alomomola\n|\n|-heal|p2a: MEGA\u76d0\u6bbf\u5c45\u87f9|97\/100|[from] item: Leftovers\n|-damage|p1a: Alomomola|49\/100 tox|[from] psn\n|-damage|p1a: Alomomola|24\/100 tox|[from] Salt Cure\n|upkeep\n|turn|42\n|\n|t:|1700445040\n|move|p1a: Alomomola|Flip Turn|p2a: MEGA\u76d0\u6bbf\u5c45\u87f9\n|-supereffective|p2a: MEGA\u76d0\u6bbf\u5c45\u87f9\n|-damage|p2a: MEGA\u76d0\u6bbf\u5c45\u87f9|75\/100\n|\n|t:|1700445048\n|switch|p1a: Great Tusk|Great Tusk|39\/100 tox|[from] Flip Turn\n|move|p2a: MEGA\u76d0\u6bbf\u5c45\u87f9|Salt Cure|p1a: Great Tusk\n|-resisted|p1a: Great Tusk\n|-damage|p1a: Great Tusk|36\/100 tox\n|-start|p1a: Great Tusk|Salt Cure\n|\n|-heal|p1a: Great Tusk|100\/100 tox|[from] move: Wish|[wisher] Alomomola\n|-heal|p2a: MEGA\u76d0\u6bbf\u5c45\u87f9|81\/100|[from] item: Leftovers\n|-damage|p1a: Great Tusk|94\/100 tox|[from] psn\n|-damage|p1a: Great Tusk|82\/100 tox|[from] Salt Cure\n|upkeep\n|turn|43\n|\n|t:|1700445063\n|move|p2a: MEGA\u76d0\u6bbf\u5c45\u87f9|Protect|p2a: MEGA\u76d0\u6bbf\u5c45\u87f9\n|-singleturn|p2a: MEGA\u76d0\u6bbf\u5c45\u87f9|Protect\n|move|p1a: Great Tusk|Rapid Spin|p2a: MEGA\u76d0\u6bbf\u5c45\u87f9\n|-activate|p2a: MEGA\u76d0\u6bbf\u5c45\u87f9|move: Protect\n|\n|-heal|p2a: MEGA\u76d0\u6bbf\u5c45\u87f9|87\/100|[from] item: Leftovers\n|-damage|p1a: Great Tusk|70\/100 tox|[from] psn\n|-damage|p1a: Great Tusk|57\/100 tox|[from] Salt Cure\n|upkeep\n|turn|44\n|\n|t:|1700445069\n|switch|p2a: \u8d85\u9650\u7269\u8010\u571f\u5730\u4e91|Gliscor, F|100\/100 tox\n|-damage|p2a: \u8d85\u9650\u7269\u8010\u571f\u5730\u4e91|88\/100 tox|[from] Stealth Rock\n|move|p1a: Great Tusk|Close Combat|p2a: \u8d85\u9650\u7269\u8010\u571f\u5730\u4e91\n|-resisted|p2a: \u8d85\u9650\u7269\u8010\u571f\u5730\u4e91\n|-damage|p2a: \u8d85\u9650\u7269\u8010\u571f\u5730\u4e91|66\/100 tox\n|-unboost|p1a: Great Tusk|def|1\n|-unboost|p1a: Great Tusk|spd|1\n|\n|-damage|p1a: Great Tusk|39\/100 tox|[from] psn\n|-heal|p2a: \u8d85\u9650\u7269\u8010\u571f\u5730\u4e91|79\/100 tox|[from] ability: Poison Heal\n|-damage|p1a: Great Tusk|26\/100 tox|[from] Salt Cure\n|upkeep\n|turn|45\n|\n|t:|1700445079\n|-end|p1a: Great Tusk|Protosynthesis|[silent]\n|switch|p1a: Alomomola|Alomomola, F|58\/100 tox\n|move|p2a: \u8d85\u9650\u7269\u8010\u571f\u5730\u4e91|Spikes|p1a: Alomomola\n|-sidestart|p1: KIANA7666|Spikes\n|\n|-heal|p2a: \u8d85\u9650\u7269\u8010\u571f\u5730\u4e91|91\/100 tox|[from] ability: Poison Heal\n|-damage|p1a: Alomomola|51\/100 tox|[from] psn\n|upkeep\n|turn|46\n|\n|t:|1700445088\n|switch|p1a: Banette|Banette-Mega, M|88\/100 brn\n|-damage|p1a: Banette|76\/100 brn|[from] Stealth Rock\n|-damage|p1a: Banette|64\/100 brn|[from] Spikes\n|move|p2a: \u8d85\u9650\u7269\u8010\u571f\u5730\u4e91|Earthquake|p1a: Banette\n|-damage|p1a: Banette|14\/100 brn\n|\n|-heal|p2a: \u8d85\u9650\u7269\u8010\u571f\u5730\u4e91|100\/100 tox|[from] ability: Poison Heal\n|-damage|p1a: Banette|8\/100 brn|[from] brn\n|upkeep\n|turn|47\n|\n|t:|1700445104\n|switch|p1a: Alomomola|Alomomola, F|85\/100 tox\n|move|p2a: \u8d85\u9650\u7269\u8010\u571f\u5730\u4e91|Protect||[still]\n|-fail|p2a: \u8d85\u9650\u7269\u8010\u571f\u5730\u4e91\n|\n|-damage|p1a: Alomomola|79\/100 tox|[from] psn\n|upkeep\n|turn|48\n|\n|t:|1700445121\n|move|p2a: \u8d85\u9650\u7269\u8010\u571f\u5730\u4e91|Earthquake|p1a: Alomomola\n|-crit|p1a: Alomomola\n|-damage|p1a: Alomomola|51\/100 tox\n|move|p1a: Alomomola|Wish|p1a: Alomomola\n|\n|-damage|p1a: Alomomola|39\/100 tox|[from] psn\n|upkeep\n|turn|49\n|\n|t:|1700445133\n|move|p2a: \u8d85\u9650\u7269\u8010\u571f\u5730\u4e91|Protect|p2a: \u8d85\u9650\u7269\u8010\u571f\u5730\u4e91\n|-singleturn|p2a: \u8d85\u9650\u7269\u8010\u571f\u5730\u4e91|Protect\n|move|p1a: Alomomola|Flip Turn|p2a: \u8d85\u9650\u7269\u8010\u571f\u5730\u4e91\n|-activate|p2a: \u8d85\u9650\u7269\u8010\u571f\u5730\u4e91|move: Protect\n|\n|-heal|p1a: Alomomola|89\/100 tox|[from] move: Wish|[wisher] Alomomola\n|-damage|p1a: Alomomola|71\/100 tox|[from] psn\n|upkeep\n|turn|50\n|l|\u2606DLying\n|inactive|DLying disconnected and has a minute to reconnect!\n|player|p2|\n|inactive|DLying has 30 seconds to reconnect!\n|inactive|DLying has 20 seconds to reconnect!\n|inactive|DLying has 15 seconds to reconnect!\n|j|\u2606DLying\n|inactive|DLying reconnected and has 85 seconds left.\n|player|p2|DLying|169\n|\n|t:|1700445200\n|move|p2a: \u8d85\u9650\u7269\u8010\u571f\u5730\u4e91|Earthquake|p1a: Alomomola\n|-damage|p1a: Alomomola|54\/100 tox\n|move|p1a: Alomomola|Wish|p1a: Alomomola\n|\n|-damage|p1a: Alomomola|30\/100 tox|[from] psn\n|upkeep\n|turn|51\n|\n|t:|1700445211\n|switch|p1a: Great Tusk|Great Tusk|26\/100 tox\n|move|p2a: \u8d85\u9650\u7269\u8010\u571f\u5730\u4e91|Protect||[still]\n|-fail|p2a: \u8d85\u9650\u7269\u8010\u571f\u5730\u4e91\n|\n|-heal|p1a: Great Tusk|98\/100 tox|[from] move: Wish|[wisher] Alomomola\n|-damage|p1a: Great Tusk|92\/100 tox|[from] psn\n|upkeep\n|turn|52\n|\n|t:|1700445227\n|move|p1a: Great Tusk|Rapid Spin|p2a: \u8d85\u9650\u7269\u8010\u571f\u5730\u4e91\n|-damage|p2a: \u8d85\u9650\u7269\u8010\u571f\u5730\u4e91|89\/100 tox\n|-boost|p1a: Great Tusk|spe|1\n|-sideend|p1: KIANA7666|Spikes|[from] move: Rapid Spin|[of] p1a: Great Tusk\n|-sideend|p1: KIANA7666|Stealth Rock|[from] move: Rapid Spin|[of] p1a: Great Tusk\n|move|p2a: \u8d85\u9650\u7269\u8010\u571f\u5730\u4e91|Earthquake|p1a: Great Tusk\n|-damage|p1a: Great Tusk|68\/100 tox\n|\n|-damage|p1a: Great Tusk|55\/100 tox|[from] psn\n|-heal|p2a: \u8d85\u9650\u7269\u8010\u571f\u5730\u4e91|100\/100 tox|[from] ability: Poison Heal\n|upkeep\n|turn|53\n|\n|t:|1700445232\n|-end|p1a: Great Tusk|Protosynthesis|[silent]\n|switch|p1a: Alomomola|Alomomola, F|63\/100 tox\n|move|p2a: \u8d85\u9650\u7269\u8010\u571f\u5730\u4e91|Spikes|p1a: Alomomola\n|-sidestart|p1: KIANA7666|Spikes\n|\n|-damage|p1a: Alomomola|57\/100 tox|[from] psn\n|upkeep\n|turn|54\n|\n|t:|1700445238\n|move|p2a: \u8d85\u9650\u7269\u8010\u571f\u5730\u4e91|Spikes|p1a: Alomomola\n|-sidestart|p1: KIANA7666|Spikes\n|move|p1a: Alomomola|Wish|p1a: Alomomola\n|\n|-damage|p1a: Alomomola|44\/100 tox|[from] psn\n|upkeep\n|turn|55\n|inactive|DLying has 90 seconds left.\n|\n|t:|1700445247\n|switch|p1a: Great Tusk|Great Tusk|55\/100 tox\n|move|p2a: \u8d85\u9650\u7269\u8010\u571f\u5730\u4e91|Protect||[still]\n|-fail|p2a: \u8d85\u9650\u7269\u8010\u571f\u5730\u4e91\n|\n|-heal|p1a: Great Tusk|100\/100 tox|[from] move: Wish|[wisher] Alomomola\n|-damage|p1a: Great Tusk|94\/100 tox|[from] psn\n|upkeep\n|turn|56\n|\n|t:|1700445253\n|move|p1a: Great Tusk|Rapid Spin|p2a: \u8d85\u9650\u7269\u8010\u571f\u5730\u4e91\n|-damage|p2a: \u8d85\u9650\u7269\u8010\u571f\u5730\u4e91|89\/100 tox\n|-boost|p1a: Great Tusk|spe|1\n|-sideend|p1: KIANA7666|Spikes|[from] move: Rapid Spin|[of] p1a: Great Tusk\n|move|p2a: \u8d85\u9650\u7269\u8010\u571f\u5730\u4e91|Spikes|p1a: Great Tusk\n|-sidestart|p1: KIANA7666|Spikes\n|\n|-damage|p1a: Great Tusk|82\/100 tox|[from] psn\n|-heal|p2a: \u8d85\u9650\u7269\u8010\u571f\u5730\u4e91|100\/100 tox|[from] ability: Poison Heal\n|upkeep\n|turn|57\n|\n|t:|1700445260\n|-end|p1a: Great Tusk|Protosynthesis|[silent]\n|switch|p1a: Alomomola|Alomomola, F|78\/100 tox\n|move|p2a: \u8d85\u9650\u7269\u8010\u571f\u5730\u4e91|Spikes|p1a: Alomomola\n|-sidestart|p1: KIANA7666|Spikes\n|\n|-damage|p1a: Alomomola|71\/100 tox|[from] psn\n|upkeep\n|turn|58\n|\n|t:|1700445267\n|switch|p2a: MEGA\u76d0\u6bbf\u5c45\u87f9|Garganacl, M|87\/100\n|-damage|p2a: MEGA\u76d0\u6bbf\u5c45\u87f9|75\/100|[from] Stealth Rock\n|move|p1a: Alomomola|Flip Turn|p2a: MEGA\u76d0\u6bbf\u5c45\u87f9\n|-supereffective|p2a: MEGA\u76d0\u6bbf\u5c45\u87f9\n|-damage|p2a: MEGA\u76d0\u6bbf\u5c45\u87f9|52\/100\n|\n|t:|1700445274\n|switch|p1a: Great Tusk|Great Tusk|82\/100 tox|[from] Flip Turn\n|\n|-heal|p2a: MEGA\u76d0\u6bbf\u5c45\u87f9|58\/100|[from] item: Leftovers\n|-damage|p1a: Great Tusk|76\/100 tox|[from] psn\n|upkeep\n|turn|59\n|\n|t:|1700445278\n|move|p2a: MEGA\u76d0\u6bbf\u5c45\u87f9|Protect|p2a: MEGA\u76d0\u6bbf\u5c45\u87f9\n|-singleturn|p2a: MEGA\u76d0\u6bbf\u5c45\u87f9|Protect\n|move|p1a: Great Tusk|Rapid Spin|p2a: MEGA\u76d0\u6bbf\u5c45\u87f9\n|-activate|p2a: MEGA\u76d0\u6bbf\u5c45\u87f9|move: Protect\n|\n|-heal|p2a: MEGA\u76d0\u6bbf\u5c45\u87f9|64\/100|[from] item: Leftovers\n|-damage|p1a: Great Tusk|63\/100 tox|[from] psn\n|upkeep\n|turn|60\n|\n|t:|1700445284\n|switch|p2a: \u8d85\u9650\u7269\u8010\u571f\u5730\u4e91|Gliscor, F|100\/100 tox\n|-damage|p2a: \u8d85\u9650\u7269\u8010\u571f\u5730\u4e91|88\/100 tox|[from] Stealth Rock\n|move|p1a: Great Tusk|Headlong Rush|p2a: \u8d85\u9650\u7269\u8010\u571f\u5730\u4e91\n|-immune|p2a: \u8d85\u9650\u7269\u8010\u571f\u5730\u4e91\n|\n|-damage|p1a: Great Tusk|45\/100 tox|[from] psn\n|-heal|p2a: \u8d85\u9650\u7269\u8010\u571f\u5730\u4e91|100\/100 tox|[from] ability: Poison Heal\n|upkeep\n|turn|61\n|\n|t:|1700445292\n|-end|p1a: Great Tusk|Protosynthesis|[silent]\n|switch|p1a: Alomomola|Alomomola, F|100\/100 tox\n|switch|p2a: MEGA\u76d0\u6bbf\u5c45\u87f9|Garganacl, M|64\/100\n|-damage|p2a: MEGA\u76d0\u6bbf\u5c45\u87f9|52\/100|[from] Stealth Rock\n|\n|-heal|p2a: MEGA\u76d0\u6bbf\u5c45\u87f9|58\/100|[from] item: Leftovers\n|-damage|p1a: Alomomola|94\/100 tox|[from] psn\n|upkeep\n|turn|62\n|\n|t:|1700445301\n|move|p1a: Alomomola|Wish|p1a: Alomomola\n|move|p2a: MEGA\u76d0\u6bbf\u5c45\u87f9|Recover|p2a: MEGA\u76d0\u6bbf\u5c45\u87f9\n|-heal|p2a: MEGA\u76d0\u6bbf\u5c45\u87f9|100\/100\n|\n|-damage|p1a: Alomomola|82\/100 tox|[from] psn\n|upkeep\n|turn|63\n|\n|t:|1700445309\n|switch|p1a: Great Tusk|Great Tusk|45\/100 tox\n|move|p2a: MEGA\u76d0\u6bbf\u5c45\u87f9|Salt Cure|p1a: Great Tusk\n|-resisted|p1a: Great Tusk\n|-damage|p1a: Great Tusk|42\/100 tox\n|-start|p1a: Great Tusk|Salt Cure\n|\n|-heal|p1a: Great Tusk|100\/100 tox|[from] move: Wish|[wisher] Alomomola\n|-damage|p1a: Great Tusk|94\/100 tox|[from] psn\n|-damage|p1a: Great Tusk|82\/100 tox|[from] Salt Cure\n|upkeep\n|turn|64\n|\n|t:|1700445327\n|move|p1a: Great Tusk|Rapid Spin|p2a: MEGA\u76d0\u6bbf\u5c45\u87f9\n|-resisted|p2a: MEGA\u76d0\u6bbf\u5c45\u87f9\n|-damage|p2a: MEGA\u76d0\u6bbf\u5c45\u87f9|94\/100\n|-boost|p1a: Great Tusk|spe|1\n|-sideend|p1: KIANA7666|Spikes|[from] move: Rapid Spin|[of] p1a: Great Tusk\n|move|p2a: MEGA\u76d0\u6bbf\u5c45\u87f9|Stealth Rock|p1a: Great Tusk\n|-sidestart|p1: KIANA7666|move: Stealth Rock\n|\n|-heal|p2a: MEGA\u76d0\u6bbf\u5c45\u87f9|100\/100|[from] item: Leftovers\n|-damage|p1a: Great Tusk|70\/100 tox|[from] psn\n|-damage|p1a: Great Tusk|57\/100 tox|[from] Salt Cure\n|upkeep\n|turn|65\n|\n|t:|1700445332\n|-end|p1a: Great Tusk|Protosynthesis|[silent]\n|switch|p1a: Alomomola|Alomomola, F|100\/100 tox\n|move|p2a: MEGA\u76d0\u6bbf\u5c45\u87f9|Protect||[still]\n|-fail|p2a: MEGA\u76d0\u6bbf\u5c45\u87f9\n|\n|-damage|p1a: Alomomola|94\/100 tox|[from] psn\n|upkeep\n|turn|66\n|\n|t:|1700445343\n|move|p1a: Alomomola|Flip Turn|p2a: MEGA\u76d0\u6bbf\u5c45\u87f9\n|-supereffective|p2a: MEGA\u76d0\u6bbf\u5c45\u87f9\n|-damage|p2a: MEGA\u76d0\u6bbf\u5c45\u87f9|77\/100\n|\n|t:|1700445356\n|switch|p1a: Garchomp|Garchomp, F|100\/100|[from] Flip Turn\n|-damage|p1a: Garchomp|94\/100|[from] Stealth Rock\n|move|p2a: MEGA\u76d0\u6bbf\u5c45\u87f9|Salt Cure|p1a: Garchomp\n|-resisted|p1a: Garchomp\n|-damage|p1a: Garchomp|87\/100\n|-start|p1a: Garchomp|Salt Cure\n|\n|-heal|p2a: MEGA\u76d0\u6bbf\u5c45\u87f9|83\/100|[from] item: Leftovers\n|-damage|p1a: Garchomp|75\/100|[from] Salt Cure\n|upkeep\n|turn|67\n|\n|t:|1700445378\n|move|p2a: MEGA\u76d0\u6bbf\u5c45\u87f9|Protect|p2a: MEGA\u76d0\u6bbf\u5c45\u87f9\n|-singleturn|p2a: MEGA\u76d0\u6bbf\u5c45\u87f9|Protect\n|move|p1a: Garchomp|Earthquake|p2a: MEGA\u76d0\u6bbf\u5c45\u87f9\n|-activate|p2a: MEGA\u76d0\u6bbf\u5c45\u87f9|move: Protect\n|\n|-heal|p2a: MEGA\u76d0\u6bbf\u5c45\u87f9|89\/100|[from] item: Leftovers\n|-damage|p1a: Garchomp|63\/100|[from] Salt Cure\n|upkeep\n|turn|68\n|\n|t:|1700445385\n|move|p1a: Garchomp|Earthquake|p2a: MEGA\u76d0\u6bbf\u5c45\u87f9\n|-supereffective|p2a: MEGA\u76d0\u6bbf\u5c45\u87f9\n|-damage|p2a: MEGA\u76d0\u6bbf\u5c45\u87f9|14\/100\n|move|p2a: MEGA\u76d0\u6bbf\u5c45\u87f9|Recover|p2a: MEGA\u76d0\u6bbf\u5c45\u87f9\n|-heal|p2a: MEGA\u76d0\u6bbf\u5c45\u87f9|64\/100\n|\n|-heal|p2a: MEGA\u76d0\u6bbf\u5c45\u87f9|71\/100|[from] item: Leftovers\n|-damage|p1a: Garchomp|50\/100|[from] Salt Cure\n|upkeep\n|turn|69\n|\n|t:|1700445393\n|move|p2a: MEGA\u76d0\u6bbf\u5c45\u87f9|Protect|p2a: MEGA\u76d0\u6bbf\u5c45\u87f9\n|-singleturn|p2a: MEGA\u76d0\u6bbf\u5c45\u87f9|Protect\n|move|p1a: Garchomp|Swords Dance|p1a: Garchomp\n|-boost|p1a: Garchomp|atk|2\n|\n|-heal|p2a: MEGA\u76d0\u6bbf\u5c45\u87f9|77\/100|[from] item: Leftovers\n|-damage|p1a: Garchomp|38\/100|[from] Salt Cure\n|upkeep\n|turn|70\n|\n|t:|1700445411\n|switch|p2a: \u8d85\u9650\u7269\u8010\u571f\u5730\u4e91|Gliscor, F|100\/100 tox\n|-damage|p2a: \u8d85\u9650\u7269\u8010\u571f\u5730\u4e91|88\/100 tox|[from] Stealth Rock\n|move|p1a: Garchomp|Earthquake|p2a: \u8d85\u9650\u7269\u8010\u571f\u5730\u4e91\n|-immune|p2a: \u8d85\u9650\u7269\u8010\u571f\u5730\u4e91\n|\n|-heal|p2a: \u8d85\u9650\u7269\u8010\u571f\u5730\u4e91|100\/100 tox|[from] ability: Poison Heal\n|-damage|p1a: Garchomp|26\/100|[from] Salt Cure\n|upkeep\n|turn|71\n|\n|t:|1700445432\n|switch|p1a: Alomomola|Alomomola, F|100\/100 tox\n|move|p2a: \u8d85\u9650\u7269\u8010\u571f\u5730\u4e91|Protect||[still]\n|-fail|p2a: \u8d85\u9650\u7269\u8010\u571f\u5730\u4e91\n|\n|-damage|p1a: Alomomola|94\/100 tox|[from] psn\n|upkeep\n|turn|72\n|inactive|DLying has 120 seconds left.\n|c|\u2606KIANA7666|\u8981\u4e0d\u6211\u4eec\u731c\u62f3\u51b3\u80dc\u5427\n|l|\u2606DLying\n|inactive|DLying disconnected and has a minute to reconnect!\n|player|p2|\n|inactive|DLying has 30 seconds to reconnect!\n|inactive|DLying has 20 seconds to reconnect!\n|inactive|DLying has 15 seconds to reconnect!\n|inactive|DLying has 10 seconds to reconnect!\n|inactive|DLying has 5 seconds to reconnect!\n|-message|DLying lost due to inactivity.\n|\n|win|KIANA7666\n|raw|KIANA7666's rating: 1524 &rarr; <strong>1544<\/strong><br \/>(+20 for winning)\n|raw|DLying's rating: 1529 &rarr; <strong>1509<\/strong><br \/>(-20 for losing)\n","uploadtime":1700445561,"views":7,"p1id":"kiana7666","p2id":"dlying","formatid":"gen9nationaldex","rating":1509,"private":0,"password":""}