{"id":"gen9nationaldex-1993711840","p1":"MafeIsMental","p2":"ana_cat_ana","format":"[Gen 9] National Dex","log":"|j|\u2606MafeIsMental\n|j|\u2606ana_cat_ana\n|t:|1700348341\n|gametype|singles\n|player|p1|MafeIsMental|rocketgruntf|1327\n|player|p2|ana_cat_ana|nurse|1231\n|teamsize|p1|6\n|teamsize|p2|6\n|gen|9\n|tier|[Gen 9] National Dex\n|rated|\n|rule|HP Percentage Mod: HP is shown in percentages\n|rule|Endless Battle Clause: Forcing endless battles is banned\n|rule|OHKO Clause: OHKO moves are banned\n|rule|Evasion Clause: Evasion abilities, items, and moves are banned\n|rule|Evasion Abilities Clause: Evasion abilities are banned\n|rule|Evasion Items Clause: Evasion items are banned\n|rule|Evasion Moves Clause: Evasion moves are banned\n|rule|Species Clause: Limit one of each Pok\u00e9mon\n|rule|Sleep Clause Mod: Limit one foe put to sleep\n|clearpoke\n|poke|p1|Volcarona, M|\n|poke|p1|Toxapex, F|\n|poke|p1|Landorus-Therian, M|\n|poke|p1|Grimmsnarl, M|\n|poke|p1|Skeledirge, M|\n|poke|p1|Greninja-*, M|\n|poke|p2|Charizard, F|\n|poke|p2|Ogerpon-Wellspring, F|\n|poke|p2|Great Tusk|\n|poke|p2|Lilligant-Hisui, F|\n|poke|p2|Volcarona, M|\n|poke|p2|Gliscor, M|\n|teampreview\n|inactive|Battle timer is ON: inactive players will automatically lose when time's up. (requested by ana_cat_ana)\n|inactive|MafeIsMental also wants the timer to be on.\n|\n|t:|1700348350\n|start\n|switch|p1a: Landorus|Landorus-Therian, M|100\/100\n|switch|p2a: Monica|Charizard, F|100\/100\n|-ability|p1a: Landorus|Intimidate|boost\n|-unboost|p2a: Monica|atk|1\n|turn|1\n|\n|t:|1700348365\n|detailschange|p2a: Monica|Charizard-Mega-Y, F\n|-mega|p2a: Monica|Charizard|Charizardite Y\n|-weather|SunnyDay|[from] ability: Drought|[of] p2a: Monica\n|move|p2a: Monica|Fire Blast|p1a: Landorus\n|-damage|p1a: Landorus|0 fnt\n|faint|p1a: Landorus\n|\n|-weather|SunnyDay|[upkeep]\n|upkeep\n|\n|t:|1700348371\n|switch|p1a: Greninja|Greninja, M|100\/100\n|turn|2\n|\n|t:|1700348380\n|switch|p2a: Izabela|Lilligant-Hisui, F|100\/100\n|move|p1a: Greninja|Ice Beam|p2a: Izabela\n|-start|p1a: Greninja|typechange|Ice|[from] ability: Protean\n|-supereffective|p2a: Izabela\n|-enditem|p2a: Izabela|Focus Sash\n|-damage|p2a: Izabela|1\/100\n|\n|-weather|SunnyDay|[upkeep]\n|upkeep\n|turn|3\n|\n|t:|1700348390\n|switch|p1a: Monty|Skeledirge, M|100\/100\n|move|p2a: Izabela|Close Combat|p1a: Monty\n|-immune|p1a: Monty\n|\n|-weather|SunnyDay|[upkeep]\n|upkeep\n|turn|4\n|\n|t:|1700348402\n|move|p2a: Izabela|Solar Blade||[still]\n|-prepare|p2a: Izabela|Solar Blade\n|-anim|p2a: Izabela|Solar Blade|p1a: Monty\n|-resisted|p1a: Monty\n|-damage|p1a: Monty|75\/100\n|move|p1a: Monty|Torch Song|p2a: Izabela\n|-supereffective|p2a: Izabela\n|-damage|p2a: Izabela|0 fnt\n|-boost|p1a: Monty|spa|1\n|faint|p2a: Izabela\n|\n|-weather|SunnyDay|[upkeep]\n|upkeep\n|\n|t:|1700348415\n|switch|p2a: Jonas|Great Tusk|100\/100\n|-activate|p2a: Jonas|ability: Protosynthesis\n|-start|p2a: Jonas|protosynthesisatk\n|turn|5\n|\n|t:|1700348424\n|-terastallize|p1a: Monty|Fairy\n|move|p2a: Jonas|Earthquake|p1a: Monty\n|-damage|p1a: Monty|28\/100\n|move|p1a: Monty|Will-O-Wisp|p2a: Jonas\n|-status|p2a: Jonas|brn\n|\n|-weather|none\n|-end|p2a: Jonas|Protosynthesis\n|-damage|p2a: Jonas|94\/100 brn|[from] brn\n|upkeep\n|turn|6\n|\n|t:|1700348436\n|move|p2a: Jonas|Earthquake|p1a: Monty\n|-damage|p1a: Monty|9\/100\n|move|p1a: Monty|Slack Off|p1a: Monty\n|-heal|p1a: Monty|59\/100\n|\n|-damage|p2a: Jonas|88\/100 brn|[from] brn\n|upkeep\n|turn|7\n|\n|t:|1700348460\n|-end|p2a: Jonas|Protosynthesis|[silent]\n|switch|p2a: Paulo|Gliscor, M|100\/100\n|move|p1a: Monty|Slack Off|p1a: Monty\n|-heal|p1a: Monty|100\/100\n|\n|-status|p2a: Paulo|tox|[from] item: Toxic Orb\n|upkeep\n|turn|8\n|\n|t:|1700348467\n|move|p2a: Paulo|Toxic|p1a: Monty\n|-status|p1a: Monty|tox\n|move|p1a: Monty|Torch Song|p2a: Paulo\n|-damage|p2a: Paulo|45\/100 tox\n|-boost|p1a: Monty|spa|1\n|\n|-heal|p2a: Paulo|58\/100 tox|[from] ability: Poison Heal\n|-damage|p1a: Monty|94\/100 tox|[from] psn\n|upkeep\n|turn|9\n|\n|t:|1700348479\n|move|p2a: Paulo|Protect|p2a: Paulo\n|-singleturn|p2a: Paulo|Protect\n|move|p1a: Monty|Hex|p2a: Paulo\n|-activate|p2a: Paulo|move: Protect\n|\n|-heal|p2a: Paulo|70\/100 tox|[from] ability: Poison Heal\n|-damage|p1a: Monty|82\/100 tox|[from] psn\n|upkeep\n|turn|10\n|\n|t:|1700348501\n|switch|p2a: Giovana|Ogerpon-Wellspring, F|100\/100\n|move|p1a: Monty|Hex|p2a: Giovana\n|-damage|p2a: Giovana|48\/100\n|\n|-damage|p1a: Monty|64\/100 tox|[from] psn\n|upkeep\n|turn|11\n|\n|t:|1700348512\n|-terastallize|p2a: Giovana|Water\n|detailschange|p2a: Giovana|Ogerpon-Wellspring-Tera, F, tera:Water\n|-ability|p2a: Giovana|Embody Aspect (Wellspring)|boost\n|-boost|p2a: Giovana|spd|1\n|move|p2a: Giovana|Horn Leech|p1a: Monty\n|-crit|p1a: Monty\n|-damage|p1a: Monty|7\/100 tox\n|-heal|p2a: Giovana|87\/100|[from] drain|[of] p1a: Monty\n|move|p1a: Monty|Will-O-Wisp|p2a: Giovana|[miss]\n|-miss|p1a: Monty|p2a: Giovana\n|\n|-damage|p1a: Monty|0 fnt|[from] psn\n|faint|p1a: Monty\n|upkeep\n|\n|t:|1700348522\n|switch|p1a: Toxapex|Toxapex, F|100\/100\n|turn|12\n|inactive|ana_cat_ana has 120 seconds left.\n|\n|t:|1700348542\n|move|p2a: Giovana|Substitute|p2a: Giovana\n|-start|p2a: Giovana|Substitute\n|-damage|p2a: Giovana|62\/100\n|move|p1a: Toxapex|Infestation|p2a: Giovana\n|-activate|p2a: Giovana|move: Substitute|[damage]\n|\n|upkeep\n|turn|13\n|\n|t:|1700348548\n|move|p2a: Giovana|Swords Dance|p2a: Giovana\n|-boost|p2a: Giovana|atk|2\n|move|p1a: Toxapex|Haze|p1a: Toxapex\n|-clearallboost\n|\n|upkeep\n|turn|14\n|\n|t:|1700348560\n|move|p2a: Giovana|Swords Dance|p2a: Giovana\n|-boost|p2a: Giovana|atk|2\n|move|p1a: Toxapex|Infestation|p2a: Giovana\n|-activate|p2a: Giovana|move: Substitute|[damage]\n|\n|upkeep\n|turn|15\n|\n|t:|1700348571\n|move|p2a: Giovana|Horn Leech|p1a: Toxapex\n|-damage|p1a: Toxapex|52\/100\n|-heal|p2a: Giovana|86\/100|[from] drain|[of] p1a: Toxapex\n|move|p1a: Toxapex|Haze|p1a: Toxapex\n|-clearallboost\n|\n|-heal|p1a: Toxapex|58\/100|[from] item: Black Sludge\n|upkeep\n|turn|16\n|\n|t:|1700348580\n|move|p2a: Giovana|Horn Leech|p1a: Toxapex\n|-damage|p1a: Toxapex|33\/100\n|-heal|p2a: Giovana|99\/100|[from] drain|[of] p1a: Toxapex\n|move|p1a: Toxapex|Recover|p1a: Toxapex\n|-heal|p1a: Toxapex|83\/100\n|\n|-heal|p1a: Toxapex|89\/100|[from] item: Black Sludge\n|upkeep\n|turn|17\n|\n|t:|1700348589\n|switch|p2a: Jonas|Great Tusk|88\/100 brn\n|move|p1a: Toxapex|Infestation|p2a: Jonas\n|-resisted|p2a: Jonas\n|-damage|p2a: Jonas|87\/100 brn\n|-activate|p2a: Jonas|move: Infestation|[of] p1a: Toxapex\n|\n|-heal|p1a: Toxapex|96\/100|[from] item: Black Sludge\n|-damage|p2a: Jonas|81\/100 brn|[from] brn\n|-damage|p2a: Jonas|68\/100 brn|[from] move: Infestation|[partiallytrapped]\n|upkeep\n|turn|18\n|\n|t:|1700348603\n|move|p2a: Jonas|Earthquake|p1a: Toxapex\n|-supereffective|p1a: Toxapex\n|-damage|p1a: Toxapex|66\/100\n|move|p1a: Toxapex|Infestation|p2a: Jonas\n|-resisted|p2a: Jonas\n|-damage|p2a: Jonas|68\/100 brn\n|\n|-heal|p1a: Toxapex|72\/100|[from] item: Black Sludge\n|-damage|p2a: Jonas|61\/100 brn|[from] brn\n|-damage|p2a: Jonas|49\/100 brn|[from] move: Infestation|[partiallytrapped]\n|upkeep\n|turn|19\n|inactive|MafeIsMental has 120 seconds left.\n|\n|t:|1700348641\n|move|p2a: Jonas|Rapid Spin|p1a: Toxapex\n|-damage|p1a: Toxapex|68\/100\n|-boost|p2a: Jonas|spe|1\n|-end|p2a: Jonas|Infestation|[partiallytrapped]\n|move|p1a: Toxapex|Infestation|p2a: Jonas\n|-resisted|p2a: Jonas\n|-damage|p2a: Jonas|48\/100 brn\n|-activate|p2a: Jonas|move: Infestation|[of] p1a: Toxapex\n|\n|-heal|p1a: Toxapex|74\/100|[from] item: Black Sludge\n|-damage|p2a: Jonas|42\/100 brn|[from] brn\n|-damage|p2a: Jonas|30\/100 brn|[from] move: Infestation|[partiallytrapped]\n|upkeep\n|turn|20\n|\n|t:|1700348652\n|move|p2a: Jonas|Rapid Spin|p1a: Toxapex\n|-damage|p1a: Toxapex|69\/100\n|-boost|p2a: Jonas|spe|1\n|-end|p2a: Jonas|Infestation|[partiallytrapped]\n|move|p1a: Toxapex|Recover|p1a: Toxapex\n|-heal|p1a: Toxapex|100\/100\n|\n|-damage|p2a: Jonas|23\/100 brn|[from] brn\n|upkeep\n|turn|21\n|\n|t:|1700348665\n|-end|p2a: Jonas|Protosynthesis|[silent]\n|switch|p2a: Monica|Charizard-Mega-Y, F|100\/100\n|-weather|SunnyDay|[from] ability: Drought|[of] p2a: Monica\n|move|p1a: Toxapex|Infestation|p2a: Monica\n|-resisted|p2a: Monica\n|-damage|p2a: Monica|99\/100\n|-activate|p2a: Monica|move: Infestation|[of] p1a: Toxapex\n|\n|-weather|SunnyDay|[upkeep]\n|-damage|p2a: Monica|87\/100|[from] move: Infestation|[partiallytrapped]\n|upkeep\n|turn|22\n|\n|t:|1700348675\n|move|p2a: Monica|Solar Beam||[still]\n|-prepare|p2a: Monica|Solar Beam\n|-anim|p2a: Monica|Solar Beam|p1a: Toxapex\n|-damage|p1a: Toxapex|58\/100\n|move|p1a: Toxapex|Toxic|p2a: Monica\n|-status|p2a: Monica|tox\n|\n|-weather|SunnyDay|[upkeep]\n|-heal|p1a: Toxapex|64\/100|[from] item: Black Sludge\n|-damage|p2a: Monica|81\/100 tox|[from] psn\n|-damage|p2a: Monica|69\/100 tox|[from] move: Infestation|[partiallytrapped]\n|upkeep\n|turn|23\n|\n|t:|1700348687\n|move|p2a: Monica|Scorching Sands|p1a: Toxapex\n|-supereffective|p1a: Toxapex\n|-damage|p1a: Toxapex|14\/100\n|-status|p1a: Toxapex|brn\n|move|p1a: Toxapex|Recover|p1a: Toxapex\n|-heal|p1a: Toxapex|64\/100 brn\n|\n|-weather|SunnyDay|[upkeep]\n|-heal|p1a: Toxapex|70\/100 brn|[from] item: Black Sludge\n|-damage|p2a: Monica|57\/100 tox|[from] psn\n|-damage|p1a: Toxapex|64\/100 brn|[from] brn\n|-damage|p2a: Monica|44\/100 tox|[from] move: Infestation|[partiallytrapped]\n|upkeep\n|turn|24\n|\n|t:|1700348700\n|move|p2a: Monica|Scorching Sands|p1a: Toxapex\n|-supereffective|p1a: Toxapex\n|-damage|p1a: Toxapex|16\/100 brn\n|move|p1a: Toxapex|Recover|p1a: Toxapex\n|-heal|p1a: Toxapex|66\/100 brn\n|\n|-weather|SunnyDay|[upkeep]\n|-heal|p1a: Toxapex|73\/100 brn|[from] item: Black Sludge\n|-damage|p2a: Monica|26\/100 tox|[from] psn\n|-damage|p1a: Toxapex|66\/100 brn|[from] brn\n|-damage|p2a: Monica|14\/100 tox|[from] move: Infestation|[partiallytrapped]\n|upkeep\n|turn|25\n|\n|t:|1700348712\n|move|p2a: Monica|Scorching Sands|p1a: Toxapex\n|-supereffective|p1a: Toxapex\n|-damage|p1a: Toxapex|20\/100 brn\n|move|p1a: Toxapex|Recover|p1a: Toxapex\n|-heal|p1a: Toxapex|70\/100 brn\n|\n|-weather|none\n|-heal|p1a: Toxapex|76\/100 brn|[from] item: Black Sludge\n|-damage|p2a: Monica|0 fnt|[from] psn\n|faint|p2a: Monica\n|-damage|p1a: Toxapex|70\/100 brn|[from] brn\n|upkeep\n|\n|t:|1700348734\n|switch|p2a: Paulo|Gliscor, M|70\/100 tox\n|turn|26\n|\n|t:|1700348740\n|switch|p1a: Greninja|Greninja, M|100\/100\n|move|p2a: Paulo|Knock Off|p1a: Greninja\n|-resisted|p1a: Greninja\n|-damage|p1a: Greninja|82\/100\n|-enditem|p1a: Greninja|Choice Specs|[from] move: Knock Off|[of] p2a: Paulo\n|\n|-heal|p2a: Paulo|82\/100 tox|[from] ability: Poison Heal\n|upkeep\n|turn|27\n|\n|t:|1700348755\n|move|p1a: Greninja|Ice Beam|p2a: Paulo\n|-start|p1a: Greninja|typechange|Ice|[from] ability: Protean\n|-supereffective|p2a: Paulo\n|-damage|p2a: Paulo|0 fnt\n|faint|p2a: Paulo\n|\n|upkeep\n|\n|t:|1700348763\n|switch|p2a: Leandro|Volcarona, M|100\/100\n|turn|28\n|\n|t:|1700348768\n|move|p1a: Greninja|Surf|p2a: Leandro\n|-supereffective|p2a: Leandro\n|-damage|p2a: Leandro|41\/100\n|move|p2a: Leandro|Fiery Dance|p1a: Greninja\n|-supereffective|p1a: Greninja\n|-damage|p1a: Greninja|0 fnt\n|-boost|p2a: Leandro|spa|1\n|faint|p1a: Greninja\n|\n|upkeep\n|\n|t:|1700348775\n|switch|p1a: Grimmsnarl|Grimmsnarl, M|100\/100\n|turn|29\n|\n|t:|1700348783\n|move|p1a: Grimmsnarl|Light Screen|p1a: Grimmsnarl\n|-sidestart|p1: MafeIsMental|move: Light Screen\n|move|p2a: Leandro|Morning Sun|p2a: Leandro\n|-heal|p2a: Leandro|91\/100\n|\n|upkeep\n|turn|30\n|\n|t:|1700348793\n|move|p1a: Grimmsnarl|Reflect|p1a: Grimmsnarl\n|-sidestart|p1: MafeIsMental|Reflect\n|move|p2a: Leandro|Quiver Dance|p2a: Leandro\n|-boost|p2a: Leandro|spa|1\n|-boost|p2a: Leandro|spd|1\n|-boost|p2a: Leandro|spe|1\n|\n|upkeep\n|turn|31\n|\n|t:|1700348798\n|move|p1a: Grimmsnarl|Parting Shot|p2a: Leandro\n|-unboost|p2a: Leandro|atk|1\n|-unboost|p2a: Leandro|spa|1\n|\n|t:|1700348801\n|switch|p1a: Toxapex|Toxapex, F|100\/100 brn|[from] Parting Shot\n|move|p2a: Leandro|Quiver Dance|p2a: Leandro\n|-boost|p2a: Leandro|spa|1\n|-boost|p2a: Leandro|spd|1\n|-boost|p2a: Leandro|spe|1\n|\n|-damage|p1a: Toxapex|94\/100 brn|[from] brn\n|upkeep\n|turn|32\n|\n|t:|1700348818\n|move|p2a: Leandro|Fiery Dance|p1a: Toxapex\n|-resisted|p1a: Toxapex\n|-damage|p1a: Toxapex|75\/100 brn\n|-boost|p2a: Leandro|spa|1\n|move|p1a: Toxapex|Haze|p1a: Toxapex\n|-clearallboost\n|\n|-heal|p1a: Toxapex|82\/100 brn|[from] item: Black Sludge\n|-damage|p1a: Toxapex|75\/100 brn|[from] brn\n|upkeep\n|turn|33\n|\n|t:|1700348831\n|switch|p2a: Jonas|Great Tusk|23\/100 brn\n|move|p1a: Toxapex|Infestation|p2a: Jonas\n|-resisted|p2a: Jonas\n|-damage|p2a: Jonas|22\/100 brn\n|-activate|p2a: Jonas|move: Infestation|[of] p1a: Toxapex\n|\n|-heal|p1a: Toxapex|82\/100 brn|[from] item: Black Sludge\n|-damage|p2a: Jonas|16\/100 brn|[from] brn\n|-damage|p1a: Toxapex|75\/100 brn|[from] brn\n|-damage|p2a: Jonas|4\/100 brn|[from] move: Infestation|[partiallytrapped]\n|upkeep\n|turn|34\n|\n|t:|1700348842\n|switch|p1a: Grimmsnarl|Grimmsnarl, M|100\/100\n|move|p2a: Jonas|Earthquake|p1a: Grimmsnarl\n|-damage|p1a: Grimmsnarl|87\/100\n|\n|-damage|p2a: Jonas|0 fnt|[from] brn\n|faint|p2a: Jonas\n|-end|p2a: Jonas|Protosynthesis|[silent]\n|upkeep\n|\n|t:|1700348858\n|switch|p2a: Leandro|Volcarona, M|91\/100\n|turn|35\n|\n|t:|1700348863\n|move|p1a: Grimmsnarl|Parting Shot|p2a: Leandro\n|-unboost|p2a: Leandro|atk|1\n|-unboost|p2a: Leandro|spa|1\n|\n|t:|1700348865\n|switch|p1a: Toxapex|Toxapex, F|100\/100 brn|[from] Parting Shot\n|move|p2a: Leandro|Bug Buzz|p1a: Toxapex\n|-resisted|p1a: Toxapex\n|-damage|p1a: Toxapex|94\/100 brn\n|\n|-heal|p1a: Toxapex|99\/100 brn|[from] item: Black Sludge\n|-damage|p1a: Toxapex|94\/100 brn|[from] brn\n|upkeep\n|turn|36\n|\n|t:|1700348882\n|move|p2a: Leandro|Bug Buzz|p1a: Toxapex\n|-resisted|p1a: Toxapex\n|-damage|p1a: Toxapex|87\/100 brn\n|move|p1a: Toxapex|Infestation|p2a: Leandro\n|-resisted|p2a: Leandro\n|-damage|p2a: Leandro|90\/100\n|-activate|p2a: Leandro|move: Infestation|[of] p1a: Toxapex\n|\n|-heal|p1a: Toxapex|94\/100 brn|[from] item: Black Sludge\n|-damage|p1a: Toxapex|87\/100 brn|[from] brn\n|-damage|p2a: Leandro|77\/100|[from] move: Infestation|[partiallytrapped]\n|-sideend|p1: MafeIsMental|move: Light Screen\n|upkeep\n|turn|37\n|\n|t:|1700348893\n|move|p2a: Leandro|Quiver Dance|p2a: Leandro\n|-boost|p2a: Leandro|spa|1\n|-boost|p2a: Leandro|spd|1\n|-boost|p2a: Leandro|spe|1\n|move|p1a: Toxapex|Toxic|p2a: Leandro\n|-status|p2a: Leandro|tox\n|\n|-heal|p1a: Toxapex|94\/100 brn|[from] item: Black Sludge\n|-damage|p2a: Leandro|71\/100 tox|[from] psn\n|-damage|p1a: Toxapex|87\/100 brn|[from] brn\n|-damage|p2a: Leandro|59\/100 tox|[from] move: Infestation|[partiallytrapped]\n|-sideend|p1: MafeIsMental|Reflect\n|upkeep\n|turn|38\n|\n|t:|1700348904\n|move|p2a: Leandro|Bug Buzz|p1a: Toxapex\n|-resisted|p1a: Toxapex\n|-damage|p1a: Toxapex|69\/100 brn\n|move|p1a: Toxapex|Infestation|p2a: Leandro\n|-resisted|p2a: Leandro\n|-damage|p2a: Leandro|58\/100 tox\n|\n|-heal|p1a: Toxapex|75\/100 brn|[from] item: Black Sludge\n|-damage|p2a: Leandro|46\/100 tox|[from] psn\n|-damage|p1a: Toxapex|69\/100 brn|[from] brn\n|-damage|p2a: Leandro|34\/100 tox|[from] move: Infestation|[partiallytrapped]\n|upkeep\n|turn|39\n|\n|t:|1700348916\n|move|p2a: Leandro|Fiery Dance|p1a: Toxapex\n|-resisted|p1a: Toxapex\n|-damage|p1a: Toxapex|50\/100 brn\n|-boost|p2a: Leandro|spa|1\n|move|p1a: Toxapex|Infestation|p2a: Leandro\n|-resisted|p2a: Leandro\n|-damage|p2a: Leandro|33\/100 tox\n|\n|-heal|p1a: Toxapex|56\/100 brn|[from] item: Black Sludge\n|-damage|p2a: Leandro|14\/100 tox|[from] psn\n|-damage|p1a: Toxapex|50\/100 brn|[from] brn\n|-damage|p2a: Leandro|2\/100 tox|[from] move: Infestation|[partiallytrapped]\n|upkeep\n|turn|40\n|\n|t:|1700348935\n|move|p2a: Leandro|Fiery Dance|p1a: Toxapex\n|-resisted|p1a: Toxapex\n|-damage|p1a: Toxapex|22\/100 brn\n|-boost|p2a: Leandro|spa|1\n|move|p1a: Toxapex|Infestation|p2a: Leandro\n|-resisted|p2a: Leandro\n|-damage|p2a: Leandro|1\/100 tox\n|\n|-heal|p1a: Toxapex|28\/100 brn|[from] item: Black Sludge\n|-damage|p2a: Leandro|0 fnt|[from] psn\n|faint|p2a: Leandro\n|-damage|p1a: Toxapex|22\/100 brn|[from] brn\n|upkeep\n|\n|t:|1700348946\n|switch|p2a: Giovana|Ogerpon-Wellspring-Tera, F, tera:Water|99\/100\n|-ability|p2a: Giovana|Embody Aspect (Wellspring)|boost\n|-boost|p2a: Giovana|spd|1\n|turn|41\n|\n|t:|1700348953\n|switch|p1a: Grimmsnarl|Grimmsnarl, M|87\/100\n|move|p2a: Giovana|Horn Leech|p1a: Grimmsnarl\n|-damage|p1a: Grimmsnarl|29\/100\n|-heal|p2a: Giovana|100\/100|[from] drain|[of] p1a: Grimmsnarl\n|\n|upkeep\n|turn|42\n|j| True_Crusadeer\n|\n|t:|1700348962\n|move|p1a: Grimmsnarl|Reflect|p1a: Grimmsnarl\n|-sidestart|p1: MafeIsMental|Reflect\n|move|p2a: Giovana|Ivy Cudgel|p1a: Grimmsnarl|[anim] Ivy Cudgel Water\n|-damage|p1a: Grimmsnarl|0 fnt\n|faint|p1a: Grimmsnarl\n|\n|upkeep\n|\n|t:|1700348972\n|switch|p1a: Volcarona|Volcarona, M|100\/100\n|turn|43\n|\n|t:|1700348999\n|move|p2a: Giovana|Swords Dance|p2a: Giovana\n|-boost|p2a: Giovana|atk|2\n|move|p1a: Volcarona|Giga Drain|p2a: Giovana\n|-supereffective|p2a: Giovana\n|-damage|p2a: Giovana|56\/100\n|\n|upkeep\n|turn|44\n|\n|t:|1700349005\n|move|p2a: Giovana|Ivy Cudgel|p1a: Volcarona|[anim] Ivy Cudgel Water\n|-supereffective|p1a: Volcarona\n|-damage|p1a: Volcarona|0 fnt\n|faint|p1a: Volcarona\n|\n|upkeep\n|\n|t:|1700349008\n|switch|p1a: Toxapex|Toxapex, F|55\/100 brn\n|turn|45\n|\n|t:|1700349012\n|move|p2a: Giovana|Horn Leech|p1a: Toxapex\n|-damage|p1a: Toxapex|27\/100 brn\n|-heal|p2a: Giovana|70\/100|[from] drain|[of] p1a: Toxapex\n|move|p1a: Toxapex|Haze|p1a: Toxapex\n|-clearallboost\n|\n|-heal|p1a: Toxapex|34\/100 brn|[from] item: Black Sludge\n|-damage|p1a: Toxapex|27\/100 brn|[from] brn\n|upkeep\n|turn|46\n|\n|t:|1700349022\n|move|p2a: Giovana|Horn Leech|p1a: Toxapex\n|-damage|p1a: Toxapex|15\/100 brn\n|-heal|p2a: Giovana|77\/100|[from] drain|[of] p1a: Toxapex\n|move|p1a: Toxapex|Recover|p1a: Toxapex\n|-heal|p1a: Toxapex|65\/100 brn\n|\n|-heal|p1a: Toxapex|72\/100 brn|[from] item: Black Sludge\n|-damage|p1a: Toxapex|65\/100 brn|[from] brn\n|upkeep\n|turn|47\n|\n|t:|1700349033\n|move|p2a: Giovana|Substitute|p2a: Giovana\n|-start|p2a: Giovana|Substitute\n|-damage|p2a: Giovana|52\/100\n|move|p1a: Toxapex|Toxic||[still]\n|-fail|p1a: Toxapex\n|\n|-heal|p1a: Toxapex|72\/100 brn|[from] item: Black Sludge\n|-damage|p1a: Toxapex|65\/100 brn|[from] brn\n|upkeep\n|turn|48\n|\n|t:|1700349042\n|move|p2a: Giovana|Swords Dance|p2a: Giovana\n|-boost|p2a: Giovana|atk|2\n|move|p1a: Toxapex|Infestation|p2a: Giovana\n|-activate|p2a: Giovana|move: Substitute|[damage]\n|\n|-heal|p1a: Toxapex|72\/100 brn|[from] item: Black Sludge\n|-damage|p1a: Toxapex|65\/100 brn|[from] brn\n|upkeep\n|turn|49\n|\n|t:|1700349052\n|move|p2a: Giovana|Horn Leech|p1a: Toxapex\n|-damage|p1a: Toxapex|39\/100 brn\n|-heal|p2a: Giovana|65\/100|[from] drain|[of] p1a: Toxapex\n|move|p1a: Toxapex|Haze|p1a: Toxapex\n|-clearallboost\n|\n|-heal|p1a: Toxapex|45\/100 brn|[from] item: Black Sludge\n|-damage|p1a: Toxapex|39\/100 brn|[from] brn\n|-sideend|p1: MafeIsMental|Reflect\n|upkeep\n|turn|50\n|\n|t:|1700349062\n|move|p2a: Giovana|Swords Dance|p2a: Giovana\n|-boost|p2a: Giovana|atk|2\n|move|p1a: Toxapex|Infestation|p2a: Giovana\n|-activate|p2a: Giovana|move: Substitute|[damage]\n|\n|-heal|p1a: Toxapex|45\/100 brn|[from] item: Black Sludge\n|-damage|p1a: Toxapex|39\/100 brn|[from] brn\n|upkeep\n|turn|51\n|\n|t:|1700349070\n|move|p2a: Giovana|Horn Leech|p1a: Toxapex\n|-crit|p1a: Toxapex\n|-damage|p1a: Toxapex|0 fnt\n|-heal|p2a: Giovana|85\/100|[from] drain|[of] p1a: Toxapex\n|faint|p1a: Toxapex\n|\n|win|ana_cat_ana\n|raw|MafeIsMental's rating: 1327 &rarr; <strong>1302<\/strong><br \/>(-25 for losing)\n|raw|ana_cat_ana's rating: 1231 &rarr; <strong>1263<\/strong><br \/>(+32 for winning)\n|l|\u2606MafeIsMental\n|c|\u2606ana_cat_ana|gg\n","uploadtime":1700349081,"views":9,"p1id":"mafeismental","p2id":"anacatana","formatid":"gen9nationaldex","rating":1263,"private":0,"password":""}