{"id":"gen9nationaldex-1992470002","p1":"chillimillio","p2":"HanFong","format":"[Gen 9] National Dex","log":"|j|\u2606chillimillio\n|j|\u2606HanFong\n|t:|1700191485\n|gametype|singles\n|player|p1|chillimillio|169|1436\n|player|p2|HanFong|1|1436\n|teamsize|p1|6\n|teamsize|p2|6\n|gen|9\n|tier|[Gen 9] National Dex\n|rated|\n|rule|HP Percentage Mod: HP is shown in percentages\n|rule|Endless Battle Clause: Forcing endless battles is banned\n|rule|OHKO Clause: OHKO moves are banned\n|rule|Evasion Clause: Evasion abilities, items, and moves are banned\n|rule|Evasion Abilities Clause: Evasion abilities are banned\n|rule|Evasion Items Clause: Evasion items are banned\n|rule|Evasion Moves Clause: Evasion moves are banned\n|rule|Species Clause: Limit one of each Pok\u00e9mon\n|rule|Sleep Clause Mod: Limit one foe put to sleep\n|clearpoke\n|poke|p1|Raichu-Alola, M|\n|poke|p1|Tapu Koko|\n|poke|p1|Sneasler, F|\n|poke|p1|Scizor, F|\n|poke|p1|Ditto|\n|poke|p1|Clodsire, M|\n|poke|p2|Tapu Lele|\n|poke|p2|Sneasler, F|\n|poke|p2|Scizor, M|\n|poke|p2|Moltres|\n|poke|p2|Empoleon, M|\n|poke|p2|Landorus-Therian, M|\n|teampreview\n|\n|t:|1700191500\n|start\n|switch|p1a: Tapu Koko|Tapu Koko|100\/100\n|switch|p2a: Landorus|Landorus-Therian, M|100\/100\n|-fieldstart|move: Electric Terrain|[from] ability: Electric Surge|[of] p1a: Tapu Koko\n|-ability|p2a: Landorus|Intimidate|boost\n|-unboost|p1a: Tapu Koko|atk|1\n|turn|1\n|\n|t:|1700191511\n|switch|p1a: Scizor|Scizor, F|100\/100\n|move|p2a: Landorus|Earthquake|p1a: Scizor\n|-damage|p1a: Scizor|60\/100\n|\n|upkeep\n|turn|2\n|\n|t:|1700191523\n|detailschange|p1a: Scizor|Scizor-Mega, F\n|-mega|p1a: Scizor|Scizor|Scizorite\n|move|p2a: Landorus|Stealth Rock|p1a: Scizor\n|-sidestart|p1: chillimillio|move: Stealth Rock\n|move|p1a: Scizor|Roost|p1a: Scizor\n|-heal|p1a: Scizor|100\/100\n|-singleturn|p1a: Scizor|move: Roost\n|\n|upkeep\n|turn|3\n|\n|t:|1700191537\n|move|p1a: Scizor|Bullet Punch|p2a: Landorus\n|-damage|p2a: Landorus|73\/100\n|-damage|p1a: Scizor|84\/100|[from] item: Rocky Helmet|[of] p2a: Landorus\n|move|p2a: Landorus|U-turn|p1a: Scizor\n|-resisted|p1a: Scizor\n|-damage|p1a: Scizor|76\/100\n|\n|t:|1700191543\n|switch|p2a: Moltres|Moltres|100\/100|[from] U-turn\n|\n|upkeep\n|turn|4\n|\n|t:|1700191551\n|switch|p1a: Clodsire|Clodsire, M|100\/100\n|-damage|p1a: Clodsire|94\/100|[from] Stealth Rock\n|move|p2a: Moltres|U-turn|p1a: Clodsire\n|-resisted|p1a: Clodsire\n|-damage|p1a: Clodsire|87\/100\n|\n|t:|1700191557\n|switch|p2a: Landorus|Landorus-Therian, M|73\/100|[from] U-turn\n|-ability|p2a: Landorus|Intimidate|boost\n|-unboost|p1a: Clodsire|atk|1\n|\n|-heal|p1a: Clodsire|93\/100|[from] item: Black Sludge\n|upkeep\n|turn|5\n|\n|t:|1700191566\n|move|p2a: Landorus|Earthquake|p1a: Clodsire\n|-supereffective|p1a: Clodsire\n|-damage|p1a: Clodsire|0 fnt\n|faint|p1a: Clodsire\n|\n|upkeep\n|\n|t:|1700191585\n|switch|p1a: Ditto|Ditto|100\/100\n|-damage|p1a: Ditto|88\/100|[from] Stealth Rock\n|-transform|p1a: Ditto|p2a: Landorus|[from] ability: Imposter\n|-ability|p1a: Ditto|Intimidate|boost\n|-unboost|p2a: Landorus|atk|1\n|turn|6\n|\n|t:|1700191594\n|move|p1a: Ditto|Stealth Rock|p2a: Landorus\n|-sidestart|p2: HanFong|move: Stealth Rock\n|move|p2a: Landorus|Stone Edge|p1a: Ditto\n|-crit|p1a: Ditto\n|-damage|p1a: Ditto|21\/100\n|\n|upkeep\n|turn|7\n|\n|t:|1700191603\n|switch|p1a: Scizor|Scizor-Mega, F|76\/100\n|-damage|p1a: Scizor|64\/100|[from] Stealth Rock\n|move|p2a: Landorus|Stone Edge|p1a: Scizor\n|-damage|p1a: Scizor|48\/100\n|\n|upkeep\n|turn|8\n|\n|t:|1700191613\n|move|p2a: Landorus|U-turn|p1a: Scizor\n|-resisted|p1a: Scizor\n|-damage|p1a: Scizor|43\/100\n|\n|t:|1700191620\n|switch|p2a: Moltres|Moltres|100\/100|[from] U-turn\n|move|p1a: Scizor|Roost|p1a: Scizor\n|-heal|p1a: Scizor|93\/100\n|-singleturn|p1a: Scizor|move: Roost\n|\n|-fieldend|move: Electric Terrain\n|upkeep\n|turn|9\n|\n|t:|1700191631\n|switch|p1a: Tapu Koko|Tapu Koko|100\/100\n|-damage|p1a: Tapu Koko|88\/100|[from] Stealth Rock\n|-fieldstart|move: Electric Terrain|[from] ability: Electric Surge|[of] p1a: Tapu Koko\n|move|p2a: Moltres|Mystical Fire|p1a: Tapu Koko\n|-damage|p1a: Tapu Koko|35\/100\n|-unboost|p1a: Tapu Koko|spa|1\n|\n|upkeep\n|turn|10\n|\n|t:|1700191650\n|move|p1a: Tapu Koko|Toxic|p2a: Moltres\n|-status|p2a: Moltres|tox\n|move|p2a: Moltres|Mystical Fire|p1a: Tapu Koko\n|-damage|p1a: Tapu Koko|0 fnt\n|faint|p1a: Tapu Koko\n|\n|-damage|p2a: Moltres|94\/100 tox|[from] psn\n|upkeep\n|\n|t:|1700191661\n|switch|p1a: Raichu|Raichu-Alola, M|100\/100\n|-damage|p1a: Raichu|88\/100|[from] Stealth Rock\n|turn|11\n|\n|t:|1700191674\n|-terastallize|p2a: Moltres|Grass\n|move|p1a: Raichu|Rising Voltage|p2a: Moltres\n|-hint|Rising Voltage's BP doubled on grounded target.\n|-resisted|p2a: Moltres\n|-damage|p2a: Moltres|53\/100 tox\n|move|p2a: Moltres|Scorching Sands|p1a: Raichu\n|-supereffective|p1a: Raichu\n|-damage|p1a: Raichu|24\/100\n|-status|p1a: Raichu|brn\n|\n|-damage|p2a: Moltres|41\/100 tox|[from] psn\n|-damage|p1a: Raichu|18\/100 brn|[from] brn\n|upkeep\n|turn|12\n|\n|t:|1700191689\n|move|p1a: Raichu|Psychic|p2a: Moltres\n|-damage|p2a: Moltres|2\/100 tox\n|move|p2a: Moltres|Mystical Fire|p1a: Raichu\n|-damage|p1a: Raichu|0 fnt\n|faint|p1a: Raichu\n|\n|-damage|p2a: Moltres|0 fnt|[from] psn\n|faint|p2a: Moltres\n|upkeep\n|\n|t:|1700191699\n|switch|p1a: Sneasler|Sneasler, F|100\/100\n|switch|p2a: Landorus|Landorus-Therian, M|73\/100\n|-damage|p1a: Sneasler|95\/100|[from] Stealth Rock\n|-enditem|p1a: Sneasler|Electric Seed\n|-boost|p1a: Sneasler|def|1|[from] item: Electric Seed\n|-damage|p2a: Landorus|61\/100|[from] Stealth Rock\n|-ability|p2a: Landorus|Intimidate|boost\n|-unboost|p1a: Sneasler|atk|1\n|turn|13\n|\n|t:|1700191715\n|switch|p2a: Sneasler|Sneasler, F|100\/100\n|-damage|p2a: Sneasler|95\/100|[from] Stealth Rock\n|-ability|p2a: Sneasler|Pressure\n|-terastallize|p1a: Sneasler|Dark\n|move|p1a: Sneasler|Swords Dance|p1a: Sneasler\n|-boost|p1a: Sneasler|atk|2\n|\n|upkeep\n|turn|14\n|\n|t:|1700191735\n|switch|p2a: Tapu Lele|Tapu Lele|100\/100\n|-damage|p2a: Tapu Lele|88\/100|[from] Stealth Rock\n|-fieldstart|move: Psychic Terrain|[from] ability: Psychic Surge|[of] p2a: Tapu Lele\n|move|p1a: Sneasler|Close Combat|p2a: Tapu Lele\n|-resisted|p2a: Tapu Lele\n|-damage|p2a: Tapu Lele|46\/100\n|-unboost|p1a: Sneasler|def|1\n|-unboost|p1a: Sneasler|spd|1\n|\n|upkeep\n|turn|15\n|\n|t:|1700191749\n|move|p1a: Sneasler|Night Slash|p2a: Tapu Lele\n|-damage|p2a: Tapu Lele|0 fnt\n|faint|p2a: Tapu Lele\n|\n|upkeep\n|\n|t:|1700191760\n|switch|p2a: Sneasler|Sneasler, F|95\/100\n|-damage|p2a: Sneasler|89\/100|[from] Stealth Rock\n|-ability|p2a: Sneasler|Pressure\n|-enditem|p2a: Sneasler|Psychic Seed\n|-boost|p2a: Sneasler|spd|1|[from] item: Psychic Seed\n|turn|16\n|\n|t:|1700191783\n|move|p1a: Sneasler|Night Slash|p2a: Sneasler\n|-resisted|p2a: Sneasler\n|-crit|p2a: Sneasler\n|-damage|p2a: Sneasler|5\/100\n|move|p2a: Sneasler|Close Combat|p1a: Sneasler\n|-supereffective|p1a: Sneasler\n|-crit|p1a: Sneasler\n|-damage|p1a: Sneasler|0 fnt\n|-unboost|p2a: Sneasler|def|1\n|-unboost|p2a: Sneasler|spd|1\n|faint|p1a: Sneasler\n|\n|upkeep\n|\n|t:|1700191794\n|switch|p1a: Scizor|Scizor-Mega, F|93\/100\n|-damage|p1a: Scizor|80\/100|[from] Stealth Rock\n|turn|17\n|\n|t:|1700191806\n|move|p1a: Scizor|Bullet Punch|p2a: Sneasler\n|-activate|p2a: Sneasler|move: Psychic Terrain\n|move|p2a: Sneasler|Close Combat|p1a: Scizor\n|-damage|p1a: Scizor|45\/100\n|-unboost|p2a: Sneasler|def|1\n|-unboost|p2a: Sneasler|spd|1\n|\n|upkeep\n|turn|18\n|\n|t:|1700191817\n|move|p2a: Sneasler|Close Combat|p1a: Scizor\n|-damage|p1a: Scizor|12\/100\n|-unboost|p2a: Sneasler|def|1\n|-unboost|p2a: Sneasler|spd|1\n|move|p1a: Scizor|Roost|p1a: Scizor\n|-heal|p1a: Scizor|62\/100\n|-singleturn|p1a: Scizor|move: Roost\n|\n|-fieldend|move: Psychic Terrain\n|upkeep\n|turn|19\n|\n|t:|1700191828\n|switch|p2a: Landorus|Landorus-Therian, M|61\/100\n|-damage|p2a: Landorus|48\/100|[from] Stealth Rock\n|-ability|p2a: Landorus|Intimidate|boost\n|-unboost|p1a: Scizor|atk|1\n|move|p1a: Scizor|Roost|p1a: Scizor\n|-heal|p1a: Scizor|100\/100\n|-singleturn|p1a: Scizor|move: Roost\n|\n|upkeep\n|turn|20\n|\n|t:|1700191838\n|move|p2a: Landorus|Earthquake|p1a: Scizor\n|-damage|p1a: Scizor|68\/100\n|move|p1a: Scizor|Curse|p1a: Scizor\n|-unboost|p1a: Scizor|spe|1\n|-boost|p1a: Scizor|atk|1\n|-boost|p1a: Scizor|def|1\n|\n|upkeep\n|turn|21\n|\n|t:|1700191849\n|switch|p2a: Empoleon|Empoleon, M|100\/100\n|-damage|p2a: Empoleon|94\/100|[from] Stealth Rock\n|move|p1a: Scizor|Roost|p1a: Scizor\n|-heal|p1a: Scizor|100\/100\n|-singleturn|p1a: Scizor|move: Roost\n|\n|upkeep\n|turn|22\n|\n|t:|1700191860\n|move|p1a: Scizor|U-turn|p2a: Empoleon\n|-resisted|p2a: Empoleon\n|-damage|p2a: Empoleon|78\/100\n|-damage|p1a: Scizor|84\/100|[from] item: Rocky Helmet|[of] p2a: Empoleon\n|\n|t:|1700191865\n|switch|p1a: Ditto|Ditto|21\/100|[from] U-turn\n|-damage|p1a: Ditto|9\/100|[from] Stealth Rock\n|-transform|p1a: Ditto|p2a: Empoleon|[from] ability: Imposter\n|move|p2a: Empoleon|Roar|p1a: Ditto\n|drag|p1a: Scizor|Scizor-Mega, F|84\/100\n|-damage|p1a: Scizor|71\/100|[from] Stealth Rock\n|\n|upkeep\n|turn|23\n|\n|t:|1700191886\n|move|p1a: Scizor|Curse|p1a: Scizor\n|-unboost|p1a: Scizor|spe|1\n|-boost|p1a: Scizor|atk|1\n|-boost|p1a: Scizor|def|1\n|move|p2a: Empoleon|Scald|p1a: Scizor\n|-damage|p1a: Scizor|36\/100\n|-status|p1a: Scizor|brn\n|\n|-damage|p1a: Scizor|30\/100 brn|[from] brn\n|upkeep\n|turn|24\n|-message|chillimillio forfeited.\n|\n|win|HanFong\n|raw|chillimillio's rating: 1436 &rarr; <strong>1416<\/strong><br \/>(-20 for losing)\n|raw|HanFong's rating: 1436 &rarr; <strong>1456<\/strong><br \/>(+20 for winning)\n|l|\u2606chillimillio\n","uploadtime":1700191901,"views":17,"p1id":"chillimillio","p2id":"hanfong","formatid":"gen9nationaldex","rating":1416,"private":0,"password":""}