{"id":"gen9nationaldex-1990449417","p1":"Juiceswilldie","p2":"Nonno Sandslash","format":"[Gen 9] National Dex","log":"|j|\u2606Juiceswilldie\n|j|\u2606Nonno Sandslash\n|t:|1699972047\n|gametype|singles\n|player|p1|Juiceswilldie|dawn-gen4pt|1205\n|player|p2|Nonno Sandslash|wattson|1270\n|teamsize|p1|6\n|teamsize|p2|6\n|gen|9\n|tier|[Gen 9] National Dex\n|rated|\n|rule|HP Percentage Mod: HP is shown in percentages\n|rule|Endless Battle Clause: Forcing endless battles is banned\n|rule|OHKO Clause: OHKO moves are banned\n|rule|Evasion Clause: Evasion abilities, items, and moves are banned\n|rule|Evasion Abilities Clause: Evasion abilities are banned\n|rule|Evasion Items Clause: Evasion items are banned\n|rule|Evasion Moves Clause: Evasion moves are banned\n|rule|Species Clause: Limit one of each Pok\u00e9mon\n|rule|Sleep Clause Mod: Limit one foe put to sleep\n|clearpoke\n|poke|p1|Pikachu, F|\n|poke|p1|Venusaur, F|\n|poke|p1|Charizard, F|\n|poke|p1|Blastoise, F|\n|poke|p1|Espeon, F|\n|poke|p1|Snorlax, F|\n|poke|p2|Charizard, M|\n|poke|p2|Xatu, F|\n|poke|p2|Galvantula, F|\n|poke|p2|Shaymin|\n|poke|p2|Tentacruel, M|\n|poke|p2|Mamoswine, M|\n|teampreview\n|inactive|Battle timer is ON: inactive players will automatically lose when time's up. (requested by Juiceswilldie)\n|\n|t:|1699972052\n|start\n|switch|p1a: Lust|Pikachu, F|100\/100\n|switch|p2a: Galvantula|Galvantula, F, shiny|100\/100\n|turn|1\n|\n|t:|1699972059\n|switch|p2a: Xatu|Xatu, F|100\/100\n|move|p1a: Lust|Fake Out|p2a: Xatu\n|-damage|p2a: Xatu|77\/100\n|-damage|p1a: Lust|84\/100|[from] item: Rocky Helmet|[of] p2a: Xatu\n|\n|upkeep\n|turn|2\n|\n|t:|1699972066\n|move|p1a: Lust|Volt Tackle|p2a: Xatu\n|-supereffective|p2a: Xatu\n|-damage|p2a: Xatu|0 fnt\n|-damage|p1a: Lust|67\/100|[from] item: Rocky Helmet|[of] p2a: Xatu\n|faint|p2a: Xatu\n|-damage|p1a: Lust|28\/100|[from] Recoil\n|\n|upkeep\n|\n|t:|1699972069\n|switch|p2a: Galvantula|Galvantula, F, shiny|100\/100\n|turn|3\n|\n|t:|1699972074\n|switch|p1a: Envy|Espeon, F|100\/100\n|move|p2a: Galvantula|Bug Buzz|p1a: Envy\n|-supereffective|p1a: Envy\n|-damage|p1a: Envy|0 fnt\n|faint|p1a: Envy\n|\n|upkeep\n|\n|t:|1699972082\n|switch|p1a: Lust|Pikachu, F|28\/100\n|turn|4\n|\n|t:|1699972089\n|move|p1a: Lust|Fake Out|p2a: Galvantula\n|-damage|p2a: Galvantula|66\/100\n|cant|p2a: Galvantula|flinch\n|\n|upkeep\n|turn|5\n|\n|t:|1699972095\n|move|p1a: Lust|Extreme Speed|p2a: Galvantula\n|-crit|p2a: Galvantula\n|-damage|p2a: Galvantula|0 fnt\n|faint|p2a: Galvantula\n|\n|upkeep\n|\n|t:|1699972097\n|switch|p2a: Mamoswine|Mamoswine, M|100\/100\n|turn|6\n|\n|t:|1699972101\n|switch|p1a: Pride|Blastoise, F|100\/100\n|move|p2a: Mamoswine|Stealth Rock|p1a: Pride\n|-sidestart|p1: Juiceswilldie|move: Stealth Rock\n|\n|upkeep\n|turn|7\n|\n|t:|1699972106\n|switch|p2a: Tentacruel|Tentacruel, M|100\/100\n|-item|p2a: Tentacruel|Air Balloon\n|move|p1a: Pride|Scald|p2a: Tentacruel\n|-resisted|p2a: Tentacruel\n|-damage|p2a: Tentacruel|90\/100\n|-status|p2a: Tentacruel|brn\n|-enditem|p2a: Tentacruel|Air Balloon\n|\n|-damage|p2a: Tentacruel|84\/100 brn|[from] brn\n|upkeep\n|turn|8\n|\n|t:|1699972117\n|move|p2a: Tentacruel|Toxic|p1a: Pride\n|-status|p1a: Pride|tox\n|move|p1a: Pride|Rapid Spin|p2a: Tentacruel\n|-damage|p2a: Tentacruel|75\/100 brn\n|-boost|p1a: Pride|spe|1\n|-sideend|p1: Juiceswilldie|Stealth Rock|[from] move: Rapid Spin|[of] p1a: Pride\n|\n|-damage|p1a: Pride|94\/100 tox|[from] psn\n|-damage|p2a: Tentacruel|69\/100 brn|[from] brn\n|upkeep\n|turn|9\n|\n|t:|1699972127\n|switch|p1a: Greed|Venusaur, F|100\/100\n|move|p2a: Tentacruel|Haze|p2a: Tentacruel\n|-clearallboost\n|\n|-damage|p2a: Tentacruel|63\/100 brn|[from] brn\n|upkeep\n|turn|10\n|\n|t:|1699972135\n|move|p2a: Tentacruel|Scald|p1a: Greed\n|-resisted|p1a: Greed\n|-damage|p1a: Greed|88\/100\n|-status|p1a: Greed|brn\n|move|p1a: Greed|Sludge Bomb|p2a: Tentacruel\n|-resisted|p2a: Tentacruel\n|-damage|p2a: Tentacruel|38\/100 brn\n|-damage|p1a: Greed|79\/100 brn|[from] item: Life Orb\n|\n|-damage|p2a: Tentacruel|31\/100 brn|[from] brn\n|-damage|p1a: Greed|73\/100 brn|[from] brn\n|upkeep\n|turn|11\n|\n|t:|1699972147\n|move|p2a: Tentacruel|Scald|p1a: Greed\n|-resisted|p1a: Greed\n|-damage|p1a: Greed|61\/100 brn\n|move|p1a: Greed|Giga Drain|p2a: Tentacruel\n|-damage|p2a: Tentacruel|0 fnt\n|-damage|p1a: Greed|46\/100 brn|[from] ability: Liquid Ooze|[of] p2a: Tentacruel\n|faint|p2a: Tentacruel\n|-damage|p1a: Greed|36\/100 brn|[from] item: Life Orb\n|\n|-damage|p1a: Greed|30\/100 brn|[from] brn\n|upkeep\n|\n|t:|1699972154\n|switch|p2a: Shaymin|Shaymin|100\/100\n|turn|12\n|\n|t:|1699972159\n|switch|p1a: Sloth|Snorlax, F|100\/100\n|move|p2a: Shaymin|Substitute|p2a: Shaymin\n|-start|p2a: Shaymin|Substitute\n|-damage|p2a: Shaymin|76\/100\n|\n|-heal|p2a: Shaymin|82\/100|[from] item: Leftovers\n|upkeep\n|turn|13\n|\n|t:|1699972166\n|move|p2a: Shaymin|Leech Seed|p1a: Sloth\n|-start|p1a: Sloth|move: Leech Seed\n|move|p1a: Sloth|Curse|p1a: Sloth\n|-unboost|p1a: Sloth|spe|1\n|-boost|p1a: Sloth|atk|1\n|-boost|p1a: Sloth|def|1\n|\n|-heal|p2a: Shaymin|88\/100|[from] item: Leftovers\n|-damage|p1a: Sloth|88\/100|[from] Leech Seed|[of] p2a: Shaymin\n|-heal|p2a: Shaymin|100\/100|[silent]\n|upkeep\n|turn|14\n|\n|t:|1699972178\n|switch|p1a: Wrath|Charizard, F|100\/100\n|move|p2a: Shaymin|Seed Flare|p1a: Wrath|[miss]\n|-miss|p2a: Shaymin|p1a: Wrath\n|\n|upkeep\n|turn|15\n|\n|t:|1699972186\n|switch|p1a: Greed|Venusaur, F|30\/100 brn\n|move|p2a: Shaymin|Leech Seed|p1a: Greed\n|-immune|p1a: Greed\n|\n|-damage|p1a: Greed|24\/100 brn|[from] brn\n|upkeep\n|turn|16\n|\n|t:|1699972194\n|move|p2a: Shaymin|Air Slash|p1a: Greed\n|-supereffective|p1a: Greed\n|-crit|p1a: Greed\n|-damage|p1a: Greed|0 fnt\n|faint|p1a: Greed\n|\n|upkeep\n|\n|t:|1699972201\n|switch|p1a: Pride|Blastoise, F|94\/100 tox\n|turn|17\n|\n|t:|1699972204\n|move|p2a: Shaymin|Seed Flare|p1a: Pride\n|-supereffective|p1a: Pride\n|-damage|p1a: Pride|0 fnt\n|faint|p1a: Pride\n|\n|upkeep\n|\n|t:|1699972218\n|switch|p1a: Wrath|Charizard, F|100\/100\n|turn|18\n|inactive|Juiceswilldie has 120 seconds left.\n|inactive|Juiceswilldie has 90 seconds left.\n|inactive|Juiceswilldie has 60 seconds left.\n|\n|t:|1699972342\n|move|p2a: Shaymin|Leech Seed|p1a: Wrath\n|-start|p1a: Wrath|move: Leech Seed\n|move|p1a: Wrath|Fire Blast|p2a: Shaymin\n|-supereffective|p2a: Shaymin\n|-end|p2a: Shaymin|Substitute\n|\n|-damage|p1a: Wrath|88\/100|[from] Leech Seed|[of] p2a: Shaymin\n|upkeep\n|turn|19\n|\n|t:|1699972351\n|move|p2a: Shaymin|Substitute|p2a: Shaymin\n|-start|p2a: Shaymin|Substitute\n|-damage|p2a: Shaymin|76\/100\n|move|p1a: Wrath|Fire Blast|p2a: Shaymin\n|-supereffective|p2a: Shaymin\n|-end|p2a: Shaymin|Substitute\n|\n|-heal|p2a: Shaymin|82\/100|[from] item: Leftovers\n|-damage|p1a: Wrath|76\/100|[from] Leech Seed|[of] p2a: Shaymin\n|-heal|p2a: Shaymin|93\/100|[silent]\n|upkeep\n|turn|20\n|inactive|Nonno Sandslash has 120 seconds left.\n|\n|t:|1699972385\n|move|p1a: Wrath|Fire Blast|p2a: Shaymin\n|-supereffective|p2a: Shaymin\n|-damage|p2a: Shaymin|0 fnt\n|faint|p2a: Shaymin\n|\n|upkeep\n|\n|t:|1699972388\n|switch|p2a: Charizard|Charizard, M|100\/100\n|turn|21\n|inactive|Juiceswilldie has 30 seconds left.\n|inactive|Juiceswilldie has 20 seconds left.\n|inactive|Juiceswilldie has 15 seconds left.\n|inactive|Juiceswilldie has 10 seconds left.\n|inactive|Juiceswilldie has 5 seconds left.\n|-message|Juiceswilldie lost due to inactivity.\n|\n|win|Nonno Sandslash\n|raw|Juiceswilldie's rating: 1205 &rarr; <strong>1185<\/strong><br \/>(-20 for losing)\n|raw|Nonno Sandslash's rating: 1270 &rarr; <strong>1290<\/strong><br \/>(+20 for winning)\n|l|\u2606Nonno Sandslash\n","uploadtime":1699972483,"views":4,"p1id":"juiceswilldie","p2id":"nonnosandslash","formatid":"gen9nationaldex","rating":1185,"private":0,"password":""}