{"id":"gen9nationaldex-1998275025","p1":"Or4ngetest5","p2":"aashwioga","format":"[Gen 9] National Dex","log":"|html|<div class=\"broadcast-blue\"><strong>[Gen 9] National Dex is currently suspecting Sneasler! For information on how to participate check out the <a href=\"https:\/\/www.smogon.com\/forums\/threads\/sv-national-dex-suspect-8-just-dance.3731534\/\">suspect thread<\/a>.<\/strong><\/div>\n|j|\u2606Or4ngetest5\n|j|\u2606aashwioga\n|t:|1700923355\n|gametype|singles\n|player|p1|Or4ngetest5|cynthia|1140\n|player|p2|aashwioga|169|1070\n|teamsize|p1|6\n|teamsize|p2|6\n|gen|9\n|tier|[Gen 9] National Dex\n|rated|\n|rule|HP Percentage Mod: HP is shown in percentages\n|rule|Endless Battle Clause: Forcing endless battles is banned\n|rule|OHKO Clause: OHKO moves are banned\n|rule|Evasion Clause: Evasion abilities, items, and moves are banned\n|rule|Evasion Abilities Clause: Evasion abilities are banned\n|rule|Evasion Items Clause: Evasion items are banned\n|rule|Evasion Moves Clause: Evasion moves are banned\n|rule|Species Clause: Limit one of each Pok\u00e9mon\n|rule|Sleep Clause Mod: Limit one foe put to sleep\n|clearpoke\n|poke|p1|Urshifu-*, F|\n|poke|p1|Landorus-Therian, M|\n|poke|p1|Ferrothorn, M|\n|poke|p1|Samurott-Hisui, M|\n|poke|p1|Scizor, M|\n|poke|p1|Great Tusk|\n|poke|p2|Moltres|\n|poke|p2|Kommo-o, F|\n|poke|p2|Urshifu-*, F|\n|poke|p2|Garganacl, F|\n|poke|p2|Lopunny, F|\n|poke|p2|Clodsire, F|\n|teampreview\n|\n|t:|1700923401\n|start\n|switch|p1a: Landorus|Landorus-Therian, M|100\/100\n|switch|p2a: Lopunny|Lopunny, F|100\/100\n|-ability|p1a: Landorus|Intimidate|boost\n|-unboost|p2a: Lopunny|atk|1\n|turn|1\n|\n|t:|1700923413\n|detailschange|p2a: Lopunny|Lopunny-Mega, F\n|-mega|p2a: Lopunny|Lopunny|Lopunnite\n|move|p2a: Lopunny|Fake Out|p1a: Landorus\n|-damage|p1a: Landorus|84\/100\n|cant|p1a: Landorus|flinch\n|\n|upkeep\n|turn|2\n|\n|t:|1700923430\n|switch|p1a: Ferrothorn|Ferrothorn, M|100\/100\n|move|p2a: Lopunny|Triple Axel|p1a: Ferrothorn|[miss]\n|-miss|p2a: Lopunny|p1a: Ferrothorn\n|\n|upkeep\n|turn|3\n|\n|t:|1700923437\n|move|p2a: Lopunny|Close Combat|p1a: Ferrothorn\n|-supereffective|p1a: Ferrothorn\n|-damage|p1a: Ferrothorn|37\/100\n|-unboost|p2a: Lopunny|def|1\n|-unboost|p2a: Lopunny|spd|1\n|-damage|p2a: Lopunny|88\/100|[from] ability: Iron Barbs|[of] p1a: Ferrothorn\n|move|p1a: Ferrothorn|Stealth Rock|p2a: Lopunny\n|-sidestart|p2: aashwioga|move: Stealth Rock\n|\n|upkeep\n|turn|4\n|\n|t:|1700923458\n|switch|p2a: Kommo-o|Kommo-o, F|100\/100\n|-damage|p2a: Kommo-o|94\/100|[from] Stealth Rock\n|switch|p1a: Great Tusk|Great Tusk|100\/100\n|-enditem|p1a: Great Tusk|Booster Energy\n|-activate|p1a: Great Tusk|ability: Protosynthesis|[fromitem]\n|-start|p1a: Great Tusk|protosynthesisspe\n|\n|upkeep\n|turn|5\n|\n|t:|1700923463\n|move|p1a: Great Tusk|Bulk Up|p1a: Great Tusk\n|-boost|p1a: Great Tusk|atk|1\n|-boost|p1a: Great Tusk|def|1\n|-zpower|p2a: Kommo-o\n|move|p2a: Kommo-o|Clangorous Soulblaze|p1a: Great Tusk|[zeffect]\n|-damage|p1a: Great Tusk|0 fnt\n|faint|p1a: Great Tusk\n|-end|p1a: Great Tusk|Protosynthesis|[silent]\n|-boost|p2a: Kommo-o|atk|1\n|-boost|p2a: Kommo-o|def|1\n|-boost|p2a: Kommo-o|spa|1\n|-boost|p2a: Kommo-o|spd|1\n|-boost|p2a: Kommo-o|spe|1\n|\n|upkeep\n|inactive|Battle timer is ON: inactive players will automatically lose when time's up. (requested by aashwioga)\n|\n|t:|1700923498\n|switch|p1a: Samurott|Samurott-Hisui, M|100\/100\n|turn|6\n|\n|t:|1700923502\n|move|p2a: Kommo-o|Aura Sphere|p1a: Samurott\n|-supereffective|p1a: Samurott\n|-damage|p1a: Samurott|0 fnt\n|faint|p1a: Samurott\n|\n|upkeep\n|\n|t:|1700923518\n|switch|p1a: Scizor|Scizor, M|100\/100\n|turn|7\n|\n|t:|1700923521\n|move|p1a: Scizor|Bullet Punch|p2a: Kommo-o\n|-damage|p2a: Kommo-o|59\/100\n|move|p2a: Kommo-o|Flamethrower|p1a: Scizor\n|-supereffective|p1a: Scizor\n|-damage|p1a: Scizor|0 fnt\n|faint|p1a: Scizor\n|\n|upkeep\n|\n|t:|1700923526\n|switch|p1a: Landorus|Landorus-Therian, M|84\/100\n|-ability|p1a: Landorus|Intimidate|boost\n|-unboost|p2a: Kommo-o|atk|1\n|turn|8\n|\n|t:|1700923529\n|-terastallize|p1a: Landorus|Flying\n|move|p1a: Landorus|Tera Blast|p2a: Kommo-o|[anim] Tera Blast Flying\n|-supereffective|p2a: Kommo-o\n|-damage|p2a: Kommo-o|0 fnt\n|faint|p2a: Kommo-o\n|\n|upkeep\n|\n|t:|1700923558\n|switch|p2a: Garganacl|Garganacl, F|100\/100\n|-damage|p2a: Garganacl|88\/100|[from] Stealth Rock\n|turn|9\n|\n|t:|1700923565\n|switch|p1a: Ferrothorn|Ferrothorn, M|37\/100\n|move|p2a: Garganacl|Iron Defense|p2a: Garganacl\n|-boost|p2a: Garganacl|def|2\n|\n|-heal|p2a: Garganacl|94\/100|[from] item: Leftovers\n|upkeep\n|turn|10\n|\n|t:|1700923569\n|move|p2a: Garganacl|Salt Cure|p1a: Ferrothorn\n|-resisted|p1a: Ferrothorn\n|-damage|p1a: Ferrothorn|31\/100\n|-start|p1a: Ferrothorn|Salt Cure\n|move|p1a: Ferrothorn|Power Whip|p2a: Garganacl\n|-supereffective|p2a: Garganacl\n|-damage|p2a: Garganacl|39\/100\n|\n|-heal|p2a: Garganacl|45\/100|[from] item: Leftovers\n|-damage|p1a: Ferrothorn|6\/100|[from] Salt Cure\n|upkeep\n|turn|11\n|\n|t:|1700923575\n|move|p2a: Garganacl|Recover|p2a: Garganacl\n|-heal|p2a: Garganacl|95\/100\n|move|p1a: Ferrothorn|Power Whip|p2a: Garganacl\n|-supereffective|p2a: Garganacl\n|-damage|p2a: Garganacl|43\/100\n|\n|-heal|p2a: Garganacl|49\/100|[from] item: Leftovers\n|-damage|p1a: Ferrothorn|0 fnt|[from] Salt Cure\n|faint|p1a: Ferrothorn\n|upkeep\n|\n|t:|1700923595\n|switch|p1a: Urshifu|Urshifu-Rapid-Strike, F|100\/100\n|turn|12\n|\n|t:|1700923600\n|-terastallize|p2a: Garganacl|Water\n|move|p1a: Urshifu|Close Combat|p2a: Garganacl\n|-damage|p2a: Garganacl|15\/100\n|-unboost|p1a: Urshifu|def|1\n|-unboost|p1a: Urshifu|spd|1\n|move|p2a: Garganacl|Recover|p2a: Garganacl\n|-heal|p2a: Garganacl|65\/100\n|\n|-heal|p2a: Garganacl|71\/100|[from] item: Leftovers\n|upkeep\n|turn|13\n|-message|Or4ngetest5 forfeited.\n|\n|win|aashwioga\n|raw|Or4ngetest5's rating: 1140 &rarr; <strong>1110<\/strong><br \/>(-30 for losing)\n|raw|aashwioga's rating: 1070 &rarr; <strong>1105<\/strong><br \/>(+35 for winning)\n|l|\u2606Or4ngetest5\n","uploadtime":1700923608,"views":2,"p1id":"or4ngetest5","p2id":"aashwioga","formatid":"gen9nationaldex","rating":1105,"private":0,"password":""}