{"id":"gen9nationaldex-1999660772","p1":"Escaliburito","p2":"Diieg899","format":"[Gen 9] National Dex","log":"|html|<div class=\"broadcast-blue\"><strong>[Gen 9] National Dex is currently suspecting Sneasler! For information on how to participate check out the <a href=\"https:\/\/www.smogon.com\/forums\/threads\/sv-national-dex-suspect-8-just-dance.3731534\/\">suspect thread<\/a>.<\/strong><\/div>\n|j|\u2606Escaliburito\n|j|\u2606Diieg899\n|t:|1701105516\n|gametype|singles\n|player|p1|Escaliburito|swimmerf-gen4|\n|player|p2|Diieg899|dawn-gen4pt|\n|teamsize|p1|6\n|teamsize|p2|6\n|gen|9\n|tier|[Gen 9] National Dex\n|rule|HP Percentage Mod: HP is shown in percentages\n|rule|Endless Battle Clause: Forcing endless battles is banned\n|rule|OHKO Clause: OHKO moves are banned\n|rule|Evasion Clause: Evasion abilities, items, and moves are banned\n|rule|Evasion Abilities Clause: Evasion abilities are banned\n|rule|Evasion Items Clause: Evasion items are banned\n|rule|Evasion Moves Clause: Evasion moves are banned\n|rule|Species Clause: Limit one of each Pok\u00e9mon\n|rule|Sleep Clause Mod: Limit one foe put to sleep\n|clearpoke\n|poke|p1|Gastrodon-East, M|\n|poke|p1|Ninetales-Alola, M|\n|poke|p1|Okidogi, M|\n|poke|p1|Tornadus-Therian, M|\n|poke|p1|Manectric, M|\n|poke|p1|Kartana|\n|poke|p2|Tapu Koko|\n|poke|p2|Garchomp, F|\n|poke|p2|Kartana|\n|poke|p2|Volcarona, F|\n|poke|p2|Meowscarada, F|\n|poke|p2|Landorus-Therian, M|\n|teampreview\n|j| hideyourpineapples\n|c|\u2606Escaliburito|hey muy buenas a todos guapisimos\n|\n|t:|1701105547\n|start\n|switch|p1a: BebeDeAlvaro|Ninetales-Alola, M, shiny|100\/100\n|switch|p2a: Coco|Tapu Koko|100\/100\n|-fieldstart|move: Electric Terrain|[from] ability: Electric Surge|[of] p2a: Coco\n|-weather|Snow|[from] ability: Snow Warning|[of] p1a: BebeDeAlvaro\n|turn|1\n|\n|t:|1701105578\n|move|p2a: Coco|Thunderbolt|p1a: BebeDeAlvaro\n|-damage|p1a: BebeDeAlvaro|45\/100\n|-damage|p2a: Coco|91\/100|[from] item: Life Orb\n|move|p1a: BebeDeAlvaro|Blizzard|p2a: Coco\n|-damage|p2a: Coco|26\/100\n|\n|-weather|Snow|[upkeep]\n|upkeep\n|turn|2\n|\n|t:|1701105615\n|switch|p1a: Oh Martial|Manectric, M, shiny|100\/100\n|move|p2a: Coco|Volt Switch|p1a: Oh Martial\n|-ability|p1a: Oh Martial|Lightning Rod|boost\n|-boost|p1a: Oh Martial|spa|1\n|\n|-weather|Snow|[upkeep]\n|upkeep\n|turn|3\n|l|\u2606Diieg899\n|player|p2|\n|j|\u2606Diieg899\n|player|p2|Diieg899|dawn-gen4pt\n|\n|t:|1701105660\n|switch|p2a: Garchomp-Femin|Garchomp, F, shiny|100\/100\n|detailschange|p1a: Oh Martial|Manectric-Mega, M, shiny\n|-mega|p1a: Oh Martial|Manectric|Manectite\n|-ability|p1a: Oh Martial|Intimidate|boost\n|-unboost|p2a: Garchomp-Femin|atk|1\n|move|p1a: Oh Martial|Thunderbolt|p2a: Garchomp-Femin\n|-immune|p2a: Garchomp-Femin\n|\n|-weather|Snow|[upkeep]\n|upkeep\n|turn|4\n|\n|t:|1701105671\n|detailschange|p2a: Garchomp-Femin|Garchomp-Mega, F, shiny\n|-mega|p2a: Garchomp-Femin|Garchomp|Garchompite\n|move|p1a: Oh Martial|Hidden Power|p2a: Garchomp-Femin\n|-supereffective|p2a: Garchomp-Femin\n|-crit|p2a: Garchomp-Femin\n|-damage|p2a: Garchomp-Femin|0 fnt\n|faint|p2a: Garchomp-Femin\n|\n|-weather|Snow|[upkeep]\n|upkeep\n|\n|t:|1701105684\n|switch|p2a: Nombre Original|Landorus-Therian, M, shiny|100\/100\n|-ability|p2a: Nombre Original|Intimidate|boost\n|-unboost|p1a: Oh Martial|atk|1\n|turn|5\n|\n|t:|1701105706\n|move|p1a: Oh Martial|Hidden Power|p2a: Nombre Original\n|-supereffective|p2a: Nombre Original\n|-damage|p2a: Nombre Original|0 fnt\n|faint|p2a: Nombre Original\n|\n|-weather|none\n|-fieldend|move: Electric Terrain\n|upkeep\n|\n|t:|1701105715\n|switch|p2a: Katana|Kartana|100\/100\n|turn|6\n|\n|t:|1701105736\n|move|p1a: Oh Martial|Flamethrower|p2a: Katana\n|-supereffective|p2a: Katana\n|-damage|p2a: Katana|0 fnt\n|faint|p2a: Katana\n|\n|upkeep\n|\n|t:|1701105764\n|switch|p2a: Coco|Tapu Koko|26\/100\n|-fieldstart|move: Electric Terrain|[from] ability: Electric Surge|[of] p2a: Coco\n|turn|7\n|\n|t:|1701105776\n|move|p1a: Oh Martial|Flamethrower|p2a: Coco\n|-damage|p2a: Coco|0 fnt\n|faint|p2a: Coco\n|\n|upkeep\n|\n|t:|1701105782\n|switch|p2a: Rule|Meowscarada, F|100\/100\n|turn|8\n|\n|t:|1701105792\n|move|p1a: Oh Martial|Flamethrower|p2a: Rule\n|-supereffective|p2a: Rule\n|-enditem|p2a: Rule|Focus Sash\n|-damage|p2a: Rule|1\/100\n|move|p2a: Rule|Play Rough|p1a: Oh Martial\n|-damage|p1a: Oh Martial|59\/100\n|\n|upkeep\n|turn|9\n|\n|t:|1701105808\n|move|p1a: Oh Martial|Flamethrower|p2a: Rule\n|-supereffective|p2a: Rule\n|-crit|p2a: Rule\n|-damage|p2a: Rule|0 fnt\n|faint|p2a: Rule\n|\n|upkeep\n|c|\u2606Diieg899|buen anuncio de cascos te sale Alvaro\n|\n|t:|1701105825\n|switch|p2a: Volcarona|Volcarona, F|100\/100\n|turn|10\n|\n|t:|1701105854\n|move|p1a: Oh Martial|Thunderbolt|p2a: Volcarona\n|-damage|p2a: Volcarona|9\/100\n|move|p2a: Volcarona|Giga Drain|p1a: Oh Martial\n|-damage|p1a: Oh Martial|19\/100\n|-heal|p2a: Volcarona|27\/100|[from] drain|[of] p1a: Oh Martial\n|\n|upkeep\n|turn|11\n|c|\u2606Escaliburito|madre de dios\n|c|\u2606Escaliburito|que barbaridad de pokemon\n|c|\u2606Escaliburito|OH MARTIAL\n|c|\u2606Diieg899|gg, la proxima sin hack, gracias\n|\n|t:|1701105878\n|move|p1a: Oh Martial|Thunderbolt|p2a: Volcarona\n|-damage|p2a: Volcarona|0 fnt\n|faint|p2a: Volcarona\n|\n|win|Escaliburito\n","uploadtime":1701105960,"views":10,"p1id":"escaliburito","p2id":"diieg899","formatid":"gen9nationaldex","rating":0,"private":0,"password":""}