{"id":"gen9nationaldex-1986985293","p1":"Pachimi","p2":"EvelynIsBased","format":"[Gen 9] National Dex","log":"|j|\u2606Pachimi\n|j|\u2606EvelynIsBased\n|t:|1699546713\n|gametype|singles\n|player|p1|Pachimi|ash-kalos|1199\n|player|p2|EvelynIsBased|guitarist|1270\n|teamsize|p1|6\n|teamsize|p2|6\n|gen|9\n|tier|[Gen 9] National Dex\n|rated|\n|rule|HP Percentage Mod: HP is shown in percentages\n|rule|Endless Battle Clause: Forcing endless battles is banned\n|rule|OHKO Clause: OHKO moves are banned\n|rule|Evasion Clause: Evasion abilities, items, and moves are banned\n|rule|Evasion Abilities Clause: Evasion abilities are banned\n|rule|Evasion Items Clause: Evasion items are banned\n|rule|Evasion Moves Clause: Evasion moves are banned\n|rule|Species Clause: Limit one of each Pok\u00e9mon\n|rule|Sleep Clause Mod: Limit one foe put to sleep\n|clearpoke\n|poke|p1|Pikachu, F|\n|poke|p1|Hawlucha, M|\n|poke|p1|Goodra, F|\n|poke|p1|Noivern, M|\n|poke|p1|Talonflame, M|\n|poke|p1|Greninja-*, M|\n|poke|p2|Hippowdon, M|\n|poke|p2|Bisharp, F|\n|poke|p2|Aegislash, F|\n|poke|p2|Great Tusk|\n|poke|p2|Greninja-*, M|\n|poke|p2|Toxapex, M|\n|teampreview\n|inactive|Battle timer is ON: inactive players will automatically lose when time's up. (requested by Pachimi)\n|\n|t:|1699546718\n|start\n|switch|p1a: Hawlucha|Hawlucha, M|100\/100\n|switch|p2a: Hippowdon|Hippowdon, M|100\/100\n|turn|1\n|\n|t:|1699546723\n|move|p1a: Hawlucha|Swords Dance|p1a: Hawlucha\n|-boost|p1a: Hawlucha|atk|2\n|move|p2a: Hippowdon|Roar|p1a: Hawlucha\n|drag|p1a: Noivern|Noivern, M|100\/100\n|\n|upkeep\n|turn|2\n|\n|t:|1699546729\n|move|p1a: Noivern|Boomburst|p2a: Hippowdon\n|-damage|p2a: Hippowdon|66\/100\n|-enditem|p1a: Noivern|Throat Spray\n|-boost|p1a: Noivern|spa|1|[from] item: Throat Spray\n|move|p2a: Hippowdon|Stealth Rock|p1a: Noivern\n|-sidestart|p1: Pachimi|move: Stealth Rock\n|\n|upkeep\n|turn|3\n|\n|t:|1699546733\n|move|p1a: Noivern|Boomburst|p2a: Hippowdon\n|-damage|p2a: Hippowdon|15\/100\n|move|p2a: Hippowdon|Roar|p1a: Noivern\n|drag|p1a: Greninja|Greninja, M|100\/100\n|-damage|p1a: Greninja|88\/100|[from] Stealth Rock\n|\n|upkeep\n|turn|4\n|\n|t:|1699546739\n|move|p1a: Greninja|Water Shuriken|p2a: Hippowdon\n|-supereffective|p2a: Hippowdon\n|-damage|p2a: Hippowdon|0 fnt\n|faint|p2a: Hippowdon\n|-ability|p1a: Greninja|Battle Bond|boost\n|-boost|p1a: Greninja|atk|1\n|-boost|p1a: Greninja|spa|1\n|-boost|p1a: Greninja|spe|1\n|-activate|p1a: Greninja|ability: Battle Bond\n|-hitcount|p2: Hippowdon|1\n|-damage|p1a: Greninja|78\/100|[from] item: Life Orb\n|\n|upkeep\n|\n|t:|1699546749\n|switch|p2a: Toxapex|Toxapex, M|100\/100\n|turn|5\n|\n|t:|1699546758\n|move|p1a: Greninja|Extrasensory|p2a: Toxapex\n|-supereffective|p2a: Toxapex\n|-damage|p2a: Toxapex|24\/100\n|-damage|p1a: Greninja|69\/100|[from] item: Life Orb\n|move|p2a: Toxapex|Toxic Spikes|p1a: Greninja\n|-sidestart|p1: Pachimi|move: Toxic Spikes\n|\n|-heal|p2a: Toxapex|30\/100|[from] item: Black Sludge\n|upkeep\n|turn|6\n|\n|t:|1699546767\n|switch|p2a: Bisharp|Bisharp, F|100\/100\n|move|p1a: Greninja|Extrasensory|p2a: Bisharp\n|-immune|p2a: Bisharp\n|\n|upkeep\n|turn|7\n|\n|t:|1699546778\n|-terastallize|p1a: Greninja|Fairy\n|-terastallize|p2a: Bisharp|Electric\n|move|p1a: Greninja|Water Shuriken|p2a: Bisharp\n|-damage|p2a: Bisharp|87\/100\n|-damage|p2a: Bisharp|74\/100\n|-hitcount|p2a: Bisharp|2\n|-damage|p1a: Greninja|59\/100|[from] item: Life Orb\n|move|p2a: Bisharp|Tera Blast|p1a: Greninja|[anim] Tera Blast Electric\n|-damage|p1a: Greninja|0 fnt\n|faint|p1a: Greninja\n|\n|upkeep\n|\n|t:|1699546792\n|switch|p1a: Pikachu|Pikachu, F|100\/100\n|-damage|p1a: Pikachu|88\/100|[from] Stealth Rock\n|-status|p1a: Pikachu|psn\n|turn|8\n|\n|t:|1699546797\n|move|p1a: Pikachu|Fake Out|p2a: Bisharp\n|-damage|p2a: Bisharp|56\/100\n|cant|p2a: Bisharp|flinch\n|\n|-damage|p1a: Pikachu|76\/100 psn|[from] psn\n|upkeep\n|turn|9\n|\n|t:|1699546801\n|move|p1a: Pikachu|Extreme Speed|p2a: Bisharp\n|-damage|p2a: Bisharp|22\/100\n|move|p2a: Bisharp|Knock Off|p1a: Pikachu\n|-damage|p1a: Pikachu|0 fnt\n|-enditem|p1a: Pikachu|Light Ball|[from] move: Knock Off|[of] p2a: Bisharp\n|faint|p1a: Pikachu\n|\n|upkeep\n|\n|t:|1699546808\n|switch|p1a: Talonflame|Talonflame, M|100\/100\n|-damage|p1a: Talonflame|51\/100|[from] Stealth Rock\n|turn|10\n|\n|t:|1699546813\n|move|p2a: Bisharp|Sucker Punch|p1a: Talonflame\n|-damage|p1a: Talonflame|0 fnt\n|faint|p1a: Talonflame\n|\n|upkeep\n|\n|t:|1699546816\n|switch|p1a: Noivern|Noivern, M|100\/100\n|-damage|p1a: Noivern|76\/100|[from] Stealth Rock\n|turn|11\n|\n|t:|1699546821\n|move|p2a: Bisharp|Sucker Punch|p1a: Noivern\n|-damage|p1a: Noivern|20\/100\n|move|p1a: Noivern|Dragon Pulse|p2a: Bisharp\n|-damage|p2a: Bisharp|0 fnt\n|faint|p2a: Bisharp\n|\n|upkeep\n|\n|t:|1699546824\n|switch|p2a: Aegislash|Aegislash, F|100\/100\n|-item|p2a: Aegislash|Air Balloon\n|turn|12\n|\n|t:|1699546827\n|-formechange|p2a: Aegislash|Aegislash-Blade||[from] ability: Stance Change\n|move|p2a: Aegislash|Shadow Sneak|p1a: Noivern\n|-damage|p1a: Noivern|0 fnt\n|faint|p1a: Noivern\n|\n|upkeep\n|\n|t:|1699546830\n|switch|p1a: Hawlucha|Hawlucha, M|100\/100\n|-damage|p1a: Hawlucha|88\/100|[from] Stealth Rock\n|turn|13\n|\n|t:|1699546837\n|-formechange|p2a: Aegislash|Aegislash||[from] ability: Stance Change\n|move|p2a: Aegislash|King's Shield|p2a: Aegislash\n|-singleturn|p2a: Aegislash|Protect\n|move|p1a: Hawlucha|Swords Dance|p1a: Hawlucha\n|-boost|p1a: Hawlucha|atk|2\n|\n|upkeep\n|turn|14\n|\n|t:|1699546845\n|move|p1a: Hawlucha|Close Combat|p2a: Aegislash\n|-immune|p2a: Aegislash\n|-formechange|p2a: Aegislash|Aegislash-Blade||[from] ability: Stance Change\n|move|p2a: Aegislash|Gyro Ball|p1a: Hawlucha\n|-crit|p1a: Hawlucha\n|-damage|p1a: Hawlucha|4\/100\n|\n|upkeep\n|turn|15\n|\n|t:|1699546851\n|move|p2a: Aegislash|Shadow Sneak|p1a: Hawlucha\n|-damage|p1a: Hawlucha|0 fnt\n|faint|p1a: Hawlucha\n|\n|upkeep\n|\n|t:|1699546853\n|switch|p1a: Goodra|Goodra, F|100\/100\n|-damage|p1a: Goodra|88\/100|[from] Stealth Rock\n|-status|p1a: Goodra|psn\n|turn|16\n|\n|t:|1699546860\n|move|p1a: Goodra|Flamethrower|p2a: Aegislash\n|-supereffective|p2a: Aegislash\n|-damage|p2a: Aegislash|0 fnt\n|-enditem|p2a: Aegislash|Air Balloon\n|faint|p2a: Aegislash\n|\n|-heal|p1a: Goodra|94\/100 psn|[from] item: Leftovers\n|-damage|p1a: Goodra|82\/100 psn|[from] psn\n|upkeep\n|\n|t:|1699546870\n|switch|p2a: Toxapex|Toxapex, M|63\/100\n|turn|17\n|\n|t:|1699546875\n|move|p1a: Goodra|Flamethrower|p2a: Toxapex\n|-resisted|p2a: Toxapex\n|-damage|p2a: Toxapex|50\/100\n|move|p2a: Toxapex|Recover|p2a: Toxapex\n|-heal|p2a: Toxapex|99\/100\n|\n|-heal|p1a: Goodra|88\/100 psn|[from] item: Leftovers\n|-heal|p2a: Toxapex|100\/100|[from] item: Black Sludge\n|-damage|p1a: Goodra|75\/100 psn|[from] psn\n|upkeep\n|turn|18\n|-message|Pachimi forfeited.\n|\n|win|EvelynIsBased\n|raw|Pachimi's rating: 1199 &rarr; <strong>1179<\/strong><br \/>(-20 for losing)\n|raw|EvelynIsBased's rating: 1270 &rarr; <strong>1290<\/strong><br \/>(+20 for winning)\n|l|\u2606Pachimi\n","uploadtime":1699546883,"views":5,"p1id":"pachimi","p2id":"evelynisbased","formatid":"gen9nationaldex","rating":1179,"private":0,"password":""}