{"id":"gen9nationaldex-1992453767","p1":"SenhorDoJogo","p2":"Unkownow0","format":"[Gen 9] National Dex","log":"|j|\u2606SenhorDoJogo\n|j|\u2606Unkownow0\n|t:|1700189476\n|gametype|singles\n|player|p1|SenhorDoJogo|bugcatcher-gen4dp|1126\n|player|p2|Unkownow0|n|1115\n|teamsize|p1|6\n|teamsize|p2|6\n|gen|9\n|tier|[Gen 9] National Dex\n|rated|\n|rule|HP Percentage Mod: HP is shown in percentages\n|rule|Endless Battle Clause: Forcing endless battles is banned\n|rule|OHKO Clause: OHKO moves are banned\n|rule|Evasion Clause: Evasion abilities, items, and moves are banned\n|rule|Evasion Abilities Clause: Evasion abilities are banned\n|rule|Evasion Items Clause: Evasion items are banned\n|rule|Evasion Moves Clause: Evasion moves are banned\n|rule|Species Clause: Limit one of each Pok\u00e9mon\n|rule|Sleep Clause Mod: Limit one foe put to sleep\n|clearpoke\n|poke|p1|Porygon2|\n|poke|p1|Gardevoir, M|\n|poke|p1|Audino, M|\n|poke|p1|Excadrill, M|\n|poke|p1|Araquanid, M|\n|poke|p1|Kartana|\n|poke|p2|Lopunny, F|\n|poke|p2|Iron Valiant|\n|poke|p2|Garchomp, F|\n|poke|p2|Toxapex, F|\n|poke|p2|Tapu Koko|\n|poke|p2|Polteageist|\n|teampreview\n|inactive|Battle timer is ON: inactive players will automatically lose when time's up. (requested by SenhorDoJogo)\n|\n|t:|1700189523\n|start\n|switch|p1a: Araquanid|Araquanid, M|100\/100\n|switch|p2a: Toxapex|Toxapex, F|100\/100\n|turn|1\n|\n|t:|1700189533\n|move|p1a: Araquanid|Magic Coat|p1a: Araquanid\n|-singleturn|p1a: Araquanid|move: Magic Coat\n|move|p2a: Toxapex|Toxic|p1a: Araquanid\n|move|p1a: Araquanid|Toxic|p2a: Toxapex|[from]Magic Coat\n|-immune|p2a: Toxapex\n|\n|upkeep\n|turn|2\n|inactive|Unkownow0 has 120 seconds left.\n|inactive|Unkownow0 has 90 seconds left.\n|\n|t:|1700189605\n|move|p1a: Araquanid|Sticky Web|p2a: Toxapex\n|-sidestart|p2: Unkownow0|move: Sticky Web\n|move|p2a: Toxapex|Toxic|p1a: Araquanid\n|-status|p1a: Araquanid|tox\n|\n|-damage|p1a: Araquanid|94\/100 tox|[from] psn\n|upkeep\n|turn|3\n|inactive|SenhorDoJogo has 120 seconds left.\n|\n|t:|1700189645\n|switch|p1a: Excadrill|Excadrill, M|100\/100\n|-ability|p1a: Excadrill|Mold Breaker\n|move|p2a: Toxapex|Scald|p1a: Excadrill\n|-supereffective|p1a: Excadrill\n|-damage|p1a: Excadrill|54\/100\n|\n|-heal|p1a: Excadrill|60\/100|[from] item: Leftovers\n|upkeep\n|turn|4\n|inactive|Unkownow0 has 90 seconds left.\n|\n|t:|1700189658\n|switch|p1a: Araquanid|Araquanid, M|94\/100 tox\n|-terastallize|p2a: Toxapex|Flying\n|move|p2a: Toxapex|Scald|p1a: Araquanid\n|-resisted|p1a: Araquanid\n|-damage|p1a: Araquanid|87\/100 tox\n|\n|-damage|p1a: Araquanid|81\/100 tox|[from] psn\n|upkeep\n|turn|5\n|inactive|Unkownow0 has 90 seconds left.\n|\n|t:|1700189669\n|move|p1a: Araquanid|Liquidation|p2a: Toxapex\n|-damage|p2a: Toxapex|65\/100\n|move|p2a: Toxapex|Scald|p1a: Araquanid\n|-resisted|p1a: Araquanid\n|-damage|p1a: Araquanid|75\/100 tox\n|\n|-heal|p2a: Toxapex|71\/100|[from] item: Leftovers\n|-damage|p1a: Araquanid|62\/100 tox|[from] psn\n|upkeep\n|turn|6\n|inactive|Unkownow0 has 90 seconds left.\n|\n|t:|1700189683\n|move|p1a: Araquanid|Liquidation|p2a: Toxapex\n|-damage|p2a: Toxapex|30\/100\n|move|p2a: Toxapex|Scald|p1a: Araquanid\n|-resisted|p1a: Araquanid\n|-damage|p1a: Araquanid|55\/100 tox\n|\n|-heal|p2a: Toxapex|37\/100|[from] item: Leftovers\n|-damage|p1a: Araquanid|36\/100 tox|[from] psn\n|upkeep\n|turn|7\n|inactive|SenhorDoJogo has 120 seconds left.\n|\n|t:|1700189693\n|switch|p1a: Porygon2|Porygon2|100\/100\n|-ability|p1a: Porygon2|Download|boost\n|-boost|p1a: Porygon2|atk|1\n|move|p2a: Toxapex|Recover|p2a: Toxapex\n|-heal|p2a: Toxapex|87\/100\n|\n|-heal|p2a: Toxapex|93\/100|[from] item: Leftovers\n|upkeep\n|turn|8\n|inactive|SenhorDoJogo has 120 seconds left.\n|\n|t:|1700189708\n|move|p1a: Porygon2|Thunderbolt|p2a: Toxapex\n|-supereffective|p2a: Toxapex\n|-damage|p2a: Toxapex|61\/100\n|move|p2a: Toxapex|Haze|p2a: Toxapex\n|-clearallboost\n|\n|-heal|p2a: Toxapex|68\/100|[from] item: Leftovers\n|upkeep\n|turn|9\n|inactive|SenhorDoJogo has 120 seconds left.\n|\n|t:|1700189717\n|move|p1a: Porygon2|Thunderbolt|p2a: Toxapex\n|-supereffective|p2a: Toxapex\n|-damage|p2a: Toxapex|36\/100\n|move|p2a: Toxapex|Toxic|p1a: Porygon2\n|-status|p1a: Porygon2|tox\n|\n|-heal|p2a: Toxapex|42\/100|[from] item: Leftovers\n|-damage|p1a: Porygon2|95\/100 tox|[from] psn\n|upkeep\n|turn|10\n|\n|t:|1700189725\n|move|p1a: Porygon2|Thunderbolt|p2a: Toxapex\n|-supereffective|p2a: Toxapex\n|-damage|p2a: Toxapex|11\/100\n|move|p2a: Toxapex|Recover|p2a: Toxapex\n|-heal|p2a: Toxapex|61\/100\n|\n|-heal|p2a: Toxapex|67\/100|[from] item: Leftovers\n|-damage|p1a: Porygon2|83\/100 tox|[from] psn\n|upkeep\n|turn|11\n|\n|t:|1700189739\n|move|p1a: Porygon2|Ice Beam|p2a: Toxapex\n|-supereffective|p2a: Toxapex\n|-damage|p2a: Toxapex|34\/100\n|move|p2a: Toxapex|Scald|p1a: Porygon2\n|-damage|p1a: Porygon2|71\/100 tox\n|\n|-heal|p2a: Toxapex|40\/100|[from] item: Leftovers\n|-damage|p1a: Porygon2|53\/100 tox|[from] psn\n|upkeep\n|turn|12\n|\n|t:|1700189748\n|switch|p1a: Kartana|Kartana|100\/100\n|move|p2a: Toxapex|Recover|p2a: Toxapex\n|-heal|p2a: Toxapex|90\/100\n|\n|-heal|p2a: Toxapex|97\/100|[from] item: Leftovers\n|upkeep\n|turn|13\n|inactive|Unkownow0 has 120 seconds left.\n|\n|t:|1700189755\n|move|p1a: Kartana|Swords Dance|p1a: Kartana\n|-boost|p1a: Kartana|atk|2\n|move|p2a: Toxapex|Scald|p1a: Kartana\n|-resisted|p1a: Kartana\n|-damage|p1a: Kartana|72\/100\n|\n|-heal|p2a: Toxapex|100\/100|[from] item: Leftovers\n|upkeep\n|turn|14\n|inactive|Unkownow0 has 120 seconds left.\n|\n|t:|1700189769\n|move|p1a: Kartana|Psycho Cut|p2a: Toxapex\n|-crit|p2a: Toxapex\n|-damage|p2a: Toxapex|30\/100\n|-heal|p1a: Kartana|82\/100|[from] item: Shell Bell|[of] p2a: Toxapex\n|move|p2a: Toxapex|Haze|p2a: Toxapex\n|-clearallboost\n|\n|-heal|p2a: Toxapex|37\/100|[from] item: Leftovers\n|upkeep\n|turn|15\n|inactive|Unkownow0 has 120 seconds left.\n|\n|t:|1700189788\n|move|p1a: Kartana|Psycho Cut|p2a: Toxapex\n|-damage|p2a: Toxapex|12\/100\n|-heal|p1a: Kartana|86\/100|[from] item: Shell Bell|[of] p2a: Toxapex\n|move|p2a: Toxapex|Recover|p2a: Toxapex\n|-heal|p2a: Toxapex|62\/100\n|\n|-heal|p2a: Toxapex|69\/100|[from] item: Leftovers\n|upkeep\n|turn|16\n|inactive|Unkownow0 has 120 seconds left.\n|\n|t:|1700189796\n|move|p1a: Kartana|Swords Dance|p1a: Kartana\n|-boost|p1a: Kartana|atk|2\n|move|p2a: Toxapex|Haze|p2a: Toxapex\n|-clearallboost\n|\n|-heal|p2a: Toxapex|75\/100|[from] item: Leftovers\n|upkeep\n|turn|17\n|\n|t:|1700189802\n|move|p1a: Kartana|Swords Dance|p1a: Kartana\n|-boost|p1a: Kartana|atk|2\n|move|p2a: Toxapex|Scald|p1a: Kartana\n|-resisted|p1a: Kartana\n|-damage|p1a: Kartana|62\/100\n|\n|-heal|p2a: Toxapex|81\/100|[from] item: Leftovers\n|upkeep\n|turn|18\n|inactive|Unkownow0 has 120 seconds left.\n|\n|t:|1700189837\n|move|p1a: Kartana|Psycho Cut|p2a: Toxapex\n|-damage|p2a: Toxapex|35\/100\n|-heal|p1a: Kartana|68\/100|[from] item: Shell Bell|[of] p2a: Toxapex\n|move|p2a: Toxapex|Haze|p2a: Toxapex\n|-clearallboost\n|\n|-heal|p2a: Toxapex|41\/100|[from] item: Leftovers\n|upkeep\n|turn|19\n|\n|t:|1700189853\n|move|p1a: Kartana|Swords Dance|p1a: Kartana\n|-boost|p1a: Kartana|atk|2\n|move|p2a: Toxapex|Recover|p2a: Toxapex\n|-heal|p2a: Toxapex|91\/100\n|\n|-heal|p2a: Toxapex|98\/100|[from] item: Leftovers\n|upkeep\n|turn|20\n|\n|t:|1700189866\n|move|p1a: Kartana|Psycho Cut|p2a: Toxapex\n|-damage|p2a: Toxapex|52\/100\n|-heal|p1a: Kartana|75\/100|[from] item: Shell Bell|[of] p2a: Toxapex\n|move|p2a: Toxapex|Haze|p2a: Toxapex\n|-clearallboost\n|\n|-heal|p2a: Toxapex|58\/100|[from] item: Leftovers\n|upkeep\n|turn|21\n|\n|t:|1700189873\n|move|p1a: Kartana|Psycho Cut|p2a: Toxapex\n|-damage|p2a: Toxapex|32\/100\n|-heal|p1a: Kartana|78\/100|[from] item: Shell Bell|[of] p2a: Toxapex\n|move|p2a: Toxapex|Scald|p1a: Kartana\n|-resisted|p1a: Kartana\n|-damage|p1a: Kartana|54\/100\n|\n|-heal|p2a: Toxapex|38\/100|[from] item: Leftovers\n|upkeep\n|turn|22\n|inactive|Unkownow0 has 120 seconds left.\n|\n|t:|1700189882\n|move|p1a: Kartana|Psycho Cut|p2a: Toxapex\n|-damage|p2a: Toxapex|14\/100\n|-heal|p1a: Kartana|57\/100|[from] item: Shell Bell|[of] p2a: Toxapex\n|move|p2a: Toxapex|Recover|p2a: Toxapex\n|-heal|p2a: Toxapex|64\/100\n|\n|-heal|p2a: Toxapex|70\/100|[from] item: Leftovers\n|upkeep\n|turn|23\n|inactive|Unkownow0 has 120 seconds left.\n|\n|t:|1700189892\n|move|p1a: Kartana|Psycho Cut|p2a: Toxapex\n|-damage|p2a: Toxapex|45\/100\n|-heal|p1a: Kartana|61\/100|[from] item: Shell Bell|[of] p2a: Toxapex\n|move|p2a: Toxapex|Scald|p1a: Kartana\n|-resisted|p1a: Kartana\n|-damage|p1a: Kartana|36\/100\n|\n|-heal|p2a: Toxapex|51\/100|[from] item: Leftovers\n|upkeep\n|turn|24\n|\n|t:|1700189904\n|switch|p1a: Audino|Audino, M|100\/100\n|move|p2a: Toxapex|Scald|p1a: Audino\n|-damage|p1a: Audino|85\/100\n|\n|-heal|p2a: Toxapex|57\/100|[from] item: Leftovers\n|upkeep\n|turn|25\n|inactive|Unkownow0 has 120 seconds left.\n|\n|t:|1700189921\n|move|p1a: Audino|Encore|p2a: Toxapex\n|-start|p2a: Toxapex|Encore\n|move|p2a: Toxapex|Scald|p1a: Audino\n|-damage|p1a: Audino|68\/100\n|\n|-heal|p2a: Toxapex|63\/100|[from] item: Leftovers\n|upkeep\n|turn|26\n|\n|t:|1700189929\n|move|p1a: Audino|Simple Beam|p2a: Toxapex\n|-endability|p2a: Toxapex|Regenerator|[from] move: Simple Beam\n|-ability|p2a: Toxapex|Simple|[from] move: Simple Beam\n|move|p2a: Toxapex|Scald|p1a: Audino\n|-damage|p1a: Audino|52\/100\n|\n|-heal|p2a: Toxapex|70\/100|[from] item: Leftovers\n|upkeep\n|turn|27\n|inactive|Unkownow0 has 120 seconds left.\n|\n|t:|1700189954\n|move|p1a: Audino|Reflect|p1a: Audino\n|-sidestart|p1: SenhorDoJogo|Reflect\n|move|p2a: Toxapex|Scald|p1a: Audino\n|-crit|p1a: Audino\n|-damage|p1a: Audino|29\/100\n|\n|-heal|p2a: Toxapex|76\/100|[from] item: Leftovers\n|-end|p2a: Toxapex|Encore\n|upkeep\n|turn|28\n|inactive|Unkownow0 has 120 seconds left.\n|\n|t:|1700189963\n|move|p1a: Audino|Encore|p2a: Toxapex\n|-start|p2a: Toxapex|Encore\n|move|p2a: Toxapex|Scald|p1a: Audino\n|-damage|p1a: Audino|12\/100\n|-status|p1a: Audino|brn\n|\n|-heal|p2a: Toxapex|82\/100|[from] item: Leftovers\n|-damage|p1a: Audino|6\/100 brn|[from] brn\n|upkeep\n|turn|29\n|\n|t:|1700189971\n|switch|p1a: Gardevoir|Gardevoir, M|100\/100\n|-ability|p1a: Gardevoir|Simple|[from] ability: Trace|[of] p2a: Toxapex\n|move|p2a: Toxapex|Scald|p1a: Gardevoir\n|-damage|p1a: Gardevoir|83\/100\n|\n|-heal|p2a: Toxapex|88\/100|[from] item: Leftovers\n|upkeep\n|turn|30\n|\n|t:|1700189980\n|move|p1a: Gardevoir|Calm Mind|p1a: Gardevoir\n|-boost|p1a: Gardevoir|spa|2\n|-boost|p1a: Gardevoir|spd|2\n|move|p2a: Toxapex|Scald|p1a: Gardevoir\n|-crit|p1a: Gardevoir\n|-damage|p1a: Gardevoir|54\/100\n|\n|-heal|p2a: Toxapex|95\/100|[from] item: Leftovers\n|-end|p2a: Toxapex|Encore\n|upkeep\n|turn|31\n|\n|t:|1700189992\n|-terastallize|p1a: Gardevoir|Steel\n|move|p1a: Gardevoir|Draining Kiss|p2a: Toxapex\n|-damage|p2a: Toxapex|70\/100\n|-heal|p1a: Gardevoir|75\/100|[from] drain|[of] p2a: Toxapex\n|move|p2a: Toxapex|Scald|p1a: Gardevoir\n|-damage|p1a: Gardevoir|65\/100\n|-status|p1a: Gardevoir|brn\n|\n|-heal|p2a: Toxapex|76\/100|[from] item: Leftovers\n|-damage|p1a: Gardevoir|59\/100 brn|[from] brn\n|-sideend|p1: SenhorDoJogo|Reflect\n|upkeep\n|turn|32\n|\n|t:|1700190007\n|move|p1a: Gardevoir|Psyshock|p2a: Toxapex\n|-damage|p2a: Toxapex|27\/100\n|move|p2a: Toxapex|Scald|p1a: Gardevoir\n|-damage|p1a: Gardevoir|50\/100 brn\n|\n|-heal|p2a: Toxapex|34\/100|[from] item: Leftovers\n|-damage|p1a: Gardevoir|43\/100 brn|[from] brn\n|upkeep\n|turn|33\n|\n|t:|1700190016\n|move|p1a: Gardevoir|Psyshock|p2a: Toxapex\n|-damage|p2a: Toxapex|0 fnt\n|faint|p2a: Toxapex\n|\n|-damage|p1a: Gardevoir|37\/100 brn|[from] brn\n|upkeep\n|\n|t:|1700190032\n|switch|p2a: Polteageist|Polteageist|100\/100\n|-activate|p2a: Polteageist|move: Sticky Web\n|-unboost|p2a: Polteageist|spe|1\n|turn|34\n|\n|t:|1700190037\n|move|p1a: Gardevoir|Draining Kiss|p2a: Polteageist\n|-damage|p2a: Polteageist|55\/100\n|-heal|p1a: Gardevoir|70\/100 brn|[from] drain|[of] p2a: Polteageist\n|move|p2a: Polteageist|Shell Smash|p2a: Polteageist\n|-unboost|p2a: Polteageist|def|1\n|-unboost|p2a: Polteageist|spd|1\n|-boost|p2a: Polteageist|atk|2\n|-boost|p2a: Polteageist|spa|2\n|-boost|p2a: Polteageist|spe|2\n|\n|-damage|p1a: Gardevoir|64\/100 brn|[from] brn\n|upkeep\n|turn|35\n|\n|t:|1700190048\n|move|p2a: Polteageist|Stored Power|p1a: Gardevoir\n|-resisted|p1a: Gardevoir\n|-damage|p1a: Gardevoir|37\/100 brn\n|move|p1a: Gardevoir|Draining Kiss|p2a: Polteageist\n|-damage|p2a: Polteageist|0 fnt\n|-heal|p1a: Gardevoir|75\/100 brn|[from] drain|[of] p2a: Polteageist\n|faint|p2a: Polteageist\n|\n|-damage|p1a: Gardevoir|69\/100 brn|[from] brn\n|upkeep\n|\n|t:|1700190058\n|switch|p2a: Lopunny|Lopunny, F|100\/100\n|-activate|p2a: Lopunny|move: Sticky Web\n|-unboost|p2a: Lopunny|spe|1\n|turn|36\n|\n|t:|1700190063\n|detailschange|p2a: Lopunny|Lopunny-Mega, F\n|-mega|p2a: Lopunny|Lopunny|Lopunnite\n|move|p2a: Lopunny|Fake Out|p1a: Gardevoir\n|-resisted|p1a: Gardevoir\n|-damage|p1a: Gardevoir|55\/100 brn\n|cant|p1a: Gardevoir|flinch\n|\n|-damage|p1a: Gardevoir|49\/100 brn|[from] brn\n|upkeep\n|turn|37\n|\n|t:|1700190070\n|move|p1a: Gardevoir|Draining Kiss|p2a: Lopunny\n|-supereffective|p2a: Lopunny\n|-damage|p2a: Lopunny|0 fnt\n|-heal|p1a: Gardevoir|100\/100 brn|[from] drain|[of] p2a: Lopunny\n|faint|p2a: Lopunny\n|\n|-damage|p1a: Gardevoir|94\/100 brn|[from] brn\n|upkeep\n|\n|t:|1700190077\n|switch|p2a: Tapu Koko|Tapu Koko|100\/100\n|-fieldstart|move: Electric Terrain|[from] ability: Electric Surge|[of] p2a: Tapu Koko\n|turn|38\n|\n|t:|1700190085\n|move|p2a: Tapu Koko|Defog|p1a: Gardevoir\n|-unboost|p1a: Gardevoir|evasion|2\n|-sideend|p2: Unkownow0|Sticky Web|[from] move: Defog|[of] p2a: Tapu Koko\n|-fieldend|move: Electric Terrain\n|move|p1a: Gardevoir|Mystical Fire|p2a: Tapu Koko\n|-damage|p2a: Tapu Koko|37\/100\n|-unboost|p2a: Tapu Koko|spa|1\n|\n|-damage|p1a: Gardevoir|88\/100 brn|[from] brn\n|upkeep\n|turn|39\n|\n|t:|1700190111\n|move|p2a: Tapu Koko|Thunder|p1a: Gardevoir\n|-damage|p1a: Gardevoir|71\/100 brn\n|move|p1a: Gardevoir|Draining Kiss|p2a: Tapu Koko\n|-damage|p2a: Tapu Koko|0 fnt\n|-heal|p1a: Gardevoir|98\/100 brn|[from] drain|[of] p2a: Tapu Koko\n|faint|p2a: Tapu Koko\n|\n|-damage|p1a: Gardevoir|92\/100 brn|[from] brn\n|upkeep\n|\n|t:|1700190120\n|switch|p2a: Garchomp|Garchomp, F|100\/100\n|turn|40\n|\n|t:|1700190125\n|move|p2a: Garchomp|Fire Fang|p1a: Gardevoir\n|-supereffective|p1a: Gardevoir\n|-damage|p1a: Gardevoir|37\/100 brn\n|move|p1a: Gardevoir|Draining Kiss|p2a: Garchomp\n|-supereffective|p2a: Garchomp\n|-damage|p2a: Garchomp|10\/100\n|-heal|p1a: Gardevoir|100\/100 brn|[from] drain|[of] p2a: Garchomp\n|-damage|p1a: Gardevoir|88\/100 brn|[from] ability: Rough Skin|[of] p2a: Garchomp\n|-damage|p1a: Gardevoir|72\/100 brn|[from] item: Rocky Helmet|[of] p2a: Garchomp\n|\n|-damage|p1a: Gardevoir|65\/100 brn|[from] brn\n|upkeep\n|turn|41\n|\n|t:|1700190139\n|move|p2a: Garchomp|Fire Fang|p1a: Gardevoir\n|-supereffective|p1a: Gardevoir\n|-damage|p1a: Gardevoir|11\/100 brn\n|-enditem|p1a: Gardevoir|Salac Berry|[eat]\n|-boost|p1a: Gardevoir|spe|2|[from] item: Salac Berry\n|move|p1a: Gardevoir|Psyshock|p2a: Garchomp\n|-damage|p2a: Garchomp|0 fnt\n|faint|p2a: Garchomp\n|\n|-damage|p1a: Gardevoir|5\/100 brn|[from] brn\n|upkeep\n|\n|t:|1700190149\n|switch|p2a: Iron Valiant|Iron Valiant|100\/100\n|turn|42\n|\n|t:|1700190153\n|move|p1a: Gardevoir|Draining Kiss|p2a: Iron Valiant\n|-supereffective|p2a: Iron Valiant\n|-damage|p2a: Iron Valiant|0 fnt\n|-heal|p1a: Gardevoir|84\/100 brn|[from] drain|[of] p2a: Iron Valiant\n|faint|p2a: Iron Valiant\n|-end|p2a: Iron Valiant|Quark Drive|[silent]\n|\n|win|SenhorDoJogo\n|raw|SenhorDoJogo's rating: 1126 &rarr; <strong>1150<\/strong><br \/>(+24 for winning)\n|raw|Unkownow0's rating: 1115 &rarr; <strong>1091<\/strong><br \/>(-24 for losing)\n|l|\u2606Unkownow0\n|c|\u2606SenhorDoJogo|gg\n","uploadtime":1700190167,"views":5,"p1id":"senhordojogo","p2id":"unkownow0","formatid":"gen9nationaldex","rating":1091,"private":0,"password":""}