{"id":"gen9nationaldex-1990594983","p1":"savagewolf98420","p2":"Okamateratsu","format":"[Gen 9] National Dex","log":"|j|\u2606savagewolf98420\n|j|\u2606Okamateratsu\n|t:|1699984287\n|gametype|singles\n|player|p1|savagewolf98420|koga|1246\n|player|p2|Okamateratsu|emmet|1246\n|teamsize|p1|6\n|teamsize|p2|6\n|gen|9\n|tier|[Gen 9] National Dex\n|rated|\n|rule|HP Percentage Mod: HP is shown in percentages\n|rule|Endless Battle Clause: Forcing endless battles is banned\n|rule|OHKO Clause: OHKO moves are banned\n|rule|Evasion Clause: Evasion abilities, items, and moves are banned\n|rule|Evasion Abilities Clause: Evasion abilities are banned\n|rule|Evasion Items Clause: Evasion items are banned\n|rule|Evasion Moves Clause: Evasion moves are banned\n|rule|Species Clause: Limit one of each Pok\u00e9mon\n|rule|Sleep Clause Mod: Limit one foe put to sleep\n|clearpoke\n|poke|p1|Reuniclus, M|\n|poke|p1|Jirachi|\n|poke|p1|Serperior, F|\n|poke|p1|Togekiss, M|\n|poke|p1|Deoxys-Defense|\n|poke|p1|Kommo-o, F|\n|poke|p2|Beedrill, M|\n|poke|p2|Araquanid, M|\n|poke|p2|Lokix, F|\n|poke|p2|Forretress, F|\n|poke|p2|Buzzwole|\n|poke|p2|Volcarona, M|\n|teampreview\n|inactive|Battle timer is ON: inactive players will automatically lose when time's up. (requested by savagewolf98420)\n|\n|t:|1699984294\n|start\n|switch|p1a: Deoxys|Deoxys-Defense|100\/100\n|switch|p2a: Forretress|Forretress, F|100\/100\n|-ability|p1a: Deoxys|Pressure\n|turn|1\n|\n|t:|1699984302\n|move|p1a: Deoxys|Cosmic Power|p1a: Deoxys\n|-boost|p1a: Deoxys|def|1\n|-boost|p1a: Deoxys|spd|1\n|move|p2a: Forretress|Rapid Spin|p1a: Deoxys\n|-damage|p1a: Deoxys|95\/100\n|-boost|p2a: Forretress|spe|1\n|\n|-heal|p1a: Deoxys|100\/100|[from] item: Leftovers\n|upkeep\n|turn|2\n|\n|t:|1699984315\n|move|p1a: Deoxys|Cosmic Power|p1a: Deoxys\n|-boost|p1a: Deoxys|def|1\n|-boost|p1a: Deoxys|spd|1\n|move|p2a: Forretress|Spikes|p1a: Deoxys\n|-sidestart|p1: savagewolf98420|Spikes\n|\n|upkeep\n|turn|3\n|\n|t:|1699984323\n|move|p1a: Deoxys|Seismic Toss|p2a: Forretress\n|-damage|p2a: Forretress|72\/100\n|move|p2a: Forretress|Spikes|p1a: Deoxys\n|-sidestart|p1: savagewolf98420|Spikes\n|\n|upkeep\n|turn|4\n|\n|t:|1699984329\n|move|p1a: Deoxys|Seismic Toss|p2a: Forretress\n|-damage|p2a: Forretress|44\/100\n|move|p2a: Forretress|Stealth Rock|p1a: Deoxys\n|-sidestart|p1: savagewolf98420|move: Stealth Rock\n|\n|upkeep\n|turn|5\n|\n|t:|1699984339\n|move|p1a: Deoxys|Seismic Toss|p2a: Forretress\n|-damage|p2a: Forretress|16\/100\n|move|p2a: Forretress|Toxic Spikes|p1a: Deoxys\n|-sidestart|p1: savagewolf98420|move: Toxic Spikes\n|\n|upkeep\n|turn|6\n|\n|t:|1699984345\n|switch|p2a: Volcarona|Volcarona, M|100\/100\n|move|p1a: Deoxys|Seismic Toss|p2a: Volcarona\n|-damage|p2a: Volcarona|68\/100\n|\n|upkeep\n|turn|7\n|\n|t:|1699984352\n|switch|p2a: Forretress|Forretress, F|16\/100\n|move|p1a: Deoxys|Night Shade|p2a: Forretress\n|-damage|p2a: Forretress|0 fnt\n|faint|p2a: Forretress\n|\n|upkeep\n|\n|t:|1699984356\n|switch|p2a: Lokix|Lokix, F|100\/100\n|turn|8\n|\n|t:|1699984363\n|move|p2a: Lokix|U-turn|p1a: Deoxys\n|-supereffective|p1a: Deoxys\n|-damage|p1a: Deoxys|64\/100\n|\n|t:|1699984367\n|switch|p2a: Araquanid|Araquanid, M|100\/100|[from] U-turn\n|move|p1a: Deoxys|Seismic Toss|p2a: Araquanid\n|-damage|p2a: Araquanid|68\/100\n|\n|-heal|p1a: Deoxys|71\/100|[from] item: Leftovers\n|-heal|p2a: Araquanid|74\/100|[from] item: Leftovers\n|upkeep\n|turn|9\n|\n|t:|1699984377\n|move|p1a: Deoxys|Night Shade|p2a: Araquanid\n|-damage|p2a: Araquanid|42\/100\n|move|p2a: Araquanid|Sticky Web|p1a: Deoxys\n|-sidestart|p1: savagewolf98420|move: Sticky Web\n|\n|-heal|p1a: Deoxys|77\/100|[from] item: Leftovers\n|-heal|p2a: Araquanid|48\/100|[from] item: Leftovers\n|upkeep\n|turn|10\n|\n|t:|1699984389\n|move|p1a: Deoxys|Cosmic Power|p1a: Deoxys\n|-boost|p1a: Deoxys|def|1\n|-boost|p1a: Deoxys|spd|1\n|move|p2a: Araquanid|Leech Life|p1a: Deoxys\n|-supereffective|p1a: Deoxys\n|-damage|p1a: Deoxys|63\/100\n|-heal|p2a: Araquanid|55\/100|[from] drain|[of] p1a: Deoxys\n|\n|-heal|p1a: Deoxys|69\/100|[from] item: Leftovers\n|-heal|p2a: Araquanid|61\/100|[from] item: Leftovers\n|upkeep\n|turn|11\n|\n|t:|1699984402\n|move|p1a: Deoxys|Night Shade|p2a: Araquanid\n|-damage|p2a: Araquanid|28\/100\n|move|p2a: Araquanid|Leech Life|p1a: Deoxys\n|-supereffective|p1a: Deoxys\n|-damage|p1a: Deoxys|53\/100\n|-heal|p2a: Araquanid|36\/100|[from] drain|[of] p1a: Deoxys\n|\n|-heal|p1a: Deoxys|60\/100|[from] item: Leftovers\n|-heal|p2a: Araquanid|42\/100|[from] item: Leftovers\n|upkeep\n|turn|12\n|\n|t:|1699984414\n|move|p1a: Deoxys|Seismic Toss|p2a: Araquanid\n|-damage|p2a: Araquanid|10\/100\n|move|p2a: Araquanid|Liquidation|p1a: Deoxys\n|-damage|p1a: Deoxys|43\/100\n|-unboost|p1a: Deoxys|def|1\n|\n|-heal|p1a: Deoxys|49\/100|[from] item: Leftovers\n|-heal|p2a: Araquanid|16\/100|[from] item: Leftovers\n|upkeep\n|turn|13\n|\n|t:|1699984427\n|switch|p2a: Buzzwole|Buzzwole|100\/100\n|move|p1a: Deoxys|Seismic Toss|p2a: Buzzwole\n|-damage|p2a: Buzzwole|72\/100\n|\n|-heal|p1a: Deoxys|55\/100|[from] item: Leftovers\n|upkeep\n|turn|14\n|\n|t:|1699984438\n|move|p2a: Buzzwole|Leech Life|p1a: Deoxys\n|-supereffective|p1a: Deoxys\n|-damage|p1a: Deoxys|18\/100\n|-heal|p2a: Buzzwole|88\/100|[from] drain|[of] p1a: Deoxys\n|move|p1a: Deoxys|Recover|p1a: Deoxys\n|-heal|p1a: Deoxys|68\/100\n|\n|-heal|p1a: Deoxys|74\/100|[from] item: Leftovers\n|upkeep\n|turn|15\n|\n|t:|1699984448\n|move|p2a: Buzzwole|Leech Life|p1a: Deoxys\n|-supereffective|p1a: Deoxys\n|-damage|p1a: Deoxys|39\/100\n|-heal|p2a: Buzzwole|100\/100|[from] drain|[of] p1a: Deoxys\n|move|p1a: Deoxys|Cosmic Power|p1a: Deoxys\n|-boost|p1a: Deoxys|def|1\n|-boost|p1a: Deoxys|spd|1\n|\n|-heal|p1a: Deoxys|45\/100|[from] item: Leftovers\n|upkeep\n|turn|16\n|\n|t:|1699984460\n|move|p2a: Buzzwole|Leech Life|p1a: Deoxys\n|-supereffective|p1a: Deoxys\n|-damage|p1a: Deoxys|15\/100\n|move|p1a: Deoxys|Recover|p1a: Deoxys\n|-heal|p1a: Deoxys|65\/100\n|\n|-heal|p1a: Deoxys|71\/100|[from] item: Leftovers\n|upkeep\n|turn|17\n|\n|t:|1699984469\n|move|p2a: Buzzwole|Leech Life|p1a: Deoxys\n|-supereffective|p1a: Deoxys\n|-damage|p1a: Deoxys|43\/100\n|move|p1a: Deoxys|Recover|p1a: Deoxys\n|-heal|p1a: Deoxys|93\/100\n|\n|-heal|p1a: Deoxys|99\/100|[from] item: Leftovers\n|upkeep\n|turn|18\n|\n|t:|1699984480\n|switch|p2a: Araquanid|Araquanid, M|16\/100\n|move|p1a: Deoxys|Cosmic Power|p1a: Deoxys\n|-boost|p1a: Deoxys|def|1\n|-boost|p1a: Deoxys|spd|1\n|\n|-heal|p1a: Deoxys|100\/100|[from] item: Leftovers\n|-heal|p2a: Araquanid|22\/100|[from] item: Leftovers\n|upkeep\n|turn|19\n|\n|t:|1699984492\n|move|p1a: Deoxys|Seismic Toss|p2a: Araquanid\n|-damage|p2a: Araquanid|0 fnt\n|faint|p2a: Araquanid\n|\n|upkeep\n|\n|t:|1699984501\n|switch|p2a: Lokix|Lokix, F|100\/100\n|turn|20\n|\n|t:|1699984505\n|move|p2a: Lokix|Knock Off|p1a: Deoxys\n|-supereffective|p1a: Deoxys\n|-damage|p1a: Deoxys|66\/100\n|-enditem|p1a: Deoxys|Leftovers|[from] move: Knock Off|[of] p2a: Lokix\n|move|p1a: Deoxys|Night Shade|p2a: Lokix\n|-damage|p2a: Lokix|65\/100\n|\n|upkeep\n|turn|21\n|\n|t:|1699984515\n|move|p2a: Lokix|Knock Off|p1a: Deoxys\n|-supereffective|p1a: Deoxys\n|-damage|p1a: Deoxys|44\/100\n|move|p1a: Deoxys|Seismic Toss|p2a: Lokix\n|-damage|p2a: Lokix|30\/100\n|\n|upkeep\n|turn|22\n|\n|t:|1699984522\n|switch|p2a: Beedrill|Beedrill, M|100\/100\n|move|p1a: Deoxys|Recover|p1a: Deoxys\n|-heal|p1a: Deoxys|94\/100\n|\n|upkeep\n|turn|23\n|\n|t:|1699984530\n|detailschange|p2a: Beedrill|Beedrill-Mega, M\n|-mega|p2a: Beedrill|Beedrill|Beedrillite\n|move|p2a: Beedrill|U-turn|p1a: Deoxys\n|-supereffective|p1a: Deoxys\n|-damage|p1a: Deoxys|69\/100\n|\n|t:|1699984535\n|switch|p2a: Buzzwole|Buzzwole|100\/100|[from] U-turn\n|move|p1a: Deoxys|Seismic Toss|p2a: Buzzwole\n|-damage|p2a: Buzzwole|72\/100\n|\n|upkeep\n|turn|24\n|\n|t:|1699984546\n|move|p2a: Buzzwole|Leech Life|p1a: Deoxys\n|-supereffective|p1a: Deoxys\n|-damage|p1a: Deoxys|45\/100\n|-heal|p2a: Buzzwole|83\/100|[from] drain|[of] p1a: Deoxys\n|move|p1a: Deoxys|Seismic Toss|p2a: Buzzwole\n|-damage|p2a: Buzzwole|55\/100\n|\n|upkeep\n|turn|25\n|\n|t:|1699984558\n|move|p2a: Buzzwole|Leech Life|p1a: Deoxys\n|-supereffective|p1a: Deoxys\n|-damage|p1a: Deoxys|22\/100\n|-heal|p2a: Buzzwole|64\/100|[from] drain|[of] p1a: Deoxys\n|move|p1a: Deoxys|Recover|p1a: Deoxys\n|-heal|p1a: Deoxys|72\/100\n|\n|upkeep\n|turn|26\n|\n|t:|1699984566\n|-terastallize|p2a: Buzzwole|Bug\n|move|p2a: Buzzwole|Leech Life|p1a: Deoxys\n|-supereffective|p1a: Deoxys\n|-damage|p1a: Deoxys|39\/100\n|-heal|p2a: Buzzwole|78\/100|[from] drain|[of] p1a: Deoxys\n|move|p1a: Deoxys|Night Shade|p2a: Buzzwole\n|-damage|p2a: Buzzwole|50\/100\n|\n|upkeep\n|turn|27\n|\n|t:|1699984579\n|move|p2a: Buzzwole|Leech Life|p1a: Deoxys\n|-supereffective|p1a: Deoxys\n|-damage|p1a: Deoxys|10\/100\n|-heal|p2a: Buzzwole|62\/100|[from] drain|[of] p1a: Deoxys\n|move|p1a: Deoxys|Recover|p1a: Deoxys\n|-heal|p1a: Deoxys|60\/100\n|\n|upkeep\n|turn|28\n|\n|t:|1699984590\n|move|p2a: Buzzwole|Earthquake|p1a: Deoxys\n|-damage|p1a: Deoxys|50\/100\n|move|p1a: Deoxys|Recover|p1a: Deoxys\n|-heal|p1a: Deoxys|100\/100\n|\n|upkeep\n|turn|29\n|\n|t:|1699984598\n|move|p2a: Buzzwole|Close Combat|p1a: Deoxys\n|-resisted|p1a: Deoxys\n|-damage|p1a: Deoxys|92\/100\n|-unboost|p2a: Buzzwole|def|1\n|-unboost|p2a: Buzzwole|spd|1\n|-enditem|p2a: Buzzwole|Eject Pack\n|\n|t:|1699984604\n|switch|p2a: Lokix|Lokix, F|30\/100\n|move|p1a: Deoxys|Seismic Toss|p2a: Lokix\n|-damage|p2a: Lokix|0 fnt\n|faint|p2a: Lokix\n|\n|upkeep\n|\n|t:|1699984607\n|switch|p2a: Beedrill|Beedrill-Mega, M|100\/100\n|turn|30\n|\n|t:|1699984616\n|move|p2a: Beedrill|Poison Jab|p1a: Deoxys\n|-damage|p1a: Deoxys|77\/100\n|move|p1a: Deoxys|Night Shade|p2a: Beedrill\n|-damage|p2a: Beedrill|64\/100\n|\n|upkeep\n|turn|31\n|inactive|savagewolf98420 has 120 seconds left.\n|\n|t:|1699984650\n|move|p2a: Beedrill|Poison Jab|p1a: Deoxys\n|-damage|p1a: Deoxys|61\/100\n|move|p1a: Deoxys|Night Shade|p2a: Beedrill\n|-damage|p2a: Beedrill|27\/100\n|\n|upkeep\n|turn|32\n|\n|t:|1699984659\n|move|p2a: Beedrill|Poison Jab|p1a: Deoxys\n|-damage|p1a: Deoxys|44\/100\n|move|p1a: Deoxys|Seismic Toss|p2a: Beedrill\n|-damage|p2a: Beedrill|0 fnt\n|faint|p2a: Beedrill\n|\n|upkeep\n|\n|t:|1699984663\n|switch|p2a: Volcarona|Volcarona, M|68\/100\n|turn|33\n|\n|t:|1699984671\n|move|p2a: Volcarona|Quiver Dance|p2a: Volcarona\n|-boost|p2a: Volcarona|spa|1\n|-boost|p2a: Volcarona|spd|1\n|-boost|p2a: Volcarona|spe|1\n|move|p1a: Deoxys|Seismic Toss|p2a: Volcarona\n|-damage|p2a: Volcarona|36\/100\n|-status|p1a: Deoxys|brn|[from] ability: Flame Body|[of] p2a: Volcarona\n|\n|-damage|p1a: Deoxys|38\/100 brn|[from] brn\n|upkeep\n|turn|34\n|\n|t:|1699984683\n|move|p2a: Volcarona|Quiver Dance|p2a: Volcarona\n|-boost|p2a: Volcarona|spa|1\n|-boost|p2a: Volcarona|spd|1\n|-boost|p2a: Volcarona|spe|1\n|move|p1a: Deoxys|Recover|p1a: Deoxys\n|-heal|p1a: Deoxys|88\/100 brn\n|\n|-damage|p1a: Deoxys|81\/100 brn|[from] brn\n|upkeep\n|turn|35\n|\n|t:|1699984693\n|move|p2a: Volcarona|Giga Drain|p1a: Deoxys\n|-damage|p1a: Deoxys|71\/100 brn\n|-heal|p2a: Volcarona|41\/100|[from] drain|[of] p1a: Deoxys\n|move|p1a: Deoxys|Night Shade|p2a: Volcarona\n|-damage|p2a: Volcarona|9\/100\n|\n|-damage|p1a: Deoxys|65\/100 brn|[from] brn\n|upkeep\n|turn|36\n|\n|t:|1699984703\n|move|p2a: Volcarona|Fiery Dance|p1a: Deoxys\n|-damage|p1a: Deoxys|50\/100 brn\n|-boost|p2a: Volcarona|spa|1\n|move|p1a: Deoxys|Seismic Toss|p2a: Volcarona\n|-damage|p2a: Volcarona|0 fnt\n|faint|p2a: Volcarona\n|\n|-damage|p1a: Deoxys|43\/100 brn|[from] brn\n|upkeep\n|\n|t:|1699984706\n|switch|p2a: Buzzwole|Buzzwole, tera:Bug|62\/100\n|turn|37\n|c|\u2606Okamateratsu|Gg\n|-message|Okamateratsu forfeited.\n|\n|win|savagewolf98420\n|raw|savagewolf98420's rating: 1246 &rarr; <strong>1271<\/strong><br \/>(+25 for winning)\n|raw|Okamateratsu's rating: 1246 &rarr; <strong>1221<\/strong><br \/>(-25 for losing)\n|l|\u2606Okamateratsu\n","uploadtime":1699984720,"views":3,"p1id":"savagewolf98420","p2id":"okamateratsu","formatid":"gen9nationaldex","rating":1221,"private":0,"password":""}