{"id":"gen9nationaldex-1990797565","p1":"Malv de Coolio","p2":"legendarylemonxl","format":"[Gen 9] National Dex","log":"|j|\u2606Malv de Coolio\n|j|\u2606legendarylemonxl\n|t:|1700001836\n|gametype|singles\n|player|p1|Malv de Coolio|waitress-gen4|1048\n|player|p2|legendarylemonxl|cynthia|1057\n|teamsize|p1|6\n|teamsize|p2|6\n|gen|9\n|tier|[Gen 9] National Dex\n|rated|\n|rule|HP Percentage Mod: HP is shown in percentages\n|rule|Endless Battle Clause: Forcing endless battles is banned\n|rule|OHKO Clause: OHKO moves are banned\n|rule|Evasion Clause: Evasion abilities, items, and moves are banned\n|rule|Evasion Abilities Clause: Evasion abilities are banned\n|rule|Evasion Items Clause: Evasion items are banned\n|rule|Evasion Moves Clause: Evasion moves are banned\n|rule|Species Clause: Limit one of each Pok\u00e9mon\n|rule|Sleep Clause Mod: Limit one foe put to sleep\n|clearpoke\n|poke|p1|Ceruledge, M|\n|poke|p1|Ninetales, M|\n|poke|p1|Leafeon, M|\n|poke|p1|Heatran, F|\n|poke|p1|Kommo-o, M|\n|poke|p1|Great Tusk|\n|poke|p2|Whimsicott, M|\n|poke|p2|Garchomp, F|\n|poke|p2|Glimmora, F|\n|poke|p2|Breloom, F|\n|poke|p2|Zoroark, F|\n|poke|p2|Corviknight, M|\n|teampreview\n|c|\u2606legendarylemonxl|hi glhf\n|\n|t:|1700001857\n|start\n|switch|p1a: Samus|Ninetales, M|100\/100\n|switch|p2a: Glimmora|Glimmora, F|100\/100\n|-weather|SunnyDay|[from] ability: Drought|[of] p1a: Samus\n|turn|1\n|\n|t:|1700001867\n|-terastallize|p1a: Samus|Ghost\n|move|p1a: Samus|Curse|p2a: Glimmora\n|-start|p2a: Glimmora|Curse|[of] p1a: Samus\n|-damage|p1a: Samus|50\/100\n|move|p2a: Glimmora|Stealth Rock|p1a: Samus\n|-sidestart|p1: Malv de Coolio|move: Stealth Rock\n|\n|-weather|SunnyDay|[upkeep]\n|-damage|p2a: Glimmora|75\/100|[from] Curse\n|upkeep\n|turn|2\n|\n|t:|1700001879\n|move|p1a: Samus|Fire Blast|p2a: Glimmora\n|-resisted|p2a: Glimmora\n|-damage|p2a: Glimmora|36\/100\n|move|p2a: Glimmora|Spikes|p1a: Samus\n|-sidestart|p1: Malv de Coolio|Spikes\n|\n|-weather|SunnyDay|[upkeep]\n|-damage|p2a: Glimmora|11\/100|[from] Curse\n|upkeep\n|turn|3\n|\n|t:|1700001892\n|switch|p2a: Garchomp|Garchomp, F|100\/100\n|move|p1a: Samus|Fire Blast|p2a: Garchomp\n|-resisted|p2a: Garchomp\n|-damage|p2a: Garchomp|69\/100\n|-status|p2a: Garchomp|brn\n|\n|-weather|SunnyDay|[upkeep]\n|-damage|p2a: Garchomp|62\/100 brn|[from] brn\n|upkeep\n|turn|4\n|\n|t:|1700001910\n|move|p2a: Garchomp|Swords Dance|p2a: Garchomp\n|-boost|p2a: Garchomp|atk|2\n|move|p1a: Samus|Curse|p2a: Garchomp\n|-start|p2a: Garchomp|Curse|[of] p1a: Samus\n|-damage|p1a: Samus|0 fnt\n|faint|p1a: Samus\n|\n|-weather|SunnyDay|[upkeep]\n|-damage|p2a: Garchomp|56\/100 brn|[from] brn\n|-damage|p2a: Garchomp|31\/100 brn|[from] Curse\n|upkeep\n|\n|t:|1700001920\n|switch|p1a: Spunky|Leafeon, M|100\/100\n|-damage|p1a: Spunky|88\/100|[from] Stealth Rock\n|-damage|p1a: Spunky|76\/100|[from] Spikes\n|turn|5\n|\n|t:|1700001926\n|detailschange|p2a: Garchomp|Garchomp-Mega, F\n|-mega|p2a: Garchomp|Garchomp|Garchompite\n|move|p1a: Spunky|Leaf Blade|p2a: Garchomp\n|-damage|p2a: Garchomp|0 fnt\n|faint|p2a: Garchomp\n|-damage|p1a: Spunky|66\/100|[from] item: Life Orb\n|\n|-weather|SunnyDay|[upkeep]\n|upkeep\n|\n|t:|1700001931\n|switch|p2a: Corviknight|Corviknight, M|100\/100\n|turn|6\n|\n|t:|1700001940\n|move|p1a: Spunky|Swords Dance|p1a: Spunky\n|-boost|p1a: Spunky|atk|2\n|move|p2a: Corviknight|Trick|p1a: Spunky\n|-activate|p2a: Corviknight|move: Trick|[of] p1a: Spunky\n|-item|p1a: Spunky|Choice Scarf|[from] move: Trick\n|-item|p2a: Corviknight|Life Orb|[from] move: Trick\n|\n|-weather|SunnyDay|[upkeep]\n|upkeep\n|turn|7\n|\n|t:|1700001951\n|switch|p2a: Breloom|Breloom, F|100\/100\n|move|p1a: Spunky|Return|p2a: Breloom\n|-damage|p2a: Breloom|1\/100\n|\n|-weather|SunnyDay|[upkeep]\n|-status|p2a: Breloom|tox|[from] item: Toxic Orb\n|upkeep\n|turn|8\n|\n|t:|1700001963\n|move|p1a: Spunky|Return|p2a: Breloom\n|-damage|p2a: Breloom|0 fnt\n|faint|p2a: Breloom\n|\n|-weather|none\n|upkeep\n|\n|t:|1700001969\n|switch|p2a: Glimmora|Glimmora, F|11\/100\n|turn|9\n|\n|t:|1700001977\n|move|p1a: Spunky|Return|p2a: Glimmora\n|-resisted|p2a: Glimmora\n|-damage|p2a: Glimmora|0 fnt\n|-activate|p2a: Glimmora|ability: Toxic Debris\n|-sidestart|p1: Malv de Coolio|move: Toxic Spikes\n|faint|p2a: Glimmora\n|\n|upkeep\n|\n|t:|1700001982\n|switch|p2a: Whimsicott|Whimsicott, M|100\/100\n|turn|10\n|\n|t:|1700001994\n|move|p2a: Whimsicott|Leech Seed|p1a: Spunky\n|-immune|p1a: Spunky\n|move|p1a: Spunky|Return|p2a: Whimsicott\n|-damage|p2a: Whimsicott|37\/100\n|\n|upkeep\n|turn|11\n|\n|t:|1700001999\n|move|p2a: Whimsicott|Tailwind|p2a: Whimsicott\n|-sidestart|p2: legendarylemonxl|move: Tailwind\n|move|p1a: Spunky|Return|p2a: Whimsicott\n|-damage|p2a: Whimsicott|0 fnt\n|faint|p2a: Whimsicott\n|\n|upkeep\n|\n|t:|1700002001\n|switch|p2a: Corviknight|Corviknight, M|100\/100\n|turn|12\n|\n|t:|1700002019\n|-terastallize|p2a: Corviknight|Flying\n|move|p2a: Corviknight|Brave Bird|p1a: Spunky\n|-supereffective|p1a: Spunky\n|-damage|p1a: Spunky|0 fnt\n|faint|p1a: Spunky\n|-damage|p2a: Corviknight|81\/100|[from] Recoil\n|\n|upkeep\n|\n|t:|1700002035\n|switch|p1a: boring :)|Heatran, F|100\/100\n|-damage|p1a: boring :)|88\/100|[from] Stealth Rock\n|-item|p1a: boring :)|Air Balloon\n|turn|13\n|\n|t:|1700002042\n|move|p2a: Corviknight|Brave Bird|p1a: boring :)\n|-resisted|p1a: boring :)\n|-damage|p1a: boring :)|63\/100\n|-enditem|p1a: boring :)|Air Balloon\n|-damage|p2a: Corviknight|73\/100|[from] Recoil\n|move|p1a: boring :)|Flamethrower|p2a: Corviknight\n|-damage|p2a: Corviknight|18\/100\n|\n|upkeep\n|turn|14\n|\n|t:|1700002052\n|move|p2a: Corviknight|Brave Bird|p1a: boring :)\n|-resisted|p1a: boring :)\n|-damage|p1a: boring :)|37\/100\n|-damage|p2a: Corviknight|9\/100|[from] Recoil\n|move|p1a: boring :)|Flamethrower|p2a: Corviknight\n|-damage|p2a: Corviknight|0 fnt\n|faint|p2a: Corviknight\n|\n|-sideend|p2: legendarylemonxl|move: Tailwind\n|upkeep\n|\n|t:|1700002054\n|switch|p2a: Zoroark|Zoroark, F|100\/100\n|turn|15\n|\n|t:|1700002061\n|move|p2a: Zoroark|Sucker Punch|p1a: boring :)\n|-damage|p1a: boring :)|3\/100\n|-damage|p2a: Zoroark|91\/100|[from] item: Life Orb\n|move|p1a: boring :)|Flamethrower|p2a: Zoroark\n|-damage|p2a: Zoroark|3\/100\n|\n|upkeep\n|turn|16\n|\n|t:|1700002068\n|move|p2a: Zoroark|Sucker Punch||[still]\n|-fail|p2a: Zoroark\n|move|p1a: boring :)|Roar||[still]\n|-fail|p1a: boring :)\n|\n|upkeep\n|turn|17\n|\n|t:|1700002072\n|move|p2a: Zoroark|Sucker Punch|p1a: boring :)\n|-damage|p1a: boring :)|0 fnt\n|-status|p2a: Zoroark|brn|[from] ability: Flame Body|[of] p1a: boring :)\n|faint|p1a: boring :)\n|-damage|p2a: Zoroark|0 fnt|[from] item: Life Orb\n|faint|p2a: Zoroark\n|\n|win|Malv de Coolio\n|raw|Malv de Coolio's rating: 1048 &rarr; <strong>1082<\/strong><br \/>(+34 for winning)\n|raw|legendarylemonxl's rating: 1057 &rarr; <strong>1038<\/strong><br \/>(-19 for losing)\n","uploadtime":1700002077,"views":4,"p1id":"malvdecoolio","p2id":"legendarylemonxl","formatid":"gen9nationaldex","rating":1038,"private":0,"password":""}