{"id":"gen9nationaldex-1989553926","p1":"yueyue12345","p2":"blahblahimbad","format":"[Gen 9] National Dex","log":"|j|\u2606yueyue12345\n|j|\u2606blahblahimbad\n|t:|1699870351\n|gametype|singles\n|player|p1|yueyue12345|lucas|1328\n|player|p2|blahblahimbad|aromalady|1412\n|teamsize|p1|6\n|teamsize|p2|6\n|gen|9\n|tier|[Gen 9] National Dex\n|rated|\n|rule|HP Percentage Mod: HP is shown in percentages\n|rule|Endless Battle Clause: Forcing endless battles is banned\n|rule|OHKO Clause: OHKO moves are banned\n|rule|Evasion Clause: Evasion abilities, items, and moves are banned\n|rule|Evasion Abilities Clause: Evasion abilities are banned\n|rule|Evasion Items Clause: Evasion items are banned\n|rule|Evasion Moves Clause: Evasion moves are banned\n|rule|Species Clause: Limit one of each Pok\u00e9mon\n|rule|Sleep Clause Mod: Limit one foe put to sleep\n|clearpoke\n|poke|p1|Banette, F|\n|poke|p1|Sneasler, F|\n|poke|p1|Tapu Lele|\n|poke|p1|Zoroark-Hisui, F|\n|poke|p1|Blacephalon|\n|poke|p1|Grimmsnarl, M|\n|poke|p2|Houndoom, F|\n|poke|p2|Ninetales, M|\n|poke|p2|Victreebel, F|\n|poke|p2|Tangrowth, M|\n|poke|p2|Gliscor, M|\n|poke|p2|Toxapex, M|\n|teampreview\n|inactive|Battle timer is ON: inactive players will automatically lose when time's up. (requested by blahblahimbad)\n|\n|t:|1699870365\n|start\n|switch|p1a: \u4f60\u6709\u672c\u4e8b\u7834\u5899|Grimmsnarl, M|100\/100\n|switch|p2a: Toxapex|Toxapex, M|100\/100\n|turn|1\n|\n|t:|1699870370\n|replace|p1a: rick roll|Zoroark-Hisui, F\n|-end|p1a: rick roll|Illusion\n|-zpower|p1a: rick roll\n|move|p1a: rick roll|Breakneck Blitz|p2a: Toxapex|[zeffect]\n|-damage|p2a: Toxapex|13\/100\n|move|p2a: Toxapex|Scald|p1a: rick roll\n|-damage|p1a: rick roll|67\/100\n|\n|upkeep\n|turn|2\n|\n|t:|1699870384\n|switch|p2a: Gliscor|Gliscor, M|100\/100\n|move|p1a: rick roll|Shadow Ball|p2a: Gliscor\n|-damage|p2a: Gliscor|56\/100\n|\n|-status|p2a: Gliscor|tox|[from] item: Toxic Orb\n|upkeep\n|turn|3\n|\n|t:|1699870390\n|move|p1a: rick roll|Hyper Beam|p2a: Gliscor|[miss]\n|-miss|p1a: rick roll|p2a: Gliscor\n|move|p2a: Gliscor|Stealth Rock|p1a: rick roll\n|-sidestart|p1: yueyue12345|move: Stealth Rock\n|\n|-heal|p2a: Gliscor|69\/100 tox|[from] ability: Poison Heal\n|upkeep\n|turn|4\n|\n|t:|1699870395\n|move|p1a: rick roll|Hyper Beam|p2a: Gliscor\n|-damage|p2a: Gliscor|0 fnt\n|-mustrecharge|p1a: rick roll\n|faint|p2a: Gliscor\n|\n|upkeep\n|\n|t:|1699870399\n|switch|p2a: Ninetales|Ninetales, M|100\/100\n|-weather|SunnyDay|[from] ability: Drought|[of] p2a: Ninetales\n|turn|5\n|\n|t:|1699870405\n|cant|p1a: rick roll|recharge\n|move|p2a: Ninetales|Agility|p2a: Ninetales\n|-boost|p2a: Ninetales|spe|2\n|\n|-weather|SunnyDay|[upkeep]\n|upkeep\n|turn|6\n|\n|t:|1699870410\n|move|p2a: Ninetales|Weather Ball|p1a: rick roll\n|-damage|p1a: rick roll|0 fnt\n|faint|p1a: rick roll\n|\n|-weather|SunnyDay|[upkeep]\n|upkeep\n|\n|t:|1699870417\n|switch|p1a: Banette|Banette, F|100\/100\n|-damage|p1a: Banette|88\/100|[from] Stealth Rock\n|-item|p2a: Ninetales|Heat Rock|[from] ability: Frisk|[of] p1a: Banette|[identify]\n|turn|7\n|\n|t:|1699870422\n|switch|p2a: Toxapex|Toxapex, M|46\/100\n|detailschange|p1a: Banette|Banette-Mega, F\n|-mega|p1a: Banette|Banette|Banettite\n|move|p1a: Banette|Destiny Bond|p1a: Banette\n|-singlemove|p1a: Banette|Destiny Bond\n|\n|-weather|SunnyDay|[upkeep]\n|upkeep\n|turn|8\n|\n|t:|1699870428\n|move|p1a: Banette|Poltergeist|p2a: Toxapex|[miss]\n|-miss|p1a: Banette|p2a: Toxapex\n|move|p2a: Toxapex|Toxic|p1a: Banette\n|-status|p1a: Banette|tox\n|\n|-weather|SunnyDay|[upkeep]\n|-damage|p1a: Banette|82\/100 tox|[from] psn\n|upkeep\n|turn|9\n|\n|t:|1699870432\n|move|p1a: Banette|Poltergeist|p2a: Toxapex\n|-activate|p2a: Toxapex|move: Poltergeist|Rocky Helmet\n|-damage|p2a: Toxapex|8\/100\n|move|p2a: Toxapex|Recover|p2a: Toxapex\n|-heal|p2a: Toxapex|58\/100\n|\n|-weather|SunnyDay|[upkeep]\n|-damage|p1a: Banette|70\/100 tox|[from] psn\n|upkeep\n|turn|10\n|\n|t:|1699870438\n|move|p1a: Banette|Poltergeist|p2a: Toxapex\n|-activate|p2a: Toxapex|move: Poltergeist|Rocky Helmet\n|-damage|p2a: Toxapex|19\/100\n|move|p2a: Toxapex|Recover|p2a: Toxapex\n|-heal|p2a: Toxapex|69\/100\n|\n|-weather|SunnyDay|[upkeep]\n|-damage|p1a: Banette|52\/100 tox|[from] psn\n|upkeep\n|turn|11\n|\n|t:|1699870442\n|move|p1a: Banette|Curse|p2a: Toxapex\n|-start|p2a: Toxapex|Curse|[of] p1a: Banette\n|-damage|p1a: Banette|2\/100 tox\n|move|p2a: Toxapex|Recover|p2a: Toxapex\n|-heal|p2a: Toxapex|100\/100\n|\n|-weather|SunnyDay|[upkeep]\n|-damage|p1a: Banette|0 fnt|[from] psn\n|faint|p1a: Banette\n|-damage|p2a: Toxapex|75\/100|[from] Curse\n|upkeep\n|\n|t:|1699870455\n|switch|p1a: \u56f4\u5dfe\u662f\u795e|Blacephalon|100\/100\n|-damage|p1a: \u56f4\u5dfe\u662f\u795e|76\/100|[from] Stealth Rock\n|turn|12\n|\n|t:|1699870460\n|move|p1a: \u56f4\u5dfe\u662f\u795e|Shadow Ball|p2a: Toxapex\n|-damage|p2a: Toxapex|39\/100\n|move|p2a: Toxapex|Scald|p1a: \u56f4\u5dfe\u662f\u795e\n|-supereffective|p1a: \u56f4\u5dfe\u662f\u795e\n|-damage|p1a: \u56f4\u5dfe\u662f\u795e|47\/100\n|\n|-weather|none\n|-damage|p2a: Toxapex|14\/100|[from] Curse\n|upkeep\n|turn|13\n|\n|t:|1699870470\n|move|p1a: \u56f4\u5dfe\u662f\u795e|Shadow Ball|p2a: Toxapex\n|-damage|p2a: Toxapex|0 fnt\n|faint|p2a: Toxapex\n|-ability|p1a: \u56f4\u5dfe\u662f\u795e|Beast Boost|boost\n|-boost|p1a: \u56f4\u5dfe\u662f\u795e|spa|1\n|\n|upkeep\n|\n|t:|1699870473\n|switch|p2a: Ninetales|Ninetales, M|100\/100\n|-weather|SunnyDay|[from] ability: Drought|[of] p2a: Ninetales\n|turn|14\n|\n|t:|1699870478\n|move|p1a: \u56f4\u5dfe\u662f\u795e|Shadow Ball|p2a: Ninetales\n|-damage|p2a: Ninetales|30\/100\n|move|p2a: Ninetales|Weather Ball|p1a: \u56f4\u5dfe\u662f\u795e\n|-resisted|p1a: \u56f4\u5dfe\u662f\u795e\n|-damage|p1a: \u56f4\u5dfe\u662f\u795e|0 fnt\n|faint|p1a: \u56f4\u5dfe\u662f\u795e\n|\n|-weather|SunnyDay|[upkeep]\n|upkeep\n|\n|t:|1699870487\n|switch|p1a: \u4f60\u6709\u672c\u4e8b\u7834\u5899|Grimmsnarl, M|100\/100\n|-damage|p1a: \u4f60\u6709\u672c\u4e8b\u7834\u5899|88\/100|[from] Stealth Rock\n|turn|15\n|\n|t:|1699870490\n|move|p1a: \u4f60\u6709\u672c\u4e8b\u7834\u5899|Sucker Punch|p2a: Ninetales\n|-damage|p2a: Ninetales|0 fnt\n|faint|p2a: Ninetales\n|-damage|p1a: \u4f60\u6709\u672c\u4e8b\u7834\u5899|78\/100|[from] item: Life Orb\n|\n|-weather|SunnyDay|[upkeep]\n|upkeep\n|\n|t:|1699870492\n|switch|p2a: Victreebel|Victreebel, F|100\/100\n|turn|16\n|\n|t:|1699870501\n|-terastallize|p1a: \u4f60\u6709\u672c\u4e8b\u7834\u5899|Dark\n|move|p2a: Victreebel|Poison Jab|p1a: \u4f60\u6709\u672c\u4e8b\u7834\u5899\n|-damage|p1a: \u4f60\u6709\u672c\u4e8b\u7834\u5899|18\/100\n|-status|p1a: \u4f60\u6709\u672c\u4e8b\u7834\u5899|psn\n|-damage|p2a: Victreebel|91\/100|[from] item: Life Orb\n|move|p1a: \u4f60\u6709\u672c\u4e8b\u7834\u5899|Darkest Lariat|p2a: Victreebel\n|-damage|p2a: Victreebel|0 fnt\n|faint|p2a: Victreebel\n|-damage|p1a: \u4f60\u6709\u672c\u4e8b\u7834\u5899|8\/100 psn|[from] item: Life Orb\n|\n|-weather|SunnyDay|[upkeep]\n|-damage|p1a: \u4f60\u6709\u672c\u4e8b\u7834\u5899|0 fnt|[from] psn\n|faint|p1a: \u4f60\u6709\u672c\u4e8b\u7834\u5899\n|upkeep\n|\n|t:|1699870514\n|switch|p2a: Houndoom|Houndoom, F|100\/100\n|switch|p1a: \u4e0d\u5e26\u6597Z\u548c\u54b8\u9c7c\u6709\u4ec0\u4e48\u533a\u522b|Tapu Lele|100\/100\n|-damage|p1a: \u4e0d\u5e26\u6597Z\u548c\u54b8\u9c7c\u6709\u4ec0\u4e48\u533a\u522b|88\/100|[from] Stealth Rock\n|-fieldstart|move: Psychic Terrain|[from] ability: Psychic Surge|[of] p1a: \u4e0d\u5e26\u6597Z\u548c\u54b8\u9c7c\u6709\u4ec0\u4e48\u533a\u522b\n|turn|17\n|\n|t:|1699870517\n|detailschange|p2a: Houndoom|Houndoom-Mega, F\n|-mega|p2a: Houndoom|Houndoom|Houndoominite\n|move|p2a: Houndoom|Sludge Bomb|p1a: \u4e0d\u5e26\u6597Z\u548c\u54b8\u9c7c\u6709\u4ec0\u4e48\u533a\u522b\n|-supereffective|p1a: \u4e0d\u5e26\u6597Z\u548c\u54b8\u9c7c\u6709\u4ec0\u4e48\u533a\u522b\n|-damage|p1a: \u4e0d\u5e26\u6597Z\u548c\u54b8\u9c7c\u6709\u4ec0\u4e48\u533a\u522b|0 fnt\n|faint|p1a: \u4e0d\u5e26\u6597Z\u548c\u54b8\u9c7c\u6709\u4ec0\u4e48\u533a\u522b\n|\n|-weather|SunnyDay|[upkeep]\n|-damage|p2a: Houndoom|88\/100|[from] ability: Solar Power|[of] p2a: Houndoom\n|upkeep\n|\n|t:|1699870521\n|switch|p1a: Sneasler|Sneasler, F|100\/100\n|-damage|p1a: Sneasler|95\/100|[from] Stealth Rock\n|-enditem|p1a: Sneasler|Psychic Seed\n|-boost|p1a: Sneasler|spd|1|[from] item: Psychic Seed\n|turn|18\n|\n|t:|1699870526\n|move|p1a: Sneasler|Close Combat|p2a: Houndoom\n|-supereffective|p2a: Houndoom\n|-damage|p2a: Houndoom|0 fnt\n|-unboost|p1a: Sneasler|def|1\n|-unboost|p1a: Sneasler|spd|1\n|faint|p2a: Houndoom\n|\n|-weather|SunnyDay|[upkeep]\n|upkeep\n|\n|t:|1699870529\n|switch|p2a: Tangrowth|Tangrowth, M|100\/100\n|turn|19\n|\n|t:|1699870532\n|move|p1a: Sneasler|Dire Claw|p2a: Tangrowth\n|-supereffective|p2a: Tangrowth\n|-damage|p2a: Tangrowth|50\/100\n|-status|p2a: Tangrowth|par\n|-damage|p1a: Sneasler|78\/100|[from] item: Rocky Helmet|[of] p2a: Tangrowth\n|move|p2a: Tangrowth|Leech Seed|p1a: Sneasler\n|-start|p1a: Sneasler|move: Leech Seed\n|\n|-weather|SunnyDay|[upkeep]\n|-damage|p1a: Sneasler|66\/100|[from] Leech Seed|[of] p2a: Tangrowth\n|-heal|p2a: Tangrowth|59\/100 par|[silent]\n|upkeep\n|turn|20\n|\n|t:|1699870541\n|move|p1a: Sneasler|Dire Claw|p2a: Tangrowth\n|-supereffective|p2a: Tangrowth\n|-damage|p2a: Tangrowth|7\/100 par\n|-damage|p1a: Sneasler|49\/100|[from] item: Rocky Helmet|[of] p2a: Tangrowth\n|move|p2a: Tangrowth|Giga Drain|p1a: Sneasler\n|-resisted|p1a: Sneasler\n|-damage|p1a: Sneasler|28\/100\n|-heal|p2a: Tangrowth|14\/100 par|[from] drain|[of] p1a: Sneasler\n|\n|-weather|SunnyDay|[upkeep]\n|-damage|p1a: Sneasler|16\/100|[from] Leech Seed|[of] p2a: Tangrowth\n|-heal|p2a: Tangrowth|24\/100 par|[silent]\n|upkeep\n|turn|21\n|\n|t:|1699870553\n|-terastallize|p2a: Tangrowth|Rock\n|move|p1a: Sneasler|Dire Claw|p2a: Tangrowth\n|-resisted|p2a: Tangrowth\n|-damage|p2a: Tangrowth|11\/100 par\n|-damage|p1a: Sneasler|0 fnt|[from] item: Rocky Helmet|[of] p2a: Tangrowth\n|faint|p1a: Sneasler\n|\n|win|blahblahimbad\n|raw|yueyue12345's rating: 1328 &rarr; <strong>1313<\/strong><br \/>(-15 for losing)\n|raw|blahblahimbad's rating: 1412 &rarr; <strong>1427<\/strong><br \/>(+15 for winning)\n|l|\u2606yueyue12345\n|c|\u2606blahblahimbad|gg\n","uploadtime":1699870564,"views":4,"p1id":"yueyue12345","p2id":"blahblahimbad","formatid":"gen9nationaldex","rating":1313,"private":0,"password":""}