{"id":"gen9nationaldex-1990137574","p1":"Delreynan","p2":"jertheber03","format":"[Gen 9] National Dex","log":"|j|\u2606Delreynan\n|j|\u2606jertheber03\n|t:|1699928619\n|gametype|singles\n|player|p1|Delreynan|cynthia-gen4|1080\n|player|p2|jertheber03|emmet|1000\n|teamsize|p1|6\n|teamsize|p2|6\n|gen|9\n|tier|[Gen 9] National Dex\n|rated|\n|rule|HP Percentage Mod: HP is shown in percentages\n|rule|Endless Battle Clause: Forcing endless battles is banned\n|rule|OHKO Clause: OHKO moves are banned\n|rule|Evasion Clause: Evasion abilities, items, and moves are banned\n|rule|Evasion Abilities Clause: Evasion abilities are banned\n|rule|Evasion Items Clause: Evasion items are banned\n|rule|Evasion Moves Clause: Evasion moves are banned\n|rule|Species Clause: Limit one of each Pok\u00e9mon\n|rule|Sleep Clause Mod: Limit one foe put to sleep\n|clearpoke\n|poke|p1|Arbok, F|\n|poke|p1|Serperior, F|\n|poke|p1|Milotic, F|\n|poke|p1|Sandaconda, F|\n|poke|p1|Steelix, F|\n|poke|p1|Seviper, F|\n|poke|p2|Drapion, F|\n|poke|p2|Inteleon, M|\n|poke|p2|Barbaracle, F|\n|poke|p2|Kingdra, M|\n|poke|p2|Ariados, F|\n|poke|p2|Beedrill, F|\n|teampreview\n|\n|t:|1699928627\n|start\n|switch|p1a: Sandaconda|Sandaconda, F|100\/100\n|switch|p2a: Beedrill|Beedrill, F, shiny|100\/100\n|turn|1\n|j| cheezerrat\n|inactive|Battle timer is ON: inactive players will automatically lose when time's up. (requested by Delreynan)\n|\n|t:|1699928652\n|move|p2a: Beedrill|Toxic|p1a: Sandaconda\n|-status|p1a: Sandaconda|tox\n|move|p1a: Sandaconda|Stealth Rock|p2a: Beedrill\n|-sidestart|p2: jertheber03|move: Stealth Rock\n|\n|-damage|p1a: Sandaconda|95\/100 tox|[from] psn\n|upkeep\n|turn|2\n|\n|t:|1699928670\n|detailschange|p2a: Beedrill|Beedrill-Mega, F, shiny\n|-mega|p2a: Beedrill|Beedrill|Beedrillite\n|move|p2a: Beedrill|Venoshock|p1a: Sandaconda\n|-resisted|p1a: Sandaconda\n|-damage|p1a: Sandaconda|82\/100 tox\n|-weather|Sandstorm|[from] ability: Sand Spit|[of] p1a: Sandaconda\n|move|p1a: Sandaconda|Earthquake|p2a: Beedrill\n|-damage|p2a: Beedrill|0 fnt\n|faint|p2a: Beedrill\n|\n|-weather|Sandstorm|[upkeep]\n|-damage|p1a: Sandaconda|70\/100 tox|[from] psn\n|upkeep\n|inactive|jertheber03 has 120 seconds left.\n|\n|t:|1699928691\n|switch|p2a: Inteleon|Inteleon, M, shiny|100\/100\n|-damage|p2a: Inteleon|88\/100|[from] Stealth Rock\n|turn|3\n|\n|t:|1699928698\n|switch|p1a: Milotic|Milotic, F|100\/100\n|move|p2a: Inteleon|Snipe Shot|p1a: Milotic\n|-resisted|p1a: Milotic\n|-damage|p1a: Milotic|86\/100\n|\n|-weather|Sandstorm|[upkeep]\n|-damage|p2a: Inteleon|82\/100|[from] Sandstorm\n|-damage|p1a: Milotic|80\/100|[from] Sandstorm\n|-heal|p1a: Milotic|86\/100|[from] item: Leftovers\n|upkeep\n|turn|4\n|inactive|jertheber03 has 120 seconds left.\n|\n|t:|1699928717\n|switch|p2a: Barbaracle|Barbaracle, F, shiny|100\/100\n|-damage|p2a: Barbaracle|88\/100|[from] Stealth Rock\n|move|p1a: Milotic|Toxic|p2a: Barbaracle\n|-status|p2a: Barbaracle|tox\n|\n|-weather|Sandstorm|[upkeep]\n|-damage|p1a: Milotic|80\/100|[from] Sandstorm\n|-heal|p1a: Milotic|86\/100|[from] item: Leftovers\n|-damage|p2a: Barbaracle|82\/100 tox|[from] psn\n|upkeep\n|turn|5\n|inactive|jertheber03 has 120 seconds left.\n|\n|t:|1699928740\n|switch|p1a: Arbok|Arbok, F|100\/100\n|-ability|p1a: Arbok|Intimidate|boost\n|-unboost|p2a: Barbaracle|atk|1\n|move|p2a: Barbaracle|Stone Edge|p1a: Arbok\n|-crit|p1a: Arbok\n|-damage|p1a: Arbok|0 fnt\n|faint|p1a: Arbok\n|\n|-weather|Sandstorm|[upkeep]\n|-damage|p2a: Barbaracle|70\/100 tox|[from] psn\n|upkeep\n|\n|t:|1699928759\n|switch|p1a: Sandaconda|Sandaconda, F|70\/100 tox\n|turn|6\n|inactive|jertheber03 has 120 seconds left.\n|\n|t:|1699928772\n|move|p1a: Sandaconda|Body Press|p2a: Barbaracle\n|-supereffective|p2a: Barbaracle\n|-damage|p2a: Barbaracle|26\/100 tox\n|move|p2a: Barbaracle|Cross Chop|p1a: Sandaconda\n|-damage|p1a: Sandaconda|52\/100 tox\n|\n|-weather|none\n|-damage|p1a: Sandaconda|46\/100 tox|[from] psn\n|-damage|p2a: Barbaracle|8\/100 tox|[from] psn\n|upkeep\n|turn|7\n|inactive|jertheber03 has 120 seconds left.\n|\n|t:|1699928791\n|move|p1a: Sandaconda|Coil|p1a: Sandaconda\n|-boost|p1a: Sandaconda|atk|1\n|-boost|p1a: Sandaconda|def|1\n|-boost|p1a: Sandaconda|accuracy|1\n|move|p2a: Barbaracle|Shadow Claw|p1a: Sandaconda\n|-crit|p1a: Sandaconda\n|-damage|p1a: Sandaconda|0 fnt\n|-weather|Sandstorm|[from] ability: Sand Spit|[of] p1a: Sandaconda\n|faint|p1a: Sandaconda\n|\n|-weather|Sandstorm|[upkeep]\n|-damage|p2a: Barbaracle|0 fnt|[from] psn\n|faint|p2a: Barbaracle\n|upkeep\n|inactive|jertheber03 has 90 seconds left.\n|\n|t:|1699928828\n|switch|p1a: Milotic|Milotic, F|86\/100\n|switch|p2a: Inteleon|Inteleon, M, shiny|82\/100\n|-damage|p2a: Inteleon|70\/100|[from] Stealth Rock\n|turn|8\n|inactive|jertheber03 has 90 seconds left.\n|\n|t:|1699928837\n|move|p2a: Inteleon|Focus Energy|p2a: Inteleon\n|-start|p2a: Inteleon|move: Focus Energy\n|move|p1a: Milotic|Scald|p2a: Inteleon\n|-resisted|p2a: Inteleon\n|-damage|p2a: Inteleon|42\/100\n|-status|p2a: Inteleon|brn\n|\n|-weather|Sandstorm|[upkeep]\n|-damage|p2a: Inteleon|36\/100 brn|[from] Sandstorm\n|-damage|p1a: Milotic|80\/100|[from] Sandstorm\n|-heal|p1a: Milotic|86\/100|[from] item: Leftovers\n|-damage|p2a: Inteleon|30\/100 brn|[from] brn\n|upkeep\n|turn|9\n|inactive|jertheber03 has 90 seconds left.\n|\n|t:|1699928866\n|move|p2a: Inteleon|Shadow Ball|p1a: Milotic\n|-crit|p1a: Milotic\n|-damage|p1a: Milotic|43\/100\n|-unboost|p1a: Milotic|spd|1\n|-ability|p1a: Milotic|Competitive|boost\n|-boost|p1a: Milotic|spa|2\n|move|p1a: Milotic|Recover|p1a: Milotic\n|-heal|p1a: Milotic|93\/100\n|\n|-weather|Sandstorm|[upkeep]\n|-damage|p2a: Inteleon|24\/100 brn|[from] Sandstorm\n|-damage|p1a: Milotic|87\/100|[from] Sandstorm\n|-heal|p1a: Milotic|93\/100|[from] item: Leftovers\n|-damage|p2a: Inteleon|18\/100 brn|[from] brn\n|upkeep\n|turn|10\n|inactive|jertheber03 has 90 seconds left.\n|inactive|Delreynan has 120 seconds left.\n|\n|t:|1699928887\n|move|p2a: Inteleon|Shadow Ball|p1a: Milotic\n|-crit|p1a: Milotic\n|-damage|p1a: Milotic|29\/100\n|move|p1a: Milotic|Scald|p2a: Inteleon\n|-resisted|p2a: Inteleon\n|-damage|p2a: Inteleon|0 fnt\n|faint|p2a: Inteleon\n|\n|-weather|Sandstorm|[upkeep]\n|-damage|p1a: Milotic|23\/100|[from] Sandstorm\n|-heal|p1a: Milotic|29\/100|[from] item: Leftovers\n|upkeep\n|inactive|jertheber03 has 90 seconds left.\n|\n|t:|1699928909\n|switch|p2a: Drapion|Drapion, F, shiny|100\/100\n|-damage|p2a: Drapion|88\/100|[from] Stealth Rock\n|turn|11\n|\n|t:|1699928918\n|switch|p1a: Steelix|Steelix, F|100\/100\n|move|p2a: Drapion|Night Slash|p1a: Steelix\n|-damage|p1a: Steelix|87\/100\n|\n|-weather|none\n|upkeep\n|turn|12\n|\n|t:|1699928936\n|detailschange|p1a: Steelix|Steelix-Mega, F\n|-mega|p1a: Steelix|Steelix|Steelixite\n|-zpower|p2a: Drapion\n|move|p2a: Drapion|Z-Acupressure|p2a: Drapion|[anim]Acupressure\n|-start|p2a: Drapion|move: Focus Energy|[zeffect]\n|-boost|p2a: Drapion|evasion|2\n|move|p1a: Steelix|Earthquake|p2a: Drapion\n|-supereffective|p2a: Drapion\n|-damage|p2a: Drapion|0 fnt\n|faint|p2a: Drapion\n|\n|upkeep\n|\n|t:|1699928951\n|switch|p2a: Kingdra|Kingdra, M, shiny|100\/100\n|-damage|p2a: Kingdra|88\/100|[from] Stealth Rock\n|turn|13\n|\n|t:|1699928959\n|switch|p1a: Seviper|Seviper, F|100\/100\n|-terastallize|p2a: Kingdra|Ice\n|move|p2a: Kingdra|Focus Energy|p2a: Kingdra\n|-start|p2a: Kingdra|move: Focus Energy\n|\n|upkeep\n|turn|14\n|\n|t:|1699928973\n|move|p1a: Seviper|Sludge Wave|p2a: Kingdra\n|-damage|p2a: Kingdra|36\/100\n|move|p2a: Kingdra|Ice Beam|p1a: Seviper\n|-crit|p1a: Seviper\n|-damage|p1a: Seviper|0 fnt\n|faint|p1a: Seviper\n|\n|upkeep\n|\n|t:|1699928992\n|switch|p1a: Serperior|Serperior, F, shiny|100\/100\n|turn|15\n|\n|t:|1699929016\n|move|p1a: Serperior|Leaf Storm|p2a: Kingdra\n|-damage|p2a: Kingdra|0 fnt\n|-boost|p1a: Serperior|spa|2\n|faint|p2a: Kingdra\n|\n|upkeep\n|\n|t:|1699929022\n|switch|p2a: Ariados|Ariados, F, shiny|100\/100\n|-damage|p2a: Ariados|76\/100|[from] Stealth Rock\n|turn|16\n|\n|t:|1699929031\n|-terastallize|p1a: Serperior|Dragon\n|move|p1a: Serperior|Hidden Power|p2a: Ariados\n|-supereffective|p2a: Ariados\n|-damage|p2a: Ariados|0 fnt\n|faint|p2a: Ariados\n|\n|win|Delreynan\n|raw|Delreynan's rating: 1080 &rarr; <strong>1102<\/strong><br \/>(+22 for winning)\n|raw|jertheber03's rating: 1000 &rarr; <strong>1000<\/strong><br \/>(+0 for losing)\n|l|\u2606jertheber03\n","uploadtime":1699929041,"views":6,"p1id":"delreynan","p2id":"jertheber03","formatid":"gen9nationaldex","rating":1000,"private":0,"password":""}