{"id":"gen9nationaldex-1995206307","p1":"DoubleFortune","p2":"CeruleanPsyduck33X","format":"[Gen 9] National Dex","log":"|html|<div class=\"broadcast-blue\"><strong>[Gen 9] National Dex is currently suspecting Sneasler! For information on how to participate check out the <a href=\"https:\/\/www.smogon.com\/forums\/threads\/sv-national-dex-suspect-8-just-dance.3731534\/\">suspect thread<\/a>.<\/strong><\/div>\n|j|\u2606DoubleFortune\n|j|\u2606CeruleanPsyduck33X\n|t:|1700534539\n|gametype|singles\n|player|p1|DoubleFortune|265|1000\n|player|p2|CeruleanPsyduck33X|psychic-gen4|1026\n|teamsize|p1|6\n|teamsize|p2|6\n|gen|9\n|tier|[Gen 9] National Dex\n|rated|\n|rule|HP Percentage Mod: HP is shown in percentages\n|rule|Endless Battle Clause: Forcing endless battles is banned\n|rule|OHKO Clause: OHKO moves are banned\n|rule|Evasion Clause: Evasion abilities, items, and moves are banned\n|rule|Evasion Abilities Clause: Evasion abilities are banned\n|rule|Evasion Items Clause: Evasion items are banned\n|rule|Evasion Moves Clause: Evasion moves are banned\n|rule|Species Clause: Limit one of each Pok\u00e9mon\n|rule|Sleep Clause Mod: Limit one foe put to sleep\n|clearpoke\n|poke|p1|Galvantula, M|\n|poke|p1|Volcarona, F|\n|poke|p1|Scolipede, M|\n|poke|p1|Armaldo, M|\n|poke|p1|Scizor, M|\n|poke|p1|Vespiquen, F|\n|poke|p2|Alakazam, M|\n|poke|p2|Crobat, M|\n|poke|p2|Gardevoir, F|\n|poke|p2|Mawile, F|\n|poke|p2|Grumpig, M|\n|poke|p2|Sceptile, M|\n|teampreview\n|\n|t:|1700534549\n|start\n|switch|p1a: Vespiquen|Vespiquen, F|100\/100\n|switch|p2a: Claire|Gardevoir, F|100\/100\n|-ability|p2a: Claire|Pressure\n|-ability|p2a: Claire|Pressure|[from] ability: Trace|[of] p1a: Vespiquen\n|-ability|p1a: Vespiquen|Pressure\n|turn|1\n|\n|t:|1700534560\n|-terastallize|p2a: Claire|Fire\n|move|p2a: Claire|Mystical Fire|p1a: Vespiquen\n|-supereffective|p1a: Vespiquen\n|-damage|p1a: Vespiquen|3\/100\n|-unboost|p1a: Vespiquen|spa|1\n|move|p1a: Vespiquen|Rain Dance|p1a: Vespiquen\n|-weather|RainDance\n|\n|-weather|RainDance|[upkeep]\n|upkeep\n|turn|2\n|\n|t:|1700534571\n|switch|p1a: Armaldo|Armaldo, M|100\/100\n|move|p2a: Claire|Thunderbolt|p1a: Armaldo\n|-damage|p1a: Armaldo|54\/100\n|\n|-weather|RainDance|[upkeep]\n|upkeep\n|turn|3\n|\n|t:|1700534582\n|switch|p2a: Grumpy|Grumpig, M|100\/100\n|move|p1a: Armaldo|Fury Cutter|p2a: Grumpy\n|-supereffective|p2a: Grumpy\n|-damage|p2a: Grumpy|49\/100\n|\n|-weather|RainDance|[upkeep]\n|upkeep\n|turn|4\n|\n|t:|1700534590\n|move|p1a: Armaldo|Fury Cutter|p2a: Grumpy\n|-supereffective|p2a: Grumpy\n|-damage|p2a: Grumpy|0 fnt\n|faint|p2a: Grumpy\n|\n|-weather|RainDance|[upkeep]\n|upkeep\n|\n|t:|1700534597\n|switch|p2a: Mildred|Mawile, F|100\/100\n|-ability|p2a: Mildred|Intimidate|boost\n|-unboost|p1a: Armaldo|atk|1\n|turn|5\n|\n|t:|1700534610\n|switch|p1a: Scolipede|Scolipede, M|100\/100\n|detailschange|p2a: Mildred|Mawile-Mega, F\n|-mega|p2a: Mildred|Mawile|Mawilite\n|move|p2a: Mildred|Iron Head|p1a: Scolipede\n|-damage|p1a: Scolipede|0 fnt\n|faint|p1a: Scolipede\n|\n|-weather|RainDance|[upkeep]\n|upkeep\n|\n|t:|1700534621\n|switch|p1a: Galvantula|Galvantula, M|100\/100\n|turn|6\n|\n|t:|1700534628\n|move|p1a: Galvantula|Thunder|p2a: Mildred\n|-damage|p2a: Mildred|36\/100\n|move|p2a: Mildred|Iron Head|p1a: Galvantula\n|-resisted|p1a: Galvantula\n|-damage|p1a: Galvantula|24\/100\n|\n|-weather|RainDance|[upkeep]\n|-heal|p1a: Galvantula|30\/100|[from] item: Leftovers\n|upkeep\n|turn|7\n|\n|t:|1700534642\n|move|p1a: Galvantula|Thunder|p2a: Mildred\n|-damage|p2a: Mildred|0 fnt\n|faint|p2a: Mildred\n|\n|-weather|RainDance|[upkeep]\n|-heal|p1a: Galvantula|36\/100|[from] item: Leftovers\n|upkeep\n|\n|t:|1700534649\n|switch|p2a: Al|Alakazam, M|100\/100\n|turn|8\n|\n|t:|1700534654\n|move|p1a: Galvantula|Thunder|p2a: Al\n|-damage|p2a: Al|31\/100\n|-status|p2a: Al|par\n|move|p2a: Al|Psychic|p1a: Galvantula\n|-damage|p1a: Galvantula|0 fnt\n|faint|p1a: Galvantula\n|\n|-weather|none\n|upkeep\n|\n|t:|1700534659\n|switch|p1a: Volcarona|Volcarona, F|100\/100\n|turn|9\n|\n|t:|1700534665\n|move|p1a: Volcarona|Quiver Dance|p1a: Volcarona\n|-boost|p1a: Volcarona|spa|1\n|-boost|p1a: Volcarona|spd|1\n|-boost|p1a: Volcarona|spe|1\n|move|p2a: Al|Psychic|p1a: Volcarona\n|-damage|p1a: Volcarona|66\/100\n|\n|upkeep\n|turn|10\n|\n|t:|1700534673\n|move|p1a: Volcarona|Quiver Dance|p1a: Volcarona\n|-boost|p1a: Volcarona|spa|1\n|-boost|p1a: Volcarona|spd|1\n|-boost|p1a: Volcarona|spe|1\n|cant|p2a: Al|par\n|\n|upkeep\n|turn|11\n|\n|t:|1700534680\n|move|p1a: Volcarona|Bug Buzz|p2a: Al\n|-supereffective|p2a: Al\n|-damage|p2a: Al|0 fnt\n|faint|p2a: Al\n|\n|upkeep\n|\n|t:|1700534686\n|switch|p2a: Russell Crobat|Crobat, M|100\/100\n|turn|12\n|\n|t:|1700534688\n|move|p1a: Volcarona|Fiery Dance|p2a: Russell Crobat\n|-damage|p2a: Russell Crobat|0 fnt\n|-boost|p1a: Volcarona|spa|1\n|faint|p2a: Russell Crobat\n|\n|upkeep\n|-message|CeruleanPsyduck33X forfeited.\n|\n|win|DoubleFortune\n|raw|DoubleFortune's rating: 1000 &rarr; <strong>1043<\/strong><br \/>(+43 for winning)\n|raw|CeruleanPsyduck33X's rating: 1026 &rarr; <strong>1011<\/strong><br \/>(-15 for losing)\n|l|\u2606CeruleanPsyduck33X\n","uploadtime":1700534699,"views":16,"p1id":"doublefortune","p2id":"ceruleanpsyduck33x","formatid":"gen9nationaldex","rating":1011,"private":0,"password":""}