{"id":"gen9nationaldex-1994106119","p1":"bu wei chen chen","p2":"BarbieFan","format":"[Gen 9] National Dex","log":"|j|\u2606bu wei chen chen\n|j|\u2606BarbieFan\n|t:|1700407567\n|gametype|singles\n|player|p1|bu wei chen chen|dawn|1430\n|player|p2|BarbieFan|caitlin-masters|1307\n|teamsize|p1|6\n|teamsize|p2|6\n|gen|9\n|tier|[Gen 9] National Dex\n|rated|\n|rule|HP Percentage Mod: HP is shown in percentages\n|rule|Endless Battle Clause: Forcing endless battles is banned\n|rule|OHKO Clause: OHKO moves are banned\n|rule|Evasion Clause: Evasion abilities, items, and moves are banned\n|rule|Evasion Abilities Clause: Evasion abilities are banned\n|rule|Evasion Items Clause: Evasion items are banned\n|rule|Evasion Moves Clause: Evasion moves are banned\n|rule|Species Clause: Limit one of each Pok\u00e9mon\n|rule|Sleep Clause Mod: Limit one foe put to sleep\n|clearpoke\n|poke|p1|Hydreigon, F|\n|poke|p1|Aegislash, M|\n|poke|p1|Tapu Fini|\n|poke|p1|Sneasler, M|\n|poke|p1|Diancie|\n|poke|p1|Ferrothorn, F|\n|poke|p2|Hippowdon, M|\n|poke|p2|Tapu Lele|\n|poke|p2|Stoutland, M|\n|poke|p2|Hawlucha, F|\n|poke|p2|Garganacl, M|\n|poke|p2|Sableye, F|\n|teampreview\n|inactive|Battle timer is ON: inactive players will automatically lose when time's up. (requested by BarbieFan)\n|inactive|BarbieFan has 120 seconds left.\n|l|\u2606BarbieFan\n|inactive|BarbieFan disconnected and has a minute to reconnect!\n|player|p2|\n|inactive|BarbieFan has 30 seconds to reconnect!\n|inactive|BarbieFan has 20 seconds to reconnect!\n|j|\u2606BarbieFan\n|inactive|BarbieFan reconnected and has 55 seconds left.\n|player|p2|BarbieFan|caitlin-masters\n|\n|t:|1700407670\n|start\n|switch|p1a: Diancie|Diancie|100\/100\n|switch|p2a: Hippowdon|Hippowdon, M|100\/100\n|-weather|Sandstorm|[from] ability: Sand Stream|[of] p2a: Hippowdon\n|turn|1\n|\n|t:|1700407697\n|detailschange|p1a: Diancie|Diancie-Mega\n|-mega|p1a: Diancie|Diancie|Diancite\n|move|p1a: Diancie|Moonblast|p2a: Hippowdon\n|-damage|p2a: Hippowdon|55\/100\n|move|p2a: Hippowdon|Earthquake|p1a: Diancie\n|-supereffective|p1a: Diancie\n|-damage|p1a: Diancie|8\/100\n|\n|-weather|Sandstorm|[upkeep]\n|-heal|p2a: Hippowdon|61\/100|[from] item: Leftovers\n|upkeep\n|turn|2\n|inactive|BarbieFan has 120 seconds left.\n|\n|t:|1700407710\n|move|p1a: Diancie|Moonblast|p2a: Hippowdon\n|-damage|p2a: Hippowdon|20\/100\n|-unboost|p2a: Hippowdon|spa|1\n|move|p2a: Hippowdon|Slack Off|p2a: Hippowdon\n|-heal|p2a: Hippowdon|71\/100\n|\n|-weather|Sandstorm|[upkeep]\n|-heal|p2a: Hippowdon|77\/100|[from] item: Leftovers\n|upkeep\n|turn|3\n|inactive|BarbieFan has 120 seconds left.\n|\n|t:|1700407726\n|switch|p1a: Hydreigon|Hydreigon, F|100\/100\n|move|p2a: Hippowdon|Earthquake|p1a: Hydreigon\n|-immune|p1a: Hydreigon|[from] ability: Levitate\n|\n|-weather|Sandstorm|[upkeep]\n|-damage|p1a: Hydreigon|94\/100|[from] Sandstorm\n|-heal|p2a: Hippowdon|83\/100|[from] item: Leftovers\n|upkeep\n|turn|4\n|\n|t:|1700407735\n|move|p1a: Hydreigon|Draco Meteor|p2a: Hippowdon\n|-damage|p2a: Hippowdon|8\/100\n|-unboost|p1a: Hydreigon|spa|2\n|move|p2a: Hippowdon|Toxic|p1a: Hydreigon\n|-status|p1a: Hydreigon|tox\n|\n|-weather|Sandstorm|[upkeep]\n|-damage|p1a: Hydreigon|88\/100 tox|[from] Sandstorm\n|-heal|p2a: Hippowdon|15\/100|[from] item: Leftovers\n|-damage|p1a: Hydreigon|82\/100 tox|[from] psn\n|upkeep\n|turn|5\n|inactive|BarbieFan has 120 seconds left.\n|\n|t:|1700407753\n|switch|p1a: Diancie|Diancie-Mega|8\/100\n|switch|p2a: Sableye|Sableye, F|100\/100\n|\n|-weather|none\n|upkeep\n|turn|6\n|inactive|BarbieFan has 120 seconds left.\n|\n|t:|1700407770\n|switch|p2a: Garganacl|Garganacl, M|100\/100\n|move|p1a: Diancie|Moonblast|p2a: Garganacl\n|-crit|p2a: Garganacl\n|-damage|p2a: Garganacl|48\/100\n|\n|-heal|p2a: Garganacl|54\/100|[from] item: Leftovers\n|upkeep\n|turn|7\n|\n|t:|1700407780\n|move|p1a: Diancie|Earth Power|p2a: Garganacl\n|-supereffective|p2a: Garganacl\n|-damage|p2a: Garganacl|6\/100\n|-unboost|p2a: Garganacl|spd|1\n|move|p2a: Garganacl|Salt Cure|p1a: Diancie\n|-damage|p1a: Diancie|0 fnt\n|faint|p1a: Diancie\n|\n|-heal|p2a: Garganacl|12\/100|[from] item: Leftovers\n|upkeep\n|c|\u2606bu wei chen chen|\uff1f\uff1f\uff1f\n|\n|t:|1700407798\n|switch|p1a: Tapu Fini|Tapu Fini|100\/100\n|-fieldstart|move: Misty Terrain|[from] ability: Misty Surge|[of] p1a: Tapu Fini\n|turn|8\n|\n|t:|1700407804\n|move|p2a: Garganacl|Salt Cure|p1a: Tapu Fini\n|-damage|p1a: Tapu Fini|92\/100\n|-start|p1a: Tapu Fini|Salt Cure\n|move|p1a: Tapu Fini|Scald|p2a: Garganacl\n|-supereffective|p2a: Garganacl\n|-damage|p2a: Garganacl|0 fnt\n|faint|p2a: Garganacl\n|\n|-damage|p1a: Tapu Fini|67\/100|[from] Salt Cure\n|upkeep\n|\n|t:|1700407813\n|switch|p2a: Tapu Lele|Tapu Lele|100\/100\n|-fieldstart|move: Psychic Terrain|[from] ability: Psychic Surge|[of] p2a: Tapu Lele\n|turn|9\n|inactive|BarbieFan has 120 seconds left.\n|\n|t:|1700407844\n|switch|p1a: Hydreigon|Hydreigon, F|82\/100 tox\n|move|p2a: Tapu Lele|Moonblast|p1a: Hydreigon\n|-supereffective|p1a: Hydreigon\n|-damage|p1a: Hydreigon|0 fnt\n|faint|p1a: Hydreigon\n|\n|upkeep\n|inactive|bu wei chen chen has 120 seconds left.\n|\n|t:|1700407867\n|switch|p1a: Ferrothorn|Ferrothorn, F|100\/100\n|turn|10\n|inactive|BarbieFan has 120 seconds left.\n|\n|t:|1700407895\n|switch|p2a: Hawlucha|Hawlucha, F|100\/100\n|-enditem|p2a: Hawlucha|Psychic Seed\n|-boost|p2a: Hawlucha|spd|1|[from] item: Psychic Seed\n|move|p1a: Ferrothorn|Thunder Wave|p2a: Hawlucha\n|-status|p2a: Hawlucha|par\n|\n|upkeep\n|turn|11\n|inactive|bu wei chen chen has 120 seconds left.\n|\n|t:|1700407924\n|move|p2a: Hawlucha|Swords Dance|p2a: Hawlucha\n|-boost|p2a: Hawlucha|atk|2\n|move|p1a: Ferrothorn|Stealth Rock|p2a: Hawlucha\n|-sidestart|p2: BarbieFan|move: Stealth Rock\n|\n|upkeep\n|turn|12\n|inactive|bu wei chen chen has 120 seconds left.\n|inactive|BarbieFan has 120 seconds left.\n|\n|t:|1700407935\n|switch|p1a: Tapu Fini|Tapu Fini|67\/100\n|-fieldstart|move: Misty Terrain|[from] ability: Misty Surge|[of] p1a: Tapu Fini\n|move|p2a: Hawlucha|Close Combat|p1a: Tapu Fini\n|-resisted|p1a: Tapu Fini\n|-damage|p1a: Tapu Fini|32\/100\n|-unboost|p2a: Hawlucha|def|1\n|-unboost|p2a: Hawlucha|spd|1\n|\n|upkeep\n|turn|13\n|inactive|bu wei chen chen has 120 seconds left.\n|\n|t:|1700407947\n|move|p2a: Hawlucha|Acrobatics|p1a: Tapu Fini\n|-damage|p1a: Tapu Fini|0 fnt\n|faint|p1a: Tapu Fini\n|\n|upkeep\n|\n|t:|1700407950\n|switch|p1a: Sneasler|Sneasler, M|100\/100\n|-enditem|p1a: Sneasler|Misty Seed\n|-boost|p1a: Sneasler|spd|1|[from] item: Misty Seed\n|turn|14\n|inactive|bu wei chen chen has 120 seconds left.\n|\n|t:|1700407962\n|-terastallize|p1a: Sneasler|Steel\n|move|p1a: Sneasler|Swords Dance|p1a: Sneasler\n|-boost|p1a: Sneasler|atk|2\n|move|p2a: Hawlucha|Acrobatics|p1a: Sneasler\n|-resisted|p1a: Sneasler\n|-damage|p1a: Sneasler|31\/100\n|\n|upkeep\n|turn|15\n|\n|t:|1700407978\n|move|p1a: Sneasler|Acrobatics|p2a: Hawlucha\n|-supereffective|p2a: Hawlucha\n|-damage|p2a: Hawlucha|0 fnt\n|faint|p2a: Hawlucha\n|\n|upkeep\n|\n|t:|1700407990\n|switch|p2a: Sableye|Sableye, F|100\/100\n|-damage|p2a: Sableye|88\/100|[from] Stealth Rock\n|turn|16\n|inactive|bu wei chen chen has 120 seconds left.\n|\n|t:|1700408014\n|detailschange|p2a: Sableye|Sableye-Mega, F\n|-mega|p2a: Sableye|Sableye|Sablenite\n|move|p1a: Sneasler|Acrobatics|p2a: Sableye\n|-damage|p2a: Sableye|32\/100\n|move|p2a: Sableye|Poltergeist||[still]\n|-fail|p2a: Sableye\n|\n|-fieldend|Misty Terrain\n|upkeep\n|turn|17\n|inactive|bu wei chen chen has 120 seconds left.\n|c|\u2606BarbieFan|im dumb\n|\n|t:|1700408030\n|move|p1a: Sneasler|Acrobatics|p2a: Sableye\n|-crit|p2a: Sableye\n|-damage|p2a: Sableye|0 fnt\n|faint|p2a: Sableye\n|\n|upkeep\n|\n|t:|1700408032\n|switch|p2a: Hippowdon|Hippowdon, M|15\/100\n|-damage|p2a: Hippowdon|8\/100|[from] Stealth Rock\n|-weather|Sandstorm|[from] ability: Sand Stream|[of] p2a: Hippowdon\n|turn|18\n|c|\u2606bu wei chen chen|I have no item\n|\n|t:|1700408044\n|move|p1a: Sneasler|Acrobatics|p2a: Hippowdon\n|-damage|p2a: Hippowdon|0 fnt\n|faint|p2a: Hippowdon\n|\n|-weather|Sandstorm|[upkeep]\n|upkeep\n|\n|t:|1700408050\n|switch|p2a: Tapu Lele|Tapu Lele|100\/100\n|-damage|p2a: Tapu Lele|88\/100|[from] Stealth Rock\n|-fieldstart|move: Psychic Terrain|[from] ability: Psychic Surge|[of] p2a: Tapu Lele\n|turn|19\n|\n|t:|1700408059\n|-terastallize|p2a: Tapu Lele|Psychic\n|move|p1a: Sneasler|Acrobatics|p2a: Tapu Lele\n|-damage|p2a: Tapu Lele|0 fnt\n|faint|p2a: Tapu Lele\n|\n|-weather|Sandstorm|[upkeep]\n|upkeep\n|\n|t:|1700408064\n|switch|p2a: Stoutland|Stoutland, M|100\/100\n|-damage|p2a: Stoutland|88\/100|[from] Stealth Rock\n|turn|20\n|\n|t:|1700408068\n|move|p1a: Sneasler|Close Combat|p2a: Stoutland\n|-supereffective|p2a: Stoutland\n|-damage|p2a: Stoutland|0 fnt\n|-unboost|p1a: Sneasler|def|1\n|-unboost|p1a: Sneasler|spd|1\n|faint|p2a: Stoutland\n|\n|win|bu wei chen chen\n|raw|bu wei chen chen's rating: 1430 &rarr; <strong>1443<\/strong><br \/>(+13 for winning)\n|raw|BarbieFan's rating: 1307 &rarr; <strong>1294<\/strong><br \/>(-13 for losing)\n|l|\u2606BarbieFan\n","uploadtime":1700408077,"views":13,"p1id":"buweichenchen","p2id":"barbiefan","formatid":"gen9nationaldex","rating":1294,"private":0,"password":""}