{"id":"gen9nationaldex-1999485182","p1":"BallDay","p2":"XHHXUU","format":"[Gen 9] National Dex","log":"|html|<div class=\"broadcast-blue\"><strong>[Gen 9] National Dex is currently suspecting Sneasler! For information on how to participate check out the <a href=\"https:\/\/www.smogon.com\/forums\/threads\/sv-national-dex-suspect-8-just-dance.3731534\/\">suspect thread<\/a>.<\/strong><\/div>\n|j|\u2606BallDay\n|j|\u2606XHHXUU\n|t:|1701087598\n|gametype|singles\n|player|p1|BallDay|waitress-gen4|1228\n|player|p2|XHHXUU|riley|1339\n|teamsize|p1|6\n|teamsize|p2|6\n|gen|9\n|tier|[Gen 9] National Dex\n|rated|\n|rule|HP Percentage Mod: HP is shown in percentages\n|rule|Endless Battle Clause: Forcing endless battles is banned\n|rule|OHKO Clause: OHKO moves are banned\n|rule|Evasion Clause: Evasion abilities, items, and moves are banned\n|rule|Evasion Abilities Clause: Evasion abilities are banned\n|rule|Evasion Items Clause: Evasion items are banned\n|rule|Evasion Moves Clause: Evasion moves are banned\n|rule|Species Clause: Limit one of each Pok\u00e9mon\n|rule|Sleep Clause Mod: Limit one foe put to sleep\n|clearpoke\n|poke|p1|Gardevoir, F|\n|poke|p1|Great Tusk|\n|poke|p1|Aegislash, F|\n|poke|p1|Tapu Koko|\n|poke|p1|Clodsire, M|\n|poke|p1|Heatran, F|\n|poke|p2|Glimmora, M|\n|poke|p2|Dragonite, M|\n|poke|p2|Banette, M|\n|poke|p2|Iron Valiant|\n|poke|p2|Cinderace, F|\n|poke|p2|Greninja-*, M|\n|teampreview\n|inactive|Battle timer is ON: inactive players will automatically lose when time's up. (requested by BallDay)\n|\n|t:|1701087609\n|start\n|switch|p1a: Tapu Koko|Tapu Koko|100\/100\n|switch|p2a: Glimmora|Glimmora, M|100\/100\n|-fieldstart|move: Electric Terrain|[from] ability: Electric Surge|[of] p1a: Tapu Koko\n|turn|1\n|\n|t:|1701087623\n|move|p1a: Tapu Koko|Discharge|p2a: Glimmora\n|-damage|p2a: Glimmora|52\/100\n|move|p2a: Glimmora|Stealth Rock|p1a: Tapu Koko\n|-sidestart|p1: BallDay|move: Stealth Rock\n|\n|upkeep\n|turn|2\n|\n|t:|1701087630\n|switch|p1a: Great Tusk|Great Tusk|100\/100\n|-damage|p1a: Great Tusk|98\/100|[from] Stealth Rock\n|move|p2a: Glimmora|Sludge Wave|p1a: Great Tusk\n|-resisted|p1a: Great Tusk\n|-damage|p1a: Great Tusk|68\/100\n|\n|-heal|p1a: Great Tusk|74\/100|[from] item: Leftovers\n|upkeep\n|turn|3\n|\n|t:|1701087641\n|-terastallize|p2a: Glimmora|Ghost\n|move|p2a: Glimmora|Mortal Spin|p1a: Great Tusk\n|-resisted|p1a: Great Tusk\n|-damage|p1a: Great Tusk|73\/100\n|-status|p1a: Great Tusk|psn\n|move|p1a: Great Tusk|Earthquake|p2a: Glimmora\n|-damage|p2a: Glimmora|0 fnt\n|-activate|p2a: Glimmora|ability: Toxic Debris\n|-sidestart|p1: BallDay|move: Toxic Spikes\n|faint|p2a: Glimmora\n|\n|-heal|p1a: Great Tusk|79\/100 psn|[from] item: Leftovers\n|-damage|p1a: Great Tusk|66\/100 psn|[from] psn\n|upkeep\n|\n|t:|1701087656\n|switch|p2a: Greninja|Greninja, M|100\/100\n|turn|4\n|\n|t:|1701087662\n|-end|p1a: Great Tusk|Protosynthesis|[silent]\n|switch|p1a: Clodsire|Clodsire, M|100\/100\n|-damage|p1a: Clodsire|94\/100|[from] Stealth Rock\n|-sideend|p1: BallDay|move: Toxic Spikes|[of] p1a: Clodsire\n|move|p2a: Greninja|Surf|p1a: Clodsire\n|-heal|p1a: Clodsire|100\/100|[from] ability: Water Absorb|[of] p2a: Greninja\n|\n|upkeep\n|turn|5\n|\n|t:|1701087675\n|move|p2a: Greninja|Ice Beam|p1a: Clodsire\n|-supereffective|p1a: Clodsire\n|-damage|p1a: Clodsire|61\/100\n|-damage|p2a: Greninja|91\/100|[from] item: Life Orb\n|move|p1a: Clodsire|Toxic|p2a: Greninja\n|-status|p2a: Greninja|tox\n|\n|-heal|p1a: Clodsire|67\/100|[from] item: Leftovers\n|-damage|p2a: Greninja|85\/100 tox|[from] psn\n|-fieldend|move: Electric Terrain\n|upkeep\n|turn|6\n|\n|t:|1701087691\n|switch|p2a: Dragonite|Dragonite, M|100\/100\n|move|p1a: Clodsire|Recover|p1a: Clodsire\n|-heal|p1a: Clodsire|100\/100\n|\n|upkeep\n|turn|7\n|\n|t:|1701087707\n|move|p2a: Dragonite|Dragon Dance|p2a: Dragonite\n|-boost|p2a: Dragonite|atk|1\n|-boost|p2a: Dragonite|spe|1\n|move|p1a: Clodsire|Toxic|p2a: Dragonite\n|-status|p2a: Dragonite|tox\n|\n|-damage|p2a: Dragonite|94\/100 tox|[from] psn\n|upkeep\n|turn|8\n|\n|t:|1701087720\n|switch|p1a: Tapu Koko|Tapu Koko|100\/100\n|-damage|p1a: Tapu Koko|88\/100|[from] Stealth Rock\n|-fieldstart|move: Electric Terrain|[from] ability: Electric Surge|[of] p1a: Tapu Koko\n|move|p2a: Dragonite|Dragon Dance|p2a: Dragonite\n|-boost|p2a: Dragonite|atk|1\n|-boost|p2a: Dragonite|spe|1\n|\n|-heal|p1a: Tapu Koko|94\/100|[from] item: Leftovers\n|-damage|p2a: Dragonite|82\/100 tox|[from] psn\n|upkeep\n|turn|9\n|\n|t:|1701087733\n|switch|p1a: Great Tusk|Great Tusk|66\/100 psn\n|-damage|p1a: Great Tusk|63\/100 psn|[from] Stealth Rock\n|move|p2a: Dragonite|Earthquake|p1a: Great Tusk\n|-damage|p1a: Great Tusk|23\/100 psn\n|\n|-heal|p1a: Great Tusk|29\/100 psn|[from] item: Leftovers\n|-damage|p2a: Dragonite|63\/100 tox|[from] psn\n|-damage|p1a: Great Tusk|17\/100 psn|[from] psn\n|upkeep\n|turn|10\n|\n|t:|1701087744\n|move|p2a: Dragonite|Ice Spinner|p1a: Great Tusk\n|-supereffective|p1a: Great Tusk\n|-damage|p1a: Great Tusk|0 fnt\n|-fieldend|move: Electric Terrain\n|faint|p1a: Great Tusk\n|-end|p1a: Great Tusk|Protosynthesis|[silent]\n|\n|-damage|p2a: Dragonite|39\/100 tox|[from] psn\n|upkeep\n|inactive|BallDay has 120 seconds left.\n|inactive|BallDay has 90 seconds left.\n|\n|t:|1701087806\n|switch|p1a: Heatran|Heatran, F|100\/100\n|-damage|p1a: Heatran|88\/100|[from] Stealth Rock\n|turn|11\n|\n|t:|1701087811\n|move|p2a: Dragonite|Earthquake|p1a: Heatran\n|-supereffective|p1a: Heatran\n|-damage|p1a: Heatran|0 fnt\n|faint|p1a: Heatran\n|\n|-damage|p2a: Dragonite|8\/100 tox|[from] psn\n|upkeep\n|\n|t:|1701087814\n|switch|p1a: Aegislash|Aegislash, F|100\/100\n|-damage|p1a: Aegislash|94\/100|[from] Stealth Rock\n|turn|12\n|\n|t:|1701087822\n|-formechange|p1a: Aegislash|Aegislash-Blade||[from] ability: Stance Change\n|move|p1a: Aegislash|Shadow Sneak|p2a: Dragonite\n|-damage|p2a: Dragonite|0 fnt\n|faint|p2a: Dragonite\n|\n|-heal|p1a: Aegislash|100\/100|[from] item: Leftovers\n|upkeep\n|\n|t:|1701087831\n|switch|p2a: Cinderace|Cinderace, F|100\/100\n|turn|13\n|\n|t:|1701087836\n|-formechange|p1a: Aegislash|Aegislash||[from] ability: Stance Change\n|move|p1a: Aegislash|King's Shield|p1a: Aegislash\n|-singleturn|p1a: Aegislash|Protect\n|move|p2a: Cinderace|Pyro Ball|p1a: Aegislash\n|-activate|p1a: Aegislash|move: Protect\n|\n|upkeep\n|turn|14\n|inactive|BallDay has 120 seconds left.\n|\n|t:|1701087876\n|switch|p1a: Clodsire|Clodsire, M|100\/100\n|-damage|p1a: Clodsire|94\/100|[from] Stealth Rock\n|move|p2a: Cinderace|Pyro Ball|p1a: Clodsire\n|-crit|p1a: Clodsire\n|-damage|p1a: Clodsire|0 fnt\n|faint|p1a: Clodsire\n|\n|upkeep\n|\n|t:|1701087880\n|switch|p1a: Tapu Koko|Tapu Koko|94\/100\n|-damage|p1a: Tapu Koko|82\/100|[from] Stealth Rock\n|-fieldstart|move: Electric Terrain|[from] ability: Electric Surge|[of] p1a: Tapu Koko\n|turn|15\n|\n|t:|1701087899\n|switch|p2a: Greninja|Greninja, M|85\/100 tox\n|move|p1a: Tapu Koko|Thunder Wave||[still]\n|-fail|p1a: Tapu Koko\n|\n|-heal|p1a: Tapu Koko|88\/100|[from] item: Leftovers\n|-damage|p2a: Greninja|79\/100 tox|[from] psn\n|upkeep\n|turn|16\n|\n|t:|1701087918\n|move|p1a: Tapu Koko|Discharge|p2a: Greninja\n|-supereffective|p2a: Greninja\n|-crit|p2a: Greninja\n|-damage|p2a: Greninja|0 fnt\n|faint|p2a: Greninja\n|\n|-heal|p1a: Tapu Koko|94\/100|[from] item: Leftovers\n|upkeep\n|\n|t:|1701087930\n|switch|p2a: Banette|Banette, M|100\/100\n|-item|p1a: Tapu Koko|Leftovers|[from] ability: Frisk|[of] p2a: Banette|[identify]\n|turn|17\n|\n|t:|1701087936\n|detailschange|p2a: Banette|Banette-Mega, M\n|-mega|p2a: Banette|Banette|Banettite\n|move|p2a: Banette|Destiny Bond|p2a: Banette\n|-singlemove|p2a: Banette|Destiny Bond\n|move|p1a: Tapu Koko|Thunder Wave|p2a: Banette\n|-status|p2a: Banette|par\n|\n|-heal|p1a: Tapu Koko|100\/100|[from] item: Leftovers\n|upkeep\n|turn|18\n|\n|t:|1701087946\n|move|p1a: Tapu Koko|Discharge|p2a: Banette\n|-damage|p2a: Banette|51\/100 par\n|move|p2a: Banette|Poltergeist|p1a: Tapu Koko\n|-activate|p1a: Tapu Koko|move: Poltergeist|Leftovers\n|-damage|p1a: Tapu Koko|0 fnt\n|faint|p1a: Tapu Koko\n|\n|upkeep\n|\n|t:|1701087950\n|switch|p1a: Aegislash|Aegislash, F|100\/100\n|-damage|p1a: Aegislash|94\/100|[from] Stealth Rock\n|turn|19\n|\n|t:|1701087959\n|-terastallize|p1a: Aegislash|Fairy\n|move|p2a: Banette|Destiny Bond|p2a: Banette\n|-singlemove|p2a: Banette|Destiny Bond\n|move|p1a: Aegislash|Swords Dance|p1a: Aegislash\n|-boost|p1a: Aegislash|atk|2\n|\n|-heal|p1a: Aegislash|100\/100|[from] item: Leftovers\n|-fieldend|move: Electric Terrain\n|upkeep\n|turn|20\n|\n|t:|1701087973\n|move|p1a: Aegislash|Swords Dance|p1a: Aegislash\n|-boost|p1a: Aegislash|atk|2\n|move|p2a: Banette|Poltergeist|p1a: Aegislash\n|-activate|p1a: Aegislash|move: Poltergeist|Leftovers\n|-damage|p1a: Aegislash|42\/100\n|\n|-heal|p1a: Aegislash|48\/100|[from] item: Leftovers\n|upkeep\n|turn|21\n|\n|t:|1701087983\n|-formechange|p1a: Aegislash|Aegislash-Blade||[from] ability: Stance Change\n|move|p1a: Aegislash|Shadow Sneak|p2a: Banette\n|-supereffective|p2a: Banette\n|-crit|p2a: Banette\n|-damage|p2a: Banette|0 fnt\n|faint|p2a: Banette\n|\n|-heal|p1a: Aegislash|55\/100|[from] item: Leftovers\n|upkeep\n|\n|t:|1701087997\n|switch|p2a: Iron Valiant|Iron Valiant|100\/100\n|-enditem|p2a: Iron Valiant|Booster Energy\n|-activate|p2a: Iron Valiant|ability: Quark Drive|[fromitem]\n|-start|p2a: Iron Valiant|quarkdrivespe\n|turn|22\n|inactive|XHHXUU has 120 seconds left.\n|\n|t:|1701088031\n|-formechange|p1a: Aegislash|Aegislash||[from] ability: Stance Change\n|move|p1a: Aegislash|King's Shield|p1a: Aegislash\n|-singleturn|p1a: Aegislash|Protect\n|move|p2a: Iron Valiant|Thunderbolt|p1a: Aegislash\n|-activate|p1a: Aegislash|move: Protect\n|\n|-heal|p1a: Aegislash|61\/100|[from] item: Leftovers\n|upkeep\n|turn|23\n|inactive|XHHXUU has 120 seconds left.\n|\n|t:|1701088059\n|move|p2a: Iron Valiant|Thunderbolt|p1a: Aegislash\n|-damage|p1a: Aegislash|38\/100\n|-formechange|p1a: Aegislash|Aegislash-Blade||[from] ability: Stance Change\n|move|p1a: Aegislash|Iron Head|p2a: Iron Valiant\n|-supereffective|p2a: Iron Valiant\n|-damage|p2a: Iron Valiant|0 fnt\n|faint|p2a: Iron Valiant\n|-end|p2a: Iron Valiant|Quark Drive|[silent]\n|\n|-heal|p1a: Aegislash|44\/100|[from] item: Leftovers\n|upkeep\n|inactive|XHHXUU has 120 seconds left.\n|\n|t:|1701088070\n|switch|p2a: Cinderace|Cinderace, F|100\/100\n|turn|24\n|\n|t:|1701088077\n|-formechange|p1a: Aegislash|Aegislash||[from] ability: Stance Change\n|move|p1a: Aegislash|King's Shield|p1a: Aegislash\n|-singleturn|p1a: Aegislash|Protect\n|move|p2a: Cinderace|Pyro Ball|p1a: Aegislash\n|-activate|p1a: Aegislash|move: Protect\n|\n|-heal|p1a: Aegislash|50\/100|[from] item: Leftovers\n|upkeep\n|turn|25\n|inactive|BallDay has 120 seconds left.\n|\n|t:|1701088102\n|-formechange|p1a: Aegislash|Aegislash-Blade||[from] ability: Stance Change\n|move|p1a: Aegislash|Shadow Sneak|p2a: Cinderace\n|-damage|p2a: Cinderace|2\/100\n|move|p2a: Cinderace|Pyro Ball|p1a: Aegislash\n|-damage|p1a: Aegislash|0 fnt\n|faint|p1a: Aegislash\n|\n|upkeep\n|\n|t:|1701088106\n|switch|p1a: Gardevoir|Gardevoir, F, shiny|100\/100\n|-damage|p1a: Gardevoir|88\/100|[from] Stealth Rock\n|-ability|p1a: Gardevoir|Libero|[from] ability: Trace|[of] p2a: Cinderace\n|turn|26\n|\n|t:|1701088121\n|detailschange|p1a: Gardevoir|Gardevoir-Mega, F, shiny\n|-mega|p1a: Gardevoir|Gardevoir|Gardevoirite\n|move|p2a: Cinderace|Pyro Ball|p1a: Gardevoir\n|-damage|p1a: Gardevoir|0 fnt\n|faint|p1a: Gardevoir\n|\n|win|XHHXUU\n|raw|BallDay's rating: 1228 &rarr; <strong>1211<\/strong><br \/>(-17 for losing)\n|raw|XHHXUU's rating: 1339 &rarr; <strong>1353<\/strong><br \/>(+14 for winning)\n|c|\u2606BallDay|gg\n","uploadtime":1701088141,"views":1,"p1id":"ballday","p2id":"xhhxuu","formatid":"gen9nationaldex","rating":1211,"private":0,"password":""}