{"id":"gen9nationaldex-1996017192","p1":"Viruskilleryt2","p2":"wxyzstar","format":"[Gen 9] National Dex","log":"|html|<div class=\"broadcast-blue\"><strong>[Gen 9] National Dex is currently suspecting Sneasler! For information on how to participate check out the <a href=\"https:\/\/www.smogon.com\/forums\/threads\/sv-national-dex-suspect-8-just-dance.3731534\/\">suspect thread<\/a>.<\/strong><\/div>\n|j|\u2606Viruskilleryt2\n|j|\u2606wxyzstar\n|t:|1700629955\n|gametype|singles\n|player|p1|Viruskilleryt2|red|1117\n|player|p2|wxyzstar|juggler|1157\n|teamsize|p1|6\n|teamsize|p2|6\n|gen|9\n|tier|[Gen 9] National Dex\n|rated|\n|rule|HP Percentage Mod: HP is shown in percentages\n|rule|Endless Battle Clause: Forcing endless battles is banned\n|rule|OHKO Clause: OHKO moves are banned\n|rule|Evasion Clause: Evasion abilities, items, and moves are banned\n|rule|Evasion Abilities Clause: Evasion abilities are banned\n|rule|Evasion Items Clause: Evasion items are banned\n|rule|Evasion Moves Clause: Evasion moves are banned\n|rule|Species Clause: Limit one of each Pok\u00e9mon\n|rule|Sleep Clause Mod: Limit one foe put to sleep\n|clearpoke\n|poke|p1|Krookodile, F|\n|poke|p1|Greninja-*, F|\n|poke|p1|Charizard, F|\n|poke|p1|Kleavor, F|\n|poke|p1|Sceptile, F|\n|poke|p1|Toxtricity, F|\n|poke|p2|Infernape, F|\n|poke|p2|Torterra, F|\n|poke|p2|Forretress, M|\n|poke|p2|Munkidori, M|\n|poke|p2|Starmie|\n|poke|p2|Articuno-Galar|\n|teampreview\n|\n|t:|1700629972\n|start\n|switch|p1a: the rockler|Kleavor, F|100\/100\n|switch|p2a: Forretress|Forretress, M|100\/100\n|turn|1\n|\n|t:|1700629986\n|move|p1a: the rockler|Stone Axe|p2a: Forretress\n|-damage|p2a: Forretress|48\/100\n|-sidestart|p2: wxyzstar|move: Stealth Rock\n|-damage|p1a: the rockler|91\/100|[from] item: Life Orb\n|move|p2a: Forretress|Spikes|p1a: the rockler\n|-sidestart|p1: Viruskilleryt2|Spikes\n|\n|upkeep\n|turn|2\n|\n|t:|1700629995\n|move|p1a: the rockler|Stone Axe|p2a: Forretress\n|-damage|p2a: Forretress|0 fnt\n|faint|p2a: Forretress\n|-damage|p1a: the rockler|81\/100|[from] item: Life Orb\n|\n|upkeep\n|\n|t:|1700630004\n|switch|p2a: Starmie|Starmie|100\/100\n|-damage|p2a: Starmie|88\/100|[from] Stealth Rock\n|turn|3\n|\n|t:|1700630011\n|move|p2a: Starmie|Rapid Spin|p1a: the rockler\n|-resisted|p1a: the rockler\n|-damage|p1a: the rockler|76\/100\n|-boost|p2a: Starmie|spe|1\n|-sideend|p2: wxyzstar|Stealth Rock|[from] move: Rapid Spin|[of] p2a: Starmie\n|move|p1a: the rockler|X-Scissor|p2a: Starmie\n|-supereffective|p2a: Starmie\n|-damage|p2a: Starmie|0 fnt\n|faint|p2a: Starmie\n|-damage|p1a: the rockler|66\/100|[from] item: Life Orb\n|\n|upkeep\n|\n|t:|1700630026\n|switch|p2a: Infernape|Infernape, F|100\/100\n|turn|4\n|\n|t:|1700630035\n|move|p2a: Infernape|Close Combat|p1a: the rockler\n|-damage|p1a: the rockler|25\/100\n|-unboost|p2a: Infernape|def|1\n|-unboost|p2a: Infernape|spd|1\n|move|p1a: the rockler|Psycho Cut|p2a: Infernape\n|-supereffective|p2a: Infernape\n|-damage|p2a: Infernape|0 fnt\n|faint|p2a: Infernape\n|-damage|p1a: the rockler|15\/100|[from] item: Life Orb\n|\n|upkeep\n|\n|t:|1700630063\n|switch|p2a: Munkidori|Munkidori, M|100\/100\n|turn|5\n|\n|t:|1700630066\n|move|p2a: Munkidori|Sludge Bomb|p1a: the rockler\n|-resisted|p1a: the rockler\n|-crit|p1a: the rockler\n|-damage|p1a: the rockler|0 fnt\n|faint|p1a: the rockler\n|\n|upkeep\n|\n|t:|1700630071\n|switch|p1a: Staticuranium|Toxtricity, F, shiny|100\/100\n|-damage|p1a: Staticuranium|88\/100|[from] Spikes\n|turn|6\n|\n|t:|1700630078\n|switch|p2a: Articuno|Articuno-Galar|100\/100\n|move|p1a: Staticuranium|Shift Gear|p1a: Staticuranium\n|-boost|p1a: Staticuranium|spe|2\n|-boost|p1a: Staticuranium|atk|1\n|\n|upkeep\n|turn|7\n|\n|t:|1700630087\n|-terastallize|p1a: Staticuranium|Normal\n|move|p1a: Staticuranium|Boomburst|p2a: Articuno\n|-damage|p2a: Articuno|6\/100\n|-enditem|p1a: Staticuranium|Throat Spray\n|-boost|p1a: Staticuranium|spa|1|[from] item: Throat Spray\n|move|p2a: Articuno|Freezing Glare|p1a: Staticuranium\n|-damage|p1a: Staticuranium|21\/100\n|\n|-heal|p2a: Articuno|12\/100|[from] item: Leftovers\n|upkeep\n|turn|8\n|\n|t:|1700630098\n|move|p1a: Staticuranium|Boomburst|p2a: Articuno\n|-damage|p2a: Articuno|0 fnt\n|faint|p2a: Articuno\n|\n|upkeep\n|\n|t:|1700630106\n|switch|p2a: Munkidori|Munkidori, M|100\/100\n|turn|9\n|\n|t:|1700630120\n|move|p2a: Munkidori|Psyshock|p1a: Staticuranium\n|-damage|p1a: Staticuranium|0 fnt\n|faint|p1a: Staticuranium\n|\n|upkeep\n|\n|t:|1700630127\n|switch|p1a: Charcoal|Charizard, F|100\/100\n|turn|10\n|\n|t:|1700630136\n|detailschange|p1a: Charcoal|Charizard-Mega-Y, F\n|-mega|p1a: Charcoal|Charizard|Charizardite Y\n|-weather|SunnyDay|[from] ability: Drought|[of] p1a: Charcoal\n|move|p2a: Munkidori|Psyshock|p1a: Charcoal\n|-damage|p1a: Charcoal|58\/100\n|-status|p1a: Charcoal|tox|[from] ability: Toxic Chain|[of] p2a: Munkidori\n|move|p1a: Charcoal|Air Slash|p2a: Munkidori\n|-damage|p2a: Munkidori|51\/100\n|\n|-weather|SunnyDay|[upkeep]\n|-damage|p1a: Charcoal|52\/100 tox|[from] psn\n|upkeep\n|turn|11\n|\n|t:|1700630154\n|move|p2a: Munkidori|Psyshock|p1a: Charcoal\n|-damage|p1a: Charcoal|5\/100 tox\n|move|p1a: Charcoal|Scorching Sands|p2a: Munkidori\n|-supereffective|p2a: Munkidori\n|-damage|p2a: Munkidori|0 fnt\n|faint|p2a: Munkidori\n|\n|-weather|SunnyDay|[upkeep]\n|-damage|p1a: Charcoal|0 fnt|[from] psn\n|faint|p1a: Charcoal\n|upkeep\n|\n|t:|1700630163\n|switch|p2a: Torterra|Torterra, F|100\/100\n|switch|p1a: storm|Greninja, F|100\/100\n|-damage|p1a: storm|88\/100|[from] Spikes\n|turn|12\n|\n|t:|1700630174\n|-terastallize|p2a: Torterra|Fairy\n|move|p1a: storm|Surf|p2a: Torterra\n|-start|p1a: storm|typechange|Water|[from] ability: Protean\n|-damage|p2a: Torterra|82\/100\n|move|p2a: Torterra|Shell Smash|p2a: Torterra\n|-unboost|p2a: Torterra|def|1\n|-unboost|p2a: Torterra|spd|1\n|-boost|p2a: Torterra|atk|2\n|-boost|p2a: Torterra|spa|2\n|-boost|p2a: Torterra|spe|2\n|\n|-weather|SunnyDay|[upkeep]\n|upkeep\n|turn|13\n|\n|t:|1700630189\n|move|p2a: Torterra|Bullet Seed|p1a: storm\n|-supereffective|p1a: storm\n|-damage|p1a: storm|32\/100\n|-supereffective|p1a: storm\n|-damage|p1a: storm|0 fnt\n|faint|p1a: storm\n|-hitcount|p1: storm|2\n|\n|-weather|SunnyDay|[upkeep]\n|upkeep\n|\n|t:|1700630197\n|switch|p1a: raxter|Krookodile, F|100\/100\n|-damage|p1a: raxter|88\/100|[from] Spikes\n|turn|14\n|\n|t:|1700630202\n|move|p2a: Torterra|Bullet Seed|p1a: raxter\n|-supereffective|p1a: raxter\n|-damage|p1a: raxter|30\/100\n|-supereffective|p1a: raxter\n|-damage|p1a: raxter|0 fnt\n|faint|p1a: raxter\n|-hitcount|p1: raxter|2\n|\n|-weather|none\n|upkeep\n|\n|t:|1700630205\n|switch|p1a: slash|Sceptile, F|100\/100\n|-damage|p1a: slash|88\/100|[from] Spikes\n|turn|15\n|\n|t:|1700630212\n|move|p1a: slash|Endure|p1a: slash\n|-singleturn|p1a: slash|move: Endure\n|move|p2a: Torterra|Rock Blast|p1a: slash\n|-damage|p1a: slash|62\/100\n|-damage|p1a: slash|36\/100\n|-crit|p1a: slash\n|-activate|p1a: slash|move: Endure\n|-damage|p1a: slash|1\/100\n|-activate|p1a: slash|move: Endure\n|-damage|p1a: slash|1\/100\n|-activate|p1a: slash|move: Endure\n|-damage|p1a: slash|1\/100\n|-hitcount|p1a: slash|5\n|\n|upkeep\n|turn|16\n|c|\u2606Viruskilleryt2|Gg\n|\n|t:|1700630224\n|move|p2a: Torterra|Earthquake|p1a: slash\n|-resisted|p1a: slash\n|-crit|p1a: slash\n|-damage|p1a: slash|0 fnt\n|faint|p1a: slash\n|\n|win|wxyzstar\n|raw|Viruskilleryt2's rating: 1117 &rarr; <strong>1095<\/strong><br \/>(-22 for losing)\n|raw|wxyzstar's rating: 1157 &rarr; <strong>1179<\/strong><br \/>(+22 for winning)\n|c|\u2606Viruskilleryt2|thtas a good mountain\n|c|\u2606wxyzstar|gg\n|c|\u2606Viruskilleryt2|lol\n","uploadtime":1700630231,"views":0,"p1id":"viruskilleryt2","p2id":"wxyzstar","formatid":"gen9nationaldex","rating":1095,"private":0,"password":""}