{"id":"gen9nationaldex-1989751602","p1":"weirdnomad","p2":"campos1062","format":"[Gen 9] National Dex","log":"|j|\u203dweirdnomad\n|j|\u2606campos1062\n|t:|1699892677\n|gametype|singles\n|player|p1|weirdnomad|hiker-gen4|1561\n|player|p2|campos1062|wallace|1578\n|teamsize|p1|6\n|teamsize|p2|6\n|gen|9\n|tier|[Gen 9] National Dex\n|rated|\n|rule|HP Percentage Mod: HP is shown in percentages\n|rule|Endless Battle Clause: Forcing endless battles is banned\n|rule|OHKO Clause: OHKO moves are banned\n|rule|Evasion Clause: Evasion abilities, items, and moves are banned\n|rule|Evasion Abilities Clause: Evasion abilities are banned\n|rule|Evasion Items Clause: Evasion items are banned\n|rule|Evasion Moves Clause: Evasion moves are banned\n|rule|Species Clause: Limit one of each Pok\u00e9mon\n|rule|Sleep Clause Mod: Limit one foe put to sleep\n|clearpoke\n|poke|p1|Corviknight, M|\n|poke|p1|Mamoswine, M|\n|poke|p1|Azumarill, F|\n|poke|p1|Gengar, M|\n|poke|p1|Blaziken, M|\n|poke|p1|Hydreigon, F|\n|poke|p2|Swampert, F|\n|poke|p2|Azumarill, M|\n|poke|p2|Rotom-Wash|\n|poke|p2|Pelipper, F|\n|poke|p2|Barraskewda, M|\n|poke|p2|Volcanion|\n|teampreview\n|j| Siyah31\n|inactive|Battle timer is ON: inactive players will automatically lose when time's up. (requested by campos1062)\n|\n|t:|1699892688\n|start\n|switch|p1a: Gengar|Gengar, M|100\/100\n|switch|p2a: Pelipper|Pelipper, F, shiny|100\/100\n|-weather|RainDance|[from] ability: Drizzle|[of] p2a: Pelipper\n|turn|1\n|l| Siyah31\n|\n|t:|1699892698\n|switch|p2a: Volcanion|Volcanion|100\/100\n|move|p1a: Gengar|Shadow Ball|p2a: Volcanion\n|-damage|p2a: Volcanion|59\/100\n|-unboost|p2a: Volcanion|spd|1\n|\n|-weather|RainDance|[upkeep]\n|upkeep\n|turn|2\n|\n|t:|1699892708\n|move|p1a: Gengar|Shadow Ball|p2a: Volcanion\n|-damage|p2a: Volcanion|0 fnt\n|faint|p2a: Volcanion\n|\n|-weather|RainDance|[upkeep]\n|upkeep\n|\n|t:|1699892712\n|switch|p2a: Swampert|Swampert, F, shiny|100\/100\n|turn|3\n|\n|t:|1699892718\n|switch|p1a: Corviknight|Corviknight, M|100\/100\n|-ability|p1a: Corviknight|Pressure\n|detailschange|p2a: Swampert|Swampert-Mega, F, shiny\n|-mega|p2a: Swampert|Swampert|Swampertite\n|move|p2a: Swampert|Earthquake|p1a: Corviknight\n|-immune|p1a: Corviknight\n|\n|-weather|RainDance|[upkeep]\n|upkeep\n|turn|4\n|\n|t:|1699892738\n|move|p2a: Swampert|Flip Turn|p1a: Corviknight\n|-damage|p1a: Corviknight|63\/100\n|-damage|p2a: Swampert|84\/100|[from] item: Rocky Helmet|[of] p1a: Corviknight\n|\n|t:|1699892742\n|switch|p2a: Rotom|Rotom-Wash, shiny|100\/100|[from] Flip Turn\n|move|p1a: Corviknight|Roost|p1a: Corviknight\n|-heal|p1a: Corviknight|100\/100\n|-singleturn|p1a: Corviknight|move: Roost\n|\n|-weather|RainDance|[upkeep]\n|upkeep\n|turn|5\n|\n|t:|1699892752\n|switch|p1a: Hydreigon|Hydreigon, F, shiny|100\/100\n|move|p2a: Rotom|Hydro Pump|p1a: Hydreigon\n|-resisted|p1a: Hydreigon\n|-damage|p1a: Hydreigon|80\/100\n|\n|-weather|RainDance|[upkeep]\n|-heal|p1a: Hydreigon|86\/100|[from] item: Leftovers\n|upkeep\n|turn|6\n|\n|t:|1699892761\n|move|p1a: Hydreigon|Stealth Rock|p2a: Rotom\n|-sidestart|p2: campos1062|move: Stealth Rock\n|move|p2a: Rotom|Volt Switch|p1a: Hydreigon\n|-resisted|p1a: Hydreigon\n|-damage|p1a: Hydreigon|78\/100\n|\n|t:|1699892765\n|switch|p2a: Barraskewda|Barraskewda, M, shiny|100\/100|[from] Volt Switch\n|-damage|p2a: Barraskewda|88\/100|[from] Stealth Rock\n|\n|-weather|RainDance|[upkeep]\n|-heal|p1a: Hydreigon|84\/100|[from] item: Leftovers\n|upkeep\n|turn|7\n|\n|t:|1699892779\n|-terastallize|p2a: Barraskewda|Water\n|move|p2a: Barraskewda|Flip Turn|p1a: Hydreigon\n|-resisted|p1a: Hydreigon\n|-damage|p1a: Hydreigon|40\/100\n|\n|t:|1699892785\n|switch|p2a: Swampert|Swampert-Mega, F, shiny|84\/100|[from] Flip Turn\n|-damage|p2a: Swampert|78\/100|[from] Stealth Rock\n|move|p1a: Hydreigon|Dark Pulse|p2a: Swampert\n|-damage|p2a: Swampert|45\/100\n|\n|-weather|RainDance|[upkeep]\n|-heal|p1a: Hydreigon|46\/100|[from] item: Leftovers\n|upkeep\n|turn|8\n|\n|t:|1699892802\n|move|p2a: Swampert|Ice Punch|p1a: Hydreigon\n|-supereffective|p1a: Hydreigon\n|-crit|p1a: Hydreigon\n|-damage|p1a: Hydreigon|0 fnt\n|faint|p1a: Hydreigon\n|\n|-weather|none\n|upkeep\n|\n|t:|1699892809\n|switch|p1a: Gengar|Gengar, M|100\/100\n|turn|9\n|\n|t:|1699892815\n|move|p1a: Gengar|Shadow Ball|p2a: Swampert\n|-damage|p2a: Swampert|0 fnt\n|faint|p2a: Swampert\n|\n|upkeep\n|\n|t:|1699892819\n|switch|p2a: Pelipper|Pelipper, F, shiny|100\/100\n|-damage|p2a: Pelipper|76\/100|[from] Stealth Rock\n|-weather|RainDance|[from] ability: Drizzle|[of] p2a: Pelipper\n|turn|10\n|\n|t:|1699892825\n|move|p1a: Gengar|Shadow Ball|p2a: Pelipper\n|-damage|p2a: Pelipper|0 fnt\n|faint|p2a: Pelipper\n|\n|-weather|RainDance|[upkeep]\n|upkeep\n|\n|t:|1699892828\n|switch|p2a: Barraskewda|Barraskewda, M, shiny, tera:Water|88\/100\n|-damage|p2a: Barraskewda|76\/100|[from] Stealth Rock\n|turn|11\n|\n|t:|1699892857\n|switch|p1a: Mamoswine|Mamoswine, M|100\/100\n|move|p2a: Barraskewda|Liquidation|p1a: Mamoswine\n|-supereffective|p1a: Mamoswine\n|-damage|p1a: Mamoswine|0 fnt\n|faint|p1a: Mamoswine\n|\n|-weather|RainDance|[upkeep]\n|upkeep\n|\n|t:|1699892867\n|switch|p1a: Azumarill|Azumarill, F, shiny|100\/100\n|turn|12\n|\n|t:|1699892870\n|move|p2a: Barraskewda|Liquidation|p1a: Azumarill\n|-resisted|p1a: Azumarill\n|-damage|p1a: Azumarill|32\/100\n|move|p1a: Azumarill|Play Rough|p2a: Barraskewda\n|-damage|p2a: Barraskewda|0 fnt\n|faint|p2a: Barraskewda\n|\n|-weather|RainDance|[upkeep]\n|upkeep\n|\n|t:|1699892877\n|switch|p2a: Rotom|Rotom-Wash, shiny|100\/100\n|-damage|p2a: Rotom|88\/100|[from] Stealth Rock\n|turn|13\n|\n|t:|1699892888\n|switch|p1a: Blaziken|Blaziken, M|100\/100\n|move|p2a: Rotom|Volt Switch|p1a: Blaziken\n|-damage|p1a: Blaziken|60\/100\n|\n|t:|1699892890\n|switch|p2a: Azumarill|Azumarill, M, shiny|100\/100|[from] Volt Switch\n|-damage|p2a: Azumarill|88\/100|[from] Stealth Rock\n|\n|-weather|RainDance|[upkeep]\n|upkeep\n|turn|14\n|\n|t:|1699892901\n|move|p1a: Blaziken|Close Combat|p2a: Azumarill\n|-resisted|p2a: Azumarill\n|-damage|p2a: Azumarill|59\/100\n|-unboost|p1a: Blaziken|def|1\n|-unboost|p1a: Blaziken|spd|1\n|move|p2a: Azumarill|Perish Song|p2a: Azumarill\n|-start|p1a: Blaziken|perish3|[silent]\n|-start|p2a: Azumarill|perish3|[silent]\n|-fieldactivate|move: Perish Song\n|\n|-weather|RainDance|[upkeep]\n|-start|p1a: Blaziken|perish3\n|-start|p2a: Azumarill|perish3\n|-ability|p1a: Blaziken|Speed Boost|boost\n|-boost|p1a: Blaziken|spe|1\n|upkeep\n|turn|15\n|\n|t:|1699892916\n|move|p1a: Blaziken|Close Combat|p2a: Azumarill\n|-resisted|p2a: Azumarill\n|-damage|p2a: Azumarill|30\/100\n|-unboost|p1a: Blaziken|def|1\n|-unboost|p1a: Blaziken|spd|1\n|move|p2a: Azumarill|Whirlpool|p1a: Blaziken\n|-supereffective|p1a: Blaziken\n|-damage|p1a: Blaziken|0 fnt\n|faint|p1a: Blaziken\n|\n|-weather|RainDance|[upkeep]\n|-start|p2a: Azumarill|perish2\n|upkeep\n|\n|t:|1699892934\n|switch|p1a: Azumarill|Azumarill, F, shiny|32\/100\n|turn|16\n|\n|t:|1699892938\n|move|p1a: Azumarill|Aqua Jet|p2a: Azumarill\n|-resisted|p2a: Azumarill\n|-crit|p2a: Azumarill\n|-damage|p2a: Azumarill|0 fnt\n|faint|p2a: Azumarill\n|\n|-weather|RainDance|[upkeep]\n|upkeep\n|\n|t:|1699892940\n|switch|p2a: Rotom|Rotom-Wash, shiny|88\/100\n|-damage|p2a: Rotom|76\/100|[from] Stealth Rock\n|turn|17\n|\n|t:|1699892947\n|move|p1a: Azumarill|Aqua Jet|p2a: Rotom\n|-resisted|p2a: Rotom\n|-damage|p2a: Rotom|53\/100\n|move|p2a: Rotom|Volt Switch|p1a: Azumarill\n|-supereffective|p1a: Azumarill\n|-damage|p1a: Azumarill|0 fnt\n|faint|p1a: Azumarill\n|\n|-weather|none\n|-heal|p2a: Rotom|59\/100|[from] item: Leftovers\n|upkeep\n|\n|t:|1699892958\n|switch|p1a: Gengar|Gengar, M|100\/100\n|turn|18\n|\n|t:|1699892976\n|-terastallize|p1a: Gengar|Grass\n|move|p1a: Gengar|Giga Drain|p2a: Rotom\n|-supereffective|p2a: Rotom\n|-damage|p2a: Rotom|0 fnt\n|faint|p2a: Rotom\n|\n|win|weirdnomad\n|raw|weirdnomad's rating: 1561 &rarr; <strong>1582<\/strong><br \/>(+21 for winning)\n|raw|campos1062's rating: 1578 &rarr; <strong>1557<\/strong><br \/>(-21 for losing)\n|l|\u2606campos1062\n","uploadtime":1699893011,"views":9,"p1id":"weirdnomad","p2id":"campos1062","formatid":"gen9nationaldex","rating":1557,"private":0,"password":""}