{"id":"gen9nationaldex-1994451820","p1":"duamu","p2":"Tunderboltz456","format":"[Gen 9] National Dex","log":"|j|\u2606duamu\n|j|\u2606Tunderboltz456\n|t:|1700445479\n|gametype|singles\n|player|p1|duamu|102|1459\n|player|p2|Tunderboltz456|guzma|1578\n|teamsize|p1|6\n|teamsize|p2|6\n|gen|9\n|tier|[Gen 9] National Dex\n|rated|\n|rule|HP Percentage Mod: HP is shown in percentages\n|rule|Endless Battle Clause: Forcing endless battles is banned\n|rule|OHKO Clause: OHKO moves are banned\n|rule|Evasion Clause: Evasion abilities, items, and moves are banned\n|rule|Evasion Abilities Clause: Evasion abilities are banned\n|rule|Evasion Items Clause: Evasion items are banned\n|rule|Evasion Moves Clause: Evasion moves are banned\n|rule|Species Clause: Limit one of each Pok\u00e9mon\n|rule|Sleep Clause Mod: Limit one foe put to sleep\n|clearpoke\n|poke|p1|Banette, F|\n|poke|p1|Shuckle, M|\n|poke|p1|Tapu Koko|\n|poke|p1|Iron Valiant|\n|poke|p1|Ferrothorn, F|\n|poke|p1|Mew|\n|poke|p2|Haxorus, M|\n|poke|p2|Hatterene, F|\n|poke|p2|Aegislash, M|\n|poke|p2|Gardevoir, F|\n|poke|p2|Volcarona, F|\n|poke|p2|Dragonite, F|\n|teampreview\n|inactive|Battle timer is ON: inactive players will automatically lose when time's up. (requested by Tunderboltz456)\n|inactive|duamu has 120 seconds left.\n|\n|t:|1700445529\n|start\n|switch|p1a: Tapu Koko|Tapu Koko|100\/100\n|switch|p2a: Aegislash|Aegislash, M|100\/100\n|-fieldstart|move: Electric Terrain|[from] ability: Electric Surge|[of] p1a: Tapu Koko\n|turn|1\n|\n|t:|1700445540\n|move|p1a: Tapu Koko|Taunt|p2a: Aegislash\n|-start|p2a: Aegislash|move: Taunt\n|-formechange|p2a: Aegislash|Aegislash-Blade||[from] ability: Stance Change\n|move|p2a: Aegislash|Shadow Ball|p1a: Tapu Koko\n|-damage|p1a: Tapu Koko|27\/100\n|\n|upkeep\n|turn|2\n|\n|t:|1700445554\n|move|p2a: Aegislash|Shadow Sneak|p1a: Tapu Koko\n|-damage|p1a: Tapu Koko|0 fnt\n|faint|p1a: Tapu Koko\n|\n|upkeep\n|\n|t:|1700445564\n|switch|p1a: Mew|Mew|100\/100\n|turn|3\n|\n|t:|1700445572\n|-terastallize|p1a: Mew|Poison\n|move|p1a: Mew|Cosmic Power|p1a: Mew\n|-boost|p1a: Mew|def|1\n|-boost|p1a: Mew|spd|1\n|move|p2a: Aegislash|Shadow Ball|p1a: Mew\n|-damage|p1a: Mew|80\/100\n|\n|-end|p2a: Aegislash|move: Taunt\n|upkeep\n|turn|4\n|\n|t:|1700445579\n|switch|p2a: Hatterene|Hatterene, F|100\/100\n|move|p1a: Mew|Cosmic Power|p1a: Mew\n|-boost|p1a: Mew|def|1\n|-boost|p1a: Mew|spd|1\n|\n|upkeep\n|turn|5\n|\n|t:|1700445584\n|move|p1a: Mew|Cosmic Power|p1a: Mew\n|-boost|p1a: Mew|def|1\n|-boost|p1a: Mew|spd|1\n|move|p2a: Hatterene|Calm Mind|p2a: Hatterene\n|-boost|p2a: Hatterene|spa|1\n|-boost|p2a: Hatterene|spd|1\n|\n|-fieldend|move: Electric Terrain\n|upkeep\n|turn|6\n|\n|t:|1700445589\n|move|p1a: Mew|Cosmic Power|p1a: Mew\n|-boost|p1a: Mew|def|1\n|-boost|p1a: Mew|spd|1\n|move|p2a: Hatterene|Calm Mind|p2a: Hatterene\n|-boost|p2a: Hatterene|spa|1\n|-boost|p2a: Hatterene|spd|1\n|\n|upkeep\n|turn|7\n|\n|t:|1700445592\n|move|p1a: Mew|Cosmic Power|p1a: Mew\n|-boost|p1a: Mew|def|1\n|-boost|p1a: Mew|spd|1\n|move|p2a: Hatterene|Calm Mind|p2a: Hatterene\n|-boost|p2a: Hatterene|spa|1\n|-boost|p2a: Hatterene|spd|1\n|\n|upkeep\n|turn|8\n|\n|t:|1700445594\n|move|p1a: Mew|Cosmic Power|p1a: Mew\n|-boost|p1a: Mew|def|1\n|-boost|p1a: Mew|spd|1\n|move|p2a: Hatterene|Calm Mind|p2a: Hatterene\n|-boost|p2a: Hatterene|spa|1\n|-boost|p2a: Hatterene|spd|1\n|\n|upkeep\n|turn|9\n|\n|t:|1700445598\n|move|p1a: Mew|Stored Power|p2a: Hatterene\n|-resisted|p2a: Hatterene\n|-crit|p2a: Hatterene\n|-damage|p2a: Hatterene|33\/100\n|move|p2a: Hatterene|Calm Mind|p2a: Hatterene\n|-boost|p2a: Hatterene|spa|1\n|-boost|p2a: Hatterene|spd|1\n|\n|-heal|p2a: Hatterene|39\/100|[from] item: Leftovers\n|upkeep\n|turn|10\n|\n|t:|1700445603\n|move|p1a: Mew|Stored Power|p2a: Hatterene\n|-resisted|p2a: Hatterene\n|-damage|p2a: Hatterene|25\/100\n|move|p2a: Hatterene|Psyshock|p1a: Mew\n|-supereffective|p1a: Mew\n|-damage|p1a: Mew|28\/100\n|\n|-heal|p2a: Hatterene|31\/100|[from] item: Leftovers\n|upkeep\n|turn|11\n|c|\u2606Tunderboltz456|......\n|c|\u2606Tunderboltz456|HOW I LOVE THIS VERY BALANCED GAME\n|\n|t:|1700445613\n|move|p1a: Mew|Roost|p1a: Mew\n|-heal|p1a: Mew|78\/100\n|move|p2a: Hatterene|Psyshock|p1a: Mew\n|-supereffective|p1a: Mew\n|-damage|p1a: Mew|21\/100\n|\n|-heal|p2a: Hatterene|37\/100|[from] item: Leftovers\n|upkeep\n|turn|12\n|\n|t:|1700445620\n|move|p1a: Mew|Roost|p1a: Mew\n|-heal|p1a: Mew|71\/100\n|move|p2a: Hatterene|Psyshock|p1a: Mew\n|-supereffective|p1a: Mew\n|-damage|p1a: Mew|21\/100\n|\n|-heal|p2a: Hatterene|43\/100|[from] item: Leftovers\n|upkeep\n|turn|13\n|\n|t:|1700445632\n|switch|p1a: Ferrothorn|Ferrothorn, F|100\/100\n|move|p2a: Hatterene|Psyshock|p1a: Ferrothorn\n|-resisted|p1a: Ferrothorn\n|-damage|p1a: Ferrothorn|67\/100\n|\n|-heal|p2a: Hatterene|49\/100|[from] item: Leftovers\n|-heal|p1a: Ferrothorn|74\/100|[from] item: Leftovers\n|upkeep\n|turn|14\n|\n|t:|1700445638\n|move|p2a: Hatterene|Mystical Fire|p1a: Ferrothorn\n|-supereffective|p1a: Ferrothorn\n|-damage|p1a: Ferrothorn|0 fnt\n|faint|p1a: Ferrothorn\n|\n|-heal|p2a: Hatterene|55\/100|[from] item: Leftovers\n|upkeep\n|\n|t:|1700445645\n|switch|p1a: Banette|Banette, F|100\/100\n|-item|p2a: Hatterene|Leftovers|[from] ability: Frisk|[of] p1a: Banette|[identify]\n|turn|15\n|\n|t:|1700445650\n|detailschange|p1a: Banette|Banette-Mega, F\n|-mega|p1a: Banette|Banette|Banettite\n|move|p1a: Banette|Poltergeist|p2a: Hatterene\n|-activate|p2a: Hatterene|move: Poltergeist|Leftovers\n|-supereffective|p2a: Hatterene\n|-damage|p2a: Hatterene|0 fnt\n|faint|p2a: Hatterene\n|\n|upkeep\n|\n|t:|1700445653\n|switch|p2a: Aegislash|Aegislash, M|100\/100\n|turn|16\n|\n|t:|1700445667\n|switch|p1a: Shuckle|Shuckle, M|100\/100\n|-formechange|p2a: Aegislash|Aegislash-Blade||[from] ability: Stance Change\n|move|p2a: Aegislash|Shadow Ball|p1a: Shuckle\n|-damage|p1a: Shuckle|73\/100\n|\n|upkeep\n|turn|17\n|\n|t:|1700445680\n|switch|p2a: Gardevoir|Gardevoir, F, shiny|100\/100\n|-ability|p2a: Gardevoir|Gluttony|[from] ability: Trace|[of] p1a: Shuckle\n|move|p1a: Shuckle|Sticky Web|p2a: Gardevoir\n|-sidestart|p2: Tunderboltz456|move: Sticky Web\n|\n|upkeep\n|turn|18\n|\n|t:|1700445691\n|detailschange|p2a: Gardevoir|Gardevoir-Mega, F, shiny\n|-mega|p2a: Gardevoir|Gardevoir|Gardevoirite\n|move|p2a: Gardevoir|Hyper Voice|p1a: Shuckle\n|-damage|p1a: Shuckle|36\/100\n|move|p1a: Shuckle|Stealth Rock|p2a: Gardevoir\n|-sidestart|p2: Tunderboltz456|move: Stealth Rock\n|\n|upkeep\n|turn|19\n|\n|t:|1700445711\n|switch|p1a: Mew|Mew, tera:Poison|21\/100\n|move|p2a: Gardevoir|Hyper Voice|p1a: Mew\n|-resisted|p1a: Mew\n|-damage|p1a: Mew|0 fnt\n|faint|p1a: Mew\n|\n|upkeep\n|\n|t:|1700445722\n|switch|p1a: Banette|Banette-Mega, F|100\/100\n|turn|20\n|\n|t:|1700445743\n|move|p2a: Gardevoir|Hyper Voice|p1a: Banette\n|-damage|p1a: Banette|14\/100\n|move|p1a: Banette|Poltergeist|p2a: Gardevoir\n|-activate|p2a: Gardevoir|move: Poltergeist|Gardevoirite\n|-supereffective|p2a: Gardevoir\n|-damage|p2a: Gardevoir|0 fnt\n|faint|p2a: Gardevoir\n|\n|upkeep\n|\n|t:|1700445747\n|switch|p2a: Volcarona|Volcarona, F|100\/100\n|turn|21\n|\n|t:|1700445757\n|move|p1a: Banette|Destiny Bond|p1a: Banette\n|-singlemove|p1a: Banette|Destiny Bond\n|move|p2a: Volcarona|Fiery Dance|p1a: Banette\n|-damage|p1a: Banette|0 fnt\n|faint|p1a: Banette\n|-activate|p1a: Banette|move: Destiny Bond\n|faint|p2a: Volcarona\n|\n|upkeep\n|\n|t:|1700445768\n|switch|p2a: Haxorus|Haxorus, M, shiny|100\/100\n|switch|p1a: Iron Valiant|Iron Valiant|100\/100\n|-activate|p2a: Haxorus|move: Sticky Web\n|-unboost|p2a: Haxorus|spe|1\n|-damage|p2a: Haxorus|88\/100|[from] Stealth Rock\n|-ability|p2a: Haxorus|Mold Breaker\n|turn|22\n|\n|t:|1700445777\n|-end|p1a: Iron Valiant|Quark Drive|[silent]\n|switch|p1a: Shuckle|Shuckle, M|36\/100\n|-terastallize|p2a: Haxorus|Poison\n|move|p2a: Haxorus|Poison Jab|p1a: Shuckle\n|-resisted|p1a: Shuckle\n|-damage|p1a: Shuckle|19\/100\n|-status|p1a: Shuckle|psn\n|\n|-damage|p1a: Shuckle|6\/100 psn|[from] psn\n|upkeep\n|turn|23\n|-enditem|p1a: Shuckle|Custap Berry|[eat]\n|-activate|p1a: Shuckle|item: Custap Berry|[consumed]\n|\n|t:|1700445792\n|move|p1a: Shuckle|Encore|p2a: Haxorus\n|-start|p2a: Haxorus|Encore\n|move|p2a: Haxorus|Poison Jab|p1a: Shuckle\n|-resisted|p1a: Shuckle\n|-damage|p1a: Shuckle|0 fnt\n|faint|p1a: Shuckle\n|\n|upkeep\n|\n|t:|1700445795\n|switch|p1a: Iron Valiant|Iron Valiant|100\/100\n|turn|24\n|\n|t:|1700445797\n|move|p1a: Iron Valiant|Psyshock|p2a: Haxorus\n|-supereffective|p2a: Haxorus\n|-damage|p2a: Haxorus|7\/100\n|-damage|p1a: Iron Valiant|91\/100|[from] item: Life Orb\n|move|p2a: Haxorus|Poison Jab|p1a: Iron Valiant\n|-supereffective|p1a: Iron Valiant\n|-damage|p1a: Iron Valiant|0 fnt\n|faint|p1a: Iron Valiant\n|-end|p1a: Iron Valiant|Quark Drive|[silent]\n|\n|win|Tunderboltz456\n|raw|duamu's rating: 1459 &rarr; <strong>1446<\/strong><br \/>(-13 for losing)\n|raw|Tunderboltz456's rating: 1578 &rarr; <strong>1591<\/strong><br \/>(+13 for winning)\n|l|\u2606duamu\n","uploadtime":1700445805,"views":8,"p1id":"duamu","p2id":"tunderboltz456","formatid":"gen9nationaldex","rating":1446,"private":0,"password":""}