{"id":"gen9nationaldex-1997550503","p1":"UNVER","p2":"XiroSphix","format":"[Gen 9] National Dex","log":"|html|<div class=\"broadcast-blue\"><strong>[Gen 9] National Dex is currently suspecting Sneasler! For information on how to participate check out the <a href=\"https:\/\/www.smogon.com\/forums\/threads\/sv-national-dex-suspect-8-just-dance.3731534\/\">suspect thread<\/a>.<\/strong><\/div>\n|j|\u2606UNVER\n|j|\u2606XiroSphix\n|t:|1700824073\n|gametype|singles\n|player|p1|UNVER|266|1284\n|player|p2|XiroSphix|rosa|1329\n|teamsize|p1|6\n|teamsize|p2|6\n|gen|9\n|tier|[Gen 9] National Dex\n|rated|\n|rule|HP Percentage Mod: HP is shown in percentages\n|rule|Endless Battle Clause: Forcing endless battles is banned\n|rule|OHKO Clause: OHKO moves are banned\n|rule|Evasion Clause: Evasion abilities, items, and moves are banned\n|rule|Evasion Abilities Clause: Evasion abilities are banned\n|rule|Evasion Items Clause: Evasion items are banned\n|rule|Evasion Moves Clause: Evasion moves are banned\n|rule|Species Clause: Limit one of each Pok\u00e9mon\n|rule|Sleep Clause Mod: Limit one foe put to sleep\n|clearpoke\n|poke|p1|Aerodactyl, M|\n|poke|p1|Landorus-Therian, M|\n|poke|p1|Rillaboom, M|\n|poke|p1|Buzzwole|\n|poke|p1|Slowking, M|\n|poke|p1|Zapdos|\n|poke|p2|Pelipper, M|\n|poke|p2|Tornadus-Therian, M|\n|poke|p2|Swampert, F|\n|poke|p2|Ferrothorn, F|\n|poke|p2|Great Tusk|\n|poke|p2|Dragonite, F|\n|teampreview\n|inactive|Battle timer is ON: inactive players will automatically lose when time's up. (requested by XiroSphix)\n|\n|t:|1700824089\n|start\n|switch|p1a: Zapdos|Zapdos|100\/100\n|switch|p2a: Great Tusk|Great Tusk|100\/100\n|turn|1\n|\n|t:|1700824095\n|-zpower|p1a: Zapdos\n|move|p1a: Zapdos|Supersonic Skystrike|p2a: Great Tusk|[zeffect]\n|-supereffective|p2a: Great Tusk\n|-damage|p2a: Great Tusk|0 fnt\n|faint|p2a: Great Tusk\n|-end|p2a: Great Tusk|Protosynthesis|[silent]\n|\n|upkeep\n|\n|t:|1700824106\n|switch|p2a: Ferrothorn|Ferrothorn, F|100\/100\n|turn|2\n|\n|t:|1700824120\n|move|p1a: Zapdos|Volt Switch|p2a: Ferrothorn\n|-resisted|p2a: Ferrothorn\n|-damage|p2a: Ferrothorn|90\/100\n|\n|t:|1700824128\n|switch|p1a: Rillaboom|Rillaboom, M|100\/100|[from] Volt Switch\n|-fieldstart|move: Grassy Terrain|[from] ability: Grassy Surge|[of] p1a: Rillaboom\n|move|p2a: Ferrothorn|Leech Seed|p1a: Rillaboom\n|-immune|p1a: Rillaboom\n|\n|-heal|p2a: Ferrothorn|96\/100|[from] Grassy Terrain\n|-heal|p2a: Ferrothorn|100\/100|[from] item: Leftovers\n|upkeep\n|turn|3\n|\n|t:|1700824154\n|switch|p1a: Slowking|Slowking, M|100\/100\n|move|p2a: Ferrothorn|Iron Defense|p2a: Ferrothorn\n|-boost|p2a: Ferrothorn|def|2\n|\n|upkeep\n|turn|4\n|\n|t:|1700824166\n|move|p2a: Ferrothorn|Leech Seed|p1a: Slowking\n|-start|p1a: Slowking|move: Leech Seed\n|move|p1a: Slowking|Future Sight|p2a: Ferrothorn\n|-start|p1a: Slowking|move: Future Sight\n|\n|-damage|p1a: Slowking|88\/100|[from] Leech Seed|[of] p2a: Ferrothorn\n|upkeep\n|turn|5\n|\n|t:|1700824174\n|move|p2a: Ferrothorn|Iron Defense|p2a: Ferrothorn\n|-boost|p2a: Ferrothorn|def|2\n|move|p1a: Slowking|Scald|p2a: Ferrothorn\n|-resisted|p2a: Ferrothorn\n|-damage|p2a: Ferrothorn|91\/100\n|\n|-heal|p2a: Ferrothorn|97\/100|[from] Grassy Terrain\n|-heal|p2a: Ferrothorn|100\/100|[from] item: Leftovers\n|-heal|p1a: Slowking|94\/100|[from] Grassy Terrain\n|-damage|p1a: Slowking|82\/100|[from] Leech Seed|[of] p2a: Ferrothorn\n|upkeep\n|turn|6\n|\n|t:|1700824187\n|move|p2a: Ferrothorn|Body Press|p1a: Slowking\n|-resisted|p1a: Slowking\n|-damage|p1a: Slowking|43\/100\n|move|p1a: Slowking|Scald|p2a: Ferrothorn\n|-resisted|p2a: Ferrothorn\n|-damage|p2a: Ferrothorn|93\/100\n|-status|p2a: Ferrothorn|brn\n|\n|-end|p2a: Ferrothorn|move: Future Sight\n|-resisted|p2a: Ferrothorn\n|-damage|p2a: Ferrothorn|78\/100 brn\n|-heal|p2a: Ferrothorn|85\/100 brn|[from] Grassy Terrain\n|-heal|p2a: Ferrothorn|91\/100 brn|[from] item: Leftovers\n|-heal|p1a: Slowking|49\/100|[from] Grassy Terrain\n|-damage|p1a: Slowking|37\/100|[from] Leech Seed|[of] p2a: Ferrothorn\n|-heal|p2a: Ferrothorn|100\/100 brn|[silent]\n|-damage|p2a: Ferrothorn|94\/100 brn|[from] brn\n|-fieldend|move: Grassy Terrain\n|upkeep\n|turn|7\n|\n|t:|1700824203\n|switch|p1a: Buzzwole|Buzzwole|100\/100\n|move|p2a: Ferrothorn|Iron Defense|p2a: Ferrothorn\n|-boost|p2a: Ferrothorn|def|2\n|\n|-heal|p2a: Ferrothorn|100\/100 brn|[from] item: Leftovers\n|-damage|p2a: Ferrothorn|94\/100 brn|[from] brn\n|upkeep\n|turn|8\n|\n|t:|1700824215\n|move|p1a: Buzzwole|Bulk Up|p1a: Buzzwole\n|-boost|p1a: Buzzwole|atk|1\n|-boost|p1a: Buzzwole|def|1\n|move|p2a: Ferrothorn|Body Press|p1a: Buzzwole\n|-resisted|p1a: Buzzwole\n|-damage|p1a: Buzzwole|93\/100\n|\n|-heal|p2a: Ferrothorn|100\/100 brn|[from] item: Leftovers\n|-damage|p2a: Ferrothorn|94\/100 brn|[from] brn\n|upkeep\n|turn|9\n|\n|t:|1700824224\n|move|p1a: Buzzwole|Bulk Up|p1a: Buzzwole\n|-boost|p1a: Buzzwole|atk|1\n|-boost|p1a: Buzzwole|def|1\n|move|p2a: Ferrothorn|Leech Seed|p1a: Buzzwole\n|-start|p1a: Buzzwole|move: Leech Seed\n|\n|-heal|p2a: Ferrothorn|100\/100 brn|[from] item: Leftovers\n|-damage|p1a: Buzzwole|81\/100|[from] Leech Seed|[of] p2a: Ferrothorn\n|-damage|p2a: Ferrothorn|94\/100 brn|[from] brn\n|upkeep\n|turn|10\n|\n|t:|1700824236\n|switch|p2a: Tornadus|Tornadus-Therian, M|100\/100\n|move|p1a: Buzzwole|Bulk Up|p1a: Buzzwole\n|-boost|p1a: Buzzwole|atk|1\n|-boost|p1a: Buzzwole|def|1\n|\n|-damage|p1a: Buzzwole|68\/100|[from] Leech Seed|[of] p2a: Tornadus\n|upkeep\n|turn|11\n|\n|t:|1700824254\n|-terastallize|p1a: Buzzwole|Water\n|move|p2a: Tornadus|Bleakwind Storm|p1a: Buzzwole|[miss]\n|-miss|p2a: Tornadus|p1a: Buzzwole\n|move|p1a: Buzzwole|Roost|p1a: Buzzwole\n|-heal|p1a: Buzzwole|100\/100\n|\n|-damage|p1a: Buzzwole|88\/100|[from] Leech Seed|[of] p2a: Tornadus\n|upkeep\n|turn|12\n|\n|t:|1700824280\n|move|p2a: Tornadus|Bleakwind Storm|p1a: Buzzwole\n|-crit|p1a: Buzzwole\n|-damage|p1a: Buzzwole|12\/100\n|move|p1a: Buzzwole|Ice Punch|p2a: Tornadus\n|-supereffective|p2a: Tornadus\n|-damage|p2a: Tornadus|8\/100\n|\n|-damage|p1a: Buzzwole|0 fnt|[from] Leech Seed|[of] p2a: Tornadus\n|-heal|p2a: Tornadus|21\/100|[silent]\n|faint|p1a: Buzzwole\n|upkeep\n|\n|t:|1700824292\n|switch|p1a: Aerodactyl|Aerodactyl, M|100\/100\n|turn|13\n|\n|t:|1700824308\n|switch|p2a: Ferrothorn|Ferrothorn, F|94\/100 brn\n|detailschange|p1a: Aerodactyl|Aerodactyl-Mega, M\n|-mega|p1a: Aerodactyl|Aerodactyl|Aerodactylite\n|move|p1a: Aerodactyl|Dragon Dance|p1a: Aerodactyl\n|-boost|p1a: Aerodactyl|atk|1\n|-boost|p1a: Aerodactyl|spe|1\n|\n|-heal|p2a: Ferrothorn|100\/100 brn|[from] item: Leftovers\n|-damage|p2a: Ferrothorn|94\/100 brn|[from] brn\n|upkeep\n|turn|14\n|\n|t:|1700824320\n|move|p1a: Aerodactyl|Dual Wingbeat|p2a: Ferrothorn\n|-damage|p2a: Ferrothorn|62\/100 brn\n|-damage|p1a: Aerodactyl|88\/100|[from] ability: Iron Barbs|[of] p2a: Ferrothorn\n|-damage|p2a: Ferrothorn|24\/100 brn\n|-damage|p1a: Aerodactyl|76\/100|[from] ability: Iron Barbs|[of] p2a: Ferrothorn\n|-hitcount|p2a: Ferrothorn|2\n|move|p2a: Ferrothorn|Leech Seed|p1a: Aerodactyl|[miss]\n|-miss|p2a: Ferrothorn|p1a: Aerodactyl\n|\n|-heal|p2a: Ferrothorn|30\/100 brn|[from] item: Leftovers\n|-damage|p2a: Ferrothorn|24\/100 brn|[from] brn\n|upkeep\n|turn|15\n|inactive|XiroSphix has 120 seconds left.\n|\n|t:|1700824368\n|switch|p2a: Pelipper|Pelipper, M|100\/100\n|-weather|RainDance|[from] ability: Drizzle|[of] p2a: Pelipper\n|move|p1a: Aerodactyl|Earthquake|p2a: Pelipper\n|-immune|p2a: Pelipper\n|\n|-weather|RainDance|[upkeep]\n|upkeep\n|turn|16\n|\n|t:|1700824394\n|switch|p1a: Zapdos|Zapdos|100\/100\n|switch|p2a: Swampert|Swampert, F|100\/100\n|\n|-weather|RainDance|[upkeep]\n|upkeep\n|turn|17\n|\n|t:|1700824406\n|switch|p1a: Slowking|Slowking, M|70\/100\n|detailschange|p2a: Swampert|Swampert-Mega, F\n|-mega|p2a: Swampert|Swampert|Swampertite\n|move|p2a: Swampert|Waterfall|p1a: Slowking\n|-resisted|p1a: Slowking\n|-damage|p1a: Slowking|33\/100\n|\n|-weather|RainDance|[upkeep]\n|upkeep\n|turn|18\n|\n|t:|1700824418\n|switch|p1a: Rillaboom|Rillaboom, M|100\/100\n|-fieldstart|move: Grassy Terrain|[from] ability: Grassy Surge|[of] p1a: Rillaboom\n|move|p2a: Swampert|Waterfall|p1a: Rillaboom\n|-resisted|p1a: Rillaboom\n|-damage|p1a: Rillaboom|62\/100\n|\n|-weather|RainDance|[upkeep]\n|-heal|p1a: Rillaboom|68\/100|[from] Grassy Terrain\n|upkeep\n|turn|19\n|\n|t:|1700824430\n|switch|p2a: Tornadus|Tornadus-Therian, M|54\/100\n|move|p1a: Rillaboom|U-turn|p2a: Tornadus\n|-resisted|p2a: Tornadus\n|-damage|p2a: Tornadus|39\/100\n|\n|t:|1700824433\n|switch|p1a: Aerodactyl|Aerodactyl-Mega, M|76\/100|[from] U-turn\n|\n|-weather|none\n|upkeep\n|turn|20\n|\n|t:|1700824452\n|switch|p2a: Ferrothorn|Ferrothorn, F|24\/100 brn\n|move|p1a: Aerodactyl|Dual Wingbeat|p2a: Ferrothorn\n|-damage|p2a: Ferrothorn|0 fnt\n|-damage|p1a: Aerodactyl|64\/100|[from] ability: Iron Barbs|[of] p2a: Ferrothorn\n|faint|p2a: Ferrothorn\n|-hitcount|p2: Ferrothorn|1\n|\n|upkeep\n|\n|t:|1700824461\n|switch|p2a: Pelipper|Pelipper, M|100\/100\n|-weather|RainDance|[from] ability: Drizzle|[of] p2a: Pelipper\n|turn|21\n|\n|t:|1700824476\n|switch|p2a: Swampert|Swampert-Mega, F|100\/100\n|move|p1a: Aerodactyl|Dual Wingbeat|p2a: Swampert\n|-damage|p2a: Swampert|74\/100\n|-damage|p2a: Swampert|43\/100\n|-hitcount|p2a: Swampert|2\n|\n|-weather|RainDance|[upkeep]\n|-heal|p2a: Swampert|49\/100|[from] Grassy Terrain\n|upkeep\n|turn|22\n|inactive|XiroSphix has 120 seconds left.\n|\n|t:|1700824489\n|switch|p1a: Slowking|Slowking, M|66\/100\n|move|p2a: Swampert|Waterfall|p1a: Slowking\n|-resisted|p1a: Slowking\n|-crit|p1a: Slowking\n|-damage|p1a: Slowking|12\/100\n|\n|-weather|RainDance|[upkeep]\n|-heal|p2a: Swampert|55\/100|[from] Grassy Terrain\n|-heal|p1a: Slowking|18\/100|[from] Grassy Terrain\n|-fieldend|move: Grassy Terrain\n|upkeep\n|turn|23\n|inactive|XiroSphix has 120 seconds left.\n|\n|t:|1700824499\n|switch|p1a: Rillaboom|Rillaboom, M|68\/100\n|-fieldstart|move: Grassy Terrain|[from] ability: Grassy Surge|[of] p1a: Rillaboom\n|move|p2a: Swampert|Waterfall|p1a: Rillaboom\n|-resisted|p1a: Rillaboom\n|-damage|p1a: Rillaboom|30\/100\n|\n|-weather|RainDance|[upkeep]\n|-heal|p2a: Swampert|61\/100|[from] Grassy Terrain\n|-heal|p1a: Rillaboom|37\/100|[from] Grassy Terrain\n|upkeep\n|turn|24\n|inactive|XiroSphix has 120 seconds left.\n|\n|t:|1700824514\n|move|p1a: Rillaboom|Grassy Glide|p2a: Swampert\n|-supereffective|p2a: Swampert\n|-damage|p2a: Swampert|0 fnt\n|faint|p2a: Swampert\n|\n|-weather|RainDance|[upkeep]\n|-heal|p1a: Rillaboom|43\/100|[from] Grassy Terrain\n|upkeep\n|inactive|XiroSphix has 120 seconds left.\n|\n|t:|1700824522\n|switch|p2a: Tornadus|Tornadus-Therian, M|72\/100\n|turn|25\n|\n|t:|1700824531\n|switch|p1a: Slowking|Slowking, M|52\/100\n|move|p2a: Tornadus|Bleakwind Storm|p1a: Slowking\n|-damage|p1a: Slowking|31\/100\n|\n|-weather|none\n|-heal|p1a: Slowking|38\/100|[from] Grassy Terrain\n|upkeep\n|turn|26\n|\n|t:|1700824540\n|move|p2a: Tornadus|Knock Off|p1a: Slowking\n|-supereffective|p1a: Slowking\n|-damage|p1a: Slowking|0 fnt\n|-enditem|p1a: Slowking|Heavy-Duty Boots|[from] move: Knock Off|[of] p2a: Tornadus\n|faint|p1a: Slowking\n|\n|upkeep\n|\n|t:|1700824547\n|switch|p1a: Zapdos|Zapdos|100\/100\n|turn|27\n|inactive|XiroSphix has 120 seconds left.\n|\n|t:|1700824581\n|switch|p2a: Dragonite|Dragonite, F|100\/100\n|move|p1a: Zapdos|Volt Switch|p2a: Dragonite\n|-damage|p2a: Dragonite|83\/100\n|\n|t:|1700824599\n|switch|p1a: Landorus|Landorus-Therian, M|100\/100|[from] Volt Switch\n|-ability|p1a: Landorus|Intimidate|boost\n|-unboost|p2a: Dragonite|atk|1\n|\n|-fieldend|move: Grassy Terrain\n|upkeep\n|turn|28\n|\n|t:|1700824607\n|switch|p2a: Pelipper|Pelipper, M|100\/100\n|-weather|RainDance|[from] ability: Drizzle|[of] p2a: Pelipper\n|move|p1a: Landorus|Stone Edge|p2a: Pelipper\n|-supereffective|p2a: Pelipper\n|-damage|p2a: Pelipper|0 fnt\n|faint|p2a: Pelipper\n|\n|-weather|RainDance|[upkeep]\n|upkeep\n|\n|t:|1700824616\n|switch|p2a: Tornadus|Tornadus-Therian, M|100\/100\n|turn|29\n|\n|t:|1700824620\n|move|p1a: Landorus|Stone Edge|p2a: Tornadus\n|-supereffective|p2a: Tornadus\n|-damage|p2a: Tornadus|46\/100\n|move|p2a: Tornadus|Bleakwind Storm|p1a: Landorus\n|-damage|p1a: Landorus|51\/100\n|-unboost|p1a: Landorus|spe|1\n|\n|-weather|RainDance|[upkeep]\n|upkeep\n|turn|30\n|\n|t:|1700824636\n|switch|p1a: Rillaboom|Rillaboom, M|43\/100\n|-fieldstart|move: Grassy Terrain|[from] ability: Grassy Surge|[of] p1a: Rillaboom\n|move|p2a: Tornadus|Bleakwind Storm|p1a: Rillaboom\n|-supereffective|p1a: Rillaboom\n|-damage|p1a: Rillaboom|0 fnt\n|faint|p1a: Rillaboom\n|\n|-weather|RainDance|[upkeep]\n|upkeep\n|\n|t:|1700824645\n|switch|p1a: Aerodactyl|Aerodactyl-Mega, M|64\/100\n|turn|31\n|\n|t:|1700824654\n|-terastallize|p2a: Tornadus|Steel\n|move|p1a: Aerodactyl|Dual Wingbeat|p2a: Tornadus\n|-resisted|p2a: Tornadus\n|-damage|p2a: Tornadus|33\/100\n|-resisted|p2a: Tornadus\n|-damage|p2a: Tornadus|20\/100\n|-hitcount|p2a: Tornadus|2\n|move|p2a: Tornadus|Knock Off|p1a: Aerodactyl\n|-damage|p1a: Aerodactyl|45\/100\n|\n|-weather|RainDance|[upkeep]\n|-heal|p2a: Tornadus|26\/100|[from] Grassy Terrain\n|upkeep\n|turn|32\n|\n|t:|1700824674\n|move|p1a: Aerodactyl|Dual Wingbeat|p2a: Tornadus\n|-resisted|p2a: Tornadus\n|-damage|p2a: Tornadus|15\/100\n|-resisted|p2a: Tornadus\n|-damage|p2a: Tornadus|4\/100\n|-hitcount|p2a: Tornadus|2\n|move|p2a: Tornadus|U-turn|p1a: Aerodactyl\n|-resisted|p1a: Aerodactyl\n|-damage|p1a: Aerodactyl|35\/100\n|\n|t:|1700824683\n|switch|p2a: Dragonite|Dragonite, F|83\/100|[from] U-turn\n|\n|-weather|none\n|upkeep\n|turn|33\n|inactive|XiroSphix has 120 seconds left.\n|\n|t:|1700824712\n|switch|p2a: Tornadus|Tornadus-Therian, M, tera:Steel|37\/100\n|move|p1a: Aerodactyl|Stone Edge|p2a: Tornadus\n|-resisted|p2a: Tornadus\n|-damage|p2a: Tornadus|15\/100\n|\n|-heal|p2a: Tornadus|21\/100|[from] Grassy Terrain\n|upkeep\n|turn|34\n|inactive|XiroSphix has 120 seconds left.\n|\n|t:|1700824723\n|move|p1a: Aerodactyl|Stone Edge|p2a: Tornadus\n|-resisted|p2a: Tornadus\n|-damage|p2a: Tornadus|0 fnt\n|faint|p2a: Tornadus\n|\n|-fieldend|move: Grassy Terrain\n|upkeep\n|\n|t:|1700824728\n|switch|p2a: Dragonite|Dragonite, F|83\/100\n|turn|35\n|\n|t:|1700824735\n|move|p2a: Dragonite|Extreme Speed|p1a: Aerodactyl\n|-resisted|p1a: Aerodactyl\n|-damage|p1a: Aerodactyl|16\/100\n|move|p1a: Aerodactyl|Stone Edge|p2a: Dragonite\n|-supereffective|p2a: Dragonite\n|-damage|p2a: Dragonite|0 fnt\n|faint|p2a: Dragonite\n|\n|win|UNVER\n|raw|UNVER's rating: 1284 &rarr; <strong>1312<\/strong><br \/>(+28 for winning)\n|raw|XiroSphix's rating: 1329 &rarr; <strong>1306<\/strong><br \/>(-23 for losing)\n","uploadtime":1700824742,"views":15,"p1id":"unver","p2id":"xirosphix","formatid":"gen9nationaldex","rating":1306,"private":0,"password":""}