{"id":"gen9nationaldex-1993539010","p1":"yugontianyi","p2":"zik6888","format":"[Gen 9] National Dex","log":"|j|\u2606yugontianyi\n|j|\u2606zik6888\n|t:|1700329495\n|gametype|singles\n|player|p1|yugontianyi|giovanni|\n|player|p2|zik6888|266|\n|teamsize|p1|6\n|teamsize|p2|6\n|gen|9\n|tier|[Gen 9] National Dex\n|rule|HP Percentage Mod: HP is shown in percentages\n|rule|Endless Battle Clause: Forcing endless battles is banned\n|rule|OHKO Clause: OHKO moves are banned\n|rule|Evasion Clause: Evasion abilities, items, and moves are banned\n|rule|Evasion Abilities Clause: Evasion abilities are banned\n|rule|Evasion Items Clause: Evasion items are banned\n|rule|Evasion Moves Clause: Evasion moves are banned\n|rule|Species Clause: Limit one of each Pok\u00e9mon\n|rule|Sleep Clause Mod: Limit one foe put to sleep\n|clearpoke\n|poke|p1|Abra, M|\n|poke|p1|Kingler, M|\n|poke|p1|Ariados, M|\n|poke|p1|Sneasel, F|\n|poke|p1|Boldore, F|\n|poke|p1|Honedge, F|\n|poke|p2|Pelipper, F|\n|poke|p2|Kabutops, F|\n|poke|p2|Scizor, M|\n|poke|p2|Ludicolo, F|\n|poke|p2|Kingdra, F|\n|poke|p2|Excadrill, F|\n|teampreview\n|inactive|Battle timer is ON: inactive players will automatically lose when time's up. (requested by yugontianyi)\n|\n|t:|1700329512\n|start\n|switch|p1a: Boldore|Boldore, F, shiny|100\/100\n|switch|p2a: Excadrill|Excadrill, F|100\/100\n|-ability|p2a: Excadrill|Mold Breaker\n|turn|1\n|\n|t:|1700329520\n|move|p2a: Excadrill|Stealth Rock|p1a: Boldore\n|-sidestart|p1: yugontianyi|move: Stealth Rock\n|move|p1a: Boldore|Stealth Rock|p2a: Excadrill\n|-sidestart|p2: zik6888|move: Stealth Rock\n|\n|upkeep\n|turn|2\n|\n|t:|1700329526\n|move|p2a: Excadrill|Earthquake|p1a: Boldore\n|-supereffective|p1a: Boldore\n|-damage|p1a: Boldore|0 fnt\n|faint|p1a: Boldore\n|\n|upkeep\n|\n|t:|1700329547\n|switch|p1a: Ariados|Ariados, M|100\/100\n|-damage|p1a: Ariados|75\/100|[from] Stealth Rock\n|turn|3\n|\n|t:|1700329562\n|move|p2a: Excadrill|Earthquake|p1a: Ariados\n|-damage|p1a: Ariados|0 fnt\n|faint|p1a: Ariados\n|\n|upkeep\n|\n|t:|1700329568\n|switch|p1a: Kingler|Kingler, M|100\/100\n|-damage|p1a: Kingler|88\/100|[from] Stealth Rock\n|turn|4\n|\n|t:|1700329579\n|move|p2a: Excadrill|Stealth Rock||[still]\n|-fail|p2a: Excadrill\n|move|p1a: Kingler|Crabhammer|p2a: Excadrill\n|-supereffective|p2a: Excadrill\n|-crit|p2a: Excadrill\n|-enditem|p2a: Excadrill|Focus Sash\n|-damage|p2a: Excadrill|1\/100\n|\n|upkeep\n|turn|5\n|\n|t:|1700329588\n|move|p2a: Excadrill|Stealth Rock||[still]\n|-fail|p2a: Excadrill\n|move|p1a: Kingler|Crabhammer|p2a: Excadrill\n|-supereffective|p2a: Excadrill\n|-crit|p2a: Excadrill\n|-damage|p2a: Excadrill|0 fnt\n|faint|p2a: Excadrill\n|\n|upkeep\n|\n|t:|1700329597\n|switch|p2a: Pelipper|Pelipper, F|100\/100\n|-damage|p2a: Pelipper|75\/100|[from] Stealth Rock\n|-weather|RainDance|[from] ability: Drizzle|[of] p2a: Pelipper\n|turn|6\n|\n|t:|1700329612\n|switch|p1a: Honedge|Honedge, F, shiny|100\/100\n|-damage|p1a: Honedge|94\/100|[from] Stealth Rock\n|move|p2a: Pelipper|Tailwind|p2a: Pelipper\n|-sidestart|p2: zik6888|move: Tailwind\n|\n|-weather|RainDance|[upkeep]\n|-heal|p2a: Pelipper|81\/100|[from] item: Leftovers\n|upkeep\n|turn|7\n|\n|t:|1700329625\n|move|p2a: Pelipper|Knock Off|p1a: Honedge\n|-supereffective|p1a: Honedge\n|-damage|p1a: Honedge|75\/100\n|move|p1a: Honedge|Destiny Bond|p1a: Honedge\n|-singlemove|p1a: Honedge|Destiny Bond\n|\n|-weather|RainDance|[upkeep]\n|-heal|p2a: Pelipper|87\/100|[from] item: Leftovers\n|upkeep\n|turn|8\n|\n|t:|1700329638\n|move|p1a: Honedge|Shadow Sneak|p2a: Pelipper\n|-damage|p2a: Pelipper|70\/100\n|move|p2a: Pelipper|Defog|p1a: Honedge\n|-unboost|p1a: Honedge|evasion|1\n|-sideend|p1: yugontianyi|Stealth Rock|[from] move: Defog|[of] p2a: Pelipper\n|-sideend|p2: zik6888|Stealth Rock|[from] move: Defog|[of] p2a: Pelipper\n|\n|-weather|RainDance|[upkeep]\n|-heal|p2a: Pelipper|76\/100|[from] item: Leftovers\n|upkeep\n|turn|9\n|\n|t:|1700329650\n|move|p2a: Pelipper|U-turn|p1a: Honedge\n|-resisted|p1a: Honedge\n|-crit|p1a: Honedge\n|-damage|p1a: Honedge|72\/100\n|\n|t:|1700329654\n|switch|p2a: Kabutops|Kabutops, F|100\/100|[from] U-turn\n|-zpower|p1a: Honedge\n|move|p1a: Honedge|Corkscrew Crash|p2a: Kabutops|[zeffect]\n|-damage|p2a: Kabutops|6\/100\n|\n|-weather|RainDance|[upkeep]\n|-sideend|p2: zik6888|move: Tailwind\n|upkeep\n|turn|10\n|\n|t:|1700329671\n|move|p1a: Honedge|Shadow Sneak|p2a: Kabutops\n|-damage|p2a: Kabutops|0 fnt\n|faint|p2a: Kabutops\n|\n|-weather|none\n|upkeep\n|\n|t:|1700329678\n|switch|p2a: Pelipper|Pelipper, F|76\/100\n|-weather|RainDance|[from] ability: Drizzle|[of] p2a: Pelipper\n|turn|11\n|\n|t:|1700329688\n|move|p1a: Honedge|Shadow Sneak|p2a: Pelipper\n|-damage|p2a: Pelipper|59\/100\n|move|p2a: Pelipper|Tailwind|p2a: Pelipper\n|-sidestart|p2: zik6888|move: Tailwind\n|\n|-weather|RainDance|[upkeep]\n|-heal|p2a: Pelipper|65\/100|[from] item: Leftovers\n|upkeep\n|turn|12\n|\n|t:|1700329698\n|switch|p2a: Ludicolo|Ludicolo, F|100\/100\n|move|p1a: Honedge|Sacred Sword|p2a: Ludicolo\n|-damage|p2a: Ludicolo|63\/100\n|\n|-weather|RainDance|[upkeep]\n|upkeep\n|turn|13\n|\n|t:|1700329708\n|move|p2a: Ludicolo|Leech Seed|p1a: Honedge\n|-start|p1a: Honedge|move: Leech Seed\n|move|p1a: Honedge|Sacred Sword|p2a: Ludicolo\n|-damage|p2a: Ludicolo|22\/100\n|\n|-weather|RainDance|[upkeep]\n|-damage|p1a: Honedge|59\/100|[from] Leech Seed|[of] p2a: Ludicolo\n|-heal|p2a: Ludicolo|32\/100|[silent]\n|upkeep\n|turn|14\n|\n|t:|1700329724\n|move|p2a: Ludicolo|Focus Blast|p1a: Honedge\n|-immune|p1a: Honedge\n|move|p1a: Honedge|Sacred Sword|p2a: Ludicolo\n|-damage|p2a: Ludicolo|0 fnt\n|faint|p2a: Ludicolo\n|\n|-weather|RainDance|[upkeep]\n|-sideend|p2: zik6888|move: Tailwind\n|upkeep\n|\n|t:|1700329734\n|switch|p2a: Pelipper|Pelipper, F|65\/100\n|turn|15\n|\n|t:|1700329741\n|move|p1a: Honedge|Shadow Sneak|p2a: Pelipper\n|-damage|p2a: Pelipper|49\/100\n|move|p2a: Pelipper|Tailwind|p2a: Pelipper\n|-sidestart|p2: zik6888|move: Tailwind\n|\n|-weather|none\n|-heal|p2a: Pelipper|56\/100|[from] item: Leftovers\n|-damage|p1a: Honedge|47\/100|[from] Leech Seed|[of] p2a: Pelipper\n|-heal|p2a: Pelipper|65\/100|[silent]\n|upkeep\n|turn|16\n|\n|t:|1700329752\n|switch|p1a: Abra|Abra, M|100\/100\n|move|p2a: Pelipper|Knock Off|p1a: Abra\n|-supereffective|p1a: Abra\n|-crit|p1a: Abra\n|-damage|p1a: Abra|0 fnt\n|-enditem|p1a: Abra|Life Orb|[from] move: Knock Off|[of] p2a: Pelipper\n|faint|p1a: Abra\n|\n|-heal|p2a: Pelipper|71\/100|[from] item: Leftovers\n|upkeep\n|\n|t:|1700329760\n|switch|p1a: Honedge|Honedge, F, shiny|47\/100\n|turn|17\n|\n|t:|1700329769\n|move|p2a: Pelipper|Tailwind||[still]\n|-fail|p2a: Pelipper\n|move|p1a: Honedge|Iron Head|p2a: Pelipper\n|-resisted|p2a: Pelipper\n|-damage|p2a: Pelipper|56\/100\n|\n|-heal|p2a: Pelipper|62\/100|[from] item: Leftovers\n|upkeep\n|turn|18\n|\n|t:|1700329779\n|move|p2a: Pelipper|U-turn|p1a: Honedge\n|-resisted|p1a: Honedge\n|-damage|p1a: Honedge|44\/100\n|\n|t:|1700329785\n|switch|p2a: Kingdra|Kingdra, F|100\/100|[from] U-turn\n|move|p1a: Honedge|Iron Head|p2a: Kingdra\n|-resisted|p2a: Kingdra\n|-damage|p2a: Kingdra|80\/100\n|\n|-sideend|p2: zik6888|move: Tailwind\n|upkeep\n|turn|19\n|\n|t:|1700329798\n|move|p2a: Kingdra|Hydro Pump|p1a: Honedge\n|-damage|p1a: Honedge|0 fnt\n|faint|p1a: Honedge\n|\n|upkeep\n|\n|t:|1700329803\n|switch|p1a: Kingler|Kingler, M|88\/100\n|turn|20\n|\n|t:|1700329807\n|move|p2a: Kingdra|Hydro Pump|p1a: Kingler\n|-resisted|p1a: Kingler\n|-damage|p1a: Kingler|0 fnt\n|faint|p1a: Kingler\n|\n|upkeep\n|\n|t:|1700329810\n|switch|p1a: Sneasel|Sneasel, F, shiny|100\/100\n|turn|21\n|\n|t:|1700329815\n|-terastallize|p1a: Sneasel|Dark\n|move|p1a: Sneasel|Knock Off|p2a: Kingdra\n|-damage|p2a: Kingdra|0 fnt\n|-enditem|p2a: Kingdra|Choice Specs|[from] move: Knock Off|[of] p1a: Sneasel\n|faint|p2a: Kingdra\n|-damage|p1a: Sneasel|91\/100|[from] item: Life Orb\n|\n|upkeep\n|\n|t:|1700329823\n|switch|p2a: Pelipper|Pelipper, F|62\/100\n|-weather|RainDance|[from] ability: Drizzle|[of] p2a: Pelipper\n|turn|22\n|\n|t:|1700329829\n|move|p1a: Sneasel|Knock Off|p2a: Pelipper\n|-damage|p2a: Pelipper|0 fnt\n|-enditem|p2a: Pelipper|Leftovers|[from] move: Knock Off|[of] p1a: Sneasel\n|faint|p2a: Pelipper\n|-damage|p1a: Sneasel|81\/100|[from] item: Life Orb\n|\n|-weather|RainDance|[upkeep]\n|upkeep\n|\n|t:|1700329837\n|switch|p2a: Scizor|Scizor, M|100\/100\n|turn|23\n|\n|t:|1700329845\n|move|p1a: Sneasel|Knock Off|p2a: Scizor\n|-damage|p2a: Scizor|39\/100\n|-damage|p1a: Sneasel|71\/100|[from] item: Life Orb\n|move|p2a: Scizor|Swords Dance|p2a: Scizor\n|-boost|p2a: Scizor|atk|2\n|\n|-weather|RainDance|[upkeep]\n|upkeep\n|turn|24\n|\n|t:|1700329858\n|move|p2a: Scizor|Bullet Punch|p1a: Sneasel\n|-damage|p1a: Sneasel|0 fnt\n|faint|p1a: Sneasel\n|\n|win|zik6888\n|l|\u2606zik6888\n|j| zik22\n","uploadtime":1700329879,"views":10,"p1id":"yugontianyi","p2id":"zik6888","formatid":"gen9nationaldex","rating":0,"private":0,"password":""}