{"id":"gen9nationaldex-1996260255","p1":"Joey Mojuice","p2":"slim36936","format":"[Gen 9] National Dex","log":"|html|<div class=\"broadcast-blue\"><strong>[Gen 9] National Dex is currently suspecting Sneasler! For information on how to participate check out the <a href=\"https:\/\/www.smogon.com\/forums\/threads\/sv-national-dex-suspect-8-just-dance.3731534\/\">suspect thread<\/a>.<\/strong><\/div>\n|j|\u2606Joey Mojuice\n|j|\u2606slim36936\n|t:|1700664992\n|gametype|singles\n|player|p1|Joey Mojuice|169|1215\n|player|p2|slim36936|cynthia-gen4|1197\n|teamsize|p1|6\n|teamsize|p2|6\n|gen|9\n|tier|[Gen 9] National Dex\n|rated|\n|rule|HP Percentage Mod: HP is shown in percentages\n|rule|Endless Battle Clause: Forcing endless battles is banned\n|rule|OHKO Clause: OHKO moves are banned\n|rule|Evasion Clause: Evasion abilities, items, and moves are banned\n|rule|Evasion Abilities Clause: Evasion abilities are banned\n|rule|Evasion Items Clause: Evasion items are banned\n|rule|Evasion Moves Clause: Evasion moves are banned\n|rule|Species Clause: Limit one of each Pok\u00e9mon\n|rule|Sleep Clause Mod: Limit one foe put to sleep\n|clearpoke\n|poke|p1|Scizor, M|\n|poke|p1|Urshifu-*, M|\n|poke|p1|Glimmora, M|\n|poke|p1|Sinistcha|\n|poke|p1|Thundurus, M|\n|poke|p1|Maushold|\n|poke|p2|Dragonite, M|\n|poke|p2|Ursaluna, F|\n|poke|p2|Tapu Koko|\n|poke|p2|Garchomp, M|\n|poke|p2|Hoopa-Unbound|\n|poke|p2|Moltres|\n|teampreview\n|\n|t:|1700665016\n|start\n|switch|p1a: Glimmora|Glimmora, M|100\/100\n|switch|p2a: Dragonite|Dragonite, M|100\/100\n|turn|1\n|\n|t:|1700665034\n|move|p1a: Glimmora|Stealth Rock|p2a: Dragonite\n|-sidestart|p2: slim36936|move: Stealth Rock\n|move|p2a: Dragonite|Superpower|p1a: Glimmora\n|-damage|p1a: Glimmora|12\/100\n|-unboost|p2a: Dragonite|atk|1\n|-unboost|p2a: Dragonite|def|1\n|-activate|p1a: Glimmora|ability: Toxic Debris\n|-sidestart|p2: slim36936|move: Toxic Spikes\n|-enditem|p1a: Glimmora|Red Card|[of] p2a: Dragonite\n|drag|p2a: Garchomp|Garchomp, M|100\/100\n|-damage|p2a: Garchomp|94\/100|[from] Stealth Rock\n|-status|p2a: Garchomp|psn\n|\n|-damage|p2a: Garchomp|82\/100 psn|[from] psn\n|upkeep\n|turn|2\n|\n|t:|1700665064\n|switch|p1a: Sinistcha|Sinistcha|100\/100\n|move|p2a: Garchomp|Earthquake|p1a: Sinistcha\n|-resisted|p1a: Sinistcha\n|-crit|p1a: Sinistcha\n|-damage|p1a: Sinistcha|64\/100\n|\n|-heal|p1a: Sinistcha|70\/100|[from] item: Leftovers\n|-damage|p2a: Garchomp|70\/100 psn|[from] psn\n|upkeep\n|turn|3\n|\n|t:|1700665077\n|switch|p2a: Moltres|Moltres|100\/100\n|move|p1a: Sinistcha|Strength Sap|p2a: Moltres\n|-unboost|p2a: Moltres|atk|1\n|-heal|p1a: Sinistcha|100\/100\n|\n|upkeep\n|turn|4\n|\n|t:|1700665087\n|switch|p1a: Thundurus|Thundurus, M|100\/100\n|move|p2a: Moltres|Flamethrower|p1a: Thundurus\n|-damage|p1a: Thundurus|70\/100\n|\n|upkeep\n|turn|5\n|\n|t:|1700665103\n|move|p1a: Thundurus|Thunder Wave|p2a: Moltres\n|-status|p2a: Moltres|par\n|cant|p2a: Moltres|par\n|\n|upkeep\n|turn|6\n|\n|t:|1700665112\n|move|p1a: Thundurus|Thunder|p2a: Moltres\n|-supereffective|p2a: Moltres\n|-damage|p2a: Moltres|8\/100 par\n|move|p2a: Moltres|Defog|p1a: Thundurus\n|-unboost|p1a: Thundurus|evasion|1\n|-sideend|p2: slim36936|Toxic Spikes|[from] move: Defog|[of] p2a: Moltres\n|-sideend|p2: slim36936|Stealth Rock|[from] move: Defog|[of] p2a: Moltres\n|\n|upkeep\n|turn|7\n|\n|t:|1700665127\n|switch|p2a: Garchomp|Garchomp, M|70\/100 psn\n|move|p1a: Thundurus|Eerie Impulse|p2a: Garchomp\n|-unboost|p2a: Garchomp|spa|2\n|\n|-damage|p2a: Garchomp|57\/100 psn|[from] psn\n|upkeep\n|turn|8\n|\n|t:|1700665160\n|switch|p1a: Sinistcha|Sinistcha|100\/100\n|-terastallize|p2a: Garchomp|Ice\n|move|p2a: Garchomp|Tera Blast|p1a: Sinistcha|[anim] Tera Blast Ice\n|-supereffective|p1a: Sinistcha\n|-damage|p1a: Sinistcha|20\/100\n|\n|-heal|p1a: Sinistcha|26\/100|[from] item: Leftovers\n|-damage|p2a: Garchomp|45\/100 psn|[from] psn\n|upkeep\n|turn|9\n|\n|t:|1700665173\n|switch|p1a: Scizor|Scizor, M|100\/100\n|move|p2a: Garchomp|Tera Blast|p1a: Scizor|[anim] Tera Blast Ice\n|-resisted|p1a: Scizor\n|-damage|p1a: Scizor|79\/100\n|\n|-damage|p2a: Garchomp|33\/100 psn|[from] psn\n|upkeep\n|turn|10\n|\n|t:|1700665205\n|switch|p2a: Ursaluna|Ursaluna, F|100\/100\n|detailschange|p1a: Scizor|Scizor-Mega, M\n|-mega|p1a: Scizor|Scizor|Scizorite\n|move|p1a: Scizor|Swords Dance|p1a: Scizor\n|-boost|p1a: Scizor|atk|2\n|\n|upkeep\n|turn|11\n|\n|t:|1700665219\n|move|p1a: Scizor|Bullet Punch|p2a: Ursaluna\n|-damage|p2a: Ursaluna|48\/100\n|move|p2a: Ursaluna|Fire Punch|p1a: Scizor\n|-supereffective|p1a: Scizor\n|-damage|p1a: Scizor|0 fnt\n|faint|p1a: Scizor\n|\n|upkeep\n|\n|t:|1700665228\n|switch|p1a: Urshifu|Urshifu-Rapid-Strike, M|100\/100\n|turn|12\n|\n|t:|1700665244\n|move|p1a: Urshifu|Aqua Jet|p2a: Ursaluna\n|-supereffective|p2a: Ursaluna\n|-damage|p2a: Ursaluna|18\/100\n|move|p2a: Ursaluna|Body Slam|p1a: Urshifu\n|-damage|p1a: Urshifu|46\/100\n|-status|p1a: Urshifu|par\n|\n|upkeep\n|turn|13\n|\n|t:|1700665255\n|move|p1a: Urshifu|Aqua Jet|p2a: Ursaluna\n|-supereffective|p2a: Ursaluna\n|-crit|p2a: Ursaluna\n|-damage|p2a: Ursaluna|0 fnt\n|faint|p2a: Ursaluna\n|\n|upkeep\n|\n|t:|1700665264\n|switch|p2a: Tapu Koko|Tapu Koko|100\/100\n|-fieldstart|move: Electric Terrain|[from] ability: Electric Surge|[of] p2a: Tapu Koko\n|turn|14\n|\n|t:|1700665274\n|switch|p1a: Glimmora|Glimmora, M|12\/100\n|move|p2a: Tapu Koko|Volt Switch|p1a: Glimmora\n|-damage|p1a: Glimmora|0 fnt\n|faint|p1a: Glimmora\n|\n|t:|1700665287\n|switch|p2a: Moltres|Moltres|8\/100 par|[from] Volt Switch\n|\n|upkeep\n|\n|t:|1700665297\n|switch|p1a: Urshifu|Urshifu-Rapid-Strike, M|46\/100 par\n|turn|15\n|\n|t:|1700665301\n|move|p1a: Urshifu|Aqua Jet|p2a: Moltres\n|-supereffective|p2a: Moltres\n|-crit|p2a: Moltres\n|-damage|p2a: Moltres|0 fnt\n|faint|p2a: Moltres\n|\n|upkeep\n|\n|t:|1700665311\n|switch|p2a: Tapu Koko|Tapu Koko|100\/100\n|turn|16\n|\n|t:|1700665322\n|switch|p1a: Sinistcha|Sinistcha|26\/100\n|move|p2a: Tapu Koko|Volt Switch|p1a: Sinistcha\n|-resisted|p1a: Sinistcha\n|-damage|p1a: Sinistcha|0 fnt\n|faint|p1a: Sinistcha\n|\n|t:|1700665335\n|switch|p2a: Hoopa|Hoopa-Unbound|100\/100|[from] Volt Switch\n|\n|upkeep\n|\n|t:|1700665344\n|switch|p1a: Maushold|Maushold|100\/100\n|turn|17\n|\n|t:|1700665353\n|move|p1a: Maushold|Population Bomb|p2a: Hoopa\n|-damage|p2a: Hoopa|80\/100\n|-crit|p2a: Hoopa\n|-damage|p2a: Hoopa|49\/100\n|-damage|p2a: Hoopa|32\/100\n|-damage|p2a: Hoopa|12\/100\n|-damage|p2a: Hoopa|0 fnt\n|faint|p2a: Hoopa\n|-hitcount|p2: Hoopa|5\n|\n|upkeep\n|\n|t:|1700665366\n|switch|p2a: Dragonite|Dragonite, M|100\/100\n|turn|18\n|\n|t:|1700665381\n|move|p1a: Maushold|Population Bomb|p2a: Dragonite\n|-damage|p2a: Dragonite|95\/100\n|-damage|p2a: Dragonite|83\/100\n|-damage|p2a: Dragonite|71\/100\n|-damage|p2a: Dragonite|60\/100\n|-damage|p2a: Dragonite|48\/100\n|-damage|p2a: Dragonite|37\/100\n|-crit|p2a: Dragonite\n|-damage|p2a: Dragonite|19\/100\n|-damage|p2a: Dragonite|8\/100\n|-damage|p2a: Dragonite|0 fnt\n|faint|p2a: Dragonite\n|-hitcount|p2: Dragonite|9\n|\n|-fieldend|move: Electric Terrain\n|upkeep\n|\n|t:|1700665398\n|switch|p2a: Tapu Koko|Tapu Koko|100\/100\n|-fieldstart|move: Electric Terrain|[from] ability: Electric Surge|[of] p2a: Tapu Koko\n|turn|19\n|\n|t:|1700665415\n|move|p2a: Tapu Koko|Thunderbolt|p1a: Maushold\n|-damage|p1a: Maushold|0 fnt\n|faint|p1a: Maushold\n|\n|upkeep\n|\n|t:|1700665421\n|switch|p1a: Thundurus|Thundurus, M|70\/100\n|turn|20\n|\n|t:|1700665428\n|switch|p2a: Garchomp|Garchomp, M, tera:Ice|33\/100 psn\n|move|p1a: Thundurus|Eerie Impulse|p2a: Garchomp\n|-unboost|p2a: Garchomp|spa|2\n|\n|-damage|p2a: Garchomp|20\/100 psn|[from] psn\n|upkeep\n|turn|21\n|\n|t:|1700665443\n|-terastallize|p1a: Thundurus|Electric\n|move|p2a: Garchomp|Outrage|p1a: Thundurus\n|-damage|p1a: Thundurus|0 fnt\n|faint|p1a: Thundurus\n|\n|-damage|p2a: Garchomp|8\/100 psn|[from] psn\n|upkeep\n|\n|t:|1700665452\n|switch|p1a: Urshifu|Urshifu-Rapid-Strike, M|46\/100 par\n|turn|22\n|\n|t:|1700665456\n|cant|p1a: Urshifu|par\n|move|p2a: Garchomp|Outrage|p1a: Urshifu|[from]lockedmove\n|-damage|p1a: Urshifu|0 fnt\n|faint|p1a: Urshifu\n|\n|win|slim36936\n|raw|Joey Mojuice's rating: 1215 &rarr; <strong>1189<\/strong><br \/>(-26 for losing)\n|raw|slim36936's rating: 1197 &rarr; <strong>1223<\/strong><br \/>(+26 for winning)\n|l|\u2606Joey Mojuice\n","uploadtime":1700665571,"views":0,"p1id":"joeymojuice","p2id":"slim36936","formatid":"gen9nationaldex","rating":1189,"private":0,"password":""}