{"id":"gen9nationaldex-1992733402","p1":"qiananan","p2":"SupaSeimen","format":"[Gen 9] National Dex","log":"|j|\u2606qiananan\n|j|\u2606SupaSeimen\n|t:|1700230319\n|gametype|singles\n|player|p1|qiananan|caitlin|1521\n|player|p2|SupaSeimen|palmer|1495\n|teamsize|p1|6\n|teamsize|p2|6\n|gen|9\n|tier|[Gen 9] National Dex\n|rated|\n|rule|HP Percentage Mod: HP is shown in percentages\n|rule|Endless Battle Clause: Forcing endless battles is banned\n|rule|OHKO Clause: OHKO moves are banned\n|rule|Evasion Clause: Evasion abilities, items, and moves are banned\n|rule|Evasion Abilities Clause: Evasion abilities are banned\n|rule|Evasion Items Clause: Evasion items are banned\n|rule|Evasion Moves Clause: Evasion moves are banned\n|rule|Species Clause: Limit one of each Pok\u00e9mon\n|rule|Sleep Clause Mod: Limit one foe put to sleep\n|clearpoke\n|poke|p1|Tyranitar, F|\n|poke|p1|Iron Valiant|\n|poke|p1|Moltres|\n|poke|p1|Glimmora, F|\n|poke|p1|Volcanion|\n|poke|p1|Dragonite, F|\n|poke|p2|Ninetales-Alola, F|\n|poke|p2|Toxapex, M|\n|poke|p2|Great Tusk|\n|poke|p2|Hoopa-Unbound|\n|poke|p2|Dragonite, M|\n|poke|p2|Volcarona, F|\n|teampreview\n|j| Sensorydeprivation\n|\n|t:|1700230339\n|start\n|switch|p1a: Psychedelic|Glimmora, F, shiny|100\/100\n|switch|p2a: Toxapex|Toxapex, M|100\/100\n|turn|1\n|\n|t:|1700230347\n|move|p1a: Psychedelic|Earth Power|p2a: Toxapex\n|-supereffective|p2a: Toxapex\n|-damage|p2a: Toxapex|62\/100\n|move|p2a: Toxapex|Scald|p1a: Psychedelic\n|-supereffective|p1a: Psychedelic\n|-damage|p1a: Psychedelic|56\/100\n|\n|-heal|p2a: Toxapex|68\/100|[from] item: Leftovers\n|upkeep\n|turn|2\n|\n|t:|1700230357\n|move|p1a: Psychedelic|Earth Power|p2a: Toxapex\n|-supereffective|p2a: Toxapex\n|-damage|p2a: Toxapex|29\/100\n|move|p2a: Toxapex|Scald|p1a: Psychedelic\n|-supereffective|p1a: Psychedelic\n|-damage|p1a: Psychedelic|14\/100\n|\n|-heal|p2a: Toxapex|35\/100|[from] item: Leftovers\n|upkeep\n|turn|3\n|inactive|Battle timer is ON: inactive players will automatically lose when time's up. (requested by SupaSeimen)\n|\n|t:|1700230374\n|move|p2a: Toxapex|Baneful Bunker|p2a: Toxapex\n|-singleturn|p2a: Toxapex|move: Protect\n|move|p1a: Psychedelic|Earth Power|p2a: Toxapex\n|-activate|p2a: Toxapex|move: Protect\n|\n|-heal|p2a: Toxapex|42\/100|[from] item: Leftovers\n|upkeep\n|turn|4\n|\n|t:|1700230399\n|move|p1a: Psychedelic|Earth Power|p2a: Toxapex\n|-supereffective|p2a: Toxapex\n|-damage|p2a: Toxapex|0 fnt\n|faint|p2a: Toxapex\n|\n|upkeep\n|\n|t:|1700230410\n|switch|p2a: Dragonite|Dragonite, M|100\/100\n|turn|5\n|\n|t:|1700230436\n|switch|p1a: Moltres|Moltres|100\/100\n|move|p2a: Dragonite|Extreme Speed|p1a: Moltres\n|-damage|p1a: Moltres|84\/100\n|\n|upkeep\n|turn|6\n|\n|t:|1700230445\n|move|p1a: Moltres|U-turn|p2a: Dragonite\n|-resisted|p2a: Dragonite\n|-damage|p2a: Dragonite|97\/100\n|\n|t:|1700230449\n|switch|p1a: Volcanion|Volcanion|100\/100|[from] U-turn\n|move|p2a: Dragonite|Curse|p2a: Dragonite\n|-unboost|p2a: Dragonite|spe|1\n|-boost|p2a: Dragonite|atk|1\n|-boost|p2a: Dragonite|def|1\n|\n|upkeep\n|turn|7\n|\n|t:|1700230472\n|move|p1a: Volcanion|Steam Eruption|p2a: Dragonite\n|-resisted|p2a: Dragonite\n|-damage|p2a: Dragonite|76\/100\n|move|p2a: Dragonite|Curse|p2a: Dragonite\n|-unboost|p2a: Dragonite|spe|1\n|-boost|p2a: Dragonite|atk|1\n|-boost|p2a: Dragonite|def|1\n|\n|upkeep\n|turn|8\n|\n|t:|1700230482\n|move|p1a: Volcanion|Steam Eruption|p2a: Dragonite\n|-resisted|p2a: Dragonite\n|-damage|p2a: Dragonite|55\/100\n|-status|p2a: Dragonite|brn\n|move|p2a: Dragonite|Dual Wingbeat|p1a: Volcanion\n|-crit|p1a: Volcanion\n|-damage|p1a: Volcanion|77\/100\n|-damage|p1a: Volcanion|62\/100\n|-hitcount|p1a: Volcanion|2\n|\n|-damage|p2a: Dragonite|49\/100 brn|[from] brn\n|upkeep\n|turn|9\n|\n|t:|1700230498\n|move|p2a: Dragonite|Extreme Speed|p1a: Volcanion\n|-damage|p1a: Volcanion|40\/100\n|move|p1a: Volcanion|Steam Eruption|p2a: Dragonite\n|-resisted|p2a: Dragonite\n|-damage|p2a: Dragonite|30\/100 brn\n|\n|-damage|p2a: Dragonite|24\/100 brn|[from] brn\n|upkeep\n|turn|10\n|inactive|qiananan has 120 seconds left.\n|\n|t:|1700230514\n|move|p1a: Volcanion|Steam Eruption|p2a: Dragonite\n|-resisted|p2a: Dragonite\n|-damage|p2a: Dragonite|2\/100 brn\n|move|p2a: Dragonite|Roost|p2a: Dragonite\n|-heal|p2a: Dragonite|52\/100 brn\n|-singleturn|p2a: Dragonite|move: Roost\n|\n|-damage|p2a: Dragonite|46\/100 brn|[from] brn\n|upkeep\n|turn|11\n|\n|t:|1700230525\n|move|p1a: Volcanion|Fire Blast|p2a: Dragonite\n|-resisted|p2a: Dragonite\n|-damage|p2a: Dragonite|26\/100 brn\n|move|p2a: Dragonite|Roost|p2a: Dragonite\n|-heal|p2a: Dragonite|76\/100 brn\n|-singleturn|p2a: Dragonite|move: Roost\n|\n|-damage|p2a: Dragonite|70\/100 brn|[from] brn\n|upkeep\n|turn|12\n|inactive|qiananan has 120 seconds left.\n|\n|t:|1700230568\n|switch|p1a: Iron Valiant|Iron Valiant, shiny|100\/100\n|move|p2a: Dragonite|Roost|p2a: Dragonite\n|-heal|p2a: Dragonite|100\/100 brn\n|-singleturn|p2a: Dragonite|move: Roost\n|\n|-damage|p2a: Dragonite|94\/100 brn|[from] brn\n|upkeep\n|turn|13\n|\n|t:|1700230578\n|move|p1a: Iron Valiant|Moonblast|p2a: Dragonite\n|-supereffective|p2a: Dragonite\n|-damage|p2a: Dragonite|12\/100 brn\n|move|p2a: Dragonite|Dual Wingbeat|p1a: Iron Valiant\n|-supereffective|p1a: Iron Valiant\n|-damage|p1a: Iron Valiant|59\/100\n|-supereffective|p1a: Iron Valiant\n|-damage|p1a: Iron Valiant|11\/100\n|-hitcount|p1a: Iron Valiant|2\n|\n|-damage|p2a: Dragonite|6\/100 brn|[from] brn\n|upkeep\n|turn|14\n|\n|t:|1700230589\n|-end|p1a: Iron Valiant|Quark Drive|[silent]\n|switch|p1a: Moltres|Moltres|84\/100\n|move|p2a: Dragonite|Extreme Speed|p1a: Moltres\n|-damage|p1a: Moltres|67\/100\n|\n|-damage|p2a: Dragonite|0 fnt|[from] brn\n|faint|p2a: Dragonite\n|upkeep\n|\n|t:|1700230599\n|switch|p2a: Ninetales|Ninetales-Alola, F|100\/100\n|-weather|Snow|[from] ability: Snow Warning|[of] p2a: Ninetales\n|turn|15\n|inactive|qiananan has 120 seconds left.\n|\n|t:|1700230608\n|move|p2a: Ninetales|Aurora Veil|p2a: Ninetales\n|-sidestart|p2: SupaSeimen|move: Aurora Veil\n|move|p1a: Moltres|Flamethrower|p2a: Ninetales\n|-supereffective|p2a: Ninetales\n|-damage|p2a: Ninetales|60\/100\n|-status|p2a: Ninetales|brn\n|\n|-weather|Snow|[upkeep]\n|-damage|p2a: Ninetales|54\/100 brn|[from] brn\n|upkeep\n|turn|16\n|\n|t:|1700230628\n|switch|p2a: Hoopa|Hoopa-Unbound|100\/100\n|move|p1a: Moltres|Defog|p2a: Hoopa\n|-unboost|p2a: Hoopa|evasion|1\n|-sideend|p2: SupaSeimen|move: Aurora Veil\n|\n|-weather|Snow|[upkeep]\n|upkeep\n|turn|17\n|inactive|qiananan has 120 seconds left.\n|\n|t:|1700230644\n|move|p2a: Hoopa|Thunderbolt|p1a: Moltres\n|-supereffective|p1a: Moltres\n|-damage|p1a: Moltres|0 fnt\n|faint|p1a: Moltres\n|\n|-weather|Snow|[upkeep]\n|upkeep\n|\n|t:|1700230647\n|switch|p1a: Tyranitar|Tyranitar, F|100\/100\n|-weather|Sandstorm|[from] ability: Sand Stream|[of] p1a: Tyranitar\n|turn|18\n|\n|t:|1700230656\n|switch|p2a: Great Tusk|Great Tusk|100\/100\n|detailschange|p1a: Tyranitar|Tyranitar-Mega, F\n|-mega|p1a: Tyranitar|Tyranitar|Tyranitarite\n|move|p1a: Tyranitar|Knock Off|p2a: Great Tusk\n|-resisted|p2a: Great Tusk\n|-damage|p2a: Great Tusk|85\/100\n|-enditem|p2a: Great Tusk|Leftovers|[from] move: Knock Off|[of] p1a: Tyranitar\n|\n|-weather|Sandstorm|[upkeep]\n|upkeep\n|turn|19\n|\n|t:|1700230678\n|switch|p1a: Psychedelic|Glimmora, F, shiny|14\/100\n|move|p2a: Great Tusk|Earthquake|p1a: Psychedelic\n|-supereffective|p1a: Psychedelic\n|-damage|p1a: Psychedelic|0 fnt\n|-activate|p1a: Psychedelic|ability: Toxic Debris\n|-sidestart|p2: SupaSeimen|move: Toxic Spikes\n|faint|p1a: Psychedelic\n|\n|-weather|Sandstorm|[upkeep]\n|upkeep\n|\n|t:|1700230687\n|switch|p1a: Iron Valiant|Iron Valiant, shiny|11\/100\n|turn|20\n|\n|t:|1700230708\n|-end|p2a: Great Tusk|Protosynthesis|[silent]\n|switch|p2a: Volcarona|Volcarona, F|100\/100\n|move|p1a: Iron Valiant|Moonblast|p2a: Volcarona\n|-resisted|p2a: Volcarona\n|-damage|p2a: Volcarona|61\/100\n|\n|-weather|Sandstorm|[upkeep]\n|-damage|p1a: Iron Valiant|4\/100|[from] Sandstorm\n|-damage|p2a: Volcarona|55\/100|[from] Sandstorm\n|upkeep\n|turn|21\n|inactive|qiananan has 120 seconds left.\n|\n|t:|1700230735\n|-end|p1a: Iron Valiant|Quark Drive|[silent]\n|switch|p1a: Tyranitar|Tyranitar-Mega, F|100\/100\n|move|p2a: Volcarona|Quiver Dance|p2a: Volcarona\n|-boost|p2a: Volcarona|spa|1\n|-boost|p2a: Volcarona|spd|1\n|-boost|p2a: Volcarona|spe|1\n|\n|-weather|Sandstorm|[upkeep]\n|-damage|p2a: Volcarona|49\/100|[from] Sandstorm\n|upkeep\n|turn|22\n|inactive|qiananan has 120 seconds left.\n|\n|t:|1700230754\n|-terastallize|p2a: Volcarona|Steel\n|move|p2a: Volcarona|Quiver Dance|p2a: Volcarona\n|-boost|p2a: Volcarona|spa|1\n|-boost|p2a: Volcarona|spd|1\n|-boost|p2a: Volcarona|spe|1\n|move|p1a: Tyranitar|Earthquake|p2a: Volcarona\n|-supereffective|p2a: Volcarona\n|-damage|p2a: Volcarona|0 fnt\n|faint|p2a: Volcarona\n|\n|-weather|none\n|upkeep\n|\n|t:|1700230766\n|switch|p2a: Ninetales|Ninetales-Alola, F|54\/100 brn\n|-weather|Snow|[from] ability: Snow Warning|[of] p2a: Ninetales\n|turn|23\n|inactive|qiananan has 120 seconds left.\n|inactive|qiananan has 90 seconds left.\n|\n|t:|1700230822\n|switch|p1a: Volcanion|Volcanion|40\/100\n|move|p2a: Ninetales|Aurora Veil|p2a: Ninetales\n|-sidestart|p2: SupaSeimen|move: Aurora Veil\n|\n|-weather|Snow|[upkeep]\n|-damage|p2a: Ninetales|48\/100 brn|[from] brn\n|upkeep\n|turn|24\n|\n|t:|1700230836\n|switch|p2a: Hoopa|Hoopa-Unbound|100\/100\n|-status|p2a: Hoopa|psn\n|move|p1a: Volcanion|Defog|p2a: Hoopa\n|-unboost|p2a: Hoopa|evasion|1\n|-sideend|p2: SupaSeimen|move: Aurora Veil\n|-sideend|p2: SupaSeimen|Toxic Spikes|[from] move: Defog|[of] p1a: Volcanion\n|\n|-weather|Snow|[upkeep]\n|-damage|p2a: Hoopa|88\/100 psn|[from] psn\n|upkeep\n|turn|25\n|inactive|qiananan has 90 seconds left.\n|\n|t:|1700230856\n|move|p2a: Hoopa|Dark Pulse|p1a: Volcanion\n|-damage|p1a: Volcanion|0 fnt\n|faint|p1a: Volcanion\n|\n|-weather|Snow|[upkeep]\n|-damage|p2a: Hoopa|76\/100 psn|[from] psn\n|upkeep\n|\n|t:|1700230861\n|switch|p1a: Iron Valiant|Iron Valiant, shiny|4\/100\n|turn|26\n|\n|t:|1700230867\n|move|p2a: Hoopa|Dark Pulse|p1a: Iron Valiant\n|-resisted|p1a: Iron Valiant\n|-damage|p1a: Iron Valiant|0 fnt\n|faint|p1a: Iron Valiant\n|-end|p1a: Iron Valiant|Quark Drive|[silent]\n|\n|-weather|Snow|[upkeep]\n|-damage|p2a: Hoopa|64\/100 psn|[from] psn\n|upkeep\n|\n|t:|1700230873\n|switch|p1a: Tyranitar|Tyranitar-Mega, F|100\/100\n|-weather|Sandstorm|[from] ability: Sand Stream|[of] p1a: Tyranitar\n|turn|27\n|\n|t:|1700230879\n|-activate|p2a: Hoopa|move: Pursuit\n|move|p1a: Tyranitar|Pursuit|p2a: Hoopa|[from]Pursuit\n|-crit|p2a: Hoopa\n|-damage|p2a: Hoopa|0 fnt\n|faint|p2a: Hoopa\n|-hint|A Pokemon can't switch between when it runs out of HP and when it faints\n|\n|-weather|Sandstorm|[upkeep]\n|upkeep\n|\n|t:|1700230888\n|switch|p2a: Ninetales|Ninetales-Alola, F|48\/100 brn\n|-weather|Snow|[from] ability: Snow Warning|[of] p2a: Ninetales\n|turn|28\n|l| Sensorydeprivation\n|inactive|qiananan has 120 seconds left.\n|\n|t:|1700230896\n|move|p2a: Ninetales|Encore|p1a: Tyranitar\n|-start|p1a: Tyranitar|Encore\n|move|p1a: Tyranitar|Pursuit|p2a: Ninetales\n|-resisted|p2a: Ninetales\n|-crit|p2a: Ninetales\n|-damage|p2a: Ninetales|33\/100 brn\n|\n|-weather|Snow|[upkeep]\n|-damage|p2a: Ninetales|27\/100 brn|[from] brn\n|upkeep\n|turn|29\n|\n|t:|1700230905\n|switch|p1a: Dragonite|Dragonite, F|100\/100\n|move|p2a: Ninetales|Aurora Veil|p2a: Ninetales\n|-sidestart|p2: SupaSeimen|move: Aurora Veil\n|\n|-weather|Snow|[upkeep]\n|-damage|p2a: Ninetales|21\/100 brn|[from] brn\n|upkeep\n|turn|30\n|\n|t:|1700230914\n|switch|p1a: Tyranitar|Tyranitar-Mega, F|100\/100\n|-weather|Sandstorm|[from] ability: Sand Stream|[of] p1a: Tyranitar\n|move|p2a: Ninetales|Blizzard|p1a: Tyranitar\n|-damage|p1a: Tyranitar|85\/100\n|\n|-weather|Sandstorm|[upkeep]\n|-damage|p2a: Ninetales|15\/100 brn|[from] Sandstorm\n|-damage|p2a: Ninetales|9\/100 brn|[from] brn\n|upkeep\n|turn|31\n|\n|t:|1700230936\n|move|p2a: Ninetales|Heal Bell|p2a: Ninetales\n|-activate|p2a: Ninetales|move: Heal Bell\n|-curestatus|p2a: Ninetales|brn|[msg]\n|move|p1a: Tyranitar|Ice Punch|p2a: Ninetales\n|-resisted|p2a: Ninetales\n|-damage|p2a: Ninetales|0 fnt\n|faint|p2a: Ninetales\n|\n|-weather|Sandstorm|[upkeep]\n|upkeep\n|\n|t:|1700230946\n|switch|p2a: Great Tusk|Great Tusk|85\/100\n|turn|32\n|\n|t:|1700230954\n|move|p2a: Great Tusk|Stealth Rock|p1a: Tyranitar\n|-sidestart|p1: qiananan|move: Stealth Rock\n|move|p1a: Tyranitar|Ice Punch|p2a: Great Tusk\n|-supereffective|p2a: Great Tusk\n|-damage|p2a: Great Tusk|69\/100\n|-status|p2a: Great Tusk|frz\n|\n|-weather|Sandstorm|[upkeep]\n|upkeep\n|turn|33\n|\n|t:|1700230963\n|switch|p1a: Dragonite|Dragonite, F|100\/100\n|-damage|p1a: Dragonite|76\/100|[from] Stealth Rock\n|cant|p2a: Great Tusk|frz\n|\n|-weather|Sandstorm|[upkeep]\n|-damage|p1a: Dragonite|70\/100|[from] Sandstorm\n|upkeep\n|turn|34\n|\n|t:|1700230972\n|move|p1a: Dragonite|Ice Spinner|p2a: Great Tusk\n|-supereffective|p2a: Great Tusk\n|-crit|p2a: Great Tusk\n|-damage|p2a: Great Tusk|1\/100 frz\n|cant|p2a: Great Tusk|frz\n|\n|-weather|none\n|upkeep\n|turn|35\n|-message|SupaSeimen forfeited.\n|\n|win|qiananan\n|raw|qiananan's rating: 1521 &rarr; <strong>1540<\/strong><br \/>(+19 for winning)\n|raw|SupaSeimen's rating: 1495 &rarr; <strong>1476<\/strong><br \/>(-19 for losing)\n|l|\u2606SupaSeimen\n","uploadtime":1700231025,"views":8,"p1id":"qiananan","p2id":"supaseimen","formatid":"gen9nationaldex","rating":1476,"private":0,"password":""}