{"id":"gen9nationaldex-1989374319","p1":"abigolname","p2":"RetroAkabane","format":"[Gen 9] National Dex","log":"|j|\u2606abigolname\n|j|\u2606RetroAkabane\n|t:|1699842267\n|gametype|singles\n|player|p1|abigolname|ingo|1427\n|player|p2|RetroAkabane|265|1417\n|teamsize|p1|6\n|teamsize|p2|6\n|gen|9\n|tier|[Gen 9] National Dex\n|rated|\n|rule|HP Percentage Mod: HP is shown in percentages\n|rule|Endless Battle Clause: Forcing endless battles is banned\n|rule|OHKO Clause: OHKO moves are banned\n|rule|Evasion Clause: Evasion abilities, items, and moves are banned\n|rule|Evasion Abilities Clause: Evasion abilities are banned\n|rule|Evasion Items Clause: Evasion items are banned\n|rule|Evasion Moves Clause: Evasion moves are banned\n|rule|Species Clause: Limit one of each Pok\u00e9mon\n|rule|Sleep Clause Mod: Limit one foe put to sleep\n|clearpoke\n|poke|p1|Reuniclus, F|\n|poke|p1|Flygon, M|\n|poke|p1|Excadrill, M|\n|poke|p1|Tornadus-Therian, M|\n|poke|p1|Tyranitar, F|\n|poke|p1|Greninja-*, M|\n|poke|p2|Toxapex, M|\n|poke|p2|Cinderace, M|\n|poke|p2|Iron Valiant|\n|poke|p2|Blissey, F|\n|poke|p2|Pinsir, F|\n|poke|p2|Tapu Koko|\n|teampreview\n|\n|t:|1699842276\n|start\n|switch|p1a: Tyranitar|Tyranitar, F|100\/100\n|switch|p2a: Tapu Koko|Tapu Koko, shiny|100\/100\n|-fieldstart|move: Electric Terrain|[from] ability: Electric Surge|[of] p2a: Tapu Koko\n|-weather|Sandstorm|[from] ability: Sand Stream|[of] p1a: Tyranitar\n|turn|1\n|inactive|Battle timer is ON: inactive players will automatically lose when time's up. (requested by abigolname)\n|\n|t:|1699842282\n|move|p2a: Tapu Koko|Volt Switch|p1a: Tyranitar\n|-damage|p1a: Tyranitar|71\/100\n|\n|t:|1699842287\n|switch|p2a: Iron Valiant|Iron Valiant|100\/100|[from] Volt Switch\n|-activate|p2a: Iron Valiant|ability: Quark Drive\n|-start|p2a: Iron Valiant|quarkdrivespe\n|move|p1a: Tyranitar|Stealth Rock|p2a: Iron Valiant\n|-sidestart|p2: RetroAkabane|move: Stealth Rock\n|\n|-weather|Sandstorm|[upkeep]\n|-damage|p2a: Iron Valiant|94\/100|[from] Sandstorm\n|upkeep\n|turn|2\n|\n|t:|1699842294\n|move|p2a: Iron Valiant|Close Combat|p1a: Tyranitar\n|-supereffective|p1a: Tyranitar\n|-enditem|p1a: Tyranitar|Chople Berry|[eat]\n|-enditem|p1a: Tyranitar|Chople Berry|[weaken]\n|-damage|p1a: Tyranitar|0 fnt\n|-unboost|p2a: Iron Valiant|def|1\n|-unboost|p2a: Iron Valiant|spd|1\n|faint|p1a: Tyranitar\n|\n|-weather|Sandstorm|[upkeep]\n|-damage|p2a: Iron Valiant|88\/100|[from] Sandstorm\n|upkeep\n|\n|t:|1699842306\n|switch|p1a: Greninja|Greninja, M|100\/100\n|turn|3\n|\n|t:|1699842333\n|move|p2a: Iron Valiant|Moonblast|p1a: Greninja\n|-supereffective|p1a: Greninja\n|-damage|p1a: Greninja|0 fnt\n|faint|p1a: Greninja\n|\n|-weather|Sandstorm|[upkeep]\n|-damage|p2a: Iron Valiant|82\/100|[from] Sandstorm\n|upkeep\n|\n|t:|1699842339\n|switch|p1a: Excadrill|Excadrill, M|100\/100\n|turn|4\n|\n|t:|1699842344\n|move|p1a: Excadrill|Iron Head|p2a: Iron Valiant\n|-supereffective|p2a: Iron Valiant\n|-damage|p2a: Iron Valiant|0 fnt\n|faint|p2a: Iron Valiant\n|-end|p2a: Iron Valiant|Quark Drive|[silent]\n|\n|-weather|Sandstorm|[upkeep]\n|upkeep\n|\n|t:|1699842365\n|switch|p2a: Toxapex|Toxapex, M|100\/100\n|-damage|p2a: Toxapex|88\/100|[from] Stealth Rock\n|turn|5\n|\n|t:|1699842373\n|switch|p1a: Reuniclus|Reuniclus, F|100\/100\n|-terastallize|p2a: Toxapex|Dragon\n|move|p2a: Toxapex|Scald|p1a: Reuniclus\n|-damage|p1a: Reuniclus|89\/100\n|\n|-weather|none\n|-heal|p2a: Toxapex|94\/100|[from] item: Leftovers\n|-heal|p1a: Reuniclus|95\/100|[from] item: Leftovers\n|-fieldend|move: Electric Terrain\n|upkeep\n|turn|6\n|\n|t:|1699842384\n|move|p2a: Toxapex|Toxic|p1a: Reuniclus\n|-status|p1a: Reuniclus|tox\n|move|p1a: Reuniclus|Acid Armor|p1a: Reuniclus\n|-boost|p1a: Reuniclus|def|2\n|\n|-heal|p2a: Toxapex|100\/100|[from] item: Leftovers\n|-heal|p1a: Reuniclus|100\/100 tox|[from] item: Leftovers\n|upkeep\n|turn|7\n|\n|t:|1699842391\n|move|p2a: Toxapex|Haze|p2a: Toxapex\n|-clearallboost\n|move|p1a: Reuniclus|Calm Mind|p1a: Reuniclus\n|-boost|p1a: Reuniclus|spa|1\n|-boost|p1a: Reuniclus|spd|1\n|\n|upkeep\n|turn|8\n|\n|t:|1699842406\n|switch|p1a: Tornadus|Tornadus-Therian, M|100\/100\n|move|p2a: Toxapex|Haze|p2a: Toxapex\n|-clearallboost\n|\n|upkeep\n|turn|9\n|\n|t:|1699842411\n|switch|p2a: Blissey|Blissey, F|100\/100\n|move|p1a: Tornadus|Taunt|p2a: Blissey\n|-start|p2a: Blissey|move: Taunt\n|\n|upkeep\n|turn|10\n|\n|t:|1699842415\n|move|p1a: Tornadus|Sandstorm|p1a: Tornadus\n|-weather|Sandstorm\n|move|p2a: Blissey|Seismic Toss|p1a: Tornadus\n|-damage|p1a: Tornadus|73\/100\n|\n|-weather|Sandstorm|[upkeep]\n|-damage|p1a: Tornadus|67\/100|[from] Sandstorm\n|-damage|p2a: Blissey|94\/100|[from] Sandstorm\n|upkeep\n|turn|11\n|\n|t:|1699842418\n|move|p1a: Tornadus|U-turn|p2a: Blissey\n|-damage|p2a: Blissey|81\/100\n|\n|t:|1699842420\n|switch|p1a: Excadrill|Excadrill, M|100\/100|[from] U-turn\n|move|p2a: Blissey|Seismic Toss|p1a: Excadrill\n|-damage|p1a: Excadrill|73\/100\n|\n|-weather|Sandstorm|[upkeep]\n|-damage|p2a: Blissey|75\/100|[from] Sandstorm\n|-end|p2a: Blissey|move: Taunt\n|upkeep\n|turn|12\n|\n|t:|1699842430\n|move|p1a: Excadrill|Iron Head|p2a: Blissey\n|-damage|p2a: Blissey|33\/100\n|move|p2a: Blissey|Seismic Toss|p1a: Excadrill\n|-damage|p1a: Excadrill|45\/100\n|\n|-weather|Sandstorm|[upkeep]\n|-damage|p2a: Blissey|27\/100|[from] Sandstorm\n|upkeep\n|turn|13\n|inactive|RetroAkabane has 120 seconds left.\n|\n|t:|1699842462\n|move|p1a: Excadrill|Iron Head|p2a: Blissey\n|-damage|p2a: Blissey|0 fnt\n|faint|p2a: Blissey\n|\n|-weather|Sandstorm|[upkeep]\n|upkeep\n|\n|t:|1699842467\n|switch|p2a: Toxapex|Toxapex, M, tera:Dragon|100\/100\n|-damage|p2a: Toxapex|88\/100|[from] Stealth Rock\n|turn|14\n|\n|t:|1699842474\n|switch|p1a: Reuniclus|Reuniclus, F|100\/100 tox\n|move|p2a: Toxapex|Scald|p1a: Reuniclus\n|-damage|p1a: Reuniclus|89\/100 tox\n|\n|-weather|Sandstorm|[upkeep]\n|-damage|p2a: Toxapex|82\/100|[from] Sandstorm\n|-heal|p2a: Toxapex|88\/100|[from] item: Leftovers\n|-heal|p1a: Reuniclus|95\/100 tox|[from] item: Leftovers\n|upkeep\n|turn|15\n|\n|t:|1699842486\n|move|p2a: Toxapex|Haze|p2a: Toxapex\n|-clearallboost\n|move|p1a: Reuniclus|Acid Armor|p1a: Reuniclus\n|-boost|p1a: Reuniclus|def|2\n|\n|-weather|Sandstorm|[upkeep]\n|-damage|p2a: Toxapex|82\/100|[from] Sandstorm\n|-heal|p2a: Toxapex|88\/100|[from] item: Leftovers\n|-heal|p1a: Reuniclus|100\/100 tox|[from] item: Leftovers\n|upkeep\n|turn|16\n|\n|t:|1699842495\n|move|p2a: Toxapex|Haze|p2a: Toxapex\n|-clearallboost\n|move|p1a: Reuniclus|Stored Power|p2a: Toxapex\n|-damage|p2a: Toxapex|81\/100\n|\n|-weather|Sandstorm|[upkeep]\n|-damage|p2a: Toxapex|75\/100|[from] Sandstorm\n|-heal|p2a: Toxapex|81\/100|[from] item: Leftovers\n|upkeep\n|turn|17\n|\n|t:|1699842507\n|switch|p2a: Pinsir|Pinsir, F|100\/100\n|-damage|p2a: Pinsir|76\/100|[from] Stealth Rock\n|move|p1a: Reuniclus|Calm Mind|p1a: Reuniclus\n|-boost|p1a: Reuniclus|spa|1\n|-boost|p1a: Reuniclus|spd|1\n|\n|-weather|none\n|upkeep\n|turn|18\n|\n|t:|1699842520\n|detailschange|p2a: Pinsir|Pinsir-Mega, F\n|-mega|p2a: Pinsir|Pinsir|Pinsirite\n|-terastallize|p1a: Reuniclus|Poison\n|move|p2a: Pinsir|Return|p1a: Reuniclus\n|-damage|p1a: Reuniclus|38\/100 tox\n|move|p1a: Reuniclus|Acid Armor|p1a: Reuniclus\n|-boost|p1a: Reuniclus|def|2\n|\n|-heal|p1a: Reuniclus|44\/100 tox|[from] item: Leftovers\n|upkeep\n|turn|19\n|\n|t:|1699842527\n|move|p2a: Pinsir|Return|p1a: Reuniclus\n|-damage|p1a: Reuniclus|12\/100 tox\n|move|p1a: Reuniclus|Stored Power|p2a: Pinsir\n|-damage|p2a: Pinsir|0 fnt\n|faint|p2a: Pinsir\n|\n|-heal|p1a: Reuniclus|18\/100 tox|[from] item: Leftovers\n|upkeep\n|\n|t:|1699842532\n|switch|p2a: Tapu Koko|Tapu Koko, shiny|100\/100\n|-damage|p2a: Tapu Koko|88\/100|[from] Stealth Rock\n|-fieldstart|move: Electric Terrain|[from] ability: Electric Surge|[of] p2a: Tapu Koko\n|turn|20\n|\n|t:|1699842542\n|switch|p1a: Excadrill|Excadrill, M|45\/100\n|move|p2a: Tapu Koko|Thunderbolt|p1a: Excadrill\n|-immune|p1a: Excadrill\n|\n|upkeep\n|turn|21\n|\n|t:|1699842555\n|switch|p2a: Toxapex|Toxapex, M, tera:Dragon|100\/100\n|-damage|p2a: Toxapex|88\/100|[from] Stealth Rock\n|move|p1a: Excadrill|Earthquake|p2a: Toxapex\n|-damage|p2a: Toxapex|52\/100\n|\n|-heal|p2a: Toxapex|58\/100|[from] item: Leftovers\n|upkeep\n|turn|22\n|\n|t:|1699842569\n|move|p1a: Excadrill|Earthquake|p2a: Toxapex\n|-damage|p2a: Toxapex|24\/100\n|move|p2a: Toxapex|Scald|p1a: Excadrill\n|-supereffective|p1a: Excadrill\n|-damage|p1a: Excadrill|0 fnt\n|faint|p1a: Excadrill\n|\n|-heal|p2a: Toxapex|30\/100|[from] item: Leftovers\n|upkeep\n|\n|t:|1699842573\n|switch|p1a: Flygon|Flygon, M, shiny|100\/100\n|turn|23\n|\n|t:|1699842585\n|move|p1a: Flygon|Scale Shot|p2a: Toxapex\n|-supereffective|p2a: Toxapex\n|-damage|p2a: Toxapex|16\/100\n|-supereffective|p2a: Toxapex\n|-damage|p2a: Toxapex|1\/100\n|-supereffective|p2a: Toxapex\n|-damage|p2a: Toxapex|0 fnt\n|faint|p2a: Toxapex\n|-hitcount|p2: Toxapex|3\n|-unboost|p1a: Flygon|def|1\n|-boost|p1a: Flygon|spe|1\n|\n|upkeep\n|inactive|RetroAkabane has 120 seconds left.\n|\n|t:|1699842610\n|switch|p2a: Tapu Koko|Tapu Koko, shiny|88\/100\n|-damage|p2a: Tapu Koko|76\/100|[from] Stealth Rock\n|turn|24\n|\n|t:|1699842615\n|move|p1a: Flygon|Earthquake|p2a: Tapu Koko\n|-supereffective|p2a: Tapu Koko\n|-damage|p2a: Tapu Koko|0 fnt\n|faint|p2a: Tapu Koko\n|\n|-fieldend|move: Electric Terrain\n|upkeep\n|\n|t:|1699842622\n|switch|p2a: Cinderace|Cinderace, M|100\/100\n|turn|25\n|\n|t:|1699842626\n|move|p1a: Flygon|Earthquake|p2a: Cinderace\n|-supereffective|p2a: Cinderace\n|-damage|p2a: Cinderace|0 fnt\n|faint|p2a: Cinderace\n|\n|win|abigolname\n|raw|abigolname's rating: 1427 &rarr; <strong>1446<\/strong><br \/>(+19 for winning)\n|raw|RetroAkabane's rating: 1417 &rarr; <strong>1398<\/strong><br \/>(-19 for losing)\n|l|\u2606RetroAkabane\n","uploadtime":1699842635,"views":14,"p1id":"abigolname","p2id":"retroakabane","formatid":"gen9nationaldex","rating":1398,"private":0,"password":""}