{"id":"gen9nationaldex-1994229026","p1":"Agricultural X-ray","p2":"FrostBv","format":"[Gen 9] National Dex","log":"|j|\u2606Agricultural X-ray\n|j|\u2606FrostBv\n|t:|1700421233\n|gametype|singles\n|player|p1|Agricultural X-ray|psychic|1049\n|player|p2|FrostBv|giovanni|1149\n|teamsize|p1|6\n|teamsize|p2|6\n|gen|9\n|tier|[Gen 9] National Dex\n|rated|\n|rule|HP Percentage Mod: HP is shown in percentages\n|rule|Endless Battle Clause: Forcing endless battles is banned\n|rule|OHKO Clause: OHKO moves are banned\n|rule|Evasion Clause: Evasion abilities, items, and moves are banned\n|rule|Evasion Abilities Clause: Evasion abilities are banned\n|rule|Evasion Items Clause: Evasion items are banned\n|rule|Evasion Moves Clause: Evasion moves are banned\n|rule|Species Clause: Limit one of each Pok\u00e9mon\n|rule|Sleep Clause Mod: Limit one foe put to sleep\n|clearpoke\n|poke|p1|Starmie|\n|poke|p1|Glaceon, F|\n|poke|p1|Whimsicott, M|\n|poke|p1|Beheeyem, F|\n|poke|p1|Archeops, F|\n|poke|p1|Durant, M|\n|poke|p2|Rotom-Wash|\n|poke|p2|Clodsire, F|\n|poke|p2|Weavile, F|\n|poke|p2|Samurott-Hisui, M|\n|poke|p2|Garchomp, M|\n|poke|p2|Scrafty, M|\n|teampreview\n|\n|t:|1700421241\n|start\n|switch|p1a: Starmie|Starmie|100\/100\n|switch|p2a: VICTOOOOOOR|Rotom-Wash|100\/100\n|turn|1\n|\n|t:|1700421246\n|move|p1a: Starmie|Meteor Beam||[still]\n|-prepare|p1a: Starmie|Meteor Beam\n|-boost|p1a: Starmie|spa|1\n|-enditem|p1a: Starmie|Power Herb\n|-anim|p1a: Starmie|Meteor Beam|p2a: VICTOOOOOOR\n|-damage|p2a: VICTOOOOOOR|31\/100\n|move|p2a: VICTOOOOOOR|Discharge|p1a: Starmie\n|-supereffective|p1a: Starmie\n|-damage|p1a: Starmie|0 fnt\n|faint|p1a: Starmie\n|\n|-heal|p2a: VICTOOOOOOR|37\/100|[from] item: Leftovers\n|upkeep\n|\n|t:|1700421254\n|switch|p1a: Durant|Durant, M|100\/100\n|turn|2\n|\n|t:|1700421259\n|move|p2a: VICTOOOOOOR|Will-O-Wisp|p1a: Durant|[miss]\n|-miss|p2a: VICTOOOOOOR|p1a: Durant\n|move|p1a: Durant|Agility|p1a: Durant\n|-boost|p1a: Durant|spe|2\n|\n|-heal|p2a: VICTOOOOOOR|43\/100|[from] item: Leftovers\n|upkeep\n|turn|3\n|\n|t:|1700421266\n|move|p1a: Durant|X-Scissor|p2a: VICTOOOOOOR\n|-damage|p2a: VICTOOOOOOR|0 fnt\n|faint|p2a: VICTOOOOOOR\n|\n|upkeep\n|\n|t:|1700421271\n|switch|p2a: Ikar|Clodsire, F|100\/100\n|turn|4\n|\n|t:|1700421277\n|move|p1a: Durant|Iron Head|p2a: Ikar\n|-damage|p2a: Ikar|33\/100\n|move|p2a: Ikar|Yawn|p1a: Durant\n|-start|p1a: Durant|move: Yawn|[of] p2a: Ikar\n|\n|-heal|p2a: Ikar|39\/100|[from] item: Leftovers\n|upkeep\n|turn|5\n|\n|t:|1700421284\n|move|p1a: Durant|Iron Head|p2a: Ikar\n|-crit|p2a: Ikar\n|-damage|p2a: Ikar|0 fnt\n|faint|p2a: Ikar\n|\n|-end|p1a: Durant|move: Yawn|[silent]\n|-status|p1a: Durant|slp\n|upkeep\n|\n|t:|1700421291\n|switch|p2a: za za|Samurott-Hisui, M|100\/100\n|turn|6\n|\n|t:|1700421294\n|cant|p1a: Durant|slp\n|move|p2a: za za|Swords Dance|p2a: za za\n|-boost|p2a: za za|atk|2\n|\n|upkeep\n|turn|7\n|\n|t:|1700421300\n|cant|p1a: Durant|slp\n|move|p2a: za za|Ceaseless Edge|p1a: Durant\n|-damage|p1a: Durant|0 fnt\n|-sidestart|p1: Agricultural X-ray|Spikes\n|faint|p1a: Durant\n|\n|upkeep\n|\n|t:|1700421308\n|switch|p1a: Glaceon|Glaceon, F|100\/100\n|-damage|p1a: Glaceon|88\/100|[from] Spikes\n|turn|8\n|\n|t:|1700421315\n|move|p2a: za za|Aqua Cutter|p1a: Glaceon\n|-damage|p1a: Glaceon|2\/100\n|-enditem|p1a: Glaceon|Aguav Berry|[eat]\n|-heal|p1a: Glaceon|35\/100|[from] item: Aguav Berry\n|move|p1a: Glaceon|Freeze-Dry|p2a: za za\n|-supereffective|p2a: za za\n|-damage|p2a: za za|0 fnt\n|faint|p2a: za za\n|\n|upkeep\n|\n|t:|1700421327\n|switch|p2a: Cholito|Weavile, F|100\/100\n|-ability|p2a: Cholito|Pressure\n|turn|9\n|\n|t:|1700421332\n|move|p2a: Cholito|Poison Jab|p1a: Glaceon\n|-damage|p1a: Glaceon|9\/100\n|-status|p1a: Glaceon|psn\n|move|p1a: Glaceon|Covet|p2a: Cholito\n|-damage|p2a: Cholito|86\/100\n|\n|-damage|p1a: Glaceon|0 fnt|[from] psn\n|faint|p1a: Glaceon\n|upkeep\n|\n|t:|1700421343\n|switch|p1a: Archeops|Archeops, F|100\/100\n|turn|10\n|\n|t:|1700421349\n|move|p2a: Cholito|Triple Axel|p1a: Archeops\n|-supereffective|p1a: Archeops\n|-damage|p1a: Archeops|59\/100\n|-supereffective|p1a: Archeops\n|-damage|p1a: Archeops|0 fnt\n|faint|p1a: Archeops\n|-hitcount|p1: Archeops|2\n|\n|upkeep\n|\n|t:|1700421356\n|switch|p1a: Whimsicott|Whimsicott, M|100\/100\n|turn|11\n|\n|t:|1700421360\n|-zpower|p2a: Cholito\n|move|p2a: Cholito|Acid Downpour|p1a: Whimsicott|[zeffect]\n|-supereffective|p1a: Whimsicott\n|-damage|p1a: Whimsicott|0 fnt\n|faint|p1a: Whimsicott\n|\n|upkeep\n|-message|Agricultural X-ray forfeited.\n|\n|win|FrostBv\n|raw|Agricultural X-ray's rating: 1049 &rarr; <strong>1037<\/strong><br \/>(-12 for losing)\n|raw|FrostBv's rating: 1149 &rarr; <strong>1167<\/strong><br \/>(+18 for winning)\n|l|\u2606Agricultural X-ray\n","uploadtime":1700421371,"views":13,"p1id":"agriculturalxray","p2id":"frostbv","formatid":"gen9nationaldex","rating":1037,"private":0,"password":""}