{"id":"gen9nationaldex-1988156218","p1":"shenye","p2":"snoop dawgz","format":"[Gen 9] National Dex","log":"|j|\u2606shenye\n|j|\u2606snoop dawgz\n|t:|1699676832\n|gametype|singles\n|player|p1|shenye|n|1081\n|player|p2|snoop dawgz|unknown|1041\n|teamsize|p1|6\n|teamsize|p2|6\n|gen|9\n|tier|[Gen 9] National Dex\n|rated|\n|rule|HP Percentage Mod: HP is shown in percentages\n|rule|Endless Battle Clause: Forcing endless battles is banned\n|rule|OHKO Clause: OHKO moves are banned\n|rule|Evasion Clause: Evasion abilities, items, and moves are banned\n|rule|Evasion Abilities Clause: Evasion abilities are banned\n|rule|Evasion Items Clause: Evasion items are banned\n|rule|Evasion Moves Clause: Evasion moves are banned\n|rule|Species Clause: Limit one of each Pok\u00e9mon\n|rule|Sleep Clause Mod: Limit one foe put to sleep\n|clearpoke\n|poke|p1|Dragonite, M|\n|poke|p1|Garchomp, M|\n|poke|p1|Kommo-o, M|\n|poke|p1|Haxorus, M|\n|poke|p1|Hydreigon, M|\n|poke|p1|Latias, F|\n|poke|p2|Drapion, M|\n|poke|p2|Farigiraf, M|\n|poke|p2|Corviknight, F|\n|poke|p2|Glastrier|\n|poke|p2|Hatterene, F|\n|poke|p2|Crabominable, F|\n|teampreview\n|j| Adamanzane\n|inactive|Battle timer is ON: inactive players will automatically lose when time's up. (requested by shenye)\n|\n|t:|1699676856\n|start\n|switch|p1a: Garchomp|Garchomp, M|100\/100\n|switch|p2a: meme|Farigiraf, M|100\/100\n|turn|1\n|\n|t:|1699676865\n|move|p1a: Garchomp|Stealth Rock|p2a: meme\n|-sidestart|p2: snoop dawgz|move: Stealth Rock\n|move|p2a: meme|Nasty Plot|p2a: meme\n|-boost|p2a: meme|spa|2\n|\n|upkeep\n|turn|2\n|\n|t:|1699676874\n|move|p1a: Garchomp|Spikes|p2a: meme\n|-sidestart|p2: snoop dawgz|Spikes\n|move|p2a: meme|Trick Room|p2a: meme\n|-fieldstart|move: Trick Room|[of] p2a: meme\n|\n|upkeep\n|turn|3\n|j| love finchinator\n|\n|t:|1699676901\n|move|p2a: meme|Psyshock|p1a: Garchomp\n|-damage|p1a: Garchomp|23\/100\n|-damage|p2a: meme|91\/100|[from] item: Life Orb\n|move|p1a: Garchomp|Earthquake|p2a: meme\n|-damage|p2a: meme|54\/100\n|\n|upkeep\n|turn|4\n|\n|t:|1699676923\n|move|p2a: meme|Psyshock|p1a: Garchomp\n|-damage|p1a: Garchomp|0 fnt\n|faint|p1a: Garchomp\n|-damage|p2a: meme|44\/100|[from] item: Life Orb\n|\n|upkeep\n|\n|t:|1699676929\n|switch|p1a: Latias|Latias, F|100\/100\n|turn|5\n|\n|t:|1699676944\n|switch|p2a: MLP|Glastrier|100\/100\n|-damage|p2a: MLP|75\/100|[from] Stealth Rock\n|-damage|p2a: MLP|63\/100|[from] Spikes\n|detailschange|p1a: Latias|Latias-Mega, F\n|-mega|p1a: Latias|Latias|Latiasite\n|move|p1a: Latias|Wish|p1a: Latias\n|\n|-heal|p2a: MLP|69\/100|[from] item: Leftovers\n|upkeep\n|turn|6\n|\n|t:|1699676954\n|move|p2a: MLP|Icicle Crash|p1a: Latias\n|-supereffective|p1a: Latias\n|-damage|p1a: Latias|23\/100\n|move|p1a: Latias|Tailwind|p1a: Latias\n|-sidestart|p1: shenye|move: Tailwind\n|\n|-heal|p1a: Latias|73\/100|[from] move: Wish|[wisher] Latias\n|-heal|p2a: MLP|75\/100|[from] item: Leftovers\n|-fieldend|move: Trick Room\n|upkeep\n|turn|7\n|\n|t:|1699676970\n|move|p1a: Latias|Wish|p1a: Latias\n|move|p2a: MLP|Icicle Crash|p1a: Latias\n|-supereffective|p1a: Latias\n|-damage|p1a: Latias|0 fnt\n|faint|p1a: Latias\n|-ability|p2a: MLP|Chilling Neigh|boost\n|-boost|p2a: MLP|atk|1\n|\n|-heal|p2a: MLP|82\/100|[from] item: Leftovers\n|upkeep\n|\n|t:|1699676978\n|switch|p1a: Kommo-o|Kommo-o, M|100\/100\n|turn|8\n|\n|t:|1699676986\n|-zpower|p1a: Kommo-o\n|move|p1a: Kommo-o|Clangorous Soulblaze|p2a: MLP|[zeffect]\n|-damage|p2a: MLP|11\/100\n|-boost|p1a: Kommo-o|atk|1\n|-boost|p1a: Kommo-o|def|1\n|-boost|p1a: Kommo-o|spa|1\n|-boost|p1a: Kommo-o|spd|1\n|-boost|p1a: Kommo-o|spe|1\n|move|p2a: MLP|Icicle Crash|p1a: Kommo-o\n|-supereffective|p1a: Kommo-o\n|-damage|p1a: Kommo-o|12\/100\n|\n|-heal|p1a: Kommo-o|63\/100|[from] move: Wish|[wisher] Latias\n|-heal|p2a: MLP|17\/100|[from] item: Leftovers\n|upkeep\n|turn|9\n|\n|t:|1699677003\n|move|p1a: Kommo-o|Aura Sphere|p2a: MLP\n|-supereffective|p2a: MLP\n|-damage|p2a: MLP|0 fnt\n|faint|p2a: MLP\n|\n|-sideend|p1: shenye|move: Tailwind\n|upkeep\n|\n|t:|1699677009\n|switch|p2a: Janitor|Hatterene, F|100\/100\n|-damage|p2a: Janitor|88\/100|[from] Stealth Rock\n|-damage|p2a: Janitor|76\/100|[from] Spikes\n|turn|10\n|\n|t:|1699677016\n|move|p1a: Kommo-o|Flash Cannon|p2a: Janitor\n|-supereffective|p2a: Janitor\n|-damage|p2a: Janitor|0 fnt\n|faint|p2a: Janitor\n|\n|upkeep\n|\n|t:|1699677021\n|switch|p2a: dirty birty|Corviknight, F|100\/100\n|-damage|p2a: dirty birty|88\/100|[from] Stealth Rock\n|turn|11\n|\n|t:|1699677030\n|move|p1a: Kommo-o|Aura Sphere|p2a: dirty birty\n|-damage|p2a: dirty birty|20\/100\n|move|p2a: dirty birty|Hurricane|p1a: Kommo-o\n|-supereffective|p1a: Kommo-o\n|-damage|p1a: Kommo-o|17\/100\n|-start|p1a: Kommo-o|confusion\n|\n|upkeep\n|turn|12\n|\n|t:|1699677039\n|-activate|p1a: Kommo-o|confusion\n|move|p1a: Kommo-o|Aura Sphere|p2a: dirty birty\n|-damage|p2a: dirty birty|0 fnt\n|faint|p2a: dirty birty\n|\n|upkeep\n|\n|t:|1699677050\n|switch|p2a: citizen snips|Drapion, M|100\/100\n|-damage|p2a: citizen snips|88\/100|[from] Stealth Rock\n|-damage|p2a: citizen snips|76\/100|[from] Spikes\n|turn|13\n|\n|t:|1699677060\n|-activate|p1a: Kommo-o|confusion\n|move|p1a: Kommo-o|Clanging Scales|p2a: citizen snips\n|-damage|p2a: citizen snips|0 fnt\n|faint|p2a: citizen snips\n|-unboost|p1a: Kommo-o|def|1\n|\n|upkeep\n|\n|t:|1699677064\n|switch|p2a: meme|Farigiraf, M|44\/100\n|-damage|p2a: meme|31\/100|[from] Stealth Rock\n|-damage|p2a: meme|19\/100|[from] Spikes\n|turn|14\n|\n|t:|1699677072\n|-activate|p1a: Kommo-o|confusion\n|move|p1a: Kommo-o|Aura Sphere|p2a: meme\n|-crit|p2a: meme\n|-damage|p2a: meme|0 fnt\n|faint|p2a: meme\n|\n|upkeep\n|\n|t:|1699677077\n|switch|p2a: Mr. Krabs|Crabominable, F|100\/100\n|-damage|p2a: Mr. Krabs|88\/100|[from] Stealth Rock\n|-damage|p2a: Mr. Krabs|76\/100|[from] Spikes\n|turn|15\n|\n|t:|1699677085\n|-end|p1a: Kommo-o|confusion\n|move|p1a: Kommo-o|Aura Sphere|p2a: Mr. Krabs\n|-supereffective|p2a: Mr. Krabs\n|-damage|p2a: Mr. Krabs|0 fnt\n|faint|p2a: Mr. Krabs\n|\n|win|shenye\n|raw|shenye's rating: 1081 &rarr; <strong>1106<\/strong><br \/>(+25 for winning)\n|raw|snoop dawgz's rating: 1041 &rarr; <strong>1027<\/strong><br \/>(-14 for losing)\n","uploadtime":1699677106,"views":18,"p1id":"shenye","p2id":"snoopdawgz","formatid":"gen9nationaldex","rating":1027,"private":0,"password":""}