{"id":"gen9nationaldex-1991790422","p1":"Untilted 10","p2":"Nemasilla","format":"[Gen 9] National Dex","log":"|j|\u2606Untilted 10\n|j|\u2606Nemasilla\n|t:|1700117858\n|gametype|singles\n|player|p1|Untilted 10|102|1049\n|player|p2|Nemasilla|bugcatcher-gen4dp|1055\n|teamsize|p1|6\n|teamsize|p2|6\n|gen|9\n|tier|[Gen 9] National Dex\n|rated|\n|rule|HP Percentage Mod: HP is shown in percentages\n|rule|Endless Battle Clause: Forcing endless battles is banned\n|rule|OHKO Clause: OHKO moves are banned\n|rule|Evasion Clause: Evasion abilities, items, and moves are banned\n|rule|Evasion Abilities Clause: Evasion abilities are banned\n|rule|Evasion Items Clause: Evasion items are banned\n|rule|Evasion Moves Clause: Evasion moves are banned\n|rule|Species Clause: Limit one of each Pok\u00e9mon\n|rule|Sleep Clause Mod: Limit one foe put to sleep\n|clearpoke\n|poke|p1|Garchomp, M|\n|poke|p1|Glimmora, M|\n|poke|p1|Dragonite, F|\n|poke|p1|Clodsire, F|\n|poke|p1|Latias, F|\n|poke|p1|Goodra, F|\n|poke|p2|Ribombee, M|\n|poke|p2|Scizor, F|\n|poke|p2|Volcarona, M|\n|poke|p2|Beedrill, F|\n|poke|p2|Buzzwole|\n|poke|p2|Vikavolt, F|\n|teampreview\n|inactive|Battle timer is ON: inactive players will automatically lose when time's up. (requested by Nemasilla)\n|\n|t:|1700117869\n|start\n|switch|p1a: Glimmora|Glimmora, M|100\/100\n|switch|p2a: Buzzwole|Buzzwole, shiny|100\/100\n|turn|1\n|\n|t:|1700117885\n|move|p2a: Buzzwole|Earthquake|p1a: Glimmora\n|-supereffective|p1a: Glimmora\n|-enditem|p1a: Glimmora|Focus Sash\n|-damage|p1a: Glimmora|1\/100\n|-activate|p1a: Glimmora|ability: Toxic Debris\n|-sidestart|p2: Nemasilla|move: Toxic Spikes\n|move|p1a: Glimmora|Mortal Spin|p2a: Buzzwole\n|-damage|p2a: Buzzwole|96\/100\n|-status|p2a: Buzzwole|psn\n|\n|-damage|p2a: Buzzwole|84\/100 psn|[from] psn\n|upkeep\n|turn|2\n|\n|t:|1700117908\n|switch|p1a: Latias|Latias, F|100\/100\n|move|p2a: Buzzwole|Earthquake|p1a: Latias\n|-immune|p1a: Latias|[from] ability: Levitate\n|\n|-damage|p2a: Buzzwole|71\/100 psn|[from] psn\n|upkeep\n|turn|3\n|\n|t:|1700117918\n|switch|p2a: Volcarona|Volcarona, M, shiny|100\/100\n|detailschange|p1a: Latias|Latias-Mega, F\n|-mega|p1a: Latias|Latias|Latiasite\n|move|p1a: Latias|Air Slash|p2a: Volcarona\n|-supereffective|p2a: Volcarona\n|-damage|p2a: Volcarona|37\/100\n|\n|upkeep\n|turn|4\n|\n|t:|1700117929\n|-terastallize|p2a: Volcarona|Dragon\n|move|p2a: Volcarona|Bug Buzz|p1a: Latias\n|-supereffective|p1a: Latias\n|-damage|p1a: Latias|49\/100\n|move|p1a: Latias|Air Slash|p2a: Volcarona\n|-damage|p2a: Volcarona|8\/100\n|\n|upkeep\n|turn|5\n|inactive|Untilted 10 has 120 seconds left.\n|\n|t:|1700117956\n|switch|p1a: Dragonite|Dragonite, F|100\/100\n|move|p2a: Volcarona|Bug Buzz|p1a: Dragonite\n|-resisted|p1a: Dragonite\n|-damage|p1a: Dragonite|91\/100\n|\n|-heal|p1a: Dragonite|97\/100|[from] item: Leftovers\n|upkeep\n|turn|6\n|\n|t:|1700117969\n|switch|p2a: Scizor|Scizor, F|100\/100\n|move|p1a: Dragonite|Extreme Speed|p2a: Scizor\n|-resisted|p2a: Scizor\n|-damage|p2a: Scizor|90\/100\n|-damage|p1a: Dragonite|81\/100|[from] item: Rocky Helmet|[of] p2a: Scizor\n|\n|-heal|p1a: Dragonite|87\/100|[from] item: Leftovers\n|upkeep\n|turn|7\n|inactive|Untilted 10 has 120 seconds left.\n|\n|t:|1700117983\n|move|p1a: Dragonite|Dragon Dance|p1a: Dragonite\n|-boost|p1a: Dragonite|atk|1\n|-boost|p1a: Dragonite|spe|1\n|move|p2a: Scizor|Swords Dance|p2a: Scizor\n|-boost|p2a: Scizor|atk|2\n|\n|-heal|p1a: Dragonite|93\/100|[from] item: Leftovers\n|upkeep\n|turn|8\n|inactive|Untilted 10 has 120 seconds left.\n|\n|t:|1700118005\n|move|p2a: Scizor|Bullet Punch|p1a: Dragonite\n|-damage|p1a: Dragonite|32\/100\n|move|p1a: Dragonite|Dragon Dance|p1a: Dragonite\n|-boost|p1a: Dragonite|atk|1\n|-boost|p1a: Dragonite|spe|1\n|\n|-heal|p1a: Dragonite|39\/100|[from] item: Leftovers\n|upkeep\n|turn|9\n|\n|t:|1700118017\n|move|p1a: Dragonite|Extreme Speed|p2a: Scizor\n|-resisted|p2a: Scizor\n|-crit|p2a: Scizor\n|-damage|p2a: Scizor|58\/100\n|-damage|p1a: Dragonite|22\/100|[from] item: Rocky Helmet|[of] p2a: Scizor\n|move|p2a: Scizor|Bullet Punch|p1a: Dragonite\n|-damage|p1a: Dragonite|0 fnt\n|faint|p1a: Dragonite\n|\n|upkeep\n|inactive|Untilted 10 has 90 seconds left.\n|\n|t:|1700118037\n|switch|p1a: Clodsire|Clodsire, F|100\/100\n|turn|10\n|\n|t:|1700118057\n|move|p2a: Scizor|U-turn|p1a: Clodsire\n|-resisted|p1a: Clodsire\n|-damage|p1a: Clodsire|83\/100\n|\n|t:|1700118059\n|switch|p2a: Beedrill|Beedrill, F|100\/100|[from] U-turn\n|-sideend|p2: Nemasilla|move: Toxic Spikes|[of] p2a: Beedrill\n|move|p1a: Clodsire|Yawn|p2a: Beedrill\n|-start|p2a: Beedrill|move: Yawn|[of] p1a: Clodsire\n|\n|-heal|p1a: Clodsire|89\/100|[from] item: Leftovers\n|upkeep\n|turn|11\n|\n|t:|1700118076\n|detailschange|p2a: Beedrill|Beedrill-Mega, F\n|-mega|p2a: Beedrill|Beedrill|Beedrillite\n|move|p2a: Beedrill|U-turn|p1a: Clodsire\n|-resisted|p1a: Clodsire\n|-damage|p1a: Clodsire|59\/100\n|\n|t:|1700118088\n|switch|p2a: Vikavolt|Vikavolt, F, shiny|100\/100|[from] U-turn\n|move|p1a: Clodsire|Liquidation|p2a: Vikavolt\n|-damage|p2a: Vikavolt|84\/100\n|\n|-heal|p1a: Clodsire|66\/100|[from] item: Leftovers\n|upkeep\n|turn|12\n|inactive|Untilted 10 has 90 seconds left.\n|\n|t:|1700118111\n|switch|p1a: Garchomp|Garchomp, M|100\/100\n|move|p2a: Vikavolt|Energy Ball|p1a: Garchomp\n|-damage|p1a: Garchomp|64\/100\n|\n|upkeep\n|turn|13\n|inactive|Untilted 10 has 90 seconds left.\n|\n|t:|1700118141\n|move|p1a: Garchomp|Swords Dance|p1a: Garchomp\n|-boost|p1a: Garchomp|atk|2\n|move|p2a: Vikavolt|Energy Ball|p1a: Garchomp\n|-damage|p1a: Garchomp|29\/100\n|\n|upkeep\n|turn|14\n|\n|t:|1700118151\n|move|p1a: Garchomp|Poison Jab|p2a: Vikavolt\n|-damage|p2a: Vikavolt|25\/100\n|-status|p2a: Vikavolt|psn\n|move|p2a: Vikavolt|Energy Ball|p1a: Garchomp\n|-damage|p1a: Garchomp|0 fnt\n|faint|p1a: Garchomp\n|\n|-damage|p2a: Vikavolt|12\/100 psn|[from] psn\n|upkeep\n|inactive|Untilted 10 has 90 seconds left.\n|\n|t:|1700118162\n|switch|p1a: Goodra|Goodra, F|100\/100\n|turn|15\n|inactive|Nemasilla has 120 seconds left.\n|\n|t:|1700118193\n|move|p1a: Goodra|Ice Beam|p2a: Vikavolt\n|-damage|p2a: Vikavolt|0 fnt\n|faint|p2a: Vikavolt\n|\n|upkeep\n|\n|t:|1700118201\n|switch|p2a: Buzzwole|Buzzwole, shiny|71\/100 psn\n|turn|16\n|\n|t:|1700118217\n|move|p2a: Buzzwole|Ice Punch|p1a: Goodra\n|-supereffective|p1a: Goodra\n|-damage|p1a: Goodra|23\/100\n|move|p1a: Goodra|Ice Beam|p2a: Buzzwole\n|-damage|p2a: Buzzwole|37\/100 psn\n|\n|-heal|p1a: Goodra|30\/100|[from] item: Leftovers\n|-damage|p2a: Buzzwole|25\/100 psn|[from] psn\n|upkeep\n|turn|17\n|\n|t:|1700118228\n|switch|p1a: Glimmora|Glimmora, M|1\/100\n|move|p2a: Buzzwole|Ice Punch|p1a: Glimmora\n|-damage|p1a: Glimmora|0 fnt\n|-activate|p1a: Glimmora|ability: Toxic Debris\n|-sidestart|p2: Nemasilla|move: Toxic Spikes\n|faint|p1a: Glimmora\n|-ability|p2a: Buzzwole|Beast Boost|boost\n|-boost|p2a: Buzzwole|atk|1\n|\n|-damage|p2a: Buzzwole|13\/100 psn|[from] psn\n|upkeep\n|inactive|Untilted 10 has 90 seconds left.\n|\n|t:|1700118243\n|switch|p1a: Latias|Latias-Mega, F|49\/100\n|turn|18\n|\n|t:|1700118249\n|move|p2a: Buzzwole|Ice Punch|p1a: Latias\n|-supereffective|p1a: Latias\n|-damage|p1a: Latias|0 fnt\n|faint|p1a: Latias\n|-ability|p2a: Buzzwole|Beast Boost|boost\n|-boost|p2a: Buzzwole|atk|1\n|\n|-damage|p2a: Buzzwole|0 fnt|[from] psn\n|faint|p2a: Buzzwole\n|upkeep\n|\n|t:|1700118262\n|switch|p2a: Beedrill|Beedrill-Mega, F|100\/100\n|switch|p1a: Goodra|Goodra, F|30\/100\n|-sideend|p2: Nemasilla|move: Toxic Spikes|[of] p2a: Beedrill\n|turn|19\n|\n|t:|1700118273\n|move|p2a: Beedrill|Poison Jab|p1a: Goodra\n|-damage|p1a: Goodra|0 fnt\n|faint|p1a: Goodra\n|\n|upkeep\n|\n|t:|1700118278\n|switch|p1a: Clodsire|Clodsire, F|66\/100\n|turn|20\n|\n|t:|1700118282\n|move|p2a: Beedrill|Drill Run|p1a: Clodsire\n|-supereffective|p1a: Clodsire\n|-damage|p1a: Clodsire|0 fnt\n|faint|p1a: Clodsire\n|\n|win|Nemasilla\n|raw|Untilted 10's rating: 1049 &rarr; <strong>1032<\/strong><br \/>(-17 for losing)\n|raw|Nemasilla's rating: 1055 &rarr; <strong>1086<\/strong><br \/>(+31 for winning)\n|l|\u2606Untilted 10\n","uploadtime":1700118290,"views":4,"p1id":"untilted10","p2id":"nemasilla","formatid":"gen9nationaldex","rating":1032,"private":0,"password":""}