{"id":"gen9nationaldex-1993053151","p1":"Gfan1954","p2":"leezeypzee","format":"[Gen 9] National Dex","log":"|j|\u2606Gfan1954\n|j|\u2606leezeypzee\n|t:|1700259553\n|gametype|singles\n|player|p1|Gfan1954|acetrainer-gen4dp|1191\n|player|p2|leezeypzee|harlequin|1330\n|teamsize|p1|6\n|teamsize|p2|6\n|gen|9\n|tier|[Gen 9] National Dex\n|rated|\n|rule|HP Percentage Mod: HP is shown in percentages\n|rule|Endless Battle Clause: Forcing endless battles is banned\n|rule|OHKO Clause: OHKO moves are banned\n|rule|Evasion Clause: Evasion abilities, items, and moves are banned\n|rule|Evasion Abilities Clause: Evasion abilities are banned\n|rule|Evasion Items Clause: Evasion items are banned\n|rule|Evasion Moves Clause: Evasion moves are banned\n|rule|Species Clause: Limit one of each Pok\u00e9mon\n|rule|Sleep Clause Mod: Limit one foe put to sleep\n|clearpoke\n|poke|p1|Tapu Koko|\n|poke|p1|Raichu-Alola, M|\n|poke|p1|Sneasler, F|\n|poke|p1|Iron Valiant|\n|poke|p1|Corviknight, M|\n|poke|p1|Zapdos|\n|poke|p2|Ting-Lu|\n|poke|p2|Tapu Lele|\n|poke|p2|Alakazam, M|\n|poke|p2|Cinderace, F|\n|poke|p2|Rotom-Wash|\n|poke|p2|Slowking-Galar, M|\n|teampreview\n|\n|t:|1700259564\n|start\n|switch|p1a: Tapu Koko|Tapu Koko|100\/100\n|switch|p2a: Ting-Lu|Ting-Lu|100\/100\n|-fieldstart|move: Electric Terrain|[from] ability: Electric Surge|[of] p1a: Tapu Koko\n|-ability|p2a: Ting-Lu|Vessel of Ruin\n|turn|1\n|\n|t:|1700259572\n|switch|p2a: Tapu Lele|Tapu Lele|100\/100\n|-fieldstart|move: Psychic Terrain|[from] ability: Psychic Surge|[of] p2a: Tapu Lele\n|move|p1a: Tapu Koko|Grass Knot|p2a: Tapu Lele\n|-damage|p2a: Tapu Lele|90\/100\n|\n|upkeep\n|turn|2\n|\n|t:|1700259581\n|switch|p1a: Corviknight|Corviknight, M|100\/100\n|-ability|p1a: Corviknight|Pressure\n|move|p2a: Tapu Lele|Future Sight|p1a: Corviknight\n|-start|p2a: Tapu Lele|move: Future Sight\n|\n|upkeep\n|turn|3\n|\n|t:|1700259592\n|switch|p2a: Rotom|Rotom-Wash|100\/100\n|move|p1a: Corviknight|U-turn|p2a: Rotom\n|-crit|p2a: Rotom\n|-damage|p2a: Rotom|83\/100\n|\n|t:|1700259597\n|switch|p1a: Tapu Koko|Tapu Koko|100\/100|[from] U-turn\n|-fieldstart|move: Electric Terrain|[from] ability: Electric Surge|[of] p1a: Tapu Koko\n|\n|upkeep\n|turn|4\n|\n|t:|1700259605\n|move|p1a: Tapu Koko|U-turn|p2a: Rotom\n|-damage|p2a: Rotom|71\/100\n|\n|t:|1700259608\n|switch|p1a: Corviknight|Corviknight, M|100\/100|[from] U-turn\n|-ability|p1a: Corviknight|Pressure\n|move|p2a: Rotom|Volt Switch|p1a: Corviknight\n|-supereffective|p1a: Corviknight\n|-damage|p1a: Corviknight|56\/100\n|\n|t:|1700259612\n|switch|p2a: Cinderace|Cinderace, F|100\/100|[from] Volt Switch\n|\n|-end|p1a: Corviknight|move: Future Sight\n|-resisted|p1a: Corviknight\n|-damage|p1a: Corviknight|29\/100\n|upkeep\n|turn|5\n|\n|t:|1700259631\n|switch|p1a: Iron Valiant|Iron Valiant|100\/100\n|-activate|p1a: Iron Valiant|ability: Quark Drive\n|-start|p1a: Iron Valiant|quarkdrivespe\n|move|p2a: Cinderace|U-turn|p1a: Iron Valiant\n|-start|p2a: Cinderace|typechange|Bug|[from] ability: Libero\n|-resisted|p1a: Iron Valiant\n|-damage|p1a: Iron Valiant|84\/100\n|\n|t:|1700259637\n|switch|p2a: Tapu Lele|Tapu Lele|90\/100|[from] U-turn\n|-fieldstart|move: Psychic Terrain|[from] ability: Psychic Surge|[of] p2a: Tapu Lele\n|-end|p1a: Iron Valiant|Quark Drive\n|\n|upkeep\n|turn|6\n|\n|t:|1700259647\n|-end|p1a: Iron Valiant|Quark Drive|[silent]\n|switch|p1a: Tapu Koko|Tapu Koko|100\/100\n|-fieldstart|move: Electric Terrain|[from] ability: Electric Surge|[of] p1a: Tapu Koko\n|move|p2a: Tapu Lele|Future Sight|p1a: Tapu Koko\n|-start|p2a: Tapu Lele|move: Future Sight\n|\n|upkeep\n|turn|7\n|\n|t:|1700259654\n|switch|p2a: Ting-Lu|Ting-Lu|100\/100\n|-ability|p2a: Ting-Lu|Vessel of Ruin\n|move|p1a: Tapu Koko|Thunderbolt|p2a: Ting-Lu\n|-immune|p2a: Ting-Lu\n|\n|upkeep\n|turn|8\n|\n|t:|1700259661\n|move|p1a: Tapu Koko|Grass Knot|p2a: Ting-Lu\n|-supereffective|p2a: Ting-Lu\n|-damage|p2a: Ting-Lu|74\/100\n|move|p2a: Ting-Lu|Stealth Rock|p1a: Tapu Koko\n|-sidestart|p1: Gfan1954|move: Stealth Rock\n|\n|-end|p1a: Tapu Koko|move: Future Sight\n|-damage|p1a: Tapu Koko|32\/100\n|-heal|p2a: Ting-Lu|80\/100|[from] item: Leftovers\n|upkeep\n|turn|9\n|\n|t:|1700259675\n|switch|p2a: Tapu Lele|Tapu Lele|90\/100\n|-fieldstart|move: Psychic Terrain|[from] ability: Psychic Surge|[of] p2a: Tapu Lele\n|move|p1a: Tapu Koko|U-turn|p2a: Tapu Lele\n|-damage|p2a: Tapu Lele|65\/100\n|\n|t:|1700259686\n|switch|p1a: Zapdos|Zapdos|100\/100|[from] U-turn\n|\n|upkeep\n|turn|10\n|\n|t:|1700259692\n|move|p2a: Tapu Lele|Protect|p2a: Tapu Lele\n|-singleturn|p2a: Tapu Lele|Protect\n|move|p1a: Zapdos|Defog|p2a: Tapu Lele\n|-activate|p2a: Tapu Lele|move: Protect\n|\n|upkeep\n|turn|11\n|\n|t:|1700259698\n|move|p2a: Tapu Lele|Future Sight|p1a: Zapdos\n|-start|p2a: Tapu Lele|move: Future Sight\n|move|p1a: Zapdos|Defog|p2a: Tapu Lele\n|-unboost|p2a: Tapu Lele|evasion|1\n|-sideend|p1: Gfan1954|Stealth Rock|[from] move: Defog|[of] p1a: Zapdos\n|-fieldend|move: Psychic Terrain\n|\n|upkeep\n|turn|12\n|\n|t:|1700259704\n|switch|p2a: Ting-Lu|Ting-Lu|80\/100\n|-ability|p2a: Ting-Lu|Vessel of Ruin\n|move|p1a: Zapdos|Volt Switch|p2a: Ting-Lu\n|-immune|p2a: Ting-Lu\n|\n|-heal|p2a: Ting-Lu|86\/100|[from] item: Leftovers\n|upkeep\n|turn|13\n|\n|t:|1700259713\n|move|p1a: Zapdos|Hurricane|p2a: Ting-Lu\n|-damage|p2a: Ting-Lu|68\/100\n|-start|p2a: Ting-Lu|confusion\n|-activate|p2a: Ting-Lu|confusion\n|move|p2a: Ting-Lu|Stealth Rock|p1a: Zapdos\n|-sidestart|p1: Gfan1954|move: Stealth Rock\n|\n|-end|p1a: Zapdos|move: Future Sight\n|-damage|p1a: Zapdos|60\/100\n|-heal|p2a: Ting-Lu|74\/100|[from] item: Leftovers\n|upkeep\n|turn|14\n|\n|t:|1700259727\n|switch|p2a: Rotom|Rotom-Wash|71\/100\n|move|p1a: Zapdos|Defog|p2a: Rotom\n|-unboost|p2a: Rotom|evasion|1\n|-sideend|p1: Gfan1954|Stealth Rock|[from] move: Defog|[of] p1a: Zapdos\n|\n|upkeep\n|turn|15\n|\n|t:|1700259733\n|switch|p1a: Tapu Koko|Tapu Koko|32\/100\n|-fieldstart|move: Electric Terrain|[from] ability: Electric Surge|[of] p1a: Tapu Koko\n|move|p2a: Rotom|Will-O-Wisp|p1a: Tapu Koko\n|-status|p1a: Tapu Koko|brn\n|\n|-damage|p1a: Tapu Koko|26\/100 brn|[from] brn\n|upkeep\n|turn|16\n|\n|t:|1700259742\n|switch|p1a: Sneasler|Sneasler, F|100\/100\n|-enditem|p1a: Sneasler|Electric Seed\n|-boost|p1a: Sneasler|def|1|[from] item: Electric Seed\n|switch|p2a: Tapu Lele|Tapu Lele|65\/100\n|-fieldstart|move: Psychic Terrain|[from] ability: Psychic Surge|[of] p2a: Tapu Lele\n|\n|upkeep\n|turn|17\n|\n|t:|1700259756\n|move|p2a: Tapu Lele|Protect|p2a: Tapu Lele\n|-singleturn|p2a: Tapu Lele|Protect\n|move|p1a: Sneasler|Dire Claw|p2a: Tapu Lele\n|-activate|p2a: Tapu Lele|move: Protect\n|\n|upkeep\n|turn|18\n|\n|t:|1700259763\n|switch|p2a: Slowking|Slowking-Galar, M|100\/100\n|move|p1a: Sneasler|Dire Claw|p2a: Slowking\n|-resisted|p2a: Slowking\n|-damage|p2a: Slowking|74\/100\n|-status|p2a: Slowking|slp\n|\n|upkeep\n|turn|19\n|\n|t:|1700259770\n|switch|p2a: Tapu Lele|Tapu Lele|65\/100\n|move|p1a: Sneasler|Swords Dance|p1a: Sneasler\n|-boost|p1a: Sneasler|atk|2\n|\n|upkeep\n|turn|20\n|\n|t:|1700259780\n|-terastallize|p1a: Sneasler|Flying\n|move|p1a: Sneasler|Acrobatics|p2a: Tapu Lele\n|-damage|p2a: Tapu Lele|0 fnt\n|faint|p2a: Tapu Lele\n|\n|upkeep\n|\n|t:|1700259785\n|switch|p2a: Alakazam|Alakazam, M|100\/100\n|turn|21\n|\n|t:|1700259789\n|move|p1a: Sneasler|Acrobatics|p2a: Alakazam\n|-crit|p2a: Alakazam\n|-enditem|p2a: Alakazam|Focus Sash\n|-damage|p2a: Alakazam|1\/100\n|move|p2a: Alakazam|Expanding Force|p1a: Sneasler\n|-damage|p1a: Sneasler|0 fnt\n|faint|p1a: Sneasler\n|\n|upkeep\n|\n|t:|1700259799\n|switch|p1a: Tapu Koko|Tapu Koko|26\/100 brn\n|-fieldstart|move: Electric Terrain|[from] ability: Electric Surge|[of] p1a: Tapu Koko\n|turn|22\n|\n|t:|1700259804\n|switch|p2a: Ting-Lu|Ting-Lu|74\/100\n|-ability|p2a: Ting-Lu|Vessel of Ruin\n|move|p1a: Tapu Koko|U-turn|p2a: Ting-Lu\n|-supereffective|p2a: Ting-Lu\n|-damage|p2a: Ting-Lu|66\/100\n|\n|t:|1700259812\n|switch|p1a: Raichu|Raichu-Alola, M|100\/100|[from] U-turn\n|\n|-heal|p2a: Ting-Lu|72\/100|[from] item: Leftovers\n|upkeep\n|turn|23\n|\n|t:|1700259822\n|switch|p1a: Corviknight|Corviknight, M|29\/100\n|-ability|p1a: Corviknight|Pressure\n|move|p2a: Ting-Lu|Stealth Rock|p1a: Corviknight\n|-sidestart|p1: Gfan1954|move: Stealth Rock\n|\n|-heal|p2a: Ting-Lu|78\/100|[from] item: Leftovers\n|upkeep\n|turn|24\n|\n|t:|1700259833\n|switch|p2a: Alakazam|Alakazam, M|1\/100\n|move|p1a: Corviknight|Defog|p2a: Alakazam\n|-unboost|p2a: Alakazam|evasion|1\n|-sideend|p1: Gfan1954|Stealth Rock|[from] move: Defog|[of] p1a: Corviknight\n|-fieldend|move: Electric Terrain\n|\n|upkeep\n|turn|25\n|\n|t:|1700259843\n|move|p2a: Alakazam|Expanding Force|p1a: Corviknight\n|-resisted|p1a: Corviknight\n|-damage|p1a: Corviknight|11\/100\n|move|p1a: Corviknight|U-turn|p2a: Alakazam\n|-supereffective|p2a: Alakazam\n|-damage|p2a: Alakazam|0 fnt\n|faint|p2a: Alakazam\n|\n|t:|1700259850\n|switch|p1a: Tapu Koko|Tapu Koko|26\/100 brn|[from] U-turn\n|-fieldstart|move: Electric Terrain|[from] ability: Electric Surge|[of] p1a: Tapu Koko\n|\n|-damage|p1a: Tapu Koko|20\/100 brn|[from] brn\n|upkeep\n|\n|t:|1700259861\n|switch|p2a: Ting-Lu|Ting-Lu|78\/100\n|-ability|p2a: Ting-Lu|Vessel of Ruin\n|turn|26\n|\n|t:|1700259910\n|switch|p2a: Slowking|Slowking-Galar, M|100\/100 slp\n|move|p1a: Tapu Koko|U-turn|p2a: Slowking\n|-damage|p2a: Slowking|91\/100 slp\n|\n|t:|1700259917\n|switch|p1a: Iron Valiant|Iron Valiant|84\/100|[from] U-turn\n|-activate|p1a: Iron Valiant|ability: Quark Drive\n|-start|p1a: Iron Valiant|quarkdrivespe\n|\n|upkeep\n|turn|27\n|\n|t:|1700259932\n|-end|p1a: Iron Valiant|Quark Drive|[silent]\n|switch|p1a: Corviknight|Corviknight, M|11\/100\n|-ability|p1a: Corviknight|Pressure\n|cant|p2a: Slowking|slp\n|\n|upkeep\n|turn|28\n|\n|t:|1700259938\n|move|p1a: Corviknight|Brave Bird|p2a: Slowking\n|-crit|p2a: Slowking\n|-damage|p2a: Slowking|20\/100 slp\n|-damage|p1a: Corviknight|0 fnt|[from] Recoil\n|faint|p1a: Corviknight\n|-curestatus|p2a: Slowking|slp|[msg]\n|move|p2a: Slowking|Chilly Reception|p2a: Slowking\n|-weather|Snow\n|\n|t:|1700259950\n|switch|p2a: Ting-Lu|Ting-Lu|78\/100|[from] Chilly Reception\n|-ability|p2a: Ting-Lu|Vessel of Ruin\n|\n|-weather|Snow|[upkeep]\n|-heal|p2a: Ting-Lu|85\/100|[from] item: Leftovers\n|upkeep\n|\n|t:|1700259958\n|switch|p1a: Iron Valiant|Iron Valiant|84\/100\n|-activate|p1a: Iron Valiant|ability: Quark Drive\n|-start|p1a: Iron Valiant|quarkdrivespe\n|turn|29\n|\n|t:|1700259964\n|switch|p2a: Slowking|Slowking-Galar, M|54\/100\n|move|p1a: Iron Valiant|Close Combat|p2a: Slowking\n|-resisted|p2a: Slowking\n|-damage|p2a: Slowking|36\/100\n|-unboost|p1a: Iron Valiant|def|1\n|-unboost|p1a: Iron Valiant|spd|1\n|\n|-weather|Snow|[upkeep]\n|upkeep\n|turn|30\n|\n|t:|1700259975\n|-end|p1a: Iron Valiant|Quark Drive|[silent]\n|switch|p1a: Raichu|Raichu-Alola, M|100\/100\n|move|p2a: Slowking|Slack Off|p2a: Slowking\n|-heal|p2a: Slowking|86\/100\n|\n|-weather|Snow|[upkeep]\n|upkeep\n|turn|31\n|\n|t:|1700259983\n|switch|p2a: Ting-Lu|Ting-Lu|85\/100\n|-ability|p2a: Ting-Lu|Vessel of Ruin\n|move|p1a: Raichu|Rising Voltage|p2a: Ting-Lu\n|-immune|p2a: Ting-Lu\n|\n|-weather|Snow|[upkeep]\n|-heal|p2a: Ting-Lu|91\/100|[from] item: Leftovers\n|upkeep\n|turn|32\n|\n|t:|1700259997\n|switch|p1a: Zapdos|Zapdos|60\/100\n|move|p2a: Ting-Lu|Stealth Rock|p1a: Zapdos\n|-sidestart|p1: Gfan1954|move: Stealth Rock\n|\n|-weather|none\n|-heal|p2a: Ting-Lu|97\/100|[from] item: Leftovers\n|-fieldend|move: Electric Terrain\n|upkeep\n|turn|33\n|\n|t:|1700260005\n|switch|p2a: Cinderace|Cinderace, F|100\/100\n|move|p1a: Zapdos|Defog|p2a: Cinderace\n|-unboost|p2a: Cinderace|evasion|1\n|-sideend|p1: Gfan1954|Stealth Rock|[from] move: Defog|[of] p1a: Zapdos\n|\n|upkeep\n|turn|34\n|\n|t:|1700260011\n|move|p2a: Cinderace|Pyro Ball|p1a: Zapdos\n|-damage|p1a: Zapdos|0 fnt\n|faint|p1a: Zapdos\n|\n|upkeep\n|\n|t:|1700260015\n|switch|p1a: Tapu Koko|Tapu Koko|20\/100 brn\n|-fieldstart|move: Electric Terrain|[from] ability: Electric Surge|[of] p1a: Tapu Koko\n|turn|35\n|\n|t:|1700260021\n|move|p1a: Tapu Koko|U-turn|p2a: Cinderace\n|-resisted|p2a: Cinderace\n|-damage|p2a: Cinderace|95\/100\n|\n|t:|1700260026\n|switch|p1a: Iron Valiant|Iron Valiant|84\/100|[from] U-turn\n|-activate|p1a: Iron Valiant|ability: Quark Drive\n|-start|p1a: Iron Valiant|quarkdrivespe\n|move|p2a: Cinderace|Pyro Ball|p1a: Iron Valiant\n|-damage|p1a: Iron Valiant|0 fnt\n|faint|p1a: Iron Valiant\n|-end|p1a: Iron Valiant|Quark Drive|[silent]\n|\n|upkeep\n|\n|t:|1700260033\n|switch|p1a: Raichu|Raichu-Alola, M|100\/100\n|turn|36\n|\n|t:|1700260043\n|switch|p2a: Ting-Lu|Ting-Lu|97\/100\n|-ability|p2a: Ting-Lu|Vessel of Ruin\n|move|p1a: Raichu|Grass Knot|p2a: Ting-Lu\n|-supereffective|p2a: Ting-Lu\n|-damage|p2a: Ting-Lu|71\/100\n|\n|-heal|p2a: Ting-Lu|77\/100|[from] item: Leftovers\n|upkeep\n|turn|37\n|-message|Gfan1954 forfeited.\n|\n|win|leezeypzee\n|raw|Gfan1954's rating: 1191 &rarr; <strong>1176<\/strong><br \/>(-15 for losing)\n|raw|leezeypzee's rating: 1330 &rarr; <strong>1342<\/strong><br \/>(+12 for winning)\n|l|\u2606Gfan1954\n","uploadtime":1700260068,"views":24,"p1id":"gfan1954","p2id":"leezeypzee","formatid":"gen9nationaldex","rating":1176,"private":0,"password":""}