{"id":"gen9nationaldex-1999249317","p1":"PhantomXenos","p2":"Venathe","format":"[Gen 9] National Dex","log":"|html|<div class=\"broadcast-blue\"><strong>[Gen 9] National Dex is currently suspecting Sneasler! For information on how to participate check out the <a href=\"https:\/\/www.smogon.com\/forums\/threads\/sv-national-dex-suspect-8-just-dance.3731534\/\">suspect thread<\/a>.<\/strong><\/div>\n|j|\u2606PhantomXenos\n|j|\u2606Venathe\n|t:|1701050607\n|gametype|singles\n|player|p1|PhantomXenos|biker-gen4|\n|player|p2|Venathe|silver|\n|teamsize|p1|6\n|teamsize|p2|6\n|gen|9\n|tier|[Gen 9] National Dex\n|rule|HP Percentage Mod: HP is shown in percentages\n|rule|Endless Battle Clause: Forcing endless battles is banned\n|rule|OHKO Clause: OHKO moves are banned\n|rule|Evasion Clause: Evasion abilities, items, and moves are banned\n|rule|Evasion Abilities Clause: Evasion abilities are banned\n|rule|Evasion Items Clause: Evasion items are banned\n|rule|Evasion Moves Clause: Evasion moves are banned\n|rule|Species Clause: Limit one of each Pok\u00e9mon\n|rule|Sleep Clause Mod: Limit one foe put to sleep\n|clearpoke\n|poke|p1|Sneasler, M|\n|poke|p1|Greninja-*, M|\n|poke|p1|Dragonite, M|\n|poke|p1|Corviknight, F|\n|poke|p1|Medicham, F|\n|poke|p1|Volcarona, M|\n|poke|p2|Hydreigon, M|\n|poke|p2|Dragonite, M|\n|poke|p2|Garchomp, M|\n|poke|p2|Dragalge, F|\n|poke|p2|Salamence, F|\n|poke|p2|Kommo-o, F|\n|teampreview\n|\n|t:|1701050610\n|start\n|switch|p1a: Medicham|Medicham, F, shiny|100\/100\n|switch|p2a: Salamence|Salamence, F|100\/100\n|turn|1\n|\n|t:|1701050615\n|move|p1a: Medicham|Fake Out|p2a: Salamence\n|-damage|p2a: Salamence|80\/100\n|cant|p2a: Salamence|flinch\n|\n|upkeep\n|turn|2\n|\n|t:|1701050626\n|switch|p1a: Volcarona|Volcarona, M, shiny|100\/100\n|move|p2a: Salamence|Dual Wingbeat|p1a: Volcarona\n|-supereffective|p1a: Volcarona\n|-damage|p1a: Volcarona|47\/100\n|-supereffective|p1a: Volcarona\n|-damage|p1a: Volcarona|0 fnt\n|faint|p1a: Volcarona\n|-ability|p2a: Salamence|Moxie|boost\n|-boost|p2a: Salamence|atk|1\n|-hitcount|p1: Volcarona|2\n|\n|upkeep\n|\n|t:|1701050634\n|switch|p1a: Greninja|Greninja, M|100\/100\n|turn|3\n|\n|t:|1701050658\n|switch|p2a: Dragalge|Dragalge, F|100\/100\n|move|p1a: Greninja|Ice Beam|p2a: Dragalge\n|-supereffective|p2a: Dragalge\n|-damage|p2a: Dragalge|44\/100\n|-damage|p1a: Greninja|91\/100|[from] item: Life Orb\n|\n|upkeep\n|turn|4\n|\n|t:|1701050668\n|switch|p1a: Corviknight|Corviknight, F, shiny|100\/100\n|-ability|p1a: Corviknight|Pressure\n|move|p2a: Dragalge|Draco Meteor|p1a: Corviknight|[miss]\n|-miss|p2a: Dragalge|p1a: Corviknight\n|\n|upkeep\n|turn|5\n|\n|t:|1701050676\n|switch|p2a: Kommo-o|Kommo-o, F|100\/100\n|move|p1a: Corviknight|Brave Bird|p2a: Kommo-o\n|-supereffective|p2a: Kommo-o\n|-damage|p2a: Kommo-o|35\/100\n|-damage|p1a: Corviknight|85\/100|[from] Recoil\n|\n|-heal|p1a: Corviknight|91\/100|[from] item: Leftovers\n|upkeep\n|turn|6\n|\n|t:|1701050690\n|move|p2a: Kommo-o|Stealth Rock|p1a: Corviknight\n|-sidestart|p1: PhantomXenos|move: Stealth Rock\n|move|p1a: Corviknight|Brave Bird|p2a: Kommo-o\n|-supereffective|p2a: Kommo-o\n|-damage|p2a: Kommo-o|0 fnt\n|faint|p2a: Kommo-o\n|-damage|p1a: Corviknight|82\/100|[from] Recoil\n|\n|-heal|p1a: Corviknight|88\/100|[from] item: Leftovers\n|upkeep\n|\n|t:|1701050708\n|switch|p2a: Dragonite|Dragonite, M|100\/100\n|turn|7\n|\n|t:|1701050714\n|move|p2a: Dragonite|Dragon Dance|p2a: Dragonite\n|-boost|p2a: Dragonite|atk|1\n|-boost|p2a: Dragonite|spe|1\n|move|p1a: Corviknight|U-turn|p2a: Dragonite\n|-resisted|p2a: Dragonite\n|-damage|p2a: Dragonite|97\/100\n|\n|t:|1701050720\n|switch|p1a: Dragonite|Dragonite, M|100\/100|[from] U-turn\n|\n|upkeep\n|turn|8\n|\n|t:|1701050734\n|move|p2a: Dragonite|Roost|p2a: Dragonite\n|-heal|p2a: Dragonite|100\/100\n|-singleturn|p2a: Dragonite|move: Roost\n|move|p1a: Dragonite|Dragon Claw|p2a: Dragonite\n|-supereffective|p2a: Dragonite\n|-damage|p2a: Dragonite|46\/100\n|\n|upkeep\n|turn|9\n|\n|t:|1701050744\n|switch|p2a: Dragalge|Dragalge, F|44\/100\n|move|p1a: Dragonite|Dragon Claw|p2a: Dragalge\n|-supereffective|p2a: Dragalge\n|-damage|p2a: Dragalge|0 fnt\n|faint|p2a: Dragalge\n|\n|upkeep\n|\n|t:|1701050756\n|switch|p2a: Salamence|Salamence, F|80\/100\n|turn|10\n|\n|t:|1701050764\n|switch|p1a: Corviknight|Corviknight, F, shiny|88\/100\n|-damage|p1a: Corviknight|76\/100|[from] Stealth Rock\n|-ability|p1a: Corviknight|Pressure\n|move|p2a: Salamence|Outrage|p1a: Corviknight\n|-resisted|p1a: Corviknight\n|-damage|p1a: Corviknight|54\/100\n|\n|-heal|p1a: Corviknight|60\/100|[from] item: Leftovers\n|upkeep\n|turn|11\n|\n|t:|1701050772\n|move|p2a: Salamence|Outrage|p1a: Corviknight|[from]lockedmove\n|-resisted|p1a: Corviknight\n|-damage|p1a: Corviknight|39\/100\n|move|p1a: Corviknight|U-turn|p2a: Salamence\n|-resisted|p2a: Salamence\n|-damage|p2a: Salamence|72\/100\n|\n|t:|1701050781\n|switch|p1a: Medicham|Medicham, F, shiny|100\/100|[from] U-turn\n|-damage|p1a: Medicham|94\/100|[from] Stealth Rock\n|\n|upkeep\n|turn|12\n|\n|t:|1701050785\n|move|p1a: Medicham|Fake Out|p2a: Salamence\n|-damage|p2a: Salamence|50\/100\n|cant|p2a: Salamence|flinch\n|\n|-start|p2a: Salamence|confusion|[fatigue]\n|upkeep\n|-enditem|p2a: Salamence|Lum Berry|[eat]\n|-end|p2a: Salamence|confusion\n|turn|13\n|\n|t:|1701050789\n|switch|p1a: Corviknight|Corviknight, F, shiny|39\/100\n|-damage|p1a: Corviknight|27\/100|[from] Stealth Rock\n|-ability|p1a: Corviknight|Pressure\n|move|p2a: Salamence|Dual Wingbeat|p1a: Corviknight\n|-resisted|p1a: Corviknight\n|-damage|p1a: Corviknight|20\/100\n|-resisted|p1a: Corviknight\n|-damage|p1a: Corviknight|13\/100\n|-hitcount|p1a: Corviknight|2\n|\n|-heal|p1a: Corviknight|19\/100|[from] item: Leftovers\n|upkeep\n|turn|14\n|\n|t:|1701050805\n|move|p2a: Salamence|Outrage|p1a: Corviknight\n|-resisted|p1a: Corviknight\n|-damage|p1a: Corviknight|0 fnt\n|faint|p1a: Corviknight\n|-ability|p2a: Salamence|Moxie|boost\n|-boost|p2a: Salamence|atk|1\n|\n|upkeep\n|\n|t:|1701050808\n|switch|p1a: Medicham|Medicham, F, shiny|94\/100\n|-damage|p1a: Medicham|88\/100|[from] Stealth Rock\n|turn|15\n|\n|t:|1701050814\n|move|p1a: Medicham|Fake Out|p2a: Salamence\n|-damage|p2a: Salamence|30\/100\n|cant|p2a: Salamence|flinch\n|\n|upkeep\n|turn|16\n|\n|t:|1701050821\n|move|p2a: Salamence|Outrage|p1a: Medicham\n|-damage|p1a: Medicham|0 fnt\n|faint|p1a: Medicham\n|-ability|p2a: Salamence|Moxie|boost\n|-boost|p2a: Salamence|atk|1\n|\n|upkeep\n|\n|t:|1701050824\n|switch|p1a: Greninja|Greninja, M|91\/100\n|-damage|p1a: Greninja|78\/100|[from] Stealth Rock\n|turn|17\n|\n|t:|1701050827\n|move|p1a: Greninja|Ice Beam|p2a: Salamence\n|-supereffective|p2a: Salamence\n|-damage|p2a: Salamence|0 fnt\n|faint|p2a: Salamence\n|-ability|p1a: Greninja|Battle Bond|boost\n|-boost|p1a: Greninja|atk|1\n|-boost|p1a: Greninja|spa|1\n|-boost|p1a: Greninja|spe|1\n|-activate|p1a: Greninja|ability: Battle Bond\n|-damage|p1a: Greninja|69\/100|[from] item: Life Orb\n|\n|upkeep\n|\n|t:|1701050836\n|switch|p2a: Garchomp|Garchomp, M|100\/100\n|turn|18\n|\n|t:|1701050839\n|move|p1a: Greninja|Ice Beam|p2a: Garchomp\n|-supereffective|p2a: Garchomp\n|-damage|p2a: Garchomp|0 fnt\n|faint|p2a: Garchomp\n|-damage|p1a: Greninja|59\/100|[from] item: Life Orb\n|\n|upkeep\n|\n|t:|1701050842\n|switch|p2a: Dragonite|Dragonite, M|46\/100\n|turn|19\n|\n|t:|1701050844\n|move|p1a: Greninja|Ice Beam|p2a: Dragonite\n|-supereffective|p2a: Dragonite\n|-damage|p2a: Dragonite|0 fnt\n|faint|p2a: Dragonite\n|-damage|p1a: Greninja|49\/100|[from] item: Life Orb\n|\n|upkeep\n|\n|t:|1701050846\n|switch|p2a: Hydreigon|Hydreigon, M|100\/100\n|turn|20\n|\n|t:|1701050849\n|move|p1a: Greninja|Ice Beam|p2a: Hydreigon\n|-supereffective|p2a: Hydreigon\n|-damage|p2a: Hydreigon|0 fnt\n|faint|p2a: Hydreigon\n|-damage|p1a: Greninja|39\/100|[from] item: Life Orb\n|\n|win|PhantomXenos\n","uploadtime":1701050854,"views":24,"p1id":"phantomxenos","p2id":"venathe","formatid":"gen9nationaldex","rating":0,"private":0,"password":""}