{"id":"gen9nationaldex-1998019780","p1":"NDSNEZTee","p2":"Garry97","format":"[Gen 9] National Dex","log":"|html|<div class=\"broadcast-blue\"><strong>[Gen 9] National Dex is currently suspecting Sneasler! For information on how to participate check out the <a href=\"https:\/\/www.smogon.com\/forums\/threads\/sv-national-dex-suspect-8-just-dance.3731534\/\">suspect thread<\/a>.<\/strong><\/div>\n|j|\u2606NDSNEZTee\n|j|\u2606Garry97\n|t:|1700879788\n|gametype|singles\n|player|p1|NDSNEZTee|unknown|1390\n|player|p2|Garry97|eri|1404\n|teamsize|p1|6\n|teamsize|p2|6\n|gen|9\n|tier|[Gen 9] National Dex\n|rated|\n|rule|HP Percentage Mod: HP is shown in percentages\n|rule|Endless Battle Clause: Forcing endless battles is banned\n|rule|OHKO Clause: OHKO moves are banned\n|rule|Evasion Clause: Evasion abilities, items, and moves are banned\n|rule|Evasion Abilities Clause: Evasion abilities are banned\n|rule|Evasion Items Clause: Evasion items are banned\n|rule|Evasion Moves Clause: Evasion moves are banned\n|rule|Species Clause: Limit one of each Pok\u00e9mon\n|rule|Sleep Clause Mod: Limit one foe put to sleep\n|clearpoke\n|poke|p1|Pelipper, M|\n|poke|p1|Swampert, M|\n|poke|p1|Greninja-*, M|\n|poke|p1|Zapdos|\n|poke|p1|Ferrothorn, M|\n|poke|p1|Ogerpon-Wellspring, F|\n|poke|p2|Lucario, M|\n|poke|p2|Blaziken, M|\n|poke|p2|Aggron, M|\n|poke|p2|Gardevoir, F|\n|poke|p2|Milotic, F|\n|poke|p2|Salamence, M|\n|teampreview\n|\n|t:|1700879820\n|start\n|switch|p1a: Smol Birb|Pelipper, M|100\/100\n|switch|p2a: Pollo Hermano|Blaziken, M|100\/100\n|-weather|RainDance|[from] ability: Drizzle|[of] p1a: Smol Birb\n|turn|1\n|\n|t:|1700879878\n|switch|p1a: Poseidon|Swampert, M|100\/100\n|move|p2a: Pollo Hermano|Stone Edge|p1a: Poseidon\n|-resisted|p1a: Poseidon\n|-damage|p1a: Poseidon|79\/100\n|-damage|p2a: Pollo Hermano|91\/100|[from] item: Life Orb\n|\n|-weather|RainDance|[upkeep]\n|-ability|p2a: Pollo Hermano|Speed Boost|boost\n|-boost|p2a: Pollo Hermano|spe|1\n|upkeep\n|turn|2\n|\n|t:|1700879889\n|detailschange|p1a: Poseidon|Swampert-Mega, M\n|-mega|p1a: Poseidon|Swampert|Swampertite\n|move|p2a: Pollo Hermano|Protect|p2a: Pollo Hermano\n|-singleturn|p2a: Pollo Hermano|Protect\n|move|p1a: Poseidon|Flip Turn|p2a: Pollo Hermano\n|-activate|p2a: Pollo Hermano|move: Protect\n|\n|-weather|RainDance|[upkeep]\n|-ability|p2a: Pollo Hermano|Speed Boost|boost\n|-boost|p2a: Pollo Hermano|spe|1\n|upkeep\n|turn|3\n|\n|t:|1700879899\n|move|p2a: Pollo Hermano|Close Combat|p1a: Poseidon\n|-damage|p1a: Poseidon|5\/100\n|-unboost|p2a: Pollo Hermano|def|1\n|-unboost|p2a: Pollo Hermano|spd|1\n|-damage|p2a: Pollo Hermano|81\/100|[from] item: Life Orb\n|move|p1a: Poseidon|Flip Turn|p2a: Pollo Hermano\n|-supereffective|p2a: Pollo Hermano\n|-damage|p2a: Pollo Hermano|0 fnt\n|faint|p2a: Pollo Hermano\n|\n|t:|1700879920\n|switch|p1a: Big Birb|Zapdos|100\/100|[from] Flip Turn\n|\n|-weather|RainDance|[upkeep]\n|upkeep\n|\n|t:|1700879926\n|switch|p2a: Elena FDEZ|Gardevoir, F|100\/100\n|-ability|p2a: Elena FDEZ|Static|[from] ability: Trace|[of] p1a: Big Birb\n|turn|4\n|\n|t:|1700879930\n|switch|p1a: Nanomachines son|Ferrothorn, M|100\/100\n|move|p2a: Elena FDEZ|Moonblast|p1a: Nanomachines son\n|-resisted|p1a: Nanomachines son\n|-damage|p1a: Nanomachines son|86\/100\n|-unboost|p1a: Nanomachines son|spa|1\n|\n|-weather|RainDance|[upkeep]\n|-heal|p1a: Nanomachines son|92\/100|[from] item: Leftovers\n|upkeep\n|turn|5\n|\n|t:|1700879940\n|switch|p2a: Ogopogo|Milotic, F|100\/100\n|move|p1a: Nanomachines son|Leech Seed|p2a: Ogopogo\n|-start|p2a: Ogopogo|move: Leech Seed\n|\n|-weather|RainDance|[upkeep]\n|-heal|p1a: Nanomachines son|98\/100|[from] item: Leftovers\n|-damage|p2a: Ogopogo|88\/100|[from] Leech Seed|[of] p1a: Nanomachines son\n|-heal|p1a: Nanomachines son|100\/100|[silent]\n|upkeep\n|turn|6\n|\n|t:|1700879950\n|switch|p2a: Reinhardt|Aggron, M|100\/100\n|move|p1a: Nanomachines son|Knock Off|p2a: Reinhardt\n|-damage|p2a: Reinhardt|94\/100\n|\n|-weather|RainDance|[upkeep]\n|upkeep\n|turn|7\n|\n|t:|1700879959\n|detailschange|p2a: Reinhardt|Aggron-Mega, M\n|-mega|p2a: Reinhardt|Aggron|Aggronite\n|move|p2a: Reinhardt|Stealth Rock|p1a: Nanomachines son\n|-sidestart|p1: NDSNEZTee|move: Stealth Rock\n|move|p1a: Nanomachines son|Leech Seed|p2a: Reinhardt\n|-start|p2a: Reinhardt|move: Leech Seed\n|\n|-weather|RainDance|[upkeep]\n|-damage|p2a: Reinhardt|81\/100|[from] Leech Seed|[of] p1a: Nanomachines son\n|upkeep\n|turn|8\n|\n|t:|1700879968\n|switch|p1a: Big Birb|Zapdos|100\/100\n|move|p2a: Reinhardt|Body Press|p1a: Big Birb\n|-resisted|p1a: Big Birb\n|-damage|p1a: Big Birb|75\/100\n|\n|-weather|none\n|-damage|p2a: Reinhardt|69\/100|[from] Leech Seed|[of] p1a: Big Birb\n|-heal|p1a: Big Birb|88\/100|[silent]\n|upkeep\n|turn|9\n|\n|t:|1700879979\n|switch|p2a: Ogopogo|Milotic, F|88\/100\n|move|p1a: Big Birb|Thunder|p2a: Ogopogo|[miss]\n|-miss|p1a: Big Birb|p2a: Ogopogo\n|\n|-heal|p2a: Ogopogo|94\/100|[from] item: Leftovers\n|upkeep\n|turn|10\n|\n|t:|1700879987\n|switch|p1a: Smol Birb|Pelipper, M|100\/100\n|-damage|p1a: Smol Birb|76\/100|[from] Stealth Rock\n|-weather|RainDance|[from] ability: Drizzle|[of] p1a: Smol Birb\n|move|p2a: Ogopogo|Toxic|p1a: Smol Birb\n|-status|p1a: Smol Birb|tox\n|\n|-weather|RainDance|[upkeep]\n|-heal|p2a: Ogopogo|99\/100|[from] item: Leftovers\n|-damage|p1a: Smol Birb|70\/100 tox|[from] psn\n|upkeep\n|turn|11\n|\n|t:|1700879999\n|move|p2a: Ogopogo|Surf|p1a: Smol Birb\n|-resisted|p1a: Smol Birb\n|-damage|p1a: Smol Birb|34\/100 tox\n|move|p1a: Smol Birb|Defog|p2a: Ogopogo\n|-unboost|p2a: Ogopogo|evasion|1\n|-ability|p2a: Ogopogo|Competitive|boost\n|-boost|p2a: Ogopogo|spa|2\n|-sideend|p1: NDSNEZTee|Stealth Rock|[from] move: Defog|[of] p1a: Smol Birb\n|\n|-weather|RainDance|[upkeep]\n|-heal|p2a: Ogopogo|100\/100|[from] item: Leftovers\n|-damage|p1a: Smol Birb|22\/100 tox|[from] psn\n|upkeep\n|turn|12\n|\n|t:|1700880013\n|switch|p2a: Reinhardt|Aggron-Mega, M|69\/100\n|switch|p1a: Nanomachines son|Ferrothorn, M|100\/100\n|\n|-weather|RainDance|[upkeep]\n|upkeep\n|turn|13\n|\n|t:|1700880021\n|switch|p1a: Pookie|Ogerpon-Wellspring, F|100\/100\n|move|p2a: Reinhardt|Stealth Rock|p1a: Pookie\n|-sidestart|p1: NDSNEZTee|move: Stealth Rock\n|\n|-weather|RainDance|[upkeep]\n|upkeep\n|turn|14\n|\n|t:|1700880028\n|move|p1a: Pookie|Encore|p2a: Reinhardt\n|-start|p2a: Reinhardt|Encore\n|move|p2a: Reinhardt|Stealth Rock||[still]\n|-fail|p2a: Reinhardt\n|\n|-weather|RainDance|[upkeep]\n|upkeep\n|turn|15\n|\n|t:|1700880035\n|switch|p2a: Dracule Mihawk|Salamence, M|100\/100\n|-ability|p2a: Dracule Mihawk|Intimidate|boost\n|-unboost|p1a: Pookie|atk|1\n|move|p1a: Pookie|Swords Dance|p1a: Pookie\n|-boost|p1a: Pookie|atk|2\n|\n|-weather|RainDance|[upkeep]\n|upkeep\n|turn|16\n|\n|t:|1700880044\n|-terastallize|p1a: Pookie|Water\n|detailschange|p1a: Pookie|Ogerpon-Wellspring-Tera, F, tera:Water\n|-ability|p1a: Pookie|Embody Aspect (Wellspring)|boost\n|-boost|p1a: Pookie|spd|1\n|move|p1a: Pookie|Ivy Cudgel|p2a: Dracule Mihawk|[anim] Ivy Cudgel Water\n|-resisted|p2a: Dracule Mihawk\n|-damage|p2a: Dracule Mihawk|0 fnt\n|faint|p2a: Dracule Mihawk\n|\n|-weather|RainDance|[upkeep]\n|upkeep\n|\n|t:|1700880055\n|switch|p2a: Elena FDEZ|Gardevoir, F|100\/100\n|-ability|p2a: Elena FDEZ|Embody Aspect (Wellspring)|[from] ability: Trace|[of] p1a: Pookie\n|turn|17\n|\n|t:|1700880062\n|move|p2a: Elena FDEZ|Moonblast|p1a: Pookie\n|-damage|p1a: Pookie|65\/100\n|move|p1a: Pookie|Ivy Cudgel|p2a: Elena FDEZ|[anim] Ivy Cudgel Water\n|-damage|p2a: Elena FDEZ|0 fnt\n|faint|p2a: Elena FDEZ\n|\n|-weather|none\n|upkeep\n|\n|t:|1700880072\n|switch|p2a: Lord Beerus|Lucario, M|100\/100\n|turn|18\n|\n|t:|1700880076\n|-terastallize|p2a: Lord Beerus|Normal\n|move|p2a: Lord Beerus|Extreme Speed|p1a: Pookie\n|-damage|p1a: Pookie|0 fnt\n|faint|p1a: Pookie\n|\n|upkeep\n|\n|t:|1700880085\n|switch|p1a: Naruto|Greninja, M|100\/100\n|-damage|p1a: Naruto|88\/100|[from] Stealth Rock\n|turn|19\n|\n|t:|1700880090\n|switch|p2a: Ogopogo|Milotic, F|100\/100\n|move|p1a: Naruto|Surf|p2a: Ogopogo\n|-resisted|p2a: Ogopogo\n|-damage|p2a: Ogopogo|85\/100\n|-damage|p1a: Naruto|78\/100|[from] item: Life Orb\n|\n|-heal|p2a: Ogopogo|91\/100|[from] item: Leftovers\n|upkeep\n|turn|20\n|\n|t:|1700880100\n|switch|p1a: Big Birb|Zapdos|88\/100\n|move|p2a: Ogopogo|Surf|p1a: Big Birb\n|-damage|p1a: Big Birb|54\/100\n|\n|-heal|p2a: Ogopogo|97\/100|[from] item: Leftovers\n|upkeep\n|turn|21\n|\n|t:|1700880110\n|switch|p2a: Reinhardt|Aggron-Mega, M|69\/100\n|move|p1a: Big Birb|Roost|p1a: Big Birb\n|-heal|p1a: Big Birb|100\/100\n|-singleturn|p1a: Big Birb|move: Roost\n|\n|upkeep\n|turn|22\n|\n|t:|1700880117\n|move|p1a: Big Birb|Thunder|p2a: Reinhardt|[miss]\n|-miss|p1a: Big Birb|p2a: Reinhardt\n|move|p2a: Reinhardt|Avalanche|p1a: Big Birb\n|-supereffective|p1a: Big Birb\n|-damage|p1a: Big Birb|61\/100\n|\n|upkeep\n|turn|23\n|\n|t:|1700880126\n|move|p1a: Big Birb|Thunder|p2a: Reinhardt\n|-damage|p2a: Reinhardt|0 fnt\n|faint|p2a: Reinhardt\n|\n|upkeep\n|\n|t:|1700880134\n|switch|p2a: Ogopogo|Milotic, F|97\/100\n|turn|24\n|\n|t:|1700880139\n|move|p1a: Big Birb|Roost|p1a: Big Birb\n|-heal|p1a: Big Birb|100\/100\n|-singleturn|p1a: Big Birb|move: Roost\n|move|p2a: Ogopogo|Surf|p1a: Big Birb\n|-damage|p1a: Big Birb|66\/100\n|\n|-heal|p2a: Ogopogo|100\/100|[from] item: Leftovers\n|upkeep\n|turn|25\n|\n|t:|1700880149\n|move|p1a: Big Birb|Thunder|p2a: Ogopogo\n|-supereffective|p2a: Ogopogo\n|-damage|p2a: Ogopogo|44\/100\n|-status|p2a: Ogopogo|par\n|move|p2a: Ogopogo|Toxic|p1a: Big Birb\n|-status|p1a: Big Birb|tox\n|\n|-heal|p2a: Ogopogo|50\/100 par|[from] item: Leftovers\n|-damage|p1a: Big Birb|60\/100 tox|[from] psn\n|upkeep\n|turn|26\n|\n|t:|1700880160\n|move|p1a: Big Birb|Thunder|p2a: Ogopogo\n|-supereffective|p2a: Ogopogo\n|-damage|p2a: Ogopogo|0 fnt\n|faint|p2a: Ogopogo\n|\n|-damage|p1a: Big Birb|47\/100 tox|[from] psn\n|upkeep\n|\n|t:|1700880167\n|switch|p2a: Lord Beerus|Lucario, M, tera:Normal|100\/100\n|turn|27\n|\n|t:|1700880173\n|move|p2a: Lord Beerus|Extreme Speed|p1a: Big Birb\n|-damage|p1a: Big Birb|0 fnt\n|faint|p1a: Big Birb\n|\n|upkeep\n|\n|t:|1700880179\n|switch|p1a: Nanomachines son|Ferrothorn, M|100\/100\n|-damage|p1a: Nanomachines son|94\/100|[from] Stealth Rock\n|turn|28\n|\n|t:|1700880183\n|move|p2a: Lord Beerus|Swords Dance|p2a: Lord Beerus\n|-boost|p2a: Lord Beerus|atk|2\n|move|p1a: Nanomachines son|Leech Seed|p2a: Lord Beerus|[miss]\n|-miss|p1a: Nanomachines son|p2a: Lord Beerus\n|\n|-heal|p1a: Nanomachines son|100\/100|[from] item: Leftovers\n|upkeep\n|turn|29\n|\n|t:|1700880193\n|move|p2a: Lord Beerus|Close Combat|p1a: Nanomachines son\n|-supereffective|p1a: Nanomachines son\n|-damage|p1a: Nanomachines son|0 fnt\n|-unboost|p2a: Lord Beerus|def|1\n|-unboost|p2a: Lord Beerus|spd|1\n|-damage|p2a: Lord Beerus|88\/100|[from] ability: Iron Barbs|[of] p1a: Nanomachines son\n|faint|p1a: Nanomachines son\n|\n|upkeep\n|c|\u2606Garry97|Gg\n|\n|t:|1700880200\n|switch|p1a: Smol Birb|Pelipper, M|22\/100 tox\n|-damage|p1a: Smol Birb|0 fnt|[from] Stealth Rock\n|faint|p1a: Smol Birb\n|\n|t:|1700880202\n|switch|p1a: Poseidon|Swampert-Mega, M|5\/100\n|-damage|p1a: Poseidon|0 fnt|[from] Stealth Rock\n|faint|p1a: Poseidon\n|\n|t:|1700880203\n|switch|p1a: Naruto|Greninja, M|78\/100\n|-damage|p1a: Naruto|66\/100|[from] Stealth Rock\n|turn|30\n|\n|t:|1700880213\n|move|p2a: Lord Beerus|Extreme Speed|p1a: Naruto\n|-damage|p1a: Naruto|0 fnt\n|faint|p1a: Naruto\n|\n|win|Garry97\n|raw|NDSNEZTee's rating: 1390 &rarr; <strong>1371<\/strong><br \/>(-19 for losing)\n|raw|Garry97's rating: 1404 &rarr; <strong>1423<\/strong><br \/>(+19 for winning)\n|l|\u2606NDSNEZTee\n","uploadtime":1700880225,"views":25,"p1id":"ndsneztee","p2id":"garry97","formatid":"gen9nationaldex","rating":1371,"private":0,"password":""}