{"id":"gen9nationaldex-1990220897","p1":"45635789qaz","p2":"mtyqjltz5","format":"[Gen 9] National Dex","log":"|j|\u260645635789qaz\n|j|\u2606mtyqjltz5\n|t:|1699939497\n|gametype|singles\n|player|p1|45635789qaz|steven|1108\n|player|p2|mtyqjltz5|elesa|1207\n|teamsize|p1|6\n|teamsize|p2|6\n|gen|9\n|tier|[Gen 9] National Dex\n|rated|\n|rule|HP Percentage Mod: HP is shown in percentages\n|rule|Endless Battle Clause: Forcing endless battles is banned\n|rule|OHKO Clause: OHKO moves are banned\n|rule|Evasion Clause: Evasion abilities, items, and moves are banned\n|rule|Evasion Abilities Clause: Evasion abilities are banned\n|rule|Evasion Items Clause: Evasion items are banned\n|rule|Evasion Moves Clause: Evasion moves are banned\n|rule|Species Clause: Limit one of each Pok\u00e9mon\n|rule|Sleep Clause Mod: Limit one foe put to sleep\n|clearpoke\n|poke|p1|Victini|\n|poke|p1|Mimikyu, M|\n|poke|p1|Banette, M|\n|poke|p1|Pawmot, F|\n|poke|p1|Landorus-Therian, M|\n|poke|p1|Amoonguss, F|\n|poke|p2|Beedrill, M|\n|poke|p2|Chansey, F|\n|poke|p2|Garchomp, M|\n|poke|p2|Urshifu-*, M|\n|poke|p2|Zapdos|\n|poke|p2|Tapu Lele|\n|teampreview\n|inactive|Battle timer is ON: inactive players will automatically lose when time's up. (requested by 45635789qaz)\n|\n|t:|1699939525\n|start\n|switch|p1a: \u9ed1\u65e0\u5e38|Banette, M|100\/100\n|switch|p2a: Beedrill|Beedrill, M|100\/100\n|-item|p2a: Beedrill|Beedrillite|[from] ability: Frisk|[of] p1a: \u9ed1\u65e0\u5e38|[identify]\n|turn|1\n|\n|t:|1699939537\n|detailschange|p2a: Beedrill|Beedrill-Mega, M\n|-mega|p2a: Beedrill|Beedrill|Beedrillite\n|detailschange|p1a: \u9ed1\u65e0\u5e38|Banette-Mega, M\n|-mega|p1a: \u9ed1\u65e0\u5e38|Banette|Banettite\n|move|p2a: Beedrill|U-turn|p1a: \u9ed1\u65e0\u5e38\n|-resisted|p1a: \u9ed1\u65e0\u5e38\n|-damage|p1a: \u9ed1\u65e0\u5e38|61\/100\n|\n|t:|1699939544\n|switch|p2a: Chansey|Chansey, F|100\/100|[from] U-turn\n|move|p1a: \u9ed1\u65e0\u5e38|Poltergeist|p2a: Chansey\n|-immune|p2a: Chansey\n|\n|upkeep\n|turn|2\n|\n|t:|1699939552\n|move|p1a: \u9ed1\u65e0\u5e38|Taunt|p2a: Chansey\n|-start|p2a: Chansey|move: Taunt\n|cant|p2a: Chansey|move: Taunt|Toxic\n|\n|upkeep\n|turn|3\n|\n|t:|1699939561\n|switch|p1a: Landorus|Landorus-Therian, M|100\/100\n|-ability|p1a: Landorus|Intimidate|boost\n|-unboost|p2a: Chansey|atk|1\n|move|p2a: Chansey|Seismic Toss|p1a: Landorus\n|-damage|p1a: Landorus|71\/100\n|\n|upkeep\n|turn|4\n|inactive|mtyqjltz5 has 120 seconds left.\n|c|\u2606mtyqjltz5|\u4f60\u8fd9\u571f\u5730\u4e91\n|c|\u2606mtyqjltz5|\u611f\u89c9\u5f88\u5371\u9669\u554a\n|\n|t:|1699939615\n|switch|p2a: Urshifu|Urshifu-Rapid-Strike, M|100\/100\n|move|p1a: Landorus|Earthquake|p2a: Urshifu\n|-damage|p2a: Urshifu|40\/100\n|\n|upkeep\n|turn|5\n|\n|t:|1699939639\n|switch|p2a: Zapdos|Zapdos|100\/100\n|switch|p1a: Amoonguss|Amoonguss, F|100\/100\n|\n|upkeep\n|turn|6\n|\n|t:|1699939653\n|move|p2a: Zapdos|Hurricane|p1a: Amoonguss\n|-supereffective|p1a: Amoonguss\n|-crit|p1a: Amoonguss\n|-damage|p1a: Amoonguss|0 fnt\n|faint|p1a: Amoonguss\n|\n|upkeep\n|inactive|45635789qaz has 120 seconds left.\n|\n|t:|1699939673\n|switch|p1a: \u725b\u5934|Mimikyu, M|100\/100\n|turn|7\n|\n|t:|1699939680\n|-terastallize|p1a: \u725b\u5934|Fairy\n|move|p1a: \u725b\u5934|Play Rough|p2a: Zapdos\n|-damage|p2a: Zapdos|67\/100\n|move|p2a: Zapdos|Volt Switch|p1a: \u725b\u5934\n|-activate|p1a: \u725b\u5934|ability: Disguise\n|-damage|p1a: \u725b\u5934|100\/100\n|detailschange|p1a: \u725b\u5934|Mimikyu-Busted, M, tera:Fairy\n|-damage|p1a: \u725b\u5934|88\/100|[from] pokemon: Mimikyu-Busted\n|inactive|mtyqjltz5 has 90 seconds left.\n|\n|t:|1699939726\n|switch|p2a: Garchomp|Garchomp, M, shiny|100\/100|[from] Volt Switch\n|\n|upkeep\n|turn|8\n|\n|t:|1699939738\n|move|p2a: Garchomp|Earthquake|p1a: \u725b\u5934\n|-damage|p1a: \u725b\u5934|2\/100\n|move|p1a: \u725b\u5934|Destiny Bond|p1a: \u725b\u5934\n|-singlemove|p1a: \u725b\u5934|Destiny Bond\n|\n|upkeep\n|turn|9\n|inactive|mtyqjltz5 has 60 seconds left.\n|-enditem|p1a: \u725b\u5934|Custap Berry|[eat]\n|-activate|p1a: \u725b\u5934|item: Custap Berry|[consumed]\n|\n|t:|1699939770\n|switch|p2a: Zapdos|Zapdos|67\/100\n|move|p1a: \u725b\u5934|Play Rough|p2a: Zapdos\n|-damage|p2a: Zapdos|33\/100\n|\n|upkeep\n|turn|10\n|-message|45635789qaz forfeited.\n|\n|win|mtyqjltz5\n|raw|45635789qaz's rating: 1108 &rarr; <strong>1090<\/strong><br \/>(-18 for losing)\n|raw|mtyqjltz5's rating: 1207 &rarr; <strong>1225<\/strong><br \/>(+18 for winning)\n|l|\u260645635789qaz\n","uploadtime":1699939798,"views":6,"p1id":"45635789qaz","p2id":"mtyqjltz5","formatid":"gen9nationaldex","rating":1090,"private":0,"password":""}