{"id":"gen9nationaldex-1994773236","p1":"Dogger Games","p2":"psng","format":"[Gen 9] National Dex","log":"|html|<div class=\"broadcast-blue\"><strong>[Gen 9] National Dex is currently suspecting Sneasler! For information on how to participate check out the <a href=\"https:\/\/www.smogon.com\/forums\/threads\/sv-national-dex-suspect-8-just-dance.3731534\/\">suspect thread<\/a>.<\/strong><\/div>\n|j|\u2606Dogger Games\n|j|\u2606psng\n|t:|1700491352\n|gametype|singles\n|player|p1|Dogger Games|striker|1404\n|player|p2|psng|wallace|1483\n|teamsize|p1|6\n|teamsize|p2|6\n|gen|9\n|tier|[Gen 9] National Dex\n|rated|\n|rule|HP Percentage Mod: HP is shown in percentages\n|rule|Endless Battle Clause: Forcing endless battles is banned\n|rule|OHKO Clause: OHKO moves are banned\n|rule|Evasion Clause: Evasion abilities, items, and moves are banned\n|rule|Evasion Abilities Clause: Evasion abilities are banned\n|rule|Evasion Items Clause: Evasion items are banned\n|rule|Evasion Moves Clause: Evasion moves are banned\n|rule|Species Clause: Limit one of each Pok\u00e9mon\n|rule|Sleep Clause Mod: Limit one foe put to sleep\n|clearpoke\n|poke|p1|Ferrothorn, M|\n|poke|p1|Slowking, F|\n|poke|p1|Noivern, F|\n|poke|p1|Beartic, M|\n|poke|p1|Rotom-Heat|\n|poke|p1|Muk-Alola, F|\n|poke|p2|Pelipper, F|\n|poke|p2|Tapu Lele|\n|poke|p2|Swampert, M|\n|poke|p2|Greninja-*, M|\n|poke|p2|Zapdos|\n|poke|p2|Ferrothorn, M|\n|teampreview\n|inactive|Battle timer is ON: inactive players will automatically lose when time's up. (requested by Dogger Games)\n|inactive|psng also wants the timer to be on.\n|\n|t:|1700491369\n|start\n|switch|p1a: Rotom|Rotom-Heat|100\/100\n|switch|p2a: Pelipper|Pelipper, F, shiny|100\/100\n|-weather|RainDance|[from] ability: Drizzle|[of] p2a: Pelipper\n|turn|1\n|\n|t:|1700491387\n|switch|p2a: Swampert|Swampert, M, shiny|100\/100\n|move|p1a: Rotom|Volt Switch|p2a: Swampert\n|-immune|p2a: Swampert\n|\n|-weather|RainDance|[upkeep]\n|upkeep\n|turn|2\n|\n|t:|1700491398\n|detailschange|p2a: Swampert|Swampert-Mega, M, shiny\n|-mega|p2a: Swampert|Swampert|Swampertite\n|-terastallize|p1a: Rotom|Electric\n|move|p2a: Swampert|Flip Turn|p1a: Rotom\n|-damage|p1a: Rotom|44\/100\n|j| wxx go\n|\n|t:|1700491412\n|switch|p2a: Ferrothorn|Ferrothorn, M, shiny|100\/100|[from] Flip Turn\n|move|p1a: Rotom|Will-O-Wisp|p2a: Ferrothorn\n|-status|p2a: Ferrothorn|brn\n|\n|-weather|RainDance|[upkeep]\n|-damage|p2a: Ferrothorn|95\/100 brn|[from] brn\n|upkeep\n|turn|3\n|\n|t:|1700491417\n|move|p1a: Rotom|Volt Switch|p2a: Ferrothorn\n|-resisted|p2a: Ferrothorn\n|-crit|p2a: Ferrothorn\n|-damage|p2a: Ferrothorn|78\/100 brn\n|\n|t:|1700491424\n|switch|p1a: Slowking|Slowking, F|100\/100|[from] Volt Switch\n|move|p2a: Ferrothorn|Stealth Rock|p1a: Slowking\n|-sidestart|p1: Dogger Games|move: Stealth Rock\n|\n|-weather|RainDance|[upkeep]\n|-heal|p2a: Ferrothorn|84\/100 brn|[from] item: Leftovers\n|-damage|p2a: Ferrothorn|78\/100 brn|[from] brn\n|upkeep\n|turn|4\n|\n|t:|1700491429\n|move|p1a: Slowking|Scald|p2a: Ferrothorn\n|-resisted|p2a: Ferrothorn\n|-damage|p2a: Ferrothorn|66\/100 brn\n|move|p2a: Ferrothorn|Leech Seed|p1a: Slowking\n|-start|p1a: Slowking|move: Leech Seed\n|\n|-weather|RainDance|[upkeep]\n|-heal|p2a: Ferrothorn|72\/100 brn|[from] item: Leftovers\n|-damage|p1a: Slowking|88\/100|[from] Leech Seed|[of] p2a: Ferrothorn\n|-heal|p2a: Ferrothorn|86\/100 brn|[silent]\n|-damage|p2a: Ferrothorn|80\/100 brn|[from] brn\n|upkeep\n|turn|5\n|\n|t:|1700491434\n|switch|p2a: Zapdos|Zapdos, shiny|100\/100\n|move|p1a: Slowking|Chilly Reception|p1a: Slowking\n|-weather|Snow\n|\n|t:|1700491438\n|switch|p1a: Beartic|Beartic, M|100\/100|[from] Chilly Reception\n|-damage|p1a: Beartic|75\/100|[from] Stealth Rock\n|\n|-weather|Snow|[upkeep]\n|upkeep\n|turn|6\n|\n|t:|1700491443\n|switch|p2a: Pelipper|Pelipper, F, shiny|100\/100\n|-weather|RainDance|[from] ability: Drizzle|[of] p2a: Pelipper\n|move|p1a: Beartic|Icicle Crash|p2a: Pelipper\n|-damage|p2a: Pelipper|51\/100\n|\n|-weather|RainDance|[upkeep]\n|upkeep\n|turn|7\n|\n|t:|1700491453\n|move|p1a: Beartic|Icicle Crash|p2a: Pelipper\n|-damage|p2a: Pelipper|0 fnt\n|faint|p2a: Pelipper\n|\n|-weather|RainDance|[upkeep]\n|upkeep\n|\n|t:|1700491456\n|switch|p2a: Swampert|Swampert-Mega, M, shiny|100\/100\n|turn|8\n|\n|t:|1700491459\n|switch|p1a: Ferrothorn|Ferrothorn, M|100\/100\n|-damage|p1a: Ferrothorn|94\/100|[from] Stealth Rock\n|move|p2a: Swampert|Liquidation|p1a: Ferrothorn\n|-resisted|p1a: Ferrothorn\n|-damage|p1a: Ferrothorn|72\/100\n|-unboost|p1a: Ferrothorn|def|1\n|-damage|p2a: Swampert|88\/100|[from] ability: Iron Barbs|[of] p1a: Ferrothorn\n|-damage|p2a: Swampert|72\/100|[from] item: Rocky Helmet|[of] p1a: Ferrothorn\n|\n|-weather|RainDance|[upkeep]\n|upkeep\n|turn|9\n|\n|t:|1700491464\n|move|p2a: Swampert|Earthquake|p1a: Ferrothorn\n|-damage|p1a: Ferrothorn|21\/100\n|move|p1a: Ferrothorn|Knock Off|p2a: Swampert\n|-damage|p2a: Swampert|58\/100\n|\n|-weather|RainDance|[upkeep]\n|upkeep\n|turn|10\n|\n|t:|1700491471\n|move|p1a: Ferrothorn|Protect|p1a: Ferrothorn\n|-singleturn|p1a: Ferrothorn|Protect\n|move|p2a: Swampert|Liquidation|p1a: Ferrothorn\n|-activate|p1a: Ferrothorn|move: Protect\n|\n|-weather|RainDance|[upkeep]\n|upkeep\n|turn|11\n|\n|t:|1700491481\n|switch|p1a: Noivern|Noivern, F|100\/100\n|-damage|p1a: Noivern|75\/100|[from] Stealth Rock\n|move|p2a: Swampert|Earthquake|p1a: Noivern\n|-immune|p1a: Noivern\n|\n|-weather|RainDance|[upkeep]\n|upkeep\n|turn|12\n|\n|t:|1700491487\n|move|p2a: Swampert|Ice Punch|p1a: Noivern\n|-supereffective|p1a: Noivern\n|-damage|p1a: Noivern|0 fnt\n|faint|p1a: Noivern\n|\n|-weather|RainDance|[upkeep]\n|upkeep\n|\n|t:|1700491498\n|switch|p1a: Slowking|Slowking, F|100\/100\n|-damage|p1a: Slowking|88\/100|[from] Stealth Rock\n|turn|13\n|\n|t:|1700491502\n|move|p2a: Swampert|Earthquake|p1a: Slowking\n|-damage|p1a: Slowking|22\/100\n|move|p1a: Slowking|Chilly Reception|p1a: Slowking\n|-weather|Snow\n|\n|t:|1700491507\n|switch|p1a: Beartic|Beartic, M|75\/100|[from] Chilly Reception\n|-damage|p1a: Beartic|50\/100|[from] Stealth Rock\n|\n|-weather|Snow|[upkeep]\n|upkeep\n|turn|14\n|\n|t:|1700491514\n|switch|p2a: Ferrothorn|Ferrothorn, M, shiny|80\/100 brn\n|move|p1a: Beartic|Icicle Crash|p2a: Ferrothorn\n|-damage|p2a: Ferrothorn|33\/100 brn\n|\n|-weather|Snow|[upkeep]\n|-heal|p2a: Ferrothorn|39\/100 brn|[from] item: Leftovers\n|-damage|p2a: Ferrothorn|33\/100 brn|[from] brn\n|upkeep\n|turn|15\n|\n|t:|1700491519\n|move|p1a: Beartic|Icicle Crash|p2a: Ferrothorn\n|-damage|p2a: Ferrothorn|0 fnt\n|faint|p2a: Ferrothorn\n|\n|-weather|Snow|[upkeep]\n|upkeep\n|\n|t:|1700491523\n|switch|p2a: Zapdos|Zapdos, shiny|100\/100\n|turn|16\n|\n|t:|1700491530\n|switch|p1a: Rotom|Rotom-Heat, tera:Electric|44\/100\n|move|p2a: Zapdos|Rain Dance|p2a: Zapdos\n|-weather|RainDance\n|\n|-weather|RainDance|[upkeep]\n|upkeep\n|turn|17\n|\n|t:|1700491536\n|move|p2a: Zapdos|U-turn|p1a: Rotom\n|-damage|p1a: Rotom|30\/100\n|\n|t:|1700491542\n|switch|p2a: Greninja|Greninja, M|100\/100|[from] U-turn\n|move|p1a: Rotom|Defog|p2a: Greninja\n|-unboost|p2a: Greninja|evasion|1\n|-sideend|p1: Dogger Games|Stealth Rock|[from] move: Defog|[of] p1a: Rotom\n|\n|-weather|RainDance|[upkeep]\n|upkeep\n|turn|18\n|\n|t:|1700491553\n|-terastallize|p2a: Greninja|Water\n|move|p2a: Greninja|Surf|p1a: Rotom\n|-crit|p1a: Rotom\n|-damage|p1a: Rotom|0 fnt\n|faint|p1a: Rotom\n|-ability|p2a: Greninja|Battle Bond|boost\n|-boost|p2a: Greninja|atk|1\n|-boost|p2a: Greninja|spa|1\n|-boost|p2a: Greninja|spe|1\n|-activate|p2a: Greninja|ability: Battle Bond\n|-damage|p2a: Greninja|91\/100|[from] item: Life Orb\n|\n|-weather|RainDance|[upkeep]\n|upkeep\n|\n|t:|1700491558\n|switch|p1a: Muk|Muk-Alola, F|100\/100\n|turn|19\n|\n|t:|1700491566\n|move|p2a: Greninja|Surf|p1a: Muk\n|-damage|p1a: Muk|9\/100\n|-damage|p2a: Greninja|81\/100|[from] item: Life Orb\n|move|p1a: Muk|Poison Jab|p2a: Greninja\n|-damage|p2a: Greninja|18\/100\n|-status|p2a: Greninja|psn\n|\n|-weather|RainDance|[upkeep]\n|-damage|p2a: Greninja|6\/100 psn|[from] psn\n|upkeep\n|turn|20\n|\n|t:|1700491575\n|move|p1a: Muk|Shadow Sneak|p2a: Greninja\n|-damage|p2a: Greninja|0 fnt\n|faint|p2a: Greninja\n|\n|-weather|none\n|upkeep\n|\n|t:|1700491578\n|switch|p2a: Zapdos|Zapdos, shiny|100\/100\n|turn|21\n|\n|t:|1700491581\n|move|p2a: Zapdos|Rain Dance|p2a: Zapdos\n|-weather|RainDance\n|move|p1a: Muk|Poison Jab|p2a: Zapdos\n|-crit|p2a: Zapdos\n|-damage|p2a: Zapdos|61\/100\n|-status|p2a: Zapdos|psn\n|\n|-weather|RainDance|[upkeep]\n|-damage|p2a: Zapdos|48\/100 psn|[from] psn\n|upkeep\n|turn|22\n|\n|t:|1700491589\n|switch|p1a: Slowking|Slowking, F|56\/100\n|move|p2a: Zapdos|U-turn|p1a: Slowking\n|-supereffective|p1a: Slowking\n|-damage|p1a: Slowking|26\/100\n|\n|t:|1700491601\n|switch|p2a: Swampert|Swampert-Mega, M, shiny|58\/100|[from] U-turn\n|\n|-weather|RainDance|[upkeep]\n|-heal|p1a: Slowking|32\/100|[from] item: Leftovers\n|upkeep\n|turn|23\n|\n|t:|1700491608\n|switch|p1a: Muk|Muk-Alola, F|9\/100\n|move|p2a: Swampert|Earthquake|p1a: Muk\n|-supereffective|p1a: Muk\n|-damage|p1a: Muk|0 fnt\n|faint|p1a: Muk\n|\n|-weather|RainDance|[upkeep]\n|upkeep\n|\n|t:|1700491609\n|switch|p1a: Ferrothorn|Ferrothorn, M|21\/100\n|turn|24\n|\n|t:|1700491612\n|move|p1a: Ferrothorn|Protect|p1a: Ferrothorn\n|-singleturn|p1a: Ferrothorn|Protect\n|move|p2a: Swampert|Earthquake|p1a: Ferrothorn\n|-activate|p1a: Ferrothorn|move: Protect\n|\n|-weather|RainDance|[upkeep]\n|upkeep\n|turn|25\n|\n|t:|1700491614\n|move|p2a: Swampert|Earthquake|p1a: Ferrothorn\n|-damage|p1a: Ferrothorn|0 fnt\n|faint|p1a: Ferrothorn\n|\n|-weather|none\n|upkeep\n|\n|t:|1700491618\n|switch|p1a: Slowking|Slowking, F|65\/100\n|turn|26\n|\n|t:|1700491624\n|move|p2a: Swampert|Earthquake|p1a: Slowking\n|-damage|p1a: Slowking|1\/100\n|move|p1a: Slowking|Chilly Reception|p1a: Slowking\n|-weather|Snow\n|\n|t:|1700491629\n|switch|p1a: Beartic|Beartic, M|50\/100|[from] Chilly Reception\n|\n|-weather|Snow|[upkeep]\n|upkeep\n|turn|27\n|\n|t:|1700491635\n|switch|p2a: Zapdos|Zapdos, shiny|48\/100 psn\n|move|p1a: Beartic|Icicle Crash|p2a: Zapdos\n|-supereffective|p2a: Zapdos\n|-damage|p2a: Zapdos|0 fnt\n|faint|p2a: Zapdos\n|\n|-weather|Snow|[upkeep]\n|upkeep\n|\n|t:|1700491638\n|switch|p2a: Tapu Lele|Tapu Lele, shiny|100\/100\n|-fieldstart|move: Psychic Terrain|[from] ability: Psychic Surge|[of] p2a: Tapu Lele\n|turn|28\n|\n|t:|1700491643\n|move|p2a: Tapu Lele|Psychic|p1a: Beartic\n|-damage|p1a: Beartic|0 fnt\n|faint|p1a: Beartic\n|\n|-weather|Snow|[upkeep]\n|upkeep\n|\n|t:|1700491645\n|switch|p1a: Slowking|Slowking, F|34\/100\n|turn|29\n|\n|t:|1700491649\n|move|p2a: Tapu Lele|Psychic|p1a: Slowking\n|-resisted|p1a: Slowking\n|-damage|p1a: Slowking|16\/100\n|move|p1a: Slowking|Scald|p2a: Tapu Lele\n|-damage|p2a: Tapu Lele|71\/100\n|\n|-weather|Snow|[upkeep]\n|-heal|p1a: Slowking|23\/100|[from] item: Leftovers\n|upkeep\n|turn|30\n|\n|t:|1700491656\n|move|p2a: Tapu Lele|Psychic|p1a: Slowking\n|-resisted|p1a: Slowking\n|-damage|p1a: Slowking|6\/100\n|move|p1a: Slowking|Thunder Wave|p2a: Tapu Lele\n|-status|p2a: Tapu Lele|par\n|\n|-weather|none\n|-heal|p1a: Slowking|12\/100|[from] item: Leftovers\n|upkeep\n|turn|31\n|\n|t:|1700491662\n|cant|p2a: Tapu Lele|par\n|move|p1a: Slowking|Scald|p2a: Tapu Lele\n|-damage|p2a: Tapu Lele|39\/100 par\n|\n|-heal|p1a: Slowking|18\/100|[from] item: Leftovers\n|upkeep\n|turn|32\n|\n|t:|1700491667\n|move|p2a: Tapu Lele|Psychic|p1a: Slowking\n|-resisted|p1a: Slowking\n|-damage|p1a: Slowking|0 fnt\n|faint|p1a: Slowking\n|\n|win|psng\n|raw|Dogger Games's rating: 1404 &rarr; <strong>1388<\/strong><br \/>(-16 for losing)\n|raw|psng's rating: 1483 &rarr; <strong>1499<\/strong><br \/>(+16 for winning)\n|c|\u2606Dogger Games|gg\n","uploadtime":1700491678,"views":1,"p1id":"doggergames","p2id":"psng","formatid":"gen9nationaldex","rating":1388,"private":0,"password":""}