{"id":"gen9nationaldex-1994122560","p1":"lepstospirose","p2":"LipeZero","format":"[Gen 9] National Dex","log":"|j|\u2606lepstospirose\n|j|\u2606LipeZero\n|t:|1700409543\n|gametype|singles\n|player|p1|lepstospirose|raihan|1019\n|player|p2|LipeZero|n|1110\n|teamsize|p1|6\n|teamsize|p2|6\n|gen|9\n|tier|[Gen 9] National Dex\n|rated|\n|rule|HP Percentage Mod: HP is shown in percentages\n|rule|Endless Battle Clause: Forcing endless battles is banned\n|rule|OHKO Clause: OHKO moves are banned\n|rule|Evasion Clause: Evasion abilities, items, and moves are banned\n|rule|Evasion Abilities Clause: Evasion abilities are banned\n|rule|Evasion Items Clause: Evasion items are banned\n|rule|Evasion Moves Clause: Evasion moves are banned\n|rule|Species Clause: Limit one of each Pok\u00e9mon\n|rule|Sleep Clause Mod: Limit one foe put to sleep\n|clearpoke\n|poke|p1|Chansey, F|\n|poke|p1|Suicune|\n|poke|p1|Weezing-Galar, M|\n|poke|p1|Ferrothorn, M|\n|poke|p1|Gliscor, F|\n|poke|p1|Tentacruel, M|\n|poke|p2|Flygon, F|\n|poke|p2|Kommo-o, M|\n|poke|p2|Cloyster, M|\n|poke|p2|Armarouge, F|\n|poke|p2|Ferrothorn, M|\n|poke|p2|Mimikyu, M|\n|teampreview\n|inactive|Battle timer is ON: inactive players will automatically lose when time's up. (requested by LipeZero)\n|\n|t:|1700409558\n|start\n|switch|p1a: Metagross fan|Ferrothorn, M|100\/100\n|switch|p2a: Feio|Ferrothorn, M|100\/100\n|turn|1\n|c|\u2606lepstospirose|Ei\n|c|\u2606lepstospirose|Ele nao e feio tadinho\n|\n|t:|1700409577\n|move|p1a: Metagross fan|Leech Seed|p2a: Feio\n|-immune|p2a: Feio\n|move|p2a: Feio|Stealth Rock|p1a: Metagross fan\n|-sidestart|p1: lepstospirose|move: Stealth Rock\n|\n|upkeep\n|turn|2\n|\n|t:|1700409588\n|switch|p2a: Kaz|Armarouge, F|100\/100\n|-terastallize|p1a: Metagross fan|Ghost\n|move|p1a: Metagross fan|Curse|p2a: Kaz\n|-start|p2a: Kaz|Curse|[of] p1a: Metagross fan\n|-damage|p1a: Metagross fan|50\/100\n|\n|-damage|p2a: Kaz|76\/100|[from] Curse\n|upkeep\n|turn|3\n|\n|t:|1700409600\n|switch|p2a: Capeta|Mimikyu, M|100\/100\n|move|p1a: Metagross fan|Leech Seed|p2a: Capeta\n|-start|p2a: Capeta|move: Leech Seed\n|\n|-damage|p2a: Capeta|88\/100|[from] Leech Seed|[of] p1a: Metagross fan\n|-heal|p1a: Metagross fan|59\/100|[silent]\n|upkeep\n|turn|4\n|c|\u2606LipeZero|Po eu acho meio feio\n|c|\u2606LipeZero|Mas at\u00e9 que vale uma mudan\u00e7a de nome\n|\n|t:|1700409628\n|move|p1a: Metagross fan|Protect|p1a: Metagross fan\n|-singleturn|p1a: Metagross fan|Protect\n|move|p2a: Capeta|Phantom Force||[still]\n|-prepare|p2a: Capeta|Phantom Force\n|\n|-heal|p2a: Capeta|94\/100|[from] item: Leftovers\n|-damage|p2a: Capeta|82\/100|[from] Leech Seed|[of] p1a: Metagross fan\n|-heal|p1a: Metagross fan|68\/100|[silent]\n|upkeep\n|turn|5\n|c|\u2606lepstospirose|Ele so e estrainho\n|\n|t:|1700409638\n|move|p2a: Capeta|Phantom Force|p1a: Metagross fan|[from]lockedmove\n|-supereffective|p1a: Metagross fan\n|-damage|p1a: Metagross fan|19\/100\n|-damage|p2a: Capeta|70\/100|[from] ability: Iron Barbs|[of] p1a: Metagross fan\n|-damage|p2a: Capeta|53\/100|[from] item: Rocky Helmet|[of] p1a: Metagross fan\n|move|p1a: Metagross fan|Gyro Ball|p2a: Capeta\n|-activate|p2a: Capeta|ability: Disguise\n|-damage|p2a: Capeta|53\/100\n|detailschange|p2a: Capeta|Mimikyu-Busted, M\n|-damage|p2a: Capeta|41\/100|[from] pokemon: Mimikyu-Busted\n|\n|-heal|p2a: Capeta|47\/100|[from] item: Leftovers\n|-damage|p2a: Capeta|34\/100|[from] Leech Seed|[of] p1a: Metagross fan\n|-heal|p1a: Metagross fan|27\/100|[silent]\n|upkeep\n|turn|6\n|\n|t:|1700409655\n|move|p1a: Metagross fan|Protect|p1a: Metagross fan\n|-singleturn|p1a: Metagross fan|Protect\n|move|p2a: Capeta|Shadow Sneak|p1a: Metagross fan\n|-activate|p1a: Metagross fan|move: Protect\n|\n|-heal|p2a: Capeta|40\/100|[from] item: Leftovers\n|-damage|p2a: Capeta|28\/100|[from] Leech Seed|[of] p1a: Metagross fan\n|-heal|p1a: Metagross fan|36\/100|[silent]\n|upkeep\n|turn|7\n|\n|t:|1700409667\n|switch|p1a: Round pink thing|Chansey, F|100\/100\n|-damage|p1a: Round pink thing|88\/100|[from] Stealth Rock\n|move|p2a: Capeta|Shadow Sneak|p1a: Round pink thing\n|-immune|p1a: Round pink thing\n|\n|-heal|p2a: Capeta|34\/100|[from] item: Leftovers\n|-damage|p2a: Capeta|22\/100|[from] Leech Seed|[of] p1a: Round pink thing\n|-heal|p1a: Round pink thing|92\/100|[silent]\n|upkeep\n|turn|8\n|inactive|lepstospirose has 120 seconds left.\n|\n|t:|1700409689\n|switch|p2a: Feio|Ferrothorn, M|100\/100\n|move|p1a: Round pink thing|Skull Bash||[still]\n|-prepare|p1a: Round pink thing|Skull Bash\n|-boost|p1a: Round pink thing|def|1\n|\n|upkeep\n|turn|9\n|\n|t:|1700409696\n|move|p1a: Round pink thing|Skull Bash|p2a: Feio|[from]lockedmove\n|-resisted|p2a: Feio\n|-damage|p2a: Feio|97\/100\n|-damage|p1a: Round pink thing|80\/100|[from] ability: Iron Barbs|[of] p2a: Feio\n|-damage|p1a: Round pink thing|63\/100|[from] item: Rocky Helmet|[of] p2a: Feio\n|move|p2a: Feio|Toxic|p1a: Round pink thing\n|-status|p1a: Round pink thing|tox\n|\n|-damage|p1a: Round pink thing|57\/100 tox|[from] psn\n|upkeep\n|turn|10\n|inactive|lepstospirose has 120 seconds left.\n|\n|t:|1700409712\n|move|p1a: Round pink thing|Soft-Boiled|p1a: Round pink thing\n|-heal|p1a: Round pink thing|100\/100 tox\n|move|p2a: Feio|Leech Seed|p1a: Round pink thing\n|-start|p1a: Round pink thing|move: Leech Seed\n|\n|-damage|p1a: Round pink thing|88\/100 tox|[from] Leech Seed|[of] p2a: Feio\n|-heal|p2a: Feio|100\/100|[silent]\n|-damage|p1a: Round pink thing|75\/100 tox|[from] psn\n|upkeep\n|turn|11\n|inactive|lepstospirose has 120 seconds left.\n|\n|t:|1700409731\n|switch|p1a: El bigod\u00f5n|Weezing-Galar, M|100\/100\n|-ability|p1a: El bigod\u00f5n|Neutralizing Gas\n|-damage|p1a: El bigod\u00f5n|88\/100|[from] Stealth Rock\n|move|p2a: Feio|Stealth Rock||[still]\n|-fail|p2a: Feio\n|\n|upkeep\n|turn|12\n|inactive|lepstospirose has 120 seconds left.\n|\n|t:|1700409750\n|move|p1a: El bigod\u00f5n|Dark Pulse|p2a: Feio\n|-damage|p2a: Feio|89\/100\n|cant|p2a: Feio|flinch\n|\n|upkeep\n|turn|13\n|\n|t:|1700409764\n|move|p1a: El bigod\u00f5n|Dazzling Gleam|p2a: Feio\n|-resisted|p2a: Feio\n|-damage|p2a: Feio|81\/100\n|move|p2a: Feio|Gyro Ball|p1a: El bigod\u00f5n\n|-supereffective|p1a: El bigod\u00f5n\n|-damage|p1a: El bigod\u00f5n|6\/100\n|\n|upkeep\n|turn|14\n|\n|t:|1700409771\n|move|p1a: El bigod\u00f5n|Destiny Bond|p1a: El bigod\u00f5n\n|-singlemove|p1a: El bigod\u00f5n|Destiny Bond\n|move|p2a: Feio|Leech Seed|p1a: El bigod\u00f5n\n|-start|p1a: El bigod\u00f5n|move: Leech Seed\n|\n|-damage|p1a: El bigod\u00f5n|0 fnt|[from] Leech Seed|[of] p2a: Feio\n|-heal|p2a: Feio|85\/100|[silent]\n|faint|p1a: El bigod\u00f5n\n|-end|p1a: El bigod\u00f5n|ability: Neutralizing Gas\n|upkeep\n|c|\u2606lepstospirose|Pq ele nao morreu junto\n|c|\u2606lepstospirose|Q odio\n|c|\u2606lepstospirose|Minha estrategia nunca da certo\n|inactive|lepstospirose has 90 seconds left.\n|\n|t:|1700409802\n|switch|p1a: Metagross fan|Ferrothorn, M, tera:Ghost|36\/100\n|-damage|p1a: Metagross fan|24\/100|[from] Stealth Rock\n|turn|15\n|inactive|lepstospirose has 90 seconds left.\n|\n|t:|1700409812\n|switch|p1a: He's cruel|Tentacruel, M, shiny|100\/100\n|-damage|p1a: He's cruel|88\/100|[from] Stealth Rock\n|move|p2a: Feio|Leech Seed|p1a: He's cruel|[miss]\n|-miss|p2a: Feio|p1a: He's cruel\n|\n|-heal|p1a: He's cruel|94\/100|[from] item: Black Sludge\n|upkeep\n|turn|16\n|inactive|lepstospirose has 90 seconds left.\n|\n|t:|1700409825\n|move|p1a: He's cruel|Dive||[still]\n|-prepare|p1a: He's cruel|Dive\n|move|p2a: Feio|Leech Seed|p1a: He's cruel|[miss]\n|-miss|p2a: Feio|p1a: He's cruel\n|\n|-heal|p1a: He's cruel|99\/100|[from] item: Black Sludge\n|upkeep\n|turn|17\n|c|\u2606LipeZero|Porque foi o Leech Seed, ele n\u00e3o atacou\n|\n|t:|1700409850\n|move|p1a: He's cruel|Dive|p2a: Feio|[from]lockedmove\n|-resisted|p2a: Feio\n|-damage|p2a: Feio|75\/100\n|-damage|p1a: He's cruel|88\/100|[from] ability: Iron Barbs|[of] p2a: Feio\n|-damage|p1a: He's cruel|71\/100|[from] item: Rocky Helmet|[of] p2a: Feio\n|move|p2a: Feio|Leech Seed|p1a: He's cruel|[miss]\n|-miss|p2a: Feio|p1a: He's cruel\n|\n|-heal|p1a: He's cruel|77\/100|[from] item: Black Sludge\n|upkeep\n|turn|18\n|inactive|lepstospirose has 90 seconds left.\n|c|\u2606lepstospirose|E doido que azar foi esse\n|\n|t:|1700409873\n|move|p1a: He's cruel|Giga Drain|p2a: Feio\n|-resisted|p2a: Feio\n|-damage|p2a: Feio|73\/100\n|-heal|p1a: He's cruel|79\/100|[from] drain|[of] p2a: Feio\n|move|p2a: Feio|Leech Seed|p1a: He's cruel|[miss]\n|-miss|p2a: Feio|p1a: He's cruel\n|\n|-heal|p1a: He's cruel|85\/100|[from] item: Black Sludge\n|upkeep\n|turn|19\n|inactive|lepstospirose has 90 seconds left.\n|c|\u2606lepstospirose|MANO QUE DIABO E ISAO\n|\n|t:|1700409889\n|move|p1a: He's cruel|Knock Off|p2a: Feio\n|-damage|p2a: Feio|58\/100\n|-damage|p1a: He's cruel|72\/100|[from] ability: Iron Barbs|[of] p2a: Feio\n|-damage|p1a: He's cruel|56\/100|[from] item: Rocky Helmet|[of] p2a: Feio\n|-enditem|p2a: Feio|Rocky Helmet|[from] move: Knock Off|[of] p1a: He's cruel\n|move|p2a: Feio|Leech Seed|p1a: He's cruel\n|-start|p1a: He's cruel|move: Leech Seed\n|\n|-heal|p1a: He's cruel|62\/100|[from] item: Black Sludge\n|-damage|p1a: He's cruel|49\/100|[from] Leech Seed|[of] p2a: Feio\n|-heal|p2a: Feio|69\/100|[silent]\n|upkeep\n|turn|20\n|\n|t:|1700409903\n|move|p1a: He's cruel|Sludge Wave|p2a: Feio\n|-immune|p2a: Feio\n|move|p2a: Feio|Gyro Ball|p1a: He's cruel\n|-resisted|p1a: He's cruel\n|-damage|p1a: He's cruel|20\/100\n|\n|-heal|p1a: He's cruel|26\/100|[from] item: Black Sludge\n|-damage|p1a: He's cruel|13\/100|[from] Leech Seed|[of] p2a: Feio\n|-heal|p2a: Feio|79\/100|[silent]\n|upkeep\n|turn|21\n|\n|t:|1700409918\n|move|p1a: He's cruel|Knock Off|p2a: Feio\n|-damage|p2a: Feio|68\/100\n|-damage|p1a: He's cruel|1\/100|[from] ability: Iron Barbs|[of] p2a: Feio\n|move|p2a: Feio|Stealth Rock||[still]\n|-fail|p2a: Feio\n|\n|-heal|p1a: He's cruel|7\/100|[from] item: Black Sludge\n|-damage|p1a: He's cruel|0 fnt|[from] Leech Seed|[of] p2a: Feio\n|-heal|p2a: Feio|74\/100|[silent]\n|faint|p1a: He's cruel\n|upkeep\n|\n|t:|1700409929\n|switch|p1a: Weird lookin dog|Suicune|100\/100\n|-damage|p1a: Weird lookin dog|88\/100|[from] Stealth Rock\n|turn|22\n|\n|t:|1700409945\n|move|p1a: Weird lookin dog|Signal Beam|p2a: Feio\n|-damage|p2a: Feio|61\/100\n|move|p2a: Feio|Leech Seed|p1a: Weird lookin dog\n|-start|p1a: Weird lookin dog|move: Leech Seed\n|\n|-heal|p1a: Weird lookin dog|94\/100|[from] item: Leftovers\n|-damage|p1a: Weird lookin dog|82\/100|[from] Leech Seed|[of] p2a: Feio\n|-heal|p2a: Feio|73\/100|[silent]\n|upkeep\n|turn|23\n|c|\u2606LipeZero|Coringuei aqui\n|\n|t:|1700409954\n|move|p1a: Weird lookin dog|Blizzard|p2a: Feio\n|-damage|p2a: Feio|55\/100\n|move|p2a: Feio|Toxic|p1a: Weird lookin dog\n|-status|p1a: Weird lookin dog|tox\n|\n|-heal|p1a: Weird lookin dog|88\/100 tox|[from] item: Leftovers\n|-damage|p1a: Weird lookin dog|76\/100 tox|[from] Leech Seed|[of] p2a: Feio\n|-heal|p2a: Feio|67\/100|[silent]\n|-damage|p1a: Weird lookin dog|70\/100 tox|[from] psn\n|upkeep\n|turn|24\n|\n|t:|1700409967\n|move|p1a: Weird lookin dog|Extreme Speed|p2a: Feio\n|-resisted|p2a: Feio\n|-damage|p2a: Feio|61\/100\n|-damage|p1a: Weird lookin dog|57\/100 tox|[from] ability: Iron Barbs|[of] p2a: Feio\n|move|p2a: Feio|Gyro Ball|p1a: Weird lookin dog\n|-resisted|p1a: Weird lookin dog\n|-damage|p1a: Weird lookin dog|38\/100 tox\n|\n|-heal|p1a: Weird lookin dog|44\/100 tox|[from] item: Leftovers\n|-damage|p1a: Weird lookin dog|32\/100 tox|[from] Leech Seed|[of] p2a: Feio\n|-heal|p2a: Feio|73\/100|[silent]\n|-damage|p1a: Weird lookin dog|20\/100 tox|[from] psn\n|upkeep\n|turn|25\n|\n|t:|1700409986\n|move|p1a: Weird lookin dog|Hydro Pump|p2a: Feio\n|-resisted|p2a: Feio\n|-damage|p2a: Feio|58\/100\n|move|p2a: Feio|Stealth Rock||[still]\n|-fail|p2a: Feio\n|\n|-heal|p1a: Weird lookin dog|26\/100 tox|[from] item: Leftovers\n|-damage|p1a: Weird lookin dog|13\/100 tox|[from] Leech Seed|[of] p2a: Feio\n|-heal|p2a: Feio|70\/100|[silent]\n|-damage|p1a: Weird lookin dog|0 fnt|[from] psn\n|faint|p1a: Weird lookin dog\n|upkeep\n|\n|t:|1700409999\n|switch|p1a: Metagross fan|Ferrothorn, M, tera:Ghost|24\/100\n|-damage|p1a: Metagross fan|11\/100|[from] Stealth Rock\n|turn|26\n|\n|t:|1700410009\n|move|p1a: Metagross fan|Leech Seed|p2a: Feio\n|-immune|p2a: Feio\n|move|p2a: Feio|Leech Seed|p1a: Metagross fan\n|-start|p1a: Metagross fan|move: Leech Seed\n|\n|-damage|p1a: Metagross fan|0 fnt|[from] Leech Seed|[of] p2a: Feio\n|-heal|p2a: Feio|80\/100|[silent]\n|faint|p1a: Metagross fan\n|upkeep\n|\n|t:|1700410019\n|switch|p1a: Round pink thing|Chansey, F|75\/100 tox\n|-damage|p1a: Round pink thing|63\/100 tox|[from] Stealth Rock\n|turn|27\n|c|\u2606lepstospirose|Gg ce ganhou\n|c|\u2606lepstospirose|Ainda preciso aprender\n|\n|t:|1700410035\n|move|p1a: Round pink thing|Heal Bell|p1a: Round pink thing\n|-activate|p1a: Round pink thing|move: Heal Bell\n|-curestatus|p1a: Round pink thing|tox|[msg]\n|move|p2a: Feio|Leech Seed|p1a: Round pink thing|[miss]\n|-miss|p2a: Feio|p1a: Round pink thing\n|\n|upkeep\n|turn|28\n|\n|t:|1700410045\n|move|p1a: Round pink thing|Retaliate|p2a: Feio\n|-resisted|p2a: Feio\n|-damage|p2a: Feio|79\/100\n|-damage|p1a: Round pink thing|50\/100|[from] ability: Iron Barbs|[of] p2a: Feio\n|move|p2a: Feio|Leech Seed|p1a: Round pink thing\n|-start|p1a: Round pink thing|move: Leech Seed\n|\n|-damage|p1a: Round pink thing|38\/100|[from] Leech Seed|[of] p2a: Feio\n|-heal|p2a: Feio|100\/100|[silent]\n|upkeep\n|turn|29\n|\n|t:|1700410061\n|move|p1a: Round pink thing|Retaliate|p2a: Feio\n|-resisted|p2a: Feio\n|-damage|p2a: Feio|99\/100\n|-damage|p1a: Round pink thing|25\/100|[from] ability: Iron Barbs|[of] p2a: Feio\n|move|p2a: Feio|Toxic|p1a: Round pink thing\n|-status|p1a: Round pink thing|tox\n|\n|-damage|p1a: Round pink thing|13\/100 tox|[from] Leech Seed|[of] p2a: Feio\n|-heal|p2a: Feio|100\/100|[silent]\n|-damage|p1a: Round pink thing|7\/100 tox|[from] psn\n|upkeep\n|turn|30\n|c|\u2606lepstospirose|Vou me matar logo\n|\n|t:|1700410074\n|move|p1a: Round pink thing|Skull Bash||[still]\n|-prepare|p1a: Round pink thing|Skull Bash\n|-boost|p1a: Round pink thing|def|1\n|move|p2a: Feio|Stealth Rock||[still]\n|-fail|p2a: Feio\n|\n|-damage|p1a: Round pink thing|0 fnt|[from] Leech Seed|[of] p2a: Feio\n|faint|p1a: Round pink thing\n|upkeep\n|\n|t:|1700410085\n|switch|p1a: Covid-19 provider|Gliscor, F|100\/100\n|-damage|p1a: Covid-19 provider|88\/100|[from] Stealth Rock\n|turn|31\n|\n|t:|1700410092\n|move|p1a: Covid-19 provider|Psychic Fangs|p2a: Feio\n|-resisted|p2a: Feio\n|-damage|p2a: Feio|94\/100\n|-damage|p1a: Covid-19 provider|76\/100|[from] ability: Iron Barbs|[of] p2a: Feio\n|move|p2a: Feio|Leech Seed|p1a: Covid-19 provider\n|-start|p1a: Covid-19 provider|move: Leech Seed\n|\n|-damage|p1a: Covid-19 provider|63\/100|[from] Leech Seed|[of] p2a: Feio\n|-heal|p2a: Feio|100\/100|[silent]\n|-status|p1a: Covid-19 provider|tox|[from] item: Toxic Orb\n|upkeep\n|turn|32\n|c|\u2606LipeZero|Perd\u00e3o\n|\n|t:|1700410105\n|move|p1a: Covid-19 provider|Ice Fang|p2a: Feio\n|-damage|p2a: Feio|90\/100\n|-damage|p1a: Covid-19 provider|51\/100 tox|[from] ability: Iron Barbs|[of] p2a: Feio\n|move|p2a: Feio|Gyro Ball|p1a: Covid-19 provider\n|-damage|p1a: Covid-19 provider|3\/100 tox\n|\n|-damage|p1a: Covid-19 provider|0 fnt|[from] Leech Seed|[of] p2a: Feio\n|-heal|p2a: Feio|92\/100|[silent]\n|faint|p1a: Covid-19 provider\n|\n|win|LipeZero\n|upkeep\n|raw|lepstospirose's rating: 1019 &rarr; <strong>1009<\/strong><br \/>(-10 for losing)\n|raw|LipeZero's rating: 1110 &rarr; <strong>1129<\/strong><br \/>(+19 for winning)\n|c|\u2606lepstospirose|Gg\n","uploadtime":1700410118,"views":14,"p1id":"lepstospirose","p2id":"lipezero","formatid":"gen9nationaldex","rating":1009,"private":0,"password":""}