{"id":"gen9nationaldex-1990867393","p1":"Maxer59","p2":"nezephet","format":"[Gen 9] National Dex","log":"|j|\u2606Maxer59\n|j|\u2606nezephet\n|t:|1700009324\n|gametype|singles\n|player|p1|Maxer59|lucas|1207\n|player|p2|nezephet|101|1153\n|teamsize|p1|6\n|teamsize|p2|6\n|gen|9\n|tier|[Gen 9] National Dex\n|rated|\n|rule|HP Percentage Mod: HP is shown in percentages\n|rule|Endless Battle Clause: Forcing endless battles is banned\n|rule|OHKO Clause: OHKO moves are banned\n|rule|Evasion Clause: Evasion abilities, items, and moves are banned\n|rule|Evasion Abilities Clause: Evasion abilities are banned\n|rule|Evasion Items Clause: Evasion items are banned\n|rule|Evasion Moves Clause: Evasion moves are banned\n|rule|Species Clause: Limit one of each Pok\u00e9mon\n|rule|Sleep Clause Mod: Limit one foe put to sleep\n|clearpoke\n|poke|p1|Pelipper, M|\n|poke|p1|Indeedee, M|\n|poke|p1|Floatzel, M|\n|poke|p1|Kleavor, M|\n|poke|p1|Gallade, M|\n|poke|p1|Ditto|\n|poke|p2|Masquerain, F|\n|poke|p2|Iron Hands|\n|poke|p2|Tapu Koko|\n|poke|p2|Munkidori, M|\n|poke|p2|Cradily, M|\n|poke|p2|Slurpuff, M|\n|teampreview\n|inactive|Battle timer is ON: inactive players will automatically lose when time's up. (requested by Maxer59)\n|\n|t:|1700009338\n|start\n|switch|p1a: Kleavor|Kleavor, M|100\/100\n|switch|p2a: Masquerain|Masquerain, F|100\/100\n|-ability|p2a: Masquerain|Intimidate|boost\n|-unboost|p1a: Kleavor|atk|1\n|turn|1\n|\n|t:|1700009355\n|move|p1a: Kleavor|Stone Axe|p2a: Masquerain\n|-supereffective|p2a: Masquerain\n|-enditem|p2a: Masquerain|Focus Sash\n|-damage|p2a: Masquerain|1\/100\n|-sidestart|p2: nezephet|move: Stealth Rock\n|move|p2a: Masquerain|Bug Buzz|p1a: Kleavor\n|-damage|p1a: Kleavor|32\/100\n|\n|upkeep\n|turn|2\n|\n|t:|1700009367\n|move|p1a: Kleavor|Stone Axe|p2a: Masquerain\n|-supereffective|p2a: Masquerain\n|-damage|p2a: Masquerain|0 fnt\n|faint|p2a: Masquerain\n|\n|upkeep\n|\n|t:|1700009375\n|switch|p2a: Cradily|Cradily, M|100\/100\n|-damage|p2a: Cradily|88\/100|[from] Stealth Rock\n|turn|3\n|\n|t:|1700009381\n|switch|p1a: Pelipper|Pelipper, M|100\/100\n|-weather|RainDance|[from] ability: Drizzle|[of] p1a: Pelipper\n|move|p2a: Cradily|Leech Seed|p1a: Pelipper\n|-start|p1a: Pelipper|move: Leech Seed\n|\n|-weather|RainDance|[upkeep]\n|-heal|p2a: Cradily|94\/100|[from] item: Leftovers\n|-damage|p1a: Pelipper|88\/100|[from] Leech Seed|[of] p2a: Cradily\n|-heal|p2a: Cradily|100\/100|[silent]\n|upkeep\n|turn|4\n|\n|t:|1700009389\n|move|p1a: Pelipper|Tailwind|p1a: Pelipper\n|-sidestart|p1: Maxer59|move: Tailwind\n|move|p2a: Cradily|Stealth Rock|p1a: Pelipper\n|-sidestart|p1: Maxer59|move: Stealth Rock\n|\n|-weather|RainDance|[upkeep]\n|-damage|p1a: Pelipper|76\/100|[from] Leech Seed|[of] p2a: Cradily\n|upkeep\n|turn|5\n|\n|t:|1700009404\n|switch|p1a: Gallade|Gallade, M|100\/100\n|-damage|p1a: Gallade|94\/100|[from] Stealth Rock\n|move|p2a: Cradily|Toxic|p1a: Gallade\n|-status|p1a: Gallade|tox\n|\n|-weather|RainDance|[upkeep]\n|-damage|p1a: Gallade|88\/100 tox|[from] psn\n|upkeep\n|turn|6\n|\n|t:|1700009410\n|move|p1a: Gallade|Sacred Sword|p2a: Cradily\n|-supereffective|p2a: Cradily\n|-damage|p2a: Cradily|0 fnt\n|faint|p2a: Cradily\n|\n|-weather|RainDance|[upkeep]\n|-damage|p1a: Gallade|76\/100 tox|[from] psn\n|upkeep\n|\n|t:|1700009417\n|switch|p2a: Munkidori|Munkidori, M|100\/100\n|-damage|p2a: Munkidori|88\/100|[from] Stealth Rock\n|turn|7\n|\n|t:|1700009426\n|move|p1a: Gallade|Knock Off|p2a: Munkidori\n|-supereffective|p2a: Munkidori\n|-damage|p2a: Munkidori|0 fnt\n|-enditem|p2a: Munkidori|Choice Specs|[from] move: Knock Off|[of] p1a: Gallade\n|faint|p2a: Munkidori\n|\n|-weather|RainDance|[upkeep]\n|-damage|p1a: Gallade|58\/100 tox|[from] psn\n|-sideend|p1: Maxer59|move: Tailwind\n|upkeep\n|\n|t:|1700009433\n|switch|p2a: Slurpuff|Slurpuff, M|100\/100\n|-damage|p2a: Slurpuff|88\/100|[from] Stealth Rock\n|turn|8\n|\n|t:|1700009443\n|detailschange|p1a: Gallade|Gallade-Mega, M\n|-mega|p1a: Gallade|Gallade|Galladite\n|move|p1a: Gallade|Psycho Cut|p2a: Slurpuff\n|-damage|p2a: Slurpuff|25\/100\n|-enditem|p2a: Slurpuff|Sitrus Berry|[eat]\n|-heal|p2a: Slurpuff|50\/100|[from] item: Sitrus Berry\n|move|p2a: Slurpuff|Belly Drum||[still]\n|-fail|p2a: Slurpuff\n|\n|-weather|RainDance|[upkeep]\n|-damage|p1a: Gallade|33\/100 tox|[from] psn\n|upkeep\n|turn|9\n|\n|t:|1700009456\n|move|p2a: Slurpuff|Frustration|p1a: Gallade\n|-damage|p1a: Gallade|0 fnt\n|faint|p1a: Gallade\n|\n|-weather|RainDance|[upkeep]\n|upkeep\n|\n|t:|1700009475\n|switch|p1a: Indeedee|Indeedee, M|100\/100\n|-damage|p1a: Indeedee|88\/100|[from] Stealth Rock\n|-fieldstart|move: Psychic Terrain|[from] ability: Psychic Surge|[of] p1a: Indeedee\n|turn|10\n|inactive|nezephet has 120 seconds left.\n|\n|t:|1700009513\n|-terastallize|p2a: Slurpuff|Normal\n|move|p2a: Slurpuff|Frustration|p1a: Indeedee\n|-damage|p1a: Indeedee|7\/100\n|move|p1a: Indeedee|Expanding Force|p2a: Slurpuff\n|-damage|p2a: Slurpuff|0 fnt\n|faint|p2a: Slurpuff\n|\n|-weather|none\n|upkeep\n|\n|t:|1700009520\n|switch|p2a: Tapu Koko|Tapu Koko|100\/100\n|-damage|p2a: Tapu Koko|88\/100|[from] Stealth Rock\n|-fieldstart|move: Electric Terrain|[from] ability: Electric Surge|[of] p2a: Tapu Koko\n|turn|11\n|\n|t:|1700009527\n|switch|p1a: Kleavor|Kleavor, M|32\/100\n|-damage|p1a: Kleavor|7\/100|[from] Stealth Rock\n|move|p2a: Tapu Koko|Volt Switch|p1a: Kleavor\n|-damage|p1a: Kleavor|0 fnt\n|faint|p1a: Kleavor\n|\n|t:|1700009531\n|switch|p2a: Iron Hands|Iron Hands|100\/100|[from] Volt Switch\n|-damage|p2a: Iron Hands|94\/100|[from] Stealth Rock\n|-activate|p2a: Iron Hands|ability: Quark Drive\n|-start|p2a: Iron Hands|quarkdriveatk\n|\n|upkeep\n|\n|t:|1700009534\n|switch|p1a: Pelipper|Pelipper, M|76\/100\n|-damage|p1a: Pelipper|51\/100|[from] Stealth Rock\n|-weather|RainDance|[from] ability: Drizzle|[of] p1a: Pelipper\n|turn|12\n|\n|t:|1700009543\n|move|p1a: Pelipper|Hurricane|p2a: Iron Hands\n|-damage|p2a: Iron Hands|65\/100\n|move|p2a: Iron Hands|Wild Charge|p1a: Pelipper\n|-supereffective|p1a: Pelipper\n|-damage|p1a: Pelipper|0 fnt\n|faint|p1a: Pelipper\n|-damage|p2a: Iron Hands|57\/100|[from] Recoil\n|\n|-weather|RainDance|[upkeep]\n|upkeep\n|\n|t:|1700009547\n|switch|p1a: Floatzel|Floatzel, M|100\/100\n|-damage|p1a: Floatzel|88\/100|[from] Stealth Rock\n|turn|13\n|\n|t:|1700009558\n|-terastallize|p1a: Floatzel|Water\n|move|p1a: Floatzel|Wave Crash|p2a: Iron Hands\n|-damage|p2a: Iron Hands|0 fnt\n|faint|p2a: Iron Hands\n|-end|p2a: Iron Hands|Quark Drive|[silent]\n|-damage|p1a: Floatzel|58\/100|[from] Recoil\n|\n|-weather|RainDance|[upkeep]\n|upkeep\n|\n|t:|1700009562\n|switch|p2a: Tapu Koko|Tapu Koko|88\/100\n|-damage|p2a: Tapu Koko|76\/100|[from] Stealth Rock\n|turn|14\n|\n|t:|1700009567\n|move|p1a: Floatzel|Wave Crash|p2a: Tapu Koko\n|-crit|p2a: Tapu Koko\n|-damage|p2a: Tapu Koko|0 fnt\n|faint|p2a: Tapu Koko\n|-damage|p1a: Floatzel|35\/100|[from] Recoil\n|\n|win|Maxer59\n|raw|Maxer59's rating: 1207 &rarr; <strong>1228<\/strong><br \/>(+21 for winning)\n|raw|nezephet's rating: 1153 &rarr; <strong>1132<\/strong><br \/>(-21 for losing)\n|l|\u2606nezephet\n","uploadtime":1700009583,"views":12,"p1id":"maxer59","p2id":"nezephet","formatid":"gen9nationaldex","rating":1132,"private":0,"password":""}