{"id":"gen9nationaldex-1989728073","p1":"Milotic Chen","p2":"AbattaMondialBeton","format":"[Gen 9] National Dex","log":"|j|\u2606Milotic Chen\n|j|\u2606AbattaMondialBeton\n|t:|1699890622\n|gametype|singles\n|player|p1|Milotic Chen|lance|1625\n|player|p2|AbattaMondialBeton|lady-gen4|1751\n|teamsize|p1|6\n|teamsize|p2|6\n|gen|9\n|tier|[Gen 9] National Dex\n|rated|\n|rule|HP Percentage Mod: HP is shown in percentages\n|rule|Endless Battle Clause: Forcing endless battles is banned\n|rule|OHKO Clause: OHKO moves are banned\n|rule|Evasion Clause: Evasion abilities, items, and moves are banned\n|rule|Evasion Abilities Clause: Evasion abilities are banned\n|rule|Evasion Items Clause: Evasion items are banned\n|rule|Evasion Moves Clause: Evasion moves are banned\n|rule|Species Clause: Limit one of each Pok\u00e9mon\n|rule|Sleep Clause Mod: Limit one foe put to sleep\n|clearpoke\n|poke|p1|Salamence, F|\n|poke|p1|Banette, F|\n|poke|p1|Greninja-*, M|\n|poke|p1|Tapu Lele|\n|poke|p1|Sneasler, F|\n|poke|p1|Samurott-Hisui, F|\n|poke|p2|Venusaur, F|\n|poke|p2|Greninja-*, M|\n|poke|p2|Corviknight, F|\n|poke|p2|Diggersby, F|\n|poke|p2|Garchomp, F|\n|poke|p2|Dondozo, F|\n|teampreview\n|\n|t:|1699890636\n|start\n|switch|p1a: Samurott|Samurott-Hisui, F, shiny|100\/100\n|switch|p2a: Garchomp|Garchomp, F, shiny|100\/100\n|turn|1\n|\n|t:|1699890647\n|move|p2a: Garchomp|Earthquake|p1a: Samurott\n|-damage|p1a: Samurott|23\/100\n|move|p1a: Samurott|Ceaseless Edge|p2a: Garchomp\n|-damage|p2a: Garchomp|59\/100\n|-damage|p1a: Samurott|10\/100|[from] ability: Rough Skin|[of] p2a: Garchomp\n|-sidestart|p2: AbattaMondialBeton|Spikes\n|\n|upkeep\n|turn|2\n|\n|t:|1699890659\n|move|p1a: Samurott|Aqua Jet|p2a: Garchomp\n|-damage|p2a: Garchomp|42\/100\n|-damage|p1a: Samurott|0 fnt|[from] ability: Rough Skin|[of] p2a: Garchomp\n|faint|p1a: Samurott\n|move|p2a: Garchomp|Earthquake|p1: Samurott|[notarget]\n|-fail|p2a: Garchomp\n|\n|upkeep\n|\n|t:|1699890673\n|switch|p1a: Banette|Banette, F, shiny|100\/100\n|turn|3\n|\n|t:|1699890678\n|detailschange|p1a: Banette|Banette-Mega, F, shiny\n|-mega|p1a: Banette|Banette|Banettite\n|move|p2a: Garchomp|Earthquake|p1a: Banette\n|-damage|p1a: Banette|21\/100\n|move|p1a: Banette|Poltergeist|p2a: Garchomp\n|-activate|p2a: Garchomp|move: Poltergeist|Choice Scarf\n|-damage|p2a: Garchomp|0 fnt\n|faint|p2a: Garchomp\n|\n|upkeep\n|\n|t:|1699890690\n|switch|p2a: Greninja|Greninja, M|100\/100\n|-damage|p2a: Greninja|88\/100|[from] Spikes\n|turn|4\n|\n|t:|1699890700\n|switch|p1a: Tapu Lele|Tapu Lele, shiny|100\/100\n|-fieldstart|move: Psychic Terrain|[from] ability: Psychic Surge|[of] p1a: Tapu Lele\n|move|p2a: Greninja|Water Shuriken|p1a: Tapu Lele\n|-activate|p1a: Tapu Lele|move: Psychic Terrain\n|\n|upkeep\n|turn|5\n|\n|t:|1699890713\n|switch|p2a: Corviknight|Corviknight, F|100\/100\n|-ability|p2a: Corviknight|Pressure\n|-terastallize|p1a: Tapu Lele|Psychic\n|move|p1a: Tapu Lele|Psychic|p2a: Corviknight\n|-resisted|p2a: Corviknight\n|-damage|p2a: Corviknight|43\/100\n|\n|upkeep\n|turn|6\n|\n|t:|1699890726\n|switch|p2a: Greninja|Greninja, M|88\/100\n|-damage|p2a: Greninja|76\/100|[from] Spikes\n|move|p1a: Tapu Lele|Psychic|p2a: Greninja\n|-immune|p2a: Greninja\n|\n|upkeep\n|turn|7\n|\n|t:|1699890733\n|switch|p1a: Greninja|Greninja, M|100\/100\n|move|p2a: Greninja|Dark Pulse|p1a: Greninja\n|-resisted|p1a: Greninja\n|-damage|p1a: Greninja|62\/100\n|-damage|p2a: Greninja|66\/100|[from] item: Life Orb\n|\n|upkeep\n|turn|8\n|\n|t:|1699890748\n|switch|p2a: Venusaur|Venusaur, F|100\/100\n|-damage|p2a: Venusaur|88\/100|[from] Spikes\n|move|p1a: Greninja|Dark Pulse|p2a: Venusaur\n|-damage|p2a: Venusaur|43\/100\n|-damage|p1a: Greninja|52\/100|[from] item: Life Orb\n|\n|-fieldend|move: Psychic Terrain\n|upkeep\n|turn|9\n|\n|t:|1699890758\n|switch|p1a: Salamence|Salamence, F, shiny|100\/100\n|detailschange|p2a: Venusaur|Venusaur-Mega, F\n|-mega|p2a: Venusaur|Venusaur|Venusaurite\n|move|p2a: Venusaur|Giga Drain|p1a: Salamence\n|-resisted|p1a: Salamence\n|-damage|p1a: Salamence|91\/100\n|-heal|p2a: Venusaur|47\/100|[from] drain|[of] p1a: Salamence\n|\n|upkeep\n|turn|10\n|\n|t:|1699890768\n|switch|p2a: Corviknight|Corviknight, F|43\/100\n|-ability|p2a: Corviknight|Pressure\n|-zpower|p1a: Salamence\n|move|p1a: Salamence|Devastating Drake|p2a: Corviknight|[zeffect]\n|-resisted|p2a: Corviknight\n|-crit|p2a: Corviknight\n|-damage|p2a: Corviknight|1\/100\n|\n|upkeep\n|turn|11\n|\n|t:|1699890778\n|move|p1a: Salamence|Dual Wingbeat|p2a: Corviknight\n|-resisted|p2a: Corviknight\n|-damage|p2a: Corviknight|0 fnt\n|-damage|p1a: Salamence|75\/100|[from] item: Rocky Helmet|[of] p2a: Corviknight\n|faint|p2a: Corviknight\n|-ability|p1a: Salamence|Moxie|boost\n|-boost|p1a: Salamence|atk|1\n|-hitcount|p2: Corviknight|1\n|\n|upkeep\n|\n|t:|1699890788\n|switch|p2a: Dondozo|Dondozo, F|100\/100\n|-damage|p2a: Dondozo|88\/100|[from] Spikes\n|turn|12\n|\n|t:|1699890794\n|switch|p1a: Tapu Lele|Tapu Lele, shiny, tera:Psychic|100\/100\n|-fieldstart|move: Psychic Terrain|[from] ability: Psychic Surge|[of] p1a: Tapu Lele\n|move|p2a: Dondozo|Curse|p2a: Dondozo\n|-unboost|p2a: Dondozo|spe|1\n|-boost|p2a: Dondozo|atk|1\n|-boost|p2a: Dondozo|def|1\n|\n|-heal|p2a: Dondozo|94\/100|[from] item: Leftovers\n|upkeep\n|turn|13\n|\n|t:|1699890805\n|move|p1a: Tapu Lele|Moonblast|p2a: Dondozo\n|-damage|p2a: Dondozo|46\/100\n|move|p2a: Dondozo|Wave Crash|p1a: Tapu Lele\n|-damage|p1a: Tapu Lele|13\/100\n|-damage|p2a: Dondozo|30\/100|[from] Recoil\n|\n|-heal|p2a: Dondozo|36\/100|[from] item: Leftovers\n|upkeep\n|turn|14\n|\n|t:|1699890817\n|-terastallize|p2a: Dondozo|Poison\n|move|p1a: Tapu Lele|Moonblast|p2a: Dondozo\n|-resisted|p2a: Dondozo\n|-damage|p2a: Dondozo|12\/100\n|move|p2a: Dondozo|Rest|p2a: Dondozo\n|-status|p2a: Dondozo|slp|[from] move: Rest\n|-heal|p2a: Dondozo|100\/100 slp|[silent]\n|\n|upkeep\n|turn|15\n|\n|t:|1699890827\n|switch|p1a: Greninja|Greninja, M|52\/100\n|cant|p2a: Dondozo|slp\n|move|p2a: Dondozo|Sleep Talk|p2a: Dondozo\n|move|p2a: Dondozo|Wave Crash|p1a: Greninja|[from]move: Sleep Talk\n|-resisted|p1a: Greninja\n|-damage|p1a: Greninja|0 fnt\n|faint|p1a: Greninja\n|-damage|p2a: Dondozo|91\/100 slp|[from] Recoil\n|\n|-heal|p2a: Dondozo|97\/100 slp|[from] item: Leftovers\n|upkeep\n|\n|t:|1699890830\n|switch|p1a: Tapu Lele|Tapu Lele, shiny, tera:Psychic|13\/100\n|turn|16\n|\n|t:|1699890840\n|switch|p2a: Greninja|Greninja, M|66\/100\n|-damage|p2a: Greninja|54\/100|[from] Spikes\n|move|p1a: Tapu Lele|Moonblast|p2a: Greninja\n|-supereffective|p2a: Greninja\n|-damage|p2a: Greninja|0 fnt\n|faint|p2a: Greninja\n|\n|-fieldend|move: Psychic Terrain\n|upkeep\n|\n|t:|1699890849\n|switch|p2a: Dondozo|Dondozo, F, tera:Poison|97\/100 slp\n|-damage|p2a: Dondozo|84\/100 slp|[from] Spikes\n|turn|17\n|\n|t:|1699890858\n|switch|p1a: Banette|Banette-Mega, F, shiny|21\/100\n|cant|p2a: Dondozo|slp\n|\n|-heal|p2a: Dondozo|91\/100 slp|[from] item: Leftovers\n|upkeep\n|turn|18\n|\n|t:|1699890865\n|move|p1a: Banette|Destiny Bond|p1a: Banette\n|-singlemove|p1a: Banette|Destiny Bond\n|-curestatus|p2a: Dondozo|slp|[msg]\n|move|p2a: Dondozo|Curse|p2a: Dondozo\n|-unboost|p2a: Dondozo|spe|1\n|-boost|p2a: Dondozo|atk|1\n|-boost|p2a: Dondozo|def|1\n|\n|-heal|p2a: Dondozo|97\/100|[from] item: Leftovers\n|upkeep\n|turn|19\n|\n|t:|1699890875\n|move|p1a: Banette|Encore|p2a: Dondozo\n|-start|p2a: Dondozo|Encore\n|move|p2a: Dondozo|Curse|p2a: Dondozo\n|-unboost|p2a: Dondozo|spe|1\n|-boost|p2a: Dondozo|atk|1\n|-boost|p2a: Dondozo|def|1\n|\n|-heal|p2a: Dondozo|100\/100|[from] item: Leftovers\n|upkeep\n|turn|20\n|\n|t:|1699890888\n|switch|p1a: Tapu Lele|Tapu Lele, shiny, tera:Psychic|13\/100\n|-fieldstart|move: Psychic Terrain|[from] ability: Psychic Surge|[of] p1a: Tapu Lele\n|switch|p2a: Diggersby|Diggersby, F, shiny|100\/100\n|-damage|p2a: Diggersby|88\/100|[from] Spikes\n|\n|upkeep\n|turn|21\n|\n|t:|1699890898\n|move|p1a: Tapu Lele|Psychic|p2a: Diggersby\n|-damage|p2a: Diggersby|0 fnt\n|faint|p2a: Diggersby\n|\n|upkeep\n|\n|t:|1699890904\n|switch|p2a: Dondozo|Dondozo, F, tera:Poison|100\/100\n|-damage|p2a: Dondozo|88\/100|[from] Spikes\n|turn|22\n|\n|t:|1699890907\n|move|p1a: Tapu Lele|Psychic|p2a: Dondozo\n|-supereffective|p2a: Dondozo\n|-crit|p2a: Dondozo\n|-damage|p2a: Dondozo|0 fnt\n|faint|p2a: Dondozo\n|\n|upkeep\n|-message|AbattaMondialBeton forfeited.\n|\n|win|Milotic Chen\n|raw|Milotic Chen's rating: 1625 &rarr; <strong>1652<\/strong><br \/>(+27 for winning)\n|raw|AbattaMondialBeton's rating: 1751 &rarr; <strong>1724<\/strong><br \/>(-27 for losing)\n|l|\u2606AbattaMondialBeton\n|c|\u2606Milotic Chen|gg\n","uploadtime":1699890923,"views":10,"p1id":"miloticchen","p2id":"abattamondialbeton","formatid":"gen9nationaldex","rating":1652,"private":0,"password":""}