{"id":"gen9nationaldex-1989696395","p1":"Wembsley","p2":"SylverOmega","format":"[Gen 9] National Dex","log":"|j|\u2606Wembsley\n|j|\u2606SylverOmega\n|t:|1699887762\n|gametype|singles\n|player|p1|Wembsley|shadowtriad|1480\n|player|p2|SylverOmega|palmer|1402\n|teamsize|p1|6\n|teamsize|p2|6\n|gen|9\n|tier|[Gen 9] National Dex\n|rated|\n|rule|HP Percentage Mod: HP is shown in percentages\n|rule|Endless Battle Clause: Forcing endless battles is banned\n|rule|OHKO Clause: OHKO moves are banned\n|rule|Evasion Clause: Evasion abilities, items, and moves are banned\n|rule|Evasion Abilities Clause: Evasion abilities are banned\n|rule|Evasion Items Clause: Evasion items are banned\n|rule|Evasion Moves Clause: Evasion moves are banned\n|rule|Species Clause: Limit one of each Pok\u00e9mon\n|rule|Sleep Clause Mod: Limit one foe put to sleep\n|clearpoke\n|poke|p1|Scizor, F|\n|poke|p1|Rotom-Wash|\n|poke|p1|Garchomp, F|\n|poke|p1|Heatran, F|\n|poke|p1|Landorus-Therian, M|\n|poke|p1|Kartana|\n|poke|p2|Scizor, M|\n|poke|p2|Iron Valiant|\n|poke|p2|Dragonite, M|\n|poke|p2|Samurott-Hisui, M|\n|poke|p2|Volcarona, M|\n|poke|p2|Ceruledge, M|\n|teampreview\n|inactive|Battle timer is ON: inactive players will automatically lose when time's up. (requested by SylverOmega)\n|inactive|Wembsley also wants the timer to be on.\n|c|\u2606SylverOmega|Hf\n|\n|t:|1699887779\n|start\n|switch|p1a: Fake Dog|Landorus-Therian, M|100\/100\n|switch|p2a: Samurott|Samurott-Hisui, M|100\/100\n|-ability|p1a: Fake Dog|Intimidate|boost\n|-unboost|p2a: Samurott|atk|1\n|turn|1\n|\n|t:|1699887788\n|move|p1a: Fake Dog|U-turn|p2a: Samurott\n|-supereffective|p2a: Samurott\n|-crit|p2a: Samurott\n|-damage|p2a: Samurott|7\/100\n|\n|t:|1699887791\n|switch|p1a: Sharknado|Garchomp, F|100\/100|[from] U-turn\n|move|p2a: Samurott|Flip Turn|p1a: Sharknado\n|-damage|p1a: Sharknado|82\/100\n|-damage|p2a: Samurott|0 fnt|[from] ability: Rough Skin|[of] p1a: Sharknado\n|faint|p2a: Samurott\n|\n|upkeep\n|c|\u2606Wembsley|hf\n|\n|t:|1699887805\n|switch|p2a: Dragonite|Dragonite, M, shiny|100\/100\n|turn|2\n|\n|t:|1699887810\n|-terastallize|p2a: Dragonite|Normal\n|-zpower|p1a: Sharknado\n|move|p1a: Sharknado|Continental Crush|p2a: Dragonite|[zeffect]\n|-damage|p2a: Dragonite|66\/100\n|move|p2a: Dragonite|Dragon Dance|p2a: Dragonite\n|-boost|p2a: Dragonite|atk|1\n|-boost|p2a: Dragonite|spe|1\n|\n|upkeep\n|turn|3\n|\n|t:|1699887824\n|move|p2a: Dragonite|Ice Spinner|p1a: Sharknado\n|-supereffective|p1a: Sharknado\n|-damage|p1a: Sharknado|0 fnt\n|-damage|p2a: Dragonite|54\/100|[from] ability: Rough Skin|[of] p1a: Sharknado\n|faint|p1a: Sharknado\n|\n|upkeep\n|\n|t:|1699887834\n|switch|p1a: Fake Dog|Landorus-Therian, M|100\/100\n|-ability|p1a: Fake Dog|Intimidate|boost\n|-unboost|p2a: Dragonite|atk|1\n|turn|4\n|\n|t:|1699887839\n|move|p1a: Fake Dog|U-turn|p2a: Dragonite\n|-damage|p2a: Dragonite|25\/100\n|\n|t:|1699887841\n|switch|p1a: Hiding Place|Rotom-Wash|100\/100|[from] U-turn\n|move|p2a: Dragonite|Ice Spinner|p1a: Hiding Place\n|-resisted|p1a: Hiding Place\n|-damage|p1a: Hiding Place|87\/100\n|\n|-heal|p1a: Hiding Place|93\/100|[from] item: Leftovers\n|upkeep\n|turn|5\n|\n|t:|1699887853\n|switch|p2a: Scizor|Scizor, M, shiny|100\/100\n|move|p1a: Hiding Place|Volt Switch|p2a: Scizor\n|-damage|p2a: Scizor|65\/100\n|\n|t:|1699887855\n|switch|p1a: Abomination|Heatran, F|100\/100|[from] Volt Switch\n|\n|upkeep\n|turn|6\n|\n|t:|1699887864\n|detailschange|p2a: Scizor|Scizor-Mega, M, shiny\n|-mega|p2a: Scizor|Scizor|Scizorite\n|move|p2a: Scizor|Close Combat|p1a: Abomination\n|-supereffective|p1a: Abomination\n|-damage|p1a: Abomination|28\/100\n|-unboost|p2a: Scizor|def|1\n|-unboost|p2a: Scizor|spd|1\n|move|p1a: Abomination|Stealth Rock|p2a: Scizor\n|-sidestart|p2: SylverOmega|move: Stealth Rock\n|\n|-heal|p1a: Abomination|35\/100|[from] item: Leftovers\n|upkeep\n|turn|7\n|\n|t:|1699887889\n|switch|p1a: No Running|Scizor, F|100\/100\n|move|p2a: Scizor|Knock Off|p1a: No Running\n|-damage|p1a: No Running|78\/100\n|\n|upkeep\n|turn|8\n|inactive|SylverOmega has 120 seconds left.\n|\n|t:|1699887922\n|switch|p2a: Dragonite|Dragonite, M, shiny, tera:Normal|25\/100\n|detailschange|p1a: No Running|Scizor-Mega, F\n|-mega|p1a: No Running|Scizor|Scizorite\n|move|p1a: No Running|U-turn|p2a: Dragonite\n|-crit|p2a: Dragonite\n|-damage|p2a: Dragonite|0 fnt\n|faint|p2a: Dragonite\n|\n|t:|1699887927\n|switch|p1a: Fake Dog|Landorus-Therian, M|100\/100|[from] U-turn\n|\n|upkeep\n|\n|t:|1699887943\n|switch|p2a: Iron Valiant|Iron Valiant|100\/100\n|-damage|p2a: Iron Valiant|94\/100|[from] Stealth Rock\n|-enditem|p2a: Iron Valiant|Booster Energy\n|-activate|p2a: Iron Valiant|ability: Quark Drive|[fromitem]\n|-start|p2a: Iron Valiant|quarkdrivespe\n|turn|9\n|\n|t:|1699887959\n|switch|p1a: Abomination|Heatran, F|35\/100\n|move|p2a: Iron Valiant|Calm Mind|p2a: Iron Valiant\n|-boost|p2a: Iron Valiant|spa|1\n|-boost|p2a: Iron Valiant|spd|1\n|\n|-heal|p1a: Abomination|41\/100|[from] item: Leftovers\n|upkeep\n|turn|10\n|\n|t:|1699887969\n|move|p2a: Iron Valiant|Thunderbolt|p1a: Abomination\n|-damage|p1a: Abomination|9\/100\n|move|p1a: Abomination|Toxic|p2a: Iron Valiant\n|-status|p2a: Iron Valiant|tox\n|\n|-heal|p1a: Abomination|15\/100|[from] item: Leftovers\n|-damage|p2a: Iron Valiant|88\/100 tox|[from] psn\n|upkeep\n|turn|11\n|\n|t:|1699887979\n|move|p2a: Iron Valiant|Calm Mind|p2a: Iron Valiant\n|-boost|p2a: Iron Valiant|spa|1\n|-boost|p2a: Iron Valiant|spd|1\n|move|p1a: Abomination|Earth Power|p2a: Iron Valiant\n|-damage|p2a: Iron Valiant|63\/100 tox\n|-unboost|p2a: Iron Valiant|spd|1\n|\n|-heal|p1a: Abomination|21\/100|[from] item: Leftovers\n|-damage|p2a: Iron Valiant|50\/100 tox|[from] psn\n|upkeep\n|turn|12\n|inactive|SylverOmega has 120 seconds left.\n|\n|t:|1699887991\n|move|p2a: Iron Valiant|Moonblast|p1a: Abomination\n|-resisted|p1a: Abomination\n|-damage|p1a: Abomination|6\/100\n|-unboost|p1a: Abomination|spa|1\n|move|p1a: Abomination|Earth Power|p2a: Iron Valiant\n|-damage|p2a: Iron Valiant|30\/100 tox\n|\n|-heal|p1a: Abomination|12\/100|[from] item: Leftovers\n|-damage|p2a: Iron Valiant|11\/100 tox|[from] psn\n|upkeep\n|turn|13\n|c|\u2606Wembsley|bro\n|inactive|SylverOmega has 120 seconds left.\n|c|\u2606Wembsley|just kill the heatran\n|c|\u2606Wembsley|LOL\n|\n|t:|1699888002\n|move|p2a: Iron Valiant|Thunderbolt|p1a: Abomination\n|-damage|p1a: Abomination|0 fnt\n|faint|p1a: Abomination\n|\n|-damage|p2a: Iron Valiant|0 fnt|[from] psn\n|faint|p2a: Iron Valiant\n|-end|p2a: Iron Valiant|Quark Drive|[silent]\n|upkeep\n|inactive|SylverOmega has 120 seconds left.\n|\n|t:|1699888021\n|switch|p2a: Volcarona|Volcarona, M|100\/100\n|switch|p1a: Fake Dog|Landorus-Therian, M|100\/100\n|-ability|p1a: Fake Dog|Intimidate|boost\n|-unboost|p2a: Volcarona|atk|1\n|turn|14\n|\n|t:|1699888037\n|move|p1a: Fake Dog|Earthquake|p2a: Volcarona\n|-damage|p2a: Volcarona|18\/100\n|move|p2a: Volcarona|Quiver Dance|p2a: Volcarona\n|-boost|p2a: Volcarona|spa|1\n|-boost|p2a: Volcarona|spd|1\n|-boost|p2a: Volcarona|spe|1\n|\n|upkeep\n|turn|15\n|inactive|SylverOmega has 120 seconds left.\n|\n|t:|1699888052\n|move|p2a: Volcarona|Flamethrower|p1a: Fake Dog\n|-damage|p1a: Fake Dog|1\/100\n|move|p1a: Fake Dog|Earthquake|p2a: Volcarona\n|-damage|p2a: Volcarona|0 fnt\n|faint|p2a: Volcarona\n|\n|upkeep\n|c|\u2606SylverOmega|Bro...\n|c|\u2606Wembsley|selfish calm minds and selfish quiver dances, when will they learn\n|\n|t:|1699888064\n|switch|p2a: Scizor|Scizor-Mega, M, shiny|65\/100\n|-damage|p2a: Scizor|52\/100|[from] Stealth Rock\n|turn|16\n|\n|t:|1699888083\n|switch|p1a: Hiding Place|Rotom-Wash|93\/100\n|move|p2a: Scizor|Bullet Punch|p1a: Hiding Place\n|-resisted|p1a: Hiding Place\n|-damage|p1a: Hiding Place|86\/100\n|\n|-heal|p1a: Hiding Place|92\/100|[from] item: Leftovers\n|upkeep\n|turn|17\n|\n|t:|1699888096\n|move|p2a: Scizor|Close Combat|p1a: Hiding Place\n|-damage|p1a: Hiding Place|52\/100\n|-unboost|p2a: Scizor|def|1\n|-unboost|p2a: Scizor|spd|1\n|move|p1a: Hiding Place|Will-O-Wisp|p2a: Scizor|[miss]\n|-miss|p1a: Hiding Place|p2a: Scizor\n|\n|-heal|p1a: Hiding Place|58\/100|[from] item: Leftovers\n|upkeep\n|turn|18\n|\n|t:|1699888109\n|move|p2a: Scizor|Knock Off|p1a: Hiding Place\n|-damage|p1a: Hiding Place|28\/100\n|-enditem|p1a: Hiding Place|Leftovers|[from] move: Knock Off|[of] p2a: Scizor\n|move|p1a: Hiding Place|Volt Switch|p2a: Scizor\n|-damage|p2a: Scizor|8\/100\n|\n|t:|1699888115\n|switch|p1a: No Running|Scizor-Mega, F|78\/100|[from] Volt Switch\n|\n|upkeep\n|turn|19\n|\n|t:|1699888120\n|switch|p2a: Ceruledge|Ceruledge, M|100\/100\n|-damage|p2a: Ceruledge|76\/100|[from] Stealth Rock\n|move|p1a: No Running|Swords Dance|p1a: No Running\n|-boost|p1a: No Running|atk|2\n|\n|upkeep\n|turn|20\n|inactive|SylverOmega has 120 seconds left.\n|\n|t:|1699888130\n|move|p2a: Ceruledge|Bitter Blade|p1a: No Running\n|-supereffective|p1a: No Running\n|-damage|p1a: No Running|0 fnt\n|-heal|p2a: Ceruledge|100\/100|[from] drain|[of] p1a: No Running\n|faint|p1a: No Running\n|\n|upkeep\n|\n|t:|1699888133\n|switch|p1a: Fake Dog|Landorus-Therian, M|1\/100\n|-ability|p1a: Fake Dog|Intimidate|boost\n|-unboost|p2a: Ceruledge|atk|1\n|turn|21\n|\n|t:|1699888140\n|move|p2a: Ceruledge|Shadow Sneak|p1a: Fake Dog\n|-damage|p1a: Fake Dog|0 fnt\n|faint|p1a: Fake Dog\n|\n|upkeep\n|\n|t:|1699888144\n|switch|p1a: Hiding Place|Rotom-Wash|28\/100\n|turn|22\n|\n|t:|1699888148\n|move|p2a: Ceruledge|Poltergeist||[still]\n|-fail|p2a: Ceruledge\n|move|p1a: Hiding Place|Hydro Pump|p2a: Ceruledge\n|-supereffective|p2a: Ceruledge\n|-damage|p2a: Ceruledge|2\/100\n|\n|upkeep\n|turn|23\n|c|\u2606SylverOmega|Shhhh\n|c|\u2606Wembsley|ur not the brightest..\n|\n|t:|1699888164\n|move|p2a: Ceruledge|Shadow Sneak|p1a: Hiding Place\n|-damage|p1a: Hiding Place|15\/100\n|move|p1a: Hiding Place|Volt Switch|p2a: Ceruledge\n|-damage|p2a: Ceruledge|0 fnt\n|faint|p2a: Ceruledge\n|\n|t:|1699888166\n|switch|p1a: Also No Running|Kartana|100\/100|[from] Volt Switch\n|\n|upkeep\n|c|\u2606Wembsley|ggez\n|\n|t:|1699888177\n|switch|p2a: Scizor|Scizor-Mega, M, shiny|8\/100\n|-damage|p2a: Scizor|0 fnt|[from] Stealth Rock\n|faint|p2a: Scizor\n|\n|win|Wembsley\n|raw|Wembsley's rating: 1480 &rarr; <strong>1496<\/strong><br \/>(+16 for winning)\n|raw|SylverOmega's rating: 1402 &rarr; <strong>1386<\/strong><br \/>(-16 for losing)\n|l|\u2606Wembsley\n","uploadtime":1699888184,"views":4,"p1id":"wembsley","p2id":"sylveromega","formatid":"gen9nationaldex","rating":1386,"private":0,"password":""}