{"id":"gen9nationaldex-1999253610","p1":"az668","p2":"neon knave","format":"[Gen 9] National Dex","log":"|html|<div class=\"broadcast-blue\"><strong>[Gen 9] National Dex is currently suspecting Sneasler! For information on how to participate check out the <a href=\"https:\/\/www.smogon.com\/forums\/threads\/sv-national-dex-suspect-8-just-dance.3731534\/\">suspect thread<\/a>.<\/strong><\/div>\n|j|\u2606az668\n|j|\u2606neon knave\n|t:|1701051136\n|gametype|singles\n|player|p1|az668|101|1086\n|player|p2|neon knave|cyclist|1216\n|teamsize|p1|6\n|teamsize|p2|6\n|gen|9\n|tier|[Gen 9] National Dex\n|rated|\n|rule|HP Percentage Mod: HP is shown in percentages\n|rule|Endless Battle Clause: Forcing endless battles is banned\n|rule|OHKO Clause: OHKO moves are banned\n|rule|Evasion Clause: Evasion abilities, items, and moves are banned\n|rule|Evasion Abilities Clause: Evasion abilities are banned\n|rule|Evasion Items Clause: Evasion items are banned\n|rule|Evasion Moves Clause: Evasion moves are banned\n|rule|Species Clause: Limit one of each Pok\u00e9mon\n|rule|Sleep Clause Mod: Limit one foe put to sleep\n|clearpoke\n|poke|p1|Aggron, F|\n|poke|p1|Rillaboom, M|\n|poke|p1|Alomomola, M|\n|poke|p1|Slowking-Galar, F|\n|poke|p1|Swellow, M|\n|poke|p1|Mamoswine, M|\n|poke|p2|Ceruledge, F|\n|poke|p2|Ninetales-Alola, M|\n|poke|p2|Zapdos|\n|poke|p2|Muk-Alola, M|\n|poke|p2|Torkoal, F|\n|poke|p2|Serperior, F|\n|teampreview\n|\n|t:|1701051142\n|start\n|switch|p1a: \u53f9\u606f\u4e4b\u5899|Aggron, F|100\/100\n|switch|p2a: Eepy|Torkoal, F|100\/100\n|-weather|SunnyDay|[from] ability: Drought|[of] p2a: Eepy\n|turn|1\n|\n|t:|1701051149\n|detailschange|p1a: \u53f9\u606f\u4e4b\u5899|Aggron-Mega, F\n|-mega|p1a: \u53f9\u606f\u4e4b\u5899|Aggron|Aggronite\n|move|p1a: \u53f9\u606f\u4e4b\u5899|Stealth Rock|p2a: Eepy\n|-sidestart|p2: neon knave|move: Stealth Rock\n|move|p2a: Eepy|Yawn|p1a: \u53f9\u606f\u4e4b\u5899\n|-start|p1a: \u53f9\u606f\u4e4b\u5899|move: Yawn|[of] p2a: Eepy\n|\n|-weather|SunnyDay|[upkeep]\n|upkeep\n|turn|2\n|\n|t:|1701051159\n|switch|p1a: Mamoswine|Mamoswine, M|100\/100\n|move|p2a: Eepy|Stealth Rock|p1a: Mamoswine\n|-sidestart|p1: az668|move: Stealth Rock\n|\n|-weather|SunnyDay|[upkeep]\n|upkeep\n|turn|3\n|\n|t:|1701051165\n|move|p1a: Mamoswine|Trailblaze|p2a: Eepy\n|-resisted|p2a: Eepy\n|-damage|p2a: Eepy|96\/100\n|-boost|p1a: Mamoswine|spe|1\n|-damage|p1a: Mamoswine|84\/100|[from] item: Rocky Helmet|[of] p2a: Eepy\n|move|p2a: Eepy|Yawn|p1a: Mamoswine\n|-start|p1a: Mamoswine|move: Yawn|[of] p2a: Eepy\n|\n|-weather|SunnyDay|[upkeep]\n|upkeep\n|turn|4\n|\n|t:|1701051177\n|switch|p1a: \u5927\u738b\u71d5\u5b50|Swellow, M|100\/100\n|-damage|p1a: \u5927\u738b\u71d5\u5b50|76\/100|[from] Stealth Rock\n|move|p2a: Eepy|Rapid Spin|p1a: \u5927\u738b\u71d5\u5b50\n|-damage|p1a: \u5927\u738b\u71d5\u5b50|57\/100\n|-boost|p2a: Eepy|spe|1\n|-sideend|p2: neon knave|Stealth Rock|[from] move: Rapid Spin|[of] p2a: Eepy\n|\n|-weather|SunnyDay|[upkeep]\n|upkeep\n|turn|5\n|\n|t:|1701051187\n|switch|p2a: Birb|Zapdos|100\/100\n|-terastallize|p1a: \u5927\u738b\u71d5\u5b50|Normal\n|move|p1a: \u5927\u738b\u71d5\u5b50|Boomburst|p2a: Birb\n|-damage|p2a: Birb|0 fnt\n|faint|p2a: Birb\n|\n|-weather|none\n|upkeep\n|\n|t:|1701051195\n|switch|p2a: Neon Knight|Ceruledge, F|100\/100\n|turn|6\n|\n|t:|1701051200\n|move|p1a: \u5927\u738b\u71d5\u5b50|Boomburst|p2a: Neon Knight\n|-enditem|p2a: Neon Knight|Focus Sash\n|-damage|p2a: Neon Knight|1\/100\n|move|p2a: Neon Knight|Close Combat|p1a: \u5927\u738b\u71d5\u5b50\n|-supereffective|p1a: \u5927\u738b\u71d5\u5b50\n|-damage|p1a: \u5927\u738b\u71d5\u5b50|0 fnt\n|-unboost|p2a: Neon Knight|def|1\n|-unboost|p2a: Neon Knight|spd|1\n|faint|p1a: \u5927\u738b\u71d5\u5b50\n|\n|upkeep\n|\n|t:|1701051211\n|switch|p1a: Mamoswine|Mamoswine, M|84\/100\n|-damage|p1a: Mamoswine|71\/100|[from] Stealth Rock\n|turn|7\n|\n|t:|1701051216\n|move|p2a: Neon Knight|Bitter Blade|p1a: Mamoswine\n|-supereffective|p1a: Mamoswine\n|-damage|p1a: Mamoswine|23\/100\n|-heal|p2a: Neon Knight|31\/100|[from] drain|[of] p1a: Mamoswine\n|move|p1a: Mamoswine|Trailblaze|p2a: Neon Knight\n|-resisted|p2a: Neon Knight\n|-damage|p2a: Neon Knight|11\/100\n|-boost|p1a: Mamoswine|spe|1\n|-ability|p2a: Neon Knight|Weak Armor|boost\n|-unboost|p2a: Neon Knight|def|1\n|-boost|p2a: Neon Knight|spe|2\n|\n|upkeep\n|turn|8\n|\n|t:|1701051232\n|switch|p1a: \u53ef\u9760\u80cc\u5f71|Alomomola, M|100\/100\n|-damage|p1a: \u53ef\u9760\u80cc\u5f71|88\/100|[from] Stealth Rock\n|move|p2a: Neon Knight|Bitter Blade|p1a: \u53ef\u9760\u80cc\u5f71\n|-resisted|p1a: \u53ef\u9760\u80cc\u5f71\n|-damage|p1a: \u53ef\u9760\u80cc\u5f71|76\/100\n|-heal|p2a: Neon Knight|23\/100|[from] drain|[of] p1a: \u53ef\u9760\u80cc\u5f71\n|-damage|p2a: Neon Knight|6\/100|[from] item: Rocky Helmet|[of] p1a: \u53ef\u9760\u80cc\u5f71\n|\n|upkeep\n|turn|9\n|\n|t:|1701051250\n|switch|p2a: Supernaut|Muk-Alola, M|100\/100\n|move|p1a: \u53ef\u9760\u80cc\u5f71|Wish|p1a: \u53ef\u9760\u80cc\u5f71\n|\n|upkeep\n|turn|10\n|\n|t:|1701051256\n|move|p1a: \u53ef\u9760\u80cc\u5f71|Flip Turn|p2a: Supernaut\n|-damage|p2a: Supernaut|84\/100\n|\n|t:|1701051259\n|switch|p1a: Mamoswine|Mamoswine, M|23\/100|[from] Flip Turn\n|-damage|p1a: Mamoswine|10\/100|[from] Stealth Rock\n|move|p2a: Supernaut|Gunk Shot|p1a: Mamoswine\n|-resisted|p1a: Mamoswine\n|-damage|p1a: Mamoswine|0 fnt\n|faint|p1a: Mamoswine\n|\n|upkeep\n|\n|t:|1701051268\n|switch|p1a: \u53f9\u606f\u4e4b\u5899|Aggron-Mega, F|100\/100\n|-damage|p1a: \u53f9\u606f\u4e4b\u5899|94\/100|[from] Stealth Rock\n|turn|11\n|\n|t:|1701051273\n|-singleturn|p2a: Supernaut|move: Focus Punch\n|move|p1a: \u53f9\u606f\u4e4b\u5899|Stealth Rock|p2a: Supernaut\n|-sidestart|p2: neon knave|move: Stealth Rock\n|move|p2a: Supernaut|Focus Punch|p1a: \u53f9\u606f\u4e4b\u5899\n|-supereffective|p1a: \u53f9\u606f\u4e4b\u5899\n|-damage|p1a: \u53f9\u606f\u4e4b\u5899|65\/100\n|\n|upkeep\n|turn|12\n|\n|t:|1701051282\n|move|p2a: Supernaut|Knock Off|p1a: \u53f9\u606f\u4e4b\u5899\n|-damage|p1a: \u53f9\u606f\u4e4b\u5899|52\/100\n|move|p1a: \u53f9\u606f\u4e4b\u5899|Iron Defense|p1a: \u53f9\u606f\u4e4b\u5899\n|-boost|p1a: \u53f9\u606f\u4e4b\u5899|def|2\n|\n|upkeep\n|turn|13\n|\n|t:|1701051292\n|switch|p2a: Eepy|Torkoal, F|96\/100\n|-damage|p2a: Eepy|71\/100|[from] Stealth Rock\n|-weather|SunnyDay|[from] ability: Drought|[of] p2a: Eepy\n|move|p1a: \u53f9\u606f\u4e4b\u5899|Body Press|p2a: Eepy\n|-crit|p2a: Eepy\n|-damage|p2a: Eepy|0 fnt\n|-damage|p1a: \u53f9\u606f\u4e4b\u5899|36\/100|[from] item: Rocky Helmet|[of] p2a: Eepy\n|faint|p2a: Eepy\n|\n|-weather|SunnyDay|[upkeep]\n|upkeep\n|\n|t:|1701051303\n|switch|p2a: Neon Knight|Ceruledge, F|6\/100\n|-damage|p2a: Neon Knight|0 fnt|[from] Stealth Rock\n|faint|p2a: Neon Knight\n|\n|t:|1701051306\n|switch|p2a: Snek|Serperior, F|100\/100\n|-damage|p2a: Snek|88\/100|[from] Stealth Rock\n|turn|14\n|\n|t:|1701051310\n|move|p2a: Snek|Glare|p1a: \u53f9\u606f\u4e4b\u5899\n|-status|p1a: \u53f9\u606f\u4e4b\u5899|par\n|move|p1a: \u53f9\u606f\u4e4b\u5899|Body Press|p2a: Snek\n|-damage|p2a: Snek|0 fnt\n|faint|p2a: Snek\n|\n|-weather|SunnyDay|[upkeep]\n|upkeep\n|\n|t:|1701051319\n|switch|p2a: Snowblind|Ninetales-Alola, M|100\/100\n|-damage|p2a: Snowblind|76\/100|[from] Stealth Rock\n|-weather|Snow|[from] ability: Snow Warning|[of] p2a: Snowblind\n|turn|15\n|\n|t:|1701051322\n|move|p2a: Snowblind|Aurora Veil|p2a: Snowblind\n|-sidestart|p2: neon knave|move: Aurora Veil\n|move|p1a: \u53f9\u606f\u4e4b\u5899|Heavy Slam|p2a: Snowblind\n|-supereffective|p2a: Snowblind\n|-damage|p2a: Snowblind|0 fnt\n|faint|p2a: Snowblind\n|\n|-weather|Snow|[upkeep]\n|upkeep\n|\n|t:|1701051326\n|switch|p2a: Supernaut|Muk-Alola, M|84\/100\n|-damage|p2a: Supernaut|71\/100|[from] Stealth Rock\n|turn|16\n|\n|t:|1701051330\n|move|p2a: Supernaut|Knock Off|p1a: \u53f9\u606f\u4e4b\u5899\n|-damage|p1a: \u53f9\u606f\u4e4b\u5899|30\/100 par\n|move|p1a: \u53f9\u606f\u4e4b\u5899|Iron Defense|p1a: \u53f9\u606f\u4e4b\u5899\n|-boost|p1a: \u53f9\u606f\u4e4b\u5899|def|2\n|\n|-weather|Snow|[upkeep]\n|upkeep\n|turn|17\n|\n|t:|1701051335\n|-singleturn|p2a: Supernaut|move: Focus Punch\n|move|p1a: \u53f9\u606f\u4e4b\u5899|Body Press|p2a: Supernaut\n|-damage|p2a: Supernaut|0 fnt\n|faint|p2a: Supernaut\n|\n|win|az668\n|raw|az668's rating: 1086 &rarr; <strong>1123<\/strong><br \/>(+37 for winning)\n|raw|neon knave's rating: 1216 &rarr; <strong>1182<\/strong><br \/>(-34 for losing)\n|l|\u2606neon knave\n","uploadtime":1701051495,"views":1,"p1id":"az668","p2id":"neonknave","formatid":"gen9nationaldex","rating":1123,"private":0,"password":""}