{"id":"gen9nationaldex-1987418512","p1":"trenko","p2":"plague070","format":"[Gen 9] National Dex","log":"|j|\u2606trenko\n|j|\u2606plague070\n|t:|1699588797\n|gametype|singles\n|player|p1|trenko|pokekid|\n|player|p2|plague070|allister|\n|teamsize|p1|6\n|teamsize|p2|6\n|gen|9\n|tier|[Gen 9] National Dex\n|rule|HP Percentage Mod: HP is shown in percentages\n|rule|Endless Battle Clause: Forcing endless battles is banned\n|rule|OHKO Clause: OHKO moves are banned\n|rule|Evasion Clause: Evasion abilities, items, and moves are banned\n|rule|Evasion Abilities Clause: Evasion abilities are banned\n|rule|Evasion Items Clause: Evasion items are banned\n|rule|Evasion Moves Clause: Evasion moves are banned\n|rule|Species Clause: Limit one of each Pok\u00e9mon\n|rule|Sleep Clause Mod: Limit one foe put to sleep\n|clearpoke\n|poke|p1|Mew|\n|poke|p1|Hatterene, F|\n|poke|p1|Marowak-Alola, F|\n|poke|p1|Iron Hands|\n|poke|p1|Stakataka|\n|poke|p1|Abomasnow, M|\n|poke|p2|Tapu Lele|\n|poke|p2|Blacephalon|\n|poke|p2|Sneasler, M|\n|poke|p2|Gastrodon, M|\n|poke|p2|Altaria, F|\n|poke|p2|Reuniclus, M|\n|teampreview\n|\n|t:|1699588826\n|start\n|switch|p1a: on god no cap|Hatterene, F|100\/100\n|switch|p2a: Mr dappermint|Blacephalon|100\/100\n|turn|1\n|\n|t:|1699588842\n|-terastallize|p1a: on god no cap|Water\n|move|p2a: Mr dappermint|Shadow Ball|p1a: on god no cap\n|-damage|p1a: on god no cap|49\/100\n|move|p1a: on god no cap|Trick Room|p1a: on god no cap\n|-fieldstart|move: Trick Room|[of] p1a: on god no cap\n|\n|-heal|p1a: on god no cap|55\/100|[from] item: Leftovers\n|upkeep\n|turn|2\n|\n|t:|1699588852\n|switch|p2a: Reuniclus|Reuniclus, M|100\/100\n|move|p1a: on god no cap|Healing Wish|p1a: on god no cap\n|faint|p1a: on god no cap\n|\n|upkeep\n|\n|t:|1699588855\n|switch|p1a: jim the slayer|Marowak-Alola, F, shiny|100\/100\n|turn|3\n|\n|t:|1699588869\n|move|p1a: jim the slayer|Poltergeist|p2a: Reuniclus\n|-activate|p2a: Reuniclus|move: Poltergeist|Kasib Berry\n|-supereffective|p2a: Reuniclus\n|-enditem|p2a: Reuniclus|Kasib Berry|[eat]\n|-enditem|p2a: Reuniclus|Kasib Berry|[weaken]\n|-damage|p2a: Reuniclus|34\/100\n|move|p2a: Reuniclus|Trick Room|p2a: Reuniclus\n|-fieldend|move: Trick Room\n|\n|upkeep\n|turn|4\n|c|\u2606trenko|you bitcj\n|c|\u2606trenko|bitch\n|c|\u2606trenko|fuck u\n|c|\u2606plague070|LMFAO\n|c|\u2606plague070|whats good man\n|\n|t:|1699588892\n|switch|p2a: Lana Del Rey|Altaria, F|100\/100\n|move|p1a: jim the slayer|Flare Blitz|p2a: Lana Del Rey\n|-resisted|p2a: Lana Del Rey\n|-damage|p2a: Lana Del Rey|34\/100\n|\n|upkeep\n|turn|5\n|\n|t:|1699588899\n|detailschange|p2a: Lana Del Rey|Altaria-Mega, F\n|-mega|p2a: Lana Del Rey|Altaria|Altarianite\n|move|p2a: Lana Del Rey|Roost|p2a: Lana Del Rey\n|-heal|p2a: Lana Del Rey|84\/100\n|-singleturn|p2a: Lana Del Rey|move: Roost\n|move|p1a: jim the slayer|Flare Blitz|p2a: Lana Del Rey\n|-resisted|p2a: Lana Del Rey\n|-damage|p2a: Lana Del Rey|35\/100\n|\n|upkeep\n|turn|6\n|\n|t:|1699588903\n|move|p2a: Lana Del Rey|Earthquake|p1a: jim the slayer\n|-supereffective|p1a: jim the slayer\n|-damage|p1a: jim the slayer|35\/100\n|move|p1a: jim the slayer|Poltergeist|p2a: Lana Del Rey\n|-activate|p2a: Lana Del Rey|move: Poltergeist|Altarianite\n|-damage|p2a: Lana Del Rey|0 fnt\n|faint|p2a: Lana Del Rey\n|\n|upkeep\n|j| stepback wemby\n|j| Keykard\n|c| stepback wemby|nice\n|c| stepback wemby|nice link\n|\n|t:|1699588921\n|switch|p2a: Hi|Tapu Lele|100\/100\n|-fieldstart|move: Psychic Terrain|[from] ability: Psychic Surge|[of] p2a: Hi\n|turn|7\n|\n|t:|1699588926\n|switch|p1a: mc stak|Stakataka|100\/100\n|move|p2a: Hi|Shadow Ball|p1a: mc stak\n|-damage|p1a: mc stak|55\/100\n|\n|upkeep\n|turn|8\n|\n|t:|1699588934\n|switch|p2a: Reuniclus|Reuniclus, M|34\/100\n|move|p1a: mc stak|Trick Room|p1a: mc stak\n|-fieldstart|move: Trick Room|[of] p1a: mc stak\n|\n|upkeep\n|turn|9\n|\n|t:|1699588938\n|move|p1a: mc stak|Earthquake|p2a: Reuniclus\n|-damage|p2a: Reuniclus|0 fnt\n|faint|p2a: Reuniclus\n|-ability|p1a: mc stak|Beast Boost|boost\n|-boost|p1a: mc stak|atk|1\n|-damage|p1a: mc stak|45\/100|[from] item: Life Orb\n|\n|upkeep\n|\n|t:|1699588942\n|switch|p2a: Gastro boomin|Gastrodon, M|100\/100\n|turn|10\n|j| Megakid20\n|j| jonglobobe\n|\n|t:|1699588952\n|move|p1a: mc stak|Earthquake|p2a: Gastro boomin\n|-damage|p2a: Gastro boomin|44\/100\n|-damage|p1a: mc stak|35\/100|[from] item: Life Orb\n|move|p2a: Gastro boomin|Earth Power|p1a: mc stak\n|-supereffective|p1a: mc stak\n|-damage|p1a: mc stak|0 fnt\n|faint|p1a: mc stak\n|\n|-heal|p2a: Gastro boomin|50\/100|[from] item: Leftovers\n|upkeep\n|\n|t:|1699588955\n|switch|p1a: Obama 90|Abomasnow, M|100\/100\n|-weather|Snow|[from] ability: Snow Warning|[of] p1a: Obama 90\n|turn|11\n|\n|t:|1699588964\n|detailschange|p1a: Obama 90|Abomasnow-Mega, M\n|-mega|p1a: Obama 90|Abomasnow|Abomasite\n|move|p1a: Obama 90|Giga Drain|p2a: Gastro boomin\n|-supereffective|p2a: Gastro boomin\n|-damage|p2a: Gastro boomin|0 fnt\n|faint|p2a: Gastro boomin\n|\n|-weather|Snow|[upkeep]\n|-fieldend|move: Psychic Terrain\n|upkeep\n|\n|t:|1699588983\n|switch|p2a: Sneasler|Sneasler, M|100\/100\n|turn|12\n|\n|t:|1699588999\n|-terastallize|p2a: Sneasler|Ice\n|move|p1a: Obama 90|Blizzard|p2a: Sneasler\n|-resisted|p2a: Sneasler\n|-damage|p2a: Sneasler|56\/100\n|move|p2a: Sneasler|Swords Dance|p2a: Sneasler\n|-boost|p2a: Sneasler|atk|2\n|\n|-weather|Snow|[upkeep]\n|-fieldend|move: Trick Room\n|upkeep\n|turn|13\n|j| homixide poopoo\n|c| jonglobobe|Why am i marowak\n|\n|t:|1699589011\n|move|p2a: Sneasler|Dire Claw|p1a: Obama 90\n|-supereffective|p1a: Obama 90\n|-damage|p1a: Obama 90|0 fnt\n|faint|p1a: Obama 90\n|\n|-weather|Snow|[upkeep]\n|upkeep\n|\n|t:|1699589019\n|switch|p1a: mystery box|Mew|100\/100\n|turn|14\n|\n|t:|1699589024\n|move|p2a: Sneasler|Dire Claw|p1a: mystery box\n|-damage|p1a: mystery box|41\/100\n|move|p1a: mystery box|Trick Room|p1a: mystery box\n|-fieldstart|move: Trick Room|[of] p1a: mystery box\n|\n|-weather|Snow|[upkeep]\n|upkeep\n|turn|15\n|c|\u2606plague070|gg\n|\n|t:|1699589043\n|move|p2a: Sneasler|Dire Claw|p1a: mystery box\n|-damage|p1a: mystery box|0 fnt\n|faint|p1a: mystery box\n|\n|-weather|none\n|upkeep\n|\n|t:|1699589054\n|switch|p1a: jim the slayer|Marowak-Alola, F, shiny|35\/100\n|-heal|p1a: jim the slayer|100\/100|[from] move: Healing Wish\n|turn|16\n|\n|t:|1699589060\n|move|p1a: jim the slayer|Flare Blitz|p2a: Sneasler\n|-supereffective|p2a: Sneasler\n|-damage|p2a: Sneasler|0 fnt\n|faint|p2a: Sneasler\n|\n|upkeep\n|\n|t:|1699589073\n|switch|p2a: Hi|Tapu Lele|100\/100\n|-fieldstart|move: Psychic Terrain|[from] ability: Psychic Surge|[of] p2a: Hi\n|turn|17\n|inactive|Battle timer is ON: inactive players will automatically lose when time's up. (requested by plague070)\n|\n|t:|1699589129\n|move|p1a: jim the slayer|Poltergeist|p2a: Hi\n|-activate|p2a: Hi|move: Poltergeist|Choice Specs\n|-supereffective|p2a: Hi\n|-damage|p2a: Hi|0 fnt\n|faint|p2a: Hi\n|\n|upkeep\n|\n|t:|1699589136\n|switch|p2a: Mr dappermint|Blacephalon|100\/100\n|turn|18\n|\n|t:|1699589140\n|move|p1a: jim the slayer|Earthquake|p2a: Mr dappermint\n|-supereffective|p2a: Mr dappermint\n|-damage|p2a: Mr dappermint|0 fnt\n|faint|p2a: Mr dappermint\n|\n|win|trenko\n","uploadtime":1699589144,"views":8,"p1id":"trenko","p2id":"plague070","formatid":"gen9nationaldex","rating":0,"private":0,"password":""}