{"id":"gen9nationaldex-1993875918","p1":"UserJexx","p2":"VarcoDoesBattles","format":"[Gen 9] National Dex","log":"|j|\u2606UserJexx\n|j|\u2606VarcoDoesBattles\n|t:|1700368664\n|gametype|singles\n|player|p1|UserJexx|lusamine-nihilego|1728\n|player|p2|VarcoDoesBattles|sada-ai|1561\n|teamsize|p1|6\n|teamsize|p2|6\n|gen|9\n|tier|[Gen 9] National Dex\n|rated|\n|rule|HP Percentage Mod: HP is shown in percentages\n|rule|Endless Battle Clause: Forcing endless battles is banned\n|rule|OHKO Clause: OHKO moves are banned\n|rule|Evasion Clause: Evasion abilities, items, and moves are banned\n|rule|Evasion Abilities Clause: Evasion abilities are banned\n|rule|Evasion Items Clause: Evasion items are banned\n|rule|Evasion Moves Clause: Evasion moves are banned\n|rule|Species Clause: Limit one of each Pok\u00e9mon\n|rule|Sleep Clause Mod: Limit one foe put to sleep\n|clearpoke\n|poke|p1|Goodra-Hisui, F|\n|poke|p1|Ceruledge, M|\n|poke|p1|Gliscor, M|\n|poke|p1|Hatterene, F|\n|poke|p1|Gastrodon-East, F|\n|poke|p1|Ditto|\n|poke|p2|Alomomola, M|\n|poke|p2|Dugtrio-Alola, M|\n|poke|p2|Tornadus-Therian, M|\n|poke|p2|Sneasler, F|\n|poke|p2|Rillaboom, F|\n|poke|p2|Heatran, M|\n|teampreview\n|j| Durr plant100\n|inactive|Battle timer is ON: inactive players will automatically lose when time's up. (requested by UserJexx)\n|\n|t:|1700368675\n|start\n|switch|p1a: Poseidon|Gastrodon-East, F|100\/100\n|switch|p2a: Heatran|Heatran, M|100\/100\n|turn|1\n|\n|t:|1700368687\n|-zpower|p2a: Heatran\n|move|p2a: Heatran|Bloom Doom|p1a: Poseidon|[zeffect]\n|-supereffective|p1a: Poseidon\n|-damage|p1a: Poseidon|0 fnt\n|faint|p1a: Poseidon\n|\n|upkeep\n|\n|t:|1700368694\n|switch|p1a: Nerites|Goodra-Hisui, F|100\/100\n|turn|2\n|\n|t:|1700368700\n|move|p2a: Heatran|Magma Storm|p1a: Nerites\n|-damage|p1a: Nerites|77\/100\n|-activate|p1a: Nerites|move: Magma Storm|[of] p2a: Heatran\n|move|p1a: Nerites|Draco Meteor|p2a: Heatran\n|-resisted|p2a: Heatran\n|-damage|p2a: Heatran|82\/100\n|-unboost|p1a: Nerites|spa|2\n|\n|-damage|p1a: Nerites|65\/100|[from] move: Magma Storm|[partiallytrapped]\n|upkeep\n|turn|3\n|\n|t:|1700368704\n|move|p2a: Heatran|Earth Power|p1a: Nerites\n|-supereffective|p1a: Nerites\n|-damage|p1a: Nerites|34\/100\n|move|p1a: Nerites|Earthquake|p2a: Heatran\n|-supereffective|p2a: Heatran\n|-damage|p2a: Heatran|0 fnt\n|faint|p2a: Heatran\n|\n|-end|p1a: Nerites|Magma Storm|[partiallytrapped]|[silent]\n|upkeep\n|\n|t:|1700368714\n|switch|p2a: Dugtrio|Dugtrio-Alola, M|100\/100\n|turn|4\n|\n|t:|1700368718\n|switch|p1a: Orion|Gliscor, M, shiny|100\/100\n|move|p2a: Dugtrio|Stealth Rock|p1a: Orion\n|-sidestart|p1: UserJexx|move: Stealth Rock\n|\n|-status|p1a: Orion|tox|[from] item: Toxic Orb\n|upkeep\n|turn|5\n|\n|t:|1700368728\n|switch|p2a: Tornadus|Tornadus-Therian, M|100\/100\n|move|p1a: Orion|Defog|p2a: Tornadus\n|-unboost|p2a: Tornadus|evasion|1\n|-sideend|p1: UserJexx|Stealth Rock|[from] move: Defog|[of] p1a: Orion\n|\n|upkeep\n|turn|6\n|\n|t:|1700368733\n|switch|p1a: Nerites|Goodra-Hisui, F|34\/100\n|move|p2a: Tornadus|Taunt|p1a: Nerites\n|-start|p1a: Nerites|move: Taunt\n|\n|upkeep\n|turn|7\n|\n|t:|1700368739\n|move|p2a: Tornadus|U-turn|p1a: Nerites\n|-resisted|p1a: Nerites\n|-crit|p1a: Nerites\n|-damage|p1a: Nerites|24\/100\n|\n|t:|1700368742\n|switch|p2a: Rillaboom|Rillaboom, F|100\/100|[from] U-turn\n|-fieldstart|move: Grassy Terrain|[from] ability: Grassy Surge|[of] p2a: Rillaboom\n|move|p1a: Nerites|Ice Spinner|p2a: Rillaboom\n|-supereffective|p2a: Rillaboom\n|-damage|p2a: Rillaboom|48\/100\n|-fieldend|move: Grassy Terrain\n|\n|upkeep\n|turn|8\n|\n|t:|1700368752\n|move|p2a: Rillaboom|U-turn|p1a: Nerites\n|-resisted|p1a: Nerites\n|-damage|p1a: Nerites|7\/100\n|\n|t:|1700368758\n|switch|p2a: Tornadus|Tornadus-Therian, M|100\/100|[from] U-turn\n|move|p1a: Nerites|Ice Spinner|p2a: Tornadus\n|-supereffective|p2a: Tornadus\n|-damage|p2a: Tornadus|41\/100\n|\n|-end|p1a: Nerites|move: Taunt\n|upkeep\n|turn|9\n|\n|t:|1700368774\n|move|p2a: Tornadus|U-turn|p1a: Nerites\n|-resisted|p1a: Nerites\n|-damage|p1a: Nerites|0 fnt\n|faint|p1a: Nerites\n|\n|t:|1700368777\n|switch|p2a: Rillaboom|Rillaboom, F|48\/100|[from] U-turn\n|-fieldstart|move: Grassy Terrain|[from] ability: Grassy Surge|[of] p2a: Rillaboom\n|\n|-heal|p2a: Rillaboom|54\/100|[from] Grassy Terrain\n|upkeep\n|\n|t:|1700368780\n|switch|p1a: Hephaestus|Ceruledge, M, shiny|100\/100\n|turn|10\n|\n|t:|1700368786\n|move|p1a: Hephaestus|Poltergeist|p2a: Rillaboom\n|-activate|p2a: Rillaboom|move: Poltergeist|Choice Band\n|-damage|p2a: Rillaboom|0 fnt\n|faint|p2a: Rillaboom\n|\n|upkeep\n|\n|t:|1700368794\n|switch|p2a: Dugtrio|Dugtrio-Alola, M|100\/100\n|turn|11\n|\n|t:|1700368801\n|switch|p1a: Orion|Gliscor, M, shiny|100\/100 tox\n|move|p2a: Dugtrio|Stealth Rock|p1a: Orion\n|-sidestart|p1: UserJexx|move: Stealth Rock\n|\n|upkeep\n|turn|12\n|j| SKTT1 GUMAYUSI\n|j| Bagpipie\n|\n|t:|1700368814\n|switch|p2a: Sneasler|Sneasler, F|100\/100\n|-enditem|p2a: Sneasler|Grassy Seed\n|-boost|p2a: Sneasler|def|1|[from] item: Grassy Seed\n|move|p1a: Orion|Earthquake|p2a: Sneasler\n|-supereffective|p2a: Sneasler\n|-damage|p2a: Sneasler|62\/100\n|\n|-heal|p2a: Sneasler|68\/100|[from] Grassy Terrain\n|upkeep\n|turn|13\n|\n|t:|1700368841\n|move|p2a: Sneasler|Swords Dance|p2a: Sneasler\n|-boost|p2a: Sneasler|atk|2\n|move|p1a: Orion|Toxic|p2a: Sneasler\n|-immune|p2a: Sneasler\n|\n|-heal|p2a: Sneasler|74\/100|[from] Grassy Terrain\n|-fieldend|move: Grassy Terrain\n|upkeep\n|turn|14\n|\n|t:|1700368850\n|-terastallize|p2a: Sneasler|Flying\n|move|p2a: Sneasler|Acrobatics|p1a: Orion\n|-damage|p1a: Orion|17\/100 tox\n|move|p1a: Orion|Earthquake|p2a: Sneasler\n|-immune|p2a: Sneasler\n|\n|-heal|p1a: Orion|29\/100 tox|[from] ability: Poison Heal\n|upkeep\n|turn|15\n|\n|t:|1700368858\n|move|p2a: Sneasler|Acrobatics|p1a: Orion\n|-damage|p1a: Orion|0 fnt\n|faint|p1a: Orion\n|\n|upkeep\n|\n|t:|1700368865\n|switch|p1a: Medusa|Hatterene, F, shiny|100\/100\n|-damage|p1a: Medusa|88\/100|[from] Stealth Rock\n|turn|16\n|\n|t:|1700368873\n|-terastallize|p1a: Medusa|Normal\n|move|p2a: Sneasler|Close Combat|p1a: Medusa\n|-supereffective|p1a: Medusa\n|-crit|p1a: Medusa\n|-damage|p1a: Medusa|0 fnt\n|-unboost|p2a: Sneasler|def|1\n|-unboost|p2a: Sneasler|spd|1\n|faint|p1a: Medusa\n|\n|upkeep\n|\n|t:|1700368879\n|switch|p1a: Hephaestus|Ceruledge, M, shiny|100\/100\n|-damage|p1a: Hephaestus|76\/100|[from] Stealth Rock\n|turn|17\n|\n|t:|1700368884\n|move|p2a: Sneasler|Acrobatics|p1a: Hephaestus\n|-damage|p1a: Hephaestus|0 fnt\n|faint|p1a: Hephaestus\n|\n|upkeep\n|\n|t:|1700368886\n|switch|p1a: Dolos|Ditto|100\/100\n|-damage|p1a: Dolos|88\/100|[from] Stealth Rock\n|-transform|p1a: Dolos|p2a: Sneasler|[from] ability: Imposter\n|-start|p1a: Dolos|typechange|Fighting\/Poison|[silent]\n|turn|18\n|\n|t:|1700368891\n|move|p2a: Sneasler|Acrobatics|p1a: Dolos\n|-supereffective|p1a: Dolos\n|-damage|p1a: Dolos|0 fnt\n|faint|p1a: Dolos\n|\n|win|VarcoDoesBattles\n|raw|UserJexx's rating: 1728 &rarr; <strong>1699<\/strong><br \/>(-29 for losing)\n|raw|VarcoDoesBattles's rating: 1561 &rarr; <strong>1590<\/strong><br \/>(+29 for winning)\n|c|\u2606VarcoDoesBattles|ggwp\n|l|\u2606UserJexx\n","uploadtime":1700368910,"views":8,"p1id":"userjexx","p2id":"varcodoesbattles","formatid":"gen9nationaldex","rating":1590,"private":0,"password":""}