{"id":"gen9nationaldex-1987959095","p1":"Dk Zay","p2":"Octavioth3second","format":"[Gen 9] National Dex","log":"|j|\u203dDk Zay\n|j|\u2606Octavioth3second\n|t:|1699653234\n|gametype|singles\n|player|p1|Dk Zay|169|1217\n|player|p2|Octavioth3second|scientistf|1220\n|teamsize|p1|6\n|teamsize|p2|6\n|gen|9\n|tier|[Gen 9] National Dex\n|rated|\n|rule|HP Percentage Mod: HP is shown in percentages\n|rule|Endless Battle Clause: Forcing endless battles is banned\n|rule|OHKO Clause: OHKO moves are banned\n|rule|Evasion Clause: Evasion abilities, items, and moves are banned\n|rule|Evasion Abilities Clause: Evasion abilities are banned\n|rule|Evasion Items Clause: Evasion items are banned\n|rule|Evasion Moves Clause: Evasion moves are banned\n|rule|Species Clause: Limit one of each Pok\u00e9mon\n|rule|Sleep Clause Mod: Limit one foe put to sleep\n|clearpoke\n|poke|p1|Aerodactyl, M|\n|poke|p1|Aegislash, F|\n|poke|p1|Tentacruel, M|\n|poke|p1|Volcarona, M|\n|poke|p1|Ogerpon-Wellspring, F|\n|poke|p1|Garchomp, M|\n|poke|p2|Hydreigon, F|\n|poke|p2|Amoonguss, M|\n|poke|p2|Toxapex, M|\n|poke|p2|Tornadus-Therian, M|\n|poke|p2|Kyurem|\n|poke|p2|Slowbro, F|\n|teampreview\n|inactive|Battle timer is ON: inactive players will automatically lose when time's up. (requested by Octavioth3second)\n|\n|t:|1699653256\n|start\n|switch|p1a: Ogerpon|Ogerpon-Wellspring, F|100\/100\n|switch|p2a: Toxapex|Toxapex, M|100\/100\n|turn|1\n|\n|t:|1699653263\n|move|p1a: Ogerpon|Spikes|p2a: Toxapex\n|-sidestart|p2: Octavioth3second|Spikes\n|move|p2a: Toxapex|Toxic Spikes|p1a: Ogerpon\n|-sidestart|p1: Dk Zay|move: Toxic Spikes\n|\n|upkeep\n|turn|2\n|\n|t:|1699653270\n|move|p1a: Ogerpon|Spikes|p2a: Toxapex\n|-sidestart|p2: Octavioth3second|Spikes\n|move|p2a: Toxapex|Toxic Spikes|p1a: Ogerpon\n|-sidestart|p1: Dk Zay|move: Toxic Spikes\n|\n|upkeep\n|turn|3\n|j| kuhrrohhsion\n|\n|t:|1699653280\n|switch|p2a: Tornadus|Tornadus-Therian, M|100\/100\n|move|p1a: Ogerpon|U-turn|p2a: Tornadus\n|-resisted|p2a: Tornadus\n|-damage|p2a: Tornadus|81\/100\n|\n|t:|1699653286\n|switch|p1a: Aerodactyl|Aerodactyl, M, shiny|100\/100|[from] U-turn\n|-ability|p1a: Aerodactyl|Unnerve\n|\n|upkeep\n|turn|4\n|\n|t:|1699653292\n|switch|p2a: Slowbro|Slowbro, F|100\/100\n|-damage|p2a: Slowbro|84\/100|[from] Spikes\n|move|p1a: Aerodactyl|Dragon Dance|p1a: Aerodactyl\n|-boost|p1a: Aerodactyl|atk|1\n|-boost|p1a: Aerodactyl|spe|1\n|\n|upkeep\n|turn|5\n|\n|t:|1699653302\n|detailschange|p1a: Aerodactyl|Aerodactyl-Mega, M, shiny\n|-mega|p1a: Aerodactyl|Aerodactyl|Aerodactylite\n|detailschange|p2a: Slowbro|Slowbro-Mega, F\n|-mega|p2a: Slowbro|Slowbro|Slowbronite\n|move|p1a: Aerodactyl|Dragon Dance|p1a: Aerodactyl\n|-boost|p1a: Aerodactyl|atk|1\n|-boost|p1a: Aerodactyl|spe|1\n|move|p2a: Slowbro|Calm Mind|p2a: Slowbro\n|-boost|p2a: Slowbro|spa|1\n|-boost|p2a: Slowbro|spd|1\n|\n|upkeep\n|turn|6\n|c| kuhrrohhsion|les go bro\n|\n|t:|1699653317\n|move|p1a: Aerodactyl|Dragon Dance|p1a: Aerodactyl\n|-boost|p1a: Aerodactyl|atk|1\n|-boost|p1a: Aerodactyl|spe|1\n|move|p2a: Slowbro|Scald|p1a: Aerodactyl\n|-supereffective|p1a: Aerodactyl\n|-damage|p1a: Aerodactyl|0 fnt\n|faint|p1a: Aerodactyl\n|\n|upkeep\n|c| kuhrrohhsion|DROGAS\n|\n|t:|1699653335\n|switch|p1a: Ogerpon|Ogerpon-Wellspring, F|100\/100\n|-status|p1a: Ogerpon|tox\n|turn|7\n|c|\u2606Octavioth3second|oh theres another person here\n|\n|t:|1699653345\n|switch|p2a: Tornadus|Tornadus-Therian, M|100\/100\n|move|p1a: Ogerpon|U-turn|p2a: Tornadus\n|-resisted|p2a: Tornadus\n|-damage|p2a: Tornadus|81\/100\n|\n|t:|1699653357\n|switch|p1a: Tentacruel|Tentacruel, M, shiny|100\/100|[from] U-turn\n|-sideend|p1: Dk Zay|move: Toxic Spikes|[of] p1a: Tentacruel\n|\n|upkeep\n|turn|8\n|\n|t:|1699653363\n|move|p2a: Tornadus|Defog|p1a: Tentacruel\n|-fail|p1a: Tentacruel|unboost|[from] ability: Clear Body|[of] p1a: Tentacruel\n|-sideend|p2: Octavioth3second|Spikes|[from] move: Defog|[of] p2a: Tornadus\n|move|p1a: Tentacruel|Scald|p2a: Tornadus\n|-damage|p2a: Tornadus|50\/100\n|\n|upkeep\n|turn|9\n|\n|t:|1699653372\n|move|p2a: Tornadus|U-turn|p1a: Tentacruel\n|-resisted|p1a: Tentacruel\n|-damage|p1a: Tentacruel|92\/100\n|-damage|p2a: Tornadus|40\/100|[from] item: Life Orb\n|c| kuhrrohhsion|zay you probably lose this very slowly\n|\n|t:|1699653379\n|switch|p2a: Amoonguss|Amoonguss, M|100\/100|[from] U-turn\n|move|p1a: Tentacruel|Knock Off|p2a: Amoonguss\n|-damage|p2a: Amoonguss|89\/100\n|-enditem|p2a: Amoonguss|Black Sludge|[from] move: Knock Off|[of] p1a: Tentacruel\n|\n|-heal|p1a: Tentacruel|98\/100|[from] item: Leftovers\n|upkeep\n|turn|10\n|c| kuhrrohhsion|not worth your time\n|\n|t:|1699653389\n|switch|p1a: Ogerpon|Ogerpon-Wellspring, F|100\/100 tox\n|move|p2a: Amoonguss|Spore|p1a: Ogerpon\n|-immune|p1a: Ogerpon\n|\n|-damage|p1a: Ogerpon|95\/100 tox|[from] psn\n|upkeep\n|turn|11\n|\n|t:|1699653399\n|move|p1a: Ogerpon|Spikes|p2a: Amoonguss\n|-sidestart|p2: Octavioth3second|Spikes\n|move|p2a: Amoonguss|Sludge Bomb|p1a: Ogerpon\n|-supereffective|p1a: Ogerpon\n|-damage|p1a: Ogerpon|30\/100 tox\n|\n|-damage|p1a: Ogerpon|18\/100 tox|[from] psn\n|upkeep\n|turn|12\n|c| kuhrrohhsion|indomie and wine\n|\n|t:|1699653407\n|switch|p2a: Tornadus|Tornadus-Therian, M|73\/100\n|move|p1a: Ogerpon|Ivy Cudgel|p2a: Tornadus\n|-damage|p2a: Tornadus|0 fnt\n|faint|p2a: Tornadus\n|\n|-damage|p1a: Ogerpon|0 fnt|[from] psn\n|faint|p1a: Ogerpon\n|upkeep\n|c| kuhrrohhsion|her ass so fine\n|\n|t:|1699653422\n|switch|p1a: Aegislash|Aegislash, F, shiny|100\/100\n|switch|p2a: Kyurem|Kyurem|100\/100\n|-damage|p2a: Kyurem|88\/100|[from] Spikes\n|-ability|p2a: Kyurem|Pressure\n|turn|13\n|c| kuhrrohhsion|doggy that bitch break her spine\n|\n|t:|1699653432\n|move|p2a: Kyurem|Earth Power|p1a: Aegislash\n|-supereffective|p1a: Aegislash\n|-damage|p1a: Aegislash|23\/100\n|-formechange|p1a: Aegislash|Aegislash-Blade||[from] ability: Stance Change\n|move|p1a: Aegislash|Flash Cannon|p2a: Kyurem\n|-supereffective|p2a: Kyurem\n|-damage|p2a: Kyurem|0 fnt\n|faint|p2a: Kyurem\n|-damage|p1a: Aegislash|13\/100|[from] item: Life Orb\n|\n|upkeep\n|c|\u2606Octavioth3second|what are you talking about\n|\n|t:|1699653449\n|switch|p2a: Hydreigon|Hydreigon, F|100\/100\n|turn|14\n|\n|t:|1699653459\n|switch|p1a: Tentacruel|Tentacruel, M, shiny|98\/100\n|move|p2a: Hydreigon|Draco Meteor|p1a: Tentacruel\n|-damage|p1a: Tentacruel|44\/100\n|-unboost|p2a: Hydreigon|spa|2\n|\n|-heal|p1a: Tentacruel|50\/100|[from] item: Leftovers\n|upkeep\n|turn|15\n|c| kuhrrohhsion|whatthefucyoutalmboutgoofy\n|\n|t:|1699653470\n|switch|p2a: Amoonguss|Amoonguss, M|100\/100\n|-damage|p2a: Amoonguss|88\/100|[from] Spikes\n|move|p1a: Tentacruel|Scald|p2a: Amoonguss\n|-resisted|p2a: Amoonguss\n|-damage|p2a: Amoonguss|77\/100\n|\n|-heal|p1a: Tentacruel|57\/100|[from] item: Leftovers\n|upkeep\n|turn|16\n|\n|t:|1699653480\n|move|p1a: Tentacruel|Toxic Spikes|p2a: Amoonguss\n|-sidestart|p2: Octavioth3second|move: Toxic Spikes\n|move|p2a: Amoonguss|Spore|p1a: Tentacruel\n|-status|p1a: Tentacruel|slp|[from] move: Spore\n|\n|-heal|p1a: Tentacruel|63\/100 slp|[from] item: Leftovers\n|upkeep\n|turn|17\n|c| kuhrrohhsion|Octavioth3second you are fucking garbage 44% gxe\n|c| kuhrrohhsion|dont speak to me\n|c| kuhrrohhsion|peasant\n|l| kuhrrohhsion\n|c|\u2606Octavioth3second|how about i do\n|inactive|Octavioth3second has 120 seconds left.\n|\n|t:|1699653522\n|switch|p1a: Volcarona|Volcarona, M, shiny|100\/100\n|switch|p2a: Slowbro|Slowbro-Mega, F|84\/100\n|-damage|p2a: Slowbro|72\/100|[from] Spikes\n|-status|p2a: Slowbro|psn\n|\n|-damage|p2a: Slowbro|59\/100 psn|[from] psn\n|upkeep\n|turn|18\n|\n|t:|1699653545\n|switch|p1a: Aegislash|Aegislash, F, shiny|13\/100\n|switch|p2a: Toxapex|Toxapex, M|100\/100\n|-damage|p2a: Toxapex|88\/100|[from] Spikes\n|-sideend|p2: Octavioth3second|move: Toxic Spikes|[of] p2a: Toxapex\n|\n|upkeep\n|turn|19\n|\n|t:|1699653558\n|switch|p1a: Tentacruel|Tentacruel, M, shiny|63\/100 slp\n|move|p2a: Toxapex|Scald|p1a: Tentacruel\n|-resisted|p1a: Tentacruel\n|-damage|p1a: Tentacruel|55\/100 slp\n|\n|-heal|p1a: Tentacruel|61\/100 slp|[from] item: Leftovers\n|upkeep\n|turn|20\n|\n|t:|1699653565\n|cant|p1a: Tentacruel|slp\n|move|p2a: Toxapex|Toxic Spikes|p1a: Tentacruel\n|-sidestart|p1: Dk Zay|move: Toxic Spikes\n|\n|-heal|p1a: Tentacruel|67\/100 slp|[from] item: Leftovers\n|upkeep\n|turn|21\n|\n|t:|1699653572\n|switch|p2a: Amoonguss|Amoonguss, M|100\/100\n|-damage|p2a: Amoonguss|88\/100|[from] Spikes\n|-curestatus|p1a: Tentacruel|slp|[msg]\n|move|p1a: Tentacruel|Rapid Spin|p2a: Amoonguss\n|-damage|p2a: Amoonguss|82\/100\n|-boost|p1a: Tentacruel|spe|1\n|-sideend|p1: Dk Zay|Toxic Spikes|[from] move: Rapid Spin|[of] p1a: Tentacruel\n|\n|-heal|p1a: Tentacruel|73\/100|[from] item: Leftovers\n|upkeep\n|turn|22\n|\n|t:|1699653585\n|move|p1a: Tentacruel|Scald|p2a: Amoonguss\n|-resisted|p2a: Amoonguss\n|-damage|p2a: Amoonguss|72\/100\n|move|p2a: Amoonguss|Spore|p1a: Tentacruel\n|-status|p1a: Tentacruel|slp|[from] move: Spore\n|\n|-heal|p1a: Tentacruel|79\/100 slp|[from] item: Leftovers\n|upkeep\n|turn|23\n|\n|t:|1699653600\n|switch|p2a: Hydreigon|Hydreigon, F|100\/100\n|cant|p1a: Tentacruel|slp\n|\n|-heal|p1a: Tentacruel|85\/100 slp|[from] item: Leftovers\n|upkeep\n|turn|24\n|j|@ken\n|c|@ken|\/log kuhrrohhsion was locked from talking by ken. (toxic\/inapp)\n|l|@ken\n|inactive|Octavioth3second has 90 seconds left.\n|c|\u2606Octavioth3second|lol\n|\n|t:|1699653635\n|move|p2a: Hydreigon|Dark Pulse|p1a: Tentacruel\n|-damage|p1a: Tentacruel|50\/100 slp\n|cant|p1a: Tentacruel|slp\n|\n|-heal|p1a: Tentacruel|56\/100 slp|[from] item: Leftovers\n|upkeep\n|turn|25\n|\n|t:|1699653663\n|move|p2a: Hydreigon|Dark Pulse|p1a: Tentacruel\n|-damage|p1a: Tentacruel|23\/100 slp\n|-curestatus|p1a: Tentacruel|slp|[msg]\n|move|p1a: Tentacruel|Scald|p2a: Hydreigon\n|-resisted|p2a: Hydreigon\n|-damage|p2a: Hydreigon|88\/100\n|\n|-heal|p1a: Tentacruel|29\/100|[from] item: Leftovers\n|upkeep\n|turn|26\n|inactive|Octavioth3second has 90 seconds left.\n|\n|t:|1699653693\n|move|p2a: Hydreigon|Dark Pulse|p1a: Tentacruel\n|-damage|p1a: Tentacruel|0 fnt\n|faint|p1a: Tentacruel\n|\n|upkeep\n|\n|t:|1699653702\n|switch|p1a: Garchomp|Garchomp, M, shiny|100\/100\n|turn|27\n|\n|t:|1699653713\n|switch|p2a: Amoonguss|Amoonguss, M|100\/100\n|-damage|p2a: Amoonguss|88\/100|[from] Spikes\n|-terastallize|p1a: Garchomp|Steel\n|move|p1a: Garchomp|Swords Dance|p1a: Garchomp\n|-boost|p1a: Garchomp|atk|2\n|\n|upkeep\n|turn|28\n|\n|t:|1699653723\n|move|p1a: Garchomp|Scale Shot|p2a: Amoonguss\n|-damage|p2a: Amoonguss|69\/100\n|-damage|p2a: Amoonguss|49\/100\n|-damage|p2a: Amoonguss|32\/100\n|-damage|p2a: Amoonguss|14\/100\n|-hitcount|p2a: Amoonguss|4\n|-unboost|p1a: Garchomp|def|1\n|-boost|p1a: Garchomp|spe|1\n|move|p2a: Amoonguss|Spore|p1a: Garchomp\n|-status|p1a: Garchomp|slp|[from] move: Spore\n|\n|upkeep\n|turn|29\n|\n|t:|1699653736\n|switch|p2a: Toxapex|Toxapex, M|100\/100\n|-damage|p2a: Toxapex|88\/100|[from] Spikes\n|cant|p1a: Garchomp|slp\n|\n|upkeep\n|turn|30\n|\n|t:|1699653743\n|-curestatus|p1a: Garchomp|slp|[msg]\n|move|p1a: Garchomp|Earthquake|p2a: Toxapex\n|-supereffective|p2a: Toxapex\n|-damage|p2a: Toxapex|0 fnt\n|faint|p2a: Toxapex\n|\n|upkeep\n|\n|t:|1699653751\n|switch|p2a: Hydreigon|Hydreigon, F|88\/100\n|turn|31\n|inactive|Octavioth3second has 90 seconds left.\n|\n|t:|1699653763\n|move|p1a: Garchomp|Scale Shot|p2a: Hydreigon\n|-supereffective|p2a: Hydreigon\n|-damage|p2a: Hydreigon|25\/100\n|-supereffective|p2a: Hydreigon\n|-damage|p2a: Hydreigon|0 fnt\n|faint|p2a: Hydreigon\n|-hitcount|p2: Hydreigon|2\n|-unboost|p1a: Garchomp|def|1\n|-boost|p1a: Garchomp|spe|1\n|\n|upkeep\n|\n|t:|1699653775\n|switch|p2a: Amoonguss|Amoonguss, M|47\/100\n|-damage|p2a: Amoonguss|35\/100|[from] Spikes\n|turn|32\n|\n|t:|1699653786\n|move|p2a: Amoonguss|Protect|p2a: Amoonguss\n|-singleturn|p2a: Amoonguss|Protect\n|move|p1a: Garchomp|Scale Shot|p2a: Amoonguss\n|-activate|p2a: Amoonguss|move: Protect\n|\n|upkeep\n|turn|33\n|inactive|Octavioth3second has 90 seconds left.\n|\n|t:|1699653794\n|switch|p2a: Slowbro|Slowbro-Mega, F|59\/100 psn\n|-damage|p2a: Slowbro|47\/100 psn|[from] Spikes\n|move|p1a: Garchomp|Earthquake|p2a: Slowbro\n|-damage|p2a: Slowbro|0 fnt\n|faint|p2a: Slowbro\n|\n|upkeep\n|inactive|Octavioth3second has 90 seconds left.\n|\n|t:|1699653802\n|switch|p2a: Amoonguss|Amoonguss, M|68\/100\n|-damage|p2a: Amoonguss|56\/100|[from] Spikes\n|turn|34\n|\n|t:|1699653807\n|-terastallize|p2a: Amoonguss|Grass\n|move|p1a: Garchomp|Scale Shot|p2a: Amoonguss\n|-damage|p2a: Amoonguss|36\/100\n|-damage|p2a: Amoonguss|17\/100\n|-damage|p2a: Amoonguss|0 fnt\n|faint|p2a: Amoonguss\n|-hitcount|p2: Amoonguss|3\n|\n|win|Dk Zay\n|raw|Dk Zay's rating: 1217 &rarr; <strong>1242<\/strong><br \/>(+25 for winning)\n|raw|Octavioth3second's rating: 1220 &rarr; <strong>1195<\/strong><br \/>(-25 for losing)\n","uploadtime":1699653431,"views":4,"p1id":"dkzay","p2id":"octavioth3second","formatid":"gen9nationaldex","rating":1195,"private":0,"password":""}