{"id":"gen9nationaldex-1988573877","p1":"Tank Tests","p2":"Dawniebuns","format":"[Gen 9] National Dex","log":"|j|\u2606Tank Tests\n|j|\u2606Dawniebuns\n|t:|1699737664\n|gametype|singles\n|player|p1|Tank Tests|266|1328\n|player|p2|Dawniebuns|clair|1287\n|teamsize|p1|6\n|teamsize|p2|6\n|gen|9\n|tier|[Gen 9] National Dex\n|rated|\n|rule|HP Percentage Mod: HP is shown in percentages\n|rule|Endless Battle Clause: Forcing endless battles is banned\n|rule|OHKO Clause: OHKO moves are banned\n|rule|Evasion Clause: Evasion abilities, items, and moves are banned\n|rule|Evasion Abilities Clause: Evasion abilities are banned\n|rule|Evasion Items Clause: Evasion items are banned\n|rule|Evasion Moves Clause: Evasion moves are banned\n|rule|Species Clause: Limit one of each Pok\u00e9mon\n|rule|Sleep Clause Mod: Limit one foe put to sleep\n|clearpoke\n|poke|p1|Thundurus-Therian, M|\n|poke|p1|Tapu Koko|\n|poke|p1|Ninetales-Alola, M|\n|poke|p1|Xurkitree|\n|poke|p1|Raichu-Alola, F|\n|poke|p1|Iron Treads|\n|poke|p2|Slither Wing|\n|poke|p2|Kyurem|\n|poke|p2|Zapdos|\n|poke|p2|Diancie|\n|poke|p2|Jirachi|\n|poke|p2|Gyarados, M|\n|teampreview\n|\n|t:|1699737679\n|start\n|switch|p1a: Tapu Koko|Tapu Koko|100\/100\n|switch|p2a: Jirachi|Jirachi|100\/100\n|-fieldstart|move: Electric Terrain|[from] ability: Electric Surge|[of] p1a: Tapu Koko\n|turn|1\n|\n|t:|1699737683\n|move|p1a: Tapu Koko|U-turn|p2a: Jirachi\n|-damage|p2a: Jirachi|82\/100\n|\n|t:|1699737687\n|switch|p1a: Iron Treads|Iron Treads|100\/100|[from] U-turn\n|-activate|p1a: Iron Treads|ability: Quark Drive\n|-start|p1a: Iron Treads|quarkdrivespe\n|move|p2a: Jirachi|Stealth Rock|p1a: Iron Treads\n|-sidestart|p1: Tank Tests|move: Stealth Rock\n|\n|-heal|p2a: Jirachi|89\/100|[from] item: Leftovers\n|upkeep\n|turn|2\n|\n|t:|1699737696\n|switch|p2a: Zapdos|Zapdos|100\/100\n|move|p1a: Iron Treads|Rapid Spin|p2a: Zapdos\n|-damage|p2a: Zapdos|86\/100\n|-boost|p1a: Iron Treads|spe|1\n|-status|p1a: Iron Treads|par|[from] ability: Static|[of] p2a: Zapdos\n|-sideend|p1: Tank Tests|Stealth Rock|[from] move: Rapid Spin|[of] p1a: Iron Treads\n|\n|upkeep\n|turn|3\n|\n|t:|1699737712\n|cant|p1a: Iron Treads|par\n|move|p2a: Zapdos|Defog|p1a: Iron Treads\n|-unboost|p1a: Iron Treads|evasion|1\n|-fieldend|move: Electric Terrain\n|-end|p1a: Iron Treads|Quark Drive\n|\n|upkeep\n|turn|4\n|\n|t:|1699737721\n|switch|p2a: Gyarados|Gyarados, M|100\/100\n|cant|p1a: Iron Treads|par\n|\n|upkeep\n|turn|5\n|\n|t:|1699737729\n|move|p2a: Gyarados|Waterfall|p1a: Iron Treads\n|-supereffective|p1a: Iron Treads\n|-damage|p1a: Iron Treads|26\/100 par\n|cant|p1a: Iron Treads|par\n|\n|upkeep\n|turn|6\n|\n|t:|1699737734\n|move|p2a: Gyarados|Waterfall|p1a: Iron Treads\n|-supereffective|p1a: Iron Treads\n|-damage|p1a: Iron Treads|0 fnt\n|faint|p1a: Iron Treads\n|-end|p1a: Iron Treads|Quark Drive|[silent]\n|-ability|p2a: Gyarados|Moxie|boost\n|-boost|p2a: Gyarados|atk|1\n|\n|upkeep\n|\n|t:|1699737741\n|switch|p1a: Tapu Koko|Tapu Koko|100\/100\n|-fieldstart|move: Electric Terrain|[from] ability: Electric Surge|[of] p1a: Tapu Koko\n|turn|7\n|\n|t:|1699737749\n|-terastallize|p2a: Gyarados|Grass\n|move|p1a: Tapu Koko|U-turn|p2a: Gyarados\n|-supereffective|p2a: Gyarados\n|-damage|p2a: Gyarados|47\/100\n|\n|t:|1699737754\n|switch|p1a: Ninetales|Ninetales-Alola, M|100\/100|[from] U-turn\n|-weather|Snow|[from] ability: Snow Warning|[of] p1a: Ninetales\n|move|p2a: Gyarados|Waterfall|p1a: Ninetales\n|-damage|p1a: Ninetales|27\/100\n|\n|-weather|Snow|[upkeep]\n|upkeep\n|turn|8\n|\n|t:|1699737763\n|move|p2a: Gyarados|Waterfall|p1a: Ninetales\n|-damage|p1a: Ninetales|0 fnt\n|faint|p1a: Ninetales\n|-ability|p2a: Gyarados|Moxie|boost\n|-boost|p2a: Gyarados|atk|1\n|\n|-weather|Snow|[upkeep]\n|upkeep\n|\n|t:|1699737767\n|switch|p1a: Tapu Koko|Tapu Koko|100\/100\n|turn|9\n|\n|t:|1699737769\n|move|p1a: Tapu Koko|U-turn|p2a: Gyarados\n|-supereffective|p2a: Gyarados\n|-damage|p2a: Gyarados|0 fnt\n|faint|p2a: Gyarados\n|\n|t:|1699737779\n|switch|p1a: Thundurus|Thundurus-Therian, M|100\/100|[from] U-turn\n|\n|-weather|Snow|[upkeep]\n|upkeep\n|\n|t:|1699737791\n|switch|p2a: Diancie|Diancie|100\/100\n|turn|10\n|\n|t:|1699737795\n|detailschange|p2a: Diancie|Diancie-Mega\n|-mega|p2a: Diancie|Diancie|Diancite\n|-terastallize|p1a: Thundurus|Electric\n|move|p1a: Thundurus|Rising Voltage|p2a: Diancie\n|-hint|Rising Voltage's BP doubled on grounded target.\n|-damage|p2a: Diancie|0 fnt\n|faint|p2a: Diancie\n|\n|-weather|Snow|[upkeep]\n|upkeep\n|\n|t:|1699737806\n|switch|p2a: Slither Wing|Slither Wing|100\/100\n|-enditem|p2a: Slither Wing|Booster Energy\n|-activate|p2a: Slither Wing|ability: Protosynthesis|[fromitem]\n|-start|p2a: Slither Wing|protosynthesisatk\n|turn|11\n|\n|t:|1699737813\n|move|p2a: Slither Wing|First Impression|p1a: Thundurus\n|-damage|p1a: Thundurus|10\/100\n|move|p1a: Thundurus|Rising Voltage|p2a: Slither Wing\n|-hint|Rising Voltage's BP doubled on grounded target.\n|-damage|p2a: Slither Wing|0 fnt\n|faint|p2a: Slither Wing\n|-end|p2a: Slither Wing|Protosynthesis|[silent]\n|\n|-weather|none\n|upkeep\n|\n|t:|1699737827\n|switch|p2a: Kyurem|Kyurem|100\/100\n|-ability|p2a: Kyurem|Pressure\n|turn|12\n|\n|t:|1699737830\n|move|p1a: Thundurus|Rising Voltage|p2a: Kyurem\n|-hint|Rising Voltage's BP doubled on grounded target.\n|-resisted|p2a: Kyurem\n|-damage|p2a: Kyurem|35\/100\n|move|p2a: Kyurem|Dragon Dance|p2a: Kyurem\n|-boost|p2a: Kyurem|atk|1\n|-boost|p2a: Kyurem|spe|1\n|\n|upkeep\n|turn|13\n|\n|t:|1699737836\n|move|p1a: Thundurus|Rising Voltage|p2a: Kyurem\n|-hint|Rising Voltage's BP doubled on grounded target.\n|-resisted|p2a: Kyurem\n|-damage|p2a: Kyurem|0 fnt\n|faint|p2a: Kyurem\n|\n|upkeep\n|-message|Dawniebuns forfeited.\n|\n|win|Tank Tests\n|raw|Tank Tests's rating: 1328 &rarr; <strong>1346<\/strong><br \/>(+18 for winning)\n|raw|Dawniebuns's rating: 1287 &rarr; <strong>1265<\/strong><br \/>(-22 for losing)\n|l|\u2606Dawniebuns\n","uploadtime":1699737848,"views":4,"p1id":"tanktests","p2id":"dawniebuns","formatid":"gen9nationaldex","rating":1265,"private":0,"password":""}