{"id":"gen9nationaldex-1990518065","p1":"Gwonodd","p2":"lxvliiz","format":"[Gen 9] National Dex","log":"|j|\u2606Gwonodd\n|j|\u2606lxvliiz\n|t:|1699978032\n|gametype|singles\n|player|p1|Gwonodd|gentleman|1193\n|player|p2|lxvliiz|guitarist|1129\n|teamsize|p1|6\n|teamsize|p2|6\n|gen|9\n|tier|[Gen 9] National Dex\n|rated|\n|rule|HP Percentage Mod: HP is shown in percentages\n|rule|Endless Battle Clause: Forcing endless battles is banned\n|rule|OHKO Clause: OHKO moves are banned\n|rule|Evasion Clause: Evasion abilities, items, and moves are banned\n|rule|Evasion Abilities Clause: Evasion abilities are banned\n|rule|Evasion Items Clause: Evasion items are banned\n|rule|Evasion Moves Clause: Evasion moves are banned\n|rule|Species Clause: Limit one of each Pok\u00e9mon\n|rule|Sleep Clause Mod: Limit one foe put to sleep\n|clearpoke\n|poke|p1|Garganacl, M|\n|poke|p1|Ferrothorn, M|\n|poke|p1|Dragonite, M|\n|poke|p1|Tornadus, M|\n|poke|p1|Glimmora, F|\n|poke|p1|Kartana|\n|poke|p2|Charizard, F|\n|poke|p2|Azumarill, F|\n|poke|p2|Lilligant-Hisui, F|\n|poke|p2|Aegislash, M|\n|poke|p2|Nidoking, M|\n|poke|p2|Grimmsnarl, M|\n|teampreview\n|inactive|Battle timer is ON: inactive players will automatically lose when time's up. (requested by Gwonodd)\n|\n|t:|1699978036\n|start\n|switch|p1a: Meath Addict|Glimmora, F, shiny|100\/100\n|switch|p2a: Grimmsnarl|Grimmsnarl, M|100\/100\n|turn|1\n|c|\u2606Gwonodd|glhf\n|\n|t:|1699978042\n|move|p2a: Grimmsnarl|Reflect|p2a: Grimmsnarl\n|-sidestart|p2: lxvliiz|Reflect\n|move|p1a: Meath Addict|Sludge Bomb|p2a: Grimmsnarl\n|-supereffective|p2a: Grimmsnarl\n|-damage|p2a: Grimmsnarl|26\/100\n|\n|upkeep\n|turn|2\n|c|\u2606lxvliiz|u too\n|\n|t:|1699978048\n|move|p2a: Grimmsnarl|Parting Shot|p1a: Meath Addict\n|-unboost|p1a: Meath Addict|atk|1\n|-unboost|p1a: Meath Addict|spa|1\n|\n|t:|1699978051\n|switch|p2a: Aegislash|Aegislash, M|100\/100|[from] Parting Shot\n|move|p1a: Meath Addict|Sludge Bomb|p2a: Aegislash\n|-immune|p2a: Aegislash\n|\n|upkeep\n|turn|3\n|\n|t:|1699978058\n|move|p1a: Meath Addict|Stealth Rock|p2a: Aegislash\n|-sidestart|p2: lxvliiz|move: Stealth Rock\n|move|p2a: Aegislash|Laser Focus|p2a: Aegislash\n|-start|p2a: Aegislash|move: Laser Focus\n|\n|upkeep\n|turn|4\n|\n|t:|1699978066\n|move|p1a: Meath Addict|Earth Power|p2a: Aegislash\n|-supereffective|p2a: Aegislash\n|-damage|p2a: Aegislash|76\/100\n|-formechange|p2a: Aegislash|Aegislash-Blade||[from] ability: Stance Change\n|move|p2a: Aegislash|Gyro Ball|p1a: Meath Addict\n|-supereffective|p1a: Meath Addict\n|-crit|p1a: Meath Addict\n|-enditem|p1a: Meath Addict|Focus Sash\n|-damage|p1a: Meath Addict|1\/100\n|-activate|p1a: Meath Addict|ability: Toxic Debris\n|-sidestart|p2: lxvliiz|move: Toxic Spikes\n|\n|-end|p2a: Aegislash|move: Laser Focus|[silent]\n|upkeep\n|turn|5\n|c|\u2606lxvliiz|damn\n|\n|t:|1699978077\n|-formechange|p2a: Aegislash|Aegislash||[from] ability: Stance Change\n|move|p2a: Aegislash|King's Shield|p2a: Aegislash\n|-singleturn|p2a: Aegislash|Protect\n|move|p1a: Meath Addict|Earth Power|p2a: Aegislash\n|-activate|p2a: Aegislash|move: Protect\n|\n|upkeep\n|turn|6\n|\n|t:|1699978085\n|move|p1a: Meath Addict|Earth Power|p2a: Aegislash\n|-supereffective|p2a: Aegislash\n|-damage|p2a: Aegislash|49\/100\n|-formechange|p2a: Aegislash|Aegislash-Blade||[from] ability: Stance Change\n|move|p2a: Aegislash|Shadow Ball|p1a: Meath Addict\n|-damage|p1a: Meath Addict|0 fnt\n|faint|p1a: Meath Addict\n|\n|upkeep\n|\n|t:|1699978102\n|switch|p1a: Spike|Ferrothorn, M|100\/100\n|turn|7\n|\n|t:|1699978113\n|-formechange|p2a: Aegislash|Aegislash||[from] ability: Stance Change\n|move|p2a: Aegislash|King's Shield|p2a: Aegislash\n|-singleturn|p2a: Aegislash|Protect\n|move|p1a: Spike|Leech Seed|p2a: Aegislash\n|-start|p2a: Aegislash|move: Leech Seed\n|\n|-damage|p2a: Aegislash|37\/100|[from] Leech Seed|[of] p1a: Spike\n|upkeep\n|turn|8\n|\n|t:|1699978122\n|-formechange|p2a: Aegislash|Aegislash-Blade||[from] ability: Stance Change\n|move|p2a: Aegislash|Shadow Ball|p1a: Spike\n|-damage|p1a: Spike|72\/100\n|move|p1a: Spike|Curse|p1a: Spike\n|-unboost|p1a: Spike|spe|1\n|-boost|p1a: Spike|atk|1\n|-boost|p1a: Spike|def|1\n|\n|-damage|p2a: Aegislash|25\/100|[from] Leech Seed|[of] p1a: Spike\n|-heal|p1a: Spike|85\/100|[silent]\n|-sideend|p2: lxvliiz|Reflect\n|upkeep\n|turn|9\n|\n|t:|1699978137\n|move|p2a: Aegislash|Laser Focus|p2a: Aegislash\n|-start|p2a: Aegislash|move: Laser Focus\n|move|p1a: Spike|Curse|p1a: Spike\n|-unboost|p1a: Spike|spe|1\n|-boost|p1a: Spike|atk|1\n|-boost|p1a: Spike|def|1\n|\n|-damage|p2a: Aegislash|12\/100|[from] Leech Seed|[of] p1a: Spike\n|-heal|p1a: Spike|97\/100|[silent]\n|upkeep\n|turn|10\n|\n|t:|1699978155\n|move|p2a: Aegislash|Shadow Ball|p1a: Spike\n|-crit|p1a: Spike\n|-damage|p1a: Spike|56\/100\n|move|p1a: Spike|Knock Off|p2a: Aegislash\n|-supereffective|p2a: Aegislash\n|-damage|p2a: Aegislash|0 fnt\n|-enditem|p2a: Aegislash|Iron Ball|[from] move: Knock Off|[of] p1a: Spike\n|faint|p2a: Aegislash\n|\n|upkeep\n|\n|t:|1699978158\n|switch|p2a: Nidoking|Nidoking, M|100\/100\n|-damage|p2a: Nidoking|95\/100|[from] Stealth Rock\n|-sideend|p2: lxvliiz|move: Toxic Spikes|[of] p2a: Nidoking\n|turn|11\n|inactive|Gwonodd has 120 seconds left.\n|\n|t:|1699978190\n|move|p2a: Nidoking|Flamethrower|p1a: Spike\n|-supereffective|p1a: Spike\n|-damage|p1a: Spike|0 fnt\n|faint|p1a: Spike\n|\n|upkeep\n|inactive|Gwonodd has 120 seconds left.\n|\n|t:|1699978197\n|switch|p1a: Chad|Garganacl, M|100\/100\n|turn|12\n|\n|t:|1699978221\n|-terastallize|p1a: Chad|Ghost\n|move|p2a: Nidoking|Earth Power|p1a: Chad\n|-damage|p1a: Chad|39\/100\n|move|p1a: Chad|Salt Cure|p2a: Nidoking\n|-resisted|p2a: Nidoking\n|-crit|p2a: Nidoking\n|-damage|p2a: Nidoking|80\/100\n|-start|p2a: Nidoking|Salt Cure\n|\n|-heal|p1a: Chad|45\/100|[from] item: Leftovers\n|-damage|p2a: Nidoking|67\/100|[from] Salt Cure\n|upkeep\n|turn|13\n|inactive|Gwonodd has 120 seconds left.\n|\n|t:|1699978238\n|switch|p1a: Tabaluga|Dragonite, M, shiny|100\/100\n|move|p2a: Nidoking|Ice Beam|p1a: Tabaluga\n|-supereffective|p1a: Tabaluga\n|-damage|p1a: Tabaluga|15\/100\n|\n|-heal|p1a: Tabaluga|21\/100|[from] item: Leftovers\n|-damage|p2a: Nidoking|55\/100|[from] Salt Cure\n|upkeep\n|turn|14\n|inactive|Gwonodd has 120 seconds left.\n|\n|t:|1699978258\n|switch|p2a: Grimmsnarl|Grimmsnarl, M|26\/100\n|-damage|p2a: Grimmsnarl|13\/100|[from] Stealth Rock\n|move|p1a: Tabaluga|Extreme Speed|p2a: Grimmsnarl\n|-damage|p2a: Grimmsnarl|0 fnt\n|faint|p2a: Grimmsnarl\n|\n|-heal|p1a: Tabaluga|28\/100|[from] item: Leftovers\n|upkeep\n|\n|t:|1699978261\n|switch|p2a: Azumarill|Azumarill, F|100\/100\n|-damage|p2a: Azumarill|88\/100|[from] Stealth Rock\n|turn|15\n|inactive|Gwonodd has 120 seconds left.\n|\n|t:|1699978278\n|switch|p1a: Chad|Garganacl, M, tera:Ghost|45\/100\n|move|p2a: Azumarill|Belly Drum|p2a: Azumarill\n|-damage|p2a: Azumarill|38\/100\n|-setboost|p2a: Azumarill|atk|6|[from] move: Belly Drum\n|-enditem|p2a: Azumarill|Sitrus Berry|[eat]\n|-heal|p2a: Azumarill|63\/100|[from] item: Sitrus Berry\n|\n|-heal|p1a: Chad|51\/100|[from] item: Leftovers\n|upkeep\n|turn|16\n|inactive|Gwonodd has 120 seconds left.\n|\n|t:|1699978291\n|-terastallize|p2a: Azumarill|Water\n|move|p2a: Azumarill|Aqua Jet|p1a: Chad\n|-damage|p1a: Chad|0 fnt\n|faint|p1a: Chad\n|\n|upkeep\n|\n|t:|1699978296\n|switch|p1a: Yasuo|Kartana|100\/100\n|turn|17\n|\n|t:|1699978300\n|move|p2a: Azumarill|Aqua Jet|p1a: Yasuo\n|-resisted|p1a: Yasuo\n|-damage|p1a: Yasuo|29\/100\n|move|p1a: Yasuo|Leaf Blade|p2a: Azumarill\n|-supereffective|p2a: Azumarill\n|-damage|p2a: Azumarill|0 fnt\n|faint|p2a: Azumarill\n|-ability|p1a: Yasuo|Beast Boost|boost\n|-boost|p1a: Yasuo|atk|1\n|\n|upkeep\n|\n|t:|1699978304\n|switch|p2a: Nidoking|Nidoking, M|55\/100\n|-damage|p2a: Nidoking|49\/100|[from] Stealth Rock\n|turn|18\n|\n|t:|1699978315\n|move|p1a: Yasuo|Leaf Blade|p2a: Nidoking\n|-damage|p2a: Nidoking|0 fnt\n|faint|p2a: Nidoking\n|-ability|p1a: Yasuo|Beast Boost|boost\n|-boost|p1a: Yasuo|atk|1\n|\n|upkeep\n|\n|t:|1699978317\n|switch|p2a: Charizard|Charizard, F|100\/100\n|-damage|p2a: Charizard|51\/100|[from] Stealth Rock\n|turn|19\n|\n|t:|1699978328\n|detailschange|p2a: Charizard|Charizard-Mega-Y, F\n|-mega|p2a: Charizard|Charizard|Charizardite Y\n|-weather|SunnyDay|[from] ability: Drought|[of] p2a: Charizard\n|move|p1a: Yasuo|Smart Strike|p2a: Charizard\n|-resisted|p2a: Charizard\n|-damage|p2a: Charizard|0 fnt\n|faint|p2a: Charizard\n|-ability|p1a: Yasuo|Beast Boost|boost\n|-boost|p1a: Yasuo|atk|1\n|\n|-weather|SunnyDay|[upkeep]\n|upkeep\n|\n|t:|1699978330\n|switch|p2a: Lilligant|Lilligant-Hisui, F|100\/100\n|-damage|p2a: Lilligant|94\/100|[from] Stealth Rock\n|turn|20\n|\n|t:|1699978348\n|move|p2a: Lilligant|Close Combat|p1a: Yasuo\n|-supereffective|p1a: Yasuo\n|-damage|p1a: Yasuo|0 fnt\n|-unboost|p2a: Lilligant|def|1\n|-unboost|p2a: Lilligant|spd|1\n|faint|p1a: Yasuo\n|\n|-weather|SunnyDay|[upkeep]\n|upkeep\n|\n|t:|1699978359\n|switch|p1a: Tornadus|Tornadus, M|100\/100\n|turn|21\n|\n|t:|1699978365\n|move|p1a: Tornadus|Nasty Plot|p1a: Tornadus\n|-boost|p1a: Tornadus|spa|2\n|move|p2a: Lilligant|Solar Blade||[still]\n|-prepare|p2a: Lilligant|Solar Blade\n|-anim|p2a: Lilligant|Solar Blade|p1a: Tornadus\n|-resisted|p1a: Tornadus\n|-damage|p1a: Tornadus|40\/100\n|\n|-weather|SunnyDay|[upkeep]\n|upkeep\n|turn|22\n|\n|t:|1699978391\n|move|p1a: Tornadus|Tailwind|p1a: Tornadus\n|-sidestart|p1: Gwonodd|move: Tailwind\n|move|p2a: Lilligant|Solar Blade||[still]\n|-prepare|p2a: Lilligant|Solar Blade\n|-anim|p2a: Lilligant|Solar Blade|p1a: Tornadus\n|-resisted|p1a: Tornadus\n|-damage|p1a: Tornadus|0 fnt\n|faint|p1a: Tornadus\n|\n|-weather|SunnyDay|[upkeep]\n|upkeep\n|\n|t:|1699978399\n|switch|p1a: Tabaluga|Dragonite, M, shiny|28\/100\n|turn|23\n|inactive|Gwonodd has 120 seconds left.\n|\n|t:|1699978420\n|move|p1a: Tabaluga|Extreme Speed|p2a: Lilligant\n|-damage|p2a: Lilligant|26\/100\n|move|p2a: Lilligant|Solar Blade||[still]\n|-prepare|p2a: Lilligant|Solar Blade\n|-anim|p2a: Lilligant|Solar Blade|p1a: Tabaluga\n|-resisted|p1a: Tabaluga\n|-damage|p1a: Tabaluga|6\/100\n|\n|-weather|none\n|-heal|p1a: Tabaluga|12\/100|[from] item: Leftovers\n|upkeep\n|turn|24\n|inactive|Gwonodd has 120 seconds left.\n|c|\u2606lxvliiz|gg\n|\n|t:|1699978431\n|move|p1a: Tabaluga|Extreme Speed|p2a: Lilligant\n|-damage|p2a: Lilligant|0 fnt\n|faint|p2a: Lilligant\n|\n|win|Gwonodd\n|raw|Gwonodd's rating: 1193 &rarr; <strong>1213<\/strong><br \/>(+20 for winning)\n|raw|lxvliiz's rating: 1129 &rarr; <strong>1109<\/strong><br \/>(-20 for losing)\n|c|\u2606lxvliiz|well played\n","uploadtime":1699978437,"views":3,"p1id":"gwonodd","p2id":"lxvliiz","formatid":"gen9nationaldex","rating":1109,"private":0,"password":""}