{"id":"gen9nationaldex-1997640835","p1":"UrBeardsWeird","p2":"ghostkinggengar","format":"[Gen 9] National Dex","log":"|html|<div class=\"broadcast-blue\"><strong>[Gen 9] National Dex is currently suspecting Sneasler! For information on how to participate check out the <a href=\"https:\/\/www.smogon.com\/forums\/threads\/sv-national-dex-suspect-8-just-dance.3731534\/\">suspect thread<\/a>.<\/strong><\/div>\n|j|\u2606UrBeardsWeird\n|j|\u2606ghostkinggengar\n|t:|1700836421\n|gametype|singles\n|player|p1|UrBeardsWeird|102|1605\n|player|p2|ghostkinggengar|swimmerf|1809\n|teamsize|p1|6\n|teamsize|p2|6\n|gen|9\n|tier|[Gen 9] National Dex\n|rated|\n|rule|HP Percentage Mod: HP is shown in percentages\n|rule|Endless Battle Clause: Forcing endless battles is banned\n|rule|OHKO Clause: OHKO moves are banned\n|rule|Evasion Clause: Evasion abilities, items, and moves are banned\n|rule|Evasion Abilities Clause: Evasion abilities are banned\n|rule|Evasion Items Clause: Evasion items are banned\n|rule|Evasion Moves Clause: Evasion moves are banned\n|rule|Species Clause: Limit one of each Pok\u00e9mon\n|rule|Sleep Clause Mod: Limit one foe put to sleep\n|clearpoke\n|poke|p1|Pelipper, F|\n|poke|p1|Swampert, M|\n|poke|p1|Tornadus-Therian, M|\n|poke|p1|Ferrothorn, M|\n|poke|p1|Urshifu-*, F|\n|poke|p1|Tapu Koko|\n|poke|p2|Slowbro, F|\n|poke|p2|Ursaluna, M|\n|poke|p2|Blacephalon|\n|poke|p2|Garchomp, F|\n|poke|p2|Goodra-Hisui, F|\n|poke|p2|Moltres|\n|teampreview\n|inactive|Battle timer is ON: inactive players will automatically lose when time's up. (requested by UrBeardsWeird)\n|\n|t:|1700836429\n|start\n|switch|p1a: Pelipper|Pelipper, F|100\/100\n|switch|p2a: Garchomp|Garchomp, F|100\/100\n|-weather|RainDance|[from] ability: Drizzle|[of] p1a: Pelipper\n|turn|1\n|\n|t:|1700836436\n|switch|p1a: Tapu Koko|Tapu Koko|100\/100\n|-fieldstart|move: Electric Terrain|[from] ability: Electric Surge|[of] p1a: Tapu Koko\n|move|p2a: Garchomp|Stealth Rock|p1a: Tapu Koko\n|-sidestart|p1: UrBeardsWeird|move: Stealth Rock\n|\n|-weather|RainDance|[upkeep]\n|upkeep\n|turn|2\n|\n|t:|1700836439\n|switch|p2a: Goodra|Goodra-Hisui, F|100\/100\n|move|p1a: Tapu Koko|Dazzling Gleam|p2a: Goodra\n|-damage|p2a: Goodra|75\/100\n|\n|-weather|RainDance|[upkeep]\n|-heal|p2a: Goodra|82\/100|[from] item: Leftovers\n|upkeep\n|turn|3\n|\n|t:|1700836446\n|switch|p1a: Ferrothorn|Ferrothorn, M|100\/100\n|-damage|p1a: Ferrothorn|94\/100|[from] Stealth Rock\n|move|p2a: Goodra|Knock Off|p1a: Ferrothorn\n|-damage|p1a: Ferrothorn|77\/100\n|-damage|p2a: Goodra|69\/100|[from] ability: Iron Barbs|[of] p1a: Ferrothorn\n|-enditem|p1a: Ferrothorn|Leftovers|[from] move: Knock Off|[of] p2a: Goodra\n|\n|-weather|RainDance|[upkeep]\n|-heal|p2a: Goodra|75\/100|[from] item: Leftovers\n|upkeep\n|turn|4\n|\n|t:|1700836469\n|switch|p2a: Moltres|Moltres|100\/100\n|move|p1a: Ferrothorn|Stealth Rock|p2a: Moltres\n|-sidestart|p2: ghostkinggengar|move: Stealth Rock\n|\n|-weather|RainDance|[upkeep]\n|upkeep\n|turn|5\n|j| Xceptr\n|\n|t:|1700836478\n|move|p2a: Moltres|U-turn|p1a: Ferrothorn\n|-damage|p1a: Ferrothorn|63\/100\n|-damage|p2a: Moltres|88\/100|[from] ability: Iron Barbs|[of] p1a: Ferrothorn\n|\n|t:|1700836483\n|switch|p2a: Goodra|Goodra-Hisui, F|75\/100|[from] U-turn\n|-damage|p2a: Goodra|69\/100|[from] Stealth Rock\n|move|p1a: Ferrothorn|Leech Seed|p2a: Goodra\n|-start|p2a: Goodra|move: Leech Seed\n|\n|-weather|RainDance|[upkeep]\n|-heal|p2a: Goodra|75\/100|[from] item: Leftovers\n|-damage|p2a: Goodra|63\/100|[from] Leech Seed|[of] p1a: Ferrothorn\n|-heal|p1a: Ferrothorn|76\/100|[silent]\n|-fieldend|move: Electric Terrain\n|upkeep\n|turn|6\n|\n|t:|1700836495\n|switch|p2a: Moltres|Moltres|88\/100\n|move|p1a: Ferrothorn|Spikes|p2a: Moltres\n|-sidestart|p2: ghostkinggengar|Spikes\n|\n|-weather|RainDance|[upkeep]\n|upkeep\n|turn|7\n|\n|t:|1700836498\n|switch|p1a: Swampert|Swampert, M|100\/100\n|-damage|p1a: Swampert|94\/100|[from] Stealth Rock\n|move|p2a: Moltres|Flamethrower|p1a: Swampert\n|-resisted|p1a: Swampert\n|-damage|p1a: Swampert|85\/100\n|\n|-weather|RainDance|[upkeep]\n|upkeep\n|turn|8\n|\n|t:|1700836523\n|detailschange|p1a: Swampert|Swampert-Mega, M\n|-mega|p1a: Swampert|Swampert|Swampertite\n|-terastallize|p2a: Moltres|Water\n|move|p1a: Swampert|Flip Turn|p2a: Moltres\n|-resisted|p2a: Moltres\n|-damage|p2a: Moltres|66\/100\n|\n|t:|1700836526\n|switch|p1a: Tapu Koko|Tapu Koko|100\/100|[from] Flip Turn\n|-damage|p1a: Tapu Koko|88\/100|[from] Stealth Rock\n|-fieldstart|move: Electric Terrain|[from] ability: Electric Surge|[of] p1a: Tapu Koko\n|move|p2a: Moltres|Defog|p1a: Tapu Koko\n|-unboost|p1a: Tapu Koko|evasion|1\n|-sideend|p1: UrBeardsWeird|Stealth Rock|[from] move: Defog|[of] p2a: Moltres\n|-sideend|p2: ghostkinggengar|Spikes|[from] move: Defog|[of] p2a: Moltres\n|-sideend|p2: ghostkinggengar|Stealth Rock|[from] move: Defog|[of] p2a: Moltres\n|-fieldend|move: Electric Terrain\n|\n|-weather|none\n|upkeep\n|turn|9\n|\n|t:|1700836533\n|switch|p2a: Goodra|Goodra-Hisui, F|63\/100\n|move|p1a: Tapu Koko|Dazzling Gleam|p2a: Goodra\n|-damage|p2a: Goodra|36\/100\n|\n|-heal|p2a: Goodra|43\/100|[from] item: Leftovers\n|upkeep\n|turn|10\n|j| spirefire\n|\n|t:|1700836544\n|switch|p1a: Ferrothorn|Ferrothorn, M|76\/100\n|switch|p2a: Ursaluna|Ursaluna, M|100\/100\n|\n|-status|p2a: Ursaluna|brn|[from] item: Flame Orb\n|upkeep\n|turn|11\n|\n|t:|1700836548\n|move|p2a: Ursaluna|Fire Punch|p1a: Ferrothorn\n|-supereffective|p1a: Ferrothorn\n|-damage|p1a: Ferrothorn|0 fnt\n|-damage|p2a: Ursaluna|88\/100 brn|[from] ability: Iron Barbs|[of] p1a: Ferrothorn\n|faint|p1a: Ferrothorn\n|\n|-damage|p2a: Ursaluna|82\/100 brn|[from] brn\n|upkeep\n|\n|t:|1700836551\n|switch|p1a: Urshifu|Urshifu-Rapid-Strike, F|100\/100\n|turn|12\n|\n|t:|1700836556\n|switch|p2a: Slowbro|Slowbro, F|100\/100\n|move|p1a: Urshifu|U-turn|p2a: Slowbro\n|-supereffective|p2a: Slowbro\n|-damage|p2a: Slowbro|70\/100\n|\n|t:|1700836558\n|switch|p1a: Tapu Koko|Tapu Koko|88\/100|[from] U-turn\n|-fieldstart|move: Electric Terrain|[from] ability: Electric Surge|[of] p1a: Tapu Koko\n|\n|upkeep\n|turn|13\n|\n|t:|1700836569\n|switch|p2a: Goodra|Goodra-Hisui, F|43\/100\n|move|p1a: Tapu Koko|Volt Switch|p2a: Goodra\n|-resisted|p2a: Goodra\n|-damage|p2a: Goodra|26\/100\n|\n|t:|1700836581\n|switch|p1a: Swampert|Swampert-Mega, M|85\/100|[from] Volt Switch\n|\n|-heal|p2a: Goodra|32\/100|[from] item: Leftovers\n|upkeep\n|turn|14\n|\n|t:|1700836594\n|move|p1a: Swampert|Earthquake|p2a: Goodra\n|-supereffective|p2a: Goodra\n|-damage|p2a: Goodra|0 fnt\n|faint|p2a: Goodra\n|\n|upkeep\n|\n|t:|1700836596\n|switch|p2a: Slowbro|Slowbro, F|100\/100\n|turn|15\n|\n|t:|1700836600\n|switch|p1a: Pelipper|Pelipper, F|100\/100\n|-weather|RainDance|[from] ability: Drizzle|[of] p1a: Pelipper\n|move|p2a: Slowbro|Trick Room|p2a: Slowbro\n|-fieldstart|move: Trick Room|[of] p2a: Slowbro\n|\n|-weather|RainDance|[upkeep]\n|upkeep\n|turn|16\n|\n|t:|1700836606\n|move|p1a: Pelipper|U-turn|p2a: Slowbro\n|-supereffective|p2a: Slowbro\n|-damage|p2a: Slowbro|89\/100\n|-damage|p1a: Pelipper|84\/100|[from] item: Rocky Helmet|[of] p2a: Slowbro\n|\n|t:|1700836620\n|switch|p1a: Tapu Koko|Tapu Koko|88\/100|[from] U-turn\n|move|p2a: Slowbro|Teleport|p2a: Slowbro\n|\n|t:|1700836623\n|switch|p2a: Ursaluna|Ursaluna, M|82\/100 brn|[from] Teleport\n|\n|-weather|RainDance|[upkeep]\n|-damage|p2a: Ursaluna|76\/100 brn|[from] brn\n|-fieldend|move: Electric Terrain\n|upkeep\n|turn|17\n|\n|t:|1700836642\n|switch|p1a: Pelipper|Pelipper, F|84\/100\n|move|p2a: Ursaluna|Facade|p1a: Pelipper\n|-damage|p1a: Pelipper|0 fnt\n|faint|p1a: Pelipper\n|\n|-weather|RainDance|[upkeep]\n|-damage|p2a: Ursaluna|70\/100 brn|[from] brn\n|upkeep\n|j| kingambit player\n|\n|t:|1700836643\n|switch|p1a: Swampert|Swampert-Mega, M|85\/100\n|turn|18\n|\n|t:|1700836654\n|move|p2a: Ursaluna|Facade|p1a: Swampert\n|-damage|p1a: Swampert|0 fnt\n|faint|p1a: Swampert\n|\n|-weather|RainDance|[upkeep]\n|-damage|p2a: Ursaluna|64\/100 brn|[from] brn\n|upkeep\n|\n|t:|1700836659\n|switch|p1a: Tapu Koko|Tapu Koko|88\/100\n|-fieldstart|move: Electric Terrain|[from] ability: Electric Surge|[of] p1a: Tapu Koko\n|turn|19\n|\n|t:|1700836663\n|switch|p1a: Tornadus|Tornadus-Therian, M|100\/100\n|move|p2a: Ursaluna|Facade|p1a: Tornadus\n|-damage|p1a: Tornadus|0 fnt\n|faint|p1a: Tornadus\n|\n|-weather|RainDance|[upkeep]\n|-damage|p2a: Ursaluna|57\/100 brn|[from] brn\n|-fieldend|move: Trick Room\n|upkeep\n|l| spirefire\n|\n|t:|1700836665\n|switch|p1a: Urshifu|Urshifu-Rapid-Strike, F|100\/100\n|turn|20\n|\n|t:|1700836669\n|switch|p2a: Slowbro|Slowbro, F|100\/100\n|move|p1a: Urshifu|Surging Strikes|p2a: Slowbro\n|-resisted|p2a: Slowbro\n|-crit|p2a: Slowbro\n|-damage|p2a: Slowbro|92\/100\n|-resisted|p2a: Slowbro\n|-crit|p2a: Slowbro\n|-damage|p2a: Slowbro|84\/100\n|-resisted|p2a: Slowbro\n|-crit|p2a: Slowbro\n|-damage|p2a: Slowbro|76\/100\n|-hitcount|p2a: Slowbro|3\n|\n|-weather|RainDance|[upkeep]\n|upkeep\n|turn|21\n|\n|t:|1700836672\n|move|p1a: Urshifu|U-turn|p2a: Slowbro\n|-supereffective|p2a: Slowbro\n|-damage|p2a: Slowbro|46\/100\n|\n|t:|1700836674\n|switch|p1a: Tapu Koko|Tapu Koko|88\/100|[from] U-turn\n|move|p2a: Slowbro|Trick Room|p2a: Slowbro\n|-fieldstart|move: Trick Room|[of] p2a: Slowbro\n|\n|-weather|RainDance|[upkeep]\n|upkeep\n|turn|22\n|-message|UrBeardsWeird forfeited.\n|\n|win|ghostkinggengar\n|raw|UrBeardsWeird's rating: 1605 &rarr; <strong>1596<\/strong><br \/>(-9 for losing)\n|raw|ghostkinggengar's rating: 1809 &rarr; <strong>1818<\/strong><br \/>(+9 for winning)\n|l|\u2606UrBeardsWeird\n","uploadtime":1700836681,"views":0,"p1id":"urbeardsweird","p2id":"ghostkinggengar","formatid":"gen9nationaldex","rating":1596,"private":0,"password":""}