{"id":"gen9nationaldex-1997541587","p1":"dio7oiant","p2":"zeonteo","format":"[Gen 9] National Dex","log":"|html|<div class=\"broadcast-blue\"><strong>[Gen 9] National Dex is currently suspecting Sneasler! For information on how to participate check out the <a href=\"https:\/\/www.smogon.com\/forums\/threads\/sv-national-dex-suspect-8-just-dance.3731534\/\">suspect thread<\/a>.<\/strong><\/div>\n|j|\u2606dio7oiant\n|j|\u2606zeonteo\n|t:|1700822709\n|gametype|singles\n|player|p1|dio7oiant|102|1213\n|player|p2|zeonteo|pokemonranger-gen4|1294\n|teamsize|p1|6\n|teamsize|p2|6\n|gen|9\n|tier|[Gen 9] National Dex\n|rated|\n|rule|HP Percentage Mod: HP is shown in percentages\n|rule|Endless Battle Clause: Forcing endless battles is banned\n|rule|OHKO Clause: OHKO moves are banned\n|rule|Evasion Clause: Evasion abilities, items, and moves are banned\n|rule|Evasion Abilities Clause: Evasion abilities are banned\n|rule|Evasion Items Clause: Evasion items are banned\n|rule|Evasion Moves Clause: Evasion moves are banned\n|rule|Species Clause: Limit one of each Pok\u00e9mon\n|rule|Sleep Clause Mod: Limit one foe put to sleep\n|clearpoke\n|poke|p1|Absol, M|\n|poke|p1|Sableye, M|\n|poke|p1|Stakataka|\n|poke|p1|Hoopa-Unbound|\n|poke|p1|Noivern, M|\n|poke|p1|Greninja-*, M|\n|poke|p2|Raichu-Alola, F|\n|poke|p2|Tapu Koko|\n|poke|p2|Iron Hands|\n|poke|p2|Iron Jugulis|\n|poke|p2|Iron Treads|\n|poke|p2|Iron Moth|\n|teampreview\n|inactive|Battle timer is ON: inactive players will automatically lose when time's up. (requested by zeonteo)\n|\n|t:|1700822731\n|start\n|switch|p1a: Stakataka|Stakataka|100\/100\n|switch|p2a: TAPUKOKO|Tapu Koko|100\/100\n|-fieldstart|move: Electric Terrain|[from] ability: Electric Surge|[of] p2a: TAPUKOKO\n|turn|1\n|\n|t:|1700822757\n|move|p2a: TAPUKOKO|Volt Switch|p1a: Stakataka\n|-damage|p1a: Stakataka|37\/100\n|\n|t:|1700822764\n|switch|p2a: IRONHAND|Iron Hands, shiny|100\/100|[from] Volt Switch\n|-activate|p2a: IRONHAND|ability: Quark Drive\n|-start|p2a: IRONHAND|quarkdriveatk\n|move|p1a: Stakataka|Earthquake|p2a: IRONHAND\n|-supereffective|p2a: IRONHAND\n|-damage|p2a: IRONHAND|52\/100\n|\n|-heal|p1a: Stakataka|43\/100|[from] item: Leftovers\n|upkeep\n|turn|2\n|\n|t:|1700822784\n|move|p2a: IRONHAND|Thunder Punch|p1a: Stakataka\n|-damage|p1a: Stakataka|0 fnt\n|faint|p1a: Stakataka\n|\n|upkeep\n|inactive|dio7oiant has 120 seconds left.\n|\n|t:|1700822810\n|switch|p1a: Absol|Absol, M|100\/100\n|turn|3\n|\n|t:|1700822816\n|move|p1a: Absol|Psycho Cut|p2a: IRONHAND\n|-supereffective|p2a: IRONHAND\n|-crit|p2a: IRONHAND\n|-damage|p2a: IRONHAND|7\/100\n|move|p2a: IRONHAND|Drain Punch|p1a: Absol\n|-supereffective|p1a: Absol\n|-damage|p1a: Absol|0 fnt\n|-heal|p2a: IRONHAND|33\/100|[from] drain|[of] p1a: Absol\n|faint|p1a: Absol\n|\n|upkeep\n|\n|t:|1700822826\n|switch|p1a: Greninja|Greninja, M|100\/100\n|turn|4\n|\n|t:|1700822834\n|-end|p2a: IRONHAND|Quark Drive|[silent]\n|switch|p2a: GOROCHU|Raichu-Alola, F|100\/100\n|move|p1a: Greninja|Extrasensory|p2a: GOROCHU\n|-resisted|p2a: GOROCHU\n|-damage|p2a: GOROCHU|84\/100\n|-damage|p1a: Greninja|91\/100|[from] item: Life Orb\n|\n|upkeep\n|turn|5\n|inactive|dio7oiant has 120 seconds left.\n|\n|t:|1700822860\n|-terastallize|p1a: Greninja|Ice\n|move|p2a: GOROCHU|Rising Voltage|p1a: Greninja\n|-hint|Rising Voltage's BP doubled on grounded target.\n|-damage|p1a: Greninja|0 fnt\n|faint|p1a: Greninja\n|\n|-fieldend|move: Electric Terrain\n|upkeep\n|\n|t:|1700822872\n|switch|p1a: Hoopa|Hoopa-Unbound|100\/100\n|turn|6\n|\n|t:|1700822879\n|switch|p2a: TAPUKOKO|Tapu Koko|100\/100\n|-fieldstart|move: Electric Terrain|[from] ability: Electric Surge|[of] p2a: TAPUKOKO\n|move|p1a: Hoopa|Hyperspace Fury|p2a: TAPUKOKO\n|-resisted|p2a: TAPUKOKO\n|-damage|p2a: TAPUKOKO|40\/100\n|-unboost|p1a: Hoopa|def|1\n|\n|upkeep\n|turn|7\n|\n|t:|1700822890\n|move|p2a: TAPUKOKO|Volt Switch|p1a: Hoopa\n|-damage|p1a: Hoopa|47\/100\n|\n|t:|1700822905\n|switch|p2a: HYDRAGON|Iron Jugulis, shiny|100\/100|[from] Volt Switch\n|-activate|p2a: HYDRAGON|ability: Quark Drive\n|-start|p2a: HYDRAGON|quarkdrivespe\n|move|p1a: Hoopa|Hyperspace Fury|p2a: HYDRAGON\n|-resisted|p2a: HYDRAGON\n|-damage|p2a: HYDRAGON|46\/100\n|-unboost|p1a: Hoopa|def|1\n|\n|upkeep\n|turn|8\n|-message|dio7oiant forfeited.\n|\n|win|zeonteo\n|raw|dio7oiant's rating: 1213 &rarr; <strong>1194<\/strong><br \/>(-19 for losing)\n|raw|zeonteo's rating: 1294 &rarr; <strong>1313<\/strong><br \/>(+19 for winning)\n|l|\u2606dio7oiant\n","uploadtime":1700822923,"views":12,"p1id":"dio7oiant","p2id":"zeonteo","formatid":"gen9nationaldex","rating":1194,"private":0,"password":""}