{"id":"gen9nationaldex-1990255765","p1":"Majiin red","p2":"Amber-acid","format":"[Gen 9] National Dex","log":"|j|\u2606Majiin red\n|j|\u2606Amber-acid\n|t:|1699945598\n|gametype|singles\n|player|p1|Majiin red|lance|1507\n|player|p2|Amber-acid|170|1417\n|teamsize|p1|6\n|teamsize|p2|6\n|gen|9\n|tier|[Gen 9] National Dex\n|rated|\n|rule|HP Percentage Mod: HP is shown in percentages\n|rule|Endless Battle Clause: Forcing endless battles is banned\n|rule|OHKO Clause: OHKO moves are banned\n|rule|Evasion Clause: Evasion abilities, items, and moves are banned\n|rule|Evasion Abilities Clause: Evasion abilities are banned\n|rule|Evasion Items Clause: Evasion items are banned\n|rule|Evasion Moves Clause: Evasion moves are banned\n|rule|Species Clause: Limit one of each Pok\u00e9mon\n|rule|Sleep Clause Mod: Limit one foe put to sleep\n|clearpoke\n|poke|p1|Gliscor, M|\n|poke|p1|Grimmsnarl, M|\n|poke|p1|Dondozo, M|\n|poke|p1|Iron Valiant|\n|poke|p1|Volcarona, M|\n|poke|p1|Hatterene, F|\n|poke|p2|Pelipper, M|\n|poke|p2|Barraskewda, M|\n|poke|p2|Swampert, M|\n|poke|p2|Moltres|\n|poke|p2|Ferrothorn, F|\n|poke|p2|Kingdra, M|\n|teampreview\n|\n|t:|1699945604\n|start\n|switch|p1a: Grimmsnarl|Grimmsnarl, M|100\/100\n|switch|p2a: Barraskewda|Barraskewda, M, shiny|100\/100\n|turn|1\n|\n|t:|1699945611\n|move|p1a: Grimmsnarl|Reflect|p1a: Grimmsnarl\n|-sidestart|p1: Majiin red|Reflect\n|move|p2a: Barraskewda|Flip Turn|p1a: Grimmsnarl\n|-damage|p1a: Grimmsnarl|77\/100\n|\n|t:|1699945615\n|switch|p2a: Pelipper|Pelipper, M|100\/100|[from] Flip Turn\n|-weather|RainDance|[from] ability: Drizzle|[of] p2a: Pelipper\n|\n|-weather|RainDance|[upkeep]\n|upkeep\n|turn|2\n|\n|t:|1699945622\n|move|p1a: Grimmsnarl|Light Screen|p1a: Grimmsnarl\n|-sidestart|p1: Majiin red|move: Light Screen\n|move|p2a: Pelipper|U-turn|p1a: Grimmsnarl\n|-damage|p1a: Grimmsnarl|73\/100\n|inactive|Battle timer is ON: inactive players will automatically lose when time's up. (requested by Majiin red)\n|\n|t:|1699945629\n|switch|p2a: Swampert|Swampert, M|100\/100|[from] U-turn\n|\n|-weather|RainDance|[upkeep]\n|upkeep\n|turn|3\n|\n|t:|1699945634\n|detailschange|p2a: Swampert|Swampert-Mega, M\n|-mega|p2a: Swampert|Swampert|Swampertite\n|move|p1a: Grimmsnarl|Parting Shot|p2a: Swampert\n|-unboost|p2a: Swampert|atk|1\n|-unboost|p2a: Swampert|spa|1\n|\n|t:|1699945654\n|switch|p1a: Dondozo|Dondozo, M|100\/100|[from] Parting Shot\n|move|p2a: Swampert|Brick Break|p1a: Dondozo\n|-sideend|p1: Majiin red|Reflect\n|-sideend|p1: Majiin red|move: Light Screen\n|-damage|p1a: Dondozo|83\/100\n|\n|-weather|RainDance|[upkeep]\n|-heal|p1a: Dondozo|89\/100|[from] item: Leftovers\n|upkeep\n|turn|4\n|inactive|Majiin red has 120 seconds left.\n|inactive|Majiin red has 90 seconds left.\n|\n|t:|1699945735\n|move|p2a: Swampert|Earthquake|p1a: Dondozo\n|-damage|p1a: Dondozo|49\/100\n|move|p1a: Dondozo|Curse|p1a: Dondozo\n|-unboost|p1a: Dondozo|spe|1\n|-boost|p1a: Dondozo|atk|1\n|-boost|p1a: Dondozo|def|1\n|\n|-weather|RainDance|[upkeep]\n|-heal|p1a: Dondozo|55\/100|[from] item: Leftovers\n|upkeep\n|turn|5\n|inactive|Majiin red has 60 seconds left.\n|\n|t:|1699945767\n|move|p2a: Swampert|Earthquake|p1a: Dondozo\n|-damage|p1a: Dondozo|32\/100\n|move|p1a: Dondozo|Curse|p1a: Dondozo\n|-unboost|p1a: Dondozo|spe|1\n|-boost|p1a: Dondozo|atk|1\n|-boost|p1a: Dondozo|def|1\n|\n|-weather|RainDance|[upkeep]\n|-heal|p1a: Dondozo|38\/100|[from] item: Leftovers\n|upkeep\n|turn|6\n|\n|t:|1699945785\n|switch|p2a: Kingdra|Kingdra, M|100\/100\n|move|p1a: Dondozo|Yawn|p2a: Kingdra\n|-start|p2a: Kingdra|move: Yawn|[of] p1a: Dondozo\n|\n|-weather|RainDance|[upkeep]\n|-heal|p1a: Dondozo|44\/100|[from] item: Leftovers\n|upkeep\n|turn|7\n|\n|t:|1699945798\n|switch|p2a: Ferrothorn|Ferrothorn, F|100\/100\n|move|p1a: Dondozo|Curse|p1a: Dondozo\n|-unboost|p1a: Dondozo|spe|1\n|-boost|p1a: Dondozo|atk|1\n|-boost|p1a: Dondozo|def|1\n|\n|-weather|RainDance|[upkeep]\n|-heal|p1a: Dondozo|50\/100|[from] item: Leftovers\n|upkeep\n|turn|8\n|\n|t:|1699945814\n|move|p2a: Ferrothorn|Leech Seed|p1a: Dondozo\n|-start|p1a: Dondozo|move: Leech Seed\n|move|p1a: Dondozo|Yawn|p2a: Ferrothorn\n|-start|p2a: Ferrothorn|move: Yawn|[of] p1a: Dondozo\n|\n|-weather|none\n|-heal|p1a: Dondozo|56\/100|[from] item: Leftovers\n|-damage|p1a: Dondozo|44\/100|[from] Leech Seed|[of] p2a: Ferrothorn\n|upkeep\n|turn|9\n|\n|t:|1699945825\n|switch|p2a: Kingdra|Kingdra, M|100\/100\n|move|p1a: Dondozo|Liquidation|p2a: Kingdra\n|-resisted|p2a: Kingdra\n|-damage|p2a: Kingdra|77\/100\n|\n|-heal|p1a: Dondozo|50\/100|[from] item: Leftovers\n|-damage|p1a: Dondozo|38\/100|[from] Leech Seed|[of] p2a: Kingdra\n|-heal|p2a: Kingdra|98\/100|[silent]\n|upkeep\n|turn|10\n|\n|t:|1699945835\n|move|p2a: Kingdra|Draco Meteor|p1a: Dondozo\n|-damage|p1a: Dondozo|0 fnt\n|-unboost|p2a: Kingdra|spa|2\n|faint|p1a: Dondozo\n|-damage|p2a: Kingdra|89\/100|[from] item: Life Orb\n|\n|upkeep\n|inactive|Majiin red has 30 seconds left.\n|\n|t:|1699945853\n|switch|p1a: Grimmsnarl|Grimmsnarl, M|73\/100\n|turn|11\n|inactive|Majiin red has 30 seconds left.\n|\n|t:|1699945872\n|switch|p2a: Pelipper|Pelipper, M|100\/100\n|-weather|RainDance|[from] ability: Drizzle|[of] p2a: Pelipper\n|move|p1a: Grimmsnarl|Light Screen|p1a: Grimmsnarl\n|-sidestart|p1: Majiin red|move: Light Screen\n|\n|-weather|RainDance|[upkeep]\n|upkeep\n|turn|12\n|inactive|Majiin red has 30 seconds left.\n|\n|t:|1699945886\n|move|p1a: Grimmsnarl|Reflect|p1a: Grimmsnarl\n|-sidestart|p1: Majiin red|Reflect\n|move|p2a: Pelipper|U-turn|p1a: Grimmsnarl\n|-damage|p1a: Grimmsnarl|69\/100\n|\n|t:|1699945891\n|switch|p2a: Swampert|Swampert-Mega, M|100\/100|[from] U-turn\n|\n|-weather|RainDance|[upkeep]\n|upkeep\n|turn|13\n|\n|t:|1699945897\n|move|p1a: Grimmsnarl|Parting Shot|p2a: Swampert\n|-unboost|p2a: Swampert|atk|1\n|-unboost|p2a: Swampert|spa|1\n|\n|t:|1699945904\n|switch|p1a: Iron Valiant|Iron Valiant, shiny|100\/100|[from] Parting Shot\n|-enditem|p1a: Iron Valiant|Booster Energy\n|-activate|p1a: Iron Valiant|ability: Quark Drive|[fromitem]\n|-start|p1a: Iron Valiant|quarkdrivespe\n|move|p2a: Swampert|Brick Break|p1a: Iron Valiant\n|-sideend|p1: Majiin red|Reflect\n|-sideend|p1: Majiin red|move: Light Screen\n|-resisted|p1a: Iron Valiant\n|-damage|p1a: Iron Valiant|86\/100\n|\n|-weather|RainDance|[upkeep]\n|upkeep\n|turn|14\n|\n|t:|1699945915\n|switch|p2a: Ferrothorn|Ferrothorn, F|100\/100\n|move|p1a: Iron Valiant|Swords Dance|p1a: Iron Valiant\n|-boost|p1a: Iron Valiant|atk|2\n|\n|-weather|RainDance|[upkeep]\n|upkeep\n|turn|15\n|\n|t:|1699945923\n|move|p1a: Iron Valiant|Drain Punch|p2a: Ferrothorn\n|-supereffective|p2a: Ferrothorn\n|-damage|p2a: Ferrothorn|3\/100\n|-heal|p1a: Iron Valiant|100\/100|[from] drain|[of] p2a: Ferrothorn\n|-damage|p1a: Iron Valiant|88\/100|[from] ability: Iron Barbs|[of] p2a: Ferrothorn\n|-damage|p1a: Iron Valiant|71\/100|[from] item: Rocky Helmet|[of] p2a: Ferrothorn\n|move|p2a: Ferrothorn|Iron Defense|p2a: Ferrothorn\n|-boost|p2a: Ferrothorn|def|2\n|\n|-weather|RainDance|[upkeep]\n|upkeep\n|turn|16\n|\n|t:|1699945935\n|move|p1a: Iron Valiant|Drain Punch|p2a: Ferrothorn\n|-supereffective|p2a: Ferrothorn\n|-damage|p2a: Ferrothorn|0 fnt\n|-heal|p1a: Iron Valiant|73\/100|[from] drain|[of] p2a: Ferrothorn\n|-damage|p1a: Iron Valiant|60\/100|[from] ability: Iron Barbs|[of] p2a: Ferrothorn\n|-damage|p1a: Iron Valiant|44\/100|[from] item: Rocky Helmet|[of] p2a: Ferrothorn\n|faint|p2a: Ferrothorn\n|\n|-weather|RainDance|[upkeep]\n|upkeep\n|\n|t:|1699945944\n|switch|p2a: Kingdra|Kingdra, M|89\/100\n|turn|17\n|\n|t:|1699945950\n|-terastallize|p2a: Kingdra|Water\n|move|p1a: Iron Valiant|Spirit Break|p2a: Kingdra\n|-damage|p2a: Kingdra|0 fnt\n|faint|p2a: Kingdra\n|\n|-weather|RainDance|[upkeep]\n|upkeep\n|\n|t:|1699945956\n|switch|p2a: Barraskewda|Barraskewda, M, shiny|100\/100\n|turn|18\n|\n|t:|1699945960\n|move|p2a: Barraskewda|Flip Turn|p1a: Iron Valiant\n|-damage|p1a: Iron Valiant|0 fnt\n|faint|p1a: Iron Valiant\n|-end|p1a: Iron Valiant|Quark Drive|[silent]\n|\n|t:|1699945965\n|switch|p2a: Moltres|Moltres|100\/100|[from] Flip Turn\n|\n|-weather|none\n|upkeep\n|\n|t:|1699945971\n|switch|p1a: Grimmsnarl|Grimmsnarl, M|69\/100\n|turn|19\n|inactive|Majiin red has 60 seconds left.\n|\n|t:|1699946001\n|move|p1a: Grimmsnarl|Light Screen|p1a: Grimmsnarl\n|-sidestart|p1: Majiin red|move: Light Screen\n|move|p2a: Moltres|Toxic|p1a: Grimmsnarl\n|-status|p1a: Grimmsnarl|tox\n|\n|-damage|p1a: Grimmsnarl|63\/100 tox|[from] psn\n|upkeep\n|turn|20\n|inactive|Majiin red has 60 seconds left.\n|\n|t:|1699946008\n|switch|p2a: Pelipper|Pelipper, M|100\/100\n|-weather|RainDance|[from] ability: Drizzle|[of] p2a: Pelipper\n|move|p1a: Grimmsnarl|Reflect|p1a: Grimmsnarl\n|-sidestart|p1: Majiin red|Reflect\n|\n|-weather|RainDance|[upkeep]\n|-damage|p1a: Grimmsnarl|51\/100 tox|[from] psn\n|upkeep\n|turn|21\n|l|\u2606Majiin red\n|inactive|Majiin red disconnected and has a minute to reconnect!\n|player|p1|\n|j|\u2606Majiin red\n|inactive|Majiin red reconnected and has 60 seconds left.\n|player|p1|Majiin red|lance\n|\n|t:|1699946025\n|move|p1a: Grimmsnarl|Parting Shot|p2a: Pelipper\n|-unboost|p2a: Pelipper|atk|1\n|-unboost|p2a: Pelipper|spa|1\n|inactive|Majiin red has 60 seconds left.\n|\n|t:|1699946032\n|switch|p1a: Hatterene|Hatterene, F, shiny|100\/100|[from] Parting Shot\n|move|p2a: Pelipper|Defog|p1a: Hatterene\n|move|p1a: Hatterene|Defog|p2a: Pelipper|[from]ability: Magic Bounce\n|-unboost|p2a: Pelipper|evasion|1\n|\n|-weather|RainDance|[upkeep]\n|upkeep\n|turn|22\n|inactive|Majiin red has 60 seconds left.\n|\n|t:|1699946043\n|move|p2a: Pelipper|U-turn|p1a: Hatterene\n|-damage|p1a: Hatterene|98\/100\n|\n|t:|1699946046\n|switch|p2a: Swampert|Swampert-Mega, M|100\/100|[from] U-turn\n|move|p1a: Hatterene|Trick Room|p1a: Hatterene\n|-fieldstart|move: Trick Room|[of] p1a: Hatterene\n|\n|-weather|RainDance|[upkeep]\n|-heal|p1a: Hatterene|100\/100|[from] item: Leftovers\n|upkeep\n|turn|23\n|\n|t:|1699946054\n|move|p1a: Hatterene|Calm Mind|p1a: Hatterene\n|-boost|p1a: Hatterene|spa|1\n|-boost|p1a: Hatterene|spd|1\n|move|p2a: Swampert|Brick Break|p1a: Hatterene\n|-sideend|p1: Majiin red|Reflect\n|-sideend|p1: Majiin red|move: Light Screen\n|-resisted|p1a: Hatterene\n|-damage|p1a: Hatterene|95\/100\n|\n|-weather|RainDance|[upkeep]\n|-heal|p1a: Hatterene|100\/100|[from] item: Leftovers\n|upkeep\n|turn|24\n|\n|t:|1699946066\n|move|p1a: Hatterene|Calm Mind|p1a: Hatterene\n|-boost|p1a: Hatterene|spa|1\n|-boost|p1a: Hatterene|spd|1\n|move|p2a: Swampert|Liquidation|p1a: Hatterene\n|-damage|p1a: Hatterene|35\/100\n|-unboost|p1a: Hatterene|def|1\n|\n|-weather|RainDance|[upkeep]\n|-heal|p1a: Hatterene|41\/100|[from] item: Leftovers\n|upkeep\n|turn|25\n|\n|t:|1699946076\n|move|p1a: Hatterene|Draining Kiss|p2a: Swampert\n|-damage|p2a: Swampert|59\/100\n|-heal|p1a: Hatterene|74\/100|[from] drain|[of] p2a: Swampert\n|move|p2a: Swampert|Liquidation|p1a: Hatterene\n|-damage|p1a: Hatterene|0 fnt\n|faint|p1a: Hatterene\n|\n|-weather|RainDance|[upkeep]\n|upkeep\n|\n|t:|1699946086\n|switch|p1a: Grimmsnarl|Grimmsnarl, M|51\/100 tox\n|turn|26\n|\n|t:|1699946093\n|move|p1a: Grimmsnarl|Reflect|p1a: Grimmsnarl\n|-sidestart|p1: Majiin red|Reflect\n|move|p2a: Swampert|Ice Punch|p1a: Grimmsnarl\n|-damage|p1a: Grimmsnarl|35\/100 tox\n|\n|-weather|RainDance|[upkeep]\n|-damage|p1a: Grimmsnarl|29\/100 tox|[from] psn\n|-fieldend|move: Trick Room\n|upkeep\n|turn|27\n|\n|t:|1699946101\n|move|p2a: Swampert|Brick Break|p1a: Grimmsnarl\n|-sideend|p1: Majiin red|Reflect\n|-damage|p1a: Grimmsnarl|0 fnt\n|faint|p1a: Grimmsnarl\n|\n|-weather|none\n|upkeep\n|\n|t:|1699946109\n|switch|p1a: Volcarona|Volcarona, M|100\/100\n|turn|28\n|\n|t:|1699946113\n|switch|p2a: Pelipper|Pelipper, M|100\/100\n|-weather|RainDance|[from] ability: Drizzle|[of] p2a: Pelipper\n|move|p1a: Volcarona|Quiver Dance|p1a: Volcarona\n|-boost|p1a: Volcarona|spa|1\n|-boost|p1a: Volcarona|spd|1\n|-boost|p1a: Volcarona|spe|1\n|\n|-weather|RainDance|[upkeep]\n|upkeep\n|turn|29\n|inactive|Majiin red has 90 seconds left.\n|\n|t:|1699946129\n|move|p1a: Volcarona|Quiver Dance|p1a: Volcarona\n|-boost|p1a: Volcarona|spa|1\n|-boost|p1a: Volcarona|spd|1\n|-boost|p1a: Volcarona|spe|1\n|move|p2a: Pelipper|Hurricane|p1a: Volcarona\n|-supereffective|p1a: Volcarona\n|-damage|p1a: Volcarona|68\/100\n|\n|-weather|RainDance|[upkeep]\n|upkeep\n|turn|30\n|inactive|Majiin red has 90 seconds left.\n|\n|t:|1699946150\n|move|p1a: Volcarona|Giga Drain|p2a: Pelipper\n|-damage|p2a: Pelipper|39\/100\n|-heal|p1a: Volcarona|95\/100|[from] drain|[of] p2a: Pelipper\n|move|p2a: Pelipper|U-turn|p1a: Volcarona\n|-resisted|p1a: Volcarona\n|-damage|p1a: Volcarona|91\/100\n|-status|p2a: Pelipper|brn|[from] ability: Flame Body|[of] p1a: Volcarona\n|\n|t:|1699946157\n|switch|p2a: Barraskewda|Barraskewda, M, shiny|100\/100|[from] U-turn\n|\n|-weather|RainDance|[upkeep]\n|upkeep\n|turn|31\n|inactive|Majiin red has 90 seconds left.\n|\n|t:|1699946168\n|-terastallize|p1a: Volcarona|Grass\n|move|p2a: Barraskewda|Liquidation|p1a: Volcarona\n|-resisted|p1a: Volcarona\n|-damage|p1a: Volcarona|45\/100\n|-unboost|p1a: Volcarona|def|1\n|move|p1a: Volcarona|Giga Drain|p2a: Barraskewda\n|-supereffective|p2a: Barraskewda\n|-damage|p2a: Barraskewda|0 fnt\n|-heal|p1a: Volcarona|80\/100|[from] drain|[of] p2a: Barraskewda\n|faint|p2a: Barraskewda\n|\n|-weather|RainDance|[upkeep]\n|upkeep\n|\n|t:|1699946180\n|switch|p2a: Swampert|Swampert-Mega, M|59\/100\n|turn|32\n|\n|t:|1699946184\n|move|p2a: Swampert|Ice Punch|p1a: Volcarona\n|-supereffective|p1a: Volcarona\n|-damage|p1a: Volcarona|0 fnt\n|faint|p1a: Volcarona\n|\n|-weather|RainDance|[upkeep]\n|upkeep\n|l|\u2606Majiin red\n|inactive|Majiin red disconnected and has a minute to reconnect!\n|player|p1|\n|inactive|Majiin red has 30 seconds to reconnect!\n|inactive|Majiin red has 20 seconds to reconnect!\n|inactive|Majiin red has 15 seconds to reconnect!\n|inactive|Majiin red has 10 seconds to reconnect!\n|inactive|Majiin red has 5 seconds to reconnect!\n|-message|Majiin red lost due to inactivity.\n|\n|win|Amber-acid\n|raw|Majiin red's rating: 1507 &rarr; <strong>1482<\/strong><br \/>(-25 for losing)\n|raw|Amber-acid's rating: 1417 &rarr; <strong>1442<\/strong><br \/>(+25 for winning)\n","uploadtime":1699946299,"views":7,"p1id":"majiinred","p2id":"amberacid","formatid":"gen9nationaldex","rating":1442,"private":0,"password":""}