{"id":"gen9nationaldex-1990865692","p1":"221savage","p2":"KawaiiKultLeader","format":"[Gen 9] National Dex","log":"|j|\u2606221savage\n|j|\u2606KawaiiKultLeader\n|t:|1700009140\n|gametype|singles\n|player|p1|221savage|101|1275\n|player|p2|KawaiiKultLeader|caitlin|1319\n|teamsize|p1|6\n|teamsize|p2|6\n|gen|9\n|tier|[Gen 9] National Dex\n|rated|\n|rule|HP Percentage Mod: HP is shown in percentages\n|rule|Endless Battle Clause: Forcing endless battles is banned\n|rule|OHKO Clause: OHKO moves are banned\n|rule|Evasion Clause: Evasion abilities, items, and moves are banned\n|rule|Evasion Abilities Clause: Evasion abilities are banned\n|rule|Evasion Items Clause: Evasion items are banned\n|rule|Evasion Moves Clause: Evasion moves are banned\n|rule|Species Clause: Limit one of each Pok\u00e9mon\n|rule|Sleep Clause Mod: Limit one foe put to sleep\n|clearpoke\n|poke|p1|Blastoise, F|\n|poke|p1|Banette, F|\n|poke|p1|Machamp, F|\n|poke|p1|Darmanitan, F|\n|poke|p1|Electivire, F|\n|poke|p1|Vivillon-Fancy, F|\n|poke|p2|Aegislash, F|\n|poke|p2|Sableye, F|\n|poke|p2|Toxapex, F|\n|poke|p2|Ferrothorn, F|\n|poke|p2|Blissey, F|\n|poke|p2|Landorus-Therian, M|\n|teampreview\n|\n|t:|1700009156\n|start\n|switch|p1a: Vivillon|Vivillon-Fancy, F|100\/100\n|switch|p2a: Sableye|Sableye, F|100\/100\n|turn|1\n|\n|t:|1700009167\n|detailschange|p2a: Sableye|Sableye-Mega, F\n|-mega|p2a: Sableye|Sableye|Sablenite\n|move|p1a: Vivillon|Quiver Dance|p1a: Vivillon\n|-boost|p1a: Vivillon|spa|1\n|-boost|p1a: Vivillon|spd|1\n|-boost|p1a: Vivillon|spe|1\n|move|p2a: Sableye|Knock Off|p1a: Vivillon\n|-damage|p1a: Vivillon|62\/100\n|\n|upkeep\n|turn|2\n|\n|t:|1700009188\n|switch|p2a: Toxapex|Toxapex, F, shiny|100\/100\n|move|p1a: Vivillon|Hurricane|p2a: Toxapex\n|-damage|p2a: Toxapex|58\/100\n|\n|upkeep\n|turn|3\n|\n|t:|1700009209\n|-zpower|p1a: Vivillon\n|move|p1a: Vivillon|Z-Sleep Powder|p2a: Toxapex|[anim]Sleep Powder\n|-boost|p1a: Vivillon|spe|1|[zeffect]\n|-status|p2a: Toxapex|slp|[from] move: Sleep Powder\n|cant|p2a: Toxapex|slp\n|\n|upkeep\n|turn|4\n|\n|t:|1700009222\n|switch|p2a: Ferrothorn|Ferrothorn, F, shiny|100\/100\n|move|p1a: Vivillon|Quiver Dance|p1a: Vivillon\n|-boost|p1a: Vivillon|spa|1\n|-boost|p1a: Vivillon|spd|1\n|-boost|p1a: Vivillon|spe|1\n|\n|upkeep\n|turn|5\n|\n|t:|1700009230\n|move|p1a: Vivillon|Hurricane|p2a: Ferrothorn|[miss]\n|-miss|p1a: Vivillon|p2a: Ferrothorn\n|move|p2a: Ferrothorn|Leech Seed|p1a: Vivillon\n|-start|p1a: Vivillon|move: Leech Seed\n|\n|-damage|p1a: Vivillon|50\/100|[from] Leech Seed|[of] p2a: Ferrothorn\n|upkeep\n|turn|6\n|\n|t:|1700009239\n|switch|p2a: Toxapex|Toxapex, F, shiny|91\/100 slp\n|move|p1a: Vivillon|Hurricane|p2a: Toxapex\n|-damage|p2a: Toxapex|32\/100 slp\n|\n|-damage|p1a: Vivillon|37\/100|[from] Leech Seed|[of] p2a: Toxapex\n|-heal|p2a: Toxapex|44\/100 slp|[silent]\n|upkeep\n|turn|7\n|\n|t:|1700009249\n|switch|p2a: Blissey|Blissey, F, shiny|100\/100\n|move|p1a: Vivillon|Hurricane|p2a: Blissey\n|-damage|p2a: Blissey|75\/100\n|\n|-damage|p1a: Vivillon|25\/100|[from] Leech Seed|[of] p2a: Blissey\n|-heal|p2a: Blissey|80\/100|[silent]\n|upkeep\n|turn|8\n|\n|t:|1700009270\n|switch|p1a: Darmanitan|Darmanitan, F|100\/100\n|move|p2a: Blissey|Wish|p2a: Blissey\n|\n|upkeep\n|turn|9\n|\n|t:|1700009278\n|switch|p2a: Toxapex|Toxapex, F, shiny|77\/100 slp\n|-terastallize|p1a: Darmanitan|Fire\n|move|p1a: Darmanitan|Flare Blitz|p2a: Toxapex\n|-resisted|p2a: Toxapex\n|-damage|p2a: Toxapex|27\/100 slp\n|-damage|p1a: Darmanitan|86\/100|[from] Recoil\n|\n|-heal|p2a: Toxapex|100\/100 slp|[from] move: Wish|[wisher] Blissey\n|upkeep\n|turn|10\n|\n|t:|1700009294\n|switch|p2a: Landorus|Landorus-Therian, M, shiny|100\/100\n|-ability|p2a: Landorus|Intimidate|boost\n|-unboost|p1a: Darmanitan|atk|1\n|move|p1a: Darmanitan|Flare Blitz|p2a: Landorus\n|-damage|p2a: Landorus|9\/100\n|-damage|p1a: Darmanitan|55\/100|[from] Recoil\n|\n|upkeep\n|turn|11\n|\n|t:|1700009305\n|switch|p2a: Toxapex|Toxapex, F, shiny|100\/100 slp\n|move|p1a: Darmanitan|Flare Blitz|p2a: Toxapex\n|-resisted|p2a: Toxapex\n|-damage|p2a: Toxapex|70\/100 slp\n|-damage|p1a: Darmanitan|46\/100|[from] Recoil\n|\n|upkeep\n|turn|12\n|\n|t:|1700009318\n|switch|p1a: Electivire|Electivire, F|100\/100\n|-curestatus|p2a: Toxapex|slp|[msg]\n|move|p2a: Toxapex|Baneful Bunker||[still]\n|-fail|p2a: Toxapex\n|\n|upkeep\n|turn|13\n|\n|t:|1700009336\n|switch|p1a: Blastoise|Blastoise, F|100\/100\n|switch|p2a: Landorus|Landorus-Therian, M, shiny|9\/100\n|-ability|p2a: Landorus|Intimidate|boost\n|-unboost|p1a: Blastoise|atk|1\n|\n|upkeep\n|turn|14\n|\n|t:|1700009350\n|switch|p2a: Ferrothorn|Ferrothorn, F, shiny|100\/100\n|move|p1a: Blastoise|Shell Smash|p1a: Blastoise\n|-unboost|p1a: Blastoise|def|1\n|-unboost|p1a: Blastoise|spd|1\n|-boost|p1a: Blastoise|atk|2\n|-boost|p1a: Blastoise|spa|2\n|-boost|p1a: Blastoise|spe|2\n|\n|upkeep\n|turn|15\n|\n|t:|1700009360\n|move|p1a: Blastoise|Focus Blast|p2a: Ferrothorn\n|-supereffective|p2a: Ferrothorn\n|-damage|p2a: Ferrothorn|0 fnt\n|faint|p2a: Ferrothorn\n|\n|upkeep\n|\n|t:|1700009368\n|switch|p2a: Toxapex|Toxapex, F, shiny|100\/100\n|turn|16\n|\n|t:|1700009380\n|switch|p1a: Banette|Banette, F|100\/100\n|move|p2a: Toxapex|Toxic|p1a: Banette\n|-status|p1a: Banette|tox\n|\n|-damage|p1a: Banette|94\/100 tox|[from] psn\n|upkeep\n|turn|17\n|\n|t:|1700009394\n|switch|p2a: Sableye|Sableye-Mega, F|100\/100\n|detailschange|p1a: Banette|Banette-Mega, F\n|-mega|p1a: Banette|Banette|Banettite\n|move|p1a: Banette|Taunt|p2a: Sableye\n|move|p2a: Sableye|Taunt|p1a: Banette|[from]ability: Magic Bounce\n|-start|p1a: Banette|move: Taunt\n|\n|-damage|p1a: Banette|82\/100 tox|[from] psn\n|upkeep\n|turn|18\n|\n|t:|1700009411\n|move|p1a: Banette|Poltergeist|p2a: Sableye\n|-activate|p2a: Sableye|move: Poltergeist|Sablenite\n|-damage|p2a: Sableye|51\/100\n|move|p2a: Sableye|Knock Off|p1a: Banette\n|-supereffective|p1a: Banette\n|-damage|p1a: Banette|28\/100 tox\n|\n|-damage|p1a: Banette|10\/100 tox|[from] psn\n|upkeep\n|turn|19\n|\n|t:|1700009421\n|move|p2a: Sableye|Protect|p2a: Sableye\n|-singleturn|p2a: Sableye|Protect\n|move|p1a: Banette|Poltergeist|p2a: Sableye\n|-activate|p2a: Sableye|move: Protect\n|\n|-damage|p1a: Banette|0 fnt|[from] psn\n|faint|p1a: Banette\n|upkeep\n|\n|t:|1700009442\n|switch|p1a: Darmanitan|Darmanitan, F, tera:Fire|46\/100\n|turn|20\n|\n|t:|1700009470\n|switch|p2a: Toxapex|Toxapex, F, shiny|100\/100\n|move|p1a: Darmanitan|U-turn|p2a: Toxapex\n|-resisted|p2a: Toxapex\n|-damage|p2a: Toxapex|89\/100\n|\n|t:|1700009473\n|switch|p1a: Vivillon|Vivillon-Fancy, F|25\/100|[from] U-turn\n|\n|upkeep\n|turn|21\n|\n|t:|1700009483\n|switch|p2a: Sableye|Sableye-Mega, F|51\/100\n|move|p1a: Vivillon|Quiver Dance|p1a: Vivillon\n|-boost|p1a: Vivillon|spa|1\n|-boost|p1a: Vivillon|spd|1\n|-boost|p1a: Vivillon|spe|1\n|\n|upkeep\n|turn|22\n|\n|t:|1700009492\n|switch|p2a: Blissey|Blissey, F, shiny|80\/100\n|move|p1a: Vivillon|Hurricane|p2a: Blissey|[miss]\n|-miss|p1a: Vivillon|p2a: Blissey\n|\n|upkeep\n|turn|23\n|\n|t:|1700009500\n|move|p1a: Vivillon|Sleep Powder|p2a: Blissey\n|-status|p2a: Blissey|slp|[from] move: Sleep Powder\n|cant|p2a: Blissey|slp\n|\n|upkeep\n|turn|24\n|\n|t:|1700009510\n|-curestatus|p2a: Blissey|slp|[from] ability: Natural Cure\n|switch|p2a: Toxapex|Toxapex, F, shiny|100\/100\n|move|p1a: Vivillon|Quiver Dance|p1a: Vivillon\n|-boost|p1a: Vivillon|spa|1\n|-boost|p1a: Vivillon|spd|1\n|-boost|p1a: Vivillon|spe|1\n|\n|upkeep\n|turn|25\n|\n|t:|1700009521\n|move|p1a: Vivillon|Hurricane|p2a: Toxapex\n|-damage|p2a: Toxapex|42\/100\n|move|p2a: Toxapex|Toxic|p1a: Vivillon\n|-status|p1a: Vivillon|tox\n|\n|-damage|p1a: Vivillon|19\/100 tox|[from] psn\n|upkeep\n|turn|26\n|\n|t:|1700009530\n|switch|p2a: Blissey|Blissey, F, shiny|80\/100\n|move|p1a: Vivillon|Sleep Powder|p2a: Blissey\n|-status|p2a: Blissey|slp|[from] move: Sleep Powder\n|\n|-damage|p1a: Vivillon|7\/100 tox|[from] psn\n|upkeep\n|turn|27\n|\n|t:|1700009546\n|-curestatus|p2a: Blissey|slp|[from] ability: Natural Cure\n|switch|p2a: Toxapex|Toxapex, F, shiny|75\/100\n|move|p1a: Vivillon|Hurricane|p2a: Toxapex\n|-crit|p2a: Toxapex\n|-damage|p2a: Toxapex|0 fnt\n|faint|p2a: Toxapex\n|\n|-damage|p1a: Vivillon|0 fnt|[from] psn\n|faint|p1a: Vivillon\n|upkeep\n|\n|t:|1700009559\n|switch|p1a: Darmanitan|Darmanitan, F, tera:Fire|46\/100\n|switch|p2a: Sableye|Sableye-Mega, F|51\/100\n|turn|28\n|\n|t:|1700009567\n|move|p1a: Darmanitan|Flare Blitz|p2a: Sableye\n|-damage|p2a: Sableye|0 fnt\n|faint|p2a: Sableye\n|-damage|p1a: Darmanitan|32\/100|[from] Recoil\n|\n|upkeep\n|\n|t:|1700009574\n|switch|p2a: Landorus|Landorus-Therian, M, shiny|9\/100\n|-ability|p2a: Landorus|Intimidate|boost\n|-unboost|p1a: Darmanitan|atk|1\n|turn|29\n|\n|t:|1700009579\n|move|p1a: Darmanitan|Flare Blitz|p2a: Landorus\n|-damage|p2a: Landorus|0 fnt\n|faint|p2a: Landorus\n|-damage|p1a: Darmanitan|29\/100|[from] Recoil\n|\n|upkeep\n|\n|t:|1700009586\n|switch|p2a: Aegislash|Aegislash, F, shiny|100\/100\n|turn|30\n|\n|t:|1700009590\n|move|p2a: Aegislash|King's Shield|p2a: Aegislash\n|-singleturn|p2a: Aegislash|Protect\n|move|p1a: Darmanitan|Flare Blitz|p2a: Aegislash\n|-activate|p2a: Aegislash|move: Protect\n|-unboost|p1a: Darmanitan|atk|1\n|\n|upkeep\n|turn|31\n|\n|t:|1700009600\n|switch|p1a: Electivire|Electivire, F|100\/100\n|-formechange|p2a: Aegislash|Aegislash-Blade||[from] ability: Stance Change\n|move|p2a: Aegislash|Shadow Ball|p1a: Electivire\n|-damage|p1a: Electivire|40\/100\n|\n|upkeep\n|turn|32\n|\n|t:|1700009609\n|-formechange|p2a: Aegislash|Aegislash||[from] ability: Stance Change\n|move|p2a: Aegislash|King's Shield|p2a: Aegislash\n|-singleturn|p2a: Aegislash|Protect\n|move|p1a: Electivire|Earthquake|p2a: Aegislash\n|-activate|p2a: Aegislash|move: Protect\n|\n|upkeep\n|turn|33\n|\n|t:|1700009622\n|move|p1a: Electivire|Earthquake|p2a: Aegislash\n|-supereffective|p2a: Aegislash\n|-damage|p2a: Aegislash|44\/100\n|-formechange|p2a: Aegislash|Aegislash-Blade||[from] ability: Stance Change\n|move|p2a: Aegislash|Shadow Ball|p1a: Electivire\n|-damage|p1a: Electivire|0 fnt\n|faint|p1a: Electivire\n|\n|-heal|p2a: Aegislash|50\/100|[from] item: Leftovers\n|upkeep\n|\n|t:|1700009639\n|switch|p1a: Blastoise|Blastoise, F|100\/100\n|turn|34\n|\n|t:|1700009647\n|switch|p2a: Blissey|Blissey, F, shiny|80\/100\n|move|p1a: Blastoise|Shell Smash|p1a: Blastoise\n|-unboost|p1a: Blastoise|def|1\n|-unboost|p1a: Blastoise|spd|1\n|-boost|p1a: Blastoise|atk|2\n|-boost|p1a: Blastoise|spa|2\n|-boost|p1a: Blastoise|spe|2\n|\n|upkeep\n|turn|35\n|\n|t:|1700009659\n|move|p1a: Blastoise|Focus Blast|p2a: Blissey\n|-supereffective|p2a: Blissey\n|-damage|p2a: Blissey|41\/100\n|-unboost|p2a: Blissey|spd|1\n|move|p2a: Blissey|Wish|p2a: Blissey\n|\n|upkeep\n|turn|36\n|\n|t:|1700009666\n|switch|p2a: Aegislash|Aegislash, F, shiny|50\/100\n|move|p1a: Blastoise|Shell Smash|p1a: Blastoise\n|-unboost|p1a: Blastoise|def|1\n|-unboost|p1a: Blastoise|spd|1\n|-boost|p1a: Blastoise|atk|2\n|-boost|p1a: Blastoise|spa|2\n|-boost|p1a: Blastoise|spe|2\n|\n|-heal|p2a: Aegislash|100\/100|[from] move: Wish|[wisher] Blissey\n|upkeep\n|turn|37\n|\n|t:|1700009679\n|move|p1a: Blastoise|Hydro Pump|p2a: Aegislash\n|-damage|p2a: Aegislash|0 fnt\n|faint|p2a: Aegislash\n|\n|upkeep\n|-message|KawaiiKultLeader forfeited.\n|\n|win|221savage\n|raw|221savage's rating: 1275 &rarr; <strong>1303<\/strong><br \/>(+28 for winning)\n|raw|KawaiiKultLeader's rating: 1319 &rarr; <strong>1296<\/strong><br \/>(-23 for losing)\n|l|\u2606KawaiiKultLeader\n","uploadtime":1700009694,"views":5,"p1id":"221savage","p2id":"kawaiikultleader","formatid":"gen9nationaldex","rating":1296,"private":0,"password":""}