{"id":"gen9nationaldex-1988494424","p1":"Voltaris33","p2":"Spring_Trapx","format":"[Gen 9] National Dex","log":"|j|\u2606Voltaris33\n|j|\u2606Spring_Trapx\n|t:|1699728971\n|gametype|singles\n|player|p1|Voltaris33|unknown|1321\n|player|p2|Spring_Trapx|iono|1232\n|teamsize|p1|6\n|teamsize|p2|6\n|gen|9\n|tier|[Gen 9] National Dex\n|rated|\n|rule|HP Percentage Mod: HP is shown in percentages\n|rule|Endless Battle Clause: Forcing endless battles is banned\n|rule|OHKO Clause: OHKO moves are banned\n|rule|Evasion Clause: Evasion abilities, items, and moves are banned\n|rule|Evasion Abilities Clause: Evasion abilities are banned\n|rule|Evasion Items Clause: Evasion items are banned\n|rule|Evasion Moves Clause: Evasion moves are banned\n|rule|Species Clause: Limit one of each Pok\u00e9mon\n|rule|Sleep Clause Mod: Limit one foe put to sleep\n|clearpoke\n|poke|p1|Aegislash, F|\n|poke|p1|Ceruledge, M|\n|poke|p1|Armarouge, F|\n|poke|p1|Falinks|\n|poke|p1|Gallade, M|\n|poke|p1|Dhelmise|\n|poke|p2|Ting-Lu|\n|poke|p2|Muk-Alola, F|\n|poke|p2|Moltres-Galar|\n|poke|p2|Tyranitar, F|\n|poke|p2|Grimmsnarl, M|\n|poke|p2|Morpeko, M|\n|teampreview\n|inactive|Battle timer is ON: inactive players will automatically lose when time's up. (requested by Voltaris33)\n|\n|t:|1699728989\n|start\n|switch|p1a: Dhelmise|Dhelmise, shiny|100\/100\n|switch|p2a: Ting-Lu|Ting-Lu|100\/100\n|-ability|p2a: Ting-Lu|Vessel of Ruin\n|turn|1\n|\n|t:|1699729002\n|move|p1a: Dhelmise|Earthquake|p2a: Ting-Lu\n|-damage|p2a: Ting-Lu|83\/100\n|move|p2a: Ting-Lu|Stealth Rock|p1a: Dhelmise\n|-sidestart|p1: Voltaris33|move: Stealth Rock\n|\n|-heal|p2a: Ting-Lu|89\/100|[from] item: Leftovers\n|upkeep\n|turn|2\n|\n|t:|1699729008\n|switch|p2a: Moltres|Moltres-Galar|100\/100\n|move|p1a: Dhelmise|Earthquake|p2a: Moltres\n|-immune|p2a: Moltres\n|\n|upkeep\n|turn|3\n|\n|t:|1699729012\n|move|p2a: Moltres|Agility|p2a: Moltres\n|-boost|p2a: Moltres|spe|2\n|move|p1a: Dhelmise|Rapid Spin|p2a: Moltres\n|-damage|p2a: Moltres|78\/100\n|-boost|p1a: Dhelmise|spe|1\n|-sideend|p1: Voltaris33|Stealth Rock|[from] move: Rapid Spin|[of] p1a: Dhelmise\n|\n|upkeep\n|turn|4\n|\n|t:|1699729017\n|move|p2a: Moltres|Fiery Wrath|p1a: Dhelmise\n|-supereffective|p1a: Dhelmise\n|-damage|p1a: Dhelmise|37\/100\n|move|p1a: Dhelmise|Anchor Shot|p2a: Moltres\n|-damage|p2a: Moltres|24\/100\n|-activate|p2a: Moltres|trapped\n|-ability|p2a: Moltres|Berserk|boost\n|-boost|p2a: Moltres|spa|1\n|\n|upkeep\n|turn|5\n|\n|t:|1699729023\n|move|p2a: Moltres|Fiery Wrath|p1a: Dhelmise\n|-supereffective|p1a: Dhelmise\n|-damage|p1a: Dhelmise|0 fnt\n|faint|p1a: Dhelmise\n|\n|upkeep\n|\n|t:|1699729029\n|switch|p1a: Ceruledge|Ceruledge, M|100\/100\n|turn|6\n|\n|t:|1699729033\n|move|p2a: Moltres|Fiery Wrath|p1a: Ceruledge\n|-supereffective|p1a: Ceruledge\n|-enditem|p1a: Ceruledge|Focus Sash\n|-damage|p1a: Ceruledge|1\/100\n|cant|p1a: Ceruledge|flinch\n|\n|upkeep\n|turn|7\n|\n|t:|1699729038\n|move|p1a: Ceruledge|Shadow Sneak|p2a: Moltres\n|-resisted|p2a: Moltres\n|-damage|p2a: Moltres|13\/100\n|move|p2a: Moltres|Fiery Wrath|p1a: Ceruledge\n|-supereffective|p1a: Ceruledge\n|-damage|p1a: Ceruledge|0 fnt\n|faint|p1a: Ceruledge\n|\n|upkeep\n|\n|t:|1699729040\n|switch|p1a: Armarouge|Armarouge, F|100\/100\n|turn|8\n|\n|t:|1699729043\n|move|p2a: Moltres|Fiery Wrath|p1a: Armarouge\n|-supereffective|p1a: Armarouge\n|-enditem|p1a: Armarouge|Focus Sash\n|-damage|p1a: Armarouge|1\/100\n|move|p1a: Armarouge|Aura Sphere|p2a: Moltres\n|-damage|p2a: Moltres|0 fnt\n|faint|p2a: Moltres\n|\n|upkeep\n|\n|t:|1699729053\n|switch|p2a: Morpeko|Morpeko, M|100\/100\n|turn|9\n|\n|t:|1699729055\n|move|p2a: Morpeko|Rapid Spin|p1a: Armarouge\n|-damage|p1a: Armarouge|0 fnt\n|-boost|p2a: Morpeko|spe|1\n|faint|p1a: Armarouge\n|\n|-formechange|p2a: Morpeko|Morpeko-Hangry||[from] ability: Hunger Switch\n|upkeep\n|\n|t:|1699729062\n|switch|p1a: Gallade|Gallade, M, shiny|100\/100\n|turn|10\n|\n|t:|1699729066\n|detailschange|p1a: Gallade|Gallade-Mega, M, shiny\n|-mega|p1a: Gallade|Gallade|Galladite\n|move|p2a: Morpeko|Parting Shot|p1a: Gallade\n|-unboost|p1a: Gallade|atk|1\n|-unboost|p1a: Gallade|spa|1\n|\n|t:|1699729071\n|switch|p2a: Muk|Muk-Alola, F|100\/100|[from] Parting Shot\n|move|p1a: Gallade|Bulk Up|p1a: Gallade\n|-boost|p1a: Gallade|atk|1\n|-boost|p1a: Gallade|def|1\n|\n|upkeep\n|turn|11\n|\n|t:|1699729076\n|move|p1a: Gallade|Bulk Up|p1a: Gallade\n|-boost|p1a: Gallade|atk|1\n|-boost|p1a: Gallade|def|1\n|move|p2a: Muk|Clear Smog|p1a: Gallade\n|-damage|p1a: Gallade|88\/100\n|-clearboost|p1a: Gallade\n|\n|upkeep\n|turn|12\n|\n|t:|1699729079\n|move|p1a: Gallade|Bulk Up|p1a: Gallade\n|-boost|p1a: Gallade|atk|1\n|-boost|p1a: Gallade|def|1\n|move|p2a: Muk|Knock Off|p1a: Gallade\n|-damage|p1a: Gallade|60\/100\n|\n|upkeep\n|turn|13\n|\n|t:|1699729081\n|move|p1a: Gallade|Close Combat|p2a: Muk\n|-damage|p2a: Muk|0 fnt\n|-unboost|p1a: Gallade|def|1\n|-unboost|p1a: Gallade|spd|1\n|faint|p2a: Muk\n|\n|upkeep\n|\n|t:|1699729090\n|switch|p2a: Grimmsnarl|Grimmsnarl, M|100\/100\n|turn|14\n|\n|t:|1699729093\n|move|p2a: Grimmsnarl|Reflect|p2a: Grimmsnarl\n|-sidestart|p2: Spring_Trapx|Reflect\n|move|p1a: Gallade|Close Combat|p2a: Grimmsnarl\n|-damage|p2a: Grimmsnarl|52\/100\n|-unboost|p1a: Gallade|def|1\n|-unboost|p1a: Gallade|spd|1\n|\n|upkeep\n|turn|15\n|\n|t:|1699729096\n|switch|p1a: Aegislash|Aegislash, F, shiny|100\/100\n|move|p2a: Grimmsnarl|Spirit Break|p1a: Aegislash\n|-resisted|p1a: Aegislash\n|-damage|p1a: Aegislash|84\/100\n|-unboost|p1a: Aegislash|spa|1\n|\n|upkeep\n|turn|16\n|\n|t:|1699729102\n|move|p2a: Grimmsnarl|Parting Shot|p1a: Aegislash\n|-unboost|p1a: Aegislash|atk|1\n|-unboost|p1a: Aegislash|spa|1\n|\n|t:|1699729105\n|switch|p2a: Morpeko|Morpeko, M|100\/100|[from] Parting Shot\n|-zpower|p1a: Aegislash\n|-formechange|p1a: Aegislash|Aegislash-Blade||[from] ability: Stance Change\n|move|p1a: Aegislash|Corkscrew Crash|p2a: Morpeko|[zeffect]\n|-resisted|p2a: Morpeko\n|-damage|p2a: Morpeko|50\/100\n|\n|-heal|p2a: Morpeko|56\/100|[from] item: Leftovers\n|-formechange|p2a: Morpeko|Morpeko-Hangry||[from] ability: Hunger Switch\n|upkeep\n|turn|17\n|\n|t:|1699729108\n|-formechange|p1a: Aegislash|Aegislash||[from] ability: Stance Change\n|move|p1a: Aegislash|King's Shield|p1a: Aegislash\n|-singleturn|p1a: Aegislash|Protect\n|move|p2a: Morpeko|Aura Wheel|p1a: Aegislash\n|-activate|p1a: Aegislash|move: Protect\n|\n|-heal|p2a: Morpeko|62\/100|[from] item: Leftovers\n|-formechange|p2a: Morpeko|Morpeko||[from] ability: Hunger Switch\n|upkeep\n|turn|18\n|\n|t:|1699729116\n|switch|p1a: Falinks|Falinks, shiny|100\/100\n|move|p2a: Morpeko|Aura Wheel|p1a: Falinks\n|-damage|p1a: Falinks|51\/100\n|-boost|p2a: Morpeko|spe|1\n|\n|-heal|p2a: Morpeko|68\/100|[from] item: Leftovers\n|-formechange|p2a: Morpeko|Morpeko-Hangry||[from] ability: Hunger Switch\n|upkeep\n|turn|19\n|\n|t:|1699729119\n|move|p2a: Morpeko|Parting Shot|p1a: Falinks\n|-unboost|p1a: Falinks|atk|1\n|-ability|p1a: Falinks|Defiant|boost\n|-boost|p1a: Falinks|atk|2\n|-unboost|p1a: Falinks|spa|1\n|-ability|p1a: Falinks|Defiant|boost\n|-boost|p1a: Falinks|atk|2\n|\n|t:|1699729122\n|switch|p2a: Grimmsnarl|Grimmsnarl, M|52\/100|[from] Parting Shot\n|move|p1a: Falinks|No Retreat|p1a: Falinks\n|-boost|p1a: Falinks|atk|1\n|-boost|p1a: Falinks|def|1\n|-boost|p1a: Falinks|spa|1\n|-boost|p1a: Falinks|spd|1\n|-boost|p1a: Falinks|spe|1\n|-start|p1a: Falinks|move: No Retreat\n|\n|upkeep\n|turn|20\n|\n|t:|1699729126\n|-terastallize|p1a: Falinks|Steel\n|move|p1a: Falinks|Iron Head|p2a: Grimmsnarl\n|-supereffective|p2a: Grimmsnarl\n|-damage|p2a: Grimmsnarl|0 fnt\n|faint|p2a: Grimmsnarl\n|\n|upkeep\n|\n|t:|1699729130\n|switch|p2a: Ting-Lu|Ting-Lu|89\/100\n|-ability|p2a: Ting-Lu|Vessel of Ruin\n|turn|21\n|\n|t:|1699729134\n|move|p1a: Falinks|Close Combat|p2a: Ting-Lu\n|-supereffective|p2a: Ting-Lu\n|-damage|p2a: Ting-Lu|24\/100\n|-unboost|p1a: Falinks|def|1\n|-unboost|p1a: Falinks|spd|1\n|move|p2a: Ting-Lu|Earthquake|p1a: Falinks\n|-supereffective|p1a: Falinks\n|-damage|p1a: Falinks|0 fnt\n|faint|p1a: Falinks\n|\n|-heal|p2a: Ting-Lu|31\/100|[from] item: Leftovers\n|-sideend|p2: Spring_Trapx|Reflect\n|upkeep\n|\n|t:|1699729138\n|switch|p1a: Aegislash|Aegislash, F, shiny|84\/100\n|turn|22\n|\n|t:|1699729140\n|-formechange|p1a: Aegislash|Aegislash-Blade||[from] ability: Stance Change\n|move|p1a: Aegislash|Sacred Sword|p2a: Ting-Lu\n|-supereffective|p2a: Ting-Lu\n|-damage|p2a: Ting-Lu|3\/100\n|move|p2a: Ting-Lu|Earthquake|p1a: Aegislash\n|-supereffective|p1a: Aegislash\n|-damage|p1a: Aegislash|0 fnt\n|faint|p1a: Aegislash\n|\n|-heal|p2a: Ting-Lu|9\/100|[from] item: Leftovers\n|upkeep\n|\n|t:|1699729144\n|switch|p1a: Gallade|Gallade-Mega, M, shiny|60\/100\n|turn|23\n|\n|t:|1699729149\n|move|p1a: Gallade|Close Combat|p2a: Ting-Lu\n|-supereffective|p2a: Ting-Lu\n|-damage|p2a: Ting-Lu|0 fnt\n|-unboost|p1a: Gallade|def|1\n|-unboost|p1a: Gallade|spd|1\n|faint|p2a: Ting-Lu\n|\n|upkeep\n|\n|t:|1699729155\n|switch|p2a: Tyranitar|Tyranitar, F|100\/100\n|-weather|Sandstorm|[from] ability: Sand Stream|[of] p2a: Tyranitar\n|turn|24\n|\n|t:|1699729158\n|move|p1a: Gallade|Close Combat|p2a: Tyranitar\n|-supereffective|p2a: Tyranitar\n|-enditem|p2a: Tyranitar|Chople Berry|[eat]\n|-enditem|p2a: Tyranitar|Chople Berry|[weaken]\n|-damage|p2a: Tyranitar|0 fnt\n|-unboost|p1a: Gallade|def|1\n|-unboost|p1a: Gallade|spd|1\n|faint|p2a: Tyranitar\n|\n|-weather|Sandstorm|[upkeep]\n|-damage|p1a: Gallade|54\/100|[from] Sandstorm\n|upkeep\n|\n|t:|1699729166\n|switch|p2a: Morpeko|Morpeko, M|68\/100\n|turn|25\n|\n|t:|1699729170\n|move|p1a: Gallade|Close Combat|p2a: Morpeko\n|-supereffective|p2a: Morpeko\n|-damage|p2a: Morpeko|0 fnt\n|-unboost|p1a: Gallade|def|1\n|-unboost|p1a: Gallade|spd|1\n|faint|p2a: Morpeko\n|\n|win|Voltaris33\n|raw|Voltaris33's rating: 1321 &rarr; <strong>1336<\/strong><br \/>(+15 for winning)\n|raw|Spring_Trapx's rating: 1232 &rarr; <strong>1213<\/strong><br \/>(-19 for losing)\n","uploadtime":1699729173,"views":4,"p1id":"voltaris33","p2id":"springtrapx","formatid":"gen9nationaldex","rating":1213,"private":0,"password":""}