{"id":"gen9nationaldex-1998908745","p1":"torebi","p2":"AOZUMI THE TRAINER","format":"[Gen 9] National Dex","log":"|html|<div class=\"broadcast-blue\"><strong>[Gen 9] National Dex is currently suspecting Sneasler! For information on how to participate check out the <a href=\"https:\/\/www.smogon.com\/forums\/threads\/sv-national-dex-suspect-8-just-dance.3731534\/\">suspect thread<\/a>.<\/strong><\/div>\n|j|\u2606torebi\n|j|\u2606AOZUMI THE TRAINER\n|t:|1701011745\n|gametype|singles\n|player|p1|torebi|red|1076\n|player|p2|AOZUMI THE TRAINER|cynthia-gen7|1178\n|teamsize|p1|6\n|teamsize|p2|6\n|gen|9\n|tier|[Gen 9] National Dex\n|rated|\n|rule|HP Percentage Mod: HP is shown in percentages\n|rule|Endless Battle Clause: Forcing endless battles is banned\n|rule|OHKO Clause: OHKO moves are banned\n|rule|Evasion Clause: Evasion abilities, items, and moves are banned\n|rule|Evasion Abilities Clause: Evasion abilities are banned\n|rule|Evasion Items Clause: Evasion items are banned\n|rule|Evasion Moves Clause: Evasion moves are banned\n|rule|Species Clause: Limit one of each Pok\u00e9mon\n|rule|Sleep Clause Mod: Limit one foe put to sleep\n|clearpoke\n|poke|p1|Vikavolt, M|\n|poke|p1|Cofagrigus, M|\n|poke|p1|Kommo-o, M|\n|poke|p1|Latias, F|\n|poke|p1|Silvally-*|\n|poke|p1|Drapion, F|\n|poke|p2|Pelipper, M|\n|poke|p2|Basculegion, M|\n|poke|p2|Swampert, M|\n|poke|p2|Ferrothorn, M|\n|poke|p2|Zapdos|\n|poke|p2|Rotom-Wash|\n|teampreview\n|inactive|Battle timer is ON: inactive players will automatically lose when time's up. (requested by AOZUMI THE TRAINER)\n|inactive|torebi also wants the timer to be on.\n|\n|t:|1701011754\n|start\n|switch|p1a: Kommo-o|Kommo-o, M|100\/100\n|switch|p2a: Pelipper|Pelipper, M|100\/100\n|-weather|RainDance|[from] ability: Drizzle|[of] p2a: Pelipper\n|turn|1\n|\n|t:|1701011769\n|-zpower|p1a: Kommo-o\n|move|p1a: Kommo-o|Clangorous Soulblaze|p2a: Pelipper|[zeffect]\n|-damage|p2a: Pelipper|0 fnt\n|faint|p2a: Pelipper\n|-boost|p1a: Kommo-o|atk|1\n|-boost|p1a: Kommo-o|def|1\n|-boost|p1a: Kommo-o|spa|1\n|-boost|p1a: Kommo-o|spd|1\n|-boost|p1a: Kommo-o|spe|1\n|\n|-weather|RainDance|[upkeep]\n|upkeep\n|\n|t:|1701011777\n|switch|p2a: Basculegion|Basculegion, M|100\/100\n|turn|2\n|\n|t:|1701011785\n|move|p2a: Basculegion|Ice Beam|p1a: Kommo-o\n|-supereffective|p1a: Kommo-o\n|-damage|p1a: Kommo-o|52\/100\n|move|p1a: Kommo-o|Clanging Scales|p2a: Basculegion\n|-damage|p2a: Basculegion|28\/100\n|-unboost|p1a: Kommo-o|def|1\n|\n|-weather|RainDance|[upkeep]\n|upkeep\n|turn|3\n|\n|t:|1701011795\n|move|p2a: Basculegion|Ice Beam|p1a: Kommo-o\n|-supereffective|p1a: Kommo-o\n|-damage|p1a: Kommo-o|0 fnt\n|faint|p1a: Kommo-o\n|\n|-weather|RainDance|[upkeep]\n|upkeep\n|\n|t:|1701011798\n|switch|p1a: Vikavolt|Vikavolt, M, shiny|100\/100\n|turn|4\n|\n|t:|1701011813\n|switch|p2a: Swampert|Swampert, M|100\/100\n|move|p1a: Vikavolt|Energy Ball|p2a: Swampert\n|-supereffective|p2a: Swampert\n|-damage|p2a: Swampert|0 fnt\n|faint|p2a: Swampert\n|\n|-weather|RainDance|[upkeep]\n|upkeep\n|\n|t:|1701011822\n|switch|p2a: Zapdos|Zapdos|100\/100\n|turn|5\n|\n|t:|1701011827\n|switch|p1a: Drapion|Drapion, F, shiny|100\/100\n|-terastallize|p2a: Zapdos|Electric\n|move|p2a: Zapdos|Weather Ball|p1a: Drapion\n|-damage|p1a: Drapion|62\/100\n|\n|-weather|RainDance|[upkeep]\n|upkeep\n|turn|6\n|\n|t:|1701011838\n|move|p2a: Zapdos|Thunder|p1a: Drapion\n|-damage|p1a: Drapion|8\/100\n|-status|p1a: Drapion|par\n|cant|p1a: Drapion|par\n|\n|-weather|RainDance|[upkeep]\n|upkeep\n|turn|7\n|\n|t:|1701011846\n|move|p2a: Zapdos|Weather Ball|p1a: Drapion\n|-damage|p1a: Drapion|0 fnt\n|faint|p1a: Drapion\n|\n|-weather|RainDance|[upkeep]\n|upkeep\n|\n|t:|1701011854\n|switch|p1a: Latias|Latias, F, shiny|100\/100\n|turn|8\n|\n|t:|1701011865\n|detailschange|p1a: Latias|Latias-Mega, F, shiny\n|-mega|p1a: Latias|Latias|Latiasite\n|move|p2a: Zapdos|Thunder|p1a: Latias\n|-resisted|p1a: Latias\n|-damage|p1a: Latias|78\/100\n|move|p1a: Latias|Draco Meteor|p2a: Zapdos\n|-damage|p2a: Zapdos|38\/100\n|-unboost|p1a: Latias|spa|2\n|\n|-weather|none\n|upkeep\n|turn|9\n|\n|t:|1701011877\n|move|p2a: Zapdos|Hurricane|p1a: Latias|[miss]\n|-miss|p2a: Zapdos|p1a: Latias\n|move|p1a: Latias|Psyshock|p2a: Zapdos\n|-damage|p2a: Zapdos|18\/100\n|\n|upkeep\n|turn|10\n|\n|t:|1701011886\n|switch|p1a: Silvally|Silvally-Fairy|100\/100\n|move|p2a: Zapdos|Roost|p2a: Zapdos\n|-heal|p2a: Zapdos|68\/100\n|\n|upkeep\n|turn|11\n|\n|t:|1701011893\n|move|p2a: Zapdos|Roost|p2a: Zapdos\n|-heal|p2a: Zapdos|100\/100\n|move|p1a: Silvally|Iron Head|p2a: Zapdos\n|-resisted|p2a: Zapdos\n|-damage|p2a: Zapdos|92\/100\n|\n|upkeep\n|turn|12\n|\n|t:|1701011899\n|move|p2a: Zapdos|Hurricane|p1a: Silvally|[miss]\n|-miss|p2a: Zapdos|p1a: Silvally\n|move|p1a: Silvally|Multi-Attack|p2a: Zapdos\n|-damage|p2a: Zapdos|46\/100\n|-status|p1a: Silvally|par|[from] ability: Static|[of] p2a: Zapdos\n|\n|upkeep\n|turn|13\n|\n|t:|1701011908\n|move|p2a: Zapdos|Roost|p2a: Zapdos\n|-heal|p2a: Zapdos|96\/100\n|move|p1a: Silvally|Multi-Attack|p2a: Zapdos\n|-damage|p2a: Zapdos|52\/100\n|\n|upkeep\n|turn|14\n|\n|t:|1701011915\n|move|p2a: Zapdos|Roost|p2a: Zapdos\n|-heal|p2a: Zapdos|100\/100\n|move|p1a: Silvally|Multi-Attack|p2a: Zapdos\n|-damage|p2a: Zapdos|57\/100\n|\n|upkeep\n|turn|15\n|\n|t:|1701011932\n|move|p2a: Zapdos|Roost|p2a: Zapdos\n|-heal|p2a: Zapdos|100\/100\n|cant|p1a: Silvally|par\n|\n|upkeep\n|turn|16\n|\n|t:|1701011938\n|move|p2a: Zapdos|Hurricane|p1a: Silvally\n|-damage|p1a: Silvally|60\/100 par\n|move|p1a: Silvally|Multi-Attack|p2a: Zapdos\n|-damage|p2a: Zapdos|58\/100\n|\n|upkeep\n|turn|17\n|\n|t:|1701011947\n|move|p2a: Zapdos|Hurricane|p1a: Silvally\n|-crit|p1a: Silvally\n|-damage|p1a: Silvally|0 fnt\n|faint|p1a: Silvally\n|\n|upkeep\n|\n|t:|1701011954\n|switch|p1a: Latias|Latias-Mega, F, shiny|78\/100\n|turn|18\n|\n|t:|1701011961\n|move|p2a: Zapdos|Roost|p2a: Zapdos\n|-heal|p2a: Zapdos|100\/100\n|move|p1a: Latias|Draco Meteor|p2a: Zapdos\n|-damage|p2a: Zapdos|37\/100\n|-unboost|p1a: Latias|spa|2\n|\n|upkeep\n|turn|19\n|\n|t:|1701011968\n|move|p2a: Zapdos|Roost|p2a: Zapdos\n|-heal|p2a: Zapdos|87\/100\n|move|p1a: Latias|Draco Meteor|p2a: Zapdos\n|-damage|p2a: Zapdos|55\/100\n|-unboost|p1a: Latias|spa|2\n|\n|upkeep\n|turn|20\n|\n|t:|1701011971\n|switch|p1a: Vikavolt|Vikavolt, M, shiny|100\/100\n|move|p2a: Zapdos|Roost|p2a: Zapdos\n|-heal|p2a: Zapdos|100\/100\n|\n|upkeep\n|turn|21\n|\n|t:|1701011976\n|move|p2a: Zapdos|Hurricane|p1a: Vikavolt\n|-damage|p1a: Vikavolt|33\/100\n|move|p1a: Vikavolt|Thunderbolt|p2a: Zapdos\n|-resisted|p2a: Zapdos\n|-damage|p2a: Zapdos|56\/100\n|\n|upkeep\n|turn|22\n|\n|t:|1701011983\n|move|p2a: Zapdos|Hurricane|p1a: Vikavolt\n|-damage|p1a: Vikavolt|0 fnt\n|faint|p1a: Vikavolt\n|\n|upkeep\n|\n|t:|1701011986\n|switch|p1a: Latias|Latias-Mega, F, shiny|78\/100\n|turn|23\n|\n|t:|1701012007\n|switch|p2a: Ferrothorn|Ferrothorn, M|100\/100\n|move|p1a: Latias|Draco Meteor|p2a: Ferrothorn\n|-resisted|p2a: Ferrothorn\n|-damage|p2a: Ferrothorn|76\/100\n|-unboost|p1a: Latias|spa|2\n|\n|-heal|p2a: Ferrothorn|82\/100|[from] item: Leftovers\n|upkeep\n|turn|24\n|\n|t:|1701012019\n|switch|p1a: Cofagrigus|Cofagrigus, M, shiny|100\/100\n|move|p2a: Ferrothorn|Thunder Wave|p1a: Cofagrigus\n|-status|p1a: Cofagrigus|par\n|\n|-heal|p2a: Ferrothorn|88\/100|[from] item: Leftovers\n|upkeep\n|turn|25\n|\n|t:|1701012025\n|move|p2a: Ferrothorn|Knock Off|p1a: Cofagrigus\n|-supereffective|p1a: Cofagrigus\n|-damage|p1a: Cofagrigus|69\/100 par\n|-activate|p1a: Cofagrigus|ability: Mummy|Iron Barbs|[of] p2a: Ferrothorn\n|-enditem|p1a: Cofagrigus|Leftovers|[from] move: Knock Off|[of] p2a: Ferrothorn\n|move|p1a: Cofagrigus|Will-O-Wisp|p2a: Ferrothorn\n|-status|p2a: Ferrothorn|brn\n|\n|-heal|p2a: Ferrothorn|94\/100 brn|[from] item: Leftovers\n|-damage|p2a: Ferrothorn|88\/100 brn|[from] brn\n|upkeep\n|turn|26\n|\n|t:|1701012042\n|move|p2a: Ferrothorn|Knock Off|p1a: Cofagrigus\n|-supereffective|p1a: Cofagrigus\n|-damage|p1a: Cofagrigus|58\/100 par\n|cant|p1a: Cofagrigus|par\n|\n|-heal|p2a: Ferrothorn|94\/100 brn|[from] item: Leftovers\n|-damage|p2a: Ferrothorn|88\/100 brn|[from] brn\n|upkeep\n|turn|27\n|inactive|AOZUMI THE TRAINER has 120 seconds left.\n|\n|t:|1701012063\n|move|p2a: Ferrothorn|Knock Off|p1a: Cofagrigus\n|-supereffective|p1a: Cofagrigus\n|-damage|p1a: Cofagrigus|46\/100 par\n|move|p1a: Cofagrigus|Hex|p2a: Ferrothorn\n|-damage|p2a: Ferrothorn|54\/100 brn\n|\n|-heal|p2a: Ferrothorn|60\/100 brn|[from] item: Leftovers\n|-damage|p2a: Ferrothorn|54\/100 brn|[from] brn\n|upkeep\n|turn|28\n|\n|t:|1701012071\n|move|p2a: Ferrothorn|Knock Off|p1a: Cofagrigus\n|-supereffective|p1a: Cofagrigus\n|-damage|p1a: Cofagrigus|34\/100 par\n|move|p1a: Cofagrigus|Hex|p2a: Ferrothorn\n|-damage|p2a: Ferrothorn|22\/100 brn\n|\n|-heal|p2a: Ferrothorn|28\/100 brn|[from] item: Leftovers\n|-damage|p2a: Ferrothorn|22\/100 brn|[from] brn\n|upkeep\n|turn|29\n|\n|t:|1701012078\n|move|p2a: Ferrothorn|Knock Off|p1a: Cofagrigus\n|-supereffective|p1a: Cofagrigus\n|-damage|p1a: Cofagrigus|22\/100 par\n|cant|p1a: Cofagrigus|par\n|\n|-heal|p2a: Ferrothorn|28\/100 brn|[from] item: Leftovers\n|-damage|p2a: Ferrothorn|22\/100 brn|[from] brn\n|upkeep\n|turn|30\n|\n|t:|1701012083\n|move|p2a: Ferrothorn|Knock Off|p1a: Cofagrigus\n|-supereffective|p1a: Cofagrigus\n|-damage|p1a: Cofagrigus|12\/100 par\n|move|p1a: Cofagrigus|Hex|p2a: Ferrothorn\n|-damage|p2a: Ferrothorn|0 fnt\n|faint|p2a: Ferrothorn\n|\n|upkeep\n|\n|t:|1701012092\n|switch|p2a: Basculegion|Basculegion, M|28\/100\n|turn|31\n|\n|t:|1701012095\n|move|p2a: Basculegion|Shadow Ball|p1a: Cofagrigus\n|-supereffective|p1a: Cofagrigus\n|-damage|p1a: Cofagrigus|0 fnt\n|faint|p1a: Cofagrigus\n|\n|upkeep\n|\n|t:|1701012097\n|switch|p1a: Latias|Latias-Mega, F, shiny|78\/100\n|turn|32\n|\n|t:|1701012102\n|move|p1a: Latias|Psyshock|p2a: Basculegion\n|-damage|p2a: Basculegion|0 fnt\n|faint|p2a: Basculegion\n|\n|upkeep\n|\n|t:|1701012112\n|switch|p2a: Zapdos|Zapdos, tera:Electric|56\/100\n|turn|33\n|\n|t:|1701012116\n|move|p2a: Zapdos|Hurricane|p1a: Latias|[miss]\n|-miss|p2a: Zapdos|p1a: Latias\n|move|p1a: Latias|Future Sight|p2a: Zapdos\n|-start|p1a: Latias|move: Future Sight\n|\n|upkeep\n|turn|34\n|\n|t:|1701012123\n|move|p2a: Zapdos|Hurricane|p1a: Latias|[miss]\n|-miss|p2a: Zapdos|p1a: Latias\n|move|p1a: Latias|Psyshock|p2a: Zapdos\n|-damage|p2a: Zapdos|17\/100\n|\n|upkeep\n|turn|35\n|\n|t:|1701012131\n|move|p2a: Zapdos|Hurricane|p1a: Latias\n|-damage|p1a: Latias|46\/100\n|move|p1a: Latias|Psyshock|p2a: Zapdos\n|-damage|p2a: Zapdos|0 fnt\n|faint|p2a: Zapdos\n|\n|-hint|Future Sight did not hit because the target is fainted.\n|upkeep\n|\n|t:|1701012139\n|switch|p2a: Rotom|Rotom-Wash|100\/100\n|turn|36\n|\n|t:|1701012157\n|move|p2a: Rotom|Shadow Ball|p1a: Latias\n|-supereffective|p1a: Latias\n|-damage|p1a: Latias|0 fnt\n|faint|p1a: Latias\n|\n|win|AOZUMI THE TRAINER\n|raw|torebi's rating: 1076 &rarr; <strong>1061<\/strong><br \/>(-15 for losing)\n|raw|AOZUMI THE TRAINER's rating: 1178 &rarr; <strong>1196<\/strong><br \/>(+18 for winning)\n","uploadtime":1701012164,"views":8,"p1id":"torebi","p2id":"aozumithetrainer","formatid":"gen9nationaldex","rating":1061,"private":0,"password":""}