{"id":"gen9nationaldex-1992899027","p1":"WalterHrtwellWhite","p2":"AFreeVirus!","format":"[Gen 9] National Dex","log":"|j|\u2606WalterHrtwellWhite\n|j|\u2606AFreeVirus!\n|t:|1700245052\n|gametype|singles\n|player|p1|WalterHrtwellWhite|gentleman|1373\n|player|p2|AFreeVirus!|ingo|1324\n|teamsize|p1|6\n|teamsize|p2|6\n|gen|9\n|tier|[Gen 9] National Dex\n|rated|\n|rule|HP Percentage Mod: HP is shown in percentages\n|rule|Endless Battle Clause: Forcing endless battles is banned\n|rule|OHKO Clause: OHKO moves are banned\n|rule|Evasion Clause: Evasion abilities, items, and moves are banned\n|rule|Evasion Abilities Clause: Evasion abilities are banned\n|rule|Evasion Items Clause: Evasion items are banned\n|rule|Evasion Moves Clause: Evasion moves are banned\n|rule|Species Clause: Limit one of each Pok\u00e9mon\n|rule|Sleep Clause Mod: Limit one foe put to sleep\n|clearpoke\n|poke|p1|Scizor, F|\n|poke|p1|Volcarona, M|\n|poke|p1|Gliscor, M|\n|poke|p1|Heatran, M|\n|poke|p1|Alomomola, F|\n|poke|p1|Slowking-Galar, F|\n|poke|p2|Tapu Koko|\n|poke|p2|Raichu-Alola, M|\n|poke|p2|Landorus-Therian, M|\n|poke|p2|Iron Valiant|\n|poke|p2|Alomomola, M|\n|poke|p2|Corviknight, F|\n|teampreview\n|inactive|Battle timer is ON: inactive players will automatically lose when time's up. (requested by WalterHrtwellWhite)\n|\n|t:|1700245097\n|start\n|switch|p1a: Alomomola|Alomomola, F|100\/100\n|switch|p2a: Tapu Koko|Tapu Koko|100\/100\n|-fieldstart|move: Electric Terrain|[from] ability: Electric Surge|[of] p2a: Tapu Koko\n|turn|1\n|\n|t:|1700245109\n|switch|p2a: Raichu|Raichu-Alola, M|100\/100\n|switch|p1a: Assad|Gliscor, M|100\/100\n|\n|-status|p1a: Assad|tox|[from] item: Toxic Orb\n|upkeep\n|turn|2\n|\n|t:|1700245128\n|switch|p2a: Landorus|Landorus-Therian, M|100\/100\n|-ability|p2a: Landorus|Intimidate|boost\n|-unboost|p1a: Assad|atk|1\n|move|p1a: Assad|Protect||[still]\n|-fail|p1a: Assad\n|\n|upkeep\n|turn|3\n|\n|t:|1700245154\n|switch|p1a: Slowking|Slowking-Galar, F|100\/100\n|move|p2a: Landorus|Stealth Rock|p1a: Slowking\n|-sidestart|p1: WalterHrtwellWhite|move: Stealth Rock\n|\n|upkeep\n|turn|4\n|\n|t:|1700245170\n|switch|p1a: Assad|Gliscor, M|100\/100 tox\n|-damage|p1a: Assad|88\/100 tox|[from] Stealth Rock\n|move|p2a: Landorus|Knock Off|p1a: Assad\n|-damage|p1a: Assad|62\/100 tox\n|-enditem|p1a: Assad|Toxic Orb|[from] move: Knock Off|[of] p2a: Landorus\n|\n|-heal|p1a: Assad|75\/100 tox|[from] ability: Poison Heal\n|upkeep\n|turn|5\n|\n|t:|1700245186\n|move|p1a: Assad|Protect|p1a: Assad\n|-singleturn|p1a: Assad|Protect\n|move|p2a: Landorus|U-turn|p1a: Assad\n|-activate|p1a: Assad|move: Protect\n|\n|-heal|p1a: Assad|87\/100 tox|[from] ability: Poison Heal\n|upkeep\n|turn|6\n|\n|t:|1700245193\n|move|p1a: Assad|Earthquake|p2a: Landorus\n|-immune|p2a: Landorus\n|move|p2a: Landorus|U-turn|p1a: Assad\n|-resisted|p1a: Assad\n|-damage|p1a: Assad|79\/100 tox\n|\n|t:|1700245206\n|switch|p2a: Iron Valiant|Iron Valiant|100\/100|[from] U-turn\n|-activate|p2a: Iron Valiant|ability: Quark Drive\n|-start|p2a: Iron Valiant|quarkdrivespe\n|\n|-heal|p1a: Assad|91\/100 tox|[from] ability: Poison Heal\n|upkeep\n|turn|7\n|\n|t:|1700245219\n|move|p1a: Assad|Protect|p1a: Assad\n|-singleturn|p1a: Assad|Protect\n|move|p2a: Iron Valiant|Moonblast|p1a: Assad\n|-activate|p1a: Assad|move: Protect\n|\n|-heal|p1a: Assad|100\/100 tox|[from] ability: Poison Heal\n|upkeep\n|turn|8\n|\n|t:|1700245224\n|-end|p2a: Iron Valiant|Quark Drive|[silent]\n|switch|p2a: Landorus|Landorus-Therian, M|100\/100\n|-ability|p2a: Landorus|Intimidate|boost\n|-unboost|p1a: Assad|atk|1\n|move|p1a: Assad|Knock Off|p2a: Landorus\n|-damage|p2a: Landorus|91\/100\n|-damage|p1a: Assad|84\/100 tox|[from] item: Rocky Helmet|[of] p2a: Landorus\n|-enditem|p2a: Landorus|Rocky Helmet|[from] move: Knock Off|[of] p1a: Assad\n|\n|-heal|p1a: Assad|97\/100 tox|[from] ability: Poison Heal\n|-fieldend|move: Electric Terrain\n|upkeep\n|turn|9\n|\n|t:|1700245243\n|switch|p2a: Tapu Koko|Tapu Koko|100\/100\n|-fieldstart|move: Electric Terrain|[from] ability: Electric Surge|[of] p2a: Tapu Koko\n|move|p1a: Assad|Knock Off|p2a: Tapu Koko\n|-resisted|p2a: Tapu Koko\n|-damage|p2a: Tapu Koko|90\/100\n|-enditem|p2a: Tapu Koko|Terrain Extender|[from] move: Knock Off|[of] p1a: Assad\n|\n|-heal|p1a: Assad|100\/100 tox|[from] ability: Poison Heal\n|upkeep\n|turn|10\n|\n|t:|1700245254\n|move|p2a: Tapu Koko|Dazzling Gleam|p1a: Assad\n|-damage|p1a: Assad|68\/100 tox\n|move|p1a: Assad|Spikes|p2a: Tapu Koko\n|-sidestart|p2: AFreeVirus!|Spikes\n|\n|-heal|p1a: Assad|81\/100 tox|[from] ability: Poison Heal\n|upkeep\n|turn|11\n|\n|t:|1700245261\n|move|p2a: Tapu Koko|Dazzling Gleam|p1a: Assad\n|-damage|p1a: Assad|50\/100 tox\n|move|p1a: Assad|Spikes|p2a: Tapu Koko\n|-sidestart|p2: AFreeVirus!|Spikes\n|\n|-heal|p1a: Assad|62\/100 tox|[from] ability: Poison Heal\n|upkeep\n|turn|12\n|\n|t:|1700245269\n|move|p2a: Tapu Koko|Dazzling Gleam|p1a: Assad\n|-damage|p1a: Assad|32\/100 tox\n|move|p1a: Assad|Earthquake|p2a: Tapu Koko\n|-supereffective|p2a: Tapu Koko\n|-damage|p2a: Tapu Koko|28\/100\n|\n|-heal|p1a: Assad|45\/100 tox|[from] ability: Poison Heal\n|upkeep\n|turn|13\n|\n|t:|1700245274\n|move|p1a: Assad|Protect|p1a: Assad\n|-singleturn|p1a: Assad|Protect\n|move|p2a: Tapu Koko|Dazzling Gleam|p1a: Assad\n|-activate|p1a: Assad|move: Protect\n|\n|-heal|p1a: Assad|57\/100 tox|[from] ability: Poison Heal\n|upkeep\n|turn|14\n|\n|t:|1700245288\n|move|p2a: Tapu Koko|Dazzling Gleam|p1a: Assad\n|-damage|p1a: Assad|23\/100 tox\n|move|p1a: Assad|Spikes|p2a: Tapu Koko\n|-sidestart|p2: AFreeVirus!|Spikes\n|\n|-heal|p1a: Assad|36\/100 tox|[from] ability: Poison Heal\n|upkeep\n|turn|15\n|\n|t:|1700245295\n|move|p1a: Assad|Protect|p1a: Assad\n|-singleturn|p1a: Assad|Protect\n|move|p2a: Tapu Koko|Dazzling Gleam|p1a: Assad\n|-activate|p1a: Assad|move: Protect\n|\n|-heal|p1a: Assad|48\/100 tox|[from] ability: Poison Heal\n|upkeep\n|turn|16\n|\n|t:|1700245299\n|move|p2a: Tapu Koko|Dazzling Gleam|p1a: Assad\n|-damage|p1a: Assad|15\/100 tox\n|move|p1a: Assad|Earthquake|p2a: Tapu Koko\n|-supereffective|p2a: Tapu Koko\n|-damage|p2a: Tapu Koko|0 fnt\n|faint|p2a: Tapu Koko\n|\n|-heal|p1a: Assad|27\/100 tox|[from] ability: Poison Heal\n|-fieldend|move: Electric Terrain\n|upkeep\n|\n|t:|1700245303\n|switch|p2a: Raichu|Raichu-Alola, M|100\/100\n|-damage|p2a: Raichu|76\/100|[from] Spikes\n|turn|17\n|\n|t:|1700245315\n|move|p1a: Assad|Protect|p1a: Assad\n|-singleturn|p1a: Assad|Protect\n|move|p2a: Raichu|Surf|p1a: Assad\n|-activate|p1a: Assad|move: Protect\n|\n|-heal|p1a: Assad|40\/100 tox|[from] ability: Poison Heal\n|upkeep\n|turn|18\n|\n|t:|1700245326\n|switch|p1a: Slowking|Slowking-Galar, F|100\/100\n|-damage|p1a: Slowking|88\/100|[from] Stealth Rock\n|move|p2a: Raichu|Surf|p1a: Slowking\n|-damage|p1a: Slowking|73\/100\n|-damage|p2a: Raichu|66\/100|[from] item: Life Orb\n|\n|upkeep\n|turn|19\n|\n|t:|1700245336\n|move|p2a: Raichu|Psyshock|p1a: Slowking\n|-crit|p1a: Slowking\n|-damage|p1a: Slowking|0 fnt\n|faint|p1a: Slowking\n|-damage|p2a: Raichu|56\/100|[from] item: Life Orb\n|\n|upkeep\n|c|\u2606AFreeVirus!|quit the game\n|c|\u2606AFreeVirus!|im not confident you're sentient\n|\n|t:|1700245346\n|switch|p1a: Assad|Gliscor, M|40\/100 tox\n|-damage|p1a: Assad|27\/100 tox|[from] Stealth Rock\n|turn|20\n|\n|t:|1700245351\n|move|p1a: Assad|Protect|p1a: Assad\n|-singleturn|p1a: Assad|Protect\n|move|p2a: Raichu|Surf|p1a: Assad\n|-activate|p1a: Assad|move: Protect\n|\n|-heal|p1a: Assad|40\/100 tox|[from] ability: Poison Heal\n|upkeep\n|turn|21\n|c|\u2606WalterHrtwellWhite|damn its not that serious\n|c|\u2606AFreeVirus!|protect one more time i will beat your ass\n|inactive|WalterHrtwellWhite has 120 seconds left.\n|\n|t:|1700245388\n|move|p1a: Assad|Protect||[still]\n|-fail|p1a: Assad\n|move|p2a: Raichu|Surf|p1a: Assad\n|-supereffective|p1a: Assad\n|-damage|p1a: Assad|0 fnt\n|faint|p1a: Assad\n|-damage|p2a: Raichu|46\/100|[from] item: Life Orb\n|\n|upkeep\n|c|\u2606WalterHrtwellWhite|it wouldve been really funny if it worked tho\n|c|\u2606AFreeVirus!|true\n|\n|t:|1700245408\n|switch|p1a: Skyler White|Scizor, F|100\/100\n|-damage|p1a: Skyler White|88\/100|[from] Stealth Rock\n|turn|22\n|\n|t:|1700245422\n|detailschange|p1a: Skyler White|Scizor-Mega, F\n|-mega|p1a: Skyler White|Scizor|Scizorite\n|-terastallize|p2a: Raichu|Electric\n|move|p1a: Skyler White|Bullet Punch|p2a: Raichu\n|-resisted|p2a: Raichu\n|-damage|p2a: Raichu|1\/100\n|move|p2a: Raichu|Rising Voltage|p1a: Skyler White\n|-damage|p1a: Skyler White|27\/100\n|-damage|p2a: Raichu|0 fnt|[from] item: Life Orb\n|faint|p2a: Raichu\n|\n|upkeep\n|\n|t:|1700245446\n|switch|p2a: Landorus|Landorus-Therian, M|91\/100\n|-ability|p2a: Landorus|Intimidate|boost\n|-unboost|p1a: Skyler White|atk|1\n|turn|23\n|\n|t:|1700245455\n|move|p1a: Skyler White|Roost|p1a: Skyler White\n|-heal|p1a: Skyler White|77\/100\n|-singleturn|p1a: Skyler White|move: Roost\n|move|p2a: Landorus|Knock Off|p1a: Skyler White\n|-damage|p1a: Skyler White|59\/100\n|\n|upkeep\n|turn|24\n|inactive|WalterHrtwellWhite has 120 seconds left.\n|\n|t:|1700245467\n|move|p1a: Skyler White|Roost|p1a: Skyler White\n|-heal|p1a: Skyler White|100\/100\n|-singleturn|p1a: Skyler White|move: Roost\n|move|p2a: Landorus|U-turn|p1a: Skyler White\n|-resisted|p1a: Skyler White\n|-damage|p1a: Skyler White|91\/100\n|\n|t:|1700245471\n|switch|p2a: Iron Valiant|Iron Valiant|100\/100|[from] U-turn\n|-damage|p2a: Iron Valiant|76\/100|[from] Spikes\n|\n|upkeep\n|turn|25\n|\n|t:|1700245484\n|move|p2a: Iron Valiant|Moonblast|p1a: Skyler White\n|-resisted|p1a: Skyler White\n|-damage|p1a: Skyler White|51\/100\n|-unboost|p1a: Skyler White|spa|1\n|move|p1a: Skyler White|Swords Dance|p1a: Skyler White\n|-boost|p1a: Skyler White|atk|2\n|\n|upkeep\n|turn|26\n|\n|t:|1700245495\n|move|p1a: Skyler White|Bullet Punch|p2a: Iron Valiant\n|-supereffective|p2a: Iron Valiant\n|-damage|p2a: Iron Valiant|0 fnt\n|faint|p2a: Iron Valiant\n|-end|p2a: Iron Valiant|Quark Drive|[silent]\n|\n|upkeep\n|-message|AFreeVirus! forfeited.\n|\n|win|WalterHrtwellWhite\n|raw|WalterHrtwellWhite's rating: 1373 &rarr; <strong>1390<\/strong><br \/>(+17 for winning)\n|raw|AFreeVirus!'s rating: 1324 &rarr; <strong>1307<\/strong><br \/>(-17 for losing)\n|l|\u2606AFreeVirus!\n","uploadtime":1700245551,"views":7,"p1id":"walterhrtwellwhite","p2id":"afreevirus","formatid":"gen9nationaldex","rating":1307,"private":0,"password":""}