{"id":"gen9nationaldex-1997733576","p1":"Spaghetti Towels","p2":"FalloutVevo","format":"[Gen 9] National Dex","log":"|html|<div class=\"broadcast-blue\"><strong>[Gen 9] National Dex is currently suspecting Sneasler! For information on how to participate check out the <a href=\"https:\/\/www.smogon.com\/forums\/threads\/sv-national-dex-suspect-8-just-dance.3731534\/\">suspect thread<\/a>.<\/strong><\/div>\n|j|\u2606Spaghetti Towels\n|j|\u2606FalloutVevo\n|t:|1700846909\n|gametype|singles\n|player|p1|Spaghetti Towels|rose-zerosuit|1120\n|player|p2|FalloutVevo|plasmagruntf|1097\n|teamsize|p1|6\n|teamsize|p2|6\n|gen|9\n|tier|[Gen 9] National Dex\n|rated|\n|rule|HP Percentage Mod: HP is shown in percentages\n|rule|Endless Battle Clause: Forcing endless battles is banned\n|rule|OHKO Clause: OHKO moves are banned\n|rule|Evasion Clause: Evasion abilities, items, and moves are banned\n|rule|Evasion Abilities Clause: Evasion abilities are banned\n|rule|Evasion Items Clause: Evasion items are banned\n|rule|Evasion Moves Clause: Evasion moves are banned\n|rule|Species Clause: Limit one of each Pok\u00e9mon\n|rule|Sleep Clause Mod: Limit one foe put to sleep\n|clearpoke\n|poke|p1|Liepard, F|\n|poke|p1|Meganium, M|\n|poke|p1|Sneasler, M|\n|poke|p1|Iron Valiant|\n|poke|p1|Ferrothorn, F|\n|poke|p1|Zapdos|\n|poke|p2|Toxapex, F|\n|poke|p2|Greninja-*, M|\n|poke|p2|Tapu Koko|\n|poke|p2|Swampert, F|\n|poke|p2|Gyarados, M|\n|poke|p2|Politoed, M|\n|teampreview\n|inactive|Battle timer is ON: inactive players will automatically lose when time's up. (requested by Spaghetti Towels)\n|c|\u2606Spaghetti Towels|Glhf\n|\n|t:|1700846924\n|start\n|switch|p1a: Meganium|Meganium, M|100\/100\n|switch|p2a: Politoed|Politoed, M|100\/100\n|-weather|RainDance|[from] ability: Drizzle|[of] p2a: Politoed\n|turn|1\n|\n|t:|1700846930\n|move|p1a: Meganium|Swords Dance|p1a: Meganium\n|-boost|p1a: Meganium|atk|2\n|move|p2a: Politoed|Toxic|p1a: Meganium\n|-status|p1a: Meganium|tox\n|\n|-weather|RainDance|[upkeep]\n|-damage|p1a: Meganium|95\/100 tox|[from] psn\n|upkeep\n|turn|2\n|\n|t:|1700846936\n|switch|p2a: Toxapex|Toxapex, F|100\/100\n|move|p1a: Meganium|Petal Blizzard|p2a: Toxapex\n|-damage|p2a: Toxapex|36\/100\n|-damage|p1a: Meganium|85\/100 tox|[from] item: Life Orb\n|\n|-weather|RainDance|[upkeep]\n|-heal|p2a: Toxapex|43\/100|[from] item: Leftovers\n|-damage|p1a: Meganium|73\/100 tox|[from] psn\n|upkeep\n|turn|3\n|\n|t:|1700846959\n|move|p1a: Meganium|Petal Blizzard|p2a: Toxapex\n|-damage|p2a: Toxapex|0 fnt\n|faint|p2a: Toxapex\n|-damage|p1a: Meganium|63\/100 tox|[from] item: Life Orb\n|\n|-weather|RainDance|[upkeep]\n|-damage|p1a: Meganium|45\/100 tox|[from] psn\n|upkeep\n|\n|t:|1700846969\n|switch|p2a: Gyarados|Gyarados, M|100\/100\n|turn|4\n|\n|t:|1700846973\n|-terastallize|p2a: Gyarados|Flying\n|move|p2a: Gyarados|Dragon Dance|p2a: Gyarados\n|-boost|p2a: Gyarados|atk|1\n|-boost|p2a: Gyarados|spe|1\n|move|p1a: Meganium|Petal Blizzard|p2a: Gyarados\n|-resisted|p2a: Gyarados\n|-damage|p2a: Gyarados|48\/100\n|-damage|p1a: Meganium|35\/100 tox|[from] item: Life Orb\n|\n|-weather|RainDance|[upkeep]\n|-heal|p2a: Gyarados|54\/100|[from] item: Leftovers\n|-damage|p1a: Meganium|11\/100 tox|[from] psn\n|upkeep\n|turn|5\n|\n|t:|1700846979\n|move|p2a: Gyarados|Ice Fang|p1a: Meganium\n|-supereffective|p1a: Meganium\n|-damage|p1a: Meganium|0 fnt\n|faint|p1a: Meganium\n|-ability|p2a: Gyarados|Moxie|boost\n|-boost|p2a: Gyarados|atk|1\n|\n|-weather|RainDance|[upkeep]\n|-heal|p2a: Gyarados|60\/100|[from] item: Leftovers\n|upkeep\n|\n|t:|1700846989\n|switch|p1a: Liepard|Liepard, F, shiny|100\/100\n|turn|6\n|\n|t:|1700846996\n|move|p1a: Liepard|Thunder Wave|p2a: Gyarados\n|-status|p2a: Gyarados|par\n|move|p2a: Gyarados|Waterfall|p1a: Liepard\n|-damage|p1a: Liepard|0 fnt\n|faint|p1a: Liepard\n|-ability|p2a: Gyarados|Moxie|boost\n|-boost|p2a: Gyarados|atk|1\n|\n|-weather|RainDance|[upkeep]\n|-heal|p2a: Gyarados|66\/100 par|[from] item: Leftovers\n|upkeep\n|\n|t:|1700847014\n|switch|p1a: Zapdos|Zapdos, shiny|100\/100\n|turn|7\n|\n|t:|1700847019\n|move|p1a: Zapdos|Volt Switch|p2a: Gyarados\n|-supereffective|p2a: Gyarados\n|-damage|p2a: Gyarados|5\/100 par\n|\n|t:|1700847027\n|switch|p1a: Ferrothorn|Ferrothorn, F|100\/100|[from] Volt Switch\n|move|p2a: Gyarados|Ice Fang|p1a: Ferrothorn\n|-damage|p1a: Ferrothorn|60\/100\n|-damage|p2a: Gyarados|0 fnt|[from] ability: Iron Barbs|[of] p1a: Ferrothorn\n|faint|p2a: Gyarados\n|\n|-weather|RainDance|[upkeep]\n|-heal|p1a: Ferrothorn|66\/100|[from] item: Leftovers\n|upkeep\n|\n|t:|1700847044\n|switch|p2a: Swampert|Swampert, F|100\/100\n|turn|8\n|\n|t:|1700847060\n|detailschange|p2a: Swampert|Swampert-Mega, F\n|-mega|p2a: Swampert|Swampert|Swampertite\n|move|p2a: Swampert|Flip Turn|p1a: Ferrothorn\n|-resisted|p1a: Ferrothorn\n|-damage|p1a: Ferrothorn|45\/100\n|-damage|p2a: Swampert|88\/100|[from] ability: Iron Barbs|[of] p1a: Ferrothorn\n|\n|t:|1700847079\n|switch|p2a: Tapu Koko|Tapu Koko|100\/100|[from] Flip Turn\n|-fieldstart|move: Electric Terrain|[from] ability: Electric Surge|[of] p2a: Tapu Koko\n|move|p1a: Ferrothorn|Power Whip|p2a: Tapu Koko\n|-damage|p2a: Tapu Koko|46\/100\n|\n|-weather|none\n|-heal|p1a: Ferrothorn|52\/100|[from] item: Leftovers\n|upkeep\n|turn|9\n|\n|t:|1700847084\n|move|p2a: Tapu Koko|Thunder Wave|p1a: Ferrothorn\n|-status|p1a: Ferrothorn|par\n|move|p1a: Ferrothorn|Leech Seed|p2a: Tapu Koko\n|-start|p2a: Tapu Koko|move: Leech Seed\n|\n|-heal|p1a: Ferrothorn|58\/100 par|[from] item: Leftovers\n|-damage|p2a: Tapu Koko|34\/100|[from] Leech Seed|[of] p1a: Ferrothorn\n|-heal|p1a: Ferrothorn|68\/100 par|[silent]\n|upkeep\n|turn|10\n|\n|t:|1700847089\n|move|p2a: Tapu Koko|Thunder|p1a: Ferrothorn|[miss]\n|-miss|p2a: Tapu Koko|p1a: Ferrothorn\n|cant|p1a: Ferrothorn|par\n|\n|-heal|p1a: Ferrothorn|74\/100 par|[from] item: Leftovers\n|-damage|p2a: Tapu Koko|21\/100|[from] Leech Seed|[of] p1a: Ferrothorn\n|-heal|p1a: Ferrothorn|84\/100 par|[silent]\n|upkeep\n|turn|11\n|\n|t:|1700847106\n|switch|p2a: Swampert|Swampert-Mega, F|88\/100\n|move|p1a: Ferrothorn|Stealth Rock|p2a: Swampert\n|-sidestart|p2: FalloutVevo|move: Stealth Rock\n|\n|-heal|p1a: Ferrothorn|90\/100 par|[from] item: Leftovers\n|upkeep\n|turn|12\n|\n|t:|1700847109\n|move|p2a: Swampert|Earthquake|p1a: Ferrothorn\n|-damage|p1a: Ferrothorn|40\/100 par\n|move|p1a: Ferrothorn|Power Whip|p2a: Swampert\n|-supereffective|p2a: Swampert\n|-damage|p2a: Swampert|0 fnt\n|faint|p2a: Swampert\n|\n|-heal|p1a: Ferrothorn|46\/100 par|[from] item: Leftovers\n|-fieldend|move: Electric Terrain\n|upkeep\n|\n|t:|1700847117\n|switch|p2a: Greninja|Greninja, M|100\/100\n|-damage|p2a: Greninja|88\/100|[from] Stealth Rock\n|turn|13\n|\n|t:|1700847124\n|move|p2a: Greninja|Ice Beam|p1a: Ferrothorn\n|-damage|p1a: Ferrothorn|25\/100 par\n|-damage|p2a: Greninja|78\/100|[from] item: Life Orb\n|move|p1a: Ferrothorn|Power Whip|p2a: Greninja\n|-supereffective|p2a: Greninja\n|-damage|p2a: Greninja|0 fnt\n|faint|p2a: Greninja\n|\n|-heal|p1a: Ferrothorn|31\/100 par|[from] item: Leftovers\n|upkeep\n|-message|FalloutVevo forfeited.\n|\n|win|Spaghetti Towels\n|raw|Spaghetti Towels's rating: 1120 &rarr; <strong>1142<\/strong><br \/>(+22 for winning)\n|raw|FalloutVevo's rating: 1078 &rarr; <strong>1059<\/strong><br \/>(-19 for losing)\n|l|\u2606FalloutVevo\n","uploadtime":1700847144,"views":1,"p1id":"spaghettitowels","p2id":"falloutvevo","formatid":"gen9nationaldex","rating":1059,"private":0,"password":""}