{"id":"gen9nationaldex-1988222399","p1":"luonnnchen","p2":"Rankuroi","format":"[Gen 9] National Dex","log":"|j|\u2606luonnnchen\n|j|\u2606Rankuroi\n|t:|1699688394\n|gametype|singles\n|player|p1|luonnnchen|n|1163\n|player|p2|Rankuroi|erika|1112\n|teamsize|p1|6\n|teamsize|p2|6\n|gen|9\n|tier|[Gen 9] National Dex\n|rated|\n|rule|HP Percentage Mod: HP is shown in percentages\n|rule|Endless Battle Clause: Forcing endless battles is banned\n|rule|OHKO Clause: OHKO moves are banned\n|rule|Evasion Clause: Evasion abilities, items, and moves are banned\n|rule|Evasion Abilities Clause: Evasion abilities are banned\n|rule|Evasion Items Clause: Evasion items are banned\n|rule|Evasion Moves Clause: Evasion moves are banned\n|rule|Species Clause: Limit one of each Pok\u00e9mon\n|rule|Sleep Clause Mod: Limit one foe put to sleep\n|clearpoke\n|poke|p1|Banette, M|\n|poke|p1|Alomomola, M|\n|poke|p1|Landorus-Therian, M|\n|poke|p1|Rillaboom, M|\n|poke|p1|Sneasler, F|\n|poke|p1|Serperior, F|\n|poke|p2|Victreebel, M|\n|poke|p2|Torkoal, M|\n|poke|p2|Seaking, M|\n|poke|p2|Octillery, M|\n|poke|p2|Spiritomb, F|\n|poke|p2|Sunflora, M|\n|teampreview\n|inactive|Battle timer is ON: inactive players will automatically lose when time's up. (requested by Rankuroi)\n|\n|t:|1699688422\n|start\n|switch|p1a: Landorus|Landorus-Therian, M|100\/100\n|switch|p2a: Octillery|Octillery, M|100\/100\n|-ability|p1a: Landorus|Intimidate|boost\n|-unboost|p2a: Octillery|atk|1\n|turn|1\n|\n|t:|1699688431\n|move|p1a: Landorus|Stealth Rock|p2a: Octillery\n|-sidestart|p2: Rankuroi|move: Stealth Rock\n|move|p2a: Octillery|Ice Beam|p1a: Landorus\n|-supereffective|p1a: Landorus\n|-crit|p1a: Landorus\n|-damage|p1a: Landorus|0 fnt\n|faint|p1a: Landorus\n|\n|upkeep\n|\n|t:|1699688439\n|switch|p1a: Serperior|Serperior, F|100\/100\n|turn|2\n|\n|t:|1699688445\n|-terastallize|p2a: Octillery|Dragon\n|move|p1a: Serperior|Glare|p2a: Octillery\n|-status|p2a: Octillery|par\n|move|p2a: Octillery|Sludge Wave|p1a: Serperior\n|-supereffective|p1a: Serperior\n|-crit|p1a: Serperior\n|-damage|p1a: Serperior|0 fnt\n|faint|p1a: Serperior\n|\n|upkeep\n|\n|t:|1699688455\n|switch|p1a: Banette|Banette, M|100\/100\n|-item|p2a: Octillery|Assault Vest|[from] ability: Frisk|[of] p1a: Banette|[identify]\n|turn|3\n|\n|t:|1699688459\n|detailschange|p1a: Banette|Banette-Mega, M\n|-mega|p1a: Banette|Banette|Banettite\n|move|p1a: Banette|Poltergeist|p2a: Octillery\n|-activate|p2a: Octillery|move: Poltergeist|Assault Vest\n|-damage|p2a: Octillery|16\/100 par\n|move|p2a: Octillery|Surf|p1a: Banette\n|-damage|p1a: Banette|43\/100\n|\n|upkeep\n|turn|4\n|\n|t:|1699688468\n|move|p1a: Banette|Poltergeist|p2a: Octillery\n|-activate|p2a: Octillery|move: Poltergeist|Assault Vest\n|-damage|p2a: Octillery|0 fnt\n|faint|p2a: Octillery\n|\n|upkeep\n|\n|t:|1699688476\n|switch|p2a: Torkoal|Torkoal, M, shiny|100\/100\n|-damage|p2a: Torkoal|76\/100|[from] Stealth Rock\n|-weather|SunnyDay|[from] ability: Drought|[of] p2a: Torkoal\n|turn|5\n|\n|t:|1699688481\n|move|p1a: Banette|Destiny Bond|p1a: Banette\n|-singlemove|p1a: Banette|Destiny Bond\n|move|p2a: Torkoal|Flamethrower|p1a: Banette\n|-damage|p1a: Banette|0 fnt\n|faint|p1a: Banette\n|-activate|p1a: Banette|move: Destiny Bond\n|faint|p2a: Torkoal\n|\n|-weather|SunnyDay|[upkeep]\n|upkeep\n|\n|t:|1699688491\n|switch|p1a: Rillaboom|Rillaboom, M|100\/100\n|switch|p2a: Sunflora|Sunflora, M, shiny|100\/100\n|-fieldstart|move: Grassy Terrain|[from] ability: Grassy Surge|[of] p1a: Rillaboom\n|-damage|p2a: Sunflora|88\/100|[from] Stealth Rock\n|turn|6\n|\n|t:|1699688501\n|move|p1a: Rillaboom|Knock Off|p2a: Sunflora\n|-damage|p2a: Sunflora|22\/100\n|-enditem|p2a: Sunflora|Assault Vest|[from] move: Knock Off|[of] p1a: Rillaboom\n|move|p2a: Sunflora|Sludge Bomb|p1a: Rillaboom\n|-supereffective|p1a: Rillaboom\n|-damage|p1a: Rillaboom|0 fnt\n|faint|p1a: Rillaboom\n|\n|-weather|SunnyDay|[upkeep]\n|-damage|p2a: Sunflora|10\/100|[from] ability: Solar Power|[of] p2a: Sunflora\n|-heal|p2a: Sunflora|16\/100|[from] Grassy Terrain\n|upkeep\n|\n|t:|1699688511\n|switch|p1a: Sneasler|Sneasler, F|100\/100\n|-enditem|p1a: Sneasler|Grassy Seed\n|-boost|p1a: Sneasler|def|1|[from] item: Grassy Seed\n|turn|7\n|\n|t:|1699688517\n|move|p1a: Sneasler|Swords Dance|p1a: Sneasler\n|-boost|p1a: Sneasler|atk|2\n|move|p2a: Sunflora|Earth Power|p1a: Sneasler\n|-supereffective|p1a: Sneasler\n|-damage|p1a: Sneasler|0 fnt\n|faint|p1a: Sneasler\n|\n|-weather|SunnyDay|[upkeep]\n|-damage|p2a: Sunflora|4\/100|[from] ability: Solar Power|[of] p2a: Sunflora\n|-heal|p2a: Sunflora|10\/100|[from] Grassy Terrain\n|upkeep\n|\n|t:|1699688523\n|switch|p1a: Alomomola|Alomomola, M|100\/100\n|turn|8\n|-message|luonnnchen forfeited.\n|\n|win|Rankuroi\n|raw|luonnnchen's rating: 1163 &rarr; <strong>1134<\/strong><br \/>(-29 for losing)\n|raw|Rankuroi's rating: 1112 &rarr; <strong>1141<\/strong><br \/>(+29 for winning)\n|l|\u2606luonnnchen\n","uploadtime":1699688550,"views":15,"p1id":"luonnnchen","p2id":"rankuroi","formatid":"gen9nationaldex","rating":1134,"private":0,"password":""}