{"id":"gen9nationaldex-1994675769","p1":"as cheu","p2":"Tiammat rpplf","format":"[Gen 9] National Dex","log":"|html|<div class=\"broadcast-blue\"><strong>[Gen 9] National Dex is currently suspecting Sneasler! For information on how to participate check out the <a href=\"https:\/\/www.smogon.com\/forums\/threads\/sv-national-dex-suspect-8-just-dance.3731534\/\">suspect thread<\/a>.<\/strong><\/div>\n|j|\u2606as cheu\n|j|\u2606Tiammat rpplf\n|t:|1700479418\n|gametype|singles\n|player|p1|as cheu|officeworker|1730\n|player|p2|Tiammat rpplf|heroine-conquest|1640\n|teamsize|p1|6\n|teamsize|p2|6\n|gen|9\n|tier|[Gen 9] National Dex\n|rated|\n|rule|HP Percentage Mod: HP is shown in percentages\n|rule|Endless Battle Clause: Forcing endless battles is banned\n|rule|OHKO Clause: OHKO moves are banned\n|rule|Evasion Clause: Evasion abilities, items, and moves are banned\n|rule|Evasion Abilities Clause: Evasion abilities are banned\n|rule|Evasion Items Clause: Evasion items are banned\n|rule|Evasion Moves Clause: Evasion moves are banned\n|rule|Species Clause: Limit one of each Pok\u00e9mon\n|rule|Sleep Clause Mod: Limit one foe put to sleep\n|clearpoke\n|poke|p1|Cloyster, M|\n|poke|p1|Umbreon, F|\n|poke|p1|Gardevoir, F|\n|poke|p1|Forretress, M|\n|poke|p1|Thundurus-Therian, M|\n|poke|p1|Sneasler, M|\n|poke|p2|Landorus-Therian, M|\n|poke|p2|Rillaboom, F|\n|poke|p2|Kommo-o, F|\n|poke|p2|Toxapex, F|\n|poke|p2|Manectric, F|\n|poke|p2|Bisharp, M|\n|teampreview\n|inactive|Battle timer is ON: inactive players will automatically lose when time's up. (requested by as cheu)\n|\n|t:|1700479435\n|start\n|switch|p1a: Sneasler|Sneasler, M|100\/100\n|switch|p2a: Manectric|Manectric, F|100\/100\n|turn|1\n|\n|t:|1700479444\n|detailschange|p2a: Manectric|Manectric-Mega, F\n|-mega|p2a: Manectric|Manectric|Manectite\n|-ability|p2a: Manectric|Intimidate|boost\n|-unboost|p1a: Sneasler|atk|1\n|move|p1a: Sneasler|U-turn|p2a: Manectric\n|-damage|p2a: Manectric|77\/100\n|\n|t:|1700479451\n|switch|p1a: Thundurus|Thundurus-Therian, M|100\/100|[from] U-turn\n|move|p2a: Manectric|Volt Switch|p1a: Thundurus\n|-immune|p1a: Thundurus|[from] ability: Volt Absorb\n|\n|upkeep\n|turn|2\n|\n|t:|1700479461\n|switch|p2a: Toxapex|Toxapex, F, shiny|100\/100\n|move|p1a: Thundurus|Hidden Power|p2a: Toxapex\n|-resisted|p2a: Toxapex\n|-damage|p2a: Toxapex|93\/100\n|\n|-heal|p2a: Toxapex|99\/100|[from] item: Black Sludge\n|upkeep\n|turn|3\n|\n|t:|1700479473\n|switch|p1a: Forretress|Forretress, M|100\/100\n|move|p2a: Toxapex|Toxic|p1a: Forretress\n|-immune|p1a: Forretress\n|\n|-heal|p2a: Toxapex|100\/100|[from] item: Black Sludge\n|upkeep\n|turn|4\n|\n|t:|1700479484\n|switch|p2a: Manectric|Manectric-Mega, F|77\/100\n|-ability|p2a: Manectric|Intimidate|boost\n|-unboost|p1a: Forretress|atk|1\n|move|p1a: Forretress|Stealth Rock|p2a: Manectric\n|-sidestart|p2: Tiammat rpplf|move: Stealth Rock\n|\n|upkeep\n|turn|5\n|\n|t:|1700479493\n|switch|p1a: \u56e1\u56e1|Umbreon, F|100\/100\n|move|p2a: Manectric|Flamethrower|p1a: \u56e1\u56e1\n|-damage|p1a: \u56e1\u56e1|80\/100\n|\n|-heal|p1a: \u56e1\u56e1|86\/100|[from] item: Leftovers\n|upkeep\n|turn|6\n|\n|t:|1700479506\n|move|p1a: \u56e1\u56e1|Protect|p1a: \u56e1\u56e1\n|-singleturn|p1a: \u56e1\u56e1|Protect\n|move|p2a: Manectric|Hidden Power|p1a: \u56e1\u56e1\n|-activate|p1a: \u56e1\u56e1|move: Protect\n|\n|-heal|p1a: \u56e1\u56e1|92\/100|[from] item: Leftovers\n|upkeep\n|turn|7\n|\n|t:|1700479515\n|switch|p2a: Toxapex|Toxapex, F, shiny|100\/100\n|-damage|p2a: Toxapex|88\/100|[from] Stealth Rock\n|move|p1a: \u56e1\u56e1|Wish|p1a: \u56e1\u56e1\n|\n|-heal|p1a: \u56e1\u56e1|98\/100|[from] item: Leftovers\n|-heal|p2a: Toxapex|94\/100|[from] item: Black Sludge\n|upkeep\n|turn|8\n|\n|t:|1700479531\n|switch|p1a: Forretress|Forretress, M|100\/100\n|switch|p2a: Landorus|Landorus-Therian, M, shiny|100\/100\n|-damage|p2a: Landorus|88\/100|[from] Stealth Rock\n|-ability|p2a: Landorus|Intimidate|boost\n|-unboost|p1a: Forretress|atk|1\n|\n|-heal|p2a: Landorus|94\/100|[from] item: Leftovers\n|upkeep\n|turn|9\n|\n|t:|1700479544\n|move|p2a: Landorus|Defog|p1a: Forretress\n|-unboost|p1a: Forretress|evasion|1\n|-sideend|p2: Tiammat rpplf|Stealth Rock|[from] move: Defog|[of] p2a: Landorus\n|move|p1a: Forretress|Toxic|p2a: Landorus|[miss]\n|-miss|p1a: Forretress|p2a: Landorus\n|\n|-heal|p2a: Landorus|99\/100|[from] item: Leftovers\n|upkeep\n|turn|10\n|\n|t:|1700479554\n|switch|p2a: Bisharp|Bisharp, M|100\/100\n|move|p1a: Forretress|Stealth Rock|p2a: Bisharp\n|-sidestart|p2: Tiammat rpplf|move: Stealth Rock\n|\n|upkeep\n|turn|11\n|\n|t:|1700479563\n|switch|p2a: Landorus|Landorus-Therian, M, shiny|99\/100\n|-damage|p2a: Landorus|88\/100|[from] Stealth Rock\n|-ability|p2a: Landorus|Intimidate|boost\n|-unboost|p1a: Forretress|atk|1\n|move|p1a: Forretress|Earthquake|p2a: Landorus\n|-immune|p2a: Landorus\n|\n|-heal|p2a: Landorus|94\/100|[from] item: Leftovers\n|upkeep\n|turn|12\n|\n|t:|1700479581\n|move|p2a: Landorus|U-turn|p1a: Forretress\n|-resisted|p1a: Forretress\n|-damage|p1a: Forretress|94\/100\n|-damage|p2a: Landorus|77\/100|[from] item: Rocky Helmet|[of] p1a: Forretress\n|\n|t:|1700479586\n|switch|p2a: Bisharp|Bisharp, M|100\/100|[from] U-turn\n|-damage|p2a: Bisharp|95\/100|[from] Stealth Rock\n|move|p1a: Forretress|Toxic|p2a: Bisharp\n|-immune|p2a: Bisharp\n|\n|upkeep\n|turn|13\n|\n|t:|1700479594\n|switch|p1a: \u56e1\u56e1|Umbreon, F|98\/100\n|move|p2a: Bisharp|Swords Dance|p2a: Bisharp\n|-boost|p2a: Bisharp|atk|2\n|\n|-heal|p1a: \u56e1\u56e1|100\/100|[from] item: Leftovers\n|upkeep\n|turn|14\n|\n|t:|1700479605\n|move|p2a: Bisharp|Iron Head|p1a: \u56e1\u56e1\n|-damage|p1a: \u56e1\u56e1|34\/100\n|-damage|p2a: Bisharp|85\/100|[from] item: Life Orb\n|move|p1a: \u56e1\u56e1|Foul Play|p2a: Bisharp\n|-resisted|p2a: Bisharp\n|-damage|p2a: Bisharp|27\/100\n|\n|-heal|p1a: \u56e1\u56e1|40\/100|[from] item: Leftovers\n|upkeep\n|turn|15\n|\n|t:|1700479618\n|switch|p1a: Forretress|Forretress, M|94\/100\n|move|p2a: Bisharp|Iron Head|p1a: Forretress\n|-resisted|p1a: Forretress\n|-damage|p1a: Forretress|62\/100\n|-damage|p2a: Bisharp|10\/100|[from] item: Rocky Helmet|[of] p1a: Forretress\n|-damage|p2a: Bisharp|0 fnt|[from] item: Life Orb\n|faint|p2a: Bisharp\n|\n|upkeep\n|\n|t:|1700479636\n|switch|p2a: Manectric|Manectric-Mega, F|77\/100\n|-damage|p2a: Manectric|65\/100|[from] Stealth Rock\n|-ability|p2a: Manectric|Intimidate|boost\n|-unboost|p1a: Forretress|atk|1\n|turn|16\n|\n|t:|1700479643\n|move|p2a: Manectric|Flamethrower|p1a: Forretress\n|-supereffective|p1a: Forretress\n|-damage|p1a: Forretress|0 fnt\n|faint|p1a: Forretress\n|\n|upkeep\n|\n|t:|1700479645\n|switch|p1a: Sneasler|Sneasler, M|100\/100\n|turn|17\n|\n|t:|1700479652\n|move|p1a: Sneasler|Switcheroo||[still]\n|-fail|p1a: Sneasler\n|move|p2a: Manectric|Volt Switch|p1a: Sneasler\n|-damage|p1a: Sneasler|46\/100\n|\n|t:|1700479662\n|switch|p2a: Landorus|Landorus-Therian, M, shiny|77\/100|[from] Volt Switch\n|-damage|p2a: Landorus|65\/100|[from] Stealth Rock\n|-ability|p2a: Landorus|Intimidate|boost\n|-unboost|p1a: Sneasler|atk|1\n|\n|-heal|p2a: Landorus|71\/100|[from] item: Leftovers\n|upkeep\n|turn|18\n|\n|t:|1700479675\n|switch|p1a: Thundurus|Thundurus-Therian, M|100\/100\n|move|p2a: Landorus|Stealth Rock|p1a: Thundurus\n|-sidestart|p1: as cheu|move: Stealth Rock\n|\n|-heal|p2a: Landorus|77\/100|[from] item: Leftovers\n|upkeep\n|turn|19\n|\n|t:|1700479688\n|switch|p2a: Toxapex|Toxapex, F, shiny|100\/100\n|-damage|p2a: Toxapex|88\/100|[from] Stealth Rock\n|move|p1a: Thundurus|Nasty Plot|p1a: Thundurus\n|-boost|p1a: Thundurus|spa|2\n|\n|-heal|p2a: Toxapex|94\/100|[from] item: Black Sludge\n|upkeep\n|turn|20\n|\n|t:|1700479709\n|-terastallize|p2a: Toxapex|Poison\n|move|p1a: Thundurus|Thunderbolt|p2a: Toxapex\n|-damage|p2a: Toxapex|27\/100\n|-status|p2a: Toxapex|par\n|move|p2a: Toxapex|Haze|p2a: Toxapex\n|-clearallboost\n|\n|-heal|p2a: Toxapex|33\/100 par|[from] item: Black Sludge\n|upkeep\n|turn|21\n|\n|t:|1700479721\n|move|p1a: Thundurus|Thunderbolt|p2a: Toxapex\n|-damage|p2a: Toxapex|2\/100 par\n|move|p2a: Toxapex|Toxic|p1a: Thundurus\n|-status|p1a: Thundurus|tox\n|\n|-heal|p2a: Toxapex|9\/100 par|[from] item: Black Sludge\n|-damage|p1a: Thundurus|94\/100 tox|[from] psn\n|upkeep\n|turn|22\n|\n|t:|1700479739\n|move|p1a: Thundurus|Nasty Plot|p1a: Thundurus\n|-boost|p1a: Thundurus|spa|2\n|move|p2a: Toxapex|Scald|p1a: Thundurus\n|-damage|p1a: Thundurus|71\/100 tox\n|\n|-heal|p2a: Toxapex|15\/100 par|[from] item: Black Sludge\n|-damage|p1a: Thundurus|59\/100 tox|[from] psn\n|upkeep\n|turn|23\n|\n|t:|1700479751\n|move|p1a: Thundurus|Hidden Power|p2a: Toxapex\n|-damage|p2a: Toxapex|0 fnt\n|faint|p2a: Toxapex\n|\n|-damage|p1a: Thundurus|41\/100 tox|[from] psn\n|upkeep\n|inactive|Tiammat rpplf has 120 seconds left.\n|\n|t:|1700479762\n|switch|p2a: Manectric|Manectric-Mega, F|65\/100\n|-damage|p2a: Manectric|52\/100|[from] Stealth Rock\n|-ability|p2a: Manectric|Intimidate|boost\n|-unboost|p1a: Thundurus|atk|1\n|turn|24\n|\n|t:|1700479770\n|-terastallize|p1a: Thundurus|Water\n|move|p2a: Manectric|Hidden Power|p1a: Thundurus\n|-resisted|p1a: Thundurus\n|-damage|p1a: Thundurus|26\/100 tox\n|move|p1a: Thundurus|Thunderbolt|p2a: Manectric\n|-resisted|p2a: Manectric\n|-damage|p2a: Manectric|0 fnt\n|faint|p2a: Manectric\n|\n|-damage|p1a: Thundurus|2\/100 tox|[from] psn\n|upkeep\n|inactive|Tiammat rpplf has 120 seconds left.\n|\n|t:|1700479785\n|switch|p2a: Rillaboom|Rillaboom, F, shiny|100\/100\n|-damage|p2a: Rillaboom|88\/100|[from] Stealth Rock\n|-fieldstart|move: Grassy Terrain|[from] ability: Grassy Surge|[of] p2a: Rillaboom\n|turn|25\n|\n|t:|1700479793\n|move|p2a: Rillaboom|Grassy Glide|p1a: Thundurus\n|-supereffective|p1a: Thundurus\n|-damage|p1a: Thundurus|0 fnt\n|faint|p1a: Thundurus\n|\n|-heal|p2a: Rillaboom|94\/100|[from] Grassy Terrain\n|upkeep\n|\n|t:|1700479798\n|switch|p1a: \u56e1\u56e1|Umbreon, F|40\/100\n|-damage|p1a: \u56e1\u56e1|27\/100|[from] Stealth Rock\n|turn|26\n|\n|t:|1700479812\n|switch|p2a: Kommo-o|Kommo-o, F, shiny|100\/100\n|-damage|p2a: Kommo-o|94\/100|[from] Stealth Rock\n|move|p1a: \u56e1\u56e1|Protect||[still]\n|-fail|p1a: \u56e1\u56e1\n|\n|-heal|p2a: Kommo-o|100\/100|[from] Grassy Terrain\n|-heal|p1a: \u56e1\u56e1|33\/100|[from] Grassy Terrain\n|-heal|p1a: \u56e1\u56e1|40\/100|[from] item: Leftovers\n|upkeep\n|turn|27\n|\n|t:|1700479830\n|move|p1a: \u56e1\u56e1|Protect|p1a: \u56e1\u56e1\n|-singleturn|p1a: \u56e1\u56e1|Protect\n|move|p2a: Kommo-o|Flash Cannon|p1a: \u56e1\u56e1\n|-activate|p1a: \u56e1\u56e1|move: Protect\n|\n|-heal|p1a: \u56e1\u56e1|46\/100|[from] Grassy Terrain\n|-heal|p1a: \u56e1\u56e1|52\/100|[from] item: Leftovers\n|upkeep\n|turn|28\n|\n|t:|1700479839\n|switch|p1a: \u88d9\u4e0b\u4e4b\u81e3|Gardevoir, F, shiny|100\/100\n|-damage|p1a: \u88d9\u4e0b\u4e4b\u81e3|88\/100|[from] Stealth Rock\n|-ability|p1a: \u88d9\u4e0b\u4e4b\u81e3|Bulletproof|[from] ability: Trace|[of] p2a: Kommo-o\n|-zpower|p2a: Kommo-o\n|move|p2a: Kommo-o|Clangorous Soulblaze|p1a: \u88d9\u4e0b\u4e4b\u81e3|[zeffect]\n|-immune|p1a: \u88d9\u4e0b\u4e4b\u81e3\n|\n|-heal|p1a: \u88d9\u4e0b\u4e4b\u81e3|94\/100|[from] Grassy Terrain\n|upkeep\n|turn|29\n|\n|t:|1700479856\n|switch|p2a: Landorus|Landorus-Therian, M, shiny|77\/100\n|-damage|p2a: Landorus|65\/100|[from] Stealth Rock\n|-ability|p2a: Landorus|Intimidate|boost\n|-unboost|p1a: \u88d9\u4e0b\u4e4b\u81e3|atk|1\n|detailschange|p1a: \u88d9\u4e0b\u4e4b\u81e3|Gardevoir-Mega, F, shiny\n|-mega|p1a: \u88d9\u4e0b\u4e4b\u81e3|Gardevoir|Gardevoirite\n|move|p1a: \u88d9\u4e0b\u4e4b\u81e3|Hyper Voice|p2a: Landorus\n|-damage|p2a: Landorus|0 fnt\n|faint|p2a: Landorus\n|\n|-heal|p1a: \u88d9\u4e0b\u4e4b\u81e3|100\/100|[from] Grassy Terrain\n|-fieldend|move: Grassy Terrain\n|upkeep\n|inactive|Tiammat rpplf has 120 seconds left.\n|\n|t:|1700479870\n|switch|p2a: Rillaboom|Rillaboom, F, shiny|94\/100\n|-damage|p2a: Rillaboom|82\/100|[from] Stealth Rock\n|-fieldstart|move: Grassy Terrain|[from] ability: Grassy Surge|[of] p2a: Rillaboom\n|turn|30\n|\n|t:|1700479879\n|switch|p1a: \u9b3c\u65af|Cloyster, M|100\/100\n|-damage|p1a: \u9b3c\u65af|76\/100|[from] Stealth Rock\n|move|p2a: Rillaboom|Grassy Glide|p1a: \u9b3c\u65af\n|-supereffective|p1a: \u9b3c\u65af\n|-damage|p1a: \u9b3c\u65af|0 fnt\n|faint|p1a: \u9b3c\u65af\n|\n|-heal|p2a: Rillaboom|88\/100|[from] Grassy Terrain\n|upkeep\n|\n|t:|1700479886\n|switch|p1a: Sneasler|Sneasler, M|46\/100\n|-damage|p1a: Sneasler|40\/100|[from] Stealth Rock\n|turn|31\n|\n|t:|1700479895\n|move|p2a: Rillaboom|Grassy Glide|p1a: Sneasler\n|-resisted|p1a: Sneasler\n|-damage|p1a: Sneasler|0 fnt\n|faint|p1a: Sneasler\n|\n|-heal|p2a: Rillaboom|94\/100|[from] Grassy Terrain\n|upkeep\n|\n|t:|1700479898\n|switch|p1a: \u56e1\u56e1|Umbreon, F|52\/100\n|-damage|p1a: \u56e1\u56e1|39\/100|[from] Stealth Rock\n|turn|32\n|\n|t:|1700479909\n|switch|p2a: Kommo-o|Kommo-o, F, shiny|100\/100\n|-damage|p2a: Kommo-o|94\/100|[from] Stealth Rock\n|move|p1a: \u56e1\u56e1|Wish|p1a: \u56e1\u56e1\n|\n|-heal|p2a: Kommo-o|100\/100|[from] Grassy Terrain\n|-heal|p1a: \u56e1\u56e1|45\/100|[from] Grassy Terrain\n|-heal|p1a: \u56e1\u56e1|52\/100|[from] item: Leftovers\n|upkeep\n|turn|33\n|inactive|Tiammat rpplf has 120 seconds left.\n|\n|t:|1700479943\n|switch|p1a: \u88d9\u4e0b\u4e4b\u81e3|Gardevoir-Mega, F, shiny|100\/100\n|-damage|p1a: \u88d9\u4e0b\u4e4b\u81e3|88\/100|[from] Stealth Rock\n|move|p2a: Kommo-o|Flamethrower|p1a: \u88d9\u4e0b\u4e4b\u81e3\n|-damage|p1a: \u88d9\u4e0b\u4e4b\u81e3|70\/100\n|\n|-heal|p1a: \u88d9\u4e0b\u4e4b\u81e3|100\/100|[from] move: Wish|[wisher] \u56e1\u56e1\n|upkeep\n|turn|34\n|inactive|Tiammat rpplf has 120 seconds left.\n|\n|t:|1700479957\n|move|p2a: Kommo-o|Flash Cannon|p1a: \u88d9\u4e0b\u4e4b\u81e3\n|-supereffective|p1a: \u88d9\u4e0b\u4e4b\u81e3\n|-damage|p1a: \u88d9\u4e0b\u4e4b\u81e3|65\/100\n|move|p1a: \u88d9\u4e0b\u4e4b\u81e3|Psyshock|p2a: Kommo-o\n|-supereffective|p2a: Kommo-o\n|-damage|p2a: Kommo-o|18\/100\n|\n|-heal|p2a: Kommo-o|24\/100|[from] Grassy Terrain\n|-heal|p1a: \u88d9\u4e0b\u4e4b\u81e3|71\/100|[from] Grassy Terrain\n|-fieldend|move: Grassy Terrain\n|upkeep\n|turn|35\n|inactive|Tiammat rpplf has 120 seconds left.\n|\n|t:|1700479970\n|move|p2a: Kommo-o|Flash Cannon|p1a: \u88d9\u4e0b\u4e4b\u81e3\n|-supereffective|p1a: \u88d9\u4e0b\u4e4b\u81e3\n|-damage|p1a: \u88d9\u4e0b\u4e4b\u81e3|34\/100\n|move|p1a: \u88d9\u4e0b\u4e4b\u81e3|Psyshock|p2a: Kommo-o\n|-supereffective|p2a: Kommo-o\n|-damage|p2a: Kommo-o|0 fnt\n|faint|p2a: Kommo-o\n|\n|upkeep\n|inactive|Tiammat rpplf has 120 seconds left.\n|\n|t:|1700479980\n|switch|p2a: Rillaboom|Rillaboom, F, shiny|94\/100\n|-damage|p2a: Rillaboom|82\/100|[from] Stealth Rock\n|-fieldstart|move: Grassy Terrain|[from] ability: Grassy Surge|[of] p2a: Rillaboom\n|turn|36\n|inactive|Tiammat rpplf has 120 seconds left.\n|\n|t:|1700479990\n|move|p2a: Rillaboom|Grassy Glide|p1a: \u88d9\u4e0b\u4e4b\u81e3\n|-damage|p1a: \u88d9\u4e0b\u4e4b\u81e3|0 fnt\n|faint|p1a: \u88d9\u4e0b\u4e4b\u81e3\n|\n|-heal|p2a: Rillaboom|88\/100|[from] Grassy Terrain\n|upkeep\n|\n|t:|1700479992\n|switch|p1a: \u56e1\u56e1|Umbreon, F|52\/100\n|-damage|p1a: \u56e1\u56e1|39\/100|[from] Stealth Rock\n|turn|37\n|\n|t:|1700480001\n|move|p1a: \u56e1\u56e1|Protect|p1a: \u56e1\u56e1\n|-singleturn|p1a: \u56e1\u56e1|Protect\n|move|p2a: Rillaboom|Grassy Glide|p1a: \u56e1\u56e1\n|-activate|p1a: \u56e1\u56e1|move: Protect\n|\n|-heal|p2a: Rillaboom|94\/100|[from] Grassy Terrain\n|-heal|p1a: \u56e1\u56e1|45\/100|[from] Grassy Terrain\n|-heal|p1a: \u56e1\u56e1|51\/100|[from] item: Leftovers\n|upkeep\n|turn|38\n|\n|t:|1700480012\n|move|p2a: Rillaboom|Grassy Glide|p1a: \u56e1\u56e1\n|-damage|p1a: \u56e1\u56e1|17\/100\n|move|p1a: \u56e1\u56e1|Wish|p1a: \u56e1\u56e1\n|\n|-heal|p2a: Rillaboom|100\/100|[from] Grassy Terrain\n|-heal|p1a: \u56e1\u56e1|23\/100|[from] Grassy Terrain\n|-heal|p1a: \u56e1\u56e1|29\/100|[from] item: Leftovers\n|upkeep\n|turn|39\n|-message|Tiammat rpplf forfeited.\n|\n|win|as cheu\n|raw|as cheu's rating: 1730 &rarr; <strong>1745<\/strong><br \/>(+15 for winning)\n|raw|Tiammat rpplf's rating: 1640 &rarr; <strong>1625<\/strong><br \/>(-15 for losing)\n|l|\u2606Tiammat rpplf\n","uploadtime":1700480025,"views":1,"p1id":"ascheu","p2id":"tiammatrpplf","formatid":"gen9nationaldex","rating":1625,"private":0,"password":""}