{"id":"gen9nationaldex-1998552897","p1":"batmanga","p2":"NDSNEZyedropwhen","format":"[Gen 9] National Dex","log":"|html|<div class=\"broadcast-blue\"><strong>[Gen 9] National Dex is currently suspecting Sneasler! For information on how to participate check out the <a href=\"https:\/\/www.smogon.com\/forums\/threads\/sv-national-dex-suspect-8-just-dance.3731534\/\">suspect thread<\/a>.<\/strong><\/div>\n|j|\u2606batmanga\n|j|\u2606NDSNEZyedropwhen\n|t:|1700955510\n|gametype|singles\n|player|p1|batmanga|266|1556\n|player|p2|NDSNEZyedropwhen|adaman|1551\n|teamsize|p1|6\n|teamsize|p2|6\n|gen|9\n|tier|[Gen 9] National Dex\n|rated|\n|rule|HP Percentage Mod: HP is shown in percentages\n|rule|Endless Battle Clause: Forcing endless battles is banned\n|rule|OHKO Clause: OHKO moves are banned\n|rule|Evasion Clause: Evasion abilities, items, and moves are banned\n|rule|Evasion Abilities Clause: Evasion abilities are banned\n|rule|Evasion Items Clause: Evasion items are banned\n|rule|Evasion Moves Clause: Evasion moves are banned\n|rule|Species Clause: Limit one of each Pok\u00e9mon\n|rule|Sleep Clause Mod: Limit one foe put to sleep\n|clearpoke\n|poke|p1|Slowking, F|\n|poke|p1|Zamazenta-*|\n|poke|p1|Raticate, M|\n|poke|p1|Skeledirge, M|\n|poke|p1|Arctozolt|\n|poke|p1|Abomasnow, M|\n|poke|p2|Toxapex, F|\n|poke|p2|Dondozo, M|\n|poke|p2|Gliscor, M|\n|poke|p2|Blissey, F|\n|poke|p2|Corviknight, M|\n|poke|p2|Tyranitar, F|\n|teampreview\n|\n|t:|1700955539\n|start\n|switch|p1a: Vallar.|Zamazenta|100\/100\n|switch|p2a: Gliscor|Gliscor, M|100\/100\n|-ability|p1a: Vallar.|Dauntless Shield|boost\n|-boost|p1a: Vallar.|def|1\n|turn|1\n|\n|t:|1700955549\n|move|p2a: Gliscor|Protect|p2a: Gliscor\n|-singleturn|p2a: Gliscor|Protect\n|move|p1a: Vallar.|Ice Fang|p2a: Gliscor\n|-activate|p2a: Gliscor|move: Protect\n|\n|-status|p2a: Gliscor|tox|[from] item: Toxic Orb\n|upkeep\n|turn|2\n|\n|t:|1700955565\n|switch|p1a: Willump.|Abomasnow, M, shiny|100\/100\n|-weather|Snow|[from] ability: Snow Warning|[of] p1a: Willump.\n|switch|p2a: Toxapex|Toxapex, F|100\/100\n|\n|-weather|Snow|[upkeep]\n|upkeep\n|turn|3\n|\n|t:|1700955575\n|switch|p1a: Pearl.|Slowking, F|100\/100\n|move|p2a: Toxapex|Knock Off|p1a: Pearl.\n|-supereffective|p1a: Pearl.\n|-damage|p1a: Pearl.|67\/100\n|-enditem|p1a: Pearl.|Icy Rock|[from] move: Knock Off|[of] p2a: Toxapex\n|\n|-weather|Snow|[upkeep]\n|upkeep\n|turn|4\n|\n|t:|1700955591\n|move|p2a: Toxapex|Toxic|p1a: Pearl.\n|-status|p1a: Pearl.|tox\n|move|p1a: Pearl.|Future Sight|p2a: Toxapex\n|-start|p1a: Pearl.|move: Future Sight\n|\n|-weather|Snow|[upkeep]\n|-damage|p1a: Pearl.|61\/100 tox|[from] psn\n|upkeep\n|turn|5\n|\n|t:|1700955594\n|switch|p2a: Tyranitar|Tyranitar, F|100\/100\n|-weather|Sandstorm|[from] ability: Sand Stream|[of] p2a: Tyranitar\n|move|p1a: Pearl.|Chilly Reception|p1a: Pearl.\n|-weather|Snow\n|\n|t:|1700955599\n|switch|p1a: Blueberry.|Arctozolt|100\/100|[from] Chilly Reception\n|\n|-weather|Snow|[upkeep]\n|upkeep\n|turn|6\n|\n|t:|1700955634\n|detailschange|p2a: Tyranitar|Tyranitar-Mega, F\n|-mega|p2a: Tyranitar|Tyranitar|Tyranitarite\n|-weather|Sandstorm|[from] ability: Sand Stream|[of] p2a: Tyranitar\n|move|p1a: Blueberry.|Substitute|p1a: Blueberry.\n|-start|p1a: Blueberry.|Substitute\n|-damage|p1a: Blueberry.|76\/100\n|move|p2a: Tyranitar|Knock Off|p1a: Blueberry.\n|-end|p1a: Blueberry.|Substitute\n|\n|-weather|Sandstorm|[upkeep]\n|-damage|p1a: Blueberry.|69\/100|[from] Sandstorm\n|-end|p2a: Tyranitar|move: Future Sight\n|-immune|p2a: Tyranitar\n|upkeep\n|turn|7\n|\n|t:|1700955644\n|-activate|p1a: Blueberry.|move: Pursuit\n|move|p2a: Tyranitar|Pursuit|p1a: Blueberry.|[from]Pursuit\n|-damage|p1a: Blueberry.|16\/100\n|switch|p1a: Willump.|Abomasnow, M, shiny|100\/100\n|-weather|Snow|[from] ability: Snow Warning|[of] p1a: Willump.\n|\n|-weather|Snow|[upkeep]\n|upkeep\n|turn|8\n|\n|t:|1700955652\n|switch|p2a: Toxapex|Toxapex, F|100\/100\n|detailschange|p1a: Willump.|Abomasnow-Mega, M, shiny\n|-mega|p1a: Willump.|Abomasnow|Abomasite\n|move|p1a: Willump.|Blizzard|p2a: Toxapex\n|-resisted|p2a: Toxapex\n|-damage|p2a: Toxapex|83\/100\n|-status|p2a: Toxapex|frz\n|\n|-weather|Snow|[upkeep]\n|upkeep\n|turn|9\n|\n|t:|1700955663\n|switch|p1a: RATKING.|Raticate, M, shiny|100\/100\n|cant|p2a: Toxapex|frz\n|\n|-weather|Snow|[upkeep]\n|-status|p1a: RATKING.|brn|[from] item: Flame Orb\n|upkeep\n|turn|10\n|\n|t:|1700955669\n|switch|p2a: Corviknight|Corviknight, M|100\/100\n|-ability|p2a: Corviknight|Pressure\n|move|p1a: RATKING.|Swords Dance|p1a: RATKING.\n|-boost|p1a: RATKING.|atk|2\n|\n|-weather|Snow|[upkeep]\n|-damage|p1a: RATKING.|95\/100 brn|[from] brn\n|upkeep\n|turn|11\n|\n|t:|1700955674\n|move|p2a: Corviknight|Protect|p2a: Corviknight\n|-singleturn|p2a: Corviknight|Protect\n|move|p1a: RATKING.|Swords Dance|p1a: RATKING.\n|-boost|p1a: RATKING.|atk|2\n|\n|-weather|none\n|-damage|p1a: RATKING.|89\/100 brn|[from] brn\n|upkeep\n|turn|12\n|\n|t:|1700955676\n|-terastallize|p1a: RATKING.|Normal\n|move|p1a: RATKING.|Facade|p2a: Corviknight\n|-resisted|p2a: Corviknight\n|-damage|p2a: Corviknight|0 fnt\n|faint|p2a: Corviknight\n|\n|-damage|p1a: RATKING.|83\/100 brn|[from] brn\n|upkeep\n|\n|t:|1700955682\n|switch|p2a: Dondozo|Dondozo, M|100\/100\n|turn|13\n|\n|t:|1700955687\n|switch|p1a: Willump.|Abomasnow-Mega, M, shiny|100\/100\n|-weather|Snow|[from] ability: Snow Warning|[of] p1a: Willump.\n|move|p2a: Dondozo|Body Press|p1a: Willump.\n|-supereffective|p1a: Willump.\n|-damage|p1a: Willump.|76\/100\n|\n|-weather|Snow|[upkeep]\n|upkeep\n|turn|14\n|\n|t:|1700955694\n|switch|p2a: Toxapex|Toxapex, F|100\/100 frz\n|move|p1a: Willump.|Earthquake|p2a: Toxapex\n|-supereffective|p2a: Toxapex\n|-damage|p2a: Toxapex|64\/100 frz\n|\n|-weather|Snow|[upkeep]\n|upkeep\n|turn|15\n|\n|t:|1700955704\n|switch|p1a: Blueberry.|Arctozolt|16\/100\n|cant|p2a: Toxapex|frz\n|\n|-weather|Snow|[upkeep]\n|upkeep\n|turn|16\n|\n|t:|1700955706\n|switch|p2a: Tyranitar|Tyranitar-Mega, F|100\/100\n|-weather|Sandstorm|[from] ability: Sand Stream|[of] p2a: Tyranitar\n|move|p1a: Blueberry.|Bolt Beak|p2a: Tyranitar\n|-damage|p2a: Tyranitar|48\/100\n|\n|-weather|Sandstorm|[upkeep]\n|-damage|p1a: Blueberry.|10\/100|[from] Sandstorm\n|upkeep\n|turn|17\n|\n|t:|1700955712\n|switch|p2a: Gliscor|Gliscor, M|100\/100 tox\n|move|p1a: Blueberry.|Low Kick|p2a: Gliscor\n|-resisted|p2a: Gliscor\n|-damage|p2a: Gliscor|95\/100 tox\n|\n|-weather|Sandstorm|[upkeep]\n|-damage|p1a: Blueberry.|3\/100|[from] Sandstorm\n|-heal|p2a: Gliscor|100\/100 tox|[from] ability: Poison Heal\n|upkeep\n|turn|18\n|\n|t:|1700955719\n|switch|p1a: Pearl.|Slowking, F|94\/100 tox\n|move|p2a: Gliscor|Protect||[still]\n|-fail|p2a: Gliscor\n|\n|-weather|Sandstorm|[upkeep]\n|-damage|p1a: Pearl.|88\/100 tox|[from] Sandstorm\n|-damage|p1a: Pearl.|82\/100 tox|[from] psn\n|upkeep\n|turn|19\n|\n|t:|1700955724\n|move|p2a: Gliscor|Spikes|p1a: Pearl.\n|-sidestart|p1: batmanga|Spikes\n|move|p1a: Pearl.|Chilly Reception|p1a: Pearl.\n|-weather|Snow\n|\n|t:|1700955727\n|switch|p1a: Blueberry.|Arctozolt|3\/100|[from] Chilly Reception\n|\n|-weather|Snow|[upkeep]\n|upkeep\n|turn|20\n|\n|t:|1700955734\n|move|p2a: Gliscor|Protect|p2a: Gliscor\n|-singleturn|p2a: Gliscor|Protect\n|move|p1a: Blueberry.|Blizzard|p2a: Gliscor\n|-activate|p2a: Gliscor|move: Protect\n|\n|-weather|Snow|[upkeep]\n|upkeep\n|turn|21\n|\n|t:|1700955746\n|switch|p2a: Tyranitar|Tyranitar-Mega, F|48\/100\n|-weather|Sandstorm|[from] ability: Sand Stream|[of] p2a: Tyranitar\n|move|p1a: Blueberry.|Blizzard|p2a: Tyranitar\n|-damage|p2a: Tyranitar|33\/100\n|\n|-weather|Sandstorm|[upkeep]\n|-damage|p1a: Blueberry.|0 fnt|[from] Sandstorm\n|faint|p1a: Blueberry.\n|upkeep\n|\n|t:|1700955755\n|switch|p1a: RATKING.|Raticate, M, shiny, tera:Normal|83\/100 brn\n|-damage|p1a: RATKING.|70\/100 brn|[from] Spikes\n|turn|22\n|\n|t:|1700955768\n|move|p1a: RATKING.|Facade|p2a: Tyranitar\n|-resisted|p2a: Tyranitar\n|-damage|p2a: Tyranitar|3\/100\n|move|p2a: Tyranitar|Knock Off|p1a: RATKING.\n|-damage|p1a: RATKING.|0 fnt\n|-enditem|p1a: RATKING.|Flame Orb|[from] move: Knock Off|[of] p2a: Tyranitar\n|faint|p1a: RATKING.\n|\n|-weather|Sandstorm|[upkeep]\n|upkeep\n|\n|t:|1700955777\n|switch|p1a: Vallar.|Zamazenta|100\/100\n|-damage|p1a: Vallar.|88\/100|[from] Spikes\n|turn|23\n|\n|t:|1700955787\n|switch|p2a: Toxapex|Toxapex, F|97\/100 frz\n|move|p1a: Vallar.|Ice Fang|p2a: Toxapex\n|-resisted|p2a: Toxapex\n|-damage|p2a: Toxapex|87\/100 frz\n|\n|-weather|Sandstorm|[upkeep]\n|-damage|p1a: Vallar.|82\/100|[from] Sandstorm\n|-damage|p2a: Toxapex|81\/100 frz|[from] Sandstorm\n|upkeep\n|turn|24\n|\n|t:|1700955792\n|switch|p1a: Ryomen Sukuna.|Skeledirge, M|100\/100\n|switch|p2a: Tyranitar|Tyranitar-Mega, F|3\/100\n|\n|-weather|Sandstorm|[upkeep]\n|-damage|p1a: Ryomen Sukuna.|94\/100|[from] Sandstorm\n|upkeep\n|turn|25\n|\n|t:|1700955796\n|move|p2a: Tyranitar|Rest|p2a: Tyranitar\n|-status|p2a: Tyranitar|slp|[from] move: Rest\n|-heal|p2a: Tyranitar|100\/100 slp|[silent]\n|move|p1a: Ryomen Sukuna.|Will-O-Wisp||[still]\n|-fail|p1a: Ryomen Sukuna.\n|\n|-weather|none\n|upkeep\n|turn|26\n|-message|batmanga forfeited.\n|\n|win|NDSNEZyedropwhen\n|raw|batmanga's rating: 1556 &rarr; <strong>1536<\/strong><br \/>(-20 for losing)\n|raw|NDSNEZyedropwhen's rating: 1551 &rarr; <strong>1571<\/strong><br \/>(+20 for winning)\n|l|\u2606batmanga\n","uploadtime":1700955802,"views":2,"p1id":"batmanga","p2id":"ndsnezyedropwhen","formatid":"gen9nationaldex","rating":1536,"private":0,"password":""}