{"id":"gen9nationaldex-1988088851","p1":"Sylveon(404)","p2":"Arlo Ghost","format":"[Gen 9] National Dex","log":"|j|\u2606Sylveon(404)\n|j|\u2606Arlo Ghost\n|t:|1699668149\n|gametype|singles\n|player|p1|Sylveon(404)|serena|\n|player|p2|Arlo Ghost|mars|\n|teamsize|p1|6\n|teamsize|p2|6\n|gen|9\n|tier|[Gen 9] National Dex\n|rule|HP Percentage Mod: HP is shown in percentages\n|rule|Endless Battle Clause: Forcing endless battles is banned\n|rule|OHKO Clause: OHKO moves are banned\n|rule|Evasion Clause: Evasion abilities, items, and moves are banned\n|rule|Evasion Abilities Clause: Evasion abilities are banned\n|rule|Evasion Items Clause: Evasion items are banned\n|rule|Evasion Moves Clause: Evasion moves are banned\n|rule|Species Clause: Limit one of each Pok\u00e9mon\n|rule|Sleep Clause Mod: Limit one foe put to sleep\n|clearpoke\n|poke|p1|Minior-Violet|\n|poke|p1|Articuno-Galar|\n|poke|p1|Togekiss, M|\n|poke|p1|Corviknight, M|\n|poke|p1|Dragonite, M|\n|poke|p1|Venusaur, F|\n|poke|p2|Mandibuzz, F|\n|poke|p2|Greninja-*, M|\n|poke|p2|Tyranitar, M|\n|poke|p2|Muk-Alola, M|\n|poke|p2|Grimmsnarl, M|\n|poke|p2|Hydreigon, M|\n|teampreview\n|\n|t:|1699668169\n|start\n|switch|p1a: rosita|Venusaur, F|100\/100\n|switch|p2a: El Cumbia Ninja|Greninja, M|100\/100\n|turn|1\n|\n|t:|1699668175\n|detailschange|p1a: rosita|Venusaur-Mega, F\n|-mega|p1a: rosita|Venusaur|Venusaurite\n|move|p2a: El Cumbia Ninja|U-turn|p1a: rosita\n|-start|p2a: El Cumbia Ninja|typechange|Bug|[from] ability: Protean\n|-damage|p1a: rosita|78\/100\n|\n|t:|1699668181\n|switch|p2a: Sherkemo|Grimmsnarl, M|100\/100|[from] U-turn\n|move|p1a: rosita|Sleep Powder|p2a: Sherkemo\n|-status|p2a: Sherkemo|slp|[from] move: Sleep Powder\n|\n|upkeep\n|turn|2\n|\n|t:|1699668189\n|cant|p2a: Sherkemo|slp\n|move|p1a: rosita|Sludge Bomb|p2a: Sherkemo\n|-supereffective|p2a: Sherkemo\n|-damage|p2a: Sherkemo|20\/100 slp\n|\n|upkeep\n|turn|3\n|j| PeppsiAsiEs\n|\n|t:|1699668197\n|cant|p2a: Sherkemo|slp\n|move|p1a: rosita|Sludge Bomb|p2a: Sherkemo\n|-supereffective|p2a: Sherkemo\n|-damage|p2a: Sherkemo|0 fnt\n|faint|p2a: Sherkemo\n|\n|upkeep\n|\n|t:|1699668203\n|switch|p2a: Hydrarlo|Hydreigon, M|100\/100\n|turn|4\n|\n|t:|1699668208\n|move|p2a: Hydrarlo|Substitute|p2a: Hydrarlo\n|-start|p2a: Hydrarlo|Substitute\n|-damage|p2a: Hydrarlo|75\/100\n|move|p1a: rosita|Sludge Bomb|p2a: Hydrarlo\n|-end|p2a: Hydrarlo|Substitute\n|\n|-heal|p2a: Hydrarlo|82\/100|[from] item: Leftovers\n|upkeep\n|turn|5\n|\n|t:|1699668216\n|-terastallize|p2a: Hydrarlo|Steel\n|move|p2a: Hydrarlo|Substitute|p2a: Hydrarlo\n|-start|p2a: Hydrarlo|Substitute\n|-damage|p2a: Hydrarlo|57\/100\n|move|p1a: rosita|Sleep Powder|p2a: Hydrarlo|[miss]\n|-miss|p1a: rosita|p2a: Hydrarlo\n|\n|-heal|p2a: Hydrarlo|63\/100|[from] item: Leftovers\n|upkeep\n|turn|6\n|\n|t:|1699668229\n|switch|p1a: el yisus|Togekiss, M|100\/100\n|move|p2a: Hydrarlo|Nasty Plot|p2a: Hydrarlo\n|-boost|p2a: Hydrarlo|spa|2\n|\n|-heal|p2a: Hydrarlo|69\/100|[from] item: Leftovers\n|upkeep\n|turn|7\n|\n|t:|1699668237\n|-terastallize|p1a: el yisus|Fire\n|move|p2a: Hydrarlo|Flash Cannon|p1a: el yisus\n|-resisted|p1a: el yisus\n|-damage|p1a: el yisus|71\/100\n|move|p1a: el yisus|Flamethrower|p2a: Hydrarlo\n|-supereffective|p2a: Hydrarlo\n|-end|p2a: Hydrarlo|Substitute\n|\n|-heal|p2a: Hydrarlo|75\/100|[from] item: Leftovers\n|upkeep\n|turn|8\n|\n|t:|1699668246\n|move|p2a: Hydrarlo|Dark Pulse|p1a: el yisus\n|-damage|p1a: el yisus|11\/100\n|-enditem|p1a: el yisus|Sitrus Berry|[eat]\n|-heal|p1a: el yisus|36\/100|[from] item: Sitrus Berry\n|move|p1a: el yisus|Flamethrower|p2a: Hydrarlo\n|-supereffective|p2a: Hydrarlo\n|-damage|p2a: Hydrarlo|0 fnt\n|faint|p2a: Hydrarlo\n|\n|upkeep\n|\n|t:|1699668254\n|switch|p2a: El Cumbia Ninja|Greninja, M|100\/100\n|turn|9\n|\n|t:|1699668262\n|switch|p1a: night bird|Corviknight, M|100\/100\n|move|p2a: El Cumbia Ninja|Gunk Shot|p1a: night bird\n|-start|p2a: El Cumbia Ninja|typechange|Poison|[from] ability: Protean\n|-immune|p1a: night bird\n|\n|upkeep\n|turn|10\n|\n|t:|1699668269\n|switch|p2a: Marijuano|Muk-Alola, M|100\/100\n|move|p1a: night bird|Iron Defense|p1a: night bird\n|-boost|p1a: night bird|def|2\n|\n|upkeep\n|turn|11\n|\n|t:|1699668276\n|move|p1a: night bird|Body Press|p2a: Marijuano\n|-damage|p2a: Marijuano|51\/100\n|move|p2a: Marijuano|Fire Punch|p1a: night bird\n|-supereffective|p1a: night bird\n|-damage|p1a: night bird|85\/100\n|\n|-heal|p1a: night bird|91\/100|[from] item: Leftovers\n|upkeep\n|turn|12\n|\n|t:|1699668283\n|move|p1a: night bird|Iron Defense|p1a: night bird\n|-boost|p1a: night bird|def|2\n|move|p2a: Marijuano|Knock Off|p1a: night bird\n|-damage|p1a: night bird|82\/100\n|-enditem|p1a: night bird|Leftovers|[from] move: Knock Off|[of] p2a: Marijuano\n|\n|upkeep\n|turn|13\n|\n|t:|1699668289\n|switch|p2a: Winona|Mandibuzz, F|100\/100\n|move|p1a: night bird|Body Press|p2a: Winona\n|-damage|p2a: Winona|61\/100\n|-damage|p1a: night bird|66\/100|[from] item: Rocky Helmet|[of] p2a: Winona\n|\n|upkeep\n|turn|14\n|\n|t:|1699668297\n|move|p2a: Winona|Roost|p2a: Winona\n|-heal|p2a: Winona|100\/100\n|-singleturn|p2a: Winona|move: Roost\n|move|p1a: night bird|Iron Defense|p1a: night bird\n|-boost|p1a: night bird|def|2\n|\n|upkeep\n|turn|15\n|\n|t:|1699668303\n|move|p2a: Winona|Defog||[still]\n|-ability|p1a: night bird|Mirror Armor\n|-unboost|p2a: Winona|evasion|1\n|-fail|p2a: Winona\n|move|p1a: night bird|Roost|p1a: night bird\n|-heal|p1a: night bird|100\/100\n|-singleturn|p1a: night bird|move: Roost\n|\n|upkeep\n|turn|16\n|c|\u2606Arlo Ghost|uno\n|\n|t:|1699668312\n|switch|p2a: Marijuano|Muk-Alola, M|51\/100\n|move|p1a: night bird|Body Press|p2a: Marijuano\n|-damage|p2a: Marijuano|0 fnt\n|faint|p2a: Marijuano\n|\n|upkeep\n|c|\u2606Arlo Ghost|dos\n|c|\u2606Arlo Ghost|tres\n|c|\u2606Arlo Ghost|cuatro\n|c|\u2606Arlo Ghost|cinco\n|c|\u2606Arlo Ghost|seis\n|c|\u2606Arlo Ghost|siete\n|\n|t:|1699668323\n|switch|p2a: El Cumbia Ninja|Greninja, M|100\/100\n|turn|17\n|\n|t:|1699668326\n|move|p2a: El Cumbia Ninja|Hydro Pump|p1a: night bird\n|-start|p2a: El Cumbia Ninja|typechange|Water|[from] ability: Protean\n|-damage|p1a: night bird|68\/100\n|move|p1a: night bird|Body Press|p2a: El Cumbia Ninja\n|-damage|p2a: El Cumbia Ninja|0 fnt\n|faint|p2a: El Cumbia Ninja\n|\n|upkeep\n|c| PeppsiAsiEs|que\n|-message|Arlo Ghost forfeited.\n|\n|win|Sylveon(404)\n|l|\u2606Arlo Ghost\n|c| PeppsiAsiEs|como se tanqueo\n|c|\u2606Sylveon(404)|ggs\n","uploadtime":1699668402,"views":15,"p1id":"sylveon404","p2id":"arloghost","formatid":"gen9nationaldex","rating":0,"private":0,"password":""}