{"id":"gen9nationaldex-1992762927","p1":"SIKERNB","p2":"Tyrus23","format":"[Gen 9] National Dex","log":"|j|\u2606SIKERNB\n|j|\u2606Tyrus23\n|t:|1700233237\n|gametype|singles\n|player|p1|SIKERNB|266|1409\n|player|p2|Tyrus23|cynthia|1497\n|teamsize|p1|6\n|teamsize|p2|6\n|gen|9\n|tier|[Gen 9] National Dex\n|rated|\n|rule|HP Percentage Mod: HP is shown in percentages\n|rule|Endless Battle Clause: Forcing endless battles is banned\n|rule|OHKO Clause: OHKO moves are banned\n|rule|Evasion Clause: Evasion abilities, items, and moves are banned\n|rule|Evasion Abilities Clause: Evasion abilities are banned\n|rule|Evasion Items Clause: Evasion items are banned\n|rule|Evasion Moves Clause: Evasion moves are banned\n|rule|Species Clause: Limit one of each Pok\u00e9mon\n|rule|Sleep Clause Mod: Limit one foe put to sleep\n|clearpoke\n|poke|p1|Iron Valiant|\n|poke|p1|Alomomola, F|\n|poke|p1|Kommo-o, F|\n|poke|p1|Heatran, F|\n|poke|p1|Banette, M|\n|poke|p1|Zapdos|\n|poke|p2|Gardevoir, F|\n|poke|p2|Galvantula, M|\n|poke|p2|Hydreigon, M|\n|poke|p2|Mimikyu, F|\n|poke|p2|Mienshao, F|\n|poke|p2|Cinderace, M|\n|teampreview\n|inactive|Battle timer is ON: inactive players will automatically lose when time's up. (requested by Tyrus23)\n|\n|t:|1700233254\n|start\n|switch|p1a: Zapdos|Zapdos|100\/100\n|switch|p2a: Galvantula|Galvantula, M, shiny|100\/100\n|turn|1\n|\n|t:|1700233282\n|move|p2a: Galvantula|Sticky Web|p1a: Zapdos\n|-sidestart|p1: SIKERNB|move: Sticky Web\n|move|p1a: Zapdos|Hurricane|p2a: Galvantula\n|-enditem|p2a: Galvantula|Focus Sash\n|-damage|p2a: Galvantula|1\/100\n|\n|upkeep\n|turn|2\n|\n|t:|1700233290\n|move|p2a: Galvantula|Volt Switch|p1a: Zapdos\n|-crit|p1a: Zapdos\n|-damage|p1a: Zapdos|48\/100\n|\n|t:|1700233296\n|switch|p2a: Cinderace|Cinderace, M|100\/100|[from] Volt Switch\n|move|p1a: Zapdos|Defog|p2a: Cinderace\n|-unboost|p2a: Cinderace|evasion|1\n|-sideend|p1: SIKERNB|Sticky Web|[from] move: Defog|[of] p1a: Zapdos\n|\n|upkeep\n|turn|3\n|c|\u2606SIKERNB|CT\uff01\uff01\uff01\uff01\n|\n|t:|1700233307\n|switch|p1a: Alomomola|Alomomola, F|100\/100\n|move|p2a: Cinderace|Pyro Ball|p1a: Alomomola|[miss]\n|-miss|p2a: Cinderace|p1a: Alomomola\n|\n|upkeep\n|turn|4\n|\n|t:|1700233318\n|move|p2a: Cinderace|Trailblaze|p1a: Alomomola\n|-supereffective|p1a: Alomomola\n|-damage|p1a: Alomomola|84\/100\n|-boost|p2a: Cinderace|spe|1\n|-damage|p2a: Cinderace|84\/100|[from] item: Rocky Helmet|[of] p1a: Alomomola\n|move|p1a: Alomomola|Wish|p1a: Alomomola\n|\n|upkeep\n|turn|5\n|\n|t:|1700233333\n|switch|p2a: Galvantula|Galvantula, M, shiny|1\/100\n|move|p1a: Alomomola|Flip Turn|p2a: Galvantula\n|-damage|p2a: Galvantula|0 fnt\n|faint|p2a: Galvantula\n|\n|t:|1700233339\n|switch|p1a: Zapdos|Zapdos|48\/100|[from] Flip Turn\n|\n|-heal|p1a: Zapdos|100\/100|[from] move: Wish|[wisher] Alomomola\n|upkeep\n|\n|t:|1700233348\n|switch|p2a: Mienshao|Mienshao, F, shiny|100\/100\n|turn|6\n|\n|t:|1700233355\n|move|p1a: Zapdos|Hurricane|p2a: Mienshao\n|-supereffective|p2a: Mienshao\n|-crit|p2a: Mienshao\n|-damage|p2a: Mienshao|0 fnt\n|faint|p2a: Mienshao\n|\n|upkeep\n|\n|t:|1700233360\n|switch|p2a: Hydreigon|Hydreigon, M|100\/100\n|turn|7\n|\n|t:|1700233366\n|move|p1a: Zapdos|Volt Switch|p2a: Hydreigon\n|-resisted|p2a: Hydreigon\n|-crit|p2a: Hydreigon\n|-damage|p2a: Hydreigon|72\/100\n|\n|t:|1700233376\n|switch|p1a: Iron Valiant|Iron Valiant|100\/100|[from] Volt Switch\n|-enditem|p1a: Iron Valiant|Booster Energy\n|-activate|p1a: Iron Valiant|ability: Quark Drive|[fromitem]\n|-start|p1a: Iron Valiant|quarkdrivespe\n|move|p2a: Hydreigon|Nasty Plot|p2a: Hydreigon\n|-boost|p2a: Hydreigon|spa|2\n|\n|-heal|p2a: Hydreigon|78\/100|[from] item: Leftovers\n|upkeep\n|turn|8\n|inactive|Tyrus23 has 120 seconds left.\n|\n|t:|1700233409\n|-terastallize|p2a: Hydreigon|Fire\n|move|p1a: Iron Valiant|Encore|p2a: Hydreigon\n|-start|p2a: Hydreigon|Encore\n|move|p2a: Hydreigon|Nasty Plot|p2a: Hydreigon\n|-boost|p2a: Hydreigon|spa|2\n|\n|-heal|p2a: Hydreigon|84\/100|[from] item: Leftovers\n|upkeep\n|turn|9\n|inactive|Tyrus23 has 120 seconds left.\n|\n|t:|1700233434\n|switch|p2a: Cinderace|Cinderace, M|84\/100\n|move|p1a: Iron Valiant|Calm Mind|p1a: Iron Valiant\n|-boost|p1a: Iron Valiant|spa|1\n|-boost|p1a: Iron Valiant|spd|1\n|\n|upkeep\n|turn|10\n|\n|t:|1700233445\n|move|p1a: Iron Valiant|Calm Mind|p1a: Iron Valiant\n|-boost|p1a: Iron Valiant|spa|1\n|-boost|p1a: Iron Valiant|spd|1\n|move|p2a: Cinderace|Trailblaze|p1a: Iron Valiant\n|-damage|p1a: Iron Valiant|79\/100\n|-boost|p2a: Cinderace|spe|1\n|\n|upkeep\n|turn|11\n|\n|t:|1700233456\n|move|p2a: Cinderace|Pyro Ball|p1a: Iron Valiant\n|-damage|p1a: Iron Valiant|5\/100\n|move|p1a: Iron Valiant|Stored Power|p2a: Cinderace\n|-damage|p2a: Cinderace|0 fnt\n|faint|p2a: Cinderace\n|\n|upkeep\n|\n|t:|1700233462\n|switch|p2a: Mimikyu|Mimikyu, F, shiny|100\/100\n|turn|12\n|\n|t:|1700233474\n|-end|p1a: Iron Valiant|Quark Drive|[silent]\n|switch|p1a: Alomomola|Alomomola, F|100\/100\n|move|p2a: Mimikyu|Shadow Sneak|p1a: Alomomola\n|-damage|p1a: Alomomola|91\/100\n|-damage|p2a: Mimikyu|84\/100|[from] item: Rocky Helmet|[of] p1a: Alomomola\n|\n|upkeep\n|turn|13\n|inactive|Tyrus23 has 120 seconds left.\n|\n|t:|1700233480\n|move|p2a: Mimikyu|Swords Dance|p2a: Mimikyu\n|-boost|p2a: Mimikyu|atk|2\n|move|p1a: Alomomola|Wish|p1a: Alomomola\n|\n|upkeep\n|turn|14\n|\n|t:|1700233485\n|move|p2a: Mimikyu|Swords Dance|p2a: Mimikyu\n|-boost|p2a: Mimikyu|atk|2\n|move|p1a: Alomomola|Flip Turn|p2a: Mimikyu\n|-activate|p2a: Mimikyu|ability: Disguise\n|-damage|p2a: Mimikyu|84\/100\n|detailschange|p2a: Mimikyu|Mimikyu-Busted, F, shiny\n|-damage|p2a: Mimikyu|72\/100|[from] pokemon: Mimikyu-Busted\n|\n|t:|1700233493\n|switch|p1a: Iron Valiant|Iron Valiant|5\/100|[from] Flip Turn\n|\n|-heal|p1a: Iron Valiant|97\/100|[from] move: Wish|[wisher] Alomomola\n|upkeep\n|turn|15\n|\n|t:|1700233501\n|-terastallize|p1a: Iron Valiant|Poison\n|move|p1a: Iron Valiant|Encore|p2a: Mimikyu\n|-start|p2a: Mimikyu|Encore\n|move|p2a: Mimikyu|Swords Dance|p2a: Mimikyu\n|-boost|p2a: Mimikyu|atk|2\n|\n|upkeep\n|turn|16\n|\n|t:|1700233508\n|switch|p2a: Hydreigon|Hydreigon, M, tera:Fire|84\/100\n|move|p1a: Iron Valiant|Calm Mind|p1a: Iron Valiant\n|-boost|p1a: Iron Valiant|spa|1\n|-boost|p1a: Iron Valiant|spd|1\n|\n|-heal|p2a: Hydreigon|90\/100|[from] item: Leftovers\n|upkeep\n|turn|17\n|\n|t:|1700233517\n|move|p1a: Iron Valiant|Calm Mind|p1a: Iron Valiant\n|-boost|p1a: Iron Valiant|spa|1\n|-boost|p1a: Iron Valiant|spd|1\n|move|p2a: Hydreigon|Dark Pulse|p1a: Iron Valiant\n|-damage|p1a: Iron Valiant|61\/100\n|\n|-heal|p2a: Hydreigon|96\/100|[from] item: Leftovers\n|upkeep\n|turn|18\n|\n|t:|1700233524\n|move|p1a: Iron Valiant|Stored Power|p2a: Hydreigon\n|-damage|p2a: Hydreigon|15\/100\n|move|p2a: Hydreigon|Nasty Plot|p2a: Hydreigon\n|-boost|p2a: Hydreigon|spa|2\n|\n|-heal|p2a: Hydreigon|21\/100|[from] item: Leftovers\n|upkeep\n|turn|19\n|\n|t:|1700233531\n|move|p1a: Iron Valiant|Stored Power|p2a: Hydreigon\n|-damage|p2a: Hydreigon|0 fnt\n|faint|p2a: Hydreigon\n|\n|upkeep\n|\n|t:|1700233536\n|switch|p2a: Mimikyu|Mimikyu-Busted, F, shiny|72\/100\n|turn|20\n|\n|t:|1700233544\n|move|p2a: Mimikyu|Shadow Sneak|p1a: Iron Valiant\n|-damage|p1a: Iron Valiant|37\/100\n|move|p1a: Iron Valiant|Stored Power|p2a: Mimikyu\n|-damage|p2a: Mimikyu|0 fnt\n|faint|p2a: Mimikyu\n|\n|upkeep\n|\n|t:|1700233550\n|switch|p2a: Gardevoir|Gardevoir, F, shiny|100\/100\n|turn|21\n|\n|t:|1700233556\n|detailschange|p2a: Gardevoir|Gardevoir-Mega, F, shiny\n|-mega|p2a: Gardevoir|Gardevoir|Gardevoirite\n|move|p1a: Iron Valiant|Calm Mind|p1a: Iron Valiant\n|-boost|p1a: Iron Valiant|spa|1\n|-boost|p1a: Iron Valiant|spd|1\n|move|p2a: Gardevoir|Psychic|p1a: Iron Valiant\n|-supereffective|p1a: Iron Valiant\n|-damage|p1a: Iron Valiant|0 fnt\n|faint|p1a: Iron Valiant\n|-end|p1a: Iron Valiant|Quark Drive|[silent]\n|\n|upkeep\n|\n|t:|1700233563\n|switch|p1a: Banette|Banette, M|100\/100\n|turn|22\n|\n|t:|1700233570\n|detailschange|p1a: Banette|Banette-Mega, M\n|-mega|p1a: Banette|Banette|Banettite\n|move|p1a: Banette|Destiny Bond|p1a: Banette\n|-singlemove|p1a: Banette|Destiny Bond\n|move|p2a: Gardevoir|Calm Mind|p2a: Gardevoir\n|-boost|p2a: Gardevoir|spa|1\n|-boost|p2a: Gardevoir|spd|1\n|\n|upkeep\n|turn|23\n|\n|t:|1700233578\n|move|p1a: Banette|Encore|p2a: Gardevoir\n|-start|p2a: Gardevoir|Encore\n|move|p2a: Gardevoir|Calm Mind|p2a: Gardevoir\n|-boost|p2a: Gardevoir|spa|1\n|-boost|p2a: Gardevoir|spd|1\n|\n|upkeep\n|turn|24\n|\n|t:|1700233583\n|move|p2a: Gardevoir|Calm Mind|p2a: Gardevoir\n|-boost|p2a: Gardevoir|spa|1\n|-boost|p2a: Gardevoir|spd|1\n|move|p1a: Banette|Poltergeist|p2a: Gardevoir\n|-activate|p2a: Gardevoir|move: Poltergeist|Gardevoirite\n|-supereffective|p2a: Gardevoir\n|-damage|p2a: Gardevoir|0 fnt\n|faint|p2a: Gardevoir\n|\n|win|SIKERNB\n|raw|SIKERNB's rating: 1409 &rarr; <strong>1434<\/strong><br \/>(+25 for winning)\n|raw|Tyrus23's rating: 1497 &rarr; <strong>1472<\/strong><br \/>(-25 for losing)\n|l|\u2606Tyrus23\n","uploadtime":1700233595,"views":5,"p1id":"sikernb","p2id":"tyrus23","formatid":"gen9nationaldex","rating":1434,"private":0,"password":""}