{"id":"gen9nationaldex-1992721121","p1":"PapayaStupid","p2":"chl158981215","format":"[Gen 9] National Dex","log":"|j|\u2606PapayaStupid\n|j|\u2606chl158981215\n|t:|1700229044\n|gametype|singles\n|player|p1|PapayaStupid|dawn-gen4pt|1392\n|player|p2|chl158981215|brycen|1294\n|teamsize|p1|6\n|teamsize|p2|6\n|gen|9\n|tier|[Gen 9] National Dex\n|rated|\n|rule|HP Percentage Mod: HP is shown in percentages\n|rule|Endless Battle Clause: Forcing endless battles is banned\n|rule|OHKO Clause: OHKO moves are banned\n|rule|Evasion Clause: Evasion abilities, items, and moves are banned\n|rule|Evasion Abilities Clause: Evasion abilities are banned\n|rule|Evasion Items Clause: Evasion items are banned\n|rule|Evasion Moves Clause: Evasion moves are banned\n|rule|Species Clause: Limit one of each Pok\u00e9mon\n|rule|Sleep Clause Mod: Limit one foe put to sleep\n|clearpoke\n|poke|p1|Tyranitar, M|\n|poke|p1|Garchomp, F|\n|poke|p1|Alomomola, F|\n|poke|p1|Zapdos|\n|poke|p1|Landorus-Therian, M|\n|poke|p1|Iron Moth|\n|poke|p2|Landorus-Therian, M|\n|poke|p2|Tapu Koko|\n|poke|p2|Moltres|\n|poke|p2|Tapu Lele|\n|poke|p2|Scizor, F|\n|poke|p2|Samurott-Hisui, F|\n|teampreview\n|\n|t:|1700229052\n|start\n|switch|p1a: Tyranitar|Tyranitar, M, shiny|100\/100\n|switch|p2a: Tapu Lele|Tapu Lele|100\/100\n|-fieldstart|move: Psychic Terrain|[from] ability: Psychic Surge|[of] p2a: Tapu Lele\n|-weather|Sandstorm|[from] ability: Sand Stream|[of] p1a: Tyranitar\n|turn|1\n|\n|t:|1700229064\n|detailschange|p1a: Tyranitar|Tyranitar-Mega, M, shiny\n|-mega|p1a: Tyranitar|Tyranitar|Tyranitarite\n|move|p2a: Tapu Lele|Moonblast|p1a: Tyranitar\n|-supereffective|p1a: Tyranitar\n|-damage|p1a: Tyranitar|35\/100\n|move|p1a: Tyranitar|Thunder Wave|p2a: Tapu Lele\n|-status|p2a: Tapu Lele|par\n|\n|-weather|Sandstorm|[upkeep]\n|-damage|p2a: Tapu Lele|94\/100 par|[from] Sandstorm\n|upkeep\n|turn|2\n|\n|t:|1700229082\n|switch|p1a: Iron Moth|Iron Moth|100\/100\n|cant|p2a: Tapu Lele|par\n|\n|-weather|Sandstorm|[upkeep]\n|-damage|p1a: Iron Moth|95\/100|[from] Sandstorm\n|-damage|p2a: Tapu Lele|88\/100 par|[from] Sandstorm\n|upkeep\n|turn|3\n|\n|t:|1700229093\n|switch|p2a: Samurott|Samurott-Hisui, F|100\/100\n|move|p1a: Iron Moth|U-turn|p2a: Samurott\n|-supereffective|p2a: Samurott\n|-damage|p2a: Samurott|79\/100\n|\n|t:|1700229116\n|-end|p1a: Iron Moth|Quark Drive|[silent]\n|switch|p1a: Garchomp|Garchomp, F, shiny|100\/100|[from] U-turn\n|\n|-weather|Sandstorm|[upkeep]\n|-damage|p2a: Samurott|73\/100|[from] Sandstorm\n|upkeep\n|turn|4\n|\n|t:|1700229125\n|-terastallize|p1a: Garchomp|Fairy\n|move|p1a: Garchomp|Tera Blast|p2a: Samurott|[anim] Tera Blast Fairy\n|-supereffective|p2a: Samurott\n|-damage|p2a: Samurott|0 fnt\n|faint|p2a: Samurott\n|-damage|p1a: Garchomp|91\/100|[from] item: Life Orb\n|\n|-weather|Sandstorm|[upkeep]\n|-damage|p1a: Garchomp|85\/100|[from] Sandstorm\n|upkeep\n|\n|t:|1700229139\n|switch|p2a: Scizor|Scizor, F|100\/100\n|turn|5\n|\n|t:|1700229145\n|switch|p1a: Zapdos|Zapdos|100\/100\n|detailschange|p2a: Scizor|Scizor-Mega, F\n|-mega|p2a: Scizor|Scizor|Scizorite\n|move|p2a: Scizor|U-turn|p1a: Zapdos\n|-resisted|p1a: Zapdos\n|-damage|p1a: Zapdos|84\/100\n|-status|p2a: Scizor|par|[from] ability: Static|[of] p1a: Zapdos\n|\n|t:|1700229155\n|switch|p2a: Tapu Lele|Tapu Lele|88\/100 par|[from] U-turn\n|\n|-weather|none\n|-fieldend|move: Psychic Terrain\n|upkeep\n|turn|6\n|\n|t:|1700229168\n|move|p1a: Zapdos|Volt Switch|p2a: Tapu Lele\n|-damage|p2a: Tapu Lele|54\/100 par\n|\n|t:|1700229187\n|switch|p1a: Tyranitar|Tyranitar-Mega, M, shiny|35\/100|[from] Volt Switch\n|-weather|Sandstorm|[from] ability: Sand Stream|[of] p1a: Tyranitar\n|move|p2a: Tapu Lele|Moonblast|p1a: Tyranitar\n|-supereffective|p1a: Tyranitar\n|-damage|p1a: Tyranitar|0 fnt\n|faint|p1a: Tyranitar\n|\n|-weather|Sandstorm|[upkeep]\n|-damage|p2a: Tapu Lele|48\/100 par|[from] Sandstorm\n|upkeep\n|\n|t:|1700229200\n|switch|p1a: Iron Moth|Iron Moth|95\/100\n|turn|7\n|\n|t:|1700229209\n|switch|p2a: Landorus|Landorus-Therian, M|100\/100\n|-ability|p2a: Landorus|Intimidate|boost\n|-unboost|p1a: Iron Moth|atk|1\n|move|p1a: Iron Moth|U-turn|p2a: Landorus\n|-resisted|p2a: Landorus\n|-damage|p2a: Landorus|97\/100\n|\n|t:|1700229219\n|-end|p1a: Iron Moth|Quark Drive|[silent]\n|switch|p1a: Alomomola|Alomomola, F|100\/100|[from] U-turn\n|\n|-weather|Sandstorm|[upkeep]\n|-damage|p1a: Alomomola|94\/100|[from] Sandstorm\n|upkeep\n|turn|8\n|\n|t:|1700229229\n|move|p2a: Landorus|Stealth Rock|p1a: Alomomola\n|-sidestart|p1: PapayaStupid|move: Stealth Rock\n|move|p1a: Alomomola|Whirlpool|p2a: Landorus\n|-supereffective|p2a: Landorus\n|-damage|p2a: Landorus|87\/100\n|-activate|p2a: Landorus|move: Whirlpool|[of] p1a: Alomomola\n|\n|-weather|Sandstorm|[upkeep]\n|-damage|p1a: Alomomola|88\/100|[from] Sandstorm\n|-damage|p2a: Landorus|75\/100|[from] move: Whirlpool|[partiallytrapped]\n|upkeep\n|turn|9\n|\n|t:|1700229240\n|move|p1a: Alomomola|Protect|p1a: Alomomola\n|-singleturn|p1a: Alomomola|Protect\n|move|p2a: Landorus|U-turn|p1a: Alomomola\n|-activate|p1a: Alomomola|move: Protect\n|\n|-weather|Sandstorm|[upkeep]\n|-damage|p1a: Alomomola|82\/100|[from] Sandstorm\n|-damage|p2a: Landorus|63\/100|[from] move: Whirlpool|[partiallytrapped]\n|upkeep\n|turn|10\n|\n|t:|1700229251\n|switch|p1a: Zapdos|Zapdos|84\/100\n|move|p2a: Landorus|U-turn|p1a: Zapdos\n|-resisted|p1a: Zapdos\n|-damage|p1a: Zapdos|77\/100\n|-status|p2a: Landorus|par|[from] ability: Static|[of] p1a: Zapdos\n|\n|t:|1700229260\n|switch|p2a: Tapu Lele|Tapu Lele|48\/100 par|[from] U-turn\n|-fieldstart|move: Psychic Terrain|[from] ability: Psychic Surge|[of] p2a: Tapu Lele\n|\n|-weather|none\n|upkeep\n|turn|11\n|\n|t:|1700229278\n|move|p1a: Zapdos|Volt Switch|p2a: Tapu Lele\n|-damage|p2a: Tapu Lele|16\/100 par\n|\n|t:|1700229311\n|switch|p1a: Landorus|Landorus-Therian, M|100\/100|[from] Volt Switch\n|-damage|p1a: Landorus|88\/100|[from] Stealth Rock\n|-ability|p1a: Landorus|Intimidate|boost\n|-unboost|p2a: Tapu Lele|atk|1\n|move|p2a: Tapu Lele|Future Sight|p1a: Landorus\n|-start|p2a: Tapu Lele|move: Future Sight\n|\n|upkeep\n|turn|12\n|inactive|Battle timer is ON: inactive players will automatically lose when time's up. (requested by chl158981215)\n|\n|t:|1700229331\n|switch|p2a: Scizor|Scizor-Mega, F|100\/100 par\n|move|p1a: Landorus|Substitute|p1a: Landorus\n|-start|p1a: Landorus|Substitute\n|-damage|p1a: Landorus|63\/100\n|\n|upkeep\n|turn|13\n|\n|t:|1700229351\n|move|p1a: Landorus|Earthquake|p2a: Scizor\n|-damage|p2a: Scizor|56\/100 par\n|move|p2a: Scizor|Swords Dance|p2a: Scizor\n|-boost|p2a: Scizor|atk|2\n|\n|-end|p1a: Landorus|move: Future Sight\n|-end|p1a: Landorus|Substitute\n|upkeep\n|turn|14\n|\n|t:|1700229361\n|-zpower|p1a: Landorus\n|move|p1a: Landorus|Supersonic Skystrike|p2a: Scizor|[zeffect]\n|-damage|p2a: Scizor|0 fnt\n|faint|p2a: Scizor\n|\n|-fieldend|move: Psychic Terrain\n|upkeep\n|\n|t:|1700229371\n|switch|p2a: Landorus|Landorus-Therian, M|63\/100 par\n|-ability|p2a: Landorus|Intimidate|boost\n|-unboost|p1a: Landorus|atk|1\n|turn|15\n|\n|t:|1700229388\n|switch|p1a: Zapdos|Zapdos|77\/100\n|move|p2a: Landorus|Stealth Rock||[still]\n|-fail|p2a: Landorus\n|\n|upkeep\n|turn|16\n|-message|chl158981215 forfeited.\n|\n|win|PapayaStupid\n|raw|PapayaStupid's rating: 1392 &rarr; <strong>1407<\/strong><br \/>(+15 for winning)\n|raw|chl158981215's rating: 1294 &rarr; <strong>1276<\/strong><br \/>(-18 for losing)\n|l|\u2606chl158981215\n","uploadtime":1700229571,"views":12,"p1id":"papayastupid","p2id":"chl158981215","formatid":"gen9nationaldex","rating":1276,"private":0,"password":""}