{"id":"gen9nationaldex-1987842501","p1":"MystroPoken","p2":"devious fearvg","format":"[Gen 9] National Dex","log":"|j|\u2606MystroPoken\n|j|\u2606devious fearvg\n|t:|1699641878\n|gametype|singles\n|player|p1|MystroPoken|crasherwake|\n|player|p2|devious fearvg|alec-anime|\n|teamsize|p1|6\n|teamsize|p2|6\n|gen|9\n|tier|[Gen 9] National Dex\n|rule|HP Percentage Mod: HP is shown in percentages\n|rule|Endless Battle Clause: Forcing endless battles is banned\n|rule|OHKO Clause: OHKO moves are banned\n|rule|Evasion Clause: Evasion abilities, items, and moves are banned\n|rule|Evasion Abilities Clause: Evasion abilities are banned\n|rule|Evasion Items Clause: Evasion items are banned\n|rule|Evasion Moves Clause: Evasion moves are banned\n|rule|Species Clause: Limit one of each Pok\u00e9mon\n|rule|Sleep Clause Mod: Limit one foe put to sleep\n|clearpoke\n|poke|p1|Rillaboom, M|\n|poke|p1|Sableye, F|\n|poke|p1|Sneasler, F|\n|poke|p1|Uxie|\n|poke|p1|Tatsugiri, F|\n|poke|p1|Lokix, F|\n|poke|p2|Manaphy|\n|poke|p2|Skeledirge, M|\n|poke|p2|Iron Treads|\n|poke|p2|Pidgeot, M|\n|poke|p2|Gallade, M|\n|poke|p2|Sableye, M|\n|teampreview\n|inactive|Battle timer is ON: inactive players will automatically lose when time's up. (requested by MystroPoken)\n|\n|t:|1699641907\n|start\n|switch|p1a: Uxie|Uxie|100\/100\n|switch|p2a: Sableye|Sableye, M|100\/100\n|turn|1\n|c|\u2606devious fearvg|round 2 baby\n|c|\u2606MystroPoken|yessir\n|c|\u2606devious fearvg|also last round was mega gallade\n|c|\u2606MystroPoken|glhf\n|c|\u2606devious fearvg|lol\n|c|\u2606MystroPoken|e\n|c|\u2606devious fearvg|have fun\n|\n|t:|1699641934\n|switch|p1a: Tatsugiri|Tatsugiri, F|100\/100\n|detailschange|p2a: Sableye|Sableye-Mega, M\n|-mega|p2a: Sableye|Sableye|Sablenite\n|move|p2a: Sableye|Bulk Up|p2a: Sableye\n|-boost|p2a: Sableye|atk|1\n|-boost|p2a: Sableye|def|1\n|\n|upkeep\n|turn|2\n|inactive|devious fearvg has 270 seconds left.\n|\n|t:|1699641952\n|move|p1a: Tatsugiri|Nasty Plot|p1a: Tatsugiri\n|-boost|p1a: Tatsugiri|spa|2\n|move|p2a: Sableye|Drain Punch|p1a: Tatsugiri\n|-damage|p1a: Tatsugiri|56\/100\n|\n|upkeep\n|turn|3\n|inactive|devious fearvg has 270 seconds left.\n|inactive|MystroPoken has 270 seconds left.\n|\n|t:|1699641976\n|switch|p2a: Iron Treads|Iron Treads|100\/100\n|move|p1a: Tatsugiri|Draco Meteor|p2a: Iron Treads\n|-resisted|p2a: Iron Treads\n|-damage|p2a: Iron Treads|16\/100\n|-unboost|p1a: Tatsugiri|spa|2\n|\n|-heal|p2a: Iron Treads|23\/100|[from] item: Leftovers\n|upkeep\n|turn|4\n|inactive|MystroPoken has 270 seconds left.\n|\n|t:|1699641994\n|switch|p1a: Sableye|Sableye, F|100\/100\n|move|p2a: Iron Treads|Volt Switch|p1a: Sableye\n|-damage|p1a: Sableye|83\/100\n|\n|t:|1699642008\n|-end|p2a: Iron Treads|Quark Drive|[silent]\n|switch|p2a: Sableye|Sableye-Mega, M|100\/100|[from] Volt Switch\n|\n|upkeep\n|turn|5\n|inactive|MystroPoken has 270 seconds left.\n|c|\u2606devious fearvg|round 3\n|\n|t:|1699642028\n|switch|p1a: Tatsugiri|Tatsugiri, F|56\/100\n|move|p2a: Sableye|Bulk Up|p2a: Sableye\n|-boost|p2a: Sableye|atk|1\n|-boost|p2a: Sableye|def|1\n|\n|upkeep\n|turn|6\n|inactive|devious fearvg has 270 seconds left.\n|\n|t:|1699642035\n|move|p1a: Tatsugiri|Nasty Plot|p1a: Tatsugiri\n|-boost|p1a: Tatsugiri|spa|2\n|move|p2a: Sableye|Drain Punch|p1a: Tatsugiri\n|-damage|p1a: Tatsugiri|13\/100\n|\n|upkeep\n|turn|7\n|inactive|MystroPoken has 270 seconds left.\n|\n|t:|1699642043\n|move|p2a: Sableye|Shadow Sneak|p1a: Tatsugiri\n|-damage|p1a: Tatsugiri|0 fnt\n|faint|p1a: Tatsugiri\n|\n|upkeep\n|inactive|MystroPoken has 270 seconds left.\n|c|\u2606devious fearvg|threat gone\n|c|\u2606MystroPoken|gg\n|c|\u2606MystroPoken|?\n|c|\u2606devious fearvg|now we ball\n|c|\u2606devious fearvg|u never know\n|c|\u2606devious fearvg|a might do me\n|c|\u2606devious fearvg|a crit*\n|inactive|MystroPoken has 240 seconds left.\n|\n|t:|1699642099\n|switch|p1a: Sneasler|Sneasler, F|100\/100\n|turn|8\n|c|\u2606MystroPoken|swap out for the memes\n|c|\u2606MystroPoken|trust\n|inactive|devious fearvg has 270 seconds left.\n|c|\u2606devious fearvg|man\n|c|\u2606devious fearvg|the memes\n|c|\u2606devious fearvg|the voices\n|c|\u2606devious fearvg|they are speaking to me\n|c|\u2606MystroPoken|fr\n|\n|t:|1699642153\n|move|p1a: Sneasler|Dire Claw|p2a: Sableye\n|-resisted|p2a: Sableye\n|-damage|p2a: Sableye|86\/100\n|-status|p2a: Sableye|psn\n|move|p2a: Sableye|Bulk Up|p2a: Sableye\n|-boost|p2a: Sableye|atk|1\n|-boost|p2a: Sableye|def|1\n|\n|-damage|p2a: Sableye|73\/100 psn|[from] psn\n|upkeep\n|turn|9\n|c|\u2606MystroPoken|ill take it\n|c|\u2606devious fearvg|best case scenario\n|c|\u2606devious fearvg|honestly\n|inactive|MystroPoken has 210 seconds left.\n|c|\u2606MystroPoken|iw as hoping for sleep\n|c|\u2606MystroPoken|or ungodly apra luck\n|c|\u2606MystroPoken|but sure that works too\n|inactive|MystroPoken has 180 seconds left.\n|\n|t:|1699642222\n|switch|p1a: Uxie|Uxie|100\/100\n|move|p2a: Sableye|Shadow Sneak|p1a: Uxie\n|-supereffective|p1a: Uxie\n|-damage|p1a: Uxie|61\/100\n|\n|-damage|p2a: Sableye|61\/100 psn|[from] psn\n|upkeep\n|turn|10\n|c|\u2606devious fearvg|dire claw is so stupid\n|inactive|MystroPoken has 180 seconds left.\n|\n|t:|1699642233\n|move|p1a: Uxie|Reflect|p1a: Uxie\n|-sidestart|p1: MystroPoken|Reflect\n|move|p2a: Sableye|Bulk Up|p2a: Sableye\n|-boost|p2a: Sableye|atk|1\n|-boost|p2a: Sableye|def|1\n|\n|-damage|p2a: Sableye|49\/100 psn|[from] psn\n|upkeep\n|turn|11\n|c|\u2606MystroPoken|lol still dk how i got both rilla and sneasler\n|c|\u2606MystroPoken|fr\n|inactive|MystroPoken has 180 seconds left.\n|c|\u2606MystroPoken|u got recover?\n|c|\u2606devious fearvg|idk\n|c|\u2606devious fearvg|we'll find out\n|inactive|MystroPoken has 150 seconds left.\n|\n|t:|1699642285\n|move|p1a: Uxie|Light Screen|p1a: Uxie\n|-sidestart|p1: MystroPoken|move: Light Screen\n|move|p2a: Sableye|Recover|p2a: Sableye\n|-heal|p2a: Sableye|99\/100 psn\n|\n|-damage|p2a: Sableye|87\/100 psn|[from] psn\n|upkeep\n|turn|12\n|c|\u2606MystroPoken|sob\n|c|\u2606devious fearvg|troll\n|c|\u2606MystroPoken|literally cant topuch this thing\n|c|\u2606MystroPoken|sob\n|inactive|MystroPoken has 120 seconds left.\n|\n|t:|1699642318\n|switch|p1a: Lokix|Lokix, F|100\/100\n|move|p2a: Sableye|Bulk Up|p2a: Sableye\n|-boost|p2a: Sableye|atk|1\n|-boost|p2a: Sableye|def|1\n|\n|-damage|p2a: Sableye|75\/100 psn|[from] psn\n|upkeep\n|turn|13\n|c|\u2606MystroPoken|SOB\n|inactive|devious fearvg has 270 seconds left.\n|c|\u2606MystroPoken|bro just spams drain punch\n|\n|t:|1699642338\n|-terastallize|p1a: Lokix|Bug\n|move|p1a: Lokix|U-turn|p2a: Sableye\n|-damage|p2a: Sableye|60\/100 psn\n|c|\u2606devious fearvg|that's\n|c|\u2606MystroPoken|what do i do\n|c|\u2606devious fearvg|tera bug\n|inactive|MystroPoken has 120 seconds left.\n|\n|t:|1699642358\n|switch|p1a: Uxie|Uxie|61\/100|[from] U-turn\n|move|p2a: Sableye|Drain Punch|p1a: Uxie\n|-resisted|p1a: Uxie\n|-damage|p1a: Uxie|53\/100\n|-heal|p2a: Sableye|64\/100 psn|[from] drain|[of] p1a: Uxie\n|\n|-damage|p2a: Sableye|52\/100 psn|[from] psn\n|upkeep\n|turn|14\n|inactive|devious fearvg has 270 seconds left.\n|c|\u2606MystroPoken|switch out\n|c|\u2606MystroPoken|the memes\n|c|\u2606MystroPoken|:toll:\n|c|\u2606devious fearvg|they are tempting me\n|c|\u2606devious fearvg|just like how nn is\n|\n|t:|1699642386\n|move|p1a: Uxie|Knock Off|p2a: Sableye\n|-damage|p2a: Sableye|48\/100 psn\n|move|p2a: Sableye|Bulk Up|p2a: Sableye\n|-boost|p2a: Sableye|atk|1\n|-boost|p2a: Sableye|def|1\n|\n|-damage|p2a: Sableye|36\/100 psn|[from] psn\n|upkeep\n|turn|15\n|c|\u2606devious fearvg|nnn*\n|inactive|MystroPoken has 90 seconds left.\n|c|\u2606devious fearvg|but like I gotta hurry a bit\n|c|\u2606MystroPoken|yo just\n|c|\u2606MystroPoken|dont click recover\n|c|\u2606MystroPoken|for this turn\n|c|\u2606MystroPoken|and instead\n|c|\u2606devious fearvg|otherwise I would've swapped after getting 2 nulk ups\n|c|\u2606MystroPoken|click something else\n|inactive|MystroPoken has 60 seconds left.\n|\n|t:|1699642439\n|switch|p1a: Sneasler|Sneasler, F|100\/100\n|move|p2a: Sableye|Recover|p2a: Sableye\n|-heal|p2a: Sableye|86\/100 psn\n|\n|-damage|p2a: Sableye|74\/100 psn|[from] psn\n|upkeep\n|turn|16\n|inactive|MystroPoken has 60 seconds left.\n|inactive|devious fearvg has 270 seconds left.\n|c|\u2606MystroPoken|im sobbing rn\n|c|\u2606MystroPoken|fr\n|\n|t:|1699642451\n|move|p2a: Sableye|Shadow Sneak|p1a: Sneasler\n|-damage|p1a: Sneasler|63\/100\n|move|p1a: Sneasler|Swords Dance|p1a: Sneasler\n|-boost|p1a: Sneasler|atk|2\n|\n|-damage|p2a: Sableye|62\/100 psn|[from] psn\n|upkeep\n|turn|17\n|inactive|MystroPoken has 60 seconds left.\n|inactive|devious fearvg has 270 seconds left.\n|\n|t:|1699642467\n|move|p2a: Sableye|Shadow Sneak|p1a: Sneasler\n|-damage|p1a: Sneasler|29\/100\n|move|p1a: Sneasler|Shadow Claw|p2a: Sableye\n|-damage|p2a: Sableye|46\/100 psn\n|\n|-damage|p2a: Sableye|34\/100 psn|[from] psn\n|-sideend|p1: MystroPoken|Reflect\n|upkeep\n|turn|18\n|c|\u2606MystroPoken|click recover\n|c|\u2606MystroPoken|lets see\n|c|\u2606MystroPoken|a crit wont kill now but like\n|\n|t:|1699642485\n|move|p1a: Sneasler|Shadow Claw|p2a: Sableye\n|-damage|p2a: Sableye|19\/100 psn\n|move|p2a: Sableye|Recover|p2a: Sableye\n|-heal|p2a: Sableye|69\/100 psn\n|\n|-damage|p2a: Sableye|57\/100 psn|[from] psn\n|-sideend|p1: MystroPoken|move: Light Screen\n|upkeep\n|turn|19\n|c|\u2606devious fearvg|bro has mind reading powers\n|c|\u2606MystroPoken|yea no\n|c|\u2606MystroPoken|moment\n|\n|t:|1699642496\n|move|p2a: Sableye|Shadow Sneak|p1a: Sneasler\n|-damage|p1a: Sneasler|0 fnt\n|faint|p1a: Sneasler\n|\n|-damage|p2a: Sableye|45\/100 psn|[from] psn\n|upkeep\n|\n|t:|1699642501\n|switch|p1a: Lokix|Lokix, F, tera:Bug|100\/100\n|turn|20\n|\n|t:|1699642507\n|move|p1a: Lokix|First Impression|p2a: Sableye\n|-damage|p2a: Sableye|29\/100 psn\n|move|p2a: Sableye|Recover|p2a: Sableye\n|-heal|p2a: Sableye|79\/100 psn\n|\n|-damage|p2a: Sableye|67\/100 psn|[from] psn\n|upkeep\n|turn|21\n|inactive|MystroPoken has 60 seconds left.\n|c|\u2606MystroPoken|idk man im just good like that\n|\n|t:|1699642523\n|move|p2a: Sableye|Shadow Sneak|p1a: Lokix\n|-damage|p1a: Lokix|35\/100\n|move|p1a: Lokix|U-turn|p2a: Sableye\n|-damage|p2a: Sableye|54\/100 psn\n|c|\u2606MystroPoken|this is sad\n|inactive|MystroPoken has 60 seconds left.\n|\n|t:|1699642529\n|switch|p1a: Uxie|Uxie|53\/100|[from] U-turn\n|\n|-damage|p2a: Sableye|42\/100 psn|[from] psn\n|upkeep\n|turn|22\n|\n|t:|1699642536\n|move|p1a: Uxie|Reflect|p1a: Uxie\n|-sidestart|p1: MystroPoken|Reflect\n|move|p2a: Sableye|Recover|p2a: Sableye\n|-heal|p2a: Sableye|92\/100 psn\n|\n|-damage|p2a: Sableye|80\/100 psn|[from] psn\n|upkeep\n|turn|23\n|\n|t:|1699642548\n|switch|p1a: Sableye|Sableye, F|83\/100\n|move|p2a: Sableye|Drain Punch|p1a: Sableye\n|-immune|p1a: Sableye\n|\n|-damage|p2a: Sableye|67\/100 psn|[from] psn\n|upkeep\n|turn|24\n|c|\u2606devious fearvg|the plays\n|c|\u2606MystroPoken|wait\n|c|\u2606MystroPoken|why didnt i just do this earlier\n|\n|t:|1699642567\n|detailschange|p1a: Sableye|Sableye-Mega, F\n|-mega|p1a: Sableye|Sableye|Sablenite\n|move|p2a: Sableye|Shadow Sneak|p1a: Sableye\n|-damage|p1a: Sableye|63\/100\n|move|p1a: Sableye|Encore|p2a: Sableye\n|move|p2a: Sableye|Encore||[from]ability: Magic Bounce|[still]\n|-fail|p2a: Sableye\n|\n|-damage|p2a: Sableye|55\/100 psn|[from] psn\n|upkeep\n|turn|25\n|c|\u2606MystroPoken|fu\n|c|\u2606devious fearvg|LMAO\n|c|\u2606devious fearvg|Imagine\n|inactive|MystroPoken has 60 seconds left.\n|c|\u2606devious fearvg|infinite\n|c|\u2606devious fearvg|encores\n|c|\u2606MystroPoken|didnt forgor abt magic bounce\n|c|\u2606MystroPoken|trust\n|\n|t:|1699642593\n|move|p2a: Sableye|Shadow Sneak|p1a: Sableye\n|-damage|p1a: Sableye|44\/100\n|move|p1a: Sableye|Recover|p1a: Sableye\n|-heal|p1a: Sableye|94\/100\n|\n|-damage|p2a: Sableye|43\/100 psn|[from] psn\n|upkeep\n|turn|26\n|\n|t:|1699642604\n|move|p1a: Sableye|Knock Off|p2a: Sableye\n|-damage|p2a: Sableye|38\/100 psn\n|move|p2a: Sableye|Recover|p2a: Sableye\n|-heal|p2a: Sableye|88\/100 psn\n|\n|-damage|p2a: Sableye|76\/100 psn|[from] psn\n|upkeep\n|turn|27\n|inactive|MystroPoken has 60 seconds left.\n|\n|t:|1699642609\n|move|p2a: Sableye|Bulk Up|p2a: Sableye\n|-boost|p2a: Sableye|atk|1\n|-boost|p2a: Sableye|def|1\n|move|p1a: Sableye|Knock Off|p2a: Sableye\n|-damage|p2a: Sableye|71\/100 psn\n|\n|-damage|p2a: Sableye|59\/100 psn|[from] psn\n|upkeep\n|turn|28\n|\n|t:|1699642616\n|move|p2a: Sableye|Shadow Sneak|p1a: Sableye\n|-damage|p1a: Sableye|70\/100\n|move|p1a: Sableye|Knock Off|p2a: Sableye\n|-damage|p2a: Sableye|54\/100 psn\n|\n|-damage|p2a: Sableye|42\/100 psn|[from] psn\n|upkeep\n|turn|29\n|\n|t:|1699642622\n|move|p2a: Sableye|Shadow Sneak|p1a: Sableye\n|-damage|p1a: Sableye|48\/100\n|move|p1a: Sableye|Knock Off|p2a: Sableye\n|-damage|p2a: Sableye|37\/100 psn\n|\n|-damage|p2a: Sableye|25\/100 psn|[from] psn\n|-sideend|p1: MystroPoken|Reflect\n|upkeep\n|turn|30\n|\n|t:|1699642627\n|move|p1a: Sableye|Recover|p1a: Sableye\n|-heal|p1a: Sableye|98\/100\n|move|p2a: Sableye|Recover|p2a: Sableye\n|-heal|p2a: Sableye|75\/100 psn\n|\n|-damage|p2a: Sableye|63\/100 psn|[from] psn\n|upkeep\n|turn|31\n|inactive|MystroPoken has 90 seconds left.\n|c|\u2606devious fearvg|the stall battle\n|c|\u2606devious fearvg|is crazy\n|c|\u2606MystroPoken|do i have enough to kill the 1 recover pp sableye\n|\n|t:|1699642646\n|move|p2a: Sableye|Shadow Sneak|p1a: Sableye\n|-damage|p1a: Sableye|53\/100\n|move|p1a: Sableye|Knock Off|p2a: Sableye\n|-damage|p2a: Sableye|58\/100 psn\n|\n|-damage|p2a: Sableye|45\/100 psn|[from] psn\n|upkeep\n|turn|32\n|c|\u2606devious fearvg|woah\n|\n|t:|1699642654\n|move|p2a: Sableye|Shadow Sneak|p1a: Sableye\n|-damage|p1a: Sableye|12\/100\n|move|p1a: Sableye|Recover|p1a: Sableye\n|-heal|p1a: Sableye|62\/100\n|\n|-damage|p2a: Sableye|33\/100 psn|[from] psn\n|upkeep\n|turn|33\n|\n|t:|1699642660\n|move|p2a: Sableye|Shadow Sneak|p1a: Sableye\n|-damage|p1a: Sableye|14\/100\n|move|p1a: Sableye|Recover|p1a: Sableye\n|-heal|p1a: Sableye|64\/100\n|\n|-damage|p2a: Sableye|21\/100 psn|[from] psn\n|upkeep\n|turn|34\n|\n|t:|1699642666\n|move|p1a: Sableye|Recover|p1a: Sableye\n|-heal|p1a: Sableye|100\/100\n|move|p2a: Sableye|Recover|p2a: Sableye\n|-heal|p2a: Sableye|71\/100 psn\n|\n|-damage|p2a: Sableye|59\/100 psn|[from] psn\n|upkeep\n|turn|35\n|c|\u2606MystroPoken|bro was bettoing on a crit fr\n|c|\u2606MystroPoken|:sob:\n|l|\u2606devious fearvg\n|inactive|devious fearvg disconnected and has 300 seconds to reconnect!\n|player|p2|\n|\n|t:|1699642687\n|move|p2a: Sableye|Shadow Sneak|p1a: Sableye\n|-damage|p1a: Sableye|53\/100\n|move|p1a: Sableye|Knock Off|p2a: Sableye\n|-damage|p2a: Sableye|55\/100 psn\n|\n|-damage|p2a: Sableye|42\/100 psn|[from] psn\n|upkeep\n|turn|36\n|c|\u2606MystroPoken|ok lol\n|inactive|devious fearvg has 270 seconds to reconnect!\n|inactiveoff|Battle timer is now OFF.\n|j|\u2606devious fearvg\n|player|p2|devious fearvg|alec-anime\n|\n|t:|1699642816\n|move|p2a: Sableye|Shadow Sneak|p1a: Sableye\n|-damage|p1a: Sableye|5\/100\n|move|p1a: Sableye|Recover|p1a: Sableye\n|-heal|p1a: Sableye|56\/100\n|\n|-damage|p2a: Sableye|30\/100 psn|[from] psn\n|upkeep\n|turn|37\n|c|\u2606devious fearvg|back\n|c|\u2606MystroPoken|sup\n|c|\u2606MystroPoken|k\n|\n|t:|1699642831\n|move|p2a: Sableye|Shadow Sneak|p1a: Sableye\n|-damage|p1a: Sableye|7\/100\n|move|p1a: Sableye|Recover|p1a: Sableye\n|-heal|p1a: Sableye|57\/100\n|\n|-damage|p2a: Sableye|18\/100 psn|[from] psn\n|upkeep\n|turn|38\n|\n|t:|1699642840\n|move|p2a: Sableye|Shadow Sneak|p1a: Sableye\n|-damage|p1a: Sableye|12\/100\n|move|p1a: Sableye|Recover|p1a: Sableye\n|-heal|p1a: Sableye|62\/100\n|\n|-damage|p2a: Sableye|6\/100 psn|[from] psn\n|upkeep\n|turn|39\n|c|\u2606devious fearvg|u managed to stop the beast\n|c|\u2606MystroPoken|i beat the sableye\n|c|\u2606MystroPoken|but at what cost\n|\n|t:|1699642854\n|move|p2a: Sableye|Shadow Sneak|p1a: Sableye\n|-damage|p1a: Sableye|14\/100\n|move|p1a: Sableye|Knock Off|p2a: Sableye\n|-damage|p2a: Sableye|0 fnt\n|faint|p2a: Sableye\n|\n|upkeep\n|c|\u2606devious fearvg|everything\n|\n|t:|1699642880\n|switch|p2a: Manaphy|Manaphy|100\/100\n|turn|40\n|\n|t:|1699642887\n|move|p2a: Manaphy|Dazzling Gleam|p1a: Sableye\n|-supereffective|p1a: Sableye\n|-crit|p1a: Sableye\n|-damage|p1a: Sableye|0 fnt\n|faint|p1a: Sableye\n|\n|upkeep\n|\n|t:|1699642894\n|switch|p1a: Rillaboom|Rillaboom, M|100\/100\n|-fieldstart|move: Grassy Terrain|[from] ability: Grassy Surge|[of] p1a: Rillaboom\n|turn|41\n|\n|t:|1699642909\n|switch|p2a: Pidgeot|Pidgeot, M|100\/100\n|move|p1a: Rillaboom|Drum Beating|p2a: Pidgeot\n|-resisted|p2a: Pidgeot\n|-damage|p2a: Pidgeot|80\/100\n|-unboost|p2a: Pidgeot|spe|1\n|\n|upkeep\n|turn|42\n|\n|t:|1699642915\n|switch|p1a: Uxie|Uxie|53\/100\n|move|p2a: Pidgeot|Toxic|p1a: Uxie\n|-status|p1a: Uxie|tox\n|\n|-damage|p1a: Uxie|47\/100 tox|[from] psn\n|upkeep\n|turn|43\n|\n|t:|1699642929\n|move|p1a: Uxie|Toxic|p2a: Pidgeot\n|-status|p2a: Pidgeot|tox\n|move|p2a: Pidgeot|U-turn|p1a: Uxie\n|-supereffective|p1a: Uxie\n|-damage|p1a: Uxie|25\/100 tox\n|c|\u2606MystroPoken|borb\n|\n|t:|1699642942\n|switch|p2a: Gallade|Gallade, M|100\/100|[from] U-turn\n|\n|-damage|p1a: Uxie|13\/100 tox|[from] psn\n|upkeep\n|turn|44\n|\n|t:|1699642953\n|move|p2a: Gallade|Psycho Cut|p1a: Uxie\n|-resisted|p1a: Uxie\n|-crit|p1a: Uxie\n|-damage|p1a: Uxie|0 fnt\n|faint|p1a: Uxie\n|\n|upkeep\n|\n|t:|1699642955\n|switch|p1a: Lokix|Lokix, F, tera:Bug|35\/100\n|turn|45\n|\n|t:|1699642963\n|move|p1a: Lokix|First Impression|p2a: Gallade\n|-damage|p2a: Gallade|0 fnt\n|faint|p2a: Gallade\n|\n|-heal|p1a: Lokix|41\/100|[from] Grassy Terrain\n|-fieldend|move: Grassy Terrain\n|upkeep\n|c|\u2606devious fearvg|man\n|\n|t:|1699642970\n|switch|p2a: Skeledirge|Skeledirge, M|100\/100\n|turn|46\n|c|\u2606MystroPoken|2 kills is crazy\n|c|\u2606devious fearvg|WAIT ITS THE WRONG SET\n|\n|t:|1699642985\n|switch|p2a: Manaphy|Manaphy|100\/100\n|move|p1a: Lokix|Knock Off|p2a: Manaphy\n|-damage|p2a: Manaphy|65\/100\n|-enditem|p2a: Manaphy|Assault Vest|[from] move: Knock Off|[of] p1a: Lokix\n|\n|upkeep\n|turn|47\n|c|\u2606MystroPoken|u still win LOL\n|\n|t:|1699642992\n|move|p2a: Manaphy|Scald|p1a: Lokix\n|-damage|p1a: Lokix|0 fnt\n|faint|p1a: Lokix\n|\n|upkeep\n|\n|t:|1699642995\n|switch|p1a: Rillaboom|Rillaboom, M|100\/100\n|-fieldstart|move: Grassy Terrain|[from] ability: Grassy Surge|[of] p1a: Rillaboom\n|turn|48\n|c|\u2606devious fearvg|I don't\n|c|\u2606devious fearvg|watch rilla\n|c|\u2606MystroPoken|u do\n|c|\u2606MystroPoken|wdym\n|c|\u2606devious fearvg|3-0 my team\n|c|\u2606devious fearvg|again\n|c|\u2606MystroPoken|??????\n|c|\u2606devious fearvg|trust\n|\n|t:|1699643014\n|move|p1a: Rillaboom|Drum Beating|p2a: Manaphy\n|-supereffective|p2a: Manaphy\n|-damage|p2a: Manaphy|0 fnt\n|faint|p2a: Manaphy\n|\n|upkeep\n|\n|t:|1699643019\n|switch|p2a: Pidgeot|Pidgeot, M|80\/100 tox\n|turn|49\n|\n|t:|1699643023\n|move|p1a: Rillaboom|Drum Beating|p2a: Pidgeot\n|-resisted|p2a: Pidgeot\n|-damage|p2a: Pidgeot|58\/100 tox\n|-unboost|p2a: Pidgeot|spe|1\n|move|p2a: Pidgeot|Toxic|p1a: Rillaboom\n|-status|p1a: Rillaboom|tox\n|\n|-damage|p1a: Rillaboom|94\/100 tox|[from] psn\n|-damage|p2a: Pidgeot|52\/100 tox|[from] psn\n|upkeep\n|turn|50\n|\n|t:|1699643026\n|move|p1a: Rillaboom|Drum Beating|p2a: Pidgeot\n|-resisted|p2a: Pidgeot\n|-damage|p2a: Pidgeot|32\/100 tox\n|-unboost|p2a: Pidgeot|spe|1\n|move|p2a: Pidgeot|Roost|p2a: Pidgeot\n|-heal|p2a: Pidgeot|82\/100 tox\n|-singleturn|p2a: Pidgeot|move: Roost\n|\n|-heal|p1a: Rillaboom|100\/100 tox|[from] Grassy Terrain\n|-heal|p2a: Pidgeot|88\/100 tox|[from] Grassy Terrain\n|-damage|p1a: Rillaboom|88\/100 tox|[from] psn\n|-damage|p2a: Pidgeot|76\/100 tox|[from] psn\n|upkeep\n|turn|51\n|\n|t:|1699643030\n|move|p1a: Rillaboom|Drum Beating|p2a: Pidgeot\n|-resisted|p2a: Pidgeot\n|-damage|p2a: Pidgeot|56\/100 tox\n|-unboost|p2a: Pidgeot|spe|1\n|move|p2a: Pidgeot|U-turn|p1a: Rillaboom\n|-supereffective|p1a: Rillaboom\n|-damage|p1a: Rillaboom|57\/100 tox\n|\n|t:|1699643033\n|switch|p2a: Skeledirge|Skeledirge, M|100\/100|[from] U-turn\n|\n|-heal|p1a: Rillaboom|63\/100 tox|[from] Grassy Terrain\n|-damage|p1a: Rillaboom|44\/100 tox|[from] psn\n|upkeep\n|turn|52\n|c|\u2606MystroPoken|u win see?\n|c|\u2606MystroPoken|ggwp\n|c|\u2606devious fearvg|watch me tera water\n|c|\u2606devious fearvg|trust\n|c|\u2606MystroPoken|im scarfed\n|c|\u2606MystroPoken|:skull:\n|c|\u2606MystroPoken|toxic gonna kill me\n|c|\u2606devious fearvg|ik\n|\n|t:|1699643083\n|-terastallize|p2a: Skeledirge|Water\n|move|p1a: Rillaboom|Drum Beating|p2a: Skeledirge\n|-supereffective|p2a: Skeledirge\n|-damage|p2a: Skeledirge|22\/100\n|-unboost|p2a: Skeledirge|spe|1\n|move|p2a: Skeledirge|Torch Song|p1a: Rillaboom\n|-supereffective|p1a: Rillaboom\n|-crit|p1a: Rillaboom\n|-damage|p1a: Rillaboom|0 fnt\n|-boost|p2a: Skeledirge|spa|1\n|faint|p1a: Rillaboom\n|\n|win|devious fearvg\n|c|\u2606devious fearvg|and we still take it\n|c|\u2606MystroPoken|ggwp\n|c|\u2606devious fearvg|ggs mate\n","uploadtime":1699643102,"views":5,"p1id":"mystropoken","p2id":"deviousfearvg","formatid":"gen9nationaldex","rating":0,"private":0,"password":""}