{"id":"gen9nationaldex-1988860587","p1":"jiangxiuxiu1218","p2":"TianBing","format":"[Gen 9] National Dex","log":"|j|\u2606jiangxiuxiu1218\n|j|\u2606TianBing\n|t:|1699775716\n|gametype|singles\n|player|p1|jiangxiuxiu1218|riley|1392\n|player|p2|TianBing|cynthia|1383\n|teamsize|p1|6\n|teamsize|p2|6\n|gen|9\n|tier|[Gen 9] National Dex\n|rated|\n|rule|HP Percentage Mod: HP is shown in percentages\n|rule|Endless Battle Clause: Forcing endless battles is banned\n|rule|OHKO Clause: OHKO moves are banned\n|rule|Evasion Clause: Evasion abilities, items, and moves are banned\n|rule|Evasion Abilities Clause: Evasion abilities are banned\n|rule|Evasion Items Clause: Evasion items are banned\n|rule|Evasion Moves Clause: Evasion moves are banned\n|rule|Species Clause: Limit one of each Pok\u00e9mon\n|rule|Sleep Clause Mod: Limit one foe put to sleep\n|clearpoke\n|poke|p1|Ferrothorn, F|\n|poke|p1|Landorus-Therian, M|\n|poke|p1|Cloyster, F|\n|poke|p1|Glalie, F|\n|poke|p1|Golem-Alola, M|\n|poke|p1|Gigalith, F|\n|poke|p2|Skarmory, F|\n|poke|p2|Garganacl, M|\n|poke|p2|Toxapex, M|\n|poke|p2|Dondozo, M|\n|poke|p2|Sableye, M|\n|poke|p2|Chansey, F|\n|teampreview\n|inactive|Battle timer is ON: inactive players will automatically lose when time's up. (requested by jiangxiuxiu1218)\n|\n|t:|1699775731\n|start\n|switch|p1a: Gigalith|Gigalith, F|100\/100\n|switch|p2a: Toxapex|Toxapex, M|100\/100\n|turn|1\n|\n|t:|1699775738\n|switch|p2a: Skarmory|Skarmory, F|100\/100\n|move|p1a: Gigalith|Stealth Rock|p2a: Skarmory\n|-sidestart|p2: TianBing|move: Stealth Rock\n|\n|upkeep\n|turn|2\n|\n|t:|1699775745\n|switch|p1a: Golem|Golem-Alola, M|100\/100\n|move|p2a: Skarmory|Stealth Rock|p1a: Golem\n|-sidestart|p1: jiangxiuxiu1218|move: Stealth Rock\n|\n|upkeep\n|turn|3\n|\n|t:|1699775756\n|move|p2a: Skarmory|Spikes|p1a: Golem\n|-sidestart|p1: jiangxiuxiu1218|Spikes\n|move|p1a: Golem|Wild Charge|p2a: Skarmory\n|-supereffective|p2a: Skarmory\n|-damage|p2a: Skarmory|37\/100\n|-damage|p1a: Golem|84\/100|[from] item: Rocky Helmet|[of] p2a: Skarmory\n|-damage|p1a: Golem|69\/100|[from] Recoil\n|\n|upkeep\n|turn|4\n|\n|t:|1699775766\n|switch|p2a: Toxapex|Toxapex, M|100\/100\n|move|p1a: Golem|Explosion|p2a: Toxapex\n|-supereffective|p2a: Toxapex\n|-damage|p2a: Toxapex|0 fnt\n|faint|p1a: Golem\n|faint|p2a: Toxapex\n|\n|upkeep\n|\n|t:|1699775794\n|switch|p1a: Gigalith|Gigalith, F|100\/100\n|switch|p2a: Skarmory|Skarmory, F|37\/100\n|-damage|p2a: Skarmory|25\/100|[from] Stealth Rock\n|-damage|p1a: Gigalith|88\/100|[from] Stealth Rock\n|-damage|p1a: Gigalith|76\/100|[from] Spikes\n|turn|5\n|\n|t:|1699775808\n|move|p2a: Skarmory|Roost|p2a: Skarmory\n|-heal|p2a: Skarmory|75\/100\n|-singleturn|p2a: Skarmory|move: Roost\n|move|p1a: Gigalith|Earthquake|p2a: Skarmory\n|-supereffective|p2a: Skarmory\n|-damage|p2a: Skarmory|29\/100\n|\n|upkeep\n|turn|6\n|\n|t:|1699775818\n|move|p2a: Skarmory|Spikes|p1a: Gigalith\n|-sidestart|p1: jiangxiuxiu1218|Spikes\n|move|p1a: Gigalith|Earthquake|p2a: Skarmory\n|-immune|p2a: Skarmory\n|\n|upkeep\n|turn|7\n|\n|t:|1699775825\n|move|p2a: Skarmory|Roost|p2a: Skarmory\n|-heal|p2a: Skarmory|79\/100\n|-singleturn|p2a: Skarmory|move: Roost\n|move|p1a: Gigalith|Earthquake|p2a: Skarmory\n|-supereffective|p2a: Skarmory\n|-damage|p2a: Skarmory|33\/100\n|\n|upkeep\n|turn|8\n|\n|t:|1699775834\n|move|p2a: Skarmory|Spikes|p1a: Gigalith\n|-sidestart|p1: jiangxiuxiu1218|Spikes\n|move|p1a: Gigalith|Stone Edge|p2a: Skarmory\n|-damage|p2a: Skarmory|0 fnt\n|faint|p2a: Skarmory\n|\n|upkeep\n|\n|t:|1699775845\n|switch|p2a: Sableye|Sableye, M|100\/100\n|-damage|p2a: Sableye|88\/100|[from] Stealth Rock\n|turn|9\n|\n|t:|1699775857\n|switch|p1a: Glalie|Glalie, F|100\/100\n|-damage|p1a: Glalie|76\/100|[from] Stealth Rock\n|-damage|p1a: Glalie|51\/100|[from] Spikes\n|detailschange|p2a: Sableye|Sableye-Mega, M\n|-mega|p2a: Sableye|Sableye|Sablenite\n|move|p2a: Sableye|Knock Off|p1a: Glalie\n|-damage|p1a: Glalie|26\/100\n|\n|upkeep\n|turn|10\n|\n|t:|1699775868\n|detailschange|p1a: Glalie|Glalie-Mega, F\n|-mega|p1a: Glalie|Glalie|Glalitite\n|move|p2a: Sableye|Protect|p2a: Sableye\n|-singleturn|p2a: Sableye|Protect\n|move|p1a: Glalie|Explosion|p2a: Sableye\n|-activate|p2a: Sableye|move: Protect\n|faint|p1a: Glalie\n|\n|upkeep\n|\n|t:|1699775892\n|switch|p1a: Cloyster|Cloyster, F|100\/100\n|-damage|p1a: Cloyster|76\/100|[from] Stealth Rock\n|-damage|p1a: Cloyster|51\/100|[from] Spikes\n|turn|11\n|\n|t:|1699775903\n|move|p1a: Cloyster|Shell Smash|p1a: Cloyster\n|-unboost|p1a: Cloyster|def|1\n|-unboost|p1a: Cloyster|spd|1\n|-boost|p1a: Cloyster|atk|2\n|-boost|p1a: Cloyster|spa|2\n|-boost|p1a: Cloyster|spe|2\n|move|p2a: Sableye|Knock Off|p1a: Cloyster\n|-damage|p1a: Cloyster|17\/100\n|-enditem|p1a: Cloyster|Focus Sash|[from] move: Knock Off|[of] p2a: Sableye\n|\n|upkeep\n|turn|12\n|\n|t:|1699775916\n|switch|p2a: Dondozo|Dondozo, M|100\/100\n|-damage|p2a: Dondozo|88\/100|[from] Stealth Rock\n|-terastallize|p1a: Cloyster|Ice\n|move|p1a: Cloyster|Icicle Spear|p2a: Dondozo\n|-resisted|p2a: Dondozo\n|-damage|p2a: Dondozo|84\/100\n|-resisted|p2a: Dondozo\n|-damage|p2a: Dondozo|81\/100\n|-resisted|p2a: Dondozo\n|-damage|p2a: Dondozo|78\/100\n|-resisted|p2a: Dondozo\n|-damage|p2a: Dondozo|74\/100\n|-resisted|p2a: Dondozo\n|-damage|p2a: Dondozo|70\/100\n|-hitcount|p2a: Dondozo|5\n|\n|-heal|p2a: Dondozo|76\/100|[from] item: Leftovers\n|upkeep\n|turn|13\n|inactive|jiangxiuxiu1218 has 120 seconds left.\n|\n|t:|1699775934\n|move|p1a: Cloyster|Explosion|p2a: Dondozo\n|-damage|p2a: Dondozo|43\/100\n|faint|p1a: Cloyster\n|move|p2a: Dondozo|Liquidation|p1: Cloyster|[notarget]\n|-fail|p2a: Dondozo\n|\n|-heal|p2a: Dondozo|49\/100|[from] item: Leftovers\n|upkeep\n|inactive|jiangxiuxiu1218 has 120 seconds left.\n|\n|t:|1699775943\n|switch|p1a: Ferrothorn|Ferrothorn, F|100\/100\n|-damage|p1a: Ferrothorn|94\/100|[from] Stealth Rock\n|-damage|p1a: Ferrothorn|69\/100|[from] Spikes\n|turn|14\n|c|\u2606TianBing|\u5168\u5458\u5927\u81ea\u7206\u554a\n|\n|t:|1699775950\n|switch|p2a: Sableye|Sableye-Mega, M|88\/100\n|-damage|p2a: Sableye|75\/100|[from] Stealth Rock\n|move|p1a: Ferrothorn|Leech Seed|p2a: Sableye\n|move|p2a: Sableye|Leech Seed|p1a: Ferrothorn|[from]ability: Magic Bounce\n|-immune|p1a: Ferrothorn\n|\n|upkeep\n|turn|15\n|c|\u2606TianBing|chinese?\n|\n|t:|1699775964\n|move|p2a: Sableye|Will-O-Wisp|p1a: Ferrothorn\n|-status|p1a: Ferrothorn|brn\n|move|p1a: Ferrothorn|Power Whip|p2a: Sableye\n|-damage|p2a: Sableye|51\/100\n|\n|-damage|p1a: Ferrothorn|63\/100 brn|[from] brn\n|upkeep\n|turn|16\n|-message|jiangxiuxiu1218 forfeited.\n|\n|win|TianBing\n|raw|jiangxiuxiu1218's rating: 1392 &rarr; <strong>1371<\/strong><br \/>(-21 for losing)\n|raw|TianBing's rating: 1383 &rarr; <strong>1404<\/strong><br \/>(+21 for winning)\n|l|\u2606jiangxiuxiu1218\n","uploadtime":1699775984,"views":18,"p1id":"jiangxiuxiu1218","p2id":"tianbing","formatid":"gen9nationaldex","rating":1371,"private":0,"password":""}