{"id":"gen9nationaldex-1993921526","p1":"12w3e4","p2":"xiaoqing three","format":"[Gen 9] National Dex","log":"|j|\u260612w3e4\n|j|\u2606xiaoqing three\n|t:|1700375823\n|gametype|singles\n|player|p1|12w3e4|lana|1506\n|player|p2|xiaoqing three|unknown|1495\n|teamsize|p1|6\n|teamsize|p2|6\n|gen|9\n|tier|[Gen 9] National Dex\n|rated|\n|rule|HP Percentage Mod: HP is shown in percentages\n|rule|Endless Battle Clause: Forcing endless battles is banned\n|rule|OHKO Clause: OHKO moves are banned\n|rule|Evasion Clause: Evasion abilities, items, and moves are banned\n|rule|Evasion Abilities Clause: Evasion abilities are banned\n|rule|Evasion Items Clause: Evasion items are banned\n|rule|Evasion Moves Clause: Evasion moves are banned\n|rule|Species Clause: Limit one of each Pok\u00e9mon\n|rule|Sleep Clause Mod: Limit one foe put to sleep\n|clearpoke\n|poke|p1|Glimmora, F|\n|poke|p1|Garchomp, F|\n|poke|p1|Scizor, M|\n|poke|p1|Ogerpon-Wellspring, F|\n|poke|p1|Volcarona, M|\n|poke|p1|Iron Valiant|\n|poke|p2|Rillaboom, F|\n|poke|p2|Heatran, F|\n|poke|p2|Urshifu-*, M|\n|poke|p2|Slowking-Galar, F|\n|poke|p2|Thundurus-Therian, M|\n|poke|p2|Weezing-Galar, F|\n|teampreview\n|inactive|Battle timer is ON: inactive players will automatically lose when time's up. (requested by 12w3e4)\n|\n|t:|1700375834\n|start\n|switch|p1a: Glimmora|Glimmora, F|100\/100\n|switch|p2a: Thundurus|Thundurus-Therian, M|100\/100\n|turn|1\n|\n|t:|1700375846\n|move|p2a: Thundurus|Thunderbolt|p1a: Glimmora\n|-crit|p1a: Glimmora\n|-enditem|p1a: Glimmora|Focus Sash\n|-damage|p1a: Glimmora|1\/100\n|move|p1a: Glimmora|Stealth Rock|p2a: Thundurus\n|-sidestart|p2: xiaoqing three|move: Stealth Rock\n|\n|upkeep\n|turn|2\n|\n|t:|1700375850\n|move|p2a: Thundurus|Thunderbolt|p1a: Glimmora\n|-damage|p1a: Glimmora|0 fnt\n|faint|p1a: Glimmora\n|\n|upkeep\n|\n|t:|1700375855\n|switch|p1a: Garchomp|Garchomp, F|100\/100\n|turn|3\n|\n|t:|1700375877\n|switch|p2a: Heatran|Heatran, F|100\/100\n|-damage|p2a: Heatran|88\/100|[from] Stealth Rock\n|move|p1a: Garchomp|Swords Dance|p1a: Garchomp\n|-boost|p1a: Garchomp|atk|2\n|\n|-heal|p2a: Heatran|94\/100|[from] item: Leftovers\n|upkeep\n|turn|4\n|\n|t:|1700375888\n|switch|p2a: Thundurus|Thundurus-Therian, M|100\/100\n|-damage|p2a: Thundurus|76\/100|[from] Stealth Rock\n|move|p1a: Garchomp|Scale Shot|p2a: Thundurus\n|-damage|p2a: Thundurus|32\/100\n|-damage|p2a: Thundurus|0 fnt\n|faint|p2a: Thundurus\n|-hitcount|p2: Thundurus|2\n|-unboost|p1a: Garchomp|def|1\n|-boost|p1a: Garchomp|spe|1\n|\n|upkeep\n|\n|t:|1700375897\n|switch|p2a: Rillaboom|Rillaboom, F|100\/100\n|-damage|p2a: Rillaboom|88\/100|[from] Stealth Rock\n|-fieldstart|move: Grassy Terrain|[from] ability: Grassy Surge|[of] p2a: Rillaboom\n|turn|5\n|\n|t:|1700375905\n|-terastallize|p1a: Garchomp|Fire\n|-terastallize|p2a: Rillaboom|Grass\n|move|p2a: Rillaboom|Grassy Glide|p1a: Garchomp\n|-resisted|p1a: Garchomp\n|-damage|p1a: Garchomp|39\/100\n|-damage|p2a: Rillaboom|76\/100|[from] ability: Rough Skin|[of] p1a: Garchomp\n|move|p1a: Garchomp|Tera Blast|p2a: Rillaboom|[anim] Tera Blast Fire\n|-supereffective|p2a: Rillaboom\n|-crit|p2a: Rillaboom\n|-damage|p2a: Rillaboom|0 fnt\n|faint|p2a: Rillaboom\n|\n|-heal|p1a: Garchomp|45\/100|[from] Grassy Terrain\n|upkeep\n|-message|xiaoqing three forfeited.\n|\n|win|12w3e4\n|raw|12w3e4's rating: 1506 &rarr; <strong>1525<\/strong><br \/>(+19 for winning)\n|raw|xiaoqing three's rating: 1495 &rarr; <strong>1476<\/strong><br \/>(-19 for losing)\n|l|\u2606xiaoqing three\n","uploadtime":1700376046,"views":7,"p1id":"12w3e4","p2id":"xiaoqingthree","formatid":"gen9nationaldex","rating":1476,"private":0,"password":""}