{"id":"gen9nationaldex-1991209912","p1":"Xero Dracohart","p2":"kim886","format":"[Gen 9] National Dex","log":"|j|\u2606Xero Dracohart\n|j|\u2606kim886\n|t:|1700057446\n|gametype|singles\n|player|p1|Xero Dracohart|ingo|1170\n|player|p2|kim886|pokekid|1129\n|teamsize|p1|6\n|teamsize|p2|6\n|gen|9\n|tier|[Gen 9] National Dex\n|rated|\n|rule|HP Percentage Mod: HP is shown in percentages\n|rule|Endless Battle Clause: Forcing endless battles is banned\n|rule|OHKO Clause: OHKO moves are banned\n|rule|Evasion Clause: Evasion abilities, items, and moves are banned\n|rule|Evasion Abilities Clause: Evasion abilities are banned\n|rule|Evasion Items Clause: Evasion items are banned\n|rule|Evasion Moves Clause: Evasion moves are banned\n|rule|Species Clause: Limit one of each Pok\u00e9mon\n|rule|Sleep Clause Mod: Limit one foe put to sleep\n|clearpoke\n|poke|p1|Eevee, M|\n|poke|p1|Chesnaught, F|\n|poke|p1|Gallade, M|\n|poke|p1|Zeraora|\n|poke|p1|Cinderace, M|\n|poke|p1|Flygon, F|\n|poke|p2|Charizard, F|\n|poke|p2|Corviknight, M|\n|poke|p2|Heatran, F|\n|poke|p2|Mimikyu, M|\n|poke|p2|Dragonite, M|\n|poke|p2|Milotic, F|\n|teampreview\n|\n|t:|1700057454\n|start\n|switch|p1a: Chesnaught|Chesnaught, F|100\/100\n|switch|p2a: Heatran|Heatran, F|100\/100\n|turn|1\n|\n|t:|1700057464\n|-terastallize|p1a: Chesnaught|Fighting\n|move|p1a: Chesnaught|Bulk Up|p1a: Chesnaught\n|-boost|p1a: Chesnaught|atk|1\n|-boost|p1a: Chesnaught|def|1\n|move|p2a: Heatran|Magma Storm|p1a: Chesnaught|[miss]\n|-miss|p2a: Heatran|p1a: Chesnaught\n|\n|upkeep\n|turn|2\n|\n|t:|1700057474\n|switch|p2a: Mimikyu|Mimikyu, M|100\/100\n|move|p1a: Chesnaught|Drain Punch|p2a: Mimikyu\n|-immune|p2a: Mimikyu\n|\n|upkeep\n|turn|3\n|\n|t:|1700057482\n|move|p2a: Mimikyu|Swords Dance|p2a: Mimikyu\n|-boost|p2a: Mimikyu|atk|2\n|move|p1a: Chesnaught|Trailblaze|p2a: Mimikyu\n|-activate|p2a: Mimikyu|ability: Disguise\n|-damage|p2a: Mimikyu|100\/100\n|-boost|p1a: Chesnaught|spe|1\n|detailschange|p2a: Mimikyu|Mimikyu-Busted, M\n|-damage|p2a: Mimikyu|88\/100|[from] pokemon: Mimikyu-Busted\n|\n|upkeep\n|turn|4\n|\n|t:|1700057501\n|move|p1a: Chesnaught|Spiky Shield|p1a: Chesnaught\n|-singleturn|p1a: Chesnaught|move: Protect\n|-zpower|p2a: Mimikyu\n|move|p2a: Mimikyu|Let's Snuggle Forever|p1a: Chesnaught|[zeffect]\n|-supereffective|p1a: Chesnaught\n|-zbroken|p1a: Chesnaught\n|-damage|p1a: Chesnaught|60\/100\n|-damage|p2a: Mimikyu|76\/100|[from] Spiky Shield|[of] p1a: Chesnaught\n|\n|-heal|p1a: Chesnaught|66\/100|[from] item: Leftovers\n|upkeep\n|turn|5\n|inactive|Battle timer is ON: inactive players will automatically lose when time's up. (requested by Xero Dracohart)\n|\n|t:|1700057514\n|move|p1a: Chesnaught|Trailblaze|p2a: Mimikyu\n|-damage|p2a: Mimikyu|22\/100\n|-boost|p1a: Chesnaught|spe|1\n|move|p2a: Mimikyu|Play Rough|p1a: Chesnaught\n|-supereffective|p1a: Chesnaught\n|-damage|p1a: Chesnaught|0 fnt\n|faint|p1a: Chesnaught\n|\n|upkeep\n|\n|t:|1700057528\n|switch|p1a: Zeraora|Zeraora|100\/100\n|turn|6\n|\n|t:|1700057534\n|move|p2a: Mimikyu|Shadow Sneak|p1a: Zeraora\n|-damage|p1a: Zeraora|64\/100\n|move|p1a: Zeraora|Plasma Fists|p2a: Mimikyu\n|-damage|p2a: Mimikyu|0 fnt\n|-fieldactivate|move: Ion Deluge\n|-hint|Normal-type moves become Electric-type after using Plasma Fists.\n|faint|p2a: Mimikyu\n|\n|upkeep\n|\n|t:|1700057545\n|switch|p2a: Dragonite|Dragonite, M|100\/100\n|turn|7\n|\n|t:|1700057551\n|-terastallize|p2a: Dragonite|Normal\n|move|p2a: Dragonite|Extreme Speed|p1a: Zeraora\n|-damage|p1a: Zeraora|0 fnt\n|faint|p1a: Zeraora\n|-damage|p2a: Dragonite|91\/100|[from] item: Life Orb\n|\n|upkeep\n|\n|t:|1700057569\n|switch|p1a: Gallade|Gallade, M|100\/100\n|turn|8\n|\n|t:|1700057576\n|switch|p2a: Charizard|Charizard, F|100\/100\n|move|p1a: Gallade|Sacred Sword|p2a: Charizard\n|-resisted|p2a: Charizard\n|-damage|p2a: Charizard|51\/100\n|\n|upkeep\n|turn|9\n|\n|t:|1700057585\n|detailschange|p2a: Charizard|Charizard-Mega-Y, F\n|-mega|p2a: Charizard|Charizard|Charizardite Y\n|-weather|SunnyDay|[from] ability: Drought|[of] p2a: Charizard\n|move|p2a: Charizard|Air Slash|p1a: Gallade\n|-supereffective|p1a: Gallade\n|-damage|p1a: Gallade|7\/100\n|move|p1a: Gallade|Psycho Cut|p2a: Charizard\n|-crit|p2a: Charizard\n|-damage|p2a: Charizard|0 fnt\n|faint|p2a: Charizard\n|\n|-weather|SunnyDay|[upkeep]\n|upkeep\n|\n|t:|1700057597\n|switch|p2a: Dragonite|Dragonite, M, tera:Normal|91\/100\n|turn|10\n|\n|t:|1700057600\n|move|p2a: Dragonite|Extreme Speed|p1a: Gallade\n|-damage|p1a: Gallade|0 fnt\n|faint|p1a: Gallade\n|-damage|p2a: Dragonite|81\/100|[from] item: Life Orb\n|\n|-weather|SunnyDay|[upkeep]\n|upkeep\n|\n|t:|1700057604\n|switch|p1a: Cinderace|Cinderace, M|100\/100\n|turn|11\n|\n|t:|1700057609\n|move|p1a: Cinderace|High Jump Kick|p2a: Dragonite\n|-start|p1a: Cinderace|typechange|Fighting|[from] ability: Libero\n|-supereffective|p2a: Dragonite\n|-damage|p2a: Dragonite|0 fnt\n|faint|p2a: Dragonite\n|\n|-weather|SunnyDay|[upkeep]\n|upkeep\n|\n|t:|1700057617\n|switch|p2a: Corviknight|Corviknight, M|100\/100\n|-ability|p2a: Corviknight|Unnerve\n|turn|12\n|l|\u2606Xero Dracohart\n|inactive|Xero Dracohart disconnected and has a minute to reconnect!\n|player|p1|\n|j|\u2606Xero Dracohart\n|inactive|Xero Dracohart reconnected and has 115 seconds left.\n|player|p1|Xero Dracohart|ingo\n|\n|t:|1700057656\n|move|p1a: Cinderace|Pyro Ball|p2a: Corviknight\n|-supereffective|p2a: Corviknight\n|-damage|p2a: Corviknight|18\/100\n|move|p2a: Corviknight|Brave Bird|p1a: Cinderace\n|-supereffective|p1a: Cinderace\n|-enditem|p1a: Cinderace|Focus Sash\n|-damage|p1a: Cinderace|1\/100\n|-damage|p2a: Corviknight|0 fnt|[from] Recoil\n|faint|p2a: Corviknight\n|\n|-weather|SunnyDay|[upkeep]\n|upkeep\n|\n|t:|1700057666\n|switch|p2a: Milotic|Milotic, F, shiny|100\/100\n|turn|13\n|\n|t:|1700057672\n|switch|p1a: Flygon|Flygon, F|100\/100\n|move|p2a: Milotic|Scald|p1a: Flygon\n|-damage|p1a: Flygon|82\/100\n|-status|p1a: Flygon|brn\n|\n|-weather|none\n|-damage|p1a: Flygon|76\/100 brn|[from] brn\n|-status|p2a: Milotic|brn|[from] item: Flame Orb\n|upkeep\n|turn|14\n|\n|t:|1700057683\n|move|p1a: Flygon|Dragon Dance|p1a: Flygon\n|-boost|p1a: Flygon|atk|1\n|-boost|p1a: Flygon|spe|1\n|move|p2a: Milotic|Ice Beam|p1a: Flygon\n|-supereffective|p1a: Flygon\n|-damage|p1a: Flygon|0 fnt\n|faint|p1a: Flygon\n|\n|-damage|p2a: Milotic|94\/100 brn|[from] brn\n|upkeep\n|\n|t:|1700057686\n|switch|p1a: Eevee|Eevee, M|100\/100\n|turn|15\n|\n|t:|1700057696\n|move|p2a: Milotic|Scald|p1a: Eevee\n|-damage|p1a: Eevee|45\/100\n|-zpower|p1a: Eevee\n|move|p1a: Eevee|Extreme Evoboost|p1a: Eevee\n|-boost|p1a: Eevee|atk|2\n|-boost|p1a: Eevee|def|2\n|-boost|p1a: Eevee|spa|2\n|-boost|p1a: Eevee|spd|2\n|-boost|p1a: Eevee|spe|2\n|\n|-damage|p2a: Milotic|88\/100 brn|[from] brn\n|upkeep\n|turn|16\n|\n|t:|1700057708\n|move|p1a: Eevee|Stored Power|p2a: Milotic\n|-crit|p2a: Milotic\n|-damage|p2a: Milotic|21\/100 brn\n|move|p2a: Milotic|Haze|p2a: Milotic\n|-clearallboost\n|\n|-damage|p2a: Milotic|15\/100 brn|[from] brn\n|upkeep\n|turn|17\n|\n|t:|1700057718\n|move|p2a: Milotic|Scald|p1a: Eevee\n|-damage|p1a: Eevee|0 fnt\n|faint|p1a: Eevee\n|\n|-damage|p2a: Milotic|9\/100 brn|[from] brn\n|upkeep\n|\n|t:|1700057720\n|switch|p1a: Cinderace|Cinderace, M|1\/100\n|turn|18\n|\n|t:|1700057729\n|move|p1a: Cinderace|High Jump Kick|p2a: Milotic|[miss]\n|-start|p1a: Cinderace|typechange|Fighting|[from] ability: Libero\n|-miss|p1a: Cinderace|p2a: Milotic\n|-damage|p1a: Cinderace|0 fnt|[from] highjumpkick\n|faint|p1a: Cinderace\n|\n|win|kim886\n|raw|Xero Dracohart's rating: 1170 &rarr; <strong>1142<\/strong><br \/>(-28 for losing)\n|raw|kim886's rating: 1129 &rarr; <strong>1157<\/strong><br \/>(+28 for winning)\n|c|\u2606Xero Dracohart|Onl\n|c|\u2606Xero Dracohart|Oml\n|c|\u2606Xero Dracohart|Ggs\n|c|\u2606Xero Dracohart|Damn rng\n","uploadtime":1700057750,"views":3,"p1id":"xerodracohart","p2id":"kim886","formatid":"gen9nationaldex","rating":1142,"private":0,"password":""}