{"id":"gen9nationaldex-1994514055","p1":"goushijituan1","p2":"sowa_limez","format":"[Gen 9] National Dex","log":"|j|\u2606goushijituan1\n|j|\u2606sowa_limez\n|t:|1700453030\n|gametype|singles\n|player|p1|goushijituan1|hiker-gen4|1050\n|player|p2|sowa_limez|blue-gen1champion|1000\n|teamsize|p1|6\n|teamsize|p2|6\n|gen|9\n|tier|[Gen 9] National Dex\n|rated|\n|rule|HP Percentage Mod: HP is shown in percentages\n|rule|Endless Battle Clause: Forcing endless battles is banned\n|rule|OHKO Clause: OHKO moves are banned\n|rule|Evasion Clause: Evasion abilities, items, and moves are banned\n|rule|Evasion Abilities Clause: Evasion abilities are banned\n|rule|Evasion Items Clause: Evasion items are banned\n|rule|Evasion Moves Clause: Evasion moves are banned\n|rule|Species Clause: Limit one of each Pok\u00e9mon\n|rule|Sleep Clause Mod: Limit one foe put to sleep\n|clearpoke\n|poke|p1|Alomomola, M|\n|poke|p1|Sableye, F|\n|poke|p1|Skeledirge, F|\n|poke|p1|Gliscor, M|\n|poke|p1|Clodsire, F|\n|poke|p1|Blissey, F|\n|poke|p2|Tornadus-Therian, M|\n|poke|p2|Ogerpon, F|\n|poke|p2|Espeon, M|\n|poke|p2|Fearow, F|\n|poke|p2|Ferrothorn, M|\n|poke|p2|Torkoal, M|\n|teampreview\n|\n|t:|1700453038\n|start\n|switch|p1a: Sableye|Sableye, F|100\/100\n|switch|p2a: Torkoal|Torkoal, M|100\/100\n|-weather|SunnyDay|[from] ability: Drought|[of] p2a: Torkoal\n|turn|1\n|inactive|Battle timer is ON: inactive players will automatically lose when time's up. (requested by goushijituan1)\n|\n|t:|1700453042\n|detailschange|p1a: Sableye|Sableye-Mega, F\n|-mega|p1a: Sableye|Sableye|Sablenite\n|move|p2a: Torkoal|Protect|p2a: Torkoal\n|-singleturn|p2a: Torkoal|Protect\n|move|p1a: Sableye|Knock Off|p2a: Torkoal\n|-activate|p2a: Torkoal|move: Protect\n|\n|-weather|SunnyDay|[upkeep]\n|upkeep\n|turn|2\n|\n|t:|1700453051\n|switch|p2a: Ferrothorn|Ferrothorn, M, shiny|100\/100\n|move|p1a: Sableye|Knock Off|p2a: Ferrothorn\n|-damage|p2a: Ferrothorn|78\/100\n|-damage|p1a: Sableye|88\/100|[from] ability: Iron Barbs|[of] p2a: Ferrothorn\n|-damage|p1a: Sableye|72\/100|[from] item: Rocky Helmet|[of] p2a: Ferrothorn\n|-enditem|p2a: Ferrothorn|Rocky Helmet|[from] move: Knock Off|[of] p1a: Sableye\n|\n|-weather|SunnyDay|[upkeep]\n|upkeep\n|turn|3\n|\n|t:|1700453055\n|move|p1a: Sableye|Will-O-Wisp|p2a: Ferrothorn\n|-status|p2a: Ferrothorn|brn\n|move|p2a: Ferrothorn|Curse|p2a: Ferrothorn\n|-unboost|p2a: Ferrothorn|spe|1\n|-boost|p2a: Ferrothorn|atk|1\n|-boost|p2a: Ferrothorn|def|1\n|\n|-weather|SunnyDay|[upkeep]\n|-damage|p2a: Ferrothorn|72\/100 brn|[from] brn\n|upkeep\n|turn|4\n|\n|t:|1700453059\n|move|p1a: Sableye|Recover|p1a: Sableye\n|-heal|p1a: Sableye|100\/100\n|move|p2a: Ferrothorn|Curse|p2a: Ferrothorn\n|-unboost|p2a: Ferrothorn|spe|1\n|-boost|p2a: Ferrothorn|atk|1\n|-boost|p2a: Ferrothorn|def|1\n|\n|-weather|SunnyDay|[upkeep]\n|-damage|p2a: Ferrothorn|65\/100 brn|[from] brn\n|upkeep\n|turn|5\n|\n|t:|1700453067\n|switch|p1a: Skeledirge|Skeledirge, F|100\/100\n|move|p2a: Ferrothorn|Curse|p2a: Ferrothorn\n|-unboost|p2a: Ferrothorn|spe|1\n|-boost|p2a: Ferrothorn|atk|1\n|-boost|p2a: Ferrothorn|def|1\n|\n|-weather|none\n|-damage|p2a: Ferrothorn|59\/100 brn|[from] brn\n|upkeep\n|turn|6\n|\n|t:|1700453071\n|move|p1a: Skeledirge|Torch Song|p2a: Ferrothorn\n|-supereffective|p2a: Ferrothorn\n|-damage|p2a: Ferrothorn|0 fnt\n|-boost|p1a: Skeledirge|spa|1\n|faint|p2a: Ferrothorn\n|\n|upkeep\n|\n|t:|1700453073\n|switch|p2a: Torkoal|Torkoal, M|100\/100\n|-weather|SunnyDay|[from] ability: Drought|[of] p2a: Torkoal\n|turn|7\n|\n|t:|1700453079\n|move|p1a: Skeledirge|Torch Song|p2a: Torkoal\n|-resisted|p2a: Torkoal\n|-damage|p2a: Torkoal|62\/100\n|-boost|p1a: Skeledirge|spa|1\n|move|p2a: Torkoal|Shell Smash|p2a: Torkoal\n|-unboost|p2a: Torkoal|def|1\n|-unboost|p2a: Torkoal|spd|1\n|-boost|p2a: Torkoal|atk|2\n|-boost|p2a: Torkoal|spa|2\n|-boost|p2a: Torkoal|spe|2\n|-enditem|p2a: Torkoal|Eject Pack\n|\n|t:|1700453081\n|switch|p2a: Espeon|Espeon, M|100\/100\n|\n|-weather|SunnyDay|[upkeep]\n|upkeep\n|turn|8\n|\n|t:|1700453102\n|switch|p1a: Blissey|Blissey, F|100\/100\n|move|p2a: Espeon|Copycat|p2a: Espeon\n|move|p2a: Espeon|Shell Smash|p2a: Espeon|[from]move: Copycat\n|-unboost|p2a: Espeon|def|1\n|-unboost|p2a: Espeon|spd|1\n|-boost|p2a: Espeon|atk|2\n|-boost|p2a: Espeon|spa|2\n|-boost|p2a: Espeon|spe|2\n|\n|-weather|SunnyDay|[upkeep]\n|upkeep\n|turn|9\n|j| GGwebas\n|\n|t:|1700453116\n|-terastallize|p2a: Espeon|Psychic\n|move|p2a: Espeon|Stored Power|p1a: Blissey\n|-damage|p1a: Blissey|28\/100\n|move|p1a: Blissey|Soft-Boiled|p1a: Blissey\n|-heal|p1a: Blissey|78\/100\n|\n|-weather|SunnyDay|[upkeep]\n|-heal|p1a: Blissey|84\/100|[from] item: Leftovers\n|upkeep\n|turn|10\n|l| GGwebas\n|\n|t:|1700453124\n|switch|p1a: Sableye|Sableye-Mega, F|100\/100\n|move|p2a: Espeon|Stored Power|p1a: Sableye\n|-immune|p1a: Sableye\n|\n|-weather|SunnyDay|[upkeep]\n|upkeep\n|turn|11\n|\n|t:|1700453129\n|move|p1a: Sableye|Protect|p1a: Sableye\n|-singleturn|p1a: Sableye|Protect\n|move|p2a: Espeon|Draining Kiss|p1a: Sableye\n|-activate|p1a: Sableye|move: Protect\n|\n|-weather|none\n|upkeep\n|turn|12\n|\n|t:|1700453137\n|switch|p1a: Clodsire|Clodsire, F|100\/100\n|move|p2a: Espeon|Draining Kiss|p1a: Clodsire\n|-resisted|p1a: Clodsire\n|-damage|p1a: Clodsire|95\/100\n|\n|-heal|p1a: Clodsire|100\/100|[from] item: Leftovers\n|upkeep\n|turn|13\n|\n|t:|1700453146\n|-terastallize|p1a: Clodsire|Ghost\n|move|p2a: Espeon|Stored Power|p1a: Clodsire\n|-crit|p1a: Clodsire\n|-damage|p1a: Clodsire|22\/100\n|move|p1a: Clodsire|Earthquake|p2a: Espeon\n|-damage|p2a: Espeon|49\/100\n|\n|-heal|p1a: Clodsire|29\/100|[from] item: Leftovers\n|upkeep\n|turn|14\n|\n|t:|1700453165\n|move|p2a: Espeon|Stored Power|p1a: Clodsire\n|-damage|p1a: Clodsire|0 fnt\n|faint|p1a: Clodsire\n|\n|upkeep\n|\n|t:|1700453168\n|switch|p1a: Skeledirge|Skeledirge, F|100\/100\n|turn|15\n|\n|t:|1700453170\n|move|p2a: Espeon|Stored Power|p1a: Skeledirge\n|-damage|p1a: Skeledirge|0 fnt\n|faint|p1a: Skeledirge\n|\n|upkeep\n|\n|t:|1700453175\n|switch|p1a: Sableye|Sableye-Mega, F|100\/100\n|turn|16\n|\n|t:|1700453177\n|move|p2a: Espeon|Draining Kiss|p1a: Sableye\n|-supereffective|p1a: Sableye\n|-crit|p1a: Sableye\n|-damage|p1a: Sableye|0 fnt\n|-heal|p2a: Espeon|100\/100|[from] drain|[of] p1a: Sableye\n|faint|p1a: Sableye\n|\n|upkeep\n|-message|goushijituan1 forfeited.\n|\n|win|sowa_limez\n|raw|goushijituan1's rating: 1050 &rarr; <strong>1030<\/strong><br \/>(-20 for losing)\n|raw|sowa_limez's rating: 1000 &rarr; <strong>1046<\/strong><br \/>(+46 for winning)\n|l|\u2606goushijituan1\n|c|\u2606sowa_limez|Ong espeon is the best stallbreaker in national dex\n","uploadtime":1700453217,"views":4,"p1id":"goushijituan1","p2id":"sowalimez","formatid":"gen9nationaldex","rating":1030,"private":0,"password":""}