{"id":"gen9nationaldex-1988733698","p1":"leon lp","p2":"Aedfyh","format":"[Gen 9] National Dex","log":"|j|\u2606leon lp\n|j|\u2606Aedfyh\n|t:|1699756288\n|gametype|singles\n|player|p1|leon lp|2|1225\n|player|p2|Aedfyh|101|1322\n|teamsize|p1|6\n|teamsize|p2|6\n|gen|9\n|tier|[Gen 9] National Dex\n|rated|\n|rule|HP Percentage Mod: HP is shown in percentages\n|rule|Endless Battle Clause: Forcing endless battles is banned\n|rule|OHKO Clause: OHKO moves are banned\n|rule|Evasion Clause: Evasion abilities, items, and moves are banned\n|rule|Evasion Abilities Clause: Evasion abilities are banned\n|rule|Evasion Items Clause: Evasion items are banned\n|rule|Evasion Moves Clause: Evasion moves are banned\n|rule|Species Clause: Limit one of each Pok\u00e9mon\n|rule|Sleep Clause Mod: Limit one foe put to sleep\n|clearpoke\n|poke|p1|Maushold-Four|\n|poke|p1|Cinccino, M|\n|poke|p1|Zoroark-Hisui, F|\n|poke|p1|Swellow, M|\n|poke|p1|Lopunny, F|\n|poke|p1|Meloetta|\n|poke|p2|Kommo-o, M|\n|poke|p2|Great Tusk|\n|poke|p2|Bisharp, M|\n|poke|p2|Ting-Lu|\n|poke|p2|Toxapex, M|\n|poke|p2|Hawlucha, F|\n|teampreview\n|c|\u2606leon lp|NOOOOOOOO\n|c|\u2606leon lp|wrong team\n|\n|t:|1699756320\n|start\n|switch|p1a: Swellow|Swellow, M|100\/100\n|switch|p2a: Ting-Lu|Ting-Lu|100\/100\n|-ability|p2a: Ting-Lu|Vessel of Ruin\n|turn|1\n|\n|t:|1699756330\n|move|p1a: Swellow|Boomburst|p2a: Ting-Lu\n|-damage|p2a: Ting-Lu|76\/100\n|-enditem|p1a: Swellow|Throat Spray\n|-boost|p1a: Swellow|spa|1|[from] item: Throat Spray\n|move|p2a: Ting-Lu|Stealth Rock|p1a: Swellow\n|-sidestart|p1: leon lp|move: Stealth Rock\n|\n|-heal|p2a: Ting-Lu|82\/100|[from] item: Leftovers\n|upkeep\n|turn|2\n|\n|t:|1699756342\n|move|p1a: Swellow|Hurricane|p2a: Ting-Lu|[miss]\n|-miss|p1a: Swellow|p2a: Ting-Lu\n|move|p2a: Ting-Lu|Heavy Slam|p1a: Swellow\n|-damage|p1a: Swellow|46\/100\n|\n|-heal|p2a: Ting-Lu|88\/100|[from] item: Leftovers\n|upkeep\n|turn|3\n|\n|t:|1699756353\n|move|p2a: Ting-Lu|Protect|p2a: Ting-Lu\n|-singleturn|p2a: Ting-Lu|Protect\n|move|p1a: Swellow|Defog|p2a: Ting-Lu\n|-activate|p2a: Ting-Lu|move: Protect\n|\n|-heal|p2a: Ting-Lu|95\/100|[from] item: Leftovers\n|upkeep\n|turn|4\n|\n|t:|1699756362\n|switch|p2a: Bisharp|Bisharp, M|100\/100\n|move|p1a: Swellow|Hurricane|p2a: Bisharp\n|-resisted|p2a: Bisharp\n|-damage|p2a: Bisharp|74\/100\n|\n|upkeep\n|turn|5\n|\n|t:|1699756374\n|switch|p1a: Lopunny|Lopunny, F|100\/100\n|-damage|p1a: Lopunny|88\/100|[from] Stealth Rock\n|move|p2a: Bisharp|Swords Dance|p2a: Bisharp\n|-boost|p2a: Bisharp|atk|2\n|\n|upkeep\n|turn|6\n|\n|t:|1699756396\n|move|p1a: Lopunny|Flamethrower|p2a: Bisharp\n|-supereffective|p2a: Bisharp\n|-damage|p2a: Bisharp|11\/100\n|-damage|p1a: Lopunny|78\/100|[from] item: Life Orb\n|move|p2a: Bisharp|Brick Break|p1a: Lopunny\n|-immune|p1a: Lopunny\n|\n|upkeep\n|turn|7\n|\n|t:|1699756407\n|move|p2a: Bisharp|Sucker Punch||[still]\n|-fail|p2a: Bisharp\n|move|p1a: Lopunny|Nasty Plot|p1a: Lopunny\n|-boost|p1a: Lopunny|spa|2\n|\n|upkeep\n|turn|8\n|\n|t:|1699756413\n|move|p2a: Bisharp|Sucker Punch||[still]\n|-fail|p2a: Bisharp\n|move|p1a: Lopunny|Nasty Plot|p1a: Lopunny\n|-boost|p1a: Lopunny|spa|2\n|\n|upkeep\n|turn|9\n|\n|t:|1699756419\n|move|p1a: Lopunny|Flamethrower|p2a: Bisharp\n|-supereffective|p2a: Bisharp\n|-damage|p2a: Bisharp|0 fnt\n|faint|p2a: Bisharp\n|-damage|p1a: Lopunny|68\/100|[from] item: Life Orb\n|\n|upkeep\n|\n|t:|1699756441\n|switch|p2a: Kommo-o|Kommo-o, M|100\/100\n|turn|10\n|\n|t:|1699756446\n|move|p1a: Lopunny|Bitter Malice|p2a: Kommo-o\n|-damage|p2a: Kommo-o|0 fnt\n|faint|p2a: Kommo-o\n|-damage|p1a: Lopunny|58\/100|[from] item: Life Orb\n|\n|upkeep\n|\n|t:|1699756455\n|switch|p2a: Toxapex|Toxapex, M|100\/100\n|turn|11\n|\n|t:|1699756463\n|-terastallize|p1a: Lopunny|Normal\n|move|p1a: Lopunny|Hyper Voice|p2a: Toxapex\n|-damage|p2a: Toxapex|0 fnt\n|faint|p2a: Toxapex\n|-damage|p1a: Lopunny|48\/100|[from] item: Life Orb\n|\n|upkeep\n|-message|Aedfyh forfeited.\n|\n|win|leon lp\n|raw|leon lp's rating: 1225 &rarr; <strong>1256<\/strong><br \/>(+31 for winning)\n|raw|Aedfyh's rating: 1305 &rarr; <strong>1280<\/strong><br \/>(-25 for losing)\n|l|\u2606Aedfyh\n","uploadtime":1699756480,"views":7,"p1id":"leonlp","p2id":"aedfyh","formatid":"gen9nationaldex","rating":1256,"private":0,"password":""}