{"id":"gen9nationaldex-1996534396","p1":"SrPorquet","p2":"austinsemple","format":"[Gen 9] National Dex","log":"|html|<div class=\"broadcast-blue\"><strong>[Gen 9] National Dex is currently suspecting Sneasler! For information on how to participate check out the <a href=\"https:\/\/www.smogon.com\/forums\/threads\/sv-national-dex-suspect-8-just-dance.3731534\/\">suspect thread<\/a>.<\/strong><\/div>\n|j|\u203dSrPorquet\n|j|\u2606austinsemple\n|t:|1700691556\n|gametype|singles\n|player|p1|SrPorquet|falkner|1353\n|player|p2|austinsemple|blackbelt-gen4dp|1252\n|teamsize|p1|6\n|teamsize|p2|6\n|gen|9\n|tier|[Gen 9] National Dex\n|rated|\n|rule|HP Percentage Mod: HP is shown in percentages\n|rule|Endless Battle Clause: Forcing endless battles is banned\n|rule|OHKO Clause: OHKO moves are banned\n|rule|Evasion Clause: Evasion abilities, items, and moves are banned\n|rule|Evasion Abilities Clause: Evasion abilities are banned\n|rule|Evasion Items Clause: Evasion items are banned\n|rule|Evasion Moves Clause: Evasion moves are banned\n|rule|Species Clause: Limit one of each Pok\u00e9mon\n|rule|Sleep Clause Mod: Limit one foe put to sleep\n|clearpoke\n|poke|p1|Pidgeot, M|\n|poke|p1|Magmortar, M|\n|poke|p1|Raichu, F|\n|poke|p1|Clefable, M|\n|poke|p1|Vileplume, M|\n|poke|p1|Politoed, M|\n|poke|p2|Garganacl, F|\n|poke|p2|Cradily, F|\n|poke|p2|Tyranitar, M|\n|poke|p2|Glimmora, M|\n|poke|p2|Terrakion|\n|poke|p2|Diancie|\n|teampreview\n|inactive|Battle timer is ON: inactive players will automatically lose when time's up. (requested by austinsemple)\n|\n|t:|1700691586\n|start\n|switch|p1a: Raichu|Raichu, F|100\/100\n|switch|p2a: Tyranitar|Tyranitar, M|100\/100\n|-weather|Sandstorm|[from] ability: Sand Stream|[of] p2a: Tyranitar\n|turn|1\n|\n|t:|1700691590\n|move|p1a: Raichu|Nuzzle|p2a: Tyranitar\n|-damage|p2a: Tyranitar|93\/100\n|-status|p2a: Tyranitar|par\n|-damage|p1a: Raichu|91\/100|[from] item: Life Orb\n|move|p2a: Tyranitar|Stealth Rock|p1a: Raichu\n|-sidestart|p1: SrPorquet|move: Stealth Rock\n|\n|-weather|Sandstorm|[upkeep]\n|-damage|p1a: Raichu|84\/100|[from] Sandstorm\n|upkeep\n|turn|2\n|\n|t:|1700691596\n|switch|p1a: Vileplume|Vileplume, M|100\/100\n|-damage|p1a: Vileplume|88\/100|[from] Stealth Rock\n|switch|p2a: Glimmora|Glimmora, M|100\/100\n|\n|-weather|Sandstorm|[upkeep]\n|-damage|p1a: Vileplume|82\/100|[from] Sandstorm\n|-heal|p1a: Vileplume|88\/100|[from] item: Leftovers\n|upkeep\n|turn|3\n|\n|t:|1700691603\n|switch|p2a: Diancie|Diancie|100\/100\n|move|p1a: Vileplume|Giga Drain|p2a: Diancie\n|-supereffective|p2a: Diancie\n|-crit|p2a: Diancie\n|-damage|p2a: Diancie|33\/100\n|-heal|p1a: Vileplume|100\/100|[from] drain|[of] p2a: Diancie\n|\n|-weather|Sandstorm|[upkeep]\n|-damage|p1a: Vileplume|94\/100|[from] Sandstorm\n|-heal|p1a: Vileplume|100\/100|[from] item: Leftovers\n|upkeep\n|turn|4\n|\n|t:|1700691607\n|detailschange|p2a: Diancie|Diancie-Mega\n|-mega|p2a: Diancie|Diancie|Diancite\n|move|p2a: Diancie|Diamond Storm|p1a: Vileplume\n|-damage|p1a: Vileplume|41\/100\n|-boost|p2a: Diancie|def|2\n|move|p1a: Vileplume|Giga Drain|p2a: Diancie\n|-supereffective|p2a: Diancie\n|-damage|p2a: Diancie|0 fnt\n|-heal|p1a: Vileplume|53\/100|[from] drain|[of] p2a: Diancie\n|faint|p2a: Diancie\n|\n|-weather|Sandstorm|[upkeep]\n|-damage|p1a: Vileplume|47\/100|[from] Sandstorm\n|-heal|p1a: Vileplume|53\/100|[from] item: Leftovers\n|upkeep\n|\n|t:|1700691609\n|switch|p2a: Garganacl|Garganacl, F|100\/100\n|turn|5\n|\n|t:|1700691613\n|move|p1a: Vileplume|Giga Drain|p2a: Garganacl\n|-supereffective|p2a: Garganacl\n|-damage|p2a: Garganacl|70\/100\n|-heal|p1a: Vileplume|72\/100|[from] drain|[of] p2a: Garganacl\n|move|p2a: Garganacl|Iron Defense|p2a: Garganacl\n|-boost|p2a: Garganacl|def|2\n|\n|-weather|Sandstorm|[upkeep]\n|-damage|p1a: Vileplume|66\/100|[from] Sandstorm\n|-heal|p1a: Vileplume|72\/100|[from] item: Leftovers\n|-heal|p2a: Garganacl|76\/100|[from] item: Leftovers\n|upkeep\n|turn|6\n|\n|t:|1700691618\n|move|p1a: Vileplume|Giga Drain|p2a: Garganacl\n|-supereffective|p2a: Garganacl\n|-damage|p2a: Garganacl|48\/100\n|-heal|p1a: Vileplume|90\/100|[from] drain|[of] p2a: Garganacl\n|move|p2a: Garganacl|Iron Defense|p2a: Garganacl\n|-boost|p2a: Garganacl|def|2\n|\n|-weather|Sandstorm|[upkeep]\n|-damage|p1a: Vileplume|83\/100|[from] Sandstorm\n|-heal|p1a: Vileplume|90\/100|[from] item: Leftovers\n|-heal|p2a: Garganacl|54\/100|[from] item: Leftovers\n|upkeep\n|turn|7\n|\n|t:|1700691622\n|-terastallize|p2a: Garganacl|Ghost\n|move|p1a: Vileplume|Giga Drain|p2a: Garganacl\n|-damage|p2a: Garganacl|29\/100\n|-heal|p1a: Vileplume|100\/100|[from] drain|[of] p2a: Garganacl\n|move|p2a: Garganacl|Salt Cure|p1a: Vileplume\n|-damage|p1a: Vileplume|85\/100\n|-start|p1a: Vileplume|Salt Cure\n|\n|-weather|Sandstorm|[upkeep]\n|-damage|p1a: Vileplume|79\/100|[from] Sandstorm\n|-damage|p2a: Garganacl|23\/100|[from] Sandstorm\n|-heal|p1a: Vileplume|85\/100|[from] item: Leftovers\n|-heal|p2a: Garganacl|29\/100|[from] item: Leftovers\n|-damage|p1a: Vileplume|72\/100|[from] Salt Cure\n|upkeep\n|turn|8\n|\n|t:|1700691626\n|switch|p1a: Clefable|Clefable, M|100\/100\n|move|p2a: Garganacl|Recover|p2a: Garganacl\n|-heal|p2a: Garganacl|79\/100\n|\n|-weather|none\n|-heal|p2a: Garganacl|86\/100|[from] item: Leftovers\n|upkeep\n|turn|9\n|\n|t:|1700691632\n|move|p1a: Clefable|Calm Mind|p1a: Clefable\n|-boost|p1a: Clefable|spa|1\n|-boost|p1a: Clefable|spd|1\n|move|p2a: Garganacl|Salt Cure|p1a: Clefable\n|-damage|p1a: Clefable|88\/100\n|-start|p1a: Clefable|Salt Cure\n|\n|-heal|p2a: Garganacl|92\/100|[from] item: Leftovers\n|upkeep\n|turn|10\n|\n|t:|1700691637\n|move|p1a: Clefable|Moonblast|p2a: Garganacl\n|-damage|p2a: Garganacl|49\/100\n|move|p2a: Garganacl|Body Press|p1a: Clefable\n|-resisted|p1a: Clefable\n|-damage|p1a: Clefable|58\/100\n|\n|-heal|p2a: Garganacl|55\/100|[from] item: Leftovers\n|upkeep\n|turn|11\n|\n|t:|1700691641\n|switch|p2a: Glimmora|Glimmora, M|100\/100\n|move|p1a: Clefable|Soft-Boiled|p1a: Clefable\n|-heal|p1a: Clefable|100\/100\n|\n|upkeep\n|turn|12\n|\n|t:|1700691648\n|switch|p1a: Magmortar|Magmortar, M|100\/100\n|-damage|p1a: Magmortar|76\/100|[from] Stealth Rock\n|move|p2a: Glimmora|Sludge Wave|p1a: Magmortar\n|-damage|p1a: Magmortar|12\/100\n|-enditem|p1a: Magmortar|Aguav Berry|[eat]\n|-heal|p1a: Magmortar|45\/100|[from] item: Aguav Berry\n|\n|upkeep\n|turn|13\n|\n|t:|1700691652\n|move|p2a: Glimmora|Sludge Wave|p1a: Magmortar\n|-damage|p1a: Magmortar|0 fnt\n|faint|p1a: Magmortar\n|\n|upkeep\n|\n|t:|1700691661\n|switch|p1a: Politoed|Politoed, M|100\/100\n|-damage|p1a: Politoed|88\/100|[from] Stealth Rock\n|turn|14\n|\n|t:|1700691666\n|switch|p2a: Cradily|Cradily, F|100\/100\n|move|p1a: Politoed|Earth Power|p2a: Cradily\n|-damage|p2a: Cradily|81\/100\n|\n|-heal|p1a: Politoed|94\/100|[from] item: Leftovers\n|-heal|p2a: Cradily|87\/100|[from] item: Leftovers\n|upkeep\n|turn|15\n|\n|t:|1700691672\n|switch|p1a: Vileplume|Vileplume, M|72\/100\n|-damage|p1a: Vileplume|60\/100|[from] Stealth Rock\n|move|p2a: Cradily|Toxic|p1a: Vileplume\n|-immune|p1a: Vileplume\n|\n|-heal|p1a: Vileplume|66\/100|[from] item: Leftovers\n|-heal|p2a: Cradily|94\/100|[from] item: Leftovers\n|upkeep\n|turn|16\n|\n|t:|1700691677\n|switch|p2a: Garganacl|Garganacl, F, tera:Ghost|55\/100\n|move|p1a: Vileplume|Toxic|p2a: Garganacl\n|-immune|p2a: Garganacl|[from] ability: Purifying Salt\n|\n|-heal|p1a: Vileplume|72\/100|[from] item: Leftovers\n|-heal|p2a: Garganacl|61\/100|[from] item: Leftovers\n|upkeep\n|turn|17\n|\n|t:|1700691680\n|switch|p1a: Clefable|Clefable, M|100\/100\n|move|p2a: Garganacl|Salt Cure|p1a: Clefable\n|-damage|p1a: Clefable|88\/100\n|-start|p1a: Clefable|Salt Cure\n|\n|-heal|p2a: Garganacl|67\/100|[from] item: Leftovers\n|upkeep\n|turn|18\n|\n|t:|1700691683\n|move|p1a: Clefable|Moonblast|p2a: Garganacl\n|-damage|p2a: Garganacl|37\/100\n|move|p2a: Garganacl|Recover|p2a: Garganacl\n|-heal|p2a: Garganacl|87\/100\n|\n|-heal|p2a: Garganacl|93\/100|[from] item: Leftovers\n|upkeep\n|turn|19\n|\n|t:|1700691687\n|switch|p2a: Glimmora|Glimmora, M|100\/100\n|move|p1a: Clefable|Calm Mind|p1a: Clefable\n|-boost|p1a: Clefable|spa|1\n|-boost|p1a: Clefable|spd|1\n|\n|upkeep\n|turn|20\n|\n|t:|1700691694\n|switch|p1a: Politoed|Politoed, M|94\/100\n|-damage|p1a: Politoed|82\/100|[from] Stealth Rock\n|move|p2a: Glimmora|Sludge Wave|p1a: Politoed\n|-damage|p1a: Politoed|29\/100\n|\n|-heal|p1a: Politoed|35\/100|[from] item: Leftovers\n|upkeep\n|turn|21\n|\n|t:|1700691698\n|-terastallize|p1a: Politoed|Ground\n|move|p2a: Glimmora|Sludge Wave|p1a: Politoed\n|-resisted|p1a: Politoed\n|-damage|p1a: Politoed|8\/100\n|move|p1a: Politoed|Earth Power|p2a: Glimmora\n|-supereffective|p2a: Glimmora\n|-damage|p2a: Glimmora|0 fnt\n|faint|p2a: Glimmora\n|\n|-heal|p1a: Politoed|14\/100|[from] item: Leftovers\n|upkeep\n|\n|t:|1700691711\n|switch|p2a: Tyranitar|Tyranitar, M|93\/100 par\n|-weather|Sandstorm|[from] ability: Sand Stream|[of] p2a: Tyranitar\n|turn|22\n|\n|t:|1700691714\n|move|p1a: Politoed|Earth Power|p2a: Tyranitar\n|-supereffective|p2a: Tyranitar\n|-damage|p2a: Tyranitar|64\/100 par\n|cant|p2a: Tyranitar|par\n|\n|-weather|Sandstorm|[upkeep]\n|-heal|p1a: Politoed|20\/100|[from] item: Leftovers\n|upkeep\n|turn|23\n|\n|t:|1700691718\n|move|p1a: Politoed|Earth Power|p2a: Tyranitar\n|-supereffective|p2a: Tyranitar\n|-damage|p2a: Tyranitar|35\/100 par\n|move|p2a: Tyranitar|Ice Beam|p1a: Politoed\n|-supereffective|p1a: Politoed\n|-damage|p1a: Politoed|0 fnt\n|faint|p1a: Politoed\n|\n|-weather|Sandstorm|[upkeep]\n|upkeep\n|\n|t:|1700691723\n|switch|p1a: Vileplume|Vileplume, M|72\/100\n|-damage|p1a: Vileplume|60\/100|[from] Stealth Rock\n|turn|24\n|\n|t:|1700691725\n|move|p1a: Vileplume|Giga Drain|p2a: Tyranitar\n|-supereffective|p2a: Tyranitar\n|-damage|p2a: Tyranitar|5\/100 par\n|-heal|p1a: Vileplume|78\/100|[from] drain|[of] p2a: Tyranitar\n|move|p2a: Tyranitar|Ice Beam|p1a: Vileplume\n|-supereffective|p1a: Vileplume\n|-damage|p1a: Vileplume|36\/100\n|\n|-weather|Sandstorm|[upkeep]\n|-damage|p1a: Vileplume|30\/100|[from] Sandstorm\n|-heal|p1a: Vileplume|36\/100|[from] item: Leftovers\n|upkeep\n|turn|25\n|\n|t:|1700691728\n|move|p1a: Vileplume|Strength Sap|p2a: Tyranitar\n|-unboost|p2a: Tyranitar|atk|1\n|-heal|p1a: Vileplume|100\/100\n|move|p2a: Tyranitar|Thunder Wave|p1a: Vileplume\n|-status|p1a: Vileplume|par\n|\n|-weather|Sandstorm|[upkeep]\n|-damage|p1a: Vileplume|94\/100 par|[from] Sandstorm\n|-heal|p1a: Vileplume|100\/100 par|[from] item: Leftovers\n|upkeep\n|turn|26\n|\n|t:|1700691733\n|move|p2a: Tyranitar|Flamethrower|p1a: Vileplume\n|-supereffective|p1a: Vileplume\n|-damage|p1a: Vileplume|57\/100 par\n|move|p1a: Vileplume|Giga Drain|p2a: Tyranitar\n|-supereffective|p2a: Tyranitar\n|-damage|p2a: Tyranitar|0 fnt\n|-heal|p1a: Vileplume|60\/100 par|[from] drain|[of] p2a: Tyranitar\n|faint|p2a: Tyranitar\n|\n|-weather|Sandstorm|[upkeep]\n|-damage|p1a: Vileplume|54\/100 par|[from] Sandstorm\n|-heal|p1a: Vileplume|60\/100 par|[from] item: Leftovers\n|upkeep\n|\n|t:|1700691741\n|switch|p2a: Garganacl|Garganacl, F, tera:Ghost|93\/100\n|turn|27\n|\n|t:|1700691747\n|switch|p1a: Clefable|Clefable, M|88\/100\n|move|p2a: Garganacl|Iron Defense|p2a: Garganacl\n|-boost|p2a: Garganacl|def|2\n|\n|-weather|Sandstorm|[upkeep]\n|-damage|p2a: Garganacl|87\/100|[from] Sandstorm\n|-heal|p2a: Garganacl|93\/100|[from] item: Leftovers\n|upkeep\n|turn|28\n|\n|t:|1700691750\n|move|p1a: Clefable|Calm Mind|p1a: Clefable\n|-boost|p1a: Clefable|spa|1\n|-boost|p1a: Clefable|spd|1\n|move|p2a: Garganacl|Salt Cure|p1a: Clefable\n|-damage|p1a: Clefable|75\/100\n|-start|p1a: Clefable|Salt Cure\n|\n|-weather|Sandstorm|[upkeep]\n|-damage|p2a: Garganacl|87\/100|[from] Sandstorm\n|-heal|p2a: Garganacl|93\/100|[from] item: Leftovers\n|upkeep\n|turn|29\n|\n|t:|1700691753\n|move|p1a: Clefable|Calm Mind|p1a: Clefable\n|-boost|p1a: Clefable|spa|1\n|-boost|p1a: Clefable|spd|1\n|move|p2a: Garganacl|Iron Defense|p2a: Garganacl\n|-boost|p2a: Garganacl|def|2\n|\n|-weather|none\n|-heal|p2a: Garganacl|99\/100|[from] item: Leftovers\n|upkeep\n|turn|30\n|\n|t:|1700691758\n|move|p1a: Clefable|Calm Mind|p1a: Clefable\n|-boost|p1a: Clefable|spa|1\n|-boost|p1a: Clefable|spd|1\n|move|p2a: Garganacl|Body Press|p1a: Clefable\n|-resisted|p1a: Clefable\n|-damage|p1a: Clefable|45\/100\n|\n|-heal|p2a: Garganacl|100\/100|[from] item: Leftovers\n|upkeep\n|turn|31\n|\n|t:|1700691760\n|move|p1a: Clefable|Soft-Boiled|p1a: Clefable\n|-heal|p1a: Clefable|95\/100\n|move|p2a: Garganacl|Body Press|p1a: Clefable\n|-resisted|p1a: Clefable\n|-damage|p1a: Clefable|64\/100\n|\n|upkeep\n|turn|32\n|\n|t:|1700691762\n|move|p1a: Clefable|Soft-Boiled|p1a: Clefable\n|-heal|p1a: Clefable|100\/100\n|move|p2a: Garganacl|Body Press|p1a: Clefable\n|-resisted|p1a: Clefable\n|-crit|p1a: Clefable\n|-damage|p1a: Clefable|50\/100\n|\n|upkeep\n|turn|33\n|\n|t:|1700691766\n|move|p1a: Clefable|Soft-Boiled|p1a: Clefable\n|-heal|p1a: Clefable|100\/100\n|move|p2a: Garganacl|Body Press|p1a: Clefable\n|-resisted|p1a: Clefable\n|-damage|p1a: Clefable|71\/100\n|\n|upkeep\n|turn|34\n|\n|t:|1700691769\n|move|p1a: Clefable|Moonblast|p2a: Garganacl\n|-damage|p2a: Garganacl|25\/100\n|move|p2a: Garganacl|Body Press|p1a: Clefable\n|-resisted|p1a: Clefable\n|-damage|p1a: Clefable|37\/100\n|\n|-heal|p2a: Garganacl|31\/100|[from] item: Leftovers\n|upkeep\n|turn|35\n|\n|t:|1700691773\n|move|p1a: Clefable|Moonblast|p2a: Garganacl\n|-damage|p2a: Garganacl|0 fnt\n|faint|p2a: Garganacl\n|\n|upkeep\n|\n|t:|1700691779\n|switch|p2a: Cradily|Cradily, F|94\/100\n|turn|36\n|\n|t:|1700691783\n|move|p1a: Clefable|Soft-Boiled|p1a: Clefable\n|-heal|p1a: Clefable|87\/100\n|move|p2a: Cradily|Leech Seed|p1a: Clefable\n|-start|p1a: Clefable|move: Leech Seed\n|\n|-heal|p2a: Cradily|99\/100|[from] item: Leftovers\n|upkeep\n|turn|37\n|\n|t:|1700691786\n|move|p1a: Clefable|Moonblast|p2a: Cradily\n|-damage|p2a: Cradily|9\/100\n|move|p2a: Cradily|Toxic|p1a: Clefable\n|-status|p1a: Clefable|tox\n|\n|-heal|p2a: Cradily|15\/100|[from] item: Leftovers\n|upkeep\n|turn|38\n|\n|t:|1700691790\n|move|p1a: Clefable|Flamethrower|p2a: Cradily\n|-damage|p2a: Cradily|0 fnt\n|faint|p2a: Cradily\n|\n|upkeep\n|\n|t:|1700691792\n|switch|p2a: Terrakion|Terrakion|100\/100\n|turn|39\n|\n|t:|1700691796\n|move|p2a: Terrakion|X-Scissor|p1a: Clefable\n|-resisted|p1a: Clefable\n|-damage|p1a: Clefable|74\/100 tox\n|move|p1a: Clefable|Moonblast|p2a: Terrakion\n|-supereffective|p2a: Terrakion\n|-enditem|p2a: Terrakion|Focus Sash\n|-damage|p2a: Terrakion|1\/100\n|-unboost|p2a: Terrakion|spa|1\n|\n|upkeep\n|turn|40\n|\n|t:|1700691801\n|move|p2a: Terrakion|Stone Edge|p1a: Clefable|[miss]\n|-miss|p2a: Terrakion|p1a: Clefable\n|move|p1a: Clefable|Flamethrower|p2a: Terrakion\n|-resisted|p2a: Terrakion\n|-damage|p2a: Terrakion|0 fnt\n|faint|p2a: Terrakion\n|\n|win|SrPorquet\n|raw|SrPorquet's rating: 1353 &rarr; <strong>1367<\/strong><br \/>(+14 for winning)\n|raw|austinsemple's rating: 1252 &rarr; <strong>1234<\/strong><br \/>(-18 for losing)\n","uploadtime":1700691805,"views":6,"p1id":"srporquet","p2id":"austinsemple","formatid":"gen9nationaldex","rating":1234,"private":0,"password":""}