{"id":"gen9nationaldex-1990356093","p1":"nine-0909","p2":"Clayanto","format":"[Gen 9] National Dex","log":"|j|\u2606nine-0909\n|j|\u2606Clayanto\n|t:|1699961450\n|gametype|singles\n|player|p1|nine-0909|clown|1182\n|player|p2|Clayanto|ariana|1231\n|teamsize|p1|6\n|teamsize|p2|6\n|gen|9\n|tier|[Gen 9] National Dex\n|rated|\n|rule|HP Percentage Mod: HP is shown in percentages\n|rule|Endless Battle Clause: Forcing endless battles is banned\n|rule|OHKO Clause: OHKO moves are banned\n|rule|Evasion Clause: Evasion abilities, items, and moves are banned\n|rule|Evasion Abilities Clause: Evasion abilities are banned\n|rule|Evasion Items Clause: Evasion items are banned\n|rule|Evasion Moves Clause: Evasion moves are banned\n|rule|Species Clause: Limit one of each Pok\u00e9mon\n|rule|Sleep Clause Mod: Limit one foe put to sleep\n|clearpoke\n|poke|p1|Rillaboom, F|\n|poke|p1|Heatran, M|\n|poke|p1|Urshifu-*, F|\n|poke|p1|Slowking-Galar, F|\n|poke|p1|Thundurus-Therian, M|\n|poke|p1|Weezing-Galar, M|\n|poke|p2|Latios, M|\n|poke|p2|Gardevoir, M|\n|poke|p2|Hoopa-Unbound|\n|poke|p2|Tapu Lele|\n|poke|p2|Sneasler, M|\n|poke|p2|Tyranitar, F|\n|teampreview\n|inactive|Battle timer is ON: inactive players will automatically lose when time's up. (requested by Clayanto)\n|\n|t:|1699961465\n|start\n|switch|p1a: Heatran|Heatran, M|100\/100\n|switch|p2a: Hoopa|Hoopa-Unbound|100\/100\n|turn|1\n|\n|t:|1699961472\n|-terastallize|p2a: Hoopa|Dark\n|move|p2a: Hoopa|Hyperspace Fury|p1a: Heatran\n|-damage|p1a: Heatran|0 fnt\n|-unboost|p2a: Hoopa|def|1\n|faint|p1a: Heatran\n|\n|upkeep\n|\n|t:|1699961485\n|switch|p1a: Rillaboom|Rillaboom, F|100\/100\n|-fieldstart|move: Grassy Terrain|[from] ability: Grassy Surge|[of] p1a: Rillaboom\n|turn|2\n|\n|t:|1699961493\n|switch|p2a: Tapu Lele|Tapu Lele|100\/100\n|-fieldstart|move: Psychic Terrain|[from] ability: Psychic Surge|[of] p2a: Tapu Lele\n|move|p1a: Rillaboom|Grassy Glide|p2a: Tapu Lele\n|-damage|p2a: Tapu Lele|32\/100\n|\n|upkeep\n|turn|3\n|\n|t:|1699961503\n|switch|p1a: Slowking|Slowking-Galar, F|100\/100\n|move|p2a: Tapu Lele|Psychic|p1a: Slowking\n|-damage|p1a: Slowking|47\/100\n|\n|upkeep\n|turn|4\n|\n|t:|1699961518\n|-terastallize|p1a: Slowking|Dark\n|move|p2a: Tapu Lele|Psychic|p1a: Slowking\n|-immune|p1a: Slowking\n|move|p1a: Slowking|Chilly Reception|p1a: Slowking\n|-weather|Snow\n|\n|t:|1699961534\n|switch|p1a: Thundurus|Thundurus-Therian, M|100\/100|[from] Chilly Reception\n|\n|-weather|Snow|[upkeep]\n|upkeep\n|turn|5\n|\n|t:|1699961539\n|switch|p2a: Latios|Latios, M|100\/100\n|move|p1a: Thundurus|Thunderbolt|p2a: Latios\n|-resisted|p2a: Latios\n|-damage|p2a: Latios|79\/100\n|\n|-weather|Snow|[upkeep]\n|upkeep\n|turn|6\n|\n|t:|1699961549\n|switch|p1a: Rillaboom|Rillaboom, F|100\/100\n|-fieldstart|move: Grassy Terrain|[from] ability: Grassy Surge|[of] p1a: Rillaboom\n|move|p2a: Latios|Simple Beam|p1a: Rillaboom\n|-endability|p1a: Rillaboom|Grassy Surge|[from] move: Simple Beam\n|-ability|p1a: Rillaboom|Simple|[from] move: Simple Beam\n|\n|-weather|Snow|[upkeep]\n|upkeep\n|turn|7\n|inactive|nine-0909 has 120 seconds left.\n|\n|t:|1699961581\n|move|p1a: Rillaboom|Knock Off|p2a: Latios\n|-supereffective|p2a: Latios\n|-damage|p2a: Latios|11\/100\n|-zpower|p2a: Latios\n|move|p2a: Latios|Z-Memento|p1a: Rillaboom|[anim]Memento\n|-activate|p2a: Latios|healreplacement\n|-unboost|p1a: Rillaboom|atk|4\n|-unboost|p1a: Rillaboom|spa|4\n|faint|p2a: Latios\n|\n|-weather|Snow|[upkeep]\n|upkeep\n|\n|t:|1699961585\n|switch|p2a: Tapu Lele|Tapu Lele|32\/100\n|-heal|p2a: Tapu Lele|100\/100|[from] move: Memento|[zeffect]\n|-fieldstart|move: Psychic Terrain|[from] ability: Psychic Surge|[of] p2a: Tapu Lele\n|turn|8\n|inactive|nine-0909 has 120 seconds left.\n|\n|t:|1699961603\n|switch|p1a: Weezing|Weezing-Galar, M|100\/100\n|-ability|p1a: Weezing|Neutralizing Gas\n|move|p2a: Tapu Lele|Future Sight|p1a: Weezing\n|-start|p2a: Tapu Lele|move: Future Sight\n|\n|-weather|none\n|upkeep\n|turn|9\n|inactive|nine-0909 has 120 seconds left.\n|\n|t:|1699961611\n|move|p2a: Tapu Lele|Psychic|p1a: Weezing\n|-supereffective|p1a: Weezing\n|-damage|p1a: Weezing|0 fnt\n|faint|p1a: Weezing\n|-end|p1a: Weezing|ability: Neutralizing Gas\n|\n|upkeep\n|inactive|nine-0909 has 120 seconds left.\n|\n|t:|1699961619\n|switch|p1a: Thundurus|Thundurus-Therian, M|100\/100\n|turn|10\n|\n|t:|1699961624\n|move|p1a: Thundurus|Thunderbolt|p2a: Tapu Lele\n|-damage|p2a: Tapu Lele|49\/100\n|move|p2a: Tapu Lele|Moonblast|p1a: Thundurus\n|-damage|p1a: Thundurus|32\/100\n|\n|-end|p1a: Thundurus|move: Future Sight\n|-damage|p1a: Thundurus|0 fnt\n|faint|p1a: Thundurus\n|upkeep\n|\n|t:|1699961633\n|switch|p1a: Rillaboom|Rillaboom, F|100\/100\n|-fieldstart|move: Grassy Terrain|[from] ability: Grassy Surge|[of] p1a: Rillaboom\n|turn|11\n|\n|t:|1699961641\n|switch|p2a: Gardevoir|Gardevoir, M|100\/100\n|-ability|p2a: Gardevoir|Grassy Surge|[from] ability: Trace|[of] p1a: Rillaboom\n|move|p1a: Rillaboom|Grassy Glide|p2a: Gardevoir\n|-damage|p2a: Gardevoir|43\/100\n|-enditem|p2a: Gardevoir|Kee Berry|[eat]\n|-boost|p2a: Gardevoir|def|1|[from] item: Kee Berry\n|\n|-heal|p2a: Gardevoir|49\/100|[from] Grassy Terrain\n|upkeep\n|turn|12\n|\n|t:|1699961648\n|move|p1a: Rillaboom|Grassy Glide|p2a: Gardevoir\n|-damage|p2a: Gardevoir|10\/100\n|move|p2a: Gardevoir|Draining Kiss|p1a: Rillaboom\n|-damage|p1a: Rillaboom|72\/100\n|-heal|p2a: Gardevoir|32\/100|[from] drain|[of] p1a: Rillaboom\n|\n|-heal|p1a: Rillaboom|78\/100|[from] Grassy Terrain\n|-heal|p2a: Gardevoir|38\/100|[from] Grassy Terrain\n|upkeep\n|turn|13\n|\n|t:|1699961655\n|move|p1a: Rillaboom|Grassy Glide|p2a: Gardevoir\n|-damage|p2a: Gardevoir|1\/100\n|move|p2a: Gardevoir|Mystical Fire|p1a: Rillaboom\n|-supereffective|p1a: Rillaboom\n|-damage|p1a: Rillaboom|27\/100\n|-unboost|p1a: Rillaboom|spa|1\n|\n|-heal|p1a: Rillaboom|33\/100|[from] Grassy Terrain\n|-heal|p2a: Gardevoir|7\/100|[from] Grassy Terrain\n|upkeep\n|turn|14\n|\n|t:|1699961661\n|move|p1a: Rillaboom|Grassy Glide|p2a: Gardevoir\n|-damage|p2a: Gardevoir|0 fnt\n|faint|p2a: Gardevoir\n|\n|-heal|p1a: Rillaboom|39\/100|[from] Grassy Terrain\n|upkeep\n|\n|t:|1699961671\n|switch|p2a: Tapu Lele|Tapu Lele|49\/100\n|-fieldstart|move: Psychic Terrain|[from] ability: Psychic Surge|[of] p2a: Tapu Lele\n|turn|15\n|\n|t:|1699961674\n|switch|p1a: Slowking|Slowking-Galar, F, tera:Dark|80\/100\n|move|p2a: Tapu Lele|Moonblast|p1a: Slowking\n|-supereffective|p1a: Slowking\n|-damage|p1a: Slowking|12\/100\n|\n|upkeep\n|turn|16\n|\n|t:|1699961681\n|move|p2a: Tapu Lele|Moonblast|p1a: Slowking\n|-supereffective|p1a: Slowking\n|-crit|p1a: Slowking\n|-damage|p1a: Slowking|0 fnt\n|faint|p1a: Slowking\n|\n|upkeep\n|\n|t:|1699961685\n|switch|p1a: Rillaboom|Rillaboom, F|39\/100\n|-fieldstart|move: Grassy Terrain|[from] ability: Grassy Surge|[of] p1a: Rillaboom\n|turn|17\n|\n|t:|1699961697\n|switch|p2a: Tyranitar|Tyranitar, F|100\/100\n|-weather|Sandstorm|[from] ability: Sand Stream|[of] p2a: Tyranitar\n|move|p1a: Rillaboom|Grassy Glide|p2a: Tyranitar\n|-supereffective|p2a: Tyranitar\n|-damage|p2a: Tyranitar|0 fnt\n|faint|p2a: Tyranitar\n|\n|-weather|Sandstorm|[upkeep]\n|-damage|p1a: Rillaboom|33\/100|[from] Sandstorm\n|-heal|p1a: Rillaboom|39\/100|[from] Grassy Terrain\n|upkeep\n|\n|t:|1699961700\n|switch|p2a: Tapu Lele|Tapu Lele|49\/100\n|-fieldstart|move: Psychic Terrain|[from] ability: Psychic Surge|[of] p2a: Tapu Lele\n|turn|18\n|\n|t:|1699961706\n|move|p2a: Tapu Lele|Psychic|p1a: Rillaboom\n|-damage|p1a: Rillaboom|0 fnt\n|faint|p1a: Rillaboom\n|\n|-weather|Sandstorm|[upkeep]\n|-damage|p2a: Tapu Lele|43\/100|[from] Sandstorm\n|upkeep\n|\n|t:|1699961709\n|switch|p1a: Urshifu|Urshifu-Rapid-Strike, F|100\/100\n|turn|19\n|\n|t:|1699961713\n|move|p1a: Urshifu|Surging Strikes|p2a: Tapu Lele\n|-crit|p2a: Tapu Lele\n|-damage|p2a: Tapu Lele|14\/100\n|-crit|p2a: Tapu Lele\n|-damage|p2a: Tapu Lele|0 fnt\n|faint|p2a: Tapu Lele\n|-hitcount|p2: Tapu Lele|2\n|\n|-weather|Sandstorm|[upkeep]\n|-damage|p1a: Urshifu|94\/100|[from] Sandstorm\n|upkeep\n|\n|t:|1699961716\n|switch|p2a: Sneasler|Sneasler, M|100\/100\n|-enditem|p2a: Sneasler|Psychic Seed\n|-boost|p2a: Sneasler|spd|1|[from] item: Psychic Seed\n|turn|20\n|\n|t:|1699961745\n|move|p2a: Sneasler|Acrobatics|p1a: Urshifu\n|-supereffective|p1a: Urshifu\n|-damage|p1a: Urshifu|20\/100\n|move|p1a: Urshifu|Surging Strikes|p2a: Sneasler\n|-crit|p2a: Sneasler\n|-damage|p2a: Sneasler|70\/100\n|-crit|p2a: Sneasler\n|-damage|p2a: Sneasler|38\/100\n|-crit|p2a: Sneasler\n|-damage|p2a: Sneasler|3\/100\n|-hitcount|p2a: Sneasler|3\n|\n|-weather|Sandstorm|[upkeep]\n|-damage|p2a: Sneasler|0 fnt|[from] Sandstorm\n|-damage|p1a: Urshifu|14\/100|[from] Sandstorm\n|faint|p2a: Sneasler\n|upkeep\n|\n|t:|1699961756\n|switch|p2a: Hoopa|Hoopa-Unbound, tera:Dark|100\/100\n|turn|21\n|\n|t:|1699961769\n|move|p1a: Urshifu|Surging Strikes|p2a: Hoopa\n|-crit|p2a: Hoopa\n|-damage|p2a: Hoopa|68\/100\n|-crit|p2a: Hoopa\n|-damage|p2a: Hoopa|31\/100\n|-crit|p2a: Hoopa\n|-damage|p2a: Hoopa|0 fnt\n|faint|p2a: Hoopa\n|-hitcount|p2: Hoopa|3\n|\n|win|nine-0909\n|raw|nine-0909's rating: 1182 &rarr; <strong>1211<\/strong><br \/>(+29 for winning)\n|raw|Clayanto's rating: 1231 &rarr; <strong>1202<\/strong><br \/>(-29 for losing)\n|l|\u2606nine-0909\n","uploadtime":1699961795,"views":14,"p1id":"nine0909","p2id":"clayanto","formatid":"gen9nationaldex","rating":1202,"private":0,"password":""}