{"id":"gen9nationaldex-1990220481","p1":"kitmash","p2":"Oliver Teng","format":"[Gen 9] National Dex","log":"|j|\u2606kitmash\n|j|\u2606Oliver Teng\n|t:|1699939431\n|gametype|singles\n|player|p1|kitmash|170|1545\n|player|p2|Oliver Teng|iris-masters|1478\n|teamsize|p1|6\n|teamsize|p2|6\n|gen|9\n|tier|[Gen 9] National Dex\n|rated|\n|rule|HP Percentage Mod: HP is shown in percentages\n|rule|Endless Battle Clause: Forcing endless battles is banned\n|rule|OHKO Clause: OHKO moves are banned\n|rule|Evasion Clause: Evasion abilities, items, and moves are banned\n|rule|Evasion Abilities Clause: Evasion abilities are banned\n|rule|Evasion Items Clause: Evasion items are banned\n|rule|Evasion Moves Clause: Evasion moves are banned\n|rule|Species Clause: Limit one of each Pok\u00e9mon\n|rule|Sleep Clause Mod: Limit one foe put to sleep\n|clearpoke\n|poke|p1|Wo-Chien|\n|poke|p1|Weezing-Galar, F|\n|poke|p1|Alomomola, F|\n|poke|p1|Bellibolt, M|\n|poke|p1|Kleavor, F|\n|poke|p1|Tapu Koko|\n|poke|p2|Magnezone|\n|poke|p2|Pinsir, F|\n|poke|p2|Victini|\n|poke|p2|Dragonite, F|\n|poke|p2|Glimmora, F|\n|poke|p2|Greninja-*, M|\n|teampreview\n|\n|t:|1699939467\n|start\n|switch|p1a: Weezing|Weezing-Galar, F|100\/100\n|switch|p2a: Greninja|Greninja, M|100\/100\n|turn|1\n|\n|t:|1699939481\n|switch|p2a: Magnezone|Magnezone|100\/100\n|switch|p1a: Bellibolt|Bellibolt, M|100\/100\n|\n|upkeep\n|turn|2\n|inactive|Battle timer is ON: inactive players will automatically lose when time's up. (requested by Oliver Teng)\n|\n|t:|1699939508\n|switch|p2a: Dragonite|Dragonite, F|100\/100\n|move|p1a: Bellibolt|Toxic|p2a: Dragonite\n|-status|p2a: Dragonite|tox\n|\n|-damage|p2a: Dragonite|94\/100 tox|[from] psn\n|upkeep\n|turn|3\n|\n|t:|1699939522\n|switch|p1a: Wo-Chien|Wo-Chien|100\/100\n|-ability|p1a: Wo-Chien|Tablets of Ruin\n|move|p2a: Dragonite|Dragon Dance|p2a: Dragonite\n|-boost|p2a: Dragonite|atk|1\n|-boost|p2a: Dragonite|spe|1\n|\n|-damage|p2a: Dragonite|82\/100 tox|[from] psn\n|upkeep\n|turn|4\n|\n|t:|1699939532\n|switch|p2a: Pinsir|Pinsir, F|100\/100\n|move|p1a: Wo-Chien|Foul Play|p2a: Pinsir\n|-damage|p2a: Pinsir|44\/100\n|\n|upkeep\n|turn|5\n|\n|t:|1699939550\n|detailschange|p2a: Pinsir|Pinsir-Mega, F\n|-mega|p2a: Pinsir|Pinsir|Pinsirite\n|-terastallize|p1a: Wo-Chien|Fairy\n|move|p2a: Pinsir|Return|p1a: Wo-Chien\n|-damage|p1a: Wo-Chien|64\/100\n|move|p1a: Wo-Chien|Foul Play|p2a: Pinsir\n|-damage|p2a: Pinsir|0 fnt\n|faint|p2a: Pinsir\n|\n|-heal|p1a: Wo-Chien|70\/100|[from] item: Leftovers\n|upkeep\n|\n|t:|1699939557\n|switch|p2a: Magnezone|Magnezone|100\/100\n|turn|6\n|\n|t:|1699939564\n|switch|p1a: Bellibolt|Bellibolt, M|100\/100\n|move|p2a: Magnezone|Flash Cannon|p1a: Bellibolt\n|-resisted|p1a: Bellibolt\n|-damage|p1a: Bellibolt|85\/100\n|-start|p1a: Bellibolt|Charge|Flash Cannon|[from] ability: Electromorphosis\n|\n|upkeep\n|turn|7\n|\n|t:|1699939587\n|move|p2a: Magnezone|Thunderbolt|p1a: Bellibolt\n|-resisted|p1a: Bellibolt\n|-damage|p1a: Bellibolt|67\/100\n|-start|p1a: Bellibolt|Charge|Thunderbolt|[from] ability: Electromorphosis\n|move|p1a: Bellibolt|Thunderbolt|p2a: Magnezone\n|-resisted|p2a: Magnezone\n|-damage|p2a: Magnezone|76\/100\n|-end|p1a: Bellibolt|Charge|[silent]\n|\n|upkeep\n|turn|8\n|\n|t:|1699939595\n|move|p2a: Magnezone|Volt Switch|p1a: Bellibolt\n|-resisted|p1a: Bellibolt\n|-damage|p1a: Bellibolt|55\/100\n|-start|p1a: Bellibolt|Charge|Volt Switch|[from] ability: Electromorphosis\n|\n|t:|1699939606\n|switch|p2a: Dragonite|Dragonite, F|82\/100 tox|[from] Volt Switch\n|move|p1a: Bellibolt|Light Screen|p1a: Bellibolt\n|-sidestart|p1: kitmash|move: Light Screen\n|\n|-damage|p2a: Dragonite|76\/100 tox|[from] psn\n|upkeep\n|turn|9\n|\n|t:|1699939613\n|switch|p1a: Wo-Chien|Wo-Chien, tera:Fairy|70\/100\n|-ability|p1a: Wo-Chien|Tablets of Ruin\n|move|p2a: Dragonite|Earthquake|p1a: Wo-Chien\n|-damage|p1a: Wo-Chien|49\/100\n|\n|-heal|p1a: Wo-Chien|55\/100|[from] item: Leftovers\n|-damage|p2a: Dragonite|64\/100 tox|[from] psn\n|upkeep\n|turn|10\n|\n|t:|1699939626\n|switch|p2a: Glimmora|Glimmora, F|100\/100\n|move|p1a: Wo-Chien|Leech Seed|p2a: Glimmora\n|-start|p2a: Glimmora|move: Leech Seed\n|\n|-heal|p1a: Wo-Chien|61\/100|[from] item: Leftovers\n|-damage|p2a: Glimmora|88\/100|[from] Leech Seed|[of] p1a: Wo-Chien\n|-heal|p1a: Wo-Chien|71\/100|[silent]\n|upkeep\n|turn|11\n|\n|t:|1699939645\n|switch|p1a: Tapu Koko|Tapu Koko|100\/100\n|-fieldstart|move: Electric Terrain|[from] ability: Electric Surge|[of] p1a: Tapu Koko\n|move|p2a: Glimmora|Mortal Spin|p1a: Tapu Koko\n|-supereffective|p1a: Tapu Koko\n|-damage|p1a: Tapu Koko|85\/100\n|-status|p1a: Tapu Koko|psn\n|-end|p2a: Glimmora|Leech Seed|[from] move: Mortal Spin|[of] p2a: Glimmora\n|\n|-damage|p1a: Tapu Koko|72\/100 psn|[from] psn\n|upkeep\n|turn|12\n|\n|t:|1699939667\n|move|p1a: Tapu Koko|Thunderbolt|p2a: Glimmora\n|-damage|p2a: Glimmora|0 fnt\n|faint|p2a: Glimmora\n|\n|-damage|p1a: Tapu Koko|60\/100 psn|[from] psn\n|-sideend|p1: kitmash|move: Light Screen\n|upkeep\n|inactive|Oliver Teng has 120 seconds left.\n|\n|t:|1699939700\n|switch|p2a: Magnezone|Magnezone|76\/100\n|turn|13\n|\n|t:|1699939711\n|switch|p1a: Bellibolt|Bellibolt, M|55\/100\n|move|p2a: Magnezone|Thunderbolt|p1a: Bellibolt\n|-resisted|p1a: Bellibolt\n|-damage|p1a: Bellibolt|32\/100\n|-start|p1a: Bellibolt|Charge|Thunderbolt|[from] ability: Electromorphosis\n|\n|upkeep\n|turn|14\n|inactive|Oliver Teng has 90 seconds left.\n|\n|t:|1699939748\n|-terastallize|p2a: Magnezone|Fire\n|move|p2a: Magnezone|Tera Blast|p1a: Bellibolt|[anim] Tera Blast Fire\n|-damage|p1a: Bellibolt|0 fnt\n|faint|p1a: Bellibolt\n|\n|upkeep\n|\n|t:|1699939758\n|switch|p1a: Kleavor|Kleavor, F|100\/100\n|turn|15\n|\n|t:|1699939763\n|move|p1a: Kleavor|Stone Axe|p2a: Magnezone\n|-supereffective|p2a: Magnezone\n|-damage|p2a: Magnezone|0 fnt\n|-sidestart|p2: Oliver Teng|move: Stealth Rock\n|faint|p2a: Magnezone\n|\n|-fieldend|move: Electric Terrain\n|upkeep\n|\n|t:|1699939767\n|switch|p2a: Greninja|Greninja, M|100\/100\n|-damage|p2a: Greninja|88\/100|[from] Stealth Rock\n|turn|16\n|\n|t:|1699939777\n|switch|p1a: Alomomola|Alomomola, F|100\/100\n|move|p2a: Greninja|Water Shuriken|p1a: Alomomola\n|-resisted|p1a: Alomomola\n|-damage|p1a: Alomomola|95\/100\n|-resisted|p1a: Alomomola\n|-damage|p1a: Alomomola|90\/100\n|-resisted|p1a: Alomomola\n|-damage|p1a: Alomomola|85\/100\n|-resisted|p1a: Alomomola\n|-damage|p1a: Alomomola|80\/100\n|-hitcount|p1a: Alomomola|4\n|-damage|p2a: Greninja|78\/100|[from] item: Life Orb\n|\n|upkeep\n|turn|17\n|\n|t:|1699939792\n|move|p2a: Greninja|Dark Pulse|p1a: Alomomola\n|-crit|p1a: Alomomola\n|-damage|p1a: Alomomola|0 fnt\n|faint|p1a: Alomomola\n|-ability|p2a: Greninja|Battle Bond|boost\n|-boost|p2a: Greninja|atk|1\n|-boost|p2a: Greninja|spa|1\n|-boost|p2a: Greninja|spe|1\n|-activate|p2a: Greninja|ability: Battle Bond\n|-damage|p2a: Greninja|69\/100|[from] item: Life Orb\n|\n|upkeep\n|inactive|kitmash has 120 seconds left.\n|\n|t:|1699939813\n|switch|p1a: Weezing|Weezing-Galar, F|100\/100\n|turn|18\n|\n|t:|1699939820\n|move|p2a: Greninja|Surf|p1a: Weezing\n|-damage|p1a: Weezing|2\/100\n|-damage|p2a: Greninja|59\/100|[from] item: Life Orb\n|move|p1a: Weezing|Strange Steam|p2a: Greninja\n|-supereffective|p2a: Greninja\n|-damage|p2a: Greninja|0 fnt\n|faint|p2a: Greninja\n|\n|-heal|p1a: Weezing|8\/100|[from] item: Leftovers\n|upkeep\n|-message|Oliver Teng forfeited.\n|\n|win|kitmash\n|raw|kitmash's rating: 1545 &rarr; <strong>1561<\/strong><br \/>(+16 for winning)\n|raw|Oliver Teng's rating: 1478 &rarr; <strong>1462<\/strong><br \/>(-16 for losing)\n|l|\u2606Oliver Teng\n","uploadtime":1699939835,"views":5,"p1id":"kitmash","p2id":"oliverteng","formatid":"gen9nationaldex","rating":1462,"private":0,"password":""}