{"id":"gen9nationaldex-1999866459","p1":"PearlHarbor1996","p2":"brrrbulletseed","format":"[Gen 9] National Dex","log":"|html|<div class=\"broadcast-blue\"><strong>[Gen 9] National Dex is currently suspecting Sneasler! For information on how to participate check out the <a href=\"https:\/\/www.smogon.com\/forums\/threads\/sv-national-dex-suspect-8-just-dance.3731534\/\">suspect thread<\/a>.<\/strong><\/div>\n|j|\u2606PearlHarbor1996\n|j|\u2606brrrbulletseed\n|t:|1701124306\n|gametype|singles\n|player|p1|PearlHarbor1996|rocketgrunt|1349\n|player|p2|brrrbulletseed|morty|1278\n|teamsize|p1|6\n|teamsize|p2|6\n|gen|9\n|tier|[Gen 9] National Dex\n|rated|\n|rule|HP Percentage Mod: HP is shown in percentages\n|rule|Endless Battle Clause: Forcing endless battles is banned\n|rule|OHKO Clause: OHKO moves are banned\n|rule|Evasion Clause: Evasion abilities, items, and moves are banned\n|rule|Evasion Abilities Clause: Evasion abilities are banned\n|rule|Evasion Items Clause: Evasion items are banned\n|rule|Evasion Moves Clause: Evasion moves are banned\n|rule|Species Clause: Limit one of each Pok\u00e9mon\n|rule|Sleep Clause Mod: Limit one foe put to sleep\n|clearpoke\n|poke|p1|Aegislash, M|\n|poke|p1|Hydreigon, M|\n|poke|p1|Gardevoir, F|\n|poke|p1|Roserade, F|\n|poke|p1|Gastrodon, F|\n|poke|p1|Gliscor, M|\n|poke|p2|Dragalge, F|\n|poke|p2|Kommo-o, M|\n|poke|p2|Garchomp, F|\n|poke|p2|Noivern, F|\n|poke|p2|Druddigon, M|\n|poke|p2|Dragonite, F|\n|teampreview\n|inactive|Battle timer is ON: inactive players will automatically lose when time's up. (requested by brrrbulletseed)\n|\n|t:|1701124315\n|start\n|switch|p1a: Soul Blade|Aegislash, M|100\/100\n|switch|p2a: Notice Me Senpai|Druddigon, M|100\/100\n|turn|1\n|\n|t:|1701124321\n|switch|p1a: Guns'n'Roses|Roserade, F, shiny|100\/100\n|move|p2a: Notice Me Senpai|Glare|p1a: Guns'n'Roses\n|-status|p1a: Guns'n'Roses|par\n|\n|upkeep\n|turn|2\n|\n|t:|1701124331\n|-curestatus|p1a: Guns'n'Roses|par|[from] ability: Natural Cure\n|switch|p1a: Vile|Gliscor, M|100\/100\n|move|p2a: Notice Me Senpai|Roar|p1a: Vile\n|drag|p1a: Trigon|Hydreigon, M|100\/100\n|\n|upkeep\n|turn|3\n|\n|t:|1701124342\n|switch|p1a: Guns'n'Roses|Roserade, F, shiny|100\/100\n|move|p2a: Notice Me Senpai|Glare|p1a: Guns'n'Roses\n|-status|p1a: Guns'n'Roses|par\n|\n|upkeep\n|turn|4\n|\n|t:|1701124348\n|move|p1a: Guns'n'Roses|Leech Seed|p2a: Notice Me Senpai\n|-start|p2a: Notice Me Senpai|move: Leech Seed\n|move|p2a: Notice Me Senpai|Roar|p1a: Guns'n'Roses\n|-curestatus|p1a: Guns'n'Roses|par|[from] ability: Natural Cure\n|drag|p1a: Trigon|Hydreigon, M|100\/100\n|\n|-damage|p2a: Notice Me Senpai|88\/100|[from] Leech Seed|[of] p1a: Trigon\n|upkeep\n|turn|5\n|\n|t:|1701124358\n|move|p1a: Trigon|Draco Meteor|p2a: Notice Me Senpai\n|-supereffective|p2a: Notice Me Senpai\n|-damage|p2a: Notice Me Senpai|0 fnt\n|-unboost|p1a: Trigon|spa|2\n|faint|p2a: Notice Me Senpai\n|\n|upkeep\n|\n|t:|1701124362\n|switch|p2a: YEE HAW|Dragalge, F, shiny|100\/100\n|turn|6\n|\n|t:|1701124369\n|switch|p1a: Soul Blade|Aegislash, M|100\/100\n|move|p2a: YEE HAW|Sludge Bomb|p1a: Soul Blade\n|-immune|p1a: Soul Blade\n|\n|upkeep\n|turn|7\n|\n|t:|1701124376\n|switch|p1a: Vile|Gliscor, M|100\/100\n|switch|p2a: Rick|Dragonite, F, shiny|100\/100\n|\n|-status|p1a: Vile|tox|[from] item: Toxic Orb\n|upkeep\n|turn|8\n|c|\u2606PearlHarbor1996|... pickle rick!\n|\n|t:|1701124401\n|-terastallize|p2a: Rick|Steel\n|move|p1a: Vile|Toxic|p2a: Rick\n|-immune|p2a: Rick\n|move|p2a: Rick|Waterfall|p1a: Vile\n|-supereffective|p1a: Vile\n|-damage|p1a: Vile|71\/100 tox\n|\n|-heal|p1a: Vile|83\/100 tox|[from] ability: Poison Heal\n|upkeep\n|turn|9\n|\n|t:|1701124418\n|switch|p2a: REEEEEEEE|Noivern, F, shiny|100\/100\n|move|p1a: Vile|Earthquake|p2a: REEEEEEEE\n|-immune|p2a: REEEEEEEE\n|\n|-heal|p1a: Vile|95\/100 tox|[from] ability: Poison Heal\n|upkeep\n|turn|10\n|\n|t:|1701124430\n|switch|p1a: Guns'n'Roses|Roserade, F, shiny|100\/100\n|move|p2a: REEEEEEEE|Draco Meteor|p1a: Guns'n'Roses\n|-damage|p1a: Guns'n'Roses|31\/100\n|-unboost|p2a: REEEEEEEE|spa|2\n|\n|-heal|p1a: Guns'n'Roses|37\/100|[from] item: Leftovers\n|upkeep\n|turn|11\n|\n|t:|1701124441\n|switch|p2a: YEE HAW|Dragalge, F, shiny|100\/100\n|switch|p1a: Soul Blade|Aegislash, M|100\/100\n|\n|upkeep\n|turn|12\n|\n|t:|1701124450\n|switch|p2a: Rick|Dragonite, F, shiny, tera:Steel|100\/100\n|move|p1a: Soul Blade|Substitute|p1a: Soul Blade\n|-start|p1a: Soul Blade|Substitute\n|-damage|p1a: Soul Blade|76\/100\n|\n|-heal|p1a: Soul Blade|82\/100|[from] item: Leftovers\n|upkeep\n|turn|13\n|\n|t:|1701124458\n|move|p2a: Rick|Iron Head|p1a: Soul Blade\n|-resisted|p1a: Soul Blade\n|-activate|p1a: Soul Blade|move: Substitute|[damage]\n|-formechange|p1a: Soul Blade|Aegislash-Blade||[from] ability: Stance Change\n|move|p1a: Soul Blade|Shadow Ball|p2a: Rick\n|-damage|p2a: Rick|83\/100\n|\n|-heal|p2a: Rick|89\/100|[from] item: Leftovers\n|-heal|p1a: Soul Blade|88\/100|[from] item: Leftovers\n|upkeep\n|turn|14\n|\n|t:|1701124469\n|switch|p2a: REEEEEEEE|Noivern, F, shiny|100\/100\n|move|p1a: Soul Blade|Shadow Ball|p2a: REEEEEEEE\n|-damage|p2a: REEEEEEEE|49\/100\n|\n|-heal|p1a: Soul Blade|94\/100|[from] item: Leftovers\n|upkeep\n|turn|15\n|\n|t:|1701124478\n|-formechange|p1a: Soul Blade|Aegislash||[from] ability: Stance Change\n|move|p1a: Soul Blade|King's Shield|p1a: Soul Blade\n|-singleturn|p1a: Soul Blade|Protect\n|move|p2a: REEEEEEEE|Flamethrower|p1a: Soul Blade\n|-activate|p1a: Soul Blade|move: Protect\n|\n|-heal|p1a: Soul Blade|100\/100|[from] item: Leftovers\n|upkeep\n|turn|16\n|\n|t:|1701124492\n|switch|p2a: Shake Weight|Kommo-o, M|100\/100\n|switch|p1a: Empress|Gastrodon, F|100\/100\n|\n|upkeep\n|turn|17\n|\n|t:|1701124499\n|move|p2a: Shake Weight|Belly Drum|p2a: Shake Weight\n|-damage|p2a: Shake Weight|51\/100\n|-setboost|p2a: Shake Weight|atk|6|[from] move: Belly Drum\n|move|p1a: Empress|Clear Smog|p2a: Shake Weight\n|-damage|p2a: Shake Weight|39\/100\n|-clearboost|p2a: Shake Weight\n|\n|upkeep\n|turn|18\n|\n|t:|1701124512\n|switch|p1a: Vile|Gliscor, M|95\/100 tox\n|move|p2a: Shake Weight|Scale Shot|p1a: Vile\n|-damage|p1a: Vile|87\/100 tox\n|-damage|p1a: Vile|78\/100 tox\n|-damage|p1a: Vile|69\/100 tox\n|-damage|p1a: Vile|61\/100 tox\n|-hitcount|p1a: Vile|4\n|-unboost|p2a: Shake Weight|def|1\n|-boost|p2a: Shake Weight|spe|1\n|\n|-heal|p1a: Vile|73\/100 tox|[from] ability: Poison Heal\n|upkeep\n|turn|19\n|\n|t:|1701124519\n|move|p2a: Shake Weight|Drain Punch|p1a: Vile\n|-resisted|p1a: Vile\n|-damage|p1a: Vile|62\/100 tox\n|-heal|p2a: Shake Weight|46\/100|[from] drain|[of] p1a: Vile\n|move|p1a: Vile|Earthquake|p2a: Shake Weight\n|-damage|p2a: Shake Weight|0 fnt\n|faint|p2a: Shake Weight\n|\n|-heal|p1a: Vile|74\/100 tox|[from] ability: Poison Heal\n|upkeep\n|-message|brrrbulletseed forfeited.\n|\n|win|PearlHarbor1996\n|raw|PearlHarbor1996's rating: 1349 &rarr; <strong>1365<\/strong><br \/>(+16 for winning)\n|raw|brrrbulletseed's rating: 1278 &rarr; <strong>1258<\/strong><br \/>(-20 for losing)\n|l|\u2606brrrbulletseed\n","uploadtime":1701124535,"views":3,"p1id":"pearlharbor1996","p2id":"brrrbulletseed","formatid":"gen9nationaldex","rating":1258,"private":0,"password":""}