{"id":"gen9nationaldex-1987395576","p1":"CowmanderJBBWN","p2":"SpecsGastr0","format":"[Gen 9] National Dex","log":"|j|\u2606CowmanderJBBWN\n|j|\u2606SpecsGastr0\n|t:|1699585868\n|gametype|singles\n|player|p1|CowmanderJBBWN|janitor|1123\n|player|p2|SpecsGastr0|colress|1091\n|teamsize|p1|6\n|teamsize|p2|6\n|gen|9\n|tier|[Gen 9] National Dex\n|rated|\n|rule|HP Percentage Mod: HP is shown in percentages\n|rule|Endless Battle Clause: Forcing endless battles is banned\n|rule|OHKO Clause: OHKO moves are banned\n|rule|Evasion Clause: Evasion abilities, items, and moves are banned\n|rule|Evasion Abilities Clause: Evasion abilities are banned\n|rule|Evasion Items Clause: Evasion items are banned\n|rule|Evasion Moves Clause: Evasion moves are banned\n|rule|Species Clause: Limit one of each Pok\u00e9mon\n|rule|Sleep Clause Mod: Limit one foe put to sleep\n|clearpoke\n|poke|p1|Okidogi, M|\n|poke|p1|Guzzlord|\n|poke|p1|Bellibolt, F|\n|poke|p1|Togedemaru, M|\n|poke|p1|Electrode-Hisui|\n|poke|p1|Iron Treads|\n|poke|p2|Bellibolt, F|\n|poke|p2|Slowbro, F|\n|poke|p2|Arcanine-Hisui, M|\n|poke|p2|Swampert, M|\n|poke|p2|Lurantis, F|\n|poke|p2|Drifblim, M|\n|teampreview\n|\n|t:|1699585884\n|start\n|switch|p1a: Okidogi|Okidogi, M|100\/100\n|switch|p2a: Hot Pants|Lurantis, F|100\/100\n|turn|1\n|c|\u2606CowmanderJBBWN|which pokemon do you think is very round\n|\n|t:|1699585908\n|switch|p2a: Slowsis|Slowbro, F, shiny|100\/100\n|move|p1a: Okidogi|Fire Punch|p2a: Slowsis\n|-resisted|p2a: Slowsis\n|-damage|p2a: Slowsis|94\/100\n|-damage|p1a: Okidogi|84\/100|[from] item: Rocky Helmet|[of] p2a: Slowsis\n|\n|-heal|p1a: Okidogi|90\/100|[from] item: Black Sludge\n|upkeep\n|turn|2\n|c|\u2606SpecsGastr0|they are all stupendously round\n|c|\u2606SpecsGastr0|electrode most of all\n|\n|t:|1699585941\n|switch|p1a: AAAAAAAAAAAA|Guzzlord|100\/100\n|move|p2a: Slowsis|Scald|p1a: AAAAAAAAAAAA\n|-resisted|p1a: AAAAAAAAAAAA\n|-damage|p1a: AAAAAAAAAAAA|89\/100\n|\n|-heal|p1a: AAAAAAAAAAAA|96\/100|[from] item: Leftovers\n|upkeep\n|turn|3\n|c|\u2606CowmanderJBBWN|is there any round pokemon i should add on my team\n|c|\u2606CowmanderJBBWN|iron treads or okidogi doesnt seem to be very roundish\n|c|\u2606SpecsGastr0|poliwrath is kind of round\n|c|\u2606CowmanderJBBWN|oh yeah good idea!\n|\n|t:|1699585996\n|switch|p1a: Bellibolt|Bellibolt, F|100\/100\n|switch|p2a: Hot Pants|Lurantis, F|100\/100\n|\n|upkeep\n|turn|4\n|\n|t:|1699586007\n|switch|p1a: Iron Treads|Iron Treads|100\/100\n|-item|p1a: Iron Treads|Air Balloon\n|move|p2a: Hot Pants|Leaf Storm|p1a: Iron Treads\n|-damage|p1a: Iron Treads|49\/100\n|-boost|p2a: Hot Pants|spa|2\n|-enditem|p1a: Iron Treads|Air Balloon\n|\n|upkeep\n|turn|5\n|\n|t:|1699586021\n|move|p1a: Iron Treads|Electric Terrain|p1a: Iron Treads\n|-fieldstart|move: Electric Terrain\n|-activate|p1a: Iron Treads|ability: Quark Drive\n|-start|p1a: Iron Treads|quarkdrivespe\n|move|p2a: Hot Pants|Superpower|p1a: Iron Treads\n|-supereffective|p1a: Iron Treads\n|-damage|p1a: Iron Treads|0 fnt\n|-boost|p2a: Hot Pants|atk|1\n|-boost|p2a: Hot Pants|def|1\n|faint|p1a: Iron Treads\n|-end|p1a: Iron Treads|Quark Drive|[silent]\n|\n|upkeep\n|\n|t:|1699586034\n|switch|p1a: Togedemaru|Togedemaru, M|100\/100\n|turn|6\n|\n|t:|1699586038\n|move|p1a: Togedemaru|Spiky Shield|p1a: Togedemaru\n|-singleturn|p1a: Togedemaru|move: Protect\n|move|p2a: Hot Pants|Superpower|p1a: Togedemaru\n|-activate|p1a: Togedemaru|move: Protect\n|-damage|p2a: Hot Pants|88\/100|[from] Spiky Shield|[of] p1a: Togedemaru\n|\n|-heal|p2a: Hot Pants|94\/100|[from] item: Leftovers\n|upkeep\n|turn|7\n|\n|t:|1699586046\n|move|p1a: Togedemaru|Iron Head|p2a: Hot Pants\n|-damage|p2a: Hot Pants|67\/100\n|move|p2a: Hot Pants|Superpower|p1a: Togedemaru\n|-supereffective|p1a: Togedemaru\n|-ability|p1a: Togedemaru|Sturdy\n|-damage|p1a: Togedemaru|1\/100\n|-boost|p2a: Hot Pants|atk|1\n|-boost|p2a: Hot Pants|def|1\n|-enditem|p1a: Togedemaru|Salac Berry|[eat]\n|-boost|p1a: Togedemaru|spe|1|[from] item: Salac Berry\n|\n|-heal|p2a: Hot Pants|73\/100|[from] item: Leftovers\n|upkeep\n|turn|8\n|\n|t:|1699586059\n|move|p1a: Togedemaru|Iron Head|p2a: Hot Pants\n|-damage|p2a: Hot Pants|55\/100\n|cant|p2a: Hot Pants|flinch\n|\n|-heal|p2a: Hot Pants|61\/100|[from] item: Leftovers\n|upkeep\n|turn|9\n|\n|t:|1699586065\n|move|p1a: Togedemaru|Iron Head|p2a: Hot Pants\n|-damage|p2a: Hot Pants|44\/100\n|move|p2a: Hot Pants|Leech Life|p1a: Togedemaru\n|-resisted|p1a: Togedemaru\n|-damage|p1a: Togedemaru|0 fnt\n|-heal|p2a: Hot Pants|45\/100|[from] drain|[of] p1a: Togedemaru\n|faint|p1a: Togedemaru\n|\n|-heal|p2a: Hot Pants|51\/100|[from] item: Leftovers\n|-fieldend|move: Electric Terrain\n|upkeep\n|\n|t:|1699586069\n|switch|p1a: Okidogi|Okidogi, M|90\/100\n|turn|10\n|\n|t:|1699586081\n|move|p1a: Okidogi|Drain Punch|p2a: Hot Pants\n|-damage|p2a: Hot Pants|32\/100\n|-heal|p1a: Okidogi|99\/100|[from] drain|[of] p2a: Hot Pants\n|move|p2a: Hot Pants|Leaf Storm|p1a: Okidogi\n|-resisted|p1a: Okidogi\n|-damage|p1a: Okidogi|58\/100\n|-boost|p2a: Hot Pants|spa|2\n|\n|-heal|p1a: Okidogi|64\/100|[from] item: Black Sludge\n|-heal|p2a: Hot Pants|38\/100|[from] item: Leftovers\n|upkeep\n|turn|11\n|\n|t:|1699586091\n|move|p1a: Okidogi|Drain Punch|p2a: Hot Pants\n|-damage|p2a: Hot Pants|21\/100\n|-heal|p1a: Okidogi|71\/100|[from] drain|[of] p2a: Hot Pants\n|move|p2a: Hot Pants|Leaf Storm|p1a: Okidogi\n|-resisted|p1a: Okidogi\n|-crit|p1a: Okidogi\n|-damage|p1a: Okidogi|0 fnt\n|-boost|p2a: Hot Pants|spa|2\n|faint|p1a: Okidogi\n|\n|-heal|p2a: Hot Pants|27\/100|[from] item: Leftovers\n|upkeep\n|\n|t:|1699586097\n|switch|p1a: Electrode|Electrode-Hisui|100\/100\n|turn|12\n|\n|t:|1699586107\n|move|p1a: Electrode|Chloroblast|p2a: Hot Pants\n|-resisted|p2a: Hot Pants\n|-damage|p2a: Hot Pants|0 fnt\n|faint|p2a: Hot Pants\n|-damage|p1a: Electrode|50\/100|[from] Recoil\n|\n|upkeep\n|\n|t:|1699586115\n|switch|p2a: Lieutenant Garr|Arcanine-Hisui, M|100\/100\n|turn|13\n|\n|t:|1699586125\n|move|p2a: Lieutenant Garr|Extreme Speed|p1a: Electrode\n|-damage|p1a: Electrode|0 fnt\n|faint|p1a: Electrode\n|\n|upkeep\n|\n|t:|1699586130\n|switch|p1a: AAAAAAAAAAAA|Guzzlord|96\/100\n|turn|14\n|\n|t:|1699586134\n|move|p2a: Lieutenant Garr|Extreme Speed|p1a: AAAAAAAAAAAA\n|-damage|p1a: AAAAAAAAAAAA|62\/100\n|move|p1a: AAAAAAAAAAAA|Stockpile|p1a: AAAAAAAAAAAA\n|-start|p1a: AAAAAAAAAAAA|stockpile1\n|-boost|p1a: AAAAAAAAAAAA|def|1\n|-boost|p1a: AAAAAAAAAAAA|spd|1\n|\n|-heal|p1a: AAAAAAAAAAAA|68\/100|[from] item: Leftovers\n|upkeep\n|turn|15\n|\n|t:|1699586148\n|switch|p2a: Potemkin|Swampert, M|100\/100\n|move|p1a: AAAAAAAAAAAA|Heavy Slam|p2a: Potemkin\n|-resisted|p2a: Potemkin\n|-damage|p2a: Potemkin|79\/100\n|\n|-heal|p1a: AAAAAAAAAAAA|74\/100|[from] item: Leftovers\n|upkeep\n|turn|16\n|\n|t:|1699586161\n|detailschange|p2a: Potemkin|Swampert-Mega, M\n|-mega|p2a: Potemkin|Swampert|Swampertite\n|move|p2a: Potemkin|Earthquake|p1a: AAAAAAAAAAAA\n|-damage|p1a: AAAAAAAAAAAA|35\/100\n|move|p1a: AAAAAAAAAAAA|Dragon Tail|p2a: Potemkin\n|-damage|p2a: Potemkin|52\/100\n|drag|p2a: Lieutenant Garr|Arcanine-Hisui, M|100\/100\n|\n|-heal|p1a: AAAAAAAAAAAA|41\/100|[from] item: Leftovers\n|upkeep\n|turn|17\n|\n|t:|1699586170\n|move|p2a: Lieutenant Garr|Close Combat|p1a: AAAAAAAAAAAA\n|-supereffective|p1a: AAAAAAAAAAAA\n|-damage|p1a: AAAAAAAAAAAA|0 fnt\n|-unboost|p2a: Lieutenant Garr|def|1\n|-unboost|p2a: Lieutenant Garr|spd|1\n|faint|p1a: AAAAAAAAAAAA\n|\n|upkeep\n|\n|t:|1699586173\n|switch|p1a: Bellibolt|Bellibolt, F|100\/100\n|turn|18\n|\n|t:|1699586180\n|-terastallize|p1a: Bellibolt|Electric\n|move|p2a: Lieutenant Garr|Close Combat|p1a: Bellibolt\n|-damage|p1a: Bellibolt|50\/100\n|-unboost|p2a: Lieutenant Garr|def|1\n|-unboost|p2a: Lieutenant Garr|spd|1\n|-start|p1a: Bellibolt|Charge|Close Combat|[from] ability: Electromorphosis\n|move|p1a: Bellibolt|Parabolic Charge|p2a: Lieutenant Garr\n|-damage|p2a: Lieutenant Garr|0 fnt\n|-heal|p1a: Bellibolt|90\/100|[from] drain|[of] p2a: Lieutenant Garr\n|faint|p2a: Lieutenant Garr\n|-end|p1a: Bellibolt|Charge|[silent]\n|\n|upkeep\n|\n|t:|1699586194\n|switch|p2a: Potemkin|Swampert-Mega, M|52\/100\n|turn|19\n|c|\u2606CowmanderJBBWN|Gg\n|\n|t:|1699586200\n|move|p2a: Potemkin|Earthquake|p1a: Bellibolt\n|-supereffective|p1a: Bellibolt\n|-damage|p1a: Bellibolt|0 fnt\n|faint|p1a: Bellibolt\n|\n|win|SpecsGastr0\n|raw|CowmanderJBBWN's rating: 1123 &rarr; <strong>1096<\/strong><br \/>(-27 for losing)\n|raw|SpecsGastr0's rating: 1091 &rarr; <strong>1120<\/strong><br \/>(+29 for winning)\n|c|\u2606SpecsGastr0|gg\n|c|\u2606SpecsGastr0|may your quest for roundness end in splendor\n|c|\u2606CowmanderJBBWN|thanks\n","uploadtime":1699586221,"views":6,"p1id":"cowmanderjbbwn","p2id":"specsgastr0","formatid":"gen9nationaldex","rating":1096,"private":0,"password":""}