{"id":"gen9nationaldex-2000346488","p1":"vacuumcleanerpt.2","p2":"Mongoose556","format":"[Gen 9] National Dex","log":"|html|<div class=\"broadcast-blue\"><strong>[Gen 9] National Dex is currently suspecting Sneasler! For information on how to participate check out the <a href=\"https:\/\/www.smogon.com\/forums\/threads\/sv-national-dex-suspect-8-just-dance.3731534\/\">suspect thread<\/a>.<\/strong><\/div>\n|j|\u2606vacuumcleanerpt.2\n|j|\u2606Mongoose556\n|t:|1701186995\n|gametype|singles\n|player|p1|vacuumcleanerpt.2|policeman|1128\n|player|p2|Mongoose556|roxanne|1165\n|teamsize|p1|6\n|teamsize|p2|6\n|gen|9\n|tier|[Gen 9] National Dex\n|rated|\n|rule|HP Percentage Mod: HP is shown in percentages\n|rule|Endless Battle Clause: Forcing endless battles is banned\n|rule|OHKO Clause: OHKO moves are banned\n|rule|Evasion Clause: Evasion abilities, items, and moves are banned\n|rule|Evasion Abilities Clause: Evasion abilities are banned\n|rule|Evasion Items Clause: Evasion items are banned\n|rule|Evasion Moves Clause: Evasion moves are banned\n|rule|Species Clause: Limit one of each Pok\u00e9mon\n|rule|Sleep Clause Mod: Limit one foe put to sleep\n|clearpoke\n|poke|p1|Blaziken, M|\n|poke|p1|Garchomp, M|\n|poke|p1|Tinkaton, F|\n|poke|p1|Heliolisk, F|\n|poke|p1|Fezandipiti, M|\n|poke|p1|Skarmory, M|\n|poke|p2|Spearow, M|\n|poke|p2|Gengar, M|\n|poke|p2|Venusaur, M|\n|poke|p2|Scyther, M|\n|poke|p2|Golem-Alola, M|\n|poke|p2|Wigglytuff, M|\n|teampreview\n|inactive|Battle timer is ON: inactive players will automatically lose when time's up. (requested by Mongoose556)\n|\n|t:|1701187010\n|start\n|switch|p1a: Blaziken|Blaziken, M, shiny|100\/100\n|switch|p2a: Golem|Golem-Alola, M, shiny|100\/100\n|turn|1\n|\n|t:|1701187023\n|move|p1a: Blaziken|Earthquake|p2a: Golem\n|-supereffective|p2a: Golem\n|-damage|p2a: Golem|0 fnt\n|faint|p2a: Golem\n|\n|-ability|p1a: Blaziken|Speed Boost|boost\n|-boost|p1a: Blaziken|spe|1\n|upkeep\n|\n|t:|1701187027\n|switch|p2a: Biff|Spearow, M|100\/100\n|turn|2\n|\n|t:|1701187035\n|move|p1a: Blaziken|Swords Dance|p1a: Blaziken\n|-boost|p1a: Blaziken|atk|2\n|move|p2a: Biff|Drill Peck|p1a: Blaziken\n|-supereffective|p1a: Blaziken\n|-damage|p1a: Blaziken|11\/100\n|\n|-ability|p1a: Blaziken|Speed Boost|boost\n|-boost|p1a: Blaziken|spe|1\n|upkeep\n|turn|3\n|\n|t:|1701187041\n|move|p2a: Biff|Quick Attack|p1a: Blaziken\n|-damage|p1a: Blaziken|0 fnt\n|faint|p1a: Blaziken\n|\n|upkeep\n|\n|t:|1701187047\n|switch|p1a: Heliolisk|Heliolisk, F|100\/100\n|turn|4\n|\n|t:|1701187050\n|move|p1a: Heliolisk|Parabolic Charge|p2a: Biff\n|-supereffective|p2a: Biff\n|-enditem|p2a: Biff|Focus Sash\n|-damage|p2a: Biff|1\/100\n|move|p2a: Biff|Drill Run|p1a: Heliolisk\n|-supereffective|p1a: Heliolisk\n|-damage|p1a: Heliolisk|20\/100\n|\n|upkeep\n|turn|5\n|\n|t:|1701187059\n|move|p2a: Biff|Quick Attack|p1a: Heliolisk\n|-damage|p1a: Heliolisk|0 fnt\n|faint|p1a: Heliolisk\n|\n|upkeep\n|\n|t:|1701187066\n|switch|p1a: Skarmory|Skarmory, M, shiny|100\/100\n|turn|6\n|\n|t:|1701187071\n|move|p2a: Biff|Drill Peck|p1a: Skarmory\n|-resisted|p1a: Skarmory\n|-damage|p1a: Skarmory|91\/100\n|move|p1a: Skarmory|Steel Wing|p2a: Biff|[miss]\n|-miss|p1a: Skarmory|p2a: Biff\n|\n|-heal|p1a: Skarmory|97\/100|[from] item: Leftovers\n|upkeep\n|turn|7\n|\n|t:|1701187079\n|move|p2a: Biff|Steel Wing|p1a: Skarmory|[miss]\n|-miss|p2a: Biff|p1a: Skarmory\n|move|p1a: Skarmory|Iron Defense|p1a: Skarmory\n|-boost|p1a: Skarmory|def|2\n|\n|-heal|p1a: Skarmory|100\/100|[from] item: Leftovers\n|upkeep\n|turn|8\n|\n|t:|1701187086\n|move|p2a: Biff|Drill Peck|p1a: Skarmory\n|-resisted|p1a: Skarmory\n|-damage|p1a: Skarmory|96\/100\n|move|p1a: Skarmory|Iron Defense|p1a: Skarmory\n|-boost|p1a: Skarmory|def|2\n|\n|-heal|p1a: Skarmory|100\/100|[from] item: Leftovers\n|upkeep\n|turn|9\n|\n|t:|1701187093\n|move|p2a: Biff|Drill Peck|p1a: Skarmory\n|-resisted|p1a: Skarmory\n|-damage|p1a: Skarmory|97\/100\n|move|p1a: Skarmory|Iron Defense|p1a: Skarmory\n|-boost|p1a: Skarmory|def|2\n|\n|-heal|p1a: Skarmory|100\/100|[from] item: Leftovers\n|upkeep\n|turn|10\n|\n|t:|1701187099\n|move|p2a: Biff|Drill Peck|p1a: Skarmory\n|-resisted|p1a: Skarmory\n|-damage|p1a: Skarmory|98\/100\n|move|p1a: Skarmory|Steel Wing|p2a: Biff|[miss]\n|-miss|p1a: Skarmory|p2a: Biff\n|\n|-heal|p1a: Skarmory|100\/100|[from] item: Leftovers\n|upkeep\n|turn|11\n|\n|t:|1701187107\n|move|p2a: Biff|Drill Peck|p1a: Skarmory\n|-resisted|p1a: Skarmory\n|-damage|p1a: Skarmory|98\/100\n|move|p1a: Skarmory|Steel Wing|p2a: Biff\n|-damage|p2a: Biff|0 fnt\n|faint|p2a: Biff\n|\n|-heal|p1a: Skarmory|100\/100|[from] item: Leftovers\n|upkeep\n|\n|t:|1701187109\n|switch|p2a: Wigglytuff|Wigglytuff, M|100\/100\n|turn|12\n|\n|t:|1701187119\n|move|p1a: Skarmory|Toxic|p2a: Wigglytuff\n|-status|p2a: Wigglytuff|tox\n|move|p2a: Wigglytuff|Flamethrower|p1a: Skarmory\n|-supereffective|p1a: Skarmory\n|-damage|p1a: Skarmory|33\/100\n|\n|-heal|p1a: Skarmory|39\/100|[from] item: Leftovers\n|-damage|p2a: Wigglytuff|94\/100 tox|[from] psn\n|upkeep\n|turn|13\n|\n|t:|1701187128\n|move|p1a: Skarmory|Roost|p1a: Skarmory\n|-heal|p1a: Skarmory|89\/100\n|-singleturn|p1a: Skarmory|move: Roost\n|move|p2a: Wigglytuff|Flamethrower|p1a: Skarmory\n|-supereffective|p1a: Skarmory\n|-damage|p1a: Skarmory|18\/100\n|-status|p1a: Skarmory|brn\n|\n|-heal|p1a: Skarmory|24\/100 brn|[from] item: Leftovers\n|-damage|p2a: Wigglytuff|82\/100 tox|[from] psn\n|-damage|p1a: Skarmory|18\/100 brn|[from] brn\n|upkeep\n|turn|14\n|\n|t:|1701187142\n|switch|p1a: Fezandipiti|Fezandipiti, M|100\/100\n|move|p2a: Wigglytuff|Flamethrower|p1a: Fezandipiti\n|-damage|p1a: Fezandipiti|83\/100\n|\n|-heal|p1a: Fezandipiti|89\/100|[from] item: Leftovers\n|-damage|p2a: Wigglytuff|63\/100 tox|[from] psn\n|upkeep\n|turn|15\n|\n|t:|1701187151\n|switch|p2a: Venusaur|Venusaur, M|100\/100\n|move|p1a: Fezandipiti|Nasty Plot|p1a: Fezandipiti\n|-boost|p1a: Fezandipiti|spa|2\n|\n|-heal|p1a: Fezandipiti|95\/100|[from] item: Leftovers\n|upkeep\n|turn|16\n|\n|t:|1701187159\n|detailschange|p2a: Venusaur|Venusaur-Mega, M\n|-mega|p2a: Venusaur|Venusaur|Venusaurite\n|move|p2a: Venusaur|Earth Power|p1a: Fezandipiti\n|-supereffective|p1a: Fezandipiti\n|-damage|p1a: Fezandipiti|49\/100\n|-unboost|p1a: Fezandipiti|spd|1\n|move|p1a: Fezandipiti|Moonblast|p2a: Venusaur\n|-resisted|p2a: Venusaur\n|-damage|p2a: Venusaur|74\/100\n|-unboost|p2a: Venusaur|spa|1\n|\n|-heal|p1a: Fezandipiti|55\/100|[from] item: Leftovers\n|upkeep\n|turn|17\n|\n|t:|1701187172\n|move|p2a: Venusaur|Earth Power|p1a: Fezandipiti\n|-supereffective|p1a: Fezandipiti\n|-damage|p1a: Fezandipiti|9\/100\n|move|p1a: Fezandipiti|Sludge Bomb|p2a: Venusaur\n|-damage|p2a: Venusaur|21\/100\n|\n|-heal|p1a: Fezandipiti|15\/100|[from] item: Leftovers\n|upkeep\n|turn|18\n|\n|t:|1701187183\n|switch|p1a: Tinkaton|Tinkaton, F, shiny|100\/100\n|-ability|p1a: Tinkaton|Mold Breaker\n|move|p2a: Venusaur|Sludge Bomb|p1a: Tinkaton\n|-immune|p1a: Tinkaton\n|\n|upkeep\n|turn|19\n|\n|t:|1701187193\n|switch|p2a: Wigglytuff|Wigglytuff, M|63\/100 tox\n|move|p1a: Tinkaton|Swords Dance|p1a: Tinkaton\n|-boost|p1a: Tinkaton|atk|2\n|\n|-damage|p2a: Wigglytuff|57\/100 tox|[from] psn\n|upkeep\n|turn|20\n|\n|t:|1701187200\n|move|p1a: Tinkaton|Gigaton Hammer|p2a: Wigglytuff\n|-supereffective|p2a: Wigglytuff\n|-damage|p2a: Wigglytuff|0 fnt\n|faint|p2a: Wigglytuff\n|\n|upkeep\n|\n|t:|1701187207\n|switch|p2a: Venusaur|Venusaur-Mega, M|21\/100\n|turn|21\n|\n|t:|1701187211\n|move|p2a: Venusaur|Sleep Powder|p1a: Tinkaton\n|-status|p1a: Tinkaton|slp|[from] move: Sleep Powder\n|cant|p1a: Tinkaton|slp\n|\n|upkeep\n|turn|22\n|\n|t:|1701187217\n|move|p2a: Venusaur|Earth Power|p1a: Tinkaton\n|-supereffective|p1a: Tinkaton\n|-damage|p1a: Tinkaton|55\/100 slp\n|cant|p1a: Tinkaton|slp\n|\n|-heal|p1a: Tinkaton|61\/100 slp|[from] item: Leftovers\n|upkeep\n|turn|23\n|\n|t:|1701187227\n|switch|p1a: Skarmory|Skarmory, M, shiny|18\/100 brn\n|move|p2a: Venusaur|Earth Power|p1a: Skarmory\n|-immune|p1a: Skarmory\n|\n|-heal|p1a: Skarmory|24\/100 brn|[from] item: Leftovers\n|-damage|p1a: Skarmory|18\/100 brn|[from] brn\n|upkeep\n|turn|24\n|\n|t:|1701187236\n|move|p2a: Venusaur|Energy Ball|p1a: Skarmory\n|-resisted|p1a: Skarmory\n|-damage|p1a: Skarmory|3\/100 brn\n|move|p1a: Skarmory|Toxic|p2a: Venusaur|[miss]\n|-miss|p1a: Skarmory|p2a: Venusaur\n|\n|-heal|p1a: Skarmory|9\/100 brn|[from] item: Leftovers\n|-damage|p1a: Skarmory|3\/100 brn|[from] brn\n|upkeep\n|turn|25\n|\n|t:|1701187245\n|move|p2a: Venusaur|Energy Ball|p1a: Skarmory\n|-resisted|p1a: Skarmory\n|-damage|p1a: Skarmory|0 fnt\n|faint|p1a: Skarmory\n|\n|upkeep\n|\n|t:|1701187250\n|switch|p1a: Garchomp|Garchomp, M, shiny|100\/100\n|turn|26\n|\n|t:|1701187258\n|detailschange|p1a: Garchomp|Garchomp-Mega, M, shiny\n|-mega|p1a: Garchomp|Garchomp|Garchompite\n|move|p1a: Garchomp|Dragon Claw|p2a: Venusaur\n|-damage|p2a: Venusaur|0 fnt\n|faint|p2a: Venusaur\n|\n|upkeep\n|\n|t:|1701187270\n|switch|p2a: Gengar|Gengar, M, shiny|100\/100\n|turn|27\n|\n|t:|1701187276\n|move|p2a: Gengar|Shadow Ball|p1a: Garchomp\n|-damage|p1a: Garchomp|33\/100\n|move|p1a: Garchomp|Swords Dance|p1a: Garchomp\n|-boost|p1a: Garchomp|atk|2\n|\n|upkeep\n|turn|28\n|\n|t:|1701187284\n|move|p2a: Gengar|Shadow Ball|p1a: Garchomp\n|-damage|p1a: Garchomp|0 fnt\n|faint|p1a: Garchomp\n|\n|upkeep\n|\n|t:|1701187288\n|switch|p1a: Tinkaton|Tinkaton, F, shiny|61\/100 slp\n|-ability|p1a: Tinkaton|Mold Breaker\n|turn|29\n|\n|t:|1701187295\n|move|p2a: Gengar|Shadow Ball|p1a: Tinkaton\n|-damage|p1a: Tinkaton|10\/100 slp\n|cant|p1a: Tinkaton|slp\n|\n|-heal|p1a: Tinkaton|16\/100 slp|[from] item: Leftovers\n|upkeep\n|turn|30\n|c|\u2606vacuumcleanerpt.2|gg\n|\n|t:|1701187301\n|move|p2a: Gengar|Shadow Ball|p1a: Tinkaton\n|-damage|p1a: Tinkaton|0 fnt\n|faint|p1a: Tinkaton\n|\n|upkeep\n|c|\u2606Mongoose556|Gg\n|\n|t:|1701187306\n|switch|p1a: Fezandipiti|Fezandipiti, M|15\/100\n|turn|31\n|\n|t:|1701187309\n|move|p2a: Gengar|Shadow Ball|p1a: Fezandipiti\n|-damage|p1a: Fezandipiti|0 fnt\n|faint|p1a: Fezandipiti\n|\n|win|Mongoose556\n|raw|vacuumcleanerpt.2's rating: 1128 &rarr; <strong>1106<\/strong><br \/>(-22 for losing)\n|raw|Mongoose556's rating: 1165 &rarr; <strong>1187<\/strong><br \/>(+22 for winning)\n","uploadtime":1701187312,"views":3,"p1id":"vacuumcleanerpt2","p2id":"mongoose556","formatid":"gen9nationaldex","rating":1106,"private":0,"password":""}