{"id":"gen9nationaldex-1989959053","p1":"safsasdf","p2":"Rikonkon","format":"[Gen 9] National Dex","log":"|j|\u2606safsasdf\n|j|\u2606Rikonkon\n|t:|1699910255\n|gametype|singles\n|player|p1|safsasdf|169|\n|player|p2|Rikonkon|169|\n|teamsize|p1|6\n|teamsize|p2|6\n|gen|9\n|tier|[Gen 9] National Dex\n|rule|HP Percentage Mod: HP is shown in percentages\n|rule|Endless Battle Clause: Forcing endless battles is banned\n|rule|OHKO Clause: OHKO moves are banned\n|rule|Evasion Clause: Evasion abilities, items, and moves are banned\n|rule|Evasion Abilities Clause: Evasion abilities are banned\n|rule|Evasion Items Clause: Evasion items are banned\n|rule|Evasion Moves Clause: Evasion moves are banned\n|rule|Species Clause: Limit one of each Pok\u00e9mon\n|rule|Sleep Clause Mod: Limit one foe put to sleep\n|clearpoke\n|poke|p1|Arbok, M|\n|poke|p1|Amoonguss, F|\n|poke|p1|Slurpuff, M|\n|poke|p1|Goodra-Hisui, F|\n|poke|p1|Gastrodon, M|\n|poke|p1|Urshifu-*, M|\n|poke|p2|Scizor, F|\n|poke|p2|Rotom-Wash|\n|poke|p2|Iron Valiant|\n|poke|p2|Chansey, F|\n|poke|p2|Landorus-Therian, M|\n|poke|p2|Volcarona, F|\n|teampreview\n|\n|t:|1699910274\n|start\n|switch|p1a: Slurpuff|Slurpuff, M|100\/100\n|switch|p2a: Scizor|Scizor, F|100\/100\n|turn|1\n|\n|t:|1699910282\n|detailschange|p2a: Scizor|Scizor-Mega, F\n|-mega|p2a: Scizor|Scizor|Scizorite\n|move|p2a: Scizor|Bullet Punch|p1a: Slurpuff\n|-supereffective|p1a: Slurpuff\n|-damage|p1a: Slurpuff|21\/100\n|-enditem|p1a: Slurpuff|Sitrus Berry|[eat]\n|-heal|p1a: Slurpuff|46\/100|[from] item: Sitrus Berry\n|move|p1a: Slurpuff|Sticky Web|p2a: Scizor\n|-sidestart|p2: Rikonkon|move: Sticky Web\n|\n|upkeep\n|turn|2\n|\n|t:|1699910309\n|switch|p1a: Arbok|Arbok, M|100\/100\n|-ability|p1a: Arbok|Intimidate|boost\n|-unboost|p2a: Scizor|atk|1\n|move|p2a: Scizor|Bullet Punch|p1a: Arbok\n|-damage|p1a: Arbok|55\/100\n|\n|upkeep\n|turn|3\n|\n|t:|1699910318\n|move|p1a: Arbok|Glare|p2a: Scizor\n|-status|p2a: Scizor|par\n|move|p2a: Scizor|U-turn|p1a: Arbok\n|-resisted|p1a: Arbok\n|-damage|p1a: Arbok|28\/100\n|\n|t:|1699910327\n|switch|p2a: Rotom|Rotom-Wash|100\/100|[from] U-turn\n|\n|upkeep\n|turn|4\n|\n|t:|1699910337\n|switch|p1a: Gastrodon|Gastrodon, M|100\/100\n|move|p2a: Rotom|Volt Switch|p1a: Gastrodon\n|-immune|p1a: Gastrodon\n|\n|upkeep\n|turn|5\n|\n|t:|1699910343\n|move|p2a: Rotom|Defog|p1a: Gastrodon\n|-unboost|p1a: Gastrodon|evasion|1\n|-sideend|p2: Rikonkon|Sticky Web|[from] move: Defog|[of] p2a: Rotom\n|move|p1a: Gastrodon|Ice Beam|p2a: Rotom\n|-resisted|p2a: Rotom\n|-damage|p2a: Rotom|87\/100\n|\n|upkeep\n|turn|6\n|\n|t:|1699910350\n|move|p2a: Rotom|Will-O-Wisp|p1a: Gastrodon\n|-status|p1a: Gastrodon|brn\n|move|p1a: Gastrodon|Toxic|p2a: Rotom\n|-status|p2a: Rotom|tox\n|\n|-damage|p2a: Rotom|81\/100 tox|[from] psn\n|-damage|p1a: Gastrodon|94\/100 brn|[from] brn\n|upkeep\n|turn|7\n|\n|t:|1699910356\n|move|p2a: Rotom|Hex|p1a: Gastrodon\n|-damage|p1a: Gastrodon|60\/100 brn\n|move|p1a: Gastrodon|Scald|p2a: Rotom\n|-resisted|p2a: Rotom\n|-damage|p2a: Rotom|64\/100 tox\n|\n|-heal|p1a: Gastrodon|66\/100 brn|[from] item: Leftovers\n|-damage|p2a: Rotom|51\/100 tox|[from] psn\n|-damage|p1a: Gastrodon|60\/100 brn|[from] brn\n|upkeep\n|turn|8\n|\n|t:|1699910362\n|switch|p2a: Scizor|Scizor-Mega, F|100\/100 par\n|switch|p1a: Amoonguss|Amoonguss, F|100\/100\n|\n|upkeep\n|turn|9\n|\n|t:|1699910368\n|switch|p2a: Chansey|Chansey, F|100\/100\n|move|p1a: Amoonguss|Protect||[still]\n|-fail|p1a: Amoonguss\n|\n|upkeep\n|turn|10\n|\n|t:|1699910372\n|move|p2a: Chansey|Heal Bell|p2a: Chansey\n|-activate|p2a: Chansey|move: Heal Bell\n|-curestatus|p2: Rotom|tox|[msg]\n|-curestatus|p2: Scizor|par|[msg]\n|move|p1a: Amoonguss|Toxic|p2a: Chansey\n|-status|p2a: Chansey|tox\n|\n|-damage|p2a: Chansey|94\/100 tox|[from] psn\n|upkeep\n|turn|11\n|\n|t:|1699910378\n|move|p2a: Chansey|Stealth Rock|p1a: Amoonguss\n|-sidestart|p1: safsasdf|move: Stealth Rock\n|move|p1a: Amoonguss|Sludge Bomb|p2a: Chansey\n|-damage|p2a: Chansey|86\/100 tox\n|\n|-damage|p2a: Chansey|73\/100 tox|[from] psn\n|upkeep\n|turn|12\n|\n|t:|1699910385\n|-curestatus|p2a: Chansey|tox|[from] ability: Natural Cure\n|switch|p2a: Scizor|Scizor-Mega, F|100\/100\n|move|p1a: Amoonguss|Sludge Bomb|p2a: Scizor\n|-immune|p2a: Scizor\n|\n|upkeep\n|turn|13\n|\n|t:|1699910398\n|move|p2a: Scizor|U-turn|p1a: Amoonguss\n|-damage|p1a: Amoonguss|57\/100\n|\n|t:|1699910401\n|switch|p2a: Chansey|Chansey, F|73\/100|[from] U-turn\n|move|p1a: Amoonguss|Spore|p2a: Chansey\n|-status|p2a: Chansey|slp|[from] move: Spore\n|\n|-heal|p1a: Amoonguss|63\/100|[from] item: Leftovers\n|upkeep\n|turn|14\n|\n|t:|1699910418\n|-curestatus|p2a: Chansey|slp|[from] ability: Natural Cure\n|switch|p2a: Scizor|Scizor-Mega, F|100\/100\n|switch|p1a: Arbok|Arbok, M|28\/100\n|-damage|p1a: Arbok|16\/100|[from] Stealth Rock\n|-ability|p1a: Arbok|Intimidate|boost\n|-unboost|p2a: Scizor|atk|1\n|\n|upkeep\n|turn|15\n|\n|t:|1699910424\n|move|p2a: Scizor|Bullet Punch|p1a: Arbok\n|-damage|p1a: Arbok|0 fnt\n|faint|p1a: Arbok\n|\n|upkeep\n|\n|t:|1699910441\n|switch|p1a: Amoonguss|Amoonguss, F|96\/100\n|-damage|p1a: Amoonguss|84\/100|[from] Stealth Rock\n|turn|16\n|\n|t:|1699910444\n|switch|p2a: Chansey|Chansey, F|73\/100\n|move|p1a: Amoonguss|Spore|p2a: Chansey\n|-status|p2a: Chansey|slp|[from] move: Spore\n|\n|-heal|p1a: Amoonguss|90\/100|[from] item: Leftovers\n|upkeep\n|turn|17\n|\n|t:|1699910454\n|switch|p1a: Two Punch Man|Urshifu-Rapid-Strike, M|100\/100\n|-damage|p1a: Two Punch Man|94\/100|[from] Stealth Rock\n|cant|p2a: Chansey|slp\n|\n|upkeep\n|turn|18\n|\n|t:|1699910459\n|-curestatus|p2a: Chansey|slp|[from] ability: Natural Cure\n|switch|p2a: Scizor|Scizor-Mega, F|100\/100\n|move|p1a: Two Punch Man|Surging Strikes|p2a: Scizor\n|-crit|p2a: Scizor\n|-damage|p2a: Scizor|80\/100\n|-crit|p2a: Scizor\n|-damage|p2a: Scizor|56\/100\n|-crit|p2a: Scizor\n|-damage|p2a: Scizor|34\/100\n|-hitcount|p2a: Scizor|3\n|\n|upkeep\n|turn|19\n|\n|t:|1699910477\n|switch|p2a: Rotom|Rotom-Wash|51\/100\n|move|p1a: Two Punch Man|Surging Strikes|p2a: Rotom\n|-resisted|p2a: Rotom\n|-crit|p2a: Rotom\n|-damage|p2a: Rotom|32\/100\n|-resisted|p2a: Rotom\n|-crit|p2a: Rotom\n|-damage|p2a: Rotom|13\/100\n|-resisted|p2a: Rotom\n|-crit|p2a: Rotom\n|-damage|p2a: Rotom|0 fnt\n|faint|p2a: Rotom\n|-hitcount|p2: Rotom|3\n|\n|upkeep\n|\n|t:|1699910483\n|switch|p2a: Iron Valiant|Iron Valiant|100\/100\n|turn|20\n|\n|t:|1699910492\n|switch|p1a: Amoonguss|Amoonguss, F|100\/100\n|-damage|p1a: Amoonguss|88\/100|[from] Stealth Rock\n|move|p2a: Iron Valiant|Thunderbolt|p1a: Amoonguss\n|-resisted|p1a: Amoonguss\n|-damage|p1a: Amoonguss|75\/100\n|-damage|p2a: Iron Valiant|91\/100|[from] item: Life Orb\n|\n|-heal|p1a: Amoonguss|81\/100|[from] item: Leftovers\n|upkeep\n|turn|21\n|\n|t:|1699910500\n|move|p2a: Iron Valiant|Destiny Bond|p2a: Iron Valiant\n|-singlemove|p2a: Iron Valiant|Destiny Bond\n|move|p1a: Amoonguss|Spore|p2a: Iron Valiant\n|-status|p2a: Iron Valiant|slp|[from] move: Spore\n|\n|-heal|p1a: Amoonguss|88\/100|[from] item: Leftovers\n|upkeep\n|turn|22\n|\n|t:|1699910504\n|-end|p2a: Iron Valiant|Quark Drive|[silent]\n|switch|p2a: Chansey|Chansey, F|73\/100\n|move|p1a: Amoonguss|Sludge Bomb|p2a: Chansey\n|-damage|p2a: Chansey|65\/100\n|\n|-heal|p1a: Amoonguss|94\/100|[from] item: Leftovers\n|upkeep\n|turn|23\n|\n|t:|1699910509\n|move|p2a: Chansey|Heal Bell|p2a: Chansey\n|-activate|p2a: Chansey|move: Heal Bell\n|-curestatus|p2: Iron Valiant|slp|[msg]\n|move|p1a: Amoonguss|Toxic|p2a: Chansey\n|-status|p2a: Chansey|tox\n|\n|-heal|p1a: Amoonguss|99\/100|[from] item: Leftovers\n|-damage|p2a: Chansey|59\/100 tox|[from] psn\n|upkeep\n|turn|24\n|\n|t:|1699910514\n|-curestatus|p2a: Chansey|tox|[from] ability: Natural Cure\n|switch|p2a: Scizor|Scizor-Mega, F|34\/100\n|move|p1a: Amoonguss|Sludge Bomb|p2a: Scizor\n|-immune|p2a: Scizor\n|\n|-heal|p1a: Amoonguss|100\/100|[from] item: Leftovers\n|upkeep\n|turn|25\n|\n|t:|1699910520\n|move|p2a: Scizor|U-turn|p1a: Amoonguss\n|-damage|p1a: Amoonguss|55\/100\n|\n|t:|1699910523\n|switch|p2a: Chansey|Chansey, F|59\/100|[from] U-turn\n|move|p1a: Amoonguss|Spore|p2a: Chansey\n|-status|p2a: Chansey|slp|[from] move: Spore\n|\n|-heal|p1a: Amoonguss|61\/100|[from] item: Leftovers\n|upkeep\n|turn|26\n|\n|t:|1699910529\n|-curestatus|p2a: Chansey|slp|[from] ability: Natural Cure\n|switch|p2a: Landorus|Landorus-Therian, M|100\/100\n|-ability|p2a: Landorus|Intimidate|boost\n|-unboost|p1a: Amoonguss|atk|1\n|switch|p1a: Two Punch Man|Urshifu-Rapid-Strike, M|94\/100\n|-damage|p1a: Two Punch Man|88\/100|[from] Stealth Rock\n|\n|upkeep\n|turn|27\n|\n|t:|1699910537\n|move|p1a: Two Punch Man|Surging Strikes|p2a: Landorus\n|-supereffective|p2a: Landorus\n|-crit|p2a: Landorus\n|-damage|p2a: Landorus|33\/100\n|-supereffective|p2a: Landorus\n|-crit|p2a: Landorus\n|-damage|p2a: Landorus|0 fnt\n|faint|p2a: Landorus\n|-hitcount|p2: Landorus|2\n|\n|upkeep\n|\n|t:|1699910546\n|switch|p2a: Volcarona|Volcarona, F|100\/100\n|turn|28\n|\n|t:|1699910548\n|-terastallize|p2a: Volcarona|Grass\n|move|p2a: Volcarona|Quiver Dance|p2a: Volcarona\n|-boost|p2a: Volcarona|spa|1\n|-boost|p2a: Volcarona|spd|1\n|-boost|p2a: Volcarona|spe|1\n|move|p1a: Two Punch Man|Surging Strikes|p2a: Volcarona\n|-resisted|p2a: Volcarona\n|-crit|p2a: Volcarona\n|-damage|p2a: Volcarona|79\/100\n|-status|p1a: Two Punch Man|brn|[from] ability: Flame Body|[of] p2a: Volcarona\n|-resisted|p2a: Volcarona\n|-crit|p2a: Volcarona\n|-damage|p2a: Volcarona|68\/100\n|-resisted|p2a: Volcarona\n|-crit|p2a: Volcarona\n|-damage|p2a: Volcarona|57\/100\n|-hitcount|p2a: Volcarona|3\n|\n|-damage|p1a: Two Punch Man|82\/100 brn|[from] brn\n|upkeep\n|turn|29\n|\n|t:|1699910564\n|switch|p1a: Amoonguss|Amoonguss, F|95\/100\n|-damage|p1a: Amoonguss|82\/100|[from] Stealth Rock\n|move|p2a: Volcarona|Quiver Dance|p2a: Volcarona\n|-boost|p2a: Volcarona|spa|1\n|-boost|p2a: Volcarona|spd|1\n|-boost|p2a: Volcarona|spe|1\n|\n|-heal|p1a: Amoonguss|88\/100|[from] item: Leftovers\n|upkeep\n|turn|30\n|c|\u2606Rikonkon|!weak Amoonguss\n|c| Rikonkon|\/raw <div class=\"infobox\">Amoonguss (ignoring abilities):<br \/><span class=\"message-effect-weak\">Weaknesses<\/span>: Fire, Flying, Ice, Psychic<br \/><span class=\"message-effect-resist\">Resistances<\/span>: Electric, Fairy, Fighting, <b>Grass<\/b>, Water<br \/><span class=\"message-effect-immune\">Immunities<\/span>: Powder moves, Toxic<\/div>\n|\n|t:|1699910581\n|move|p2a: Volcarona|Fiery Dance|p1a: Amoonguss\n|-supereffective|p1a: Amoonguss\n|-damage|p1a: Amoonguss|0 fnt\n|-boost|p2a: Volcarona|spa|1\n|faint|p1a: Amoonguss\n|\n|upkeep\n|\n|t:|1699910587\n|switch|p1a: Goodra|Goodra-Hisui, F|100\/100\n|-damage|p1a: Goodra|94\/100|[from] Stealth Rock\n|turn|31\n|\n|t:|1699910595\n|-terastallize|p1a: Goodra|Water\n|move|p2a: Volcarona|Fiery Dance|p1a: Goodra\n|-resisted|p1a: Goodra\n|-damage|p1a: Goodra|59\/100\n|move|p1a: Goodra|Draco Meteor|p2a: Volcarona\n|-damage|p2a: Volcarona|20\/100\n|-unboost|p1a: Goodra|spa|2\n|\n|-heal|p1a: Goodra|65\/100|[from] item: Leftovers\n|upkeep\n|turn|32\n|\n|t:|1699910606\n|move|p2a: Volcarona|Tera Blast|p1a: Goodra|[anim] Tera Blast Grass\n|-supereffective|p1a: Goodra\n|-damage|p1a: Goodra|0 fnt\n|faint|p1a: Goodra\n|\n|upkeep\n|\n|t:|1699910617\n|switch|p1a: Gastrodon|Gastrodon, M|60\/100 brn\n|-damage|p1a: Gastrodon|54\/100 brn|[from] Stealth Rock\n|turn|33\n|\n|t:|1699910625\n|move|p2a: Volcarona|Tera Blast|p1a: Gastrodon|[anim] Tera Blast Grass\n|-supereffective|p1a: Gastrodon\n|-damage|p1a: Gastrodon|0 fnt\n|faint|p1a: Gastrodon\n|\n|upkeep\n|\n|t:|1699910627\n|switch|p1a: Slurpuff|Slurpuff, M|46\/100\n|-damage|p1a: Slurpuff|34\/100|[from] Stealth Rock\n|turn|34\n|\n|t:|1699910632\n|move|p2a: Volcarona|Tera Blast|p1a: Slurpuff|[anim] Tera Blast Grass\n|-damage|p1a: Slurpuff|0 fnt\n|faint|p1a: Slurpuff\n|\n|upkeep\n|\n|t:|1699910635\n|switch|p1a: Two Punch Man|Urshifu-Rapid-Strike, M|82\/100 brn\n|-damage|p1a: Two Punch Man|76\/100 brn|[from] Stealth Rock\n|turn|35\n|\n|t:|1699910639\n|move|p2a: Volcarona|Tera Blast|p1a: Two Punch Man|[anim] Tera Blast Grass\n|-supereffective|p1a: Two Punch Man\n|-damage|p1a: Two Punch Man|0 fnt\n|faint|p1a: Two Punch Man\n|\n|win|Rikonkon\n","uploadtime":1699910657,"views":13,"p1id":"safsasdf","p2id":"rikonkon","formatid":"gen9nationaldex","rating":0,"private":0,"password":""}