{"id":"gen9nationaldex-1987148309","p1":"snailsonsnails","p2":"Flungusdungus","format":"[Gen 9] National Dex","log":"|j|\u2606snailsonsnails\n|j|\u2606Flungusdungus\n|t:|1699560073\n|gametype|singles\n|player|p1|snailsonsnails|pokemonbreederf-gen4|\n|player|p2|Flungusdungus|clown|\n|teamsize|p1|6\n|teamsize|p2|6\n|gen|9\n|tier|[Gen 9] National Dex\n|rule|HP Percentage Mod: HP is shown in percentages\n|rule|Endless Battle Clause: Forcing endless battles is banned\n|rule|OHKO Clause: OHKO moves are banned\n|rule|Evasion Clause: Evasion abilities, items, and moves are banned\n|rule|Evasion Abilities Clause: Evasion abilities are banned\n|rule|Evasion Items Clause: Evasion items are banned\n|rule|Evasion Moves Clause: Evasion moves are banned\n|rule|Species Clause: Limit one of each Pok\u00e9mon\n|rule|Sleep Clause Mod: Limit one foe put to sleep\n|clearpoke\n|poke|p1|Hitmontop, M|\n|poke|p1|Tentacruel, M|\n|poke|p1|Abomasnow, M|\n|poke|p1|Turtonator, M|\n|poke|p1|Rotom-Fan|\n|poke|p1|Gumshoos, M|\n|poke|p2|Mismagius, F|\n|poke|p2|Stunfisk, F|\n|poke|p2|Fraxure, M|\n|poke|p2|Muk, M|\n|poke|p2|Mr. Mime, M|\n|poke|p2|Klawf, M|\n|teampreview\n|c|\u2606snailsonsnails|i'll post link\n|c|\u2606Flungusdungus|alr\n|j| chacharealsmooth\n|j| robotjuice\n|c| chacharealsmooth|I'm rooting for the freaky looking team\n|j| Dephe\n|\n|t:|1699560218\n|start\n|switch|p1a: carry me ohio|Turtonator, M|100\/100\n|switch|p2a: Jon Peligo|Muk, M|100\/100\n|turn|1\n|\n|t:|1699560227\n|move|p2a: Jon Peligo|Knock Off|p1a: carry me ohio\n|-damage|p1a: carry me ohio|76\/100\n|-damage|p2a: Jon Peligo|84\/100|[from] item: Rocky Helmet|[of] p1a: carry me ohio\n|-enditem|p1a: carry me ohio|Rocky Helmet|[from] move: Knock Off|[of] p2a: Jon Peligo\n|move|p1a: carry me ohio|Will-O-Wisp|p2a: Jon Peligo\n|-status|p2a: Jon Peligo|brn\n|\n|-damage|p2a: Jon Peligo|78\/100 brn|[from] brn\n|upkeep\n|turn|2\n|\n|t:|1699560246\n|move|p2a: Jon Peligo|Poison Jab|p1a: carry me ohio\n|-damage|p1a: carry me ohio|63\/100\n|-status|p1a: carry me ohio|psn\n|move|p1a: carry me ohio|Fire Blast|p2a: Jon Peligo\n|-damage|p2a: Jon Peligo|56\/100 brn\n|\n|-damage|p1a: carry me ohio|50\/100 psn|[from] psn\n|-damage|p2a: Jon Peligo|50\/100 brn|[from] brn\n|upkeep\n|turn|3\n|\n|t:|1699560269\n|move|p2a: Jon Peligo|Drain Punch|p1a: carry me ohio\n|-damage|p1a: carry me ohio|42\/100 psn\n|-heal|p2a: Jon Peligo|54\/100 brn|[from] drain|[of] p1a: carry me ohio\n|move|p1a: carry me ohio|Fire Blast|p2a: Jon Peligo\n|-damage|p2a: Jon Peligo|31\/100 brn\n|\n|-damage|p1a: carry me ohio|29\/100 psn|[from] psn\n|-damage|p2a: Jon Peligo|25\/100 brn|[from] brn\n|upkeep\n|turn|4\n|j| NotAnHacker\n|\n|t:|1699560287\n|move|p2a: Jon Peligo|Poison Jab|p1a: carry me ohio\n|-damage|p1a: carry me ohio|14\/100 psn\n|move|p1a: carry me ohio|Draco Meteor|p2a: Jon Peligo\n|-damage|p2a: Jon Peligo|0 fnt\n|-unboost|p1a: carry me ohio|spa|2\n|faint|p2a: Jon Peligo\n|\n|-damage|p1a: carry me ohio|2\/100 psn|[from] psn\n|upkeep\n|\n|t:|1699560354\n|switch|p2a: Brannan Deront|Klawf, M|100\/100\n|turn|5\n|\n|t:|1699560357\n|move|p2a: Brannan Deront|Stealth Rock|p1a: carry me ohio\n|-sidestart|p1: snailsonsnails|move: Stealth Rock\n|move|p1a: carry me ohio|Will-O-Wisp|p2a: Brannan Deront\n|-status|p2a: Brannan Deront|brn\n|\n|-damage|p1a: carry me ohio|0 fnt|[from] psn\n|faint|p1a: carry me ohio\n|-damage|p2a: Brannan Deront|94\/100 brn|[from] brn\n|upkeep\n|\n|t:|1699560381\n|switch|p1a: bird's lament|Tentacruel, M|100\/100\n|-damage|p1a: bird's lament|88\/100|[from] Stealth Rock\n|turn|6\n|\n|t:|1699560399\n|switch|p2a: Cyrinac DeSur|Mr. Mime, M|100\/100\n|move|p1a: bird's lament|Toxic Spikes|p2a: Cyrinac DeSur\n|-sidestart|p2: Flungusdungus|move: Toxic Spikes\n|\n|-heal|p1a: bird's lament|94\/100|[from] item: Black Sludge\n|upkeep\n|turn|7\n|\n|t:|1699560467\n|move|p2a: Cyrinac DeSur|Psyshock|p1a: bird's lament\n|-supereffective|p1a: bird's lament\n|-damage|p1a: bird's lament|0 fnt\n|faint|p1a: bird's lament\n|\n|upkeep\n|\n|t:|1699560541\n|switch|p1a: love your guts|Hitmontop, M|100\/100\n|-damage|p1a: love your guts|94\/100|[from] Stealth Rock\n|turn|8\n|\n|t:|1699560574\n|move|p1a: love your guts|Fake Out|p2a: Cyrinac DeSur\n|-damage|p2a: Cyrinac DeSur|67\/100\n|cant|p2a: Cyrinac DeSur|flinch\n|\n|upkeep\n|turn|9\n|j| oopsalldeoxys\n|\n|t:|1699560650\n|switch|p1a: leda|Abomasnow, M|100\/100\n|-weather|Snow|[from] ability: Snow Warning|[of] p1a: leda\n|move|p2a: Cyrinac DeSur|Psyshock|p1a: leda\n|-damage|p1a: leda|74\/100\n|\n|-weather|Snow|[upkeep]\n|upkeep\n|turn|10\n|l| oopsalldeoxys\n|j| oopsalldeoxys\n|l| Dephe\n|\n|t:|1699560789\n|switch|p2a: K'lya Antor|Mismagius, F|100\/100\n|move|p1a: leda|Leech Seed|p2a: K'lya Antor\n|-start|p2a: K'lya Antor|move: Leech Seed\n|\n|-weather|Snow|[upkeep]\n|-damage|p2a: K'lya Antor|88\/100|[from] Leech Seed|[of] p1a: leda\n|-heal|p1a: leda|82\/100|[silent]\n|upkeep\n|turn|11\n|l| oopsalldeoxys\n|\n|t:|1699560823\n|switch|p1a: homage|Rotom-Fan|100\/100\n|-damage|p1a: homage|75\/100|[from] Stealth Rock\n|move|p2a: K'lya Antor|Power Gem|p1a: homage\n|-supereffective|p1a: homage\n|-damage|p1a: homage|9\/100\n|\n|-weather|Snow|[upkeep]\n|-damage|p2a: K'lya Antor|76\/100|[from] Leech Seed|[of] p1a: homage\n|-heal|p1a: homage|20\/100|[silent]\n|upkeep\n|turn|12\n|\n|t:|1699560856\n|move|p1a: homage|Defog|p2a: K'lya Antor\n|-unboost|p2a: K'lya Antor|evasion|1\n|-sideend|p2: Flungusdungus|Toxic Spikes|[from] move: Defog|[of] p1a: homage\n|-sideend|p1: snailsonsnails|Stealth Rock|[from] move: Defog|[of] p1a: homage\n|move|p2a: K'lya Antor|Power Gem|p1a: homage\n|-supereffective|p1a: homage\n|-damage|p1a: homage|0 fnt\n|faint|p1a: homage\n|\n|-weather|Snow|[upkeep]\n|upkeep\n|\n|t:|1699560862\n|switch|p1a: love your guts|Hitmontop, M|94\/100\n|turn|13\n|\n|t:|1699560997\n|switch|p2a: Colt|Stunfisk, F|100\/100\n|move|p1a: love your guts|Bullet Punch|p2a: Colt\n|-resisted|p2a: Colt\n|-crit|p2a: Colt\n|-damage|p2a: Colt|87\/100\n|\n|-weather|none\n|-heal|p2a: Colt|93\/100|[from] item: Leftovers\n|upkeep\n|turn|14\n|\n|t:|1699561025\n|switch|p1a: leda|Abomasnow, M|82\/100\n|-weather|Snow|[from] ability: Snow Warning|[of] p1a: leda\n|move|p2a: Colt|Yawn|p1a: leda\n|-start|p1a: leda|move: Yawn|[of] p2a: Colt\n|\n|-weather|Snow|[upkeep]\n|-heal|p2a: Colt|99\/100|[from] item: Leftovers\n|upkeep\n|turn|15\n|\n|t:|1699561085\n|switch|p1a: narco debut|Gumshoos, M|100\/100\n|move|p2a: Colt|Sludge Wave|p1a: narco debut\n|-damage|p1a: narco debut|57\/100\n|\n|-weather|Snow|[upkeep]\n|-heal|p2a: Colt|100\/100|[from] item: Leftovers\n|upkeep\n|turn|16\n|\n|t:|1699561121\n|move|p1a: narco debut|U-turn|p2a: Colt\n|-damage|p2a: Colt|79\/100\n|-status|p1a: narco debut|par|[from] ability: Static|[of] p2a: Colt\n|c|\u2606Flungusdungus|YES\n|\n|t:|1699561137\n|switch|p1a: leda|Abomasnow, M|82\/100|[from] U-turn\n|move|p2a: Colt|Thunderbolt|p1a: leda\n|-resisted|p1a: leda\n|-damage|p1a: leda|62\/100\n|\n|-weather|Snow|[upkeep]\n|-heal|p2a: Colt|85\/100|[from] item: Leftovers\n|upkeep\n|turn|17\n|\n|t:|1699561174\n|move|p1a: leda|Giga Drain|p2a: Colt\n|-supereffective|p2a: Colt\n|-damage|p2a: Colt|30\/100\n|-heal|p1a: leda|92\/100|[from] drain|[of] p2a: Colt\n|move|p2a: Colt|Sludge Wave|p1a: leda\n|-supereffective|p1a: leda\n|-damage|p1a: leda|37\/100\n|\n|-weather|Snow|[upkeep]\n|-heal|p2a: Colt|37\/100|[from] item: Leftovers\n|upkeep\n|turn|18\n|j| Pyos\n|\n|t:|1699561210\n|move|p1a: leda|Blizzard|p2a: Colt\n|-supereffective|p2a: Colt\n|-damage|p2a: Colt|0 fnt\n|faint|p2a: Colt\n|\n|-weather|none\n|upkeep\n|\n|t:|1699561229\n|switch|p2a: Cyrinac DeSur|Mr. Mime, M|67\/100\n|turn|19\n|\n|t:|1699561250\n|switch|p1a: narco debut|Gumshoos, M|57\/100 par\n|move|p2a: Cyrinac DeSur|Dazzling Gleam|p1a: narco debut\n|-damage|p1a: narco debut|0 fnt\n|faint|p1a: narco debut\n|\n|upkeep\n|\n|t:|1699561288\n|switch|p1a: love your guts|Hitmontop, M|94\/100\n|turn|20\n|\n|t:|1699561306\n|move|p1a: love your guts|Fake Out|p2a: Cyrinac DeSur\n|-damage|p2a: Cyrinac DeSur|34\/100\n|cant|p2a: Cyrinac DeSur|flinch\n|\n|upkeep\n|turn|21\n|\n|t:|1699561315\n|move|p1a: love your guts|Bullet Punch|p2a: Cyrinac DeSur\n|-supereffective|p2a: Cyrinac DeSur\n|-damage|p2a: Cyrinac DeSur|0 fnt\n|faint|p2a: Cyrinac DeSur\n|\n|upkeep\n|\n|t:|1699561343\n|switch|p2a: Koen Kane|Fraxure, M|100\/100\n|-ability|p2a: Koen Kane|Mold Breaker\n|turn|22\n|\n|t:|1699561400\n|switch|p1a: leda|Abomasnow, M|37\/100\n|-weather|Snow|[from] ability: Snow Warning|[of] p1a: leda\n|move|p2a: Koen Kane|Outrage|p1a: leda\n|-damage|p1a: leda|0 fnt\n|faint|p1a: leda\n|\n|-weather|Snow|[upkeep]\n|upkeep\n|\n|t:|1699561403\n|switch|p1a: love your guts|Hitmontop, M|94\/100\n|turn|23\n|j| ween enjoyer\n|\n|t:|1699561410\n|move|p1a: love your guts|Fake Out|p2a: Koen Kane\n|-damage|p2a: Koen Kane|71\/100\n|cant|p2a: Koen Kane|flinch\n|\n|-weather|Snow|[upkeep]\n|upkeep\n|turn|24\n|\n|t:|1699561439\n|move|p1a: love your guts|Mach Punch|p2a: Koen Kane\n|-damage|p2a: Koen Kane|27\/100\n|move|p2a: Koen Kane|Outrage|p1a: love your guts\n|-damage|p1a: love your guts|18\/100\n|\n|-weather|Snow|[upkeep]\n|upkeep\n|turn|25\n|\n|t:|1699561445\n|move|p1a: love your guts|Mach Punch|p2a: Koen Kane\n|-damage|p2a: Koen Kane|0 fnt\n|faint|p2a: Koen Kane\n|\n|-weather|Snow|[upkeep]\n|upkeep\n|\n|t:|1699561455\n|switch|p2a: K'lya Antor|Mismagius, F|76\/100\n|turn|26\n|\n|t:|1699561459\n|move|p1a: love your guts|Bullet Punch|p2a: K'lya Antor\n|-damage|p2a: K'lya Antor|39\/100\n|move|p2a: K'lya Antor|Shadow Ball|p1a: love your guts\n|-damage|p1a: love your guts|0 fnt\n|faint|p1a: love your guts\n|\n|win|Flungusdungus\n|c|\u2606Flungusdungus|gg\n|c|\u2606snailsonsnails|gg\n|l|\u2606Flungusdungus\n|l| ween enjoyer\n","uploadtime":1699561469,"views":32,"p1id":"snailsonsnails","p2id":"flungusdungus","formatid":"gen9nationaldex","rating":0,"private":0,"password":""}