{"id":"gen9nationaldex-1997837238","p1":"adriyun","p2":"Chili D Dewd","format":"[Gen 9] National Dex","log":"|html|<div class=\"broadcast-blue\"><strong>[Gen 9] National Dex is currently suspecting Sneasler! For information on how to participate check out the <a href=\"https:\/\/www.smogon.com\/forums\/threads\/sv-national-dex-suspect-8-just-dance.3731534\/\">suspect thread<\/a>.<\/strong><\/div>\n|j|\u2606adriyun\n|j|\u2606Chili D Dewd\n|t:|1700858102\n|gametype|singles\n|player|p1|adriyun|blue|1681\n|player|p2|Chili D Dewd|flint|1648\n|teamsize|p1|6\n|teamsize|p2|6\n|gen|9\n|tier|[Gen 9] National Dex\n|rated|\n|rule|HP Percentage Mod: HP is shown in percentages\n|rule|Endless Battle Clause: Forcing endless battles is banned\n|rule|OHKO Clause: OHKO moves are banned\n|rule|Evasion Clause: Evasion abilities, items, and moves are banned\n|rule|Evasion Abilities Clause: Evasion abilities are banned\n|rule|Evasion Items Clause: Evasion items are banned\n|rule|Evasion Moves Clause: Evasion moves are banned\n|rule|Species Clause: Limit one of each Pok\u00e9mon\n|rule|Sleep Clause Mod: Limit one foe put to sleep\n|clearpoke\n|poke|p1|Skeledirge, F|\n|poke|p1|Gliscor, F|\n|poke|p1|Bisharp, F|\n|poke|p1|Zapdos|\n|poke|p1|Iron Treads|\n|poke|p1|Ferrothorn, F|\n|poke|p2|Scovillain, M|\n|poke|p2|Torkoal, M|\n|poke|p2|Great Tusk|\n|poke|p2|Houndoom, F|\n|poke|p2|Tapu Lele|\n|poke|p2|Rotom-Wash|\n|teampreview\n|inactive|Battle timer is ON: inactive players will automatically lose when time's up. (requested by adriyun)\n|\n|t:|1700858112\n|start\n|switch|p1a: Zapdos|Zapdos|100\/100\n|switch|p2a: Torkoal|Torkoal, M|100\/100\n|-weather|SunnyDay|[from] ability: Drought|[of] p2a: Torkoal\n|turn|1\n|\n|t:|1700858117\n|switch|p2a: Rotom|Rotom-Wash|100\/100\n|move|p1a: Zapdos|Volt Switch|p2a: Rotom\n|-damage|p2a: Rotom|74\/100\n|\n|t:|1700858120\n|switch|p1a: Gliscor|Gliscor, F|100\/100|[from] Volt Switch\n|\n|-weather|SunnyDay|[upkeep]\n|-heal|p2a: Rotom|80\/100|[from] item: Leftovers\n|-status|p1a: Gliscor|tox|[from] item: Toxic Orb\n|upkeep\n|turn|2\n|\n|t:|1700858123\n|switch|p2a: Great Tusk|Great Tusk|100\/100\n|-activate|p2a: Great Tusk|ability: Protosynthesis\n|-start|p2a: Great Tusk|protosynthesisatk\n|move|p1a: Gliscor|Spikes|p2a: Great Tusk\n|-sidestart|p2: Chili D Dewd|Spikes\n|\n|-weather|SunnyDay|[upkeep]\n|upkeep\n|turn|3\n|\n|t:|1700858125\n|move|p1a: Gliscor|Protect|p1a: Gliscor\n|-singleturn|p1a: Gliscor|Protect\n|move|p2a: Great Tusk|Rapid Spin|p1a: Gliscor\n|-activate|p1a: Gliscor|move: Protect\n|\n|-weather|SunnyDay|[upkeep]\n|upkeep\n|turn|4\n|\n|t:|1700858129\n|switch|p1a: Ferrothorn|Ferrothorn, F|100\/100\n|-zpower|p2a: Great Tusk\n|move|p2a: Great Tusk|Subzero Slammer|p1a: Ferrothorn|[zeffect]\n|-damage|p1a: Ferrothorn|50\/100\n|\n|-weather|SunnyDay|[upkeep]\n|-heal|p1a: Ferrothorn|56\/100|[from] item: Leftovers\n|upkeep\n|turn|5\n|\n|t:|1700858133\n|switch|p1a: Zapdos|Zapdos|100\/100\n|move|p2a: Great Tusk|Rapid Spin|p1a: Zapdos\n|-damage|p1a: Zapdos|72\/100\n|-boost|p2a: Great Tusk|spe|1\n|-sideend|p2: Chili D Dewd|Spikes|[from] move: Rapid Spin|[of] p2a: Great Tusk\n|\n|-weather|SunnyDay|[upkeep]\n|upkeep\n|turn|6\n|\n|t:|1700858136\n|switch|p1a: Skeledirge|Skeledirge, F|100\/100\n|move|p2a: Great Tusk|Ice Spinner|p1a: Skeledirge\n|-resisted|p1a: Skeledirge\n|-damage|p1a: Skeledirge|86\/100\n|\n|-weather|SunnyDay|[upkeep]\n|upkeep\n|turn|7\n|j| arrito\n|\n|t:|1700858139\n|switch|p1a: Zapdos|Zapdos|72\/100\n|move|p2a: Great Tusk|Ice Spinner|p1a: Zapdos\n|-supereffective|p1a: Zapdos\n|-damage|p1a: Zapdos|0 fnt\n|-status|p2a: Great Tusk|par|[from] ability: Static|[of] p1a: Zapdos\n|faint|p1a: Zapdos\n|\n|-weather|SunnyDay|[upkeep]\n|upkeep\n|j| 0ff the Books\n|\n|t:|1700858144\n|switch|p1a: Gliscor|Gliscor, F|100\/100 tox\n|turn|8\n|\n|t:|1700858150\n|move|p1a: Gliscor|Protect|p1a: Gliscor\n|-singleturn|p1a: Gliscor|Protect\n|cant|p2a: Great Tusk|par\n|\n|-weather|none\n|-end|p2a: Great Tusk|Protosynthesis\n|upkeep\n|turn|9\n|\n|t:|1700858160\n|-terastallize|p1a: Gliscor|Fairy\n|move|p1a: Gliscor|Spikes|p2a: Great Tusk\n|-sidestart|p2: Chili D Dewd|Spikes\n|move|p2a: Great Tusk|Headlong Rush|p1a: Gliscor\n|-damage|p1a: Gliscor|48\/100 tox\n|-unboost|p2a: Great Tusk|def|1\n|-unboost|p2a: Great Tusk|spd|1\n|\n|-heal|p1a: Gliscor|61\/100 tox|[from] ability: Poison Heal\n|upkeep\n|turn|10\n|\n|t:|1700858163\n|move|p1a: Gliscor|Protect|p1a: Gliscor\n|-singleturn|p1a: Gliscor|Protect\n|cant|p2a: Great Tusk|par\n|\n|-heal|p1a: Gliscor|73\/100 tox|[from] ability: Poison Heal\n|upkeep\n|turn|11\n|\n|t:|1700858165\n|move|p1a: Gliscor|Earthquake|p2a: Great Tusk\n|-damage|p2a: Great Tusk|66\/100 par\n|move|p2a: Great Tusk|Rapid Spin|p1a: Gliscor\n|-damage|p1a: Gliscor|59\/100 tox\n|-boost|p2a: Great Tusk|spe|1\n|-sideend|p2: Chili D Dewd|Spikes|[from] move: Rapid Spin|[of] p2a: Great Tusk\n|\n|-heal|p1a: Gliscor|72\/100 tox|[from] ability: Poison Heal\n|upkeep\n|turn|12\n|l| 0ff the Books\n|\n|t:|1700858169\n|-end|p2a: Great Tusk|Protosynthesis|[silent]\n|switch|p2a: Torkoal|Torkoal, M|100\/100\n|-weather|SunnyDay|[from] ability: Drought|[of] p2a: Torkoal\n|move|p1a: Gliscor|Protect||[still]\n|-fail|p1a: Gliscor\n|\n|-weather|SunnyDay|[upkeep]\n|-heal|p1a: Gliscor|84\/100 tox|[from] ability: Poison Heal\n|upkeep\n|turn|13\n|\n|t:|1700858171\n|move|p1a: Gliscor|Spikes|p2a: Torkoal\n|-sidestart|p2: Chili D Dewd|Spikes\n|move|p2a: Torkoal|Stealth Rock|p1a: Gliscor\n|-sidestart|p1: adriyun|move: Stealth Rock\n|\n|-weather|SunnyDay|[upkeep]\n|-heal|p1a: Gliscor|97\/100 tox|[from] ability: Poison Heal\n|upkeep\n|turn|14\n|\n|t:|1700858175\n|switch|p2a: Great Tusk|Great Tusk|66\/100 par\n|-damage|p2a: Great Tusk|53\/100 par|[from] Spikes\n|-activate|p2a: Great Tusk|ability: Protosynthesis\n|-start|p2a: Great Tusk|protosynthesisatk\n|move|p1a: Gliscor|Protect||[still]\n|-fail|p1a: Gliscor\n|\n|-weather|SunnyDay|[upkeep]\n|-heal|p1a: Gliscor|100\/100 tox|[from] ability: Poison Heal\n|upkeep\n|turn|15\n|\n|t:|1700858178\n|move|p1a: Gliscor|Protect|p1a: Gliscor\n|-singleturn|p1a: Gliscor|Protect\n|cant|p2a: Great Tusk|par\n|\n|-weather|SunnyDay|[upkeep]\n|upkeep\n|turn|16\n|\n|t:|1700858182\n|move|p1a: Gliscor|Earthquake|p2a: Great Tusk\n|-damage|p2a: Great Tusk|31\/100 par\n|move|p2a: Great Tusk|Rapid Spin|p1a: Gliscor\n|-damage|p1a: Gliscor|83\/100 tox\n|-boost|p2a: Great Tusk|spe|1\n|-sideend|p2: Chili D Dewd|Spikes|[from] move: Rapid Spin|[of] p2a: Great Tusk\n|\n|-weather|SunnyDay|[upkeep]\n|-heal|p1a: Gliscor|96\/100 tox|[from] ability: Poison Heal\n|upkeep\n|turn|17\n|\n|t:|1700858188\n|-end|p2a: Great Tusk|Protosynthesis|[silent]\n|switch|p2a: Scovillain|Scovillain, M|100\/100\n|move|p1a: Gliscor|Protect||[still]\n|-fail|p1a: Gliscor\n|\n|-weather|SunnyDay|[upkeep]\n|-heal|p1a: Gliscor|100\/100 tox|[from] ability: Poison Heal\n|upkeep\n|turn|18\n|\n|t:|1700858191\n|move|p2a: Scovillain|Fire Blast|p1a: Gliscor\n|-damage|p1a: Gliscor|22\/100 tox\n|-damage|p2a: Scovillain|91\/100|[from] item: Life Orb\n|move|p1a: Gliscor|Toxic|p2a: Scovillain\n|-status|p2a: Scovillain|tox\n|\n|-weather|SunnyDay|[upkeep]\n|-damage|p2a: Scovillain|85\/100 tox|[from] psn\n|-heal|p1a: Gliscor|34\/100 tox|[from] ability: Poison Heal\n|upkeep\n|turn|19\n|\n|t:|1700858194\n|move|p1a: Gliscor|Protect|p1a: Gliscor\n|-singleturn|p1a: Gliscor|Protect\n|move|p2a: Scovillain|Growth|p2a: Scovillain\n|-boost|p2a: Scovillain|atk|2\n|-boost|p2a: Scovillain|spa|2\n|\n|-weather|none\n|-damage|p2a: Scovillain|73\/100 tox|[from] psn\n|-heal|p1a: Gliscor|47\/100 tox|[from] ability: Poison Heal\n|upkeep\n|turn|20\n|\n|t:|1700858197\n|switch|p1a: Ferrothorn|Ferrothorn, F|56\/100\n|-damage|p1a: Ferrothorn|50\/100|[from] Stealth Rock\n|move|p2a: Scovillain|Stomping Tantrum|p1a: Ferrothorn\n|-damage|p1a: Ferrothorn|16\/100\n|-damage|p2a: Scovillain|61\/100 tox|[from] ability: Iron Barbs|[of] p1a: Ferrothorn\n|-damage|p2a: Scovillain|51\/100 tox|[from] item: Life Orb\n|\n|-heal|p1a: Ferrothorn|22\/100|[from] item: Leftovers\n|-damage|p2a: Scovillain|33\/100 tox|[from] psn\n|upkeep\n|turn|21\n|\n|t:|1700858200\n|switch|p1a: Skeledirge|Skeledirge, F|86\/100\n|move|p2a: Scovillain|Fire Blast|p1a: Skeledirge|[miss]\n|-miss|p2a: Scovillain|p1a: Skeledirge\n|\n|-damage|p2a: Scovillain|9\/100 tox|[from] psn\n|upkeep\n|turn|22\n|\n|t:|1700858202\n|move|p2a: Scovillain|Stomping Tantrum|p1a: Skeledirge\n|-supereffective|p1a: Skeledirge\n|-damage|p1a: Skeledirge|17\/100\n|-damage|p2a: Scovillain|0 fnt|[from] item: Life Orb\n|faint|p2a: Scovillain\n|move|p1a: Skeledirge|Slack Off|p1a: Skeledirge\n|-heal|p1a: Skeledirge|67\/100\n|\n|upkeep\n|\n|t:|1700858204\n|switch|p2a: Houndoom|Houndoom, F|100\/100\n|turn|23\n|\n|t:|1700858210\n|switch|p1a: Iron Treads|Iron Treads|100\/100\n|-damage|p1a: Iron Treads|97\/100|[from] Stealth Rock\n|detailschange|p2a: Houndoom|Houndoom-Mega, F\n|-mega|p2a: Houndoom|Houndoom|Houndoominite\n|move|p2a: Houndoom|Dark Pulse|p1a: Iron Treads\n|-damage|p1a: Iron Treads|63\/100\n|\n|upkeep\n|turn|24\n|\n|t:|1700858215\n|switch|p2a: Rotom|Rotom-Wash|80\/100\n|move|p1a: Iron Treads|Rapid Spin|p2a: Rotom\n|-damage|p2a: Rotom|67\/100\n|-boost|p1a: Iron Treads|spe|1\n|-sideend|p1: adriyun|Stealth Rock|[from] move: Rapid Spin|[of] p1a: Iron Treads\n|\n|-heal|p2a: Rotom|73\/100|[from] item: Leftovers\n|upkeep\n|turn|25\n|\n|t:|1700858218\n|-end|p1a: Iron Treads|Quark Drive|[silent]\n|switch|p1a: Ferrothorn|Ferrothorn, F|22\/100\n|move|p2a: Rotom|Hydro Pump|p1a: Ferrothorn|[miss]\n|-miss|p2a: Rotom|p1a: Ferrothorn\n|\n|-heal|p2a: Rotom|79\/100|[from] item: Leftovers\n|-heal|p1a: Ferrothorn|28\/100|[from] item: Leftovers\n|upkeep\n|turn|26\n|\n|t:|1700858221\n|move|p2a: Rotom|Volt Switch|p1a: Ferrothorn\n|-resisted|p1a: Ferrothorn\n|-damage|p1a: Ferrothorn|19\/100\n|\n|t:|1700858223\n|switch|p2a: Torkoal|Torkoal, M|100\/100|[from] Volt Switch\n|-weather|SunnyDay|[from] ability: Drought|[of] p2a: Torkoal\n|move|p1a: Ferrothorn|Leech Seed|p2a: Torkoal\n|-start|p2a: Torkoal|move: Leech Seed\n|\n|-weather|SunnyDay|[upkeep]\n|-heal|p1a: Ferrothorn|25\/100|[from] item: Leftovers\n|-damage|p2a: Torkoal|88\/100|[from] Leech Seed|[of] p1a: Ferrothorn\n|-heal|p1a: Ferrothorn|38\/100|[silent]\n|upkeep\n|turn|27\n|\n|t:|1700858226\n|move|p2a: Torkoal|Stealth Rock|p1a: Ferrothorn\n|-sidestart|p1: adriyun|move: Stealth Rock\n|move|p1a: Ferrothorn|Stealth Rock|p2a: Torkoal\n|-sidestart|p2: Chili D Dewd|move: Stealth Rock\n|\n|-weather|SunnyDay|[upkeep]\n|-heal|p1a: Ferrothorn|44\/100|[from] item: Leftovers\n|-damage|p2a: Torkoal|75\/100|[from] Leech Seed|[of] p1a: Ferrothorn\n|-heal|p1a: Ferrothorn|56\/100|[silent]\n|upkeep\n|turn|28\n|\n|t:|1700858228\n|switch|p2a: Great Tusk|Great Tusk|31\/100 par\n|-damage|p2a: Great Tusk|28\/100 par|[from] Stealth Rock\n|-activate|p2a: Great Tusk|ability: Protosynthesis\n|-start|p2a: Great Tusk|protosynthesisatk\n|switch|p1a: Skeledirge|Skeledirge, F|67\/100\n|\n|-weather|SunnyDay|[upkeep]\n|upkeep\n|turn|29\n|\n|t:|1700858231\n|move|p1a: Skeledirge|Torch Song|p2a: Great Tusk\n|-damage|p2a: Great Tusk|0 fnt\n|-boost|p1a: Skeledirge|spa|1\n|faint|p2a: Great Tusk\n|-end|p2a: Great Tusk|Protosynthesis|[silent]\n|\n|-weather|SunnyDay|[upkeep]\n|upkeep\n|\n|t:|1700858235\n|switch|p2a: Rotom|Rotom-Wash|79\/100\n|-damage|p2a: Rotom|67\/100|[from] Stealth Rock\n|turn|30\n|\n|t:|1700858238\n|switch|p1a: Iron Treads|Iron Treads|63\/100\n|-damage|p1a: Iron Treads|60\/100|[from] Stealth Rock\n|move|p2a: Rotom|Defog|p1a: Iron Treads\n|-unboost|p1a: Iron Treads|evasion|1\n|-sideend|p1: adriyun|Stealth Rock|[from] move: Defog|[of] p2a: Rotom\n|-sideend|p2: Chili D Dewd|Stealth Rock|[from] move: Defog|[of] p2a: Rotom\n|\n|-weather|SunnyDay|[upkeep]\n|-heal|p2a: Rotom|73\/100|[from] item: Leftovers\n|upkeep\n|turn|31\n|\n|t:|1700858243\n|-end|p1a: Iron Treads|Quark Drive|[silent]\n|switch|p1a: Gliscor|Gliscor, F, tera:Fairy|47\/100 tox\n|move|p2a: Rotom|Hydro Pump|p1a: Gliscor\n|-damage|p1a: Gliscor|30\/100 tox\n|\n|-weather|SunnyDay|[upkeep]\n|-heal|p2a: Rotom|79\/100|[from] item: Leftovers\n|-heal|p1a: Gliscor|42\/100 tox|[from] ability: Poison Heal\n|upkeep\n|turn|32\n|\n|t:|1700858245\n|move|p1a: Gliscor|Spikes|p2a: Rotom\n|-sidestart|p2: Chili D Dewd|Spikes\n|move|p2a: Rotom|Volt Switch|p1a: Gliscor\n|-damage|p1a: Gliscor|21\/100 tox\n|\n|t:|1700858249\n|switch|p2a: Houndoom|Houndoom-Mega, F|100\/100|[from] Volt Switch\n|-damage|p2a: Houndoom|88\/100|[from] Spikes\n|\n|-weather|SunnyDay|[upkeep]\n|-damage|p2a: Houndoom|76\/100|[from] ability: Solar Power|[of] p2a: Houndoom\n|-heal|p1a: Gliscor|33\/100 tox|[from] ability: Poison Heal\n|upkeep\n|turn|33\n|\n|t:|1700858254\n|move|p1a: Gliscor|Protect|p1a: Gliscor\n|-singleturn|p1a: Gliscor|Protect\n|move|p2a: Houndoom|Nasty Plot|p2a: Houndoom\n|-boost|p2a: Houndoom|spa|2\n|\n|-weather|none\n|-heal|p1a: Gliscor|46\/100 tox|[from] ability: Poison Heal\n|upkeep\n|turn|34\n|\n|t:|1700858257\n|move|p2a: Houndoom|Flamethrower|p1a: Gliscor\n|-damage|p1a: Gliscor|0 fnt\n|faint|p1a: Gliscor\n|\n|upkeep\n|\n|t:|1700858261\n|switch|p1a: Iron Treads|Iron Treads|60\/100\n|turn|35\n|\n|t:|1700858263\n|move|p2a: Houndoom|Flamethrower|p1a: Iron Treads\n|-supereffective|p1a: Iron Treads\n|-damage|p1a: Iron Treads|0 fnt\n|faint|p1a: Iron Treads\n|-end|p1a: Iron Treads|Quark Drive|[silent]\n|\n|upkeep\n|\n|t:|1700858264\n|switch|p1a: Bisharp|Bisharp, F|100\/100\n|turn|36\n|\n|t:|1700858267\n|switch|p2a: Tapu Lele|Tapu Lele|100\/100\n|-damage|p2a: Tapu Lele|88\/100|[from] Spikes\n|-fieldstart|move: Psychic Terrain|[from] ability: Psychic Surge|[of] p2a: Tapu Lele\n|move|p1a: Bisharp|Sucker Punch||[still]\n|-fail|p1a: Bisharp\n|\n|upkeep\n|turn|37\n|\n|t:|1700858269\n|switch|p1a: Ferrothorn|Ferrothorn, F|56\/100\n|move|p2a: Tapu Lele|Moonblast|p1a: Ferrothorn\n|-resisted|p1a: Ferrothorn\n|-damage|p1a: Ferrothorn|39\/100\n|\n|-heal|p1a: Ferrothorn|45\/100|[from] item: Leftovers\n|upkeep\n|turn|38\n|\n|t:|1700858271\n|switch|p2a: Torkoal|Torkoal, M|75\/100\n|-damage|p2a: Torkoal|63\/100|[from] Spikes\n|-weather|SunnyDay|[from] ability: Drought|[of] p2a: Torkoal\n|move|p1a: Ferrothorn|Stealth Rock|p2a: Torkoal\n|-sidestart|p2: Chili D Dewd|move: Stealth Rock\n|\n|-weather|SunnyDay|[upkeep]\n|-heal|p1a: Ferrothorn|51\/100|[from] item: Leftovers\n|upkeep\n|turn|39\n|\n|t:|1700858273\n|switch|p2a: Rotom|Rotom-Wash|79\/100\n|-damage|p2a: Rotom|67\/100|[from] Stealth Rock\n|switch|p1a: Skeledirge|Skeledirge, F|67\/100\n|\n|-weather|SunnyDay|[upkeep]\n|-heal|p2a: Rotom|73\/100|[from] item: Leftovers\n|upkeep\n|turn|40\n|\n|t:|1700858277\n|switch|p1a: Ferrothorn|Ferrothorn, F|51\/100\n|move|p2a: Rotom|Defog|p1a: Ferrothorn\n|-unboost|p1a: Ferrothorn|evasion|1\n|-sideend|p2: Chili D Dewd|Spikes|[from] move: Defog|[of] p2a: Rotom\n|-sideend|p2: Chili D Dewd|Stealth Rock|[from] move: Defog|[of] p2a: Rotom\n|-fieldend|move: Psychic Terrain\n|\n|-weather|SunnyDay|[upkeep]\n|-heal|p2a: Rotom|79\/100|[from] item: Leftovers\n|-heal|p1a: Ferrothorn|57\/100|[from] item: Leftovers\n|upkeep\n|turn|41\n|\n|t:|1700858279\n|move|p2a: Rotom|Volt Switch|p1a: Ferrothorn\n|-resisted|p1a: Ferrothorn\n|-damage|p1a: Ferrothorn|48\/100\n|\n|t:|1700858280\n|switch|p2a: Houndoom|Houndoom-Mega, F|76\/100|[from] Volt Switch\n|move|p1a: Ferrothorn|Leech Seed|p2a: Houndoom\n|-start|p2a: Houndoom|move: Leech Seed\n|\n|-weather|SunnyDay|[upkeep]\n|-damage|p2a: Houndoom|63\/100|[from] ability: Solar Power|[of] p2a: Houndoom\n|-heal|p1a: Ferrothorn|54\/100|[from] item: Leftovers\n|-damage|p2a: Houndoom|51\/100|[from] Leech Seed|[of] p1a: Ferrothorn\n|-heal|p1a: Ferrothorn|64\/100|[silent]\n|upkeep\n|turn|42\n|\n|t:|1700858290\n|switch|p2a: Tapu Lele|Tapu Lele|88\/100\n|-fieldstart|move: Psychic Terrain|[from] ability: Psychic Surge|[of] p2a: Tapu Lele\n|switch|p1a: Skeledirge|Skeledirge, F|67\/100\n|\n|-weather|SunnyDay|[upkeep]\n|upkeep\n|turn|43\n|\n|t:|1700858294\n|switch|p1a: Ferrothorn|Ferrothorn, F|64\/100\n|move|p2a: Tapu Lele|Future Sight|p1a: Ferrothorn\n|-start|p2a: Tapu Lele|move: Future Sight\n|\n|-weather|SunnyDay|[upkeep]\n|-heal|p1a: Ferrothorn|70\/100|[from] item: Leftovers\n|upkeep\n|turn|44\n|\n|t:|1700858297\n|switch|p2a: Rotom|Rotom-Wash|79\/100\n|move|p1a: Ferrothorn|Leech Seed|p2a: Rotom\n|-start|p2a: Rotom|move: Leech Seed\n|\n|-weather|SunnyDay|[upkeep]\n|-heal|p2a: Rotom|85\/100|[from] item: Leftovers\n|-heal|p1a: Ferrothorn|76\/100|[from] item: Leftovers\n|-damage|p2a: Rotom|72\/100|[from] Leech Seed|[of] p1a: Ferrothorn\n|-heal|p1a: Ferrothorn|87\/100|[silent]\n|upkeep\n|turn|45\n|\n|t:|1700858301\n|move|p2a: Rotom|Volt Switch|p1a: Ferrothorn\n|-resisted|p1a: Ferrothorn\n|-damage|p1a: Ferrothorn|79\/100\n|\n|t:|1700858303\n|switch|p2a: Tapu Lele|Tapu Lele|88\/100|[from] Volt Switch\n|move|p1a: Ferrothorn|Gyro Ball|p2a: Tapu Lele\n|-supereffective|p2a: Tapu Lele\n|-damage|p2a: Tapu Lele|0 fnt\n|faint|p2a: Tapu Lele\n|\n|-weather|none\n|-end|p1a: Ferrothorn|move: Future Sight\n|-resisted|p1a: Ferrothorn\n|-damage|p1a: Ferrothorn|51\/100\n|-heal|p1a: Ferrothorn|57\/100|[from] item: Leftovers\n|upkeep\n|\n|t:|1700858306\n|switch|p2a: Houndoom|Houndoom-Mega, F|51\/100\n|turn|46\n|\n|t:|1700858309\n|move|p2a: Houndoom|Dark Pulse|p1a: Ferrothorn\n|-damage|p1a: Ferrothorn|27\/100\n|cant|p1a: Ferrothorn|flinch\n|\n|-heal|p1a: Ferrothorn|33\/100|[from] item: Leftovers\n|-fieldend|move: Psychic Terrain\n|upkeep\n|turn|47\n|\n|t:|1700858313\n|move|p2a: Houndoom|Flamethrower|p1a: Ferrothorn\n|-supereffective|p1a: Ferrothorn\n|-damage|p1a: Ferrothorn|0 fnt\n|faint|p1a: Ferrothorn\n|\n|upkeep\n|\n|t:|1700858314\n|switch|p1a: Bisharp|Bisharp, F|100\/100\n|turn|48\n|\n|t:|1700858316\n|switch|p2a: Torkoal|Torkoal, M|63\/100\n|-weather|SunnyDay|[from] ability: Drought|[of] p2a: Torkoal\n|move|p1a: Bisharp|Sucker Punch||[still]\n|-fail|p1a: Bisharp\n|\n|-weather|SunnyDay|[upkeep]\n|upkeep\n|turn|49\n|\n|t:|1700858317\n|switch|p1a: Skeledirge|Skeledirge, F|67\/100\n|move|p2a: Torkoal|Yawn|p1a: Skeledirge\n|-start|p1a: Skeledirge|move: Yawn|[of] p2a: Torkoal\n|\n|-weather|SunnyDay|[upkeep]\n|upkeep\n|turn|50\n|\n|t:|1700858320\n|move|p1a: Skeledirge|Earth Power|p2a: Torkoal\n|-supereffective|p2a: Torkoal\n|-damage|p2a: Torkoal|6\/100\n|move|p2a: Torkoal|Stealth Rock|p1a: Skeledirge\n|-sidestart|p1: adriyun|move: Stealth Rock\n|\n|-weather|SunnyDay|[upkeep]\n|-end|p1a: Skeledirge|move: Yawn|[silent]\n|-status|p1a: Skeledirge|slp\n|upkeep\n|turn|51\n|\n|t:|1700858323\n|switch|p2a: Houndoom|Houndoom-Mega, F|51\/100\n|cant|p1a: Skeledirge|slp\n|\n|-weather|SunnyDay|[upkeep]\n|-damage|p2a: Houndoom|39\/100|[from] ability: Solar Power|[of] p2a: Houndoom\n|upkeep\n|turn|52\n|\n|t:|1700858325\n|move|p2a: Houndoom|Dark Pulse|p1a: Skeledirge\n|-supereffective|p1a: Skeledirge\n|-damage|p1a: Skeledirge|0 fnt\n|faint|p1a: Skeledirge\n|\n|-weather|SunnyDay|[upkeep]\n|-damage|p2a: Houndoom|26\/100|[from] ability: Solar Power|[of] p2a: Houndoom\n|upkeep\n|\n|t:|1700858326\n|switch|p1a: Bisharp|Bisharp, F|100\/100\n|-damage|p1a: Bisharp|94\/100|[from] Stealth Rock\n|turn|53\n|\n|t:|1700858331\n|move|p2a: Houndoom|Nasty Plot|p2a: Houndoom\n|-boost|p2a: Houndoom|spa|2\n|move|p1a: Bisharp|Knock Off|p2a: Houndoom\n|-resisted|p2a: Houndoom\n|-damage|p2a: Houndoom|0 fnt\n|faint|p2a: Houndoom\n|\n|-weather|SunnyDay|[upkeep]\n|upkeep\n|\n|t:|1700858333\n|switch|p2a: Rotom|Rotom-Wash|72\/100\n|turn|54\n|\n|t:|1700858336\n|move|p2a: Rotom|Pain Split|p1a: Bisharp\n|-sethp|p1a: Bisharp|83\/100|[from] move: Pain Split|[silent]\n|-sethp|p2a: Rotom|84\/100|[from] move: Pain Split\n|move|p1a: Bisharp|Knock Off|p2a: Rotom\n|-damage|p2a: Rotom|0 fnt\n|-enditem|p2a: Rotom|Leftovers|[from] move: Knock Off|[of] p1a: Bisharp\n|faint|p2a: Rotom\n|\n|-weather|SunnyDay|[upkeep]\n|upkeep\n|-message|Chili D Dewd forfeited.\n|\n|win|adriyun\n|raw|adriyun's rating: 1681 &rarr; <strong>1699<\/strong><br \/>(+18 for winning)\n|raw|Chili D Dewd's rating: 1648 &rarr; <strong>1630<\/strong><br \/>(-18 for losing)\n|l|\u2606Chili D Dewd\n|j|\u2606Chili D Dewd\n|player|p2|Chili D Dewd|flint\n","uploadtime":1700858347,"views":5,"p1id":"adriyun","p2id":"chiliddewd","formatid":"gen9nationaldex","rating":1630,"private":0,"password":""}