{"id":"gen9nationaldex-1997375326","p1":"ksjsnsnsbsba","p2":"SpaceZodiac","format":"[Gen 9] National Dex","log":"|html|<div class=\"broadcast-blue\"><strong>[Gen 9] National Dex is currently suspecting Sneasler! For information on how to participate check out the <a href=\"https:\/\/www.smogon.com\/forums\/threads\/sv-national-dex-suspect-8-just-dance.3731534\/\">suspect thread<\/a>.<\/strong><\/div>\n|j|\u2606ksjsnsnsbsba\n|j|\u2606SpaceZodiac\n|t:|1700795962\n|gametype|singles\n|player|p1|ksjsnsnsbsba|plasmagrunt|1226\n|player|p2|SpaceZodiac|darach-caitlin|1166\n|teamsize|p1|6\n|teamsize|p2|6\n|gen|9\n|tier|[Gen 9] National Dex\n|rated|\n|rule|HP Percentage Mod: HP is shown in percentages\n|rule|Endless Battle Clause: Forcing endless battles is banned\n|rule|OHKO Clause: OHKO moves are banned\n|rule|Evasion Clause: Evasion abilities, items, and moves are banned\n|rule|Evasion Abilities Clause: Evasion abilities are banned\n|rule|Evasion Items Clause: Evasion items are banned\n|rule|Evasion Moves Clause: Evasion moves are banned\n|rule|Species Clause: Limit one of each Pok\u00e9mon\n|rule|Sleep Clause Mod: Limit one foe put to sleep\n|clearpoke\n|poke|p1|Rillaboom, M|\n|poke|p1|Ogerpon-Wellspring, F|\n|poke|p1|Hydreigon, F|\n|poke|p1|Skeledirge, M|\n|poke|p1|Clodsire, F|\n|poke|p1|Corviknight, M|\n|poke|p2|Seismitoad, M|\n|poke|p2|Sawsbuck-Summer, M|\n|poke|p2|Chandelure, M|\n|poke|p2|Galvantula, F|\n|poke|p2|Hydreigon, F|\n|poke|p2|Archeops, M|\n|teampreview\n|inactive|Battle timer is ON: inactive players will automatically lose when time's up. (requested by SpaceZodiac)\n|\n|t:|1700795967\n|start\n|switch|p1a: Juan|Skeledirge, M|100\/100\n|switch|p2a: Galvantula|Galvantula, F|100\/100\n|turn|1\n|\n|t:|1700795972\n|switch|p1a: Iclods|Clodsire, F|100\/100\n|move|p2a: Galvantula|Sticky Web|p1a: Iclods\n|-sidestart|p1: ksjsnsnsbsba|move: Sticky Web\n|\n|upkeep\n|turn|2\n|\n|t:|1700795981\n|switch|p2a: Hydreigon|Hydreigon, F|100\/100\n|move|p1a: Iclods|Stealth Rock|p2a: Hydreigon\n|-sidestart|p2: SpaceZodiac|move: Stealth Rock\n|\n|upkeep\n|turn|3\n|\n|t:|1700795984\n|move|p2a: Hydreigon|Surf|p1a: Iclods\n|-immune|p1a: Iclods|[from] ability: Water Absorb\n|move|p1a: Iclods|Toxic|p2a: Hydreigon\n|-status|p2a: Hydreigon|tox\n|\n|-damage|p2a: Hydreigon|94\/100 tox|[from] psn\n|upkeep\n|turn|4\n|\n|t:|1700795993\n|switch|p2a: Chandelure|Chandelure, M|100\/100\n|-damage|p2a: Chandelure|76\/100|[from] Stealth Rock\n|move|p1a: Iclods|Toxic|p2a: Chandelure\n|-status|p2a: Chandelure|tox\n|\n|-damage|p2a: Chandelure|69\/100 tox|[from] psn\n|upkeep\n|turn|5\n|\n|t:|1700795997\n|switch|p1a: Saddy|Ogerpon-Wellspring, F|100\/100\n|-activate|p1a: Saddy|move: Sticky Web\n|-unboost|p1a: Saddy|spe|1\n|move|p2a: Chandelure|Psychic|p1a: Saddy\n|-damage|p1a: Saddy|57\/100\n|\n|-damage|p2a: Chandelure|57\/100 tox|[from] psn\n|upkeep\n|turn|6\n|\n|t:|1700796003\n|switch|p1a: Medusa|Hydreigon, F|100\/100\n|move|p2a: Chandelure|Flamethrower|p1a: Medusa\n|-resisted|p1a: Medusa\n|-damage|p1a: Medusa|78\/100\n|\n|-heal|p1a: Medusa|84\/100|[from] item: Leftovers\n|-damage|p2a: Chandelure|39\/100 tox|[from] psn\n|upkeep\n|turn|7\n|\n|t:|1700796011\n|move|p2a: Chandelure|Shadow Ball|p1a: Medusa\n|-resisted|p1a: Medusa\n|-damage|p1a: Medusa|64\/100\n|move|p1a: Medusa|Dark Pulse|p2a: Chandelure\n|-supereffective|p2a: Chandelure\n|-damage|p2a: Chandelure|0 fnt\n|faint|p2a: Chandelure\n|\n|-heal|p1a: Medusa|70\/100|[from] item: Leftovers\n|upkeep\n|\n|t:|1700796021\n|switch|p2a: Sawsbuck|Sawsbuck-Summer, M|100\/100\n|-damage|p2a: Sawsbuck|88\/100|[from] Stealth Rock\n|turn|8\n|\n|t:|1700796024\n|switch|p1a: Juan|Skeledirge, M|100\/100\n|move|p2a: Sawsbuck|Play Rough|p1a: Juan\n|-resisted|p1a: Juan\n|-damage|p1a: Juan|92\/100\n|\n|upkeep\n|turn|9\n|\n|t:|1700796032\n|move|p2a: Sawsbuck|Stomping Tantrum|p1a: Juan\n|-supereffective|p1a: Juan\n|-damage|p1a: Juan|63\/100\n|move|p1a: Juan|Will-O-Wisp|p2a: Sawsbuck\n|-status|p2a: Sawsbuck|brn\n|\n|-damage|p2a: Sawsbuck|82\/100 brn|[from] brn\n|upkeep\n|turn|10\n|\n|t:|1700796037\n|move|p2a: Sawsbuck|Stomping Tantrum|p1a: Juan\n|-supereffective|p1a: Juan\n|-damage|p1a: Juan|49\/100\n|move|p1a: Juan|Slack Off|p1a: Juan\n|-heal|p1a: Juan|99\/100\n|\n|-damage|p2a: Sawsbuck|76\/100 brn|[from] brn\n|upkeep\n|turn|11\n|\n|t:|1700796040\n|move|p2a: Sawsbuck|Stomping Tantrum|p1a: Juan\n|-supereffective|p1a: Juan\n|-damage|p1a: Juan|84\/100\n|move|p1a: Juan|Torch Song|p2a: Sawsbuck\n|-supereffective|p2a: Sawsbuck\n|-damage|p2a: Sawsbuck|20\/100 brn\n|-boost|p1a: Juan|spa|1\n|\n|-damage|p2a: Sawsbuck|14\/100 brn|[from] brn\n|upkeep\n|turn|12\n|\n|t:|1700796045\n|move|p2a: Sawsbuck|Stomping Tantrum|p1a: Juan\n|-supereffective|p1a: Juan\n|-damage|p1a: Juan|69\/100\n|move|p1a: Juan|Torch Song|p2a: Sawsbuck\n|-supereffective|p2a: Sawsbuck\n|-damage|p2a: Sawsbuck|0 fnt\n|-boost|p1a: Juan|spa|1\n|faint|p2a: Sawsbuck\n|\n|upkeep\n|\n|t:|1700796047\n|switch|p2a: Hydreigon|Hydreigon, F|94\/100 tox\n|-damage|p2a: Hydreigon|82\/100 tox|[from] Stealth Rock\n|turn|13\n|\n|t:|1700796050\n|switch|p1a: Iron Wing|Corviknight, M, shiny|100\/100\n|move|p2a: Hydreigon|Dark Pulse|p1a: Iron Wing\n|-damage|p1a: Iron Wing|60\/100\n|\n|-damage|p2a: Hydreigon|76\/100 tox|[from] psn\n|upkeep\n|turn|14\n|\n|t:|1700796058\n|switch|p1a: Medusa|Hydreigon, F|70\/100\n|move|p2a: Hydreigon|Dark Pulse|p1a: Medusa\n|-resisted|p1a: Medusa\n|-damage|p1a: Medusa|51\/100\n|\n|-heal|p1a: Medusa|57\/100|[from] item: Leftovers\n|-damage|p2a: Hydreigon|64\/100 tox|[from] psn\n|upkeep\n|turn|15\n|\n|t:|1700796061\n|move|p2a: Hydreigon|Dark Pulse|p1a: Medusa\n|-resisted|p1a: Medusa\n|-damage|p1a: Medusa|39\/100\n|move|p1a: Medusa|Roost|p1a: Medusa\n|-heal|p1a: Medusa|89\/100\n|-singleturn|p1a: Medusa|move: Roost\n|\n|-heal|p1a: Medusa|95\/100|[from] item: Leftovers\n|-damage|p2a: Hydreigon|45\/100 tox|[from] psn\n|upkeep\n|turn|16\n|\n|t:|1700796065\n|move|p2a: Hydreigon|Dark Pulse|p1a: Medusa\n|-resisted|p1a: Medusa\n|-damage|p1a: Medusa|75\/100\n|move|p1a: Medusa|Nasty Plot|p1a: Medusa\n|-boost|p1a: Medusa|spa|2\n|\n|-heal|p1a: Medusa|81\/100|[from] item: Leftovers\n|-damage|p2a: Hydreigon|20\/100 tox|[from] psn\n|upkeep\n|turn|17\n|\n|t:|1700796069\n|move|p2a: Hydreigon|Dark Pulse|p1a: Medusa\n|-resisted|p1a: Medusa\n|-damage|p1a: Medusa|61\/100\n|cant|p1a: Medusa|flinch\n|\n|-heal|p1a: Medusa|68\/100|[from] item: Leftovers\n|-damage|p2a: Hydreigon|0 fnt|[from] psn\n|faint|p2a: Hydreigon\n|upkeep\n|\n|t:|1700796072\n|switch|p2a: Galvantula|Galvantula, F|100\/100\n|-damage|p2a: Galvantula|76\/100|[from] Stealth Rock\n|turn|18\n|\n|t:|1700796075\n|-terastallize|p1a: Medusa|Poison\n|move|p2a: Galvantula|Bug Buzz|p1a: Medusa\n|-resisted|p1a: Medusa\n|-damage|p1a: Medusa|47\/100\n|move|p1a: Medusa|Dark Pulse|p2a: Galvantula\n|-damage|p2a: Galvantula|0 fnt\n|faint|p2a: Galvantula\n|\n|-heal|p1a: Medusa|54\/100|[from] item: Leftovers\n|upkeep\n|\n|t:|1700796081\n|switch|p2a: Seismitoad|Seismitoad, M|100\/100\n|-damage|p2a: Seismitoad|94\/100|[from] Stealth Rock\n|turn|19\n|\n|t:|1700796085\n|move|p1a: Medusa|Roost|p1a: Medusa\n|-heal|p1a: Medusa|100\/100\n|move|p2a: Seismitoad|Earthquake|p1a: Medusa\n|-immune|p1a: Medusa|[from] ability: Levitate\n|\n|-heal|p2a: Seismitoad|100\/100|[from] item: Leftovers\n|upkeep\n|turn|20\n|\n|t:|1700796090\n|move|p1a: Medusa|Dark Pulse|p2a: Seismitoad\n|-damage|p2a: Seismitoad|14\/100\n|move|p2a: Seismitoad|Liquidation|p1a: Medusa\n|-damage|p1a: Medusa|65\/100\n|\n|-heal|p1a: Medusa|72\/100|[from] item: Leftovers\n|-heal|p2a: Seismitoad|20\/100|[from] item: Leftovers\n|upkeep\n|turn|21\n|n|\u2606ksjsnsnsbsba|ksjsnsnsbsba\n|c|\u2606ksjsnsnsbsba|You using hydreigon itself lamo what\n|inactive|ksjsnsnsbsba has 120 seconds left.\n|c|\u2606ksjsnsnsbsba|Why try to an earthquake lol\n|c|\u2606SpaceZodiac|I FORGOR\n|\n|t:|1700796129\n|move|p1a: Medusa|Roost|p1a: Medusa\n|-heal|p1a: Medusa|100\/100\n|move|p2a: Seismitoad|Liquidation|p1a: Medusa\n|-crit|p1a: Medusa\n|-damage|p1a: Medusa|40\/100\n|\n|-heal|p1a: Medusa|46\/100|[from] item: Leftovers\n|-heal|p2a: Seismitoad|26\/100|[from] item: Leftovers\n|upkeep\n|turn|22\n|inactive|ksjsnsnsbsba has 120 seconds left.\n|c|\u2606SpaceZodiac|its like 3am babes cut me some slack\n|\n|t:|1700796141\n|move|p1a: Medusa|Roost|p1a: Medusa\n|-heal|p1a: Medusa|96\/100\n|move|p2a: Seismitoad|Liquidation|p1a: Medusa\n|-damage|p1a: Medusa|57\/100\n|\n|-heal|p1a: Medusa|63\/100|[from] item: Leftovers\n|-heal|p2a: Seismitoad|32\/100|[from] item: Leftovers\n|upkeep\n|turn|23\n|\n|t:|1700796148\n|move|p1a: Medusa|Dark Pulse|p2a: Seismitoad\n|-damage|p2a: Seismitoad|0 fnt\n|faint|p2a: Seismitoad\n|\n|-heal|p1a: Medusa|70\/100|[from] item: Leftovers\n|upkeep\n|\n|t:|1700796151\n|switch|p2a: Archeops|Archeops, M|100\/100\n|-damage|p2a: Archeops|76\/100|[from] Stealth Rock\n|turn|24\n|\n|t:|1700796157\n|move|p2a: Archeops|Rock Slide|p1a: Medusa\n|-damage|p1a: Medusa|28\/100\n|cant|p1a: Medusa|flinch\n|\n|-heal|p1a: Medusa|34\/100|[from] item: Leftovers\n|upkeep\n|turn|25\n|\n|t:|1700796165\n|switch|p1a: Bugcatcher|Rillaboom, M|100\/100\n|-activate|p1a: Bugcatcher|move: Sticky Web\n|-unboost|p1a: Bugcatcher|spe|1\n|-fieldstart|move: Grassy Terrain|[from] ability: Grassy Surge|[of] p1a: Bugcatcher\n|move|p2a: Archeops|Rock Slide|p1a: Bugcatcher\n|-damage|p1a: Bugcatcher|63\/100\n|\n|-heal|p1a: Bugcatcher|70\/100|[from] Grassy Terrain\n|upkeep\n|turn|26\n|\n|t:|1700796170\n|move|p1a: Bugcatcher|Grassy Glide|p2a: Archeops\n|-damage|p2a: Archeops|0 fnt\n|faint|p2a: Archeops\n|\n|win|ksjsnsnsbsba\n|raw|ksjsnsnsbsba's rating: 1226 &rarr; <strong>1247<\/strong><br \/>(+21 for winning)\n|raw|SpaceZodiac's rating: 1166 &rarr; <strong>1145<\/strong><br \/>(-21 for losing)\n|l|\u2606SpaceZodiac\n","uploadtime":1700796313,"views":3,"p1id":"ksjsnsnsbsba","p2id":"spacezodiac","formatid":"gen9nationaldex","rating":1145,"private":0,"password":""}