{"id":"gen9nationaldex-1999624735","p1":"ouiouinocacanobaka","p2":"Tukitiko","format":"[Gen 9] National Dex","log":"|html|<div class=\"broadcast-blue\"><strong>[Gen 9] National Dex is currently suspecting Sneasler! For information on how to participate check out the <a href=\"https:\/\/www.smogon.com\/forums\/threads\/sv-national-dex-suspect-8-just-dance.3731534\/\">suspect thread<\/a>.<\/strong><\/div>\n|j|\u2606ouiouinocacanobaka\n|j|\u2606Tukitiko\n|t:|1701102272\n|gametype|singles\n|player|p1|ouiouinocacanobaka|steven|1383\n|player|p2|Tukitiko|lusamine-nihilego|1355\n|teamsize|p1|6\n|teamsize|p2|6\n|gen|9\n|tier|[Gen 9] National Dex\n|rated|\n|rule|HP Percentage Mod: HP is shown in percentages\n|rule|Endless Battle Clause: Forcing endless battles is banned\n|rule|OHKO Clause: OHKO moves are banned\n|rule|Evasion Clause: Evasion abilities, items, and moves are banned\n|rule|Evasion Abilities Clause: Evasion abilities are banned\n|rule|Evasion Items Clause: Evasion items are banned\n|rule|Evasion Moves Clause: Evasion moves are banned\n|rule|Species Clause: Limit one of each Pok\u00e9mon\n|rule|Sleep Clause Mod: Limit one foe put to sleep\n|clearpoke\n|poke|p1|Tapu Koko|\n|poke|p1|Iron Valiant|\n|poke|p1|Iron Moth|\n|poke|p1|Scizor, F|\n|poke|p1|Landorus-Therian, M|\n|poke|p1|Blissey, F|\n|poke|p2|Jellicent, M|\n|poke|p2|Sneasler, M|\n|poke|p2|Rillaboom, M|\n|poke|p2|Venusaur, M|\n|poke|p2|Kartana|\n|poke|p2|Volcanion|\n|teampreview\n|inactive|Battle timer is ON: inactive players will automatically lose when time's up. (requested by Tukitiko)\n|inactive|ouiouinocacanobaka also wants the timer to be on.\n|\n|t:|1701102281\n|start\n|switch|p1a: Tapu Koko|Tapu Koko|100\/100\n|switch|p2a: Rillaboom|Rillaboom, M|100\/100\n|-fieldstart|move: Electric Terrain|[from] ability: Electric Surge|[of] p1a: Tapu Koko\n|-fieldstart|move: Grassy Terrain|[from] ability: Grassy Surge|[of] p2a: Rillaboom\n|turn|1\n|\n|t:|1701102289\n|move|p1a: Tapu Koko|U-turn|p2a: Rillaboom\n|-supereffective|p2a: Rillaboom\n|-damage|p2a: Rillaboom|65\/100\n|\n|t:|1701102294\n|switch|p1a: Landorus|Landorus-Therian, M|100\/100|[from] U-turn\n|-ability|p1a: Landorus|Intimidate|boost\n|-unboost|p2a: Rillaboom|atk|1\n|move|p2a: Rillaboom|Drum Beating|p1a: Landorus\n|-damage|p1a: Landorus|76\/100\n|-unboost|p1a: Landorus|spe|1\n|\n|-heal|p2a: Rillaboom|71\/100|[from] Grassy Terrain\n|upkeep\n|turn|2\n|\n|t:|1701102312\n|move|p2a: Rillaboom|U-turn|p1a: Landorus\n|-resisted|p1a: Landorus\n|-damage|p1a: Landorus|71\/100\n|-damage|p2a: Rillaboom|54\/100|[from] item: Rocky Helmet|[of] p1a: Landorus\n|\n|t:|1701102316\n|switch|p2a: Volcanion|Volcanion|100\/100|[from] U-turn\n|move|p1a: Landorus|Stealth Rock|p2a: Volcanion\n|-sidestart|p2: Tukitiko|move: Stealth Rock\n|\n|upkeep\n|turn|3\n|\n|t:|1701102323\n|switch|p1a: Blissey|Blissey, F|100\/100\n|move|p2a: Volcanion|Steam Eruption|p1a: Blissey\n|-damage|p1a: Blissey|81\/100\n|\n|-heal|p1a: Blissey|88\/100|[from] Grassy Terrain\n|upkeep\n|turn|4\n|\n|t:|1701102327\n|switch|p2a: Sneasler|Sneasler, M|100\/100\n|-damage|p2a: Sneasler|95\/100|[from] Stealth Rock\n|-enditem|p2a: Sneasler|Grassy Seed\n|-boost|p2a: Sneasler|def|1|[from] item: Grassy Seed\n|move|p1a: Blissey|Toxic|p2a: Sneasler\n|-immune|p2a: Sneasler\n|\n|-heal|p2a: Sneasler|100\/100|[from] Grassy Terrain\n|-heal|p1a: Blissey|94\/100|[from] Grassy Terrain\n|upkeep\n|turn|5\n|\n|t:|1701102332\n|switch|p1a: Landorus|Landorus-Therian, M|71\/100\n|-ability|p1a: Landorus|Intimidate|boost\n|-unboost|p2a: Sneasler|atk|1\n|move|p2a: Sneasler|Swords Dance|p2a: Sneasler\n|-boost|p2a: Sneasler|atk|2\n|\n|upkeep\n|turn|6\n|\n|t:|1701102338\n|-terastallize|p2a: Sneasler|Flying\n|move|p2a: Sneasler|Swords Dance|p2a: Sneasler\n|-boost|p2a: Sneasler|atk|2\n|move|p1a: Landorus|U-turn|p2a: Sneasler\n|-resisted|p2a: Sneasler\n|-damage|p2a: Sneasler|87\/100\n|\n|t:|1701102342\n|switch|p1a: Tapu Koko|Tapu Koko|100\/100|[from] U-turn\n|-fieldstart|move: Electric Terrain|[from] ability: Electric Surge|[of] p1a: Tapu Koko\n|\n|upkeep\n|turn|7\n|\n|t:|1701102352\n|switch|p1a: Landorus|Landorus-Therian, M|71\/100\n|-ability|p1a: Landorus|Intimidate|boost\n|-unboost|p2a: Sneasler|atk|1\n|move|p2a: Sneasler|Dire Claw|p1a: Landorus\n|-resisted|p1a: Landorus\n|-crit|p1a: Landorus\n|-damage|p1a: Landorus|27\/100\n|-status|p1a: Landorus|par\n|-damage|p2a: Sneasler|71\/100|[from] item: Rocky Helmet|[of] p1a: Landorus\n|\n|upkeep\n|turn|8\n|\n|t:|1701102361\n|switch|p1a: Scizor|Scizor, F|100\/100\n|move|p2a: Sneasler|Swords Dance|p2a: Sneasler\n|-boost|p2a: Sneasler|atk|2\n|\n|upkeep\n|turn|9\n|\n|t:|1701102368\n|switch|p1a: Landorus|Landorus-Therian, M|27\/100 par\n|-ability|p1a: Landorus|Intimidate|boost\n|-unboost|p2a: Sneasler|atk|1\n|move|p2a: Sneasler|Acrobatics|p1a: Landorus\n|-damage|p1a: Landorus|0 fnt\n|-damage|p2a: Sneasler|54\/100|[from] item: Rocky Helmet|[of] p1a: Landorus\n|faint|p1a: Landorus\n|\n|upkeep\n|\n|t:|1701102386\n|switch|p1a: Scizor|Scizor, F|100\/100\n|turn|10\n|\n|t:|1701102389\n|detailschange|p1a: Scizor|Scizor-Mega, F\n|-mega|p1a: Scizor|Scizor|Scizorite\n|move|p1a: Scizor|Bullet Punch|p2a: Sneasler\n|-damage|p2a: Sneasler|13\/100\n|move|p2a: Sneasler|Acrobatics|p1a: Scizor\n|-damage|p1a: Scizor|0 fnt\n|faint|p1a: Scizor\n|\n|-fieldend|move: Electric Terrain\n|upkeep\n|\n|t:|1701102402\n|switch|p1a: Tapu Koko|Tapu Koko|100\/100\n|-fieldstart|move: Electric Terrain|[from] ability: Electric Surge|[of] p1a: Tapu Koko\n|turn|11\n|\n|t:|1701102408\n|move|p2a: Sneasler|Dire Claw|p1a: Tapu Koko\n|-supereffective|p1a: Tapu Koko\n|-damage|p1a: Tapu Koko|0 fnt\n|faint|p1a: Tapu Koko\n|\n|upkeep\n|\n|t:|1701102412\n|switch|p1a: Iron Valiant|Iron Valiant|100\/100\n|-activate|p1a: Iron Valiant|ability: Quark Drive\n|-start|p1a: Iron Valiant|quarkdrivespe\n|turn|12\n|\n|t:|1701102420\n|move|p2a: Sneasler|Acrobatics|p1a: Iron Valiant\n|-supereffective|p1a: Iron Valiant\n|-damage|p1a: Iron Valiant|0 fnt\n|faint|p1a: Iron Valiant\n|-end|p1a: Iron Valiant|Quark Drive|[silent]\n|\n|upkeep\n|-message|ouiouinocacanobaka forfeited.\n|\n|win|Tukitiko\n|raw|ouiouinocacanobaka's rating: 1383 &rarr; <strong>1361<\/strong><br \/>(-22 for losing)\n|raw|Tukitiko's rating: 1355 &rarr; <strong>1377<\/strong><br \/>(+22 for winning)\n|l|\u2606ouiouinocacanobaka\n","uploadtime":1701102429,"views":7,"p1id":"ouiouinocacanobaka","p2id":"tukitiko","formatid":"gen9nationaldex","rating":1361,"private":0,"password":""}