{"id":"gen9nationaldex-1993329893","p1":"LVGLO","p2":"JJdragon slayer","format":"[Gen 9] National Dex","log":"|j|\u2606LVGLO\n|j|\u2606JJdragon slayer\n|t:|1700299633\n|gametype|singles\n|player|p1|LVGLO|169|1522\n|player|p2|JJdragon slayer|backersf|1612\n|teamsize|p1|6\n|teamsize|p2|6\n|gen|9\n|tier|[Gen 9] National Dex\n|rated|\n|rule|HP Percentage Mod: HP is shown in percentages\n|rule|Endless Battle Clause: Forcing endless battles is banned\n|rule|OHKO Clause: OHKO moves are banned\n|rule|Evasion Clause: Evasion abilities, items, and moves are banned\n|rule|Evasion Abilities Clause: Evasion abilities are banned\n|rule|Evasion Items Clause: Evasion items are banned\n|rule|Evasion Moves Clause: Evasion moves are banned\n|rule|Species Clause: Limit one of each Pok\u00e9mon\n|rule|Sleep Clause Mod: Limit one foe put to sleep\n|clearpoke\n|poke|p1|Mew|\n|poke|p1|Victini|\n|poke|p1|Xatu, M|\n|poke|p1|Togekiss, M|\n|poke|p1|Tapu Fini|\n|poke|p1|Grimmsnarl, M|\n|poke|p2|Kingler, F|\n|poke|p2|Ribombee, F|\n|poke|p2|Pelipper, F|\n|poke|p2|Bisharp, M|\n|poke|p2|Banette, M|\n|poke|p2|Mew|\n|teampreview\n|inactive|Battle timer is ON: inactive players will automatically lose when time's up. (requested by JJdragon slayer)\n|\n|t:|1700299646\n|start\n|switch|p1a: Victini|Victini|100\/100\n|switch|p2a: Pelipper|Pelipper, F|100\/100\n|-weather|RainDance|[from] ability: Drizzle|[of] p2a: Pelipper\n|turn|1\n|\n|t:|1700299650\n|switch|p2a: Banette|Banette, M|100\/100\n|-item|p1a: Victini|Choice Scarf|[from] ability: Frisk|[of] p2a: Banette|[identify]\n|move|p1a: Victini|Final Gambit|p2a: Banette\n|-immune|p2a: Banette\n|\n|-weather|RainDance|[upkeep]\n|upkeep\n|turn|2\n|\n|t:|1700299664\n|switch|p1a: Togekiss|Togekiss, M|100\/100\n|switch|p2a: Pelipper|Pelipper, F|100\/100\n|\n|-weather|RainDance|[upkeep]\n|upkeep\n|turn|3\n|\n|t:|1700299669\n|move|p1a: Togekiss|Thunder Wave|p2a: Pelipper\n|-status|p2a: Pelipper|par\n|cant|p2a: Pelipper|par\n|\n|-weather|RainDance|[upkeep]\n|upkeep\n|turn|4\n|\n|t:|1700299673\n|switch|p1a: Grimmsnarl|Grimmsnarl, M|100\/100\n|move|p2a: Pelipper|Weather Ball|p1a: Grimmsnarl\n|-damage|p1a: Grimmsnarl|0 fnt\n|faint|p1a: Grimmsnarl\n|\n|-weather|RainDance|[upkeep]\n|upkeep\n|\n|t:|1700299688\n|switch|p1a: Victini|Victini|100\/100\n|turn|5\n|\n|t:|1700299692\n|move|p1a: Victini|Bolt Strike|p2a: Pelipper\n|-supereffective|p2a: Pelipper\n|-damage|p2a: Pelipper|0 fnt\n|faint|p2a: Pelipper\n|\n|-weather|none\n|upkeep\n|\n|t:|1700299695\n|switch|p2a: Ribombee|Ribombee, F|100\/100\n|turn|6\n|\n|t:|1700299699\n|switch|p1a: Xatu|Xatu, M|100\/100\n|move|p2a: Ribombee|Sticky Web|p1a: Xatu\n|move|p1a: Xatu|Sticky Web|p2a: Ribombee|[from]ability: Magic Bounce\n|-sidestart|p2: JJdragon slayer|move: Sticky Web\n|\n|upkeep\n|turn|7\n|\n|t:|1700299703\n|move|p2a: Ribombee|Skill Swap|p1a: Xatu\n|-activate|p2a: Ribombee|move: Skill Swap|Magic Bounce|Shield Dust|[of] p1a: Xatu\n|move|p1a: Xatu|Cosmic Power|p1a: Xatu\n|-boost|p1a: Xatu|def|1\n|-boost|p1a: Xatu|spd|1\n|\n|upkeep\n|turn|8\n|\n|t:|1700299710\n|switch|p1a: Tapu Fini|Tapu Fini|100\/100\n|-fieldstart|move: Misty Terrain|[from] ability: Misty Surge|[of] p1a: Tapu Fini\n|move|p2a: Ribombee|Sticky Web|p1a: Tapu Fini\n|-sidestart|p1: LVGLO|move: Sticky Web\n|\n|upkeep\n|turn|9\n|\n|t:|1700299715\n|move|p2a: Ribombee|Moonblast|p1a: Tapu Fini\n|-damage|p1a: Tapu Fini|70\/100\n|-unboost|p1a: Tapu Fini|spa|1\n|move|p1a: Tapu Fini|Calm Mind|p1a: Tapu Fini\n|-boost|p1a: Tapu Fini|spa|1\n|-boost|p1a: Tapu Fini|spd|1\n|\n|-heal|p1a: Tapu Fini|76\/100|[from] item: Leftovers\n|upkeep\n|turn|10\n|\n|t:|1700299721\n|switch|p2a: Mew|Mew|100\/100\n|-activate|p2a: Mew|move: Sticky Web\n|-unboost|p2a: Mew|spe|1\n|move|p1a: Tapu Fini|Calm Mind|p1a: Tapu Fini\n|-boost|p1a: Tapu Fini|spa|1\n|-boost|p1a: Tapu Fini|spd|1\n|\n|-heal|p1a: Tapu Fini|82\/100|[from] item: Leftovers\n|upkeep\n|turn|11\n|\n|t:|1700299725\n|switch|p1a: Victini|Victini|100\/100\n|-activate|p1a: Victini|move: Sticky Web\n|-unboost|p1a: Victini|spe|1\n|move|p2a: Mew|Cosmic Power|p2a: Mew\n|-boost|p2a: Mew|def|1\n|-boost|p2a: Mew|spd|1\n|\n|upkeep\n|turn|12\n|\n|t:|1700299732\n|switch|p2a: Banette|Banette, M|100\/100\n|-activate|p2a: Banette|move: Sticky Web\n|-unboost|p2a: Banette|spe|1\n|-item|p1a: Victini|Choice Scarf|[from] ability: Frisk|[of] p2a: Banette|[identify]\n|move|p1a: Victini|V-create|p2a: Banette\n|-damage|p2a: Banette|5\/100\n|-unboost|p1a: Victini|spe|1\n|-unboost|p1a: Victini|def|1\n|-unboost|p1a: Victini|spd|1\n|\n|-fieldend|Misty Terrain\n|upkeep\n|turn|13\n|\n|t:|1700299753\n|switch|p2a: Kingler|Kingler, F|100\/100\n|-activate|p2a: Kingler|move: Sticky Web\n|-unboost|p2a: Kingler|spe|1\n|move|p1a: Victini|V-create|p2a: Kingler\n|-resisted|p2a: Kingler\n|-damage|p2a: Kingler|64\/100\n|-unboost|p1a: Victini|spe|1\n|-unboost|p1a: Victini|def|1\n|-unboost|p1a: Victini|spd|1\n|\n|upkeep\n|turn|14\n|\n|t:|1700299762\n|switch|p1a: Togekiss|Togekiss, M|100\/100\n|move|p2a: Kingler|Knock Off|p1a: Togekiss\n|-resisted|p1a: Togekiss\n|-damage|p1a: Togekiss|82\/100\n|-enditem|p1a: Togekiss|Choice Scarf|[from] move: Knock Off|[of] p2a: Kingler\n|\n|upkeep\n|turn|15\n|\n|t:|1700299769\n|switch|p2a: Ribombee|Ribombee, F|100\/100\n|-activate|p2a: Ribombee|move: Sticky Web\n|-unboost|p2a: Ribombee|spe|1\n|move|p1a: Togekiss|Air Slash|p2a: Ribombee\n|-supereffective|p2a: Ribombee\n|-enditem|p2a: Ribombee|Focus Sash\n|-damage|p2a: Ribombee|1\/100\n|\n|upkeep\n|turn|16\n|\n|t:|1700299774\n|switch|p1a: Xatu|Xatu, M|100\/100\n|move|p2a: Ribombee|Moonblast|p1a: Xatu\n|-damage|p1a: Xatu|56\/100\n|\n|upkeep\n|turn|17\n|\n|t:|1700299781\n|move|p2a: Ribombee|Moonblast|p1a: Xatu\n|-damage|p1a: Xatu|9\/100\n|move|p1a: Xatu|Roost|p1a: Xatu\n|-heal|p1a: Xatu|59\/100\n|-singleturn|p1a: Xatu|move: Roost\n|\n|upkeep\n|turn|18\n|\n|t:|1700299786\n|move|p2a: Ribombee|Moonblast|p1a: Xatu\n|-damage|p1a: Xatu|13\/100\n|move|p1a: Xatu|Roost|p1a: Xatu\n|-heal|p1a: Xatu|63\/100\n|-singleturn|p1a: Xatu|move: Roost\n|\n|upkeep\n|turn|19\n|\n|t:|1700299789\n|move|p2a: Ribombee|Moonblast|p1a: Xatu\n|-damage|p1a: Xatu|17\/100\n|-unboost|p1a: Xatu|spa|1\n|move|p1a: Xatu|Roost|p1a: Xatu\n|-heal|p1a: Xatu|67\/100\n|-singleturn|p1a: Xatu|move: Roost\n|\n|upkeep\n|turn|20\n|\n|t:|1700299796\n|move|p2a: Ribombee|Bug Buzz|p1a: Xatu\n|-damage|p1a: Xatu|25\/100\n|move|p1a: Xatu|Roost|p1a: Xatu\n|-heal|p1a: Xatu|75\/100\n|-singleturn|p1a: Xatu|move: Roost\n|\n|upkeep\n|turn|21\n|\n|t:|1700299801\n|move|p2a: Ribombee|Bug Buzz|p1a: Xatu\n|-damage|p1a: Xatu|30\/100\n|-unboost|p1a: Xatu|spd|1\n|move|p1a: Xatu|Roost|p1a: Xatu\n|-heal|p1a: Xatu|80\/100\n|-singleturn|p1a: Xatu|move: Roost\n|\n|upkeep\n|turn|22\n|\n|t:|1700299806\n|switch|p1a: Togekiss|Togekiss, M|82\/100\n|move|p2a: Ribombee|Moonblast|p1a: Togekiss\n|-damage|p1a: Togekiss|43\/100\n|\n|upkeep\n|turn|23\n|\n|t:|1700299809\n|move|p1a: Togekiss|Air Slash|p2a: Ribombee\n|-supereffective|p2a: Ribombee\n|-damage|p2a: Ribombee|0 fnt\n|faint|p2a: Ribombee\n|\n|upkeep\n|\n|t:|1700299814\n|switch|p2a: Bisharp|Bisharp, M|100\/100\n|-activate|p2a: Bisharp|move: Sticky Web\n|-unboost|p2a: Bisharp|spe|1\n|-ability|p2a: Bisharp|Defiant|boost\n|-boost|p2a: Bisharp|atk|2\n|turn|24\n|\n|t:|1700299822\n|switch|p1a: Victini|Victini|100\/100\n|-activate|p1a: Victini|move: Sticky Web\n|-unboost|p1a: Victini|spe|1\n|move|p2a: Bisharp|Knock Off|p1a: Victini\n|-supereffective|p1a: Victini\n|-damage|p1a: Victini|0 fnt\n|-enditem|p1a: Victini|Choice Scarf|[from] move: Knock Off|[of] p2a: Bisharp\n|faint|p1a: Victini\n|-damage|p2a: Bisharp|91\/100|[from] item: Life Orb\n|\n|upkeep\n|\n|t:|1700299824\n|switch|p1a: Tapu Fini|Tapu Fini|82\/100\n|-activate|p1a: Tapu Fini|move: Sticky Web\n|-unboost|p1a: Tapu Fini|spe|1\n|-fieldstart|move: Misty Terrain|[from] ability: Misty Surge|[of] p1a: Tapu Fini\n|turn|25\n|\n|t:|1700299829\n|move|p2a: Bisharp|Iron Head|p1a: Tapu Fini\n|-damage|p1a: Tapu Fini|0 fnt\n|faint|p1a: Tapu Fini\n|-damage|p2a: Bisharp|81\/100|[from] item: Life Orb\n|\n|upkeep\n|\n|t:|1700299839\n|switch|p1a: Xatu|Xatu, M|80\/100\n|turn|26\n|-message|LVGLO forfeited.\n|\n|win|JJdragon slayer\n|raw|LVGLO's rating: 1522 &rarr; <strong>1507<\/strong><br \/>(-15 for losing)\n|raw|JJdragon slayer's rating: 1612 &rarr; <strong>1627<\/strong><br \/>(+15 for winning)\n|l|\u2606LVGLO\n","uploadtime":1700299849,"views":15,"p1id":"lvglo","p2id":"jjdragonslayer","formatid":"gen9nationaldex","rating":1507,"private":0,"password":""}