{"id":"gen9nationaldex-1998732902","p1":"Cinder D Ace","p2":"zn997","format":"[Gen 9] National Dex","log":"|html|<div class=\"broadcast-blue\"><strong>[Gen 9] National Dex is currently suspecting Sneasler! For information on how to participate check out the <a href=\"https:\/\/www.smogon.com\/forums\/threads\/sv-national-dex-suspect-8-just-dance.3731534\/\">suspect thread<\/a>.<\/strong><\/div>\n|j|\u2606Cinder D Ace\n|j|\u2606zn997\n|t:|1700979772\n|gametype|singles\n|player|p1|Cinder D Ace|hilda|1206\n|player|p2|zn997|hilbert|1218\n|teamsize|p1|6\n|teamsize|p2|6\n|gen|9\n|tier|[Gen 9] National Dex\n|rated|\n|rule|HP Percentage Mod: HP is shown in percentages\n|rule|Endless Battle Clause: Forcing endless battles is banned\n|rule|OHKO Clause: OHKO moves are banned\n|rule|Evasion Clause: Evasion abilities, items, and moves are banned\n|rule|Evasion Abilities Clause: Evasion abilities are banned\n|rule|Evasion Items Clause: Evasion items are banned\n|rule|Evasion Moves Clause: Evasion moves are banned\n|rule|Species Clause: Limit one of each Pok\u00e9mon\n|rule|Sleep Clause Mod: Limit one foe put to sleep\n|clearpoke\n|poke|p1|Garganacl, M|\n|poke|p1|Lopunny, M|\n|poke|p1|Urshifu-*, F|\n|poke|p1|Grimmsnarl, M|\n|poke|p1|Volcarona, M|\n|poke|p1|Corviknight, M|\n|poke|p2|Banette, M|\n|poke|p2|Ceruledge, M|\n|poke|p2|Aegislash, F|\n|poke|p2|Sableye, M|\n|poke|p2|Gourgeist-*, F|\n|poke|p2|Blacephalon|\n|teampreview\n|inactive|Battle timer is ON: inactive players will automatically lose when time's up. (requested by zn997)\n|\n|t:|1700979778\n|start\n|switch|p1a: Garganacl|Garganacl, M|100\/100\n|switch|p2a: Sableye|Sableye, M|100\/100\n|turn|1\n|\n|t:|1700979784\n|move|p2a: Sableye|Taunt|p1a: Garganacl\n|-start|p1a: Garganacl|move: Taunt\n|cant|p1a: Garganacl|move: Taunt|Curse\n|\n|upkeep\n|turn|2\n|\n|t:|1700979791\n|move|p2a: Sableye|Metal Burst||[still]\n|-fail|p2a: Sableye\n|move|p1a: Garganacl|Salt Cure|p2a: Sableye\n|-damage|p2a: Sableye|80\/100\n|-start|p2a: Sableye|Salt Cure\n|\n|-damage|p2a: Sableye|68\/100|[from] Salt Cure\n|upkeep\n|turn|3\n|\n|t:|1700979800\n|move|p2a: Sableye|Thunder Wave|p1a: Garganacl\n|-immune|p1a: Garganacl|[from] ability: Purifying Salt\n|move|p1a: Garganacl|Salt Cure|p2a: Sableye\n|-damage|p2a: Sableye|48\/100\n|\n|-damage|p2a: Sableye|35\/100|[from] Salt Cure\n|-end|p1a: Garganacl|move: Taunt\n|upkeep\n|turn|4\n|\n|t:|1700979809\n|move|p2a: Sableye|Taunt|p1a: Garganacl\n|-start|p1a: Garganacl|move: Taunt\n|cant|p1a: Garganacl|move: Taunt|Curse\n|\n|-damage|p2a: Sableye|23\/100|[from] Salt Cure\n|upkeep\n|turn|5\n|\n|t:|1700979819\n|move|p2a: Sableye|Pain Split|p1a: Garganacl\n|-sethp|p1a: Garganacl|57\/100|[from] move: Pain Split|[silent]\n|-sethp|p2a: Sableye|95\/100|[from] move: Pain Split\n|move|p1a: Garganacl|Earthquake|p2a: Sableye\n|-damage|p2a: Sableye|63\/100\n|\n|-heal|p1a: Garganacl|63\/100|[from] item: Leftovers\n|-damage|p2a: Sableye|50\/100|[from] Salt Cure\n|upkeep\n|turn|6\n|\n|t:|1700979830\n|move|p2a: Sableye|Pain Split|p1a: Garganacl\n|-sethp|p1a: Garganacl|47\/100|[from] move: Pain Split|[silent]\n|-sethp|p2a: Sableye|78\/100|[from] move: Pain Split\n|move|p1a: Garganacl|Earthquake|p2a: Sableye\n|-damage|p2a: Sableye|48\/100\n|\n|-heal|p1a: Garganacl|53\/100|[from] item: Leftovers\n|-damage|p2a: Sableye|35\/100|[from] Salt Cure\n|-end|p1a: Garganacl|move: Taunt\n|upkeep\n|turn|7\n|\n|t:|1700979842\n|move|p2a: Sableye|Taunt|p1a: Garganacl\n|-start|p1a: Garganacl|move: Taunt\n|cant|p1a: Garganacl|move: Taunt|Recover\n|\n|-heal|p1a: Garganacl|59\/100|[from] item: Leftovers\n|-damage|p2a: Sableye|23\/100|[from] Salt Cure\n|upkeep\n|turn|8\n|\n|t:|1700979849\n|switch|p1a: Grimmsnarl|Grimmsnarl, M|100\/100\n|move|p2a: Sableye|Pain Split|p1a: Grimmsnarl\n|-hint|Since gen 7, Dark is immune to Prankster moves.\n|-immune|p1a: Grimmsnarl\n|\n|-damage|p2a: Sableye|10\/100|[from] Salt Cure\n|upkeep\n|turn|9\n|\n|t:|1700979859\n|move|p1a: Grimmsnarl|Parting Shot|p2a: Sableye\n|-hint|Since gen 7, Dark is immune to Prankster moves.\n|-immune|p2a: Sableye\n|move|p2a: Sableye|Metal Burst||[still]\n|-fail|p2a: Sableye\n|\n|-damage|p2a: Sableye|0 fnt|[from] Salt Cure\n|faint|p2a: Sableye\n|upkeep\n|\n|t:|1700979874\n|switch|p2a: Ceruledge|Ceruledge, M|100\/100\n|turn|10\n|\n|t:|1700979878\n|move|p1a: Grimmsnarl|Reflect|p1a: Grimmsnarl\n|-sidestart|p1: Cinder D Ace|Reflect\n|move|p2a: Ceruledge|Swords Dance|p2a: Ceruledge\n|-boost|p2a: Ceruledge|atk|2\n|\n|upkeep\n|turn|11\n|\n|t:|1700979883\n|move|p2a: Ceruledge|Swords Dance|p2a: Ceruledge\n|-boost|p2a: Ceruledge|atk|2\n|move|p1a: Grimmsnarl|Spirit Break|p2a: Ceruledge\n|-resisted|p2a: Ceruledge\n|-damage|p2a: Ceruledge|83\/100\n|-unboost|p2a: Ceruledge|spa|1\n|-ability|p2a: Ceruledge|Weak Armor|boost\n|-unboost|p2a: Ceruledge|def|1\n|-boost|p2a: Ceruledge|spe|2\n|\n|upkeep\n|turn|12\n|\n|t:|1700979896\n|move|p1a: Grimmsnarl|Parting Shot|p2a: Ceruledge\n|-unboost|p2a: Ceruledge|atk|1\n|-unboost|p2a: Ceruledge|spa|1\n|\n|t:|1700979908\n|switch|p1a: Urshifu|Urshifu-Rapid-Strike, F|100\/100|[from] Parting Shot\n|move|p2a: Ceruledge|Swords Dance|p2a: Ceruledge\n|-boost|p2a: Ceruledge|atk|2\n|\n|upkeep\n|turn|13\n|\n|t:|1700979918\n|-terastallize|p2a: Ceruledge|Water\n|move|p1a: Urshifu|Surging Strikes|p2a: Ceruledge\n|-resisted|p2a: Ceruledge\n|-crit|p2a: Ceruledge\n|-damage|p2a: Ceruledge|67\/100\n|-ability|p2a: Ceruledge|Weak Armor|boost\n|-unboost|p2a: Ceruledge|def|1\n|-boost|p2a: Ceruledge|spe|2\n|-resisted|p2a: Ceruledge\n|-crit|p2a: Ceruledge\n|-damage|p2a: Ceruledge|44\/100\n|-ability|p2a: Ceruledge|Weak Armor|boost\n|-unboost|p2a: Ceruledge|def|1\n|-boost|p2a: Ceruledge|spe|2\n|-resisted|p2a: Ceruledge\n|-crit|p2a: Ceruledge\n|-damage|p2a: Ceruledge|16\/100\n|-ability|p2a: Ceruledge|Weak Armor|boost\n|-unboost|p2a: Ceruledge|def|1\n|-hitcount|p2a: Ceruledge|3\n|move|p2a: Ceruledge|Close Combat|p1a: Urshifu\n|-damage|p1a: Urshifu|29\/100\n|-unboost|p2a: Ceruledge|def|1\n|-unboost|p2a: Ceruledge|spd|1\n|\n|upkeep\n|turn|14\n|\n|t:|1700979945\n|switch|p1a: Lopunny|Lopunny, M, shiny|100\/100\n|move|p2a: Ceruledge|Bitter Blade|p1a: Lopunny\n|-damage|p1a: Lopunny|0 fnt\n|-heal|p2a: Ceruledge|62\/100|[from] drain|[of] p1a: Lopunny\n|faint|p1a: Lopunny\n|\n|upkeep\n|inactive|Cinder D Ace has 120 seconds left.\n|\n|t:|1700979959\n|switch|p1a: Urshifu|Urshifu-Rapid-Strike, F|29\/100\n|turn|15\n|\n|t:|1700979969\n|move|p2a: Ceruledge|Close Combat|p1a: Urshifu\n|-damage|p1a: Urshifu|0 fnt\n|-unboost|p2a: Ceruledge|def|1\n|-unboost|p2a: Ceruledge|spd|1\n|faint|p1a: Urshifu\n|\n|upkeep\n|\n|t:|1700979976\n|switch|p1a: Garganacl|Garganacl, M|59\/100\n|turn|16\n|\n|t:|1700979980\n|-terastallize|p1a: Garganacl|Water\n|move|p2a: Ceruledge|Bitter Blade|p1a: Garganacl\n|-resisted|p1a: Garganacl\n|-crit|p1a: Garganacl\n|-damage|p1a: Garganacl|0 fnt\n|-heal|p2a: Ceruledge|100\/100|[from] drain|[of] p1a: Garganacl\n|faint|p1a: Garganacl\n|\n|upkeep\n|-message|Cinder D Ace forfeited.\n|\n|win|zn997\n|raw|Cinder D Ace's rating: 1206 &rarr; <strong>1182<\/strong><br \/>(-24 for losing)\n|raw|zn997's rating: 1218 &rarr; <strong>1242<\/strong><br \/>(+24 for winning)\n|l|\u2606Cinder D Ace\n","uploadtime":1700979989,"views":1,"p1id":"cinderdace","p2id":"zn997","formatid":"gen9nationaldex","rating":1182,"private":0,"password":""}