{"id":"gen9nationaldex-1995339275","p1":"wiibass","p2":"daniel241595","format":"[Gen 9] National Dex","log":"|html|<div class=\"broadcast-blue\"><strong>[Gen 9] National Dex is currently suspecting Sneasler! For information on how to participate check out the <a href=\"https:\/\/www.smogon.com\/forums\/threads\/sv-national-dex-suspect-8-just-dance.3731534\/\">suspect thread<\/a>.<\/strong><\/div>\n|j|\u2606wiibass\n|j|\u2606daniel241595\n|t:|1700556306\n|gametype|singles\n|player|p1|wiibass|rancher|1399\n|player|p2|daniel241595|gambler|1484\n|teamsize|p1|6\n|teamsize|p2|6\n|gen|9\n|tier|[Gen 9] National Dex\n|rated|\n|rule|HP Percentage Mod: HP is shown in percentages\n|rule|Endless Battle Clause: Forcing endless battles is banned\n|rule|OHKO Clause: OHKO moves are banned\n|rule|Evasion Clause: Evasion abilities, items, and moves are banned\n|rule|Evasion Abilities Clause: Evasion abilities are banned\n|rule|Evasion Items Clause: Evasion items are banned\n|rule|Evasion Moves Clause: Evasion moves are banned\n|rule|Species Clause: Limit one of each Pok\u00e9mon\n|rule|Sleep Clause Mod: Limit one foe put to sleep\n|clearpoke\n|poke|p1|Rillaboom, M|\n|poke|p1|Sneasler, M|\n|poke|p1|Chandelure, F|\n|poke|p1|Sceptile, M|\n|poke|p1|Nidoking, M|\n|poke|p1|Jolteon, M|\n|poke|p2|Arcanine, M|\n|poke|p2|Flygon, F|\n|poke|p2|Empoleon, M|\n|poke|p2|Eelektross, F|\n|poke|p2|Florges, F|\n|poke|p2|Kleavor, M|\n|teampreview\n|inactive|Battle timer is ON: inactive players will automatically lose when time's up. (requested by daniel241595)\n|\n|t:|1700556326\n|start\n|switch|p1a: Paper|Rillaboom, M|100\/100\n|switch|p2a: Kleavor|Kleavor, M|100\/100\n|-fieldstart|move: Grassy Terrain|[from] ability: Grassy Surge|[of] p1a: Paper\n|turn|1\n|\n|t:|1700556346\n|move|p2a: Kleavor|U-turn|p1a: Paper\n|-supereffective|p1a: Paper\n|-damage|p1a: Paper|23\/100\n|\n|t:|1700556360\n|switch|p2a: Empoleon|Empoleon, M|100\/100|[from] U-turn\n|move|p1a: Paper|U-turn|p2a: Empoleon\n|-resisted|p2a: Empoleon\n|-damage|p2a: Empoleon|92\/100\n|\n|t:|1700556371\n|switch|p1a: Sceptile|Sceptile, M|100\/100|[from] U-turn\n|\n|-heal|p2a: Empoleon|99\/100|[from] Grassy Terrain\n|upkeep\n|turn|2\n|\n|t:|1700556376\n|move|p1a: Sceptile|Swagger|p2a: Empoleon|[miss]\n|-miss|p1a: Sceptile|p2a: Empoleon\n|move|p2a: Empoleon|Ice Beam|p1a: Sceptile\n|-supereffective|p1a: Sceptile\n|-damage|p1a: Sceptile|41\/100\n|-status|p1a: Sceptile|frz\n|\n|-heal|p1a: Sceptile|47\/100 frz|[from] Grassy Terrain\n|-heal|p2a: Empoleon|100\/100|[from] Grassy Terrain\n|upkeep\n|turn|3\n|\n|t:|1700556382\n|-curestatus|p1a: Sceptile|frz|[msg]\n|move|p1a: Sceptile|Swagger|p2a: Empoleon\n|-boost|p2a: Empoleon|atk|2\n|-enditem|p1a: Sceptile|Mirror Herb\n|-boost|p1a: Sceptile|atk|2|[from] item: Mirror Herb\n|-start|p2a: Empoleon|confusion\n|-activate|p2a: Empoleon|confusion\n|-damage|p2a: Empoleon|92\/100|[from] confusion\n|\n|-heal|p1a: Sceptile|53\/100|[from] Grassy Terrain\n|-heal|p2a: Empoleon|98\/100|[from] Grassy Terrain\n|upkeep\n|turn|4\n|\n|t:|1700556397\n|move|p1a: Sceptile|Drain Punch|p2a: Empoleon\n|-supereffective|p2a: Empoleon\n|-damage|p2a: Empoleon|39\/100\n|-heal|p1a: Sceptile|92\/100|[from] drain|[of] p2a: Empoleon\n|-activate|p2a: Empoleon|confusion\n|move|p2a: Empoleon|Ice Beam|p1a: Sceptile\n|-supereffective|p1a: Sceptile\n|-damage|p1a: Sceptile|25\/100\n|\n|-heal|p1a: Sceptile|31\/100|[from] Grassy Terrain\n|-heal|p2a: Empoleon|45\/100|[from] Grassy Terrain\n|upkeep\n|turn|5\n|\n|t:|1700556414\n|switch|p2a: Florges|Florges, F|100\/100\n|move|p1a: Sceptile|Drain Punch|p2a: Florges\n|-resisted|p2a: Florges\n|-damage|p2a: Florges|82\/100\n|-heal|p1a: Sceptile|43\/100|[from] drain|[of] p2a: Florges\n|\n|-heal|p1a: Sceptile|49\/100|[from] Grassy Terrain\n|-heal|p2a: Florges|88\/100|[from] Grassy Terrain\n|-heal|p2a: Florges|94\/100|[from] item: Leftovers\n|upkeep\n|turn|6\n|\n|t:|1700556429\n|switch|p2a: Empoleon|Empoleon, M|45\/100\n|move|p1a: Sceptile|Leaf Blade|p2a: Empoleon\n|-damage|p2a: Empoleon|0 fnt\n|faint|p2a: Empoleon\n|\n|-heal|p1a: Sceptile|55\/100|[from] Grassy Terrain\n|upkeep\n|\n|t:|1700556432\n|switch|p2a: Arcanine|Arcanine, M, shiny|100\/100\n|-ability|p2a: Arcanine|Intimidate|boost\n|-unboost|p1a: Sceptile|atk|1\n|turn|7\n|\n|t:|1700556441\n|move|p2a: Arcanine|Extreme Speed|p1a: Sceptile\n|-damage|p1a: Sceptile|0 fnt\n|faint|p1a: Sceptile\n|\n|upkeep\n|\n|t:|1700556448\n|switch|p1a: Boo|Chandelure, F|100\/100\n|turn|8\n|\n|t:|1700556453\n|switch|p2a: Florges|Florges, F|94\/100\n|move|p1a: Boo|Calm Mind|p1a: Boo\n|-boost|p1a: Boo|spa|1\n|-boost|p1a: Boo|spd|1\n|\n|-heal|p2a: Florges|99\/100|[from] Grassy Terrain\n|-heal|p2a: Florges|100\/100|[from] item: Leftovers\n|-fieldend|move: Grassy Terrain\n|upkeep\n|turn|9\n|\n|t:|1700556463\n|move|p1a: Boo|Fire Blast|p2a: Florges|[miss]\n|-miss|p1a: Boo|p2a: Florges\n|move|p2a: Florges|Moonblast|p1a: Boo\n|-resisted|p1a: Boo\n|-damage|p1a: Boo|85\/100\n|\n|upkeep\n|turn|10\n|\n|t:|1700556469\n|move|p1a: Boo|Fire Blast|p2a: Florges\n|-damage|p2a: Florges|43\/100\n|move|p2a: Florges|Moonblast|p1a: Boo\n|-resisted|p1a: Boo\n|-damage|p1a: Boo|69\/100\n|\n|-heal|p2a: Florges|49\/100|[from] item: Leftovers\n|upkeep\n|turn|11\n|\n|t:|1700556485\n|move|p1a: Boo|Calm Mind|p1a: Boo\n|-boost|p1a: Boo|spa|1\n|-boost|p1a: Boo|spd|1\n|move|p2a: Florges|Moonblast|p1a: Boo\n|-resisted|p1a: Boo\n|-damage|p1a: Boo|56\/100\n|\n|-heal|p2a: Florges|55\/100|[from] item: Leftovers\n|upkeep\n|turn|12\n|\n|t:|1700556492\n|move|p1a: Boo|Shadow Ball|p2a: Florges\n|-damage|p2a: Florges|0 fnt\n|faint|p2a: Florges\n|\n|upkeep\n|\n|t:|1700556495\n|switch|p2a: Kleavor|Kleavor, M|100\/100\n|turn|13\n|\n|t:|1700556510\n|switch|p1a: Nidoking|Nidoking, M|100\/100\n|move|p2a: Kleavor|Knock Off|p1a: Nidoking\n|-damage|p1a: Nidoking|52\/100\n|-enditem|p1a: Nidoking|Life Orb|[from] move: Knock Off|[of] p2a: Kleavor\n|\n|upkeep\n|turn|14\n|\n|t:|1700556534\n|switch|p2a: Eelektross|Eelektross, F|100\/100\n|move|p1a: Nidoking|Earth Power|p2a: Eelektross\n|-immune|p2a: Eelektross|[from] ability: Levitate\n|\n|upkeep\n|turn|15\n|\n|t:|1700556542\n|move|p1a: Nidoking|Sludge Wave|p2a: Eelektross\n|-damage|p2a: Eelektross|64\/100\n|move|p2a: Eelektross|Giga Drain|p1a: Nidoking\n|-damage|p1a: Nidoking|16\/100\n|-heal|p2a: Eelektross|78\/100|[from] drain|[of] p1a: Nidoking\n|\n|upkeep\n|turn|16\n|\n|t:|1700556548\n|switch|p1a: Paper|Rillaboom, M|23\/100\n|-fieldstart|move: Grassy Terrain|[from] ability: Grassy Surge|[of] p1a: Paper\n|move|p2a: Eelektross|Giga Drain|p1a: Paper\n|-resisted|p1a: Paper\n|-damage|p1a: Paper|6\/100\n|-heal|p2a: Eelektross|86\/100|[from] drain|[of] p1a: Paper\n|\n|-heal|p1a: Paper|12\/100|[from] Grassy Terrain\n|upkeep\n|turn|17\n|\n|t:|1700556564\n|move|p1a: Paper|Drain Punch|p2a: Eelektross\n|-damage|p2a: Eelektross|56\/100\n|-heal|p1a: Paper|29\/100|[from] drain|[of] p2a: Eelektross\n|move|p2a: Eelektross|Volt Switch|p1a: Paper\n|-resisted|p1a: Paper\n|-damage|p1a: Paper|5\/100\n|inactive|daniel241595 has 120 seconds left.\n|\n|t:|1700556613\n|switch|p2a: Flygon|Flygon, F|100\/100|[from] Volt Switch\n|\n|-heal|p1a: Paper|11\/100|[from] Grassy Terrain\n|upkeep\n|turn|18\n|\n|t:|1700556624\n|move|p2a: Flygon|Dragon Dance|p2a: Flygon\n|-boost|p2a: Flygon|atk|1\n|-boost|p2a: Flygon|spe|1\n|move|p1a: Paper|Drain Punch|p2a: Flygon\n|-crit|p2a: Flygon\n|-damage|p2a: Flygon|46\/100\n|-heal|p1a: Paper|36\/100|[from] drain|[of] p2a: Flygon\n|\n|-heal|p1a: Paper|42\/100|[from] Grassy Terrain\n|upkeep\n|turn|19\n|inactive|daniel241595 has 90 seconds left.\n|\n|t:|1700556655\n|switch|p2a: Arcanine|Arcanine, M, shiny|100\/100\n|-ability|p2a: Arcanine|Intimidate|boost\n|-unboost|p1a: Paper|atk|1\n|move|p1a: Paper|Drain Punch|p2a: Arcanine\n|-damage|p2a: Arcanine|84\/100\n|-heal|p1a: Paper|51\/100|[from] drain|[of] p2a: Arcanine\n|\n|-heal|p1a: Paper|58\/100|[from] Grassy Terrain\n|-heal|p2a: Arcanine|90\/100|[from] Grassy Terrain\n|upkeep\n|turn|20\n|inactive|daniel241595 has 90 seconds left.\n|\n|t:|1700556684\n|switch|p1a: Boo|Chandelure, F|56\/100\n|move|p2a: Arcanine|Extreme Speed|p1a: Boo\n|-immune|p1a: Boo\n|\n|-heal|p1a: Boo|63\/100|[from] Grassy Terrain\n|-heal|p2a: Arcanine|96\/100|[from] Grassy Terrain\n|upkeep\n|turn|21\n|\n|t:|1700556693\n|switch|p2a: Eelektross|Eelektross, F|56\/100\n|move|p1a: Boo|Shadow Ball|p2a: Eelektross\n|-damage|p2a: Eelektross|22\/100\n|\n|-heal|p1a: Boo|69\/100|[from] Grassy Terrain\n|upkeep\n|turn|22\n|\n|t:|1700556698\n|move|p1a: Boo|Shadow Ball|p2a: Eelektross\n|-damage|p2a: Eelektross|0 fnt\n|faint|p2a: Eelektross\n|\n|-heal|p1a: Boo|75\/100|[from] Grassy Terrain\n|upkeep\n|\n|t:|1700556702\n|switch|p2a: Kleavor|Kleavor, M|100\/100\n|turn|23\n|\n|t:|1700556710\n|move|p2a: Kleavor|Stone Axe|p1a: Boo\n|-supereffective|p1a: Boo\n|-damage|p1a: Boo|0 fnt\n|-sidestart|p1: wiibass|move: Stealth Rock\n|faint|p1a: Boo\n|\n|-fieldend|move: Grassy Terrain\n|upkeep\n|\n|t:|1700556715\n|switch|p1a: Paper|Rillaboom, M|58\/100\n|-damage|p1a: Paper|45\/100|[from] Stealth Rock\n|-fieldstart|move: Grassy Terrain|[from] ability: Grassy Surge|[of] p1a: Paper\n|turn|24\n|\n|t:|1700556731\n|move|p1a: Paper|Grassy Glide|p2a: Kleavor\n|-damage|p2a: Kleavor|57\/100\n|move|p2a: Kleavor|Stone Axe|p1a: Paper\n|-damage|p1a: Paper|0 fnt\n|faint|p1a: Paper\n|\n|-heal|p2a: Kleavor|63\/100|[from] Grassy Terrain\n|upkeep\n|\n|t:|1700556734\n|switch|p1a: Bless you|Sneasler, M|100\/100\n|-damage|p1a: Bless you|95\/100|[from] Stealth Rock\n|-enditem|p1a: Bless you|Grassy Seed\n|-boost|p1a: Bless you|def|1|[from] item: Grassy Seed\n|turn|25\n|\n|t:|1700556741\n|move|p1a: Bless you|Close Combat|p2a: Kleavor\n|-damage|p2a: Kleavor|0 fnt\n|-unboost|p1a: Bless you|def|1\n|-unboost|p1a: Bless you|spd|1\n|faint|p2a: Kleavor\n|\n|-heal|p1a: Bless you|100\/100|[from] Grassy Terrain\n|upkeep\n|\n|t:|1700556747\n|switch|p2a: Flygon|Flygon, F|46\/100\n|turn|26\n|\n|t:|1700556758\n|-terastallize|p1a: Bless you|Flying\n|move|p1a: Bless you|Swords Dance|p1a: Bless you\n|-boost|p1a: Bless you|atk|2\n|move|p2a: Flygon|Dual Wingbeat|p1a: Bless you\n|-damage|p1a: Bless you|76\/100\n|-damage|p1a: Bless you|49\/100\n|-hitcount|p1a: Bless you|2\n|-damage|p2a: Flygon|36\/100|[from] item: Life Orb\n|\n|upkeep\n|turn|27\n|\n|t:|1700556765\n|move|p1a: Bless you|Acrobatics|p2a: Flygon\n|-damage|p2a: Flygon|0 fnt\n|faint|p2a: Flygon\n|\n|upkeep\n|\n|t:|1700556770\n|switch|p2a: Arcanine|Arcanine, M, shiny|96\/100\n|-ability|p2a: Arcanine|Intimidate|boost\n|-unboost|p1a: Bless you|atk|1\n|turn|28\n|\n|t:|1700556774\n|-terastallize|p2a: Arcanine|Normal\n|move|p2a: Arcanine|Extreme Speed|p1a: Bless you\n|-damage|p1a: Bless you|0 fnt\n|faint|p1a: Bless you\n|\n|-heal|p2a: Arcanine|100\/100|[from] Grassy Terrain\n|upkeep\n|\n|t:|1700556779\n|switch|p1a: Nidoking|Nidoking, M|16\/100\n|-damage|p1a: Nidoking|10\/100|[from] Stealth Rock\n|turn|29\n|\n|t:|1700556781\n|move|p2a: Arcanine|Extreme Speed|p1a: Nidoking\n|-damage|p1a: Nidoking|0 fnt\n|faint|p1a: Nidoking\n|\n|upkeep\n|\n|t:|1700556783\n|switch|p1a: Jolteon|Jolteon, M|100\/100\n|turn|30\n|\n|t:|1700556788\n|move|p2a: Arcanine|Extreme Speed|p1a: Jolteon\n|-damage|p1a: Jolteon|0 fnt\n|faint|p1a: Jolteon\n|\n|win|daniel241595\n|raw|wiibass's rating: 1399 &rarr; <strong>1384<\/strong><br \/>(-15 for losing)\n|raw|daniel241595's rating: 1484 &rarr; <strong>1499<\/strong><br \/>(+15 for winning)\n|l|\u2606wiibass\n","uploadtime":1700556792,"views":13,"p1id":"wiibass","p2id":"daniel241595","formatid":"gen9nationaldex","rating":1384,"private":0,"password":""}