{"id":"gen9nationaldex-1991196838","p1":"WAILORDPLAYSMUCH","p2":"djamaO","format":"[Gen 9] National Dex","log":"|j|\u2606WAILORDPLAYSMUCH\n|j|\u2606djamaO\n|t:|1700056078\n|gametype|singles\n|player|p1|WAILORDPLAYSMUCH|candice|1698\n|player|p2|djamaO|1|1698\n|teamsize|p1|6\n|teamsize|p2|6\n|gen|9\n|tier|[Gen 9] National Dex\n|rated|\n|rule|HP Percentage Mod: HP is shown in percentages\n|rule|Endless Battle Clause: Forcing endless battles is banned\n|rule|OHKO Clause: OHKO moves are banned\n|rule|Evasion Clause: Evasion abilities, items, and moves are banned\n|rule|Evasion Abilities Clause: Evasion abilities are banned\n|rule|Evasion Items Clause: Evasion items are banned\n|rule|Evasion Moves Clause: Evasion moves are banned\n|rule|Species Clause: Limit one of each Pok\u00e9mon\n|rule|Sleep Clause Mod: Limit one foe put to sleep\n|clearpoke\n|poke|p1|Ninetales-Alola, M|\n|poke|p1|Iron Treads|\n|poke|p1|Kyurem|\n|poke|p1|Gyarados, F|\n|poke|p1|Volcarona, M|\n|poke|p1|Ogerpon-Wellspring, F|\n|poke|p2|Garchomp, F|\n|poke|p2|Ogerpon-Wellspring, F|\n|poke|p2|Dondozo, F|\n|poke|p2|Tapu Lele|\n|poke|p2|Zapdos|\n|poke|p2|Chansey, F|\n|teampreview\n|inactive|Battle timer is ON: inactive players will automatically lose when time's up. (requested by WAILORDPLAYSMUCH)\n|\n|t:|1700056089\n|start\n|switch|p1a: Iron Treads|Iron Treads|100\/100\n|switch|p2a: Zapdos|Zapdos|100\/100\n|-enditem|p1a: Iron Treads|Booster Energy\n|-activate|p1a: Iron Treads|ability: Quark Drive|[fromitem]\n|-start|p1a: Iron Treads|quarkdrivespe\n|turn|1\n|\n|t:|1700056096\n|move|p1a: Iron Treads|Stealth Rock|p2a: Zapdos\n|-sidestart|p2: djamaO|move: Stealth Rock\n|move|p2a: Zapdos|Hurricane|p1a: Iron Treads\n|-resisted|p1a: Iron Treads\n|-damage|p1a: Iron Treads|59\/100\n|-start|p1a: Iron Treads|confusion\n|\n|upkeep\n|turn|2\n|\n|t:|1700056103\n|-activate|p1a: Iron Treads|confusion\n|move|p1a: Iron Treads|Rapid Spin|p2a: Zapdos\n|-damage|p2a: Zapdos|84\/100\n|-boost|p1a: Iron Treads|spe|1\n|move|p2a: Zapdos|Defog|p1a: Iron Treads\n|-unboost|p1a: Iron Treads|evasion|1\n|-sideend|p2: djamaO|Stealth Rock|[from] move: Defog|[of] p2a: Zapdos\n|\n|upkeep\n|turn|3\n|\n|t:|1700056110\n|-end|p1a: Iron Treads|confusion\n|move|p1a: Iron Treads|Stealth Rock|p2a: Zapdos\n|-sidestart|p2: djamaO|move: Stealth Rock\n|move|p2a: Zapdos|Hurricane|p1a: Iron Treads\n|-resisted|p1a: Iron Treads\n|-damage|p1a: Iron Treads|19\/100\n|-start|p1a: Iron Treads|confusion\n|\n|upkeep\n|turn|4\n|\n|t:|1700056118\n|-activate|p1a: Iron Treads|confusion\n|move|p1a: Iron Treads|Steel Beam|p2a: Zapdos\n|-resisted|p2a: Zapdos\n|-damage|p2a: Zapdos|57\/100\n|-damage|p1a: Iron Treads|0 fnt|[from] steelbeam\n|faint|p1a: Iron Treads\n|-end|p1a: Iron Treads|Quark Drive|[silent]\n|move|p2a: Zapdos|Defog|p1: Iron Treads|[notarget]\n|-fail|p2a: Zapdos\n|\n|upkeep\n|\n|t:|1700056128\n|switch|p1a: Kyurem|Kyurem|100\/100\n|-ability|p1a: Kyurem|Pressure\n|turn|5\n|\n|t:|1700056133\n|switch|p2a: Chansey|Chansey, F|100\/100\n|-damage|p2a: Chansey|88\/100|[from] Stealth Rock\n|move|p1a: Kyurem|Icicle Spear|p2a: Chansey\n|-damage|p2a: Chansey|80\/100\n|-damage|p2a: Chansey|72\/100\n|-crit|p2a: Chansey\n|-damage|p2a: Chansey|58\/100\n|-damage|p2a: Chansey|49\/100\n|-hitcount|p2a: Chansey|4\n|\n|upkeep\n|turn|6\n|\n|t:|1700056144\n|switch|p2a: Dondozo|Dondozo, F|100\/100\n|-damage|p2a: Dondozo|88\/100|[from] Stealth Rock\n|move|p1a: Kyurem|Icicle Spear|p2a: Dondozo\n|-resisted|p2a: Dondozo\n|-damage|p2a: Dondozo|85\/100\n|-resisted|p2a: Dondozo\n|-damage|p2a: Dondozo|83\/100\n|-resisted|p2a: Dondozo\n|-damage|p2a: Dondozo|80\/100\n|-resisted|p2a: Dondozo\n|-damage|p2a: Dondozo|77\/100\n|-resisted|p2a: Dondozo\n|-damage|p2a: Dondozo|74\/100\n|-hitcount|p2a: Dondozo|5\n|\n|-heal|p2a: Dondozo|80\/100|[from] item: Leftovers\n|upkeep\n|turn|7\n|\n|t:|1700056158\n|switch|p1a: Ninetales|Ninetales-Alola, M|100\/100\n|-weather|Snow|[from] ability: Snow Warning|[of] p1a: Ninetales\n|move|p2a: Dondozo|Curse|p2a: Dondozo\n|-unboost|p2a: Dondozo|spe|1\n|-boost|p2a: Dondozo|atk|1\n|-boost|p2a: Dondozo|def|1\n|\n|-weather|Snow|[upkeep]\n|-heal|p2a: Dondozo|86\/100|[from] item: Leftovers\n|upkeep\n|turn|8\n|\n|t:|1700056168\n|move|p1a: Ninetales|Encore|p2a: Dondozo\n|-start|p2a: Dondozo|Encore\n|move|p2a: Dondozo|Curse|p2a: Dondozo\n|-unboost|p2a: Dondozo|spe|1\n|-boost|p2a: Dondozo|atk|1\n|-boost|p2a: Dondozo|def|1\n|\n|-weather|Snow|[upkeep]\n|-heal|p2a: Dondozo|92\/100|[from] item: Leftovers\n|upkeep\n|turn|9\n|\n|t:|1700056179\n|switch|p2a: Chansey|Chansey, F|49\/100\n|-damage|p2a: Chansey|37\/100|[from] Stealth Rock\n|move|p1a: Ninetales|Aurora Veil|p1a: Ninetales\n|-sidestart|p1: WAILORDPLAYSMUCH|move: Aurora Veil\n|\n|-weather|Snow|[upkeep]\n|upkeep\n|turn|10\n|\n|t:|1700056186\n|move|p1a: Ninetales|Safeguard|p1a: Ninetales\n|-sidestart|p1: WAILORDPLAYSMUCH|Safeguard\n|move|p2a: Chansey|Soft-Boiled|p2a: Chansey\n|-heal|p2a: Chansey|87\/100\n|\n|-weather|Snow|[upkeep]\n|upkeep\n|turn|11\n|\n|t:|1700056193\n|move|p1a: Ninetales|Freeze-Dry|p2a: Chansey\n|-damage|p2a: Chansey|80\/100\n|move|p2a: Chansey|Seismic Toss|p1a: Ninetales\n|-damage|p1a: Ninetales|72\/100\n|\n|-weather|none\n|upkeep\n|turn|12\n|\n|t:|1700056199\n|switch|p1a: Ogerpon|Ogerpon-Wellspring, F|100\/100\n|move|p2a: Chansey|Seismic Toss|p1a: Ogerpon\n|-damage|p1a: Ogerpon|67\/100\n|\n|upkeep\n|turn|13\n|\n|t:|1700056205\n|move|p1a: Ogerpon|Swords Dance|p1a: Ogerpon\n|-boost|p1a: Ogerpon|atk|2\n|move|p2a: Chansey|Seismic Toss|p1a: Ogerpon\n|-damage|p1a: Ogerpon|34\/100\n|\n|upkeep\n|turn|14\n|\n|t:|1700056211\n|switch|p2a: Zapdos|Zapdos|57\/100\n|move|p1a: Ogerpon|Ivy Cudgel|p2a: Zapdos|[anim] Ivy Cudgel Water\n|-damage|p2a: Zapdos|0 fnt\n|faint|p2a: Zapdos\n|\n|-sideend|p1: WAILORDPLAYSMUCH|Safeguard\n|upkeep\n|\n|t:|1700056220\n|switch|p2a: Garchomp|Garchomp, F|100\/100\n|-damage|p2a: Garchomp|94\/100|[from] Stealth Rock\n|turn|15\n|\n|t:|1700056230\n|-terastallize|p2a: Garchomp|Ground\n|move|p2a: Garchomp|Outrage|p1a: Ogerpon\n|-damage|p1a: Ogerpon|0 fnt\n|faint|p1a: Ogerpon\n|\n|upkeep\n|\n|t:|1700056235\n|switch|p1a: Ninetales|Ninetales-Alola, M|72\/100\n|-weather|Snow|[from] ability: Snow Warning|[of] p1a: Ninetales\n|turn|16\n|\n|t:|1700056242\n|move|p2a: Garchomp|Outrage|p1a: Ninetales|[from]lockedmove\n|-immune|p1a: Ninetales\n|move|p1a: Ninetales|Freeze-Dry|p2a: Garchomp\n|-supereffective|p2a: Garchomp\n|-damage|p2a: Garchomp|51\/100\n|\n|-weather|Snow|[upkeep]\n|-sideend|p1: WAILORDPLAYSMUCH|move: Aurora Veil\n|upkeep\n|turn|17\n|\n|t:|1700056250\n|switch|p2a: Chansey|Chansey, F|80\/100\n|-damage|p2a: Chansey|68\/100|[from] Stealth Rock\n|move|p1a: Ninetales|Safeguard|p1a: Ninetales\n|-sidestart|p1: WAILORDPLAYSMUCH|Safeguard\n|\n|-weather|Snow|[upkeep]\n|upkeep\n|turn|18\n|\n|t:|1700056257\n|switch|p1a: Gyarados|Gyarados, F|100\/100\n|-ability|p1a: Gyarados|Intimidate|boost\n|-unboost|p2a: Chansey|atk|1\n|move|p2a: Chansey|Seismic Toss|p1a: Gyarados\n|-damage|p1a: Gyarados|70\/100\n|\n|-weather|Snow|[upkeep]\n|upkeep\n|turn|19\n|\n|t:|1700056265\n|switch|p2a: Dondozo|Dondozo, F|92\/100\n|-damage|p2a: Dondozo|80\/100|[from] Stealth Rock\n|detailschange|p1a: Gyarados|Gyarados-Mega, F\n|-mega|p1a: Gyarados|Gyarados|Gyaradosite\n|-ability|p1a: Gyarados|Mold Breaker\n|move|p1a: Gyarados|Dragon Dance|p1a: Gyarados\n|-boost|p1a: Gyarados|atk|1\n|-boost|p1a: Gyarados|spe|1\n|\n|-weather|Snow|[upkeep]\n|-heal|p2a: Dondozo|86\/100|[from] item: Leftovers\n|upkeep\n|turn|20\n|\n|t:|1700056276\n|move|p1a: Gyarados|Crunch|p2a: Dondozo\n|-damage|p2a: Dondozo|52\/100\n|move|p2a: Dondozo|Curse|p2a: Dondozo\n|-unboost|p2a: Dondozo|spe|1\n|-boost|p2a: Dondozo|atk|1\n|-boost|p2a: Dondozo|def|1\n|\n|-weather|none\n|-heal|p2a: Dondozo|58\/100|[from] item: Leftovers\n|upkeep\n|turn|21\n|\n|t:|1700056285\n|move|p1a: Gyarados|Crunch|p2a: Dondozo\n|-damage|p2a: Dondozo|37\/100\n|move|p2a: Dondozo|Body Press|p1a: Gyarados\n|-supereffective|p1a: Gyarados\n|-damage|p1a: Gyarados|0 fnt\n|faint|p1a: Gyarados\n|\n|-heal|p2a: Dondozo|43\/100|[from] item: Leftovers\n|-sideend|p1: WAILORDPLAYSMUCH|Safeguard\n|upkeep\n|\n|t:|1700056288\n|switch|p1a: Volcarona|Volcarona, M|100\/100\n|turn|22\n|\n|t:|1700056295\n|move|p1a: Volcarona|Giga Drain|p2a: Dondozo\n|-supereffective|p2a: Dondozo\n|-damage|p2a: Dondozo|0 fnt\n|faint|p2a: Dondozo\n|\n|upkeep\n|\n|t:|1700056306\n|switch|p2a: Garchomp|Garchomp, F, tera:Ground|51\/100\n|-damage|p2a: Garchomp|44\/100|[from] Stealth Rock\n|turn|23\n|\n|t:|1700056313\n|-terastallize|p1a: Volcarona|Grass\n|move|p2a: Garchomp|Earthquake|p1a: Volcarona\n|-resisted|p1a: Volcarona\n|-damage|p1a: Volcarona|37\/100\n|move|p1a: Volcarona|Giga Drain|p2a: Garchomp\n|-supereffective|p2a: Garchomp\n|-damage|p2a: Garchomp|0 fnt\n|-heal|p1a: Volcarona|62\/100|[from] drain|[of] p2a: Garchomp\n|faint|p2a: Garchomp\n|\n|upkeep\n|\n|t:|1700056323\n|switch|p2a: Chansey|Chansey, F|68\/100\n|-damage|p2a: Chansey|55\/100|[from] Stealth Rock\n|turn|24\n|\n|t:|1700056327\n|switch|p1a: Ninetales|Ninetales-Alola, M|72\/100\n|-weather|Snow|[from] ability: Snow Warning|[of] p1a: Ninetales\n|move|p2a: Chansey|Toxic|p1a: Ninetales\n|-status|p1a: Ninetales|tox\n|\n|-weather|Snow|[upkeep]\n|-damage|p1a: Ninetales|66\/100 tox|[from] psn\n|upkeep\n|turn|25\n|\n|t:|1700056337\n|move|p1a: Ninetales|Encore|p2a: Chansey\n|-start|p2a: Chansey|Encore\n|move|p2a: Chansey|Toxic|p1a: Ninetales\n|-fail|p1a: Ninetales|tox\n|\n|-weather|Snow|[upkeep]\n|-damage|p1a: Ninetales|54\/100 tox|[from] psn\n|upkeep\n|turn|26\n|\n|t:|1700056344\n|switch|p2a: Tapu Lele|Tapu Lele|100\/100\n|-damage|p2a: Tapu Lele|88\/100|[from] Stealth Rock\n|-fieldstart|move: Psychic Terrain|[from] ability: Psychic Surge|[of] p2a: Tapu Lele\n|move|p1a: Ninetales|Aurora Veil|p1a: Ninetales\n|-sidestart|p1: WAILORDPLAYSMUCH|move: Aurora Veil\n|\n|-weather|Snow|[upkeep]\n|-damage|p1a: Ninetales|36\/100 tox|[from] psn\n|upkeep\n|turn|27\n|\n|t:|1700056353\n|move|p1a: Ninetales|Freeze-Dry|p2a: Tapu Lele\n|-damage|p2a: Tapu Lele|68\/100\n|move|p2a: Tapu Lele|Future Sight|p1a: Ninetales\n|-start|p2a: Tapu Lele|move: Future Sight\n|\n|-weather|Snow|[upkeep]\n|-damage|p1a: Ninetales|12\/100 tox|[from] psn\n|upkeep\n|turn|28\n|\n|t:|1700056367\n|move|p1a: Ninetales|Encore|p2a: Tapu Lele\n|-start|p2a: Tapu Lele|Encore\n|move|p2a: Tapu Lele|Future Sight||[still]\n|-fail|p2a: Tapu Lele\n|\n|-weather|none\n|-damage|p1a: Ninetales|0 fnt|[from] psn\n|faint|p1a: Ninetales\n|upkeep\n|\n|t:|1700056371\n|switch|p1a: Kyurem|Kyurem|100\/100\n|-ability|p1a: Kyurem|Pressure\n|turn|29\n|\n|t:|1700056379\n|move|p2a: Tapu Lele|Future Sight||[still]\n|-fail|p2a: Tapu Lele\n|move|p1a: Kyurem|Dragon Dance|p1a: Kyurem\n|-boost|p1a: Kyurem|atk|1\n|-boost|p1a: Kyurem|spe|1\n|\n|-end|p1a: Kyurem|move: Future Sight\n|-damage|p1a: Kyurem|53\/100\n|-damage|p2a: Tapu Lele|58\/100|[from] item: Life Orb\n|upkeep\n|turn|30\n|c|\u2606WAILORDPLAYSMUCH|gg\n|\n|t:|1700056387\n|move|p1a: Kyurem|Icicle Spear|p2a: Tapu Lele\n|-damage|p2a: Tapu Lele|30\/100\n|-damage|p2a: Tapu Lele|0 fnt\n|faint|p2a: Tapu Lele\n|-hitcount|p2: Tapu Lele|2\n|\n|-fieldend|move: Psychic Terrain\n|upkeep\n|\n|t:|1700056394\n|switch|p2a: Ogerpon|Ogerpon-Wellspring, F|100\/100\n|-damage|p2a: Ogerpon|88\/100|[from] Stealth Rock\n|turn|31\n|\n|t:|1700056400\n|move|p1a: Kyurem|Icicle Spear|p2a: Ogerpon\n|-damage|p2a: Ogerpon|64\/100\n|-damage|p2a: Ogerpon|37\/100\n|-damage|p2a: Ogerpon|10\/100\n|-damage|p2a: Ogerpon|0 fnt\n|faint|p2a: Ogerpon\n|-hitcount|p2: Ogerpon|4\n|\n|upkeep\n|c|\u2606djamaO|gg\n|\n|t:|1700056407\n|switch|p2a: Chansey|Chansey, F|55\/100\n|-damage|p2a: Chansey|43\/100|[from] Stealth Rock\n|turn|32\n|\n|t:|1700056411\n|move|p1a: Kyurem|Icicle Spear|p2a: Chansey\n|-damage|p2a: Chansey|30\/100\n|-damage|p2a: Chansey|16\/100\n|-damage|p2a: Chansey|4\/100\n|-damage|p2a: Chansey|0 fnt\n|faint|p2a: Chansey\n|-hitcount|p2: Chansey|4\n|\n|win|WAILORDPLAYSMUCH\n|raw|WAILORDPLAYSMUCH's rating: 1698 &rarr; <strong>1718<\/strong><br \/>(+20 for winning)\n|raw|djamaO's rating: 1698 &rarr; <strong>1678<\/strong><br \/>(-20 for losing)\n|l|\u2606djamaO\n","uploadtime":1700056417,"views":4,"p1id":"wailordplaysmuch","p2id":"djamao","formatid":"gen9nationaldex","rating":1678,"private":0,"password":""}