{"id":"gen9nationaldex-1989562950","p1":"dharkon drageon","p2":"angzilovefansher","format":"[Gen 9] National Dex","log":"|j|\u2606dharkon drageon\n|j|\u2606angzilovefansher\n|t:|1699871797\n|gametype|singles\n|player|p1|dharkon drageon|brycenman|1243\n|player|p2|angzilovefansher|norman|1324\n|teamsize|p1|6\n|teamsize|p2|6\n|gen|9\n|tier|[Gen 9] National Dex\n|rated|\n|rule|HP Percentage Mod: HP is shown in percentages\n|rule|Endless Battle Clause: Forcing endless battles is banned\n|rule|OHKO Clause: OHKO moves are banned\n|rule|Evasion Clause: Evasion abilities, items, and moves are banned\n|rule|Evasion Abilities Clause: Evasion abilities are banned\n|rule|Evasion Items Clause: Evasion items are banned\n|rule|Evasion Moves Clause: Evasion moves are banned\n|rule|Species Clause: Limit one of each Pok\u00e9mon\n|rule|Sleep Clause Mod: Limit one foe put to sleep\n|clearpoke\n|poke|p1|Houndoom, M|\n|poke|p1|Sharpedo, M|\n|poke|p1|Hydreigon, F|\n|poke|p1|Zoroark, M|\n|poke|p1|Weavile, M|\n|poke|p1|Bisharp, M|\n|poke|p2|Ursaluna, M|\n|poke|p2|Porygon2|\n|poke|p2|Exploud, M|\n|poke|p2|Ditto|\n|poke|p2|Audino, M|\n|poke|p2|Cinccino, F|\n|teampreview\n|\n|t:|1699871829\n|start\n|switch|p1a: Bisharp|Bisharp, M|100\/100\n|switch|p2a: Cinccino|Cinccino, F|100\/100\n|turn|1\n|\n|t:|1699871837\n|switch|p2a: Audino|Audino, M|100\/100\n|move|p1a: Bisharp|Dark Pulse|p2a: Audino\n|-damage|p2a: Audino|73\/100\n|\n|upkeep\n|turn|2\n|\n|t:|1699871847\n|switch|p1a: Houndoom|Houndoom, M|100\/100\n|detailschange|p2a: Audino|Audino-Mega, M\n|-mega|p2a: Audino|Audino|Audinite\n|move|p2a: Audino|Trick Room|p2a: Audino\n|-fieldstart|move: Trick Room|[of] p2a: Audino\n|\n|upkeep\n|turn|3\n|inactive|Battle timer is ON: inactive players will automatically lose when time's up. (requested by dharkon drageon)\n|\n|t:|1699871895\n|move|p2a: Audino|Healing Wish|p2a: Audino\n|faint|p2a: Audino\n|move|p1a: Houndoom|Fire Blast|p2: Audino|[notarget]\n|-fail|p1a: Houndoom\n|\n|upkeep\n|\n|t:|1699871900\n|switch|p2a: Ursaluna|Ursaluna, M|100\/100\n|turn|4\n|\n|t:|1699871906\n|switch|p1a: Bisharp|Bisharp, M|100\/100\n|move|p2a: Ursaluna|Headlong Rush|p1a: Bisharp\n|-enditem|p1a: Bisharp|Focus Sash\n|-damage|p1a: Bisharp|1\/100\n|-unboost|p2a: Ursaluna|def|1\n|-unboost|p2a: Ursaluna|spd|1\n|replace|p1a: Zoroark|Zoroark, M\n|-end|p1a: Zoroark|Illusion\n|\n|-status|p2a: Ursaluna|brn|[from] item: Flame Orb\n|upkeep\n|turn|5\n|\n|t:|1699871918\n|move|p2a: Ursaluna|Drain Punch|p1a: Zoroark\n|-supereffective|p1a: Zoroark\n|-damage|p1a: Zoroark|0 fnt\n|faint|p1a: Zoroark\n|\n|-damage|p2a: Ursaluna|94\/100 brn|[from] brn\n|upkeep\n|\n|t:|1699871928\n|switch|p1a: Bisharp|Bisharp, M|100\/100\n|turn|6\n|\n|t:|1699871931\n|-terastallize|p1a: Bisharp|Fighting\n|move|p2a: Ursaluna|Drain Punch|p1a: Bisharp\n|-damage|p1a: Bisharp|57\/100\n|-heal|p2a: Ursaluna|100\/100 brn|[from] drain|[of] p1a: Bisharp\n|-damage|p2a: Ursaluna|84\/100 brn|[from] item: Rocky Helmet|[of] p1a: Bisharp\n|move|p1a: Bisharp|Brick Break|p2a: Ursaluna\n|-supereffective|p2a: Ursaluna\n|-damage|p2a: Ursaluna|0 fnt\n|faint|p2a: Ursaluna\n|\n|-fieldend|move: Trick Room\n|upkeep\n|\n|t:|1699871937\n|switch|p2a: Porygon2|Porygon2|100\/100\n|-ability|p2a: Porygon2|Defiant|[from] ability: Trace|[of] p1a: Bisharp\n|turn|7\n|\n|t:|1699871945\n|move|p1a: Bisharp|Brick Break|p2a: Porygon2\n|-supereffective|p2a: Porygon2\n|-damage|p2a: Porygon2|64\/100\n|move|p2a: Porygon2|Trick Room|p2a: Porygon2\n|-fieldstart|move: Trick Room|[of] p2a: Porygon2\n|\n|upkeep\n|turn|8\n|\n|t:|1699871951\n|move|p1a: Bisharp|Iron Head|p2a: Porygon2\n|-damage|p2a: Porygon2|43\/100\n|move|p2a: Porygon2|Teleport|p2a: Porygon2\n|\n|t:|1699871955\n|switch|p2a: Exploud|Exploud, M|100\/100|[from] Teleport\n|\n|upkeep\n|turn|9\n|\n|t:|1699871959\n|-terastallize|p2a: Exploud|Normal\n|move|p2a: Exploud|Boomburst|p1a: Bisharp\n|-damage|p1a: Bisharp|0 fnt\n|faint|p1a: Bisharp\n|\n|upkeep\n|\n|t:|1699871966\n|switch|p1a: Hydreigon|Hydreigon, F|100\/100\n|turn|10\n|\n|t:|1699871970\n|move|p2a: Exploud|Boomburst|p1a: Hydreigon\n|-crit|p1a: Hydreigon\n|-damage|p1a: Hydreigon|0 fnt\n|faint|p1a: Hydreigon\n|\n|upkeep\n|\n|t:|1699871975\n|switch|p1a: Weavile|Weavile, M|100\/100\n|-ability|p1a: Weavile|Pressure\n|turn|11\n|l|\u2606dharkon drageon\n|inactive|dharkon drageon disconnected and has a minute to reconnect!\n|player|p1|\n|inactive|dharkon drageon has 30 seconds to reconnect!\n|inactive|dharkon drageon has 20 seconds to reconnect!\n|inactive|dharkon drageon has 15 seconds to reconnect!\n|inactive|dharkon drageon has 10 seconds to reconnect!\n|inactive|dharkon drageon has 5 seconds to reconnect!\n|-message|dharkon drageon lost due to inactivity.\n|\n|win|angzilovefansher\n|raw|dharkon drageon's rating: 1243 &rarr; <strong>1224<\/strong><br \/>(-19 for losing)\n|raw|angzilovefansher's rating: 1324 &rarr; <strong>1339<\/strong><br \/>(+15 for winning)\n|l|\u2606angzilovefansher\n|j|\u2606angzilovefansher\n|player|p2|angzilovefansher|norman\n","uploadtime":1699872334,"views":11,"p1id":"dharkondrageon","p2id":"angzilovefansher","formatid":"gen9nationaldex","rating":1224,"private":0,"password":""}