{"id":"gen9nationaldex-2000424223","p1":"OrstedTheDragonGod","p2":"Ruinous Tusk","format":"[Gen 9] National Dex","log":"|html|<div class=\"broadcast-blue\"><strong>[Gen 9] National Dex is currently suspecting Sneasler! For information on how to participate check out the <a href=\"https:\/\/www.smogon.com\/forums\/threads\/sv-national-dex-suspect-8-just-dance.3731534\/\">suspect thread<\/a>.<\/strong><\/div>\n|j|\u2606OrstedTheDragonGod\n|j|\u2606Ruinous Tusk\n|t:|1701193638\n|gametype|singles\n|player|p1|OrstedTheDragonGod|palmer|1355\n|player|p2|Ruinous Tusk|hilbert|1326\n|teamsize|p1|6\n|teamsize|p2|6\n|gen|9\n|tier|[Gen 9] National Dex\n|rated|\n|rule|HP Percentage Mod: HP is shown in percentages\n|rule|Endless Battle Clause: Forcing endless battles is banned\n|rule|OHKO Clause: OHKO moves are banned\n|rule|Evasion Clause: Evasion abilities, items, and moves are banned\n|rule|Evasion Abilities Clause: Evasion abilities are banned\n|rule|Evasion Items Clause: Evasion items are banned\n|rule|Evasion Moves Clause: Evasion moves are banned\n|rule|Species Clause: Limit one of each Pok\u00e9mon\n|rule|Sleep Clause Mod: Limit one foe put to sleep\n|clearpoke\n|poke|p1|Great Tusk|\n|poke|p1|Dondozo, M|\n|poke|p1|Shuckle, F|\n|poke|p1|Beedrill, M|\n|poke|p1|Blacephalon|\n|poke|p1|Feraligatr, F|\n|poke|p2|Tapu Koko|\n|poke|p2|Iron Valiant|\n|poke|p2|Sneasler, M|\n|poke|p2|Charizard, M|\n|poke|p2|Hatterene, F|\n|poke|p2|Victini|\n|teampreview\n|inactive|Battle timer is ON: inactive players will automatically lose when time's up. (requested by OrstedTheDragonGod)\n|inactive|Ruinous Tusk also wants the timer to be on.\n|\n|t:|1701193666\n|start\n|switch|p1a: Blacephalon|Blacephalon|100\/100\n|switch|p2a: Victini|Victini|100\/100\n|turn|1\n|\n|t:|1701193678\n|-terastallize|p2a: Victini|Fire\n|move|p2a: Victini|V-create|p1a: Blacephalon\n|-resisted|p1a: Blacephalon\n|-damage|p1a: Blacephalon|0 fnt\n|-unboost|p2a: Victini|spe|1\n|-unboost|p2a: Victini|def|1\n|-unboost|p2a: Victini|spd|1\n|faint|p1a: Blacephalon\n|\n|upkeep\n|\n|t:|1701193685\n|switch|p1a: Shuckle|Shuckle, F|100\/100\n|turn|2\n|\n|t:|1701193706\n|switch|p2a: Hatterene|Hatterene, F|100\/100\n|move|p1a: Shuckle|Stealth Rock|p2a: Hatterene\n|move|p2a: Hatterene|Stealth Rock|p1a: Shuckle|[from]ability: Magic Bounce\n|-sidestart|p1: OrstedTheDragonGod|move: Stealth Rock\n|\n|upkeep\n|turn|3\n|\n|t:|1701193711\n|switch|p1a: Great Tusk|Great Tusk|100\/100\n|-damage|p1a: Great Tusk|98\/100|[from] Stealth Rock\n|-enditem|p1a: Great Tusk|Booster Energy\n|-activate|p1a: Great Tusk|ability: Protosynthesis|[fromitem]\n|-start|p1a: Great Tusk|protosynthesisdef\n|move|p2a: Hatterene|Nuzzle|p1a: Great Tusk\n|-immune|p1a: Great Tusk\n|\n|upkeep\n|turn|4\n|\n|t:|1701193714\n|move|p1a: Great Tusk|Rapid Spin|p2a: Hatterene\n|-damage|p2a: Hatterene|88\/100\n|-boost|p1a: Great Tusk|spe|1\n|-sideend|p1: OrstedTheDragonGod|Stealth Rock|[from] move: Rapid Spin|[of] p1a: Great Tusk\n|-enditem|p2a: Hatterene|Eject Button\n|\n|t:|1701193724\n|switch|p2a: Tapu Koko|Tapu Koko|100\/100\n|-fieldstart|move: Electric Terrain|[from] ability: Electric Surge|[of] p2a: Tapu Koko\n|\n|upkeep\n|turn|5\n|\n|t:|1701193731\n|move|p1a: Great Tusk|Earthquake|p2a: Tapu Koko\n|-supereffective|p2a: Tapu Koko\n|-damage|p2a: Tapu Koko|0 fnt\n|faint|p2a: Tapu Koko\n|\n|upkeep\n|\n|t:|1701193734\n|switch|p2a: Iron Valiant|Iron Valiant|100\/100\n|-activate|p2a: Iron Valiant|ability: Quark Drive\n|-start|p2a: Iron Valiant|quarkdrivespe\n|turn|6\n|\n|t:|1701193744\n|-end|p1a: Great Tusk|Protosynthesis|[silent]\n|switch|p1a: Feraligatr|Feraligatr, F|100\/100\n|move|p2a: Iron Valiant|Moonblast|p1a: Feraligatr\n|-damage|p1a: Feraligatr|34\/100\n|-damage|p2a: Iron Valiant|91\/100|[from] item: Life Orb\n|\n|upkeep\n|turn|7\n|\n|t:|1701193752\n|move|p2a: Iron Valiant|Moonblast|p1a: Feraligatr\n|-damage|p1a: Feraligatr|0 fnt\n|faint|p1a: Feraligatr\n|-damage|p2a: Iron Valiant|81\/100|[from] item: Life Orb\n|\n|upkeep\n|\n|t:|1701193758\n|switch|p1a: Beedrill|Beedrill, M|100\/100\n|turn|8\n|\n|t:|1701193775\n|-end|p2a: Iron Valiant|Quark Drive|[silent]\n|switch|p2a: Victini|Victini, tera:Fire|100\/100\n|detailschange|p1a: Beedrill|Beedrill-Mega, M\n|-mega|p1a: Beedrill|Beedrill|Beedrillite\n|move|p1a: Beedrill|Poison Jab|p2a: Victini\n|-damage|p2a: Victini|36\/100\n|\n|upkeep\n|turn|9\n|\n|t:|1701193781\n|move|p2a: Victini|Bolt Strike|p1a: Beedrill\n|-damage|p1a: Beedrill|0 fnt\n|faint|p1a: Beedrill\n|\n|upkeep\n|\n|t:|1701193801\n|switch|p1a: Great Tusk|Great Tusk|98\/100\n|turn|10\n|\n|t:|1701193808\n|switch|p2a: Hatterene|Hatterene, F|88\/100\n|move|p1a: Great Tusk|Knock Off|p2a: Hatterene\n|-damage|p2a: Hatterene|69\/100\n|\n|upkeep\n|turn|11\n|\n|t:|1701193818\n|move|p1a: Great Tusk|Earthquake|p2a: Hatterene\n|-damage|p2a: Hatterene|27\/100\n|move|p2a: Hatterene|Draining Kiss|p1a: Great Tusk\n|-supereffective|p1a: Great Tusk\n|-damage|p1a: Great Tusk|22\/100\n|-heal|p2a: Hatterene|93\/100|[from] drain|[of] p1a: Great Tusk\n|\n|-fieldend|move: Electric Terrain\n|upkeep\n|turn|12\n|\n|t:|1701193826\n|switch|p2a: Charizard|Charizard, M|100\/100\n|move|p1a: Great Tusk|Earthquake|p2a: Charizard\n|-immune|p2a: Charizard\n|\n|upkeep\n|turn|13\n|\n|t:|1701193831\n|detailschange|p2a: Charizard|Charizard-Mega-Y, M\n|-mega|p2a: Charizard|Charizard|Charizardite Y\n|-weather|SunnyDay|[from] ability: Drought|[of] p2a: Charizard\n|-activate|p1a: Great Tusk|ability: Protosynthesis\n|-start|p1a: Great Tusk|protosynthesisdef\n|move|p2a: Charizard|Flamethrower|p1a: Great Tusk\n|-damage|p1a: Great Tusk|0 fnt\n|faint|p1a: Great Tusk\n|-end|p1a: Great Tusk|Protosynthesis|[silent]\n|\n|-weather|SunnyDay|[upkeep]\n|upkeep\n|\n|t:|1701193836\n|switch|p1a: Dondozo|Dondozo, M|100\/100\n|turn|14\n|\n|t:|1701193841\n|move|p2a: Charizard|Solar Beam||[still]\n|-prepare|p2a: Charizard|Solar Beam\n|-anim|p2a: Charizard|Solar Beam|p1a: Dondozo\n|-supereffective|p1a: Dondozo\n|-damage|p1a: Dondozo|0 fnt\n|faint|p1a: Dondozo\n|\n|-weather|SunnyDay|[upkeep]\n|upkeep\n|-message|OrstedTheDragonGod forfeited.\n|\n|win|Ruinous Tusk\n|raw|OrstedTheDragonGod's rating: 1355 &rarr; <strong>1333<\/strong><br \/>(-22 for losing)\n|raw|Ruinous Tusk's rating: 1326 &rarr; <strong>1348<\/strong><br \/>(+22 for winning)\n|l|\u2606OrstedTheDragonGod\n","uploadtime":1701193879,"views":0,"p1id":"orstedthedragongod","p2id":"ruinoustusk","formatid":"gen9nationaldex","rating":1333,"private":0,"password":""}