{"id":"gen9nationaldex-1988212383","p1":"SadTenshi","p2":"BaronTPDPurgestein","format":"[Gen 9] National Dex","log":"|j|\u2606SadTenshi\n|j|\u2606BaronTPDPurgestein\n|t:|1699686335\n|gametype|singles\n|player|p1|SadTenshi|265|1076\n|player|p2|BaronTPDPurgestein|artist|1177\n|teamsize|p1|6\n|teamsize|p2|6\n|gen|9\n|tier|[Gen 9] National Dex\n|rated|\n|rule|HP Percentage Mod: HP is shown in percentages\n|rule|Endless Battle Clause: Forcing endless battles is banned\n|rule|OHKO Clause: OHKO moves are banned\n|rule|Evasion Clause: Evasion abilities, items, and moves are banned\n|rule|Evasion Abilities Clause: Evasion abilities are banned\n|rule|Evasion Items Clause: Evasion items are banned\n|rule|Evasion Moves Clause: Evasion moves are banned\n|rule|Species Clause: Limit one of each Pok\u00e9mon\n|rule|Sleep Clause Mod: Limit one foe put to sleep\n|clearpoke\n|poke|p1|Hydreigon, M|\n|poke|p1|Kommo-o, F|\n|poke|p1|Haxorus, M|\n|poke|p1|Altaria, F|\n|poke|p1|Garchomp, M|\n|poke|p1|Dragonite, F|\n|poke|p2|Beedrill, F|\n|poke|p2|Sneasler, F|\n|poke|p2|Munkidori, M|\n|poke|p2|Nidoking, M|\n|poke|p2|Skuntank, F|\n|poke|p2|Fezandipiti, M|\n|teampreview\n|c|\u2606BaronTPDPurgestein|oh my\n|\n|t:|1699686353\n|start\n|switch|p1a: Hydreigon|Hydreigon, M|100\/100\n|switch|p2a: Neko Von Purger|Nidoking, M, shiny|100\/100\n|turn|1\n|\n|t:|1699686366\n|move|p1a: Hydreigon|U-turn|p2a: Neko Von Purger\n|-resisted|p2a: Neko Von Purger\n|-damage|p2a: Neko Von Purger|90\/100\n|\n|t:|1699686372\n|switch|p1a: Garchomp|Garchomp, M|100\/100|[from] U-turn\n|move|p2a: Neko Von Purger|Ice Beam|p1a: Garchomp\n|-supereffective|p1a: Garchomp\n|-damage|p1a: Garchomp|0 fnt\n|faint|p1a: Garchomp\n|\n|upkeep\n|\n|t:|1699686383\n|switch|p1a: Dragonite|Dragonite, F|100\/100\n|turn|2\n|\n|t:|1699686389\n|move|p2a: Neko Von Purger|Ice Beam|p1a: Dragonite\n|-supereffective|p1a: Dragonite\n|-damage|p1a: Dragonite|26\/100\n|move|p1a: Dragonite|Earthquake|p2a: Neko Von Purger\n|-supereffective|p2a: Neko Von Purger\n|-crit|p2a: Neko Von Purger\n|-damage|p2a: Neko Von Purger|0 fnt\n|faint|p2a: Neko Von Purger\n|\n|upkeep\n|\n|t:|1699686394\n|switch|p2a: BeePurging|Beedrill, F|100\/100\n|turn|3\n|\n|t:|1699686400\n|detailschange|p2a: BeePurging|Beedrill-Mega, F\n|-mega|p2a: BeePurging|Beedrill|Beedrillite\n|move|p2a: BeePurging|Fell Stinger|p1a: Dragonite\n|-resisted|p1a: Dragonite\n|-damage|p1a: Dragonite|5\/100\n|move|p1a: Dragonite|Earthquake|p2a: BeePurging\n|-damage|p2a: BeePurging|17\/100\n|\n|upkeep\n|turn|4\n|\n|t:|1699686409\n|move|p2a: BeePurging|Fell Stinger|p1a: Dragonite\n|-resisted|p1a: Dragonite\n|-damage|p1a: Dragonite|0 fnt\n|faint|p1a: Dragonite\n|-boost|p2a: BeePurging|atk|3\n|\n|upkeep\n|\n|t:|1699686418\n|switch|p1a: Hydreigon|Hydreigon, M|100\/100\n|turn|5\n|\n|t:|1699686426\n|move|p1a: Hydreigon|Flash Cannon|p2a: BeePurging\n|-damage|p2a: BeePurging|0 fnt\n|faint|p2a: BeePurging\n|\n|upkeep\n|\n|t:|1699686430\n|switch|p2a: PurgeAntibird|Fezandipiti, M|100\/100\n|turn|6\n|\n|t:|1699686436\n|switch|p1a: Altaria|Altaria, F|100\/100\n|-ability|p1a: Altaria|Cloud Nine\n|move|p2a: PurgeAntibird|Moonblast|p1a: Altaria\n|-supereffective|p1a: Altaria\n|-damage|p1a: Altaria|63\/100\n|\n|upkeep\n|turn|7\n|\n|t:|1699686448\n|detailschange|p1a: Altaria|Altaria-Mega, F\n|-mega|p1a: Altaria|Altaria|Altarianite\n|move|p2a: PurgeAntibird|Moonblast|p1a: Altaria\n|-supereffective|p1a: Altaria\n|-damage|p1a: Altaria|23\/100\n|-unboost|p1a: Altaria|spa|1\n|move|p1a: Altaria|Roost|p1a: Altaria\n|-heal|p1a: Altaria|73\/100\n|-singleturn|p1a: Altaria|move: Roost\n|\n|upkeep\n|turn|8\n|\n|t:|1699686457\n|move|p2a: PurgeAntibird|Calm Mind|p2a: PurgeAntibird\n|-boost|p2a: PurgeAntibird|spa|1\n|-boost|p2a: PurgeAntibird|spd|1\n|move|p1a: Altaria|Roost|p1a: Altaria\n|-heal|p1a: Altaria|100\/100\n|-singleturn|p1a: Altaria|move: Roost\n|\n|upkeep\n|turn|9\n|c|\u2606SadTenshi|gg\n|c|\u2606BaronTPDPurgestein|ok\n|c|\u2606BaronTPDPurgestein|gg?\n|c|\u2606SadTenshi|yeah i loose now\n|c|\u2606SadTenshi|ahaha im experience enough to know that i cant win now lmao\n|\n|t:|1699686489\n|move|p2a: PurgeAntibird|Moonblast|p1a: Altaria\n|-supereffective|p1a: Altaria\n|-damage|p1a: Altaria|46\/100\n|move|p1a: Altaria|Flamethrower|p2a: PurgeAntibird\n|-damage|p2a: PurgeAntibird|93\/100\n|\n|-heal|p2a: PurgeAntibird|99\/100|[from] item: Leftovers\n|upkeep\n|turn|10\n|c|\u2606BaronTPDPurgestein|ok not sure about that\n|c|\u2606BaronTPDPurgestein|try ohysical altaria\n|\n|t:|1699686508\n|move|p2a: PurgeAntibird|Moonblast|p1a: Altaria\n|-supereffective|p1a: Altaria\n|-damage|p1a: Altaria|0 fnt\n|faint|p1a: Altaria\n|\n|-heal|p2a: PurgeAntibird|100\/100|[from] item: Leftovers\n|upkeep\n|c|\u2606BaronTPDPurgestein|physical\n|\n|t:|1699686525\n|switch|p1a: Haxorus|Haxorus, M, shiny|100\/100\n|-ability|p1a: Haxorus|Mold Breaker\n|turn|11\n|\n|t:|1699686535\n|move|p1a: Haxorus|Dragon Dance|p1a: Haxorus\n|-boost|p1a: Haxorus|atk|1\n|-boost|p1a: Haxorus|spe|1\n|move|p2a: PurgeAntibird|Moonblast|p1a: Haxorus\n|-supereffective|p1a: Haxorus\n|-damage|p1a: Haxorus|0 fnt\n|faint|p1a: Haxorus\n|\n|upkeep\n|c|\u2606SadTenshi|thing is my whole team is almost physical\n|c|\u2606BaronTPDPurgestein|yeah gg\n|c|\u2606BaronTPDPurgestein|hydragon is spa\n|c|\u2606SadTenshi|yeah doesnt have earth powerr\n|c|\u2606SadTenshi|because i got eq on too many already ahaha\n|\n|t:|1699686570\n|switch|p1a: Hydreigon|Hydreigon, M|100\/100\n|turn|12\n|\n|t:|1699686577\n|-terastallize|p1a: Hydreigon|Dark\n|move|p1a: Hydreigon|Dark Pulse|p2a: PurgeAntibird\n|-resisted|p2a: PurgeAntibird\n|-damage|p2a: PurgeAntibird|88\/100\n|move|p2a: PurgeAntibird|Moonblast|p1a: Hydreigon\n|-supereffective|p1a: Hydreigon\n|-damage|p1a: Hydreigon|6\/100\n|-unboost|p1a: Hydreigon|spa|1\n|\n|-heal|p2a: PurgeAntibird|95\/100|[from] item: Leftovers\n|upkeep\n|turn|13\n|-message|SadTenshi forfeited.\n|\n|win|BaronTPDPurgestein\n|raw|SadTenshi's rating: 1076 &rarr; <strong>1061<\/strong><br \/>(-15 for losing)\n|raw|BaronTPDPurgestein's rating: 1177 &rarr; <strong>1195<\/strong><br \/>(+18 for winning)\n|l|\u2606SadTenshi\n","uploadtime":1699686595,"views":5,"p1id":"sadtenshi","p2id":"barontpdpurgestein","formatid":"gen9nationaldex","rating":1061,"private":0,"password":""}