{"id":"gen9nationaldex-1998778463","p1":"hjhjaa","p2":"XMarcosPr710","format":"[Gen 9] National Dex","log":"|html|<div class=\"broadcast-blue\"><strong>[Gen 9] National Dex is currently suspecting Sneasler! For information on how to participate check out the <a href=\"https:\/\/www.smogon.com\/forums\/threads\/sv-national-dex-suspect-8-just-dance.3731534\/\">suspect thread<\/a>.<\/strong><\/div>\n|j|\u2606hjhjaa\n|j|\u2606XMarcosPr710\n|t:|1700988941\n|gametype|singles\n|player|p1|hjhjaa|caitlin|1509\n|player|p2|XMarcosPr710|iris-gen5bw2|1451\n|teamsize|p1|6\n|teamsize|p2|6\n|gen|9\n|tier|[Gen 9] National Dex\n|rated|\n|rule|HP Percentage Mod: HP is shown in percentages\n|rule|Endless Battle Clause: Forcing endless battles is banned\n|rule|OHKO Clause: OHKO moves are banned\n|rule|Evasion Clause: Evasion abilities, items, and moves are banned\n|rule|Evasion Abilities Clause: Evasion abilities are banned\n|rule|Evasion Items Clause: Evasion items are banned\n|rule|Evasion Moves Clause: Evasion moves are banned\n|rule|Species Clause: Limit one of each Pok\u00e9mon\n|rule|Sleep Clause Mod: Limit one foe put to sleep\n|clearpoke\n|poke|p1|Charizard, M|\n|poke|p1|Great Tusk|\n|poke|p1|Garganacl, M|\n|poke|p1|Hatterene, F|\n|poke|p1|Rillaboom, F|\n|poke|p1|Sneasler, M|\n|poke|p2|Charizard, F|\n|poke|p2|Victini|\n|poke|p2|Weavile, F|\n|poke|p2|Landorus-Therian, M|\n|poke|p2|Kartana|\n|poke|p2|Tapu Fini|\n|teampreview\n|\n|t:|1700988950\n|start\n|switch|p1a: \u9664\u5269|Garganacl, M|100\/100\n|switch|p2a: Victini|Victini|100\/100\n|turn|1\n|\n|t:|1700988955\n|move|p2a: Victini|U-turn|p1a: \u9664\u5269\n|-damage|p1a: \u9664\u5269|90\/100\n|\n|t:|1700988957\n|switch|p2a: Kartana|Kartana|100\/100|[from] U-turn\n|move|p1a: \u9664\u5269|Salt Cure|p2a: Kartana\n|-resisted|p2a: Kartana\n|-damage|p2a: Kartana|94\/100\n|-start|p2a: Kartana|Salt Cure\n|\n|-heal|p1a: \u9664\u5269|97\/100|[from] item: Leftovers\n|-damage|p2a: Kartana|69\/100|[from] Salt Cure\n|upkeep\n|turn|2\n|\n|t:|1700988962\n|move|p1a: \u9664\u5269|Protect|p1a: \u9664\u5269\n|-singleturn|p1a: \u9664\u5269|Protect\n|move|p2a: Kartana|Swords Dance|p2a: Kartana\n|-boost|p2a: Kartana|atk|2\n|\n|-heal|p1a: \u9664\u5269|100\/100|[from] item: Leftovers\n|-damage|p2a: Kartana|44\/100|[from] Salt Cure\n|upkeep\n|turn|3\n|\n|t:|1700988968\n|-terastallize|p1a: \u9664\u5269|Dragon\n|move|p2a: Kartana|Leaf Blade|p1a: \u9664\u5269\n|-resisted|p1a: \u9664\u5269\n|-damage|p1a: \u9664\u5269|71\/100\n|move|p1a: \u9664\u5269|Stealth Rock|p2a: Kartana\n|-sidestart|p2: XMarcosPr710|move: Stealth Rock\n|\n|-heal|p1a: \u9664\u5269|77\/100|[from] item: Leftovers\n|-damage|p2a: Kartana|19\/100|[from] Salt Cure\n|upkeep\n|turn|4\n|\n|t:|1700988977\n|move|p1a: \u9664\u5269|Protect|p1a: \u9664\u5269\n|-singleturn|p1a: \u9664\u5269|Protect\n|-zpower|p2a: Kartana\n|move|p2a: Kartana|All-Out Pummeling|p1a: \u9664\u5269|[zeffect]\n|-zbroken|p1a: \u9664\u5269\n|-damage|p1a: \u9664\u5269|58\/100\n|\n|-heal|p1a: \u9664\u5269|65\/100|[from] item: Leftovers\n|-damage|p2a: Kartana|0 fnt|[from] Salt Cure\n|faint|p2a: Kartana\n|upkeep\n|\n|t:|1700988981\n|switch|p2a: Weavile|Weavile, F|100\/100\n|-damage|p2a: Weavile|76\/100|[from] Stealth Rock\n|-ability|p2a: Weavile|Pressure\n|turn|5\n|\n|t:|1700988988\n|switch|p1a: Sneasler|Sneasler, M|100\/100\n|move|p2a: Weavile|Triple Axel|p1a: Sneasler\n|-damage|p1a: Sneasler|77\/100\n|-damage|p1a: Sneasler|30\/100\n|-damage|p1a: Sneasler|0 fnt\n|faint|p1a: Sneasler\n|-hitcount|p1: Sneasler|3\n|\n|upkeep\n|\n|t:|1700988996\n|switch|p1a: Charizard|Charizard, M|100\/100\n|turn|6\n|\n|t:|1700989001\n|detailschange|p1a: Charizard|Charizard-Mega-Y, M\n|-mega|p1a: Charizard|Charizard|Charizardite Y\n|-weather|SunnyDay|[from] ability: Drought|[of] p1a: Charizard\n|move|p2a: Weavile|Triple Axel|p1a: Charizard\n|-damage|p1a: Charizard|81\/100\n|-damage|p1a: Charizard|41\/100\n|-damage|p1a: Charizard|0 fnt\n|faint|p1a: Charizard\n|-hitcount|p1: Charizard|3\n|\n|-weather|SunnyDay|[upkeep]\n|upkeep\n|\n|t:|1700989008\n|switch|p1a: Hatterene|Hatterene, F|100\/100\n|turn|7\n|\n|t:|1700989010\n|move|p2a: Weavile|Triple Axel|p1a: Hatterene\n|-damage|p1a: Hatterene|84\/100\n|-damage|p1a: Hatterene|49\/100\n|-damage|p1a: Hatterene|2\/100\n|-hitcount|p1a: Hatterene|3\n|move|p1a: Hatterene|Draining Kiss|p2a: Weavile\n|-supereffective|p2a: Weavile\n|-damage|p2a: Weavile|7\/100\n|-heal|p1a: Hatterene|47\/100|[from] drain|[of] p2a: Weavile\n|\n|-weather|SunnyDay|[upkeep]\n|upkeep\n|turn|8\n|\n|t:|1700989017\n|move|p2a: Weavile|Triple Axel|p1a: Hatterene\n|-damage|p1a: Hatterene|32\/100\n|-damage|p1a: Hatterene|0 fnt\n|faint|p1a: Hatterene\n|-hitcount|p1: Hatterene|2\n|\n|-weather|SunnyDay|[upkeep]\n|upkeep\n|\n|t:|1700989019\n|switch|p1a: Rillaboom|Rillaboom, F|100\/100\n|-fieldstart|move: Grassy Terrain|[from] ability: Grassy Surge|[of] p1a: Rillaboom\n|turn|9\n|\n|t:|1700989023\n|switch|p2a: Landorus|Landorus-Therian, M|100\/100\n|-damage|p2a: Landorus|88\/100|[from] Stealth Rock\n|-ability|p2a: Landorus|Intimidate|boost\n|-unboost|p1a: Rillaboom|atk|1\n|move|p1a: Rillaboom|Grassy Glide|p2a: Landorus\n|-damage|p2a: Landorus|58\/100\n|-damage|p1a: Rillaboom|84\/100|[from] item: Rocky Helmet|[of] p2a: Landorus\n|\n|-weather|SunnyDay|[upkeep]\n|-heal|p1a: Rillaboom|90\/100|[from] Grassy Terrain\n|upkeep\n|turn|10\n|\n|t:|1700989033\n|switch|p1a: \u9664\u5269|Garganacl, M, tera:Dragon|65\/100\n|move|p2a: Landorus|Defog|p1a: \u9664\u5269\n|-unboost|p1a: \u9664\u5269|evasion|1\n|-sideend|p2: XMarcosPr710|Stealth Rock|[from] move: Defog|[of] p2a: Landorus\n|-fieldend|move: Grassy Terrain\n|\n|-weather|none\n|-heal|p1a: \u9664\u5269|71\/100|[from] item: Leftovers\n|upkeep\n|turn|11\n|\n|t:|1700989037\n|move|p2a: Landorus|U-turn|p1a: \u9664\u5269\n|-damage|p1a: \u9664\u5269|59\/100\n|\n|t:|1700989041\n|switch|p2a: Weavile|Weavile, F|7\/100|[from] U-turn\n|-ability|p2a: Weavile|Pressure\n|move|p1a: \u9664\u5269|Salt Cure|p2a: Weavile\n|-supereffective|p2a: Weavile\n|-damage|p2a: Weavile|0 fnt\n|faint|p2a: Weavile\n|\n|-heal|p1a: \u9664\u5269|65\/100|[from] item: Leftovers\n|upkeep\n|\n|t:|1700989044\n|switch|p2a: Tapu Fini|Tapu Fini|100\/100\n|-fieldstart|move: Misty Terrain|[from] ability: Misty Surge|[of] p2a: Tapu Fini\n|turn|12\n|\n|t:|1700989047\n|switch|p1a: Rillaboom|Rillaboom, F|90\/100\n|-fieldstart|move: Grassy Terrain|[from] ability: Grassy Surge|[of] p1a: Rillaboom\n|move|p2a: Tapu Fini|Taunt|p1a: Rillaboom\n|-start|p1a: Rillaboom|move: Taunt\n|\n|-heal|p1a: Rillaboom|97\/100|[from] Grassy Terrain\n|upkeep\n|turn|13\n|\n|t:|1700989056\n|switch|p2a: Charizard|Charizard, F|100\/100\n|move|p1a: Rillaboom|Wood Hammer|p2a: Charizard\n|-resisted|p2a: Charizard\n|-damage|p2a: Charizard|55\/100\n|-damage|p1a: Rillaboom|85\/100|[from] Recoil\n|\n|-heal|p1a: Rillaboom|92\/100|[from] Grassy Terrain\n|upkeep\n|turn|14\n|\n|t:|1700989061\n|switch|p1a: \u8d85\u6781\u5de8\u5c0f\u5c0f\u8c61|Great Tusk|100\/100\n|detailschange|p2a: Charizard|Charizard-Mega-Y, F\n|-mega|p2a: Charizard|Charizard|Charizardite Y\n|-weather|SunnyDay|[from] ability: Drought|[of] p2a: Charizard\n|-activate|p1a: \u8d85\u6781\u5de8\u5c0f\u5c0f\u8c61|ability: Protosynthesis\n|-start|p1a: \u8d85\u6781\u5de8\u5c0f\u5c0f\u8c61|protosynthesisatk\n|move|p2a: Charizard|Fire Blast|p1a: \u8d85\u6781\u5de8\u5c0f\u5c0f\u8c61\n|-damage|p1a: \u8d85\u6781\u5de8\u5c0f\u5c0f\u8c61|0 fnt\n|faint|p1a: \u8d85\u6781\u5de8\u5c0f\u5c0f\u8c61\n|-end|p1a: \u8d85\u6781\u5de8\u5c0f\u5c0f\u8c61|Protosynthesis|[silent]\n|\n|-weather|SunnyDay|[upkeep]\n|upkeep\n|\n|t:|1700989064\n|switch|p1a: \u9664\u5269|Garganacl, M, tera:Dragon|65\/100\n|turn|15\n|\n|t:|1700989074\n|switch|p2a: Landorus|Landorus-Therian, M|58\/100\n|-ability|p2a: Landorus|Intimidate|boost\n|-unboost|p1a: \u9664\u5269|atk|1\n|move|p1a: \u9664\u5269|Recover|p1a: \u9664\u5269\n|-heal|p1a: \u9664\u5269|100\/100\n|\n|-weather|SunnyDay|[upkeep]\n|upkeep\n|turn|16\n|\n|t:|1700989078\n|move|p2a: Landorus|U-turn|p1a: \u9664\u5269\n|-damage|p1a: \u9664\u5269|90\/100\n|\n|t:|1700989080\n|switch|p2a: Victini|Victini|100\/100|[from] U-turn\n|move|p1a: \u9664\u5269|Salt Cure|p2a: Victini\n|-supereffective|p2a: Victini\n|-damage|p2a: Victini|83\/100\n|-start|p2a: Victini|Salt Cure\n|\n|-weather|SunnyDay|[upkeep]\n|-heal|p2a: Victini|89\/100|[from] Grassy Terrain\n|-heal|p1a: \u9664\u5269|96\/100|[from] Grassy Terrain\n|-heal|p1a: \u9664\u5269|100\/100|[from] item: Leftovers\n|-damage|p2a: Victini|77\/100|[from] Salt Cure\n|-fieldend|move: Grassy Terrain\n|upkeep\n|turn|17\n|\n|t:|1700989084\n|move|p1a: \u9664\u5269|Protect|p1a: \u9664\u5269\n|-singleturn|p1a: \u9664\u5269|Protect\n|move|p2a: Victini|V-create|p1a: \u9664\u5269\n|-activate|p1a: \u9664\u5269|move: Protect\n|\n|-weather|SunnyDay|[upkeep]\n|-damage|p2a: Victini|64\/100|[from] Salt Cure\n|upkeep\n|turn|18\n|\n|t:|1700989087\n|move|p2a: Victini|V-create|p1a: \u9664\u5269\n|-resisted|p1a: \u9664\u5269\n|-damage|p1a: \u9664\u5269|72\/100\n|-unboost|p2a: Victini|spe|1\n|-unboost|p2a: Victini|def|1\n|-unboost|p2a: Victini|spd|1\n|move|p1a: \u9664\u5269|Stealth Rock|p2a: Victini\n|-sidestart|p2: XMarcosPr710|move: Stealth Rock\n|\n|-weather|none\n|-heal|p1a: \u9664\u5269|78\/100|[from] item: Leftovers\n|-damage|p2a: Victini|52\/100|[from] Salt Cure\n|upkeep\n|turn|19\n|\n|t:|1700989090\n|switch|p2a: Landorus|Landorus-Therian, M|58\/100\n|-damage|p2a: Landorus|46\/100|[from] Stealth Rock\n|-ability|p2a: Landorus|Intimidate|boost\n|-unboost|p1a: \u9664\u5269|atk|1\n|move|p1a: \u9664\u5269|Salt Cure|p2a: Landorus\n|-damage|p2a: Landorus|41\/100\n|-start|p2a: Landorus|Salt Cure\n|\n|-heal|p1a: \u9664\u5269|85\/100|[from] item: Leftovers\n|-damage|p2a: Landorus|29\/100|[from] Salt Cure\n|upkeep\n|turn|20\n|\n|t:|1700989097\n|move|p2a: Landorus|Defog|p1a: \u9664\u5269\n|-unboost|p1a: \u9664\u5269|evasion|1\n|-sideend|p2: XMarcosPr710|Stealth Rock|[from] move: Defog|[of] p2a: Landorus\n|move|p1a: \u9664\u5269|Stealth Rock|p2a: Landorus\n|-sidestart|p2: XMarcosPr710|move: Stealth Rock\n|\n|-heal|p1a: \u9664\u5269|91\/100|[from] item: Leftovers\n|-damage|p2a: Landorus|16\/100|[from] Salt Cure\n|upkeep\n|turn|21\n|\n|t:|1700989105\n|move|p2a: Landorus|Defog|p1a: \u9664\u5269\n|-unboost|p1a: \u9664\u5269|evasion|1\n|-sideend|p2: XMarcosPr710|Stealth Rock|[from] move: Defog|[of] p2a: Landorus\n|move|p1a: \u9664\u5269|Stealth Rock|p2a: Landorus\n|-sidestart|p2: XMarcosPr710|move: Stealth Rock\n|\n|-heal|p1a: \u9664\u5269|97\/100|[from] item: Leftovers\n|-damage|p2a: Landorus|4\/100|[from] Salt Cure\n|upkeep\n|turn|22\n|\n|t:|1700989110\n|move|p2a: Landorus|Defog|p1a: \u9664\u5269\n|-unboost|p1a: \u9664\u5269|evasion|1\n|-sideend|p2: XMarcosPr710|Stealth Rock|[from] move: Defog|[of] p2a: Landorus\n|move|p1a: \u9664\u5269|Stealth Rock|p2a: Landorus\n|-sidestart|p2: XMarcosPr710|move: Stealth Rock\n|\n|-heal|p1a: \u9664\u5269|100\/100|[from] item: Leftovers\n|-damage|p2a: Landorus|0 fnt|[from] Salt Cure\n|faint|p2a: Landorus\n|upkeep\n|\n|t:|1700989113\n|switch|p2a: Tapu Fini|Tapu Fini|100\/100\n|-damage|p2a: Tapu Fini|88\/100|[from] Stealth Rock\n|-fieldstart|move: Misty Terrain|[from] ability: Misty Surge|[of] p2a: Tapu Fini\n|turn|23\n|\n|t:|1700989123\n|switch|p1a: Rillaboom|Rillaboom, F|92\/100\n|-fieldstart|move: Grassy Terrain|[from] ability: Grassy Surge|[of] p1a: Rillaboom\n|move|p2a: Tapu Fini|Whirlpool|p1a: Rillaboom\n|-resisted|p1a: Rillaboom\n|-damage|p1a: Rillaboom|85\/100\n|-activate|p1a: Rillaboom|move: Whirlpool|[of] p2a: Tapu Fini\n|\n|-heal|p1a: Rillaboom|92\/100|[from] Grassy Terrain\n|-heal|p2a: Tapu Fini|94\/100|[from] Grassy Terrain\n|-heal|p2a: Tapu Fini|99\/100|[from] item: Leftovers\n|-damage|p1a: Rillaboom|79\/100|[from] move: Whirlpool|[partiallytrapped]\n|upkeep\n|turn|24\n|\n|t:|1700989127\n|move|p1a: Rillaboom|Grassy Glide|p2a: Tapu Fini\n|-supereffective|p2a: Tapu Fini\n|-damage|p2a: Tapu Fini|22\/100\n|move|p2a: Tapu Fini|Nature's Madness|p1a: Rillaboom|[miss]\n|-miss|p2a: Tapu Fini|p1a: Rillaboom\n|\n|-heal|p1a: Rillaboom|85\/100|[from] Grassy Terrain\n|-heal|p2a: Tapu Fini|28\/100|[from] Grassy Terrain\n|-heal|p2a: Tapu Fini|34\/100|[from] item: Leftovers\n|-damage|p1a: Rillaboom|73\/100|[from] move: Whirlpool|[partiallytrapped]\n|upkeep\n|turn|25\n|\n|t:|1700989130\n|move|p1a: Rillaboom|Grassy Glide|p2a: Tapu Fini\n|-supereffective|p2a: Tapu Fini\n|-damage|p2a: Tapu Fini|0 fnt\n|faint|p2a: Tapu Fini\n|\n|-heal|p1a: Rillaboom|79\/100|[from] Grassy Terrain\n|-end|p1a: Rillaboom|Whirlpool|[partiallytrapped]|[silent]\n|upkeep\n|\n|t:|1700989132\n|switch|p2a: Victini|Victini|52\/100\n|-damage|p2a: Victini|27\/100|[from] Stealth Rock\n|turn|26\n|\n|t:|1700989135\n|switch|p1a: \u9664\u5269|Garganacl, M, tera:Dragon|100\/100\n|move|p2a: Victini|Trick|p1a: \u9664\u5269\n|-activate|p2a: Victini|move: Trick|[of] p1a: \u9664\u5269\n|-item|p1a: \u9664\u5269|Choice Scarf|[from] move: Trick\n|-item|p2a: Victini|Leftovers|[from] move: Trick\n|\n|-heal|p2a: Victini|33\/100|[from] Grassy Terrain\n|-heal|p2a: Victini|40\/100|[from] item: Leftovers\n|upkeep\n|turn|27\n|\n|t:|1700989141\n|move|p2a: Victini|U-turn|p1a: \u9664\u5269\n|-damage|p1a: \u9664\u5269|90\/100\n|\n|t:|1700989143\n|switch|p2a: Charizard|Charizard-Mega-Y, F|55\/100|[from] U-turn\n|-damage|p2a: Charizard|5\/100|[from] Stealth Rock\n|-weather|SunnyDay|[from] ability: Drought|[of] p2a: Charizard\n|move|p1a: \u9664\u5269|Salt Cure|p2a: Charizard\n|-supereffective|p2a: Charizard\n|-damage|p2a: Charizard|0 fnt\n|faint|p2a: Charizard\n|\n|-weather|SunnyDay|[upkeep]\n|-heal|p1a: \u9664\u5269|97\/100|[from] Grassy Terrain\n|-fieldend|move: Grassy Terrain\n|upkeep\n|\n|t:|1700989144\n|switch|p2a: Victini|Victini|40\/100\n|-damage|p2a: Victini|15\/100|[from] Stealth Rock\n|turn|28\n|-message|XMarcosPr710 forfeited.\n|\n|win|hjhjaa\n|raw|hjhjaa's rating: 1509 &rarr; <strong>1526<\/strong><br \/>(+17 for winning)\n|raw|XMarcosPr710's rating: 1451 &rarr; <strong>1434<\/strong><br \/>(-17 for losing)\n|l|\u2606XMarcosPr710\n|l|\u2606hjhjaa\n|j|\u2606hjhjaa\n|player|p1|hjhjaa|caitlin\n","uploadtime":1700989261,"views":3,"p1id":"hjhjaa","p2id":"xmarcospr710","formatid":"gen9nationaldex","rating":1434,"private":0,"password":""}