{"id":"gen9nationaldex-1993384753","p1":"As cheu","p2":"shuaibi Banette","format":"[Gen 9] National Dex","log":"|j|\u2606As cheu\n|j|\u2606shuaibi Banette\n|t:|1700310076\n|gametype|singles\n|player|p1|As cheu|officeworker|1524\n|player|p2|shuaibi Banette|1|1768\n|teamsize|p1|6\n|teamsize|p2|6\n|gen|9\n|tier|[Gen 9] National Dex\n|rated|\n|rule|HP Percentage Mod: HP is shown in percentages\n|rule|Endless Battle Clause: Forcing endless battles is banned\n|rule|OHKO Clause: OHKO moves are banned\n|rule|Evasion Clause: Evasion abilities, items, and moves are banned\n|rule|Evasion Abilities Clause: Evasion abilities are banned\n|rule|Evasion Items Clause: Evasion items are banned\n|rule|Evasion Moves Clause: Evasion moves are banned\n|rule|Species Clause: Limit one of each Pok\u00e9mon\n|rule|Sleep Clause Mod: Limit one foe put to sleep\n|clearpoke\n|poke|p1|Cloyster, M|\n|poke|p1|Umbreon, F|\n|poke|p1|Gardevoir, F|\n|poke|p1|Forretress, M|\n|poke|p1|Thundurus-Therian, M|\n|poke|p1|Sneasler, M|\n|poke|p2|Ting-Lu|\n|poke|p2|Tapu Lele|\n|poke|p2|Heatran, M|\n|poke|p2|Latias, F|\n|poke|p2|Weavile, F|\n|poke|p2|Tornadus-Therian, M|\n|teampreview\n|inactive|Battle timer is ON: inactive players will automatically lose when time's up. (requested by shuaibi Banette)\n|\n|t:|1700310083\n|start\n|switch|p1a: Sneasler|Sneasler, M|100\/100\n|switch|p2a: Ting-Lu|Ting-Lu|100\/100\n|-ability|p2a: Ting-Lu|Vessel of Ruin\n|turn|1\n|\n|t:|1700310089\n|move|p1a: Sneasler|Close Combat|p2a: Ting-Lu\n|-supereffective|p2a: Ting-Lu\n|-damage|p2a: Ting-Lu|29\/100\n|-unboost|p1a: Sneasler|def|1\n|-unboost|p1a: Sneasler|spd|1\n|-status|p2a: Ting-Lu|psn|[from] ability: Poison Touch|[of] p1a: Sneasler\n|move|p2a: Ting-Lu|Stealth Rock|p1a: Sneasler\n|-sidestart|p1: As cheu|move: Stealth Rock\n|\n|-heal|p2a: Ting-Lu|36\/100 psn|[from] item: Leftovers\n|-damage|p2a: Ting-Lu|23\/100 psn|[from] psn\n|upkeep\n|turn|2\n|\n|t:|1700310097\n|move|p1a: Sneasler|Close Combat|p2a: Ting-Lu\n|-supereffective|p2a: Ting-Lu\n|-damage|p2a: Ting-Lu|0 fnt\n|-unboost|p1a: Sneasler|def|1\n|-unboost|p1a: Sneasler|spd|1\n|faint|p2a: Ting-Lu\n|\n|upkeep\n|\n|t:|1700310102\n|switch|p2a: Tornadus|Tornadus-Therian, M|100\/100\n|turn|3\n|\n|t:|1700310109\n|switch|p1a: \u56e1\u56e1|Umbreon, F|100\/100\n|-damage|p1a: \u56e1\u56e1|88\/100|[from] Stealth Rock\n|move|p2a: Tornadus|Knock Off|p1a: \u56e1\u56e1\n|-resisted|p1a: \u56e1\u56e1\n|-damage|p1a: \u56e1\u56e1|82\/100\n|-enditem|p1a: \u56e1\u56e1|Leftovers|[from] move: Knock Off|[of] p2a: Tornadus\n|\n|upkeep\n|turn|4\n|\n|t:|1700310117\n|move|p2a: Tornadus|U-turn|p1a: \u56e1\u56e1\n|-supereffective|p1a: \u56e1\u56e1\n|-damage|p1a: \u56e1\u56e1|65\/100\n|\n|t:|1700310118\n|switch|p2a: Heatran|Heatran, M|100\/100|[from] U-turn\n|move|p1a: \u56e1\u56e1|Wish|p1a: \u56e1\u56e1\n|\n|upkeep\n|turn|5\n|\n|t:|1700310121\n|move|p1a: \u56e1\u56e1|Protect|p1a: \u56e1\u56e1\n|-singleturn|p1a: \u56e1\u56e1|Protect\n|move|p2a: Heatran|Magma Storm|p1a: \u56e1\u56e1\n|-activate|p1a: \u56e1\u56e1|move: Protect\n|\n|-heal|p1a: \u56e1\u56e1|100\/100|[from] move: Wish|[wisher] \u56e1\u56e1\n|upkeep\n|turn|6\n|\n|t:|1700310127\n|move|p2a: Heatran|Magma Storm|p1a: \u56e1\u56e1|[miss]\n|-miss|p2a: Heatran|p1a: \u56e1\u56e1\n|move|p1a: \u56e1\u56e1|Foul Play|p2a: Heatran\n|-damage|p2a: Heatran|80\/100\n|\n|-heal|p2a: Heatran|86\/100|[from] item: Leftovers\n|upkeep\n|turn|7\n|j| dsfjghkszbryxp\n|j| hainiumm\n|\n|t:|1700310135\n|switch|p1a: \u88d9\u4e0b\u4e4b\u81e3|Gardevoir, F, shiny|100\/100\n|-damage|p1a: \u88d9\u4e0b\u4e4b\u81e3|88\/100|[from] Stealth Rock\n|-ability|p1a: \u88d9\u4e0b\u4e4b\u81e3|Flash Fire|[from] ability: Trace|[of] p2a: Heatran\n|move|p2a: Heatran|Magma Storm|p1a: \u88d9\u4e0b\u4e4b\u81e3\n|-start|p1a: \u88d9\u4e0b\u4e4b\u81e3|ability: Flash Fire\n|\n|-heal|p2a: Heatran|92\/100|[from] item: Leftovers\n|upkeep\n|turn|8\n|\n|t:|1700310144\n|detailschange|p1a: \u88d9\u4e0b\u4e4b\u81e3|Gardevoir-Mega, F, shiny\n|-mega|p1a: \u88d9\u4e0b\u4e4b\u81e3|Gardevoir|Gardevoirite\n|-end|p1a: \u88d9\u4e0b\u4e4b\u81e3|ability: Flash Fire|[silent]\n|move|p2a: Heatran|Protect|p2a: Heatran\n|-singleturn|p2a: Heatran|Protect\n|move|p1a: \u88d9\u4e0b\u4e4b\u81e3|Focus Blast|p2a: Heatran\n|-activate|p2a: Heatran|move: Protect\n|\n|-heal|p2a: Heatran|99\/100|[from] item: Leftovers\n|upkeep\n|turn|9\n|\n|t:|1700310157\n|move|p1a: \u88d9\u4e0b\u4e4b\u81e3|Calm Mind|p1a: \u88d9\u4e0b\u4e4b\u81e3\n|-boost|p1a: \u88d9\u4e0b\u4e4b\u81e3|spa|1\n|-boost|p1a: \u88d9\u4e0b\u4e4b\u81e3|spd|1\n|move|p2a: Heatran|Magma Storm|p1a: \u88d9\u4e0b\u4e4b\u81e3\n|-damage|p1a: \u88d9\u4e0b\u4e4b\u81e3|65\/100\n|-activate|p1a: \u88d9\u4e0b\u4e4b\u81e3|move: Magma Storm|[of] p2a: Heatran\n|\n|-heal|p2a: Heatran|100\/100|[from] item: Leftovers\n|-damage|p1a: \u88d9\u4e0b\u4e4b\u81e3|53\/100|[from] move: Magma Storm|[partiallytrapped]\n|upkeep\n|turn|10\n|\n|t:|1700310165\n|move|p2a: Heatran|Protect|p2a: Heatran\n|-singleturn|p2a: Heatran|Protect\n|move|p1a: \u88d9\u4e0b\u4e4b\u81e3|Calm Mind|p1a: \u88d9\u4e0b\u4e4b\u81e3\n|-boost|p1a: \u88d9\u4e0b\u4e4b\u81e3|spa|1\n|-boost|p1a: \u88d9\u4e0b\u4e4b\u81e3|spd|1\n|\n|-damage|p1a: \u88d9\u4e0b\u4e4b\u81e3|40\/100|[from] move: Magma Storm|[partiallytrapped]\n|upkeep\n|turn|11\n|\n|t:|1700310174\n|switch|p2a: Tapu Lele|Tapu Lele|100\/100\n|-fieldstart|move: Psychic Terrain|[from] ability: Psychic Surge|[of] p2a: Tapu Lele\n|move|p1a: \u88d9\u4e0b\u4e4b\u81e3|Hyper Voice|p2a: Tapu Lele\n|-damage|p2a: Tapu Lele|0 fnt\n|faint|p2a: Tapu Lele\n|\n|-end|p1a: \u88d9\u4e0b\u4e4b\u81e3|Magma Storm|[partiallytrapped]|[silent]\n|upkeep\n|\n|t:|1700310179\n|switch|p2a: Tornadus|Tornadus-Therian, M|100\/100\n|turn|12\n|l|\u2606As cheu\n|inactive|As cheu disconnected and has a minute to reconnect!\n|player|p1|\n|j|\u2606As cheu\n|inactive|As cheu reconnected and has 120 seconds left.\n|player|p1|As cheu|officeworker\n|\n|t:|1700310219\n|move|p2a: Tornadus|Knock Off|p1a: \u88d9\u4e0b\u4e4b\u81e3\n|-damage|p1a: \u88d9\u4e0b\u4e4b\u81e3|26\/100\n|move|p1a: \u88d9\u4e0b\u4e4b\u81e3|Hyper Voice|p2a: Tornadus\n|-damage|p2a: Tornadus|0 fnt\n|faint|p2a: Tornadus\n|\n|upkeep\n|\n|t:|1700310222\n|switch|p2a: Weavile|Weavile, F|100\/100\n|-ability|p2a: Weavile|Pressure\n|turn|13\n|\n|t:|1700310225\n|move|p2a: Weavile|Triple Axel|p1a: \u88d9\u4e0b\u4e4b\u81e3\n|-damage|p1a: \u88d9\u4e0b\u4e4b\u81e3|11\/100\n|-damage|p1a: \u88d9\u4e0b\u4e4b\u81e3|0 fnt\n|faint|p1a: \u88d9\u4e0b\u4e4b\u81e3\n|-hitcount|p1: \u88d9\u4e0b\u4e4b\u81e3|2\n|\n|upkeep\n|\n|t:|1700310228\n|switch|p1a: Forretress|Forretress, M|100\/100\n|-damage|p1a: Forretress|88\/100|[from] Stealth Rock\n|turn|14\n|\n|t:|1700310230\n|switch|p2a: Heatran|Heatran, M|100\/100\n|move|p1a: Forretress|Rapid Spin|p2a: Heatran\n|-resisted|p2a: Heatran\n|-damage|p2a: Heatran|96\/100\n|-boost|p1a: Forretress|spe|1\n|-sideend|p1: As cheu|Stealth Rock|[from] move: Rapid Spin|[of] p1a: Forretress\n|\n|-heal|p2a: Heatran|100\/100|[from] item: Leftovers\n|upkeep\n|turn|15\n|\n|t:|1700310233\n|-terastallize|p1a: Forretress|Fire\n|move|p2a: Heatran|Magma Storm|p1a: Forretress\n|-resisted|p1a: Forretress\n|-crit|p1a: Forretress\n|-damage|p1a: Forretress|52\/100\n|-activate|p1a: Forretress|move: Magma Storm|[of] p2a: Heatran\n|move|p1a: Forretress|Earthquake|p2a: Heatran\n|-supereffective|p2a: Heatran\n|-damage|p2a: Heatran|30\/100\n|\n|-heal|p2a: Heatran|36\/100|[from] item: Leftovers\n|-damage|p1a: Forretress|39\/100|[from] move: Magma Storm|[partiallytrapped]\n|-fieldend|move: Psychic Terrain\n|upkeep\n|turn|16\n|\n|t:|1700310240\n|move|p2a: Heatran|Protect|p2a: Heatran\n|-singleturn|p2a: Heatran|Protect\n|move|p1a: Forretress|Stealth Rock|p2a: Heatran\n|-sidestart|p2: shuaibi Banette|move: Stealth Rock\n|\n|-heal|p2a: Heatran|42\/100|[from] item: Leftovers\n|-damage|p1a: Forretress|27\/100|[from] move: Magma Storm|[partiallytrapped]\n|upkeep\n|turn|17\n|\n|t:|1700310263\n|move|p2a: Heatran|Earth Power|p1a: Forretress\n|-supereffective|p1a: Forretress\n|-damage|p1a: Forretress|0 fnt\n|faint|p1a: Forretress\n|\n|-heal|p2a: Heatran|49\/100|[from] item: Leftovers\n|upkeep\n|\n|t:|1700310277\n|switch|p1a: Thundurus|Thundurus-Therian, M|100\/100\n|turn|18\n|\n|t:|1700310280\n|move|p2a: Heatran|Protect|p2a: Heatran\n|-singleturn|p2a: Heatran|Protect\n|move|p1a: Thundurus|Nasty Plot|p1a: Thundurus\n|-boost|p1a: Thundurus|spa|2\n|\n|-heal|p2a: Heatran|55\/100|[from] item: Leftovers\n|upkeep\n|turn|19\n|\n|t:|1700310285\n|move|p1a: Thundurus|Thunderbolt|p2a: Heatran\n|-damage|p2a: Heatran|0 fnt\n|faint|p2a: Heatran\n|\n|upkeep\n|j| kingambit player\n|\n|t:|1700310287\n|switch|p2a: Weavile|Weavile, F|100\/100\n|-damage|p2a: Weavile|76\/100|[from] Stealth Rock\n|-ability|p2a: Weavile|Pressure\n|turn|20\n|\n|t:|1700310291\n|switch|p1a: \u56e1\u56e1|Umbreon, F|100\/100\n|move|p2a: Weavile|Triple Axel|p1a: \u56e1\u56e1\n|-damage|p1a: \u56e1\u56e1|92\/100\n|-damage|p1a: \u56e1\u56e1|74\/100\n|-damage|p1a: \u56e1\u56e1|46\/100\n|-hitcount|p1a: \u56e1\u56e1|3\n|\n|upkeep\n|turn|21\n|\n|t:|1700310300\n|move|p2a: Weavile|Triple Axel|p1a: \u56e1\u56e1\n|-damage|p1a: \u56e1\u56e1|37\/100\n|-damage|p1a: \u56e1\u56e1|20\/100\n|-damage|p1a: \u56e1\u56e1|0 fnt\n|faint|p1a: \u56e1\u56e1\n|-hitcount|p1: \u56e1\u56e1|3\n|\n|upkeep\n|\n|t:|1700310303\n|switch|p1a: \u9b3c\u65af|Cloyster, M|100\/100\n|turn|22\n|\n|t:|1700310305\n|move|p2a: Weavile|Triple Axel|p1a: \u9b3c\u65af\n|-resisted|p1a: \u9b3c\u65af\n|-damage|p1a: \u9b3c\u65af|98\/100\n|-resisted|p1a: \u9b3c\u65af\n|-damage|p1a: \u9b3c\u65af|91\/100\n|-resisted|p1a: \u9b3c\u65af\n|-damage|p1a: \u9b3c\u65af|83\/100\n|-hitcount|p1a: \u9b3c\u65af|3\n|move|p1a: \u9b3c\u65af|Shell Smash|p1a: \u9b3c\u65af\n|-unboost|p1a: \u9b3c\u65af|def|1\n|-unboost|p1a: \u9b3c\u65af|spd|1\n|-boost|p1a: \u9b3c\u65af|atk|2\n|-boost|p1a: \u9b3c\u65af|spa|2\n|-boost|p1a: \u9b3c\u65af|spe|2\n|\n|upkeep\n|turn|23\n|\n|t:|1700310311\n|move|p1a: \u9b3c\u65af|Shell Smash|p1a: \u9b3c\u65af\n|-unboost|p1a: \u9b3c\u65af|def|1\n|-unboost|p1a: \u9b3c\u65af|spd|1\n|-boost|p1a: \u9b3c\u65af|atk|2\n|-boost|p1a: \u9b3c\u65af|spa|2\n|-boost|p1a: \u9b3c\u65af|spe|2\n|move|p2a: Weavile|Triple Axel|p1a: \u9b3c\u65af\n|-resisted|p1a: \u9b3c\u65af\n|-damage|p1a: \u9b3c\u65af|76\/100\n|-resisted|p1a: \u9b3c\u65af\n|-damage|p1a: \u9b3c\u65af|64\/100\n|-resisted|p1a: \u9b3c\u65af\n|-damage|p1a: \u9b3c\u65af|44\/100\n|-hitcount|p1a: \u9b3c\u65af|3\n|\n|upkeep\n|turn|24\n|\n|t:|1700310314\n|move|p1a: \u9b3c\u65af|Icicle Spear|p2a: Weavile\n|-resisted|p2a: Weavile\n|-damage|p2a: Weavile|47\/100\n|-resisted|p2a: Weavile\n|-damage|p2a: Weavile|18\/100\n|-resisted|p2a: Weavile\n|-damage|p2a: Weavile|0 fnt\n|faint|p2a: Weavile\n|-hitcount|p2: Weavile|3\n|\n|upkeep\n|-message|shuaibi Banette forfeited.\n|\n|win|As cheu\n|raw|As cheu's rating: 1524 &rarr; <strong>1556<\/strong><br \/>(+32 for winning)\n|raw|shuaibi Banette's rating: 1768 &rarr; <strong>1736<\/strong><br \/>(-32 for losing)\n|l|\u2606shuaibi Banette\n|l| dsfjghkszbryxp\n","uploadtime":1700310326,"views":10,"p1id":"ascheu","p2id":"shuaibibanette","formatid":"gen9nationaldex","rating":1556,"private":0,"password":""}