{"id":"gen9nationaldex-1997966886","p1":"Alvin Shire","p2":"XYAegislashine.\u9b3c\u5251\u4fa0","format":"[Gen 9] National Dex","log":"|html|<div class=\"broadcast-blue\"><strong>[Gen 9] National Dex is currently suspecting Sneasler! For information on how to participate check out the <a href=\"https:\/\/www.smogon.com\/forums\/threads\/sv-national-dex-suspect-8-just-dance.3731534\/\">suspect thread<\/a>.<\/strong><\/div>\n|j|\u203dAlvin Shire\n|j|\u2606XYAegislashine.\u9b3c\u5251\u4fa0\n|t:|1700873214\n|gametype|singles\n|player|p1|Alvin Shire|lady-gen4|1231\n|player|p2|XYAegislashine.\u9b3c\u5251\u4fa0|psychic-lgpe|1189\n|teamsize|p1|6\n|teamsize|p2|6\n|gen|9\n|tier|[Gen 9] National Dex\n|rated|\n|rule|HP Percentage Mod: HP is shown in percentages\n|rule|Endless Battle Clause: Forcing endless battles is banned\n|rule|OHKO Clause: OHKO moves are banned\n|rule|Evasion Clause: Evasion abilities, items, and moves are banned\n|rule|Evasion Abilities Clause: Evasion abilities are banned\n|rule|Evasion Items Clause: Evasion items are banned\n|rule|Evasion Moves Clause: Evasion moves are banned\n|rule|Species Clause: Limit one of each Pok\u00e9mon\n|rule|Sleep Clause Mod: Limit one foe put to sleep\n|clearpoke\n|poke|p1|Dragonite, M|\n|poke|p1|Zapdos|\n|poke|p1|Urshifu-*, M|\n|poke|p1|Charizard, M|\n|poke|p1|Rillaboom, F|\n|poke|p1|Landorus-Therian, M|\n|poke|p2|Gliscor, F|\n|poke|p2|Dondozo, M|\n|poke|p2|Aegislash, M|\n|poke|p2|Ampharos, F|\n|poke|p2|Chansey, F|\n|poke|p2|Tornadus-Therian, M|\n|teampreview\n|inactive|Battle timer is ON: inactive players will automatically lose when time's up. (requested by Alvin Shire)\n|c|\u2606XYAegislashine.\u9b3c\u5251\u4fa0|gl hf\n|\n|t:|1700873223\n|start\n|switch|p1a: Landorus|Landorus-Therian, M|100\/100\n|switch|p2a: Tornadus|Tornadus-Therian, M, shiny|100\/100\n|-ability|p1a: Landorus|Intimidate|boost\n|-unboost|p2a: Tornadus|atk|1\n|turn|1\n|\n|t:|1700873229\n|move|p2a: Tornadus|Toxic|p1a: Landorus\n|-status|p1a: Landorus|tox\n|move|p1a: Landorus|Knock Off|p2a: Tornadus\n|-damage|p2a: Tornadus|68\/100\n|-enditem|p2a: Tornadus|Heavy-Duty Boots|[from] move: Knock Off|[of] p1a: Landorus\n|\n|-damage|p1a: Landorus|94\/100 tox|[from] psn\n|upkeep\n|turn|2\n|\n|t:|1700873236\n|move|p2a: Tornadus|Knock Off|p1a: Landorus\n|-damage|p1a: Landorus|85\/100 tox\n|-enditem|p1a: Landorus|Leftovers|[from] move: Knock Off|[of] p2a: Tornadus\n|move|p1a: Landorus|Stealth Rock|p2a: Tornadus\n|-sidestart|p2: XYAegislashine.\u9b3c\u5251\u4fa0|move: Stealth Rock\n|\n|-damage|p1a: Landorus|73\/100 tox|[from] psn\n|upkeep\n|turn|3\n|\n|t:|1700873241\n|move|p2a: Tornadus|U-turn|p1a: Landorus\n|-resisted|p1a: Landorus\n|-damage|p1a: Landorus|70\/100 tox\n|\n|t:|1700873243\n|switch|p2a: Gliscor|Gliscor, F, shiny|100\/100|[from] U-turn\n|-damage|p2a: Gliscor|88\/100|[from] Stealth Rock\n|move|p1a: Landorus|U-turn|p2a: Gliscor\n|-resisted|p2a: Gliscor\n|-damage|p2a: Gliscor|80\/100\n|\n|t:|1700873252\n|switch|p1a: Urshifu|Urshifu-Rapid-Strike, M|100\/100|[from] U-turn\n|\n|-status|p2a: Gliscor|tox|[from] item: Toxic Orb\n|upkeep\n|turn|4\n|\n|t:|1700873257\n|switch|p2a: Dondozo|Dondozo, M, shiny|100\/100\n|-damage|p2a: Dondozo|88\/100|[from] Stealth Rock\n|move|p1a: Urshifu|Surging Strikes|p2a: Dondozo\n|-resisted|p2a: Dondozo\n|-crit|p2a: Dondozo\n|-damage|p2a: Dondozo|83\/100\n|-resisted|p2a: Dondozo\n|-crit|p2a: Dondozo\n|-damage|p2a: Dondozo|78\/100\n|-resisted|p2a: Dondozo\n|-crit|p2a: Dondozo\n|-damage|p2a: Dondozo|73\/100\n|-hitcount|p2a: Dondozo|3\n|\n|-heal|p2a: Dondozo|79\/100|[from] item: Leftovers\n|upkeep\n|turn|5\n|\n|t:|1700873282\n|switch|p2a: Ampharos|Ampharos, F, shiny|100\/100\n|-damage|p2a: Ampharos|88\/100|[from] Stealth Rock\n|move|p1a: Urshifu|Close Combat|p2a: Ampharos\n|-damage|p2a: Ampharos|22\/100\n|-unboost|p1a: Urshifu|def|1\n|-unboost|p1a: Urshifu|spd|1\n|\n|upkeep\n|turn|6\n|\n|t:|1700873297\n|switch|p2a: Dondozo|Dondozo, M, shiny|79\/100\n|-damage|p2a: Dondozo|67\/100|[from] Stealth Rock\n|move|p1a: Urshifu|Surging Strikes|p2a: Dondozo\n|-resisted|p2a: Dondozo\n|-crit|p2a: Dondozo\n|-damage|p2a: Dondozo|62\/100\n|-resisted|p2a: Dondozo\n|-crit|p2a: Dondozo\n|-damage|p2a: Dondozo|56\/100\n|-resisted|p2a: Dondozo\n|-crit|p2a: Dondozo\n|-damage|p2a: Dondozo|51\/100\n|-hitcount|p2a: Dondozo|3\n|\n|-heal|p2a: Dondozo|57\/100|[from] item: Leftovers\n|upkeep\n|turn|7\n|\n|t:|1700873307\n|move|p1a: Urshifu|U-turn|p2a: Dondozo\n|-damage|p2a: Dondozo|47\/100\n|\n|t:|1700873310\n|switch|p1a: Rillaboom|Rillaboom, F|100\/100|[from] U-turn\n|-fieldstart|move: Grassy Terrain|[from] ability: Grassy Surge|[of] p1a: Rillaboom\n|move|p2a: Dondozo|Rest|p2a: Dondozo\n|-status|p2a: Dondozo|slp|[from] move: Rest\n|-heal|p2a: Dondozo|100\/100 slp|[silent]\n|\n|upkeep\n|turn|8\n|\n|t:|1700873325\n|switch|p2a: Aegislash|Aegislash, M, shiny|100\/100\n|-damage|p2a: Aegislash|94\/100|[from] Stealth Rock\n|move|p1a: Rillaboom|Knock Off|p2a: Aegislash\n|-supereffective|p2a: Aegislash\n|-damage|p2a: Aegislash|33\/100\n|-enditem|p2a: Aegislash|Leftovers|[from] move: Knock Off|[of] p1a: Rillaboom\n|\n|-heal|p2a: Aegislash|39\/100|[from] Grassy Terrain\n|upkeep\n|turn|9\n|\n|t:|1700873338\n|move|p2a: Aegislash|King's Shield|p2a: Aegislash\n|-singleturn|p2a: Aegislash|Protect\n|move|p1a: Rillaboom|Grassy Glide|p2a: Aegislash\n|-activate|p2a: Aegislash|move: Protect\n|-unboost|p1a: Rillaboom|atk|1\n|\n|-heal|p2a: Aegislash|46\/100|[from] Grassy Terrain\n|upkeep\n|turn|10\n|\n|t:|1700873352\n|move|p1a: Rillaboom|U-turn|p2a: Aegislash\n|-resisted|p2a: Aegislash\n|-damage|p2a: Aegislash|42\/100\n|\n|t:|1700873358\n|switch|p1a: Landorus|Landorus-Therian, M|70\/100 tox|[from] U-turn\n|-ability|p1a: Landorus|Intimidate|boost\n|-unboost|p2a: Aegislash|atk|1\n|move|p2a: Aegislash|Toxic|p1a: Landorus\n|-fail|p1a: Landorus|tox\n|\n|-heal|p2a: Aegislash|48\/100|[from] Grassy Terrain\n|-damage|p1a: Landorus|64\/100 tox|[from] psn\n|upkeep\n|turn|11\n|\n|t:|1700873364\n|move|p2a: Aegislash|King's Shield|p2a: Aegislash\n|-singleturn|p2a: Aegislash|Protect\n|move|p1a: Landorus|Earthquake|p2a: Aegislash\n|-activate|p2a: Aegislash|move: Protect\n|\n|-heal|p2a: Aegislash|54\/100|[from] Grassy Terrain\n|-damage|p1a: Landorus|52\/100 tox|[from] psn\n|-fieldend|move: Grassy Terrain\n|upkeep\n|turn|12\n|\n|t:|1700873370\n|switch|p2a: Gliscor|Gliscor, F, shiny|80\/100 tox\n|-damage|p2a: Gliscor|67\/100 tox|[from] Stealth Rock\n|move|p1a: Landorus|Earthquake|p2a: Gliscor\n|-immune|p2a: Gliscor\n|\n|-heal|p2a: Gliscor|80\/100 tox|[from] ability: Poison Heal\n|-damage|p1a: Landorus|34\/100 tox|[from] psn\n|upkeep\n|turn|13\n|\n|t:|1700873382\n|move|p2a: Gliscor|Defog|p1a: Landorus\n|-unboost|p1a: Landorus|evasion|1\n|-sideend|p2: XYAegislashine.\u9b3c\u5251\u4fa0|Stealth Rock|[from] move: Defog|[of] p2a: Gliscor\n|move|p1a: Landorus|U-turn|p2a: Gliscor\n|-resisted|p2a: Gliscor\n|-damage|p2a: Gliscor|71\/100 tox\n|\n|t:|1700873388\n|switch|p1a: Urshifu|Urshifu-Rapid-Strike, M|100\/100|[from] U-turn\n|\n|-heal|p2a: Gliscor|83\/100 tox|[from] ability: Poison Heal\n|upkeep\n|turn|14\n|\n|t:|1700873391\n|switch|p2a: Dondozo|Dondozo, M, shiny|100\/100 slp\n|move|p1a: Urshifu|Surging Strikes|p2a: Dondozo\n|-resisted|p2a: Dondozo\n|-crit|p2a: Dondozo\n|-damage|p2a: Dondozo|96\/100 slp\n|-resisted|p2a: Dondozo\n|-crit|p2a: Dondozo\n|-damage|p2a: Dondozo|91\/100 slp\n|-resisted|p2a: Dondozo\n|-crit|p2a: Dondozo\n|-damage|p2a: Dondozo|86\/100 slp\n|-hitcount|p2a: Dondozo|3\n|\n|-heal|p2a: Dondozo|92\/100 slp|[from] item: Leftovers\n|upkeep\n|turn|15\n|\n|t:|1700873413\n|move|p1a: Urshifu|U-turn|p2a: Dondozo\n|-damage|p2a: Dondozo|81\/100 slp\n|\n|t:|1700873419\n|switch|p1a: Zapdos|Zapdos|100\/100|[from] U-turn\n|cant|p2a: Dondozo|slp\n|move|p2a: Dondozo|Sleep Talk|p2a: Dondozo\n|move|p2a: Dondozo|Curse|p2a: Dondozo|[from]move: Sleep Talk\n|-unboost|p2a: Dondozo|spe|1\n|-boost|p2a: Dondozo|atk|1\n|-boost|p2a: Dondozo|def|1\n|\n|-heal|p2a: Dondozo|87\/100 slp|[from] item: Leftovers\n|upkeep\n|turn|16\n|\n|t:|1700873433\n|switch|p2a: Chansey|Chansey, F, shiny|100\/100\n|move|p1a: Zapdos|Volt Switch|p2a: Chansey\n|-damage|p2a: Chansey|90\/100\n|inactive|Alvin Shire has 120 seconds left.\n|\n|t:|1700873452\n|switch|p1a: Urshifu|Urshifu-Rapid-Strike, M|100\/100|[from] Volt Switch\n|\n|upkeep\n|turn|17\n|\n|t:|1700873462\n|switch|p2a: Dondozo|Dondozo, M, shiny|87\/100 slp\n|move|p1a: Urshifu|Close Combat|p2a: Dondozo\n|-damage|p2a: Dondozo|61\/100 slp\n|-unboost|p1a: Urshifu|def|1\n|-unboost|p1a: Urshifu|spd|1\n|\n|-heal|p2a: Dondozo|67\/100 slp|[from] item: Leftovers\n|upkeep\n|turn|18\n|\n|t:|1700873474\n|move|p1a: Urshifu|U-turn|p2a: Dondozo\n|-damage|p2a: Dondozo|57\/100 slp\n|\n|t:|1700873480\n|switch|p1a: Dragonite|Dragonite, M|100\/100|[from] U-turn\n|cant|p2a: Dondozo|slp\n|move|p2a: Dondozo|Sleep Talk|p2a: Dondozo\n|move|p2a: Dondozo|Curse|p2a: Dondozo|[from]move: Sleep Talk\n|-unboost|p2a: Dondozo|spe|1\n|-boost|p2a: Dondozo|atk|1\n|-boost|p2a: Dondozo|def|1\n|\n|-heal|p2a: Dondozo|63\/100 slp|[from] item: Leftovers\n|upkeep\n|turn|19\n|inactive|Alvin Shire has 120 seconds left.\n|\n|t:|1700873501\n|switch|p1a: Zapdos|Zapdos|100\/100\n|-curestatus|p2a: Dondozo|slp|[msg]\n|move|p2a: Dondozo|Liquidation|p1a: Zapdos\n|-damage|p1a: Zapdos|50\/100\n|\n|-heal|p2a: Dondozo|69\/100|[from] item: Leftovers\n|upkeep\n|turn|20\n|inactive|Alvin Shire has 120 seconds left.\n|\n|t:|1700873514\n|-terastallize|p2a: Dondozo|Dragon\n|move|p1a: Zapdos|Volt Switch|p2a: Dondozo\n|-resisted|p2a: Dondozo\n|-damage|p2a: Dondozo|53\/100\n|inactive|Alvin Shire has 120 seconds left.\n|\n|t:|1700873525\n|switch|p1a: Rillaboom|Rillaboom, F|100\/100|[from] Volt Switch\n|-fieldstart|move: Grassy Terrain|[from] ability: Grassy Surge|[of] p1a: Rillaboom\n|move|p2a: Dondozo|Liquidation|p1a: Rillaboom\n|-resisted|p1a: Rillaboom\n|-damage|p1a: Rillaboom|78\/100\n|\n|-heal|p1a: Rillaboom|85\/100|[from] Grassy Terrain\n|-heal|p1a: Rillaboom|91\/100|[from] item: Leftovers\n|-heal|p2a: Dondozo|60\/100|[from] Grassy Terrain\n|-heal|p2a: Dondozo|66\/100|[from] item: Leftovers\n|upkeep\n|turn|21\n|inactive|Alvin Shire has 120 seconds left.\n|\n|t:|1700873536\n|move|p1a: Rillaboom|Knock Off|p2a: Dondozo\n|-crit|p2a: Dondozo\n|-damage|p2a: Dondozo|40\/100\n|-enditem|p2a: Dondozo|Leftovers|[from] move: Knock Off|[of] p1a: Rillaboom\n|move|p2a: Dondozo|Curse|p2a: Dondozo\n|-unboost|p2a: Dondozo|spe|1\n|-boost|p2a: Dondozo|atk|1\n|-boost|p2a: Dondozo|def|1\n|\n|-heal|p1a: Rillaboom|97\/100|[from] Grassy Terrain\n|-heal|p1a: Rillaboom|100\/100|[from] item: Leftovers\n|-heal|p2a: Dondozo|46\/100|[from] Grassy Terrain\n|upkeep\n|turn|22\n|inactive|Alvin Shire has 120 seconds left.\n|\n|t:|1700873549\n|move|p1a: Rillaboom|U-turn|p2a: Dondozo\n|-damage|p2a: Dondozo|40\/100\n|\n|t:|1700873571\n|switch|p1a: Landorus|Landorus-Therian, M|34\/100 tox|[from] U-turn\n|-ability|p1a: Landorus|Intimidate|boost\n|-unboost|p2a: Dondozo|atk|1\n|move|p2a: Dondozo|Rest|p2a: Dondozo\n|-status|p2a: Dondozo|slp|[from] move: Rest\n|-heal|p2a: Dondozo|100\/100 slp|[silent]\n|\n|-damage|p1a: Landorus|28\/100 tox|[from] psn\n|upkeep\n|turn|23\n|\n|t:|1700873581\n|move|p1a: Landorus|Stealth Rock|p2a: Dondozo\n|-sidestart|p2: XYAegislashine.\u9b3c\u5251\u4fa0|move: Stealth Rock\n|cant|p2a: Dondozo|slp\n|move|p2a: Dondozo|Sleep Talk|p2a: Dondozo\n|move|p2a: Dondozo|Liquidation|p1a: Landorus|[from]move: Sleep Talk\n|-supereffective|p1a: Landorus\n|-damage|p1a: Landorus|0 fnt\n|faint|p1a: Landorus\n|\n|upkeep\n|\n|t:|1700873588\n|switch|p1a: Zapdos|Zapdos|50\/100\n|turn|24\n|\n|t:|1700873594\n|move|p1a: Zapdos|Roost|p1a: Zapdos\n|-heal|p1a: Zapdos|99\/100\n|-singleturn|p1a: Zapdos|move: Roost\n|cant|p2a: Dondozo|slp\n|move|p2a: Dondozo|Sleep Talk|p2a: Dondozo\n|move|p2a: Dondozo|Rest||[from]move: Sleep Talk|[still]\n|-fail|p2a: Dondozo\n|\n|-heal|p1a: Zapdos|100\/100|[from] Grassy Terrain\n|-fieldend|move: Grassy Terrain\n|upkeep\n|turn|25\n|\n|t:|1700873601\n|-curestatus|p2a: Dondozo|slp|[msg]\n|move|p2a: Dondozo|Curse|p2a: Dondozo\n|-unboost|p2a: Dondozo|spe|1\n|-boost|p2a: Dondozo|atk|1\n|-boost|p2a: Dondozo|def|1\n|move|p1a: Zapdos|Whirlwind|p2a: Dondozo\n|drag|p2a: Gliscor|Gliscor, F, shiny|83\/100 tox\n|-damage|p2a: Gliscor|71\/100 tox|[from] Stealth Rock\n|\n|-heal|p2a: Gliscor|83\/100 tox|[from] ability: Poison Heal\n|upkeep\n|turn|26\n|inactive|Alvin Shire has 90 seconds left.\n|\n|t:|1700873634\n|-terastallize|p1a: Zapdos|Steel\n|move|p2a: Gliscor|Toxic|p1a: Zapdos\n|-immune|p1a: Zapdos\n|move|p1a: Zapdos|Whirlwind|p2a: Gliscor\n|drag|p2a: Chansey|Chansey, F, shiny|90\/100\n|-damage|p2a: Chansey|78\/100|[from] Stealth Rock\n|\n|upkeep\n|turn|27\n|inactive|Alvin Shire has 90 seconds left.\n|\n|t:|1700873645\n|move|p1a: Zapdos|Volt Switch|p2a: Chansey\n|-damage|p2a: Chansey|68\/100\n|\n|t:|1700873649\n|switch|p1a: Rillaboom|Rillaboom, F|100\/100|[from] Volt Switch\n|-fieldstart|move: Grassy Terrain|[from] ability: Grassy Surge|[of] p1a: Rillaboom\n|move|p2a: Chansey|Wish|p2a: Chansey\n|\n|-heal|p2a: Chansey|74\/100|[from] Grassy Terrain\n|upkeep\n|turn|28\n|\n|t:|1700873660\n|switch|p2a: Dondozo|Dondozo, M, shiny, tera:Dragon|100\/100\n|-damage|p2a: Dondozo|88\/100|[from] Stealth Rock\n|move|p1a: Rillaboom|Knock Off|p2a: Dondozo\n|-damage|p2a: Dondozo|76\/100\n|\n|-heal|p2a: Dondozo|100\/100|[from] move: Wish|[wisher] Chansey\n|upkeep\n|turn|29\n|inactive|Alvin Shire has 90 seconds left.\n|\n|t:|1700873682\n|move|p1a: Rillaboom|U-turn|p2a: Dondozo\n|-damage|p2a: Dondozo|89\/100\n|\n|t:|1700873708\n|switch|p1a: Dragonite|Dragonite, M|100\/100|[from] U-turn\n|move|p2a: Dondozo|Curse|p2a: Dondozo\n|-unboost|p2a: Dondozo|spe|1\n|-boost|p2a: Dondozo|atk|1\n|-boost|p2a: Dondozo|def|1\n|\n|-heal|p2a: Dondozo|95\/100|[from] Grassy Terrain\n|upkeep\n|turn|30\n|inactive|Alvin Shire has 60 seconds left.\n|inactive|Alvin Shire has 30 seconds left.\n|\n|t:|1700873753\n|switch|p1a: Rillaboom|Rillaboom, F|100\/100\n|move|p2a: Dondozo|Rest|p2a: Dondozo\n|-status|p2a: Dondozo|slp|[from] move: Rest\n|-heal|p2a: Dondozo|100\/100 slp|[silent]\n|\n|upkeep\n|turn|31\n|\n|t:|1700873760\n|move|p1a: Rillaboom|U-turn|p2a: Dondozo\n|-damage|p2a: Dondozo|93\/100 slp\n|\n|t:|1700873765\n|switch|p1a: Zapdos|Zapdos, tera:Steel|100\/100|[from] U-turn\n|cant|p2a: Dondozo|slp\n|move|p2a: Dondozo|Sleep Talk|p2a: Dondozo\n|move|p2a: Dondozo|Curse|p2a: Dondozo|[from]move: Sleep Talk\n|-unboost|p2a: Dondozo|spe|1\n|-boost|p2a: Dondozo|atk|1\n|-boost|p2a: Dondozo|def|1\n|\n|-heal|p2a: Dondozo|99\/100 slp|[from] Grassy Terrain\n|-fieldend|move: Grassy Terrain\n|upkeep\n|turn|32\n|\n|t:|1700873772\n|cant|p2a: Dondozo|slp\n|move|p2a: Dondozo|Sleep Talk|p2a: Dondozo\n|move|p2a: Dondozo|Curse|p2a: Dondozo|[from]move: Sleep Talk\n|-unboost|p2a: Dondozo|spe|1\n|-boost|p2a: Dondozo|atk|1\n|-boost|p2a: Dondozo|def|1\n|move|p1a: Zapdos|Whirlwind|p2a: Dondozo\n|drag|p2a: Chansey|Chansey, F, shiny|74\/100\n|-damage|p2a: Chansey|62\/100|[from] Stealth Rock\n|\n|upkeep\n|turn|33\n|\n|t:|1700873786\n|move|p1a: Zapdos|Volt Switch|p2a: Chansey\n|-damage|p2a: Chansey|51\/100\n|\n|t:|1700873790\n|switch|p1a: Charizard|Charizard, M|100\/100|[from] Volt Switch\n|move|p2a: Chansey|Soft-Boiled|p2a: Chansey\n|-heal|p2a: Chansey|100\/100\n|\n|upkeep\n|turn|34\n|\n|t:|1700873798\n|detailschange|p1a: Charizard|Charizard-Mega-Y, M\n|-mega|p1a: Charizard|Charizard|Charizardite Y\n|-weather|SunnyDay|[from] ability: Drought|[of] p1a: Charizard\n|move|p1a: Charizard|Flamethrower|p2a: Chansey\n|-damage|p2a: Chansey|74\/100\n|move|p2a: Chansey|Toxic|p1a: Charizard\n|-status|p1a: Charizard|tox\n|\n|-weather|SunnyDay|[upkeep]\n|-damage|p1a: Charizard|94\/100 tox|[from] psn\n|upkeep\n|turn|35\n|inactive|Alvin Shire has 60 seconds left.\n|\n|t:|1700873827\n|switch|p1a: Urshifu|Urshifu-Rapid-Strike, M|100\/100\n|move|p2a: Chansey|Soft-Boiled|p2a: Chansey\n|-heal|p2a: Chansey|100\/100\n|\n|-weather|SunnyDay|[upkeep]\n|upkeep\n|turn|36\n|\n|t:|1700873846\n|switch|p2a: Ampharos|Ampharos, F, shiny|22\/100\n|-damage|p2a: Ampharos|10\/100|[from] Stealth Rock\n|move|p1a: Urshifu|Swords Dance|p1a: Urshifu\n|-boost|p1a: Urshifu|atk|2\n|\n|-weather|SunnyDay|[upkeep]\n|upkeep\n|turn|37\n|\n|t:|1700873855\n|move|p1a: Urshifu|Surging Strikes|p2a: Ampharos\n|-crit|p2a: Ampharos\n|-damage|p2a: Ampharos|0 fnt\n|faint|p2a: Ampharos\n|-hitcount|p2: Ampharos|1\n|\n|-weather|SunnyDay|[upkeep]\n|upkeep\n|\n|t:|1700873858\n|switch|p2a: Dondozo|Dondozo, M, shiny, tera:Dragon|99\/100 slp\n|-damage|p2a: Dondozo|87\/100 slp|[from] Stealth Rock\n|turn|38\n|\n|t:|1700873866\n|move|p1a: Urshifu|Surging Strikes|p2a: Dondozo\n|-resisted|p2a: Dondozo\n|-crit|p2a: Dondozo\n|-damage|p2a: Dondozo|85\/100 slp\n|-resisted|p2a: Dondozo\n|-crit|p2a: Dondozo\n|-damage|p2a: Dondozo|82\/100 slp\n|-resisted|p2a: Dondozo\n|-crit|p2a: Dondozo\n|-damage|p2a: Dondozo|80\/100 slp\n|-hitcount|p2a: Dondozo|3\n|-curestatus|p2a: Dondozo|slp|[msg]\n|move|p2a: Dondozo|Curse|p2a: Dondozo\n|-unboost|p2a: Dondozo|spe|1\n|-boost|p2a: Dondozo|atk|1\n|-boost|p2a: Dondozo|def|1\n|\n|-weather|none\n|upkeep\n|turn|39\n|inactive|Alvin Shire has 60 seconds left.\n|\n|t:|1700873889\n|move|p1a: Urshifu|U-turn|p2a: Dondozo\n|-damage|p2a: Dondozo|73\/100\n|\n|t:|1700873899\n|switch|p1a: Charizard|Charizard-Mega-Y, M|94\/100 tox|[from] U-turn\n|-weather|SunnyDay|[from] ability: Drought|[of] p1a: Charizard\n|move|p2a: Dondozo|Liquidation|p1a: Charizard\n|-supereffective|p1a: Charizard\n|-damage|p1a: Charizard|37\/100 tox\n|\n|-weather|SunnyDay|[upkeep]\n|-damage|p1a: Charizard|31\/100 tox|[from] psn\n|upkeep\n|turn|40\n|\n|t:|1700873907\n|move|p1a: Charizard|Air Slash|p2a: Dondozo\n|-damage|p2a: Dondozo|29\/100\n|cant|p2a: Dondozo|flinch\n|\n|-weather|SunnyDay|[upkeep]\n|-damage|p1a: Charizard|19\/100 tox|[from] psn\n|upkeep\n|turn|41\n|\n|t:|1700873914\n|switch|p2a: Chansey|Chansey, F, shiny|100\/100\n|-damage|p2a: Chansey|88\/100|[from] Stealth Rock\n|move|p1a: Charizard|Air Slash|p2a: Chansey\n|-damage|p2a: Chansey|74\/100\n|\n|-weather|SunnyDay|[upkeep]\n|-damage|p1a: Charizard|1\/100 tox|[from] psn\n|upkeep\n|turn|42\n|inactive|Alvin Shire has 60 seconds left.\n|\n|t:|1700873932\n|move|p1a: Charizard|Roost|p1a: Charizard\n|-heal|p1a: Charizard|51\/100 tox\n|-singleturn|p1a: Charizard|move: Roost\n|move|p2a: Chansey|Wish|p2a: Chansey\n|\n|-weather|SunnyDay|[upkeep]\n|-damage|p1a: Charizard|27\/100 tox|[from] psn\n|upkeep\n|turn|43\n|\n|t:|1700873957\n|switch|p1a: Zapdos|Zapdos, tera:Steel|100\/100\n|move|p2a: Chansey|Seismic Toss|p1a: Zapdos\n|-damage|p1a: Zapdos|71\/100\n|\n|-weather|none\n|-heal|p2a: Chansey|100\/100|[from] move: Wish|[wisher] Chansey\n|upkeep\n|turn|44\n|\n|t:|1700873971\n|move|p1a: Zapdos|Volt Switch|p2a: Chansey\n|-damage|p2a: Chansey|91\/100\n|\n|t:|1700873976\n|switch|p1a: Urshifu|Urshifu-Rapid-Strike, M|100\/100|[from] Volt Switch\n|move|p2a: Chansey|Wish|p2a: Chansey\n|\n|upkeep\n|turn|45\n|inactive|Alvin Shire has 60 seconds left.\n|\n|t:|1700873992\n|switch|p2a: Tornadus|Tornadus-Therian, M, shiny|100\/100\n|-damage|p2a: Tornadus|76\/100|[from] Stealth Rock\n|move|p1a: Urshifu|Close Combat|p2a: Tornadus\n|-resisted|p2a: Tornadus\n|-damage|p2a: Tornadus|39\/100\n|-unboost|p1a: Urshifu|def|1\n|-unboost|p1a: Urshifu|spd|1\n|\n|-heal|p2a: Tornadus|100\/100|[from] move: Wish|[wisher] Chansey\n|upkeep\n|turn|46\n|inactive|Alvin Shire has 60 seconds left.\n|\n|t:|1700874014\n|switch|p1a: Zapdos|Zapdos, tera:Steel|71\/100\n|move|p2a: Tornadus|Hurricane|p1a: Zapdos\n|-resisted|p1a: Zapdos\n|-damage|p1a: Zapdos|49\/100\n|\n|upkeep\n|turn|47\n|\n|t:|1700874025\n|switch|p2a: Chansey|Chansey, F, shiny|91\/100\n|-damage|p2a: Chansey|78\/100|[from] Stealth Rock\n|move|p1a: Zapdos|Roost|p1a: Zapdos\n|-heal|p1a: Zapdos|99\/100\n|\n|upkeep\n|turn|48\n|inactive|Alvin Shire has 60 seconds left.\n|\n|t:|1700874046\n|switch|p2a: Gliscor|Gliscor, F, shiny|83\/100 tox\n|-damage|p2a: Gliscor|71\/100 tox|[from] Stealth Rock\n|move|p1a: Zapdos|Volt Switch|p2a: Gliscor\n|-immune|p2a: Gliscor\n|\n|-heal|p2a: Gliscor|83\/100 tox|[from] ability: Poison Heal\n|upkeep\n|turn|49\n|\n|t:|1700874062\n|move|p2a: Gliscor|Defog|p1a: Zapdos\n|-unboost|p1a: Zapdos|evasion|1\n|-sideend|p2: XYAegislashine.\u9b3c\u5251\u4fa0|Stealth Rock|[from] move: Defog|[of] p2a: Gliscor\n|move|p1a: Zapdos|Whirlwind|p2a: Gliscor\n|drag|p2a: Dondozo|Dondozo, M, shiny, tera:Dragon|29\/100\n|\n|upkeep\n|turn|50\n|\n|t:|1700874073\n|move|p1a: Zapdos|Volt Switch|p2a: Dondozo\n|-resisted|p2a: Dondozo\n|-damage|p2a: Dondozo|13\/100\n|\n|t:|1700874080\n|switch|p1a: Charizard|Charizard-Mega-Y, M|27\/100 tox|[from] Volt Switch\n|-weather|SunnyDay|[from] ability: Drought|[of] p1a: Charizard\n|move|p2a: Dondozo|Rest|p2a: Dondozo\n|-status|p2a: Dondozo|slp|[from] move: Rest\n|-heal|p2a: Dondozo|100\/100 slp|[silent]\n|\n|-weather|SunnyDay|[upkeep]\n|-damage|p1a: Charizard|21\/100 tox|[from] psn\n|upkeep\n|turn|51\n|\n|t:|1700874086\n|switch|p2a: Chansey|Chansey, F, shiny|78\/100\n|move|p1a: Charizard|Air Slash|p2a: Chansey\n|-damage|p2a: Chansey|64\/100\n|\n|-weather|SunnyDay|[upkeep]\n|-damage|p1a: Charizard|9\/100 tox|[from] psn\n|upkeep\n|turn|52\n|-message|Alvin Shire forfeited.\n|\n|win|XYAegislashine.\u9b3c\u5251\u4fa0\n|raw|Alvin Shire's rating: 1231 &rarr; <strong>1203<\/strong><br \/>(-28 for losing)\n|raw|XYAegislashine.\u9b3c\u5251\u4fa0's rating: 1189 &rarr; <strong>1217<\/strong><br \/>(+28 for winning)\n|l|\u203dAlvin Shire\n","uploadtime":1700874097,"views":1,"p1id":"alvinshire","p2id":"xyaegislashine","formatid":"gen9nationaldex","rating":1203,"private":0,"password":""}