{"id":"gen9nationaldex-1988817210","p1":"ChaosEmperor96","p2":"the person people","format":"[Gen 9] National Dex","log":"|j|\u2606ChaosEmperor96\n|j|\u2606the person people\n|t:|1699767546\n|gametype|singles\n|player|p1|ChaosEmperor96|marshal|1151\n|player|p2|the person people|parasollady|1027\n|teamsize|p1|6\n|teamsize|p2|6\n|gen|9\n|tier|[Gen 9] National Dex\n|rated|\n|rule|HP Percentage Mod: HP is shown in percentages\n|rule|Endless Battle Clause: Forcing endless battles is banned\n|rule|OHKO Clause: OHKO moves are banned\n|rule|Evasion Clause: Evasion abilities, items, and moves are banned\n|rule|Evasion Abilities Clause: Evasion abilities are banned\n|rule|Evasion Items Clause: Evasion items are banned\n|rule|Evasion Moves Clause: Evasion moves are banned\n|rule|Species Clause: Limit one of each Pok\u00e9mon\n|rule|Sleep Clause Mod: Limit one foe put to sleep\n|clearpoke\n|poke|p1|Emboar, M|\n|poke|p1|Haxorus, M|\n|poke|p1|Excadrill, M|\n|poke|p1|Galvantula, M|\n|poke|p1|Mandibuzz, F|\n|poke|p1|Vanilluxe, M|\n|poke|p2|Audino, F|\n|poke|p2|Lapras, M|\n|poke|p2|Dragonite, F|\n|poke|p2|Hypno, M|\n|poke|p2|Gourgeist-*, F|\n|poke|p2|Lickilicky, M|\n|teampreview\n|inactive|Battle timer is ON: inactive players will automatically lose when time's up. (requested by ChaosEmperor96)\n|\n|t:|1699767555\n|start\n|switch|p1a: Excadrill|Excadrill, M, shiny|100\/100\n|switch|p2a: Blorbert|Lickilicky, M, shiny|100\/100\n|turn|1\n|\n|t:|1699767562\n|-terastallize|p1a: Excadrill|Ground\n|move|p1a: Excadrill|Earthquake|p2a: Blorbert\n|-damage|p2a: Blorbert|38\/100\n|move|p2a: Blorbert|Toxic|p1a: Excadrill\n|-status|p1a: Excadrill|tox\n|\n|-damage|p1a: Excadrill|94\/100 tox|[from] psn\n|upkeep\n|turn|2\n|\n|t:|1699767577\n|switch|p2a: Woah|Gourgeist-Small, F|100\/100\n|move|p1a: Excadrill|Rapid Spin|p2a: Woah\n|-immune|p2a: Woah\n|\n|-damage|p1a: Excadrill|82\/100 tox|[from] psn\n|upkeep\n|turn|3\n|\n|t:|1699767588\n|switch|p2a: Bloobert|Dragonite, F|100\/100\n|switch|p1a: Vanilluxe|Vanilluxe, M, shiny|100\/100\n|\n|upkeep\n|turn|4\n|\n|t:|1699767601\n|switch|p2a: Wacko|Audino, F|100\/100\n|move|p1a: Vanilluxe|Flash Cannon|p2a: Wacko\n|-damage|p2a: Wacko|75\/100\n|\n|upkeep\n|turn|5\n|\n|t:|1699767611\n|switch|p1a: Excadrill|Excadrill, M, shiny, tera:Ground|82\/100 tox\n|move|p2a: Wacko|Substitute|p2a: Wacko\n|-start|p2a: Wacko|Substitute\n|-damage|p2a: Wacko|50\/100\n|\n|-damage|p1a: Excadrill|76\/100 tox|[from] psn\n|upkeep\n|turn|6\n|\n|t:|1699767620\n|move|p1a: Excadrill|Rapid Spin|p2a: Wacko\n|-activate|p2a: Wacko|move: Substitute|[damage]\n|-boost|p1a: Excadrill|spe|1\n|move|p2a: Wacko|Life Dew|p2a: Wacko\n|-heal|p2a: Wacko|75\/100\n|\n|-damage|p1a: Excadrill|64\/100 tox|[from] psn\n|upkeep\n|turn|7\n|\n|t:|1699767631\n|move|p1a: Excadrill|Iron Head|p2a: Wacko\n|-end|p2a: Wacko|Substitute\n|move|p2a: Wacko|Life Dew|p2a: Wacko\n|-heal|p2a: Wacko|99\/100\n|\n|-damage|p1a: Excadrill|46\/100 tox|[from] psn\n|upkeep\n|turn|8\n|\n|t:|1699767640\n|move|p1a: Excadrill|Iron Head|p2a: Wacko\n|-damage|p2a: Wacko|65\/100\n|-damage|p1a: Excadrill|29\/100 tox|[from] item: Rocky Helmet|[of] p2a: Wacko\n|move|p2a: Wacko|Substitute|p2a: Wacko\n|-start|p2a: Wacko|Substitute\n|-damage|p2a: Wacko|40\/100\n|\n|-damage|p1a: Excadrill|5\/100 tox|[from] psn\n|upkeep\n|turn|9\n|\n|t:|1699767649\n|move|p1a: Excadrill|Earthquake|p2a: Wacko\n|-end|p2a: Wacko|Substitute\n|move|p2a: Wacko|Life Dew|p2a: Wacko\n|-heal|p2a: Wacko|65\/100\n|\n|-damage|p1a: Excadrill|0 fnt|[from] psn\n|faint|p1a: Excadrill\n|upkeep\n|\n|t:|1699767659\n|switch|p1a: Haxorus|Haxorus, M, shiny|100\/100\n|-ability|p1a: Haxorus|Mold Breaker\n|turn|10\n|\n|t:|1699767665\n|move|p1a: Haxorus|Close Combat|p2a: Wacko\n|-supereffective|p2a: Wacko\n|-damage|p2a: Wacko|0 fnt\n|-unboost|p1a: Haxorus|def|1\n|-unboost|p1a: Haxorus|spd|1\n|-damage|p1a: Haxorus|84\/100|[from] item: Rocky Helmet|[of] p2a: Wacko\n|faint|p2a: Wacko\n|\n|upkeep\n|\n|t:|1699767674\n|switch|p2a: Blorbert|Lickilicky, M, shiny|38\/100\n|turn|11\n|\n|t:|1699767679\n|move|p1a: Haxorus|Close Combat|p2a: Blorbert\n|-supereffective|p2a: Blorbert\n|-damage|p2a: Blorbert|0 fnt\n|-unboost|p1a: Haxorus|def|1\n|-unboost|p1a: Haxorus|spd|1\n|faint|p2a: Blorbert\n|\n|upkeep\n|\n|t:|1699767688\n|switch|p2a: Woah|Gourgeist-Small, F|100\/100\n|turn|12\n|\n|t:|1699767695\n|switch|p1a: Mandibuzz|Mandibuzz, F, shiny|100\/100\n|-terastallize|p2a: Woah|Ghost\n|move|p2a: Woah|Leech Seed|p1a: Mandibuzz\n|-start|p1a: Mandibuzz|move: Leech Seed\n|\n|-damage|p1a: Mandibuzz|88\/100|[from] Leech Seed|[of] p2a: Woah\n|upkeep\n|turn|13\n|\n|t:|1699767705\n|move|p2a: Woah|Substitute|p2a: Woah\n|-start|p2a: Woah|Substitute\n|-damage|p2a: Woah|76\/100\n|move|p1a: Mandibuzz|Toxic||[still]\n|-fail|p1a: Mandibuzz\n|\n|-damage|p1a: Mandibuzz|75\/100|[from] Leech Seed|[of] p2a: Woah\n|-heal|p2a: Woah|93\/100|[silent]\n|upkeep\n|turn|14\n|\n|t:|1699767715\n|move|p2a: Woah|Curse|p1a: Mandibuzz\n|-start|p1a: Mandibuzz|Curse|[of] p2a: Woah\n|-damage|p2a: Woah|43\/100\n|move|p1a: Mandibuzz|Foul Play|p2a: Woah\n|-supereffective|p2a: Woah\n|-end|p2a: Woah|Substitute\n|\n|-damage|p1a: Mandibuzz|63\/100|[from] Leech Seed|[of] p2a: Woah\n|-heal|p2a: Woah|59\/100|[silent]\n|-damage|p1a: Mandibuzz|38\/100|[from] Curse\n|upkeep\n|turn|15\n|\n|t:|1699767730\n|switch|p2a: Blipper|Lapras, M|100\/100\n|move|p1a: Mandibuzz|Foul Play|p2a: Blipper\n|-crit|p2a: Blipper\n|-damage|p2a: Blipper|64\/100\n|\n|-heal|p2a: Blipper|70\/100|[from] item: Leftovers\n|-damage|p1a: Mandibuzz|25\/100|[from] Leech Seed|[of] p2a: Blipper\n|-heal|p2a: Blipper|81\/100|[silent]\n|-damage|p1a: Mandibuzz|0 fnt|[from] Curse\n|faint|p1a: Mandibuzz\n|upkeep\n|\n|t:|1699767741\n|switch|p1a: Galvantula|Galvantula, M, shiny|100\/100\n|turn|16\n|\n|t:|1699767751\n|switch|p2a: Woah|Gourgeist-Small, F, tera:Ghost|59\/100\n|move|p1a: Galvantula|Thunderbolt|p2a: Woah\n|-damage|p2a: Woah|7\/100\n|\n|upkeep\n|turn|17\n|\n|t:|1699767760\n|move|p1a: Galvantula|Thunderbolt|p2a: Woah\n|-damage|p2a: Woah|0 fnt\n|faint|p2a: Woah\n|\n|upkeep\n|\n|t:|1699767767\n|switch|p2a: Mr.Sneef Snorf|Hypno, M|100\/100\n|turn|18\n|\n|t:|1699767772\n|move|p1a: Galvantula|Bug Buzz|p2a: Mr.Sneef Snorf\n|-supereffective|p2a: Mr.Sneef Snorf\n|-damage|p2a: Mr.Sneef Snorf|39\/100\n|move|p2a: Mr.Sneef Snorf|Hypnosis|p1a: Galvantula\n|-status|p1a: Galvantula|slp|[from] move: Hypnosis\n|\n|upkeep\n|turn|19\n|\n|t:|1699767782\n|switch|p1a: Emboar|Emboar, M, shiny|100\/100\n|move|p2a: Mr.Sneef Snorf|Nightmare||[still]\n|-fail|p2a: Mr.Sneef Snorf\n|\n|upkeep\n|turn|20\n|\n|t:|1699767790\n|move|p1a: Emboar|Head Smash|p2a: Mr.Sneef Snorf|[miss]\n|-miss|p1a: Emboar|p2a: Mr.Sneef Snorf\n|move|p2a: Mr.Sneef Snorf|Hypnosis|p1a: Emboar|[miss]\n|-miss|p2a: Mr.Sneef Snorf|p1a: Emboar\n|\n|upkeep\n|turn|21\n|\n|t:|1699767801\n|move|p1a: Emboar|Head Smash|p2a: Mr.Sneef Snorf\n|-damage|p2a: Mr.Sneef Snorf|0 fnt\n|faint|p2a: Mr.Sneef Snorf\n|-damage|p1a: Emboar|80\/100|[from] Recoil\n|\n|upkeep\n|\n|t:|1699767807\n|switch|p2a: Blipper|Lapras, M|81\/100\n|turn|22\n|\n|t:|1699767812\n|move|p1a: Emboar|Head Smash|p2a: Blipper\n|-supereffective|p2a: Blipper\n|-damage|p2a: Blipper|0 fnt\n|faint|p2a: Blipper\n|-damage|p1a: Emboar|28\/100|[from] Recoil\n|\n|upkeep\n|\n|t:|1699767822\n|switch|p2a: Bloobert|Dragonite, F|100\/100\n|turn|23\n|\n|t:|1699767826\n|move|p1a: Emboar|Head Smash|p2a: Bloobert\n|-supereffective|p2a: Bloobert\n|-damage|p2a: Bloobert|39\/100\n|-damage|p1a: Emboar|0 fnt|[from] Recoil\n|faint|p1a: Emboar\n|move|p2a: Bloobert|Roost|p2a: Bloobert\n|-heal|p2a: Bloobert|89\/100\n|-singleturn|p2a: Bloobert|move: Roost\n|\n|upkeep\n|\n|t:|1699767837\n|switch|p1a: Haxorus|Haxorus, M, shiny|84\/100\n|-ability|p1a: Haxorus|Mold Breaker\n|turn|24\n|\n|t:|1699767843\n|move|p1a: Haxorus|Outrage|p2a: Bloobert\n|-supereffective|p2a: Bloobert\n|-damage|p2a: Bloobert|0 fnt\n|faint|p2a: Bloobert\n|\n|win|ChaosEmperor96\n|raw|ChaosEmperor96's rating: 1151 &rarr; <strong>1167<\/strong><br \/>(+16 for winning)\n|raw|the person people's rating: 1027 &rarr; <strong>1018<\/strong><br \/>(-9 for losing)\n|c|\u2606ChaosEmperor96|Gg\n|c|\u2606the person people|Gg\n","uploadtime":1699767856,"views":4,"p1id":"chaosemperor96","p2id":"thepersonpeople","formatid":"gen9nationaldex","rating":1018,"private":0,"password":""}