{"id":"gen9nationaldex-1987297099","p1":"sjwincf","p2":"Fallout 3 Enjoyer","format":"[Gen 9] National Dex","log":"|j|\u2606sjwincf\n|j|\u2606Fallout 3 Enjoyer\n|t:|1699574503\n|gametype|singles\n|player|p1|sjwincf|lucas|1026\n|player|p2|Fallout 3 Enjoyer|caitlin|1110\n|teamsize|p1|6\n|teamsize|p2|6\n|gen|9\n|tier|[Gen 9] National Dex\n|rated|\n|rule|HP Percentage Mod: HP is shown in percentages\n|rule|Endless Battle Clause: Forcing endless battles is banned\n|rule|OHKO Clause: OHKO moves are banned\n|rule|Evasion Clause: Evasion abilities, items, and moves are banned\n|rule|Evasion Abilities Clause: Evasion abilities are banned\n|rule|Evasion Items Clause: Evasion items are banned\n|rule|Evasion Moves Clause: Evasion moves are banned\n|rule|Species Clause: Limit one of each Pok\u00e9mon\n|rule|Sleep Clause Mod: Limit one foe put to sleep\n|clearpoke\n|poke|p1|Cinderace, M|\n|poke|p1|Hydreigon, M|\n|poke|p1|Charizard, M|\n|poke|p1|Zeraora|\n|poke|p1|Tyranitar, M|\n|poke|p1|Greninja-*, M|\n|poke|p2|Clodsire, F|\n|poke|p2|Bellibolt, F|\n|poke|p2|Poliwrath, M|\n|poke|p2|Politoed, F|\n|poke|p2|Swampert, M|\n|poke|p2|Toxicroak, M|\n|teampreview\n|inactive|Battle timer is ON: inactive players will automatically lose when time's up. (requested by Fallout 3 Enjoyer)\n|\n|t:|1699574515\n|start\n|switch|p1a: Zeraora|Zeraora|100\/100\n|switch|p2a: Rain Frog|Politoed, F, shiny|100\/100\n|-weather|RainDance|[from] ability: Drizzle|[of] p2a: Rain Frog\n|turn|1\n|\n|t:|1699574522\n|switch|p2a: Roid Frog|Swampert, M|100\/100\n|move|p1a: Zeraora|Plasma Fists|p2a: Roid Frog\n|-immune|p2a: Roid Frog\n|\n|-weather|RainDance|[upkeep]\n|upkeep\n|turn|2\n|\n|t:|1699574535\n|detailschange|p2a: Roid Frog|Swampert-Mega, M\n|-mega|p2a: Roid Frog|Swampert|Swampertite\n|-singleturn|p1a: Zeraora|move: Focus Punch\n|move|p2a: Roid Frog|Earthquake|p1a: Zeraora\n|-supereffective|p1a: Zeraora\n|-damage|p1a: Zeraora|0 fnt\n|faint|p1a: Zeraora\n|\n|-weather|RainDance|[upkeep]\n|upkeep\n|\n|t:|1699574545\n|switch|p1a: Tyranitar|Tyranitar, M|100\/100\n|-weather|Sandstorm|[from] ability: Sand Stream|[of] p1a: Tyranitar\n|turn|3\n|\n|t:|1699574553\n|switch|p2a: Rain Frog|Politoed, F, shiny|100\/100\n|-weather|RainDance|[from] ability: Drizzle|[of] p2a: Rain Frog\n|move|p1a: Tyranitar|Earthquake|p2a: Rain Frog\n|-damage|p2a: Rain Frog|65\/100\n|\n|-weather|RainDance|[upkeep]\n|upkeep\n|turn|4\n|\n|t:|1699574561\n|move|p1a: Tyranitar|Outrage|p2a: Rain Frog\n|-damage|p2a: Rain Frog|21\/100\n|move|p2a: Rain Frog|Scald|p1a: Tyranitar\n|-supereffective|p1a: Tyranitar\n|-damage|p1a: Tyranitar|35\/100\n|\n|-weather|RainDance|[upkeep]\n|upkeep\n|turn|5\n|\n|t:|1699574573\n|switch|p2a: Roid Frog|Swampert-Mega, M|100\/100\n|move|p1a: Tyranitar|Outrage|p2a: Roid Frog|[from]lockedmove\n|-damage|p2a: Roid Frog|64\/100\n|-start|p1a: Tyranitar|confusion|[fatigue]\n|\n|-weather|RainDance|[upkeep]\n|upkeep\n|turn|6\n|\n|t:|1699574588\n|move|p2a: Roid Frog|Liquidation|p1a: Tyranitar\n|-supereffective|p1a: Tyranitar\n|-damage|p1a: Tyranitar|0 fnt\n|faint|p1a: Tyranitar\n|\n|-weather|RainDance|[upkeep]\n|upkeep\n|\n|t:|1699574595\n|switch|p1a: Hydreigon|Hydreigon, M|100\/100\n|turn|7\n|\n|t:|1699574604\n|move|p2a: Roid Frog|Ice Punch|p1a: Hydreigon\n|-supereffective|p1a: Hydreigon\n|-damage|p1a: Hydreigon|34\/100\n|-status|p1a: Hydreigon|frz\n|cant|p1a: Hydreigon|frz\n|\n|-weather|RainDance|[upkeep]\n|-heal|p1a: Hydreigon|40\/100 frz|[from] item: Leftovers\n|upkeep\n|turn|8\n|\n|t:|1699574613\n|move|p2a: Roid Frog|Ice Punch|p1a: Hydreigon\n|-supereffective|p1a: Hydreigon\n|-crit|p1a: Hydreigon\n|-damage|p1a: Hydreigon|0 fnt\n|faint|p1a: Hydreigon\n|\n|-weather|RainDance|[upkeep]\n|upkeep\n|c|\u2606Fallout 3 Enjoyer|unfortunate\n|\n|t:|1699574620\n|switch|p1a: Cinderace|Cinderace, M|100\/100\n|turn|9\n|\n|t:|1699574625\n|move|p2a: Roid Frog|Liquidation|p1a: Cinderace\n|-supereffective|p1a: Cinderace\n|-damage|p1a: Cinderace|0 fnt\n|faint|p1a: Cinderace\n|\n|-weather|RainDance|[upkeep]\n|upkeep\n|\n|t:|1699574633\n|switch|p1a: Charizard|Charizard, M|100\/100\n|turn|10\n|\n|t:|1699574640\n|detailschange|p1a: Charizard|Charizard-Mega-X, M\n|-mega|p1a: Charizard|Charizard|Charizardite X\n|move|p2a: Roid Frog|Liquidation|p1a: Charizard\n|-damage|p1a: Charizard|24\/100\n|move|p1a: Charizard|Dragon Pulse|p2a: Roid Frog\n|-damage|p2a: Roid Frog|32\/100\n|\n|-weather|none\n|upkeep\n|turn|11\n|\n|t:|1699574649\n|switch|p2a: Rain Frog|Politoed, F, shiny|21\/100\n|-weather|RainDance|[from] ability: Drizzle|[of] p2a: Rain Frog\n|move|p1a: Charizard|Dragon Pulse|p2a: Rain Frog\n|-damage|p2a: Rain Frog|0 fnt\n|faint|p2a: Rain Frog\n|\n|-weather|RainDance|[upkeep]\n|upkeep\n|\n|t:|1699574651\n|switch|p2a: Roid Frog|Swampert-Mega, M|32\/100\n|turn|12\n|\n|t:|1699574663\n|move|p2a: Roid Frog|Earthquake|p1a: Charizard\n|-supereffective|p1a: Charizard\n|-damage|p1a: Charizard|0 fnt\n|faint|p1a: Charizard\n|\n|-weather|RainDance|[upkeep]\n|upkeep\n|\n|t:|1699574669\n|switch|p1a: Greninja|Greninja, M|100\/100\n|turn|13\n|\n|t:|1699574674\n|move|p2a: Roid Frog|Earthquake|p1a: Greninja\n|-damage|p1a: Greninja|8\/100\n|move|p1a: Greninja|Blizzard|p2a: Roid Frog\n|-damage|p2a: Roid Frog|6\/100\n|\n|-weather|RainDance|[upkeep]\n|-heal|p1a: Greninja|15\/100|[from] item: Leftovers\n|upkeep\n|turn|14\n|\n|t:|1699574687\n|-terastallize|p1a: Greninja|Water\n|move|p2a: Roid Frog|Earthquake|p1a: Greninja\n|-damage|p1a: Greninja|0 fnt\n|faint|p1a: Greninja\n|\n|win|Fallout 3 Enjoyer\n|raw|sjwincf's rating: 1026 &rarr; <strong>1015<\/strong><br \/>(-11 for losing)\n|raw|Fallout 3 Enjoyer's rating: 1110 &rarr; <strong>1129<\/strong><br \/>(+19 for winning)\n|c|\u2606Fallout 3 Enjoyer|gg\n","uploadtime":1699574695,"views":8,"p1id":"sjwincf","p2id":"fallout3enjoyer","formatid":"gen9nationaldex","rating":1015,"private":0,"password":""}