{"id":"gen9nationaldex-2000171754","p1":"xuwei666","p2":"lxlxlxlxlx","format":"[Gen 9] National Dex","log":"|html|<div class=\"broadcast-blue\"><strong>[Gen 9] National Dex is currently suspecting Sneasler! For information on how to participate check out the <a href=\"https:\/\/www.smogon.com\/forums\/threads\/sv-national-dex-suspect-8-just-dance.3731534\/\">suspect thread<\/a>.<\/strong><\/div>\n|j|\u2606xuwei666\n|j|\u2606lxlxlxlxlx\n|t:|1701166943\n|gametype|singles\n|player|p1|xuwei666|266|1414\n|player|p2|lxlxlxlxlx|dawn|1515\n|teamsize|p1|6\n|teamsize|p2|6\n|gen|9\n|tier|[Gen 9] National Dex\n|rated|\n|rule|HP Percentage Mod: HP is shown in percentages\n|rule|Endless Battle Clause: Forcing endless battles is banned\n|rule|OHKO Clause: OHKO moves are banned\n|rule|Evasion Clause: Evasion abilities, items, and moves are banned\n|rule|Evasion Abilities Clause: Evasion abilities are banned\n|rule|Evasion Items Clause: Evasion items are banned\n|rule|Evasion Moves Clause: Evasion moves are banned\n|rule|Species Clause: Limit one of each Pok\u00e9mon\n|rule|Sleep Clause Mod: Limit one foe put to sleep\n|clearpoke\n|poke|p1|Chansey, F|\n|poke|p1|Skeledirge, M|\n|poke|p1|Clodsire, F|\n|poke|p1|Dondozo, M|\n|poke|p1|Scizor, M|\n|poke|p1|Krookodile, F|\n|poke|p2|Celesteela|\n|poke|p2|Great Tusk|\n|poke|p2|Dragonite, M|\n|poke|p2|Alomomola, M|\n|poke|p2|Latias, F|\n|poke|p2|Kyurem|\n|teampreview\n|inactive|Battle timer is ON: inactive players will automatically lose when time's up. (requested by lxlxlxlxlx)\n|\n|t:|1701166954\n|start\n|switch|p1a: Scizor|Scizor, M|100\/100\n|switch|p2a: Great Tusk|Great Tusk, shiny|100\/100\n|turn|1\n|\n|t:|1701166961\n|detailschange|p1a: Scizor|Scizor-Mega, M\n|-mega|p1a: Scizor|Scizor|Scizorite\n|move|p2a: Great Tusk|Close Combat|p1a: Scizor\n|-crit|p1a: Scizor\n|-damage|p1a: Scizor|46\/100\n|-unboost|p2a: Great Tusk|def|1\n|-unboost|p2a: Great Tusk|spd|1\n|move|p1a: Scizor|Knock Off|p2a: Great Tusk\n|-resisted|p2a: Great Tusk\n|-damage|p2a: Great Tusk|85\/100\n|-enditem|p2a: Great Tusk|Assault Vest|[from] move: Knock Off|[of] p1a: Scizor\n|\n|upkeep\n|turn|2\n|\n|t:|1701166976\n|move|p2a: Great Tusk|Headlong Rush|p1a: Scizor\n|-damage|p1a: Scizor|4\/100\n|-unboost|p2a: Great Tusk|def|1\n|-unboost|p2a: Great Tusk|spd|1\n|move|p1a: Scizor|Roost|p1a: Scizor\n|-heal|p1a: Scizor|54\/100\n|-singleturn|p1a: Scizor|move: Roost\n|\n|upkeep\n|turn|3\n|\n|t:|1701166997\n|-end|p2a: Great Tusk|Protosynthesis|[silent]\n|switch|p2a: Celesteela|Celesteela|100\/100\n|move|p1a: Scizor|Roost|p1a: Scizor\n|-heal|p1a: Scizor|100\/100\n|-singleturn|p1a: Scizor|move: Roost\n|\n|upkeep\n|turn|4\n|\n|t:|1701167019\n|switch|p1a: \u51d1\u6570|Skeledirge, M, shiny|100\/100\n|move|p2a: Celesteela|Flamethrower|p1a: \u51d1\u6570\n|-resisted|p1a: \u51d1\u6570\n|-damage|p1a: \u51d1\u6570|88\/100\n|\n|upkeep\n|turn|5\n|\n|t:|1701167027\n|switch|p1a: \u5de5\u5177\u86cb|Chansey, F|100\/100\n|move|p2a: Celesteela|Toxic|p1a: \u5de5\u5177\u86cb\n|-status|p1a: \u5de5\u5177\u86cb|tox\n|\n|-damage|p1a: \u5de5\u5177\u86cb|94\/100 tox|[from] psn\n|upkeep\n|turn|6\n|\n|t:|1701167035\n|move|p2a: Celesteela|Leech Seed|p1a: \u5de5\u5177\u86cb\n|-start|p1a: \u5de5\u5177\u86cb|move: Leech Seed\n|move|p1a: \u5de5\u5177\u86cb|Wish|p1a: \u5de5\u5177\u86cb\n|\n|-damage|p1a: \u5de5\u5177\u86cb|82\/100 tox|[from] Leech Seed|[of] p2a: Celesteela\n|-damage|p1a: \u5de5\u5177\u86cb|69\/100 tox|[from] psn\n|upkeep\n|turn|7\n|\n|t:|1701167046\n|-curestatus|p1a: \u5de5\u5177\u86cb|tox|[from] ability: Natural Cure\n|switch|p1a: \u51d1\u6570|Skeledirge, M, shiny|88\/100\n|move|p2a: Celesteela|Toxic|p1a: \u51d1\u6570\n|-status|p1a: \u51d1\u6570|tox\n|\n|-heal|p1a: \u51d1\u6570|100\/100 tox|[from] move: Wish|[wisher] \u5de5\u5177\u86cb\n|-damage|p1a: \u51d1\u6570|94\/100 tox|[from] psn\n|upkeep\n|turn|8\n|\n|t:|1701167058\n|move|p1a: \u51d1\u6570|Will-O-Wisp|p2a: Celesteela\n|-status|p2a: Celesteela|brn\n|move|p2a: Celesteela|Leech Seed|p1a: \u51d1\u6570\n|-start|p1a: \u51d1\u6570|move: Leech Seed\n|\n|-damage|p1a: \u51d1\u6570|82\/100 tox|[from] Leech Seed|[of] p2a: Celesteela\n|-damage|p1a: \u51d1\u6570|70\/100 tox|[from] psn\n|-damage|p2a: Celesteela|94\/100 brn|[from] brn\n|upkeep\n|turn|9\n|\n|t:|1701167071\n|switch|p1a: Krookodile|Krookodile, F|100\/100\n|-ability|p1a: Krookodile|Intimidate|boost\n|-unboost|p2a: Celesteela|atk|1\n|switch|p2a: Dragonite|Dragonite, M|100\/100\n|\n|upkeep\n|turn|10\n|\n|t:|1701167085\n|switch|p1a: Scizor|Scizor-Mega, M|100\/100\n|-zpower|p2a: Dragonite\n|move|p2a: Dragonite|Supersonic Skystrike|p1a: Scizor|[zeffect]\n|-damage|p1a: Scizor|43\/100\n|\n|upkeep\n|turn|11\n|\n|t:|1701167095\n|move|p2a: Dragonite|Heal Bell|p2a: Dragonite\n|-activate|p2a: Dragonite|move: Heal Bell\n|-curestatus|p2: Celesteela|brn|[msg]\n|move|p1a: Scizor|Roost|p1a: Scizor\n|-heal|p1a: Scizor|93\/100\n|-singleturn|p1a: Scizor|move: Roost\n|\n|upkeep\n|turn|12\n|\n|t:|1701167104\n|switch|p2a: Celesteela|Celesteela|94\/100\n|move|p1a: Scizor|U-turn|p2a: Celesteela\n|-resisted|p2a: Celesteela\n|-damage|p2a: Celesteela|87\/100\n|\n|t:|1701167111\n|switch|p1a: \u5de5\u5177\u86cb|Chansey, F|69\/100|[from] U-turn\n|\n|-heal|p2a: Celesteela|93\/100|[from] item: Leftovers\n|upkeep\n|turn|13\n|\n|t:|1701167118\n|move|p2a: Celesteela|Leech Seed|p1a: \u5de5\u5177\u86cb\n|-start|p1a: \u5de5\u5177\u86cb|move: Leech Seed\n|move|p1a: \u5de5\u5177\u86cb|Wish|p1a: \u5de5\u5177\u86cb\n|\n|-heal|p2a: Celesteela|99\/100|[from] item: Leftovers\n|-damage|p1a: \u5de5\u5177\u86cb|57\/100|[from] Leech Seed|[of] p2a: Celesteela\n|-heal|p2a: Celesteela|100\/100|[silent]\n|upkeep\n|turn|14\n|\n|t:|1701167127\n|move|p2a: Celesteela|Leech Seed||[still]\n|-fail|p2a: Celesteela\n|move|p1a: \u5de5\u5177\u86cb|Heal Bell|p1a: \u5de5\u5177\u86cb\n|-activate|p1a: \u5de5\u5177\u86cb|move: Heal Bell\n|-curestatus|p1: \u51d1\u6570|tox|[msg]\n|\n|-heal|p1a: \u5de5\u5177\u86cb|100\/100|[from] move: Wish|[wisher] \u5de5\u5177\u86cb\n|-damage|p1a: \u5de5\u5177\u86cb|88\/100|[from] Leech Seed|[of] p2a: Celesteela\n|upkeep\n|turn|15\n|\n|t:|1701167141\n|switch|p1a: \u51d1\u6570|Skeledirge, M, shiny|70\/100\n|move|p2a: Celesteela|Toxic|p1a: \u51d1\u6570\n|-status|p1a: \u51d1\u6570|tox\n|\n|-damage|p1a: \u51d1\u6570|64\/100 tox|[from] psn\n|upkeep\n|turn|16\n|\n|t:|1701167155\n|move|p1a: \u51d1\u6570|Slack Off|p1a: \u51d1\u6570\n|-heal|p1a: \u51d1\u6570|100\/100 tox\n|move|p2a: Celesteela|Leech Seed|p1a: \u51d1\u6570\n|-start|p1a: \u51d1\u6570|move: Leech Seed\n|\n|-damage|p1a: \u51d1\u6570|88\/100 tox|[from] Leech Seed|[of] p2a: Celesteela\n|-damage|p1a: \u51d1\u6570|76\/100 tox|[from] psn\n|upkeep\n|turn|17\n|\n|t:|1701167171\n|switch|p1a: \u5de5\u5177\u86cb|Chansey, F|88\/100\n|move|p2a: Celesteela|Flamethrower|p1a: \u5de5\u5177\u86cb\n|-damage|p1a: \u5de5\u5177\u86cb|82\/100\n|\n|upkeep\n|turn|18\n|\n|t:|1701167185\n|switch|p2a: Great Tusk|Great Tusk, shiny|85\/100\n|switch|p1a: \u51d1\u6570|Skeledirge, M, shiny|76\/100 tox\n|\n|-damage|p1a: \u51d1\u6570|70\/100 tox|[from] psn\n|upkeep\n|turn|19\n|\n|t:|1701167194\n|-terastallize|p1a: \u51d1\u6570|Flying\n|move|p2a: Great Tusk|Headlong Rush|p1a: \u51d1\u6570\n|-immune|p1a: \u51d1\u6570\n|move|p1a: \u51d1\u6570|Will-O-Wisp|p2a: Great Tusk\n|-status|p2a: Great Tusk|brn\n|\n|-damage|p1a: \u51d1\u6570|58\/100 tox|[from] psn\n|-damage|p2a: Great Tusk|79\/100 brn|[from] brn\n|upkeep\n|turn|20\n|\n|t:|1701167211\n|-end|p2a: Great Tusk|Protosynthesis|[silent]\n|switch|p2a: Dragonite|Dragonite, M|100\/100\n|move|p1a: \u51d1\u6570|Slack Off|p1a: \u51d1\u6570\n|-heal|p1a: \u51d1\u6570|100\/100 tox\n|\n|-damage|p1a: \u51d1\u6570|82\/100 tox|[from] psn\n|upkeep\n|turn|21\n|\n|t:|1701167223\n|switch|p1a: \u5de5\u5177\u86cb|Chansey, F|82\/100\n|move|p2a: Dragonite|Heal Bell|p2a: Dragonite\n|-activate|p2a: Dragonite|move: Heal Bell\n|-curestatus|p2: Great Tusk|brn|[msg]\n|\n|upkeep\n|turn|22\n|\n|t:|1701167232\n|move|p2a: Dragonite|Extreme Speed|p1a: \u5de5\u5177\u86cb\n|-damage|p1a: \u5de5\u5177\u86cb|65\/100\n|move|p1a: \u5de5\u5177\u86cb|Heal Bell|p1a: \u5de5\u5177\u86cb\n|-activate|p1a: \u5de5\u5177\u86cb|move: Heal Bell\n|-curestatus|p1: \u51d1\u6570|tox|[msg]\n|\n|upkeep\n|turn|23\n|\n|t:|1701167241\n|switch|p2a: Celesteela|Celesteela|100\/100\n|move|p1a: \u5de5\u5177\u86cb|Toxic|p2a: Celesteela\n|-immune|p2a: Celesteela\n|\n|upkeep\n|turn|24\n|\n|t:|1701167248\n|move|p2a: Celesteela|Toxic|p1a: \u5de5\u5177\u86cb\n|-status|p1a: \u5de5\u5177\u86cb|tox\n|move|p1a: \u5de5\u5177\u86cb|Wish|p1a: \u5de5\u5177\u86cb\n|\n|-damage|p1a: \u5de5\u5177\u86cb|59\/100 tox|[from] psn\n|upkeep\n|turn|25\n|\n|t:|1701167255\n|move|p2a: Celesteela|Leech Seed|p1a: \u5de5\u5177\u86cb\n|-start|p1a: \u5de5\u5177\u86cb|move: Leech Seed\n|move|p1a: \u5de5\u5177\u86cb|Toxic|p2a: Celesteela\n|-immune|p2a: Celesteela\n|\n|-heal|p1a: \u5de5\u5177\u86cb|100\/100 tox|[from] move: Wish|[wisher] \u5de5\u5177\u86cb\n|-damage|p1a: \u5de5\u5177\u86cb|88\/100 tox|[from] Leech Seed|[of] p2a: Celesteela\n|-damage|p1a: \u5de5\u5177\u86cb|75\/100 tox|[from] psn\n|upkeep\n|turn|26\n|\n|t:|1701167267\n|-curestatus|p1a: \u5de5\u5177\u86cb|tox|[from] ability: Natural Cure\n|switch|p1a: \u50a8\u6c34\u66f4\u5f3a|Clodsire, F, shiny|100\/100\n|move|p2a: Celesteela|Flamethrower|p1a: \u50a8\u6c34\u66f4\u5f3a\n|-damage|p1a: \u50a8\u6c34\u66f4\u5f3a|83\/100\n|\n|-heal|p1a: \u50a8\u6c34\u66f4\u5f3a|89\/100|[from] item: Leftovers\n|upkeep\n|turn|27\n|\n|t:|1701167282\n|switch|p1a: Scizor|Scizor-Mega, M|93\/100\n|move|p2a: Celesteela|Leech Seed|p1a: Scizor\n|-start|p1a: Scizor|move: Leech Seed\n|\n|-damage|p1a: Scizor|80\/100|[from] Leech Seed|[of] p2a: Celesteela\n|upkeep\n|turn|28\n|\n|t:|1701167293\n|move|p1a: Scizor|U-turn|p2a: Celesteela\n|-resisted|p2a: Celesteela\n|-damage|p2a: Celesteela|94\/100\n|\n|t:|1701167297\n|switch|p1a: \u5de5\u5177\u86cb|Chansey, F|75\/100|[from] U-turn\n|move|p2a: Celesteela|Flamethrower|p1a: \u5de5\u5177\u86cb\n|-damage|p1a: \u5de5\u5177\u86cb|69\/100\n|\n|-heal|p2a: Celesteela|99\/100|[from] item: Leftovers\n|upkeep\n|turn|29\n|\n|t:|1701167307\n|move|p2a: Celesteela|Toxic|p1a: \u5de5\u5177\u86cb\n|-status|p1a: \u5de5\u5177\u86cb|tox\n|move|p1a: \u5de5\u5177\u86cb|Wish|p1a: \u5de5\u5177\u86cb\n|\n|-heal|p2a: Celesteela|100\/100|[from] item: Leftovers\n|-damage|p1a: \u5de5\u5177\u86cb|63\/100 tox|[from] psn\n|upkeep\n|turn|30\n|\n|t:|1701167321\n|switch|p2a: Kyurem|Kyurem, shiny|100\/100\n|-ability|p2a: Kyurem|Pressure\n|move|p1a: \u5de5\u5177\u86cb|Toxic|p2a: Kyurem\n|-status|p2a: Kyurem|tox\n|\n|-heal|p1a: \u5de5\u5177\u86cb|100\/100 tox|[from] move: Wish|[wisher] \u5de5\u5177\u86cb\n|-damage|p2a: Kyurem|94\/100 tox|[from] psn\n|-damage|p1a: \u5de5\u5177\u86cb|88\/100 tox|[from] psn\n|upkeep\n|turn|31\n|\n|t:|1701167343\n|switch|p2a: Dragonite|Dragonite, M|100\/100\n|-curestatus|p1a: \u5de5\u5177\u86cb|tox|[from] ability: Natural Cure\n|switch|p1a: Scizor|Scizor-Mega, M|80\/100\n|\n|upkeep\n|turn|32\n|\n|t:|1701167351\n|move|p2a: Dragonite|Heal Bell|p2a: Dragonite\n|-activate|p2a: Dragonite|move: Heal Bell\n|-curestatus|p2: Kyurem|tox|[msg]\n|move|p1a: Scizor|U-turn|p2a: Dragonite\n|-resisted|p2a: Dragonite\n|-damage|p2a: Dragonite|93\/100\n|\n|t:|1701167358\n|switch|p1a: \u51d1\u6570|Skeledirge, M, shiny, tera:Flying|82\/100|[from] U-turn\n|\n|upkeep\n|turn|33\n|\n|t:|1701167367\n|switch|p2a: Celesteela|Celesteela|100\/100\n|move|p1a: \u51d1\u6570|Will-O-Wisp|p2a: Celesteela\n|-status|p2a: Celesteela|brn\n|\n|-damage|p2a: Celesteela|94\/100 brn|[from] brn\n|upkeep\n|turn|34\n|\n|t:|1701167377\n|move|p1a: \u51d1\u6570|Torch Song|p2a: Celesteela\n|-supereffective|p2a: Celesteela\n|-damage|p2a: Celesteela|56\/100 brn\n|-boost|p1a: \u51d1\u6570|spa|1\n|move|p2a: Celesteela|Leech Seed|p1a: \u51d1\u6570|[miss]\n|-miss|p2a: Celesteela|p1a: \u51d1\u6570\n|\n|-heal|p2a: Celesteela|62\/100 brn|[from] item: Leftovers\n|-damage|p2a: Celesteela|56\/100 brn|[from] brn\n|upkeep\n|turn|35\n|\n|t:|1701167392\n|move|p1a: \u51d1\u6570|Torch Song|p2a: Celesteela\n|-supereffective|p2a: Celesteela\n|-damage|p2a: Celesteela|0 fnt\n|-boost|p1a: \u51d1\u6570|spa|1\n|faint|p2a: Celesteela\n|\n|upkeep\n|\n|t:|1701167400\n|switch|p2a: Kyurem|Kyurem, shiny|94\/100\n|-ability|p2a: Kyurem|Pressure\n|turn|36\n|\n|t:|1701167407\n|switch|p1a: Scizor|Scizor-Mega, M|80\/100\n|move|p2a: Kyurem|Freeze-Dry|p1a: Scizor\n|-resisted|p1a: Scizor\n|-damage|p1a: Scizor|54\/100\n|\n|upkeep\n|turn|37\n|\n|t:|1701167419\n|switch|p2a: Alomomola|Alomomola, M, shiny|100\/100\n|move|p1a: Scizor|Roost|p1a: Scizor\n|-heal|p1a: Scizor|100\/100\n|-singleturn|p1a: Scizor|move: Roost\n|\n|upkeep\n|turn|38\n|\n|t:|1701167427\n|move|p1a: Scizor|Knock Off|p2a: Alomomola\n|-damage|p2a: Alomomola|75\/100\n|-enditem|p2a: Alomomola|Red Card|[from] move: Knock Off|[of] p1a: Scizor\n|move|p2a: Alomomola|Wish|p2a: Alomomola\n|\n|upkeep\n|turn|39\n|\n|t:|1701167433\n|move|p1a: Scizor|U-turn|p2a: Alomomola\n|-damage|p2a: Alomomola|47\/100\n|\n|t:|1701167441\n|switch|p1a: \u5de5\u5177\u86cb|Chansey, F|88\/100|[from] U-turn\n|move|p2a: Alomomola|Flip Turn|p1a: \u5de5\u5177\u86cb\n|-damage|p1a: \u5de5\u5177\u86cb|77\/100\n|\n|t:|1701167448\n|switch|p2a: Great Tusk|Great Tusk, shiny|79\/100|[from] Flip Turn\n|\n|-heal|p2a: Great Tusk|100\/100|[from] move: Wish|[wisher] Alomomola\n|upkeep\n|turn|40\n|\n|t:|1701167458\n|switch|p1a: Scizor|Scizor-Mega, M|100\/100\n|move|p2a: Great Tusk|Ice Spinner|p1a: Scizor\n|-resisted|p1a: Scizor\n|-damage|p1a: Scizor|92\/100\n|\n|upkeep\n|turn|41\n|\n|t:|1701167467\n|move|p2a: Great Tusk|Headlong Rush|p1a: Scizor\n|-damage|p1a: Scizor|51\/100\n|-unboost|p2a: Great Tusk|def|1\n|-unboost|p2a: Great Tusk|spd|1\n|move|p1a: Scizor|Knock Off|p2a: Great Tusk\n|-resisted|p2a: Great Tusk\n|-damage|p2a: Great Tusk|89\/100\n|\n|upkeep\n|turn|42\n|\n|t:|1701167479\n|move|p2a: Great Tusk|Headlong Rush|p1a: Scizor\n|-damage|p1a: Scizor|12\/100\n|-unboost|p2a: Great Tusk|def|1\n|-unboost|p2a: Great Tusk|spd|1\n|move|p1a: Scizor|Roost|p1a: Scizor\n|-heal|p1a: Scizor|62\/100\n|-singleturn|p1a: Scizor|move: Roost\n|\n|upkeep\n|turn|43\n|\n|t:|1701167490\n|move|p2a: Great Tusk|Headlong Rush|p1a: Scizor\n|-damage|p1a: Scizor|21\/100\n|-unboost|p2a: Great Tusk|def|1\n|-unboost|p2a: Great Tusk|spd|1\n|move|p1a: Scizor|U-turn|p2a: Great Tusk\n|-resisted|p2a: Great Tusk\n|-damage|p2a: Great Tusk|60\/100\n|\n|t:|1701167499\n|switch|p1a: \u51d1\u6570|Skeledirge, M, shiny, tera:Flying|82\/100|[from] U-turn\n|\n|upkeep\n|turn|44\n|\n|t:|1701167511\n|-end|p2a: Great Tusk|Protosynthesis|[silent]\n|switch|p2a: Alomomola|Alomomola, M, shiny|80\/100\n|move|p1a: \u51d1\u6570|Torch Song|p2a: Alomomola\n|-resisted|p2a: Alomomola\n|-damage|p2a: Alomomola|70\/100\n|-boost|p1a: \u51d1\u6570|spa|1\n|\n|upkeep\n|turn|45\n|\n|t:|1701167520\n|move|p1a: \u51d1\u6570|Will-O-Wisp|p2a: Alomomola|[miss]\n|-miss|p1a: \u51d1\u6570|p2a: Alomomola\n|move|p2a: Alomomola|Flip Turn|p1a: \u51d1\u6570\n|-damage|p1a: \u51d1\u6570|72\/100\n|\n|t:|1701167526\n|switch|p2a: Kyurem|Kyurem, shiny|94\/100|[from] Flip Turn\n|-ability|p2a: Kyurem|Pressure\n|\n|upkeep\n|turn|46\n|\n|t:|1701167540\n|switch|p1a: \u5de5\u5177\u86cb|Chansey, F|77\/100\n|move|p2a: Kyurem|Draco Meteor|p1a: \u5de5\u5177\u86cb\n|-damage|p1a: \u5de5\u5177\u86cb|46\/100\n|-unboost|p2a: Kyurem|spa|2\n|\n|upkeep\n|turn|47\n|\n|t:|1701167552\n|switch|p2a: Alomomola|Alomomola, M, shiny|100\/100\n|move|p1a: \u5de5\u5177\u86cb|Toxic|p2a: Alomomola\n|-status|p2a: Alomomola|tox\n|\n|-damage|p2a: Alomomola|94\/100 tox|[from] psn\n|upkeep\n|turn|48\n|\n|t:|1701167561\n|move|p2a: Alomomola|Wish|p2a: Alomomola\n|move|p1a: \u5de5\u5177\u86cb|Wish|p1a: \u5de5\u5177\u86cb\n|\n|-damage|p2a: Alomomola|82\/100 tox|[from] psn\n|upkeep\n|turn|49\n|\n|t:|1701167567\n|switch|p1a: Scizor|Scizor-Mega, M|21\/100\n|move|p2a: Alomomola|Flip Turn|p1a: Scizor\n|-damage|p1a: Scizor|11\/100\n|\n|t:|1701167573\n|switch|p2a: Great Tusk|Great Tusk, shiny|60\/100|[from] Flip Turn\n|\n|-heal|p1a: Scizor|100\/100|[from] move: Wish|[wisher] \u5de5\u5177\u86cb\n|-heal|p2a: Great Tusk|100\/100|[from] move: Wish|[wisher] Alomomola\n|upkeep\n|turn|50\n|\n|t:|1701167587\n|switch|p1a: \u51d1\u6570|Skeledirge, M, shiny, tera:Flying|72\/100\n|move|p2a: Great Tusk|Close Combat|p1a: \u51d1\u6570\n|-resisted|p1a: \u51d1\u6570\n|-damage|p1a: \u51d1\u6570|52\/100\n|-unboost|p2a: Great Tusk|def|1\n|-unboost|p2a: Great Tusk|spd|1\n|\n|upkeep\n|turn|51\n|\n|t:|1701167597\n|move|p2a: Great Tusk|Ice Spinner|p1a: \u51d1\u6570\n|-supereffective|p1a: \u51d1\u6570\n|-damage|p1a: \u51d1\u6570|17\/100\n|move|p1a: \u51d1\u6570|Slack Off|p1a: \u51d1\u6570\n|-heal|p1a: \u51d1\u6570|67\/100\n|\n|upkeep\n|turn|52\n|\n|t:|1701167610\n|-end|p2a: Great Tusk|Protosynthesis|[silent]\n|switch|p2a: Kyurem|Kyurem, shiny|94\/100\n|-ability|p2a: Kyurem|Pressure\n|move|p1a: \u51d1\u6570|Will-O-Wisp|p2a: Kyurem\n|-status|p2a: Kyurem|brn\n|\n|-damage|p2a: Kyurem|88\/100 brn|[from] brn\n|upkeep\n|turn|53\n|\n|t:|1701167622\n|switch|p1a: \u5de5\u5177\u86cb|Chansey, F|46\/100\n|move|p2a: Kyurem|Draco Meteor|p1a: \u5de5\u5177\u86cb\n|-damage|p1a: \u5de5\u5177\u86cb|15\/100\n|-unboost|p2a: Kyurem|spa|2\n|\n|-damage|p2a: Kyurem|82\/100 brn|[from] brn\n|upkeep\n|turn|54\n|\n|t:|1701167633\n|switch|p1a: Scizor|Scizor-Mega, M|100\/100\n|move|p2a: Kyurem|Draco Meteor|p1a: Scizor\n|-resisted|p1a: Scizor\n|-damage|p1a: Scizor|74\/100\n|-unboost|p2a: Kyurem|spa|2\n|\n|-damage|p2a: Kyurem|76\/100 brn|[from] brn\n|upkeep\n|turn|55\n|\n|t:|1701167644\n|switch|p2a: Alomomola|Alomomola, M, shiny|100\/100 tox\n|move|p1a: Scizor|U-turn|p2a: Alomomola\n|-damage|p2a: Alomomola|73\/100 tox\n|\n|t:|1701167649\n|switch|p1a: \u5de5\u5177\u86cb|Chansey, F|15\/100|[from] U-turn\n|\n|-damage|p2a: Alomomola|67\/100 tox|[from] psn\n|upkeep\n|turn|56\n|\n|t:|1701167657\n|move|p2a: Alomomola|Flip Turn|p1a: \u5de5\u5177\u86cb\n|-damage|p1a: \u5de5\u5177\u86cb|5\/100\n|\n|t:|1701167663\n|switch|p2a: Great Tusk|Great Tusk, shiny|100\/100|[from] Flip Turn\n|move|p1a: \u5de5\u5177\u86cb|Soft-Boiled|p1a: \u5de5\u5177\u86cb\n|-heal|p1a: \u5de5\u5177\u86cb|55\/100\n|\n|upkeep\n|turn|57\n|\n|t:|1701167674\n|switch|p1a: Scizor|Scizor-Mega, M|74\/100\n|move|p2a: Great Tusk|Close Combat|p1a: Scizor\n|-damage|p1a: Scizor|35\/100\n|-unboost|p2a: Great Tusk|def|1\n|-unboost|p2a: Great Tusk|spd|1\n|\n|upkeep\n|turn|58\n|\n|t:|1701167686\n|switch|p1a: \u50a8\u6c34\u66f4\u5f3a|Clodsire, F, shiny|89\/100\n|move|p2a: Great Tusk|Close Combat|p1a: \u50a8\u6c34\u66f4\u5f3a\n|-resisted|p1a: \u50a8\u6c34\u66f4\u5f3a\n|-damage|p1a: \u50a8\u6c34\u66f4\u5f3a|65\/100\n|-unboost|p2a: Great Tusk|def|1\n|-unboost|p2a: Great Tusk|spd|1\n|\n|-heal|p1a: \u50a8\u6c34\u66f4\u5f3a|72\/100|[from] item: Leftovers\n|upkeep\n|turn|59\n|\n|t:|1701167700\n|-end|p2a: Great Tusk|Protosynthesis|[silent]\n|switch|p2a: Latias|Latias, F|100\/100\n|switch|p1a: \u53cd\u62cd\u843d\u5927\u5c06|Dondozo, M, shiny|100\/100\n|\n|upkeep\n|turn|60\n|\n|t:|1701167709\n|switch|p1a: \u5de5\u5177\u86cb|Chansey, F|55\/100\n|detailschange|p2a: Latias|Latias-Mega, F\n|-mega|p2a: Latias|Latias|Latiasite\n|move|p2a: Latias|Thunderbolt|p1a: \u5de5\u5177\u86cb\n|-damage|p1a: \u5de5\u5177\u86cb|45\/100\n|\n|upkeep\n|turn|61\n|\n|t:|1701167720\n|switch|p2a: Great Tusk|Great Tusk, shiny|100\/100\n|move|p1a: \u5de5\u5177\u86cb|Soft-Boiled|p1a: \u5de5\u5177\u86cb\n|-heal|p1a: \u5de5\u5177\u86cb|95\/100\n|\n|upkeep\n|turn|62\n|\n|t:|1701167739\n|switch|p1a: \u51d1\u6570|Skeledirge, M, shiny, tera:Flying|67\/100\n|move|p2a: Great Tusk|Close Combat|p1a: \u51d1\u6570\n|-resisted|p1a: \u51d1\u6570\n|-damage|p1a: \u51d1\u6570|49\/100\n|-unboost|p2a: Great Tusk|def|1\n|-unboost|p2a: Great Tusk|spd|1\n|\n|upkeep\n|turn|63\n|\n|t:|1701167751\n|move|p2a: Great Tusk|Ice Spinner|p1a: \u51d1\u6570\n|-supereffective|p1a: \u51d1\u6570\n|-damage|p1a: \u51d1\u6570|17\/100\n|move|p1a: \u51d1\u6570|Will-O-Wisp|p2a: Great Tusk\n|-status|p2a: Great Tusk|brn\n|\n|-damage|p2a: Great Tusk|94\/100 brn|[from] brn\n|upkeep\n|turn|64\n|\n|t:|1701167767\n|-end|p2a: Great Tusk|Protosynthesis|[silent]\n|switch|p2a: Dragonite|Dragonite, M|93\/100\n|move|p1a: \u51d1\u6570|Slack Off|p1a: \u51d1\u6570\n|-heal|p1a: \u51d1\u6570|67\/100\n|\n|upkeep\n|turn|65\n|\n|t:|1701167783\n|move|p2a: Dragonite|Heal Bell|p2a: Dragonite\n|-activate|p2a: Dragonite|move: Heal Bell\n|-curestatus|p2: Kyurem|brn|[msg]\n|-curestatus|p2: Alomomola|tox|[msg]\n|-curestatus|p2: Great Tusk|brn|[msg]\n|move|p1a: \u51d1\u6570|Torch Song|p2a: Dragonite\n|-resisted|p2a: Dragonite\n|-damage|p2a: Dragonite|82\/100\n|-boost|p1a: \u51d1\u6570|spa|1\n|\n|upkeep\n|turn|66\n|\n|t:|1701167799\n|switch|p2a: Latias|Latias-Mega, F|100\/100\n|move|p1a: \u51d1\u6570|Will-O-Wisp|p2a: Latias|[miss]\n|-miss|p1a: \u51d1\u6570|p2a: Latias\n|\n|upkeep\n|turn|67\n|\n|t:|1701167808\n|switch|p1a: \u5de5\u5177\u86cb|Chansey, F|95\/100\n|move|p2a: Latias|Psych Up|p1a: \u5de5\u5177\u86cb\n|-copyboost|p2a: Latias|p1a: \u5de5\u5177\u86cb|[from] move: Psych Up\n|\n|upkeep\n|turn|68\n|\n|t:|1701167817\n|switch|p2a: Great Tusk|Great Tusk, shiny|94\/100\n|move|p1a: \u5de5\u5177\u86cb|Toxic|p2a: Great Tusk\n|-status|p2a: Great Tusk|tox\n|\n|-damage|p2a: Great Tusk|88\/100 tox|[from] psn\n|upkeep\n|turn|69\n|\n|t:|1701167835\n|switch|p1a: \u51d1\u6570|Skeledirge, M, shiny, tera:Flying|67\/100\n|move|p2a: Great Tusk|Close Combat|p1a: \u51d1\u6570\n|-resisted|p1a: \u51d1\u6570\n|-crit|p1a: \u51d1\u6570\n|-damage|p1a: \u51d1\u6570|41\/100\n|-unboost|p2a: Great Tusk|def|1\n|-unboost|p2a: Great Tusk|spd|1\n|\n|-damage|p2a: Great Tusk|75\/100 tox|[from] psn\n|upkeep\n|turn|70\n|\n|t:|1701167845\n|move|p2a: Great Tusk|Ice Spinner|p1a: \u51d1\u6570\n|-supereffective|p1a: \u51d1\u6570\n|-damage|p1a: \u51d1\u6570|6\/100\n|move|p1a: \u51d1\u6570|Slack Off|p1a: \u51d1\u6570\n|-heal|p1a: \u51d1\u6570|56\/100\n|\n|-damage|p2a: Great Tusk|57\/100 tox|[from] psn\n|upkeep\n|turn|71\n|\n|t:|1701167859\n|-end|p2a: Great Tusk|Protosynthesis|[silent]\n|switch|p2a: Alomomola|Alomomola, M, shiny|99\/100\n|move|p1a: \u51d1\u6570|Hex|p2a: Alomomola\n|-damage|p2a: Alomomola|83\/100\n|\n|upkeep\n|turn|72\n|\n|t:|1701167871\n|switch|p1a: \u5de5\u5177\u86cb|Chansey, F|95\/100\n|move|p2a: Alomomola|Wish|p2a: Alomomola\n|\n|upkeep\n|turn|73\n|\n|t:|1701167876\n|move|p2a: Alomomola|Flip Turn|p1a: \u5de5\u5177\u86cb\n|-damage|p1a: \u5de5\u5177\u86cb|84\/100\n|\n|t:|1701167881\n|switch|p2a: Great Tusk|Great Tusk, shiny|57\/100 tox|[from] Flip Turn\n|move|p1a: \u5de5\u5177\u86cb|Wish|p1a: \u5de5\u5177\u86cb\n|\n|-heal|p2a: Great Tusk|100\/100 tox|[from] move: Wish|[wisher] Alomomola\n|-damage|p2a: Great Tusk|94\/100 tox|[from] psn\n|upkeep\n|turn|74\n|\n|t:|1701167894\n|switch|p1a: Scizor|Scizor-Mega, M|35\/100\n|move|p2a: Great Tusk|Ice Spinner|p1a: Scizor\n|-resisted|p1a: Scizor\n|-damage|p1a: Scizor|26\/100\n|\n|-heal|p1a: Scizor|100\/100|[from] move: Wish|[wisher] \u5de5\u5177\u86cb\n|-damage|p2a: Great Tusk|82\/100 tox|[from] psn\n|upkeep\n|turn|75\n|\n|t:|1701167907\n|-end|p2a: Great Tusk|Protosynthesis|[silent]\n|switch|p2a: Dragonite|Dragonite, M|82\/100\n|switch|p1a: \u51d1\u6570|Skeledirge, M, shiny, tera:Flying|56\/100\n|\n|upkeep\n|turn|76\n|\n|t:|1701167915\n|move|p2a: Dragonite|Heal Bell|p2a: Dragonite\n|-activate|p2a: Dragonite|move: Heal Bell\n|-curestatus|p2: Great Tusk|tox|[msg]\n|move|p1a: \u51d1\u6570|Will-O-Wisp|p2a: Dragonite\n|-status|p2a: Dragonite|brn\n|\n|-damage|p2a: Dragonite|76\/100 brn|[from] brn\n|upkeep\n|turn|77\n|\n|t:|1701167934\n|switch|p2a: Latias|Latias-Mega, F|100\/100\n|move|p1a: \u51d1\u6570|Slack Off|p1a: \u51d1\u6570\n|-heal|p1a: \u51d1\u6570|100\/100\n|\n|upkeep\n|turn|78\n|\n|t:|1701167943\n|switch|p1a: \u5de5\u5177\u86cb|Chansey, F|84\/100\n|move|p2a: Latias|Thunderbolt|p1a: \u5de5\u5177\u86cb\n|-damage|p1a: \u5de5\u5177\u86cb|74\/100\n|\n|upkeep\n|turn|79\n|\n|t:|1701167952\n|move|p2a: Latias|Psychic|p1a: \u5de5\u5177\u86cb\n|-damage|p1a: \u5de5\u5177\u86cb|59\/100\n|move|p1a: \u5de5\u5177\u86cb|Wish|p1a: \u5de5\u5177\u86cb\n|\n|upkeep\n|turn|80\n|\n|t:|1701167963\n|switch|p2a: Dragonite|Dragonite, M|76\/100 brn\n|move|p1a: \u5de5\u5177\u86cb|Toxic||[still]\n|-fail|p1a: \u5de5\u5177\u86cb\n|\n|-heal|p1a: \u5de5\u5177\u86cb|100\/100|[from] move: Wish|[wisher] \u5de5\u5177\u86cb\n|-damage|p2a: Dragonite|70\/100 brn|[from] brn\n|upkeep\n|turn|81\n|\n|t:|1701167972\n|move|p2a: Dragonite|Heal Bell|p2a: Dragonite\n|-activate|p2a: Dragonite|move: Heal Bell\n|-curestatus|p2a: Dragonite|brn|[msg]\n|move|p1a: \u5de5\u5177\u86cb|Toxic|p2a: Dragonite\n|-status|p2a: Dragonite|tox\n|\n|-damage|p2a: Dragonite|63\/100 tox|[from] psn\n|upkeep\n|turn|82\n|\n|t:|1701167984\n|switch|p2a: Great Tusk|Great Tusk, shiny|82\/100\n|switch|p1a: \u51d1\u6570|Skeledirge, M, shiny, tera:Flying|100\/100\n|\n|upkeep\n|turn|83\n|\n|t:|1701167999\n|-end|p2a: Great Tusk|Protosynthesis|[silent]\n|switch|p2a: Kyurem|Kyurem, shiny|76\/100\n|-ability|p2a: Kyurem|Pressure\n|move|p1a: \u51d1\u6570|Will-O-Wisp|p2a: Kyurem|[miss]\n|-miss|p1a: \u51d1\u6570|p2a: Kyurem\n|\n|upkeep\n|turn|84\n|\n|t:|1701168015\n|switch|p1a: \u5de5\u5177\u86cb|Chansey, F|100\/100\n|move|p2a: Kyurem|Focus Blast|p1a: \u5de5\u5177\u86cb\n|-supereffective|p1a: \u5de5\u5177\u86cb\n|-damage|p1a: \u5de5\u5177\u86cb|63\/100\n|\n|upkeep\n|turn|85\n|\n|t:|1701168032\n|switch|p2a: Alomomola|Alomomola, M, shiny|100\/100\n|move|p1a: \u5de5\u5177\u86cb|Soft-Boiled|p1a: \u5de5\u5177\u86cb\n|-heal|p1a: \u5de5\u5177\u86cb|100\/100\n|\n|upkeep\n|turn|86\n|\n|t:|1701168040\n|move|p2a: Alomomola|Wish|p2a: Alomomola\n|move|p1a: \u5de5\u5177\u86cb|Toxic|p2a: Alomomola\n|-status|p2a: Alomomola|tox\n|\n|-damage|p2a: Alomomola|94\/100 tox|[from] psn\n|upkeep\n|turn|87\n|\n|t:|1701168047\n|move|p2a: Alomomola|Flip Turn|p1a: \u5de5\u5177\u86cb\n|-damage|p1a: \u5de5\u5177\u86cb|90\/100\n|\n|t:|1701168050\n|switch|p2a: Dragonite|Dragonite, M|63\/100 tox|[from] Flip Turn\n|move|p1a: \u5de5\u5177\u86cb|Toxic|p2a: Dragonite\n|-fail|p2a: Dragonite|tox\n|\n|-heal|p2a: Dragonite|100\/100 tox|[from] move: Wish|[wisher] Alomomola\n|-damage|p2a: Dragonite|94\/100 tox|[from] psn\n|upkeep\n|turn|88\n|\n|t:|1701168062\n|move|p2a: Dragonite|Heal Bell|p2a: Dragonite\n|-activate|p2a: Dragonite|move: Heal Bell\n|-curestatus|p2a: Dragonite|tox|[msg]\n|-curestatus|p2: Alomomola|tox|[msg]\n|move|p1a: \u5de5\u5177\u86cb|Toxic|p2a: Dragonite\n|-status|p2a: Dragonite|tox\n|\n|-damage|p2a: Dragonite|88\/100 tox|[from] psn\n|upkeep\n|turn|89\n|\n|t:|1701168074\n|switch|p2a: Great Tusk|Great Tusk, shiny|82\/100\n|move|p1a: \u5de5\u5177\u86cb|Wish|p1a: \u5de5\u5177\u86cb\n|\n|upkeep\n|turn|90\n|\n|t:|1701168084\n|switch|p1a: Scizor|Scizor-Mega, M|100\/100\n|move|p2a: Great Tusk|Headlong Rush|p1a: Scizor\n|-damage|p1a: Scizor|60\/100\n|-unboost|p2a: Great Tusk|def|1\n|-unboost|p2a: Great Tusk|spd|1\n|\n|-heal|p1a: Scizor|100\/100|[from] move: Wish|[wisher] \u5de5\u5177\u86cb\n|upkeep\n|turn|91\n|-message|lxlxlxlxlx forfeited.\n|\n|win|xuwei666\n|raw|xuwei666's rating: 1414 &rarr; <strong>1440<\/strong><br \/>(+26 for winning)\n|raw|lxlxlxlxlx's rating: 1515 &rarr; <strong>1489<\/strong><br \/>(-26 for losing)\n|l|\u2606lxlxlxlxlx\n","uploadtime":1701168109,"views":6,"p1id":"xuwei666","p2id":"lxlxlxlxlx","formatid":"gen9nationaldex","rating":1440,"private":0,"password":""}