{"id":"gen9nationaldex-1995526931","p1":"timthetim","p2":"dragonmaster441","format":"[Gen 9] National Dex","log":"|html|<div class=\"broadcast-blue\"><strong>[Gen 9] National Dex is currently suspecting Sneasler! For information on how to participate check out the <a href=\"https:\/\/www.smogon.com\/forums\/threads\/sv-national-dex-suspect-8-just-dance.3731534\/\">suspect thread<\/a>.<\/strong><\/div>\n|j|\u2606timthetim\n|j|\u2606dragonmaster441\n|t:|1700579960\n|gametype|singles\n|player|p1|timthetim|1|1164\n|player|p2|dragonmaster441|bianca|1264\n|teamsize|p1|6\n|teamsize|p2|6\n|gen|9\n|tier|[Gen 9] National Dex\n|rated|\n|rule|HP Percentage Mod: HP is shown in percentages\n|rule|Endless Battle Clause: Forcing endless battles is banned\n|rule|OHKO Clause: OHKO moves are banned\n|rule|Evasion Clause: Evasion abilities, items, and moves are banned\n|rule|Evasion Abilities Clause: Evasion abilities are banned\n|rule|Evasion Items Clause: Evasion items are banned\n|rule|Evasion Moves Clause: Evasion moves are banned\n|rule|Species Clause: Limit one of each Pok\u00e9mon\n|rule|Sleep Clause Mod: Limit one foe put to sleep\n|clearpoke\n|poke|p1|Heracross, M|\n|poke|p1|Charizard, F|\n|poke|p1|Kartana|\n|poke|p1|Gliscor, F|\n|poke|p1|Ferrothorn, M|\n|poke|p1|Rotom-Wash|\n|poke|p2|Zapdos|\n|poke|p2|Heracross, M|\n|poke|p2|Pidgeot, M|\n|poke|p2|Samurott-Hisui, F|\n|poke|p2|Maushold-Four|\n|poke|p2|Weavile, F|\n|teampreview\n|inactive|Battle timer is ON: inactive players will automatically lose when time's up. (requested by dragonmaster441)\n|c|\u2606dragonmaster441|hf\n|c|\u2606timthetim|glhf\n|\n|t:|1700579980\n|start\n|switch|p1a: Gliscor|Gliscor, F|100\/100\n|switch|p2a: eagleraptor truel?|Pidgeot, M|100\/100\n|turn|1\n|\n|t:|1700579985\n|detailschange|p2a: eagleraptor truel?|Pidgeot-Mega, M\n|-mega|p2a: eagleraptor truel?|Pidgeot|Pidgeotite\n|move|p2a: eagleraptor truel?|Swagger|p1a: Gliscor\n|-boost|p1a: Gliscor|atk|2\n|-start|p1a: Gliscor|confusion\n|-activate|p1a: Gliscor|confusion\n|move|p1a: Gliscor|Toxic|p2a: eagleraptor truel?\n|-status|p2a: eagleraptor truel?|tox\n|\n|-damage|p2a: eagleraptor truel?|94\/100 tox|[from] psn\n|-status|p1a: Gliscor|tox|[from] item: Toxic Orb\n|upkeep\n|turn|2\n|\n|t:|1700579995\n|switch|p1a: Ferrothorn|Ferrothorn, M|100\/100\n|move|p2a: eagleraptor truel?|Hurricane|p1a: Ferrothorn\n|-damage|p1a: Ferrothorn|62\/100\n|-start|p1a: Ferrothorn|confusion\n|\n|-heal|p1a: Ferrothorn|68\/100|[from] item: Leftovers\n|-damage|p2a: eagleraptor truel?|82\/100 tox|[from] psn\n|upkeep\n|turn|3\n|\n|t:|1700580001\n|-activate|p1a: Ferrothorn|confusion\n|move|p1a: Ferrothorn|Protect|p1a: Ferrothorn\n|-singleturn|p1a: Ferrothorn|Protect\n|move|p2a: eagleraptor truel?|Heat Wave|p1a: Ferrothorn\n|-activate|p1a: Ferrothorn|move: Protect\n|\n|-heal|p1a: Ferrothorn|74\/100|[from] item: Leftovers\n|-damage|p2a: eagleraptor truel?|63\/100 tox|[from] psn\n|upkeep\n|turn|4\n|\n|t:|1700580015\n|switch|p2a: 8-bit|Zapdos|100\/100\n|-terastallize|p1a: Ferrothorn|Ghost\n|-activate|p1a: Ferrothorn|confusion\n|move|p1a: Ferrothorn|Leech Seed|p2a: 8-bit\n|-start|p2a: 8-bit|move: Leech Seed\n|\n|-heal|p1a: Ferrothorn|80\/100|[from] item: Leftovers\n|-damage|p2a: 8-bit|88\/100|[from] Leech Seed|[of] p1a: Ferrothorn\n|-heal|p1a: Ferrothorn|93\/100|[silent]\n|upkeep\n|turn|5\n|\n|t:|1700580024\n|-activate|p1a: Ferrothorn|confusion\n|move|p1a: Ferrothorn|Protect|p1a: Ferrothorn\n|-singleturn|p1a: Ferrothorn|Protect\n|move|p2a: 8-bit|Discharge|p1a: Ferrothorn\n|-activate|p1a: Ferrothorn|move: Protect\n|\n|-heal|p1a: Ferrothorn|99\/100|[from] item: Leftovers\n|-damage|p2a: 8-bit|76\/100|[from] Leech Seed|[of] p1a: Ferrothorn\n|-heal|p1a: Ferrothorn|100\/100|[silent]\n|upkeep\n|turn|6\n|\n|t:|1700580030\n|move|p2a: 8-bit|Roost|p2a: 8-bit\n|-heal|p2a: 8-bit|100\/100\n|-singleturn|p2a: 8-bit|move: Roost\n|-end|p1a: Ferrothorn|confusion\n|move|p1a: Ferrothorn|Substitute|p1a: Ferrothorn\n|-start|p1a: Ferrothorn|Substitute\n|-damage|p1a: Ferrothorn|76\/100\n|\n|-heal|p1a: Ferrothorn|82\/100|[from] item: Leftovers\n|-damage|p2a: 8-bit|88\/100|[from] Leech Seed|[of] p1a: Ferrothorn\n|-heal|p1a: Ferrothorn|95\/100|[silent]\n|upkeep\n|turn|7\n|\n|t:|1700580042\n|switch|p2a: old ghost|Weavile, F|100\/100\n|move|p1a: Ferrothorn|Curse|p2a: old ghost\n|-start|p2a: old ghost|Curse|[of] p1a: Ferrothorn\n|-damage|p1a: Ferrothorn|45\/100\n|\n|-heal|p1a: Ferrothorn|51\/100|[from] item: Leftovers\n|-damage|p2a: old ghost|76\/100|[from] Curse\n|upkeep\n|turn|8\n|\n|t:|1700580059\n|move|p2a: old ghost|Swords Dance|p2a: old ghost\n|-boost|p2a: old ghost|atk|2\n|move|p1a: Ferrothorn|Leech Seed|p2a: old ghost\n|-start|p2a: old ghost|move: Leech Seed\n|\n|-heal|p1a: Ferrothorn|57\/100|[from] item: Leftovers\n|-damage|p2a: old ghost|63\/100|[from] Leech Seed|[of] p1a: Ferrothorn\n|-heal|p1a: Ferrothorn|67\/100|[silent]\n|-damage|p2a: old ghost|38\/100|[from] Curse\n|upkeep\n|turn|9\n|\n|t:|1700580072\n|move|p1a: Ferrothorn|Protect|p1a: Ferrothorn\n|-singleturn|p1a: Ferrothorn|Protect\n|move|p2a: old ghost|Knock Off|p1a: Ferrothorn\n|-activate|p1a: Ferrothorn|move: Protect\n|\n|-heal|p1a: Ferrothorn|73\/100|[from] item: Leftovers\n|-damage|p2a: old ghost|26\/100|[from] Leech Seed|[of] p1a: Ferrothorn\n|-heal|p1a: Ferrothorn|83\/100|[silent]\n|-damage|p2a: old ghost|1\/100|[from] Curse\n|upkeep\n|turn|10\n|\n|t:|1700580074\n|move|p2a: old ghost|Knock Off|p1a: Ferrothorn\n|-supereffective|p1a: Ferrothorn\n|-end|p1a: Ferrothorn|Substitute\n|move|p1a: Ferrothorn|Substitute|p1a: Ferrothorn\n|-start|p1a: Ferrothorn|Substitute\n|-damage|p1a: Ferrothorn|58\/100\n|\n|-heal|p1a: Ferrothorn|64\/100|[from] item: Leftovers\n|-damage|p2a: old ghost|0 fnt|[from] Leech Seed|[of] p1a: Ferrothorn\n|-heal|p1a: Ferrothorn|65\/100|[silent]\n|faint|p2a: old ghost\n|upkeep\n|\n|t:|1700580079\n|switch|p2a: azalean smoke|Heracross, M|100\/100\n|turn|11\n|\n|t:|1700580084\n|-terastallize|p2a: azalean smoke|Rock\n|move|p2a: azalean smoke|Rock Blast|p1a: Ferrothorn\n|-activate|p1a: Ferrothorn|move: Substitute|[damage]\n|-activate|p1a: Ferrothorn|move: Substitute|[damage]\n|-end|p1a: Ferrothorn|Substitute\n|-damage|p1a: Ferrothorn|55\/100\n|-hitcount|p1a: Ferrothorn|4\n|move|p1a: Ferrothorn|Leech Seed|p2a: azalean smoke|[miss]\n|-miss|p1a: Ferrothorn|p2a: azalean smoke\n|\n|-heal|p1a: Ferrothorn|61\/100|[from] item: Leftovers\n|upkeep\n|turn|12\n|\n|t:|1700580099\n|move|p2a: azalean smoke|Rock Blast|p1a: Ferrothorn\n|-damage|p1a: Ferrothorn|52\/100\n|-damage|p1a: Ferrothorn|42\/100\n|-damage|p1a: Ferrothorn|32\/100\n|-damage|p1a: Ferrothorn|22\/100\n|-hitcount|p1a: Ferrothorn|4\n|move|p1a: Ferrothorn|Leech Seed|p2a: azalean smoke\n|-start|p2a: azalean smoke|move: Leech Seed\n|\n|-heal|p1a: Ferrothorn|28\/100|[from] item: Leftovers\n|-damage|p2a: azalean smoke|88\/100|[from] Leech Seed|[of] p1a: Ferrothorn\n|-heal|p1a: Ferrothorn|38\/100|[silent]\n|upkeep\n|turn|13\n|\n|t:|1700580106\n|move|p1a: Ferrothorn|Protect|p1a: Ferrothorn\n|-singleturn|p1a: Ferrothorn|Protect\n|move|p2a: azalean smoke|Rock Blast|p1a: Ferrothorn\n|-activate|p1a: Ferrothorn|move: Protect\n|\n|-heal|p1a: Ferrothorn|44\/100|[from] item: Leftovers\n|-damage|p2a: azalean smoke|76\/100|[from] Leech Seed|[of] p1a: Ferrothorn\n|-heal|p1a: Ferrothorn|55\/100|[silent]\n|upkeep\n|turn|14\n|\n|t:|1700580109\n|move|p2a: azalean smoke|Rock Blast|p1a: Ferrothorn\n|-damage|p1a: Ferrothorn|45\/100\n|-damage|p1a: Ferrothorn|34\/100\n|-damage|p1a: Ferrothorn|24\/100\n|-damage|p1a: Ferrothorn|15\/100\n|-damage|p1a: Ferrothorn|6\/100\n|-hitcount|p1a: Ferrothorn|5\n|move|p1a: Ferrothorn|Substitute|p1a: Ferrothorn\n|-fail|p1a: Ferrothorn|move: Substitute|[weak]\n|\n|-heal|p1a: Ferrothorn|12\/100|[from] item: Leftovers\n|-damage|p2a: azalean smoke|64\/100|[from] Leech Seed|[of] p1a: Ferrothorn\n|-heal|p1a: Ferrothorn|22\/100|[silent]\n|upkeep\n|turn|15\n|\n|t:|1700580114\n|move|p1a: Ferrothorn|Protect|p1a: Ferrothorn\n|-singleturn|p1a: Ferrothorn|Protect\n|move|p2a: azalean smoke|Swords Dance|p2a: azalean smoke\n|-boost|p2a: azalean smoke|atk|2\n|\n|-heal|p1a: Ferrothorn|28\/100|[from] item: Leftovers\n|-damage|p2a: azalean smoke|51\/100|[from] Leech Seed|[of] p1a: Ferrothorn\n|-heal|p1a: Ferrothorn|39\/100|[silent]\n|upkeep\n|turn|16\n|\n|t:|1700580122\n|move|p2a: azalean smoke|Rock Blast|p1a: Ferrothorn\n|-damage|p1a: Ferrothorn|17\/100\n|-damage|p1a: Ferrothorn|0 fnt\n|faint|p1a: Ferrothorn\n|-ability|p2a: azalean smoke|Moxie|boost\n|-boost|p2a: azalean smoke|atk|1\n|-hitcount|p1: Ferrothorn|2\n|\n|upkeep\n|\n|t:|1700580136\n|switch|p1a: Kartana|Kartana|100\/100\n|turn|17\n|\n|t:|1700580148\n|move|p1a: Kartana|Smart Strike|p2a: azalean smoke\n|-supereffective|p2a: azalean smoke\n|-damage|p2a: azalean smoke|0 fnt\n|faint|p2a: azalean smoke\n|-ability|p1a: Kartana|Beast Boost|boost\n|-boost|p1a: Kartana|atk|1\n|\n|upkeep\n|\n|t:|1700580153\n|switch|p2a: eagleraptor truel?|Pidgeot-Mega, M|63\/100 tox\n|turn|18\n|\n|t:|1700580156\n|move|p2a: eagleraptor truel?|Heat Wave|p1a: Kartana\n|-supereffective|p1a: Kartana\n|-damage|p1a: Kartana|0 fnt\n|faint|p1a: Kartana\n|\n|-damage|p2a: eagleraptor truel?|57\/100 tox|[from] psn\n|upkeep\n|\n|t:|1700580160\n|switch|p1a: Gliscor|Gliscor, F|100\/100 tox\n|turn|19\n|\n|t:|1700580163\n|move|p2a: eagleraptor truel?|Hurricane|p1a: Gliscor\n|-damage|p1a: Gliscor|33\/100 tox\n|move|p1a: Gliscor|Stealth Rock|p2a: eagleraptor truel?\n|-sidestart|p2: dragonmaster441|move: Stealth Rock\n|\n|-damage|p2a: eagleraptor truel?|45\/100 tox|[from] psn\n|-heal|p1a: Gliscor|46\/100 tox|[from] ability: Poison Heal\n|upkeep\n|turn|20\n|\n|t:|1700580171\n|move|p1a: Gliscor|Protect|p1a: Gliscor\n|-singleturn|p1a: Gliscor|Protect\n|move|p2a: eagleraptor truel?|Hurricane|p1a: Gliscor\n|-activate|p1a: Gliscor|move: Protect\n|\n|-damage|p2a: eagleraptor truel?|26\/100 tox|[from] psn\n|-heal|p1a: Gliscor|58\/100 tox|[from] ability: Poison Heal\n|upkeep\n|turn|21\n|\n|t:|1700580194\n|move|p1a: Gliscor|Protect||[still]\n|-fail|p1a: Gliscor\n|move|p2a: eagleraptor truel?|Hurricane|p1a: Gliscor\n|-damage|p1a: Gliscor|0 fnt\n|faint|p1a: Gliscor\n|\n|-damage|p2a: eagleraptor truel?|1\/100 tox|[from] psn\n|upkeep\n|\n|t:|1700580203\n|switch|p1a: Rotom|Rotom-Wash|100\/100\n|turn|22\n|\n|t:|1700580206\n|move|p2a: eagleraptor truel?|Toxic|p1a: Rotom\n|-status|p1a: Rotom|tox\n|move|p1a: Rotom|Thunderbolt|p2a: eagleraptor truel?\n|-supereffective|p2a: eagleraptor truel?\n|-damage|p2a: eagleraptor truel?|0 fnt\n|faint|p2a: eagleraptor truel?\n|\n|-damage|p1a: Rotom|94\/100 tox|[from] psn\n|upkeep\n|\n|t:|1700580210\n|switch|p2a: strengthinnumbers|Maushold-Four|100\/100\n|-damage|p2a: strengthinnumbers|88\/100|[from] Stealth Rock\n|turn|23\n|\n|t:|1700580216\n|move|p2a: strengthinnumbers|Tidy Up|p2a: strengthinnumbers\n|-sideend|p2: dragonmaster441|Stealth Rock\n|-activate|p2a: strengthinnumbers|move: Tidy Up\n|-boost|p2a: strengthinnumbers|atk|1\n|-boost|p2a: strengthinnumbers|spe|1\n|move|p1a: Rotom|Hydro Pump|p2a: strengthinnumbers\n|-damage|p2a: strengthinnumbers|18\/100\n|\n|-damage|p1a: Rotom|82\/100 tox|[from] psn\n|upkeep\n|turn|24\n|\n|t:|1700580237\n|move|p2a: strengthinnumbers|Population Bomb|p1a: Rotom\n|-damage|p1a: Rotom|59\/100 tox\n|-damage|p1a: Rotom|39\/100 tox\n|-damage|p1a: Rotom|15\/100 tox\n|-damage|p1a: Rotom|0 fnt\n|faint|p1a: Rotom\n|-hitcount|p1: Rotom|4\n|\n|upkeep\n|\n|t:|1700580245\n|switch|p1a: Harold|Heracross, M|100\/100\n|turn|25\n|\n|t:|1700580253\n|move|p2a: strengthinnumbers|Population Bomb|p1a: Harold\n|-damage|p1a: Harold|78\/100\n|-damage|p1a: Harold|52\/100\n|-damage|p1a: Harold|28\/100\n|-damage|p1a: Harold|3\/100\n|-hitcount|p1a: Harold|4\n|move|p1a: Harold|Pin Missile|p2a: strengthinnumbers\n|-damage|p2a: strengthinnumbers|0 fnt\n|faint|p2a: strengthinnumbers\n|-ability|p1a: Harold|Moxie|boost\n|-boost|p1a: Harold|atk|1\n|-hitcount|p2: strengthinnumbers|1\n|\n|upkeep\n|\n|t:|1700580262\n|switch|p2a: 8-bit|Zapdos|88\/100\n|turn|26\n|\n|t:|1700580269\n|move|p1a: Harold|Rock Blast|p2a: 8-bit\n|-supereffective|p2a: 8-bit\n|-damage|p2a: 8-bit|58\/100\n|-supereffective|p2a: 8-bit\n|-damage|p2a: 8-bit|31\/100\n|-supereffective|p2a: 8-bit\n|-damage|p2a: 8-bit|4\/100\n|-supereffective|p2a: 8-bit\n|-damage|p2a: 8-bit|0 fnt\n|faint|p2a: 8-bit\n|-ability|p1a: Harold|Moxie|boost\n|-boost|p1a: Harold|atk|1\n|-hitcount|p2: 8-bit|4\n|\n|upkeep\n|\n|t:|1700580273\n|switch|p2a: DARK OLLY|Samurott-Hisui, F|100\/100\n|turn|27\n|c|\u2606timthetim|why so slow?\n|\n|t:|1700580278\n|move|p2a: DARK OLLY|Night Slash|p1a: Harold\n|-resisted|p1a: Harold\n|-damage|p1a: Harold|0 fnt\n|faint|p1a: Harold\n|\n|upkeep\n|\n|t:|1700580280\n|switch|p1a: Charizard|Charizard, F|100\/100\n|turn|28\n|\n|t:|1700580286\n|detailschange|p1a: Charizard|Charizard-Mega-Y, F\n|-mega|p1a: Charizard|Charizard|Charizardite Y\n|-weather|SunnyDay|[from] ability: Drought|[of] p1a: Charizard\n|move|p1a: Charizard|Air Slash|p2a: DARK OLLY\n|-damage|p2a: DARK OLLY|37\/100\n|move|p2a: DARK OLLY|Razor Shell|p1a: Charizard\n|-supereffective|p1a: Charizard\n|-damage|p1a: Charizard|22\/100\n|\n|-weather|SunnyDay|[upkeep]\n|upkeep\n|turn|29\n|\n|t:|1700580294\n|move|p1a: Charizard|Air Slash|p2a: DARK OLLY\n|-damage|p2a: DARK OLLY|0 fnt\n|faint|p2a: DARK OLLY\n|\n|win|timthetim\n|raw|timthetim's rating: 1164 &rarr; <strong>1196<\/strong><br \/>(+32 for winning)\n|raw|dragonmaster441's rating: 1264 &rarr; <strong>1232<\/strong><br \/>(-32 for losing)\n|c|\u2606timthetim|gg\n|c|\u2606dragonmaster441|gg\n","uploadtime":1700580301,"views":0,"p1id":"timthetim","p2id":"dragonmaster441","formatid":"gen9nationaldex","rating":1196,"private":0,"password":""}