{"id":"gen9nationaldex-1994372968","p1":"Cloakedbymist","p2":"StarChaserV","format":"[Gen 9] National Dex","log":"|j|\u2606Cloakedbymist\n|j|\u2606StarChaserV\n|t:|1700436477\n|gametype|singles\n|player|p1|Cloakedbymist|giovanni|1444\n|player|p2|StarChaserV|tate|1474\n|teamsize|p1|6\n|teamsize|p2|6\n|gen|9\n|tier|[Gen 9] National Dex\n|rated|\n|rule|HP Percentage Mod: HP is shown in percentages\n|rule|Endless Battle Clause: Forcing endless battles is banned\n|rule|OHKO Clause: OHKO moves are banned\n|rule|Evasion Clause: Evasion abilities, items, and moves are banned\n|rule|Evasion Abilities Clause: Evasion abilities are banned\n|rule|Evasion Items Clause: Evasion items are banned\n|rule|Evasion Moves Clause: Evasion moves are banned\n|rule|Species Clause: Limit one of each Pok\u00e9mon\n|rule|Sleep Clause Mod: Limit one foe put to sleep\n|clearpoke\n|poke|p1|Heatran, F|\n|poke|p1|Ferrothorn, M|\n|poke|p1|Dragonite, F|\n|poke|p1|Zapdos|\n|poke|p1|Scizor, F|\n|poke|p1|Greninja-*, M|\n|poke|p2|Inteleon, F|\n|poke|p2|Dragonite, F|\n|poke|p2|Vivillon-Pokeball, F|\n|poke|p2|Clefable, F|\n|poke|p2|Victini|\n|poke|p2|Jellicent, F|\n|teampreview\n|inactive|Battle timer is ON: inactive players will automatically lose when time's up. (requested by StarChaserV)\n|\n|t:|1700436486\n|start\n|switch|p1a: Paper|Zapdos, shiny|100\/100\n|switch|p2a: Pok\u00e9ball|Vivillon-Pokeball, F|100\/100\n|turn|1\n|\n|t:|1700436495\n|move|p2a: Pok\u00e9ball|Sleep Powder|p1a: Paper\n|-status|p1a: Paper|slp|[from] move: Sleep Powder\n|cant|p1a: Paper|slp\n|\n|upkeep\n|turn|2\n|\n|t:|1700436499\n|switch|p1a: Flare|Heatran, F, shiny|100\/100\n|move|p2a: Pok\u00e9ball|Quiver Dance|p2a: Pok\u00e9ball\n|-boost|p2a: Pok\u00e9ball|spa|1\n|-boost|p2a: Pok\u00e9ball|spd|1\n|-boost|p2a: Pok\u00e9ball|spe|1\n|\n|upkeep\n|turn|3\n|\n|t:|1700436502\n|move|p2a: Pok\u00e9ball|Hurricane|p1a: Flare\n|-resisted|p1a: Flare\n|-damage|p1a: Flare|80\/100\n|-start|p1a: Flare|confusion\n|-activate|p1a: Flare|confusion\n|move|p1a: Flare|Magma Storm|p2a: Pok\u00e9ball\n|-supereffective|p2a: Pok\u00e9ball\n|-enditem|p2a: Pok\u00e9ball|Focus Sash\n|-damage|p2a: Pok\u00e9ball|1\/100\n|-activate|p2a: Pok\u00e9ball|move: Magma Storm|[of] p1a: Flare\n|\n|-heal|p1a: Flare|86\/100|[from] item: Leftovers\n|-damage|p2a: Pok\u00e9ball|0 fnt|[from] move: Magma Storm|[partiallytrapped]\n|faint|p2a: Pok\u00e9ball\n|upkeep\n|\n|t:|1700436510\n|switch|p2a: Aqua|Inteleon, F|100\/100\n|turn|4\n|\n|t:|1700436517\n|switch|p2a: GODtini|Victini|100\/100\n|switch|p1a: Paper|Zapdos, shiny|100\/100 slp\n|\n|upkeep\n|turn|5\n|\n|t:|1700436521\n|-zpower|p2a: GODtini\n|move|p2a: GODtini|Z-Celebrate|p2a: GODtini|[anim]Celebrate\n|-boost|p2a: GODtini|atk|1|[zeffect]\n|-boost|p2a: GODtini|def|1|[zeffect]\n|-boost|p2a: GODtini|spa|1|[zeffect]\n|-boost|p2a: GODtini|spd|1|[zeffect]\n|-boost|p2a: GODtini|spe|1|[zeffect]\n|-activate|p2a: GODtini|move: Celebrate\n|cant|p1a: Paper|slp\n|\n|upkeep\n|turn|6\n|\n|t:|1700436530\n|move|p2a: GODtini|Stored Power|p1a: Paper\n|-damage|p1a: Paper|31\/100 slp\n|cant|p1a: Paper|slp\n|\n|upkeep\n|turn|7\n|\n|t:|1700436532\n|move|p2a: GODtini|Stored Power|p1a: Paper\n|-damage|p1a: Paper|0 fnt\n|faint|p1a: Paper\n|\n|upkeep\n|\n|t:|1700436535\n|switch|p1a: Shrek|Dragonite, F, shiny|100\/100\n|turn|8\n|\n|t:|1700436537\n|-terastallize|p1a: Shrek|Normal\n|move|p2a: GODtini|Stored Power|p1a: Shrek\n|-damage|p1a: Shrek|57\/100\n|move|p1a: Shrek|Dragon Dance|p1a: Shrek\n|-boost|p1a: Shrek|atk|1\n|-boost|p1a: Shrek|spe|1\n|\n|upkeep\n|turn|9\n|\n|t:|1700436540\n|move|p1a: Shrek|Extreme Speed|p2a: GODtini\n|-damage|p2a: GODtini|49\/100\n|move|p2a: GODtini|Focus Blast|p1a: Shrek\n|-supereffective|p1a: Shrek\n|-damage|p1a: Shrek|0 fnt\n|faint|p1a: Shrek\n|\n|upkeep\n|\n|t:|1700436544\n|switch|p1a: Shade|Greninja, M|100\/100\n|turn|10\n|\n|t:|1700436546\n|move|p1a: Shade|Water Shuriken|p2a: GODtini\n|-supereffective|p2a: GODtini\n|-damage|p2a: GODtini|37\/100\n|-supereffective|p2a: GODtini\n|-damage|p2a: GODtini|25\/100\n|-hitcount|p2a: GODtini|2\n|-damage|p1a: Shade|91\/100|[from] item: Life Orb\n|move|p2a: GODtini|Focus Blast|p1a: Shade\n|-supereffective|p1a: Shade\n|-damage|p1a: Shade|0 fnt\n|faint|p1a: Shade\n|\n|upkeep\n|\n|t:|1700436563\n|switch|p1a: Menace|Scizor, F, shiny|100\/100\n|turn|11\n|\n|t:|1700436567\n|detailschange|p1a: Menace|Scizor-Mega, F, shiny\n|-mega|p1a: Menace|Scizor|Scizorite\n|move|p1a: Menace|Bullet Punch|p2a: GODtini\n|-resisted|p2a: GODtini\n|-damage|p2a: GODtini|12\/100\n|move|p2a: GODtini|Searing Shot|p1a: Menace\n|-supereffective|p1a: Menace\n|-damage|p1a: Menace|0 fnt\n|faint|p1a: Menace\n|\n|upkeep\n|\n|t:|1700436572\n|switch|p1a: Flare|Heatran, F, shiny|86\/100\n|turn|12\n|\n|t:|1700436576\n|move|p2a: GODtini|Focus Blast|p1a: Flare|[miss]\n|-miss|p2a: GODtini|p1a: Flare\n|move|p1a: Flare|Earth Power|p2a: GODtini\n|-supereffective|p2a: GODtini\n|-damage|p2a: GODtini|0 fnt\n|faint|p2a: GODtini\n|\n|-heal|p1a: Flare|92\/100|[from] item: Leftovers\n|upkeep\n|\n|t:|1700436578\n|switch|p2a: Aqua|Inteleon, F|100\/100\n|turn|13\n|\n|t:|1700436583\n|switch|p1a: Rosethorn|Ferrothorn, M, shiny|100\/100\n|move|p2a: Aqua|Snipe Shot|p1a: Rosethorn\n|-resisted|p1a: Rosethorn\n|-crit|p1a: Rosethorn\n|-damage|p1a: Rosethorn|70\/100\n|\n|upkeep\n|turn|14\n|\n|t:|1700436587\n|move|p2a: Aqua|Snipe Shot|p1a: Rosethorn\n|-resisted|p1a: Rosethorn\n|-crit|p1a: Rosethorn\n|-damage|p1a: Rosethorn|37\/100\n|move|p1a: Rosethorn|Leech Seed|p2a: Aqua\n|-start|p2a: Aqua|move: Leech Seed\n|\n|-damage|p2a: Aqua|88\/100|[from] Leech Seed|[of] p1a: Rosethorn\n|-heal|p1a: Rosethorn|47\/100|[silent]\n|upkeep\n|turn|15\n|\n|t:|1700436590\n|move|p2a: Aqua|Snipe Shot|p1a: Rosethorn\n|-resisted|p1a: Rosethorn\n|-damage|p1a: Rosethorn|32\/100\n|move|p1a: Rosethorn|Power Whip|p2a: Aqua|[miss]\n|-miss|p1a: Rosethorn|p2a: Aqua\n|\n|-damage|p2a: Aqua|76\/100|[from] Leech Seed|[of] p1a: Rosethorn\n|-heal|p1a: Rosethorn|42\/100|[silent]\n|upkeep\n|turn|16\n|\n|t:|1700436594\n|move|p2a: Aqua|Snipe Shot|p1a: Rosethorn\n|-resisted|p1a: Rosethorn\n|-damage|p1a: Rosethorn|29\/100\n|move|p1a: Rosethorn|Power Whip|p2a: Aqua\n|-supereffective|p2a: Aqua\n|-damage|p2a: Aqua|0 fnt\n|faint|p2a: Aqua\n|\n|upkeep\n|\n|t:|1700436597\n|switch|p2a: Wing|Dragonite, F|100\/100\n|turn|17\n|\n|t:|1700436600\n|move|p2a: Wing|Dragon Dance|p2a: Wing\n|-boost|p2a: Wing|atk|1\n|-boost|p2a: Wing|spe|1\n|move|p1a: Rosethorn|Toxic|p2a: Wing\n|-status|p2a: Wing|tox\n|\n|-damage|p2a: Wing|94\/100 tox|[from] psn\n|upkeep\n|turn|18\n|\n|t:|1700436604\n|move|p2a: Wing|Fire Punch|p1a: Rosethorn\n|-supereffective|p1a: Rosethorn\n|-damage|p1a: Rosethorn|0 fnt\n|-damage|p2a: Wing|82\/100 tox|[from] ability: Iron Barbs|[of] p1a: Rosethorn\n|-damage|p2a: Wing|65\/100 tox|[from] item: Rocky Helmet|[of] p1a: Rosethorn\n|faint|p1a: Rosethorn\n|\n|-damage|p2a: Wing|53\/100 tox|[from] psn\n|upkeep\n|\n|t:|1700436609\n|switch|p1a: Flare|Heatran, F, shiny|92\/100\n|turn|19\n|\n|t:|1700436614\n|move|p2a: Wing|Earthquake|p1a: Flare\n|-supereffective|p1a: Flare\n|-damage|p1a: Flare|0 fnt\n|faint|p1a: Flare\n|\n|win|StarChaserV\n|raw|Cloakedbymist's rating: 1444 &rarr; <strong>1426<\/strong><br \/>(-18 for losing)\n|raw|StarChaserV's rating: 1474 &rarr; <strong>1492<\/strong><br \/>(+18 for winning)\n","uploadtime":1700436617,"views":22,"p1id":"cloakedbymist","p2id":"starchaserv","formatid":"gen9nationaldex","rating":1426,"private":0,"password":""}