{"id":"gen9nationaldex-1995647423","p1":"AlastorTheOverlord","p2":"Fuvk french people","format":"[Gen 9] National Dex","log":"|html|<div class=\"broadcast-blue\"><strong>[Gen 9] National Dex is currently suspecting Sneasler! For information on how to participate check out the <a href=\"https:\/\/www.smogon.com\/forums\/threads\/sv-national-dex-suspect-8-just-dance.3731534\/\">suspect thread<\/a>.<\/strong><\/div>\n|j|\u2606AlastorTheOverlord\n|j|\u2606Fuvk french people\n|t:|1700590536\n|gametype|singles\n|player|p1|AlastorTheOverlord|n|1120\n|player|p2|Fuvk french people|ballguy|1000\n|teamsize|p1|6\n|teamsize|p2|6\n|gen|9\n|tier|[Gen 9] National Dex\n|rated|\n|rule|HP Percentage Mod: HP is shown in percentages\n|rule|Endless Battle Clause: Forcing endless battles is banned\n|rule|OHKO Clause: OHKO moves are banned\n|rule|Evasion Clause: Evasion abilities, items, and moves are banned\n|rule|Evasion Abilities Clause: Evasion abilities are banned\n|rule|Evasion Items Clause: Evasion items are banned\n|rule|Evasion Moves Clause: Evasion moves are banned\n|rule|Species Clause: Limit one of each Pok\u00e9mon\n|rule|Sleep Clause Mod: Limit one foe put to sleep\n|clearpoke\n|poke|p1|Blastoise, M|\n|poke|p1|Nidoking, M|\n|poke|p1|Snorlax, M|\n|poke|p1|Scizor, M|\n|poke|p1|Venusaur, M|\n|poke|p1|Dragonite, M|\n|poke|p2|Zapdos-Galar|\n|poke|p2|Ribombee, M|\n|poke|p2|Kyurem|\n|poke|p2|Excadrill, M|\n|poke|p2|Primarina, F|\n|poke|p2|Munkidori, M|\n|teampreview\n|inactive|Battle timer is ON: inactive players will automatically lose when time's up. (requested by AlastorTheOverlord)\n|l|\u2606Fuvk french people\n|inactive|Fuvk french people disconnected and has a minute to reconnect!\n|player|p2|\n|j|\u2606Fuvk french people\n|inactive|Fuvk french people reconnected and has 115 seconds left.\n|player|p2|Fuvk french people|ballguy\n|\n|t:|1700590575\n|start\n|switch|p1a: Scizor|Scizor, M|100\/100\n|switch|p2a: Ribombee|Ribombee, M|100\/100\n|turn|1\n|\n|t:|1700590596\n|detailschange|p1a: Scizor|Scizor-Mega, M\n|-mega|p1a: Scizor|Scizor|Scizorite\n|move|p1a: Scizor|Bullet Punch|p2a: Ribombee\n|-supereffective|p2a: Ribombee\n|-enditem|p2a: Ribombee|Focus Sash\n|-damage|p2a: Ribombee|1\/100\n|move|p2a: Ribombee|Sticky Web|p1a: Scizor\n|-sidestart|p1: AlastorTheOverlord|move: Sticky Web\n|\n|upkeep\n|turn|2\n|\n|t:|1700590604\n|move|p2a: Ribombee|Stun Spore|p1a: Scizor\n|-status|p1a: Scizor|par\n|move|p1a: Scizor|Defog|p2a: Ribombee\n|-unboost|p2a: Ribombee|evasion|1\n|-sideend|p1: AlastorTheOverlord|Sticky Web|[from] move: Defog|[of] p1a: Scizor\n|\n|upkeep\n|turn|3\n|\n|t:|1700590610\n|switch|p2a: Excadrill|Excadrill, M|100\/100\n|-ability|p2a: Excadrill|Mold Breaker\n|cant|p1a: Scizor|par\n|\n|upkeep\n|turn|4\n|\n|t:|1700590617\n|move|p2a: Excadrill|Stealth Rock|p1a: Scizor\n|-sidestart|p1: AlastorTheOverlord|move: Stealth Rock\n|cant|p1a: Scizor|par\n|\n|upkeep\n|turn|5\n|\n|t:|1700590621\n|move|p2a: Excadrill|Earthquake|p1a: Scizor\n|-crit|p1a: Scizor\n|-damage|p1a: Scizor|36\/100 par\n|cant|p1a: Scizor|par\n|\n|upkeep\n|turn|6\n|\n|t:|1700590627\n|cant|p1a: Scizor|par\n|move|p2a: Excadrill|Earthquake|p1a: Scizor\n|-damage|p1a: Scizor|0 fnt\n|faint|p1a: Scizor\n|\n|upkeep\n|\n|t:|1700590633\n|switch|p1a: Sprig|Venusaur, M, shiny|100\/100\n|-damage|p1a: Sprig|88\/100|[from] Stealth Rock\n|turn|7\n|\n|t:|1700590638\n|switch|p2a: Munkidori|Munkidori, M|100\/100\n|move|p1a: Sprig|Leech Seed|p2a: Munkidori|[miss]\n|-miss|p1a: Sprig|p2a: Munkidori\n|\n|upkeep\n|turn|8\n|\n|t:|1700590652\n|move|p2a: Munkidori|Psychic|p1a: Sprig\n|-supereffective|p1a: Sprig\n|-damage|p1a: Sprig|0 fnt\n|faint|p1a: Sprig\n|\n|upkeep\n|\n|t:|1700590657\n|switch|p1a: Mario Kebab|Snorlax, M, shiny|100\/100\n|-damage|p1a: Mario Kebab|88\/100|[from] Stealth Rock\n|turn|9\n|\n|t:|1700590665\n|switch|p2a: Excadrill|Excadrill, M|100\/100\n|-ability|p2a: Excadrill|Mold Breaker\n|move|p1a: Mario Kebab|Body Slam|p2a: Excadrill\n|-resisted|p2a: Excadrill\n|-damage|p2a: Excadrill|73\/100\n|\n|upkeep\n|turn|10\n|\n|t:|1700590674\n|move|p2a: Excadrill|Earthquake|p1a: Mario Kebab\n|-damage|p1a: Mario Kebab|42\/100\n|move|p1a: Mario Kebab|Body Slam|p2a: Excadrill\n|-resisted|p2a: Excadrill\n|-damage|p2a: Excadrill|44\/100\n|\n|upkeep\n|turn|11\n|\n|t:|1700590681\n|move|p2a: Excadrill|Earthquake|p1a: Mario Kebab\n|-damage|p1a: Mario Kebab|2\/100\n|move|p1a: Mario Kebab|Rest|p1a: Mario Kebab\n|-status|p1a: Mario Kebab|slp|[from] move: Rest\n|-heal|p1a: Mario Kebab|100\/100 slp|[silent]\n|-enditem|p1a: Mario Kebab|Chesto Berry|[eat]\n|-curestatus|p1a: Mario Kebab|slp|[msg]\n|\n|upkeep\n|turn|12\n|\n|t:|1700590693\n|move|p2a: Excadrill|Earthquake|p1a: Mario Kebab\n|-crit|p1a: Mario Kebab\n|-damage|p1a: Mario Kebab|35\/100\n|move|p1a: Mario Kebab|Body Slam|p2a: Excadrill\n|-resisted|p2a: Excadrill\n|-damage|p2a: Excadrill|17\/100\n|\n|upkeep\n|turn|13\n|\n|t:|1700590700\n|move|p2a: Excadrill|Earthquake|p1a: Mario Kebab\n|-damage|p1a: Mario Kebab|0 fnt\n|faint|p1a: Mario Kebab\n|\n|upkeep\n|\n|t:|1700590708\n|switch|p1a: Escuerul|Blastoise, M|100\/100\n|-damage|p1a: Escuerul|88\/100|[from] Stealth Rock\n|turn|14\n|\n|t:|1700590718\n|switch|p2a: Kyurem|Kyurem|100\/100\n|-ability|p2a: Kyurem|Pressure\n|move|p1a: Escuerul|Shell Smash|p1a: Escuerul\n|-unboost|p1a: Escuerul|def|1\n|-unboost|p1a: Escuerul|spd|1\n|-boost|p1a: Escuerul|atk|2\n|-boost|p1a: Escuerul|spa|2\n|-boost|p1a: Escuerul|spe|2\n|-enditem|p1a: Escuerul|White Herb\n|-clearnegativeboost|p1a: Escuerul|[silent]\n|\n|upkeep\n|turn|15\n|j| RedFRLG2004\n|\n|t:|1700590730\n|-terastallize|p2a: Kyurem|Dragon\n|move|p1a: Escuerul|Aura Sphere|p2a: Kyurem\n|-damage|p2a: Kyurem|54\/100\n|move|p2a: Kyurem|Freeze-Dry|p1a: Escuerul\n|-supereffective|p1a: Escuerul\n|-damage|p1a: Escuerul|0 fnt\n|faint|p1a: Escuerul\n|\n|upkeep\n|\n|t:|1700590735\n|switch|p1a: Baragon|Nidoking, M|100\/100\n|-damage|p1a: Baragon|94\/100|[from] Stealth Rock\n|turn|16\n|\n|t:|1700590742\n|move|p2a: Kyurem|Freeze-Dry|p1a: Baragon\n|-supereffective|p1a: Baragon\n|-crit|p1a: Baragon\n|-damage|p1a: Baragon|0 fnt\n|faint|p1a: Baragon\n|\n|upkeep\n|\n|t:|1700590747\n|switch|p1a: Dragonite|Dragonite, M|100\/100\n|turn|17\n|\n|t:|1700590751\n|-terastallize|p1a: Dragonite|Normal\n|move|p2a: Kyurem|Freeze-Dry|p1a: Dragonite\n|-damage|p1a: Dragonite|69\/100\n|move|p1a: Dragonite|Dragon Dance|p1a: Dragonite\n|-boost|p1a: Dragonite|atk|1\n|-boost|p1a: Dragonite|spe|1\n|\n|upkeep\n|turn|18\n|\n|t:|1700590762\n|switch|p2a: Ribombee|Ribombee, M|1\/100\n|move|p1a: Dragonite|Dragon Dance|p1a: Dragonite\n|-boost|p1a: Dragonite|atk|1\n|-boost|p1a: Dragonite|spe|1\n|\n|upkeep\n|turn|19\n|\n|t:|1700590770\n|move|p1a: Dragonite|Extreme Speed|p2a: Ribombee\n|-damage|p2a: Ribombee|0 fnt\n|faint|p2a: Ribombee\n|\n|upkeep\n|\n|t:|1700590774\n|switch|p2a: Zapdos|Zapdos-Galar|100\/100\n|turn|20\n|\n|t:|1700590779\n|move|p1a: Dragonite|Extreme Speed|p2a: Zapdos\n|-damage|p2a: Zapdos|0 fnt\n|faint|p2a: Zapdos\n|\n|upkeep\n|\n|t:|1700590783\n|switch|p2a: Primarina|Primarina, F|100\/100\n|turn|21\n|\n|t:|1700590787\n|move|p1a: Dragonite|Extreme Speed|p2a: Primarina\n|-damage|p2a: Primarina|0 fnt\n|faint|p2a: Primarina\n|\n|upkeep\n|\n|t:|1700590789\n|switch|p2a: Munkidori|Munkidori, M|100\/100\n|turn|22\n|\n|t:|1700590792\n|move|p1a: Dragonite|Extreme Speed|p2a: Munkidori\n|-damage|p2a: Munkidori|0 fnt\n|faint|p2a: Munkidori\n|\n|upkeep\n|\n|t:|1700590794\n|switch|p2a: Excadrill|Excadrill, M|17\/100\n|-ability|p2a: Excadrill|Mold Breaker\n|turn|23\n|\n|t:|1700590797\n|move|p1a: Dragonite|Extreme Speed|p2a: Excadrill\n|-resisted|p2a: Excadrill\n|-crit|p2a: Excadrill\n|-damage|p2a: Excadrill|0 fnt\n|faint|p2a: Excadrill\n|\n|upkeep\n|\n|t:|1700590799\n|switch|p2a: Kyurem|Kyurem, tera:Dragon|54\/100\n|-ability|p2a: Kyurem|Pressure\n|turn|24\n|\n|t:|1700590804\n|move|p1a: Dragonite|Extreme Speed|p2a: Kyurem\n|-damage|p2a: Kyurem|0 fnt\n|faint|p2a: Kyurem\n|\n|win|AlastorTheOverlord\n|raw|AlastorTheOverlord's rating: 1120 &rarr; <strong>1137<\/strong><br \/>(+17 for winning)\n|raw|Fuvk french people's rating: 1000 &rarr; <strong>1000<\/strong><br \/>(+0 for losing)\n|l|\u2606Fuvk french people\n|c| RedFRLG2004|Ohhh\n|c| RedFRLG2004|Hermano\n|c|\u2606AlastorTheOverlord|Barridazo\n|c| RedFRLG2004|Epicardo\n|c| RedFRLG2004|Giro de 360\u00b0\n|c|\u2606AlastorTheOverlord|seee\n|c|\u2606AlastorTheOverlord|osea\n|c|\u2606AlastorTheOverlord|la ten\u00eda perd\u00eda\n|c| RedFRLG2004|Me corroooo\n|c|\u2606AlastorTheOverlord|pero aprovech\u00e9 un mal movimiento y me lo di vuelta como una hamburguesa\n|c| RedFRLG2004|Est\u00e9 combate si o si tiene que estar en la seria\n|l| RedFRLG2004\n","uploadtime":1700590818,"views":1,"p1id":"alastortheoverlord","p2id":"fuvkfrenchpeople","formatid":"gen9nationaldex","rating":1000,"private":0,"password":""}