{"id":"gen9nationaldex-1993401726","p1":"kukou","p2":"manu333","format":"[Gen 9] National Dex","log":"|j|\u2606kukou\n|j|\u2606manu333\n|t:|1700312843\n|gametype|singles\n|player|p1|kukou|bruno|1208\n|player|p2|manu333|wallace|1284\n|teamsize|p1|6\n|teamsize|p2|6\n|gen|9\n|tier|[Gen 9] National Dex\n|rated|\n|rule|HP Percentage Mod: HP is shown in percentages\n|rule|Endless Battle Clause: Forcing endless battles is banned\n|rule|OHKO Clause: OHKO moves are banned\n|rule|Evasion Clause: Evasion abilities, items, and moves are banned\n|rule|Evasion Abilities Clause: Evasion abilities are banned\n|rule|Evasion Items Clause: Evasion items are banned\n|rule|Evasion Moves Clause: Evasion moves are banned\n|rule|Species Clause: Limit one of each Pok\u00e9mon\n|rule|Sleep Clause Mod: Limit one foe put to sleep\n|clearpoke\n|poke|p1|Tyranitar, M|\n|poke|p1|Heatran, F|\n|poke|p1|Ting-Lu|\n|poke|p1|Manaphy|\n|poke|p1|Togekiss, F|\n|poke|p1|Rillaboom, F|\n|poke|p2|Ferrothorn, F|\n|poke|p2|Alomomola, M|\n|poke|p2|Heatran, F|\n|poke|p2|Tornadus-Therian, M|\n|poke|p2|Gliscor, M|\n|poke|p2|Clefable, M|\n|teampreview\n|inactive|Battle timer is ON: inactive players will automatically lose when time's up. (requested by manu333)\n|\n|t:|1700312859\n|start\n|switch|p1a: Togekiss|Togekiss, F|100\/100\n|switch|p2a: Gliscor|Gliscor, M|100\/100\n|turn|1\n|inactive|kukou has 120 seconds left.\n|\n|t:|1700312891\n|switch|p1a: Manaphy|Manaphy|100\/100\n|move|p2a: Gliscor|Taunt|p1a: Manaphy\n|-start|p1a: Manaphy|move: Taunt\n|\n|-status|p2a: Gliscor|tox|[from] item: Toxic Orb\n|upkeep\n|turn|2\n|inactive|manu333 has 120 seconds left.\n|\n|t:|1700312928\n|move|p1a: Manaphy|Scald|p2a: Gliscor\n|-supereffective|p2a: Gliscor\n|-damage|p2a: Gliscor|30\/100 tox\n|move|p2a: Gliscor|U-turn|p1a: Manaphy\n|-damage|p1a: Manaphy|85\/100\n|\n|t:|1700312937\n|switch|p2a: Ferrothorn|Ferrothorn, F|100\/100|[from] U-turn\n|\n|-heal|p1a: Manaphy|91\/100|[from] item: Leftovers\n|upkeep\n|turn|3\n|\n|t:|1700312947\n|switch|p1a: Heatran|Heatran, F|100\/100\n|move|p2a: Ferrothorn|Toxic|p1a: Heatran\n|-immune|p1a: Heatran\n|\n|upkeep\n|turn|4\n|\n|t:|1700312956\n|switch|p2a: Clefable|Clefable, M|100\/100\n|move|p1a: Heatran|Magma Storm|p2a: Clefable|[miss]\n|-miss|p1a: Heatran|p2a: Clefable\n|\n|upkeep\n|turn|5\n|\n|t:|1700312976\n|move|p1a: Heatran|Magma Storm|p2a: Clefable|[miss]\n|-miss|p1a: Heatran|p2a: Clefable\n|move|p2a: Clefable|Wish|p2a: Clefable\n|\n|upkeep\n|turn|6\n|inactive|manu333 has 120 seconds left.\n|\n|t:|1700313006\n|move|p1a: Heatran|Magma Storm|p2a: Clefable\n|-damage|p2a: Clefable|51\/100\n|-activate|p2a: Clefable|move: Magma Storm|[of] p1a: Heatran\n|move|p2a: Clefable|Calm Mind|p2a: Clefable\n|-boost|p2a: Clefable|spa|1\n|-boost|p2a: Clefable|spd|1\n|\n|-heal|p2a: Clefable|100\/100|[from] move: Wish|[wisher] Clefable\n|-damage|p2a: Clefable|88\/100|[from] move: Magma Storm|[partiallytrapped]\n|upkeep\n|turn|7\n|\n|t:|1700313018\n|move|p1a: Heatran|Flash Cannon|p2a: Clefable\n|-supereffective|p2a: Clefable\n|-damage|p2a: Clefable|39\/100\n|-unboost|p2a: Clefable|spd|1\n|move|p2a: Clefable|Wish|p2a: Clefable\n|\n|-damage|p2a: Clefable|27\/100|[from] move: Magma Storm|[partiallytrapped]\n|upkeep\n|turn|8\n|\n|t:|1700313029\n|-terastallize|p2a: Clefable|Electric\n|move|p1a: Heatran|Flash Cannon|p2a: Clefable\n|-resisted|p2a: Clefable\n|-damage|p2a: Clefable|6\/100\n|move|p2a: Clefable|Calm Mind|p2a: Clefable\n|-boost|p2a: Clefable|spa|1\n|-boost|p2a: Clefable|spd|1\n|\n|-heal|p2a: Clefable|56\/100|[from] move: Wish|[wisher] Clefable\n|-damage|p2a: Clefable|43\/100|[from] move: Magma Storm|[partiallytrapped]\n|upkeep\n|turn|9\n|\n|t:|1700313044\n|move|p1a: Heatran|Earth Power|p2a: Clefable\n|-supereffective|p2a: Clefable\n|-damage|p2a: Clefable|6\/100\n|-unboost|p2a: Clefable|spd|1\n|move|p2a: Clefable|Calm Mind|p2a: Clefable\n|-boost|p2a: Clefable|spa|1\n|-boost|p2a: Clefable|spd|1\n|\n|-damage|p2a: Clefable|0 fnt|[from] move: Magma Storm|[partiallytrapped]\n|faint|p2a: Clefable\n|upkeep\n|-message|manu333 forfeited.\n|\n|win|kukou\n|raw|kukou's rating: 1208 &rarr; <strong>1238<\/strong><br \/>(+30 for winning)\n|raw|manu333's rating: 1284 &rarr; <strong>1254<\/strong><br \/>(-30 for losing)\n|l|\u2606manu333\n","uploadtime":1700313058,"views":7,"p1id":"kukou","p2id":"manu333","formatid":"gen9nationaldex","rating":1238,"private":0,"password":""}