{"id":"gen9nationaldex-1993448370","p1":"zeonteo","p2":"Tempp9","format":"[Gen 9] National Dex","log":"|j|\u2606zeonteo\n|j|\u2606Tempp9\n|t:|1700319194\n|gametype|singles\n|player|p1|zeonteo|pokemonranger-gen4|1361\n|player|p2|Tempp9|ninjaboy|1337\n|teamsize|p1|6\n|teamsize|p2|6\n|gen|9\n|tier|[Gen 9] National Dex\n|rated|\n|rule|HP Percentage Mod: HP is shown in percentages\n|rule|Endless Battle Clause: Forcing endless battles is banned\n|rule|OHKO Clause: OHKO moves are banned\n|rule|Evasion Clause: Evasion abilities, items, and moves are banned\n|rule|Evasion Abilities Clause: Evasion abilities are banned\n|rule|Evasion Items Clause: Evasion items are banned\n|rule|Evasion Moves Clause: Evasion moves are banned\n|rule|Species Clause: Limit one of each Pok\u00e9mon\n|rule|Sleep Clause Mod: Limit one foe put to sleep\n|clearpoke\n|poke|p1|Garchomp, F|\n|poke|p1|Rotom-Wash|\n|poke|p1|Skarmory, M|\n|poke|p1|Blissey, F|\n|poke|p1|Mienshao, F|\n|poke|p1|Amoonguss, M|\n|poke|p2|Garchomp, F|\n|poke|p2|Xurkitree|\n|poke|p2|Ribombee, M|\n|poke|p2|Aegislash, F|\n|poke|p2|Jirachi|\n|poke|p2|Blacephalon|\n|teampreview\n|inactive|Battle timer is ON: inactive players will automatically lose when time's up. (requested by Tempp9)\n|inactive|zeonteo also wants the timer to be on.\n|\n|t:|1700319200\n|start\n|switch|p1a: Rotom|Rotom-Wash|100\/100\n|switch|p2a: Blacephalon|Blacephalon|100\/100\n|turn|1\n|\n|t:|1700319208\n|switch|p1a: Blissey|Blissey, F|100\/100\n|move|p2a: Blacephalon|Shadow Ball|p1a: Blissey\n|-immune|p1a: Blissey\n|\n|upkeep\n|turn|2\n|\n|t:|1700319219\n|switch|p2a: Ribombee|Ribombee, M|100\/100\n|move|p1a: Blissey|Stealth Rock|p2a: Ribombee\n|-sidestart|p2: Tempp9|move: Stealth Rock\n|\n|upkeep\n|turn|3\n|\n|t:|1700319226\n|move|p2a: Ribombee|Sticky Web|p1a: Blissey\n|-sidestart|p1: zeonteo|move: Sticky Web\n|move|p1a: Blissey|Toxic|p2a: Ribombee\n|-status|p2a: Ribombee|tox\n|\n|-damage|p2a: Ribombee|94\/100 tox|[from] psn\n|upkeep\n|turn|4\n|\n|t:|1700319246\n|move|p2a: Ribombee|Quiver Dance|p2a: Ribombee\n|-boost|p2a: Ribombee|spa|1\n|-boost|p2a: Ribombee|spd|1\n|-boost|p2a: Ribombee|spe|1\n|move|p1a: Blissey|Flamethrower|p2a: Ribombee\n|-supereffective|p2a: Ribombee\n|-damage|p2a: Ribombee|53\/100 tox\n|\n|-damage|p2a: Ribombee|41\/100 tox|[from] psn\n|upkeep\n|turn|5\n|\n|t:|1700319256\n|move|p2a: Ribombee|Moonblast|p1a: Blissey\n|-damage|p1a: Blissey|77\/100\n|-unboost|p1a: Blissey|spa|1\n|move|p1a: Blissey|Wish|p1a: Blissey\n|\n|-heal|p1a: Blissey|83\/100|[from] item: Leftovers\n|-damage|p2a: Ribombee|22\/100 tox|[from] psn\n|upkeep\n|turn|6\n|inactive|Tempp9 has 120 seconds left.\n|\n|t:|1700319283\n|move|p2a: Ribombee|Moonblast|p1a: Blissey\n|-damage|p1a: Blissey|60\/100\n|move|p1a: Blissey|Flamethrower|p2a: Ribombee\n|-supereffective|p2a: Ribombee\n|-damage|p2a: Ribombee|0 fnt\n|faint|p2a: Ribombee\n|\n|-heal|p1a: Blissey|100\/100|[from] move: Wish|[wisher] Blissey\n|upkeep\n|inactive|Tempp9 has 120 seconds left.\n|\n|t:|1700319289\n|switch|p2a: Garchomp|Garchomp, F|100\/100\n|-damage|p2a: Garchomp|94\/100|[from] Stealth Rock\n|turn|7\n|\n|t:|1700319297\n|move|p2a: Garchomp|Swords Dance|p2a: Garchomp\n|-boost|p2a: Garchomp|atk|2\n|move|p1a: Blissey|Toxic|p2a: Garchomp\n|-status|p2a: Garchomp|tox\n|\n|-damage|p2a: Garchomp|88\/100 tox|[from] psn\n|upkeep\n|turn|8\n|\n|t:|1700319313\n|switch|p1a: Skarmory|Skarmory, M|100\/100\n|detailschange|p2a: Garchomp|Garchomp-Mega, F\n|-mega|p2a: Garchomp|Garchomp|Garchompite\n|move|p2a: Garchomp|Scale Shot|p1a: Skarmory\n|-resisted|p1a: Skarmory\n|-damage|p1a: Skarmory|91\/100\n|-resisted|p1a: Skarmory\n|-crit|p1a: Skarmory\n|-damage|p1a: Skarmory|76\/100\n|-resisted|p1a: Skarmory\n|-damage|p1a: Skarmory|67\/100\n|-hitcount|p1a: Skarmory|3\n|-unboost|p2a: Garchomp|def|1\n|-boost|p2a: Garchomp|spe|1\n|\n|-damage|p2a: Garchomp|76\/100 tox|[from] psn\n|upkeep\n|turn|9\n|\n|t:|1700319330\n|move|p2a: Garchomp|Fire Fang|p1a: Skarmory\n|-supereffective|p1a: Skarmory\n|-damage|p1a: Skarmory|7\/100\n|-damage|p2a: Garchomp|59\/100 tox|[from] item: Rocky Helmet|[of] p1a: Skarmory\n|move|p1a: Skarmory|Roost|p1a: Skarmory\n|-heal|p1a: Skarmory|57\/100\n|-singleturn|p1a: Skarmory|move: Roost\n|\n|-damage|p2a: Garchomp|41\/100 tox|[from] psn\n|upkeep\n|turn|10\n|\n|t:|1700319341\n|switch|p1a: Rotom|Rotom-Wash|100\/100\n|move|p2a: Garchomp|Scale Shot|p1a: Rotom|[miss]\n|-miss|p2a: Garchomp|p1a: Rotom\n|\n|-damage|p2a: Garchomp|16\/100 tox|[from] psn\n|upkeep\n|turn|11\n|\n|t:|1700319359\n|move|p2a: Garchomp|Fire Fang|p1a: Rotom\n|-resisted|p1a: Rotom\n|-damage|p1a: Rotom|80\/100\n|move|p1a: Rotom|Defog|p2a: Garchomp\n|-unboost|p2a: Garchomp|evasion|1\n|-sideend|p2: Tempp9|Stealth Rock|[from] move: Defog|[of] p1a: Rotom\n|-sideend|p1: zeonteo|Sticky Web|[from] move: Defog|[of] p1a: Rotom\n|\n|-heal|p1a: Rotom|87\/100|[from] item: Leftovers\n|-damage|p2a: Garchomp|0 fnt|[from] psn\n|faint|p2a: Garchomp\n|upkeep\n|\n|t:|1700319363\n|switch|p2a: Xurkitree|Xurkitree|100\/100\n|turn|12\n|\n|t:|1700319376\n|switch|p1a: Garchomp|Garchomp, F|100\/100\n|-zpower|p2a: Xurkitree\n|move|p2a: Xurkitree|Z-Hypnosis|p1a: Garchomp|[anim]Hypnosis|[miss]\n|-boost|p2a: Xurkitree|spe|1|[zeffect]\n|-miss|p2a: Xurkitree|p1a: Garchomp\n|\n|upkeep\n|turn|13\n|\n|t:|1700319387\n|move|p2a: Xurkitree|Hypnosis|p1a: Garchomp\n|-status|p1a: Garchomp|slp|[from] move: Hypnosis\n|cant|p1a: Garchomp|slp\n|\n|upkeep\n|turn|14\n|\n|t:|1700319393\n|move|p2a: Xurkitree|Tail Glow|p2a: Xurkitree\n|-boost|p2a: Xurkitree|spa|3\n|-curestatus|p1a: Garchomp|slp|[msg]\n|move|p1a: Garchomp|Earthquake|p2a: Xurkitree\n|-supereffective|p2a: Xurkitree\n|-damage|p2a: Xurkitree|0 fnt\n|faint|p2a: Xurkitree\n|\n|upkeep\n|-message|Tempp9 forfeited.\n|\n|win|zeonteo\n|raw|zeonteo's rating: 1361 &rarr; <strong>1381<\/strong><br \/>(+20 for winning)\n|raw|Tempp9's rating: 1356 &rarr; <strong>1336<\/strong><br \/>(-20 for losing)\n|l|\u2606Tempp9\n","uploadtime":1700319421,"views":8,"p1id":"zeonteo","p2id":"tempp9","formatid":"gen9nationaldex","rating":1336,"private":0,"password":""}