{"id":"gen9nationaldex-1987374923","p1":"Ceviche De Chocho","p2":"Lexxuus2","format":"[Gen 9] National Dex","log":"|j|\u2606Ceviche De Chocho\n|j|\u2606Lexxuus2\n|t:|1699583382\n|gametype|singles\n|player|p1|Ceviche De Chocho|265|\n|player|p2|Lexxuus2|veteran|\n|teamsize|p1|6\n|teamsize|p2|6\n|gen|9\n|tier|[Gen 9] National Dex\n|rule|HP Percentage Mod: HP is shown in percentages\n|rule|Endless Battle Clause: Forcing endless battles is banned\n|rule|OHKO Clause: OHKO moves are banned\n|rule|Evasion Clause: Evasion abilities, items, and moves are banned\n|rule|Evasion Abilities Clause: Evasion abilities are banned\n|rule|Evasion Items Clause: Evasion items are banned\n|rule|Evasion Moves Clause: Evasion moves are banned\n|rule|Species Clause: Limit one of each Pok\u00e9mon\n|rule|Sleep Clause Mod: Limit one foe put to sleep\n|clearpoke\n|poke|p1|Ditto|\n|poke|p1|Gardevoir, M|\n|poke|p1|Ogerpon-Wellspring, F|\n|poke|p1|Frosmoth, M|\n|poke|p1|Slither Wing|\n|poke|p1|Ribombee, M|\n|poke|p2|Charizard, F|\n|poke|p2|Samurott-Hisui, F|\n|poke|p2|Ferrothorn, F|\n|poke|p2|Iron Valiant|\n|poke|p2|Tapu Koko|\n|poke|p2|Sneasler, F|\n|teampreview\n|inactive|Battle timer is ON: inactive players will automatically lose when time's up. (requested by Lexxuus2)\n|c|\u2606Lexxuus2|Es la cosa m\u00e1s rara que e visto\n|c|\u2606Ceviche De Chocho|achucha y yo con un team de joda XDXDXD\n|inactive|Ceviche De Chocho has 270 seconds left.\n|\n|t:|1699583417\n|start\n|switch|p1a: Aghelin Deidad|Ribombee, M|100\/100\n|switch|p2a: El Jordan\ud83e\udd11\ud83d\udc5f|Sneasler, F|100\/100\n|turn|1\n|\n|t:|1699583425\n|move|p1a: Aghelin Deidad|Sticky Web|p2a: El Jordan\ud83e\udd11\ud83d\udc5f\n|-sidestart|p2: Lexxuus2|move: Sticky Web\n|move|p2a: El Jordan\ud83e\udd11\ud83d\udc5f|Taunt|p1a: Aghelin Deidad\n|-start|p1a: Aghelin Deidad|move: Taunt\n|\n|upkeep\n|turn|2\n|c|\u2606Lexxuus2|Se rompieron las jordan \ud83d\ude2d\ud83d\ude2d\ud83d\ude2d\n|c|\u2606Ceviche De Chocho|no me esperaba ser mas rapido xD\n|\n|t:|1699583453\n|switch|p2a: \u00c1FRICA\ud83c\udf0d\ud83d\ude4b\ud83c\udfff\u200d\u2642\ufe0f|Charizard, F, shiny|100\/100\n|move|p1a: Aghelin Deidad|Moonblast|p2a: \u00c1FRICA\ud83c\udf0d\ud83d\ude4b\ud83c\udfff\u200d\u2642\ufe0f\n|-resisted|p2a: \u00c1FRICA\ud83c\udf0d\ud83d\ude4b\ud83c\udfff\u200d\u2642\ufe0f\n|-damage|p2a: \u00c1FRICA\ud83c\udf0d\ud83d\ude4b\ud83c\udfff\u200d\u2642\ufe0f|72\/100\n|\n|upkeep\n|turn|3\n|\n|t:|1699583467\n|switch|p1a: 200 Varos|Ditto|100\/100\n|-transform|p1a: 200 Varos|p2a: \u00c1FRICA\ud83c\udf0d\ud83d\ude4b\ud83c\udfff\u200d\u2642\ufe0f|[from] ability: Imposter\n|detailschange|p2a: \u00c1FRICA\ud83c\udf0d\ud83d\ude4b\ud83c\udfff\u200d\u2642\ufe0f|Charizard-Mega-Y, F, shiny\n|-mega|p2a: \u00c1FRICA\ud83c\udf0d\ud83d\ude4b\ud83c\udfff\u200d\u2642\ufe0f|Charizard|Charizardite Y\n|-weather|SunnyDay|[from] ability: Drought|[of] p2a: \u00c1FRICA\ud83c\udf0d\ud83d\ude4b\ud83c\udfff\u200d\u2642\ufe0f\n|move|p2a: \u00c1FRICA\ud83c\udf0d\ud83d\ude4b\ud83c\udfff\u200d\u2642\ufe0f|Weather Ball|p1a: 200 Varos\n|-resisted|p1a: 200 Varos\n|-damage|p1a: 200 Varos|38\/100\n|\n|-weather|SunnyDay|[upkeep]\n|upkeep\n|turn|4\n|\n|t:|1699583483\n|move|p2a: \u00c1FRICA\ud83c\udf0d\ud83d\ude4b\ud83c\udfff\u200d\u2642\ufe0f|Weather Ball|p1a: 200 Varos\n|-resisted|p1a: 200 Varos\n|-damage|p1a: 200 Varos|0 fnt\n|faint|p1a: 200 Varos\n|\n|-weather|SunnyDay|[upkeep]\n|upkeep\n|c|\u2606Lexxuus2|Aprobado por \u00c1frica\n|inactive|Ceviche De Chocho has 270 seconds left.\n|\n|t:|1699583503\n|switch|p1a: OHSIMASCRADPLANTA|Ogerpon-Wellspring, F|100\/100\n|turn|5\n|inactive|Ceviche De Chocho has 270 seconds left.\n|\n|t:|1699583518\n|switch|p2a: Hijo del pico\u26cf\ufe0f|Ferrothorn, F|100\/100\n|-activate|p2a: Hijo del pico\u26cf\ufe0f|move: Sticky Web\n|-unboost|p2a: Hijo del pico\u26cf\ufe0f|spe|1\n|move|p1a: OHSIMASCRADPLANTA|Ivy Cudgel|p2a: Hijo del pico\u26cf\ufe0f\n|-resisted|p2a: Hijo del pico\u26cf\ufe0f\n|-crit|p2a: Hijo del pico\u26cf\ufe0f\n|-damage|p2a: Hijo del pico\u26cf\ufe0f|87\/100\n|\n|-weather|SunnyDay|[upkeep]\n|-heal|p2a: Hijo del pico\u26cf\ufe0f|94\/100|[from] item: Leftovers\n|upkeep\n|turn|6\n|inactive|Ceviche De Chocho has 270 seconds left.\n|\n|t:|1699583538\n|move|p1a: OHSIMASCRADPLANTA|Swords Dance|p1a: OHSIMASCRADPLANTA\n|-boost|p1a: OHSIMASCRADPLANTA|atk|2\n|move|p2a: Hijo del pico\u26cf\ufe0f|Gyro Ball|p1a: OHSIMASCRADPLANTA\n|-resisted|p1a: OHSIMASCRADPLANTA\n|-damage|p1a: OHSIMASCRADPLANTA|69\/100\n|\n|-weather|SunnyDay|[upkeep]\n|-heal|p2a: Hijo del pico\u26cf\ufe0f|99\/100|[from] item: Leftovers\n|upkeep\n|turn|7\n|c|\u2606Lexxuus2|Mascrad\n|inactive|Ceviche De Chocho has 270 seconds left.\n|\n|t:|1699583548\n|move|p2a: Hijo del pico\u26cf\ufe0f|Protect|p2a: Hijo del pico\u26cf\ufe0f\n|-singleturn|p2a: Hijo del pico\u26cf\ufe0f|Protect\n|move|p1a: OHSIMASCRADPLANTA|Ivy Cudgel|p2a: Hijo del pico\u26cf\ufe0f\n|-activate|p2a: Hijo del pico\u26cf\ufe0f|move: Protect\n|\n|-weather|none\n|-heal|p2a: Hijo del pico\u26cf\ufe0f|100\/100|[from] item: Leftovers\n|upkeep\n|turn|8\n|inactive|Ceviche De Chocho has 270 seconds left.\n|\n|t:|1699583563\n|move|p1a: OHSIMASCRADPLANTA|Ivy Cudgel|p2a: Hijo del pico\u26cf\ufe0f\n|-resisted|p2a: Hijo del pico\u26cf\ufe0f\n|-damage|p2a: Hijo del pico\u26cf\ufe0f|65\/100\n|move|p2a: Hijo del pico\u26cf\ufe0f|Gyro Ball|p1a: OHSIMASCRADPLANTA\n|-resisted|p1a: OHSIMASCRADPLANTA\n|-damage|p1a: OHSIMASCRADPLANTA|38\/100\n|\n|-heal|p2a: Hijo del pico\u26cf\ufe0f|71\/100|[from] item: Leftovers\n|upkeep\n|turn|9\n|\n|t:|1699583576\n|move|p1a: OHSIMASCRADPLANTA|Swords Dance|p1a: OHSIMASCRADPLANTA\n|-boost|p1a: OHSIMASCRADPLANTA|atk|2\n|move|p2a: Hijo del pico\u26cf\ufe0f|Gyro Ball|p1a: OHSIMASCRADPLANTA\n|-resisted|p1a: OHSIMASCRADPLANTA\n|-damage|p1a: OHSIMASCRADPLANTA|5\/100\n|\n|-heal|p2a: Hijo del pico\u26cf\ufe0f|77\/100|[from] item: Leftovers\n|upkeep\n|turn|10\n|\n|t:|1699583584\n|move|p1a: OHSIMASCRADPLANTA|Ivy Cudgel|p2a: Hijo del pico\u26cf\ufe0f\n|-resisted|p2a: Hijo del pico\u26cf\ufe0f\n|-damage|p2a: Hijo del pico\u26cf\ufe0f|25\/100\n|move|p2a: Hijo del pico\u26cf\ufe0f|Gyro Ball|p1a: OHSIMASCRADPLANTA\n|-resisted|p1a: OHSIMASCRADPLANTA\n|-damage|p1a: OHSIMASCRADPLANTA|0 fnt\n|faint|p1a: OHSIMASCRADPLANTA\n|\n|-heal|p2a: Hijo del pico\u26cf\ufe0f|32\/100|[from] item: Leftovers\n|upkeep\n|\n|t:|1699583599\n|switch|p1a: Aghelin Deidad|Ribombee, M|100\/100\n|turn|11\n|\n|t:|1699583605\n|switch|p2a: Tapu Kokaina \ud83d\udca1|Tapu Koko, shiny|100\/100\n|-activate|p2a: Tapu Kokaina \ud83d\udca1|move: Sticky Web\n|-unboost|p2a: Tapu Kokaina \ud83d\udca1|spe|1\n|-fieldstart|move: Electric Terrain|[from] ability: Electric Surge|[of] p2a: Tapu Kokaina \ud83d\udca1\n|move|p1a: Aghelin Deidad|Quiver Dance|p1a: Aghelin Deidad\n|-boost|p1a: Aghelin Deidad|spa|1\n|-boost|p1a: Aghelin Deidad|spd|1\n|-boost|p1a: Aghelin Deidad|spe|1\n|\n|upkeep\n|turn|12\n|inactive|Ceviche De Chocho has 270 seconds left.\n|\n|t:|1699583636\n|move|p1a: Aghelin Deidad|Quiver Dance|p1a: Aghelin Deidad\n|-boost|p1a: Aghelin Deidad|spa|1\n|-boost|p1a: Aghelin Deidad|spd|1\n|-boost|p1a: Aghelin Deidad|spe|1\n|move|p2a: Tapu Kokaina \ud83d\udca1|Thunder Wave|p1a: Aghelin Deidad\n|-status|p1a: Aghelin Deidad|par\n|\n|upkeep\n|turn|13\n|\n|t:|1699583646\n|move|p1a: Aghelin Deidad|Quiver Dance|p1a: Aghelin Deidad\n|-boost|p1a: Aghelin Deidad|spa|1\n|-boost|p1a: Aghelin Deidad|spd|1\n|-boost|p1a: Aghelin Deidad|spe|1\n|move|p2a: Tapu Kokaina \ud83d\udca1|Wild Charge|p1a: Aghelin Deidad\n|-enditem|p1a: Aghelin Deidad|Focus Sash\n|-damage|p1a: Aghelin Deidad|1\/100 par\n|-damage|p2a: Tapu Kokaina \ud83d\udca1|77\/100|[from] Recoil\n|\n|upkeep\n|turn|14\n|c|\u2606Ceviche De Chocho|chucha es fisico xD\n|\n|t:|1699583659\n|move|p1a: Aghelin Deidad|Moonblast|p2a: Tapu Kokaina \ud83d\udca1\n|-damage|p2a: Tapu Kokaina \ud83d\udca1|0 fnt\n|faint|p2a: Tapu Kokaina \ud83d\udca1\n|\n|upkeep\n|\n|t:|1699583681\n|switch|p2a: Femboy \ud83e\udd7a\ud83d\udc49\ud83d\udc48|Samurott-Hisui, F|100\/100\n|-activate|p2a: Femboy \ud83e\udd7a\ud83d\udc49\ud83d\udc48|move: Sticky Web\n|-unboost|p2a: Femboy \ud83e\udd7a\ud83d\udc49\ud83d\udc48|spe|1\n|turn|15\n|\n|t:|1699583692\n|-terastallize|p2a: Femboy \ud83e\udd7a\ud83d\udc49\ud83d\udc48|Ghost\n|move|p2a: Femboy \ud83e\udd7a\ud83d\udc49\ud83d\udc48|Sucker Punch|p1a: Aghelin Deidad\n|-resisted|p1a: Aghelin Deidad\n|-damage|p1a: Aghelin Deidad|0 fnt\n|faint|p1a: Aghelin Deidad\n|\n|-fieldend|move: Electric Terrain\n|upkeep\n|\n|t:|1699583699\n|switch|p1a: \u00d1olca\u00f1o\u00f1a|Slither Wing|100\/100\n|-enditem|p1a: \u00d1olca\u00f1o\u00f1a|Booster Energy\n|-activate|p1a: \u00d1olca\u00f1o\u00f1a|ability: Protosynthesis|[fromitem]\n|-start|p1a: \u00d1olca\u00f1o\u00f1a|protosynthesisatk\n|turn|16\n|inactive|Ceviche De Chocho has 270 seconds left.\n|\n|t:|1699583707\n|move|p1a: \u00d1olca\u00f1o\u00f1a|Flame Charge|p2a: Femboy \ud83e\udd7a\ud83d\udc49\ud83d\udc48\n|-damage|p2a: Femboy \ud83e\udd7a\ud83d\udc49\ud83d\udc48|75\/100\n|-boost|p1a: \u00d1olca\u00f1o\u00f1a|spe|1\n|move|p2a: Femboy \ud83e\udd7a\ud83d\udc49\ud83d\udc48|Razor Shell|p1a: \u00d1olca\u00f1o\u00f1a\n|-damage|p1a: \u00d1olca\u00f1o\u00f1a|37\/100\n|-unboost|p1a: \u00d1olca\u00f1o\u00f1a|def|1\n|\n|upkeep\n|turn|17\n|inactive|Ceviche De Chocho has 270 seconds left.\n|\n|t:|1699583725\n|move|p1a: \u00d1olca\u00f1o\u00f1a|Acrobatics|p2a: Femboy \ud83e\udd7a\ud83d\udc49\ud83d\udc48\n|-damage|p2a: Femboy \ud83e\udd7a\ud83d\udc49\ud83d\udc48|9\/100\n|move|p2a: Femboy \ud83e\udd7a\ud83d\udc49\ud83d\udc48|Razor Shell|p1a: \u00d1olca\u00f1o\u00f1a\n|-damage|p1a: \u00d1olca\u00f1o\u00f1a|0 fnt\n|faint|p1a: \u00d1olca\u00f1o\u00f1a\n|-end|p1a: \u00d1olca\u00f1o\u00f1a|Protosynthesis|[silent]\n|\n|upkeep\n|\n|t:|1699583733\n|switch|p1a: Buff|Frosmoth, M|100\/100\n|turn|18\n|inactive|Ceviche De Chocho has 270 seconds left.\n|\n|t:|1699583742\n|-terastallize|p1a: Buff|Water\n|move|p1a: Buff|Quiver Dance|p1a: Buff\n|-boost|p1a: Buff|spa|1\n|-boost|p1a: Buff|spd|1\n|-boost|p1a: Buff|spe|1\n|move|p2a: Femboy \ud83e\udd7a\ud83d\udc49\ud83d\udc48|Razor Shell|p1a: Buff\n|-resisted|p1a: Buff\n|-damage|p1a: Buff|54\/100\n|\n|upkeep\n|turn|19\n|inactive|Ceviche De Chocho has 270 seconds left.\n|\n|t:|1699583755\n|move|p1a: Buff|Giga Drain|p2a: Femboy \ud83e\udd7a\ud83d\udc49\ud83d\udc48\n|-damage|p2a: Femboy \ud83e\udd7a\ud83d\udc49\ud83d\udc48|0 fnt\n|-heal|p1a: Buff|59\/100|[from] drain|[of] p2a: Femboy \ud83e\udd7a\ud83d\udc49\ud83d\udc48\n|faint|p2a: Femboy \ud83e\udd7a\ud83d\udc49\ud83d\udc48\n|\n|upkeep\n|\n|t:|1699583768\n|switch|p2a: \u00c1FRICA\ud83c\udf0d\ud83d\ude4b\ud83c\udfff\u200d\u2642\ufe0f|Charizard-Mega-Y, F, shiny|72\/100\n|-weather|SunnyDay|[from] ability: Drought|[of] p2a: \u00c1FRICA\ud83c\udf0d\ud83d\ude4b\ud83c\udfff\u200d\u2642\ufe0f\n|turn|20\n|\n|t:|1699583773\n|move|p1a: Buff|Quiver Dance|p1a: Buff\n|-boost|p1a: Buff|spa|1\n|-boost|p1a: Buff|spd|1\n|-boost|p1a: Buff|spe|1\n|move|p2a: \u00c1FRICA\ud83c\udf0d\ud83d\ude4b\ud83c\udfff\u200d\u2642\ufe0f|Solar Beam||[still]\n|-prepare|p2a: \u00c1FRICA\ud83c\udf0d\ud83d\ude4b\ud83c\udfff\u200d\u2642\ufe0f|Solar Beam\n|-anim|p2a: \u00c1FRICA\ud83c\udf0d\ud83d\ude4b\ud83c\udfff\u200d\u2642\ufe0f|Solar Beam|p1a: Buff\n|-supereffective|p1a: Buff\n|-damage|p1a: Buff|29\/100\n|\n|-weather|SunnyDay|[upkeep]\n|upkeep\n|turn|21\n|\n|t:|1699583788\n|move|p1a: Buff|Tera Blast|p2a: \u00c1FRICA\ud83c\udf0d\ud83d\ude4b\ud83c\udfff\u200d\u2642\ufe0f|[anim] Tera Blast Water\n|-supereffective|p2a: \u00c1FRICA\ud83c\udf0d\ud83d\ude4b\ud83c\udfff\u200d\u2642\ufe0f\n|-damage|p2a: \u00c1FRICA\ud83c\udf0d\ud83d\ude4b\ud83c\udfff\u200d\u2642\ufe0f|0 fnt\n|faint|p2a: \u00c1FRICA\ud83c\udf0d\ud83d\ude4b\ud83c\udfff\u200d\u2642\ufe0f\n|\n|-weather|SunnyDay|[upkeep]\n|upkeep\n|\n|t:|1699583792\n|switch|p2a: El Jordan\ud83e\udd11\ud83d\udc5f|Sneasler, F|100\/100\n|-activate|p2a: El Jordan\ud83e\udd11\ud83d\udc5f|move: Sticky Web\n|-unboost|p2a: El Jordan\ud83e\udd11\ud83d\udc5f|spe|1\n|turn|22\n|\n|t:|1699583801\n|move|p1a: Buff|Ice Beam|p2a: El Jordan\ud83e\udd11\ud83d\udc5f\n|-damage|p2a: El Jordan\ud83e\udd11\ud83d\udc5f|0 fnt\n|faint|p2a: El Jordan\ud83e\udd11\ud83d\udc5f\n|\n|-weather|SunnyDay|[upkeep]\n|upkeep\n|\n|t:|1699583803\n|switch|p2a: Iron Boobs \ud83e\udd75|Iron Valiant|100\/100\n|-activate|p2a: Iron Boobs \ud83e\udd75|move: Sticky Web\n|-unboost|p2a: Iron Boobs \ud83e\udd75|spe|1\n|turn|23\n|\n|t:|1699583814\n|move|p1a: Buff|Ice Beam|p2a: Iron Boobs \ud83e\udd75\n|-damage|p2a: Iron Boobs \ud83e\udd75|0 fnt\n|faint|p2a: Iron Boobs \ud83e\udd75\n|-end|p2a: Iron Boobs \ud83e\udd75|Quark Drive|[silent]\n|\n|-weather|SunnyDay|[upkeep]\n|upkeep\n|c|\u2606Lexxuus2|Gg XD\n|\n|t:|1699583818\n|switch|p2a: Hijo del pico\u26cf\ufe0f|Ferrothorn, F|32\/100\n|-activate|p2a: Hijo del pico\u26cf\ufe0f|move: Sticky Web\n|-unboost|p2a: Hijo del pico\u26cf\ufe0f|spe|1\n|turn|24\n|c|\u2606Ceviche De Chocho|frosmoth con la fe alterada\n|\n|t:|1699583824\n|move|p2a: Hijo del pico\u26cf\ufe0f|Protect|p2a: Hijo del pico\u26cf\ufe0f\n|-singleturn|p2a: Hijo del pico\u26cf\ufe0f|Protect\n|move|p1a: Buff|Ice Beam|p2a: Hijo del pico\u26cf\ufe0f\n|-activate|p2a: Hijo del pico\u26cf\ufe0f|move: Protect\n|\n|-weather|none\n|-heal|p2a: Hijo del pico\u26cf\ufe0f|38\/100|[from] item: Leftovers\n|upkeep\n|turn|25\n|c|\u2606Ceviche De Chocho|gg qlona\n|\n|t:|1699583833\n|move|p1a: Buff|Ice Beam|p2a: Hijo del pico\u26cf\ufe0f\n|-damage|p2a: Hijo del pico\u26cf\ufe0f|0 fnt\n|faint|p2a: Hijo del pico\u26cf\ufe0f\n|\n|win|Ceviche De Chocho\n","uploadtime":1699583840,"views":8,"p1id":"cevichedechocho","p2id":"lexxuus2","formatid":"gen9nationaldex","rating":0,"private":0,"password":""}