{"id":"gen9nationaldex-1988007934","p1":"BigFishyCheese","p2":"Unrealxlion","format":"[Gen 9] National Dex","log":"|j|\u2606BigFishyCheese\n|j|\u2606Unrealxlion\n|t:|1699658537\n|gametype|singles\n|player|p1|BigFishyCheese|cynthia-gen4|1016\n|player|p2|Unrealxlion|gambler|1114\n|teamsize|p1|6\n|teamsize|p2|6\n|gen|9\n|tier|[Gen 9] National Dex\n|rated|\n|rule|HP Percentage Mod: HP is shown in percentages\n|rule|Endless Battle Clause: Forcing endless battles is banned\n|rule|OHKO Clause: OHKO moves are banned\n|rule|Evasion Clause: Evasion abilities, items, and moves are banned\n|rule|Evasion Abilities Clause: Evasion abilities are banned\n|rule|Evasion Items Clause: Evasion items are banned\n|rule|Evasion Moves Clause: Evasion moves are banned\n|rule|Species Clause: Limit one of each Pok\u00e9mon\n|rule|Sleep Clause Mod: Limit one foe put to sleep\n|clearpoke\n|poke|p1|Toucannon, F|\n|poke|p1|Kommo-o, M|\n|poke|p1|Turtonator, F|\n|poke|p1|Buzzwole|\n|poke|p1|Golisopod, F|\n|poke|p1|Tapu Fini|\n|poke|p2|Ogerpon-Wellspring, F|\n|poke|p2|Tyranitar, M|\n|poke|p2|Silvally-*|\n|poke|p2|Landorus-Therian, M|\n|poke|p2|Zeraora|\n|poke|p2|Typhlosion, M|\n|teampreview\n|inactive|Battle timer is ON: inactive players will automatically lose when time's up. (requested by BigFishyCheese)\n|inactive|Unrealxlion has 120 seconds left.\n|c|\u2606BigFishyCheese|If u think I'm gonna leave because ur afk nuh uh\n|\n|t:|1699658597\n|start\n|switch|p1a: Buzzwole|Buzzwole|100\/100\n|switch|p2a: Ogerpon|Ogerpon-Wellspring, F|100\/100\n|turn|1\n|\n|t:|1699658606\n|move|p2a: Ogerpon|Play Rough|p1a: Buzzwole\n|-supereffective|p1a: Buzzwole\n|-damage|p1a: Buzzwole|55\/100\n|move|p1a: Buzzwole|Drain Punch|p2a: Ogerpon\n|-damage|p2a: Ogerpon|38\/100\n|-heal|p1a: Buzzwole|78\/100|[from] drain|[of] p2a: Ogerpon\n|\n|upkeep\n|turn|2\n|\n|t:|1699658617\n|switch|p2a: Silvally|Silvally-Fairy|100\/100\n|move|p1a: Buzzwole|Drain Punch|p2a: Silvally\n|-resisted|p2a: Silvally\n|-damage|p2a: Silvally|82\/100\n|-heal|p1a: Buzzwole|86\/100|[from] drain|[of] p2a: Silvally\n|\n|upkeep\n|turn|3\n|\n|t:|1699658631\n|move|p2a: Silvally|Multi-Attack|p1a: Buzzwole\n|-supereffective|p1a: Buzzwole\n|-damage|p1a: Buzzwole|42\/100\n|-enditem|p1a: Buzzwole|Sitrus Berry|[eat]\n|-heal|p1a: Buzzwole|67\/100|[from] item: Sitrus Berry\n|move|p1a: Buzzwole|Earthquake|p2a: Silvally\n|-damage|p2a: Silvally|46\/100\n|\n|upkeep\n|turn|4\n|\n|t:|1699658647\n|move|p2a: Silvally|Parting Shot|p1a: Buzzwole\n|-unboost|p1a: Buzzwole|atk|1\n|-unboost|p1a: Buzzwole|spa|1\n|\n|t:|1699658656\n|switch|p2a: Big phlosion|Typhlosion, M|100\/100|[from] Parting Shot\n|move|p1a: Buzzwole|Earthquake|p2a: Big phlosion\n|-supereffective|p2a: Big phlosion\n|-damage|p2a: Big phlosion|24\/100\n|\n|upkeep\n|turn|5\n|\n|t:|1699658663\n|move|p2a: Big phlosion|Fire Blast|p1a: Buzzwole\n|-supereffective|p1a: Buzzwole\n|-damage|p1a: Buzzwole|0 fnt\n|faint|p1a: Buzzwole\n|\n|upkeep\n|\n|t:|1699658668\n|switch|p1a: Turtonator|Turtonator, F|100\/100\n|turn|6\n|c|\u2606Unrealxlion|I was talking to someone dude chill\n|inactive|Unrealxlion has 120 seconds left.\n|\n|t:|1699658702\n|switch|p2a: Landorus|Landorus-Therian, M|100\/100\n|-ability|p2a: Landorus|Intimidate|boost\n|-unboost|p1a: Turtonator|atk|1\n|move|p1a: Turtonator|Scorching Sands|p2a: Landorus\n|-immune|p2a: Landorus\n|\n|upkeep\n|turn|7\n|c|\u2606BigFishyCheese|I am chill sheesh\n|\n|t:|1699658712\n|move|p2a: Landorus|Earthquake|p1a: Turtonator\n|-supereffective|p1a: Turtonator\n|-damage|p1a: Turtonator|24\/100\n|move|p1a: Turtonator|Will-O-Wisp|p2a: Landorus\n|-status|p2a: Landorus|brn\n|\n|-damage|p2a: Landorus|94\/100 brn|[from] brn\n|upkeep\n|turn|8\n|\n|t:|1699658720\n|move|p2a: Landorus|Toxic|p1a: Turtonator\n|-status|p1a: Turtonator|tox\n|move|p1a: Turtonator|Flamethrower|p2a: Landorus\n|-damage|p2a: Landorus|53\/100 brn\n|\n|-damage|p1a: Turtonator|18\/100 tox|[from] psn\n|-damage|p2a: Landorus|47\/100 brn|[from] brn\n|upkeep\n|turn|9\n|\n|t:|1699658727\n|move|p2a: Landorus|Stealth Rock|p1a: Turtonator\n|-sidestart|p1: BigFishyCheese|move: Stealth Rock\n|move|p1a: Turtonator|Dragon Pulse|p2a: Landorus\n|-damage|p2a: Landorus|8\/100 brn\n|\n|-damage|p1a: Turtonator|5\/100 tox|[from] psn\n|-damage|p2a: Landorus|2\/100 brn|[from] brn\n|upkeep\n|turn|10\n|\n|t:|1699658734\n|move|p2a: Landorus|U-turn|p1a: Turtonator\n|-resisted|p1a: Turtonator\n|-damage|p1a: Turtonator|1\/100 tox\n|\n|t:|1699658744\n|switch|p2a: Big phlosion|Typhlosion, M|24\/100|[from] U-turn\n|move|p1a: Turtonator|Dragon Pulse|p2a: Big phlosion\n|-damage|p2a: Big phlosion|0 fnt\n|faint|p2a: Big phlosion\n|\n|-damage|p1a: Turtonator|0 fnt|[from] psn\n|faint|p1a: Turtonator\n|upkeep\n|\n|t:|1699658756\n|switch|p2a: Landorus|Landorus-Therian, M|2\/100 brn\n|switch|p1a: Golisopod|Golisopod, F|100\/100\n|-ability|p2a: Landorus|Intimidate|boost\n|-unboost|p1a: Golisopod|atk|1\n|-damage|p1a: Golisopod|76\/100|[from] Stealth Rock\n|turn|11\n|\n|t:|1699658766\n|move|p1a: Golisopod|First Impression|p2a: Landorus\n|-resisted|p2a: Landorus\n|-damage|p2a: Landorus|0 fnt\n|-damage|p1a: Golisopod|59\/100|[from] item: Rocky Helmet|[of] p2a: Landorus\n|faint|p2a: Landorus\n|\n|upkeep\n|\n|t:|1699658775\n|switch|p2a: Zeraora|Zeraora|100\/100\n|turn|12\n|\n|t:|1699658780\n|move|p2a: Zeraora|Plasma Fists|p1a: Golisopod\n|-supereffective|p1a: Golisopod\n|-damage|p1a: Golisopod|0 fnt\n|-fieldactivate|move: Ion Deluge\n|-hint|Normal-type moves become Electric-type after using Plasma Fists.\n|faint|p1a: Golisopod\n|\n|upkeep\n|\n|t:|1699658786\n|switch|p1a: Kommo-o|Kommo-o, M|100\/100\n|-damage|p1a: Kommo-o|94\/100|[from] Stealth Rock\n|turn|13\n|\n|t:|1699658799\n|move|p2a: Zeraora|Volt Switch|p1a: Kommo-o\n|-resisted|p1a: Kommo-o\n|-damage|p1a: Kommo-o|82\/100\n|\n|t:|1699658804\n|switch|p2a: Ogerpon|Ogerpon-Wellspring, F|38\/100|[from] Volt Switch\n|-zpower|p1a: Kommo-o\n|move|p1a: Kommo-o|Clangorous Soulblaze|p2a: Ogerpon|[zeffect]\n|-damage|p2a: Ogerpon|0 fnt\n|faint|p2a: Ogerpon\n|-boost|p1a: Kommo-o|atk|1\n|-boost|p1a: Kommo-o|def|1\n|-boost|p1a: Kommo-o|spa|1\n|-boost|p1a: Kommo-o|spd|1\n|-boost|p1a: Kommo-o|spe|1\n|\n|upkeep\n|\n|t:|1699658806\n|switch|p2a: Silvally|Silvally-Fairy|46\/100\n|turn|14\n|\n|t:|1699658818\n|-terastallize|p2a: Silvally|Fairy\n|move|p1a: Kommo-o|Poison Jab|p2a: Silvally\n|-supereffective|p2a: Silvally\n|-damage|p2a: Silvally|0 fnt\n|faint|p2a: Silvally\n|\n|upkeep\n|\n|t:|1699658826\n|switch|p2a: Zeraora|Zeraora|100\/100\n|turn|15\n|\n|t:|1699658838\n|move|p2a: Zeraora|Knock Off|p1a: Kommo-o\n|-resisted|p1a: Kommo-o\n|-damage|p1a: Kommo-o|74\/100\n|move|p1a: Kommo-o|Poison Jab|p2a: Zeraora\n|-damage|p2a: Zeraora|44\/100\n|\n|upkeep\n|turn|16\n|\n|t:|1699658844\n|move|p2a: Zeraora|Plasma Fists|p1a: Kommo-o\n|-resisted|p1a: Kommo-o\n|-damage|p1a: Kommo-o|58\/100\n|-fieldactivate|move: Ion Deluge\n|-hint|Normal-type moves become Electric-type after using Plasma Fists.\n|move|p1a: Kommo-o|Poison Jab|p2a: Zeraora\n|-damage|p2a: Zeraora|0 fnt\n|faint|p2a: Zeraora\n|\n|upkeep\n|c|\u2606Unrealxlion|Gg\n|\n|t:|1699658850\n|switch|p2a: Tyranitar|Tyranitar, M, shiny|100\/100\n|-weather|Sandstorm|[from] ability: Sand Stream|[of] p2a: Tyranitar\n|turn|17\n|c|\u2606BigFishyCheese|gg?\n|\n|t:|1699658863\n|detailschange|p2a: Tyranitar|Tyranitar-Mega, M, shiny\n|-mega|p2a: Tyranitar|Tyranitar|Tyranitarite\n|move|p1a: Kommo-o|Dragon Claw|p2a: Tyranitar\n|-damage|p2a: Tyranitar|62\/100\n|move|p2a: Tyranitar|Stone Edge|p1a: Kommo-o\n|-resisted|p1a: Kommo-o\n|-damage|p1a: Kommo-o|32\/100\n|\n|-weather|Sandstorm|[upkeep]\n|upkeep\n|turn|18\n|\n|t:|1699658872\n|move|p1a: Kommo-o|Dragon Claw|p2a: Tyranitar\n|-damage|p2a: Tyranitar|20\/100\n|move|p2a: Tyranitar|Pursuit|p1a: Kommo-o\n|-resisted|p1a: Kommo-o\n|-damage|p1a: Kommo-o|22\/100\n|\n|-weather|Sandstorm|[upkeep]\n|upkeep\n|turn|19\n|\n|t:|1699658876\n|move|p1a: Kommo-o|Dragon Claw|p2a: Tyranitar\n|-damage|p2a: Tyranitar|0 fnt\n|faint|p2a: Tyranitar\n|\n|win|BigFishyCheese\n|raw|BigFishyCheese's rating: 1016 &rarr; <strong>1064<\/strong><br \/>(+48 for winning)\n|raw|Unrealxlion's rating: 1114 &rarr; <strong>1082<\/strong><br \/>(-32 for losing)\n|c|\u2606BigFishyCheese|gg\n","uploadtime":1699658886,"views":9,"p1id":"bigfishycheese","p2id":"unrealxlion","formatid":"gen9nationaldex","rating":1064,"private":0,"password":""}