{"id":"gen9nationaldex-1991225337","p1":"Monodrainpunch","p2":"i lost badly","format":"[Gen 9] National Dex","log":"|j|\u2606Monodrainpunch\n|j|\u2606i lost badly\n|t:|1700058960\n|gametype|singles\n|player|p1|Monodrainpunch|caitlin|1163\n|player|p2|i lost badly|fisherman-gen4|1040\n|teamsize|p1|6\n|teamsize|p2|6\n|gen|9\n|tier|[Gen 9] National Dex\n|rated|\n|rule|HP Percentage Mod: HP is shown in percentages\n|rule|Endless Battle Clause: Forcing endless battles is banned\n|rule|OHKO Clause: OHKO moves are banned\n|rule|Evasion Clause: Evasion abilities, items, and moves are banned\n|rule|Evasion Abilities Clause: Evasion abilities are banned\n|rule|Evasion Items Clause: Evasion items are banned\n|rule|Evasion Moves Clause: Evasion moves are banned\n|rule|Species Clause: Limit one of each Pok\u00e9mon\n|rule|Sleep Clause Mod: Limit one foe put to sleep\n|clearpoke\n|poke|p1|Clefable, F|\n|poke|p1|Nihilego|\n|poke|p1|Medicham, M|\n|poke|p1|Alomomola, M|\n|poke|p1|Grimmsnarl, M|\n|poke|p1|Excadrill, M|\n|poke|p2|Weavile, M|\n|poke|p2|Toxapex, F|\n|poke|p2|Scizor, M|\n|poke|p2|Sceptile, F|\n|poke|p2|Volcarona, M|\n|poke|p2|Great Tusk|\n|teampreview\n|\n|t:|1700058964\n|start\n|switch|p1a: Grimmsnarl|Grimmsnarl, M, shiny|100\/100\n|switch|p2a: Weavile|Weavile, M|100\/100\n|-ability|p2a: Weavile|Pressure\n|turn|1\n|\n|t:|1700058974\n|move|p1a: Grimmsnarl|Reflect|p1a: Grimmsnarl\n|-sidestart|p1: Monodrainpunch|Reflect\n|move|p2a: Weavile|Swords Dance|p2a: Weavile\n|-boost|p2a: Weavile|atk|2\n|\n|upkeep\n|turn|2\n|\n|t:|1700058980\n|move|p1a: Grimmsnarl|Light Screen|p1a: Grimmsnarl\n|-sidestart|p1: Monodrainpunch|move: Light Screen\n|move|p2a: Weavile|Swords Dance|p2a: Weavile\n|-boost|p2a: Weavile|atk|2\n|\n|upkeep\n|turn|3\n|\n|t:|1700058988\n|move|p1a: Grimmsnarl|Thunder Wave|p2a: Weavile\n|-hint|Since gen 7, Dark is immune to Prankster moves.\n|-immune|p2a: Weavile\n|move|p2a: Weavile|Knock Off|p1a: Grimmsnarl\n|-resisted|p1a: Grimmsnarl\n|-damage|p1a: Grimmsnarl|78\/100\n|-enditem|p1a: Grimmsnarl|Light Clay|[from] move: Knock Off|[of] p2a: Weavile\n|\n|upkeep\n|turn|4\n|\n|t:|1700059007\n|switch|p1a: Medicham|Medicham, M|100\/100\n|move|p2a: Weavile|Ice Shard|p1a: Medicham\n|-damage|p1a: Medicham|49\/100\n|\n|upkeep\n|turn|5\n|inactive|Battle timer is ON: inactive players will automatically lose when time's up. (requested by i lost badly)\n|\n|t:|1700059014\n|detailschange|p1a: Medicham|Medicham-Mega, M\n|-mega|p1a: Medicham|Medicham|Medichamite\n|move|p1a: Medicham|Fake Out|p2a: Weavile\n|-damage|p2a: Weavile|59\/100\n|cant|p2a: Weavile|flinch\n|\n|upkeep\n|turn|6\n|\n|t:|1700059027\n|move|p2a: Weavile|Ice Shard|p1a: Medicham\n|-damage|p1a: Medicham|9\/100\n|move|p1a: Medicham|Bullet Punch|p2a: Weavile\n|-supereffective|p2a: Weavile\n|-damage|p2a: Weavile|0 fnt\n|faint|p2a: Weavile\n|\n|upkeep\n|\n|t:|1700059034\n|switch|p2a: Toxapex|Toxapex, F, shiny|100\/100\n|turn|7\n|\n|t:|1700059045\n|switch|p1a: Alomomola|Alomomola, M|100\/100\n|switch|p2a: Scizor|Scizor, M, shiny|100\/100\n|\n|upkeep\n|turn|8\n|\n|t:|1700059058\n|move|p2a: Scizor|U-turn|p1a: Alomomola\n|-damage|p1a: Alomomola|90\/100\n|-enditem|p1a: Alomomola|Red Card|[of] p2a: Scizor\n|drag|p2a: Sceptile|Sceptile, F, shiny|100\/100\n|move|p1a: Alomomola|Wish|p1a: Alomomola\n|\n|-sideend|p1: Monodrainpunch|Reflect\n|upkeep\n|turn|9\n|\n|t:|1700059070\n|move|p2a: Sceptile|Leech Seed|p1a: Alomomola\n|-start|p1a: Alomomola|move: Leech Seed\n|move|p1a: Alomomola|Flip Turn|p2a: Sceptile\n|-resisted|p2a: Sceptile\n|-damage|p2a: Sceptile|86\/100\n|\n|t:|1700059081\n|switch|p1a: Nihilego|Nihilego, shiny|100\/100|[from] Flip Turn\n|\n|-sideend|p1: Monodrainpunch|move: Light Screen\n|upkeep\n|turn|10\n|\n|t:|1700059093\n|detailschange|p2a: Sceptile|Sceptile-Mega, F, shiny\n|-mega|p2a: Sceptile|Sceptile|Sceptilite\n|move|p2a: Sceptile|Frenzy Plant|p1a: Nihilego\n|-damage|p1a: Nihilego|36\/100\n|-mustrecharge|p2a: Sceptile\n|move|p1a: Nihilego|Sludge Wave|p2a: Sceptile\n|-supereffective|p2a: Sceptile\n|-damage|p2a: Sceptile|0 fnt\n|faint|p2a: Sceptile\n|-ability|p1a: Nihilego|Beast Boost|boost\n|-boost|p1a: Nihilego|spa|1\n|\n|upkeep\n|\n|t:|1700059104\n|switch|p2a: Scizor|Scizor, M, shiny|100\/100\n|turn|11\n|\n|t:|1700059116\n|switch|p1a: Alomomola|Alomomola, M|100\/100\n|move|p2a: Scizor|Swords Dance|p2a: Scizor\n|-boost|p2a: Scizor|atk|2\n|\n|upkeep\n|turn|12\n|\n|t:|1700059123\n|move|p1a: Alomomola|Wish|p1a: Alomomola\n|move|p2a: Scizor|Swords Dance|p2a: Scizor\n|-boost|p2a: Scizor|atk|2\n|\n|upkeep\n|turn|13\n|\n|t:|1700059131\n|move|p2a: Scizor|Swords Dance|p2a: Scizor\n|-boost|p2a: Scizor|atk|2\n|move|p1a: Alomomola|Flip Turn|p2a: Scizor\n|-damage|p2a: Scizor|84\/100\n|\n|t:|1700059150\n|switch|p1a: Grimmsnarl|Grimmsnarl, M, shiny|78\/100|[from] Flip Turn\n|\n|-heal|p1a: Grimmsnarl|100\/100|[from] move: Wish|[wisher] Alomomola\n|upkeep\n|turn|14\n|\n|t:|1700059157\n|move|p2a: Scizor|Bullet Punch|p1a: Grimmsnarl\n|-supereffective|p1a: Grimmsnarl\n|-damage|p1a: Grimmsnarl|0 fnt\n|faint|p1a: Grimmsnarl\n|\n|upkeep\n|inactive|Monodrainpunch has 120 seconds left.\n|\n|t:|1700059195\n|switch|p1a: Excadrill|Excadrill, M|100\/100\n|-ability|p1a: Excadrill|Mold Breaker\n|turn|15\n|inactive|Monodrainpunch has 120 seconds left.\n|\n|t:|1700059201\n|move|p2a: Scizor|Bullet Punch|p1a: Excadrill\n|-resisted|p1a: Excadrill\n|-damage|p1a: Excadrill|4\/100\n|move|p1a: Excadrill|Earthquake|p2a: Scizor\n|-damage|p2a: Scizor|28\/100\n|\n|upkeep\n|turn|16\n|\n|t:|1700059209\n|move|p2a: Scizor|Bullet Punch|p1a: Excadrill\n|-resisted|p1a: Excadrill\n|-damage|p1a: Excadrill|0 fnt\n|faint|p1a: Excadrill\n|\n|upkeep\n|\n|t:|1700059213\n|switch|p1a: Medicham|Medicham-Mega, M|9\/100\n|turn|17\n|\n|t:|1700059241\n|move|p1a: Medicham|Fake Out|p2a: Scizor\n|-resisted|p2a: Scizor\n|-damage|p2a: Scizor|16\/100\n|cant|p2a: Scizor|flinch\n|\n|upkeep\n|turn|18\n|\n|t:|1700059248\n|move|p1a: Medicham|Bullet Punch|p2a: Scizor\n|-resisted|p2a: Scizor\n|-damage|p2a: Scizor|4\/100\n|move|p2a: Scizor|Bullet Punch|p1a: Medicham\n|-damage|p1a: Medicham|0 fnt\n|faint|p1a: Medicham\n|\n|upkeep\n|\n|t:|1700059258\n|switch|p1a: Alomomola|Alomomola, M|100\/100\n|turn|19\n|\n|t:|1700059263\n|move|p2a: Scizor|Bullet Punch|p1a: Alomomola\n|-resisted|p1a: Alomomola\n|-damage|p1a: Alomomola|66\/100\n|move|p1a: Alomomola|Flip Turn|p2a: Scizor\n|-damage|p2a: Scizor|0 fnt\n|faint|p2a: Scizor\n|\n|t:|1700059271\n|switch|p1a: Nihilego|Nihilego, shiny|36\/100|[from] Flip Turn\n|\n|upkeep\n|\n|t:|1700059276\n|switch|p2a: Great Tusk|Great Tusk, shiny|100\/100\n|-enditem|p2a: Great Tusk|Booster Energy\n|-activate|p2a: Great Tusk|ability: Protosynthesis|[fromitem]\n|-start|p2a: Great Tusk|protosynthesisspe\n|turn|20\n|\n|t:|1700059285\n|switch|p1a: Alomomola|Alomomola, M|99\/100\n|move|p2a: Great Tusk|Earthquake|p1a: Alomomola\n|-damage|p1a: Alomomola|74\/100\n|\n|upkeep\n|turn|21\n|\n|t:|1700059293\n|move|p2a: Great Tusk|Bulk Up|p2a: Great Tusk\n|-boost|p2a: Great Tusk|atk|1\n|-boost|p2a: Great Tusk|def|1\n|move|p1a: Alomomola|Wish|p1a: Alomomola\n|\n|upkeep\n|turn|22\n|\n|t:|1700059306\n|move|p2a: Great Tusk|Bulk Up|p2a: Great Tusk\n|-boost|p2a: Great Tusk|atk|1\n|-boost|p2a: Great Tusk|def|1\n|move|p1a: Alomomola|Liquidation|p2a: Great Tusk\n|-supereffective|p2a: Great Tusk\n|-damage|p2a: Great Tusk|84\/100\n|-unboost|p2a: Great Tusk|def|1\n|\n|-heal|p1a: Alomomola|100\/100|[from] move: Wish|[wisher] Alomomola\n|upkeep\n|turn|23\n|\n|t:|1700059318\n|move|p2a: Great Tusk|Bulk Up|p2a: Great Tusk\n|-boost|p2a: Great Tusk|atk|1\n|-boost|p2a: Great Tusk|def|1\n|move|p1a: Alomomola|Wish|p1a: Alomomola\n|\n|upkeep\n|turn|24\n|\n|t:|1700059324\n|move|p2a: Great Tusk|Bulk Up|p2a: Great Tusk\n|-boost|p2a: Great Tusk|atk|1\n|-boost|p2a: Great Tusk|def|1\n|move|p1a: Alomomola|Flip Turn|p2a: Great Tusk\n|-supereffective|p2a: Great Tusk\n|-damage|p2a: Great Tusk|76\/100\n|c|\u2606Monodrainpunch|bro think are mono setup\n|\n|t:|1700059331\n|switch|p1a: Clefable|Clefable, F|100\/100|[from] Flip Turn\n|\n|upkeep\n|turn|25\n|\n|t:|1700059340\n|move|p2a: Great Tusk|Earthquake|p1a: Clefable\n|-damage|p1a: Clefable|0 fnt\n|faint|p1a: Clefable\n|\n|upkeep\n|\n|t:|1700059345\n|switch|p1a: Nihilego|Nihilego, shiny|36\/100\n|turn|26\n|\n|t:|1700059353\n|-terastallize|p1a: Nihilego|Flying\n|move|p2a: Great Tusk|Earthquake|p1a: Nihilego\n|-immune|p1a: Nihilego\n|move|p1a: Nihilego|Grass Knot|p2a: Great Tusk\n|-supereffective|p2a: Great Tusk\n|-damage|p2a: Great Tusk|0 fnt\n|faint|p2a: Great Tusk\n|-end|p2a: Great Tusk|Protosynthesis|[silent]\n|-ability|p1a: Nihilego|Beast Boost|boost\n|-boost|p1a: Nihilego|spa|1\n|\n|upkeep\n|\n|t:|1700059363\n|switch|p2a: Toxapex|Toxapex, F, shiny|100\/100\n|turn|27\n|\n|t:|1700059372\n|switch|p1a: Alomomola|Alomomola, M|100\/100\n|move|p2a: Toxapex|Surf|p1a: Alomomola\n|-resisted|p1a: Alomomola\n|-damage|p1a: Alomomola|88\/100\n|\n|upkeep\n|turn|28\n|\n|t:|1700059379\n|move|p1a: Alomomola|Wish|p1a: Alomomola\n|move|p2a: Toxapex|Toxic|p1a: Alomomola\n|-status|p1a: Alomomola|tox\n|\n|-damage|p1a: Alomomola|82\/100 tox|[from] psn\n|upkeep\n|turn|29\n|\n|t:|1700059389\n|move|p1a: Alomomola|Flip Turn|p2a: Toxapex\n|-resisted|p2a: Toxapex\n|-damage|p2a: Toxapex|95\/100\n|\n|t:|1700059392\n|switch|p1a: Nihilego|Nihilego, shiny, tera:Flying|36\/100|[from] Flip Turn\n|move|p2a: Toxapex|Surf|p1a: Nihilego\n|-damage|p1a: Nihilego|21\/100\n|\n|-heal|p1a: Nihilego|96\/100|[from] move: Wish|[wisher] Alomomola\n|upkeep\n|turn|30\n|\n|t:|1700059407\n|move|p1a: Nihilego|Grass Knot|p2a: Toxapex\n|-damage|p2a: Toxapex|84\/100\n|move|p2a: Toxapex|Surf|p1a: Nihilego\n|-damage|p1a: Nihilego|82\/100\n|\n|upkeep\n|turn|31\n|\n|t:|1700059422\n|move|p1a: Nihilego|Power Gem|p2a: Toxapex\n|-damage|p2a: Toxapex|50\/100\n|move|p2a: Toxapex|Toxic|p1a: Nihilego\n|-status|p1a: Nihilego|tox\n|\n|-damage|p1a: Nihilego|76\/100 tox|[from] psn\n|upkeep\n|turn|32\n|\n|t:|1700059431\n|move|p1a: Nihilego|Meteor Beam||[still]\n|-prepare|p1a: Nihilego|Meteor Beam\n|-boost|p1a: Nihilego|spa|1\n|-enditem|p1a: Nihilego|Power Herb\n|-anim|p1a: Nihilego|Meteor Beam|p2a: Toxapex\n|-damage|p2a: Toxapex|0 fnt\n|faint|p2a: Toxapex\n|-ability|p1a: Nihilego|Beast Boost|boost\n|-boost|p1a: Nihilego|spa|1\n|\n|-damage|p1a: Nihilego|64\/100 tox|[from] psn\n|upkeep\n|\n|t:|1700059441\n|switch|p2a: Volcarona|Volcarona, M|100\/100\n|turn|33\n|\n|t:|1700059448\n|move|p1a: Nihilego|Power Gem|p2a: Volcarona\n|-supereffective|p2a: Volcarona\n|-damage|p2a: Volcarona|0 fnt\n|faint|p2a: Volcarona\n|\n|win|Monodrainpunch\n|raw|Monodrainpunch's rating: 1163 &rarr; <strong>1180<\/strong><br \/>(+17 for winning)\n|raw|i lost badly's rating: 1040 &rarr; <strong>1029<\/strong><br \/>(-11 for losing)\n|l|\u2606i lost badly\n|c|\u2606Monodrainpunch|bye mono setup\n|c|\u2606Monodrainpunch|lol\n","uploadtime":1700059538,"views":3,"p1id":"monodrainpunch","p2id":"ilostbadly","formatid":"gen9nationaldex","rating":1029,"private":0,"password":""}