{"id":"gen9nationaldex-1989483690","p1":"Linkmasterjr","p2":"EvelynIsBased","format":"[Gen 9] National Dex","log":"|j|\u2606Linkmasterjr\n|j|\u2606EvelynIsBased\n|t:|1699858137\n|gametype|singles\n|player|p1|Linkmasterjr|blue|1135\n|player|p2|EvelynIsBased|doubleteam|1144\n|teamsize|p1|6\n|teamsize|p2|6\n|gen|9\n|tier|[Gen 9] National Dex\n|rated|\n|rule|HP Percentage Mod: HP is shown in percentages\n|rule|Endless Battle Clause: Forcing endless battles is banned\n|rule|OHKO Clause: OHKO moves are banned\n|rule|Evasion Clause: Evasion abilities, items, and moves are banned\n|rule|Evasion Abilities Clause: Evasion abilities are banned\n|rule|Evasion Items Clause: Evasion items are banned\n|rule|Evasion Moves Clause: Evasion moves are banned\n|rule|Species Clause: Limit one of each Pok\u00e9mon\n|rule|Sleep Clause Mod: Limit one foe put to sleep\n|clearpoke\n|poke|p1|Gliscor, M|\n|poke|p1|Porygon-Z|\n|poke|p1|Lopunny, M|\n|poke|p1|Ferrothorn, M|\n|poke|p1|Greninja-*, M|\n|poke|p1|Chandelure, M|\n|poke|p2|Cloyster, M|\n|poke|p2|Ambipom, F|\n|poke|p2|Brambleghast, M|\n|poke|p2|Ribombee, M|\n|poke|p2|Heracross, F|\n|poke|p2|Haxorus, F|\n|teampreview\n|\n|t:|1699858170\n|start\n|switch|p1a: Ferrothorn|Ferrothorn, M|100\/100\n|switch|p2a: Ambipom|Ambipom, F|100\/100\n|turn|1\n|\n|t:|1699858178\n|switch|p2a: Heracross|Heracross, F|100\/100\n|move|p1a: Ferrothorn|Spikes|p2a: Heracross\n|-sidestart|p2: EvelynIsBased|Spikes\n|\n|upkeep\n|turn|2\n|\n|t:|1699858183\n|detailschange|p2a: Heracross|Heracross-Mega, F\n|-mega|p2a: Heracross|Heracross|Heracronite\n|move|p2a: Heracross|Arm Thrust|p1a: Ferrothorn\n|-supereffective|p1a: Ferrothorn\n|-damage|p1a: Ferrothorn|84\/100\n|-damage|p2a: Heracross|88\/100|[from] ability: Iron Barbs|[of] p1a: Ferrothorn\n|-supereffective|p1a: Ferrothorn\n|-damage|p1a: Ferrothorn|66\/100\n|-damage|p2a: Heracross|76\/100|[from] ability: Iron Barbs|[of] p1a: Ferrothorn\n|-supereffective|p1a: Ferrothorn\n|-damage|p1a: Ferrothorn|50\/100\n|-damage|p2a: Heracross|63\/100|[from] ability: Iron Barbs|[of] p1a: Ferrothorn\n|-supereffective|p1a: Ferrothorn\n|-damage|p1a: Ferrothorn|33\/100\n|-damage|p2a: Heracross|51\/100|[from] ability: Iron Barbs|[of] p1a: Ferrothorn\n|-supereffective|p1a: Ferrothorn\n|-damage|p1a: Ferrothorn|18\/100\n|-damage|p2a: Heracross|39\/100|[from] ability: Iron Barbs|[of] p1a: Ferrothorn\n|-hitcount|p1a: Ferrothorn|5\n|move|p1a: Ferrothorn|Spikes|p2a: Heracross\n|-sidestart|p2: EvelynIsBased|Spikes\n|\n|upkeep\n|turn|3\n|\n|t:|1699858192\n|move|p2a: Heracross|Arm Thrust|p1a: Ferrothorn\n|-supereffective|p1a: Ferrothorn\n|-damage|p1a: Ferrothorn|2\/100\n|-damage|p2a: Heracross|26\/100|[from] ability: Iron Barbs|[of] p1a: Ferrothorn\n|-supereffective|p1a: Ferrothorn\n|-damage|p1a: Ferrothorn|0 fnt\n|-damage|p2a: Heracross|14\/100|[from] ability: Iron Barbs|[of] p1a: Ferrothorn\n|faint|p1a: Ferrothorn\n|-hitcount|p1: Ferrothorn|2\n|\n|upkeep\n|\n|t:|1699858198\n|switch|p1a: Greninja|Greninja, M|100\/100\n|turn|4\n|\n|t:|1699858204\n|move|p1a: Greninja|Water Pledge|p2a: Heracross\n|-damage|p2a: Heracross|0 fnt\n|faint|p2a: Heracross\n|-ability|p1a: Greninja|Battle Bond|boost\n|-boost|p1a: Greninja|atk|1\n|-boost|p1a: Greninja|spa|1\n|-boost|p1a: Greninja|spe|1\n|-activate|p1a: Greninja|ability: Battle Bond\n|\n|upkeep\n|\n|t:|1699858213\n|switch|p2a: Ambipom|Ambipom, F|100\/100\n|-damage|p2a: Ambipom|84\/100|[from] Spikes\n|turn|5\n|\n|t:|1699858219\n|move|p2a: Ambipom|Fake Out|p1a: Greninja\n|-damage|p1a: Greninja|53\/100\n|cant|p1a: Greninja|flinch\n|\n|upkeep\n|turn|6\n|\n|t:|1699858237\n|switch|p2a: Brambleghast|Brambleghast, M|100\/100\n|-damage|p2a: Brambleghast|84\/100|[from] Spikes\n|move|p1a: Greninja|Water Pledge|p2a: Brambleghast\n|-resisted|p2a: Brambleghast\n|-damage|p2a: Brambleghast|36\/100\n|\n|upkeep\n|turn|7\n|\n|t:|1699858242\n|move|p1a: Greninja|Night Slash|p2a: Brambleghast\n|-supereffective|p2a: Brambleghast\n|-crit|p2a: Brambleghast\n|-damage|p2a: Brambleghast|0 fnt\n|faint|p2a: Brambleghast\n|\n|upkeep\n|\n|t:|1699858245\n|switch|p2a: Ambipom|Ambipom, F|84\/100\n|-damage|p2a: Ambipom|68\/100|[from] Spikes\n|turn|8\n|\n|t:|1699858248\n|-terastallize|p2a: Ambipom|Normal\n|move|p2a: Ambipom|Fake Out|p1a: Greninja\n|-damage|p1a: Greninja|0 fnt\n|faint|p1a: Greninja\n|\n|upkeep\n|\n|t:|1699858251\n|switch|p1a: Chandelure|Chandelure, M|100\/100\n|turn|9\n|\n|t:|1699858258\n|switch|p2a: Ribombee|Ribombee, M|100\/100\n|-damage|p2a: Ribombee|84\/100|[from] Spikes\n|move|p1a: Chandelure|Overheat|p2a: Ribombee\n|-supereffective|p2a: Ribombee\n|-damage|p2a: Ribombee|0 fnt\n|-unboost|p1a: Chandelure|spa|2\n|faint|p2a: Ribombee\n|\n|upkeep\n|\n|t:|1699858264\n|switch|p2a: Haxorus|Haxorus, F|100\/100\n|-damage|p2a: Haxorus|84\/100|[from] Spikes\n|-ability|p2a: Haxorus|Mold Breaker\n|turn|10\n|\n|t:|1699858270\n|switch|p1a: Gliscor|Gliscor, M|100\/100\n|move|p2a: Haxorus|Dragon Dance|p2a: Haxorus\n|-boost|p2a: Haxorus|atk|1\n|-boost|p2a: Haxorus|spe|1\n|\n|-status|p1a: Gliscor|tox|[from] item: Toxic Orb\n|upkeep\n|turn|11\n|\n|t:|1699858276\n|move|p2a: Haxorus|Scale Shot|p1a: Gliscor\n|-crit|p1a: Gliscor\n|-damage|p1a: Gliscor|68\/100 tox\n|-damage|p1a: Gliscor|48\/100 tox\n|-damage|p1a: Gliscor|26\/100 tox\n|-damage|p1a: Gliscor|5\/100 tox\n|-damage|p1a: Gliscor|0 fnt\n|faint|p1a: Gliscor\n|-hitcount|p1: Gliscor|5\n|-unboost|p2a: Haxorus|def|1\n|-boost|p2a: Haxorus|spe|1\n|\n|upkeep\n|\n|t:|1699858279\n|switch|p1a: Chandelure|Chandelure, M|100\/100\n|turn|12\n|\n|t:|1699858285\n|-terastallize|p1a: Chandelure|Fairy\n|move|p2a: Haxorus|Earthquake|p1a: Chandelure\n|-damage|p1a: Chandelure|14\/100\n|move|p1a: Chandelure|Tera Blast|p2a: Haxorus|[anim] Tera Blast Fairy\n|-supereffective|p2a: Haxorus\n|-damage|p2a: Haxorus|0 fnt\n|faint|p2a: Haxorus\n|\n|upkeep\n|\n|t:|1699858292\n|switch|p2a: Ambipom|Ambipom, F, tera:Normal|68\/100\n|-damage|p2a: Ambipom|51\/100|[from] Spikes\n|turn|13\n|\n|t:|1699858294\n|move|p2a: Ambipom|Fake Out|p1a: Chandelure\n|-damage|p1a: Chandelure|0 fnt\n|faint|p1a: Chandelure\n|\n|upkeep\n|\n|t:|1699858297\n|switch|p1a: Lopunny|Lopunny, M|100\/100\n|turn|14\n|\n|t:|1699858302\n|detailschange|p1a: Lopunny|Lopunny-Mega, M\n|-mega|p1a: Lopunny|Lopunny|Lopunnite\n|move|p1a: Lopunny|Fake Out|p2a: Ambipom\n|-damage|p2a: Ambipom|14\/100\n|cant|p2a: Ambipom|flinch\n|\n|upkeep\n|turn|15\n|\n|t:|1699858308\n|move|p1a: Lopunny|Acrobatics|p2a: Ambipom\n|-crit|p2a: Ambipom\n|-damage|p2a: Ambipom|0 fnt\n|faint|p2a: Ambipom\n|\n|upkeep\n|\n|t:|1699858310\n|switch|p2a: Cloyster|Cloyster, M|100\/100\n|-damage|p2a: Cloyster|84\/100|[from] Spikes\n|turn|16\n|\n|t:|1699858312\n|move|p1a: Lopunny|Drain Punch|p2a: Cloyster\n|-supereffective|p2a: Cloyster\n|-damage|p2a: Cloyster|18\/100\n|move|p2a: Cloyster|Shell Smash|p2a: Cloyster\n|-unboost|p2a: Cloyster|def|1\n|-unboost|p2a: Cloyster|spd|1\n|-boost|p2a: Cloyster|atk|2\n|-boost|p2a: Cloyster|spa|2\n|-boost|p2a: Cloyster|spe|2\n|-enditem|p2a: Cloyster|White Herb\n|-clearnegativeboost|p2a: Cloyster|[silent]\n|\n|upkeep\n|turn|17\n|\n|t:|1699858320\n|move|p2a: Cloyster|Icicle Spear|p1a: Lopunny\n|-damage|p1a: Lopunny|68\/100\n|-damage|p1a: Lopunny|36\/100\n|-damage|p1a: Lopunny|6\/100\n|-damage|p1a: Lopunny|0 fnt\n|faint|p1a: Lopunny\n|-hitcount|p1: Lopunny|4\n|\n|upkeep\n|\n|t:|1699858322\n|switch|p1a: Porygon-Z|Porygon-Z|100\/100\n|turn|18\n|\n|t:|1699858329\n|move|p2a: Cloyster|Icicle Spear|p1a: Porygon-Z\n|-damage|p1a: Porygon-Z|65\/100\n|-damage|p1a: Porygon-Z|28\/100\n|-damage|p1a: Porygon-Z|0 fnt\n|faint|p1a: Porygon-Z\n|-hitcount|p1: Porygon-Z|3\n|\n|win|EvelynIsBased\n|raw|Linkmasterjr's rating: 1135 &rarr; <strong>1111<\/strong><br \/>(-24 for losing)\n|raw|EvelynIsBased's rating: 1144 &rarr; <strong>1168<\/strong><br \/>(+24 for winning)\n","uploadtime":1699858333,"views":6,"p1id":"linkmasterjr","p2id":"evelynisbased","formatid":"gen9nationaldex","rating":1111,"private":0,"password":""}