{"id":"gen9nationaldex-1995334367","p1":"yanami-sleep","p2":"Liaoa","format":"[Gen 9] National Dex","log":"|html|<div class=\"broadcast-blue\"><strong>[Gen 9] National Dex is currently suspecting Sneasler! For information on how to participate check out the <a href=\"https:\/\/www.smogon.com\/forums\/threads\/sv-national-dex-suspect-8-just-dance.3731534\/\">suspect thread<\/a>.<\/strong><\/div>\n|j|\u2606yanami-sleep\n|j|\u203dLiaoa\n|t:|1700555492\n|gametype|singles\n|player|p1|yanami-sleep|dawn-masters3|1523\n|player|p2|Liaoa|bellelba|1643\n|teamsize|p1|6\n|teamsize|p2|6\n|gen|9\n|tier|[Gen 9] National Dex\n|rated|\n|rule|HP Percentage Mod: HP is shown in percentages\n|rule|Endless Battle Clause: Forcing endless battles is banned\n|rule|OHKO Clause: OHKO moves are banned\n|rule|Evasion Clause: Evasion abilities, items, and moves are banned\n|rule|Evasion Abilities Clause: Evasion abilities are banned\n|rule|Evasion Items Clause: Evasion items are banned\n|rule|Evasion Moves Clause: Evasion moves are banned\n|rule|Species Clause: Limit one of each Pok\u00e9mon\n|rule|Sleep Clause Mod: Limit one foe put to sleep\n|clearpoke\n|poke|p1|Ogerpon-Wellspring, F|\n|poke|p1|Ditto|\n|poke|p1|Tapu Koko|\n|poke|p1|Garganacl, F|\n|poke|p1|Dragonite, F|\n|poke|p1|Moltres|\n|poke|p2|Rillaboom, M|\n|poke|p2|Hatterene, F|\n|poke|p2|Sinistcha-Masterpiece|\n|poke|p2|Glimmora, M|\n|poke|p2|Serperior, F|\n|poke|p2|Volcarona, F|\n|teampreview\n|\n|t:|1700555505\n|start\n|switch|p1a: Tapu Koko|Tapu Koko|100\/100\n|switch|p2a: Glimmora|Glimmora, M|100\/100\n|-fieldstart|move: Electric Terrain|[from] ability: Electric Surge|[of] p1a: Tapu Koko\n|turn|1\n|\n|t:|1700555510\n|move|p1a: Tapu Koko|Volt Switch|p2a: Glimmora\n|-damage|p2a: Glimmora|47\/100\n|inactive|Battle timer is ON: inactive players will automatically lose when time's up. (requested by Liaoa)\n|\n|t:|1700555522\n|switch|p1a: Ditto|Ditto|100\/100|[from] Volt Switch\n|-transform|p1a: Ditto|p2a: Glimmora|[from] ability: Imposter\n|move|p2a: Glimmora|Stealth Rock|p1a: Ditto\n|-sidestart|p1: yanami-sleep|move: Stealth Rock\n|\n|upkeep\n|turn|2\n|\n|t:|1700555527\n|move|p1a: Ditto|Earth Power|p2a: Glimmora\n|-supereffective|p2a: Glimmora\n|-damage|p2a: Glimmora|0 fnt\n|faint|p2a: Glimmora\n|\n|upkeep\n|\n|t:|1700555556\n|switch|p2a: Sinistcha|Sinistcha-Masterpiece|100\/100\n|turn|3\n|\n|t:|1700555569\n|switch|p1a: Ogerpon|Ogerpon-Wellspring, F|100\/100\n|-damage|p1a: Ogerpon|88\/100|[from] Stealth Rock\n|switch|p2a: Rillaboom|Rillaboom, M|100\/100\n|-fieldstart|move: Grassy Terrain|[from] ability: Grassy Surge|[of] p2a: Rillaboom\n|\n|-heal|p1a: Ogerpon|94\/100|[from] Grassy Terrain\n|upkeep\n|turn|4\n|\n|t:|1700555574\n|switch|p1a: Moltres|Moltres|100\/100\n|move|p2a: Rillaboom|U-turn|p1a: Moltres\n|-resisted|p1a: Moltres\n|-damage|p1a: Moltres|97\/100\n|\n|t:|1700555580\n|switch|p2a: Hatterene|Hatterene, F|100\/100|[from] U-turn\n|-enditem|p2a: Hatterene|Grassy Seed\n|-boost|p2a: Hatterene|def|1|[from] item: Grassy Seed\n|\n|upkeep\n|turn|5\n|\n|t:|1700555585\n|move|p1a: Moltres|Defog|p2a: Hatterene\n|move|p2a: Hatterene|Defog|p1a: Moltres|[from]ability: Magic Bounce\n|-unboost|p1a: Moltres|evasion|1\n|-sideend|p1: yanami-sleep|Stealth Rock|[from] move: Defog|[of] p2a: Hatterene\n|-fieldend|move: Grassy Terrain\n|move|p2a: Hatterene|Calm Mind|p2a: Hatterene\n|-boost|p2a: Hatterene|spa|1\n|-boost|p2a: Hatterene|spd|1\n|\n|upkeep\n|turn|6\n|\n|t:|1700555604\n|switch|p1a: Ogerpon|Ogerpon-Wellspring, F|94\/100\n|move|p2a: Hatterene|Psyshock|p1a: Ogerpon\n|-damage|p1a: Ogerpon|17\/100\n|\n|upkeep\n|turn|7\n|\n|t:|1700555610\n|-terastallize|p1a: Ogerpon|Water\n|detailschange|p1a: Ogerpon|Ogerpon-Wellspring-Tera, F, tera:Water\n|-ability|p1a: Ogerpon|Embody Aspect (Wellspring)|boost\n|-boost|p1a: Ogerpon|spd|1\n|move|p1a: Ogerpon|Ivy Cudgel|p2a: Hatterene|[anim] Ivy Cudgel Water\n|-damage|p2a: Hatterene|55\/100\n|move|p2a: Hatterene|Draining Kiss|p1a: Ogerpon\n|-damage|p1a: Ogerpon|0 fnt\n|-heal|p2a: Hatterene|67\/100|[from] drain|[of] p1a: Ogerpon\n|faint|p1a: Ogerpon\n|\n|upkeep\n|\n|t:|1700555617\n|switch|p1a: Tapu Koko|Tapu Koko|100\/100\n|-fieldstart|move: Electric Terrain|[from] ability: Electric Surge|[of] p1a: Tapu Koko\n|turn|8\n|\n|t:|1700555620\n|-zpower|p1a: Tapu Koko\n|move|p1a: Tapu Koko|Gigavolt Havoc|p2a: Hatterene|[zeffect]\n|-damage|p2a: Hatterene|4\/100\n|move|p2a: Hatterene|Draining Kiss|p1a: Tapu Koko\n|-damage|p1a: Tapu Koko|44\/100\n|-heal|p2a: Hatterene|41\/100|[from] drain|[of] p1a: Tapu Koko\n|\n|upkeep\n|turn|9\n|\n|t:|1700555623\n|move|p1a: Tapu Koko|Volt Switch|p2a: Hatterene\n|-damage|p2a: Hatterene|17\/100\n|\n|t:|1700555631\n|switch|p1a: Moltres|Moltres|97\/100|[from] Volt Switch\n|move|p2a: Hatterene|Draining Kiss|p1a: Moltres\n|-resisted|p1a: Moltres\n|-crit|p1a: Moltres\n|-damage|p1a: Moltres|72\/100\n|-heal|p2a: Hatterene|39\/100|[from] drain|[of] p1a: Moltres\n|\n|upkeep\n|turn|10\n|\n|t:|1700555640\n|move|p1a: Moltres|Mystical Fire|p2a: Hatterene\n|-damage|p2a: Hatterene|20\/100\n|-unboost|p2a: Hatterene|spa|1\n|move|p2a: Hatterene|Mystical Fire|p1a: Moltres\n|-resisted|p1a: Moltres\n|-damage|p1a: Moltres|61\/100\n|-unboost|p1a: Moltres|spa|1\n|\n|upkeep\n|turn|11\n|\n|t:|1700555649\n|move|p1a: Moltres|Roost|p1a: Moltres\n|-heal|p1a: Moltres|100\/100\n|-singleturn|p1a: Moltres|move: Roost\n|move|p2a: Hatterene|Psyshock|p1a: Moltres\n|-damage|p1a: Moltres|75\/100\n|\n|upkeep\n|turn|12\n|\n|t:|1700555654\n|move|p1a: Moltres|Mystical Fire|p2a: Hatterene\n|-damage|p2a: Hatterene|5\/100\n|-unboost|p2a: Hatterene|spa|1\n|move|p2a: Hatterene|Calm Mind|p2a: Hatterene\n|-boost|p2a: Hatterene|spa|1\n|-boost|p2a: Hatterene|spd|1\n|\n|-fieldend|move: Electric Terrain\n|upkeep\n|turn|13\n|\n|t:|1700555660\n|move|p1a: Moltres|Mystical Fire|p2a: Hatterene\n|-damage|p2a: Hatterene|0 fnt\n|faint|p2a: Hatterene\n|\n|upkeep\n|\n|t:|1700555674\n|switch|p2a: Rillaboom|Rillaboom, M|100\/100\n|-fieldstart|move: Grassy Terrain|[from] ability: Grassy Surge|[of] p2a: Rillaboom\n|turn|14\n|\n|t:|1700555680\n|switch|p1a: Ditto|Ditto|100\/100\n|-transform|p1a: Ditto|p2a: Rillaboom|[from] ability: Imposter\n|move|p2a: Rillaboom|Knock Off|p1a: Ditto\n|-crit|p1a: Ditto\n|-damage|p1a: Ditto|45\/100\n|-enditem|p1a: Ditto|Choice Scarf|[from] move: Knock Off|[of] p2a: Rillaboom\n|\n|-heal|p1a: Ditto|51\/100|[from] Grassy Terrain\n|upkeep\n|turn|15\n|\n|t:|1700555685\n|move|p1a: Ditto|U-turn|p2a: Rillaboom\n|-supereffective|p2a: Rillaboom\n|-damage|p2a: Rillaboom|60\/100\n|\n|t:|1700555687\n|switch|p1a: Moltres|Moltres|75\/100|[from] U-turn\n|move|p2a: Rillaboom|U-turn|p1a: Moltres\n|-resisted|p1a: Moltres\n|-damage|p1a: Moltres|71\/100\n|\n|t:|1700555699\n|switch|p2a: Serperior|Serperior, F|100\/100|[from] U-turn\n|\n|upkeep\n|turn|16\n|\n|t:|1700555704\n|move|p2a: Serperior|Glare|p1a: Moltres\n|-status|p1a: Moltres|par\n|move|p1a: Moltres|Mystical Fire|p2a: Serperior\n|-supereffective|p2a: Serperior\n|-damage|p2a: Serperior|24\/100\n|-boost|p2a: Serperior|spa|1\n|\n|-heal|p2a: Serperior|30\/100|[from] Grassy Terrain\n|upkeep\n|turn|17\n|\n|t:|1700555707\n|switch|p2a: Volcarona|Volcarona, F|100\/100\n|-enditem|p2a: Volcarona|Grassy Seed\n|-boost|p2a: Volcarona|def|1|[from] item: Grassy Seed\n|move|p1a: Moltres|Mystical Fire|p2a: Volcarona\n|-damage|p2a: Volcarona|69\/100\n|-unboost|p2a: Volcarona|spa|1\n|\n|-heal|p2a: Volcarona|75\/100|[from] Grassy Terrain\n|upkeep\n|turn|18\n|\n|t:|1700555713\n|move|p2a: Volcarona|Quiver Dance|p2a: Volcarona\n|-boost|p2a: Volcarona|spa|1\n|-boost|p2a: Volcarona|spd|1\n|-boost|p2a: Volcarona|spe|1\n|move|p1a: Moltres|Toxic|p2a: Volcarona\n|-status|p2a: Volcarona|tox\n|\n|-heal|p2a: Volcarona|81\/100 tox|[from] Grassy Terrain\n|-damage|p2a: Volcarona|75\/100 tox|[from] psn\n|upkeep\n|turn|19\n|\n|t:|1700555718\n|move|p2a: Volcarona|Psychic|p1a: Moltres\n|-damage|p1a: Moltres|42\/100 par\n|move|p1a: Moltres|Mystical Fire|p2a: Volcarona\n|-damage|p2a: Volcarona|55\/100 tox\n|-unboost|p2a: Volcarona|spa|1\n|\n|-heal|p2a: Volcarona|61\/100 tox|[from] Grassy Terrain\n|-damage|p2a: Volcarona|49\/100 tox|[from] psn\n|upkeep\n|turn|20\n|\n|t:|1700555725\n|move|p2a: Volcarona|Psychic|p1a: Moltres\n|-damage|p1a: Moltres|24\/100 par\n|move|p1a: Moltres|Roost|p1a: Moltres\n|-heal|p1a: Moltres|74\/100 par\n|-singleturn|p1a: Moltres|move: Roost\n|\n|-heal|p2a: Volcarona|55\/100 tox|[from] Grassy Terrain\n|-heal|p1a: Moltres|80\/100 par|[from] Grassy Terrain\n|-damage|p2a: Volcarona|37\/100 tox|[from] psn\n|upkeep\n|turn|21\n|\n|t:|1700555733\n|switch|p2a: Sinistcha|Sinistcha-Masterpiece|100\/100\n|-enditem|p2a: Sinistcha|Grassy Seed\n|-boost|p2a: Sinistcha|def|1|[from] item: Grassy Seed\n|move|p1a: Moltres|Roost|p1a: Moltres\n|-heal|p1a: Moltres|100\/100 par\n|-singleturn|p1a: Moltres|move: Roost\n|\n|-fieldend|move: Grassy Terrain\n|upkeep\n|turn|22\n|\n|t:|1700555737\n|-terastallize|p2a: Sinistcha|Poison\n|move|p2a: Sinistcha|Calm Mind|p2a: Sinistcha\n|-boost|p2a: Sinistcha|spa|1\n|-boost|p2a: Sinistcha|spd|1\n|move|p1a: Moltres|Toxic|p2a: Sinistcha\n|-immune|p2a: Sinistcha\n|\n|upkeep\n|turn|23\n|\n|t:|1700555742\n|move|p2a: Sinistcha|Calm Mind|p2a: Sinistcha\n|-boost|p2a: Sinistcha|spa|1\n|-boost|p2a: Sinistcha|spd|1\n|move|p1a: Moltres|Mystical Fire|p2a: Sinistcha\n|-damage|p2a: Sinistcha|91\/100\n|-unboost|p2a: Sinistcha|spa|1\n|\n|upkeep\n|turn|24\n|\n|t:|1700555747\n|move|p2a: Sinistcha|Calm Mind|p2a: Sinistcha\n|-boost|p2a: Sinistcha|spa|1\n|-boost|p2a: Sinistcha|spd|1\n|cant|p1a: Moltres|par\n|\n|upkeep\n|turn|25\n|\n|t:|1700555750\n|move|p2a: Sinistcha|Shadow Ball|p1a: Moltres\n|-damage|p1a: Moltres|35\/100 par\n|move|p1a: Moltres|Mystical Fire|p2a: Sinistcha\n|-damage|p2a: Sinistcha|83\/100\n|-unboost|p2a: Sinistcha|spa|1\n|\n|upkeep\n|turn|26\n|\n|t:|1700555755\n|move|p2a: Sinistcha|Shadow Ball|p1a: Moltres\n|-damage|p1a: Moltres|0 fnt\n|faint|p1a: Moltres\n|\n|upkeep\n|\n|t:|1700555759\n|switch|p1a: Ditto|Ditto|51\/100\n|-transform|p1a: Ditto|p2a: Sinistcha|[from] ability: Imposter\n|-start|p1a: Ditto|typechange|Grass\/Ghost|[silent]\n|turn|27\n|\n|t:|1700555766\n|move|p1a: Ditto|Shadow Ball|p2a: Sinistcha\n|-damage|p2a: Sinistcha|60\/100\n|move|p2a: Sinistcha|Shadow Ball|p1a: Ditto\n|-supereffective|p1a: Ditto\n|-damage|p1a: Ditto|0 fnt\n|faint|p1a: Ditto\n|\n|upkeep\n|\n|t:|1700555773\n|switch|p1a: Dragonite|Dragonite, F|100\/100\n|turn|28\n|\n|t:|1700555777\n|move|p2a: Sinistcha|Strength Sap|p1a: Dragonite\n|-unboost|p1a: Dragonite|atk|1\n|-heal|p2a: Sinistcha|100\/100\n|move|p1a: Dragonite|Earthquake|p2a: Sinistcha\n|-supereffective|p2a: Sinistcha\n|-damage|p2a: Sinistcha|69\/100\n|\n|upkeep\n|turn|29\n|\n|t:|1700555780\n|move|p2a: Sinistcha|Matcha Gotcha|p1a: Dragonite\n|-resisted|p1a: Dragonite\n|-damage|p1a: Dragonite|95\/100\n|-heal|p2a: Sinistcha|73\/100|[from] drain|[of] p1a: Dragonite\n|move|p1a: Dragonite|Curse|p1a: Dragonite\n|-unboost|p1a: Dragonite|spe|1\n|-boost|p1a: Dragonite|atk|1\n|-boost|p1a: Dragonite|def|1\n|\n|upkeep\n|turn|30\n|\n|t:|1700555785\n|move|p2a: Sinistcha|Shadow Ball|p1a: Dragonite\n|-damage|p1a: Dragonite|49\/100\n|move|p1a: Dragonite|Curse|p1a: Dragonite\n|-unboost|p1a: Dragonite|spe|1\n|-boost|p1a: Dragonite|atk|1\n|-boost|p1a: Dragonite|def|1\n|\n|upkeep\n|turn|31\n|\n|t:|1700555792\n|move|p2a: Sinistcha|Strength Sap|p1a: Dragonite\n|-unboost|p1a: Dragonite|atk|1\n|-heal|p2a: Sinistcha|100\/100\n|move|p1a: Dragonite|Roost|p1a: Dragonite\n|-heal|p1a: Dragonite|99\/100\n|-singleturn|p1a: Dragonite|move: Roost\n|\n|upkeep\n|turn|32\n|\n|t:|1700555795\n|move|p2a: Sinistcha|Shadow Ball|p1a: Dragonite\n|-damage|p1a: Dragonite|59\/100\n|move|p1a: Dragonite|Earthquake|p2a: Sinistcha\n|-supereffective|p2a: Sinistcha\n|-damage|p2a: Sinistcha|55\/100\n|\n|upkeep\n|turn|33\n|\n|t:|1700555800\n|move|p2a: Sinistcha|Strength Sap|p1a: Dragonite\n|-unboost|p1a: Dragonite|atk|1\n|-heal|p2a: Sinistcha|100\/100\n|move|p1a: Dragonite|Earthquake|p2a: Sinistcha\n|-supereffective|p2a: Sinistcha\n|-damage|p2a: Sinistcha|65\/100\n|\n|upkeep\n|turn|34\n|\n|t:|1700555802\n|move|p2a: Sinistcha|Shadow Ball|p1a: Dragonite\n|-damage|p1a: Dragonite|18\/100\n|move|p1a: Dragonite|Earthquake|p2a: Sinistcha\n|-supereffective|p2a: Sinistcha\n|-damage|p2a: Sinistcha|32\/100\n|\n|upkeep\n|turn|35\n|\n|t:|1700555808\n|move|p1a: Dragonite|Extreme Speed|p2a: Sinistcha\n|-damage|p2a: Sinistcha|19\/100\n|move|p2a: Sinistcha|Strength Sap|p1a: Dragonite\n|-unboost|p1a: Dragonite|atk|1\n|-heal|p2a: Sinistcha|100\/100\n|\n|upkeep\n|turn|36\n|\n|t:|1700555811\n|move|p2a: Sinistcha|Shadow Ball|p1a: Dragonite\n|-damage|p1a: Dragonite|0 fnt\n|faint|p1a: Dragonite\n|\n|upkeep\n|\n|t:|1700555814\n|switch|p1a: Garganacl|Garganacl, F|100\/100\n|turn|37\n|\n|t:|1700555816\n|move|p2a: Sinistcha|Matcha Gotcha|p1a: Garganacl\n|-supereffective|p1a: Garganacl\n|-damage|p1a: Garganacl|32\/100\n|move|p1a: Garganacl|Salt Cure|p2a: Sinistcha\n|-damage|p2a: Sinistcha|91\/100\n|-start|p2a: Sinistcha|Salt Cure\n|\n|-heal|p1a: Garganacl|38\/100|[from] item: Leftovers\n|-damage|p2a: Sinistcha|79\/100|[from] Salt Cure\n|upkeep\n|turn|38\n|\n|t:|1700555820\n|move|p2a: Sinistcha|Matcha Gotcha|p1a: Garganacl\n|-supereffective|p1a: Garganacl\n|-damage|p1a: Garganacl|0 fnt\n|-heal|p2a: Sinistcha|100\/100|[from] drain|[of] p1a: Garganacl\n|faint|p1a: Garganacl\n|\n|-damage|p2a: Sinistcha|88\/100|[from] Salt Cure\n|upkeep\n|\n|t:|1700555822\n|switch|p1a: Tapu Koko|Tapu Koko|44\/100\n|-fieldstart|move: Electric Terrain|[from] ability: Electric Surge|[of] p1a: Tapu Koko\n|turn|39\n|\n|t:|1700555824\n|move|p1a: Tapu Koko|Thunderbolt|p2a: Sinistcha\n|-damage|p2a: Sinistcha|66\/100\n|move|p2a: Sinistcha|Shadow Ball|p1a: Tapu Koko\n|-damage|p1a: Tapu Koko|0 fnt\n|faint|p1a: Tapu Koko\n|\n|win|Liaoa\n|raw|yanami-sleep's rating: 1523 &rarr; <strong>1510<\/strong><br \/>(-13 for losing)\n|raw|Liaoa's rating: 1643 &rarr; <strong>1656<\/strong><br \/>(+13 for winning)\n","uploadtime":1700555827,"views":1,"p1id":"yanamisleep","p2id":"liaoa","formatid":"gen9nationaldex","rating":1510,"private":0,"password":""}