{"id":"gen9nationaldex-1993513025","p1":"Leo11123","p2":"plague070","format":"[Gen 9] National Dex","log":"|j|\u2606Leo11123\n|j|\u2606plague070\n|t:|1700326668\n|gametype|singles\n|player|p1|Leo11123|richboy|1353\n|player|p2|plague070|allister|1491\n|teamsize|p1|6\n|teamsize|p2|6\n|gen|9\n|tier|[Gen 9] National Dex\n|rated|\n|rule|HP Percentage Mod: HP is shown in percentages\n|rule|Endless Battle Clause: Forcing endless battles is banned\n|rule|OHKO Clause: OHKO moves are banned\n|rule|Evasion Clause: Evasion abilities, items, and moves are banned\n|rule|Evasion Abilities Clause: Evasion abilities are banned\n|rule|Evasion Items Clause: Evasion items are banned\n|rule|Evasion Moves Clause: Evasion moves are banned\n|rule|Species Clause: Limit one of each Pok\u00e9mon\n|rule|Sleep Clause Mod: Limit one foe put to sleep\n|clearpoke\n|poke|p1|Toxapex, F|\n|poke|p1|Dondozo, M|\n|poke|p1|Garganacl, M|\n|poke|p1|Sableye, F|\n|poke|p1|Clodsire, F|\n|poke|p1|Gliscor, F|\n|poke|p2|Blacephalon|\n|poke|p2|Tapu Lele|\n|poke|p2|Manaphy|\n|poke|p2|Sneasler, M|\n|poke|p2|Tornadus-Therian, M|\n|poke|p2|Alakazam, F|\n|teampreview\n|inactive|Battle timer is ON: inactive players will automatically lose when time's up. (requested by Leo11123)\n|inactive|Leo11123 has 120 seconds left.\n|\n|t:|1700326709\n|start\n|switch|p1a: Gliscor|Gliscor, F|100\/100\n|switch|p2a: Manaphy|Manaphy|100\/100\n|turn|1\n|\n|t:|1700326724\n|switch|p1a: Toxapex|Toxapex, F|100\/100\n|move|p2a: Manaphy|Surf|p1a: Toxapex\n|-resisted|p1a: Toxapex\n|-damage|p1a: Toxapex|89\/100\n|\n|upkeep\n|turn|2\n|\n|t:|1700326732\n|move|p2a: Manaphy|Tail Glow|p2a: Manaphy\n|-boost|p2a: Manaphy|spa|3\n|move|p1a: Toxapex|Toxic|p2a: Manaphy\n|-status|p2a: Manaphy|tox\n|\n|-damage|p2a: Manaphy|94\/100 tox|[from] psn\n|upkeep\n|turn|3\n|\n|t:|1700326738\n|move|p2a: Manaphy|Psychic|p1a: Toxapex\n|-supereffective|p1a: Toxapex\n|-damage|p1a: Toxapex|8\/100\n|move|p1a: Toxapex|Haze|p1a: Toxapex\n|-clearallboost\n|\n|-heal|p2a: Manaphy|100\/100 tox|[from] item: Leftovers\n|-damage|p2a: Manaphy|88\/100 tox|[from] psn\n|upkeep\n|turn|4\n|\n|t:|1700326749\n|switch|p1a: Sableye|Sableye, F|100\/100\n|move|p2a: Manaphy|Surf|p1a: Sableye\n|-damage|p1a: Sableye|41\/100\n|\n|-heal|p2a: Manaphy|94\/100 tox|[from] item: Leftovers\n|-damage|p2a: Manaphy|76\/100 tox|[from] psn\n|upkeep\n|turn|5\n|\n|t:|1700326758\n|switch|p2a: Tapu Lele|Tapu Lele|100\/100\n|-fieldstart|move: Psychic Terrain|[from] ability: Psychic Surge|[of] p2a: Tapu Lele\n|detailschange|p1a: Sableye|Sableye-Mega, F\n|-mega|p1a: Sableye|Sableye|Sablenite\n|move|p1a: Sableye|Recover|p1a: Sableye\n|-heal|p1a: Sableye|91\/100\n|\n|upkeep\n|turn|6\n|\n|t:|1700326769\n|switch|p1a: Toxapex|Toxapex, F|42\/100\n|move|p2a: Tapu Lele|Moonblast|p1a: Toxapex\n|-resisted|p1a: Toxapex\n|-damage|p1a: Toxapex|26\/100\n|\n|upkeep\n|turn|7\n|\n|t:|1700326786\n|switch|p2a: Alakazam|Alakazam, F|100\/100\n|switch|p1a: Garganacl|Garganacl, M|100\/100\n|\n|upkeep\n|turn|8\n|\n|t:|1700326797\n|move|p1a: Garganacl|Protect|p1a: Garganacl\n|-singleturn|p1a: Garganacl|Protect\n|move|p2a: Alakazam|Nasty Plot|p2a: Alakazam\n|-boost|p2a: Alakazam|spa|2\n|\n|upkeep\n|turn|9\n|\n|t:|1700326820\n|move|p2a: Alakazam|Focus Blast|p1a: Garganacl\n|-supereffective|p1a: Garganacl\n|-damage|p1a: Garganacl|0 fnt\n|faint|p1a: Garganacl\n|\n|-fieldend|move: Psychic Terrain\n|upkeep\n|inactive|Leo11123 has 120 seconds left.\n|c|\u2606plague070|woahhhhhh\n|\n|t:|1700326849\n|switch|p1a: Sableye|Sableye-Mega, F|91\/100\n|turn|10\n|\n|t:|1700326854\n|move|p2a: Alakazam|Shadow Ball|p1a: Sableye\n|-damage|p1a: Sableye|31\/100\n|move|p1a: Sableye|Knock Off|p2a: Alakazam\n|-supereffective|p2a: Alakazam\n|-enditem|p2a: Alakazam|Focus Sash\n|-damage|p2a: Alakazam|1\/100\n|\n|upkeep\n|turn|11\n|\n|t:|1700326872\n|switch|p1a: Toxapex|Toxapex, F|59\/100\n|move|p2a: Alakazam|Shadow Ball|p1a: Toxapex\n|-damage|p1a: Toxapex|22\/100\n|\n|upkeep\n|turn|12\n|\n|t:|1700326890\n|move|p2a: Alakazam|Shadow Ball|p1a: Toxapex\n|-damage|p1a: Toxapex|0 fnt\n|faint|p1a: Toxapex\n|\n|upkeep\n|\n|t:|1700326897\n|switch|p1a: Gliscor|Gliscor, F|100\/100\n|turn|13\n|\n|t:|1700326907\n|-terastallize|p2a: Alakazam|Psychic\n|move|p2a: Alakazam|Psychic|p1a: Gliscor\n|-damage|p1a: Gliscor|0 fnt\n|faint|p1a: Gliscor\n|\n|upkeep\n|\n|t:|1700326917\n|switch|p1a: Dondozo|Dondozo, M|100\/100\n|turn|14\n|\n|t:|1700326920\n|move|p2a: Alakazam|Psychic|p1a: Dondozo\n|-damage|p1a: Dondozo|37\/100\n|move|p1a: Dondozo|Liquidation|p2a: Alakazam\n|-damage|p2a: Alakazam|0 fnt\n|faint|p2a: Alakazam\n|\n|-heal|p1a: Dondozo|43\/100|[from] item: Leftovers\n|upkeep\n|\n|t:|1700326925\n|switch|p2a: Manaphy|Manaphy|76\/100 tox\n|turn|15\n|inactive|Leo11123 has 120 seconds left.\n|\n|t:|1700326952\n|move|p2a: Manaphy|Tail Glow|p2a: Manaphy\n|-boost|p2a: Manaphy|spa|3\n|move|p1a: Dondozo|Liquidation|p2a: Manaphy\n|-resisted|p2a: Manaphy\n|-damage|p2a: Manaphy|61\/100 tox\n|\n|-heal|p2a: Manaphy|67\/100 tox|[from] item: Leftovers\n|-heal|p1a: Dondozo|49\/100|[from] item: Leftovers\n|-damage|p2a: Manaphy|61\/100 tox|[from] psn\n|upkeep\n|turn|16\n|\n|t:|1700326961\n|switch|p1a: Clodsire|Clodsire, F|100\/100\n|move|p2a: Manaphy|Energy Ball|p1a: Clodsire\n|-damage|p1a: Clodsire|86\/100\n|\n|-heal|p2a: Manaphy|67\/100 tox|[from] item: Leftovers\n|-damage|p2a: Manaphy|55\/100 tox|[from] psn\n|upkeep\n|turn|17\n|inactive|Leo11123 has 120 seconds left.\n|\n|t:|1700326972\n|-terastallize|p1a: Clodsire|Dark\n|move|p2a: Manaphy|Surf|p1a: Clodsire\n|-damage|p1a: Clodsire|65\/100\n|move|p1a: Clodsire|Earthquake|p2a: Manaphy\n|-damage|p2a: Manaphy|27\/100 tox\n|\n|-heal|p2a: Manaphy|33\/100 tox|[from] item: Leftovers\n|-damage|p2a: Manaphy|15\/100 tox|[from] psn\n|upkeep\n|turn|18\n|inactive|Leo11123 has 120 seconds left.\n|\n|t:|1700326980\n|move|p2a: Manaphy|Surf|p1a: Clodsire\n|-damage|p1a: Clodsire|44\/100\n|move|p1a: Clodsire|Recover|p1a: Clodsire\n|-heal|p1a: Clodsire|94\/100\n|\n|-heal|p2a: Manaphy|21\/100 tox|[from] item: Leftovers\n|-damage|p2a: Manaphy|0 fnt|[from] psn\n|faint|p2a: Manaphy\n|upkeep\n|\n|t:|1700326987\n|switch|p2a: Sneasler|Sneasler, M|100\/100\n|turn|19\n|inactive|Leo11123 has 120 seconds left.\n|\n|t:|1700327003\n|switch|p2a: Tornadus|Tornadus-Therian, M|100\/100\n|switch|p1a: Sableye|Sableye-Mega, F|31\/100\n|\n|upkeep\n|turn|20\n|\n|t:|1700327010\n|move|p2a: Tornadus|U-turn|p1a: Sableye\n|-damage|p1a: Sableye|21\/100\n|\n|t:|1700327012\n|switch|p2a: Tapu Lele|Tapu Lele|100\/100|[from] U-turn\n|-fieldstart|move: Psychic Terrain|[from] ability: Psychic Surge|[of] p2a: Tapu Lele\n|move|p1a: Sableye|Recover|p1a: Sableye\n|-heal|p1a: Sableye|71\/100\n|\n|upkeep\n|turn|21\n|\n|t:|1700327026\n|move|p1a: Sableye|Protect|p1a: Sableye\n|-singleturn|p1a: Sableye|Protect\n|move|p2a: Tapu Lele|Moonblast|p1a: Sableye\n|-activate|p1a: Sableye|move: Protect\n|\n|upkeep\n|turn|22\n|\n|t:|1700327040\n|switch|p1a: Clodsire|Clodsire, F, tera:Dark|94\/100\n|move|p2a: Tapu Lele|Moonblast|p1a: Clodsire\n|-supereffective|p1a: Clodsire\n|-damage|p1a: Clodsire|43\/100\n|-unboost|p1a: Clodsire|spa|1\n|\n|upkeep\n|turn|23\n|\n|t:|1700327051\n|move|p2a: Tapu Lele|Moonblast|p1a: Clodsire\n|-supereffective|p1a: Clodsire\n|-damage|p1a: Clodsire|0 fnt\n|faint|p1a: Clodsire\n|\n|upkeep\n|\n|t:|1700327054\n|switch|p1a: Sableye|Sableye-Mega, F|71\/100\n|turn|24\n|\n|t:|1700327057\n|move|p2a: Tapu Lele|Moonblast|p1a: Sableye\n|-supereffective|p1a: Sableye\n|-damage|p1a: Sableye|0 fnt\n|faint|p1a: Sableye\n|\n|-fieldend|move: Psychic Terrain\n|upkeep\n|\n|t:|1700327060\n|switch|p1a: Dondozo|Dondozo, M|49\/100\n|turn|25\n|\n|t:|1700327063\n|move|p2a: Tapu Lele|Moonblast|p1a: Dondozo\n|-damage|p1a: Dondozo|7\/100\n|-unboost|p1a: Dondozo|spa|1\n|move|p1a: Dondozo|Liquidation|p2a: Tapu Lele\n|-damage|p2a: Tapu Lele|59\/100\n|\n|-heal|p1a: Dondozo|13\/100|[from] item: Leftovers\n|upkeep\n|turn|26\n|c|\u2606plague070|lol\n|\n|t:|1700327067\n|move|p2a: Tapu Lele|Moonblast|p1a: Dondozo\n|-damage|p1a: Dondozo|0 fnt\n|faint|p1a: Dondozo\n|\n|win|plague070\n|raw|Leo11123's rating: 1353 &rarr; <strong>1341<\/strong><br \/>(-12 for losing)\n|raw|plague070's rating: 1491 &rarr; <strong>1503<\/strong><br \/>(+12 for winning)\n|l|\u2606Leo11123\n","uploadtime":1700327076,"views":7,"p1id":"leo11123","p2id":"plague070","formatid":"gen9nationaldex","rating":1341,"private":0,"password":""}