{"id":"gen9nationaldex-1999298597","p1":"akkaqiu","p2":"Glass101","format":"[Gen 9] National Dex","log":"|html|<div class=\"broadcast-blue\"><strong>[Gen 9] National Dex is currently suspecting Sneasler! For information on how to participate check out the <a href=\"https:\/\/www.smogon.com\/forums\/threads\/sv-national-dex-suspect-8-just-dance.3731534\/\">suspect thread<\/a>.<\/strong><\/div>\n|j|\u2606akkaqiu\n|j|\u2606Glass101\n|t:|1701056807\n|gametype|singles\n|player|p1|akkaqiu|cyclist|1548\n|player|p2|Glass101|rocketgruntf|1535\n|teamsize|p1|6\n|teamsize|p2|6\n|gen|9\n|tier|[Gen 9] National Dex\n|rated|\n|rule|HP Percentage Mod: HP is shown in percentages\n|rule|Endless Battle Clause: Forcing endless battles is banned\n|rule|OHKO Clause: OHKO moves are banned\n|rule|Evasion Clause: Evasion abilities, items, and moves are banned\n|rule|Evasion Abilities Clause: Evasion abilities are banned\n|rule|Evasion Items Clause: Evasion items are banned\n|rule|Evasion Moves Clause: Evasion moves are banned\n|rule|Species Clause: Limit one of each Pok\u00e9mon\n|rule|Sleep Clause Mod: Limit one foe put to sleep\n|clearpoke\n|poke|p1|Serperior, F|\n|poke|p1|Landorus-Therian, M|\n|poke|p1|Ogerpon-Wellspring, F|\n|poke|p1|Tapu Lele|\n|poke|p1|Clodsire, M|\n|poke|p1|Garganacl, M|\n|poke|p2|Haxorus, F|\n|poke|p2|Sinistcha|\n|poke|p2|Cresselia, F|\n|poke|p2|Ceruledge, F|\n|poke|p2|Galvantula, M|\n|poke|p2|Clodsire, F|\n|teampreview\n|inactive|Battle timer is ON: inactive players will automatically lose when time's up. (requested by Glass101)\n|\n|t:|1701056839\n|start\n|switch|p1a: Ogerpon|Ogerpon-Wellspring, F|100\/100\n|switch|p2a: Galvantula|Galvantula, M|100\/100\n|turn|1\n|\n|t:|1701056863\n|-terastallize|p1a: Ogerpon|Water\n|detailschange|p1a: Ogerpon|Ogerpon-Wellspring-Tera, F, tera:Water\n|-ability|p1a: Ogerpon|Embody Aspect (Wellspring)|boost\n|-boost|p1a: Ogerpon|spd|1\n|move|p1a: Ogerpon|Swords Dance|p1a: Ogerpon\n|-boost|p1a: Ogerpon|atk|2\n|move|p2a: Galvantula|Thunder Wave|p1a: Ogerpon\n|-status|p1a: Ogerpon|par\n|\n|upkeep\n|turn|2\n|\n|t:|1701056871\n|move|p2a: Galvantula|Sticky Web|p1a: Ogerpon\n|-sidestart|p1: akkaqiu|move: Sticky Web\n|move|p1a: Ogerpon|Encore|p2a: Galvantula\n|-start|p2a: Galvantula|Encore\n|\n|upkeep\n|turn|3\n|\n|t:|1701056878\n|switch|p2a: Haxorus|Haxorus, F|100\/100\n|-ability|p2a: Haxorus|Mold Breaker\n|move|p1a: Ogerpon|Ivy Cudgel|p2a: Haxorus|[anim] Ivy Cudgel Water\n|-resisted|p2a: Haxorus\n|-crit|p2a: Haxorus\n|-damage|p2a: Haxorus|0 fnt\n|faint|p2a: Haxorus\n|\n|upkeep\n|\n|t:|1701056883\n|switch|p2a: Galvantula|Galvantula, M|100\/100\n|turn|4\n|\n|t:|1701056888\n|move|p2a: Galvantula|Thunder|p1a: Ogerpon\n|-supereffective|p1a: Ogerpon\n|-damage|p1a: Ogerpon|23\/100 par\n|cant|p1a: Ogerpon|par\n|\n|upkeep\n|turn|5\n|\n|t:|1701056894\n|switch|p1a: Landorus|Landorus-Therian, M|100\/100\n|-ability|p1a: Landorus|Intimidate|boost\n|-unboost|p2a: Galvantula|atk|1\n|move|p2a: Galvantula|Thunder|p1a: Landorus\n|-immune|p1a: Landorus\n|\n|upkeep\n|turn|6\n|\n|t:|1701056905\n|switch|p1a: Sloth|Garganacl, M|100\/100\n|-activate|p1a: Sloth|move: Sticky Web\n|-unboost|p1a: Sloth|spe|1\n|move|p2a: Galvantula|Hidden Power|p1a: Sloth\n|-damage|p1a: Sloth|88\/100\n|\n|-heal|p1a: Sloth|95\/100|[from] item: Leftovers\n|upkeep\n|turn|7\n|\n|t:|1701056910\n|switch|p2a: Sinistcha|Sinistcha|100\/100\n|move|p1a: Sloth|Salt Cure|p2a: Sinistcha\n|-damage|p2a: Sinistcha|91\/100\n|\n|-heal|p1a: Sloth|100\/100|[from] item: Leftovers\n|upkeep\n|turn|8\n|\n|t:|1701056921\n|switch|p1a: Tapu Lele|Tapu Lele|100\/100\n|-activate|p1a: Tapu Lele|move: Sticky Web\n|-unboost|p1a: Tapu Lele|spe|1\n|-fieldstart|move: Psychic Terrain|[from] ability: Psychic Surge|[of] p1a: Tapu Lele\n|move|p2a: Sinistcha|Calm Mind|p2a: Sinistcha\n|-boost|p2a: Sinistcha|spa|1\n|-boost|p2a: Sinistcha|spd|1\n|\n|upkeep\n|turn|9\n|\n|t:|1701056932\n|move|p1a: Tapu Lele|Psyshock|p2a: Sinistcha\n|-damage|p2a: Sinistcha|51\/100\n|move|p2a: Sinistcha|Strength Sap|p1a: Tapu Lele\n|-unboost|p1a: Tapu Lele|atk|1\n|-heal|p2a: Sinistcha|96\/100\n|\n|upkeep\n|turn|10\n|\n|t:|1701056937\n|move|p1a: Tapu Lele|Psyshock|p2a: Sinistcha\n|-damage|p2a: Sinistcha|61\/100\n|move|p2a: Sinistcha|Shadow Ball|p1a: Tapu Lele\n|-supereffective|p1a: Tapu Lele\n|-damage|p1a: Tapu Lele|0 fnt\n|faint|p1a: Tapu Lele\n|\n|upkeep\n|\n|t:|1701056946\n|switch|p1a: Landorus|Landorus-Therian, M|100\/100\n|-ability|p1a: Landorus|Intimidate|boost\n|-unboost|p2a: Sinistcha|atk|1\n|turn|11\n|\n|t:|1701056949\n|-zpower|p1a: Landorus\n|move|p1a: Landorus|Supersonic Skystrike|p2a: Sinistcha|[zeffect]\n|-supereffective|p2a: Sinistcha\n|-damage|p2a: Sinistcha|0 fnt\n|faint|p2a: Sinistcha\n|\n|upkeep\n|\n|t:|1701056959\n|switch|p2a: Galvantula|Galvantula, M|100\/100\n|turn|12\n|\n|t:|1701056962\n|move|p2a: Galvantula|Thunder|p1a: Landorus\n|-immune|p1a: Landorus\n|move|p1a: Landorus|Earthquake|p2a: Galvantula\n|-enditem|p2a: Galvantula|Focus Sash\n|-damage|p2a: Galvantula|1\/100\n|\n|-fieldend|move: Psychic Terrain\n|upkeep\n|turn|13\n|\n|t:|1701056969\n|switch|p1a: Sloth|Garganacl, M|100\/100\n|-activate|p1a: Sloth|move: Sticky Web\n|-unboost|p1a: Sloth|spe|1\n|move|p2a: Galvantula|Hidden Power|p1a: Sloth\n|-damage|p1a: Sloth|89\/100\n|\n|-heal|p1a: Sloth|96\/100|[from] item: Leftovers\n|upkeep\n|turn|14\n|\n|t:|1701056972\n|move|p2a: Galvantula|Thunder|p1a: Sloth\n|-damage|p1a: Sloth|64\/100\n|move|p1a: Sloth|Salt Cure|p2a: Galvantula\n|-supereffective|p2a: Galvantula\n|-damage|p2a: Galvantula|0 fnt\n|faint|p2a: Galvantula\n|\n|-heal|p1a: Sloth|70\/100|[from] item: Leftovers\n|upkeep\n|\n|t:|1701056975\n|switch|p2a: Cresselia|Cresselia, F|100\/100\n|turn|15\n|\n|t:|1701056981\n|move|p2a: Cresselia|Calm Mind|p2a: Cresselia\n|-boost|p2a: Cresselia|spa|1\n|-boost|p2a: Cresselia|spd|1\n|move|p1a: Sloth|Salt Cure|p2a: Cresselia\n|-damage|p2a: Cresselia|93\/100\n|\n|-heal|p1a: Sloth|77\/100|[from] item: Leftovers\n|upkeep\n|turn|16\n|\n|t:|1701056988\n|switch|p1a: Ogerpon|Ogerpon-Wellspring-Tera, F, tera:Water|23\/100 par\n|-activate|p1a: Ogerpon|move: Sticky Web\n|-unboost|p1a: Ogerpon|spe|1\n|-ability|p1a: Ogerpon|Embody Aspect (Wellspring)|boost\n|-boost|p1a: Ogerpon|spd|1\n|move|p2a: Cresselia|Calm Mind|p2a: Cresselia\n|-boost|p2a: Cresselia|spa|1\n|-boost|p2a: Cresselia|spd|1\n|\n|upkeep\n|turn|17\n|\n|t:|1701056991\n|move|p2a: Cresselia|Stored Power|p1a: Ogerpon\n|-damage|p1a: Ogerpon|0 fnt\n|faint|p1a: Ogerpon\n|\n|upkeep\n|\n|t:|1701056998\n|switch|p1a: Clodsire|Clodsire, M|100\/100\n|-activate|p1a: Clodsire|move: Sticky Web\n|-unboost|p1a: Clodsire|spe|1\n|turn|18\n|\n|t:|1701057001\n|-terastallize|p2a: Cresselia|Poison\n|move|p2a: Cresselia|Calm Mind|p2a: Cresselia\n|-boost|p2a: Cresselia|spa|1\n|-boost|p2a: Cresselia|spd|1\n|move|p1a: Clodsire|Toxic|p2a: Cresselia\n|-immune|p2a: Cresselia\n|\n|upkeep\n|turn|19\n|\n|t:|1701057004\n|move|p2a: Cresselia|Calm Mind|p2a: Cresselia\n|-boost|p2a: Cresselia|spa|1\n|-boost|p2a: Cresselia|spd|1\n|move|p1a: Clodsire|Earthquake|p2a: Cresselia\n|-immune|p2a: Cresselia|[from] ability: Levitate\n|\n|upkeep\n|turn|20\n|\n|t:|1701057023\n|move|p2a: Cresselia|Calm Mind|p2a: Cresselia\n|-boost|p2a: Cresselia|spa|1\n|-boost|p2a: Cresselia|spd|1\n|move|p1a: Clodsire|Stealth Rock|p2a: Cresselia\n|-sidestart|p2: Glass101|move: Stealth Rock\n|\n|upkeep\n|turn|21\n|\n|t:|1701057027\n|switch|p1a: Pride|Serperior, F|100\/100\n|-activate|p1a: Pride|move: Sticky Web\n|-boost|p1a: Pride|spe|1\n|move|p2a: Cresselia|Calm Mind|p2a: Cresselia\n|-boost|p2a: Cresselia|spa|1\n|-boost|p2a: Cresselia|spd|1\n|\n|upkeep\n|turn|22\n|\n|t:|1701057030\n|move|p1a: Pride|Glare|p2a: Cresselia\n|-status|p2a: Cresselia|par\n|move|p2a: Cresselia|Stored Power|p1a: Pride\n|-damage|p1a: Pride|0 fnt\n|faint|p1a: Pride\n|\n|upkeep\n|\n|t:|1701057037\n|switch|p1a: Sloth|Garganacl, M|77\/100\n|-activate|p1a: Sloth|move: Sticky Web\n|-unboost|p1a: Sloth|spe|1\n|turn|23\n|\n|t:|1701057041\n|move|p2a: Cresselia|Stored Power|p1a: Sloth\n|-damage|p1a: Sloth|0 fnt\n|faint|p1a: Sloth\n|\n|upkeep\n|\n|t:|1701057049\n|switch|p1a: Landorus|Landorus-Therian, M|100\/100\n|-ability|p1a: Landorus|Intimidate|boost\n|-unboost|p2a: Cresselia|atk|1\n|turn|24\n|\n|t:|1701057056\n|move|p1a: Landorus|Stone Edge|p2a: Cresselia\n|-damage|p2a: Cresselia|73\/100 par\n|cant|p2a: Cresselia|par\n|\n|upkeep\n|turn|25\n|\n|t:|1701057063\n|move|p1a: Landorus|Fly||[still]\n|-prepare|p1a: Landorus|Fly\n|move|p2a: Cresselia|Stored Power|p1a: Landorus|[miss]\n|-miss|p2a: Cresselia|p1a: Landorus\n|\n|upkeep\n|turn|26\n|\n|t:|1701057067\n|move|p1a: Landorus|Fly|p2a: Cresselia|[from]lockedmove\n|-damage|p2a: Cresselia|46\/100 par\n|cant|p2a: Cresselia|par\n|\n|upkeep\n|turn|27\n|\n|t:|1701057072\n|move|p1a: Landorus|Fly||[still]\n|-prepare|p1a: Landorus|Fly\n|move|p2a: Cresselia|Moonlight|p2a: Cresselia\n|-heal|p2a: Cresselia|96\/100 par\n|\n|upkeep\n|turn|28\n|\n|t:|1701057075\n|move|p1a: Landorus|Fly|p2a: Cresselia|[from]lockedmove\n|-damage|p2a: Cresselia|64\/100 par\n|move|p2a: Cresselia|Stored Power|p1a: Landorus\n|-damage|p1a: Landorus|0 fnt\n|faint|p1a: Landorus\n|\n|upkeep\n|\n|t:|1701057079\n|switch|p1a: Clodsire|Clodsire, M|100\/100\n|-activate|p1a: Clodsire|move: Sticky Web\n|-unboost|p1a: Clodsire|spe|1\n|turn|29\n|\n|t:|1701057085\n|move|p2a: Cresselia|Stored Power|p1a: Clodsire\n|-supereffective|p1a: Clodsire\n|-damage|p1a: Clodsire|19\/100\n|move|p1a: Clodsire|Recover|p1a: Clodsire\n|-heal|p1a: Clodsire|69\/100\n|\n|upkeep\n|turn|30\n|\n|t:|1701057090\n|move|p2a: Cresselia|Stored Power|p1a: Clodsire\n|-supereffective|p1a: Clodsire\n|-damage|p1a: Clodsire|0 fnt\n|faint|p1a: Clodsire\n|\n|win|Glass101\n|raw|akkaqiu's rating: 1548 &rarr; <strong>1527<\/strong><br \/>(-21 for losing)\n|raw|Glass101's rating: 1535 &rarr; <strong>1556<\/strong><br \/>(+21 for winning)\n","uploadtime":1701057099,"views":12,"p1id":"akkaqiu","p2id":"glass101","formatid":"gen9nationaldex","rating":1527,"private":0,"password":""}