{"id":"gen9nationaldex-1987461756","p1":"GunGalione","p2":"Jarl_jake","format":"[Gen 9] National Dex","log":"|j|\u2606GunGalione\n|j|\u2606Jarl_jake\n|t:|1699595297\n|gametype|singles\n|player|p1|GunGalione|pokemonranger-gen4|1016\n|player|p2|Jarl_jake|red|1071\n|teamsize|p1|6\n|teamsize|p2|6\n|gen|9\n|tier|[Gen 9] National Dex\n|rated|\n|rule|HP Percentage Mod: HP is shown in percentages\n|rule|Endless Battle Clause: Forcing endless battles is banned\n|rule|OHKO Clause: OHKO moves are banned\n|rule|Evasion Clause: Evasion abilities, items, and moves are banned\n|rule|Evasion Abilities Clause: Evasion abilities are banned\n|rule|Evasion Items Clause: Evasion items are banned\n|rule|Evasion Moves Clause: Evasion moves are banned\n|rule|Species Clause: Limit one of each Pok\u00e9mon\n|rule|Sleep Clause Mod: Limit one foe put to sleep\n|clearpoke\n|poke|p1|Tapu Fini|\n|poke|p1|Grimmsnarl, M|\n|poke|p1|Ribombee, M|\n|poke|p1|Togekiss, F|\n|poke|p1|Diancie|\n|poke|p1|Gardevoir, F|\n|poke|p2|Ninetales-Alola, F|\n|poke|p2|Serperior, F|\n|poke|p2|Salamence, M|\n|poke|p2|Blaziken, M|\n|poke|p2|Blastoise, F|\n|poke|p2|Grimmsnarl, M|\n|teampreview\n|\n|t:|1699595309\n|start\n|switch|p1a: Grimmsnarl|Grimmsnarl, M|100\/100\n|switch|p2a: Ninetales|Ninetales-Alola, F, shiny|100\/100\n|-weather|Snow|[from] ability: Snow Warning|[of] p2a: Ninetales\n|turn|1\n|\n|t:|1699595318\n|move|p1a: Grimmsnarl|Taunt|p2a: Ninetales\n|-start|p2a: Ninetales|move: Taunt\n|cant|p2a: Ninetales|move: Taunt|Aurora Veil\n|\n|-weather|Snow|[upkeep]\n|upkeep\n|turn|2\n|\n|t:|1699595329\n|switch|p1a: Ribombee|Ribombee, M, shiny|100\/100\n|move|p2a: Ninetales|Moonblast|p1a: Ribombee\n|-damage|p1a: Ribombee|33\/100\n|\n|-weather|Snow|[upkeep]\n|upkeep\n|turn|3\n|\n|t:|1699595337\n|move|p1a: Ribombee|Sticky Web|p2a: Ninetales\n|-sidestart|p2: Jarl_jake|move: Sticky Web\n|move|p2a: Ninetales|Blizzard|p1a: Ribombee\n|-damage|p1a: Ribombee|0 fnt\n|faint|p1a: Ribombee\n|\n|-weather|Snow|[upkeep]\n|-end|p2a: Ninetales|move: Taunt\n|upkeep\n|\n|t:|1699595340\n|switch|p1a: Grimmsnarl|Grimmsnarl, M|100\/100\n|turn|4\n|\n|t:|1699595348\n|move|p1a: Grimmsnarl|Trick|p2a: Ninetales\n|-activate|p1a: Grimmsnarl|move: Trick|[of] p2a: Ninetales\n|-item|p2a: Ninetales|Choice Scarf|[from] move: Trick\n|-item|p1a: Grimmsnarl|Light Clay|[from] move: Trick\n|move|p2a: Ninetales|Moonblast|p1a: Grimmsnarl\n|-supereffective|p1a: Grimmsnarl\n|-damage|p1a: Grimmsnarl|25\/100\n|\n|-weather|Snow|[upkeep]\n|upkeep\n|turn|5\n|\n|t:|1699595357\n|move|p1a: Grimmsnarl|Parting Shot|p2a: Ninetales\n|-unboost|p2a: Ninetales|atk|1\n|-unboost|p2a: Ninetales|spa|1\n|\n|t:|1699595364\n|switch|p1a: Gardevoir|Gardevoir, F|100\/100|[from] Parting Shot\n|move|p2a: Ninetales|Moonblast|p1a: Gardevoir\n|-damage|p1a: Gardevoir|75\/100\n|\n|-weather|none\n|upkeep\n|turn|6\n|\n|t:|1699595376\n|move|p2a: Ninetales|Moonblast|p1a: Gardevoir\n|-damage|p1a: Gardevoir|48\/100\n|move|p1a: Gardevoir|Mystical Fire|p2a: Ninetales\n|-supereffective|p2a: Ninetales\n|-damage|p2a: Ninetales|0 fnt\n|faint|p2a: Ninetales\n|\n|upkeep\n|\n|t:|1699595385\n|switch|p2a: Serperior|Serperior, F, shiny|100\/100\n|-activate|p2a: Serperior|move: Sticky Web\n|-boost|p2a: Serperior|spe|1\n|turn|7\n|\n|t:|1699595391\n|move|p2a: Serperior|Leaf Storm|p1a: Gardevoir\n|-damage|p1a: Gardevoir|0 fnt\n|-boost|p2a: Serperior|spa|2\n|faint|p1a: Gardevoir\n|-damage|p2a: Serperior|91\/100|[from] item: Life Orb\n|\n|upkeep\n|\n|t:|1699595419\n|switch|p1a: Togekiss|Togekiss, F|100\/100\n|turn|8\n|\n|t:|1699595428\n|switch|p2a: Grimmsnarl|Grimmsnarl, M, shiny|100\/100\n|-activate|p2a: Grimmsnarl|move: Sticky Web\n|-unboost|p2a: Grimmsnarl|spe|1\n|move|p1a: Togekiss|Air Slash|p2a: Grimmsnarl\n|-damage|p2a: Grimmsnarl|60\/100\n|\n|upkeep\n|turn|9\n|\n|t:|1699595436\n|move|p2a: Grimmsnarl|Thunder Wave|p1a: Togekiss\n|-status|p1a: Togekiss|par\n|move|p1a: Togekiss|Nasty Plot|p1a: Togekiss\n|-boost|p1a: Togekiss|spa|2\n|\n|upkeep\n|turn|10\n|\n|t:|1699595447\n|move|p1a: Togekiss|Ancient Power|p2a: Grimmsnarl\n|-damage|p2a: Grimmsnarl|18\/100\n|-boost|p1a: Togekiss|atk|1\n|-boost|p1a: Togekiss|def|1\n|-boost|p1a: Togekiss|spa|1\n|-boost|p1a: Togekiss|spd|1\n|-boost|p1a: Togekiss|spe|1\n|move|p2a: Grimmsnarl|Spirit Break|p1a: Togekiss\n|-damage|p1a: Togekiss|80\/100 par\n|-unboost|p1a: Togekiss|spa|1\n|\n|upkeep\n|turn|11\n|\n|t:|1699595470\n|move|p2a: Grimmsnarl|Parting Shot|p1a: Togekiss\n|-unboost|p1a: Togekiss|atk|1\n|-unboost|p1a: Togekiss|spa|1\n|\n|t:|1699595473\n|switch|p2a: Blaziken|Blaziken, M, shiny|100\/100|[from] Parting Shot\n|-activate|p2a: Blaziken|move: Sticky Web\n|-unboost|p2a: Blaziken|spe|1\n|move|p1a: Togekiss|Air Slash|p2a: Blaziken\n|-supereffective|p2a: Blaziken\n|-enditem|p2a: Blaziken|Focus Sash\n|-damage|p2a: Blaziken|1\/100\n|\n|upkeep\n|turn|12\n|\n|t:|1699595485\n|move|p2a: Blaziken|Thunder Punch|p1a: Togekiss\n|-supereffective|p1a: Togekiss\n|-damage|p1a: Togekiss|49\/100 par\n|move|p1a: Togekiss|Ancient Power|p2a: Blaziken\n|-damage|p2a: Blaziken|0 fnt\n|faint|p2a: Blaziken\n|\n|upkeep\n|\n|t:|1699595499\n|switch|p2a: Blastoise|Blastoise, F, shiny|100\/100\n|turn|13\n|\n|t:|1699595505\n|move|p2a: Blastoise|Shell Smash|p2a: Blastoise\n|-unboost|p2a: Blastoise|def|1\n|-unboost|p2a: Blastoise|spd|1\n|-boost|p2a: Blastoise|atk|2\n|-boost|p2a: Blastoise|spa|2\n|-boost|p2a: Blastoise|spe|2\n|move|p1a: Togekiss|Roost|p1a: Togekiss\n|-heal|p1a: Togekiss|99\/100 par\n|-singleturn|p1a: Togekiss|move: Roost\n|\n|upkeep\n|turn|14\n|\n|t:|1699595517\n|move|p2a: Blastoise|Ice Beam|p1a: Togekiss\n|-supereffective|p1a: Togekiss\n|-damage|p1a: Togekiss|34\/100 par\n|move|p1a: Togekiss|Air Slash|p2a: Blastoise\n|-damage|p2a: Blastoise|27\/100\n|\n|upkeep\n|turn|15\n|\n|t:|1699595539\n|move|p2a: Blastoise|Ice Beam|p1a: Togekiss\n|-supereffective|p1a: Togekiss\n|-crit|p1a: Togekiss\n|-damage|p1a: Togekiss|0 fnt\n|faint|p1a: Togekiss\n|\n|upkeep\n|\n|t:|1699595540\n|switch|p1a: Tapu Fini|Tapu Fini|100\/100\n|-fieldstart|move: Misty Terrain|[from] ability: Misty Surge|[of] p1a: Tapu Fini\n|turn|16\n|\n|t:|1699595565\n|switch|p2a: Grimmsnarl|Grimmsnarl, M, shiny|18\/100\n|-activate|p2a: Grimmsnarl|move: Sticky Web\n|-unboost|p2a: Grimmsnarl|spe|1\n|move|p1a: Tapu Fini|Calm Mind|p1a: Tapu Fini\n|-boost|p1a: Tapu Fini|spa|1\n|-boost|p1a: Tapu Fini|spd|1\n|\n|upkeep\n|turn|17\n|\n|t:|1699595576\n|move|p1a: Tapu Fini|Calm Mind|p1a: Tapu Fini\n|-boost|p1a: Tapu Fini|spa|1\n|-boost|p1a: Tapu Fini|spd|1\n|move|p2a: Grimmsnarl|Spirit Break|p1a: Tapu Fini\n|-damage|p1a: Tapu Fini|74\/100\n|-unboost|p1a: Tapu Fini|spa|1\n|\n|upkeep\n|turn|18\n|\n|t:|1699595584\n|move|p1a: Tapu Fini|Draining Kiss|p2a: Grimmsnarl\n|-supereffective|p2a: Grimmsnarl\n|-crit|p2a: Grimmsnarl\n|-damage|p2a: Grimmsnarl|0 fnt\n|-heal|p1a: Tapu Fini|91\/100|[from] drain|[of] p2a: Grimmsnarl\n|faint|p2a: Grimmsnarl\n|-damage|p1a: Tapu Fini|81\/100|[from] item: Life Orb\n|\n|upkeep\n|\n|t:|1699595592\n|switch|p2a: Serperior|Serperior, F, shiny|91\/100\n|-activate|p2a: Serperior|move: Sticky Web\n|-boost|p2a: Serperior|spe|1\n|turn|19\n|\n|t:|1699595599\n|-terastallize|p1a: Tapu Fini|Fighting\n|move|p2a: Serperior|Leaf Storm|p1a: Tapu Fini\n|-damage|p1a: Tapu Fini|56\/100\n|-boost|p2a: Serperior|spa|2\n|-damage|p2a: Serperior|81\/100|[from] item: Life Orb\n|move|p1a: Tapu Fini|Draining Kiss|p2a: Serperior\n|-damage|p2a: Serperior|36\/100\n|-heal|p1a: Tapu Fini|87\/100|[from] drain|[of] p2a: Serperior\n|-damage|p1a: Tapu Fini|77\/100|[from] item: Life Orb\n|\n|upkeep\n|turn|20\n|\n|t:|1699595613\n|move|p2a: Serperior|Giga Drain|p1a: Tapu Fini\n|-damage|p1a: Tapu Fini|46\/100\n|-heal|p2a: Serperior|53\/100|[from] drain|[of] p1a: Tapu Fini\n|-damage|p2a: Serperior|43\/100|[from] item: Life Orb\n|move|p1a: Tapu Fini|Draining Kiss|p2a: Serperior\n|-damage|p2a: Serperior|0 fnt\n|-heal|p1a: Tapu Fini|76\/100|[from] drain|[of] p2a: Serperior\n|faint|p2a: Serperior\n|-damage|p1a: Tapu Fini|67\/100|[from] item: Life Orb\n|\n|-fieldend|Misty Terrain\n|upkeep\n|\n|t:|1699595626\n|switch|p2a: Salamence|Salamence, M, shiny|100\/100\n|turn|21\n|\n|t:|1699595629\n|move|p2a: Salamence|Dual Wingbeat|p1a: Tapu Fini\n|-supereffective|p1a: Tapu Fini\n|-damage|p1a: Tapu Fini|29\/100\n|-supereffective|p1a: Tapu Fini\n|-damage|p1a: Tapu Fini|0 fnt\n|faint|p1a: Tapu Fini\n|-ability|p2a: Salamence|Moxie|boost\n|-boost|p2a: Salamence|atk|1\n|-hitcount|p1: Tapu Fini|2\n|\n|upkeep\n|\n|t:|1699595641\n|switch|p1a: Diancie|Diancie|100\/100\n|turn|22\n|\n|t:|1699595649\n|detailschange|p1a: Diancie|Diancie-Mega\n|-mega|p1a: Diancie|Diancie|Diancite\n|move|p2a: Salamence|Earthquake|p1a: Diancie\n|-supereffective|p1a: Diancie\n|-damage|p1a: Diancie|0 fnt\n|faint|p1a: Diancie\n|-ability|p2a: Salamence|Moxie|boost\n|-boost|p2a: Salamence|atk|1\n|\n|upkeep\n|\n|t:|1699595651\n|switch|p1a: Grimmsnarl|Grimmsnarl, M|25\/100\n|turn|23\n|-message|GunGalione forfeited.\n|\n|win|Jarl_jake\n|raw|GunGalione's rating: 1016 &rarr; <strong>1006<\/strong><br \/>(-10 for losing)\n|raw|Jarl_jake's rating: 1071 &rarr; <strong>1096<\/strong><br \/>(+25 for winning)\n|l|\u2606GunGalione\n","uploadtime":1699595663,"views":17,"p1id":"gungalione","p2id":"jarljake","formatid":"gen9nationaldex","rating":1006,"private":0,"password":""}