{"id":"gen9nationaldex-1987410457","p1":"CosmicTaiyo","p2":"minipokeneuron","format":"[Gen 9] National Dex","log":"|j|\u2606CosmicTaiyo\n|j|\u2606minipokeneuron\n|t:|1699587742\n|gametype|singles\n|player|p1|CosmicTaiyo|elio|1478\n|player|p2|minipokeneuron|1|1550\n|teamsize|p1|6\n|teamsize|p2|6\n|gen|9\n|tier|[Gen 9] National Dex\n|rated|\n|rule|HP Percentage Mod: HP is shown in percentages\n|rule|Endless Battle Clause: Forcing endless battles is banned\n|rule|OHKO Clause: OHKO moves are banned\n|rule|Evasion Clause: Evasion abilities, items, and moves are banned\n|rule|Evasion Abilities Clause: Evasion abilities are banned\n|rule|Evasion Items Clause: Evasion items are banned\n|rule|Evasion Moves Clause: Evasion moves are banned\n|rule|Species Clause: Limit one of each Pok\u00e9mon\n|rule|Sleep Clause Mod: Limit one foe put to sleep\n|clearpoke\n|poke|p1|Dachsbun, F|\n|poke|p1|Latios, M|\n|poke|p1|Rillaboom, M|\n|poke|p1|Ferrothorn, F|\n|poke|p1|Glimmora, F|\n|poke|p1|Grimmsnarl, M|\n|poke|p2|Weezing-Galar, F|\n|poke|p2|Medicham, M|\n|poke|p2|Samurott-Hisui, M|\n|poke|p2|Torterra, M|\n|poke|p2|Tyranitar, M|\n|poke|p2|Moltres|\n|teampreview\n|\n|t:|1699587755\n|start\n|switch|p1a: Freddie Freaker|Grimmsnarl, M|100\/100\n|switch|p2a: Weezing|Weezing-Galar, F|100\/100\n|-ability|p2a: Weezing|Neutralizing Gas\n|turn|1\n|inactive|Battle timer is ON: inactive players will automatically lose when time's up. (requested by minipokeneuron)\n|\n|t:|1699587763\n|move|p1a: Freddie Freaker|Light Screen|p1a: Freddie Freaker\n|-sidestart|p1: CosmicTaiyo|move: Light Screen\n|move|p2a: Weezing|Sludge Bomb|p1a: Freddie Freaker\n|-supereffective|p1a: Freddie Freaker\n|-damage|p1a: Freddie Freaker|76\/100\n|-status|p1a: Freddie Freaker|psn\n|\n|-damage|p1a: Freddie Freaker|64\/100 psn|[from] psn\n|upkeep\n|turn|2\n|\n|t:|1699587782\n|-end|p2a: Weezing|ability: Neutralizing Gas\n|switch|p2a: Samurott|Samurott-Hisui, M, shiny|100\/100\n|move|p1a: Freddie Freaker|Parting Shot|p2a: Samurott\n|-hint|Since gen 7, Dark is immune to Prankster moves.\n|-immune|p2a: Samurott\n|\n|-damage|p1a: Freddie Freaker|51\/100 psn|[from] psn\n|upkeep\n|turn|3\n|\n|t:|1699587789\n|move|p1a: Freddie Freaker|Reflect|p1a: Freddie Freaker\n|-sidestart|p1: CosmicTaiyo|Reflect\n|move|p2a: Samurott|Ceaseless Edge|p1a: Freddie Freaker\n|-resisted|p1a: Freddie Freaker\n|-damage|p1a: Freddie Freaker|46\/100 psn\n|-sidestart|p1: CosmicTaiyo|Spikes\n|\n|-damage|p1a: Freddie Freaker|33\/100 psn|[from] psn\n|upkeep\n|turn|4\n|\n|t:|1699587798\n|switch|p1a: Barkery|Dachsbun, F|100\/100\n|-damage|p1a: Barkery|88\/100|[from] Spikes\n|move|p2a: Samurott|Ceaseless Edge|p1a: Barkery\n|-resisted|p1a: Barkery\n|-damage|p1a: Barkery|80\/100\n|-sidestart|p1: CosmicTaiyo|Spikes\n|\n|-heal|p1a: Barkery|86\/100|[from] item: Leftovers\n|upkeep\n|turn|5\n|\n|t:|1699587812\n|switch|p2a: Weezing|Weezing-Galar, F|100\/100\n|-ability|p2a: Weezing|Neutralizing Gas\n|move|p1a: Barkery|Body Press|p2a: Weezing\n|-resisted|p2a: Weezing\n|-damage|p2a: Weezing|96\/100\n|-damage|p1a: Barkery|70\/100|[from] item: Rocky Helmet|[of] p2a: Weezing\n|\n|-heal|p1a: Barkery|76\/100|[from] item: Leftovers\n|upkeep\n|turn|6\n|\n|t:|1699587832\n|switch|p1a: Glimmora|Glimmora, F|100\/100\n|-damage|p1a: Glimmora|84\/100|[from] Spikes\n|move|p2a: Weezing|Will-O-Wisp|p1a: Glimmora|[miss]\n|-miss|p2a: Weezing|p1a: Glimmora\n|\n|upkeep\n|turn|7\n|\n|t:|1699587856\n|move|p1a: Glimmora|Mortal Spin|p2a: Weezing\n|-damage|p2a: Weezing|92\/100\n|-damage|p1a: Glimmora|68\/100|[from] item: Rocky Helmet|[of] p2a: Weezing\n|-sideend|p1: CosmicTaiyo|Spikes|[from] move: Mortal Spin|[of] p1a: Glimmora\n|move|p2a: Weezing|Will-O-Wisp|p1a: Glimmora\n|-status|p1a: Glimmora|brn\n|\n|-damage|p1a: Glimmora|61\/100 brn|[from] brn\n|upkeep\n|turn|8\n|\n|t:|1699587870\n|-end|p2a: Weezing|ability: Neutralizing Gas\n|switch|p2a: Moltres|Moltres|100\/100\n|move|p1a: Glimmora|Earth Power|p2a: Moltres\n|-immune|p2a: Moltres\n|\n|-damage|p1a: Glimmora|55\/100 brn|[from] brn\n|-sideend|p1: CosmicTaiyo|move: Light Screen\n|upkeep\n|turn|9\n|\n|t:|1699587882\n|switch|p2a: Tyranitar|Tyranitar, M|100\/100\n|-weather|Sandstorm|[from] ability: Sand Stream|[of] p2a: Tyranitar\n|move|p1a: Glimmora|Power Gem|p2a: Tyranitar\n|-damage|p2a: Tyranitar|81\/100\n|\n|-weather|Sandstorm|[upkeep]\n|-damage|p1a: Glimmora|49\/100 brn|[from] brn\n|upkeep\n|turn|10\n|\n|t:|1699587900\n|move|p1a: Glimmora|Mortal Spin|p2a: Tyranitar\n|-resisted|p2a: Tyranitar\n|-damage|p2a: Tyranitar|80\/100\n|-status|p2a: Tyranitar|psn\n|move|p2a: Tyranitar|Knock Off|p1a: Glimmora\n|-damage|p1a: Glimmora|19\/100 brn\n|-activate|p1a: Glimmora|ability: Toxic Debris\n|-sidestart|p2: minipokeneuron|move: Toxic Spikes\n|-enditem|p1a: Glimmora|Assault Vest|[from] move: Knock Off|[of] p2a: Tyranitar\n|\n|-weather|Sandstorm|[upkeep]\n|-damage|p2a: Tyranitar|68\/100 psn|[from] psn\n|-damage|p1a: Glimmora|13\/100 brn|[from] brn\n|-sideend|p1: CosmicTaiyo|Reflect\n|upkeep\n|turn|11\n|\n|t:|1699587919\n|switch|p1a: Barkery|Dachsbun, F|76\/100\n|move|p2a: Tyranitar|Knock Off|p1a: Barkery\n|-resisted|p1a: Barkery\n|-damage|p1a: Barkery|46\/100\n|-enditem|p1a: Barkery|Leftovers|[from] move: Knock Off|[of] p2a: Tyranitar\n|\n|-weather|Sandstorm|[upkeep]\n|-damage|p1a: Barkery|40\/100|[from] Sandstorm\n|-damage|p2a: Tyranitar|55\/100 psn|[from] psn\n|upkeep\n|turn|12\n|\n|t:|1699587927\n|switch|p2a: Weezing|Weezing-Galar, F|92\/100\n|-ability|p2a: Weezing|Neutralizing Gas\n|-sideend|p2: minipokeneuron|move: Toxic Spikes|[of] p2a: Weezing\n|move|p1a: Barkery|Wish|p1a: Barkery\n|\n|-weather|Sandstorm|[upkeep]\n|-damage|p1a: Barkery|34\/100|[from] Sandstorm\n|-damage|p2a: Weezing|86\/100|[from] Sandstorm\n|upkeep\n|turn|13\n|\n|t:|1699587952\n|switch|p1a: Glimmora|Glimmora, F|13\/100 brn\n|-end|p2a: Weezing|ability: Neutralizing Gas\n|switch|p2a: Torterra|Torterra, M|100\/100\n|\n|-weather|none\n|-heal|p1a: Glimmora|56\/100 brn|[from] move: Wish|[wisher] Barkery\n|-damage|p1a: Glimmora|49\/100 brn|[from] brn\n|upkeep\n|turn|14\n|inactive|CosmicTaiyo has 120 seconds left.\n|\n|t:|1699587994\n|move|p2a: Torterra|Rock Blast|p1a: Glimmora\n|-damage|p1a: Glimmora|43\/100 brn\n|-activate|p1a: Glimmora|ability: Toxic Debris\n|-sidestart|p2: minipokeneuron|move: Toxic Spikes\n|-damage|p1a: Glimmora|38\/100 brn\n|-activate|p1a: Glimmora|ability: Toxic Debris\n|-sidestart|p2: minipokeneuron|move: Toxic Spikes\n|-damage|p1a: Glimmora|32\/100 brn\n|-damage|p1a: Glimmora|25\/100 brn\n|-hitcount|p1a: Glimmora|4\n|move|p1a: Glimmora|Sludge Bomb|p2a: Torterra\n|-damage|p2a: Torterra|58\/100\n|-status|p2a: Torterra|psn\n|\n|-damage|p2a: Torterra|45\/100 psn|[from] psn\n|-damage|p1a: Glimmora|19\/100 brn|[from] brn\n|upkeep\n|turn|15\n|inactive|CosmicTaiyo has 90 seconds left.\n|\n|t:|1699588035\n|switch|p1a: Latios|Latios, M|100\/100\n|move|p2a: Torterra|Shell Smash|p2a: Torterra\n|-unboost|p2a: Torterra|def|1\n|-unboost|p2a: Torterra|spd|1\n|-boost|p2a: Torterra|atk|2\n|-boost|p2a: Torterra|spa|2\n|-boost|p2a: Torterra|spe|2\n|\n|-damage|p2a: Torterra|33\/100 psn|[from] psn\n|upkeep\n|turn|16\n|inactive|CosmicTaiyo has 60 seconds left.\n|\n|t:|1699588076\n|detailschange|p1a: Latios|Latios-Mega, M\n|-mega|p1a: Latios|Latios|Latiosite\n|move|p2a: Torterra|Rock Blast|p1a: Latios\n|-damage|p1a: Latios|80\/100\n|-damage|p1a: Latios|63\/100\n|-damage|p1a: Latios|44\/100\n|-damage|p1a: Latios|25\/100\n|-damage|p1a: Latios|6\/100\n|-hitcount|p1a: Latios|5\n|move|p1a: Latios|Aura Sphere|p2a: Torterra\n|-damage|p2a: Torterra|0 fnt\n|faint|p2a: Torterra\n|\n|upkeep\n|\n|t:|1699588090\n|switch|p2a: Weezing|Weezing-Galar, F|86\/100\n|-ability|p2a: Weezing|Neutralizing Gas\n|-sideend|p2: minipokeneuron|move: Toxic Spikes|[of] p2a: Weezing\n|turn|17\n|\n|t:|1699588099\n|-end|p2a: Weezing|ability: Neutralizing Gas\n|switch|p2a: Samurott|Samurott-Hisui, M, shiny|100\/100\n|move|p1a: Latios|Luster Purge|p2a: Samurott\n|-immune|p2a: Samurott\n|\n|upkeep\n|turn|18\n|\n|t:|1699588117\n|switch|p1a: Ferrothorn|Ferrothorn, F|100\/100\n|move|p2a: Samurott|Aqua Jet|p1a: Ferrothorn\n|-resisted|p1a: Ferrothorn\n|-damage|p1a: Ferrothorn|95\/100\n|-damage|p2a: Samurott|88\/100|[from] ability: Iron Barbs|[of] p1a: Ferrothorn\n|-damage|p2a: Samurott|72\/100|[from] item: Rocky Helmet|[of] p1a: Ferrothorn\n|\n|upkeep\n|turn|19\n|\n|t:|1699588136\n|move|p2a: Samurott|Ceaseless Edge|p1a: Ferrothorn\n|-damage|p1a: Ferrothorn|67\/100\n|-damage|p2a: Samurott|59\/100|[from] ability: Iron Barbs|[of] p1a: Ferrothorn\n|-damage|p2a: Samurott|43\/100|[from] item: Rocky Helmet|[of] p1a: Ferrothorn\n|-sidestart|p1: CosmicTaiyo|Spikes\n|move|p1a: Ferrothorn|Leech Seed|p2a: Samurott\n|-start|p2a: Samurott|move: Leech Seed\n|\n|-damage|p2a: Samurott|30\/100|[from] Leech Seed|[of] p1a: Ferrothorn\n|-heal|p1a: Ferrothorn|78\/100|[silent]\n|upkeep\n|turn|20\n|\n|t:|1699588155\n|move|p2a: Samurott|Ceaseless Edge|p1a: Ferrothorn\n|-damage|p1a: Ferrothorn|52\/100\n|-damage|p2a: Samurott|18\/100|[from] ability: Iron Barbs|[of] p1a: Ferrothorn\n|-damage|p2a: Samurott|1\/100|[from] item: Rocky Helmet|[of] p1a: Ferrothorn\n|-sidestart|p1: CosmicTaiyo|Spikes\n|move|p1a: Ferrothorn|Stealth Rock|p2a: Samurott\n|-sidestart|p2: minipokeneuron|move: Stealth Rock\n|\n|-damage|p2a: Samurott|0 fnt|[from] Leech Seed|[of] p1a: Ferrothorn\n|-heal|p1a: Ferrothorn|53\/100|[silent]\n|faint|p2a: Samurott\n|upkeep\n|\n|t:|1699588168\n|switch|p2a: Medicham|Medicham, M|100\/100\n|-damage|p2a: Medicham|94\/100|[from] Stealth Rock\n|turn|21\n|inactive|CosmicTaiyo has 30 seconds left.\n|inactive|CosmicTaiyo has 20 seconds left.\n|\n|t:|1699588208\n|switch|p1a: Glimmora|Glimmora, F|19\/100 brn\n|-damage|p1a: Glimmora|3\/100 brn|[from] Spikes\n|detailschange|p2a: Medicham|Medicham-Mega, M\n|-mega|p2a: Medicham|Medicham|Medichamite\n|move|p2a: Medicham|Zen Headbutt|p1a: Glimmora\n|-supereffective|p1a: Glimmora\n|-damage|p1a: Glimmora|0 fnt\n|-activate|p1a: Glimmora|ability: Toxic Debris\n|-sidestart|p2: minipokeneuron|move: Toxic Spikes\n|faint|p1a: Glimmora\n|\n|upkeep\n|inactive|CosmicTaiyo has 25 seconds left this turn.\n|inactive|CosmicTaiyo has 20 seconds left.\n|inactive|CosmicTaiyo has 15 seconds left.\n|inactive|CosmicTaiyo has 10 seconds left.\n|\n|t:|1699588226\n|switch|p1a: Rillaboom|Rillaboom, M|100\/100\n|-damage|p1a: Rillaboom|84\/100|[from] Spikes\n|-fieldstart|move: Grassy Terrain|[from] ability: Grassy Surge|[of] p1a: Rillaboom\n|turn|22\n|inactive|CosmicTaiyo has 20 seconds left this turn.\n|inactive|CosmicTaiyo has 15 seconds left.\n|inactive|CosmicTaiyo has 10 seconds left.\n|\n|t:|1699588239\n|switch|p2a: Moltres|Moltres|100\/100\n|-terastallize|p1a: Rillaboom|Grass\n|move|p1a: Rillaboom|Grassy Glide|p2a: Moltres\n|-resisted|p2a: Moltres\n|-damage|p2a: Moltres|87\/100\n|-status|p1a: Rillaboom|brn|[from] ability: Flame Body|[of] p2a: Moltres\n|\n|-heal|p1a: Rillaboom|90\/100 brn|[from] Grassy Terrain\n|-damage|p1a: Rillaboom|84\/100 brn|[from] brn\n|upkeep\n|turn|23\n|inactive|CosmicTaiyo has 20 seconds left this turn.\n|inactive|CosmicTaiyo has 15 seconds left.\n|inactive|CosmicTaiyo has 10 seconds left.\n|inactive|CosmicTaiyo has 5 seconds left.\n|\n|t:|1699588256\n|switch|p1a: Barkery|Dachsbun, F|34\/100\n|-damage|p1a: Barkery|18\/100|[from] Spikes\n|move|p2a: Moltres|U-turn|p1a: Barkery\n|-resisted|p1a: Barkery\n|-damage|p1a: Barkery|12\/100\n|inactive|CosmicTaiyo has 10 seconds left this turn.\n|\n|t:|1699588274\n|switch|p2a: Medicham|Medicham-Mega, M|94\/100|[from] U-turn\n|-damage|p2a: Medicham|88\/100|[from] Stealth Rock\n|-status|p2a: Medicham|psn\n|\n|-heal|p2a: Medicham|94\/100 psn|[from] Grassy Terrain\n|-heal|p1a: Barkery|18\/100|[from] Grassy Terrain\n|-damage|p2a: Medicham|82\/100 psn|[from] psn\n|upkeep\n|turn|24\n|inactive|CosmicTaiyo has 20 seconds left this turn.\n|inactive|CosmicTaiyo has 15 seconds left.\n|inactive|CosmicTaiyo has 10 seconds left.\n|\n|t:|1699588285\n|move|p1a: Barkery|Protect|p1a: Barkery\n|-singleturn|p1a: Barkery|Protect\n|move|p2a: Medicham|Close Combat|p1a: Barkery\n|-activate|p1a: Barkery|move: Protect\n|\n|-heal|p2a: Medicham|88\/100 psn|[from] Grassy Terrain\n|-heal|p1a: Barkery|24\/100|[from] Grassy Terrain\n|-damage|p2a: Medicham|76\/100 psn|[from] psn\n|upkeep\n|turn|25\n|inactive|CosmicTaiyo has 20 seconds left this turn.\n|inactive|CosmicTaiyo has 15 seconds left.\n|inactive|CosmicTaiyo has 10 seconds left.\n|\n|t:|1699588298\n|move|p2a: Medicham|Zen Headbutt|p1a: Barkery\n|-damage|p1a: Barkery|0 fnt\n|faint|p1a: Barkery\n|\n|-heal|p2a: Medicham|82\/100 psn|[from] Grassy Terrain\n|-damage|p2a: Medicham|70\/100 psn|[from] psn\n|upkeep\n|inactive|CosmicTaiyo has 15 seconds left this turn.\n|inactive|CosmicTaiyo has 10 seconds left.\n|\n|t:|1699588305\n|switch|p1a: Rillaboom|Rillaboom, M, tera:Grass|84\/100 brn\n|-damage|p1a: Rillaboom|67\/100 brn|[from] Spikes\n|turn|26\n|inactive|CosmicTaiyo has 20 seconds left this turn.\n|inactive|CosmicTaiyo has 15 seconds left.\n|\n|t:|1699588315\n|switch|p2a: Weezing|Weezing-Galar, F|86\/100\n|-ability|p2a: Weezing|Neutralizing Gas\n|-damage|p2a: Weezing|74\/100|[from] Stealth Rock\n|-sideend|p2: minipokeneuron|move: Toxic Spikes|[of] p2a: Weezing\n|move|p1a: Rillaboom|Knock Off|p2a: Weezing\n|-resisted|p2a: Weezing\n|-damage|p2a: Weezing|65\/100\n|-damage|p1a: Rillaboom|51\/100 brn|[from] item: Rocky Helmet|[of] p2a: Weezing\n|-enditem|p2a: Weezing|Rocky Helmet|[from] move: Knock Off|[of] p1a: Rillaboom\n|\n|-heal|p1a: Rillaboom|57\/100 brn|[from] Grassy Terrain\n|-heal|p2a: Weezing|71\/100|[from] Grassy Terrain\n|-damage|p1a: Rillaboom|51\/100 brn|[from] brn\n|-fieldend|move: Grassy Terrain\n|upkeep\n|turn|27\n|inactive|CosmicTaiyo has 25 seconds left this turn.\n|inactive|CosmicTaiyo has 20 seconds left.\n|inactive|CosmicTaiyo has 15 seconds left.\n|inactive|CosmicTaiyo has 10 seconds left.\n|inactive|CosmicTaiyo has 5 seconds left.\n|\n|t:|1699588338\n|switch|p1a: Ferrothorn|Ferrothorn, F|53\/100\n|-damage|p1a: Ferrothorn|37\/100|[from] Spikes\n|move|p2a: Weezing|Will-O-Wisp|p1a: Ferrothorn\n|-status|p1a: Ferrothorn|brn\n|\n|-damage|p1a: Ferrothorn|30\/100 brn|[from] brn\n|upkeep\n|turn|28\n|inactive|CosmicTaiyo has 15 seconds left this turn.\n|inactive|CosmicTaiyo has 10 seconds left.\n|\n|t:|1699588350\n|-end|p2a: Weezing|ability: Neutralizing Gas\n|switch|p2a: Medicham|Medicham-Mega, M|70\/100 psn\n|-damage|p2a: Medicham|64\/100 psn|[from] Stealth Rock\n|move|p1a: Ferrothorn|Gyro Ball|p2a: Medicham\n|-damage|p2a: Medicham|29\/100 psn\n|\n|-damage|p2a: Medicham|17\/100 psn|[from] psn\n|-damage|p1a: Ferrothorn|24\/100 brn|[from] brn\n|upkeep\n|turn|29\n|inactive|CosmicTaiyo has 20 seconds left this turn.\n|inactive|CosmicTaiyo has 15 seconds left.\n|inactive|CosmicTaiyo has 10 seconds left.\n|\n|t:|1699588361\n|move|p2a: Medicham|Close Combat|p1a: Ferrothorn\n|-supereffective|p1a: Ferrothorn\n|-damage|p1a: Ferrothorn|0 fnt\n|-unboost|p2a: Medicham|def|1\n|-unboost|p2a: Medicham|spd|1\n|-damage|p2a: Medicham|4\/100 psn|[from] ability: Iron Barbs|[of] p1a: Ferrothorn\n|-damage|p2a: Medicham|0 fnt|[from] item: Rocky Helmet|[of] p1a: Ferrothorn\n|faint|p1a: Ferrothorn\n|faint|p2a: Medicham\n|\n|upkeep\n|inactive|CosmicTaiyo has 20 seconds left this turn.\n|inactive|CosmicTaiyo has 15 seconds left.\n|inactive|CosmicTaiyo has 10 seconds left.\n|\n|t:|1699588377\n|switch|p2a: Weezing|Weezing-Galar, F|71\/100\n|switch|p1a: Freddie Freaker|Grimmsnarl, M|33\/100 psn\n|-ability|p2a: Weezing|Neutralizing Gas\n|-damage|p1a: Freddie Freaker|17\/100 psn|[from] Spikes\n|-damage|p2a: Weezing|59\/100|[from] Stealth Rock\n|turn|30\n|inactive|CosmicTaiyo has 20 seconds left this turn.\n|inactive|CosmicTaiyo has 15 seconds left.\n|inactive|CosmicTaiyo has 10 seconds left.\n|\n|t:|1699588388\n|move|p2a: Weezing|Sludge Bomb|p1a: Freddie Freaker\n|-supereffective|p1a: Freddie Freaker\n|-damage|p1a: Freddie Freaker|0 fnt\n|faint|p1a: Freddie Freaker\n|\n|upkeep\n|inactive|CosmicTaiyo has 15 seconds left this turn.\n|inactive|CosmicTaiyo has 10 seconds left.\n|\n|t:|1699588393\n|switch|p1a: Latios|Latios-Mega, M|6\/100\n|-damage|p1a: Latios|0 fnt|[from] Spikes\n|faint|p1a: Latios\n|inactive|CosmicTaiyo has 15 seconds left this turn.\n|inactive|CosmicTaiyo has 10 seconds left.\n|\n|t:|1699588399\n|switch|p1a: Rillaboom|Rillaboom, M, tera:Grass|51\/100 brn\n|-damage|p1a: Rillaboom|34\/100 brn|[from] Spikes\n|turn|31\n|inactive|CosmicTaiyo has 20 seconds left this turn.\n|inactive|CosmicTaiyo has 15 seconds left.\n|\n|t:|1699588405\n|move|p1a: Rillaboom|Wood Hammer|p2a: Weezing\n|-resisted|p2a: Weezing\n|-damage|p2a: Weezing|36\/100\n|-damage|p1a: Rillaboom|28\/100 brn|[from] Recoil\n|move|p2a: Weezing|Sludge Bomb|p1a: Rillaboom\n|-supereffective|p1a: Rillaboom\n|-damage|p1a: Rillaboom|0 fnt\n|faint|p1a: Rillaboom\n|\n|win|minipokeneuron\n|inactive|CosmicTaiyo has 20 seconds left this turn.\n|raw|CosmicTaiyo's rating: 1478 &rarr; <strong>1462<\/strong><br \/>(-16 for losing)\n|raw|minipokeneuron's rating: 1550 &rarr; <strong>1566<\/strong><br \/>(+16 for winning)\n","uploadtime":1699588411,"views":8,"p1id":"cosmictaiyo","p2id":"minipokeneuron","formatid":"gen9nationaldex","rating":1462,"private":0,"password":""}