{"id":"gen9nationaldex-1998424696","p1":"Poli(hexane)","p2":"Marty1010","format":"[Gen 9] National Dex","log":"|html|<div class=\"broadcast-blue\"><strong>[Gen 9] National Dex is currently suspecting Sneasler! For information on how to participate check out the <a href=\"https:\/\/www.smogon.com\/forums\/threads\/sv-national-dex-suspect-8-just-dance.3731534\/\">suspect thread<\/a>.<\/strong><\/div>\n|j|\u2606Poli(hexane)\n|j|\u2606Marty1010\n|t:|1700940819\n|gametype|singles\n|player|p1|Poli(hexane)|1|1307\n|player|p2|Marty1010|blackbelt-gen4|1264\n|teamsize|p1|6\n|teamsize|p2|6\n|gen|9\n|tier|[Gen 9] National Dex\n|rated|\n|rule|HP Percentage Mod: HP is shown in percentages\n|rule|Endless Battle Clause: Forcing endless battles is banned\n|rule|OHKO Clause: OHKO moves are banned\n|rule|Evasion Clause: Evasion abilities, items, and moves are banned\n|rule|Evasion Abilities Clause: Evasion abilities are banned\n|rule|Evasion Items Clause: Evasion items are banned\n|rule|Evasion Moves Clause: Evasion moves are banned\n|rule|Species Clause: Limit one of each Pok\u00e9mon\n|rule|Sleep Clause Mod: Limit one foe put to sleep\n|clearpoke\n|poke|p1|Banette, F|\n|poke|p1|Politoed, F|\n|poke|p1|Hatterene, F|\n|poke|p1|Zapdos|\n|poke|p1|Fezandipiti, M|\n|poke|p1|Sneasler, F|\n|poke|p2|Landorus-Therian, M|\n|poke|p2|Zapdos|\n|poke|p2|Ferrothorn, M|\n|poke|p2|Corviknight, F|\n|poke|p2|Garganacl, M|\n|poke|p2|Toxapex, F|\n|teampreview\n|inactive|Battle timer is ON: inactive players will automatically lose when time's up. (requested by Poli(hexane))\n|\n|t:|1700940827\n|start\n|switch|p1a: Politoed|Politoed, F|100\/100\n|switch|p2a: Spikey|Ferrothorn, M|100\/100\n|-weather|RainDance|[from] ability: Drizzle|[of] p1a: Politoed\n|turn|1\n|\n|t:|1700940834\n|move|p1a: Politoed|Focus Blast|p2a: Spikey|[miss]\n|-miss|p1a: Politoed|p2a: Spikey\n|move|p2a: Spikey|Leech Seed|p1a: Politoed\n|-start|p1a: Politoed|move: Leech Seed\n|\n|-weather|RainDance|[upkeep]\n|-damage|p1a: Politoed|88\/100|[from] Leech Seed|[of] p2a: Spikey\n|upkeep\n|turn|2\n|\n|t:|1700940844\n|switch|p2a: Sparks|Zapdos|100\/100\n|move|p1a: Politoed|Focus Blast|p2a: Sparks\n|-resisted|p2a: Sparks\n|-damage|p2a: Sparks|75\/100\n|-unboost|p2a: Sparks|spd|1\n|\n|-weather|RainDance|[upkeep]\n|-damage|p1a: Politoed|76\/100|[from] Leech Seed|[of] p2a: Sparks\n|-heal|p2a: Sparks|88\/100|[silent]\n|upkeep\n|turn|3\n|\n|t:|1700940854\n|switch|p1a: Hatterene|Hatterene, F|100\/100\n|move|p2a: Sparks|Thunderbolt|p1a: Hatterene\n|-damage|p1a: Hatterene|64\/100\n|-enditem|p1a: Hatterene|Eject Button\n|\n|t:|1700940856\n|switch|p1a: Zapdos|Zapdos|100\/100\n|\n|-weather|RainDance|[upkeep]\n|upkeep\n|turn|4\n|\n|t:|1700940869\n|move|p1a: Zapdos|Volt Switch|p2a: Sparks\n|-damage|p2a: Sparks|36\/100\n|\n|t:|1700940881\n|switch|p1a: Banette|Banette, F|100\/100|[from] Volt Switch\n|-item|p2a: Sparks|Heavy-Duty Boots|[from] ability: Frisk|[of] p1a: Banette|[identify]\n|move|p2a: Sparks|Volt Switch|p1a: Banette\n|-damage|p1a: Banette|44\/100\n|\n|t:|1700940892\n|switch|p2a: Dog God|Landorus-Therian, M|100\/100|[from] Volt Switch\n|-ability|p2a: Dog God|Intimidate|boost\n|-unboost|p1a: Banette|atk|1\n|\n|-weather|RainDance|[upkeep]\n|upkeep\n|turn|5\n|\n|t:|1700940900\n|detailschange|p1a: Banette|Banette-Mega, F\n|-mega|p1a: Banette|Banette|Banettite\n|move|p1a: Banette|Destiny Bond|p1a: Banette\n|-singlemove|p1a: Banette|Destiny Bond\n|move|p2a: Dog God|Earthquake|p1a: Banette\n|-damage|p1a: Banette|0 fnt\n|faint|p1a: Banette\n|-activate|p1a: Banette|move: Destiny Bond\n|faint|p2a: Dog God\n|\n|-weather|none\n|upkeep\n|\n|t:|1700940912\n|switch|p2a: Sparks|Zapdos|36\/100\n|switch|p1a: Politoed|Politoed, F|76\/100\n|-weather|RainDance|[from] ability: Drizzle|[of] p1a: Politoed\n|turn|6\n|\n|t:|1700940920\n|move|p2a: Sparks|Roost|p2a: Sparks\n|-heal|p2a: Sparks|86\/100\n|-singleturn|p2a: Sparks|move: Roost\n|move|p1a: Politoed|Weather Ball|p2a: Sparks\n|-damage|p2a: Sparks|0 fnt\n|faint|p2a: Sparks\n|\n|-weather|RainDance|[upkeep]\n|upkeep\n|\n|t:|1700940928\n|switch|p2a: Spikey|Ferrothorn, M|100\/100\n|turn|7\n|\n|t:|1700940940\n|switch|p1a: Zapdos|Zapdos|100\/100\n|move|p2a: Spikey|Leech Seed|p1a: Zapdos\n|-start|p1a: Zapdos|move: Leech Seed\n|\n|-weather|RainDance|[upkeep]\n|-damage|p1a: Zapdos|88\/100|[from] Leech Seed|[of] p2a: Spikey\n|upkeep\n|turn|8\n|\n|t:|1700940946\n|move|p1a: Zapdos|Hurricane|p2a: Spikey\n|-damage|p2a: Spikey|54\/100\n|-start|p2a: Spikey|confusion\n|-activate|p2a: Spikey|confusion\n|move|p2a: Spikey|Stealth Rock|p1a: Zapdos\n|-sidestart|p1: Poli(hexane)|move: Stealth Rock\n|\n|-weather|RainDance|[upkeep]\n|-damage|p1a: Zapdos|76\/100|[from] Leech Seed|[of] p2a: Spikey\n|-heal|p2a: Spikey|66\/100|[silent]\n|upkeep\n|turn|9\n|\n|t:|1700940962\n|switch|p2a: Hello Darkness|Corviknight, F|100\/100\n|-ability|p2a: Hello Darkness|Pressure\n|move|p1a: Zapdos|Hurricane|p2a: Hello Darkness\n|-resisted|p2a: Hello Darkness\n|-damage|p2a: Hello Darkness|81\/100\n|\n|-weather|RainDance|[upkeep]\n|-damage|p1a: Zapdos|63\/100|[from] Leech Seed|[of] p2a: Hello Darkness\n|-heal|p2a: Hello Darkness|91\/100|[silent]\n|upkeep\n|turn|10\n|\n|t:|1700940973\n|switch|p1a: Hatterene|Hatterene, F|64\/100\n|-damage|p1a: Hatterene|52\/100|[from] Stealth Rock\n|switch|p2a: Spikey|Ferrothorn, M|66\/100\n|\n|-weather|none\n|upkeep\n|turn|11\n|\n|t:|1700940982\n|move|p1a: Hatterene|Nuzzle|p2a: Spikey\n|-resisted|p2a: Spikey\n|-damage|p2a: Spikey|64\/100\n|-status|p2a: Spikey|par\n|-damage|p1a: Hatterene|40\/100|[from] ability: Iron Barbs|[of] p2a: Spikey\n|-damage|p1a: Hatterene|23\/100|[from] item: Rocky Helmet|[of] p2a: Spikey\n|cant|p2a: Spikey|par\n|\n|upkeep\n|turn|12\n|\n|t:|1700940992\n|move|p1a: Hatterene|Future Sight|p2a: Spikey\n|-start|p1a: Hatterene|move: Future Sight\n|move|p2a: Spikey|Gyro Ball|p1a: Hatterene\n|-supereffective|p1a: Hatterene\n|-damage|p1a: Hatterene|0 fnt\n|faint|p1a: Hatterene\n|\n|upkeep\n|\n|t:|1700940996\n|switch|p1a: Politoed|Politoed, F|76\/100\n|-damage|p1a: Politoed|64\/100|[from] Stealth Rock\n|-weather|RainDance|[from] ability: Drizzle|[of] p1a: Politoed\n|turn|13\n|\n|t:|1700941002\n|move|p1a: Politoed|Focus Blast|p2a: Spikey|[miss]\n|-miss|p1a: Politoed|p2a: Spikey\n|move|p2a: Spikey|Leech Seed|p1a: Politoed\n|-start|p1a: Politoed|move: Leech Seed\n|\n|-weather|RainDance|[upkeep]\n|-damage|p1a: Politoed|51\/100|[from] Leech Seed|[of] p2a: Spikey\n|-heal|p2a: Spikey|78\/100 par|[silent]\n|upkeep\n|turn|14\n|\n|t:|1700941010\n|switch|p2a: Hello Darkness|Corviknight, F|91\/100\n|-ability|p2a: Hello Darkness|Pressure\n|move|p1a: Politoed|Focus Blast|p2a: Hello Darkness\n|-damage|p2a: Hello Darkness|52\/100\n|-unboost|p2a: Hello Darkness|spd|1\n|\n|-weather|RainDance|[upkeep]\n|-end|p2a: Hello Darkness|move: Future Sight\n|-resisted|p2a: Hello Darkness\n|-damage|p2a: Hello Darkness|27\/100\n|-damage|p1a: Politoed|39\/100|[from] Leech Seed|[of] p2a: Hello Darkness\n|-heal|p2a: Hello Darkness|38\/100|[silent]\n|upkeep\n|turn|15\n|\n|t:|1700941023\n|switch|p2a: Poison|Toxapex, F|100\/100\n|move|p1a: Politoed|Focus Blast|p2a: Poison\n|-resisted|p2a: Poison\n|-damage|p2a: Poison|77\/100\n|\n|-weather|RainDance|[upkeep]\n|-heal|p2a: Poison|84\/100|[from] item: Black Sludge\n|-damage|p1a: Politoed|27\/100|[from] Leech Seed|[of] p2a: Poison\n|-heal|p2a: Poison|99\/100|[silent]\n|upkeep\n|turn|16\n|\n|t:|1700941033\n|switch|p1a: Zapdos|Zapdos|63\/100\n|-damage|p1a: Zapdos|38\/100|[from] Stealth Rock\n|move|p2a: Poison|Toxic Spikes|p1a: Zapdos\n|-sidestart|p1: Poli(hexane)|move: Toxic Spikes\n|\n|-weather|RainDance|[upkeep]\n|-heal|p2a: Poison|100\/100|[from] item: Black Sludge\n|upkeep\n|turn|17\n|\n|t:|1700941041\n|move|p1a: Zapdos|Defog|p2a: Poison\n|-unboost|p2a: Poison|evasion|1\n|-sideend|p1: Poli(hexane)|Toxic Spikes|[from] move: Defog|[of] p1a: Zapdos\n|-sideend|p1: Poli(hexane)|Stealth Rock|[from] move: Defog|[of] p1a: Zapdos\n|move|p2a: Poison|Scald|p1a: Zapdos\n|-damage|p1a: Zapdos|10\/100\n|\n|-weather|none\n|upkeep\n|turn|18\n|\n|t:|1700941051\n|switch|p1a: Politoed|Politoed, F|27\/100\n|-weather|RainDance|[from] ability: Drizzle|[of] p1a: Politoed\n|move|p2a: Poison|Baneful Bunker||[still]\n|-fail|p2a: Poison\n|\n|-weather|RainDance|[upkeep]\n|upkeep\n|turn|19\n|\n|t:|1700941060\n|-terastallize|p1a: Politoed|Electric\n|move|p1a: Politoed|Tera Blast|p2a: Poison|[anim] Tera Blast Electric\n|-supereffective|p2a: Poison\n|-damage|p2a: Poison|10\/100\n|move|p2a: Poison|Scald|p1a: Politoed\n|-damage|p1a: Politoed|5\/100\n|\n|-weather|RainDance|[upkeep]\n|-heal|p2a: Poison|16\/100|[from] item: Black Sludge\n|upkeep\n|turn|20\n|\n|t:|1700941070\n|move|p2a: Poison|Baneful Bunker|p2a: Poison\n|-singleturn|p2a: Poison|move: Protect\n|move|p1a: Politoed|Tera Blast|p2a: Poison|[anim] Tera Blast Electric\n|-activate|p2a: Poison|move: Protect\n|\n|-weather|RainDance|[upkeep]\n|-heal|p2a: Poison|22\/100|[from] item: Black Sludge\n|upkeep\n|turn|21\n|\n|t:|1700941078\n|switch|p1a: Zapdos|Zapdos|10\/100\n|switch|p2a: Spikey|Ferrothorn, M|78\/100 par\n|\n|-weather|RainDance|[upkeep]\n|upkeep\n|turn|22\n|\n|t:|1700941084\n|move|p1a: Zapdos|Volt Switch|p2a: Spikey\n|-resisted|p2a: Spikey\n|-damage|p2a: Spikey|63\/100 par\n|\n|t:|1700941088\n|switch|p1a: Sneasler|Sneasler, F|100\/100|[from] Volt Switch\n|move|p2a: Spikey|Leech Seed|p1a: Sneasler\n|-start|p1a: Sneasler|move: Leech Seed\n|\n|-weather|none\n|-damage|p1a: Sneasler|88\/100|[from] Leech Seed|[of] p2a: Spikey\n|-heal|p2a: Spikey|74\/100 par|[silent]\n|upkeep\n|turn|23\n|\n|t:|1700941099\n|switch|p2a: Hello Darkness|Corviknight, F|38\/100\n|-ability|p2a: Hello Darkness|Pressure\n|move|p1a: Sneasler|Swords Dance|p1a: Sneasler\n|-boost|p1a: Sneasler|atk|2\n|\n|-damage|p1a: Sneasler|76\/100|[from] Leech Seed|[of] p2a: Hello Darkness\n|-heal|p2a: Hello Darkness|48\/100|[silent]\n|upkeep\n|turn|24\n|\n|t:|1700941108\n|move|p1a: Sneasler|Close Combat|p2a: Hello Darkness\n|-damage|p2a: Hello Darkness|0 fnt\n|-unboost|p1a: Sneasler|def|1\n|-unboost|p1a: Sneasler|spd|1\n|faint|p2a: Hello Darkness\n|\n|upkeep\n|\n|t:|1700941113\n|switch|p2a: Poison|Toxapex, F|55\/100\n|turn|25\n|\n|t:|1700941118\n|move|p2a: Poison|Baneful Bunker|p2a: Poison\n|-singleturn|p2a: Poison|move: Protect\n|move|p1a: Sneasler|Dire Claw|p2a: Poison\n|-activate|p2a: Poison|move: Protect\n|\n|-heal|p2a: Poison|62\/100|[from] item: Black Sludge\n|-damage|p1a: Sneasler|64\/100|[from] Leech Seed|[of] p2a: Poison\n|-heal|p2a: Poison|74\/100|[silent]\n|upkeep\n|turn|26\n|\n|t:|1700941126\n|switch|p2a: Spikey|Ferrothorn, M|74\/100 par\n|move|p1a: Sneasler|Dire Claw|p2a: Spikey\n|-immune|p2a: Spikey\n|\n|-damage|p1a: Sneasler|51\/100|[from] Leech Seed|[of] p2a: Spikey\n|-heal|p2a: Spikey|84\/100 par|[silent]\n|upkeep\n|turn|27\n|\n|t:|1700941135\n|switch|p2a: Poison|Toxapex, F|100\/100\n|move|p1a: Sneasler|Close Combat|p2a: Poison\n|-resisted|p2a: Poison\n|-damage|p2a: Poison|61\/100\n|-unboost|p1a: Sneasler|def|1\n|-unboost|p1a: Sneasler|spd|1\n|\n|-heal|p2a: Poison|67\/100|[from] item: Black Sludge\n|-damage|p1a: Sneasler|39\/100|[from] Leech Seed|[of] p2a: Poison\n|-heal|p2a: Poison|79\/100|[silent]\n|upkeep\n|turn|28\n|\n|t:|1700941145\n|move|p2a: Poison|Baneful Bunker|p2a: Poison\n|-singleturn|p2a: Poison|move: Protect\n|move|p1a: Sneasler|Swords Dance|p1a: Sneasler\n|-boost|p1a: Sneasler|atk|2\n|\n|-heal|p2a: Poison|86\/100|[from] item: Black Sludge\n|-damage|p1a: Sneasler|27\/100|[from] Leech Seed|[of] p2a: Poison\n|-heal|p2a: Poison|98\/100|[silent]\n|upkeep\n|turn|29\n|\n|t:|1700941153\n|move|p1a: Sneasler|Dire Claw|p2a: Poison\n|-resisted|p2a: Poison\n|-damage|p2a: Poison|54\/100\n|-status|p2a: Poison|slp\n|cant|p2a: Poison|slp\n|\n|-heal|p2a: Poison|61\/100 slp|[from] item: Black Sludge\n|-damage|p1a: Sneasler|14\/100|[from] Leech Seed|[of] p2a: Poison\n|-heal|p2a: Poison|73\/100 slp|[silent]\n|upkeep\n|turn|30\n|\n|t:|1700941163\n|move|p1a: Sneasler|Dire Claw|p2a: Poison\n|-resisted|p2a: Poison\n|-damage|p2a: Poison|33\/100 slp\n|-curestatus|p2a: Poison|slp|[msg]\n|move|p2a: Poison|Haze|p2a: Poison\n|-clearallboost\n|\n|-heal|p2a: Poison|40\/100|[from] item: Black Sludge\n|-damage|p1a: Sneasler|2\/100|[from] Leech Seed|[of] p2a: Poison\n|-heal|p2a: Poison|52\/100|[silent]\n|upkeep\n|turn|31\n|\n|t:|1700941172\n|move|p2a: Poison|Baneful Bunker|p2a: Poison\n|-singleturn|p2a: Poison|move: Protect\n|move|p1a: Sneasler|Close Combat|p2a: Poison\n|-activate|p2a: Poison|move: Protect\n|\n|-heal|p2a: Poison|58\/100|[from] item: Black Sludge\n|-damage|p1a: Sneasler|0 fnt|[from] Leech Seed|[of] p2a: Poison\n|-heal|p2a: Poison|60\/100|[silent]\n|faint|p1a: Sneasler\n|upkeep\n|\n|t:|1700941176\n|switch|p1a: Zapdos|Zapdos|10\/100\n|turn|32\n|\n|t:|1700941185\n|switch|p2a: Spikey|Ferrothorn, M|84\/100 par\n|move|p1a: Zapdos|Volt Switch|p2a: Spikey\n|-resisted|p2a: Spikey\n|-damage|p2a: Spikey|70\/100 par\n|\n|t:|1700941197\n|switch|p1a: Politoed|Politoed, F, tera:Electric|5\/100|[from] Volt Switch\n|-weather|RainDance|[from] ability: Drizzle|[of] p1a: Politoed\n|\n|-weather|RainDance|[upkeep]\n|upkeep\n|turn|33\n|\n|t:|1700941203\n|move|p1a: Politoed|Focus Blast|p2a: Spikey\n|-supereffective|p2a: Spikey\n|-damage|p2a: Spikey|0 fnt\n|faint|p2a: Spikey\n|\n|-weather|RainDance|[upkeep]\n|upkeep\n|\n|t:|1700941209\n|switch|p2a: Salty|Garganacl, M|100\/100\n|turn|34\n|\n|t:|1700941221\n|move|p2a: Salty|Protect|p2a: Salty\n|-singleturn|p2a: Salty|Protect\n|move|p1a: Politoed|Focus Blast|p2a: Salty\n|-activate|p2a: Salty|move: Protect\n|\n|-weather|RainDance|[upkeep]\n|upkeep\n|turn|35\n|\n|t:|1700941231\n|switch|p1a: Fezandipiti|Fezandipiti, M|100\/100\n|move|p2a: Salty|Salt Cure|p1a: Fezandipiti\n|-damage|p1a: Fezandipiti|87\/100\n|-start|p1a: Fezandipiti|Salt Cure\n|\n|-weather|RainDance|[upkeep]\n|-damage|p1a: Fezandipiti|75\/100|[from] Salt Cure\n|upkeep\n|turn|36\n|\n|t:|1700941239\n|move|p1a: Fezandipiti|Play Rough|p2a: Salty\n|-damage|p2a: Salty|79\/100\n|move|p2a: Salty|Stealth Rock|p1a: Fezandipiti\n|-sidestart|p1: Poli(hexane)|move: Stealth Rock\n|\n|-weather|none\n|-heal|p2a: Salty|85\/100|[from] item: Leftovers\n|-damage|p1a: Fezandipiti|62\/100|[from] Salt Cure\n|upkeep\n|turn|37\n|\n|t:|1700941247\n|move|p1a: Fezandipiti|Play Rough|p2a: Salty\n|-damage|p2a: Salty|64\/100\n|move|p2a: Salty|Salt Cure|p1a: Fezandipiti\n|-damage|p1a: Fezandipiti|47\/100\n|\n|-heal|p2a: Salty|70\/100|[from] item: Leftovers\n|-damage|p1a: Fezandipiti|35\/100|[from] Salt Cure\n|upkeep\n|turn|38\n|\n|t:|1700941255\n|move|p1a: Fezandipiti|Roost|p1a: Fezandipiti\n|-heal|p1a: Fezandipiti|85\/100\n|-singleturn|p1a: Fezandipiti|move: Roost\n|move|p2a: Salty|Recover|p2a: Salty\n|-heal|p2a: Salty|100\/100\n|\n|-damage|p1a: Fezandipiti|72\/100|[from] Salt Cure\n|upkeep\n|turn|39\n|\n|t:|1700941266\n|switch|p2a: Poison|Toxapex, F|93\/100\n|move|p1a: Fezandipiti|Play Rough|p2a: Poison\n|-resisted|p2a: Poison\n|-damage|p2a: Poison|81\/100\n|-unboost|p2a: Poison|atk|1\n|\n|-heal|p2a: Poison|87\/100|[from] item: Black Sludge\n|-damage|p1a: Fezandipiti|60\/100|[from] Salt Cure\n|upkeep\n|turn|40\n|\n|t:|1700941276\n|move|p1a: Fezandipiti|Tail Slap|p2a: Poison\n|-damage|p2a: Poison|83\/100\n|-damage|p2a: Poison|78\/100\n|-damage|p2a: Poison|74\/100\n|-damage|p2a: Poison|69\/100\n|-hitcount|p2a: Poison|4\n|move|p2a: Poison|Scald|p1a: Fezandipiti\n|-damage|p1a: Fezandipiti|48\/100\n|-status|p1a: Fezandipiti|brn\n|\n|-heal|p2a: Poison|75\/100|[from] item: Black Sludge\n|-damage|p1a: Fezandipiti|42\/100 brn|[from] brn\n|-damage|p1a: Fezandipiti|29\/100 brn|[from] Salt Cure\n|upkeep\n|turn|41\n|\n|t:|1700941290\n|move|p1a: Fezandipiti|Tail Slap|p2a: Poison\n|-damage|p2a: Poison|73\/100\n|-damage|p2a: Poison|71\/100\n|-damage|p2a: Poison|69\/100\n|-damage|p2a: Poison|67\/100\n|-hitcount|p2a: Poison|4\n|move|p2a: Poison|Scald|p1a: Fezandipiti\n|-damage|p1a: Fezandipiti|17\/100 brn\n|\n|-heal|p2a: Poison|73\/100|[from] item: Black Sludge\n|-damage|p1a: Fezandipiti|10\/100 brn|[from] brn\n|-damage|p1a: Fezandipiti|0 fnt|[from] Salt Cure\n|faint|p1a: Fezandipiti\n|upkeep\n|-message|Poli(hexane) forfeited.\n|\n|win|Marty1010\n|raw|Poli(hexane)'s rating: 1307 &rarr; <strong>1285<\/strong><br \/>(-22 for losing)\n|raw|Marty1010's rating: 1264 &rarr; <strong>1292<\/strong><br \/>(+28 for winning)\n|l|\u2606Poli(hexane)\n","uploadtime":1700941382,"views":9,"p1id":"polihexane","p2id":"marty1010","formatid":"gen9nationaldex","rating":1285,"private":0,"password":""}