{"id":"gen9nationaldex-1993459720","p1":"Hi I Am Red Dead 2","p2":"gubes","format":"[Gen 9] National Dex","log":"|j|\u2606Hi I Am Red Dead 2\n|j|\u2606gubes\n|t:|1700320552\n|gametype|singles\n|player|p1|Hi I Am Red Dead 2|red|1394\n|player|p2|gubes|2|1305\n|teamsize|p1|6\n|teamsize|p2|6\n|gen|9\n|tier|[Gen 9] National Dex\n|rated|\n|rule|HP Percentage Mod: HP is shown in percentages\n|rule|Endless Battle Clause: Forcing endless battles is banned\n|rule|OHKO Clause: OHKO moves are banned\n|rule|Evasion Clause: Evasion abilities, items, and moves are banned\n|rule|Evasion Abilities Clause: Evasion abilities are banned\n|rule|Evasion Items Clause: Evasion items are banned\n|rule|Evasion Moves Clause: Evasion moves are banned\n|rule|Species Clause: Limit one of each Pok\u00e9mon\n|rule|Sleep Clause Mod: Limit one foe put to sleep\n|clearpoke\n|poke|p1|Garchomp, M|\n|poke|p1|Hippowdon, F|\n|poke|p1|Rotom-Wash|\n|poke|p1|Volcarona, F|\n|poke|p1|Tapu Koko|\n|poke|p1|Sneasler, M|\n|poke|p2|Swampert, F|\n|poke|p2|Torkoal, F|\n|poke|p2|Pelipper, M|\n|poke|p2|Venusaur, F|\n|poke|p2|Volcanion|\n|poke|p2|Latias, F|\n|teampreview\n|inactive|Battle timer is ON: inactive players will automatically lose when time's up. (requested by Hi I Am Red Dead 2)\n|\n|t:|1700320564\n|start\n|switch|p1a: Tapu Koko|Tapu Koko|100\/100\n|switch|p2a: Pelipper|Pelipper, M|100\/100\n|-fieldstart|move: Electric Terrain|[from] ability: Electric Surge|[of] p1a: Tapu Koko\n|-weather|RainDance|[from] ability: Drizzle|[of] p2a: Pelipper\n|turn|1\n|j| LightningSword6354\n|l| LightningSword6354\n|inactive|gubes has 120 seconds left.\n|\n|t:|1700320605\n|switch|p2a: Latias|Latias, F|100\/100\n|move|p1a: Tapu Koko|Volt Switch|p2a: Latias\n|-resisted|p2a: Latias\n|-damage|p2a: Latias|74\/100\n|\n|t:|1700320614\n|switch|p1a: Sneasler|Sneasler, M|100\/100|[from] Volt Switch\n|-enditem|p1a: Sneasler|Electric Seed\n|-boost|p1a: Sneasler|def|1|[from] item: Electric Seed\n|\n|-weather|RainDance|[upkeep]\n|upkeep\n|turn|2\n|inactive|gubes has 120 seconds left.\n|\n|t:|1700320626\n|-terastallize|p1a: Sneasler|Flying\n|move|p1a: Sneasler|Swords Dance|p1a: Sneasler\n|-boost|p1a: Sneasler|atk|2\n|move|p2a: Latias|Psychic|p1a: Sneasler\n|-damage|p1a: Sneasler|41\/100\n|\n|-weather|RainDance|[upkeep]\n|upkeep\n|turn|3\n|\n|t:|1700320636\n|move|p1a: Sneasler|Dire Claw|p2a: Latias\n|-damage|p2a: Latias|0 fnt\n|faint|p2a: Latias\n|\n|-weather|RainDance|[upkeep]\n|upkeep\n|\n|t:|1700320641\n|switch|p2a: Volcanion|Volcanion|100\/100\n|turn|4\n|\n|t:|1700320648\n|move|p1a: Sneasler|Acrobatics|p2a: Volcanion\n|-damage|p2a: Volcanion|0 fnt\n|faint|p2a: Volcanion\n|\n|-weather|RainDance|[upkeep]\n|upkeep\n|\n|t:|1700320653\n|switch|p2a: Swampert|Swampert, F, shiny|100\/100\n|turn|5\n|\n|t:|1700320659\n|detailschange|p2a: Swampert|Swampert-Mega, F, shiny\n|-mega|p2a: Swampert|Swampert|Swampertite\n|move|p1a: Sneasler|Acrobatics|p2a: Swampert\n|-damage|p2a: Swampert|0 fnt\n|faint|p2a: Swampert\n|\n|-weather|RainDance|[upkeep]\n|-fieldend|move: Electric Terrain\n|upkeep\n|inactive|gubes has 120 seconds left.\n|\n|t:|1700320692\n|switch|p2a: Pelipper|Pelipper, M|100\/100\n|turn|6\n|\n|t:|1700320696\n|move|p1a: Sneasler|Dire Claw|p2a: Pelipper\n|-damage|p2a: Pelipper|0 fnt\n|faint|p2a: Pelipper\n|\n|-weather|RainDance|[upkeep]\n|upkeep\n|inactive|gubes has 120 seconds left.\n|\n|t:|1700320730\n|switch|p2a: Torkoal|Torkoal, F|100\/100\n|-weather|SunnyDay|[from] ability: Drought|[of] p2a: Torkoal\n|turn|7\n|\n|t:|1700320737\n|move|p1a: Sneasler|Acrobatics|p2a: Torkoal\n|-damage|p2a: Torkoal|14\/100\n|move|p2a: Torkoal|Weather Ball|p1a: Sneasler\n|-damage|p1a: Sneasler|0 fnt\n|faint|p1a: Sneasler\n|\n|-weather|SunnyDay|[upkeep]\n|upkeep\n|\n|t:|1700320748\n|switch|p1a: Hippowdon|Hippowdon, F|100\/100\n|-weather|Sandstorm|[from] ability: Sand Stream|[of] p1a: Hippowdon\n|turn|8\n|inactive|gubes has 120 seconds left.\n|\n|t:|1700320765\n|switch|p1a: Garchomp|Garchomp, M|100\/100\n|switch|p2a: Venusaur|Venusaur, F|100\/100\n|\n|-weather|Sandstorm|[upkeep]\n|-damage|p2a: Venusaur|95\/100|[from] Sandstorm\n|upkeep\n|turn|9\n|\n|t:|1700320780\n|detailschange|p1a: Garchomp|Garchomp-Mega, M\n|-mega|p1a: Garchomp|Garchomp|Garchompite\n|move|p1a: Garchomp|Swords Dance|p1a: Garchomp\n|-boost|p1a: Garchomp|atk|2\n|move|p2a: Venusaur|Growth|p2a: Venusaur\n|-boost|p2a: Venusaur|atk|1\n|-boost|p2a: Venusaur|spa|1\n|\n|-weather|Sandstorm|[upkeep]\n|-damage|p2a: Venusaur|89\/100|[from] Sandstorm\n|upkeep\n|turn|10\n|\n|t:|1700320791\n|-terastallize|p2a: Venusaur|Grass\n|move|p1a: Garchomp|Earthquake|p2a: Venusaur\n|-resisted|p2a: Venusaur\n|-damage|p2a: Venusaur|0 fnt\n|faint|p2a: Venusaur\n|\n|-weather|Sandstorm|[upkeep]\n|upkeep\n|-message|gubes forfeited.\n|\n|win|Hi I Am Red Dead 2\n|raw|Hi I Am Red Dead 2's rating: 1394 &rarr; <strong>1410<\/strong><br \/>(+16 for winning)\n|raw|gubes's rating: 1320 &rarr; <strong>1304<\/strong><br \/>(-16 for losing)\n|l|\u2606gubes\n","uploadtime":1700320807,"views":23,"p1id":"hiiamreddead2","p2id":"gubes","formatid":"gen9nationaldex","rating":1304,"private":0,"password":""}