{"id":"gen9nationaldex-1991791720","p1":"runeatest","p2":"Mr. Boomble","format":"[Gen 9] National Dex","log":"|j|\u2606runeatest\n|j|\u2606Mr. Boomble\n|t:|1700118113\n|gametype|singles\n|player|p1|runeatest|fisherman-gen4|1101\n|player|p2|Mr. Boomble|gentleman-gen4|1126\n|teamsize|p1|6\n|teamsize|p2|6\n|gen|9\n|tier|[Gen 9] National Dex\n|rated|\n|rule|HP Percentage Mod: HP is shown in percentages\n|rule|Endless Battle Clause: Forcing endless battles is banned\n|rule|OHKO Clause: OHKO moves are banned\n|rule|Evasion Clause: Evasion abilities, items, and moves are banned\n|rule|Evasion Abilities Clause: Evasion abilities are banned\n|rule|Evasion Items Clause: Evasion items are banned\n|rule|Evasion Moves Clause: Evasion moves are banned\n|rule|Species Clause: Limit one of each Pok\u00e9mon\n|rule|Sleep Clause Mod: Limit one foe put to sleep\n|clearpoke\n|poke|p1|Vaporeon, M|\n|poke|p1|Salamence, M|\n|poke|p1|Hitmontop, M|\n|poke|p1|Electivire, M|\n|poke|p1|Togekiss, M|\n|poke|p1|Houndoom, M|\n|poke|p2|Mawile, M|\n|poke|p2|Thundurus, M|\n|poke|p2|Samurott-Hisui, M|\n|poke|p2|Meowscarada, F|\n|poke|p2|Heatran, M|\n|poke|p2|Glimmora, F|\n|teampreview\n|inactive|Battle timer is ON: inactive players will automatically lose when time's up. (requested by Mr. Boomble)\n|\n|t:|1700118161\n|start\n|switch|p1a: Hitmontop|Hitmontop, M|100\/100\n|switch|p2a: The Sharpster|Samurott-Hisui, M|100\/100\n|turn|1\n|\n|t:|1700118168\n|move|p1a: Hitmontop|Fake Out|p2a: The Sharpster\n|-damage|p2a: The Sharpster|79\/100\n|-damage|p1a: Hitmontop|84\/100|[from] item: Rocky Helmet|[of] p2a: The Sharpster\n|cant|p2a: The Sharpster|flinch\n|\n|upkeep\n|turn|2\n|\n|t:|1700118174\n|move|p2a: The Sharpster|Ceaseless Edge|p1a: Hitmontop\n|-resisted|p1a: Hitmontop\n|-damage|p1a: Hitmontop|52\/100\n|-sidestart|p1: runeatest|Spikes\n|move|p1a: Hitmontop|High Jump Kick|p2a: The Sharpster\n|-supereffective|p2a: The Sharpster\n|-crit|p2a: The Sharpster\n|-damage|p2a: The Sharpster|0 fnt\n|-damage|p1a: Hitmontop|35\/100|[from] item: Rocky Helmet|[of] p2a: The Sharpster\n|faint|p2a: The Sharpster\n|\n|upkeep\n|\n|t:|1700118194\n|switch|p2a: Unhealthy|Glimmora, F|100\/100\n|turn|3\n|\n|t:|1700118197\n|move|p2a: Unhealthy|Spiky Shield|p2a: Unhealthy\n|-singleturn|p2a: Unhealthy|move: Protect\n|move|p1a: Hitmontop|Rapid Spin|p2a: Unhealthy\n|-activate|p2a: Unhealthy|move: Protect\n|-damage|p1a: Hitmontop|23\/100|[from] Spiky Shield|[of] p2a: Unhealthy\n|\n|upkeep\n|turn|4\n|\n|t:|1700118210\n|move|p2a: Unhealthy|Spiky Shield|p2a: Unhealthy\n|-singleturn|p2a: Unhealthy|move: Protect\n|move|p1a: Hitmontop|Rapid Spin|p2a: Unhealthy\n|-activate|p2a: Unhealthy|move: Protect\n|-damage|p1a: Hitmontop|10\/100|[from] Spiky Shield|[of] p2a: Unhealthy\n|\n|upkeep\n|turn|5\n|\n|t:|1700118217\n|move|p2a: Unhealthy|Spiky Shield||[still]\n|-fail|p2a: Unhealthy\n|move|p1a: Hitmontop|Rapid Spin|p2a: Unhealthy\n|-resisted|p2a: Unhealthy\n|-damage|p2a: Unhealthy|89\/100\n|-boost|p1a: Hitmontop|spe|1\n|-activate|p2a: Unhealthy|ability: Toxic Debris\n|-sidestart|p1: runeatest|move: Toxic Spikes\n|-sideend|p1: runeatest|Spikes|[from] move: Rapid Spin|[of] p1a: Hitmontop\n|-sideend|p1: runeatest|Toxic Spikes|[from] move: Rapid Spin|[of] p1a: Hitmontop\n|\n|upkeep\n|turn|6\n|\n|t:|1700118227\n|switch|p1a: Vaporeon|Vaporeon, M|100\/100\n|move|p2a: Unhealthy|Mortal Spin|p1a: Vaporeon\n|-damage|p1a: Vaporeon|95\/100\n|-status|p1a: Vaporeon|psn\n|\n|-heal|p1a: Vaporeon|100\/100 psn|[from] item: Leftovers\n|-damage|p1a: Vaporeon|88\/100 psn|[from] psn\n|upkeep\n|turn|7\n|\n|t:|1700118235\n|move|p2a: Unhealthy|Spiky Shield|p2a: Unhealthy\n|-singleturn|p2a: Unhealthy|move: Protect\n|move|p1a: Vaporeon|Hydro Pump|p2a: Unhealthy\n|-activate|p2a: Unhealthy|move: Protect\n|\n|-heal|p1a: Vaporeon|94\/100 psn|[from] item: Leftovers\n|-damage|p1a: Vaporeon|82\/100 psn|[from] psn\n|upkeep\n|turn|8\n|\n|t:|1700118244\n|move|p2a: Unhealthy|Dazzling Gleam|p1a: Vaporeon\n|-crit|p1a: Vaporeon\n|-damage|p1a: Vaporeon|40\/100 psn\n|move|p1a: Vaporeon|Heal Bell|p1a: Vaporeon\n|-activate|p1a: Vaporeon|move: Heal Bell\n|-curestatus|p1a: Vaporeon|psn|[msg]\n|\n|-heal|p1a: Vaporeon|46\/100|[from] item: Leftovers\n|upkeep\n|turn|9\n|\n|t:|1700118253\n|move|p2a: Unhealthy|Mortal Spin|p1a: Vaporeon\n|-damage|p1a: Vaporeon|41\/100\n|-status|p1a: Vaporeon|psn\n|move|p1a: Vaporeon|Hydro Pump|p2a: Unhealthy|[miss]\n|-miss|p1a: Vaporeon|p2a: Unhealthy\n|\n|-heal|p1a: Vaporeon|47\/100 psn|[from] item: Leftovers\n|-damage|p1a: Vaporeon|35\/100 psn|[from] psn\n|upkeep\n|turn|10\n|\n|t:|1700118262\n|move|p2a: Unhealthy|Mortal Spin|p1a: Vaporeon\n|-damage|p1a: Vaporeon|29\/100 psn\n|move|p1a: Vaporeon|Heal Bell|p1a: Vaporeon\n|-activate|p1a: Vaporeon|move: Heal Bell\n|-curestatus|p1a: Vaporeon|psn|[msg]\n|\n|-heal|p1a: Vaporeon|35\/100|[from] item: Leftovers\n|upkeep\n|turn|11\n|\n|t:|1700118273\n|move|p2a: Unhealthy|Mortal Spin|p1a: Vaporeon\n|-damage|p1a: Vaporeon|30\/100\n|-status|p1a: Vaporeon|psn\n|move|p1a: Vaporeon|Hydro Pump|p2a: Unhealthy\n|-supereffective|p2a: Unhealthy\n|-damage|p2a: Unhealthy|0 fnt\n|faint|p2a: Unhealthy\n|\n|-heal|p1a: Vaporeon|36\/100 psn|[from] item: Leftovers\n|-damage|p1a: Vaporeon|23\/100 psn|[from] psn\n|upkeep\n|\n|t:|1700118283\n|switch|p2a: Goober|Thundurus, M|100\/100\n|turn|12\n|\n|t:|1700118286\n|switch|p1a: Electivire|Electivire, M, shiny|100\/100\n|-item|p1a: Electivire|Air Balloon\n|move|p2a: Goober|Volt Switch|p1a: Electivire\n|-ability|p1a: Electivire|Motor Drive|boost\n|-boost|p1a: Electivire|spe|1\n|\n|upkeep\n|turn|13\n|\n|t:|1700118297\n|move|p2a: Goober|Toxic|p1a: Electivire\n|-status|p1a: Electivire|tox\n|move|p1a: Electivire|Ice Punch|p2a: Goober\n|-supereffective|p2a: Goober\n|-damage|p2a: Goober|37\/100\n|\n|-damage|p1a: Electivire|94\/100 tox|[from] psn\n|upkeep\n|turn|14\n|\n|t:|1700118306\n|switch|p2a: Bomb|Heatran, M|100\/100\n|move|p1a: Electivire|Earthquake|p2a: Bomb\n|-supereffective|p2a: Bomb\n|-damage|p2a: Bomb|0 fnt\n|faint|p2a: Bomb\n|\n|-damage|p1a: Electivire|82\/100 tox|[from] psn\n|upkeep\n|c|\u2606Mr. Boomble|good call\n|\n|t:|1700118327\n|switch|p2a: McTricky|Meowscarada, F|100\/100\n|turn|15\n|c|\u2606Mr. Boomble|im very upset\n|\n|t:|1700118339\n|-terastallize|p2a: McTricky|Grass\n|move|p2a: McTricky|Flower Trick|p1a: Electivire\n|-crit|p1a: Electivire\n|-damage|p1a: Electivire|0 fnt\n|-enditem|p1a: Electivire|Air Balloon\n|faint|p1a: Electivire\n|\n|upkeep\n|\n|t:|1700118346\n|switch|p1a: Salamence|Salamence, M|100\/100\n|-ability|p1a: Salamence|Intimidate|boost\n|-unboost|p2a: McTricky|atk|1\n|turn|16\n|\n|t:|1700118354\n|switch|p2a: Mawmo|Mawile, M|100\/100\n|-ability|p2a: Mawmo|Intimidate|boost\n|-unboost|p1a: Salamence|atk|1\n|-terastallize|p1a: Salamence|Fire\n|move|p1a: Salamence|Flamethrower|p2a: Mawmo\n|-supereffective|p2a: Mawmo\n|-damage|p2a: Mawmo|0 fnt\n|faint|p2a: Mawmo\n|\n|upkeep\n|-message|Mr. Boomble forfeited.\n|\n|win|runeatest\n|raw|runeatest's rating: 1101 &rarr; <strong>1128<\/strong><br \/>(+27 for winning)\n|raw|Mr. Boomble's rating: 1126 &rarr; <strong>1099<\/strong><br \/>(-27 for losing)\n|c|\u2606Mr. Boomble|im gonna go shoot myself now\n|l|\u2606Mr. Boomble\n|c|\u2606runeatest|STUPID!\n","uploadtime":1700118397,"views":5,"p1id":"runeatest","p2id":"mrboomble","formatid":"gen9nationaldex","rating":1099,"private":0,"password":""}