{"id":"gen9nationaldex-2000495781","p1":"iMysticLeafeon","p2":"really not pokeaim","format":"[Gen 9] National Dex","log":"|html|<div class=\"broadcast-blue\"><strong>[Gen 9] National Dex is currently suspecting Sneasler! For information on how to participate check out the <a href=\"https:\/\/www.smogon.com\/forums\/threads\/sv-national-dex-suspect-8-just-dance.3731534\/\">suspect thread<\/a>.<\/strong><\/div>\n|j|\u2606iMysticLeafeon\n|j|\u2606really not pokeaim\n|inactive|Battle timer is ON: inactive players will automatically lose when time's up.\n|t:|1701199649\n|gametype|singles\n|player|p1|iMysticLeafeon|kieran-festival|\n|player|p2|really not pokeaim|lusamine-nihilego|\n|teamsize|p1|6\n|teamsize|p2|6\n|gen|9\n|tier|[Gen 9] National Dex\n|rated|Tournament battle\n|rule|HP Percentage Mod: HP is shown in percentages\n|rule|Endless Battle Clause: Forcing endless battles is banned\n|rule|OHKO Clause: OHKO moves are banned\n|rule|Evasion Clause: Evasion abilities, items, and moves are banned\n|rule|Evasion Abilities Clause: Evasion abilities are banned\n|rule|Evasion Items Clause: Evasion items are banned\n|rule|Evasion Moves Clause: Evasion moves are banned\n|rule|Species Clause: Limit one of each Pok\u00e9mon\n|rule|Sleep Clause Mod: Limit one foe put to sleep\n|clearpoke\n|poke|p1|Enamorus, F|\n|poke|p1|Lopunny, M|\n|poke|p1|Serperior, M|\n|poke|p1|Tapu Koko|\n|poke|p1|Toxapex, F|\n|poke|p1|Excadrill, F|\n|poke|p2|Landorus-Therian, M|\n|poke|p2|Polteageist|\n|poke|p2|Gyarados, F|\n|poke|p2|Sneasler, M|\n|poke|p2|Hatterene, F|\n|poke|p2|Tapu Lele|\n|teampreview\n|inactive|iMysticLeafeon also wants the timer to be on.\n|inactive|really not pokeaim also wants the timer to be on.\n|c|\u2606really not pokeaim|glhf\n|j| SandySubway\n|c|\u2606really not pokeaim|tourney final\n|j| Daytiger9269\n|\n|t:|1701199659\n|start\n|switch|p1a: Excadrill|Excadrill, F|100\/100\n|switch|p2a: Becouse Of You|Landorus-Therian, M|100\/100\n|-ability|p2a: Becouse Of You|Intimidate|boost\n|-unboost|p1a: Excadrill|atk|1\n|-ability|p1a: Excadrill|Mold Breaker\n|turn|1\n|c| Daytiger9269|go pokeaim\n|\n|t:|1701199669\n|switch|p1a: Enamorus|Enamorus, F|100\/100\n|move|p2a: Becouse Of You|Earthquake|p1a: Enamorus\n|-immune|p1a: Enamorus\n|\n|upkeep\n|turn|2\n|c|\u2606really not pokeaim|im not pokeaim\n|\n|t:|1701199674\n|move|p1a: Enamorus|Moonblast|p2a: Becouse Of You\n|-damage|p2a: Becouse Of You|6\/100\n|move|p2a: Becouse Of You|Explosion|p1a: Enamorus\n|-damage|p1a: Enamorus|0 fnt\n|faint|p2a: Becouse Of You\n|faint|p1a: Enamorus\n|\n|upkeep\n|c| Daytiger9269|really not pokeaim\n|j| XXMurdrXX\n|\n|t:|1701199685\n|switch|p1a: Excadrill|Excadrill, F|100\/100\n|switch|p2a: Hypernova Disco|Tapu Lele|100\/100\n|-fieldstart|move: Psychic Terrain|[from] ability: Psychic Surge|[of] p2a: Hypernova Disco\n|-ability|p1a: Excadrill|Mold Breaker\n|turn|3\n|c| SandySubway|Are we sure?\n|\n|t:|1701199696\n|move|p2a: Hypernova Disco|Psychic|p1a: Excadrill\n|-resisted|p1a: Excadrill\n|-damage|p1a: Excadrill|60\/100\n|move|p1a: Excadrill|Iron Head|p2a: Hypernova Disco\n|-supereffective|p2a: Hypernova Disco\n|-damage|p2a: Hypernova Disco|0 fnt\n|faint|p2a: Hypernova Disco\n|\n|upkeep\n|\n|t:|1701199701\n|switch|p2a: Garakuta Doll Play|Polteageist|100\/100\n|turn|4\n|\n|t:|1701199705\n|move|p1a: Excadrill|Earthquake|p2a: Garakuta Doll Play\n|-enditem|p2a: Garakuta Doll Play|Focus Sash\n|-damage|p2a: Garakuta Doll Play|1\/100\n|-ability|p2a: Garakuta Doll Play|Weak Armor|boost\n|-unboost|p2a: Garakuta Doll Play|def|1\n|-boost|p2a: Garakuta Doll Play|spe|2\n|move|p2a: Garakuta Doll Play|Shell Smash|p2a: Garakuta Doll Play\n|-unboost|p2a: Garakuta Doll Play|def|1\n|-unboost|p2a: Garakuta Doll Play|spd|1\n|-boost|p2a: Garakuta Doll Play|atk|2\n|-boost|p2a: Garakuta Doll Play|spa|2\n|-boost|p2a: Garakuta Doll Play|spe|2\n|\n|upkeep\n|turn|5\n|c|\u2606really not pokeaim|dont do it\n|c|\u2606really not pokeaim|you did it\n|\n|t:|1701199715\n|move|p2a: Garakuta Doll Play|Stored Power|p1a: Excadrill\n|-resisted|p1a: Excadrill\n|-damage|p1a: Excadrill|0 fnt\n|faint|p1a: Excadrill\n|\n|upkeep\n|\n|t:|1701199718\n|switch|p1a: Tapu Koko|Tapu Koko|100\/100\n|-fieldstart|move: Electric Terrain|[from] ability: Electric Surge|[of] p1a: Tapu Koko\n|turn|6\n|\n|t:|1701199721\n|move|p2a: Garakuta Doll Play|Stored Power|p1a: Tapu Koko\n|-damage|p1a: Tapu Koko|0 fnt\n|faint|p1a: Tapu Koko\n|\n|upkeep\n|\n|t:|1701199724\n|switch|p1a: Lopunny|Lopunny, M|100\/100\n|turn|7\n|c| SandySubway|Teapo :)\n|\n|t:|1701199727\n|switch|p2a: Rhuzerv|Hatterene, F|100\/100\n|detailschange|p1a: Lopunny|Lopunny-Mega, M\n|-mega|p1a: Lopunny|Lopunny|Lopunnite\n|move|p1a: Lopunny|Fake Out|p2a: Rhuzerv\n|-damage|p2a: Rhuzerv|81\/100\n|-enditem|p2a: Rhuzerv|Eject Button\n|\n|t:|1701199731\n|switch|p2a: Cable Tie Rave|Gyarados, F|100\/100\n|-ability|p2a: Cable Tie Rave|Intimidate|boost\n|-fail|p1a: Lopunny|unboost|Attack|[from] ability: Scrappy|[of] p1a: Lopunny\n|\n|upkeep\n|turn|8\n|\n|t:|1701199737\n|move|p1a: Lopunny|U-turn|p2a: Cable Tie Rave\n|-resisted|p2a: Cable Tie Rave\n|-damage|p2a: Cable Tie Rave|84\/100\n|\n|t:|1701199739\n|switch|p1a: Serperior|Serperior, M|100\/100|[from] U-turn\n|move|p2a: Cable Tie Rave|Dragon Dance|p2a: Cable Tie Rave\n|-boost|p2a: Cable Tie Rave|atk|1\n|-boost|p2a: Cable Tie Rave|spe|1\n|\n|upkeep\n|turn|9\n|\n|t:|1701199747\n|move|p2a: Cable Tie Rave|Substitute|p2a: Cable Tie Rave\n|-start|p2a: Cable Tie Rave|Substitute\n|-damage|p2a: Cable Tie Rave|59\/100\n|-zpower|p1a: Serperior\n|move|p1a: Serperior|Z-Nature Power|p2a: Cable Tie Rave|[anim]Nature Power\n|move|p1a: Serperior|Gigavolt Havoc|p2a: Cable Tie Rave|[from]move: Nature Power\n|-supereffective|p2a: Cable Tie Rave\n|-end|p2a: Cable Tie Rave|Substitute\n|\n|upkeep\n|turn|10\n|\n|t:|1701199752\n|move|p2a: Cable Tie Rave|Substitute|p2a: Cable Tie Rave\n|-start|p2a: Cable Tie Rave|Substitute\n|-damage|p2a: Cable Tie Rave|35\/100\n|move|p1a: Serperior|Leaf Storm|p2a: Cable Tie Rave\n|-end|p2a: Cable Tie Rave|Substitute\n|-boost|p1a: Serperior|spa|2\n|\n|-fieldend|move: Electric Terrain\n|upkeep\n|turn|11\n|\n|t:|1701199758\n|detailschange|p2a: Cable Tie Rave|Gyarados-Mega, F\n|-mega|p2a: Cable Tie Rave|Gyarados|Gyaradosite\n|-ability|p2a: Cable Tie Rave|Mold Breaker\n|move|p2a: Cable Tie Rave|Crunch|p1a: Serperior\n|-damage|p1a: Serperior|19\/100\n|move|p1a: Serperior|Glare|p2a: Cable Tie Rave\n|-status|p2a: Cable Tie Rave|par\n|\n|upkeep\n|turn|12\n|\n|t:|1701199764\n|move|p1a: Serperior|Leaf Storm|p2a: Cable Tie Rave\n|-supereffective|p2a: Cable Tie Rave\n|-damage|p2a: Cable Tie Rave|0 fnt\n|-boost|p1a: Serperior|spa|2\n|faint|p2a: Cable Tie Rave\n|\n|upkeep\n|\n|t:|1701199768\n|switch|p2a: Rhuzerv|Hatterene, F|81\/100\n|turn|13\n|\n|t:|1701199774\n|-terastallize|p2a: Rhuzerv|Steel\n|move|p1a: Serperior|Leaf Storm|p2a: Rhuzerv\n|-resisted|p2a: Rhuzerv\n|-damage|p2a: Rhuzerv|0 fnt\n|-boost|p1a: Serperior|spa|2\n|faint|p2a: Rhuzerv\n|\n|upkeep\n|c| Daytiger9269|uh oh\n|\n|t:|1701199793\n|switch|p2a: Paul|Sneasler, M|100\/100\n|turn|14\n|\n|t:|1701199801\n|move|p1a: Serperior|Glare|p2a: Paul\n|-status|p2a: Paul|par\n|move|p2a: Paul|Acrobatics|p1a: Serperior\n|-supereffective|p1a: Serperior\n|-damage|p1a: Serperior|0 fnt\n|faint|p1a: Serperior\n|\n|upkeep\n|c| SandySubway|PAUL\n|c|\u2606really not pokeaim|rip\n|\n|t:|1701199811\n|switch|p1a: Lopunny|Lopunny-Mega, M|100\/100\n|turn|15\n|c|\u2606really not pokeaim|serp hit the 10%\n|\n|t:|1701199816\n|move|p1a: Lopunny|Fake Out|p2a: Paul\n|-damage|p2a: Paul|61\/100 par\n|cant|p2a: Paul|flinch\n|\n|upkeep\n|turn|16\n|c|\u2606really not pokeaim|you should cc\n|\n|t:|1701199822\n|move|p1a: Lopunny|Frustration|p2a: Paul\n|-damage|p2a: Paul|0 fnt\n|faint|p2a: Paul\n|\n|upkeep\n|c|\u2606really not pokeaim|gg\n|-message|really not pokeaim forfeited.\n|\n|win|iMysticLeafeon\n|n|\u2606iMysticLeafeon|imysticleafeon\n|n|\u2606really not pokeaim|reallynotpokeaim\n|n| SandySubway|sandysubway\n|n| Daytiger9269|daytiger9269\n|n| XXMurdrXX|xxmurdrxx\n","uploadtime":1701199829,"views":0,"p1id":"imysticleafeon","p2id":"reallynotpokeaim","formatid":"gen9nationaldex","rating":0,"private":0,"password":""}