{"id":"gen9nationaldex-1996991473","p1":"Houmura","p2":"SylverOmega","format":"[Gen 9] National Dex","log":"|html|<div class=\"broadcast-blue\"><strong>[Gen 9] National Dex is currently suspecting Sneasler! For information on how to participate check out the <a href=\"https:\/\/www.smogon.com\/forums\/threads\/sv-national-dex-suspect-8-just-dance.3731534\/\">suspect thread<\/a>.<\/strong><\/div>\n|j|\u2606Houmura\n|j|\u2606SylverOmega\n|t:|1700753320\n|gametype|singles\n|player|p1|Houmura|101|1293\n|player|p2|SylverOmega|palmer|1327\n|teamsize|p1|6\n|teamsize|p2|6\n|gen|9\n|tier|[Gen 9] National Dex\n|rated|\n|rule|HP Percentage Mod: HP is shown in percentages\n|rule|Endless Battle Clause: Forcing endless battles is banned\n|rule|OHKO Clause: OHKO moves are banned\n|rule|Evasion Clause: Evasion abilities, items, and moves are banned\n|rule|Evasion Abilities Clause: Evasion abilities are banned\n|rule|Evasion Items Clause: Evasion items are banned\n|rule|Evasion Moves Clause: Evasion moves are banned\n|rule|Species Clause: Limit one of each Pok\u00e9mon\n|rule|Sleep Clause Mod: Limit one foe put to sleep\n|clearpoke\n|poke|p1|Iron Valiant|\n|poke|p1|Rotom-Wash|\n|poke|p1|Tapu Koko|\n|poke|p1|Heatran, M|\n|poke|p1|Landorus-Therian, M|\n|poke|p1|Medicham, M|\n|poke|p2|Indeedee, M|\n|poke|p2|Gallade, M|\n|poke|p2|Metagross|\n|poke|p2|Slowking-Galar, F|\n|poke|p2|Hatterene, F|\n|poke|p2|Tapu Lele|\n|teampreview\n|inactive|Battle timer is ON: inactive players will automatically lose when time's up. (requested by SylverOmega)\n|inactive|SylverOmega has 120 seconds left.\n|\n|t:|1700753352\n|start\n|switch|p1a: Medicham|Medicham, M|100\/100\n|switch|p2a: Indeedee|Indeedee, M|100\/100\n|-fieldstart|move: Psychic Terrain|[from] ability: Psychic Surge|[of] p2a: Indeedee\n|turn|1\n|\n|t:|1700753361\n|detailschange|p1a: Medicham|Medicham-Mega, M\n|-mega|p1a: Medicham|Medicham|Medichamite\n|move|p1a: Medicham|Fake Out|p2a: Indeedee\n|-activate|p2a: Indeedee|move: Psychic Terrain\n|move|p2a: Indeedee|Expanding Force|p1a: Medicham\n|-damage|p1a: Medicham|0 fnt\n|faint|p1a: Medicham\n|\n|upkeep\n|c|\u2606SylverOmega|Hf\n|\n|t:|1700753379\n|switch|p1a: Tapu Koko|Tapu Koko|100\/100\n|-fieldstart|move: Electric Terrain|[from] ability: Electric Surge|[of] p1a: Tapu Koko\n|turn|2\n|\n|t:|1700753389\n|switch|p2a: Slowking|Slowking-Galar, F|100\/100\n|-zpower|p1a: Tapu Koko\n|move|p1a: Tapu Koko|Gigavolt Havoc|p2a: Slowking|[zeffect]\n|-damage|p2a: Slowking|0 fnt\n|faint|p2a: Slowking\n|\n|upkeep\n|\n|t:|1700753400\n|switch|p2a: Indeedee|Indeedee, M|100\/100\n|-fieldstart|move: Psychic Terrain|[from] ability: Psychic Surge|[of] p2a: Indeedee\n|turn|3\n|\n|t:|1700753408\n|switch|p1a: Landorus|Landorus-Therian, M, shiny|100\/100\n|-ability|p1a: Landorus|Intimidate|boost\n|-unboost|p2a: Indeedee|atk|1\n|move|p2a: Indeedee|Expanding Force|p1a: Landorus\n|-damage|p1a: Landorus|55\/100\n|\n|upkeep\n|turn|4\n|\n|t:|1700753422\n|switch|p1a: Tapu Koko|Tapu Koko|100\/100\n|-fieldstart|move: Electric Terrain|[from] ability: Electric Surge|[of] p1a: Tapu Koko\n|-terastallize|p2a: Indeedee|Psychic\n|move|p2a: Indeedee|Expanding Force|p1a: Tapu Koko\n|-damage|p1a: Tapu Koko|17\/100\n|\n|upkeep\n|turn|5\n|\n|t:|1700753437\n|move|p2a: Indeedee|Expanding Force|p1a: Tapu Koko\n|-crit|p1a: Tapu Koko\n|-damage|p1a: Tapu Koko|0 fnt\n|faint|p1a: Tapu Koko\n|\n|upkeep\n|\n|t:|1700753449\n|switch|p1a: Heatran|Heatran, M, shiny|100\/100\n|turn|6\n|\n|t:|1700753460\n|switch|p2a: Gallade|Gallade, M|100\/100\n|move|p1a: Heatran|Magma Storm|p2a: Gallade|[miss]\n|-miss|p1a: Heatran|p2a: Gallade\n|\n|upkeep\n|turn|7\n|\n|t:|1700753470\n|detailschange|p2a: Gallade|Gallade-Mega, M\n|-mega|p2a: Gallade|Gallade|Galladite\n|move|p2a: Gallade|Psycho Cut|p1a: Heatran\n|-resisted|p1a: Heatran\n|-damage|p1a: Heatran|81\/100\n|move|p1a: Heatran|Taunt|p2a: Gallade\n|-start|p2a: Gallade|move: Taunt\n|\n|-heal|p1a: Heatran|88\/100|[from] item: Leftovers\n|upkeep\n|turn|8\n|\n|t:|1700753488\n|move|p2a: Gallade|Sacred Sword|p1a: Heatran\n|-supereffective|p1a: Heatran\n|-damage|p1a: Heatran|0 fnt\n|faint|p1a: Heatran\n|\n|-fieldend|move: Electric Terrain\n|upkeep\n|\n|t:|1700753492\n|switch|p1a: Iron Valiant|Iron Valiant, shiny|100\/100\n|turn|9\n|\n|t:|1700753505\n|switch|p2a: Metagross|Metagross|100\/100\n|move|p1a: Iron Valiant|Moonblast|p2a: Metagross\n|-resisted|p2a: Metagross\n|-damage|p2a: Metagross|76\/100\n|\n|upkeep\n|turn|10\n|\n|t:|1700753520\n|-end|p1a: Iron Valiant|Quark Drive|[silent]\n|switch|p1a: Landorus|Landorus-Therian, M, shiny|55\/100\n|-ability|p1a: Landorus|Intimidate|boost\n|-fail|p2a: Metagross|unboost|[from] ability: Clear Body|[of] p2a: Metagross\n|move|p2a: Metagross|Explosion|p1a: Landorus\n|-damage|p1a: Landorus|0 fnt\n|faint|p2a: Metagross\n|faint|p1a: Landorus\n|\n|upkeep\n|\n|t:|1700753535\n|switch|p1a: Iron Valiant|Iron Valiant, shiny|100\/100\n|switch|p2a: Indeedee|Indeedee, M, tera:Psychic|100\/100\n|-fieldstart|move: Psychic Terrain|[from] ability: Psychic Surge|[of] p2a: Indeedee\n|turn|11\n|\n|t:|1700753545\n|-terastallize|p1a: Iron Valiant|Electric\n|move|p2a: Indeedee|Expanding Force|p1a: Iron Valiant\n|-damage|p1a: Iron Valiant|0 fnt\n|faint|p1a: Iron Valiant\n|-end|p1a: Iron Valiant|Quark Drive|[silent]\n|\n|upkeep\n|\n|t:|1700753551\n|switch|p1a: Rotom|Rotom-Wash|100\/100\n|turn|12\n|\n|t:|1700753555\n|move|p2a: Indeedee|Expanding Force|p1a: Rotom\n|-damage|p1a: Rotom|0 fnt\n|faint|p1a: Rotom\n|\n|win|SylverOmega\n|raw|Houmura's rating: 1293 &rarr; <strong>1270<\/strong><br \/>(-23 for losing)\n|raw|SylverOmega's rating: 1327 &rarr; <strong>1345<\/strong><br \/>(+18 for winning)\n|l|\u2606Houmura\n|c|\u2606SylverOmega|Gg\n","uploadtime":1700753563,"views":8,"p1id":"houmura","p2id":"sylveromega","formatid":"gen9nationaldex","rating":1270,"private":0,"password":""}