{"id":"gen9nationaldex-1989263797","p1":"KyosukeKamijou","p2":"TheBattleBard","format":"[Gen 9] National Dex","log":"|j|\u2606KyosukeKamijou\n|j|\u2606TheBattleBard\n|t:|1699829469\n|gametype|singles\n|player|p1|KyosukeKamijou|ghetsis|1163\n|player|p2|TheBattleBard|petrel|1207\n|teamsize|p1|6\n|teamsize|p2|6\n|gen|9\n|tier|[Gen 9] National Dex\n|rated|\n|rule|HP Percentage Mod: HP is shown in percentages\n|rule|Endless Battle Clause: Forcing endless battles is banned\n|rule|OHKO Clause: OHKO moves are banned\n|rule|Evasion Clause: Evasion abilities, items, and moves are banned\n|rule|Evasion Abilities Clause: Evasion abilities are banned\n|rule|Evasion Items Clause: Evasion items are banned\n|rule|Evasion Moves Clause: Evasion moves are banned\n|rule|Species Clause: Limit one of each Pok\u00e9mon\n|rule|Sleep Clause Mod: Limit one foe put to sleep\n|clearpoke\n|poke|p1|Kommo-o, M|\n|poke|p1|Great Tusk|\n|poke|p1|Ogerpon-Cornerstone, F|\n|poke|p1|Charizard, M|\n|poke|p1|Greninja-*, M|\n|poke|p1|Volcarona, F|\n|poke|p2|Chatot, M|\n|poke|p2|Kricketune, M|\n|poke|p2|Simisear, M|\n|poke|p2|Vanilluxe, M|\n|poke|p2|Rampardos, M|\n|poke|p2|Bastiodon, M|\n|teampreview\n|\n|t:|1699829481\n|start\n|switch|p1a: Change Dragon|Charizard, M|100\/100\n|switch|p2a: Brook|Kricketune, M|100\/100\n|turn|1\n|\n|t:|1699829486\n|detailschange|p1a: Change Dragon|Charizard-Mega-Y, M\n|-mega|p1a: Change Dragon|Charizard|Charizardite Y\n|-weather|SunnyDay|[from] ability: Drought|[of] p1a: Change Dragon\n|move|p1a: Change Dragon|Air Slash|p2a: Brook\n|-supereffective|p2a: Brook\n|-enditem|p2a: Brook|Focus Sash\n|-damage|p2a: Brook|1\/100\n|cant|p2a: Brook|flinch\n|\n|-weather|SunnyDay|[upkeep]\n|upkeep\n|turn|2\n|\n|t:|1699829495\n|move|p1a: Change Dragon|Air Slash|p2a: Brook\n|-supereffective|p2a: Brook\n|-damage|p2a: Brook|0 fnt\n|faint|p2a: Brook\n|\n|-weather|SunnyDay|[upkeep]\n|upkeep\n|\n|t:|1699829499\n|switch|p2a: Headstrong|Rampardos, M|100\/100\n|-ability|p2a: Headstrong|Mold Breaker\n|turn|3\n|\n|t:|1699829503\n|move|p2a: Headstrong|Head Smash|p1a: Change Dragon\n|-supereffective|p1a: Change Dragon\n|-damage|p1a: Change Dragon|0 fnt\n|faint|p1a: Change Dragon\n|-damage|p2a: Headstrong|56\/100|[from] Recoil\n|\n|-weather|SunnyDay|[upkeep]\n|upkeep\n|\n|t:|1699829510\n|switch|p1a: Ninja Black|Greninja, M, shiny|100\/100\n|turn|4\n|\n|t:|1699829514\n|switch|p2a: Isaac|Vanilluxe, M|100\/100\n|-weather|Snow|[from] ability: Snow Warning|[of] p2a: Isaac\n|move|p1a: Ninja Black|Grass Knot|p2a: Isaac\n|-start|p1a: Ninja Black|typechange|Grass|[from] ability: Protean\n|-damage|p2a: Isaac|82\/100\n|\n|-weather|Snow|[upkeep]\n|upkeep\n|turn|5\n|\n|t:|1699829525\n|switch|p1a: PapillonOhger|Volcarona, F, shiny|100\/100\n|switch|p2a: Headstrong|Rampardos, M|56\/100\n|-ability|p2a: Headstrong|Mold Breaker\n|\n|-weather|Snow|[upkeep]\n|upkeep\n|turn|6\n|\n|t:|1699829533\n|-terastallize|p1a: PapillonOhger|Grass\n|move|p2a: Headstrong|Head Smash|p1a: PapillonOhger|[miss]\n|-miss|p2a: Headstrong|p1a: PapillonOhger\n|move|p1a: PapillonOhger|Giga Drain|p2a: Headstrong\n|-supereffective|p2a: Headstrong\n|-damage|p2a: Headstrong|0 fnt\n|faint|p2a: Headstrong\n|\n|-weather|Snow|[upkeep]\n|upkeep\n|\n|t:|1699829541\n|switch|p2a: Isaac|Vanilluxe, M|82\/100\n|turn|7\n|\n|t:|1699829546\n|switch|p1a: Ninja Black|Greninja, M, shiny|100\/100\n|move|p2a: Isaac|Blizzard|p1a: Ninja Black\n|-resisted|p1a: Ninja Black\n|-damage|p1a: Ninja Black|67\/100\n|\n|-weather|Snow|[upkeep]\n|upkeep\n|turn|8\n|\n|t:|1699829553\n|move|p1a: Ninja Black|Dark Pulse|p2a: Isaac\n|-start|p1a: Ninja Black|typechange|Dark|[from] ability: Protean\n|-damage|p2a: Isaac|64\/100\n|move|p2a: Isaac|Freeze-Dry|p1a: Ninja Black\n|-damage|p1a: Ninja Black|24\/100\n|\n|-weather|none\n|upkeep\n|turn|9\n|\n|t:|1699829561\n|move|p2a: Isaac|Ice Shard|p1a: Ninja Black\n|-damage|p1a: Ninja Black|4\/100\n|move|p1a: Ninja Black|Dark Pulse|p2a: Isaac\n|-damage|p2a: Isaac|45\/100\n|\n|upkeep\n|turn|10\n|\n|t:|1699829567\n|move|p2a: Isaac|Ice Shard|p1a: Ninja Black\n|-damage|p1a: Ninja Black|0 fnt\n|faint|p1a: Ninja Black\n|\n|upkeep\n|\n|t:|1699829571\n|switch|p1a: Onisister|Ogerpon-Cornerstone, F|100\/100\n|turn|11\n|\n|t:|1699829577\n|switch|p2a: Present mic|Chatot, M|100\/100\n|move|p1a: Onisister|Ivy Cudgel|p2a: Present mic\n|-supereffective|p2a: Present mic\n|-damage|p2a: Present mic|0 fnt\n|faint|p2a: Present mic\n|\n|upkeep\n|\n|t:|1699829579\n|switch|p2a: Old iron face|Bastiodon, M|100\/100\n|turn|12\n|\n|t:|1699829587\n|move|p1a: Onisister|Spiky Shield|p1a: Onisister\n|-singleturn|p1a: Onisister|move: Protect\n|move|p2a: Old iron face|Metal Burst||[still]\n|-fail|p2a: Old iron face\n|\n|upkeep\n|turn|13\n|\n|t:|1699829593\n|move|p1a: Onisister|Leech Seed|p2a: Old iron face\n|-start|p2a: Old iron face|move: Leech Seed\n|move|p2a: Old iron face|Stealth Rock|p1a: Onisister\n|-sidestart|p1: KyosukeKamijou|move: Stealth Rock\n|\n|-damage|p2a: Old iron face|88\/100|[from] Leech Seed|[of] p1a: Onisister\n|upkeep\n|turn|14\n|\n|t:|1699829599\n|switch|p2a: Isaac|Vanilluxe, M|45\/100\n|-weather|Snow|[from] ability: Snow Warning|[of] p2a: Isaac\n|move|p1a: Onisister|Horn Leech|p2a: Isaac\n|-damage|p2a: Isaac|18\/100\n|\n|-weather|Snow|[upkeep]\n|upkeep\n|turn|15\n|\n|t:|1699829606\n|move|p1a: Onisister|Ivy Cudgel|p2a: Isaac\n|-supereffective|p2a: Isaac\n|-damage|p2a: Isaac|0 fnt\n|faint|p2a: Isaac\n|\n|-weather|Snow|[upkeep]\n|upkeep\n|\n|t:|1699829609\n|switch|p2a: Rengoku|Simisear, M|100\/100\n|turn|16\n|\n|t:|1699829613\n|move|p1a: Onisister|Ivy Cudgel|p2a: Rengoku\n|-supereffective|p2a: Rengoku\n|-damage|p2a: Rengoku|0 fnt\n|faint|p2a: Rengoku\n|\n|-weather|Snow|[upkeep]\n|upkeep\n|\n|t:|1699829615\n|switch|p2a: Old iron face|Bastiodon, M|88\/100\n|turn|17\n|-message|TheBattleBard forfeited.\n|\n|win|KyosukeKamijou\n|raw|KyosukeKamijou's rating: 1163 &rarr; <strong>1191<\/strong><br \/>(+28 for winning)\n|raw|TheBattleBard's rating: 1207 &rarr; <strong>1179<\/strong><br \/>(-28 for losing)\n|l|\u2606TheBattleBard\n","uploadtime":1699829621,"views":5,"p1id":"kyosukekamijou","p2id":"thebattlebard","formatid":"gen9nationaldex","rating":1179,"private":0,"password":""}