{"id":"gen9nationaldex-1989387551","p1":"sskool","p2":"birdnie","format":"[Gen 9] National Dex","log":"|j|\u2606sskool\n|j|\u2606birdnie\n|t:|1699843840\n|gametype|singles\n|player|p1|sskool|265|\n|player|p2|birdnie|marnie-masters3|\n|teamsize|p1|6\n|teamsize|p2|6\n|gen|9\n|tier|[Gen 9] National Dex\n|rule|HP Percentage Mod: HP is shown in percentages\n|rule|Endless Battle Clause: Forcing endless battles is banned\n|rule|OHKO Clause: OHKO moves are banned\n|rule|Evasion Clause: Evasion abilities, items, and moves are banned\n|rule|Evasion Abilities Clause: Evasion abilities are banned\n|rule|Evasion Items Clause: Evasion items are banned\n|rule|Evasion Moves Clause: Evasion moves are banned\n|rule|Species Clause: Limit one of each Pok\u00e9mon\n|rule|Sleep Clause Mod: Limit one foe put to sleep\n|clearpoke\n|poke|p1|Ursaring, M|\n|poke|p1|Dragonite, M|\n|poke|p1|Conkeldurr, F|\n|poke|p1|Politoed, M|\n|poke|p1|Basculegion, M|\n|poke|p1|Hoopa-Unbound|\n|poke|p2|Ninetales, F|\n|poke|p2|Sylveon, F|\n|poke|p2|Ogerpon, F|\n|poke|p2|Mantine, M|\n|poke|p2|Lilligant-Hisui, F|\n|poke|p2|Sandy Shocks|\n|teampreview\n|\n|t:|1699843851\n|start\n|switch|p1a: Hoopa|Hoopa-Unbound|100\/100\n|switch|p2a: Calypso|Ogerpon, F|100\/100\n|turn|1\n|\n|t:|1699843872\n|-terastallize|p1a: Hoopa|Psychic\n|move|p2a: Calypso|Horn Leech|p1a: Hoopa\n|-damage|p1a: Hoopa|56\/100\n|move|p1a: Hoopa|Psychic|p2a: Calypso\n|-damage|p2a: Calypso|5\/100\n|\n|-heal|p2a: Calypso|11\/100|[from] item: Leftovers\n|-heal|p1a: Hoopa|62\/100|[from] item: Leftovers\n|upkeep\n|turn|2\n|\n|t:|1699843891\n|switch|p1a: Conkeldurr|Conkeldurr, F|100\/100\n|move|p2a: Calypso|Spiky Shield||[still]\n|-fail|p2a: Calypso\n|\n|-heal|p2a: Calypso|17\/100|[from] item: Leftovers\n|upkeep\n|turn|3\n|\n|t:|1699843900\n|move|p1a: Conkeldurr|Mach Punch|p2a: Calypso\n|-damage|p2a: Calypso|0 fnt\n|faint|p2a: Calypso\n|\n|upkeep\n|\n|t:|1699843906\n|switch|p2a: Icarus|Mantine, M|100\/100\n|turn|4\n|\n|t:|1699843917\n|switch|p1a: Politoed|Politoed, M|100\/100\n|-weather|RainDance|[from] ability: Drizzle|[of] p1a: Politoed\n|move|p2a: Icarus|Toxic|p1a: Politoed\n|-status|p1a: Politoed|tox\n|\n|-weather|RainDance|[upkeep]\n|-damage|p1a: Politoed|94\/100 tox|[from] psn\n|upkeep\n|turn|5\n|\n|t:|1699843935\n|switch|p2a: Abigail|Sylveon, F|100\/100\n|move|p1a: Politoed|Ice Beam|p2a: Abigail\n|-damage|p2a: Abigail|86\/100\n|\n|-weather|RainDance|[upkeep]\n|-damage|p1a: Politoed|82\/100 tox|[from] psn\n|upkeep\n|turn|6\n|\n|t:|1699843954\n|move|p1a: Politoed|Psychic|p2a: Abigail\n|-damage|p2a: Abigail|72\/100\n|move|p2a: Abigail|Wish|p2a: Abigail\n|\n|-weather|RainDance|[upkeep]\n|-damage|p1a: Politoed|63\/100 tox|[from] psn\n|upkeep\n|turn|7\n|\n|t:|1699843961\n|move|p1a: Politoed|Surf|p2a: Abigail\n|-damage|p2a: Abigail|37\/100\n|move|p2a: Abigail|Hyper Voice|p1a: Politoed\n|-damage|p1a: Politoed|23\/100 tox\n|\n|-weather|RainDance|[upkeep]\n|-heal|p2a: Abigail|87\/100|[from] move: Wish|[wisher] Abigail\n|-damage|p1a: Politoed|0 fnt|[from] psn\n|faint|p1a: Politoed\n|upkeep\n|\n|t:|1699843973\n|switch|p1a: Dragonite|Dragonite, M|100\/100\n|turn|8\n|\n|t:|1699843979\n|move|p1a: Dragonite|Extreme Speed|p2a: Abigail\n|-damage|p2a: Abigail|29\/100\n|move|p2a: Abigail|Hyper Voice|p1a: Dragonite\n|-supereffective|p1a: Dragonite\n|-damage|p1a: Dragonite|54\/100\n|\n|-weather|none\n|upkeep\n|turn|9\n|\n|t:|1699843988\n|move|p1a: Dragonite|Extreme Speed|p2a: Abigail\n|-damage|p2a: Abigail|0 fnt\n|faint|p2a: Abigail\n|\n|upkeep\n|\n|t:|1699843995\n|switch|p2a: Kiriko|Ninetales, F|100\/100\n|-weather|SunnyDay|[from] ability: Drought|[of] p2a: Kiriko\n|turn|10\n|\n|t:|1699844000\n|move|p1a: Dragonite|Extreme Speed|p2a: Kiriko\n|-damage|p2a: Kiriko|43\/100\n|move|p2a: Kiriko|Toxic|p1a: Dragonite|[miss]\n|-miss|p2a: Kiriko|p1a: Dragonite\n|\n|-weather|SunnyDay|[upkeep]\n|upkeep\n|turn|11\n|\n|t:|1699844018\n|switch|p2a: Icarus|Mantine, M|100\/100\n|move|p1a: Dragonite|Extreme Speed|p2a: Icarus\n|-damage|p2a: Icarus|64\/100\n|\n|-weather|SunnyDay|[upkeep]\n|upkeep\n|turn|12\n|\n|t:|1699844028\n|switch|p1a: Ursaring|Ursaring, M|100\/100\n|move|p2a: Icarus|Toxic|p1a: Ursaring\n|-status|p1a: Ursaring|tox\n|\n|-weather|SunnyDay|[upkeep]\n|-damage|p1a: Ursaring|94\/100 tox|[from] psn\n|upkeep\n|turn|13\n|\n|t:|1699844038\n|move|p2a: Icarus|Roost|p2a: Icarus\n|-heal|p2a: Icarus|100\/100\n|-singleturn|p2a: Icarus|move: Roost\n|move|p1a: Ursaring|Facade|p2a: Icarus\n|-damage|p2a: Icarus|0 fnt\n|faint|p2a: Icarus\n|\n|-weather|SunnyDay|[upkeep]\n|-damage|p1a: Ursaring|82\/100 tox|[from] psn\n|upkeep\n|\n|t:|1699844050\n|switch|p2a: Zinnia|Lilligant-Hisui, F|100\/100\n|turn|14\n|\n|t:|1699844063\n|switch|p1a: Conkeldurr|Conkeldurr, F|100\/100\n|move|p2a: Zinnia|Close Combat|p1a: Conkeldurr\n|-damage|p1a: Conkeldurr|49\/100\n|-unboost|p2a: Zinnia|def|1\n|-unboost|p2a: Zinnia|spd|1\n|\n|-weather|SunnyDay|[upkeep]\n|upkeep\n|turn|15\n|\n|t:|1699844073\n|move|p1a: Conkeldurr|Mach Punch|p2a: Zinnia\n|-damage|p2a: Zinnia|42\/100\n|move|p2a: Zinnia|Close Combat|p1a: Conkeldurr\n|-damage|p1a: Conkeldurr|0 fnt\n|-unboost|p2a: Zinnia|def|1\n|-unboost|p2a: Zinnia|spd|1\n|faint|p1a: Conkeldurr\n|\n|-weather|SunnyDay|[upkeep]\n|-heal|p2a: Zinnia|48\/100|[from] item: Leftovers\n|upkeep\n|\n|t:|1699844085\n|switch|p1a: Dragonite|Dragonite, M|54\/100\n|turn|16\n|\n|t:|1699844088\n|move|p1a: Dragonite|Extreme Speed|p2a: Zinnia\n|-damage|p2a: Zinnia|0 fnt\n|faint|p2a: Zinnia\n|\n|-weather|SunnyDay|[upkeep]\n|upkeep\n|\n|t:|1699844094\n|switch|p2a: Thales|Sandy Shocks|100\/100\n|-activate|p2a: Thales|ability: Protosynthesis\n|-start|p2a: Thales|protosynthesisspe\n|turn|17\n|\n|t:|1699844100\n|move|p1a: Dragonite|Extreme Speed|p2a: Thales\n|-damage|p2a: Thales|44\/100\n|move|p2a: Thales|Discharge|p1a: Dragonite\n|-damage|p1a: Dragonite|23\/100\n|-status|p1a: Dragonite|par\n|\n|-weather|none\n|-end|p2a: Thales|Protosynthesis\n|upkeep\n|-enditem|p2a: Thales|Booster Energy\n|-activate|p2a: Thales|ability: Protosynthesis|[fromitem]\n|-start|p2a: Thales|protosynthesisspe\n|turn|18\n|\n|t:|1699844113\n|move|p1a: Dragonite|Extreme Speed|p2a: Thales\n|-damage|p2a: Thales|0 fnt\n|faint|p2a: Thales\n|-end|p2a: Thales|Protosynthesis|[silent]\n|\n|upkeep\n|-message|birdnie forfeited.\n|\n|win|sskool\n|l|\u2606birdnie\n","uploadtime":1699844134,"views":4,"p1id":"sskool","p2id":"birdnie","formatid":"gen9nationaldex","rating":0,"private":0,"password":""}