{"id":"gen9nationaldex-1997398247","p1":"steals many wives","p2":"Lgbeet","format":"[Gen 9] National Dex","log":"|html|<div class=\"broadcast-blue\"><strong>[Gen 9] National Dex is currently suspecting Sneasler! For information on how to participate check out the <a href=\"https:\/\/www.smogon.com\/forums\/threads\/sv-national-dex-suspect-8-just-dance.3731534\/\">suspect thread<\/a>.<\/strong><\/div>\n|j|\u2606steals many wives\n|j|\u2606Lgbeet\n|t:|1700799036\n|gametype|singles\n|player|p1|steals many wives|waitress|1074\n|player|p2|Lgbeet|skullgruntf|1151\n|teamsize|p1|6\n|teamsize|p2|6\n|gen|9\n|tier|[Gen 9] National Dex\n|rated|\n|rule|HP Percentage Mod: HP is shown in percentages\n|rule|Endless Battle Clause: Forcing endless battles is banned\n|rule|OHKO Clause: OHKO moves are banned\n|rule|Evasion Clause: Evasion abilities, items, and moves are banned\n|rule|Evasion Abilities Clause: Evasion abilities are banned\n|rule|Evasion Items Clause: Evasion items are banned\n|rule|Evasion Moves Clause: Evasion moves are banned\n|rule|Species Clause: Limit one of each Pok\u00e9mon\n|rule|Sleep Clause Mod: Limit one foe put to sleep\n|clearpoke\n|poke|p1|Volcarona, M|\n|poke|p1|Chandelure, F|\n|poke|p1|Rotom-Heat|\n|poke|p1|Victini|\n|poke|p1|Volcanion|\n|poke|p1|Charizard, F|\n|poke|p2|Diggersby, F|\n|poke|p2|Altaria, F|\n|poke|p2|Flamigo, M|\n|poke|p2|Meowscarada, F|\n|poke|p2|Munkidori, M|\n|poke|p2|Mienshao, M|\n|teampreview\n|\n|t:|1700799054\n|start\n|switch|p1a: Violence|Victini|100\/100\n|switch|p2a: Munkidori|Munkidori, M|100\/100\n|turn|1\n|\n|t:|1700799061\n|move|p2a: Munkidori|U-turn|p1a: Violence\n|-damage|p1a: Violence|89\/100\n|\n|t:|1700799070\n|switch|p2a: Meowscarada|Meowscarada, F, shiny|100\/100|[from] U-turn\n|move|p1a: Violence|Zen Headbutt|p2a: Meowscarada\n|-immune|p2a: Meowscarada\n|\n|upkeep\n|turn|2\n|\n|t:|1700799076\n|move|p2a: Meowscarada|Knock Off|p1a: Violence\n|-start|p2a: Meowscarada|typechange|Dark|[from] ability: Protean\n|-supereffective|p1a: Violence\n|-damage|p1a: Violence|29\/100\n|move|p1a: Violence|V-create|p2a: Meowscarada\n|-damage|p2a: Meowscarada|0 fnt\n|-unboost|p1a: Violence|spe|1\n|-unboost|p1a: Violence|def|1\n|-unboost|p1a: Violence|spd|1\n|faint|p2a: Meowscarada\n|\n|upkeep\n|\n|t:|1700799089\n|switch|p2a: Diggersby|Diggersby, F|100\/100\n|turn|3\n|\n|t:|1700799098\n|switch|p1a: I Love Lamp|Chandelure, F, shiny|100\/100\n|move|p2a: Diggersby|Body Slam|p1a: I Love Lamp\n|-immune|p1a: I Love Lamp\n|\n|upkeep\n|turn|4\n|\n|t:|1700799107\n|switch|p2a: Mienshao|Mienshao, M|100\/100\n|move|p1a: I Love Lamp|Flamethrower|p2a: Mienshao\n|-damage|p2a: Mienshao|10\/100\n|-status|p2a: Mienshao|brn\n|\n|-damage|p2a: Mienshao|5\/100 brn|[from] brn\n|upkeep\n|turn|5\n|\n|t:|1700799115\n|switch|p1a: Living Onsen|Volcanion|100\/100\n|move|p2a: Mienshao|U-turn|p1a: Living Onsen\n|-resisted|p1a: Living Onsen\n|-damage|p1a: Living Onsen|94\/100\n|-damage|p2a: Mienshao|0 fnt|[from] item: Life Orb\n|faint|p2a: Mienshao\n|\n|upkeep\n|\n|t:|1700799124\n|switch|p2a: Munkidori|Munkidori, M|100\/100\n|turn|6\n|\n|t:|1700799128\n|-terastallize|p2a: Munkidori|Psychic\n|move|p2a: Munkidori|Psychic|p1a: Living Onsen\n|-damage|p1a: Living Onsen|30\/100\n|move|p1a: Living Onsen|Steam Eruption|p2a: Munkidori\n|-damage|p2a: Munkidori|34\/100\n|\n|upkeep\n|turn|7\n|\n|t:|1700799138\n|move|p2a: Munkidori|Psychic|p1a: Living Onsen\n|-crit|p1a: Living Onsen\n|-damage|p1a: Living Onsen|0 fnt\n|faint|p1a: Living Onsen\n|\n|upkeep\n|\n|t:|1700799145\n|switch|p1a: Easy Bake|Rotom-Heat|100\/100\n|turn|8\n|\n|t:|1700799160\n|move|p1a: Easy Bake|Sucker Punch|p2a: Munkidori\n|-supereffective|p2a: Munkidori\n|-damage|p2a: Munkidori|0 fnt\n|faint|p2a: Munkidori\n|\n|upkeep\n|\n|t:|1700799166\n|switch|p2a: Flamigo|Flamigo, M|100\/100\n|turn|9\n|\n|t:|1700799174\n|move|p2a: Flamigo|Dual Wingbeat|p1a: Easy Bake\n|-resisted|p1a: Easy Bake\n|-damage|p1a: Easy Bake|80\/100\n|-resisted|p1a: Easy Bake\n|-damage|p1a: Easy Bake|62\/100\n|-hitcount|p1a: Easy Bake|2\n|move|p1a: Easy Bake|Overheat|p2a: Flamigo\n|-damage|p2a: Flamigo|8\/100\n|-unboost|p1a: Easy Bake|spa|2\n|-enditem|p1a: Easy Bake|White Herb\n|-clearnegativeboost|p1a: Easy Bake|[silent]\n|\n|upkeep\n|turn|10\n|\n|t:|1700799184\n|move|p2a: Flamigo|Dual Wingbeat|p1a: Easy Bake\n|-resisted|p1a: Easy Bake\n|-damage|p1a: Easy Bake|44\/100\n|-resisted|p1a: Easy Bake\n|-damage|p1a: Easy Bake|25\/100\n|-hitcount|p1a: Easy Bake|2\n|move|p1a: Easy Bake|Volt Switch|p2a: Flamigo\n|-supereffective|p2a: Flamigo\n|-damage|p2a: Flamigo|0 fnt\n|faint|p2a: Flamigo\n|\n|t:|1700799194\n|switch|p1a: I Love Lamp|Chandelure, F, shiny|100\/100|[from] Volt Switch\n|\n|upkeep\n|\n|t:|1700799199\n|switch|p2a: Diggersby|Diggersby, F|100\/100\n|turn|11\n|\n|t:|1700799202\n|move|p1a: I Love Lamp|Curse|p2a: Diggersby\n|-start|p2a: Diggersby|Curse|[of] p1a: I Love Lamp\n|-damage|p1a: I Love Lamp|51\/100\n|move|p2a: Diggersby|Earthquake|p1a: I Love Lamp\n|-supereffective|p1a: I Love Lamp\n|-damage|p1a: I Love Lamp|0 fnt\n|faint|p1a: I Love Lamp\n|\n|-damage|p2a: Diggersby|76\/100|[from] Curse\n|upkeep\n|\n|t:|1700799212\n|switch|p1a: Dragon Ballin'|Charizard, F|100\/100\n|turn|12\n|\n|t:|1700799217\n|switch|p2a: Altaria|Altaria, F|100\/100\n|move|p1a: Dragon Ballin'|Dragon Dance|p1a: Dragon Ballin'\n|-boost|p1a: Dragon Ballin'|atk|1\n|-boost|p1a: Dragon Ballin'|spe|1\n|\n|upkeep\n|turn|13\n|\n|t:|1700799225\n|detailschange|p1a: Dragon Ballin'|Charizard-Mega-X, F\n|-mega|p1a: Dragon Ballin'|Charizard|Charizardite X\n|detailschange|p2a: Altaria|Altaria-Mega, F\n|-mega|p2a: Altaria|Altaria|Altarianite\n|move|p1a: Dragon Ballin'|Dual Wingbeat|p2a: Altaria\n|-damage|p2a: Altaria|73\/100\n|-damage|p2a: Altaria|43\/100\n|-hitcount|p2a: Altaria|2\n|move|p2a: Altaria|Draco Meteor|p1a: Dragon Ballin'\n|-supereffective|p1a: Dragon Ballin'\n|-damage|p1a: Dragon Ballin'|0 fnt\n|-unboost|p2a: Altaria|spa|2\n|faint|p1a: Dragon Ballin'\n|\n|upkeep\n|\n|t:|1700799249\n|switch|p1a: Violence|Victini|29\/100\n|turn|14\n|\n|t:|1700799256\n|-zpower|p1a: Violence\n|move|p1a: Violence|Inferno Overdrive|p2a: Altaria|[zeffect]\n|-resisted|p2a: Altaria\n|-damage|p2a: Altaria|0 fnt\n|faint|p2a: Altaria\n|\n|upkeep\n|\n|t:|1700799258\n|switch|p2a: Diggersby|Diggersby, F|76\/100\n|turn|15\n|\n|t:|1700799266\n|move|p1a: Violence|V-create|p2a: Diggersby\n|-damage|p2a: Diggersby|0 fnt\n|-unboost|p1a: Violence|spe|1\n|-unboost|p1a: Violence|def|1\n|-unboost|p1a: Violence|spd|1\n|faint|p2a: Diggersby\n|\n|win|steals many wives\n|raw|steals many wives's rating: 1074 &rarr; <strong>1109<\/strong><br \/>(+35 for winning)\n|raw|Lgbeet's rating: 1151 &rarr; <strong>1121<\/strong><br \/>(-30 for losing)\n|c|\u2606steals many wives|gg\n|l|\u2606Lgbeet\n","uploadtime":1700799276,"views":3,"p1id":"stealsmanywives","p2id":"lgbeet","formatid":"gen9nationaldex","rating":1109,"private":0,"password":""}