{"id":"gen9nationaldex-1994287437","p1":"OverlyComplex","p2":"P0UGH","format":"[Gen 9] National Dex","log":"|j|\u2606OverlyComplex\n|j|\u2606P0UGH\n|t:|1700427280\n|gametype|singles\n|player|p1|OverlyComplex|101|1325\n|player|p2|P0UGH|101|1287\n|teamsize|p1|6\n|teamsize|p2|6\n|gen|9\n|tier|[Gen 9] National Dex\n|rated|\n|rule|HP Percentage Mod: HP is shown in percentages\n|rule|Endless Battle Clause: Forcing endless battles is banned\n|rule|OHKO Clause: OHKO moves are banned\n|rule|Evasion Clause: Evasion abilities, items, and moves are banned\n|rule|Evasion Abilities Clause: Evasion abilities are banned\n|rule|Evasion Items Clause: Evasion items are banned\n|rule|Evasion Moves Clause: Evasion moves are banned\n|rule|Species Clause: Limit one of each Pok\u00e9mon\n|rule|Sleep Clause Mod: Limit one foe put to sleep\n|clearpoke\n|poke|p1|Rotom-Wash|\n|poke|p1|Great Tusk|\n|poke|p1|Ferrothorn, F|\n|poke|p1|Volcarona, M|\n|poke|p1|Diancie|\n|poke|p1|Landorus-Therian, M|\n|poke|p2|Tyranitar, F|\n|poke|p2|Excadrill, M|\n|poke|p2|Garganacl, M|\n|poke|p2|Goodra-Hisui, M|\n|poke|p2|Kommo-o, F|\n|poke|p2|Hippowdon, M|\n|teampreview\n|inactive|Battle timer is ON: inactive players will automatically lose when time's up. (requested by P0UGH)\n|\n|t:|1700427295\n|start\n|switch|p1a: pokey plant|Ferrothorn, F|100\/100\n|switch|p2a: almighty girth|Hippowdon, M|100\/100\n|-weather|Sandstorm|[from] ability: Sand Stream|[of] p2a: almighty girth\n|turn|1\n|\n|t:|1700427306\n|move|p2a: almighty girth|Stealth Rock|p1a: pokey plant\n|-sidestart|p1: OverlyComplex|move: Stealth Rock\n|move|p1a: pokey plant|Spikes|p2a: almighty girth\n|-sidestart|p2: P0UGH|Spikes\n|\n|-weather|Sandstorm|[upkeep]\n|upkeep\n|turn|2\n|\n|t:|1700427333\n|switch|p2a: rock|Garganacl, M|100\/100\n|-damage|p2a: rock|88\/100|[from] Spikes\n|switch|p1a: flying thingy|Landorus-Therian, M|100\/100\n|-damage|p1a: flying thingy|88\/100|[from] Stealth Rock\n|-ability|p1a: flying thingy|Intimidate|boost\n|-unboost|p2a: rock|atk|1\n|\n|-weather|Sandstorm|[upkeep]\n|upkeep\n|turn|3\n|\n|t:|1700427347\n|move|p1a: flying thingy|Earthquake|p2a: rock\n|-supereffective|p2a: rock\n|-damage|p2a: rock|30\/100\n|move|p2a: rock|Salt Cure|p1a: flying thingy\n|-damage|p1a: flying thingy|77\/100\n|-start|p1a: flying thingy|Salt Cure\n|\n|-weather|Sandstorm|[upkeep]\n|-damage|p1a: flying thingy|65\/100|[from] Salt Cure\n|upkeep\n|turn|4\n|inactive|P0UGH has 120 seconds left.\n|\n|t:|1700427383\n|switch|p2a: lawn killer|Excadrill, M|100\/100\n|-damage|p2a: lawn killer|88\/100|[from] Spikes\n|move|p1a: flying thingy|Earthquake|p2a: lawn killer\n|-supereffective|p2a: lawn killer\n|-damage|p2a: lawn killer|0 fnt\n|faint|p2a: lawn killer\n|\n|-weather|Sandstorm|[upkeep]\n|-damage|p1a: flying thingy|53\/100|[from] Salt Cure\n|upkeep\n|\n|t:|1700427388\n|switch|p2a: almighty girth|Hippowdon, M|100\/100\n|-damage|p2a: almighty girth|88\/100|[from] Spikes\n|turn|5\n|inactive|P0UGH has 120 seconds left.\n|\n|t:|1700427401\n|switch|p1a: dry clean only|Rotom-Wash|100\/100\n|-damage|p1a: dry clean only|88\/100|[from] Stealth Rock\n|move|p2a: almighty girth|Roar|p1a: dry clean only\n|drag|p1a: flying thingy|Landorus-Therian, M|53\/100\n|-damage|p1a: flying thingy|40\/100|[from] Stealth Rock\n|-ability|p1a: flying thingy|Intimidate|boost\n|-unboost|p2a: almighty girth|atk|1\n|\n|-weather|none\n|-heal|p2a: almighty girth|94\/100|[from] item: Leftovers\n|upkeep\n|turn|6\n|\n|t:|1700427412\n|move|p1a: flying thingy|Defog|p2a: almighty girth\n|-unboost|p2a: almighty girth|evasion|1\n|-sideend|p2: P0UGH|Spikes|[from] move: Defog|[of] p1a: flying thingy\n|-sideend|p1: OverlyComplex|Stealth Rock|[from] move: Defog|[of] p1a: flying thingy\n|move|p2a: almighty girth|Roar|p1a: flying thingy\n|drag|p1a: dry clean only|Rotom-Wash|88\/100\n|\n|-heal|p1a: dry clean only|94\/100|[from] item: Leftovers\n|-heal|p2a: almighty girth|100\/100|[from] item: Leftovers\n|upkeep\n|turn|7\n|\n|t:|1700427427\n|switch|p2a: SLUMDOG $$$AIR|Goodra-Hisui, M|100\/100\n|move|p1a: dry clean only|Will-O-Wisp|p2a: SLUMDOG $$$AIR\n|-status|p2a: SLUMDOG $$$AIR|brn\n|\n|-heal|p1a: dry clean only|99\/100|[from] item: Leftovers\n|-damage|p2a: SLUMDOG $$$AIR|94\/100 brn|[from] brn\n|upkeep\n|turn|8\n|\n|t:|1700427445\n|move|p1a: dry clean only|Volt Switch|p2a: SLUMDOG $$$AIR\n|-resisted|p2a: SLUMDOG $$$AIR\n|-damage|p2a: SLUMDOG $$$AIR|89\/100 brn\n|\n|t:|1700427449\n|switch|p1a: rock|Diancie|100\/100|[from] Volt Switch\n|move|p2a: SLUMDOG $$$AIR|Heavy Slam|p1a: rock\n|-supereffective|p1a: rock\n|-damage|p1a: rock|0 fnt\n|faint|p1a: rock\n|\n|-damage|p2a: SLUMDOG $$$AIR|83\/100 brn|[from] brn\n|upkeep\n|\n|t:|1700427465\n|switch|p1a: bug|Volcarona, M|100\/100\n|turn|9\n|\n|t:|1700427488\n|switch|p2a: mister t|Tyranitar, F|100\/100\n|-weather|Sandstorm|[from] ability: Sand Stream|[of] p2a: mister t\n|move|p1a: bug|Quiver Dance|p1a: bug\n|-boost|p1a: bug|spa|1\n|-boost|p1a: bug|spd|1\n|-boost|p1a: bug|spe|1\n|\n|-weather|Sandstorm|[upkeep]\n|-damage|p1a: bug|94\/100|[from] Sandstorm\n|upkeep\n|turn|10\n|inactive|P0UGH has 120 seconds left.\n|\n|t:|1700427508\n|switch|p1a: elephant|Great Tusk|100\/100\n|move|p2a: mister t|Stone Edge|p1a: elephant\n|-resisted|p1a: elephant\n|-damage|p1a: elephant|92\/100\n|\n|-weather|Sandstorm|[upkeep]\n|upkeep\n|turn|11\n|inactive|P0UGH has 120 seconds left.\n|\n|t:|1700427524\n|switch|p2a: almighty girth|Hippowdon, M|100\/100\n|move|p1a: elephant|Close Combat|p2a: almighty girth\n|-damage|p2a: almighty girth|70\/100\n|-unboost|p1a: elephant|def|1\n|-unboost|p1a: elephant|spd|1\n|\n|-weather|Sandstorm|[upkeep]\n|-heal|p2a: almighty girth|76\/100|[from] item: Leftovers\n|upkeep\n|turn|12\n|\n|t:|1700427537\n|-end|p1a: elephant|Protosynthesis|[silent]\n|switch|p1a: dry clean only|Rotom-Wash|99\/100\n|move|p2a: almighty girth|Stealth Rock|p1a: dry clean only\n|-sidestart|p1: OverlyComplex|move: Stealth Rock\n|\n|-weather|Sandstorm|[upkeep]\n|-damage|p1a: dry clean only|94\/100|[from] Sandstorm\n|-heal|p1a: dry clean only|99\/100|[from] item: Leftovers\n|-heal|p2a: almighty girth|82\/100|[from] item: Leftovers\n|upkeep\n|turn|13\n|\n|t:|1700427550\n|switch|p2a: SLUMDOG $$$AIR|Goodra-Hisui, M|83\/100 brn\n|move|p1a: dry clean only|Will-O-Wisp|p2a: SLUMDOG $$$AIR\n|-fail|p2a: SLUMDOG $$$AIR|brn\n|\n|-weather|none\n|-heal|p1a: dry clean only|100\/100|[from] item: Leftovers\n|-damage|p2a: SLUMDOG $$$AIR|77\/100 brn|[from] brn\n|upkeep\n|turn|14\n|\n|t:|1700427559\n|move|p1a: dry clean only|Defog|p2a: SLUMDOG $$$AIR\n|-unboost|p2a: SLUMDOG $$$AIR|evasion|1\n|-sideend|p1: OverlyComplex|Stealth Rock|[from] move: Defog|[of] p1a: dry clean only\n|move|p2a: SLUMDOG $$$AIR|Draco Meteor|p1a: dry clean only\n|-damage|p1a: dry clean only|41\/100\n|-unboost|p2a: SLUMDOG $$$AIR|spa|2\n|\n|-heal|p1a: dry clean only|47\/100|[from] item: Leftovers\n|-damage|p2a: SLUMDOG $$$AIR|71\/100 brn|[from] brn\n|upkeep\n|turn|15\n|\n|t:|1700427571\n|move|p1a: dry clean only|Hydro Pump|p2a: SLUMDOG $$$AIR\n|-resisted|p2a: SLUMDOG $$$AIR\n|-damage|p2a: SLUMDOG $$$AIR|62\/100 brn\n|move|p2a: SLUMDOG $$$AIR|Knock Off|p1a: dry clean only\n|-damage|p1a: dry clean only|36\/100\n|-enditem|p1a: dry clean only|Leftovers|[from] move: Knock Off|[of] p2a: SLUMDOG $$$AIR\n|\n|-damage|p2a: SLUMDOG $$$AIR|56\/100 brn|[from] brn\n|upkeep\n|turn|16\n|\n|t:|1700427585\n|move|p1a: dry clean only|Hydro Pump|p2a: SLUMDOG $$$AIR\n|-resisted|p2a: SLUMDOG $$$AIR\n|-damage|p2a: SLUMDOG $$$AIR|48\/100 brn\n|move|p2a: SLUMDOG $$$AIR|Body Press|p1a: dry clean only\n|-damage|p1a: dry clean only|29\/100\n|\n|-damage|p2a: SLUMDOG $$$AIR|42\/100 brn|[from] brn\n|upkeep\n|turn|17\n|\n|t:|1700427596\n|switch|p1a: bug|Volcarona, M|94\/100\n|switch|p2a: screamo beamo|Kommo-o, F|100\/100\n|\n|upkeep\n|turn|18\n|\n|t:|1700427607\n|move|p1a: bug|Quiver Dance|p1a: bug\n|-boost|p1a: bug|spa|1\n|-boost|p1a: bug|spd|1\n|-boost|p1a: bug|spe|1\n|move|p2a: screamo beamo|Clangorous Soul|p2a: screamo beamo\n|-boost|p2a: screamo beamo|atk|1\n|-boost|p2a: screamo beamo|def|1\n|-boost|p2a: screamo beamo|spa|1\n|-boost|p2a: screamo beamo|spd|1\n|-boost|p2a: screamo beamo|spe|1\n|-damage|p2a: screamo beamo|68\/100\n|-enditem|p2a: screamo beamo|Throat Spray\n|-boost|p2a: screamo beamo|spa|1|[from] item: Throat Spray\n|\n|upkeep\n|turn|19\n|\n|t:|1700427627\n|-zpower|p1a: bug\n|move|p1a: bug|Inferno Overdrive|p2a: screamo beamo|[zeffect]\n|-resisted|p2a: screamo beamo\n|-damage|p2a: screamo beamo|23\/100\n|move|p2a: screamo beamo|Boomburst|p1a: bug\n|-damage|p1a: bug|33\/100\n|\n|upkeep\n|turn|20\n|\n|t:|1700427638\n|move|p1a: bug|Fiery Dance|p2a: screamo beamo\n|-resisted|p2a: screamo beamo\n|-damage|p2a: screamo beamo|0 fnt\n|faint|p2a: screamo beamo\n|\n|upkeep\n|\n|t:|1700427643\n|switch|p2a: mister t|Tyranitar, F|100\/100\n|-weather|Sandstorm|[from] ability: Sand Stream|[of] p2a: mister t\n|turn|21\n|\n|t:|1700427651\n|move|p1a: bug|Bug Buzz|p2a: mister t\n|-supereffective|p2a: mister t\n|-damage|p2a: mister t|3\/100\n|-enditem|p2a: mister t|Weakness Policy\n|-boost|p2a: mister t|atk|2|[from] item: Weakness Policy\n|-boost|p2a: mister t|spa|2|[from] item: Weakness Policy\n|move|p2a: mister t|Pursuit|p1a: bug\n|-damage|p1a: bug|0 fnt\n|faint|p1a: bug\n|\n|-weather|Sandstorm|[upkeep]\n|upkeep\n|\n|t:|1700427668\n|switch|p1a: flying thingy|Landorus-Therian, M|40\/100\n|-ability|p1a: flying thingy|Intimidate|boost\n|-unboost|p2a: mister t|atk|1\n|turn|22\n|\n|t:|1700427674\n|move|p1a: flying thingy|Earthquake|p2a: mister t\n|-supereffective|p2a: mister t\n|-damage|p2a: mister t|0 fnt\n|faint|p2a: mister t\n|\n|-weather|Sandstorm|[upkeep]\n|upkeep\n|\n|t:|1700427676\n|switch|p2a: almighty girth|Hippowdon, M|82\/100\n|turn|23\n|\n|t:|1700427694\n|switch|p1a: pokey plant|Ferrothorn, F|100\/100\n|move|p2a: almighty girth|Stealth Rock|p1a: pokey plant\n|-sidestart|p1: OverlyComplex|move: Stealth Rock\n|\n|-weather|Sandstorm|[upkeep]\n|-heal|p2a: almighty girth|88\/100|[from] item: Leftovers\n|upkeep\n|turn|24\n|\n|t:|1700427705\n|switch|p2a: SLUMDOG $$$AIR|Goodra-Hisui, M|42\/100 brn\n|move|p1a: pokey plant|Gyro Ball|p2a: SLUMDOG $$$AIR\n|-resisted|p2a: SLUMDOG $$$AIR\n|-damage|p2a: SLUMDOG $$$AIR|27\/100 brn\n|\n|-weather|Sandstorm|[upkeep]\n|-damage|p2a: SLUMDOG $$$AIR|21\/100 brn|[from] brn\n|upkeep\n|turn|25\n|\n|t:|1700427717\n|move|p2a: SLUMDOG $$$AIR|Body Press|p1a: pokey plant\n|-supereffective|p1a: pokey plant\n|-damage|p1a: pokey plant|88\/100\n|-damage|p2a: SLUMDOG $$$AIR|9\/100 brn|[from] ability: Iron Barbs|[of] p1a: pokey plant\n|move|p1a: pokey plant|Gyro Ball|p2a: SLUMDOG $$$AIR\n|-resisted|p2a: SLUMDOG $$$AIR\n|-damage|p2a: SLUMDOG $$$AIR|0 fnt\n|faint|p2a: SLUMDOG $$$AIR\n|\n|-weather|none\n|-heal|p1a: pokey plant|94\/100|[from] item: Leftovers\n|upkeep\n|\n|t:|1700427723\n|switch|p2a: rock|Garganacl, M|30\/100\n|turn|26\n|\n|t:|1700427749\n|switch|p1a: elephant|Great Tusk|92\/100\n|-terastallize|p2a: rock|Ghost\n|move|p2a: rock|Recover|p2a: rock\n|-heal|p2a: rock|80\/100\n|\n|upkeep\n|turn|27\n|inactive|OverlyComplex has 120 seconds left.\n|\n|t:|1700427767\n|move|p1a: elephant|Earthquake|p2a: rock\n|-damage|p2a: rock|52\/100\n|move|p2a: rock|Salt Cure|p1a: elephant\n|-resisted|p1a: elephant\n|-damage|p1a: elephant|89\/100\n|-start|p1a: elephant|Salt Cure\n|\n|-damage|p1a: elephant|77\/100|[from] Salt Cure\n|upkeep\n|turn|28\n|\n|t:|1700427775\n|move|p1a: elephant|Earthquake|p2a: rock\n|-damage|p2a: rock|25\/100\n|move|p2a: rock|Recover|p2a: rock\n|-heal|p2a: rock|75\/100\n|\n|-damage|p1a: elephant|65\/100|[from] Salt Cure\n|upkeep\n|turn|29\n|inactive|OverlyComplex has 120 seconds left.\n|\n|t:|1700427803\n|-end|p1a: elephant|Protosynthesis|[silent]\n|switch|p1a: pokey plant|Ferrothorn, F|94\/100\n|-damage|p1a: pokey plant|88\/100|[from] Stealth Rock\n|move|p2a: rock|Recover|p2a: rock\n|-heal|p2a: rock|100\/100\n|\n|-heal|p1a: pokey plant|94\/100|[from] item: Leftovers\n|upkeep\n|turn|30\n|\n|t:|1700427815\n|move|p2a: rock|Salt Cure|p1a: pokey plant\n|-resisted|p1a: pokey plant\n|-damage|p1a: pokey plant|89\/100\n|-start|p1a: pokey plant|Salt Cure\n|move|p1a: pokey plant|Leech Seed|p2a: rock|[miss]\n|-miss|p1a: pokey plant|p2a: rock\n|\n|-heal|p1a: pokey plant|95\/100|[from] item: Leftovers\n|-damage|p1a: pokey plant|70\/100|[from] Salt Cure\n|upkeep\n|turn|31\n|\n|t:|1700427824\n|move|p2a: rock|Curse|p1a: pokey plant\n|-start|p1a: pokey plant|Curse|[of] p2a: rock\n|-damage|p2a: rock|50\/100\n|move|p1a: pokey plant|Leech Seed|p2a: rock\n|-start|p2a: rock|move: Leech Seed\n|\n|-heal|p1a: pokey plant|76\/100|[from] item: Leftovers\n|-damage|p2a: rock|38\/100|[from] Leech Seed|[of] p1a: pokey plant\n|-heal|p1a: pokey plant|90\/100|[silent]\n|-damage|p1a: pokey plant|65\/100|[from] Curse\n|-damage|p1a: pokey plant|41\/100|[from] Salt Cure\n|upkeep\n|turn|32\n|inactive|OverlyComplex has 120 seconds left.\n|\n|t:|1700427840\n|move|p2a: rock|Recover|p2a: rock\n|-heal|p2a: rock|88\/100\n|move|p1a: pokey plant|Knock Off|p2a: rock\n|-supereffective|p2a: rock\n|-damage|p2a: rock|66\/100\n|-damage|p1a: pokey plant|24\/100|[from] item: Rocky Helmet|[of] p2a: rock\n|-enditem|p2a: rock|Rocky Helmet|[from] move: Knock Off|[of] p1a: pokey plant\n|\n|-heal|p1a: pokey plant|30\/100|[from] item: Leftovers\n|-damage|p2a: rock|53\/100|[from] Leech Seed|[of] p1a: pokey plant\n|-heal|p1a: pokey plant|44\/100|[silent]\n|-damage|p1a: pokey plant|20\/100|[from] Curse\n|-damage|p1a: pokey plant|0 fnt|[from] Salt Cure\n|faint|p1a: pokey plant\n|upkeep\n|\n|t:|1700427856\n|switch|p1a: elephant|Great Tusk|65\/100\n|turn|33\n|\n|t:|1700427863\n|switch|p2a: almighty girth|Hippowdon, M|88\/100\n|-weather|Sandstorm|[from] ability: Sand Stream|[of] p2a: almighty girth\n|move|p1a: elephant|Earthquake|p2a: almighty girth\n|-damage|p2a: almighty girth|58\/100\n|\n|-weather|Sandstorm|[upkeep]\n|-heal|p2a: almighty girth|65\/100|[from] item: Leftovers\n|upkeep\n|turn|34\n|\n|t:|1700427873\n|move|p1a: elephant|Close Combat|p2a: almighty girth\n|-damage|p2a: almighty girth|30\/100\n|-unboost|p1a: elephant|def|1\n|-unboost|p1a: elephant|spd|1\n|move|p2a: almighty girth|Earthquake|p1a: elephant\n|-damage|p1a: elephant|21\/100\n|\n|-weather|Sandstorm|[upkeep]\n|-heal|p2a: almighty girth|36\/100|[from] item: Leftovers\n|upkeep\n|turn|35\n|\n|t:|1700427882\n|move|p1a: elephant|Close Combat|p2a: almighty girth\n|-damage|p2a: almighty girth|1\/100\n|-unboost|p1a: elephant|def|1\n|-unboost|p1a: elephant|spd|1\n|move|p2a: almighty girth|Earthquake|p1a: elephant\n|-damage|p1a: elephant|0 fnt\n|faint|p1a: elephant\n|-end|p1a: elephant|Protosynthesis|[silent]\n|\n|-weather|Sandstorm|[upkeep]\n|-heal|p2a: almighty girth|8\/100|[from] item: Leftovers\n|upkeep\n|\n|t:|1700427891\n|switch|p1a: flying thingy|Landorus-Therian, M|40\/100\n|-damage|p1a: flying thingy|28\/100|[from] Stealth Rock\n|-ability|p1a: flying thingy|Intimidate|boost\n|-unboost|p2a: almighty girth|atk|1\n|turn|36\n|inactive|OverlyComplex has 120 seconds left.\n|\n|t:|1700427899\n|move|p1a: flying thingy|Earthquake|p2a: almighty girth\n|-damage|p2a: almighty girth|0 fnt\n|faint|p2a: almighty girth\n|\n|-weather|Sandstorm|[upkeep]\n|upkeep\n|\n|t:|1700427901\n|switch|p2a: rock|Garganacl, M, tera:Ghost|53\/100\n|turn|37\n|\n|t:|1700427905\n|move|p1a: flying thingy|Earthquake|p2a: rock\n|-damage|p2a: rock|26\/100\n|move|p2a: rock|Recover|p2a: rock\n|-heal|p2a: rock|76\/100\n|\n|-weather|none\n|upkeep\n|turn|38\n|\n|t:|1700427914\n|-terastallize|p1a: flying thingy|Ground\n|move|p1a: flying thingy|Earthquake|p2a: rock\n|-damage|p2a: rock|38\/100\n|move|p2a: rock|Salt Cure|p1a: flying thingy\n|-resisted|p1a: flying thingy\n|-damage|p1a: flying thingy|20\/100\n|-start|p1a: flying thingy|Salt Cure\n|\n|-damage|p1a: flying thingy|8\/100|[from] Salt Cure\n|upkeep\n|turn|39\n|\n|t:|1700427923\n|move|p1a: flying thingy|Earthquake|p2a: rock\n|-damage|p2a: rock|2\/100\n|move|p2a: rock|Recover|p2a: rock\n|-heal|p2a: rock|52\/100\n|\n|-damage|p1a: flying thingy|0 fnt|[from] Salt Cure\n|faint|p1a: flying thingy\n|upkeep\n|-message|OverlyComplex forfeited.\n|\n|win|P0UGH\n|raw|OverlyComplex's rating: 1325 &rarr; <strong>1303<\/strong><br \/>(-22 for losing)\n|raw|P0UGH's rating: 1287 &rarr; <strong>1315<\/strong><br \/>(+28 for winning)\n|l|\u2606OverlyComplex\n","uploadtime":1700427940,"views":10,"p1id":"overlycomplex","p2id":"p0ugh","formatid":"gen9nationaldex","rating":1303,"private":0,"password":""}