{"id":"gen9nationaldex-1995577852","p1":"Major_Decay","p2":"Remy savage","format":"[Gen 9] National Dex","log":"|html|<div class=\"broadcast-blue\"><strong>[Gen 9] National Dex is currently suspecting Sneasler! For information on how to participate check out the <a href=\"https:\/\/www.smogon.com\/forums\/threads\/sv-national-dex-suspect-8-just-dance.3731534\/\">suspect thread<\/a>.<\/strong><\/div>\n|j|\u2606Major_Decay\n|j|\u2606Remy savage\n|t:|1700584446\n|gametype|singles\n|player|p1|Major_Decay|266|1251\n|player|p2|Remy savage|iono|1207\n|teamsize|p1|6\n|teamsize|p2|6\n|gen|9\n|tier|[Gen 9] National Dex\n|rated|\n|rule|HP Percentage Mod: HP is shown in percentages\n|rule|Endless Battle Clause: Forcing endless battles is banned\n|rule|OHKO Clause: OHKO moves are banned\n|rule|Evasion Clause: Evasion abilities, items, and moves are banned\n|rule|Evasion Abilities Clause: Evasion abilities are banned\n|rule|Evasion Items Clause: Evasion items are banned\n|rule|Evasion Moves Clause: Evasion moves are banned\n|rule|Species Clause: Limit one of each Pok\u00e9mon\n|rule|Sleep Clause Mod: Limit one foe put to sleep\n|clearpoke\n|poke|p1|Ninetales-Alola, M|\n|poke|p1|Sandslash-Alola, F|\n|poke|p1|Great Tusk|\n|poke|p1|Serperior, M|\n|poke|p1|Toxtricity, F|\n|poke|p1|Sharpedo, M|\n|poke|p2|Aegislash, M|\n|poke|p2|Victini|\n|poke|p2|Zapdos|\n|poke|p2|Scrafty, M|\n|poke|p2|Swampert, M|\n|poke|p2|Ferrothorn, F|\n|teampreview\n|inactive|Battle timer is ON: inactive players will automatically lose when time's up. (requested by Major_Decay)\n|inactive|Remy savage also wants the timer to be on.\n|\n|t:|1700584459\n|start\n|switch|p1a: Sharpedo|Sharpedo, M|100\/100\n|switch|p2a: Ambulance #3|Ferrothorn, F|100\/100\n|turn|1\n|\n|t:|1700584470\n|switch|p1a: Serperior|Serperior, M|100\/100\n|move|p2a: Ambulance #3|Curse|p2a: Ambulance #3\n|-unboost|p2a: Ambulance #3|spe|1\n|-boost|p2a: Ambulance #3|atk|1\n|-boost|p2a: Ambulance #3|def|1\n|\n|upkeep\n|turn|2\n|\n|t:|1700584478\n|move|p1a: Serperior|Leaf Storm|p2a: Ambulance #3\n|-resisted|p2a: Ambulance #3\n|-damage|p2a: Ambulance #3|90\/100\n|-boost|p1a: Serperior|spa|2\n|move|p2a: Ambulance #3|Gyro Ball|p1a: Serperior\n|-damage|p1a: Serperior|4\/100\n|\n|-heal|p2a: Ambulance #3|97\/100|[from] item: Leftovers\n|upkeep\n|turn|3\n|\n|t:|1700584489\n|move|p1a: Serperior|Hidden Power|p2a: Ambulance #3\n|-supereffective|p2a: Ambulance #3\n|-damage|p2a: Ambulance #3|0 fnt\n|faint|p2a: Ambulance #3\n|\n|upkeep\n|\n|t:|1700584495\n|switch|p2a: Vengeance|Aegislash, M|100\/100\n|turn|4\n|\n|t:|1700584499\n|-formechange|p2a: Vengeance|Aegislash-Blade||[from] ability: Stance Change\n|move|p2a: Vengeance|Shadow Sneak|p1a: Serperior\n|-damage|p1a: Serperior|0 fnt\n|faint|p1a: Serperior\n|\n|upkeep\n|\n|t:|1700584503\n|switch|p1a: Sharpedo|Sharpedo, M|100\/100\n|turn|5\n|\n|t:|1700584509\n|switch|p2a: Drop A Draco|Zapdos|100\/100\n|move|p1a: Sharpedo|Protect||[still]\n|-fail|p1a: Sharpedo\n|\n|-ability|p1a: Sharpedo|Speed Boost|boost\n|-boost|p1a: Sharpedo|spe|1\n|upkeep\n|turn|6\n|\n|t:|1700584517\n|detailschange|p1a: Sharpedo|Sharpedo-Mega, M\n|-mega|p1a: Sharpedo|Sharpedo|Sharpedonite\n|move|p1a: Sharpedo|Crunch|p2a: Drop A Draco\n|-damage|p2a: Drop A Draco|15\/100\n|-unboost|p2a: Drop A Draco|def|1\n|-status|p1a: Sharpedo|par|[from] ability: Static|[of] p2a: Drop A Draco\n|move|p2a: Drop A Draco|Rain Dance|p2a: Drop A Draco\n|-weather|RainDance\n|\n|-weather|RainDance|[upkeep]\n|upkeep\n|turn|7\n|\n|t:|1700584529\n|switch|p1a: Great Tusk|Great Tusk|100\/100\n|move|p2a: Drop A Draco|Thunder|p1a: Great Tusk\n|-immune|p1a: Great Tusk\n|\n|-weather|RainDance|[upkeep]\n|upkeep\n|turn|8\n|\n|t:|1700584538\n|move|p2a: Drop A Draco|Hurricane|p1a: Great Tusk\n|-supereffective|p1a: Great Tusk\n|-damage|p1a: Great Tusk|0 fnt\n|faint|p1a: Great Tusk\n|-end|p1a: Great Tusk|Protosynthesis|[silent]\n|\n|-weather|RainDance|[upkeep]\n|upkeep\n|\n|t:|1700584544\n|switch|p1a: Ninetales|Ninetales-Alola, M, shiny|100\/100\n|-weather|Snow|[from] ability: Snow Warning|[of] p1a: Ninetales\n|turn|9\n|\n|t:|1700584549\n|move|p1a: Ninetales|Freeze-Dry|p2a: Drop A Draco\n|-supereffective|p2a: Drop A Draco\n|-damage|p2a: Drop A Draco|0 fnt\n|faint|p2a: Drop A Draco\n|\n|-weather|Snow|[upkeep]\n|upkeep\n|\n|t:|1700584557\n|switch|p2a: NUKE|Victini|100\/100\n|turn|10\n|\n|t:|1700584561\n|move|p1a: Ninetales|Aurora Veil|p1a: Ninetales\n|-sidestart|p1: Major_Decay|move: Aurora Veil\n|move|p2a: NUKE|Blaze Kick|p1a: Ninetales\n|-supereffective|p1a: Ninetales\n|-crit|p1a: Ninetales\n|-damage|p1a: Ninetales|0 fnt\n|faint|p1a: Ninetales\n|\n|-weather|Snow|[upkeep]\n|upkeep\n|\n|t:|1700584564\n|switch|p1a: Sharpedo|Sharpedo-Mega, M|100\/100 par\n|turn|11\n|\n|t:|1700584573\n|-terastallize|p2a: NUKE|Electric\n|move|p2a: NUKE|Bolt Strike|p1a: Sharpedo\n|-supereffective|p1a: Sharpedo\n|-crit|p1a: Sharpedo\n|-damage|p1a: Sharpedo|0 fnt\n|faint|p1a: Sharpedo\n|\n|-weather|Snow|[upkeep]\n|upkeep\n|\n|t:|1700584583\n|switch|p1a: Sandslash|Sandslash-Alola, F|100\/100\n|turn|12\n|\n|t:|1700584586\n|move|p1a: Sandslash|Earthquake|p2a: NUKE\n|-supereffective|p2a: NUKE\n|-damage|p2a: NUKE|34\/100\n|move|p2a: NUKE|Blaze Kick|p1a: Sandslash\n|-supereffective|p1a: Sandslash\n|-crit|p1a: Sandslash\n|-enditem|p1a: Sandslash|Focus Sash\n|-damage|p1a: Sandslash|1\/100\n|\n|-weather|Snow|[upkeep]\n|upkeep\n|turn|13\n|\n|t:|1700584597\n|switch|p2a: Pure Bulk|Swampert, M|100\/100\n|move|p1a: Sandslash|Earthquake|p2a: Pure Bulk\n|-damage|p2a: Pure Bulk|69\/100\n|\n|-weather|Snow|[upkeep]\n|upkeep\n|turn|14\n|\n|t:|1700584609\n|detailschange|p2a: Pure Bulk|Swampert-Mega, M\n|-mega|p2a: Pure Bulk|Swampert|Swampertite\n|move|p1a: Sandslash|Earthquake|p2a: Pure Bulk\n|-damage|p2a: Pure Bulk|46\/100\n|move|p2a: Pure Bulk|Earthquake|p1a: Sandslash\n|-supereffective|p1a: Sandslash\n|-damage|p1a: Sandslash|0 fnt\n|faint|p1a: Sandslash\n|\n|-weather|Snow|[upkeep]\n|-sideend|p1: Major_Decay|move: Aurora Veil\n|upkeep\n|\n|t:|1700584612\n|switch|p1a: Toxtricity|Toxtricity, F|100\/100\n|turn|15\n|\n|t:|1700584623\n|move|p1a: Toxtricity|Boomburst|p2a: Pure Bulk\n|-damage|p2a: Pure Bulk|0 fnt\n|faint|p2a: Pure Bulk\n|\n|-weather|Snow|[upkeep]\n|upkeep\n|\n|t:|1700584630\n|switch|p2a: NUKE|Victini, tera:Electric|34\/100\n|turn|16\n|\n|t:|1700584633\n|move|p2a: NUKE|Zen Headbutt|p1a: Toxtricity\n|-supereffective|p1a: Toxtricity\n|-damage|p1a: Toxtricity|0 fnt\n|faint|p1a: Toxtricity\n|\n|win|Remy savage\n|raw|Major_Decay's rating: 1251 &rarr; <strong>1223<\/strong><br \/>(-28 for losing)\n|raw|Remy savage's rating: 1207 &rarr; <strong>1235<\/strong><br \/>(+28 for winning)\n|l|\u2606Major_Decay\n","uploadtime":1700584658,"views":1,"p1id":"majordecay","p2id":"remysavage","formatid":"gen9nationaldex","rating":1223,"private":0,"password":""}