{"id":"gen9nationaldex-1987614937","p1":"DivineFailure","p2":"zhezhi666","format":"[Gen 9] National Dex","log":"|j|\u2606DivineFailure\n|j|\u2606zhezhi666\n|t:|1699619845\n|gametype|singles\n|player|p1|DivineFailure|265|1165\n|player|p2|zhezhi666|elesa-masters|1252\n|teamsize|p1|6\n|teamsize|p2|6\n|gen|9\n|tier|[Gen 9] National Dex\n|rated|\n|rule|HP Percentage Mod: HP is shown in percentages\n|rule|Endless Battle Clause: Forcing endless battles is banned\n|rule|OHKO Clause: OHKO moves are banned\n|rule|Evasion Clause: Evasion abilities, items, and moves are banned\n|rule|Evasion Abilities Clause: Evasion abilities are banned\n|rule|Evasion Items Clause: Evasion items are banned\n|rule|Evasion Moves Clause: Evasion moves are banned\n|rule|Species Clause: Limit one of each Pok\u00e9mon\n|rule|Sleep Clause Mod: Limit one foe put to sleep\n|clearpoke\n|poke|p1|Klefki, M|\n|poke|p1|Thundurus, M|\n|poke|p1|Victini|\n|poke|p1|Serperior, M|\n|poke|p1|Ogerpon-Wellspring, F|\n|poke|p1|Landorus-Therian, M|\n|poke|p2|Pelipper, F|\n|poke|p2|Barraskewda, F|\n|poke|p2|Swampert, M|\n|poke|p2|Kingdra, F|\n|poke|p2|Zapdos|\n|poke|p2|Ferrothorn, F|\n|teampreview\n|\n|t:|1699619854\n|start\n|switch|p1a: Serperior|Serperior, M|100\/100\n|switch|p2a: Zapdos|Zapdos|100\/100\n|turn|1\n|\n|t:|1699619859\n|move|p1a: Serperior|Substitute|p1a: Serperior\n|-start|p1a: Serperior|Substitute\n|-damage|p1a: Serperior|76\/100\n|move|p2a: Zapdos|Hurricane|p1a: Serperior\n|-supereffective|p1a: Serperior\n|-end|p1a: Serperior|Substitute\n|\n|-heal|p1a: Serperior|82\/100|[from] item: Leftovers\n|upkeep\n|turn|2\n|\n|t:|1699619865\n|move|p1a: Serperior|Substitute|p1a: Serperior\n|-start|p1a: Serperior|Substitute\n|-damage|p1a: Serperior|57\/100\n|move|p2a: Zapdos|Hurricane|p1a: Serperior|[miss]\n|-miss|p2a: Zapdos|p1a: Serperior\n|\n|-heal|p1a: Serperior|63\/100|[from] item: Leftovers\n|upkeep\n|turn|3\n|\n|t:|1699619870\n|move|p1a: Serperior|Leaf Storm|p2a: Zapdos\n|-resisted|p2a: Zapdos\n|-damage|p2a: Zapdos|72\/100\n|-boost|p1a: Serperior|spa|2\n|move|p2a: Zapdos|Hurricane|p1a: Serperior\n|-supereffective|p1a: Serperior\n|-end|p1a: Serperior|Substitute\n|\n|-heal|p1a: Serperior|70\/100|[from] item: Leftovers\n|upkeep\n|turn|4\n|\n|t:|1699619878\n|move|p1a: Serperior|Substitute|p1a: Serperior\n|-start|p1a: Serperior|Substitute\n|-damage|p1a: Serperior|45\/100\n|move|p2a: Zapdos|Hurricane|p1a: Serperior|[miss]\n|-miss|p2a: Zapdos|p1a: Serperior\n|\n|-heal|p1a: Serperior|51\/100|[from] item: Leftovers\n|upkeep\n|turn|5\n|\n|t:|1699619881\n|move|p1a: Serperior|Leaf Storm|p2a: Zapdos\n|-resisted|p2a: Zapdos\n|-damage|p2a: Zapdos|23\/100\n|-boost|p1a: Serperior|spa|2\n|move|p2a: Zapdos|Hurricane|p1a: Serperior|[miss]\n|-miss|p2a: Zapdos|p1a: Serperior\n|\n|-heal|p1a: Serperior|57\/100|[from] item: Leftovers\n|upkeep\n|turn|6\n|\n|t:|1699619885\n|move|p1a: Serperior|Hidden Power|p2a: Zapdos\n|-damage|p2a: Zapdos|0 fnt\n|faint|p2a: Zapdos\n|\n|-heal|p1a: Serperior|63\/100|[from] item: Leftovers\n|upkeep\n|\n|t:|1699619893\n|switch|p2a: Pelipper|Pelipper, F|100\/100\n|-weather|RainDance|[from] ability: Drizzle|[of] p2a: Pelipper\n|turn|7\n|\n|t:|1699619896\n|move|p1a: Serperior|Leaf Storm|p2a: Pelipper\n|-damage|p2a: Pelipper|0 fnt\n|-boost|p1a: Serperior|spa|2\n|faint|p2a: Pelipper\n|\n|-weather|RainDance|[upkeep]\n|-heal|p1a: Serperior|70\/100|[from] item: Leftovers\n|upkeep\n|\n|t:|1699619900\n|switch|p2a: Barraskewda|Barraskewda, F|100\/100\n|turn|8\n|\n|t:|1699619904\n|move|p2a: Barraskewda|Flip Turn|p1a: Serperior\n|-resisted|p1a: Serperior\n|-end|p1a: Serperior|Substitute\n|\n|t:|1699619908\n|switch|p2a: Ferrothorn|Ferrothorn, F|100\/100|[from] Flip Turn\n|move|p1a: Serperior|Leaf Storm|p2a: Ferrothorn\n|-resisted|p2a: Ferrothorn\n|-damage|p2a: Ferrothorn|69\/100\n|\n|-weather|RainDance|[upkeep]\n|-heal|p1a: Serperior|76\/100|[from] item: Leftovers\n|-heal|p2a: Ferrothorn|75\/100|[from] item: Leftovers\n|upkeep\n|turn|9\n|\n|t:|1699619916\n|switch|p2a: Kingdra|Kingdra, F|100\/100\n|move|p1a: Serperior|Substitute|p1a: Serperior\n|-start|p1a: Serperior|Substitute\n|-damage|p1a: Serperior|51\/100\n|\n|-weather|RainDance|[upkeep]\n|-heal|p1a: Serperior|57\/100|[from] item: Leftovers\n|upkeep\n|turn|10\n|\n|t:|1699619922\n|move|p2a: Kingdra|Ice Beam|p1a: Serperior\n|-supereffective|p1a: Serperior\n|-end|p1a: Serperior|Substitute\n|move|p1a: Serperior|Glare|p2a: Kingdra\n|-status|p2a: Kingdra|par\n|\n|-weather|RainDance|[upkeep]\n|-heal|p1a: Serperior|63\/100|[from] item: Leftovers\n|upkeep\n|turn|11\n|\n|t:|1699619925\n|move|p1a: Serperior|Substitute|p1a: Serperior\n|-start|p1a: Serperior|Substitute\n|-damage|p1a: Serperior|39\/100\n|move|p2a: Kingdra|Ice Beam|p1a: Serperior\n|-supereffective|p1a: Serperior\n|-end|p1a: Serperior|Substitute\n|\n|-weather|RainDance|[upkeep]\n|-heal|p1a: Serperior|45\/100|[from] item: Leftovers\n|upkeep\n|turn|12\n|\n|t:|1699619930\n|move|p1a: Serperior|Substitute|p1a: Serperior\n|-start|p1a: Serperior|Substitute\n|-damage|p1a: Serperior|20\/100\n|move|p2a: Kingdra|Ice Beam|p1a: Serperior\n|-supereffective|p1a: Serperior\n|-end|p1a: Serperior|Substitute\n|\n|-weather|RainDance|[upkeep]\n|-heal|p1a: Serperior|26\/100|[from] item: Leftovers\n|upkeep\n|turn|13\n|\n|t:|1699619934\n|move|p1a: Serperior|Substitute|p1a: Serperior\n|-start|p1a: Serperior|Substitute\n|-damage|p1a: Serperior|2\/100\n|cant|p2a: Kingdra|par\n|\n|-weather|RainDance|[upkeep]\n|-heal|p1a: Serperior|8\/100|[from] item: Leftovers\n|upkeep\n|turn|14\n|\n|t:|1699619938\n|move|p1a: Serperior|Leaf Storm|p2a: Kingdra|[miss]\n|-miss|p1a: Serperior|p2a: Kingdra\n|cant|p2a: Kingdra|par\n|\n|-weather|none\n|-heal|p1a: Serperior|14\/100|[from] item: Leftovers\n|upkeep\n|turn|15\n|\n|t:|1699619944\n|move|p1a: Serperior|Leaf Storm|p2a: Kingdra\n|-damage|p2a: Kingdra|0 fnt\n|faint|p2a: Kingdra\n|\n|-heal|p1a: Serperior|20\/100|[from] item: Leftovers\n|upkeep\n|\n|t:|1699619949\n|switch|p2a: Barraskewda|Barraskewda, F|100\/100\n|turn|16\n|-message|zhezhi666 forfeited.\n|\n|win|DivineFailure\n|raw|DivineFailure's rating: 1165 &rarr; <strong>1196<\/strong><br \/>(+31 for winning)\n|raw|zhezhi666's rating: 1252 &rarr; <strong>1221<\/strong><br \/>(-31 for losing)\n|l|\u2606zhezhi666\n","uploadtime":1699619958,"views":5,"p1id":"divinefailure","p2id":"zhezhi666","formatid":"gen9nationaldex","rating":1196,"private":0,"password":""}