{"id":"gen9nationaldex-1988766449","p1":"jkljlkh","p2":"Leocrack57","format":"[Gen 9] National Dex","log":"|j|\u2606jkljlkh\n|j|\u2606Leocrack57\n|t:|1699760396\n|gametype|singles\n|player|p1|jkljlkh|169|1586\n|player|p2|Leocrack57|hilbert|1559\n|teamsize|p1|6\n|teamsize|p2|6\n|gen|9\n|tier|[Gen 9] National Dex\n|rated|\n|rule|HP Percentage Mod: HP is shown in percentages\n|rule|Endless Battle Clause: Forcing endless battles is banned\n|rule|OHKO Clause: OHKO moves are banned\n|rule|Evasion Clause: Evasion abilities, items, and moves are banned\n|rule|Evasion Abilities Clause: Evasion abilities are banned\n|rule|Evasion Items Clause: Evasion items are banned\n|rule|Evasion Moves Clause: Evasion moves are banned\n|rule|Species Clause: Limit one of each Pok\u00e9mon\n|rule|Sleep Clause Mod: Limit one foe put to sleep\n|clearpoke\n|poke|p1|Toxapex, F|\n|poke|p1|Dondozo, F|\n|poke|p1|Gliscor, F|\n|poke|p1|Blissey, F|\n|poke|p1|Corviknight, F|\n|poke|p1|Tyranitar, F|\n|poke|p2|Torkoal, M|\n|poke|p2|Ceruledge, M|\n|poke|p2|Sandy Shocks|\n|poke|p2|Venusaur, M|\n|poke|p2|Great Tusk|\n|poke|p2|Pinsir, M|\n|teampreview\n|\n|t:|1699760412\n|start\n|switch|p1a: Toxapex|Toxapex, F|100\/100\n|switch|p2a: Drake|Pinsir, M|100\/100\n|turn|1\n|inactive|Battle timer is ON: inactive players will automatically lose when time's up. (requested by Leocrack57)\n|\n|t:|1699760421\n|detailschange|p2a: Drake|Pinsir-Mega, M\n|-mega|p2a: Drake|Pinsir|Pinsirite\n|move|p2a: Drake|Swords Dance|p2a: Drake\n|-boost|p2a: Drake|atk|2\n|move|p1a: Toxapex|Toxic|p2a: Drake\n|-status|p2a: Drake|tox\n|\n|-damage|p2a: Drake|95\/100 tox|[from] psn\n|upkeep\n|turn|2\n|\n|t:|1699760427\n|move|p1a: Toxapex|Baneful Bunker|p1a: Toxapex\n|-singleturn|p1a: Toxapex|move: Protect\n|move|p2a: Drake|Return|p1a: Toxapex\n|-activate|p1a: Toxapex|move: Protect\n|\n|-damage|p2a: Drake|83\/100 tox|[from] psn\n|upkeep\n|turn|3\n|\n|t:|1699760435\n|switch|p1a: Dondozo|Dondozo, F|100\/100\n|move|p2a: Drake|Return|p1a: Dondozo\n|-damage|p1a: Dondozo|65\/100\n|\n|-heal|p1a: Dondozo|71\/100|[from] item: Leftovers\n|-damage|p2a: Drake|65\/100 tox|[from] psn\n|upkeep\n|turn|4\n|\n|t:|1699760441\n|switch|p2a: Tanquesito|Torkoal, M|100\/100\n|-weather|SunnyDay|[from] ability: Drought|[of] p2a: Tanquesito\n|move|p1a: Dondozo|Body Press|p2a: Tanquesito\n|-damage|p2a: Tanquesito|84\/100\n|\n|-weather|SunnyDay|[upkeep]\n|-heal|p1a: Dondozo|77\/100|[from] item: Leftovers\n|upkeep\n|turn|5\n|\n|t:|1699760450\n|switch|p1a: Tyranitar|Tyranitar, F|100\/100\n|-weather|Sandstorm|[from] ability: Sand Stream|[of] p1a: Tyranitar\n|move|p2a: Tanquesito|Stealth Rock|p1a: Tyranitar\n|-sidestart|p1: jkljlkh|move: Stealth Rock\n|\n|-weather|Sandstorm|[upkeep]\n|-damage|p2a: Tanquesito|78\/100|[from] Sandstorm\n|upkeep\n|turn|6\n|\n|t:|1699760458\n|detailschange|p1a: Tyranitar|Tyranitar-Mega, F\n|-mega|p1a: Tyranitar|Tyranitar|Tyranitarite\n|move|p1a: Tyranitar|Knock Off|p2a: Tanquesito\n|-damage|p2a: Tanquesito|44\/100\n|-enditem|p2a: Tanquesito|Heat Rock|[from] move: Knock Off|[of] p1a: Tyranitar\n|move|p2a: Tanquesito|Body Press|p1a: Tyranitar\n|-supereffective|p1a: Tyranitar\n|-damage|p1a: Tyranitar|35\/100\n|\n|-weather|Sandstorm|[upkeep]\n|-damage|p2a: Tanquesito|38\/100|[from] Sandstorm\n|upkeep\n|turn|7\n|\n|t:|1699760471\n|switch|p1a: Corviknight|Corviknight, F|100\/100\n|-damage|p1a: Corviknight|88\/100|[from] Stealth Rock\n|-ability|p1a: Corviknight|Pressure\n|switch|p2a: Drake|Pinsir-Mega, M|65\/100 tox\n|\n|-weather|Sandstorm|[upkeep]\n|-damage|p2a: Drake|59\/100 tox|[from] Sandstorm\n|-heal|p1a: Corviknight|94\/100|[from] item: Leftovers\n|-damage|p2a: Drake|53\/100 tox|[from] psn\n|upkeep\n|turn|8\n|\n|t:|1699760478\n|switch|p2a: Tanquesito|Torkoal, M|38\/100\n|-weather|SunnyDay|[from] ability: Drought|[of] p2a: Tanquesito\n|move|p1a: Corviknight|Defog|p2a: Tanquesito\n|-unboost|p2a: Tanquesito|evasion|1\n|-sideend|p1: jkljlkh|Stealth Rock|[from] move: Defog|[of] p1a: Corviknight\n|\n|-weather|SunnyDay|[upkeep]\n|-heal|p1a: Corviknight|100\/100|[from] item: Leftovers\n|upkeep\n|turn|9\n|\n|t:|1699760485\n|switch|p1a: Tyranitar|Tyranitar-Mega, F|35\/100\n|-weather|Sandstorm|[from] ability: Sand Stream|[of] p1a: Tyranitar\n|move|p2a: Tanquesito|Body Press|p1a: Tyranitar\n|-supereffective|p1a: Tyranitar\n|-damage|p1a: Tyranitar|0 fnt\n|faint|p1a: Tyranitar\n|\n|-weather|Sandstorm|[upkeep]\n|-damage|p2a: Tanquesito|32\/100|[from] Sandstorm\n|upkeep\n|\n|t:|1699760489\n|switch|p1a: Gliscor|Gliscor, F|100\/100\n|turn|10\n|\n|t:|1699760497\n|switch|p2a: Drake|Pinsir-Mega, M|53\/100 tox\n|move|p1a: Gliscor|Spikes|p2a: Drake\n|-sidestart|p2: Leocrack57|Spikes\n|\n|-weather|Sandstorm|[upkeep]\n|-damage|p2a: Drake|47\/100 tox|[from] Sandstorm\n|-damage|p2a: Drake|41\/100 tox|[from] psn\n|-status|p1a: Gliscor|tox|[from] item: Toxic Orb\n|upkeep\n|turn|11\n|\n|t:|1699760505\n|move|p2a: Drake|Swords Dance|p2a: Drake\n|-boost|p2a: Drake|atk|2\n|move|p1a: Gliscor|Spikes|p2a: Drake\n|-sidestart|p2: Leocrack57|Spikes\n|\n|-weather|Sandstorm|[upkeep]\n|-damage|p2a: Drake|36\/100 tox|[from] Sandstorm\n|-damage|p2a: Drake|24\/100 tox|[from] psn\n|upkeep\n|turn|12\n|\n|t:|1699760512\n|move|p1a: Gliscor|Protect|p1a: Gliscor\n|-singleturn|p1a: Gliscor|Protect\n|move|p2a: Drake|Return|p1a: Gliscor\n|-activate|p1a: Gliscor|move: Protect\n|\n|-weather|Sandstorm|[upkeep]\n|-damage|p2a: Drake|18\/100 tox|[from] Sandstorm\n|-damage|p2a: Drake|0 fnt|[from] psn\n|faint|p2a: Drake\n|upkeep\n|\n|t:|1699760517\n|switch|p2a: Tanquesito|Torkoal, M|32\/100\n|-damage|p2a: Tanquesito|15\/100|[from] Spikes\n|-weather|SunnyDay|[from] ability: Drought|[of] p2a: Tanquesito\n|turn|13\n|\n|t:|1699760520\n|move|p1a: Gliscor|Earthquake|p2a: Tanquesito\n|-supereffective|p2a: Tanquesito\n|-damage|p2a: Tanquesito|0 fnt\n|faint|p2a: Tanquesito\n|\n|-weather|SunnyDay|[upkeep]\n|upkeep\n|\n|t:|1699760523\n|switch|p2a: Torrenzo|Great Tusk|100\/100\n|-damage|p2a: Torrenzo|84\/100|[from] Spikes\n|-activate|p2a: Torrenzo|ability: Protosynthesis\n|-start|p2a: Torrenzo|protosynthesisatk\n|turn|14\n|\n|t:|1699760525\n|move|p1a: Gliscor|Protect|p1a: Gliscor\n|-singleturn|p1a: Gliscor|Protect\n|move|p2a: Torrenzo|Ice Spinner|p1a: Gliscor\n|-activate|p1a: Gliscor|move: Protect\n|\n|-weather|SunnyDay|[upkeep]\n|upkeep\n|turn|15\n|\n|t:|1699760527\n|switch|p1a: Dondozo|Dondozo, F|77\/100\n|move|p2a: Torrenzo|Rapid Spin|p1a: Dondozo\n|-damage|p1a: Dondozo|66\/100\n|-boost|p2a: Torrenzo|spe|1\n|-sideend|p2: Leocrack57|Spikes|[from] move: Rapid Spin|[of] p2a: Torrenzo\n|\n|-weather|SunnyDay|[upkeep]\n|-heal|p1a: Dondozo|72\/100|[from] item: Leftovers\n|upkeep\n|turn|16\n|\n|t:|1699760533\n|-end|p2a: Torrenzo|Protosynthesis|[silent]\n|switch|p2a: Gre\u00f1udo|Venusaur, M|100\/100\n|move|p1a: Dondozo|Curse|p1a: Dondozo\n|-unboost|p1a: Dondozo|spe|1\n|-boost|p1a: Dondozo|atk|1\n|-boost|p1a: Dondozo|def|1\n|\n|-weather|SunnyDay|[upkeep]\n|-heal|p1a: Dondozo|78\/100|[from] item: Leftovers\n|upkeep\n|turn|17\n|\n|t:|1699760538\n|switch|p1a: Blissey|Blissey, F|100\/100\n|move|p2a: Gre\u00f1udo|Solar Beam||[still]\n|-prepare|p2a: Gre\u00f1udo|Solar Beam\n|-anim|p2a: Gre\u00f1udo|Solar Beam|p1a: Blissey\n|-damage|p1a: Blissey|78\/100\n|-damage|p2a: Gre\u00f1udo|91\/100|[from] item: Life Orb\n|\n|-weather|none\n|upkeep\n|turn|18\n|\n|t:|1699760550\n|switch|p2a: Torrenzo|Great Tusk|84\/100\n|move|p1a: Blissey|Seismic Toss|p2a: Torrenzo\n|-damage|p2a: Torrenzo|57\/100\n|\n|upkeep\n|turn|19\n|\n|t:|1699760562\n|switch|p1a: Dondozo|Dondozo, F|78\/100\n|move|p2a: Torrenzo|Ice Spinner|p1a: Dondozo\n|-resisted|p1a: Dondozo\n|-damage|p1a: Dondozo|71\/100\n|\n|-heal|p1a: Dondozo|77\/100|[from] item: Leftovers\n|upkeep\n|turn|20\n|inactive|Leocrack57 has 120 seconds left.\n|\n|t:|1699760598\n|-end|p2a: Torrenzo|Protosynthesis|[silent]\n|switch|p2a: Gre\u00f1udo|Venusaur, M|91\/100\n|move|p1a: Dondozo|Body Press|p2a: Gre\u00f1udo\n|-resisted|p2a: Gre\u00f1udo\n|-damage|p2a: Gre\u00f1udo|73\/100\n|\n|-heal|p1a: Dondozo|83\/100|[from] item: Leftovers\n|upkeep\n|turn|21\n|inactive|Leocrack57 has 120 seconds left.\n|\n|t:|1699760607\n|switch|p1a: Blissey|Blissey, F|78\/100\n|move|p2a: Gre\u00f1udo|Sludge Bomb|p1a: Blissey\n|-damage|p1a: Blissey|62\/100\n|-status|p1a: Blissey|psn\n|-damage|p2a: Gre\u00f1udo|64\/100|[from] item: Life Orb\n|\n|-damage|p1a: Blissey|49\/100 psn|[from] psn\n|upkeep\n|turn|22\n|\n|t:|1699760613\n|switch|p2a: Carlengues|Ceruledge, M|100\/100\n|move|p1a: Blissey|Soft-Boiled|p1a: Blissey\n|-heal|p1a: Blissey|99\/100 psn\n|\n|-damage|p1a: Blissey|87\/100 psn|[from] psn\n|upkeep\n|turn|23\n|\n|t:|1699760617\n|-curestatus|p1a: Blissey|psn|[from] ability: Natural Cure\n|switch|p1a: Toxapex|Toxapex, F|100\/100\n|move|p2a: Carlengues|Swords Dance|p2a: Carlengues\n|-boost|p2a: Carlengues|atk|2\n|\n|upkeep\n|turn|24\n|\n|t:|1699760624\n|move|p2a: Carlengues|Bitter Blade|p1a: Toxapex\n|-resisted|p1a: Toxapex\n|-crit|p1a: Toxapex\n|-damage|p1a: Toxapex|52\/100\n|move|p1a: Toxapex|Toxic|p2a: Carlengues\n|-status|p2a: Carlengues|tox\n|\n|-damage|p2a: Carlengues|94\/100 tox|[from] psn\n|upkeep\n|turn|25\n|\n|t:|1699760630\n|move|p1a: Toxapex|Baneful Bunker|p1a: Toxapex\n|-singleturn|p1a: Toxapex|move: Protect\n|move|p2a: Carlengues|Bitter Blade|p1a: Toxapex\n|-activate|p1a: Toxapex|move: Protect\n|\n|-damage|p2a: Carlengues|82\/100 tox|[from] psn\n|upkeep\n|turn|26\n|\n|t:|1699760641\n|switch|p1a: Dondozo|Dondozo, F|83\/100\n|move|p2a: Carlengues|Bitter Blade|p1a: Dondozo\n|-resisted|p1a: Dondozo\n|-damage|p1a: Dondozo|73\/100\n|-heal|p2a: Carlengues|91\/100 tox|[from] drain|[of] p1a: Dondozo\n|\n|-heal|p1a: Dondozo|79\/100|[from] item: Leftovers\n|-damage|p2a: Carlengues|73\/100 tox|[from] psn\n|upkeep\n|turn|27\n|\n|t:|1699760650\n|-terastallize|p2a: Carlengues|Grass\n|move|p2a: Carlengues|Tera Blast|p1a: Dondozo|[anim] Tera Blast Grass\n|-supereffective|p1a: Dondozo\n|-damage|p1a: Dondozo|37\/100\n|move|p1a: Dondozo|Curse|p1a: Dondozo\n|-unboost|p1a: Dondozo|spe|1\n|-boost|p1a: Dondozo|atk|1\n|-boost|p1a: Dondozo|def|1\n|\n|-heal|p1a: Dondozo|43\/100|[from] item: Leftovers\n|-damage|p2a: Carlengues|48\/100 tox|[from] psn\n|upkeep\n|turn|28\n|\n|t:|1699760661\n|move|p2a: Carlengues|Tera Blast|p1a: Dondozo|[anim] Tera Blast Grass\n|-supereffective|p1a: Dondozo\n|-damage|p1a: Dondozo|19\/100\n|move|p1a: Dondozo|Rest|p1a: Dondozo\n|-status|p1a: Dondozo|slp|[from] move: Rest\n|-heal|p1a: Dondozo|100\/100 slp|[silent]\n|\n|-damage|p2a: Carlengues|17\/100 tox|[from] psn\n|upkeep\n|turn|29\n|\n|t:|1699760666\n|switch|p2a: Rockapelo|Sandy Shocks|100\/100\n|cant|p1a: Dondozo|slp\n|move|p1a: Dondozo|Sleep Talk|p1a: Dondozo\n|move|p1a: Dondozo|Rest||[from]move: Sleep Talk|[still]\n|-fail|p1a: Dondozo\n|\n|upkeep\n|turn|30\n|\n|t:|1699760678\n|-end|p2a: Rockapelo|Protosynthesis|[silent]\n|switch|p2a: Torrenzo|Great Tusk|57\/100\n|switch|p1a: Gliscor|Gliscor, F|100\/100 tox\n|\n|upkeep\n|turn|31\n|\n|t:|1699760684\n|move|p1a: Gliscor|Toxic|p2a: Torrenzo\n|-status|p2a: Torrenzo|tox\n|move|p2a: Torrenzo|Ice Spinner|p1a: Gliscor\n|-supereffective|p1a: Gliscor\n|-crit|p1a: Gliscor\n|-damage|p1a: Gliscor|0 fnt\n|faint|p1a: Gliscor\n|\n|-damage|p2a: Torrenzo|51\/100 tox|[from] psn\n|upkeep\n|\n|t:|1699760686\n|switch|p1a: Dondozo|Dondozo, F|100\/100 slp\n|turn|32\n|inactive|Leocrack57 has 120 seconds left.\n|\n|t:|1699760723\n|-end|p2a: Torrenzo|Protosynthesis|[silent]\n|switch|p2a: Rockapelo|Sandy Shocks|100\/100\n|cant|p1a: Dondozo|slp\n|move|p1a: Dondozo|Sleep Talk|p1a: Dondozo\n|move|p1a: Dondozo|Rest||[from]move: Sleep Talk|[still]\n|-fail|p1a: Dondozo\n|\n|upkeep\n|turn|33\n|inactive|Leocrack57 has 120 seconds left.\n|\n|t:|1699760733\n|switch|p1a: Blissey|Blissey, F|87\/100\n|move|p2a: Rockapelo|Volt Switch|p1a: Blissey\n|-damage|p1a: Blissey|76\/100\n|inactive|Leocrack57 has 120 seconds left.\n|\n|t:|1699760750\n|-end|p2a: Rockapelo|Protosynthesis|[silent]\n|switch|p2a: Carlengues|Ceruledge, M, tera:Grass|17\/100 tox|[from] Volt Switch\n|\n|-damage|p2a: Carlengues|11\/100 tox|[from] psn\n|upkeep\n|turn|34\n|\n|t:|1699760761\n|switch|p1a: Toxapex|Toxapex, F|85\/100\n|move|p2a: Carlengues|Tera Blast|p1a: Toxapex|[anim] Tera Blast Grass\n|-damage|p1a: Toxapex|57\/100\n|\n|-damage|p2a: Carlengues|0 fnt|[from] psn\n|faint|p2a: Carlengues\n|upkeep\n|\n|t:|1699760773\n|switch|p2a: Rockapelo|Sandy Shocks|100\/100\n|turn|35\n|\n|t:|1699760777\n|switch|p1a: Blissey|Blissey, F|76\/100\n|move|p2a: Rockapelo|Volt Switch|p1a: Blissey\n|-damage|p1a: Blissey|64\/100\n|\n|t:|1699760782\n|-end|p2a: Rockapelo|Protosynthesis|[silent]\n|switch|p2a: Torrenzo|Great Tusk|51\/100 tox|[from] Volt Switch\n|\n|-damage|p2a: Torrenzo|45\/100 tox|[from] psn\n|upkeep\n|turn|36\n|\n|t:|1699760789\n|switch|p1a: Dondozo|Dondozo, F|100\/100 slp\n|move|p2a: Torrenzo|Earthquake|p1a: Dondozo\n|-damage|p1a: Dondozo|74\/100 slp\n|\n|-heal|p1a: Dondozo|80\/100 slp|[from] item: Leftovers\n|-damage|p2a: Torrenzo|32\/100 tox|[from] psn\n|upkeep\n|turn|37\n|\n|t:|1699760799\n|-end|p2a: Torrenzo|Protosynthesis|[silent]\n|switch|p2a: Gre\u00f1udo|Venusaur, M|64\/100\n|-curestatus|p1a: Dondozo|slp|[msg]\n|move|p1a: Dondozo|Body Press|p2a: Gre\u00f1udo\n|-resisted|p2a: Gre\u00f1udo\n|-damage|p2a: Gre\u00f1udo|46\/100\n|\n|-heal|p1a: Dondozo|86\/100|[from] item: Leftovers\n|upkeep\n|turn|38\n|\n|t:|1699760808\n|switch|p1a: Corviknight|Corviknight, F|100\/100\n|-ability|p1a: Corviknight|Pressure\n|move|p2a: Gre\u00f1udo|Solar Beam||[still]\n|-prepare|p2a: Gre\u00f1udo|Solar Beam\n|\n|upkeep\n|turn|39\n|\n|t:|1699760811\n|move|p2a: Gre\u00f1udo|Solar Beam|p1a: Corviknight|[from]lockedmove\n|-resisted|p1a: Corviknight\n|-damage|p1a: Corviknight|88\/100\n|-damage|p2a: Gre\u00f1udo|36\/100|[from] item: Life Orb\n|move|p1a: Corviknight|Iron Head|p2a: Gre\u00f1udo\n|-damage|p2a: Gre\u00f1udo|4\/100\n|\n|-heal|p1a: Corviknight|94\/100|[from] item: Leftovers\n|upkeep\n|turn|40\n|\n|t:|1699760823\n|move|p2a: Gre\u00f1udo|Sludge Bomb|p1a: Corviknight\n|-immune|p1a: Corviknight\n|move|p1a: Corviknight|Iron Head|p2a: Gre\u00f1udo\n|-damage|p2a: Gre\u00f1udo|0 fnt\n|faint|p2a: Gre\u00f1udo\n|\n|-heal|p1a: Corviknight|100\/100|[from] item: Leftovers\n|upkeep\n|\n|t:|1699760826\n|switch|p2a: Rockapelo|Sandy Shocks|100\/100\n|turn|41\n|\n|t:|1699760830\n|move|p1a: Corviknight|Protect|p1a: Corviknight\n|-singleturn|p1a: Corviknight|Protect\n|move|p2a: Rockapelo|Volt Switch|p1a: Corviknight\n|-activate|p1a: Corviknight|move: Protect\n|\n|upkeep\n|turn|42\n|\n|t:|1699760835\n|-end|p2a: Rockapelo|Protosynthesis|[silent]\n|switch|p2a: Torrenzo|Great Tusk|32\/100 tox\n|move|p1a: Corviknight|Roost||[still]\n|-fail|p1a: Corviknight|heal\n|\n|-damage|p2a: Torrenzo|26\/100 tox|[from] psn\n|upkeep\n|turn|43\n|\n|t:|1699760840\n|-end|p2a: Torrenzo|Protosynthesis|[silent]\n|switch|p2a: Rockapelo|Sandy Shocks|100\/100\n|move|p1a: Corviknight|Iron Head|p2a: Rockapelo\n|-resisted|p2a: Rockapelo\n|-damage|p2a: Rockapelo|86\/100\n|\n|upkeep\n|turn|44\n|\n|t:|1699760845\n|move|p1a: Corviknight|Protect|p1a: Corviknight\n|-singleturn|p1a: Corviknight|Protect\n|move|p2a: Rockapelo|Thunderbolt|p1a: Corviknight\n|-activate|p1a: Corviknight|move: Protect\n|\n|upkeep\n|turn|45\n|\n|t:|1699760849\n|switch|p1a: Blissey|Blissey, F|64\/100\n|move|p2a: Rockapelo|Thunderbolt|p1a: Blissey\n|-damage|p1a: Blissey|49\/100\n|\n|upkeep\n|turn|46\n|\n|t:|1699760854\n|move|p2a: Rockapelo|Thunderbolt|p1a: Blissey\n|-damage|p1a: Blissey|34\/100\n|move|p1a: Blissey|Seismic Toss|p2a: Rockapelo\n|-damage|p2a: Rockapelo|54\/100\n|\n|upkeep\n|turn|47\n|\n|t:|1699760859\n|move|p2a: Rockapelo|Thunderbolt|p1a: Blissey\n|-damage|p1a: Blissey|20\/100\n|move|p1a: Blissey|Soft-Boiled|p1a: Blissey\n|-heal|p1a: Blissey|70\/100\n|\n|upkeep\n|turn|48\n|\n|t:|1699760864\n|-end|p2a: Rockapelo|Protosynthesis|[silent]\n|switch|p2a: Torrenzo|Great Tusk|26\/100 tox\n|move|p1a: Blissey|Seismic Toss|p2a: Torrenzo\n|-damage|p2a: Torrenzo|0 fnt\n|faint|p2a: Torrenzo\n|-end|p2a: Torrenzo|Protosynthesis|[silent]\n|\n|upkeep\n|\n|t:|1699760866\n|switch|p2a: Rockapelo|Sandy Shocks|54\/100\n|turn|49\n|-message|Leocrack57 forfeited.\n|\n|win|jkljlkh\n|raw|jkljlkh's rating: 1586 &rarr; <strong>1604<\/strong><br \/>(+18 for winning)\n|raw|Leocrack57's rating: 1559 &rarr; <strong>1541<\/strong><br \/>(-18 for losing)\n|l|\u2606Leocrack57\n","uploadtime":1699760926,"views":12,"p1id":"jkljlkh","p2id":"leocrack57","formatid":"gen9nationaldex","rating":1541,"private":0,"password":""}