{"id":"gen9nationaldex-1995485055","p1":"Francoise Fat","p2":"UrfinnaLOSEEEExd","format":"[Gen 9] National Dex","log":"|html|<div class=\"broadcast-blue\"><strong>[Gen 9] National Dex is currently suspecting Sneasler! For information on how to participate check out the <a href=\"https:\/\/www.smogon.com\/forums\/threads\/sv-national-dex-suspect-8-just-dance.3731534\/\">suspect thread<\/a>.<\/strong><\/div>\n|j|\u2606Francoise Fat\n|j|\u2606UrfinnaLOSEEEExd\n|t:|1700575968\n|gametype|singles\n|player|p1|Francoise Fat|1|1157\n|player|p2|UrfinnaLOSEEEExd|265|1124\n|teamsize|p1|6\n|teamsize|p2|6\n|gen|9\n|tier|[Gen 9] National Dex\n|rated|\n|rule|HP Percentage Mod: HP is shown in percentages\n|rule|Endless Battle Clause: Forcing endless battles is banned\n|rule|OHKO Clause: OHKO moves are banned\n|rule|Evasion Clause: Evasion abilities, items, and moves are banned\n|rule|Evasion Abilities Clause: Evasion abilities are banned\n|rule|Evasion Items Clause: Evasion items are banned\n|rule|Evasion Moves Clause: Evasion moves are banned\n|rule|Species Clause: Limit one of each Pok\u00e9mon\n|rule|Sleep Clause Mod: Limit one foe put to sleep\n|clearpoke\n|poke|p1|Tyranitar, M|\n|poke|p1|Aggron, F|\n|poke|p1|Garchomp, M|\n|poke|p1|Dracozolt|\n|poke|p1|Houndstone, F|\n|poke|p1|Excadrill, M|\n|poke|p2|Appletun, F|\n|poke|p2|Magnemite, L1|\n|poke|p2|Steelix, M|\n|poke|p2|Celesteela|\n|poke|p2|Corsola-Galar, M|\n|poke|p2|Slowking-Galar, M|\n|teampreview\n|\n|t:|1700575981\n|start\n|switch|p1a: Garchomp|Garchomp, M|100\/100\n|switch|p2a: Slowking|Slowking-Galar, M|100\/100\n|turn|1\n|\n|t:|1700575991\n|move|p1a: Garchomp|Swords Dance|p1a: Garchomp\n|-boost|p1a: Garchomp|atk|2\n|move|p2a: Slowking|Sludge Bomb|p1a: Garchomp\n|-resisted|p1a: Garchomp\n|-damage|p1a: Garchomp|80\/100\n|\n|upkeep\n|turn|2\n|\n|t:|1700576000\n|move|p1a: Garchomp|Earthquake|p2a: Slowking\n|-supereffective|p2a: Slowking\n|-damage|p2a: Slowking|0 fnt\n|faint|p2a: Slowking\n|\n|upkeep\n|\n|t:|1700576006\n|switch|p2a: Magnemite|Magnemite, L1, shiny|100\/100\n|turn|3\n|c|\u2606Francoise Fat|dont do it\n|c|\u2606Francoise Fat|dont\n|\n|t:|1700576012\n|move|p1a: Garchomp|Scale Shot|p2a: Magnemite\n|-resisted|p2a: Magnemite\n|-ability|p2a: Magnemite|Sturdy\n|-damage|p2a: Magnemite|10\/100\n|-enditem|p2a: Magnemite|Berry Juice\n|-heal|p2a: Magnemite|100\/100|[from] item: Berry Juice\n|-resisted|p2a: Magnemite\n|-crit|p2a: Magnemite\n|-ability|p2a: Magnemite|Sturdy\n|-damage|p2a: Magnemite|10\/100\n|-hitcount|p2a: Magnemite|2\n|-unboost|p1a: Garchomp|def|1\n|-boost|p1a: Garchomp|spe|1\n|move|p2a: Magnemite|Toxic|p1a: Garchomp\n|-status|p1a: Garchomp|tox\n|\n|-damage|p1a: Garchomp|74\/100 tox|[from] psn\n|upkeep\n|turn|4\n|\n|t:|1700576032\n|move|p2a: Magnemite|Protect|p2a: Magnemite\n|-singleturn|p2a: Magnemite|Protect\n|move|p1a: Garchomp|Fire Fang|p2a: Magnemite\n|-activate|p2a: Magnemite|move: Protect\n|\n|-damage|p1a: Garchomp|62\/100 tox|[from] psn\n|upkeep\n|turn|5\n|inactive|Battle timer is ON: inactive players will automatically lose when time's up. (requested by UrfinnaLOSEEEExd)\n|\n|t:|1700576041\n|move|p2a: Magnemite|Protect||[still]\n|-fail|p2a: Magnemite\n|move|p1a: Garchomp|Fire Fang|p2a: Magnemite\n|-supereffective|p2a: Magnemite\n|-damage|p2a: Magnemite|0 fnt\n|faint|p2a: Magnemite\n|\n|-damage|p1a: Garchomp|44\/100 tox|[from] psn\n|upkeep\n|\n|t:|1700576067\n|switch|p2a: Steelix|Steelix, M, shiny|100\/100\n|turn|6\n|\n|t:|1700576075\n|detailschange|p1a: Garchomp|Garchomp-Mega, M\n|-mega|p1a: Garchomp|Garchomp|Garchompite\n|move|p1a: Garchomp|Fire Fang|p2a: Steelix\n|-supereffective|p2a: Steelix\n|-damage|p2a: Steelix|46\/100\n|cant|p2a: Steelix|flinch\n|\n|-damage|p1a: Garchomp|19\/100 tox|[from] psn\n|upkeep\n|turn|7\n|\n|t:|1700576090\n|switch|p2a: Appletun|Appletun, F, shiny|100\/100\n|move|p1a: Garchomp|Fire Fang|p2a: Appletun\n|-crit|p2a: Appletun\n|-damage|p2a: Appletun|59\/100\n|\n|-heal|p2a: Appletun|65\/100|[from] item: Leftovers\n|-damage|p1a: Garchomp|0 fnt|[from] psn\n|faint|p1a: Garchomp\n|upkeep\n|\n|t:|1700576099\n|switch|p1a: Excadrill|Excadrill, M|100\/100\n|turn|8\n|\n|t:|1700576104\n|-zpower|p1a: Excadrill\n|move|p1a: Excadrill|Corkscrew Crash|p2a: Appletun|[zeffect]\n|-damage|p2a: Appletun|0 fnt\n|faint|p2a: Appletun\n|\n|upkeep\n|\n|t:|1700576112\n|switch|p2a: Steelix|Steelix, M, shiny|46\/100\n|turn|9\n|\n|t:|1700576117\n|move|p1a: Excadrill|Earthquake|p2a: Steelix\n|-supereffective|p2a: Steelix\n|-damage|p2a: Steelix|0 fnt\n|faint|p2a: Steelix\n|\n|upkeep\n|\n|t:|1700576122\n|switch|p2a: Celesteela|Celesteela, shiny|100\/100\n|turn|10\n|\n|t:|1700576128\n|move|p1a: Excadrill|Iron Head|p2a: Celesteela\n|-resisted|p2a: Celesteela\n|-damage|p2a: Celesteela|85\/100\n|cant|p2a: Celesteela|flinch\n|\n|-heal|p2a: Celesteela|91\/100|[from] item: Leftovers\n|upkeep\n|turn|11\n|\n|t:|1700576139\n|move|p1a: Excadrill|Rock Slide|p2a: Celesteela\n|-damage|p2a: Celesteela|70\/100\n|cant|p2a: Celesteela|flinch\n|\n|-heal|p2a: Celesteela|76\/100|[from] item: Leftovers\n|upkeep\n|turn|12\n|\n|t:|1700576147\n|move|p1a: Excadrill|Rock Slide|p2a: Celesteela\n|-damage|p2a: Celesteela|55\/100\n|move|p2a: Celesteela|Iron Defense|p2a: Celesteela\n|-boost|p2a: Celesteela|def|2\n|\n|-heal|p2a: Celesteela|61\/100|[from] item: Leftovers\n|upkeep\n|turn|13\n|\n|t:|1700576159\n|move|p1a: Excadrill|Rock Slide|p2a: Celesteela\n|-damage|p2a: Celesteela|50\/100\n|move|p2a: Celesteela|Leech Seed|p1a: Excadrill\n|-start|p1a: Excadrill|move: Leech Seed\n|\n|-heal|p2a: Celesteela|56\/100|[from] item: Leftovers\n|-damage|p1a: Excadrill|88\/100|[from] Leech Seed|[of] p2a: Celesteela\n|-heal|p2a: Celesteela|67\/100|[silent]\n|upkeep\n|turn|14\n|\n|t:|1700576169\n|switch|p1a: Dracozolt|Dracozolt|100\/100\n|move|p2a: Celesteela|Protect||[still]\n|-fail|p2a: Celesteela\n|\n|-heal|p2a: Celesteela|73\/100|[from] item: Leftovers\n|upkeep\n|turn|15\n|\n|t:|1700576178\n|move|p1a: Dracozolt|Bolt Beak|p2a: Celesteela\n|-supereffective|p2a: Celesteela\n|-damage|p2a: Celesteela|4\/100\n|move|p2a: Celesteela|Leech Seed|p1a: Dracozolt\n|-start|p1a: Dracozolt|move: Leech Seed\n|\n|-heal|p2a: Celesteela|10\/100|[from] item: Leftovers\n|-damage|p1a: Dracozolt|88\/100|[from] Leech Seed|[of] p2a: Celesteela\n|-heal|p2a: Celesteela|20\/100|[silent]\n|upkeep\n|turn|16\n|\n|t:|1700576187\n|move|p1a: Dracozolt|Bolt Beak|p2a: Celesteela\n|-supereffective|p2a: Celesteela\n|-damage|p2a: Celesteela|0 fnt\n|faint|p2a: Celesteela\n|\n|upkeep\n|\n|t:|1700576193\n|switch|p2a: Corsola|Corsola-Galar, M, shiny|100\/100\n|turn|17\n|\n|t:|1700576196\n|-terastallize|p1a: Dracozolt|Electric\n|move|p1a: Dracozolt|Bolt Beak|p2a: Corsola\n|-damage|p2a: Corsola|0 fnt\n|faint|p2a: Corsola\n|\n|win|Francoise Fat\n|raw|Francoise Fat's rating: 1157 &rarr; <strong>1180<\/strong><br \/>(+23 for winning)\n|raw|UrfinnaLOSEEEExd's rating: 1124 &rarr; <strong>1101<\/strong><br \/>(-23 for losing)\n|l|\u2606UrfinnaLOSEEEExd\n|c|\u2606Francoise Fat|keep up the reign of terror though\n","uploadtime":1700576248,"views":2,"p1id":"francoisefat","p2id":"urfinnaloseeeexd","formatid":"gen9nationaldex","rating":1101,"private":0,"password":""}