{"id":"gen9nationaldex-1991343320","p1":"Peanutluigi 2.0","p2":"gshaogshao","format":"[Gen 9] National Dex","log":"|j|\u203dPeanutluigi 2.0\n|j|\u2606gshaogshao\n|t:|1700069251\n|gametype|singles\n|player|p1|Peanutluigi 2.0|volo|1341\n|player|p2|gshaogshao|265|1266\n|teamsize|p1|6\n|teamsize|p2|6\n|gen|9\n|tier|[Gen 9] National Dex\n|rated|\n|rule|HP Percentage Mod: HP is shown in percentages\n|rule|Endless Battle Clause: Forcing endless battles is banned\n|rule|OHKO Clause: OHKO moves are banned\n|rule|Evasion Clause: Evasion abilities, items, and moves are banned\n|rule|Evasion Abilities Clause: Evasion abilities are banned\n|rule|Evasion Items Clause: Evasion items are banned\n|rule|Evasion Moves Clause: Evasion moves are banned\n|rule|Species Clause: Limit one of each Pok\u00e9mon\n|rule|Sleep Clause Mod: Limit one foe put to sleep\n|clearpoke\n|poke|p1|Celesteela|\n|poke|p1|Iron Valiant|\n|poke|p1|Garganacl, M|\n|poke|p1|Serperior, F|\n|poke|p1|Great Tusk|\n|poke|p1|Charizard, F|\n|poke|p2|Charizard, M|\n|poke|p2|Greninja-*, M|\n|poke|p2|Garganacl, F|\n|poke|p2|Rillaboom, F|\n|poke|p2|Zapdos|\n|poke|p2|Gliscor, M|\n|teampreview\n|inactive|Battle timer is ON: inactive players will automatically lose when time's up. (requested by gshaogshao)\n|\n|t:|1700069260\n|start\n|switch|p1a: Garganacl|Garganacl, M|100\/100\n|switch|p2a: Gliscor|Gliscor, M|100\/100\n|turn|1\n|\n|t:|1700069264\n|move|p2a: Gliscor|Taunt|p1a: Garganacl\n|-start|p1a: Garganacl|move: Taunt\n|move|p1a: Garganacl|Salt Cure|p2a: Gliscor\n|-damage|p2a: Gliscor|92\/100\n|-start|p2a: Gliscor|Salt Cure\n|\n|-damage|p2a: Gliscor|80\/100|[from] Salt Cure\n|-status|p2a: Gliscor|tox|[from] item: Toxic Orb\n|upkeep\n|turn|2\n|\n|t:|1700069269\n|move|p2a: Gliscor|Earthquake|p1a: Garganacl\n|-supereffective|p1a: Garganacl\n|-damage|p1a: Garganacl|67\/100\n|move|p1a: Garganacl|Salt Cure|p2a: Gliscor\n|-damage|p2a: Gliscor|71\/100 tox\n|\n|-heal|p1a: Garganacl|74\/100|[from] item: Leftovers\n|-heal|p2a: Gliscor|84\/100 tox|[from] ability: Poison Heal\n|-damage|p2a: Gliscor|71\/100 tox|[from] Salt Cure\n|upkeep\n|turn|3\n|\n|t:|1700069282\n|switch|p1a: Great Tusk|Great Tusk|100\/100\n|move|p2a: Gliscor|Earthquake|p1a: Great Tusk\n|-damage|p1a: Great Tusk|75\/100\n|\n|-heal|p2a: Gliscor|84\/100 tox|[from] ability: Poison Heal\n|-damage|p2a: Gliscor|71\/100 tox|[from] Salt Cure\n|upkeep\n|turn|4\n|\n|t:|1700069292\n|switch|p2a: Zapdos|Zapdos|100\/100\n|move|p1a: Great Tusk|Ice Spinner|p2a: Zapdos\n|-supereffective|p2a: Zapdos\n|-damage|p2a: Zapdos|55\/100\n|\n|upkeep\n|turn|5\n|\n|t:|1700069297\n|-end|p1a: Great Tusk|Protosynthesis|[silent]\n|switch|p1a: Garganacl|Garganacl, M|74\/100\n|move|p2a: Zapdos|Roost|p2a: Zapdos\n|-heal|p2a: Zapdos|100\/100\n|-singleturn|p2a: Zapdos|move: Roost\n|\n|-heal|p1a: Garganacl|80\/100|[from] item: Leftovers\n|upkeep\n|turn|6\n|\n|t:|1700069317\n|switch|p2a: Gliscor|Gliscor, M|71\/100 tox\n|move|p1a: Garganacl|Salt Cure|p2a: Gliscor\n|-damage|p2a: Gliscor|63\/100 tox\n|-start|p2a: Gliscor|Salt Cure\n|\n|-heal|p1a: Garganacl|86\/100|[from] item: Leftovers\n|-heal|p2a: Gliscor|75\/100 tox|[from] ability: Poison Heal\n|-damage|p2a: Gliscor|63\/100 tox|[from] Salt Cure\n|upkeep\n|turn|7\n|\n|t:|1700069324\n|move|p2a: Gliscor|Roost|p2a: Gliscor\n|-heal|p2a: Gliscor|100\/100 tox\n|-singleturn|p2a: Gliscor|move: Roost\n|move|p1a: Garganacl|Salt Cure|p2a: Gliscor\n|-resisted|p2a: Gliscor\n|-damage|p2a: Gliscor|96\/100 tox\n|\n|-heal|p1a: Garganacl|92\/100|[from] item: Leftovers\n|-heal|p2a: Gliscor|100\/100 tox|[from] ability: Poison Heal\n|-damage|p2a: Gliscor|88\/100 tox|[from] Salt Cure\n|upkeep\n|turn|8\n|\n|t:|1700069332\n|switch|p2a: Garganacl|Garganacl, F|100\/100\n|move|p1a: Garganacl|Salt Cure|p2a: Garganacl\n|-damage|p2a: Garganacl|90\/100\n|-start|p2a: Garganacl|Salt Cure\n|\n|-heal|p2a: Garganacl|96\/100|[from] item: Leftovers\n|-heal|p1a: Garganacl|98\/100|[from] item: Leftovers\n|-damage|p2a: Garganacl|84\/100|[from] Salt Cure\n|upkeep\n|turn|9\n|\n|t:|1700069340\n|move|p2a: Garganacl|Salt Cure|p1a: Garganacl\n|-damage|p1a: Garganacl|91\/100\n|-start|p1a: Garganacl|Salt Cure\n|move|p1a: Garganacl|Stealth Rock|p2a: Garganacl\n|-sidestart|p2: gshaogshao|move: Stealth Rock\n|\n|-heal|p2a: Garganacl|90\/100|[from] item: Leftovers\n|-heal|p1a: Garganacl|97\/100|[from] item: Leftovers\n|-damage|p2a: Garganacl|78\/100|[from] Salt Cure\n|-damage|p1a: Garganacl|85\/100|[from] Salt Cure\n|upkeep\n|turn|10\n|\n|t:|1700069348\n|switch|p2a: Gliscor|Gliscor, M|88\/100 tox\n|-damage|p2a: Gliscor|76\/100 tox|[from] Stealth Rock\n|move|p1a: Garganacl|Heavy Slam|p2a: Gliscor\n|-damage|p2a: Gliscor|60\/100 tox\n|\n|-heal|p1a: Garganacl|91\/100|[from] item: Leftovers\n|-heal|p2a: Gliscor|73\/100 tox|[from] ability: Poison Heal\n|-damage|p1a: Garganacl|78\/100|[from] Salt Cure\n|upkeep\n|turn|11\n|\n|t:|1700069353\n|move|p2a: Gliscor|Roost|p2a: Gliscor\n|-heal|p2a: Gliscor|100\/100 tox\n|-singleturn|p2a: Gliscor|move: Roost\n|move|p1a: Garganacl|Salt Cure|p2a: Gliscor\n|-resisted|p2a: Gliscor\n|-crit|p2a: Gliscor\n|-damage|p2a: Gliscor|94\/100 tox\n|-start|p2a: Gliscor|Salt Cure\n|\n|-heal|p1a: Garganacl|85\/100|[from] item: Leftovers\n|-heal|p2a: Gliscor|100\/100 tox|[from] ability: Poison Heal\n|-damage|p2a: Gliscor|88\/100 tox|[from] Salt Cure\n|-damage|p1a: Garganacl|72\/100|[from] Salt Cure\n|upkeep\n|turn|12\n|\n|t:|1700069362\n|switch|p1a: Great Tusk|Great Tusk|75\/100\n|move|p2a: Gliscor|Taunt|p1a: Great Tusk\n|-start|p1a: Great Tusk|move: Taunt\n|\n|-heal|p2a: Gliscor|100\/100 tox|[from] ability: Poison Heal\n|-damage|p2a: Gliscor|88\/100 tox|[from] Salt Cure\n|upkeep\n|turn|13\n|\n|t:|1700069366\n|switch|p2a: Zapdos|Zapdos|100\/100\n|-damage|p2a: Zapdos|76\/100|[from] Stealth Rock\n|move|p1a: Great Tusk|Ice Spinner|p2a: Zapdos\n|-supereffective|p2a: Zapdos\n|-damage|p2a: Zapdos|30\/100\n|-status|p1a: Great Tusk|par|[from] ability: Static|[of] p2a: Zapdos\n|\n|upkeep\n|turn|14\n|\n|t:|1700069377\n|-end|p1a: Great Tusk|Protosynthesis|[silent]\n|switch|p1a: Garganacl|Garganacl, M|72\/100\n|move|p2a: Zapdos|Defog|p1a: Garganacl\n|-unboost|p1a: Garganacl|evasion|1\n|-sideend|p2: gshaogshao|Stealth Rock|[from] move: Defog|[of] p2a: Zapdos\n|\n|-heal|p1a: Garganacl|78\/100|[from] item: Leftovers\n|upkeep\n|turn|15\n|\n|t:|1700069382\n|move|p2a: Zapdos|Roost|p2a: Zapdos\n|-heal|p2a: Zapdos|80\/100\n|-singleturn|p2a: Zapdos|move: Roost\n|move|p1a: Garganacl|Salt Cure|p2a: Zapdos\n|-damage|p2a: Zapdos|69\/100\n|-start|p2a: Zapdos|Salt Cure\n|\n|-heal|p1a: Garganacl|85\/100|[from] item: Leftovers\n|-damage|p2a: Zapdos|56\/100|[from] Salt Cure\n|upkeep\n|turn|16\n|\n|t:|1700069386\n|move|p2a: Zapdos|Roost|p2a: Zapdos\n|-heal|p2a: Zapdos|100\/100\n|-singleturn|p2a: Zapdos|move: Roost\n|move|p1a: Garganacl|Stealth Rock|p2a: Zapdos\n|-sidestart|p2: gshaogshao|move: Stealth Rock\n|\n|-heal|p1a: Garganacl|91\/100|[from] item: Leftovers\n|-damage|p2a: Zapdos|88\/100|[from] Salt Cure\n|upkeep\n|turn|17\n|\n|t:|1700069392\n|move|p2a: Zapdos|Defog|p1a: Garganacl\n|-unboost|p1a: Garganacl|evasion|1\n|-sideend|p2: gshaogshao|Stealth Rock|[from] move: Defog|[of] p2a: Zapdos\n|move|p1a: Garganacl|Salt Cure|p2a: Zapdos\n|-supereffective|p2a: Zapdos\n|-damage|p2a: Zapdos|68\/100\n|\n|-heal|p1a: Garganacl|97\/100|[from] item: Leftovers\n|-damage|p2a: Zapdos|56\/100|[from] Salt Cure\n|upkeep\n|turn|18\n|\n|t:|1700069397\n|switch|p2a: Gliscor|Gliscor, M|88\/100 tox\n|move|p1a: Garganacl|Stealth Rock|p2a: Gliscor\n|-sidestart|p2: gshaogshao|move: Stealth Rock\n|\n|-heal|p1a: Garganacl|100\/100|[from] item: Leftovers\n|-heal|p2a: Gliscor|100\/100 tox|[from] ability: Poison Heal\n|upkeep\n|turn|19\n|\n|t:|1700069403\n|move|p2a: Gliscor|Taunt|p1a: Garganacl\n|-start|p1a: Garganacl|move: Taunt\n|move|p1a: Garganacl|Salt Cure|p2a: Gliscor\n|-crit|p2a: Gliscor\n|-damage|p2a: Gliscor|87\/100 tox\n|-start|p2a: Gliscor|Salt Cure\n|\n|-heal|p2a: Gliscor|99\/100 tox|[from] ability: Poison Heal\n|-damage|p2a: Gliscor|87\/100 tox|[from] Salt Cure\n|upkeep\n|turn|20\n|\n|t:|1700069410\n|switch|p2a: Zapdos|Zapdos|56\/100\n|-damage|p2a: Zapdos|31\/100|[from] Stealth Rock\n|move|p1a: Garganacl|Salt Cure|p2a: Zapdos\n|-supereffective|p2a: Zapdos\n|-damage|p2a: Zapdos|10\/100\n|-start|p2a: Zapdos|Salt Cure\n|\n|-damage|p2a: Zapdos|0 fnt|[from] Salt Cure\n|faint|p2a: Zapdos\n|upkeep\n|\n|t:|1700069415\n|switch|p2a: Charizard|Charizard, M|100\/100\n|-damage|p2a: Charizard|51\/100|[from] Stealth Rock\n|turn|21\n|\n|t:|1700069418\n|detailschange|p2a: Charizard|Charizard-Mega-X, M\n|-mega|p2a: Charizard|Charizard|Charizardite X\n|move|p2a: Charizard|Outrage|p1a: Garganacl\n|-damage|p1a: Garganacl|54\/100\n|move|p1a: Garganacl|Salt Cure|p2a: Charizard\n|-supereffective|p2a: Charizard\n|-damage|p2a: Charizard|20\/100\n|-start|p2a: Charizard|Salt Cure\n|\n|-heal|p1a: Garganacl|60\/100|[from] item: Leftovers\n|-damage|p2a: Charizard|7\/100|[from] Salt Cure\n|-end|p1a: Garganacl|move: Taunt\n|upkeep\n|turn|22\n|\n|t:|1700069431\n|move|p2a: Charizard|Outrage|p1a: Garganacl|[from]lockedmove\n|-damage|p1a: Garganacl|16\/100\n|move|p1a: Garganacl|Recover|p1a: Garganacl\n|-heal|p1a: Garganacl|66\/100\n|\n|-heal|p1a: Garganacl|73\/100|[from] item: Leftovers\n|-damage|p2a: Charizard|0 fnt|[from] Salt Cure\n|faint|p2a: Charizard\n|upkeep\n|\n|t:|1700069435\n|switch|p2a: Garganacl|Garganacl, F|78\/100\n|-damage|p2a: Garganacl|65\/100|[from] Stealth Rock\n|turn|23\n|\n|t:|1700069438\n|move|p1a: Garganacl|Salt Cure|p2a: Garganacl\n|-damage|p2a: Garganacl|56\/100\n|-start|p2a: Garganacl|Salt Cure\n|move|p2a: Garganacl|Salt Cure|p1a: Garganacl\n|-damage|p1a: Garganacl|66\/100\n|-start|p1a: Garganacl|Salt Cure\n|\n|-heal|p1a: Garganacl|72\/100|[from] item: Leftovers\n|-heal|p2a: Garganacl|63\/100|[from] item: Leftovers\n|-damage|p2a: Garganacl|50\/100|[from] Salt Cure\n|-damage|p1a: Garganacl|59\/100|[from] Salt Cure\n|upkeep\n|turn|24\n|\n|t:|1700069445\n|move|p2a: Garganacl|Recover|p2a: Garganacl\n|-heal|p2a: Garganacl|99\/100\n|move|p1a: Garganacl|Recover|p1a: Garganacl\n|-heal|p1a: Garganacl|100\/100\n|\n|-heal|p2a: Garganacl|100\/100|[from] item: Leftovers\n|-damage|p2a: Garganacl|88\/100|[from] Salt Cure\n|-damage|p1a: Garganacl|88\/100|[from] Salt Cure\n|upkeep\n|turn|25\n|\n|t:|1700069449\n|switch|p2a: Gliscor|Gliscor, M|87\/100 tox\n|-damage|p2a: Gliscor|75\/100 tox|[from] Stealth Rock\n|move|p1a: Garganacl|Heavy Slam|p2a: Gliscor\n|-damage|p2a: Gliscor|59\/100 tox\n|\n|-heal|p1a: Garganacl|94\/100|[from] item: Leftovers\n|-heal|p2a: Gliscor|71\/100 tox|[from] ability: Poison Heal\n|-damage|p1a: Garganacl|82\/100|[from] Salt Cure\n|upkeep\n|turn|26\n|\n|t:|1700069453\n|move|p2a: Gliscor|Taunt|p1a: Garganacl\n|-start|p1a: Garganacl|move: Taunt\n|move|p1a: Garganacl|Salt Cure|p2a: Gliscor\n|-damage|p2a: Gliscor|63\/100 tox\n|-start|p2a: Gliscor|Salt Cure\n|\n|-heal|p1a: Garganacl|88\/100|[from] item: Leftovers\n|-heal|p2a: Gliscor|76\/100 tox|[from] ability: Poison Heal\n|-damage|p2a: Gliscor|63\/100 tox|[from] Salt Cure\n|-damage|p1a: Garganacl|76\/100|[from] Salt Cure\n|upkeep\n|turn|27\n|\n|t:|1700069462\n|switch|p1a: Great Tusk|Great Tusk|75\/100 par\n|move|p2a: Gliscor|Roost|p2a: Gliscor\n|-heal|p2a: Gliscor|100\/100 tox\n|-singleturn|p2a: Gliscor|move: Roost\n|\n|-damage|p2a: Gliscor|88\/100 tox|[from] Salt Cure\n|upkeep\n|turn|28\n|\n|t:|1700069470\n|switch|p2a: Greninja|Greninja, M|100\/100\n|-damage|p2a: Greninja|88\/100|[from] Stealth Rock\n|move|p1a: Great Tusk|Ice Spinner|p2a: Greninja\n|-resisted|p2a: Greninja\n|-damage|p2a: Greninja|65\/100\n|\n|upkeep\n|turn|29\n|\n|t:|1700069473\n|-end|p1a: Great Tusk|Protosynthesis|[silent]\n|switch|p1a: Celesteela|Celesteela|100\/100\n|-terastallize|p2a: Greninja|Water\n|move|p2a: Greninja|Surf|p1a: Celesteela\n|-crit|p1a: Celesteela\n|-damage|p1a: Celesteela|36\/100\n|-damage|p2a: Greninja|55\/100|[from] item: Life Orb\n|\n|-heal|p1a: Celesteela|42\/100|[from] item: Leftovers\n|upkeep\n|turn|30\n|\n|t:|1700069480\n|move|p2a: Greninja|Surf|p1a: Celesteela\n|-crit|p1a: Celesteela\n|-damage|p1a: Celesteela|0 fnt\n|faint|p1a: Celesteela\n|-ability|p2a: Greninja|Battle Bond|boost\n|-boost|p2a: Greninja|atk|1\n|-boost|p2a: Greninja|spa|1\n|-boost|p2a: Greninja|spe|1\n|-activate|p2a: Greninja|ability: Battle Bond\n|-damage|p2a: Greninja|45\/100|[from] item: Life Orb\n|\n|upkeep\n|\n|t:|1700069499\n|switch|p1a: Serperior|Serperior, F|100\/100\n|turn|31\n|\n|t:|1700069505\n|-terastallize|p1a: Serperior|Fire\n|move|p2a: Greninja|Ice Beam|p1a: Serperior\n|-resisted|p1a: Serperior\n|-damage|p1a: Serperior|69\/100\n|-damage|p2a: Greninja|35\/100|[from] item: Life Orb\n|move|p1a: Serperior|Leaf Storm|p2a: Greninja\n|-supereffective|p2a: Greninja\n|-damage|p2a: Greninja|0 fnt\n|-boost|p1a: Serperior|spa|2\n|faint|p2a: Greninja\n|-damage|p1a: Serperior|59\/100|[from] item: Life Orb\n|\n|upkeep\n|\n|t:|1700069516\n|switch|p2a: Garganacl|Garganacl, F|88\/100\n|-damage|p2a: Garganacl|76\/100|[from] Stealth Rock\n|turn|32\n|\n|t:|1700069520\n|move|p1a: Serperior|Giga Drain|p2a: Garganacl\n|-supereffective|p2a: Garganacl\n|-damage|p2a: Garganacl|0 fnt\n|-heal|p1a: Serperior|100\/100|[from] drain|[of] p2a: Garganacl\n|faint|p2a: Garganacl\n|-damage|p1a: Serperior|91\/100|[from] item: Life Orb\n|\n|upkeep\n|\n|t:|1700069524\n|switch|p2a: Gliscor|Gliscor, M|88\/100 tox\n|-damage|p2a: Gliscor|76\/100 tox|[from] Stealth Rock\n|turn|33\n|\n|t:|1700069529\n|move|p1a: Serperior|Hidden Power|p2a: Gliscor\n|-damage|p2a: Gliscor|31\/100 tox\n|-damage|p1a: Serperior|81\/100|[from] item: Life Orb\n|move|p2a: Gliscor|Toxic|p1a: Serperior\n|-status|p1a: Serperior|tox\n|\n|-damage|p1a: Serperior|74\/100 tox|[from] psn\n|-heal|p2a: Gliscor|43\/100 tox|[from] ability: Poison Heal\n|upkeep\n|turn|34\n|-message|gshaogshao forfeited.\n|\n|win|Peanutluigi 2.0\n|raw|Peanutluigi 2.0's rating: 1341 &rarr; <strong>1357<\/strong><br \/>(+16 for winning)\n|raw|gshaogshao's rating: 1266 &rarr; <strong>1246<\/strong><br \/>(-20 for losing)\n|l|\u2606gshaogshao\n","uploadtime":1700069819,"views":9,"p1id":"peanutluigi20","p2id":"gshaogshao","formatid":"gen9nationaldex","rating":1246,"private":0,"password":""}