{"id":"gen9nationaldex-1991605751","p1":"iloveyoumitsuri","p2":"Francoise Fat","format":"[Gen 9] National Dex","log":"|j|\u2606iloveyoumitsuri\n|j|\u2606Francoise Fat\n|t:|1700093412\n|gametype|singles\n|player|p1|iloveyoumitsuri|dancer|1231\n|player|p2|Francoise Fat|1|1333\n|teamsize|p1|6\n|teamsize|p2|6\n|gen|9\n|tier|[Gen 9] National Dex\n|rated|\n|rule|HP Percentage Mod: HP is shown in percentages\n|rule|Endless Battle Clause: Forcing endless battles is banned\n|rule|OHKO Clause: OHKO moves are banned\n|rule|Evasion Clause: Evasion abilities, items, and moves are banned\n|rule|Evasion Abilities Clause: Evasion abilities are banned\n|rule|Evasion Items Clause: Evasion items are banned\n|rule|Evasion Moves Clause: Evasion moves are banned\n|rule|Species Clause: Limit one of each Pok\u00e9mon\n|rule|Sleep Clause Mod: Limit one foe put to sleep\n|clearpoke\n|poke|p1|Sneasler, M|\n|poke|p1|Tapu Lele|\n|poke|p1|Dragonite, F|\n|poke|p1|Mawile, M|\n|poke|p1|Dondozo, M|\n|poke|p1|Kartana|\n|poke|p2|Garchomp, M|\n|poke|p2|Araquanid, M|\n|poke|p2|Iron Treads|\n|poke|p2|Tyranitar, M|\n|poke|p2|Houndstone, F|\n|poke|p2|Aggron, F|\n|teampreview\n|\n|t:|1700093427\n|start\n|switch|p1a: Kartana|Kartana|100\/100\n|switch|p2a: Araquanid|Araquanid, M|100\/100\n|turn|1\n|\n|t:|1700093432\n|move|p1a: Kartana|Leaf Blade|p2a: Araquanid\n|-damage|p2a: Araquanid|34\/100\n|move|p2a: Araquanid|Sticky Web|p1a: Kartana\n|-sidestart|p1: iloveyoumitsuri|move: Sticky Web\n|\n|upkeep\n|turn|2\n|\n|t:|1700093462\n|move|p1a: Kartana|Leaf Blade|p2a: Araquanid\n|-crit|p2a: Araquanid\n|-damage|p2a: Araquanid|0 fnt\n|faint|p2a: Araquanid\n|-ability|p1a: Kartana|Beast Boost|boost\n|-boost|p1a: Kartana|atk|1\n|\n|upkeep\n|\n|t:|1700093483\n|switch|p2a: Oceano|Aggron, F, shiny|100\/100\n|turn|3\n|\n|t:|1700093509\n|move|p1a: Kartana|Leaf Blade|p2a: Oceano\n|-damage|p2a: Oceano|45\/100\n|-enditem|p2a: Oceano|Red Card|[of] p1a: Kartana\n|drag|p1a: Dondozo|Dondozo, M|100\/100\n|-activate|p1a: Dondozo|move: Sticky Web\n|-unboost|p1a: Dondozo|spe|1\n|move|p2a: Oceano|Metal Burst|p1a: Dondozo\n|-damage|p1a: Dondozo|44\/100\n|\n|upkeep\n|turn|4\n|\n|t:|1700093515\n|move|p2a: Oceano|Hone Claws|p2a: Oceano\n|-boost|p2a: Oceano|atk|1\n|-boost|p2a: Oceano|accuracy|1\n|move|p1a: Dondozo|Wave Crash|p2a: Oceano\n|-supereffective|p2a: Oceano\n|-damage|p2a: Oceano|0 fnt\n|faint|p2a: Oceano\n|-damage|p1a: Dondozo|34\/100|[from] Recoil\n|\n|upkeep\n|inactive|Battle timer is ON: inactive players will automatically lose when time's up. (requested by iloveyoumitsuri)\n|\n|t:|1700093530\n|switch|p2a: Houndstone|Houndstone, F|100\/100\n|turn|5\n|\n|t:|1700093537\n|move|p2a: Houndstone|Sandstorm|p2a: Houndstone\n|-weather|Sandstorm\n|move|p1a: Dondozo|Yawn|p2a: Houndstone\n|-start|p2a: Houndstone|move: Yawn|[of] p1a: Dondozo\n|\n|-weather|Sandstorm|[upkeep]\n|-damage|p1a: Dondozo|28\/100|[from] Sandstorm\n|upkeep\n|turn|6\n|\n|t:|1700093542\n|move|p2a: Houndstone|Will-O-Wisp|p1a: Dondozo\n|-status|p1a: Dondozo|brn\n|move|p1a: Dondozo|Wave Crash|p2a: Houndstone\n|-damage|p2a: Houndstone|80\/100\n|-damage|p1a: Dondozo|23\/100 brn|[from] Recoil\n|-enditem|p2a: Houndstone|Eject Button\n|\n|t:|1700093548\n|switch|p2a: Garchomp|Garchomp, M|100\/100\n|\n|-weather|Sandstorm|[upkeep]\n|-damage|p1a: Dondozo|17\/100 brn|[from] Sandstorm\n|-damage|p1a: Dondozo|11\/100 brn|[from] brn\n|upkeep\n|turn|7\n|\n|t:|1700093570\n|detailschange|p2a: Garchomp|Garchomp-Mega, M\n|-mega|p2a: Garchomp|Garchomp|Garchompite\n|move|p2a: Garchomp|Earthquake|p1a: Dondozo\n|-damage|p1a: Dondozo|0 fnt\n|faint|p1a: Dondozo\n|\n|-weather|Sandstorm|[upkeep]\n|upkeep\n|inactive|iloveyoumitsuri has 120 seconds left.\n|\n|t:|1700093618\n|switch|p1a: Sneasler|Sneasler, M|100\/100\n|turn|8\n|\n|t:|1700093629\n|switch|p2a: Houndstone|Houndstone, F|80\/100\n|move|p1a: Sneasler|Fake Out|p2a: Houndstone\n|-immune|p2a: Houndstone\n|\n|-weather|Sandstorm|[upkeep]\n|-damage|p1a: Sneasler|95\/100|[from] Sandstorm\n|upkeep\n|turn|9\n|\n|t:|1700093637\n|move|p2a: Houndstone|Will-O-Wisp|p1a: Sneasler\n|-status|p1a: Sneasler|brn\n|move|p1a: Sneasler|Dire Claw|p2a: Houndstone\n|-resisted|p2a: Houndstone\n|-damage|p2a: Houndstone|69\/100\n|-status|p2a: Houndstone|psn\n|\n|-weather|none\n|-damage|p2a: Houndstone|57\/100 psn|[from] psn\n|-damage|p1a: Sneasler|89\/100 brn|[from] brn\n|upkeep\n|turn|10\n|\n|t:|1700093642\n|move|p1a: Sneasler|U-turn|p2a: Houndstone\n|-resisted|p2a: Houndstone\n|-damage|p2a: Houndstone|51\/100 psn\n|\n|t:|1700093646\n|switch|p1a: Kartana|Kartana|100\/100|[from] U-turn\n|-activate|p1a: Kartana|move: Sticky Web\n|-unboost|p1a: Kartana|spe|1\n|move|p2a: Houndstone|Sandstorm|p2a: Houndstone\n|-weather|Sandstorm\n|\n|-weather|Sandstorm|[upkeep]\n|-damage|p2a: Houndstone|39\/100 psn|[from] psn\n|upkeep\n|turn|11\n|\n|t:|1700093652\n|move|p2a: Houndstone|Will-O-Wisp|p1a: Kartana\n|-status|p1a: Kartana|brn\n|move|p1a: Kartana|Knock Off|p2a: Houndstone\n|-supereffective|p2a: Houndstone\n|-damage|p2a: Houndstone|9\/100 psn\n|\n|-weather|Sandstorm|[upkeep]\n|-damage|p2a: Houndstone|0 fnt|[from] psn\n|faint|p2a: Houndstone\n|-damage|p1a: Kartana|94\/100 brn|[from] brn\n|upkeep\n|\n|t:|1700093655\n|switch|p2a: Garchomp|Garchomp-Mega, M|100\/100\n|turn|12\n|\n|t:|1700093673\n|switch|p1a: Dragonite|Dragonite, F|100\/100\n|move|p2a: Garchomp|Swords Dance|p2a: Garchomp\n|-boost|p2a: Garchomp|atk|2\n|\n|-weather|Sandstorm|[upkeep]\n|-damage|p1a: Dragonite|94\/100|[from] Sandstorm\n|upkeep\n|turn|13\n|\n|t:|1700093681\n|move|p2a: Garchomp|Scale Shot|p1a: Dragonite\n|-supereffective|p1a: Dragonite\n|-damage|p1a: Dragonite|19\/100\n|-supereffective|p1a: Dragonite\n|-damage|p1a: Dragonite|0 fnt\n|faint|p1a: Dragonite\n|-hitcount|p1: Dragonite|2\n|-unboost|p2a: Garchomp|def|1\n|-boost|p2a: Garchomp|spe|1\n|\n|-weather|Sandstorm|[upkeep]\n|upkeep\n|\n|t:|1700093693\n|switch|p1a: Sneasler|Sneasler, M|89\/100 brn\n|turn|14\n|\n|t:|1700093701\n|move|p1a: Sneasler|Fake Out|p2a: Garchomp\n|-damage|p2a: Garchomp|92\/100\n|-status|p2a: Garchomp|psn|[from] ability: Poison Touch|[of] p1a: Sneasler\n|cant|p2a: Garchomp|flinch\n|\n|-weather|none\n|-damage|p2a: Garchomp|80\/100 psn|[from] psn\n|-damage|p1a: Sneasler|83\/100 brn|[from] brn\n|upkeep\n|turn|15\n|\n|t:|1700093716\n|switch|p1a: Kartana|Kartana|94\/100 brn\n|-activate|p1a: Kartana|move: Sticky Web\n|-unboost|p1a: Kartana|spe|1\n|move|p2a: Garchomp|Fire Fang|p1a: Kartana\n|-supereffective|p1a: Kartana\n|-damage|p1a: Kartana|0 fnt\n|faint|p1a: Kartana\n|\n|-damage|p2a: Garchomp|68\/100 psn|[from] psn\n|upkeep\n|\n|t:|1700093724\n|switch|p1a: Sneasler|Sneasler, M|83\/100 brn\n|turn|16\n|\n|t:|1700093733\n|move|p1a: Sneasler|Fake Out|p2a: Garchomp\n|-damage|p2a: Garchomp|59\/100 psn\n|cant|p2a: Garchomp|flinch\n|\n|-damage|p2a: Garchomp|47\/100 psn|[from] psn\n|-damage|p1a: Sneasler|77\/100 brn|[from] brn\n|upkeep\n|turn|17\n|\n|t:|1700093753\n|switch|p1a: Mawile|Mawile, M|100\/100\n|-activate|p1a: Mawile|move: Sticky Web\n|-unboost|p1a: Mawile|spe|1\n|-ability|p1a: Mawile|Intimidate|boost\n|-unboost|p2a: Garchomp|atk|1\n|move|p2a: Garchomp|Earthquake|p1a: Mawile\n|-supereffective|p1a: Mawile\n|-damage|p1a: Mawile|0 fnt\n|faint|p1a: Mawile\n|\n|-damage|p2a: Garchomp|35\/100 psn|[from] psn\n|upkeep\n|\n|t:|1700093758\n|switch|p1a: Sneasler|Sneasler, M|77\/100 brn\n|turn|18\n|\n|t:|1700093769\n|move|p1a: Sneasler|Fake Out|p2a: Garchomp\n|-damage|p2a: Garchomp|26\/100 psn\n|cant|p2a: Garchomp|flinch\n|\n|-damage|p2a: Garchomp|14\/100 psn|[from] psn\n|-damage|p1a: Sneasler|71\/100 brn|[from] brn\n|upkeep\n|turn|19\n|inactive|iloveyoumitsuri has 120 seconds left.\n|\n|t:|1700093802\n|-terastallize|p1a: Sneasler|Flying\n|move|p2a: Garchomp|Earthquake|p1a: Sneasler\n|-immune|p1a: Sneasler\n|move|p1a: Sneasler|U-turn|p2a: Garchomp\n|-damage|p2a: Garchomp|0 fnt\n|faint|p2a: Garchomp\n|inactive|iloveyoumitsuri has 120 seconds left.\n|\n|t:|1700093808\n|switch|p1a: Tapu Lele|Tapu Lele|100\/100|[from] U-turn\n|-activate|p1a: Tapu Lele|move: Sticky Web\n|-unboost|p1a: Tapu Lele|spe|1\n|-fieldstart|move: Psychic Terrain|[from] ability: Psychic Surge|[of] p1a: Tapu Lele\n|\n|upkeep\n|\n|t:|1700093812\n|switch|p2a: Iron Treads|Iron Treads, shiny|100\/100\n|-enditem|p2a: Iron Treads|Booster Energy\n|-activate|p2a: Iron Treads|ability: Quark Drive|[fromitem]\n|-start|p2a: Iron Treads|quarkdrivespe\n|turn|20\n|\n|t:|1700093820\n|move|p2a: Iron Treads|Iron Head|p1a: Tapu Lele\n|-supereffective|p1a: Tapu Lele\n|-damage|p1a: Tapu Lele|0 fnt\n|faint|p1a: Tapu Lele\n|\n|upkeep\n|\n|t:|1700093822\n|switch|p1a: Sneasler|Sneasler, M, tera:Flying|71\/100 brn\n|turn|21\n|\n|t:|1700093825\n|-terastallize|p2a: Iron Treads|Ice\n|move|p1a: Sneasler|Fake Out|p2a: Iron Treads\n|-activate|p2a: Iron Treads|move: Psychic Terrain\n|move|p2a: Iron Treads|Ice Spinner|p1a: Sneasler\n|-supereffective|p1a: Sneasler\n|-damage|p1a: Sneasler|0 fnt\n|-fieldend|move: Psychic Terrain\n|faint|p1a: Sneasler\n|\n|win|Francoise Fat\n|raw|iloveyoumitsuri's rating: 1231 &rarr; <strong>1213<\/strong><br \/>(-18 for losing)\n|raw|Francoise Fat's rating: 1333 &rarr; <strong>1347<\/strong><br \/>(+14 for winning)\n|l|\u2606iloveyoumitsuri\n","uploadtime":1700093832,"views":6,"p1id":"iloveyoumitsuri","p2id":"francoisefat","formatid":"gen9nationaldex","rating":1213,"private":0,"password":""}