{"id":"gen9nationaldex-1996063778","p1":"Crescent76","p2":"steals many wives","format":"[Gen 9] National Dex","log":"|html|<div class=\"broadcast-blue\"><strong>[Gen 9] National Dex is currently suspecting Sneasler! For information on how to participate check out the <a href=\"https:\/\/www.smogon.com\/forums\/threads\/sv-national-dex-suspect-8-just-dance.3731534\/\">suspect thread<\/a>.<\/strong><\/div>\n|j|\u203dCrescent76\n|j|\u2606steals many wives\n|t:|1700637980\n|gametype|singles\n|player|p1|Crescent76|swimmerf|1232\n|player|p2|steals many wives|waitress|1158\n|teamsize|p1|6\n|teamsize|p2|6\n|gen|9\n|tier|[Gen 9] National Dex\n|rated|\n|rule|HP Percentage Mod: HP is shown in percentages\n|rule|Endless Battle Clause: Forcing endless battles is banned\n|rule|OHKO Clause: OHKO moves are banned\n|rule|Evasion Clause: Evasion abilities, items, and moves are banned\n|rule|Evasion Abilities Clause: Evasion abilities are banned\n|rule|Evasion Items Clause: Evasion items are banned\n|rule|Evasion Moves Clause: Evasion moves are banned\n|rule|Species Clause: Limit one of each Pok\u00e9mon\n|rule|Sleep Clause Mod: Limit one foe put to sleep\n|clearpoke\n|poke|p1|Charizard, M|\n|poke|p1|Excadrill, M|\n|poke|p1|Iron Valiant|\n|poke|p1|Boltund, F|\n|poke|p1|Kommo-o, M|\n|poke|p1|Whimsicott, M|\n|poke|p2|Aggron, M|\n|poke|p2|Ferrothorn, M|\n|poke|p2|Goodra-Hisui, F|\n|poke|p2|Celesteela|\n|poke|p2|Heatran, M|\n|poke|p2|Excadrill, M|\n|teampreview\n|inactive|Battle timer is ON: inactive players will automatically lose when time's up. (requested by Crescent76)\n|\n|t:|1700637994\n|start\n|switch|p1a: Boltund|Boltund, F|100\/100\n|switch|p2a: Lego|Ferrothorn, M|100\/100\n|turn|1\n|\n|t:|1700637999\n|move|p1a: Boltund|Fire Fang|p2a: Lego\n|-supereffective|p2a: Lego\n|-damage|p2a: Lego|3\/100\n|-damage|p1a: Boltund|88\/100|[from] ability: Iron Barbs|[of] p2a: Lego\n|-damage|p1a: Boltund|72\/100|[from] item: Rocky Helmet|[of] p2a: Lego\n|cant|p2a: Lego|flinch\n|\n|upkeep\n|turn|2\n|c|\u2606steals many wives|bruh\n|c|\u2606steals many wives|are you kidding me?\n|\n|t:|1700638014\n|switch|p2a: Slime Shady|Goodra-Hisui, F|100\/100\n|move|p1a: Boltund|Fire Fang|p2a: Slime Shady\n|-damage|p2a: Slime Shady|69\/100\n|-damage|p1a: Boltund|55\/100|[from] item: Rocky Helmet|[of] p2a: Slime Shady\n|-ability|p2a: Slime Shady|Gooey\n|-unboost|p1a: Boltund|spe|1\n|\n|upkeep\n|turn|3\n|\n|t:|1700638029\n|switch|p1a: Charizard|Charizard, M|100\/100\n|move|p2a: Slime Shady|Substitute|p2a: Slime Shady\n|-start|p2a: Slime Shady|Substitute\n|-damage|p2a: Slime Shady|44\/100\n|\n|upkeep\n|turn|4\n|\n|t:|1700638040\n|detailschange|p1a: Charizard|Charizard-Mega-Y, M\n|-mega|p1a: Charizard|Charizard|Charizardite Y\n|-weather|SunnyDay|[from] ability: Drought|[of] p1a: Charizard\n|move|p1a: Charizard|Flamethrower|p2a: Slime Shady\n|-end|p2a: Slime Shady|Substitute\n|move|p2a: Slime Shady|Dragon Pulse|p1a: Charizard\n|-damage|p1a: Charizard|68\/100\n|\n|-weather|SunnyDay|[upkeep]\n|upkeep\n|turn|5\n|\n|t:|1700638049\n|move|p1a: Charizard|Flamethrower|p2a: Slime Shady\n|-damage|p2a: Slime Shady|0 fnt\n|faint|p2a: Slime Shady\n|\n|-weather|SunnyDay|[upkeep]\n|upkeep\n|\n|t:|1700638058\n|switch|p2a: Drilliam Wallace|Excadrill, M|100\/100\n|-ability|p2a: Drilliam Wallace|Mold Breaker\n|turn|6\n|\n|t:|1700638063\n|switch|p2a: Slag Heap|Heatran, M|100\/100\n|move|p1a: Charizard|Flamethrower|p2a: Slag Heap\n|-start|p2a: Slag Heap|ability: Flash Fire\n|\n|-weather|SunnyDay|[upkeep]\n|upkeep\n|turn|7\n|\n|t:|1700638077\n|switch|p1a: Whimsicott|Whimsicott, M|100\/100\n|move|p2a: Slag Heap|Eruption|p1a: Whimsicott\n|-supereffective|p1a: Whimsicott\n|-enditem|p1a: Whimsicott|Focus Sash\n|-damage|p1a: Whimsicott|1\/100\n|\n|-weather|SunnyDay|[upkeep]\n|upkeep\n|turn|8\n|\n|t:|1700638088\n|-end|p2a: Slag Heap|ability: Flash Fire|[silent]\n|switch|p2a: Lego|Ferrothorn, M|3\/100\n|move|p1a: Whimsicott|Tailwind|p1a: Whimsicott\n|-sidestart|p1: Crescent76|move: Tailwind\n|\n|-weather|none\n|upkeep\n|turn|9\n|\n|t:|1700638097\n|move|p1a: Whimsicott|Defog|p2a: Lego\n|-unboost|p2a: Lego|evasion|1\n|move|p2a: Lego|Stealth Rock|p1a: Whimsicott\n|-sidestart|p1: Crescent76|move: Stealth Rock\n|\n|upkeep\n|turn|10\n|\n|t:|1700638108\n|move|p1a: Whimsicott|Defog|p2a: Lego\n|-unboost|p2a: Lego|evasion|1\n|-sideend|p1: Crescent76|Stealth Rock|[from] move: Defog|[of] p1a: Whimsicott\n|move|p2a: Lego|Stealth Rock|p1a: Whimsicott\n|-sidestart|p1: Crescent76|move: Stealth Rock\n|\n|upkeep\n|turn|11\n|\n|t:|1700638117\n|switch|p1a: Excadrill|Excadrill, M|100\/100\n|-damage|p1a: Excadrill|97\/100|[from] Stealth Rock\n|-ability|p1a: Excadrill|Mold Breaker\n|move|p2a: Lego|Stealth Rock||[still]\n|-fail|p2a: Lego\n|\n|-sideend|p1: Crescent76|move: Tailwind\n|upkeep\n|turn|12\n|\n|t:|1700638131\n|move|p1a: Excadrill|Iron Head|p2a: Lego\n|-resisted|p2a: Lego\n|-damage|p2a: Lego|0 fnt\n|-damage|p1a: Excadrill|85\/100|[from] ability: Iron Barbs|[of] p2a: Lego\n|-damage|p1a: Excadrill|68\/100|[from] item: Rocky Helmet|[of] p2a: Lego\n|faint|p2a: Lego\n|-damage|p1a: Excadrill|58\/100|[from] item: Life Orb\n|\n|upkeep\n|\n|t:|1700638139\n|switch|p2a: Slag Heap|Heatran, M|100\/100\n|turn|13\n|\n|t:|1700638143\n|-terastallize|p1a: Excadrill|Ground\n|move|p2a: Slag Heap|Eruption|p1a: Excadrill\n|-damage|p1a: Excadrill|0 fnt\n|faint|p1a: Excadrill\n|\n|upkeep\n|\n|t:|1700638148\n|switch|p1a: Whimsicott|Whimsicott, M|1\/100\n|-damage|p1a: Whimsicott|0 fnt|[from] Stealth Rock\n|faint|p1a: Whimsicott\n|\n|t:|1700638157\n|switch|p1a: Kommo-o|Kommo-o, M|100\/100\n|-damage|p1a: Kommo-o|94\/100|[from] Stealth Rock\n|turn|14\n|\n|t:|1700638161\n|move|p2a: Slag Heap|Eruption|p1a: Kommo-o\n|-resisted|p1a: Kommo-o\n|-damage|p1a: Kommo-o|48\/100\n|-zpower|p1a: Kommo-o\n|move|p1a: Kommo-o|Clangorous Soulblaze|p2a: Slag Heap|[zeffect]\n|-resisted|p2a: Slag Heap\n|-damage|p2a: Slag Heap|71\/100\n|-boost|p1a: Kommo-o|atk|1\n|-boost|p1a: Kommo-o|def|1\n|-boost|p1a: Kommo-o|spa|1\n|-boost|p1a: Kommo-o|spd|1\n|-boost|p1a: Kommo-o|spe|1\n|\n|upkeep\n|turn|15\n|c|\u2606steals many wives|oh no\n|\n|t:|1700638180\n|move|p1a: Kommo-o|Close Combat|p2a: Slag Heap\n|-supereffective|p2a: Slag Heap\n|-damage|p2a: Slag Heap|0 fnt\n|-unboost|p1a: Kommo-o|def|1\n|-unboost|p1a: Kommo-o|spd|1\n|faint|p2a: Slag Heap\n|\n|upkeep\n|\n|t:|1700638187\n|switch|p2a: Team Rocket|Celesteela|100\/100\n|turn|16\n|\n|t:|1700638194\n|move|p1a: Kommo-o|Flamethrower|p2a: Team Rocket\n|-supereffective|p2a: Team Rocket\n|-damage|p2a: Team Rocket|54\/100\n|move|p2a: Team Rocket|Leech Seed|p1a: Kommo-o\n|-start|p1a: Kommo-o|move: Leech Seed\n|\n|-heal|p2a: Team Rocket|60\/100|[from] item: Leftovers\n|-damage|p1a: Kommo-o|36\/100|[from] Leech Seed|[of] p2a: Team Rocket\n|-heal|p2a: Team Rocket|69\/100|[silent]\n|upkeep\n|turn|17\n|\n|t:|1700638204\n|move|p2a: Team Rocket|Protect|p2a: Team Rocket\n|-singleturn|p2a: Team Rocket|Protect\n|move|p1a: Kommo-o|Flamethrower|p2a: Team Rocket\n|-activate|p2a: Team Rocket|move: Protect\n|\n|-heal|p2a: Team Rocket|75\/100|[from] item: Leftovers\n|-damage|p1a: Kommo-o|24\/100|[from] Leech Seed|[of] p2a: Team Rocket\n|-heal|p2a: Team Rocket|85\/100|[silent]\n|upkeep\n|turn|18\n|\n|t:|1700638212\n|move|p1a: Kommo-o|Flamethrower|p2a: Team Rocket\n|-supereffective|p2a: Team Rocket\n|-damage|p2a: Team Rocket|34\/100\n|move|p2a: Team Rocket|Fly||[still]\n|-prepare|p2a: Team Rocket|Fly\n|\n|-heal|p2a: Team Rocket|41\/100|[from] item: Leftovers\n|-damage|p1a: Kommo-o|11\/100|[from] Leech Seed|[of] p2a: Team Rocket\n|-heal|p2a: Team Rocket|50\/100|[silent]\n|upkeep\n|turn|19\n|\n|t:|1700638220\n|switch|p1a: Charizard|Charizard-Mega-Y, M|68\/100\n|-damage|p1a: Charizard|18\/100|[from] Stealth Rock\n|-weather|SunnyDay|[from] ability: Drought|[of] p1a: Charizard\n|move|p2a: Team Rocket|Fly|p1a: Charizard|[from]lockedmove\n|-damage|p1a: Charizard|0 fnt\n|faint|p1a: Charizard\n|-ability|p2a: Team Rocket|Beast Boost|boost\n|-boost|p2a: Team Rocket|def|1\n|\n|-weather|SunnyDay|[upkeep]\n|-heal|p2a: Team Rocket|56\/100|[from] item: Leftovers\n|upkeep\n|\n|t:|1700638225\n|switch|p1a: Boltund|Boltund, F|55\/100\n|-damage|p1a: Boltund|43\/100|[from] Stealth Rock\n|turn|20\n|\n|t:|1700638237\n|move|p2a: Team Rocket|Protect|p2a: Team Rocket\n|-singleturn|p2a: Team Rocket|Protect\n|move|p1a: Boltund|Fire Fang|p2a: Team Rocket\n|-activate|p2a: Team Rocket|move: Protect\n|\n|-weather|SunnyDay|[upkeep]\n|-heal|p2a: Team Rocket|62\/100|[from] item: Leftovers\n|upkeep\n|turn|21\n|\n|t:|1700638252\n|switch|p2a: The Wall|Aggron, M|100\/100\n|move|p1a: Boltund|Fire Fang|p2a: The Wall\n|-damage|p2a: The Wall|71\/100\n|\n|-weather|SunnyDay|[upkeep]\n|upkeep\n|turn|22\n|\n|t:|1700638270\n|detailschange|p2a: The Wall|Aggron-Mega, M\n|-mega|p2a: The Wall|Aggron|Aggronite\n|move|p1a: Boltund|Fire Fang|p2a: The Wall\n|-supereffective|p2a: The Wall\n|-damage|p2a: The Wall|30\/100\n|move|p2a: The Wall|Body Press|p1a: Boltund\n|-damage|p1a: Boltund|0 fnt\n|faint|p1a: Boltund\n|\n|-weather|SunnyDay|[upkeep]\n|upkeep\n|\n|t:|1700638282\n|switch|p1a: Iron Valiant|Iron Valiant|100\/100\n|-damage|p1a: Iron Valiant|94\/100|[from] Stealth Rock\n|-enditem|p1a: Iron Valiant|Booster Energy\n|-activate|p1a: Iron Valiant|ability: Quark Drive|[fromitem]\n|-start|p1a: Iron Valiant|quarkdrivespa\n|turn|23\n|\n|t:|1700638288\n|move|p1a: Iron Valiant|Aura Sphere|p2a: The Wall\n|-supereffective|p2a: The Wall\n|-damage|p2a: The Wall|0 fnt\n|faint|p2a: The Wall\n|\n|-weather|none\n|upkeep\n|\n|t:|1700638297\n|switch|p2a: Team Rocket|Celesteela|62\/100\n|turn|24\n|\n|t:|1700638305\n|move|p1a: Iron Valiant|Moonblast|p2a: Team Rocket\n|-resisted|p2a: Team Rocket\n|-damage|p2a: Team Rocket|39\/100\n|-unboost|p2a: Team Rocket|spa|1\n|move|p2a: Team Rocket|Leech Seed|p1a: Iron Valiant\n|-start|p1a: Iron Valiant|move: Leech Seed\n|\n|-heal|p2a: Team Rocket|45\/100|[from] item: Leftovers\n|-damage|p1a: Iron Valiant|82\/100|[from] Leech Seed|[of] p2a: Team Rocket\n|-heal|p2a: Team Rocket|55\/100|[silent]\n|upkeep\n|turn|25\n|\n|t:|1700638315\n|move|p2a: Team Rocket|Protect|p2a: Team Rocket\n|-singleturn|p2a: Team Rocket|Protect\n|move|p1a: Iron Valiant|Calm Mind|p1a: Iron Valiant\n|-boost|p1a: Iron Valiant|spa|1\n|-boost|p1a: Iron Valiant|spd|1\n|\n|-heal|p2a: Team Rocket|61\/100|[from] item: Leftovers\n|-damage|p1a: Iron Valiant|69\/100|[from] Leech Seed|[of] p2a: Team Rocket\n|-heal|p2a: Team Rocket|70\/100|[silent]\n|upkeep\n|turn|26\n|\n|t:|1700638323\n|move|p1a: Iron Valiant|Moonblast|p2a: Team Rocket\n|-resisted|p2a: Team Rocket\n|-damage|p2a: Team Rocket|31\/100\n|move|p2a: Team Rocket|Fly||[still]\n|-prepare|p2a: Team Rocket|Fly\n|\n|-heal|p2a: Team Rocket|37\/100|[from] item: Leftovers\n|-damage|p1a: Iron Valiant|57\/100|[from] Leech Seed|[of] p2a: Team Rocket\n|-heal|p2a: Team Rocket|46\/100|[silent]\n|upkeep\n|turn|27\n|\n|t:|1700638332\n|move|p1a: Iron Valiant|Calm Mind|p1a: Iron Valiant\n|-boost|p1a: Iron Valiant|spa|1\n|-boost|p1a: Iron Valiant|spd|1\n|move|p2a: Team Rocket|Fly|p1a: Iron Valiant|[from]lockedmove\n|-supereffective|p1a: Iron Valiant\n|-damage|p1a: Iron Valiant|0 fnt\n|faint|p1a: Iron Valiant\n|-end|p1a: Iron Valiant|Quark Drive|[silent]\n|-ability|p2a: Team Rocket|Beast Boost|boost\n|-boost|p2a: Team Rocket|def|1\n|\n|-heal|p2a: Team Rocket|53\/100|[from] item: Leftovers\n|upkeep\n|\n|t:|1700638338\n|switch|p1a: Kommo-o|Kommo-o, M|11\/100\n|-damage|p1a: Kommo-o|5\/100|[from] Stealth Rock\n|turn|28\n|\n|t:|1700638348\n|move|p1a: Kommo-o|Flamethrower|p2a: Team Rocket\n|-supereffective|p2a: Team Rocket\n|-damage|p2a: Team Rocket|19\/100\n|move|p2a: Team Rocket|Iron Head|p1a: Kommo-o\n|-damage|p1a: Kommo-o|0 fnt\n|faint|p1a: Kommo-o\n|\n|win|steals many wives\n|raw|Crescent76's rating: 1232 &rarr; <strong>1202<\/strong><br \/>(-30 for losing)\n|raw|steals many wives's rating: 1158 &rarr; <strong>1188<\/strong><br \/>(+30 for winning)\n|l|\u203dCrescent76\n","uploadtime":1700638360,"views":0,"p1id":"crescent76","p2id":"stealsmanywives","formatid":"gen9nationaldex","rating":1188,"private":0,"password":""}