{"id":"gen9nationaldex-1990084590","p1":"Z4A4Z","p2":"alcatel999","format":"[Gen 9] National Dex","log":"|j|\u2606Z4A4Z\n|j|\u2606alcatel999\n|t:|1699922875\n|gametype|singles\n|player|p1|Z4A4Z|unknown|\n|player|p2|alcatel999|rocketgrunt|\n|teamsize|p1|6\n|teamsize|p2|6\n|gen|9\n|tier|[Gen 9] National Dex\n|rule|HP Percentage Mod: HP is shown in percentages\n|rule|Endless Battle Clause: Forcing endless battles is banned\n|rule|OHKO Clause: OHKO moves are banned\n|rule|Evasion Clause: Evasion abilities, items, and moves are banned\n|rule|Evasion Abilities Clause: Evasion abilities are banned\n|rule|Evasion Items Clause: Evasion items are banned\n|rule|Evasion Moves Clause: Evasion moves are banned\n|rule|Species Clause: Limit one of each Pok\u00e9mon\n|rule|Sleep Clause Mod: Limit one foe put to sleep\n|clearpoke\n|poke|p1|Charizard, F|\n|poke|p1|Blastoise, M|\n|poke|p1|Venusaur, F|\n|poke|p1|Dragonite, M|\n|poke|p1|Rhydon, M|\n|poke|p1|Chansey, F|\n|poke|p2|Dragonite, M|\n|poke|p2|Blaziken, F|\n|poke|p2|Tangrowth, M|\n|poke|p2|Snorlax, M|\n|poke|p2|Zoroark-Hisui, F|\n|poke|p2|Starmie|\n|teampreview\n|inactive|Battle timer is ON: inactive players will automatically lose when time's up. (requested by Z4A4Z)\n|c|\u2606alcatel999|Suerte\n|c|\u2606Z4A4Z|Igual vos\n|\n|t:|1699922897\n|start\n|switch|p1a: Essence of Fire|Charizard, F, shiny|100\/100\n|switch|p2a: Mariposon|Dragonite, M|100\/100\n|turn|1\n|\n|t:|1699922910\n|detailschange|p1a: Essence of Fire|Charizard-Mega-Y, F, shiny\n|-mega|p1a: Essence of Fire|Charizard|Charizardite Y\n|-weather|SunnyDay|[from] ability: Drought|[of] p1a: Essence of Fire\n|move|p2a: Mariposon|Bitter Malice|p1a: Essence of Fire\n|-damage|p1a: Essence of Fire|68\/100\n|-unboost|p1a: Essence of Fire|atk|1\n|move|p1a: Essence of Fire|Overheat|p2a: Mariposon\n|-crit|p2a: Mariposon\n|-enditem|p2a: Mariposon|Focus Sash\n|-damage|p2a: Mariposon|1\/100\n|-unboost|p1a: Essence of Fire|spa|2\n|replace|p2a: Amongus|Zoroark-Hisui, F\n|-end|p2a: Amongus|Illusion\n|\n|-weather|SunnyDay|[upkeep]\n|upkeep\n|turn|2\n|\n|t:|1699922924\n|switch|p2a: RellenitoDeAmor|Snorlax, M|100\/100\n|move|p1a: Essence of Fire|Overheat|p2a: RellenitoDeAmor\n|-damage|p2a: RellenitoDeAmor|90\/100\n|-unboost|p1a: Essence of Fire|spa|2\n|\n|-weather|SunnyDay|[upkeep]\n|-heal|p2a: RellenitoDeAmor|96\/100|[from] item: Leftovers\n|upkeep\n|turn|3\n|\n|t:|1699922927\n|move|p1a: Essence of Fire|Will-O-Wisp|p2a: RellenitoDeAmor\n|-status|p2a: RellenitoDeAmor|brn\n|move|p2a: RellenitoDeAmor|Toxic|p1a: Essence of Fire\n|-status|p1a: Essence of Fire|tox\n|\n|-weather|SunnyDay|[upkeep]\n|-heal|p2a: RellenitoDeAmor|100\/100 brn|[from] item: Leftovers\n|-damage|p1a: Essence of Fire|62\/100 tox|[from] psn\n|-damage|p2a: RellenitoDeAmor|94\/100 brn|[from] brn\n|upkeep\n|turn|4\n|\n|t:|1699922934\n|switch|p1a: Essence of Marowak|Rhydon, M, shiny|100\/100\n|switch|p2a: Mariposon|Dragonite, M|1\/100\n|\n|-weather|SunnyDay|[upkeep]\n|upkeep\n|turn|5\n|\n|t:|1699922941\n|switch|p1a: Essence of Grass|Venusaur, F, shiny|100\/100\n|move|p2a: Mariposon|Bitter Malice|p1a: Essence of Grass\n|-damage|p1a: Essence of Grass|76\/100\n|-unboost|p1a: Essence of Grass|atk|1\n|\n|-weather|none\n|-heal|p1a: Essence of Grass|82\/100|[from] item: Leftovers\n|upkeep\n|turn|6\n|\n|t:|1699922949\n|move|p2a: Mariposon|Flamethrower|p1a: Essence of Grass\n|-supereffective|p1a: Essence of Grass\n|-damage|p1a: Essence of Grass|41\/100\n|move|p1a: Essence of Grass|Leech Seed|p2a: Mariposon\n|-start|p2a: Mariposon|move: Leech Seed\n|\n|-heal|p1a: Essence of Grass|47\/100|[from] item: Leftovers\n|-damage|p2a: Mariposon|0 fnt|[from] Leech Seed|[of] p1a: Essence of Grass\n|-heal|p1a: Essence of Grass|47\/100|[silent]\n|faint|p2a: Mariposon\n|upkeep\n|\n|t:|1699922961\n|switch|p2a: KFC|Blaziken, F|100\/100\n|turn|7\n|\n|t:|1699922971\n|switch|p1a: Essence of Marowak|Rhydon, M, shiny|100\/100\n|move|p2a: KFC|Close Combat|p1a: Essence of Marowak\n|-supereffective|p1a: Essence of Marowak\n|-damage|p1a: Essence of Marowak|61\/100\n|-unboost|p2a: KFC|def|1\n|-unboost|p2a: KFC|spd|1\n|\n|-ability|p2a: KFC|Speed Boost|boost\n|-boost|p2a: KFC|spe|1\n|upkeep\n|turn|8\n|\n|t:|1699922980\n|switch|p2a: HuevoPeludo|Tangrowth, M|100\/100\n|move|p1a: Essence of Marowak|Earthquake|p2a: HuevoPeludo\n|-resisted|p2a: HuevoPeludo\n|-damage|p2a: HuevoPeludo|89\/100\n|\n|upkeep\n|turn|9\n|\n|t:|1699922986\n|switch|p1a: Essence of Ghost|Chansey, F, shiny|100\/100\n|move|p2a: HuevoPeludo|Leech Seed|p1a: Essence of Ghost\n|-start|p1a: Essence of Ghost|move: Leech Seed\n|\n|-damage|p1a: Essence of Ghost|88\/100|[from] Leech Seed|[of] p2a: HuevoPeludo\n|-heal|p2a: HuevoPeludo|100\/100|[silent]\n|upkeep\n|turn|10\n|\n|t:|1699922993\n|move|p1a: Essence of Ghost|Wish|p1a: Essence of Ghost\n|move|p2a: HuevoPeludo|Knock Off|p1a: Essence of Ghost\n|-damage|p1a: Essence of Ghost|74\/100\n|-enditem|p1a: Essence of Ghost|Eviolite|[from] move: Knock Off|[of] p2a: HuevoPeludo\n|\n|-damage|p1a: Essence of Ghost|61\/100|[from] Leech Seed|[of] p2a: HuevoPeludo\n|upkeep\n|turn|11\n|\n|t:|1699923001\n|switch|p2a: Mariposon|Dragonite, M|100\/100\n|move|p1a: Essence of Ghost|Aromatherapy|p1a: Essence of Ghost\n|-activate|p1a: Essence of Ghost|move: Aromatherapy\n|-curestatus|p1: Essence of Fire|tox|[msg]\n|\n|-heal|p1a: Essence of Ghost|100\/100|[from] move: Wish|[wisher] Essence of Ghost\n|-damage|p1a: Essence of Ghost|88\/100|[from] Leech Seed|[of] p2a: Mariposon\n|upkeep\n|turn|12\n|\n|t:|1699923007\n|switch|p1a: Essence of Marowak|Rhydon, M, shiny|61\/100\n|move|p2a: Mariposon|Dragon Dance|p2a: Mariposon\n|-boost|p2a: Mariposon|atk|1\n|-boost|p2a: Mariposon|spe|1\n|\n|upkeep\n|turn|13\n|\n|t:|1699923012\n|move|p2a: Mariposon|Ice Spinner|p1a: Essence of Marowak\n|-supereffective|p1a: Essence of Marowak\n|-damage|p1a: Essence of Marowak|27\/100\n|move|p1a: Essence of Marowak|Dragon Tail|p2a: Mariposon\n|-supereffective|p2a: Mariposon\n|-damage|p2a: Mariposon|83\/100\n|drag|p2a: HuevoPeludo|Tangrowth, M|100\/100\n|\n|upkeep\n|turn|14\n|\n|t:|1699923020\n|switch|p1a: Essence of Fire|Charizard-Mega-Y, F, shiny|62\/100\n|-weather|SunnyDay|[from] ability: Drought|[of] p1a: Essence of Fire\n|move|p2a: HuevoPeludo|Knock Off|p1a: Essence of Fire\n|-damage|p1a: Essence of Fire|49\/100\n|\n|-weather|SunnyDay|[upkeep]\n|upkeep\n|turn|15\n|\n|t:|1699923024\n|switch|p2a: RellenitoDeAmor|Snorlax, M|94\/100 brn\n|move|p1a: Essence of Fire|Roost|p1a: Essence of Fire\n|-heal|p1a: Essence of Fire|99\/100\n|-singleturn|p1a: Essence of Fire|move: Roost\n|\n|-weather|SunnyDay|[upkeep]\n|-heal|p2a: RellenitoDeAmor|100\/100 brn|[from] item: Leftovers\n|-damage|p2a: RellenitoDeAmor|94\/100 brn|[from] brn\n|upkeep\n|turn|16\n|\n|t:|1699923030\n|switch|p1a: Essence of Grass|Venusaur, F, shiny|47\/100\n|move|p2a: RellenitoDeAmor|Toxic|p1a: Essence of Grass\n|-immune|p1a: Essence of Grass\n|\n|-weather|SunnyDay|[upkeep]\n|-heal|p1a: Essence of Grass|54\/100|[from] item: Leftovers\n|-heal|p2a: RellenitoDeAmor|100\/100 brn|[from] item: Leftovers\n|-damage|p2a: RellenitoDeAmor|94\/100 brn|[from] brn\n|upkeep\n|turn|17\n|\n|t:|1699923041\n|move|p1a: Essence of Grass|Leech Seed|p2a: RellenitoDeAmor\n|-start|p2a: RellenitoDeAmor|move: Leech Seed\n|move|p2a: RellenitoDeAmor|Body Slam|p1a: Essence of Grass\n|-damage|p1a: Essence of Grass|36\/100\n|\n|-weather|SunnyDay|[upkeep]\n|-heal|p1a: Essence of Grass|42\/100|[from] item: Leftovers\n|-heal|p2a: RellenitoDeAmor|100\/100 brn|[from] item: Leftovers\n|-damage|p2a: RellenitoDeAmor|88\/100 brn|[from] Leech Seed|[of] p1a: Essence of Grass\n|-heal|p1a: Essence of Grass|60\/100|[silent]\n|-damage|p2a: RellenitoDeAmor|82\/100 brn|[from] brn\n|upkeep\n|turn|18\n|\n|t:|1699923049\n|switch|p2a: PatricioEstrella|Starmie|100\/100\n|move|p1a: Essence of Grass|Giga Drain|p2a: PatricioEstrella\n|-supereffective|p2a: PatricioEstrella\n|-damage|p2a: PatricioEstrella|30\/100\n|-heal|p1a: Essence of Grass|86\/100|[from] drain|[of] p2a: PatricioEstrella\n|\n|-weather|none\n|-heal|p1a: Essence of Grass|92\/100|[from] item: Leftovers\n|upkeep\n|turn|19\n|\n|t:|1699923055\n|move|p2a: PatricioEstrella|Psychic|p1a: Essence of Grass\n|-supereffective|p1a: Essence of Grass\n|-damage|p1a: Essence of Grass|42\/100\n|move|p1a: Essence of Grass|Giga Drain|p2a: PatricioEstrella\n|-supereffective|p2a: PatricioEstrella\n|-damage|p2a: PatricioEstrella|0 fnt\n|-heal|p1a: Essence of Grass|53\/100|[from] drain|[of] p2a: PatricioEstrella\n|faint|p2a: PatricioEstrella\n|\n|-heal|p1a: Essence of Grass|59\/100|[from] item: Leftovers\n|upkeep\n|\n|t:|1699923071\n|switch|p2a: KFC|Blaziken, F|100\/100\n|turn|20\n|\n|t:|1699923076\n|switch|p1a: Essence of Kanto|Dragonite, M|100\/100\n|move|p2a: KFC|Flare Blitz|p1a: Essence of Kanto\n|-resisted|p1a: Essence of Kanto\n|-damage|p1a: Essence of Kanto|86\/100\n|-damage|p2a: KFC|95\/100|[from] Recoil\n|\n|-heal|p2a: KFC|100\/100|[from] item: Leftovers\n|-ability|p2a: KFC|Speed Boost|boost\n|-boost|p2a: KFC|spe|1\n|upkeep\n|turn|21\n|\n|t:|1699923084\n|move|p2a: KFC|Protect|p2a: KFC\n|-singleturn|p2a: KFC|Protect\n|move|p1a: Essence of Kanto|Extreme Speed|p2a: KFC\n|-activate|p2a: KFC|move: Protect\n|\n|-ability|p2a: KFC|Speed Boost|boost\n|-boost|p2a: KFC|spe|1\n|upkeep\n|turn|22\n|\n|t:|1699923089\n|move|p1a: Essence of Kanto|Extreme Speed|p2a: KFC\n|-damage|p2a: KFC|37\/100\n|move|p2a: KFC|Swords Dance|p2a: KFC\n|-boost|p2a: KFC|atk|2\n|\n|-heal|p2a: KFC|43\/100|[from] item: Leftovers\n|-ability|p2a: KFC|Speed Boost|boost\n|-boost|p2a: KFC|spe|1\n|upkeep\n|turn|23\n|\n|t:|1699923092\n|move|p2a: KFC|Protect|p2a: KFC\n|-singleturn|p2a: KFC|Protect\n|move|p1a: Essence of Kanto|Extreme Speed|p2a: KFC\n|-activate|p2a: KFC|move: Protect\n|\n|-heal|p2a: KFC|49\/100|[from] item: Leftovers\n|-ability|p2a: KFC|Speed Boost|boost\n|-boost|p2a: KFC|spe|1\n|upkeep\n|turn|24\n|\n|t:|1699923103\n|move|p2a: KFC|Protect||[still]\n|-fail|p2a: KFC\n|move|p1a: Essence of Kanto|Extreme Speed|p2a: KFC\n|-damage|p2a: KFC|0 fnt\n|faint|p2a: KFC\n|\n|upkeep\n|\n|t:|1699923108\n|switch|p2a: HuevoPeludo|Tangrowth, M|100\/100\n|turn|25\n|\n|t:|1699923111\n|switch|p1a: Essence of Fire|Charizard-Mega-Y, F, shiny|99\/100\n|-weather|SunnyDay|[from] ability: Drought|[of] p1a: Essence of Fire\n|move|p2a: HuevoPeludo|Knock Off|p1a: Essence of Fire\n|-damage|p1a: Essence of Fire|87\/100\n|\n|-weather|SunnyDay|[upkeep]\n|upkeep\n|turn|26\n|\n|t:|1699923118\n|switch|p1a: Essence of Grass|Venusaur, F, shiny|59\/100\n|switch|p2a: RellenitoDeAmor|Snorlax, M|82\/100 brn\n|\n|-weather|SunnyDay|[upkeep]\n|-heal|p1a: Essence of Grass|65\/100|[from] item: Leftovers\n|-heal|p2a: RellenitoDeAmor|88\/100 brn|[from] item: Leftovers\n|-damage|p2a: RellenitoDeAmor|82\/100 brn|[from] brn\n|upkeep\n|turn|27\n|\n|t:|1699923122\n|switch|p2a: HuevoPeludo|Tangrowth, M|100\/100\n|move|p1a: Essence of Grass|Leech Seed|p2a: HuevoPeludo\n|-immune|p2a: HuevoPeludo\n|\n|-weather|SunnyDay|[upkeep]\n|-heal|p1a: Essence of Grass|71\/100|[from] item: Leftovers\n|upkeep\n|turn|28\n|\n|t:|1699923126\n|switch|p2a: Mariposon|Dragonite, M|83\/100\n|move|p1a: Essence of Grass|Sludge Bomb|p2a: Mariposon\n|-damage|p2a: Mariposon|49\/100\n|\n|-weather|SunnyDay|[upkeep]\n|-heal|p1a: Essence of Grass|77\/100|[from] item: Leftovers\n|-heal|p2a: Mariposon|55\/100|[from] item: Leftovers\n|upkeep\n|turn|29\n|\n|t:|1699923133\n|move|p1a: Essence of Grass|Toxic|p2a: Mariposon\n|-status|p2a: Mariposon|tox\n|move|p2a: Mariposon|Ice Spinner|p1a: Essence of Grass\n|-supereffective|p1a: Essence of Grass\n|-crit|p1a: Essence of Grass\n|-damage|p1a: Essence of Grass|0 fnt\n|faint|p1a: Essence of Grass\n|\n|-weather|none\n|-heal|p2a: Mariposon|61\/100 tox|[from] item: Leftovers\n|-damage|p2a: Mariposon|55\/100 tox|[from] psn\n|upkeep\n|\n|t:|1699923139\n|switch|p1a: Essence of Fire|Charizard-Mega-Y, F, shiny|87\/100\n|-weather|SunnyDay|[from] ability: Drought|[of] p1a: Essence of Fire\n|turn|30\n|\n|t:|1699923145\n|move|p2a: Mariposon|Extreme Speed|p1a: Essence of Fire\n|-damage|p1a: Essence of Fire|60\/100\n|move|p1a: Essence of Fire|Overheat|p2a: Mariposon\n|-resisted|p2a: Mariposon\n|-damage|p2a: Mariposon|0 fnt\n|-unboost|p1a: Essence of Fire|spa|2\n|faint|p2a: Mariposon\n|\n|-weather|SunnyDay|[upkeep]\n|upkeep\n|\n|t:|1699923149\n|switch|p2a: RellenitoDeAmor|Snorlax, M|82\/100 brn\n|turn|31\n|\n|t:|1699923154\n|switch|p1a: Essence of Kanto|Dragonite, M|86\/100\n|move|p2a: RellenitoDeAmor|Toxic|p1a: Essence of Kanto\n|-status|p1a: Essence of Kanto|tox\n|\n|-weather|SunnyDay|[upkeep]\n|-heal|p2a: RellenitoDeAmor|88\/100 brn|[from] item: Leftovers\n|-damage|p1a: Essence of Kanto|80\/100 tox|[from] psn\n|-damage|p2a: RellenitoDeAmor|82\/100 brn|[from] brn\n|upkeep\n|turn|32\n|\n|t:|1699923158\n|switch|p2a: HuevoPeludo|Tangrowth, M|100\/100\n|move|p1a: Essence of Kanto|Outrage|p2a: HuevoPeludo\n|-damage|p2a: HuevoPeludo|45\/100\n|-damage|p1a: Essence of Kanto|63\/100 tox|[from] item: Rocky Helmet|[of] p2a: HuevoPeludo\n|\n|-weather|SunnyDay|[upkeep]\n|-damage|p1a: Essence of Kanto|50\/100 tox|[from] psn\n|upkeep\n|turn|33\n|\n|t:|1699923164\n|move|p2a: HuevoPeludo|Protect|p2a: HuevoPeludo\n|-singleturn|p2a: HuevoPeludo|Protect\n|move|p1a: Essence of Kanto|Outrage|p2a: HuevoPeludo|[from]lockedmove\n|-activate|p2a: HuevoPeludo|move: Protect\n|\n|-weather|SunnyDay|[upkeep]\n|-damage|p1a: Essence of Kanto|32\/100 tox|[from] psn\n|upkeep\n|turn|34\n|\n|t:|1699923173\n|move|p1a: Essence of Kanto|Outrage|p2a: HuevoPeludo\n|-damage|p2a: HuevoPeludo|0 fnt\n|-damage|p1a: Essence of Kanto|15\/100 tox|[from] item: Rocky Helmet|[of] p2a: HuevoPeludo\n|faint|p2a: HuevoPeludo\n|\n|-weather|none\n|-damage|p1a: Essence of Kanto|0 fnt|[from] psn\n|faint|p1a: Essence of Kanto\n|upkeep\n|\n|t:|1699923177\n|switch|p1a: Essence of Ghost|Chansey, F, shiny|88\/100\n|switch|p2a: RellenitoDeAmor|Snorlax, M|82\/100 brn\n|turn|35\n|c|\u2606alcatel999|Gg\n|c|\u2606alcatel999|paliza pipi\n|\n|t:|1699923185\n|move|p1a: Essence of Ghost|Wish|p1a: Essence of Ghost\n|move|p2a: RellenitoDeAmor|Curse|p2a: RellenitoDeAmor\n|-unboost|p2a: RellenitoDeAmor|spe|1\n|-boost|p2a: RellenitoDeAmor|atk|1\n|-boost|p2a: RellenitoDeAmor|def|1\n|\n|-heal|p2a: RellenitoDeAmor|88\/100 brn|[from] item: Leftovers\n|-damage|p2a: RellenitoDeAmor|82\/100 brn|[from] brn\n|upkeep\n|turn|36\n|c|\u2606Z4A4Z|Tengo un mal presentimiento\n|\n|t:|1699923192\n|switch|p1a: Essence of Marowak|Rhydon, M, shiny|27\/100\n|move|p2a: RellenitoDeAmor|Curse|p2a: RellenitoDeAmor\n|-unboost|p2a: RellenitoDeAmor|spe|1\n|-boost|p2a: RellenitoDeAmor|atk|1\n|-boost|p2a: RellenitoDeAmor|def|1\n|\n|-heal|p1a: Essence of Marowak|100\/100|[from] move: Wish|[wisher] Essence of Ghost\n|-heal|p2a: RellenitoDeAmor|88\/100 brn|[from] item: Leftovers\n|-damage|p2a: RellenitoDeAmor|82\/100 brn|[from] brn\n|upkeep\n|turn|37\n|\n|t:|1699923197\n|switch|p1a: Essence of Ghost|Chansey, F, shiny|88\/100\n|move|p2a: RellenitoDeAmor|Curse|p2a: RellenitoDeAmor\n|-unboost|p2a: RellenitoDeAmor|spe|1\n|-boost|p2a: RellenitoDeAmor|atk|1\n|-boost|p2a: RellenitoDeAmor|def|1\n|\n|-heal|p2a: RellenitoDeAmor|88\/100 brn|[from] item: Leftovers\n|-damage|p2a: RellenitoDeAmor|82\/100 brn|[from] brn\n|upkeep\n|turn|38\n|\n|t:|1699923203\n|move|p1a: Essence of Ghost|Wish|p1a: Essence of Ghost\n|move|p2a: RellenitoDeAmor|Body Slam|p1a: Essence of Ghost\n|-damage|p1a: Essence of Ghost|47\/100\n|\n|-heal|p2a: RellenitoDeAmor|88\/100 brn|[from] item: Leftovers\n|-damage|p2a: RellenitoDeAmor|82\/100 brn|[from] brn\n|upkeep\n|turn|39\n|\n|t:|1699923208\n|-terastallize|p1a: Essence of Ghost|Ghost\n|move|p1a: Essence of Ghost|Seismic Toss|p2a: RellenitoDeAmor\n|-damage|p2a: RellenitoDeAmor|63\/100 brn\n|move|p2a: RellenitoDeAmor|Curse|p2a: RellenitoDeAmor\n|-unboost|p2a: RellenitoDeAmor|spe|1\n|-boost|p2a: RellenitoDeAmor|atk|1\n|-boost|p2a: RellenitoDeAmor|def|1\n|\n|-heal|p1a: Essence of Ghost|97\/100|[from] move: Wish|[wisher] Essence of Ghost\n|-heal|p2a: RellenitoDeAmor|69\/100 brn|[from] item: Leftovers\n|-damage|p2a: RellenitoDeAmor|63\/100 brn|[from] brn\n|upkeep\n|turn|40\n|\n|t:|1699923220\n|-terastallize|p2a: RellenitoDeAmor|Ghost\n|move|p1a: Essence of Ghost|Wish|p1a: Essence of Ghost\n|move|p2a: RellenitoDeAmor|Curse|p1a: Essence of Ghost\n|-start|p1a: Essence of Ghost|Curse|[of] p2a: RellenitoDeAmor\n|-damage|p2a: RellenitoDeAmor|13\/100 brn\n|\n|-heal|p2a: RellenitoDeAmor|19\/100 brn|[from] item: Leftovers\n|-damage|p2a: RellenitoDeAmor|13\/100 brn|[from] brn\n|-damage|p1a: Essence of Ghost|72\/100|[from] Curse\n|upkeep\n|turn|41\n|l|\u2606Z4A4Z\n|inactive|Z4A4Z disconnected and has 300 seconds to reconnect!\n|player|p1|\n|inactive|Z4A4Z has 270 seconds to reconnect!\n|j|\u2606Z4A4Z\n|inactive|Z4A4Z reconnected and has 295 seconds left.\n|player|p1|Z4A4Z|unknown\n|\n|t:|1699923280\n|move|p1a: Essence of Ghost|Wish||[still]\n|-fail|p1a: Essence of Ghost\n|move|p2a: RellenitoDeAmor|Rest|p2a: RellenitoDeAmor\n|-status|p2a: RellenitoDeAmor|slp|[from] move: Rest\n|-heal|p2a: RellenitoDeAmor|100\/100 slp|[silent]\n|\n|-heal|p1a: Essence of Ghost|100\/100|[from] move: Wish|[wisher] Essence of Ghost\n|-damage|p1a: Essence of Ghost|76\/100|[from] Curse\n|upkeep\n|turn|42\n|inactive|alcatel999 has 270 seconds left.\n|\n|t:|1699923319\n|switch|p1a: Essence of Fire|Charizard-Mega-Y, F, shiny|60\/100\n|-weather|SunnyDay|[from] ability: Drought|[of] p1a: Essence of Fire\n|cant|p2a: RellenitoDeAmor|slp\n|\n|-weather|SunnyDay|[upkeep]\n|upkeep\n|turn|43\n|inactive|alcatel999 has 270 seconds left.\n|l|\u2606Z4A4Z\n|inactive|Z4A4Z disconnected and has 250 seconds to reconnect!\n|player|p1|\n|inactive|Z4A4Z has 240 seconds to reconnect!\n|inactive|Z4A4Z has 210 seconds to reconnect!\n|inactive|Z4A4Z has 180 seconds to reconnect!\n|c|\u2606alcatel999|El mal presentimiento era que se le vaya el internet xd\n|inactive|Z4A4Z has 150 seconds to reconnect!\n|inactive|Z4A4Z has 120 seconds to reconnect!\n|inactive|Z4A4Z has 90 seconds to reconnect!\n|inactive|Z4A4Z has 60 seconds to reconnect!\n|inactive|Z4A4Z has 30 seconds to reconnect!\n|inactive|Z4A4Z has 20 seconds to reconnect!\n|inactive|Z4A4Z has 15 seconds to reconnect!\n|inactive|Z4A4Z has 10 seconds to reconnect!\n|inactive|Z4A4Z has 5 seconds to reconnect!\n|-message|Z4A4Z lost due to inactivity.\n|\n|win|alcatel999\n|c|\u2606alcatel999|f\n","uploadtime":1699923589,"views":4,"p1id":"z4a4z","p2id":"alcatel999","formatid":"gen9nationaldex","rating":0,"private":0,"password":""}