{"id":"gen9nationaldex-2000164008","p1":"Yan Mouren","p2":"youyu519","format":"[Gen 9] National Dex","log":"|html|<div class=\"broadcast-blue\"><strong>[Gen 9] National Dex is currently suspecting Sneasler! For information on how to participate check out the <a href=\"https:\/\/www.smogon.com\/forums\/threads\/sv-national-dex-suspect-8-just-dance.3731534\/\">suspect thread<\/a>.<\/strong><\/div>\n|j|\u2606Yan Mouren\n|j|\u2606youyu519\n|t:|1701165734\n|gametype|singles\n|player|p1|Yan Mouren|lady-gen4|\n|player|p2|youyu519|veteranf|\n|teamsize|p1|6\n|teamsize|p2|6\n|gen|9\n|tier|[Gen 9] National Dex\n|rule|HP Percentage Mod: HP is shown in percentages\n|rule|Endless Battle Clause: Forcing endless battles is banned\n|rule|OHKO Clause: OHKO moves are banned\n|rule|Evasion Clause: Evasion abilities, items, and moves are banned\n|rule|Evasion Abilities Clause: Evasion abilities are banned\n|rule|Evasion Items Clause: Evasion items are banned\n|rule|Evasion Moves Clause: Evasion moves are banned\n|rule|Species Clause: Limit one of each Pok\u00e9mon\n|rule|Sleep Clause Mod: Limit one foe put to sleep\n|clearpoke\n|poke|p1|Scizor, M|\n|poke|p1|Hatterene, F|\n|poke|p1|Garchomp, M|\n|poke|p1|Victini|\n|poke|p1|Zapdos|\n|poke|p1|Swampert, M|\n|poke|p2|Ogerpon-Cornerstone, F|\n|poke|p2|Dragonite, F|\n|poke|p2|Tapu Koko|\n|poke|p2|Kartana|\n|poke|p2|Kommo-o, F|\n|poke|p2|Heatran, F|\n|teampreview\n|\n|t:|1701165762\n|start\n|switch|p1a: \u5929\u5929\u8fc7\u52b3\u6b7b|Scizor, M|100\/100\n|switch|p2a: Ogerpon|Ogerpon-Cornerstone, F|100\/100\n|turn|1\n|\n|t:|1701165780\n|switch|p2a: Kommo-o|Kommo-o, F, shiny|100\/100\n|detailschange|p1a: \u5929\u5929\u8fc7\u52b3\u6b7b|Scizor-Mega, M\n|-mega|p1a: \u5929\u5929\u8fc7\u52b3\u6b7b|Scizor|Scizorite\n|move|p1a: \u5929\u5929\u8fc7\u52b3\u6b7b|U-turn|p2a: Kommo-o\n|-resisted|p2a: Kommo-o\n|-damage|p2a: Kommo-o|87\/100\n|\n|t:|1701165787\n|switch|p1a: \u9cde\u5c04\u522b\u7a7a\u4e86\uff09|Garchomp, M|100\/100|[from] U-turn\n|\n|upkeep\n|turn|2\n|\n|t:|1701165823\n|move|p1a: \u9cde\u5c04\u522b\u7a7a\u4e86\uff09|Scale Shot|p2a: Kommo-o\n|-supereffective|p2a: Kommo-o\n|-damage|p2a: Kommo-o|66\/100\n|-supereffective|p2a: Kommo-o\n|-damage|p2a: Kommo-o|46\/100\n|-supereffective|p2a: Kommo-o\n|-damage|p2a: Kommo-o|25\/100\n|-supereffective|p2a: Kommo-o\n|-crit|p2a: Kommo-o\n|-damage|p2a: Kommo-o|0 fnt\n|faint|p2a: Kommo-o\n|-hitcount|p2: Kommo-o|4\n|-unboost|p1a: \u9cde\u5c04\u522b\u7a7a\u4e86\uff09|def|1\n|-boost|p1a: \u9cde\u5c04\u522b\u7a7a\u4e86\uff09|spe|1\n|\n|upkeep\n|\n|t:|1701165838\n|switch|p2a: Ogerpon|Ogerpon-Cornerstone, F|100\/100\n|turn|3\n|\n|t:|1701165848\n|switch|p1a: \u5929\u5929\u8fc7\u52b3\u6b7b|Scizor-Mega, M|100\/100\n|-terastallize|p2a: Ogerpon|Rock\n|detailschange|p2a: Ogerpon|Ogerpon-Cornerstone-Tera, F, tera:Rock\n|-ability|p2a: Ogerpon|Embody Aspect (Cornerstone)|boost\n|-boost|p2a: Ogerpon|def|1\n|move|p2a: Ogerpon|Ivy Cudgel|p1a: \u5929\u5929\u8fc7\u52b3\u6b7b|[anim] Ivy Cudgel Rock\n|-damage|p1a: \u5929\u5929\u8fc7\u52b3\u6b7b|41\/100\n|\n|upkeep\n|turn|4\n|\n|t:|1701165858\n|move|p1a: \u5929\u5929\u8fc7\u52b3\u6b7b|Bullet Punch|p2a: Ogerpon\n|-supereffective|p2a: Ogerpon\n|-damage|p2a: Ogerpon|44\/100\n|move|p2a: Ogerpon|Ivy Cudgel|p1a: \u5929\u5929\u8fc7\u52b3\u6b7b|[anim] Ivy Cudgel Rock\n|-damage|p1a: \u5929\u5929\u8fc7\u52b3\u6b7b|0 fnt\n|faint|p1a: \u5929\u5929\u8fc7\u52b3\u6b7b\n|\n|upkeep\n|\n|t:|1701165872\n|switch|p1a: \u9cde\u5c04\u522b\u7a7a\u4e86\uff09|Garchomp, M|100\/100\n|turn|5\n|\n|t:|1701165905\n|move|p2a: Ogerpon|Ivy Cudgel|p1a: \u9cde\u5c04\u522b\u7a7a\u4e86\uff09|[anim] Ivy Cudgel Rock\n|-resisted|p1a: \u9cde\u5c04\u522b\u7a7a\u4e86\uff09\n|-damage|p1a: \u9cde\u5c04\u522b\u7a7a\u4e86\uff09|59\/100\n|move|p1a: \u9cde\u5c04\u522b\u7a7a\u4e86\uff09|Scale Shot|p2a: Ogerpon|[miss]\n|-miss|p1a: \u9cde\u5c04\u522b\u7a7a\u4e86\uff09|p2a: Ogerpon\n|\n|upkeep\n|turn|6\n|c|\u2606Yan Mouren|\u8fd9\u5c31\u662f\u9cde\u5c04\n|\n|t:|1701165918\n|move|p2a: Ogerpon|Knock Off|p1a: \u9cde\u5c04\u522b\u7a7a\u4e86\uff09\n|-damage|p1a: \u9cde\u5c04\u522b\u7a7a\u4e86\uff09|18\/100\n|-damage|p2a: Ogerpon|32\/100|[from] ability: Rough Skin|[of] p1a: \u9cde\u5c04\u522b\u7a7a\u4e86\uff09\n|-enditem|p1a: \u9cde\u5c04\u522b\u7a7a\u4e86\uff09|Loaded Dice|[from] move: Knock Off|[of] p2a: Ogerpon\n|move|p1a: \u9cde\u5c04\u522b\u7a7a\u4e86\uff09|Scale Shot|p2a: Ogerpon|[miss]\n|-miss|p1a: \u9cde\u5c04\u522b\u7a7a\u4e86\uff09|p2a: Ogerpon\n|\n|upkeep\n|turn|7\n|c|\u2606youyu519|6\n|c|\u2606Yan Mouren|\u592a\u7cbe\u5f69\u4e86\n|\n|t:|1701165928\n|move|p2a: Ogerpon|Ivy Cudgel|p1a: \u9cde\u5c04\u522b\u7a7a\u4e86\uff09|[anim] Ivy Cudgel Rock\n|-resisted|p1a: \u9cde\u5c04\u522b\u7a7a\u4e86\uff09\n|-damage|p1a: \u9cde\u5c04\u522b\u7a7a\u4e86\uff09|0 fnt\n|faint|p1a: \u9cde\u5c04\u522b\u7a7a\u4e86\uff09\n|\n|upkeep\n|\n|t:|1701165935\n|switch|p1a: \u4e3a\u6211\u5e26\u6765\u80dc\u5229\uff01|Victini|100\/100\n|turn|8\n|\n|t:|1701165938\n|move|p1a: \u4e3a\u6211\u5e26\u6765\u80dc\u5229\uff01|Bolt Strike|p2a: Ogerpon\n|-damage|p2a: Ogerpon|0 fnt\n|faint|p2a: Ogerpon\n|\n|upkeep\n|\n|t:|1701165943\n|switch|p2a: Heatran|Heatran, F|100\/100\n|turn|9\n|\n|t:|1701165948\n|switch|p1a: \u84dd\u80d6\u4e0a\u4f4d|Swampert, M|100\/100\n|move|p2a: Heatran|Stealth Rock|p1a: \u84dd\u80d6\u4e0a\u4f4d\n|-sidestart|p1: Yan Mouren|move: Stealth Rock\n|\n|upkeep\n|turn|10\n|\n|t:|1701165958\n|move|p2a: Heatran|Taunt|p1a: \u84dd\u80d6\u4e0a\u4f4d\n|-start|p1a: \u84dd\u80d6\u4e0a\u4f4d|move: Taunt\n|move|p1a: \u84dd\u80d6\u4e0a\u4f4d|Flip Turn|p2a: Heatran\n|-supereffective|p2a: Heatran\n|-damage|p2a: Heatran|61\/100\n|c|\u2606Yan Mouren|\uff1f\n|c|\u2606Yan Mouren|\u4e0d\u6015\u6211\u5730\u9707\uff1f\n|\n|t:|1701165973\n|switch|p1a: \u9e1f\u54e5|Zapdos|100\/100|[from] Flip Turn\n|\n|-heal|p2a: Heatran|67\/100|[from] item: Leftovers\n|upkeep\n|turn|11\n|\n|t:|1701165979\n|move|p1a: \u9e1f\u54e5|Defog|p2a: Heatran\n|-unboost|p2a: Heatran|evasion|1\n|-sideend|p1: Yan Mouren|Stealth Rock|[from] move: Defog|[of] p1a: \u9e1f\u54e5\n|move|p2a: Heatran|Magma Storm|p1a: \u9e1f\u54e5\n|-damage|p1a: \u9e1f\u54e5|61\/100\n|-activate|p1a: \u9e1f\u54e5|move: Magma Storm|[of] p2a: Heatran\n|\n|-heal|p2a: Heatran|74\/100|[from] item: Leftovers\n|-damage|p1a: \u9e1f\u54e5|48\/100|[from] move: Magma Storm|[partiallytrapped]\n|upkeep\n|turn|12\n|c|\u2606youyu519|\u4efb\u52a1\u5df2\u7ecf\u5b8c\u6210\u4e86\n|\n|t:|1701165985\n|move|p1a: \u9e1f\u54e5|Volt Switch|p2a: Heatran\n|-damage|p2a: Heatran|55\/100\n|\n|t:|1701165988\n|switch|p1a: \u84dd\u80d6\u4e0a\u4f4d|Swampert, M|100\/100|[from] Volt Switch\n|move|p2a: Heatran|Stealth Rock|p1a: \u84dd\u80d6\u4e0a\u4f4d\n|-sidestart|p1: Yan Mouren|move: Stealth Rock\n|\n|-heal|p2a: Heatran|61\/100|[from] item: Leftovers\n|upkeep\n|turn|13\n|\n|t:|1701165993\n|switch|p2a: Dragonite|Dragonite, F|100\/100\n|move|p1a: \u84dd\u80d6\u4e0a\u4f4d|Earthquake|p2a: Dragonite\n|-immune|p2a: Dragonite\n|\n|upkeep\n|turn|14\n|\n|t:|1701165997\n|move|p2a: Dragonite|Dragon Dance|p2a: Dragonite\n|-boost|p2a: Dragonite|atk|1\n|-boost|p2a: Dragonite|spe|1\n|move|p1a: \u84dd\u80d6\u4e0a\u4f4d|Toxic|p2a: Dragonite\n|-status|p2a: Dragonite|tox\n|\n|-damage|p2a: Dragonite|94\/100 tox|[from] psn\n|upkeep\n|turn|15\n|\n|t:|1701166000\n|move|p2a: Dragonite|Dragon Dance|p2a: Dragonite\n|-boost|p2a: Dragonite|atk|1\n|-boost|p2a: Dragonite|spe|1\n|move|p1a: \u84dd\u80d6\u4e0a\u4f4d|Flip Turn|p2a: Dragonite\n|-resisted|p2a: Dragonite\n|-damage|p2a: Dragonite|84\/100 tox\n|\n|t:|1701166012\n|switch|p1a: \u4e3a\u6211\u5e26\u6765\u80dc\u5229\uff01|Victini|100\/100|[from] Flip Turn\n|-damage|p1a: \u4e3a\u6211\u5e26\u6765\u80dc\u5229\uff01|76\/100|[from] Stealth Rock\n|\n|-damage|p2a: Dragonite|72\/100 tox|[from] psn\n|upkeep\n|turn|16\n|\n|t:|1701166017\n|move|p1a: \u4e3a\u6211\u5e26\u6765\u80dc\u5229\uff01|Trick|p2a: Dragonite\n|-activate|p1a: \u4e3a\u6211\u5e26\u6765\u80dc\u5229\uff01|move: Trick|[of] p2a: Dragonite\n|-item|p2a: Dragonite|Choice Scarf|[from] move: Trick\n|-item|p1a: \u4e3a\u6211\u5e26\u6765\u80dc\u5229\uff01|Heavy-Duty Boots|[from] move: Trick\n|move|p2a: Dragonite|Earthquake|p1a: \u4e3a\u6211\u5e26\u6765\u80dc\u5229\uff01\n|-supereffective|p1a: \u4e3a\u6211\u5e26\u6765\u80dc\u5229\uff01\n|-damage|p1a: \u4e3a\u6211\u5e26\u6765\u80dc\u5229\uff01|0 fnt\n|faint|p1a: \u4e3a\u6211\u5e26\u6765\u80dc\u5229\uff01\n|\n|-damage|p2a: Dragonite|53\/100 tox|[from] psn\n|upkeep\n|\n|t:|1701166022\n|switch|p1a: \u9e1f\u54e5|Zapdos|48\/100\n|turn|17\n|\n|t:|1701166026\n|switch|p2a: Heatran|Heatran, F|61\/100\n|move|p1a: \u9e1f\u54e5|Roost|p1a: \u9e1f\u54e5\n|-heal|p1a: \u9e1f\u54e5|98\/100\n|-singleturn|p1a: \u9e1f\u54e5|move: Roost\n|\n|-heal|p2a: Heatran|67\/100|[from] item: Leftovers\n|upkeep\n|turn|18\n|\n|t:|1701166032\n|move|p1a: \u9e1f\u54e5|Volt Switch|p2a: Heatran\n|-damage|p2a: Heatran|49\/100\n|\n|t:|1701166035\n|switch|p1a: \u84dd\u80d6\u4e0a\u4f4d|Swampert, M|100\/100|[from] Volt Switch\n|-damage|p1a: \u84dd\u80d6\u4e0a\u4f4d|94\/100|[from] Stealth Rock\n|move|p2a: Heatran|Magma Storm|p1a: \u84dd\u80d6\u4e0a\u4f4d\n|-resisted|p1a: \u84dd\u80d6\u4e0a\u4f4d\n|-damage|p1a: \u84dd\u80d6\u4e0a\u4f4d|74\/100\n|-activate|p1a: \u84dd\u80d6\u4e0a\u4f4d|move: Magma Storm|[of] p2a: Heatran\n|\n|-heal|p2a: Heatran|55\/100|[from] item: Leftovers\n|-heal|p1a: \u84dd\u80d6\u4e0a\u4f4d|80\/100|[from] item: Leftovers\n|-damage|p1a: \u84dd\u80d6\u4e0a\u4f4d|67\/100|[from] move: Magma Storm|[partiallytrapped]\n|upkeep\n|turn|19\n|\n|t:|1701166049\n|switch|p2a: Dragonite|Dragonite, F|53\/100 tox\n|move|p1a: \u84dd\u80d6\u4e0a\u4f4d|Earthquake|p2a: Dragonite\n|-immune|p2a: Dragonite\n|\n|-heal|p1a: \u84dd\u80d6\u4e0a\u4f4d|74\/100|[from] item: Leftovers\n|-damage|p2a: Dragonite|47\/100 tox|[from] psn\n|-end|p1a: \u84dd\u80d6\u4e0a\u4f4d|Magma Storm|[partiallytrapped]|[silent]\n|upkeep\n|turn|20\n|\n|t:|1701166054\n|move|p2a: Dragonite|Dual Wingbeat|p1a: \u84dd\u80d6\u4e0a\u4f4d\n|-damage|p1a: \u84dd\u80d6\u4e0a\u4f4d|59\/100\n|-damage|p1a: \u84dd\u80d6\u4e0a\u4f4d|43\/100\n|-hitcount|p1a: \u84dd\u80d6\u4e0a\u4f4d|2\n|move|p1a: \u84dd\u80d6\u4e0a\u4f4d|Stealth Rock|p2a: Dragonite\n|-sidestart|p2: youyu519|move: Stealth Rock\n|\n|-heal|p1a: \u84dd\u80d6\u4e0a\u4f4d|49\/100|[from] item: Leftovers\n|-damage|p2a: Dragonite|35\/100 tox|[from] psn\n|upkeep\n|turn|21\n|\n|t:|1701166058\n|move|p2a: Dragonite|Dual Wingbeat|p1a: \u84dd\u80d6\u4e0a\u4f4d\n|-damage|p1a: \u84dd\u80d6\u4e0a\u4f4d|34\/100\n|-damage|p1a: \u84dd\u80d6\u4e0a\u4f4d|18\/100\n|-hitcount|p1a: \u84dd\u80d6\u4e0a\u4f4d|2\n|move|p1a: \u84dd\u80d6\u4e0a\u4f4d|Flip Turn|p2a: Dragonite\n|-resisted|p2a: Dragonite\n|-damage|p2a: Dragonite|18\/100 tox\n|\n|t:|1701166065\n|switch|p1a: \u9e1f\u54e5|Zapdos|98\/100|[from] Flip Turn\n|\n|-damage|p2a: Dragonite|0 fnt|[from] psn\n|faint|p2a: Dragonite\n|upkeep\n|\n|t:|1701166072\n|switch|p2a: Tapu Koko|Tapu Koko|100\/100\n|-fieldstart|move: Electric Terrain|[from] ability: Electric Surge|[of] p2a: Tapu Koko\n|turn|22\n|\n|t:|1701166081\n|move|p2a: Tapu Koko|Thunderbolt|p1a: \u9e1f\u54e5\n|-damage|p1a: \u9e1f\u54e5|46\/100\n|move|p1a: \u9e1f\u54e5|Defog|p2a: Tapu Koko\n|-unboost|p2a: Tapu Koko|evasion|1\n|-sideend|p2: youyu519|Stealth Rock|[from] move: Defog|[of] p1a: \u9e1f\u54e5\n|-sideend|p1: Yan Mouren|Stealth Rock|[from] move: Defog|[of] p1a: \u9e1f\u54e5\n|-fieldend|move: Electric Terrain\n|\n|upkeep\n|turn|23\n|\n|t:|1701166086\n|switch|p1a: \u84dd\u80d6\u4e0a\u4f4d|Swampert, M|18\/100\n|move|p2a: Tapu Koko|Thunderbolt|p1a: \u84dd\u80d6\u4e0a\u4f4d\n|-immune|p1a: \u84dd\u80d6\u4e0a\u4f4d\n|\n|-heal|p1a: \u84dd\u80d6\u4e0a\u4f4d|24\/100|[from] item: Leftovers\n|upkeep\n|turn|24\n|\n|t:|1701166090\n|move|p2a: Tapu Koko|U-turn|p1a: \u84dd\u80d6\u4e0a\u4f4d\n|-damage|p1a: \u84dd\u80d6\u4e0a\u4f4d|12\/100\n|\n|t:|1701166092\n|switch|p2a: Kartana|Kartana|100\/100|[from] U-turn\n|move|p1a: \u84dd\u80d6\u4e0a\u4f4d|Earthquake|p2a: Kartana\n|-damage|p2a: Kartana|60\/100\n|\n|-heal|p1a: \u84dd\u80d6\u4e0a\u4f4d|19\/100|[from] item: Leftovers\n|upkeep\n|turn|25\n|\n|t:|1701166095\n|switch|p1a: \u9e1f\u54e5|Zapdos|46\/100\n|move|p2a: Kartana|Leaf Blade|p1a: \u9e1f\u54e5\n|-resisted|p1a: \u9e1f\u54e5\n|-damage|p1a: \u9e1f\u54e5|24\/100\n|-status|p2a: Kartana|par|[from] ability: Static|[of] p1a: \u9e1f\u54e5\n|\n|upkeep\n|turn|26\n|\n|t:|1701166102\n|cant|p2a: Kartana|par\n|move|p1a: \u9e1f\u54e5|Roost|p1a: \u9e1f\u54e5\n|-heal|p1a: \u9e1f\u54e5|74\/100\n|-singleturn|p1a: \u9e1f\u54e5|move: Roost\n|\n|upkeep\n|turn|27\n|\n|t:|1701166107\n|cant|p2a: Kartana|par\n|move|p1a: \u9e1f\u54e5|Roost|p1a: \u9e1f\u54e5\n|-heal|p1a: \u9e1f\u54e5|100\/100\n|-singleturn|p1a: \u9e1f\u54e5|move: Roost\n|\n|upkeep\n|turn|28\n|\n|t:|1701166109\n|move|p2a: Kartana|Leaf Blade|p1a: \u9e1f\u54e5\n|-resisted|p1a: \u9e1f\u54e5\n|-damage|p1a: \u9e1f\u54e5|80\/100\n|move|p1a: \u9e1f\u54e5|Volt Switch|p2a: Kartana\n|-resisted|p2a: Kartana\n|-damage|p2a: Kartana|17\/100 par\n|\n|t:|1701166115\n|switch|p1a: \u529b\u4e0d\u4ece\u5fc3|Hatterene, F, shiny|100\/100|[from] Volt Switch\n|\n|upkeep\n|turn|29\n|\n|t:|1701166121\n|switch|p2a: Heatran|Heatran, F|55\/100\n|move|p1a: \u529b\u4e0d\u4ece\u5fc3|Calm Mind|p1a: \u529b\u4e0d\u4ece\u5fc3\n|-boost|p1a: \u529b\u4e0d\u4ece\u5fc3|spa|1\n|-boost|p1a: \u529b\u4e0d\u4ece\u5fc3|spd|1\n|\n|-heal|p2a: Heatran|62\/100|[from] item: Leftovers\n|upkeep\n|turn|30\n|\n|t:|1701166133\n|move|p2a: Heatran|Magma Storm|p1a: \u529b\u4e0d\u4ece\u5fc3|[miss]\n|-miss|p2a: Heatran|p1a: \u529b\u4e0d\u4ece\u5fc3\n|move|p1a: \u529b\u4e0d\u4ece\u5fc3|Calm Mind|p1a: \u529b\u4e0d\u4ece\u5fc3\n|-boost|p1a: \u529b\u4e0d\u4ece\u5fc3|spa|1\n|-boost|p1a: \u529b\u4e0d\u4ece\u5fc3|spd|1\n|\n|-heal|p2a: Heatran|68\/100|[from] item: Leftovers\n|upkeep\n|turn|31\n|\n|t:|1701166136\n|move|p2a: Heatran|Magma Storm|p1a: \u529b\u4e0d\u4ece\u5fc3\n|-damage|p1a: \u529b\u4e0d\u4ece\u5fc3|78\/100\n|-activate|p1a: \u529b\u4e0d\u4ece\u5fc3|move: Magma Storm|[of] p2a: Heatran\n|move|p1a: \u529b\u4e0d\u4ece\u5fc3|Psyshock|p2a: Heatran\n|-resisted|p2a: Heatran\n|-damage|p2a: Heatran|38\/100\n|\n|-heal|p2a: Heatran|45\/100|[from] item: Leftovers\n|-heal|p1a: \u529b\u4e0d\u4ece\u5fc3|84\/100|[from] item: Leftovers\n|-damage|p1a: \u529b\u4e0d\u4ece\u5fc3|71\/100|[from] move: Magma Storm|[partiallytrapped]\n|upkeep\n|turn|32\n|\n|t:|1701166140\n|move|p2a: Heatran|Magma Storm|p1a: \u529b\u4e0d\u4ece\u5fc3\n|-damage|p1a: \u529b\u4e0d\u4ece\u5fc3|48\/100\n|move|p1a: \u529b\u4e0d\u4ece\u5fc3|Psyshock|p2a: Heatran\n|-resisted|p2a: Heatran\n|-damage|p2a: Heatran|16\/100\n|\n|-heal|p2a: Heatran|23\/100|[from] item: Leftovers\n|-heal|p1a: \u529b\u4e0d\u4ece\u5fc3|54\/100|[from] item: Leftovers\n|-damage|p1a: \u529b\u4e0d\u4ece\u5fc3|42\/100|[from] move: Magma Storm|[partiallytrapped]\n|upkeep\n|turn|33\n|\n|t:|1701166145\n|move|p2a: Heatran|Magma Storm|p1a: \u529b\u4e0d\u4ece\u5fc3\n|-damage|p1a: \u529b\u4e0d\u4ece\u5fc3|20\/100\n|move|p1a: \u529b\u4e0d\u4ece\u5fc3|Psyshock|p2a: Heatran\n|-resisted|p2a: Heatran\n|-damage|p2a: Heatran|0 fnt\n|faint|p2a: Heatran\n|\n|-heal|p1a: \u529b\u4e0d\u4ece\u5fc3|26\/100|[from] item: Leftovers\n|-end|p1a: \u529b\u4e0d\u4ece\u5fc3|Magma Storm|[partiallytrapped]|[silent]\n|upkeep\n|\n|t:|1701166151\n|switch|p2a: Kartana|Kartana|17\/100 par\n|turn|34\n|\n|t:|1701166156\n|-terastallize|p1a: \u529b\u4e0d\u4ece\u5fc3|Steel\n|move|p2a: Kartana|Return|p1a: \u529b\u4e0d\u4ece\u5fc3\n|-resisted|p1a: \u529b\u4e0d\u4ece\u5fc3\n|-damage|p1a: \u529b\u4e0d\u4ece\u5fc3|6\/100\n|move|p1a: \u529b\u4e0d\u4ece\u5fc3|Mystical Fire|p2a: Kartana\n|-supereffective|p2a: Kartana\n|-damage|p2a: Kartana|0 fnt\n|faint|p2a: Kartana\n|\n|-heal|p1a: \u529b\u4e0d\u4ece\u5fc3|12\/100|[from] item: Leftovers\n|upkeep\n|\n|t:|1701166161\n|switch|p2a: Tapu Koko|Tapu Koko|100\/100\n|-fieldstart|move: Electric Terrain|[from] ability: Electric Surge|[of] p2a: Tapu Koko\n|turn|35\n|\n|t:|1701166170\n|move|p2a: Tapu Koko|Thunderbolt|p1a: \u529b\u4e0d\u4ece\u5fc3\n|-damage|p1a: \u529b\u4e0d\u4ece\u5fc3|0 fnt\n|faint|p1a: \u529b\u4e0d\u4ece\u5fc3\n|\n|upkeep\n|\n|t:|1701166171\n|switch|p1a: \u84dd\u80d6\u4e0a\u4f4d|Swampert, M|19\/100\n|turn|36\n|\n|t:|1701166174\n|move|p2a: Tapu Koko|U-turn|p1a: \u84dd\u80d6\u4e0a\u4f4d\n|-damage|p1a: \u84dd\u80d6\u4e0a\u4f4d|8\/100\n|move|p1a: \u84dd\u80d6\u4e0a\u4f4d|Earthquake|p2a: Tapu Koko\n|-supereffective|p2a: Tapu Koko\n|-damage|p2a: Tapu Koko|0 fnt\n|faint|p2a: Tapu Koko\n|\n|win|Yan Mouren\n|l|\u2606youyu519\n","uploadtime":1701166212,"views":4,"p1id":"yanmouren","p2id":"youyu519","formatid":"gen9nationaldex","rating":0,"private":0,"password":""}