{"id":"gen9nationaldex-1992438901","p1":"craftex490gx","p2":"Aushda","format":"[Gen 9] National Dex","log":"|j|\u2606craftex490gx\n|j|\u2606Aushda\n|t:|1700187682\n|gametype|singles\n|player|p1|craftex490gx|102|1115\n|player|p2|Aushda|roxie|1174\n|teamsize|p1|6\n|teamsize|p2|6\n|gen|9\n|tier|[Gen 9] National Dex\n|rated|\n|rule|HP Percentage Mod: HP is shown in percentages\n|rule|Endless Battle Clause: Forcing endless battles is banned\n|rule|OHKO Clause: OHKO moves are banned\n|rule|Evasion Clause: Evasion abilities, items, and moves are banned\n|rule|Evasion Abilities Clause: Evasion abilities are banned\n|rule|Evasion Items Clause: Evasion items are banned\n|rule|Evasion Moves Clause: Evasion moves are banned\n|rule|Species Clause: Limit one of each Pok\u00e9mon\n|rule|Sleep Clause Mod: Limit one foe put to sleep\n|clearpoke\n|poke|p1|Pelipper, F|\n|poke|p1|Meganium, M|\n|poke|p1|Iron Thorns|\n|poke|p1|Excadrill, F|\n|poke|p1|Armarouge, M|\n|poke|p1|Persian-Alola, M|\n|poke|p2|Reuniclus, M|\n|poke|p2|Lopunny, M|\n|poke|p2|Toxapex, F|\n|poke|p2|Amoonguss, F|\n|poke|p2|Rotom-Wash|\n|poke|p2|Gliscor, F|\n|teampreview\n|inactive|Battle timer is ON: inactive players will automatically lose when time's up. (requested by Aushda)\n|\n|t:|1700187691\n|start\n|switch|p1a: Meganium|Meganium, M|100\/100\n|switch|p2a: Lopunny|Lopunny, M|100\/100\n|turn|1\n|\n|t:|1700187696\n|detailschange|p2a: Lopunny|Lopunny-Mega, M\n|-mega|p2a: Lopunny|Lopunny|Lopunnite\n|move|p2a: Lopunny|Fake Out|p1a: Meganium\n|-damage|p1a: Meganium|80\/100\n|cant|p1a: Meganium|flinch\n|\n|upkeep\n|turn|2\n|\n|t:|1700187702\n|move|p2a: Lopunny|U-turn|p1a: Meganium\n|-supereffective|p1a: Meganium\n|-damage|p1a: Meganium|32\/100\n|\n|t:|1700187706\n|switch|p2a: Gliscor|Gliscor, F|100\/100|[from] U-turn\n|move|p1a: Meganium|Reflect|p1a: Meganium\n|-sidestart|p1: craftex490gx|Reflect\n|\n|-status|p2a: Gliscor|tox|[from] item: Toxic Orb\n|upkeep\n|turn|3\n|\n|t:|1700187712\n|move|p2a: Gliscor|Fling|p1a: Meganium\n|-damage|p1a: Meganium|28\/100\n|-status|p1a: Meganium|tox\n|-enditem|p2a: Gliscor|Toxic Orb|[from] move: Fling\n|move|p1a: Meganium|Light Screen|p1a: Meganium\n|-sidestart|p1: craftex490gx|move: Light Screen\n|\n|-damage|p1a: Meganium|22\/100 tox|[from] psn\n|upkeep\n|turn|4\n|\n|t:|1700187719\n|switch|p1a: Persian|Persian-Alola, M|100\/100\n|move|p2a: Gliscor|Acrobatics|p1a: Persian\n|-damage|p1a: Persian|84\/100\n|\n|upkeep\n|turn|5\n|\n|t:|1700187725\n|move|p1a: Persian|Taunt|p2a: Gliscor\n|-start|p2a: Gliscor|move: Taunt\n|move|p2a: Gliscor|Acrobatics|p1a: Persian\n|-damage|p1a: Persian|67\/100\n|\n|upkeep\n|turn|6\n|\n|t:|1700187732\n|move|p1a: Persian|Parting Shot|p2a: Gliscor\n|-unboost|p2a: Gliscor|atk|1\n|-unboost|p2a: Gliscor|spa|1\n|\n|t:|1700187736\n|switch|p1a: Armarouge|Armarouge, M|100\/100|[from] Parting Shot\n|move|p2a: Gliscor|Acrobatics|p1a: Armarouge\n|-damage|p1a: Armarouge|85\/100\n|-ability|p1a: Armarouge|Weak Armor|boost\n|-unboost|p1a: Armarouge|def|1\n|-boost|p1a: Armarouge|spe|2\n|\n|upkeep\n|turn|7\n|\n|t:|1700187745\n|switch|p2a: Toxapex|Toxapex, F|100\/100\n|move|p1a: Armarouge|Calm Mind|p1a: Armarouge\n|-boost|p1a: Armarouge|spa|1\n|-boost|p1a: Armarouge|spd|1\n|\n|upkeep\n|turn|8\n|\n|t:|1700187751\n|move|p1a: Armarouge|Stored Power|p2a: Toxapex\n|-supereffective|p2a: Toxapex\n|-damage|p2a: Toxapex|0 fnt\n|faint|p2a: Toxapex\n|\n|upkeep\n|-message|Aushda forfeited.\n|\n|win|craftex490gx\n|raw|craftex490gx's rating: 1115 &rarr; <strong>1144<\/strong><br \/>(+29 for winning)\n|raw|Aushda's rating: 1174 &rarr; <strong>1145<\/strong><br \/>(-29 for losing)\n|l|\u2606Aushda\n","uploadtime":1700187760,"views":9,"p1id":"craftex490gx","p2id":"aushda","formatid":"gen9nationaldex","rating":1144,"private":0,"password":""}