{"id":"gen9nationaldex-1993819245","p1":"bunstickyhold","p2":"qyrandom","format":"[Gen 9] National Dex","log":"|j|\u2606bunstickyhold\n|j|\u203dqyrandom\n|t:|1700361188\n|gametype|singles\n|player|p1|bunstickyhold|skierf|1212\n|player|p2|qyrandom|lucas|1289\n|teamsize|p1|6\n|teamsize|p2|6\n|gen|9\n|tier|[Gen 9] National Dex\n|rated|\n|rule|HP Percentage Mod: HP is shown in percentages\n|rule|Endless Battle Clause: Forcing endless battles is banned\n|rule|OHKO Clause: OHKO moves are banned\n|rule|Evasion Clause: Evasion abilities, items, and moves are banned\n|rule|Evasion Abilities Clause: Evasion abilities are banned\n|rule|Evasion Items Clause: Evasion items are banned\n|rule|Evasion Moves Clause: Evasion moves are banned\n|rule|Species Clause: Limit one of each Pok\u00e9mon\n|rule|Sleep Clause Mod: Limit one foe put to sleep\n|clearpoke\n|poke|p1|Sableye, F|\n|poke|p1|Xurkitree|\n|poke|p1|Azelf|\n|poke|p1|Lilligant-Hisui, F|\n|poke|p1|Flareon, F|\n|poke|p1|Dugtrio-Alola, F|\n|poke|p2|Pelipper, M|\n|poke|p2|Swampert, F|\n|poke|p2|Crawdaunt, F|\n|poke|p2|Zapdos|\n|poke|p2|Barraskewda, M|\n|poke|p2|Seismitoad, M|\n|teampreview\n|inactive|Battle timer is ON: inactive players will automatically lose when time's up. (requested by qyrandom)\n|inactive|bunstickyhold also wants the timer to be on.\n|\n|t:|1700361198\n|start\n|switch|p1a: Azelf|Azelf|100\/100\n|switch|p2a: Pelipper|Pelipper, M|100\/100\n|-weather|RainDance|[from] ability: Drizzle|[of] p2a: Pelipper\n|turn|1\n|\n|t:|1700361207\n|switch|p1a: Xurkitree|Xurkitree|100\/100\n|switch|p2a: Seismitoad|Seismitoad, M|100\/100\n|\n|-weather|RainDance|[upkeep]\n|upkeep\n|turn|2\n|\n|t:|1700361213\n|-terastallize|p1a: Xurkitree|Grass\n|move|p2a: Seismitoad|Earth Power|p1a: Xurkitree\n|-resisted|p1a: Xurkitree\n|-damage|p1a: Xurkitree|73\/100\n|move|p1a: Xurkitree|Energy Ball|p2a: Seismitoad\n|-supereffective|p2a: Seismitoad\n|-damage|p2a: Seismitoad|0 fnt\n|faint|p2a: Seismitoad\n|-ability|p1a: Xurkitree|Beast Boost|boost\n|-boost|p1a: Xurkitree|spa|1\n|\n|-weather|RainDance|[upkeep]\n|upkeep\n|\n|t:|1700361224\n|switch|p2a: Zapdos|Zapdos|100\/100\n|turn|3\n|\n|t:|1700361227\n|switch|p1a: Dugtrio|Dugtrio-Alola, F|100\/100\n|move|p2a: Zapdos|Hurricane|p1a: Dugtrio\n|-resisted|p1a: Dugtrio\n|-damage|p1a: Dugtrio|35\/100\n|\n|-weather|RainDance|[upkeep]\n|upkeep\n|turn|4\n|\n|t:|1700361232\n|move|p1a: Dugtrio|Stealth Rock|p2a: Zapdos\n|-sidestart|p2: qyrandom|move: Stealth Rock\n|move|p2a: Zapdos|Hurricane|p1a: Dugtrio\n|-resisted|p1a: Dugtrio\n|-damage|p1a: Dugtrio|0 fnt\n|faint|p1a: Dugtrio\n|\n|-weather|RainDance|[upkeep]\n|upkeep\n|\n|t:|1700361237\n|switch|p1a: Lilligant|Lilligant-Hisui, F|100\/100\n|turn|5\n|\n|t:|1700361243\n|move|p1a: Lilligant|Ice Spinner|p2a: Zapdos\n|-supereffective|p2a: Zapdos\n|-damage|p2a: Zapdos|2\/100\n|move|p2a: Zapdos|Hurricane|p1a: Lilligant\n|-supereffective|p1a: Lilligant\n|-damage|p1a: Lilligant|0 fnt\n|faint|p1a: Lilligant\n|\n|-weather|RainDance|[upkeep]\n|upkeep\n|\n|t:|1700361247\n|switch|p1a: Flareon|Flareon, F|100\/100\n|turn|6\n|\n|t:|1700361254\n|move|p2a: Zapdos|Weather Ball|p1a: Flareon\n|-supereffective|p1a: Flareon\n|-damage|p1a: Flareon|23\/100\n|move|p1a: Flareon|Trailblaze|p2a: Zapdos\n|-resisted|p2a: Zapdos\n|-damage|p2a: Zapdos|0 fnt\n|-boost|p1a: Flareon|spe|1\n|-status|p1a: Flareon|par|[from] ability: Static|[of] p2a: Zapdos\n|faint|p2a: Zapdos\n|\n|-weather|RainDance|[upkeep]\n|-heal|p1a: Flareon|29\/100 par|[from] item: Leftovers\n|upkeep\n|\n|t:|1700361262\n|switch|p2a: Barraskewda|Barraskewda, M|100\/100\n|-damage|p2a: Barraskewda|88\/100|[from] Stealth Rock\n|turn|7\n|\n|t:|1700361265\n|move|p2a: Barraskewda|Liquidation|p1a: Flareon\n|-supereffective|p1a: Flareon\n|-damage|p1a: Flareon|0 fnt\n|faint|p1a: Flareon\n|\n|-weather|RainDance|[upkeep]\n|upkeep\n|\n|t:|1700361269\n|switch|p1a: Sableye|Sableye, F|100\/100\n|turn|8\n|\n|t:|1700361272\n|move|p1a: Sableye|Will-O-Wisp|p2a: Barraskewda\n|-status|p2a: Barraskewda|brn\n|move|p2a: Barraskewda|Liquidation|p1a: Sableye\n|-damage|p1a: Sableye|47\/100\n|\n|-weather|none\n|-heal|p1a: Sableye|53\/100|[from] item: Leftovers\n|-damage|p2a: Barraskewda|82\/100 brn|[from] brn\n|upkeep\n|turn|9\n|\n|t:|1700361277\n|move|p1a: Sableye|Recover|p1a: Sableye\n|-heal|p1a: Sableye|100\/100\n|move|p2a: Barraskewda|Liquidation|p1a: Sableye\n|-damage|p1a: Sableye|64\/100\n|\n|-heal|p1a: Sableye|71\/100|[from] item: Leftovers\n|-damage|p2a: Barraskewda|76\/100 brn|[from] brn\n|upkeep\n|turn|10\n|\n|t:|1700361281\n|move|p2a: Barraskewda|Liquidation|p1a: Sableye\n|-damage|p1a: Sableye|37\/100\n|move|p1a: Sableye|Knock Off|p2a: Barraskewda\n|-damage|p2a: Barraskewda|22\/100 brn\n|-enditem|p2a: Barraskewda|Choice Band|[from] move: Knock Off|[of] p1a: Sableye\n|\n|-heal|p1a: Sableye|43\/100|[from] item: Leftovers\n|-damage|p2a: Barraskewda|16\/100 brn|[from] brn\n|upkeep\n|turn|11\n|\n|t:|1700361286\n|move|p1a: Sableye|Recover|p1a: Sableye\n|-heal|p1a: Sableye|93\/100\n|move|p2a: Barraskewda|Liquidation|p1a: Sableye\n|-damage|p1a: Sableye|72\/100\n|\n|-heal|p1a: Sableye|78\/100|[from] item: Leftovers\n|-damage|p2a: Barraskewda|10\/100 brn|[from] brn\n|upkeep\n|turn|12\n|\n|t:|1700361294\n|move|p1a: Sableye|Recover|p1a: Sableye\n|-heal|p1a: Sableye|100\/100\n|move|p2a: Barraskewda|Liquidation|p1a: Sableye\n|-damage|p1a: Sableye|78\/100\n|-unboost|p1a: Sableye|def|1\n|\n|-heal|p1a: Sableye|84\/100|[from] item: Leftovers\n|-damage|p2a: Barraskewda|4\/100 brn|[from] brn\n|upkeep\n|turn|13\n|\n|t:|1700361299\n|switch|p1a: Xurkitree|Xurkitree, tera:Grass|73\/100\n|move|p2a: Barraskewda|Liquidation|p1a: Xurkitree\n|-resisted|p1a: Xurkitree\n|-damage|p1a: Xurkitree|55\/100\n|\n|-damage|p2a: Barraskewda|0 fnt|[from] brn\n|faint|p2a: Barraskewda\n|upkeep\n|\n|t:|1700361314\n|switch|p2a: Pelipper|Pelipper, M|100\/100\n|-damage|p2a: Pelipper|76\/100|[from] Stealth Rock\n|-weather|RainDance|[from] ability: Drizzle|[of] p2a: Pelipper\n|turn|14\n|\n|t:|1700361317\n|move|p1a: Xurkitree|Energy Ball|p2a: Pelipper\n|-damage|p2a: Pelipper|0 fnt\n|faint|p2a: Pelipper\n|-ability|p1a: Xurkitree|Beast Boost|boost\n|-boost|p1a: Xurkitree|spa|1\n|\n|-weather|RainDance|[upkeep]\n|upkeep\n|\n|t:|1700361321\n|switch|p2a: Swampert|Swampert, F|100\/100\n|-damage|p2a: Swampert|94\/100|[from] Stealth Rock\n|turn|15\n|\n|t:|1700361325\n|switch|p1a: Azelf|Azelf|100\/100\n|detailschange|p2a: Swampert|Swampert-Mega, F\n|-mega|p2a: Swampert|Swampert|Swampertite\n|move|p2a: Swampert|Ice Punch|p1a: Azelf\n|-damage|p1a: Azelf|54\/100\n|\n|-weather|RainDance|[upkeep]\n|upkeep\n|turn|16\n|\n|t:|1700361333\n|move|p2a: Swampert|Waterfall|p1a: Azelf\n|-damage|p1a: Azelf|0 fnt\n|faint|p1a: Azelf\n|\n|-weather|RainDance|[upkeep]\n|upkeep\n|\n|t:|1700361336\n|switch|p1a: Sableye|Sableye, F|84\/100\n|turn|17\n|\n|t:|1700361339\n|switch|p2a: Crawdaunt|Crawdaunt, F|100\/100\n|-damage|p2a: Crawdaunt|88\/100|[from] Stealth Rock\n|move|p1a: Sableye|Will-O-Wisp|p2a: Crawdaunt\n|-hint|Since gen 7, Dark is immune to Prankster moves.\n|-immune|p2a: Crawdaunt\n|\n|-weather|RainDance|[upkeep]\n|-heal|p1a: Sableye|90\/100|[from] item: Leftovers\n|upkeep\n|turn|18\n|\n|t:|1700361346\n|move|p1a: Sableye|Recover|p1a: Sableye\n|-heal|p1a: Sableye|100\/100\n|move|p2a: Crawdaunt|Knock Off|p1a: Sableye\n|-damage|p1a: Sableye|14\/100\n|-enditem|p1a: Sableye|Leftovers|[from] move: Knock Off|[of] p2a: Crawdaunt\n|-damage|p2a: Crawdaunt|78\/100|[from] item: Life Orb\n|\n|-weather|RainDance|[upkeep]\n|upkeep\n|turn|19\n|\n|t:|1700361351\n|move|p1a: Sableye|Recover|p1a: Sableye\n|-heal|p1a: Sableye|64\/100\n|move|p2a: Crawdaunt|Knock Off|p1a: Sableye\n|-damage|p1a: Sableye|0 fnt\n|faint|p1a: Sableye\n|-damage|p2a: Crawdaunt|69\/100|[from] item: Life Orb\n|\n|-weather|RainDance|[upkeep]\n|upkeep\n|\n|t:|1700361355\n|switch|p1a: Xurkitree|Xurkitree, tera:Grass|55\/100\n|turn|20\n|\n|t:|1700361358\n|move|p1a: Xurkitree|Energy Ball|p2a: Crawdaunt\n|-supereffective|p2a: Crawdaunt\n|-damage|p2a: Crawdaunt|0 fnt\n|faint|p2a: Crawdaunt\n|-ability|p1a: Xurkitree|Beast Boost|boost\n|-boost|p1a: Xurkitree|spa|1\n|\n|-weather|RainDance|[upkeep]\n|upkeep\n|\n|t:|1700361361\n|switch|p2a: Swampert|Swampert-Mega, F|94\/100\n|-damage|p2a: Swampert|88\/100|[from] Stealth Rock\n|turn|21\n|\n|t:|1700361362\n|move|p2a: Swampert|Ice Punch|p1a: Xurkitree\n|-supereffective|p1a: Xurkitree\n|-damage|p1a: Xurkitree|0 fnt\n|faint|p1a: Xurkitree\n|\n|win|qyrandom\n|raw|bunstickyhold's rating: 1212 &rarr; <strong>1192<\/strong><br \/>(-20 for losing)\n|raw|qyrandom's rating: 1289 &rarr; <strong>1309<\/strong><br \/>(+20 for winning)\n|l|\u2606bunstickyhold\n","uploadtime":1700361377,"views":15,"p1id":"bunstickyhold","p2id":"qyrandom","formatid":"gen9nationaldex","rating":1192,"private":0,"password":""}