{"id":"gen9nationaldex-1999987095","p1":"GameBored","p2":"EABL XD","format":"[Gen 9] National Dex","log":"|html|<div class=\"broadcast-blue\"><strong>[Gen 9] National Dex is currently suspecting Sneasler! For information on how to participate check out the <a href=\"https:\/\/www.smogon.com\/forums\/threads\/sv-national-dex-suspect-8-just-dance.3731534\/\">suspect thread<\/a>.<\/strong><\/div>\n|j|\u203dGameBored\n|j|\u2606EABL XD\n|t:|1701137995\n|gametype|singles\n|player|p1|GameBored|schoolkid-gen8|1273\n|player|p2|EABL XD|gambler|1343\n|teamsize|p1|6\n|teamsize|p2|6\n|gen|9\n|tier|[Gen 9] National Dex\n|rated|\n|rule|HP Percentage Mod: HP is shown in percentages\n|rule|Endless Battle Clause: Forcing endless battles is banned\n|rule|OHKO Clause: OHKO moves are banned\n|rule|Evasion Clause: Evasion abilities, items, and moves are banned\n|rule|Evasion Abilities Clause: Evasion abilities are banned\n|rule|Evasion Items Clause: Evasion items are banned\n|rule|Evasion Moves Clause: Evasion moves are banned\n|rule|Species Clause: Limit one of each Pok\u00e9mon\n|rule|Sleep Clause Mod: Limit one foe put to sleep\n|clearpoke\n|poke|p1|Grimmsnarl, M|\n|poke|p1|Toxtricity, M|\n|poke|p1|Turtonator, M|\n|poke|p1|Sharpedo, M|\n|poke|p1|Slowbro-Galar, M|\n|poke|p1|Cofagrigus, M|\n|poke|p2|Garganacl, F|\n|poke|p2|Galvantula, M|\n|poke|p2|Great Tusk|\n|poke|p2|Greninja-*, M|\n|poke|p2|Kommo-o, F|\n|poke|p2|Charizard, M|\n|teampreview\n|inactive|Battle timer is ON: inactive players will automatically lose when time's up. (requested by GameBored)\n|\n|t:|1701138000\n|start\n|switch|p1a: Grimmsnarl|Grimmsnarl, M, shiny|100\/100\n|switch|p2a: La Gran Tula|Galvantula, M, shiny|100\/100\n|turn|1\n|\n|t:|1701138007\n|move|p1a: Grimmsnarl|Taunt|p2a: La Gran Tula\n|-start|p2a: La Gran Tula|move: Taunt\n|move|p2a: La Gran Tula|Thunder|p1a: Grimmsnarl\n|-damage|p1a: Grimmsnarl|68\/100\n|\n|upkeep\n|turn|2\n|\n|t:|1701138012\n|switch|p2a: Golem del Maincra|Garganacl, F|100\/100\n|move|p1a: Grimmsnarl|Light Screen|p1a: Grimmsnarl\n|-sidestart|p1: GameBored|move: Light Screen\n|\n|upkeep\n|turn|3\n|\n|t:|1701138015\n|move|p1a: Grimmsnarl|Reflect|p1a: Grimmsnarl\n|-sidestart|p1: GameBored|Reflect\n|move|p2a: Golem del Maincra|Salt Cure|p1a: Grimmsnarl\n|-damage|p1a: Grimmsnarl|60\/100\n|-start|p1a: Grimmsnarl|Salt Cure\n|\n|-damage|p1a: Grimmsnarl|47\/100|[from] Salt Cure\n|upkeep\n|turn|4\n|\n|t:|1701138019\n|switch|p1a: Slowbro|Slowbro-Galar, M, shiny|100\/100\n|move|p2a: Golem del Maincra|Explosion|p1a: Slowbro\n|-damage|p1a: Slowbro|76\/100\n|faint|p2a: Golem del Maincra\n|\n|upkeep\n|\n|t:|1701138025\n|switch|p2a: La Gran Tula|Galvantula, M, shiny|100\/100\n|turn|5\n|\n|t:|1701138029\n|move|p2a: La Gran Tula|Sticky Web|p1a: Slowbro\n|-sidestart|p1: GameBored|move: Sticky Web\n|move|p1a: Slowbro|Belly Drum|p1a: Slowbro\n|-damage|p1a: Slowbro|26\/100\n|-setboost|p1a: Slowbro|atk|6|[from] move: Belly Drum\n|-enditem|p1a: Slowbro|Sitrus Berry|[eat]\n|-heal|p1a: Slowbro|51\/100|[from] item: Sitrus Berry\n|\n|upkeep\n|turn|6\n|\n|t:|1701138033\n|move|p2a: La Gran Tula|Thunder Wave|p1a: Slowbro\n|-status|p1a: Slowbro|par\n|move|p1a: Slowbro|Shell Side Arm|p2a: La Gran Tula|[anim] Shell Side Arm Physical\n|-enditem|p2a: La Gran Tula|Focus Sash\n|-damage|p2a: La Gran Tula|1\/100\n|-hint|Physical Shell Side Arm\n|\n|upkeep\n|turn|7\n|-activate|p1a: Slowbro|ability: Quick Draw\n|\n|t:|1701138044\n|move|p1a: Slowbro|Shell Side Arm|p2a: La Gran Tula|[anim] Shell Side Arm Physical\n|-damage|p2a: La Gran Tula|0 fnt\n|-hint|Physical Shell Side Arm\n|faint|p2a: La Gran Tula\n|\n|upkeep\n|\n|t:|1701138051\n|switch|p2a: El Ninja|Greninja, M|100\/100\n|turn|8\n|-activate|p1a: Slowbro|ability: Quick Draw\n|\n|t:|1701138053\n|-terastallize|p1a: Slowbro|Flying\n|move|p1a: Slowbro|Drain Punch|p2a: El Ninja\n|-supereffective|p2a: El Ninja\n|-damage|p2a: El Ninja|0 fnt\n|-heal|p1a: Slowbro|87\/100 par|[from] drain|[of] p2a: El Ninja\n|faint|p2a: El Ninja\n|\n|upkeep\n|\n|t:|1701138058\n|switch|p2a: Komodo|Kommo-o, F|100\/100\n|turn|9\n|\n|t:|1701138060\n|-zpower|p2a: Komodo\n|move|p2a: Komodo|Clangorous Soulblaze|p1a: Slowbro|[zeffect]\n|-damage|p1a: Slowbro|39\/100 par\n|-boost|p2a: Komodo|atk|1\n|-boost|p2a: Komodo|def|1\n|-boost|p2a: Komodo|spa|1\n|-boost|p2a: Komodo|spd|1\n|-boost|p2a: Komodo|spe|1\n|cant|p1a: Slowbro|par\n|\n|-sideend|p1: GameBored|move: Light Screen\n|upkeep\n|turn|10\n|\n|t:|1701138068\n|move|p2a: Komodo|Boomburst|p1a: Slowbro\n|-damage|p1a: Slowbro|0 fnt\n|faint|p1a: Slowbro\n|\n|-sideend|p1: GameBored|Reflect\n|upkeep\n|\n|t:|1701138070\n|switch|p1a: Cofagrigus|Cofagrigus, M, shiny|100\/100\n|-activate|p1a: Cofagrigus|move: Sticky Web\n|-unboost|p1a: Cofagrigus|spe|1\n|turn|11\n|\n|t:|1701138075\n|move|p2a: Komodo|Clanging Scales|p1a: Cofagrigus\n|-damage|p1a: Cofagrigus|20\/100\n|-unboost|p2a: Komodo|def|1\n|move|p1a: Cofagrigus|Haze|p1a: Cofagrigus\n|-clearallboost\n|\n|upkeep\n|turn|12\n|\n|t:|1701138081\n|move|p2a: Komodo|Flamethrower|p1a: Cofagrigus\n|-damage|p1a: Cofagrigus|0 fnt\n|faint|p1a: Cofagrigus\n|\n|upkeep\n|\n|t:|1701138086\n|switch|p1a: Turtonator|Turtonator, M, shiny|100\/100\n|turn|13\n|\n|t:|1701138088\n|move|p2a: Komodo|Boomburst|p1a: Turtonator\n|-damage|p1a: Turtonator|33\/100\n|move|p1a: Turtonator|Rapid Spin|p2a: Komodo\n|-damage|p2a: Komodo|93\/100\n|-boost|p1a: Turtonator|spe|1\n|-sideend|p1: GameBored|Sticky Web|[from] move: Rapid Spin|[of] p1a: Turtonator\n|\n|upkeep\n|turn|14\n|\n|t:|1701138092\n|switch|p1a: Grimmsnarl|Grimmsnarl, M, shiny|47\/100\n|move|p2a: Komodo|Boomburst|p1a: Grimmsnarl\n|-damage|p1a: Grimmsnarl|16\/100\n|\n|upkeep\n|turn|15\n|\n|t:|1701138095\n|move|p1a: Grimmsnarl|Light Screen|p1a: Grimmsnarl\n|-sidestart|p1: GameBored|move: Light Screen\n|move|p2a: Komodo|Boomburst|p1a: Grimmsnarl\n|-damage|p1a: Grimmsnarl|0 fnt\n|faint|p1a: Grimmsnarl\n|\n|upkeep\n|\n|t:|1701138099\n|switch|p1a: Sharpedo|Sharpedo, M, shiny|100\/100\n|turn|16\n|\n|t:|1701138102\n|switch|p2a: Manny|Great Tusk, shiny|100\/100\n|-enditem|p2a: Manny|Booster Energy\n|-activate|p2a: Manny|ability: Protosynthesis|[fromitem]\n|-start|p2a: Manny|protosynthesisatk\n|move|p1a: Sharpedo|Protect||[still]\n|-fail|p1a: Sharpedo\n|\n|-ability|p1a: Sharpedo|Speed Boost|boost\n|-boost|p1a: Sharpedo|spe|1\n|upkeep\n|turn|17\n|\n|t:|1701138107\n|move|p1a: Sharpedo|Protect|p1a: Sharpedo\n|-singleturn|p1a: Sharpedo|Protect\n|move|p2a: Manny|Close Combat|p1a: Sharpedo\n|-activate|p1a: Sharpedo|move: Protect\n|\n|-ability|p1a: Sharpedo|Speed Boost|boost\n|-boost|p1a: Sharpedo|spe|1\n|upkeep\n|turn|18\n|\n|t:|1701138112\n|detailschange|p1a: Sharpedo|Sharpedo-Mega, M, shiny\n|-mega|p1a: Sharpedo|Sharpedo|Sharpedonite\n|move|p1a: Sharpedo|Ice Fang|p2a: Manny\n|-supereffective|p2a: Manny\n|-damage|p2a: Manny|41\/100\n|move|p2a: Manny|Close Combat|p1a: Sharpedo\n|-supereffective|p1a: Sharpedo\n|-damage|p1a: Sharpedo|0 fnt\n|-unboost|p2a: Manny|def|1\n|-unboost|p2a: Manny|spd|1\n|faint|p1a: Sharpedo\n|\n|upkeep\n|\n|t:|1701138123\n|switch|p1a: Turtonator|Turtonator, M, shiny|33\/100\n|turn|19\n|\n|t:|1701138125\n|move|p2a: Manny|Headlong Rush|p1a: Turtonator\n|-supereffective|p1a: Turtonator\n|-damage|p1a: Turtonator|0 fnt\n|-unboost|p2a: Manny|def|1\n|-unboost|p2a: Manny|spd|1\n|faint|p1a: Turtonator\n|\n|upkeep\n|\n|t:|1701138128\n|switch|p1a: Toxtricity|Toxtricity, M, shiny|100\/100\n|turn|20\n|\n|t:|1701138131\n|move|p2a: Manny|Headlong Rush|p1a: Toxtricity\n|-supereffective|p1a: Toxtricity\n|-damage|p1a: Toxtricity|0 fnt\n|-unboost|p2a: Manny|def|1\n|-unboost|p2a: Manny|spd|1\n|faint|p1a: Toxtricity\n|\n|win|EABL XD\n|raw|GameBored's rating: 1273 &rarr; <strong>1253<\/strong><br \/>(-20 for losing)\n|raw|EABL XD's rating: 1343 &rarr; <strong>1359<\/strong><br \/>(+16 for winning)\n|l|\u203dGameBored\n","uploadtime":1701138136,"views":17,"p1id":"gamebored","p2id":"eablxd","formatid":"gen9nationaldex","rating":1253,"private":0,"password":""}