{"id":"gen9nationaldex-1991971764","p1":"chansey and lulu","p2":"XYStarshine.\u661f\u8000","format":"[Gen 9] National Dex","log":"|j|\u2606chansey and lulu\n|j|\u2606XYStarshine.\u661f\u8000\n|t:|1700143891\n|gametype|singles\n|player|p1|chansey and lulu|102|\n|player|p2|XYStarshine.\u661f\u8000|psychic-lgpe|\n|teamsize|p1|6\n|teamsize|p2|6\n|gen|9\n|tier|[Gen 9] National Dex\n|rated|Tournament battle\n|rule|HP Percentage Mod: HP is shown in percentages\n|rule|Endless Battle Clause: Forcing endless battles is banned\n|rule|OHKO Clause: OHKO moves are banned\n|rule|Evasion Clause: Evasion abilities, items, and moves are banned\n|rule|Evasion Abilities Clause: Evasion abilities are banned\n|rule|Evasion Items Clause: Evasion items are banned\n|rule|Evasion Moves Clause: Evasion moves are banned\n|rule|Species Clause: Limit one of each Pok\u00e9mon\n|rule|Sleep Clause Mod: Limit one foe put to sleep\n|clearpoke\n|poke|p1|Tapu Koko|\n|poke|p1|Corviknight, F|\n|poke|p1|Iron Valiant|\n|poke|p1|Ursaluna, M|\n|poke|p1|Toxapex, M|\n|poke|p1|Cinderace, F|\n|poke|p2|Ceruledge, M|\n|poke|p2|Great Tusk|\n|poke|p2|Iron Valiant|\n|poke|p2|Banette, F|\n|poke|p2|Volcanion|\n|poke|p2|Serperior, F|\n|teampreview\n|j| ka27\n|j| jzhuc1841\n|j|@taoke\n|j| stpruty\n|\n|t:|1700143912\n|start\n|switch|p1a: Cinderace|Cinderace, F|100\/100\n|switch|p2a: Volcanion|Volcanion|100\/100\n|turn|1\n|j| xinnobu\n|j| Forever1507\n|\n|t:|1700143919\n|move|p1a: Cinderace|U-turn|p2a: Volcanion\n|-start|p1a: Cinderace|typechange|Bug|[from] ability: Libero\n|-resisted|p2a: Volcanion\n|-damage|p2a: Volcanion|88\/100\n|\n|t:|1700143924\n|switch|p1a: Toxapex|Toxapex, M|100\/100|[from] U-turn\n|move|p2a: Volcanion|Steam Eruption|p1a: Toxapex\n|-resisted|p1a: Toxapex\n|-damage|p1a: Toxapex|75\/100\n|-status|p1a: Toxapex|brn\n|\n|-heal|p1a: Toxapex|81\/100 brn|[from] item: Leftovers\n|-damage|p1a: Toxapex|75\/100 brn|[from] brn\n|upkeep\n|turn|2\n|c|\u2606XYStarshine.\u661f\u8000|\u516d\n|\n|t:|1700143934\n|move|p2a: Volcanion|Taunt|p1a: Toxapex\n|-start|p1a: Toxapex|move: Taunt\n|cant|p1a: Toxapex|move: Taunt|Toxic\n|\n|-heal|p1a: Toxapex|81\/100 brn|[from] item: Leftovers\n|-damage|p1a: Toxapex|75\/100 brn|[from] brn\n|upkeep\n|turn|3\n|c| jzhuc1841|\u8fd8\u771f\u662f\u6311\u8845\u6c34\u706b\u554a\n|c|\u2606XYStarshine.\u661f\u8000|ofc\n|\n|t:|1700143953\n|switch|p1a: Tapu Koko|Tapu Koko|100\/100\n|-fieldstart|move: Electric Terrain|[from] ability: Electric Surge|[of] p1a: Tapu Koko\n|move|p2a: Volcanion|Sludge Wave|p1a: Tapu Koko\n|-supereffective|p1a: Tapu Koko\n|-damage|p1a: Tapu Koko|0 fnt\n|faint|p1a: Tapu Koko\n|\n|upkeep\n|c|\u2606XYStarshine.\u661f\u8000|\u516d\n|\n|t:|1700143961\n|switch|p1a: Iron Valiant|Iron Valiant|100\/100\n|-activate|p1a: Iron Valiant|ability: Quark Drive\n|-start|p1a: Iron Valiant|quarkdrivespe\n|turn|4\n|\n|t:|1700143967\n|-terastallize|p2a: Volcanion|Ground\n|move|p1a: Iron Valiant|Thunderbolt|p2a: Volcanion\n|-immune|p2a: Volcanion\n|move|p2a: Volcanion|Sludge Wave|p1a: Iron Valiant\n|-supereffective|p1a: Iron Valiant\n|-damage|p1a: Iron Valiant|0 fnt\n|faint|p1a: Iron Valiant\n|-end|p1a: Iron Valiant|Quark Drive|[silent]\n|\n|upkeep\n|c|\u2606XYStarshine.\u661f\u8000|\u597d\u597d\u597d\n|\n|t:|1700143973\n|switch|p1a: Cinderace|Cinderace, F|100\/100\n|turn|5\n|\n|t:|1700143975\n|move|p1a: Cinderace|High Jump Kick|p2a: Volcanion\n|-start|p1a: Cinderace|typechange|Fighting|[from] ability: Libero\n|-damage|p2a: Volcanion|42\/100\n|move|p2a: Volcanion|Steam Eruption|p1a: Cinderace\n|-damage|p1a: Cinderace|27\/100\n|\n|upkeep\n|turn|6\n|c| jzhuc1841|\u7a7f\u4e86\u554a\n|\n|t:|1700143986\n|switch|p2a: Ceruledge|Ceruledge, M|100\/100\n|move|p1a: Cinderace|U-turn|p2a: Ceruledge\n|-resisted|p2a: Ceruledge\n|-damage|p2a: Ceruledge|94\/100\n|-ability|p2a: Ceruledge|Weak Armor|boost\n|-unboost|p2a: Ceruledge|def|1\n|-boost|p2a: Ceruledge|spe|2\n|j| Rrrjhyh\n|\n|t:|1700143995\n|switch|p1a: Ursaluna|Ursaluna, M|100\/100|[from] U-turn\n|\n|-status|p1a: Ursaluna|brn|[from] item: Flame Orb\n|upkeep\n|turn|7\n|\n|t:|1700144006\n|move|p2a: Ceruledge|Endure|p2a: Ceruledge\n|-singleturn|p2a: Ceruledge|move: Endure\n|move|p1a: Ursaluna|Headlong Rush|p2a: Ceruledge\n|-supereffective|p2a: Ceruledge\n|-activate|p2a: Ceruledge|move: Endure\n|-damage|p2a: Ceruledge|1\/100\n|-unboost|p1a: Ursaluna|def|1\n|-unboost|p1a: Ursaluna|spd|1\n|-ability|p2a: Ceruledge|Weak Armor|boost\n|-unboost|p2a: Ceruledge|def|1\n|-boost|p2a: Ceruledge|spe|2\n|-enditem|p2a: Ceruledge|Weakness Policy\n|-boost|p2a: Ceruledge|atk|2|[from] item: Weakness Policy\n|-boost|p2a: Ceruledge|spa|2|[from] item: Weakness Policy\n|\n|-damage|p1a: Ursaluna|94\/100 brn|[from] brn\n|-fieldend|move: Electric Terrain\n|upkeep\n|turn|8\n|\n|t:|1700144013\n|switch|p1a: Toxapex|Toxapex, M|100\/100 brn\n|move|p2a: Ceruledge|Bitter Blade|p1a: Toxapex\n|-resisted|p1a: Toxapex\n|-damage|p1a: Toxapex|72\/100 brn\n|-heal|p2a: Ceruledge|16\/100|[from] drain|[of] p1a: Toxapex\n|\n|-heal|p1a: Toxapex|78\/100 brn|[from] item: Leftovers\n|-damage|p1a: Toxapex|72\/100 brn|[from] brn\n|upkeep\n|turn|9\n|\n|t:|1700144022\n|-terastallize|p1a: Toxapex|Dark\n|move|p2a: Ceruledge|Poltergeist|p1a: Toxapex\n|-activate|p1a: Toxapex|move: Poltergeist|Leftovers\n|-resisted|p1a: Toxapex\n|-damage|p1a: Toxapex|40\/100 brn\n|move|p1a: Toxapex|Scald|p2a: Ceruledge\n|-supereffective|p2a: Ceruledge\n|-damage|p2a: Ceruledge|0 fnt\n|faint|p2a: Ceruledge\n|\n|-heal|p1a: Toxapex|46\/100 brn|[from] item: Leftovers\n|-damage|p1a: Toxapex|40\/100 brn|[from] brn\n|upkeep\n|\n|t:|1700144036\n|switch|p2a: Volcanion|Volcanion, tera:Ground|42\/100\n|turn|10\n|\n|t:|1700144042\n|switch|p1a: Ursaluna|Ursaluna, M|94\/100 brn\n|move|p2a: Volcanion|Taunt|p1a: Ursaluna\n|-start|p1a: Ursaluna|move: Taunt\n|\n|-damage|p1a: Ursaluna|88\/100 brn|[from] brn\n|upkeep\n|turn|11\n|c|\u2606XYStarshine.\u661f\u8000|\u5b8c\n|c|\u2606XYStarshine.\u661f\u8000|\u8fd9\u4e2a\u5fd8\u6539\u52aa\u529b\u503c\u4e86\n|\n|t:|1700144080\n|switch|p2a: Iron Valiant|Iron Valiant, shiny|100\/100\n|-enditem|p2a: Iron Valiant|Booster Energy\n|-activate|p2a: Iron Valiant|ability: Quark Drive|[fromitem]\n|-start|p2a: Iron Valiant|quarkdrivespe\n|move|p1a: Ursaluna|Headlong Rush|p2a: Iron Valiant\n|-damage|p2a: Iron Valiant|0 fnt\n|-unboost|p1a: Ursaluna|def|1\n|-unboost|p1a: Ursaluna|spd|1\n|faint|p2a: Iron Valiant\n|-end|p2a: Iron Valiant|Quark Drive|[silent]\n|\n|-damage|p1a: Ursaluna|82\/100 brn|[from] brn\n|upkeep\n|\n|t:|1700144082\n|switch|p2a: Serperior|Serperior, F, shiny|100\/100\n|turn|12\n|\n|t:|1700144101\n|move|p2a: Serperior|Substitute|p2a: Serperior\n|-start|p2a: Serperior|Substitute\n|-damage|p2a: Serperior|76\/100\n|move|p1a: Ursaluna|Facade|p2a: Serperior\n|-end|p2a: Serperior|Substitute\n|\n|-heal|p2a: Serperior|82\/100|[from] item: Leftovers\n|-damage|p1a: Ursaluna|76\/100 brn|[from] brn\n|-end|p1a: Ursaluna|move: Taunt\n|upkeep\n|turn|13\n|\n|t:|1700144111\n|move|p2a: Serperior|Leaf Storm|p1a: Ursaluna|[miss]\n|-miss|p2a: Serperior|p1a: Ursaluna\n|move|p1a: Ursaluna|Facade|p2a: Serperior\n|-damage|p2a: Serperior|0 fnt\n|faint|p2a: Serperior\n|\n|-damage|p1a: Ursaluna|70\/100 brn|[from] brn\n|upkeep\n|c| jzhuc1841|\u5173\u952emiss\n|\n|t:|1700144121\n|switch|p2a: Great Tusk|Great Tusk|100\/100\n|-enditem|p2a: Great Tusk|Booster Energy\n|-activate|p2a: Great Tusk|ability: Protosynthesis|[fromitem]\n|-start|p2a: Great Tusk|protosynthesisspe\n|turn|14\n|\n|t:|1700144127\n|switch|p1a: Corviknight|Corviknight, F|100\/100\n|-ability|p1a: Corviknight|Pressure\n|move|p2a: Great Tusk|Headlong Rush|p1a: Corviknight\n|-immune|p1a: Corviknight\n|\n|upkeep\n|turn|15\n|\n|t:|1700144135\n|-end|p2a: Great Tusk|Protosynthesis|[silent]\n|switch|p2a: Banette|Banette, F, shiny|100\/100\n|-item|p1a: Corviknight|Covert Cloak|[from] ability: Frisk|[of] p2a: Banette|[identify]\n|move|p1a: Corviknight|Iron Defense|p1a: Corviknight\n|-boost|p1a: Corviknight|def|2\n|\n|upkeep\n|turn|16\n|\n|t:|1700144140\n|switch|p1a: Ursaluna|Ursaluna, M|70\/100 brn\n|detailschange|p2a: Banette|Banette-Mega, F, shiny\n|-mega|p2a: Banette|Banette|Banettite\n|move|p2a: Banette|Encore||[still]\n|-fail|p2a: Banette\n|\n|-damage|p1a: Ursaluna|64\/100 brn|[from] brn\n|upkeep\n|turn|17\n|\n|t:|1700144146\n|switch|p2a: Great Tusk|Great Tusk|100\/100\n|move|p1a: Ursaluna|Headlong Rush|p2a: Great Tusk\n|-damage|p2a: Great Tusk|33\/100\n|-unboost|p1a: Ursaluna|def|1\n|-unboost|p1a: Ursaluna|spd|1\n|\n|-damage|p1a: Ursaluna|57\/100 brn|[from] brn\n|upkeep\n|turn|18\n|c|\u2606XYStarshine.\u661f\u8000|\u7ef7\n|\n|t:|1700144160\n|switch|p1a: Corviknight|Corviknight, F|100\/100\n|-ability|p1a: Corviknight|Pressure\n|move|p2a: Great Tusk|Ice Spinner|p1a: Corviknight\n|-crit|p1a: Corviknight\n|-damage|p1a: Corviknight|78\/100\n|\n|upkeep\n|turn|19\n|c| jzhuc1841|\u5bc4\u4e86\n|\n|t:|1700144165\n|-end|p2a: Great Tusk|Protosynthesis|[silent]\n|switch|p2a: Volcanion|Volcanion, tera:Ground|42\/100\n|move|p1a: Corviknight|Body Press|p2a: Volcanion\n|-damage|p2a: Volcanion|18\/100\n|\n|upkeep\n|turn|20\n|c| jzhuc1841|\u6708\u6708\u718a\u4e00\u4e0b\u4e00\u4e2a\u4e86\n|\n|t:|1700144196\n|switch|p1a: Ursaluna|Ursaluna, M|57\/100 brn\n|move|p2a: Volcanion|Flamethrower|p1a: Ursaluna\n|-damage|p1a: Ursaluna|7\/100 brn\n|\n|-damage|p1a: Ursaluna|1\/100 brn|[from] brn\n|upkeep\n|turn|21\n|c|\u2606XYStarshine.\u661f\u8000|6\n|\n|t:|1700144213\n|switch|p2a: Great Tusk|Great Tusk|33\/100\n|move|p1a: Ursaluna|Facade|p2a: Great Tusk\n|-damage|p2a: Great Tusk|0 fnt\n|faint|p2a: Great Tusk\n|-end|p2a: Great Tusk|Protosynthesis|[silent]\n|\n|-damage|p1a: Ursaluna|0 fnt|[from] brn\n|faint|p1a: Ursaluna\n|upkeep\n|\n|t:|1700144221\n|switch|p2a: Volcanion|Volcanion, tera:Ground|18\/100\n|switch|p1a: Cinderace|Cinderace, F|27\/100\n|turn|22\n|\n|t:|1700144226\n|switch|p2a: Banette|Banette-Mega, F, shiny|100\/100\n|move|p1a: Cinderace|U-turn|p2a: Banette\n|-start|p1a: Cinderace|typechange|Bug|[from] ability: Libero\n|-resisted|p2a: Banette\n|-damage|p2a: Banette|82\/100\n|\n|t:|1700144230\n|switch|p1a: Toxapex|Toxapex, M, tera:Dark|74\/100 brn|[from] U-turn\n|\n|-heal|p1a: Toxapex|80\/100 brn|[from] item: Leftovers\n|-damage|p1a: Toxapex|74\/100 brn|[from] brn\n|upkeep\n|turn|23\n|\n|t:|1700144238\n|move|p2a: Banette|Poltergeist|p1a: Toxapex\n|-activate|p1a: Toxapex|move: Poltergeist|Leftovers\n|-resisted|p1a: Toxapex\n|-damage|p1a: Toxapex|52\/100 brn\n|move|p1a: Toxapex|Toxic|p2a: Banette\n|-status|p2a: Banette|tox\n|\n|-heal|p1a: Toxapex|58\/100 brn|[from] item: Leftovers\n|-damage|p2a: Banette|76\/100 tox|[from] psn\n|-damage|p1a: Toxapex|52\/100 brn|[from] brn\n|upkeep\n|turn|24\n|\n|t:|1700144246\n|switch|p2a: Volcanion|Volcanion, tera:Ground|18\/100\n|move|p1a: Toxapex|Recover|p1a: Toxapex\n|-heal|p1a: Toxapex|100\/100 brn\n|\n|-damage|p1a: Toxapex|95\/100 brn|[from] brn\n|upkeep\n|turn|25\n|\n|t:|1700144250\n|switch|p1a: Corviknight|Corviknight, F|78\/100\n|-ability|p1a: Corviknight|Pressure\n|move|p2a: Volcanion|Taunt|p1a: Corviknight\n|-start|p1a: Corviknight|move: Taunt\n|\n|upkeep\n|turn|26\n|\n|t:|1700144256\n|move|p2a: Volcanion|Flamethrower|p1a: Corviknight\n|-supereffective|p1a: Corviknight\n|-crit|p1a: Corviknight\n|-damage|p1a: Corviknight|0 fnt\n|faint|p1a: Corviknight\n|\n|upkeep\n|\n|t:|1700144258\n|switch|p1a: Cinderace|Cinderace, F|27\/100\n|turn|27\n|\n|t:|1700144262\n|switch|p2a: Banette|Banette-Mega, F, shiny|76\/100 tox\n|move|p1a: Cinderace|Pyro Ball|p2a: Banette\n|-damage|p2a: Banette|9\/100 tox\n|\n|-damage|p2a: Banette|3\/100 tox|[from] psn\n|upkeep\n|turn|28\n|\n|t:|1700144271\n|switch|p1a: Toxapex|Toxapex, M, tera:Dark|100\/100 brn\n|switch|p2a: Volcanion|Volcanion, tera:Ground|18\/100\n|\n|-damage|p1a: Toxapex|95\/100 brn|[from] brn\n|upkeep\n|turn|29\n|\n|t:|1700144297\n|move|p2a: Volcanion|Steam Eruption|p1a: Toxapex\n|-damage|p1a: Toxapex|46\/100 brn\n|move|p1a: Toxapex|Toxic|p2a: Volcanion|[miss]\n|-miss|p1a: Toxapex|p2a: Volcanion\n|\n|-heal|p1a: Toxapex|52\/100 brn|[from] item: Leftovers\n|-damage|p1a: Toxapex|46\/100 brn|[from] brn\n|upkeep\n|turn|30\n|c| jzhuc1841|\u5173\u952e\u5267\u6bd2miss\n|\n|t:|1700144315\n|move|p2a: Volcanion|Steam Eruption|p1a: Toxapex\n|-damage|p1a: Toxapex|0 fnt\n|faint|p1a: Toxapex\n|\n|upkeep\n|\n|t:|1700144318\n|switch|p1a: Cinderace|Cinderace, F|27\/100\n|turn|31\n|\n|t:|1700144322\n|move|p1a: Cinderace|U-turn|p2a: Volcanion\n|-start|p1a: Cinderace|typechange|Bug|[from] ability: Libero\n|-damage|p2a: Volcanion|0 fnt\n|faint|p2a: Volcanion\n|\n|upkeep\n|\n|t:|1700144324\n|switch|p2a: Banette|Banette-Mega, F, shiny|3\/100 tox\n|turn|32\n|\n|t:|1700144327\n|move|p2a: Banette|Shadow Sneak|p1a: Cinderace\n|-damage|p1a: Cinderace|0 fnt\n|faint|p1a: Cinderace\n|\n|win|XYStarshine.\u661f\u8000\n|n|\u2606chansey and lulu|chanseyandlulu\n|n|\u2606XYStarshine.\u661f\u8000|xystarshine\n|n| ka27|ka27\n|n| jzhuc1841|jzhuc1841\n|n|+taoke|taoke\n|n| stpruty|stpruty\n|n| xinnobu|xinnobu\n|n| Forever1507|forever1507\n|n| Rrrjhyh|rrrjhyh\n|l| jzhuc1841\n|l| xinnobu\n|l| Rrrjhyh\n|l| Forever1507\n|l|\u2606XYStarshine.\u661f\u8000\n|l| stpruty\n|l|+taoke\n|j|\u2606XYStarshine.\u661f\u8000\n|player|p2|XYStarshine.\u661f\u8000|psychic-lgpe\n","uploadtime":1700144328,"views":46,"p1id":"chanseyandlulu","p2id":"xystarshine","formatid":"gen9nationaldex","rating":0,"private":0,"password":""}