{"id":"gen9nationaldex-1989431856","p1":"funkyfunke","p2":"334433ed","format":"[Gen 9] National Dex","log":"|j|\u2606funkyfunke\n|j|\u2606334433ed\n|t:|1699849553\n|gametype|singles\n|player|p1|funkyfunke|giovanni-gen1rb|1078\n|player|p2|334433ed|102|1115\n|teamsize|p1|6\n|teamsize|p2|6\n|gen|9\n|tier|[Gen 9] National Dex\n|rated|\n|rule|HP Percentage Mod: HP is shown in percentages\n|rule|Endless Battle Clause: Forcing endless battles is banned\n|rule|OHKO Clause: OHKO moves are banned\n|rule|Evasion Clause: Evasion abilities, items, and moves are banned\n|rule|Evasion Abilities Clause: Evasion abilities are banned\n|rule|Evasion Items Clause: Evasion items are banned\n|rule|Evasion Moves Clause: Evasion moves are banned\n|rule|Species Clause: Limit one of each Pok\u00e9mon\n|rule|Sleep Clause Mod: Limit one foe put to sleep\n|clearpoke\n|poke|p1|Shiftry, M|\n|poke|p1|Gyarados, M|\n|poke|p1|Donphan, F|\n|poke|p1|Dragalge, F|\n|poke|p1|Xatu, M|\n|poke|p1|Magmar, F|\n|poke|p2|Mienshao, F|\n|poke|p2|Quaquaval, M|\n|poke|p2|Enamorus, F|\n|poke|p2|Heracross, M|\n|poke|p2|Dragonite, F|\n|poke|p2|Greninja-*, M|\n|teampreview\n|\n|t:|1699849564\n|start\n|switch|p1a: Magmar|Magmar, F|100\/100\n|switch|p2a: Dragonite|Dragonite, F|100\/100\n|turn|1\n|\n|t:|1699849571\n|move|p1a: Magmar|Overheat|p2a: Dragonite\n|-resisted|p2a: Dragonite\n|-damage|p2a: Dragonite|89\/100\n|-unboost|p1a: Magmar|spa|2\n|move|p2a: Dragonite|Dragon Dance|p2a: Dragonite\n|-boost|p2a: Dragonite|atk|1\n|-boost|p2a: Dragonite|spe|1\n|\n|-heal|p2a: Dragonite|95\/100|[from] item: Leftovers\n|upkeep\n|turn|2\n|\n|t:|1699849582\n|move|p1a: Magmar|Power Swap|p2a: Dragonite\n|-swapboost|p1a: Magmar|p2a: Dragonite|atk, spa|[from] move: Power Swap\n|move|p2a: Dragonite|Dragon Dance|p2a: Dragonite\n|-boost|p2a: Dragonite|atk|1\n|-boost|p2a: Dragonite|spe|1\n|\n|-heal|p2a: Dragonite|100\/100|[from] item: Leftovers\n|upkeep\n|turn|3\n|\n|t:|1699849592\n|switch|p1a: Xatu|Xatu, M|100\/100\n|-terastallize|p2a: Dragonite|Normal\n|move|p2a: Dragonite|Extreme Speed|p1a: Xatu\n|-damage|p1a: Xatu|4\/100\n|\n|upkeep\n|turn|4\n|\n|t:|1699849600\n|move|p2a: Dragonite|Extreme Speed|p1a: Xatu\n|-damage|p1a: Xatu|0 fnt\n|faint|p1a: Xatu\n|\n|upkeep\n|\n|t:|1699849606\n|switch|p1a: Donphan|Donphan, F|100\/100\n|turn|5\n|\n|t:|1699849610\n|move|p2a: Dragonite|Dragon Dance|p2a: Dragonite\n|-boost|p2a: Dragonite|atk|1\n|-boost|p2a: Dragonite|spe|1\n|move|p1a: Donphan|Stealth Rock|p2a: Dragonite\n|-sidestart|p2: 334433ed|move: Stealth Rock\n|\n|upkeep\n|turn|6\n|\n|t:|1699849616\n|move|p2a: Dragonite|Dragon Dance|p2a: Dragonite\n|-boost|p2a: Dragonite|atk|1\n|-boost|p2a: Dragonite|spe|1\n|move|p1a: Donphan|Counter||[still]\n|-fail|p1a: Donphan\n|\n|upkeep\n|turn|7\n|\n|t:|1699849621\n|move|p2a: Dragonite|Dragon Dance|p2a: Dragonite\n|-boost|p2a: Dragonite|atk|1\n|-boost|p2a: Dragonite|spe|1\n|move|p1a: Donphan|Counter||[still]\n|-fail|p1a: Donphan\n|\n|upkeep\n|turn|8\n|\n|t:|1699849628\n|move|p2a: Dragonite|Dragon Dance|p2a: Dragonite\n|-boost|p2a: Dragonite|atk|1\n|-boost|p2a: Dragonite|spe|1\n|move|p1a: Donphan|Counter||[still]\n|-fail|p1a: Donphan\n|\n|upkeep\n|turn|9\n|\n|t:|1699849634\n|move|p2a: Dragonite|Dragon Dance|p2a: Dragonite\n|-boost|p2a: Dragonite|atk|1\n|-boost|p2a: Dragonite|spe|0\n|move|p1a: Donphan|Counter||[still]\n|-fail|p1a: Donphan\n|\n|upkeep\n|turn|10\n|\n|t:|1699849640\n|move|p2a: Dragonite|Extreme Speed|p1a: Donphan\n|-ability|p1a: Donphan|Sturdy\n|-damage|p1a: Donphan|1\/100\n|-damage|p2a: Dragonite|84\/100|[from] item: Rocky Helmet|[of] p1a: Donphan\n|move|p1a: Donphan|Counter|p2a: Dragonite\n|-damage|p2a: Dragonite|0 fnt\n|faint|p2a: Dragonite\n|\n|upkeep\n|\n|t:|1699849653\n|switch|p2a: Quaquaval|Quaquaval, M|100\/100\n|-damage|p2a: Quaquaval|94\/100|[from] Stealth Rock\n|turn|11\n|\n|t:|1699849659\n|switch|p1a: Gyarados|Gyarados, M|100\/100\n|-ability|p1a: Gyarados|Intimidate|boost\n|-unboost|p2a: Quaquaval|atk|1\n|move|p2a: Quaquaval|Aqua Jet|p1a: Gyarados\n|-resisted|p1a: Gyarados\n|-damage|p1a: Gyarados|88\/100\n|\n|upkeep\n|turn|12\n|\n|t:|1699849667\n|switch|p2a: Enamorus|Enamorus, F|100\/100\n|-damage|p2a: Enamorus|76\/100|[from] Stealth Rock\n|move|p1a: Gyarados|Power Whip|p2a: Enamorus\n|-resisted|p2a: Enamorus\n|-damage|p2a: Enamorus|32\/100\n|-damage|p1a: Gyarados|78\/100|[from] item: Life Orb\n|\n|upkeep\n|turn|13\n|\n|t:|1699849680\n|move|p2a: Enamorus|Play Rough|p1a: Gyarados\n|-damage|p1a: Gyarados|14\/100\n|-unboost|p1a: Gyarados|atk|1\n|move|p1a: Gyarados|Dragon Dance|p1a: Gyarados\n|-boost|p1a: Gyarados|atk|1\n|-boost|p1a: Gyarados|spe|1\n|\n|upkeep\n|turn|14\n|\n|t:|1699849690\n|move|p1a: Gyarados|Ice Fang|p2a: Enamorus\n|-supereffective|p2a: Enamorus\n|-damage|p2a: Enamorus|0 fnt\n|faint|p2a: Enamorus\n|-damage|p1a: Gyarados|4\/100|[from] item: Life Orb\n|\n|upkeep\n|\n|t:|1699849697\n|switch|p2a: Quaquaval|Quaquaval, M|94\/100\n|-damage|p2a: Quaquaval|88\/100|[from] Stealth Rock\n|turn|15\n|\n|t:|1699849701\n|switch|p1a: Dragalge|Dragalge, F|100\/100\n|move|p2a: Quaquaval|Aqua Jet|p1a: Dragalge\n|-resisted|p1a: Dragalge\n|-damage|p1a: Dragalge|82\/100\n|\n|upkeep\n|turn|16\n|\n|t:|1699849708\n|switch|p2a: Heracross|Heracross, M|100\/100\n|-damage|p2a: Heracross|88\/100|[from] Stealth Rock\n|move|p1a: Dragalge|Draco Meteor|p2a: Heracross\n|-crit|p2a: Heracross\n|-damage|p2a: Heracross|0 fnt\n|-unboost|p1a: Dragalge|spa|2\n|faint|p2a: Heracross\n|\n|upkeep\n|\n|t:|1699849718\n|switch|p2a: Greninja|Greninja, M|100\/100\n|-damage|p2a: Greninja|88\/100|[from] Stealth Rock\n|turn|17\n|\n|t:|1699849723\n|switch|p1a: Gyarados|Gyarados, M|4\/100\n|-ability|p1a: Gyarados|Intimidate|boost\n|-unboost|p2a: Greninja|atk|1\n|move|p2a: Greninja|Blizzard|p1a: Gyarados\n|-damage|p1a: Gyarados|0 fnt\n|faint|p1a: Gyarados\n|-ability|p2a: Greninja|Battle Bond|boost\n|-boost|p2a: Greninja|atk|1\n|-boost|p2a: Greninja|spa|1\n|-boost|p2a: Greninja|spe|1\n|-activate|p2a: Greninja|ability: Battle Bond\n|\n|upkeep\n|\n|t:|1699849744\n|switch|p1a: Shiftry|Shiftry, M|100\/100\n|turn|18\n|\n|t:|1699849754\n|-terastallize|p1a: Shiftry|Bug\n|move|p2a: Greninja|Blizzard|p1a: Shiftry\n|-ability|p1a: Shiftry|Wind Rider|boost\n|-boost|p1a: Shiftry|atk|1\n|move|p1a: Shiftry|Tailwind|p1a: Shiftry\n|-sidestart|p1: funkyfunke|move: Tailwind\n|-ability|p1a: Shiftry|Wind Rider|boost\n|-boost|p1a: Shiftry|atk|1\n|\n|upkeep\n|turn|19\n|\n|t:|1699849766\n|move|p1a: Shiftry|Leaf Blade|p2a: Greninja\n|-supereffective|p2a: Greninja\n|-damage|p2a: Greninja|0 fnt\n|faint|p2a: Greninja\n|\n|upkeep\n|\n|t:|1699849773\n|switch|p2a: Mienshao|Mienshao, F|100\/100\n|-damage|p2a: Mienshao|94\/100|[from] Stealth Rock\n|turn|20\n|\n|t:|1699849783\n|switch|p1a: Donphan|Donphan, F|1\/100\n|move|p2a: Mienshao|Fake Out|p1a: Donphan\n|-damage|p1a: Donphan|0 fnt\n|-damage|p2a: Mienshao|78\/100|[from] item: Rocky Helmet|[of] p1a: Donphan\n|faint|p1a: Donphan\n|\n|upkeep\n|\n|t:|1699849790\n|switch|p1a: Shiftry|Shiftry, M, tera:Bug|100\/100\n|-ability|p1a: Shiftry|Wind Rider|boost\n|-boost|p1a: Shiftry|atk|1\n|turn|21\n|\n|t:|1699849796\n|move|p1a: Shiftry|Leaf Blade|p2a: Mienshao\n|-damage|p2a: Mienshao|0 fnt\n|faint|p2a: Mienshao\n|\n|-sideend|p1: funkyfunke|move: Tailwind\n|upkeep\n|\n|t:|1699849802\n|switch|p2a: Quaquaval|Quaquaval, M|88\/100\n|-damage|p2a: Quaquaval|82\/100|[from] Stealth Rock\n|turn|22\n|\n|t:|1699849808\n|move|p2a: Quaquaval|Brave Bird|p1a: Shiftry\n|-supereffective|p1a: Shiftry\n|-damage|p1a: Shiftry|0 fnt\n|faint|p1a: Shiftry\n|-ability|p2a: Quaquaval|Moxie|boost\n|-boost|p2a: Quaquaval|atk|1\n|-damage|p2a: Quaquaval|48\/100|[from] Recoil\n|\n|upkeep\n|\n|t:|1699849817\n|switch|p1a: Dragalge|Dragalge, F|82\/100\n|turn|23\n|\n|t:|1699849820\n|move|p2a: Quaquaval|Brave Bird|p1a: Dragalge\n|-crit|p1a: Dragalge\n|-damage|p1a: Dragalge|0 fnt\n|faint|p1a: Dragalge\n|-ability|p2a: Quaquaval|Moxie|boost\n|-boost|p2a: Quaquaval|atk|1\n|-damage|p2a: Quaquaval|21\/100|[from] Recoil\n|\n|upkeep\n|c|\u2606funkyfunke|gg\n|\n|t:|1699849827\n|switch|p1a: Magmar|Magmar, F|100\/100\n|turn|24\n|\n|t:|1699849836\n|move|p1a: Magmar|Power Swap|p2a: Quaquaval\n|-swapboost|p1a: Magmar|p2a: Quaquaval|atk, spa|[from] move: Power Swap\n|move|p2a: Quaquaval|Brave Bird|p1a: Magmar\n|-damage|p1a: Magmar|9\/100\n|-damage|p2a: Quaquaval|0 fnt|[from] Recoil\n|faint|p2a: Quaquaval\n|\n|win|funkyfunke\n|raw|funkyfunke's rating: 1078 &rarr; <strong>1109<\/strong><br \/>(+31 for winning)\n|raw|334433ed's rating: 1115 &rarr; <strong>1087<\/strong><br \/>(-28 for losing)\n|c|\u2606334433ed|gg\n|l|\u2606334433ed\n","uploadtime":1699849863,"views":7,"p1id":"funkyfunke","p2id":"334433ed","formatid":"gen9nationaldex","rating":1087,"private":0,"password":""}