{"id":"gen9nationaldex-1995998408","p1":"The Best 0000","p2":"coldSTZ","format":"[Gen 9] National Dex","log":"|html|<div class=\"broadcast-blue\"><strong>[Gen 9] National Dex is currently suspecting Sneasler! For information on how to participate check out the <a href=\"https:\/\/www.smogon.com\/forums\/threads\/sv-national-dex-suspect-8-just-dance.3731534\/\">suspect thread<\/a>.<\/strong><\/div>\n|j|\u203dThe Best 0000\n|j|\u2606coldSTZ\n|t:|1700627233\n|gametype|singles\n|player|p1|The Best 0000|shadowtriad|1089\n|player|p2|coldSTZ|clair|1112\n|teamsize|p1|6\n|teamsize|p2|6\n|gen|9\n|tier|[Gen 9] National Dex\n|rated|\n|rule|HP Percentage Mod: HP is shown in percentages\n|rule|Endless Battle Clause: Forcing endless battles is banned\n|rule|OHKO Clause: OHKO moves are banned\n|rule|Evasion Clause: Evasion abilities, items, and moves are banned\n|rule|Evasion Abilities Clause: Evasion abilities are banned\n|rule|Evasion Items Clause: Evasion items are banned\n|rule|Evasion Moves Clause: Evasion moves are banned\n|rule|Species Clause: Limit one of each Pok\u00e9mon\n|rule|Sleep Clause Mod: Limit one foe put to sleep\n|clearpoke\n|poke|p1|Volcarona, F|\n|poke|p1|Gardevoir, M|\n|poke|p1|Decidueye, M|\n|poke|p1|Primarina, F|\n|poke|p1|Iron Hands|\n|poke|p1|Salamence, M|\n|poke|p2|Pinsir, F|\n|poke|p2|Volcarona, F|\n|poke|p2|Ribombee, F|\n|poke|p2|Araquanid, F|\n|poke|p2|Buzzwole|\n|poke|p2|Yanmega, F|\n|teampreview\n|inactive|Battle timer is ON: inactive players will automatically lose when time's up. (requested by coldSTZ)\n|\n|t:|1700627243\n|start\n|switch|p1a: Gardevoir|Gardevoir, M, shiny|100\/100\n|switch|p2a: Ribombee|Ribombee, F, shiny|100\/100\n|-ability|p1a: Gardevoir|Shield Dust|[from] ability: Trace|[of] p2a: Ribombee\n|turn|1\n|\n|t:|1700627252\n|detailschange|p1a: Gardevoir|Gardevoir-Mega, M, shiny\n|-mega|p1a: Gardevoir|Gardevoir|Gardevoirite\n|move|p2a: Ribombee|Sticky Web|p1a: Gardevoir\n|-sidestart|p1: The Best 0000|move: Sticky Web\n|move|p1a: Gardevoir|Calm Mind|p1a: Gardevoir\n|-boost|p1a: Gardevoir|spa|1\n|-boost|p1a: Gardevoir|spd|1\n|\n|upkeep\n|turn|2\n|\n|t:|1700627263\n|move|p2a: Ribombee|Toxic|p1a: Gardevoir\n|-status|p1a: Gardevoir|tox\n|move|p1a: Gardevoir|Calm Mind|p1a: Gardevoir\n|-boost|p1a: Gardevoir|spa|1\n|-boost|p1a: Gardevoir|spd|1\n|\n|-damage|p1a: Gardevoir|94\/100 tox|[from] psn\n|upkeep\n|turn|3\n|\n|t:|1700627279\n|move|p2a: Ribombee|Moonblast|p1a: Gardevoir\n|-damage|p1a: Gardevoir|78\/100 tox\n|move|p1a: Gardevoir|Psychic|p2a: Ribombee\n|-enditem|p2a: Ribombee|Focus Sash\n|-damage|p2a: Ribombee|1\/100\n|\n|-damage|p1a: Gardevoir|66\/100 tox|[from] psn\n|upkeep\n|turn|4\n|\n|t:|1700627290\n|move|p2a: Ribombee|Moonblast|p1a: Gardevoir\n|-damage|p1a: Gardevoir|49\/100 tox\n|move|p1a: Gardevoir|Psychic|p2a: Ribombee\n|-damage|p2a: Ribombee|0 fnt\n|faint|p2a: Ribombee\n|\n|-damage|p1a: Gardevoir|31\/100 tox|[from] psn\n|upkeep\n|\n|t:|1700627298\n|switch|p2a: Pinsir|Pinsir, F|100\/100\n|turn|5\n|\n|t:|1700627303\n|detailschange|p2a: Pinsir|Pinsir-Mega, F\n|-mega|p2a: Pinsir|Pinsir|Pinsirite\n|move|p2a: Pinsir|Quick Attack|p1a: Gardevoir\n|-damage|p1a: Gardevoir|0 fnt\n|faint|p1a: Gardevoir\n|\n|upkeep\n|\n|t:|1700627311\n|switch|p1a: Volcarona|Volcarona, F|100\/100\n|-activate|p1a: Volcarona|move: Sticky Web\n|-unboost|p1a: Volcarona|spe|1\n|turn|6\n|\n|t:|1700627323\n|switch|p2a: Araquanid|Araquanid, F, shiny|100\/100\n|-terastallize|p1a: Volcarona|Steel\n|move|p1a: Volcarona|Flamethrower|p2a: Araquanid\n|-damage|p2a: Araquanid|81\/100\n|\n|upkeep\n|turn|7\n|\n|t:|1700627336\n|move|p1a: Volcarona|Giga Drain|p2a: Araquanid\n|-damage|p2a: Araquanid|58\/100\n|move|p2a: Araquanid|Infestation|p1a: Volcarona\n|-resisted|p1a: Volcarona\n|-damage|p1a: Volcarona|99\/100\n|-activate|p1a: Volcarona|move: Infestation|[of] p2a: Araquanid\n|\n|-damage|p1a: Volcarona|86\/100|[from] move: Infestation|[partiallytrapped]\n|upkeep\n|turn|8\n|\n|t:|1700627347\n|move|p1a: Volcarona|Quiver Dance|p1a: Volcarona\n|-boost|p1a: Volcarona|spa|1\n|-boost|p1a: Volcarona|spd|1\n|-boost|p1a: Volcarona|spe|1\n|-zpower|p2a: Araquanid\n|move|p2a: Araquanid|Hydro Vortex|p1a: Volcarona|[zeffect]\n|-damage|p1a: Volcarona|0 fnt\n|faint|p1a: Volcarona\n|\n|upkeep\n|\n|t:|1700627362\n|switch|p1a: Salamence|Salamence, M|100\/100\n|turn|9\n|\n|t:|1700627370\n|move|p1a: Salamence|Dragon Dance|p1a: Salamence\n|-boost|p1a: Salamence|atk|1\n|-boost|p1a: Salamence|spe|1\n|move|p2a: Araquanid|Toxic|p1a: Salamence\n|-status|p1a: Salamence|tox\n|\n|-damage|p1a: Salamence|94\/100 tox|[from] psn\n|upkeep\n|turn|10\n|\n|t:|1700627383\n|move|p1a: Salamence|Dual Wingbeat|p2a: Araquanid\n|-supereffective|p2a: Araquanid\n|-damage|p2a: Araquanid|0 fnt\n|faint|p2a: Araquanid\n|-ability|p1a: Salamence|Moxie|boost\n|-boost|p1a: Salamence|atk|1\n|-hitcount|p2: Araquanid|1\n|\n|-damage|p1a: Salamence|82\/100 tox|[from] psn\n|upkeep\n|\n|t:|1700627392\n|switch|p2a: Buzzwole|Buzzwole, shiny|100\/100\n|turn|11\n|\n|t:|1700627396\n|-terastallize|p2a: Buzzwole|Water\n|move|p1a: Salamence|Dual Wingbeat|p2a: Buzzwole\n|-damage|p2a: Buzzwole|77\/100\n|-damage|p1a: Salamence|66\/100 tox|[from] item: Rocky Helmet|[of] p2a: Buzzwole\n|-damage|p2a: Buzzwole|56\/100\n|-damage|p1a: Salamence|49\/100 tox|[from] item: Rocky Helmet|[of] p2a: Buzzwole\n|-hitcount|p2a: Buzzwole|2\n|move|p2a: Buzzwole|Ice Punch|p1a: Salamence\n|-supereffective|p1a: Salamence\n|-damage|p1a: Salamence|0 fnt\n|faint|p1a: Salamence\n|-ability|p2a: Buzzwole|Beast Boost|boost\n|-boost|p2a: Buzzwole|def|1\n|\n|upkeep\n|\n|t:|1700627413\n|switch|p1a: Decidueye|Decidueye, M, shiny|100\/100\n|-activate|p1a: Decidueye|move: Sticky Web\n|-unboost|p1a: Decidueye|spe|1\n|turn|12\n|\n|t:|1700627420\n|switch|p2a: Volcarona|Volcarona, F, shiny|100\/100\n|move|p1a: Decidueye|Brave Bird|p2a: Volcarona\n|-supereffective|p2a: Volcarona\n|-damage|p2a: Volcarona|0 fnt\n|faint|p2a: Volcarona\n|-damage|p1a: Decidueye|66\/100|[from] Recoil\n|-damage|p1a: Decidueye|56\/100|[from] item: Life Orb\n|\n|upkeep\n|\n|t:|1700627429\n|switch|p2a: Pinsir|Pinsir-Mega, F|100\/100\n|turn|13\n|\n|t:|1700627443\n|move|p2a: Pinsir|Quick Attack|p1a: Decidueye\n|-supereffective|p1a: Decidueye\n|-damage|p1a: Decidueye|0 fnt\n|faint|p1a: Decidueye\n|\n|upkeep\n|\n|t:|1700627449\n|switch|p1a: Iron Hands|Iron Hands|100\/100\n|-activate|p1a: Iron Hands|move: Sticky Web\n|-unboost|p1a: Iron Hands|spe|1\n|turn|14\n|\n|t:|1700627459\n|switch|p2a: Buzzwole|Buzzwole, shiny, tera:Water|56\/100\n|move|p1a: Iron Hands|Fake Out|p2a: Buzzwole\n|-damage|p2a: Buzzwole|47\/100\n|-damage|p1a: Iron Hands|84\/100|[from] item: Rocky Helmet|[of] p2a: Buzzwole\n|\n|-heal|p1a: Iron Hands|90\/100|[from] item: Leftovers\n|upkeep\n|turn|15\n|-message|The Best 0000 forfeited.\n|\n|win|coldSTZ\n|raw|The Best 0000's rating: 1089 &rarr; <strong>1067<\/strong><br \/>(-22 for losing)\n|raw|coldSTZ's rating: 1112 &rarr; <strong>1135<\/strong><br \/>(+23 for winning)\n|l|\u203dThe Best 0000\n","uploadtime":1700627472,"views":0,"p1id":"thebest0000","p2id":"coldstz","formatid":"gen9nationaldex","rating":1067,"private":0,"password":""}