{"id":"gen9nationaldex-1999307262","p1":"Harriett Red","p2":"dontbeapussss","format":"[Gen 9] National Dex","log":"|html|<div class=\"broadcast-blue\"><strong>[Gen 9] National Dex is currently suspecting Sneasler! For information on how to participate check out the <a href=\"https:\/\/www.smogon.com\/forums\/threads\/sv-national-dex-suspect-8-just-dance.3731534\/\">suspect thread<\/a>.<\/strong><\/div>\n|j|\u2606Harriett Red\n|j|\u2606dontbeapussss\n|t:|1701057959\n|gametype|singles\n|player|p1|Harriett Red|bertha|1000\n|player|p2|dontbeapussss|102|1085\n|teamsize|p1|6\n|teamsize|p2|6\n|gen|9\n|tier|[Gen 9] National Dex\n|rated|\n|rule|HP Percentage Mod: HP is shown in percentages\n|rule|Endless Battle Clause: Forcing endless battles is banned\n|rule|OHKO Clause: OHKO moves are banned\n|rule|Evasion Clause: Evasion abilities, items, and moves are banned\n|rule|Evasion Abilities Clause: Evasion abilities are banned\n|rule|Evasion Items Clause: Evasion items are banned\n|rule|Evasion Moves Clause: Evasion moves are banned\n|rule|Species Clause: Limit one of each Pok\u00e9mon\n|rule|Sleep Clause Mod: Limit one foe put to sleep\n|clearpoke\n|poke|p1|Garganacl, F|\n|poke|p1|Banette, M|\n|poke|p1|Sneasler, M|\n|poke|p1|Nihilego|\n|poke|p1|Inteleon, M|\n|poke|p1|Gastrodon-East, M|\n|poke|p2|Spidops, M|\n|poke|p2|Banette, F|\n|poke|p2|Hoopa-Unbound|\n|poke|p2|Overqwil, M|\n|poke|p2|Dragonite, M|\n|poke|p2|Azumarill, F|\n|teampreview\n|inactive|Battle timer is ON: inactive players will automatically lose when time's up. (requested by Harriett Red)\n|\n|t:|1701057975\n|start\n|switch|p1a: Nihilego|Nihilego|100\/100\n|switch|p2a: Voyage|Hoopa-Unbound|100\/100\n|turn|1\n|inactive|dontbeapussss has 120 seconds left.\n|\n|t:|1701058007\n|switch|p1a: Garganacl|Garganacl, F|100\/100\n|move|p2a: Voyage|Psychic|p1a: Garganacl\n|-damage|p1a: Garganacl|17\/100\n|\n|-heal|p1a: Garganacl|24\/100|[from] item: Leftovers\n|upkeep\n|turn|2\n|inactive|dontbeapussss has 120 seconds left.\n|\n|t:|1701058017\n|move|p1a: Garganacl|Protect|p1a: Garganacl\n|-singleturn|p1a: Garganacl|Protect\n|move|p2a: Voyage|Psychic|p1a: Garganacl\n|-activate|p1a: Garganacl|move: Protect\n|\n|-heal|p1a: Garganacl|30\/100|[from] item: Leftovers\n|upkeep\n|turn|3\n|\n|t:|1701058027\n|move|p2a: Voyage|Psychic|p1a: Garganacl\n|-damage|p1a: Garganacl|0 fnt\n|faint|p1a: Garganacl\n|\n|upkeep\n|\n|t:|1701058030\n|switch|p1a: Sneasler|Sneasler, M|100\/100\n|turn|4\n|\n|t:|1701058036\n|move|p1a: Sneasler|U-turn|p2a: Voyage\n|-supereffective|p2a: Voyage\n|-damage|p2a: Voyage|0 fnt\n|faint|p2a: Voyage\n|\n|t:|1701058042\n|switch|p1a: Nihilego|Nihilego|100\/100|[from] U-turn\n|\n|upkeep\n|\n|t:|1701058047\n|switch|p2a: Spidops|Spidops, M|100\/100\n|turn|5\n|\n|t:|1701058060\n|move|p1a: Nihilego|Power Gem|p2a: Spidops\n|-supereffective|p2a: Spidops\n|-enditem|p2a: Spidops|Focus Sash\n|-damage|p2a: Spidops|1\/100\n|move|p2a: Spidops|Sticky Web|p1a: Nihilego\n|-sidestart|p1: Harriett Red|move: Sticky Web\n|\n|upkeep\n|turn|6\n|\n|t:|1701058068\n|-terastallize|p2a: Spidops|Bug\n|move|p1a: Nihilego|Stealth Rock|p2a: Spidops\n|-sidestart|p2: dontbeapussss|move: Stealth Rock\n|move|p2a: Spidops|Circle Throw|p1a: Nihilego\n|-crit|p1a: Nihilego\n|-damage|p1a: Nihilego|59\/100\n|drag|p1a: Banette|Banette, M|100\/100\n|-activate|p1a: Banette|move: Sticky Web\n|-unboost|p1a: Banette|spe|1\n|\n|upkeep\n|turn|7\n|\n|t:|1701058087\n|move|p1a: Banette|Shadow Sneak|p2a: Spidops\n|-damage|p2a: Spidops|0 fnt\n|faint|p2a: Spidops\n|\n|upkeep\n|\n|t:|1701058097\n|switch|p2a: Banette|Banette, F|100\/100\n|-damage|p2a: Banette|88\/100|[from] Stealth Rock\n|turn|8\n|\n|t:|1701058114\n|detailschange|p2a: Banette|Banette-Mega, F\n|-mega|p2a: Banette|Banette|Banettite\n|detailschange|p1a: Banette|Banette-Mega, M\n|-mega|p1a: Banette|Banette|Banettite\n|move|p1a: Banette|Destiny Bond|p1a: Banette\n|-singlemove|p1a: Banette|Destiny Bond\n|move|p2a: Banette|Poltergeist|p1a: Banette\n|-activate|p1a: Banette|move: Poltergeist|Banettite\n|-supereffective|p1a: Banette\n|-damage|p1a: Banette|0 fnt\n|faint|p1a: Banette\n|-activate|p1a: Banette|move: Destiny Bond\n|faint|p2a: Banette\n|\n|upkeep\n|\n|t:|1701058137\n|switch|p2a: Birsh|Overqwil, M, shiny|100\/100\n|switch|p1a: Nihilego|Nihilego|59\/100\n|-damage|p2a: Birsh|88\/100|[from] Stealth Rock\n|-ability|p2a: Birsh|Intimidate|boost\n|-unboost|p1a: Nihilego|atk|1\n|-activate|p1a: Nihilego|move: Sticky Web\n|-unboost|p1a: Nihilego|spe|1\n|turn|9\n|\n|t:|1701058149\n|move|p2a: Birsh|Liquidation|p1a: Nihilego\n|-supereffective|p1a: Nihilego\n|-damage|p1a: Nihilego|0 fnt\n|faint|p1a: Nihilego\n|\n|upkeep\n|\n|t:|1701058155\n|switch|p1a: Sneasler|Sneasler, M|100\/100\n|-activate|p1a: Sneasler|move: Sticky Web\n|-unboost|p1a: Sneasler|spe|1\n|turn|10\n|\n|t:|1701058163\n|move|p2a: Birsh|Liquidation|p1a: Sneasler\n|-damage|p1a: Sneasler|55\/100\n|move|p1a: Sneasler|Close Combat|p2a: Birsh\n|-damage|p2a: Birsh|0 fnt\n|-unboost|p1a: Sneasler|def|1\n|-unboost|p1a: Sneasler|spd|1\n|faint|p2a: Birsh\n|\n|upkeep\n|\n|t:|1701058172\n|switch|p2a: Flower|Azumarill, F|100\/100\n|-damage|p2a: Flower|88\/100|[from] Stealth Rock\n|turn|11\n|\n|t:|1701058179\n|switch|p1a: Gastrodon|Gastrodon-East, M|100\/100\n|-activate|p1a: Gastrodon|move: Sticky Web\n|-unboost|p1a: Gastrodon|spe|1\n|move|p2a: Flower|Aqua Jet|p1a: Gastrodon\n|-ability|p1a: Gastrodon|Storm Drain|boost\n|-boost|p1a: Gastrodon|spa|1\n|\n|upkeep\n|turn|12\n|\n|t:|1701058188\n|move|p2a: Flower|Trailblaze|p1a: Gastrodon\n|-supereffective|p1a: Gastrodon\n|-damage|p1a: Gastrodon|27\/100\n|-boost|p2a: Flower|spe|1\n|move|p1a: Gastrodon|Clear Smog|p2a: Flower\n|-supereffective|p2a: Flower\n|-damage|p2a: Flower|53\/100\n|-clearboost|p2a: Flower\n|\n|-heal|p1a: Gastrodon|33\/100|[from] item: Leftovers\n|upkeep\n|turn|13\n|\n|t:|1701058208\n|move|p2a: Flower|Trailblaze|p1a: Gastrodon\n|-supereffective|p1a: Gastrodon\n|-damage|p1a: Gastrodon|0 fnt\n|-boost|p2a: Flower|spe|1\n|faint|p1a: Gastrodon\n|\n|upkeep\n|\n|t:|1701058218\n|switch|p1a: Sneasler|Sneasler, M|55\/100\n|-activate|p1a: Sneasler|move: Sticky Web\n|-unboost|p1a: Sneasler|spe|1\n|turn|14\n|\n|t:|1701058225\n|move|p1a: Sneasler|Dire Claw|p2a: Flower\n|-supereffective|p2a: Flower\n|-damage|p2a: Flower|0 fnt\n|faint|p2a: Flower\n|\n|upkeep\n|\n|t:|1701058231\n|switch|p2a: Hellus Mortus|Dragonite, M|100\/100\n|-damage|p2a: Hellus Mortus|76\/100|[from] Stealth Rock\n|turn|15\n|\n|t:|1701058242\n|move|p2a: Hellus Mortus|Extreme Speed|p1a: Sneasler\n|-damage|p1a: Sneasler|0 fnt\n|faint|p1a: Sneasler\n|\n|upkeep\n|\n|t:|1701058245\n|switch|p1a: Inteleon|Inteleon, M|100\/100\n|-activate|p1a: Inteleon|move: Sticky Web\n|-unboost|p1a: Inteleon|spe|1\n|turn|16\n|\n|t:|1701058253\n|move|p2a: Hellus Mortus|Outrage|p1a: Inteleon\n|-damage|p1a: Inteleon|0 fnt\n|faint|p1a: Inteleon\n|\n|win|dontbeapussss\n|raw|Harriett Red's rating: 1000 &rarr; <strong>1000<\/strong><br \/>(+0 for losing)\n|raw|dontbeapussss's rating: 1106 &rarr; <strong>1124<\/strong><br \/>(+18 for winning)\n|l|\u2606Harriett Red\n","uploadtime":1701058260,"views":2,"p1id":"harriettred","p2id":"dontbeapussss","formatid":"gen9nationaldex","rating":1000,"private":0,"password":""}