{"id":"gen9nationaldex-1988393730","p1":"Fiendish_Dr_wuu","p2":"xuzichen","format":"[Gen 9] National Dex","log":"|j|\u2606Fiendish_Dr_wuu\n|j|\u2606xuzichen\n|t:|1699717963\n|gametype|singles\n|player|p1|Fiendish_Dr_wuu|falkner|1282\n|player|p2|xuzichen|dawn|1209\n|teamsize|p1|6\n|teamsize|p2|6\n|gen|9\n|tier|[Gen 9] National Dex\n|rated|\n|rule|HP Percentage Mod: HP is shown in percentages\n|rule|Endless Battle Clause: Forcing endless battles is banned\n|rule|OHKO Clause: OHKO moves are banned\n|rule|Evasion Clause: Evasion abilities, items, and moves are banned\n|rule|Evasion Abilities Clause: Evasion abilities are banned\n|rule|Evasion Items Clause: Evasion items are banned\n|rule|Evasion Moves Clause: Evasion moves are banned\n|rule|Species Clause: Limit one of each Pok\u00e9mon\n|rule|Sleep Clause Mod: Limit one foe put to sleep\n|clearpoke\n|poke|p1|Ferrothorn, M|\n|poke|p1|Gengar, F|\n|poke|p1|Clefable, M|\n|poke|p1|Mantine, F|\n|poke|p1|Ditto|\n|poke|p1|Garchomp, F|\n|poke|p2|Banette, F|\n|poke|p2|Victini|\n|poke|p2|Seviper, M|\n|poke|p2|Landorus-Therian, M|\n|poke|p2|Honchkrow, F|\n|poke|p2|Iron Valiant|\n|teampreview\n|\n|t:|1699717975\n|start\n|switch|p1a: Mantine|Mantine, F, shiny|100\/100\n|switch|p2a: Landorus|Landorus-Therian, M|100\/100\n|-ability|p2a: Landorus|Intimidate|boost\n|-unboost|p1a: Mantine|atk|1\n|turn|1\n|\n|t:|1699717987\n|move|p2a: Landorus|Stealth Rock|p1a: Mantine\n|-sidestart|p1: Fiendish_Dr_wuu|move: Stealth Rock\n|move|p1a: Mantine|Ice Beam|p2a: Landorus\n|-supereffective|p2a: Landorus\n|-damage|p2a: Landorus|13\/100\n|\n|upkeep\n|turn|2\n|\n|t:|1699718000\n|move|p2a: Landorus|Explosion|p1a: Mantine\n|-enditem|p2a: Landorus|Normal Gem|[from] gem\n|-crit|p1a: Mantine\n|-damage|p1a: Mantine|0 fnt\n|faint|p2a: Landorus\n|faint|p1a: Mantine\n|\n|upkeep\n|\n|t:|1699718027\n|switch|p2a: Seviper|Seviper, M|100\/100\n|switch|p1a: Clefable|Clefable, M|100\/100\n|turn|3\n|\n|t:|1699718043\n|switch|p1a: Ferrothorn|Ferrothorn, M|100\/100\n|-damage|p1a: Ferrothorn|94\/100|[from] Stealth Rock\n|move|p2a: Seviper|Final Gambit|p1a: Ferrothorn\n|-damage|p1a: Ferrothorn|0 fnt\n|faint|p2a: Seviper\n|faint|p1a: Ferrothorn\n|\n|upkeep\n|\n|t:|1699718052\n|switch|p2a: Honchkrow|Honchkrow, F|100\/100\n|switch|p1a: Clefable|Clefable, M|100\/100\n|turn|4\n|\n|t:|1699718059\n|move|p2a: Honchkrow|Comeuppance||[still]\n|-fail|p2a: Honchkrow\n|move|p1a: Clefable|Moonblast|p2a: Honchkrow\n|-supereffective|p2a: Honchkrow\n|-enditem|p2a: Honchkrow|Focus Sash\n|-damage|p2a: Honchkrow|1\/100\n|-unboost|p2a: Honchkrow|spa|1\n|\n|upkeep\n|turn|5\n|\n|t:|1699718067\n|move|p2a: Honchkrow|Brave Bird|p1a: Clefable\n|-damage|p1a: Clefable|22\/100\n|-damage|p2a: Honchkrow|0 fnt|[from] Recoil\n|faint|p2a: Honchkrow\n|move|p1a: Clefable|Moonblast|p2: Honchkrow|[notarget]\n|-fail|p1a: Clefable\n|\n|upkeep\n|\n|t:|1699718080\n|switch|p2a: Banette|Banette, F|100\/100\n|-item|p1a: Clefable|Life Orb|[from] ability: Frisk|[of] p2a: Banette|[identify]\n|turn|6\n|\n|t:|1699718098\n|detailschange|p2a: Banette|Banette-Mega, F\n|-mega|p2a: Banette|Banette|Banettite\n|move|p2a: Banette|Poltergeist|p1a: Clefable\n|-activate|p1a: Clefable|move: Poltergeist|Life Orb\n|-damage|p1a: Clefable|0 fnt\n|faint|p1a: Clefable\n|\n|upkeep\n|\n|t:|1699718106\n|switch|p1a: Gengar|Gengar, F|100\/100\n|-damage|p1a: Gengar|88\/100|[from] Stealth Rock\n|turn|7\n|\n|t:|1699718112\n|-terastallize|p1a: Gengar|Dark\n|move|p2a: Banette|Destiny Bond|p2a: Banette\n|-singlemove|p2a: Banette|Destiny Bond\n|move|p1a: Gengar|Shadow Ball|p2a: Banette\n|-supereffective|p2a: Banette\n|-damage|p2a: Banette|0 fnt\n|faint|p2a: Banette\n|-activate|p2a: Banette|move: Destiny Bond\n|faint|p1a: Gengar\n|\n|upkeep\n|\n|t:|1699718161\n|switch|p1a: Garchomp|Garchomp, F, shiny|100\/100\n|switch|p2a: Victini|Victini|100\/100\n|-damage|p1a: Garchomp|94\/100|[from] Stealth Rock\n|turn|8\n|\n|t:|1699718180\n|move|p1a: Garchomp|Earthquake|p2a: Victini\n|-supereffective|p2a: Victini\n|-damage|p2a: Victini|5\/100\n|move|p2a: Victini|Final Gambit|p1a: Garchomp\n|-damage|p1a: Garchomp|89\/100\n|faint|p2a: Victini\n|\n|upkeep\n|\n|t:|1699718184\n|switch|p2a: Iron Valiant|Iron Valiant|100\/100\n|-enditem|p2a: Iron Valiant|Booster Energy\n|-activate|p2a: Iron Valiant|ability: Quark Drive|[fromitem]\n|-start|p2a: Iron Valiant|quarkdrivespe\n|turn|9\n|\n|t:|1699718192\n|-terastallize|p2a: Iron Valiant|Fairy\n|move|p2a: Iron Valiant|Moonblast|p1a: Garchomp\n|-supereffective|p1a: Garchomp\n|-damage|p1a: Garchomp|0 fnt\n|faint|p1a: Garchomp\n|\n|upkeep\n|\n|t:|1699718200\n|switch|p1a: Ditto|Ditto, shiny|100\/100\n|-damage|p1a: Ditto|88\/100|[from] Stealth Rock\n|-transform|p1a: Ditto|p2a: Iron Valiant|[from] ability: Imposter\n|-start|p1a: Ditto|typechange|Fairy\/Fighting|[silent]\n|turn|10\n|\n|t:|1699718216\n|move|p1a: Ditto|Moonblast|p2a: Iron Valiant\n|-damage|p2a: Iron Valiant|10\/100\n|move|p2a: Iron Valiant|Moonblast|p1a: Ditto\n|-supereffective|p1a: Ditto\n|-damage|p1a: Ditto|0 fnt\n|faint|p1a: Ditto\n|-end|p1a: Ditto|Quark Drive|[silent]\n|\n|win|xuzichen\n|raw|Fiendish_Dr_wuu's rating: 1282 &rarr; <strong>1250<\/strong><br \/>(-32 for losing)\n|raw|xuzichen's rating: 1182 &rarr; <strong>1214<\/strong><br \/>(+32 for winning)\n|l|\u2606Fiendish_Dr_wuu\n","uploadtime":1699718231,"views":7,"p1id":"fiendishdrwuu","p2id":"xuzichen","formatid":"gen9nationaldex","rating":1214,"private":0,"password":""}