{"id":"gen9nationaldex-1999927155","p1":"steals many wives","p2":"IAmSmelly22","format":"[Gen 9] National Dex","log":"|html|<div class=\"broadcast-blue\"><strong>[Gen 9] National Dex is currently suspecting Sneasler! For information on how to participate check out the <a href=\"https:\/\/www.smogon.com\/forums\/threads\/sv-national-dex-suspect-8-just-dance.3731534\/\">suspect thread<\/a>.<\/strong><\/div>\n|j|\u2606steals many wives\n|j|\u2606IAmSmelly22\n|t:|1701130991\n|gametype|singles\n|player|p1|steals many wives|waitress|1141\n|player|p2|IAmSmelly22|266|1046\n|teamsize|p1|6\n|teamsize|p2|6\n|gen|9\n|tier|[Gen 9] National Dex\n|rated|\n|rule|HP Percentage Mod: HP is shown in percentages\n|rule|Endless Battle Clause: Forcing endless battles is banned\n|rule|OHKO Clause: OHKO moves are banned\n|rule|Evasion Clause: Evasion abilities, items, and moves are banned\n|rule|Evasion Abilities Clause: Evasion abilities are banned\n|rule|Evasion Items Clause: Evasion items are banned\n|rule|Evasion Moves Clause: Evasion moves are banned\n|rule|Species Clause: Limit one of each Pok\u00e9mon\n|rule|Sleep Clause Mod: Limit one foe put to sleep\n|clearpoke\n|poke|p1|Aggron, M|\n|poke|p1|Ferrothorn, M|\n|poke|p1|Goodra-Hisui, F|\n|poke|p1|Celesteela|\n|poke|p1|Heatran, M|\n|poke|p1|Excadrill, M|\n|poke|p2|Diancie|\n|poke|p2|Garganacl, M|\n|poke|p2|Toxapex, M|\n|poke|p2|Latias, F|\n|poke|p2|Ogerpon-Wellspring, F|\n|poke|p2|Grimmsnarl, M|\n|teampreview\n|\n|t:|1701131012\n|start\n|switch|p1a: Lego|Ferrothorn, M|100\/100\n|switch|p2a: Grimmsnarl|Grimmsnarl, M|100\/100\n|turn|1\n|c|\u2606IAmSmelly22|Glhf\n|\n|t:|1701131019\n|move|p2a: Grimmsnarl|Taunt|p1a: Lego\n|-start|p1a: Lego|move: Taunt\n|move|p1a: Lego|Gyro Ball|p2a: Grimmsnarl\n|-supereffective|p2a: Grimmsnarl\n|-damage|p2a: Grimmsnarl|21\/100\n|\n|-heal|p2a: Grimmsnarl|27\/100|[from] item: Leftovers\n|upkeep\n|turn|2\n|\n|t:|1701131028\n|move|p2a: Grimmsnarl|Light Screen|p2a: Grimmsnarl\n|-sidestart|p2: IAmSmelly22|move: Light Screen\n|move|p1a: Lego|Gyro Ball|p2a: Grimmsnarl\n|-supereffective|p2a: Grimmsnarl\n|-damage|p2a: Grimmsnarl|0 fnt\n|faint|p2a: Grimmsnarl\n|\n|upkeep\n|\n|t:|1701131035\n|switch|p2a: Toxapex|Toxapex, M|100\/100\n|turn|3\n|\n|t:|1701131040\n|switch|p1a: Team Rocket|Celesteela|100\/100\n|move|p2a: Toxapex|Toxic|p1a: Team Rocket\n|-immune|p1a: Team Rocket\n|\n|upkeep\n|turn|4\n|c|\u2606steals many wives|really?\n|c|\u2606steals many wives|toxic?\n|\n|t:|1701131053\n|switch|p2a: Ogerpon|Ogerpon-Wellspring, F|100\/100\n|move|p1a: Team Rocket|Leech Seed|p2a: Ogerpon\n|-immune|p2a: Ogerpon\n|\n|upkeep\n|turn|5\n|\n|t:|1701131063\n|move|p2a: Ogerpon|Spikes|p1a: Team Rocket\n|-sidestart|p1: steals many wives|Spikes\n|move|p1a: Team Rocket|Fly||[still]\n|-prepare|p1a: Team Rocket|Fly\n|\n|upkeep\n|turn|6\n|\n|t:|1701131070\n|move|p2a: Ogerpon|Spikes|p1a: Team Rocket\n|-sidestart|p1: steals many wives|Spikes\n|move|p1a: Team Rocket|Fly|p2a: Ogerpon|[from]lockedmove\n|-supereffective|p2a: Ogerpon\n|-damage|p2a: Ogerpon|19\/100\n|\n|-sideend|p2: IAmSmelly22|move: Light Screen\n|upkeep\n|turn|7\n|\n|t:|1701131077\n|move|p2a: Ogerpon|Horn Leech|p1a: Team Rocket\n|-resisted|p1a: Team Rocket\n|-damage|p1a: Team Rocket|92\/100\n|-heal|p2a: Ogerpon|24\/100|[from] drain|[of] p1a: Team Rocket\n|move|p1a: Team Rocket|Iron Head|p2a: Ogerpon\n|-resisted|p2a: Ogerpon\n|-damage|p2a: Ogerpon|6\/100\n|\n|-heal|p1a: Team Rocket|99\/100|[from] item: Leftovers\n|upkeep\n|turn|8\n|\n|t:|1701131087\n|move|p2a: Ogerpon|Ivy Cudgel|p1a: Team Rocket|[anim] Ivy Cudgel Water\n|-damage|p1a: Team Rocket|50\/100\n|move|p1a: Team Rocket|Iron Head|p2a: Ogerpon\n|-resisted|p2a: Ogerpon\n|-damage|p2a: Ogerpon|0 fnt\n|faint|p2a: Ogerpon\n|-ability|p1a: Team Rocket|Beast Boost|boost\n|-boost|p1a: Team Rocket|def|1\n|\n|-heal|p1a: Team Rocket|56\/100|[from] item: Leftovers\n|upkeep\n|\n|t:|1701131097\n|switch|p2a: Garganacl|Garganacl, M|100\/100\n|turn|9\n|\n|t:|1701131102\n|move|p1a: Team Rocket|Leech Seed|p2a: Garganacl\n|-start|p2a: Garganacl|move: Leech Seed\n|move|p2a: Garganacl|Salt Cure|p1a: Team Rocket\n|-damage|p1a: Team Rocket|49\/100\n|-start|p1a: Team Rocket|Salt Cure\n|\n|-heal|p1a: Team Rocket|55\/100|[from] item: Leftovers\n|-damage|p2a: Garganacl|88\/100|[from] Leech Seed|[of] p1a: Team Rocket\n|-heal|p1a: Team Rocket|68\/100|[silent]\n|-damage|p1a: Team Rocket|43\/100|[from] Salt Cure\n|upkeep\n|turn|10\n|\n|t:|1701131115\n|switch|p1a: Lego|Ferrothorn, M|100\/100\n|-damage|p1a: Lego|84\/100|[from] Spikes\n|move|p2a: Garganacl|Explosion|p1a: Lego\n|-resisted|p1a: Lego\n|-damage|p1a: Lego|66\/100\n|faint|p2a: Garganacl\n|\n|upkeep\n|-message|IAmSmelly22 forfeited.\n|\n|win|steals many wives\n|raw|steals many wives's rating: 1141 &rarr; <strong>1159<\/strong><br \/>(+18 for winning)\n|raw|IAmSmelly22's rating: 1046 &rarr; <strong>1034<\/strong><br \/>(-12 for losing)\n|l|\u2606IAmSmelly22\n","uploadtime":1701131128,"views":1,"p1id":"stealsmanywives","p2id":"iamsmelly22","formatid":"gen9nationaldex","rating":1034,"private":0,"password":""}