{"id":"gen9nationaldex-1999363903","p1":"bazhujiadenvfen","p2":"gnome_attack","format":"[Gen 9] National Dex","log":"|html|<div class=\"broadcast-blue\"><strong>[Gen 9] National Dex is currently suspecting Sneasler! For information on how to participate check out the <a href=\"https:\/\/www.smogon.com\/forums\/threads\/sv-national-dex-suspect-8-just-dance.3731534\/\">suspect thread<\/a>.<\/strong><\/div>\n|j|\u2606bazhujiadenvfen\n|j|\u2606gnome_attack\n|t:|1701067286\n|gametype|singles\n|player|p1|bazhujiadenvfen|265|1629\n|player|p2|gnome_attack|kris-gen2|1584\n|teamsize|p1|6\n|teamsize|p2|6\n|gen|9\n|tier|[Gen 9] National Dex\n|rated|\n|rule|HP Percentage Mod: HP is shown in percentages\n|rule|Endless Battle Clause: Forcing endless battles is banned\n|rule|OHKO Clause: OHKO moves are banned\n|rule|Evasion Clause: Evasion abilities, items, and moves are banned\n|rule|Evasion Abilities Clause: Evasion abilities are banned\n|rule|Evasion Items Clause: Evasion items are banned\n|rule|Evasion Moves Clause: Evasion moves are banned\n|rule|Species Clause: Limit one of each Pok\u00e9mon\n|rule|Sleep Clause Mod: Limit one foe put to sleep\n|clearpoke\n|poke|p1|Slowbro-Galar, M|\n|poke|p1|Zamazenta-*|\n|poke|p1|Rillaboom, F|\n|poke|p1|Torterra, M|\n|poke|p1|Samurott-Hisui, M|\n|poke|p1|Kommo-o, M|\n|poke|p2|Rotom-Wash|\n|poke|p2|Garchomp, F|\n|poke|p2|Tornadus-Therian, M|\n|poke|p2|Scizor, M|\n|poke|p2|Hydreigon, M|\n|poke|p2|Hippowdon, F|\n|teampreview\n|c|\u2606gnome_attack|swag you got the tort\n|\n|t:|1701067311\n|start\n|switch|p1a: Zamazenta|Zamazenta|100\/100\n|switch|p2a: Porridge|Garchomp, F|100\/100\n|-ability|p1a: Zamazenta|Dauntless Shield|boost\n|-boost|p1a: Zamazenta|def|1\n|turn|1\n|\n|t:|1701067323\n|-terastallize|p1a: Zamazenta|Fighting\n|move|p1a: Zamazenta|Close Combat|p2a: Porridge\n|-damage|p2a: Porridge|0 fnt\n|-unboost|p1a: Zamazenta|def|1\n|-unboost|p1a: Zamazenta|spd|1\n|-damage|p1a: Zamazenta|88\/100|[from] ability: Rough Skin|[of] p2a: Porridge\n|faint|p2a: Porridge\n|\n|upkeep\n|\n|t:|1701067344\n|switch|p2a: Stew|Rotom-Wash, shiny|100\/100\n|turn|2\n|j| xsk123\n|\n|t:|1701067354\n|-terastallize|p2a: Stew|Ghost\n|move|p1a: Zamazenta|Close Combat|p2a: Stew\n|-immune|p2a: Stew\n|move|p2a: Stew|Will-O-Wisp|p1a: Zamazenta\n|-status|p1a: Zamazenta|brn\n|\n|-damage|p1a: Zamazenta|82\/100 brn|[from] brn\n|upkeep\n|turn|3\n|\n|t:|1701067366\n|switch|p1a: Torterra|Torterra, M|100\/100\n|move|p2a: Stew|Volt Switch|p1a: Torterra\n|-immune|p1a: Torterra\n|\n|upkeep\n|turn|4\n|\n|t:|1701067373\n|switch|p1a: Zamazenta|Zamazenta, tera:Fighting|82\/100 brn\n|move|p2a: Stew|Will-O-Wisp|p1a: Zamazenta\n|-fail|p1a: Zamazenta|brn\n|\n|-damage|p1a: Zamazenta|76\/100 brn|[from] brn\n|upkeep\n|turn|5\n|\n|t:|1701067380\n|move|p1a: Zamazenta|Crunch|p2a: Stew\n|-supereffective|p2a: Stew\n|-damage|p2a: Stew|65\/100\n|move|p2a: Stew|Volt Switch|p1a: Zamazenta\n|-damage|p1a: Zamazenta|52\/100 brn\n|\n|t:|1701067391\n|switch|p2a: Apple Sauce|Scizor, M|100\/100|[from] Volt Switch\n|\n|-damage|p1a: Zamazenta|46\/100 brn|[from] brn\n|upkeep\n|turn|6\n|\n|t:|1701067400\n|switch|p1a: Slowbro|Slowbro-Galar, M|100\/100\n|detailschange|p2a: Apple Sauce|Scizor-Mega, M\n|-mega|p2a: Apple Sauce|Scizor|Scizorite\n|move|p2a: Apple Sauce|Swords Dance|p2a: Apple Sauce\n|-boost|p2a: Apple Sauce|atk|2\n|\n|upkeep\n|turn|7\n|\n|t:|1701067410\n|detailschange|p1a: Slowbro|Slowbro-Mega, M\n|-mega|p1a: Slowbro|Slowbro|Slowbronite\n|move|p2a: Apple Sauce|U-turn|p1a: Slowbro\n|-supereffective|p1a: Slowbro\n|-damage|p1a: Slowbro|43\/100\n|c|\u2606gnome_attack|:0 it can do that!?\n|c|\u2606gnome_attack|so cool\n|\n|t:|1701067425\n|switch|p2a: Stew|Rotom-Wash, shiny, tera:Ghost|65\/100|[from] U-turn\n|move|p1a: Slowbro|Iron Defense|p1a: Slowbro\n|-boost|p1a: Slowbro|def|2\n|\n|-heal|p2a: Stew|70\/100|[from] item: Leftovers\n|upkeep\n|turn|8\n|\n|t:|1701067434\n|switch|p1a: Kommo-o|Kommo-o, M|100\/100\n|move|p2a: Stew|Volt Switch|p1a: Kommo-o\n|-resisted|p1a: Kommo-o\n|-damage|p1a: Kommo-o|87\/100\n|\n|t:|1701067440\n|switch|p2a: Mashed Potatoes|Tornadus-Therian, M|100\/100|[from] Volt Switch\n|\n|upkeep\n|turn|9\n|\n|t:|1701067446\n|switch|p1a: Zamazenta|Zamazenta, tera:Fighting|46\/100 brn\n|move|p2a: Mashed Potatoes|Hurricane|p1a: Zamazenta|[miss]\n|-miss|p2a: Mashed Potatoes|p1a: Zamazenta\n|\n|-damage|p1a: Zamazenta|40\/100 brn|[from] brn\n|upkeep\n|turn|10\n|\n|t:|1701067453\n|move|p1a: Zamazenta|Stone Edge|p2a: Mashed Potatoes\n|-supereffective|p2a: Mashed Potatoes\n|-damage|p2a: Mashed Potatoes|40\/100\n|move|p2a: Mashed Potatoes|Hurricane|p1a: Zamazenta\n|-supereffective|p1a: Zamazenta\n|-damage|p1a: Zamazenta|0 fnt\n|faint|p1a: Zamazenta\n|\n|upkeep\n|\n|t:|1701067464\n|switch|p1a: Samurott|Samurott-Hisui, M|100\/100\n|turn|11\n|\n|t:|1701067472\n|switch|p2a: Apple Sauce|Scizor-Mega, M|100\/100\n|move|p1a: Samurott|Sucker Punch||[still]\n|-fail|p1a: Samurott\n|\n|upkeep\n|turn|12\n|\n|t:|1701067482\n|switch|p1a: Slowbro|Slowbro-Mega, M|43\/100\n|move|p2a: Apple Sauce|U-turn|p1a: Slowbro\n|-supereffective|p1a: Slowbro\n|-damage|p1a: Slowbro|12\/100\n|\n|t:|1701067489\n|switch|p2a: Stew|Rotom-Wash, shiny, tera:Ghost|70\/100|[from] U-turn\n|\n|-heal|p2a: Stew|76\/100|[from] item: Leftovers\n|upkeep\n|turn|13\n|\n|t:|1701067495\n|switch|p1a: Rillaboom|Rillaboom, F|100\/100\n|-fieldstart|move: Grassy Terrain|[from] ability: Grassy Surge|[of] p1a: Rillaboom\n|move|p2a: Stew|Volt Switch|p1a: Rillaboom\n|-resisted|p1a: Rillaboom\n|-damage|p1a: Rillaboom|85\/100\n|\n|t:|1701067503\n|switch|p2a: Apple Sauce|Scizor-Mega, M|100\/100|[from] Volt Switch\n|\n|-heal|p1a: Rillaboom|92\/100|[from] Grassy Terrain\n|upkeep\n|turn|14\n|\n|t:|1701067512\n|move|p1a: Rillaboom|U-turn|p2a: Apple Sauce\n|-resisted|p2a: Apple Sauce\n|-damage|p2a: Apple Sauce|92\/100\n|\n|t:|1701067519\n|switch|p1a: Samurott|Samurott-Hisui, M|100\/100|[from] U-turn\n|move|p2a: Apple Sauce|Swords Dance|p2a: Apple Sauce\n|-boost|p2a: Apple Sauce|atk|2\n|\n|-heal|p2a: Apple Sauce|98\/100|[from] Grassy Terrain\n|upkeep\n|turn|15\n|\n|t:|1701067528\n|move|p1a: Samurott|Ceaseless Edge|p2a: Apple Sauce\n|-damage|p2a: Apple Sauce|54\/100\n|-sidestart|p2: gnome_attack|Spikes\n|move|p2a: Apple Sauce|U-turn|p1a: Samurott\n|-supereffective|p1a: Samurott\n|-damage|p1a: Samurott|0 fnt\n|faint|p1a: Samurott\n|\n|t:|1701067535\n|switch|p2a: Mashed Potatoes|Tornadus-Therian, M|74\/100|[from] U-turn\n|\n|upkeep\n|\n|t:|1701067542\n|switch|p1a: Torterra|Torterra, M|100\/100\n|turn|16\n|\n|t:|1701067550\n|move|p2a: Mashed Potatoes|Hurricane|p1a: Torterra\n|-supereffective|p1a: Torterra\n|-damage|p1a: Torterra|24\/100\n|move|p1a: Torterra|Wood Hammer|p2a: Mashed Potatoes\n|-resisted|p2a: Mashed Potatoes\n|-damage|p2a: Mashed Potatoes|0 fnt\n|faint|p2a: Mashed Potatoes\n|-damage|p1a: Torterra|1\/100|[from] Recoil\n|\n|-heal|p1a: Torterra|7\/100|[from] Grassy Terrain\n|upkeep\n|\n|t:|1701067564\n|switch|p2a: Refried Beans|Hydreigon, M, shiny|100\/100\n|turn|17\n|\n|t:|1701067568\n|move|p1a: Torterra|Grassy Glide|p2a: Refried Beans\n|-resisted|p2a: Refried Beans\n|-damage|p2a: Refried Beans|64\/100\n|move|p2a: Refried Beans|Dark Pulse|p1a: Torterra\n|-damage|p1a: Torterra|0 fnt\n|faint|p1a: Torterra\n|\n|upkeep\n|\n|t:|1701067578\n|switch|p1a: Kommo-o|Kommo-o, M|87\/100\n|turn|18\n|\n|t:|1701067583\n|switch|p2a: Stew|Rotom-Wash, shiny, tera:Ghost|76\/100\n|-zpower|p1a: Kommo-o\n|move|p1a: Kommo-o|Clangorous Soulblaze|p2a: Stew|[zeffect]\n|-damage|p2a: Stew|0 fnt\n|faint|p2a: Stew\n|-boost|p1a: Kommo-o|atk|1\n|-boost|p1a: Kommo-o|def|1\n|-boost|p1a: Kommo-o|spa|1\n|-boost|p1a: Kommo-o|spd|1\n|-boost|p1a: Kommo-o|spe|1\n|\n|-heal|p1a: Kommo-o|93\/100|[from] Grassy Terrain\n|upkeep\n|\n|t:|1701067594\n|switch|p2a: Refried Beans|Hydreigon, M, shiny|64\/100\n|turn|19\n|\n|t:|1701067599\n|move|p2a: Refried Beans|Draco Meteor|p1a: Kommo-o\n|-supereffective|p1a: Kommo-o\n|-damage|p1a: Kommo-o|0 fnt\n|-unboost|p2a: Refried Beans|spa|2\n|faint|p1a: Kommo-o\n|\n|upkeep\n|\n|t:|1701067611\n|switch|p1a: Slowbro|Slowbro-Mega, M|12\/100\n|turn|20\n|\n|t:|1701067615\n|move|p2a: Refried Beans|Draco Meteor|p1a: Slowbro\n|-damage|p1a: Slowbro|0 fnt\n|-unboost|p2a: Refried Beans|spa|2\n|faint|p1a: Slowbro\n|\n|-fieldend|move: Grassy Terrain\n|upkeep\n|\n|t:|1701067622\n|switch|p1a: Rillaboom|Rillaboom, F|92\/100\n|-fieldstart|move: Grassy Terrain|[from] ability: Grassy Surge|[of] p1a: Rillaboom\n|turn|21\n|\n|t:|1701067635\n|switch|p2a: Apple Sauce|Scizor-Mega, M|54\/100\n|-damage|p2a: Apple Sauce|42\/100|[from] Spikes\n|move|p1a: Rillaboom|Knock Off|p2a: Apple Sauce\n|-damage|p2a: Apple Sauce|26\/100\n|\n|-heal|p1a: Rillaboom|98\/100|[from] Grassy Terrain\n|-heal|p2a: Apple Sauce|32\/100|[from] Grassy Terrain\n|upkeep\n|turn|22\n|\n|t:|1701067644\n|move|p1a: Rillaboom|Knock Off|p2a: Apple Sauce\n|-damage|p2a: Apple Sauce|17\/100\n|move|p2a: Apple Sauce|Roost|p2a: Apple Sauce\n|-heal|p2a: Apple Sauce|67\/100\n|-singleturn|p2a: Apple Sauce|move: Roost\n|\n|-heal|p1a: Rillaboom|100\/100|[from] Grassy Terrain\n|-heal|p2a: Apple Sauce|73\/100|[from] Grassy Terrain\n|upkeep\n|turn|23\n|-message|bazhujiadenvfen forfeited.\n|\n|win|gnome_attack\n|raw|bazhujiadenvfen's rating: 1629 &rarr; <strong>1606<\/strong><br \/>(-23 for losing)\n|raw|gnome_attack's rating: 1584 &rarr; <strong>1607<\/strong><br \/>(+23 for winning)\n|l|\u2606bazhujiadenvfen\n","uploadtime":1701067655,"views":16,"p1id":"bazhujiadenvfen","p2id":"gnomeattack","formatid":"gen9nationaldex","rating":1606,"private":0,"password":""}