{"id":"gen9nationaldex-1998745190","p1":"NovembersEve","p2":"RickkDiderr","format":"[Gen 9] National Dex","log":"|html|<div class=\"broadcast-blue\"><strong>[Gen 9] National Dex is currently suspecting Sneasler! For information on how to participate check out the <a href=\"https:\/\/www.smogon.com\/forums\/threads\/sv-national-dex-suspect-8-just-dance.3731534\/\">suspect thread<\/a>.<\/strong><\/div>\n|j|\u2606NovembersEve\n|j|\u2606RickkDiderr\n|t:|1700982111\n|gametype|singles\n|player|p1|NovembersEve|dawn|1140\n|player|p2|RickkDiderr|swimmerf-gen4|1030\n|teamsize|p1|6\n|teamsize|p2|6\n|gen|9\n|tier|[Gen 9] National Dex\n|rated|\n|rule|HP Percentage Mod: HP is shown in percentages\n|rule|Endless Battle Clause: Forcing endless battles is banned\n|rule|OHKO Clause: OHKO moves are banned\n|rule|Evasion Clause: Evasion abilities, items, and moves are banned\n|rule|Evasion Abilities Clause: Evasion abilities are banned\n|rule|Evasion Items Clause: Evasion items are banned\n|rule|Evasion Moves Clause: Evasion moves are banned\n|rule|Species Clause: Limit one of each Pok\u00e9mon\n|rule|Sleep Clause Mod: Limit one foe put to sleep\n|clearpoke\n|poke|p1|Vaporeon, M|\n|poke|p1|Cradily, M|\n|poke|p1|Pachirisu, F|\n|poke|p1|Arcanine-Hisui, F|\n|poke|p1|Nihilego|\n|poke|p1|Serperior, F|\n|poke|p2|Corsola-Galar, F|\n|poke|p2|Weezing, M|\n|poke|p2|Krookodile, F|\n|poke|p2|Salamence, M|\n|poke|p2|Samurott-Hisui, F|\n|poke|p2|Serperior, F|\n|teampreview\n|inactive|Battle timer is ON: inactive players will automatically lose when time's up. (requested by NovembersEve)\n|\n|t:|1700982122\n|start\n|switch|p1a: Squirl|Pachirisu, F|100\/100\n|switch|p2a: Serperior|Serperior, F|100\/100\n|turn|1\n|\n|t:|1700982130\n|move|p2a: Serperior|Leaf Storm|p1a: Squirl\n|-damage|p1a: Squirl|57\/100\n|-boost|p2a: Serperior|spa|2\n|move|p1a: Squirl|Nuzzle|p2a: Serperior\n|-resisted|p2a: Serperior\n|-damage|p2a: Serperior|98\/100\n|-status|p2a: Serperior|par\n|\n|-heal|p2a: Serperior|100\/100 par|[from] item: Leftovers\n|upkeep\n|turn|2\n|\n|t:|1700982141\n|move|p1a: Squirl|Super Fang|p2a: Serperior\n|-damage|p2a: Serperior|51\/100 par\n|cant|p2a: Serperior|par\n|\n|-heal|p2a: Serperior|57\/100 par|[from] item: Leftovers\n|upkeep\n|turn|3\n|inactive|RickkDiderr has 120 seconds left.\n|\n|t:|1700982175\n|move|p1a: Squirl|U-turn|p2a: Serperior\n|-supereffective|p2a: Serperior\n|-damage|p2a: Serperior|35\/100 par\n|\n|t:|1700982183\n|switch|p1a: Rawr|Arcanine-Hisui, F|100\/100|[from] U-turn\n|cant|p2a: Serperior|par\n|\n|-heal|p2a: Serperior|41\/100 par|[from] item: Leftovers\n|upkeep\n|turn|4\n|\n|t:|1700982196\n|switch|p2a: Samurott|Samurott-Hisui, F|100\/100\n|move|p1a: Rawr|Flare Blitz|p2a: Samurott\n|-resisted|p2a: Samurott\n|-damage|p2a: Samurott|67\/100\n|\n|upkeep\n|turn|5\n|\n|t:|1700982203\n|move|p1a: Rawr|Head Smash|p2a: Samurott\n|-damage|p2a: Samurott|0 fnt\n|faint|p2a: Samurott\n|\n|upkeep\n|\n|t:|1700982216\n|switch|p2a: Krookodile|Krookodile, F|100\/100\n|turn|6\n|\n|t:|1700982219\n|move|p2a: Krookodile|Knock Off|p1a: Rawr\n|-damage|p1a: Rawr|30\/100\n|-enditem|p1a: Rawr|Heavy-Duty Boots|[from] move: Knock Off|[of] p2a: Krookodile\n|move|p1a: Rawr|Close Combat|p2a: Krookodile\n|-supereffective|p2a: Krookodile\n|-crit|p2a: Krookodile\n|-damage|p2a: Krookodile|0 fnt\n|-unboost|p1a: Rawr|def|1\n|-unboost|p1a: Rawr|spd|1\n|faint|p2a: Krookodile\n|\n|upkeep\n|\n|t:|1700982230\n|switch|p2a: Corsola|Corsola-Galar, F|100\/100\n|turn|7\n|\n|t:|1700982236\n|move|p1a: Rawr|Head Smash|p2a: Corsola\n|-damage|p2a: Corsola|64\/100\n|move|p2a: Corsola|Whirlpool|p1a: Rawr\n|-supereffective|p1a: Rawr\n|-damage|p1a: Rawr|0 fnt\n|faint|p1a: Rawr\n|\n|upkeep\n|\n|t:|1700982246\n|switch|p1a: Snek|Serperior, F|100\/100\n|turn|8\n|\n|t:|1700982258\n|move|p1a: Snek|Leaf Storm|p2a: Corsola|[miss]\n|-miss|p1a: Snek|p2a: Corsola\n|move|p2a: Corsola|Strength Sap|p1a: Snek\n|-boost|p1a: Snek|atk|1\n|-heal|p2a: Corsola|100\/100\n|\n|upkeep\n|turn|9\n|\n|t:|1700982267\n|switch|p2a: Salamence|Salamence, M|100\/100\n|move|p1a: Snek|Leaf Storm|p2a: Salamence\n|-resisted|p2a: Salamence\n|-damage|p2a: Salamence|88\/100\n|-boost|p1a: Snek|spa|2\n|\n|upkeep\n|turn|10\n|\n|t:|1700982275\n|move|p1a: Snek|Substitute|p1a: Snek\n|-start|p1a: Snek|Substitute\n|-damage|p1a: Snek|76\/100\n|move|p2a: Salamence|Flamethrower|p1a: Snek\n|-supereffective|p1a: Snek\n|-end|p1a: Snek|Substitute\n|\n|-heal|p1a: Snek|82\/100|[from] item: Leftovers\n|upkeep\n|turn|11\n|\n|t:|1700982286\n|switch|p1a: Squirl|Pachirisu, F|57\/100\n|move|p2a: Salamence|Flamethrower|p1a: Squirl\n|-damage|p1a: Squirl|34\/100\n|\n|upkeep\n|turn|12\n|\n|t:|1700982293\n|move|p2a: Salamence|Earthquake|p1a: Squirl\n|-supereffective|p1a: Squirl\n|-damage|p1a: Squirl|0 fnt\n|faint|p1a: Squirl\n|-ability|p2a: Salamence|Moxie|boost\n|-boost|p2a: Salamence|atk|1\n|\n|upkeep\n|\n|t:|1700982299\n|switch|p1a: Hat|Nihilego|100\/100\n|turn|13\n|\n|t:|1700982307\n|move|p1a: Hat|Meteor Beam||[still]\n|-prepare|p1a: Hat|Meteor Beam\n|-boost|p1a: Hat|spa|1\n|-enditem|p1a: Hat|Power Herb\n|-anim|p1a: Hat|Meteor Beam|p2a: Salamence\n|-supereffective|p2a: Salamence\n|-damage|p2a: Salamence|0 fnt\n|faint|p2a: Salamence\n|-ability|p1a: Hat|Beast Boost|boost\n|-boost|p1a: Hat|spe|1\n|\n|upkeep\n|\n|t:|1700982316\n|switch|p2a: Corsola|Corsola-Galar, F|100\/100\n|turn|14\n|\n|t:|1700982328\n|move|p1a: Hat|Meteor Beam||[still]\n|-prepare|p1a: Hat|Meteor Beam\n|-boost|p1a: Hat|spa|1\n|move|p2a: Corsola|Whirlpool|p1a: Hat\n|-supereffective|p1a: Hat\n|-damage|p1a: Hat|92\/100\n|-activate|p1a: Hat|move: Whirlpool|[of] p2a: Corsola\n|\n|-damage|p1a: Hat|79\/100|[from] move: Whirlpool|[partiallytrapped]\n|upkeep\n|turn|15\n|\n|t:|1700982340\n|move|p1a: Hat|Meteor Beam|p2a: Corsola|[from]lockedmove\n|-damage|p2a: Corsola|21\/100\n|move|p2a: Corsola|Strength Sap|p1a: Hat\n|-unboost|p1a: Hat|atk|1\n|-heal|p2a: Corsola|52\/100\n|\n|-damage|p1a: Hat|67\/100|[from] move: Whirlpool|[partiallytrapped]\n|upkeep\n|turn|16\n|\n|t:|1700982350\n|move|p1a: Hat|Sludge Wave|p2a: Corsola\n|-resisted|p2a: Corsola\n|-damage|p2a: Corsola|17\/100\n|-start|p1a: Hat|Disable|Sludge Wave|[from] ability: Cursed Body|[of] p2a: Corsola\n|move|p2a: Corsola|Strength Sap|p1a: Hat\n|-unboost|p1a: Hat|atk|1\n|-heal|p2a: Corsola|37\/100\n|\n|-damage|p1a: Hat|55\/100|[from] move: Whirlpool|[partiallytrapped]\n|upkeep\n|turn|17\n|\n|t:|1700982361\n|move|p1a: Hat|Dazzling Gleam|p2a: Corsola\n|-damage|p2a: Corsola|1\/100\n|move|p2a: Corsola|Night Shade|p1a: Hat\n|-damage|p1a: Hat|27\/100\n|\n|-damage|p1a: Hat|15\/100|[from] move: Whirlpool|[partiallytrapped]\n|upkeep\n|turn|18\n|\n|t:|1700982368\n|switch|p2a: Weezing|Weezing, M|100\/100\n|move|p1a: Hat|Dazzling Gleam|p2a: Weezing\n|-resisted|p2a: Weezing\n|-damage|p2a: Weezing|75\/100\n|\n|-heal|p2a: Weezing|81\/100|[from] item: Black Sludge\n|-end|p1a: Hat|Whirlpool|[partiallytrapped]\n|upkeep\n|turn|19\n|\n|t:|1700982383\n|-terastallize|p1a: Hat|Electric\n|move|p1a: Hat|Thunderbolt|p2a: Weezing\n|-damage|p2a: Weezing|1\/100\n|move|p2a: Weezing|Sludge Bomb|p1a: Hat\n|-damage|p1a: Hat|0 fnt\n|faint|p1a: Hat\n|\n|-heal|p2a: Weezing|7\/100|[from] item: Black Sludge\n|upkeep\n|\n|t:|1700982392\n|switch|p1a: Snek|Serperior, F|82\/100\n|turn|20\n|\n|t:|1700982398\n|move|p1a: Snek|Leaf Storm|p2a: Weezing\n|-resisted|p2a: Weezing\n|-damage|p2a: Weezing|0 fnt\n|-boost|p1a: Snek|spa|2\n|faint|p2a: Weezing\n|\n|-heal|p1a: Snek|88\/100|[from] item: Leftovers\n|upkeep\n|\n|t:|1700982406\n|switch|p2a: Serperior|Serperior, F|41\/100 par\n|turn|21\n|\n|t:|1700982416\n|move|p1a: Snek|Hidden Power|p2a: Serperior\n|-supereffective|p2a: Serperior\n|-damage|p2a: Serperior|0 fnt\n|faint|p2a: Serperior\n|\n|-heal|p1a: Snek|94\/100|[from] item: Leftovers\n|upkeep\n|\n|t:|1700982420\n|switch|p2a: Corsola|Corsola-Galar, F|1\/100\n|turn|22\n|\n|t:|1700982425\n|move|p1a: Snek|Substitute|p1a: Snek\n|-start|p1a: Snek|Substitute\n|-damage|p1a: Snek|69\/100\n|move|p2a: Corsola|Strength Sap||[still]\n|-fail|p2a: Corsola\n|\n|-heal|p1a: Snek|76\/100|[from] item: Leftovers\n|upkeep\n|turn|23\n|\n|t:|1700982431\n|move|p1a: Snek|Leech Seed|p2a: Corsola\n|-start|p2a: Corsola|move: Leech Seed\n|move|p2a: Corsola|Whirlpool|p1a: Snek\n|-resisted|p1a: Snek\n|-activate|p1a: Snek|move: Substitute|[damage]\n|\n|-heal|p1a: Snek|82\/100|[from] item: Leftovers\n|-damage|p2a: Corsola|0 fnt|[from] Leech Seed|[of] p1a: Snek\n|-heal|p1a: Snek|82\/100|[silent]\n|faint|p2a: Corsola\n|\n|win|NovembersEve\n|upkeep\n|raw|NovembersEve's rating: 1140 &rarr; <strong>1157<\/strong><br \/>(+17 for winning)\n|raw|RickkDiderr's rating: 1030 &rarr; <strong>1020<\/strong><br \/>(-10 for losing)\n|l|\u2606RickkDiderr\n","uploadtime":1700982451,"views":1,"p1id":"novemberseve","p2id":"rickkdiderr","formatid":"gen9nationaldex","rating":1020,"private":0,"password":""}