{"id":"gen9nationaldex-1988611546","p1":"AjoFC","p2":"Flexkip","format":"[Gen 9] National Dex","log":"|j|\u2606AjoFC\n|j|\u2606Flexkip\n|t:|1699741820\n|gametype|singles\n|player|p1|AjoFC|juggler|\n|player|p2|Flexkip|265|\n|teamsize|p1|6\n|teamsize|p2|6\n|gen|9\n|tier|[Gen 9] National Dex\n|rule|HP Percentage Mod: HP is shown in percentages\n|rule|Endless Battle Clause: Forcing endless battles is banned\n|rule|OHKO Clause: OHKO moves are banned\n|rule|Evasion Clause: Evasion abilities, items, and moves are banned\n|rule|Evasion Abilities Clause: Evasion abilities are banned\n|rule|Evasion Items Clause: Evasion items are banned\n|rule|Evasion Moves Clause: Evasion moves are banned\n|rule|Species Clause: Limit one of each Pok\u00e9mon\n|rule|Sleep Clause Mod: Limit one foe put to sleep\n|clearpoke\n|poke|p1|Dondozo, F|\n|poke|p1|Maushold-Four|\n|poke|p1|Iron Valiant|\n|poke|p1|Iron Moth|\n|poke|p1|Sinistcha|\n|poke|p1|Garganacl, F|\n|poke|p2|Samurott-Hisui, M|\n|poke|p2|Landorus-Therian, M|\n|poke|p2|Ferrothorn, M|\n|poke|p2|Volcarona, F|\n|poke|p2|Excadrill, M|\n|poke|p2|Whimsicott, F|\n|teampreview\n|inactive|Battle timer is ON: inactive players will automatically lose when time's up. (requested by AjoFC)\n|j| WSoldat\n|j| el p4n4\n|\n|t:|1699741849\n|start\n|switch|p1a: Poli Cibernetica|Iron Moth|100\/100\n|switch|p2a: Puellae|Whimsicott, F|100\/100\n|-enditem|p1a: Poli Cibernetica|Booster Energy\n|-activate|p1a: Poli Cibernetica|ability: Quark Drive|[fromitem]\n|-start|p1a: Poli Cibernetica|quarkdrivespa\n|turn|1\n|c| el p4n4|ajooo con todo\n|c| WSoldat|Big Chotas en vo confio\n|j| Sylveon(404)\n|j| RARMolina\n|j| PeppsiAsiEs\n|c| PeppsiAsiEs|Suerte a amobs contrincantes.\n|inactive|Flexkip has 270 seconds left.\n|c| PeppsiAsiEs|RECUERDEN: no se puede hacer coach\n|l| RARMolina\n|\n|t:|1699741882\n|switch|p2a: Zoro|Samurott-Hisui, M, shiny|100\/100\n|move|p1a: Poli Cibernetica|Fiery Dance|p2a: Zoro\n|-resisted|p2a: Zoro\n|-damage|p2a: Zoro|57\/100\n|\n|upkeep\n|turn|2\n|j| RARMolina\n|\n|t:|1699741900\n|-terastallize|p1a: Poli Cibernetica|Flying\n|move|p2a: Zoro|Sucker Punch|p1a: Poli Cibernetica\n|-damage|p1a: Poli Cibernetica|47\/100\n|move|p1a: Poli Cibernetica|Discharge|p2a: Zoro\n|-supereffective|p2a: Zoro\n|-damage|p2a: Zoro|0 fnt\n|faint|p2a: Zoro\n|\n|upkeep\n|inactive|Flexkip has 270 seconds left.\n|\n|t:|1699741916\n|switch|p2a: Puellae|Whimsicott, F|100\/100\n|turn|3\n|\n|t:|1699741919\n|move|p2a: Puellae|Encore|p1a: Poli Cibernetica\n|-start|p1a: Poli Cibernetica|Encore\n|move|p1a: Poli Cibernetica|Discharge|p2a: Puellae\n|-resisted|p2a: Puellae\n|-damage|p2a: Puellae|83\/100\n|-status|p2a: Puellae|par\n|\n|upkeep\n|turn|4\n|\n|t:|1699741938\n|-end|p1a: Poli Cibernetica|Quark Drive|[silent]\n|switch|p1a: Tebar|Garganacl, F|100\/100\n|move|p2a: Puellae|Tailwind|p2a: Puellae\n|-sidestart|p2: Flexkip|move: Tailwind\n|\n|upkeep\n|turn|5\n|\n|t:|1699741951\n|move|p2a: Puellae|Taunt|p1a: Tebar\n|-start|p1a: Tebar|move: Taunt\n|move|p1a: Tebar|Salt Cure|p2a: Puellae\n|-damage|p2a: Puellae|67\/100 par\n|-start|p2a: Puellae|Salt Cure\n|\n|-damage|p2a: Puellae|55\/100 par|[from] Salt Cure\n|upkeep\n|turn|6\n|\n|t:|1699741960\n|move|p2a: Puellae|U-turn|p1a: Tebar\n|-damage|p1a: Tebar|94\/100\n|\n|t:|1699741967\n|switch|p2a: Titan|Landorus-Therian, M|100\/100|[from] U-turn\n|-ability|p2a: Titan|Intimidate|boost\n|-fail|p1a: Tebar|unboost|[from] ability: Clear Body|[of] p1a: Tebar\n|move|p1a: Tebar|Salt Cure|p2a: Titan\n|-damage|p2a: Titan|89\/100\n|-start|p2a: Titan|Salt Cure\n|\n|-heal|p2a: Titan|95\/100|[from] item: Leftovers\n|-heal|p1a: Tebar|99\/100|[from] item: Leftovers\n|-damage|p2a: Titan|83\/100|[from] Salt Cure\n|upkeep\n|turn|7\n|\n|t:|1699741981\n|switch|p1a: Poli Cibernetica|Iron Moth, tera:Flying|47\/100\n|move|p2a: Titan|Stealth Rock|p1a: Poli Cibernetica\n|-sidestart|p1: AjoFC|move: Stealth Rock\n|\n|-heal|p2a: Titan|89\/100|[from] item: Leftovers\n|-damage|p2a: Titan|76\/100|[from] Salt Cure\n|-sideend|p2: Flexkip|move: Tailwind\n|upkeep\n|turn|8\n|\n|t:|1699741994\n|move|p1a: Poli Cibernetica|Fiery Dance|p2a: Titan\n|-damage|p2a: Titan|17\/100\n|move|p2a: Titan|U-turn|p1a: Poli Cibernetica\n|-resisted|p1a: Poli Cibernetica\n|-damage|p1a: Poli Cibernetica|27\/100\n|\n|t:|1699742004\n|switch|p2a: Sol|Volcarona, F|100\/100|[from] U-turn\n|\n|upkeep\n|turn|9\n|\n|t:|1699742012\n|move|p1a: Poli Cibernetica|Air Slash|p2a: Sol\n|-supereffective|p2a: Sol\n|-damage|p2a: Sol|9\/100\n|move|p2a: Sol|Quiver Dance|p2a: Sol\n|-boost|p2a: Sol|spa|1\n|-boost|p2a: Sol|spd|1\n|-boost|p2a: Sol|spe|1\n|\n|upkeep\n|turn|10\n|\n|t:|1699742021\n|move|p2a: Sol|Fiery Dance|p1a: Poli Cibernetica\n|-damage|p1a: Poli Cibernetica|0 fnt\n|-boost|p2a: Sol|spa|1\n|faint|p1a: Poli Cibernetica\n|-end|p1a: Poli Cibernetica|Quark Drive|[silent]\n|\n|upkeep\n|c| RARMolina|Guerra de polillas\n|\n|t:|1699742027\n|switch|p1a: DonValiente|Iron Valiant|100\/100\n|-damage|p1a: DonValiente|94\/100|[from] Stealth Rock\n|-enditem|p1a: DonValiente|Booster Energy\n|-activate|p1a: DonValiente|ability: Quark Drive|[fromitem]\n|-start|p1a: DonValiente|quarkdrivespe\n|turn|11\n|\n|t:|1699742046\n|switch|p2a: Titan|Landorus-Therian, M|17\/100\n|-ability|p2a: Titan|Intimidate|boost\n|-unboost|p1a: DonValiente|atk|1\n|move|p1a: DonValiente|Shadow Sneak|p2a: Titan\n|-damage|p2a: Titan|8\/100\n|\n|-heal|p2a: Titan|14\/100|[from] item: Leftovers\n|upkeep\n|turn|12\n|\n|t:|1699742059\n|move|p1a: DonValiente|Swords Dance|p1a: DonValiente\n|-boost|p1a: DonValiente|atk|2\n|move|p2a: Titan|Earthquake|p1a: DonValiente\n|-damage|p1a: DonValiente|30\/100\n|\n|-heal|p2a: Titan|20\/100|[from] item: Leftovers\n|upkeep\n|turn|13\n|\n|t:|1699742067\n|move|p1a: DonValiente|Spirit Break|p2a: Titan\n|-damage|p2a: Titan|0 fnt\n|faint|p2a: Titan\n|\n|upkeep\n|\n|t:|1699742089\n|switch|p2a: Puellae|Whimsicott, F|55\/100 par\n|turn|14\n|\n|t:|1699742094\n|move|p2a: Puellae|Encore|p1a: DonValiente\n|-start|p1a: DonValiente|Encore\n|move|p1a: DonValiente|Spirit Break|p2a: Puellae\n|-damage|p2a: Puellae|0 fnt\n|faint|p2a: Puellae\n|\n|upkeep\n|c| RARMolina|Cago\n|\n|t:|1699742102\n|switch|p2a: Persistance|Ferrothorn, M|100\/100\n|turn|15\n|\n|t:|1699742107\n|move|p1a: DonValiente|Spirit Break|p2a: Persistance\n|-resisted|p2a: Persistance\n|-damage|p2a: Persistance|82\/100\n|-unboost|p2a: Persistance|spa|1\n|-damage|p1a: DonValiente|17\/100|[from] ability: Iron Barbs|[of] p2a: Persistance\n|-damage|p1a: DonValiente|1\/100|[from] item: Rocky Helmet|[of] p2a: Persistance\n|move|p2a: Persistance|Power Whip|p1a: DonValiente\n|-damage|p1a: DonValiente|0 fnt\n|faint|p1a: DonValiente\n|-end|p1a: DonValiente|Quark Drive|[silent]\n|\n|upkeep\n|\n|t:|1699742121\n|switch|p1a: Tebar|Garganacl, F|99\/100\n|-damage|p1a: Tebar|88\/100|[from] Stealth Rock\n|turn|16\n|j| Sai4rr\n|\n|t:|1699742126\n|move|p1a: Tebar|Salt Cure|p2a: Persistance\n|-resisted|p2a: Persistance\n|-damage|p2a: Persistance|78\/100\n|-start|p2a: Persistance|Salt Cure\n|move|p2a: Persistance|Knock Off|p1a: Tebar\n|-damage|p1a: Tebar|75\/100\n|-enditem|p1a: Tebar|Leftovers|[from] move: Knock Off|[of] p2a: Persistance\n|\n|-damage|p2a: Persistance|53\/100|[from] Salt Cure\n|upkeep\n|turn|17\n|\n|t:|1699742145\n|move|p1a: Tebar|Salt Cure|p2a: Persistance\n|-resisted|p2a: Persistance\n|-damage|p2a: Persistance|49\/100\n|move|p2a: Persistance|Leech Seed|p1a: Tebar\n|-start|p1a: Tebar|move: Leech Seed\n|\n|-damage|p1a: Tebar|63\/100|[from] Leech Seed|[of] p2a: Persistance\n|-heal|p2a: Persistance|63\/100|[silent]\n|-damage|p2a: Persistance|39\/100|[from] Salt Cure\n|upkeep\n|turn|18\n|\n|t:|1699742160\n|switch|p1a: Jijijija|Sinistcha|100\/100\n|-damage|p1a: Jijijija|88\/100|[from] Stealth Rock\n|move|p2a: Persistance|Power Whip|p1a: Jijijija\n|-resisted|p1a: Jijijija\n|-damage|p1a: Jijijija|73\/100\n|-damage|p2a: Persistance|22\/100|[from] item: Rocky Helmet|[of] p1a: Jijijija\n|\n|-damage|p2a: Persistance|0 fnt|[from] Salt Cure\n|faint|p2a: Persistance\n|upkeep\n|inactive|Flexkip has 270 seconds left.\n|c| Sylveon(404)|ggs\n|\n|t:|1699742183\n|switch|p2a: Sol|Volcarona, F|9\/100\n|turn|19\n|inactive|Flexkip has 270 seconds left.\n|\n|t:|1699742191\n|move|p2a: Sol|Fiery Dance|p1a: Jijijija\n|-supereffective|p1a: Jijijija\n|-damage|p1a: Jijijija|29\/100\n|move|p1a: Jijijija|Shadow Ball|p2a: Sol\n|-damage|p2a: Sol|0 fnt\n|faint|p2a: Sol\n|\n|upkeep\n|c| Sai4rr|Volcabrona\n|c| RARMolina|Gg\n|inactive|Flexkip has 270 seconds left.\n|\n|t:|1699742196\n|switch|p2a: Berserker|Excadrill, M|100\/100\n|-ability|p2a: Berserker|Mold Breaker\n|turn|20\n|inactive|Flexkip has 270 seconds left.\n|\n|t:|1699742211\n|move|p2a: Berserker|Iron Head|p1a: Jijijija\n|-damage|p1a: Jijijija|0 fnt\n|-damage|p2a: Berserker|84\/100|[from] item: Rocky Helmet|[of] p1a: Jijijija\n|faint|p1a: Jijijija\n|\n|upkeep\n|\n|t:|1699742218\n|switch|p1a: Hola|Dondozo, F|100\/100\n|-damage|p1a: Hola|88\/100|[from] Stealth Rock\n|turn|21\n|\n|t:|1699742229\n|move|p2a: Berserker|Swords Dance|p2a: Berserker\n|-boost|p2a: Berserker|atk|2\n|move|p1a: Hola|Body Press|p2a: Berserker\n|-supereffective|p2a: Berserker\n|-damage|p2a: Berserker|21\/100\n|\n|-heal|p1a: Hola|94\/100|[from] item: Leftovers\n|upkeep\n|turn|22\n|\n|t:|1699742237\n|move|p2a: Berserker|Iron Head|p1a: Hola\n|-resisted|p1a: Hola\n|-damage|p1a: Hola|71\/100\n|move|p1a: Hola|Body Press|p2a: Berserker\n|-supereffective|p2a: Berserker\n|-damage|p2a: Berserker|0 fnt\n|faint|p2a: Berserker\n|\n|win|AjoFC\n|l|\u2606Flexkip\n|c| PeppsiAsiEs|Gg\n|c| el p4n4|GG\n","uploadtime":1699742249,"views":5,"p1id":"ajofc","p2id":"flexkip","formatid":"gen9nationaldex","rating":0,"private":0,"password":""}