{"id":"gen9nationaldex-2000304325","p1":"drkoda","p2":"BrrFrostbyte","format":"[Gen 9] National Dex","log":"|html|<div class=\"broadcast-blue\"><strong>[Gen 9] National Dex is currently suspecting Sneasler! For information on how to participate check out the <a href=\"https:\/\/www.smogon.com\/forums\/threads\/sv-national-dex-suspect-8-just-dance.3731534\/\">suspect thread<\/a>.<\/strong><\/div>\n|j|\u2606drkoda\n|j|\u2606BrrFrostbyte\n|t:|1701183175\n|gametype|singles\n|player|p1|drkoda|2|1000\n|player|p2|BrrFrostbyte|richboy-gen4|1064\n|teamsize|p1|6\n|teamsize|p2|6\n|gen|9\n|tier|[Gen 9] National Dex\n|rated|\n|rule|HP Percentage Mod: HP is shown in percentages\n|rule|Endless Battle Clause: Forcing endless battles is banned\n|rule|OHKO Clause: OHKO moves are banned\n|rule|Evasion Clause: Evasion abilities, items, and moves are banned\n|rule|Evasion Abilities Clause: Evasion abilities are banned\n|rule|Evasion Items Clause: Evasion items are banned\n|rule|Evasion Moves Clause: Evasion moves are banned\n|rule|Species Clause: Limit one of each Pok\u00e9mon\n|rule|Sleep Clause Mod: Limit one foe put to sleep\n|clearpoke\n|poke|p1|Galvantula, F|\n|poke|p1|Zoroark-Hisui, F|\n|poke|p1|Muk-Alola, M|\n|poke|p1|Torkoal, F|\n|poke|p1|Venusaur, F|\n|poke|p1|Empoleon, M|\n|poke|p2|Samurott, M|\n|poke|p2|Stoutland, M|\n|poke|p2|Krookodile, M|\n|poke|p2|Volcarona, F|\n|poke|p2|Ferrothorn, M|\n|poke|p2|Beartic, M|\n|teampreview\n|inactive|Battle timer is ON: inactive players will automatically lose when time's up. (requested by drkoda)\n|inactive|BrrFrostbyte has 120 seconds left.\n|\n|t:|1701183224\n|start\n|switch|p1a: Galvantula|Galvantula, F|100\/100\n|switch|p2a: Krookodile|Krookodile, M|100\/100\n|-ability|p2a: Krookodile|Intimidate|boost\n|-unboost|p1a: Galvantula|atk|1\n|turn|1\n|\n|t:|1701183237\n|move|p1a: Galvantula|Spider Web|p2a: Krookodile\n|-activate|p2a: Krookodile|trapped\n|move|p2a: Krookodile|Stone Edge|p1a: Galvantula\n|-supereffective|p1a: Galvantula\n|-crit|p1a: Galvantula\n|-enditem|p1a: Galvantula|Focus Sash\n|-damage|p1a: Galvantula|1\/100\n|\n|upkeep\n|turn|2\n|\n|t:|1701183243\n|move|p1a: Galvantula|Sticky Web|p2a: Krookodile\n|-sidestart|p2: BrrFrostbyte|move: Sticky Web\n|move|p2a: Krookodile|Crunch|p1a: Galvantula\n|-damage|p1a: Galvantula|0 fnt\n|faint|p1a: Galvantula\n|\n|upkeep\n|\n|t:|1701183250\n|switch|p1a: Empoleon|Empoleon, M|100\/100\n|turn|3\n|\n|t:|1701183258\n|move|p2a: Krookodile|Earthquake|p1a: Empoleon\n|-supereffective|p1a: Empoleon\n|-damage|p1a: Empoleon|21\/100\n|move|p1a: Empoleon|Surf|p2a: Krookodile\n|-supereffective|p2a: Krookodile\n|-damage|p2a: Krookodile|7\/100\n|\n|-heal|p1a: Empoleon|28\/100|[from] item: Leftovers\n|upkeep\n|turn|4\n|\n|t:|1701183264\n|move|p2a: Krookodile|Earthquake|p1a: Empoleon\n|-supereffective|p1a: Empoleon\n|-damage|p1a: Empoleon|0 fnt\n|faint|p1a: Empoleon\n|\n|upkeep\n|\n|t:|1701183270\n|switch|p1a: Torkoal|Torkoal, F|100\/100\n|-weather|SunnyDay|[from] ability: Drought|[of] p1a: Torkoal\n|turn|5\n|\n|t:|1701183278\n|move|p2a: Krookodile|Earthquake|p1a: Torkoal\n|-supereffective|p1a: Torkoal\n|-damage|p1a: Torkoal|32\/100\n|move|p1a: Torkoal|Lava Plume|p2a: Krookodile\n|-crit|p2a: Krookodile\n|-damage|p2a: Krookodile|0 fnt\n|faint|p2a: Krookodile\n|\n|-weather|SunnyDay|[upkeep]\n|upkeep\n|\n|t:|1701183281\n|switch|p2a: Samurott|Samurott, M|100\/100\n|-activate|p2a: Samurott|move: Sticky Web\n|-unboost|p2a: Samurott|spe|1\n|turn|6\n|\n|t:|1701183289\n|switch|p1a: Venusaur|Venusaur, F|100\/100\n|move|p2a: Samurott|Aqua Jet|p1a: Venusaur\n|-resisted|p1a: Venusaur\n|-damage|p1a: Venusaur|94\/100\n|\n|-weather|SunnyDay|[upkeep]\n|-heal|p1a: Venusaur|99\/100|[from] item: Black Sludge\n|upkeep\n|turn|7\n|\n|t:|1701183296\n|move|p1a: Venusaur|Giga Drain|p2a: Samurott\n|-supereffective|p2a: Samurott\n|-damage|p2a: Samurott|21\/100\n|-heal|p1a: Venusaur|100\/100|[from] drain|[of] p2a: Samurott\n|move|p2a: Samurott|Megahorn|p1a: Venusaur\n|-damage|p1a: Venusaur|49\/100\n|\n|-weather|SunnyDay|[upkeep]\n|-heal|p1a: Venusaur|55\/100|[from] item: Black Sludge\n|upkeep\n|turn|8\n|\n|t:|1701183307\n|move|p1a: Venusaur|Giga Drain|p2a: Samurott\n|-supereffective|p2a: Samurott\n|-damage|p2a: Samurott|0 fnt\n|-heal|p1a: Venusaur|68\/100|[from] drain|[of] p2a: Samurott\n|faint|p2a: Samurott\n|\n|-weather|SunnyDay|[upkeep]\n|-heal|p1a: Venusaur|74\/100|[from] item: Black Sludge\n|upkeep\n|\n|t:|1701183309\n|switch|p2a: Volcarona|Volcarona, F|100\/100\n|-activate|p2a: Volcarona|move: Sticky Web\n|-unboost|p2a: Volcarona|spe|1\n|turn|9\n|\n|t:|1701183326\n|move|p1a: Venusaur|Sludge Bomb|p2a: Volcarona\n|-damage|p2a: Volcarona|55\/100\n|-status|p2a: Volcarona|psn\n|move|p2a: Volcarona|Quiver Dance|p2a: Volcarona\n|-boost|p2a: Volcarona|spa|1\n|-boost|p2a: Volcarona|spd|1\n|-boost|p2a: Volcarona|spe|1\n|\n|-weather|SunnyDay|[upkeep]\n|-heal|p1a: Venusaur|80\/100|[from] item: Black Sludge\n|-damage|p2a: Volcarona|43\/100 psn|[from] psn\n|upkeep\n|turn|10\n|\n|t:|1701183331\n|move|p1a: Venusaur|Giga Drain|p2a: Volcarona\n|-resisted|p2a: Volcarona\n|-damage|p2a: Volcarona|36\/100 psn\n|-heal|p1a: Venusaur|84\/100|[from] drain|[of] p2a: Volcarona\n|move|p2a: Volcarona|Fiery Dance|p1a: Venusaur\n|-supereffective|p1a: Venusaur\n|-damage|p1a: Venusaur|0 fnt\n|faint|p1a: Venusaur\n|\n|-weather|SunnyDay|[upkeep]\n|-damage|p2a: Volcarona|24\/100 psn|[from] psn\n|upkeep\n|\n|t:|1701183341\n|switch|p1a: Torkoal|Torkoal, F|100\/100\n|turn|11\n|\n|t:|1701183350\n|-terastallize|p1a: Torkoal|Ghost\n|move|p1a: Torkoal|Shadow Ball|p2a: Volcarona\n|-damage|p2a: Volcarona|0 fnt\n|faint|p2a: Volcarona\n|\n|-weather|SunnyDay|[upkeep]\n|upkeep\n|\n|t:|1701183355\n|switch|p2a: Stoutland|Stoutland, M|100\/100\n|-activate|p2a: Stoutland|move: Sticky Web\n|-unboost|p2a: Stoutland|spe|1\n|-ability|p2a: Stoutland|Intimidate|boost\n|-unboost|p1a: Torkoal|atk|1\n|turn|12\n|\n|t:|1701183363\n|move|p1a: Torkoal|Nasty Plot|p1a: Torkoal\n|-boost|p1a: Torkoal|spa|2\n|move|p2a: Stoutland|Shadow Ball|p1a: Torkoal\n|-supereffective|p1a: Torkoal\n|-damage|p1a: Torkoal|36\/100\n|-unboost|p1a: Torkoal|spd|1\n|replace|p1a: Zoroark|Zoroark-Hisui, F\n|-end|p1a: Zoroark|Illusion\n|\n|-weather|none\n|upkeep\n|turn|13\n|\n|t:|1701183371\n|move|p1a: Zoroark|Flamethrower|p2a: Stoutland\n|-damage|p2a: Stoutland|33\/100\n|move|p2a: Stoutland|Shadow Ball|p1a: Zoroark\n|-supereffective|p1a: Zoroark\n|-damage|p1a: Zoroark|0 fnt\n|faint|p1a: Zoroark\n|\n|upkeep\n|\n|t:|1701183376\n|switch|p1a: Muk|Muk-Alola, M|100\/100\n|turn|14\n|\n|t:|1701183379\n|move|p2a: Stoutland|Thunder|p1a: Muk\n|-damage|p1a: Muk|91\/100\n|move|p1a: Muk|Drain Punch|p2a: Stoutland\n|-supereffective|p2a: Stoutland\n|-damage|p2a: Stoutland|0 fnt\n|-heal|p1a: Muk|100\/100|[from] drain|[of] p2a: Stoutland\n|faint|p2a: Stoutland\n|\n|upkeep\n|\n|t:|1701183384\n|switch|p2a: Ferrothorn|Ferrothorn, M|100\/100\n|-activate|p2a: Ferrothorn|move: Sticky Web\n|-unboost|p2a: Ferrothorn|spe|1\n|turn|15\n|\n|t:|1701183394\n|move|p1a: Muk|Rock Tomb|p2a: Ferrothorn\n|-resisted|p2a: Ferrothorn\n|-damage|p2a: Ferrothorn|95\/100\n|-unboost|p2a: Ferrothorn|spe|1\n|move|p2a: Ferrothorn|Thunderbolt|p1a: Muk\n|-damage|p1a: Muk|92\/100\n|\n|upkeep\n|turn|16\n|\n|t:|1701183401\n|move|p1a: Muk|Knock Off|p2a: Ferrothorn\n|-damage|p2a: Ferrothorn|76\/100\n|-damage|p1a: Muk|79\/100|[from] ability: Iron Barbs|[of] p2a: Ferrothorn\n|move|p2a: Ferrothorn|Thunderbolt|p1a: Muk\n|-damage|p1a: Muk|71\/100\n|\n|upkeep\n|turn|17\n|\n|t:|1701183408\n|move|p1a: Muk|Drain Punch|p2a: Ferrothorn\n|-supereffective|p2a: Ferrothorn\n|-damage|p2a: Ferrothorn|47\/100\n|-heal|p1a: Muk|83\/100|[from] drain|[of] p2a: Ferrothorn\n|-damage|p1a: Muk|71\/100|[from] ability: Iron Barbs|[of] p2a: Ferrothorn\n|move|p2a: Ferrothorn|Thunderbolt|p1a: Muk\n|-damage|p1a: Muk|62\/100\n|\n|upkeep\n|turn|18\n|\n|t:|1701183413\n|move|p1a: Muk|Drain Punch|p2a: Ferrothorn\n|-supereffective|p2a: Ferrothorn\n|-damage|p2a: Ferrothorn|18\/100\n|-heal|p1a: Muk|75\/100|[from] drain|[of] p2a: Ferrothorn\n|-damage|p1a: Muk|62\/100|[from] ability: Iron Barbs|[of] p2a: Ferrothorn\n|move|p2a: Ferrothorn|Thunderbolt|p1a: Muk\n|-damage|p1a: Muk|55\/100\n|\n|upkeep\n|turn|19\n|\n|t:|1701183422\n|move|p1a: Muk|Drain Punch|p2a: Ferrothorn\n|-supereffective|p2a: Ferrothorn\n|-damage|p2a: Ferrothorn|0 fnt\n|-heal|p1a: Muk|62\/100|[from] drain|[of] p2a: Ferrothorn\n|-damage|p1a: Muk|50\/100|[from] ability: Iron Barbs|[of] p2a: Ferrothorn\n|faint|p2a: Ferrothorn\n|\n|upkeep\n|\n|t:|1701183433\n|switch|p2a: Beartic|Beartic, M|100\/100\n|-activate|p2a: Beartic|move: Sticky Web\n|-unboost|p2a: Beartic|spe|1\n|turn|20\n|\n|t:|1701183440\n|-terastallize|p2a: Beartic|Ice\n|move|p1a: Muk|Drain Punch|p2a: Beartic\n|-supereffective|p2a: Beartic\n|-damage|p2a: Beartic|61\/100\n|-heal|p1a: Muk|69\/100|[from] drain|[of] p2a: Beartic\n|move|p2a: Beartic|Icicle Crash|p1a: Muk\n|-damage|p1a: Muk|0 fnt\n|faint|p1a: Muk\n|\n|upkeep\n|\n|t:|1701183445\n|switch|p1a: Torkoal|Torkoal, F|32\/100\n|-weather|SunnyDay|[from] ability: Drought|[of] p1a: Torkoal\n|turn|21\n|\n|t:|1701183451\n|move|p2a: Beartic|Liquidation|p1a: Torkoal\n|-supereffective|p1a: Torkoal\n|-damage|p1a: Torkoal|10\/100\n|move|p1a: Torkoal|Lava Plume|p2a: Beartic\n|-supereffective|p2a: Beartic\n|-damage|p2a: Beartic|0 fnt\n|faint|p2a: Beartic\n|\n|win|drkoda\n|raw|drkoda's rating: 1000 &rarr; <strong>1047<\/strong><br \/>(+47 for winning)\n|raw|BrrFrostbyte's rating: 1064 &rarr; <strong>1041<\/strong><br \/>(-23 for losing)\n|l|\u2606BrrFrostbyte\n","uploadtime":1701183476,"views":4,"p1id":"drkoda","p2id":"brrfrostbyte","formatid":"gen9nationaldex","rating":1041,"private":0,"password":""}