{"id":"gen9nationaldex-1989777518","p1":"krickitune fan","p2":"Chili D Dewd","format":"[Gen 9] National Dex","log":"|j|\u203dkrickitune fan\n|j|\u2606Chili D Dewd\n|t:|1699894886\n|gametype|singles\n|player|p1|krickitune fan|gardenia|1381\n|player|p2|Chili D Dewd|170|1461\n|teamsize|p1|6\n|teamsize|p2|6\n|gen|9\n|tier|[Gen 9] National Dex\n|rated|\n|rule|HP Percentage Mod: HP is shown in percentages\n|rule|Endless Battle Clause: Forcing endless battles is banned\n|rule|OHKO Clause: OHKO moves are banned\n|rule|Evasion Clause: Evasion abilities, items, and moves are banned\n|rule|Evasion Abilities Clause: Evasion abilities are banned\n|rule|Evasion Items Clause: Evasion items are banned\n|rule|Evasion Moves Clause: Evasion moves are banned\n|rule|Species Clause: Limit one of each Pok\u00e9mon\n|rule|Sleep Clause Mod: Limit one foe put to sleep\n|clearpoke\n|poke|p1|Kommo-o, F|\n|poke|p1|Heatran, F|\n|poke|p1|Rotom-Wash|\n|poke|p1|Weavile, F|\n|poke|p1|Rillaboom, F|\n|poke|p1|Mawile, M|\n|poke|p2|Landorus-Therian, M|\n|poke|p2|Tapu Koko|\n|poke|p2|Gyarados, F|\n|poke|p2|Volcarona, M|\n|poke|p2|Sneasler, F|\n|poke|p2|Iron Valiant|\n|teampreview\n|inactive|Battle timer is ON: inactive players will automatically lose when time's up. (requested by Chili D Dewd)\n|\n|t:|1699894899\n|start\n|switch|p1a: Heatran|Heatran, F|100\/100\n|switch|p2a: Landorus|Landorus-Therian, M|100\/100\n|-ability|p2a: Landorus|Intimidate|boost\n|-unboost|p1a: Heatran|atk|1\n|turn|1\n|\n|t:|1699894906\n|move|p2a: Landorus|Stealth Rock|p1a: Heatran\n|-sidestart|p1: krickitune fan|move: Stealth Rock\n|move|p1a: Heatran|Toxic|p2a: Landorus\n|-status|p2a: Landorus|tox\n|\n|-damage|p2a: Landorus|95\/100 tox|[from] psn\n|upkeep\n|turn|2\n|\n|t:|1699894909\n|move|p2a: Landorus|Taunt|p1a: Heatran\n|-start|p1a: Heatran|move: Taunt\n|cant|p1a: Heatran|move: Taunt|Stealth Rock\n|\n|-damage|p2a: Landorus|83\/100 tox|[from] psn\n|upkeep\n|turn|3\n|\n|t:|1699894915\n|move|p2a: Landorus|Earthquake|p1a: Heatran\n|-supereffective|p1a: Heatran\n|-damage|p1a: Heatran|0 fnt\n|faint|p1a: Heatran\n|\n|-damage|p2a: Landorus|65\/100 tox|[from] psn\n|upkeep\n|\n|t:|1699894927\n|switch|p1a: Rotom|Rotom-Wash|100\/100\n|-damage|p1a: Rotom|88\/100|[from] Stealth Rock\n|turn|4\n|\n|t:|1699894931\n|move|p2a: Landorus|Explosion|p1a: Rotom\n|-crit|p1a: Rotom\n|-damage|p1a: Rotom|0 fnt\n|faint|p2a: Landorus\n|faint|p1a: Rotom\n|\n|upkeep\n|\n|t:|1699894939\n|switch|p2a: Tapu Koko|Tapu Koko|100\/100\n|switch|p1a: Rillaboom|Rillaboom, F|100\/100\n|-fieldstart|move: Electric Terrain|[from] ability: Electric Surge|[of] p2a: Tapu Koko\n|-damage|p1a: Rillaboom|88\/100|[from] Stealth Rock\n|-fieldstart|move: Grassy Terrain|[from] ability: Grassy Surge|[of] p1a: Rillaboom\n|turn|5\n|inactive|krickitune fan has 120 seconds left.\n|\n|t:|1699894973\n|switch|p2a: Gyarados|Gyarados, F|100\/100\n|-ability|p2a: Gyarados|Intimidate|boost\n|-unboost|p1a: Rillaboom|atk|1\n|move|p1a: Rillaboom|High Horsepower|p2a: Gyarados\n|-immune|p2a: Gyarados\n|\n|-heal|p1a: Rillaboom|94\/100|[from] Grassy Terrain\n|upkeep\n|turn|6\n|\n|t:|1699894979\n|switch|p1a: Mawile|Mawile, M|100\/100\n|-damage|p1a: Mawile|95\/100|[from] Stealth Rock\n|-ability|p1a: Mawile|Intimidate|boost\n|-unboost|p2a: Gyarados|atk|1\n|switch|p2a: Tapu Koko|Tapu Koko|100\/100\n|-fieldstart|move: Electric Terrain|[from] ability: Electric Surge|[of] p2a: Tapu Koko\n|\n|upkeep\n|turn|7\n|\n|t:|1699894992\n|detailschange|p1a: Mawile|Mawile-Mega, M\n|-mega|p1a: Mawile|Mawile|Mawilite\n|move|p2a: Tapu Koko|Taunt|p1a: Mawile\n|-start|p1a: Mawile|move: Taunt\n|move|p1a: Mawile|Power-Up Punch|p2a: Tapu Koko\n|-resisted|p2a: Tapu Koko\n|-damage|p2a: Tapu Koko|86\/100\n|-boost|p1a: Mawile|atk|1\n|\n|upkeep\n|turn|8\n|\n|t:|1699895000\n|move|p2a: Tapu Koko|Reflect|p2a: Tapu Koko\n|-sidestart|p2: Chili D Dewd|Reflect\n|move|p1a: Mawile|Iron Head|p2a: Tapu Koko\n|-damage|p2a: Tapu Koko|20\/100\n|\n|upkeep\n|turn|9\n|\n|t:|1699895010\n|move|p2a: Tapu Koko|Light Screen|p2a: Tapu Koko\n|-sidestart|p2: Chili D Dewd|move: Light Screen\n|move|p1a: Mawile|Power-Up Punch|p2a: Tapu Koko\n|-resisted|p2a: Tapu Koko\n|-damage|p2a: Tapu Koko|10\/100\n|-boost|p1a: Mawile|atk|1\n|\n|-end|p1a: Mawile|move: Taunt\n|upkeep\n|turn|10\n|\n|t:|1699895014\n|switch|p2a: Volcarona|Volcarona, M|100\/100\n|move|p1a: Mawile|Iron Head|p2a: Volcarona\n|-resisted|p2a: Volcarona\n|-damage|p2a: Volcarona|41\/100\n|-status|p1a: Mawile|brn|[from] ability: Flame Body|[of] p2a: Volcarona\n|\n|-damage|p1a: Mawile|89\/100 brn|[from] brn\n|-fieldend|move: Electric Terrain\n|upkeep\n|turn|11\n|\n|t:|1699895024\n|move|p2a: Volcarona|Flamethrower|p1a: Mawile\n|-supereffective|p1a: Mawile\n|-damage|p1a: Mawile|0 fnt\n|faint|p1a: Mawile\n|\n|upkeep\n|\n|t:|1699895027\n|switch|p1a: Kommo-o|Kommo-o, F|100\/100\n|-damage|p1a: Kommo-o|94\/100|[from] Stealth Rock\n|turn|12\n|\n|t:|1699895031\n|switch|p2a: Iron Valiant|Iron Valiant|100\/100\n|move|p1a: Kommo-o|Iron Head|p2a: Iron Valiant\n|-supereffective|p2a: Iron Valiant\n|-damage|p2a: Iron Valiant|66\/100\n|\n|upkeep\n|turn|13\n|\n|t:|1699895035\n|move|p2a: Iron Valiant|Moonblast|p1a: Kommo-o\n|-supereffective|p1a: Kommo-o\n|-damage|p1a: Kommo-o|0 fnt\n|faint|p1a: Kommo-o\n|\n|upkeep\n|-message|krickitune fan forfeited.\n|\n|win|Chili D Dewd\n|raw|krickitune fan's rating: 1381 &rarr; <strong>1366<\/strong><br \/>(-15 for losing)\n|raw|Chili D Dewd's rating: 1461 &rarr; <strong>1476<\/strong><br \/>(+15 for winning)\n|l|\u203dkrickitune fan\n","uploadtime":1699895045,"views":4,"p1id":"krickitunefan","p2id":"chiliddewd","formatid":"gen9nationaldex","rating":1366,"private":0,"password":""}