{"id":"gen9nationaldex-1998101583","p1":"oppyy","p2":"Genshin21","format":"[Gen 9] National Dex","log":"|html|<div class=\"broadcast-blue\"><strong>[Gen 9] National Dex is currently suspecting Sneasler! For information on how to participate check out the <a href=\"https:\/\/www.smogon.com\/forums\/threads\/sv-national-dex-suspect-8-just-dance.3731534\/\">suspect thread<\/a>.<\/strong><\/div>\n|j|\u2606oppyy\n|j|\u2606Genshin21\n|t:|1700891539\n|gametype|singles\n|player|p1|oppyy|lady-gen4|1093\n|player|p2|Genshin21|depotagent|1114\n|teamsize|p1|6\n|teamsize|p2|6\n|gen|9\n|tier|[Gen 9] National Dex\n|rated|\n|rule|HP Percentage Mod: HP is shown in percentages\n|rule|Endless Battle Clause: Forcing endless battles is banned\n|rule|OHKO Clause: OHKO moves are banned\n|rule|Evasion Clause: Evasion abilities, items, and moves are banned\n|rule|Evasion Abilities Clause: Evasion abilities are banned\n|rule|Evasion Items Clause: Evasion items are banned\n|rule|Evasion Moves Clause: Evasion moves are banned\n|rule|Species Clause: Limit one of each Pok\u00e9mon\n|rule|Sleep Clause Mod: Limit one foe put to sleep\n|clearpoke\n|poke|p1|Diancie|\n|poke|p1|Dragonite, M|\n|poke|p1|Kartana|\n|poke|p1|Deoxys-Defense|\n|poke|p1|Tapu Koko|\n|poke|p1|Primarina, M|\n|poke|p2|Excadrill, M|\n|poke|p2|Volcarona, F|\n|poke|p2|Galvantula, F|\n|poke|p2|Tyranitar, M|\n|poke|p2|Slowbro, F|\n|poke|p2|Ninetales-Alola, F|\n|teampreview\n|inactive|Battle timer is ON: inactive players will automatically lose when time's up. (requested by Genshin21)\n|c|\u2606oppyy|Hello\n|c|\u2606oppyy|Let's have a fun battle\n|\n|t:|1700891550\n|start\n|switch|p1a: Cooter|Kartana, shiny|100\/100\n|switch|p2a: Galvantula|Galvantula, F|100\/100\n|turn|1\n|\n|t:|1700891557\n|switch|p1a: Oreo|Diancie|100\/100\n|move|p2a: Galvantula|Sticky Web|p1a: Oreo\n|-sidestart|p1: oppyy|move: Sticky Web\n|\n|upkeep\n|turn|2\n|\n|t:|1700891563\n|detailschange|p1a: Oreo|Diancie-Mega\n|-mega|p1a: Oreo|Diancie|Diancite\n|move|p2a: Galvantula|Thunder|p1a: Oreo\n|-damage|p1a: Oreo|43\/100\n|move|p1a: Oreo|Diamond Storm|p2a: Galvantula\n|-supereffective|p2a: Galvantula\n|-enditem|p2a: Galvantula|Focus Sash\n|-damage|p2a: Galvantula|1\/100\n|\n|upkeep\n|turn|3\n|\n|t:|1700891573\n|switch|p2a: Slowbro|Slowbro, F|100\/100\n|switch|p1a: Chedder|Dragonite, M|100\/100\n|\n|upkeep\n|turn|4\n|\n|t:|1700891580\n|-terastallize|p1a: Chedder|Normal\n|move|p1a: Chedder|Dragon Dance|p1a: Chedder\n|-boost|p1a: Chedder|atk|1\n|-boost|p1a: Chedder|spe|1\n|move|p2a: Slowbro|Scald|p1a: Chedder\n|-damage|p1a: Chedder|75\/100\n|\n|-heal|p1a: Chedder|81\/100|[from] item: Leftovers\n|upkeep\n|turn|5\n|\n|t:|1700891588\n|move|p1a: Chedder|Dragon Dance|p1a: Chedder\n|-boost|p1a: Chedder|atk|1\n|-boost|p1a: Chedder|spe|1\n|move|p2a: Slowbro|Toxic|p1a: Chedder\n|-status|p1a: Chedder|tox\n|\n|-heal|p1a: Chedder|87\/100 tox|[from] item: Leftovers\n|-damage|p1a: Chedder|81\/100 tox|[from] psn\n|upkeep\n|turn|6\n|\n|t:|1700891597\n|move|p1a: Chedder|Extreme Speed|p2a: Slowbro\n|-damage|p2a: Slowbro|35\/100\n|-damage|p1a: Chedder|64\/100 tox|[from] item: Rocky Helmet|[of] p2a: Slowbro\n|move|p2a: Slowbro|Teleport|p2a: Slowbro\n|\n|t:|1700891600\n|switch|p2a: Tyranitar|Tyranitar, M|100\/100|[from] Teleport\n|-weather|Sandstorm|[from] ability: Sand Stream|[of] p2a: Tyranitar\n|\n|-weather|Sandstorm|[upkeep]\n|-damage|p1a: Chedder|58\/100 tox|[from] Sandstorm\n|-heal|p1a: Chedder|64\/100 tox|[from] item: Leftovers\n|-damage|p1a: Chedder|52\/100 tox|[from] psn\n|upkeep\n|turn|7\n|\n|t:|1700891610\n|move|p1a: Chedder|Double-Edge|p2a: Tyranitar\n|-resisted|p2a: Tyranitar\n|-damage|p2a: Tyranitar|46\/100\n|-damage|p1a: Chedder|31\/100 tox|[from] Recoil\n|move|p2a: Tyranitar|Counter|p1a: Chedder\n|-damage|p1a: Chedder|0 fnt\n|faint|p1a: Chedder\n|\n|-weather|Sandstorm|[upkeep]\n|upkeep\n|\n|t:|1700891619\n|switch|p1a: Cooter|Kartana, shiny|100\/100\n|-activate|p1a: Cooter|move: Sticky Web\n|-unboost|p1a: Cooter|spe|1\n|turn|8\n|\n|t:|1700891623\n|switch|p2a: Volcarona|Volcarona, F|100\/100\n|move|p1a: Cooter|Sacred Sword|p2a: Volcarona\n|-resisted|p2a: Volcarona\n|-damage|p2a: Volcarona|80\/100\n|\n|-weather|Sandstorm|[upkeep]\n|-damage|p2a: Volcarona|74\/100|[from] Sandstorm\n|upkeep\n|turn|9\n|\n|t:|1700891632\n|switch|p1a: Michelle|Primarina, M|100\/100\n|-activate|p1a: Michelle|move: Sticky Web\n|-unboost|p1a: Michelle|spe|1\n|move|p2a: Volcarona|Quiver Dance|p2a: Volcarona\n|-boost|p2a: Volcarona|spa|1\n|-boost|p2a: Volcarona|spd|1\n|-boost|p2a: Volcarona|spe|1\n|\n|-weather|Sandstorm|[upkeep]\n|-damage|p2a: Volcarona|68\/100|[from] Sandstorm\n|-damage|p1a: Michelle|94\/100|[from] Sandstorm\n|upkeep\n|turn|10\n|\n|t:|1700891642\n|-terastallize|p2a: Volcarona|Water\n|move|p2a: Volcarona|Quiver Dance|p2a: Volcarona\n|-boost|p2a: Volcarona|spa|1\n|-boost|p2a: Volcarona|spd|1\n|-boost|p2a: Volcarona|spe|1\n|-zpower|p1a: Michelle\n|move|p1a: Michelle|Oceanic Operetta|p2a: Volcarona|[zeffect]\n|-resisted|p2a: Volcarona\n|-damage|p2a: Volcarona|43\/100\n|\n|-weather|none\n|upkeep\n|turn|11\n|c|\u2606oppyy|Damnit\n|\n|t:|1700891654\n|move|p2a: Volcarona|Giga Drain|p1a: Michelle\n|-supereffective|p1a: Michelle\n|-damage|p1a: Michelle|15\/100\n|-heal|p2a: Volcarona|85\/100|[from] drain|[of] p1a: Michelle\n|move|p1a: Michelle|Perish Song|p1a: Michelle\n|-start|p1a: Michelle|perish3|[silent]\n|-start|p2a: Volcarona|perish3|[silent]\n|-fieldactivate|move: Perish Song\n|\n|-start|p2a: Volcarona|perish3\n|-start|p1a: Michelle|perish3\n|upkeep\n|turn|12\n|c|\u2606oppyy|Whatever\n|c|\u2606oppyy|Perish\n|\n|t:|1700891664\n|move|p2a: Volcarona|Fiery Dance|p1a: Michelle\n|-resisted|p1a: Michelle\n|-damage|p1a: Michelle|0 fnt\n|-boost|p2a: Volcarona|spa|1\n|faint|p1a: Michelle\n|\n|-start|p2a: Volcarona|perish2\n|upkeep\n|\n|t:|1700891672\n|switch|p1a: Big Ziti|Deoxys-Defense|100\/100\n|-ability|p1a: Big Ziti|Pressure\n|turn|13\n|\n|t:|1700891676\n|move|p1a: Big Ziti|Detect|p1a: Big Ziti\n|-singleturn|p1a: Big Ziti|Protect\n|move|p2a: Volcarona|Fiery Dance|p1a: Big Ziti\n|-activate|p1a: Big Ziti|move: Protect\n|\n|-start|p2a: Volcarona|perish1\n|upkeep\n|turn|14\n|c|\u2606oppyy|>:)\n|\n|t:|1700891686\n|switch|p2a: Ivory|Ninetales-Alola, F|100\/100\n|-weather|Snow|[from] ability: Snow Warning|[of] p2a: Ivory\n|move|p1a: Big Ziti|Calm Mind|p1a: Big Ziti\n|-boost|p1a: Big Ziti|spa|1\n|-boost|p1a: Big Ziti|spd|1\n|\n|-weather|Snow|[upkeep]\n|upkeep\n|turn|15\n|\n|t:|1700891697\n|move|p2a: Ivory|Aurora Veil|p2a: Ivory\n|-sidestart|p2: Genshin21|move: Aurora Veil\n|move|p1a: Big Ziti|Calm Mind|p1a: Big Ziti\n|-boost|p1a: Big Ziti|spa|1\n|-boost|p1a: Big Ziti|spd|1\n|\n|-weather|Snow|[upkeep]\n|upkeep\n|turn|16\n|\n|t:|1700891702\n|-zpower|p2a: Ivory\n|move|p2a: Ivory|Subzero Slammer|p1a: Big Ziti|[zeffect]\n|-damage|p1a: Big Ziti|72\/100\n|move|p1a: Big Ziti|Calm Mind|p1a: Big Ziti\n|-boost|p1a: Big Ziti|spa|1\n|-boost|p1a: Big Ziti|spd|1\n|\n|-weather|Snow|[upkeep]\n|upkeep\n|turn|17\n|\n|t:|1700891710\n|switch|p2a: Slowbro|Slowbro, F|68\/100\n|move|p1a: Big Ziti|Calm Mind|p1a: Big Ziti\n|-boost|p1a: Big Ziti|spa|1\n|-boost|p1a: Big Ziti|spd|1\n|\n|-weather|Snow|[upkeep]\n|upkeep\n|turn|18\n|\n|t:|1700891716\n|move|p1a: Big Ziti|Recover|p1a: Big Ziti\n|-heal|p1a: Big Ziti|100\/100\n|move|p2a: Slowbro|Toxic|p1a: Big Ziti\n|-status|p1a: Big Ziti|tox\n|\n|-weather|none\n|-damage|p1a: Big Ziti|94\/100 tox|[from] psn\n|upkeep\n|turn|19\n|\n|t:|1700891725\n|move|p1a: Big Ziti|Psycho Boost|p2a: Slowbro|[miss]\n|-miss|p1a: Big Ziti|p2a: Slowbro\n|move|p2a: Slowbro|Teleport|p2a: Slowbro\n|\n|t:|1700891728\n|switch|p2a: Tyranitar|Tyranitar, M|46\/100|[from] Teleport\n|-weather|Sandstorm|[from] ability: Sand Stream|[of] p2a: Tyranitar\n|\n|-weather|Sandstorm|[upkeep]\n|-damage|p1a: Big Ziti|88\/100 tox|[from] Sandstorm\n|-damage|p1a: Big Ziti|76\/100 tox|[from] psn\n|-sideend|p2: Genshin21|move: Aurora Veil\n|upkeep\n|turn|20\n|\n|t:|1700891736\n|move|p1a: Big Ziti|Calm Mind|p1a: Big Ziti\n|-boost|p1a: Big Ziti|spa|1\n|-boost|p1a: Big Ziti|spd|1\n|move|p2a: Tyranitar|Crunch|p1a: Big Ziti\n|-supereffective|p1a: Big Ziti\n|-damage|p1a: Big Ziti|8\/100 tox\n|\n|-weather|Sandstorm|[upkeep]\n|-damage|p1a: Big Ziti|2\/100 tox|[from] Sandstorm\n|-damage|p1a: Big Ziti|0 fnt|[from] psn\n|faint|p1a: Big Ziti\n|upkeep\n|c|\u2606oppyy|Ouch\n|c|\u2606oppyy|oh\n|c|\u2606oppyy|o7\n|\n|t:|1700891750\n|switch|p1a: Cooter|Kartana, shiny|100\/100\n|-activate|p1a: Cooter|move: Sticky Web\n|-unboost|p1a: Cooter|spe|1\n|turn|21\n|\n|t:|1700891757\n|switch|p2a: Slowbro|Slowbro, F|100\/100\n|move|p1a: Cooter|Sacred Sword|p2a: Slowbro\n|-resisted|p2a: Slowbro\n|-damage|p2a: Slowbro|85\/100\n|-damage|p1a: Cooter|84\/100|[from] item: Rocky Helmet|[of] p2a: Slowbro\n|\n|-weather|Sandstorm|[upkeep]\n|-damage|p2a: Slowbro|78\/100|[from] Sandstorm\n|upkeep\n|turn|22\n|\n|t:|1700891766\n|move|p1a: Cooter|X-Scissor|p2a: Slowbro\n|-supereffective|p2a: Slowbro\n|-damage|p2a: Slowbro|16\/100\n|-damage|p1a: Cooter|67\/100|[from] item: Rocky Helmet|[of] p2a: Slowbro\n|move|p2a: Slowbro|Ice Beam|p1a: Cooter\n|-damage|p1a: Cooter|10\/100\n|\n|-weather|Sandstorm|[upkeep]\n|-damage|p2a: Slowbro|10\/100|[from] Sandstorm\n|upkeep\n|turn|23\n|\n|t:|1700891775\n|move|p1a: Cooter|Sacred Sword|p2a: Slowbro\n|-resisted|p2a: Slowbro\n|-damage|p2a: Slowbro|0 fnt\n|-damage|p1a: Cooter|0 fnt|[from] item: Rocky Helmet|[of] p2a: Slowbro\n|faint|p2a: Slowbro\n|faint|p1a: Cooter\n|\n|-weather|none\n|upkeep\n|\n|t:|1700891782\n|switch|p1a: Oreo|Diancie-Mega|43\/100\n|switch|p2a: Ivory|Ninetales-Alola, F|100\/100\n|-weather|Snow|[from] ability: Snow Warning|[of] p2a: Ivory\n|-activate|p1a: Oreo|move: Sticky Web\n|-unboost|p1a: Oreo|spe|1\n|turn|24\n|\n|t:|1700891789\n|move|p2a: Ivory|Blizzard|p1a: Oreo\n|-damage|p1a: Oreo|0 fnt\n|faint|p1a: Oreo\n|\n|-weather|Snow|[upkeep]\n|upkeep\n|\n|t:|1700891795\n|switch|p1a: Coco|Tapu Koko|100\/100\n|-activate|p1a: Coco|move: Sticky Web\n|-unboost|p1a: Coco|spe|1\n|-fieldstart|move: Electric Terrain|[from] ability: Electric Surge|[of] p1a: Coco\n|turn|25\n|\n|t:|1700891808\n|move|p2a: Ivory|Blizzard|p1a: Coco\n|-damage|p1a: Coco|49\/100\n|move|p1a: Coco|Wild Charge|p2a: Ivory\n|-damage|p2a: Ivory|50\/100\n|-damage|p1a: Coco|38\/100|[from] Recoil\n|\n|-weather|Snow|[upkeep]\n|upkeep\n|turn|26\n|\n|t:|1700891818\n|move|p2a: Ivory|Blizzard|p1a: Coco\n|-damage|p1a: Coco|0 fnt\n|faint|p1a: Coco\n|\n|win|Genshin21\n|raw|oppyy's rating: 1093 &rarr; <strong>1070<\/strong><br \/>(-23 for losing)\n|raw|Genshin21's rating: 1114 &rarr; <strong>1137<\/strong><br \/>(+23 for winning)\n|c|\u2606oppyy|GG\n|l|\u2606oppyy\n|l|\u2606Genshin21\n|j|\u2606Genshin21\n|player|p2|Genshin21|depotagent\n","uploadtime":1700892003,"views":3,"p1id":"oppyy","p2id":"genshin21","formatid":"gen9nationaldex","rating":1070,"private":0,"password":""}