{"id":"gen9nationaldex-1990640534","p1":"ag123","p2":"Danish1526","format":"[Gen 9] National Dex","log":"|j|\u2606ag123\n|j|\u2606Danish1526\n|t:|1699987955\n|gametype|singles\n|player|p1|ag123|1|1460\n|player|p2|Danish1526|wattson|1363\n|teamsize|p1|6\n|teamsize|p2|6\n|gen|9\n|tier|[Gen 9] National Dex\n|rated|\n|rule|HP Percentage Mod: HP is shown in percentages\n|rule|Endless Battle Clause: Forcing endless battles is banned\n|rule|OHKO Clause: OHKO moves are banned\n|rule|Evasion Clause: Evasion abilities, items, and moves are banned\n|rule|Evasion Abilities Clause: Evasion abilities are banned\n|rule|Evasion Items Clause: Evasion items are banned\n|rule|Evasion Moves Clause: Evasion moves are banned\n|rule|Species Clause: Limit one of each Pok\u00e9mon\n|rule|Sleep Clause Mod: Limit one foe put to sleep\n|clearpoke\n|poke|p1|Tyranitar, F|\n|poke|p1|Milotic, F|\n|poke|p1|Espeon, F|\n|poke|p1|Typhlosion-Hisui, M|\n|poke|p1|Salamence, M|\n|poke|p1|Venusaur, M|\n|poke|p2|Grimmsnarl, M|\n|poke|p2|Steelix, F|\n|poke|p2|Latios, M|\n|poke|p2|Meowscarada, F|\n|poke|p2|Garchomp, F|\n|poke|p2|Zoroark-Hisui, F|\n|teampreview\n|\n|t:|1699987965\n|start\n|switch|p1a: Espeon|Espeon, F|100\/100\n|switch|p2a: Garchomp|Garchomp, F|100\/100\n|turn|1\n|\n|t:|1699987968\n|move|p1a: Espeon|Dazzling Gleam|p2a: Garchomp\n|-supereffective|p2a: Garchomp\n|-damage|p2a: Garchomp|17\/100\n|move|p2a: Garchomp|Earthquake|p1a: Espeon\n|-damage|p1a: Espeon|23\/100\n|\n|upkeep\n|turn|2\n|\n|t:|1699987976\n|switch|p2a: Grimmsnarl|Grimmsnarl, M|100\/100\n|move|p1a: Espeon|Dazzling Gleam|p2a: Grimmsnarl\n|-supereffective|p2a: Grimmsnarl\n|-damage|p2a: Grimmsnarl|38\/100\n|\n|upkeep\n|turn|3\n|\n|t:|1699987980\n|move|p2a: Grimmsnarl|Light Screen|p2a: Grimmsnarl\n|-sidestart|p2: Danish1526|move: Light Screen\n|move|p1a: Espeon|Dazzling Gleam|p2a: Grimmsnarl\n|-supereffective|p2a: Grimmsnarl\n|-damage|p2a: Grimmsnarl|8\/100\n|\n|upkeep\n|turn|4\n|\n|t:|1699987985\n|switch|p2a: Steelix|Steelix, F|100\/100\n|move|p1a: Espeon|Dazzling Gleam|p2a: Steelix\n|-resisted|p2a: Steelix\n|-damage|p2a: Steelix|91\/100\n|\n|upkeep\n|turn|5\n|\n|t:|1699987994\n|switch|p1a: Typhlosion|Typhlosion-Hisui, M|100\/100\n|detailschange|p2a: Steelix|Steelix-Mega, F\n|-mega|p2a: Steelix|Steelix|Steelixite\n|move|p2a: Steelix|Curse|p2a: Steelix\n|-unboost|p2a: Steelix|spe|1\n|-boost|p2a: Steelix|atk|1\n|-boost|p2a: Steelix|def|1\n|\n|upkeep\n|turn|6\n|\n|t:|1699987999\n|move|p1a: Typhlosion|Eruption|p2a: Steelix\n|-supereffective|p2a: Steelix\n|-damage|p2a: Steelix|36\/100\n|move|p2a: Steelix|Earthquake|p1a: Typhlosion\n|-supereffective|p1a: Typhlosion\n|-damage|p1a: Typhlosion|0 fnt\n|faint|p1a: Typhlosion\n|\n|upkeep\n|\n|t:|1699988010\n|switch|p1a: Venusaur|Venusaur, M|100\/100\n|turn|7\n|\n|t:|1699988015\n|detailschange|p1a: Venusaur|Venusaur-Mega, M\n|-mega|p1a: Venusaur|Venusaur|Venusaurite\n|move|p1a: Venusaur|Earth Power|p2a: Steelix\n|-supereffective|p2a: Steelix\n|-damage|p2a: Steelix|11\/100\n|move|p2a: Steelix|Gyro Ball|p1a: Venusaur\n|-damage|p1a: Venusaur|34\/100\n|\n|upkeep\n|turn|8\n|\n|t:|1699988022\n|move|p1a: Venusaur|Synthesis|p1a: Venusaur\n|-heal|p1a: Venusaur|84\/100\n|move|p2a: Steelix|Gyro Ball|p1a: Venusaur\n|-damage|p1a: Venusaur|18\/100\n|\n|upkeep\n|turn|9\n|\n|t:|1699988027\n|move|p1a: Venusaur|Giga Drain|p2a: Steelix\n|-damage|p2a: Steelix|0 fnt\n|-heal|p1a: Venusaur|22\/100|[from] drain|[of] p2a: Steelix\n|faint|p2a: Steelix\n|\n|upkeep\n|\n|t:|1699988034\n|switch|p2a: Meowscarada|Meowscarada, F|100\/100\n|turn|10\n|\n|t:|1699988037\n|move|p2a: Meowscarada|Swords Dance|p2a: Meowscarada\n|-boost|p2a: Meowscarada|atk|2\n|move|p1a: Venusaur|Synthesis|p1a: Venusaur\n|-heal|p1a: Venusaur|72\/100\n|\n|-sideend|p2: Danish1526|move: Light Screen\n|upkeep\n|turn|11\n|\n|t:|1699988044\n|move|p2a: Meowscarada|Poltergeist|p1a: Venusaur\n|-activate|p1a: Venusaur|move: Poltergeist|Venusaurite\n|-crit|p1a: Venusaur\n|-damage|p1a: Venusaur|0 fnt\n|faint|p1a: Venusaur\n|-damage|p2a: Meowscarada|91\/100|[from] item: Life Orb\n|\n|upkeep\n|\n|t:|1699988051\n|switch|p1a: Salamence|Salamence, M|100\/100\n|turn|12\n|\n|t:|1699988057\n|-terastallize|p2a: Meowscarada|Ghost\n|move|p2a: Meowscarada|Poltergeist|p1a: Salamence\n|-activate|p1a: Salamence|move: Poltergeist|Lum Berry\n|-damage|p1a: Salamence|0 fnt\n|faint|p1a: Salamence\n|-damage|p2a: Meowscarada|81\/100|[from] item: Life Orb\n|\n|upkeep\n|-message|ag123 forfeited.\n|\n|win|Danish1526\n|raw|ag123's rating: 1460 &rarr; <strong>1435<\/strong><br \/>(-25 for losing)\n|raw|Danish1526's rating: 1363 &rarr; <strong>1388<\/strong><br \/>(+25 for winning)\n|l|\u2606ag123\n","uploadtime":1699988072,"views":6,"p1id":"ag123","p2id":"danish1526","formatid":"gen9nationaldex","rating":1388,"private":0,"password":""}