{"id":"gen9nationaldex-1991019634","p1":"SSSSSSlizard","p2":"Glass101","format":"[Gen 9] National Dex","log":"|j|\u2606SSSSSSlizard\n|j|\u2606Glass101\n|t:|1700029089\n|gametype|singles\n|player|p1|SSSSSSlizard|irida|1661\n|player|p2|Glass101|rocketgruntf|1547\n|teamsize|p1|6\n|teamsize|p2|6\n|gen|9\n|tier|[Gen 9] National Dex\n|rated|\n|rule|HP Percentage Mod: HP is shown in percentages\n|rule|Endless Battle Clause: Forcing endless battles is banned\n|rule|OHKO Clause: OHKO moves are banned\n|rule|Evasion Clause: Evasion abilities, items, and moves are banned\n|rule|Evasion Abilities Clause: Evasion abilities are banned\n|rule|Evasion Items Clause: Evasion items are banned\n|rule|Evasion Moves Clause: Evasion moves are banned\n|rule|Species Clause: Limit one of each Pok\u00e9mon\n|rule|Sleep Clause Mod: Limit one foe put to sleep\n|clearpoke\n|poke|p1|Pelipper, F|\n|poke|p1|Ferrothorn, M|\n|poke|p1|Talonflame, M|\n|poke|p1|Swampert, F|\n|poke|p1|Zapdos|\n|poke|p1|Urshifu-*, F|\n|poke|p2|Kyurem|\n|poke|p2|Clodsire, F|\n|poke|p2|Cresselia, F|\n|poke|p2|Toxapex, M|\n|poke|p2|Ceruledge, F|\n|poke|p2|Bellossom, F|\n|teampreview\n|inactive|Battle timer is ON: inactive players will automatically lose when time's up. (requested by Glass101)\n|\n|t:|1700029120\n|start\n|switch|p1a: Ferrothorn|Ferrothorn, M|100\/100\n|switch|p2a: Ceruledge|Ceruledge, F|100\/100\n|turn|1\n|\n|t:|1700029125\n|switch|p1a: Pelipper|Pelipper, F|100\/100\n|-weather|RainDance|[from] ability: Drizzle|[of] p1a: Pelipper\n|move|p2a: Ceruledge|Substitute|p2a: Ceruledge\n|-start|p2a: Ceruledge|Substitute\n|-damage|p2a: Ceruledge|76\/100\n|\n|-weather|RainDance|[upkeep]\n|upkeep\n|turn|2\n|\n|t:|1700029129\n|move|p2a: Ceruledge|Swords Dance|p2a: Ceruledge\n|-boost|p2a: Ceruledge|atk|2\n|move|p1a: Pelipper|Hurricane|p2a: Ceruledge\n|-end|p2a: Ceruledge|Substitute\n|\n|-weather|RainDance|[upkeep]\n|upkeep\n|turn|3\n|\n|t:|1700029132\n|move|p2a: Ceruledge|Poltergeist|p1a: Pelipper|[miss]\n|-miss|p2a: Ceruledge|p1a: Pelipper\n|move|p1a: Pelipper|U-turn|p2a: Ceruledge\n|-resisted|p2a: Ceruledge\n|-damage|p2a: Ceruledge|73\/100\n|c|\u2606Glass101|This game :I\n|\n|t:|1700029140\n|switch|p1a: Swampert|Swampert, F|100\/100|[from] U-turn\n|\n|-weather|RainDance|[upkeep]\n|upkeep\n|turn|4\n|\n|t:|1700029147\n|detailschange|p1a: Swampert|Swampert-Mega, F\n|-mega|p1a: Swampert|Swampert|Swampertite\n|-terastallize|p2a: Ceruledge|Grass\n|move|p1a: Swampert|Liquidation|p2a: Ceruledge\n|-resisted|p2a: Ceruledge\n|-damage|p2a: Ceruledge|19\/100\n|move|p2a: Ceruledge|Poltergeist|p1a: Swampert|[miss]\n|-miss|p2a: Ceruledge|p1a: Swampert\n|\n|-weather|RainDance|[upkeep]\n|upkeep\n|turn|5\n|c|\u2606SSSSSSlizard|lol\n|c|\u2606SSSSSSlizard|sor bro\n|c|\u2606Glass101|istg\n|\n|t:|1700029159\n|switch|p2a: Toxapex|Toxapex, M|100\/100\n|move|p1a: Swampert|Liquidation|p2a: Toxapex\n|-resisted|p2a: Toxapex\n|-damage|p2a: Toxapex|69\/100\n|-damage|p1a: Swampert|84\/100|[from] item: Rocky Helmet|[of] p2a: Toxapex\n|\n|-weather|RainDance|[upkeep]\n|upkeep\n|turn|6\n|\n|t:|1700029167\n|switch|p2a: Kyurem|Kyurem|100\/100\n|-ability|p2a: Kyurem|Pressure\n|move|p1a: Swampert|Earthquake|p2a: Kyurem\n|-damage|p2a: Kyurem|44\/100\n|\n|-weather|RainDance|[upkeep]\n|upkeep\n|turn|7\n|c|\u2606Glass101|Jesus\n|\n|t:|1700029176\n|switch|p2a: Cresselia|Cresselia, F|100\/100\n|move|p1a: Swampert|Earthquake|p2a: Cresselia\n|-immune|p2a: Cresselia|[from] ability: Levitate\n|\n|-weather|RainDance|[upkeep]\n|upkeep\n|turn|8\n|\n|t:|1700029198\n|switch|p2a: Kyurem|Kyurem|44\/100\n|-ability|p2a: Kyurem|Pressure\n|move|p1a: Swampert|Liquidation|p2a: Kyurem\n|-resisted|p2a: Kyurem\n|-damage|p2a: Kyurem|9\/100\n|-unboost|p2a: Kyurem|def|1\n|\n|-weather|none\n|upkeep\n|turn|9\n|\n|t:|1700029202\n|switch|p1a: Ferrothorn|Ferrothorn, M|100\/100\n|move|p2a: Kyurem|Freeze-Dry|p1a: Ferrothorn\n|-damage|p1a: Ferrothorn|68\/100\n|-damage|p2a: Kyurem|0 fnt|[from] item: Life Orb\n|faint|p2a: Kyurem\n|\n|-heal|p1a: Ferrothorn|74\/100|[from] item: Leftovers\n|upkeep\n|\n|t:|1700029210\n|switch|p2a: El Diablo|Bellossom, F, shiny|100\/100\n|turn|10\n|\n|t:|1700029215\n|move|p2a: El Diablo|Quiver Dance|p2a: El Diablo\n|-boost|p2a: El Diablo|spa|1\n|-boost|p2a: El Diablo|spd|1\n|-boost|p2a: El Diablo|spe|1\n|move|p1a: Ferrothorn|Stealth Rock|p2a: El Diablo\n|-sidestart|p2: Glass101|move: Stealth Rock\n|\n|-heal|p1a: Ferrothorn|81\/100|[from] item: Leftovers\n|upkeep\n|turn|11\n|\n|t:|1700029220\n|move|p2a: El Diablo|Quiver Dance|p2a: El Diablo\n|-boost|p2a: El Diablo|spa|1\n|-boost|p2a: El Diablo|spd|1\n|-boost|p2a: El Diablo|spe|1\n|move|p1a: Ferrothorn|Gyro Ball|p2a: El Diablo\n|-damage|p2a: El Diablo|67\/100\n|\n|-heal|p2a: El Diablo|73\/100|[from] item: Leftovers\n|-heal|p1a: Ferrothorn|87\/100|[from] item: Leftovers\n|upkeep\n|turn|12\n|\n|t:|1700029225\n|switch|p1a: Talonflame|Talonflame, M|100\/100\n|move|p2a: El Diablo|Quiver Dance|p2a: El Diablo\n|-boost|p2a: El Diablo|spa|1\n|-boost|p2a: El Diablo|spd|1\n|-boost|p2a: El Diablo|spe|1\n|\n|-heal|p2a: El Diablo|80\/100|[from] item: Leftovers\n|upkeep\n|turn|13\n|\n|t:|1700029228\n|-terastallize|p1a: Talonflame|Flying\n|move|p1a: Talonflame|Hurricane|p2a: El Diablo\n|-supereffective|p2a: El Diablo\n|-damage|p2a: El Diablo|13\/100\n|move|p2a: El Diablo|Strength Sap|p1a: Talonflame\n|-unboost|p1a: Talonflame|atk|1\n|-heal|p2a: El Diablo|63\/100\n|\n|-heal|p2a: El Diablo|69\/100|[from] item: Leftovers\n|upkeep\n|turn|14\n|j| cheese miestro\n|\n|t:|1700029244\n|switch|p1a: Pelipper|Pelipper, F|100\/100\n|-weather|RainDance|[from] ability: Drizzle|[of] p1a: Pelipper\n|move|p2a: El Diablo|Giga Drain|p1a: Pelipper\n|-damage|p1a: Pelipper|17\/100\n|-heal|p2a: El Diablo|100\/100|[from] drain|[of] p1a: Pelipper\n|\n|-weather|RainDance|[upkeep]\n|upkeep\n|turn|15\n|\n|t:|1700029253\n|switch|p1a: Zapdos|Zapdos|100\/100\n|move|p2a: El Diablo|Quiver Dance|p2a: El Diablo\n|-boost|p2a: El Diablo|spa|1\n|-boost|p2a: El Diablo|spd|1\n|-boost|p2a: El Diablo|spe|1\n|\n|-weather|RainDance|[upkeep]\n|upkeep\n|turn|16\n|\n|t:|1700029257\n|move|p2a: El Diablo|Moonblast|p1a: Zapdos\n|-damage|p1a: Zapdos|46\/100\n|-unboost|p1a: Zapdos|spa|1\n|move|p1a: Zapdos|Hurricane|p2a: El Diablo\n|-supereffective|p2a: El Diablo\n|-damage|p2a: El Diablo|81\/100\n|\n|-weather|RainDance|[upkeep]\n|-heal|p2a: El Diablo|88\/100|[from] item: Leftovers\n|upkeep\n|turn|17\n|\n|t:|1700029260\n|move|p2a: El Diablo|Moonblast|p1a: Zapdos\n|-damage|p1a: Zapdos|0 fnt\n|faint|p1a: Zapdos\n|\n|-weather|RainDance|[upkeep]\n|-heal|p2a: El Diablo|94\/100|[from] item: Leftovers\n|upkeep\n|\n|t:|1700029263\n|switch|p1a: Urshifu|Urshifu-Rapid-Strike, F|100\/100\n|turn|18\n|\n|t:|1700029266\n|move|p1a: Urshifu|Ice Spinner|p2a: El Diablo\n|-supereffective|p2a: El Diablo\n|-damage|p2a: El Diablo|56\/100\n|move|p2a: El Diablo|Giga Drain|p1a: Urshifu\n|-supereffective|p1a: Urshifu\n|-damage|p1a: Urshifu|0 fnt\n|-heal|p2a: El Diablo|100\/100|[from] drain|[of] p1a: Urshifu\n|faint|p1a: Urshifu\n|\n|-weather|RainDance|[upkeep]\n|upkeep\n|\n|t:|1700029280\n|switch|p1a: Talonflame|Talonflame, M, tera:Flying|100\/100\n|turn|19\n|\n|t:|1700029282\n|move|p1a: Talonflame|Hurricane|p2a: El Diablo\n|-supereffective|p2a: El Diablo\n|-damage|p2a: El Diablo|50\/100\n|move|p2a: El Diablo|Giga Drain|p1a: Talonflame\n|-resisted|p1a: Talonflame\n|-damage|p1a: Talonflame|41\/100\n|-heal|p2a: El Diablo|75\/100|[from] drain|[of] p1a: Talonflame\n|\n|-weather|RainDance|[upkeep]\n|-heal|p2a: El Diablo|81\/100|[from] item: Leftovers\n|upkeep\n|turn|20\n|j| Nomer16\n|c|\u2606Glass101|Ain't no way Bellossom carries this back\n|\n|t:|1700029293\n|move|p2a: El Diablo|Giga Drain|p1a: Talonflame\n|-resisted|p1a: Talonflame\n|-damage|p1a: Talonflame|0 fnt\n|-heal|p2a: El Diablo|98\/100|[from] drain|[of] p1a: Talonflame\n|faint|p1a: Talonflame\n|\n|-weather|RainDance|[upkeep]\n|-heal|p2a: El Diablo|100\/100|[from] item: Leftovers\n|upkeep\n|j| Twintail_Fetish\n|c|\u2606SSSSSSlizard|gg\n|-message|SSSSSSlizard forfeited.\n|\n|win|Glass101\n|raw|SSSSSSlizard's rating: 1661 &rarr; <strong>1635<\/strong><br \/>(-26 for losing)\n|raw|Glass101's rating: 1547 &rarr; <strong>1573<\/strong><br \/>(+26 for winning)\n|l|\u2606SSSSSSlizard\n|c|\u2606Glass101|Earned that name xd\n","uploadtime":1700029312,"views":5,"p1id":"sssssslizard","p2id":"glass101","formatid":"gen9nationaldex","rating":1573,"private":0,"password":""}