{"id":"gen9nationaldex-1999233458","p1":"Supernova30","p2":"aixiaoyue","format":"[Gen 9] National Dex","log":"|html|<div class=\"broadcast-blue\"><strong>[Gen 9] National Dex is currently suspecting Sneasler! For information on how to participate check out the <a href=\"https:\/\/www.smogon.com\/forums\/threads\/sv-national-dex-suspect-8-just-dance.3731534\/\">suspect thread<\/a>.<\/strong><\/div>\n|j|\u2606Supernova30\n|j|\u2606aixiaoyue\n|t:|1701048696\n|gametype|singles\n|player|p1|Supernova30|steven|1637\n|player|p2|aixiaoyue|dawn|1644\n|teamsize|p1|6\n|teamsize|p2|6\n|gen|9\n|tier|[Gen 9] National Dex\n|rated|\n|rule|HP Percentage Mod: HP is shown in percentages\n|rule|Endless Battle Clause: Forcing endless battles is banned\n|rule|OHKO Clause: OHKO moves are banned\n|rule|Evasion Clause: Evasion abilities, items, and moves are banned\n|rule|Evasion Abilities Clause: Evasion abilities are banned\n|rule|Evasion Items Clause: Evasion items are banned\n|rule|Evasion Moves Clause: Evasion moves are banned\n|rule|Species Clause: Limit one of each Pok\u00e9mon\n|rule|Sleep Clause Mod: Limit one foe put to sleep\n|clearpoke\n|poke|p1|Garchomp, M|\n|poke|p1|Volcanion|\n|poke|p1|Hoopa-Unbound|\n|poke|p1|Rillaboom, M|\n|poke|p1|Zapdos|\n|poke|p1|Lopunny, M|\n|poke|p2|Garganacl, M|\n|poke|p2|Victini|\n|poke|p2|Ferrothorn, M|\n|poke|p2|Tapu Fini|\n|poke|p2|Scizor, F|\n|poke|p2|Gliscor, M|\n|teampreview\n|inactive|Battle timer is ON: inactive players will automatically lose when time's up. (requested by Supernova30)\n|inactive|Supernova30 has 120 seconds left.\n|\n|t:|1701048741\n|start\n|switch|p1a: Garchomp|Garchomp, M|100\/100\n|switch|p2a: Tapu Fini|Tapu Fini|100\/100\n|-fieldstart|move: Misty Terrain|[from] ability: Misty Surge|[of] p2a: Tapu Fini\n|turn|1\n|\n|t:|1701048751\n|move|p1a: Garchomp|Stealth Rock|p2a: Tapu Fini\n|-sidestart|p2: aixiaoyue|move: Stealth Rock\n|move|p2a: Tapu Fini|Draining Kiss|p1a: Garchomp\n|-supereffective|p1a: Garchomp\n|-damage|p1a: Garchomp|67\/100\n|-damage|p2a: Tapu Fini|88\/100|[from] ability: Rough Skin|[of] p1a: Garchomp\n|-damage|p2a: Tapu Fini|71\/100|[from] item: Rocky Helmet|[of] p1a: Garchomp\n|\n|-heal|p2a: Tapu Fini|78\/100|[from] item: Leftovers\n|upkeep\n|turn|2\n|\n|t:|1701048764\n|switch|p1a: Volcanion|Volcanion|100\/100\n|move|p2a: Tapu Fini|Draining Kiss|p1a: Volcanion\n|-resisted|p1a: Volcanion\n|-damage|p1a: Volcanion|90\/100\n|-heal|p2a: Tapu Fini|85\/100|[from] drain|[of] p1a: Volcanion\n|\n|-heal|p2a: Tapu Fini|91\/100|[from] item: Leftovers\n|upkeep\n|turn|3\n|\n|t:|1701048783\n|move|p2a: Tapu Fini|Calm Mind|p2a: Tapu Fini\n|-boost|p2a: Tapu Fini|spa|1\n|-boost|p2a: Tapu Fini|spd|1\n|move|p1a: Volcanion|Sludge Bomb|p2a: Tapu Fini\n|-supereffective|p2a: Tapu Fini\n|-damage|p2a: Tapu Fini|61\/100\n|\n|-heal|p2a: Tapu Fini|67\/100|[from] item: Leftovers\n|upkeep\n|turn|4\n|j| xuxiansheng\n|\n|t:|1701048791\n|switch|p1a: Rillaboom|Rillaboom, M|100\/100\n|-fieldstart|move: Grassy Terrain|[from] ability: Grassy Surge|[of] p1a: Rillaboom\n|move|p2a: Tapu Fini|Calm Mind|p2a: Tapu Fini\n|-boost|p2a: Tapu Fini|spa|1\n|-boost|p2a: Tapu Fini|spd|1\n|\n|-heal|p2a: Tapu Fini|73\/100|[from] Grassy Terrain\n|-heal|p2a: Tapu Fini|80\/100|[from] item: Leftovers\n|upkeep\n|turn|5\n|\n|t:|1701048801\n|-terastallize|p2a: Tapu Fini|Steel\n|move|p1a: Rillaboom|Knock Off|p2a: Tapu Fini\n|-damage|p2a: Tapu Fini|42\/100\n|-enditem|p2a: Tapu Fini|Leftovers|[from] move: Knock Off|[of] p1a: Rillaboom\n|-damage|p1a: Rillaboom|91\/100|[from] item: Life Orb\n|move|p2a: Tapu Fini|Iron Defense|p2a: Tapu Fini\n|-boost|p2a: Tapu Fini|def|2\n|\n|-heal|p2a: Tapu Fini|48\/100|[from] Grassy Terrain\n|-heal|p1a: Rillaboom|97\/100|[from] Grassy Terrain\n|upkeep\n|turn|6\n|\n|t:|1701048814\n|move|p2a: Tapu Fini|Iron Defense|p2a: Tapu Fini\n|-boost|p2a: Tapu Fini|def|2\n|move|p1a: Rillaboom|Leech Seed|p2a: Tapu Fini\n|-start|p2a: Tapu Fini|move: Leech Seed\n|\n|-heal|p2a: Tapu Fini|54\/100|[from] Grassy Terrain\n|-heal|p1a: Rillaboom|100\/100|[from] Grassy Terrain\n|-damage|p2a: Tapu Fini|42\/100|[from] Leech Seed|[of] p1a: Rillaboom\n|upkeep\n|turn|7\n|inactive|Supernova30 has 120 seconds left.\n|j| OuterDreams\n|inactive|aixiaoyue has 120 seconds left.\n|\n|t:|1701048874\n|switch|p1a: Garchomp|Garchomp, M|67\/100\n|move|p2a: Tapu Fini|Draining Kiss|p1a: Garchomp\n|-supereffective|p1a: Garchomp\n|-damage|p1a: Garchomp|0 fnt\n|-heal|p2a: Tapu Fini|99\/100|[from] drain|[of] p1a: Garchomp\n|-damage|p2a: Tapu Fini|87\/100|[from] ability: Rough Skin|[of] p1a: Garchomp\n|-damage|p2a: Tapu Fini|71\/100|[from] item: Rocky Helmet|[of] p1a: Garchomp\n|faint|p1a: Garchomp\n|\n|-heal|p2a: Tapu Fini|77\/100|[from] Grassy Terrain\n|upkeep\n|\n|t:|1701048885\n|switch|p1a: Volcanion|Volcanion|90\/100\n|turn|8\n|\n|t:|1701048894\n|move|p2a: Tapu Fini|Calm Mind|p2a: Tapu Fini\n|-boost|p2a: Tapu Fini|spa|1\n|-boost|p2a: Tapu Fini|spd|1\n|move|p1a: Volcanion|Flamethrower|p2a: Tapu Fini\n|-supereffective|p2a: Tapu Fini\n|-damage|p2a: Tapu Fini|52\/100\n|\n|-heal|p2a: Tapu Fini|58\/100|[from] Grassy Terrain\n|-heal|p1a: Volcanion|97\/100|[from] Grassy Terrain\n|-damage|p2a: Tapu Fini|46\/100|[from] Leech Seed|[of] p1a: Volcanion\n|-heal|p1a: Volcanion|100\/100|[silent]\n|-fieldend|move: Grassy Terrain\n|upkeep\n|turn|9\n|\n|t:|1701048904\n|move|p2a: Tapu Fini|Draining Kiss|p1a: Volcanion\n|-resisted|p1a: Volcanion\n|-damage|p1a: Volcanion|76\/100\n|-heal|p2a: Tapu Fini|64\/100|[from] drain|[of] p1a: Volcanion\n|move|p1a: Volcanion|Flamethrower|p2a: Tapu Fini\n|-supereffective|p2a: Tapu Fini\n|-damage|p2a: Tapu Fini|35\/100\n|\n|-damage|p2a: Tapu Fini|22\/100|[from] Leech Seed|[of] p1a: Volcanion\n|-heal|p1a: Volcanion|88\/100|[silent]\n|upkeep\n|turn|10\n|\n|t:|1701048913\n|move|p2a: Tapu Fini|Draining Kiss|p1a: Volcanion\n|-resisted|p1a: Volcanion\n|-damage|p1a: Volcanion|64\/100\n|-heal|p2a: Tapu Fini|41\/100|[from] drain|[of] p1a: Volcanion\n|move|p1a: Volcanion|Flamethrower|p2a: Tapu Fini\n|-supereffective|p2a: Tapu Fini\n|-damage|p2a: Tapu Fini|15\/100\n|\n|-damage|p2a: Tapu Fini|3\/100|[from] Leech Seed|[of] p1a: Volcanion\n|-heal|p1a: Volcanion|76\/100|[silent]\n|upkeep\n|turn|11\n|inactive|aixiaoyue has 120 seconds left.\n|\n|t:|1701048922\n|move|p2a: Tapu Fini|Draining Kiss|p1a: Volcanion\n|-resisted|p1a: Volcanion\n|-damage|p1a: Volcanion|53\/100\n|-heal|p2a: Tapu Fini|21\/100|[from] drain|[of] p1a: Volcanion\n|move|p1a: Volcanion|Flamethrower|p2a: Tapu Fini\n|-supereffective|p2a: Tapu Fini\n|-damage|p2a: Tapu Fini|0 fnt\n|faint|p2a: Tapu Fini\n|\n|upkeep\n|inactive|aixiaoyue has 120 seconds left.\n|\n|t:|1701048932\n|switch|p2a: Victini|Victini|100\/100\n|-damage|p2a: Victini|76\/100|[from] Stealth Rock\n|turn|12\n|inactive|aixiaoyue has 120 seconds left.\n|\n|t:|1701048951\n|switch|p1a: Hoopa|Hoopa-Unbound|100\/100\n|move|p2a: Victini|U-turn|p1a: Hoopa\n|-supereffective|p1a: Hoopa\n|-damage|p1a: Hoopa|0 fnt\n|faint|p1a: Hoopa\n|\n|t:|1701048957\n|switch|p2a: Gliscor|Gliscor, M|100\/100|[from] U-turn\n|-damage|p2a: Gliscor|88\/100|[from] Stealth Rock\n|\n|-status|p2a: Gliscor|tox|[from] item: Toxic Orb\n|upkeep\n|\n|t:|1701048976\n|switch|p1a: Lopunny|Lopunny, M|100\/100\n|turn|13\n|\n|t:|1701048979\n|detailschange|p1a: Lopunny|Lopunny-Mega, M\n|-mega|p1a: Lopunny|Lopunny|Lopunnite\n|move|p2a: Gliscor|Protect|p2a: Gliscor\n|-singleturn|p2a: Gliscor|Protect\n|move|p1a: Lopunny|Fake Out|p2a: Gliscor\n|-activate|p2a: Gliscor|move: Protect\n|\n|-heal|p2a: Gliscor|100\/100 tox|[from] ability: Poison Heal\n|upkeep\n|turn|14\n|inactive|aixiaoyue has 120 seconds left.\n|\n|t:|1701048999\n|switch|p1a: Volcanion|Volcanion|53\/100\n|switch|p2a: Ferrothorn|Ferrothorn, M|100\/100\n|-damage|p2a: Ferrothorn|94\/100|[from] Stealth Rock\n|\n|-heal|p2a: Ferrothorn|100\/100|[from] item: Leftovers\n|upkeep\n|turn|15\n|inactive|aixiaoyue has 120 seconds left.\n|\n|t:|1701049012\n|move|p2a: Ferrothorn|Protect|p2a: Ferrothorn\n|-singleturn|p2a: Ferrothorn|Protect\n|move|p1a: Volcanion|Steam Eruption|p2a: Ferrothorn\n|-activate|p2a: Ferrothorn|move: Protect\n|\n|upkeep\n|turn|16\n|inactive|aixiaoyue has 120 seconds left.\n|\n|t:|1701049037\n|move|p1a: Volcanion|Flamethrower|p2a: Ferrothorn\n|-supereffective|p2a: Ferrothorn\n|-damage|p2a: Ferrothorn|0 fnt\n|faint|p2a: Ferrothorn\n|\n|upkeep\n|\n|t:|1701049046\n|switch|p2a: Victini|Victini|76\/100\n|-damage|p2a: Victini|51\/100|[from] Stealth Rock\n|turn|17\n|\n|t:|1701049055\n|switch|p1a: Rillaboom|Rillaboom, M|100\/100\n|-fieldstart|move: Grassy Terrain|[from] ability: Grassy Surge|[of] p1a: Rillaboom\n|move|p2a: Victini|Final Gambit|p1a: Rillaboom\n|-damage|p1a: Rillaboom|50\/100\n|faint|p2a: Victini\n|\n|-heal|p1a: Rillaboom|56\/100|[from] Grassy Terrain\n|upkeep\n|\n|t:|1701049068\n|switch|p2a: Gliscor|Gliscor, M|100\/100 tox\n|-damage|p2a: Gliscor|88\/100 tox|[from] Stealth Rock\n|turn|18\n|\n|t:|1701049073\n|move|p2a: Gliscor|Toxic|p1a: Rillaboom\n|-status|p1a: Rillaboom|tox\n|move|p1a: Rillaboom|Leech Seed|p2a: Gliscor\n|-start|p2a: Gliscor|move: Leech Seed\n|\n|-heal|p1a: Rillaboom|63\/100 tox|[from] Grassy Terrain\n|-damage|p2a: Gliscor|76\/100 tox|[from] Leech Seed|[of] p1a: Rillaboom\n|-heal|p1a: Rillaboom|74\/100 tox|[silent]\n|-heal|p2a: Gliscor|88\/100 tox|[from] ability: Poison Heal\n|-damage|p1a: Rillaboom|67\/100 tox|[from] psn\n|upkeep\n|turn|19\n|inactive|aixiaoyue has 120 seconds left.\n|\n|t:|1701049083\n|switch|p2a: Scizor|Scizor, F|100\/100\n|-damage|p2a: Scizor|88\/100|[from] Stealth Rock\n|move|p1a: Rillaboom|Knock Off|p2a: Scizor\n|-damage|p2a: Scizor|66\/100\n|-damage|p1a: Rillaboom|57\/100 tox|[from] item: Life Orb\n|\n|-heal|p1a: Rillaboom|64\/100 tox|[from] Grassy Terrain\n|-heal|p2a: Scizor|72\/100|[from] Grassy Terrain\n|-damage|p1a: Rillaboom|51\/100 tox|[from] psn\n|upkeep\n|turn|20\n|inactive|aixiaoyue has 120 seconds left.\n|\n|t:|1701049095\n|switch|p1a: Zapdos|Zapdos|100\/100\n|detailschange|p2a: Scizor|Scizor-Mega, F\n|-mega|p2a: Scizor|Scizor|Scizorite\n|move|p2a: Scizor|Curse|p2a: Scizor\n|-unboost|p2a: Scizor|spe|1\n|-boost|p2a: Scizor|atk|1\n|-boost|p2a: Scizor|def|1\n|\n|-heal|p2a: Scizor|78\/100|[from] Grassy Terrain\n|upkeep\n|turn|21\n|\n|t:|1701049104\n|switch|p2a: Garganacl|Garganacl, M|100\/100\n|-damage|p2a: Garganacl|88\/100|[from] Stealth Rock\n|move|p1a: Zapdos|Hurricane|p2a: Garganacl\n|-resisted|p2a: Garganacl\n|-damage|p2a: Garganacl|59\/100\n|\n|-heal|p2a: Garganacl|65\/100|[from] Grassy Terrain\n|-heal|p2a: Garganacl|71\/100|[from] item: Leftovers\n|-fieldend|move: Grassy Terrain\n|upkeep\n|turn|22\n|\n|t:|1701049114\n|move|p1a: Zapdos|Volt Switch|p2a: Garganacl\n|-damage|p2a: Garganacl|38\/100\n|\n|t:|1701049116\n|switch|p1a: Rillaboom|Rillaboom, M|51\/100 tox|[from] Volt Switch\n|-fieldstart|move: Grassy Terrain|[from] ability: Grassy Surge|[of] p1a: Rillaboom\n|move|p2a: Garganacl|Salt Cure|p1a: Rillaboom\n|-damage|p1a: Rillaboom|39\/100 tox\n|-start|p1a: Rillaboom|Salt Cure\n|\n|-heal|p1a: Rillaboom|45\/100 tox|[from] Grassy Terrain\n|-heal|p2a: Garganacl|44\/100|[from] Grassy Terrain\n|-heal|p2a: Garganacl|50\/100|[from] item: Leftovers\n|-damage|p1a: Rillaboom|39\/100 tox|[from] psn\n|-damage|p1a: Rillaboom|27\/100 tox|[from] Salt Cure\n|upkeep\n|turn|23\n|\n|t:|1701049128\n|move|p2a: Garganacl|Protect|p2a: Garganacl\n|-singleturn|p2a: Garganacl|Protect\n|move|p1a: Rillaboom|Leech Seed|p2a: Garganacl\n|-activate|p2a: Garganacl|move: Protect\n|\n|-heal|p1a: Rillaboom|33\/100 tox|[from] Grassy Terrain\n|-heal|p2a: Garganacl|56\/100|[from] Grassy Terrain\n|-heal|p2a: Garganacl|63\/100|[from] item: Leftovers\n|-damage|p1a: Rillaboom|21\/100 tox|[from] psn\n|-damage|p1a: Rillaboom|8\/100 tox|[from] Salt Cure\n|upkeep\n|turn|24\n|\n|t:|1701049139\n|switch|p2a: Scizor|Scizor-Mega, F|78\/100\n|-damage|p2a: Scizor|66\/100|[from] Stealth Rock\n|move|p1a: Rillaboom|Leech Seed|p2a: Scizor\n|-start|p2a: Scizor|move: Leech Seed\n|\n|-heal|p1a: Rillaboom|14\/100 tox|[from] Grassy Terrain\n|-heal|p2a: Scizor|72\/100|[from] Grassy Terrain\n|-damage|p2a: Scizor|59\/100|[from] Leech Seed|[of] p1a: Rillaboom\n|-heal|p1a: Rillaboom|25\/100 tox|[silent]\n|-damage|p1a: Rillaboom|6\/100 tox|[from] psn\n|-damage|p1a: Rillaboom|0 fnt|[from] Salt Cure\n|faint|p1a: Rillaboom\n|upkeep\n|\n|t:|1701049156\n|switch|p1a: Volcanion|Volcanion|53\/100\n|turn|25\n|\n|t:|1701049164\n|move|p2a: Scizor|U-turn|p1a: Volcanion\n|-resisted|p1a: Volcanion\n|-damage|p1a: Volcanion|40\/100\n|\n|t:|1701049168\n|switch|p2a: Gliscor|Gliscor, M|88\/100 tox|[from] U-turn\n|-damage|p2a: Gliscor|76\/100 tox|[from] Stealth Rock\n|move|p1a: Volcanion|Steam Eruption|p2a: Gliscor\n|-supereffective|p2a: Gliscor\n|-crit|p2a: Gliscor\n|-damage|p2a: Gliscor|0 fnt\n|faint|p2a: Gliscor\n|\n|-heal|p1a: Volcanion|47\/100|[from] Grassy Terrain\n|upkeep\n|\n|t:|1701049180\n|switch|p2a: Garganacl|Garganacl, M|63\/100\n|-damage|p2a: Garganacl|50\/100|[from] Stealth Rock\n|turn|26\n|\n|t:|1701049186\n|move|p2a: Garganacl|Protect|p2a: Garganacl\n|-singleturn|p2a: Garganacl|Protect\n|move|p1a: Volcanion|Steam Eruption|p2a: Garganacl\n|-activate|p2a: Garganacl|move: Protect\n|\n|-heal|p1a: Volcanion|53\/100|[from] Grassy Terrain\n|-heal|p2a: Garganacl|56\/100|[from] Grassy Terrain\n|-heal|p2a: Garganacl|63\/100|[from] item: Leftovers\n|-fieldend|move: Grassy Terrain\n|upkeep\n|turn|27\n|\n|t:|1701049195\n|move|p1a: Volcanion|Steam Eruption|p2a: Garganacl\n|-supereffective|p2a: Garganacl\n|-damage|p2a: Garganacl|0 fnt\n|faint|p2a: Garganacl\n|\n|upkeep\n|-message|aixiaoyue forfeited.\n|\n|win|Supernova30\n|raw|Supernova30's rating: 1637 &rarr; <strong>1657<\/strong><br \/>(+20 for winning)\n|raw|aixiaoyue's rating: 1644 &rarr; <strong>1624<\/strong><br \/>(-20 for losing)\n|l|\u2606aixiaoyue\n|c|\u2606Supernova30|gg\n","uploadtime":1701049216,"views":12,"p1id":"supernova30","p2id":"aixiaoyue","formatid":"gen9nationaldex","rating":1624,"private":0,"password":""}