{"id":"gen9nationaldex-1987431724","p1":"zgynumber","p2":"baigu","format":"[Gen 9] National Dex","log":"|j|\u2606zgynumber\n|j|\u2606baigu\n|t:|1699590622\n|gametype|singles\n|player|p1|zgynumber|101|1615\n|player|p2|baigu|dawn|1702\n|teamsize|p1|6\n|teamsize|p2|6\n|gen|9\n|tier|[Gen 9] National Dex\n|rated|\n|rule|HP Percentage Mod: HP is shown in percentages\n|rule|Endless Battle Clause: Forcing endless battles is banned\n|rule|OHKO Clause: OHKO moves are banned\n|rule|Evasion Clause: Evasion abilities, items, and moves are banned\n|rule|Evasion Abilities Clause: Evasion abilities are banned\n|rule|Evasion Items Clause: Evasion items are banned\n|rule|Evasion Moves Clause: Evasion moves are banned\n|rule|Species Clause: Limit one of each Pok\u00e9mon\n|rule|Sleep Clause Mod: Limit one foe put to sleep\n|clearpoke\n|poke|p1|Ursaluna, M|\n|poke|p1|Tapu Koko|\n|poke|p1|Hoopa-Unbound|\n|poke|p1|Dragonite, F|\n|poke|p1|Garchomp, M|\n|poke|p1|Moltres|\n|poke|p2|Ursaluna, F|\n|poke|p2|Dragonite, F|\n|poke|p2|Slowking, F|\n|poke|p2|Tapu Koko|\n|poke|p2|Banette, F|\n|poke|p2|Moltres|\n|teampreview\n|inactive|Battle timer is ON: inactive players will automatically lose when time's up. (requested by zgynumber)\n|\n|t:|1699590650\n|start\n|switch|p1a: Hoopa|Hoopa-Unbound|100\/100\n|switch|p2a: Dragonite|Dragonite, F|100\/100\n|turn|1\n|\n|t:|1699590665\n|switch|p1a: Moltres|Moltres, shiny|100\/100\n|move|p2a: Dragonite|Dual Wingbeat|p1a: Moltres\n|-damage|p1a: Moltres|78\/100\n|-status|p2a: Dragonite|brn|[from] ability: Flame Body|[of] p1a: Moltres\n|-damage|p1a: Moltres|65\/100\n|-hitcount|p1a: Moltres|2\n|\n|-damage|p2a: Dragonite|94\/100 brn|[from] brn\n|upkeep\n|turn|2\n|\n|t:|1699590677\n|switch|p2a: Tapu Koko|Tapu Koko|100\/100\n|-fieldstart|move: Electric Terrain|[from] ability: Electric Surge|[of] p2a: Tapu Koko\n|move|p1a: Moltres|U-turn|p2a: Tapu Koko\n|-resisted|p2a: Tapu Koko\n|-damage|p2a: Tapu Koko|91\/100\n|\n|t:|1699590684\n|switch|p1a: Garchomp|Garchomp, M|100\/100|[from] U-turn\n|\n|upkeep\n|turn|3\n|\n|t:|1699590693\n|switch|p2a: Moltres|Moltres|100\/100\n|move|p1a: Garchomp|Earthquake|p2a: Moltres\n|-immune|p2a: Moltres\n|\n|upkeep\n|turn|4\n|\n|t:|1699590702\n|switch|p1a: Ursaluna|Ursaluna, M, shiny|100\/100\n|move|p2a: Moltres|U-turn|p1a: Ursaluna\n|-crit|p1a: Ursaluna\n|-damage|p1a: Ursaluna|83\/100\n|\n|t:|1699590711\n|switch|p2a: Ursaluna|Ursaluna, F|100\/100|[from] U-turn\n|\n|-status|p2a: Ursaluna|brn|[from] item: Flame Orb\n|upkeep\n|turn|5\n|\n|t:|1699590725\n|move|p2a: Ursaluna|Facade|p1a: Ursaluna\n|-damage|p1a: Ursaluna|0 fnt\n|faint|p1a: Ursaluna\n|\n|-damage|p2a: Ursaluna|94\/100 brn|[from] brn\n|upkeep\n|\n|t:|1699590733\n|switch|p1a: Hoopa|Hoopa-Unbound|100\/100\n|turn|6\n|c|\u2606baigu|\u9047\u89c1\u540c\u884c\u4e86\n|\n|t:|1699590750\n|switch|p2a: Moltres|Moltres|100\/100\n|-zpower|p1a: Hoopa\n|move|p1a: Hoopa|All-Out Pummeling|p2a: Moltres|[zeffect]\n|-resisted|p2a: Moltres\n|-damage|p2a: Moltres|53\/100\n|\n|-fieldend|move: Electric Terrain\n|upkeep\n|turn|7\n|\n|t:|1699590762\n|move|p1a: Hoopa|Dark Pulse|p2a: Moltres\n|-damage|p2a: Moltres|1\/100\n|move|p2a: Moltres|U-turn|p1a: Hoopa\n|-supereffective|p1a: Hoopa\n|-damage|p1a: Hoopa|0 fnt\n|faint|p1a: Hoopa\n|\n|t:|1699590778\n|switch|p2a: Tapu Koko|Tapu Koko|91\/100|[from] U-turn\n|-fieldstart|move: Electric Terrain|[from] ability: Electric Surge|[of] p2a: Tapu Koko\n|\n|upkeep\n|c|\u2606zgynumber|\uff1f\n|\n|t:|1699590791\n|switch|p1a: Garchomp|Garchomp, M|100\/100\n|turn|8\n|c|\u2606baigu|\u90fd\u662f\u6708\u6708\u718a\n|\n|t:|1699590805\n|switch|p2a: Dragonite|Dragonite, F|94\/100 brn\n|move|p1a: Garchomp|Iron Head|p2a: Dragonite\n|-damage|p2a: Dragonite|69\/100 brn\n|\n|-damage|p2a: Dragonite|63\/100 brn|[from] brn\n|upkeep\n|turn|9\n|\n|t:|1699590821\n|move|p1a: Garchomp|Iron Head|p2a: Dragonite\n|-damage|p2a: Dragonite|37\/100 brn\n|move|p2a: Dragonite|Outrage|p1a: Garchomp\n|-supereffective|p1a: Garchomp\n|-damage|p1a: Garchomp|0 fnt\n|-damage|p2a: Dragonite|25\/100 brn|[from] ability: Rough Skin|[of] p1a: Garchomp\n|faint|p1a: Garchomp\n|\n|-damage|p2a: Dragonite|19\/100 brn|[from] brn\n|upkeep\n|\n|t:|1699590833\n|switch|p1a: Tapu Koko|Tapu Koko, shiny|100\/100\n|turn|10\n|\n|t:|1699590840\n|move|p1a: Tapu Koko|Dazzling Gleam|p2a: Dragonite\n|-supereffective|p2a: Dragonite\n|-damage|p2a: Dragonite|0 fnt\n|faint|p2a: Dragonite\n|\n|upkeep\n|\n|t:|1699590848\n|switch|p2a: Ursaluna|Ursaluna, F|94\/100 brn\n|turn|11\n|\n|t:|1699590853\n|move|p1a: Tapu Koko|Dazzling Gleam|p2a: Ursaluna\n|-damage|p2a: Ursaluna|53\/100 brn\n|move|p2a: Ursaluna|Facade|p1a: Tapu Koko\n|-damage|p1a: Tapu Koko|0 fnt\n|faint|p1a: Tapu Koko\n|\n|-damage|p2a: Ursaluna|46\/100 brn|[from] brn\n|-fieldend|move: Electric Terrain\n|upkeep\n|-message|zgynumber forfeited.\n|\n|win|baigu\n|raw|zgynumber's rating: 1615 &rarr; <strong>1600<\/strong><br \/>(-15 for losing)\n|raw|baigu's rating: 1702 &rarr; <strong>1717<\/strong><br \/>(+15 for winning)\n|l|\u2606zgynumber\n","uploadtime":1699590861,"views":6,"p1id":"zgynumber","p2id":"baigu","formatid":"gen9nationaldex","rating":1600,"private":0,"password":""}