{"id":"gen9nationaldex-1996932038","p1":"decolcrak","p2":"Markai00","format":"[Gen 9] National Dex","log":"|html|<div class=\"broadcast-blue\"><strong>[Gen 9] National Dex is currently suspecting Sneasler! For information on how to participate check out the <a href=\"https:\/\/www.smogon.com\/forums\/threads\/sv-national-dex-suspect-8-just-dance.3731534\/\">suspect thread<\/a>.<\/strong><\/div>\n|j|\u2606decolcrak\n|j|\u2606Markai00\n|t:|1700746436\n|gametype|singles\n|player|p1|decolcrak|102|\n|player|p2|Markai00|ghetsis|\n|teamsize|p1|6\n|teamsize|p2|6\n|gen|9\n|tier|[Gen 9] National Dex\n|rule|HP Percentage Mod: HP is shown in percentages\n|rule|Endless Battle Clause: Forcing endless battles is banned\n|rule|OHKO Clause: OHKO moves are banned\n|rule|Evasion Clause: Evasion abilities, items, and moves are banned\n|rule|Evasion Abilities Clause: Evasion abilities are banned\n|rule|Evasion Items Clause: Evasion items are banned\n|rule|Evasion Moves Clause: Evasion moves are banned\n|rule|Species Clause: Limit one of each Pok\u00e9mon\n|rule|Sleep Clause Mod: Limit one foe put to sleep\n|clearpoke\n|poke|p1|Klinklang|\n|poke|p1|Cryogonal|\n|poke|p1|Stunfisk, M|\n|poke|p1|Victini|\n|poke|p1|Basculin, M|\n|poke|p1|Sigilyph, M|\n|poke|p2|Incineroar, M|\n|poke|p2|Tapu Lele|\n|poke|p2|Muk-Alola, F|\n|poke|p2|Kartana|\n|poke|p2|Type: Null|\n|poke|p2|Oricorio-Pom-Pom, F|\n|teampreview\n|c|\u2606decolcrak|hola\n|c|\u2606Markai00|Suertee\n|c|\u2606decolcrak|suerte majo\n|c|\u2606Markai00|No me ganes porfa\n|c|\u2606decolcrak|vale\n|c|\u2606decolcrak|procedo a rendirme jajaja\n|c|\u2606Markai00|JAJAJAJAJA\n|\n|t:|1700746510\n|start\n|switch|p1a: Stunfisk|Stunfisk, M|100\/100\n|switch|p2a: Incineroar|Incineroar, M|100\/100\n|-ability|p2a: Incineroar|Intimidate|boost\n|-unboost|p1a: Stunfisk|atk|1\n|turn|1\n|\n|t:|1700746517\n|move|p2a: Incineroar|Fake Out|p1a: Stunfisk\n|-damage|p1a: Stunfisk|88\/100\n|-status|p2a: Incineroar|par|[from] ability: Static|[of] p1a: Stunfisk\n|cant|p1a: Stunfisk|flinch\n|\n|upkeep\n|turn|2\n|c|\u2606Markai00|Bien bien\n|c|\u2606decolcrak|que grande mi pez chancla\n|\n|t:|1700746536\n|move|p1a: Stunfisk|Stealth Rock|p2a: Incineroar\n|-sidestart|p2: Markai00|move: Stealth Rock\n|move|p2a: Incineroar|Parting Shot|p1a: Stunfisk\n|-unboost|p1a: Stunfisk|atk|1\n|-unboost|p1a: Stunfisk|spa|1\n|\n|t:|1700746539\n|switch|p2a: Kartana|Kartana|100\/100|[from] Parting Shot\n|-damage|p2a: Kartana|94\/100|[from] Stealth Rock\n|\n|upkeep\n|turn|3\n|\n|t:|1700746553\n|move|p2a: Kartana|Leaf Blade|p1a: Stunfisk\n|-supereffective|p1a: Stunfisk\n|-damage|p1a: Stunfisk|0 fnt\n|faint|p1a: Stunfisk\n|-ability|p2a: Kartana|Beast Boost|boost\n|-boost|p2a: Kartana|atk|1\n|\n|upkeep\n|c|\u2606decolcrak|adios\n|\n|t:|1700746564\n|switch|p1a: Victini|Victini|100\/100\n|turn|4\n|c|\u2606Markai00|Menos mal que no ha vuelto a pasar\n|\n|t:|1700746572\n|switch|p2a: Incineroar|Incineroar, M|100\/100 par\n|-ability|p2a: Incineroar|Intimidate|boost\n|-unboost|p1a: Victini|atk|1\n|move|p1a: Victini|V-create|p2a: Incineroar\n|-resisted|p2a: Incineroar\n|-damage|p2a: Incineroar|74\/100 par\n|-unboost|p1a: Victini|spe|1\n|-unboost|p1a: Victini|def|1\n|-unboost|p1a: Victini|spd|1\n|\n|upkeep\n|turn|5\n|\n|t:|1700746583\n|switch|p1a: Sigilyph|Sigilyph, M|100\/100\n|move|p2a: Incineroar|Fake Out|p1a: Sigilyph\n|-damage|p1a: Sigilyph|88\/100\n|\n|-status|p1a: Sigilyph|brn|[from] item: Flame Orb\n|upkeep\n|turn|6\n|\n|t:|1700746610\n|switch|p1a: Victini|Victini|100\/100\n|switch|p2a: Muk|Muk-Alola, F|100\/100\n|-damage|p2a: Muk|88\/100|[from] Stealth Rock\n|\n|upkeep\n|turn|7\n|\n|t:|1700746622\n|move|p1a: Victini|U-turn|p2a: Muk\n|-damage|p2a: Muk|62\/100\n|\n|t:|1700746625\n|switch|p1a: Klinklang|Klinklang|100\/100|[from] U-turn\n|move|p2a: Muk|Knock Off|p1a: Klinklang\n|-damage|p1a: Klinklang|72\/100\n|-enditem|p1a: Klinklang|Weakness Policy|[from] move: Knock Off|[of] p2a: Muk\n|\n|upkeep\n|turn|8\n|\n|t:|1700746633\n|switch|p2a: Incineroar|Incineroar, M|74\/100 par\n|-ability|p2a: Incineroar|Intimidate|boost\n|-fail|p1a: Klinklang|unboost|[from] ability: Clear Body|[of] p1a: Klinklang\n|move|p1a: Klinklang|Shift Gear|p1a: Klinklang\n|-boost|p1a: Klinklang|spe|2\n|-boost|p1a: Klinklang|atk|1\n|\n|upkeep\n|turn|9\n|\n|t:|1700746646\n|-terastallize|p1a: Klinklang|Water\n|move|p1a: Klinklang|Shift Gear|p1a: Klinklang\n|-boost|p1a: Klinklang|spe|2\n|-boost|p1a: Klinklang|atk|1\n|move|p2a: Incineroar|Will-O-Wisp|p1a: Klinklang\n|-status|p1a: Klinklang|brn\n|\n|-damage|p1a: Klinklang|66\/100 brn|[from] brn\n|upkeep\n|turn|10\n|\n|t:|1700746657\n|move|p1a: Klinklang|Shift Gear|p1a: Klinklang\n|-boost|p1a: Klinklang|spe|2\n|-boost|p1a: Klinklang|atk|1\n|cant|p2a: Incineroar|par\n|\n|-damage|p1a: Klinklang|60\/100 brn|[from] brn\n|upkeep\n|turn|11\n|\n|t:|1700746664\n|switch|p2a: Kartana|Kartana|94\/100\n|-damage|p2a: Kartana|88\/100|[from] Stealth Rock\n|move|p1a: Klinklang|Return|p2a: Kartana\n|-resisted|p2a: Kartana\n|-damage|p2a: Kartana|74\/100\n|\n|-damage|p1a: Klinklang|54\/100 brn|[from] brn\n|upkeep\n|turn|12\n|\n|t:|1700746674\n|switch|p1a: Victini|Victini|100\/100\n|move|p2a: Kartana|Leaf Blade|p1a: Victini\n|-resisted|p1a: Victini\n|-damage|p1a: Victini|56\/100\n|\n|upkeep\n|turn|13\n|\n|t:|1700746683\n|switch|p2a: Incineroar|Incineroar, M|74\/100 par\n|-ability|p2a: Incineroar|Intimidate|boost\n|-unboost|p1a: Victini|atk|1\n|move|p1a: Victini|U-turn|p2a: Incineroar\n|-damage|p2a: Incineroar|61\/100 par\n|\n|t:|1700746689\n|switch|p1a: Basculin|Basculin, M|100\/100|[from] U-turn\n|\n|upkeep\n|turn|14\n|\n|t:|1700746695\n|switch|p2a: Type: Null|Type: Null|100\/100\n|-damage|p2a: Type: Null|88\/100|[from] Stealth Rock\n|move|p1a: Basculin|Superpower|p2a: Type: Null\n|-supereffective|p2a: Type: Null\n|-damage|p2a: Type: Null|45\/100\n|-unboost|p1a: Basculin|atk|1\n|-unboost|p1a: Basculin|def|1\n|-damage|p1a: Basculin|91\/100|[from] item: Life Orb\n|\n|upkeep\n|turn|15\n|\n|t:|1700746725\n|switch|p1a: Victini|Victini|56\/100\n|move|p2a: Type: Null|Rest|p2a: Type: Null\n|-status|p2a: Type: Null|slp|[from] move: Rest\n|-heal|p2a: Type: Null|100\/100 slp|[silent]\n|\n|upkeep\n|turn|16\n|\n|t:|1700746733\n|move|p1a: Victini|V-create|p2a: Type: Null\n|-damage|p2a: Type: Null|63\/100 slp\n|-unboost|p1a: Victini|spe|1\n|-unboost|p1a: Victini|def|1\n|-unboost|p1a: Victini|spd|1\n|cant|p2a: Type: Null|slp\n|move|p2a: Type: Null|Sleep Talk|p2a: Type: Null\n|move|p2a: Type: Null|Rest||[from]move: Sleep Talk|[still]\n|-fail|p2a: Type: Null\n|\n|upkeep\n|turn|17\n|\n|t:|1700746743\n|switch|p1a: Basculin|Basculin, M|91\/100\n|cant|p2a: Type: Null|slp\n|move|p2a: Type: Null|Sleep Talk|p2a: Type: Null\n|move|p2a: Type: Null|Crush Claw|p1a: Basculin|[from]move: Sleep Talk\n|-damage|p1a: Basculin|45\/100\n|\n|upkeep\n|turn|18\n|\n|t:|1700746749\n|move|p1a: Basculin|Wave Crash|p2a: Type: Null\n|-damage|p2a: Type: Null|27\/100 slp\n|-damage|p1a: Basculin|29\/100|[from] Recoil\n|-damage|p1a: Basculin|19\/100|[from] item: Life Orb\n|-curestatus|p2a: Type: Null|slp|[msg]\n|move|p2a: Type: Null|Crush Claw|p1a: Basculin\n|-damage|p1a: Basculin|0 fnt\n|faint|p1a: Basculin\n|\n|upkeep\n|\n|t:|1700746755\n|switch|p1a: Victini|Victini|56\/100\n|turn|19\n|\n|t:|1700746764\n|switch|p2a: Incineroar|Incineroar, M|61\/100 par\n|-ability|p2a: Incineroar|Intimidate|boost\n|-unboost|p1a: Victini|atk|1\n|move|p1a: Victini|Bolt Strike|p2a: Incineroar\n|-damage|p2a: Incineroar|36\/100 par\n|\n|upkeep\n|turn|20\n|j| AndraKinG\n|\n|t:|1700746773\n|switch|p1a: Klinklang|Klinklang, tera:Water|54\/100 brn\n|move|p2a: Incineroar|Parting Shot|p1a: Klinklang\n|-fail|p1a: Klinklang|unboost|[from] ability: Clear Body|[of] p1a: Klinklang\n|\n|-damage|p1a: Klinklang|48\/100 brn|[from] brn\n|upkeep\n|turn|21\n|\n|t:|1700746782\n|switch|p1a: Victini|Victini|56\/100\n|switch|p2a: Kartana|Kartana|74\/100\n|-damage|p2a: Kartana|68\/100|[from] Stealth Rock\n|\n|upkeep\n|turn|22\n|\n|t:|1700746793\n|switch|p2a: Incineroar|Incineroar, M|36\/100 par\n|-ability|p2a: Incineroar|Intimidate|boost\n|-unboost|p1a: Victini|atk|1\n|move|p1a: Victini|V-create|p2a: Incineroar\n|-resisted|p2a: Incineroar\n|-damage|p2a: Incineroar|12\/100 par\n|-unboost|p1a: Victini|spe|1\n|-unboost|p1a: Victini|def|1\n|-unboost|p1a: Victini|spd|1\n|\n|upkeep\n|turn|23\n|\n|t:|1700746808\n|switch|p1a: Klinklang|Klinklang, tera:Water|48\/100 brn\n|switch|p2a: Type: Null|Type: Null|27\/100\n|-damage|p2a: Type: Null|15\/100|[from] Stealth Rock\n|\n|-damage|p1a: Klinklang|42\/100 brn|[from] brn\n|upkeep\n|turn|24\n|\n|t:|1700746812\n|move|p1a: Klinklang|Gear Grind|p2a: Type: Null\n|-damage|p2a: Type: Null|11\/100\n|-damage|p2a: Type: Null|7\/100\n|-hitcount|p2a: Type: Null|2\n|move|p2a: Type: Null|Rest|p2a: Type: Null\n|-status|p2a: Type: Null|slp|[from] move: Rest\n|-heal|p2a: Type: Null|100\/100 slp|[silent]\n|\n|-damage|p1a: Klinklang|35\/100 brn|[from] brn\n|upkeep\n|turn|25\n|\n|t:|1700746820\n|switch|p1a: Cryogonal|Cryogonal|100\/100\n|cant|p2a: Type: Null|slp\n|move|p2a: Type: Null|Sleep Talk|p2a: Type: Null\n|move|p2a: Type: Null|Swords Dance|p2a: Type: Null|[from]move: Sleep Talk\n|-boost|p2a: Type: Null|atk|2\n|\n|upkeep\n|turn|26\n|\n|t:|1700746828\n|move|p1a: Cryogonal|Acid Armor|p1a: Cryogonal\n|-boost|p1a: Cryogonal|def|2\n|cant|p2a: Type: Null|slp\n|move|p2a: Type: Null|Sleep Talk|p2a: Type: Null\n|move|p2a: Type: Null|Swords Dance|p2a: Type: Null|[from]move: Sleep Talk\n|-boost|p2a: Type: Null|atk|2\n|\n|upkeep\n|turn|27\n|\n|t:|1700746834\n|move|p1a: Cryogonal|Acid Armor|p1a: Cryogonal\n|-boost|p1a: Cryogonal|def|2\n|-curestatus|p2a: Type: Null|slp|[msg]\n|move|p2a: Type: Null|Crush Claw|p1a: Cryogonal\n|-damage|p1a: Cryogonal|57\/100\n|\n|upkeep\n|turn|28\n|\n|t:|1700746839\n|move|p1a: Cryogonal|Acid Armor|p1a: Cryogonal\n|-boost|p1a: Cryogonal|def|2\n|move|p2a: Type: Null|Crush Claw|p1a: Cryogonal\n|-damage|p1a: Cryogonal|21\/100\n|\n|upkeep\n|turn|29\n|\n|t:|1700746844\n|move|p1a: Cryogonal|Recover|p1a: Cryogonal\n|-heal|p1a: Cryogonal|71\/100\n|move|p2a: Type: Null|Crush Claw|p1a: Cryogonal\n|-damage|p1a: Cryogonal|37\/100\n|\n|upkeep\n|turn|30\n|\n|t:|1700746847\n|move|p1a: Cryogonal|Recover|p1a: Cryogonal\n|-heal|p1a: Cryogonal|87\/100\n|move|p2a: Type: Null|Swords Dance|p2a: Type: Null\n|-boost|p2a: Type: Null|atk|2\n|\n|upkeep\n|turn|31\n|\n|t:|1700746851\n|move|p1a: Cryogonal|Freeze-Dry|p2a: Type: Null\n|-damage|p2a: Type: Null|85\/100\n|move|p2a: Type: Null|Crush Claw|p1a: Cryogonal\n|-damage|p1a: Cryogonal|40\/100\n|\n|upkeep\n|turn|32\n|\n|t:|1700746854\n|move|p1a: Cryogonal|Freeze-Dry|p2a: Type: Null\n|-damage|p2a: Type: Null|69\/100\n|move|p2a: Type: Null|Crush Claw|p1a: Cryogonal\n|-damage|p1a: Cryogonal|0 fnt\n|faint|p1a: Cryogonal\n|\n|upkeep\n|\n|t:|1700746858\n|switch|p1a: Sigilyph|Sigilyph, M|88\/100 brn\n|turn|33\n|\n|t:|1700746860\n|move|p1a: Sigilyph|Psycho Shift|p2a: Type: Null\n|-status|p2a: Type: Null|brn\n|-curestatus|p1a: Sigilyph|brn|[msg]\n|move|p2a: Type: Null|Crush Claw|p1a: Sigilyph\n|-damage|p1a: Sigilyph|38\/100\n|\n|-damage|p2a: Type: Null|63\/100 brn|[from] brn\n|-status|p1a: Sigilyph|brn|[from] item: Flame Orb\n|upkeep\n|turn|34\n|\n|t:|1700746869\n|move|p1a: Sigilyph|Future Sight|p2a: Type: Null\n|-start|p1a: Sigilyph|move: Future Sight\n|move|p2a: Type: Null|Crush Claw|p1a: Sigilyph\n|-damage|p1a: Sigilyph|0 fnt\n|faint|p1a: Sigilyph\n|\n|-damage|p2a: Type: Null|56\/100 brn|[from] brn\n|upkeep\n|\n|t:|1700746873\n|switch|p1a: Victini|Victini|56\/100\n|turn|35\n|\n|t:|1700746876\n|move|p1a: Victini|Zen Headbutt|p2a: Type: Null\n|-damage|p2a: Type: Null|37\/100 brn\n|move|p2a: Type: Null|Rest|p2a: Type: Null\n|-status|p2a: Type: Null|slp|[from] move: Rest\n|-heal|p2a: Type: Null|100\/100 slp|[silent]\n|\n|upkeep\n|turn|36\n|\n|t:|1700746879\n|move|p1a: Victini|Zen Headbutt|p2a: Type: Null\n|-damage|p2a: Type: Null|84\/100 slp\n|cant|p2a: Type: Null|slp\n|move|p2a: Type: Null|Sleep Talk|p2a: Type: Null\n|move|p2a: Type: Null|Rest||[from]move: Sleep Talk|[still]\n|-fail|p2a: Type: Null\n|\n|-end|p2a: Type: Null|move: Future Sight\n|-damage|p2a: Type: Null|58\/100 slp\n|upkeep\n|turn|37\n|\n|t:|1700746882\n|move|p1a: Victini|Zen Headbutt|p2a: Type: Null\n|-damage|p2a: Type: Null|38\/100 slp\n|cant|p2a: Type: Null|slp\n|move|p2a: Type: Null|Sleep Talk|p2a: Type: Null\n|move|p2a: Type: Null|Rest||[from]move: Sleep Talk|[still]\n|-fail|p2a: Type: Null\n|\n|upkeep\n|turn|38\n|c|\u2606Markai00|Joder\n|\n|t:|1700746890\n|move|p1a: Victini|Zen Headbutt|p2a: Type: Null\n|-damage|p2a: Type: Null|19\/100 slp\n|-curestatus|p2a: Type: Null|slp|[msg]\n|move|p2a: Type: Null|Rest|p2a: Type: Null\n|-status|p2a: Type: Null|slp|[from] move: Rest\n|-heal|p2a: Type: Null|100\/100 slp|[silent]\n|\n|upkeep\n|turn|39\n|c|\u2606decolcrak|esta muy relido\n|\n|t:|1700746896\n|move|p1a: Victini|Zen Headbutt|p2a: Type: Null\n|-damage|p2a: Type: Null|81\/100 slp\n|cant|p2a: Type: Null|slp\n|move|p2a: Type: Null|Sleep Talk|p2a: Type: Null\n|move|p2a: Type: Null|Crush Claw|p1a: Victini|[from]move: Sleep Talk\n|-damage|p1a: Victini|0 fnt\n|faint|p1a: Victini\n|\n|upkeep\n|\n|t:|1700746898\n|switch|p1a: Klinklang|Klinklang, tera:Water|35\/100 brn\n|turn|40\n|c|\u2606Markai00|Jajajaja\n|\n|t:|1700746906\n|move|p1a: Klinklang|Gear Grind|p2a: Type: Null\n|-damage|p2a: Type: Null|77\/100 slp\n|-damage|p2a: Type: Null|73\/100 slp\n|-hitcount|p2a: Type: Null|2\n|cant|p2a: Type: Null|slp\n|move|p2a: Type: Null|Sleep Talk|p2a: Type: Null\n|move|p2a: Type: Null|Rest||[from]move: Sleep Talk|[still]\n|-fail|p2a: Type: Null\n|\n|-damage|p1a: Klinklang|29\/100 brn|[from] brn\n|upkeep\n|turn|41\n|\n|t:|1700746910\n|move|p1a: Klinklang|Shift Gear|p1a: Klinklang\n|-boost|p1a: Klinklang|spe|2\n|-boost|p1a: Klinklang|atk|1\n|-curestatus|p2a: Type: Null|slp|[msg]\n|move|p2a: Type: Null|Crush Claw|p1a: Klinklang\n|-damage|p1a: Klinklang|0 fnt\n|faint|p1a: Klinklang\n|\n|win|Markai00\n|c|\u2606decolcrak|gg\n|c|\u2606Markai00|Gg bro\n|c|\u2606decolcrak|la pasas tu?\n","uploadtime":1700746920,"views":14,"p1id":"decolcrak","p2id":"markai00","formatid":"gen9nationaldex","rating":0,"private":0,"password":""}