{"id":"gen9nationaldex-1988249931","p1":"The power of ROCK","p2":"groundman23","format":"[Gen 9] National Dex","log":"|j|\u2606The power of ROCK\n|j|\u2606groundman23\n|t:|1699694379\n|gametype|singles\n|player|p1|The power of ROCK|roark|\n|player|p2|groundman23|pokemaniac|\n|teamsize|p1|6\n|teamsize|p2|6\n|gen|9\n|tier|[Gen 9] National Dex\n|rule|HP Percentage Mod: HP is shown in percentages\n|rule|Endless Battle Clause: Forcing endless battles is banned\n|rule|OHKO Clause: OHKO moves are banned\n|rule|Evasion Clause: Evasion abilities, items, and moves are banned\n|rule|Evasion Abilities Clause: Evasion abilities are banned\n|rule|Evasion Items Clause: Evasion items are banned\n|rule|Evasion Moves Clause: Evasion moves are banned\n|rule|Species Clause: Limit one of each Pok\u00e9mon\n|rule|Sleep Clause Mod: Limit one foe put to sleep\n|clearpoke\n|poke|p1|Tyranitar, M|\n|poke|p1|Garganacl, F|\n|poke|p1|Aggron, F|\n|poke|p1|Cradily, F|\n|poke|p1|Glimmora, F|\n|poke|p1|Stakataka|\n|poke|p2|Scizor, M|\n|poke|p2|Garchomp, F|\n|poke|p2|Ditto|\n|poke|p2|Zapdos|\n|poke|p2|Aerodactyl, M|\n|poke|p2|Banette, M|\n|teampreview\n|inactive|Battle timer is ON: inactive players will automatically lose when time's up. (requested by groundman23)\n|c|\u2606The power of ROCK|Welcome to the ROCK gym\n|c|\u2606groundman23|hi\n|inactive|groundman23 has 270 seconds left.\n|\n|t:|1699694411\n|start\n|switch|p1a: Stakataka|Stakataka|100\/100\n|switch|p2a: Aerodactyl|Aerodactyl, M, shiny|100\/100\n|-ability|p2a: Aerodactyl|Unnerve\n|turn|1\n|\n|t:|1699694423\n|move|p2a: Aerodactyl|Aqua Tail|p1a: Stakataka|[miss]\n|-miss|p2a: Aerodactyl|p1a: Stakataka\n|move|p1a: Stakataka|Gyro Ball|p2a: Aerodactyl\n|-supereffective|p2a: Aerodactyl\n|-damage|p2a: Aerodactyl|0 fnt\n|faint|p2a: Aerodactyl\n|-ability|p1a: Stakataka|Beast Boost|boost\n|-boost|p1a: Stakataka|atk|1\n|\n|upkeep\n|\n|t:|1699694428\n|switch|p2a: Garchomp|Garchomp, F, shiny|100\/100\n|turn|2\n|\n|t:|1699694434\n|move|p2a: Garchomp|Earth Power|p1a: Stakataka\n|-supereffective|p1a: Stakataka\n|-enditem|p1a: Stakataka|Focus Sash\n|-damage|p1a: Stakataka|1\/100\n|move|p1a: Stakataka|Gyro Ball|p2a: Garchomp\n|-damage|p2a: Garchomp|0 fnt\n|-damage|p1a: Stakataka|0 fnt|[from] ability: Rough Skin|[of] p2a: Garchomp\n|faint|p2a: Garchomp\n|faint|p1a: Stakataka\n|\n|upkeep\n|\n|t:|1699694457\n|switch|p2a: Ditto|Ditto, shiny|100\/100\n|switch|p1a: Garganacl|Garganacl, F|100\/100\n|-transform|p2a: Ditto|p1a: Garganacl|[from] ability: Imposter\n|turn|3\n|\n|t:|1699694466\n|switch|p1a: Glimmora|Glimmora, F|100\/100\n|move|p2a: Ditto|Body Press|p1a: Glimmora\n|-damage|p1a: Glimmora|71\/100\n|-activate|p1a: Glimmora|ability: Toxic Debris\n|-sidestart|p2: groundman23|move: Toxic Spikes\n|\n|upkeep\n|turn|4\n|\n|t:|1699694479\n|switch|p1a: Garganacl|Garganacl, F|100\/100\n|move|p2a: Ditto|Iron Defense|p2a: Ditto\n|-boost|p2a: Ditto|def|2\n|\n|upkeep\n|turn|5\n|\n|t:|1699694488\n|-terastallize|p1a: Garganacl|Ghost\n|move|p2a: Ditto|Salt Cure|p1a: Garganacl\n|-damage|p1a: Garganacl|91\/100\n|-start|p1a: Garganacl|Salt Cure\n|move|p1a: Garganacl|Salt Cure|p2a: Ditto\n|-crit|p2a: Ditto\n|-damage|p2a: Ditto|80\/100\n|-start|p2a: Ditto|Salt Cure\n|\n|-damage|p1a: Garganacl|78\/100|[from] Salt Cure\n|-damage|p2a: Ditto|68\/100|[from] Salt Cure\n|upkeep\n|turn|6\n|c|\u2606groundman23|my ditto has tera ghost\n|\n|t:|1699694509\n|move|p2a: Ditto|Body Press|p1a: Garganacl\n|-immune|p1a: Garganacl\n|move|p1a: Garganacl|Iron Defense|p1a: Garganacl\n|-boost|p1a: Garganacl|def|2\n|\n|-damage|p1a: Garganacl|66\/100|[from] Salt Cure\n|-damage|p2a: Ditto|56\/100|[from] Salt Cure\n|upkeep\n|turn|7\n|c|\u2606The power of ROCK|ok xD\n|\n|t:|1699694517\n|move|p1a: Garganacl|Recover|p1a: Garganacl\n|-heal|p1a: Garganacl|100\/100\n|move|p2a: Ditto|Salt Cure|p1a: Garganacl\n|-damage|p1a: Garganacl|96\/100\n|\n|-damage|p2a: Ditto|43\/100|[from] Salt Cure\n|-damage|p1a: Garganacl|83\/100|[from] Salt Cure\n|upkeep\n|turn|8\n|\n|t:|1699694530\n|-terastallize|p2a: Ditto|Ghost\n|move|p1a: Garganacl|Salt Cure|p2a: Ditto\n|-damage|p2a: Ditto|37\/100\n|move|p2a: Ditto|Recover|p2a: Ditto\n|-heal|p2a: Ditto|87\/100\n|\n|-damage|p2a: Ditto|75\/100|[from] Salt Cure\n|-damage|p1a: Garganacl|71\/100|[from] Salt Cure\n|upkeep\n|turn|9\n|\n|t:|1699694543\n|move|p1a: Garganacl|Iron Defense|p1a: Garganacl\n|-boost|p1a: Garganacl|def|2\n|move|p2a: Ditto|Iron Defense|p2a: Ditto\n|-boost|p2a: Ditto|def|2\n|\n|-damage|p1a: Garganacl|59\/100|[from] Salt Cure\n|-damage|p2a: Ditto|62\/100|[from] Salt Cure\n|upkeep\n|turn|10\n|\n|t:|1699694562\n|switch|p2a: Scizor|Scizor, M, shiny|100\/100\n|move|p1a: Garganacl|Iron Defense|p1a: Garganacl\n|-boost|p1a: Garganacl|def|2\n|\n|-damage|p1a: Garganacl|46\/100|[from] Salt Cure\n|upkeep\n|turn|11\n|\n|t:|1699694568\n|move|p2a: Scizor|Agility|p2a: Scizor\n|-boost|p2a: Scizor|spe|2\n|move|p1a: Garganacl|Recover|p1a: Garganacl\n|-heal|p1a: Garganacl|96\/100\n|\n|-damage|p1a: Garganacl|84\/100|[from] Salt Cure\n|upkeep\n|turn|12\n|\n|t:|1699694578\n|detailschange|p2a: Scizor|Scizor-Mega, M, shiny\n|-mega|p2a: Scizor|Scizor|Scizorite\n|move|p2a: Scizor|Bullet Punch|p1a: Garganacl\n|-damage|p1a: Garganacl|78\/100\n|move|p1a: Garganacl|Salt Cure|p2a: Scizor\n|-damage|p2a: Scizor|88\/100\n|-start|p2a: Scizor|Salt Cure\n|\n|-damage|p2a: Scizor|63\/100|[from] Salt Cure\n|-damage|p1a: Garganacl|66\/100|[from] Salt Cure\n|upkeep\n|turn|13\n|c|\u2606groundman23|wish i had scarppy\n|c|\u2606The power of ROCK|:N)\n|inactive|groundman23 has 270 seconds left.\n|\n|t:|1699694609\n|move|p2a: Scizor|Curse|p2a: Scizor\n|-unboost|p2a: Scizor|spe|1\n|-boost|p2a: Scizor|atk|1\n|-boost|p2a: Scizor|def|1\n|move|p1a: Garganacl|Recover|p1a: Garganacl\n|-heal|p1a: Garganacl|100\/100\n|\n|-damage|p2a: Scizor|38\/100|[from] Salt Cure\n|-damage|p1a: Garganacl|88\/100|[from] Salt Cure\n|upkeep\n|turn|14\n|c|\u2606The power of ROCK|: )\n|\n|t:|1699694618\n|move|p2a: Scizor|Bullet Punch|p1a: Garganacl\n|-damage|p1a: Garganacl|80\/100\n|move|p1a: Garganacl|Body Press|p2a: Scizor\n|-damage|p2a: Scizor|0 fnt\n|faint|p2a: Scizor\n|\n|-damage|p1a: Garganacl|68\/100|[from] Salt Cure\n|upkeep\n|inactive|groundman23 has 270 seconds left.\n|\n|t:|1699694629\n|switch|p2a: Zapdos|Zapdos|100\/100\n|turn|15\n|\n|t:|1699694635\n|switch|p1a: Tyranitar|Tyranitar, M|100\/100\n|-weather|Sandstorm|[from] ability: Sand Stream|[of] p1a: Tyranitar\n|move|p2a: Zapdos|Discharge|p1a: Tyranitar\n|-damage|p1a: Tyranitar|88\/100\n|\n|-weather|Sandstorm|[upkeep]\n|-damage|p2a: Zapdos|94\/100|[from] Sandstorm\n|upkeep\n|turn|16\n|\n|t:|1699694650\n|switch|p2a: Ditto|Ditto, shiny, tera:Ghost|62\/100\n|-status|p2a: Ditto|psn\n|-transform|p2a: Ditto|p1a: Tyranitar|[from] ability: Imposter\n|move|p1a: Tyranitar|Knock Off|p2a: Ditto\n|-supereffective|p2a: Ditto\n|-damage|p2a: Ditto|0 fnt\n|-enditem|p2a: Ditto|Aguav Berry|[from] move: Knock Off|[of] p1a: Tyranitar\n|faint|p2a: Ditto\n|\n|-weather|Sandstorm|[upkeep]\n|upkeep\n|inactive|groundman23 has 270 seconds left.\n|\n|t:|1699694664\n|switch|p2a: Banette|Banette, M, shiny|100\/100\n|-status|p2a: Banette|psn\n|turn|17\n|c|\u2606The power of ROCK|you stayed ghost xD\n|\n|t:|1699694673\n|move|p2a: Banette|Dazzling Gleam|p1a: Tyranitar\n|-supereffective|p1a: Tyranitar\n|-damage|p1a: Tyranitar|78\/100\n|move|p1a: Tyranitar|Knock Off|p2a: Banette\n|-supereffective|p2a: Banette\n|-crit|p2a: Banette\n|-damage|p2a: Banette|0 fnt\n|faint|p2a: Banette\n|\n|-weather|Sandstorm|[upkeep]\n|upkeep\n|\n|t:|1699694681\n|switch|p2a: Zapdos|Zapdos|94\/100\n|turn|18\n|\n|t:|1699694688\n|move|p2a: Zapdos|Discharge|p1a: Tyranitar\n|-damage|p1a: Tyranitar|65\/100\n|-status|p1a: Tyranitar|par\n|move|p1a: Tyranitar|Rock Blast|p2a: Zapdos\n|-supereffective|p2a: Zapdos\n|-damage|p2a: Zapdos|66\/100\n|-supereffective|p2a: Zapdos\n|-damage|p2a: Zapdos|39\/100\n|-supereffective|p2a: Zapdos\n|-damage|p2a: Zapdos|13\/100\n|-enditem|p2a: Zapdos|Aguav Berry|[eat]\n|-heal|p2a: Zapdos|47\/100|[from] item: Aguav Berry\n|-hitcount|p2a: Zapdos|3\n|\n|-weather|Sandstorm|[upkeep]\n|-damage|p2a: Zapdos|40\/100|[from] Sandstorm\n|upkeep\n|turn|19\n|\n|t:|1699694705\n|switch|p1a: Cradily|Cradily, F|100\/100\n|move|p2a: Zapdos|Discharge|p1a: Cradily\n|-resisted|p1a: Cradily\n|-damage|p1a: Cradily|89\/100\n|-status|p1a: Cradily|par\n|\n|-weather|none\n|upkeep\n|turn|20\n|\n|t:|1699694715\n|switch|p1a: Tyranitar|Tyranitar, M|65\/100 par\n|-weather|Sandstorm|[from] ability: Sand Stream|[of] p1a: Tyranitar\n|move|p2a: Zapdos|Discharge|p1a: Tyranitar\n|-damage|p1a: Tyranitar|53\/100 par\n|\n|-weather|Sandstorm|[upkeep]\n|-damage|p2a: Zapdos|34\/100|[from] Sandstorm\n|upkeep\n|turn|21\n|\n|t:|1699694727\n|move|p2a: Zapdos|Discharge|p1a: Tyranitar\n|-damage|p1a: Tyranitar|40\/100 par\n|move|p1a: Tyranitar|Rock Blast|p2a: Zapdos\n|-supereffective|p2a: Zapdos\n|-damage|p2a: Zapdos|9\/100\n|-supereffective|p2a: Zapdos\n|-damage|p2a: Zapdos|0 fnt\n|faint|p2a: Zapdos\n|-hitcount|p2: Zapdos|2\n|\n|win|The power of ROCK\n|l|\u2606groundman23\n|c|\u2606The power of ROCK|gg : )\n","uploadtime":1699694740,"views":5,"p1id":"thepowerofrock","p2id":"groundman23","formatid":"gen9nationaldex","rating":0,"private":0,"password":""}