{"id":"gen9nationaldex-1988043707","p1":"BadPoc","p2":"Th3K1ng123","format":"[Gen 9] National Dex","log":"|j|\u2606BadPoc\n|j|\u2606Th3K1ng123\n|t:|1699662664\n|gametype|singles\n|player|p1|BadPoc|wallace|1166\n|player|p2|Th3K1ng123|turo|1264\n|teamsize|p1|6\n|teamsize|p2|6\n|gen|9\n|tier|[Gen 9] National Dex\n|rated|\n|rule|HP Percentage Mod: HP is shown in percentages\n|rule|Endless Battle Clause: Forcing endless battles is banned\n|rule|OHKO Clause: OHKO moves are banned\n|rule|Evasion Clause: Evasion abilities, items, and moves are banned\n|rule|Evasion Abilities Clause: Evasion abilities are banned\n|rule|Evasion Items Clause: Evasion items are banned\n|rule|Evasion Moves Clause: Evasion moves are banned\n|rule|Species Clause: Limit one of each Pok\u00e9mon\n|rule|Sleep Clause Mod: Limit one foe put to sleep\n|clearpoke\n|poke|p1|Sylveon, F|\n|poke|p1|Espeon, F|\n|poke|p1|Ninetales-Alola, M|\n|poke|p1|Morpeko, F|\n|poke|p1|Altaria, M|\n|poke|p1|Kingdra, M|\n|poke|p2|Lopunny, F|\n|poke|p2|Torterra, M|\n|poke|p2|Garchomp, M|\n|poke|p2|Empoleon, M|\n|poke|p2|Drifblim, M|\n|poke|p2|Yanmega, M|\n|teampreview\n|inactive|Battle timer is ON: inactive players will automatically lose when time's up. (requested by Th3K1ng123)\n|inactive|BadPoc also wants the timer to be on.\n|\n|t:|1699662684\n|start\n|switch|p1a: Boreal|Ninetales-Alola, M|100\/100\n|switch|p2a: Gibby|Garchomp, M, shiny|100\/100\n|-weather|Snow|[from] ability: Snow Warning|[of] p1a: Boreal\n|turn|1\n|\n|t:|1699662694\n|-terastallize|p2a: Gibby|Steel\n|move|p1a: Boreal|Blizzard|p2a: Gibby\n|-resisted|p2a: Gibby\n|-damage|p2a: Gibby|80\/100\n|move|p2a: Gibby|Iron Head|p1a: Boreal\n|-supereffective|p1a: Boreal\n|-damage|p1a: Boreal|0 fnt\n|faint|p1a: Boreal\n|\n|-weather|Snow|[upkeep]\n|upkeep\n|\n|t:|1699662701\n|switch|p1a: Dentinho|Morpeko, F|100\/100\n|turn|2\n|\n|t:|1699662707\n|move|p2a: Gibby|Earthquake|p1a: Dentinho\n|-supereffective|p1a: Dentinho\n|-damage|p1a: Dentinho|0 fnt\n|faint|p1a: Dentinho\n|\n|-weather|Snow|[upkeep]\n|upkeep\n|\n|t:|1699662712\n|switch|p1a: Rei|Kingdra, M|100\/100\n|turn|3\n|\n|t:|1699662723\n|move|p2a: Gibby|Scale Shot|p1a: Rei\n|-supereffective|p1a: Rei\n|-damage|p1a: Rei|66\/100\n|-supereffective|p1a: Rei\n|-crit|p1a: Rei\n|-damage|p1a: Rei|18\/100\n|-supereffective|p1a: Rei\n|-damage|p1a: Rei|0 fnt\n|faint|p1a: Rei\n|-hitcount|p1: Rei|3\n|-unboost|p2a: Gibby|def|1\n|-boost|p2a: Gibby|spe|1\n|\n|-weather|Snow|[upkeep]\n|upkeep\n|\n|t:|1699662728\n|switch|p1a: Blue|Altaria, M|100\/100\n|-ability|p1a: Blue|Cloud Nine\n|turn|4\n|\n|t:|1699662738\n|detailschange|p1a: Blue|Altaria-Mega, M\n|-mega|p1a: Blue|Altaria|Altarianite\n|move|p2a: Gibby|Iron Head|p1a: Blue\n|-supereffective|p1a: Blue\n|-damage|p1a: Blue|2\/100\n|move|p1a: Blue|Return|p2a: Gibby\n|-resisted|p2a: Gibby\n|-damage|p2a: Gibby|34\/100\n|-damage|p1a: Blue|0 fnt|[from] ability: Rough Skin|[of] p2a: Gibby\n|faint|p1a: Blue\n|\n|-weather|Snow|[upkeep]\n|upkeep\n|\n|t:|1699662751\n|switch|p1a: Sakura|Espeon, F|100\/100\n|turn|5\n|\n|t:|1699662755\n|move|p2a: Gibby|Scale Shot|p1a: Sakura\n|-damage|p1a: Sakura|75\/100\n|-damage|p1a: Sakura|49\/100\n|-crit|p1a: Sakura\n|-damage|p1a: Sakura|14\/100\n|-damage|p1a: Sakura|0 fnt\n|faint|p1a: Sakura\n|-hitcount|p1: Sakura|4\n|-unboost|p2a: Gibby|def|1\n|-boost|p2a: Gibby|spe|1\n|\n|-weather|none\n|upkeep\n|\n|t:|1699662758\n|switch|p1a: Sylve|Sylveon, F|100\/100\n|turn|6\n|\n|t:|1699662770\n|move|p2a: Gibby|Iron Head|p1a: Sylve\n|-supereffective|p1a: Sylve\n|-damage|p1a: Sylve|0 fnt\n|faint|p1a: Sylve\n|\n|win|Th3K1ng123\n|raw|BadPoc's rating: 1166 &rarr; <strong>1148<\/strong><br \/>(-18 for losing)\n|raw|Th3K1ng123's rating: 1264 &rarr; <strong>1282<\/strong><br \/>(+18 for winning)\n|l|\u2606BadPoc\n","uploadtime":1699662776,"views":25,"p1id":"badpoc","p2id":"th3k1ng123","formatid":"gen9nationaldex","rating":1148,"private":0,"password":""}