{"id":"gen9nationaldex-1997800713","p1":"Desstroyer 0","p2":"Yahar","format":"[Gen 9] National Dex","log":"|html|<div class=\"broadcast-blue\"><strong>[Gen 9] National Dex is currently suspecting Sneasler! For information on how to participate check out the <a href=\"https:\/\/www.smogon.com\/forums\/threads\/sv-national-dex-suspect-8-just-dance.3731534\/\">suspect thread<\/a>.<\/strong><\/div>\n|j|\u2606Desstroyer 0\n|j|\u2606Yahar\n|t:|1700854108\n|gametype|singles\n|player|p1|Desstroyer 0|169|1117\n|player|p2|Yahar|shauntal|1115\n|teamsize|p1|6\n|teamsize|p2|6\n|gen|9\n|tier|[Gen 9] National Dex\n|rated|\n|rule|HP Percentage Mod: HP is shown in percentages\n|rule|Endless Battle Clause: Forcing endless battles is banned\n|rule|OHKO Clause: OHKO moves are banned\n|rule|Evasion Clause: Evasion abilities, items, and moves are banned\n|rule|Evasion Abilities Clause: Evasion abilities are banned\n|rule|Evasion Items Clause: Evasion items are banned\n|rule|Evasion Moves Clause: Evasion moves are banned\n|rule|Species Clause: Limit one of each Pok\u00e9mon\n|rule|Sleep Clause Mod: Limit one foe put to sleep\n|clearpoke\n|poke|p1|Samurott-Hisui, M|\n|poke|p1|Clodsire, M|\n|poke|p1|Iron Valiant|\n|poke|p1|Sneasler, M|\n|poke|p1|Great Tusk|\n|poke|p1|Tyranitar, F|\n|poke|p2|Pinsir, F|\n|poke|p2|Ribombee, F|\n|poke|p2|Great Tusk|\n|poke|p2|Rillaboom, M|\n|poke|p2|Heatran, F|\n|poke|p2|Greninja-*, M|\n|teampreview\n|inactive|Battle timer is ON: inactive players will automatically lose when time's up. (requested by Yahar)\n|\n|t:|1700854121\n|start\n|switch|p1a: Samurott|Samurott-Hisui, M|100\/100\n|switch|p2a: Ribombee|Ribombee, F|100\/100\n|turn|1\n|\n|t:|1700854130\n|move|p2a: Ribombee|Sticky Web|p1a: Samurott\n|-sidestart|p1: Desstroyer 0|move: Sticky Web\n|move|p1a: Samurott|Ceaseless Edge|p2a: Ribombee\n|-resisted|p2a: Ribombee\n|-damage|p2a: Ribombee|62\/100\n|-sidestart|p2: Yahar|Spikes\n|\n|upkeep\n|turn|2\n|\n|t:|1700854138\n|move|p2a: Ribombee|Dazzling Gleam|p1a: Samurott\n|-supereffective|p1a: Samurott\n|-damage|p1a: Samurott|24\/100\n|move|p1a: Samurott|Ceaseless Edge|p2a: Ribombee\n|-resisted|p2a: Ribombee\n|-damage|p2a: Ribombee|28\/100\n|-sidestart|p2: Yahar|Spikes\n|\n|upkeep\n|turn|3\n|\n|t:|1700854146\n|move|p1a: Samurott|Aqua Jet|p2a: Ribombee\n|-damage|p2a: Ribombee|0 fnt\n|faint|p2a: Ribombee\n|\n|upkeep\n|\n|t:|1700854150\n|switch|p2a: Great Tusk|Great Tusk|100\/100\n|-damage|p2a: Great Tusk|84\/100|[from] Spikes\n|-enditem|p2a: Great Tusk|Booster Energy\n|-activate|p2a: Great Tusk|ability: Protosynthesis|[fromitem]\n|-start|p2a: Great Tusk|protosynthesisdef\n|turn|4\n|\n|t:|1700854164\n|-terastallize|p1a: Samurott|Ghost\n|move|p1a: Samurott|Ceaseless Edge|p2a: Great Tusk\n|-resisted|p2a: Great Tusk\n|-damage|p2a: Great Tusk|75\/100\n|-sidestart|p2: Yahar|Spikes\n|move|p2a: Great Tusk|Rapid Spin|p1a: Samurott\n|-immune|p1a: Samurott\n|\n|upkeep\n|turn|5\n|\n|t:|1700854175\n|move|p1a: Samurott|Razor Shell|p2a: Great Tusk\n|-supereffective|p2a: Great Tusk\n|-damage|p2a: Great Tusk|37\/100\n|-unboost|p2a: Great Tusk|def|1\n|move|p2a: Great Tusk|Bulk Up|p2a: Great Tusk\n|-boost|p2a: Great Tusk|atk|1\n|-boost|p2a: Great Tusk|def|1\n|\n|upkeep\n|turn|6\n|\n|t:|1700854185\n|move|p1a: Samurott|Razor Shell|p2a: Great Tusk|[miss]\n|-miss|p1a: Samurott|p2a: Great Tusk\n|move|p2a: Great Tusk|Ice Spinner|p1a: Samurott\n|-damage|p1a: Samurott|0 fnt\n|faint|p1a: Samurott\n|\n|upkeep\n|\n|t:|1700854196\n|switch|p1a: Iron Valiant|Iron Valiant|100\/100\n|-activate|p1a: Iron Valiant|move: Sticky Web\n|-unboost|p1a: Iron Valiant|spe|1\n|-enditem|p1a: Iron Valiant|Booster Energy\n|-activate|p1a: Iron Valiant|ability: Quark Drive|[fromitem]\n|-start|p1a: Iron Valiant|quarkdriveatk\n|turn|7\n|\n|t:|1700854211\n|move|p1a: Iron Valiant|Close Combat|p2a: Great Tusk\n|-damage|p2a: Great Tusk|4\/100\n|-unboost|p1a: Iron Valiant|def|1\n|-unboost|p1a: Iron Valiant|spd|1\n|move|p2a: Great Tusk|Headlong Rush|p1a: Iron Valiant\n|-damage|p1a: Iron Valiant|0 fnt\n|-unboost|p2a: Great Tusk|def|1\n|-unboost|p2a: Great Tusk|spd|1\n|faint|p1a: Iron Valiant\n|-end|p1a: Iron Valiant|Quark Drive|[silent]\n|\n|upkeep\n|\n|t:|1700854224\n|switch|p1a: Tyranitar|Tyranitar, F|100\/100\n|-activate|p1a: Tyranitar|move: Sticky Web\n|-unboost|p1a: Tyranitar|spe|1\n|-weather|Sandstorm|[from] ability: Sand Stream|[of] p1a: Tyranitar\n|turn|8\n|\n|t:|1700854233\n|move|p2a: Great Tusk|Rapid Spin|p1a: Tyranitar\n|-resisted|p1a: Tyranitar\n|-damage|p1a: Tyranitar|91\/100\n|-boost|p2a: Great Tusk|spe|1\n|-sideend|p2: Yahar|Spikes|[from] move: Rapid Spin|[of] p2a: Great Tusk\n|move|p1a: Tyranitar|Crunch|p2a: Great Tusk\n|-resisted|p2a: Great Tusk\n|-damage|p2a: Great Tusk|0 fnt\n|faint|p2a: Great Tusk\n|-end|p2a: Great Tusk|Protosynthesis|[silent]\n|\n|-weather|Sandstorm|[upkeep]\n|upkeep\n|\n|t:|1700854256\n|switch|p2a: Pinsir|Pinsir, F|100\/100\n|turn|9\n|\n|t:|1700854262\n|detailschange|p2a: Pinsir|Pinsir-Mega, F\n|-mega|p2a: Pinsir|Pinsir|Pinsirite\n|move|p2a: Pinsir|Bulk Up|p2a: Pinsir\n|-boost|p2a: Pinsir|atk|1\n|-boost|p2a: Pinsir|def|1\n|move|p1a: Tyranitar|Earthquake|p2a: Pinsir\n|-immune|p2a: Pinsir\n|\n|-weather|Sandstorm|[upkeep]\n|-damage|p2a: Pinsir|95\/100|[from] Sandstorm\n|upkeep\n|turn|10\n|\n|t:|1700854278\n|move|p2a: Pinsir|Bulk Up|p2a: Pinsir\n|-boost|p2a: Pinsir|atk|1\n|-boost|p2a: Pinsir|def|1\n|move|p1a: Tyranitar|Crunch|p2a: Pinsir\n|-damage|p2a: Pinsir|75\/100\n|\n|-weather|Sandstorm|[upkeep]\n|-damage|p2a: Pinsir|70\/100|[from] Sandstorm\n|upkeep\n|turn|11\n|\n|t:|1700854293\n|move|p2a: Pinsir|Close Combat|p1a: Tyranitar\n|-supereffective|p1a: Tyranitar\n|-damage|p1a: Tyranitar|0 fnt\n|-unboost|p2a: Pinsir|def|1\n|-unboost|p2a: Pinsir|spd|1\n|faint|p1a: Tyranitar\n|\n|-weather|Sandstorm|[upkeep]\n|-damage|p2a: Pinsir|64\/100|[from] Sandstorm\n|upkeep\n|\n|t:|1700854306\n|switch|p1a: Clodsire|Clodsire, M|100\/100\n|-activate|p1a: Clodsire|move: Sticky Web\n|-unboost|p1a: Clodsire|spe|1\n|turn|12\n|\n|t:|1700854315\n|move|p2a: Pinsir|Return|p1a: Clodsire\n|-damage|p1a: Clodsire|19\/100\n|move|p1a: Clodsire|Toxic|p2a: Pinsir\n|-status|p2a: Pinsir|tox\n|\n|-weather|none\n|-heal|p1a: Clodsire|25\/100|[from] item: Leftovers\n|-damage|p2a: Pinsir|58\/100 tox|[from] psn\n|upkeep\n|turn|13\n|\n|t:|1700854330\n|move|p2a: Pinsir|Return|p1a: Clodsire\n|-damage|p1a: Clodsire|0 fnt\n|faint|p1a: Clodsire\n|\n|-damage|p2a: Pinsir|46\/100 tox|[from] psn\n|upkeep\n|\n|t:|1700854338\n|switch|p1a: Great Tusk|Great Tusk|100\/100\n|-activate|p1a: Great Tusk|move: Sticky Web\n|-unboost|p1a: Great Tusk|spe|1\n|turn|14\n|\n|t:|1700854348\n|move|p2a: Pinsir|Return|p1a: Great Tusk\n|-supereffective|p1a: Great Tusk\n|-damage|p1a: Great Tusk|0 fnt\n|-damage|p2a: Pinsir|29\/100 tox|[from] item: Rocky Helmet|[of] p1a: Great Tusk\n|faint|p1a: Great Tusk\n|-end|p1a: Great Tusk|Protosynthesis|[silent]\n|\n|-damage|p2a: Pinsir|12\/100 tox|[from] psn\n|upkeep\n|\n|t:|1700854357\n|switch|p1a: Sneasler|Sneasler, M|100\/100\n|-item|p1a: Sneasler|Air Balloon\n|turn|15\n|\n|t:|1700854363\n|move|p1a: Sneasler|Acrobatics|p2a: Pinsir\n|-supereffective|p2a: Pinsir\n|-damage|p2a: Pinsir|0 fnt\n|faint|p2a: Pinsir\n|\n|upkeep\n|\n|t:|1700854368\n|switch|p2a: Greninja|Greninja, M|100\/100\n|turn|16\n|\n|t:|1700854373\n|-terastallize|p2a: Greninja|Water\n|move|p2a: Greninja|Water Shuriken|p1a: Sneasler\n|-damage|p1a: Sneasler|88\/100\n|-enditem|p1a: Sneasler|Air Balloon\n|-damage|p1a: Sneasler|76\/100\n|-crit|p1a: Sneasler\n|-damage|p1a: Sneasler|58\/100\n|-damage|p1a: Sneasler|46\/100\n|-damage|p1a: Sneasler|35\/100\n|-hitcount|p1a: Sneasler|5\n|move|p1a: Sneasler|Close Combat|p2a: Greninja\n|-damage|p2a: Greninja|0 fnt\n|-unboost|p1a: Sneasler|def|1\n|-unboost|p1a: Sneasler|spd|1\n|faint|p2a: Greninja\n|\n|upkeep\n|\n|t:|1700854387\n|switch|p2a: Heatran|Heatran, F, shiny|100\/100\n|turn|17\n|\n|t:|1700854394\n|switch|p2a: Rillaboom|Rillaboom, M|100\/100\n|-fieldstart|move: Grassy Terrain|[from] ability: Grassy Surge|[of] p2a: Rillaboom\n|move|p1a: Sneasler|Close Combat|p2a: Rillaboom\n|-damage|p2a: Rillaboom|25\/100\n|-unboost|p1a: Sneasler|def|1\n|-unboost|p1a: Sneasler|spd|1\n|\n|-heal|p1a: Sneasler|41\/100|[from] Grassy Terrain\n|-heal|p2a: Rillaboom|31\/100|[from] Grassy Terrain\n|-heal|p2a: Rillaboom|37\/100|[from] item: Leftovers\n|upkeep\n|turn|18\n|\n|t:|1700854410\n|move|p2a: Rillaboom|Grassy Glide|p1a: Sneasler\n|-resisted|p1a: Sneasler\n|-damage|p1a: Sneasler|0 fnt\n|faint|p1a: Sneasler\n|\n|win|Yahar\n|raw|Desstroyer 0's rating: 1117 &rarr; <strong>1092<\/strong><br \/>(-25 for losing)\n|raw|Yahar's rating: 1115 &rarr; <strong>1140<\/strong><br \/>(+25 for winning)\n","uploadtime":1700854417,"views":9,"p1id":"desstroyer0","p2id":"yahar","formatid":"gen9nationaldex","rating":1092,"private":0,"password":""}