{"id":"gen9nationaldex-1989673379","p1":"ssssour","p2":"FireGym Virgil","format":"[Gen 9] National Dex","log":"|j|\u2606ssssour\n|j|\u2606FireGym Virgil\n|t:|1699885570\n|gametype|singles\n|player|p1|ssssour|pokemaniac|1106\n|player|p2|FireGym Virgil|blaine|1205\n|teamsize|p1|6\n|teamsize|p2|6\n|gen|9\n|tier|[Gen 9] National Dex\n|rated|\n|rule|HP Percentage Mod: HP is shown in percentages\n|rule|Endless Battle Clause: Forcing endless battles is banned\n|rule|OHKO Clause: OHKO moves are banned\n|rule|Evasion Clause: Evasion abilities, items, and moves are banned\n|rule|Evasion Abilities Clause: Evasion abilities are banned\n|rule|Evasion Items Clause: Evasion items are banned\n|rule|Evasion Moves Clause: Evasion moves are banned\n|rule|Species Clause: Limit one of each Pok\u00e9mon\n|rule|Sleep Clause Mod: Limit one foe put to sleep\n|clearpoke\n|poke|p1|Ariados, F|\n|poke|p1|Sigilyph, M|\n|poke|p1|Kingler, F|\n|poke|p1|Qwilfish-Hisui, F|\n|poke|p1|Yanmega, F|\n|poke|p1|Naclstack, M|\n|poke|p2|Charizard, F|\n|poke|p2|Infernape, M|\n|poke|p2|Talonflame, F|\n|poke|p2|Typhlosion, M|\n|poke|p2|Marowak-Alola, F|\n|poke|p2|Arcanine-Hisui, F|\n|teampreview\n|inactive|Battle timer is ON: inactive players will automatically lose when time's up. (requested by ssssour)\n|\n|t:|1699885576\n|start\n|switch|p1a: Ariados|Ariados, F, shiny|100\/100\n|switch|p2a: Marowak|Marowak-Alola, F|100\/100\n|turn|1\n|c|\u2606ssssour|you call yourself a fire gym\n|inactive|FireGym Virgil has 120 seconds left.\n|\n|t:|1699885606\n|move|p2a: Marowak|Flare Blitz|p1a: Ariados\n|-supereffective|p1a: Ariados\n|-enditem|p1a: Ariados|Focus Sash\n|-damage|p1a: Ariados|1\/100\n|-status|p1a: Ariados|brn\n|move|p1a: Ariados|Toxic Thread|p2a: Marowak\n|-unboost|p2a: Marowak|spe|1\n|-status|p2a: Marowak|psn\n|\n|-damage|p2a: Marowak|88\/100 psn|[from] psn\n|-damage|p1a: Ariados|0 fnt|[from] brn\n|faint|p1a: Ariados\n|upkeep\n|\n|t:|1699885611\n|switch|p1a: Qwilfish|Qwilfish-Hisui, F|100\/100\n|-ability|p1a: Qwilfish|Intimidate|boost\n|-unboost|p2a: Marowak|atk|1\n|turn|2\n|c|\u2606ssssour|severe lack of camerupt\n|inactive|FireGym Virgil has 120 seconds left.\n|\n|t:|1699885628\n|move|p1a: Qwilfish|Crunch|p2a: Marowak\n|-supereffective|p2a: Marowak\n|-damage|p2a: Marowak|25\/100 psn\n|move|p2a: Marowak|Flare Blitz|p1a: Qwilfish\n|-damage|p1a: Qwilfish|42\/100\n|\n|-damage|p2a: Marowak|13\/100 psn|[from] psn\n|upkeep\n|turn|3\n|\n|t:|1699885637\n|move|p1a: Qwilfish|Crunch|p2a: Marowak\n|-supereffective|p2a: Marowak\n|-damage|p2a: Marowak|0 fnt\n|faint|p2a: Marowak\n|\n|upkeep\n|inactive|FireGym Virgil has 120 seconds left.\n|\n|t:|1699885647\n|switch|p2a: Typhlosion|Typhlosion, M|100\/100\n|turn|4\n|\n|t:|1699885653\n|-terastallize|p2a: Typhlosion|Fire\n|move|p2a: Typhlosion|Eruption|p1a: Qwilfish\n|-damage|p1a: Qwilfish|0 fnt\n|faint|p1a: Qwilfish\n|\n|upkeep\n|\n|t:|1699885662\n|switch|p1a: Kingler|Kingler, F|100\/100\n|turn|5\n|\n|t:|1699885670\n|move|p2a: Typhlosion|Eruption|p1a: Kingler\n|-resisted|p1a: Kingler\n|-damage|p1a: Kingler|0 fnt\n|faint|p1a: Kingler\n|\n|upkeep\n|\n|t:|1699885675\n|switch|p1a: Naclstack|Naclstack, M|100\/100\n|turn|6\n|\n|t:|1699885682\n|move|p2a: Typhlosion|Eruption|p1a: Naclstack\n|-resisted|p1a: Naclstack\n|-crit|p1a: Naclstack\n|-damage|p1a: Naclstack|54\/100\n|move|p1a: Naclstack|Salt Cure|p2a: Typhlosion\n|-supereffective|p2a: Typhlosion\n|-damage|p2a: Typhlosion|76\/100\n|-start|p2a: Typhlosion|Salt Cure\n|\n|-damage|p2a: Typhlosion|64\/100|[from] Salt Cure\n|upkeep\n|turn|7\n|\n|t:|1699885689\n|move|p2a: Typhlosion|Eruption|p1a: Naclstack\n|-resisted|p1a: Naclstack\n|-damage|p1a: Naclstack|32\/100\n|move|p1a: Naclstack|Recover|p1a: Naclstack\n|-heal|p1a: Naclstack|82\/100\n|\n|-damage|p2a: Typhlosion|51\/100|[from] Salt Cure\n|upkeep\n|turn|8\n|\n|t:|1699885695\n|switch|p2a: Infernape|Infernape, M|100\/100\n|move|p1a: Naclstack|Iron Defense|p1a: Naclstack\n|-boost|p1a: Naclstack|def|2\n|\n|upkeep\n|turn|9\n|\n|t:|1699885699\n|move|p2a: Infernape|Focus Blast|p1a: Naclstack\n|-supereffective|p1a: Naclstack\n|-damage|p1a: Naclstack|7\/100\n|move|p1a: Naclstack|Iron Defense|p1a: Naclstack\n|-boost|p1a: Naclstack|def|2\n|\n|upkeep\n|turn|10\n|\n|t:|1699885707\n|move|p2a: Infernape|Vacuum Wave|p1a: Naclstack\n|-supereffective|p1a: Naclstack\n|-damage|p1a: Naclstack|0 fnt\n|faint|p1a: Naclstack\n|\n|upkeep\n|\n|t:|1699885709\n|switch|p1a: Mordecai|Sigilyph, M|100\/100\n|turn|11\n|\n|t:|1699885714\n|move|p2a: Infernape|Fire Blast|p1a: Mordecai\n|-damage|p1a: Mordecai|27\/100\n|move|p1a: Mordecai|Cosmic Power|p1a: Mordecai\n|-boost|p1a: Mordecai|def|1\n|-boost|p1a: Mordecai|spd|1\n|\n|upkeep\n|turn|12\n|\n|t:|1699885722\n|move|p2a: Infernape|Fire Blast|p1a: Mordecai|[miss]\n|-miss|p2a: Infernape|p1a: Mordecai\n|move|p1a: Mordecai|Stored Power|p2a: Infernape\n|-supereffective|p2a: Infernape\n|-damage|p2a: Infernape|16\/100\n|\n|upkeep\n|turn|13\n|n|!ssssour|ssssour\n|\n|t:|1699885729\n|move|p2a: Infernape|Fire Blast|p1a: Mordecai\n|-damage|p1a: Mordecai|0 fnt\n|faint|p1a: Mordecai\n|\n|upkeep\n|\n|t:|1699885732\n|switch|p1a: Yanmega|Yanmega, F|100\/100\n|turn|14\n|c|\u2606FireGym Virgil|Apologies for the lack of camerupt\n|\n|t:|1699885751\n|move|p1a: Yanmega|Endure|p1a: Yanmega\n|-singleturn|p1a: Yanmega|move: Endure\n|move|p2a: Infernape|Fire Blast|p1a: Yanmega\n|-supereffective|p1a: Yanmega\n|-activate|p1a: Yanmega|move: Endure\n|-damage|p1a: Yanmega|1\/100\n|-enditem|p1a: Yanmega|Weakness Policy\n|-boost|p1a: Yanmega|atk|2|[from] item: Weakness Policy\n|-boost|p1a: Yanmega|spa|2|[from] item: Weakness Policy\n|\n|-ability|p1a: Yanmega|Speed Boost|boost\n|-boost|p1a: Yanmega|spe|1\n|upkeep\n|turn|15\n|\n|t:|1699885763\n|move|p2a: Infernape|Vacuum Wave|p1a: Yanmega\n|-resisted|p1a: Yanmega\n|-damage|p1a: Yanmega|0 fnt\n|faint|p1a: Yanmega\n|\n|win|FireGym Virgil\n|raw|ssssour's rating: 1106 &rarr; <strong>1088<\/strong><br \/>(-18 for losing)\n|raw|FireGym Virgil's rating: 1205 &rarr; <strong>1223<\/strong><br \/>(+18 for winning)\n","uploadtime":1699885730,"views":5,"p1id":"ssssour","p2id":"firegymvirgil","formatid":"gen9nationaldex","rating":1088,"private":0,"password":""}