{"id":"gen9nationaldex-1997983374","p1":"sylwcjxiada","p2":"Yaackrotom12","format":"[Gen 9] National Dex","log":"|html|<div class=\"broadcast-blue\"><strong>[Gen 9] National Dex is currently suspecting Sneasler! For information on how to participate check out the <a href=\"https:\/\/www.smogon.com\/forums\/threads\/sv-national-dex-suspect-8-just-dance.3731534\/\">suspect thread<\/a>.<\/strong><\/div>\n|j|\u2606sylwcjxiada\n|j|\u2606Yaackrotom12\n|t:|1700875248\n|gametype|singles\n|player|p1|sylwcjxiada|2|1155\n|player|p2|Yaackrotom12|scientistf|1112\n|teamsize|p1|6\n|teamsize|p2|6\n|gen|9\n|tier|[Gen 9] National Dex\n|rated|\n|rule|HP Percentage Mod: HP is shown in percentages\n|rule|Endless Battle Clause: Forcing endless battles is banned\n|rule|OHKO Clause: OHKO moves are banned\n|rule|Evasion Clause: Evasion abilities, items, and moves are banned\n|rule|Evasion Abilities Clause: Evasion abilities are banned\n|rule|Evasion Items Clause: Evasion items are banned\n|rule|Evasion Moves Clause: Evasion moves are banned\n|rule|Species Clause: Limit one of each Pok\u00e9mon\n|rule|Sleep Clause Mod: Limit one foe put to sleep\n|clearpoke\n|poke|p1|Infernape, M|\n|poke|p1|Scizor, M|\n|poke|p1|Golbat, M|\n|poke|p1|Medicham, M|\n|poke|p1|Tapu Lele|\n|poke|p1|Dragonite, M|\n|poke|p2|Sceptile, M|\n|poke|p2|Xurkitree|\n|poke|p2|Zapdos-Galar|\n|poke|p2|Arctovish|\n|poke|p2|Aurorus, M|\n|poke|p2|Kyurem|\n|teampreview\n|\n|t:|1700875253\n|start\n|switch|p1a: \u8870\u7334|Infernape, M|100\/100\n|switch|p2a: Aurorus|Aurorus, M|100\/100\n|-weather|Snow|[from] ability: Snow Warning|[of] p2a: Aurorus\n|turn|1\n|l|\u2606sylwcjxiada\n|player|p1|\n|inactive|Battle timer is ON: inactive players will automatically lose when time's up. (requested by Yaackrotom12)\n|j|\u2606sylwcjxiada\n|inactive|sylwcjxiada reconnected and has 150 seconds left.\n|player|p1|sylwcjxiada|2\n|inactiveoff|Battle timer is now OFF.\n|\n|t:|1700875291\n|switch|p2a: Zapdos|Zapdos-Galar|100\/100\n|move|p1a: \u8870\u7334|Stealth Rock|p2a: Zapdos\n|-sidestart|p2: Yaackrotom12|move: Stealth Rock\n|\n|-weather|Snow|[upkeep]\n|upkeep\n|turn|2\n|\n|t:|1700875299\n|move|p1a: \u8870\u7334|Acrobatics|p2a: Zapdos\n|-supereffective|p2a: Zapdos\n|-damage|p2a: Zapdos|63\/100\n|move|p2a: Zapdos|Thunderous Kick|p1a: \u8870\u7334\n|-damage|p1a: \u8870\u7334|3\/100\n|-unboost|p1a: \u8870\u7334|def|1\n|\n|-weather|Snow|[upkeep]\n|upkeep\n|turn|3\n|\n|t:|1700875316\n|move|p1a: \u8870\u7334|Overheat|p2a: Zapdos\n|-crit|p2a: Zapdos\n|-damage|p2a: Zapdos|0 fnt\n|-unboost|p1a: \u8870\u7334|spa|2\n|faint|p2a: Zapdos\n|\n|-weather|Snow|[upkeep]\n|upkeep\n|\n|t:|1700875321\n|switch|p2a: Aurorus|Aurorus, M|100\/100\n|-damage|p2a: Aurorus|76\/100|[from] Stealth Rock\n|turn|4\n|\n|t:|1700875327\n|move|p1a: \u8870\u7334|Close Combat|p2a: Aurorus\n|-supereffective|p2a: Aurorus\n|-damage|p2a: Aurorus|0 fnt\n|-unboost|p1a: \u8870\u7334|def|1\n|-unboost|p1a: \u8870\u7334|spd|1\n|faint|p2a: Aurorus\n|\n|-weather|Snow|[upkeep]\n|upkeep\n|inactive|Battle timer is ON: inactive players will automatically lose when time's up. (requested by sylwcjxiada)\n|\n|t:|1700875382\n|switch|p2a: Sceptile|Sceptile, M|100\/100\n|-damage|p2a: Sceptile|88\/100|[from] Stealth Rock\n|turn|5\n|\n|t:|1700875410\n|detailschange|p2a: Sceptile|Sceptile-Mega, M\n|-mega|p2a: Sceptile|Sceptile|Sceptilite\n|move|p2a: Sceptile|Dragon Pulse|p1a: \u8870\u7334\n|-damage|p1a: \u8870\u7334|0 fnt\n|faint|p1a: \u8870\u7334\n|\n|-weather|none\n|upkeep\n|\n|t:|1700875418\n|switch|p1a: Golbat|Golbat, M|100\/100\n|turn|6\n|inactive|Yaackrotom12 has 120 seconds left.\n|\n|t:|1700875462\n|switch|p2a: Xurkitree|Xurkitree|100\/100\n|-damage|p2a: Xurkitree|88\/100|[from] Stealth Rock\n|move|p1a: Golbat|Tailwind|p1a: Golbat\n|-sidestart|p1: sylwcjxiada|move: Tailwind\n|\n|upkeep\n|turn|7\n|\n|t:|1700875471\n|move|p1a: Golbat|U-turn|p2a: Xurkitree\n|-damage|p2a: Xurkitree|67\/100\n|\n|t:|1700875474\n|switch|p1a: Medicham|Medicham, M, shiny|100\/100|[from] U-turn\n|move|p2a: Xurkitree|Thunder|p1a: Medicham\n|-damage|p1a: Medicham|0 fnt\n|faint|p1a: Medicham\n|-ability|p2a: Xurkitree|Beast Boost|boost\n|-boost|p2a: Xurkitree|spa|1\n|\n|upkeep\n|\n|t:|1700875486\n|switch|p1a: Tapu Lele|Tapu Lele, shiny|100\/100\n|-fieldstart|move: Psychic Terrain|[from] ability: Psychic Surge|[of] p1a: Tapu Lele\n|turn|8\n|\n|t:|1700875490\n|-terastallize|p1a: Tapu Lele|Psychic\n|move|p1a: Tapu Lele|Psychic|p2a: Xurkitree\n|-damage|p2a: Xurkitree|0 fnt\n|faint|p2a: Xurkitree\n|\n|upkeep\n|\n|t:|1700875496\n|switch|p2a: Sceptile|Sceptile-Mega, M|88\/100\n|-damage|p2a: Sceptile|76\/100|[from] Stealth Rock\n|turn|9\n|\n|t:|1700875501\n|move|p1a: Tapu Lele|Psychic|p2a: Sceptile\n|-damage|p2a: Sceptile|0 fnt\n|faint|p2a: Sceptile\n|\n|-sideend|p1: sylwcjxiada|move: Tailwind\n|upkeep\n|\n|t:|1700875503\n|switch|p2a: Arctovish|Arctovish|100\/100\n|-damage|p2a: Arctovish|76\/100|[from] Stealth Rock\n|turn|10\n|\n|t:|1700875509\n|move|p1a: Tapu Lele|Psychic|p2a: Arctovish\n|-damage|p2a: Arctovish|0 fnt\n|faint|p2a: Arctovish\n|\n|upkeep\n|\n|t:|1700875517\n|switch|p2a: Kyurem|Kyurem|100\/100\n|-damage|p2a: Kyurem|76\/100|[from] Stealth Rock\n|-ability|p2a: Kyurem|Pressure\n|turn|11\n|\n|t:|1700875522\n|move|p1a: Tapu Lele|Psychic|p2a: Kyurem\n|-damage|p2a: Kyurem|0 fnt\n|faint|p2a: Kyurem\n|\n|win|sylwcjxiada\n|raw|sylwcjxiada's rating: 1155 &rarr; <strong>1177<\/strong><br \/>(+22 for winning)\n|raw|Yaackrotom12's rating: 1112 &rarr; <strong>1090<\/strong><br \/>(-22 for losing)\n|l|\u2606Yaackrotom12\n","uploadtime":1700875528,"views":10,"p1id":"sylwcjxiada","p2id":"yaackrotom12","formatid":"gen9nationaldex","rating":1090,"private":0,"password":""}