{"id":"gen9nationaldex-1988857421","p1":"ToxicIDK","p2":"AminitraboTTT","format":"[Gen 9] National Dex","log":"|j|\u2606ToxicIDK\n|j|\u2606AminitraboTTT\n|t:|1699775061\n|gametype|singles\n|player|p1|ToxicIDK|allister|\n|player|p2|AminitraboTTT|supernerd|\n|teamsize|p1|6\n|teamsize|p2|6\n|gen|9\n|tier|[Gen 9] National Dex\n|rule|HP Percentage Mod: HP is shown in percentages\n|rule|Endless Battle Clause: Forcing endless battles is banned\n|rule|OHKO Clause: OHKO moves are banned\n|rule|Evasion Clause: Evasion abilities, items, and moves are banned\n|rule|Evasion Abilities Clause: Evasion abilities are banned\n|rule|Evasion Items Clause: Evasion items are banned\n|rule|Evasion Moves Clause: Evasion moves are banned\n|rule|Species Clause: Limit one of each Pok\u00e9mon\n|rule|Sleep Clause Mod: Limit one foe put to sleep\n|clearpoke\n|poke|p1|Meowscarada, F|\n|poke|p1|Blaziken, M|\n|poke|p1|Weavile, M|\n|poke|p1|Sylveon, F|\n|poke|p1|Klefki, F|\n|poke|p1|Swampert, M|\n|poke|p2|Tapu Koko|\n|poke|p2|Iron Valiant|\n|poke|p2|Hawlucha, M|\n|poke|p2|Iron Moth|\n|poke|p2|Landorus-Therian, M|\n|poke|p2|Scizor, M|\n|teampreview\n|c|\u2606AminitraboTTT|Hola, soy AminitraboTTT, el bot de la sala Espa\u00f1ol. gl hf\n|inactive|Battle timer is ON: inactive players will automatically lose when time's up. (requested by AminitraboTTT)\n|inactive|ToxicIDK also wants the timer to be on.\n|inactive|ToxicIDK no longer wants the timer on, but the timer is staying on because aminitrabottt still does.\n|\n|t:|1699775082\n|start\n|switch|p1a: Swampert|Swampert, M|100\/100\n|switch|p2a: Hawlucha|Hawlucha, M|100\/100\n|turn|1\n|\n|t:|1699775089\n|move|p2a: Hawlucha|Close Combat|p1a: Swampert\n|-damage|p1a: Swampert|43\/100\n|-unboost|p2a: Hawlucha|def|1\n|-unboost|p2a: Hawlucha|spd|1\n|move|p1a: Swampert|Bulk Up|p1a: Swampert\n|-boost|p1a: Swampert|atk|1\n|-boost|p1a: Swampert|def|1\n|\n|-heal|p1a: Swampert|49\/100|[from] item: Leftovers\n|upkeep\n|turn|2\n|\n|t:|1699775103\n|-terastallize|p2a: Hawlucha|Steel\n|-terastallize|p1a: Swampert|Poison\n|move|p2a: Hawlucha|Close Combat|p1a: Swampert\n|-resisted|p1a: Swampert\n|-damage|p1a: Swampert|32\/100\n|-unboost|p2a: Hawlucha|def|1\n|-unboost|p2a: Hawlucha|spd|1\n|move|p1a: Swampert|Bulk Up|p1a: Swampert\n|-boost|p1a: Swampert|atk|1\n|-boost|p1a: Swampert|def|1\n|\n|-heal|p1a: Swampert|38\/100|[from] item: Leftovers\n|upkeep\n|turn|3\n|\n|t:|1699775114\n|switch|p2a: Scizor|Scizor, M|100\/100\n|move|p1a: Swampert|Liquidation|p2a: Scizor\n|-damage|p2a: Scizor|16\/100\n|\n|-heal|p1a: Swampert|44\/100|[from] item: Leftovers\n|upkeep\n|turn|4\n|\n|t:|1699775126\n|detailschange|p2a: Scizor|Scizor-Mega, M\n|-mega|p2a: Scizor|Scizor|Scizorite\n|move|p2a: Scizor|Bullet Punch|p1a: Swampert\n|-damage|p1a: Swampert|23\/100\n|move|p1a: Swampert|Bulk Up|p1a: Swampert\n|-boost|p1a: Swampert|atk|1\n|-boost|p1a: Swampert|def|1\n|\n|-heal|p1a: Swampert|29\/100|[from] item: Leftovers\n|upkeep\n|turn|5\n|\n|t:|1699775130\n|switch|p2a: Hawlucha|Hawlucha, M, tera:Steel|100\/100\n|move|p1a: Swampert|Rest|p1a: Swampert\n|-status|p1a: Swampert|slp|[from] move: Rest\n|-heal|p1a: Swampert|100\/100 slp|[silent]\n|\n|upkeep\n|turn|6\n|\n|t:|1699775133\n|switch|p2a: Scizor|Scizor-Mega, M|16\/100\n|cant|p1a: Swampert|slp\n|move|p1a: Swampert|Sleep Talk|p1a: Swampert\n|move|p1a: Swampert|Liquidation|p2a: Scizor|[from]move: Sleep Talk\n|-damage|p2a: Scizor|0 fnt\n|faint|p2a: Scizor\n|\n|upkeep\n|\n|t:|1699775133\n|switch|p2a: Hawlucha|Hawlucha, M, tera:Steel|100\/100\n|turn|7\n|\n|t:|1699775143\n|switch|p2a: Landorus|Landorus-Therian, M|100\/100\n|-ability|p2a: Landorus|Intimidate|boost\n|-unboost|p1a: Swampert|atk|1\n|cant|p1a: Swampert|slp\n|move|p1a: Swampert|Sleep Talk|p1a: Swampert\n|move|p1a: Swampert|Liquidation|p2a: Landorus|[from]move: Sleep Talk\n|-supereffective|p2a: Landorus\n|-damage|p2a: Landorus|0 fnt\n|faint|p2a: Landorus\n|\n|upkeep\n|\n|t:|1699775143\n|switch|p2a: Hawlucha|Hawlucha, M, tera:Steel|100\/100\n|turn|8\n|\n|t:|1699775158\n|switch|p2a: Iron Moth|Iron Moth|100\/100\n|-curestatus|p1a: Swampert|slp|[msg]\n|move|p1a: Swampert|Liquidation|p2a: Iron Moth\n|-supereffective|p2a: Iron Moth\n|-crit|p2a: Iron Moth\n|-damage|p2a: Iron Moth|0 fnt\n|faint|p2a: Iron Moth\n|-end|p2a: Iron Moth|Quark Drive|[silent]\n|\n|upkeep\n|\n|t:|1699775158\n|switch|p2a: Hawlucha|Hawlucha, M, tera:Steel|100\/100\n|turn|9\n|\n|t:|1699775168\n|move|p2a: Hawlucha|Close Combat|p1a: Swampert\n|-resisted|p1a: Swampert\n|-damage|p1a: Swampert|89\/100\n|-unboost|p2a: Hawlucha|def|1\n|-unboost|p2a: Hawlucha|spd|1\n|move|p1a: Swampert|Liquidation|p2a: Hawlucha\n|-damage|p2a: Hawlucha|0 fnt\n|faint|p2a: Hawlucha\n|\n|-heal|p1a: Swampert|95\/100|[from] item: Leftovers\n|upkeep\n|\n|t:|1699775168\n|switch|p2a: Iron Valiant|Iron Valiant|100\/100\n|turn|10\n|\n|t:|1699775183\n|move|p2a: Iron Valiant|Psyshock|p1a: Swampert\n|-supereffective|p1a: Swampert\n|-damage|p1a: Swampert|69\/100\n|-damage|p2a: Iron Valiant|91\/100|[from] item: Life Orb\n|move|p1a: Swampert|Liquidation|p2a: Iron Valiant\n|-damage|p2a: Iron Valiant|0 fnt\n|faint|p2a: Iron Valiant\n|-end|p2a: Iron Valiant|Quark Drive|[silent]\n|\n|-heal|p1a: Swampert|75\/100|[from] item: Leftovers\n|upkeep\n|\n|t:|1699775183\n|switch|p2a: Tapu Koko|Tapu Koko|100\/100\n|-fieldstart|move: Electric Terrain|[from] ability: Electric Surge|[of] p2a: Tapu Koko\n|turn|11\n|\n|t:|1699775194\n|move|p2a: Tapu Koko|Thunderbolt|p1a: Swampert\n|-damage|p1a: Swampert|38\/100\n|move|p1a: Swampert|Liquidation|p2a: Tapu Koko\n|-damage|p2a: Tapu Koko|0 fnt\n|faint|p2a: Tapu Koko\n|\n|win|ToxicIDK\n|c|\u2606AminitraboTTT|gg\n|l|\u2606AminitraboTTT\n|c|\u2606ToxicIDK|gg\n","uploadtime":1699775211,"views":5,"p1id":"toxicidk","p2id":"aminitrabottt","formatid":"gen9nationaldex","rating":0,"private":0,"password":""}