{"id":"gen9nationaldex-1999501218","p1":"AesirEcho","p2":"Bulka4000","format":"[Gen 9] National Dex","log":"|html|<div class=\"broadcast-blue\"><strong>[Gen 9] National Dex is currently suspecting Sneasler! For information on how to participate check out the <a href=\"https:\/\/www.smogon.com\/forums\/threads\/sv-national-dex-suspect-8-just-dance.3731534\/\">suspect thread<\/a>.<\/strong><\/div>\n|j|\u2606AesirEcho\n|j|\u2606Bulka4000\n|t:|1701089645\n|gametype|singles\n|player|p1|AesirEcho|ethan-masters|\n|player|p2|Bulka4000|265|\n|teamsize|p1|6\n|teamsize|p2|6\n|gen|9\n|tier|[Gen 9] National Dex\n|rule|HP Percentage Mod: HP is shown in percentages\n|rule|Endless Battle Clause: Forcing endless battles is banned\n|rule|OHKO Clause: OHKO moves are banned\n|rule|Evasion Clause: Evasion abilities, items, and moves are banned\n|rule|Evasion Abilities Clause: Evasion abilities are banned\n|rule|Evasion Items Clause: Evasion items are banned\n|rule|Evasion Moves Clause: Evasion moves are banned\n|rule|Species Clause: Limit one of each Pok\u00e9mon\n|rule|Sleep Clause Mod: Limit one foe put to sleep\n|clearpoke\n|poke|p1|Kyurem|\n|poke|p1|Lopunny, M|\n|poke|p1|Samurott-Hisui, F|\n|poke|p1|Slowking-Galar, F|\n|poke|p1|Heatran, F|\n|poke|p1|Landorus-Therian, M|\n|poke|p2|Gengar, F|\n|poke|p2|Zamazenta-*|\n|poke|p2|Garchomp, M|\n|poke|p2|Ting-Lu|\n|poke|p2|Skeledirge, F|\n|poke|p2|Rotom-Wash|\n|teampreview\n|\n|t:|1701089659\n|start\n|switch|p1a: Rixator|Lopunny, M|100\/100\n|switch|p2a: Zamazenta|Zamazenta|100\/100\n|-ability|p2a: Zamazenta|Dauntless Shield|boost\n|-boost|p2a: Zamazenta|def|1\n|turn|1\n|\n|t:|1701089670\n|detailschange|p1a: Rixator|Lopunny-Mega, M\n|-mega|p1a: Rixator|Lopunny|Lopunnite\n|move|p1a: Rixator|Fake Out|p2a: Zamazenta\n|-damage|p2a: Zamazenta|86\/100\n|cant|p2a: Zamazenta|flinch\n|\n|upkeep\n|turn|2\n|\n|t:|1701089676\n|switch|p1a: Stella Pulvis|Slowking-Galar, F|100\/100\n|move|p2a: Zamazenta|Close Combat|p1a: Stella Pulvis\n|-resisted|p1a: Stella Pulvis\n|-damage|p1a: Stella Pulvis|86\/100\n|-unboost|p2a: Zamazenta|def|1\n|-unboost|p2a: Zamazenta|spd|1\n|\n|upkeep\n|turn|3\n|\n|t:|1701089709\n|move|p2a: Zamazenta|Crunch|p1a: Stella Pulvis\n|-supereffective|p1a: Stella Pulvis\n|-damage|p1a: Stella Pulvis|29\/100\n|move|p1a: Stella Pulvis|Future Sight|p2a: Zamazenta\n|-start|p1a: Stella Pulvis|move: Future Sight\n|\n|upkeep\n|turn|4\n|\n|t:|1701089715\n|switch|p1a: Victor Mare|Samurott-Hisui, F|100\/100\n|move|p2a: Zamazenta|Wild Charge|p1a: Victor Mare\n|-supereffective|p1a: Victor Mare\n|-damage|p1a: Victor Mare|21\/100\n|-damage|p2a: Zamazenta|67\/100|[from] Recoil\n|\n|upkeep\n|turn|5\n|\n|t:|1701089730\n|move|p1a: Victor Mare|Razor Shell|p2a: Zamazenta\n|-damage|p2a: Zamazenta|15\/100\n|-unboost|p2a: Zamazenta|def|1\n|-enditem|p2a: Zamazenta|Aguav Berry|[eat]\n|-heal|p2a: Zamazenta|48\/100|[from] item: Aguav Berry\n|move|p2a: Zamazenta|Crunch|p1a: Victor Mare\n|-resisted|p1a: Victor Mare\n|-damage|p1a: Victor Mare|5\/100\n|\n|-end|p2a: Zamazenta|move: Future Sight\n|-supereffective|p2a: Zamazenta\n|-damage|p2a: Zamazenta|0 fnt\n|faint|p2a: Zamazenta\n|upkeep\n|\n|t:|1701089750\n|switch|p2a: Rotom|Rotom-Wash|100\/100\n|turn|6\n|\n|t:|1701089774\n|switch|p1a: Gelida Vagus|Kyurem|100\/100\n|-ability|p1a: Gelida Vagus|Pressure\n|move|p2a: Rotom|Hydro Pump|p1a: Gelida Vagus\n|-resisted|p1a: Gelida Vagus\n|-damage|p1a: Gelida Vagus|83\/100\n|\n|upkeep\n|turn|7\n|\n|t:|1701089785\n|move|p1a: Gelida Vagus|Substitute|p1a: Gelida Vagus\n|-start|p1a: Gelida Vagus|Substitute\n|-damage|p1a: Gelida Vagus|59\/100\n|move|p2a: Rotom|Will-O-Wisp||[still]\n|-fail|p2a: Rotom\n|\n|upkeep\n|turn|8\n|\n|t:|1701089794\n|move|p1a: Gelida Vagus|Freeze-Dry|p2a: Rotom\n|-supereffective|p2a: Rotom\n|-damage|p2a: Rotom|22\/100\n|move|p2a: Rotom|Hydro Pump|p1a: Gelida Vagus\n|-resisted|p1a: Gelida Vagus\n|-activate|p1a: Gelida Vagus|move: Substitute|[damage]\n|\n|-heal|p2a: Rotom|28\/100|[from] item: Leftovers\n|upkeep\n|turn|9\n|\n|t:|1701089802\n|move|p1a: Gelida Vagus|Roost|p1a: Gelida Vagus\n|-heal|p1a: Gelida Vagus|100\/100\n|-singleturn|p1a: Gelida Vagus|move: Roost\n|move|p2a: Rotom|Volt Switch|p1a: Gelida Vagus\n|-resisted|p1a: Gelida Vagus\n|-end|p1a: Gelida Vagus|Substitute\n|\n|t:|1701089816\n|switch|p2a: Garchomp|Garchomp, M|100\/100|[from] Volt Switch\n|\n|upkeep\n|turn|10\n|\n|t:|1701089825\n|switch|p1a: Dominus Terrae|Landorus-Therian, M|100\/100\n|-ability|p1a: Dominus Terrae|Intimidate|boost\n|-unboost|p2a: Garchomp|atk|1\n|-terastallize|p2a: Garchomp|Water\n|move|p2a: Garchomp|Swords Dance|p2a: Garchomp\n|-boost|p2a: Garchomp|atk|2\n|\n|upkeep\n|turn|11\n|\n|t:|1701089834\n|move|p2a: Garchomp|Dragon Claw|p1a: Dominus Terrae\n|-damage|p1a: Dominus Terrae|55\/100\n|move|p1a: Dominus Terrae|Toxic|p2a: Garchomp\n|-status|p2a: Garchomp|tox\n|\n|-heal|p1a: Dominus Terrae|61\/100|[from] item: Leftovers\n|-damage|p2a: Garchomp|94\/100 tox|[from] psn\n|upkeep\n|turn|12\n|\n|t:|1701089843\n|move|p2a: Garchomp|Dragon Claw|p1a: Dominus Terrae\n|-damage|p1a: Dominus Terrae|19\/100\n|move|p1a: Dominus Terrae|Earthquake|p2a: Garchomp\n|-damage|p2a: Garchomp|50\/100 tox\n|\n|-heal|p1a: Dominus Terrae|25\/100|[from] item: Leftovers\n|-damage|p2a: Garchomp|38\/100 tox|[from] psn\n|upkeep\n|turn|13\n|\n|t:|1701089860\n|move|p2a: Garchomp|Dragon Claw|p1a: Dominus Terrae\n|-damage|p1a: Dominus Terrae|0 fnt\n|faint|p1a: Dominus Terrae\n|\n|-damage|p2a: Garchomp|20\/100 tox|[from] psn\n|upkeep\n|\n|t:|1701089862\n|switch|p1a: Victor Mare|Samurott-Hisui, F|5\/100\n|turn|14\n|\n|t:|1701089869\n|move|p1a: Victor Mare|Sacred Sword|p2a: Garchomp\n|-damage|p2a: Garchomp|0 fnt\n|-damage|p1a: Victor Mare|0 fnt|[from] ability: Rough Skin|[of] p2a: Garchomp\n|faint|p2a: Garchomp\n|faint|p1a: Victor Mare\n|\n|upkeep\n|\n|t:|1701089879\n|switch|p2a: Ting-Lu|Ting-Lu|100\/100\n|switch|p1a: Rixator|Lopunny-Mega, M|100\/100\n|-ability|p2a: Ting-Lu|Vessel of Ruin\n|turn|15\n|\n|t:|1701089886\n|move|p1a: Rixator|Fake Out|p2a: Ting-Lu\n|-damage|p2a: Ting-Lu|88\/100\n|cant|p2a: Ting-Lu|flinch\n|\n|-heal|p2a: Ting-Lu|94\/100|[from] item: Leftovers\n|upkeep\n|turn|16\n|\n|t:|1701089895\n|move|p1a: Rixator|U-turn|p2a: Ting-Lu\n|-supereffective|p2a: Ting-Lu\n|-damage|p2a: Ting-Lu|65\/100\n|\n|t:|1701089898\n|switch|p1a: Gelida Vagus|Kyurem|100\/100|[from] U-turn\n|-ability|p1a: Gelida Vagus|Pressure\n|move|p2a: Ting-Lu|Whirlwind|p1a: Gelida Vagus\n|drag|p1a: Mantichora|Heatran, F|100\/100\n|\n|-heal|p2a: Ting-Lu|71\/100|[from] item: Leftovers\n|upkeep\n|turn|17\n|\n|t:|1701089922\n|switch|p1a: Rixator|Lopunny-Mega, M|100\/100\n|move|p2a: Ting-Lu|Earthquake|p1a: Rixator\n|-damage|p1a: Rixator|49\/100\n|\n|-heal|p2a: Ting-Lu|78\/100|[from] item: Leftovers\n|upkeep\n|turn|18\n|\n|t:|1701089934\n|move|p1a: Rixator|Fake Out|p2a: Ting-Lu\n|-damage|p2a: Ting-Lu|66\/100\n|cant|p2a: Ting-Lu|flinch\n|\n|-heal|p2a: Ting-Lu|73\/100|[from] item: Leftovers\n|upkeep\n|turn|19\n|\n|t:|1701089942\n|switch|p2a: Gengar|Gengar, F|100\/100\n|move|p1a: Rixator|U-turn|p2a: Gengar\n|-resisted|p2a: Gengar\n|-damage|p2a: Gengar|88\/100\n|-start|p1a: Rixator|Disable|U-turn|[from] ability: Cursed Body|[of] p2a: Gengar\n|\n|t:|1701089949\n|switch|p1a: Gelida Vagus|Kyurem|100\/100|[from] U-turn\n|-ability|p1a: Gelida Vagus|Pressure\n|\n|upkeep\n|turn|20\n|\n|t:|1701089957\n|-terastallize|p1a: Gelida Vagus|Steel\n|move|p2a: Gengar|Trick|p1a: Gelida Vagus\n|-activate|p2a: Gengar|move: Trick|[of] p1a: Gelida Vagus\n|-item|p1a: Gelida Vagus|Choice Scarf|[from] move: Trick\n|-item|p2a: Gengar|Heavy-Duty Boots|[from] move: Trick\n|move|p1a: Gelida Vagus|Substitute|p1a: Gelida Vagus\n|-start|p1a: Gelida Vagus|Substitute\n|-damage|p1a: Gelida Vagus|76\/100\n|\n|upkeep\n|turn|21\n|\n|t:|1701089967\n|switch|p1a: Rixator|Lopunny-Mega, M|49\/100\n|move|p2a: Gengar|Nasty Plot|p2a: Gengar\n|-boost|p2a: Gengar|spa|2\n|\n|upkeep\n|turn|22\n|\n|t:|1701089976\n|move|p1a: Rixator|Fake Out|p2a: Gengar\n|-damage|p2a: Gengar|48\/100\n|cant|p2a: Gengar|flinch\n|\n|upkeep\n|turn|23\n|\n|t:|1701089983\n|switch|p2a: Skeledirge|Skeledirge, F|100\/100\n|move|p1a: Rixator|Close Combat|p2a: Skeledirge\n|-damage|p2a: Skeledirge|63\/100\n|-unboost|p1a: Rixator|def|1\n|-unboost|p1a: Rixator|spd|1\n|\n|upkeep\n|turn|24\n|\n|t:|1701089992\n|move|p1a: Rixator|U-turn|p2a: Skeledirge\n|-resisted|p2a: Skeledirge\n|-damage|p2a: Skeledirge|59\/100\n|\n|t:|1701089996\n|switch|p1a: Mantichora|Heatran, F|100\/100|[from] U-turn\n|move|p2a: Skeledirge|Will-O-Wisp|p1a: Mantichora\n|-start|p1a: Mantichora|ability: Flash Fire\n|\n|upkeep\n|turn|25\n|\n|t:|1701090005\n|move|p1a: Mantichora|Magma Storm|p2a: Skeledirge|[miss]\n|-miss|p1a: Mantichora|p2a: Skeledirge\n|move|p2a: Skeledirge|Hex|p1a: Mantichora\n|-damage|p1a: Mantichora|84\/100\n|\n|-heal|p1a: Mantichora|90\/100|[from] item: Leftovers\n|upkeep\n|turn|26\n|\n|t:|1701090014\n|move|p1a: Mantichora|Earth Power|p2a: Skeledirge\n|-supereffective|p2a: Skeledirge\n|-damage|p2a: Skeledirge|7\/100\n|move|p2a: Skeledirge|Slack Off|p2a: Skeledirge\n|-heal|p2a: Skeledirge|57\/100\n|\n|-heal|p1a: Mantichora|97\/100|[from] item: Leftovers\n|upkeep\n|turn|27\n|\n|t:|1701090023\n|switch|p2a: Rotom|Rotom-Wash|28\/100\n|move|p1a: Mantichora|Taunt|p2a: Rotom\n|-start|p2a: Rotom|move: Taunt\n|\n|-heal|p2a: Rotom|34\/100|[from] item: Leftovers\n|-heal|p1a: Mantichora|100\/100|[from] item: Leftovers\n|upkeep\n|turn|28\n|\n|t:|1701090033\n|-end|p1a: Mantichora|ability: Flash Fire|[silent]\n|switch|p1a: Gelida Vagus|Kyurem, tera:Steel|76\/100\n|-ability|p1a: Gelida Vagus|Pressure\n|move|p2a: Rotom|Hydro Pump|p1a: Gelida Vagus\n|-crit|p1a: Gelida Vagus\n|-damage|p1a: Gelida Vagus|24\/100\n|\n|-heal|p2a: Rotom|40\/100|[from] item: Leftovers\n|upkeep\n|turn|29\n|\n|t:|1701090046\n|move|p1a: Gelida Vagus|Freeze-Dry|p2a: Rotom\n|-supereffective|p2a: Rotom\n|-damage|p2a: Rotom|0 fnt\n|faint|p2a: Rotom\n|\n|upkeep\n|\n|t:|1701090055\n|switch|p2a: Gengar|Gengar, F|48\/100\n|turn|30\n|\n|t:|1701090063\n|move|p1a: Gelida Vagus|Freeze-Dry|p2a: Gengar\n|-damage|p2a: Gengar|0 fnt\n|-start|p1a: Gelida Vagus|Disable|Freeze-Dry|[from] ability: Cursed Body|[of] p2a: Gengar\n|faint|p2a: Gengar\n|\n|upkeep\n|\n|t:|1701090071\n|switch|p2a: Skeledirge|Skeledirge, F|57\/100\n|turn|31\n|\n|t:|1701090075\n|switch|p1a: Mantichora|Heatran, F|100\/100\n|move|p2a: Skeledirge|Torch Song|p1a: Mantichora\n|-start|p1a: Mantichora|ability: Flash Fire\n|\n|upkeep\n|turn|32\n|\n|t:|1701090084\n|switch|p2a: Ting-Lu|Ting-Lu|73\/100\n|-ability|p2a: Ting-Lu|Vessel of Ruin\n|move|p1a: Mantichora|Magma Storm|p2a: Ting-Lu\n|-damage|p2a: Ting-Lu|45\/100\n|-activate|p2a: Ting-Lu|move: Magma Storm|[of] p1a: Mantichora\n|\n|-heal|p2a: Ting-Lu|51\/100|[from] item: Leftovers\n|-damage|p2a: Ting-Lu|39\/100|[from] move: Magma Storm|[partiallytrapped]\n|upkeep\n|turn|33\n|\n|t:|1701090095\n|-end|p1a: Mantichora|ability: Flash Fire|[silent]\n|switch|p1a: Stella Pulvis|Slowking-Galar, F|62\/100\n|move|p2a: Ting-Lu|Ruination|p1a: Stella Pulvis\n|-damage|p1a: Stella Pulvis|31\/100\n|\n|-heal|p2a: Ting-Lu|45\/100|[from] item: Leftovers\n|-end|p2a: Ting-Lu|Magma Storm|[partiallytrapped]|[silent]\n|upkeep\n|turn|34\n|\n|t:|1701090104\n|move|p1a: Stella Pulvis|Chilly Reception|p1a: Stella Pulvis\n|-weather|Snow\n|\n|t:|1701090110\n|switch|p1a: Mantichora|Heatran, F|100\/100|[from] Chilly Reception\n|move|p2a: Ting-Lu|Whirlwind|p1a: Mantichora\n|drag|p1a: Rixator|Lopunny-Mega, M|49\/100\n|\n|-weather|Snow|[upkeep]\n|-heal|p2a: Ting-Lu|51\/100|[from] item: Leftovers\n|upkeep\n|turn|35\n|\n|t:|1701090118\n|move|p1a: Rixator|Fake Out|p2a: Ting-Lu\n|-damage|p2a: Ting-Lu|38\/100\n|cant|p2a: Ting-Lu|flinch\n|\n|-weather|Snow|[upkeep]\n|-heal|p2a: Ting-Lu|45\/100|[from] item: Leftovers\n|upkeep\n|turn|36\n|\n|t:|1701090124\n|move|p1a: Rixator|Close Combat|p2a: Ting-Lu\n|-supereffective|p2a: Ting-Lu\n|-damage|p2a: Ting-Lu|0 fnt\n|-unboost|p1a: Rixator|def|1\n|-unboost|p1a: Rixator|spd|1\n|faint|p2a: Ting-Lu\n|\n|-weather|Snow|[upkeep]\n|upkeep\n|\n|t:|1701090132\n|switch|p2a: Skeledirge|Skeledirge, F|57\/100\n|turn|37\n|\n|t:|1701090143\n|move|p1a: Rixator|Close Combat|p2a: Skeledirge\n|-damage|p2a: Skeledirge|19\/100\n|-unboost|p1a: Rixator|def|1\n|-unboost|p1a: Rixator|spd|1\n|move|p2a: Skeledirge|Torch Song|p1a: Rixator\n|-damage|p1a: Rixator|12\/100\n|-boost|p2a: Skeledirge|spa|1\n|\n|-weather|Snow|[upkeep]\n|upkeep\n|turn|38\n|\n|t:|1701090153\n|move|p1a: Rixator|Close Combat|p2a: Skeledirge\n|-damage|p2a: Skeledirge|0 fnt\n|-unboost|p1a: Rixator|def|1\n|-unboost|p1a: Rixator|spd|1\n|faint|p2a: Skeledirge\n|\n|win|AesirEcho\n","uploadtime":1701090157,"views":1,"p1id":"aesirecho","p2id":"bulka4000","formatid":"gen9nationaldex","rating":0,"private":0,"password":""}