{"id":"gen9nationaldex-1998971468","p1":"GatosLover","p2":"zixtriv","format":"[Gen 9] National Dex","log":"|html|<div class=\"broadcast-blue\"><strong>[Gen 9] National Dex is currently suspecting Sneasler! For information on how to participate check out the <a href=\"https:\/\/www.smogon.com\/forums\/threads\/sv-national-dex-suspect-8-just-dance.3731534\/\">suspect thread<\/a>.<\/strong><\/div>\n|j|\u2606GatosLover\n|j|\u2606zixtriv\n|t:|1701019284\n|gametype|singles\n|player|p1|GatosLover|marnie|1325\n|player|p2|zixtriv|waiter-gen4|1296\n|teamsize|p1|6\n|teamsize|p2|6\n|gen|9\n|tier|[Gen 9] National Dex\n|rated|\n|rule|HP Percentage Mod: HP is shown in percentages\n|rule|Endless Battle Clause: Forcing endless battles is banned\n|rule|OHKO Clause: OHKO moves are banned\n|rule|Evasion Clause: Evasion abilities, items, and moves are banned\n|rule|Evasion Abilities Clause: Evasion abilities are banned\n|rule|Evasion Items Clause: Evasion items are banned\n|rule|Evasion Moves Clause: Evasion moves are banned\n|rule|Species Clause: Limit one of each Pok\u00e9mon\n|rule|Sleep Clause Mod: Limit one foe put to sleep\n|clearpoke\n|poke|p1|Ampharos, F|\n|poke|p1|Ursaluna, F|\n|poke|p1|Hatterene, F|\n|poke|p1|Mew|\n|poke|p1|Dusclops, M|\n|poke|p1|Marowak-Alola, M|\n|poke|p2|Noivern, M|\n|poke|p2|Salamence, M|\n|poke|p2|Minior-Indigo|\n|poke|p2|Typhlosion-Hisui, M|\n|poke|p2|Banette, M|\n|poke|p2|Bisharp, M|\n|teampreview\n|\n|t:|1701019299\n|start\n|switch|p1a: Terry|Hatterene, F|100\/100\n|switch|p2a: looks better|Bisharp, M, shiny|100\/100\n|turn|1\n|inactive|Battle timer is ON: inactive players will automatically lose when time's up. (requested by zixtriv)\n|\n|t:|1701019307\n|move|p2a: looks better|Throat Chop|p1a: Terry\n|-damage|p1a: Terry|55\/100\n|-start|p1a: Terry|Throat Chop|[silent]\n|move|p1a: Terry|Trick Room|p1a: Terry\n|-fieldstart|move: Trick Room|[of] p1a: Terry\n|\n|upkeep\n|turn|2\n|\n|t:|1701019313\n|move|p1a: Terry|Healing Wish|p1a: Terry\n|faint|p1a: Terry\n|move|p2a: looks better|Swords Dance|p2a: looks better\n|-boost|p2a: looks better|atk|2\n|\n|upkeep\n|\n|t:|1701019320\n|switch|p1a: Yo soy luna|Ursaluna, F, shiny|100\/100\n|turn|3\n|\n|t:|1701019324\n|move|p1a: Yo soy luna|Headlong Rush|p2a: looks better\n|-supereffective|p2a: looks better\n|-damage|p2a: looks better|0 fnt\n|-unboost|p1a: Yo soy luna|def|1\n|-unboost|p1a: Yo soy luna|spd|1\n|faint|p2a: looks better\n|\n|-status|p1a: Yo soy luna|brn|[from] item: Flame Orb\n|upkeep\n|\n|t:|1701019341\n|switch|p2a: Noivern|Noivern, M|100\/100\n|turn|4\n|\n|t:|1701019347\n|move|p1a: Yo soy luna|Ice Punch|p2a: Noivern\n|-supereffective|p2a: Noivern\n|-damage|p2a: Noivern|0 fnt\n|faint|p2a: Noivern\n|\n|-damage|p1a: Yo soy luna|94\/100 brn|[from] brn\n|upkeep\n|\n|t:|1701019353\n|switch|p2a: Minior|Minior-Indigo|100\/100\n|-formechange|p2a: Minior|Minior-Meteor||[from] ability: Shields Down\n|turn|5\n|\n|t:|1701019361\n|move|p1a: Yo soy luna|Ice Punch|p2a: Minior\n|-supereffective|p2a: Minior\n|-damage|p2a: Minior|0 fnt\n|faint|p2a: Minior\n|\n|-damage|p1a: Yo soy luna|88\/100 brn|[from] brn\n|-fieldend|move: Trick Room\n|upkeep\n|\n|t:|1701019368\n|switch|p2a: just salamence|Salamence, M|100\/100\n|turn|6\n|\n|t:|1701019371\n|move|p2a: just salamence|Dragon Dance|p2a: just salamence\n|-boost|p2a: just salamence|atk|1\n|-boost|p2a: just salamence|spe|1\n|move|p1a: Yo soy luna|Facade|p2a: just salamence\n|-enditem|p2a: just salamence|Focus Sash\n|-damage|p2a: just salamence|1\/100\n|\n|-damage|p1a: Yo soy luna|82\/100 brn|[from] brn\n|upkeep\n|turn|7\n|\n|t:|1701019382\n|move|p2a: just salamence|Dual Wingbeat|p1a: Yo soy luna\n|-damage|p1a: Yo soy luna|47\/100 brn\n|-damage|p1a: Yo soy luna|9\/100 brn\n|-hitcount|p1a: Yo soy luna|2\n|move|p1a: Yo soy luna|Ice Punch|p2a: just salamence\n|-supereffective|p2a: just salamence\n|-damage|p2a: just salamence|0 fnt\n|faint|p2a: just salamence\n|\n|-damage|p1a: Yo soy luna|3\/100 brn|[from] brn\n|upkeep\n|\n|t:|1701019391\n|switch|p2a: Banette|Banette, M|100\/100\n|turn|8\n|\n|t:|1701019409\n|detailschange|p2a: Banette|Banette-Mega, M\n|-mega|p2a: Banette|Banette|Banettite\n|move|p2a: Banette|Trailblaze|p1a: Yo soy luna\n|-supereffective|p1a: Yo soy luna\n|-damage|p1a: Yo soy luna|0 fnt\n|-boost|p2a: Banette|spe|1\n|faint|p1a: Yo soy luna\n|\n|upkeep\n|\n|t:|1701019420\n|switch|p1a: calaka chida 2|Marowak-Alola, M|100\/100\n|turn|9\n|\n|t:|1701019428\n|move|p2a: Banette|Poltergeist|p1a: calaka chida 2\n|-activate|p1a: calaka chida 2|move: Poltergeist|Thick Club\n|-supereffective|p1a: calaka chida 2\n|-damage|p1a: calaka chida 2|0 fnt\n|faint|p1a: calaka chida 2\n|\n|upkeep\n|inactive|GatosLover has 120 seconds left.\n|inactive|GatosLover has 90 seconds left.\n|\n|t:|1701019492\n|switch|p1a: Calaka chida|Dusclops, M|100\/100\n|-item|p2a: Banette|Banettite|[from] ability: Frisk|[of] p1a: Calaka chida|[identify]\n|turn|10\n|\n|t:|1701019501\n|move|p2a: Banette|Poltergeist|p1a: Calaka chida\n|-activate|p1a: Calaka chida|move: Poltergeist|Eviolite\n|-supereffective|p1a: Calaka chida\n|-damage|p1a: Calaka chida|6\/100\n|move|p1a: Calaka chida|Trick Room|p1a: Calaka chida\n|-fieldstart|move: Trick Room|[of] p1a: Calaka chida\n|\n|upkeep\n|turn|11\n|\n|t:|1701019507\n|move|p2a: Banette|Sucker Punch||[still]\n|-fail|p2a: Banette\n|move|p1a: Calaka chida|Will-O-Wisp|p2a: Banette|[miss]\n|-miss|p1a: Calaka chida|p2a: Banette\n|\n|upkeep\n|turn|12\n|\n|t:|1701019514\n|move|p2a: Banette|Will-O-Wisp|p1a: Calaka chida|[miss]\n|-miss|p2a: Banette|p1a: Calaka chida\n|move|p1a: Calaka chida|Will-O-Wisp|p2a: Banette\n|-status|p2a: Banette|brn\n|\n|-damage|p2a: Banette|95\/100 brn|[from] brn\n|upkeep\n|turn|13\n|\n|t:|1701019521\n|switch|p1a: Ampphyr|Ampharos, F|100\/100\n|move|p2a: Banette|Will-O-Wisp|p1a: Ampphyr\n|-status|p1a: Ampphyr|brn\n|\n|-damage|p1a: Ampphyr|95\/100 brn|[from] brn\n|-damage|p2a: Banette|89\/100 brn|[from] brn\n|upkeep\n|turn|14\n|\n|t:|1701019529\n|detailschange|p1a: Ampphyr|Ampharos-Mega, F\n|-mega|p1a: Ampphyr|Ampharos|Ampharosite\n|-ability|p1a: Ampphyr|Mold Breaker\n|move|p1a: Ampphyr|Thunderbolt|p2a: Banette\n|-damage|p2a: Banette|3\/100 brn\n|move|p2a: Banette|Poltergeist|p1a: Ampphyr\n|-activate|p1a: Ampphyr|move: Poltergeist|Ampharosite\n|-damage|p1a: Ampphyr|64\/100 brn\n|\n|-damage|p1a: Ampphyr|58\/100 brn|[from] brn\n|-damage|p2a: Banette|0 fnt|[from] brn\n|faint|p2a: Banette\n|-fieldend|move: Trick Room\n|upkeep\n|\n|t:|1701019540\n|switch|p2a: Typhlosion|Typhlosion-Hisui, M|100\/100\n|-item|p1a: Ampphyr|Ampharosite|[from] ability: Frisk|[of] p2a: Typhlosion|[identify]\n|turn|15\n|\n|t:|1701019547\n|-terastallize|p2a: Typhlosion|Fire\n|move|p2a: Typhlosion|Eruption|p1a: Ampphyr\n|-resisted|p1a: Ampphyr\n|-damage|p1a: Ampphyr|14\/100 brn\n|move|p1a: Ampphyr|Thunderbolt|p2a: Typhlosion\n|-damage|p2a: Typhlosion|24\/100\n|\n|-damage|p1a: Ampphyr|8\/100 brn|[from] brn\n|upkeep\n|turn|16\n|\n|t:|1701019556\n|move|p2a: Typhlosion|Eruption|p1a: Ampphyr\n|-resisted|p1a: Ampphyr\n|-damage|p1a: Ampphyr|0 fnt\n|faint|p1a: Ampphyr\n|\n|upkeep\n|\n|t:|1701019559\n|switch|p1a: feto|Mew|100\/100\n|turn|17\n|\n|t:|1701019562\n|move|p2a: Typhlosion|Eruption|p1a: feto\n|-damage|p1a: feto|81\/100\n|move|p1a: feto|Trick Room|p1a: feto\n|-fieldstart|move: Trick Room|[of] p1a: feto\n|\n|upkeep\n|turn|18\n|c|\u2606zixtriv|gg\n|\n|t:|1701019568\n|move|p1a: feto|Explosion|p2a: Typhlosion\n|-damage|p2a: Typhlosion|0 fnt\n|faint|p1a: feto\n|faint|p2a: Typhlosion\n|\n|win|GatosLover\n|raw|GatosLover's rating: 1325 &rarr; <strong>1343<\/strong><br \/>(+18 for winning)\n|raw|zixtriv's rating: 1296 &rarr; <strong>1273<\/strong><br \/>(-23 for losing)\n|c|\u2606GatosLover|gg\n|l|\u2606zixtriv\n","uploadtime":1701019577,"views":2,"p1id":"gatoslover","p2id":"zixtriv","formatid":"gen9nationaldex","rating":1273,"private":0,"password":""}