{"id":"gen9nationaldex-1992458606","p1":"hackilla15","p2":"MrKhasuuu","format":"[Gen 9] National Dex","log":"|j|\u2606hackilla15\n|j|\u2606MrKhasuuu\n|t:|1700190060\n|gametype|singles\n|player|p1|hackilla15|ethan|1208\n|player|p2|MrKhasuuu|hilbert|1192\n|teamsize|p1|6\n|teamsize|p2|6\n|gen|9\n|tier|[Gen 9] National Dex\n|rated|\n|rule|HP Percentage Mod: HP is shown in percentages\n|rule|Endless Battle Clause: Forcing endless battles is banned\n|rule|OHKO Clause: OHKO moves are banned\n|rule|Evasion Clause: Evasion abilities, items, and moves are banned\n|rule|Evasion Abilities Clause: Evasion abilities are banned\n|rule|Evasion Items Clause: Evasion items are banned\n|rule|Evasion Moves Clause: Evasion moves are banned\n|rule|Species Clause: Limit one of each Pok\u00e9mon\n|rule|Sleep Clause Mod: Limit one foe put to sleep\n|clearpoke\n|poke|p1|Zoroark-Hisui, F|\n|poke|p1|Venusaur, F|\n|poke|p1|Ceruledge, M|\n|poke|p1|Krookodile, M|\n|poke|p1|Corviknight, F|\n|poke|p1|Dragonite, M|\n|poke|p2|Arcanine-Hisui, M|\n|poke|p2|Cresselia, F|\n|poke|p2|Donphan, M|\n|poke|p2|Thundurus, M|\n|poke|p2|Haxorus, M|\n|poke|p2|Greninja-*, M|\n|teampreview\n|inactive|Battle timer is ON: inactive players will automatically lose when time's up. (requested by MrKhasuuu)\n|\n|t:|1700190085\n|start\n|switch|p1a: Krookodile|Krookodile, M, shiny|100\/100\n|switch|p2a: Thundurus|Thundurus, M|100\/100\n|turn|1\n|\n|t:|1700190093\n|-terastallize|p2a: Thundurus|Grass\n|move|p2a: Thundurus|Tera Blast|p1a: Krookodile|[anim] Tera Blast Grass\n|-supereffective|p1a: Krookodile\n|-damage|p1a: Krookodile|0 fnt\n|faint|p1a: Krookodile\n|\n|upkeep\n|\n|t:|1700190103\n|switch|p1a: Ceruledge|Ceruledge, M, shiny|100\/100\n|turn|2\n|\n|t:|1700190108\n|move|p2a: Thundurus|Volt Switch|p1a: Ceruledge\n|-damage|p1a: Ceruledge|60\/100\n|\n|t:|1700190114\n|switch|p2a: Arcanine|Arcanine-Hisui, M|100\/100|[from] Volt Switch\n|move|p1a: Ceruledge|Bitter Blade|p2a: Arcanine\n|-resisted|p2a: Arcanine\n|-damage|p2a: Arcanine|85\/100\n|-heal|p1a: Ceruledge|69\/100|[from] drain|[of] p2a: Arcanine\n|\n|upkeep\n|turn|3\n|\n|t:|1700190125\n|switch|p1a: Corviknight|Corviknight, F, shiny|100\/100\n|move|p2a: Arcanine|Head Smash|p1a: Corviknight|[miss]\n|-miss|p2a: Arcanine|p1a: Corviknight\n|\n|upkeep\n|turn|4\n|\n|t:|1700190136\n|switch|p2a: Thundurus|Thundurus, M, tera:Grass|100\/100\n|move|p1a: Corviknight|Iron Head|p2a: Thundurus\n|-damage|p2a: Thundurus|50\/100\n|\n|upkeep\n|turn|5\n|\n|t:|1700190147\n|move|p2a: Thundurus|Volt Switch|p1a: Corviknight\n|-supereffective|p1a: Corviknight\n|-damage|p1a: Corviknight|29\/100\n|\n|t:|1700190150\n|switch|p2a: Arcanine|Arcanine-Hisui, M|85\/100|[from] Volt Switch\n|move|p1a: Corviknight|Drill Peck|p2a: Arcanine\n|-resisted|p2a: Arcanine\n|-damage|p2a: Arcanine|65\/100\n|\n|upkeep\n|turn|6\n|\n|t:|1700190160\n|move|p2a: Arcanine|Head Smash|p1a: Corviknight\n|-damage|p1a: Corviknight|0 fnt\n|faint|p1a: Corviknight\n|\n|upkeep\n|\n|t:|1700190162\n|switch|p1a: Venusaur|Venusaur, F, shiny|100\/100\n|turn|7\n|\n|t:|1700190173\n|switch|p2a: Haxorus|Haxorus, M, shiny|100\/100\n|-ability|p2a: Haxorus|Mold Breaker\n|detailschange|p1a: Venusaur|Venusaur-Mega, F, shiny\n|-mega|p1a: Venusaur|Venusaur|Venusaurite\n|move|p1a: Venusaur|Earth Power|p2a: Haxorus\n|-damage|p2a: Haxorus|60\/100\n|\n|upkeep\n|turn|8\n|\n|t:|1700190184\n|move|p2a: Haxorus|Outrage|p1a: Venusaur\n|-damage|p1a: Venusaur|52\/100\n|move|p1a: Venusaur|Sludge Bomb|p2a: Haxorus\n|-damage|p2a: Haxorus|0 fnt\n|faint|p2a: Haxorus\n|\n|upkeep\n|\n|t:|1700190196\n|switch|p2a: Arcanine|Arcanine-Hisui, M|65\/100\n|turn|9\n|\n|t:|1700190201\n|move|p2a: Arcanine|Flare Blitz|p1a: Venusaur\n|-supereffective|p1a: Venusaur\n|-damage|p1a: Venusaur|5\/100\n|move|p1a: Venusaur|Earth Power|p2a: Arcanine\n|-supereffective|p2a: Arcanine\n|-damage|p2a: Arcanine|0 fnt\n|faint|p2a: Arcanine\n|\n|upkeep\n|\n|t:|1700190210\n|switch|p2a: Greninja|Greninja, M|100\/100\n|turn|10\n|\n|t:|1700190216\n|switch|p1a: Ceruledge|Ceruledge, M, shiny|69\/100\n|move|p2a: Greninja|Swords Dance|p2a: Greninja\n|-boost|p2a: Greninja|atk|2\n|\n|upkeep\n|turn|11\n|\n|t:|1700190223\n|-terastallize|p1a: Ceruledge|Fighting\n|move|p2a: Greninja|Night Slash|p1a: Ceruledge\n|-resisted|p1a: Ceruledge\n|-damage|p1a: Ceruledge|25\/100\n|-ability|p1a: Ceruledge|Weak Armor|boost\n|-unboost|p1a: Ceruledge|def|1\n|-boost|p1a: Ceruledge|spe|2\n|move|p1a: Ceruledge|Close Combat|p2a: Greninja\n|-supereffective|p2a: Greninja\n|-damage|p2a: Greninja|0 fnt\n|-unboost|p1a: Ceruledge|def|1\n|-unboost|p1a: Ceruledge|spd|1\n|faint|p2a: Greninja\n|\n|upkeep\n|\n|t:|1700190237\n|switch|p2a: Donphan|Donphan, M|100\/100\n|turn|12\n|\n|t:|1700190247\n|move|p2a: Donphan|Ice Shard|p1a: Ceruledge\n|-crit|p1a: Ceruledge\n|-damage|p1a: Ceruledge|0 fnt\n|faint|p1a: Ceruledge\n|\n|upkeep\n|\n|t:|1700190250\n|switch|p1a: Venusaur|Venusaur-Mega, F, shiny|100\/100\n|turn|13\n|\n|t:|1700190255\n|switch|p2a: Cresselia|Cresselia, F, shiny|100\/100\n|move|p1a: Venusaur|Bitter Malice|p2a: Cresselia\n|-supereffective|p2a: Cresselia\n|-damage|p2a: Cresselia|58\/100\n|-unboost|p2a: Cresselia|atk|1\n|\n|upkeep\n|turn|14\n|\n|t:|1700190265\n|move|p1a: Venusaur|Bitter Malice|p2a: Cresselia\n|-supereffective|p2a: Cresselia\n|-damage|p2a: Cresselia|19\/100\n|-unboost|p2a: Cresselia|atk|1\n|move|p2a: Cresselia|Reflect|p2a: Cresselia\n|-sidestart|p2: MrKhasuuu|Reflect\n|\n|upkeep\n|turn|15\n|\n|t:|1700190277\n|move|p1a: Venusaur|Bitter Malice|p2a: Cresselia\n|-supereffective|p2a: Cresselia\n|-damage|p2a: Cresselia|0 fnt\n|faint|p2a: Cresselia\n|\n|upkeep\n|\n|t:|1700190285\n|switch|p2a: Donphan|Donphan, M|100\/100\n|turn|16\n|\n|t:|1700190288\n|move|p1a: Venusaur|Bitter Malice|p2a: Donphan\n|-damage|p2a: Donphan|41\/100\n|-unboost|p2a: Donphan|atk|1\n|move|p2a: Donphan|Earthquake|p1a: Venusaur\n|-damage|p1a: Venusaur|24\/100\n|replace|p1a: Zoroark|Zoroark-Hisui, F, shiny\n|-end|p1a: Zoroark|Illusion\n|\n|upkeep\n|turn|17\n|\n|t:|1700190298\n|move|p2a: Donphan|Ice Shard|p1a: Zoroark\n|-damage|p1a: Zoroark|4\/100\n|move|p1a: Zoroark|Bitter Malice|p2a: Donphan\n|-damage|p2a: Donphan|0 fnt\n|faint|p2a: Donphan\n|\n|upkeep\n|\n|t:|1700190311\n|switch|p2a: Thundurus|Thundurus, M, tera:Grass|50\/100\n|turn|18\n|\n|t:|1700190317\n|move|p2a: Thundurus|Volt Switch|p1a: Zoroark\n|-damage|p1a: Zoroark|0 fnt\n|faint|p1a: Zoroark\n|\n|upkeep\n|\n|t:|1700190321\n|switch|p1a: Venusaur|Venusaur-Mega, F, shiny|5\/100\n|turn|19\n|\n|t:|1700190325\n|move|p2a: Thundurus|Volt Switch|p1a: Venusaur\n|-resisted|p1a: Venusaur\n|-damage|p1a: Venusaur|0 fnt\n|faint|p1a: Venusaur\n|\n|upkeep\n|\n|t:|1700190327\n|switch|p1a: Dragonite|Dragonite, M|100\/100\n|turn|20\n|\n|t:|1700190334\n|move|p1a: Dragonite|Extreme Speed|p2a: Thundurus\n|-damage|p2a: Thundurus|31\/100\n|move|p2a: Thundurus|Taunt|p1a: Dragonite\n|-start|p1a: Dragonite|move: Taunt\n|\n|upkeep\n|turn|21\n|\n|t:|1700190341\n|move|p1a: Dragonite|Extreme Speed|p2a: Thundurus\n|-damage|p2a: Thundurus|13\/100\n|move|p2a: Thundurus|Thunder Wave|p1a: Dragonite\n|-status|p1a: Dragonite|par\n|\n|-sideend|p2: MrKhasuuu|Reflect\n|upkeep\n|turn|22\n|\n|t:|1700190349\n|cant|p1a: Dragonite|par\n|move|p2a: Thundurus|Volt Switch|p1a: Dragonite\n|-damage|p1a: Dragonite|87\/100 par\n|\n|upkeep\n|turn|23\n|\n|t:|1700190355\n|move|p1a: Dragonite|Extreme Speed|p2a: Thundurus\n|-damage|p2a: Thundurus|0 fnt\n|faint|p2a: Thundurus\n|\n|win|hackilla15\n|raw|hackilla15's rating: 1208 &rarr; <strong>1232<\/strong><br \/>(+24 for winning)\n|raw|MrKhasuuu's rating: 1192 &rarr; <strong>1168<\/strong><br \/>(-24 for losing)\n","uploadtime":1700190359,"views":8,"p1id":"hackilla15","p2id":"mrkhasuuu","formatid":"gen9nationaldex","rating":1168,"private":0,"password":""}