{"id":"gen9nationaldex-1999641341","p1":"rfhi","p2":"lifegoeson123","format":"[Gen 9] National Dex","log":"|html|<div class=\"broadcast-blue\"><strong>[Gen 9] National Dex is currently suspecting Sneasler! For information on how to participate check out the <a href=\"https:\/\/www.smogon.com\/forums\/threads\/sv-national-dex-suspect-8-just-dance.3731534\/\">suspect thread<\/a>.<\/strong><\/div>\n|j|\u2606rfhi\n|j|\u2606lifegoeson123\n|t:|1701103770\n|gametype|singles\n|player|p1|rfhi|proton|1284\n|player|p2|lifegoeson123|richboy|1202\n|teamsize|p1|6\n|teamsize|p2|6\n|gen|9\n|tier|[Gen 9] National Dex\n|rated|\n|rule|HP Percentage Mod: HP is shown in percentages\n|rule|Endless Battle Clause: Forcing endless battles is banned\n|rule|OHKO Clause: OHKO moves are banned\n|rule|Evasion Clause: Evasion abilities, items, and moves are banned\n|rule|Evasion Abilities Clause: Evasion abilities are banned\n|rule|Evasion Items Clause: Evasion items are banned\n|rule|Evasion Moves Clause: Evasion moves are banned\n|rule|Species Clause: Limit one of each Pok\u00e9mon\n|rule|Sleep Clause Mod: Limit one foe put to sleep\n|clearpoke\n|poke|p1|Volcarona, M|\n|poke|p1|Iron Valiant|\n|poke|p1|Noivern, M|\n|poke|p1|Dhelmise|\n|poke|p1|Gallade, M|\n|poke|p1|Kleavor, M|\n|poke|p2|Pelipper, F|\n|poke|p2|Swampert, F|\n|poke|p2|Kingdra, F|\n|poke|p2|Ferrothorn, M|\n|poke|p2|Zapdos|\n|poke|p2|Hatterene, F|\n|teampreview\n|inactive|Battle timer is ON: inactive players will automatically lose when time's up. (requested by rfhi)\n|\n|t:|1701103784\n|start\n|switch|p1a: Kleavor|Kleavor, M|100\/100\n|switch|p2a: Pelipper|Pelipper, F|100\/100\n|-weather|RainDance|[from] ability: Drizzle|[of] p2a: Pelipper\n|turn|1\n|\n|t:|1701103814\n|switch|p2a: Ferrothorn|Ferrothorn, M|100\/100\n|move|p1a: Kleavor|Stone Axe|p2a: Ferrothorn|[miss]\n|-miss|p1a: Kleavor|p2a: Ferrothorn\n|\n|-weather|RainDance|[upkeep]\n|upkeep\n|turn|2\n|\n|t:|1701103826\n|move|p1a: Kleavor|X-Scissor|p2a: Ferrothorn\n|-damage|p2a: Ferrothorn|57\/100\n|-damage|p1a: Kleavor|88\/100|[from] ability: Iron Barbs|[of] p2a: Ferrothorn\n|move|p2a: Ferrothorn|Gyro Ball|p1a: Kleavor\n|-supereffective|p1a: Kleavor\n|-damage|p1a: Kleavor|0 fnt\n|faint|p1a: Kleavor\n|\n|-weather|RainDance|[upkeep]\n|upkeep\n|\n|t:|1701103845\n|switch|p1a: Volcarona|Volcarona, M|100\/100\n|turn|3\n|\n|t:|1701103850\n|switch|p2a: Kingdra|Kingdra, F|100\/100\n|move|p1a: Volcarona|Fiery Dance|p2a: Kingdra\n|-resisted|p2a: Kingdra\n|-damage|p2a: Kingdra|94\/100\n|\n|-weather|RainDance|[upkeep]\n|upkeep\n|turn|4\n|\n|t:|1701103866\n|-terastallize|p2a: Kingdra|Water\n|move|p2a: Kingdra|Hydro Pump|p1a: Volcarona|[miss]\n|-miss|p2a: Kingdra|p1a: Volcarona\n|move|p1a: Volcarona|Bug Buzz|p2a: Kingdra\n|-damage|p2a: Kingdra|30\/100\n|\n|-weather|RainDance|[upkeep]\n|upkeep\n|turn|5\n|\n|t:|1701103876\n|move|p2a: Kingdra|Hydro Pump|p1a: Volcarona\n|-supereffective|p1a: Volcarona\n|-damage|p1a: Volcarona|0 fnt\n|faint|p1a: Volcarona\n|\n|-weather|RainDance|[upkeep]\n|upkeep\n|\n|t:|1701103882\n|switch|p1a: Dhelmise|Dhelmise|100\/100\n|turn|6\n|\n|t:|1701103892\n|switch|p2a: Hatterene|Hatterene, F|100\/100\n|move|p1a: Dhelmise|Poltergeist|p2a: Hatterene\n|-activate|p2a: Hatterene|move: Poltergeist|Leftovers\n|-supereffective|p2a: Hatterene\n|-damage|p2a: Hatterene|0 fnt\n|faint|p2a: Hatterene\n|\n|-weather|RainDance|[upkeep]\n|upkeep\n|\n|t:|1701103907\n|switch|p2a: Swampert|Swampert, F|100\/100\n|turn|7\n|\n|t:|1701103913\n|detailschange|p2a: Swampert|Swampert-Mega, F\n|-mega|p2a: Swampert|Swampert|Swampertite\n|-terastallize|p1a: Dhelmise|Steel\n|move|p2a: Swampert|Ice Punch|p1a: Dhelmise\n|-resisted|p1a: Dhelmise\n|-damage|p1a: Dhelmise|85\/100\n|move|p1a: Dhelmise|Power Whip|p2a: Swampert\n|-supereffective|p2a: Swampert\n|-damage|p2a: Swampert|0 fnt\n|faint|p2a: Swampert\n|\n|-weather|RainDance|[upkeep]\n|-heal|p1a: Dhelmise|91\/100|[from] item: Leftovers\n|upkeep\n|\n|t:|1701103921\n|switch|p2a: Kingdra|Kingdra, F, tera:Water|30\/100\n|turn|8\n|\n|t:|1701103932\n|move|p2a: Kingdra|Hydro Pump|p1a: Dhelmise|[miss]\n|-miss|p2a: Kingdra|p1a: Dhelmise\n|move|p1a: Dhelmise|Poltergeist|p2a: Kingdra\n|-activate|p2a: Kingdra|move: Poltergeist|Choice Specs\n|-damage|p2a: Kingdra|0 fnt\n|faint|p2a: Kingdra\n|\n|-weather|none\n|-heal|p1a: Dhelmise|97\/100|[from] item: Leftovers\n|upkeep\n|\n|t:|1701103942\n|switch|p2a: Pelipper|Pelipper, F|100\/100\n|-weather|RainDance|[from] ability: Drizzle|[of] p2a: Pelipper\n|turn|9\n|\n|t:|1701103951\n|switch|p2a: Ferrothorn|Ferrothorn, M|57\/100\n|move|p1a: Dhelmise|Poltergeist|p2a: Ferrothorn|[miss]\n|-miss|p1a: Dhelmise|p2a: Ferrothorn\n|\n|-weather|RainDance|[upkeep]\n|-heal|p1a: Dhelmise|100\/100|[from] item: Leftovers\n|upkeep\n|turn|10\n|\n|t:|1701103960\n|move|p1a: Dhelmise|Poltergeist|p2a: Ferrothorn\n|-activate|p2a: Ferrothorn|move: Poltergeist|Covert Cloak\n|-damage|p2a: Ferrothorn|12\/100\n|move|p2a: Ferrothorn|Leech Seed|p1a: Dhelmise\n|-start|p1a: Dhelmise|move: Leech Seed\n|\n|-weather|RainDance|[upkeep]\n|-damage|p1a: Dhelmise|88\/100|[from] Leech Seed|[of] p2a: Ferrothorn\n|-heal|p2a: Ferrothorn|24\/100|[silent]\n|upkeep\n|turn|11\n|\n|t:|1701103977\n|switch|p1a: Iron Valiant|Iron Valiant|100\/100\n|-enditem|p1a: Iron Valiant|Booster Energy\n|-activate|p1a: Iron Valiant|ability: Quark Drive|[fromitem]\n|-start|p1a: Iron Valiant|quarkdrivespe\n|move|p2a: Ferrothorn|Leech Seed|p1a: Iron Valiant\n|-start|p1a: Iron Valiant|move: Leech Seed\n|\n|-weather|RainDance|[upkeep]\n|-damage|p1a: Iron Valiant|88\/100|[from] Leech Seed|[of] p2a: Ferrothorn\n|-heal|p2a: Ferrothorn|34\/100|[silent]\n|upkeep\n|turn|12\n|\n|t:|1701103987\n|move|p2a: Ferrothorn|Protect|p2a: Ferrothorn\n|-singleturn|p2a: Ferrothorn|Protect\n|move|p1a: Iron Valiant|Close Combat|p2a: Ferrothorn\n|-activate|p2a: Ferrothorn|move: Protect\n|\n|-weather|RainDance|[upkeep]\n|-damage|p1a: Iron Valiant|76\/100|[from] Leech Seed|[of] p2a: Ferrothorn\n|-heal|p2a: Ferrothorn|44\/100|[silent]\n|upkeep\n|turn|13\n|\n|t:|1701103996\n|switch|p2a: Zapdos|Zapdos|100\/100\n|move|p1a: Iron Valiant|Close Combat|p2a: Zapdos\n|-resisted|p2a: Zapdos\n|-damage|p2a: Zapdos|76\/100\n|-unboost|p1a: Iron Valiant|def|1\n|-unboost|p1a: Iron Valiant|spd|1\n|\n|-weather|RainDance|[upkeep]\n|-damage|p1a: Iron Valiant|63\/100|[from] Leech Seed|[of] p2a: Zapdos\n|-heal|p2a: Zapdos|86\/100|[silent]\n|upkeep\n|turn|14\n|\n|t:|1701104007\n|-end|p1a: Iron Valiant|Quark Drive|[silent]\n|switch|p1a: Noivern|Noivern, M|100\/100\n|move|p2a: Zapdos|Thunder|p1a: Noivern\n|-damage|p1a: Noivern|40\/100\n|\n|-weather|RainDance|[upkeep]\n|upkeep\n|turn|15\n|\n|t:|1701104017\n|move|p1a: Noivern|Boomburst|p2a: Zapdos\n|-damage|p2a: Zapdos|46\/100\n|move|p2a: Zapdos|Thunder|p1a: Noivern\n|-damage|p1a: Noivern|0 fnt\n|faint|p1a: Noivern\n|\n|-weather|RainDance|[upkeep]\n|upkeep\n|\n|t:|1701104029\n|switch|p1a: Gallade|Gallade, M|100\/100\n|turn|16\n|\n|t:|1701104035\n|detailschange|p1a: Gallade|Gallade-Mega, M\n|-mega|p1a: Gallade|Gallade|Galladite\n|move|p1a: Gallade|Triple Axel|p2a: Zapdos\n|-supereffective|p2a: Zapdos\n|-damage|p2a: Zapdos|31\/100\n|-supereffective|p2a: Zapdos\n|-damage|p2a: Zapdos|7\/100\n|-status|p1a: Gallade|par|[from] ability: Static|[of] p2a: Zapdos\n|-supereffective|p2a: Zapdos\n|-damage|p2a: Zapdos|0 fnt\n|faint|p2a: Zapdos\n|-hitcount|p2: Zapdos|3\n|\n|-weather|none\n|upkeep\n|\n|t:|1701104056\n|switch|p2a: Ferrothorn|Ferrothorn, M|44\/100\n|turn|17\n|\n|t:|1701104059\n|cant|p1a: Gallade|par\n|move|p2a: Ferrothorn|Leech Seed|p1a: Gallade\n|-start|p1a: Gallade|move: Leech Seed\n|\n|-damage|p1a: Gallade|88\/100 par|[from] Leech Seed|[of] p2a: Ferrothorn\n|-heal|p2a: Ferrothorn|54\/100|[silent]\n|upkeep\n|turn|18\n|\n|t:|1701104067\n|move|p2a: Ferrothorn|Protect|p2a: Ferrothorn\n|-singleturn|p2a: Ferrothorn|Protect\n|cant|p1a: Gallade|par\n|\n|-damage|p1a: Gallade|76\/100 par|[from] Leech Seed|[of] p2a: Ferrothorn\n|-heal|p2a: Ferrothorn|64\/100|[silent]\n|upkeep\n|turn|19\n|\n|t:|1701104082\n|switch|p1a: Iron Valiant|Iron Valiant|63\/100\n|move|p2a: Ferrothorn|Gyro Ball|p1a: Iron Valiant\n|-supereffective|p1a: Iron Valiant\n|-damage|p1a: Iron Valiant|0 fnt\n|faint|p1a: Iron Valiant\n|-end|p1a: Iron Valiant|Quark Drive|[silent]\n|\n|upkeep\n|\n|t:|1701104089\n|switch|p1a: Gallade|Gallade-Mega, M|76\/100 par\n|turn|20\n|\n|t:|1701104093\n|move|p1a: Gallade|Drain Punch|p2a: Ferrothorn\n|-supereffective|p2a: Ferrothorn\n|-damage|p2a: Ferrothorn|2\/100\n|-heal|p1a: Gallade|100\/100 par|[from] drain|[of] p2a: Ferrothorn\n|-damage|p1a: Gallade|88\/100 par|[from] ability: Iron Barbs|[of] p2a: Ferrothorn\n|move|p2a: Ferrothorn|Leech Seed|p1a: Gallade\n|-start|p1a: Gallade|move: Leech Seed\n|\n|-damage|p1a: Gallade|76\/100 par|[from] Leech Seed|[of] p2a: Ferrothorn\n|-heal|p2a: Ferrothorn|12\/100|[silent]\n|upkeep\n|turn|21\n|\n|t:|1701104105\n|move|p2a: Ferrothorn|Protect|p2a: Ferrothorn\n|-singleturn|p2a: Ferrothorn|Protect\n|cant|p1a: Gallade|par\n|\n|-damage|p1a: Gallade|64\/100 par|[from] Leech Seed|[of] p2a: Ferrothorn\n|-heal|p2a: Ferrothorn|22\/100|[silent]\n|upkeep\n|turn|22\n|\n|t:|1701104112\n|move|p2a: Ferrothorn|Protect|p2a: Ferrothorn\n|-singleturn|p2a: Ferrothorn|Protect\n|move|p1a: Gallade|Drain Punch|p2a: Ferrothorn\n|-activate|p2a: Ferrothorn|move: Protect\n|\n|-damage|p1a: Gallade|52\/100 par|[from] Leech Seed|[of] p2a: Ferrothorn\n|-heal|p2a: Ferrothorn|31\/100|[silent]\n|upkeep\n|turn|23\n|\n|t:|1701104121\n|cant|p1a: Gallade|par\n|move|p2a: Ferrothorn|Gyro Ball|p1a: Gallade\n|-damage|p1a: Gallade|8\/100 par\n|\n|-damage|p1a: Gallade|0 fnt|[from] Leech Seed|[of] p2a: Ferrothorn\n|-heal|p2a: Ferrothorn|37\/100|[silent]\n|faint|p1a: Gallade\n|upkeep\n|\n|t:|1701104129\n|switch|p1a: Dhelmise|Dhelmise, tera:Steel|88\/100\n|turn|24\n|\n|t:|1701104133\n|move|p1a: Dhelmise|Poltergeist|p2a: Ferrothorn\n|-activate|p2a: Ferrothorn|move: Poltergeist|Covert Cloak\n|-damage|p2a: Ferrothorn|0 fnt\n|faint|p2a: Ferrothorn\n|\n|-heal|p1a: Dhelmise|94\/100|[from] item: Leftovers\n|upkeep\n|\n|t:|1701104142\n|switch|p2a: Pelipper|Pelipper, F|100\/100\n|-weather|RainDance|[from] ability: Drizzle|[of] p2a: Pelipper\n|turn|25\n|c|\u2606lifegoeson123|gg\n|\n|t:|1701104153\n|move|p2a: Pelipper|Scald|p1a: Dhelmise\n|-damage|p1a: Dhelmise|54\/100\n|-status|p1a: Dhelmise|brn\n|move|p1a: Dhelmise|Poltergeist|p2a: Pelipper\n|-activate|p2a: Pelipper|move: Poltergeist|Damp Rock\n|-damage|p2a: Pelipper|76\/100\n|\n|-weather|RainDance|[upkeep]\n|-heal|p1a: Dhelmise|60\/100 brn|[from] item: Leftovers\n|-damage|p1a: Dhelmise|54\/100 brn|[from] brn\n|upkeep\n|turn|26\n|\n|t:|1701104166\n|move|p2a: Pelipper|Hurricane|p1a: Dhelmise\n|-resisted|p1a: Dhelmise\n|-damage|p1a: Dhelmise|34\/100 brn\n|move|p1a: Dhelmise|Poltergeist|p2a: Pelipper\n|-activate|p2a: Pelipper|move: Poltergeist|Damp Rock\n|-crit|p2a: Pelipper\n|-damage|p2a: Pelipper|42\/100\n|\n|-weather|RainDance|[upkeep]\n|-heal|p1a: Dhelmise|40\/100 brn|[from] item: Leftovers\n|-damage|p1a: Dhelmise|34\/100 brn|[from] brn\n|upkeep\n|turn|27\n|\n|t:|1701104178\n|move|p2a: Pelipper|Roost|p2a: Pelipper\n|-heal|p2a: Pelipper|92\/100\n|-singleturn|p2a: Pelipper|move: Roost\n|move|p1a: Dhelmise|Poltergeist|p2a: Pelipper\n|-activate|p2a: Pelipper|move: Poltergeist|Damp Rock\n|-damage|p2a: Pelipper|66\/100\n|\n|-weather|RainDance|[upkeep]\n|-heal|p1a: Dhelmise|40\/100 brn|[from] item: Leftovers\n|-damage|p1a: Dhelmise|34\/100 brn|[from] brn\n|upkeep\n|turn|28\n|-message|rfhi forfeited.\n|\n|win|lifegoeson123\n|raw|rfhi's rating: 1284 &rarr; <strong>1253<\/strong><br \/>(-31 for losing)\n|raw|lifegoeson123's rating: 1202 &rarr; <strong>1233<\/strong><br \/>(+31 for winning)\n|l|\u2606rfhi\n","uploadtime":1701104196,"views":1,"p1id":"rfhi","p2id":"lifegoeson123","formatid":"gen9nationaldex","rating":1233,"private":0,"password":""}