{"id":"gen9nationaldex-1997881195","p1":"Clearster","p2":"john water","format":"[Gen 9] National Dex","log":"|html|<div class=\"broadcast-blue\"><strong>[Gen 9] National Dex is currently suspecting Sneasler! For information on how to participate check out the <a href=\"https:\/\/www.smogon.com\/forums\/threads\/sv-national-dex-suspect-8-just-dance.3731534\/\">suspect thread<\/a>.<\/strong><\/div>\n|j|\u2606Clearster\n|j|\u2606john water\n|t:|1700863124\n|gametype|singles\n|player|p1|Clearster|byron|\n|player|p2|john water|1|\n|teamsize|p1|6\n|teamsize|p2|6\n|gen|9\n|tier|[Gen 9] National Dex\n|rule|HP Percentage Mod: HP is shown in percentages\n|rule|Endless Battle Clause: Forcing endless battles is banned\n|rule|OHKO Clause: OHKO moves are banned\n|rule|Evasion Clause: Evasion abilities, items, and moves are banned\n|rule|Evasion Abilities Clause: Evasion abilities are banned\n|rule|Evasion Items Clause: Evasion items are banned\n|rule|Evasion Moves Clause: Evasion moves are banned\n|rule|Species Clause: Limit one of each Pok\u00e9mon\n|rule|Sleep Clause Mod: Limit one foe put to sleep\n|clearpoke\n|poke|p1|Rotom-Wash|\n|poke|p1|Minior-Orange|\n|poke|p1|Galvantula, M|\n|poke|p1|Serperior, M|\n|poke|p1|Porygon-Z|\n|poke|p1|Aerodactyl, M|\n|poke|p2|Lopunny, F|\n|poke|p2|Ferrothorn, M|\n|poke|p2|Volcarona, F|\n|poke|p2|Landorus-Therian, M|\n|poke|p2|Slowking, M|\n|poke|p2|Tapu Koko|\n|teampreview\n|\n|t:|1700863144\n|start\n|switch|p1a: Purple\/Pink (Idk)|Aerodactyl, M, shiny|100\/100\n|switch|p2a: Almond|Ferrothorn, M|100\/100\n|turn|1\n|\n|t:|1700863158\n|detailschange|p1a: Purple\/Pink (Idk)|Aerodactyl-Mega, M, shiny\n|-mega|p1a: Purple\/Pink (Idk)|Aerodactyl|Aerodactylite\n|move|p1a: Purple\/Pink (Idk)|Hone Claws|p1a: Purple\/Pink (Idk)\n|-boost|p1a: Purple\/Pink (Idk)|atk|1\n|-boost|p1a: Purple\/Pink (Idk)|accuracy|1\n|move|p2a: Almond|Stealth Rock|p1a: Purple\/Pink (Idk)\n|-sidestart|p1: Clearster|move: Stealth Rock\n|\n|upkeep\n|turn|2\n|\n|t:|1700863196\n|move|p1a: Purple\/Pink (Idk)|Earthquake|p2a: Almond\n|-damage|p2a: Almond|69\/100\n|move|p2a: Almond|Heavy Slam|p1a: Purple\/Pink (Idk)\n|-supereffective|p1a: Purple\/Pink (Idk)\n|-damage|p1a: Purple\/Pink (Idk)|66\/100\n|\n|-heal|p2a: Almond|75\/100|[from] item: Leftovers\n|upkeep\n|turn|3\n|\n|t:|1700863220\n|move|p1a: Purple\/Pink (Idk)|Earthquake|p2a: Almond\n|-damage|p2a: Almond|46\/100\n|move|p2a: Almond|Leech Seed|p1a: Purple\/Pink (Idk)\n|-start|p1a: Purple\/Pink (Idk)|move: Leech Seed\n|\n|-heal|p2a: Almond|52\/100|[from] item: Leftovers\n|-damage|p1a: Purple\/Pink (Idk)|54\/100|[from] Leech Seed|[of] p2a: Almond\n|-heal|p2a: Almond|62\/100|[silent]\n|upkeep\n|turn|4\n|\n|t:|1700863244\n|switch|p1a: Green|Serperior, M|100\/100\n|-damage|p1a: Green|88\/100|[from] Stealth Rock\n|move|p2a: Almond|Heavy Slam|p1a: Green\n|-damage|p1a: Green|71\/100\n|\n|-heal|p1a: Green|77\/100|[from] item: Leftovers\n|-heal|p2a: Almond|69\/100|[from] item: Leftovers\n|upkeep\n|turn|5\n|\n|t:|1700863260\n|move|p1a: Green|Glare|p2a: Almond\n|-status|p2a: Almond|par\n|move|p2a: Almond|Knock Off|p1a: Green\n|-damage|p1a: Green|51\/100\n|-enditem|p1a: Green|Leftovers|[from] move: Knock Off|[of] p2a: Almond\n|\n|-heal|p2a: Almond|75\/100 par|[from] item: Leftovers\n|upkeep\n|turn|6\n|\n|t:|1700863270\n|move|p1a: Green|Leaf Storm|p2a: Almond\n|-resisted|p2a: Almond\n|-damage|p2a: Almond|65\/100 par\n|-boost|p1a: Green|spa|2\n|move|p2a: Almond|Heavy Slam|p1a: Green\n|-damage|p1a: Green|35\/100\n|\n|-heal|p2a: Almond|71\/100 par|[from] item: Leftovers\n|upkeep\n|turn|7\n|\n|t:|1700863278\n|move|p1a: Green|Leaf Storm|p2a: Almond\n|-resisted|p2a: Almond\n|-damage|p2a: Almond|52\/100 par\n|-boost|p1a: Green|spa|2\n|move|p2a: Almond|Knock Off|p1a: Green\n|-damage|p1a: Green|17\/100\n|\n|-heal|p2a: Almond|59\/100 par|[from] item: Leftovers\n|upkeep\n|turn|8\n|\n|t:|1700863289\n|move|p1a: Green|Hidden Power|p2a: Almond\n|-damage|p2a: Almond|20\/100 par\n|move|p2a: Almond|Knock Off|p1a: Green\n|-damage|p1a: Green|0 fnt\n|faint|p1a: Green\n|\n|-heal|p2a: Almond|26\/100 par|[from] item: Leftovers\n|upkeep\n|\n|t:|1700863300\n|switch|p1a: Blue|Porygon-Z, shiny|100\/100\n|-damage|p1a: Blue|88\/100|[from] Stealth Rock\n|turn|9\n|\n|t:|1700863314\n|-zpower|p1a: Blue\n|move|p1a: Blue|Z-Conversion|p1a: Blue|[anim]Conversion\n|-boost|p1a: Blue|atk|1|[zeffect]\n|-boost|p1a: Blue|def|1|[zeffect]\n|-boost|p1a: Blue|spa|1|[zeffect]\n|-boost|p1a: Blue|spd|1|[zeffect]\n|-boost|p1a: Blue|spe|1|[zeffect]\n|-start|p1a: Blue|typechange|Electric\n|move|p2a: Almond|Leech Seed|p1a: Blue|[miss]\n|-miss|p2a: Almond|p1a: Blue\n|\n|-heal|p2a: Almond|33\/100 par|[from] item: Leftovers\n|upkeep\n|turn|10\n|\n|t:|1700863328\n|move|p1a: Blue|Ice Beam|p2a: Almond\n|-damage|p2a: Almond|0 fnt\n|faint|p2a: Almond\n|\n|upkeep\n|j| Abyssal X\n|c| Abyssal X|Good luck both of you\n|c|\u2606john water|thnx\n|c|\u2606Clearster|Thank you\n|\n|t:|1700863379\n|switch|p2a: Mothra|Volcarona, F|100\/100\n|turn|11\n|\n|t:|1700863394\n|move|p1a: Blue|Thunderbolt|p2a: Mothra\n|-damage|p2a: Mothra|3\/100\n|move|p2a: Mothra|Bug Buzz|p1a: Blue\n|-damage|p1a: Blue|46\/100\n|\n|upkeep\n|turn|12\n|\n|t:|1700863411\n|move|p1a: Blue|Ice Beam|p2a: Mothra\n|-resisted|p2a: Mothra\n|-damage|p2a: Mothra|0 fnt\n|faint|p2a: Mothra\n|\n|upkeep\n|\n|t:|1700863539\n|switch|p2a: The King|Slowking, M|100\/100\n|turn|13\n|\n|t:|1700863547\n|move|p1a: Blue|Thunderbolt|p2a: The King\n|-supereffective|p2a: The King\n|-damage|p2a: The King|4\/100\n|move|p2a: The King|Dragon Tail|p1a: Blue|[miss]\n|-miss|p2a: The King|p1a: Blue\n|\n|upkeep\n|turn|14\n|\n|t:|1700863558\n|move|p1a: Blue|Ice Beam|p2a: The King\n|-resisted|p2a: The King\n|-damage|p2a: The King|0 fnt\n|faint|p2a: The King\n|\n|upkeep\n|\n|t:|1700863565\n|switch|p2a: Gombo|Tapu Koko|100\/100\n|-fieldstart|move: Electric Terrain|[from] ability: Electric Surge|[of] p2a: Gombo\n|turn|15\n|\n|t:|1700863637\n|move|p1a: Blue|Ice Beam|p2a: Gombo\n|-damage|p2a: Gombo|32\/100\n|move|p2a: Gombo|Dazzling Gleam|p1a: Blue\n|-damage|p1a: Blue|14\/100\n|\n|upkeep\n|turn|16\n|c| Abyssal X|It's close\n|\n|t:|1700863651\n|move|p1a: Blue|Ice Beam|p2a: Gombo\n|-damage|p2a: Gombo|0 fnt\n|faint|p2a: Gombo\n|\n|upkeep\n|\n|t:|1700863656\n|switch|p2a: Boom! Crash!|Lopunny, F|100\/100\n|turn|17\n|c| Abyssal X|I'm surprised\n|c|\u2606Clearster|I\u2019ll be back\n|c| Abyssal X|k\n|\n|t:|1700863751\n|detailschange|p2a: Boom! Crash!|Lopunny-Mega, F\n|-mega|p2a: Boom! Crash!|Lopunny|Lopunnite\n|move|p2a: Boom! Crash!|Fake Out|p1a: Blue\n|-damage|p1a: Blue|0 fnt\n|faint|p1a: Blue\n|\n|upkeep\n|l|\u2606Clearster\n|player|p1|\n|j|\u2606Clearster\n|player|p1|Clearster|byron\n|\n|t:|1700863884\n|switch|p1a: Purple\/Pink (Idk)|Aerodactyl-Mega, M, shiny|54\/100\n|-damage|p1a: Purple\/Pink (Idk)|29\/100|[from] Stealth Rock\n|turn|18\n|\n|t:|1700863909\n|move|p1a: Purple\/Pink (Idk)|Dual Wingbeat|p2a: Boom! Crash!\n|-supereffective|p2a: Boom! Crash!\n|-damage|p2a: Boom! Crash!|27\/100\n|-supereffective|p2a: Boom! Crash!\n|-damage|p2a: Boom! Crash!|0 fnt\n|faint|p2a: Boom! Crash!\n|-hitcount|p2: Boom! Crash!|2\n|\n|upkeep\n|\n|t:|1700863918\n|switch|p2a: Mikhail|Landorus-Therian, M|100\/100\n|-ability|p2a: Mikhail|Intimidate|boost\n|-unboost|p1a: Purple\/Pink (Idk)|atk|1\n|turn|19\n|\n|t:|1700863937\n|move|p1a: Purple\/Pink (Idk)|Dual Wingbeat|p2a: Mikhail\n|-damage|p2a: Mikhail|87\/100\n|-damage|p1a: Purple\/Pink (Idk)|12\/100|[from] item: Rocky Helmet|[of] p2a: Mikhail\n|-damage|p2a: Mikhail|75\/100\n|-damage|p1a: Purple\/Pink (Idk)|0 fnt|[from] item: Rocky Helmet|[of] p2a: Mikhail\n|faint|p1a: Purple\/Pink (Idk)\n|-hitcount|p2a: Mikhail|2\n|move|p2a: Mikhail|U-turn|p1: Purple\/Pink (Idk)|[notarget]\n|-fail|p2a: Mikhail\n|\n|-fieldend|move: Electric Terrain\n|upkeep\n|\n|t:|1700863945\n|switch|p1a: Red|Rotom-Wash, shiny|100\/100\n|-damage|p1a: Red|88\/100|[from] Stealth Rock\n|turn|20\n|\n|t:|1700863960\n|-terastallize|p2a: Mikhail|Water\n|move|p2a: Mikhail|Earthquake|p1a: Red\n|-immune|p1a: Red|[from] ability: Levitate\n|move|p1a: Red|Will-O-Wisp|p2a: Mikhail\n|-status|p2a: Mikhail|brn\n|\n|-heal|p1a: Red|94\/100|[from] item: Leftovers\n|-damage|p2a: Mikhail|69\/100 brn|[from] brn\n|upkeep\n|turn|21\n|\n|t:|1700863977\n|move|p2a: Mikhail|U-turn|p1a: Red\n|-damage|p1a: Red|83\/100\n|move|p1a: Red|Volt Switch|p2a: Mikhail\n|-supereffective|p2a: Mikhail\n|-damage|p2a: Mikhail|0 fnt\n|faint|p2a: Mikhail\n|\n|win|Clearster\n|c|\u2606Clearster|Gg\n","uploadtime":1700863992,"views":3,"p1id":"clearster","p2id":"johnwater","formatid":"gen9nationaldex","rating":0,"private":0,"password":""}