{"id":"gen9nationaldex-1997450755","p1":"Logan! Watch This","p2":"rg evvg","format":"[Gen 9] National Dex","log":"|html|<div class=\"broadcast-blue\"><strong>[Gen 9] National Dex is currently suspecting Sneasler! For information on how to participate check out the <a href=\"https:\/\/www.smogon.com\/forums\/threads\/sv-national-dex-suspect-8-just-dance.3731534\/\">suspect thread<\/a>.<\/strong><\/div>\n|j|\u2606Logan! Watch This\n|j|\u2606rg evvg\n|t:|1700807449\n|gametype|singles\n|player|p1|Logan! Watch This|102|1040\n|player|p2|rg evvg|101|1121\n|teamsize|p1|6\n|teamsize|p2|6\n|gen|9\n|tier|[Gen 9] National Dex\n|rated|\n|rule|HP Percentage Mod: HP is shown in percentages\n|rule|Endless Battle Clause: Forcing endless battles is banned\n|rule|OHKO Clause: OHKO moves are banned\n|rule|Evasion Clause: Evasion abilities, items, and moves are banned\n|rule|Evasion Abilities Clause: Evasion abilities are banned\n|rule|Evasion Items Clause: Evasion items are banned\n|rule|Evasion Moves Clause: Evasion moves are banned\n|rule|Species Clause: Limit one of each Pok\u00e9mon\n|rule|Sleep Clause Mod: Limit one foe put to sleep\n|clearpoke\n|poke|p1|Keldeo-Resolute|\n|poke|p1|Blacephalon|\n|poke|p1|Tyranitar, M|\n|poke|p1|Zapdos|\n|poke|p1|Clodsire, M|\n|poke|p1|Ogerpon-Wellspring, F|\n|poke|p2|Chansey, F|\n|poke|p2|Volcarona, F|\n|poke|p2|Hydreigon, F|\n|poke|p2|Azumarill, M|\n|poke|p2|Gengar, F|\n|poke|p2|Ferrothorn, F|\n|teampreview\n|inactive|Battle timer is ON: inactive players will automatically lose when time's up. (requested by Logan! Watch This)\n|\n|t:|1700807467\n|start\n|switch|p1a: Keldeo|Keldeo-Resolute|100\/100\n|switch|p2a: Chansey|Chansey, F|100\/100\n|turn|1\n|\n|t:|1700807474\n|move|p1a: Keldeo|Substitute|p1a: Keldeo\n|-start|p1a: Keldeo|Substitute\n|-damage|p1a: Keldeo|76\/100\n|move|p2a: Chansey|Toxic||[still]\n|-fail|p2a: Chansey\n|\n|-heal|p1a: Keldeo|82\/100|[from] item: Leftovers\n|upkeep\n|turn|2\n|\n|t:|1700807481\n|move|p1a: Keldeo|Calm Mind|p1a: Keldeo\n|-boost|p1a: Keldeo|spa|1\n|-boost|p1a: Keldeo|spd|1\n|move|p2a: Chansey|Stealth Rock|p1a: Keldeo\n|-sidestart|p1: Logan! Watch This|move: Stealth Rock\n|\n|-heal|p1a: Keldeo|88\/100|[from] item: Leftovers\n|upkeep\n|turn|3\n|\n|t:|1700807497\n|switch|p2a: Gengar|Gengar, F|100\/100\n|move|p1a: Keldeo|Calm Mind|p1a: Keldeo\n|-boost|p1a: Keldeo|spa|1\n|-boost|p1a: Keldeo|spd|1\n|\n|-heal|p1a: Keldeo|94\/100|[from] item: Leftovers\n|upkeep\n|turn|4\n|\n|t:|1700807510\n|move|p2a: Gengar|Thunderbolt|p1a: Keldeo\n|-supereffective|p1a: Keldeo\n|-end|p1a: Keldeo|Substitute\n|move|p1a: Keldeo|Scald|p2a: Gengar\n|-crit|p2a: Gengar\n|-damage|p2a: Gengar|0 fnt\n|-start|p1a: Keldeo|Disable|Scald|[from] ability: Cursed Body|[of] p2a: Gengar\n|faint|p2a: Gengar\n|\n|-heal|p1a: Keldeo|100\/100|[from] item: Leftovers\n|upkeep\n|\n|t:|1700807520\n|switch|p2a: Ferrothorn|Ferrothorn, F|100\/100\n|turn|5\n|\n|t:|1700807523\n|move|p1a: Keldeo|Substitute|p1a: Keldeo\n|-start|p1a: Keldeo|Substitute\n|-damage|p1a: Keldeo|76\/100\n|move|p2a: Ferrothorn|Power Whip|p1a: Keldeo\n|-supereffective|p1a: Keldeo\n|-end|p1a: Keldeo|Substitute\n|\n|-heal|p1a: Keldeo|82\/100|[from] item: Leftovers\n|upkeep\n|turn|6\n|\n|t:|1700807531\n|move|p1a: Keldeo|Substitute|p1a: Keldeo\n|-start|p1a: Keldeo|Substitute\n|-damage|p1a: Keldeo|57\/100\n|move|p2a: Ferrothorn|Power Whip|p1a: Keldeo\n|-supereffective|p1a: Keldeo\n|-end|p1a: Keldeo|Substitute\n|\n|-heal|p1a: Keldeo|63\/100|[from] item: Leftovers\n|upkeep\n|turn|7\n|\n|t:|1700807539\n|move|p1a: Keldeo|Secret Sword|p2a: Ferrothorn\n|-supereffective|p2a: Ferrothorn\n|-damage|p2a: Ferrothorn|0 fnt\n|faint|p2a: Ferrothorn\n|\n|-heal|p1a: Keldeo|70\/100|[from] item: Leftovers\n|-end|p1a: Keldeo|Disable\n|upkeep\n|\n|t:|1700807547\n|switch|p2a: Chansey|Chansey, F|100\/100\n|turn|8\n|\n|t:|1700807552\n|move|p1a: Keldeo|Secret Sword|p2a: Chansey\n|-supereffective|p2a: Chansey\n|-damage|p2a: Chansey|0 fnt\n|faint|p2a: Chansey\n|\n|-heal|p1a: Keldeo|76\/100|[from] item: Leftovers\n|upkeep\n|\n|t:|1700807558\n|switch|p2a: Hydreigon|Hydreigon, F|100\/100\n|turn|9\n|\n|t:|1700807564\n|move|p1a: Keldeo|Secret Sword|p2a: Hydreigon\n|-supereffective|p2a: Hydreigon\n|-damage|p2a: Hydreigon|0 fnt\n|faint|p2a: Hydreigon\n|\n|-heal|p1a: Keldeo|82\/100|[from] item: Leftovers\n|upkeep\n|-message|rg evvg forfeited.\n|\n|win|Logan! Watch This\n|raw|Logan! Watch This's rating: 1040 &rarr; <strong>1082<\/strong><br \/>(+42 for winning)\n|raw|rg evvg's rating: 1121 &rarr; <strong>1090<\/strong><br \/>(-31 for losing)\n|l|\u2606rg evvg\n","uploadtime":1700807572,"views":7,"p1id":"loganwatchthis","p2id":"rgevvg","formatid":"gen9nationaldex","rating":1082,"private":0,"password":""}