{"id":"gen9nationaldex-1992337951","p1":"jgjvg","p2":"MaxiBielo","format":"[Gen 9] National Dex","log":"|j|\u2606jgjvg\n|j|\u2606MaxiBielo\n|t:|1700176186\n|gametype|singles\n|player|p1|jgjvg|veteran|1112\n|player|p2|MaxiBielo|265|1034\n|teamsize|p1|6\n|teamsize|p2|6\n|gen|9\n|tier|[Gen 9] National Dex\n|rated|\n|rule|HP Percentage Mod: HP is shown in percentages\n|rule|Endless Battle Clause: Forcing endless battles is banned\n|rule|OHKO Clause: OHKO moves are banned\n|rule|Evasion Clause: Evasion abilities, items, and moves are banned\n|rule|Evasion Abilities Clause: Evasion abilities are banned\n|rule|Evasion Items Clause: Evasion items are banned\n|rule|Evasion Moves Clause: Evasion moves are banned\n|rule|Species Clause: Limit one of each Pok\u00e9mon\n|rule|Sleep Clause Mod: Limit one foe put to sleep\n|clearpoke\n|poke|p1|Pyukumuku, M|\n|poke|p1|Aron, L1, M|\n|poke|p1|Slurpuff, F|\n|poke|p1|Kommo-o, M|\n|poke|p1|Pineco, L1, M|\n|poke|p1|Eiscue, M|\n|poke|p2|Kommo-o, M|\n|poke|p2|Enamorus, F|\n|poke|p2|Lurantis, F|\n|poke|p2|Malamar, F|\n|poke|p2|Serperior, M|\n|poke|p2|Zygarde-10%|\n|teampreview\n|\n|t:|1700176196\n|start\n|switch|p1a: Pineco|Pineco, L1, M|100\/100\n|switch|p2a: Zygarde|Zygarde-10%|100\/100\n|-ability|p2a: Zygarde|Aura Break\n|turn|1\n|\n|t:|1700176212\n|move|p2a: Zygarde|Thousand Arrows|p1a: Pineco\n|-resisted|p1a: Pineco\n|-ability|p1a: Pineco|Sturdy\n|-damage|p1a: Pineco|9\/100\n|-enditem|p1a: Pineco|Berry Juice\n|-heal|p1a: Pineco|100\/100|[from] item: Berry Juice\n|move|p1a: Pineco|Toxic Spikes|p2a: Zygarde\n|-sidestart|p2: MaxiBielo|move: Toxic Spikes\n|\n|upkeep\n|turn|2\n|\n|t:|1700176222\n|move|p2a: Zygarde|Thousand Arrows|p1a: Pineco\n|-resisted|p1a: Pineco\n|-ability|p1a: Pineco|Sturdy\n|-damage|p1a: Pineco|9\/100\n|move|p1a: Pineco|Toxic|p2a: Zygarde\n|-status|p2a: Zygarde|tox\n|\n|-damage|p2a: Zygarde|94\/100 tox|[from] psn\n|upkeep\n|turn|3\n|l|\u2606MaxiBielo\n|player|p2|\n|j|\u2606MaxiBielo\n|player|p2|MaxiBielo|265\n|\n|t:|1700176258\n|move|p2a: Zygarde|Thousand Arrows|p1a: Pineco\n|-resisted|p1a: Pineco\n|-damage|p1a: Pineco|0 fnt\n|faint|p1a: Pineco\n|\n|-damage|p2a: Zygarde|82\/100 tox|[from] psn\n|upkeep\n|\n|t:|1700176278\n|switch|p1a: Aron|Aron, L1, M|100\/100\n|turn|4\n|\n|t:|1700176282\n|move|p2a: Zygarde|Thousand Arrows|p1a: Aron\n|-supereffective|p1a: Aron\n|-ability|p1a: Aron|Sturdy\n|-damage|p1a: Aron|9\/100\n|move|p1a: Aron|Endeavor|p2a: Zygarde\n|-damage|p2a: Zygarde|1\/100 tox\n|-heal|p1a: Aron|100\/100|[from] item: Shell Bell|[of] p2a: Zygarde\n|\n|-damage|p2a: Zygarde|0 fnt|[from] psn\n|faint|p2a: Zygarde\n|upkeep\n|\n|t:|1700176296\n|switch|p2a: Serperior|Serperior, M|100\/100\n|-status|p2a: Serperior|psn\n|turn|5\n|\n|t:|1700176301\n|move|p2a: Serperior|Leaf Storm|p1a: Aron\n|-ability|p1a: Aron|Sturdy\n|-damage|p1a: Aron|9\/100\n|-boost|p2a: Serperior|spa|2\n|move|p1a: Aron|Endeavor|p2a: Serperior\n|-damage|p2a: Serperior|1\/100 psn\n|-heal|p1a: Aron|100\/100|[from] item: Shell Bell|[of] p2a: Serperior\n|\n|-damage|p2a: Serperior|0 fnt|[from] psn\n|faint|p2a: Serperior\n|upkeep\n|\n|t:|1700176315\n|switch|p2a: Kommo-o|Kommo-o, M|100\/100\n|-status|p2a: Kommo-o|psn\n|turn|6\n|\n|t:|1700176322\n|move|p2a: Kommo-o|Clangorous Soul|p2a: Kommo-o\n|-boost|p2a: Kommo-o|atk|1\n|-boost|p2a: Kommo-o|def|1\n|-boost|p2a: Kommo-o|spa|1\n|-boost|p2a: Kommo-o|spd|1\n|-boost|p2a: Kommo-o|spe|1\n|-damage|p2a: Kommo-o|68\/100 psn\n|move|p1a: Aron|Endeavor|p2a: Kommo-o\n|-damage|p2a: Kommo-o|5\/100 psn\n|\n|-damage|p2a: Kommo-o|0 fnt|[from] psn\n|faint|p2a: Kommo-o\n|upkeep\n|-message|MaxiBielo forfeited.\n|\n|win|jgjvg\n|raw|jgjvg's rating: 1081 &rarr; <strong>1105<\/strong><br \/>(+24 for winning)\n|raw|MaxiBielo's rating: 1034 &rarr; <strong>1021<\/strong><br \/>(-13 for losing)\n|l|\u2606MaxiBielo\n","uploadtime":1700176349,"views":4,"p1id":"jgjvg","p2id":"maxibielo","formatid":"gen9nationaldex","rating":1021,"private":0,"password":""}