{"id":"gen9nationaldex-1990355428","p1":"KaiserSulyFF","p2":"methaddict45","format":"[Gen 9] National Dex","log":"|j|\u2606KaiserSulyFF\n|j|\u2606methaddict45\n|t:|1699961356\n|gametype|singles\n|player|p1|KaiserSulyFF|steven|1107\n|player|p2|methaddict45|acetrainerf-gen4|1142\n|teamsize|p1|6\n|teamsize|p2|6\n|gen|9\n|tier|[Gen 9] National Dex\n|rated|\n|rule|HP Percentage Mod: HP is shown in percentages\n|rule|Endless Battle Clause: Forcing endless battles is banned\n|rule|OHKO Clause: OHKO moves are banned\n|rule|Evasion Clause: Evasion abilities, items, and moves are banned\n|rule|Evasion Abilities Clause: Evasion abilities are banned\n|rule|Evasion Items Clause: Evasion items are banned\n|rule|Evasion Moves Clause: Evasion moves are banned\n|rule|Species Clause: Limit one of each Pok\u00e9mon\n|rule|Sleep Clause Mod: Limit one foe put to sleep\n|clearpoke\n|poke|p1|Conkeldurr, F|\n|poke|p1|Seismitoad, F|\n|poke|p1|Houndstone, F|\n|poke|p1|Palossand, M|\n|poke|p1|Nihilego|\n|poke|p1|Solrock|\n|poke|p2|Gengar, F|\n|poke|p2|Xurkitree|\n|poke|p2|Iron Treads|\n|poke|p2|Golisopod, F|\n|poke|p2|Arcanine, F|\n|poke|p2|Mew|\n|teampreview\n|\n|t:|1699961367\n|start\n|switch|p1a: Seismitoad|Seismitoad, F|100\/100\n|switch|p2a: Xurkitree|Xurkitree|100\/100\n|turn|1\n|\n|t:|1699961380\n|move|p2a: Xurkitree|Energy Ball|p1a: Seismitoad\n|-supereffective|p1a: Seismitoad\n|-damage|p1a: Seismitoad|0 fnt\n|faint|p1a: Seismitoad\n|-ability|p2a: Xurkitree|Beast Boost|boost\n|-boost|p2a: Xurkitree|spa|1\n|\n|upkeep\n|\n|t:|1699961388\n|switch|p1a: Nihilego|Nihilego, shiny|100\/100\n|turn|2\n|\n|t:|1699961398\n|move|p1a: Nihilego|Sludge Wave|p2a: Xurkitree\n|-crit|p2a: Xurkitree\n|-damage|p2a: Xurkitree|0 fnt\n|faint|p2a: Xurkitree\n|-ability|p1a: Nihilego|Beast Boost|boost\n|-boost|p1a: Nihilego|spa|1\n|\n|upkeep\n|\n|t:|1699961418\n|switch|p2a: Golisopod|Golisopod, F, shiny|100\/100\n|turn|3\n|\n|t:|1699961427\n|move|p1a: Nihilego|Sludge Wave|p2a: Golisopod\n|-damage|p2a: Golisopod|24\/100\n|-enditem|p2a: Golisopod|Aguav Berry|[eat]\n|-heal|p2a: Golisopod|58\/100|[from] item: Aguav Berry\n|move|p2a: Golisopod|Liquidation|p1a: Nihilego\n|-supereffective|p1a: Nihilego\n|-damage|p1a: Nihilego|0 fnt\n|faint|p1a: Nihilego\n|\n|upkeep\n|\n|t:|1699961440\n|switch|p1a: Conkeldurr|Conkeldurr, F|100\/100\n|turn|4\n|\n|t:|1699961451\n|switch|p2a: Arcanine|Arcanine, F|100\/100\n|-ability|p2a: Arcanine|Intimidate|boost\n|-unboost|p1a: Conkeldurr|atk|1\n|move|p1a: Conkeldurr|Fire Punch|p2a: Arcanine\n|-resisted|p2a: Arcanine\n|-damage|p2a: Arcanine|89\/100\n|\n|-heal|p2a: Arcanine|95\/100|[from] item: Leftovers\n|-status|p1a: Conkeldurr|brn|[from] item: Flame Orb\n|upkeep\n|turn|5\n|\n|t:|1699961465\n|switch|p1a: Palossand|Palossand, M, shiny|100\/100\n|move|p2a: Arcanine|Will-O-Wisp|p1a: Palossand\n|-status|p1a: Palossand|brn\n|\n|-heal|p2a: Arcanine|100\/100|[from] item: Leftovers\n|-damage|p1a: Palossand|94\/100 brn|[from] brn\n|upkeep\n|turn|6\n|\n|t:|1699961481\n|move|p2a: Arcanine|Flare Blitz|p1a: Palossand\n|-damage|p1a: Palossand|40\/100 brn\n|-damage|p2a: Arcanine|83\/100|[from] Recoil\n|move|p1a: Palossand|Earth Power|p2a: Arcanine\n|-supereffective|p2a: Arcanine\n|-damage|p2a: Arcanine|0 fnt\n|faint|p2a: Arcanine\n|\n|-damage|p1a: Palossand|34\/100 brn|[from] brn\n|upkeep\n|\n|t:|1699961488\n|switch|p2a: Golisopod|Golisopod, F, shiny|58\/100\n|turn|7\n|\n|t:|1699961495\n|move|p2a: Golisopod|First Impression|p1a: Palossand\n|-resisted|p1a: Palossand\n|-damage|p1a: Palossand|13\/100 brn\n|move|p1a: Palossand|Giga Drain|p2a: Golisopod\n|-damage|p2a: Golisopod|34\/100\n|-heal|p1a: Palossand|24\/100 brn|[from] drain|[of] p2a: Golisopod\n|-activate|p2a: Golisopod|ability: Emergency Exit\n|\n|t:|1699961516\n|switch|p2a: Mew|Mew|100\/100\n|\n|-damage|p1a: Palossand|18\/100 brn|[from] brn\n|upkeep\n|turn|8\n|\n|t:|1699961526\n|move|p2a: Mew|Ice Beam|p1a: Palossand\n|-supereffective|p1a: Palossand\n|-damage|p1a: Palossand|0 fnt\n|faint|p1a: Palossand\n|\n|upkeep\n|inactive|Battle timer is ON: inactive players will automatically lose when time's up. (requested by methaddict45)\n|\n|t:|1699961536\n|switch|p1a: Solrock|Solrock, shiny|100\/100\n|turn|9\n|\n|t:|1699961545\n|move|p2a: Mew|Nasty Plot|p2a: Mew\n|-boost|p2a: Mew|spa|2\n|move|p1a: Solrock|Will-O-Wisp|p2a: Mew\n|-status|p2a: Mew|brn\n|-activate|p2a: Mew|ability: Synchronize\n|-status|p1a: Solrock|brn\n|\n|-damage|p2a: Mew|94\/100 brn|[from] brn\n|-damage|p1a: Solrock|94\/100 brn|[from] brn\n|upkeep\n|turn|10\n|\n|t:|1699961560\n|move|p2a: Mew|Aura Sphere|p1a: Solrock\n|-crit|p1a: Solrock\n|-damage|p1a: Solrock|7\/100 brn\n|move|p1a: Solrock|Stealth Rock|p2a: Mew\n|-sidestart|p2: methaddict45|move: Stealth Rock\n|\n|-heal|p2a: Mew|100\/100 brn|[from] item: Leftovers\n|-damage|p2a: Mew|94\/100 brn|[from] brn\n|-damage|p1a: Solrock|1\/100 brn|[from] brn\n|upkeep\n|turn|11\n|\n|t:|1699961571\n|move|p2a: Mew|Nasty Plot|p2a: Mew\n|-boost|p2a: Mew|spa|2\n|move|p1a: Solrock|Return|p2a: Mew\n|-damage|p2a: Mew|83\/100 brn\n|\n|-heal|p2a: Mew|89\/100 brn|[from] item: Leftovers\n|-damage|p2a: Mew|83\/100 brn|[from] brn\n|-damage|p1a: Solrock|0 fnt|[from] brn\n|faint|p1a: Solrock\n|upkeep\n|\n|t:|1699961583\n|switch|p1a: Houndstone|Houndstone, F|100\/100\n|turn|12\n|\n|t:|1699961590\n|move|p1a: Houndstone|Poltergeist|p2a: Mew\n|-activate|p2a: Mew|move: Poltergeist|Leftovers\n|-supereffective|p2a: Mew\n|-damage|p2a: Mew|0 fnt\n|faint|p2a: Mew\n|\n|upkeep\n|c|\u2606methaddict45|Scarf\n|c|\u2606methaddict45|:(\n|\n|t:|1699961603\n|switch|p2a: Iron Treads|Iron Treads|100\/100\n|-damage|p2a: Iron Treads|97\/100|[from] Stealth Rock\n|turn|13\n|\n|t:|1699961608\n|switch|p1a: Conkeldurr|Conkeldurr, F|100\/100 brn\n|move|p2a: Iron Treads|Earthquake|p1a: Conkeldurr\n|-damage|p1a: Conkeldurr|56\/100 brn\n|\n|-damage|p1a: Conkeldurr|50\/100 brn|[from] brn\n|upkeep\n|turn|14\n|\n|t:|1699961618\n|move|p2a: Iron Treads|Earthquake|p1a: Conkeldurr\n|-damage|p1a: Conkeldurr|7\/100 brn\n|move|p1a: Conkeldurr|Drain Punch|p2a: Iron Treads\n|-supereffective|p2a: Iron Treads\n|-damage|p2a: Iron Treads|0 fnt\n|-heal|p1a: Conkeldurr|45\/100 brn|[from] drain|[of] p2a: Iron Treads\n|faint|p2a: Iron Treads\n|-end|p2a: Iron Treads|Quark Drive|[silent]\n|\n|-damage|p1a: Conkeldurr|39\/100 brn|[from] brn\n|upkeep\n|\n|t:|1699961622\n|switch|p2a: Golisopod|Golisopod, F, shiny|34\/100\n|-damage|p2a: Golisopod|9\/100|[from] Stealth Rock\n|turn|15\n|c|\u2606methaddict45|GG ig\n|\n|t:|1699961633\n|move|p2a: Golisopod|First Impression|p1a: Conkeldurr\n|-resisted|p1a: Conkeldurr\n|-damage|p1a: Conkeldurr|17\/100 brn\n|move|p1a: Conkeldurr|Mach Punch|p2a: Golisopod\n|-resisted|p2a: Golisopod\n|-damage|p2a: Golisopod|0 fnt\n|faint|p2a: Golisopod\n|\n|-damage|p1a: Conkeldurr|11\/100 brn|[from] brn\n|upkeep\n|\n|t:|1699961636\n|switch|p2a: Gengar|Gengar, F|100\/100\n|-damage|p2a: Gengar|88\/100|[from] Stealth Rock\n|turn|16\n|\n|t:|1699961649\n|move|p2a: Gengar|Sludge Wave|p1a: Conkeldurr\n|-damage|p1a: Conkeldurr|0 fnt\n|faint|p1a: Conkeldurr\n|\n|-heal|p2a: Gengar|94\/100|[from] item: Black Sludge\n|upkeep\n|\n|t:|1699961656\n|switch|p1a: Houndstone|Houndstone, F|100\/100\n|turn|17\n|\n|t:|1699961660\n|move|p1a: Houndstone|Poltergeist|p2a: Gengar\n|-activate|p2a: Gengar|move: Poltergeist|Black Sludge\n|-supereffective|p2a: Gengar\n|-damage|p2a: Gengar|0 fnt\n|faint|p2a: Gengar\n|\n|win|KaiserSulyFF\n|raw|KaiserSulyFF's rating: 1107 &rarr; <strong>1135<\/strong><br \/>(+28 for winning)\n|raw|methaddict45's rating: 1142 &rarr; <strong>1114<\/strong><br \/>(-28 for losing)\n|l|\u2606methaddict45\n","uploadtime":1699961697,"views":3,"p1id":"kaisersulyff","p2id":"methaddict45","formatid":"gen9nationaldex","rating":1114,"private":0,"password":""}