{"id":"gen9nationaldex-1993862615","p1":"Kk_shnap","p2":"JogadorCaro","format":"[Gen 9] National Dex","log":"|j|\u2606Kk_shnap\n|j|\u2606JogadorCaro\n|t:|1700366782\n|gametype|singles\n|player|p1|Kk_shnap|leaf-masters|1653\n|player|p2|JogadorCaro|tate|1760\n|teamsize|p1|6\n|teamsize|p2|6\n|gen|9\n|tier|[Gen 9] National Dex\n|rated|\n|rule|HP Percentage Mod: HP is shown in percentages\n|rule|Endless Battle Clause: Forcing endless battles is banned\n|rule|OHKO Clause: OHKO moves are banned\n|rule|Evasion Clause: Evasion abilities, items, and moves are banned\n|rule|Evasion Abilities Clause: Evasion abilities are banned\n|rule|Evasion Items Clause: Evasion items are banned\n|rule|Evasion Moves Clause: Evasion moves are banned\n|rule|Species Clause: Limit one of each Pok\u00e9mon\n|rule|Sleep Clause Mod: Limit one foe put to sleep\n|clearpoke\n|poke|p1|Kyurem|\n|poke|p1|Scizor, M|\n|poke|p1|Zamazenta-*|\n|poke|p1|Zapdos|\n|poke|p1|Volcarona, F|\n|poke|p1|Ting-Lu|\n|poke|p2|Garganacl, M|\n|poke|p2|Zamazenta-*|\n|poke|p2|Volcarona, M|\n|poke|p2|Hoopa-Unbound|\n|poke|p2|Dondozo, M|\n|poke|p2|Rotom-Wash|\n|teampreview\n|\n|t:|1700366789\n|start\n|switch|p1a: Scizor|Scizor, M|100\/100\n|switch|p2a: mulher|Rotom-Wash|100\/100\n|turn|1\n|\n|t:|1700366799\n|switch|p1a: Volcarona|Volcarona, F|100\/100\n|move|p2a: mulher|Hydro Pump|p1a: Volcarona\n|-supereffective|p1a: Volcarona\n|-damage|p1a: Volcarona|35\/100\n|\n|upkeep\n|turn|2\n|\n|t:|1700366806\n|switch|p1a: Ting-Lu|Ting-Lu|100\/100\n|-ability|p1a: Ting-Lu|Vessel of Ruin\n|move|p2a: mulher|Hydro Pump|p1a: Ting-Lu\n|-supereffective|p1a: Ting-Lu\n|-damage|p1a: Ting-Lu|71\/100\n|\n|-heal|p1a: Ting-Lu|77\/100|[from] item: Leftovers\n|upkeep\n|turn|3\n|\n|t:|1700366813\n|move|p2a: mulher|Hydro Pump|p1a: Ting-Lu\n|-supereffective|p1a: Ting-Lu\n|-damage|p1a: Ting-Lu|42\/100\n|move|p1a: Ting-Lu|Stealth Rock|p2a: mulher\n|-sidestart|p2: JogadorCaro|move: Stealth Rock\n|\n|-heal|p1a: Ting-Lu|48\/100|[from] item: Leftovers\n|upkeep\n|turn|4\n|\n|t:|1700366819\n|move|p2a: mulher|Hydro Pump|p1a: Ting-Lu\n|-supereffective|p1a: Ting-Lu\n|-damage|p1a: Ting-Lu|16\/100\n|move|p1a: Ting-Lu|Ruination|p2a: mulher\n|-damage|p2a: mulher|50\/100\n|\n|-heal|p2a: mulher|57\/100|[from] item: Leftovers\n|-heal|p1a: Ting-Lu|22\/100|[from] item: Leftovers\n|upkeep\n|turn|5\n|\n|t:|1700366827\n|switch|p1a: Kyurem|Kyurem|100\/100\n|-ability|p1a: Kyurem|Pressure\n|move|p2a: mulher|Hydro Pump|p1a: Kyurem\n|-resisted|p1a: Kyurem\n|-damage|p1a: Kyurem|83\/100\n|\n|-heal|p2a: mulher|63\/100|[from] item: Leftovers\n|upkeep\n|turn|6\n|\n|t:|1700366834\n|switch|p2a: Toji|Zamazenta|100\/100\n|-damage|p2a: Toji|94\/100|[from] Stealth Rock\n|-ability|p2a: Toji|Dauntless Shield|boost\n|-boost|p2a: Toji|def|1\n|move|p1a: Kyurem|Draco Meteor|p2a: Toji\n|-damage|p2a: Toji|0 fnt\n|-unboost|p1a: Kyurem|spa|2\n|faint|p2a: Toji\n|\n|upkeep\n|\n|t:|1700366842\n|switch|p2a: Endeavor|Volcarona, M|100\/100\n|turn|7\n|\n|t:|1700366846\n|switch|p1a: Ting-Lu|Ting-Lu|22\/100\n|-ability|p1a: Ting-Lu|Vessel of Ruin\n|move|p2a: Endeavor|Quiver Dance|p2a: Endeavor\n|-boost|p2a: Endeavor|spa|1\n|-boost|p2a: Endeavor|spd|1\n|-boost|p2a: Endeavor|spe|1\n|\n|-heal|p1a: Ting-Lu|28\/100|[from] item: Leftovers\n|upkeep\n|turn|8\n|\n|t:|1700366854\n|-terastallize|p1a: Ting-Lu|Poison\n|move|p2a: Endeavor|Fiery Dance|p1a: Ting-Lu\n|-damage|p1a: Ting-Lu|1\/100\n|-boost|p2a: Endeavor|spa|1\n|move|p1a: Ting-Lu|Whirlwind|p2a: Endeavor\n|drag|p2a: Mahoraga|Garganacl, M|100\/100\n|-damage|p2a: Mahoraga|88\/100|[from] Stealth Rock\n|\n|-heal|p1a: Ting-Lu|7\/100|[from] item: Leftovers\n|-heal|p2a: Mahoraga|94\/100|[from] item: Leftovers\n|upkeep\n|turn|9\n|\n|t:|1700366863\n|move|p1a: Ting-Lu|Earthquake|p2a: Mahoraga\n|-supereffective|p2a: Mahoraga\n|-damage|p2a: Mahoraga|54\/100\n|move|p2a: Mahoraga|Salt Cure|p1a: Ting-Lu\n|-damage|p1a: Ting-Lu|0 fnt\n|faint|p1a: Ting-Lu\n|\n|-heal|p2a: Mahoraga|60\/100|[from] item: Leftovers\n|upkeep\n|\n|t:|1700366867\n|switch|p1a: Kyurem|Kyurem|83\/100\n|-ability|p1a: Kyurem|Pressure\n|turn|10\n|\n|t:|1700366874\n|move|p1a: Kyurem|Earth Power|p2a: Mahoraga\n|-supereffective|p2a: Mahoraga\n|-damage|p2a: Mahoraga|0 fnt\n|faint|p2a: Mahoraga\n|\n|upkeep\n|\n|t:|1700366881\n|switch|p2a: Endeavor|Volcarona, M|100\/100\n|turn|11\n|\n|t:|1700366884\n|move|p2a: Endeavor|Quiver Dance|p2a: Endeavor\n|-boost|p2a: Endeavor|spa|1\n|-boost|p2a: Endeavor|spd|1\n|-boost|p2a: Endeavor|spe|1\n|move|p1a: Kyurem|Earth Power|p2a: Endeavor\n|-damage|p2a: Endeavor|68\/100\n|\n|upkeep\n|turn|12\n|\n|t:|1700366890\n|move|p2a: Endeavor|Quiver Dance|p2a: Endeavor\n|-boost|p2a: Endeavor|spa|1\n|-boost|p2a: Endeavor|spd|1\n|-boost|p2a: Endeavor|spe|1\n|move|p1a: Kyurem|Earth Power|p2a: Endeavor\n|-damage|p2a: Endeavor|44\/100\n|\n|upkeep\n|turn|13\n|\n|t:|1700366897\n|move|p2a: Endeavor|Fiery Dance|p1a: Kyurem\n|-damage|p1a: Kyurem|0 fnt\n|-boost|p2a: Endeavor|spa|1\n|faint|p1a: Kyurem\n|\n|upkeep\n|\n|t:|1700366901\n|switch|p1a: Zamazenta|Zamazenta|100\/100\n|-ability|p1a: Zamazenta|Dauntless Shield|boost\n|-boost|p1a: Zamazenta|def|1\n|turn|14\n|\n|t:|1700366905\n|move|p2a: Endeavor|Fiery Dance|p1a: Zamazenta\n|-damage|p1a: Zamazenta|0 fnt\n|faint|p1a: Zamazenta\n|\n|upkeep\n|\n|t:|1700366909\n|switch|p1a: Zapdos|Zapdos|100\/100\n|turn|15\n|\n|t:|1700366912\n|move|p2a: Endeavor|Fiery Dance|p1a: Zapdos\n|-crit|p1a: Zapdos\n|-damage|p1a: Zapdos|0 fnt\n|faint|p1a: Zapdos\n|\n|upkeep\n|-message|Kk_shnap forfeited.\n|\n|win|JogadorCaro\n|raw|Kk_shnap's rating: 1653 &rarr; <strong>1639<\/strong><br \/>(-14 for losing)\n|raw|JogadorCaro's rating: 1760 &rarr; <strong>1774<\/strong><br \/>(+14 for winning)\n|l|\u2606Kk_shnap\n","uploadtime":1700366922,"views":9,"p1id":"kkshnap","p2id":"jogadorcaro","formatid":"gen9nationaldex","rating":1639,"private":0,"password":""}