{"id":"gen9nationaldex-1998875310","p1":"lawrenceyu","p2":"Brumottidepresso","format":"[Gen 9] National Dex","log":"|html|<div class=\"broadcast-blue\"><strong>[Gen 9] National Dex is currently suspecting Sneasler! For information on how to participate check out the <a href=\"https:\/\/www.smogon.com\/forums\/threads\/sv-national-dex-suspect-8-just-dance.3731534\/\">suspect thread<\/a>.<\/strong><\/div>\n|j|\u2606lawrenceyu\n|j|\u2606Brumottidepresso\n|t:|1701006991\n|gametype|singles\n|player|p1|lawrenceyu|1|1573\n|player|p2|Brumottidepresso|sage|1487\n|teamsize|p1|6\n|teamsize|p2|6\n|gen|9\n|tier|[Gen 9] National Dex\n|rated|\n|rule|HP Percentage Mod: HP is shown in percentages\n|rule|Endless Battle Clause: Forcing endless battles is banned\n|rule|OHKO Clause: OHKO moves are banned\n|rule|Evasion Clause: Evasion abilities, items, and moves are banned\n|rule|Evasion Abilities Clause: Evasion abilities are banned\n|rule|Evasion Items Clause: Evasion items are banned\n|rule|Evasion Moves Clause: Evasion moves are banned\n|rule|Species Clause: Limit one of each Pok\u00e9mon\n|rule|Sleep Clause Mod: Limit one foe put to sleep\n|clearpoke\n|poke|p1|Toxapex, M|\n|poke|p1|Sirfetch\u2019d, F|\n|poke|p1|Tapu Lele|\n|poke|p1|Ferrothorn, F|\n|poke|p1|Landorus-Therian, M|\n|poke|p1|Diancie|\n|poke|p2|Slowbro, F|\n|poke|p2|Xatu, F|\n|poke|p2|Blaziken, M|\n|poke|p2|Ting-Lu|\n|poke|p2|Goodra-Hisui, M|\n|poke|p2|Ogerpon-Wellspring, F|\n|teampreview\n|inactive|Battle timer is ON: inactive players will automatically lose when time's up. (requested by lawrenceyu)\n|\n|t:|1701007003\n|start\n|switch|p1a: Sirfetch\u2019d|Sirfetch\u2019d, F|100\/100\n|switch|p2a: Xatu|Xatu, F, shiny|100\/100\n|turn|1\n|\n|t:|1701007010\n|move|p2a: Xatu|Trick|p1a: Sirfetch\u2019d\n|-activate|p2a: Xatu|move: Trick|[of] p1a: Sirfetch\u2019d\n|-item|p1a: Sirfetch\u2019d|Choice Scarf|[from] move: Trick\n|-item|p2a: Xatu|Leek|[from] move: Trick\n|move|p1a: Sirfetch\u2019d|Knock Off|p2a: Xatu\n|-supereffective|p2a: Xatu\n|-damage|p2a: Xatu|0 fnt\n|-enditem|p2a: Xatu|Leek|[from] move: Knock Off|[of] p1a: Sirfetch\u2019d\n|faint|p2a: Xatu\n|\n|upkeep\n|\n|t:|1701007018\n|switch|p2a: Slowbro|Slowbro, F|100\/100\n|turn|2\n|\n|t:|1701007022\n|detailschange|p2a: Slowbro|Slowbro-Mega, F\n|-mega|p2a: Slowbro|Slowbro|Slowbronite\n|move|p1a: Sirfetch\u2019d|Knock Off|p2a: Slowbro\n|-supereffective|p2a: Slowbro\n|-damage|p2a: Slowbro|81\/100\n|move|p2a: Slowbro|Thunder Wave|p1a: Sirfetch\u2019d\n|-status|p1a: Sirfetch\u2019d|par\n|\n|upkeep\n|turn|3\n|\n|t:|1701007033\n|move|p1a: Sirfetch\u2019d|Knock Off|p2a: Slowbro\n|-supereffective|p2a: Slowbro\n|-damage|p2a: Slowbro|59\/100\n|move|p2a: Slowbro|Thunder Wave|p1a: Sirfetch\u2019d\n|-fail|p1a: Sirfetch\u2019d|par\n|\n|upkeep\n|turn|4\n|\n|t:|1701007041\n|switch|p1a: Landorus|Landorus-Therian, M|100\/100\n|-ability|p1a: Landorus|Intimidate|boost\n|-unboost|p2a: Slowbro|atk|1\n|move|p2a: Slowbro|Slack Off|p2a: Slowbro\n|-heal|p2a: Slowbro|100\/100\n|\n|upkeep\n|turn|5\n|\n|t:|1701007049\n|move|p1a: Landorus|U-turn|p2a: Slowbro\n|-supereffective|p2a: Slowbro\n|-damage|p2a: Slowbro|78\/100\n|\n|t:|1701007052\n|switch|p1a: Sirfetch\u2019d|Sirfetch\u2019d, F|100\/100 par|[from] U-turn\n|move|p2a: Slowbro|Scald|p1a: Sirfetch\u2019d\n|-damage|p1a: Sirfetch\u2019d|55\/100 par\n|\n|upkeep\n|turn|6\n|\n|t:|1701007059\n|switch|p2a: Goodra|Goodra-Hisui, M|100\/100\n|move|p1a: Sirfetch\u2019d|First Impression|p2a: Goodra\n|-resisted|p2a: Goodra\n|-damage|p2a: Goodra|85\/100\n|\n|upkeep\n|turn|7\n|\n|t:|1701007066\n|switch|p1a: Toxapex|Toxapex, M|100\/100\n|move|p2a: Goodra|Ice Beam|p1a: Toxapex\n|-resisted|p1a: Toxapex\n|-damage|p1a: Toxapex|87\/100\n|\n|upkeep\n|turn|8\n|\n|t:|1701007078\n|switch|p1a: Sirfetch\u2019d|Sirfetch\u2019d, F|55\/100 par\n|move|p2a: Goodra|Draco Meteor|p1a: Sirfetch\u2019d\n|-damage|p1a: Sirfetch\u2019d|0 fnt\n|-unboost|p2a: Goodra|spa|2\n|faint|p1a: Sirfetch\u2019d\n|\n|upkeep\n|\n|t:|1701007089\n|switch|p1a: Diancie|Diancie|100\/100\n|turn|9\n|\n|t:|1701007099\n|move|p1a: Diancie|Stealth Rock|p2a: Goodra\n|-sidestart|p2: Brumottidepresso|move: Stealth Rock\n|move|p2a: Goodra|Flash Cannon|p1a: Diancie\n|-supereffective|p1a: Diancie\n|-damage|p1a: Diancie|16\/100\n|\n|upkeep\n|turn|10\n|\n|t:|1701007105\n|switch|p1a: Ferrothorn|Ferrothorn, F|100\/100\n|move|p2a: Goodra|Ice Beam|p1a: Ferrothorn\n|-damage|p1a: Ferrothorn|90\/100\n|\n|-heal|p1a: Ferrothorn|96\/100|[from] item: Leftovers\n|upkeep\n|turn|11\n|\n|t:|1701007119\n|switch|p2a: Ogerpon|Ogerpon-Wellspring, F|100\/100\n|-damage|p2a: Ogerpon|88\/100|[from] Stealth Rock\n|move|p1a: Ferrothorn|Spikes|p2a: Ogerpon\n|-sidestart|p2: Brumottidepresso|Spikes\n|\n|-heal|p1a: Ferrothorn|100\/100|[from] item: Leftovers\n|upkeep\n|turn|12\n|-message|Brumottidepresso forfeited.\n|\n|win|lawrenceyu\n|raw|lawrenceyu's rating: 1573 &rarr; <strong>1588<\/strong><br \/>(+15 for winning)\n|raw|Brumottidepresso's rating: 1487 &rarr; <strong>1472<\/strong><br \/>(-15 for losing)\n|l|\u2606Brumottidepresso\n","uploadtime":1701007131,"views":1,"p1id":"lawrenceyu","p2id":"brumottidepresso","formatid":"gen9nationaldex","rating":1472,"private":0,"password":""}