{"id":"gen9nationaldex-1989561708","p1":"realested","p2":"ogerponice","format":"[Gen 9] National Dex","log":"|j|\u2606realested\n|j|\u2606ogerponice\n|t:|1699871600\n|gametype|singles\n|player|p1|realested|biker-gen4|1154\n|player|p2|ogerponice|nurse|1294\n|teamsize|p1|6\n|teamsize|p2|6\n|gen|9\n|tier|[Gen 9] National Dex\n|rated|\n|rule|HP Percentage Mod: HP is shown in percentages\n|rule|Endless Battle Clause: Forcing endless battles is banned\n|rule|OHKO Clause: OHKO moves are banned\n|rule|Evasion Clause: Evasion abilities, items, and moves are banned\n|rule|Evasion Abilities Clause: Evasion abilities are banned\n|rule|Evasion Items Clause: Evasion items are banned\n|rule|Evasion Moves Clause: Evasion moves are banned\n|rule|Species Clause: Limit one of each Pok\u00e9mon\n|rule|Sleep Clause Mod: Limit one foe put to sleep\n|clearpoke\n|poke|p1|Aggron, F|\n|poke|p1|Xurkitree|\n|poke|p1|Runerigus, M|\n|poke|p1|Zapdos|\n|poke|p1|Urshifu-*, F|\n|poke|p1|Toxapex, F|\n|poke|p2|Toxapex, M|\n|poke|p2|Dondozo, F|\n|poke|p2|Garganacl, F|\n|poke|p2|Sableye, F|\n|poke|p2|Clodsire, F|\n|poke|p2|Gliscor, F|\n|teampreview\n|inactive|Battle timer is ON: inactive players will automatically lose when time's up. (requested by ogerponice)\n|\n|t:|1699871613\n|start\n|switch|p1a: Xurkitree|Xurkitree|100\/100\n|switch|p2a: \u52fe\u54e5|Sableye, F|100\/100\n|turn|1\n|\n|t:|1699871621\n|detailschange|p2a: \u52fe\u54e5|Sableye-Mega, F\n|-mega|p2a: \u52fe\u54e5|Sableye|Sablenite\n|move|p2a: \u52fe\u54e5|Protect|p2a: \u52fe\u54e5\n|-singleturn|p2a: \u52fe\u54e5|Protect\n|move|p1a: Xurkitree|Dazzling Gleam|p2a: \u52fe\u54e5\n|-activate|p2a: \u52fe\u54e5|move: Protect\n|\n|upkeep\n|turn|2\n|\n|t:|1699871645\n|switch|p1a: Zapdos|Zapdos, shiny|100\/100\n|switch|p2a: \u571f\u738b~|Clodsire, F|100\/100\n|\n|upkeep\n|turn|3\n|\n|t:|1699871655\n|move|p1a: Zapdos|Heat Wave|p2a: \u571f\u738b~\n|-damage|p2a: \u571f\u738b~|86\/100\n|move|p2a: \u571f\u738b~|Spikes|p1a: Zapdos\n|-sidestart|p1: realested|Spikes\n|\n|upkeep\n|turn|4\n|\n|t:|1699871662\n|move|p1a: Zapdos|Heat Wave|p2a: \u571f\u738b~\n|-damage|p2a: \u571f\u738b~|72\/100\n|move|p2a: \u571f\u738b~|Spikes|p1a: Zapdos\n|-sidestart|p1: realested|Spikes\n|\n|upkeep\n|turn|5\n|\n|t:|1699871669\n|move|p1a: Zapdos|Defog|p2a: \u571f\u738b~\n|-unboost|p2a: \u571f\u738b~|evasion|1\n|-sideend|p1: realested|Spikes|[from] move: Defog|[of] p1a: Zapdos\n|move|p2a: \u571f\u738b~|Spikes|p1a: Zapdos\n|-sidestart|p1: realested|Spikes\n|\n|upkeep\n|turn|6\n|\n|t:|1699871676\n|move|p1a: Zapdos|Heat Wave|p2a: \u571f\u738b~\n|-damage|p2a: \u571f\u738b~|56\/100\n|move|p2a: \u571f\u738b~|Poison Jab|p1a: Zapdos\n|-damage|p1a: Zapdos|75\/100\n|\n|upkeep\n|turn|7\n|\n|t:|1699871682\n|move|p1a: Zapdos|Heat Wave|p2a: \u571f\u738b~\n|-damage|p2a: \u571f\u738b~|39\/100\n|-status|p2a: \u571f\u738b~|brn\n|move|p2a: \u571f\u738b~|Recover|p2a: \u571f\u738b~\n|-heal|p2a: \u571f\u738b~|89\/100 brn\n|\n|-damage|p2a: \u571f\u738b~|83\/100 brn|[from] brn\n|upkeep\n|turn|8\n|\n|t:|1699871690\n|move|p1a: Zapdos|Defog|p2a: \u571f\u738b~\n|-unboost|p2a: \u571f\u738b~|evasion|1\n|-sideend|p1: realested|Spikes|[from] move: Defog|[of] p1a: Zapdos\n|move|p2a: \u571f\u738b~|Poison Jab|p1a: Zapdos\n|-damage|p1a: Zapdos|62\/100\n|\n|-damage|p2a: \u571f\u738b~|77\/100 brn|[from] brn\n|upkeep\n|turn|9\n|\n|t:|1699871701\n|switch|p1a: Aggron|Aggron, F, shiny|100\/100\n|move|p2a: \u571f\u738b~|Spikes|p1a: Aggron\n|-sidestart|p1: realested|Spikes\n|\n|-damage|p2a: \u571f\u738b~|71\/100 brn|[from] brn\n|upkeep\n|turn|10\n|\n|t:|1699871711\n|detailschange|p1a: Aggron|Aggron-Mega, F, shiny\n|-mega|p1a: Aggron|Aggron|Aggronite\n|move|p2a: \u571f\u738b~|Earthquake|p1a: Aggron\n|-supereffective|p1a: Aggron\n|-damage|p1a: Aggron|91\/100\n|move|p1a: Aggron|Dragon Tail|p2a: \u571f\u738b~\n|-damage|p2a: \u571f\u738b~|48\/100 brn\n|drag|p2a: \u76d0\u738b\u7237|Garganacl, F|100\/100\n|\n|upkeep\n|turn|11\n|\n|t:|1699871726\n|-terastallize|p2a: \u76d0\u738b\u7237|Water\n|move|p1a: Aggron|Iron Defense|p1a: Aggron\n|-boost|p1a: Aggron|def|2\n|move|p2a: \u76d0\u738b\u7237|Salt Cure|p1a: Aggron\n|-resisted|p1a: Aggron\n|-damage|p1a: Aggron|89\/100\n|-start|p1a: Aggron|Salt Cure\n|\n|-damage|p1a: Aggron|65\/100|[from] Salt Cure\n|upkeep\n|turn|12\n|c|\u2606realested|\u6765\u5bf9\u6251\n|\n|t:|1699871743\n|move|p1a: Aggron|Body Press|p2a: \u76d0\u738b\u7237\n|-damage|p2a: \u76d0\u738b\u7237|47\/100\n|move|p2a: \u76d0\u738b\u7237|Stealth Rock|p1a: Aggron\n|-sidestart|p1: realested|move: Stealth Rock\n|\n|-heal|p2a: \u76d0\u738b\u7237|53\/100|[from] item: Leftovers\n|-damage|p1a: Aggron|40\/100|[from] Salt Cure\n|upkeep\n|turn|13\n|\n|t:|1699871749\n|move|p2a: \u76d0\u738b\u7237|Protect|p2a: \u76d0\u738b\u7237\n|-singleturn|p2a: \u76d0\u738b\u7237|Protect\n|move|p1a: Aggron|Body Press|p2a: \u76d0\u738b\u7237\n|-activate|p2a: \u76d0\u738b\u7237|move: Protect\n|\n|-heal|p2a: \u76d0\u738b\u7237|60\/100|[from] item: Leftovers\n|-damage|p1a: Aggron|15\/100|[from] Salt Cure\n|upkeep\n|turn|14\n|\n|t:|1699871756\n|move|p1a: Aggron|Body Press|p2a: \u76d0\u738b\u7237\n|-damage|p2a: \u76d0\u738b\u7237|4\/100\n|move|p2a: \u76d0\u738b\u7237|Recover|p2a: \u76d0\u738b\u7237\n|-heal|p2a: \u76d0\u738b\u7237|54\/100\n|\n|-heal|p2a: \u76d0\u738b\u7237|60\/100|[from] item: Leftovers\n|-damage|p1a: Aggron|0 fnt|[from] Salt Cure\n|faint|p1a: Aggron\n|upkeep\n|\n|t:|1699871764\n|switch|p1a: Xurkitree|Xurkitree|100\/100\n|-damage|p1a: Xurkitree|88\/100|[from] Spikes\n|-damage|p1a: Xurkitree|76\/100|[from] Stealth Rock\n|turn|15\n|\n|t:|1699871778\n|switch|p2a: \u571f\u738b~|Clodsire, F|48\/100 brn\n|move|p1a: Xurkitree|Tail Glow|p1a: Xurkitree\n|-boost|p1a: Xurkitree|spa|3\n|\n|-damage|p2a: \u571f\u738b~|42\/100 brn|[from] brn\n|upkeep\n|turn|16\n|\n|t:|1699871784\n|-zpower|p1a: Xurkitree\n|move|p1a: Xurkitree|Z-Hypnosis||[anim]Hypnosis|[still]\n|-boost|p1a: Xurkitree|spe|1|[zeffect]\n|-fail|p1a: Xurkitree\n|move|p2a: \u571f\u738b~|Recover|p2a: \u571f\u738b~\n|-heal|p2a: \u571f\u738b~|92\/100 brn\n|\n|-damage|p2a: \u571f\u738b~|86\/100 brn|[from] brn\n|upkeep\n|turn|17\n|inactive|realested has 120 seconds left.\n|c|\u2606realested|\u6211\u8279\u5bf9\u7740\u707c\u70e7\u70b9\uff0c\uff0c\n|\n|t:|1699871835\n|switch|p1a: Zapdos|Zapdos, shiny|62\/100\n|move|p2a: \u571f\u738b~|Earthquake|p1a: Zapdos\n|-immune|p1a: Zapdos\n|\n|-damage|p2a: \u571f\u738b~|79\/100 brn|[from] brn\n|upkeep\n|turn|18\n|\n|t:|1699871844\n|switch|p2a: \u52fe\u54e5|Sableye-Mega, F|100\/100\n|move|p1a: Zapdos|Defog|p2a: \u52fe\u54e5\n|move|p2a: \u52fe\u54e5|Defog|p1a: Zapdos|[from]ability: Magic Bounce\n|-unboost|p1a: Zapdos|evasion|1\n|-sideend|p1: realested|Spikes|[from] move: Defog|[of] p2a: \u52fe\u54e5\n|-sideend|p1: realested|Stealth Rock|[from] move: Defog|[of] p2a: \u52fe\u54e5\n|\n|upkeep\n|turn|19\n|\n|t:|1699871855\n|move|p1a: Zapdos|Volt Switch|p2a: \u52fe\u54e5\n|-damage|p2a: \u52fe\u54e5|67\/100\n|\n|t:|1699871862\n|switch|p1a: Toxapex|Toxapex, F, shiny|100\/100|[from] Volt Switch\n|move|p2a: \u52fe\u54e5|Will-O-Wisp|p1a: Toxapex|[miss]\n|-miss|p2a: \u52fe\u54e5|p1a: Toxapex\n|\n|upkeep\n|turn|20\n|\n|t:|1699871873\n|move|p1a: Toxapex|Knock Off|p2a: \u52fe\u54e5\n|-damage|p2a: \u52fe\u54e5|58\/100\n|move|p2a: \u52fe\u54e5|Knock Off|p1a: Toxapex\n|-damage|p1a: Toxapex|81\/100\n|-enditem|p1a: Toxapex|Black Sludge|[from] move: Knock Off|[of] p2a: \u52fe\u54e5\n|\n|upkeep\n|turn|21\n|\n|t:|1699871882\n|move|p1a: Toxapex|Baneful Bunker|p1a: Toxapex\n|-singleturn|p1a: Toxapex|move: Protect\n|move|p2a: \u52fe\u54e5|Will-O-Wisp|p1a: Toxapex\n|-activate|p1a: Toxapex|move: Protect\n|\n|upkeep\n|turn|22\n|\n|t:|1699871894\n|switch|p1a: Runerigus|Runerigus, M, shiny|100\/100\n|move|p2a: \u52fe\u54e5|Recover|p2a: \u52fe\u54e5\n|-heal|p2a: \u52fe\u54e5|100\/100\n|\n|upkeep\n|turn|23\n|\n|t:|1699871908\n|move|p1a: Runerigus|Protect|p1a: Runerigus\n|-singleturn|p1a: Runerigus|Protect\n|move|p2a: \u52fe\u54e5|Will-O-Wisp|p1a: Runerigus\n|-activate|p1a: Runerigus|move: Protect\n|\n|upkeep\n|turn|24\n|inactive|realested has 120 seconds left.\n|\n|t:|1699871918\n|switch|p2a: \u9738\u54e5|Dondozo, F|100\/100\n|move|p1a: Runerigus|Poltergeist|p2a: \u9738\u54e5\n|-activate|p2a: \u9738\u54e5|move: Poltergeist|Leftovers\n|-crit|p2a: \u9738\u54e5\n|-damage|p2a: \u9738\u54e5|76\/100\n|\n|-heal|p2a: \u9738\u54e5|82\/100|[from] item: Leftovers\n|upkeep\n|turn|25\n|inactive|realested has 120 seconds left.\n|\n|t:|1699871947\n|move|p2a: \u9738\u54e5|Liquidation|p1a: Runerigus\n|-supereffective|p1a: Runerigus\n|-damage|p1a: Runerigus|59\/100\n|-activate|p1a: Runerigus|ability: Wandering Spirit|Unaware|Wandering Spirit|[of] p2a: \u9738\u54e5\n|move|p1a: Runerigus|Stealth Rock|p2a: \u9738\u54e5\n|-sidestart|p2: ogerponice|move: Stealth Rock\n|\n|-heal|p2a: \u9738\u54e5|89\/100|[from] item: Leftovers\n|-heal|p1a: Runerigus|65\/100|[from] item: Leftovers\n|upkeep\n|turn|26\n|\n|t:|1699871963\n|switch|p2a: \u5929\u874e|Gliscor, F|100\/100\n|-damage|p2a: \u5929\u874e|88\/100|[from] Stealth Rock\n|switch|p1a: Zapdos|Zapdos, shiny|62\/100\n|\n|-status|p2a: \u5929\u874e|tox|[from] item: Toxic Orb\n|upkeep\n|turn|27\n|\n|t:|1699871975\n|switch|p1a: Toxapex|Toxapex, F, shiny|100\/100\n|move|p2a: \u5929\u874e|Toxic|p1a: Toxapex\n|-immune|p1a: Toxapex\n|\n|-heal|p2a: \u5929\u874e|100\/100 tox|[from] ability: Poison Heal\n|upkeep\n|turn|28\n|\n|t:|1699871982\n|move|p2a: \u5929\u874e|Defog|p1a: Toxapex\n|-unboost|p1a: Toxapex|evasion|1\n|-sideend|p2: ogerponice|Stealth Rock|[from] move: Defog|[of] p2a: \u5929\u874e\n|move|p1a: Toxapex|Knock Off|p2a: \u5929\u874e\n|-damage|p2a: \u5929\u874e|91\/100 tox\n|-enditem|p2a: \u5929\u874e|Toxic Orb|[from] move: Knock Off|[of] p1a: Toxapex\n|\n|-heal|p2a: \u5929\u874e|100\/100 tox|[from] ability: Poison Heal\n|upkeep\n|turn|29\n|inactive|realested has 120 seconds left.\n|\n|t:|1699871996\n|switch|p2a: \u52fe\u54e5|Sableye-Mega, F|100\/100\n|switch|p1a: Urshifu|Urshifu-Rapid-Strike, F|100\/100\n|\n|upkeep\n|turn|30\n|inactive|realested has 120 seconds left.\n|\n|t:|1699872014\n|switch|p1a: Toxapex|Toxapex, F, shiny|100\/100\n|switch|p2a: \u574f\u574f|Toxapex, M|100\/100\n|\n|upkeep\n|turn|31\n|\n|t:|1699872022\n|move|p1a: Toxapex|Knock Off|p2a: \u574f\u574f\n|-damage|p2a: \u574f\u574f|88\/100\n|-enditem|p2a: \u574f\u574f|Heavy-Duty Boots|[from] move: Knock Off|[of] p1a: Toxapex\n|move|p2a: \u574f\u574f|Scald|p1a: Toxapex\n|-resisted|p1a: Toxapex\n|-damage|p1a: Toxapex|95\/100\n|-status|p1a: Toxapex|brn\n|\n|-damage|p1a: Toxapex|89\/100 brn|[from] brn\n|upkeep\n|turn|32\n|inactive|realested has 120 seconds left.\n|\n|t:|1699872042\n|switch|p2a: \u76d0\u738b\u7237|Garganacl, F, tera:Water|60\/100\n|switch|p1a: Zapdos|Zapdos, shiny|62\/100\n|\n|-heal|p2a: \u76d0\u738b\u7237|66\/100|[from] item: Leftovers\n|upkeep\n|turn|33\n|\n|t:|1699872049\n|move|p2a: \u76d0\u738b\u7237|Protect|p2a: \u76d0\u738b\u7237\n|-singleturn|p2a: \u76d0\u738b\u7237|Protect\n|move|p1a: Zapdos|Volt Switch|p2a: \u76d0\u738b\u7237\n|-activate|p2a: \u76d0\u738b\u7237|move: Protect\n|\n|-heal|p2a: \u76d0\u738b\u7237|73\/100|[from] item: Leftovers\n|upkeep\n|turn|34\n|\n|t:|1699872058\n|switch|p2a: \u5929\u874e|Gliscor, F|100\/100 tox\n|move|p1a: Zapdos|Volt Switch|p2a: \u5929\u874e\n|-immune|p2a: \u5929\u874e\n|\n|upkeep\n|turn|35\n|\n|t:|1699872078\n|switch|p1a: Runerigus|Runerigus, M, shiny|65\/100\n|switch|p2a: \u76d0\u738b\u7237|Garganacl, F, tera:Water|73\/100\n|\n|-heal|p2a: \u76d0\u738b\u7237|79\/100|[from] item: Leftovers\n|-heal|p1a: Runerigus|71\/100|[from] item: Leftovers\n|upkeep\n|turn|36\n|\n|t:|1699872092\n|move|p1a: Runerigus|Protect|p1a: Runerigus\n|-singleturn|p1a: Runerigus|Protect\n|move|p2a: \u76d0\u738b\u7237|Stealth Rock|p1a: Runerigus\n|-sidestart|p1: realested|move: Stealth Rock\n|\n|-heal|p2a: \u76d0\u738b\u7237|85\/100|[from] item: Leftovers\n|-heal|p1a: Runerigus|77\/100|[from] item: Leftovers\n|upkeep\n|turn|37\n|\n|t:|1699872107\n|move|p2a: \u76d0\u738b\u7237|Salt Cure|p1a: Runerigus\n|-resisted|p1a: Runerigus\n|-damage|p1a: Runerigus|73\/100\n|-start|p1a: Runerigus|Salt Cure\n|move|p1a: Runerigus|Poltergeist|p2a: \u76d0\u738b\u7237\n|-activate|p2a: \u76d0\u738b\u7237|move: Poltergeist|Leftovers\n|-damage|p2a: \u76d0\u738b\u7237|73\/100\n|\n|-heal|p2a: \u76d0\u738b\u7237|79\/100|[from] item: Leftovers\n|-heal|p1a: Runerigus|79\/100|[from] item: Leftovers\n|-damage|p1a: Runerigus|66\/100|[from] Salt Cure\n|upkeep\n|turn|38\n|\n|t:|1699872122\n|switch|p1a: Urshifu|Urshifu-Rapid-Strike, F|100\/100\n|-damage|p1a: Urshifu|94\/100|[from] Stealth Rock\n|move|p2a: \u76d0\u738b\u7237|Salt Cure|p1a: Urshifu\n|-resisted|p1a: Urshifu\n|-damage|p1a: Urshifu|87\/100\n|-start|p1a: Urshifu|Salt Cure\n|\n|-heal|p2a: \u76d0\u738b\u7237|86\/100|[from] item: Leftovers\n|-damage|p1a: Urshifu|62\/100|[from] Salt Cure\n|upkeep\n|turn|39\n|\n|t:|1699872134\n|switch|p1a: Zapdos|Zapdos, shiny|62\/100\n|move|p2a: \u76d0\u738b\u7237|Protect||[still]\n|-fail|p2a: \u76d0\u738b\u7237\n|\n|-heal|p2a: \u76d0\u738b\u7237|92\/100|[from] item: Leftovers\n|upkeep\n|turn|40\n|\n|t:|1699872145\n|switch|p1a: Urshifu|Urshifu-Rapid-Strike, F|62\/100\n|-damage|p1a: Urshifu|56\/100|[from] Stealth Rock\n|switch|p2a: \u52fe\u54e5|Sableye-Mega, F|100\/100\n|\n|upkeep\n|turn|41\n|\n|t:|1699872162\n|switch|p1a: Toxapex|Toxapex, F, shiny|100\/100 brn\n|-damage|p1a: Toxapex|88\/100 brn|[from] Stealth Rock\n|move|p2a: \u52fe\u54e5|Will-O-Wisp|p1a: Toxapex\n|-fail|p1a: Toxapex|brn\n|\n|-damage|p1a: Toxapex|82\/100 brn|[from] brn\n|upkeep\n|turn|42\n|\n|t:|1699872176\n|switch|p2a: \u76d0\u738b\u7237|Garganacl, F, tera:Water|92\/100\n|move|p1a: Toxapex|Baneful Bunker||[still]\n|-fail|p1a: Toxapex\n|\n|-heal|p2a: \u76d0\u738b\u7237|98\/100|[from] item: Leftovers\n|-damage|p1a: Toxapex|75\/100 brn|[from] brn\n|upkeep\n|turn|43\n|\n|t:|1699872185\n|switch|p1a: Runerigus|Runerigus, M, shiny|66\/100\n|-damage|p1a: Runerigus|60\/100|[from] Stealth Rock\n|move|p2a: \u76d0\u738b\u7237|Salt Cure|p1a: Runerigus\n|-resisted|p1a: Runerigus\n|-damage|p1a: Runerigus|56\/100\n|-start|p1a: Runerigus|Salt Cure\n|\n|-heal|p2a: \u76d0\u738b\u7237|100\/100|[from] item: Leftovers\n|-heal|p1a: Runerigus|62\/100|[from] item: Leftovers\n|-damage|p1a: Runerigus|50\/100|[from] Salt Cure\n|upkeep\n|turn|44\n|\n|t:|1699872199\n|switch|p2a: \u571f\u738b~|Clodsire, F|79\/100 brn\n|move|p1a: Runerigus|Earthquake|p2a: \u571f\u738b~\n|-supereffective|p2a: \u571f\u738b~\n|-damage|p2a: \u571f\u738b~|0 fnt\n|faint|p2a: \u571f\u738b~\n|\n|-heal|p1a: Runerigus|56\/100|[from] item: Leftovers\n|-damage|p1a: Runerigus|43\/100|[from] Salt Cure\n|upkeep\n|\n|t:|1699872213\n|switch|p2a: \u5929\u874e|Gliscor, F|100\/100 tox\n|turn|45\n|\n|t:|1699872222\n|switch|p1a: Zapdos|Zapdos, shiny|62\/100\n|move|p2a: \u5929\u874e|Earthquake|p1a: Zapdos\n|-immune|p1a: Zapdos\n|\n|upkeep\n|turn|46\n|\n|t:|1699872228\n|move|p1a: Zapdos|Defog|p2a: \u5929\u874e\n|-unboost|p2a: \u5929\u874e|evasion|1\n|-sideend|p1: realested|Stealth Rock|[from] move: Defog|[of] p1a: Zapdos\n|move|p2a: \u5929\u874e|Toxic|p1a: Zapdos\n|-status|p1a: Zapdos|tox\n|\n|-damage|p1a: Zapdos|55\/100 tox|[from] psn\n|upkeep\n|turn|47\n|\n|t:|1699872247\n|switch|p1a: Urshifu|Urshifu-Rapid-Strike, F|56\/100\n|move|p2a: \u5929\u874e|Earthquake|p1a: Urshifu\n|-damage|p1a: Urshifu|25\/100\n|\n|upkeep\n|turn|48\n|\n|t:|1699872256\n|switch|p2a: \u76d0\u738b\u7237|Garganacl, F, tera:Water|100\/100\n|move|p1a: Urshifu|Drain Punch|p2a: \u76d0\u738b\u7237\n|-damage|p2a: \u76d0\u738b\u7237|76\/100\n|-heal|p1a: Urshifu|40\/100|[from] drain|[of] p2a: \u76d0\u738b\u7237\n|\n|-heal|p2a: \u76d0\u738b\u7237|83\/100|[from] item: Leftovers\n|upkeep\n|turn|49\n|\n|t:|1699872270\n|switch|p1a: Xurkitree|Xurkitree|76\/100\n|move|p2a: \u76d0\u738b\u7237|Salt Cure|p1a: Xurkitree\n|-damage|p1a: Xurkitree|56\/100\n|-start|p1a: Xurkitree|Salt Cure\n|\n|-heal|p2a: \u76d0\u738b\u7237|89\/100|[from] item: Leftovers\n|-damage|p1a: Xurkitree|44\/100|[from] Salt Cure\n|upkeep\n|turn|50\n|\n|t:|1699872280\n|move|p2a: \u76d0\u738b\u7237|Protect|p2a: \u76d0\u738b\u7237\n|-singleturn|p2a: \u76d0\u738b\u7237|Protect\n|move|p1a: Xurkitree|Dazzling Gleam|p2a: \u76d0\u738b\u7237\n|-activate|p2a: \u76d0\u738b\u7237|move: Protect\n|\n|-heal|p2a: \u76d0\u738b\u7237|95\/100|[from] item: Leftovers\n|-damage|p1a: Xurkitree|31\/100|[from] Salt Cure\n|upkeep\n|turn|51\n|\n|t:|1699872295\n|switch|p2a: \u574f\u574f|Toxapex, M|100\/100\n|move|p1a: Xurkitree|Discharge|p2a: \u574f\u574f\n|-supereffective|p2a: \u574f\u574f\n|-damage|p2a: \u574f\u574f|31\/100\n|\n|-damage|p1a: Xurkitree|19\/100|[from] Salt Cure\n|upkeep\n|turn|52\n|\n|t:|1699872306\n|switch|p2a: \u5929\u874e|Gliscor, F|100\/100 tox\n|move|p1a: Xurkitree|Discharge|p2a: \u5929\u874e\n|-immune|p2a: \u5929\u874e\n|\n|-damage|p1a: Xurkitree|7\/100|[from] Salt Cure\n|upkeep\n|turn|53\n|\n|t:|1699872316\n|move|p1a: Xurkitree|Dazzling Gleam|p2a: \u5929\u874e\n|-damage|p2a: \u5929\u874e|54\/100 tox\n|move|p2a: \u5929\u874e|Toxic|p1a: Xurkitree\n|-status|p1a: Xurkitree|tox\n|\n|-damage|p1a: Xurkitree|0 fnt|[from] psn\n|faint|p1a: Xurkitree\n|-heal|p2a: \u5929\u874e|66\/100 tox|[from] ability: Poison Heal\n|upkeep\n|\n|t:|1699872322\n|switch|p1a: Urshifu|Urshifu-Rapid-Strike, F|40\/100\n|turn|54\n|\n|t:|1699872332\n|switch|p2a: \u9738\u54e5|Dondozo, F|89\/100\n|move|p1a: Urshifu|Surging Strikes|p2a: \u9738\u54e5\n|-resisted|p2a: \u9738\u54e5\n|-crit|p2a: \u9738\u54e5\n|-damage|p2a: \u9738\u54e5|84\/100\n|-resisted|p2a: \u9738\u54e5\n|-crit|p2a: \u9738\u54e5\n|-damage|p2a: \u9738\u54e5|79\/100\n|-resisted|p2a: \u9738\u54e5\n|-crit|p2a: \u9738\u54e5\n|-damage|p2a: \u9738\u54e5|75\/100\n|-hitcount|p2a: \u9738\u54e5|3\n|\n|-heal|p2a: \u9738\u54e5|81\/100|[from] item: Leftovers\n|upkeep\n|turn|55\n|\n|t:|1699872342\n|switch|p1a: Zapdos|Zapdos, shiny|55\/100 tox\n|move|p2a: \u9738\u54e5|Liquidation|p1a: Zapdos\n|-damage|p1a: Zapdos|21\/100 tox\n|\n|-heal|p2a: \u9738\u54e5|87\/100|[from] item: Leftovers\n|-damage|p1a: Zapdos|15\/100 tox|[from] psn\n|upkeep\n|turn|56\n|\n|t:|1699872358\n|switch|p1a: Urshifu|Urshifu-Rapid-Strike, F|40\/100\n|switch|p2a: \u5929\u874e|Gliscor, F|66\/100 tox\n|\n|-heal|p2a: \u5929\u874e|79\/100 tox|[from] ability: Poison Heal\n|upkeep\n|turn|57\n|\n|t:|1699872370\n|switch|p2a: \u52fe\u54e5|Sableye-Mega, F|100\/100\n|move|p1a: Urshifu|Close Combat|p2a: \u52fe\u54e5\n|-immune|p2a: \u52fe\u54e5\n|\n|upkeep\n|turn|58\n|\n|t:|1699872382\n|switch|p1a: Toxapex|Toxapex, F, shiny|100\/100 brn\n|move|p2a: \u52fe\u54e5|Will-O-Wisp|p1a: Toxapex\n|-fail|p1a: Toxapex|brn\n|\n|-damage|p1a: Toxapex|94\/100 brn|[from] brn\n|upkeep\n|turn|59\n|\n|t:|1699872391\n|move|p1a: Toxapex|Knock Off|p2a: \u52fe\u54e5\n|-damage|p2a: \u52fe\u54e5|97\/100\n|move|p2a: \u52fe\u54e5|Knock Off|p1a: Toxapex\n|-damage|p1a: Toxapex|80\/100 brn\n|\n|-damage|p1a: Toxapex|74\/100 brn|[from] brn\n|upkeep\n|turn|60\n|\n|t:|1699872398\n|switch|p2a: \u76d0\u738b\u7237|Garganacl, F, tera:Water|95\/100\n|move|p1a: Toxapex|Knock Off|p2a: \u76d0\u738b\u7237\n|-damage|p2a: \u76d0\u738b\u7237|90\/100\n|-enditem|p2a: \u76d0\u738b\u7237|Leftovers|[from] move: Knock Off|[of] p1a: Toxapex\n|\n|-damage|p1a: Toxapex|68\/100 brn|[from] brn\n|upkeep\n|turn|61\n|\n|t:|1699872406\n|move|p1a: Toxapex|Baneful Bunker|p1a: Toxapex\n|-singleturn|p1a: Toxapex|move: Protect\n|move|p2a: \u76d0\u738b\u7237|Salt Cure|p1a: Toxapex\n|-activate|p1a: Toxapex|move: Protect\n|\n|-damage|p1a: Toxapex|61\/100 brn|[from] brn\n|upkeep\n|turn|62\n|\n|t:|1699872418\n|switch|p1a: Runerigus|Runerigus, M, shiny|43\/100\n|move|p2a: \u76d0\u738b\u7237|Stealth Rock|p1a: Runerigus\n|-sidestart|p1: realested|move: Stealth Rock\n|\n|-heal|p1a: Runerigus|50\/100|[from] item: Leftovers\n|upkeep\n|turn|63\n|\n|t:|1699872426\n|move|p1a: Runerigus|Protect|p1a: Runerigus\n|-singleturn|p1a: Runerigus|Protect\n|move|p2a: \u76d0\u738b\u7237|Salt Cure|p1a: Runerigus\n|-activate|p1a: Runerigus|move: Protect\n|\n|-heal|p1a: Runerigus|56\/100|[from] item: Leftovers\n|upkeep\n|turn|64\n|\n|t:|1699872435\n|switch|p2a: \u52fe\u54e5|Sableye-Mega, F|97\/100\n|move|p1a: Runerigus|Stealth Rock|p2a: \u52fe\u54e5\n|move|p2a: \u52fe\u54e5|Stealth Rock||[from]ability: Magic Bounce|[still]\n|-fail|p2a: \u52fe\u54e5\n|\n|-heal|p1a: Runerigus|62\/100|[from] item: Leftovers\n|upkeep\n|turn|65\n|\n|t:|1699872442\n|move|p1a: Runerigus|Poltergeist|p2a: \u52fe\u54e5|[miss]\n|-miss|p1a: Runerigus|p2a: \u52fe\u54e5\n|move|p2a: \u52fe\u54e5|Knock Off|p1a: Runerigus\n|-supereffective|p1a: Runerigus\n|-damage|p1a: Runerigus|23\/100\n|-activate|p1a: Runerigus|ability: Wandering Spirit|Magic Bounce|Wandering Spirit|[of] p2a: \u52fe\u54e5\n|-enditem|p1a: Runerigus|Leftovers|[from] move: Knock Off|[of] p2a: \u52fe\u54e5\n|\n|upkeep\n|turn|66\n|\n|t:|1699872455\n|switch|p2a: \u76d0\u738b\u7237|Garganacl, F, tera:Water|90\/100\n|move|p1a: Runerigus|Protect||[still]\n|-fail|p1a: Runerigus\n|\n|upkeep\n|turn|67\n|\n|t:|1699872469\n|switch|p2a: \u52fe\u54e5|Sableye-Mega, F|97\/100\n|move|p1a: Runerigus|Poltergeist|p2a: \u52fe\u54e5|[miss]\n|-miss|p1a: Runerigus|p2a: \u52fe\u54e5\n|\n|upkeep\n|turn|68\n|\n|t:|1699872477\n|move|p1a: Runerigus|Poltergeist|p2a: \u52fe\u54e5\n|-activate|p2a: \u52fe\u54e5|move: Poltergeist|Sablenite\n|-damage|p2a: \u52fe\u54e5|72\/100\n|move|p2a: \u52fe\u54e5|Knock Off|p1a: Runerigus\n|-supereffective|p1a: Runerigus\n|-damage|p1a: Runerigus|0 fnt\n|faint|p1a: Runerigus\n|\n|upkeep\n|\n|t:|1699872488\n|switch|p1a: Zapdos|Zapdos, shiny|15\/100 tox\n|turn|69\n|\n|t:|1699872494\n|switch|p2a: \u5929\u874e|Gliscor, F|79\/100 tox\n|move|p1a: Zapdos|Volt Switch|p2a: \u5929\u874e\n|-immune|p2a: \u5929\u874e\n|\n|-damage|p1a: Zapdos|8\/100 tox|[from] psn\n|-heal|p2a: \u5929\u874e|91\/100 tox|[from] ability: Poison Heal\n|upkeep\n|turn|70\n|\n|t:|1699872505\n|move|p1a: Zapdos|Volt Switch|p2a: \u5929\u874e\n|-immune|p2a: \u5929\u874e\n|move|p2a: \u5929\u874e|Earthquake|p1a: Zapdos\n|-immune|p1a: Zapdos\n|\n|-damage|p1a: Zapdos|0 fnt|[from] psn\n|faint|p1a: Zapdos\n|-heal|p2a: \u5929\u874e|100\/100 tox|[from] ability: Poison Heal\n|upkeep\n|\n|t:|1699872514\n|switch|p1a: Urshifu|Urshifu-Rapid-Strike, F|40\/100\n|-damage|p1a: Urshifu|33\/100|[from] Stealth Rock\n|turn|71\n|\n|t:|1699872530\n|switch|p2a: \u76d0\u738b\u7237|Garganacl, F, tera:Water|90\/100\n|move|p1a: Urshifu|Surging Strikes|p2a: \u76d0\u738b\u7237\n|-resisted|p2a: \u76d0\u738b\u7237\n|-crit|p2a: \u76d0\u738b\u7237\n|-damage|p2a: \u76d0\u738b\u7237|83\/100\n|-resisted|p2a: \u76d0\u738b\u7237\n|-crit|p2a: \u76d0\u738b\u7237\n|-damage|p2a: \u76d0\u738b\u7237|76\/100\n|-resisted|p2a: \u76d0\u738b\u7237\n|-crit|p2a: \u76d0\u738b\u7237\n|-damage|p2a: \u76d0\u738b\u7237|69\/100\n|-hitcount|p2a: \u76d0\u738b\u7237|3\n|\n|upkeep\n|turn|72\n|\n|t:|1699872541\n|switch|p1a: Toxapex|Toxapex, F, shiny|95\/100 brn\n|-damage|p1a: Toxapex|82\/100 brn|[from] Stealth Rock\n|move|p2a: \u76d0\u738b\u7237|Salt Cure|p1a: Toxapex\n|-damage|p1a: Toxapex|72\/100 brn\n|-start|p1a: Toxapex|Salt Cure\n|\n|-damage|p1a: Toxapex|66\/100 brn|[from] brn\n|-damage|p1a: Toxapex|41\/100 brn|[from] Salt Cure\n|upkeep\n|turn|73\n|\n|t:|1699872552\n|move|p2a: \u76d0\u738b\u7237|Salt Cure|p1a: Toxapex\n|-damage|p1a: Toxapex|31\/100 brn\n|move|p1a: Toxapex|Recover|p1a: Toxapex\n|-heal|p1a: Toxapex|81\/100 brn\n|\n|-damage|p1a: Toxapex|75\/100 brn|[from] brn\n|-damage|p1a: Toxapex|50\/100 brn|[from] Salt Cure\n|upkeep\n|turn|74\n|\n|t:|1699872565\n|move|p1a: Toxapex|Baneful Bunker|p1a: Toxapex\n|-singleturn|p1a: Toxapex|move: Protect\n|move|p2a: \u76d0\u738b\u7237|Salt Cure|p1a: Toxapex\n|-activate|p1a: Toxapex|move: Protect\n|\n|-damage|p1a: Toxapex|43\/100 brn|[from] brn\n|-damage|p1a: Toxapex|18\/100 brn|[from] Salt Cure\n|upkeep\n|turn|75\n|\n|t:|1699872574\n|move|p2a: \u76d0\u738b\u7237|Salt Cure|p1a: Toxapex\n|-damage|p1a: Toxapex|7\/100 brn\n|move|p1a: Toxapex|Recover|p1a: Toxapex\n|-heal|p1a: Toxapex|57\/100 brn\n|\n|-damage|p1a: Toxapex|51\/100 brn|[from] brn\n|-damage|p1a: Toxapex|26\/100 brn|[from] Salt Cure\n|upkeep\n|turn|76\n|\n|t:|1699872582\n|move|p1a: Toxapex|Recover|p1a: Toxapex\n|-heal|p1a: Toxapex|76\/100 brn\n|move|p2a: \u76d0\u738b\u7237|Salt Cure|p1a: Toxapex\n|-damage|p1a: Toxapex|65\/100 brn\n|\n|-damage|p1a: Toxapex|59\/100 brn|[from] brn\n|-damage|p1a: Toxapex|34\/100 brn|[from] Salt Cure\n|upkeep\n|turn|77\n|\n|t:|1699872592\n|move|p1a: Toxapex|Recover|p1a: Toxapex\n|-heal|p1a: Toxapex|84\/100 brn\n|move|p2a: \u76d0\u738b\u7237|Salt Cure|p1a: Toxapex\n|-damage|p1a: Toxapex|73\/100 brn\n|\n|-damage|p1a: Toxapex|67\/100 brn|[from] brn\n|-damage|p1a: Toxapex|42\/100 brn|[from] Salt Cure\n|upkeep\n|turn|78\n|\n|t:|1699872605\n|switch|p2a: \u9738\u54e5|Dondozo, F|87\/100\n|-terastallize|p1a: Toxapex|Grass\n|move|p1a: Toxapex|Recover|p1a: Toxapex\n|-heal|p1a: Toxapex|92\/100 brn\n|\n|-heal|p2a: \u9738\u54e5|94\/100|[from] item: Leftovers\n|-damage|p1a: Toxapex|85\/100 brn|[from] brn\n|-damage|p1a: Toxapex|73\/100 brn|[from] Salt Cure\n|upkeep\n|turn|79\n|\n|t:|1699872613\n|move|p2a: \u9738\u54e5|Curse|p2a: \u9738\u54e5\n|-unboost|p2a: \u9738\u54e5|spe|1\n|-boost|p2a: \u9738\u54e5|atk|1\n|-boost|p2a: \u9738\u54e5|def|1\n|move|p1a: Toxapex|Toxic|p2a: \u9738\u54e5\n|-status|p2a: \u9738\u54e5|tox\n|\n|-heal|p2a: \u9738\u54e5|99\/100 tox|[from] item: Leftovers\n|-damage|p2a: \u9738\u54e5|94\/100 tox|[from] psn\n|-damage|p1a: Toxapex|67\/100 brn|[from] brn\n|-damage|p1a: Toxapex|54\/100 brn|[from] Salt Cure\n|upkeep\n|turn|80\n|\n|t:|1699872623\n|move|p1a: Toxapex|Knock Off|p2a: \u9738\u54e5\n|-damage|p2a: \u9738\u54e5|91\/100 tox\n|-enditem|p2a: \u9738\u54e5|Leftovers|[from] move: Knock Off|[of] p1a: Toxapex\n|move|p2a: \u9738\u54e5|Curse|p2a: \u9738\u54e5\n|-unboost|p2a: \u9738\u54e5|spe|1\n|-boost|p2a: \u9738\u54e5|atk|1\n|-boost|p2a: \u9738\u54e5|def|1\n|\n|-damage|p2a: \u9738\u54e5|79\/100 tox|[from] psn\n|-damage|p1a: Toxapex|48\/100 brn|[from] brn\n|-damage|p1a: Toxapex|35\/100 brn|[from] Salt Cure\n|upkeep\n|turn|81\n|\n|t:|1699872633\n|move|p1a: Toxapex|Recover|p1a: Toxapex\n|-heal|p1a: Toxapex|85\/100 brn\n|move|p2a: \u9738\u54e5|Curse|p2a: \u9738\u54e5\n|-unboost|p2a: \u9738\u54e5|spe|1\n|-boost|p2a: \u9738\u54e5|atk|1\n|-boost|p2a: \u9738\u54e5|def|1\n|\n|-damage|p2a: \u9738\u54e5|60\/100 tox|[from] psn\n|-damage|p1a: Toxapex|79\/100 brn|[from] brn\n|-damage|p1a: Toxapex|67\/100 brn|[from] Salt Cure\n|upkeep\n|turn|82\n|\n|t:|1699872646\n|move|p1a: Toxapex|Baneful Bunker|p1a: Toxapex\n|-singleturn|p1a: Toxapex|move: Protect\n|move|p2a: \u9738\u54e5|Rest|p2a: \u9738\u54e5\n|-status|p2a: \u9738\u54e5|slp|[from] move: Rest\n|-heal|p2a: \u9738\u54e5|100\/100 slp|[silent]\n|\n|-damage|p1a: Toxapex|60\/100 brn|[from] brn\n|-damage|p1a: Toxapex|48\/100 brn|[from] Salt Cure\n|upkeep\n|turn|83\n|\n|t:|1699872653\n|move|p1a: Toxapex|Recover|p1a: Toxapex\n|-heal|p1a: Toxapex|98\/100 brn\n|cant|p2a: \u9738\u54e5|slp\n|move|p2a: \u9738\u54e5|Sleep Talk|p2a: \u9738\u54e5\n|move|p2a: \u9738\u54e5|Liquidation|p1a: Toxapex|[from]move: Sleep Talk\n|-resisted|p1a: Toxapex\n|-damage|p1a: Toxapex|71\/100 brn\n|\n|-damage|p1a: Toxapex|64\/100 brn|[from] brn\n|-damage|p1a: Toxapex|52\/100 brn|[from] Salt Cure\n|upkeep\n|turn|84\n|\n|t:|1699872664\n|move|p1a: Toxapex|Recover|p1a: Toxapex\n|-heal|p1a: Toxapex|100\/100 brn\n|cant|p2a: \u9738\u54e5|slp\n|move|p2a: \u9738\u54e5|Sleep Talk|p2a: \u9738\u54e5\n|move|p2a: \u9738\u54e5|Liquidation|p1a: Toxapex|[from]move: Sleep Talk\n|-resisted|p1a: Toxapex\n|-damage|p1a: Toxapex|77\/100 brn\n|\n|-damage|p1a: Toxapex|71\/100 brn|[from] brn\n|-damage|p1a: Toxapex|58\/100 brn|[from] Salt Cure\n|upkeep\n|turn|85\n|c|\u2606realested|\u4ec0\u4e48\u7f81\u7eca\u52fe\n|\n|t:|1699872686\n|switch|p1a: Urshifu|Urshifu-Rapid-Strike, F|33\/100\n|-damage|p1a: Urshifu|27\/100|[from] Stealth Rock\n|-curestatus|p2a: \u9738\u54e5|slp|[msg]\n|move|p2a: \u9738\u54e5|Sleep Talk||[still]\n|-fail|p2a: \u9738\u54e5\n|\n|upkeep\n|turn|86\n|\n|t:|1699872696\n|move|p1a: Urshifu|Drain Punch|p2a: \u9738\u54e5\n|-damage|p2a: \u9738\u54e5|94\/100\n|-heal|p1a: Urshifu|32\/100|[from] drain|[of] p2a: \u9738\u54e5\n|move|p2a: \u9738\u54e5|Curse|p2a: \u9738\u54e5\n|-unboost|p2a: \u9738\u54e5|spe|1\n|-boost|p2a: \u9738\u54e5|atk|1\n|-boost|p2a: \u9738\u54e5|def|1\n|\n|upkeep\n|turn|87\n|\n|t:|1699872706\n|move|p1a: Urshifu|Drain Punch|p2a: \u9738\u54e5\n|-damage|p2a: \u9738\u54e5|88\/100\n|-heal|p1a: Urshifu|36\/100|[from] drain|[of] p2a: \u9738\u54e5\n|move|p2a: \u9738\u54e5|Curse|p2a: \u9738\u54e5\n|-unboost|p2a: \u9738\u54e5|spe|1\n|-boost|p2a: \u9738\u54e5|atk|1\n|-boost|p2a: \u9738\u54e5|def|1\n|\n|upkeep\n|turn|88\n|\n|t:|1699872714\n|switch|p1a: Toxapex|Toxapex, F, shiny, tera:Grass|91\/100 brn\n|-damage|p1a: Toxapex|79\/100 brn|[from] Stealth Rock\n|move|p2a: \u9738\u54e5|Curse|p2a: \u9738\u54e5\n|-unboost|p2a: \u9738\u54e5|spe|1\n|-boost|p2a: \u9738\u54e5|atk|1\n|-boost|p2a: \u9738\u54e5|def|1\n|\n|-damage|p1a: Toxapex|73\/100 brn|[from] brn\n|upkeep\n|turn|89\n|\n|t:|1699872722\n|move|p1a: Toxapex|Toxic|p2a: \u9738\u54e5|[miss]\n|-miss|p1a: Toxapex|p2a: \u9738\u54e5\n|move|p2a: \u9738\u54e5|Liquidation|p1a: Toxapex\n|-resisted|p1a: Toxapex\n|-damage|p1a: Toxapex|33\/100 brn\n|-unboost|p1a: Toxapex|def|1\n|\n|-damage|p1a: Toxapex|27\/100 brn|[from] brn\n|upkeep\n|turn|90\n|\n|t:|1699872728\n|move|p1a: Toxapex|Toxic|p2a: \u9738\u54e5|[miss]\n|-miss|p1a: Toxapex|p2a: \u9738\u54e5\n|move|p2a: \u9738\u54e5|Liquidation|p1a: Toxapex\n|-resisted|p1a: Toxapex\n|-damage|p1a: Toxapex|0 fnt\n|faint|p1a: Toxapex\n|\n|upkeep\n|\n|t:|1699872734\n|switch|p1a: Urshifu|Urshifu-Rapid-Strike, F|36\/100\n|-damage|p1a: Urshifu|30\/100|[from] Stealth Rock\n|turn|91\n|c|\u2606ogerponice|gg\n|\n|t:|1699872748\n|move|p1a: Urshifu|Close Combat|p2a: \u9738\u54e5\n|-damage|p2a: \u9738\u54e5|82\/100\n|-unboost|p1a: Urshifu|def|1\n|-unboost|p1a: Urshifu|spd|1\n|move|p2a: \u9738\u54e5|Liquidation|p1a: Urshifu\n|-resisted|p1a: Urshifu\n|-damage|p1a: Urshifu|0 fnt\n|faint|p1a: Urshifu\n|\n|win|ogerponice\n|raw|realested's rating: 1154 &rarr; <strong>1139<\/strong><br \/>(-15 for losing)\n|raw|ogerponice's rating: 1294 &rarr; <strong>1309<\/strong><br \/>(+15 for winning)\n","uploadtime":1699872756,"views":7,"p1id":"realested","p2id":"ogerponice","formatid":"gen9nationaldex","rating":1139,"private":0,"password":""}