{"id":"gen9nationaldex-1989411689","p1":"Nish the Great","p2":"minipokeneuron","format":"[Gen 9] National Dex","log":"|j|\u2606Nish the Great\n|j|\u2606minipokeneuron\n|t:|1699846839\n|gametype|singles\n|player|p1|Nish the Great|iris-masters|1651\n|player|p2|minipokeneuron|265|1544\n|teamsize|p1|6\n|teamsize|p2|6\n|gen|9\n|tier|[Gen 9] National Dex\n|rated|\n|rule|HP Percentage Mod: HP is shown in percentages\n|rule|Endless Battle Clause: Forcing endless battles is banned\n|rule|OHKO Clause: OHKO moves are banned\n|rule|Evasion Clause: Evasion abilities, items, and moves are banned\n|rule|Evasion Abilities Clause: Evasion abilities are banned\n|rule|Evasion Items Clause: Evasion items are banned\n|rule|Evasion Moves Clause: Evasion moves are banned\n|rule|Species Clause: Limit one of each Pok\u00e9mon\n|rule|Sleep Clause Mod: Limit one foe put to sleep\n|clearpoke\n|poke|p1|Diancie|\n|poke|p1|Iron Valiant|\n|poke|p1|Garchomp, M|\n|poke|p1|Dragonite, M|\n|poke|p1|Volcarona, M|\n|poke|p1|Tornadus-Therian, M|\n|poke|p2|Weezing-Galar, M|\n|poke|p2|Medicham, F|\n|poke|p2|Samurott-Hisui, M|\n|poke|p2|Torterra, F|\n|poke|p2|Alomomola, M|\n|poke|p2|Moltres|\n|teampreview\n|inactive|Battle timer is ON: inactive players will automatically lose when time's up. (requested by Nish the Great)\n|\n|t:|1699846854\n|start\n|switch|p1a: Diancie|Diancie|100\/100\n|switch|p2a: Samurott|Samurott-Hisui, M, shiny|100\/100\n|turn|1\n|\n|t:|1699846862\n|detailschange|p1a: Diancie|Diancie-Mega\n|-mega|p1a: Diancie|Diancie|Diancite\n|move|p1a: Diancie|Stealth Rock|p2a: Samurott\n|-sidestart|p2: minipokeneuron|move: Stealth Rock\n|move|p2a: Samurott|Razor Shell|p1a: Diancie\n|-supereffective|p1a: Diancie\n|-damage|p1a: Diancie|0 fnt\n|faint|p1a: Diancie\n|\n|upkeep\n|\n|t:|1699846867\n|switch|p1a: Tornadus|Tornadus-Therian, M|100\/100\n|turn|2\n|\n|t:|1699846875\n|switch|p2a: Alomomola|Alomomola, M|100\/100\n|-damage|p2a: Alomomola|88\/100|[from] Stealth Rock\n|-zpower|p1a: Tornadus\n|move|p1a: Tornadus|Supersonic Skystrike|p2a: Alomomola|[zeffect]\n|-damage|p2a: Alomomola|27\/100\n|-enditem|p2a: Alomomola|Red Card|[of] p1a: Tornadus\n|drag|p1a: Dragonite|Dragonite, M|100\/100\n|\n|upkeep\n|turn|3\n|\n|t:|1699846886\n|move|p1a: Dragonite|Dragon Dance|p1a: Dragonite\n|-boost|p1a: Dragonite|atk|1\n|-boost|p1a: Dragonite|spe|1\n|move|p2a: Alomomola|Toxic|p1a: Dragonite\n|-status|p1a: Dragonite|tox\n|\n|-damage|p1a: Dragonite|94\/100 tox|[from] psn\n|upkeep\n|turn|4\n|\n|t:|1699846896\n|move|p1a: Dragonite|Extreme Speed|p2a: Alomomola\n|-damage|p2a: Alomomola|0 fnt\n|faint|p2a: Alomomola\n|\n|-damage|p1a: Dragonite|82\/100 tox|[from] psn\n|upkeep\n|\n|t:|1699846905\n|switch|p2a: Moltres|Moltres|100\/100\n|turn|5\n|\n|t:|1699846915\n|move|p1a: Dragonite|Extreme Speed|p2a: Moltres\n|-damage|p2a: Moltres|68\/100\n|move|p2a: Moltres|Defog|p1a: Dragonite\n|-unboost|p1a: Dragonite|evasion|1\n|-sideend|p2: minipokeneuron|Stealth Rock|[from] move: Defog|[of] p2a: Moltres\n|\n|-damage|p1a: Dragonite|63\/100 tox|[from] psn\n|upkeep\n|turn|6\n|\n|t:|1699846920\n|move|p1a: Dragonite|Dragon Dance|p1a: Dragonite\n|-boost|p1a: Dragonite|atk|1\n|-boost|p1a: Dragonite|spe|1\n|move|p2a: Moltres|Roost|p2a: Moltres\n|-heal|p2a: Moltres|100\/100\n|-singleturn|p2a: Moltres|move: Roost\n|\n|-damage|p1a: Dragonite|39\/100 tox|[from] psn\n|upkeep\n|turn|7\n|\n|t:|1699846926\n|move|p1a: Dragonite|Extreme Speed|p2a: Moltres\n|-damage|p2a: Moltres|57\/100\n|move|p2a: Moltres|U-turn|p1a: Dragonite\n|-resisted|p1a: Dragonite\n|-damage|p1a: Dragonite|31\/100 tox\n|\n|t:|1699846938\n|switch|p2a: Samurott|Samurott-Hisui, M, shiny|100\/100|[from] U-turn\n|\n|-damage|p1a: Dragonite|0 fnt|[from] psn\n|faint|p1a: Dragonite\n|upkeep\n|\n|t:|1699846961\n|switch|p1a: Volcarona|Volcarona, M|100\/100\n|turn|8\n|\n|t:|1699846968\n|move|p1a: Volcarona|Bug Buzz|p2a: Samurott\n|-supereffective|p2a: Samurott\n|-enditem|p2a: Samurott|Focus Sash\n|-damage|p2a: Samurott|1\/100\n|move|p2a: Samurott|Ceaseless Edge|p1a: Volcarona\n|-damage|p1a: Volcarona|30\/100\n|-sidestart|p1: Nish the Great|Spikes\n|\n|upkeep\n|turn|9\n|\n|t:|1699846977\n|move|p2a: Samurott|Aqua Jet|p1a: Volcarona\n|-supereffective|p1a: Volcarona\n|-crit|p1a: Volcarona\n|-damage|p1a: Volcarona|0 fnt\n|faint|p1a: Volcarona\n|\n|upkeep\n|\n|t:|1699846981\n|switch|p1a: Garchomp|Garchomp, M|100\/100\n|-damage|p1a: Garchomp|88\/100|[from] Spikes\n|turn|10\n|\n|t:|1699846988\n|switch|p2a: Weezing|Weezing-Galar, M|100\/100\n|-ability|p2a: Weezing|Neutralizing Gas\n|move|p1a: Garchomp|Scale Shot|p2a: Weezing\n|-immune|p2a: Weezing\n|\n|upkeep\n|turn|11\n|\n|t:|1699846999\n|-terastallize|p2a: Weezing|Ghost\n|move|p1a: Garchomp|Earthquake|p2a: Weezing\n|-damage|p2a: Weezing|68\/100\n|move|p2a: Weezing|Will-O-Wisp|p1a: Garchomp\n|-status|p1a: Garchomp|brn\n|\n|-damage|p1a: Garchomp|82\/100 brn|[from] brn\n|upkeep\n|turn|12\n|\n|t:|1699847015\n|switch|p1a: Tornadus|Tornadus-Therian, M|100\/100\n|move|p2a: Weezing|Will-O-Wisp|p1a: Tornadus|[miss]\n|-miss|p2a: Weezing|p1a: Tornadus\n|\n|upkeep\n|turn|13\n|\n|t:|1699847023\n|-end|p2a: Weezing|ability: Neutralizing Gas\n|switch|p2a: Moltres|Moltres|57\/100\n|move|p1a: Tornadus|Nasty Plot|p1a: Tornadus\n|-boost|p1a: Tornadus|spa|2\n|\n|upkeep\n|turn|14\n|\n|t:|1699847052\n|move|p1a: Tornadus|Hurricane|p2a: Moltres\n|-damage|p2a: Moltres|0 fnt\n|faint|p2a: Moltres\n|\n|upkeep\n|\n|t:|1699847058\n|switch|p2a: Medicham|Medicham, F|100\/100\n|turn|15\n|\n|t:|1699847074\n|detailschange|p2a: Medicham|Medicham-Mega, F\n|-mega|p2a: Medicham|Medicham|Medichamite\n|move|p2a: Medicham|Fake Out|p1a: Tornadus\n|-damage|p1a: Tornadus|69\/100\n|cant|p1a: Tornadus|flinch\n|\n|upkeep\n|turn|16\n|l|\u2606minipokeneuron\n|inactive|minipokeneuron disconnected and has a minute to reconnect!\n|player|p2|\n|j|\u2606minipokeneuron\n|inactive|minipokeneuron reconnected and has 130 seconds left.\n|player|p2|minipokeneuron|265\n|inactive|minipokeneuron has 120 seconds left.\n|\n|t:|1699847108\n|switch|p2a: Samurott|Samurott-Hisui, M, shiny|1\/100\n|move|p1a: Tornadus|Hurricane|p2a: Samurott|[miss]\n|-miss|p1a: Tornadus|p2a: Samurott\n|\n|upkeep\n|turn|17\n|\n|t:|1699847119\n|move|p2a: Samurott|Aqua Jet|p1a: Tornadus\n|-damage|p1a: Tornadus|45\/100\n|move|p1a: Tornadus|Hurricane|p2a: Samurott|[miss]\n|-miss|p1a: Tornadus|p2a: Samurott\n|\n|upkeep\n|turn|18\n|l|\u2606minipokeneuron\n|inactive|minipokeneuron disconnected and has a minute to reconnect!\n|player|p2|\n|j|\u2606minipokeneuron\n|inactive|minipokeneuron reconnected and has 125 seconds left.\n|player|p2|minipokeneuron|265\n|\n|t:|1699847133\n|move|p2a: Samurott|Aqua Jet|p1a: Tornadus\n|-damage|p1a: Tornadus|19\/100\n|move|p1a: Tornadus|Hurricane|p2a: Samurott\n|-crit|p2a: Samurott\n|-damage|p2a: Samurott|0 fnt\n|faint|p2a: Samurott\n|\n|upkeep\n|\n|t:|1699847138\n|switch|p2a: Medicham|Medicham-Mega, F|100\/100\n|turn|19\n|\n|t:|1699847146\n|switch|p1a: Garchomp|Garchomp, M|82\/100 brn\n|-damage|p1a: Garchomp|70\/100 brn|[from] Spikes\n|move|p2a: Medicham|Fake Out|p1a: Garchomp\n|-damage|p1a: Garchomp|45\/100 brn\n|-damage|p2a: Medicham|88\/100|[from] ability: Rough Skin|[of] p1a: Garchomp\n|\n|-damage|p1a: Garchomp|39\/100 brn|[from] brn\n|upkeep\n|turn|20\n|\n|t:|1699847155\n|move|p1a: Garchomp|Earthquake|p2a: Medicham\n|-damage|p2a: Medicham|46\/100\n|move|p2a: Medicham|Zen Headbutt|p1a: Garchomp\n|-damage|p1a: Garchomp|0 fnt\n|-damage|p2a: Medicham|34\/100|[from] ability: Rough Skin|[of] p1a: Garchomp\n|faint|p1a: Garchomp\n|\n|upkeep\n|\n|t:|1699847162\n|switch|p1a: Tornadus|Tornadus-Therian, M|52\/100\n|turn|21\n|\n|t:|1699847167\n|move|p1a: Tornadus|Hurricane|p2a: Medicham|[miss]\n|-miss|p1a: Tornadus|p2a: Medicham\n|move|p2a: Medicham|Zen Headbutt|p1a: Tornadus\n|-damage|p1a: Tornadus|0 fnt\n|faint|p1a: Tornadus\n|\n|upkeep\n|\n|t:|1699847170\n|switch|p1a: Iron Valiant|Iron Valiant|100\/100\n|-damage|p1a: Iron Valiant|88\/100|[from] Spikes\n|-enditem|p1a: Iron Valiant|Booster Energy\n|-activate|p1a: Iron Valiant|ability: Quark Drive|[fromitem]\n|-start|p1a: Iron Valiant|quarkdrivespe\n|turn|22\n|\n|t:|1699847177\n|switch|p2a: Weezing|Weezing-Galar, M, tera:Ghost|68\/100\n|-ability|p2a: Weezing|Neutralizing Gas\n|move|p1a: Iron Valiant|Moonblast|p2a: Weezing\n|-damage|p2a: Weezing|5\/100\n|\n|upkeep\n|turn|23\n|\n|t:|1699847185\n|move|p1a: Iron Valiant|Moonblast|p2a: Weezing\n|-damage|p2a: Weezing|0 fnt\n|faint|p2a: Weezing\n|-end|p2a: Weezing|ability: Neutralizing Gas\n|\n|upkeep\n|\n|t:|1699847200\n|switch|p2a: Torterra|Torterra, F|100\/100\n|turn|24\n|\n|t:|1699847211\n|move|p1a: Iron Valiant|Moonblast|p2a: Torterra\n|-damage|p2a: Torterra|50\/100\n|-unboost|p2a: Torterra|spa|1\n|move|p2a: Torterra|Bullet Seed|p1a: Iron Valiant\n|-damage|p1a: Iron Valiant|70\/100\n|-damage|p1a: Iron Valiant|56\/100\n|-damage|p1a: Iron Valiant|40\/100\n|-damage|p1a: Iron Valiant|24\/100\n|-hitcount|p1a: Iron Valiant|4\n|\n|upkeep\n|turn|25\n|\n|t:|1699847219\n|-terastallize|p1a: Iron Valiant|Steel\n|move|p1a: Iron Valiant|Moonblast|p2a: Torterra\n|-damage|p2a: Torterra|0 fnt\n|faint|p2a: Torterra\n|\n|upkeep\n|\n|t:|1699847224\n|switch|p2a: Medicham|Medicham-Mega, F|34\/100\n|turn|26\n|\n|t:|1699847226\n|move|p2a: Medicham|Fake Out|p1a: Iron Valiant\n|-resisted|p1a: Iron Valiant\n|-damage|p1a: Iron Valiant|8\/100\n|cant|p1a: Iron Valiant|flinch\n|\n|upkeep\n|turn|27\n|\n|t:|1699847230\n|move|p2a: Medicham|Bullet Punch|p1a: Iron Valiant\n|-resisted|p1a: Iron Valiant\n|-damage|p1a: Iron Valiant|0 fnt\n|faint|p1a: Iron Valiant\n|-end|p1a: Iron Valiant|Quark Drive|[silent]\n|\n|win|minipokeneuron\n|raw|Nish the Great's rating: 1651 &rarr; <strong>1625<\/strong><br \/>(-26 for losing)\n|raw|minipokeneuron's rating: 1544 &rarr; <strong>1570<\/strong><br \/>(+26 for winning)\n|l|\u2606Nish the Great\n","uploadtime":1699847237,"views":8,"p1id":"nishthegreat","p2id":"minipokeneuron","formatid":"gen9nationaldex","rating":1570,"private":0,"password":""}