{"id":"gen9nationaldex-1991605522","p1":"RetroTryhard","p2":"FirstStageofGrief","format":"[Gen 9] National Dex","log":"|j|\u203dRetroTryhard\n|j|\u2606FirstStageofGrief\n|t:|1700093387\n|gametype|singles\n|player|p1|RetroTryhard|red|1098\n|player|p2|FirstStageofGrief|shelly|1133\n|teamsize|p1|6\n|teamsize|p2|6\n|gen|9\n|tier|[Gen 9] National Dex\n|rated|\n|rule|HP Percentage Mod: HP is shown in percentages\n|rule|Endless Battle Clause: Forcing endless battles is banned\n|rule|OHKO Clause: OHKO moves are banned\n|rule|Evasion Clause: Evasion abilities, items, and moves are banned\n|rule|Evasion Abilities Clause: Evasion abilities are banned\n|rule|Evasion Items Clause: Evasion items are banned\n|rule|Evasion Moves Clause: Evasion moves are banned\n|rule|Species Clause: Limit one of each Pok\u00e9mon\n|rule|Sleep Clause Mod: Limit one foe put to sleep\n|clearpoke\n|poke|p1|Arboliva, F|\n|poke|p1|Ditto|\n|poke|p1|Gyarados, M|\n|poke|p1|Blaziken, F|\n|poke|p1|Quagsire, F|\n|poke|p1|Ceruledge, M|\n|poke|p2|Bewear, F|\n|poke|p2|Blastoise, M|\n|poke|p2|Volcarona, M|\n|poke|p2|Breloom, M|\n|poke|p2|Nidoking, M|\n|poke|p2|Walrein, M|\n|teampreview\n|inactive|Battle timer is ON: inactive players will automatically lose when time's up. (requested by RetroTryhard)\n|\n|t:|1700093402\n|start\n|switch|p1a: Ceruledge|Ceruledge, M|100\/100\n|switch|p2a: Bewear|Bewear, F|100\/100\n|-item|p1a: Ceruledge|Air Balloon\n|turn|1\n|\n|t:|1700093419\n|move|p1a: Ceruledge|Swords Dance|p1a: Ceruledge\n|-boost|p1a: Ceruledge|atk|2\n|move|p2a: Bewear|Bulk Up|p2a: Bewear\n|-boost|p2a: Bewear|atk|1\n|-boost|p2a: Bewear|def|1\n|\n|upkeep\n|turn|2\n|\n|t:|1700093424\n|move|p1a: Ceruledge|Swords Dance|p1a: Ceruledge\n|-boost|p1a: Ceruledge|atk|2\n|move|p2a: Bewear|Earthquake|p1a: Ceruledge\n|-immune|p1a: Ceruledge\n|\n|upkeep\n|turn|3\n|\n|t:|1700093429\n|move|p1a: Ceruledge|Swords Dance|p1a: Ceruledge\n|-boost|p1a: Ceruledge|atk|2\n|move|p2a: Bewear|Darkest Lariat|p1a: Ceruledge\n|-supereffective|p1a: Ceruledge\n|-damage|p1a: Ceruledge|0 fnt\n|-enditem|p1a: Ceruledge|Air Balloon\n|faint|p1a: Ceruledge\n|\n|upkeep\n|\n|t:|1700093439\n|switch|p1a: Blaziken|Blaziken, F|100\/100\n|turn|4\n|\n|t:|1700093454\n|move|p1a: Blaziken|Swords Dance|p1a: Blaziken\n|-boost|p1a: Blaziken|atk|2\n|move|p2a: Bewear|Earthquake|p1a: Blaziken\n|-supereffective|p1a: Blaziken\n|-damage|p1a: Blaziken|0 fnt\n|faint|p1a: Blaziken\n|\n|upkeep\n|\n|t:|1700093463\n|switch|p1a: Arboliva|Arboliva, F|100\/100\n|turn|5\n|\n|t:|1700093468\n|move|p2a: Bewear|Ice Punch|p1a: Arboliva\n|-supereffective|p1a: Arboliva\n|-damage|p1a: Arboliva|9\/100\n|-enditem|p1a: Arboliva|Sitrus Berry|[eat]\n|-heal|p1a: Arboliva|34\/100|[from] item: Sitrus Berry\n|move|p1a: Arboliva|Leech Seed|p2a: Bewear\n|-start|p2a: Bewear|move: Leech Seed\n|\n|-damage|p2a: Bewear|88\/100|[from] Leech Seed|[of] p1a: Arboliva\n|-heal|p1a: Arboliva|49\/100|[silent]\n|upkeep\n|turn|6\n|\n|t:|1700093476\n|move|p1a: Arboliva|Protect|p1a: Arboliva\n|-singleturn|p1a: Arboliva|Protect\n|move|p2a: Bewear|Bulk Up|p2a: Bewear\n|-boost|p2a: Bewear|atk|1\n|-boost|p2a: Bewear|def|1\n|\n|-damage|p2a: Bewear|76\/100|[from] Leech Seed|[of] p1a: Arboliva\n|-heal|p1a: Arboliva|64\/100|[silent]\n|-item|p1a: Arboliva|Sitrus Berry|[from] ability: Harvest\n|upkeep\n|turn|7\n|\n|t:|1700093483\n|move|p2a: Bewear|Ice Punch|p1a: Arboliva\n|-supereffective|p1a: Arboliva\n|-damage|p1a: Arboliva|0 fnt\n|faint|p1a: Arboliva\n|\n|upkeep\n|\n|t:|1700093488\n|switch|p1a: Ditto|Ditto|100\/100\n|-transform|p1a: Ditto|p2a: Bewear|[from] ability: Imposter\n|turn|8\n|\n|t:|1700093498\n|switch|p1a: Quagsire|Quagsire, F|100\/100\n|move|p2a: Bewear|Bulk Up|p2a: Bewear\n|-boost|p2a: Bewear|atk|1\n|-boost|p2a: Bewear|def|1\n|\n|-damage|p2a: Bewear|63\/100|[from] Leech Seed|[of] p1a: Quagsire\n|upkeep\n|turn|9\n|\n|t:|1700093504\n|move|p2a: Bewear|Darkest Lariat|p1a: Quagsire\n|-damage|p1a: Quagsire|78\/100\n|move|p1a: Quagsire|Toxic|p2a: Bewear\n|-status|p2a: Bewear|tox\n|\n|-damage|p2a: Bewear|51\/100 tox|[from] Leech Seed|[of] p1a: Quagsire\n|-heal|p1a: Quagsire|92\/100|[silent]\n|-damage|p2a: Bewear|45\/100 tox|[from] psn\n|upkeep\n|turn|10\n|\n|t:|1700093509\n|move|p2a: Bewear|Darkest Lariat|p1a: Quagsire\n|-damage|p1a: Quagsire|70\/100\n|move|p1a: Quagsire|Curse|p1a: Quagsire\n|-unboost|p1a: Quagsire|spe|1\n|-boost|p1a: Quagsire|atk|1\n|-boost|p1a: Quagsire|def|1\n|\n|-damage|p2a: Bewear|32\/100 tox|[from] Leech Seed|[of] p1a: Quagsire\n|-heal|p1a: Quagsire|84\/100|[silent]\n|-damage|p2a: Bewear|20\/100 tox|[from] psn\n|upkeep\n|turn|11\n|inactive|FirstStageofGrief has 120 seconds left.\n|\n|t:|1700093553\n|move|p2a: Bewear|Darkest Lariat|p1a: Quagsire\n|-damage|p1a: Quagsire|60\/100\n|move|p1a: Quagsire|Curse|p1a: Quagsire\n|-unboost|p1a: Quagsire|spe|1\n|-boost|p1a: Quagsire|atk|1\n|-boost|p1a: Quagsire|def|1\n|\n|-damage|p2a: Bewear|8\/100 tox|[from] Leech Seed|[of] p1a: Quagsire\n|-heal|p1a: Quagsire|74\/100|[silent]\n|-damage|p2a: Bewear|0 fnt|[from] psn\n|faint|p2a: Bewear\n|upkeep\n|\n|t:|1700093564\n|switch|p2a: Breloom|Breloom, M|100\/100\n|turn|12\n|\n|t:|1700093576\n|move|p2a: Breloom|Seed Bomb|p1a: Quagsire\n|-supereffective|p1a: Quagsire\n|-damage|p1a: Quagsire|12\/100\n|move|p1a: Quagsire|Double-Edge|p2a: Breloom\n|-damage|p2a: Breloom|20\/100\n|-damage|p1a: Quagsire|0 fnt|[from] Recoil\n|faint|p1a: Quagsire\n|\n|upkeep\n|\n|t:|1700093583\n|switch|p1a: Gyarados|Gyarados, M|100\/100\n|turn|13\n|\n|t:|1700093589\n|detailschange|p1a: Gyarados|Gyarados-Mega, M\n|-mega|p1a: Gyarados|Gyarados|Gyaradosite\n|-ability|p1a: Gyarados|Mold Breaker\n|move|p2a: Breloom|Rock Tomb|p1a: Gyarados\n|-damage|p1a: Gyarados|68\/100\n|-unboost|p1a: Gyarados|spe|1\n|move|p1a: Gyarados|Flamethrower|p2a: Breloom\n|-supereffective|p2a: Breloom\n|-damage|p2a: Breloom|0 fnt\n|faint|p2a: Breloom\n|\n|upkeep\n|inactive|FirstStageofGrief has 120 seconds left.\n|\n|t:|1700093607\n|switch|p2a: Blastoise|Blastoise, M|100\/100\n|turn|14\n|\n|t:|1700093612\n|switch|p1a: Ditto|Ditto|100\/100\n|-transform|p1a: Ditto|p2a: Blastoise|[from] ability: Imposter\n|move|p2a: Blastoise|Dragon Pulse|p1a: Ditto\n|-crit|p1a: Ditto\n|-damage|p1a: Ditto|62\/100\n|\n|upkeep\n|turn|15\n|\n|t:|1700093625\n|switch|p2a: Ponzuke|Walrein, M|100\/100\n|move|p1a: Ditto|Rapid Spin|p2a: Ponzuke\n|-damage|p2a: Ponzuke|92\/100\n|-boost|p1a: Ditto|spe|1\n|\n|upkeep\n|turn|16\n|\n|t:|1700093631\n|move|p1a: Ditto|Rapid Spin|p2a: Ponzuke\n|-damage|p2a: Ponzuke|85\/100\n|-boost|p1a: Ditto|spe|1\n|move|p2a: Ponzuke|Swords Dance|p2a: Ponzuke\n|-boost|p2a: Ponzuke|atk|2\n|\n|upkeep\n|turn|17\n|\n|t:|1700093636\n|switch|p1a: Gyarados|Gyarados-Mega, M|68\/100\n|-ability|p1a: Gyarados|Mold Breaker\n|move|p2a: Ponzuke|Crunch|p1a: Gyarados\n|-resisted|p1a: Gyarados\n|-damage|p1a: Gyarados|47\/100\n|\n|upkeep\n|turn|18\n|\n|t:|1700093642\n|move|p1a: Gyarados|Dragon Dance|p1a: Gyarados\n|-boost|p1a: Gyarados|atk|1\n|-boost|p1a: Gyarados|spe|1\n|move|p2a: Ponzuke|Earthquake|p1a: Gyarados\n|-damage|p1a: Gyarados|0 fnt\n|faint|p1a: Gyarados\n|\n|upkeep\n|\n|t:|1700093648\n|switch|p1a: Ditto|Ditto|62\/100\n|-transform|p1a: Ditto|p2a: Ponzuke|[from] ability: Imposter\n|turn|19\n|\n|t:|1700093657\n|-terastallize|p2a: Ponzuke|Grass\n|move|p1a: Ditto|Earthquake|p2a: Ponzuke\n|-resisted|p2a: Ponzuke\n|-damage|p2a: Ponzuke|63\/100\n|move|p2a: Ponzuke|Swords Dance|p2a: Ponzuke\n|-boost|p2a: Ponzuke|atk|2\n|\n|upkeep\n|turn|20\n|\n|t:|1700093664\n|move|p1a: Ditto|Earthquake|p2a: Ponzuke\n|-resisted|p2a: Ponzuke\n|-damage|p2a: Ponzuke|36\/100\n|move|p2a: Ponzuke|Earthquake|p1a: Ditto\n|-damage|p1a: Ditto|0 fnt\n|faint|p1a: Ditto\n|\n|win|FirstStageofGrief\n|raw|RetroTryhard's rating: 1098 &rarr; <strong>1076<\/strong><br \/>(-22 for losing)\n|raw|FirstStageofGrief's rating: 1133 &rarr; <strong>1155<\/strong><br \/>(+22 for winning)\n|l|\u203dRetroTryhard\n|c|\u2606FirstStageofGrief|gg\n","uploadtime":1700093676,"views":8,"p1id":"retrotryhard","p2id":"firststageofgrief","formatid":"gen9nationaldex","rating":1076,"private":0,"password":""}