{"id":"gen9nationaldex-1989178443","p1":"AerBlaziken","p2":"Albert4107","format":"[Gen 9] National Dex","log":"|j|\u2606AerBlaziken\n|j|\u2606Albert4107\n|t:|1699820490\n|gametype|singles\n|player|p1|AerBlaziken|hexmaniac-gen6|1233\n|player|p2|Albert4107|lusamine-nihilego|1339\n|teamsize|p1|6\n|teamsize|p2|6\n|gen|9\n|tier|[Gen 9] National Dex\n|rated|\n|rule|HP Percentage Mod: HP is shown in percentages\n|rule|Endless Battle Clause: Forcing endless battles is banned\n|rule|OHKO Clause: OHKO moves are banned\n|rule|Evasion Clause: Evasion abilities, items, and moves are banned\n|rule|Evasion Abilities Clause: Evasion abilities are banned\n|rule|Evasion Items Clause: Evasion items are banned\n|rule|Evasion Moves Clause: Evasion moves are banned\n|rule|Species Clause: Limit one of each Pok\u00e9mon\n|rule|Sleep Clause Mod: Limit one foe put to sleep\n|clearpoke\n|poke|p1|Ogerpon-Wellspring, F|\n|poke|p1|Ursaluna, M|\n|poke|p1|Cinderace, M|\n|poke|p1|Latias, F|\n|poke|p1|Thundurus-Therian, M|\n|poke|p1|Ninetales-Alola, F|\n|poke|p2|Latios, M|\n|poke|p2|Heatran, F|\n|poke|p2|Ninetales-Alola, F|\n|poke|p2|Kartana|\n|poke|p2|Excadrill, F|\n|poke|p2|Blacephalon|\n|teampreview\n|inactive|Battle timer is ON: inactive players will automatically lose when time's up. (requested by Albert4107)\n|\n|t:|1699820498\n|start\n|switch|p1a: Cinnamon|Cinderace, M|100\/100\n|switch|p2a: Ninetales|Ninetales-Alola, F|100\/100\n|-weather|Snow|[from] ability: Snow Warning|[of] p2a: Ninetales\n|turn|1\n|\n|t:|1699820506\n|switch|p2a: Heatran|Heatran, F|100\/100\n|-item|p2a: Heatran|Air Balloon\n|move|p1a: Cinnamon|High Jump Kick|p2a: Heatran|[miss]\n|-start|p1a: Cinnamon|typechange|Fighting|[from] ability: Libero\n|-miss|p1a: Cinnamon|p2a: Heatran\n|-damage|p1a: Cinnamon|50\/100|[from] highjumpkick\n|\n|-weather|Snow|[upkeep]\n|upkeep\n|turn|2\n|\n|t:|1699820516\n|switch|p2a: Latios|Latios, M|100\/100\n|move|p1a: Cinnamon|High Jump Kick|p2a: Latios|[miss]\n|-miss|p1a: Cinnamon|p2a: Latios\n|-damage|p1a: Cinnamon|0 fnt|[from] highjumpkick\n|faint|p1a: Cinnamon\n|\n|-weather|Snow|[upkeep]\n|upkeep\n|c|\u2606Albert4107|well\n|c|\u2606Albert4107|that's 90% accuracy\n|c|\u2606AerBlaziken|i love 9(0)% accuracy\n|inactive|AerBlaziken has 120 seconds left.\n|\n|t:|1699820548\n|switch|p1a: Kiriko|Ninetales-Alola, F, shiny|100\/100\n|turn|3\n|\n|t:|1699820565\n|switch|p2a: Blacephalon|Blacephalon|100\/100\n|move|p1a: Kiriko|Aurora Veil|p1a: Kiriko\n|-sidestart|p1: AerBlaziken|move: Aurora Veil\n|\n|-weather|Snow|[upkeep]\n|upkeep\n|turn|4\n|\n|t:|1699820579\n|move|p1a: Kiriko|Moonblast|p2a: Blacephalon\n|-resisted|p2a: Blacephalon\n|-damage|p2a: Blacephalon|68\/100\n|-unboost|p2a: Blacephalon|spa|1\n|move|p2a: Blacephalon|Flamethrower|p1a: Kiriko\n|-supereffective|p1a: Kiriko\n|-damage|p1a: Kiriko|62\/100\n|\n|-weather|Snow|[upkeep]\n|upkeep\n|turn|5\n|\n|t:|1699820587\n|switch|p2a: Excadrill|Excadrill, F|100\/100\n|-ability|p2a: Excadrill|Mold Breaker\n|move|p1a: Kiriko|Moonblast|p2a: Excadrill\n|-resisted|p2a: Excadrill\n|-damage|p2a: Excadrill|75\/100\n|-unboost|p2a: Excadrill|spa|1\n|\n|-weather|none\n|-heal|p2a: Excadrill|81\/100|[from] item: Leftovers\n|upkeep\n|turn|6\n|\n|t:|1699820590\n|move|p1a: Kiriko|Freeze-Dry|p2a: Excadrill\n|-damage|p2a: Excadrill|44\/100\n|move|p2a: Excadrill|Iron Head|p1a: Kiriko\n|-supereffective|p1a: Kiriko\n|-damage|p1a: Kiriko|0 fnt\n|faint|p1a: Kiriko\n|\n|-heal|p2a: Excadrill|50\/100|[from] item: Leftovers\n|upkeep\n|\n|t:|1699820595\n|switch|p1a: Naboo|Ogerpon-Wellspring, F|100\/100\n|turn|7\n|\n|t:|1699820604\n|switch|p2a: Latios|Latios, M|100\/100\n|move|p1a: Naboo|Trailblaze|p2a: Latios\n|-resisted|p2a: Latios\n|-damage|p2a: Latios|81\/100\n|-boost|p1a: Naboo|spe|1\n|\n|upkeep\n|turn|8\n|\n|t:|1699820608\n|detailschange|p2a: Latios|Latios-Mega, M\n|-mega|p2a: Latios|Latios|Latiosite\n|move|p1a: Naboo|Swords Dance|p1a: Naboo\n|-boost|p1a: Naboo|atk|2\n|move|p2a: Latios|Draco Meteor|p1a: Naboo\n|-crit|p1a: Naboo\n|-damage|p1a: Naboo|0 fnt\n|-unboost|p2a: Latios|spa|2\n|faint|p1a: Naboo\n|\n|upkeep\n|\n|t:|1699820626\n|switch|p1a: Feddy Faber|Ursaluna, M|100\/100\n|turn|9\n|\n|t:|1699820631\n|switch|p2a: Blacephalon|Blacephalon|68\/100\n|move|p1a: Feddy Faber|Bulk Up|p1a: Feddy Faber\n|-boost|p1a: Feddy Faber|atk|1\n|-boost|p1a: Feddy Faber|def|1\n|\n|-status|p1a: Feddy Faber|brn|[from] item: Flame Orb\n|upkeep\n|turn|10\n|\n|t:|1699820642\n|move|p2a: Blacephalon|Flamethrower|p1a: Feddy Faber\n|-damage|p1a: Feddy Faber|84\/100 brn\n|move|p1a: Feddy Faber|Earthquake|p2a: Blacephalon\n|-supereffective|p2a: Blacephalon\n|-damage|p2a: Blacephalon|0 fnt\n|faint|p2a: Blacephalon\n|\n|-damage|p1a: Feddy Faber|77\/100 brn|[from] brn\n|-sideend|p1: AerBlaziken|move: Aurora Veil\n|upkeep\n|\n|t:|1699820649\n|switch|p2a: Ninetales|Ninetales-Alola, F|100\/100\n|-weather|Snow|[from] ability: Snow Warning|[of] p2a: Ninetales\n|turn|11\n|\n|t:|1699820658\n|move|p2a: Ninetales|Blizzard|p1a: Feddy Faber\n|-supereffective|p1a: Feddy Faber\n|-damage|p1a: Feddy Faber|17\/100 brn\n|move|p1a: Feddy Faber|Drain Punch|p2a: Ninetales\n|-damage|p2a: Ninetales|53\/100\n|-heal|p1a: Feddy Faber|32\/100 brn|[from] drain|[of] p2a: Ninetales\n|\n|-weather|Snow|[upkeep]\n|-damage|p1a: Feddy Faber|26\/100 brn|[from] brn\n|upkeep\n|turn|12\n|\n|t:|1699820664\n|move|p2a: Ninetales|Blizzard|p1a: Feddy Faber\n|-supereffective|p1a: Feddy Faber\n|-damage|p1a: Feddy Faber|0 fnt\n|faint|p1a: Feddy Faber\n|\n|-weather|Snow|[upkeep]\n|upkeep\n|\n|t:|1699820666\n|switch|p1a: zeus\u2026ZEUS!|Thundurus-Therian, M, shiny|100\/100\n|turn|13\n|\n|t:|1699820677\n|-terastallize|p1a: zeus\u2026ZEUS!|Ice\n|move|p2a: Ninetales|Blizzard|p1a: zeus\u2026ZEUS!\n|-resisted|p1a: zeus\u2026ZEUS!\n|-damage|p1a: zeus\u2026ZEUS!|69\/100\n|move|p1a: zeus\u2026ZEUS!|Thunderbolt|p2a: Ninetales\n|-damage|p2a: Ninetales|0 fnt\n|faint|p2a: Ninetales\n|\n|-weather|Snow|[upkeep]\n|upkeep\n|\n|t:|1699820688\n|switch|p2a: Excadrill|Excadrill, F|50\/100\n|-ability|p2a: Excadrill|Mold Breaker\n|turn|14\n|\n|t:|1699820691\n|move|p1a: zeus\u2026ZEUS!|Tera Blast|p2a: Excadrill|[anim] Tera Blast Ice\n|-damage|p2a: Excadrill|0 fnt\n|faint|p2a: Excadrill\n|\n|-weather|Snow|[upkeep]\n|upkeep\n|\n|t:|1699820695\n|switch|p2a: Heatran|Heatran, F|100\/100\n|-item|p2a: Heatran|Air Balloon\n|turn|15\n|\n|t:|1699820697\n|move|p1a: zeus\u2026ZEUS!|Thunderbolt|p2a: Heatran\n|-damage|p2a: Heatran|47\/100\n|-enditem|p2a: Heatran|Air Balloon\n|move|p2a: Heatran|Flamethrower|p1a: zeus\u2026ZEUS!\n|-supereffective|p1a: zeus\u2026ZEUS!\n|-damage|p1a: zeus\u2026ZEUS!|0 fnt\n|faint|p1a: zeus\u2026ZEUS!\n|\n|-weather|none\n|upkeep\n|\n|t:|1699820703\n|switch|p1a: Yin|Latias, F|100\/100\n|turn|16\n|\n|t:|1699820706\n|detailschange|p1a: Yin|Latias-Mega, F\n|-mega|p1a: Yin|Latias|Latiasite\n|move|p1a: Yin|Thunderbolt|p2a: Heatran\n|-damage|p2a: Heatran|21\/100\n|-status|p2a: Heatran|par\n|move|p2a: Heatran|Hidden Power|p1a: Yin\n|-supereffective|p1a: Yin\n|-damage|p1a: Yin|65\/100\n|\n|upkeep\n|turn|17\n|\n|t:|1699820714\n|move|p1a: Yin|Thunderbolt|p2a: Heatran\n|-damage|p2a: Heatran|0 fnt\n|faint|p2a: Heatran\n|\n|upkeep\n|\n|t:|1699820718\n|switch|p2a: Latios|Latios-Mega, M|81\/100\n|turn|18\n|\n|t:|1699820724\n|move|p1a: Yin|Draco Meteor|p2a: Latios\n|-supereffective|p2a: Latios\n|-damage|p2a: Latios|0 fnt\n|-unboost|p1a: Yin|spa|2\n|faint|p2a: Latios\n|\n|upkeep\n|\n|t:|1699820726\n|switch|p2a: Kartana|Kartana|100\/100\n|turn|19\n|\n|t:|1699820729\n|move|p1a: Yin|Draco Meteor|p2a: Kartana\n|-resisted|p2a: Kartana\n|-damage|p2a: Kartana|52\/100\n|-unboost|p1a: Yin|spa|2\n|move|p2a: Kartana|Swords Dance|p2a: Kartana\n|-boost|p2a: Kartana|atk|2\n|\n|upkeep\n|turn|20\n|\n|t:|1699820734\n|-terastallize|p2a: Kartana|Steel\n|move|p1a: Yin|Roost|p1a: Yin\n|-heal|p1a: Yin|100\/100\n|-singleturn|p1a: Yin|move: Roost\n|move|p2a: Kartana|Smart Strike|p1a: Yin\n|-damage|p1a: Yin|5\/100\n|\n|upkeep\n|turn|21\n|\n|t:|1699820739\n|move|p1a: Yin|Thunderbolt|p2a: Kartana\n|-damage|p2a: Kartana|25\/100\n|-status|p2a: Kartana|par\n|move|p2a: Kartana|Smart Strike|p1a: Yin\n|-damage|p1a: Yin|0 fnt\n|faint|p1a: Yin\n|\n|win|Albert4107\n|raw|AerBlaziken's rating: 1233 &rarr; <strong>1215<\/strong><br \/>(-18 for losing)\n|raw|Albert4107's rating: 1339 &rarr; <strong>1353<\/strong><br \/>(+14 for winning)\n","uploadtime":1699820746,"views":5,"p1id":"aerblaziken","p2id":"albert4107","formatid":"gen9nationaldex","rating":1215,"private":0,"password":""}