{"id":"gen9nationaldex-1998562754","p1":"lingnabeier","p2":"qingxiaqin","format":"[Gen 9] National Dex","log":"|html|<div class=\"broadcast-blue\"><strong>[Gen 9] National Dex is currently suspecting Sneasler! For information on how to participate check out the <a href=\"https:\/\/www.smogon.com\/forums\/threads\/sv-national-dex-suspect-8-just-dance.3731534\/\">suspect thread<\/a>.<\/strong><\/div>\n|j|\u2606lingnabeier\n|j|\u2606qingxiaqin\n|t:|1700956718\n|gametype|singles\n|player|p1|lingnabeier|caitlin|1265\n|player|p2|qingxiaqin|266|1355\n|teamsize|p1|6\n|teamsize|p2|6\n|gen|9\n|tier|[Gen 9] National Dex\n|rated|\n|rule|HP Percentage Mod: HP is shown in percentages\n|rule|Endless Battle Clause: Forcing endless battles is banned\n|rule|OHKO Clause: OHKO moves are banned\n|rule|Evasion Clause: Evasion abilities, items, and moves are banned\n|rule|Evasion Abilities Clause: Evasion abilities are banned\n|rule|Evasion Items Clause: Evasion items are banned\n|rule|Evasion Moves Clause: Evasion moves are banned\n|rule|Species Clause: Limit one of each Pok\u00e9mon\n|rule|Sleep Clause Mod: Limit one foe put to sleep\n|clearpoke\n|poke|p1|Garganacl, M|\n|poke|p1|Sableye, M|\n|poke|p1|Slowbro, M|\n|poke|p1|Toxapex, M|\n|poke|p1|Chansey, F|\n|poke|p1|Gliscor, M|\n|poke|p2|Swellow, M|\n|poke|p2|Charizard, F|\n|poke|p2|Volcanion|\n|poke|p2|Garchomp, M|\n|poke|p2|Leavanny, F|\n|poke|p2|Brute Bonnet|\n|teampreview\n|inactive|Battle timer is ON: inactive players will automatically lose when time's up. (requested by qingxiaqin)\n|\n|t:|1700956748\n|start\n|switch|p1a: Garganacl|Garganacl, M|100\/100\n|switch|p2a: Swellow|Swellow, M|100\/100\n|turn|1\n|\n|t:|1700956753\n|move|p2a: Swellow|U-turn|p1a: Garganacl\n|-damage|p1a: Garganacl|92\/100\n|\n|t:|1700956759\n|switch|p2a: Leavanny|Leavanny, F|100\/100|[from] U-turn\n|move|p1a: Garganacl|Iron Defense|p1a: Garganacl\n|-boost|p1a: Garganacl|def|2\n|\n|-heal|p1a: Garganacl|99\/100|[from] item: Leftovers\n|upkeep\n|turn|2\n|\n|t:|1700956771\n|move|p2a: Leavanny|Knock Off|p1a: Garganacl\n|-damage|p1a: Garganacl|88\/100\n|-enditem|p1a: Garganacl|Leftovers|[from] move: Knock Off|[of] p2a: Leavanny\n|move|p1a: Garganacl|Salt Cure|p2a: Leavanny\n|-supereffective|p2a: Leavanny\n|-damage|p2a: Leavanny|57\/100\n|-start|p2a: Leavanny|Salt Cure\n|\n|-damage|p2a: Leavanny|45\/100|[from] Salt Cure\n|upkeep\n|turn|3\n|\n|t:|1700956777\n|move|p2a: Leavanny|Leaf Blade|p1a: Garganacl\n|-supereffective|p1a: Garganacl\n|-damage|p1a: Garganacl|59\/100\n|move|p1a: Garganacl|Iron Defense|p1a: Garganacl\n|-boost|p1a: Garganacl|def|2\n|\n|-damage|p2a: Leavanny|32\/100|[from] Salt Cure\n|upkeep\n|turn|4\n|\n|t:|1700956799\n|-terastallize|p1a: Garganacl|Ghost\n|move|p2a: Leavanny|Leaf Blade|p1a: Garganacl\n|-damage|p1a: Garganacl|50\/100\n|move|p1a: Garganacl|Recover|p1a: Garganacl\n|-heal|p1a: Garganacl|100\/100\n|\n|-damage|p2a: Leavanny|20\/100|[from] Salt Cure\n|upkeep\n|turn|5\n|inactive|qingxiaqin has 120 seconds left.\n|\n|t:|1700956821\n|switch|p2a: Volcanion|Volcanion|100\/100\n|move|p1a: Garganacl|Iron Defense|p1a: Garganacl\n|-boost|p1a: Garganacl|def|2\n|\n|upkeep\n|turn|6\n|inactive|qingxiaqin has 120 seconds left.\n|\n|t:|1700956852\n|switch|p2a: Leavanny|Leavanny, F|20\/100\n|move|p1a: Garganacl|Salt Cure|p2a: Leavanny\n|-supereffective|p2a: Leavanny\n|-damage|p2a: Leavanny|0 fnt\n|faint|p2a: Leavanny\n|\n|upkeep\n|\n|t:|1700956854\n|switch|p2a: Charizard|Charizard, F|100\/100\n|turn|7\n|\n|t:|1700956863\n|detailschange|p2a: Charizard|Charizard-Mega-Y, F\n|-mega|p2a: Charizard|Charizard|Charizardite Y\n|-weather|SunnyDay|[from] ability: Drought|[of] p2a: Charizard\n|move|p2a: Charizard|Overheat|p1a: Garganacl\n|-damage|p1a: Garganacl|17\/100\n|-unboost|p2a: Charizard|spa|2\n|move|p1a: Garganacl|Salt Cure|p2a: Charizard\n|-supereffective|p2a: Charizard\n|-damage|p2a: Charizard|26\/100\n|-start|p2a: Charizard|Salt Cure\n|\n|-weather|SunnyDay|[upkeep]\n|-damage|p2a: Charizard|14\/100|[from] Salt Cure\n|upkeep\n|turn|8\n|inactive|qingxiaqin has 120 seconds left.\n|\n|t:|1700956887\n|switch|p1a: Chansey|Chansey, F|100\/100\n|move|p2a: Charizard|Overheat|p1a: Chansey\n|-damage|p1a: Chansey|86\/100\n|-unboost|p2a: Charizard|spa|2\n|\n|-weather|SunnyDay|[upkeep]\n|-damage|p2a: Charizard|2\/100|[from] Salt Cure\n|upkeep\n|turn|9\n|\n|t:|1700956902\n|switch|p2a: Brute Bonnet|Brute Bonnet|100\/100\n|-activate|p2a: Brute Bonnet|ability: Protosynthesis\n|-start|p2a: Brute Bonnet|protosynthesisatk\n|move|p1a: Chansey|Stealth Rock|p2a: Brute Bonnet\n|-sidestart|p2: qingxiaqin|move: Stealth Rock\n|\n|-weather|SunnyDay|[upkeep]\n|upkeep\n|turn|10\n|\n|t:|1700956910\n|switch|p1a: Sableye|Sableye, M|100\/100\n|move|p2a: Brute Bonnet|Spore|p1a: Sableye\n|-status|p1a: Sableye|slp|[from] move: Spore\n|\n|-weather|SunnyDay|[upkeep]\n|upkeep\n|turn|11\n|inactive|qingxiaqin has 120 seconds left.\n|\n|t:|1700956918\n|detailschange|p1a: Sableye|Sableye-Mega, M\n|-mega|p1a: Sableye|Sableye|Sablenite\n|move|p2a: Brute Bonnet|Bullet Seed|p1a: Sableye\n|-damage|p1a: Sableye|87\/100 slp\n|-damage|p1a: Sableye|74\/100 slp\n|-damage|p1a: Sableye|60\/100 slp\n|-damage|p1a: Sableye|47\/100 slp\n|-damage|p1a: Sableye|33\/100 slp\n|-hitcount|p1a: Sableye|5\n|cant|p1a: Sableye|slp\n|\n|-weather|none\n|-end|p2a: Brute Bonnet|Protosynthesis\n|upkeep\n|turn|12\n|\n|t:|1700956926\n|move|p2a: Brute Bonnet|Bullet Seed|p1a: Sableye\n|-damage|p1a: Sableye|23\/100 slp\n|-damage|p1a: Sableye|12\/100 slp\n|-damage|p1a: Sableye|1\/100 slp\n|-damage|p1a: Sableye|0 fnt\n|faint|p1a: Sableye\n|-hitcount|p1: Sableye|4\n|\n|upkeep\n|\n|t:|1700956934\n|switch|p1a: Garganacl|Garganacl, M, tera:Ghost|17\/100\n|turn|13\n|\n|t:|1700956940\n|move|p2a: Brute Bonnet|Bullet Seed|p1a: Garganacl\n|-damage|p1a: Garganacl|8\/100\n|-damage|p1a: Garganacl|0 fnt\n|faint|p1a: Garganacl\n|-hitcount|p1: Garganacl|2\n|\n|upkeep\n|\n|t:|1700956945\n|switch|p1a: Slowbro|Slowbro, M|100\/100\n|turn|14\n|\n|t:|1700956948\n|move|p2a: Brute Bonnet|Spore|p1a: Slowbro\n|-status|p1a: Slowbro|slp|[from] move: Spore\n|cant|p1a: Slowbro|slp\n|\n|upkeep\n|turn|15\n|\n|t:|1700956951\n|switch|p1a: Toxapex|Toxapex, M|100\/100\n|move|p2a: Brute Bonnet|Bullet Seed|p1a: Toxapex\n|-damage|p1a: Toxapex|91\/100\n|-damage|p1a: Toxapex|80\/100\n|-damage|p1a: Toxapex|71\/100\n|-damage|p1a: Toxapex|61\/100\n|-hitcount|p1a: Toxapex|4\n|\n|-heal|p1a: Toxapex|67\/100|[from] item: Black Sludge\n|upkeep\n|turn|16\n|\n|t:|1700956971\n|-end|p2a: Brute Bonnet|Protosynthesis|[silent]\n|switch|p2a: Garchomp|Garchomp, M|100\/100\n|-damage|p2a: Garchomp|94\/100|[from] Stealth Rock\n|move|p1a: Toxapex|Baneful Bunker||[still]\n|-fail|p1a: Toxapex\n|\n|-heal|p2a: Garchomp|100\/100|[from] item: Leftovers\n|-heal|p1a: Toxapex|74\/100|[from] item: Black Sludge\n|upkeep\n|turn|17\n|\n|t:|1700956980\n|move|p2a: Garchomp|Swords Dance|p2a: Garchomp\n|-boost|p2a: Garchomp|atk|2\n|move|p1a: Toxapex|Ice Beam|p2a: Garchomp\n|-supereffective|p2a: Garchomp\n|-damage|p2a: Garchomp|50\/100\n|\n|-heal|p2a: Garchomp|56\/100|[from] item: Leftovers\n|-heal|p1a: Toxapex|80\/100|[from] item: Black Sludge\n|upkeep\n|turn|18\n|\n|t:|1700956985\n|move|p1a: Toxapex|Baneful Bunker|p1a: Toxapex\n|-singleturn|p1a: Toxapex|move: Protect\n|move|p2a: Garchomp|Earthquake|p1a: Toxapex\n|-activate|p1a: Toxapex|move: Protect\n|\n|-heal|p2a: Garchomp|62\/100|[from] item: Leftovers\n|-heal|p1a: Toxapex|86\/100|[from] item: Black Sludge\n|upkeep\n|turn|19\n|\n|t:|1700956991\n|move|p2a: Garchomp|Scale Shot|p1a: Toxapex\n|-damage|p1a: Toxapex|67\/100\n|-damage|p1a: Toxapex|49\/100\n|-hitcount|p1a: Toxapex|2\n|-unboost|p2a: Garchomp|def|1\n|-boost|p2a: Garchomp|spe|1\n|move|p1a: Toxapex|Ice Beam|p2a: Garchomp\n|-supereffective|p2a: Garchomp\n|-damage|p2a: Garchomp|8\/100\n|\n|-heal|p2a: Garchomp|14\/100|[from] item: Leftovers\n|-heal|p1a: Toxapex|55\/100|[from] item: Black Sludge\n|upkeep\n|turn|20\n|\n|t:|1700957002\n|move|p1a: Toxapex|Baneful Bunker|p1a: Toxapex\n|-singleturn|p1a: Toxapex|move: Protect\n|move|p2a: Garchomp|Earthquake|p1a: Toxapex\n|-activate|p1a: Toxapex|move: Protect\n|\n|-heal|p2a: Garchomp|20\/100|[from] item: Leftovers\n|-heal|p1a: Toxapex|61\/100|[from] item: Black Sludge\n|upkeep\n|turn|21\n|\n|t:|1700957006\n|switch|p1a: Gliscor|Gliscor, M|100\/100\n|move|p2a: Garchomp|Earthquake|p1a: Gliscor\n|-immune|p1a: Gliscor\n|\n|-heal|p2a: Garchomp|26\/100|[from] item: Leftovers\n|-status|p1a: Gliscor|tox|[from] item: Toxic Orb\n|upkeep\n|turn|22\n|\n|t:|1700957017\n|switch|p2a: Charizard|Charizard-Mega-Y, F|2\/100\n|-damage|p2a: Charizard|0 fnt|[from] Stealth Rock\n|faint|p2a: Charizard\n|move|p1a: Gliscor|Knock Off|p2: Charizard|[notarget]\n|-fail|p1a: Gliscor\n|\n|upkeep\n|\n|t:|1700957037\n|switch|p2a: Swellow|Swellow, M|100\/100\n|-damage|p2a: Swellow|76\/100|[from] Stealth Rock\n|turn|23\n|\n|t:|1700957043\n|-terastallize|p2a: Swellow|Normal\n|move|p2a: Swellow|Boomburst|p1a: Gliscor\n|-damage|p1a: Gliscor|0 fnt\n|faint|p1a: Gliscor\n|\n|upkeep\n|\n|t:|1700957049\n|switch|p1a: Chansey|Chansey, F|86\/100\n|turn|24\n|\n|t:|1700957059\n|switch|p2a: Brute Bonnet|Brute Bonnet|100\/100\n|-damage|p2a: Brute Bonnet|88\/100|[from] Stealth Rock\n|move|p1a: Chansey|Seismic Toss|p2a: Brute Bonnet\n|-damage|p2a: Brute Bonnet|61\/100\n|\n|upkeep\n|turn|25\n|\n|t:|1700957066\n|switch|p1a: Toxapex|Toxapex, M|94\/100\n|move|p2a: Brute Bonnet|Spore|p1a: Toxapex\n|-message|Sleep Clause Mod activated.\n|-hint|Sleep Clause Mod prevents players from putting more than one of their opponent's Pok\u00e9mon to sleep at a time\n|\n|-heal|p1a: Toxapex|100\/100|[from] item: Black Sludge\n|upkeep\n|turn|26\n|\n|t:|1700957091\n|-end|p2a: Brute Bonnet|Protosynthesis|[silent]\n|switch|p2a: Volcanion|Volcanion|100\/100\n|-damage|p2a: Volcanion|76\/100|[from] Stealth Rock\n|move|p1a: Toxapex|Ice Beam|p2a: Volcanion\n|-resisted|p2a: Volcanion\n|-damage|p2a: Volcanion|72\/100\n|\n|upkeep\n|turn|27\n|\n|t:|1700957098\n|move|p1a: Toxapex|Baneful Bunker|p1a: Toxapex\n|-singleturn|p1a: Toxapex|move: Protect\n|move|p2a: Volcanion|Steam Eruption|p1a: Toxapex\n|-activate|p1a: Toxapex|move: Protect\n|\n|upkeep\n|turn|28\n|\n|t:|1700957103\n|switch|p1a: Chansey|Chansey, F|86\/100\n|move|p2a: Volcanion|Steam Eruption|p1a: Chansey\n|-damage|p1a: Chansey|71\/100\n|\n|upkeep\n|turn|29\n|\n|t:|1700957120\n|switch|p2a: Brute Bonnet|Brute Bonnet|61\/100\n|-damage|p2a: Brute Bonnet|48\/100|[from] Stealth Rock\n|move|p1a: Chansey|Seismic Toss|p2a: Brute Bonnet\n|-damage|p2a: Brute Bonnet|21\/100\n|\n|upkeep\n|turn|30\n|\n|t:|1700957127\n|switch|p1a: Toxapex|Toxapex, M|100\/100\n|move|p2a: Brute Bonnet|Bullet Seed|p1a: Toxapex\n|-damage|p1a: Toxapex|91\/100\n|-damage|p1a: Toxapex|80\/100\n|-damage|p1a: Toxapex|71\/100\n|-damage|p1a: Toxapex|60\/100\n|-hitcount|p1a: Toxapex|4\n|\n|-heal|p1a: Toxapex|67\/100|[from] item: Black Sludge\n|upkeep\n|turn|31\n|\n|t:|1700957138\n|move|p1a: Toxapex|Baneful Bunker|p1a: Toxapex\n|-singleturn|p1a: Toxapex|move: Protect\n|move|p2a: Brute Bonnet|Bullet Seed|p1a: Toxapex\n|-activate|p1a: Toxapex|move: Protect\n|\n|-heal|p1a: Toxapex|73\/100|[from] item: Black Sludge\n|upkeep\n|turn|32\n|\n|t:|1700957144\n|move|p2a: Brute Bonnet|Bullet Seed|p1a: Toxapex\n|-damage|p1a: Toxapex|63\/100\n|-damage|p1a: Toxapex|54\/100\n|-damage|p1a: Toxapex|44\/100\n|-damage|p1a: Toxapex|35\/100\n|-damage|p1a: Toxapex|26\/100\n|-hitcount|p1a: Toxapex|5\n|move|p1a: Toxapex|Ice Beam|p2a: Brute Bonnet\n|-supereffective|p2a: Brute Bonnet\n|-damage|p2a: Brute Bonnet|0 fnt\n|faint|p2a: Brute Bonnet\n|-end|p2a: Brute Bonnet|Protosynthesis|[silent]\n|\n|-heal|p1a: Toxapex|32\/100|[from] item: Black Sludge\n|upkeep\n|\n|t:|1700957152\n|switch|p2a: Garchomp|Garchomp, M|26\/100\n|-damage|p2a: Garchomp|20\/100|[from] Stealth Rock\n|turn|33\n|\n|t:|1700957155\n|move|p1a: Toxapex|Baneful Bunker|p1a: Toxapex\n|-singleturn|p1a: Toxapex|move: Protect\n|move|p2a: Garchomp|Earthquake|p1a: Toxapex\n|-activate|p1a: Toxapex|move: Protect\n|\n|-heal|p2a: Garchomp|26\/100|[from] item: Leftovers\n|-heal|p1a: Toxapex|39\/100|[from] item: Black Sludge\n|upkeep\n|turn|34\n|\n|t:|1700957163\n|move|p2a: Garchomp|Earthquake|p1a: Toxapex\n|-supereffective|p1a: Toxapex\n|-damage|p1a: Toxapex|0 fnt\n|faint|p1a: Toxapex\n|\n|-heal|p2a: Garchomp|32\/100|[from] item: Leftovers\n|upkeep\n|\n|t:|1700957167\n|switch|p1a: Slowbro|Slowbro, M|100\/100 slp\n|turn|35\n|\n|t:|1700957169\n|move|p2a: Garchomp|Swords Dance|p2a: Garchomp\n|-boost|p2a: Garchomp|atk|2\n|cant|p1a: Slowbro|slp\n|\n|-heal|p2a: Garchomp|38\/100|[from] item: Leftovers\n|upkeep\n|turn|36\n|\n|t:|1700957174\n|move|p2a: Garchomp|Earthquake|p1a: Slowbro\n|-damage|p1a: Slowbro|45\/100 slp\n|-curestatus|p1a: Slowbro|slp|[msg]\n|move|p1a: Slowbro|Future Sight|p2a: Garchomp\n|-start|p1a: Slowbro|move: Future Sight\n|\n|-heal|p2a: Garchomp|44\/100|[from] item: Leftovers\n|upkeep\n|turn|37\n|\n|t:|1700957177\n|switch|p1a: Chansey|Chansey, F|71\/100\n|move|p2a: Garchomp|Earthquake|p1a: Chansey\n|-damage|p1a: Chansey|0 fnt\n|faint|p1a: Chansey\n|\n|-heal|p2a: Garchomp|51\/100|[from] item: Leftovers\n|upkeep\n|\n|t:|1700957179\n|switch|p1a: Slowbro|Slowbro, M|78\/100\n|turn|38\n|\n|t:|1700957184\n|move|p2a: Garchomp|Earthquake|p1a: Slowbro\n|-damage|p1a: Slowbro|12\/100\n|move|p1a: Slowbro|Slack Off|p1a: Slowbro\n|-heal|p1a: Slowbro|62\/100\n|\n|-end|p2a: Garchomp|move: Future Sight\n|-damage|p2a: Garchomp|2\/100\n|-heal|p2a: Garchomp|9\/100|[from] item: Leftovers\n|upkeep\n|turn|39\n|\n|t:|1700957190\n|move|p2a: Garchomp|Earthquake|p1a: Slowbro\n|-damage|p1a: Slowbro|0 fnt\n|faint|p1a: Slowbro\n|\n|win|qingxiaqin\n|raw|lingnabeier's rating: 1265 &rarr; <strong>1246<\/strong><br \/>(-19 for losing)\n|raw|qingxiaqin's rating: 1355 &rarr; <strong>1370<\/strong><br \/>(+15 for winning)\n","uploadtime":1700957196,"views":2,"p1id":"lingnabeier","p2id":"qingxiaqin","formatid":"gen9nationaldex","rating":1246,"private":0,"password":""}