{"id":"gen9nationaldex-1991233158","p1":"coolmanbestguy123","p2":"FoilFred","format":"[Gen 9] National Dex","log":"|j|\u2606coolmanbestguy123\n|j|\u2606FoilFred\n|t:|1700059685\n|gametype|singles\n|player|p1|coolmanbestguy123|diantha|1316\n|player|p2|FoilFred|gambler|1396\n|teamsize|p1|6\n|teamsize|p2|6\n|gen|9\n|tier|[Gen 9] National Dex\n|rated|\n|rule|HP Percentage Mod: HP is shown in percentages\n|rule|Endless Battle Clause: Forcing endless battles is banned\n|rule|OHKO Clause: OHKO moves are banned\n|rule|Evasion Clause: Evasion abilities, items, and moves are banned\n|rule|Evasion Abilities Clause: Evasion abilities are banned\n|rule|Evasion Items Clause: Evasion items are banned\n|rule|Evasion Moves Clause: Evasion moves are banned\n|rule|Species Clause: Limit one of each Pok\u00e9mon\n|rule|Sleep Clause Mod: Limit one foe put to sleep\n|clearpoke\n|poke|p1|Scizor, M|\n|poke|p1|Meowscarada, M|\n|poke|p1|Kyurem|\n|poke|p1|Suicune|\n|poke|p1|Zoroark-Hisui, M|\n|poke|p1|Ceruledge, F|\n|poke|p2|Ninetales-Alola, F|\n|poke|p2|Altaria, M|\n|poke|p2|Landorus-Therian, M|\n|poke|p2|Blaziken, M|\n|poke|p2|Magnezone|\n|poke|p2|Samurott-Hisui, M|\n|teampreview\n|inactive|Battle timer is ON: inactive players will automatically lose when time's up. (requested by coolmanbestguy123)\n|\n|t:|1700059707\n|start\n|switch|p1a: Rukia|Suicune|100\/100\n|switch|p2a: Samurott|Samurott-Hisui, M|100\/100\n|turn|1\n|\n|t:|1700059722\n|move|p1a: Rukia|U-turn|p2a: Samurott\n|-supereffective|p2a: Samurott\n|-damage|p2a: Samurott|64\/100\n|\n|t:|1700059728\n|switch|p1a: Ichigo|Scizor, M|100\/100|[from] U-turn\n|move|p2a: Samurott|Ceaseless Edge|p1a: Ichigo\n|-damage|p1a: Ichigo|70\/100\n|-sidestart|p1: coolmanbestguy123|Spikes\n|\n|upkeep\n|turn|2\n|\n|t:|1700059735\n|detailschange|p1a: Ichigo|Scizor-Mega, M\n|-mega|p1a: Ichigo|Scizor|Scizorite\n|move|p2a: Samurott|Razor Shell|p1a: Ichigo\n|-damage|p1a: Ichigo|41\/100\n|move|p1a: Ichigo|U-turn|p2a: Samurott\n|-supereffective|p2a: Samurott\n|-damage|p2a: Samurott|0 fnt\n|faint|p2a: Samurott\n|\n|t:|1700059749\n|switch|p1a: Rukia|Suicune|100\/100|[from] U-turn\n|-damage|p1a: Rukia|88\/100|[from] Spikes\n|\n|-heal|p1a: Rukia|94\/100|[from] item: Leftovers\n|upkeep\n|\n|t:|1700059755\n|switch|p2a: Magnezone|Magnezone|100\/100\n|turn|3\n|\n|t:|1700059760\n|move|p1a: Rukia|Protect|p1a: Rukia\n|-singleturn|p1a: Rukia|Protect\n|move|p2a: Magnezone|Thunderbolt|p1a: Rukia\n|-activate|p1a: Rukia|move: Protect\n|\n|-heal|p1a: Rukia|100\/100|[from] item: Leftovers\n|upkeep\n|turn|4\n|\n|t:|1700059769\n|switch|p1a: Toshiro|Kyurem|100\/100\n|-damage|p1a: Toshiro|88\/100|[from] Spikes\n|-ability|p1a: Toshiro|Pressure\n|move|p2a: Magnezone|Thunderbolt|p1a: Toshiro\n|-resisted|p1a: Toshiro\n|-damage|p1a: Toshiro|67\/100\n|-status|p1a: Toshiro|par\n|\n|upkeep\n|turn|5\n|\n|t:|1700059774\n|switch|p2a: Ninetales|Ninetales-Alola, F|100\/100\n|-weather|Snow|[from] ability: Snow Warning|[of] p2a: Ninetales\n|move|p1a: Toshiro|Dragon Dance|p1a: Toshiro\n|-boost|p1a: Toshiro|atk|1\n|-boost|p1a: Toshiro|spe|1\n|\n|-weather|Snow|[upkeep]\n|upkeep\n|turn|6\n|\n|t:|1700059779\n|move|p2a: Ninetales|Aurora Veil|p2a: Ninetales\n|-sidestart|p2: FoilFred|move: Aurora Veil\n|move|p1a: Toshiro|Iron Head|p2a: Ninetales\n|-supereffective|p2a: Ninetales\n|-damage|p2a: Ninetales|28\/100\n|\n|-weather|Snow|[upkeep]\n|upkeep\n|turn|7\n|\n|t:|1700059785\n|move|p2a: Ninetales|Encore|p1a: Toshiro\n|-start|p1a: Toshiro|Encore\n|move|p1a: Toshiro|Iron Head|p2a: Ninetales\n|-supereffective|p2a: Ninetales\n|-crit|p2a: Ninetales\n|-damage|p2a: Ninetales|0 fnt\n|faint|p2a: Ninetales\n|\n|-weather|Snow|[upkeep]\n|upkeep\n|\n|t:|1700059787\n|switch|p2a: Blaziken|Blaziken, M, shiny|100\/100\n|turn|8\n|\n|t:|1700059797\n|switch|p1a: Ichigo|Scizor-Mega, M|100\/100\n|-damage|p1a: Ichigo|88\/100|[from] Spikes\n|move|p2a: Blaziken|Swords Dance|p2a: Blaziken\n|-boost|p2a: Blaziken|atk|2\n|\n|-weather|Snow|[upkeep]\n|-ability|p2a: Blaziken|Speed Boost|boost\n|-boost|p2a: Blaziken|spe|1\n|upkeep\n|turn|9\n|\n|t:|1700059810\n|move|p2a: Blaziken|Blaze Kick|p1a: Ichigo\n|-damage|p1a: Ichigo|0 fnt\n|replace|p1a: Aizen|Zoroark-Hisui, M\n|-end|p1a: Aizen|Illusion\n|faint|p1a: Aizen\n|\n|-weather|none\n|-ability|p2a: Blaziken|Speed Boost|boost\n|-boost|p2a: Blaziken|spe|1\n|upkeep\n|\n|t:|1700059828\n|switch|p1a: Rukia|Suicune|100\/100\n|-damage|p1a: Rukia|88\/100|[from] Spikes\n|turn|10\n|\n|t:|1700059834\n|move|p1a: Rukia|Protect|p1a: Rukia\n|-singleturn|p1a: Rukia|Protect\n|move|p2a: Blaziken|Swords Dance|p2a: Blaziken\n|-boost|p2a: Blaziken|atk|2\n|\n|-heal|p1a: Rukia|94\/100|[from] item: Leftovers\n|-ability|p2a: Blaziken|Speed Boost|boost\n|-boost|p2a: Blaziken|spe|1\n|upkeep\n|turn|11\n|\n|t:|1700059837\n|-zpower|p2a: Blaziken\n|move|p2a: Blaziken|Gigavolt Havoc|p1a: Rukia|[zeffect]\n|-supereffective|p1a: Rukia\n|-damage|p1a: Rukia|0 fnt\n|faint|p1a: Rukia\n|\n|-ability|p2a: Blaziken|Speed Boost|boost\n|-boost|p2a: Blaziken|spe|1\n|upkeep\n|\n|t:|1700059844\n|switch|p1a: Ichigo|Scizor-Mega, M|41\/100\n|-damage|p1a: Ichigo|29\/100|[from] Spikes\n|turn|12\n|\n|t:|1700059847\n|move|p2a: Blaziken|Thunder Punch|p1a: Ichigo\n|-damage|p1a: Ichigo|0 fnt\n|faint|p1a: Ichigo\n|\n|-ability|p2a: Blaziken|Speed Boost|boost\n|-boost|p2a: Blaziken|spe|1\n|upkeep\n|-message|coolmanbestguy123 forfeited.\n|\n|win|FoilFred\n|raw|coolmanbestguy123's rating: 1316 &rarr; <strong>1301<\/strong><br \/>(-15 for losing)\n|raw|FoilFred's rating: 1396 &rarr; <strong>1411<\/strong><br \/>(+15 for winning)\n|l|\u2606coolmanbestguy123\n","uploadtime":1700059863,"views":8,"p1id":"coolmanbestguy123","p2id":"foilfred","formatid":"gen9nationaldex","rating":1301,"private":0,"password":""}