{"id":"gen9nationaldex-1991074593","p1":"yaoyuanzhiyi","p2":"Tsubasa\u7ffcTsubasa","format":"[Gen 9] National Dex","log":"|j|\u2606yaoyuanzhiyi\n|j|\u2606Tsubasa\u7ffcTsubasa\n|t:|1700038777\n|gametype|singles\n|player|p1|yaoyuanzhiyi|unknown|1567\n|player|p2|Tsubasa\u7ffcTsubasa|lady|1530\n|teamsize|p1|6\n|teamsize|p2|6\n|gen|9\n|tier|[Gen 9] National Dex\n|rated|\n|rule|HP Percentage Mod: HP is shown in percentages\n|rule|Endless Battle Clause: Forcing endless battles is banned\n|rule|OHKO Clause: OHKO moves are banned\n|rule|Evasion Clause: Evasion abilities, items, and moves are banned\n|rule|Evasion Abilities Clause: Evasion abilities are banned\n|rule|Evasion Items Clause: Evasion items are banned\n|rule|Evasion Moves Clause: Evasion moves are banned\n|rule|Species Clause: Limit one of each Pok\u00e9mon\n|rule|Sleep Clause Mod: Limit one foe put to sleep\n|clearpoke\n|poke|p1|Lopunny, F|\n|poke|p1|Hatterene, F|\n|poke|p1|Ceruledge, M|\n|poke|p1|Rotom-Wash|\n|poke|p1|Weavile, M|\n|poke|p1|Ferrothorn, F|\n|poke|p2|Lopunny, F|\n|poke|p2|Meowscarada, F|\n|poke|p2|Primarina, F|\n|poke|p2|Tapu Lele|\n|poke|p2|Hatterene, F|\n|poke|p2|Serperior, F|\n|teampreview\n|\n|t:|1700038785\n|start\n|switch|p1a: Rotom|Rotom-Wash|100\/100\n|switch|p2a: \u96cc\u5927\u9b3c|Hatterene, F|100\/100\n|turn|1\n|\n|t:|1700038803\n|move|p1a: Rotom|Volt Switch|p2a: \u96cc\u5927\u9b3c\n|-damage|p2a: \u96cc\u5927\u9b3c|69\/100\n|\n|t:|1700038811\n|switch|p1a: Hatterene|Hatterene, F|100\/100|[from] Volt Switch\n|move|p2a: \u96cc\u5927\u9b3c|Mystical Fire|p1a: Hatterene\n|-damage|p1a: Hatterene|78\/100\n|-unboost|p1a: Hatterene|spa|1\n|\n|-heal|p1a: Hatterene|84\/100|[from] item: Leftovers\n|-heal|p2a: \u96cc\u5927\u9b3c|75\/100|[from] item: Leftovers\n|upkeep\n|turn|2\n|\n|t:|1700038829\n|switch|p1a: Rotom|Rotom-Wash|100\/100\n|move|p2a: \u96cc\u5927\u9b3c|Calm Mind|p2a: \u96cc\u5927\u9b3c\n|-boost|p2a: \u96cc\u5927\u9b3c|spa|1\n|-boost|p2a: \u96cc\u5927\u9b3c|spd|1\n|\n|-heal|p2a: \u96cc\u5927\u9b3c|81\/100|[from] item: Leftovers\n|upkeep\n|turn|3\n|\n|t:|1700038840\n|move|p1a: Rotom|Trick|p2a: \u96cc\u5927\u9b3c\n|-activate|p1a: Rotom|move: Trick|[of] p2a: \u96cc\u5927\u9b3c\n|-item|p2a: \u96cc\u5927\u9b3c|Choice Scarf|[from] move: Trick\n|-item|p1a: Rotom|Leftovers|[from] move: Trick\n|move|p2a: \u96cc\u5927\u9b3c|Draining Kiss|p1a: Rotom\n|-damage|p1a: Rotom|57\/100\n|-heal|p2a: \u96cc\u5927\u9b3c|100\/100|[from] drain|[of] p1a: Rotom\n|\n|-heal|p1a: Rotom|63\/100|[from] item: Leftovers\n|upkeep\n|turn|4\n|\n|t:|1700038852\n|move|p1a: Rotom|Volt Switch|p2a: \u96cc\u5927\u9b3c\n|-damage|p2a: \u96cc\u5927\u9b3c|79\/100\n|\n|t:|1700038854\n|switch|p1a: Ceruledge|Ceruledge, M|100\/100|[from] Volt Switch\n|move|p2a: \u96cc\u5927\u9b3c|Draining Kiss|p1a: Ceruledge\n|-resisted|p1a: Ceruledge\n|-damage|p1a: Ceruledge|81\/100\n|-heal|p2a: \u96cc\u5927\u9b3c|93\/100|[from] drain|[of] p1a: Ceruledge\n|\n|upkeep\n|turn|5\n|\n|t:|1700038866\n|switch|p2a: \u8349\u732b|Meowscarada, F|100\/100\n|move|p1a: Ceruledge|Bitter Blade|p2a: \u8349\u732b\n|-supereffective|p2a: \u8349\u732b\n|-damage|p2a: \u8349\u732b|0 fnt\n|-heal|p1a: Ceruledge|100\/100|[from] drain|[of] p2a: \u8349\u732b\n|faint|p2a: \u8349\u732b\n|\n|upkeep\n|\n|t:|1700038872\n|switch|p2a: \u6b4c\u59ec|Primarina, F, shiny|100\/100\n|turn|6\n|\n|t:|1700038881\n|switch|p1a: Ferrothorn|Ferrothorn, F, shiny|100\/100\n|move|p2a: \u6b4c\u59ec|Flip Turn|p1a: Ferrothorn\n|-resisted|p1a: Ferrothorn\n|-damage|p1a: Ferrothorn|94\/100\n|-damage|p2a: \u6b4c\u59ec|88\/100|[from] ability: Iron Barbs|[of] p1a: Ferrothorn\n|\n|t:|1700038885\n|switch|p2a: \u5154\u5154|Lopunny, F, shiny|100\/100|[from] Flip Turn\n|\n|-heal|p1a: Ferrothorn|100\/100|[from] item: Leftovers\n|upkeep\n|turn|7\n|\n|t:|1700038896\n|switch|p1a: Hatterene|Hatterene, F|84\/100\n|detailschange|p2a: \u5154\u5154|Lopunny-Mega, F, shiny\n|-mega|p2a: \u5154\u5154|Lopunny|Lopunnite\n|move|p2a: \u5154\u5154|Close Combat|p1a: Hatterene\n|-resisted|p1a: Hatterene\n|-damage|p1a: Hatterene|69\/100\n|-unboost|p2a: \u5154\u5154|def|1\n|-unboost|p2a: \u5154\u5154|spd|1\n|\n|-heal|p1a: Hatterene|75\/100|[from] item: Leftovers\n|upkeep\n|turn|8\n|\n|t:|1700038912\n|move|p2a: \u5154\u5154|U-turn|p1a: Hatterene\n|-damage|p1a: Hatterene|50\/100\n|\n|t:|1700038917\n|switch|p2a: \u6b4c\u59ec|Primarina, F, shiny|88\/100|[from] U-turn\n|move|p1a: Hatterene|Mystical Fire|p2a: \u6b4c\u59ec\n|-resisted|p2a: \u6b4c\u59ec\n|-damage|p2a: \u6b4c\u59ec|82\/100\n|-unboost|p2a: \u6b4c\u59ec|spa|1\n|\n|-heal|p1a: Hatterene|56\/100|[from] item: Leftovers\n|upkeep\n|turn|9\n|\n|t:|1700038929\n|move|p2a: \u6b4c\u59ec|Flip Turn|p1a: Hatterene\n|-damage|p1a: Hatterene|43\/100\n|\n|t:|1700038943\n|switch|p2a: \u96cc\u5927\u9b3c|Hatterene, F|93\/100|[from] Flip Turn\n|move|p1a: Hatterene|Draining Kiss|p2a: \u96cc\u5927\u9b3c\n|-damage|p2a: \u96cc\u5927\u9b3c|70\/100\n|-heal|p1a: Hatterene|62\/100|[from] drain|[of] p2a: \u96cc\u5927\u9b3c\n|\n|-heal|p1a: Hatterene|68\/100|[from] item: Leftovers\n|upkeep\n|turn|10\n|\n|t:|1700038956\n|move|p2a: \u96cc\u5927\u9b3c|Psyshock|p1a: Hatterene\n|-resisted|p1a: Hatterene\n|-damage|p1a: Hatterene|50\/100\n|move|p1a: Hatterene|Mystical Fire|p2a: \u96cc\u5927\u9b3c\n|-damage|p2a: \u96cc\u5927\u9b3c|45\/100\n|-unboost|p2a: \u96cc\u5927\u9b3c|spa|1\n|\n|-heal|p1a: Hatterene|57\/100|[from] item: Leftovers\n|upkeep\n|turn|11\n|\n|t:|1700038962\n|switch|p2a: \u6b4c\u59ec|Primarina, F, shiny|82\/100\n|move|p1a: Hatterene|Draining Kiss|p2a: \u6b4c\u59ec\n|-damage|p2a: \u6b4c\u59ec|70\/100\n|-heal|p1a: Hatterene|68\/100|[from] drain|[of] p2a: \u6b4c\u59ec\n|\n|-heal|p1a: Hatterene|74\/100|[from] item: Leftovers\n|upkeep\n|turn|12\n|\n|t:|1700038974\n|move|p2a: \u6b4c\u59ec|Hydro Pump|p1a: Hatterene\n|-damage|p1a: Hatterene|14\/100\n|move|p1a: Hatterene|Calm Mind|p1a: Hatterene\n|-boost|p1a: Hatterene|spa|1\n|-boost|p1a: Hatterene|spd|1\n|\n|-heal|p1a: Hatterene|21\/100|[from] item: Leftovers\n|upkeep\n|turn|13\n|\n|t:|1700038989\n|switch|p1a: Ferrothorn|Ferrothorn, F, shiny|100\/100\n|move|p2a: \u6b4c\u59ec|Moonblast|p1a: Ferrothorn\n|-resisted|p1a: Ferrothorn\n|-damage|p1a: Ferrothorn|77\/100\n|\n|-heal|p1a: Ferrothorn|83\/100|[from] item: Leftovers\n|upkeep\n|turn|14\n|\n|t:|1700039000\n|move|p2a: \u6b4c\u59ec|Ice Beam|p1a: Ferrothorn\n|-damage|p1a: Ferrothorn|51\/100\n|move|p1a: Ferrothorn|Leech Seed|p2a: \u6b4c\u59ec|[miss]\n|-miss|p1a: Ferrothorn|p2a: \u6b4c\u59ec\n|\n|-heal|p1a: Ferrothorn|58\/100|[from] item: Leftovers\n|upkeep\n|turn|15\n|\n|t:|1700039006\n|switch|p2a: \u6bcd\u8349\u86c7|Serperior, F|100\/100\n|move|p1a: Ferrothorn|Leech Seed|p2a: \u6bcd\u8349\u86c7\n|-immune|p2a: \u6bcd\u8349\u86c7\n|\n|-heal|p1a: Ferrothorn|64\/100|[from] item: Leftovers\n|upkeep\n|turn|16\n|\n|t:|1700039022\n|switch|p1a: Ceruledge|Ceruledge, M|100\/100\n|move|p2a: \u6bcd\u8349\u86c7|Glare|p1a: Ceruledge\n|-status|p1a: Ceruledge|par\n|\n|upkeep\n|turn|17\n|\n|t:|1700039032\n|-terastallize|p2a: \u6bcd\u8349\u86c7|Fire\n|move|p2a: \u6bcd\u8349\u86c7|Substitute|p2a: \u6bcd\u8349\u86c7\n|-start|p2a: \u6bcd\u8349\u86c7|Substitute\n|-damage|p2a: \u6bcd\u8349\u86c7|76\/100\n|move|p1a: Ceruledge|Bitter Blade|p2a: \u6bcd\u8349\u86c7\n|-resisted|p2a: \u6bcd\u8349\u86c7\n|-end|p2a: \u6bcd\u8349\u86c7|Substitute\n|\n|-heal|p2a: \u6bcd\u8349\u86c7|82\/100|[from] item: Leftovers\n|upkeep\n|turn|18\n|\n|t:|1700039040\n|switch|p1a: Lopunny|Lopunny, F|100\/100\n|move|p2a: \u6bcd\u8349\u86c7|Leaf Storm|p1a: Lopunny\n|-damage|p1a: Lopunny|40\/100\n|-boost|p2a: \u6bcd\u8349\u86c7|spa|2\n|\n|-heal|p2a: \u6bcd\u8349\u86c7|88\/100|[from] item: Leftovers\n|upkeep\n|turn|19\n|\n|t:|1700039052\n|switch|p2a: \u96cc\u5927\u9b3c|Hatterene, F|45\/100\n|move|p1a: Lopunny|Fake Out|p2a: \u96cc\u5927\u9b3c\n|-damage|p2a: \u96cc\u5927\u9b3c|34\/100\n|\n|upkeep\n|turn|20\n|\n|t:|1700039063\n|detailschange|p1a: Lopunny|Lopunny-Mega, F\n|-mega|p1a: Lopunny|Lopunny|Lopunnite\n|move|p1a: Lopunny|Return|p2a: \u96cc\u5927\u9b3c\n|-damage|p2a: \u96cc\u5927\u9b3c|0 fnt\n|faint|p2a: \u96cc\u5927\u9b3c\n|\n|upkeep\n|\n|t:|1700039071\n|switch|p2a: \u7c89\u5207\u9ed1|Tapu Lele, shiny|100\/100\n|-fieldstart|move: Psychic Terrain|[from] ability: Psychic Surge|[of] p2a: \u7c89\u5207\u9ed1\n|turn|21\n|\n|t:|1700039078\n|switch|p1a: Ferrothorn|Ferrothorn, F, shiny|64\/100\n|move|p2a: \u7c89\u5207\u9ed1|Focus Blast|p1a: Ferrothorn\n|-supereffective|p1a: Ferrothorn\n|-damage|p1a: Ferrothorn|0 fnt\n|faint|p1a: Ferrothorn\n|\n|upkeep\n|\n|t:|1700039089\n|switch|p1a: Ceruledge|Ceruledge, M|100\/100 par\n|turn|22\n|\n|t:|1700039103\n|switch|p2a: \u6b4c\u59ec|Primarina, F, shiny|70\/100\n|-zpower|p1a: Ceruledge\n|move|p1a: Ceruledge|Never-Ending Nightmare|p2a: \u6b4c\u59ec|[zeffect]\n|-damage|p2a: \u6b4c\u59ec|0 fnt\n|faint|p2a: \u6b4c\u59ec\n|\n|upkeep\n|\n|t:|1700039109\n|switch|p2a: \u6bcd\u8349\u86c7|Serperior, F, tera:Fire|88\/100\n|turn|23\n|\n|t:|1700039125\n|move|p2a: \u6bcd\u8349\u86c7|Substitute|p2a: \u6bcd\u8349\u86c7\n|-start|p2a: \u6bcd\u8349\u86c7|Substitute\n|-damage|p2a: \u6bcd\u8349\u86c7|63\/100\n|move|p1a: Ceruledge|Swords Dance|p1a: Ceruledge\n|-boost|p1a: Ceruledge|atk|2\n|\n|-heal|p2a: \u6bcd\u8349\u86c7|69\/100|[from] item: Leftovers\n|upkeep\n|turn|24\n|\n|t:|1700039130\n|move|p1a: Ceruledge|Shadow Sneak|p2a: \u6bcd\u8349\u86c7\n|-activate|p2a: \u6bcd\u8349\u86c7|move: Psychic Terrain\n|move|p2a: \u6bcd\u8349\u86c7|Leaf Storm|p1a: Ceruledge|[miss]\n|-miss|p2a: \u6bcd\u8349\u86c7|p1a: Ceruledge\n|\n|-heal|p2a: \u6bcd\u8349\u86c7|76\/100|[from] item: Leftovers\n|upkeep\n|turn|25\n|\n|t:|1700039134\n|move|p1a: Ceruledge|Shadow Sneak|p2a: \u6bcd\u8349\u86c7\n|-activate|p2a: \u6bcd\u8349\u86c7|move: Psychic Terrain\n|move|p2a: \u6bcd\u8349\u86c7|Leaf Storm|p1a: Ceruledge|[miss]\n|-miss|p2a: \u6bcd\u8349\u86c7|p1a: Ceruledge\n|\n|-heal|p2a: \u6bcd\u8349\u86c7|82\/100|[from] item: Leftovers\n|-fieldend|move: Psychic Terrain\n|upkeep\n|turn|26\n|\n|t:|1700039139\n|cant|p1a: Ceruledge|par\n|move|p2a: \u6bcd\u8349\u86c7|Leaf Storm|p1a: Ceruledge|[miss]\n|-miss|p2a: \u6bcd\u8349\u86c7|p1a: Ceruledge\n|\n|-heal|p2a: \u6bcd\u8349\u86c7|88\/100|[from] item: Leftovers\n|upkeep\n|turn|27\n|c|\u2606Tsubasa\u7ffcTsubasa|what\uff1f\n|\n|t:|1700039148\n|cant|p1a: Ceruledge|par\n|move|p2a: \u6bcd\u8349\u86c7|Leaf Storm|p1a: Ceruledge|[miss]\n|-miss|p2a: \u6bcd\u8349\u86c7|p1a: Ceruledge\n|\n|-heal|p2a: \u6bcd\u8349\u86c7|94\/100|[from] item: Leftovers\n|upkeep\n|turn|28\n|\n|t:|1700039155\n|cant|p1a: Ceruledge|par\n|move|p2a: \u6bcd\u8349\u86c7|Leaf Storm|p1a: Ceruledge\n|-resisted|p1a: Ceruledge\n|-damage|p1a: Ceruledge|75\/100 par\n|-boost|p2a: \u6bcd\u8349\u86c7|spa|2\n|\n|-heal|p2a: \u6bcd\u8349\u86c7|100\/100|[from] item: Leftovers\n|upkeep\n|turn|29\n|\n|t:|1700039159\n|move|p1a: Ceruledge|Shadow Sneak|p2a: \u6bcd\u8349\u86c7\n|-end|p2a: \u6bcd\u8349\u86c7|Substitute\n|move|p2a: \u6bcd\u8349\u86c7|Leaf Storm|p1a: Ceruledge|[miss]\n|-miss|p2a: \u6bcd\u8349\u86c7|p1a: Ceruledge\n|\n|upkeep\n|turn|30\n|c|\u2606Tsubasa\u7ffcTsubasa|unbelievable\n|\n|t:|1700039172\n|move|p1a: Ceruledge|Shadow Sneak|p2a: \u6bcd\u8349\u86c7\n|-damage|p2a: \u6bcd\u8349\u86c7|45\/100\n|move|p2a: \u6bcd\u8349\u86c7|Hidden Power|p1a: Ceruledge\n|-supereffective|p1a: Ceruledge\n|-crit|p1a: Ceruledge\n|-damage|p1a: Ceruledge|0 fnt\n|faint|p1a: Ceruledge\n|\n|-heal|p2a: \u6bcd\u8349\u86c7|52\/100|[from] item: Leftovers\n|upkeep\n|\n|t:|1700039181\n|switch|p1a: Lopunny|Lopunny-Mega, F|40\/100\n|turn|31\n|\n|t:|1700039193\n|move|p1a: Lopunny|Return|p2a: \u6bcd\u8349\u86c7\n|-damage|p2a: \u6bcd\u8349\u86c7|0 fnt\n|faint|p2a: \u6bcd\u8349\u86c7\n|\n|upkeep\n|\n|t:|1700039195\n|switch|p2a: \u7c89\u5207\u9ed1|Tapu Lele, shiny|100\/100\n|-fieldstart|move: Psychic Terrain|[from] ability: Psychic Surge|[of] p2a: \u7c89\u5207\u9ed1\n|turn|32\n|\n|t:|1700039202\n|switch|p1a: Hatterene|Hatterene, F|21\/100\n|move|p2a: \u7c89\u5207\u9ed1|Moonblast|p1a: Hatterene\n|-damage|p1a: Hatterene|0 fnt\n|faint|p1a: Hatterene\n|\n|upkeep\n|\n|t:|1700039220\n|switch|p1a: Weavile|Weavile, M|100\/100\n|-ability|p1a: Weavile|Pressure\n|turn|33\n|\n|t:|1700039228\n|-terastallize|p1a: Weavile|Ice\n|move|p2a: \u7c89\u5207\u9ed1|Moonblast|p1a: Weavile\n|-damage|p1a: Weavile|34\/100\n|move|p1a: Weavile|Triple Axel|p2a: \u7c89\u5207\u9ed1\n|-damage|p2a: \u7c89\u5207\u9ed1|80\/100\n|-damage|p2a: \u7c89\u5207\u9ed1|37\/100\n|-damage|p2a: \u7c89\u5207\u9ed1|0 fnt\n|faint|p2a: \u7c89\u5207\u9ed1\n|-hitcount|p2: \u7c89\u5207\u9ed1|3\n|\n|upkeep\n|\n|t:|1700039232\n|switch|p2a: \u5154\u5154|Lopunny-Mega, F, shiny|100\/100\n|turn|34\n|\n|t:|1700039254\n|switch|p1a: Rotom|Rotom-Wash|63\/100\n|move|p2a: \u5154\u5154|Frustration|p1a: Rotom\n|-damage|p1a: Rotom|0 fnt\n|faint|p1a: Rotom\n|\n|upkeep\n|\n|t:|1700039259\n|switch|p1a: Lopunny|Lopunny-Mega, F|40\/100\n|turn|35\n|\n|t:|1700039266\n|move|p1a: Lopunny|High Jump Kick|p2a: \u5154\u5154\n|-supereffective|p2a: \u5154\u5154\n|-damage|p2a: \u5154\u5154|0 fnt\n|faint|p2a: \u5154\u5154\n|\n|win|yaoyuanzhiyi\n|raw|yaoyuanzhiyi's rating: 1567 &rarr; <strong>1585<\/strong><br \/>(+18 for winning)\n|raw|Tsubasa\u7ffcTsubasa's rating: 1530 &rarr; <strong>1512<\/strong><br \/>(-18 for losing)\n|l|\u2606yaoyuanzhiyi\n","uploadtime":1700039325,"views":7,"p1id":"yaoyuanzhiyi","p2id":"tsubasatsubasa","formatid":"gen9nationaldex","rating":1512,"private":0,"password":""}