{"id":"gen9nationaldex-1993150656","p1":"BoccetheStirFried","p2":"fm918918","format":"[Gen 9] National Dex","log":"|j|\u2606BoccetheStirFried\n|j|\u2606fm918918\n|t:|1700270884\n|gametype|singles\n|player|p1|BoccetheStirFried|roxie|1376\n|player|p2|fm918918|170|1362\n|teamsize|p1|6\n|teamsize|p2|6\n|gen|9\n|tier|[Gen 9] National Dex\n|rated|\n|rule|HP Percentage Mod: HP is shown in percentages\n|rule|Endless Battle Clause: Forcing endless battles is banned\n|rule|OHKO Clause: OHKO moves are banned\n|rule|Evasion Clause: Evasion abilities, items, and moves are banned\n|rule|Evasion Abilities Clause: Evasion abilities are banned\n|rule|Evasion Items Clause: Evasion items are banned\n|rule|Evasion Moves Clause: Evasion moves are banned\n|rule|Species Clause: Limit one of each Pok\u00e9mon\n|rule|Sleep Clause Mod: Limit one foe put to sleep\n|clearpoke\n|poke|p1|Tapu Koko|\n|poke|p1|Sneasler, F|\n|poke|p1|Iron Valiant|\n|poke|p1|Alomomola, M|\n|poke|p1|Landorus-Therian, M|\n|poke|p1|Samurott-Hisui, F|\n|poke|p2|Weezing-Galar, M|\n|poke|p2|Blissey, F|\n|poke|p2|Garganacl, M|\n|poke|p2|Alomomola, F|\n|poke|p2|Skeledirge, M|\n|poke|p2|Lopunny, F|\n|teampreview\n|inactive|Battle timer is ON: inactive players will automatically lose when time's up. (requested by BoccetheStirFried)\n|\n|t:|1700270896\n|start\n|switch|p1a: Tapu Koko|Tapu Koko|100\/100\n|switch|p2a: Weezing|Weezing-Galar, M|100\/100\n|-ability|p2a: Weezing|Neutralizing Gas\n|turn|1\n|\n|t:|1700270903\n|move|p1a: Tapu Koko|U-turn|p2a: Weezing\n|-resisted|p2a: Weezing\n|-damage|p2a: Weezing|98\/100\n|\n|t:|1700270905\n|switch|p1a: Landorus|Landorus-Therian, M|100\/100|[from] U-turn\n|move|p2a: Weezing|Toxic|p1a: Landorus\n|-status|p1a: Landorus|tox\n|\n|-damage|p1a: Landorus|94\/100 tox|[from] psn\n|upkeep\n|turn|2\n|\n|t:|1700270915\n|-end|p2a: Weezing|ability: Neutralizing Gas\n|-ability|p1a: Landorus|Intimidate|boost\n|-unboost|p2a: Weezing|atk|1\n|switch|p2a: Alomomola|Alomomola, F|100\/100\n|move|p1a: Landorus|Knock Off|p2a: Alomomola\n|-damage|p2a: Alomomola|82\/100\n|-damage|p1a: Landorus|78\/100 tox|[from] item: Rocky Helmet|[of] p2a: Alomomola\n|-enditem|p2a: Alomomola|Rocky Helmet|[from] move: Knock Off|[of] p1a: Landorus\n|\n|-damage|p1a: Landorus|66\/100 tox|[from] psn\n|upkeep\n|turn|3\n|\n|t:|1700270925\n|move|p1a: Landorus|U-turn|p2a: Alomomola\n|-damage|p2a: Alomomola|69\/100\n|\n|t:|1700270928\n|switch|p1a: Samurott|Samurott-Hisui, F|100\/100|[from] U-turn\n|move|p2a: Alomomola|Wish|p2a: Alomomola\n|\n|upkeep\n|turn|4\n|\n|t:|1700270933\n|move|p1a: Samurott|Flip Turn|p2a: Alomomola\n|-resisted|p2a: Alomomola\n|-damage|p2a: Alomomola|57\/100\n|\n|t:|1700270937\n|switch|p1a: Landorus|Landorus-Therian, M|66\/100 tox|[from] Flip Turn\n|-ability|p1a: Landorus|Intimidate|boost\n|-unboost|p2a: Alomomola|atk|1\n|move|p2a: Alomomola|Toxic|p1a: Landorus\n|-fail|p1a: Landorus|tox\n|\n|-heal|p2a: Alomomola|100\/100|[from] move: Wish|[wisher] Alomomola\n|-damage|p1a: Landorus|60\/100 tox|[from] psn\n|upkeep\n|turn|5\n|\n|t:|1700270946\n|move|p1a: Landorus|Stealth Rock|p2a: Alomomola\n|-sidestart|p2: fm918918|move: Stealth Rock\n|move|p2a: Alomomola|Wish|p2a: Alomomola\n|\n|-damage|p1a: Landorus|48\/100 tox|[from] psn\n|upkeep\n|turn|6\n|\n|t:|1700270955\n|move|p1a: Landorus|Earthquake|p2a: Alomomola\n|-damage|p2a: Alomomola|74\/100\n|move|p2a: Alomomola|Flip Turn|p1a: Landorus\n|-supereffective|p1a: Landorus\n|-damage|p1a: Landorus|23\/100 tox\n|\n|t:|1700270960\n|switch|p2a: Weezing|Weezing-Galar, M|98\/100|[from] Flip Turn\n|-ability|p2a: Weezing|Neutralizing Gas\n|-damage|p2a: Weezing|86\/100|[from] Stealth Rock\n|\n|-heal|p2a: Weezing|100\/100|[from] move: Wish|[wisher] Alomomola\n|-damage|p1a: Landorus|5\/100 tox|[from] psn\n|upkeep\n|turn|7\n|\n|t:|1700270968\n|move|p1a: Landorus|Earthquake|p2a: Weezing\n|-supereffective|p2a: Weezing\n|-damage|p2a: Weezing|37\/100\n|move|p2a: Weezing|Defog|p1a: Landorus\n|-unboost|p1a: Landorus|evasion|1\n|-sideend|p2: fm918918|Stealth Rock|[from] move: Defog|[of] p2a: Weezing\n|\n|-damage|p1a: Landorus|0 fnt|[from] psn\n|faint|p1a: Landorus\n|upkeep\n|\n|t:|1700270976\n|switch|p1a: Iron Valiant|Iron Valiant|100\/100\n|-enditem|p1a: Iron Valiant|Booster Energy\n|-activate|p1a: Iron Valiant|ability: Quark Drive|[fromitem]\n|-start|p1a: Iron Valiant|quarkdrivespe\n|turn|8\n|\n|t:|1700270988\n|-end|p2a: Weezing|ability: Neutralizing Gas\n|switch|p2a: Alomomola|Alomomola, F|100\/100\n|move|p1a: Iron Valiant|Psyshock|p2a: Alomomola\n|-damage|p2a: Alomomola|85\/100\n|\n|upkeep\n|turn|9\n|\n|t:|1700270996\n|move|p1a: Iron Valiant|Calm Mind|p1a: Iron Valiant\n|-boost|p1a: Iron Valiant|spa|1\n|-boost|p1a: Iron Valiant|spd|1\n|move|p2a: Alomomola|Toxic|p1a: Iron Valiant|[miss]\n|-miss|p2a: Alomomola|p1a: Iron Valiant\n|\n|upkeep\n|turn|10\n|\n|t:|1700271007\n|move|p1a: Iron Valiant|Moonblast|p2a: Alomomola\n|-damage|p2a: Alomomola|3\/100\n|move|p2a: Alomomola|Toxic|p1a: Iron Valiant\n|-status|p1a: Iron Valiant|tox\n|\n|-damage|p1a: Iron Valiant|94\/100 tox|[from] psn\n|upkeep\n|turn|11\n|\n|t:|1700271015\n|move|p2a: Alomomola|Protect|p2a: Alomomola\n|-singleturn|p2a: Alomomola|Protect\n|move|p1a: Iron Valiant|Moonblast|p2a: Alomomola\n|-activate|p2a: Alomomola|move: Protect\n|\n|-damage|p1a: Iron Valiant|82\/100 tox|[from] psn\n|upkeep\n|turn|12\n|\n|t:|1700271023\n|switch|p2a: Skeledirge|Skeledirge, M|100\/100\n|move|p1a: Iron Valiant|Psyshock|p2a: Skeledirge\n|-damage|p2a: Skeledirge|84\/100\n|\n|-damage|p1a: Iron Valiant|63\/100 tox|[from] psn\n|upkeep\n|turn|13\n|\n|t:|1700271030\n|-end|p1a: Iron Valiant|Quark Drive|[silent]\n|switch|p1a: Samurott|Samurott-Hisui, F|100\/100\n|move|p2a: Skeledirge|Torch Song|p1a: Samurott\n|-resisted|p1a: Samurott\n|-damage|p1a: Samurott|77\/100\n|-boost|p2a: Skeledirge|spa|1\n|\n|upkeep\n|turn|14\n|\n|t:|1700271044\n|switch|p2a: Weezing|Weezing-Galar, M|37\/100\n|-ability|p2a: Weezing|Neutralizing Gas\n|move|p1a: Samurott|Ceaseless Edge|p2a: Weezing\n|-resisted|p2a: Weezing\n|-damage|p2a: Weezing|23\/100\n|-sidestart|p2: fm918918|Spikes\n|\n|upkeep\n|turn|15\n|\n|t:|1700271054\n|switch|p1a: Alomomola|Alomomola, M|100\/100\n|move|p2a: Weezing|Toxic|p1a: Alomomola\n|-status|p1a: Alomomola|tox\n|\n|-damage|p1a: Alomomola|94\/100 tox|[from] psn\n|upkeep\n|turn|16\n|\n|t:|1700271063\n|move|p1a: Alomomola|Flip Turn|p2a: Weezing\n|-damage|p2a: Weezing|13\/100\n|\n|t:|1700271075\n|switch|p1a: Samurott|Samurott-Hisui, F|77\/100|[from] Flip Turn\n|move|p2a: Weezing|Defog|p1a: Samurott\n|-unboost|p1a: Samurott|evasion|1\n|-sideend|p2: fm918918|Spikes|[from] move: Defog|[of] p2a: Weezing\n|\n|upkeep\n|turn|17\n|\n|t:|1700271082\n|-end|p2a: Weezing|ability: Neutralizing Gas\n|switch|p2a: Alomomola|Alomomola, F|37\/100\n|move|p1a: Samurott|Flip Turn|p2a: Alomomola\n|-resisted|p2a: Alomomola\n|-damage|p2a: Alomomola|26\/100\n|\n|t:|1700271091\n|switch|p1a: Tapu Koko|Tapu Koko|100\/100|[from] Flip Turn\n|-fieldstart|move: Electric Terrain|[from] ability: Electric Surge|[of] p1a: Tapu Koko\n|\n|upkeep\n|turn|18\n|\n|t:|1700271097\n|move|p2a: Alomomola|Protect|p2a: Alomomola\n|-singleturn|p2a: Alomomola|Protect\n|move|p1a: Tapu Koko|Thunderbolt|p2a: Alomomola\n|-activate|p2a: Alomomola|move: Protect\n|\n|upkeep\n|turn|19\n|\n|t:|1700271103\n|switch|p2a: Blissey|Blissey, F|100\/100\n|move|p1a: Tapu Koko|Thunderbolt|p2a: Blissey\n|-damage|p2a: Blissey|89\/100\n|\n|upkeep\n|turn|20\n|\n|t:|1700271107\n|move|p1a: Tapu Koko|U-turn|p2a: Blissey\n|-damage|p2a: Blissey|11\/100\n|\n|t:|1700271111\n|switch|p1a: Samurott|Samurott-Hisui, F|77\/100|[from] U-turn\n|move|p2a: Blissey|Stealth Rock|p1a: Samurott\n|-sidestart|p1: BoccetheStirFried|move: Stealth Rock\n|\n|upkeep\n|turn|21\n|\n|t:|1700271118\n|switch|p2a: Alomomola|Alomomola, F|59\/100\n|move|p1a: Samurott|Flip Turn|p2a: Alomomola\n|-resisted|p2a: Alomomola\n|-damage|p2a: Alomomola|47\/100\n|\n|t:|1700271124\n|switch|p1a: Tapu Koko|Tapu Koko|100\/100|[from] Flip Turn\n|\n|-fieldend|move: Electric Terrain\n|upkeep\n|turn|22\n|\n|t:|1700271129\n|move|p2a: Alomomola|Protect|p2a: Alomomola\n|-singleturn|p2a: Alomomola|Protect\n|move|p1a: Tapu Koko|Thunderbolt|p2a: Alomomola\n|-activate|p2a: Alomomola|move: Protect\n|\n|upkeep\n|turn|23\n|\n|t:|1700271141\n|switch|p2a: Garganacl|Garganacl, M|100\/100\n|move|p1a: Tapu Koko|Defog|p2a: Garganacl\n|-unboost|p2a: Garganacl|evasion|1\n|-sideend|p1: BoccetheStirFried|Stealth Rock|[from] move: Defog|[of] p1a: Tapu Koko\n|\n|upkeep\n|turn|24\n|\n|t:|1700271151\n|move|p1a: Tapu Koko|Grass Knot|p2a: Garganacl\n|-supereffective|p2a: Garganacl\n|-damage|p2a: Garganacl|69\/100\n|move|p2a: Garganacl|Iron Defense|p2a: Garganacl\n|-boost|p2a: Garganacl|def|2\n|\n|-heal|p2a: Garganacl|75\/100|[from] item: Leftovers\n|upkeep\n|turn|25\n|c|\u2606BoccetheStirFried|I have already lost\n|\n|t:|1700271164\n|move|p1a: Tapu Koko|Grass Knot|p2a: Garganacl\n|-supereffective|p2a: Garganacl\n|-damage|p2a: Garganacl|41\/100\n|move|p2a: Garganacl|Salt Cure|p1a: Tapu Koko\n|-damage|p1a: Tapu Koko|84\/100\n|-start|p1a: Tapu Koko|Salt Cure\n|\n|-heal|p2a: Garganacl|47\/100|[from] item: Leftovers\n|-damage|p1a: Tapu Koko|71\/100|[from] Salt Cure\n|upkeep\n|turn|26\n|\n|t:|1700271173\n|-terastallize|p2a: Garganacl|Dragon\n|move|p1a: Tapu Koko|Grass Knot|p2a: Garganacl\n|-resisted|p2a: Garganacl\n|-damage|p2a: Garganacl|39\/100\n|move|p2a: Garganacl|Recover|p2a: Garganacl\n|-heal|p2a: Garganacl|89\/100\n|\n|-heal|p2a: Garganacl|95\/100|[from] item: Leftovers\n|-damage|p1a: Tapu Koko|59\/100|[from] Salt Cure\n|upkeep\n|turn|27\n|\n|t:|1700271184\n|move|p1a: Tapu Koko|U-turn|p2a: Garganacl\n|-damage|p2a: Garganacl|90\/100\n|\n|t:|1700271190\n|switch|p1a: Samurott|Samurott-Hisui, F|77\/100|[from] U-turn\n|move|p2a: Garganacl|Iron Defense|p2a: Garganacl\n|-boost|p2a: Garganacl|def|2\n|\n|-heal|p2a: Garganacl|96\/100|[from] item: Leftovers\n|upkeep\n|turn|28\n|\n|t:|1700271196\n|move|p1a: Samurott|Knock Off|p2a: Garganacl\n|-damage|p2a: Garganacl|81\/100\n|-enditem|p2a: Garganacl|Leftovers|[from] move: Knock Off|[of] p1a: Samurott\n|move|p2a: Garganacl|Body Press|p1a: Samurott\n|-supereffective|p1a: Samurott\n|-damage|p1a: Samurott|0 fnt\n|faint|p1a: Samurott\n|\n|upkeep\n|\n|t:|1700271204\n|switch|p1a: Iron Valiant|Iron Valiant|63\/100 tox\n|turn|29\n|\n|t:|1700271221\n|-terastallize|p1a: Iron Valiant|Fairy\n|move|p1a: Iron Valiant|Moonblast|p2a: Garganacl\n|-supereffective|p2a: Garganacl\n|-damage|p2a: Garganacl|0 fnt\n|faint|p2a: Garganacl\n|\n|-damage|p1a: Iron Valiant|57\/100 tox|[from] psn\n|upkeep\n|\n|t:|1700271227\n|switch|p2a: Skeledirge|Skeledirge, M|84\/100\n|turn|30\n|\n|t:|1700271235\n|-end|p1a: Iron Valiant|Quark Drive|[silent]\n|switch|p1a: Alomomola|Alomomola, M|94\/100 tox\n|move|p2a: Skeledirge|Torch Song|p1a: Alomomola\n|-resisted|p1a: Alomomola\n|-damage|p1a: Alomomola|84\/100 tox\n|-boost|p2a: Skeledirge|spa|1\n|\n|-heal|p1a: Alomomola|90\/100 tox|[from] item: Leftovers\n|-damage|p1a: Alomomola|84\/100 tox|[from] psn\n|upkeep\n|turn|31\n|\n|t:|1700271248\n|switch|p2a: Alomomola|Alomomola, F|81\/100\n|move|p1a: Alomomola|Toxic|p2a: Alomomola\n|-status|p2a: Alomomola|tox\n|\n|-heal|p1a: Alomomola|90\/100 tox|[from] item: Leftovers\n|-damage|p1a: Alomomola|77\/100 tox|[from] psn\n|-damage|p2a: Alomomola|74\/100 tox|[from] psn\n|upkeep\n|turn|32\n|\n|t:|1700271267\n|move|p1a: Alomomola|Flip Turn|p2a: Alomomola\n|-resisted|p2a: Alomomola\n|-damage|p2a: Alomomola|71\/100 tox\n|\n|t:|1700271270\n|switch|p1a: Tapu Koko|Tapu Koko|59\/100|[from] Flip Turn\n|-fieldstart|move: Electric Terrain|[from] ability: Electric Surge|[of] p1a: Tapu Koko\n|move|p2a: Alomomola|Wish|p2a: Alomomola\n|\n|-damage|p2a: Alomomola|58\/100 tox|[from] psn\n|upkeep\n|turn|33\n|\n|t:|1700271280\n|switch|p2a: Blissey|Blissey, F|11\/100\n|move|p1a: Tapu Koko|Thunderbolt|p2a: Blissey\n|-damage|p2a: Blissey|0 fnt\n|faint|p2a: Blissey\n|\n|upkeep\n|\n|t:|1700271291\n|switch|p2a: Skeledirge|Skeledirge, M|84\/100\n|turn|34\n|\n|t:|1700271295\n|move|p1a: Tapu Koko|U-turn|p2a: Skeledirge\n|-resisted|p2a: Skeledirge\n|-damage|p2a: Skeledirge|81\/100\n|\n|t:|1700271298\n|switch|p1a: Alomomola|Alomomola, M|100\/100 tox|[from] U-turn\n|move|p2a: Skeledirge|Will-O-Wisp||[still]\n|-fail|p2a: Skeledirge\n|\n|-damage|p1a: Alomomola|94\/100 tox|[from] psn\n|upkeep\n|turn|35\n|\n|t:|1700271316\n|move|p2a: Skeledirge|Earth Power|p1a: Alomomola\n|-damage|p1a: Alomomola|77\/100 tox\n|move|p1a: Alomomola|Wish|p1a: Alomomola\n|\n|-heal|p1a: Alomomola|84\/100 tox|[from] item: Leftovers\n|-damage|p1a: Alomomola|71\/100 tox|[from] psn\n|upkeep\n|turn|36\n|\n|t:|1700271323\n|move|p2a: Skeledirge|Torch Song|p1a: Alomomola\n|-resisted|p1a: Alomomola\n|-damage|p1a: Alomomola|61\/100 tox\n|-boost|p2a: Skeledirge|spa|1\n|move|p1a: Alomomola|Flip Turn|p2a: Skeledirge\n|-supereffective|p2a: Skeledirge\n|-damage|p2a: Skeledirge|64\/100\n|\n|t:|1700271331\n|switch|p1a: Tapu Koko|Tapu Koko|59\/100|[from] Flip Turn\n|\n|-heal|p1a: Tapu Koko|100\/100|[from] move: Wish|[wisher] Alomomola\n|-fieldend|move: Electric Terrain\n|upkeep\n|turn|37\n|\n|t:|1700271336\n|move|p1a: Tapu Koko|Thunderbolt|p2a: Skeledirge\n|-damage|p2a: Skeledirge|31\/100\n|move|p2a: Skeledirge|Earth Power|p1a: Tapu Koko\n|-supereffective|p1a: Tapu Koko\n|-damage|p1a: Tapu Koko|21\/100\n|\n|upkeep\n|turn|38\n|\n|t:|1700271348\n|move|p1a: Tapu Koko|Thunderbolt|p2a: Skeledirge\n|-damage|p2a: Skeledirge|0 fnt\n|faint|p2a: Skeledirge\n|\n|upkeep\n|\n|t:|1700271352\n|switch|p2a: Lopunny|Lopunny, F|100\/100\n|turn|39\n|\n|t:|1700271357\n|switch|p1a: Alomomola|Alomomola, M|94\/100 tox\n|detailschange|p2a: Lopunny|Lopunny-Mega, F\n|-mega|p2a: Lopunny|Lopunny|Lopunnite\n|move|p2a: Lopunny|U-turn|p1a: Alomomola\n|-damage|p1a: Alomomola|74\/100 tox\n|\n|t:|1700271358\n|switch|p2a: Alomomola|Alomomola, F|92\/100 tox|[from] U-turn\n|\n|-heal|p1a: Alomomola|80\/100 tox|[from] item: Leftovers\n|-damage|p1a: Alomomola|74\/100 tox|[from] psn\n|-damage|p2a: Alomomola|85\/100 tox|[from] psn\n|upkeep\n|turn|40\n|\n|t:|1700271367\n|move|p1a: Alomomola|Wish|p1a: Alomomola\n|move|p2a: Alomomola|Wish|p2a: Alomomola\n|\n|-heal|p1a: Alomomola|80\/100 tox|[from] item: Leftovers\n|-damage|p1a: Alomomola|67\/100 tox|[from] psn\n|-damage|p2a: Alomomola|73\/100 tox|[from] psn\n|upkeep\n|turn|41\n|\n|t:|1700271373\n|move|p1a: Alomomola|Flip Turn|p2a: Alomomola\n|-resisted|p2a: Alomomola\n|-damage|p2a: Alomomola|69\/100 tox\n|\n|t:|1700271376\n|switch|p1a: Tapu Koko|Tapu Koko|21\/100|[from] Flip Turn\n|-fieldstart|move: Electric Terrain|[from] ability: Electric Surge|[of] p1a: Tapu Koko\n|move|p2a: Alomomola|Flip Turn|p1a: Tapu Koko\n|-damage|p1a: Tapu Koko|2\/100\n|\n|t:|1700271382\n|switch|p2a: Weezing|Weezing-Galar, M|13\/100|[from] Flip Turn\n|-ability|p2a: Weezing|Neutralizing Gas\n|\n|-heal|p2a: Weezing|93\/100|[from] move: Wish|[wisher] Alomomola\n|-heal|p1a: Tapu Koko|80\/100|[from] move: Wish|[wisher] Alomomola\n|upkeep\n|turn|42\n|\n|t:|1700271390\n|move|p1a: Tapu Koko|Thunderbolt|p2a: Weezing\n|-damage|p2a: Weezing|38\/100\n|move|p2a: Weezing|Toxic|p1a: Tapu Koko\n|-status|p1a: Tapu Koko|tox\n|\n|-damage|p1a: Tapu Koko|73\/100 tox|[from] psn\n|upkeep\n|turn|43\n|\n|t:|1700271403\n|-end|p2a: Weezing|ability: Neutralizing Gas\n|switch|p2a: Lopunny|Lopunny-Mega, F|100\/100\n|move|p1a: Tapu Koko|Thunderbolt|p2a: Lopunny\n|-crit|p2a: Lopunny\n|-damage|p2a: Lopunny|31\/100\n|\n|-damage|p1a: Tapu Koko|61\/100 tox|[from] psn\n|upkeep\n|turn|44\n|\n|t:|1700271413\n|switch|p1a: Alomomola|Alomomola, M|100\/100 tox\n|move|p2a: Lopunny|Fake Out|p1a: Alomomola\n|-damage|p1a: Alomomola|83\/100 tox\n|\n|-heal|p1a: Alomomola|89\/100 tox|[from] item: Leftovers\n|-damage|p1a: Alomomola|83\/100 tox|[from] psn\n|upkeep\n|turn|45\n|\n|t:|1700271422\n|move|p2a: Lopunny|Close Combat|p1a: Alomomola\n|-damage|p1a: Alomomola|35\/100 tox\n|-unboost|p2a: Lopunny|def|1\n|-unboost|p2a: Lopunny|spd|1\n|move|p1a: Alomomola|Wish|p1a: Alomomola\n|\n|-heal|p1a: Alomomola|41\/100 tox|[from] item: Leftovers\n|-damage|p1a: Alomomola|29\/100 tox|[from] psn\n|-fieldend|move: Electric Terrain\n|upkeep\n|turn|46\n|\n|t:|1700271450\n|switch|p1a: Tapu Koko|Tapu Koko|61\/100 tox\n|-fieldstart|move: Electric Terrain|[from] ability: Electric Surge|[of] p1a: Tapu Koko\n|move|p2a: Lopunny|Close Combat|p1a: Tapu Koko\n|-resisted|p1a: Tapu Koko\n|-damage|p1a: Tapu Koko|25\/100 tox\n|-unboost|p2a: Lopunny|def|1\n|-unboost|p2a: Lopunny|spd|1\n|\n|-heal|p1a: Tapu Koko|100\/100 tox|[from] move: Wish|[wisher] Alomomola\n|-damage|p1a: Tapu Koko|94\/100 tox|[from] psn\n|upkeep\n|turn|47\n|\n|t:|1700271461\n|move|p2a: Lopunny|U-turn|p1a: Tapu Koko\n|-resisted|p1a: Tapu Koko\n|-damage|p1a: Tapu Koko|81\/100 tox\n|\n|t:|1700271473\n|switch|p2a: Weezing|Weezing-Galar, M|38\/100|[from] U-turn\n|-ability|p2a: Weezing|Neutralizing Gas\n|move|p1a: Tapu Koko|Thunderbolt|p2a: Weezing\n|-damage|p2a: Weezing|0 fnt\n|faint|p2a: Weezing\n|-end|p2a: Weezing|ability: Neutralizing Gas\n|\n|-damage|p1a: Tapu Koko|69\/100 tox|[from] psn\n|upkeep\n|\n|t:|1700271476\n|switch|p2a: Lopunny|Lopunny-Mega, F|31\/100\n|turn|48\n|\n|t:|1700271489\n|switch|p1a: Alomomola|Alomomola, M|62\/100 tox\n|move|p2a: Lopunny|Fake Out|p1a: Alomomola\n|-damage|p1a: Alomomola|44\/100 tox\n|\n|-heal|p1a: Alomomola|50\/100 tox|[from] item: Leftovers\n|-damage|p1a: Alomomola|44\/100 tox|[from] psn\n|upkeep\n|turn|49\n|\n|t:|1700271499\n|move|p2a: Lopunny|Close Combat|p1a: Alomomola\n|-damage|p1a: Alomomola|0 fnt\n|-unboost|p2a: Lopunny|def|1\n|-unboost|p2a: Lopunny|spd|1\n|faint|p1a: Alomomola\n|\n|upkeep\n|\n|t:|1700271505\n|switch|p1a: Sneasler|Sneasler, F|100\/100\n|-enditem|p1a: Sneasler|Electric Seed\n|-boost|p1a: Sneasler|def|1|[from] item: Electric Seed\n|turn|50\n|\n|t:|1700271509\n|switch|p2a: Alomomola|Alomomola, F|100\/100 tox\n|move|p1a: Sneasler|Dire Claw|p2a: Alomomola\n|-damage|p2a: Alomomola|78\/100 tox\n|\n|-damage|p2a: Alomomola|72\/100 tox|[from] psn\n|-fieldend|move: Electric Terrain\n|upkeep\n|turn|51\n|\n|t:|1700271517\n|move|p1a: Sneasler|Swords Dance|p1a: Sneasler\n|-boost|p1a: Sneasler|atk|2\n|move|p2a: Alomomola|Wish|p2a: Alomomola\n|\n|-damage|p2a: Alomomola|59\/100 tox|[from] psn\n|upkeep\n|turn|52\n|\n|t:|1700271522\n|move|p1a: Sneasler|Swords Dance|p1a: Sneasler\n|-boost|p1a: Sneasler|atk|2\n|move|p2a: Alomomola|Flip Turn|p1a: Sneasler\n|-damage|p1a: Sneasler|82\/100\n|\n|t:|1700271525\n|switch|p2a: Lopunny|Lopunny-Mega, F|31\/100|[from] Flip Turn\n|\n|-heal|p2a: Lopunny|100\/100|[from] move: Wish|[wisher] Alomomola\n|upkeep\n|turn|53\n|\n|t:|1700271532\n|move|p2a: Lopunny|Fake Out|p1a: Sneasler\n|-damage|p1a: Sneasler|56\/100\n|cant|p1a: Sneasler|flinch\n|\n|upkeep\n|turn|54\n|\n|t:|1700271552\n|move|p2a: Lopunny|Quick Attack|p1a: Sneasler\n|-damage|p1a: Sneasler|33\/100\n|move|p1a: Sneasler|Acrobatics|p2a: Lopunny\n|-supereffective|p2a: Lopunny\n|-damage|p2a: Lopunny|0 fnt\n|faint|p2a: Lopunny\n|\n|upkeep\n|-message|fm918918 forfeited.\n|\n|win|BoccetheStirFried\n|raw|BoccetheStirFried's rating: 1376 &rarr; <strong>1395<\/strong><br \/>(+19 for winning)\n|raw|fm918918's rating: 1362 &rarr; <strong>1343<\/strong><br \/>(-19 for losing)\n|l|\u2606fm918918\n","uploadtime":1700271564,"views":10,"p1id":"boccethestirfried","p2id":"fm918918","formatid":"gen9nationaldex","rating":1343,"private":0,"password":""}