{"id":"gen9nationaldex-1994218497","p1":"Blrrrd","p2":"RenIsGood","format":"[Gen 9] National Dex","log":"|j|\u2606Blrrrd\n|j|\u2606RenIsGood\n|t:|1700420139\n|gametype|singles\n|player|p1|Blrrrd|leon|1145\n|player|p2|RenIsGood|lady|1068\n|teamsize|p1|6\n|teamsize|p2|6\n|gen|9\n|tier|[Gen 9] National Dex\n|rated|\n|rule|HP Percentage Mod: HP is shown in percentages\n|rule|Endless Battle Clause: Forcing endless battles is banned\n|rule|OHKO Clause: OHKO moves are banned\n|rule|Evasion Clause: Evasion abilities, items, and moves are banned\n|rule|Evasion Abilities Clause: Evasion abilities are banned\n|rule|Evasion Items Clause: Evasion items are banned\n|rule|Evasion Moves Clause: Evasion moves are banned\n|rule|Species Clause: Limit one of each Pok\u00e9mon\n|rule|Sleep Clause Mod: Limit one foe put to sleep\n|clearpoke\n|poke|p1|Fezandipiti, M|\n|poke|p1|Slowbro, M|\n|poke|p1|Gliscor, M|\n|poke|p1|Breloom, F|\n|poke|p1|Goodra-Hisui, M|\n|poke|p1|Volcarona, M|\n|poke|p2|Serperior, F|\n|poke|p2|Beedrill, M|\n|poke|p2|Doublade, M|\n|poke|p2|Cloyster, M|\n|poke|p2|Ninetales-Alola, F|\n|poke|p2|Heatran, M|\n|teampreview\n|inactive|Battle timer is ON: inactive players will automatically lose when time's up. (requested by RenIsGood)\n|inactive|Blrrrd also wants the timer to be on.\n|c|\u2606RenIsGood|glhf\n|\n|t:|1700420150\n|start\n|switch|p1a: Goodra|Goodra-Hisui, M|100\/100\n|switch|p2a: Ninetales|Ninetales-Alola, F, shiny|100\/100\n|-weather|Snow|[from] ability: Snow Warning|[of] p2a: Ninetales\n|turn|1\n|\n|t:|1700420161\n|move|p2a: Ninetales|Aurora Veil|p2a: Ninetales\n|-sidestart|p2: RenIsGood|move: Aurora Veil\n|move|p1a: Goodra|Acid Spray|p2a: Ninetales\n|-supereffective|p2a: Ninetales\n|-damage|p2a: Ninetales|87\/100\n|-unboost|p2a: Ninetales|spd|2\n|\n|-weather|Snow|[upkeep]\n|upkeep\n|turn|2\n|\n|t:|1700420165\n|move|p2a: Ninetales|Blizzard|p1a: Goodra\n|-damage|p1a: Goodra|85\/100\n|move|p1a: Goodra|Acid Spray|p2a: Ninetales\n|-supereffective|p2a: Ninetales\n|-damage|p2a: Ninetales|59\/100\n|-unboost|p2a: Ninetales|spd|2\n|\n|-weather|Snow|[upkeep]\n|upkeep\n|turn|3\n|\n|t:|1700420182\n|move|p2a: Ninetales|Blizzard|p1a: Goodra\n|-damage|p1a: Goodra|68\/100\n|move|p1a: Goodra|Flash Cannon|p2a: Ninetales\n|-supereffective|p2a: Ninetales\n|-damage|p2a: Ninetales|0 fnt\n|faint|p2a: Ninetales\n|\n|-weather|Snow|[upkeep]\n|upkeep\n|\n|t:|1700420192\n|switch|p2a: Heatran|Heatran, M|100\/100\n|turn|4\n|\n|t:|1700420199\n|move|p2a: Heatran|Eruption|p1a: Goodra\n|-damage|p1a: Goodra|35\/100\n|move|p1a: Goodra|Muddy Water|p2a: Heatran\n|-supereffective|p2a: Heatran\n|-damage|p2a: Heatran|81\/100\n|-unboost|p2a: Heatran|accuracy|1\n|\n|-weather|Snow|[upkeep]\n|-heal|p2a: Heatran|88\/100|[from] item: Leftovers\n|upkeep\n|turn|5\n|\n|t:|1700420210\n|switch|p1a: Gliscor|Gliscor, M|100\/100\n|move|p2a: Heatran|Eruption|p1a: Gliscor\n|-damage|p1a: Gliscor|37\/100\n|\n|-weather|none\n|-heal|p2a: Heatran|94\/100|[from] item: Leftovers\n|-status|p1a: Gliscor|tox|[from] item: Toxic Orb\n|upkeep\n|turn|6\n|\n|t:|1700420215\n|move|p1a: Gliscor|Protect|p1a: Gliscor\n|-singleturn|p1a: Gliscor|Protect\n|move|p2a: Heatran|Eruption|p1a: Gliscor\n|-activate|p1a: Gliscor|move: Protect\n|\n|-heal|p2a: Heatran|99\/100|[from] item: Leftovers\n|-heal|p1a: Gliscor|49\/100 tox|[from] ability: Poison Heal\n|upkeep\n|turn|7\n|\n|t:|1700420217\n|move|p1a: Gliscor|Earthquake|p2a: Heatran\n|-supereffective|p2a: Heatran\n|-damage|p2a: Heatran|49\/100\n|move|p2a: Heatran|Eruption|p1a: Gliscor\n|-damage|p1a: Gliscor|13\/100 tox\n|\n|-heal|p2a: Heatran|55\/100|[from] item: Leftovers\n|-heal|p1a: Gliscor|25\/100 tox|[from] ability: Poison Heal\n|upkeep\n|turn|8\n|\n|t:|1700420223\n|move|p1a: Gliscor|Earthquake|p2a: Heatran\n|-supereffective|p2a: Heatran\n|-damage|p2a: Heatran|0 fnt\n|faint|p2a: Heatran\n|\n|-heal|p1a: Gliscor|38\/100 tox|[from] ability: Poison Heal\n|-sideend|p2: RenIsGood|move: Aurora Veil\n|upkeep\n|\n|t:|1700420227\n|switch|p2a: Murderer|Serperior, F|100\/100\n|turn|9\n|\n|t:|1700420253\n|switch|p2a: slept on|Cloyster, M|100\/100\n|switch|p1a: Breloom|Breloom, F|100\/100\n|\n|upkeep\n|turn|10\n|\n|t:|1700420268\n|switch|p2a: Doublade|Doublade, M, shiny|100\/100\n|move|p1a: Breloom|Spore|p2a: Doublade\n|-status|p2a: Doublade|slp|[from] move: Spore\n|\n|upkeep\n|turn|11\n|\n|t:|1700420278\n|switch|p1a: Volcarona|Volcarona, M|100\/100\n|switch|p2a: Murderer|Serperior, F|100\/100\n|\n|upkeep\n|turn|12\n|\n|t:|1700420286\n|switch|p2a: Doublade|Doublade, M, shiny|100\/100 slp\n|move|p1a: Volcarona|Quiver Dance|p1a: Volcarona\n|-boost|p1a: Volcarona|spa|1\n|-boost|p1a: Volcarona|spd|1\n|-boost|p1a: Volcarona|spe|1\n|\n|upkeep\n|turn|13\n|\n|t:|1700420289\n|move|p1a: Volcarona|Fiery Dance|p2a: Doublade\n|-supereffective|p2a: Doublade\n|-damage|p2a: Doublade|0 fnt\n|faint|p2a: Doublade\n|\n|upkeep\n|\n|t:|1700420297\n|switch|p2a: slept on|Cloyster, M|100\/100\n|turn|14\n|\n|t:|1700420301\n|-terastallize|p1a: Volcarona|Grass\n|move|p1a: Volcarona|Giga Drain|p2a: slept on\n|-supereffective|p2a: slept on\n|-enditem|p2a: slept on|Focus Sash\n|-damage|p2a: slept on|1\/100\n|move|p2a: slept on|Rock Blast|p1a: Volcarona\n|-damage|p1a: Volcarona|93\/100\n|-damage|p1a: Volcarona|86\/100\n|-damage|p1a: Volcarona|79\/100\n|-damage|p1a: Volcarona|73\/100\n|-damage|p1a: Volcarona|66\/100\n|-hitcount|p1a: Volcarona|5\n|\n|upkeep\n|turn|15\n|\n|t:|1700420315\n|move|p1a: Volcarona|Giga Drain|p2a: slept on\n|-supereffective|p2a: slept on\n|-damage|p2a: slept on|0 fnt\n|-heal|p1a: Volcarona|66\/100|[from] drain|[of] p2a: slept on\n|faint|p2a: slept on\n|\n|upkeep\n|\n|t:|1700420320\n|switch|p2a: Murderer|Serperior, F|100\/100\n|turn|16\n|\n|t:|1700420323\n|move|p2a: Murderer|Wring Out|p1a: Volcarona\n|-damage|p1a: Volcarona|55\/100\n|move|p1a: Volcarona|Fiery Dance|p2a: Murderer\n|-supereffective|p2a: Murderer\n|-damage|p2a: Murderer|0 fnt\n|faint|p2a: Murderer\n|\n|upkeep\n|\n|t:|1700420327\n|switch|p2a: Beedrill|Beedrill, M|100\/100\n|turn|17\n|\n|t:|1700420332\n|detailschange|p2a: Beedrill|Beedrill-Mega, M\n|-mega|p2a: Beedrill|Beedrill|Beedrillite\n|move|p2a: Beedrill|Fell Stinger|p1a: Volcarona\n|-supereffective|p1a: Volcarona\n|-damage|p1a: Volcarona|0 fnt\n|faint|p1a: Volcarona\n|-boost|p2a: Beedrill|atk|3\n|\n|upkeep\n|\n|t:|1700420338\n|switch|p1a: Gliscor|Gliscor, M|38\/100 tox\n|turn|18\n|\n|t:|1700420347\n|move|p1a: Gliscor|Protect|p1a: Gliscor\n|-singleturn|p1a: Gliscor|Protect\n|move|p2a: Beedrill|Knock Off|p1a: Gliscor\n|-activate|p1a: Gliscor|move: Protect\n|\n|-heal|p1a: Gliscor|50\/100 tox|[from] ability: Poison Heal\n|upkeep\n|turn|19\n|\n|t:|1700420350\n|move|p2a: Beedrill|Knock Off|p1a: Gliscor\n|-damage|p1a: Gliscor|0 fnt\n|-enditem|p1a: Gliscor|Toxic Orb|[from] move: Knock Off|[of] p2a: Beedrill\n|faint|p1a: Gliscor\n|\n|upkeep\n|\n|t:|1700420360\n|switch|p1a: Breloom|Breloom, F|100\/100\n|turn|20\n|\n|t:|1700420367\n|move|p1a: Breloom|Mach Punch|p2a: Beedrill\n|-resisted|p2a: Beedrill\n|-damage|p2a: Beedrill|81\/100\n|move|p2a: Beedrill|Poison Jab|p1a: Breloom\n|-supereffective|p1a: Breloom\n|-damage|p1a: Breloom|0 fnt\n|faint|p1a: Breloom\n|\n|upkeep\n|\n|t:|1700420371\n|switch|p1a: Goodra|Goodra-Hisui, M|35\/100\n|turn|21\n|\n|t:|1700420375\n|move|p2a: Beedrill|Drill Run|p1a: Goodra\n|-supereffective|p1a: Goodra\n|-damage|p1a: Goodra|0 fnt\n|faint|p1a: Goodra\n|\n|upkeep\n|\n|t:|1700420384\n|switch|p1a: Slowbro|Slowbro, M|100\/100\n|turn|22\n|\n|t:|1700420390\n|detailschange|p1a: Slowbro|Slowbro-Mega, M\n|-mega|p1a: Slowbro|Slowbro|Slowbronite\n|move|p2a: Beedrill|Fell Stinger|p1a: Slowbro\n|-supereffective|p1a: Slowbro\n|-damage|p1a: Slowbro|20\/100\n|move|p1a: Slowbro|Scald|p2a: Beedrill\n|-damage|p2a: Beedrill|27\/100\n|\n|upkeep\n|turn|23\n|\n|t:|1700420394\n|move|p2a: Beedrill|Fell Stinger|p1a: Slowbro\n|-supereffective|p1a: Slowbro\n|-damage|p1a: Slowbro|0 fnt\n|faint|p1a: Slowbro\n|-boost|p2a: Beedrill|atk|3\n|\n|upkeep\n|\n|t:|1700420396\n|switch|p1a: Fezandipiti|Fezandipiti, M|100\/100\n|turn|24\n|\n|t:|1700420404\n|move|p2a: Beedrill|Drill Run|p1a: Fezandipiti\n|-supereffective|p1a: Fezandipiti\n|-damage|p1a: Fezandipiti|0 fnt\n|faint|p1a: Fezandipiti\n|\n|win|RenIsGood\n|raw|Blrrrd's rating: 1145 &rarr; <strong>1115<\/strong><br \/>(-30 for losing)\n|raw|RenIsGood's rating: 1068 &rarr; <strong>1104<\/strong><br \/>(+36 for winning)\n|l|\u2606Blrrrd\n|c|\u2606RenIsGood|GGS\n","uploadtime":1700420483,"views":23,"p1id":"blrrrd","p2id":"renisgood","formatid":"gen9nationaldex","rating":1104,"private":0,"password":""}