{"id":"gen9nationaldex-1995366239","p1":"afnkm","p2":"wwaaa","format":"[Gen 9] National Dex","log":"|html|<div class=\"broadcast-blue\"><strong>[Gen 9] National Dex is currently suspecting Sneasler! For information on how to participate check out the <a href=\"https:\/\/www.smogon.com\/forums\/threads\/sv-national-dex-suspect-8-just-dance.3731534\/\">suspect thread<\/a>.<\/strong><\/div>\n|j|\u2606afnkm\n|j|\u2606wwaaa\n|t:|1700560663\n|gametype|singles\n|player|p1|afnkm|266|1778\n|player|p2|wwaaa|candice|1603\n|teamsize|p1|6\n|teamsize|p2|6\n|gen|9\n|tier|[Gen 9] National Dex\n|rated|\n|rule|HP Percentage Mod: HP is shown in percentages\n|rule|Endless Battle Clause: Forcing endless battles is banned\n|rule|OHKO Clause: OHKO moves are banned\n|rule|Evasion Clause: Evasion abilities, items, and moves are banned\n|rule|Evasion Abilities Clause: Evasion abilities are banned\n|rule|Evasion Items Clause: Evasion items are banned\n|rule|Evasion Moves Clause: Evasion moves are banned\n|rule|Species Clause: Limit one of each Pok\u00e9mon\n|rule|Sleep Clause Mod: Limit one foe put to sleep\n|clearpoke\n|poke|p1|Charizard, M|\n|poke|p1|Great Tusk|\n|poke|p1|Garganacl, M|\n|poke|p1|Hatterene, F|\n|poke|p1|Rillaboom, F|\n|poke|p1|Sneasler, F|\n|poke|p2|Weavile, M|\n|poke|p2|Zamazenta-*|\n|poke|p2|Banette, M|\n|poke|p2|Dragonite, F|\n|poke|p2|Slowking-Galar, F|\n|poke|p2|Ferrothorn, M|\n|teampreview\n|inactive|Battle timer is ON: inactive players will automatically lose when time's up. (requested by afnkm)\n|l|\u2606wwaaa\n|inactive|wwaaa disconnected and has a minute to reconnect!\n|player|p2|\n|j|\u2606wwaaa\n|inactive|wwaaa reconnected and has 130 seconds left.\n|player|p2|wwaaa|candice\n|\n|t:|1700560692\n|start\n|switch|p1a: Garganacl|Garganacl, M|100\/100\n|switch|p2a: Slowking|Slowking-Galar, F|100\/100\n|turn|1\n|\n|t:|1700560700\n|move|p1a: Garganacl|Stealth Rock|p2a: Slowking\n|-sidestart|p2: wwaaa|move: Stealth Rock\n|move|p2a: Slowking|Toxic Spikes|p1a: Garganacl\n|-sidestart|p1: afnkm|move: Toxic Spikes\n|\n|upkeep\n|turn|2\n|\n|t:|1700560707\n|switch|p1a: Sneasler|Sneasler, F|100\/100\n|-sideend|p1: afnkm|move: Toxic Spikes|[of] p1a: Sneasler\n|move|p2a: Slowking|Sludge Bomb|p1a: Sneasler\n|-resisted|p1a: Sneasler\n|-damage|p1a: Sneasler|77\/100\n|\n|upkeep\n|turn|3\n|\n|t:|1700560717\n|switch|p1a: Garganacl|Garganacl, M|100\/100\n|move|p2a: Slowking|Future Sight|p1a: Garganacl\n|-start|p2a: Slowking|move: Future Sight\n|\n|upkeep\n|turn|4\n|\n|t:|1700560722\n|switch|p1a: Hatterene|Hatterene, F|100\/100\n|move|p2a: Slowking|Sludge Bomb|p1a: Hatterene\n|-supereffective|p1a: Hatterene\n|-damage|p1a: Hatterene|45\/100\n|\n|-heal|p1a: Hatterene|51\/100|[from] item: Leftovers\n|upkeep\n|turn|5\n|\n|t:|1700560732\n|switch|p1a: Charizard|Charizard, M|100\/100\n|move|p2a: Slowking|Toxic Spikes|p1a: Charizard\n|-sidestart|p1: afnkm|move: Toxic Spikes\n|\n|-end|p1a: Charizard|move: Future Sight\n|-damage|p1a: Charizard|43\/100\n|upkeep\n|turn|6\n|\n|t:|1700560739\n|detailschange|p1a: Charizard|Charizard-Mega-Y, M\n|-mega|p1a: Charizard|Charizard|Charizardite Y\n|-weather|SunnyDay|[from] ability: Drought|[of] p1a: Charizard\n|move|p1a: Charizard|Roost|p1a: Charizard\n|-heal|p1a: Charizard|93\/100\n|-singleturn|p1a: Charizard|move: Roost\n|move|p2a: Slowking|Chilly Reception|p2a: Slowking\n|-weather|Snow\n|\n|t:|1700560758\n|switch|p2a: Weavile|Weavile, M|100\/100|[from] Chilly Reception\n|-ability|p2a: Weavile|Pressure\n|\n|-weather|Snow|[upkeep]\n|upkeep\n|turn|7\n|\n|t:|1700560761\n|-activate|p1a: Charizard|move: Pursuit\n|move|p2a: Weavile|Pursuit|p1a: Charizard|[from]Pursuit\n|-damage|p1a: Charizard|43\/100\n|switch|p1a: Sneasler|Sneasler, F|77\/100\n|-sideend|p1: afnkm|move: Toxic Spikes|[of] p1a: Sneasler\n|\n|-weather|Snow|[upkeep]\n|upkeep\n|turn|8\n|\n|t:|1700560769\n|move|p2a: Weavile|Triple Axel|p1a: Sneasler\n|-damage|p1a: Sneasler|61\/100\n|-damage|p1a: Sneasler|26\/100\n|-damage|p1a: Sneasler|0 fnt\n|faint|p1a: Sneasler\n|-hitcount|p1: Sneasler|3\n|\n|-weather|Snow|[upkeep]\n|upkeep\n|\n|t:|1700560776\n|switch|p1a: Garganacl|Garganacl, M|100\/100\n|turn|9\n|\n|t:|1700560780\n|switch|p2a: Slowking|Slowking-Galar, F|100\/100\n|move|p1a: Garganacl|Salt Cure|p2a: Slowking\n|-damage|p2a: Slowking|85\/100\n|-start|p2a: Slowking|Salt Cure\n|\n|-weather|Snow|[upkeep]\n|-damage|p2a: Slowking|73\/100|[from] Salt Cure\n|upkeep\n|turn|10\n|\n|t:|1700560785\n|switch|p1a: Charizard|Charizard-Mega-Y, M|43\/100\n|-weather|SunnyDay|[from] ability: Drought|[of] p1a: Charizard\n|move|p2a: Slowking|Toxic Spikes|p1a: Charizard\n|-sidestart|p1: afnkm|move: Toxic Spikes\n|\n|-weather|SunnyDay|[upkeep]\n|-damage|p2a: Slowking|60\/100|[from] Salt Cure\n|upkeep\n|turn|11\n|\n|t:|1700560790\n|move|p1a: Charizard|Weather Ball|p2a: Slowking\n|-damage|p2a: Slowking|7\/100\n|move|p2a: Slowking|Chilly Reception|p2a: Slowking\n|-weather|Snow\n|\n|t:|1700560794\n|switch|p2a: Weavile|Weavile, M|100\/100|[from] Chilly Reception\n|-ability|p2a: Weavile|Pressure\n|\n|-weather|Snow|[upkeep]\n|upkeep\n|turn|12\n|\n|t:|1700560796\n|move|p2a: Weavile|Triple Axel|p1a: Charizard\n|-damage|p1a: Charizard|30\/100\n|-damage|p1a: Charizard|3\/100\n|-damage|p1a: Charizard|0 fnt\n|faint|p1a: Charizard\n|-hitcount|p1: Charizard|3\n|\n|-weather|Snow|[upkeep]\n|upkeep\n|\n|t:|1700560800\n|switch|p1a: Great Tusk|Great Tusk|100\/100\n|-status|p1a: Great Tusk|psn\n|turn|13\n|\n|t:|1700560803\n|switch|p2a: Banette|Banette, M|100\/100\n|-damage|p2a: Banette|88\/100|[from] Stealth Rock\n|-item|p1a: Great Tusk|Life Orb|[from] ability: Frisk|[of] p2a: Banette|[identify]\n|move|p1a: Great Tusk|Rapid Spin|p2a: Banette\n|-immune|p2a: Banette\n|\n|-weather|Snow|[upkeep]\n|-damage|p1a: Great Tusk|88\/100 psn|[from] psn\n|upkeep\n|turn|14\n|\n|t:|1700560811\n|detailschange|p2a: Banette|Banette-Mega, M\n|-mega|p2a: Banette|Banette|Banettite\n|move|p2a: Banette|Encore|p1a: Great Tusk\n|-start|p1a: Great Tusk|Encore\n|move|p1a: Great Tusk|Rapid Spin|p2a: Banette\n|-immune|p2a: Banette\n|\n|-weather|Snow|[upkeep]\n|-damage|p1a: Great Tusk|76\/100 psn|[from] psn\n|upkeep\n|turn|15\n|\n|t:|1700560817\n|-end|p1a: Great Tusk|Protosynthesis|[silent]\n|switch|p1a: Garganacl|Garganacl, M|100\/100\n|switch|p2a: Slowking|Slowking-Galar, F|40\/100\n|\n|-weather|none\n|upkeep\n|turn|16\n|\n|t:|1700560823\n|switch|p1a: Great Tusk|Great Tusk|76\/100 psn\n|move|p2a: Slowking|Chilly Reception|p2a: Slowking\n|-weather|Snow\n|\n|t:|1700560838\n|switch|p2a: Weavile|Weavile, M|100\/100|[from] Chilly Reception\n|-ability|p2a: Weavile|Pressure\n|\n|-weather|Snow|[upkeep]\n|-damage|p1a: Great Tusk|63\/100 psn|[from] psn\n|upkeep\n|turn|17\n|\n|t:|1700560842\n|move|p2a: Weavile|Triple Axel|p1a: Great Tusk\n|-supereffective|p1a: Great Tusk\n|-damage|p1a: Great Tusk|48\/100 psn\n|-supereffective|p1a: Great Tusk\n|-damage|p1a: Great Tusk|21\/100 psn\n|-supereffective|p1a: Great Tusk\n|-damage|p1a: Great Tusk|0 fnt\n|faint|p1a: Great Tusk\n|-end|p1a: Great Tusk|Protosynthesis|[silent]\n|-hitcount|p1: Great Tusk|3\n|\n|-weather|Snow|[upkeep]\n|upkeep\n|-message|afnkm forfeited.\n|\n|win|wwaaa\n|raw|afnkm's rating: 1778 &rarr; <strong>1749<\/strong><br \/>(-29 for losing)\n|raw|wwaaa's rating: 1603 &rarr; <strong>1632<\/strong><br \/>(+29 for winning)\n|l|\u2606afnkm\n","uploadtime":1700560855,"views":2,"p1id":"afnkm","p2id":"wwaaa","formatid":"gen9nationaldex","rating":1632,"private":0,"password":""}