{"id":"gen9nationaldex-1989070112","p1":"Orange J 15","p2":"ctuvyhbj","format":"[Gen 9] National Dex","log":"|j|\u2606Orange J 15\n|j|\u2606ctuvyhbj\n|t:|1699808891\n|gametype|singles\n|player|p1|Orange J 15|n|1242\n|player|p2|ctuvyhbj|266|1158\n|teamsize|p1|6\n|teamsize|p2|6\n|gen|9\n|tier|[Gen 9] National Dex\n|rated|\n|rule|HP Percentage Mod: HP is shown in percentages\n|rule|Endless Battle Clause: Forcing endless battles is banned\n|rule|OHKO Clause: OHKO moves are banned\n|rule|Evasion Clause: Evasion abilities, items, and moves are banned\n|rule|Evasion Abilities Clause: Evasion abilities are banned\n|rule|Evasion Items Clause: Evasion items are banned\n|rule|Evasion Moves Clause: Evasion moves are banned\n|rule|Species Clause: Limit one of each Pok\u00e9mon\n|rule|Sleep Clause Mod: Limit one foe put to sleep\n|clearpoke\n|poke|p1|Hippowdon, M|\n|poke|p1|Gastrodon-East, M|\n|poke|p1|Corviknight, M|\n|poke|p1|Sandaconda, M|\n|poke|p1|Camerupt, F|\n|poke|p1|Diancie|\n|poke|p2|Minior|\n|poke|p2|Togedemaru, M|\n|poke|p2|Pyukumuku, F|\n|poke|p2|Volbeat, M|\n|poke|p2|Jirachi|\n|poke|p2|Klefki, F|\n|teampreview\n|inactive|Battle timer is ON: inactive players will automatically lose when time's up. (requested by Orange J 15)\n|\n|t:|1699808900\n|start\n|switch|p1a: Hippowdon|Hippowdon, M|100\/100\n|switch|p2a: Klefki|Klefki, F|100\/100\n|-weather|Sandstorm|[from] ability: Sand Stream|[of] p1a: Hippowdon\n|turn|1\n|\n|t:|1699808918\n|move|p2a: Klefki|Switcheroo|p1a: Hippowdon\n|-activate|p2a: Klefki|move: Trick|[of] p1a: Hippowdon\n|-item|p1a: Hippowdon|Black Sludge|[from] move: Switcheroo\n|-item|p2a: Klefki|Smooth Rock|[from] move: Switcheroo\n|move|p1a: Hippowdon|Earthquake|p2a: Klefki\n|-supereffective|p2a: Klefki\n|-damage|p2a: Klefki|11\/100\n|\n|-weather|Sandstorm|[upkeep]\n|-damage|p1a: Hippowdon|88\/100|[from] item: Black Sludge\n|upkeep\n|turn|2\n|\n|t:|1699808932\n|move|p2a: Klefki|Toxic|p1a: Hippowdon\n|-status|p1a: Hippowdon|tox\n|move|p1a: Hippowdon|Earthquake|p2a: Klefki\n|-supereffective|p2a: Klefki\n|-damage|p2a: Klefki|0 fnt\n|faint|p2a: Klefki\n|\n|-weather|Sandstorm|[upkeep]\n|-damage|p1a: Hippowdon|76\/100 tox|[from] item: Black Sludge\n|-damage|p1a: Hippowdon|70\/100 tox|[from] psn\n|upkeep\n|\n|t:|1699808950\n|switch|p2a: Minior|Minior|100\/100\n|-formechange|p2a: Minior|Minior-Meteor||[from] ability: Shields Down\n|turn|3\n|\n|t:|1699808966\n|switch|p1a: Diancie|Diancie, shiny|100\/100\n|move|p2a: Minior|Shell Smash|p2a: Minior\n|-unboost|p2a: Minior|def|1\n|-unboost|p2a: Minior|spd|1\n|-boost|p2a: Minior|atk|2\n|-boost|p2a: Minior|spa|2\n|-boost|p2a: Minior|spe|2\n|-enditem|p2a: Minior|White Herb\n|-clearnegativeboost|p2a: Minior|[silent]\n|\n|-weather|Sandstorm|[upkeep]\n|upkeep\n|turn|4\n|\n|t:|1699808979\n|-terastallize|p2a: Minior|Rock\n|move|p2a: Minior|Shell Smash|p2a: Minior\n|-unboost|p2a: Minior|def|1\n|-unboost|p2a: Minior|spd|1\n|-boost|p2a: Minior|atk|2\n|-boost|p2a: Minior|spa|2\n|-boost|p2a: Minior|spe|2\n|move|p1a: Diancie|Diamond Storm|p2a: Minior\n|-damage|p2a: Minior|25\/100\n|\n|-weather|Sandstorm|[upkeep]\n|-formechange|p2a: Minior|Minior||[from] ability: Shields Down\n|upkeep\n|turn|5\n|\n|t:|1699808997\n|move|p2a: Minior|Earthquake|p1a: Diancie\n|-supereffective|p1a: Diancie\n|-damage|p1a: Diancie|0 fnt\n|faint|p1a: Diancie\n|\n|-weather|Sandstorm|[upkeep]\n|upkeep\n|\n|t:|1699809004\n|switch|p1a: Corviknight|Corviknight, M, shiny|100\/100\n|turn|6\n|\n|t:|1699809009\n|-terastallize|p1a: Corviknight|Ground\n|move|p2a: Minior|Stone Edge|p1a: Corviknight\n|-resisted|p1a: Corviknight\n|-damage|p1a: Corviknight|29\/100\n|move|p1a: Corviknight|Tera Blast|p2a: Minior|[anim] Tera Blast Ground\n|-supereffective|p2a: Minior\n|-damage|p2a: Minior|0 fnt\n|faint|p2a: Minior\n|\n|-weather|Sandstorm|[upkeep]\n|upkeep\n|\n|t:|1699809018\n|switch|p2a: Jirachi|Jirachi|100\/100\n|turn|7\n|\n|t:|1699809025\n|move|p2a: Jirachi|Iron Head|p1a: Corviknight\n|-damage|p1a: Corviknight|5\/100\n|cant|p1a: Corviknight|flinch\n|\n|-weather|Sandstorm|[upkeep]\n|upkeep\n|turn|8\n|\n|t:|1699809031\n|move|p2a: Jirachi|Iron Head|p1a: Corviknight\n|-damage|p1a: Corviknight|0 fnt\n|faint|p1a: Corviknight\n|\n|-weather|none\n|upkeep\n|\n|t:|1699809040\n|switch|p1a: Sandaconda|Sandaconda, M|100\/100\n|turn|9\n|\n|t:|1699809044\n|move|p2a: Jirachi|Iron Head|p1a: Sandaconda\n|-damage|p1a: Sandaconda|70\/100\n|-weather|Sandstorm|[from] ability: Sand Spit|[of] p1a: Sandaconda\n|cant|p1a: Sandaconda|flinch\n|\n|-weather|Sandstorm|[upkeep]\n|upkeep\n|turn|10\n|\n|t:|1699809050\n|move|p2a: Jirachi|Iron Head|p1a: Sandaconda\n|-damage|p1a: Sandaconda|43\/100\n|-zpower|p1a: Sandaconda\n|move|p1a: Sandaconda|Tectonic Rage|p2a: Jirachi|[zeffect]\n|-supereffective|p2a: Jirachi\n|-damage|p2a: Jirachi|0 fnt\n|faint|p2a: Jirachi\n|\n|-weather|Sandstorm|[upkeep]\n|upkeep\n|\n|t:|1699809069\n|switch|p2a: Volbeat|Volbeat, M|100\/100\n|turn|11\n|\n|t:|1699809082\n|move|p2a: Volbeat|Toxic|p1a: Sandaconda\n|-status|p1a: Sandaconda|tox\n|move|p1a: Sandaconda|Rock Slide|p2a: Volbeat\n|-supereffective|p2a: Volbeat\n|-damage|p2a: Volbeat|50\/100\n|\n|-weather|Sandstorm|[upkeep]\n|-damage|p2a: Volbeat|44\/100|[from] Sandstorm\n|-heal|p2a: Volbeat|50\/100|[from] item: Leftovers\n|-damage|p1a: Sandaconda|37\/100 tox|[from] psn\n|upkeep\n|turn|12\n|\n|t:|1699809090\n|move|p2a: Volbeat|Roost|p2a: Volbeat\n|-heal|p2a: Volbeat|100\/100\n|-singleturn|p2a: Volbeat|move: Roost\n|move|p1a: Sandaconda|Rock Slide|p2a: Volbeat\n|-supereffective|p2a: Volbeat\n|-damage|p2a: Volbeat|50\/100\n|\n|-weather|Sandstorm|[upkeep]\n|-damage|p2a: Volbeat|44\/100|[from] Sandstorm\n|-heal|p2a: Volbeat|50\/100|[from] item: Leftovers\n|-damage|p1a: Sandaconda|24\/100 tox|[from] psn\n|upkeep\n|turn|13\n|\n|t:|1699809102\n|switch|p1a: Camerupt|Camerupt, F|100\/100\n|move|p2a: Volbeat|Roost|p2a: Volbeat\n|-heal|p2a: Volbeat|100\/100\n|-singleturn|p2a: Volbeat|move: Roost\n|\n|-weather|none\n|upkeep\n|turn|14\n|\n|t:|1699809119\n|detailschange|p1a: Camerupt|Camerupt-Mega, F\n|-mega|p1a: Camerupt|Camerupt|Cameruptite\n|move|p2a: Volbeat|U-turn|p1a: Camerupt\n|-resisted|p1a: Camerupt\n|-damage|p1a: Camerupt|91\/100\n|\n|t:|1699809124\n|switch|p2a: Pyukumuku|Pyukumuku, F|100\/100|[from] U-turn\n|move|p1a: Camerupt|Eruption|p2a: Pyukumuku\n|-resisted|p2a: Pyukumuku\n|-damage|p2a: Pyukumuku|74\/100\n|\n|-heal|p2a: Pyukumuku|80\/100|[from] item: Leftovers\n|upkeep\n|turn|15\n|\n|t:|1699809135\n|switch|p1a: Gastrodon|Gastrodon-East, M, shiny|100\/100\n|move|p2a: Pyukumuku|Mirror Coat||[still]\n|-fail|p2a: Pyukumuku\n|\n|-heal|p2a: Pyukumuku|86\/100|[from] item: Leftovers\n|upkeep\n|turn|16\n|\n|t:|1699809142\n|move|p1a: Gastrodon|Hidden Power|p2a: Pyukumuku\n|-supereffective|p2a: Pyukumuku\n|-damage|p2a: Pyukumuku|59\/100\n|move|p2a: Pyukumuku|Toxic|p1a: Gastrodon\n|-status|p1a: Gastrodon|tox\n|\n|-heal|p2a: Pyukumuku|65\/100|[from] item: Leftovers\n|-damage|p1a: Gastrodon|94\/100 tox|[from] psn\n|upkeep\n|turn|17\n|\n|t:|1699809155\n|move|p1a: Gastrodon|Hidden Power|p2a: Pyukumuku\n|-supereffective|p2a: Pyukumuku\n|-damage|p2a: Pyukumuku|40\/100\n|move|p2a: Pyukumuku|Substitute|p2a: Pyukumuku\n|-start|p2a: Pyukumuku|Substitute\n|-damage|p2a: Pyukumuku|15\/100\n|\n|-heal|p1a: Gastrodon|100\/100 tox|[from] item: Leftovers\n|-heal|p2a: Pyukumuku|21\/100|[from] item: Leftovers\n|-damage|p1a: Gastrodon|88\/100 tox|[from] psn\n|upkeep\n|turn|18\n|\n|t:|1699809163\n|move|p1a: Gastrodon|Hidden Power|p2a: Pyukumuku\n|-supereffective|p2a: Pyukumuku\n|-end|p2a: Pyukumuku|Substitute\n|move|p2a: Pyukumuku|Recover|p2a: Pyukumuku\n|-heal|p2a: Pyukumuku|71\/100\n|\n|-heal|p1a: Gastrodon|94\/100 tox|[from] item: Leftovers\n|-heal|p2a: Pyukumuku|77\/100|[from] item: Leftovers\n|-damage|p1a: Gastrodon|76\/100 tox|[from] psn\n|upkeep\n|turn|19\n|\n|t:|1699809169\n|switch|p1a: Hippowdon|Hippowdon, M|70\/100 tox\n|-weather|Sandstorm|[from] ability: Sand Stream|[of] p1a: Hippowdon\n|move|p2a: Pyukumuku|Mirror Coat||[still]\n|-fail|p2a: Pyukumuku\n|\n|-weather|Sandstorm|[upkeep]\n|-damage|p2a: Pyukumuku|71\/100|[from] Sandstorm\n|-damage|p1a: Hippowdon|58\/100 tox|[from] item: Black Sludge\n|-heal|p2a: Pyukumuku|77\/100|[from] item: Leftovers\n|-damage|p1a: Hippowdon|52\/100 tox|[from] psn\n|upkeep\n|turn|20\n|\n|t:|1699809176\n|move|p1a: Hippowdon|Yawn|p2a: Pyukumuku\n|-start|p2a: Pyukumuku|move: Yawn|[of] p1a: Hippowdon\n|move|p2a: Pyukumuku|Substitute|p2a: Pyukumuku\n|-start|p2a: Pyukumuku|Substitute\n|-damage|p2a: Pyukumuku|53\/100\n|\n|-weather|Sandstorm|[upkeep]\n|-damage|p2a: Pyukumuku|47\/100|[from] Sandstorm\n|-damage|p1a: Hippowdon|39\/100 tox|[from] item: Black Sludge\n|-heal|p2a: Pyukumuku|53\/100|[from] item: Leftovers\n|-damage|p1a: Hippowdon|27\/100 tox|[from] psn\n|upkeep\n|turn|21\n|\n|t:|1699809190\n|switch|p1a: Camerupt|Camerupt-Mega, F|91\/100\n|move|p2a: Pyukumuku|Recover|p2a: Pyukumuku\n|-heal|p2a: Pyukumuku|100\/100\n|\n|-weather|Sandstorm|[upkeep]\n|-damage|p2a: Pyukumuku|95\/100|[from] Sandstorm\n|-heal|p2a: Pyukumuku|100\/100|[from] item: Leftovers\n|-end|p2a: Pyukumuku|move: Yawn|[silent]\n|-status|p2a: Pyukumuku|slp\n|upkeep\n|turn|22\n|\n|t:|1699809199\n|move|p1a: Camerupt|Flash Cannon|p2a: Pyukumuku\n|-resisted|p2a: Pyukumuku\n|-activate|p2a: Pyukumuku|move: Substitute|[damage]\n|cant|p2a: Pyukumuku|slp\n|\n|-weather|Sandstorm|[upkeep]\n|-damage|p2a: Pyukumuku|95\/100 slp|[from] Sandstorm\n|-heal|p2a: Pyukumuku|100\/100 slp|[from] item: Leftovers\n|upkeep\n|turn|23\n|\n|t:|1699809207\n|move|p1a: Camerupt|Flash Cannon|p2a: Pyukumuku\n|-resisted|p2a: Pyukumuku\n|-end|p2a: Pyukumuku|Substitute\n|-curestatus|p2a: Pyukumuku|slp|[msg]\n|move|p2a: Pyukumuku|Toxic|p1a: Camerupt\n|-status|p1a: Camerupt|tox\n|\n|-weather|none\n|-damage|p1a: Camerupt|85\/100 tox|[from] psn\n|upkeep\n|turn|24\n|\n|t:|1699809220\n|switch|p1a: Hippowdon|Hippowdon, M|27\/100 tox\n|-weather|Sandstorm|[from] ability: Sand Stream|[of] p1a: Hippowdon\n|move|p2a: Pyukumuku|Mirror Coat||[still]\n|-fail|p2a: Pyukumuku\n|\n|-weather|Sandstorm|[upkeep]\n|-damage|p2a: Pyukumuku|95\/100|[from] Sandstorm\n|-damage|p1a: Hippowdon|15\/100 tox|[from] item: Black Sludge\n|-heal|p2a: Pyukumuku|100\/100|[from] item: Leftovers\n|-damage|p1a: Hippowdon|9\/100 tox|[from] psn\n|upkeep\n|turn|25\n|\n|t:|1699809232\n|move|p1a: Hippowdon|Yawn|p2a: Pyukumuku\n|-start|p2a: Pyukumuku|move: Yawn|[of] p1a: Hippowdon\n|move|p2a: Pyukumuku|Substitute|p2a: Pyukumuku\n|-start|p2a: Pyukumuku|Substitute\n|-damage|p2a: Pyukumuku|76\/100\n|\n|-weather|Sandstorm|[upkeep]\n|-damage|p2a: Pyukumuku|70\/100|[from] Sandstorm\n|-damage|p1a: Hippowdon|0 fnt|[from] item: Black Sludge\n|faint|p1a: Hippowdon\n|-heal|p2a: Pyukumuku|76\/100|[from] item: Leftovers\n|upkeep\n|\n|t:|1699809234\n|switch|p1a: Gastrodon|Gastrodon-East, M, shiny|76\/100 tox\n|turn|26\n|\n|t:|1699809238\n|move|p1a: Gastrodon|Hidden Power|p2a: Pyukumuku\n|-supereffective|p2a: Pyukumuku\n|-end|p2a: Pyukumuku|Substitute\n|move|p2a: Pyukumuku|Recover|p2a: Pyukumuku\n|-heal|p2a: Pyukumuku|100\/100\n|\n|-weather|Sandstorm|[upkeep]\n|-damage|p2a: Pyukumuku|95\/100|[from] Sandstorm\n|-heal|p1a: Gastrodon|82\/100 tox|[from] item: Leftovers\n|-heal|p2a: Pyukumuku|100\/100|[from] item: Leftovers\n|-damage|p1a: Gastrodon|76\/100 tox|[from] psn\n|-end|p2a: Pyukumuku|move: Yawn|[silent]\n|-status|p2a: Pyukumuku|slp\n|upkeep\n|turn|27\n|\n|t:|1699809246\n|move|p1a: Gastrodon|Hidden Power|p2a: Pyukumuku\n|-supereffective|p2a: Pyukumuku\n|-damage|p2a: Pyukumuku|73\/100 slp\n|cant|p2a: Pyukumuku|slp\n|\n|-weather|Sandstorm|[upkeep]\n|-damage|p2a: Pyukumuku|67\/100 slp|[from] Sandstorm\n|-heal|p1a: Gastrodon|82\/100 tox|[from] item: Leftovers\n|-heal|p2a: Pyukumuku|73\/100 slp|[from] item: Leftovers\n|-damage|p1a: Gastrodon|70\/100 tox|[from] psn\n|upkeep\n|turn|28\n|\n|t:|1699809251\n|move|p1a: Gastrodon|Hidden Power|p2a: Pyukumuku\n|-supereffective|p2a: Pyukumuku\n|-damage|p2a: Pyukumuku|45\/100 slp\n|cant|p2a: Pyukumuku|slp\n|\n|-weather|none\n|-heal|p1a: Gastrodon|76\/100 tox|[from] item: Leftovers\n|-heal|p2a: Pyukumuku|51\/100 slp|[from] item: Leftovers\n|-damage|p1a: Gastrodon|57\/100 tox|[from] psn\n|upkeep\n|turn|29\n|\n|t:|1699809258\n|move|p1a: Gastrodon|Hidden Power|p2a: Pyukumuku\n|-supereffective|p2a: Pyukumuku\n|-damage|p2a: Pyukumuku|22\/100 slp\n|-curestatus|p2a: Pyukumuku|slp|[msg]\n|move|p2a: Pyukumuku|Recover|p2a: Pyukumuku\n|-heal|p2a: Pyukumuku|72\/100\n|\n|-heal|p1a: Gastrodon|64\/100 tox|[from] item: Leftovers\n|-heal|p2a: Pyukumuku|78\/100|[from] item: Leftovers\n|-damage|p1a: Gastrodon|39\/100 tox|[from] psn\n|upkeep\n|turn|30\n|\n|t:|1699809266\n|move|p1a: Gastrodon|Hidden Power|p2a: Pyukumuku\n|-supereffective|p2a: Pyukumuku\n|-damage|p2a: Pyukumuku|51\/100\n|move|p2a: Pyukumuku|Recover|p2a: Pyukumuku\n|-heal|p2a: Pyukumuku|100\/100\n|\n|-heal|p1a: Gastrodon|45\/100 tox|[from] item: Leftovers\n|-damage|p1a: Gastrodon|14\/100 tox|[from] psn\n|upkeep\n|turn|31\n|\n|t:|1699809271\n|switch|p1a: Sandaconda|Sandaconda, M|24\/100 tox\n|move|p2a: Pyukumuku|Recover||[still]\n|-fail|p2a: Pyukumuku|heal\n|\n|-damage|p1a: Sandaconda|18\/100 tox|[from] psn\n|upkeep\n|turn|32\n|\n|t:|1699809283\n|move|p1a: Sandaconda|Outrage|p2a: Pyukumuku\n|-damage|p2a: Pyukumuku|71\/100\n|move|p2a: Pyukumuku|Substitute|p2a: Pyukumuku\n|-start|p2a: Pyukumuku|Substitute\n|-damage|p2a: Pyukumuku|47\/100\n|\n|-heal|p2a: Pyukumuku|53\/100|[from] item: Leftovers\n|-damage|p1a: Sandaconda|6\/100 tox|[from] psn\n|upkeep\n|turn|33\n|\n|t:|1699809293\n|move|p1a: Sandaconda|Outrage|p2a: Pyukumuku|[from]lockedmove\n|-end|p2a: Pyukumuku|Substitute\n|-start|p1a: Sandaconda|confusion|[fatigue]\n|move|p2a: Pyukumuku|Recover|p2a: Pyukumuku\n|-heal|p2a: Pyukumuku|100\/100\n|\n|-damage|p1a: Sandaconda|0 fnt|[from] psn\n|faint|p1a: Sandaconda\n|upkeep\n|\n|t:|1699809298\n|switch|p1a: Gastrodon|Gastrodon-East, M, shiny|14\/100 tox\n|turn|34\n|\n|t:|1699809302\n|move|p1a: Gastrodon|Hidden Power|p2a: Pyukumuku\n|-supereffective|p2a: Pyukumuku\n|-damage|p2a: Pyukumuku|72\/100\n|move|p2a: Pyukumuku|Substitute|p2a: Pyukumuku\n|-start|p2a: Pyukumuku|Substitute\n|-damage|p2a: Pyukumuku|47\/100\n|\n|-heal|p1a: Gastrodon|20\/100 tox|[from] item: Leftovers\n|-heal|p2a: Pyukumuku|53\/100|[from] item: Leftovers\n|-damage|p1a: Gastrodon|14\/100 tox|[from] psn\n|upkeep\n|turn|35\n|\n|t:|1699809307\n|move|p1a: Gastrodon|Hidden Power|p2a: Pyukumuku\n|-supereffective|p2a: Pyukumuku\n|-end|p2a: Pyukumuku|Substitute\n|move|p2a: Pyukumuku|Recover|p2a: Pyukumuku\n|-heal|p2a: Pyukumuku|100\/100\n|\n|-heal|p1a: Gastrodon|20\/100 tox|[from] item: Leftovers\n|-damage|p1a: Gastrodon|8\/100 tox|[from] psn\n|upkeep\n|turn|36\n|\n|t:|1699809319\n|move|p1a: Gastrodon|Hidden Power|p2a: Pyukumuku\n|-supereffective|p2a: Pyukumuku\n|-damage|p2a: Pyukumuku|73\/100\n|move|p2a: Pyukumuku|Substitute|p2a: Pyukumuku\n|-start|p2a: Pyukumuku|Substitute\n|-damage|p2a: Pyukumuku|49\/100\n|\n|-heal|p1a: Gastrodon|14\/100 tox|[from] item: Leftovers\n|-heal|p2a: Pyukumuku|55\/100|[from] item: Leftovers\n|-damage|p1a: Gastrodon|0 fnt|[from] psn\n|faint|p1a: Gastrodon\n|upkeep\n|\n|t:|1699809322\n|switch|p1a: Camerupt|Camerupt-Mega, F|85\/100 tox\n|turn|37\n|\n|t:|1699809338\n|move|p1a: Camerupt|Flamethrower|p2a: Pyukumuku\n|-resisted|p2a: Pyukumuku\n|-end|p2a: Pyukumuku|Substitute\n|move|p2a: Pyukumuku|Mirror Coat||[still]\n|-fail|p2a: Pyukumuku\n|\n|-heal|p2a: Pyukumuku|61\/100|[from] item: Leftovers\n|-damage|p1a: Camerupt|79\/100 tox|[from] psn\n|upkeep\n|turn|38\n|\n|t:|1699809348\n|move|p1a: Camerupt|Flamethrower|p2a: Pyukumuku\n|-resisted|p2a: Pyukumuku\n|-damage|p2a: Pyukumuku|37\/100\n|move|p2a: Pyukumuku|Mirror Coat|p1a: Camerupt\n|-damage|p1a: Camerupt|42\/100 tox\n|\n|-heal|p2a: Pyukumuku|43\/100|[from] item: Leftovers\n|-damage|p1a: Camerupt|30\/100 tox|[from] psn\n|upkeep\n|turn|39\n|\n|t:|1699809360\n|move|p1a: Camerupt|Flamethrower|p2a: Pyukumuku\n|-resisted|p2a: Pyukumuku\n|-damage|p2a: Pyukumuku|18\/100\n|move|p2a: Pyukumuku|Mirror Coat|p1a: Camerupt\n|-damage|p1a: Camerupt|0 fnt\n|faint|p1a: Camerupt\n|\n|win|ctuvyhbj\n|raw|Orange J 15's rating: 1242 &rarr; <strong>1211<\/strong><br \/>(-31 for losing)\n|raw|ctuvyhbj's rating: 1158 &rarr; <strong>1189<\/strong><br \/>(+31 for winning)\n|l|\u2606Orange J 15\n","uploadtime":1699809373,"views":5,"p1id":"orangej15","p2id":"ctuvyhbj","formatid":"gen9nationaldex","rating":1189,"private":0,"password":""}