{"id":"gen9nationaldex-1988442178","p1":"Chino TTT","p2":"Ineros","format":"[Gen 9] National Dex","log":"|j|\u2606Chino TTT\n|j|\u2606Ineros\n|t:|1699723372\n|gametype|singles\n|player|p1|Chino TTT|wulfric|\n|player|p2|Ineros|lucas|\n|teamsize|p1|6\n|teamsize|p2|6\n|gen|9\n|tier|[Gen 9] National Dex\n|rule|HP Percentage Mod: HP is shown in percentages\n|rule|Endless Battle Clause: Forcing endless battles is banned\n|rule|OHKO Clause: OHKO moves are banned\n|rule|Evasion Clause: Evasion abilities, items, and moves are banned\n|rule|Evasion Abilities Clause: Evasion abilities are banned\n|rule|Evasion Items Clause: Evasion items are banned\n|rule|Evasion Moves Clause: Evasion moves are banned\n|rule|Species Clause: Limit one of each Pok\u00e9mon\n|rule|Sleep Clause Mod: Limit one foe put to sleep\n|clearpoke\n|poke|p1|Tapu Lele|\n|poke|p1|Hatterene, F|\n|poke|p1|Polteageist|\n|poke|p1|Volcarona, M|\n|poke|p1|Cloyster, M|\n|poke|p1|Moltres-Galar|\n|poke|p2|Altaria, M|\n|poke|p2|Ferrothorn, M|\n|poke|p2|Slowking-Galar, F|\n|poke|p2|Tornadus-Therian, M|\n|poke|p2|Great Tusk|\n|poke|p2|Garganacl, M|\n|teampreview\n|inactive|Battle timer is ON: inactive players will automatically lose when time's up. (requested by Ineros)\n|c|\u2606Ineros|Glhf\n|c|\u2606Chino TTT|glhf\n|\n|t:|1699723387\n|start\n|switch|p1a: Tapu Lele|Tapu Lele, shiny|100\/100\n|switch|p2a: Garganacl|Garganacl, M|100\/100\n|-fieldstart|move: Psychic Terrain|[from] ability: Psychic Surge|[of] p1a: Tapu Lele\n|turn|1\n|inactive|Chino TTT has 270 seconds left.\n|\n|t:|1699723417\n|switch|p1a: Hatterene|Hatterene, F|100\/100\n|move|p2a: Garganacl|Protect||[still]\n|-fail|p2a: Garganacl\n|\n|upkeep\n|turn|2\n|\n|t:|1699723422\n|move|p2a: Garganacl|Salt Cure|p1a: Hatterene\n|-damage|p1a: Hatterene|87\/100\n|-start|p1a: Hatterene|Salt Cure\n|-enditem|p1a: Hatterene|Eject Button\n|\n|t:|1699723424\n|switch|p1a: Polteageist|Polteageist|100\/100\n|\n|upkeep\n|turn|3\n|\n|t:|1699723429\n|-terastallize|p1a: Polteageist|Fighting\n|move|p1a: Polteageist|Shell Smash|p1a: Polteageist\n|-unboost|p1a: Polteageist|def|1\n|-unboost|p1a: Polteageist|spd|1\n|-boost|p1a: Polteageist|atk|2\n|-boost|p1a: Polteageist|spa|2\n|-boost|p1a: Polteageist|spe|2\n|move|p2a: Garganacl|Salt Cure|p1a: Polteageist\n|-resisted|p1a: Polteageist\n|-damage|p1a: Polteageist|81\/100\n|-start|p1a: Polteageist|Salt Cure\n|-ability|p1a: Polteageist|Weak Armor|boost\n|-unboost|p1a: Polteageist|def|1\n|-boost|p1a: Polteageist|spe|2\n|\n|-damage|p1a: Polteageist|69\/100|[from] Salt Cure\n|upkeep\n|turn|4\n|\n|t:|1699723434\n|switch|p2a: Slowking|Slowking-Galar, F|100\/100\n|move|p1a: Polteageist|Shell Smash|p1a: Polteageist\n|-unboost|p1a: Polteageist|def|1\n|-unboost|p1a: Polteageist|spd|1\n|-boost|p1a: Polteageist|atk|2\n|-boost|p1a: Polteageist|spa|2\n|-boost|p1a: Polteageist|spe|2\n|\n|-damage|p1a: Polteageist|56\/100|[from] Salt Cure\n|upkeep\n|turn|5\n|c|\u2606Ineros|I may have forgotten that Tera fighting was this thing\u2019s Tera\n|\n|t:|1699723458\n|move|p1a: Polteageist|Stored Power|p2a: Slowking\n|-damage|p2a: Slowking|0 fnt\n|faint|p2a: Slowking\n|\n|-damage|p1a: Polteageist|44\/100|[from] Salt Cure\n|upkeep\n|\n|t:|1699723464\n|switch|p2a: Ferrothorn|Ferrothorn, M|100\/100\n|turn|6\n|\n|t:|1699723472\n|move|p1a: Polteageist|Stored Power|p2a: Ferrothorn\n|-resisted|p2a: Ferrothorn\n|-damage|p2a: Ferrothorn|0 fnt\n|faint|p2a: Ferrothorn\n|\n|-damage|p1a: Polteageist|32\/100|[from] Salt Cure\n|upkeep\n|\n|t:|1699723476\n|switch|p2a: Tornadus|Tornadus-Therian, M|100\/100\n|turn|7\n|c|\u2606Chino TTT|ha\n|c|\u2606Chino TTT|sorry\n|\n|t:|1699723485\n|move|p1a: Polteageist|Stored Power|p2a: Tornadus\n|-damage|p2a: Tornadus|0 fnt\n|faint|p2a: Tornadus\n|\n|-damage|p1a: Polteageist|20\/100|[from] Salt Cure\n|upkeep\n|c|\u2606Ineros|Dang I need a counter to this :(\n|\n|t:|1699723492\n|switch|p2a: Great Tusk|Great Tusk|100\/100\n|turn|8\n|c|\u2606Chino TTT|yh\n|\n|t:|1699723515\n|move|p1a: Polteageist|Shadow Ball|p2a: Great Tusk\n|-damage|p2a: Great Tusk|0 fnt\n|faint|p2a: Great Tusk\n|-end|p2a: Great Tusk|Protosynthesis|[silent]\n|\n|-damage|p1a: Polteageist|7\/100|[from] Salt Cure\n|-fieldend|move: Psychic Terrain\n|upkeep\n|c|\u2606Ineros|How do I do that again\n|\n|t:|1699723532\n|switch|p2a: Garganacl|Garganacl, M|100\/100\n|turn|9\n|\n|t:|1699723536\n|move|p2a: Garganacl|Protect|p2a: Garganacl\n|-singleturn|p2a: Garganacl|Protect\n|move|p1a: Polteageist|Stored Power|p2a: Garganacl\n|-activate|p2a: Garganacl|move: Protect\n|\n|-damage|p1a: Polteageist|0 fnt|[from] Salt Cure\n|faint|p1a: Polteageist\n|upkeep\n|c|\u2606Chino TTT|erm\n|c|\u2606Chino TTT|i think theres no checks to poltegiest\n|\n|t:|1699723565\n|switch|p1a: Cloyster|Cloyster, M|100\/100\n|turn|10\n|\n|t:|1699723568\n|move|p1a: Cloyster|Shell Smash|p1a: Cloyster\n|-unboost|p1a: Cloyster|def|1\n|-unboost|p1a: Cloyster|spd|1\n|-boost|p1a: Cloyster|atk|2\n|-boost|p1a: Cloyster|spa|2\n|-boost|p1a: Cloyster|spe|2\n|move|p2a: Garganacl|Salt Cure|p1a: Cloyster\n|-supereffective|p1a: Cloyster\n|-damage|p1a: Cloyster|62\/100\n|-start|p1a: Cloyster|Salt Cure\n|\n|-damage|p1a: Cloyster|37\/100|[from] Salt Cure\n|upkeep\n|turn|11\n|\n|t:|1699723574\n|move|p2a: Garganacl|Protect|p2a: Garganacl\n|-singleturn|p2a: Garganacl|Protect\n|move|p1a: Cloyster|Hydro Pump|p2a: Garganacl\n|-activate|p2a: Garganacl|move: Protect\n|\n|-damage|p1a: Cloyster|13\/100|[from] Salt Cure\n|upkeep\n|turn|12\n|\n|t:|1699723580\n|move|p2a: Garganacl|Protect|p2a: Garganacl\n|-singleturn|p2a: Garganacl|Protect\n|move|p1a: Cloyster|Icicle Spear|p2a: Garganacl\n|-activate|p2a: Garganacl|move: Protect\n|\n|-damage|p1a: Cloyster|0 fnt|[from] Salt Cure\n|faint|p1a: Cloyster\n|upkeep\n|\n|t:|1699723587\n|switch|p1a: Moltres|Moltres-Galar|100\/100\n|turn|13\n|\n|t:|1699723590\n|move|p1a: Moltres|Nasty Plot|p1a: Moltres\n|-boost|p1a: Moltres|spa|2\n|move|p2a: Garganacl|Salt Cure|p1a: Moltres\n|-supereffective|p1a: Moltres\n|-damage|p1a: Moltres|67\/100\n|-start|p1a: Moltres|Salt Cure\n|\n|-damage|p1a: Moltres|54\/100|[from] Salt Cure\n|upkeep\n|turn|14\n|\n|t:|1699723596\n|move|p1a: Moltres|Nasty Plot|p1a: Moltres\n|-boost|p1a: Moltres|spa|2\n|move|p2a: Garganacl|Salt Cure|p1a: Moltres\n|-supereffective|p1a: Moltres\n|-damage|p1a: Moltres|20\/100\n|-ability|p1a: Moltres|Berserk|boost\n|-boost|p1a: Moltres|spa|1\n|\n|-damage|p1a: Moltres|8\/100|[from] Salt Cure\n|upkeep\n|turn|15\n|\n|t:|1699723602\n|move|p2a: Garganacl|Protect|p2a: Garganacl\n|-singleturn|p2a: Garganacl|Protect\n|-zpower|p1a: Moltres\n|move|p1a: Moltres|Supersonic Skystrike|p2a: Garganacl|[zeffect]\n|-resisted|p2a: Garganacl\n|-zbroken|p2a: Garganacl\n|-damage|p2a: Garganacl|74\/100\n|\n|-heal|p2a: Garganacl|81\/100|[from] item: Leftovers\n|-damage|p1a: Moltres|0 fnt|[from] Salt Cure\n|faint|p1a: Moltres\n|upkeep\n|\n|t:|1699723607\n|switch|p1a: Tapu Lele|Tapu Lele, shiny|100\/100\n|-fieldstart|move: Psychic Terrain|[from] ability: Psychic Surge|[of] p1a: Tapu Lele\n|turn|16\n|\n|t:|1699723629\n|move|p1a: Tapu Lele|Focus Blast|p2a: Garganacl\n|-supereffective|p2a: Garganacl\n|-damage|p2a: Garganacl|28\/100\n|move|p2a: Garganacl|Salt Cure|p1a: Tapu Lele\n|-damage|p1a: Tapu Lele|80\/100\n|-start|p1a: Tapu Lele|Salt Cure\n|\n|-heal|p2a: Garganacl|35\/100|[from] item: Leftovers\n|-damage|p1a: Tapu Lele|67\/100|[from] Salt Cure\n|upkeep\n|turn|17\n|\n|t:|1699723635\n|move|p1a: Tapu Lele|Psychic|p2a: Garganacl\n|-damage|p2a: Garganacl|0 fnt\n|faint|p2a: Garganacl\n|\n|-damage|p1a: Tapu Lele|55\/100|[from] Salt Cure\n|upkeep\n|\n|t:|1699723637\n|switch|p2a: Altaria|Altaria, M|100\/100\n|turn|18\n|\n|t:|1699723641\n|detailschange|p2a: Altaria|Altaria-Mega, M\n|-mega|p2a: Altaria|Altaria|Altarianite\n|move|p1a: Tapu Lele|Moonblast|p2a: Altaria\n|-supereffective|p2a: Altaria\n|-damage|p2a: Altaria|11\/100\n|-unboost|p2a: Altaria|spa|1\n|move|p2a: Altaria|Dragon Dance|p2a: Altaria\n|-boost|p2a: Altaria|atk|1\n|-boost|p2a: Altaria|spe|1\n|\n|-damage|p1a: Tapu Lele|42\/100|[from] Salt Cure\n|upkeep\n|turn|19\n|\n|t:|1699723647\n|move|p2a: Altaria|Return|p1a: Tapu Lele\n|-damage|p1a: Tapu Lele|0 fnt\n|faint|p1a: Tapu Lele\n|\n|upkeep\n|\n|t:|1699723653\n|switch|p1a: Volcarona|Volcarona, M|100\/100\n|turn|20\n|\n|t:|1699723656\n|move|p1a: Volcarona|Psychic|p2a: Altaria\n|-damage|p2a: Altaria|0 fnt\n|faint|p2a: Altaria\n|\n|win|Chino TTT\n|c|\u2606Ineros|Gg\n|c|\u2606Chino TTT|ggs\n|c|\u2606Chino TTT|wp\n|l|\u2606Chino TTT\n|c|\u2606Ineros|Wp\n|l|\u2606Ineros\n|j|\u2606Chino TTT\n|player|p1|Chino TTT|wulfric\n","uploadtime":1699723976,"views":20,"p1id":"chinottt","p2id":"ineros","formatid":"gen9nationaldex","rating":0,"private":0,"password":""}