{"id":"gen9nationaldex-1988136590","p1":"Calamity Chimera","p2":"zeonteo","format":"[Gen 9] National Dex","log":"|j|\u2606Calamity Chimera\n|j|\u2606zeonteo\n|t:|1699674161\n|gametype|singles\n|player|p1|Calamity Chimera|red|1203\n|player|p2|zeonteo|pokemonranger-gen4|1231\n|teamsize|p1|6\n|teamsize|p2|6\n|gen|9\n|tier|[Gen 9] National Dex\n|rated|\n|rule|HP Percentage Mod: HP is shown in percentages\n|rule|Endless Battle Clause: Forcing endless battles is banned\n|rule|OHKO Clause: OHKO moves are banned\n|rule|Evasion Clause: Evasion abilities, items, and moves are banned\n|rule|Evasion Abilities Clause: Evasion abilities are banned\n|rule|Evasion Items Clause: Evasion items are banned\n|rule|Evasion Moves Clause: Evasion moves are banned\n|rule|Species Clause: Limit one of each Pok\u00e9mon\n|rule|Sleep Clause Mod: Limit one foe put to sleep\n|clearpoke\n|poke|p1|Scizor, M|\n|poke|p1|Heatran, M|\n|poke|p1|Jirachi|\n|poke|p1|Clodsire, F|\n|poke|p1|Kartana|\n|poke|p1|Mew|\n|poke|p2|Torkoal, F|\n|poke|p2|Charizard, M|\n|poke|p2|Hatterene, F|\n|poke|p2|Great Tusk|\n|poke|p2|Venusaur, F|\n|poke|p2|Garganacl, F|\n|teampreview\n|inactive|Battle timer is ON: inactive players will automatically lose when time's up. (requested by zeonteo)\n|inactive|Calamity Chimera also wants the timer to be on.\n|\n|t:|1699674174\n|start\n|switch|p1a: Mewssolini|Mew, shiny|100\/100\n|switch|p2a: Charizard|Charizard, M|100\/100\n|turn|1\n|\n|t:|1699674183\n|detailschange|p2a: Charizard|Charizard-Mega-Y, M\n|-mega|p2a: Charizard|Charizard|Charizardite Y\n|-weather|SunnyDay|[from] ability: Drought|[of] p2a: Charizard\n|move|p2a: Charizard|Flamethrower|p1a: Mewssolini\n|-damage|p1a: Mewssolini|54\/100\n|move|p1a: Mewssolini|Toxic|p2a: Charizard\n|-status|p2a: Charizard|tox\n|\n|-weather|SunnyDay|[upkeep]\n|-heal|p1a: Mewssolini|60\/100|[from] item: Leftovers\n|-damage|p2a: Charizard|94\/100 tox|[from] psn\n|upkeep\n|turn|2\n|\n|t:|1699674202\n|switch|p2a: Garganacl|Garganacl, F|100\/100\n|switch|p1a: Cpt. Stupid Idiot|Heatran, M|100\/100\n|\n|-weather|SunnyDay|[upkeep]\n|upkeep\n|turn|3\n|\n|t:|1699674211\n|-terastallize|p1a: Cpt. Stupid Idiot|Flying\n|-terastallize|p2a: Garganacl|Water\n|move|p1a: Cpt. Stupid Idiot|Eruption|p2a: Garganacl\n|-resisted|p2a: Garganacl\n|-damage|p2a: Garganacl|62\/100\n|move|p2a: Garganacl|Salt Cure|p1a: Cpt. Stupid Idiot\n|-supereffective|p1a: Cpt. Stupid Idiot\n|-damage|p1a: Cpt. Stupid Idiot|73\/100\n|-start|p1a: Cpt. Stupid Idiot|Salt Cure\n|\n|-weather|SunnyDay|[upkeep]\n|-heal|p2a: Garganacl|68\/100|[from] item: Leftovers\n|-damage|p1a: Cpt. Stupid Idiot|60\/100|[from] Salt Cure\n|upkeep\n|turn|4\n|\n|t:|1699674227\n|switch|p1a: Circumcisor|Kartana, shiny|100\/100\n|move|p2a: Garganacl|Salt Cure|p1a: Circumcisor\n|-resisted|p1a: Circumcisor\n|-damage|p1a: Circumcisor|94\/100\n|-start|p1a: Circumcisor|Salt Cure\n|\n|-weather|SunnyDay|[upkeep]\n|-heal|p2a: Garganacl|75\/100|[from] item: Leftovers\n|-damage|p1a: Circumcisor|69\/100|[from] Salt Cure\n|upkeep\n|turn|5\n|\n|t:|1699674239\n|switch|p2a: Great Tusk|Great Tusk|100\/100\n|-activate|p2a: Great Tusk|ability: Protosynthesis\n|-start|p2a: Great Tusk|protosynthesisdef\n|move|p1a: Circumcisor|Knock Off|p2a: Great Tusk\n|-resisted|p2a: Great Tusk\n|-damage|p2a: Great Tusk|92\/100\n|-enditem|p2a: Great Tusk|Leftovers|[from] move: Knock Off|[of] p1a: Circumcisor\n|\n|-weather|none\n|-end|p2a: Great Tusk|Protosynthesis\n|-damage|p1a: Circumcisor|44\/100|[from] Salt Cure\n|upkeep\n|turn|6\n|\n|t:|1699674251\n|switch|p1a: Atticus Flinch|Jirachi, shiny|100\/100\n|-end|p2a: Great Tusk|Protosynthesis|[silent]\n|switch|p2a: Torkoal|Torkoal, F, shiny|100\/100\n|-weather|SunnyDay|[from] ability: Drought|[of] p2a: Torkoal\n|\n|-weather|SunnyDay|[upkeep]\n|upkeep\n|turn|7\n|\n|t:|1699674261\n|move|p1a: Atticus Flinch|Thunder Wave|p2a: Torkoal\n|-status|p2a: Torkoal|par\n|move|p2a: Torkoal|Yawn|p1a: Atticus Flinch\n|-start|p1a: Atticus Flinch|move: Yawn|[of] p2a: Torkoal\n|\n|-weather|SunnyDay|[upkeep]\n|upkeep\n|turn|8\n|\n|t:|1699674269\n|switch|p1a: Cpt. Stupid Idiot|Heatran, M, tera:Flying|60\/100\n|cant|p2a: Torkoal|par\n|\n|-weather|SunnyDay|[upkeep]\n|upkeep\n|turn|9\n|\n|t:|1699674285\n|switch|p2a: Garganacl|Garganacl, F, tera:Water|75\/100\n|move|p1a: Cpt. Stupid Idiot|Earth Power|p2a: Garganacl\n|-crit|p2a: Garganacl\n|-damage|p2a: Garganacl|43\/100\n|\n|-weather|SunnyDay|[upkeep]\n|-heal|p2a: Garganacl|50\/100|[from] item: Leftovers\n|upkeep\n|turn|10\n|inactive|Calamity Chimera has 120 seconds left.\n|\n|t:|1699674317\n|switch|p1a: Mewssolini|Mew, shiny|60\/100\n|move|p2a: Garganacl|Recover|p2a: Garganacl\n|-heal|p2a: Garganacl|99\/100\n|\n|-weather|SunnyDay|[upkeep]\n|-heal|p1a: Mewssolini|66\/100|[from] item: Leftovers\n|-heal|p2a: Garganacl|100\/100|[from] item: Leftovers\n|upkeep\n|turn|11\n|\n|t:|1699674327\n|move|p1a: Mewssolini|Reflect|p1a: Mewssolini\n|-sidestart|p1: Calamity Chimera|Reflect\n|move|p2a: Garganacl|Salt Cure|p1a: Mewssolini\n|-damage|p1a: Mewssolini|60\/100\n|-start|p1a: Mewssolini|Salt Cure\n|\n|-weather|SunnyDay|[upkeep]\n|-heal|p1a: Mewssolini|66\/100|[from] item: Leftovers\n|-damage|p1a: Mewssolini|54\/100|[from] Salt Cure\n|upkeep\n|turn|12\n|\n|t:|1699674337\n|switch|p2a: Hatterene|Hatterene, F|100\/100\n|move|p1a: Mewssolini|Transform|p2a: Hatterene\n|-transform|p1a: Mewssolini|p2a: Hatterene\n|\n|-weather|SunnyDay|[upkeep]\n|-heal|p1a: Mewssolini|60\/100|[from] item: Leftovers\n|-damage|p1a: Mewssolini|48\/100|[from] Salt Cure\n|upkeep\n|turn|13\n|\n|t:|1699674348\n|move|p1a: Mewssolini|Draining Kiss|p2a: Hatterene\n|-damage|p2a: Hatterene|84\/100\n|-heal|p1a: Mewssolini|57\/100|[from] drain|[of] p2a: Hatterene\n|move|p2a: Hatterene|Draining Kiss|p1a: Mewssolini\n|-damage|p1a: Mewssolini|44\/100\n|-heal|p2a: Hatterene|97\/100|[from] drain|[of] p1a: Mewssolini\n|\n|-weather|none\n|-heal|p1a: Mewssolini|50\/100|[from] item: Leftovers\n|-heal|p2a: Hatterene|100\/100|[from] item: Leftovers\n|-damage|p1a: Mewssolini|38\/100|[from] Salt Cure\n|upkeep\n|turn|14\n|\n|t:|1699674369\n|switch|p2a: Garganacl|Garganacl, F, tera:Water|100\/100\n|switch|p1a: T o a s t|Scizor, M, shiny|100\/100\n|\n|upkeep\n|turn|15\n|\n|t:|1699674376\n|detailschange|p1a: T o a s t|Scizor-Mega, M, shiny\n|-mega|p1a: T o a s t|Scizor|Scizorite\n|move|p1a: T o a s t|Bullet Punch|p2a: Garganacl\n|-resisted|p2a: Garganacl\n|-crit|p2a: Garganacl\n|-damage|p2a: Garganacl|80\/100\n|move|p2a: Garganacl|Salt Cure|p1a: T o a s t\n|-damage|p1a: T o a s t|96\/100\n|-start|p1a: T o a s t|Salt Cure\n|\n|-heal|p2a: Garganacl|87\/100|[from] item: Leftovers\n|-damage|p1a: T o a s t|71\/100|[from] Salt Cure\n|-sideend|p1: Calamity Chimera|Reflect\n|upkeep\n|turn|16\n|\n|t:|1699674392\n|switch|p1a: Atticus Flinch|Jirachi, shiny|100\/100\n|switch|p2a: Torkoal|Torkoal, F, shiny|100\/100 par\n|-weather|SunnyDay|[from] ability: Drought|[of] p2a: Torkoal\n|\n|-weather|SunnyDay|[upkeep]\n|upkeep\n|turn|17\n|\n|t:|1699674401\n|move|p1a: Atticus Flinch|Iron Head|p2a: Torkoal\n|-resisted|p2a: Torkoal\n|-damage|p2a: Torkoal|91\/100 par\n|cant|p2a: Torkoal|flinch\n|\n|-weather|SunnyDay|[upkeep]\n|upkeep\n|turn|18\n|\n|t:|1699674413\n|move|p1a: Atticus Flinch|Iron Head|p2a: Torkoal\n|-resisted|p2a: Torkoal\n|-damage|p2a: Torkoal|81\/100 par\n|cant|p2a: Torkoal|flinch\n|\n|-weather|SunnyDay|[upkeep]\n|upkeep\n|turn|19\n|\n|t:|1699674421\n|move|p1a: Atticus Flinch|Iron Head|p2a: Torkoal\n|-resisted|p2a: Torkoal\n|-damage|p2a: Torkoal|71\/100 par\n|move|p2a: Torkoal|Stealth Rock|p1a: Atticus Flinch\n|-sidestart|p1: Calamity Chimera|move: Stealth Rock\n|\n|-weather|SunnyDay|[upkeep]\n|upkeep\n|turn|20\n|\n|t:|1699674428\n|move|p1a: Atticus Flinch|Iron Head|p2a: Torkoal\n|-resisted|p2a: Torkoal\n|-damage|p2a: Torkoal|61\/100 par\n|move|p2a: Torkoal|Lava Plume|p1a: Atticus Flinch\n|-supereffective|p1a: Atticus Flinch\n|-damage|p1a: Atticus Flinch|33\/100\n|-status|p1a: Atticus Flinch|brn\n|\n|-weather|SunnyDay|[upkeep]\n|-damage|p1a: Atticus Flinch|27\/100 brn|[from] brn\n|upkeep\n|turn|21\n|-message|Calamity Chimera forfeited.\n|\n|win|zeonteo\n|raw|Calamity Chimera's rating: 1203 &rarr; <strong>1180<\/strong><br \/>(-23 for losing)\n|raw|zeonteo's rating: 1231 &rarr; <strong>1254<\/strong><br \/>(+23 for winning)\n|l|\u2606Calamity Chimera\n","uploadtime":1699674444,"views":9,"p1id":"calamitychimera","p2id":"zeonteo","formatid":"gen9nationaldex","rating":1180,"private":0,"password":""}