{"id":"gen9nationaldex-1997544351","p1":"sleepgaming","p2":"JayHaro","format":"[Gen 9] National Dex","log":"|html|<div class=\"broadcast-blue\"><strong>[Gen 9] National Dex is currently suspecting Sneasler! For information on how to participate check out the <a href=\"https:\/\/www.smogon.com\/forums\/threads\/sv-national-dex-suspect-8-just-dance.3731534\/\">suspect thread<\/a>.<\/strong><\/div>\n|j|\u2606sleepgaming\n|j|\u2606JayHaro\n|t:|1700823130\n|gametype|singles\n|player|p1|sleepgaming|102|1376\n|player|p2|JayHaro|red|1466\n|teamsize|p1|6\n|teamsize|p2|6\n|gen|9\n|tier|[Gen 9] National Dex\n|rated|\n|rule|HP Percentage Mod: HP is shown in percentages\n|rule|Endless Battle Clause: Forcing endless battles is banned\n|rule|OHKO Clause: OHKO moves are banned\n|rule|Evasion Clause: Evasion abilities, items, and moves are banned\n|rule|Evasion Abilities Clause: Evasion abilities are banned\n|rule|Evasion Items Clause: Evasion items are banned\n|rule|Evasion Moves Clause: Evasion moves are banned\n|rule|Species Clause: Limit one of each Pok\u00e9mon\n|rule|Sleep Clause Mod: Limit one foe put to sleep\n|clearpoke\n|poke|p1|Tapu Koko|\n|poke|p1|Iron Jugulis|\n|poke|p1|Iron Valiant|\n|poke|p1|Sneasler, F|\n|poke|p1|Medicham, M|\n|poke|p1|Kyurem|\n|poke|p2|Victini|\n|poke|p2|Tyranitar, F|\n|poke|p2|Skarmory, M|\n|poke|p2|Garchomp, M|\n|poke|p2|Iron Valiant|\n|poke|p2|Toxapex, F|\n|teampreview\n|inactive|Battle timer is ON: inactive players will automatically lose when time's up. (requested by JayHaro)\n|\n|t:|1700823141\n|start\n|switch|p1a: Kyurem|Kyurem|100\/100\n|switch|p2a: Victini|Victini|100\/100\n|-ability|p1a: Kyurem|Pressure\n|turn|1\n|\n|t:|1700823154\n|-terastallize|p2a: Victini|Fire\n|move|p2a: Victini|V-create|p1a: Kyurem\n|-damage|p1a: Kyurem|0 fnt\n|-unboost|p2a: Victini|spe|1\n|-unboost|p2a: Victini|def|1\n|-unboost|p2a: Victini|spd|1\n|faint|p1a: Kyurem\n|\n|upkeep\n|\n|t:|1700823174\n|switch|p1a: Medicham|Medicham, M|100\/100\n|turn|2\n|\n|t:|1700823186\n|switch|p2a: Skarmory|Skarmory, M|100\/100\n|detailschange|p1a: Medicham|Medicham-Mega, M\n|-mega|p1a: Medicham|Medicham|Medichamite\n|move|p1a: Medicham|Fake Out|p2a: Skarmory\n|-resisted|p2a: Skarmory\n|-damage|p2a: Skarmory|93\/100\n|-damage|p1a: Medicham|84\/100|[from] item: Rocky Helmet|[of] p2a: Skarmory\n|\n|upkeep\n|turn|3\n|\n|t:|1700823196\n|move|p1a: Medicham|Close Combat|p2a: Skarmory\n|-damage|p2a: Skarmory|33\/100\n|-unboost|p1a: Medicham|def|1\n|-unboost|p1a: Medicham|spd|1\n|-damage|p1a: Medicham|68\/100|[from] item: Rocky Helmet|[of] p2a: Skarmory\n|move|p2a: Skarmory|Counter|p1a: Medicham\n|-damage|p1a: Medicham|0 fnt\n|faint|p1a: Medicham\n|\n|upkeep\n|\n|t:|1700823203\n|switch|p1a: Tapu Koko|Tapu Koko|100\/100\n|-fieldstart|move: Electric Terrain|[from] ability: Electric Surge|[of] p1a: Tapu Koko\n|turn|4\n|\n|t:|1700823210\n|switch|p2a: Tyranitar|Tyranitar, F|100\/100\n|-weather|Sandstorm|[from] ability: Sand Stream|[of] p2a: Tyranitar\n|move|p1a: Tapu Koko|Dazzling Gleam|p2a: Tyranitar\n|-supereffective|p2a: Tyranitar\n|-damage|p2a: Tyranitar|72\/100\n|\n|-weather|Sandstorm|[upkeep]\n|-damage|p1a: Tapu Koko|94\/100|[from] Sandstorm\n|upkeep\n|turn|5\n|\n|t:|1700823223\n|switch|p1a: Iron Valiant|Iron Valiant|100\/100\n|-activate|p1a: Iron Valiant|ability: Quark Drive\n|-start|p1a: Iron Valiant|quarkdrivespe\n|move|p2a: Tyranitar|Ice Beam|p1a: Iron Valiant\n|-damage|p1a: Iron Valiant|62\/100\n|\n|-weather|Sandstorm|[upkeep]\n|-damage|p1a: Iron Valiant|56\/100|[from] Sandstorm\n|upkeep\n|turn|6\n|\n|t:|1700823247\n|switch|p2a: Toxapex|Toxapex, F|100\/100\n|move|p1a: Iron Valiant|Thunderbolt|p2a: Toxapex\n|-supereffective|p2a: Toxapex\n|-damage|p2a: Toxapex|46\/100\n|\n|-weather|Sandstorm|[upkeep]\n|-damage|p1a: Iron Valiant|50\/100|[from] Sandstorm\n|-damage|p2a: Toxapex|40\/100|[from] Sandstorm\n|-heal|p2a: Toxapex|46\/100|[from] item: Black Sludge\n|upkeep\n|turn|7\n|\n|t:|1700823259\n|switch|p2a: Tyranitar|Tyranitar, F|72\/100\n|move|p1a: Iron Valiant|Thunderbolt|p2a: Tyranitar\n|-damage|p2a: Tyranitar|59\/100\n|-status|p2a: Tyranitar|par\n|\n|-weather|Sandstorm|[upkeep]\n|-damage|p1a: Iron Valiant|43\/100|[from] Sandstorm\n|upkeep\n|turn|8\n|\n|t:|1700823269\n|-end|p1a: Iron Valiant|Quark Drive|[silent]\n|switch|p1a: \u8ba8\u538c\u706b\u9e1f|Sneasler, F|100\/100\n|-enditem|p1a: \u8ba8\u538c\u706b\u9e1f|Electric Seed\n|-boost|p1a: \u8ba8\u538c\u706b\u9e1f|def|1|[from] item: Electric Seed\n|move|p2a: Tyranitar|Ice Beam|p1a: \u8ba8\u538c\u706b\u9e1f\n|-damage|p1a: \u8ba8\u538c\u706b\u9e1f|68\/100\n|\n|-weather|none\n|-fieldend|move: Electric Terrain\n|upkeep\n|turn|9\n|\n|t:|1700823285\n|switch|p2a: Toxapex|Toxapex, F|79\/100\n|move|p1a: \u8ba8\u538c\u706b\u9e1f|Close Combat|p2a: Toxapex\n|-resisted|p2a: Toxapex\n|-damage|p2a: Toxapex|52\/100\n|-unboost|p1a: \u8ba8\u538c\u706b\u9e1f|def|1\n|-unboost|p1a: \u8ba8\u538c\u706b\u9e1f|spd|1\n|\n|-heal|p2a: Toxapex|59\/100|[from] item: Black Sludge\n|upkeep\n|turn|10\n|\n|t:|1700823305\n|move|p1a: \u8ba8\u538c\u706b\u9e1f|Swords Dance|p1a: \u8ba8\u538c\u706b\u9e1f\n|-boost|p1a: \u8ba8\u538c\u706b\u9e1f|atk|2\n|move|p2a: Toxapex|Infestation|p1a: \u8ba8\u538c\u706b\u9e1f\n|-resisted|p1a: \u8ba8\u538c\u706b\u9e1f\n|-crit|p1a: \u8ba8\u538c\u706b\u9e1f\n|-damage|p1a: \u8ba8\u538c\u706b\u9e1f|67\/100\n|-activate|p1a: \u8ba8\u538c\u706b\u9e1f|move: Infestation|[of] p2a: Toxapex\n|\n|-heal|p2a: Toxapex|65\/100|[from] item: Black Sludge\n|-damage|p1a: \u8ba8\u538c\u706b\u9e1f|54\/100|[from] move: Infestation|[partiallytrapped]\n|upkeep\n|turn|11\n|\n|t:|1700823316\n|move|p1a: \u8ba8\u538c\u706b\u9e1f|Swords Dance|p1a: \u8ba8\u538c\u706b\u9e1f\n|-boost|p1a: \u8ba8\u538c\u706b\u9e1f|atk|2\n|move|p2a: Toxapex|Haze|p2a: Toxapex\n|-clearallboost\n|\n|-heal|p2a: Toxapex|71\/100|[from] item: Black Sludge\n|-damage|p1a: \u8ba8\u538c\u706b\u9e1f|42\/100|[from] move: Infestation|[partiallytrapped]\n|upkeep\n|turn|12\n|\n|t:|1700823326\n|move|p1a: \u8ba8\u538c\u706b\u9e1f|Swords Dance|p1a: \u8ba8\u538c\u706b\u9e1f\n|-boost|p1a: \u8ba8\u538c\u706b\u9e1f|atk|2\n|move|p2a: Toxapex|Recover|p2a: Toxapex\n|-heal|p2a: Toxapex|100\/100\n|\n|-damage|p1a: \u8ba8\u538c\u706b\u9e1f|30\/100|[from] move: Infestation|[partiallytrapped]\n|upkeep\n|turn|13\n|\n|t:|1700823334\n|-terastallize|p1a: \u8ba8\u538c\u706b\u9e1f|Flying\n|move|p1a: \u8ba8\u538c\u706b\u9e1f|Acrobatics|p2a: Toxapex\n|-damage|p2a: Toxapex|8\/100\n|move|p2a: Toxapex|Haze|p2a: Toxapex\n|-clearallboost\n|\n|-heal|p2a: Toxapex|14\/100|[from] item: Black Sludge\n|-damage|p1a: \u8ba8\u538c\u706b\u9e1f|17\/100|[from] move: Infestation|[partiallytrapped]\n|upkeep\n|turn|14\n|\n|t:|1700823347\n|switch|p2a: Skarmory|Skarmory, M|33\/100\n|move|p1a: \u8ba8\u538c\u706b\u9e1f|Acrobatics|p2a: Skarmory\n|-resisted|p2a: Skarmory\n|-damage|p2a: Skarmory|15\/100\n|-damage|p1a: \u8ba8\u538c\u706b\u9e1f|1\/100|[from] item: Rocky Helmet|[of] p2a: Skarmory\n|\n|-end|p1a: \u8ba8\u538c\u706b\u9e1f|Infestation|[partiallytrapped]\n|upkeep\n|turn|15\n|\n|t:|1700823356\n|move|p1a: \u8ba8\u538c\u706b\u9e1f|Acrobatics|p2a: Skarmory\n|-resisted|p2a: Skarmory\n|-damage|p2a: Skarmory|0 fnt\n|-damage|p1a: \u8ba8\u538c\u706b\u9e1f|0 fnt|[from] item: Rocky Helmet|[of] p2a: Skarmory\n|faint|p2a: Skarmory\n|faint|p1a: \u8ba8\u538c\u706b\u9e1f\n|\n|upkeep\n|\n|t:|1700823365\n|switch|p1a: Iron Valiant|Iron Valiant|43\/100\n|switch|p2a: Toxapex|Toxapex, F|47\/100\n|turn|16\n|\n|t:|1700823374\n|switch|p2a: Tyranitar|Tyranitar, F|59\/100 par\n|-weather|Sandstorm|[from] ability: Sand Stream|[of] p2a: Tyranitar\n|move|p1a: Iron Valiant|Moonblast|p2a: Tyranitar\n|-supereffective|p2a: Tyranitar\n|-damage|p2a: Tyranitar|33\/100 par\n|-unboost|p2a: Tyranitar|spa|1\n|\n|-weather|Sandstorm|[upkeep]\n|-damage|p1a: Iron Valiant|37\/100|[from] Sandstorm\n|upkeep\n|turn|17\n|\n|t:|1700823388\n|move|p1a: Iron Valiant|Moonblast|p2a: Tyranitar\n|-supereffective|p2a: Tyranitar\n|-damage|p2a: Tyranitar|2\/100 par\n|move|p2a: Tyranitar|Pursuit|p1a: Iron Valiant\n|-resisted|p1a: Iron Valiant\n|-crit|p1a: Iron Valiant\n|-damage|p1a: Iron Valiant|29\/100\n|\n|-weather|Sandstorm|[upkeep]\n|-damage|p1a: Iron Valiant|23\/100|[from] Sandstorm\n|upkeep\n|turn|18\n|\n|t:|1700823406\n|move|p1a: Iron Valiant|Moonblast|p2a: Tyranitar\n|-supereffective|p2a: Tyranitar\n|-damage|p2a: Tyranitar|0 fnt\n|faint|p2a: Tyranitar\n|\n|-weather|Sandstorm|[upkeep]\n|-damage|p1a: Iron Valiant|16\/100|[from] Sandstorm\n|upkeep\n|\n|t:|1700823415\n|switch|p2a: Iron Valiant|Iron Valiant|100\/100\n|turn|19\n|\n|t:|1700823426\n|-end|p2a: Iron Valiant|Quark Drive|[silent]\n|switch|p2a: Toxapex|Toxapex, F|80\/100\n|move|p1a: Iron Valiant|Moonblast|p2a: Toxapex\n|-resisted|p2a: Toxapex\n|-damage|p2a: Toxapex|65\/100\n|\n|-weather|Sandstorm|[upkeep]\n|-damage|p1a: Iron Valiant|10\/100|[from] Sandstorm\n|-damage|p2a: Toxapex|59\/100|[from] Sandstorm\n|-heal|p2a: Toxapex|65\/100|[from] item: Black Sludge\n|upkeep\n|turn|20\n|l|\u2606sleepgaming\n|inactive|sleepgaming disconnected and has a minute to reconnect!\n|player|p1|\n|inactive|sleepgaming has 30 seconds to reconnect!\n|inactive|sleepgaming has 20 seconds to reconnect!\n|inactive|sleepgaming has 15 seconds to reconnect!\n|inactive|sleepgaming has 10 seconds to reconnect!\n|inactive|sleepgaming has 5 seconds to reconnect!\n|-message|sleepgaming lost due to inactivity.\n|\n|win|JayHaro\n|raw|sleepgaming's rating: 1376 &rarr; <strong>1361<\/strong><br \/>(-15 for losing)\n|raw|JayHaro's rating: 1466 &rarr; <strong>1481<\/strong><br \/>(+15 for winning)\n|j|\u2606sleepgaming\n|player|p1|sleepgaming|102\n|l|\u2606sleepgaming\n|player|p1|\n","uploadtime":1700823511,"views":19,"p1id":"sleepgaming","p2id":"jayharo","formatid":"gen9nationaldex","rating":1361,"private":0,"password":""}