{"id":"gen9nationaldex-1995702919","p1":"Maxer59","p2":"Misochuu","format":"[Gen 9] National Dex","log":"|html|<div class=\"broadcast-blue\"><strong>[Gen 9] National Dex is currently suspecting Sneasler! For information on how to participate check out the <a href=\"https:\/\/www.smogon.com\/forums\/threads\/sv-national-dex-suspect-8-just-dance.3731534\/\">suspect thread<\/a>.<\/strong><\/div>\n|j|\u2606Maxer59\n|j|\u2606Misochuu\n|t:|1700595362\n|gametype|singles\n|player|p1|Maxer59|lucas|1202\n|player|p2|Misochuu|lucas|1249\n|teamsize|p1|6\n|teamsize|p2|6\n|gen|9\n|tier|[Gen 9] National Dex\n|rated|\n|rule|HP Percentage Mod: HP is shown in percentages\n|rule|Endless Battle Clause: Forcing endless battles is banned\n|rule|OHKO Clause: OHKO moves are banned\n|rule|Evasion Clause: Evasion abilities, items, and moves are banned\n|rule|Evasion Abilities Clause: Evasion abilities are banned\n|rule|Evasion Items Clause: Evasion items are banned\n|rule|Evasion Moves Clause: Evasion moves are banned\n|rule|Species Clause: Limit one of each Pok\u00e9mon\n|rule|Sleep Clause Mod: Limit one foe put to sleep\n|clearpoke\n|poke|p1|Pikachu, F|\n|poke|p1|Gallade, M|\n|poke|p1|Crawdaunt, F|\n|poke|p1|Tornadus-Therian, M|\n|poke|p1|Keldeo-Resolute|\n|poke|p1|Ribombee, M|\n|poke|p2|Arbok, M|\n|poke|p2|Galvantula, F|\n|poke|p2|Sinistcha-Masterpiece|\n|poke|p2|Articuno-Galar|\n|poke|p2|Politoed, M|\n|poke|p2|Swampert, F|\n|teampreview\n|inactive|Battle timer is ON: inactive players will automatically lose when time's up. (requested by Maxer59)\n|\n|t:|1700595379\n|start\n|switch|p1a: PikaGOD|Pikachu, F|100\/100\n|switch|p2a: Galvantula|Galvantula, F|100\/100\n|turn|1\n|\n|t:|1700595391\n|-terastallize|p1a: PikaGOD|Normal\n|move|p1a: PikaGOD|Fake Out|p2a: Galvantula\n|-damage|p2a: Galvantula|42\/100\n|cant|p2a: Galvantula|flinch\n|\n|upkeep\n|turn|2\n|\n|t:|1700595401\n|move|p1a: PikaGOD|Extreme Speed|p2a: Galvantula\n|-damage|p2a: Galvantula|0 fnt\n|faint|p2a: Galvantula\n|\n|upkeep\n|\n|t:|1700595417\n|switch|p2a: Sinistcha|Sinistcha-Masterpiece|100\/100\n|turn|3\n|\n|t:|1700595438\n|move|p1a: PikaGOD|Volt Switch|p2a: Sinistcha\n|-resisted|p2a: Sinistcha\n|-damage|p2a: Sinistcha|83\/100\n|inactive|Maxer59 has 120 seconds left.\n|\n|t:|1700595470\n|switch|p1a: Ribombee|Ribombee, M|100\/100|[from] Volt Switch\n|move|p2a: Sinistcha|Matcha Gotcha|p1a: Ribombee\n|-resisted|p1a: Ribombee\n|-damage|p1a: Ribombee|63\/100\n|-heal|p2a: Sinistcha|99\/100|[from] drain|[of] p1a: Ribombee\n|\n|-heal|p2a: Sinistcha|100\/100|[from] item: Leftovers\n|upkeep\n|turn|4\n|inactive|Misochuu has 120 seconds left.\n|\n|t:|1700595515\n|-terastallize|p2a: Sinistcha|Water\n|move|p1a: Ribombee|Sticky Web|p2a: Sinistcha\n|-sidestart|p2: Misochuu|move: Sticky Web\n|move|p2a: Sinistcha|Scald|p1a: Ribombee\n|-damage|p1a: Ribombee|0 fnt\n|faint|p1a: Ribombee\n|\n|upkeep\n|inactive|Maxer59 has 120 seconds left.\n|\n|t:|1700595532\n|switch|p1a: Excalibur is ZZZ|Gallade, M|100\/100\n|turn|5\n|\n|t:|1700595546\n|move|p1a: Excalibur is ZZZ|Leaf Blade|p2a: Sinistcha\n|-supereffective|p2a: Sinistcha\n|-damage|p2a: Sinistcha|0 fnt\n|faint|p2a: Sinistcha\n|\n|upkeep\n|inactive|Misochuu has 90 seconds left.\n|\n|t:|1700595586\n|switch|p2a: Articuno|Articuno-Galar|100\/100\n|turn|6\n|\n|t:|1700595597\n|switch|p1a: Tornadus|Tornadus-Therian, M|100\/100\n|move|p2a: Articuno|Air Slash|p1a: Tornadus\n|-damage|p1a: Tornadus|49\/100\n|-enditem|p1a: Tornadus|Eject Button\n|\n|t:|1700595619\n|switch|p1a: Peak of evolution|Crawdaunt, F|100\/100\n|\n|upkeep\n|turn|7\n|inactive|Misochuu has 60 seconds left.\n|\n|t:|1700595658\n|switch|p2a: Politoed|Politoed, M|100\/100\n|-activate|p2a: Politoed|move: Sticky Web\n|-unboost|p2a: Politoed|spe|1\n|-weather|RainDance|[from] ability: Drizzle|[of] p2a: Politoed\n|move|p1a: Peak of evolution|Lash Out|p2a: Politoed\n|-damage|p2a: Politoed|31\/100\n|\n|-weather|RainDance|[upkeep]\n|-heal|p2a: Politoed|37\/100|[from] item: Leftovers\n|upkeep\n|turn|8\n|\n|t:|1700595684\n|move|p1a: Peak of evolution|Lash Out|p2a: Politoed\n|-damage|p2a: Politoed|0 fnt\n|faint|p2a: Politoed\n|\n|-weather|RainDance|[upkeep]\n|upkeep\n|\n|t:|1700595689\n|switch|p2a: Swampert|Swampert, F|100\/100\n|-activate|p2a: Swampert|move: Sticky Web\n|-unboost|p2a: Swampert|spe|1\n|turn|9\n|\n|t:|1700595701\n|detailschange|p2a: Swampert|Swampert-Mega, F\n|-mega|p2a: Swampert|Swampert|Swampertite\n|move|p1a: Peak of evolution|Lash Out|p2a: Swampert\n|-damage|p2a: Swampert|58\/100\n|move|p2a: Swampert|Earthquake|p1a: Peak of evolution\n|-damage|p1a: Peak of evolution|7\/100\n|\n|-weather|RainDance|[upkeep]\n|upkeep\n|turn|10\n|\n|t:|1700595714\n|move|p1a: Peak of evolution|Lash Out|p2a: Swampert\n|-damage|p2a: Swampert|13\/100\n|move|p2a: Swampert|Earthquake|p1a: Peak of evolution\n|-damage|p1a: Peak of evolution|0 fnt\n|faint|p1a: Peak of evolution\n|\n|-weather|RainDance|[upkeep]\n|upkeep\n|\n|t:|1700595718\n|switch|p1a: Tornadus|Tornadus-Therian, M|82\/100\n|turn|11\n|\n|t:|1700595724\n|move|p1a: Tornadus|Bleakwind Storm|p2a: Swampert\n|-damage|p2a: Swampert|0 fnt\n|faint|p2a: Swampert\n|\n|-weather|none\n|upkeep\n|-message|Misochuu forfeited.\n|\n|win|Maxer59\n|raw|Maxer59's rating: 1202 &rarr; <strong>1230<\/strong><br \/>(+28 for winning)\n|raw|Misochuu's rating: 1249 &rarr; <strong>1221<\/strong><br \/>(-28 for losing)\n|l|\u2606Misochuu\n","uploadtime":1700595743,"views":2,"p1id":"maxer59","p2id":"misochuu","formatid":"gen9nationaldex","rating":1221,"private":0,"password":""}