{"id":"gen9nationaldex-1992225123","p1":"TheOnlyDJ101","p2":"noobster646","format":"[Gen 9] National Dex","log":"|j|\u2606TheOnlyDJ101\n|j|\u2606noobster646\n|t:|1700165441\n|gametype|singles\n|player|p1|TheOnlyDJ101|barry|1088\n|player|p2|noobster646|hiker-gen4|1091\n|teamsize|p1|6\n|teamsize|p2|6\n|gen|9\n|tier|[Gen 9] National Dex\n|rated|\n|rule|HP Percentage Mod: HP is shown in percentages\n|rule|Endless Battle Clause: Forcing endless battles is banned\n|rule|OHKO Clause: OHKO moves are banned\n|rule|Evasion Clause: Evasion abilities, items, and moves are banned\n|rule|Evasion Abilities Clause: Evasion abilities are banned\n|rule|Evasion Items Clause: Evasion items are banned\n|rule|Evasion Moves Clause: Evasion moves are banned\n|rule|Species Clause: Limit one of each Pok\u00e9mon\n|rule|Sleep Clause Mod: Limit one foe put to sleep\n|clearpoke\n|poke|p1|Gengar, M|\n|poke|p1|Porygon2|\n|poke|p1|Talonflame, F|\n|poke|p1|Krookodile, F|\n|poke|p1|Gyarados, F|\n|poke|p1|Rillaboom, F|\n|poke|p2|Blacephalon|\n|poke|p2|Haxorus, M|\n|poke|p2|Sandaconda, F|\n|poke|p2|Meowscarada, M|\n|poke|p2|Galvantula, F|\n|poke|p2|Espeon, F|\n|teampreview\n|c|\u2606noobster646|nice team\n|\n|t:|1700165454\n|start\n|switch|p1a: Gengar|Gengar, M|100\/100\n|switch|p2a: Galvantula|Galvantula, F|100\/100\n|turn|1\n|c|\u2606TheOnlyDJ101|thx urs is sick too\n|\n|t:|1700165468\n|move|p1a: Gengar|Toxic Spikes|p2a: Galvantula\n|-sidestart|p2: noobster646|move: Toxic Spikes\n|move|p2a: Galvantula|Sticky Web|p1a: Gengar\n|-sidestart|p1: TheOnlyDJ101|move: Sticky Web\n|\n|upkeep\n|turn|2\n|\n|t:|1700165475\n|switch|p2a: Espeon|Espeon, F|100\/100\n|-status|p2a: Espeon|psn\n|move|p1a: Gengar|Toxic Spikes|p2a: Espeon\n|move|p2a: Espeon|Toxic Spikes|p1a: Gengar|[from]ability: Magic Bounce\n|-sidestart|p1: TheOnlyDJ101|move: Toxic Spikes\n|\n|-damage|p2a: Espeon|88\/100 psn|[from] psn\n|upkeep\n|turn|3\n|\n|t:|1700165492\n|move|p1a: Gengar|Toxic|p2a: Espeon\n|move|p2a: Espeon|Toxic|p1a: Gengar|[from]ability: Magic Bounce|[miss]\n|-miss|p2a: Espeon|p1a: Gengar\n|move|p2a: Espeon|Psyshock|p1a: Gengar\n|-supereffective|p1a: Gengar\n|-damage|p1a: Gengar|0 fnt\n|faint|p1a: Gengar\n|-damage|p2a: Espeon|78\/100 psn|[from] item: Life Orb\n|\n|-damage|p2a: Espeon|66\/100 psn|[from] psn\n|upkeep\n|c|\u2606TheOnlyDJ101|something might be wrong with me\n|c|\u2606noobster646|lmao\n|\n|t:|1700165508\n|switch|p1a: Rillaboom|Rillaboom, F|100\/100\n|-activate|p1a: Rillaboom|move: Sticky Web\n|-unboost|p1a: Rillaboom|spe|1\n|-status|p1a: Rillaboom|psn\n|-fieldstart|move: Grassy Terrain|[from] ability: Grassy Surge|[of] p1a: Rillaboom\n|turn|4\n|\n|t:|1700165518\n|move|p1a: Rillaboom|Fake Out|p2a: Espeon\n|-damage|p2a: Espeon|37\/100 psn\n|cant|p2a: Espeon|flinch\n|\n|-heal|p2a: Espeon|43\/100 psn|[from] Grassy Terrain\n|-damage|p2a: Espeon|31\/100 psn|[from] psn\n|-damage|p1a: Rillaboom|88\/100 psn|[from] psn\n|upkeep\n|turn|5\n|\n|t:|1700165529\n|move|p2a: Espeon|Psyshock|p1a: Rillaboom\n|-damage|p1a: Rillaboom|36\/100 psn\n|-damage|p2a: Espeon|21\/100 psn|[from] item: Life Orb\n|move|p1a: Rillaboom|Knock Off|p2a: Espeon\n|-supereffective|p2a: Espeon\n|-damage|p2a: Espeon|0 fnt\n|-enditem|p2a: Espeon|Life Orb|[from] move: Knock Off|[of] p1a: Rillaboom\n|faint|p2a: Espeon\n|\n|-heal|p1a: Rillaboom|42\/100 psn|[from] Grassy Terrain\n|-damage|p1a: Rillaboom|30\/100 psn|[from] psn\n|upkeep\n|\n|t:|1700165543\n|switch|p2a: Meowscarada|Meowscarada, M|100\/100\n|turn|6\n|\n|t:|1700165553\n|move|p2a: Meowscarada|U-turn|p1a: Rillaboom\n|-start|p2a: Meowscarada|typechange|Bug|[from] ability: Protean\n|-supereffective|p1a: Rillaboom\n|-damage|p1a: Rillaboom|0 fnt\n|faint|p1a: Rillaboom\n|\n|t:|1700165578\n|switch|p2a: Sandaconda|Sandaconda, F|100\/100|[from] U-turn\n|-status|p2a: Sandaconda|psn\n|\n|-damage|p2a: Sandaconda|88\/100 psn|[from] psn\n|upkeep\n|\n|t:|1700165587\n|switch|p1a: Gyarados|Gyarados, F, shiny|100\/100\n|turn|7\n|\n|t:|1700165592\n|detailschange|p1a: Gyarados|Gyarados-Mega, F, shiny\n|-mega|p1a: Gyarados|Gyarados|Gyaradosite\n|-ability|p1a: Gyarados|Mold Breaker\n|move|p1a: Gyarados|Dragon Dance|p1a: Gyarados\n|-boost|p1a: Gyarados|atk|1\n|-boost|p1a: Gyarados|spe|1\n|move|p2a: Sandaconda|Glare|p1a: Gyarados\n|-status|p1a: Gyarados|par\n|\n|-heal|p2a: Sandaconda|94\/100 psn|[from] Grassy Terrain\n|-activate|p2a: Sandaconda|ability: Shed Skin\n|-curestatus|p2a: Sandaconda|psn|[msg]\n|-heal|p2a: Sandaconda|99\/100|[from] item: Leftovers\n|upkeep\n|turn|8\n|\n|t:|1700165605\n|move|p1a: Gyarados|Aqua Tail|p2a: Sandaconda\n|-supereffective|p2a: Sandaconda\n|-damage|p2a: Sandaconda|0 fnt\n|faint|p2a: Sandaconda\n|\n|-fieldend|move: Grassy Terrain\n|upkeep\n|\n|t:|1700165642\n|switch|p2a: Galvantula|Galvantula, F|100\/100\n|-status|p2a: Galvantula|psn\n|turn|9\n|\n|t:|1700165652\n|move|p2a: Galvantula|Bug Buzz|p1a: Gyarados\n|-supereffective|p1a: Gyarados\n|-damage|p1a: Gyarados|33\/100 par\n|move|p1a: Gyarados|Outrage|p2a: Galvantula\n|-enditem|p2a: Galvantula|Focus Sash\n|-damage|p2a: Galvantula|1\/100 psn\n|\n|-damage|p2a: Galvantula|0 fnt|[from] psn\n|faint|p2a: Galvantula\n|upkeep\n|\n|t:|1700165661\n|switch|p2a: Meowscarada|Meowscarada, M|100\/100\n|turn|10\n|\n|t:|1700165682\n|move|p2a: Meowscarada|Flower Trick|p1a: Gyarados\n|-start|p2a: Meowscarada|typechange|Grass|[from] ability: Protean\n|-supereffective|p1a: Gyarados\n|-crit|p1a: Gyarados\n|-damage|p1a: Gyarados|0 fnt\n|faint|p1a: Gyarados\n|\n|upkeep\n|\n|t:|1700165689\n|switch|p1a: Talonflame|Talonflame, F|100\/100\n|turn|11\n|\n|t:|1700165696\n|switch|p2a: Blacephalon|Blacephalon|100\/100\n|-status|p2a: Blacephalon|psn\n|move|p1a: Talonflame|Acrobatics|p2a: Blacephalon\n|-damage|p2a: Blacephalon|4\/100 psn\n|\n|-damage|p2a: Blacephalon|0 fnt|[from] psn\n|faint|p2a: Blacephalon\n|upkeep\n|\n|t:|1700165708\n|switch|p2a: Haxorus|Haxorus, M|100\/100\n|-status|p2a: Haxorus|psn\n|-enditem|p2a: Haxorus|Lum Berry|[eat]\n|-curestatus|p2a: Haxorus|psn|[msg]\n|-ability|p2a: Haxorus|Mold Breaker\n|turn|12\n|\n|t:|1700165726\n|-terastallize|p1a: Talonflame|Flying\n|-terastallize|p2a: Haxorus|Dragon\n|move|p1a: Talonflame|Swords Dance|p1a: Talonflame\n|-boost|p1a: Talonflame|atk|2\n|move|p2a: Haxorus|Outrage|p1a: Talonflame\n|-damage|p1a: Talonflame|0 fnt\n|faint|p1a: Talonflame\n|\n|upkeep\n|\n|t:|1700165736\n|switch|p1a: Porygon2|Porygon2, shiny|100\/100\n|-activate|p1a: Porygon2|move: Sticky Web\n|-unboost|p1a: Porygon2|spe|1\n|-status|p1a: Porygon2|psn\n|turn|13\n|\n|t:|1700165743\n|move|p2a: Haxorus|Outrage|p1a: Porygon2|[from]lockedmove\n|-damage|p1a: Porygon2|38\/100 psn\n|-start|p2a: Haxorus|confusion|[fatigue]\n|move|p1a: Porygon2|Ice Beam|p2a: Haxorus\n|-supereffective|p2a: Haxorus\n|-damage|p2a: Haxorus|0 fnt\n|faint|p2a: Haxorus\n|\n|-damage|p1a: Porygon2|26\/100 psn|[from] psn\n|upkeep\n|\n|t:|1700165753\n|switch|p2a: Meowscarada|Meowscarada, M|100\/100\n|turn|14\n|\n|t:|1700165765\n|move|p2a: Meowscarada|Flower Trick|p1a: Porygon2\n|-start|p2a: Meowscarada|typechange|Grass|[from] ability: Protean\n|-crit|p1a: Porygon2\n|-damage|p1a: Porygon2|0 fnt\n|faint|p1a: Porygon2\n|\n|upkeep\n|\n|t:|1700165771\n|switch|p1a: Krookodile|Krookodile, F|100\/100\n|-activate|p1a: Krookodile|move: Sticky Web\n|-unboost|p1a: Krookodile|spe|1\n|-status|p1a: Krookodile|psn\n|turn|15\n|c|\u2606noobster646|wait... is it anger point?\n|\n|t:|1700165798\n|move|p2a: Meowscarada|U-turn|p1a: Krookodile\n|-supereffective|p1a: Krookodile\n|-damage|p1a: Krookodile|47\/100 psn\n|move|p1a: Krookodile|Knock Off|p2a: Meowscarada\n|-damage|p2a: Meowscarada|30\/100\n|-enditem|p2a: Meowscarada|Heavy-Duty Boots|[from] move: Knock Off|[of] p1a: Krookodile\n|\n|-heal|p1a: Krookodile|53\/100 psn|[from] item: Leftovers\n|-damage|p1a: Krookodile|40\/100 psn|[from] psn\n|upkeep\n|turn|16\n|\n|t:|1700165816\n|move|p2a: Meowscarada|Flower Trick|p1a: Krookodile\n|-supereffective|p1a: Krookodile\n|-crit|p1a: Krookodile\n|-damage|p1a: Krookodile|0 fnt\n|faint|p1a: Krookodile\n|\n|win|noobster646\n|raw|TheOnlyDJ101's rating: 1088 &rarr; <strong>1065<\/strong><br \/>(-23 for losing)\n|raw|noobster646's rating: 1091 &rarr; <strong>1117<\/strong><br \/>(+26 for winning)\n|c|\u2606noobster646|gg\n|c|\u2606TheOnlyDJ101|gg\n","uploadtime":1700165824,"views":23,"p1id":"theonlydj101","p2id":"noobster646","formatid":"gen9nationaldex","rating":1065,"private":0,"password":""}