{"id":"gen9nationaldex-1995789391","p1":"H4RC0L0","p2":"0xyt0c1njunk1e","format":"[Gen 9] National Dex","log":"|html|<div class=\"broadcast-blue\"><strong>[Gen 9] National Dex is currently suspecting Sneasler! For information on how to participate check out the <a href=\"https:\/\/www.smogon.com\/forums\/threads\/sv-national-dex-suspect-8-just-dance.3731534\/\">suspect thread<\/a>.<\/strong><\/div>\n|j|\u2606H4RC0L0\n|j|\u26060xyt0c1njunk1e\n|t:|1700603330\n|gametype|singles\n|player|p1|H4RC0L0|cyrus|1397\n|player|p2|0xyt0c1njunk1e|iris|1365\n|teamsize|p1|6\n|teamsize|p2|6\n|gen|9\n|tier|[Gen 9] National Dex\n|rated|\n|rule|HP Percentage Mod: HP is shown in percentages\n|rule|Endless Battle Clause: Forcing endless battles is banned\n|rule|OHKO Clause: OHKO moves are banned\n|rule|Evasion Clause: Evasion abilities, items, and moves are banned\n|rule|Evasion Abilities Clause: Evasion abilities are banned\n|rule|Evasion Items Clause: Evasion items are banned\n|rule|Evasion Moves Clause: Evasion moves are banned\n|rule|Species Clause: Limit one of each Pok\u00e9mon\n|rule|Sleep Clause Mod: Limit one foe put to sleep\n|clearpoke\n|poke|p1|Banette, F|\n|poke|p1|Electrode-Hisui|\n|poke|p1|Toxapex, F|\n|poke|p1|Landorus-Therian, M|\n|poke|p1|Zapdos-Galar|\n|poke|p1|Tyranitar, M|\n|poke|p2|Vaporeon, F|\n|poke|p2|Lopunny, F|\n|poke|p2|Gardevoir, F|\n|poke|p2|Tsareena, F|\n|poke|p2|Heatran, M|\n|poke|p2|Toxapex, F|\n|teampreview\n|inactive|Battle timer is ON: inactive players will automatically lose when time's up. (requested by H4RC0L0)\n|inactive|0xyt0c1njunk1e also wants the timer to be on.\n|\n|t:|1700603334\n|start\n|switch|p1a: Landorus|Landorus-Therian, M, shiny|100\/100\n|switch|p2a: Lopunny|Lopunny, F|100\/100\n|-ability|p1a: Landorus|Intimidate|boost\n|-unboost|p2a: Lopunny|atk|1\n|turn|1\n|\n|t:|1700603337\n|detailschange|p2a: Lopunny|Lopunny-Mega, F\n|-mega|p2a: Lopunny|Lopunny|Lopunnite\n|move|p2a: Lopunny|Fake Out|p1a: Landorus\n|-damage|p1a: Landorus|82\/100\n|cant|p1a: Landorus|flinch\n|\n|upkeep\n|turn|2\n|\n|t:|1700603347\n|switch|p1a: Toxapex|Toxapex, F, shiny|100\/100\n|move|p2a: Lopunny|Triple Axel|p1a: Toxapex\n|-resisted|p1a: Toxapex\n|-damage|p1a: Toxapex|99\/100\n|-hitcount|p1a: Toxapex|1\n|\n|-heal|p1a: Toxapex|100\/100|[from] item: Leftovers\n|upkeep\n|turn|3\n|\n|t:|1700603357\n|switch|p2a: Heatran|Heatran, M|100\/100\n|move|p1a: Toxapex|Baneful Bunker||[still]\n|-fail|p1a: Toxapex\n|\n|upkeep\n|turn|4\n|\n|t:|1700603362\n|move|p2a: Heatran|Stealth Rock|p1a: Toxapex\n|-sidestart|p1: H4RC0L0|move: Stealth Rock\n|move|p1a: Toxapex|Scald|p2a: Heatran\n|-supereffective|p2a: Heatran\n|-damage|p2a: Heatran|76\/100\n|\n|-heal|p2a: Heatran|82\/100|[from] item: Leftovers\n|upkeep\n|turn|5\n|\n|t:|1700603367\n|switch|p1a: Landorus|Landorus-Therian, M, shiny|82\/100\n|-ability|p1a: Landorus|Intimidate|boost\n|-unboost|p2a: Heatran|atk|1\n|move|p2a: Heatran|Magma Storm|p1a: Landorus\n|-damage|p1a: Landorus|24\/100\n|-activate|p1a: Landorus|move: Magma Storm|[of] p2a: Heatran\n|\n|-heal|p2a: Heatran|88\/100|[from] item: Leftovers\n|-damage|p1a: Landorus|12\/100|[from] move: Magma Storm|[partiallytrapped]\n|upkeep\n|turn|6\n|\n|t:|1700603375\n|switch|p2a: Vaporeon|Vaporeon, F|100\/100\n|move|p1a: Landorus|Earthquake|p2a: Vaporeon\n|-damage|p2a: Vaporeon|61\/100\n|\n|-heal|p2a: Vaporeon|67\/100|[from] item: Leftovers\n|-end|p1a: Landorus|Magma Storm|[partiallytrapped]|[silent]\n|upkeep\n|turn|7\n|\n|t:|1700603381\n|move|p1a: Landorus|U-turn|p2a: Vaporeon\n|-damage|p2a: Vaporeon|48\/100\n|\n|t:|1700603384\n|switch|p1a: Electrode|Electrode-Hisui, shiny|100\/100|[from] U-turn\n|-damage|p1a: Electrode|88\/100|[from] Stealth Rock\n|move|p2a: Vaporeon|Flip Turn|p1a: Electrode\n|-resisted|p1a: Electrode\n|-damage|p1a: Electrode|77\/100\n|\n|t:|1700603401\n|switch|p2a: Heatran|Heatran, M|88\/100|[from] Flip Turn\n|\n|-heal|p2a: Heatran|94\/100|[from] item: Leftovers\n|upkeep\n|turn|8\n|\n|t:|1700603406\n|move|p1a: Electrode|Volt Switch|p2a: Heatran\n|-damage|p2a: Heatran|64\/100\n|\n|t:|1700603411\n|switch|p1a: Tyranitar|Tyranitar, M, shiny|100\/100|[from] Volt Switch\n|-damage|p1a: Tyranitar|88\/100|[from] Stealth Rock\n|-weather|Sandstorm|[from] ability: Sand Stream|[of] p1a: Tyranitar\n|move|p2a: Heatran|Magma Storm|p1a: Tyranitar\n|-resisted|p1a: Tyranitar\n|-damage|p1a: Tyranitar|80\/100\n|-activate|p1a: Tyranitar|move: Magma Storm|[of] p2a: Heatran\n|\n|-weather|Sandstorm|[upkeep]\n|-heal|p2a: Heatran|70\/100|[from] item: Leftovers\n|-damage|p1a: Tyranitar|68\/100|[from] move: Magma Storm|[partiallytrapped]\n|upkeep\n|turn|9\n|\n|t:|1700603429\n|switch|p2a: Tsareena|Tsareena, F|100\/100\n|move|p1a: Tyranitar|Earthquake|p2a: Tsareena\n|-resisted|p2a: Tsareena\n|-damage|p2a: Tsareena|81\/100\n|\n|-weather|Sandstorm|[upkeep]\n|-damage|p2a: Tsareena|75\/100|[from] Sandstorm\n|-end|p1a: Tyranitar|Magma Storm|[partiallytrapped]|[silent]\n|upkeep\n|turn|10\n|\n|t:|1700603435\n|switch|p1a: Banette|Banette, F, shiny|100\/100\n|-damage|p1a: Banette|88\/100|[from] Stealth Rock\n|-item|p2a: Tsareena|Assault Vest|[from] ability: Frisk|[of] p1a: Banette|[identify]\n|move|p2a: Tsareena|Knock Off|p1a: Banette\n|-supereffective|p1a: Banette\n|-damage|p1a: Banette|30\/100\n|\n|-weather|Sandstorm|[upkeep]\n|-damage|p2a: Tsareena|69\/100|[from] Sandstorm\n|-damage|p1a: Banette|24\/100|[from] Sandstorm\n|upkeep\n|turn|11\n|\n|t:|1700603444\n|switch|p2a: Vaporeon|Vaporeon, F|48\/100\n|detailschange|p1a: Banette|Banette-Mega, F, shiny\n|-mega|p1a: Banette|Banette|Banettite\n|move|p1a: Banette|Destiny Bond|p1a: Banette\n|-singlemove|p1a: Banette|Destiny Bond\n|\n|-weather|Sandstorm|[upkeep]\n|-damage|p1a: Banette|18\/100|[from] Sandstorm\n|-damage|p2a: Vaporeon|41\/100|[from] Sandstorm\n|-heal|p2a: Vaporeon|48\/100|[from] item: Leftovers\n|upkeep\n|turn|12\n|\n|t:|1700603452\n|switch|p1a: Zapdos|Zapdos-Galar|100\/100\n|-damage|p1a: Zapdos|88\/100|[from] Stealth Rock\n|move|p2a: Vaporeon|Wish|p2a: Vaporeon\n|\n|-weather|none\n|-heal|p2a: Vaporeon|54\/100|[from] item: Leftovers\n|upkeep\n|turn|13\n|\n|t:|1700603460\n|move|p2a: Vaporeon|Protect|p2a: Vaporeon\n|-singleturn|p2a: Vaporeon|Protect\n|move|p1a: Zapdos|Knock Off|p2a: Vaporeon\n|-activate|p2a: Vaporeon|move: Protect\n|\n|-heal|p2a: Vaporeon|100\/100|[from] move: Wish|[wisher] Vaporeon\n|upkeep\n|turn|14\n|\n|t:|1700603468\n|move|p1a: Zapdos|Knock Off|p2a: Vaporeon\n|-damage|p2a: Vaporeon|73\/100\n|-enditem|p2a: Vaporeon|Leftovers|[from] move: Knock Off|[of] p1a: Zapdos\n|move|p2a: Vaporeon|Scald|p1a: Zapdos\n|-damage|p1a: Zapdos|52\/100\n|\n|upkeep\n|turn|15\n|\n|t:|1700603472\n|switch|p1a: Electrode|Electrode-Hisui, shiny|77\/100\n|-damage|p1a: Electrode|65\/100|[from] Stealth Rock\n|move|p2a: Vaporeon|Protect||[still]\n|-fail|p2a: Vaporeon\n|\n|upkeep\n|turn|16\n|\n|t:|1700603478\n|switch|p2a: Tsareena|Tsareena, F|69\/100\n|move|p1a: Electrode|Thunderbolt|p2a: Tsareena\n|-resisted|p2a: Tsareena\n|-damage|p2a: Tsareena|53\/100\n|\n|upkeep\n|turn|17\n|\n|t:|1700603485\n|switch|p1a: Toxapex|Toxapex, F, shiny|100\/100\n|-damage|p1a: Toxapex|88\/100|[from] Stealth Rock\n|move|p2a: Tsareena|Knock Off|p1a: Toxapex\n|-damage|p1a: Toxapex|64\/100\n|-enditem|p1a: Toxapex|Leftovers|[from] move: Knock Off|[of] p2a: Tsareena\n|\n|upkeep\n|turn|18\n|\n|t:|1700603493\n|switch|p2a: Heatran|Heatran, M|70\/100\n|move|p1a: Toxapex|Scald|p2a: Heatran\n|-supereffective|p2a: Heatran\n|-damage|p2a: Heatran|44\/100\n|\n|-heal|p2a: Heatran|50\/100|[from] item: Leftovers\n|upkeep\n|turn|19\n|\n|t:|1700603497\n|move|p1a: Toxapex|Baneful Bunker|p1a: Toxapex\n|-singleturn|p1a: Toxapex|move: Protect\n|move|p2a: Heatran|Magma Storm|p1a: Toxapex\n|-activate|p1a: Toxapex|move: Protect\n|\n|-heal|p2a: Heatran|56\/100|[from] item: Leftovers\n|upkeep\n|turn|20\n|\n|t:|1700603502\n|switch|p1a: Tyranitar|Tyranitar, M, shiny|68\/100\n|-damage|p1a: Tyranitar|56\/100|[from] Stealth Rock\n|-weather|Sandstorm|[from] ability: Sand Stream|[of] p1a: Tyranitar\n|move|p2a: Heatran|Magma Storm|p1a: Tyranitar\n|-resisted|p1a: Tyranitar\n|-damage|p1a: Tyranitar|47\/100\n|-activate|p1a: Tyranitar|move: Magma Storm|[of] p2a: Heatran\n|\n|-weather|Sandstorm|[upkeep]\n|-heal|p2a: Heatran|62\/100|[from] item: Leftovers\n|-damage|p1a: Tyranitar|35\/100|[from] move: Magma Storm|[partiallytrapped]\n|upkeep\n|turn|21\n|\n|t:|1700603512\n|switch|p2a: Tsareena|Tsareena, F|53\/100\n|move|p1a: Tyranitar|Earthquake|p2a: Tsareena\n|-resisted|p2a: Tsareena\n|-damage|p2a: Tsareena|33\/100\n|\n|-weather|Sandstorm|[upkeep]\n|-damage|p2a: Tsareena|27\/100|[from] Sandstorm\n|-end|p1a: Tyranitar|Magma Storm|[partiallytrapped]|[silent]\n|upkeep\n|turn|22\n|\n|t:|1700603529\n|switch|p2a: Lopunny|Lopunny-Mega, F|100\/100\n|move|p1a: Tyranitar|Crunch|p2a: Lopunny\n|-resisted|p2a: Lopunny\n|-damage|p2a: Lopunny|71\/100\n|\n|-weather|Sandstorm|[upkeep]\n|-damage|p2a: Lopunny|64\/100|[from] Sandstorm\n|upkeep\n|turn|23\n|\n|t:|1700603540\n|switch|p1a: Toxapex|Toxapex, F, shiny|98\/100\n|-damage|p1a: Toxapex|85\/100|[from] Stealth Rock\n|move|p2a: Lopunny|Return|p1a: Toxapex\n|-damage|p1a: Toxapex|44\/100\n|\n|-weather|Sandstorm|[upkeep]\n|-damage|p2a: Lopunny|58\/100|[from] Sandstorm\n|-damage|p1a: Toxapex|37\/100|[from] Sandstorm\n|upkeep\n|turn|24\n|\n|t:|1700603549\n|switch|p2a: Vaporeon|Vaporeon, F|73\/100\n|move|p1a: Toxapex|Baneful Bunker||[still]\n|-fail|p1a: Toxapex\n|\n|-weather|none\n|upkeep\n|turn|25\n|\n|t:|1700603556\n|switch|p1a: Electrode|Electrode-Hisui, shiny|65\/100\n|-damage|p1a: Electrode|53\/100|[from] Stealth Rock\n|move|p2a: Vaporeon|Wish|p2a: Vaporeon\n|\n|upkeep\n|turn|26\n|\n|t:|1700603560\n|switch|p2a: Tsareena|Tsareena, F|27\/100\n|move|p1a: Electrode|Volt Switch|p2a: Tsareena\n|-resisted|p2a: Tsareena\n|-damage|p2a: Tsareena|15\/100\n|\n|t:|1700603563\n|switch|p1a: Landorus|Landorus-Therian, M, shiny|12\/100|[from] Volt Switch\n|-ability|p1a: Landorus|Intimidate|boost\n|-unboost|p2a: Tsareena|atk|1\n|\n|-heal|p2a: Tsareena|80\/100|[from] move: Wish|[wisher] Vaporeon\n|upkeep\n|turn|27\n|\n|t:|1700603571\n|switch|p2a: Heatran|Heatran, M|62\/100\n|move|p1a: Landorus|Defog|p2a: Heatran\n|-unboost|p2a: Heatran|evasion|1\n|-sideend|p1: H4RC0L0|Stealth Rock|[from] move: Defog|[of] p1a: Landorus\n|\n|-heal|p2a: Heatran|69\/100|[from] item: Leftovers\n|upkeep\n|turn|28\n|\n|t:|1700603579\n|switch|p2a: Vaporeon|Vaporeon, F|73\/100\n|move|p1a: Landorus|Earthquake|p2a: Vaporeon\n|-damage|p2a: Vaporeon|26\/100\n|\n|upkeep\n|turn|29\n|\n|t:|1700603584\n|move|p1a: Landorus|Earthquake|p2a: Vaporeon\n|-damage|p2a: Vaporeon|0 fnt\n|faint|p2a: Vaporeon\n|\n|upkeep\n|\n|t:|1700603587\n|switch|p2a: Lopunny|Lopunny-Mega, F|58\/100\n|turn|30\n|\n|t:|1700603591\n|switch|p1a: Toxapex|Toxapex, F, shiny|71\/100\n|move|p2a: Lopunny|Return|p1a: Toxapex\n|-damage|p1a: Toxapex|32\/100\n|\n|upkeep\n|turn|31\n|\n|t:|1700603599\n|switch|p2a: Heatran|Heatran, M|69\/100\n|move|p1a: Toxapex|Baneful Bunker||[still]\n|-fail|p1a: Toxapex\n|\n|-heal|p2a: Heatran|75\/100|[from] item: Leftovers\n|upkeep\n|turn|32\n|\n|t:|1700603605\n|switch|p1a: Tyranitar|Tyranitar, M, shiny|35\/100\n|-weather|Sandstorm|[from] ability: Sand Stream|[of] p1a: Tyranitar\n|move|p2a: Heatran|Stealth Rock|p1a: Tyranitar\n|-sidestart|p1: H4RC0L0|move: Stealth Rock\n|\n|-weather|Sandstorm|[upkeep]\n|-heal|p2a: Heatran|81\/100|[from] item: Leftovers\n|upkeep\n|turn|33\n|\n|t:|1700603609\n|switch|p2a: Tsareena|Tsareena, F|80\/100\n|move|p1a: Tyranitar|Crunch|p2a: Tsareena\n|-damage|p2a: Tsareena|30\/100\n|-unboost|p2a: Tsareena|def|1\n|\n|-weather|Sandstorm|[upkeep]\n|-damage|p2a: Tsareena|24\/100|[from] Sandstorm\n|upkeep\n|turn|34\n|\n|t:|1700603619\n|switch|p2a: Gardevoir|Gardevoir, F|100\/100\n|-ability|p2a: Gardevoir|Sand Stream|[from] ability: Trace|[of] p1a: Tyranitar\n|switch|p1a: Zapdos|Zapdos-Galar|52\/100\n|-damage|p1a: Zapdos|40\/100|[from] Stealth Rock\n|\n|-weather|Sandstorm|[upkeep]\n|-damage|p1a: Zapdos|34\/100|[from] Sandstorm\n|-damage|p2a: Gardevoir|94\/100|[from] Sandstorm\n|upkeep\n|turn|35\n|\n|t:|1700603633\n|move|p1a: Zapdos|Brave Bird|p2a: Gardevoir\n|-damage|p2a: Gardevoir|0 fnt\n|faint|p2a: Gardevoir\n|-damage|p1a: Zapdos|7\/100|[from] Recoil\n|\n|-weather|Sandstorm|[upkeep]\n|-damage|p1a: Zapdos|0 fnt|[from] Sandstorm\n|faint|p1a: Zapdos\n|upkeep\n|\n|t:|1700603643\n|switch|p1a: Electrode|Electrode-Hisui, shiny|53\/100\n|switch|p2a: Lopunny|Lopunny-Mega, F|58\/100\n|-damage|p1a: Electrode|40\/100|[from] Stealth Rock\n|turn|36\n|\n|t:|1700603650\n|move|p2a: Lopunny|Fake Out|p1a: Electrode\n|-damage|p1a: Electrode|2\/100\n|cant|p1a: Electrode|flinch\n|\n|-weather|none\n|upkeep\n|turn|37\n|\n|t:|1700603659\n|switch|p2a: Tsareena|Tsareena, F|24\/100\n|move|p1a: Electrode|Thunderbolt|p2a: Tsareena\n|-resisted|p2a: Tsareena\n|-damage|p2a: Tsareena|9\/100\n|\n|upkeep\n|turn|38\n|\n|t:|1700603665\n|move|p1a: Electrode|Thunderbolt|p2a: Tsareena\n|-resisted|p2a: Tsareena\n|-damage|p2a: Tsareena|0 fnt\n|faint|p2a: Tsareena\n|\n|upkeep\n|\n|t:|1700603668\n|switch|p2a: Lopunny|Lopunny-Mega, F|58\/100\n|turn|39\n|\n|t:|1700603678\n|switch|p1a: Tyranitar|Tyranitar, M, shiny|35\/100\n|-damage|p1a: Tyranitar|23\/100|[from] Stealth Rock\n|-weather|Sandstorm|[from] ability: Sand Stream|[of] p1a: Tyranitar\n|move|p2a: Lopunny|Fake Out|p1a: Tyranitar\n|-resisted|p1a: Tyranitar\n|-damage|p1a: Tyranitar|14\/100\n|\n|-weather|Sandstorm|[upkeep]\n|-damage|p2a: Lopunny|52\/100|[from] Sandstorm\n|upkeep\n|turn|40\n|\n|t:|1700603684\n|move|p2a: Lopunny|Close Combat|p1a: Tyranitar\n|-supereffective|p1a: Tyranitar\n|-damage|p1a: Tyranitar|0 fnt\n|-unboost|p2a: Lopunny|def|1\n|-unboost|p2a: Lopunny|spd|1\n|faint|p1a: Tyranitar\n|\n|-weather|Sandstorm|[upkeep]\n|-damage|p2a: Lopunny|46\/100|[from] Sandstorm\n|upkeep\n|\n|t:|1700603686\n|switch|p1a: Banette|Banette-Mega, F, shiny|18\/100\n|-damage|p1a: Banette|5\/100|[from] Stealth Rock\n|turn|41\n|\n|t:|1700603690\n|switch|p2a: Heatran|Heatran, M|81\/100\n|move|p1a: Banette|Will-O-Wisp|p2a: Heatran\n|-immune|p2a: Heatran\n|\n|-weather|Sandstorm|[upkeep]\n|-damage|p1a: Banette|0 fnt|[from] Sandstorm\n|faint|p1a: Banette\n|-heal|p2a: Heatran|87\/100|[from] item: Leftovers\n|upkeep\n|\n|t:|1700603694\n|switch|p1a: Toxapex|Toxapex, F, shiny|65\/100\n|-damage|p1a: Toxapex|52\/100|[from] Stealth Rock\n|turn|42\n|\n|t:|1700603697\n|move|p2a: Heatran|Magma Storm|p1a: Toxapex\n|-resisted|p1a: Toxapex\n|-damage|p1a: Toxapex|37\/100\n|-activate|p1a: Toxapex|move: Magma Storm|[of] p2a: Heatran\n|move|p1a: Toxapex|Scald|p2a: Heatran\n|-supereffective|p2a: Heatran\n|-damage|p2a: Heatran|59\/100\n|\n|-weather|Sandstorm|[upkeep]\n|-damage|p1a: Toxapex|30\/100|[from] Sandstorm\n|-heal|p2a: Heatran|66\/100|[from] item: Leftovers\n|-damage|p1a: Toxapex|18\/100|[from] move: Magma Storm|[partiallytrapped]\n|upkeep\n|turn|43\n|\n|t:|1700603703\n|move|p1a: Toxapex|Baneful Bunker|p1a: Toxapex\n|-singleturn|p1a: Toxapex|move: Protect\n|move|p2a: Heatran|Earth Power|p1a: Toxapex\n|-activate|p1a: Toxapex|move: Protect\n|\n|-weather|none\n|-heal|p2a: Heatran|72\/100|[from] item: Leftovers\n|-damage|p1a: Toxapex|5\/100|[from] move: Magma Storm|[partiallytrapped]\n|upkeep\n|turn|44\n|\n|t:|1700603706\n|move|p2a: Heatran|Earth Power|p1a: Toxapex\n|-supereffective|p1a: Toxapex\n|-damage|p1a: Toxapex|0 fnt\n|faint|p1a: Toxapex\n|\n|-heal|p2a: Heatran|78\/100|[from] item: Leftovers\n|upkeep\n|\n|t:|1700603710\n|switch|p1a: Landorus|Landorus-Therian, M, shiny|12\/100\n|-ability|p1a: Landorus|Intimidate|boost\n|-unboost|p2a: Heatran|atk|1\n|turn|45\n|\n|t:|1700603716\n|-terastallize|p2a: Heatran|Flying\n|move|p1a: Landorus|Earthquake|p2a: Heatran\n|-immune|p2a: Heatran\n|move|p2a: Heatran|Magma Storm|p1a: Landorus\n|-damage|p1a: Landorus|0 fnt\n|faint|p1a: Landorus\n|\n|-heal|p2a: Heatran|84\/100|[from] item: Leftovers\n|upkeep\n|\n|t:|1700603718\n|switch|p1a: Electrode|Electrode-Hisui, shiny|2\/100\n|-damage|p1a: Electrode|0 fnt|[from] Stealth Rock\n|faint|p1a: Electrode\n|\n|win|0xyt0c1njunk1e\n|raw|H4RC0L0's rating: 1397 &rarr; <strong>1375<\/strong><br \/>(-22 for losing)\n|raw|0xyt0c1njunk1e's rating: 1365 &rarr; <strong>1387<\/strong><br \/>(+22 for winning)\n|l|\u2606H4RC0L0\n","uploadtime":1700603738,"views":1,"p1id":"h4rc0l0","p2id":"0xyt0c1njunk1e","formatid":"gen9nationaldex","rating":1375,"private":0,"password":""}