{"id":"gen9nationaldex-1990402096","p1":"clayanto","p2":"GeneralNutzlos","format":"[Gen 9] National Dex","log":"|j|\u2606clayanto\n|j|\u2606GeneralNutzlos\n|t:|1699967224\n|gametype|singles\n|player|p1|clayanto|265|1183\n|player|p2|GeneralNutzlos|blue|1109\n|teamsize|p1|6\n|teamsize|p2|6\n|gen|9\n|tier|[Gen 9] National Dex\n|rated|\n|rule|HP Percentage Mod: HP is shown in percentages\n|rule|Endless Battle Clause: Forcing endless battles is banned\n|rule|OHKO Clause: OHKO moves are banned\n|rule|Evasion Clause: Evasion abilities, items, and moves are banned\n|rule|Evasion Abilities Clause: Evasion abilities are banned\n|rule|Evasion Items Clause: Evasion items are banned\n|rule|Evasion Moves Clause: Evasion moves are banned\n|rule|Species Clause: Limit one of each Pok\u00e9mon\n|rule|Sleep Clause Mod: Limit one foe put to sleep\n|clearpoke\n|poke|p1|Pelipper, F|\n|poke|p1|Greninja-*, M|\n|poke|p1|Swampert, F|\n|poke|p1|Talonflame, F|\n|poke|p1|Zapdos|\n|poke|p1|Ogerpon-Wellspring, F|\n|poke|p2|Slowbro, M|\n|poke|p2|Klefki, F|\n|poke|p2|Dusclops, M|\n|poke|p2|Conkeldurr, F|\n|poke|p2|Gengar, M|\n|poke|p2|Ditto|\n|teampreview\n|inactive|Battle timer is ON: inactive players will automatically lose when time's up. (requested by clayanto)\n|\n|t:|1699967233\n|start\n|switch|p1a: Zapdos|Zapdos|100\/100\n|switch|p2a: Swaglord|Klefki, F|100\/100\n|turn|1\n|\n|t:|1699967246\n|move|p2a: Swaglord|Switcheroo|p1a: Zapdos\n|-activate|p2a: Swaglord|move: Trick|[of] p1a: Zapdos\n|-item|p1a: Zapdos|Choice Band|[from] move: Switcheroo\n|-item|p2a: Swaglord|Heavy-Duty Boots|[from] move: Switcheroo\n|move|p1a: Zapdos|Hurricane|p2a: Swaglord\n|-resisted|p2a: Swaglord\n|-damage|p2a: Swaglord|74\/100\n|\n|upkeep\n|turn|2\n|\n|t:|1699967257\n|switch|p1a: Pelipper|Pelipper, F|100\/100\n|-weather|RainDance|[from] ability: Drizzle|[of] p1a: Pelipper\n|move|p2a: Swaglord|Torment|p1a: Pelipper\n|-start|p1a: Pelipper|Torment\n|\n|-weather|RainDance|[upkeep]\n|upkeep\n|turn|3\n|\n|t:|1699967268\n|move|p1a: Pelipper|Scald|p2a: Swaglord\n|-damage|p2a: Swaglord|24\/100\n|move|p2a: Swaglord|Trick Room|p2a: Swaglord\n|-fieldstart|move: Trick Room|[of] p2a: Swaglord\n|\n|-weather|RainDance|[upkeep]\n|upkeep\n|turn|4\n|\n|t:|1699967282\n|move|p2a: Swaglord|Torment||[still]\n|-fail|p2a: Swaglord\n|move|p1a: Pelipper|U-turn|p2a: Swaglord\n|-resisted|p2a: Swaglord\n|-damage|p2a: Swaglord|22\/100\n|\n|t:|1699967287\n|switch|p1a: Talonflame|Talonflame, F|100\/100|[from] U-turn\n|\n|-weather|RainDance|[upkeep]\n|upkeep\n|turn|5\n|\n|t:|1699967303\n|switch|p2a: WhyUMadBRO|Slowbro, M, shiny|100\/100\n|move|p1a: Talonflame|Hurricane|p2a: WhyUMadBRO\n|-damage|p2a: WhyUMadBRO|46\/100\n|\n|-weather|RainDance|[upkeep]\n|upkeep\n|turn|6\n|\n|t:|1699967318\n|move|p1a: Talonflame|Hurricane|p2a: WhyUMadBRO\n|-damage|p2a: WhyUMadBRO|0 fnt\n|faint|p2a: WhyUMadBRO\n|\n|-weather|RainDance|[upkeep]\n|upkeep\n|\n|t:|1699967332\n|switch|p2a: Kratos|Conkeldurr, F|100\/100\n|turn|7\n|\n|t:|1699967340\n|switch|p2a: ApEaterGod|Dusclops, M, shiny|100\/100\n|-ability|p2a: ApEaterGod|Pressure\n|switch|p1a: Zapdos|Zapdos|100\/100\n|\n|-weather|RainDance|[upkeep]\n|-fieldend|move: Trick Room\n|upkeep\n|turn|8\n|\n|t:|1699967348\n|move|p1a: Zapdos|Volt Switch|p2a: ApEaterGod\n|-damage|p2a: ApEaterGod|78\/100\n|\n|t:|1699967353\n|switch|p1a: Ogerpon|Ogerpon-Wellspring, F|100\/100|[from] Volt Switch\n|move|p2a: ApEaterGod|Pain Split|p1a: Ogerpon\n|-sethp|p1a: Ogerpon|71\/100|[from] move: Pain Split|[silent]\n|-sethp|p2a: ApEaterGod|100\/100|[from] move: Pain Split\n|\n|-weather|RainDance|[upkeep]\n|upkeep\n|turn|9\n|\n|t:|1699967368\n|move|p1a: Ogerpon|Leech Seed|p2a: ApEaterGod\n|-start|p2a: ApEaterGod|move: Leech Seed\n|move|p2a: ApEaterGod|Pain Split|p1a: Ogerpon\n|-sethp|p1a: Ogerpon|61\/100|[from] move: Pain Split|[silent]\n|-sethp|p2a: ApEaterGod|100\/100|[from] move: Pain Split\n|\n|-weather|none\n|-damage|p2a: ApEaterGod|88\/100|[from] Leech Seed|[of] p1a: Ogerpon\n|-heal|p1a: Ogerpon|68\/100|[silent]\n|upkeep\n|turn|10\n|\n|t:|1699967373\n|move|p1a: Ogerpon|Substitute|p1a: Ogerpon\n|-start|p1a: Ogerpon|Substitute\n|-damage|p1a: Ogerpon|43\/100\n|move|p2a: ApEaterGod|Will-O-Wisp||[still]\n|-fail|p2a: ApEaterGod\n|\n|-damage|p2a: ApEaterGod|76\/100|[from] Leech Seed|[of] p1a: Ogerpon\n|-heal|p1a: Ogerpon|49\/100|[silent]\n|upkeep\n|turn|11\n|\n|t:|1699967381\n|move|p1a: Ogerpon|Leech Seed|p2a: ApEaterGod|[miss]\n|-miss|p1a: Ogerpon|p2a: ApEaterGod\n|move|p2a: ApEaterGod|Payback|p1a: Ogerpon\n|-activate|p1a: Ogerpon|move: Substitute|[damage]\n|\n|-damage|p2a: ApEaterGod|64\/100|[from] Leech Seed|[of] p1a: Ogerpon\n|-heal|p1a: Ogerpon|55\/100|[silent]\n|upkeep\n|turn|12\n|\n|t:|1699967395\n|switch|p2a: Kratos|Conkeldurr, F|100\/100\n|move|p1a: Ogerpon|Ivy Cudgel|p2a: Kratos|[anim] Ivy Cudgel Water\n|-damage|p2a: Kratos|56\/100\n|\n|upkeep\n|turn|13\n|\n|t:|1699967400\n|move|p1a: Ogerpon|Leech Seed|p2a: Kratos|[miss]\n|-miss|p1a: Ogerpon|p2a: Kratos\n|move|p2a: Kratos|Poison Jab|p1a: Ogerpon\n|-supereffective|p1a: Ogerpon\n|-end|p1a: Ogerpon|Substitute\n|\n|upkeep\n|turn|14\n|\n|t:|1699967408\n|switch|p1a: Pelipper|Pelipper, F|100\/100\n|-weather|RainDance|[from] ability: Drizzle|[of] p1a: Pelipper\n|move|p2a: Kratos|Poison Jab|p1a: Pelipper\n|-damage|p1a: Pelipper|58\/100\n|\n|-weather|RainDance|[upkeep]\n|upkeep\n|turn|15\n|\n|t:|1699967415\n|move|p1a: Pelipper|Scald|p2a: Kratos\n|-damage|p2a: Kratos|13\/100\n|-status|p2a: Kratos|brn\n|move|p2a: Kratos|Thunder Punch|p1a: Pelipper\n|-supereffective|p1a: Pelipper\n|-damage|p1a: Pelipper|0 fnt\n|faint|p1a: Pelipper\n|\n|-weather|RainDance|[upkeep]\n|-damage|p2a: Kratos|7\/100 brn|[from] brn\n|upkeep\n|\n|t:|1699967420\n|switch|p1a: Greninja|Greninja, M|100\/100\n|turn|16\n|\n|t:|1699967427\n|move|p1a: Greninja|Water Shuriken|p2a: Kratos\n|-damage|p2a: Kratos|0 fnt\n|faint|p2a: Kratos\n|-ability|p1a: Greninja|Battle Bond|boost\n|-boost|p1a: Greninja|atk|1\n|-boost|p1a: Greninja|spa|1\n|-boost|p1a: Greninja|spe|1\n|-activate|p1a: Greninja|ability: Battle Bond\n|-hitcount|p2: Kratos|1\n|-damage|p1a: Greninja|91\/100|[from] item: Life Orb\n|\n|-weather|RainDance|[upkeep]\n|upkeep\n|\n|t:|1699967431\n|switch|p2a: LOKI|Gengar, M|100\/100\n|turn|17\n|\n|t:|1699967435\n|-terastallize|p1a: Greninja|Water\n|move|p1a: Greninja|Water Shuriken|p2a: LOKI\n|-damage|p2a: LOKI|60\/100\n|-damage|p2a: LOKI|15\/100\n|-hitcount|p2a: LOKI|2\n|-damage|p1a: Greninja|81\/100|[from] item: Life Orb\n|move|p2a: LOKI|Destiny Bond|p2a: LOKI\n|-singlemove|p2a: LOKI|Destiny Bond\n|\n|-weather|RainDance|[upkeep]\n|upkeep\n|turn|18\n|\n|t:|1699967460\n|switch|p1a: Ogerpon|Ogerpon-Wellspring, F|55\/100\n|move|p2a: LOKI|Hypnosis|p1a: Ogerpon\n|-status|p1a: Ogerpon|slp|[from] move: Hypnosis\n|\n|-weather|RainDance|[upkeep]\n|upkeep\n|turn|19\n|\n|t:|1699967476\n|switch|p1a: Greninja|Greninja, M, tera:Water|81\/100\n|move|p2a: LOKI|Shadow Ball|p1a: Greninja\n|-damage|p1a: Greninja|15\/100\n|\n|-weather|RainDance|[upkeep]\n|upkeep\n|turn|20\n|\n|t:|1699967486\n|switch|p2a: ApEaterGod|Dusclops, M, shiny|64\/100\n|-ability|p2a: ApEaterGod|Pressure\n|move|p1a: Greninja|Water Shuriken|p2a: ApEaterGod\n|-damage|p2a: ApEaterGod|50\/100\n|-damage|p2a: ApEaterGod|35\/100\n|-damage|p2a: ApEaterGod|22\/100\n|-damage|p2a: ApEaterGod|5\/100\n|-damage|p2a: ApEaterGod|0 fnt\n|faint|p2a: ApEaterGod\n|-hitcount|p2: ApEaterGod|5\n|-damage|p1a: Greninja|5\/100|[from] item: Life Orb\n|\n|-weather|RainDance|[upkeep]\n|upkeep\n|\n|t:|1699967496\n|switch|p2a: NoYou|Ditto, shiny|100\/100\n|-transform|p2a: NoYou|p1a: Greninja|[from] ability: Imposter\n|turn|21\n|\n|t:|1699967501\n|switch|p1a: Ogerpon|Ogerpon-Wellspring, F|55\/100 slp\n|move|p2a: NoYou|Water Shuriken|p1a: Ogerpon\n|-heal|p1a: Ogerpon|80\/100 slp|[from] ability: Water Absorb|[of] p2a: NoYou\n|\n|-weather|none\n|upkeep\n|turn|22\n|c|\u2606GeneralNutzlos|pppyhead\n|-message|GeneralNutzlos forfeited.\n|\n|win|clayanto\n|raw|clayanto's rating: 1183 &rarr; <strong>1203<\/strong><br \/>(+20 for winning)\n|raw|GeneralNutzlos's rating: 1109 &rarr; <strong>1089<\/strong><br \/>(-20 for losing)\n|l|\u2606GeneralNutzlos\n","uploadtime":1699967955,"views":4,"p1id":"clayanto","p2id":"generalnutzlos","formatid":"gen9nationaldex","rating":1089,"private":0,"password":""}