{"id":"gen9nationaldex-1998293754","p1":"gglao2","p2":"ndsnez dingus","format":"[Gen 9] National Dex","log":"|html|<div class=\"broadcast-blue\"><strong>[Gen 9] National Dex is currently suspecting Sneasler! For information on how to participate check out the <a href=\"https:\/\/www.smogon.com\/forums\/threads\/sv-national-dex-suspect-8-just-dance.3731534\/\">suspect thread<\/a>.<\/strong><\/div>\n|j|\u2606gglao2\n|j|\u2606ndsnez dingus\n|t:|1700925798\n|gametype|singles\n|player|p1|gglao2|fisherman-gen4|1471\n|player|p2|ndsnez dingus|hexmaniac-gen6|1467\n|teamsize|p1|6\n|teamsize|p2|6\n|gen|9\n|tier|[Gen 9] National Dex\n|rated|\n|rule|HP Percentage Mod: HP is shown in percentages\n|rule|Endless Battle Clause: Forcing endless battles is banned\n|rule|OHKO Clause: OHKO moves are banned\n|rule|Evasion Clause: Evasion abilities, items, and moves are banned\n|rule|Evasion Abilities Clause: Evasion abilities are banned\n|rule|Evasion Items Clause: Evasion items are banned\n|rule|Evasion Moves Clause: Evasion moves are banned\n|rule|Species Clause: Limit one of each Pok\u00e9mon\n|rule|Sleep Clause Mod: Limit one foe put to sleep\n|clearpoke\n|poke|p1|Alomomola, F|\n|poke|p1|Ditto|\n|poke|p1|Zamazenta-*|\n|poke|p1|Gliscor, F|\n|poke|p1|Victini|\n|poke|p1|Goodra-Hisui, M|\n|poke|p2|Gardevoir, F|\n|poke|p2|Garchomp, F|\n|poke|p2|Bisharp, F|\n|poke|p2|Serperior, F|\n|poke|p2|Ribombee, F|\n|poke|p2|Ditto|\n|teampreview\n|inactive|Battle timer is ON: inactive players will automatically lose when time's up. (requested by ndsnez dingus)\n|\n|t:|1700925805\n|start\n|switch|p1a: Ditto|Ditto|100\/100\n|switch|p2a: Beellistic|Ribombee, F|100\/100\n|-transform|p1a: Ditto|p2a: Beellistic|[from] ability: Imposter\n|turn|1\n|\n|t:|1700925815\n|move|p1a: Ditto|Sticky Web|p2a: Beellistic\n|-sidestart|p2: ndsnez dingus|move: Sticky Web\n|move|p2a: Beellistic|Sticky Web|p1a: Ditto\n|-sidestart|p1: gglao2|move: Sticky Web\n|\n|upkeep\n|turn|2\n|\n|t:|1700925821\n|switch|p1a: Goodra|Goodra-Hisui, M|100\/100\n|-activate|p1a: Goodra|move: Sticky Web\n|-unboost|p1a: Goodra|spe|1\n|move|p2a: Beellistic|Stun Spore|p1a: Goodra\n|-ability|p1a: Goodra|Sap Sipper|boost\n|-boost|p1a: Goodra|atk|1\n|\n|upkeep\n|turn|3\n|\n|t:|1700925829\n|move|p2a: Beellistic|Moonblast|p1a: Goodra\n|-damage|p1a: Goodra|82\/100\n|-unboost|p1a: Goodra|spa|1\n|move|p1a: Goodra|Flash Cannon|p2a: Beellistic\n|-supereffective|p2a: Beellistic\n|-damage|p2a: Beellistic|11\/100\n|\n|upkeep\n|turn|4\n|\n|t:|1700925840\n|move|p2a: Beellistic|Moonblast|p1a: Goodra\n|-damage|p1a: Goodra|65\/100\n|-unboost|p1a: Goodra|spa|1\n|move|p1a: Goodra|Ice Beam|p2a: Beellistic\n|-damage|p2a: Beellistic|0 fnt\n|faint|p2a: Beellistic\n|\n|upkeep\n|\n|t:|1700925848\n|switch|p2a: IXIA|Gardevoir, F|100\/100\n|-activate|p2a: IXIA|move: Sticky Web\n|-unboost|p2a: IXIA|spe|1\n|-ability|p2a: IXIA|Sap Sipper|[from] ability: Trace|[of] p1a: Goodra\n|turn|5\n|\n|t:|1700925857\n|switch|p1a: Victini|Victini|100\/100\n|-activate|p1a: Victini|move: Sticky Web\n|-unboost|p1a: Victini|spe|1\n|detailschange|p2a: IXIA|Gardevoir-Mega, F\n|-mega|p2a: IXIA|Gardevoir|Gardevoirite\n|move|p2a: IXIA|Focus Blast|p1a: Victini\n|-resisted|p1a: Victini\n|-damage|p1a: Victini|79\/100\n|\n|upkeep\n|turn|6\n|\n|t:|1700925878\n|switch|p2a: Hurtcore|Garchomp, F|100\/100\n|-activate|p2a: Hurtcore|move: Sticky Web\n|-unboost|p2a: Hurtcore|spe|1\n|move|p1a: Victini|V-create|p2a: Hurtcore\n|-resisted|p2a: Hurtcore\n|-damage|p2a: Hurtcore|63\/100\n|-unboost|p1a: Victini|spe|1\n|-unboost|p1a: Victini|def|1\n|-unboost|p1a: Victini|spd|1\n|-damage|p1a: Victini|67\/100|[from] ability: Rough Skin|[of] p2a: Hurtcore\n|\n|upkeep\n|turn|7\n|\n|t:|1700925885\n|switch|p1a: Gliscor|Gliscor, F|100\/100\n|move|p2a: Hurtcore|Swords Dance|p2a: Hurtcore\n|-boost|p2a: Hurtcore|atk|2\n|\n|-status|p1a: Gliscor|tox|[from] item: Toxic Orb\n|upkeep\n|turn|8\n|\n|t:|1700925895\n|-terastallize|p1a: Gliscor|Fairy\n|move|p1a: Gliscor|U-turn|p2a: Hurtcore\n|-damage|p2a: Hurtcore|50\/100\n|-damage|p1a: Gliscor|88\/100 tox|[from] ability: Rough Skin|[of] p2a: Hurtcore\n|\n|t:|1700925904\n|switch|p1a: Alomomola|Alomomola, F|100\/100|[from] U-turn\n|-activate|p1a: Alomomola|move: Sticky Web\n|-unboost|p1a: Alomomola|spe|1\n|move|p2a: Hurtcore|Scale Shot|p1a: Alomomola\n|-damage|p1a: Alomomola|88\/100\n|-damage|p1a: Alomomola|75\/100\n|-damage|p1a: Alomomola|63\/100\n|-damage|p1a: Alomomola|50\/100\n|-crit|p1a: Alomomola\n|-damage|p1a: Alomomola|29\/100\n|-hitcount|p1a: Alomomola|5\n|-unboost|p2a: Hurtcore|def|1\n|-boost|p2a: Hurtcore|spe|1\n|\n|upkeep\n|turn|9\n|\n|t:|1700925914\n|switch|p1a: Gliscor|Gliscor, F, tera:Fairy|88\/100 tox\n|-activate|p1a: Gliscor|move: Sticky Web\n|-unboost|p1a: Gliscor|spe|1\n|move|p2a: Hurtcore|Scale Shot|p1a: Gliscor\n|-immune|p1a: Gliscor\n|\n|-heal|p1a: Gliscor|100\/100 tox|[from] ability: Poison Heal\n|upkeep\n|turn|10\n|\n|t:|1700925925\n|move|p2a: Hurtcore|Earthquake|p1a: Gliscor\n|-damage|p1a: Gliscor|21\/100 tox\n|move|p1a: Gliscor|U-turn|p2a: Hurtcore\n|-damage|p2a: Hurtcore|28\/100\n|-damage|p1a: Gliscor|8\/100 tox|[from] ability: Rough Skin|[of] p2a: Hurtcore\n|\n|t:|1700925931\n|switch|p1a: Ditto|Ditto|100\/100|[from] U-turn\n|-activate|p1a: Ditto|move: Sticky Web\n|-unboost|p1a: Ditto|spe|1\n|-transform|p1a: Ditto|p2a: Hurtcore|[from] ability: Imposter\n|\n|upkeep\n|turn|11\n|\n|t:|1700925944\n|switch|p2a: Frank|Serperior, F|100\/100\n|-activate|p2a: Frank|move: Sticky Web\n|-boost|p2a: Frank|spe|1\n|move|p1a: Ditto|Earthquake|p2a: Frank\n|-resisted|p2a: Frank\n|-damage|p2a: Frank|48\/100\n|\n|-heal|p2a: Frank|54\/100|[from] item: Leftovers\n|upkeep\n|turn|12\n|inactive|gglao2 has 120 seconds left.\n|inactive|gglao2 has 90 seconds left.\n|\n|t:|1700926017\n|switch|p1a: Goodra|Goodra-Hisui, M|65\/100\n|-activate|p1a: Goodra|move: Sticky Web\n|-unboost|p1a: Goodra|spe|1\n|move|p2a: Frank|Leaf Storm|p1a: Goodra\n|-ability|p1a: Goodra|Sap Sipper|boost\n|-boost|p1a: Goodra|atk|1\n|\n|-heal|p2a: Frank|60\/100|[from] item: Leftovers\n|upkeep\n|turn|13\n|\n|t:|1700926034\n|move|p2a: Frank|Glare|p1a: Goodra\n|-status|p1a: Goodra|par\n|move|p1a: Goodra|Flash Cannon|p2a: Frank\n|-damage|p2a: Frank|18\/100\n|\n|-heal|p2a: Frank|24\/100|[from] item: Leftovers\n|upkeep\n|turn|14\n|\n|t:|1700926043\n|move|p2a: Frank|Hidden Power|p1a: Goodra\n|-damage|p1a: Goodra|60\/100 par\n|cant|p1a: Goodra|par\n|\n|-heal|p2a: Frank|30\/100|[from] item: Leftovers\n|upkeep\n|turn|15\n|inactive|gglao2 has 90 seconds left.\n|\n|t:|1700926048\n|switch|p2a: Arimaki|Bisharp, F|100\/100\n|-activate|p2a: Arimaki|move: Sticky Web\n|-unboost|p2a: Arimaki|spe|1\n|-ability|p2a: Arimaki|Defiant|boost\n|-boost|p2a: Arimaki|atk|2\n|move|p1a: Goodra|Draco Meteor|p2a: Arimaki\n|-resisted|p2a: Arimaki\n|-damage|p2a: Arimaki|68\/100\n|-unboost|p1a: Goodra|spa|2\n|\n|upkeep\n|turn|16\n|inactive|gglao2 has 90 seconds left.\n|\n|t:|1700926059\n|switch|p1a: Alomomola|Alomomola, F|62\/100\n|-activate|p1a: Alomomola|move: Sticky Web\n|-unboost|p1a: Alomomola|spe|1\n|move|p2a: Arimaki|Knock Off|p1a: Alomomola\n|-damage|p1a: Alomomola|7\/100\n|-damage|p2a: Arimaki|51\/100|[from] item: Rocky Helmet|[of] p1a: Alomomola\n|-enditem|p1a: Alomomola|Rocky Helmet|[from] move: Knock Off|[of] p2a: Arimaki\n|\n|upkeep\n|turn|17\n|inactive|gglao2 has 90 seconds left.\n|\n|t:|1700926082\n|switch|p1a: Gliscor|Gliscor, F, tera:Fairy|8\/100 tox\n|-activate|p1a: Gliscor|move: Sticky Web\n|-unboost|p1a: Gliscor|spe|1\n|move|p2a: Arimaki|Knock Off|p1a: Gliscor\n|-resisted|p1a: Gliscor\n|-damage|p1a: Gliscor|0 fnt\n|-enditem|p1a: Gliscor|Toxic Orb|[from] move: Knock Off|[of] p2a: Arimaki\n|faint|p1a: Gliscor\n|\n|upkeep\n|\n|t:|1700926090\n|switch|p1a: Zamazenta|Zamazenta|100\/100\n|-activate|p1a: Zamazenta|move: Sticky Web\n|-unboost|p1a: Zamazenta|spe|1\n|-ability|p1a: Zamazenta|Dauntless Shield|boost\n|-boost|p1a: Zamazenta|def|1\n|turn|18\n|\n|t:|1700926099\n|switch|p2a: IXIA|Gardevoir-Mega, F|100\/100\n|-activate|p2a: IXIA|move: Sticky Web\n|-unboost|p2a: IXIA|spe|1\n|move|p1a: Zamazenta|Close Combat|p2a: IXIA\n|-resisted|p2a: IXIA\n|-damage|p2a: IXIA|61\/100\n|-unboost|p1a: Zamazenta|def|1\n|-unboost|p1a: Zamazenta|spd|1\n|\n|upkeep\n|turn|19\n|inactive|gglao2 has 90 seconds left.\n|\n|t:|1700926113\n|switch|p1a: Victini|Victini|67\/100\n|-activate|p1a: Victini|move: Sticky Web\n|-unboost|p1a: Victini|spe|1\n|move|p2a: IXIA|Hyper Voice|p1a: Victini\n|-resisted|p1a: Victini\n|-damage|p1a: Victini|34\/100\n|\n|upkeep\n|turn|20\n|\n|t:|1700926121\n|switch|p2a: dingus|Ditto|100\/100\n|-activate|p2a: dingus|move: Sticky Web\n|-unboost|p2a: dingus|spe|1\n|-transform|p2a: dingus|p1a: Victini|[from] ability: Imposter\n|move|p1a: Victini|V-create|p2a: dingus\n|-resisted|p2a: dingus\n|-damage|p2a: dingus|57\/100\n|-unboost|p1a: Victini|spe|1\n|-unboost|p1a: Victini|def|1\n|-unboost|p1a: Victini|spd|1\n|\n|upkeep\n|turn|21\n|\n|t:|1700926143\n|switch|p1a: Alomomola|Alomomola, F|40\/100\n|-activate|p1a: Alomomola|move: Sticky Web\n|-unboost|p1a: Alomomola|spe|1\n|move|p2a: dingus|V-create|p1a: Alomomola\n|-resisted|p1a: Alomomola\n|-damage|p1a: Alomomola|20\/100\n|-unboost|p2a: dingus|spe|1\n|-unboost|p2a: dingus|def|1\n|-unboost|p2a: dingus|spd|1\n|\n|upkeep\n|turn|22\n|inactive|gglao2 has 90 seconds left.\n|\n|t:|1700926173\n|switch|p1a: Zamazenta|Zamazenta|100\/100\n|-activate|p1a: Zamazenta|move: Sticky Web\n|-unboost|p1a: Zamazenta|spe|1\n|move|p2a: dingus|V-create|p1a: Zamazenta\n|-damage|p1a: Zamazenta|30\/100\n|-unboost|p2a: dingus|spe|1\n|-unboost|p2a: dingus|def|1\n|-unboost|p2a: dingus|spd|1\n|\n|upkeep\n|turn|23\n|\n|t:|1700926191\n|switch|p2a: IXIA|Gardevoir-Mega, F|61\/100\n|-activate|p2a: IXIA|move: Sticky Web\n|-unboost|p2a: IXIA|spe|1\n|move|p1a: Zamazenta|Close Combat|p2a: IXIA\n|-resisted|p2a: IXIA\n|-damage|p2a: IXIA|23\/100\n|-unboost|p1a: Zamazenta|def|1\n|-unboost|p1a: Zamazenta|spd|1\n|\n|upkeep\n|turn|24\n|\n|t:|1700926201\n|switch|p1a: Goodra|Goodra-Hisui, M|60\/100 par\n|-activate|p1a: Goodra|move: Sticky Web\n|-unboost|p1a: Goodra|spe|1\n|move|p2a: IXIA|Hyper Voice|p1a: Goodra\n|-damage|p1a: Goodra|35\/100 par\n|\n|upkeep\n|turn|25\n|\n|t:|1700926218\n|move|p2a: IXIA|Focus Blast|p1a: Goodra\n|-supereffective|p1a: Goodra\n|-damage|p1a: Goodra|0 fnt\n|faint|p1a: Goodra\n|\n|upkeep\n|\n|t:|1700926226\n|switch|p1a: Zamazenta|Zamazenta|30\/100\n|-activate|p1a: Zamazenta|move: Sticky Web\n|-unboost|p1a: Zamazenta|spe|1\n|turn|26\n|\n|t:|1700926242\n|move|p1a: Zamazenta|Close Combat|p2a: IXIA\n|-resisted|p2a: IXIA\n|-damage|p2a: IXIA|0 fnt\n|-unboost|p1a: Zamazenta|def|1\n|-unboost|p1a: Zamazenta|spd|1\n|faint|p2a: IXIA\n|\n|upkeep\n|\n|t:|1700926246\n|switch|p2a: dingus|Ditto|57\/100\n|-activate|p2a: dingus|move: Sticky Web\n|-unboost|p2a: dingus|spe|1\n|-transform|p2a: dingus|p1a: Zamazenta|[from] ability: Imposter\n|-ability|p2a: dingus|Dauntless Shield|boost\n|-boost|p2a: dingus|def|1\n|turn|27\n|\n|t:|1700926255\n|switch|p1a: Alomomola|Alomomola, F|53\/100\n|-activate|p1a: Alomomola|move: Sticky Web\n|-unboost|p1a: Alomomola|spe|1\n|move|p2a: dingus|Close Combat|p1a: Alomomola\n|-damage|p1a: Alomomola|19\/100\n|-unboost|p2a: dingus|def|1\n|-unboost|p2a: dingus|spd|1\n|\n|upkeep\n|turn|28\n|inactive|gglao2 has 90 seconds left.\n|\n|t:|1700926267\n|move|p2a: dingus|Close Combat|p1a: Alomomola\n|-damage|p1a: Alomomola|0 fnt\n|-unboost|p2a: dingus|def|1\n|-unboost|p2a: dingus|spd|1\n|faint|p1a: Alomomola\n|\n|upkeep\n|\n|t:|1700926273\n|switch|p1a: Victini|Victini|34\/100\n|-activate|p1a: Victini|move: Sticky Web\n|-unboost|p1a: Victini|spe|1\n|turn|29\n|\n|t:|1700926293\n|switch|p2a: Arimaki|Bisharp, F|51\/100\n|-activate|p2a: Arimaki|move: Sticky Web\n|-unboost|p2a: Arimaki|spe|1\n|-ability|p2a: Arimaki|Defiant|boost\n|-boost|p2a: Arimaki|atk|2\n|move|p1a: Victini|V-create|p2a: Arimaki\n|-supereffective|p2a: Arimaki\n|-damage|p2a: Arimaki|0 fnt\n|-unboost|p1a: Victini|spe|1\n|-unboost|p1a: Victini|def|1\n|-unboost|p1a: Victini|spd|1\n|faint|p2a: Arimaki\n|\n|upkeep\n|\n|t:|1700926304\n|switch|p2a: dingus|Ditto|57\/100\n|-activate|p2a: dingus|move: Sticky Web\n|-unboost|p2a: dingus|spe|1\n|-transform|p2a: dingus|p1a: Victini|[from] ability: Imposter\n|turn|30\n|inactive|gglao2 has 90 seconds left.\n|\n|t:|1700926327\n|switch|p1a: Ditto|Ditto|100\/100\n|-activate|p1a: Ditto|move: Sticky Web\n|-unboost|p1a: Ditto|spe|1\n|move|p2a: dingus|V-create|p1a: Ditto\n|-damage|p1a: Ditto|9\/100\n|-unboost|p2a: dingus|spe|1\n|-unboost|p2a: dingus|def|1\n|-unboost|p2a: dingus|spd|1\n|\n|upkeep\n|turn|31\n|inactive|gglao2 has 90 seconds left.\n|c|\u2606gglao2|\uff1f\n|\n|t:|1700926356\n|switch|p1a: Victini|Victini|34\/100\n|-activate|p1a: Victini|move: Sticky Web\n|-unboost|p1a: Victini|spe|1\n|move|p2a: dingus|V-create|p1a: Victini\n|-resisted|p1a: Victini\n|-damage|p1a: Victini|0 fnt\n|-unboost|p2a: dingus|spe|1\n|-unboost|p2a: dingus|def|1\n|-unboost|p2a: dingus|spd|1\n|faint|p1a: Victini\n|\n|upkeep\n|\n|t:|1700926362\n|switch|p1a: Zamazenta|Zamazenta|30\/100\n|-activate|p1a: Zamazenta|move: Sticky Web\n|-unboost|p1a: Zamazenta|spe|1\n|turn|32\n|\n|t:|1700926378\n|switch|p2a: Hurtcore|Garchomp, F|28\/100\n|-activate|p2a: Hurtcore|move: Sticky Web\n|-unboost|p2a: Hurtcore|spe|1\n|move|p1a: Zamazenta|Close Combat|p2a: Hurtcore\n|-damage|p2a: Hurtcore|0 fnt\n|-unboost|p1a: Zamazenta|def|1\n|-unboost|p1a: Zamazenta|spd|1\n|-damage|p1a: Zamazenta|18\/100|[from] ability: Rough Skin|[of] p2a: Hurtcore\n|faint|p2a: Hurtcore\n|\n|upkeep\n|\n|t:|1700926386\n|switch|p2a: dingus|Ditto|57\/100\n|-activate|p2a: dingus|move: Sticky Web\n|-unboost|p2a: dingus|spe|1\n|-transform|p2a: dingus|p1a: Zamazenta|[from] ability: Imposter\n|turn|33\n|\n|t:|1700926392\n|move|p2a: dingus|Close Combat|p1a: Zamazenta\n|-damage|p1a: Zamazenta|0 fnt\n|-unboost|p2a: dingus|def|1\n|-unboost|p2a: dingus|spd|1\n|faint|p1a: Zamazenta\n|\n|upkeep\n|c|\u2606ndsnez dingus|gg\n|c|\u2606gglao2|\u795d\u4f60\u597d\u8fd0\n|inactive|gglao2 has 90 seconds left.\n|-message|gglao2 forfeited.\n|\n|win|ndsnez dingus\n|raw|gglao2's rating: 1471 &rarr; <strong>1451<\/strong><br \/>(-20 for losing)\n|raw|ndsnez dingus's rating: 1467 &rarr; <strong>1487<\/strong><br \/>(+20 for winning)\n|l|\u2606gglao2\n|c|\u2606ndsnez dingus|what\n","uploadtime":1700926465,"views":0,"p1id":"gglao2","p2id":"ndsnezdingus","formatid":"gen9nationaldex","rating":1451,"private":0,"password":""}