{"id":"gen9nationaldex-1998859829","p1":"Lei Rouanet","p2":"Clayllll","format":"[Gen 9] National Dex","log":"|html|<div class=\"broadcast-blue\"><strong>[Gen 9] National Dex is currently suspecting Sneasler! For information on how to participate check out the <a href=\"https:\/\/www.smogon.com\/forums\/threads\/sv-national-dex-suspect-8-just-dance.3731534\/\">suspect thread<\/a>.<\/strong><\/div>\n|j|\u2606Lei Rouanet\n|j|\u2606Clayllll\n|t:|1701004545\n|gametype|singles\n|player|p1|Lei Rouanet|teamrocket|\n|player|p2|Clayllll|flannery|\n|teamsize|p1|6\n|teamsize|p2|6\n|gen|9\n|tier|[Gen 9] National Dex\n|rule|HP Percentage Mod: HP is shown in percentages\n|rule|Endless Battle Clause: Forcing endless battles is banned\n|rule|OHKO Clause: OHKO moves are banned\n|rule|Evasion Clause: Evasion abilities, items, and moves are banned\n|rule|Evasion Abilities Clause: Evasion abilities are banned\n|rule|Evasion Items Clause: Evasion items are banned\n|rule|Evasion Moves Clause: Evasion moves are banned\n|rule|Species Clause: Limit one of each Pok\u00e9mon\n|rule|Sleep Clause Mod: Limit one foe put to sleep\n|clearpoke\n|poke|p1|Rotom-Heat|\n|poke|p1|Infernape, F|\n|poke|p1|Monferno, M|\n|poke|p1|Emboar, F|\n|poke|p1|Talonflame, M|\n|poke|p1|Armarouge, F|\n|poke|p2|Torkoal, F|\n|poke|p2|Salazzle, F|\n|poke|p2|Arcanine, F|\n|poke|p2|Volcarona, F|\n|poke|p2|Coalossal, M|\n|poke|p2|Marowak-Alola, F|\n|teampreview\n|\n|t:|1701004562\n|start\n|switch|p1a: Monferno|Monferno, M|100\/100\n|switch|p2a: Gwen|Salazzle, F, shiny|100\/100\n|turn|1\n|\n|t:|1701004574\n|move|p2a: Gwen|Toxic Spikes|p1a: Monferno\n|-sidestart|p1: Lei Rouanet|move: Toxic Spikes\n|move|p1a: Monferno|Rock Tomb|p2a: Gwen\n|-supereffective|p2a: Gwen\n|-damage|p2a: Gwen|53\/100\n|-unboost|p2a: Gwen|spe|1\n|\n|-heal|p2a: Gwen|59\/100|[from] item: Black Sludge\n|upkeep\n|turn|2\n|\n|t:|1701004589\n|move|p1a: Monferno|Stealth Rock|p2a: Gwen\n|-sidestart|p2: Clayllll|move: Stealth Rock\n|move|p2a: Gwen|Substitute|p2a: Gwen\n|-start|p2a: Gwen|Substitute\n|-damage|p2a: Gwen|35\/100\n|\n|-heal|p2a: Gwen|41\/100|[from] item: Black Sludge\n|upkeep\n|turn|3\n|\n|t:|1701004600\n|move|p1a: Monferno|Rock Tomb|p2a: Gwen\n|-supereffective|p2a: Gwen\n|-end|p2a: Gwen|Substitute\n|move|p2a: Gwen|Toxic|p1a: Monferno\n|-status|p1a: Monferno|tox\n|\n|-heal|p2a: Gwen|47\/100|[from] item: Black Sludge\n|-damage|p1a: Monferno|95\/100 tox|[from] psn\n|upkeep\n|turn|4\n|\n|t:|1701004615\n|switch|p2a: Fogueira santa|Coalossal, M, shiny|100\/100\n|-damage|p2a: Fogueira santa|75\/100|[from] Stealth Rock\n|move|p1a: Monferno|Rock Tomb|p2a: Fogueira santa\n|-supereffective|p2a: Fogueira santa\n|-damage|p2a: Fogueira santa|55\/100\n|-unboost|p2a: Fogueira santa|spe|1\n|\n|-heal|p2a: Fogueira santa|61\/100|[from] item: Leftovers\n|-damage|p1a: Monferno|83\/100 tox|[from] psn\n|upkeep\n|turn|5\n|\n|t:|1701004631\n|move|p1a: Monferno|U-turn|p2a: Fogueira santa\n|-resisted|p2a: Fogueira santa\n|-damage|p2a: Fogueira santa|55\/100\n|\n|t:|1701004640\n|switch|p1a: Rotom|Rotom-Heat|100\/100|[from] U-turn\n|move|p2a: Fogueira santa|Stealth Rock|p1a: Rotom\n|-sidestart|p1: Lei Rouanet|move: Stealth Rock\n|\n|-heal|p2a: Fogueira santa|62\/100|[from] item: Leftovers\n|upkeep\n|turn|6\n|\n|t:|1701004659\n|move|p1a: Rotom|Hidden Power|p2a: Fogueira santa\n|-supereffective|p2a: Fogueira santa\n|-damage|p2a: Fogueira santa|0 fnt\n|faint|p2a: Fogueira santa\n|\n|upkeep\n|\n|t:|1701004667\n|switch|p2a: Gwen|Salazzle, F, shiny|47\/100\n|-damage|p2a: Gwen|22\/100|[from] Stealth Rock\n|turn|7\n|\n|t:|1701004676\n|move|p2a: Gwen|Toxic|p1a: Rotom\n|-status|p1a: Rotom|tox\n|move|p1a: Rotom|Volt Switch|p2a: Gwen\n|-damage|p2a: Gwen|0 fnt\n|faint|p2a: Gwen\n|\n|t:|1701004686\n|switch|p1a: Talonflame|Talonflame, M|100\/100|[from] Volt Switch\n|\n|upkeep\n|\n|t:|1701004694\n|switch|p2a: Febre|Arcanine, F, shiny|100\/100\n|-damage|p2a: Febre|76\/100|[from] Stealth Rock\n|-ability|p2a: Febre|Intimidate|boost\n|-unboost|p1a: Talonflame|atk|1\n|turn|8\n|\n|t:|1701004703\n|move|p2a: Febre|Extreme Speed|p1a: Talonflame\n|-damage|p1a: Talonflame|66\/100\n|move|p1a: Talonflame|Defog|p2a: Febre\n|-unboost|p2a: Febre|evasion|1\n|-sideend|p2: Clayllll|Stealth Rock|[from] move: Defog|[of] p1a: Talonflame\n|-sideend|p1: Lei Rouanet|Toxic Spikes|[from] move: Defog|[of] p1a: Talonflame\n|-sideend|p1: Lei Rouanet|Stealth Rock|[from] move: Defog|[of] p1a: Talonflame\n|\n|upkeep\n|turn|9\n|\n|t:|1701004714\n|move|p2a: Febre|Extreme Speed|p1a: Talonflame\n|-damage|p1a: Talonflame|31\/100\n|move|p1a: Talonflame|Hidden Power|p2a: Febre\n|-supereffective|p2a: Febre\n|-damage|p2a: Febre|31\/100\n|-enditem|p2a: Febre|Weakness Policy\n|-boost|p2a: Febre|atk|2|[from] item: Weakness Policy\n|-boost|p2a: Febre|spa|2|[from] item: Weakness Policy\n|\n|upkeep\n|turn|10\n|\n|t:|1701004723\n|move|p2a: Febre|Extreme Speed|p1a: Talonflame\n|-damage|p1a: Talonflame|0 fnt\n|faint|p1a: Talonflame\n|\n|upkeep\n|\n|t:|1701004737\n|switch|p1a: Monferno|Monferno, M|83\/100 tox\n|turn|11\n|\n|t:|1701004750\n|move|p2a: Febre|Heat Crash|p1a: Monferno\n|-resisted|p1a: Monferno\n|-damage|p1a: Monferno|0 fnt\n|faint|p1a: Monferno\n|\n|upkeep\n|\n|t:|1701004761\n|switch|p1a: Emboar|Emboar, F|100\/100\n|-item|p1a: Emboar|Air Balloon\n|turn|12\n|\n|t:|1701004767\n|move|p1a: Emboar|Sucker Punch|p2a: Febre\n|-damage|p2a: Febre|3\/100\n|move|p2a: Febre|Heat Crash|p1a: Emboar\n|-resisted|p1a: Emboar\n|-damage|p1a: Emboar|77\/100\n|-enditem|p1a: Emboar|Air Balloon\n|\n|upkeep\n|turn|13\n|\n|t:|1701004777\n|move|p2a: Febre|Morning Sun|p2a: Febre\n|-heal|p2a: Febre|53\/100\n|move|p1a: Emboar|Flame Charge|p2a: Febre\n|-resisted|p2a: Febre\n|-damage|p2a: Febre|37\/100\n|-boost|p1a: Emboar|spe|1\n|\n|upkeep\n|turn|14\n|\n|t:|1701004785\n|move|p1a: Emboar|Earthquake|p2a: Febre\n|-supereffective|p2a: Febre\n|-damage|p2a: Febre|0 fnt\n|faint|p2a: Febre\n|\n|upkeep\n|\n|t:|1701004792\n|switch|p2a: Brisadin|Torkoal, F, shiny|100\/100\n|-weather|SunnyDay|[from] ability: Drought|[of] p2a: Brisadin\n|turn|15\n|\n|t:|1701004799\n|move|p1a: Emboar|Head Smash|p2a: Brisadin|[miss]\n|-miss|p1a: Emboar|p2a: Brisadin\n|move|p2a: Brisadin|Clear Smog|p1a: Emboar\n|-damage|p1a: Emboar|60\/100\n|-clearboost|p1a: Emboar\n|\n|-weather|SunnyDay|[upkeep]\n|upkeep\n|turn|16\n|\n|t:|1701004814\n|move|p1a: Emboar|Head Smash|p2a: Brisadin\n|-supereffective|p2a: Brisadin\n|-damage|p2a: Brisadin|13\/100\n|-damage|p1a: Emboar|18\/100|[from] Recoil\n|move|p2a: Brisadin|Body Press|p1a: Emboar\n|-damage|p1a: Emboar|0 fnt\n|faint|p1a: Emboar\n|\n|-weather|SunnyDay|[upkeep]\n|upkeep\n|\n|t:|1701004826\n|switch|p1a: Armarouge|Armarouge, F|100\/100\n|turn|17\n|\n|t:|1701004836\n|move|p1a: Armarouge|Calm Mind|p1a: Armarouge\n|-boost|p1a: Armarouge|spa|1\n|-boost|p1a: Armarouge|spd|1\n|move|p2a: Brisadin|Lava Plume|p1a: Armarouge\n|-resisted|p1a: Armarouge\n|-damage|p1a: Armarouge|82\/100\n|\n|-weather|SunnyDay|[upkeep]\n|-heal|p1a: Armarouge|88\/100|[from] item: Leftovers\n|upkeep\n|turn|18\n|\n|t:|1701004849\n|move|p1a: Armarouge|Stored Power|p2a: Brisadin\n|-damage|p2a: Brisadin|0 fnt\n|faint|p2a: Brisadin\n|\n|-weather|SunnyDay|[upkeep]\n|-heal|p1a: Armarouge|94\/100|[from] item: Leftovers\n|upkeep\n|\n|t:|1701004859\n|switch|p2a: Marowak|Marowak-Alola, F, shiny|100\/100\n|turn|19\n|\n|t:|1701004867\n|-terastallize|p1a: Armarouge|Fire\n|move|p2a: Marowak|Flame Charge|p1a: Armarouge\n|-resisted|p1a: Armarouge\n|-damage|p1a: Armarouge|77\/100\n|-boost|p2a: Marowak|spe|1\n|-ability|p1a: Armarouge|Weak Armor|boost\n|-unboost|p1a: Armarouge|def|1\n|-boost|p1a: Armarouge|spe|2\n|move|p1a: Armarouge|Iron Defense|p1a: Armarouge\n|-boost|p1a: Armarouge|def|2\n|\n|-weather|SunnyDay|[upkeep]\n|-heal|p1a: Armarouge|83\/100|[from] item: Leftovers\n|upkeep\n|turn|20\n|\n|t:|1701004883\n|move|p1a: Armarouge|Stored Power|p2a: Marowak\n|-damage|p2a: Marowak|0 fnt\n|faint|p2a: Marowak\n|\n|-weather|SunnyDay|[upkeep]\n|-heal|p1a: Armarouge|89\/100|[from] item: Leftovers\n|upkeep\n|\n|t:|1701004891\n|switch|p2a: Yane fil\u00e9|Volcarona, F, shiny|100\/100\n|turn|21\n|\n|t:|1701004896\n|move|p1a: Armarouge|Stored Power|p2a: Yane fil\u00e9\n|-damage|p2a: Yane fil\u00e9|16\/100\n|move|p2a: Yane fil\u00e9|Quiver Dance|p2a: Yane fil\u00e9\n|-boost|p2a: Yane fil\u00e9|spa|1\n|-boost|p2a: Yane fil\u00e9|spd|1\n|-boost|p2a: Yane fil\u00e9|spe|1\n|\n|-weather|SunnyDay|[upkeep]\n|-heal|p1a: Armarouge|95\/100|[from] item: Leftovers\n|upkeep\n|turn|22\n|\n|t:|1701004907\n|move|p2a: Yane fil\u00e9|Air Slash|p1a: Armarouge\n|-damage|p1a: Armarouge|65\/100\n|move|p1a: Armarouge|Stored Power|p2a: Yane fil\u00e9\n|-damage|p2a: Yane fil\u00e9|0 fnt\n|faint|p2a: Yane fil\u00e9\n|\n|win|Lei Rouanet\n","uploadtime":1701004914,"views":18,"p1id":"leirouanet","p2id":"clayllll","formatid":"gen9nationaldex","rating":0,"private":0,"password":""}