{"id":"gen9nationaldex-1992312970","p1":"Monoman54","p2":"Garry97","format":"[Gen 9] National Dex","log":"|j|\u2606Monoman54\n|j|\u203dGarry97\n|t:|1700173620\n|gametype|singles\n|player|p1|Monoman54|169|1395\n|player|p2|Garry97|eri|1470\n|teamsize|p1|6\n|teamsize|p2|6\n|gen|9\n|tier|[Gen 9] National Dex\n|rated|\n|rule|HP Percentage Mod: HP is shown in percentages\n|rule|Endless Battle Clause: Forcing endless battles is banned\n|rule|OHKO Clause: OHKO moves are banned\n|rule|Evasion Clause: Evasion abilities, items, and moves are banned\n|rule|Evasion Abilities Clause: Evasion abilities are banned\n|rule|Evasion Items Clause: Evasion items are banned\n|rule|Evasion Moves Clause: Evasion moves are banned\n|rule|Species Clause: Limit one of each Pok\u00e9mon\n|rule|Sleep Clause Mod: Limit one foe put to sleep\n|clearpoke\n|poke|p1|Samurott-Hisui, F|\n|poke|p1|Dragonite, M|\n|poke|p1|Rotom-Wash|\n|poke|p1|Scizor, F|\n|poke|p1|Gliscor, M|\n|poke|p1|Volcarona, F|\n|poke|p2|Bewear, M|\n|poke|p2|Hariyama, M|\n|poke|p2|Kommo-o, M|\n|poke|p2|Gallade, M|\n|poke|p2|Lucario, M|\n|poke|p2|Blaziken, M|\n|teampreview\n|inactive|Battle timer is ON: inactive players will automatically lose when time's up. (requested by Monoman54)\n|\n|t:|1700173652\n|start\n|switch|p1a: Samurott|Samurott-Hisui, F|100\/100\n|switch|p2a: Kommo-o|Kommo-o, M|100\/100\n|turn|1\n|\n|t:|1700173659\n|-zpower|p2a: Kommo-o\n|move|p2a: Kommo-o|Clangorous Soulblaze|p1a: Samurott|[zeffect]\n|-enditem|p1a: Samurott|Focus Sash\n|-damage|p1a: Samurott|1\/100\n|-boost|p2a: Kommo-o|atk|1\n|-boost|p2a: Kommo-o|def|1\n|-boost|p2a: Kommo-o|spa|1\n|-boost|p2a: Kommo-o|spd|1\n|-boost|p2a: Kommo-o|spe|1\n|move|p1a: Samurott|Ceaseless Edge|p2a: Kommo-o\n|-resisted|p2a: Kommo-o\n|-damage|p2a: Kommo-o|85\/100\n|-sidestart|p2: Garry97|Spikes\n|\n|upkeep\n|turn|2\n|\n|t:|1700173675\n|move|p2a: Kommo-o|Aura Sphere|p1a: Samurott\n|-supereffective|p1a: Samurott\n|-damage|p1a: Samurott|0 fnt\n|faint|p1a: Samurott\n|\n|upkeep\n|\n|t:|1700173687\n|switch|p1a: Gliscor|Gliscor, M|100\/100\n|turn|3\n|\n|t:|1700173691\n|move|p2a: Kommo-o|Clanging Scales|p1a: Gliscor\n|-damage|p1a: Gliscor|0 fnt\n|faint|p1a: Gliscor\n|-unboost|p2a: Kommo-o|def|1\n|\n|upkeep\n|\n|t:|1700173696\n|switch|p1a: Scizor|Scizor, F|100\/100\n|turn|4\n|\n|t:|1700173700\n|move|p1a: Scizor|Bullet Punch|p2a: Kommo-o\n|-damage|p2a: Kommo-o|39\/100\n|move|p2a: Kommo-o|Flamethrower|p1a: Scizor\n|-supereffective|p1a: Scizor\n|-damage|p1a: Scizor|0 fnt\n|faint|p1a: Scizor\n|\n|upkeep\n|\n|t:|1700173702\n|switch|p1a: Dragonite|Dragonite, M|100\/100\n|turn|5\n|\n|t:|1700173711\n|move|p1a: Dragonite|Extreme Speed|p2a: Kommo-o\n|-damage|p2a: Kommo-o|11\/100\n|move|p2a: Kommo-o|Clanging Scales|p1a: Dragonite\n|-supereffective|p1a: Dragonite\n|-damage|p1a: Dragonite|20\/100\n|-unboost|p2a: Kommo-o|def|1\n|\n|upkeep\n|turn|6\n|\n|t:|1700173722\n|switch|p2a: Bewear|Bewear, M|100\/100\n|-damage|p2a: Bewear|88\/100|[from] Spikes\n|move|p1a: Dragonite|Extreme Speed|p2a: Bewear\n|-damage|p2a: Bewear|78\/100\n|-damage|p1a: Dragonite|3\/100|[from] item: Rocky Helmet|[of] p2a: Bewear\n|\n|upkeep\n|turn|7\n|\n|t:|1700173731\n|move|p1a: Dragonite|Extreme Speed|p2a: Bewear\n|-damage|p2a: Bewear|68\/100\n|-damage|p1a: Dragonite|0 fnt|[from] item: Rocky Helmet|[of] p2a: Bewear\n|faint|p1a: Dragonite\n|move|p2a: Bewear|Toxic|p1: Dragonite|[notarget]\n|-fail|p2a: Bewear\n|\n|upkeep\n|\n|t:|1700173734\n|switch|p1a: Volcarona|Volcarona, F|100\/100\n|turn|8\n|\n|t:|1700173744\n|move|p1a: Volcarona|Quiver Dance|p1a: Volcarona\n|-boost|p1a: Volcarona|spa|1\n|-boost|p1a: Volcarona|spd|1\n|-boost|p1a: Volcarona|spe|1\n|move|p2a: Bewear|Toxic|p1a: Volcarona\n|-status|p1a: Volcarona|tox\n|\n|-damage|p1a: Volcarona|94\/100 tox|[from] psn\n|upkeep\n|turn|9\n|\n|t:|1700173757\n|switch|p2a: Kommo-o|Kommo-o, M|11\/100\n|-damage|p2a: Kommo-o|0 fnt|[from] Spikes\n|faint|p2a: Kommo-o\n|move|p1a: Volcarona|Flamethrower|p2: Kommo-o|[notarget]\n|-fail|p1a: Volcarona\n|\n|-damage|p1a: Volcarona|82\/100 tox|[from] psn\n|upkeep\n|\n|t:|1700173767\n|switch|p2a: Hariyama|Hariyama, M, shiny|100\/100\n|-damage|p2a: Hariyama|88\/100|[from] Spikes\n|turn|10\n|\n|t:|1700173772\n|move|p1a: Volcarona|Flamethrower|p2a: Hariyama\n|-damage|p2a: Hariyama|68\/100\n|move|p2a: Hariyama|Stone Edge|p1a: Volcarona\n|-supereffective|p1a: Volcarona\n|-damage|p1a: Volcarona|0 fnt\n|faint|p1a: Volcarona\n|\n|upkeep\n|\n|t:|1700173774\n|switch|p1a: Rotom|Rotom-Wash|100\/100\n|turn|11\n|\n|t:|1700173783\n|move|p1a: Rotom|Thunder Wave|p2a: Hariyama|[miss]\n|-miss|p1a: Rotom|p2a: Hariyama\n|move|p2a: Hariyama|Knock Off|p1a: Rotom\n|-damage|p1a: Rotom|61\/100\n|-enditem|p1a: Rotom|Leftovers|[from] move: Knock Off|[of] p2a: Hariyama\n|\n|upkeep\n|turn|12\n|\n|t:|1700173791\n|move|p1a: Rotom|Hydro Pump|p2a: Hariyama\n|-damage|p2a: Hariyama|38\/100\n|move|p2a: Hariyama|Close Combat|p1a: Rotom\n|-damage|p1a: Rotom|0 fnt\n|-unboost|p2a: Hariyama|def|1\n|-unboost|p2a: Hariyama|spd|1\n|faint|p1a: Rotom\n|\n|win|Garry97\n|raw|Monoman54's rating: 1395 &rarr; <strong>1379<\/strong><br \/>(-16 for losing)\n|raw|Garry97's rating: 1470 &rarr; <strong>1486<\/strong><br \/>(+16 for winning)\n|l|\u2606Monoman54\n","uploadtime":1700173807,"views":19,"p1id":"monoman54","p2id":"garry97","formatid":"gen9nationaldex","rating":1379,"private":0,"password":""}