{"id":"gen9nationaldex-1988862676","p1":"Infinityn't","p2":"xiezhouqun","format":"[Gen 9] National Dex","log":"|j|\u2606Infinityn't\n|j|\u2606xiezhouqun\n|t:|1699776148\n|gametype|singles\n|player|p1|Infinityn't|veteran|1122\n|player|p2|xiezhouqun|fisherman-gen4|1131\n|teamsize|p1|6\n|teamsize|p2|6\n|gen|9\n|tier|[Gen 9] National Dex\n|rated|\n|rule|HP Percentage Mod: HP is shown in percentages\n|rule|Endless Battle Clause: Forcing endless battles is banned\n|rule|OHKO Clause: OHKO moves are banned\n|rule|Evasion Clause: Evasion abilities, items, and moves are banned\n|rule|Evasion Abilities Clause: Evasion abilities are banned\n|rule|Evasion Items Clause: Evasion items are banned\n|rule|Evasion Moves Clause: Evasion moves are banned\n|rule|Species Clause: Limit one of each Pok\u00e9mon\n|rule|Sleep Clause Mod: Limit one foe put to sleep\n|clearpoke\n|poke|p1|Charizard, F|\n|poke|p1|Blacephalon|\n|poke|p1|Great Tusk|\n|poke|p1|Lilligant-Hisui, F|\n|poke|p1|Victini|\n|poke|p1|Torkoal, F|\n|poke|p2|Serperior, F|\n|poke|p2|Rillaboom, M|\n|poke|p2|Charizard, F|\n|poke|p2|Glimmora, M|\n|poke|p2|Landorus-Therian, M|\n|poke|p2|Aegislash, F|\n|teampreview\n|inactive|Battle timer is ON: inactive players will automatically lose when time's up. (requested by Infinityn't)\n|\n|t:|1699776175\n|start\n|switch|p1a: Torkoal|Torkoal, F|100\/100\n|switch|p2a: Glimmora|Glimmora, M|100\/100\n|-weather|SunnyDay|[from] ability: Drought|[of] p1a: Torkoal\n|turn|1\n|\n|t:|1699776188\n|move|p2a: Glimmora|Stealth Rock|p1a: Torkoal\n|-sidestart|p1: Infinityn't|move: Stealth Rock\n|move|p1a: Torkoal|Earth Power|p2a: Glimmora\n|-supereffective|p2a: Glimmora\n|-enditem|p2a: Glimmora|Focus Sash\n|-damage|p2a: Glimmora|1\/100\n|\n|-weather|SunnyDay|[upkeep]\n|upkeep\n|turn|2\n|\n|t:|1699776201\n|move|p2a: Glimmora|Earth Power|p1a: Torkoal\n|-supereffective|p1a: Torkoal\n|-damage|p1a: Torkoal|30\/100\n|move|p1a: Torkoal|Stealth Rock|p2a: Glimmora\n|-sidestart|p2: xiezhouqun|move: Stealth Rock\n|\n|-weather|SunnyDay|[upkeep]\n|-heal|p1a: Torkoal|36\/100|[from] item: Leftovers\n|upkeep\n|turn|3\n|\n|t:|1699776211\n|move|p2a: Glimmora|Power Gem|p1a: Torkoal\n|-supereffective|p1a: Torkoal\n|-damage|p1a: Torkoal|0 fnt\n|faint|p1a: Torkoal\n|\n|-weather|SunnyDay|[upkeep]\n|upkeep\n|\n|t:|1699776215\n|switch|p1a: The Better Paradox|Great Tusk|100\/100\n|-damage|p1a: The Better Paradox|98\/100|[from] Stealth Rock\n|-activate|p1a: The Better Paradox|ability: Protosynthesis\n|-start|p1a: The Better Paradox|protosynthesisatk\n|turn|4\n|\n|t:|1699776226\n|move|p1a: The Better Paradox|Rapid Spin|p2a: Glimmora\n|-resisted|p2a: Glimmora\n|-damage|p2a: Glimmora|0 fnt\n|-boost|p1a: The Better Paradox|spe|1\n|-activate|p2a: Glimmora|ability: Toxic Debris\n|-sidestart|p1: Infinityn't|move: Toxic Spikes\n|-sideend|p1: Infinityn't|Toxic Spikes|[from] move: Rapid Spin|[of] p1a: The Better Paradox\n|-sideend|p1: Infinityn't|Stealth Rock|[from] move: Rapid Spin|[of] p1a: The Better Paradox\n|faint|p2a: Glimmora\n|\n|-weather|SunnyDay|[upkeep]\n|-heal|p1a: The Better Paradox|100\/100|[from] item: Leftovers\n|upkeep\n|\n|t:|1699776243\n|switch|p2a: Rillaboom|Rillaboom, M|100\/100\n|-damage|p2a: Rillaboom|88\/100|[from] Stealth Rock\n|-fieldstart|move: Grassy Terrain|[from] ability: Grassy Surge|[of] p2a: Rillaboom\n|turn|5\n|\n|t:|1699776250\n|move|p1a: The Better Paradox|Ice Spinner|p2a: Rillaboom\n|-supereffective|p2a: Rillaboom\n|-damage|p2a: Rillaboom|17\/100\n|-fieldend|move: Grassy Terrain\n|move|p2a: Rillaboom|Swords Dance|p2a: Rillaboom\n|-boost|p2a: Rillaboom|atk|2\n|\n|-weather|none\n|-end|p1a: The Better Paradox|Protosynthesis\n|-heal|p2a: Rillaboom|23\/100|[from] item: Leftovers\n|upkeep\n|turn|6\n|\n|t:|1699776261\n|move|p1a: The Better Paradox|Ice Spinner|p2a: Rillaboom\n|-supereffective|p2a: Rillaboom\n|-damage|p2a: Rillaboom|0 fnt\n|faint|p2a: Rillaboom\n|\n|upkeep\n|inactive|xiezhouqun has 120 seconds left.\n|\n|t:|1699776287\n|switch|p2a: Charizard|Charizard, F|100\/100\n|-damage|p2a: Charizard|50\/100|[from] Stealth Rock\n|turn|7\n|inactive|xiezhouqun has 120 seconds left.\n|\n|t:|1699776295\n|detailschange|p2a: Charizard|Charizard-Mega-Y, F\n|-mega|p2a: Charizard|Charizard|Charizardite Y\n|-weather|SunnyDay|[from] ability: Drought|[of] p2a: Charizard\n|-activate|p1a: The Better Paradox|ability: Protosynthesis\n|-start|p1a: The Better Paradox|protosynthesisspe\n|move|p1a: The Better Paradox|Ice Spinner|p2a: Charizard\n|-damage|p2a: Charizard|14\/100\n|move|p2a: Charizard|Air Slash|p1a: The Better Paradox\n|-supereffective|p1a: The Better Paradox\n|-crit|p1a: The Better Paradox\n|-damage|p1a: The Better Paradox|0 fnt\n|faint|p1a: The Better Paradox\n|-end|p1a: The Better Paradox|Protosynthesis|[silent]\n|\n|-weather|SunnyDay|[upkeep]\n|upkeep\n|\n|t:|1699776312\n|switch|p1a: Blacephalon|Blacephalon, shiny|100\/100\n|turn|8\n|\n|t:|1699776319\n|move|p1a: Blacephalon|Dark Pulse|p2a: Charizard\n|-damage|p2a: Charizard|0 fnt\n|faint|p2a: Charizard\n|-ability|p1a: Blacephalon|Beast Boost|boost\n|-boost|p1a: Blacephalon|spa|1\n|\n|-weather|SunnyDay|[upkeep]\n|upkeep\n|\n|t:|1699776331\n|switch|p2a: Landorus|Landorus-Therian, M|100\/100\n|-damage|p2a: Landorus|88\/100|[from] Stealth Rock\n|-ability|p2a: Landorus|Intimidate|boost\n|-unboost|p1a: Blacephalon|atk|1\n|turn|9\n|\n|t:|1699776339\n|move|p1a: Blacephalon|Dark Pulse|p2a: Landorus\n|-damage|p2a: Landorus|0 fnt\n|faint|p2a: Landorus\n|-ability|p1a: Blacephalon|Beast Boost|boost\n|-boost|p1a: Blacephalon|spa|1\n|\n|-weather|SunnyDay|[upkeep]\n|upkeep\n|\n|t:|1699776348\n|switch|p2a: Serperior|Serperior, F|100\/100\n|-damage|p2a: Serperior|88\/100|[from] Stealth Rock\n|turn|10\n|\n|t:|1699776355\n|switch|p2a: Aegislash|Aegislash, F|100\/100\n|-damage|p2a: Aegislash|94\/100|[from] Stealth Rock\n|move|p1a: Blacephalon|Dark Pulse|p2a: Aegislash\n|-supereffective|p2a: Aegislash\n|-damage|p2a: Aegislash|0 fnt\n|faint|p2a: Aegislash\n|-ability|p1a: Blacephalon|Beast Boost|boost\n|-boost|p1a: Blacephalon|spa|1\n|\n|-weather|SunnyDay|[upkeep]\n|upkeep\n|-message|xiezhouqun forfeited.\n|\n|win|Infinityn't\n|raw|Infinityn&apos;t's rating: 1122 &rarr; <strong>1148<\/strong><br \/>(+26 for winning)\n|raw|xiezhouqun's rating: 1131 &rarr; <strong>1105<\/strong><br \/>(-26 for losing)\n|l|\u2606xiezhouqun\n","uploadtime":1699776371,"views":13,"p1id":"infinitynt","p2id":"xiezhouqun","formatid":"gen9nationaldex","rating":1105,"private":0,"password":""}