{"id":"gen9nationaldex-1996777257","p1":"Gellygreen","p2":"Krysta11","format":"[Gen 9] National Dex","log":"|html|<div class=\"broadcast-blue\"><strong>[Gen 9] National Dex is currently suspecting Sneasler! For information on how to participate check out the <a href=\"https:\/\/www.smogon.com\/forums\/threads\/sv-national-dex-suspect-8-just-dance.3731534\/\">suspect thread<\/a>.<\/strong><\/div>\n|j|\u2606Gellygreen\n|j|\u2606Krysta11\n|t:|1700723594\n|gametype|singles\n|player|p1|Gellygreen|cynthia-gen4|1183\n|player|p2|Krysta11|bellelba|1333\n|teamsize|p1|6\n|teamsize|p2|6\n|gen|9\n|tier|[Gen 9] National Dex\n|rated|\n|rule|HP Percentage Mod: HP is shown in percentages\n|rule|Endless Battle Clause: Forcing endless battles is banned\n|rule|OHKO Clause: OHKO moves are banned\n|rule|Evasion Clause: Evasion abilities, items, and moves are banned\n|rule|Evasion Abilities Clause: Evasion abilities are banned\n|rule|Evasion Items Clause: Evasion items are banned\n|rule|Evasion Moves Clause: Evasion moves are banned\n|rule|Species Clause: Limit one of each Pok\u00e9mon\n|rule|Sleep Clause Mod: Limit one foe put to sleep\n|clearpoke\n|poke|p1|Lopunny, F|\n|poke|p1|Toxapex, F|\n|poke|p1|Corsola-Galar, F|\n|poke|p1|Volcarona, F|\n|poke|p1|Tapu Lele|\n|poke|p1|Great Tusk|\n|poke|p2|Pikachu, F|\n|poke|p2|Krookodile, M|\n|poke|p2|Ferrothorn, F|\n|poke|p2|Venusaur, F|\n|poke|p2|Heatran, M|\n|poke|p2|Torkoal, M|\n|teampreview\n|inactive|Battle timer is ON: inactive players will automatically lose when time's up. (requested by Krysta11)\n|\n|t:|1700723604\n|start\n|switch|p1a: limp bizkit|Corsola-Galar, F, shiny|100\/100\n|switch|p2a: Ferrothorn|Ferrothorn, F|100\/100\n|turn|1\n|\n|t:|1700723610\n|move|p1a: limp bizkit|Stealth Rock|p2a: Ferrothorn\n|-sidestart|p2: Krysta11|move: Stealth Rock\n|move|p2a: Ferrothorn|Stealth Rock|p1a: limp bizkit\n|-sidestart|p1: Gellygreen|move: Stealth Rock\n|\n|upkeep\n|turn|2\n|\n|t:|1700723615\n|move|p1a: limp bizkit|Night Shade|p2a: Ferrothorn\n|-damage|p2a: Ferrothorn|72\/100\n|move|p2a: Ferrothorn|Leech Seed|p1a: limp bizkit\n|-start|p1a: limp bizkit|move: Leech Seed\n|\n|-damage|p1a: limp bizkit|88\/100|[from] Leech Seed|[of] p2a: Ferrothorn\n|-heal|p2a: Ferrothorn|83\/100|[silent]\n|upkeep\n|turn|3\n|\n|t:|1700723627\n|switch|p1a: Tusk|Great Tusk|100\/100\n|-damage|p1a: Tusk|98\/100|[from] Stealth Rock\n|-enditem|p1a: Tusk|Booster Energy\n|-activate|p1a: Tusk|ability: Protosynthesis|[fromitem]\n|-start|p1a: Tusk|protosynthesisatk\n|move|p2a: Ferrothorn|Protect||[still]\n|-fail|p2a: Ferrothorn\n|\n|upkeep\n|turn|4\n|\n|t:|1700723633\n|move|p1a: Tusk|Rapid Spin|p2a: Ferrothorn\n|-resisted|p2a: Ferrothorn\n|-damage|p2a: Ferrothorn|77\/100\n|-boost|p1a: Tusk|spe|1\n|-damage|p1a: Tusk|85\/100|[from] ability: Iron Barbs|[of] p2a: Ferrothorn\n|-damage|p1a: Tusk|69\/100|[from] item: Rocky Helmet|[of] p2a: Ferrothorn\n|-sideend|p1: Gellygreen|Stealth Rock|[from] move: Rapid Spin|[of] p1a: Tusk\n|move|p2a: Ferrothorn|Leech Seed|p1a: Tusk|[miss]\n|-miss|p2a: Ferrothorn|p1a: Tusk\n|\n|upkeep\n|turn|5\n|\n|t:|1700723647\n|move|p1a: Tusk|Close Combat|p2a: Ferrothorn\n|-supereffective|p2a: Ferrothorn\n|-damage|p2a: Ferrothorn|0 fnt\n|-unboost|p1a: Tusk|def|1\n|-unboost|p1a: Tusk|spd|1\n|-damage|p1a: Tusk|56\/100|[from] ability: Iron Barbs|[of] p2a: Ferrothorn\n|-damage|p1a: Tusk|40\/100|[from] item: Rocky Helmet|[of] p2a: Ferrothorn\n|faint|p2a: Ferrothorn\n|\n|upkeep\n|\n|t:|1700723654\n|switch|p2a: Venusaur|Venusaur, F|100\/100\n|-damage|p2a: Venusaur|88\/100|[from] Stealth Rock\n|turn|6\n|\n|t:|1700723662\n|-terastallize|p1a: Tusk|Ground\n|move|p1a: Tusk|Headlong Rush|p2a: Venusaur\n|-damage|p2a: Venusaur|0 fnt\n|-unboost|p1a: Tusk|def|1\n|-unboost|p1a: Tusk|spd|1\n|faint|p2a: Venusaur\n|\n|upkeep\n|\n|t:|1700723667\n|switch|p2a: Torkoal|Torkoal, M|100\/100\n|-damage|p2a: Torkoal|75\/100|[from] Stealth Rock\n|-weather|SunnyDay|[from] ability: Drought|[of] p2a: Torkoal\n|turn|7\n|\n|t:|1700723677\n|move|p1a: Tusk|Headlong Rush|p2a: Torkoal\n|-supereffective|p2a: Torkoal\n|-damage|p2a: Torkoal|0 fnt\n|-unboost|p1a: Tusk|def|1\n|-unboost|p1a: Tusk|spd|1\n|faint|p2a: Torkoal\n|\n|-weather|SunnyDay|[upkeep]\n|upkeep\n|\n|t:|1700723680\n|switch|p2a: Heatran|Heatran, M|100\/100\n|-damage|p2a: Heatran|88\/100|[from] Stealth Rock\n|turn|8\n|\n|t:|1700723685\n|move|p1a: Tusk|Headlong Rush|p2a: Heatran\n|-supereffective|p2a: Heatran\n|-damage|p2a: Heatran|0 fnt\n|-unboost|p1a: Tusk|def|1\n|-unboost|p1a: Tusk|spd|1\n|faint|p2a: Heatran\n|\n|-weather|SunnyDay|[upkeep]\n|upkeep\n|-message|Krysta11 forfeited.\n|\n|win|Gellygreen\n|raw|Gellygreen's rating: 1183 &rarr; <strong>1218<\/strong><br \/>(+35 for winning)\n|raw|Krysta11's rating: 1333 &rarr; <strong>1305<\/strong><br \/>(-28 for losing)\n|l|\u2606Krysta11\n","uploadtime":1700723704,"views":2,"p1id":"gellygreen","p2id":"krysta11","formatid":"gen9nationaldex","rating":1218,"private":0,"password":""}