{"id":"gen9nationaldex-1988262699","p1":"UrinalHair","p2":"Dhenchu","format":"[Gen 9] National Dex","log":"|j|\u2606UrinalHair\n|j|\u2606Dhenchu\n|t:|1699697129\n|gametype|singles\n|player|p1|UrinalHair|265|1106\n|player|p2|Dhenchu|n|1000\n|teamsize|p1|6\n|teamsize|p2|6\n|gen|9\n|tier|[Gen 9] National Dex\n|rated|\n|rule|HP Percentage Mod: HP is shown in percentages\n|rule|Endless Battle Clause: Forcing endless battles is banned\n|rule|OHKO Clause: OHKO moves are banned\n|rule|Evasion Clause: Evasion abilities, items, and moves are banned\n|rule|Evasion Abilities Clause: Evasion abilities are banned\n|rule|Evasion Items Clause: Evasion items are banned\n|rule|Evasion Moves Clause: Evasion moves are banned\n|rule|Species Clause: Limit one of each Pok\u00e9mon\n|rule|Sleep Clause Mod: Limit one foe put to sleep\n|clearpoke\n|poke|p1|Tyranitar, M|\n|poke|p1|Excadrill, M|\n|poke|p1|Slowbro, M|\n|poke|p1|Gliscor, M|\n|poke|p1|Clefable, M|\n|poke|p1|Haxorus, F|\n|poke|p2|Charizard, M|\n|poke|p2|Greninja-*, M|\n|poke|p2|Venusaur, M|\n|poke|p2|Excadrill, M|\n|poke|p2|Iron Valiant|\n|poke|p2|Mew|\n|teampreview\n|\n|t:|1699697145\n|start\n|switch|p1a: Tyranitar|Tyranitar, M|100\/100\n|switch|p2a: Greninja|Greninja, M|100\/100\n|-weather|Sandstorm|[from] ability: Sand Stream|[of] p1a: Tyranitar\n|turn|1\n|\n|t:|1699697169\n|switch|p1a: Clefable|Clefable, M|100\/100\n|move|p2a: Greninja|Surf|p1a: Clefable\n|-damage|p1a: Clefable|68\/100\n|\n|-weather|Sandstorm|[upkeep]\n|-damage|p2a: Greninja|94\/100|[from] Sandstorm\n|-heal|p2a: Greninja|100\/100|[from] item: Leftovers\n|-heal|p1a: Clefable|74\/100|[from] item: Leftovers\n|upkeep\n|turn|2\n|\n|t:|1699697183\n|switch|p2a: Excadrill|Excadrill, M, shiny|100\/100\n|-ability|p2a: Excadrill|Mold Breaker\n|move|p1a: Clefable|Stealth Rock|p2a: Excadrill\n|-sidestart|p2: Dhenchu|move: Stealth Rock\n|\n|-weather|Sandstorm|[upkeep]\n|-heal|p1a: Clefable|80\/100|[from] item: Leftovers\n|upkeep\n|turn|3\n|\n|t:|1699697196\n|switch|p1a: Gliscor|Gliscor, M|100\/100\n|move|p2a: Excadrill|Iron Head|p1a: Gliscor\n|-damage|p1a: Gliscor|70\/100\n|\n|-weather|Sandstorm|[upkeep]\n|-status|p1a: Gliscor|tox|[from] item: Toxic Orb\n|upkeep\n|turn|4\n|\n|t:|1699697209\n|move|p1a: Gliscor|Earthquake|p2a: Excadrill\n|-supereffective|p2a: Excadrill\n|-damage|p2a: Excadrill|27\/100\n|move|p2a: Excadrill|Rock Slide|p1a: Gliscor\n|-damage|p1a: Gliscor|51\/100 tox\n|\n|-weather|Sandstorm|[upkeep]\n|-heal|p1a: Gliscor|64\/100 tox|[from] ability: Poison Heal\n|upkeep\n|turn|5\n|\n|t:|1699697221\n|switch|p2a: Greninja|Greninja, M|100\/100\n|-damage|p2a: Greninja|88\/100|[from] Stealth Rock\n|move|p1a: Gliscor|Roost|p1a: Gliscor\n|-heal|p1a: Gliscor|100\/100 tox\n|-singleturn|p1a: Gliscor|move: Roost\n|\n|-weather|none\n|-heal|p2a: Greninja|94\/100|[from] item: Leftovers\n|upkeep\n|turn|6\n|\n|t:|1699697233\n|switch|p1a: Slowbro|Slowbro, M|100\/100\n|move|p2a: Greninja|Ice Beam|p1a: Slowbro\n|-resisted|p1a: Slowbro\n|-damage|p1a: Slowbro|89\/100\n|\n|-heal|p2a: Greninja|100\/100|[from] item: Leftovers\n|upkeep\n|turn|7\n|\n|t:|1699697246\n|move|p2a: Greninja|Dark Pulse|p1a: Slowbro\n|-supereffective|p1a: Slowbro\n|-damage|p1a: Slowbro|18\/100\n|move|p1a: Slowbro|Teleport|p1a: Slowbro\n|\n|t:|1699697256\n|switch|p1a: Haxorus|Haxorus, F|100\/100|[from] Teleport\n|-ability|p1a: Haxorus|Mold Breaker\n|\n|upkeep\n|turn|8\n|\n|t:|1699697263\n|move|p1a: Haxorus|First Impression|p2a: Greninja\n|-supereffective|p2a: Greninja\n|-damage|p2a: Greninja|0 fnt\n|faint|p2a: Greninja\n|-damage|p1a: Haxorus|91\/100|[from] item: Life Orb\n|\n|upkeep\n|\n|t:|1699697270\n|switch|p2a: Iron Valiant|Iron Valiant, shiny|100\/100\n|-damage|p2a: Iron Valiant|94\/100|[from] Stealth Rock\n|turn|9\n|\n|t:|1699697293\n|switch|p1a: Slowbro|Slowbro, M|51\/100\n|move|p2a: Iron Valiant|Moonblast|p1a: Slowbro\n|-damage|p1a: Slowbro|12\/100\n|-heal|p2a: Iron Valiant|100\/100|[from] item: Shell Bell|[of] p1a: Slowbro\n|\n|upkeep\n|turn|10\n|\n|t:|1699697303\n|switch|p1a: Gliscor|Gliscor, M|100\/100 tox\n|move|p2a: Iron Valiant|Thunderbolt|p1a: Gliscor\n|-immune|p1a: Gliscor\n|\n|upkeep\n|turn|11\n|\n|t:|1699697315\n|-end|p2a: Iron Valiant|Quark Drive|[silent]\n|switch|p2a: Charizard|Charizard, M, shiny|100\/100\n|-damage|p2a: Charizard|51\/100|[from] Stealth Rock\n|move|p1a: Gliscor|U-turn|p2a: Charizard\n|-resisted|p2a: Charizard\n|-damage|p2a: Charizard|47\/100\n|\n|t:|1699697351\n|switch|p1a: Tyranitar|Tyranitar, M|100\/100|[from] U-turn\n|-weather|Sandstorm|[from] ability: Sand Stream|[of] p1a: Tyranitar\n|\n|-weather|Sandstorm|[upkeep]\n|-damage|p2a: Charizard|40\/100|[from] Sandstorm\n|upkeep\n|turn|12\n|\n|t:|1699697364\n|detailschange|p1a: Tyranitar|Tyranitar-Mega, M\n|-mega|p1a: Tyranitar|Tyranitar|Tyranitarite\n|move|p2a: Charizard|Earthquake|p1a: Tyranitar\n|-supereffective|p1a: Tyranitar\n|-damage|p1a: Tyranitar|70\/100\n|move|p1a: Tyranitar|Dragon Dance|p1a: Tyranitar\n|-boost|p1a: Tyranitar|atk|1\n|-boost|p1a: Tyranitar|spe|1\n|\n|-weather|Sandstorm|[upkeep]\n|-damage|p2a: Charizard|34\/100|[from] Sandstorm\n|upkeep\n|turn|13\n|\n|t:|1699697375\n|move|p1a: Tyranitar|Crunch|p2a: Charizard\n|-damage|p2a: Charizard|0 fnt\n|faint|p2a: Charizard\n|\n|-weather|Sandstorm|[upkeep]\n|upkeep\n|\n|t:|1699697381\n|switch|p2a: Venusaur|Venusaur, M, shiny|100\/100\n|-damage|p2a: Venusaur|88\/100|[from] Stealth Rock\n|turn|14\n|\n|t:|1699697411\n|detailschange|p2a: Venusaur|Venusaur-Mega, M, shiny\n|-mega|p2a: Venusaur|Venusaur|Venusaurite\n|move|p1a: Tyranitar|Stone Edge|p2a: Venusaur\n|-crit|p2a: Venusaur\n|-damage|p2a: Venusaur|0 fnt\n|faint|p2a: Venusaur\n|\n|-weather|Sandstorm|[upkeep]\n|upkeep\n|\n|t:|1699697419\n|switch|p2a: Iron Valiant|Iron Valiant, shiny|100\/100\n|-damage|p2a: Iron Valiant|94\/100|[from] Stealth Rock\n|turn|15\n|\n|t:|1699697427\n|move|p1a: Tyranitar|Stone Edge|p2a: Iron Valiant|[miss]\n|-miss|p1a: Tyranitar|p2a: Iron Valiant\n|move|p2a: Iron Valiant|Drain Punch|p1a: Tyranitar\n|-supereffective|p1a: Tyranitar\n|-damage|p1a: Tyranitar|0 fnt\n|-heal|p2a: Iron Valiant|100\/100|[from] drain|[of] p1a: Tyranitar\n|faint|p1a: Tyranitar\n|\n|-weather|none\n|upkeep\n|\n|t:|1699697442\n|switch|p1a: Clefable|Clefable, M|80\/100\n|turn|16\n|\n|t:|1699697452\n|-end|p2a: Iron Valiant|Quark Drive|[silent]\n|switch|p2a: Excadrill|Excadrill, M, shiny|27\/100\n|-damage|p2a: Excadrill|24\/100|[from] Stealth Rock\n|-ability|p2a: Excadrill|Mold Breaker\n|switch|p1a: Gliscor|Gliscor, M|100\/100 tox\n|\n|upkeep\n|turn|17\n|\n|t:|1699697461\n|switch|p2a: Mew|Mew, shiny|100\/100\n|-damage|p2a: Mew|88\/100|[from] Stealth Rock\n|move|p1a: Gliscor|Earthquake|p2a: Mew\n|-damage|p2a: Mew|61\/100\n|\n|upkeep\n|turn|18\n|\n|t:|1699697469\n|switch|p1a: Slowbro|Slowbro, M|45\/100\n|-zpower|p2a: Mew\n|move|p2a: Mew|Genesis Supernova|p1a: Slowbro|[zeffect]\n|-resisted|p1a: Slowbro\n|-damage|p1a: Slowbro|9\/100\n|-fieldstart|move: Psychic Terrain\n|\n|upkeep\n|turn|19\n|\n|t:|1699697510\n|switch|p1a: Excadrill|Excadrill, M|100\/100\n|move|p2a: Mew|Shadow Ball|p1a: Excadrill\n|-damage|p1a: Excadrill|75\/100\n|\n|upkeep\n|turn|20\n|\n|t:|1699697521\n|move|p1a: Excadrill|Earthquake|p2a: Mew\n|-damage|p2a: Mew|0 fnt\n|faint|p2a: Mew\n|\n|upkeep\n|\n|t:|1699697526\n|switch|p2a: Iron Valiant|Iron Valiant, shiny|100\/100\n|-damage|p2a: Iron Valiant|94\/100|[from] Stealth Rock\n|turn|21\n|\n|t:|1699697531\n|move|p2a: Iron Valiant|Drain Punch|p1a: Excadrill\n|-supereffective|p1a: Excadrill\n|-damage|p1a: Excadrill|0 fnt\n|-heal|p2a: Iron Valiant|100\/100|[from] drain|[of] p1a: Excadrill\n|faint|p1a: Excadrill\n|\n|upkeep\n|\n|t:|1699697540\n|switch|p1a: Slowbro|Slowbro, M|42\/100\n|turn|22\n|\n|t:|1699697546\n|switch|p1a: Gliscor|Gliscor, M|100\/100 tox\n|move|p2a: Iron Valiant|Thunderbolt|p1a: Gliscor\n|-immune|p1a: Gliscor\n|\n|-fieldend|move: Psychic Terrain\n|upkeep\n|turn|23\n|\n|t:|1699697555\n|move|p2a: Iron Valiant|Psychic|p1a: Gliscor\n|-crit|p1a: Gliscor\n|-damage|p1a: Gliscor|55\/100 tox\n|move|p1a: Gliscor|Earthquake|p2a: Iron Valiant\n|-damage|p2a: Iron Valiant|68\/100\n|\n|-heal|p1a: Gliscor|68\/100 tox|[from] ability: Poison Heal\n|upkeep\n|turn|24\n|\n|t:|1699697565\n|move|p2a: Iron Valiant|Moonblast|p1a: Gliscor\n|-damage|p1a: Gliscor|22\/100 tox\n|-heal|p2a: Iron Valiant|75\/100|[from] item: Shell Bell|[of] p1a: Gliscor\n|move|p1a: Gliscor|Roost|p1a: Gliscor\n|-heal|p1a: Gliscor|72\/100 tox\n|-singleturn|p1a: Gliscor|move: Roost\n|\n|-heal|p1a: Gliscor|85\/100 tox|[from] ability: Poison Heal\n|upkeep\n|turn|25\n|\n|t:|1699697576\n|move|p2a: Iron Valiant|Moonblast|p1a: Gliscor\n|-damage|p1a: Gliscor|40\/100 tox\n|-unboost|p1a: Gliscor|spa|1\n|-heal|p2a: Iron Valiant|81\/100|[from] item: Shell Bell|[of] p1a: Gliscor\n|move|p1a: Gliscor|Earthquake|p2a: Iron Valiant\n|-damage|p2a: Iron Valiant|46\/100\n|\n|-heal|p1a: Gliscor|53\/100 tox|[from] ability: Poison Heal\n|upkeep\n|turn|26\n|\n|t:|1699697587\n|move|p2a: Iron Valiant|Moonblast|p1a: Gliscor\n|-damage|p1a: Gliscor|9\/100 tox\n|-heal|p2a: Iron Valiant|52\/100|[from] item: Shell Bell|[of] p1a: Gliscor\n|move|p1a: Gliscor|Roost|p1a: Gliscor\n|-heal|p1a: Gliscor|59\/100 tox\n|-singleturn|p1a: Gliscor|move: Roost\n|\n|-heal|p1a: Gliscor|72\/100 tox|[from] ability: Poison Heal\n|upkeep\n|turn|27\n|\n|t:|1699697598\n|move|p2a: Iron Valiant|Moonblast|p1a: Gliscor\n|-damage|p1a: Gliscor|27\/100 tox\n|-unboost|p1a: Gliscor|spa|1\n|-heal|p2a: Iron Valiant|58\/100|[from] item: Shell Bell|[of] p1a: Gliscor\n|move|p1a: Gliscor|Roost|p1a: Gliscor\n|-heal|p1a: Gliscor|77\/100 tox\n|-singleturn|p1a: Gliscor|move: Roost\n|\n|-heal|p1a: Gliscor|90\/100 tox|[from] ability: Poison Heal\n|upkeep\n|turn|28\n|\n|t:|1699697610\n|move|p2a: Iron Valiant|Moonblast|p1a: Gliscor\n|-damage|p1a: Gliscor|43\/100 tox\n|-heal|p2a: Iron Valiant|64\/100|[from] item: Shell Bell|[of] p1a: Gliscor\n|move|p1a: Gliscor|Earthquake|p2a: Iron Valiant\n|-damage|p2a: Iron Valiant|28\/100\n|\n|-heal|p1a: Gliscor|55\/100 tox|[from] ability: Poison Heal\n|upkeep\n|turn|29\n|\n|t:|1699697621\n|move|p2a: Iron Valiant|Moonblast|p1a: Gliscor\n|-damage|p1a: Gliscor|9\/100 tox\n|-heal|p2a: Iron Valiant|34\/100|[from] item: Shell Bell|[of] p1a: Gliscor\n|move|p1a: Gliscor|Earthquake|p2a: Iron Valiant\n|-damage|p2a: Iron Valiant|1\/100\n|\n|-heal|p1a: Gliscor|22\/100 tox|[from] ability: Poison Heal\n|upkeep\n|turn|30\n|\n|t:|1699697631\n|move|p2a: Iron Valiant|Moonblast|p1a: Gliscor\n|-damage|p1a: Gliscor|0 fnt\n|faint|p1a: Gliscor\n|-heal|p2a: Iron Valiant|4\/100|[from] item: Shell Bell|[of] p1: Gliscor\n|\n|upkeep\n|\n|t:|1699697638\n|switch|p1a: Haxorus|Haxorus, F|91\/100\n|-ability|p1a: Haxorus|Mold Breaker\n|turn|31\n|\n|t:|1699697643\n|move|p1a: Haxorus|First Impression|p2a: Iron Valiant\n|-resisted|p2a: Iron Valiant\n|-damage|p2a: Iron Valiant|0 fnt\n|faint|p2a: Iron Valiant\n|-end|p2a: Iron Valiant|Quark Drive|[silent]\n|-damage|p1a: Haxorus|81\/100|[from] item: Life Orb\n|\n|upkeep\n|\n|t:|1699697650\n|switch|p2a: Excadrill|Excadrill, M, shiny|24\/100\n|-damage|p2a: Excadrill|21\/100|[from] Stealth Rock\n|-ability|p2a: Excadrill|Mold Breaker\n|turn|32\n|\n|t:|1699697657\n|switch|p1a: Slowbro|Slowbro, M|75\/100\n|move|p2a: Excadrill|Iron Head|p1a: Slowbro\n|-resisted|p1a: Slowbro\n|-damage|p1a: Slowbro|65\/100\n|\n|upkeep\n|turn|33\n|\n|t:|1699697665\n|move|p2a: Excadrill|Earthquake|p1a: Slowbro\n|-damage|p1a: Slowbro|39\/100\n|move|p1a: Slowbro|Scald|p2a: Excadrill\n|-supereffective|p2a: Excadrill\n|-damage|p2a: Excadrill|0 fnt\n|faint|p2a: Excadrill\n|\n|win|UrinalHair\n|raw|UrinalHair's rating: 1106 &rarr; <strong>1124<\/strong><br \/>(+18 for winning)\n|raw|Dhenchu's rating: 1000 &rarr; <strong>1000<\/strong><br \/>(+0 for losing)\n","uploadtime":1699697672,"views":5,"p1id":"urinalhair","p2id":"dhenchu","formatid":"gen9nationaldex","rating":1000,"private":0,"password":""}