{"id":"gen9nationaldex-1993859739","p1":"CEO_of_piss","p2":"bxlngsm","format":"[Gen 9] National Dex","log":"|j|\u2606CEO_of_piss\n|j|\u2606bxlngsm\n|t:|1700366384\n|gametype|singles\n|player|p1|CEO_of_piss|elesa|1575\n|player|p2|bxlngsm|2|1482\n|teamsize|p1|6\n|teamsize|p2|6\n|gen|9\n|tier|[Gen 9] National Dex\n|rated|\n|rule|HP Percentage Mod: HP is shown in percentages\n|rule|Endless Battle Clause: Forcing endless battles is banned\n|rule|OHKO Clause: OHKO moves are banned\n|rule|Evasion Clause: Evasion abilities, items, and moves are banned\n|rule|Evasion Abilities Clause: Evasion abilities are banned\n|rule|Evasion Items Clause: Evasion items are banned\n|rule|Evasion Moves Clause: Evasion moves are banned\n|rule|Species Clause: Limit one of each Pok\u00e9mon\n|rule|Sleep Clause Mod: Limit one foe put to sleep\n|clearpoke\n|poke|p1|Ursaluna, M|\n|poke|p1|Diancie|\n|poke|p1|Kartana|\n|poke|p1|Alomomola, M|\n|poke|p1|Zapdos|\n|poke|p1|Aegislash, F|\n|poke|p2|Banette, M|\n|poke|p2|Samurott-Hisui, M|\n|poke|p2|Indeedee, M|\n|poke|p2|Grafaiai, F|\n|poke|p2|Quaquaval, M|\n|poke|p2|Tinkaton, F|\n|teampreview\n|inactive|Battle timer is ON: inactive players will automatically lose when time's up. (requested by CEO_of_piss)\n|\n|t:|1700366401\n|start\n|switch|p1a: Diancie|Diancie|100\/100\n|switch|p2a: Samurott|Samurott-Hisui, M|100\/100\n|turn|1\n|\n|t:|1700366410\n|detailschange|p1a: Diancie|Diancie-Mega\n|-mega|p1a: Diancie|Diancie|Diancite\n|move|p1a: Diancie|Moonblast|p2a: Samurott\n|-supereffective|p2a: Samurott\n|-enditem|p2a: Samurott|Focus Sash\n|-damage|p2a: Samurott|1\/100\n|move|p2a: Samurott|Razor Shell|p1a: Diancie\n|-supereffective|p1a: Diancie\n|-damage|p1a: Diancie|0 fnt\n|faint|p1a: Diancie\n|\n|upkeep\n|\n|t:|1700366415\n|switch|p1a: Kartana|Kartana|100\/100\n|turn|2\n|\n|t:|1700366423\n|switch|p2a: Tinkaton|Tinkaton, F|100\/100\n|-ability|p2a: Tinkaton|Mold Breaker\n|move|p1a: Kartana|Knock Off|p2a: Tinkaton\n|-resisted|p2a: Tinkaton\n|-damage|p2a: Tinkaton|80\/100\n|-enditem|p2a: Tinkaton|Leftovers|[from] move: Knock Off|[of] p1a: Kartana\n|\n|upkeep\n|turn|3\n|\n|t:|1700366435\n|switch|p1a: Zapdos|Zapdos|100\/100\n|move|p2a: Tinkaton|Knock Off|p1a: Zapdos\n|-damage|p1a: Zapdos|87\/100\n|-enditem|p1a: Zapdos|Heavy-Duty Boots|[from] move: Knock Off|[of] p2a: Tinkaton\n|\n|upkeep\n|turn|4\n|\n|t:|1700366444\n|move|p1a: Zapdos|Volt Switch|p2a: Tinkaton\n|-damage|p2a: Tinkaton|52\/100\n|\n|t:|1700366447\n|switch|p1a: Alomomola|Alomomola, M|100\/100|[from] Volt Switch\n|move|p2a: Tinkaton|Knock Off|p1a: Alomomola\n|-damage|p1a: Alomomola|89\/100\n|-enditem|p1a: Alomomola|Heavy-Duty Boots|[from] move: Knock Off|[of] p2a: Tinkaton\n|\n|upkeep\n|turn|5\n|\n|t:|1700366456\n|move|p2a: Tinkaton|Thunder Wave|p1a: Alomomola\n|-status|p1a: Alomomola|par\n|move|p1a: Alomomola|Flip Turn|p2a: Tinkaton\n|-damage|p2a: Tinkaton|38\/100\n|\n|t:|1700366477\n|switch|p1a: Kartana|Kartana|100\/100|[from] Flip Turn\n|\n|upkeep\n|turn|6\n|\n|t:|1700366485\n|move|p1a: Kartana|Smart Strike|p2a: Tinkaton\n|-damage|p2a: Tinkaton|0 fnt\n|faint|p2a: Tinkaton\n|-ability|p1a: Kartana|Beast Boost|boost\n|-boost|p1a: Kartana|atk|1\n|\n|upkeep\n|\n|t:|1700366492\n|switch|p2a: Quaquaval|Quaquaval, M|100\/100\n|turn|7\n|\n|t:|1700366509\n|switch|p1a: Zapdos|Zapdos|87\/100\n|move|p2a: Quaquaval|Swords Dance|p2a: Quaquaval\n|-boost|p2a: Quaquaval|atk|2\n|\n|upkeep\n|turn|8\n|\n|t:|1700366513\n|-terastallize|p2a: Quaquaval|Steel\n|move|p2a: Quaquaval|Aqua Step|p1a: Zapdos\n|-crit|p1a: Zapdos\n|-damage|p1a: Zapdos|0 fnt\n|-boost|p2a: Quaquaval|spe|1\n|-status|p2a: Quaquaval|par|[from] ability: Static|[of] p1a: Zapdos\n|faint|p1a: Zapdos\n|-ability|p2a: Quaquaval|Moxie|boost\n|-boost|p2a: Quaquaval|atk|1\n|\n|upkeep\n|\n|t:|1700366525\n|switch|p1a: Kartana|Kartana|100\/100\n|turn|9\n|\n|t:|1700366530\n|switch|p2a: Banette|Banette, M|100\/100\n|move|p1a: Kartana|Sacred Sword|p2a: Banette\n|-immune|p2a: Banette\n|\n|upkeep\n|turn|10\n|\n|t:|1700366536\n|switch|p1a: Ursaluna|Ursaluna, M|100\/100\n|detailschange|p2a: Banette|Banette-Mega, M\n|-mega|p2a: Banette|Banette|Banettite\n|move|p2a: Banette|Poltergeist|p1a: Ursaluna\n|-immune|p1a: Ursaluna\n|\n|-status|p1a: Ursaluna|brn|[from] item: Flame Orb\n|upkeep\n|turn|11\n|\n|t:|1700366554\n|move|p2a: Banette|Destiny Bond|p2a: Banette\n|-singlemove|p2a: Banette|Destiny Bond\n|move|p1a: Ursaluna|Earthquake|p2a: Banette\n|-damage|p2a: Banette|0 fnt\n|faint|p2a: Banette\n|-activate|p2a: Banette|move: Destiny Bond\n|faint|p1a: Ursaluna\n|\n|upkeep\n|\n|t:|1700366567\n|switch|p2a: Indeedee|Indeedee, M|100\/100\n|switch|p1a: Aegislash|Aegislash, F|100\/100\n|-fieldstart|move: Psychic Terrain|[from] ability: Psychic Surge|[of] p2a: Indeedee\n|turn|12\n|inactive|bxlngsm has 120 seconds left.\n|\n|t:|1700366595\n|move|p2a: Indeedee|Expanding Force|p1a: Aegislash\n|-resisted|p1a: Aegislash\n|-damage|p1a: Aegislash|67\/100\n|-damage|p2a: Indeedee|90\/100|[from] item: Life Orb\n|move|p1a: Aegislash|Toxic|p2a: Indeedee\n|-status|p2a: Indeedee|tox\n|\n|-heal|p1a: Aegislash|73\/100|[from] item: Leftovers\n|-damage|p2a: Indeedee|84\/100 tox|[from] psn\n|upkeep\n|turn|13\n|\n|t:|1700366611\n|move|p2a: Indeedee|Encore|p1a: Aegislash\n|-start|p1a: Aegislash|Encore\n|move|p1a: Aegislash|Toxic|p2a: Indeedee\n|-fail|p2a: Indeedee|tox\n|\n|-heal|p1a: Aegislash|79\/100|[from] item: Leftovers\n|-damage|p2a: Indeedee|72\/100 tox|[from] psn\n|upkeep\n|turn|14\n|\n|t:|1700366619\n|switch|p1a: Alomomola|Alomomola, M|100\/100 par\n|move|p2a: Indeedee|Expanding Force|p1a: Alomomola\n|-damage|p1a: Alomomola|14\/100 par\n|-damage|p2a: Indeedee|62\/100 tox|[from] item: Life Orb\n|\n|-damage|p2a: Indeedee|43\/100 tox|[from] psn\n|upkeep\n|turn|15\n|\n|t:|1700366624\n|switch|p1a: Aegislash|Aegislash, F|79\/100\n|move|p2a: Indeedee|Healing Wish|p2a: Indeedee\n|faint|p2a: Indeedee\n|\n|-heal|p1a: Aegislash|85\/100|[from] item: Leftovers\n|upkeep\n|\n|t:|1700366632\n|switch|p2a: Quaquaval|Quaquaval, M, tera:Steel|100\/100 par\n|-heal|p2a: Quaquaval|100\/100|[from] move: Healing Wish\n|turn|16\n|\n|t:|1700366639\n|move|p2a: Quaquaval|Aqua Step|p1a: Aegislash\n|-damage|p1a: Aegislash|54\/100\n|-boost|p2a: Quaquaval|spe|1\n|-formechange|p1a: Aegislash|Aegislash-Blade||[from] ability: Stance Change\n|move|p1a: Aegislash|Close Combat|p2a: Quaquaval\n|-supereffective|p2a: Quaquaval\n|-damage|p2a: Quaquaval|4\/100\n|-unboost|p1a: Aegislash|def|1\n|-unboost|p1a: Aegislash|spd|1\n|\n|-heal|p1a: Aegislash|60\/100|[from] item: Leftovers\n|-fieldend|move: Psychic Terrain\n|upkeep\n|turn|17\n|\n|t:|1700366658\n|-formechange|p1a: Aegislash|Aegislash||[from] ability: Stance Change\n|move|p1a: Aegislash|King's Shield|p1a: Aegislash\n|-singleturn|p1a: Aegislash|Protect\n|move|p2a: Quaquaval|Encore|p1a: Aegislash\n|-start|p1a: Aegislash|Encore\n|\n|-heal|p1a: Aegislash|66\/100|[from] item: Leftovers\n|upkeep\n|turn|18\n|\n|t:|1700366673\n|switch|p1a: Alomomola|Alomomola, M|47\/100 par\n|move|p2a: Quaquaval|Aqua Step|p1a: Alomomola\n|-resisted|p1a: Alomomola\n|-damage|p1a: Alomomola|35\/100 par\n|-boost|p2a: Quaquaval|spe|1\n|\n|upkeep\n|turn|19\n|\n|t:|1700366680\n|move|p2a: Quaquaval|Close Combat|p1a: Alomomola\n|-damage|p1a: Alomomola|0 fnt\n|-unboost|p2a: Quaquaval|def|1\n|-unboost|p2a: Quaquaval|spd|1\n|faint|p1a: Alomomola\n|-ability|p2a: Quaquaval|Moxie|boost\n|-boost|p2a: Quaquaval|atk|1\n|\n|upkeep\n|\n|t:|1700366685\n|switch|p1a: Aegislash|Aegislash, F|66\/100\n|turn|20\n|\n|t:|1700366700\n|switch|p2a: Grafaiai|Grafaiai, F|100\/100\n|-formechange|p1a: Aegislash|Aegislash-Blade||[from] ability: Stance Change\n|move|p1a: Aegislash|Shadow Ball|p2a: Grafaiai\n|-immune|p2a: Grafaiai\n|\n|-heal|p1a: Aegislash|72\/100|[from] item: Leftovers\n|upkeep\n|turn|21\n|\n|t:|1700366716\n|-formechange|p1a: Aegislash|Aegislash||[from] ability: Stance Change\n|move|p1a: Aegislash|King's Shield|p1a: Aegislash\n|-singleturn|p1a: Aegislash|Protect\n|move|p2a: Grafaiai|Switcheroo|p1a: Aegislash\n|-activate|p2a: Grafaiai|move: Trick|[of] p1a: Aegislash\n|-item|p1a: Aegislash|Choice Scarf|[from] move: Switcheroo\n|-item|p2a: Grafaiai|Leftovers|[from] move: Switcheroo\n|\n|upkeep\n|turn|22\n|\n|t:|1700366741\n|move|p2a: Grafaiai|Encore|p1a: Aegislash\n|-start|p1a: Aegislash|Encore\n|move|p1a: Aegislash|King's Shield||[still]\n|-fail|p1a: Aegislash\n|\n|upkeep\n|turn|23\n|\n|t:|1700366757\n|switch|p2a: Quaquaval|Quaquaval, M, tera:Steel|4\/100\n|move|p1a: Aegislash|King's Shield||[still]\n|-fail|p1a: Aegislash\n|\n|upkeep\n|turn|24\n|\n|t:|1700366763\n|switch|p1a: Kartana|Kartana|100\/100\n|move|p2a: Quaquaval|Close Combat|p1a: Kartana\n|-supereffective|p1a: Kartana\n|-damage|p1a: Kartana|0 fnt\n|-unboost|p2a: Quaquaval|def|1\n|-unboost|p2a: Quaquaval|spd|1\n|faint|p1a: Kartana\n|-ability|p2a: Quaquaval|Moxie|boost\n|-boost|p2a: Quaquaval|atk|1\n|\n|upkeep\n|\n|t:|1700366766\n|switch|p1a: Aegislash|Aegislash, F|72\/100\n|turn|25\n|-message|CEO_of_piss forfeited.\n|\n|win|bxlngsm\n|raw|CEO_of_piss's rating: 1575 &rarr; <strong>1550<\/strong><br \/>(-25 for losing)\n|raw|bxlngsm's rating: 1482 &rarr; <strong>1507<\/strong><br \/>(+25 for winning)\n|l|\u2606CEO_of_piss\n","uploadtime":1700366894,"views":15,"p1id":"ceoofpiss","p2id":"bxlngsm","formatid":"gen9nationaldex","rating":1507,"private":0,"password":""}