{"id":"gen9nationaldex-1987909397","p1":"cr1tternet","p2":"JL_recruta","format":"[Gen 9] National Dex","log":"|j|\u2606cr1tternet\n|j|\u2606JL_recruta\n|t:|1699648182\n|gametype|singles\n|player|p1|cr1tternet|265|1267\n|player|p2|JL_recruta|nate|1325\n|teamsize|p1|6\n|teamsize|p2|6\n|gen|9\n|tier|[Gen 9] National Dex\n|rated|\n|rule|HP Percentage Mod: HP is shown in percentages\n|rule|Endless Battle Clause: Forcing endless battles is banned\n|rule|OHKO Clause: OHKO moves are banned\n|rule|Evasion Clause: Evasion abilities, items, and moves are banned\n|rule|Evasion Abilities Clause: Evasion abilities are banned\n|rule|Evasion Items Clause: Evasion items are banned\n|rule|Evasion Moves Clause: Evasion moves are banned\n|rule|Species Clause: Limit one of each Pok\u00e9mon\n|rule|Sleep Clause Mod: Limit one foe put to sleep\n|clearpoke\n|poke|p1|Rillaboom, M|\n|poke|p1|Abomasnow, F|\n|poke|p1|Alomomola, M|\n|poke|p1|Arctozolt|\n|poke|p1|Hawlucha, M|\n|poke|p1|Heatran, F|\n|poke|p2|Charizard, M|\n|poke|p2|Leafeon, M|\n|poke|p2|Maushold-Four|\n|poke|p2|Kleavor, M|\n|poke|p2|Iron Valiant|\n|poke|p2|Moltres-Galar|\n|teampreview\n|inactive|Battle timer is ON: inactive players will automatically lose when time's up. (requested by cr1tternet)\n|\n|t:|1699648187\n|start\n|switch|p1a: Rillaboom|Rillaboom, M, shiny|100\/100\n|switch|p2a: Kleavor|Kleavor, M|100\/100\n|-fieldstart|move: Grassy Terrain|[from] ability: Grassy Surge|[of] p1a: Rillaboom\n|turn|1\n|\n|t:|1699648190\n|move|p2a: Kleavor|U-turn|p1a: Rillaboom\n|-supereffective|p1a: Rillaboom\n|-damage|p1a: Rillaboom|37\/100\n|\n|t:|1699648198\n|switch|p2a: Charizard|Charizard, M, shiny|100\/100|[from] U-turn\n|move|p1a: Rillaboom|Swords Dance|p1a: Rillaboom\n|-boost|p1a: Rillaboom|atk|2\n|\n|-heal|p1a: Rillaboom|43\/100|[from] Grassy Terrain\n|upkeep\n|turn|2\n|\n|t:|1699648203\n|move|p1a: Rillaboom|Grassy Glide|p2a: Charizard\n|-resisted|p2a: Charizard\n|-damage|p2a: Charizard|73\/100\n|move|p2a: Charizard|Flamethrower|p1a: Rillaboom\n|-supereffective|p1a: Rillaboom\n|-damage|p1a: Rillaboom|0 fnt\n|faint|p1a: Rillaboom\n|\n|upkeep\n|\n|t:|1699648208\n|switch|p1a: Hawlucha|Hawlucha, M, shiny|100\/100\n|-enditem|p1a: Hawlucha|Grassy Seed\n|-boost|p1a: Hawlucha|def|1|[from] item: Grassy Seed\n|turn|3\n|\n|t:|1699648212\n|switch|p2a: Moltres|Moltres-Galar|100\/100\n|move|p1a: Hawlucha|Acrobatics|p2a: Moltres\n|-damage|p2a: Moltres|33\/100\n|-ability|p2a: Moltres|Berserk|boost\n|-boost|p2a: Moltres|spa|1\n|\n|upkeep\n|turn|4\n|\n|t:|1699648216\n|move|p1a: Hawlucha|Acrobatics|p2a: Moltres\n|-damage|p2a: Moltres|0 fnt\n|faint|p2a: Moltres\n|\n|upkeep\n|\n|t:|1699648220\n|switch|p2a: Kleavor|Kleavor, M|100\/100\n|turn|5\n|\n|t:|1699648223\n|move|p1a: Hawlucha|Close Combat|p2a: Kleavor\n|-damage|p2a: Kleavor|30\/100\n|-unboost|p1a: Hawlucha|def|1\n|-unboost|p1a: Hawlucha|spd|1\n|move|p2a: Kleavor|Stone Axe|p1a: Hawlucha|[miss]\n|-miss|p2a: Kleavor|p1a: Hawlucha\n|\n|-heal|p2a: Kleavor|36\/100|[from] Grassy Terrain\n|upkeep\n|turn|6\n|\n|t:|1699648232\n|move|p1a: Hawlucha|Close Combat|p2a: Kleavor\n|-damage|p2a: Kleavor|0 fnt\n|-unboost|p1a: Hawlucha|def|1\n|-unboost|p1a: Hawlucha|spd|1\n|faint|p2a: Kleavor\n|\n|upkeep\n|\n|t:|1699648238\n|switch|p2a: Iron Valiant|Iron Valiant|100\/100\n|-enditem|p2a: Iron Valiant|Booster Energy\n|-activate|p2a: Iron Valiant|ability: Quark Drive|[fromitem]\n|-start|p2a: Iron Valiant|quarkdrivespe\n|turn|7\n|\n|t:|1699648244\n|-terastallize|p2a: Iron Valiant|Steel\n|move|p1a: Hawlucha|Acrobatics|p2a: Iron Valiant\n|-resisted|p2a: Iron Valiant\n|-damage|p2a: Iron Valiant|70\/100\n|move|p2a: Iron Valiant|Moonblast|p1a: Hawlucha\n|-supereffective|p1a: Hawlucha\n|-damage|p1a: Hawlucha|0 fnt\n|faint|p1a: Hawlucha\n|\n|-heal|p2a: Iron Valiant|77\/100|[from] Grassy Terrain\n|upkeep\n|\n|t:|1699648249\n|switch|p1a: Heatran|Heatran, F, shiny|100\/100\n|turn|8\n|\n|t:|1699648253\n|move|p2a: Iron Valiant|Focus Blast|p1a: Heatran\n|-supereffective|p1a: Heatran\n|-damage|p1a: Heatran|0 fnt\n|faint|p1a: Heatran\n|\n|-heal|p2a: Iron Valiant|83\/100|[from] Grassy Terrain\n|-fieldend|move: Grassy Terrain\n|upkeep\n|\n|t:|1699648256\n|switch|p1a: Abomasnow|Abomasnow, F, shiny|100\/100\n|-weather|Snow|[from] ability: Snow Warning|[of] p1a: Abomasnow\n|turn|9\n|\n|t:|1699648259\n|-end|p2a: Iron Valiant|Quark Drive|[silent]\n|switch|p2a: Charizard|Charizard, M, shiny|73\/100\n|move|p1a: Abomasnow|Earth Power|p2a: Charizard\n|-immune|p2a: Charizard\n|\n|-weather|Snow|[upkeep]\n|upkeep\n|turn|10\n|\n|t:|1699648264\n|detailschange|p2a: Charizard|Charizard-Mega-Y, M, shiny\n|-mega|p2a: Charizard|Charizard|Charizardite Y\n|-weather|SunnyDay|[from] ability: Drought|[of] p2a: Charizard\n|detailschange|p1a: Abomasnow|Abomasnow-Mega, F, shiny\n|-mega|p1a: Abomasnow|Abomasnow|Abomasite\n|-weather|Snow|[from] ability: Snow Warning|[of] p1a: Abomasnow\n|move|p2a: Charizard|Flamethrower|p1a: Abomasnow\n|-supereffective|p1a: Abomasnow\n|-damage|p1a: Abomasnow|0 fnt\n|faint|p1a: Abomasnow\n|\n|-weather|Snow|[upkeep]\n|upkeep\n|\n|t:|1699648269\n|switch|p1a: Arctozolt|Arctozolt, shiny|100\/100\n|turn|11\n|\n|t:|1699648276\n|switch|p2a: Leafeon|Leafeon, M|100\/100\n|-terastallize|p1a: Arctozolt|Electric\n|move|p1a: Arctozolt|Bolt Beak|p2a: Leafeon\n|-resisted|p2a: Leafeon\n|-damage|p2a: Leafeon|40\/100\n|-damage|p1a: Arctozolt|91\/100|[from] item: Life Orb\n|\n|-weather|Snow|[upkeep]\n|upkeep\n|turn|12\n|\n|t:|1699648283\n|move|p1a: Arctozolt|Icicle Crash|p2a: Leafeon|[miss]\n|-miss|p1a: Arctozolt|p2a: Leafeon\n|move|p2a: Leafeon|Solar Blade||[still]\n|-prepare|p2a: Leafeon|Solar Blade\n|-enditem|p2a: Leafeon|Power Herb\n|-anim|p2a: Leafeon|Solar Blade|p1a: Arctozolt\n|-damage|p1a: Arctozolt|56\/100\n|\n|-weather|Snow|[upkeep]\n|upkeep\n|turn|13\n|\n|t:|1699648299\n|move|p1a: Arctozolt|Icicle Crash|p2a: Leafeon\n|-supereffective|p2a: Leafeon\n|-damage|p2a: Leafeon|0 fnt\n|faint|p2a: Leafeon\n|-damage|p1a: Arctozolt|46\/100|[from] item: Life Orb\n|\n|-weather|Snow|[upkeep]\n|upkeep\n|\n|t:|1699648302\n|switch|p2a: Charizard|Charizard-Mega-Y, M, shiny|73\/100\n|-weather|SunnyDay|[from] ability: Drought|[of] p2a: Charizard\n|turn|14\n|\n|t:|1699648304\n|switch|p1a: Alomomola|Alomomola, M, shiny|100\/100\n|move|p2a: Charizard|Scorching Sands|p1a: Alomomola\n|-damage|p1a: Alomomola|67\/100\n|-status|p1a: Alomomola|brn\n|-enditem|p1a: Alomomola|Red Card|[of] p2a: Charizard\n|drag|p2a: Iron Valiant|Iron Valiant, tera:Steel|83\/100\n|\n|-weather|SunnyDay|[upkeep]\n|-damage|p1a: Alomomola|61\/100 brn|[from] brn\n|upkeep\n|turn|15\n|\n|t:|1699648308\n|move|p2a: Iron Valiant|Moonblast|p1a: Alomomola\n|-damage|p1a: Alomomola|8\/100 brn\n|move|p1a: Alomomola|Flip Turn|p2a: Iron Valiant\n|-damage|p2a: Iron Valiant|78\/100\n|\n|t:|1699648310\n|switch|p1a: Arctozolt|Arctozolt, shiny, tera:Electric|46\/100|[from] Flip Turn\n|\n|-weather|SunnyDay|[upkeep]\n|upkeep\n|turn|16\n|\n|t:|1699648313\n|move|p2a: Iron Valiant|Thunderbolt|p1a: Arctozolt\n|-resisted|p1a: Arctozolt\n|-damage|p1a: Arctozolt|26\/100\n|move|p1a: Arctozolt|Bolt Beak|p2a: Iron Valiant\n|-damage|p2a: Iron Valiant|2\/100\n|-damage|p1a: Arctozolt|16\/100|[from] item: Life Orb\n|\n|-weather|SunnyDay|[upkeep]\n|upkeep\n|turn|17\n|\n|t:|1699648318\n|move|p2a: Iron Valiant|Thunderbolt|p1a: Arctozolt\n|-resisted|p1a: Arctozolt\n|-damage|p1a: Arctozolt|0 fnt\n|faint|p1a: Arctozolt\n|\n|-weather|SunnyDay|[upkeep]\n|upkeep\n|c|\u2606cr1tternet|Bro\n|c|\u2606cr1tternet|Fuckin wack ass team\n|c|\u2606cr1tternet|Hate low ladder\n|c|\u2606JL_recruta|XD\n|-message|cr1tternet forfeited.\n|\n|win|JL_recruta\n|raw|cr1tternet's rating: 1267 &rarr; <strong>1246<\/strong><br \/>(-21 for losing)\n|raw|JL_recruta's rating: 1325 &rarr; <strong>1342<\/strong><br \/>(+17 for winning)\n|l|\u2606cr1tternet\n","uploadtime":1699648332,"views":6,"p1id":"cr1tternet","p2id":"jlrecruta","formatid":"gen9nationaldex","rating":1246,"private":0,"password":""}