{"id":"gen9nationaldex-1995517201","p1":"jujibalaoshi001","p2":"Genistein","format":"[Gen 9] National Dex","log":"|html|<div class=\"broadcast-blue\"><strong>[Gen 9] National Dex is currently suspecting Sneasler! For information on how to participate check out the <a href=\"https:\/\/www.smogon.com\/forums\/threads\/sv-national-dex-suspect-8-just-dance.3731534\/\">suspect thread<\/a>.<\/strong><\/div>\n|j|\u2606jujibalaoshi001\n|j|\u2606Genistein\n|t:|1700579062\n|gametype|singles\n|player|p1|jujibalaoshi001|hexmaniac-gen6|1552\n|player|p2|Genistein|mars|1628\n|teamsize|p1|6\n|teamsize|p2|6\n|gen|9\n|tier|[Gen 9] National Dex\n|rated|\n|rule|HP Percentage Mod: HP is shown in percentages\n|rule|Endless Battle Clause: Forcing endless battles is banned\n|rule|OHKO Clause: OHKO moves are banned\n|rule|Evasion Clause: Evasion abilities, items, and moves are banned\n|rule|Evasion Abilities Clause: Evasion abilities are banned\n|rule|Evasion Items Clause: Evasion items are banned\n|rule|Evasion Moves Clause: Evasion moves are banned\n|rule|Species Clause: Limit one of each Pok\u00e9mon\n|rule|Sleep Clause Mod: Limit one foe put to sleep\n|clearpoke\n|poke|p1|Galvantula, F|\n|poke|p1|Nidoking, M|\n|poke|p1|Great Tusk|\n|poke|p1|Garchomp, M|\n|poke|p1|Kartana|\n|poke|p1|Ogerpon-Wellspring, F|\n|poke|p2|Volcarona, M|\n|poke|p2|Alomomola, F|\n|poke|p2|Glimmora, F|\n|poke|p2|Urshifu-*, M|\n|poke|p2|Scizor, F|\n|poke|p2|Hydreigon, M|\n|teampreview\n|\n|t:|1700579089\n|start\n|switch|p1a: Galvantula|Galvantula, F|100\/100\n|switch|p2a: Urshifu|Urshifu-Rapid-Strike, M|100\/100\n|turn|1\n|\n|t:|1700579103\n|switch|p1a: Ogerpon|Ogerpon-Wellspring, F|100\/100\n|move|p2a: Urshifu|U-turn|p1a: Ogerpon\n|-supereffective|p1a: Ogerpon\n|-damage|p1a: Ogerpon|35\/100\n|\n|t:|1700579124\n|switch|p2a: Volcarona|Volcarona, M|100\/100|[from] U-turn\n|\n|upkeep\n|turn|2\n|\n|t:|1700579144\n|-terastallize|p2a: Volcarona|Grass\n|move|p1a: Ogerpon|Taunt|p2a: Volcarona\n|-start|p2a: Volcarona|move: Taunt\n|cant|p2a: Volcarona|move: Taunt|Quiver Dance\n|\n|upkeep\n|turn|3\n|\n|t:|1700579158\n|switch|p1a: Galvantula|Galvantula, F|100\/100\n|move|p2a: Volcarona|Fiery Dance|p1a: Galvantula\n|-supereffective|p1a: Galvantula\n|-enditem|p1a: Galvantula|Focus Sash\n|-damage|p1a: Galvantula|1\/100\n|-boost|p2a: Volcarona|spa|1\n|\n|upkeep\n|turn|4\n|\n|t:|1700579171\n|switch|p2a: Glimmora|Glimmora, F|100\/100\n|move|p1a: Galvantula|Sticky Web|p2a: Glimmora\n|-sidestart|p2: Genistein|move: Sticky Web\n|\n|upkeep\n|turn|5\n|\n|t:|1700579179\n|move|p1a: Galvantula|Thunder|p2a: Glimmora\n|-damage|p2a: Glimmora|29\/100\n|move|p2a: Glimmora|Mortal Spin|p1a: Galvantula\n|-damage|p1a: Galvantula|0 fnt\n|-sideend|p2: Genistein|Sticky Web|[from] move: Mortal Spin|[of] p2a: Glimmora\n|faint|p1a: Galvantula\n|\n|upkeep\n|\n|t:|1700579190\n|switch|p1a: Great Tusk|Great Tusk|100\/100\n|-enditem|p1a: Great Tusk|Booster Energy\n|-activate|p1a: Great Tusk|ability: Protosynthesis|[fromitem]\n|-start|p1a: Great Tusk|protosynthesisatk\n|turn|6\n|\n|t:|1700579224\n|switch|p2a: Scizor|Scizor, F|100\/100\n|move|p1a: Great Tusk|Rapid Spin|p2a: Scizor\n|-resisted|p2a: Scizor\n|-damage|p2a: Scizor|89\/100\n|-boost|p1a: Great Tusk|spe|1\n|\n|upkeep\n|turn|7\n|\n|t:|1700579235\n|detailschange|p2a: Scizor|Scizor-Mega, F\n|-mega|p2a: Scizor|Scizor|Scizorite\n|move|p1a: Great Tusk|Headlong Rush|p2a: Scizor\n|-damage|p2a: Scizor|26\/100\n|-unboost|p1a: Great Tusk|def|1\n|-unboost|p1a: Great Tusk|spd|1\n|move|p2a: Scizor|U-turn|p1a: Great Tusk\n|-resisted|p1a: Great Tusk\n|-damage|p1a: Great Tusk|76\/100\n|\n|t:|1700579251\n|switch|p2a: Urshifu|Urshifu-Rapid-Strike, M|100\/100|[from] U-turn\n|\n|upkeep\n|turn|8\n|\n|t:|1700579257\n|-end|p1a: Great Tusk|Protosynthesis|[silent]\n|switch|p1a: Garchomp|Garchomp, M|100\/100\n|move|p2a: Urshifu|Close Combat|p1a: Garchomp\n|-damage|p1a: Garchomp|36\/100\n|-unboost|p2a: Urshifu|def|1\n|-unboost|p2a: Urshifu|spd|1\n|-damage|p2a: Urshifu|88\/100|[from] ability: Rough Skin|[of] p1a: Garchomp\n|\n|upkeep\n|turn|9\n|\n|t:|1700579267\n|switch|p2a: Alomomola|Alomomola, F|100\/100\n|move|p1a: Garchomp|Stealth Rock|p2a: Alomomola\n|-sidestart|p2: Genistein|move: Stealth Rock\n|\n|upkeep\n|turn|10\n|\n|t:|1700579273\n|move|p1a: Garchomp|Swords Dance|p1a: Garchomp\n|-boost|p1a: Garchomp|atk|2\n|move|p2a: Alomomola|Wish|p2a: Alomomola\n|\n|upkeep\n|turn|11\n|\n|t:|1700579285\n|move|p1a: Garchomp|Earthquake|p2a: Alomomola\n|-damage|p2a: Alomomola|48\/100\n|move|p2a: Alomomola|Flip Turn|p1a: Garchomp\n|-damage|p1a: Garchomp|19\/100\n|-damage|p2a: Alomomola|36\/100|[from] ability: Rough Skin|[of] p1a: Garchomp\n|\n|t:|1700579292\n|switch|p2a: Scizor|Scizor-Mega, F|26\/100|[from] Flip Turn\n|-damage|p2a: Scizor|13\/100|[from] Stealth Rock\n|\n|-heal|p2a: Scizor|91\/100|[from] move: Wish|[wisher] Alomomola\n|upkeep\n|turn|12\n|\n|t:|1700579301\n|move|p2a: Scizor|Bullet Punch|p1a: Garchomp\n|-damage|p1a: Garchomp|0 fnt\n|-damage|p2a: Scizor|79\/100|[from] ability: Rough Skin|[of] p1a: Garchomp\n|faint|p1a: Garchomp\n|\n|upkeep\n|\n|t:|1700579307\n|switch|p1a: Nidoking|Nidoking, M|100\/100\n|turn|13\n|\n|t:|1700579324\n|switch|p2a: Hydreigon|Hydreigon, M|100\/100\n|-damage|p2a: Hydreigon|88\/100|[from] Stealth Rock\n|move|p1a: Nidoking|Flamethrower|p2a: Hydreigon\n|-resisted|p2a: Hydreigon\n|-damage|p2a: Hydreigon|62\/100\n|\n|upkeep\n|turn|14\n|\n|t:|1700579336\n|move|p2a: Hydreigon|Draco Meteor|p1a: Nidoking\n|-damage|p1a: Nidoking|0 fnt\n|-unboost|p2a: Hydreigon|spa|2\n|faint|p1a: Nidoking\n|\n|upkeep\n|\n|t:|1700579343\n|switch|p1a: Kartana|Kartana|100\/100\n|turn|15\n|\n|t:|1700579361\n|switch|p2a: Volcarona|Volcarona, M, tera:Grass|100\/100\n|move|p1a: Kartana|Sacred Sword|p2a: Volcarona\n|-damage|p2a: Volcarona|48\/100\n|\n|upkeep\n|turn|16\n|\n|t:|1700579382\n|switch|p2a: Alomomola|Alomomola, F|69\/100\n|-damage|p2a: Alomomola|57\/100|[from] Stealth Rock\n|move|p1a: Kartana|Sacred Sword|p2a: Alomomola\n|-damage|p2a: Alomomola|37\/100\n|\n|-heal|p2a: Alomomola|43\/100|[from] item: Leftovers\n|upkeep\n|turn|17\n|\n|t:|1700579392\n|switch|p1a: Ogerpon|Ogerpon-Wellspring, F|35\/100\n|move|p2a: Alomomola|Wish|p2a: Alomomola\n|\n|-heal|p2a: Alomomola|49\/100|[from] item: Leftovers\n|upkeep\n|turn|18\n|\n|t:|1700579408\n|switch|p2a: Volcarona|Volcarona, M, tera:Grass|48\/100\n|move|p1a: Ogerpon|Horn Leech|p2a: Volcarona\n|-resisted|p2a: Volcarona\n|-damage|p2a: Volcarona|19\/100\n|-heal|p1a: Ogerpon|52\/100|[from] drain|[of] p2a: Volcarona\n|\n|-heal|p2a: Volcarona|95\/100|[from] move: Wish|[wisher] Alomomola\n|upkeep\n|turn|19\n|\n|t:|1700579426\n|move|p1a: Ogerpon|Taunt|p2a: Volcarona\n|-start|p2a: Volcarona|move: Taunt\n|move|p2a: Volcarona|Fiery Dance|p1a: Ogerpon\n|-damage|p1a: Ogerpon|10\/100\n|-boost|p2a: Volcarona|spa|1\n|\n|upkeep\n|turn|20\n|\n|t:|1700579436\n|move|p1a: Ogerpon|Ivy Cudgel|p2a: Volcarona|[anim] Ivy Cudgel Water\n|-resisted|p2a: Volcarona\n|-damage|p2a: Volcarona|56\/100\n|move|p2a: Volcarona|Giga Drain|p1a: Ogerpon\n|-damage|p1a: Ogerpon|0 fnt\n|-heal|p2a: Volcarona|60\/100|[from] drain|[of] p1a: Ogerpon\n|faint|p1a: Ogerpon\n|\n|upkeep\n|l|\u2606jujibalaoshi001\n|player|p1|\n|j|\u2606jujibalaoshi001\n|player|p1|jujibalaoshi001|hexmaniac-gen6\n|\n|t:|1700579471\n|switch|p1a: Great Tusk|Great Tusk|76\/100\n|turn|21\n|\n|t:|1700579478\n|move|p2a: Volcarona|Giga Drain|p1a: Great Tusk\n|-supereffective|p1a: Great Tusk\n|-damage|p1a: Great Tusk|0 fnt\n|-heal|p2a: Volcarona|99\/100|[from] drain|[of] p1a: Great Tusk\n|faint|p1a: Great Tusk\n|-end|p1a: Great Tusk|Protosynthesis|[silent]\n|\n|-end|p2a: Volcarona|move: Taunt\n|upkeep\n|\n|t:|1700579482\n|switch|p1a: Kartana|Kartana|100\/100\n|turn|22\n|\n|t:|1700579500\n|-terastallize|p1a: Kartana|Fighting\n|move|p1a: Kartana|Sacred Sword|p2a: Volcarona\n|-damage|p2a: Volcarona|20\/100\n|move|p2a: Volcarona|Fiery Dance|p1a: Kartana\n|-damage|p1a: Kartana|0 fnt\n|-boost|p2a: Volcarona|spa|1\n|faint|p1a: Kartana\n|\n|win|Genistein\n|raw|jujibalaoshi001's rating: 1552 &rarr; <strong>1536<\/strong><br \/>(-16 for losing)\n|raw|Genistein's rating: 1628 &rarr; <strong>1644<\/strong><br \/>(+16 for winning)\n|l|\u2606Genistein\n","uploadtime":1700579598,"views":0,"p1id":"jujibalaoshi001","p2id":"genistein","formatid":"gen9nationaldex","rating":1536,"private":0,"password":""}