{"id":"gen9nationaldex-1991189843","p1":"shiyv","p2":"WAILORDPLAYSMUCH","format":"[Gen 9] National Dex","log":"|j|\u2606shiyv\n|j|\u2606WAILORDPLAYSMUCH\n|t:|1700055311\n|gametype|singles\n|player|p1|shiyv|wallace|1632\n|player|p2|WAILORDPLAYSMUCH|candice|1674\n|teamsize|p1|6\n|teamsize|p2|6\n|gen|9\n|tier|[Gen 9] National Dex\n|rated|\n|rule|HP Percentage Mod: HP is shown in percentages\n|rule|Endless Battle Clause: Forcing endless battles is banned\n|rule|OHKO Clause: OHKO moves are banned\n|rule|Evasion Clause: Evasion abilities, items, and moves are banned\n|rule|Evasion Abilities Clause: Evasion abilities are banned\n|rule|Evasion Items Clause: Evasion items are banned\n|rule|Evasion Moves Clause: Evasion moves are banned\n|rule|Species Clause: Limit one of each Pok\u00e9mon\n|rule|Sleep Clause Mod: Limit one foe put to sleep\n|clearpoke\n|poke|p1|Iron Valiant|\n|poke|p1|Dragonite, F|\n|poke|p1|Tyranitar, M|\n|poke|p1|Moltres|\n|poke|p1|Volcanion|\n|poke|p1|Glimmora, M|\n|poke|p2|Ninetales-Alola, M|\n|poke|p2|Iron Treads|\n|poke|p2|Kyurem|\n|poke|p2|Gyarados, M|\n|poke|p2|Volcarona, F|\n|poke|p2|Ogerpon-Wellspring, F|\n|teampreview\n|inactive|Battle timer is ON: inactive players will automatically lose when time's up. (requested by WAILORDPLAYSMUCH)\n|inactive|shiyv also wants the timer to be on.\n|\n|t:|1700055323\n|start\n|switch|p1a: Tyranitar|Tyranitar, M|100\/100\n|switch|p2a: Iron Treads|Iron Treads|100\/100\n|-weather|Sandstorm|[from] ability: Sand Stream|[of] p1a: Tyranitar\n|-enditem|p2a: Iron Treads|Booster Energy\n|-activate|p2a: Iron Treads|ability: Quark Drive|[fromitem]\n|-start|p2a: Iron Treads|quarkdrivespe\n|turn|1\n|\n|t:|1700055331\n|move|p2a: Iron Treads|Stealth Rock|p1a: Tyranitar\n|-sidestart|p1: shiyv|move: Stealth Rock\n|move|p1a: Tyranitar|Earthquake|p2a: Iron Treads\n|-supereffective|p2a: Iron Treads\n|-damage|p2a: Iron Treads|31\/100\n|\n|-weather|Sandstorm|[upkeep]\n|upkeep\n|turn|2\n|\n|t:|1700055333\n|move|p2a: Iron Treads|Earthquake|p1a: Tyranitar\n|-supereffective|p1a: Tyranitar\n|-damage|p1a: Tyranitar|29\/100\n|move|p1a: Tyranitar|Ice Punch|p2a: Iron Treads\n|-damage|p2a: Iron Treads|7\/100\n|\n|-weather|Sandstorm|[upkeep]\n|upkeep\n|turn|3\n|j| Kaizo Block 6000\n|\n|t:|1700055357\n|switch|p1a: Moltres|Moltres|100\/100\n|move|p2a: Iron Treads|Steel Beam|p1a: Moltres\n|-resisted|p1a: Moltres\n|-damage|p1a: Moltres|77\/100\n|-damage|p2a: Iron Treads|0 fnt|[from] steelbeam\n|faint|p2a: Iron Treads\n|-end|p2a: Iron Treads|Quark Drive|[silent]\n|\n|-weather|Sandstorm|[upkeep]\n|-damage|p1a: Moltres|71\/100|[from] Sandstorm\n|upkeep\n|\n|t:|1700055365\n|switch|p2a: Ogerpon|Ogerpon-Wellspring, F|100\/100\n|turn|4\n|\n|t:|1700055377\n|-terastallize|p1a: Moltres|Grass\n|move|p2a: Ogerpon|Swords Dance|p2a: Ogerpon\n|-boost|p2a: Ogerpon|atk|2\n|move|p1a: Moltres|U-turn|p2a: Ogerpon\n|-supereffective|p2a: Ogerpon\n|-crit|p2a: Ogerpon\n|-damage|p2a: Ogerpon|47\/100\n|\n|t:|1700055383\n|switch|p1a: Dragonite|Dragonite, F|100\/100|[from] U-turn\n|-damage|p1a: Dragonite|76\/100|[from] Stealth Rock\n|\n|-weather|Sandstorm|[upkeep]\n|-damage|p2a: Ogerpon|41\/100|[from] Sandstorm\n|-damage|p1a: Dragonite|70\/100|[from] Sandstorm\n|upkeep\n|turn|5\n|\n|t:|1700055391\n|switch|p2a: Volcarona|Volcarona, F|100\/100\n|move|p1a: Dragonite|Extreme Speed|p2a: Volcarona\n|-crit|p2a: Volcarona\n|-damage|p2a: Volcarona|0 fnt\n|-status|p1a: Dragonite|brn|[from] ability: Flame Body|[of] p2a: Volcarona\n|faint|p2a: Volcarona\n|\n|-weather|none\n|-damage|p1a: Dragonite|64\/100 brn|[from] brn\n|upkeep\n|\n|t:|1700055396\n|switch|p2a: Ninetales|Ninetales-Alola, M|100\/100\n|-weather|Snow|[from] ability: Snow Warning|[of] p2a: Ninetales\n|turn|6\n|\n|t:|1700055402\n|switch|p2a: Kyurem|Kyurem|100\/100\n|-ability|p2a: Kyurem|Pressure\n|switch|p1a: Tyranitar|Tyranitar, M|29\/100\n|-damage|p1a: Tyranitar|17\/100|[from] Stealth Rock\n|-weather|Sandstorm|[from] ability: Sand Stream|[of] p1a: Tyranitar\n|\n|-weather|Sandstorm|[upkeep]\n|-damage|p2a: Kyurem|94\/100|[from] Sandstorm\n|upkeep\n|turn|7\n|\n|t:|1700055419\n|detailschange|p1a: Tyranitar|Tyranitar-Mega, M\n|-mega|p1a: Tyranitar|Tyranitar|Tyranitarite\n|-terastallize|p2a: Kyurem|Steel\n|move|p2a: Kyurem|Dragon Dance|p2a: Kyurem\n|-boost|p2a: Kyurem|atk|1\n|-boost|p2a: Kyurem|spe|1\n|move|p1a: Tyranitar|Knock Off|p2a: Kyurem\n|-damage|p2a: Kyurem|33\/100\n|-enditem|p2a: Kyurem|Loaded Dice|[from] move: Knock Off|[of] p1a: Tyranitar\n|\n|-weather|Sandstorm|[upkeep]\n|upkeep\n|turn|8\n|\n|t:|1700055433\n|move|p2a: Kyurem|Icicle Spear|p1a: Tyranitar\n|-damage|p1a: Tyranitar|4\/100\n|-damage|p1a: Tyranitar|0 fnt\n|faint|p1a: Tyranitar\n|-hitcount|p1: Tyranitar|2\n|\n|-weather|Sandstorm|[upkeep]\n|upkeep\n|inactive|shiyv has 120 seconds left.\n|l| Kaizo Block 6000\n|\n|t:|1700055463\n|switch|p1a: Dragonite|Dragonite, F|64\/100 brn\n|-damage|p1a: Dragonite|39\/100 brn|[from] Stealth Rock\n|turn|9\n|\n|t:|1700055470\n|move|p1a: Dragonite|Extreme Speed|p2a: Kyurem\n|-resisted|p2a: Kyurem\n|-crit|p2a: Kyurem\n|-damage|p2a: Kyurem|16\/100\n|move|p2a: Kyurem|Icicle Spear|p1a: Dragonite\n|-supereffective|p1a: Dragonite\n|-crit|p1a: Dragonite\n|-damage|p1a: Dragonite|0 fnt\n|faint|p1a: Dragonite\n|-hitcount|p1: Dragonite|1\n|\n|-weather|Sandstorm|[upkeep]\n|upkeep\n|inactive|shiyv has 120 seconds left.\n|\n|t:|1700055480\n|switch|p1a: Moltres|Moltres, tera:Grass|71\/100\n|turn|10\n|\n|t:|1700055488\n|move|p2a: Kyurem|Icicle Spear|p1a: Moltres\n|-supereffective|p1a: Moltres\n|-damage|p1a: Moltres|43\/100\n|-supereffective|p1a: Moltres\n|-damage|p1a: Moltres|13\/100\n|-supereffective|p1a: Moltres\n|-damage|p1a: Moltres|0 fnt\n|faint|p1a: Moltres\n|-hitcount|p1: Moltres|3\n|\n|-weather|none\n|upkeep\n|\n|t:|1700055493\n|switch|p1a: Volcanion|Volcanion|100\/100\n|turn|11\n|\n|t:|1700055499\n|move|p2a: Kyurem|Scale Shot|p1a: Volcanion\n|-damage|p1a: Volcanion|83\/100\n|-damage|p1a: Volcanion|65\/100\n|-damage|p1a: Volcanion|46\/100\n|-hitcount|p1a: Volcanion|3\n|-unboost|p2a: Kyurem|def|1\n|-boost|p2a: Kyurem|spe|1\n|move|p1a: Volcanion|Flamethrower|p2a: Kyurem\n|-supereffective|p2a: Kyurem\n|-crit|p2a: Kyurem\n|-damage|p2a: Kyurem|0 fnt\n|faint|p2a: Kyurem\n|\n|upkeep\n|\n|t:|1700055507\n|switch|p2a: Ogerpon|Ogerpon-Wellspring, F|41\/100\n|turn|12\n|\n|t:|1700055510\n|move|p2a: Ogerpon|Power Whip|p1a: Volcanion\n|-damage|p1a: Volcanion|0 fnt\n|faint|p1a: Volcanion\n|\n|upkeep\n|\n|t:|1700055514\n|switch|p1a: Iron Valiant|Iron Valiant|100\/100\n|-damage|p1a: Iron Valiant|94\/100|[from] Stealth Rock\n|turn|13\n|\n|t:|1700055521\n|move|p1a: Iron Valiant|Moonblast|p2a: Ogerpon\n|-damage|p2a: Ogerpon|0 fnt\n|faint|p2a: Ogerpon\n|\n|upkeep\n|\n|t:|1700055526\n|switch|p2a: Ninetales|Ninetales-Alola, M|100\/100\n|-weather|Snow|[from] ability: Snow Warning|[of] p2a: Ninetales\n|turn|14\n|\n|t:|1700055537\n|move|p1a: Iron Valiant|Fire Punch|p2a: Ninetales\n|-supereffective|p2a: Ninetales\n|-damage|p2a: Ninetales|46\/100\n|move|p2a: Ninetales|Aurora Veil|p2a: Ninetales\n|-sidestart|p2: WAILORDPLAYSMUCH|move: Aurora Veil\n|\n|-weather|Snow|[upkeep]\n|upkeep\n|turn|15\n|\n|t:|1700055548\n|move|p1a: Iron Valiant|Fire Punch|p2a: Ninetales\n|-supereffective|p2a: Ninetales\n|-damage|p2a: Ninetales|19\/100\n|move|p2a: Ninetales|Freeze-Dry|p1a: Iron Valiant\n|-damage|p1a: Iron Valiant|52\/100\n|\n|-weather|Snow|[upkeep]\n|upkeep\n|turn|16\n|\n|t:|1700055552\n|move|p1a: Iron Valiant|Fire Punch|p2a: Ninetales\n|-supereffective|p2a: Ninetales\n|-crit|p2a: Ninetales\n|-damage|p2a: Ninetales|0 fnt\n|faint|p2a: Ninetales\n|\n|-weather|Snow|[upkeep]\n|upkeep\n|\n|t:|1700055554\n|switch|p2a: Gyarados|Gyarados, M|100\/100\n|-ability|p2a: Gyarados|Intimidate|boost\n|-unboost|p1a: Iron Valiant|atk|1\n|turn|17\n|\n|t:|1700055556\n|detailschange|p2a: Gyarados|Gyarados-Mega, M\n|-mega|p2a: Gyarados|Gyarados|Gyaradosite\n|-ability|p2a: Gyarados|Mold Breaker\n|move|p1a: Iron Valiant|Thunderbolt|p2a: Gyarados\n|-supereffective|p2a: Gyarados\n|-damage|p2a: Gyarados|76\/100\n|move|p2a: Gyarados|Dragon Dance|p2a: Gyarados\n|-boost|p2a: Gyarados|atk|1\n|-boost|p2a: Gyarados|spe|1\n|\n|-weather|Snow|[upkeep]\n|upkeep\n|turn|18\n|\n|t:|1700055560\n|move|p2a: Gyarados|Waterfall|p1a: Iron Valiant\n|-damage|p1a: Iron Valiant|0 fnt\n|faint|p1a: Iron Valiant\n|-end|p1a: Iron Valiant|Quark Drive|[silent]\n|\n|-weather|none\n|upkeep\n|\n|t:|1700055562\n|switch|p1a: Glimmora|Glimmora, M|100\/100\n|-damage|p1a: Glimmora|88\/100|[from] Stealth Rock\n|turn|19\n|\n|t:|1700055571\n|move|p2a: Gyarados|Waterfall|p1a: Glimmora\n|-supereffective|p1a: Glimmora\n|-damage|p1a: Glimmora|0 fnt\n|-activate|p1a: Glimmora|ability: Toxic Debris\n|-sidestart|p2: WAILORDPLAYSMUCH|move: Toxic Spikes\n|faint|p1a: Glimmora\n|\n|win|WAILORDPLAYSMUCH\n|raw|shiyv's rating: 1632 &rarr; <strong>1614<\/strong><br \/>(-18 for losing)\n|raw|WAILORDPLAYSMUCH's rating: 1674 &rarr; <strong>1692<\/strong><br \/>(+18 for winning)\n","uploadtime":1700055573,"views":4,"p1id":"shiyv","p2id":"wailordplaysmuch","formatid":"gen9nationaldex","rating":1614,"private":0,"password":""}