{"id":"gen9nationaldex-1988633681","p1":"fluffersmcsheep","p2":"ZPlusC1","format":"[Gen 9] National Dex","log":"|j|\u2606fluffersmcsheep\n|j|\u2606ZPlusC1\n|t:|1699744338\n|gametype|singles\n|player|p1|fluffersmcsheep|scientistf|1416\n|player|p2|ZPlusC1|falkner|1407\n|teamsize|p1|6\n|teamsize|p2|6\n|gen|9\n|tier|[Gen 9] National Dex\n|rated|\n|rule|HP Percentage Mod: HP is shown in percentages\n|rule|Endless Battle Clause: Forcing endless battles is banned\n|rule|OHKO Clause: OHKO moves are banned\n|rule|Evasion Clause: Evasion abilities, items, and moves are banned\n|rule|Evasion Abilities Clause: Evasion abilities are banned\n|rule|Evasion Items Clause: Evasion items are banned\n|rule|Evasion Moves Clause: Evasion moves are banned\n|rule|Species Clause: Limit one of each Pok\u00e9mon\n|rule|Sleep Clause Mod: Limit one foe put to sleep\n|clearpoke\n|poke|p1|Ting-Lu|\n|poke|p1|Lopunny, M|\n|poke|p1|Garchomp, F|\n|poke|p1|Moltres|\n|poke|p1|Hoopa-Unbound|\n|poke|p1|Iron Valiant|\n|poke|p2|Excadrill, F|\n|poke|p2|Tyranitar, F|\n|poke|p2|Toxapex, F|\n|poke|p2|Ting-Lu|\n|poke|p2|Zapdos|\n|poke|p2|Weavile, F|\n|teampreview\n|inactive|Battle timer is ON: inactive players will automatically lose when time's up. (requested by ZPlusC1)\n|inactive|fluffersmcsheep also wants the timer to be on.\n|\n|t:|1699744349\n|start\n|switch|p1a: Garchomp|Garchomp, F|100\/100\n|switch|p2a: Toxapex|Toxapex, F|100\/100\n|turn|1\n|\n|t:|1699744352\n|move|p1a: Garchomp|Stealth Rock|p2a: Toxapex\n|-sidestart|p2: ZPlusC1|move: Stealth Rock\n|move|p2a: Toxapex|Scald|p1a: Garchomp\n|-damage|p1a: Garchomp|82\/100\n|\n|upkeep\n|turn|2\n|\n|t:|1699744356\n|move|p1a: Garchomp|Earthquake|p2a: Toxapex\n|-supereffective|p2a: Toxapex\n|-damage|p2a: Toxapex|36\/100\n|move|p2a: Toxapex|Scald|p1a: Garchomp\n|-damage|p1a: Garchomp|62\/100\n|\n|upkeep\n|turn|3\n|\n|t:|1699744360\n|switch|p2a: Zapdos|Zapdos|100\/100\n|move|p1a: Garchomp|Swords Dance|p1a: Garchomp\n|-boost|p1a: Garchomp|atk|2\n|\n|upkeep\n|turn|4\n|\n|t:|1699744364\n|move|p1a: Garchomp|Scale Shot|p2a: Zapdos\n|-damage|p2a: Zapdos|80\/100\n|-damage|p2a: Zapdos|59\/100\n|-hitcount|p2a: Zapdos|2\n|-unboost|p1a: Garchomp|def|1\n|-boost|p1a: Garchomp|spe|1\n|move|p2a: Zapdos|Hurricane|p1a: Garchomp\n|-damage|p1a: Garchomp|11\/100\n|\n|upkeep\n|turn|5\n|\n|t:|1699744371\n|move|p1a: Garchomp|Scale Shot|p2a: Zapdos\n|-damage|p2a: Zapdos|38\/100\n|-damage|p2a: Zapdos|16\/100\n|-hitcount|p2a: Zapdos|2\n|-unboost|p1a: Garchomp|def|1\n|-boost|p1a: Garchomp|spe|1\n|move|p2a: Zapdos|Defog|p1a: Garchomp\n|-unboost|p1a: Garchomp|evasion|1\n|-sideend|p2: ZPlusC1|Stealth Rock|[from] move: Defog|[of] p2a: Zapdos\n|\n|upkeep\n|turn|6\n|\n|t:|1699744376\n|move|p1a: Garchomp|Stealth Rock|p2a: Zapdos\n|-sidestart|p2: ZPlusC1|move: Stealth Rock\n|move|p2a: Zapdos|Hurricane|p1a: Garchomp\n|-damage|p1a: Garchomp|0 fnt\n|faint|p1a: Garchomp\n|\n|upkeep\n|\n|t:|1699744378\n|switch|p1a: Lopunny|Lopunny, M|100\/100\n|turn|7\n|\n|t:|1699744383\n|detailschange|p1a: Lopunny|Lopunny-Mega, M\n|-mega|p1a: Lopunny|Lopunny|Lopunnite\n|move|p1a: Lopunny|Fake Out|p2a: Zapdos\n|-damage|p2a: Zapdos|0 fnt\n|faint|p2a: Zapdos\n|\n|upkeep\n|\n|t:|1699744387\n|switch|p2a: Toxapex|Toxapex, F|70\/100\n|-damage|p2a: Toxapex|58\/100|[from] Stealth Rock\n|turn|8\n|\n|t:|1699744389\n|move|p1a: Lopunny|U-turn|p2a: Toxapex\n|-resisted|p2a: Toxapex\n|-damage|p2a: Toxapex|50\/100\n|-damage|p1a: Lopunny|84\/100|[from] item: Rocky Helmet|[of] p2a: Toxapex\n|\n|t:|1699744392\n|switch|p1a: Hoopa|Hoopa-Unbound|100\/100|[from] U-turn\n|move|p2a: Toxapex|Recover|p2a: Toxapex\n|-heal|p2a: Toxapex|100\/100\n|\n|upkeep\n|turn|9\n|\n|t:|1699744400\n|move|p1a: Hoopa|Hyperspace Fury|p2a: Toxapex\n|-damage|p2a: Toxapex|48\/100\n|-unboost|p1a: Hoopa|def|1\n|move|p2a: Toxapex|Toxic Spikes|p1a: Hoopa\n|-sidestart|p1: fluffersmcsheep|move: Toxic Spikes\n|\n|upkeep\n|turn|10\n|\n|t:|1699744408\n|switch|p2a: Tyranitar|Tyranitar, F|100\/100\n|-damage|p2a: Tyranitar|88\/100|[from] Stealth Rock\n|-weather|Sandstorm|[from] ability: Sand Stream|[of] p2a: Tyranitar\n|move|p1a: Hoopa|Hyperspace Fury|p2a: Tyranitar\n|-resisted|p2a: Tyranitar\n|-damage|p2a: Tyranitar|51\/100\n|-unboost|p1a: Hoopa|def|1\n|\n|-weather|Sandstorm|[upkeep]\n|-damage|p1a: Hoopa|95\/100|[from] Sandstorm\n|upkeep\n|turn|11\n|\n|t:|1699744416\n|-activate|p1a: Hoopa|move: Pursuit\n|detailschange|p2a: Tyranitar|Tyranitar-Mega, F\n|-mega|p2a: Tyranitar|Tyranitar|Tyranitarite\n|move|p2a: Tyranitar|Pursuit|p1a: Hoopa|[from]Pursuit\n|-damage|p1a: Hoopa|0 fnt\n|faint|p1a: Hoopa\n|-hint|A Pokemon can't switch between when it runs out of HP and when it faints\n|\n|-weather|Sandstorm|[upkeep]\n|upkeep\n|\n|t:|1699744421\n|switch|p1a: Moltres|Moltres|100\/100\n|turn|12\n|\n|t:|1699744425\n|-terastallize|p1a: Moltres|Water\n|move|p1a: Moltres|Defog|p2a: Tyranitar\n|-unboost|p2a: Tyranitar|evasion|1\n|-sideend|p2: ZPlusC1|Stealth Rock|[from] move: Defog|[of] p1a: Moltres\n|-sideend|p1: fluffersmcsheep|Toxic Spikes|[from] move: Defog|[of] p1a: Moltres\n|move|p2a: Tyranitar|Stone Edge|p1a: Moltres\n|-damage|p1a: Moltres|30\/100\n|\n|-weather|Sandstorm|[upkeep]\n|-damage|p1a: Moltres|24\/100|[from] Sandstorm\n|upkeep\n|turn|13\n|\n|t:|1699744434\n|switch|p1a: Ting-Lu|Ting-Lu|100\/100\n|-ability|p1a: Ting-Lu|Vessel of Ruin\n|move|p2a: Tyranitar|Knock Off|p1a: Ting-Lu\n|-resisted|p1a: Ting-Lu\n|-damage|p1a: Ting-Lu|88\/100\n|-enditem|p1a: Ting-Lu|Leftovers|[from] move: Knock Off|[of] p2a: Tyranitar\n|\n|-weather|Sandstorm|[upkeep]\n|upkeep\n|turn|14\n|\n|t:|1699744437\n|move|p2a: Tyranitar|Stealth Rock|p1a: Ting-Lu\n|-sidestart|p1: fluffersmcsheep|move: Stealth Rock\n|move|p1a: Ting-Lu|Spikes|p2a: Tyranitar\n|-sidestart|p2: ZPlusC1|Spikes\n|\n|-weather|none\n|upkeep\n|turn|15\n|\n|t:|1699744447\n|switch|p2a: Weavile|Weavile, F|100\/100\n|-damage|p2a: Weavile|88\/100|[from] Spikes\n|-ability|p2a: Weavile|Pressure\n|move|p1a: Ting-Lu|Earthquake|p2a: Weavile\n|-damage|p2a: Weavile|28\/100\n|\n|upkeep\n|turn|16\n|\n|t:|1699744451\n|move|p2a: Weavile|Triple Axel|p1a: Ting-Lu\n|-supereffective|p1a: Ting-Lu\n|-damage|p1a: Ting-Lu|76\/100\n|-supereffective|p1a: Ting-Lu\n|-damage|p1a: Ting-Lu|53\/100\n|-supereffective|p1a: Ting-Lu\n|-damage|p1a: Ting-Lu|14\/100\n|-hitcount|p1a: Ting-Lu|3\n|move|p1a: Ting-Lu|Earthquake|p2a: Weavile\n|-damage|p2a: Weavile|0 fnt\n|faint|p2a: Weavile\n|\n|upkeep\n|\n|t:|1699744455\n|switch|p2a: Excadrill|Excadrill, F|100\/100\n|-damage|p2a: Excadrill|88\/100|[from] Spikes\n|turn|17\n|\n|t:|1699744463\n|move|p2a: Excadrill|Earthquake|p1a: Ting-Lu\n|-damage|p1a: Ting-Lu|0 fnt\n|faint|p1a: Ting-Lu\n|\n|upkeep\n|\n|t:|1699744465\n|switch|p1a: Lopunny|Lopunny-Mega, M|84\/100\n|-damage|p1a: Lopunny|78\/100|[from] Stealth Rock\n|turn|18\n|\n|t:|1699744471\n|switch|p2a: Toxapex|Toxapex, F|81\/100\n|-damage|p2a: Toxapex|69\/100|[from] Spikes\n|move|p1a: Lopunny|Close Combat|p2a: Toxapex\n|-resisted|p2a: Toxapex\n|-damage|p2a: Toxapex|47\/100\n|-unboost|p1a: Lopunny|def|1\n|-unboost|p1a: Lopunny|spd|1\n|-damage|p1a: Lopunny|61\/100|[from] item: Rocky Helmet|[of] p2a: Toxapex\n|\n|upkeep\n|turn|19\n|\n|t:|1699744477\n|move|p1a: Lopunny|Close Combat|p2a: Toxapex\n|-resisted|p2a: Toxapex\n|-damage|p2a: Toxapex|27\/100\n|-unboost|p1a: Lopunny|def|1\n|-unboost|p1a: Lopunny|spd|1\n|-damage|p1a: Lopunny|45\/100|[from] item: Rocky Helmet|[of] p2a: Toxapex\n|move|p2a: Toxapex|Toxic Spikes|p1a: Lopunny\n|-sidestart|p1: fluffersmcsheep|move: Toxic Spikes\n|\n|upkeep\n|turn|20\n|\n|t:|1699744485\n|switch|p2a: Tyranitar|Tyranitar-Mega, F|51\/100\n|-damage|p2a: Tyranitar|38\/100|[from] Spikes\n|-weather|Sandstorm|[from] ability: Sand Stream|[of] p2a: Tyranitar\n|move|p1a: Lopunny|U-turn|p2a: Tyranitar\n|-supereffective|p2a: Tyranitar\n|-damage|p2a: Tyranitar|6\/100\n|\n|t:|1699744488\n|switch|p1a: Moltres|Moltres, tera:Water|24\/100|[from] U-turn\n|\n|-weather|Sandstorm|[upkeep]\n|-damage|p1a: Moltres|18\/100|[from] Sandstorm\n|upkeep\n|turn|21\n|\n|t:|1699744497\n|move|p1a: Moltres|Defog|p2a: Tyranitar\n|-unboost|p2a: Tyranitar|evasion|1\n|-sideend|p2: ZPlusC1|Spikes|[from] move: Defog|[of] p1a: Moltres\n|-sideend|p1: fluffersmcsheep|Toxic Spikes|[from] move: Defog|[of] p1a: Moltres\n|-sideend|p1: fluffersmcsheep|Stealth Rock|[from] move: Defog|[of] p1a: Moltres\n|move|p2a: Tyranitar|Knock Off|p1a: Moltres\n|-damage|p1a: Moltres|0 fnt\n|-enditem|p1a: Moltres|Heavy-Duty Boots|[from] move: Knock Off|[of] p2a: Tyranitar\n|faint|p1a: Moltres\n|\n|-weather|Sandstorm|[upkeep]\n|upkeep\n|\n|t:|1699744499\n|switch|p1a: Lopunny|Lopunny-Mega, M|45\/100\n|turn|22\n|\n|t:|1699744504\n|move|p1a: Lopunny|Fake Out|p2a: Tyranitar\n|-resisted|p2a: Tyranitar\n|-damage|p2a: Tyranitar|0 fnt\n|faint|p2a: Tyranitar\n|\n|-weather|Sandstorm|[upkeep]\n|-damage|p1a: Lopunny|39\/100|[from] Sandstorm\n|upkeep\n|\n|t:|1699744506\n|switch|p2a: Excadrill|Excadrill, F|88\/100\n|turn|23\n|\n|t:|1699744508\n|move|p2a: Excadrill|Earthquake|p1a: Lopunny\n|-damage|p1a: Lopunny|0 fnt\n|faint|p1a: Lopunny\n|\n|-weather|Sandstorm|[upkeep]\n|upkeep\n|\n|t:|1699744510\n|switch|p1a: Iron Valiant|Iron Valiant|100\/100\n|-enditem|p1a: Iron Valiant|Booster Energy\n|-activate|p1a: Iron Valiant|ability: Quark Drive|[fromitem]\n|-start|p1a: Iron Valiant|quarkdrivespe\n|turn|24\n|\n|t:|1699744514\n|-zpower|p2a: Excadrill\n|move|p2a: Excadrill|Corkscrew Crash|p1a: Iron Valiant|[zeffect]\n|-supereffective|p1a: Iron Valiant\n|-damage|p1a: Iron Valiant|0 fnt\n|faint|p1a: Iron Valiant\n|-end|p1a: Iron Valiant|Quark Drive|[silent]\n|\n|win|ZPlusC1\n|raw|fluffersmcsheep's rating: 1416 &rarr; <strong>1395<\/strong><br \/>(-21 for losing)\n|raw|ZPlusC1's rating: 1407 &rarr; <strong>1428<\/strong><br \/>(+21 for winning)\n|l|\u2606fluffersmcsheep\n","uploadtime":1699744518,"views":4,"p1id":"fluffersmcsheep","p2id":"zplusc1","formatid":"gen9nationaldex","rating":1395,"private":0,"password":""}