{"id":"gen9nationaldex-1991660328","p1":"Solaris2003","p2":"BriefStar","format":"[Gen 9] National Dex","log":"|j|\u2606Solaris2003\n|j|\u2606BriefStar\n|t:|1700099599\n|gametype|singles\n|player|p1|Solaris2003|169|\n|player|p2|BriefStar|benga|\n|teamsize|p1|6\n|teamsize|p2|6\n|gen|9\n|tier|[Gen 9] National Dex\n|rule|HP Percentage Mod: HP is shown in percentages\n|rule|Endless Battle Clause: Forcing endless battles is banned\n|rule|OHKO Clause: OHKO moves are banned\n|rule|Evasion Clause: Evasion abilities, items, and moves are banned\n|rule|Evasion Abilities Clause: Evasion abilities are banned\n|rule|Evasion Items Clause: Evasion items are banned\n|rule|Evasion Moves Clause: Evasion moves are banned\n|rule|Species Clause: Limit one of each Pok\u00e9mon\n|rule|Sleep Clause Mod: Limit one foe put to sleep\n|clearpoke\n|poke|p1|Cinderace, F|\n|poke|p1|Lycanroc-Dusk, M|\n|poke|p1|Noivern, M|\n|poke|p1|Copperajah, M|\n|poke|p1|Leafeon, M|\n|poke|p1|Flaaffy, F|\n|poke|p2|Torkoal, F|\n|poke|p2|Tinkaton, F|\n|poke|p2|Bellibolt, F|\n|poke|p2|Mismagius, M|\n|poke|p2|Charizard, F|\n|poke|p2|Fraxure, M|\n|teampreview\n|\n|t:|1700099643\n|start\n|switch|p1a: Noivern|Noivern, M|100\/100\n|switch|p2a: Donny|Torkoal, F|100\/100\n|-weather|SunnyDay|[from] ability: Drought|[of] p2a: Donny\n|turn|1\n|j| PyroGaleZX\n|\n|t:|1700099652\n|move|p1a: Noivern|Air Slash|p2a: Donny\n|-damage|p2a: Donny|45\/100\n|-damage|p1a: Noivern|91\/100|[from] item: Life Orb\n|move|p2a: Donny|Yawn|p1a: Noivern\n|-start|p1a: Noivern|move: Yawn|[of] p2a: Donny\n|\n|-weather|SunnyDay|[upkeep]\n|upkeep\n|turn|2\n|j| Jam20Jam\n|\n|t:|1700099665\n|switch|p2a: Megaton|Tinkaton, F|100\/100\n|-ability|p2a: Megaton|Mold Breaker\n|move|p1a: Noivern|Draco Meteor|p2a: Megaton\n|-immune|p2a: Megaton\n|\n|-weather|SunnyDay|[upkeep]\n|-end|p1a: Noivern|move: Yawn|[silent]\n|-status|p1a: Noivern|slp\n|upkeep\n|turn|3\n|\n|t:|1700099679\n|switch|p1a: Copperajah|Copperajah, M|100\/100\n|switch|p2a: Hey There|Fraxure, M|100\/100\n|-ability|p2a: Hey There|Mold Breaker\n|\n|-weather|SunnyDay|[upkeep]\n|upkeep\n|turn|4\n|\n|t:|1700099690\n|move|p2a: Hey There|Dragon Dance|p2a: Hey There\n|-boost|p2a: Hey There|atk|1\n|-boost|p2a: Hey There|spe|1\n|move|p1a: Copperajah|Heavy Slam|p2a: Hey There\n|-damage|p2a: Hey There|30\/100\n|\n|-weather|SunnyDay|[upkeep]\n|upkeep\n|turn|5\n|\n|t:|1700099697\n|move|p2a: Hey There|Stomping Tantrum|p1a: Copperajah\n|-supereffective|p1a: Copperajah\n|-damage|p1a: Copperajah|23\/100\n|move|p1a: Copperajah|Heavy Slam|p2a: Hey There\n|-damage|p2a: Hey There|0 fnt\n|faint|p2a: Hey There\n|\n|-weather|SunnyDay|[upkeep]\n|-heal|p1a: Copperajah|29\/100|[from] item: Leftovers\n|upkeep\n|\n|t:|1700099718\n|switch|p2a: Charizard|Charizard, F, shiny|100\/100\n|turn|6\n|\n|t:|1700099733\n|-terastallize|p2a: Charizard|Steel\n|move|p2a: Charizard|Tera Blast|p1a: Copperajah|[anim] Tera Blast Steel\n|-resisted|p1a: Copperajah\n|-damage|p1a: Copperajah|0 fnt\n|faint|p1a: Copperajah\n|\n|-weather|SunnyDay|[upkeep]\n|-damage|p2a: Charizard|88\/100|[from] ability: Solar Power|[of] p2a: Charizard\n|upkeep\n|\n|t:|1700099741\n|switch|p1a: Cinderace|Cinderace, F|100\/100\n|turn|7\n|\n|t:|1700099746\n|switch|p2a: Donny|Torkoal, F|45\/100\n|move|p1a: Cinderace|Pyro Ball|p2a: Donny\n|-resisted|p2a: Donny\n|-damage|p2a: Donny|19\/100\n|\n|-weather|SunnyDay|[upkeep]\n|upkeep\n|turn|8\n|\n|t:|1700099753\n|move|p1a: Cinderace|Sucker Punch||[still]\n|-fail|p1a: Cinderace\n|move|p2a: Donny|Stealth Rock|p1a: Cinderace\n|-sidestart|p1: Solaris2003|move: Stealth Rock\n|\n|-weather|none\n|upkeep\n|turn|9\n|\n|t:|1700099771\n|switch|p2a: Get in MY BELLY|Bellibolt, F|100\/100\n|move|p1a: Cinderace|Court Change|p1a: Cinderace\n|-start|p1a: Cinderace|typechange|Normal|[from] ability: Libero\n|-swapsideconditions\n|-activate|p1a: Cinderace|move: Court Change\n|\n|upkeep\n|turn|10\n|\n|t:|1700099786\n|move|p1a: Cinderace|Gunk Shot|p2a: Get in MY BELLY\n|-damage|p2a: Get in MY BELLY|75\/100\n|-start|p2a: Get in MY BELLY|Charge|Gunk Shot|[from] ability: Electromorphosis\n|move|p2a: Get in MY BELLY|Volt Switch|p1a: Cinderace\n|-damage|p1a: Cinderace|24\/100\n|-end|p2a: Get in MY BELLY|Charge|[silent]\n|\n|t:|1700099822\n|switch|p2a: Charizard|Charizard, F, shiny, tera:Steel|88\/100|[from] Volt Switch\n|-damage|p2a: Charizard|82\/100|[from] Stealth Rock\n|\n|upkeep\n|turn|11\n|\n|t:|1700099831\n|switch|p2a: Get in MY BELLY|Bellibolt, F|75\/100\n|move|p1a: Cinderace|Pyro Ball|p2a: Get in MY BELLY\n|-damage|p2a: Get in MY BELLY|51\/100\n|-status|p2a: Get in MY BELLY|brn\n|-start|p2a: Get in MY BELLY|Charge|Pyro Ball|[from] ability: Electromorphosis\n|\n|-damage|p2a: Get in MY BELLY|45\/100 brn|[from] brn\n|upkeep\n|turn|12\n|\n|t:|1700099847\n|move|p1a: Cinderace|Sucker Punch|p2a: Get in MY BELLY\n|-damage|p2a: Get in MY BELLY|32\/100 brn\n|-start|p2a: Get in MY BELLY|Charge|Sucker Punch|[from] ability: Electromorphosis\n|move|p2a: Get in MY BELLY|Volt Switch|p1a: Cinderace\n|-damage|p1a: Cinderace|0 fnt\n|faint|p1a: Cinderace\n|-end|p2a: Get in MY BELLY|Charge|[silent]\n|\n|t:|1700099858\n|switch|p2a: Donny|Torkoal, F|19\/100|[from] Volt Switch\n|-damage|p2a: Donny|0 fnt|[from] Stealth Rock\n|faint|p2a: Donny\n|\n|upkeep\n|\n|t:|1700099867\n|switch|p1a: Flaaffy|Flaaffy, F|100\/100\n|switch|p2a: Get in MY BELLY|Bellibolt, F|32\/100 brn\n|turn|13\n|\n|t:|1700099875\n|move|p2a: Get in MY BELLY|Slack Off|p2a: Get in MY BELLY\n|-heal|p2a: Get in MY BELLY|82\/100 brn\n|move|p1a: Flaaffy|Light Screen|p1a: Flaaffy\n|-sidestart|p1: Solaris2003|move: Light Screen\n|\n|-damage|p2a: Get in MY BELLY|76\/100 brn|[from] brn\n|upkeep\n|turn|14\n|\n|t:|1700099885\n|move|p2a: Get in MY BELLY|Volt Switch|p1a: Flaaffy\n|-resisted|p1a: Flaaffy\n|-damage|p1a: Flaaffy|94\/100\n|\n|t:|1700099893\n|switch|p2a: Megaton|Tinkaton, F|100\/100|[from] Volt Switch\n|-damage|p2a: Megaton|94\/100|[from] Stealth Rock\n|-ability|p2a: Megaton|Mold Breaker\n|move|p1a: Flaaffy|Sunny Day|p1a: Flaaffy\n|-weather|SunnyDay\n|\n|-weather|SunnyDay|[upkeep]\n|upkeep\n|turn|15\n|\n|t:|1700099906\n|move|p2a: Megaton|Knock Off|p1a: Flaaffy\n|-damage|p1a: Flaaffy|56\/100\n|-status|p2a: Megaton|par|[from] ability: Static|[of] p1a: Flaaffy\n|-enditem|p1a: Flaaffy|Heat Rock|[from] move: Knock Off|[of] p2a: Megaton\n|move|p1a: Flaaffy|Reflect|p1a: Flaaffy\n|-sidestart|p1: Solaris2003|Reflect\n|\n|-weather|SunnyDay|[upkeep]\n|upkeep\n|turn|16\n|\n|t:|1700099918\n|move|p1a: Flaaffy|Volt Switch|p2a: Megaton\n|-damage|p2a: Megaton|84\/100 par\n|\n|t:|1700099923\n|switch|p1a: Glockeon Jr|Leafeon, M|100\/100|[from] Volt Switch\n|cant|p2a: Megaton|par\n|\n|-weather|SunnyDay|[upkeep]\n|upkeep\n|turn|17\n|\n|t:|1700099930\n|move|p1a: Glockeon Jr|Swords Dance|p1a: Glockeon Jr\n|-boost|p1a: Glockeon Jr|atk|2\n|move|p2a: Megaton|Ice Hammer|p1a: Glockeon Jr\n|-supereffective|p1a: Glockeon Jr\n|-damage|p1a: Glockeon Jr|78\/100\n|-unboost|p2a: Megaton|spe|1\n|\n|-weather|SunnyDay|[upkeep]\n|-sideend|p1: Solaris2003|move: Light Screen\n|upkeep\n|turn|18\n|\n|t:|1700099948\n|move|p1a: Glockeon Jr|Knock Off|p2a: Megaton\n|-resisted|p2a: Megaton\n|-damage|p2a: Megaton|30\/100 par\n|-enditem|p2a: Megaton|Assault Vest|[from] move: Knock Off|[of] p1a: Glockeon Jr\n|-damage|p1a: Glockeon Jr|68\/100|[from] item: Life Orb\n|move|p2a: Megaton|Play Rough|p1a: Glockeon Jr\n|-damage|p1a: Glockeon Jr|51\/100\n|\n|-weather|SunnyDay|[upkeep]\n|upkeep\n|turn|19\n|\n|t:|1700099980\n|move|p1a: Glockeon Jr|Knock Off|p2a: Megaton\n|-resisted|p2a: Megaton\n|-damage|p2a: Megaton|0 fnt\n|faint|p2a: Megaton\n|-damage|p1a: Glockeon Jr|41\/100|[from] item: Life Orb\n|\n|-weather|SunnyDay|[upkeep]\n|-sideend|p1: Solaris2003|Reflect\n|upkeep\n|\n|t:|1700099988\n|switch|p2a: Charizard|Charizard, F, shiny, tera:Steel|82\/100\n|-damage|p2a: Charizard|76\/100|[from] Stealth Rock\n|turn|20\n|\n|t:|1700099996\n|move|p1a: Glockeon Jr|Knock Off|p2a: Charizard\n|-crit|p2a: Charizard\n|-damage|p2a: Charizard|0 fnt\n|-enditem|p2a: Charizard|Choice Specs|[from] move: Knock Off|[of] p1a: Glockeon Jr\n|faint|p2a: Charizard\n|-damage|p1a: Glockeon Jr|31\/100|[from] item: Life Orb\n|\n|-weather|SunnyDay|[upkeep]\n|upkeep\n|c| PyroGaleZX|Do it\n|\n|t:|1700100002\n|switch|p2a: Get in MY BELLY|Bellibolt, F|76\/100 brn\n|turn|21\n|\n|t:|1700100009\n|move|p1a: Glockeon Jr|Solar Blade||[still]\n|-prepare|p1a: Glockeon Jr|Solar Blade\n|-anim|p1a: Glockeon Jr|Solar Blade|p2a: Get in MY BELLY\n|-damage|p2a: Get in MY BELLY|0 fnt\n|faint|p2a: Get in MY BELLY\n|-damage|p1a: Glockeon Jr|22\/100|[from] item: Life Orb\n|\n|-weather|none\n|upkeep\n|\n|t:|1700100016\n|switch|p2a: Magic|Mismagius, M|100\/100\n|-damage|p2a: Magic|88\/100|[from] Stealth Rock\n|turn|22\n|\n|t:|1700100021\n|move|p2a: Magic|Shadow Ball|p1a: Glockeon Jr\n|-damage|p1a: Glockeon Jr|0 fnt\n|faint|p1a: Glockeon Jr\n|-damage|p2a: Magic|78\/100|[from] item: Life Orb\n|\n|upkeep\n|\n|t:|1700100046\n|switch|p1a: Lycanroc|Lycanroc-Dusk, M|100\/100\n|turn|23\n|\n|t:|1700100064\n|move|p1a: Lycanroc|Psychic Fangs|p2a: Magic\n|-damage|p2a: Magic|0 fnt\n|faint|p2a: Magic\n|\n|win|Solaris2003\n|l|\u2606Solaris2003\n|l|\u2606BriefStar\n","uploadtime":1700100086,"views":9,"p1id":"solaris2003","p2id":"briefstar","formatid":"gen9nationaldex","rating":0,"private":0,"password":""}