{"id":"gen9nationaldex-1994719611","p1":"Carina17","p2":"Spocha","format":"[Gen 9] National Dex","log":"|html|<div class=\"broadcast-blue\"><strong>[Gen 9] National Dex is currently suspecting Sneasler! For information on how to participate check out the <a href=\"https:\/\/www.smogon.com\/forums\/threads\/sv-national-dex-suspect-8-just-dance.3731534\/\">suspect thread<\/a>.<\/strong><\/div>\n|j|\u2606Carina17\n|j|\u2606Spocha\n|t:|1700485412\n|gametype|singles\n|player|p1|Carina17|cynthia|1023\n|player|p2|Spocha|benga|1086\n|teamsize|p1|6\n|teamsize|p2|6\n|gen|9\n|tier|[Gen 9] National Dex\n|rated|\n|rule|HP Percentage Mod: HP is shown in percentages\n|rule|Endless Battle Clause: Forcing endless battles is banned\n|rule|OHKO Clause: OHKO moves are banned\n|rule|Evasion Clause: Evasion abilities, items, and moves are banned\n|rule|Evasion Abilities Clause: Evasion abilities are banned\n|rule|Evasion Items Clause: Evasion items are banned\n|rule|Evasion Moves Clause: Evasion moves are banned\n|rule|Species Clause: Limit one of each Pok\u00e9mon\n|rule|Sleep Clause Mod: Limit one foe put to sleep\n|clearpoke\n|poke|p1|Inteleon, M|\n|poke|p1|Ferrothorn, M|\n|poke|p1|Rotom-Wash|\n|poke|p1|Urshifu-*, M|\n|poke|p1|Alomomola, F|\n|poke|p1|Garchomp, M|\n|poke|p2|Bellibolt, M|\n|poke|p2|Xurkitree|\n|poke|p2|Eelektross, F|\n|poke|p2|Galvantula, M|\n|poke|p2|Thundurus-Therian, M|\n|poke|p2|Tapu Koko|\n|teampreview\n|\n|t:|1700485420\n|start\n|switch|p1a: Rotom|Rotom-Wash|100\/100\n|switch|p2a: Galvantula|Galvantula, M|100\/100\n|turn|1\n|inactive|Battle timer is ON: inactive players will automatically lose when time's up. (requested by Carina17)\n|\n|t:|1700485432\n|move|p2a: Galvantula|Sticky Web|p1a: Rotom\n|-sidestart|p1: Carina17|move: Sticky Web\n|move|p1a: Rotom|Trick|p2a: Galvantula\n|-activate|p1a: Rotom|move: Trick|[of] p2a: Galvantula\n|-item|p2a: Galvantula|Choice Band|[from] move: Trick\n|-item|p1a: Rotom|Life Orb|[from] move: Trick\n|\n|upkeep\n|turn|2\n|\n|t:|1700485441\n|move|p2a: Galvantula|Thunder|p1a: Rotom\n|-damage|p1a: Rotom|34\/100\n|move|p1a: Rotom|Will-O-Wisp|p2a: Galvantula|[miss]\n|-miss|p1a: Rotom|p2a: Galvantula\n|\n|upkeep\n|turn|3\n|\n|t:|1700485463\n|move|p2a: Galvantula|Thunder|p1a: Rotom\n|-damage|p1a: Rotom|0 fnt\n|faint|p1a: Rotom\n|\n|upkeep\n|\n|t:|1700485476\n|switch|p1a: Garchomp|Garchomp, M|100\/100\n|-activate|p1a: Garchomp|move: Sticky Web\n|-unboost|p1a: Garchomp|spe|1\n|turn|4\n|\n|t:|1700485488\n|switch|p2a: Eelektross|Eelektross, F|100\/100\n|move|p1a: Garchomp|Swords Dance|p1a: Garchomp\n|-boost|p1a: Garchomp|atk|2\n|\n|upkeep\n|turn|5\n|\n|t:|1700485498\n|-terastallize|p1a: Garchomp|Steel\n|move|p1a: Garchomp|Scale Shot|p2a: Eelektross\n|-damage|p2a: Eelektross|59\/100\n|-damage|p2a: Eelektross|24\/100\n|-damage|p2a: Eelektross|0 fnt\n|faint|p2a: Eelektross\n|-hitcount|p2: Eelektross|3\n|-unboost|p1a: Garchomp|def|1\n|-boost|p1a: Garchomp|spe|1\n|\n|upkeep\n|\n|t:|1700485517\n|switch|p2a: Bellibolt|Bellibolt, M|100\/100\n|turn|6\n|\n|t:|1700485528\n|move|p1a: Garchomp|Earthquake|p2a: Bellibolt\n|-supereffective|p2a: Bellibolt\n|-damage|p2a: Bellibolt|0 fnt\n|faint|p2a: Bellibolt\n|\n|upkeep\n|\n|t:|1700485538\n|switch|p2a: Thundurus|Thundurus-Therian, M|100\/100\n|turn|7\n|\n|t:|1700485552\n|move|p2a: Thundurus|Focus Blast|p1a: Garchomp|[miss]\n|-miss|p2a: Thundurus|p1a: Garchomp\n|move|p1a: Garchomp|Scale Shot|p2a: Thundurus\n|-damage|p2a: Thundurus|59\/100\n|-damage|p2a: Thundurus|17\/100\n|-damage|p2a: Thundurus|0 fnt\n|faint|p2a: Thundurus\n|-hitcount|p2: Thundurus|3\n|-unboost|p1a: Garchomp|def|1\n|-boost|p1a: Garchomp|spe|1\n|\n|upkeep\n|\n|t:|1700485564\n|switch|p2a: Xurkitree|Xurkitree|100\/100\n|turn|8\n|\n|t:|1700485570\n|move|p1a: Garchomp|Earthquake|p2a: Xurkitree\n|-supereffective|p2a: Xurkitree\n|-damage|p2a: Xurkitree|0 fnt\n|faint|p2a: Xurkitree\n|\n|upkeep\n|\n|t:|1700485574\n|switch|p2a: Tapu Koko|Tapu Koko|100\/100\n|-fieldstart|move: Electric Terrain|[from] ability: Electric Surge|[of] p2a: Tapu Koko\n|turn|9\n|\n|t:|1700485580\n|move|p1a: Garchomp|Earthquake|p2a: Tapu Koko\n|-supereffective|p2a: Tapu Koko\n|-damage|p2a: Tapu Koko|0 fnt\n|faint|p2a: Tapu Koko\n|\n|upkeep\n|\n|t:|1700485585\n|switch|p2a: Galvantula|Galvantula, M|100\/100\n|turn|10\n|\n|t:|1700485589\n|move|p1a: Garchomp|Scale Shot|p2a: Galvantula\n|-damage|p2a: Galvantula|48\/100\n|-damage|p2a: Galvantula|0 fnt\n|faint|p2a: Galvantula\n|-hitcount|p2: Galvantula|2\n|\n|win|Carina17\n|raw|Carina17's rating: 1023 &rarr; <strong>1066<\/strong><br \/>(+43 for winning)\n|raw|Spocha's rating: 1086 &rarr; <strong>1059<\/strong><br \/>(-27 for losing)\n|l|\u2606Spocha\n","uploadtime":1700485598,"views":3,"p1id":"carina17","p2id":"spocha","formatid":"gen9nationaldex","rating":1059,"private":0,"password":""}