{"id":"gen9nationaldex-1995743669","p1":"MMystery","p2":"Malexrocks","format":"[Gen 9] National Dex","log":"|html|<div class=\"broadcast-blue\"><strong>[Gen 9] National Dex is currently suspecting Sneasler! For information on how to participate check out the <a href=\"https:\/\/www.smogon.com\/forums\/threads\/sv-national-dex-suspect-8-just-dance.3731534\/\">suspect thread<\/a>.<\/strong><\/div>\n|j|\u2606MMystery\n|j|\u2606Malexrocks\n|t:|1700599054\n|gametype|singles\n|player|p1|MMystery|102|1272\n|player|p2|Malexrocks|169|1277\n|teamsize|p1|6\n|teamsize|p2|6\n|gen|9\n|tier|[Gen 9] National Dex\n|rated|\n|rule|HP Percentage Mod: HP is shown in percentages\n|rule|Endless Battle Clause: Forcing endless battles is banned\n|rule|OHKO Clause: OHKO moves are banned\n|rule|Evasion Clause: Evasion abilities, items, and moves are banned\n|rule|Evasion Abilities Clause: Evasion abilities are banned\n|rule|Evasion Items Clause: Evasion items are banned\n|rule|Evasion Moves Clause: Evasion moves are banned\n|rule|Species Clause: Limit one of each Pok\u00e9mon\n|rule|Sleep Clause Mod: Limit one foe put to sleep\n|clearpoke\n|poke|p1|Yanmega, M|\n|poke|p1|Ribombee, F|\n|poke|p1|Brambleghast, F|\n|poke|p1|Swellow, F|\n|poke|p1|Urshifu-*, M|\n|poke|p1|Landorus-Therian, M|\n|poke|p2|Banette, F|\n|poke|p2|Hydreigon, F|\n|poke|p2|Rillaboom, M|\n|poke|p2|Hippowdon, F|\n|poke|p2|Toxapex, M|\n|poke|p2|Sneasler, F|\n|teampreview\n|inactive|Battle timer is ON: inactive players will automatically lose when time's up. (requested by MMystery)\n|\n|t:|1700599073\n|start\n|switch|p1a: Ribombee|Ribombee, F|100\/100\n|switch|p2a: Banette|Banette, F|100\/100\n|turn|1\n|\n|t:|1700599079\n|detailschange|p2a: Banette|Banette-Mega, F\n|-mega|p2a: Banette|Banette|Banettite\n|move|p1a: Ribombee|Skill Swap|p2a: Banette\n|-activate|p1a: Ribombee|move: Skill Swap|Prankster|Shield Dust|[of] p2a: Banette\n|move|p2a: Banette|Poltergeist|p1a: Ribombee\n|-activate|p1a: Ribombee|move: Poltergeist|Focus Sash\n|-enditem|p1a: Ribombee|Focus Sash\n|-damage|p1a: Ribombee|1\/100\n|\n|upkeep\n|turn|2\n|\n|t:|1700599090\n|move|p1a: Ribombee|Sticky Web|p2a: Banette\n|-sidestart|p2: Malexrocks|move: Sticky Web\n|move|p2a: Banette|Encore|p1a: Ribombee\n|-start|p1a: Ribombee|Encore\n|\n|upkeep\n|turn|3\n|\n|t:|1700599097\n|switch|p1a: Brambleghast|Brambleghast, F|100\/100\n|move|p2a: Banette|Will-O-Wisp|p1a: Brambleghast\n|-status|p1a: Brambleghast|brn\n|\n|-damage|p1a: Brambleghast|95\/100 brn|[from] brn\n|upkeep\n|turn|4\n|\n|t:|1700599112\n|switch|p2a: 1800 PSI|Hippowdon, F|100\/100\n|-activate|p2a: 1800 PSI|move: Sticky Web\n|-unboost|p2a: 1800 PSI|spe|1\n|-weather|Sandstorm|[from] ability: Sand Stream|[of] p2a: 1800 PSI\n|move|p1a: Brambleghast|Poltergeist|p2a: 1800 PSI\n|-activate|p2a: 1800 PSI|move: Poltergeist|Leftovers\n|-damage|p2a: 1800 PSI|75\/100\n|-damage|p1a: Brambleghast|85\/100 brn|[from] item: Life Orb\n|\n|-weather|Sandstorm|[upkeep]\n|-damage|p1a: Brambleghast|79\/100 brn|[from] Sandstorm\n|-heal|p2a: 1800 PSI|81\/100|[from] item: Leftovers\n|-damage|p1a: Brambleghast|73\/100 brn|[from] brn\n|upkeep\n|turn|5\n|c|\u2606MMystery|YO VXC WTF\n|c|\u2606MMystery|WAIT WHAT THE SHIT\n|\n|t:|1700599142\n|move|p1a: Brambleghast|Power Whip|p2a: 1800 PSI\n|-supereffective|p2a: 1800 PSI\n|-damage|p2a: 1800 PSI|30\/100\n|-damage|p1a: Brambleghast|63\/100 brn|[from] item: Life Orb\n|move|p2a: 1800 PSI|Stealth Rock|p1a: Brambleghast\n|-sidestart|p1: MMystery|move: Stealth Rock\n|\n|-weather|Sandstorm|[upkeep]\n|-damage|p1a: Brambleghast|57\/100 brn|[from] Sandstorm\n|-heal|p2a: 1800 PSI|37\/100|[from] item: Leftovers\n|-damage|p1a: Brambleghast|51\/100 brn|[from] brn\n|upkeep\n|turn|6\n|inactive|Malexrocks has 120 seconds left.\n|\n|t:|1700599167\n|switch|p2a: Toxapex|Toxapex, M, shiny|100\/100\n|move|p1a: Brambleghast|Rapid Spin|p2a: Toxapex\n|-damage|p2a: Toxapex|94\/100\n|-boost|p1a: Brambleghast|spe|1\n|-sideend|p1: MMystery|Stealth Rock|[from] move: Rapid Spin|[of] p1a: Brambleghast\n|-damage|p1a: Brambleghast|41\/100 brn|[from] item: Life Orb\n|\n|-weather|Sandstorm|[upkeep]\n|-damage|p1a: Brambleghast|35\/100 brn|[from] Sandstorm\n|-damage|p2a: Toxapex|88\/100|[from] Sandstorm\n|-damage|p1a: Brambleghast|29\/100 brn|[from] brn\n|upkeep\n|turn|7\n|\n|t:|1700599178\n|switch|p1a: Landorus|Landorus-Therian, M|100\/100\n|-ability|p1a: Landorus|Intimidate|boost\n|-unboost|p2a: Toxapex|atk|1\n|move|p2a: Toxapex|Scald|p1a: Landorus\n|-supereffective|p1a: Landorus\n|-damage|p1a: Landorus|55\/100\n|-status|p1a: Landorus|brn\n|\n|-weather|Sandstorm|[upkeep]\n|-damage|p2a: Toxapex|82\/100|[from] Sandstorm\n|-heal|p1a: Landorus|61\/100 brn|[from] item: Leftovers\n|-damage|p1a: Landorus|55\/100 brn|[from] brn\n|upkeep\n|turn|8\n|\n|t:|1700599187\n|switch|p2a: Rillaboom|Rillaboom, M|100\/100\n|-activate|p2a: Rillaboom|move: Sticky Web\n|-unboost|p2a: Rillaboom|spe|1\n|-fieldstart|move: Grassy Terrain|[from] ability: Grassy Surge|[of] p2a: Rillaboom\n|move|p1a: Landorus|Knock Off|p2a: Rillaboom\n|-damage|p2a: Rillaboom|82\/100\n|-enditem|p2a: Rillaboom|Choice Band|[from] move: Knock Off|[of] p1a: Landorus\n|\n|-weather|none\n|-heal|p1a: Landorus|61\/100 brn|[from] item: Leftovers\n|-heal|p2a: Rillaboom|88\/100|[from] Grassy Terrain\n|-damage|p1a: Landorus|55\/100 brn|[from] brn\n|upkeep\n|turn|9\n|\n|t:|1700599192\n|switch|p1a: Ribombee|Ribombee, F|1\/100\n|move|p2a: Rillaboom|Wood Hammer|p1a: Ribombee\n|-resisted|p1a: Ribombee\n|-damage|p1a: Ribombee|0 fnt\n|faint|p1a: Ribombee\n|-damage|p2a: Rillaboom|88\/100|[from] Recoil\n|\n|-heal|p2a: Rillaboom|94\/100|[from] Grassy Terrain\n|upkeep\n|\n|t:|1700599201\n|switch|p1a: Landorus|Landorus-Therian, M|55\/100 brn\n|-ability|p1a: Landorus|Intimidate|boost\n|-unboost|p2a: Rillaboom|atk|1\n|turn|10\n|\n|t:|1700599212\n|move|p1a: Landorus|U-turn|p2a: Rillaboom\n|-supereffective|p2a: Rillaboom\n|-damage|p2a: Rillaboom|65\/100\n|\n|t:|1700599218\n|switch|p1a: Brambleghast|Brambleghast, F|29\/100 brn|[from] U-turn\n|move|p2a: Rillaboom|Wood Hammer|p1a: Brambleghast\n|-resisted|p1a: Brambleghast\n|-damage|p1a: Brambleghast|0 fnt\n|faint|p1a: Brambleghast\n|-damage|p2a: Rillaboom|58\/100|[from] Recoil\n|\n|-heal|p2a: Rillaboom|64\/100|[from] Grassy Terrain\n|upkeep\n|\n|t:|1700599220\n|switch|p1a: Yanmega|Yanmega, M|100\/100\n|turn|11\n|\n|t:|1700599242\n|move|p2a: Rillaboom|Grassy Glide|p1a: Yanmega\n|-resisted|p1a: Yanmega\n|-damage|p1a: Yanmega|93\/100\n|move|p1a: Yanmega|Bug Buzz|p2a: Rillaboom\n|-supereffective|p2a: Rillaboom\n|-damage|p2a: Rillaboom|0 fnt\n|faint|p2a: Rillaboom\n|\n|upkeep\n|\n|t:|1700599246\n|switch|p2a: Sneasler|Sneasler, F|100\/100\n|-activate|p2a: Sneasler|move: Sticky Web\n|-unboost|p2a: Sneasler|spe|1\n|-enditem|p2a: Sneasler|Grassy Seed\n|-boost|p2a: Sneasler|def|1|[from] item: Grassy Seed\n|turn|12\n|\n|t:|1700599260\n|switch|p1a: Landorus|Landorus-Therian, M|55\/100 brn\n|-ability|p1a: Landorus|Intimidate|boost\n|-unboost|p2a: Sneasler|atk|1\n|move|p2a: Sneasler|Acrobatics|p1a: Landorus\n|-damage|p1a: Landorus|24\/100 brn\n|\n|-heal|p1a: Landorus|30\/100 brn|[from] item: Leftovers\n|-damage|p1a: Landorus|24\/100 brn|[from] brn\n|-fieldend|move: Grassy Terrain\n|upkeep\n|turn|13\n|\n|t:|1700599280\n|-terastallize|p2a: Sneasler|Flying\n|move|p2a: Sneasler|Swords Dance|p2a: Sneasler\n|-boost|p2a: Sneasler|atk|2\n|move|p1a: Landorus|Earthquake|p2a: Sneasler\n|-immune|p2a: Sneasler\n|\n|-heal|p1a: Landorus|30\/100 brn|[from] item: Leftovers\n|-damage|p1a: Landorus|24\/100 brn|[from] brn\n|upkeep\n|turn|14\n|\n|t:|1700599298\n|move|p2a: Sneasler|Dire Claw|p1a: Landorus\n|-resisted|p1a: Landorus\n|-damage|p1a: Landorus|0 fnt\n|faint|p1a: Landorus\n|\n|upkeep\n|\n|t:|1700599306\n|switch|p1a: Swellow|Swellow, F|100\/100\n|turn|15\n|\n|t:|1700599315\n|move|p2a: Sneasler|Close Combat|p1a: Swellow\n|-damage|p1a: Swellow|0 fnt\n|-unboost|p2a: Sneasler|def|1\n|-unboost|p2a: Sneasler|spd|1\n|faint|p1a: Swellow\n|\n|upkeep\n|\n|t:|1700599325\n|switch|p1a: Yanmega|Yanmega, M|93\/100\n|turn|16\n|\n|t:|1700599331\n|move|p2a: Sneasler|Acrobatics|p1a: Yanmega\n|-supereffective|p1a: Yanmega\n|-damage|p1a: Yanmega|0 fnt\n|faint|p1a: Yanmega\n|\n|upkeep\n|\n|t:|1700599334\n|switch|p1a: Urshifu|Urshifu-Rapid-Strike, M|100\/100\n|turn|17\n|\n|t:|1700599340\n|move|p2a: Sneasler|Acrobatics|p1a: Urshifu\n|-supereffective|p1a: Urshifu\n|-damage|p1a: Urshifu|0 fnt\n|faint|p1a: Urshifu\n|\n|win|Malexrocks\n|raw|MMystery's rating: 1272 &rarr; <strong>1247<\/strong><br \/>(-25 for losing)\n|raw|Malexrocks's rating: 1277 &rarr; <strong>1302<\/strong><br \/>(+25 for winning)\n|c|\u2606MMystery|wrong tera\n|c|\u2606MMystery|buh\n|c|\u2606Malexrocks|Lol\n|c|\u2606Malexrocks|is that u\n|c|\u2606MMystery|ye lol\n|c|\u2606MMystery|wtf is this matchmaking\n|c|\u2606Malexrocks|That\u2019s hilarious\n|c|\u2606Malexrocks|also\n|c|\u2606Malexrocks|yamega mid\n|c|\u2606MMystery|i didnt give anything tera\n|c|\u2606Malexrocks|L\n|c|\u2606Malexrocks|5-1\n|c|\u2606MMystery|nah bruh\n|c|\u2606MMystery|rematch\n|c|\u2606Malexrocks|Bet\n|l|\u2606MMystery\n","uploadtime":1700599404,"views":1,"p1id":"mmystery","p2id":"malexrocks","formatid":"gen9nationaldex","rating":1247,"private":0,"password":""}