{"id":"gen9nationaldex-1997652261","p1":"Magikarp Killer 64","p2":"FlyingSudowoodo","format":"[Gen 9] National Dex","log":"|html|<div class=\"broadcast-blue\"><strong>[Gen 9] National Dex is currently suspecting Sneasler! For information on how to participate check out the <a href=\"https:\/\/www.smogon.com\/forums\/threads\/sv-national-dex-suspect-8-just-dance.3731534\/\">suspect thread<\/a>.<\/strong><\/div>\n|j|\u2606Magikarp Killer 64\n|j|\u2606FlyingSudowoodo\n|t:|1700837800\n|gametype|singles\n|player|p1|Magikarp Killer 64|cynthia|1108\n|player|p2|FlyingSudowoodo|juan|1169\n|teamsize|p1|6\n|teamsize|p2|6\n|gen|9\n|tier|[Gen 9] National Dex\n|rated|\n|rule|HP Percentage Mod: HP is shown in percentages\n|rule|Endless Battle Clause: Forcing endless battles is banned\n|rule|OHKO Clause: OHKO moves are banned\n|rule|Evasion Clause: Evasion abilities, items, and moves are banned\n|rule|Evasion Abilities Clause: Evasion abilities are banned\n|rule|Evasion Items Clause: Evasion items are banned\n|rule|Evasion Moves Clause: Evasion moves are banned\n|rule|Species Clause: Limit one of each Pok\u00e9mon\n|rule|Sleep Clause Mod: Limit one foe put to sleep\n|clearpoke\n|poke|p1|Grimmsnarl, M|\n|poke|p1|Spidops, M|\n|poke|p1|Darmanitan, M|\n|poke|p1|Malamar, M|\n|poke|p1|Tyrantrum, F|\n|poke|p1|Serperior, F|\n|poke|p2|Ninetales-Alola, F|\n|poke|p2|Cetitan, F|\n|poke|p2|Scizor, F|\n|poke|p2|Moltres|\n|poke|p2|Gliscor, F|\n|poke|p2|Heatran, M|\n|teampreview\n|inactive|Battle timer is ON: inactive players will automatically lose when time's up. (requested by Magikarp Killer 64)\n|\n|t:|1700837808\n|start\n|switch|p1a: Grimmsnarl|Grimmsnarl, M|100\/100\n|switch|p2a: Gliscor|Gliscor, F|100\/100\n|turn|1\n|\n|t:|1700837814\n|move|p1a: Grimmsnarl|Taunt|p2a: Gliscor\n|-start|p2a: Gliscor|move: Taunt\n|move|p2a: Gliscor|U-turn|p1a: Grimmsnarl\n|-damage|p1a: Grimmsnarl|80\/100\n|\n|t:|1700837821\n|switch|p2a: Scizor|Scizor, F|100\/100|[from] U-turn\n|\n|upkeep\n|turn|2\n|\n|t:|1700837825\n|detailschange|p2a: Scizor|Scizor-Mega, F\n|-mega|p2a: Scizor|Scizor|Scizorite\n|move|p1a: Grimmsnarl|Reflect|p1a: Grimmsnarl\n|-sidestart|p1: Magikarp Killer 64|Reflect\n|move|p2a: Scizor|U-turn|p1a: Grimmsnarl\n|-damage|p1a: Grimmsnarl|58\/100\n|\n|t:|1700837830\n|switch|p2a: Gliscor|Gliscor, F|100\/100|[from] U-turn\n|\n|-status|p2a: Gliscor|tox|[from] item: Toxic Orb\n|upkeep\n|turn|3\n|\n|t:|1700837839\n|move|p1a: Grimmsnarl|Light Screen|p1a: Grimmsnarl\n|-sidestart|p1: Magikarp Killer 64|move: Light Screen\n|move|p2a: Gliscor|Defog|p1a: Grimmsnarl\n|-unboost|p1a: Grimmsnarl|evasion|1\n|-sideend|p1: Magikarp Killer 64|Reflect\n|-sideend|p1: Magikarp Killer 64|move: Light Screen\n|\n|upkeep\n|turn|4\n|\n|t:|1700837845\n|move|p1a: Grimmsnarl|Reflect|p1a: Grimmsnarl\n|-sidestart|p1: Magikarp Killer 64|Reflect\n|move|p2a: Gliscor|U-turn|p1a: Grimmsnarl\n|-damage|p1a: Grimmsnarl|48\/100\n|\n|t:|1700837849\n|switch|p2a: Heatran|Heatran, M|100\/100|[from] U-turn\n|\n|upkeep\n|turn|5\n|\n|t:|1700837855\n|move|p1a: Grimmsnarl|Light Screen|p1a: Grimmsnarl\n|-sidestart|p1: Magikarp Killer 64|move: Light Screen\n|move|p2a: Heatran|Magma Storm|p1a: Grimmsnarl\n|-damage|p1a: Grimmsnarl|33\/100\n|-activate|p1a: Grimmsnarl|move: Magma Storm|[of] p2a: Heatran\n|\n|-damage|p1a: Grimmsnarl|21\/100|[from] move: Magma Storm|[partiallytrapped]\n|upkeep\n|turn|6\n|\n|t:|1700837861\n|move|p2a: Heatran|Protect|p2a: Heatran\n|-singleturn|p2a: Heatran|Protect\n|move|p1a: Grimmsnarl|Taunt|p2a: Heatran\n|-activate|p2a: Heatran|move: Protect\n|\n|-damage|p1a: Grimmsnarl|9\/100|[from] move: Magma Storm|[partiallytrapped]\n|upkeep\n|turn|7\n|\n|t:|1700837878\n|switch|p2a: Moltres|Moltres|100\/100\n|move|p1a: Grimmsnarl|Taunt|p2a: Moltres\n|-start|p2a: Moltres|move: Taunt\n|\n|-end|p1a: Grimmsnarl|Magma Storm|[partiallytrapped]|[silent]\n|upkeep\n|turn|8\n|\n|t:|1700837884\n|move|p1a: Grimmsnarl|Parting Shot|p2a: Moltres\n|-unboost|p2a: Moltres|atk|1\n|-unboost|p2a: Moltres|spa|1\n|\n|t:|1700837890\n|switch|p1a: Tyrantrum|Tyrantrum, F|100\/100|[from] Parting Shot\n|move|p2a: Moltres|U-turn|p1a: Tyrantrum\n|-damage|p1a: Tyrantrum|96\/100\n|\n|t:|1700837899\n|switch|p2a: Scizor|Scizor-Mega, F|100\/100|[from] U-turn\n|\n|-heal|p1a: Tyrantrum|100\/100|[from] item: Leftovers\n|upkeep\n|turn|9\n|\n|t:|1700837906\n|move|p1a: Tyrantrum|Dragon Dance|p1a: Tyrantrum\n|-boost|p1a: Tyrantrum|atk|1\n|-boost|p1a: Tyrantrum|spe|1\n|move|p2a: Scizor|Swords Dance|p2a: Scizor\n|-boost|p2a: Scizor|atk|2\n|\n|upkeep\n|turn|10\n|\n|t:|1700837913\n|-terastallize|p1a: Tyrantrum|Rock\n|move|p2a: Scizor|Bullet Punch|p1a: Tyrantrum\n|-supereffective|p1a: Tyrantrum\n|-damage|p1a: Tyrantrum|44\/100\n|move|p1a: Tyrantrum|Head Smash|p2a: Scizor\n|-damage|p2a: Scizor|7\/100\n|\n|-heal|p1a: Tyrantrum|50\/100|[from] item: Leftovers\n|upkeep\n|turn|11\n|\n|t:|1700837922\n|move|p2a: Scizor|Bullet Punch|p1a: Tyrantrum\n|-supereffective|p1a: Tyrantrum\n|-damage|p1a: Tyrantrum|0 fnt\n|faint|p1a: Tyrantrum\n|\n|-sideend|p1: Magikarp Killer 64|Reflect\n|upkeep\n|\n|t:|1700837931\n|switch|p1a: Spidops|Spidops, M|100\/100\n|turn|12\n|\n|t:|1700837935\n|move|p2a: Scizor|Roost|p2a: Scizor\n|-heal|p2a: Scizor|57\/100\n|-singleturn|p2a: Scizor|move: Roost\n|move|p1a: Spidops|Sticky Web|p2a: Scizor\n|-sidestart|p2: FlyingSudowoodo|move: Sticky Web\n|\n|-sideend|p1: Magikarp Killer 64|move: Light Screen\n|upkeep\n|turn|13\n|\n|t:|1700837941\n|move|p1a: Spidops|Silk Trap|p1a: Spidops\n|-singleturn|p1a: Spidops|Protect\n|move|p2a: Scizor|Roost|p2a: Scizor\n|-heal|p2a: Scizor|100\/100\n|-singleturn|p2a: Scizor|move: Roost\n|\n|upkeep\n|turn|14\n|\n|t:|1700837946\n|move|p2a: Scizor|Bullet Punch|p1a: Spidops\n|-damage|p1a: Spidops|50\/100\n|move|p1a: Spidops|Spikes|p2a: Scizor\n|-sidestart|p2: FlyingSudowoodo|Spikes\n|\n|-heal|p1a: Spidops|57\/100|[from] item: Leftovers\n|upkeep\n|turn|15\n|\n|t:|1700837953\n|move|p1a: Spidops|Silk Trap|p1a: Spidops\n|-singleturn|p1a: Spidops|Protect\n|move|p2a: Scizor|Swords Dance|p2a: Scizor\n|-boost|p2a: Scizor|atk|2\n|\n|-heal|p1a: Spidops|63\/100|[from] item: Leftovers\n|upkeep\n|turn|16\n|\n|t:|1700837961\n|move|p2a: Scizor|Bullet Punch|p1a: Spidops\n|-damage|p1a: Spidops|0 fnt\n|faint|p1a: Spidops\n|\n|upkeep\n|\n|t:|1700837965\n|switch|p1a: Darmanitan|Darmanitan, M|100\/100\n|turn|17\n|\n|t:|1700837970\n|switch|p2a: Heatran|Heatran, M|100\/100\n|-activate|p2a: Heatran|move: Sticky Web\n|-unboost|p2a: Heatran|spe|1\n|-damage|p2a: Heatran|88\/100|[from] Spikes\n|move|p1a: Darmanitan|Flare Blitz|p2a: Heatran\n|-start|p2a: Heatran|ability: Flash Fire\n|\n|-heal|p2a: Heatran|94\/100|[from] item: Leftovers\n|upkeep\n|turn|18\n|\n|t:|1700837983\n|move|p1a: Darmanitan|Rock Slide|p2a: Heatran\n|-damage|p2a: Heatran|54\/100\n|move|p2a: Heatran|Magma Storm|p1a: Darmanitan\n|-resisted|p1a: Darmanitan\n|-damage|p1a: Darmanitan|49\/100\n|-activate|p1a: Darmanitan|move: Magma Storm|[of] p2a: Heatran\n|\n|-heal|p2a: Heatran|60\/100|[from] item: Leftovers\n|-damage|p1a: Darmanitan|37\/100|[from] move: Magma Storm|[partiallytrapped]\n|upkeep\n|turn|19\n|\n|t:|1700837993\n|move|p2a: Heatran|Protect|p2a: Heatran\n|-singleturn|p2a: Heatran|Protect\n|move|p1a: Darmanitan|Rock Slide|p2a: Heatran\n|-activate|p2a: Heatran|move: Protect\n|\n|-heal|p2a: Heatran|67\/100|[from] item: Leftovers\n|-damage|p1a: Darmanitan|24\/100|[from] move: Magma Storm|[partiallytrapped]\n|upkeep\n|turn|20\n|\n|t:|1700838017\n|move|p1a: Darmanitan|Rock Slide|p2a: Heatran\n|-damage|p2a: Heatran|25\/100\n|move|p2a: Heatran|Stealth Rock|p1a: Darmanitan\n|-sidestart|p1: Magikarp Killer 64|move: Stealth Rock\n|\n|-heal|p2a: Heatran|31\/100|[from] item: Leftovers\n|-damage|p1a: Darmanitan|12\/100|[from] move: Magma Storm|[partiallytrapped]\n|upkeep\n|turn|21\n|\n|t:|1700838025\n|move|p2a: Heatran|Protect|p2a: Heatran\n|-singleturn|p2a: Heatran|Protect\n|move|p1a: Darmanitan|Rock Slide|p2a: Heatran\n|-activate|p2a: Heatran|move: Protect\n|\n|-heal|p2a: Heatran|37\/100|[from] item: Leftovers\n|-damage|p1a: Darmanitan|0 fnt|[from] move: Magma Storm|[partiallytrapped]\n|faint|p1a: Darmanitan\n|upkeep\n|\n|t:|1700838034\n|switch|p1a: Grimmsnarl|Grimmsnarl, M|9\/100\n|-damage|p1a: Grimmsnarl|0 fnt|[from] Stealth Rock\n|faint|p1a: Grimmsnarl\n|\n|t:|1700838038\n|switch|p1a: Malamar|Malamar, M|100\/100\n|-damage|p1a: Malamar|88\/100|[from] Stealth Rock\n|turn|22\n|\n|t:|1700838045\n|move|p2a: Heatran|Protect|p2a: Heatran\n|-singleturn|p2a: Heatran|Protect\n|move|p1a: Malamar|Superpower|p2a: Heatran\n|-activate|p2a: Heatran|move: Protect\n|\n|-heal|p1a: Malamar|94\/100|[from] item: Leftovers\n|-heal|p2a: Heatran|43\/100|[from] item: Leftovers\n|upkeep\n|turn|23\n|\n|t:|1700838055\n|-end|p2a: Heatran|ability: Flash Fire|[silent]\n|switch|p2a: Ninetales|Ninetales-Alola, F|100\/100\n|-activate|p2a: Ninetales|move: Sticky Web\n|-unboost|p2a: Ninetales|spe|1\n|-damage|p2a: Ninetales|88\/100|[from] Spikes\n|-weather|Snow|[from] ability: Snow Warning|[of] p2a: Ninetales\n|move|p1a: Malamar|Superpower|p2a: Ninetales\n|-damage|p2a: Ninetales|58\/100\n|-boost|p1a: Malamar|atk|1\n|-boost|p1a: Malamar|def|1\n|\n|-weather|Snow|[upkeep]\n|-heal|p1a: Malamar|99\/100|[from] item: Leftovers\n|upkeep\n|turn|24\n|\n|t:|1700838073\n|move|p2a: Ninetales|Toxic|p1a: Malamar\n|-status|p1a: Malamar|tox\n|move|p1a: Malamar|Superpower|p2a: Ninetales\n|-damage|p2a: Ninetales|14\/100\n|-boost|p1a: Malamar|atk|1\n|-boost|p1a: Malamar|def|1\n|\n|-weather|Snow|[upkeep]\n|-heal|p1a: Malamar|100\/100 tox|[from] item: Leftovers\n|-damage|p1a: Malamar|94\/100 tox|[from] psn\n|upkeep\n|turn|25\n|\n|t:|1700838085\n|move|p2a: Ninetales|Aurora Veil|p2a: Ninetales\n|-sidestart|p2: FlyingSudowoodo|move: Aurora Veil\n|move|p1a: Malamar|Psycho Cut|p2a: Ninetales\n|-damage|p2a: Ninetales|0 fnt\n|faint|p2a: Ninetales\n|\n|-weather|Snow|[upkeep]\n|-heal|p1a: Malamar|100\/100 tox|[from] item: Leftovers\n|-damage|p1a: Malamar|88\/100 tox|[from] psn\n|upkeep\n|\n|t:|1700838105\n|switch|p2a: Gliscor|Gliscor, F|100\/100 tox\n|turn|26\n|\n|t:|1700838110\n|move|p2a: Gliscor|U-turn|p1a: Malamar\n|-supereffective|p1a: Malamar\n|-damage|p1a: Malamar|55\/100 tox\n|\n|t:|1700838115\n|switch|p2a: Moltres|Moltres|100\/100|[from] U-turn\n|move|p1a: Malamar|Knock Off|p2a: Moltres\n|-damage|p2a: Moltres|72\/100\n|-enditem|p2a: Moltres|Heavy-Duty Boots|[from] move: Knock Off|[of] p1a: Malamar\n|\n|-weather|Snow|[upkeep]\n|-heal|p1a: Malamar|61\/100 tox|[from] item: Leftovers\n|-damage|p1a: Malamar|43\/100 tox|[from] psn\n|upkeep\n|turn|27\n|\n|t:|1700838126\n|move|p2a: Moltres|U-turn|p1a: Malamar\n|-supereffective|p1a: Malamar\n|-damage|p1a: Malamar|12\/100 tox\n|\n|t:|1700838131\n|switch|p2a: Gliscor|Gliscor, F|100\/100 tox|[from] U-turn\n|move|p1a: Malamar|Psycho Cut|p2a: Gliscor\n|-damage|p2a: Gliscor|77\/100 tox\n|\n|-weather|none\n|-heal|p1a: Malamar|18\/100 tox|[from] item: Leftovers\n|-heal|p2a: Gliscor|90\/100 tox|[from] ability: Poison Heal\n|-damage|p1a: Malamar|0 fnt|[from] psn\n|faint|p1a: Malamar\n|upkeep\n|\n|t:|1700838141\n|switch|p1a: Serperior|Serperior, F|100\/100\n|-damage|p1a: Serperior|88\/100|[from] Stealth Rock\n|turn|28\n|\n|t:|1700838152\n|move|p1a: Serperior|Leaf Storm|p2a: Gliscor|[miss]\n|-miss|p1a: Serperior|p2a: Gliscor\n|move|p2a: Gliscor|U-turn|p1a: Serperior\n|-supereffective|p1a: Serperior\n|-damage|p1a: Serperior|51\/100\n|\n|t:|1700838160\n|switch|p2a: Heatran|Heatran, M|43\/100|[from] U-turn\n|-activate|p2a: Heatran|move: Sticky Web\n|-unboost|p2a: Heatran|spe|1\n|-damage|p2a: Heatran|31\/100|[from] Spikes\n|\n|-heal|p1a: Serperior|57\/100|[from] item: Leftovers\n|-heal|p2a: Heatran|37\/100|[from] item: Leftovers\n|upkeep\n|turn|29\n|\n|t:|1700838169\n|move|p1a: Serperior|Glare|p2a: Heatran\n|-status|p2a: Heatran|par\n|move|p2a: Heatran|Magma Storm|p1a: Serperior|[miss]\n|-miss|p2a: Heatran|p1a: Serperior\n|\n|-heal|p1a: Serperior|63\/100|[from] item: Leftovers\n|-heal|p2a: Heatran|43\/100 par|[from] item: Leftovers\n|upkeep\n|turn|30\n|\n|t:|1700838177\n|move|p1a: Serperior|Leaf Storm|p2a: Heatran\n|-resisted|p2a: Heatran\n|-damage|p2a: Heatran|40\/100 par\n|-boost|p1a: Serperior|spa|2\n|cant|p2a: Heatran|par\n|\n|-heal|p1a: Serperior|70\/100|[from] item: Leftovers\n|-heal|p2a: Heatran|46\/100 par|[from] item: Leftovers\n|upkeep\n|turn|31\n|\n|t:|1700838186\n|move|p1a: Serperior|Leaf Storm|p2a: Heatran\n|-resisted|p2a: Heatran\n|-crit|p2a: Heatran\n|-damage|p2a: Heatran|23\/100 par\n|-boost|p1a: Serperior|spa|2\n|move|p2a: Heatran|Magma Storm|p1a: Serperior\n|-supereffective|p1a: Serperior\n|-damage|p1a: Serperior|0 fnt\n|faint|p1a: Serperior\n|\n|win|FlyingSudowoodo\n|raw|Magikarp Killer 64's rating: 1108 &rarr; <strong>1087<\/strong><br \/>(-21 for losing)\n|raw|FlyingSudowoodo's rating: 1169 &rarr; <strong>1190<\/strong><br \/>(+21 for winning)\n|c|\u2606Magikarp Killer 64|GG WP\n|c|\u2606Magikarp Killer 64|:)\n","uploadtime":1700838198,"views":0,"p1id":"magikarpkiller64","p2id":"flyingsudowoodo","formatid":"gen9nationaldex","rating":1087,"private":0,"password":""}