{"id":"gen9nationaldex-1997568957","p1":"FireGym Virgil","p2":"masturch33f420","format":"[Gen 9] National Dex","log":"|html|<div class=\"broadcast-blue\"><strong>[Gen 9] National Dex is currently suspecting Sneasler! For information on how to participate check out the <a href=\"https:\/\/www.smogon.com\/forums\/threads\/sv-national-dex-suspect-8-just-dance.3731534\/\">suspect thread<\/a>.<\/strong><\/div>\n|j|\u2606FireGym Virgil\n|j|\u2606masturch33f420\n|t:|1700826857\n|gametype|singles\n|player|p1|FireGym Virgil|blaine|1261\n|player|p2|masturch33f420|hiker-gen4|1164\n|teamsize|p1|6\n|teamsize|p2|6\n|gen|9\n|tier|[Gen 9] National Dex\n|rated|\n|rule|HP Percentage Mod: HP is shown in percentages\n|rule|Endless Battle Clause: Forcing endless battles is banned\n|rule|OHKO Clause: OHKO moves are banned\n|rule|Evasion Clause: Evasion abilities, items, and moves are banned\n|rule|Evasion Abilities Clause: Evasion abilities are banned\n|rule|Evasion Items Clause: Evasion items are banned\n|rule|Evasion Moves Clause: Evasion moves are banned\n|rule|Species Clause: Limit one of each Pok\u00e9mon\n|rule|Sleep Clause Mod: Limit one foe put to sleep\n|clearpoke\n|poke|p1|Charizard, M|\n|poke|p1|Typhlosion, M|\n|poke|p1|Marowak-Alola, M|\n|poke|p1|Arcanine-Hisui, F|\n|poke|p1|Talonflame, F|\n|poke|p1|Blaziken, F|\n|poke|p2|Ogerpon-Wellspring, F|\n|poke|p2|Tyranitar, M|\n|poke|p2|Heatran, M|\n|poke|p2|Slowking-Galar, M|\n|poke|p2|Gliscor, M|\n|poke|p2|Tornadus-Therian, M|\n|teampreview\n|\n|t:|1700826871\n|start\n|switch|p1a: Marowak|Marowak-Alola, M|100\/100\n|switch|p2a: Tornadus|Tornadus-Therian, M|100\/100\n|turn|1\n|n|\u2606masturch33f420|masturch33f420\n|\n|t:|1700826906\n|-zpower|p2a: Tornadus\n|move|p2a: Tornadus|Supersonic Skystrike|p1a: Marowak|[zeffect]\n|-damage|p1a: Marowak|0 fnt\n|faint|p1a: Marowak\n|\n|upkeep\n|inactive|Battle timer is ON: inactive players will automatically lose when time's up. (requested by masturch33f420)\n|\n|t:|1700826919\n|switch|p1a: Arcanine|Arcanine-Hisui, F|100\/100\n|turn|2\n|\n|t:|1700826924\n|move|p2a: Tornadus|U-turn|p1a: Arcanine\n|-resisted|p1a: Arcanine\n|-damage|p1a: Arcanine|92\/100\n|\n|t:|1700826930\n|switch|p2a: Gliscor|Gliscor, M, shiny|100\/100|[from] U-turn\n|move|p1a: Arcanine|Head Smash|p2a: Gliscor\n|-damage|p2a: Gliscor|52\/100\n|\n|-status|p2a: Gliscor|tox|[from] item: Toxic Orb\n|upkeep\n|turn|3\n|\n|t:|1700826939\n|switch|p1a: Talonflame|Talonflame, F|100\/100\n|move|p2a: Gliscor|Spikes|p1a: Talonflame\n|-sidestart|p1: FireGym Virgil|Spikes\n|\n|-heal|p2a: Gliscor|64\/100 tox|[from] ability: Poison Heal\n|upkeep\n|turn|4\n|\n|t:|1700826944\n|-zpower|p1a: Talonflame\n|move|p1a: Talonflame|Supersonic Skystrike|p2a: Gliscor|[zeffect]\n|-damage|p2a: Gliscor|19\/100 tox\n|move|p2a: Gliscor|Toxic|p1a: Talonflame\n|-status|p1a: Talonflame|tox\n|\n|-damage|p1a: Talonflame|94\/100 tox|[from] psn\n|-heal|p2a: Gliscor|31\/100 tox|[from] ability: Poison Heal\n|upkeep\n|turn|5\n|\n|t:|1700826951\n|move|p1a: Talonflame|Flare Blitz|p2a: Gliscor\n|-damage|p2a: Gliscor|1\/100 tox\n|-damage|p1a: Talonflame|83\/100 tox|[from] Recoil\n|move|p2a: Gliscor|Roost|p2a: Gliscor\n|-heal|p2a: Gliscor|51\/100 tox\n|-singleturn|p2a: Gliscor|move: Roost\n|\n|-damage|p1a: Talonflame|71\/100 tox|[from] psn\n|-heal|p2a: Gliscor|64\/100 tox|[from] ability: Poison Heal\n|upkeep\n|turn|6\n|\n|t:|1700826959\n|switch|p2a: Heatran|Heatran, M|100\/100\n|move|p1a: Talonflame|Swords Dance|p1a: Talonflame\n|-boost|p1a: Talonflame|atk|2\n|\n|-damage|p1a: Talonflame|52\/100 tox|[from] psn\n|upkeep\n|turn|7\n|\n|t:|1700826963\n|move|p1a: Talonflame|Defog|p2a: Heatran\n|-unboost|p2a: Heatran|evasion|1\n|-sideend|p1: FireGym Virgil|Spikes|[from] move: Defog|[of] p1a: Talonflame\n|move|p2a: Heatran|Stealth Rock|p1a: Talonflame\n|-sidestart|p1: FireGym Virgil|move: Stealth Rock\n|\n|-damage|p1a: Talonflame|28\/100 tox|[from] psn\n|upkeep\n|turn|8\n|\n|t:|1700826968\n|move|p1a: Talonflame|Defog|p2a: Heatran\n|-unboost|p2a: Heatran|evasion|1\n|-sideend|p1: FireGym Virgil|Stealth Rock|[from] move: Defog|[of] p1a: Talonflame\n|move|p2a: Heatran|Magma Storm|p1a: Talonflame\n|-resisted|p1a: Talonflame\n|-damage|p1a: Talonflame|0 fnt\n|faint|p1a: Talonflame\n|\n|upkeep\n|\n|t:|1700826976\n|switch|p1a: Blaziken|Blaziken, F|100\/100\n|turn|9\n|\n|t:|1700826980\n|switch|p2a: Tornadus|Tornadus-Therian, M|100\/100\n|move|p1a: Blaziken|Swords Dance|p1a: Blaziken\n|-boost|p1a: Blaziken|atk|2\n|\n|-ability|p1a: Blaziken|Speed Boost|boost\n|-boost|p1a: Blaziken|spe|1\n|upkeep\n|turn|10\n|\n|t:|1700826985\n|move|p1a: Blaziken|Swords Dance|p1a: Blaziken\n|-boost|p1a: Blaziken|atk|2\n|move|p2a: Tornadus|Hurricane|p1a: Blaziken\n|-supereffective|p1a: Blaziken\n|-enditem|p1a: Blaziken|Focus Sash\n|-damage|p1a: Blaziken|1\/100\n|\n|-ability|p1a: Blaziken|Speed Boost|boost\n|-boost|p1a: Blaziken|spe|1\n|upkeep\n|turn|11\n|\n|t:|1700826995\n|switch|p2a: Tyranitar|Tyranitar, M|100\/100\n|-weather|Sandstorm|[from] ability: Sand Stream|[of] p2a: Tyranitar\n|move|p1a: Blaziken|Protect||[still]\n|-fail|p1a: Blaziken\n|\n|-weather|Sandstorm|[upkeep]\n|-damage|p1a: Blaziken|0 fnt|[from] Sandstorm\n|faint|p1a: Blaziken\n|upkeep\n|l|\u2606FireGym Virgil\n|inactive|FireGym Virgil disconnected and has a minute to reconnect!\n|player|p1|\n|j|\u2606FireGym Virgil\n|inactive|FireGym Virgil reconnected and has 120 seconds left.\n|player|p1|FireGym Virgil|blaine\n|\n|t:|1700827022\n|switch|p1a: Typhlosion|Typhlosion, M|100\/100\n|turn|12\n|\n|t:|1700827027\n|detailschange|p2a: Tyranitar|Tyranitar-Mega, M\n|-mega|p2a: Tyranitar|Tyranitar|Tyranitarite\n|move|p1a: Typhlosion|Focus Blast|p2a: Tyranitar\n|-supereffective|p2a: Tyranitar\n|-damage|p2a: Tyranitar|12\/100\n|move|p2a: Tyranitar|Stone Edge|p1a: Typhlosion|[miss]\n|-miss|p2a: Tyranitar|p1a: Typhlosion\n|\n|-weather|Sandstorm|[upkeep]\n|-damage|p1a: Typhlosion|94\/100|[from] Sandstorm\n|upkeep\n|turn|13\n|\n|t:|1700827033\n|move|p1a: Typhlosion|Focus Blast|p2a: Tyranitar\n|-supereffective|p2a: Tyranitar\n|-damage|p2a: Tyranitar|0 fnt\n|faint|p2a: Tyranitar\n|\n|-weather|Sandstorm|[upkeep]\n|-damage|p1a: Typhlosion|88\/100|[from] Sandstorm\n|upkeep\n|c|\u2606masturch33f420|unfair\n|c|\u2606masturch33f420|you newgen fuckers always hit those low accuracy moves\n|\n|t:|1700827051\n|switch|p2a: Ogerpon|Ogerpon-Wellspring, F|100\/100\n|turn|14\n|\n|t:|1700827055\n|move|p1a: Typhlosion|Focus Blast|p2a: Ogerpon\n|-damage|p2a: Ogerpon|53\/100\n|move|p2a: Ogerpon|Swords Dance|p2a: Ogerpon\n|-boost|p2a: Ogerpon|atk|2\n|\n|-weather|Sandstorm|[upkeep]\n|-damage|p1a: Typhlosion|82\/100|[from] Sandstorm\n|-damage|p2a: Ogerpon|47\/100|[from] Sandstorm\n|upkeep\n|turn|15\n|\n|t:|1700827060\n|-terastallize|p2a: Ogerpon|Water\n|detailschange|p2a: Ogerpon|Ogerpon-Wellspring-Tera, F, tera:Water\n|-ability|p2a: Ogerpon|Embody Aspect (Wellspring)|boost\n|-boost|p2a: Ogerpon|spd|1\n|move|p1a: Typhlosion|Focus Blast|p2a: Ogerpon\n|-damage|p2a: Ogerpon|15\/100\n|move|p2a: Ogerpon|Ivy Cudgel|p1a: Typhlosion|[anim] Ivy Cudgel Water\n|-supereffective|p1a: Typhlosion\n|-crit|p1a: Typhlosion\n|-damage|p1a: Typhlosion|0 fnt\n|faint|p1a: Typhlosion\n|\n|-weather|none\n|upkeep\n|\n|t:|1700827067\n|switch|p1a: Arcanine|Arcanine-Hisui, F|92\/100\n|turn|16\n|c|\u2606masturch33f420|shit isnt fair\n|c|\u2606masturch33f420|You\u2019re going to hell\n|\n|t:|1700827080\n|-terastallize|p1a: Arcanine|Normal\n|move|p1a: Arcanine|Extreme Speed|p2a: Ogerpon\n|-damage|p2a: Ogerpon|0 fnt\n|faint|p2a: Ogerpon\n|\n|upkeep\n|c|\u2606masturch33f420|fucking cringe\n|\n|t:|1700827094\n|switch|p2a: Slowking|Slowking-Galar, M, shiny|100\/100\n|turn|17\n|\n|t:|1700827106\n|move|p1a: Arcanine|Head Smash|p2a: Slowking\n|-damage|p2a: Slowking|50\/100\n|move|p2a: Slowking|Future Sight|p1a: Arcanine\n|-start|p2a: Slowking|move: Future Sight\n|\n|upkeep\n|turn|18\n|\n|t:|1700827113\n|switch|p2a: Heatran|Heatran, M|100\/100\n|move|p1a: Arcanine|Head Smash|p2a: Heatran\n|-crit|p2a: Heatran\n|-damage|p2a: Heatran|9\/100\n|\n|-heal|p2a: Heatran|16\/100|[from] item: Leftovers\n|upkeep\n|turn|19\n|\n|t:|1700827120\n|move|p1a: Arcanine|Head Smash|p2a: Heatran\n|-damage|p2a: Heatran|0 fnt\n|faint|p2a: Heatran\n|\n|-end|p1a: Arcanine|move: Future Sight\n|-damage|p1a: Arcanine|39\/100\n|upkeep\n|c|\u2606masturch33f420|can you miss an attack or not crit for once\n|c|\u2606masturch33f420|asshole\n|\n|t:|1700827140\n|switch|p2a: Tornadus|Tornadus-Therian, M|100\/100\n|turn|20\n|\n|t:|1700827143\n|move|p2a: Tornadus|Focus Blast|p1a: Arcanine\n|-supereffective|p1a: Arcanine\n|-damage|p1a: Arcanine|0 fnt\n|faint|p1a: Arcanine\n|\n|upkeep\n|\n|t:|1700827146\n|switch|p1a: Charizard|Charizard, M|100\/100\n|turn|21\n|\n|t:|1700827151\n|switch|p2a: Slowking|Slowking-Galar, M, shiny|83\/100\n|detailschange|p1a: Charizard|Charizard-Mega-Y, M\n|-mega|p1a: Charizard|Charizard|Charizardite Y\n|-weather|SunnyDay|[from] ability: Drought|[of] p1a: Charizard\n|move|p1a: Charizard|Weather Ball|p2a: Slowking\n|-damage|p2a: Slowking|5\/100\n|\n|-weather|SunnyDay|[upkeep]\n|upkeep\n|turn|22\n|\n|t:|1700827161\n|switch|p2a: Gliscor|Gliscor, M, shiny|64\/100 tox\n|move|p1a: Charizard|Flame Charge|p2a: Gliscor\n|-damage|p2a: Gliscor|47\/100 tox\n|-boost|p1a: Charizard|spe|1\n|\n|-weather|SunnyDay|[upkeep]\n|-heal|p2a: Gliscor|59\/100 tox|[from] ability: Poison Heal\n|upkeep\n|turn|23\n|\n|t:|1700827167\n|move|p1a: Charizard|Weather Ball|p2a: Gliscor\n|-damage|p2a: Gliscor|0 fnt\n|faint|p2a: Gliscor\n|\n|-weather|SunnyDay|[upkeep]\n|upkeep\n|\n|t:|1700827169\n|switch|p2a: Tornadus|Tornadus-Therian, M|100\/100\n|turn|24\n|\n|t:|1700827171\n|move|p1a: Charizard|Weather Ball|p2a: Tornadus\n|-damage|p2a: Tornadus|0 fnt\n|faint|p2a: Tornadus\n|\n|-weather|SunnyDay|[upkeep]\n|upkeep\n|c|\u2606masturch33f420|nice\n|c|\u2606masturch33f420|good game, lost to more low ladder natdex bullshit\n|inactive|masturch33f420 has 120 seconds left.\n|c|\u2606masturch33f420|i hope your pet gets splattered on the road somewhere and added to someone\u2019s kill streak you spastic little gremlin\n|-message|masturch33f420 forfeited.\n|\n|win|FireGym Virgil\n|raw|FireGym Virgil's rating: 1261 &rarr; <strong>1277<\/strong><br \/>(+16 for winning)\n|raw|masturch33f420's rating: 1134 &rarr; <strong>1118<\/strong><br \/>(-16 for losing)\n|c|\u2606FireGym Virgil|Hahahaha\n|n|!FireGym Virgil|firegymvirgil\n|c|\u2606masturch33f420|suck my balls\n|c|\u2606masturch33f420|go on, report me\n|player|p2|masturch33f420|hiker-gen4\n|n|!masturch33f420|masturch33f420\n","uploadtime":1700827214,"views":8,"p1id":"firegymvirgil","p2id":"masturch33f420","formatid":"gen9nationaldex","rating":1118,"private":0,"password":""}