{"id":"gen9nationaldex-1996717541","p1":"SpecsGastr0","p2":"Hylett","format":"[Gen 9] National Dex","log":"|html|<div class=\"broadcast-blue\"><strong>[Gen 9] National Dex is currently suspecting Sneasler! For information on how to participate check out the <a href=\"https:\/\/www.smogon.com\/forums\/threads\/sv-national-dex-suspect-8-just-dance.3731534\/\">suspect thread<\/a>.<\/strong><\/div>\n|j|\u2606SpecsGastr0\n|j|\u2606Hylett\n|t:|1700713859\n|gametype|singles\n|player|p1|SpecsGastr0|colress|1219\n|player|p2|Hylett|skyla|1204\n|teamsize|p1|6\n|teamsize|p2|6\n|gen|9\n|tier|[Gen 9] National Dex\n|rated|\n|rule|HP Percentage Mod: HP is shown in percentages\n|rule|Endless Battle Clause: Forcing endless battles is banned\n|rule|OHKO Clause: OHKO moves are banned\n|rule|Evasion Clause: Evasion abilities, items, and moves are banned\n|rule|Evasion Abilities Clause: Evasion abilities are banned\n|rule|Evasion Items Clause: Evasion items are banned\n|rule|Evasion Moves Clause: Evasion moves are banned\n|rule|Species Clause: Limit one of each Pok\u00e9mon\n|rule|Sleep Clause Mod: Limit one foe put to sleep\n|clearpoke\n|poke|p1|Eldegoss, F|\n|poke|p1|Gallade, M|\n|poke|p1|Crobat, M|\n|poke|p1|Escavalier, M|\n|poke|p1|Ribombee, F|\n|poke|p1|Eelektross, M|\n|poke|p2|Buzzwole|\n|poke|p2|Tapu Fini|\n|poke|p2|Aegislash, F|\n|poke|p2|Hippowdon, F|\n|poke|p2|Gardevoir, F|\n|poke|p2|Lilligant-Hisui, F|\n|teampreview\n|inactive|Battle timer is ON: inactive players will automatically lose when time's up. (requested by Hylett)\n|\n|t:|1700713881\n|start\n|switch|p1a: 1 Point|Eldegoss, F|100\/100\n|switch|p2a: Tapu Fini|Tapu Fini, shiny|100\/100\n|-fieldstart|move: Misty Terrain|[from] ability: Misty Surge|[of] p2a: Tapu Fini\n|turn|1\n|\n|t:|1700713889\n|move|p2a: Tapu Fini|Trick|p1a: 1 Point\n|-activate|p2a: Tapu Fini|move: Trick|[of] p1a: 1 Point\n|-item|p1a: 1 Point|Choice Scarf|[from] move: Trick\n|-item|p2a: Tapu Fini|Heavy-Duty Boots|[from] move: Trick\n|move|p1a: 1 Point|Leech Seed|p2a: Tapu Fini\n|-start|p2a: Tapu Fini|move: Leech Seed\n|\n|-damage|p2a: Tapu Fini|88\/100|[from] Leech Seed|[of] p1a: 1 Point\n|upkeep\n|turn|2\n|\n|t:|1700713902\n|switch|p2a: Buzzwole|Buzzwole|100\/100\n|switch|p1a: Lancelot|Escavalier, M|100\/100\n|\n|upkeep\n|turn|3\n|\n|t:|1700713913\n|switch|p1a: Kinkel|Crobat, M|100\/100\n|move|p2a: Buzzwole|Bulk Up|p2a: Buzzwole\n|-boost|p2a: Buzzwole|atk|1\n|-boost|p2a: Buzzwole|def|1\n|\n|upkeep\n|turn|4\n|\n|t:|1700713939\n|switch|p2a: Hippowdon|Hippowdon, F|100\/100\n|-weather|Sandstorm|[from] ability: Sand Stream|[of] p2a: Hippowdon\n|move|p1a: Kinkel|Brave Bird|p2a: Hippowdon\n|-damage|p2a: Hippowdon|68\/100\n|-damage|p1a: Kinkel|86\/100|[from] Recoil\n|\n|-weather|Sandstorm|[upkeep]\n|-damage|p1a: Kinkel|80\/100|[from] Sandstorm\n|upkeep\n|turn|5\n|\n|t:|1700713948\n|move|p1a: Kinkel|U-turn|p2a: Hippowdon\n|-damage|p2a: Hippowdon|58\/100\n|\n|t:|1700713960\n|switch|p1a: 1 Point|Eldegoss, F|100\/100|[from] U-turn\n|move|p2a: Hippowdon|Stealth Rock|p1a: 1 Point\n|-sidestart|p1: SpecsGastr0|move: Stealth Rock\n|\n|-weather|Sandstorm|[upkeep]\n|-damage|p1a: 1 Point|94\/100|[from] Sandstorm\n|-fieldend|Misty Terrain\n|upkeep\n|turn|6\n|\n|t:|1700713970\n|move|p1a: 1 Point|Sleep Powder|p2a: Hippowdon\n|-status|p2a: Hippowdon|slp|[from] move: Sleep Powder\n|cant|p2a: Hippowdon|slp\n|\n|-weather|Sandstorm|[upkeep]\n|-damage|p1a: 1 Point|88\/100|[from] Sandstorm\n|upkeep\n|turn|7\n|\n|t:|1700713997\n|switch|p1a: Kinkel|Crobat, M|80\/100\n|-damage|p1a: Kinkel|55\/100|[from] Stealth Rock\n|cant|p2a: Hippowdon|slp\n|\n|-weather|Sandstorm|[upkeep]\n|-damage|p1a: Kinkel|49\/100|[from] Sandstorm\n|upkeep\n|turn|8\n|\n|t:|1700714005\n|move|p1a: Kinkel|Defog|p2a: Hippowdon\n|-unboost|p2a: Hippowdon|evasion|1\n|-sideend|p1: SpecsGastr0|Stealth Rock|[from] move: Defog|[of] p1a: Kinkel\n|-curestatus|p2a: Hippowdon|slp|[msg]\n|move|p2a: Hippowdon|Slack Off|p2a: Hippowdon\n|-heal|p2a: Hippowdon|100\/100\n|\n|-weather|none\n|upkeep\n|turn|9\n|\n|t:|1700714013\n|move|p1a: Kinkel|U-turn|p2a: Hippowdon\n|-damage|p2a: Hippowdon|90\/100\n|\n|t:|1700714015\n|switch|p1a: 1 Point|Eldegoss, F|100\/100|[from] U-turn\n|move|p2a: Hippowdon|Stealth Rock|p1a: 1 Point\n|-sidestart|p1: SpecsGastr0|move: Stealth Rock\n|\n|upkeep\n|turn|10\n|\n|t:|1700714031\n|switch|p2a: Lilligant|Lilligant-Hisui, F|100\/100\n|move|p1a: 1 Point|Rapid Spin|p2a: Lilligant\n|-damage|p2a: Lilligant|91\/100\n|-boost|p1a: 1 Point|spe|1\n|-sideend|p1: SpecsGastr0|Stealth Rock|[from] move: Rapid Spin|[of] p1a: 1 Point\n|\n|upkeep\n|turn|11\n|\n|t:|1700714041\n|switch|p1a: Kinkel|Crobat, M|49\/100\n|move|p2a: Lilligant|Victory Dance|p2a: Lilligant\n|-boost|p2a: Lilligant|atk|1\n|-boost|p2a: Lilligant|def|1\n|-boost|p2a: Lilligant|spe|1\n|\n|upkeep\n|turn|12\n|inactive|Hylett has 120 seconds left.\n|\n|t:|1700714068\n|switch|p2a: Hippowdon|Hippowdon, F|90\/100\n|-weather|Sandstorm|[from] ability: Sand Stream|[of] p2a: Hippowdon\n|move|p1a: Kinkel|Brave Bird|p2a: Hippowdon\n|-damage|p2a: Hippowdon|58\/100\n|-damage|p1a: Kinkel|35\/100|[from] Recoil\n|\n|-weather|Sandstorm|[upkeep]\n|-damage|p1a: Kinkel|29\/100|[from] Sandstorm\n|upkeep\n|turn|13\n|inactive|Hylett has 120 seconds left.\n|\n|t:|1700714079\n|move|p1a: Kinkel|Poison Fang|p2a: Hippowdon\n|-resisted|p2a: Hippowdon\n|-damage|p2a: Hippowdon|53\/100\n|move|p2a: Hippowdon|Slack Off|p2a: Hippowdon\n|-heal|p2a: Hippowdon|100\/100\n|\n|-weather|Sandstorm|[upkeep]\n|-damage|p1a: Kinkel|23\/100|[from] Sandstorm\n|upkeep\n|turn|14\n|\n|t:|1700714086\n|move|p1a: Kinkel|Poison Fang|p2a: Hippowdon\n|-resisted|p2a: Hippowdon\n|-damage|p2a: Hippowdon|95\/100\n|move|p2a: Hippowdon|Stealth Rock|p1a: Kinkel\n|-sidestart|p1: SpecsGastr0|move: Stealth Rock\n|\n|-weather|Sandstorm|[upkeep]\n|-damage|p1a: Kinkel|17\/100|[from] Sandstorm\n|upkeep\n|turn|15\n|\n|t:|1700714094\n|move|p1a: Kinkel|Defog|p2a: Hippowdon\n|-unboost|p2a: Hippowdon|evasion|1\n|-sideend|p1: SpecsGastr0|Stealth Rock|[from] move: Defog|[of] p1a: Kinkel\n|move|p2a: Hippowdon|Stealth Rock|p1a: Kinkel\n|-sidestart|p1: SpecsGastr0|move: Stealth Rock\n|\n|-weather|Sandstorm|[upkeep]\n|-damage|p1a: Kinkel|10\/100|[from] Sandstorm\n|upkeep\n|turn|16\n|\n|t:|1700714100\n|move|p1a: Kinkel|Poison Fang|p2a: Hippowdon\n|-resisted|p2a: Hippowdon\n|-damage|p2a: Hippowdon|90\/100\n|move|p2a: Hippowdon|Stealth Rock||[still]\n|-fail|p2a: Hippowdon\n|\n|-weather|none\n|upkeep\n|turn|17\n|\n|t:|1700714109\n|move|p1a: Kinkel|Defog|p2a: Hippowdon\n|-unboost|p2a: Hippowdon|evasion|1\n|-sideend|p1: SpecsGastr0|Stealth Rock|[from] move: Defog|[of] p1a: Kinkel\n|move|p2a: Hippowdon|Stealth Rock|p1a: Kinkel\n|-sidestart|p1: SpecsGastr0|move: Stealth Rock\n|\n|upkeep\n|turn|18\n|\n|t:|1700714114\n|move|p1a: Kinkel|Poison Fang|p2a: Hippowdon\n|-resisted|p2a: Hippowdon\n|-damage|p2a: Hippowdon|85\/100\n|move|p2a: Hippowdon|Stealth Rock||[still]\n|-fail|p2a: Hippowdon\n|\n|upkeep\n|turn|19\n|\n|t:|1700714122\n|move|p1a: Kinkel|Poison Fang|p2a: Hippowdon\n|-resisted|p2a: Hippowdon\n|-damage|p2a: Hippowdon|80\/100\n|-status|p2a: Hippowdon|tox\n|move|p2a: Hippowdon|Stealth Rock||[still]\n|-fail|p2a: Hippowdon\n|\n|-damage|p2a: Hippowdon|74\/100 tox|[from] psn\n|upkeep\n|turn|20\n|\n|t:|1700714130\n|move|p1a: Kinkel|Poison Fang|p2a: Hippowdon\n|-resisted|p2a: Hippowdon\n|-damage|p2a: Hippowdon|68\/100 tox\n|move|p2a: Hippowdon|Whirlwind|p1a: Kinkel\n|drag|p1a: Wally|Gallade, M|100\/100\n|-damage|p1a: Wally|94\/100|[from] Stealth Rock\n|\n|-damage|p2a: Hippowdon|56\/100 tox|[from] psn\n|upkeep\n|turn|21\n|\n|t:|1700714141\n|detailschange|p1a: Wally|Gallade-Mega, M\n|-mega|p1a: Wally|Gallade|Galladite\n|move|p1a: Wally|Aqua Cutter|p2a: Hippowdon\n|-supereffective|p2a: Hippowdon\n|-damage|p2a: Hippowdon|22\/100 tox\n|move|p2a: Hippowdon|Slack Off|p2a: Hippowdon\n|-heal|p2a: Hippowdon|73\/100 tox\n|\n|-damage|p2a: Hippowdon|54\/100 tox|[from] psn\n|upkeep\n|turn|22\n|\n|t:|1700714151\n|move|p1a: Wally|Power-Up Punch|p2a: Hippowdon\n|-damage|p2a: Hippowdon|41\/100 tox\n|-boost|p1a: Wally|atk|1\n|move|p2a: Hippowdon|Earthquake|p1a: Wally\n|-damage|p1a: Wally|42\/100\n|\n|-damage|p2a: Hippowdon|16\/100 tox|[from] psn\n|upkeep\n|turn|23\n|\n|t:|1700714166\n|move|p1a: Wally|Zen Headbutt|p2a: Hippowdon\n|-damage|p2a: Hippowdon|0 fnt\n|faint|p2a: Hippowdon\n|\n|upkeep\n|\n|t:|1700714177\n|switch|p2a: Aegislash|Aegislash, F|100\/100\n|turn|24\n|\n|t:|1700714190\n|switch|p1a: Lancelot|Escavalier, M|100\/100\n|-damage|p1a: Lancelot|88\/100|[from] Stealth Rock\n|-formechange|p2a: Aegislash|Aegislash-Blade||[from] ability: Stance Change\n|move|p2a: Aegislash|Shadow Ball|p1a: Lancelot\n|-damage|p1a: Lancelot|43\/100\n|\n|upkeep\n|turn|25\n|\n|t:|1700714203\n|-formechange|p2a: Aegislash|Aegislash||[from] ability: Stance Change\n|move|p2a: Aegislash|King's Shield|p2a: Aegislash\n|-singleturn|p2a: Aegislash|Protect\n|move|p1a: Lancelot|Knock Off|p2a: Aegislash\n|-activate|p2a: Aegislash|move: Protect\n|-unboost|p1a: Lancelot|atk|1\n|\n|upkeep\n|turn|26\n|\n|t:|1700714220\n|switch|p2a: Buzzwole|Buzzwole|100\/100\n|switch|p1a: 1 Point|Eldegoss, F|100\/100\n|-damage|p1a: 1 Point|88\/100|[from] Stealth Rock\n|\n|upkeep\n|turn|27\n|\n|t:|1700714230\n|move|p1a: 1 Point|Sleep Powder|p2a: Buzzwole|[miss]\n|-miss|p1a: 1 Point|p2a: Buzzwole\n|move|p2a: Buzzwole|Poison Jab|p1a: 1 Point\n|-supereffective|p1a: 1 Point\n|-damage|p1a: 1 Point|31\/100\n|\n|upkeep\n|turn|28\n|\n|t:|1700714236\n|move|p1a: 1 Point|Sleep Powder|p2a: Buzzwole\n|-status|p2a: Buzzwole|slp|[from] move: Sleep Powder\n|cant|p2a: Buzzwole|slp\n|\n|upkeep\n|turn|29\n|\n|t:|1700714257\n|switch|p1a: Rengeteki|Ribombee, F|100\/100\n|-damage|p1a: Rengeteki|76\/100|[from] Stealth Rock\n|-curestatus|p2a: Buzzwole|slp|[msg]\n|move|p2a: Buzzwole|Poison Jab|p1a: Rengeteki\n|-supereffective|p1a: Rengeteki\n|-damage|p1a: Rengeteki|0 fnt\n|faint|p1a: Rengeteki\n|-ability|p2a: Buzzwole|Beast Boost|boost\n|-boost|p2a: Buzzwole|def|1\n|\n|upkeep\n|\n|t:|1700714271\n|switch|p1a: 1 Point|Eldegoss, F|65\/100\n|-damage|p1a: 1 Point|52\/100|[from] Stealth Rock\n|turn|30\n|\n|t:|1700714276\n|move|p1a: 1 Point|Leech Seed|p2a: Buzzwole\n|-start|p2a: Buzzwole|move: Leech Seed\n|move|p2a: Buzzwole|Poison Jab|p1a: 1 Point\n|-supereffective|p1a: 1 Point\n|-damage|p1a: 1 Point|0 fnt\n|faint|p1a: 1 Point\n|-ability|p2a: Buzzwole|Beast Boost|boost\n|-boost|p2a: Buzzwole|def|1\n|\n|upkeep\n|\n|t:|1700714284\n|switch|p1a: Reely Cool|Eelektross, M|100\/100\n|-damage|p1a: Reely Cool|88\/100|[from] Stealth Rock\n|turn|31\n|\n|t:|1700714305\n|move|p2a: Buzzwole|Close Combat|p1a: Reely Cool\n|-damage|p1a: Reely Cool|28\/100\n|-unboost|p2a: Buzzwole|def|1\n|-unboost|p2a: Buzzwole|spd|1\n|move|p1a: Reely Cool|Coil|p1a: Reely Cool\n|-boost|p1a: Reely Cool|atk|1\n|-boost|p1a: Reely Cool|def|1\n|-boost|p1a: Reely Cool|accuracy|1\n|\n|-heal|p1a: Reely Cool|34\/100|[from] item: Leftovers\n|-damage|p2a: Buzzwole|88\/100|[from] Leech Seed|[of] p1a: Reely Cool\n|-heal|p1a: Reely Cool|48\/100|[silent]\n|upkeep\n|turn|32\n|\n|t:|1700714317\n|move|p2a: Buzzwole|Close Combat|p1a: Reely Cool\n|-damage|p1a: Reely Cool|6\/100\n|-unboost|p2a: Buzzwole|def|1\n|-unboost|p2a: Buzzwole|spd|1\n|move|p1a: Reely Cool|Coil|p1a: Reely Cool\n|-boost|p1a: Reely Cool|atk|1\n|-boost|p1a: Reely Cool|def|1\n|-boost|p1a: Reely Cool|accuracy|1\n|\n|-heal|p1a: Reely Cool|12\/100|[from] item: Leftovers\n|-damage|p2a: Buzzwole|76\/100|[from] Leech Seed|[of] p1a: Reely Cool\n|-heal|p1a: Reely Cool|26\/100|[silent]\n|upkeep\n|turn|33\n|\n|t:|1700714331\n|switch|p2a: Tapu Fini|Tapu Fini, shiny|88\/100\n|-fieldstart|move: Misty Terrain|[from] ability: Misty Surge|[of] p2a: Tapu Fini\n|move|p1a: Reely Cool|Drain Punch|p2a: Tapu Fini\n|-resisted|p2a: Tapu Fini\n|-damage|p2a: Tapu Fini|65\/100\n|-heal|p1a: Reely Cool|37\/100|[from] drain|[of] p2a: Tapu Fini\n|\n|-heal|p1a: Reely Cool|43\/100|[from] item: Leftovers\n|upkeep\n|turn|34\n|\n|t:|1700714352\n|-terastallize|p2a: Tapu Fini|Fairy\n|move|p2a: Tapu Fini|Moonblast|p1a: Reely Cool\n|-damage|p1a: Reely Cool|0 fnt\n|faint|p1a: Reely Cool\n|\n|upkeep\n|\n|t:|1700714361\n|switch|p1a: Lancelot|Escavalier, M|43\/100\n|-damage|p1a: Lancelot|31\/100|[from] Stealth Rock\n|turn|35\n|\n|t:|1700714373\n|move|p2a: Tapu Fini|Moonblast|p1a: Lancelot\n|-resisted|p1a: Lancelot\n|-damage|p1a: Lancelot|12\/100\n|move|p1a: Lancelot|Knock Off|p2a: Tapu Fini\n|-resisted|p2a: Tapu Fini\n|-damage|p2a: Tapu Fini|45\/100\n|-enditem|p2a: Tapu Fini|Heavy-Duty Boots|[from] move: Knock Off|[of] p1a: Lancelot\n|-damage|p1a: Lancelot|3\/100|[from] item: Life Orb\n|\n|upkeep\n|turn|36\n|\n|t:|1700714381\n|move|p2a: Tapu Fini|Moonblast|p1a: Lancelot\n|-resisted|p1a: Lancelot\n|-damage|p1a: Lancelot|0 fnt\n|faint|p1a: Lancelot\n|\n|upkeep\n|\n|t:|1700714386\n|switch|p1a: Wally|Gallade-Mega, M|42\/100\n|-damage|p1a: Wally|36\/100|[from] Stealth Rock\n|turn|37\n|\n|t:|1700714393\n|move|p1a: Wally|Zen Headbutt|p2a: Tapu Fini\n|-damage|p2a: Tapu Fini|5\/100\n|cant|p2a: Tapu Fini|flinch\n|\n|-fieldend|Misty Terrain\n|upkeep\n|turn|38\n|\n|t:|1700714399\n|move|p1a: Wally|Zen Headbutt|p2a: Tapu Fini\n|-damage|p2a: Tapu Fini|0 fnt\n|faint|p2a: Tapu Fini\n|\n|upkeep\n|\n|t:|1700714403\n|switch|p2a: Gardevoir|Gardevoir, F, shiny|100\/100\n|-ability|p2a: Gardevoir|Inner Focus|[from] ability: Trace|[of] p1a: Wally\n|turn|39\n|\n|t:|1700714408\n|detailschange|p2a: Gardevoir|Gardevoir-Mega, F, shiny\n|-mega|p2a: Gardevoir|Gardevoir|Gardevoirite\n|move|p1a: Wally|Aqua Cutter|p2a: Gardevoir\n|-damage|p2a: Gardevoir|52\/100\n|move|p2a: Gardevoir|Hyper Voice|p1a: Wally\n|-supereffective|p1a: Wally\n|-damage|p1a: Wally|0 fnt\n|faint|p1a: Wally\n|\n|upkeep\n|\n|t:|1700714416\n|switch|p1a: Kinkel|Crobat, M|10\/100\n|-damage|p1a: Kinkel|0 fnt|[from] Stealth Rock\n|faint|p1a: Kinkel\n|\n|win|Hylett\n|raw|SpecsGastr0's rating: 1219 &rarr; <strong>1193<\/strong><br \/>(-26 for losing)\n|raw|Hylett's rating: 1204 &rarr; <strong>1230<\/strong><br \/>(+26 for winning)\n","uploadtime":1700714422,"views":4,"p1id":"specsgastr0","p2id":"hylett","formatid":"gen9nationaldex","rating":1193,"private":0,"password":""}