{"id":"gen9nationaldex-1997849970","p1":"funky8787","p2":"RadicalKoala","format":"[Gen 9] National Dex","log":"|html|<div class=\"broadcast-blue\"><strong>[Gen 9] National Dex is currently suspecting Sneasler! For information on how to participate check out the <a href=\"https:\/\/www.smogon.com\/forums\/threads\/sv-national-dex-suspect-8-just-dance.3731534\/\">suspect thread<\/a>.<\/strong><\/div>\n|j|\u2606funky8787\n|j|\u2606RadicalKoala\n|t:|1700859548\n|gametype|singles\n|player|p1|funky8787|may-contest|1374\n|player|p2|RadicalKoala|pokemaniac|1344\n|teamsize|p1|6\n|teamsize|p2|6\n|gen|9\n|tier|[Gen 9] National Dex\n|rated|\n|rule|HP Percentage Mod: HP is shown in percentages\n|rule|Endless Battle Clause: Forcing endless battles is banned\n|rule|OHKO Clause: OHKO moves are banned\n|rule|Evasion Clause: Evasion abilities, items, and moves are banned\n|rule|Evasion Abilities Clause: Evasion abilities are banned\n|rule|Evasion Items Clause: Evasion items are banned\n|rule|Evasion Moves Clause: Evasion moves are banned\n|rule|Species Clause: Limit one of each Pok\u00e9mon\n|rule|Sleep Clause Mod: Limit one foe put to sleep\n|clearpoke\n|poke|p1|Serperior, F|\n|poke|p1|Kommo-o, M|\n|poke|p1|Scizor, M|\n|poke|p1|Manaphy|\n|poke|p1|Clefable, F|\n|poke|p1|Zapdos|\n|poke|p2|Ogerpon-Wellspring, F|\n|poke|p2|Great Tusk|\n|poke|p2|Pidgeot, M|\n|poke|p2|Volcarona, F|\n|poke|p2|Hatterene, F|\n|poke|p2|Ferrothorn, F|\n|teampreview\n|inactive|Battle timer is ON: inactive players will automatically lose when time's up. (requested by RadicalKoala)\n|\n|t:|1700859590\n|start\n|switch|p1a: Serperior|Serperior, F|100\/100\n|switch|p2a: Great Tusk|Great Tusk|100\/100\n|turn|1\n|\n|t:|1700859615\n|-end|p2a: Great Tusk|Protosynthesis|[silent]\n|switch|p2a: Volcarona|Volcarona, F|100\/100\n|move|p1a: Serperior|Reflect|p1a: Serperior\n|-sidestart|p1: funky8787|Reflect\n|\n|upkeep\n|turn|2\n|\n|t:|1700859622\n|move|p1a: Serperior|Light Screen|p1a: Serperior\n|-sidestart|p1: funky8787|move: Light Screen\n|move|p2a: Volcarona|Quiver Dance|p2a: Volcarona\n|-boost|p2a: Volcarona|spa|1\n|-boost|p2a: Volcarona|spd|1\n|-boost|p2a: Volcarona|spe|1\n|\n|upkeep\n|turn|3\n|\n|t:|1700859625\n|move|p2a: Volcarona|Quiver Dance|p2a: Volcarona\n|-boost|p2a: Volcarona|spa|1\n|-boost|p2a: Volcarona|spd|1\n|-boost|p2a: Volcarona|spe|1\n|move|p1a: Serperior|Glare|p2a: Volcarona\n|-status|p2a: Volcarona|par\n|\n|upkeep\n|turn|4\n|\n|t:|1700859635\n|switch|p1a: Manaphy|Manaphy|100\/100\n|move|p2a: Volcarona|Quiver Dance|p2a: Volcarona\n|-boost|p2a: Volcarona|spa|1\n|-boost|p2a: Volcarona|spd|1\n|-boost|p2a: Volcarona|spe|1\n|\n|upkeep\n|turn|5\n|\n|t:|1700859638\n|-terastallize|p2a: Volcarona|Grass\n|move|p2a: Volcarona|Giga Drain|p1a: Manaphy\n|-supereffective|p1a: Manaphy\n|-damage|p1a: Manaphy|4\/100\n|move|p1a: Manaphy|Surf|p2a: Volcarona\n|-resisted|p2a: Volcarona\n|-damage|p2a: Volcarona|91\/100 par\n|-damage|p1a: Manaphy|0 fnt|[from] item: Life Orb\n|faint|p1a: Manaphy\n|\n|upkeep\n|\n|t:|1700859642\n|switch|p1a: Clefable|Clefable, F|100\/100\n|turn|6\n|\n|t:|1700859645\n|cant|p2a: Volcarona|par\n|move|p1a: Clefable|Calm Mind|p1a: Clefable\n|-boost|p1a: Clefable|spa|1\n|-boost|p1a: Clefable|spd|1\n|\n|upkeep\n|turn|7\n|\n|t:|1700859651\n|move|p2a: Volcarona|Fiery Dance|p1a: Clefable\n|-damage|p1a: Clefable|88\/100\n|-boost|p2a: Volcarona|spa|1\n|move|p1a: Clefable|Calm Mind|p1a: Clefable\n|-boost|p1a: Clefable|spa|1\n|-boost|p1a: Clefable|spd|1\n|\n|-heal|p1a: Clefable|94\/100|[from] item: Leftovers\n|upkeep\n|turn|8\n|\n|t:|1700859655\n|switch|p2a: Ferrothorn|Ferrothorn, F|100\/100\n|move|p1a: Clefable|Calm Mind|p1a: Clefable\n|-boost|p1a: Clefable|spa|1\n|-boost|p1a: Clefable|spd|1\n|\n|-heal|p1a: Clefable|99\/100|[from] item: Leftovers\n|-sideend|p1: funky8787|Reflect\n|upkeep\n|turn|9\n|\n|t:|1700859658\n|move|p1a: Clefable|Flamethrower|p2a: Ferrothorn\n|-supereffective|p2a: Ferrothorn\n|-damage|p2a: Ferrothorn|0 fnt\n|faint|p2a: Ferrothorn\n|\n|-heal|p1a: Clefable|100\/100|[from] item: Leftovers\n|-sideend|p1: funky8787|move: Light Screen\n|upkeep\n|\n|t:|1700859661\n|switch|p2a: Ogerpon|Ogerpon-Wellspring, F|100\/100\n|turn|10\n|\n|t:|1700859664\n|move|p2a: Ogerpon|Ivy Cudgel|p1a: Clefable|[anim] Ivy Cudgel Water\n|-damage|p1a: Clefable|51\/100\n|move|p1a: Clefable|Moonblast|p2a: Ogerpon\n|-damage|p2a: Ogerpon|12\/100\n|\n|-heal|p1a: Clefable|57\/100|[from] item: Leftovers\n|upkeep\n|turn|11\n|\n|t:|1700859669\n|move|p2a: Ogerpon|Ivy Cudgel|p1a: Clefable|[anim] Ivy Cudgel Water\n|-damage|p1a: Clefable|10\/100\n|move|p1a: Clefable|Moonblast|p2a: Ogerpon\n|-damage|p2a: Ogerpon|0 fnt\n|faint|p2a: Ogerpon\n|\n|-heal|p1a: Clefable|16\/100|[from] item: Leftovers\n|upkeep\n|\n|t:|1700859672\n|switch|p2a: Pidgeot|Pidgeot, M|100\/100\n|turn|12\n|\n|t:|1700859674\n|detailschange|p2a: Pidgeot|Pidgeot-Mega, M\n|-mega|p2a: Pidgeot|Pidgeot|Pidgeotite\n|move|p2a: Pidgeot|Hurricane|p1a: Clefable\n|-damage|p1a: Clefable|0 fnt\n|faint|p1a: Clefable\n|\n|upkeep\n|\n|t:|1700859683\n|switch|p1a: Zapdos|Zapdos|100\/100\n|turn|13\n|\n|t:|1700859687\n|switch|p2a: Great Tusk|Great Tusk|100\/100\n|switch|p1a: Serperior|Serperior, F|100\/100\n|\n|upkeep\n|turn|14\n|\n|t:|1700859692\n|-end|p2a: Great Tusk|Protosynthesis|[silent]\n|switch|p2a: Pidgeot|Pidgeot-Mega, M|100\/100\n|move|p1a: Serperior|Light Screen|p1a: Serperior\n|-sidestart|p1: funky8787|move: Light Screen\n|\n|upkeep\n|turn|15\n|\n|t:|1700859696\n|move|p2a: Pidgeot|Hurricane|p1a: Serperior\n|-supereffective|p1a: Serperior\n|-damage|p1a: Serperior|43\/100\n|-start|p1a: Serperior|confusion\n|-activate|p1a: Serperior|confusion\n|-damage|p1a: Serperior|38\/100|[from] confusion\n|\n|upkeep\n|turn|16\n|\n|t:|1700859699\n|move|p2a: Pidgeot|Hurricane|p1a: Serperior\n|-supereffective|p1a: Serperior\n|-damage|p1a: Serperior|0 fnt\n|faint|p1a: Serperior\n|\n|upkeep\n|\n|t:|1700859703\n|switch|p1a: Scizor|Scizor, M|100\/100\n|turn|17\n|\n|t:|1700859709\n|switch|p2a: Volcarona|Volcarona, F, tera:Grass|91\/100 par\n|detailschange|p1a: Scizor|Scizor-Mega, M\n|-mega|p1a: Scizor|Scizor|Scizorite\n|move|p1a: Scizor|Swords Dance|p1a: Scizor\n|-boost|p1a: Scizor|atk|2\n|\n|upkeep\n|turn|18\n|\n|t:|1700859714\n|move|p1a: Scizor|Knock Off|p2a: Volcarona\n|-damage|p2a: Volcarona|0 fnt\n|-enditem|p2a: Volcarona|Heavy-Duty Boots|[from] move: Knock Off|[of] p1a: Scizor\n|faint|p2a: Volcarona\n|\n|upkeep\n|\n|t:|1700859717\n|switch|p2a: Great Tusk|Great Tusk|100\/100\n|turn|19\n|\n|t:|1700859722\n|move|p2a: Great Tusk|Body Press|p1a: Scizor\n|-damage|p1a: Scizor|64\/100\n|move|p1a: Scizor|Swords Dance|p1a: Scizor\n|-boost|p1a: Scizor|atk|2\n|\n|upkeep\n|turn|20\n|\n|t:|1700859728\n|move|p1a: Scizor|Bullet Punch|p2a: Great Tusk\n|-damage|p2a: Great Tusk|51\/100\n|-damage|p1a: Scizor|47\/100|[from] item: Rocky Helmet|[of] p2a: Great Tusk\n|move|p2a: Great Tusk|Body Press|p1a: Scizor\n|-damage|p1a: Scizor|11\/100\n|\n|upkeep\n|turn|21\n|\n|t:|1700859736\n|move|p1a: Scizor|Bullet Punch|p2a: Great Tusk\n|-damage|p2a: Great Tusk|2\/100\n|-damage|p1a: Scizor|0 fnt|[from] item: Rocky Helmet|[of] p2a: Great Tusk\n|faint|p1a: Scizor\n|move|p2a: Great Tusk|Knock Off|p1: Scizor|[notarget]\n|-fail|p2a: Great Tusk\n|\n|-sideend|p1: funky8787|move: Light Screen\n|upkeep\n|\n|t:|1700859743\n|switch|p1a: Kommo-o|Kommo-o, M|100\/100\n|turn|22\n|\n|t:|1700859746\n|move|p1a: Kommo-o|Drain Punch|p2a: Great Tusk\n|-damage|p2a: Great Tusk|0 fnt\n|-damage|p1a: Kommo-o|84\/100|[from] item: Rocky Helmet|[of] p2a: Great Tusk\n|faint|p2a: Great Tusk\n|-end|p2a: Great Tusk|Protosynthesis|[silent]\n|\n|upkeep\n|\n|t:|1700859749\n|switch|p2a: Pidgeot|Pidgeot-Mega, M|100\/100\n|turn|23\n|\n|t:|1700859752\n|-terastallize|p1a: Kommo-o|Electric\n|move|p2a: Pidgeot|Hurricane|p1a: Kommo-o\n|-resisted|p1a: Kommo-o\n|-damage|p1a: Kommo-o|53\/100\n|-start|p1a: Kommo-o|confusion\n|-activate|p1a: Kommo-o|confusion\n|-damage|p1a: Kommo-o|40\/100|[from] confusion\n|\n|upkeep\n|turn|24\n|\n|t:|1700859757\n|move|p2a: Pidgeot|Hidden Power|p1a: Kommo-o\n|-supereffective|p1a: Kommo-o\n|-damage|p1a: Kommo-o|0 fnt\n|faint|p1a: Kommo-o\n|\n|upkeep\n|\n|t:|1700859759\n|switch|p1a: Zapdos|Zapdos|100\/100\n|turn|25\n|\n|t:|1700859762\n|move|p2a: Pidgeot|Heat Wave|p1a: Zapdos\n|-damage|p1a: Zapdos|67\/100\n|move|p1a: Zapdos|Volt Switch|p2a: Pidgeot\n|-supereffective|p2a: Pidgeot\n|-crit|p2a: Pidgeot\n|-damage|p2a: Pidgeot|0 fnt\n|faint|p2a: Pidgeot\n|\n|upkeep\n|\n|t:|1700859765\n|switch|p2a: Hatterene|Hatterene, F|100\/100\n|turn|26\n|\n|t:|1700859767\n|move|p1a: Zapdos|Volt Switch|p2a: Hatterene\n|-damage|p2a: Hatterene|72\/100\n|move|p2a: Hatterene|Draining Kiss|p1a: Zapdos\n|-damage|p1a: Zapdos|40\/100\n|-heal|p2a: Hatterene|96\/100|[from] drain|[of] p1a: Zapdos\n|\n|-heal|p2a: Hatterene|100\/100|[from] item: Leftovers\n|upkeep\n|turn|27\n|\n|t:|1700859769\n|move|p1a: Zapdos|Roost|p1a: Zapdos\n|-heal|p1a: Zapdos|90\/100\n|-singleturn|p1a: Zapdos|move: Roost\n|move|p2a: Hatterene|Draining Kiss|p1a: Zapdos\n|-damage|p1a: Zapdos|64\/100\n|\n|upkeep\n|turn|28\n|\n|t:|1700859772\n|move|p1a: Zapdos|Volt Switch|p2a: Hatterene\n|-damage|p2a: Hatterene|68\/100\n|move|p2a: Hatterene|Calm Mind|p2a: Hatterene\n|-boost|p2a: Hatterene|spa|1\n|-boost|p2a: Hatterene|spd|1\n|\n|-heal|p2a: Hatterene|74\/100|[from] item: Leftovers\n|upkeep\n|turn|29\n|\n|t:|1700859775\n|move|p1a: Zapdos|Volt Switch|p2a: Hatterene\n|-damage|p2a: Hatterene|54\/100\n|move|p2a: Hatterene|Draining Kiss|p1a: Zapdos\n|-damage|p1a: Zapdos|23\/100\n|-heal|p2a: Hatterene|91\/100|[from] drain|[of] p1a: Zapdos\n|-status|p2a: Hatterene|par|[from] ability: Static|[of] p1a: Zapdos\n|\n|-heal|p2a: Hatterene|97\/100 par|[from] item: Leftovers\n|upkeep\n|turn|30\n|\n|t:|1700859777\n|move|p1a: Zapdos|Roost|p1a: Zapdos\n|-heal|p1a: Zapdos|73\/100\n|-singleturn|p1a: Zapdos|move: Roost\n|move|p2a: Hatterene|Calm Mind|p2a: Hatterene\n|-boost|p2a: Hatterene|spa|1\n|-boost|p2a: Hatterene|spd|1\n|\n|-heal|p2a: Hatterene|100\/100 par|[from] item: Leftovers\n|upkeep\n|turn|31\n|\n|t:|1700859780\n|move|p1a: Zapdos|Heat Wave|p2a: Hatterene\n|-damage|p2a: Hatterene|87\/100 par\n|move|p2a: Hatterene|Calm Mind|p2a: Hatterene\n|-boost|p2a: Hatterene|spa|1\n|-boost|p2a: Hatterene|spd|1\n|\n|-heal|p2a: Hatterene|93\/100 par|[from] item: Leftovers\n|upkeep\n|turn|32\n|\n|t:|1700859782\n|move|p1a: Zapdos|Heat Wave|p2a: Hatterene\n|-damage|p2a: Hatterene|81\/100 par\n|move|p2a: Hatterene|Calm Mind|p2a: Hatterene\n|-boost|p2a: Hatterene|spa|1\n|-boost|p2a: Hatterene|spd|1\n|\n|-heal|p2a: Hatterene|87\/100 par|[from] item: Leftovers\n|upkeep\n|turn|33\n|\n|t:|1700859785\n|move|p1a: Zapdos|Heat Wave|p2a: Hatterene\n|-damage|p2a: Hatterene|78\/100 par\n|move|p2a: Hatterene|Draining Kiss|p1a: Zapdos\n|-damage|p1a: Zapdos|0 fnt\n|-heal|p2a: Hatterene|100\/100 par|[from] drain|[of] p1a: Zapdos\n|faint|p1a: Zapdos\n|\n|win|RadicalKoala\n|raw|funky8787's rating: 1374 &rarr; <strong>1352<\/strong><br \/>(-22 for losing)\n|raw|RadicalKoala's rating: 1344 &rarr; <strong>1366<\/strong><br \/>(+22 for winning)\n|l|\u2606funky8787\n","uploadtime":1700859793,"views":3,"p1id":"funky8787","p2id":"radicalkoala","formatid":"gen9nationaldex","rating":1352,"private":0,"password":""}