{"id":"gen9nationaldex-1987970189","p1":"vheneko","p2":"eikaitz","format":"[Gen 9] National Dex","log":"|j|\u2606vheneko\n|j|\u2606eikaitz\n|t:|1699654419\n|gametype|singles\n|player|p1|vheneko|pilot|1286\n|player|p2|eikaitz|hugh|1284\n|teamsize|p1|6\n|teamsize|p2|6\n|gen|9\n|tier|[Gen 9] National Dex\n|rated|\n|rule|HP Percentage Mod: HP is shown in percentages\n|rule|Endless Battle Clause: Forcing endless battles is banned\n|rule|OHKO Clause: OHKO moves are banned\n|rule|Evasion Clause: Evasion abilities, items, and moves are banned\n|rule|Evasion Abilities Clause: Evasion abilities are banned\n|rule|Evasion Items Clause: Evasion items are banned\n|rule|Evasion Moves Clause: Evasion moves are banned\n|rule|Species Clause: Limit one of each Pok\u00e9mon\n|rule|Sleep Clause Mod: Limit one foe put to sleep\n|clearpoke\n|poke|p1|Weavile, F|\n|poke|p1|Druddigon, F|\n|poke|p1|Comfey, F|\n|poke|p1|Cinderace, M|\n|poke|p1|Serperior, M|\n|poke|p1|Slowking-Galar, M|\n|poke|p2|Gyarados, M|\n|poke|p2|Aerodactyl, M|\n|poke|p2|Dragonite, M|\n|poke|p2|Jumpluff, M|\n|poke|p2|Murkrow, M|\n|poke|p2|Gliscor, M|\n|teampreview\n|inactive|Battle timer is ON: inactive players will automatically lose when time's up. (requested by eikaitz)\n|\n|t:|1699654426\n|start\n|switch|p1a: Druddigon|Druddigon, F|100\/100\n|switch|p2a: Gliscor|Gliscor, M|100\/100\n|turn|1\n|\n|t:|1699654433\n|move|p2a: Gliscor|Swords Dance|p2a: Gliscor\n|-boost|p2a: Gliscor|atk|2\n|move|p1a: Druddigon|Glare|p2a: Gliscor\n|-status|p2a: Gliscor|par\n|\n|upkeep\n|turn|2\n|\n|t:|1699654451\n|cant|p2a: Gliscor|par\n|move|p1a: Druddigon|Stealth Rock|p2a: Gliscor\n|-sidestart|p2: eikaitz|move: Stealth Rock\n|\n|upkeep\n|turn|3\n|\n|t:|1699654458\n|move|p2a: Gliscor|Earthquake|p1a: Druddigon\n|-damage|p1a: Druddigon|31\/100\n|move|p1a: Druddigon|Roar|p2a: Gliscor\n|drag|p2a: Gyarados|Gyarados, M|100\/100\n|\n|upkeep\n|turn|4\n|\n|t:|1699654465\n|move|p2a: Gyarados|Dragon Dance|p2a: Gyarados\n|-boost|p2a: Gyarados|atk|1\n|-boost|p2a: Gyarados|spe|1\n|move|p1a: Druddigon|Glare|p2a: Gyarados\n|-status|p2a: Gyarados|par\n|\n|upkeep\n|turn|5\n|\n|t:|1699654473\n|move|p2a: Gyarados|Earthquake|p1a: Druddigon\n|-damage|p1a: Druddigon|0 fnt\n|faint|p1a: Druddigon\n|-ability|p2a: Gyarados|Moxie|boost\n|-boost|p2a: Gyarados|atk|1\n|\n|upkeep\n|\n|t:|1699654479\n|switch|p1a: Serperior|Serperior, M|100\/100\n|turn|6\n|\n|t:|1699654483\n|move|p1a: Serperior|Leaf Storm|p2a: Gyarados\n|-damage|p2a: Gyarados|52\/100 par\n|-boost|p1a: Serperior|spa|2\n|move|p2a: Gyarados|Earthquake|p1a: Serperior\n|-resisted|p1a: Serperior\n|-damage|p1a: Serperior|60\/100\n|\n|-heal|p1a: Serperior|66\/100|[from] item: Leftovers\n|upkeep\n|turn|7\n|\n|t:|1699654492\n|move|p1a: Serperior|Leaf Storm|p2a: Gyarados\n|-damage|p2a: Gyarados|0 fnt\n|-boost|p1a: Serperior|spa|2\n|faint|p2a: Gyarados\n|\n|-heal|p1a: Serperior|73\/100|[from] item: Leftovers\n|upkeep\n|\n|t:|1699654501\n|switch|p2a: Murkrow|Murkrow, M|100\/100\n|-damage|p2a: Murkrow|75\/100|[from] Stealth Rock\n|turn|8\n|\n|t:|1699654506\n|move|p2a: Murkrow|Thunder Wave|p1a: Serperior\n|-status|p1a: Serperior|par\n|move|p1a: Serperior|Substitute|p1a: Serperior\n|-start|p1a: Serperior|Substitute\n|-damage|p1a: Serperior|48\/100 par\n|\n|-heal|p1a: Serperior|54\/100 par|[from] item: Leftovers\n|upkeep\n|turn|9\n|\n|t:|1699654515\n|switch|p2a: Gliscor|Gliscor, M|100\/100 par\n|-damage|p2a: Gliscor|88\/100 par|[from] Stealth Rock\n|move|p1a: Serperior|Dragon Pulse|p2a: Gliscor\n|-damage|p2a: Gliscor|0 fnt\n|faint|p2a: Gliscor\n|\n|-heal|p1a: Serperior|60\/100 par|[from] item: Leftovers\n|upkeep\n|\n|t:|1699654518\n|switch|p2a: Jumpluff|Jumpluff, M|100\/100\n|-damage|p2a: Jumpluff|75\/100|[from] Stealth Rock\n|turn|10\n|\n|t:|1699654528\n|move|p2a: Jumpluff|Acrobatics|p1a: Serperior\n|-supereffective|p1a: Serperior\n|-damage|p1a: Serperior|0 fnt\n|faint|p1a: Serperior\n|\n|upkeep\n|\n|t:|1699654533\n|switch|p1a: Weavile|Weavile, F|100\/100\n|-ability|p1a: Weavile|Pressure\n|turn|11\n|\n|t:|1699654540\n|move|p1a: Weavile|Ice Shard|p2a: Jumpluff\n|-supereffective|p2a: Jumpluff\n|-damage|p2a: Jumpluff|0 fnt\n|faint|p2a: Jumpluff\n|\n|upkeep\n|\n|t:|1699654543\n|switch|p2a: Murkrow|Murkrow, M|75\/100\n|-damage|p2a: Murkrow|50\/100|[from] Stealth Rock\n|turn|12\n|\n|t:|1699654549\n|move|p1a: Weavile|Ice Shard|p2a: Murkrow\n|-supereffective|p2a: Murkrow\n|-damage|p2a: Murkrow|0 fnt\n|faint|p2a: Murkrow\n|\n|upkeep\n|\n|t:|1699654555\n|switch|p2a: Aerodactyl|Aerodactyl, M|100\/100\n|-damage|p2a: Aerodactyl|76\/100|[from] Stealth Rock\n|turn|13\n|\n|t:|1699654559\n|detailschange|p2a: Aerodactyl|Aerodactyl-Mega, M\n|-mega|p2a: Aerodactyl|Aerodactyl|Aerodactylite\n|-terastallize|p1a: Weavile|Fairy\n|move|p1a: Weavile|Ice Shard|p2a: Aerodactyl\n|-supereffective|p2a: Aerodactyl\n|-damage|p2a: Aerodactyl|0 fnt\n|faint|p2a: Aerodactyl\n|\n|upkeep\n|\n|t:|1699654564\n|switch|p2a: Dragonite|Dragonite, M|100\/100\n|-damage|p2a: Dragonite|75\/100|[from] Stealth Rock\n|turn|14\n|\n|t:|1699654570\n|move|p1a: Weavile|Ice Shard|p2a: Dragonite\n|-supereffective|p2a: Dragonite\n|-damage|p2a: Dragonite|0 fnt\n|faint|p2a: Dragonite\n|\n|win|vheneko\n|raw|vheneko's rating: 1286 &rarr; <strong>1311<\/strong><br \/>(+25 for winning)\n|raw|eikaitz's rating: 1284 &rarr; <strong>1259<\/strong><br \/>(-25 for losing)\n|l|\u2606eikaitz\n","uploadtime":1699654605,"views":7,"p1id":"vheneko","p2id":"eikaitz","formatid":"gen9nationaldex","rating":1259,"private":0,"password":""}