{"id":"gen9nationaldex-1996846529","p1":"Karma_akuma","p2":"Thehonored1","format":"[Gen 9] National Dex","log":"|html|<div class=\"broadcast-blue\"><strong>[Gen 9] National Dex is currently suspecting Sneasler! For information on how to participate check out the <a href=\"https:\/\/www.smogon.com\/forums\/threads\/sv-national-dex-suspect-8-just-dance.3731534\/\">suspect thread<\/a>.<\/strong><\/div>\n|j|\u2606Karma_akuma\n|j|\u2606Thehonored1\n|t:|1700734677\n|gametype|singles\n|player|p1|Karma_akuma|gladion|1071\n|player|p2|Thehonored1|lance|1095\n|teamsize|p1|6\n|teamsize|p2|6\n|gen|9\n|tier|[Gen 9] National Dex\n|rated|\n|rule|HP Percentage Mod: HP is shown in percentages\n|rule|Endless Battle Clause: Forcing endless battles is banned\n|rule|OHKO Clause: OHKO moves are banned\n|rule|Evasion Clause: Evasion abilities, items, and moves are banned\n|rule|Evasion Abilities Clause: Evasion abilities are banned\n|rule|Evasion Items Clause: Evasion items are banned\n|rule|Evasion Moves Clause: Evasion moves are banned\n|rule|Species Clause: Limit one of each Pok\u00e9mon\n|rule|Sleep Clause Mod: Limit one foe put to sleep\n|clearpoke\n|poke|p1|Sneasler, F|\n|poke|p1|Nihilego|\n|poke|p1|Salazzle, F|\n|poke|p1|Toxicroak, M|\n|poke|p1|Corviknight, F|\n|poke|p1|Muk-Alola, F|\n|poke|p2|Gyarados, F|\n|poke|p2|Volcanion|\n|poke|p2|Manectric, M|\n|poke|p2|Lilligant-Hisui, F|\n|poke|p2|Goodra-Hisui, F|\n|poke|p2|Tornadus-Therian, M|\n|teampreview\n|inactive|Battle timer is ON: inactive players will automatically lose when time's up. (requested by Thehonored1)\n|\n|t:|1700734686\n|start\n|switch|p1a: Sala|Salazzle, F, shiny|100\/100\n|switch|p2a: Goodra|Goodra-Hisui, F|100\/100\n|turn|1\n|c|\u2606Karma_akuma|Glhf\n|inactive|Thehonored1 has 120 seconds left.\n|\n|t:|1700734718\n|move|p1a: Sala|Toxic|p2a: Goodra\n|-status|p2a: Goodra|tox\n|move|p2a: Goodra|Acid Armor|p2a: Goodra\n|-boost|p2a: Goodra|def|2\n|\n|-damage|p2a: Goodra|94\/100 tox|[from] psn\n|upkeep\n|turn|2\n|inactive|Thehonored1 has 120 seconds left.\n|\n|t:|1700734736\n|move|p1a: Sala|Flamethrower|p2a: Goodra\n|-damage|p2a: Goodra|65\/100 tox\n|move|p2a: Goodra|Thunderbolt|p1a: Sala\n|-damage|p1a: Sala|54\/100\n|\n|-damage|p2a: Goodra|53\/100 tox|[from] psn\n|upkeep\n|turn|3\n|inactive|Thehonored1 has 120 seconds left.\n|\n|t:|1700734744\n|move|p1a: Sala|Sludge Wave|p2a: Goodra\n|-immune|p2a: Goodra\n|move|p2a: Goodra|Thunderbolt|p1a: Sala\n|-damage|p1a: Sala|7\/100\n|\n|-damage|p2a: Goodra|35\/100 tox|[from] psn\n|upkeep\n|turn|4\n|\n|t:|1700734753\n|move|p1a: Sala|Flamethrower|p2a: Goodra\n|-damage|p2a: Goodra|3\/100 tox\n|move|p2a: Goodra|Thunderbolt|p1a: Sala\n|-damage|p1a: Sala|0 fnt\n|faint|p1a: Sala\n|\n|-damage|p2a: Goodra|0 fnt|[from] psn\n|faint|p2a: Goodra\n|upkeep\n|inactive|Thehonored1 has 120 seconds left.\n|\n|t:|1700734769\n|switch|p1a: lego|Nihilego, shiny|100\/100\n|switch|p2a: Manectric|Manectric, M|100\/100\n|turn|5\n|inactive|Thehonored1 has 120 seconds left.\n|\n|t:|1700734796\n|detailschange|p2a: Manectric|Manectric-Mega, M\n|-mega|p2a: Manectric|Manectric|Manectite\n|-ability|p2a: Manectric|Intimidate|boost\n|-unboost|p1a: lego|atk|1\n|move|p2a: Manectric|Discharge|p1a: lego\n|-damage|p1a: lego|83\/100\n|-status|p1a: lego|par\n|move|p1a: lego|Sludge Wave|p2a: Manectric\n|-damage|p2a: Manectric|30\/100\n|\n|upkeep\n|turn|6\n|\n|t:|1700734806\n|move|p2a: Manectric|Volt Switch|p1a: lego\n|-damage|p1a: lego|68\/100 par\n|\n|t:|1700734812\n|switch|p2a: Volcanion|Volcanion|100\/100|[from] Volt Switch\n|move|p1a: lego|Power Gem|p2a: Volcanion\n|-supereffective|p2a: Volcanion\n|-damage|p2a: Volcanion|24\/100\n|\n|upkeep\n|turn|7\n|\n|t:|1700734818\n|move|p2a: Volcanion|Steam Eruption|p1a: lego\n|-supereffective|p1a: lego\n|-damage|p1a: lego|23\/100 par\n|cant|p1a: lego|par\n|\n|upkeep\n|turn|8\n|inactive|Thehonored1 has 120 seconds left.\n|\n|t:|1700734823\n|move|p2a: Volcanion|Steam Eruption|p1a: lego\n|-supereffective|p1a: lego\n|-damage|p1a: lego|0 fnt\n|faint|p1a: lego\n|\n|upkeep\n|\n|t:|1700734831\n|switch|p1a: croak|Toxicroak, M|100\/100\n|turn|9\n|\n|t:|1700734834\n|move|p1a: croak|Fake Out|p2a: Volcanion\n|-damage|p2a: Volcanion|14\/100\n|cant|p2a: Volcanion|flinch\n|\n|upkeep\n|turn|10\n|\n|t:|1700734838\n|move|p1a: croak|Earthquake|p2a: Volcanion\n|-supereffective|p2a: Volcanion\n|-damage|p2a: Volcanion|0 fnt\n|faint|p2a: Volcanion\n|\n|upkeep\n|\n|t:|1700734845\n|switch|p2a: Tornadus|Tornadus-Therian, M|100\/100\n|turn|11\n|\n|t:|1700734849\n|move|p1a: croak|Poison Jab|p2a: Tornadus\n|-damage|p2a: Tornadus|62\/100\n|-status|p2a: Tornadus|psn\n|move|p2a: Tornadus|Bleakwind Storm|p1a: croak\n|-supereffective|p1a: croak\n|-damage|p1a: croak|0 fnt\n|faint|p1a: croak\n|\n|-damage|p2a: Tornadus|50\/100 psn|[from] psn\n|upkeep\n|\n|t:|1700734856\n|switch|p1a: Steal|Sneasler, F|100\/100\n|turn|12\n|\n|t:|1700734870\n|move|p1a: Steal|Fake Out|p2a: Tornadus\n|-damage|p2a: Tornadus|32\/100 psn\n|cant|p2a: Tornadus|flinch\n|\n|-damage|p2a: Tornadus|19\/100 psn|[from] psn\n|upkeep\n|turn|13\n|\n|t:|1700734873\n|move|p1a: Steal|Swords Dance|p1a: Steal\n|-boost|p1a: Steal|atk|2\n|move|p2a: Tornadus|Bleakwind Storm|p1a: Steal\n|-supereffective|p1a: Steal\n|-enditem|p1a: Steal|Focus Sash\n|-damage|p1a: Steal|1\/100\n|-unboost|p1a: Steal|spe|1\n|\n|-damage|p2a: Tornadus|7\/100 psn|[from] psn\n|upkeep\n|turn|14\n|\n|t:|1700734887\n|move|p1a: Steal|Dire Claw|p2a: Tornadus\n|-damage|p2a: Tornadus|0 fnt\n|faint|p2a: Tornadus\n|\n|upkeep\n|\n|t:|1700734892\n|switch|p2a: Manectric|Manectric-Mega, M|30\/100\n|-ability|p2a: Manectric|Intimidate|boost\n|-unboost|p1a: Steal|atk|1\n|turn|15\n|\n|t:|1700734898\n|move|p1a: Steal|Dire Claw|p2a: Manectric\n|-damage|p2a: Manectric|0 fnt\n|faint|p2a: Manectric\n|\n|upkeep\n|\n|t:|1700734904\n|switch|p2a: Gyarados|Gyarados, F|100\/100\n|-ability|p2a: Gyarados|Intimidate|boost\n|-unboost|p1a: Steal|atk|1\n|turn|16\n|\n|t:|1700734913\n|move|p1a: Steal|Dire Claw|p2a: Gyarados\n|-damage|p2a: Gyarados|50\/100\n|move|p2a: Gyarados|Aqua Tail|p1a: Steal\n|-crit|p1a: Steal\n|-damage|p1a: Steal|0 fnt\n|faint|p1a: Steal\n|\n|upkeep\n|\n|t:|1700734922\n|switch|p1a: knight|Corviknight, F, shiny|100\/100\n|turn|17\n|\n|t:|1700734939\n|switch|p2a: Lilligant|Lilligant-Hisui, F|100\/100\n|-terastallize|p1a: knight|Poison\n|move|p1a: knight|Bulk Up|p1a: knight\n|-boost|p1a: knight|atk|1\n|-boost|p1a: knight|def|1\n|\n|upkeep\n|turn|18\n|\n|t:|1700734946\n|move|p2a: Lilligant|Leech Seed|p1a: knight\n|-start|p1a: knight|move: Leech Seed\n|move|p1a: knight|Drill Peck|p2a: Lilligant\n|-supereffective|p2a: Lilligant\n|-damage|p2a: Lilligant|0 fnt\n|faint|p2a: Lilligant\n|\n|upkeep\n|\n|t:|1700734951\n|switch|p2a: Gyarados|Gyarados, F|50\/100\n|-ability|p2a: Gyarados|Intimidate|boost\n|-ability|p1a: knight|Mirror Armor\n|-unboost|p2a: Gyarados|atk|1\n|turn|19\n|\n|t:|1700734958\n|move|p2a: Gyarados|Skull Bash||[still]\n|-prepare|p2a: Gyarados|Skull Bash\n|-boost|p2a: Gyarados|def|1\n|-enditem|p2a: Gyarados|Power Herb\n|-anim|p2a: Gyarados|Skull Bash|p1a: knight\n|-damage|p1a: knight|87\/100\n|-damage|p2a: Gyarados|33\/100|[from] item: Rocky Helmet|[of] p1a: knight\n|move|p1a: knight|Body Press|p2a: Gyarados\n|-resisted|p2a: Gyarados\n|-damage|p2a: Gyarados|23\/100\n|\n|-damage|p1a: knight|75\/100|[from] Leech Seed|[of] p2a: Gyarados\n|-heal|p2a: Gyarados|37\/100|[silent]\n|upkeep\n|turn|20\n|\n|t:|1700734974\n|-terastallize|p2a: Gyarados|Steel\n|move|p2a: Gyarados|Iron Tail|p1a: knight\n|-damage|p1a: knight|60\/100\n|-damage|p2a: Gyarados|20\/100|[from] item: Rocky Helmet|[of] p1a: knight\n|move|p1a: knight|Iron Head|p2a: Gyarados\n|-resisted|p2a: Gyarados\n|-damage|p2a: Gyarados|0 fnt\n|faint|p2a: Gyarados\n|\n|win|Karma_akuma\n|raw|Karma_akuma's rating: 1071 &rarr; <strong>1100<\/strong><br \/>(+29 for winning)\n|raw|Thehonored1's rating: 1066 &rarr; <strong>1046<\/strong><br \/>(-20 for losing)\n","uploadtime":1700734984,"views":9,"p1id":"karmaakuma","p2id":"thehonored1","formatid":"gen9nationaldex","rating":1046,"private":0,"password":""}