{"id":"gen9nationaldex-1992345908","p1":"PikachuXD317878","p2":"onlyfactsss","format":"[Gen 9] National Dex","log":"|j|\u2606PikachuXD317878\n|j|\u2606onlyfactsss\n|t:|1700177039\n|gametype|singles\n|player|p1|PikachuXD317878|rye|\n|player|p2|onlyfactsss|102|\n|teamsize|p1|6\n|teamsize|p2|6\n|gen|9\n|tier|[Gen 9] National Dex\n|rule|HP Percentage Mod: HP is shown in percentages\n|rule|Endless Battle Clause: Forcing endless battles is banned\n|rule|OHKO Clause: OHKO moves are banned\n|rule|Evasion Clause: Evasion abilities, items, and moves are banned\n|rule|Evasion Abilities Clause: Evasion abilities are banned\n|rule|Evasion Items Clause: Evasion items are banned\n|rule|Evasion Moves Clause: Evasion moves are banned\n|rule|Species Clause: Limit one of each Pok\u00e9mon\n|rule|Sleep Clause Mod: Limit one foe put to sleep\n|clearpoke\n|poke|p1|Garchomp, F|\n|poke|p1|Primarina, M|\n|poke|p1|Charizard, M|\n|poke|p1|Lilligant-Hisui, F|\n|poke|p1|Sneasler, F|\n|poke|p1|Aegislash, F|\n|poke|p2|Excadrill, M|\n|poke|p2|Garchomp, F|\n|poke|p2|Landorus-Therian, M|\n|poke|p2|Nidoking, M|\n|poke|p2|Hippowdon, F|\n|poke|p2|Swampert, F|\n|teampreview\n|inactive|Battle timer is ON: inactive players will automatically lose when time's up. (requested by PikachuXD317878)\n|c|\u2606PikachuXD317878|suerte\n|c|\u2606onlyfactsss|rt\n|\n|t:|1700177059\n|start\n|switch|p1a: Garchomp|Garchomp, F|100\/100\n|switch|p2a: Gucchito|Landorus-Therian, M|100\/100\n|-ability|p2a: Gucchito|Intimidate|boost\n|-unboost|p1a: Garchomp|atk|1\n|turn|1\n|\n|t:|1700177069\n|move|p1a: Garchomp|Stealth Rock|p2a: Gucchito\n|-sidestart|p2: onlyfactsss|move: Stealth Rock\n|move|p2a: Gucchito|Knock Off|p1a: Garchomp\n|-damage|p1a: Garchomp|69\/100\n|-damage|p2a: Gucchito|88\/100|[from] ability: Rough Skin|[of] p1a: Garchomp\n|-damage|p2a: Gucchito|72\/100|[from] item: Rocky Helmet|[of] p1a: Garchomp\n|-enditem|p1a: Garchomp|Rocky Helmet|[from] move: Knock Off|[of] p2a: Gucchito\n|\n|-heal|p2a: Gucchito|78\/100|[from] item: Leftovers\n|upkeep\n|turn|2\n|\n|t:|1700177076\n|move|p1a: Garchomp|Spikes|p2a: Gucchito\n|-sidestart|p2: onlyfactsss|Spikes\n|move|p2a: Gucchito|Stealth Rock|p1a: Garchomp\n|-sidestart|p1: PikachuXD317878|move: Stealth Rock\n|\n|-heal|p2a: Gucchito|84\/100|[from] item: Leftovers\n|upkeep\n|turn|3\n|\n|t:|1700177080\n|move|p2a: Gucchito|Earthquake|p1a: Garchomp\n|-damage|p1a: Garchomp|15\/100\n|move|p1a: Garchomp|Dragon Tail|p2a: Gucchito\n|-damage|p2a: Gucchito|67\/100\n|drag|p2a: El to\u00f1as|Nidoking, M|100\/100\n|-damage|p2a: El to\u00f1as|94\/100|[from] Stealth Rock\n|-damage|p2a: El to\u00f1as|82\/100|[from] Spikes\n|\n|upkeep\n|turn|4\n|\n|t:|1700177097\n|move|p1a: Garchomp|Spikes|p2a: El to\u00f1as\n|-sidestart|p2: onlyfactsss|Spikes\n|move|p2a: El to\u00f1as|Earth Power|p1a: Garchomp\n|-damage|p1a: Garchomp|0 fnt\n|faint|p1a: Garchomp\n|\n|upkeep\n|\n|t:|1700177112\n|switch|p1a: Sneasler|Sneasler, F|100\/100\n|-damage|p1a: Sneasler|95\/100|[from] Stealth Rock\n|turn|5\n|\n|t:|1700177124\n|-terastallize|p1a: Sneasler|Flying\n|move|p1a: Sneasler|Close Combat|p2a: El to\u00f1as\n|-resisted|p2a: El to\u00f1as\n|-damage|p2a: El to\u00f1as|37\/100\n|-unboost|p1a: Sneasler|def|1\n|-unboost|p1a: Sneasler|spd|1\n|-enditem|p1a: Sneasler|White Herb\n|-clearnegativeboost|p1a: Sneasler|[silent]\n|move|p2a: El to\u00f1as|Earth Power|p1a: Sneasler\n|-immune|p1a: Sneasler\n|\n|upkeep\n|turn|6\n|\n|t:|1700177129\n|move|p1a: Sneasler|Acrobatics|p2a: El to\u00f1as\n|-damage|p2a: El to\u00f1as|0 fnt\n|faint|p2a: El to\u00f1as\n|\n|upkeep\n|\n|t:|1700177140\n|switch|p2a: Never el Topo|Excadrill, M|100\/100\n|-damage|p2a: Never el Topo|97\/100|[from] Stealth Rock\n|-damage|p2a: Never el Topo|81\/100|[from] Spikes\n|-ability|p2a: Never el Topo|Mold Breaker\n|turn|7\n|\n|t:|1700177147\n|move|p1a: Sneasler|Close Combat|p2a: Never el Topo\n|-supereffective|p2a: Never el Topo\n|-damage|p2a: Never el Topo|0 fnt\n|-unboost|p1a: Sneasler|def|1\n|-unboost|p1a: Sneasler|spd|1\n|faint|p2a: Never el Topo\n|\n|upkeep\n|\n|t:|1700177152\n|switch|p2a: Princesita|Swampert, F, shiny|100\/100\n|-damage|p2a: Princesita|94\/100|[from] Stealth Rock\n|-damage|p2a: Princesita|78\/100|[from] Spikes\n|turn|8\n|\n|t:|1700177161\n|detailschange|p2a: Princesita|Swampert-Mega, F, shiny\n|-mega|p2a: Princesita|Swampert|Swampertite\n|move|p1a: Sneasler|Toxic Spikes|p2a: Princesita\n|-sidestart|p2: onlyfactsss|move: Toxic Spikes\n|move|p2a: Princesita|Ice Punch|p1a: Sneasler\n|-supereffective|p1a: Sneasler\n|-damage|p1a: Sneasler|0 fnt\n|faint|p1a: Sneasler\n|\n|upkeep\n|\n|t:|1700177168\n|switch|p1a: Lilligant|Lilligant-Hisui, F|100\/100\n|turn|9\n|\n|t:|1700177185\n|move|p1a: Lilligant|Victory Dance|p1a: Lilligant\n|-boost|p1a: Lilligant|atk|1\n|-boost|p1a: Lilligant|def|1\n|-boost|p1a: Lilligant|spe|1\n|move|p2a: Princesita|Ice Punch|p1a: Lilligant\n|-supereffective|p1a: Lilligant\n|-damage|p1a: Lilligant|34\/100\n|\n|upkeep\n|turn|10\n|\n|t:|1700177191\n|move|p1a: Lilligant|Leaf Blade|p2a: Princesita\n|-supereffective|p2a: Princesita\n|-damage|p2a: Princesita|0 fnt\n|faint|p2a: Princesita\n|\n|upkeep\n|\n|t:|1700177200\n|switch|p2a: Gucchito|Landorus-Therian, M|67\/100\n|-damage|p2a: Gucchito|55\/100|[from] Stealth Rock\n|-ability|p2a: Gucchito|Intimidate|boost\n|-unboost|p1a: Lilligant|atk|1\n|turn|11\n|\n|t:|1700177202\n|move|p1a: Lilligant|Ice Spinner|p2a: Gucchito\n|-supereffective|p2a: Gucchito\n|-damage|p2a: Gucchito|0 fnt\n|faint|p2a: Gucchito\n|\n|upkeep\n|\n|t:|1700177204\n|switch|p2a: Bicho|Garchomp, F|100\/100\n|-damage|p2a: Bicho|94\/100|[from] Stealth Rock\n|-damage|p2a: Bicho|78\/100|[from] Spikes\n|-status|p2a: Bicho|psn\n|turn|12\n|\n|t:|1700177208\n|move|p1a: Lilligant|Ice Spinner|p2a: Bicho\n|-supereffective|p2a: Bicho\n|-damage|p2a: Bicho|0 fnt\n|-damage|p1a: Lilligant|21\/100|[from] ability: Rough Skin|[of] p2a: Bicho\n|faint|p2a: Bicho\n|\n|upkeep\n|\n|t:|1700177210\n|switch|p2a: Cerdo|Hippowdon, F|100\/100\n|-damage|p2a: Cerdo|94\/100|[from] Stealth Rock\n|-damage|p2a: Cerdo|78\/100|[from] Spikes\n|-status|p2a: Cerdo|psn\n|-weather|Sandstorm|[from] ability: Sand Stream|[of] p2a: Cerdo\n|turn|13\n|\n|t:|1700177213\n|move|p1a: Lilligant|Leaf Blade|p2a: Cerdo\n|-supereffective|p2a: Cerdo\n|-damage|p2a: Cerdo|33\/100 psn\n|-damage|p1a: Lilligant|5\/100|[from] item: Rocky Helmet|[of] p2a: Cerdo\n|move|p2a: Cerdo|Earthquake|p1a: Lilligant\n|-resisted|p1a: Lilligant\n|-damage|p1a: Lilligant|0 fnt\n|faint|p1a: Lilligant\n|\n|-weather|Sandstorm|[upkeep]\n|-damage|p2a: Cerdo|21\/100 psn|[from] psn\n|upkeep\n|c|\u2606onlyfactsss|gg\n|\n|t:|1700177217\n|switch|p1a: Charizard|Charizard, M|100\/100\n|-damage|p1a: Charizard|50\/100|[from] Stealth Rock\n|turn|14\n|\n|t:|1700177220\n|detailschange|p1a: Charizard|Charizard-Mega-Y, M\n|-mega|p1a: Charizard|Charizard|Charizardite Y\n|-weather|SunnyDay|[from] ability: Drought|[of] p1a: Charizard\n|move|p1a: Charizard|Solar Beam||[still]\n|-prepare|p1a: Charizard|Solar Beam\n|-anim|p1a: Charizard|Solar Beam|p2a: Cerdo\n|-supereffective|p2a: Cerdo\n|-damage|p2a: Cerdo|0 fnt\n|faint|p2a: Cerdo\n|\n|win|PikachuXD317878\n|c|\u2606PikachuXD317878|gg\n","uploadtime":1700177224,"views":8,"p1id":"pikachuxd317878","p2id":"onlyfactsss","formatid":"gen9nationaldex","rating":0,"private":0,"password":""}