{"id":"gen9nationaldex-1998984325","p1":"FeioNando","p2":"Thom.zip","format":"[Gen 9] National Dex","log":"|html|<div class=\"broadcast-blue\"><strong>[Gen 9] National Dex is currently suspecting Sneasler! For information on how to participate check out the <a href=\"https:\/\/www.smogon.com\/forums\/threads\/sv-national-dex-suspect-8-just-dance.3731534\/\">suspect thread<\/a>.<\/strong><\/div>\n|j|\u2606FeioNando\n|j|\u2606Thom.zip\n|t:|1701020732\n|gametype|singles\n|player|p1|FeioNando|marshal|\n|player|p2|Thom.zip|buck|\n|teamsize|p1|6\n|teamsize|p2|6\n|gen|9\n|tier|[Gen 9] National Dex\n|rule|HP Percentage Mod: HP is shown in percentages\n|rule|Endless Battle Clause: Forcing endless battles is banned\n|rule|OHKO Clause: OHKO moves are banned\n|rule|Evasion Clause: Evasion abilities, items, and moves are banned\n|rule|Evasion Abilities Clause: Evasion abilities are banned\n|rule|Evasion Items Clause: Evasion items are banned\n|rule|Evasion Moves Clause: Evasion moves are banned\n|rule|Species Clause: Limit one of each Pok\u00e9mon\n|rule|Sleep Clause Mod: Limit one foe put to sleep\n|clearpoke\n|poke|p1|Chandelure, M|\n|poke|p1|Talonflame, M|\n|poke|p1|Volcarona, M|\n|poke|p1|Salazzle, F|\n|poke|p1|Rapidash, F|\n|poke|p1|Darmanitan, F|\n|poke|p2|Incineroar, M|\n|poke|p2|Rotom-Heat|\n|poke|p2|Flareon, M|\n|poke|p2|Ceruledge, M|\n|poke|p2|Coalossal, M|\n|poke|p2|Torkoal, M|\n|teampreview\n|inactive|Battle timer is ON: inactive players will automatically lose when time's up. (requested by Thom.zip)\n|\n|t:|1701020751\n|start\n|switch|p1a: juiz|Volcarona, M|100\/100\n|switch|p2a: Up|Coalossal, M|100\/100\n|-item|p2a: Up|Air Balloon\n|turn|1\n|\n|t:|1701020760\n|move|p1a: juiz|Quiver Dance|p1a: juiz\n|-boost|p1a: juiz|spa|1\n|-boost|p1a: juiz|spd|1\n|-boost|p1a: juiz|spe|1\n|move|p2a: Up|Stealth Rock|p1a: juiz\n|-sidestart|p1: FeioNando|move: Stealth Rock\n|\n|upkeep\n|turn|2\n|\n|t:|1701020768\n|move|p1a: juiz|Psychic|p2a: Up\n|-damage|p2a: Up|64\/100\n|-enditem|p2a: Up|Air Balloon\n|move|p2a: Up|Rock Blast|p1a: juiz\n|-supereffective|p1a: juiz\n|-crit|p1a: juiz\n|-damage|p1a: juiz|34\/100\n|-supereffective|p1a: juiz\n|-damage|p1a: juiz|0 fnt\n|faint|p1a: juiz\n|-hitcount|p1: juiz|2\n|\n|upkeep\n|\n|t:|1701020780\n|switch|p1a: passaralho|Talonflame, M|100\/100\n|turn|3\n|\n|t:|1701020787\n|move|p1a: passaralho|Tailwind|p1a: passaralho\n|-sidestart|p1: FeioNando|move: Tailwind\n|move|p2a: Up|Rock Blast|p1a: passaralho\n|-supereffective|p1a: passaralho\n|-damage|p1a: passaralho|46\/100\n|-supereffective|p1a: passaralho\n|-damage|p1a: passaralho|0 fnt\n|faint|p1a: passaralho\n|-hitcount|p1: passaralho|2\n|\n|upkeep\n|\n|t:|1701020809\n|switch|p1a: dami\u00e3o|Darmanitan, F|100\/100\n|-damage|p1a: dami\u00e3o|76\/100|[from] Stealth Rock\n|turn|4\n|\n|t:|1701020817\n|move|p1a: dami\u00e3o|Earthquake|p2a: Up\n|-supereffective|p2a: Up\n|-damage|p2a: Up|0 fnt\n|faint|p2a: Up\n|\n|upkeep\n|\n|t:|1701020825\n|switch|p2a: Sucrilhos|Incineroar, M|100\/100\n|-ability|p2a: Sucrilhos|Intimidate|boost\n|-unboost|p1a: dami\u00e3o|atk|1\n|turn|5\n|\n|t:|1701020830\n|switch|p2a: O forninho caiu|Rotom-Heat|100\/100\n|move|p1a: dami\u00e3o|Earthquake|p2a: O forninho caiu\n|-immune|p2a: O forninho caiu|[from] ability: Levitate\n|\n|upkeep\n|turn|6\n|\n|t:|1701020840\n|switch|p1a: Gallop|Rapidash, F, shiny|100\/100\n|-damage|p1a: Gallop|76\/100|[from] Stealth Rock\n|switch|p2a: Sucrilhos|Incineroar, M|100\/100\n|-ability|p2a: Sucrilhos|Intimidate|boost\n|-unboost|p1a: Gallop|atk|1\n|\n|-sideend|p1: FeioNando|move: Tailwind\n|upkeep\n|turn|7\n|\n|t:|1701020852\n|switch|p2a: O forninho caiu|Rotom-Heat|100\/100\n|move|p1a: Gallop|Hypnosis|p2a: O forninho caiu\n|-status|p2a: O forninho caiu|slp|[from] move: Hypnosis\n|\n|upkeep\n|turn|8\n|\n|t:|1701020865\n|switch|p1a: dami\u00e3o|Darmanitan, F|76\/100\n|-damage|p1a: dami\u00e3o|51\/100|[from] Stealth Rock\n|cant|p2a: O forninho caiu|slp\n|\n|upkeep\n|turn|9\n|\n|t:|1701020873\n|switch|p2a: Sucrilhos|Incineroar, M|100\/100\n|-ability|p2a: Sucrilhos|Intimidate|boost\n|-unboost|p1a: dami\u00e3o|atk|1\n|move|p1a: dami\u00e3o|Rock Slide|p2a: Sucrilhos\n|-supereffective|p2a: Sucrilhos\n|-damage|p2a: Sucrilhos|28\/100\n|\n|upkeep\n|turn|10\n|\n|t:|1701020881\n|move|p2a: Sucrilhos|Fake Out|p1a: dami\u00e3o\n|-damage|p1a: dami\u00e3o|27\/100\n|cant|p1a: dami\u00e3o|flinch\n|\n|upkeep\n|turn|11\n|\n|t:|1701020888\n|switch|p2a: O forninho caiu|Rotom-Heat|100\/100 slp\n|move|p1a: dami\u00e3o|Rock Slide|p2a: O forninho caiu\n|-supereffective|p2a: O forninho caiu\n|-damage|p2a: O forninho caiu|7\/100 slp\n|-enditem|p2a: O forninho caiu|Sitrus Berry|[eat]\n|-heal|p2a: O forninho caiu|32\/100 slp|[from] item: Sitrus Berry\n|\n|upkeep\n|turn|12\n|\n|t:|1701020895\n|move|p1a: dami\u00e3o|Rock Slide|p2a: O forninho caiu\n|-supereffective|p2a: O forninho caiu\n|-damage|p2a: O forninho caiu|0 fnt\n|faint|p2a: O forninho caiu\n|\n|upkeep\n|\n|t:|1701020899\n|switch|p2a: Morri|Ceruledge, M|100\/100\n|turn|13\n|\n|t:|1701020903\n|move|p2a: Morri|Shadow Sneak|p1a: dami\u00e3o\n|-damage|p1a: dami\u00e3o|0 fnt\n|faint|p1a: dami\u00e3o\n|\n|upkeep\n|\n|t:|1701020908\n|switch|p1a: menina veneno|Salazzle, F, shiny|100\/100\n|-damage|p1a: menina veneno|76\/100|[from] Stealth Rock\n|turn|14\n|\n|t:|1701020916\n|switch|p2a: Sucrilhos|Incineroar, M|28\/100\n|-ability|p2a: Sucrilhos|Intimidate|boost\n|-unboost|p1a: menina veneno|atk|1\n|move|p1a: menina veneno|Substitute|p1a: menina veneno\n|-start|p1a: menina veneno|Substitute\n|-damage|p1a: menina veneno|51\/100\n|\n|-heal|p1a: menina veneno|57\/100|[from] item: Black Sludge\n|upkeep\n|turn|15\n|\n|t:|1701020924\n|move|p1a: menina veneno|Protect|p1a: menina veneno\n|-singleturn|p1a: menina veneno|Protect\n|move|p2a: Sucrilhos|Fake Out|p1a: menina veneno\n|-activate|p1a: menina veneno|move: Protect\n|\n|-heal|p1a: menina veneno|63\/100|[from] item: Black Sludge\n|upkeep\n|turn|16\n|\n|t:|1701020931\n|move|p1a: menina veneno|Toxic|p2a: Sucrilhos\n|-status|p2a: Sucrilhos|tox\n|move|p2a: Sucrilhos|Darkest Lariat|p1a: menina veneno\n|-end|p1a: menina veneno|Substitute\n|\n|-heal|p1a: menina veneno|70\/100|[from] item: Black Sludge\n|-damage|p2a: Sucrilhos|22\/100 tox|[from] psn\n|upkeep\n|turn|17\n|\n|t:|1701020940\n|move|p1a: menina veneno|Substitute|p1a: menina veneno\n|-start|p1a: menina veneno|Substitute\n|-damage|p1a: menina veneno|45\/100\n|move|p2a: Sucrilhos|Earthquake|p1a: menina veneno\n|-supereffective|p1a: menina veneno\n|-end|p1a: menina veneno|Substitute\n|\n|-heal|p1a: menina veneno|51\/100|[from] item: Black Sludge\n|-damage|p2a: Sucrilhos|10\/100 tox|[from] psn\n|upkeep\n|turn|18\n|\n|t:|1701020948\n|move|p1a: menina veneno|Protect|p1a: menina veneno\n|-singleturn|p1a: menina veneno|Protect\n|move|p2a: Sucrilhos|Earthquake|p1a: menina veneno\n|-activate|p1a: menina veneno|move: Protect\n|\n|-heal|p1a: menina veneno|57\/100|[from] item: Black Sludge\n|-damage|p2a: Sucrilhos|0 fnt|[from] psn\n|faint|p2a: Sucrilhos\n|upkeep\n|\n|t:|1701020954\n|switch|p2a: Passiva t\u00f3xica|Flareon, M|100\/100\n|turn|19\n|\n|t:|1701020962\n|move|p2a: Passiva t\u00f3xica|Quick Attack|p1a: menina veneno\n|-damage|p1a: menina veneno|35\/100\n|move|p1a: menina veneno|Substitute|p1a: menina veneno\n|-start|p1a: menina veneno|Substitute\n|-damage|p1a: menina veneno|10\/100\n|\n|-heal|p1a: menina veneno|16\/100|[from] item: Black Sludge\n|-status|p2a: Passiva t\u00f3xica|tox|[from] item: Toxic Orb\n|upkeep\n|turn|20\n|\n|t:|1701020971\n|move|p1a: menina veneno|Protect|p1a: menina veneno\n|-singleturn|p1a: menina veneno|Protect\n|move|p2a: Passiva t\u00f3xica|Quick Attack|p1a: menina veneno\n|-activate|p1a: menina veneno|move: Protect\n|\n|-heal|p1a: menina veneno|23\/100|[from] item: Black Sludge\n|-damage|p2a: Passiva t\u00f3xica|95\/100 tox|[from] psn\n|upkeep\n|turn|21\n|\n|t:|1701020980\n|move|p2a: Passiva t\u00f3xica|Quick Attack|p1a: menina veneno\n|-end|p1a: menina veneno|Substitute\n|move|p1a: menina veneno|Venom Drench|p2a: Passiva t\u00f3xica\n|-unboost|p2a: Passiva t\u00f3xica|atk|1\n|-unboost|p2a: Passiva t\u00f3xica|spa|1\n|-unboost|p2a: Passiva t\u00f3xica|spe|1\n|\n|-heal|p1a: menina veneno|29\/100|[from] item: Black Sludge\n|-damage|p2a: Passiva t\u00f3xica|83\/100 tox|[from] psn\n|upkeep\n|turn|22\n|\n|t:|1701020989\n|move|p1a: menina veneno|Protect|p1a: menina veneno\n|-singleturn|p1a: menina veneno|Protect\n|move|p2a: Passiva t\u00f3xica|Quick Attack|p1a: menina veneno\n|-activate|p1a: menina veneno|move: Protect\n|\n|-heal|p1a: menina veneno|35\/100|[from] item: Black Sludge\n|-damage|p2a: Passiva t\u00f3xica|65\/100 tox|[from] psn\n|upkeep\n|turn|23\n|\n|t:|1701020998\n|move|p2a: Passiva t\u00f3xica|Quick Attack|p1a: menina veneno\n|-damage|p1a: menina veneno|11\/100\n|move|p1a: menina veneno|Venom Drench|p2a: Passiva t\u00f3xica\n|-unboost|p2a: Passiva t\u00f3xica|atk|1\n|-unboost|p2a: Passiva t\u00f3xica|spa|1\n|-unboost|p2a: Passiva t\u00f3xica|spe|1\n|\n|-heal|p1a: menina veneno|17\/100|[from] item: Black Sludge\n|-damage|p2a: Passiva t\u00f3xica|41\/100 tox|[from] psn\n|upkeep\n|turn|24\n|\n|t:|1701021007\n|switch|p2a: Morri|Ceruledge, M|100\/100\n|move|p1a: menina veneno|Protect||[still]\n|-fail|p1a: menina veneno\n|\n|-heal|p1a: menina veneno|24\/100|[from] item: Black Sludge\n|upkeep\n|turn|25\n|\n|t:|1701021018\n|move|p1a: menina veneno|Protect|p1a: menina veneno\n|-singleturn|p1a: menina veneno|Protect\n|move|p2a: Morri|Shadow Sneak|p1a: menina veneno\n|-activate|p1a: menina veneno|move: Protect\n|\n|-heal|p1a: menina veneno|30\/100|[from] item: Black Sludge\n|upkeep\n|turn|26\n|\n|t:|1701021025\n|move|p2a: Morri|Shadow Sneak|p1a: menina veneno\n|-crit|p1a: menina veneno\n|-damage|p1a: menina veneno|0 fnt\n|faint|p1a: menina veneno\n|\n|upkeep\n|\n|t:|1701021030\n|switch|p1a: Gallop|Rapidash, F, shiny|76\/100\n|-damage|p1a: Gallop|51\/100|[from] Stealth Rock\n|turn|27\n|\n|t:|1701021038\n|switch|p2a: Passiva t\u00f3xica|Flareon, M|41\/100 tox\n|move|p1a: Gallop|Drill Run|p2a: Passiva t\u00f3xica\n|-supereffective|p2a: Passiva t\u00f3xica\n|-crit|p2a: Passiva t\u00f3xica\n|-damage|p2a: Passiva t\u00f3xica|0 fnt\n|faint|p2a: Passiva t\u00f3xica\n|\n|upkeep\n|\n|t:|1701021044\n|switch|p2a: Morri|Ceruledge, M|100\/100\n|turn|28\n|\n|t:|1701021050\n|move|p2a: Morri|Shadow Sneak|p1a: Gallop\n|-damage|p1a: Gallop|16\/100\n|move|p1a: Gallop|Hypnosis|p2a: Morri\n|-status|p2a: Morri|slp|[from] move: Hypnosis\n|\n|upkeep\n|turn|29\n|\n|t:|1701021057\n|cant|p2a: Morri|slp\n|move|p1a: Gallop|Drill Run|p2a: Morri\n|-supereffective|p2a: Morri\n|-damage|p2a: Morri|38\/100 slp\n|-ability|p2a: Morri|Weak Armor|boost\n|-unboost|p2a: Morri|def|1\n|-boost|p2a: Morri|spe|2\n|\n|upkeep\n|turn|30\n|\n|t:|1701021064\n|cant|p2a: Morri|slp\n|move|p1a: Gallop|Drill Run|p2a: Morri\n|-supereffective|p2a: Morri\n|-damage|p2a: Morri|0 fnt\n|faint|p2a: Morri\n|\n|upkeep\n|\n|t:|1701021067\n|switch|p2a: Ebuli\u00e7\u00e3o|Torkoal, M|100\/100\n|-weather|SunnyDay|[from] ability: Drought|[of] p2a: Ebuli\u00e7\u00e3o\n|turn|31\n|\n|t:|1701021073\n|-terastallize|p2a: Ebuli\u00e7\u00e3o|Fire\n|move|p1a: Gallop|Hypnosis|p2a: Ebuli\u00e7\u00e3o\n|-status|p2a: Ebuli\u00e7\u00e3o|slp|[from] move: Hypnosis\n|cant|p2a: Ebuli\u00e7\u00e3o|slp\n|\n|-weather|SunnyDay|[upkeep]\n|upkeep\n|turn|32\n|\n|t:|1701021079\n|move|p1a: Gallop|Drill Run|p2a: Ebuli\u00e7\u00e3o\n|-supereffective|p2a: Ebuli\u00e7\u00e3o\n|-damage|p2a: Ebuli\u00e7\u00e3o|59\/100 slp\n|cant|p2a: Ebuli\u00e7\u00e3o|slp\n|\n|-weather|SunnyDay|[upkeep]\n|upkeep\n|turn|33\n|\n|t:|1701021084\n|move|p1a: Gallop|Drill Run|p2a: Ebuli\u00e7\u00e3o\n|-supereffective|p2a: Ebuli\u00e7\u00e3o\n|-damage|p2a: Ebuli\u00e7\u00e3o|20\/100 slp\n|cant|p2a: Ebuli\u00e7\u00e3o|slp\n|\n|-weather|SunnyDay|[upkeep]\n|upkeep\n|turn|34\n|\n|t:|1701021090\n|move|p1a: Gallop|Bounce||[still]\n|-prepare|p1a: Gallop|Bounce\n|-curestatus|p2a: Ebuli\u00e7\u00e3o|slp|[msg]\n|move|p2a: Ebuli\u00e7\u00e3o|Earth Power|p1a: Gallop|[miss]\n|-miss|p2a: Ebuli\u00e7\u00e3o|p1a: Gallop\n|\n|-weather|SunnyDay|[upkeep]\n|upkeep\n|turn|35\n|\n|t:|1701021095\n|move|p1a: Gallop|Bounce|p2a: Ebuli\u00e7\u00e3o|[from]lockedmove\n|-damage|p2a: Ebuli\u00e7\u00e3o|0 fnt\n|faint|p2a: Ebuli\u00e7\u00e3o\n|\n|win|FeioNando\n|c|\u2606FeioNando|gg\n","uploadtime":1701021346,"views":13,"p1id":"feionando","p2id":"thomzip","formatid":"gen9nationaldex","rating":0,"private":0,"password":""}