{"id":"gen9nationaldex-1987279275","p1":"dumass777","p2":"i make bad jokes","format":"[Gen 9] National Dex","log":"|j|\u2606dumass777\n|j|\u2606i make bad jokes\n|t:|1699572517\n|gametype|singles\n|player|p1|dumass777|rei|\n|player|p2|i make bad jokes|giovanni|\n|teamsize|p1|6\n|teamsize|p2|6\n|gen|9\n|tier|[Gen 9] National Dex\n|rule|HP Percentage Mod: HP is shown in percentages\n|rule|Endless Battle Clause: Forcing endless battles is banned\n|rule|OHKO Clause: OHKO moves are banned\n|rule|Evasion Clause: Evasion abilities, items, and moves are banned\n|rule|Evasion Abilities Clause: Evasion abilities are banned\n|rule|Evasion Items Clause: Evasion items are banned\n|rule|Evasion Moves Clause: Evasion moves are banned\n|rule|Species Clause: Limit one of each Pok\u00e9mon\n|rule|Sleep Clause Mod: Limit one foe put to sleep\n|clearpoke\n|poke|p1|Venusaur, M|\n|poke|p1|Glimmora, M|\n|poke|p1|Haunter, M|\n|poke|p1|Weezing, M|\n|poke|p1|Iron Moth|\n|poke|p1|Nidoking, M|\n|poke|p2|Gliscor, M|\n|poke|p2|Great Tusk|\n|poke|p2|Camerupt, M|\n|poke|p2|Gastrodon, F|\n|poke|p2|Excadrill, M|\n|poke|p2|Hippowdon, M|\n|teampreview\n|inactive|Battle timer is ON: inactive players will automatically lose when time's up. (requested by i make bad jokes)\n|c|\u2606dumass777|glhf\n|c|\u2606i make bad jokes|u2\n|inactive|i make bad jokes has 270 seconds left.\n|\n|t:|1699572552\n|start\n|switch|p1a: Venusaur|Venusaur, M|100\/100\n|switch|p2a: zzzzzzzzzz|Hippowdon, M|100\/100\n|-weather|Sandstorm|[from] ability: Sand Stream|[of] p2a: zzzzzzzzzz\n|turn|1\n|\n|t:|1699572562\n|detailschange|p1a: Venusaur|Venusaur-Mega, M\n|-mega|p1a: Venusaur|Venusaur|Venusaurite\n|move|p1a: Venusaur|Sleep Powder|p2a: zzzzzzzzzz\n|-status|p2a: zzzzzzzzzz|slp|[from] move: Sleep Powder\n|cant|p2a: zzzzzzzzzz|slp\n|\n|-weather|Sandstorm|[upkeep]\n|-damage|p1a: Venusaur|94\/100|[from] Sandstorm\n|upkeep\n|turn|2\n|\n|t:|1699572566\n|move|p1a: Venusaur|Sunny Day|p1a: Venusaur\n|-weather|SunnyDay\n|-curestatus|p2a: zzzzzzzzzz|slp|[msg]\n|move|p2a: zzzzzzzzzz|Stealth Rock|p1a: Venusaur\n|-sidestart|p1: dumass777|move: Stealth Rock\n|\n|-weather|SunnyDay|[upkeep]\n|upkeep\n|turn|3\n|\n|t:|1699572580\n|switch|p2a: here comes the|Gliscor, M|100\/100\n|move|p1a: Venusaur|Sleep Powder|p2a: here comes the\n|-status|p2a: here comes the|slp|[from] move: Sleep Powder\n|\n|-weather|SunnyDay|[upkeep]\n|upkeep\n|turn|4\n|\n|t:|1699572587\n|switch|p2a: zzzzzzzzzz|Hippowdon, M|100\/100\n|-weather|Sandstorm|[from] ability: Sand Stream|[of] p2a: zzzzzzzzzz\n|switch|p1a: Nidoking|Nidoking, M|100\/100\n|-damage|p1a: Nidoking|95\/100|[from] Stealth Rock\n|\n|-weather|Sandstorm|[upkeep]\n|upkeep\n|turn|5\n|\n|t:|1699572599\n|switch|p1a: Weezing|Weezing, M|100\/100\n|-damage|p1a: Weezing|88\/100|[from] Stealth Rock\n|move|p2a: zzzzzzzzzz|Earthquake|p1a: Weezing\n|-immune|p1a: Weezing|[from] ability: Levitate\n|\n|-weather|Sandstorm|[upkeep]\n|-damage|p1a: Weezing|82\/100|[from] Sandstorm\n|upkeep\n|turn|6\n|\n|t:|1699572608\n|move|p1a: Weezing|Infestation|p2a: zzzzzzzzzz\n|-damage|p2a: zzzzzzzzzz|96\/100\n|-activate|p2a: zzzzzzzzzz|move: Infestation|[of] p1a: Weezing\n|move|p2a: zzzzzzzzzz|Whirlwind|p1a: Weezing\n|drag|p1a: Haunter|Haunter, M|100\/100\n|-damage|p1a: Haunter|88\/100|[from] Stealth Rock\n|\n|-weather|Sandstorm|[upkeep]\n|-damage|p1a: Haunter|82\/100|[from] Sandstorm\n|-end|p2a: zzzzzzzzzz|Infestation|[partiallytrapped]|[silent]\n|upkeep\n|turn|7\n|\n|t:|1699572620\n|move|p1a: Haunter|Energy Ball|p2a: zzzzzzzzzz\n|-supereffective|p2a: zzzzzzzzzz\n|-damage|p2a: zzzzzzzzzz|36\/100\n|move|p2a: zzzzzzzzzz|Whirlwind|p1a: Haunter\n|drag|p1a: Weezing|Weezing, M|82\/100\n|-damage|p1a: Weezing|70\/100|[from] Stealth Rock\n|\n|-weather|Sandstorm|[upkeep]\n|-damage|p1a: Weezing|64\/100|[from] Sandstorm\n|upkeep\n|turn|8\n|\n|t:|1699572628\n|move|p1a: Weezing|Will-O-Wisp|p2a: zzzzzzzzzz\n|-status|p2a: zzzzzzzzzz|brn\n|move|p2a: zzzzzzzzzz|Slack Off|p2a: zzzzzzzzzz\n|-heal|p2a: zzzzzzzzzz|86\/100 brn\n|\n|-weather|Sandstorm|[upkeep]\n|-damage|p1a: Weezing|58\/100|[from] Sandstorm\n|-damage|p2a: zzzzzzzzzz|80\/100 brn|[from] brn\n|upkeep\n|turn|9\n|\n|t:|1699572634\n|move|p1a: Weezing|Pain Split|p2a: zzzzzzzzzz\n|-sethp|p2a: zzzzzzzzzz|63\/100 brn|[from] move: Pain Split|[silent]\n|-sethp|p1a: Weezing|79\/100|[from] move: Pain Split\n|move|p2a: zzzzzzzzzz|Whirlwind|p1a: Weezing\n|drag|p1a: Iron Moth|Iron Moth|100\/100\n|-damage|p1a: Iron Moth|76\/100|[from] Stealth Rock\n|-enditem|p1a: Iron Moth|Booster Energy\n|-activate|p1a: Iron Moth|ability: Quark Drive|[fromitem]\n|-start|p1a: Iron Moth|quarkdrivespe\n|\n|-weather|Sandstorm|[upkeep]\n|-damage|p1a: Iron Moth|70\/100|[from] Sandstorm\n|-damage|p2a: zzzzzzzzzz|57\/100 brn|[from] brn\n|upkeep\n|turn|10\n|\n|t:|1699572643\n|move|p1a: Iron Moth|Energy Ball|p2a: zzzzzzzzzz\n|-supereffective|p2a: zzzzzzzzzz\n|-damage|p2a: zzzzzzzzzz|0 fnt\n|faint|p2a: zzzzzzzzzz\n|\n|-weather|Sandstorm|[upkeep]\n|-damage|p1a: Iron Moth|64\/100|[from] Sandstorm\n|upkeep\n|\n|t:|1699572662\n|switch|p2a: this gets rain?|Camerupt, M, shiny|100\/100\n|turn|11\n|\n|t:|1699572690\n|detailschange|p2a: this gets rain?|Camerupt-Mega, M, shiny\n|-mega|p2a: this gets rain?|Camerupt|Cameruptite\n|move|p1a: Iron Moth|Energy Ball|p2a: this gets rain?\n|-damage|p2a: this gets rain?|74\/100\n|move|p2a: this gets rain?|Earth Power|p1a: Iron Moth\n|-supereffective|p1a: Iron Moth\n|-damage|p1a: Iron Moth|0 fnt\n|faint|p1a: Iron Moth\n|-end|p1a: Iron Moth|Quark Drive|[silent]\n|\n|-weather|none\n|upkeep\n|inactive|dumass777 has 270 seconds left.\n|\n|t:|1699572709\n|switch|p1a: Nidoking|Nidoking, M|95\/100\n|-damage|p1a: Nidoking|89\/100|[from] Stealth Rock\n|turn|12\n|\n|t:|1699572713\n|move|p1a: Nidoking|Substitute|p1a: Nidoking\n|-start|p1a: Nidoking|Substitute\n|-damage|p1a: Nidoking|64\/100\n|move|p2a: this gets rain?|Earth Power|p1a: Nidoking\n|-supereffective|p1a: Nidoking\n|-end|p1a: Nidoking|Substitute\n|\n|upkeep\n|turn|13\n|\n|t:|1699572719\n|move|p1a: Nidoking|Earth Power|p2a: this gets rain?\n|-supereffective|p2a: this gets rain?\n|-damage|p2a: this gets rain?|0 fnt\n|faint|p2a: this gets rain?\n|\n|upkeep\n|j| MtyMiltanks\n|\n|t:|1699572731\n|switch|p2a: sluggy wuggy|Gastrodon, F|100\/100\n|turn|14\n|\n|t:|1699572740\n|switch|p1a: Venusaur|Venusaur-Mega, M|94\/100\n|-damage|p1a: Venusaur|82\/100|[from] Stealth Rock\n|move|p2a: sluggy wuggy|Ice Beam|p1a: Venusaur\n|-supereffective|p1a: Venusaur\n|-damage|p1a: Venusaur|67\/100\n|\n|upkeep\n|turn|15\n|\n|t:|1699572748\n|switch|p2a: here comes the|Gliscor, M|100\/100 slp\n|move|p1a: Venusaur|Giga Drain|p2a: here comes the\n|-damage|p2a: here comes the|54\/100 slp\n|-heal|p1a: Venusaur|85\/100|[from] drain|[of] p2a: here comes the\n|\n|upkeep\n|turn|16\n|\n|t:|1699572755\n|cant|p2a: here comes the|slp\n|move|p1a: Venusaur|Giga Drain|p2a: here comes the\n|-damage|p2a: here comes the|11\/100 slp\n|-heal|p1a: Venusaur|100\/100|[from] drain|[of] p2a: here comes the\n|\n|upkeep\n|turn|17\n|\n|t:|1699572758\n|-curestatus|p2a: here comes the|slp|[msg]\n|move|p2a: here comes the|Psychic Fangs|p1a: Venusaur\n|-supereffective|p1a: Venusaur\n|-damage|p1a: Venusaur|72\/100\n|move|p1a: Venusaur|Giga Drain|p2a: here comes the\n|-damage|p2a: here comes the|0 fnt\n|-heal|p1a: Venusaur|76\/100|[from] drain|[of] p2a: here comes the\n|faint|p2a: here comes the\n|\n|upkeep\n|\n|t:|1699572766\n|switch|p2a: rawr|Great Tusk|100\/100\n|-enditem|p2a: rawr|Booster Energy\n|-activate|p2a: rawr|ability: Protosynthesis|[fromitem]\n|-start|p2a: rawr|protosynthesisatk\n|turn|18\n|\n|t:|1699572795\n|move|p2a: rawr|Zen Headbutt|p1a: Venusaur\n|-supereffective|p1a: Venusaur\n|-damage|p1a: Venusaur|27\/100\n|move|p1a: Venusaur|Giga Drain|p2a: rawr\n|-supereffective|p2a: rawr\n|-damage|p2a: rawr|20\/100\n|-heal|p1a: Venusaur|75\/100|[from] drain|[of] p2a: rawr\n|\n|upkeep\n|turn|19\n|\n|t:|1699572806\n|switch|p1a: Glimmora|Glimmora, M|100\/100\n|-damage|p1a: Glimmora|88\/100|[from] Stealth Rock\n|move|p2a: rawr|Zen Headbutt|p1a: Glimmora\n|-supereffective|p1a: Glimmora\n|-damage|p1a: Glimmora|0 fnt\n|-activate|p1a: Glimmora|ability: Toxic Debris\n|-sidestart|p2: i make bad jokes|move: Toxic Spikes\n|faint|p1a: Glimmora\n|\n|upkeep\n|\n|t:|1699572815\n|switch|p1a: Haunter|Haunter, M|82\/100\n|-damage|p1a: Haunter|70\/100|[from] Stealth Rock\n|turn|20\n|\n|t:|1699572822\n|move|p1a: Haunter|Energy Ball|p2a: rawr\n|-supereffective|p2a: rawr\n|-damage|p2a: rawr|0 fnt\n|faint|p2a: rawr\n|-end|p2a: rawr|Protosynthesis|[silent]\n|\n|upkeep\n|\n|t:|1699572826\n|switch|p2a: red velvet|Excadrill, M, shiny|100\/100\n|-item|p2a: red velvet|Air Balloon\n|turn|21\n|\n|t:|1699572835\n|move|p1a: Haunter|Hypnosis|p2a: red velvet\n|-status|p2a: red velvet|slp|[from] move: Hypnosis\n|cant|p2a: red velvet|slp\n|\n|upkeep\n|turn|22\n|\n|t:|1699572839\n|move|p1a: Haunter|Hex|p2a: red velvet\n|-damage|p2a: red velvet|23\/100 slp\n|-enditem|p2a: red velvet|Air Balloon\n|cant|p2a: red velvet|slp\n|\n|upkeep\n|turn|23\n|\n|t:|1699572844\n|move|p1a: Haunter|Energy Ball|p2a: red velvet\n|-damage|p2a: red velvet|0 fnt\n|faint|p2a: red velvet\n|\n|upkeep\n|\n|t:|1699572846\n|switch|p2a: sluggy wuggy|Gastrodon, F|100\/100\n|-status|p2a: sluggy wuggy|psn\n|turn|24\n|\n|t:|1699572849\n|move|p1a: Haunter|Energy Ball|p2a: sluggy wuggy\n|-supereffective|p2a: sluggy wuggy\n|-damage|p2a: sluggy wuggy|0 fnt\n|faint|p2a: sluggy wuggy\n|\n|win|dumass777\n|l|\u2606i make bad jokes\n","uploadtime":1699572872,"views":8,"p1id":"dumass777","p2id":"imakebadjokes","formatid":"gen9nationaldex","rating":0,"private":0,"password":""}