{"id":"gen9nationaldex-1994803573","p1":"RandoTestAccount","p2":"Xero Dracohart","format":"[Gen 9] National Dex","log":"|html|<div class=\"broadcast-blue\"><strong>[Gen 9] National Dex is currently suspecting Sneasler! For information on how to participate check out the <a href=\"https:\/\/www.smogon.com\/forums\/threads\/sv-national-dex-suspect-8-just-dance.3731534\/\">suspect thread<\/a>.<\/strong><\/div>\n|j|\u2606RandoTestAccount\n|j|\u2606Xero Dracohart\n|t:|1700494301\n|gametype|singles\n|player|p1|RandoTestAccount|pokemonrangerf|1274\n|player|p2|Xero Dracohart|ingo|1200\n|teamsize|p1|6\n|teamsize|p2|6\n|gen|9\n|tier|[Gen 9] National Dex\n|rated|\n|rule|HP Percentage Mod: HP is shown in percentages\n|rule|Endless Battle Clause: Forcing endless battles is banned\n|rule|OHKO Clause: OHKO moves are banned\n|rule|Evasion Clause: Evasion abilities, items, and moves are banned\n|rule|Evasion Abilities Clause: Evasion abilities are banned\n|rule|Evasion Items Clause: Evasion items are banned\n|rule|Evasion Moves Clause: Evasion moves are banned\n|rule|Species Clause: Limit one of each Pok\u00e9mon\n|rule|Sleep Clause Mod: Limit one foe put to sleep\n|clearpoke\n|poke|p1|Umbreon, F|\n|poke|p1|Excadrill, F|\n|poke|p1|Corviknight, F|\n|poke|p1|Sableye, F|\n|poke|p1|Tapu Fini|\n|poke|p1|Dragalge, F|\n|poke|p2|Machamp, M|\n|poke|p2|Buzzwole|\n|poke|p2|Okidogi, M|\n|poke|p2|Incineroar, M|\n|poke|p2|Conkeldurr, M|\n|poke|p2|Rillaboom, M|\n|teampreview\n|inactive|Battle timer is ON: inactive players will automatically lose when time's up. (requested by RandoTestAccount)\n|\n|t:|1700494317\n|start\n|switch|p1a: Spectre of Emerald|Sableye, F, shiny|100\/100\n|switch|p2a: Machamp|Machamp, M|100\/100\n|turn|1\n|\n|t:|1700494332\n|switch|p2a: Conkeldurr|Conkeldurr, M|100\/100\n|move|p1a: Spectre of Emerald|Will-O-Wisp|p2a: Conkeldurr\n|-status|p2a: Conkeldurr|brn\n|\n|-damage|p2a: Conkeldurr|94\/100 brn|[from] brn\n|upkeep\n|turn|2\n|inactive|Xero Dracohart has 120 seconds left.\n|inactive|Xero Dracohart has 90 seconds left.\n|\n|t:|1700494404\n|move|p1a: Spectre of Emerald|Calm Mind|p1a: Spectre of Emerald\n|-boost|p1a: Spectre of Emerald|spa|1\n|-boost|p1a: Spectre of Emerald|spd|1\n|move|p2a: Conkeldurr|Bulk Up|p2a: Conkeldurr\n|-boost|p2a: Conkeldurr|atk|1\n|-boost|p2a: Conkeldurr|def|1\n|\n|-damage|p2a: Conkeldurr|88\/100 brn|[from] brn\n|upkeep\n|turn|3\n|\n|t:|1700494414\n|switch|p1a: The Droplet Tear|Tapu Fini, shiny|100\/100\n|-fieldstart|move: Misty Terrain|[from] ability: Misty Surge|[of] p1a: The Droplet Tear\n|move|p2a: Conkeldurr|Earthquake|p1a: The Droplet Tear\n|-damage|p1a: The Droplet Tear|51\/100\n|\n|-heal|p1a: The Droplet Tear|57\/100|[from] item: Leftovers\n|-damage|p2a: Conkeldurr|82\/100 brn|[from] brn\n|upkeep\n|turn|4\n|\n|t:|1700494423\n|switch|p2a: Rillaboom|Rillaboom, M|100\/100\n|-fieldstart|move: Grassy Terrain|[from] ability: Grassy Surge|[of] p2a: Rillaboom\n|move|p1a: The Droplet Tear|Moonblast|p2a: Rillaboom\n|-damage|p2a: Rillaboom|59\/100\n|\n|-heal|p2a: Rillaboom|65\/100|[from] Grassy Terrain\n|-heal|p1a: The Droplet Tear|63\/100|[from] Grassy Terrain\n|-heal|p1a: The Droplet Tear|69\/100|[from] item: Leftovers\n|upkeep\n|turn|5\n|\n|t:|1700494443\n|switch|p1a: Ephialtes Keeper|Corviknight, F, shiny|100\/100\n|-ability|p1a: Ephialtes Keeper|Pressure\n|move|p2a: Rillaboom|Grassy Glide|p1a: Ephialtes Keeper\n|-resisted|p1a: Ephialtes Keeper\n|-damage|p1a: Ephialtes Keeper|94\/100\n|-damage|p2a: Rillaboom|48\/100|[from] item: Rocky Helmet|[of] p1a: Ephialtes Keeper\n|\n|-heal|p2a: Rillaboom|55\/100|[from] Grassy Terrain\n|upkeep\n|turn|6\n|\n|t:|1700494452\n|move|p2a: Rillaboom|Knock Off|p1a: Ephialtes Keeper\n|-damage|p1a: Ephialtes Keeper|68\/100\n|-damage|p2a: Rillaboom|38\/100|[from] item: Rocky Helmet|[of] p1a: Ephialtes Keeper\n|-enditem|p1a: Ephialtes Keeper|Rocky Helmet|[from] move: Knock Off|[of] p2a: Rillaboom\n|move|p1a: Ephialtes Keeper|U-turn|p2a: Rillaboom\n|-supereffective|p2a: Rillaboom\n|-damage|p2a: Rillaboom|5\/100\n|\n|t:|1700494460\n|switch|p1a: Spectre of Emerald|Sableye, F, shiny|100\/100|[from] U-turn\n|\n|-heal|p2a: Rillaboom|11\/100|[from] Grassy Terrain\n|upkeep\n|turn|7\n|\n|t:|1700494465\n|move|p1a: Spectre of Emerald|Will-O-Wisp|p2a: Rillaboom\n|-status|p2a: Rillaboom|brn\n|move|p2a: Rillaboom|Knock Off|p1a: Spectre of Emerald\n|-damage|p1a: Spectre of Emerald|90\/100\n|\n|-heal|p2a: Rillaboom|17\/100 brn|[from] Grassy Terrain\n|-heal|p1a: Spectre of Emerald|97\/100|[from] Grassy Terrain\n|-damage|p2a: Rillaboom|11\/100 brn|[from] brn\n|upkeep\n|turn|8\n|inactive|Xero Dracohart has 120 seconds left.\n|inactive|RandoTestAccount has 120 seconds left.\n|inactive|RandoTestAccount has 90 seconds left.\n|\n|t:|1700494535\n|switch|p2a: Incineroar|Incineroar, M|100\/100\n|-ability|p2a: Incineroar|Intimidate|boost\n|-unboost|p1a: Spectre of Emerald|atk|1\n|switch|p1a: Ephialtes Keeper|Corviknight, F, shiny|68\/100\n|-ability|p1a: Ephialtes Keeper|Pressure\n|\n|-fieldend|move: Grassy Terrain\n|upkeep\n|turn|9\n|\n|t:|1700494545\n|switch|p1a: Agony Steelheart|Dragalge, F, shiny|100\/100\n|move|p2a: Incineroar|Blaze Kick|p1a: Agony Steelheart|[miss]\n|-miss|p2a: Incineroar|p1a: Agony Steelheart\n|\n|upkeep\n|turn|10\n|inactive|RandoTestAccount has 90 seconds left.\n|\n|t:|1700494561\n|move|p2a: Incineroar|Earthquake|p1a: Agony Steelheart\n|-supereffective|p1a: Agony Steelheart\n|-damage|p1a: Agony Steelheart|26\/100\n|move|p1a: Agony Steelheart|Toxic|p2a: Incineroar\n|-status|p2a: Incineroar|tox\n|\n|-heal|p1a: Agony Steelheart|32\/100|[from] item: Black Sludge\n|-damage|p2a: Incineroar|94\/100 tox|[from] psn\n|upkeep\n|turn|11\n|inactive|RandoTestAccount has 90 seconds left.\n|inactive|RandoTestAccount has 60 seconds left.\n|\n|t:|1700494618\n|switch|p1a: The Droplet Tear|Tapu Fini, shiny|69\/100\n|-fieldstart|move: Misty Terrain|[from] ability: Misty Surge|[of] p1a: The Droplet Tear\n|move|p2a: Incineroar|Blaze Kick|p1a: The Droplet Tear\n|-resisted|p1a: The Droplet Tear\n|-damage|p1a: The Droplet Tear|54\/100\n|\n|-heal|p1a: The Droplet Tear|61\/100|[from] item: Leftovers\n|-damage|p2a: Incineroar|82\/100 tox|[from] psn\n|upkeep\n|turn|12\n|\n|t:|1700494627\n|switch|p2a: Rillaboom|Rillaboom, M|11\/100 brn\n|-fieldstart|move: Grassy Terrain|[from] ability: Grassy Surge|[of] p2a: Rillaboom\n|move|p1a: The Droplet Tear|Substitute|p1a: The Droplet Tear\n|-start|p1a: The Droplet Tear|Substitute\n|-damage|p1a: The Droplet Tear|36\/100\n|\n|-heal|p2a: Rillaboom|17\/100 brn|[from] Grassy Terrain\n|-heal|p1a: The Droplet Tear|42\/100|[from] Grassy Terrain\n|-heal|p1a: The Droplet Tear|48\/100|[from] item: Leftovers\n|-damage|p2a: Rillaboom|11\/100 brn|[from] brn\n|upkeep\n|turn|13\n|inactive|RandoTestAccount has 60 seconds left.\n|inactive|RandoTestAccount has 30 seconds left.\n|\n|t:|1700494662\n|move|p2a: Rillaboom|Grassy Glide|p1a: The Droplet Tear\n|-supereffective|p1a: The Droplet Tear\n|-activate|p1a: The Droplet Tear|move: Substitute|[damage]\n|move|p1a: The Droplet Tear|Moonblast|p2a: Rillaboom\n|-damage|p2a: Rillaboom|0 fnt\n|faint|p2a: Rillaboom\n|\n|-heal|p1a: The Droplet Tear|54\/100|[from] Grassy Terrain\n|-heal|p1a: The Droplet Tear|60\/100|[from] item: Leftovers\n|upkeep\n|\n|t:|1700494675\n|switch|p2a: Okidogi|Okidogi, M|100\/100\n|turn|14\n|\n|t:|1700494681\n|move|p1a: The Droplet Tear|Moonblast|p2a: Okidogi\n|-damage|p2a: Okidogi|76\/100\n|move|p2a: Okidogi|Gunk Shot|p1a: The Droplet Tear\n|-supereffective|p1a: The Droplet Tear\n|-end|p1a: The Droplet Tear|Substitute\n|\n|-heal|p1a: The Droplet Tear|66\/100|[from] Grassy Terrain\n|-heal|p1a: The Droplet Tear|72\/100|[from] item: Leftovers\n|-heal|p2a: Okidogi|82\/100|[from] Grassy Terrain\n|upkeep\n|turn|15\n|\n|t:|1700494690\n|switch|p1a: Ephialtes Keeper|Corviknight, F, shiny|68\/100\n|-ability|p1a: Ephialtes Keeper|Pressure\n|move|p2a: Okidogi|Gunk Shot|p1a: Ephialtes Keeper\n|-immune|p1a: Ephialtes Keeper\n|\n|-heal|p2a: Okidogi|88\/100|[from] Grassy Terrain\n|upkeep\n|turn|16\n|\n|t:|1700494705\n|-terastallize|p2a: Okidogi|Poison\n|move|p2a: Okidogi|Drain Punch|p1a: Ephialtes Keeper\n|-damage|p1a: Ephialtes Keeper|38\/100\n|-heal|p2a: Okidogi|100\/100|[from] drain|[of] p1a: Ephialtes Keeper\n|move|p1a: Ephialtes Keeper|U-turn|p2a: Okidogi\n|-resisted|p2a: Okidogi\n|-damage|p2a: Okidogi|95\/100\n|\n|t:|1700494715\n|switch|p1a: Spectre of Emerald|Sableye, F, shiny|97\/100|[from] U-turn\n|\n|-heal|p2a: Okidogi|100\/100|[from] Grassy Terrain\n|-heal|p1a: Spectre of Emerald|100\/100|[from] Grassy Terrain\n|-fieldend|move: Grassy Terrain\n|upkeep\n|turn|17\n|\n|t:|1700494719\n|move|p1a: Spectre of Emerald|Will-O-Wisp|p2a: Okidogi\n|-status|p2a: Okidogi|brn\n|move|p2a: Okidogi|Gunk Shot|p1a: Spectre of Emerald\n|-resisted|p1a: Spectre of Emerald\n|-damage|p1a: Spectre of Emerald|80\/100\n|\n|-damage|p2a: Okidogi|95\/100 brn|[from] brn\n|upkeep\n|turn|18\n|-message|Xero Dracohart forfeited.\n|\n|win|RandoTestAccount\n|raw|RandoTestAccount's rating: 1274 &rarr; <strong>1294<\/strong><br \/>(+20 for winning)\n|raw|Xero Dracohart's rating: 1200 &rarr; <strong>1180<\/strong><br \/>(-20 for losing)\n|l|\u2606Xero Dracohart\n","uploadtime":1700494743,"views":1,"p1id":"randotestaccount","p2id":"xerodracohart","formatid":"gen9nationaldex","rating":1180,"private":0,"password":""}