{"id":"gen9nationaldex-1987123067","p1":"221savage","p2":"TOXIC_A7","format":"[Gen 9] National Dex","log":"|j|\u2606221savage\n|j|\u2606TOXIC_A7\n|t:|1699557948\n|gametype|singles\n|player|p1|221savage|1|1227\n|player|p2|TOXIC_A7|volo|1248\n|teamsize|p1|6\n|teamsize|p2|6\n|gen|9\n|tier|[Gen 9] National Dex\n|rated|\n|rule|HP Percentage Mod: HP is shown in percentages\n|rule|Endless Battle Clause: Forcing endless battles is banned\n|rule|OHKO Clause: OHKO moves are banned\n|rule|Evasion Clause: Evasion abilities, items, and moves are banned\n|rule|Evasion Abilities Clause: Evasion abilities are banned\n|rule|Evasion Items Clause: Evasion items are banned\n|rule|Evasion Moves Clause: Evasion moves are banned\n|rule|Species Clause: Limit one of each Pok\u00e9mon\n|rule|Sleep Clause Mod: Limit one foe put to sleep\n|clearpoke\n|poke|p1|Crawdaunt, F|\n|poke|p1|Banette, F|\n|poke|p1|Machamp, F|\n|poke|p1|Darmanitan, F|\n|poke|p1|Xurkitree|\n|poke|p1|Serperior, F|\n|poke|p2|Lopunny, M|\n|poke|p2|Urshifu-*, F|\n|poke|p2|Heatran, M|\n|poke|p2|Ogerpon-Wellspring, F|\n|poke|p2|Tapu Koko|\n|poke|p2|Baxcalibur, F|\n|teampreview\n|\n|t:|1699557965\n|start\n|switch|p1a: Banette|Banette, F|100\/100\n|switch|p2a: Tapu Koko|Tapu Koko, shiny|100\/100\n|-fieldstart|move: Electric Terrain|[from] ability: Electric Surge|[of] p2a: Tapu Koko\n|turn|1\n|\n|t:|1699557981\n|detailschange|p1a: Banette|Banette-Mega, F\n|-mega|p1a: Banette|Banette|Banettite\n|move|p1a: Banette|Taunt|p2a: Tapu Koko\n|-start|p2a: Tapu Koko|move: Taunt\n|move|p2a: Tapu Koko|U-turn|p1a: Banette\n|-resisted|p1a: Banette\n|-damage|p1a: Banette|91\/100\n|\n|t:|1699558001\n|switch|p2a: Lopunny|Lopunny, M, shiny|100\/100|[from] U-turn\n|\n|upkeep\n|turn|2\n|\n|t:|1699558008\n|detailschange|p2a: Lopunny|Lopunny-Mega, M, shiny\n|-mega|p2a: Lopunny|Lopunny|Lopunnite\n|move|p2a: Lopunny|Fake Out|p1a: Banette\n|-damage|p1a: Banette|61\/100\n|cant|p1a: Banette|flinch\n|\n|upkeep\n|turn|3\n|\n|t:|1699558020\n|move|p1a: Banette|Will-O-Wisp|p2a: Lopunny\n|-status|p2a: Lopunny|brn\n|move|p2a: Lopunny|Return|p1a: Banette\n|-damage|p1a: Banette|29\/100\n|\n|-damage|p2a: Lopunny|94\/100 brn|[from] brn\n|upkeep\n|turn|4\n|\n|t:|1699558027\n|move|p1a: Banette|Destiny Bond|p1a: Banette\n|-singlemove|p1a: Banette|Destiny Bond\n|move|p2a: Lopunny|U-turn|p1a: Banette\n|-resisted|p1a: Banette\n|-damage|p1a: Banette|21\/100\n|\n|t:|1699558037\n|switch|p2a: Tapu Koko|Tapu Koko, shiny|100\/100|[from] U-turn\n|\n|upkeep\n|turn|5\n|\n|t:|1699558045\n|move|p2a: Tapu Koko|U-turn|p1a: Banette\n|-resisted|p1a: Banette\n|-crit|p1a: Banette\n|-damage|p1a: Banette|4\/100\n|\n|t:|1699558048\n|switch|p2a: Lopunny|Lopunny-Mega, M, shiny|94\/100 brn|[from] U-turn\n|move|p1a: Banette|Poltergeist|p2a: Lopunny\n|-immune|p2a: Lopunny\n|\n|-damage|p2a: Lopunny|88\/100 brn|[from] brn\n|-fieldend|move: Electric Terrain\n|upkeep\n|turn|6\n|\n|t:|1699558061\n|switch|p1a: Xurkitree|Xurkitree|100\/100\n|move|p2a: Lopunny|Fake Out|p1a: Xurkitree\n|-damage|p1a: Xurkitree|85\/100\n|\n|-damage|p2a: Lopunny|82\/100 brn|[from] brn\n|upkeep\n|turn|7\n|\n|t:|1699558073\n|move|p2a: Lopunny|U-turn|p1a: Xurkitree\n|-damage|p1a: Xurkitree|66\/100\n|\n|t:|1699558075\n|switch|p2a: Baxcalibur|Baxcalibur, F, shiny|100\/100|[from] U-turn\n|-zpower|p1a: Xurkitree\n|move|p1a: Xurkitree|Z-Hypnosis|p2a: Baxcalibur|[anim]Hypnosis|[miss]\n|-boost|p1a: Xurkitree|spe|1|[zeffect]\n|-miss|p1a: Xurkitree|p2a: Baxcalibur\n|\n|upkeep\n|turn|8\n|\n|t:|1699558085\n|move|p1a: Xurkitree|Hypnosis|p2a: Baxcalibur|[miss]\n|-miss|p1a: Xurkitree|p2a: Baxcalibur\n|move|p2a: Baxcalibur|Dragon Dance|p2a: Baxcalibur\n|-boost|p2a: Baxcalibur|atk|1\n|-boost|p2a: Baxcalibur|spe|1\n|\n|upkeep\n|turn|9\n|\n|t:|1699558092\n|move|p1a: Xurkitree|Hypnosis|p2a: Baxcalibur|[miss]\n|-miss|p1a: Xurkitree|p2a: Baxcalibur\n|move|p2a: Baxcalibur|Dragon Dance|p2a: Baxcalibur\n|-boost|p2a: Baxcalibur|atk|1\n|-boost|p2a: Baxcalibur|spe|1\n|\n|upkeep\n|turn|10\n|c|\u2606TOXIC_A7|lol that's very unlucky\n|c|\u2606TOXIC_A7|that's why I don't use hypnosis\n|\n|t:|1699558112\n|move|p2a: Baxcalibur|Earthquake|p1a: Xurkitree\n|-supereffective|p1a: Xurkitree\n|-damage|p1a: Xurkitree|0 fnt\n|faint|p1a: Xurkitree\n|\n|upkeep\n|\n|t:|1699558117\n|switch|p1a: Banette|Banette-Mega, F|4\/100\n|turn|11\n|\n|t:|1699558128\n|switch|p2a: Urshifu|Urshifu-Rapid-Strike, F|100\/100\n|move|p1a: Banette|Will-O-Wisp|p2a: Urshifu\n|-status|p2a: Urshifu|brn\n|\n|-damage|p2a: Urshifu|94\/100 brn|[from] brn\n|upkeep\n|turn|12\n|\n|t:|1699558135\n|move|p2a: Urshifu|Aqua Jet|p1a: Banette\n|-damage|p1a: Banette|0 fnt\n|faint|p1a: Banette\n|\n|-damage|p2a: Urshifu|88\/100 brn|[from] brn\n|upkeep\n|\n|t:|1699558146\n|switch|p1a: Serperior|Serperior, F|100\/100\n|turn|13\n|\n|t:|1699558155\n|switch|p2a: Heatran|Heatran, M|100\/100\n|move|p1a: Serperior|Glare|p2a: Heatran\n|-status|p2a: Heatran|par\n|\n|upkeep\n|turn|14\n|\n|t:|1699558160\n|switch|p1a: Crawdaunt|Crawdaunt, F|100\/100\n|move|p2a: Heatran|Flamethrower|p1a: Crawdaunt\n|-resisted|p1a: Crawdaunt\n|-damage|p1a: Crawdaunt|50\/100\n|\n|upkeep\n|turn|15\n|\n|t:|1699558172\n|-terastallize|p2a: Heatran|Grass\n|move|p1a: Crawdaunt|Crabhammer|p2a: Heatran|[miss]\n|-miss|p1a: Crawdaunt|p2a: Heatran\n|move|p2a: Heatran|Body Press|p1a: Crawdaunt\n|-supereffective|p1a: Crawdaunt\n|-damage|p1a: Crawdaunt|0 fnt\n|faint|p1a: Crawdaunt\n|\n|upkeep\n|\n|t:|1699558182\n|switch|p1a: Machamp|Machamp, F|100\/100\n|turn|16\n|\n|t:|1699558187\n|move|p1a: Machamp|Dynamic Punch|p2a: Heatran\n|-damage|p2a: Heatran|59\/100 par\n|-start|p2a: Heatran|confusion\n|-activate|p2a: Heatran|confusion\n|move|p2a: Heatran|Flamethrower|p1a: Machamp\n|-damage|p1a: Machamp|68\/100\n|\n|upkeep\n|turn|17\n|\n|t:|1699558209\n|move|p1a: Machamp|Dynamic Punch|p2a: Heatran\n|-damage|p2a: Heatran|16\/100 par\n|-activate|p2a: Heatran|confusion\n|cant|p2a: Heatran|par\n|\n|upkeep\n|turn|18\n|\n|t:|1699558216\n|move|p1a: Machamp|Dynamic Punch|p2a: Heatran\n|-damage|p2a: Heatran|0 fnt\n|faint|p2a: Heatran\n|\n|upkeep\n|\n|t:|1699558220\n|switch|p2a: Tapu Koko|Tapu Koko, shiny|100\/100\n|-fieldstart|move: Electric Terrain|[from] ability: Electric Surge|[of] p2a: Tapu Koko\n|turn|19\n|\n|t:|1699558226\n|move|p2a: Tapu Koko|Dazzling Gleam|p1a: Machamp\n|-supereffective|p1a: Machamp\n|-damage|p1a: Machamp|19\/100\n|move|p1a: Machamp|Earthquake|p2a: Tapu Koko\n|-supereffective|p2a: Tapu Koko\n|-crit|p2a: Tapu Koko\n|-damage|p2a: Tapu Koko|0 fnt\n|faint|p2a: Tapu Koko\n|\n|upkeep\n|\n|t:|1699558231\n|switch|p2a: Lopunny|Lopunny-Mega, M, shiny|82\/100 brn\n|turn|20\n|\n|t:|1699558246\n|switch|p1a: Darmanitan|Darmanitan, F|100\/100\n|move|p2a: Lopunny|Fake Out|p1a: Darmanitan\n|-damage|p1a: Darmanitan|84\/100\n|\n|-damage|p2a: Lopunny|76\/100 brn|[from] brn\n|upkeep\n|turn|21\n|\n|t:|1699558256\n|move|p1a: Darmanitan|Flare Blitz|p2a: Lopunny\n|-damage|p2a: Lopunny|0 fnt\n|faint|p2a: Lopunny\n|-damage|p1a: Darmanitan|65\/100|[from] Recoil\n|\n|upkeep\n|\n|t:|1699558265\n|switch|p2a: Baxcalibur|Baxcalibur, F, shiny|100\/100\n|turn|22\n|\n|t:|1699558268\n|-terastallize|p1a: Darmanitan|Fire\n|move|p1a: Darmanitan|Flare Blitz|p2a: Baxcalibur\n|-damage|p2a: Baxcalibur|0 fnt\n|faint|p2a: Baxcalibur\n|-damage|p1a: Darmanitan|27\/100|[from] Recoil\n|\n|upkeep\n|\n|t:|1699558283\n|switch|p2a: Urshifu|Urshifu-Rapid-Strike, F|88\/100 brn\n|turn|23\n|\n|t:|1699558286\n|switch|p1a: Serperior|Serperior, F|100\/100\n|move|p2a: Urshifu|Aqua Jet|p1a: Serperior\n|-resisted|p1a: Serperior\n|-damage|p1a: Serperior|94\/100\n|\n|-heal|p1a: Serperior|99\/100|[from] item: Leftovers\n|-damage|p2a: Urshifu|82\/100 brn|[from] brn\n|-fieldend|move: Electric Terrain\n|upkeep\n|turn|24\n|-message|TOXIC_A7 forfeited.\n|\n|win|221savage\n|raw|221savage's rating: 1227 &rarr; <strong>1254<\/strong><br \/>(+27 for winning)\n|raw|TOXIC_A7's rating: 1248 &rarr; <strong>1221<\/strong><br \/>(-27 for losing)\n|l|\u2606TOXIC_A7\n","uploadtime":1699558298,"views":5,"p1id":"221savage","p2id":"toxica7","formatid":"gen9nationaldex","rating":1221,"private":0,"password":""}