{"id":"gen9nationaldex-1991856952","p1":"Slimie","p2":"zhuandayoudou","format":"[Gen 9] National Dex","log":"|j|\u2606Slimie\n|j|\u2606zhuandayoudou\n|t:|1700129296\n|gametype|singles\n|player|p1|Slimie|sabrina|1638\n|player|p2|zhuandayoudou|1|1521\n|teamsize|p1|6\n|teamsize|p2|6\n|gen|9\n|tier|[Gen 9] National Dex\n|rated|\n|rule|HP Percentage Mod: HP is shown in percentages\n|rule|Endless Battle Clause: Forcing endless battles is banned\n|rule|OHKO Clause: OHKO moves are banned\n|rule|Evasion Clause: Evasion abilities, items, and moves are banned\n|rule|Evasion Abilities Clause: Evasion abilities are banned\n|rule|Evasion Items Clause: Evasion items are banned\n|rule|Evasion Moves Clause: Evasion moves are banned\n|rule|Species Clause: Limit one of each Pok\u00e9mon\n|rule|Sleep Clause Mod: Limit one foe put to sleep\n|clearpoke\n|poke|p1|Absol, M|\n|poke|p1|Slowbro, M|\n|poke|p1|Heatran, M|\n|poke|p1|Staraptor, M|\n|poke|p1|Landorus-Therian, M|\n|poke|p1|Tapu Fini|\n|poke|p2|Banette, F|\n|poke|p2|Alomomola, F|\n|poke|p2|Landorus-Therian, M|\n|poke|p2|Heatran, M|\n|poke|p2|Swellow, M|\n|poke|p2|Urshifu-*, F|\n|teampreview\n|inactive|Battle timer is ON: inactive players will automatically lose when time's up. (requested by zhuandayoudou)\n|\n|t:|1700129306\n|start\n|switch|p1a: Landorus|Landorus-Therian, M|100\/100\n|switch|p2a: Urshifu|Urshifu-Rapid-Strike, F|100\/100\n|-ability|p1a: Landorus|Intimidate|boost\n|-unboost|p2a: Urshifu|atk|1\n|turn|1\n|\n|t:|1700129310\n|switch|p1a: Slowbro|Slowbro, M|100\/100\n|move|p2a: Urshifu|U-turn|p1a: Slowbro\n|-supereffective|p1a: Slowbro\n|-damage|p1a: Slowbro|80\/100\n|-damage|p2a: Urshifu|84\/100|[from] item: Rocky Helmet|[of] p1a: Slowbro\n|\n|t:|1700129314\n|switch|p2a: Swellow|Swellow, M|100\/100|[from] U-turn\n|\n|upkeep\n|turn|2\n|\n|t:|1700129322\n|-terastallize|p2a: Swellow|Normal\n|move|p2a: Swellow|Boomburst|p1a: Slowbro\n|-damage|p1a: Slowbro|0 fnt\n|faint|p1a: Slowbro\n|\n|upkeep\n|\n|t:|1700129335\n|switch|p1a: Heatran|Heatran, M|100\/100\n|turn|3\n|\n|t:|1700129342\n|switch|p2a: Urshifu|Urshifu-Rapid-Strike, F|84\/100\n|move|p1a: Heatran|Earth Power|p2a: Urshifu\n|-damage|p2a: Urshifu|34\/100\n|\n|upkeep\n|turn|4\n|\n|t:|1700129351\n|switch|p1a: Tapu Fini|Tapu Fini|100\/100\n|-fieldstart|move: Misty Terrain|[from] ability: Misty Surge|[of] p1a: Tapu Fini\n|move|p2a: Urshifu|Surging Strikes|p1a: Tapu Fini\n|-resisted|p1a: Tapu Fini\n|-crit|p1a: Tapu Fini\n|-damage|p1a: Tapu Fini|90\/100\n|-resisted|p1a: Tapu Fini\n|-crit|p1a: Tapu Fini\n|-damage|p1a: Tapu Fini|81\/100\n|-resisted|p1a: Tapu Fini\n|-crit|p1a: Tapu Fini\n|-damage|p1a: Tapu Fini|72\/100\n|-hitcount|p1a: Tapu Fini|3\n|\n|-heal|p1a: Tapu Fini|78\/100|[from] item: Leftovers\n|upkeep\n|turn|5\n|\n|t:|1700129361\n|switch|p2a: Banette|Banette, F|100\/100\n|-item|p1a: Tapu Fini|Leftovers|[from] ability: Frisk|[of] p2a: Banette|[identify]\n|move|p1a: Tapu Fini|Scald|p2a: Banette\n|-damage|p2a: Banette|55\/100\n|\n|-heal|p1a: Tapu Fini|84\/100|[from] item: Leftovers\n|upkeep\n|turn|6\n|\n|t:|1700129369\n|detailschange|p2a: Banette|Banette-Mega, F\n|-mega|p2a: Banette|Banette|Banettite\n|move|p1a: Tapu Fini|Moonblast|p2a: Banette\n|-damage|p2a: Banette|15\/100\n|move|p2a: Banette|Infestation|p1a: Tapu Fini\n|-resisted|p1a: Tapu Fini\n|-damage|p1a: Tapu Fini|82\/100\n|-activate|p1a: Tapu Fini|move: Infestation|[of] p2a: Banette\n|\n|-heal|p1a: Tapu Fini|89\/100|[from] item: Leftovers\n|-damage|p1a: Tapu Fini|76\/100|[from] move: Infestation|[partiallytrapped]\n|upkeep\n|turn|7\n|\n|t:|1700129374\n|move|p2a: Banette|Destiny Bond|p2a: Banette\n|-singlemove|p2a: Banette|Destiny Bond\n|move|p1a: Tapu Fini|Taunt|p2a: Banette\n|-start|p2a: Banette|move: Taunt\n|\n|-heal|p1a: Tapu Fini|82\/100|[from] item: Leftovers\n|-damage|p1a: Tapu Fini|70\/100|[from] move: Infestation|[partiallytrapped]\n|upkeep\n|turn|8\n|\n|t:|1700129384\n|move|p1a: Tapu Fini|Defog|p2a: Banette\n|-unboost|p2a: Banette|evasion|1\n|-fieldend|Misty Terrain\n|move|p2a: Banette|Poltergeist|p1a: Tapu Fini\n|-activate|p1a: Tapu Fini|move: Poltergeist|Leftovers\n|-damage|p1a: Tapu Fini|9\/100\n|\n|-heal|p1a: Tapu Fini|15\/100|[from] item: Leftovers\n|-damage|p1a: Tapu Fini|3\/100|[from] move: Infestation|[partiallytrapped]\n|upkeep\n|turn|9\n|\n|t:|1700129400\n|switch|p2a: Alomomola|Alomomola, F, shiny|100\/100\n|move|p1a: Tapu Fini|Scald|p2a: Alomomola\n|-resisted|p2a: Alomomola\n|-damage|p2a: Alomomola|84\/100\n|\n|-heal|p1a: Tapu Fini|9\/100|[from] item: Leftovers\n|-end|p1a: Tapu Fini|Infestation|[partiallytrapped]|[silent]\n|upkeep\n|turn|10\n|\n|t:|1700129404\n|move|p1a: Tapu Fini|Taunt|p2a: Alomomola\n|-start|p2a: Alomomola|move: Taunt\n|move|p2a: Alomomola|Flip Turn|p1a: Tapu Fini\n|-resisted|p1a: Tapu Fini\n|-damage|p1a: Tapu Fini|1\/100\n|\n|t:|1700129410\n|switch|p2a: Urshifu|Urshifu-Rapid-Strike, F|34\/100|[from] Flip Turn\n|\n|-heal|p1a: Tapu Fini|7\/100|[from] item: Leftovers\n|upkeep\n|turn|11\n|\n|t:|1700129414\n|move|p2a: Urshifu|Surging Strikes|p1a: Tapu Fini\n|-resisted|p1a: Tapu Fini\n|-crit|p1a: Tapu Fini\n|-damage|p1a: Tapu Fini|0 fnt\n|faint|p1a: Tapu Fini\n|-hitcount|p1: Tapu Fini|1\n|\n|upkeep\n|\n|t:|1700129418\n|switch|p1a: Absol|Absol, M|100\/100\n|turn|12\n|\n|t:|1700129427\n|detailschange|p1a: Absol|Absol-Mega, M\n|-mega|p1a: Absol|Absol|Absolite\n|move|p2a: Urshifu|Surging Strikes|p1a: Absol\n|-crit|p1a: Absol\n|-damage|p1a: Absol|61\/100\n|-crit|p1a: Absol\n|-damage|p1a: Absol|20\/100\n|-crit|p1a: Absol\n|-damage|p1a: Absol|0 fnt\n|faint|p1a: Absol\n|-hitcount|p1: Absol|3\n|\n|upkeep\n|-message|Slimie forfeited.\n|\n|win|zhuandayoudou\n|raw|Slimie's rating: 1638 &rarr; <strong>1612<\/strong><br \/>(-26 for losing)\n|raw|zhuandayoudou's rating: 1521 &rarr; <strong>1547<\/strong><br \/>(+26 for winning)\n|l|\u2606Slimie\n","uploadtime":1700129441,"views":6,"p1id":"slimie","p2id":"zhuandayoudou","formatid":"gen9nationaldex","rating":1547,"private":0,"password":""}