{"id":"gen9nationaldex-1997665808","p1":"mxtfrog","p2":"lifegoeson123","format":"[Gen 9] National Dex","log":"|html|<div class=\"broadcast-blue\"><strong>[Gen 9] National Dex is currently suspecting Sneasler! For information on how to participate check out the <a href=\"https:\/\/www.smogon.com\/forums\/threads\/sv-national-dex-suspect-8-just-dance.3731534\/\">suspect thread<\/a>.<\/strong><\/div>\n|j|\u2606mxtfrog\n|j|\u2606lifegoeson123\n|t:|1700839390\n|gametype|singles\n|player|p1|mxtfrog|veteranf|1440\n|player|p2|lifegoeson123|richboy|1414\n|teamsize|p1|6\n|teamsize|p2|6\n|gen|9\n|tier|[Gen 9] National Dex\n|rated|\n|rule|HP Percentage Mod: HP is shown in percentages\n|rule|Endless Battle Clause: Forcing endless battles is banned\n|rule|OHKO Clause: OHKO moves are banned\n|rule|Evasion Clause: Evasion abilities, items, and moves are banned\n|rule|Evasion Abilities Clause: Evasion abilities are banned\n|rule|Evasion Items Clause: Evasion items are banned\n|rule|Evasion Moves Clause: Evasion moves are banned\n|rule|Species Clause: Limit one of each Pok\u00e9mon\n|rule|Sleep Clause Mod: Limit one foe put to sleep\n|clearpoke\n|poke|p1|Sceptile, F|\n|poke|p1|Toxapex, M|\n|poke|p1|Rillaboom, F|\n|poke|p1|Sneasler, F|\n|poke|p1|Ting-Lu|\n|poke|p1|Hawlucha, M|\n|poke|p2|Pelipper, F|\n|poke|p2|Swampert, M|\n|poke|p2|Kingdra, M|\n|poke|p2|Ferrothorn, M|\n|poke|p2|Zapdos|\n|poke|p2|Hatterene, F|\n|teampreview\n|\n|t:|1700839412\n|start\n|switch|p1a: skolotro|Rillaboom, F|100\/100\n|switch|p2a: Hatterene|Hatterene, F|100\/100\n|-fieldstart|move: Grassy Terrain|[from] ability: Grassy Surge|[of] p1a: skolotro\n|turn|1\n|\n|t:|1700839420\n|move|p1a: skolotro|U-turn|p2a: Hatterene\n|-damage|p2a: Hatterene|80\/100\n|inactive|Battle timer is ON: inactive players will automatically lose when time's up. (requested by lifegoeson123)\n|\n|t:|1700839429\n|switch|p1a: doudadida|Sceptile, F|100\/100|[from] U-turn\n|move|p2a: Hatterene|Nuzzle|p1a: doudadida\n|-resisted|p1a: doudadida\n|-damage|p1a: doudadida|97\/100\n|-status|p1a: doudadida|par\n|\n|-heal|p1a: doudadida|100\/100 par|[from] Grassy Terrain\n|-heal|p2a: Hatterene|86\/100|[from] Grassy Terrain\n|-heal|p2a: Hatterene|92\/100|[from] item: Leftovers\n|upkeep\n|turn|2\n|\n|t:|1700839445\n|detailschange|p1a: doudadida|Sceptile-Mega, F\n|-mega|p1a: doudadida|Sceptile|Sceptilite\n|cant|p1a: doudadida|par\n|move|p2a: Hatterene|Calm Mind|p2a: Hatterene\n|-boost|p2a: Hatterene|spa|1\n|-boost|p2a: Hatterene|spd|1\n|\n|-heal|p2a: Hatterene|98\/100|[from] Grassy Terrain\n|-heal|p2a: Hatterene|100\/100|[from] item: Leftovers\n|upkeep\n|turn|3\n|\n|t:|1700839455\n|move|p1a: doudadida|Leaf Storm|p2a: Hatterene\n|-damage|p2a: Hatterene|41\/100\n|-unboost|p1a: doudadida|spa|2\n|move|p2a: Hatterene|Mystical Fire|p1a: doudadida\n|-damage|p1a: doudadida|51\/100 par\n|-unboost|p1a: doudadida|spa|1\n|\n|-heal|p1a: doudadida|57\/100 par|[from] Grassy Terrain\n|-heal|p2a: Hatterene|47\/100|[from] Grassy Terrain\n|-heal|p2a: Hatterene|53\/100|[from] item: Leftovers\n|upkeep\n|turn|4\n|\n|t:|1700839467\n|switch|p1a: zazouumchieayyyy|Ting-Lu|100\/100\n|-ability|p1a: zazouumchieayyyy|Vessel of Ruin\n|move|p2a: Hatterene|Draining Kiss|p1a: zazouumchieayyyy\n|-supereffective|p1a: zazouumchieayyyy\n|-damage|p1a: zazouumchieayyyy|74\/100\n|-heal|p2a: Hatterene|85\/100|[from] drain|[of] p1a: zazouumchieayyyy\n|\n|-heal|p1a: zazouumchieayyyy|80\/100|[from] Grassy Terrain\n|-heal|p1a: zazouumchieayyyy|86\/100|[from] item: Leftovers\n|-heal|p2a: Hatterene|91\/100|[from] Grassy Terrain\n|-heal|p2a: Hatterene|97\/100|[from] item: Leftovers\n|upkeep\n|turn|5\n|\n|t:|1700839480\n|move|p2a: Hatterene|Calm Mind|p2a: Hatterene\n|-boost|p2a: Hatterene|spa|1\n|-boost|p2a: Hatterene|spd|1\n|move|p1a: zazouumchieayyyy|Whirlwind|p2a: Hatterene\n|move|p2a: Hatterene|Whirlwind|p1a: zazouumchieayyyy|[from]ability: Magic Bounce\n|drag|p1a: skrololom|Toxapex, M|100\/100\n|\n|-heal|p2a: Hatterene|100\/100|[from] Grassy Terrain\n|upkeep\n|turn|6\n|-message|mxtfrog forfeited.\n|\n|win|lifegoeson123\n|raw|mxtfrog's rating: 1440 &rarr; <strong>1419<\/strong><br \/>(-21 for losing)\n|raw|lifegoeson123's rating: 1414 &rarr; <strong>1435<\/strong><br \/>(+21 for winning)\n|l|\u2606mxtfrog\n|c|\u2606lifegoeson123|lol\n","uploadtime":1700839499,"views":0,"p1id":"mxtfrog","p2id":"lifegoeson123","formatid":"gen9nationaldex","rating":1419,"private":0,"password":""}