{"id":"gen9nationaldex-1990635720","p1":"Spler","p2":"TheSlowbroGuy","format":"[Gen 9] National Dex","log":"|j|\u2606Spler\n|j|\u2606TheSlowbroGuy\n|t:|1699987568\n|gametype|singles\n|player|p1|Spler|102|1500\n|player|p2|TheSlowbroGuy|wattson|1472\n|teamsize|p1|6\n|teamsize|p2|6\n|gen|9\n|tier|[Gen 9] National Dex\n|rated|\n|rule|HP Percentage Mod: HP is shown in percentages\n|rule|Endless Battle Clause: Forcing endless battles is banned\n|rule|OHKO Clause: OHKO moves are banned\n|rule|Evasion Clause: Evasion abilities, items, and moves are banned\n|rule|Evasion Abilities Clause: Evasion abilities are banned\n|rule|Evasion Items Clause: Evasion items are banned\n|rule|Evasion Moves Clause: Evasion moves are banned\n|rule|Species Clause: Limit one of each Pok\u00e9mon\n|rule|Sleep Clause Mod: Limit one foe put to sleep\n|clearpoke\n|poke|p1|Ludicolo, M|\n|poke|p1|Pelipper, M|\n|poke|p1|Barraskewda, F|\n|poke|p1|Great Tusk|\n|poke|p1|Scizor, M|\n|poke|p1|Hatterene, F|\n|poke|p2|Zoroark-Hisui, M|\n|poke|p2|Incineroar, M|\n|poke|p2|Rillaboom, M|\n|poke|p2|Zeraora|\n|poke|p2|Pangoro, M|\n|poke|p2|Urshifu-*, M|\n|teampreview\n|inactive|Battle timer is ON: inactive players will automatically lose when time's up. (requested by TheSlowbroGuy)\n|\n|t:|1699987580\n|start\n|switch|p1a: Great Tusk|Great Tusk|100\/100\n|switch|p2a: Harder|Urshifu-Rapid-Strike, M|100\/100\n|-enditem|p1a: Great Tusk|Booster Energy\n|-activate|p1a: Great Tusk|ability: Protosynthesis|[fromitem]\n|-start|p1a: Great Tusk|protosynthesisspe\n|turn|1\n|\n|t:|1699987590\n|switch|p2a: Nice Pecs|Rillaboom, M|100\/100\n|-fieldstart|move: Grassy Terrain|[from] ability: Grassy Surge|[of] p2a: Nice Pecs\n|move|p1a: Great Tusk|Stealth Rock|p2a: Nice Pecs\n|-sidestart|p2: TheSlowbroGuy|move: Stealth Rock\n|\n|upkeep\n|turn|2\n|\n|t:|1699987597\n|move|p1a: Great Tusk|Knock Off|p2a: Nice Pecs\n|-damage|p2a: Nice Pecs|72\/100\n|-enditem|p2a: Nice Pecs|Life Orb|[from] move: Knock Off|[of] p1a: Great Tusk\n|move|p2a: Nice Pecs|Wood Hammer|p1a: Great Tusk\n|-supereffective|p1a: Great Tusk\n|-damage|p1a: Great Tusk|0 fnt\n|faint|p1a: Great Tusk\n|-end|p1a: Great Tusk|Protosynthesis|[silent]\n|-damage|p2a: Nice Pecs|37\/100|[from] Recoil\n|\n|-heal|p2a: Nice Pecs|43\/100|[from] Grassy Terrain\n|upkeep\n|\n|t:|1699987612\n|switch|p1a: Pelipper|Pelipper, M|100\/100\n|-weather|RainDance|[from] ability: Drizzle|[of] p1a: Pelipper\n|turn|3\n|\n|t:|1699987617\n|switch|p2a: FurSuit|Zeraora|100\/100\n|-damage|p2a: FurSuit|88\/100|[from] Stealth Rock\n|-item|p2a: FurSuit|Air Balloon\n|move|p1a: Pelipper|U-turn|p2a: FurSuit\n|-damage|p2a: FurSuit|77\/100\n|-enditem|p2a: FurSuit|Air Balloon\n|\n|t:|1699987627\n|switch|p1a: Ludicolo|Ludicolo, M|100\/100|[from] U-turn\n|\n|-weather|RainDance|[upkeep]\n|-heal|p2a: FurSuit|83\/100|[from] Grassy Terrain\n|upkeep\n|turn|4\n|\n|t:|1699987634\n|move|p1a: Ludicolo|Weather Ball|p2a: FurSuit\n|-damage|p2a: FurSuit|0 fnt\n|faint|p2a: FurSuit\n|-damage|p1a: Ludicolo|91\/100|[from] item: Life Orb\n|\n|-weather|RainDance|[upkeep]\n|-heal|p1a: Ludicolo|97\/100|[from] Grassy Terrain\n|upkeep\n|\n|t:|1699987642\n|switch|p2a: Harder|Urshifu-Rapid-Strike, M|100\/100\n|-damage|p2a: Harder|94\/100|[from] Stealth Rock\n|turn|5\n|\n|t:|1699987647\n|-terastallize|p2a: Harder|Poison\n|move|p1a: Ludicolo|Giga Drain|p2a: Harder\n|-resisted|p2a: Harder\n|-damage|p2a: Harder|53\/100\n|-heal|p1a: Ludicolo|100\/100|[from] drain|[of] p2a: Harder\n|-damage|p1a: Ludicolo|91\/100|[from] item: Life Orb\n|move|p2a: Harder|Poison Jab|p1a: Ludicolo\n|-supereffective|p1a: Ludicolo\n|-damage|p1a: Ludicolo|0 fnt\n|faint|p1a: Ludicolo\n|\n|-weather|RainDance|[upkeep]\n|-heal|p2a: Harder|59\/100|[from] Grassy Terrain\n|-fieldend|move: Grassy Terrain\n|upkeep\n|\n|t:|1699987662\n|switch|p1a: Barraskewda|Barraskewda, F|100\/100\n|turn|6\n|\n|t:|1699987666\n|switch|p2a: Nice Pecs|Rillaboom, M|43\/100\n|-damage|p2a: Nice Pecs|31\/100|[from] Stealth Rock\n|-fieldstart|move: Grassy Terrain|[from] ability: Grassy Surge|[of] p2a: Nice Pecs\n|move|p1a: Barraskewda|Liquidation|p2a: Nice Pecs\n|-resisted|p2a: Nice Pecs\n|-damage|p2a: Nice Pecs|0 fnt\n|faint|p2a: Nice Pecs\n|\n|-weather|RainDance|[upkeep]\n|upkeep\n|\n|t:|1699987676\n|switch|p2a: Hot Daddy|Incineroar, M|100\/100\n|-damage|p2a: Hot Daddy|76\/100|[from] Stealth Rock\n|-ability|p2a: Hot Daddy|Intimidate|boost\n|-unboost|p1a: Barraskewda|atk|1\n|turn|7\n|\n|t:|1699987682\n|move|p2a: Hot Daddy|Fake Out|p1a: Barraskewda\n|-damage|p1a: Barraskewda|78\/100\n|cant|p1a: Barraskewda|flinch\n|\n|-weather|RainDance|[upkeep]\n|-heal|p1a: Barraskewda|85\/100|[from] Grassy Terrain\n|-heal|p2a: Hot Daddy|82\/100|[from] Grassy Terrain\n|upkeep\n|turn|8\n|\n|t:|1699987691\n|move|p1a: Barraskewda|Liquidation|p2a: Hot Daddy\n|-supereffective|p2a: Hot Daddy\n|-damage|p2a: Hot Daddy|0 fnt\n|faint|p2a: Hot Daddy\n|\n|-weather|RainDance|[upkeep]\n|-heal|p1a: Barraskewda|91\/100|[from] Grassy Terrain\n|upkeep\n|\n|t:|1699987697\n|switch|p2a: Furry Bear|Pangoro, M|100\/100\n|-damage|p2a: Furry Bear|94\/100|[from] Stealth Rock\n|turn|9\n|\n|t:|1699987705\n|switch|p1a: Hatterene|Hatterene, F|100\/100\n|move|p2a: Furry Bear|Knock Off|p1a: Hatterene\n|-damage|p1a: Hatterene|39\/100\n|-enditem|p1a: Hatterene|Leftovers|[from] move: Knock Off|[of] p2a: Furry Bear\n|\n|-weather|RainDance|[upkeep]\n|-heal|p2a: Furry Bear|100\/100|[from] Grassy Terrain\n|-heal|p1a: Hatterene|45\/100|[from] Grassy Terrain\n|upkeep\n|turn|10\n|\n|t:|1699987717\n|move|p2a: Furry Bear|Knock Off|p1a: Hatterene\n|-damage|p1a: Hatterene|3\/100\n|move|p1a: Hatterene|Nuzzle|p2a: Furry Bear\n|-damage|p2a: Furry Bear|96\/100\n|-status|p2a: Furry Bear|par\n|\n|-weather|none\n|-heal|p2a: Furry Bear|100\/100 par|[from] Grassy Terrain\n|-heal|p1a: Hatterene|9\/100|[from] Grassy Terrain\n|-fieldend|move: Grassy Terrain\n|upkeep\n|turn|11\n|\n|t:|1699987728\n|cant|p2a: Furry Bear|par\n|move|p1a: Hatterene|Draining Kiss|p2a: Furry Bear\n|-supereffective|p2a: Furry Bear\n|-damage|p2a: Furry Bear|0 fnt\n|-heal|p1a: Hatterene|91\/100|[from] drain|[of] p2a: Furry Bear\n|faint|p2a: Furry Bear\n|\n|upkeep\n|-message|TheSlowbroGuy forfeited.\n|\n|win|Spler\n|raw|Spler's rating: 1500 &rarr; <strong>1518<\/strong><br \/>(+18 for winning)\n|raw|TheSlowbroGuy's rating: 1472 &rarr; <strong>1454<\/strong><br \/>(-18 for losing)\n|l|\u2606TheSlowbroGuy\n","uploadtime":1699987742,"views":5,"p1id":"spler","p2id":"theslowbroguy","formatid":"gen9nationaldex","rating":1454,"private":0,"password":""}