{"id":"gen9nationaldex-1998786966","p1":"zeonteo","p2":"beoneko111","format":"[Gen 9] National Dex","log":"|html|<div class=\"broadcast-blue\"><strong>[Gen 9] National Dex is currently suspecting Sneasler! For information on how to participate check out the <a href=\"https:\/\/www.smogon.com\/forums\/threads\/sv-national-dex-suspect-8-just-dance.3731534\/\">suspect thread<\/a>.<\/strong><\/div>\n|j|\u2606zeonteo\n|j|\u2606beoneko111\n|t:|1700990756\n|gametype|singles\n|player|p1|zeonteo|pokemonranger-gen4|1272\n|player|p2|beoneko111|pilot|1156\n|teamsize|p1|6\n|teamsize|p2|6\n|gen|9\n|tier|[Gen 9] National Dex\n|rated|\n|rule|HP Percentage Mod: HP is shown in percentages\n|rule|Endless Battle Clause: Forcing endless battles is banned\n|rule|OHKO Clause: OHKO moves are banned\n|rule|Evasion Clause: Evasion abilities, items, and moves are banned\n|rule|Evasion Abilities Clause: Evasion abilities are banned\n|rule|Evasion Items Clause: Evasion items are banned\n|rule|Evasion Moves Clause: Evasion moves are banned\n|rule|Species Clause: Limit one of each Pok\u00e9mon\n|rule|Sleep Clause Mod: Limit one foe put to sleep\n|clearpoke\n|poke|p1|Lopunny, M|\n|poke|p1|Gliscor, F|\n|poke|p1|Skarmory, M|\n|poke|p1|Volcarona, M|\n|poke|p1|Toxapex, M|\n|poke|p1|Garganacl, M|\n|poke|p2|Clodsire, F|\n|poke|p2|Corviknight, F|\n|poke|p2|Samurott-Hisui, F|\n|poke|p2|Grimmsnarl, M|\n|poke|p2|Hatterene, F|\n|poke|p2|Scizor, F|\n|teampreview\n|inactive|Battle timer is ON: inactive players will automatically lose when time's up. (requested by zeonteo)\n|inactive|beoneko111 also wants the timer to be on.\n|\n|t:|1700990763\n|start\n|switch|p1a: SALTEDCARAMEL|Garganacl, M|100\/100\n|switch|p2a: Corviknight|Corviknight, F|100\/100\n|turn|1\n|\n|t:|1700990774\n|-terastallize|p1a: SALTEDCARAMEL|Water\n|move|p2a: Corviknight|Bulk Up|p2a: Corviknight\n|-boost|p2a: Corviknight|atk|1\n|-boost|p2a: Corviknight|def|1\n|move|p1a: SALTEDCARAMEL|Salt Cure|p2a: Corviknight\n|-damage|p2a: Corviknight|92\/100\n|-start|p2a: Corviknight|Salt Cure\n|\n|-heal|p2a: Corviknight|98\/100|[from] item: Leftovers\n|-damage|p2a: Corviknight|73\/100|[from] Salt Cure\n|upkeep\n|turn|2\n|\n|t:|1700990786\n|move|p2a: Corviknight|Bulk Up|p2a: Corviknight\n|-boost|p2a: Corviknight|atk|1\n|-boost|p2a: Corviknight|def|1\n|move|p1a: SALTEDCARAMEL|Salt Cure|p2a: Corviknight\n|-damage|p2a: Corviknight|66\/100\n|\n|-heal|p2a: Corviknight|72\/100|[from] item: Leftovers\n|-damage|p2a: Corviknight|47\/100|[from] Salt Cure\n|upkeep\n|turn|3\n|\n|t:|1700990797\n|switch|p1a: NIGHTMARE|Gliscor, F|100\/100\n|move|p2a: Corviknight|Roost|p2a: Corviknight\n|-heal|p2a: Corviknight|97\/100\n|-singleturn|p2a: Corviknight|move: Roost\n|\n|-heal|p2a: Corviknight|100\/100|[from] item: Leftovers\n|-damage|p2a: Corviknight|75\/100|[from] Salt Cure\n|-status|p1a: NIGHTMARE|tox|[from] item: Toxic Orb\n|upkeep\n|turn|4\n|\n|t:|1700990809\n|move|p1a: NIGHTMARE|Knock Off|p2a: Corviknight\n|-damage|p2a: Corviknight|65\/100\n|-enditem|p2a: Corviknight|Leftovers|[from] move: Knock Off|[of] p1a: NIGHTMARE\n|move|p2a: Corviknight|Agility|p2a: Corviknight\n|-boost|p2a: Corviknight|spe|2\n|\n|-damage|p2a: Corviknight|40\/100|[from] Salt Cure\n|upkeep\n|turn|5\n|\n|t:|1700990822\n|move|p2a: Corviknight|Roost|p2a: Corviknight\n|-heal|p2a: Corviknight|90\/100\n|-singleturn|p2a: Corviknight|move: Roost\n|move|p1a: NIGHTMARE|U-turn|p2a: Corviknight\n|-resisted|p2a: Corviknight\n|-damage|p2a: Corviknight|87\/100\n|\n|t:|1700990829\n|switch|p1a: FIRESTORMZ|Volcarona, M|100\/100|[from] U-turn\n|\n|-damage|p2a: Corviknight|62\/100|[from] Salt Cure\n|upkeep\n|turn|6\n|\n|t:|1700990841\n|move|p2a: Corviknight|Power Trip|p1a: FIRESTORMZ\n|-damage|p1a: FIRESTORMZ|0 fnt\n|faint|p1a: FIRESTORMZ\n|\n|-damage|p2a: Corviknight|37\/100|[from] Salt Cure\n|upkeep\n|\n|t:|1700990857\n|switch|p1a: LOVE|Lopunny, M|100\/100\n|turn|7\n|\n|t:|1700990862\n|detailschange|p1a: LOVE|Lopunny-Mega, M\n|-mega|p1a: LOVE|Lopunny|Lopunnite\n|move|p1a: LOVE|Fake Out|p2a: Corviknight\n|-resisted|p2a: Corviknight\n|-damage|p2a: Corviknight|32\/100\n|cant|p2a: Corviknight|flinch\n|\n|-damage|p2a: Corviknight|7\/100|[from] Salt Cure\n|upkeep\n|turn|8\n|\n|t:|1700990873\n|switch|p1a: STARSCREAMZ|Skarmory, M|100\/100\n|move|p2a: Corviknight|Roost|p2a: Corviknight\n|-heal|p2a: Corviknight|57\/100\n|-singleturn|p2a: Corviknight|move: Roost\n|\n|-damage|p2a: Corviknight|32\/100|[from] Salt Cure\n|upkeep\n|turn|9\n|\n|t:|1700990883\n|move|p2a: Corviknight|Roost|p2a: Corviknight\n|-heal|p2a: Corviknight|82\/100\n|-singleturn|p2a: Corviknight|move: Roost\n|move|p1a: STARSCREAMZ|Stealth Rock|p2a: Corviknight\n|-sidestart|p2: beoneko111|move: Stealth Rock\n|\n|-damage|p2a: Corviknight|57\/100|[from] Salt Cure\n|upkeep\n|turn|10\n|\n|t:|1700990891\n|switch|p1a: DURIAN|Toxapex, M|100\/100\n|move|p2a: Corviknight|Agility|p2a: Corviknight\n|-boost|p2a: Corviknight|spe|2\n|\n|-damage|p2a: Corviknight|32\/100|[from] Salt Cure\n|upkeep\n|turn|11\n|\n|t:|1700990903\n|move|p2a: Corviknight|Roost|p2a: Corviknight\n|-heal|p2a: Corviknight|82\/100\n|-singleturn|p2a: Corviknight|move: Roost\n|move|p1a: DURIAN|Haze|p1a: DURIAN\n|-clearallboost\n|\n|-damage|p2a: Corviknight|57\/100|[from] Salt Cure\n|upkeep\n|turn|12\n|\n|t:|1700990913\n|switch|p2a: Samurott|Samurott-Hisui, F|100\/100\n|-damage|p2a: Samurott|88\/100|[from] Stealth Rock\n|move|p1a: DURIAN|Scald|p2a: Samurott\n|-resisted|p2a: Samurott\n|-damage|p2a: Samurott|76\/100\n|\n|upkeep\n|turn|13\n|\n|t:|1700990922\n|move|p1a: DURIAN|Baneful Bunker|p1a: DURIAN\n|-singleturn|p1a: DURIAN|move: Protect\n|move|p2a: Samurott|Ceaseless Edge|p1a: DURIAN\n|-activate|p1a: DURIAN|move: Protect\n|-status|p2a: Samurott|psn\n|\n|-damage|p2a: Samurott|64\/100 psn|[from] psn\n|upkeep\n|turn|14\n|\n|t:|1700990937\n|switch|p1a: STARSCREAMZ|Skarmory, M|100\/100\n|move|p2a: Samurott|Ceaseless Edge|p1a: STARSCREAMZ\n|-damage|p1a: STARSCREAMZ|73\/100\n|-damage|p2a: Samurott|47\/100 psn|[from] item: Rocky Helmet|[of] p1a: STARSCREAMZ\n|-sidestart|p1: zeonteo|Spikes\n|\n|-damage|p2a: Samurott|35\/100 psn|[from] psn\n|upkeep\n|turn|15\n|\n|t:|1700990954\n|switch|p2a: Hatterene|Hatterene, F|100\/100\n|-damage|p2a: Hatterene|88\/100|[from] Stealth Rock\n|move|p1a: STARSCREAMZ|Whirlwind|p2a: Hatterene\n|move|p2a: Hatterene|Whirlwind|p1a: STARSCREAMZ|[from]ability: Magic Bounce\n|drag|p1a: NIGHTMARE|Gliscor, F|100\/100 tox\n|\n|upkeep\n|turn|16\n|\n|t:|1700990969\n|move|p1a: NIGHTMARE|Knock Off|p2a: Hatterene\n|-damage|p2a: Hatterene|64\/100\n|-enditem|p2a: Hatterene|Choice Specs|[from] move: Knock Off|[of] p1a: NIGHTMARE\n|move|p2a: Hatterene|Misty Explosion|p1a: NIGHTMARE\n|-damage|p1a: NIGHTMARE|24\/100 tox\n|faint|p2a: Hatterene\n|\n|-heal|p1a: NIGHTMARE|36\/100 tox|[from] ability: Poison Heal\n|upkeep\n|\n|t:|1700990980\n|switch|p2a: Scizor|Scizor, F|100\/100\n|-damage|p2a: Scizor|88\/100|[from] Stealth Rock\n|turn|17\n|\n|t:|1700990986\n|detailschange|p2a: Scizor|Scizor-Mega, F\n|-mega|p2a: Scizor|Scizor|Scizorite\n|move|p1a: NIGHTMARE|U-turn|p2a: Scizor\n|-resisted|p2a: Scizor\n|-damage|p2a: Scizor|82\/100\n|\n|t:|1700990996\n|switch|p1a: SALTEDCARAMEL|Garganacl, M, tera:Water|100\/100|[from] U-turn\n|-damage|p1a: SALTEDCARAMEL|88\/100|[from] Spikes\n|move|p2a: Scizor|Swords Dance|p2a: Scizor\n|-boost|p2a: Scizor|atk|2\n|\n|-heal|p1a: SALTEDCARAMEL|94\/100|[from] item: Leftovers\n|upkeep\n|turn|18\n|\n|t:|1700991006\n|move|p2a: Scizor|Swords Dance|p2a: Scizor\n|-boost|p2a: Scizor|atk|2\n|move|p1a: SALTEDCARAMEL|Iron Defense|p1a: SALTEDCARAMEL\n|-boost|p1a: SALTEDCARAMEL|def|2\n|\n|-heal|p1a: SALTEDCARAMEL|100\/100|[from] item: Leftovers\n|upkeep\n|turn|19\n|\n|t:|1700991015\n|move|p2a: Scizor|Dual Wingbeat|p1a: SALTEDCARAMEL\n|-damage|p1a: SALTEDCARAMEL|74\/100\n|-damage|p1a: SALTEDCARAMEL|49\/100\n|-hitcount|p1a: SALTEDCARAMEL|2\n|move|p1a: SALTEDCARAMEL|Iron Defense|p1a: SALTEDCARAMEL\n|-boost|p1a: SALTEDCARAMEL|def|2\n|\n|-heal|p1a: SALTEDCARAMEL|55\/100|[from] item: Leftovers\n|upkeep\n|turn|20\n|\n|t:|1700991025\n|move|p2a: Scizor|Dual Wingbeat|p1a: SALTEDCARAMEL\n|-damage|p1a: SALTEDCARAMEL|37\/100\n|-damage|p1a: SALTEDCARAMEL|19\/100\n|-hitcount|p1a: SALTEDCARAMEL|2\n|move|p1a: SALTEDCARAMEL|Recover|p1a: SALTEDCARAMEL\n|-heal|p1a: SALTEDCARAMEL|69\/100\n|\n|-heal|p1a: SALTEDCARAMEL|75\/100|[from] item: Leftovers\n|upkeep\n|turn|21\n|\n|t:|1700991035\n|move|p2a: Scizor|Swords Dance|p2a: Scizor\n|-boost|p2a: Scizor|atk|2\n|move|p1a: SALTEDCARAMEL|Salt Cure|p2a: Scizor\n|-damage|p2a: Scizor|71\/100\n|-start|p2a: Scizor|Salt Cure\n|\n|-heal|p1a: SALTEDCARAMEL|82\/100|[from] item: Leftovers\n|-damage|p2a: Scizor|46\/100|[from] Salt Cure\n|upkeep\n|turn|22\n|\n|t:|1700991045\n|move|p2a: Scizor|Dual Wingbeat|p1a: SALTEDCARAMEL\n|-damage|p1a: SALTEDCARAMEL|60\/100\n|-damage|p1a: SALTEDCARAMEL|39\/100\n|-hitcount|p1a: SALTEDCARAMEL|2\n|move|p1a: SALTEDCARAMEL|Recover|p1a: SALTEDCARAMEL\n|-heal|p1a: SALTEDCARAMEL|89\/100\n|\n|-heal|p1a: SALTEDCARAMEL|95\/100|[from] item: Leftovers\n|-damage|p2a: Scizor|21\/100|[from] Salt Cure\n|upkeep\n|turn|23\n|-message|beoneko111 forfeited.\n|\n|win|zeonteo\n|raw|zeonteo's rating: 1272 &rarr; <strong>1289<\/strong><br \/>(+17 for winning)\n|raw|beoneko111's rating: 1156 &rarr; <strong>1139<\/strong><br \/>(-17 for losing)\n|l|\u2606beoneko111\n","uploadtime":1700991067,"views":6,"p1id":"zeonteo","p2id":"beoneko111","formatid":"gen9nationaldex","rating":1139,"private":0,"password":""}