{"id":"gen9nationaldex-1995006997","p1":"Maxer59","p2":"gjallarhornitt","format":"[Gen 9] National Dex","log":"|html|<div class=\"broadcast-blue\"><strong>[Gen 9] National Dex is currently suspecting Sneasler! For information on how to participate check out the <a href=\"https:\/\/www.smogon.com\/forums\/threads\/sv-national-dex-suspect-8-just-dance.3731534\/\">suspect thread<\/a>.<\/strong><\/div>\n|j|\u2606Maxer59\n|j|\u2606gjallarhornitt\n|t:|1700512753\n|gametype|singles\n|player|p1|Maxer59|lucas|1243\n|player|p2|gjallarhornitt|1|1292\n|teamsize|p1|6\n|teamsize|p2|6\n|gen|9\n|tier|[Gen 9] National Dex\n|rated|\n|rule|HP Percentage Mod: HP is shown in percentages\n|rule|Endless Battle Clause: Forcing endless battles is banned\n|rule|OHKO Clause: OHKO moves are banned\n|rule|Evasion Clause: Evasion abilities, items, and moves are banned\n|rule|Evasion Abilities Clause: Evasion abilities are banned\n|rule|Evasion Items Clause: Evasion items are banned\n|rule|Evasion Moves Clause: Evasion moves are banned\n|rule|Species Clause: Limit one of each Pok\u00e9mon\n|rule|Sleep Clause Mod: Limit one foe put to sleep\n|clearpoke\n|poke|p1|Pikachu, F|\n|poke|p1|Kleavor, M|\n|poke|p1|Dragonite, F|\n|poke|p1|Gallade, M|\n|poke|p1|Crawdaunt, M|\n|poke|p1|Absol, F|\n|poke|p2|Lopunny, M|\n|poke|p2|Slowking-Galar, F|\n|poke|p2|Kyurem|\n|poke|p2|Zapdos|\n|poke|p2|Rillaboom, M|\n|poke|p2|Great Tusk|\n|teampreview\n|inactive|Battle timer is ON: inactive players will automatically lose when time's up. (requested by Maxer59)\n|\n|t:|1700512779\n|start\n|switch|p1a: Don't use ice|Dragonite, F|100\/100\n|switch|p2a: Lopunny|Lopunny, M|100\/100\n|turn|1\n|\n|t:|1700512786\n|switch|p1a: Fast rock|Kleavor, M|100\/100\n|detailschange|p2a: Lopunny|Lopunny-Mega, M\n|-mega|p2a: Lopunny|Lopunny|Lopunnite\n|move|p2a: Lopunny|Fake Out|p1a: Fast rock\n|-resisted|p1a: Fast rock\n|-damage|p1a: Fast rock|87\/100\n|\n|upkeep\n|turn|2\n|\n|t:|1700512811\n|move|p2a: Lopunny|U-turn|p1a: Fast rock\n|-damage|p1a: Fast rock|54\/100\n|\n|t:|1700512813\n|switch|p2a: Great Tusk|Great Tusk|100\/100|[from] U-turn\n|move|p1a: Fast rock|Stone Axe|p2a: Great Tusk|[miss]\n|-miss|p1a: Fast rock|p2a: Great Tusk\n|\n|upkeep\n|turn|3\n|\n|t:|1700512828\n|move|p1a: Fast rock|Stone Axe|p2a: Great Tusk\n|-resisted|p2a: Great Tusk\n|-damage|p2a: Great Tusk|91\/100\n|-sidestart|p2: gjallarhornitt|move: Stealth Rock\n|move|p2a: Great Tusk|Stealth Rock|p1a: Fast rock\n|-sidestart|p1: Maxer59|move: Stealth Rock\n|\n|upkeep\n|turn|4\n|\n|t:|1700512841\n|switch|p1a: Peak of evolution|Crawdaunt, M|100\/100\n|-damage|p1a: Peak of evolution|88\/100|[from] Stealth Rock\n|move|p2a: Great Tusk|Rapid Spin|p1a: Peak of evolution\n|-damage|p1a: Peak of evolution|63\/100\n|-boost|p2a: Great Tusk|spe|1\n|-sideend|p2: gjallarhornitt|Stealth Rock|[from] move: Rapid Spin|[of] p2a: Great Tusk\n|\n|upkeep\n|turn|5\n|\n|t:|1700512858\n|move|p2a: Great Tusk|Headlong Rush|p1a: Peak of evolution\n|-damage|p1a: Peak of evolution|0 fnt\n|-unboost|p2a: Great Tusk|def|1\n|-unboost|p2a: Great Tusk|spd|1\n|faint|p1a: Peak of evolution\n|\n|upkeep\n|\n|t:|1700512862\n|switch|p1a: PikaGOD|Pikachu, F|100\/100\n|-damage|p1a: PikaGOD|88\/100|[from] Stealth Rock\n|turn|6\n|\n|t:|1700512871\n|-terastallize|p1a: PikaGOD|Normal\n|move|p1a: PikaGOD|Fake Out|p2a: Great Tusk\n|-damage|p2a: Great Tusk|64\/100\n|cant|p2a: Great Tusk|flinch\n|\n|upkeep\n|turn|7\n|\n|t:|1700512879\n|-end|p2a: Great Tusk|Protosynthesis|[silent]\n|switch|p2a: Zapdos|Zapdos|100\/100\n|move|p1a: PikaGOD|Extreme Speed|p2a: Zapdos\n|-damage|p2a: Zapdos|65\/100\n|\n|upkeep\n|turn|8\n|\n|t:|1700512888\n|switch|p1a: Fast rock|Kleavor, M|54\/100\n|-damage|p1a: Fast rock|30\/100|[from] Stealth Rock\n|move|p2a: Zapdos|Roost|p2a: Zapdos\n|-heal|p2a: Zapdos|100\/100\n|-singleturn|p2a: Zapdos|move: Roost\n|\n|upkeep\n|turn|9\n|\n|t:|1700512898\n|move|p1a: Fast rock|Stone Axe|p2a: Zapdos\n|-supereffective|p2a: Zapdos\n|-damage|p2a: Zapdos|14\/100\n|-sidestart|p2: gjallarhornitt|move: Stealth Rock\n|move|p2a: Zapdos|Volt Switch|p1a: Fast rock\n|-crit|p1a: Fast rock\n|-damage|p1a: Fast rock|0 fnt\n|faint|p1a: Fast rock\n|\n|t:|1700512912\n|switch|p2a: Lopunny|Lopunny-Mega, M|100\/100|[from] Volt Switch\n|-damage|p2a: Lopunny|95\/100|[from] Stealth Rock\n|\n|upkeep\n|\n|t:|1700512918\n|switch|p1a: Don't use ice|Dragonite, F|100\/100\n|-damage|p1a: Don't use ice|76\/100|[from] Stealth Rock\n|turn|10\n|\n|t:|1700512923\n|move|p2a: Lopunny|Fake Out|p1a: Don't use ice\n|-damage|p1a: Don't use ice|57\/100\n|cant|p1a: Don't use ice|flinch\n|\n|upkeep\n|turn|11\n|\n|t:|1700512931\n|move|p1a: Don't use ice|Extreme Speed|p2a: Lopunny\n|-damage|p2a: Lopunny|54\/100\n|move|p2a: Lopunny|Return|p1a: Don't use ice\n|-damage|p1a: Don't use ice|1\/100\n|\n|upkeep\n|turn|12\n|\n|t:|1700512941\n|switch|p2a: Zapdos|Zapdos|14\/100\n|move|p1a: Don't use ice|Extreme Speed|p2a: Zapdos\n|-damage|p2a: Zapdos|0 fnt\n|faint|p2a: Zapdos\n|\n|upkeep\n|\n|t:|1700512951\n|switch|p2a: Rillaboom|Rillaboom, M|100\/100\n|-damage|p2a: Rillaboom|88\/100|[from] Stealth Rock\n|-fieldstart|move: Grassy Terrain|[from] ability: Grassy Surge|[of] p2a: Rillaboom\n|turn|13\n|\n|t:|1700512961\n|move|p1a: Don't use ice|Extreme Speed|p2a: Rillaboom\n|-damage|p2a: Rillaboom|60\/100\n|move|p2a: Rillaboom|Grassy Glide|p1a: Don't use ice\n|-resisted|p1a: Don't use ice\n|-damage|p1a: Don't use ice|0 fnt\n|faint|p1a: Don't use ice\n|\n|-heal|p2a: Rillaboom|66\/100|[from] Grassy Terrain\n|upkeep\n|\n|t:|1700512970\n|switch|p1a: PikaGOD|Pikachu, F, tera:Normal|88\/100\n|-damage|p1a: PikaGOD|76\/100|[from] Stealth Rock\n|turn|14\n|\n|t:|1700512976\n|move|p1a: PikaGOD|Fake Out|p2a: Rillaboom\n|-damage|p2a: Rillaboom|39\/100\n|cant|p2a: Rillaboom|flinch\n|\n|-heal|p1a: PikaGOD|82\/100|[from] Grassy Terrain\n|-heal|p2a: Rillaboom|46\/100|[from] Grassy Terrain\n|upkeep\n|turn|15\n|\n|t:|1700512987\n|move|p1a: PikaGOD|Extreme Speed|p2a: Rillaboom\n|-damage|p2a: Rillaboom|0 fnt\n|faint|p2a: Rillaboom\n|\n|-heal|p1a: PikaGOD|88\/100|[from] Grassy Terrain\n|upkeep\n|\n|t:|1700512997\n|switch|p2a: Great Tusk|Great Tusk|64\/100\n|-damage|p2a: Great Tusk|61\/100|[from] Stealth Rock\n|turn|16\n|\n|t:|1700513004\n|move|p1a: PikaGOD|Extreme Speed|p2a: Great Tusk\n|-damage|p2a: Great Tusk|21\/100\n|move|p2a: Great Tusk|Headlong Rush|p1a: PikaGOD\n|-damage|p1a: PikaGOD|0 fnt\n|-unboost|p2a: Great Tusk|def|1\n|-unboost|p2a: Great Tusk|spd|1\n|faint|p1a: PikaGOD\n|\n|-heal|p2a: Great Tusk|27\/100|[from] Grassy Terrain\n|upkeep\n|\n|t:|1700513015\n|switch|p1a: Excalibur is ZZZ|Gallade, M|100\/100\n|-damage|p1a: Excalibur is ZZZ|94\/100|[from] Stealth Rock\n|turn|17\n|\n|t:|1700513026\n|move|p1a: Excalibur is ZZZ|Psycho Cut|p2a: Great Tusk\n|-supereffective|p2a: Great Tusk\n|-damage|p2a: Great Tusk|0 fnt\n|faint|p2a: Great Tusk\n|-end|p2a: Great Tusk|Protosynthesis|[silent]\n|\n|-heal|p1a: Excalibur is ZZZ|100\/100|[from] Grassy Terrain\n|-fieldend|move: Grassy Terrain\n|upkeep\n|\n|t:|1700513031\n|switch|p2a: Slowking|Slowking-Galar, F|100\/100\n|turn|18\n|\n|t:|1700513039\n|move|p1a: Excalibur is ZZZ|Psycho Cut|p2a: Slowking\n|-crit|p2a: Slowking\n|-damage|p2a: Slowking|3\/100\n|move|p2a: Slowking|Future Sight|p1a: Excalibur is ZZZ\n|-start|p2a: Slowking|move: Future Sight\n|\n|upkeep\n|turn|19\n|\n|t:|1700513057\n|move|p1a: Excalibur is ZZZ|Psycho Cut|p2a: Slowking\n|-damage|p2a: Slowking|0 fnt\n|faint|p2a: Slowking\n|\n|upkeep\n|\n|t:|1700513060\n|switch|p2a: Lopunny|Lopunny-Mega, M|54\/100\n|-damage|p2a: Lopunny|48\/100|[from] Stealth Rock\n|turn|20\n|\n|t:|1700513065\n|switch|p1a: Emo|Absol, F|100\/100\n|-damage|p1a: Emo|88\/100|[from] Stealth Rock\n|move|p2a: Lopunny|Fake Out|p1a: Emo\n|-damage|p1a: Emo|45\/100\n|\n|-end|p1a: Emo|move: Future Sight\n|-immune|p1a: Emo\n|upkeep\n|turn|21\n|\n|t:|1700513079\n|detailschange|p1a: Emo|Absol-Mega, F\n|-mega|p1a: Emo|Absol|Absolite\n|move|p1a: Emo|Sucker Punch|p2a: Lopunny\n|-resisted|p2a: Lopunny\n|-crit|p2a: Lopunny\n|-damage|p2a: Lopunny|4\/100\n|move|p2a: Lopunny|U-turn|p1a: Emo\n|-supereffective|p1a: Emo\n|-damage|p1a: Emo|0 fnt\n|faint|p1a: Emo\n|\n|t:|1700513085\n|switch|p2a: Kyurem|Kyurem|100\/100|[from] U-turn\n|-damage|p2a: Kyurem|76\/100|[from] Stealth Rock\n|-ability|p2a: Kyurem|Pressure\n|\n|upkeep\n|\n|t:|1700513090\n|switch|p1a: Excalibur is ZZZ|Gallade, M|100\/100\n|-damage|p1a: Excalibur is ZZZ|94\/100|[from] Stealth Rock\n|turn|22\n|\n|t:|1700513106\n|move|p1a: Excalibur is ZZZ|Sacred Sword|p2a: Kyurem\n|-supereffective|p2a: Kyurem\n|-damage|p2a: Kyurem|0 fnt\n|faint|p2a: Kyurem\n|\n|upkeep\n|\n|t:|1700513112\n|switch|p2a: Lopunny|Lopunny-Mega, M|4\/100\n|-damage|p2a: Lopunny|0 fnt|[from] Stealth Rock\n|faint|p2a: Lopunny\n|\n|win|Maxer59\n|raw|Maxer59's rating: 1243 &rarr; <strong>1272<\/strong><br \/>(+29 for winning)\n|raw|gjallarhornitt's rating: 1292 &rarr; <strong>1263<\/strong><br \/>(-29 for losing)\n|c|\u2606gjallarhornitt|how\u2019d i lose to that\n|c|\u2606gjallarhornitt|crazy\n|l|\u2606gjallarhornitt\n","uploadtime":1700513135,"views":3,"p1id":"maxer59","p2id":"gjallarhornitt","formatid":"gen9nationaldex","rating":1263,"private":0,"password":""}