{"id":"gen9nationaldex-1998316912","p1":"IsaacMcMemer","p2":"liado","format":"[Gen 9] National Dex","log":"|html|<div class=\"broadcast-blue\"><strong>[Gen 9] National Dex is currently suspecting Sneasler! For information on how to participate check out the <a href=\"https:\/\/www.smogon.com\/forums\/threads\/sv-national-dex-suspect-8-just-dance.3731534\/\">suspect thread<\/a>.<\/strong><\/div>\n|j|\u2606IsaacMcMemer\n|j|\u2606liado\n|t:|1700928647\n|gametype|singles\n|player|p1|IsaacMcMemer|palmer|1482\n|player|p2|liado|265|1469\n|teamsize|p1|6\n|teamsize|p2|6\n|gen|9\n|tier|[Gen 9] National Dex\n|rated|\n|rule|HP Percentage Mod: HP is shown in percentages\n|rule|Endless Battle Clause: Forcing endless battles is banned\n|rule|OHKO Clause: OHKO moves are banned\n|rule|Evasion Clause: Evasion abilities, items, and moves are banned\n|rule|Evasion Abilities Clause: Evasion abilities are banned\n|rule|Evasion Items Clause: Evasion items are banned\n|rule|Evasion Moves Clause: Evasion moves are banned\n|rule|Species Clause: Limit one of each Pok\u00e9mon\n|rule|Sleep Clause Mod: Limit one foe put to sleep\n|clearpoke\n|poke|p1|Banette, F|\n|poke|p1|Toxicroak, M|\n|poke|p1|Garchomp, F|\n|poke|p1|Nihilego|\n|poke|p1|Iron Treads|\n|poke|p1|Sinistcha-Masterpiece|\n|poke|p2|Sharpedo, M|\n|poke|p2|Ditto|\n|poke|p2|Victini|\n|poke|p2|Moltres|\n|poke|p2|Blaziken, M|\n|poke|p2|Dragonite, M|\n|teampreview\n|inactive|Battle timer is ON: inactive players will automatically lose when time's up. (requested by liado)\n|\n|t:|1700928659\n|start\n|switch|p1a: Nihilego|Nihilego|100\/100\n|switch|p2a: Victini|Victini|100\/100\n|turn|1\n|\n|t:|1700928665\n|switch|p2a: Ditto|Ditto, shiny|100\/100\n|-transform|p2a: Ditto|p1a: Nihilego|[from] ability: Imposter\n|move|p1a: Nihilego|Power Gem|p2a: Ditto\n|-damage|p2a: Ditto|56\/100\n|\n|upkeep\n|turn|2\n|\n|t:|1700928681\n|move|p2a: Ditto|Sludge Wave|p1a: Nihilego\n|-resisted|p1a: Nihilego\n|-damage|p1a: Nihilego|91\/100\n|move|p1a: Nihilego|Power Gem|p2a: Ditto\n|-damage|p2a: Ditto|5\/100\n|\n|upkeep\n|turn|3\n|\n|t:|1700928695\n|move|p1a: Nihilego|Power Gem|p2a: Ditto\n|-damage|p2a: Ditto|0 fnt\n|faint|p2a: Ditto\n|-ability|p1a: Nihilego|Beast Boost|boost\n|-boost|p1a: Nihilego|spa|1\n|\n|upkeep\n|\n|t:|1700928700\n|switch|p2a: Sharpedo|Sharpedo, M|100\/100\n|turn|4\n|\n|t:|1700928704\n|move|p2a: Sharpedo|Protect|p2a: Sharpedo\n|-singleturn|p2a: Sharpedo|Protect\n|move|p1a: Nihilego|Power Gem|p2a: Sharpedo\n|-activate|p2a: Sharpedo|move: Protect\n|\n|-ability|p2a: Sharpedo|Speed Boost|boost\n|-boost|p2a: Sharpedo|spe|1\n|upkeep\n|turn|5\n|\n|t:|1700928709\n|detailschange|p2a: Sharpedo|Sharpedo-Mega, M\n|-mega|p2a: Sharpedo|Sharpedo|Sharpedonite\n|-terastallize|p1a: Nihilego|Grass\n|move|p1a: Nihilego|Power Gem|p2a: Sharpedo\n|-damage|p2a: Sharpedo|0 fnt\n|faint|p2a: Sharpedo\n|-ability|p1a: Nihilego|Beast Boost|boost\n|-boost|p1a: Nihilego|spa|1\n|\n|upkeep\n|\n|t:|1700928721\n|switch|p2a: Dragonite|Dragonite, M|100\/100\n|turn|6\n|\n|t:|1700928728\n|move|p1a: Nihilego|Power Gem|p2a: Dragonite\n|-supereffective|p2a: Dragonite\n|-damage|p2a: Dragonite|22\/100\n|move|p2a: Dragonite|Earthquake|p1a: Nihilego\n|-resisted|p1a: Nihilego\n|-damage|p1a: Nihilego|57\/100\n|\n|upkeep\n|turn|7\n|\n|t:|1700928733\n|move|p2a: Dragonite|Extreme Speed|p1a: Nihilego\n|-damage|p1a: Nihilego|3\/100\n|move|p1a: Nihilego|Power Gem|p2a: Dragonite\n|-supereffective|p2a: Dragonite\n|-damage|p2a: Dragonite|0 fnt\n|faint|p2a: Dragonite\n|-ability|p1a: Nihilego|Beast Boost|boost\n|-boost|p1a: Nihilego|spa|1\n|\n|upkeep\n|\n|t:|1700928738\n|switch|p2a: Blaziken|Blaziken, M|100\/100\n|turn|8\n|\n|t:|1700928742\n|move|p2a: Blaziken|Protect|p2a: Blaziken\n|-singleturn|p2a: Blaziken|Protect\n|move|p1a: Nihilego|Power Gem|p2a: Blaziken\n|-activate|p2a: Blaziken|move: Protect\n|\n|-ability|p2a: Blaziken|Speed Boost|boost\n|-boost|p2a: Blaziken|spe|1\n|upkeep\n|turn|9\n|\n|t:|1700928752\n|move|p1a: Nihilego|Power Gem|p2a: Blaziken\n|-damage|p2a: Blaziken|0 fnt\n|faint|p2a: Blaziken\n|-ability|p1a: Nihilego|Beast Boost|boost\n|-boost|p1a: Nihilego|spa|1\n|\n|upkeep\n|-message|liado forfeited.\n|\n|win|IsaacMcMemer\n|raw|IsaacMcMemer's rating: 1482 &rarr; <strong>1501<\/strong><br \/>(+19 for winning)\n|raw|liado's rating: 1469 &rarr; <strong>1450<\/strong><br \/>(-19 for losing)\n|l|\u2606liado\n","uploadtime":1700928786,"views":2,"p1id":"isaacmcmemer","p2id":"liado","formatid":"gen9nationaldex","rating":1450,"private":0,"password":""}