{"id":"gen9nationaldex-1987876428","p1":"DeadComedy","p2":"Masorad","format":"[Gen 9] National Dex","log":"|j|\u2606DeadComedy\n|j|\u2606Masorad\n|t:|1699645017\n|gametype|singles\n|player|p1|DeadComedy|alder|1190\n|player|p2|Masorad|hugh|1159\n|teamsize|p1|6\n|teamsize|p2|6\n|gen|9\n|tier|[Gen 9] National Dex\n|rated|\n|rule|HP Percentage Mod: HP is shown in percentages\n|rule|Endless Battle Clause: Forcing endless battles is banned\n|rule|OHKO Clause: OHKO moves are banned\n|rule|Evasion Clause: Evasion abilities, items, and moves are banned\n|rule|Evasion Abilities Clause: Evasion abilities are banned\n|rule|Evasion Items Clause: Evasion items are banned\n|rule|Evasion Moves Clause: Evasion moves are banned\n|rule|Species Clause: Limit one of each Pok\u00e9mon\n|rule|Sleep Clause Mod: Limit one foe put to sleep\n|clearpoke\n|poke|p1|Delphox, F|\n|poke|p1|Aegislash, M|\n|poke|p1|Pangoro, M|\n|poke|p1|Noivern, F|\n|poke|p1|Trevenant, M|\n|poke|p1|Dragalge, M|\n|poke|p2|Hoopa|\n|poke|p2|Sableye, F|\n|poke|p2|Garchomp, M|\n|poke|p2|Swellow, M|\n|poke|p2|Volcarona, F|\n|poke|p2|Registeel|\n|teampreview\n|\n|t:|1699645026\n|start\n|switch|p1a: Po|Pangoro, M|100\/100\n|switch|p2a: Greta|Hoopa|100\/100\n|turn|1\n|\n|t:|1699645032\n|move|p2a: Greta|Trick|p1a: Po\n|-activate|p2a: Greta|move: Trick|[of] p1a: Po\n|-item|p1a: Po|Choice Scarf|[from] move: Trick\n|-item|p2a: Greta|Choice Band|[from] move: Trick\n|move|p1a: Po|Knock Off|p2a: Greta\n|-supereffective|p2a: Greta\n|-damage|p2a: Greta|0 fnt\n|-enditem|p2a: Greta|Choice Band|[from] move: Knock Off|[of] p1a: Po\n|faint|p2a: Greta\n|\n|upkeep\n|\n|t:|1699645042\n|switch|p2a: Otto|Garchomp, M|100\/100\n|turn|2\n|\n|t:|1699645046\n|move|p2a: Otto|Scale Shot|p1a: Po\n|-damage|p1a: Po|87\/100\n|-damage|p1a: Po|73\/100\n|-damage|p1a: Po|61\/100\n|-damage|p1a: Po|49\/100\n|-damage|p1a: Po|36\/100\n|-hitcount|p1a: Po|5\n|-unboost|p2a: Otto|def|1\n|-boost|p2a: Otto|spe|1\n|-enditem|p2a: Otto|White Herb\n|-clearnegativeboost|p2a: Otto|[silent]\n|move|p1a: Po|Knock Off|p2a: Otto\n|-damage|p2a: Otto|70\/100\n|-damage|p1a: Po|24\/100|[from] ability: Rough Skin|[of] p2a: Otto\n|\n|upkeep\n|turn|3\n|\n|t:|1699645073\n|switch|p1a: Hylian|Aegislash, M|100\/100\n|move|p2a: Otto|Swords Dance|p2a: Otto\n|-boost|p2a: Otto|atk|2\n|\n|upkeep\n|turn|4\n|\n|t:|1699645079\n|move|p2a: Otto|Earthquake|p1a: Hylian\n|-supereffective|p1a: Hylian\n|-damage|p1a: Hylian|0 fnt\n|faint|p1a: Hylian\n|\n|upkeep\n|\n|t:|1699645087\n|switch|p1a: Deadwood|Trevenant, M|100\/100\n|turn|5\n|\n|t:|1699645098\n|switch|p2a: Helgo|Swellow, M|100\/100\n|move|p1a: Deadwood|Will-O-Wisp|p2a: Helgo\n|-status|p2a: Helgo|brn\n|\n|-damage|p2a: Helgo|94\/100 brn|[from] brn\n|upkeep\n|turn|6\n|\n|t:|1699645107\n|move|p1a: Deadwood|Protect|p1a: Deadwood\n|-singleturn|p1a: Deadwood|Protect\n|move|p2a: Helgo|Brave Bird|p1a: Deadwood\n|-activate|p1a: Deadwood|move: Protect\n|\n|-damage|p2a: Helgo|88\/100 brn|[from] brn\n|upkeep\n|turn|7\n|\n|t:|1699645121\n|move|p2a: Helgo|Brave Bird|p1a: Deadwood\n|-supereffective|p1a: Deadwood\n|-damage|p1a: Deadwood|0 fnt\n|faint|p1a: Deadwood\n|-damage|p2a: Helgo|41\/100 brn|[from] Recoil\n|\n|-damage|p2a: Helgo|35\/100 brn|[from] brn\n|upkeep\n|\n|t:|1699645130\n|switch|p1a: Wayne|Noivern, F|100\/100\n|-item|p2a: Helgo|Flame Orb|[from] ability: Frisk|[of] p1a: Wayne|[identify]\n|turn|8\n|\n|t:|1699645136\n|move|p2a: Helgo|Facade|p1a: Wayne\n|-damage|p1a: Wayne|0 fnt\n|faint|p1a: Wayne\n|\n|-damage|p2a: Helgo|29\/100 brn|[from] brn\n|upkeep\n|\n|t:|1699645149\n|switch|p1a: Coral|Dragalge, M|100\/100\n|turn|9\n|\n|t:|1699645158\n|-terastallize|p2a: Helgo|Normal\n|move|p2a: Helgo|Facade|p1a: Coral\n|-damage|p1a: Coral|0 fnt\n|faint|p1a: Coral\n|\n|-damage|p2a: Helgo|23\/100 brn|[from] brn\n|upkeep\n|\n|t:|1699645168\n|switch|p1a: Vascylia|Delphox, F, shiny|100\/100\n|turn|10\n|\n|t:|1699645172\n|move|p2a: Helgo|Facade|p1a: Vascylia\n|-damage|p1a: Vascylia|0 fnt\n|faint|p1a: Vascylia\n|\n|-damage|p2a: Helgo|17\/100 brn|[from] brn\n|upkeep\n|\n|t:|1699645178\n|switch|p1a: Po|Pangoro, M|24\/100\n|turn|11\n|\n|t:|1699645185\n|move|p2a: Helgo|Quick Attack|p1a: Po\n|-damage|p1a: Po|0 fnt\n|faint|p1a: Po\n|\n|win|Masorad\n|raw|DeadComedy's rating: 1190 &rarr; <strong>1163<\/strong><br \/>(-27 for losing)\n|raw|Masorad's rating: 1159 &rarr; <strong>1186<\/strong><br \/>(+27 for winning)\n","uploadtime":1699645189,"views":15,"p1id":"deadcomedy","p2id":"masorad","formatid":"gen9nationaldex","rating":1163,"private":0,"password":""}