{"id":"gen9nationaldex-1988972092","p1":"YaBoiCrim","p2":"TexanFarmersMarket","format":"[Gen 9] National Dex","log":"|j|\u2606YaBoiCrim\n|j|\u2606TexanFarmersMarket\n|t:|1699796629\n|gametype|singles\n|player|p1|YaBoiCrim|riley|\n|player|p2|TexanFarmersMarket|bellepa|\n|teamsize|p1|6\n|teamsize|p2|6\n|gen|9\n|tier|[Gen 9] National Dex\n|rule|HP Percentage Mod: HP is shown in percentages\n|rule|Endless Battle Clause: Forcing endless battles is banned\n|rule|OHKO Clause: OHKO moves are banned\n|rule|Evasion Clause: Evasion abilities, items, and moves are banned\n|rule|Evasion Abilities Clause: Evasion abilities are banned\n|rule|Evasion Items Clause: Evasion items are banned\n|rule|Evasion Moves Clause: Evasion moves are banned\n|rule|Species Clause: Limit one of each Pok\u00e9mon\n|rule|Sleep Clause Mod: Limit one foe put to sleep\n|clearpoke\n|poke|p1|Sableye, M|\n|poke|p1|Froslass, F|\n|poke|p1|Oricorio-Sensu, F|\n|poke|p1|Gengar, M|\n|poke|p1|Zoroark-Hisui, M|\n|poke|p1|Banette, F|\n|poke|p2|Ursaluna, F|\n|poke|p2|Noivern, F|\n|poke|p2|Hitmontop, M|\n|poke|p2|Mimikyu, F|\n|poke|p2|Aggron, F|\n|poke|p2|Lopunny, F|\n|teampreview\n|inactive|Battle timer is ON: inactive players will automatically lose when time's up. (requested by TexanFarmersMarket)\n|j| AdvilPills\n|c| AdvilPills|hii\n|c|\u2606TexanFarmersMarket|glhf\n|c|\u2606TexanFarmersMarket|hi\n|c|\u2606YaBoiCrim|gl hf\n|c|\u2606YaBoiCrim|sup\n|\n|t:|1699796655\n|start\n|switch|p1a: Froslass|Froslass, F|100\/100\n|switch|p2a: Breakdancer|Hitmontop, M|100\/100\n|turn|1\n|\n|t:|1699796665\n|move|p2a: Breakdancer|Bullet Punch|p1a: Froslass\n|-supereffective|p1a: Froslass\n|-damage|p1a: Froslass|23\/100\n|-start|p2a: Breakdancer|Disable|Bullet Punch|[from] ability: Cursed Body|[of] p1a: Froslass\n|move|p1a: Froslass|Taunt|p2a: Breakdancer\n|-start|p2a: Breakdancer|move: Taunt\n|\n|upkeep\n|turn|2\n|c|\u2606TexanFarmersMarket|aw shucks\n|\n|t:|1699796677\n|switch|p2a: Not Pikachu|Mimikyu, F|100\/100\n|move|p1a: Froslass|Destiny Bond|p1a: Froslass\n|-singlemove|p1a: Froslass|Destiny Bond\n|\n|upkeep\n|turn|3\n|\n|t:|1699796683\n|move|p1a: Froslass|Taunt|p2a: Not Pikachu\n|-start|p2a: Not Pikachu|move: Taunt\n|cant|p2a: Not Pikachu|move: Taunt|Swords Dance\n|\n|upkeep\n|turn|4\n|\n|t:|1699796686\n|move|p2a: Not Pikachu|Shadow Sneak|p1a: Froslass\n|-supereffective|p1a: Froslass\n|-damage|p1a: Froslass|0 fnt\n|faint|p1a: Froslass\n|\n|upkeep\n|\n|t:|1699796698\n|switch|p1a: Banette|Banette, F, shiny|100\/100\n|-item|p2a: Not Pikachu|Mimikium Z|[from] ability: Frisk|[of] p1a: Banette|[identify]\n|turn|5\n|\n|t:|1699796702\n|detailschange|p1a: Banette|Banette-Mega, F, shiny\n|-mega|p1a: Banette|Banette|Banettite\n|move|p1a: Banette|Shadow Sneak|p2a: Not Pikachu\n|-activate|p2a: Not Pikachu|ability: Disguise\n|-damage|p2a: Not Pikachu|100\/100\n|detailschange|p2a: Not Pikachu|Mimikyu-Busted, F\n|-damage|p2a: Not Pikachu|88\/100|[from] pokemon: Mimikyu-Busted\n|move|p2a: Not Pikachu|Shadow Claw|p1a: Banette\n|-supereffective|p1a: Banette\n|-damage|p1a: Banette|28\/100\n|\n|-end|p2a: Not Pikachu|move: Taunt\n|upkeep\n|turn|6\n|\n|t:|1699796711\n|move|p2a: Not Pikachu|Shadow Sneak|p1a: Banette\n|-supereffective|p1a: Banette\n|-damage|p1a: Banette|0 fnt\n|faint|p1a: Banette\n|\n|upkeep\n|\n|t:|1699796716\n|switch|p1a: Gengar|Gengar, M, shiny|100\/100\n|turn|7\n|\n|t:|1699796720\n|move|p1a: Gengar|Shadow Ball|p2a: Not Pikachu\n|-supereffective|p2a: Not Pikachu\n|-damage|p2a: Not Pikachu|0 fnt\n|faint|p2a: Not Pikachu\n|\n|upkeep\n|c| AdvilPills|Did you click destiny bond trim, or shadow sneak?\n|\n|t:|1699796727\n|switch|p2a: Not Ursaring|Ursaluna, F|100\/100\n|turn|8\n|\n|t:|1699796743\n|replace|p1a: Zoroark|Zoroark-Hisui, M, shiny\n|-end|p1a: Zoroark|Illusion\n|-zpower|p1a: Zoroark\n|move|p1a: Zoroark|Breakneck Blitz|p2a: Not Ursaring|[zeffect]\n|-damage|p2a: Not Ursaring|28\/100\n|move|p2a: Not Ursaring|Smack Down|p1a: Zoroark\n|-damage|p1a: Zoroark|55\/100\n|\n|-status|p2a: Not Ursaring|brn|[from] item: Flame Orb\n|upkeep\n|turn|9\n|\n|t:|1699796753\n|move|p1a: Zoroark|Flamethrower|p2a: Not Ursaring\n|-damage|p2a: Not Ursaring|2\/100 brn\n|move|p2a: Not Ursaring|Facade|p1a: Zoroark\n|-immune|p1a: Zoroark\n|\n|-damage|p2a: Not Ursaring|0 fnt|[from] brn\n|faint|p2a: Not Ursaring\n|upkeep\n|c| AdvilPills|smack down?\n|c|\u2606TexanFarmersMarket|thought u would switch to oricorio or som sh lmao\n|\n|t:|1699796762\n|switch|p2a: Breakdancer|Hitmontop, M|100\/100\n|turn|10\n|c|\u2606TexanFarmersMarket|ok breakdancer\n|c|\u2606YaBoiCrim|oricorio is a sweeper\n|c|\u2606YaBoiCrim|u wouldnt switch into it\n|c|\u2606TexanFarmersMarket|dude got destroyed by anime po\n|\n|t:|1699796784\n|switch|p1a: Sableye|Sableye, M, shiny|100\/100\n|move|p2a: Breakdancer|Triple Axel|p1a: Sableye\n|-damage|p1a: Sableye|90\/100\n|-hitcount|p1a: Sableye|1\n|\n|upkeep\n|turn|11\n|c|\u2606TexanFarmersMarket|1\n|c|\u2606TexanFarmersMarket|:(\n|\n|t:|1699796796\n|move|p1a: Sableye|Will-O-Wisp|p2a: Breakdancer\n|-status|p2a: Breakdancer|brn\n|move|p2a: Breakdancer|Triple Axel|p1a: Sableye\n|-damage|p1a: Sableye|84\/100\n|-damage|p1a: Sableye|72\/100\n|-hitcount|p1a: Sableye|2\n|\n|-damage|p2a: Breakdancer|95\/100 brn|[from] brn\n|upkeep\n|turn|12\n|c|\u2606TexanFarmersMarket|2\n|c| AdvilPills|Willo def smart there\n|\n|t:|1699796814\n|switch|p1a: Gengar|Gengar, M, shiny|100\/100\n|move|p2a: Breakdancer|Triple Axel|p1a: Gengar\n|-damage|p1a: Gengar|91\/100\n|-damage|p1a: Gengar|74\/100\n|-start|p2a: Breakdancer|Disable|Triple Axel|[from] ability: Cursed Body|[of] p1a: Gengar\n|-damage|p1a: Gengar|46\/100\n|-hitcount|p1a: Gengar|3\n|\n|-damage|p2a: Breakdancer|89\/100 brn|[from] brn\n|upkeep\n|turn|13\n|c|\u2606TexanFarmersMarket|omg it actually hit 3 times\n|\n|t:|1699796831\n|switch|p2a: Contact Only|Aggron, F|100\/100\n|-terastallize|p1a: Gengar|Ghost\n|move|p1a: Gengar|Shadow Ball|p2a: Contact Only\n|-damage|p2a: Contact Only|45\/100\n|\n|upkeep\n|turn|14\n|\n|t:|1699796838\n|move|p1a: Gengar|Shadow Ball|p2a: Contact Only\n|-damage|p2a: Contact Only|0 fnt\n|faint|p2a: Contact Only\n|\n|upkeep\n|\n|t:|1699796843\n|switch|p2a: Gamefreak What|Lopunny, F|100\/100\n|turn|15\n|\n|t:|1699796847\n|switch|p1a: Sableye|Sableye, M, shiny|72\/100\n|detailschange|p2a: Gamefreak What|Lopunny-Mega, F\n|-mega|p2a: Gamefreak What|Lopunny|Lopunnite\n|move|p2a: Gamefreak What|Fake Out|p1a: Sableye\n|-damage|p1a: Sableye|45\/100\n|\n|upkeep\n|turn|16\n|\n|t:|1699796852\n|switch|p2a: Breakdancer|Hitmontop, M|89\/100 brn\n|move|p1a: Sableye|Recover|p1a: Sableye\n|-heal|p1a: Sableye|96\/100\n|\n|-damage|p2a: Breakdancer|83\/100 brn|[from] brn\n|upkeep\n|turn|17\n|c| AdvilPills|ooh recover\n|\n|t:|1699796868\n|switch|p1a: Gengar|Gengar, M, shiny|55\/100\n|move|p2a: Breakdancer|Triple Axel|p1a: Gengar\n|-damage|p1a: Gengar|46\/100\n|replace|p1a: Zoroark|Zoroark-Hisui, M, shiny\n|-end|p1a: Zoroark|Illusion\n|-damage|p1a: Zoroark|26\/100\n|-damage|p1a: Zoroark|0 fnt\n|faint|p1a: Zoroark\n|-hitcount|p1: Zoroark|3\n|\n|-damage|p2a: Breakdancer|77\/100 brn|[from] brn\n|upkeep\n|\n|t:|1699796874\n|switch|p1a: Gengar|Gengar, M, shiny, tera:Ghost|46\/100\n|turn|18\n|\n|t:|1699796881\n|move|p1a: Gengar|Shadow Ball|p2a: Breakdancer\n|-damage|p2a: Breakdancer|24\/100 brn\n|move|p2a: Breakdancer|Triple Axel|p1a: Gengar\n|-damage|p1a: Gengar|38\/100\n|-damage|p1a: Gengar|21\/100\n|-damage|p1a: Gengar|0 fnt\n|faint|p1a: Gengar\n|-hitcount|p1: Gengar|3\n|\n|-damage|p2a: Breakdancer|18\/100 brn|[from] brn\n|upkeep\n|\n|t:|1699796884\n|switch|p1a: Oricorio|Oricorio-Sensu, F, shiny|100\/100\n|turn|19\n|\n|t:|1699796894\n|move|p1a: Oricorio|Quiver Dance|p1a: Oricorio\n|-boost|p1a: Oricorio|spa|1\n|-boost|p1a: Oricorio|spd|1\n|-boost|p1a: Oricorio|spe|1\n|move|p2a: Breakdancer|Triple Axel|p1a: Oricorio\n|-supereffective|p1a: Oricorio\n|-damage|p1a: Oricorio|82\/100\n|-supereffective|p1a: Oricorio\n|-damage|p1a: Oricorio|44\/100\n|-supereffective|p1a: Oricorio\n|-damage|p1a: Oricorio|0 fnt\n|faint|p1a: Oricorio\n|-hitcount|p1: Oricorio|3\n|\n|-damage|p2a: Breakdancer|12\/100 brn|[from] brn\n|upkeep\n|c| AdvilPills|triple axel gonna do a lot\n|c|\u2606YaBoiCrim|nah bro\n|c| AdvilPills|yup\n|c|\u2606YaBoiCrim|r u serious\n|c|\u2606TexanFarmersMarket|tabletop\n|c|\u2606YaBoiCrim|how many 3 hits u gon get\n|\n|t:|1699796914\n|switch|p1a: Sableye|Sableye, M, shiny|96\/100\n|turn|20\n|\n|t:|1699796916\n|move|p1a: Sableye|Encore|p2a: Breakdancer\n|-start|p2a: Breakdancer|Encore\n|move|p2a: Breakdancer|Triple Axel|p1a: Sableye\n|-damage|p1a: Sableye|90\/100\n|-damage|p1a: Sableye|79\/100\n|-damage|p1a: Sableye|63\/100\n|-hitcount|p1a: Sableye|3\n|\n|-damage|p2a: Breakdancer|6\/100 brn|[from] brn\n|upkeep\n|turn|21\n|\n|t:|1699796922\n|move|p1a: Sableye|Recover|p1a: Sableye\n|-heal|p1a: Sableye|100\/100\n|move|p2a: Breakdancer|Triple Axel|p1a: Sableye\n|-damage|p1a: Sableye|96\/100\n|-damage|p1a: Sableye|84\/100\n|-damage|p1a: Sableye|67\/100\n|-hitcount|p1a: Sableye|3\n|\n|-damage|p2a: Breakdancer|0 fnt|[from] brn\n|faint|p2a: Breakdancer\n|upkeep\n|\n|t:|1699796925\n|switch|p2a: Gamefreak What|Lopunny-Mega, F|100\/100\n|turn|22\n|c|\u2606TexanFarmersMarket|ok bru\n|\n|t:|1699796929\n|move|p2a: Gamefreak What|Fake Out|p1a: Sableye\n|-damage|p1a: Sableye|41\/100\n|cant|p1a: Sableye|flinch\n|\n|upkeep\n|turn|23\n|c| AdvilPills|I swear this sabeleye better have an attacking move\n|\n|t:|1699796932\n|move|p1a: Sableye|Will-O-Wisp|p2a: Gamefreak What\n|-status|p2a: Gamefreak What|brn\n|move|p2a: Gamefreak What|High Jump Kick|p1a: Sableye\n|-supereffective|p1a: Sableye\n|-damage|p1a: Sableye|0 fnt\n|faint|p1a: Sableye\n|\n|win|TexanFarmersMarket\n|c|\u2606YaBoiCrim|ya im ending it\n|c|\u2606YaBoiCrim|gg\n","uploadtime":1699796942,"views":12,"p1id":"yaboicrim","p2id":"texanfarmersmarket","formatid":"gen9nationaldex","rating":0,"private":0,"password":""}