{"id":"gen9nationaldex-1988913159","p1":"chuntaro-kun","p2":"sgsegesgeah","format":"[Gen 9] National Dex","log":"|j|\u2606chuntaro-kun\n|j|\u2606sgsegesgeah\n|t:|1699786576\n|gametype|singles\n|player|p1|chuntaro-kun|carmine-festival|1316\n|player|p2|sgsegesgeah|roark|1351\n|teamsize|p1|6\n|teamsize|p2|6\n|gen|9\n|tier|[Gen 9] National Dex\n|rated|\n|rule|HP Percentage Mod: HP is shown in percentages\n|rule|Endless Battle Clause: Forcing endless battles is banned\n|rule|OHKO Clause: OHKO moves are banned\n|rule|Evasion Clause: Evasion abilities, items, and moves are banned\n|rule|Evasion Abilities Clause: Evasion abilities are banned\n|rule|Evasion Items Clause: Evasion items are banned\n|rule|Evasion Moves Clause: Evasion moves are banned\n|rule|Species Clause: Limit one of each Pok\u00e9mon\n|rule|Sleep Clause Mod: Limit one foe put to sleep\n|clearpoke\n|poke|p1|Toxapex, M|\n|poke|p1|Dondozo, F|\n|poke|p1|Lanturn, F|\n|poke|p1|Urshifu-*, M|\n|poke|p1|Gastrodon, F|\n|poke|p1|Alomomola, M|\n|poke|p2|Tyranitar, F|\n|poke|p2|Garganacl, M|\n|poke|p2|Aggron, F|\n|poke|p2|Cradily, M|\n|poke|p2|Glimmora, M|\n|poke|p2|Solrock|\n|teampreview\n|inactive|Battle timer is ON: inactive players will automatically lose when time's up. (requested by chuntaro-kun)\n|\n|t:|1699786587\n|start\n|switch|p1a: Gastrodon|Gastrodon, F|100\/100\n|switch|p2a: Garganacl|Garganacl, M|100\/100\n|turn|1\n|\n|t:|1699786592\n|-terastallize|p2a: Garganacl|Ghost\n|move|p1a: Gastrodon|Scald|p2a: Garganacl\n|-damage|p2a: Garganacl|83\/100\n|-enditem|p2a: Garganacl|Maranga Berry|[eat]\n|-boost|p2a: Garganacl|spd|1|[from] item: Maranga Berry\n|move|p2a: Garganacl|Salt Cure|p1a: Gastrodon\n|-resisted|p1a: Gastrodon\n|-damage|p1a: Gastrodon|96\/100\n|-start|p1a: Gastrodon|Salt Cure\n|\n|-damage|p1a: Gastrodon|71\/100|[from] Salt Cure\n|upkeep\n|turn|2\n|\n|t:|1699786595\n|move|p1a: Gastrodon|Scald|p2a: Garganacl\n|-damage|p2a: Garganacl|71\/100\n|move|p2a: Garganacl|Iron Defense|p2a: Garganacl\n|-boost|p2a: Garganacl|def|2\n|\n|-damage|p1a: Gastrodon|46\/100|[from] Salt Cure\n|upkeep\n|turn|3\n|\n|t:|1699786597\n|move|p1a: Gastrodon|Stealth Rock|p2a: Garganacl\n|-sidestart|p2: sgsegesgeah|move: Stealth Rock\n|move|p2a: Garganacl|Iron Defense|p2a: Garganacl\n|-boost|p2a: Garganacl|def|2\n|\n|-damage|p1a: Gastrodon|21\/100|[from] Salt Cure\n|upkeep\n|turn|4\n|\n|t:|1699786601\n|move|p1a: Gastrodon|Recover|p1a: Gastrodon\n|-heal|p1a: Gastrodon|71\/100\n|move|p2a: Garganacl|Recover|p2a: Garganacl\n|-heal|p2a: Garganacl|100\/100\n|\n|-damage|p1a: Gastrodon|46\/100|[from] Salt Cure\n|upkeep\n|turn|5\n|\n|t:|1699786609\n|switch|p1a: Dondozo|Dondozo, F|100\/100\n|move|p2a: Garganacl|Salt Cure|p1a: Dondozo\n|-damage|p1a: Dondozo|95\/100\n|-start|p1a: Dondozo|Salt Cure\n|\n|-heal|p1a: Dondozo|100\/100|[from] item: Leftovers\n|-damage|p1a: Dondozo|75\/100|[from] Salt Cure\n|upkeep\n|turn|6\n|\n|t:|1699786612\n|-terastallize|p1a: Dondozo|Dragon\n|move|p1a: Dondozo|Curse|p1a: Dondozo\n|-unboost|p1a: Dondozo|spe|1\n|-boost|p1a: Dondozo|atk|1\n|-boost|p1a: Dondozo|def|1\n|move|p2a: Garganacl|Iron Defense|p2a: Garganacl\n|-boost|p2a: Garganacl|def|2\n|\n|-heal|p1a: Dondozo|82\/100|[from] item: Leftovers\n|-damage|p1a: Dondozo|69\/100|[from] Salt Cure\n|upkeep\n|turn|7\n|\n|t:|1699786620\n|switch|p2a: Cradily|Cradily, M|100\/100\n|-damage|p2a: Cradily|88\/100|[from] Stealth Rock\n|move|p1a: Dondozo|Curse|p1a: Dondozo\n|-unboost|p1a: Dondozo|spe|1\n|-boost|p1a: Dondozo|atk|1\n|-boost|p1a: Dondozo|def|1\n|\n|-heal|p1a: Dondozo|75\/100|[from] item: Leftovers\n|-damage|p1a: Dondozo|63\/100|[from] Salt Cure\n|upkeep\n|turn|8\n|\n|t:|1699786623\n|move|p2a: Cradily|Infestation|p1a: Dondozo\n|-damage|p1a: Dondozo|60\/100\n|-activate|p1a: Dondozo|move: Infestation|[of] p2a: Cradily\n|move|p1a: Dondozo|Rest|p1a: Dondozo\n|-status|p1a: Dondozo|slp|[from] move: Rest\n|-heal|p1a: Dondozo|100\/100 slp|[silent]\n|\n|-damage|p1a: Dondozo|84\/100 slp|[from] move: Infestation|[partiallytrapped]\n|-damage|p1a: Dondozo|71\/100 slp|[from] Salt Cure\n|upkeep\n|turn|9\n|\n|t:|1699786626\n|move|p2a: Cradily|Leech Seed|p1a: Dondozo\n|-start|p1a: Dondozo|move: Leech Seed\n|cant|p1a: Dondozo|slp\n|move|p1a: Dondozo|Sleep Talk|p1a: Dondozo\n|move|p1a: Dondozo|Liquidation|p2a: Cradily|[from]move: Sleep Talk\n|-ability|p2a: Cradily|Storm Drain|boost\n|-boost|p2a: Cradily|spa|1\n|\n|-heal|p1a: Dondozo|77\/100 slp|[from] item: Leftovers\n|-damage|p1a: Dondozo|65\/100 slp|[from] Leech Seed|[of] p2a: Cradily\n|-heal|p2a: Cradily|100\/100|[silent]\n|-damage|p1a: Dondozo|48\/100 slp|[from] move: Infestation|[partiallytrapped]\n|-damage|p1a: Dondozo|36\/100 slp|[from] Salt Cure\n|upkeep\n|turn|10\n|\n|t:|1699786632\n|move|p2a: Cradily|Infestation|p1a: Dondozo\n|-damage|p1a: Dondozo|32\/100 slp\n|cant|p1a: Dondozo|slp\n|move|p1a: Dondozo|Sleep Talk|p1a: Dondozo\n|move|p1a: Dondozo|Rest||[from]move: Sleep Talk|[still]\n|-fail|p1a: Dondozo\n|\n|-heal|p1a: Dondozo|38\/100 slp|[from] item: Leftovers\n|-damage|p1a: Dondozo|26\/100 slp|[from] Leech Seed|[of] p2a: Cradily\n|-damage|p1a: Dondozo|9\/100 slp|[from] move: Infestation|[partiallytrapped]\n|-damage|p1a: Dondozo|0 fnt|[from] Salt Cure\n|faint|p1a: Dondozo\n|upkeep\n|\n|t:|1699786636\n|switch|p1a: Urshifu|Urshifu-Rapid-Strike, M|100\/100\n|turn|11\n|\n|t:|1699786648\n|switch|p2a: Solrock|Solrock|100\/100\n|-damage|p2a: Solrock|88\/100|[from] Stealth Rock\n|move|p1a: Urshifu|Swords Dance|p1a: Urshifu\n|-boost|p1a: Urshifu|atk|2\n|\n|upkeep\n|turn|12\n|\n|t:|1699786655\n|move|p1a: Urshifu|Surging Strikes|p2a: Solrock\n|-supereffective|p2a: Solrock\n|-crit|p2a: Solrock\n|-damage|p2a: Solrock|21\/100\n|-supereffective|p2a: Solrock\n|-crit|p2a: Solrock\n|-damage|p2a: Solrock|0 fnt\n|faint|p2a: Solrock\n|-hitcount|p2: Solrock|2\n|\n|upkeep\n|c|\u2606sgsegesgeah|NOOOOOOOOOOOOOOO\n|c|\u2606sgsegesgeah|CHUNTARO-KUN\n|c|\u2606sgsegesgeah|ITS ME\n|c|\u2606sgsegesgeah|THE POWER OF ROCK\n|c|\u2606sgsegesgeah|HAVE MERCY\n|inactive|sgsegesgeah has 120 seconds left.\n|c|\u2606chuntaro-kun|...\n|c|\u2606chuntaro-kun|really ??\n|c|\u2606sgsegesgeah|; - ;\n|c|\u2606chuntaro-kun|you sure ??\n|c|\u2606sgsegesgeah|YES\n|c|\u2606sgsegesgeah|I BEAT UR GYRADOS\n|c|\u2606sgsegesgeah|AND U SAID\n|c|\u2606sgsegesgeah|U WOULD FIND ANOTHER WATER MON\n|inactive|sgsegesgeah has 90 seconds left.\n|c|\u2606sgsegesgeah|NOW HAVE MERCY XD\n|c|\u2606chuntaro-kun|.....\n|\n|t:|1699786722\n|switch|p2a: Glimmora|Glimmora, M|100\/100\n|-damage|p2a: Glimmora|88\/100|[from] Stealth Rock\n|turn|13\n|inactiveoff|Battle timer is now OFF.\n|c|\u2606chuntaro-kun|what you want me to do ??\n|c|\u2606chuntaro-kun|donttell me forfeit ........\n|\n|t:|1699786753\n|move|p2a: Glimmora|Mortal Spin|p1a: Urshifu\n|-damage|p1a: Urshifu|94\/100\n|-status|p1a: Urshifu|psn\n|-sideend|p2: sgsegesgeah|Stealth Rock|[from] move: Mortal Spin|[of] p2a: Glimmora\n|move|p1a: Urshifu|Surging Strikes|p2a: Glimmora\n|-supereffective|p2a: Glimmora\n|-crit|p2a: Glimmora\n|-damage|p2a: Glimmora|0 fnt\n|-activate|p2a: Glimmora|ability: Toxic Debris\n|-sidestart|p1: chuntaro-kun|move: Toxic Spikes\n|faint|p2a: Glimmora\n|-hitcount|p2: Glimmora|1\n|\n|-damage|p1a: Urshifu|82\/100 psn|[from] psn\n|upkeep\n|c|\u2606sgsegesgeah|oof\n|c|\u2606sgsegesgeah|urshifu is a monster\n|c|\u2606chuntaro-kun|well this is my gym water team\n|\n|t:|1699786778\n|switch|p2a: Aggron|Aggron, F|100\/100\n|turn|14\n|c|\u2606chuntaro-kun|testing it .......\n|\n|t:|1699786783\n|detailschange|p2a: Aggron|Aggron-Mega, F\n|-mega|p2a: Aggron|Aggron|Aggronite\n|move|p1a: Urshifu|Swords Dance|p1a: Urshifu\n|-boost|p1a: Urshifu|atk|2\n|move|p2a: Aggron|Body Press|p1a: Urshifu\n|-damage|p1a: Urshifu|31\/100 psn\n|\n|-damage|p1a: Urshifu|19\/100 psn|[from] psn\n|upkeep\n|turn|15\n|c|\u2606sgsegesgeah|oh god\n|\n|t:|1699786792\n|move|p1a: Urshifu|Close Combat|p2a: Aggron\n|-supereffective|p2a: Aggron\n|-damage|p2a: Aggron|0 fnt\n|-unboost|p1a: Urshifu|def|1\n|-unboost|p1a: Urshifu|spd|1\n|faint|p2a: Aggron\n|\n|-damage|p1a: Urshifu|6\/100 psn|[from] psn\n|upkeep\n|c|\u2606sgsegesgeah|that was\n|c|\u2606sgsegesgeah|a mega\n|c|\u2606sgsegesgeah|aggron\n|c|\u2606chuntaro-kun|i more hit ??\n|\n|t:|1699786804\n|switch|p2a: Garganacl|Garganacl, M, tera:Ghost|100\/100\n|turn|16\n|\n|t:|1699786807\n|switch|p2a: Tyranitar|Tyranitar, F|100\/100\n|-weather|Sandstorm|[from] ability: Sand Stream|[of] p2a: Tyranitar\n|move|p1a: Urshifu|Surging Strikes|p2a: Tyranitar\n|-supereffective|p2a: Tyranitar\n|-crit|p2a: Tyranitar\n|-damage|p2a: Tyranitar|6\/100\n|-supereffective|p2a: Tyranitar\n|-crit|p2a: Tyranitar\n|-damage|p2a: Tyranitar|0 fnt\n|faint|p2a: Tyranitar\n|-hitcount|p2: Tyranitar|2\n|\n|-weather|Sandstorm|[upkeep]\n|-damage|p1a: Urshifu|0 fnt|[from] Sandstorm\n|faint|p1a: Urshifu\n|upkeep\n|\n|t:|1699786816\n|switch|p1a: Toxapex|Toxapex, M|100\/100\n|switch|p2a: Cradily|Cradily, M|100\/100\n|-sideend|p1: chuntaro-kun|move: Toxic Spikes|[of] p1a: Toxapex\n|turn|17\n|c|\u2606sgsegesgeah|wait i might still win this\n|c|\u2606chuntaro-kun|yea ofc\n|c|\u2606sgsegesgeah|i am practicing, i want to try using solrock\n|c|\u2606chuntaro-kun|5 defense pivot ??\n|c|\u2606sgsegesgeah|thats why i changed my name\n|\n|t:|1699786837\n|move|p2a: Cradily|Block|p1a: Toxapex\n|-activate|p1a: Toxapex|trapped\n|move|p1a: Toxapex|Toxic|p2a: Cradily\n|-status|p2a: Cradily|tox\n|\n|-weather|Sandstorm|[upkeep]\n|-damage|p1a: Toxapex|95\/100|[from] Sandstorm\n|-damage|p2a: Cradily|94\/100 tox|[from] psn\n|upkeep\n|turn|18\n|c|\u2606chuntaro-kun|no wonder............\n|\n|t:|1699786842\n|move|p2a: Cradily|Leech Seed|p1a: Toxapex\n|-start|p1a: Toxapex|move: Leech Seed\n|move|p1a: Toxapex|Scald|p2a: Cradily\n|-ability|p2a: Cradily|Storm Drain|boost\n|-boost|p2a: Cradily|spa|1\n|\n|-weather|Sandstorm|[upkeep]\n|-damage|p1a: Toxapex|89\/100|[from] Sandstorm\n|-damage|p1a: Toxapex|76\/100|[from] Leech Seed|[of] p2a: Cradily\n|-heal|p2a: Cradily|100\/100 tox|[silent]\n|-damage|p2a: Cradily|88\/100 tox|[from] psn\n|upkeep\n|turn|19\n|\n|t:|1699786846\n|move|p2a: Cradily|Infestation|p1a: Toxapex\n|-resisted|p1a: Toxapex\n|-damage|p1a: Toxapex|74\/100\n|-activate|p1a: Toxapex|move: Infestation|[of] p2a: Cradily\n|move|p1a: Toxapex|Recover|p1a: Toxapex\n|-heal|p1a: Toxapex|100\/100\n|\n|-weather|Sandstorm|[upkeep]\n|-damage|p1a: Toxapex|95\/100|[from] Sandstorm\n|-damage|p1a: Toxapex|82\/100|[from] Leech Seed|[of] p2a: Cradily\n|-heal|p2a: Cradily|98\/100 tox|[silent]\n|-damage|p2a: Cradily|80\/100 tox|[from] psn\n|-damage|p1a: Toxapex|66\/100|[from] move: Infestation|[partiallytrapped]\n|upkeep\n|turn|20\n|\n|t:|1699786848\n|move|p2a: Cradily|Rest|p2a: Cradily\n|-status|p2a: Cradily|slp|[from] move: Rest\n|-heal|p2a: Cradily|100\/100 slp|[silent]\n|move|p1a: Toxapex|Haze|p1a: Toxapex\n|-clearallboost\n|\n|-weather|none\n|-damage|p1a: Toxapex|54\/100|[from] Leech Seed|[of] p2a: Cradily\n|-damage|p1a: Toxapex|37\/100|[from] move: Infestation|[partiallytrapped]\n|upkeep\n|turn|21\n|\n|t:|1699786851\n|cant|p2a: Cradily|slp\n|move|p1a: Toxapex|Recover|p1a: Toxapex\n|-heal|p1a: Toxapex|87\/100\n|\n|-damage|p1a: Toxapex|75\/100|[from] Leech Seed|[of] p2a: Cradily\n|-damage|p1a: Toxapex|59\/100|[from] move: Infestation|[partiallytrapped]\n|upkeep\n|turn|22\n|\n|t:|1699786856\n|cant|p2a: Cradily|slp\n|move|p1a: Toxapex|Recover|p1a: Toxapex\n|-heal|p1a: Toxapex|100\/100\n|\n|-damage|p1a: Toxapex|88\/100|[from] Leech Seed|[of] p2a: Cradily\n|-damage|p1a: Toxapex|72\/100|[from] move: Infestation|[partiallytrapped]\n|upkeep\n|turn|23\n|\n|t:|1699786859\n|-curestatus|p2a: Cradily|slp|[msg]\n|move|p2a: Cradily|Infestation|p1a: Toxapex\n|-resisted|p1a: Toxapex\n|-damage|p1a: Toxapex|70\/100\n|move|p1a: Toxapex|Recover|p1a: Toxapex\n|-heal|p1a: Toxapex|100\/100\n|\n|-damage|p1a: Toxapex|88\/100|[from] Leech Seed|[of] p2a: Cradily\n|-end|p1a: Toxapex|Infestation|[partiallytrapped]\n|upkeep\n|turn|24\n|\n|t:|1699786862\n|move|p2a: Cradily|Infestation|p1a: Toxapex\n|-resisted|p1a: Toxapex\n|-damage|p1a: Toxapex|87\/100\n|-activate|p1a: Toxapex|move: Infestation|[of] p2a: Cradily\n|move|p1a: Toxapex|Recover|p1a: Toxapex\n|-heal|p1a: Toxapex|100\/100\n|\n|-damage|p1a: Toxapex|88\/100|[from] Leech Seed|[of] p2a: Cradily\n|-damage|p1a: Toxapex|72\/100|[from] move: Infestation|[partiallytrapped]\n|upkeep\n|turn|25\n|\n|t:|1699786865\n|move|p2a: Cradily|Infestation|p1a: Toxapex\n|-resisted|p1a: Toxapex\n|-damage|p1a: Toxapex|70\/100\n|move|p1a: Toxapex|Toxic|p2a: Cradily\n|-status|p2a: Cradily|tox\n|\n|-damage|p1a: Toxapex|58\/100|[from] Leech Seed|[of] p2a: Cradily\n|-damage|p2a: Cradily|94\/100 tox|[from] psn\n|-damage|p1a: Toxapex|41\/100|[from] move: Infestation|[partiallytrapped]\n|upkeep\n|turn|26\n|\n|t:|1699786871\n|move|p2a: Cradily|Rest|p2a: Cradily\n|-status|p2a: Cradily|slp|[from] move: Rest\n|-heal|p2a: Cradily|100\/100 slp|[silent]\n|move|p1a: Toxapex|Recover|p1a: Toxapex\n|-heal|p1a: Toxapex|92\/100\n|\n|-damage|p1a: Toxapex|79\/100|[from] Leech Seed|[of] p2a: Cradily\n|-damage|p1a: Toxapex|63\/100|[from] move: Infestation|[partiallytrapped]\n|upkeep\n|turn|27\n|\n|t:|1699786874\n|cant|p2a: Cradily|slp\n|move|p1a: Toxapex|Recover|p1a: Toxapex\n|-heal|p1a: Toxapex|100\/100\n|\n|-damage|p1a: Toxapex|88\/100|[from] Leech Seed|[of] p2a: Cradily\n|-damage|p1a: Toxapex|72\/100|[from] move: Infestation|[partiallytrapped]\n|upkeep\n|turn|28\n|\n|t:|1699786899\n|cant|p2a: Cradily|slp\n|move|p1a: Toxapex|Haze|p1a: Toxapex\n|-clearallboost\n|\n|-damage|p1a: Toxapex|60\/100|[from] Leech Seed|[of] p2a: Cradily\n|-damage|p1a: Toxapex|43\/100|[from] move: Infestation|[partiallytrapped]\n|upkeep\n|turn|29\n|\n|t:|1699786908\n|-curestatus|p2a: Cradily|slp|[msg]\n|move|p2a: Cradily|Infestation|p1a: Toxapex\n|-resisted|p1a: Toxapex\n|-damage|p1a: Toxapex|41\/100\n|move|p1a: Toxapex|Recover|p1a: Toxapex\n|-heal|p1a: Toxapex|92\/100\n|\n|-damage|p1a: Toxapex|79\/100|[from] Leech Seed|[of] p2a: Cradily\n|-end|p1a: Toxapex|Infestation|[partiallytrapped]\n|upkeep\n|turn|30\n|\n|t:|1699786916\n|move|p2a: Cradily|Infestation|p1a: Toxapex\n|-resisted|p1a: Toxapex\n|-damage|p1a: Toxapex|78\/100\n|-activate|p1a: Toxapex|move: Infestation|[of] p2a: Cradily\n|move|p1a: Toxapex|Haze|p1a: Toxapex\n|-clearallboost\n|\n|-damage|p1a: Toxapex|66\/100|[from] Leech Seed|[of] p2a: Cradily\n|-damage|p1a: Toxapex|49\/100|[from] move: Infestation|[partiallytrapped]\n|upkeep\n|turn|31\n|\n|t:|1699786922\n|move|p2a: Cradily|Infestation|p1a: Toxapex\n|-resisted|p1a: Toxapex\n|-damage|p1a: Toxapex|48\/100\n|move|p1a: Toxapex|Toxic|p2a: Cradily\n|-status|p2a: Cradily|tox\n|\n|-damage|p1a: Toxapex|36\/100|[from] Leech Seed|[of] p2a: Cradily\n|-damage|p2a: Cradily|94\/100 tox|[from] psn\n|-damage|p1a: Toxapex|19\/100|[from] move: Infestation|[partiallytrapped]\n|upkeep\n|turn|32\n|\n|t:|1699786925\n|move|p2a: Cradily|Infestation|p1a: Toxapex\n|-resisted|p1a: Toxapex\n|-damage|p1a: Toxapex|18\/100\n|move|p1a: Toxapex|Toxic|p2a: Cradily\n|-fail|p2a: Cradily|tox\n|\n|-damage|p1a: Toxapex|5\/100|[from] Leech Seed|[of] p2a: Cradily\n|-heal|p2a: Cradily|100\/100 tox|[silent]\n|-damage|p2a: Cradily|88\/100 tox|[from] psn\n|-damage|p1a: Toxapex|0 fnt|[from] move: Infestation|[partiallytrapped]\n|faint|p1a: Toxapex\n|upkeep\n|\n|t:|1699786934\n|switch|p1a: Lanturn|Lanturn, F|100\/100\n|turn|33\n|\n|t:|1699786942\n|switch|p2a: Garganacl|Garganacl, M, tera:Ghost|100\/100\n|move|p1a: Lanturn|Protect||[still]\n|-fail|p1a: Lanturn\n|\n|upkeep\n|turn|34\n|\n|t:|1699786946\n|move|p1a: Lanturn|Volt Switch|p2a: Garganacl\n|-damage|p2a: Garganacl|88\/100\n|\n|t:|1699786948\n|switch|p1a: Gastrodon|Gastrodon, F|46\/100|[from] Volt Switch\n|move|p2a: Garganacl|Salt Cure|p1a: Gastrodon\n|-resisted|p1a: Gastrodon\n|-damage|p1a: Gastrodon|41\/100\n|-start|p1a: Gastrodon|Salt Cure\n|\n|-damage|p1a: Gastrodon|16\/100|[from] Salt Cure\n|upkeep\n|turn|35\n|\n|t:|1699786952\n|move|p1a: Gastrodon|Recover|p1a: Gastrodon\n|-heal|p1a: Gastrodon|66\/100\n|move|p2a: Garganacl|Iron Defense|p2a: Garganacl\n|-boost|p2a: Garganacl|def|2\n|\n|-damage|p1a: Gastrodon|41\/100|[from] Salt Cure\n|upkeep\n|turn|36\n|\n|t:|1699786960\n|move|p1a: Gastrodon|Scald|p2a: Garganacl\n|-damage|p2a: Garganacl|72\/100\n|move|p2a: Garganacl|Body Press|p1a: Gastrodon\n|-damage|p1a: Gastrodon|9\/100\n|\n|-damage|p1a: Gastrodon|0 fnt|[from] Salt Cure\n|faint|p1a: Gastrodon\n|upkeep\n|\n|t:|1699786963\n|switch|p1a: Alomomola|Alomomola, M|100\/100\n|turn|37\n|\n|t:|1699786967\n|switch|p2a: Cradily|Cradily, M|88\/100 tox\n|move|p1a: Alomomola|Wish|p1a: Alomomola\n|\n|-damage|p2a: Cradily|82\/100 tox|[from] psn\n|upkeep\n|turn|38\n|\n|t:|1699786971\n|move|p1a: Alomomola|Protect|p1a: Alomomola\n|-singleturn|p1a: Alomomola|Protect\n|move|p2a: Cradily|Infestation|p1a: Alomomola\n|-activate|p1a: Alomomola|move: Protect\n|\n|-damage|p2a: Cradily|70\/100 tox|[from] psn\n|upkeep\n|turn|39\n|\n|t:|1699786980\n|move|p1a: Alomomola|Flip Turn|p2a: Cradily\n|-ability|p2a: Cradily|Storm Drain|boost\n|-boost|p2a: Cradily|spa|1\n|move|p2a: Cradily|Infestation|p1a: Alomomola\n|-damage|p1a: Alomomola|96\/100\n|-activate|p1a: Alomomola|move: Infestation|[of] p2a: Cradily\n|\n|-damage|p2a: Cradily|52\/100 tox|[from] psn\n|-damage|p1a: Alomomola|80\/100|[from] move: Infestation|[partiallytrapped]\n|upkeep\n|turn|40\n|\n|t:|1699786985\n|move|p1a: Alomomola|Wish|p1a: Alomomola\n|move|p2a: Cradily|Block|p1a: Alomomola\n|-activate|p1a: Alomomola|trapped\n|\n|-damage|p2a: Cradily|27\/100 tox|[from] psn\n|-damage|p1a: Alomomola|63\/100|[from] move: Infestation|[partiallytrapped]\n|upkeep\n|turn|41\n|\n|t:|1699786988\n|move|p1a: Alomomola|Flip Turn|p2a: Cradily\n|-ability|p2a: Cradily|Storm Drain|boost\n|-boost|p2a: Cradily|spa|1\n|move|p2a: Cradily|Rest|p2a: Cradily\n|-status|p2a: Cradily|slp|[from] move: Rest\n|-heal|p2a: Cradily|100\/100 slp|[silent]\n|\n|-heal|p1a: Alomomola|100\/100|[from] move: Wish|[wisher] Alomomola\n|-damage|p1a: Alomomola|84\/100|[from] move: Infestation|[partiallytrapped]\n|upkeep\n|turn|42\n|\n|t:|1699786992\n|move|p1a: Alomomola|Protect|p1a: Alomomola\n|-singleturn|p1a: Alomomola|Protect\n|cant|p2a: Cradily|slp\n|\n|-damage|p1a: Alomomola|67\/100|[from] move: Infestation|[partiallytrapped]\n|upkeep\n|turn|43\n|c|\u2606chuntaro-kun|sigh i might as well pp stall you\n|\n|t:|1699787001\n|move|p1a: Alomomola|Toxic||[still]\n|-fail|p1a: Alomomola\n|cant|p2a: Cradily|slp\n|\n|-end|p1a: Alomomola|Infestation|[partiallytrapped]\n|upkeep\n|turn|44\n|\n|t:|1699787005\n|move|p1a: Alomomola|Toxic|p2a: Cradily|[miss]\n|-miss|p1a: Alomomola|p2a: Cradily\n|-curestatus|p2a: Cradily|slp|[msg]\n|move|p2a: Cradily|Leech Seed|p1a: Alomomola\n|-start|p1a: Alomomola|move: Leech Seed\n|\n|-damage|p1a: Alomomola|55\/100|[from] Leech Seed|[of] p2a: Cradily\n|upkeep\n|turn|45\n|\n|t:|1699787008\n|move|p1a: Alomomola|Toxic|p2a: Cradily\n|-status|p2a: Cradily|tox\n|move|p2a: Cradily|Infestation|p1a: Alomomola\n|-damage|p1a: Alomomola|48\/100\n|-activate|p1a: Alomomola|move: Infestation|[of] p2a: Cradily\n|\n|-damage|p1a: Alomomola|36\/100|[from] Leech Seed|[of] p2a: Cradily\n|-damage|p2a: Cradily|94\/100 tox|[from] psn\n|-damage|p1a: Alomomola|19\/100|[from] move: Infestation|[partiallytrapped]\n|upkeep\n|turn|46\n|\n|t:|1699787015\n|move|p1a: Alomomola|Wish|p1a: Alomomola\n|move|p2a: Cradily|Infestation|p1a: Alomomola\n|-damage|p1a: Alomomola|13\/100\n|\n|-damage|p1a: Alomomola|1\/100|[from] Leech Seed|[of] p2a: Cradily\n|-heal|p2a: Cradily|100\/100 tox|[silent]\n|-damage|p2a: Cradily|88\/100 tox|[from] psn\n|-damage|p1a: Alomomola|0 fnt|[from] move: Infestation|[partiallytrapped]\n|faint|p1a: Alomomola\n|upkeep\n|\n|t:|1699787017\n|switch|p1a: Lanturn|Lanturn, F|100\/100\n|turn|47\n|\n|t:|1699787023\n|move|p1a: Lanturn|Volt Switch|p2a: Cradily\n|-resisted|p2a: Cradily\n|-damage|p2a: Cradily|79\/100 tox\n|move|p2a: Cradily|Leech Seed|p1a: Lanturn\n|-start|p1a: Lanturn|move: Leech Seed\n|\n|-damage|p1a: Lanturn|88\/100|[from] Leech Seed|[of] p2a: Cradily\n|-heal|p2a: Cradily|94\/100 tox|[silent]\n|-damage|p2a: Cradily|76\/100 tox|[from] psn\n|upkeep\n|turn|48\n|\n|t:|1699787031\n|move|p1a: Lanturn|Heal Bell||[still]\n|-activate|p1a: Lanturn|move: Heal Bell\n|-fail|p1a: Lanturn\n|move|p2a: Cradily|Infestation|p1a: Lanturn\n|-crit|p1a: Lanturn\n|-damage|p1a: Lanturn|82\/100\n|-activate|p1a: Lanturn|move: Infestation|[of] p2a: Cradily\n|\n|-heal|p1a: Lanturn|88\/100|[from] item: Leftovers\n|-damage|p1a: Lanturn|76\/100|[from] Leech Seed|[of] p2a: Cradily\n|-heal|p2a: Cradily|91\/100 tox|[silent]\n|-damage|p2a: Cradily|66\/100 tox|[from] psn\n|-damage|p1a: Lanturn|59\/100|[from] move: Infestation|[partiallytrapped]\n|upkeep\n|turn|49\n|\n|t:|1699787038\n|move|p1a: Lanturn|Protect|p1a: Lanturn\n|-singleturn|p1a: Lanturn|Protect\n|move|p2a: Cradily|Rest|p2a: Cradily\n|-status|p2a: Cradily|slp|[from] move: Rest\n|-heal|p2a: Cradily|100\/100 slp|[silent]\n|\n|-heal|p1a: Lanturn|65\/100|[from] item: Leftovers\n|-damage|p1a: Lanturn|53\/100|[from] Leech Seed|[of] p2a: Cradily\n|-damage|p1a: Lanturn|36\/100|[from] move: Infestation|[partiallytrapped]\n|upkeep\n|turn|50\n|c|\u2606sgsegesgeah|cradily saved me\n|\n|t:|1699787045\n|move|p1a: Lanturn|Volt Switch|p2a: Cradily\n|-resisted|p2a: Cradily\n|-damage|p2a: Cradily|93\/100 slp\n|cant|p2a: Cradily|slp\n|\n|-heal|p1a: Lanturn|43\/100|[from] item: Leftovers\n|-damage|p1a: Lanturn|30\/100|[from] Leech Seed|[of] p2a: Cradily\n|-heal|p2a: Cradily|100\/100 slp|[silent]\n|-damage|p1a: Lanturn|14\/100|[from] move: Infestation|[partiallytrapped]\n|upkeep\n|turn|51\n|c|\u2606chuntaro-kun|yea i say\n|\n|t:|1699787051\n|move|p1a: Lanturn|Volt Switch|p2a: Cradily\n|-resisted|p2a: Cradily\n|-damage|p2a: Cradily|93\/100 slp\n|cant|p2a: Cradily|slp\n|\n|-heal|p1a: Lanturn|20\/100|[from] item: Leftovers\n|-damage|p1a: Lanturn|8\/100|[from] Leech Seed|[of] p2a: Cradily\n|-heal|p2a: Cradily|100\/100 slp|[silent]\n|-damage|p1a: Lanturn|0 fnt|[from] move: Infestation|[partiallytrapped]\n|faint|p1a: Lanturn\n|\n|win|sgsegesgeah\n|upkeep\n|raw|chuntaro-kun's rating: 1316 &rarr; <strong>1298<\/strong><br \/>(-18 for losing)\n|raw|sgsegesgeah's rating: 1351 &rarr; <strong>1369<\/strong><br \/>(+18 for winning)\n|c|\u2606chuntaro-kun|hahaha gg\n|c|\u2606sgsegesgeah|gg xD\n","uploadtime":1699787061,"views":4,"p1id":"chuntarokun","p2id":"sgsegesgeah","formatid":"gen9nationaldex","rating":1298,"private":0,"password":""}