{"id":"gen9nationaldex-1998491668","p1":"PhantomYakuza","p2":"D1770s","format":"[Gen 9] National Dex","log":"|html|<div class=\"broadcast-blue\"><strong>[Gen 9] National Dex is currently suspecting Sneasler! For information on how to participate check out the <a href=\"https:\/\/www.smogon.com\/forums\/threads\/sv-national-dex-suspect-8-just-dance.3731534\/\">suspect thread<\/a>.<\/strong><\/div>\n|j|\u2606PhantomYakuza\n|j|\u2606D1770s\n|t:|1700948373\n|gametype|singles\n|player|p1|PhantomYakuza|170|\n|player|p2|D1770s|170|\n|teamsize|p1|6\n|teamsize|p2|6\n|gen|9\n|tier|[Gen 9] National Dex\n|rule|HP Percentage Mod: HP is shown in percentages\n|rule|Endless Battle Clause: Forcing endless battles is banned\n|rule|OHKO Clause: OHKO moves are banned\n|rule|Evasion Clause: Evasion abilities, items, and moves are banned\n|rule|Evasion Abilities Clause: Evasion abilities are banned\n|rule|Evasion Items Clause: Evasion items are banned\n|rule|Evasion Moves Clause: Evasion moves are banned\n|rule|Species Clause: Limit one of each Pok\u00e9mon\n|rule|Sleep Clause Mod: Limit one foe put to sleep\n|clearpoke\n|poke|p1|Garchomp, F|\n|poke|p1|Iron Moth|\n|poke|p1|Gallade, M|\n|poke|p1|Overqwil, F|\n|poke|p1|Tapu Lele|\n|poke|p1|Shuckle, M|\n|poke|p2|Tyranitar, F|\n|poke|p2|Iron Valiant|\n|poke|p2|Gastrodon-East, F|\n|poke|p2|Houndstone, F|\n|poke|p2|Tapu Koko|\n|poke|p2|Skarmory, M|\n|teampreview\n|j| SerpySerper56\n|j| Mesp\n|c|\u2606D1770s|Glhf!\n|c| SerpySerper56|When you beat the replay allegations\n|j| Seesawbirdie\n|c| Seesawbirdie|Lets go, round 2!\n|c|\u2606PhantomYakuza|Glhf\n|\n|t:|1700948410\n|start\n|switch|p1a: Netherite Moth|Iron Moth|100\/100\n|switch|p2a: Many Stone|Tyranitar, F|100\/100\n|-weather|Sandstorm|[from] ability: Sand Stream|[of] p2a: Many Stone\n|turn|1\n|\n|t:|1700948435\n|move|p1a: Netherite Moth|U-turn|p2a: Many Stone\n|-supereffective|p2a: Many Stone\n|-damage|p2a: Many Stone|85\/100\n|\n|t:|1700948446\n|-end|p1a: Netherite Moth|Quark Drive|[silent]\n|switch|p1a: Is this shiny?|Garchomp, F|100\/100|[from] U-turn\n|move|p2a: Many Stone|Earthquake|p1a: Is this shiny?\n|-damage|p1a: Is this shiny?|65\/100\n|\n|-weather|Sandstorm|[upkeep]\n|upkeep\n|turn|2\n|\n|t:|1700948518\n|switch|p2a: One Bird|Skarmory, M|100\/100\n|move|p1a: Is this shiny?|Scale Shot|p2a: One Bird\n|-resisted|p2a: One Bird\n|-damage|p2a: One Bird|94\/100\n|-resisted|p2a: One Bird\n|-damage|p2a: One Bird|87\/100\n|-resisted|p2a: One Bird\n|-damage|p2a: One Bird|80\/100\n|-resisted|p2a: One Bird\n|-damage|p2a: One Bird|74\/100\n|-hitcount|p2a: One Bird|4\n|-unboost|p1a: Is this shiny?|def|1\n|-boost|p1a: Is this shiny?|spe|1\n|-damage|p1a: Is this shiny?|55\/100|[from] item: Life Orb\n|\n|-weather|Sandstorm|[upkeep]\n|-heal|p2a: One Bird|80\/100|[from] item: Leftovers\n|upkeep\n|turn|3\n|\n|t:|1700948550\n|move|p1a: Is this shiny?|Flamethrower|p2a: One Bird\n|-supereffective|p2a: One Bird\n|-damage|p2a: One Bird|39\/100\n|-damage|p1a: Is this shiny?|45\/100|[from] item: Life Orb\n|move|p2a: One Bird|Toxic|p1a: Is this shiny?\n|-status|p1a: Is this shiny?|tox\n|\n|-weather|Sandstorm|[upkeep]\n|-heal|p2a: One Bird|45\/100|[from] item: Leftovers\n|-damage|p1a: Is this shiny?|39\/100 tox|[from] psn\n|upkeep\n|turn|4\n|c|\u2606PhantomYakuza|Crit?\n|c| SerpySerper56|Flamethrower garchomp is CRAZY\n|c|\u2606PhantomYakuza|I miss Honchkrow when I asked him for a Krit he always delivered\n|\n|t:|1700948612\n|move|p1a: Is this shiny?|Flamethrower|p2a: One Bird\n|-supereffective|p2a: One Bird\n|-damage|p2a: One Bird|5\/100\n|-damage|p1a: Is this shiny?|29\/100 tox|[from] item: Life Orb\n|move|p2a: One Bird|Roost|p2a: One Bird\n|-heal|p2a: One Bird|55\/100\n|-singleturn|p2a: One Bird|move: Roost\n|\n|-weather|Sandstorm|[upkeep]\n|-heal|p2a: One Bird|61\/100|[from] item: Leftovers\n|-damage|p1a: Is this shiny?|17\/100 tox|[from] psn\n|upkeep\n|turn|5\n|\n|t:|1700948672\n|switch|p1a: Tapu Hehe|Tapu Lele|100\/100\n|-fieldstart|move: Psychic Terrain|[from] ability: Psychic Surge|[of] p1a: Tapu Hehe\n|switch|p2a: Many Stone|Tyranitar, F|85\/100\n|\n|-weather|Sandstorm|[upkeep]\n|-damage|p1a: Tapu Hehe|94\/100|[from] Sandstorm\n|upkeep\n|turn|6\n|c|\u2606D1770s|Inchresting\n|c| SerpySerper56|I'm awaiting the 17% toxiced garchomp to make an insane play later\n|c| SerpySerper56|If he doesn't I'll be dissapointed\n|c|\u2606PhantomYakuza|17% life orbed\n|c|\u2606PhantomYakuza|He has one move left in life\n|l| Seesawbirdie\n|c| SerpySerper56|He's gonna use flamethrower for the win\n|c| SerpySerper56|Trust\n|j| Seesawbirdie\n|c|\u2606PhantomYakuza|I\u2019d take it tbh\n|\n|t:|1700948789\n|move|p1a: Tapu Hehe|Moonblast|p2a: Many Stone\n|-supereffective|p2a: Many Stone\n|-crit|p2a: Many Stone\n|-damage|p2a: Many Stone|0 fnt\n|faint|p2a: Many Stone\n|\n|-weather|Sandstorm|[upkeep]\n|-damage|p1a: Tapu Hehe|88\/100|[from] Sandstorm\n|upkeep\n|c| SerpySerper56|Wait ghostly garchomp learns fire fang why doesn't it just have that instead\n|c|\u2606PhantomYakuza|Oh my\n|c|\u2606D1770s|Rude\n|c| SerpySerper56|Also there's your crit\n|c| Mesp|that crit 100% mattered\n|c|\u2606D1770s|crit mattered\n|c| Seesawbirdie|Kinda funny how both of you have the same trainer sprite\n|c| Mesp|ttar in sand no way that does that much\n|\n|t:|1700948819\n|switch|p2a: One Stone|Houndstone, F|100\/100\n|turn|7\n|c|\u2606PhantomYakuza|Because Fire dang is weak, can miss, and Skarmory has a million physical def\n|c| SerpySerper56|Seesaw I thought the same thing\n|c|\u2606PhantomYakuza|Flamethrower is none of those tings\n|c|\u2606PhantomYakuza|And yeah Yknow what I\u2019m okay with that result lol\n|\n|t:|1700948845\n|switch|p1a: Yeah Shuckle!|Shuckle, M|100\/100\n|move|p2a: One Stone|Poltergeist|p1a: Yeah Shuckle!\n|-activate|p1a: Yeah Shuckle!|move: Poltergeist|Leftovers\n|-damage|p1a: Yeah Shuckle!|44\/100\n|-damage|p2a: One Stone|91\/100|[from] item: Life Orb\n|\n|-weather|Sandstorm|[upkeep]\n|-heal|p1a: Yeah Shuckle!|50\/100|[from] item: Leftovers\n|upkeep\n|turn|8\n|c|\u2606D1770s|Same; it\u2019s bc we\u2019re mobiling\n|\n|t:|1700948863\n|move|p2a: One Stone|Poltergeist|p1a: Yeah Shuckle!\n|-activate|p1a: Yeah Shuckle!|move: Poltergeist|Leftovers\n|-damage|p1a: Yeah Shuckle!|0 fnt\n|faint|p1a: Yeah Shuckle!\n|-damage|p2a: One Stone|81\/100|[from] item: Life Orb\n|\n|-weather|none\n|upkeep\n|c| SerpySerper56|Garchomp has a shockingly high special attack actually\n|j| mattyp347\n|l| mattyp347\n|\n|t:|1700948879\n|switch|p1a: Scarlet Overqwil|Overqwil, F, shiny|100\/100\n|-ability|p1a: Scarlet Overqwil|Intimidate|boost\n|-unboost|p2a: One Stone|atk|1\n|turn|9\n|c| SerpySerper56|Why does overqwils sprite look like a water balloon with spikes\n|c|\u2606D1770s|It looks like one eye\n|c|\u2606PhantomYakuza|That\u2019s what it is tbh\n|\n|t:|1700948960\n|move|p1a: Scarlet Overqwil|Agility|p1a: Scarlet Overqwil\n|-boost|p1a: Scarlet Overqwil|spe|2\n|move|p2a: One Stone|Stomping Tantrum|p1a: Scarlet Overqwil\n|-supereffective|p1a: Scarlet Overqwil\n|-damage|p1a: Scarlet Overqwil|50\/100\n|-damage|p2a: One Stone|71\/100|[from] item: Life Orb\n|\n|-heal|p1a: Scarlet Overqwil|56\/100|[from] item: Leftovers\n|-fieldend|move: Psychic Terrain\n|upkeep\n|turn|10\n|\n|t:|1700949001\n|move|p1a: Scarlet Overqwil|Barb Barrage|p2a: One Stone\n|-resisted|p2a: One Stone\n|-damage|p2a: One Stone|55\/100\n|-status|p2a: One Stone|psn\n|move|p2a: One Stone|Stomping Tantrum|p1a: Scarlet Overqwil\n|-supereffective|p1a: Scarlet Overqwil\n|-damage|p1a: Scarlet Overqwil|0 fnt\n|faint|p1a: Scarlet Overqwil\n|-damage|p2a: One Stone|45\/100 psn|[from] item: Life Orb\n|\n|-damage|p2a: One Stone|33\/100 psn|[from] psn\n|upkeep\n|c|\u2606PhantomYakuza|Dang the high roll\n|c|\u2606PhantomYakuza|sadge\n|c|\u2606PhantomYakuza|I was cooking so much lol\n|c| SerpySerper56|No dark type move?\n|c| Seesawbirdie|Ngl, Scarlet Overqwil is a funny nickname imo\n|c| SerpySerper56|Probably for the poison yeah\n|c|\u2606D1770s|What even are these moves\n|c|\u2606D1770s|i do not know this guy well\n|\n|t:|1700949056\n|switch|p1a: Netherite Moth|Iron Moth|100\/100\n|turn|11\n|\n|t:|1700949068\n|move|p1a: Netherite Moth|Fiery Dance|p2a: One Stone\n|-damage|p2a: One Stone|0 fnt\n|faint|p2a: One Stone\n|\n|upkeep\n|c|\u2606PhantomYakuza|Worth a shot\n|\n|t:|1700949117\n|switch|p2a: Gastrodon-Ascend|Gastrodon-East, F|100\/100\n|turn|12\n|\n|t:|1700949128\n|-end|p1a: Netherite Moth|Quark Drive|[silent]\n|switch|p1a: Is this shiny?|Garchomp, F|17\/100 tox\n|move|p2a: Gastrodon-Ascend|Earth Power|p1a: Is this shiny?\n|-damage|p1a: Is this shiny?|0 fnt\n|faint|p1a: Is this shiny?\n|\n|upkeep\n|\n|t:|1700949144\n|switch|p1a: Netherite Moth|Iron Moth|100\/100\n|turn|13\n|\n|t:|1700949174\n|move|p1a: Netherite Moth|Energy Ball|p2a: Gastrodon-Ascend\n|-supereffective|p2a: Gastrodon-Ascend\n|-damage|p2a: Gastrodon-Ascend|0 fnt\n|faint|p2a: Gastrodon-Ascend\n|\n|upkeep\n|\n|t:|1700949218\n|switch|p2a: Two Bird|Tapu Koko|100\/100\n|-fieldstart|move: Electric Terrain|[from] ability: Electric Surge|[of] p2a: Two Bird\n|-activate|p1a: Netherite Moth|ability: Quark Drive\n|-start|p1a: Netherite Moth|quarkdrivespa\n|turn|14\n|c|\u2606PhantomYakuza|Oh thanks\n|c|\u2606D1770s|Ugh\n|\n|t:|1700949249\n|move|p1a: Netherite Moth|Energy Ball|p2a: Two Bird\n|-damage|p2a: Two Bird|44\/100\n|move|p2a: Two Bird|Light Screen|p2a: Two Bird\n|-sidestart|p2: D1770s|move: Light Screen\n|\n|upkeep\n|turn|15\n|\n|t:|1700949270\n|-end|p1a: Netherite Moth|Quark Drive|[silent]\n|switch|p1a: Tapu Hehe|Tapu Lele|88\/100\n|-fieldstart|move: Psychic Terrain|[from] ability: Psychic Surge|[of] p1a: Tapu Hehe\n|move|p2a: Two Bird|U-turn|p1a: Tapu Hehe\n|-damage|p1a: Tapu Hehe|62\/100\n|l| Seesawbirdie\n|c| SerpySerper56|Oh goodness!\n|j| Seesawbirdie\n|\n|t:|1700949291\n|switch|p2a: One Blade|Iron Valiant|100\/100|[from] U-turn\n|\n|upkeep\n|turn|16\n|\n|t:|1700949299\n|move|p1a: Tapu Hehe|Moonblast|p2a: One Blade\n|-supereffective|p2a: One Blade\n|-damage|p2a: One Blade|8\/100\n|move|p2a: One Blade|Poison Jab|p1a: Tapu Hehe\n|-supereffective|p1a: Tapu Hehe\n|-damage|p1a: Tapu Hehe|0 fnt\n|faint|p1a: Tapu Hehe\n|-damage|p2a: One Blade|0 fnt|[from] item: Life Orb\n|faint|p2a: One Blade\n|-end|p2a: One Blade|Quark Drive|[silent]\n|\n|upkeep\n|c|\u2606PhantomYakuza|noooooooo\n|c|\u2606D1770s|How many scarves are y\u2019all wearing?!\n|c| SerpySerper56|OH MY GOD\n|c|\u2606PhantomYakuza|Only a few\n|c|\u2606D1770s|It\u2019s like a fashion show in here\n|c|\u2606PhantomYakuza|I mean wdym no they\u2019re all quick claw obviously\n|\n|t:|1700949359\n|switch|p2a: Two Bird|Tapu Koko|44\/100\n|switch|p1a: Netherite Moth|Iron Moth|100\/100\n|-fieldstart|move: Electric Terrain|[from] ability: Electric Surge|[of] p2a: Two Bird\n|-activate|p1a: Netherite Moth|ability: Quark Drive\n|-start|p1a: Netherite Moth|quarkdrivespa\n|turn|17\n|c| SerpySerper56|They're all holding the whipped dream\n|\n|t:|1700949391\n|move|p1a: Netherite Moth|Sludge Wave|p2a: Two Bird\n|-supereffective|p2a: Two Bird\n|-damage|p2a: Two Bird|0 fnt\n|faint|p2a: Two Bird\n|\n|upkeep\n|\n|t:|1700949398\n|switch|p2a: One Bird|Skarmory, M|61\/100\n|turn|18\n|c| SerpySerper56|is this the dagger???????\n|c| Seesawbirdie|Looks like its gonna ho into a 3rd round\n|\n|t:|1700949419\n|-end|p1a: Netherite Moth|Quark Drive|[silent]\n|switch|p1a: Megan\u2019s Meat|Gallade, M|100\/100\n|move|p2a: One Bird|Roost|p2a: One Bird\n|-heal|p2a: One Bird|100\/100\n|-singleturn|p2a: One Bird|move: Roost\n|\n|upkeep\n|turn|19\n|\n|t:|1700949430\n|detailschange|p1a: Megan\u2019s Meat|Gallade-Mega, M\n|-mega|p1a: Megan\u2019s Meat|Gallade|Galladite\n|move|p1a: Megan\u2019s Meat|Knock Off|p2a: One Bird\n|-damage|p2a: One Bird|69\/100\n|-enditem|p2a: One Bird|Leftovers|[from] move: Knock Off|[of] p1a: Megan\u2019s Meat\n|move|p2a: One Bird|Brave Bird|p1a: Megan\u2019s Meat\n|-supereffective|p1a: Megan\u2019s Meat\n|-damage|p1a: Megan\u2019s Meat|14\/100\n|-damage|p2a: One Bird|46\/100|[from] Recoil\n|\n|upkeep\n|turn|20\n|\n|t:|1700949446\n|move|p1a: Megan\u2019s Meat|Close Combat|p2a: One Bird\n|-damage|p2a: One Bird|0 fnt\n|-unboost|p1a: Megan\u2019s Meat|def|1\n|-unboost|p1a: Megan\u2019s Meat|spd|1\n|faint|p2a: One Bird\n|\n|win|PhantomYakuza\n|c|\u2606D1770s|Gg\n|c| SerpySerper56|Ggs\n|c| Seesawbirdie|Gg\n|c|\u2606PhantomYakuza|Ggs\n|l| SerpySerper56\n|c| Seesawbirdie|Onto round 3!\n","uploadtime":1700949456,"views":13,"p1id":"phantomyakuza","p2id":"d1770s","formatid":"gen9nationaldex","rating":0,"private":0,"password":""}