{"id":"gen9nationaldex-1998126936","p1":"Marty1010","p2":"yinglunII","format":"[Gen 9] National Dex","log":"|html|<div class=\"broadcast-blue\"><strong>[Gen 9] National Dex is currently suspecting Sneasler! For information on how to participate check out the <a href=\"https:\/\/www.smogon.com\/forums\/threads\/sv-national-dex-suspect-8-just-dance.3731534\/\">suspect thread<\/a>.<\/strong><\/div>\n|j|\u2606Marty1010\n|j|\u2606yinglunII\n|t:|1700896255\n|gametype|singles\n|player|p1|Marty1010|blackbelt-gen4|1362\n|player|p2|yinglunII|volkner|1427\n|teamsize|p1|6\n|teamsize|p2|6\n|gen|9\n|tier|[Gen 9] National Dex\n|rated|\n|rule|HP Percentage Mod: HP is shown in percentages\n|rule|Endless Battle Clause: Forcing endless battles is banned\n|rule|OHKO Clause: OHKO moves are banned\n|rule|Evasion Clause: Evasion abilities, items, and moves are banned\n|rule|Evasion Abilities Clause: Evasion abilities are banned\n|rule|Evasion Items Clause: Evasion items are banned\n|rule|Evasion Moves Clause: Evasion moves are banned\n|rule|Species Clause: Limit one of each Pok\u00e9mon\n|rule|Sleep Clause Mod: Limit one foe put to sleep\n|clearpoke\n|poke|p1|Landorus-Therian, M|\n|poke|p1|Zapdos|\n|poke|p1|Ferrothorn, F|\n|poke|p1|Corviknight, F|\n|poke|p1|Garganacl, M|\n|poke|p1|Toxapex, F|\n|poke|p2|Banette, F|\n|poke|p2|Urshifu-*, F|\n|poke|p2|Ribombee, M|\n|poke|p2|Blacephalon|\n|poke|p2|Tapu Lele|\n|poke|p2|Kommo-o, F|\n|teampreview\n|\n|t:|1700896268\n|start\n|switch|p1a: Dog God|Landorus-Therian, M|100\/100\n|switch|p2a: Ribombee|Ribombee, M|100\/100\n|-ability|p1a: Dog God|Intimidate|boost\n|-unboost|p2a: Ribombee|atk|1\n|turn|1\n|\n|t:|1700896288\n|move|p2a: Ribombee|Trick|p1a: Dog God\n|-activate|p2a: Ribombee|move: Trick|[of] p1a: Dog God\n|-item|p1a: Dog God|Choice Scarf|[from] move: Trick\n|-item|p2a: Ribombee|Leftovers|[from] move: Trick\n|move|p1a: Dog God|Toxic|p2a: Ribombee\n|-status|p2a: Ribombee|tox\n|\n|-damage|p2a: Ribombee|94\/100 tox|[from] psn\n|upkeep\n|turn|2\n|\n|t:|1700896300\n|switch|p1a: Spikey|Ferrothorn, F|100\/100\n|move|p2a: Ribombee|Sticky Web|p1a: Spikey\n|-sidestart|p1: Marty1010|move: Sticky Web\n|\n|-heal|p2a: Ribombee|100\/100 tox|[from] item: Leftovers\n|-damage|p2a: Ribombee|88\/100 tox|[from] psn\n|upkeep\n|turn|3\n|\n|t:|1700896317\n|move|p2a: Ribombee|Trick|p1a: Spikey\n|-activate|p2a: Ribombee|move: Trick|[of] p1a: Spikey\n|-item|p1a: Spikey|Leftovers|[from] move: Trick\n|-item|p2a: Ribombee|Rocky Helmet|[from] move: Trick\n|move|p1a: Spikey|Stealth Rock|p2a: Ribombee\n|-sidestart|p2: yinglunII|move: Stealth Rock\n|\n|-damage|p2a: Ribombee|70\/100 tox|[from] psn\n|upkeep\n|turn|4\n|\n|t:|1700896328\n|switch|p2a: Kommo-o|Kommo-o, F|100\/100\n|-damage|p2a: Kommo-o|94\/100|[from] Stealth Rock\n|move|p1a: Spikey|Spikes|p2a: Kommo-o\n|-sidestart|p2: yinglunII|Spikes\n|\n|upkeep\n|turn|5\n|\n|t:|1700896334\n|-zpower|p2a: Kommo-o\n|move|p2a: Kommo-o|Clangorous Soulblaze|p1a: Spikey|[zeffect]\n|-resisted|p1a: Spikey\n|-damage|p1a: Spikey|68\/100\n|-boost|p2a: Kommo-o|atk|1\n|-boost|p2a: Kommo-o|def|1\n|-boost|p2a: Kommo-o|spa|1\n|-boost|p2a: Kommo-o|spd|1\n|-boost|p2a: Kommo-o|spe|1\n|move|p1a: Spikey|Leech Seed|p2a: Kommo-o\n|-start|p2a: Kommo-o|move: Leech Seed\n|\n|-heal|p1a: Spikey|74\/100|[from] item: Leftovers\n|-damage|p2a: Kommo-o|82\/100|[from] Leech Seed|[of] p1a: Spikey\n|-heal|p1a: Spikey|84\/100|[silent]\n|upkeep\n|turn|6\n|\n|t:|1700896350\n|move|p2a: Kommo-o|Focus Blast|p1a: Spikey|[miss]\n|-miss|p2a: Kommo-o|p1a: Spikey\n|move|p1a: Spikey|Spikes|p2a: Kommo-o\n|-sidestart|p2: yinglunII|Spikes\n|\n|-heal|p1a: Spikey|90\/100|[from] item: Leftovers\n|-damage|p2a: Kommo-o|70\/100|[from] Leech Seed|[of] p1a: Spikey\n|-heal|p1a: Spikey|100\/100|[silent]\n|upkeep\n|turn|7\n|\n|t:|1700896358\n|move|p2a: Kommo-o|Clanging Scales|p1a: Spikey\n|-resisted|p1a: Spikey\n|-damage|p1a: Spikey|68\/100\n|-unboost|p2a: Kommo-o|def|1\n|move|p1a: Spikey|Spikes|p2a: Kommo-o\n|-sidestart|p2: yinglunII|Spikes\n|\n|-heal|p1a: Spikey|74\/100|[from] item: Leftovers\n|-damage|p2a: Kommo-o|57\/100|[from] Leech Seed|[of] p1a: Spikey\n|-heal|p1a: Spikey|84\/100|[silent]\n|upkeep\n|turn|8\n|\n|t:|1700896368\n|move|p2a: Kommo-o|Focus Blast|p1a: Spikey|[miss]\n|-miss|p2a: Kommo-o|p1a: Spikey\n|move|p1a: Spikey|Gyro Ball|p2a: Kommo-o\n|-immune|p2a: Kommo-o|[from] ability: Bulletproof\n|\n|-heal|p1a: Spikey|90\/100|[from] item: Leftovers\n|-damage|p2a: Kommo-o|45\/100|[from] Leech Seed|[of] p1a: Spikey\n|-heal|p1a: Spikey|100\/100|[silent]\n|upkeep\n|turn|9\n|\n|t:|1700896377\n|move|p2a: Kommo-o|Focus Blast|p1a: Spikey|[miss]\n|-miss|p2a: Kommo-o|p1a: Spikey\n|move|p1a: Spikey|Leech Seed||[still]\n|-fail|p1a: Spikey\n|\n|-damage|p2a: Kommo-o|32\/100|[from] Leech Seed|[of] p1a: Spikey\n|upkeep\n|turn|10\n|\n|t:|1700896384\n|switch|p1a: Poison|Toxapex, F|100\/100\n|-activate|p1a: Poison|move: Sticky Web\n|-unboost|p1a: Poison|spe|1\n|move|p2a: Kommo-o|Focus Blast|p1a: Poison\n|-resisted|p1a: Poison\n|-damage|p1a: Poison|67\/100\n|\n|-heal|p1a: Poison|73\/100|[from] item: Black Sludge\n|-damage|p2a: Kommo-o|20\/100|[from] Leech Seed|[of] p1a: Poison\n|-heal|p1a: Poison|85\/100|[silent]\n|upkeep\n|turn|11\n|\n|t:|1700896394\n|move|p2a: Kommo-o|Clanging Scales|p1a: Poison\n|-damage|p1a: Poison|30\/100\n|-unboost|p2a: Kommo-o|def|1\n|move|p1a: Poison|Toxic Spikes|p2a: Kommo-o\n|-sidestart|p2: yinglunII|move: Toxic Spikes\n|\n|-heal|p1a: Poison|37\/100|[from] item: Black Sludge\n|-damage|p2a: Kommo-o|8\/100|[from] Leech Seed|[of] p1a: Poison\n|-heal|p1a: Poison|49\/100|[silent]\n|upkeep\n|turn|12\n|\n|t:|1700896423\n|move|p1a: Poison|Baneful Bunker|p1a: Poison\n|-singleturn|p1a: Poison|move: Protect\n|move|p2a: Kommo-o|Focus Blast|p1a: Poison\n|-activate|p1a: Poison|move: Protect\n|\n|-heal|p1a: Poison|55\/100|[from] item: Black Sludge\n|-damage|p2a: Kommo-o|0 fnt|[from] Leech Seed|[of] p1a: Poison\n|-heal|p1a: Poison|62\/100|[silent]\n|faint|p2a: Kommo-o\n|upkeep\n|\n|t:|1700896430\n|switch|p2a: Tapu Lele|Tapu Lele|100\/100\n|-damage|p2a: Tapu Lele|88\/100|[from] Stealth Rock\n|-damage|p2a: Tapu Lele|63\/100|[from] Spikes\n|-status|p2a: Tapu Lele|psn\n|-fieldstart|move: Psychic Terrain|[from] ability: Psychic Surge|[of] p2a: Tapu Lele\n|turn|13\n|\n|t:|1700896444\n|switch|p1a: Spikey|Ferrothorn, F|100\/100\n|-activate|p1a: Spikey|move: Sticky Web\n|-unboost|p1a: Spikey|spe|1\n|move|p2a: Tapu Lele|Hidden Power|p1a: Spikey\n|-supereffective|p1a: Spikey\n|-damage|p1a: Spikey|0 fnt\n|faint|p1a: Spikey\n|\n|-damage|p2a: Tapu Lele|51\/100 psn|[from] psn\n|upkeep\n|\n|t:|1700896460\n|switch|p1a: Sparks|Zapdos|100\/100\n|turn|14\n|\n|t:|1700896466\n|switch|p2a: Ribombee|Ribombee, M|70\/100 tox\n|-damage|p2a: Ribombee|45\/100 tox|[from] Stealth Rock\n|-damage|p2a: Ribombee|20\/100 tox|[from] Spikes\n|move|p1a: Sparks|Thunderbolt|p2a: Ribombee\n|-damage|p2a: Ribombee|0 fnt\n|faint|p2a: Ribombee\n|\n|upkeep\n|\n|t:|1700896476\n|switch|p2a: Urshifu|Urshifu-Rapid-Strike, F|100\/100\n|-damage|p2a: Urshifu|94\/100|[from] Stealth Rock\n|-damage|p2a: Urshifu|69\/100|[from] Spikes\n|-status|p2a: Urshifu|psn\n|turn|15\n|\n|t:|1700896488\n|switch|p2a: Tapu Lele|Tapu Lele|51\/100 psn\n|-damage|p2a: Tapu Lele|38\/100 psn|[from] Stealth Rock\n|-damage|p2a: Tapu Lele|13\/100 psn|[from] Spikes\n|move|p1a: Sparks|Thunderbolt|p2a: Tapu Lele\n|-damage|p2a: Tapu Lele|0 fnt\n|faint|p2a: Tapu Lele\n|\n|upkeep\n|\n|t:|1700896492\n|switch|p2a: Urshifu|Urshifu-Rapid-Strike, F|69\/100 psn\n|-damage|p2a: Urshifu|63\/100 psn|[from] Stealth Rock\n|-damage|p2a: Urshifu|38\/100 psn|[from] Spikes\n|turn|16\n|\n|t:|1700896500\n|-terastallize|p2a: Urshifu|Water\n|move|p2a: Urshifu|Surging Strikes|p1a: Sparks\n|-crit|p1a: Sparks\n|-damage|p1a: Sparks|61\/100\n|-crit|p1a: Sparks\n|-damage|p1a: Sparks|21\/100\n|-crit|p1a: Sparks\n|-damage|p1a: Sparks|0 fnt\n|faint|p1a: Sparks\n|-hitcount|p1: Sparks|3\n|\n|-damage|p2a: Urshifu|26\/100 psn|[from] psn\n|upkeep\n|\n|t:|1700896511\n|switch|p1a: Poison|Toxapex, F|95\/100\n|-activate|p1a: Poison|move: Sticky Web\n|-unboost|p1a: Poison|spe|1\n|turn|17\n|\n|t:|1700896518\n|switch|p2a: Blacephalon|Blacephalon|100\/100\n|-damage|p2a: Blacephalon|76\/100|[from] Stealth Rock\n|-damage|p2a: Blacephalon|51\/100|[from] Spikes\n|-status|p2a: Blacephalon|psn\n|move|p1a: Poison|Toxic Spikes|p2a: Blacephalon\n|-sidestart|p2: yinglunII|move: Toxic Spikes\n|\n|-heal|p1a: Poison|100\/100|[from] item: Black Sludge\n|-damage|p2a: Blacephalon|39\/100 psn|[from] psn\n|-fieldend|move: Psychic Terrain\n|upkeep\n|turn|18\n|\n|t:|1700896530\n|move|p1a: Poison|Baneful Bunker|p1a: Poison\n|-singleturn|p1a: Poison|move: Protect\n|move|p2a: Blacephalon|Trick|p1a: Poison\n|-activate|p1a: Poison|move: Protect\n|\n|-damage|p2a: Blacephalon|27\/100 psn|[from] psn\n|upkeep\n|turn|19\n|\n|t:|1700896540\n|switch|p1a: Dog God|Landorus-Therian, M|100\/100\n|-ability|p1a: Dog God|Intimidate|boost\n|-unboost|p2a: Blacephalon|atk|1\n|move|p2a: Blacephalon|Trick|p1a: Dog God\n|-activate|p2a: Blacephalon|move: Trick|[of] p1a: Dog God\n|-item|p1a: Dog God|Choice Scarf|[from] move: Trick\n|-item|p2a: Blacephalon|Choice Scarf|[from] move: Trick\n|\n|-damage|p2a: Blacephalon|15\/100 psn|[from] psn\n|upkeep\n|turn|20\n|\n|t:|1700896554\n|move|p2a: Blacephalon|Flamethrower|p1a: Dog God\n|-damage|p1a: Dog God|36\/100\n|move|p1a: Dog God|Earthquake|p2a: Blacephalon\n|-supereffective|p2a: Blacephalon\n|-damage|p2a: Blacephalon|0 fnt\n|faint|p2a: Blacephalon\n|\n|upkeep\n|\n|t:|1700896559\n|switch|p2a: Urshifu|Urshifu-Rapid-Strike, F, tera:Water|26\/100 psn\n|-damage|p2a: Urshifu|14\/100 psn|[from] Stealth Rock\n|-damage|p2a: Urshifu|0 fnt|[from] Spikes\n|faint|p2a: Urshifu\n|\n|t:|1700896565\n|switch|p2a: Banette|Banette, F|100\/100\n|-damage|p2a: Banette|88\/100|[from] Stealth Rock\n|-damage|p2a: Banette|63\/100|[from] Spikes\n|-status|p2a: Banette|tox\n|-item|p1a: Dog God|Choice Scarf|[from] ability: Frisk|[of] p2a: Banette|[identify]\n|turn|21\n|\n|t:|1700896579\n|detailschange|p2a: Banette|Banette-Mega, F\n|-mega|p2a: Banette|Banette|Banettite\n|move|p1a: Dog God|Earthquake|p2a: Banette\n|-crit|p2a: Banette\n|-damage|p2a: Banette|0 fnt\n|faint|p2a: Banette\n|\n|win|Marty1010\n|raw|Marty1010's rating: 1362 &rarr; <strong>1386<\/strong><br \/>(+24 for winning)\n|raw|yinglunII's rating: 1427 &rarr; <strong>1403<\/strong><br \/>(-24 for losing)\n|c|\u2606yinglunII|\u771f\u6c14\u86cb\u5c31\u662f\u4e2a\u50bb\u903c\u6280\u80fd\n|c|\u2606Marty1010|gg\n","uploadtime":1700896618,"views":10,"p1id":"marty1010","p2id":"yinglunii","formatid":"gen9nationaldex","rating":1386,"private":0,"password":""}