{"id":"gen9nationaldex-1997616427","p1":"otterssssssss","p2":"zzs20011011","format":"[Gen 9] National Dex","log":"|html|<div class=\"broadcast-blue\"><strong>[Gen 9] National Dex is currently suspecting Sneasler! For information on how to participate check out the <a href=\"https:\/\/www.smogon.com\/forums\/threads\/sv-national-dex-suspect-8-just-dance.3731534\/\">suspect thread<\/a>.<\/strong><\/div>\n|j|\u2606otterssssssss\n|j|\u2606zzs20011011\n|t:|1700833441\n|gametype|singles\n|player|p1|otterssssssss|170|1135\n|player|p2|zzs20011011|iris-gen5bw2|1190\n|teamsize|p1|6\n|teamsize|p2|6\n|gen|9\n|tier|[Gen 9] National Dex\n|rated|\n|rule|HP Percentage Mod: HP is shown in percentages\n|rule|Endless Battle Clause: Forcing endless battles is banned\n|rule|OHKO Clause: OHKO moves are banned\n|rule|Evasion Clause: Evasion abilities, items, and moves are banned\n|rule|Evasion Abilities Clause: Evasion abilities are banned\n|rule|Evasion Items Clause: Evasion items are banned\n|rule|Evasion Moves Clause: Evasion moves are banned\n|rule|Species Clause: Limit one of each Pok\u00e9mon\n|rule|Sleep Clause Mod: Limit one foe put to sleep\n|clearpoke\n|poke|p1|Tyranitar, M|\n|poke|p1|Ogerpon-Cornerstone, F|\n|poke|p1|Tapu Fini|\n|poke|p1|Sinistcha|\n|poke|p1|Clodsire, F|\n|poke|p1|Gliscor, F|\n|poke|p2|Lopunny, F|\n|poke|p2|Glimmora, F|\n|poke|p2|Tapu Lele|\n|poke|p2|Alakazam, M|\n|poke|p2|Zapdos|\n|poke|p2|Blacephalon|\n|teampreview\n|inactive|Battle timer is ON: inactive players will automatically lose when time's up. (requested by zzs20011011)\n|\n|t:|1700833468\n|start\n|switch|p1a: Tapu Fini|Tapu Fini|100\/100\n|switch|p2a: Glimmora|Glimmora, F|100\/100\n|-fieldstart|move: Misty Terrain|[from] ability: Misty Surge|[of] p1a: Tapu Fini\n|turn|1\n|\n|t:|1700833479\n|-terastallize|p1a: Tapu Fini|Poison\n|move|p2a: Glimmora|Energy Ball|p1a: Tapu Fini\n|-resisted|p1a: Tapu Fini\n|-damage|p1a: Tapu Fini|88\/100\n|-unboost|p1a: Tapu Fini|spd|1\n|move|p1a: Tapu Fini|Iron Defense|p1a: Tapu Fini\n|-boost|p1a: Tapu Fini|def|2\n|\n|-heal|p1a: Tapu Fini|94\/100|[from] item: Leftovers\n|upkeep\n|turn|2\n|\n|t:|1700833491\n|move|p2a: Glimmora|Stealth Rock|p1a: Tapu Fini\n|-sidestart|p1: otterssssssss|move: Stealth Rock\n|move|p1a: Tapu Fini|Calm Mind|p1a: Tapu Fini\n|-boost|p1a: Tapu Fini|spa|1\n|-boost|p1a: Tapu Fini|spd|1\n|\n|-heal|p1a: Tapu Fini|99\/100|[from] item: Leftovers\n|upkeep\n|turn|3\n|\n|t:|1700833510\n|switch|p2a: Lopunny|Lopunny, F|100\/100\n|move|p1a: Tapu Fini|Calm Mind|p1a: Tapu Fini\n|-boost|p1a: Tapu Fini|spa|1\n|-boost|p1a: Tapu Fini|spd|1\n|\n|-heal|p1a: Tapu Fini|100\/100|[from] item: Leftovers\n|upkeep\n|turn|4\n|\n|t:|1700833521\n|detailschange|p2a: Lopunny|Lopunny-Mega, F\n|-mega|p2a: Lopunny|Lopunny|Lopunnite\n|move|p2a: Lopunny|Fake Out|p1a: Tapu Fini\n|-crit|p1a: Tapu Fini\n|-damage|p1a: Tapu Fini|70\/100\n|cant|p1a: Tapu Fini|flinch\n|\n|-heal|p1a: Tapu Fini|76\/100|[from] item: Leftovers\n|upkeep\n|turn|5\n|\n|t:|1700833538\n|move|p2a: Lopunny|Return|p1a: Tapu Fini\n|-damage|p1a: Tapu Fini|52\/100\n|move|p1a: Tapu Fini|Draining Kiss|p2a: Lopunny\n|-supereffective|p2a: Lopunny\n|-damage|p2a: Lopunny|0 fnt\n|-heal|p1a: Tapu Fini|100\/100|[from] drain|[of] p2a: Lopunny\n|faint|p2a: Lopunny\n|\n|-fieldend|Misty Terrain\n|upkeep\n|inactive|zzs20011011 has 120 seconds left.\n|\n|t:|1700833563\n|switch|p2a: Tapu Lele|Tapu Lele|100\/100\n|-fieldstart|move: Psychic Terrain|[from] ability: Psychic Surge|[of] p2a: Tapu Lele\n|turn|6\n|inactive|zzs20011011 has 120 seconds left.\n|\n|t:|1700833570\n|-terastallize|p2a: Tapu Lele|Psychic\n|move|p2a: Tapu Lele|Psychic|p1a: Tapu Fini\n|-supereffective|p1a: Tapu Fini\n|-damage|p1a: Tapu Fini|7\/100\n|move|p1a: Tapu Fini|Calm Mind|p1a: Tapu Fini\n|-boost|p1a: Tapu Fini|spa|1\n|-boost|p1a: Tapu Fini|spd|1\n|\n|-heal|p1a: Tapu Fini|13\/100|[from] item: Leftovers\n|upkeep\n|turn|7\n|\n|t:|1700833587\n|move|p2a: Tapu Lele|Psychic|p1a: Tapu Fini\n|-supereffective|p1a: Tapu Fini\n|-damage|p1a: Tapu Fini|0 fnt\n|faint|p1a: Tapu Fini\n|\n|upkeep\n|\n|t:|1700833597\n|switch|p1a: Tyranitar|Tyranitar, M|100\/100\n|-damage|p1a: Tyranitar|88\/100|[from] Stealth Rock\n|-weather|Sandstorm|[from] ability: Sand Stream|[of] p1a: Tyranitar\n|turn|8\n|\n|t:|1700833612\n|switch|p2a: Glimmora|Glimmora, F|100\/100\n|detailschange|p1a: Tyranitar|Tyranitar-Mega, M\n|-mega|p1a: Tyranitar|Tyranitar|Tyranitarite\n|move|p1a: Tyranitar|Dragon Dance|p1a: Tyranitar\n|-boost|p1a: Tyranitar|atk|1\n|-boost|p1a: Tyranitar|spe|1\n|\n|-weather|Sandstorm|[upkeep]\n|upkeep\n|turn|9\n|\n|t:|1700833623\n|move|p1a: Tyranitar|Dragon Dance|p1a: Tyranitar\n|-boost|p1a: Tyranitar|atk|1\n|-boost|p1a: Tyranitar|spe|1\n|move|p2a: Glimmora|Mortal Spin|p1a: Tyranitar\n|-resisted|p1a: Tyranitar\n|-damage|p1a: Tyranitar|86\/100\n|-status|p1a: Tyranitar|psn\n|\n|-weather|Sandstorm|[upkeep]\n|-damage|p1a: Tyranitar|74\/100 psn|[from] psn\n|upkeep\n|turn|10\n|inactive|zzs20011011 has 120 seconds left.\n|\n|t:|1700833651\n|move|p1a: Tyranitar|Knock Off|p2a: Glimmora\n|-enditem|p2a: Glimmora|Focus Sash\n|-damage|p2a: Glimmora|1\/100\n|-activate|p2a: Glimmora|ability: Toxic Debris\n|-sidestart|p1: otterssssssss|move: Toxic Spikes\n|move|p2a: Glimmora|Earth Power|p1a: Tyranitar\n|-supereffective|p1a: Tyranitar\n|-damage|p1a: Tyranitar|40\/100 psn\n|-unboost|p1a: Tyranitar|spd|1\n|\n|-weather|Sandstorm|[upkeep]\n|-damage|p1a: Tyranitar|28\/100 psn|[from] psn\n|-fieldend|move: Psychic Terrain\n|upkeep\n|turn|11\n|\n|t:|1700833666\n|move|p1a: Tyranitar|Fire Punch|p2a: Glimmora\n|-resisted|p2a: Glimmora\n|-damage|p2a: Glimmora|0 fnt\n|-activate|p2a: Glimmora|ability: Toxic Debris\n|-sidestart|p1: otterssssssss|move: Toxic Spikes\n|faint|p2a: Glimmora\n|\n|-weather|Sandstorm|[upkeep]\n|-damage|p1a: Tyranitar|15\/100 psn|[from] psn\n|upkeep\n|\n|t:|1700833674\n|switch|p2a: Tapu Lele|Tapu Lele, tera:Psychic|100\/100\n|-fieldstart|move: Psychic Terrain|[from] ability: Psychic Surge|[of] p2a: Tapu Lele\n|turn|12\n|\n|t:|1700833686\n|move|p1a: Tyranitar|Knock Off|p2a: Tapu Lele\n|-supereffective|p2a: Tapu Lele\n|-damage|p2a: Tapu Lele|0 fnt\n|-enditem|p2a: Tapu Lele|Choice Scarf|[from] move: Knock Off|[of] p1a: Tyranitar\n|faint|p2a: Tapu Lele\n|\n|-weather|none\n|-damage|p1a: Tyranitar|3\/100 psn|[from] psn\n|upkeep\n|\n|t:|1700833699\n|switch|p2a: Zapdos|Zapdos|100\/100\n|-ability|p2a: Zapdos|Pressure\n|turn|13\n|\n|t:|1700833711\n|move|p1a: Tyranitar|Ice Punch|p2a: Zapdos\n|-supereffective|p2a: Zapdos\n|-damage|p2a: Zapdos|0 fnt\n|-damage|p1a: Tyranitar|0 fnt|[from] item: Rocky Helmet|[of] p2a: Zapdos\n|faint|p2a: Zapdos\n|faint|p1a: Tyranitar\n|\n|upkeep\n|\n|t:|1700833718\n|switch|p1a: Clodsire|Clodsire, F|100\/100\n|switch|p2a: Alakazam|Alakazam, M|100\/100\n|-sideend|p1: otterssssssss|move: Toxic Spikes|[of] p1a: Clodsire\n|turn|14\n|\n|t:|1700833728\n|move|p2a: Alakazam|Expanding Force|p1a: Clodsire\n|-supereffective|p1a: Clodsire\n|-damage|p1a: Clodsire|15\/100\n|move|p1a: Clodsire|Earthquake|p2a: Alakazam\n|-damage|p2a: Alakazam|29\/100\n|\n|upkeep\n|turn|15\n|inactive|zzs20011011 has 120 seconds left.\n|\n|t:|1700833743\n|switch|p1a: Ogerpon|Ogerpon-Cornerstone, F|100\/100\n|-damage|p1a: Ogerpon|88\/100|[from] Stealth Rock\n|move|p2a: Alakazam|Dazzling Gleam|p1a: Ogerpon\n|-damage|p1a: Ogerpon|53\/100\n|\n|upkeep\n|turn|16\n|inactive|zzs20011011 has 120 seconds left.\n|\n|t:|1700833762\n|move|p2a: Alakazam|Expanding Force|p1a: Ogerpon\n|-damage|p1a: Ogerpon|0 fnt\n|faint|p1a: Ogerpon\n|\n|-fieldend|move: Psychic Terrain\n|upkeep\n|\n|t:|1700833768\n|switch|p1a: Gliscor|Gliscor, F|100\/100\n|-damage|p1a: Gliscor|88\/100|[from] Stealth Rock\n|turn|17\n|inactive|zzs20011011 has 120 seconds left.\n|\n|t:|1700833795\n|move|p2a: Alakazam|Psychic|p1a: Gliscor\n|-damage|p1a: Gliscor|47\/100\n|move|p1a: Gliscor|Earthquake|p2a: Alakazam\n|-crit|p2a: Alakazam\n|-damage|p2a: Alakazam|0 fnt\n|faint|p2a: Alakazam\n|\n|-status|p1a: Gliscor|tox|[from] item: Toxic Orb\n|upkeep\n|\n|t:|1700833803\n|switch|p2a: Blacephalon|Blacephalon|100\/100\n|turn|18\n|inactive|zzs20011011 has 90 seconds left.\n|\n|t:|1700833838\n|move|p2a: Blacephalon|Shadow Ball|p1a: Gliscor\n|-damage|p1a: Gliscor|0 fnt\n|faint|p1a: Gliscor\n|-ability|p2a: Blacephalon|Beast Boost|boost\n|-boost|p2a: Blacephalon|spa|1\n|\n|upkeep\n|\n|t:|1700833846\n|switch|p1a: Clodsire|Clodsire, F|15\/100\n|turn|19\n|\n|t:|1700833851\n|move|p2a: Blacephalon|Shadow Ball|p1a: Clodsire\n|-crit|p1a: Clodsire\n|-damage|p1a: Clodsire|0 fnt\n|faint|p1a: Clodsire\n|-ability|p2a: Blacephalon|Beast Boost|boost\n|-boost|p2a: Blacephalon|spa|1\n|\n|upkeep\n|\n|t:|1700833853\n|switch|p1a: Sinistcha|Sinistcha|100\/100\n|-damage|p1a: Sinistcha|88\/100|[from] Stealth Rock\n|turn|20\n|\n|t:|1700833860\n|move|p2a: Blacephalon|Shadow Ball|p1a: Sinistcha\n|-supereffective|p1a: Sinistcha\n|-damage|p1a: Sinistcha|0 fnt\n|faint|p1a: Sinistcha\n|\n|win|zzs20011011\n|raw|otterssssssss's rating: 1135 &rarr; <strong>1114<\/strong><br \/>(-21 for losing)\n|raw|zzs20011011's rating: 1190 &rarr; <strong>1211<\/strong><br \/>(+21 for winning)\n|c|\u2606zzs20011011|gg\n","uploadtime":1700833873,"views":0,"p1id":"otterssssssss","p2id":"zzs20011011","formatid":"gen9nationaldex","rating":1114,"private":0,"password":""}