{"id":"gen9nationaldex-1998441852","p1":"zachhoek","p2":"big_zegundo","format":"[Gen 9] National Dex","log":"|html|<div class=\"broadcast-blue\"><strong>[Gen 9] National Dex is currently suspecting Sneasler! For information on how to participate check out the <a href=\"https:\/\/www.smogon.com\/forums\/threads\/sv-national-dex-suspect-8-just-dance.3731534\/\">suspect thread<\/a>.<\/strong><\/div>\n|j|\u2606zachhoek\n|j|\u2606big_zegundo\n|t:|1700942728\n|gametype|singles\n|player|p1|zachhoek|psychic|\n|player|p2|big_zegundo|boarder|\n|teamsize|p1|6\n|teamsize|p2|6\n|gen|9\n|tier|[Gen 9] National Dex\n|rule|HP Percentage Mod: HP is shown in percentages\n|rule|Endless Battle Clause: Forcing endless battles is banned\n|rule|OHKO Clause: OHKO moves are banned\n|rule|Evasion Clause: Evasion abilities, items, and moves are banned\n|rule|Evasion Abilities Clause: Evasion abilities are banned\n|rule|Evasion Items Clause: Evasion items are banned\n|rule|Evasion Moves Clause: Evasion moves are banned\n|rule|Species Clause: Limit one of each Pok\u00e9mon\n|rule|Sleep Clause Mod: Limit one foe put to sleep\n|clearpoke\n|poke|p1|Greninja-*, F|\n|poke|p1|Aegislash, F|\n|poke|p1|Necrozma|\n|poke|p1|Eelektross, M|\n|poke|p1|Articuno|\n|poke|p1|Toedscruel, F|\n|poke|p2|Tapu Koko|\n|poke|p2|Iron Jugulis|\n|poke|p2|Tinkaton, F|\n|poke|p2|Gurdurr, M|\n|poke|p2|Ambipom, F|\n|poke|p2|Froslass, F|\n|teampreview\n|c|\u2606zachhoek|hf :]\n|c|\u2606big_zegundo|You too\n|\n|t:|1700942787\n|start\n|switch|p1a: SHAMMONED|Greninja, F|100\/100\n|switch|p2a: Froslass|Froslass, F|100\/100\n|turn|1\n|\n|t:|1700942835\n|move|p1a: SHAMMONED|Dark Pulse|p2a: Froslass\n|-start|p1a: SHAMMONED|typechange|Dark|[from] ability: Protean\n|-supereffective|p2a: Froslass\n|-enditem|p2a: Froslass|Focus Sash\n|-damage|p2a: Froslass|1\/100\n|move|p2a: Froslass|Thunder Wave|p1a: SHAMMONED\n|-status|p1a: SHAMMONED|par\n|\n|upkeep\n|turn|2\n|\n|t:|1700942846\n|move|p2a: Froslass|Signal Beam|p1a: SHAMMONED\n|-supereffective|p1a: SHAMMONED\n|-damage|p1a: SHAMMONED|36\/100 par\n|cant|p1a: SHAMMONED|par\n|\n|upkeep\n|turn|3\n|\n|t:|1700942854\n|switch|p1a: GOOBED|Aegislash, F|100\/100\n|move|p2a: Froslass|Ice Beam|p1a: GOOBED\n|-resisted|p1a: GOOBED\n|-damage|p1a: GOOBED|86\/100\n|\n|-heal|p1a: GOOBED|92\/100|[from] item: Leftovers\n|upkeep\n|turn|4\n|\n|t:|1700942862\n|switch|p2a: Gurdurr|Gurdurr, M|100\/100\n|-formechange|p1a: GOOBED|Aegislash-Blade||[from] ability: Stance Change\n|move|p1a: GOOBED|Shadow Sneak|p2a: Gurdurr\n|-damage|p2a: Gurdurr|85\/100\n|\n|-heal|p1a: GOOBED|98\/100|[from] item: Leftovers\n|upkeep\n|turn|5\n|\n|t:|1700942889\n|switch|p1a: CRUEL+UNUSUAL|Toedscruel, F|100\/100\n|move|p2a: Gurdurr|High Horsepower|p1a: CRUEL+UNUSUAL\n|-resisted|p1a: CRUEL+UNUSUAL\n|-damage|p1a: CRUEL+UNUSUAL|86\/100\n|\n|-heal|p1a: CRUEL+UNUSUAL|92\/100|[from] item: Leftovers\n|upkeep\n|turn|6\n|\n|t:|1700942914\n|move|p2a: Gurdurr|Drain Punch|p1a: CRUEL+UNUSUAL\n|-damage|p1a: CRUEL+UNUSUAL|53\/100\n|-heal|p2a: Gurdurr|100\/100|[from] drain|[of] p1a: CRUEL+UNUSUAL\n|move|p1a: CRUEL+UNUSUAL|Spore|p2a: Gurdurr\n|-status|p2a: Gurdurr|slp|[from] move: Spore\n|\n|-heal|p1a: CRUEL+UNUSUAL|59\/100|[from] item: Leftovers\n|upkeep\n|turn|7\n|\n|t:|1700942922\n|cant|p2a: Gurdurr|slp\n|move|p1a: CRUEL+UNUSUAL|Spikes|p2a: Gurdurr\n|-sidestart|p2: big_zegundo|Spikes\n|\n|-heal|p1a: CRUEL+UNUSUAL|65\/100|[from] item: Leftovers\n|upkeep\n|turn|8\n|\n|t:|1700942937\n|-curestatus|p2a: Gurdurr|slp|[msg]\n|move|p2a: Gurdurr|Defog|p1a: CRUEL+UNUSUAL\n|-unboost|p1a: CRUEL+UNUSUAL|evasion|1\n|-sideend|p2: big_zegundo|Spikes|[from] move: Defog|[of] p2a: Gurdurr\n|move|p1a: CRUEL+UNUSUAL|Spikes|p2a: Gurdurr\n|-sidestart|p2: big_zegundo|Spikes\n|\n|-heal|p1a: CRUEL+UNUSUAL|71\/100|[from] item: Leftovers\n|upkeep\n|turn|9\n|\n|t:|1700942943\n|move|p2a: Gurdurr|Drain Punch|p1a: CRUEL+UNUSUAL\n|-damage|p1a: CRUEL+UNUSUAL|33\/100\n|move|p1a: CRUEL+UNUSUAL|Spore|p2a: Gurdurr\n|-status|p2a: Gurdurr|slp|[from] move: Spore\n|\n|-heal|p1a: CRUEL+UNUSUAL|39\/100|[from] item: Leftovers\n|upkeep\n|turn|10\n|\n|t:|1700942946\n|switch|p1a: DIAMONDS DANCE|Necrozma|100\/100\n|cant|p2a: Gurdurr|slp\n|\n|upkeep\n|turn|11\n|\n|t:|1700942950\n|move|p1a: DIAMONDS DANCE|Dragon Dance|p1a: DIAMONDS DANCE\n|-boost|p1a: DIAMONDS DANCE|atk|1\n|-boost|p1a: DIAMONDS DANCE|spe|1\n|cant|p2a: Gurdurr|slp\n|\n|upkeep\n|turn|12\n|\n|t:|1700942989\n|move|p1a: DIAMONDS DANCE|Dragon Dance|p1a: DIAMONDS DANCE\n|-boost|p1a: DIAMONDS DANCE|atk|1\n|-boost|p1a: DIAMONDS DANCE|spe|1\n|cant|p2a: Gurdurr|slp\n|\n|upkeep\n|turn|13\n|\n|t:|1700942997\n|switch|p2a: Tinkaton|Tinkaton, F|100\/100\n|-damage|p2a: Tinkaton|88\/100|[from] Spikes\n|move|p1a: DIAMONDS DANCE|Photon Geyser|p2a: Tinkaton\n|-resisted|p2a: Tinkaton\n|-damage|p2a: Tinkaton|38\/100\n|\n|-heal|p2a: Tinkaton|44\/100|[from] item: Leftovers\n|upkeep\n|turn|14\n|\n|t:|1700943017\n|move|p1a: DIAMONDS DANCE|Photon Geyser|p2a: Tinkaton\n|-resisted|p2a: Tinkaton\n|-damage|p2a: Tinkaton|0 fnt\n|faint|p2a: Tinkaton\n|\n|upkeep\n|\n|t:|1700943024\n|switch|p2a: Ambipom|Ambipom, F|100\/100\n|-damage|p2a: Ambipom|88\/100|[from] Spikes\n|turn|15\n|\n|t:|1700943038\n|move|p2a: Ambipom|Fake Out|p1a: DIAMONDS DANCE\n|-damage|p1a: DIAMONDS DANCE|68\/100\n|cant|p1a: DIAMONDS DANCE|flinch\n|\n|-heal|p1a: DIAMONDS DANCE|74\/100|[from] item: Leftovers\n|upkeep\n|turn|16\n|\n|t:|1700943059\n|switch|p2a: Iron Jugulis|Iron Jugulis|100\/100\n|move|p1a: DIAMONDS DANCE|Stone Edge|p2a: Iron Jugulis|[miss]\n|-miss|p1a: DIAMONDS DANCE|p2a: Iron Jugulis\n|\n|-heal|p1a: DIAMONDS DANCE|80\/100|[from] item: Leftovers\n|upkeep\n|turn|17\n|c|\u2606big_zegundo|ohh sorry lmao\n|c|\u2606zachhoek|unfort\n|\n|t:|1700943085\n|move|p1a: DIAMONDS DANCE|Stone Edge|p2a: Iron Jugulis\n|-supereffective|p2a: Iron Jugulis\n|-crit|p2a: Iron Jugulis\n|-damage|p2a: Iron Jugulis|0 fnt\n|faint|p2a: Iron Jugulis\n|-end|p2a: Iron Jugulis|Quark Drive|[silent]\n|\n|-heal|p1a: DIAMONDS DANCE|87\/100|[from] item: Leftovers\n|upkeep\n|\n|t:|1700943097\n|switch|p2a: Tapu Koko|Tapu Koko|100\/100\n|-fieldstart|move: Electric Terrain|[from] ability: Electric Surge|[of] p2a: Tapu Koko\n|turn|18\n|\n|t:|1700943105\n|move|p1a: DIAMONDS DANCE|Photon Geyser|p2a: Tapu Koko\n|-damage|p2a: Tapu Koko|0 fnt\n|faint|p2a: Tapu Koko\n|\n|-heal|p1a: DIAMONDS DANCE|93\/100|[from] item: Leftovers\n|upkeep\n|\n|t:|1700943113\n|switch|p2a: Ambipom|Ambipom, F|88\/100\n|-damage|p2a: Ambipom|76\/100|[from] Spikes\n|turn|19\n|\n|t:|1700943115\n|move|p2a: Ambipom|Fake Out|p1a: DIAMONDS DANCE\n|-damage|p1a: DIAMONDS DANCE|61\/100\n|cant|p1a: DIAMONDS DANCE|flinch\n|\n|-heal|p1a: DIAMONDS DANCE|67\/100|[from] item: Leftovers\n|upkeep\n|turn|20\n|\n|t:|1700943117\n|move|p1a: DIAMONDS DANCE|Photon Geyser|p2a: Ambipom\n|-damage|p2a: Ambipom|0 fnt\n|faint|p2a: Ambipom\n|\n|-heal|p1a: DIAMONDS DANCE|73\/100|[from] item: Leftovers\n|upkeep\n|\n|t:|1700943119\n|switch|p2a: Froslass|Froslass, F|1\/100\n|-damage|p2a: Froslass|0 fnt|[from] Spikes\n|faint|p2a: Froslass\n|\n|t:|1700943121\n|switch|p2a: Gurdurr|Gurdurr, M|100\/100 slp\n|-damage|p2a: Gurdurr|88\/100 slp|[from] Spikes\n|turn|21\n|c|\u2606zachhoek|ggs\n|\n|t:|1700943123\n|move|p1a: DIAMONDS DANCE|Photon Geyser|p2a: Gurdurr\n|-supereffective|p2a: Gurdurr\n|-damage|p2a: Gurdurr|0 fnt\n|faint|p2a: Gurdurr\n|\n|win|zachhoek\n|c|\u2606zachhoek|making changes\n|c|\u2606big_zegundo|gg same\n","uploadtime":1700943130,"views":19,"p1id":"zachhoek","p2id":"bigzegundo","formatid":"gen9nationaldex","rating":0,"private":0,"password":""}