{"id":"gen9nationaldex-1995329789","p1":"AlphaOmega07","p2":"h0t water","format":"[Gen 9] National Dex","log":"|html|<div class=\"broadcast-blue\"><strong>[Gen 9] National Dex is currently suspecting Sneasler! For information on how to participate check out the <a href=\"https:\/\/www.smogon.com\/forums\/threads\/sv-national-dex-suspect-8-just-dance.3731534\/\">suspect thread<\/a>.<\/strong><\/div>\n|j|\u2606AlphaOmega07\n|j|\u2606h0t water\n|t:|1700554722\n|gametype|singles\n|player|p1|AlphaOmega07|2|1063\n|player|p2|h0t water|265|1121\n|teamsize|p1|6\n|teamsize|p2|6\n|gen|9\n|tier|[Gen 9] National Dex\n|rated|\n|rule|HP Percentage Mod: HP is shown in percentages\n|rule|Endless Battle Clause: Forcing endless battles is banned\n|rule|OHKO Clause: OHKO moves are banned\n|rule|Evasion Clause: Evasion abilities, items, and moves are banned\n|rule|Evasion Abilities Clause: Evasion abilities are banned\n|rule|Evasion Items Clause: Evasion items are banned\n|rule|Evasion Moves Clause: Evasion moves are banned\n|rule|Species Clause: Limit one of each Pok\u00e9mon\n|rule|Sleep Clause Mod: Limit one foe put to sleep\n|clearpoke\n|poke|p1|Kommo-o, M|\n|poke|p1|Hawlucha, F|\n|poke|p1|Ceruledge, F|\n|poke|p1|Grimmsnarl, M|\n|poke|p1|Volcarona, F|\n|poke|p1|Gliscor, M|\n|poke|p2|Iron Valiant|\n|poke|p2|Galvantula, M|\n|poke|p2|Uxie|\n|poke|p2|Blaziken, M|\n|poke|p2|Inteleon, F|\n|poke|p2|Haxorus, M|\n|teampreview\n|inactive|Battle timer is ON: inactive players will automatically lose when time's up. (requested by h0t water)\n|inactive|AlphaOmega07 also wants the timer to be on.\n|\n|t:|1700554740\n|start\n|switch|p1a: Hawlucha|Hawlucha, F, shiny|100\/100\n|switch|p2a: Uxie|Uxie|100\/100\n|turn|1\n|\n|t:|1700554747\n|move|p2a: Uxie|Trick|p1a: Hawlucha\n|-activate|p2a: Uxie|move: Trick|[of] p1a: Hawlucha\n|-item|p1a: Hawlucha|Choice Scarf|[from] move: Trick\n|-item|p2a: Uxie|Power Herb|[from] move: Trick\n|move|p1a: Hawlucha|Sky Attack||[still]\n|-prepare|p1a: Hawlucha|Sky Attack\n|\n|upkeep\n|turn|2\n|\n|t:|1700554755\n|move|p1a: Hawlucha|Sky Attack|p2a: Uxie|[from]lockedmove\n|-crit|p2a: Uxie\n|-damage|p2a: Uxie|26\/100\n|move|p2a: Uxie|Stealth Rock|p1a: Hawlucha\n|-sidestart|p1: AlphaOmega07|move: Stealth Rock\n|\n|upkeep\n|turn|3\n|\n|t:|1700554763\n|switch|p1a: Grimmsnarl|Grimmsnarl, M|100\/100\n|-damage|p1a: Grimmsnarl|88\/100|[from] Stealth Rock\n|move|p2a: Uxie|Thunder Wave|p1a: Grimmsnarl\n|-status|p1a: Grimmsnarl|par\n|\n|upkeep\n|turn|4\n|\n|t:|1700554771\n|move|p1a: Grimmsnarl|Fake Out|p2a: Uxie\n|-crit|p2a: Uxie\n|-damage|p2a: Uxie|8\/100\n|cant|p2a: Uxie|flinch\n|\n|upkeep\n|turn|5\n|\n|t:|1700554778\n|move|p2a: Uxie|Trick||[still]\n|-fail|p2a: Uxie\n|move|p1a: Grimmsnarl|Darkest Lariat|p2a: Uxie\n|-supereffective|p2a: Uxie\n|-damage|p2a: Uxie|0 fnt\n|faint|p2a: Uxie\n|\n|upkeep\n|\n|t:|1700554785\n|switch|p2a: Galvantula|Galvantula, M|100\/100\n|turn|6\n|\n|t:|1700554789\n|switch|p1a: Gliscor|Gliscor, M|100\/100\n|-damage|p1a: Gliscor|88\/100|[from] Stealth Rock\n|move|p2a: Galvantula|Sticky Web|p1a: Gliscor\n|-sidestart|p1: AlphaOmega07|move: Sticky Web\n|\n|-status|p1a: Gliscor|tox|[from] item: Toxic Orb\n|upkeep\n|turn|7\n|\n|t:|1700554797\n|switch|p2a: Inteleon|Inteleon, F|100\/100\n|move|p1a: Gliscor|Earthquake|p2a: Inteleon\n|-damage|p2a: Inteleon|26\/100\n|\n|-heal|p1a: Gliscor|100\/100 tox|[from] ability: Poison Heal\n|upkeep\n|turn|8\n|\n|t:|1700554804\n|move|p2a: Inteleon|Snipe Shot|p1a: Gliscor\n|-supereffective|p1a: Gliscor\n|-damage|p1a: Gliscor|0 fnt\n|faint|p1a: Gliscor\n|\n|upkeep\n|\n|t:|1700554808\n|switch|p1a: Grimmsnarl|Grimmsnarl, M|88\/100 par\n|-damage|p1a: Grimmsnarl|76\/100 par|[from] Stealth Rock\n|-activate|p1a: Grimmsnarl|move: Sticky Web\n|-unboost|p1a: Grimmsnarl|spe|1\n|turn|9\n|\n|t:|1700554814\n|switch|p2a: Iron Valiant|Iron Valiant|100\/100\n|-enditem|p2a: Iron Valiant|Booster Energy\n|-activate|p2a: Iron Valiant|ability: Quark Drive|[fromitem]\n|-start|p2a: Iron Valiant|quarkdrivespe\n|move|p1a: Grimmsnarl|Fake Out|p2a: Iron Valiant\n|-damage|p2a: Iron Valiant|82\/100\n|\n|upkeep\n|turn|10\n|\n|t:|1700554821\n|move|p2a: Iron Valiant|Swords Dance|p2a: Iron Valiant\n|-boost|p2a: Iron Valiant|atk|2\n|move|p1a: Grimmsnarl|Play Rough|p2a: Iron Valiant\n|-supereffective|p2a: Iron Valiant\n|-damage|p2a: Iron Valiant|0 fnt\n|faint|p2a: Iron Valiant\n|-end|p2a: Iron Valiant|Quark Drive|[silent]\n|\n|upkeep\n|\n|t:|1700554830\n|switch|p2a: Haxorus|Haxorus, M|100\/100\n|-ability|p2a: Haxorus|Mold Breaker\n|turn|11\n|\n|t:|1700554835\n|-terastallize|p2a: Haxorus|Steel\n|move|p2a: Haxorus|Swords Dance|p2a: Haxorus\n|-boost|p2a: Haxorus|atk|2\n|cant|p1a: Grimmsnarl|par\n|\n|upkeep\n|turn|12\n|\n|t:|1700554843\n|move|p2a: Haxorus|Iron Head|p1a: Grimmsnarl\n|-supereffective|p1a: Grimmsnarl\n|-damage|p1a: Grimmsnarl|0 fnt\n|faint|p1a: Grimmsnarl\n|\n|upkeep\n|\n|t:|1700554849\n|switch|p1a: Volcarona|Volcarona, F|100\/100\n|turn|13\n|\n|t:|1700554855\n|move|p2a: Haxorus|Scale Shot|p1a: Volcarona\n|-damage|p1a: Volcarona|53\/100\n|-damage|p1a: Volcarona|10\/100\n|-damage|p1a: Volcarona|0 fnt\n|faint|p1a: Volcarona\n|-hitcount|p1: Volcarona|3\n|-unboost|p2a: Haxorus|def|1\n|-boost|p2a: Haxorus|spe|1\n|\n|upkeep\n|-message|AlphaOmega07 forfeited.\n|\n|win|h0t water\n|raw|AlphaOmega07's rating: 1063 &rarr; <strong>1047<\/strong><br \/>(-16 for losing)\n|raw|h0t water's rating: 1121 &rarr; <strong>1142<\/strong><br \/>(+21 for winning)\n|l|\u2606AlphaOmega07\n","uploadtime":1700554896,"views":1,"p1id":"alphaomega07","p2id":"h0twater","formatid":"gen9nationaldex","rating":1047,"private":0,"password":""}