{"id":"gen9nationaldex-1998544739","p1":"Brianbolical","p2":"saori_frog","format":"[Gen 9] National Dex","log":"|html|<div class=\"broadcast-blue\"><strong>[Gen 9] National Dex is currently suspecting Sneasler! For information on how to participate check out the <a href=\"https:\/\/www.smogon.com\/forums\/threads\/sv-national-dex-suspect-8-just-dance.3731534\/\">suspect thread<\/a>.<\/strong><\/div>\n|j|\u2606Brianbolical\n|j|\u2606saori_frog\n|t:|1700954527\n|gametype|singles\n|player|p1|Brianbolical|veteran|\n|player|p2|saori_frog|cynthia|\n|teamsize|p1|6\n|teamsize|p2|6\n|gen|9\n|tier|[Gen 9] National Dex\n|rule|HP Percentage Mod: HP is shown in percentages\n|rule|Endless Battle Clause: Forcing endless battles is banned\n|rule|OHKO Clause: OHKO moves are banned\n|rule|Evasion Clause: Evasion abilities, items, and moves are banned\n|rule|Evasion Abilities Clause: Evasion abilities are banned\n|rule|Evasion Items Clause: Evasion items are banned\n|rule|Evasion Moves Clause: Evasion moves are banned\n|rule|Species Clause: Limit one of each Pok\u00e9mon\n|rule|Sleep Clause Mod: Limit one foe put to sleep\n|clearpoke\n|poke|p1|Infernape, M|\n|poke|p1|Volcarona, F|\n|poke|p1|Heatran, F|\n|poke|p1|Rotom-Heat|\n|poke|p1|Turtonator, F|\n|poke|p1|Charizard, M|\n|poke|p2|Dracozolt|\n|poke|p2|Dipplin, F|\n|poke|p2|Altaria, M|\n|poke|p2|Dragonair, M|\n|poke|p2|Tatsugiri, M|\n|poke|p2|Garchomp, M|\n|teampreview\n|\n|t:|1700954585\n|start\n|switch|p1a: Volcarona|Volcarona, F|100\/100\n|switch|p2a: Dracozolt|Dracozolt|100\/100\n|turn|1\n|\n|t:|1700954632\n|move|p2a: Dracozolt|Bolt Beak|p1a: Volcarona\n|-damage|p1a: Volcarona|0 fnt\n|faint|p1a: Volcarona\n|\n|upkeep\n|\n|t:|1700954658\n|switch|p1a: Heatran|Heatran, F, shiny|100\/100\n|turn|2\n|\n|t:|1700954665\n|move|p2a: Dracozolt|Bolt Beak|p1a: Heatran\n|-damage|p1a: Heatran|0 fnt\n|faint|p1a: Heatran\n|\n|upkeep\n|\n|t:|1700954678\n|switch|p1a: Infernape|Infernape, M|100\/100\n|turn|3\n|\n|t:|1700954686\n|move|p2a: Dracozolt|Bolt Beak|p1a: Infernape\n|-enditem|p1a: Infernape|Focus Sash\n|-damage|p1a: Infernape|1\/100\n|move|p1a: Infernape|Swords Dance|p1a: Infernape\n|-boost|p1a: Infernape|atk|2\n|\n|upkeep\n|turn|4\n|\n|t:|1700954709\n|move|p2a: Dracozolt|Bolt Beak|p1a: Infernape\n|-damage|p1a: Infernape|0 fnt\n|faint|p1a: Infernape\n|\n|upkeep\n|\n|t:|1700954722\n|switch|p1a: Rotom|Rotom-Heat, shiny|100\/100\n|turn|5\n|\n|t:|1700954735\n|move|p2a: Dracozolt|Bolt Beak|p1a: Rotom\n|-resisted|p1a: Rotom\n|-damage|p1a: Rotom|45\/100\n|-enditem|p1a: Rotom|Sitrus Berry|[eat]\n|-heal|p1a: Rotom|70\/100|[from] item: Sitrus Berry\n|move|p1a: Rotom|Will-O-Wisp|p2a: Dracozolt\n|-status|p2a: Dracozolt|brn\n|\n|-damage|p2a: Dracozolt|94\/100 brn|[from] brn\n|upkeep\n|turn|6\n|\n|t:|1700954748\n|move|p2a: Dracozolt|Bolt Beak|p1a: Rotom\n|-resisted|p1a: Rotom\n|-damage|p1a: Rotom|40\/100\n|move|p1a: Rotom|Thunderbolt|p2a: Dracozolt\n|-resisted|p2a: Dracozolt\n|-damage|p2a: Dracozolt|80\/100 brn\n|\n|-damage|p2a: Dracozolt|74\/100 brn|[from] brn\n|upkeep\n|turn|7\n|\n|t:|1700954758\n|move|p2a: Dracozolt|Bolt Beak|p1a: Rotom|[miss]\n|-miss|p2a: Dracozolt|p1a: Rotom\n|move|p1a: Rotom|Thunderbolt|p2a: Dracozolt\n|-resisted|p2a: Dracozolt\n|-damage|p2a: Dracozolt|59\/100 brn\n|\n|-damage|p2a: Dracozolt|53\/100 brn|[from] brn\n|upkeep\n|turn|8\n|\n|t:|1700954770\n|move|p2a: Dracozolt|Bolt Beak|p1a: Rotom\n|-resisted|p1a: Rotom\n|-damage|p1a: Rotom|12\/100\n|move|p1a: Rotom|Overheat|p2a: Dracozolt\n|-resisted|p2a: Dracozolt\n|-damage|p2a: Dracozolt|13\/100 brn\n|-unboost|p1a: Rotom|spa|2\n|\n|-damage|p2a: Dracozolt|7\/100 brn|[from] brn\n|upkeep\n|turn|9\n|\n|t:|1700954783\n|move|p2a: Dracozolt|Bolt Beak|p1a: Rotom\n|-resisted|p1a: Rotom\n|-damage|p1a: Rotom|0 fnt\n|faint|p1a: Rotom\n|\n|-damage|p2a: Dracozolt|0 fnt|[from] brn\n|faint|p2a: Dracozolt\n|upkeep\n|\n|t:|1700954796\n|switch|p2a: Datsugiri|Tatsugiri, M|100\/100\n|switch|p1a: Charizard|Charizard, M, shiny|100\/100\n|turn|10\n|\n|t:|1700954805\n|move|p1a: Charizard|Dragon Pulse|p2a: Datsugiri\n|-supereffective|p2a: Datsugiri\n|-damage|p2a: Datsugiri|34\/100\n|move|p2a: Datsugiri|Nasty Plot|p2a: Datsugiri\n|-boost|p2a: Datsugiri|spa|2\n|\n|upkeep\n|turn|11\n|\n|t:|1700954815\n|move|p1a: Charizard|Dragon Pulse|p2a: Datsugiri\n|-supereffective|p2a: Datsugiri\n|-damage|p2a: Datsugiri|0 fnt\n|faint|p2a: Datsugiri\n|\n|upkeep\n|\n|t:|1700954854\n|switch|p2a: Darchomp|Garchomp, M|100\/100\n|turn|12\n|\n|t:|1700954865\n|move|p2a: Darchomp|Substitute|p2a: Darchomp\n|-start|p2a: Darchomp|Substitute\n|-damage|p2a: Darchomp|76\/100\n|move|p1a: Charizard|Dragon Pulse|p2a: Darchomp\n|-supereffective|p2a: Darchomp\n|-crit|p2a: Darchomp\n|-end|p2a: Darchomp|Substitute\n|\n|-heal|p2a: Darchomp|82\/100|[from] item: Leftovers\n|upkeep\n|turn|13\n|\n|t:|1700954895\n|move|p2a: Darchomp|Earthquake|p1a: Charizard\n|-immune|p1a: Charizard\n|move|p1a: Charizard|Dragon Pulse|p2a: Darchomp\n|-supereffective|p2a: Darchomp\n|-damage|p2a: Darchomp|20\/100\n|\n|-heal|p2a: Darchomp|26\/100|[from] item: Leftovers\n|upkeep\n|turn|14\n|\n|t:|1700954914\n|move|p2a: Darchomp|Dragon Claw|p1a: Charizard\n|-damage|p1a: Charizard|44\/100\n|move|p1a: Charizard|Dragon Pulse|p2a: Darchomp\n|-supereffective|p2a: Darchomp\n|-damage|p2a: Darchomp|0 fnt\n|faint|p2a: Darchomp\n|\n|upkeep\n|\n|t:|1700954927\n|switch|p2a: Dragonair|Dragonair, M|100\/100\n|turn|15\n|\n|t:|1700954943\n|move|p1a: Charizard|Dragon Pulse|p2a: Dragonair\n|-supereffective|p2a: Dragonair\n|-damage|p2a: Dragonair|44\/100\n|move|p2a: Dragonair|Outrage|p1a: Charizard\n|-damage|p1a: Charizard|0 fnt\n|faint|p1a: Charizard\n|\n|upkeep\n|\n|t:|1700954950\n|switch|p1a: Turtonator|Turtonator, F|100\/100\n|turn|16\n|\n|t:|1700954976\n|-terastallize|p1a: Turtonator|Fighting\n|move|p2a: Dragonair|Outrage|p1a: Turtonator|[from]lockedmove\n|-damage|p1a: Turtonator|61\/100\n|-start|p2a: Dragonair|confusion|[fatigue]\n|move|p1a: Turtonator|Dragon Pulse|p2a: Dragonair\n|-supereffective|p2a: Dragonair\n|-damage|p2a: Dragonair|0 fnt\n|faint|p2a: Dragonair\n|\n|upkeep\n|\n|t:|1700954986\n|switch|p2a: Daltaria|Altaria, M, shiny|100\/100\n|turn|17\n|\n|t:|1700954996\n|move|p2a: Daltaria|Brave Bird|p1a: Turtonator\n|-supereffective|p1a: Turtonator\n|-damage|p1a: Turtonator|11\/100\n|-damage|p2a: Daltaria|86\/100|[from] Recoil\n|move|p1a: Turtonator|Dragon Pulse|p2a: Daltaria\n|-supereffective|p2a: Daltaria\n|-damage|p2a: Daltaria|7\/100\n|\n|upkeep\n|turn|18\n|\n|t:|1700955005\n|move|p2a: Daltaria|Brave Bird|p1a: Turtonator\n|-supereffective|p1a: Turtonator\n|-damage|p1a: Turtonator|0 fnt\n|faint|p1a: Turtonator\n|-damage|p2a: Daltaria|4\/100|[from] Recoil\n|\n|win|saori_frog\n","uploadtime":1700955013,"views":2,"p1id":"brianbolical","p2id":"saorifrog","formatid":"gen9nationaldex","rating":0,"private":0,"password":""}