{"id":"gen9nationaldex-1990509989","p1":"reyanthefish","p2":"On9 Ghost","format":"[Gen 9] National Dex","log":"|j|\u2606reyanthefish\n|j|\u2606On9 Ghost\n|t:|1699977359\n|gametype|singles\n|player|p1|reyanthefish|cynthia-gen4|1105\n|player|p2|On9 Ghost|ethan|1000\n|teamsize|p1|6\n|teamsize|p2|6\n|gen|9\n|tier|[Gen 9] National Dex\n|rated|\n|rule|HP Percentage Mod: HP is shown in percentages\n|rule|Endless Battle Clause: Forcing endless battles is banned\n|rule|OHKO Clause: OHKO moves are banned\n|rule|Evasion Clause: Evasion abilities, items, and moves are banned\n|rule|Evasion Abilities Clause: Evasion abilities are banned\n|rule|Evasion Items Clause: Evasion items are banned\n|rule|Evasion Moves Clause: Evasion moves are banned\n|rule|Species Clause: Limit one of each Pok\u00e9mon\n|rule|Sleep Clause Mod: Limit one foe put to sleep\n|clearpoke\n|poke|p1|Infernape, M|\n|poke|p1|Xurkitree|\n|poke|p1|Gardevoir, F|\n|poke|p1|Serperior, F|\n|poke|p1|Samurott, M|\n|poke|p1|Lopunny, F|\n|poke|p2|Mawile, F|\n|poke|p2|Hippowdon, F|\n|poke|p2|Dracozolt|\n|poke|p2|Tornadus-Therian, M|\n|poke|p2|Volcanion|\n|poke|p2|Clefable, M|\n|teampreview\n|\n|t:|1699977368\n|start\n|switch|p1a: Xurkitree|Xurkitree|100\/100\n|switch|p2a: Mawile|Mawile, F|100\/100\n|-ability|p2a: Mawile|Intimidate|boost\n|-unboost|p1a: Xurkitree|atk|1\n|turn|1\n|\n|t:|1699977379\n|detailschange|p2a: Mawile|Mawile-Mega, F\n|-mega|p2a: Mawile|Mawile|Mawilite\n|-zpower|p1a: Xurkitree\n|move|p1a: Xurkitree|Z-Hypnosis|p2a: Mawile|[anim]Hypnosis\n|-boost|p1a: Xurkitree|spe|1|[zeffect]\n|-status|p2a: Mawile|slp|[from] move: Hypnosis\n|cant|p2a: Mawile|slp\n|\n|upkeep\n|turn|2\n|\n|t:|1699977393\n|cant|p2a: Mawile|slp\n|move|p1a: Xurkitree|Tail Glow|p1a: Xurkitree\n|-boost|p1a: Xurkitree|spa|3\n|\n|upkeep\n|turn|3\n|\n|t:|1699977414\n|-curestatus|p2a: Mawile|slp|[msg]\n|move|p2a: Mawile|Sucker Punch|p1a: Xurkitree\n|-damage|p1a: Xurkitree|34\/100\n|move|p1a: Xurkitree|Energy Ball|p2a: Mawile\n|-resisted|p2a: Mawile\n|-damage|p2a: Mawile|46\/100\n|\n|upkeep\n|turn|4\n|\n|t:|1699977426\n|move|p1a: Xurkitree|Hypnosis|p2a: Mawile\n|-status|p2a: Mawile|slp|[from] move: Hypnosis\n|cant|p2a: Mawile|slp\n|\n|upkeep\n|turn|5\n|\n|t:|1699977432\n|cant|p2a: Mawile|slp\n|move|p1a: Xurkitree|Tail Glow|p1a: Xurkitree\n|-boost|p1a: Xurkitree|spa|3\n|\n|upkeep\n|turn|6\n|\n|t:|1699977438\n|-curestatus|p2a: Mawile|slp|[msg]\n|move|p2a: Mawile|Sucker Punch|p1a: Xurkitree\n|-damage|p1a: Xurkitree|0 fnt\n|faint|p1a: Xurkitree\n|\n|upkeep\n|\n|t:|1699977449\n|switch|p1a: Lopunny|Lopunny, F|100\/100\n|turn|7\n|\n|t:|1699977457\n|switch|p2a: Clefable|Clefable, M|100\/100\n|move|p1a: Lopunny|Thunder Wave|p2a: Clefable\n|-status|p2a: Clefable|par\n|\n|upkeep\n|turn|8\n|\n|t:|1699977469\n|move|p1a: Lopunny|Thunder Punch|p2a: Clefable\n|-damage|p2a: Clefable|85\/100 par\n|move|p2a: Clefable|Wish|p2a: Clefable\n|\n|-heal|p2a: Clefable|91\/100 par|[from] item: Leftovers\n|upkeep\n|turn|9\n|\n|t:|1699977480\n|switch|p1a: Infernape|Infernape, M|100\/100\n|switch|p2a: Mawile|Mawile-Mega, F|46\/100\n|\n|-heal|p2a: Mawile|100\/100|[from] move: Wish|[wisher] Clefable\n|upkeep\n|turn|10\n|\n|t:|1699977493\n|switch|p2a: Volcanion|Volcanion|100\/100\n|move|p1a: Infernape|Swords Dance|p1a: Infernape\n|-boost|p1a: Infernape|atk|2\n|\n|upkeep\n|turn|11\n|\n|t:|1699977501\n|-terastallize|p1a: Infernape|Water\n|move|p1a: Infernape|Acrobatics|p2a: Volcanion\n|-damage|p2a: Volcanion|48\/100\n|move|p2a: Volcanion|Earth Power|p1a: Infernape\n|-damage|p1a: Infernape|47\/100\n|\n|upkeep\n|turn|12\n|\n|t:|1699977524\n|switch|p2a: Dracozolt|Dracozolt|100\/100\n|move|p1a: Infernape|Acrobatics|p2a: Dracozolt\n|-resisted|p2a: Dracozolt\n|-damage|p2a: Dracozolt|59\/100\n|\n|upkeep\n|turn|13\n|\n|t:|1699977544\n|switch|p2a: Hippowdon|Hippowdon, F|100\/100\n|-weather|Sandstorm|[from] ability: Sand Stream|[of] p2a: Hippowdon\n|move|p1a: Infernape|Mach Punch|p2a: Hippowdon\n|-damage|p2a: Hippowdon|77\/100\n|\n|-weather|Sandstorm|[upkeep]\n|-damage|p1a: Infernape|41\/100|[from] Sandstorm\n|upkeep\n|turn|14\n|\n|t:|1699977556\n|move|p1a: Infernape|Acrobatics|p2a: Hippowdon\n|-damage|p2a: Hippowdon|45\/100\n|move|p2a: Hippowdon|Stealth Rock|p1a: Infernape\n|-sidestart|p1: reyanthefish|move: Stealth Rock\n|\n|-weather|Sandstorm|[upkeep]\n|-damage|p1a: Infernape|35\/100|[from] Sandstorm\n|upkeep\n|turn|15\n|\n|t:|1699977566\n|move|p1a: Infernape|Fire Punch|p2a: Hippowdon\n|-damage|p2a: Hippowdon|0 fnt\n|faint|p2a: Hippowdon\n|\n|-weather|Sandstorm|[upkeep]\n|-damage|p1a: Infernape|29\/100|[from] Sandstorm\n|upkeep\n|\n|t:|1699977573\n|switch|p2a: Dracozolt|Dracozolt|59\/100\n|turn|16\n|\n|t:|1699977582\n|move|p2a: Dracozolt|Bolt Beak|p1a: Infernape\n|-supereffective|p1a: Infernape\n|-damage|p1a: Infernape|0 fnt\n|faint|p1a: Infernape\n|-damage|p2a: Dracozolt|49\/100|[from] item: Life Orb\n|\n|-weather|Sandstorm|[upkeep]\n|upkeep\n|\n|t:|1699977592\n|switch|p1a: Lopunny|Lopunny, F|100\/100\n|-damage|p1a: Lopunny|88\/100|[from] Stealth Rock\n|turn|17\n|\n|t:|1699977598\n|move|p2a: Dracozolt|Bolt Beak|p1a: Lopunny\n|-damage|p1a: Lopunny|0 fnt\n|faint|p1a: Lopunny\n|-damage|p2a: Dracozolt|39\/100|[from] item: Life Orb\n|\n|-weather|Sandstorm|[upkeep]\n|upkeep\n|\n|t:|1699977607\n|switch|p1a: Gardevoir|Gardevoir, F|100\/100\n|-damage|p1a: Gardevoir|88\/100|[from] Stealth Rock\n|-ability|p1a: Gardevoir|Sand Rush|[from] ability: Trace|[of] p2a: Dracozolt\n|turn|18\n|\n|t:|1699977616\n|detailschange|p1a: Gardevoir|Gardevoir-Mega, F\n|-mega|p1a: Gardevoir|Gardevoir|Gardevoirite\n|move|p2a: Dracozolt|Bolt Beak|p1a: Gardevoir\n|-damage|p1a: Gardevoir|0 fnt\n|faint|p1a: Gardevoir\n|-damage|p2a: Dracozolt|29\/100|[from] item: Life Orb\n|\n|-weather|Sandstorm|[upkeep]\n|upkeep\n|\n|t:|1699977623\n|switch|p1a: Samurott|Samurott, M|100\/100\n|-damage|p1a: Samurott|88\/100|[from] Stealth Rock\n|turn|19\n|\n|t:|1699977629\n|move|p2a: Dracozolt|Bolt Beak|p1a: Samurott\n|-supereffective|p1a: Samurott\n|-damage|p1a: Samurott|0 fnt\n|faint|p1a: Samurott\n|-damage|p2a: Dracozolt|20\/100|[from] item: Life Orb\n|\n|-weather|Sandstorm|[upkeep]\n|upkeep\n|\n|t:|1699977635\n|switch|p1a: Serperior|Serperior, F|100\/100\n|-damage|p1a: Serperior|88\/100|[from] Stealth Rock\n|turn|20\n|\n|t:|1699977640\n|move|p2a: Dracozolt|Bolt Beak|p1a: Serperior\n|-resisted|p1a: Serperior\n|-damage|p1a: Serperior|19\/100\n|-damage|p2a: Dracozolt|10\/100|[from] item: Life Orb\n|move|p1a: Serperior|Leaf Storm|p2a: Dracozolt\n|-resisted|p2a: Dracozolt\n|-damage|p2a: Dracozolt|0 fnt\n|-boost|p1a: Serperior|spa|2\n|faint|p2a: Dracozolt\n|\n|-weather|none\n|-heal|p1a: Serperior|25\/100|[from] item: Leftovers\n|upkeep\n|\n|t:|1699977651\n|switch|p2a: Mawile|Mawile-Mega, F|100\/100\n|turn|21\n|\n|t:|1699977656\n|move|p1a: Serperior|Leaf Storm|p2a: Mawile\n|-resisted|p2a: Mawile\n|-damage|p2a: Mawile|42\/100\n|-boost|p1a: Serperior|spa|2\n|move|p2a: Mawile|Play Rough|p1a: Serperior\n|-damage|p1a: Serperior|0 fnt\n|faint|p1a: Serperior\n|\n|win|On9 Ghost\n|raw|reyanthefish's rating: 1105 &rarr; <strong>1073<\/strong><br \/>(-32 for losing)\n|raw|On9 Ghost's rating: 1000 &rarr; <strong>1052<\/strong><br \/>(+52 for winning)\n|l|\u2606reyanthefish\n","uploadtime":1699977667,"views":5,"p1id":"reyanthefish","p2id":"on9ghost","formatid":"gen9nationaldex","rating":1052,"private":0,"password":""}