{"id":"gen9nationaldex-2000320589","p1":"Cringelord19","p2":"Laidla\u2764","format":"[Gen 9] National Dex","log":"|html|<div class=\"broadcast-blue\"><strong>[Gen 9] National Dex is currently suspecting Sneasler! For information on how to participate check out the <a href=\"https:\/\/www.smogon.com\/forums\/threads\/sv-national-dex-suspect-8-just-dance.3731534\/\">suspect thread<\/a>.<\/strong><\/div>\n|j|\u2606Cringelord19\n|j|\u203dLaidla\u2764\n|t:|1701184696\n|gametype|singles\n|player|p1|Cringelord19|265|1118\n|player|p2|Laidla\u2764|lady-gen4|1152\n|teamsize|p1|6\n|teamsize|p2|6\n|gen|9\n|tier|[Gen 9] National Dex\n|rated|\n|rule|HP Percentage Mod: HP is shown in percentages\n|rule|Endless Battle Clause: Forcing endless battles is banned\n|rule|OHKO Clause: OHKO moves are banned\n|rule|Evasion Clause: Evasion abilities, items, and moves are banned\n|rule|Evasion Abilities Clause: Evasion abilities are banned\n|rule|Evasion Items Clause: Evasion items are banned\n|rule|Evasion Moves Clause: Evasion moves are banned\n|rule|Species Clause: Limit one of each Pok\u00e9mon\n|rule|Sleep Clause Mod: Limit one foe put to sleep\n|clearpoke\n|poke|p1|Metagross|\n|poke|p1|Tangrowth, M|\n|poke|p1|Tentacruel, F|\n|poke|p1|Bouffalant, M|\n|poke|p1|Toucannon, F|\n|poke|p1|Turtonator, M|\n|poke|p2|Pikachu, F|\n|poke|p2|Venusaur, F|\n|poke|p2|Charizard, F|\n|poke|p2|Blastoise, F|\n|poke|p2|Espeon, F|\n|poke|p2|Snorlax, F|\n|teampreview\n|inactive|Battle timer is ON: inactive players will automatically lose when time's up. (requested by Laidla\u2764)\n|inactive|Laidla\u2764 has 120 seconds left.\n|inactive|Laidla\u2764 has 90 seconds left.\n|\n|t:|1701184768\n|start\n|switch|p1a: Bouffalant|Bouffalant, M|100\/100\n|switch|p2a: Espeon|Espeon, F|100\/100\n|turn|1\n|\n|t:|1701184775\n|move|p2a: Espeon|Psychic|p1a: Bouffalant\n|-damage|p1a: Bouffalant|41\/100\n|move|p1a: Bouffalant|Throat Chop|p2a: Espeon\n|-supereffective|p2a: Espeon\n|-damage|p2a: Espeon|0 fnt\n|faint|p2a: Espeon\n|-damage|p1a: Bouffalant|31\/100|[from] item: Life Orb\n|\n|upkeep\n|\n|t:|1701184793\n|switch|p2a: Blastoise|Blastoise, F|100\/100\n|turn|2\n|\n|t:|1701184798\n|switch|p1a: Tangrowth|Tangrowth, M|100\/100\n|move|p2a: Blastoise|Scald|p1a: Tangrowth\n|-resisted|p1a: Tangrowth\n|-damage|p1a: Tangrowth|81\/100\n|\n|upkeep\n|turn|3\n|\n|t:|1701184805\n|switch|p2a: Venusaur|Venusaur, F|100\/100\n|move|p1a: Tangrowth|Knock Off|p2a: Venusaur\n|-damage|p2a: Venusaur|73\/100\n|-enditem|p2a: Venusaur|Life Orb|[from] move: Knock Off|[of] p1a: Tangrowth\n|\n|upkeep\n|turn|4\n|\n|t:|1701184814\n|switch|p1a: Metagross|Metagross|100\/100\n|move|p2a: Venusaur|Sludge Bomb|p1a: Metagross\n|-immune|p1a: Metagross\n|\n|upkeep\n|turn|5\n|\n|t:|1701184821\n|switch|p2a: Charizard|Charizard, F|100\/100\n|move|p1a: Metagross|Ice Punch|p2a: Charizard\n|-damage|p2a: Charizard|37\/100\n|\n|upkeep\n|turn|6\n|\n|t:|1701184831\n|switch|p1a: Tentacruel|Tentacruel, F|100\/100\n|detailschange|p2a: Charizard|Charizard-Mega-Y, F\n|-mega|p2a: Charizard|Charizard|Charizardite Y\n|-weather|SunnyDay|[from] ability: Drought|[of] p2a: Charizard\n|move|p2a: Charizard|Fire Blast|p1a: Tentacruel\n|-resisted|p1a: Tentacruel\n|-damage|p1a: Tentacruel|56\/100\n|\n|-weather|SunnyDay|[upkeep]\n|-heal|p1a: Tentacruel|62\/100|[from] item: Black Sludge\n|upkeep\n|turn|7\n|\n|t:|1701184845\n|switch|p2a: Venusaur|Venusaur, F|73\/100\n|move|p1a: Tentacruel|Sludge Bomb|p2a: Venusaur\n|-damage|p2a: Venusaur|39\/100\n|\n|-weather|SunnyDay|[upkeep]\n|-heal|p1a: Tentacruel|68\/100|[from] item: Black Sludge\n|upkeep\n|turn|8\n|\n|t:|1701184853\n|move|p2a: Venusaur|Earth Power|p1a: Tentacruel\n|-supereffective|p1a: Tentacruel\n|-damage|p1a: Tentacruel|11\/100\n|move|p1a: Tentacruel|Sludge Bomb|p2a: Venusaur\n|-damage|p2a: Venusaur|5\/100\n|\n|-weather|SunnyDay|[upkeep]\n|-heal|p1a: Tentacruel|17\/100|[from] item: Black Sludge\n|upkeep\n|turn|9\n|\n|t:|1701184861\n|switch|p1a: Toucannon|Toucannon, F|100\/100\n|move|p2a: Venusaur|Earth Power|p1a: Toucannon\n|-immune|p1a: Toucannon\n|\n|-weather|SunnyDay|[upkeep]\n|upkeep\n|turn|10\n|\n|t:|1701184868\n|move|p2a: Venusaur|Sludge Bomb|p1a: Toucannon\n|-damage|p1a: Toucannon|47\/100\n|move|p1a: Toucannon|Rock Blast|p2a: Venusaur|[miss]\n|-miss|p1a: Toucannon|p2a: Venusaur\n|\n|-weather|none\n|upkeep\n|turn|11\n|\n|t:|1701184876\n|switch|p2a: Blastoise|Blastoise, F|100\/100\n|move|p1a: Toucannon|Rock Blast|p2a: Blastoise\n|-damage|p2a: Blastoise|94\/100\n|-crit|p2a: Blastoise\n|-damage|p2a: Blastoise|84\/100\n|-damage|p2a: Blastoise|78\/100\n|-damage|p2a: Blastoise|72\/100\n|-damage|p2a: Blastoise|66\/100\n|-hitcount|p2a: Blastoise|5\n|\n|-heal|p2a: Blastoise|72\/100|[from] item: Leftovers\n|upkeep\n|turn|12\n|\n|t:|1701184888\n|move|p2a: Blastoise|Scald|p1a: Toucannon\n|-damage|p1a: Toucannon|17\/100\n|move|p1a: Toucannon|Bullet Seed|p2a: Blastoise\n|-supereffective|p2a: Blastoise\n|-damage|p2a: Blastoise|60\/100\n|-supereffective|p2a: Blastoise\n|-damage|p2a: Blastoise|47\/100\n|-supereffective|p2a: Blastoise\n|-damage|p2a: Blastoise|35\/100\n|-supereffective|p2a: Blastoise\n|-damage|p2a: Blastoise|23\/100\n|-supereffective|p2a: Blastoise\n|-damage|p2a: Blastoise|10\/100\n|-hitcount|p2a: Blastoise|5\n|\n|-heal|p2a: Blastoise|16\/100|[from] item: Leftovers\n|upkeep\n|turn|13\n|\n|t:|1701184907\n|switch|p1a: Tangrowth|Tangrowth, M|100\/100\n|move|p2a: Blastoise|Scald|p1a: Tangrowth\n|-resisted|p1a: Tangrowth\n|-damage|p1a: Tangrowth|82\/100\n|\n|-heal|p2a: Blastoise|22\/100|[from] item: Leftovers\n|upkeep\n|turn|14\n|\n|t:|1701184915\n|switch|p2a: Charizard|Charizard-Mega-Y, F|37\/100\n|-weather|SunnyDay|[from] ability: Drought|[of] p2a: Charizard\n|move|p1a: Tangrowth|Knock Off|p2a: Charizard\n|-damage|p2a: Charizard|16\/100\n|\n|-weather|SunnyDay|[upkeep]\n|upkeep\n|turn|15\n|\n|t:|1701184928\n|switch|p1a: Turtonator|Turtonator, M|100\/100\n|move|p2a: Charizard|Fire Blast|p1a: Turtonator\n|-resisted|p1a: Turtonator\n|-damage|p1a: Turtonator|66\/100\n|\n|-weather|SunnyDay|[upkeep]\n|-heal|p1a: Turtonator|73\/100|[from] item: Leftovers\n|upkeep\n|turn|16\n|\n|t:|1701184937\n|switch|p2a: Snorlax|Snorlax, F|100\/100\n|move|p1a: Turtonator|Draco Meteor|p2a: Snorlax\n|-damage|p2a: Snorlax|72\/100\n|-unboost|p1a: Turtonator|spa|2\n|\n|-weather|SunnyDay|[upkeep]\n|-heal|p1a: Turtonator|79\/100|[from] item: Leftovers\n|-heal|p2a: Snorlax|79\/100|[from] item: Leftovers\n|upkeep\n|turn|17\n|\n|t:|1701184947\n|switch|p1a: Tangrowth|Tangrowth, M|100\/100\n|move|p2a: Snorlax|Earthquake|p1a: Tangrowth\n|-resisted|p1a: Tangrowth\n|-damage|p1a: Tangrowth|94\/100\n|\n|-weather|SunnyDay|[upkeep]\n|-heal|p2a: Snorlax|85\/100|[from] item: Leftovers\n|upkeep\n|turn|18\n|inactive|Laidla\u2764 has 120 seconds left.\n|inactive|Laidla\u2764 has 90 seconds left.\n|\n|t:|1701185033\n|move|p1a: Tangrowth|Knock Off|p2a: Snorlax\n|-damage|p2a: Snorlax|69\/100\n|-enditem|p2a: Snorlax|Leftovers|[from] move: Knock Off|[of] p1a: Tangrowth\n|move|p2a: Snorlax|Fire Punch|p1a: Tangrowth\n|-supereffective|p1a: Tangrowth\n|-damage|p1a: Tangrowth|62\/100\n|\n|-weather|none\n|upkeep\n|turn|19\n|\n|t:|1701185044\n|switch|p2a: Venusaur|Venusaur, F|5\/100\n|move|p1a: Tangrowth|Leech Seed|p2a: Venusaur\n|-immune|p2a: Venusaur\n|\n|upkeep\n|turn|20\n|inactive|Laidla\u2764 has 60 seconds left.\n|\n|t:|1701185060\n|switch|p1a: Metagross|Metagross|100\/100\n|move|p2a: Venusaur|Hidden Power|p1a: Metagross\n|-supereffective|p1a: Metagross\n|-damage|p1a: Metagross|64\/100\n|\n|upkeep\n|turn|21\n|inactive|Laidla\u2764 has 60 seconds left.\n|inactive|Laidla\u2764 has 30 seconds left.\n|inactive|Laidla\u2764 has 20 seconds left.\n|inactive|Laidla\u2764 has 15 seconds left.\n|inactive|Laidla\u2764 has 10 seconds left.\n|inactive|Laidla\u2764 has 5 seconds left.\n|-message|Laidla\u2764 lost due to inactivity.\n|\n|win|Cringelord19\n|raw|Cringelord19's rating: 1118 &rarr; <strong>1145<\/strong><br \/>(+27 for winning)\n|raw|Laidla\u2764's rating: 1152 &rarr; <strong>1125<\/strong><br \/>(-27 for losing)\n|l|\u2606Cringelord19\n","uploadtime":1701185135,"views":4,"p1id":"cringelord19","p2id":"laidla","formatid":"gen9nationaldex","rating":1125,"private":0,"password":""}