{"id":"gen9nationaldex-1990211767","p1":"Sly Killdex 2","p2":"Benjaminduddy","format":"[Gen 9] National Dex","log":"|j|\u2606Sly Killdex 2\n|j|\u2606Benjaminduddy\n|t:|1699938095\n|gametype|singles\n|player|p1|Sly Killdex 2|volkner|1072\n|player|p2|Benjaminduddy|101|1036\n|teamsize|p1|6\n|teamsize|p2|6\n|gen|9\n|tier|[Gen 9] National Dex\n|rated|\n|rule|HP Percentage Mod: HP is shown in percentages\n|rule|Endless Battle Clause: Forcing endless battles is banned\n|rule|OHKO Clause: OHKO moves are banned\n|rule|Evasion Clause: Evasion abilities, items, and moves are banned\n|rule|Evasion Abilities Clause: Evasion abilities are banned\n|rule|Evasion Items Clause: Evasion items are banned\n|rule|Evasion Moves Clause: Evasion moves are banned\n|rule|Species Clause: Limit one of each Pok\u00e9mon\n|rule|Sleep Clause Mod: Limit one foe put to sleep\n|clearpoke\n|poke|p1|Silvally-*|\n|poke|p1|Oricorio, F|\n|poke|p1|Trumbeak, M|\n|poke|p1|Popplio, F|\n|poke|p1|Incineroar, F|\n|poke|p1|Decidueye, F|\n|poke|p2|Eiscue, M|\n|poke|p2|Arbok, F|\n|poke|p2|Scizor, M|\n|poke|p2|Zoroark-Hisui, F|\n|poke|p2|Mantine, M|\n|poke|p2|Landorus-Therian, M|\n|teampreview\n|inactive|Battle timer is ON: inactive players will automatically lose when time's up. (requested by Benjaminduddy)\n|\n|t:|1699938103\n|start\n|switch|p1a: Popplio|Popplio, F|100\/100\n|switch|p2a: Arbok|Arbok, F|100\/100\n|turn|1\n|\n|t:|1699938107\n|move|p2a: Arbok|Coil|p2a: Arbok\n|-boost|p2a: Arbok|atk|1\n|-boost|p2a: Arbok|def|1\n|-boost|p2a: Arbok|accuracy|1\n|move|p1a: Popplio|Whirlpool|p2a: Arbok\n|-damage|p2a: Arbok|84\/100\n|-activate|p2a: Arbok|move: Whirlpool|[of] p1a: Popplio\n|\n|-heal|p2a: Arbok|90\/100|[from] item: Black Sludge\n|-damage|p2a: Arbok|77\/100|[from] move: Whirlpool|[partiallytrapped]\n|upkeep\n|turn|2\n|\n|t:|1699938110\n|move|p2a: Arbok|Gunk Shot|p1a: Popplio\n|-damage|p1a: Popplio|0 fnt\n|faint|p1a: Popplio\n|\n|-heal|p2a: Arbok|84\/100|[from] item: Black Sludge\n|-end|p2a: Arbok|Whirlpool|[partiallytrapped]|[silent]\n|upkeep\n|\n|t:|1699938121\n|switch|p1a: Oricorio|Oricorio, F|100\/100\n|turn|3\n|\n|t:|1699938123\n|move|p1a: Oricorio|Revelation Dance|p2a: Arbok\n|-damage|p2a: Arbok|36\/100\n|move|p2a: Arbok|Gunk Shot|p1a: Oricorio\n|-damage|p1a: Oricorio|0 fnt\n|faint|p1a: Oricorio\n|\n|-heal|p2a: Arbok|42\/100|[from] item: Black Sludge\n|upkeep\n|\n|t:|1699938129\n|switch|p1a: Silvally|Silvally-Ghost|100\/100\n|turn|4\n|\n|t:|1699938133\n|move|p1a: Silvally|Swords Dance|p1a: Silvally\n|-boost|p1a: Silvally|atk|2\n|move|p2a: Arbok|Rest|p2a: Arbok\n|-status|p2a: Arbok|slp|[from] move: Rest\n|-heal|p2a: Arbok|100\/100 slp|[silent]\n|\n|upkeep\n|turn|5\n|\n|t:|1699938136\n|move|p1a: Silvally|Multi-Attack|p2a: Arbok\n|-damage|p2a: Arbok|3\/100 slp\n|cant|p2a: Arbok|slp\n|\n|-heal|p2a: Arbok|9\/100 slp|[from] item: Black Sludge\n|upkeep\n|turn|6\n|\n|t:|1699938141\n|move|p1a: Silvally|Flame Charge|p2a: Arbok\n|-damage|p2a: Arbok|0 fnt\n|-boost|p1a: Silvally|spe|1\n|faint|p2a: Arbok\n|\n|upkeep\n|\n|t:|1699938147\n|switch|p2a: Eiscue|Eiscue, M|100\/100\n|turn|7\n|\n|t:|1699938159\n|move|p1a: Silvally|Flame Charge|p2a: Eiscue\n|-activate|p2a: Eiscue|ability: Ice Face\n|-damage|p2a: Eiscue|100\/100\n|-boost|p1a: Silvally|spe|1\n|detailschange|p2a: Eiscue|Eiscue-Noice, M\n|move|p2a: Eiscue|Substitute|p2a: Eiscue\n|-start|p2a: Eiscue|Substitute\n|-damage|p2a: Eiscue|75\/100\n|\n|upkeep\n|turn|8\n|\n|t:|1699938168\n|-terastallize|p2a: Eiscue|Water\n|move|p1a: Silvally|Flame Charge|p2a: Eiscue\n|-resisted|p2a: Eiscue\n|-activate|p2a: Eiscue|move: Substitute|[damage]\n|-boost|p1a: Silvally|spe|1\n|move|p2a: Eiscue|Belly Drum|p2a: Eiscue\n|-damage|p2a: Eiscue|25\/100\n|-setboost|p2a: Eiscue|atk|6|[from] move: Belly Drum\n|-enditem|p2a: Eiscue|Salac Berry|[eat]\n|-boost|p2a: Eiscue|spe|1|[from] item: Salac Berry\n|\n|upkeep\n|turn|9\n|\n|t:|1699938178\n|move|p1a: Silvally|Multi-Attack|p2a: Eiscue\n|-end|p2a: Eiscue|Substitute\n|move|p2a: Eiscue|Liquidation|p1a: Silvally\n|-damage|p1a: Silvally|0 fnt\n|faint|p1a: Silvally\n|\n|upkeep\n|\n|t:|1699938187\n|switch|p1a: Trumbeak|Trumbeak, M|100\/100\n|turn|10\n|\n|t:|1699938190\n|move|p2a: Eiscue|Ice Spinner|p1a: Trumbeak\n|-supereffective|p1a: Trumbeak\n|-damage|p1a: Trumbeak|0 fnt\n|faint|p1a: Trumbeak\n|\n|upkeep\n|\n|t:|1699938208\n|switch|p1a: Incineroar|Incineroar, F|100\/100\n|-ability|p1a: Incineroar|Intimidate|boost\n|-unboost|p2a: Eiscue|atk|1\n|turn|11\n|\n|t:|1699938211\n|move|p2a: Eiscue|Liquidation|p1a: Incineroar\n|-supereffective|p1a: Incineroar\n|-damage|p1a: Incineroar|0 fnt\n|faint|p1a: Incineroar\n|\n|upkeep\n|\n|t:|1699938213\n|switch|p1a: Decidueye|Decidueye, F|100\/100\n|turn|12\n|\n|t:|1699938216\n|move|p2a: Eiscue|Ice Spinner|p1a: Decidueye\n|-supereffective|p1a: Decidueye\n|-damage|p1a: Decidueye|0 fnt\n|faint|p1a: Decidueye\n|\n|win|Benjaminduddy\n|raw|Sly Killdex 2's rating: 1072 &rarr; <strong>1049<\/strong><br \/>(-23 for losing)\n|raw|Benjaminduddy's rating: 1036 &rarr; <strong>1074<\/strong><br \/>(+38 for winning)\n","uploadtime":1699938219,"views":4,"p1id":"slykilldex2","p2id":"benjaminduddy","formatid":"gen9nationaldex","rating":1049,"private":0,"password":""}