{"id":"gen9nationaldex-1998560124","p1":"Turtwigstacos","p2":"ronaldpetemanesq","format":"[Gen 9] National Dex","log":"|html|<div class=\"broadcast-blue\"><strong>[Gen 9] National Dex is currently suspecting Sneasler! For information on how to participate check out the <a href=\"https:\/\/www.smogon.com\/forums\/threads\/sv-national-dex-suspect-8-just-dance.3731534\/\">suspect thread<\/a>.<\/strong><\/div>\n|j|\u2606Turtwigstacos\n|j|\u2606ronaldpetemanesq\n|t:|1700956396\n|gametype|singles\n|player|p1|Turtwigstacos|clown|\n|player|p2|ronaldpetemanesq|101|\n|teamsize|p1|6\n|teamsize|p2|6\n|gen|9\n|tier|[Gen 9] National Dex\n|rule|HP Percentage Mod: HP is shown in percentages\n|rule|Endless Battle Clause: Forcing endless battles is banned\n|rule|OHKO Clause: OHKO moves are banned\n|rule|Evasion Clause: Evasion abilities, items, and moves are banned\n|rule|Evasion Abilities Clause: Evasion abilities are banned\n|rule|Evasion Items Clause: Evasion items are banned\n|rule|Evasion Moves Clause: Evasion moves are banned\n|rule|Species Clause: Limit one of each Pok\u00e9mon\n|rule|Sleep Clause Mod: Limit one foe put to sleep\n|clearpoke\n|poke|p1|Politoed, F|\n|poke|p1|Zapdos|\n|poke|p1|Volcanion|\n|poke|p1|Aggron, M|\n|poke|p1|Torterra, M|\n|poke|p1|Poliwrath, F|\n|poke|p2|Venusaur, F|\n|poke|p2|Tyranitar, M|\n|poke|p2|Gliscor, F|\n|poke|p2|Latios, M|\n|poke|p2|Gastrodon, F|\n|poke|p2|Magnezone|\n|teampreview\n|j| jhkehbajkgfrb\n|j| stevethebees\n|c| stevethebees|first\n|j| vuvu42\n|c| stevethebees|glhf and battle me after\n|c|\u2606Turtwigstacos|last\n|c|\u2606Turtwigstacos|kk\n|\n|t:|1700956441\n|start\n|switch|p1a: BONESAW|Aggron, M, shiny|100\/100\n|switch|p2a: Gliscor|Gliscor, F|100\/100\n|turn|1\n|\n|t:|1700956462\n|detailschange|p1a: BONESAW|Aggron-Mega, M, shiny\n|-mega|p1a: BONESAW|Aggron|Aggronite\n|move|p2a: Gliscor|Stealth Rock|p1a: BONESAW\n|-sidestart|p1: Turtwigstacos|move: Stealth Rock\n|move|p1a: BONESAW|Counter||[still]\n|-fail|p1a: BONESAW\n|\n|upkeep\n|turn|2\n|\n|t:|1700956477\n|switch|p2a: Magnezone|Magnezone|100\/100\n|move|p1a: BONESAW|Counter||[still]\n|-fail|p1a: BONESAW\n|\n|upkeep\n|turn|3\n|\n|t:|1700956485\n|move|p1a: BONESAW|Protect|p1a: BONESAW\n|-singleturn|p1a: BONESAW|Protect\n|move|p2a: Magnezone|Hidden Power|p1a: BONESAW\n|-activate|p1a: BONESAW|move: Protect\n|\n|upkeep\n|turn|4\n|\n|t:|1700956494\n|move|p2a: Magnezone|Hidden Power|p1a: BONESAW\n|-supereffective|p1a: BONESAW\n|-damage|p1a: BONESAW|58\/100\n|move|p1a: BONESAW|Counter||[still]\n|-fail|p1a: BONESAW\n|\n|upkeep\n|turn|5\n|\n|t:|1700956509\n|move|p2a: Magnezone|Hidden Power|p1a: BONESAW\n|-supereffective|p1a: BONESAW\n|-damage|p1a: BONESAW|13\/100\n|move|p1a: BONESAW|Iron Head|p2a: Magnezone\n|-resisted|p2a: Magnezone\n|-damage|p2a: Magnezone|92\/100\n|\n|upkeep\n|turn|6\n|\n|t:|1700956518\n|move|p2a: Magnezone|Hidden Power|p1a: BONESAW\n|-supereffective|p1a: BONESAW\n|-damage|p1a: BONESAW|0 fnt\n|faint|p1a: BONESAW\n|\n|upkeep\n|\n|t:|1700956538\n|switch|p1a: Hot Donkey|Volcanion|100\/100\n|-damage|p1a: Hot Donkey|76\/100|[from] Stealth Rock\n|turn|7\n|\n|t:|1700956550\n|switch|p2a: Gastrodon|Gastrodon, F|100\/100\n|move|p1a: Hot Donkey|Flamethrower|p2a: Gastrodon\n|-resisted|p2a: Gastrodon\n|-damage|p2a: Gastrodon|85\/100\n|\n|-heal|p1a: Hot Donkey|82\/100|[from] item: Leftovers\n|-heal|p2a: Gastrodon|91\/100|[from] item: Leftovers\n|upkeep\n|turn|8\n|\n|t:|1700956560\n|switch|p1a: Big Lime|Torterra, M, shiny|100\/100\n|-damage|p1a: Big Lime|94\/100|[from] Stealth Rock\n|move|p2a: Gastrodon|Toxic|p1a: Big Lime\n|-status|p1a: Big Lime|tox\n|\n|-heal|p2a: Gastrodon|97\/100|[from] item: Leftovers\n|-damage|p1a: Big Lime|88\/100 tox|[from] psn\n|upkeep\n|turn|9\n|\n|t:|1700956584\n|switch|p2a: Venusaur|Venusaur, F|100\/100\n|move|p1a: Big Lime|Leech Seed|p2a: Venusaur\n|-immune|p2a: Venusaur\n|\n|-damage|p1a: Big Lime|76\/100 tox|[from] psn\n|upkeep\n|turn|10\n|\n|t:|1700956597\n|switch|p1a: Hot Donkey|Volcanion|82\/100\n|-damage|p1a: Hot Donkey|57\/100|[from] Stealth Rock\n|detailschange|p2a: Venusaur|Venusaur-Mega, F\n|-mega|p2a: Venusaur|Venusaur|Venusaurite\n|move|p2a: Venusaur|Sludge Bomb|p1a: Hot Donkey\n|-damage|p1a: Hot Donkey|0 fnt\n|faint|p1a: Hot Donkey\n|\n|upkeep\n|\n|t:|1700956605\n|switch|p1a: MntnDewSpark|Zapdos, shiny|100\/100\n|turn|11\n|\n|t:|1700956615\n|switch|p2a: Magnezone|Magnezone|92\/100\n|move|p1a: MntnDewSpark|Defog|p2a: Magnezone\n|-unboost|p2a: Magnezone|evasion|1\n|-sideend|p1: Turtwigstacos|Stealth Rock|[from] move: Defog|[of] p1a: MntnDewSpark\n|\n|upkeep\n|turn|12\n|\n|t:|1700956631\n|move|p1a: MntnDewSpark|Thunder|p2a: Magnezone|[miss]\n|-miss|p1a: MntnDewSpark|p2a: Magnezone\n|move|p2a: Magnezone|Volt Switch|p1a: MntnDewSpark\n|-damage|p1a: MntnDewSpark|64\/100\n|\n|t:|1700956647\n|switch|p2a: Gliscor|Gliscor, F|100\/100|[from] Volt Switch\n|\n|upkeep\n|turn|13\n|\n|t:|1700956663\n|switch|p1a: Poly|Politoed, F, shiny|100\/100\n|-weather|RainDance|[from] ability: Drizzle|[of] p1a: Poly\n|move|p2a: Gliscor|Stealth Rock|p1a: Poly\n|-sidestart|p1: Turtwigstacos|move: Stealth Rock\n|\n|-weather|RainDance|[upkeep]\n|upkeep\n|turn|14\n|\n|t:|1700956672\n|switch|p2a: Tyranitar|Tyranitar, M|100\/100\n|-weather|Sandstorm|[from] ability: Sand Stream|[of] p2a: Tyranitar\n|switch|p1a: Frog Mario|Poliwrath, F, shiny|100\/100\n|-damage|p1a: Frog Mario|94\/100|[from] Stealth Rock\n|\n|-weather|Sandstorm|[upkeep]\n|-damage|p1a: Frog Mario|88\/100|[from] Sandstorm\n|upkeep\n|turn|15\n|\n|t:|1700956690\n|switch|p2a: Venusaur|Venusaur-Mega, F|100\/100\n|move|p1a: Frog Mario|Drain Punch|p2a: Venusaur\n|-resisted|p2a: Venusaur\n|-damage|p2a: Venusaur|83\/100\n|-heal|p1a: Frog Mario|96\/100|[from] drain|[of] p2a: Venusaur\n|\n|-weather|Sandstorm|[upkeep]\n|-damage|p2a: Venusaur|77\/100|[from] Sandstorm\n|-damage|p1a: Frog Mario|90\/100|[from] Sandstorm\n|upkeep\n|turn|16\n|\n|t:|1700956713\n|move|p2a: Venusaur|Leech Seed|p1a: Frog Mario\n|-start|p1a: Frog Mario|move: Leech Seed\n|move|p1a: Frog Mario|Knock Off|p2a: Venusaur\n|-damage|p2a: Venusaur|58\/100\n|\n|-weather|Sandstorm|[upkeep]\n|-damage|p2a: Venusaur|52\/100|[from] Sandstorm\n|-damage|p1a: Frog Mario|84\/100|[from] Sandstorm\n|-damage|p1a: Frog Mario|71\/100|[from] Leech Seed|[of] p2a: Venusaur\n|-heal|p2a: Venusaur|65\/100|[silent]\n|upkeep\n|turn|17\n|\n|t:|1700956721\n|move|p2a: Venusaur|Giga Drain|p1a: Frog Mario\n|-supereffective|p1a: Frog Mario\n|-damage|p1a: Frog Mario|0 fnt\n|-heal|p2a: Venusaur|100\/100|[from] drain|[of] p1a: Frog Mario\n|faint|p1a: Frog Mario\n|\n|-weather|Sandstorm|[upkeep]\n|-damage|p2a: Venusaur|95\/100|[from] Sandstorm\n|upkeep\n|\n|t:|1700956728\n|switch|p1a: Poly|Politoed, F, shiny|100\/100\n|-damage|p1a: Poly|88\/100|[from] Stealth Rock\n|-weather|RainDance|[from] ability: Drizzle|[of] p1a: Poly\n|turn|18\n|\n|t:|1700956736\n|move|p2a: Venusaur|Giga Drain|p1a: Poly\n|-supereffective|p1a: Poly\n|-damage|p1a: Poly|38\/100\n|-heal|p2a: Venusaur|100\/100|[from] drain|[of] p1a: Poly\n|-enditem|p1a: Poly|Eject Button\n|\n|t:|1700956743\n|switch|p1a: MntnDewSpark|Zapdos, shiny|64\/100\n|\n|-weather|RainDance|[upkeep]\n|upkeep\n|turn|19\n|\n|t:|1700956750\n|switch|p2a: Tyranitar|Tyranitar, M|100\/100\n|-weather|Sandstorm|[from] ability: Sand Stream|[of] p2a: Tyranitar\n|move|p1a: MntnDewSpark|Hurricane|p2a: Tyranitar\n|-resisted|p2a: Tyranitar\n|-damage|p2a: Tyranitar|89\/100\n|-start|p2a: Tyranitar|confusion\n|\n|-weather|Sandstorm|[upkeep]\n|-damage|p1a: MntnDewSpark|57\/100|[from] Sandstorm\n|upkeep\n|turn|20\n|\n|t:|1700956761\n|move|p1a: MntnDewSpark|Hurricane|p2a: Tyranitar\n|-resisted|p2a: Tyranitar\n|-damage|p2a: Tyranitar|77\/100\n|-activate|p2a: Tyranitar|confusion\n|move|p2a: Tyranitar|Rock Slide|p1a: MntnDewSpark|[miss]\n|-miss|p2a: Tyranitar|p1a: MntnDewSpark\n|\n|-weather|Sandstorm|[upkeep]\n|-damage|p1a: MntnDewSpark|51\/100|[from] Sandstorm\n|upkeep\n|turn|21\n|\n|t:|1700956771\n|move|p1a: MntnDewSpark|Hurricane|p2a: Tyranitar|[miss]\n|-miss|p1a: MntnDewSpark|p2a: Tyranitar\n|-activate|p2a: Tyranitar|confusion\n|move|p2a: Tyranitar|Rock Slide|p1a: MntnDewSpark\n|-supereffective|p1a: MntnDewSpark\n|-damage|p1a: MntnDewSpark|0 fnt\n|faint|p1a: MntnDewSpark\n|\n|-weather|Sandstorm|[upkeep]\n|upkeep\n|\n|t:|1700956780\n|switch|p1a: Poly|Politoed, F, shiny|38\/100\n|-damage|p1a: Poly|25\/100|[from] Stealth Rock\n|-weather|RainDance|[from] ability: Drizzle|[of] p1a: Poly\n|turn|22\n|\n|t:|1700956796\n|switch|p2a: Venusaur|Venusaur-Mega, F|100\/100\n|move|p1a: Poly|Haze|p1a: Poly\n|-clearallboost\n|\n|-weather|RainDance|[upkeep]\n|upkeep\n|turn|23\n|\n|t:|1700956809\n|move|p2a: Venusaur|Giga Drain|p1a: Poly\n|-supereffective|p1a: Poly\n|-damage|p1a: Poly|0 fnt\n|faint|p1a: Poly\n|\n|-weather|RainDance|[upkeep]\n|upkeep\n|\n|t:|1700956816\n|switch|p1a: Big Lime|Torterra, M, shiny|76\/100 tox\n|-damage|p1a: Big Lime|70\/100 tox|[from] Stealth Rock\n|turn|24\n|\n|t:|1700956824\n|move|p2a: Venusaur|Sludge Bomb|p1a: Big Lime\n|-damage|p1a: Big Lime|4\/100 tox\n|move|p1a: Big Lime|Giga Drain|p2a: Venusaur\n|-resisted|p2a: Venusaur\n|-damage|p2a: Venusaur|96\/100\n|-heal|p1a: Big Lime|6\/100 tox|[from] drain|[of] p2a: Venusaur\n|\n|-weather|RainDance|[upkeep]\n|-damage|p1a: Big Lime|0 fnt|[from] psn\n|faint|p1a: Big Lime\n|\n|win|ronaldpetemanesq\n|upkeep\n","uploadtime":1700956838,"views":3,"p1id":"turtwigstacos","p2id":"ronaldpetemanesq","formatid":"gen9nationaldex","rating":0,"private":0,"password":""}