{"id":"gen9nationaldex-1993987827","p1":"baigu2","p2":"Anhkiet","format":"[Gen 9] National Dex","log":"|j|\u2606baigu2\n|j|\u2606Anhkiet\n|t:|1700388862\n|gametype|singles\n|player|p1|baigu2|dawn-gen4pt|1836\n|player|p2|Anhkiet|170|1647\n|teamsize|p1|6\n|teamsize|p2|6\n|gen|9\n|tier|[Gen 9] National Dex\n|rated|\n|rule|HP Percentage Mod: HP is shown in percentages\n|rule|Endless Battle Clause: Forcing endless battles is banned\n|rule|OHKO Clause: OHKO moves are banned\n|rule|Evasion Clause: Evasion abilities, items, and moves are banned\n|rule|Evasion Abilities Clause: Evasion abilities are banned\n|rule|Evasion Items Clause: Evasion items are banned\n|rule|Evasion Moves Clause: Evasion moves are banned\n|rule|Species Clause: Limit one of each Pok\u00e9mon\n|rule|Sleep Clause Mod: Limit one foe put to sleep\n|clearpoke\n|poke|p1|Ursaluna, M|\n|poke|p1|Dragonite, M|\n|poke|p1|Slowking, M|\n|poke|p1|Tapu Koko|\n|poke|p1|Hoopa-Unbound|\n|poke|p1|Great Tusk|\n|poke|p2|Pelipper, M|\n|poke|p2|Gorebyss, F|\n|poke|p2|Barraskewda, F|\n|poke|p2|Ogerpon-Wellspring, F|\n|poke|p2|Beedrill, F|\n|poke|p2|Serperior, F|\n|teampreview\n|\n|t:|1700388883\n|start\n|switch|p1a: Tapu Koko|Tapu Koko|100\/100\n|switch|p2a: Beedrill|Beedrill, F|100\/100\n|-fieldstart|move: Electric Terrain|[from] ability: Electric Surge|[of] p1a: Tapu Koko\n|turn|1\n|inactive|Battle timer is ON: inactive players will automatically lose when time's up. (requested by Anhkiet)\n|j| Ghha\n|l| Ghha\n|inactive|baigu2 has 120 seconds left.\n|\n|t:|1700388928\n|switch|p1a: Great Tusk|Great Tusk|100\/100\n|switch|p2a: Pelipper|Pelipper, M|100\/100\n|-weather|RainDance|[from] ability: Drizzle|[of] p2a: Pelipper\n|\n|-weather|RainDance|[upkeep]\n|upkeep\n|turn|2\n|inactive|Anhkiet has 120 seconds left.\n|\n|t:|1700388968\n|move|p1a: Great Tusk|Stealth Rock|p2a: Pelipper\n|-sidestart|p2: Anhkiet|move: Stealth Rock\n|move|p2a: Pelipper|Scald|p1a: Great Tusk\n|-supereffective|p1a: Great Tusk\n|-damage|p1a: Great Tusk|0 fnt\n|faint|p1a: Great Tusk\n|-end|p1a: Great Tusk|Protosynthesis|[silent]\n|\n|-weather|RainDance|[upkeep]\n|upkeep\n|\n|t:|1700388972\n|switch|p1a: Tapu Koko|Tapu Koko|100\/100\n|turn|3\n|inactive|Anhkiet has 120 seconds left.\n|\n|t:|1700388992\n|-terastallize|p2a: Pelipper|Grass\n|move|p1a: Tapu Koko|Volt Switch|p2a: Pelipper\n|-resisted|p2a: Pelipper\n|-damage|p2a: Pelipper|49\/100\n|\n|t:|1700388999\n|switch|p1a: Slowking|Slowking, M|100\/100|[from] Volt Switch\n|move|p2a: Pelipper|Defog|p1a: Slowking\n|-unboost|p1a: Slowking|evasion|1\n|-sideend|p2: Anhkiet|Stealth Rock|[from] move: Defog|[of] p2a: Pelipper\n|-fieldend|move: Electric Terrain\n|\n|-weather|RainDance|[upkeep]\n|upkeep\n|turn|4\n|inactive|Anhkiet has 120 seconds left.\n|\n|t:|1700389036\n|move|p2a: Pelipper|U-turn|p1a: Slowking\n|-supereffective|p1a: Slowking\n|-damage|p1a: Slowking|83\/100\n|\n|t:|1700389040\n|switch|p2a: Ogerpon|Ogerpon-Wellspring, F|100\/100|[from] U-turn\n|move|p1a: Slowking|Teleport|p1a: Slowking\n|\n|t:|1700389047\n|switch|p1a: Dragonite|Dragonite, M|100\/100|[from] Teleport\n|\n|-weather|RainDance|[upkeep]\n|upkeep\n|turn|5\n|\n|t:|1700389065\n|move|p2a: Ogerpon|Ivy Cudgel|p1a: Dragonite|[anim] Ivy Cudgel Water\n|-resisted|p1a: Dragonite\n|-damage|p1a: Dragonite|80\/100\n|move|p1a: Dragonite|Dual Wingbeat|p2a: Ogerpon|[miss]\n|-miss|p1a: Dragonite|p2a: Ogerpon\n|\n|-weather|RainDance|[upkeep]\n|upkeep\n|turn|6\n|\n|t:|1700389071\n|switch|p2a: Pelipper|Pelipper, M, tera:Grass|49\/100\n|move|p1a: Dragonite|Dual Wingbeat|p2a: Pelipper\n|-supereffective|p2a: Pelipper\n|-damage|p2a: Pelipper|0 fnt\n|faint|p2a: Pelipper\n|-hitcount|p2: Pelipper|1\n|\n|-weather|RainDance|[upkeep]\n|upkeep\n|\n|t:|1700389077\n|switch|p2a: Barraskewda|Barraskewda, F|100\/100\n|turn|7\n|\n|t:|1700389083\n|switch|p1a: Hoopa|Hoopa-Unbound|100\/100\n|move|p2a: Barraskewda|Liquidation|p1a: Hoopa\n|-crit|p1a: Hoopa\n|-damage|p1a: Hoopa|0 fnt\n|faint|p1a: Hoopa\n|\n|-weather|RainDance|[upkeep]\n|upkeep\n|\n|t:|1700389085\n|switch|p1a: Slowking|Slowking, M|100\/100\n|turn|8\n|inactive|Anhkiet has 120 seconds left.\n|\n|t:|1700389104\n|move|p2a: Barraskewda|Liquidation|p1a: Slowking\n|-resisted|p1a: Slowking\n|-damage|p1a: Slowking|43\/100\n|move|p1a: Slowking|Trick Room|p1a: Slowking\n|-fieldstart|move: Trick Room|[of] p1a: Slowking\n|\n|-weather|none\n|upkeep\n|turn|9\n|inactive|Anhkiet has 120 seconds left.\n|\n|t:|1700389111\n|move|p2a: Barraskewda|Liquidation|p1a: Slowking\n|-resisted|p1a: Slowking\n|-damage|p1a: Slowking|6\/100\n|move|p1a: Slowking|Teleport|p1a: Slowking\n|\n|t:|1700389121\n|switch|p1a: Ursaluna|Ursaluna, M|100\/100|[from] Teleport\n|\n|-status|p1a: Ursaluna|brn|[from] item: Flame Orb\n|upkeep\n|turn|10\n|\n|t:|1700389135\n|move|p1a: Ursaluna|Facade|p2a: Barraskewda\n|-damage|p2a: Barraskewda|0 fnt\n|faint|p2a: Barraskewda\n|\n|-damage|p1a: Ursaluna|94\/100 brn|[from] brn\n|upkeep\n|\n|t:|1700389139\n|switch|p2a: Gorebyss|Gorebyss, F|100\/100\n|turn|11\n|\n|t:|1700389154\n|move|p1a: Ursaluna|Facade|p2a: Gorebyss\n|-enditem|p2a: Gorebyss|Focus Sash\n|-damage|p2a: Gorebyss|1\/100\n|move|p2a: Gorebyss|Surf|p1a: Ursaluna\n|-supereffective|p1a: Ursaluna\n|-damage|p1a: Ursaluna|25\/100 brn\n|\n|-damage|p1a: Ursaluna|19\/100 brn|[from] brn\n|upkeep\n|turn|12\n|\n|t:|1700389171\n|move|p1a: Ursaluna|Facade|p2a: Gorebyss\n|-damage|p2a: Gorebyss|0 fnt\n|faint|p2a: Gorebyss\n|\n|-damage|p1a: Ursaluna|13\/100 brn|[from] brn\n|-fieldend|move: Trick Room\n|upkeep\n|\n|t:|1700389173\n|switch|p2a: Serperior|Serperior, F|100\/100\n|turn|13\n|\n|t:|1700389177\n|move|p2a: Serperior|Leaf Storm|p1a: Ursaluna\n|-supereffective|p1a: Ursaluna\n|-damage|p1a: Ursaluna|0 fnt\n|-boost|p2a: Serperior|spa|2\n|faint|p1a: Ursaluna\n|\n|upkeep\n|\n|t:|1700389180\n|switch|p1a: Tapu Koko|Tapu Koko|100\/100\n|-fieldstart|move: Electric Terrain|[from] ability: Electric Surge|[of] p1a: Tapu Koko\n|turn|14\n|\n|t:|1700389183\n|move|p1a: Tapu Koko|U-turn|p2a: Serperior\n|-supereffective|p2a: Serperior\n|-damage|p2a: Serperior|63\/100\n|\n|t:|1700389186\n|switch|p1a: Slowking|Slowking, M|40\/100|[from] U-turn\n|move|p2a: Serperior|Leaf Storm|p1a: Slowking\n|-supereffective|p1a: Slowking\n|-damage|p1a: Slowking|0 fnt\n|-boost|p2a: Serperior|spa|2\n|faint|p1a: Slowking\n|\n|-heal|p2a: Serperior|69\/100|[from] item: Leftovers\n|upkeep\n|\n|t:|1700389188\n|switch|p1a: Dragonite|Dragonite, M|80\/100\n|turn|15\n|\n|t:|1700389191\n|-terastallize|p1a: Dragonite|Normal\n|move|p1a: Dragonite|Extreme Speed|p2a: Serperior\n|-damage|p2a: Serperior|0 fnt\n|faint|p2a: Serperior\n|\n|upkeep\n|\n|t:|1700389197\n|switch|p2a: Ogerpon|Ogerpon-Wellspring, F|100\/100\n|turn|16\n|\n|t:|1700389200\n|move|p1a: Dragonite|Extreme Speed|p2a: Ogerpon\n|-damage|p2a: Ogerpon|4\/100\n|move|p2a: Ogerpon|Power Whip|p1a: Dragonite\n|-damage|p1a: Dragonite|16\/100\n|\n|upkeep\n|turn|17\n|\n|t:|1700389206\n|move|p1a: Dragonite|Extreme Speed|p2a: Ogerpon\n|-damage|p2a: Ogerpon|0 fnt\n|faint|p2a: Ogerpon\n|\n|upkeep\n|\n|t:|1700389209\n|switch|p2a: Beedrill|Beedrill, F|100\/100\n|turn|18\n|inactive|Anhkiet has 120 seconds left.\n|inactive|Anhkiet has 90 seconds left.\n|\n|t:|1700389299\n|detailschange|p2a: Beedrill|Beedrill-Mega, F\n|-mega|p2a: Beedrill|Beedrill|Beedrillite\n|move|p1a: Dragonite|Extreme Speed|p2a: Beedrill\n|-crit|p2a: Beedrill\n|-damage|p2a: Beedrill|0 fnt\n|faint|p2a: Beedrill\n|\n|win|baigu2\n|raw|baigu2's rating: 1836 &rarr; <strong>1846<\/strong><br \/>(+10 for winning)\n|raw|Anhkiet's rating: 1647 &rarr; <strong>1637<\/strong><br \/>(-10 for losing)\n|l|\u2606Anhkiet\n","uploadtime":1700389309,"views":6,"p1id":"baigu2","p2id":"anhkiet","formatid":"gen9nationaldex","rating":1637,"private":0,"password":""}