{"id":"gen9nationaldex-1995191817","p1":"seraphz","p2":"hidin","format":"[Gen 9] National Dex","log":"|html|<div class=\"broadcast-blue\"><strong>[Gen 9] National Dex is currently suspecting Sneasler! For information on how to participate check out the <a href=\"https:\/\/www.smogon.com\/forums\/threads\/sv-national-dex-suspect-8-just-dance.3731534\/\">suspect thread<\/a>.<\/strong><\/div>\n|j|\u2606seraphz\n|j|\u2606hidin\n|t:|1700532891\n|gametype|singles\n|player|p1|seraphz|#ptplivdazzlingdiancies|\n|player|p2|hidin|#capplixvenomicons|\n|teamsize|p1|6\n|teamsize|p2|6\n|gen|9\n|tier|[Gen 9] National Dex\n|rule|HP Percentage Mod: HP is shown in percentages\n|rule|Endless Battle Clause: Forcing endless battles is banned\n|rule|OHKO Clause: OHKO moves are banned\n|rule|Evasion Clause: Evasion abilities, items, and moves are banned\n|rule|Evasion Abilities Clause: Evasion abilities are banned\n|rule|Evasion Items Clause: Evasion items are banned\n|rule|Evasion Moves Clause: Evasion moves are banned\n|rule|Species Clause: Limit one of each Pok\u00e9mon\n|rule|Sleep Clause Mod: Limit one foe put to sleep\n|clearpoke\n|poke|p1|Ogerpon-Wellspring, F|\n|poke|p1|Clodsire, M|\n|poke|p1|Zapdos|\n|poke|p1|Scizor, M|\n|poke|p1|Heatran, F|\n|poke|p1|Kyurem|\n|poke|p2|Iron Hands|\n|poke|p2|Tapu Fini|\n|poke|p2|Latias, F|\n|poke|p2|Landorus-Therian, M|\n|poke|p2|Slowking-Galar, M|\n|poke|p2|Kartana|\n|teampreview\n|inactive|Battle timer is ON: inactive players will automatically lose when time's up. (requested by hidin)\n|c|\u2606seraphz|Hf\n|c|\u2606hidin|u2\n|inactive|seraphz has 270 seconds left.\n|\n|t:|1700532922\n|start\n|switch|p1a: Kyurem|Kyurem|100\/100\n|switch|p2a: Landorus|Landorus-Therian, M|100\/100\n|-ability|p1a: Kyurem|Pressure\n|-ability|p2a: Landorus|Intimidate|boost\n|-unboost|p1a: Kyurem|atk|1\n|turn|1\n|\n|t:|1700532935\n|switch|p2a: Slowking|Slowking-Galar, M|100\/100\n|move|p1a: Kyurem|Substitute|p1a: Kyurem\n|-start|p1a: Kyurem|Substitute\n|-damage|p1a: Kyurem|76\/100\n|\n|upkeep\n|turn|2\n|\n|t:|1700532942\n|move|p1a: Kyurem|Earth Power|p2a: Slowking\n|-supereffective|p2a: Slowking\n|-damage|p2a: Slowking|59\/100\n|move|p2a: Slowking|Sludge Bomb|p1a: Kyurem\n|-end|p1a: Kyurem|Substitute\n|\n|upkeep\n|turn|3\n|\n|t:|1700532949\n|move|p1a: Kyurem|Substitute|p1a: Kyurem\n|-start|p1a: Kyurem|Substitute\n|-damage|p1a: Kyurem|51\/100\n|move|p2a: Slowking|Sludge Bomb|p1a: Kyurem\n|-end|p1a: Kyurem|Substitute\n|\n|upkeep\n|turn|4\n|\n|t:|1700532955\n|move|p1a: Kyurem|Substitute|p1a: Kyurem\n|-start|p1a: Kyurem|Substitute\n|-damage|p1a: Kyurem|26\/100\n|move|p2a: Slowking|Thunder Wave||[still]\n|-fail|p2a: Slowking\n|\n|upkeep\n|turn|5\n|\n|t:|1700532977\n|move|p1a: Kyurem|Roost|p1a: Kyurem\n|-heal|p1a: Kyurem|76\/100\n|-singleturn|p1a: Kyurem|move: Roost\n|move|p2a: Slowking|Future Sight|p1a: Kyurem\n|-start|p2a: Slowking|move: Future Sight\n|\n|upkeep\n|turn|6\n|\n|t:|1700532984\n|move|p1a: Kyurem|Earth Power|p2a: Slowking\n|-supereffective|p2a: Slowking\n|-damage|p2a: Slowking|23\/100\n|move|p2a: Slowking|Sludge Bomb|p1a: Kyurem\n|-end|p1a: Kyurem|Substitute\n|\n|upkeep\n|turn|7\n|\n|t:|1700532991\n|switch|p1a: Heatran|Heatran, F|100\/100\n|switch|p2a: Latias|Latias, F|100\/100\n|\n|-end|p1a: Heatran|move: Future Sight\n|-resisted|p1a: Heatran\n|-damage|p1a: Heatran|78\/100\n|-heal|p1a: Heatran|84\/100|[from] item: Leftovers\n|upkeep\n|turn|8\n|\n|t:|1700533024\n|switch|p2a: Tapu Fini|Tapu Fini|100\/100\n|-fieldstart|move: Misty Terrain|[from] ability: Misty Surge|[of] p2a: Tapu Fini\n|move|p1a: Heatran|Magma Storm|p2a: Tapu Fini\n|-resisted|p2a: Tapu Fini\n|-crit|p2a: Tapu Fini\n|-damage|p2a: Tapu Fini|70\/100\n|-activate|p2a: Tapu Fini|move: Magma Storm|[of] p1a: Heatran\n|\n|-heal|p1a: Heatran|91\/100|[from] item: Leftovers\n|-heal|p2a: Tapu Fini|77\/100|[from] item: Leftovers\n|-damage|p2a: Tapu Fini|64\/100|[from] move: Magma Storm|[partiallytrapped]\n|upkeep\n|turn|9\n|inactive|seraphz has 270 seconds left.\n|\n|t:|1700533043\n|switch|p1a: Ogerpon|Ogerpon-Wellspring, F|100\/100\n|move|p2a: Tapu Fini|Moonblast|p1a: Ogerpon\n|-damage|p1a: Ogerpon|67\/100\n|\n|-heal|p2a: Tapu Fini|70\/100|[from] item: Leftovers\n|-end|p2a: Tapu Fini|Magma Storm|[partiallytrapped]|[silent]\n|upkeep\n|turn|10\n|\n|t:|1700533054\n|switch|p1a: Zapdos|Zapdos|100\/100\n|switch|p2a: Landorus|Landorus-Therian, M|100\/100\n|-ability|p2a: Landorus|Intimidate|boost\n|-unboost|p1a: Zapdos|atk|1\n|\n|upkeep\n|turn|11\n|inactive|seraphz has 270 seconds left.\n|\n|t:|1700533073\n|switch|p1a: Scizor|Scizor, M|100\/100\n|move|p2a: Landorus|Stealth Rock|p1a: Scizor\n|-sidestart|p1: seraphz|move: Stealth Rock\n|\n|upkeep\n|turn|12\n|inactive|seraphz has 270 seconds left.\n|\n|t:|1700533085\n|detailschange|p1a: Scizor|Scizor-Mega, M\n|-mega|p1a: Scizor|Scizor|Scizorite\n|move|p2a: Landorus|Taunt|p1a: Scizor\n|-start|p1a: Scizor|move: Taunt\n|move|p1a: Scizor|Knock Off|p2a: Landorus\n|-damage|p2a: Landorus|75\/100\n|-damage|p1a: Scizor|84\/100|[from] item: Rocky Helmet|[of] p2a: Landorus\n|-enditem|p2a: Landorus|Rocky Helmet|[from] move: Knock Off|[of] p1a: Scizor\n|\n|-fieldend|Misty Terrain\n|upkeep\n|turn|13\n|inactive|seraphz has 270 seconds left.\n|\n|t:|1700533100\n|move|p2a: Landorus|U-turn|p1a: Scizor\n|-resisted|p1a: Scizor\n|-damage|p1a: Scizor|76\/100\n|\n|t:|1700533116\n|switch|p2a: Tapu Fini|Tapu Fini|70\/100|[from] U-turn\n|-fieldstart|move: Misty Terrain|[from] ability: Misty Surge|[of] p2a: Tapu Fini\n|move|p1a: Scizor|Knock Off|p2a: Tapu Fini\n|-resisted|p2a: Tapu Fini\n|-damage|p2a: Tapu Fini|60\/100\n|-enditem|p2a: Tapu Fini|Leftovers|[from] move: Knock Off|[of] p1a: Scizor\n|\n|upkeep\n|turn|14\n|inactive|seraphz has 270 seconds left.\n|\n|t:|1700533131\n|switch|p2a: Iron Hands|Iron Hands|100\/100\n|switch|p1a: Ogerpon|Ogerpon-Wellspring, F|67\/100\n|-damage|p1a: Ogerpon|54\/100|[from] Stealth Rock\n|\n|upkeep\n|turn|15\n|\n|t:|1700533137\n|switch|p1a: Clodsire|Clodsire, M|100\/100\n|move|p2a: Iron Hands|Thunder Punch|p1a: Clodsire\n|-immune|p1a: Clodsire\n|\n|upkeep\n|turn|16\n|\n|t:|1700533145\n|move|p2a: Iron Hands|Ice Punch|p1a: Clodsire\n|-supereffective|p1a: Clodsire\n|-damage|p1a: Clodsire|39\/100\n|move|p1a: Clodsire|Stealth Rock|p2a: Iron Hands\n|-sidestart|p2: hidin|move: Stealth Rock\n|\n|upkeep\n|turn|17\n|\n|t:|1700533163\n|switch|p1a: Zapdos|Zapdos|100\/100\n|move|p2a: Iron Hands|Swords Dance|p2a: Iron Hands\n|-boost|p2a: Iron Hands|atk|2\n|\n|-fieldend|Misty Terrain\n|upkeep\n|turn|18\n|inactive|seraphz has 270 seconds left.\n|\n|t:|1700533195\n|move|p1a: Zapdos|Volt Switch|p2a: Iron Hands\n|-resisted|p2a: Iron Hands\n|-damage|p2a: Iron Hands|86\/100\n|\n|t:|1700533209\n|switch|p1a: Clodsire|Clodsire, M|39\/100|[from] Volt Switch\n|move|p2a: Iron Hands|Ice Punch|p1a: Clodsire\n|-supereffective|p1a: Clodsire\n|-damage|p1a: Clodsire|0 fnt\n|faint|p1a: Clodsire\n|\n|-heal|p2a: Iron Hands|92\/100|[from] item: Leftovers\n|upkeep\n|inactive|seraphz has 240 seconds left.\n|c|\u2606hidin|oh shit i gotta go eat\n|c|\u2606hidin|gonna be around in like the next 10 min?\n|c|\u2606seraphz|Ok\n|inactiveoff|Battle timer is now OFF.\n|c|\u2606hidin|ok ty\n|c|\u2606hidin|ill brb\n|l|\u2606seraphz\n|player|p1|\n|j|\u2606seraphz\n|player|p1|seraphz|#ptplivdazzlingdiancies\n|\n|t:|1700533373\n|switch|p1a: Ogerpon|Ogerpon-Wellspring, F|54\/100\n|-damage|p1a: Ogerpon|42\/100|[from] Stealth Rock\n|turn|19\n|l|\u2606seraphz\n|player|p1|\n|j| Kayzn \u262f\n|l| Kayzn \u262f\n|j|\u2606seraphz\n|player|p1|seraphz|#ptplivdazzlingdiancies\n|l|\u2606seraphz\n|player|p1|\n|c|\u2606hidin|im back\n|j|\u2606seraphz\n|player|p1|seraphz|#ptplivdazzlingdiancies\n|c|\u2606seraphz|Ok\n|\n|t:|1700533945\n|move|p1a: Ogerpon|Play Rough|p2a: Iron Hands\n|-supereffective|p2a: Iron Hands\n|-damage|p2a: Iron Hands|52\/100\n|move|p2a: Iron Hands|Drain Punch|p1a: Ogerpon\n|-damage|p1a: Ogerpon|0 fnt\n|-heal|p2a: Iron Hands|64\/100|[from] drain|[of] p1a: Ogerpon\n|faint|p1a: Ogerpon\n|\n|-heal|p2a: Iron Hands|70\/100|[from] item: Leftovers\n|upkeep\n|\n|t:|1700533951\n|switch|p1a: Kyurem|Kyurem|76\/100\n|-ability|p1a: Kyurem|Pressure\n|turn|20\n|\n|t:|1700533956\n|-terastallize|p1a: Kyurem|Fairy\n|move|p1a: Kyurem|Earth Power|p2a: Iron Hands\n|-supereffective|p2a: Iron Hands\n|-damage|p2a: Iron Hands|15\/100\n|move|p2a: Iron Hands|Drain Punch|p1a: Kyurem\n|-resisted|p1a: Kyurem\n|-damage|p1a: Kyurem|37\/100\n|-heal|p2a: Iron Hands|30\/100|[from] drain|[of] p1a: Kyurem\n|\n|-heal|p2a: Iron Hands|36\/100|[from] item: Leftovers\n|upkeep\n|turn|21\n|\n|t:|1700533989\n|-end|p2a: Iron Hands|Quark Drive|[silent]\n|switch|p2a: Slowking|Slowking-Galar, M|56\/100\n|move|p1a: Kyurem|Earth Power|p2a: Slowking\n|-supereffective|p2a: Slowking\n|-damage|p2a: Slowking|21\/100\n|\n|upkeep\n|turn|22\n|\n|t:|1700533996\n|move|p1a: Kyurem|Earth Power|p2a: Slowking\n|-supereffective|p2a: Slowking\n|-damage|p2a: Slowking|0 fnt\n|faint|p2a: Slowking\n|\n|upkeep\n|\n|t:|1700533999\n|switch|p2a: Kartana|Kartana|100\/100\n|-damage|p2a: Kartana|94\/100|[from] Stealth Rock\n|turn|23\n|\n|t:|1700534006\n|switch|p1a: Zapdos|Zapdos|100\/100\n|move|p2a: Kartana|Smart Strike|p1a: Zapdos\n|-resisted|p1a: Zapdos\n|-damage|p1a: Zapdos|79\/100\n|\n|upkeep\n|turn|24\n|\n|t:|1700534010\n|switch|p2a: Landorus|Landorus-Therian, M|75\/100\n|-damage|p2a: Landorus|63\/100|[from] Stealth Rock\n|-ability|p2a: Landorus|Intimidate|boost\n|-unboost|p1a: Zapdos|atk|1\n|move|p1a: Zapdos|Hurricane|p2a: Landorus\n|-damage|p2a: Landorus|13\/100\n|\n|upkeep\n|turn|25\n|\n|t:|1700534014\n|move|p1a: Zapdos|Hurricane|p2a: Landorus\n|-damage|p2a: Landorus|0 fnt\n|faint|p2a: Landorus\n|\n|upkeep\n|\n|t:|1700534019\n|switch|p2a: Latias|Latias, F|100\/100\n|-damage|p2a: Latias|88\/100|[from] Stealth Rock\n|turn|26\n|\n|t:|1700534028\n|switch|p1a: Heatran|Heatran, F|91\/100\n|-damage|p1a: Heatran|78\/100|[from] Stealth Rock\n|detailschange|p2a: Latias|Latias-Mega, F\n|-mega|p2a: Latias|Latias|Latiasite\n|move|p2a: Latias|Calm Mind|p2a: Latias\n|-boost|p2a: Latias|spa|1\n|-boost|p2a: Latias|spd|1\n|\n|-heal|p1a: Heatran|84\/100|[from] item: Leftovers\n|upkeep\n|turn|27\n|\n|t:|1700534035\n|switch|p2a: Tapu Fini|Tapu Fini|60\/100\n|-damage|p2a: Tapu Fini|48\/100|[from] Stealth Rock\n|-fieldstart|move: Misty Terrain|[from] ability: Misty Surge|[of] p2a: Tapu Fini\n|move|p1a: Heatran|Toxic|p2a: Tapu Fini|[miss]\n|-miss|p1a: Heatran|p2a: Tapu Fini\n|\n|-heal|p1a: Heatran|91\/100|[from] item: Leftovers\n|upkeep\n|turn|28\n|\n|t:|1700534041\n|switch|p1a: Scizor|Scizor-Mega, M|76\/100\n|-damage|p1a: Scizor|64\/100|[from] Stealth Rock\n|move|p2a: Tapu Fini|Taunt|p1a: Scizor\n|-start|p1a: Scizor|move: Taunt\n|\n|upkeep\n|turn|29\n|\n|t:|1700534050\n|move|p2a: Tapu Fini|Scald|p1a: Scizor\n|-damage|p1a: Scizor|41\/100\n|move|p1a: Scizor|Knock Off|p2a: Tapu Fini\n|-resisted|p2a: Tapu Fini\n|-damage|p2a: Tapu Fini|40\/100\n|\n|upkeep\n|turn|30\n|\n|t:|1700534053\n|move|p1a: Scizor|Bullet Punch|p2a: Tapu Fini\n|-damage|p2a: Tapu Fini|20\/100\n|move|p2a: Tapu Fini|Scald|p1a: Scizor\n|-damage|p1a: Scizor|18\/100\n|\n|-end|p1a: Scizor|move: Taunt\n|upkeep\n|turn|31\n|\n|t:|1700534061\n|move|p1a: Scizor|Bullet Punch|p2a: Tapu Fini\n|-crit|p2a: Tapu Fini\n|-damage|p2a: Tapu Fini|0 fnt\n|faint|p2a: Tapu Fini\n|\n|-fieldend|Misty Terrain\n|upkeep\n|\n|t:|1700534073\n|switch|p2a: Kartana|Kartana|94\/100\n|-damage|p2a: Kartana|88\/100|[from] Stealth Rock\n|turn|32\n|\n|t:|1700534126\n|switch|p1a: Zapdos|Zapdos|79\/100\n|move|p2a: Kartana|Sacred Sword|p1a: Zapdos\n|-resisted|p1a: Zapdos\n|-damage|p1a: Zapdos|62\/100\n|\n|upkeep\n|turn|33\n|\n|t:|1700534142\n|switch|p2a: Iron Hands|Iron Hands|36\/100\n|-damage|p2a: Iron Hands|30\/100|[from] Stealth Rock\n|move|p1a: Zapdos|Defog|p2a: Iron Hands\n|-unboost|p2a: Iron Hands|evasion|1\n|-sideend|p2: hidin|Stealth Rock|[from] move: Defog|[of] p1a: Zapdos\n|-sideend|p1: seraphz|Stealth Rock|[from] move: Defog|[of] p1a: Zapdos\n|\n|-heal|p2a: Iron Hands|36\/100|[from] item: Leftovers\n|upkeep\n|turn|34\n|\n|t:|1700534148\n|move|p1a: Zapdos|Hurricane|p2a: Iron Hands\n|-damage|p2a: Iron Hands|0 fnt\n|faint|p2a: Iron Hands\n|-end|p2a: Iron Hands|Quark Drive|[silent]\n|\n|upkeep\n|\n|t:|1700534150\n|switch|p2a: Latias|Latias-Mega, F|88\/100\n|turn|35\n|\n|t:|1700534154\n|switch|p1a: Heatran|Heatran, F|91\/100\n|move|p2a: Latias|Calm Mind|p2a: Latias\n|-boost|p2a: Latias|spa|1\n|-boost|p2a: Latias|spd|1\n|\n|-heal|p1a: Heatran|97\/100|[from] item: Leftovers\n|upkeep\n|turn|36\n|\n|t:|1700534157\n|move|p2a: Latias|Calm Mind|p2a: Latias\n|-boost|p2a: Latias|spa|1\n|-boost|p2a: Latias|spd|1\n|move|p1a: Heatran|Toxic|p2a: Latias\n|-status|p2a: Latias|tox\n|\n|-heal|p1a: Heatran|100\/100|[from] item: Leftovers\n|-damage|p2a: Latias|82\/100 tox|[from] psn\n|upkeep\n|turn|37\n|\n|t:|1700534161\n|move|p2a: Latias|Aura Sphere|p1a: Heatran\n|-supereffective|p1a: Heatran\n|-damage|p1a: Heatran|0 fnt\n|faint|p1a: Heatran\n|\n|-damage|p2a: Latias|70\/100 tox|[from] psn\n|upkeep\n|\n|t:|1700534184\n|switch|p1a: Kyurem|Kyurem, tera:Fairy|37\/100\n|-ability|p1a: Kyurem|Pressure\n|turn|38\n|\n|t:|1700534192\n|move|p2a: Latias|Psyshock|p1a: Kyurem\n|-damage|p1a: Kyurem|0 fnt\n|faint|p1a: Kyurem\n|\n|-damage|p2a: Latias|52\/100 tox|[from] psn\n|upkeep\n|\n|t:|1700534202\n|switch|p1a: Scizor|Scizor-Mega, M|18\/100\n|turn|39\n|\n|t:|1700534207\n|move|p1a: Scizor|Bullet Punch|p2a: Latias\n|-damage|p2a: Latias|29\/100 tox\n|move|p2a: Latias|Roost|p2a: Latias\n|-heal|p2a: Latias|79\/100 tox\n|-singleturn|p2a: Latias|move: Roost\n|\n|-damage|p2a: Latias|54\/100 tox|[from] psn\n|upkeep\n|turn|40\n|\n|t:|1700534212\n|move|p1a: Scizor|Bullet Punch|p2a: Latias\n|-damage|p2a: Latias|31\/100 tox\n|move|p2a: Latias|Psyshock|p1a: Scizor\n|-resisted|p1a: Scizor\n|-damage|p1a: Scizor|0 fnt\n|faint|p1a: Scizor\n|\n|-damage|p2a: Latias|1\/100 tox|[from] psn\n|upkeep\n|\n|t:|1700534217\n|switch|p1a: Zapdos|Zapdos|62\/100\n|turn|41\n|c|\u2606hidin|gg\n|\n|t:|1700534224\n|move|p2a: Latias|Psyshock|p1a: Zapdos\n|-damage|p1a: Zapdos|2\/100\n|move|p1a: Zapdos|Roost|p1a: Zapdos\n|-heal|p1a: Zapdos|52\/100\n|-singleturn|p1a: Zapdos|move: Roost\n|\n|-damage|p2a: Latias|0 fnt|[from] psn\n|faint|p2a: Latias\n|upkeep\n|\n|t:|1700534226\n|switch|p2a: Kartana|Kartana|88\/100\n|turn|42\n|\n|t:|1700534233\n|-terastallize|p2a: Kartana|Grass\n|move|p2a: Kartana|Leaf Blade|p1a: Zapdos\n|-resisted|p1a: Zapdos\n|-damage|p1a: Zapdos|19\/100\n|move|p1a: Zapdos|Roost|p1a: Zapdos\n|-heal|p1a: Zapdos|69\/100\n|-singleturn|p1a: Zapdos|move: Roost\n|\n|upkeep\n|turn|43\n|\n|t:|1700534237\n|move|p2a: Kartana|Leaf Blade|p1a: Zapdos\n|-resisted|p1a: Zapdos\n|-damage|p1a: Zapdos|33\/100\n|-status|p2a: Kartana|par|[from] ability: Static|[of] p1a: Zapdos\n|move|p1a: Zapdos|Roost|p1a: Zapdos\n|-heal|p1a: Zapdos|83\/100\n|-singleturn|p1a: Zapdos|move: Roost\n|\n|upkeep\n|turn|44\n|\n|t:|1700534240\n|move|p1a: Zapdos|Hurricane|p2a: Kartana\n|-supereffective|p2a: Kartana\n|-damage|p2a: Kartana|0 fnt\n|faint|p2a: Kartana\n|\n|win|seraphz\n|c|\u2606seraphz|Gg\n","uploadtime":1700534252,"views":2,"p1id":"seraphz","p2id":"hidin","formatid":"gen9nationaldex","rating":0,"private":0,"password":""}