{"id":"gen9nationaldex-1991771138","p1":"MAS0CHIST","p2":"Glass101","format":"[Gen 9] National Dex","log":"|j|\u2606MAS0CHIST\n|j|\u2606Glass101\n|t:|1700114321\n|gametype|singles\n|player|p1|MAS0CHIST|cynthia-gen4|1489\n|player|p2|Glass101|265|1512\n|teamsize|p1|6\n|teamsize|p2|6\n|gen|9\n|tier|[Gen 9] National Dex\n|rated|\n|rule|HP Percentage Mod: HP is shown in percentages\n|rule|Endless Battle Clause: Forcing endless battles is banned\n|rule|OHKO Clause: OHKO moves are banned\n|rule|Evasion Clause: Evasion abilities, items, and moves are banned\n|rule|Evasion Abilities Clause: Evasion abilities are banned\n|rule|Evasion Items Clause: Evasion items are banned\n|rule|Evasion Moves Clause: Evasion moves are banned\n|rule|Species Clause: Limit one of each Pok\u00e9mon\n|rule|Sleep Clause Mod: Limit one foe put to sleep\n|clearpoke\n|poke|p1|Gyarados, M|\n|poke|p1|Golisopod, M|\n|poke|p1|Hatterene, F|\n|poke|p1|Sirfetch\u2019d, M|\n|poke|p1|Kommo-o, F|\n|poke|p1|Bisharp, M|\n|poke|p2|Bellossom, M|\n|poke|p2|Ceruledge, F|\n|poke|p2|Toxapex, F|\n|poke|p2|Cresselia, F|\n|poke|p2|Garchomp, M|\n|poke|p2|Clodsire, M|\n|teampreview\n|\n|t:|1700114331\n|start\n|switch|p1a: Guese|Sirfetch\u2019d, M, shiny|100\/100\n|switch|p2a: Garchomp|Garchomp, M|100\/100\n|turn|1\n|\n|t:|1700114337\n|switch|p2a: Toxapex|Toxapex, F|100\/100\n|move|p1a: Guese|Close Combat|p2a: Toxapex\n|-resisted|p2a: Toxapex\n|-crit|p2a: Toxapex\n|-damage|p2a: Toxapex|62\/100\n|-unboost|p1a: Guese|def|1\n|-unboost|p1a: Guese|spd|1\n|-damage|p1a: Guese|84\/100|[from] item: Rocky Helmet|[of] p2a: Toxapex\n|\n|upkeep\n|turn|2\n|\n|t:|1700114343\n|switch|p2a: Garchomp|Garchomp, M|100\/100\n|move|p1a: Guese|Brave Bird|p2a: Garchomp\n|-damage|p2a: Garchomp|53\/100\n|-damage|p1a: Guese|72\/100|[from] ability: Rough Skin|[of] p2a: Garchomp\n|-damage|p1a: Guese|55\/100|[from] Recoil\n|\n|upkeep\n|turn|3\n|\n|t:|1700114351\n|move|p2a: Garchomp|Earthquake|p1a: Guese\n|-damage|p1a: Guese|0 fnt\n|faint|p1a: Guese\n|\n|upkeep\n|\n|t:|1700114356\n|switch|p1a: Komokomet|Kommo-o, F|100\/100\n|turn|4\n|\n|t:|1700114360\n|move|p2a: Garchomp|Iron Tail|p1a: Komokomet\n|-damage|p1a: Komokomet|67\/100\n|move|p1a: Komokomet|Clanging Scales|p2a: Garchomp\n|-supereffective|p2a: Garchomp\n|-damage|p2a: Garchomp|0 fnt\n|faint|p2a: Garchomp\n|-unboost|p1a: Komokomet|def|1\n|\n|upkeep\n|\n|t:|1700114365\n|switch|p2a: Bellossom|Bellossom, M|100\/100\n|turn|5\n|\n|t:|1700114369\n|switch|p1a: Momo|Hatterene, F|100\/100\n|move|p2a: Bellossom|Quiver Dance|p2a: Bellossom\n|-boost|p2a: Bellossom|spa|1\n|-boost|p2a: Bellossom|spd|1\n|-boost|p2a: Bellossom|spe|1\n|\n|upkeep\n|turn|6\n|\n|t:|1700114375\n|move|p2a: Bellossom|Quiver Dance|p2a: Bellossom\n|-boost|p2a: Bellossom|spa|1\n|-boost|p2a: Bellossom|spd|1\n|-boost|p2a: Bellossom|spe|1\n|move|p1a: Momo|Mystical Fire|p2a: Bellossom\n|-supereffective|p2a: Bellossom\n|-damage|p2a: Bellossom|71\/100\n|-unboost|p2a: Bellossom|spa|1\n|\n|-heal|p2a: Bellossom|77\/100|[from] item: Leftovers\n|upkeep\n|turn|7\n|\n|t:|1700114379\n|move|p2a: Bellossom|Quiver Dance|p2a: Bellossom\n|-boost|p2a: Bellossom|spa|1\n|-boost|p2a: Bellossom|spd|1\n|-boost|p2a: Bellossom|spe|1\n|move|p1a: Momo|Mystical Fire|p2a: Bellossom\n|-supereffective|p2a: Bellossom\n|-damage|p2a: Bellossom|55\/100\n|-unboost|p2a: Bellossom|spa|1\n|\n|-heal|p2a: Bellossom|62\/100|[from] item: Leftovers\n|upkeep\n|turn|8\n|\n|t:|1700114381\n|move|p2a: Bellossom|Quiver Dance|p2a: Bellossom\n|-boost|p2a: Bellossom|spa|1\n|-boost|p2a: Bellossom|spd|1\n|-boost|p2a: Bellossom|spe|1\n|move|p1a: Momo|Mystical Fire|p2a: Bellossom\n|-supereffective|p2a: Bellossom\n|-damage|p2a: Bellossom|43\/100\n|-unboost|p2a: Bellossom|spa|1\n|\n|-heal|p2a: Bellossom|49\/100|[from] item: Leftovers\n|upkeep\n|turn|9\n|\n|t:|1700114384\n|move|p2a: Bellossom|Giga Drain|p1a: Momo\n|-damage|p1a: Momo|78\/100\n|-heal|p2a: Bellossom|60\/100|[from] drain|[of] p1a: Momo\n|move|p1a: Momo|Mystical Fire|p2a: Bellossom\n|-supereffective|p2a: Bellossom\n|-damage|p2a: Bellossom|40\/100\n|-unboost|p2a: Bellossom|spa|1\n|\n|-heal|p2a: Bellossom|46\/100|[from] item: Leftovers\n|upkeep\n|turn|10\n|\n|t:|1700114393\n|switch|p2a: Ceruledge|Ceruledge, F|100\/100\n|move|p1a: Momo|Mystical Fire|p2a: Ceruledge\n|-start|p2a: Ceruledge|ability: Flash Fire\n|\n|upkeep\n|turn|11\n|\n|t:|1700114396\n|move|p2a: Ceruledge|Substitute|p2a: Ceruledge\n|-start|p2a: Ceruledge|Substitute\n|-damage|p2a: Ceruledge|76\/100\n|move|p1a: Momo|Psychic|p2a: Ceruledge\n|-end|p2a: Ceruledge|Substitute\n|\n|upkeep\n|turn|12\n|\n|t:|1700114400\n|-terastallize|p1a: Momo|Fire\n|move|p2a: Ceruledge|Poltergeist|p1a: Momo|[miss]\n|-miss|p2a: Ceruledge|p1a: Momo\n|move|p1a: Momo|Psychic|p2a: Ceruledge\n|-damage|p2a: Ceruledge|16\/100\n|\n|upkeep\n|turn|13\n|\n|t:|1700114405\n|move|p2a: Ceruledge|Bitter Blade|p1a: Momo\n|-resisted|p1a: Momo\n|-damage|p1a: Momo|36\/100\n|-heal|p2a: Ceruledge|38\/100|[from] drain|[of] p1a: Momo\n|move|p1a: Momo|Psychic|p2a: Ceruledge\n|-damage|p2a: Ceruledge|0 fnt\n|faint|p2a: Ceruledge\n|\n|upkeep\n|\n|t:|1700114409\n|switch|p2a: Mr Blue sky|Cresselia, F, shiny|100\/100\n|turn|14\n|\n|t:|1700114412\n|move|p2a: Mr Blue sky|Calm Mind|p2a: Mr Blue sky\n|-boost|p2a: Mr Blue sky|spa|1\n|-boost|p2a: Mr Blue sky|spd|1\n|move|p1a: Momo|Mystical Fire|p2a: Mr Blue sky\n|-damage|p2a: Mr Blue sky|80\/100\n|\n|upkeep\n|turn|15\n|\n|t:|1700114414\n|move|p2a: Mr Blue sky|Calm Mind|p2a: Mr Blue sky\n|-boost|p2a: Mr Blue sky|spa|1\n|-boost|p2a: Mr Blue sky|spd|1\n|move|p1a: Momo|Mystical Fire|p2a: Mr Blue sky\n|-damage|p2a: Mr Blue sky|67\/100\n|\n|upkeep\n|turn|16\n|\n|t:|1700114417\n|move|p2a: Mr Blue sky|Calm Mind|p2a: Mr Blue sky\n|-boost|p2a: Mr Blue sky|spa|1\n|-boost|p2a: Mr Blue sky|spd|1\n|move|p1a: Momo|Mystical Fire|p2a: Mr Blue sky\n|-damage|p2a: Mr Blue sky|54\/100\n|\n|upkeep\n|turn|17\n|\n|t:|1700114419\n|move|p2a: Mr Blue sky|Calm Mind|p2a: Mr Blue sky\n|-boost|p2a: Mr Blue sky|spa|1\n|-boost|p2a: Mr Blue sky|spd|1\n|move|p1a: Momo|Mystical Fire|p2a: Mr Blue sky\n|-damage|p2a: Mr Blue sky|44\/100\n|\n|upkeep\n|turn|18\n|\n|t:|1700114422\n|move|p2a: Mr Blue sky|Moonlight|p2a: Mr Blue sky\n|-heal|p2a: Mr Blue sky|94\/100\n|move|p1a: Momo|Mystical Fire|p2a: Mr Blue sky\n|-damage|p2a: Mr Blue sky|83\/100\n|\n|upkeep\n|turn|19\n|\n|t:|1700114424\n|move|p2a: Mr Blue sky|Calm Mind|p2a: Mr Blue sky\n|-boost|p2a: Mr Blue sky|spa|1\n|-boost|p2a: Mr Blue sky|spd|1\n|move|p1a: Momo|Mystical Fire|p2a: Mr Blue sky\n|-damage|p2a: Mr Blue sky|75\/100\n|\n|upkeep\n|turn|20\n|\n|t:|1700114426\n|move|p2a: Mr Blue sky|Calm Mind|p2a: Mr Blue sky\n|-boost|p2a: Mr Blue sky|spa|1\n|-boost|p2a: Mr Blue sky|spd|1\n|move|p1a: Momo|Mystical Fire|p2a: Mr Blue sky\n|-damage|p2a: Mr Blue sky|67\/100\n|\n|upkeep\n|turn|21\n|\n|t:|1700114428\n|move|p2a: Mr Blue sky|Moonlight|p2a: Mr Blue sky\n|-heal|p2a: Mr Blue sky|100\/100\n|move|p1a: Momo|Dazzling Gleam|p2a: Mr Blue sky\n|-damage|p2a: Mr Blue sky|93\/100\n|\n|upkeep\n|turn|22\n|\n|t:|1700114430\n|move|p2a: Mr Blue sky|Stored Power|p1a: Momo\n|-damage|p1a: Momo|0 fnt\n|faint|p1a: Momo\n|\n|upkeep\n|\n|t:|1700114433\n|switch|p1a: Termitus|Golisopod, M|100\/100\n|turn|23\n|\n|t:|1700114435\n|-terastallize|p2a: Mr Blue sky|Poison\n|move|p1a: Termitus|First Impression|p2a: Mr Blue sky\n|-resisted|p2a: Mr Blue sky\n|-damage|p2a: Mr Blue sky|76\/100\n|-damage|p1a: Termitus|91\/100|[from] item: Life Orb\n|move|p2a: Mr Blue sky|Stored Power|p1a: Termitus\n|-damage|p1a: Termitus|0 fnt\n|faint|p1a: Termitus\n|\n|upkeep\n|\n|t:|1700114440\n|switch|p1a: Gyarados|Gyarados, M, shiny|100\/100\n|turn|24\n|\n|t:|1700114442\n|detailschange|p1a: Gyarados|Gyarados-Mega, M, shiny\n|-mega|p1a: Gyarados|Gyarados|Gyaradosite\n|-ability|p1a: Gyarados|Mold Breaker\n|move|p1a: Gyarados|Earthquake|p2a: Mr Blue sky\n|-supereffective|p2a: Mr Blue sky\n|-damage|p2a: Mr Blue sky|31\/100\n|move|p2a: Mr Blue sky|Moonblast|p1a: Gyarados\n|-supereffective|p1a: Gyarados\n|-damage|p1a: Gyarados|0 fnt\n|faint|p1a: Gyarados\n|\n|upkeep\n|inactive|Battle timer is ON: inactive players will automatically lose when time's up. (requested by Glass101)\n|\n|t:|1700114450\n|switch|p1a: Hiiro|Bisharp, M|100\/100\n|turn|25\n|\n|t:|1700114453\n|move|p2a: Mr Blue sky|Moonlight|p2a: Mr Blue sky\n|-heal|p2a: Mr Blue sky|81\/100\n|move|p1a: Hiiro|Knock Off|p2a: Mr Blue sky\n|-damage|p2a: Mr Blue sky|52\/100\n|-enditem|p2a: Mr Blue sky|Covert Cloak|[from] move: Knock Off|[of] p1a: Hiiro\n|\n|upkeep\n|turn|26\n|\n|t:|1700114456\n|move|p2a: Mr Blue sky|Moonlight|p2a: Mr Blue sky\n|-heal|p2a: Mr Blue sky|100\/100\n|move|p1a: Hiiro|Swords Dance|p1a: Hiiro\n|-boost|p1a: Hiiro|atk|2\n|\n|upkeep\n|turn|27\n|\n|t:|1700114459\n|move|p2a: Mr Blue sky|Moonblast|p1a: Hiiro\n|-damage|p1a: Hiiro|37\/100\n|move|p1a: Hiiro|Swords Dance|p1a: Hiiro\n|-boost|p1a: Hiiro|atk|2\n|\n|upkeep\n|turn|28\n|\n|t:|1700114462\n|move|p2a: Mr Blue sky|Moonblast|p1a: Hiiro\n|-damage|p1a: Hiiro|0 fnt\n|faint|p1a: Hiiro\n|\n|upkeep\n|-message|MAS0CHIST forfeited.\n|\n|win|Glass101\n|raw|MAS0CHIST's rating: 1489 &rarr; <strong>1470<\/strong><br \/>(-19 for losing)\n|raw|Glass101's rating: 1512 &rarr; <strong>1531<\/strong><br \/>(+19 for winning)\n|l|\u2606MAS0CHIST\n","uploadtime":1700114474,"views":4,"p1id":"mas0chist","p2id":"glass101","formatid":"gen9nationaldex","rating":1470,"private":0,"password":""}