{"id":"gen9nationaldex-1987709439","p1":"robmalik1","p2":"Funny jumpiiiiiii","format":"[Gen 9] National Dex","log":"|j|\u2606robmalik1\n|j|\u2606Funny jumpiiiiiii\n|t:|1699629772\n|gametype|singles\n|player|p1|robmalik1|101|1208\n|player|p2|Funny jumpiiiiiii|dawn|1139\n|teamsize|p1|6\n|teamsize|p2|6\n|gen|9\n|tier|[Gen 9] National Dex\n|rated|\n|rule|HP Percentage Mod: HP is shown in percentages\n|rule|Endless Battle Clause: Forcing endless battles is banned\n|rule|OHKO Clause: OHKO moves are banned\n|rule|Evasion Clause: Evasion abilities, items, and moves are banned\n|rule|Evasion Abilities Clause: Evasion abilities are banned\n|rule|Evasion Items Clause: Evasion items are banned\n|rule|Evasion Moves Clause: Evasion moves are banned\n|rule|Species Clause: Limit one of each Pok\u00e9mon\n|rule|Sleep Clause Mod: Limit one foe put to sleep\n|clearpoke\n|poke|p1|Altaria, M|\n|poke|p1|Glimmora, M|\n|poke|p1|Greninja-*, M|\n|poke|p1|Eelektross, F|\n|poke|p1|Lopunny, F|\n|poke|p1|Volcarona, M|\n|poke|p2|Tapu Lele|\n|poke|p2|Alakazam, M|\n|poke|p2|Armarouge, M|\n|poke|p2|Cinderace, M|\n|poke|p2|Hawlucha, F|\n|poke|p2|Chansey, F|\n|teampreview\n|inactive|Battle timer is ON: inactive players will automatically lose when time's up. (requested by robmalik1)\n|\n|t:|1699629797\n|start\n|switch|p1a: Glimmora|Glimmora, M, shiny|100\/100\n|switch|p2a: Tapu Lele|Tapu Lele, shiny|100\/100\n|-fieldstart|move: Psychic Terrain|[from] ability: Psychic Surge|[of] p2a: Tapu Lele\n|turn|1\n|\n|t:|1699629806\n|move|p2a: Tapu Lele|Taunt|p1a: Glimmora\n|-start|p1a: Glimmora|move: Taunt\n|move|p1a: Glimmora|Mortal Spin|p2a: Tapu Lele\n|-supereffective|p2a: Tapu Lele\n|-damage|p2a: Tapu Lele|83\/100\n|-status|p2a: Tapu Lele|psn\n|\n|-damage|p2a: Tapu Lele|70\/100 psn|[from] psn\n|upkeep\n|turn|2\n|\n|t:|1699629819\n|switch|p2a: Chansey|Chansey, F|100\/100\n|switch|p1a: Lopunny|Lopunny, F|100\/100\n|\n|upkeep\n|turn|3\n|\n|t:|1699629839\n|switch|p2a: Armarouge|Armarouge, M|100\/100\n|move|p1a: Lopunny|Fake Out|p2a: Armarouge\n|-activate|p2a: Armarouge|move: Psychic Terrain\n|\n|upkeep\n|turn|4\n|\n|t:|1699629847\n|move|p1a: Lopunny|Return|p2a: Armarouge\n|-damage|p2a: Armarouge|40\/100\n|-ability|p2a: Armarouge|Weak Armor|boost\n|-unboost|p2a: Armarouge|def|1\n|-boost|p2a: Armarouge|spe|2\n|-damage|p1a: Lopunny|91\/100|[from] item: Life Orb\n|move|p2a: Armarouge|Expanding Force|p1a: Lopunny\n|-damage|p1a: Lopunny|0 fnt\n|faint|p1a: Lopunny\n|\n|upkeep\n|\n|t:|1699629857\n|switch|p1a: Greninja|Greninja, M|100\/100\n|turn|5\n|\n|t:|1699629863\n|move|p2a: Armarouge|Endure|p2a: Armarouge\n|-singleturn|p2a: Armarouge|move: Endure\n|move|p1a: Greninja|Dark Pulse|p2a: Armarouge\n|-supereffective|p2a: Armarouge\n|-activate|p2a: Armarouge|move: Endure\n|-damage|p2a: Armarouge|1\/100\n|-enditem|p2a: Armarouge|Weakness Policy\n|-boost|p2a: Armarouge|atk|2|[from] item: Weakness Policy\n|-boost|p2a: Armarouge|spa|2|[from] item: Weakness Policy\n|-damage|p1a: Greninja|91\/100|[from] item: Life Orb\n|\n|upkeep\n|turn|6\n|\n|t:|1699629875\n|move|p2a: Armarouge|Armor Cannon|p1a: Greninja\n|-resisted|p1a: Greninja\n|-damage|p1a: Greninja|0 fnt\n|-unboost|p2a: Armarouge|def|1\n|-unboost|p2a: Armarouge|spd|1\n|faint|p1a: Greninja\n|\n|upkeep\n|\n|t:|1699629878\n|switch|p1a: Glimmora|Glimmora, M, shiny|100\/100\n|turn|7\n|\n|t:|1699629883\n|move|p2a: Armarouge|Destiny Bond|p2a: Armarouge\n|-singlemove|p2a: Armarouge|Destiny Bond\n|move|p1a: Glimmora|Mortal Spin|p2a: Armarouge\n|-damage|p2a: Armarouge|0 fnt\n|faint|p2a: Armarouge\n|-activate|p2a: Armarouge|move: Destiny Bond\n|faint|p1a: Glimmora\n|\n|upkeep\n|\n|t:|1699629891\n|switch|p1a: Eelektross|Eelektross, F, shiny|100\/100\n|switch|p2a: Alakazam|Alakazam, M, shiny|100\/100\n|turn|8\n|\n|t:|1699629897\n|move|p2a: Alakazam|Expanding Force|p1a: Eelektross\n|-damage|p1a: Eelektross|0 fnt\n|faint|p1a: Eelektross\n|\n|-fieldend|move: Psychic Terrain\n|upkeep\n|\n|t:|1699629899\n|switch|p1a: Volcarona|Volcarona, M, shiny|100\/100\n|turn|9\n|\n|t:|1699629906\n|switch|p2a: Chansey|Chansey, F|100\/100\n|move|p1a: Volcarona|Quiver Dance|p1a: Volcarona\n|-boost|p1a: Volcarona|spa|1\n|-boost|p1a: Volcarona|spd|1\n|-boost|p1a: Volcarona|spe|1\n|\n|upkeep\n|turn|10\n|\n|t:|1699629910\n|move|p1a: Volcarona|Fiery Dance|p2a: Chansey\n|-damage|p2a: Chansey|79\/100\n|move|p2a: Chansey|Thunder Wave|p1a: Volcarona\n|-status|p1a: Volcarona|par\n|\n|upkeep\n|turn|11\n|\n|t:|1699629913\n|move|p1a: Volcarona|Fiery Dance|p2a: Chansey\n|-damage|p2a: Chansey|56\/100\n|-boost|p1a: Volcarona|spa|1\n|move|p2a: Chansey|Teleport|p2a: Chansey\n|\n|t:|1699629920\n|switch|p2a: Cinderace|Cinderace, M|100\/100|[from] Teleport\n|\n|upkeep\n|turn|12\n|\n|t:|1699629925\n|move|p2a: Cinderace|Pyro Ball|p1a: Volcarona\n|-damage|p1a: Volcarona|11\/100 par\n|move|p1a: Volcarona|Fiery Dance|p2a: Cinderace\n|-resisted|p2a: Cinderace\n|-damage|p2a: Cinderace|39\/100\n|\n|upkeep\n|turn|13\n|\n|t:|1699629931\n|move|p2a: Cinderace|Pyro Ball|p1a: Volcarona\n|-damage|p1a: Volcarona|0 fnt\n|faint|p1a: Volcarona\n|\n|upkeep\n|\n|t:|1699629934\n|switch|p1a: Altaria|Altaria, M, shiny|100\/100\n|-ability|p1a: Altaria|Cloud Nine\n|turn|14\n|\n|t:|1699629939\n|detailschange|p1a: Altaria|Altaria-Mega, M, shiny\n|-mega|p1a: Altaria|Altaria|Altarianite\n|move|p2a: Cinderace|U-turn|p1a: Altaria\n|-start|p2a: Cinderace|typechange|Bug|[from] ability: Libero\n|-resisted|p1a: Altaria\n|-damage|p1a: Altaria|81\/100\n|\n|t:|1699629946\n|switch|p2a: Tapu Lele|Tapu Lele, shiny|70\/100 psn|[from] U-turn\n|-fieldstart|move: Psychic Terrain|[from] ability: Psychic Surge|[of] p2a: Tapu Lele\n|move|p1a: Altaria|Dragon Dance|p1a: Altaria\n|-boost|p1a: Altaria|atk|1\n|-boost|p1a: Altaria|spe|1\n|\n|-damage|p2a: Tapu Lele|58\/100 psn|[from] psn\n|upkeep\n|turn|15\n|\n|t:|1699629954\n|move|p1a: Altaria|Return|p2a: Tapu Lele\n|-crit|p2a: Tapu Lele\n|-damage|p2a: Tapu Lele|0 fnt\n|faint|p2a: Tapu Lele\n|\n|upkeep\n|\n|t:|1699629960\n|switch|p2a: Alakazam|Alakazam, M, shiny|100\/100\n|turn|16\n|\n|t:|1699629970\n|move|p1a: Altaria|Return|p2a: Alakazam\n|-enditem|p2a: Alakazam|Focus Sash\n|-damage|p2a: Alakazam|1\/100\n|move|p2a: Alakazam|Expanding Force|p1a: Altaria\n|-damage|p1a: Altaria|0 fnt\n|faint|p1a: Altaria\n|\n|win|Funny jumpiiiiiii\n|raw|robmalik1's rating: 1208 &rarr; <strong>1178<\/strong><br \/>(-30 for losing)\n|raw|Funny jumpiiiiiii's rating: 1139 &rarr; <strong>1169<\/strong><br \/>(+30 for winning)\n|l|\u2606robmalik1\n","uploadtime":1699629999,"views":4,"p1id":"robmalik1","p2id":"funnyjumpiiiiiii","formatid":"gen9nationaldex","rating":1169,"private":0,"password":""}