{"id":"gen9nationaldex-1988756311","p1":"hidin","p2":"SeraphZ\u2605","format":"[Gen 9] National Dex","log":"|j|\u2606hidin\n|j|\u2606SeraphZ\u2605\n|t:|1699759107\n|gametype|singles\n|player|p1|hidin|#capplixvenomicons|\n|player|p2|SeraphZ\u2605|#ptplivdazzlingdiancies|\n|teamsize|p1|6\n|teamsize|p2|6\n|gen|9\n|tier|[Gen 9] National Dex\n|rule|HP Percentage Mod: HP is shown in percentages\n|rule|Endless Battle Clause: Forcing endless battles is banned\n|rule|OHKO Clause: OHKO moves are banned\n|rule|Evasion Clause: Evasion abilities, items, and moves are banned\n|rule|Evasion Abilities Clause: Evasion abilities are banned\n|rule|Evasion Items Clause: Evasion items are banned\n|rule|Evasion Moves Clause: Evasion moves are banned\n|rule|Species Clause: Limit one of each Pok\u00e9mon\n|rule|Sleep Clause Mod: Limit one foe put to sleep\n|clearpoke\n|poke|p1|Kommo-o, F|\n|poke|p1|Tornadus-Therian, M|\n|poke|p1|Cinderace, M|\n|poke|p1|Slowking-Galar, F|\n|poke|p1|Scizor, F|\n|poke|p1|Ting-Lu|\n|poke|p2|Alomomola, M|\n|poke|p2|Ursaluna, F|\n|poke|p2|Tornadus-Therian, M|\n|poke|p2|Zamazenta-*|\n|poke|p2|Gliscor, M|\n|poke|p2|Mawile, M|\n|teampreview\n|inactive|Battle timer is ON: inactive players will automatically lose when time's up. (requested by hidin)\n|\n|t:|1699759124\n|start\n|switch|p1a: Cinderace|Cinderace, M|100\/100\n|switch|p2a: Tornadus|Tornadus-Therian, M|100\/100\n|turn|1\n|\n|t:|1699759132\n|switch|p2a: Gliscor|Gliscor, M|100\/100\n|switch|p1a: Slowking|Slowking-Galar, F|100\/100\n|\n|-status|p2a: Gliscor|tox|[from] item: Toxic Orb\n|upkeep\n|turn|2\n|\n|t:|1699759139\n|move|p2a: Gliscor|Spikes|p1a: Slowking\n|-sidestart|p1: hidin|Spikes\n|move|p1a: Slowking|Chilly Reception|p1a: Slowking\n|-weather|Snow\n|\n|t:|1699759144\n|switch|p1a: Tornadus|Tornadus-Therian, M|100\/100|[from] Chilly Reception\n|\n|-weather|Snow|[upkeep]\n|upkeep\n|turn|3\n|\n|t:|1699759149\n|move|p1a: Tornadus|Taunt|p2a: Gliscor\n|-start|p2a: Gliscor|move: Taunt\n|cant|p2a: Gliscor|move: Taunt|Spikes\n|\n|-weather|Snow|[upkeep]\n|upkeep\n|turn|4\n|\n|t:|1699759154\n|switch|p2a: Mawile|Mawile, M|100\/100\n|-ability|p2a: Mawile|Intimidate|boost\n|-unboost|p1a: Tornadus|atk|1\n|move|p1a: Tornadus|Nasty Plot|p1a: Tornadus\n|-boost|p1a: Tornadus|spa|2\n|\n|-weather|Snow|[upkeep]\n|upkeep\n|turn|5\n|\n|t:|1699759165\n|switch|p1a: Cinderace|Cinderace, M|100\/100\n|detailschange|p2a: Mawile|Mawile-Mega, M\n|-mega|p2a: Mawile|Mawile|Mawilite\n|move|p2a: Mawile|Sucker Punch||[still]\n|-fail|p2a: Mawile\n|\n|-weather|Snow|[upkeep]\n|upkeep\n|turn|6\n|\n|t:|1699759169\n|switch|p2a: Gliscor|Gliscor, M|100\/100 tox\n|move|p1a: Cinderace|Will-O-Wisp|p2a: Gliscor|[miss]\n|-miss|p1a: Cinderace|p2a: Gliscor\n|\n|-weather|none\n|upkeep\n|turn|7\n|\n|t:|1699759177\n|switch|p1a: Slowking|Slowking-Galar, F|100\/100\n|move|p2a: Gliscor|Spikes|p1a: Slowking\n|-sidestart|p1: hidin|Spikes\n|\n|upkeep\n|turn|8\n|\n|t:|1699759180\n|move|p2a: Gliscor|Earthquake|p1a: Slowking\n|-supereffective|p1a: Slowking\n|-damage|p1a: Slowking|41\/100\n|move|p1a: Slowking|Chilly Reception|p1a: Slowking\n|-weather|Snow\n|\n|t:|1699759183\n|switch|p1a: Tornadus|Tornadus-Therian, M|100\/100|[from] Chilly Reception\n|\n|-weather|Snow|[upkeep]\n|upkeep\n|turn|9\n|\n|t:|1699759188\n|switch|p2a: Ursaluna|Ursaluna, F|100\/100\n|move|p1a: Tornadus|Nasty Plot|p1a: Tornadus\n|-boost|p1a: Tornadus|spa|2\n|\n|-weather|Snow|[upkeep]\n|upkeep\n|turn|10\n|\n|t:|1699759196\n|switch|p2a: Gliscor|Gliscor, M|100\/100 tox\n|move|p1a: Tornadus|Hurricane|p2a: Gliscor|[miss]\n|-miss|p1a: Tornadus|p2a: Gliscor\n|\n|-weather|Snow|[upkeep]\n|upkeep\n|turn|11\n|\n|t:|1699759204\n|-zpower|p1a: Tornadus\n|move|p1a: Tornadus|Supersonic Skystrike|p2a: Gliscor|[zeffect]\n|-damage|p2a: Gliscor|0 fnt\n|faint|p2a: Gliscor\n|\n|-weather|Snow|[upkeep]\n|upkeep\n|\n|t:|1699759208\n|switch|p2a: Tornadus|Tornadus-Therian, M|100\/100\n|turn|12\n|\n|t:|1699759216\n|move|p1a: Tornadus|Hurricane|p2a: Tornadus\n|-damage|p2a: Tornadus|0 fnt\n|faint|p2a: Tornadus\n|\n|-weather|none\n|upkeep\n|\n|t:|1699759218\n|switch|p2a: Mawile|Mawile-Mega, M|100\/100\n|turn|13\n|\n|t:|1699759221\n|switch|p1a: Cinderace|Cinderace, M|100\/100\n|move|p2a: Mawile|Play Rough|p1a: Cinderace\n|-resisted|p1a: Cinderace\n|-damage|p1a: Cinderace|43\/100\n|\n|upkeep\n|turn|14\n|\n|t:|1699759227\n|switch|p2a: Ursaluna|Ursaluna, F|100\/100\n|move|p1a: Cinderace|Will-O-Wisp|p2a: Ursaluna\n|-status|p2a: Ursaluna|brn\n|\n|-damage|p2a: Ursaluna|94\/100 brn|[from] brn\n|upkeep\n|turn|15\n|\n|t:|1699759231\n|move|p1a: Cinderace|Court Change|p1a: Cinderace\n|-swapsideconditions\n|-activate|p1a: Cinderace|move: Court Change\n|move|p2a: Ursaluna|Bulk Up|p2a: Ursaluna\n|-boost|p2a: Ursaluna|atk|1\n|-boost|p2a: Ursaluna|def|1\n|\n|-heal|p2a: Ursaluna|100\/100 brn|[from] item: Leftovers\n|-damage|p2a: Ursaluna|94\/100 brn|[from] brn\n|upkeep\n|turn|16\n|\n|t:|1699759241\n|move|p1a: Cinderace|Pyro Ball|p2a: Ursaluna\n|-damage|p2a: Ursaluna|72\/100 brn\n|move|p2a: Ursaluna|Drain Punch|p1a: Cinderace\n|-damage|p1a: Cinderace|0 fnt\n|-heal|p2a: Ursaluna|88\/100 brn|[from] drain|[of] p1a: Cinderace\n|faint|p1a: Cinderace\n|\n|-heal|p2a: Ursaluna|94\/100 brn|[from] item: Leftovers\n|-damage|p2a: Ursaluna|88\/100 brn|[from] brn\n|upkeep\n|\n|t:|1699759250\n|switch|p1a: Ting-Lu|Ting-Lu|100\/100\n|-ability|p1a: Ting-Lu|Vessel of Ruin\n|turn|17\n|\n|t:|1699759254\n|move|p2a: Ursaluna|Body Slam|p1a: Ting-Lu\n|-damage|p1a: Ting-Lu|53\/100\n|-status|p1a: Ting-Lu|par\n|move|p1a: Ting-Lu|Whirlwind|p2a: Ursaluna\n|drag|p2a: Alomomola|Alomomola, M|100\/100\n|\n|-heal|p1a: Ting-Lu|59\/100 par|[from] item: Leftovers\n|upkeep\n|turn|18\n|\n|t:|1699759262\n|move|p2a: Alomomola|Wish|p2a: Alomomola\n|move|p1a: Ting-Lu|Stealth Rock|p2a: Alomomola\n|-sidestart|p2: SeraphZ\u2605|move: Stealth Rock\n|\n|-heal|p1a: Ting-Lu|66\/100 par|[from] item: Leftovers\n|upkeep\n|turn|19\n|\n|t:|1699759265\n|move|p2a: Alomomola|Flip Turn|p1a: Ting-Lu\n|-supereffective|p1a: Ting-Lu\n|-damage|p1a: Ting-Lu|50\/100 par\n|\n|t:|1699759267\n|switch|p2a: Ursaluna|Ursaluna, F|88\/100 brn|[from] Flip Turn\n|-damage|p2a: Ursaluna|71\/100 brn|[from] Spikes\n|-damage|p2a: Ursaluna|65\/100 brn|[from] Stealth Rock\n|move|p1a: Ting-Lu|Whirlwind|p2a: Ursaluna\n|drag|p2a: Alomomola|Alomomola, M|100\/100\n|\n|-heal|p1a: Ting-Lu|56\/100 par|[from] item: Leftovers\n|upkeep\n|turn|20\n|\n|t:|1699759274\n|switch|p1a: Kommo-o|Kommo-o, F|100\/100\n|move|p2a: Alomomola|Wish|p2a: Alomomola\n|\n|upkeep\n|turn|21\n|\n|t:|1699759277\n|switch|p2a: Mawile|Mawile-Mega, M|100\/100\n|-damage|p2a: Mawile|84\/100|[from] Spikes\n|-damage|p2a: Mawile|78\/100|[from] Stealth Rock\n|move|p1a: Kommo-o|Clangorous Soul|p1a: Kommo-o\n|-boost|p1a: Kommo-o|atk|1\n|-boost|p1a: Kommo-o|def|1\n|-boost|p1a: Kommo-o|spa|1\n|-boost|p1a: Kommo-o|spd|1\n|-boost|p1a: Kommo-o|spe|1\n|-damage|p1a: Kommo-o|68\/100\n|-enditem|p1a: Kommo-o|Throat Spray\n|-boost|p1a: Kommo-o|spa|1|[from] item: Throat Spray\n|\n|-heal|p2a: Mawile|100\/100|[from] move: Wish|[wisher] Alomomola\n|upkeep\n|turn|22\n|\n|t:|1699759285\n|-terastallize|p1a: Kommo-o|Normal\n|move|p1a: Kommo-o|Drain Punch|p2a: Mawile\n|-damage|p2a: Mawile|65\/100\n|-heal|p1a: Kommo-o|86\/100|[from] drain|[of] p2a: Mawile\n|move|p2a: Mawile|Play Rough|p1a: Kommo-o|[miss]\n|-miss|p2a: Mawile|p1a: Kommo-o\n|\n|upkeep\n|turn|23\n|\n|t:|1699759293\n|move|p1a: Kommo-o|Boomburst|p2a: Mawile\n|-resisted|p2a: Mawile\n|-damage|p2a: Mawile|0 fnt\n|faint|p2a: Mawile\n|\n|upkeep\n|\n|t:|1699759297\n|switch|p2a: Zamazenta|Zamazenta|100\/100\n|-damage|p2a: Zamazenta|84\/100|[from] Spikes\n|-damage|p2a: Zamazenta|78\/100|[from] Stealth Rock\n|-ability|p2a: Zamazenta|Dauntless Shield|boost\n|-boost|p2a: Zamazenta|def|1\n|turn|24\n|\n|t:|1699759301\n|-terastallize|p2a: Zamazenta|Steel\n|move|p1a: Kommo-o|Boomburst|p2a: Zamazenta\n|-resisted|p2a: Zamazenta\n|-damage|p2a: Zamazenta|28\/100\n|move|p2a: Zamazenta|Body Press|p1a: Kommo-o\n|-supereffective|p1a: Kommo-o\n|-damage|p1a: Kommo-o|22\/100\n|\n|-heal|p2a: Zamazenta|34\/100|[from] item: Leftovers\n|upkeep\n|turn|25\n|\n|t:|1699759307\n|move|p1a: Kommo-o|Drain Punch|p2a: Zamazenta\n|-supereffective|p2a: Zamazenta\n|-damage|p2a: Zamazenta|0 fnt\n|-heal|p1a: Kommo-o|44\/100|[from] drain|[of] p2a: Zamazenta\n|faint|p2a: Zamazenta\n|\n|upkeep\n|c|\u2606SeraphZ\u2605|Gg\n|c|\u2606hidin|gg\n|-message|SeraphZ\u2605 forfeited.\n|\n|win|hidin\n","uploadtime":1699759322,"views":6,"p1id":"hidin","p2id":"seraphz","formatid":"gen9nationaldex","rating":0,"private":0,"password":""}