{"id":"gen9nationaldex-1999563919","p1":"TPD JOHTO","p2":"UserJexx","format":"[Gen 9] National Dex","log":"|html|<div class=\"broadcast-blue\"><strong>[Gen 9] National Dex is currently suspecting Sneasler! For information on how to participate check out the <a href=\"https:\/\/www.smogon.com\/forums\/threads\/sv-national-dex-suspect-8-just-dance.3731534\/\">suspect thread<\/a>.<\/strong><\/div>\n|j|\u2606TPD JOHTO\n|j|\u2606UserJexx\n|t:|1701096553\n|gametype|singles\n|player|p1|TPD JOHTO|drayden|1717\n|player|p2|UserJexx|lusamine-nihilego|1742\n|teamsize|p1|6\n|teamsize|p2|6\n|gen|9\n|tier|[Gen 9] National Dex\n|rated|\n|rule|HP Percentage Mod: HP is shown in percentages\n|rule|Endless Battle Clause: Forcing endless battles is banned\n|rule|OHKO Clause: OHKO moves are banned\n|rule|Evasion Clause: Evasion abilities, items, and moves are banned\n|rule|Evasion Abilities Clause: Evasion abilities are banned\n|rule|Evasion Items Clause: Evasion items are banned\n|rule|Evasion Moves Clause: Evasion moves are banned\n|rule|Species Clause: Limit one of each Pok\u00e9mon\n|rule|Sleep Clause Mod: Limit one foe put to sleep\n|clearpoke\n|poke|p1|Raikou|\n|poke|p1|Suicune|\n|poke|p1|Entei|\n|poke|p1|Tyranitar, M|\n|poke|p1|Celebi|\n|poke|p1|Skarmory, M|\n|poke|p2|Goodra-Hisui, F|\n|poke|p2|Ceruledge, F|\n|poke|p2|Gliscor, F|\n|poke|p2|Hatterene, F|\n|poke|p2|Gastrodon-East, M|\n|poke|p2|Ditto|\n|teampreview\n|\n|t:|1701096569\n|start\n|switch|p1a: Kubo|Raikou, shiny|100\/100\n|switch|p2a: \ud83d\udeac\ud83d\udc80|Gastrodon-East, M|100\/100\n|-ability|p1a: Kubo|Pressure\n|turn|1\n|\n|t:|1701096576\n|move|p1a: Kubo|Substitute|p1a: Kubo\n|-start|p1a: Kubo|Substitute\n|-damage|p1a: Kubo|76\/100\n|move|p2a: \ud83d\udeac\ud83d\udc80|Earth Power|p1a: Kubo\n|-supereffective|p1a: Kubo\n|-end|p1a: Kubo|Substitute\n|\n|-heal|p1a: Kubo|82\/100|[from] item: Leftovers\n|upkeep\n|turn|2\n|inactive|Battle timer is ON: inactive players will automatically lose when time's up. (requested by UserJexx)\n|\n|t:|1701096584\n|move|p1a: Kubo|Protect|p1a: Kubo\n|-singleturn|p1a: Kubo|Protect\n|move|p2a: \ud83d\udeac\ud83d\udc80|Earth Power|p1a: Kubo\n|-activate|p1a: Kubo|move: Protect\n|\n|-heal|p1a: Kubo|88\/100|[from] item: Leftovers\n|upkeep\n|turn|3\n|\n|t:|1701096588\n|move|p1a: Kubo|Calm Mind|p1a: Kubo\n|-boost|p1a: Kubo|spa|1\n|-boost|p1a: Kubo|spd|1\n|move|p2a: \ud83d\udeac\ud83d\udc80|Earth Power|p1a: Kubo\n|-supereffective|p1a: Kubo\n|-damage|p1a: Kubo|45\/100\n|\n|-heal|p1a: Kubo|51\/100|[from] item: Leftovers\n|upkeep\n|turn|4\n|\n|t:|1701096594\n|move|p1a: Kubo|Protect|p1a: Kubo\n|-singleturn|p1a: Kubo|Protect\n|move|p2a: \ud83d\udeac\ud83d\udc80|Earth Power|p1a: Kubo\n|-activate|p1a: Kubo|move: Protect\n|\n|-heal|p1a: Kubo|58\/100|[from] item: Leftovers\n|upkeep\n|turn|5\n|\n|t:|1701096599\n|move|p1a: Kubo|Substitute|p1a: Kubo\n|-start|p1a: Kubo|Substitute\n|-damage|p1a: Kubo|33\/100\n|move|p2a: \ud83d\udeac\ud83d\udc80|Clear Smog|p1a: Kubo\n|-activate|p1a: Kubo|move: Substitute|[damage]\n|\n|-heal|p1a: Kubo|39\/100|[from] item: Leftovers\n|upkeep\n|turn|6\n|\n|t:|1701096604\n|move|p1a: Kubo|Protect|p1a: Kubo\n|-singleturn|p1a: Kubo|Protect\n|move|p2a: \ud83d\udeac\ud83d\udc80|Earth Power|p1a: Kubo\n|-activate|p1a: Kubo|move: Protect\n|\n|-heal|p1a: Kubo|45\/100|[from] item: Leftovers\n|upkeep\n|turn|7\n|\n|t:|1701096608\n|move|p1a: Kubo|Calm Mind|p1a: Kubo\n|-boost|p1a: Kubo|spa|1\n|-boost|p1a: Kubo|spd|1\n|move|p2a: \ud83d\udeac\ud83d\udc80|Earth Power|p1a: Kubo\n|-supereffective|p1a: Kubo\n|-end|p1a: Kubo|Substitute\n|\n|-heal|p1a: Kubo|51\/100|[from] item: Leftovers\n|upkeep\n|turn|8\n|\n|t:|1701096616\n|move|p1a: Kubo|Protect|p1a: Kubo\n|-singleturn|p1a: Kubo|Protect\n|move|p2a: \ud83d\udeac\ud83d\udc80|Earth Power|p1a: Kubo\n|-activate|p1a: Kubo|move: Protect\n|\n|-heal|p1a: Kubo|58\/100|[from] item: Leftovers\n|upkeep\n|turn|9\n|\n|t:|1701096622\n|move|p1a: Kubo|Substitute|p1a: Kubo\n|-start|p1a: Kubo|Substitute\n|-damage|p1a: Kubo|33\/100\n|move|p2a: \ud83d\udeac\ud83d\udc80|Earth Power|p1a: Kubo\n|-supereffective|p1a: Kubo\n|-end|p1a: Kubo|Substitute\n|\n|-heal|p1a: Kubo|39\/100|[from] item: Leftovers\n|upkeep\n|turn|10\n|\n|t:|1701096629\n|move|p1a: Kubo|Substitute|p1a: Kubo\n|-start|p1a: Kubo|Substitute\n|-damage|p1a: Kubo|14\/100\n|move|p2a: \ud83d\udeac\ud83d\udc80|Scald|p1a: Kubo\n|-activate|p1a: Kubo|move: Substitute|[damage]\n|\n|-heal|p1a: Kubo|20\/100|[from] item: Leftovers\n|upkeep\n|turn|11\n|\n|t:|1701096633\n|move|p1a: Kubo|Protect|p1a: Kubo\n|-singleturn|p1a: Kubo|Protect\n|move|p2a: \ud83d\udeac\ud83d\udc80|Scald|p1a: Kubo\n|-activate|p1a: Kubo|move: Protect\n|\n|-heal|p1a: Kubo|26\/100|[from] item: Leftovers\n|upkeep\n|turn|12\n|\n|t:|1701096637\n|move|p1a: Kubo|Calm Mind|p1a: Kubo\n|-boost|p1a: Kubo|spa|1\n|-boost|p1a: Kubo|spd|1\n|move|p2a: \ud83d\udeac\ud83d\udc80|Scald|p1a: Kubo\n|-end|p1a: Kubo|Substitute\n|\n|-heal|p1a: Kubo|33\/100|[from] item: Leftovers\n|upkeep\n|turn|13\n|\n|t:|1701096643\n|move|p1a: Kubo|Substitute|p1a: Kubo\n|-start|p1a: Kubo|Substitute\n|-damage|p1a: Kubo|8\/100\n|move|p2a: \ud83d\udeac\ud83d\udc80|Scald|p1a: Kubo\n|-activate|p1a: Kubo|move: Substitute|[damage]\n|\n|-heal|p1a: Kubo|14\/100|[from] item: Leftovers\n|upkeep\n|turn|14\n|\n|t:|1701096648\n|move|p1a: Kubo|Protect|p1a: Kubo\n|-singleturn|p1a: Kubo|Protect\n|move|p2a: \ud83d\udeac\ud83d\udc80|Scald|p1a: Kubo\n|-activate|p1a: Kubo|move: Protect\n|\n|-heal|p1a: Kubo|20\/100|[from] item: Leftovers\n|upkeep\n|turn|15\n|\n|t:|1701096652\n|move|p1a: Kubo|Calm Mind|p1a: Kubo\n|-boost|p1a: Kubo|spa|1\n|-boost|p1a: Kubo|spd|1\n|move|p2a: \ud83d\udeac\ud83d\udc80|Scald|p1a: Kubo\n|-activate|p1a: Kubo|move: Substitute|[damage]\n|\n|-heal|p1a: Kubo|26\/100|[from] item: Leftovers\n|upkeep\n|turn|16\n|\n|t:|1701096657\n|move|p1a: Kubo|Protect|p1a: Kubo\n|-singleturn|p1a: Kubo|Protect\n|move|p2a: \ud83d\udeac\ud83d\udc80|Scald|p1a: Kubo\n|-activate|p1a: Kubo|move: Protect\n|\n|-heal|p1a: Kubo|33\/100|[from] item: Leftovers\n|upkeep\n|turn|17\n|\n|t:|1701096662\n|move|p1a: Kubo|Calm Mind|p1a: Kubo\n|-boost|p1a: Kubo|spa|1\n|-boost|p1a: Kubo|spd|1\n|move|p2a: \ud83d\udeac\ud83d\udc80|Scald|p1a: Kubo\n|-end|p1a: Kubo|Substitute\n|\n|-heal|p1a: Kubo|39\/100|[from] item: Leftovers\n|upkeep\n|turn|18\n|\n|t:|1701096669\n|switch|p2a: \ud83d\udc1a|Goodra-Hisui, F|100\/100\n|move|p1a: Kubo|Substitute|p1a: Kubo\n|-start|p1a: Kubo|Substitute\n|-damage|p1a: Kubo|14\/100\n|\n|-heal|p1a: Kubo|20\/100|[from] item: Leftovers\n|upkeep\n|turn|19\n|\n|t:|1701096673\n|switch|p2a: \ud83d\udeac\ud83d\udc80|Gastrodon-East, M|100\/100\n|move|p1a: Kubo|Protect||[still]\n|-fail|p1a: Kubo\n|\n|-heal|p1a: Kubo|26\/100|[from] item: Leftovers\n|upkeep\n|turn|20\n|\n|t:|1701096677\n|move|p1a: Kubo|Protect|p1a: Kubo\n|-singleturn|p1a: Kubo|Protect\n|move|p2a: \ud83d\udeac\ud83d\udc80|Scald|p1a: Kubo\n|-activate|p1a: Kubo|move: Protect\n|\n|-heal|p1a: Kubo|33\/100|[from] item: Leftovers\n|upkeep\n|turn|21\n|\n|t:|1701096682\n|move|p1a: Kubo|Calm Mind|p1a: Kubo\n|-boost|p1a: Kubo|spa|1\n|-boost|p1a: Kubo|spd|1\n|move|p2a: \ud83d\udeac\ud83d\udc80|Scald|p1a: Kubo\n|-activate|p1a: Kubo|move: Substitute|[damage]\n|\n|-heal|p1a: Kubo|39\/100|[from] item: Leftovers\n|upkeep\n|turn|22\n|\n|t:|1701096695\n|move|p1a: Kubo|Calm Mind|p1a: Kubo\n|-boost|p1a: Kubo|spa|0\n|-boost|p1a: Kubo|spd|0\n|move|p2a: \ud83d\udeac\ud83d\udc80|Scald|p1a: Kubo\n|-activate|p1a: Kubo|move: Substitute|[damage]\n|\n|-heal|p1a: Kubo|45\/100|[from] item: Leftovers\n|upkeep\n|turn|23\n|\n|t:|1701096701\n|switch|p2a: \ud83d\udc1a|Goodra-Hisui, F|100\/100\n|move|p1a: Kubo|Calm Mind|p1a: Kubo\n|-boost|p1a: Kubo|spa|0\n|-boost|p1a: Kubo|spd|0\n|\n|-heal|p1a: Kubo|51\/100|[from] item: Leftovers\n|upkeep\n|turn|24\n|\n|t:|1701096705\n|move|p1a: Kubo|Protect|p1a: Kubo\n|-singleturn|p1a: Kubo|Protect\n|move|p2a: \ud83d\udc1a|Earthquake|p1a: Kubo\n|-activate|p1a: Kubo|move: Protect\n|\n|-heal|p1a: Kubo|58\/100|[from] item: Leftovers\n|upkeep\n|turn|25\n|\n|t:|1701096718\n|-terastallize|p1a: Kubo|Flying\n|move|p1a: Kubo|Scald|p2a: \ud83d\udc1a\n|-resisted|p2a: \ud83d\udc1a\n|-damage|p2a: \ud83d\udc1a|82\/100\n|move|p2a: \ud83d\udc1a|Earthquake|p1a: Kubo\n|-immune|p1a: Kubo\n|\n|-heal|p1a: Kubo|64\/100|[from] item: Leftovers\n|upkeep\n|turn|26\n|\n|t:|1701096726\n|move|p1a: Kubo|Scald|p2a: \ud83d\udc1a\n|-resisted|p2a: \ud83d\udc1a\n|-damage|p2a: \ud83d\udc1a|62\/100\n|-status|p2a: \ud83d\udc1a|brn\n|move|p2a: \ud83d\udc1a|Ice Spinner|p1a: Kubo\n|-supereffective|p1a: Kubo\n|-end|p1a: Kubo|Substitute\n|\n|-heal|p1a: Kubo|70\/100|[from] item: Leftovers\n|-damage|p2a: \ud83d\udc1a|56\/100 brn|[from] brn\n|upkeep\n|turn|27\n|\n|t:|1701096736\n|move|p1a: Kubo|Protect|p1a: Kubo\n|-singleturn|p1a: Kubo|Protect\n|move|p2a: \ud83d\udc1a|Ice Spinner|p1a: Kubo\n|-activate|p1a: Kubo|move: Protect\n|\n|-heal|p1a: Kubo|76\/100|[from] item: Leftovers\n|-damage|p2a: \ud83d\udc1a|50\/100 brn|[from] brn\n|upkeep\n|turn|28\n|\n|t:|1701096743\n|move|p1a: Kubo|Substitute|p1a: Kubo\n|-start|p1a: Kubo|Substitute\n|-damage|p1a: Kubo|51\/100\n|move|p2a: \ud83d\udc1a|Ice Spinner|p1a: Kubo\n|-supereffective|p1a: Kubo\n|-end|p1a: Kubo|Substitute\n|\n|-heal|p1a: Kubo|58\/100|[from] item: Leftovers\n|-damage|p2a: \ud83d\udc1a|44\/100 brn|[from] brn\n|upkeep\n|turn|29\n|\n|t:|1701096748\n|switch|p2a: \ud83e\uddec|Ditto|100\/100\n|-transform|p2a: \ud83e\uddec|p1a: Kubo|[from] ability: Imposter\n|-ability|p2a: \ud83e\uddec|Pressure\n|move|p1a: Kubo|Protect||[still]\n|-fail|p1a: Kubo\n|\n|-heal|p1a: Kubo|64\/100|[from] item: Leftovers\n|upkeep\n|-start|p2a: \ud83e\uddec|typechange|Electric|[silent]\n|turn|30\n|\n|t:|1701096753\n|move|p2a: \ud83e\uddec|Scald|p1a: Kubo\n|-damage|p1a: Kubo|46\/100\n|-status|p1a: Kubo|brn\n|move|p1a: Kubo|Substitute|p1a: Kubo\n|-start|p1a: Kubo|Substitute\n|-damage|p1a: Kubo|21\/100 brn\n|\n|-heal|p1a: Kubo|27\/100 brn|[from] item: Leftovers\n|-damage|p1a: Kubo|21\/100 brn|[from] brn\n|upkeep\n|turn|31\n|\n|t:|1701096761\n|switch|p2a: \ud83d\udc1a|Goodra-Hisui, F|44\/100 brn\n|switch|p1a: Paper|Celebi|100\/100\n|\n|-damage|p2a: \ud83d\udc1a|38\/100 brn|[from] brn\n|upkeep\n|turn|32\n|\n|t:|1701096764\n|move|p1a: Paper|Heal Bell|p1a: Paper\n|-activate|p1a: Paper|move: Heal Bell\n|-curestatus|p1: Kubo|brn|[msg]\n|move|p2a: \ud83d\udc1a|Ice Spinner|p1a: Paper\n|-supereffective|p1a: Paper\n|-damage|p1a: Paper|83\/100\n|\n|-heal|p1a: Paper|90\/100|[from] item: Leftovers\n|-damage|p2a: \ud83d\udc1a|32\/100 brn|[from] brn\n|upkeep\n|turn|33\n|\n|t:|1701096775\n|switch|p1a: Moose|Suicune, shiny|100\/100\n|-ability|p1a: Moose|Pressure\n|move|p2a: \ud83d\udc1a|Ice Spinner|p1a: Moose\n|-resisted|p1a: Moose\n|-damage|p1a: Moose|97\/100\n|\n|-heal|p1a: Moose|100\/100|[from] item: Leftovers\n|-damage|p2a: \ud83d\udc1a|26\/100 brn|[from] brn\n|upkeep\n|turn|34\n|\n|t:|1701096783\n|switch|p2a: \ud83d\udeac\ud83d\udc80|Gastrodon-East, M|100\/100\n|move|p1a: Moose|Substitute|p1a: Moose\n|-start|p1a: Moose|Substitute\n|-damage|p1a: Moose|75\/100\n|\n|-heal|p1a: Moose|82\/100|[from] item: Leftovers\n|upkeep\n|turn|35\n|\n|t:|1701096787\n|switch|p2a: \ud83d\udc1a|Goodra-Hisui, F|26\/100 brn\n|move|p1a: Moose|Calm Mind|p1a: Moose\n|-boost|p1a: Moose|spa|1\n|-boost|p1a: Moose|spd|1\n|\n|-heal|p1a: Moose|88\/100|[from] item: Leftovers\n|-damage|p2a: \ud83d\udc1a|20\/100 brn|[from] brn\n|upkeep\n|turn|36\n|\n|t:|1701096789\n|move|p1a: Moose|Calm Mind|p1a: Moose\n|-boost|p1a: Moose|spa|1\n|-boost|p1a: Moose|spd|1\n|move|p2a: \ud83d\udc1a|Earthquake|p1a: Moose\n|-activate|p1a: Moose|move: Substitute|[damage]\n|\n|-heal|p1a: Moose|94\/100|[from] item: Leftovers\n|-damage|p2a: \ud83d\udc1a|14\/100 brn|[from] brn\n|upkeep\n|turn|37\n|\n|t:|1701096794\n|move|p1a: Moose|Calm Mind|p1a: Moose\n|-boost|p1a: Moose|spa|1\n|-boost|p1a: Moose|spd|1\n|move|p2a: \ud83d\udc1a|Earthquake|p1a: Moose\n|-activate|p1a: Moose|move: Substitute|[damage]\n|\n|-heal|p1a: Moose|99\/100|[from] item: Leftovers\n|-damage|p2a: \ud83d\udc1a|8\/100 brn|[from] brn\n|upkeep\n|turn|38\n|\n|t:|1701096799\n|move|p1a: Moose|Calm Mind|p1a: Moose\n|-boost|p1a: Moose|spa|1\n|-boost|p1a: Moose|spd|1\n|move|p2a: \ud83d\udc1a|Earthquake|p1a: Moose\n|-end|p1a: Moose|Substitute\n|\n|-heal|p1a: Moose|100\/100|[from] item: Leftovers\n|-damage|p2a: \ud83d\udc1a|2\/100 brn|[from] brn\n|upkeep\n|turn|39\n|\n|t:|1701096804\n|move|p1a: Moose|Substitute|p1a: Moose\n|-start|p1a: Moose|Substitute\n|-damage|p1a: Moose|75\/100\n|move|p2a: \ud83d\udc1a|Earthquake|p1a: Moose\n|-activate|p1a: Moose|move: Substitute|[damage]\n|\n|-heal|p1a: Moose|82\/100|[from] item: Leftovers\n|-damage|p2a: \ud83d\udc1a|0 fnt|[from] brn\n|faint|p2a: \ud83d\udc1a\n|upkeep\n|\n|t:|1701096811\n|switch|p2a: \u2694\ufe0f|Ceruledge, F, shiny|100\/100\n|turn|40\n|\n|t:|1701096816\n|move|p2a: \u2694\ufe0f|Destiny Bond|p2a: \u2694\ufe0f\n|-singlemove|p2a: \u2694\ufe0f|Destiny Bond\n|move|p1a: Moose|Scald|p2a: \u2694\ufe0f\n|-supereffective|p2a: \u2694\ufe0f\n|-damage|p2a: \u2694\ufe0f|0 fnt\n|faint|p2a: \u2694\ufe0f\n|-activate|p2a: \u2694\ufe0f|move: Destiny Bond\n|faint|p1a: Moose\n|\n|upkeep\n|\n|t:|1701096825\n|switch|p2a: \ud83e\uddec|Ditto|100\/100\n|switch|p1a: Simba|Entei, shiny|100\/100\n|-ability|p1a: Simba|Pressure\n|-transform|p2a: \ud83e\uddec|p1a: Simba|[from] ability: Imposter\n|-ability|p2a: \ud83e\uddec|Pressure\n|turn|41\n|\n|t:|1701096831\n|switch|p2a: \ud83e\udd87|Gliscor, F, shiny|100\/100\n|move|p1a: Simba|Curse|p1a: Simba\n|-unboost|p1a: Simba|spe|1\n|-boost|p1a: Simba|atk|1\n|-boost|p1a: Simba|def|1\n|\n|-status|p2a: \ud83e\udd87|tox|[from] item: Toxic Orb\n|upkeep\n|turn|42\n|\n|t:|1701096835\n|move|p2a: \ud83e\udd87|Earthquake|p1a: Simba\n|-supereffective|p1a: Simba\n|-damage|p1a: Simba|62\/100\n|move|p1a: Simba|Curse|p1a: Simba\n|-unboost|p1a: Simba|spe|1\n|-boost|p1a: Simba|atk|1\n|-boost|p1a: Simba|def|1\n|\n|-heal|p1a: Simba|68\/100|[from] item: Leftovers\n|upkeep\n|turn|43\n|\n|t:|1701096840\n|move|p2a: \ud83e\udd87|Earthquake|p1a: Simba\n|-supereffective|p1a: Simba\n|-damage|p1a: Simba|40\/100\n|move|p1a: Simba|Curse|p1a: Simba\n|-unboost|p1a: Simba|spe|1\n|-boost|p1a: Simba|atk|1\n|-boost|p1a: Simba|def|1\n|\n|-heal|p1a: Simba|47\/100|[from] item: Leftovers\n|upkeep\n|turn|44\n|\n|t:|1701096845\n|move|p2a: \ud83e\udd87|Earthquake|p1a: Simba\n|-supereffective|p1a: Simba\n|-damage|p1a: Simba|21\/100\n|move|p1a: Simba|Rest|p1a: Simba\n|-status|p1a: Simba|slp|[from] move: Rest\n|-heal|p1a: Simba|100\/100 slp|[silent]\n|\n|upkeep\n|turn|45\n|\n|t:|1701096856\n|switch|p2a: \ud83d\udeac\ud83d\udc80|Gastrodon-East, M|100\/100\n|cant|p1a: Simba|slp\n|\n|upkeep\n|turn|46\n|\n|t:|1701096859\n|move|p2a: \ud83d\udeac\ud83d\udc80|Scald|p1a: Simba\n|-supereffective|p1a: Simba\n|-damage|p1a: Simba|53\/100 slp\n|cant|p1a: Simba|slp\n|\n|-heal|p1a: Simba|60\/100 slp|[from] item: Leftovers\n|upkeep\n|turn|47\n|\n|t:|1701096868\n|move|p2a: \ud83d\udeac\ud83d\udc80|Clear Smog|p1a: Simba\n|-damage|p1a: Simba|49\/100 slp\n|-clearboost|p1a: Simba\n|-curestatus|p1a: Simba|slp|[msg]\n|move|p1a: Simba|Curse|p1a: Simba\n|-unboost|p1a: Simba|spe|1\n|-boost|p1a: Simba|atk|1\n|-boost|p1a: Simba|def|1\n|\n|-heal|p1a: Simba|55\/100|[from] item: Leftovers\n|upkeep\n|turn|48\n|\n|t:|1701096872\n|switch|p2a: \ud83e\udd87|Gliscor, F, shiny|100\/100 tox\n|move|p1a: Simba|Sacred Fire|p2a: \ud83e\udd87\n|-damage|p2a: \ud83e\udd87|65\/100 tox\n|\n|-heal|p1a: Simba|62\/100|[from] item: Leftovers\n|-heal|p2a: \ud83e\udd87|77\/100 tox|[from] ability: Poison Heal\n|upkeep\n|turn|49\n|\n|t:|1701096876\n|move|p2a: \ud83e\udd87|Toxic|p1a: Simba|[miss]\n|-miss|p2a: \ud83e\udd87|p1a: Simba\n|move|p1a: Simba|Curse|p1a: Simba\n|-unboost|p1a: Simba|spe|1\n|-boost|p1a: Simba|atk|1\n|-boost|p1a: Simba|def|1\n|\n|-heal|p1a: Simba|68\/100|[from] item: Leftovers\n|-heal|p2a: \ud83e\udd87|90\/100 tox|[from] ability: Poison Heal\n|upkeep\n|turn|50\n|\n|t:|1701096882\n|move|p2a: \ud83e\udd87|Earthquake|p1a: Simba\n|-supereffective|p1a: Simba\n|-damage|p1a: Simba|37\/100\n|move|p1a: Simba|Sacred Fire|p2a: \ud83e\udd87\n|-damage|p2a: \ud83e\udd87|40\/100 tox\n|\n|-heal|p1a: Simba|44\/100|[from] item: Leftovers\n|-heal|p2a: \ud83e\udd87|53\/100 tox|[from] ability: Poison Heal\n|upkeep\n|turn|51\n|\n|t:|1701096885\n|move|p2a: \ud83e\udd87|Earthquake|p1a: Simba\n|-supereffective|p1a: Simba\n|-damage|p1a: Simba|13\/100\n|move|p1a: Simba|Rest|p1a: Simba\n|-status|p1a: Simba|slp|[from] move: Rest\n|-heal|p1a: Simba|100\/100 slp|[silent]\n|\n|-heal|p2a: \ud83e\udd87|65\/100 tox|[from] ability: Poison Heal\n|upkeep\n|turn|52\n|\n|t:|1701096909\n|-terastallize|p2a: \ud83e\udd87|Water\n|move|p2a: \ud83e\udd87|Earthquake|p1a: Simba\n|-supereffective|p1a: Simba\n|-damage|p1a: Simba|70\/100 slp\n|cant|p1a: Simba|slp\n|\n|-heal|p1a: Simba|76\/100 slp|[from] item: Leftovers\n|-heal|p2a: \ud83e\udd87|78\/100 tox|[from] ability: Poison Heal\n|upkeep\n|turn|53\n|c|\u2606UserJexx|Full pressure team is so hard to fight\n|inactive|UserJexx has 120 seconds left.\n|\n|t:|1701096936\n|switch|p2a: \ud83c\udf38|Hatterene, F, shiny|100\/100\n|cant|p1a: Simba|slp\n|\n|-heal|p1a: Simba|82\/100 slp|[from] item: Leftovers\n|upkeep\n|turn|54\n|\n|t:|1701096944\n|-curestatus|p1a: Simba|slp|[msg]\n|move|p1a: Simba|Sacred Fire|p2a: \ud83c\udf38\n|-damage|p2a: \ud83c\udf38|19\/100\n|-status|p2a: \ud83c\udf38|brn\n|move|p2a: \ud83c\udf38|Mystical Fire|p1a: Simba\n|-resisted|p1a: Simba\n|-damage|p1a: Simba|72\/100\n|-unboost|p1a: Simba|spa|1\n|\n|-heal|p1a: Simba|78\/100|[from] item: Leftovers\n|-damage|p2a: \ud83c\udf38|13\/100 brn|[from] brn\n|upkeep\n|turn|55\n|\n|t:|1701096955\n|move|p1a: Simba|Curse|p1a: Simba\n|-unboost|p1a: Simba|spe|1\n|-boost|p1a: Simba|atk|1\n|-boost|p1a: Simba|def|1\n|move|p2a: \ud83c\udf38|Mystical Fire|p1a: Simba\n|-resisted|p1a: Simba\n|-damage|p1a: Simba|68\/100\n|-unboost|p1a: Simba|spa|1\n|\n|-heal|p1a: Simba|74\/100|[from] item: Leftovers\n|-damage|p2a: \ud83c\udf38|7\/100 brn|[from] brn\n|upkeep\n|turn|56\n|\n|t:|1701096964\n|move|p1a: Simba|Extreme Speed|p2a: \ud83c\udf38\n|-damage|p2a: \ud83c\udf38|0 fnt\n|faint|p2a: \ud83c\udf38\n|\n|-heal|p1a: Simba|80\/100|[from] item: Leftovers\n|upkeep\n|\n|t:|1701096968\n|switch|p2a: \ud83e\uddec|Ditto|100\/100\n|-transform|p2a: \ud83e\uddec|p1a: Simba|[from] ability: Imposter\n|-ability|p2a: \ud83e\uddec|Pressure\n|turn|57\n|\n|t:|1701096976\n|move|p2a: \ud83e\uddec|Sacred Fire|p1a: Simba\n|-resisted|p1a: Simba\n|-damage|p1a: Simba|64\/100\n|move|p1a: Simba|Curse|p1a: Simba\n|-unboost|p1a: Simba|spe|1\n|-boost|p1a: Simba|atk|1\n|-boost|p1a: Simba|def|1\n|\n|-heal|p1a: Simba|70\/100|[from] item: Leftovers\n|upkeep\n|turn|58\n|\n|t:|1701096982\n|move|p2a: \ud83e\uddec|Sacred Fire|p1a: Simba\n|-resisted|p1a: Simba\n|-damage|p1a: Simba|56\/100\n|move|p1a: Simba|Curse|p1a: Simba\n|-unboost|p1a: Simba|spe|1\n|-boost|p1a: Simba|atk|1\n|-boost|p1a: Simba|def|1\n|\n|-heal|p1a: Simba|62\/100|[from] item: Leftovers\n|upkeep\n|turn|59\n|\n|t:|1701096991\n|switch|p2a: \ud83d\udeac\ud83d\udc80|Gastrodon-East, M|100\/100\n|move|p1a: Simba|Curse|p1a: Simba\n|-unboost|p1a: Simba|spe|1\n|-boost|p1a: Simba|atk|1\n|-boost|p1a: Simba|def|1\n|\n|-heal|p1a: Simba|68\/100|[from] item: Leftovers\n|upkeep\n|turn|60\n|\n|t:|1701096993\n|move|p1a: Simba|Extreme Speed|p2a: \ud83d\udeac\ud83d\udc80\n|-crit|p2a: \ud83d\udeac\ud83d\udc80\n|-damage|p2a: \ud83d\udeac\ud83d\udc80|0 fnt\n|faint|p2a: \ud83d\udeac\ud83d\udc80\n|\n|-heal|p1a: Simba|75\/100|[from] item: Leftovers\n|upkeep\n|-message|UserJexx forfeited.\n|\n|win|TPD JOHTO\n|raw|TPD JOHTO's rating: 1717 &rarr; <strong>1738<\/strong><br \/>(+21 for winning)\n|raw|UserJexx's rating: 1742 &rarr; <strong>1721<\/strong><br \/>(-21 for losing)\n|c|\u2606TPD JOHTO|Ggs\n|c|\u2606UserJexx|Gg\n|l|\u2606UserJexx\n","uploadtime":1701097023,"views":3,"p1id":"tpdjohto","p2id":"userjexx","formatid":"gen9nationaldex","rating":1721,"private":0,"password":""}