{"id":"gen9nationaldex-1998544766","p1":"NDSNEZyedropwhen","p2":"godpartikle","format":"[Gen 9] National Dex","log":"|html|<div class=\"broadcast-blue\"><strong>[Gen 9] National Dex is currently suspecting Sneasler! For information on how to participate check out the <a href=\"https:\/\/www.smogon.com\/forums\/threads\/sv-national-dex-suspect-8-just-dance.3731534\/\">suspect thread<\/a>.<\/strong><\/div>\n|j|\u2606NDSNEZyedropwhen\n|j|\u2606godpartikle\n|t:|1700954530\n|gametype|singles\n|player|p1|NDSNEZyedropwhen|adaman|1551\n|player|p2|godpartikle|roark|1662\n|teamsize|p1|6\n|teamsize|p2|6\n|gen|9\n|tier|[Gen 9] National Dex\n|rated|\n|rule|HP Percentage Mod: HP is shown in percentages\n|rule|Endless Battle Clause: Forcing endless battles is banned\n|rule|OHKO Clause: OHKO moves are banned\n|rule|Evasion Clause: Evasion abilities, items, and moves are banned\n|rule|Evasion Abilities Clause: Evasion abilities are banned\n|rule|Evasion Items Clause: Evasion items are banned\n|rule|Evasion Moves Clause: Evasion moves are banned\n|rule|Species Clause: Limit one of each Pok\u00e9mon\n|rule|Sleep Clause Mod: Limit one foe put to sleep\n|clearpoke\n|poke|p1|Toxapex, F|\n|poke|p1|Dondozo, M|\n|poke|p1|Gliscor, M|\n|poke|p1|Blissey, F|\n|poke|p1|Corviknight, M|\n|poke|p1|Tyranitar, M|\n|poke|p2|Skarmory, M|\n|poke|p2|Slowking-Galar, F|\n|poke|p2|Charizard, M|\n|poke|p2|Gliscor, M|\n|poke|p2|Tangrowth, M|\n|poke|p2|Weavile, M|\n|teampreview\n|c|\u2606godpartikle|glhf\n|c|\u2606NDSNEZyedropwhen|hf\n|\n|t:|1700954574\n|start\n|switch|p1a: Gliscor|Gliscor, M|100\/100\n|switch|p2a: Gliscor|Gliscor, M|100\/100\n|turn|1\n|\n|t:|1700954583\n|switch|p2a: Skarmory|Skarmory, M|100\/100\n|move|p1a: Gliscor|Protect||[still]\n|-fail|p1a: Gliscor\n|\n|-status|p1a: Gliscor|tox|[from] item: Toxic Orb\n|upkeep\n|turn|2\n|\n|t:|1700954587\n|switch|p1a: Toxapex|Toxapex, F|100\/100\n|move|p2a: Skarmory|Spikes|p1a: Toxapex\n|-sidestart|p1: NDSNEZyedropwhen|Spikes\n|\n|upkeep\n|turn|3\n|\n|t:|1700954593\n|switch|p2a: Slowking|Slowking-Galar, F|100\/100\n|move|p1a: Toxapex|Knock Off|p2a: Slowking\n|-supereffective|p2a: Slowking\n|-damage|p2a: Slowking|70\/100\n|-enditem|p2a: Slowking|Heavy-Duty Boots|[from] move: Knock Off|[of] p1a: Toxapex\n|\n|upkeep\n|turn|4\n|\n|t:|1700954603\n|switch|p1a: Tyranitar|Tyranitar, M|100\/100\n|-damage|p1a: Tyranitar|88\/100|[from] Spikes\n|-weather|Sandstorm|[from] ability: Sand Stream|[of] p1a: Tyranitar\n|move|p2a: Slowking|Thunder Wave|p1a: Tyranitar\n|-status|p1a: Tyranitar|par\n|\n|-weather|Sandstorm|[upkeep]\n|-damage|p2a: Slowking|63\/100|[from] Sandstorm\n|upkeep\n|turn|5\n|\n|t:|1700954627\n|detailschange|p1a: Tyranitar|Tyranitar-Mega, M\n|-mega|p1a: Tyranitar|Tyranitar|Tyranitarite\n|-terastallize|p2a: Slowking|Steel\n|cant|p1a: Tyranitar|par\n|move|p2a: Slowking|Chilly Reception|p2a: Slowking\n|-weather|Snow\n|\n|t:|1700954646\n|switch|p2a: Charizard|Charizard, M|100\/100|[from] Chilly Reception\n|\n|-weather|Snow|[upkeep]\n|upkeep\n|turn|6\n|\n|t:|1700954656\n|switch|p2a: Tangrowth|Tangrowth, M|100\/100\n|switch|p1a: Toxapex|Toxapex, F|100\/100\n|\n|-weather|Snow|[upkeep]\n|upkeep\n|turn|7\n|\n|t:|1700954665\n|switch|p2a: Slowking|Slowking-Galar, F, tera:Steel|97\/100\n|switch|p1a: Gliscor|Gliscor, M|100\/100 tox\n|\n|-weather|Snow|[upkeep]\n|upkeep\n|turn|8\n|\n|t:|1700954670\n|move|p1a: Gliscor|Spikes|p2a: Slowking\n|-sidestart|p2: godpartikle|Spikes\n|move|p2a: Slowking|Chilly Reception|p2a: Slowking\n|\n|t:|1700954672\n|switch|p2a: Gliscor|Gliscor, M|100\/100|[from] Chilly Reception\n|\n|-weather|Snow|[upkeep]\n|-status|p2a: Gliscor|tox|[from] item: Toxic Orb\n|upkeep\n|turn|9\n|\n|t:|1700954679\n|switch|p2a: Weavile|Weavile, M|100\/100\n|-damage|p2a: Weavile|88\/100|[from] Spikes\n|-ability|p2a: Weavile|Pressure\n|switch|p1a: Corviknight|Corviknight, M|100\/100\n|-ability|p1a: Corviknight|Pressure\n|\n|-weather|none\n|upkeep\n|turn|10\n|\n|t:|1700954687\n|switch|p2a: Skarmory|Skarmory, M|100\/100\n|move|p1a: Corviknight|Protect||[still]\n|-fail|p1a: Corviknight\n|\n|upkeep\n|turn|11\n|\n|t:|1700954697\n|switch|p1a: Toxapex|Toxapex, F|100\/100\n|move|p2a: Skarmory|Spikes|p1a: Toxapex\n|-sidestart|p1: NDSNEZyedropwhen|Spikes\n|\n|upkeep\n|turn|12\n|\n|t:|1700954708\n|switch|p2a: Slowking|Slowking-Galar, F, tera:Steel|100\/100\n|-damage|p2a: Slowking|88\/100|[from] Spikes\n|switch|p1a: Gliscor|Gliscor, M|100\/100 tox\n|\n|upkeep\n|turn|13\n|\n|t:|1700954716\n|move|p1a: Gliscor|Earthquake|p2a: Slowking\n|-supereffective|p2a: Slowking\n|-damage|p2a: Slowking|18\/100\n|move|p2a: Slowking|Chilly Reception|p2a: Slowking\n|-weather|Snow\n|j| theviolator3000\n|\n|t:|1700954723\n|switch|p2a: Gliscor|Gliscor, M|100\/100 tox|[from] Chilly Reception\n|\n|-weather|Snow|[upkeep]\n|upkeep\n|turn|14\n|\n|t:|1700954726\n|switch|p2a: Tangrowth|Tangrowth, M|100\/100\n|-damage|p2a: Tangrowth|88\/100|[from] Spikes\n|move|p1a: Gliscor|Spikes|p2a: Tangrowth\n|-sidestart|p2: godpartikle|Spikes\n|\n|-weather|Snow|[upkeep]\n|upkeep\n|turn|15\n|\n|t:|1700954732\n|move|p1a: Gliscor|Toxic|p2a: Tangrowth\n|-status|p2a: Tangrowth|tox\n|move|p2a: Tangrowth|Knock Off|p1a: Gliscor\n|-damage|p1a: Gliscor|86\/100 tox\n|-enditem|p1a: Gliscor|Toxic Orb|[from] move: Knock Off|[of] p2a: Tangrowth\n|\n|-weather|Snow|[upkeep]\n|-heal|p1a: Gliscor|99\/100 tox|[from] ability: Poison Heal\n|-damage|p2a: Tangrowth|82\/100 tox|[from] psn\n|upkeep\n|turn|16\n|\n|t:|1700954736\n|move|p1a: Gliscor|Spikes|p2a: Tangrowth\n|-sidestart|p2: godpartikle|Spikes\n|move|p2a: Tangrowth|Giga Drain|p1a: Gliscor\n|-damage|p1a: Gliscor|65\/100 tox\n|-heal|p2a: Tangrowth|97\/100 tox|[from] drain|[of] p1a: Gliscor\n|\n|-weather|Snow|[upkeep]\n|-heal|p1a: Gliscor|77\/100 tox|[from] ability: Poison Heal\n|-damage|p2a: Tangrowth|85\/100 tox|[from] psn\n|upkeep\n|turn|17\n|c|\u2606NDSNEZyedropwhen|have you gotten reqs for the snea suspect\n|\n|t:|1700954746\n|move|p1a: Gliscor|Protect|p1a: Gliscor\n|-singleturn|p1a: Gliscor|Protect\n|move|p2a: Tangrowth|Knock Off|p1a: Gliscor\n|-activate|p1a: Gliscor|move: Protect\n|\n|-weather|none\n|-heal|p1a: Gliscor|89\/100 tox|[from] ability: Poison Heal\n|-damage|p2a: Tangrowth|66\/100 tox|[from] psn\n|upkeep\n|turn|18\n|c|\u2606NDSNEZyedropwhen|sneas\n|\n|t:|1700954768\n|move|p1a: Gliscor|Earthquake|p2a: Tangrowth\n|-resisted|p2a: Tangrowth\n|-damage|p2a: Tangrowth|55\/100 tox\n|move|p2a: Tangrowth|Hidden Power|p1a: Gliscor\n|-supereffective|p1a: Gliscor\n|-damage|p1a: Gliscor|26\/100 tox\n|\n|-heal|p1a: Gliscor|39\/100 tox|[from] ability: Poison Heal\n|-damage|p2a: Tangrowth|30\/100 tox|[from] psn\n|upkeep\n|turn|19\n|c|\u2606godpartikle|wasn't planning on voting\n|c|\u2606godpartikle|but what are the reqs again\n|c|\u2606NDSNEZyedropwhen|thoughts on sneas?\n|\n|t:|1700954782\n|switch|p2a: Skarmory|Skarmory, M|100\/100\n|move|p1a: Gliscor|Protect||[still]\n|-fail|p1a: Gliscor\n|\n|-heal|p1a: Gliscor|51\/100 tox|[from] ability: Poison Heal\n|upkeep\n|turn|20\n|c|\u2606NDSNEZyedropwhen|you need to go 84 gxe w\/ 30 games\n|c|\u2606NDSNEZyedropwhen|gxe reduces based on games played\n|\n|t:|1700954815\n|switch|p1a: Corviknight|Corviknight, M|100\/100\n|-ability|p1a: Corviknight|Pressure\n|move|p2a: Skarmory|Iron Defense|p2a: Skarmory\n|-boost|p2a: Skarmory|def|2\n|\n|upkeep\n|turn|21\n|c|\u2606NDSNEZyedropwhen|so at 32 you need 82 or smn\n|c|\u2606godpartikle|it's really strong but i'm personally fine with running defensive zapdos\/gliscor\/skarmory on my teams so it doesn't affect me too bad\n|\n|t:|1700954856\n|switch|p1a: Toxapex|Toxapex, F|100\/100\n|move|p2a: Skarmory|Spikes|p1a: Toxapex\n|-sidestart|p1: NDSNEZyedropwhen|Spikes\n|\n|upkeep\n|turn|22\n|c|\u2606NDSNEZyedropwhen|fair\n|\n|t:|1700954863\n|switch|p2a: Gliscor|Gliscor, M|100\/100 tox\n|switch|p1a: Gliscor|Gliscor, M|51\/100 tox\n|\n|-heal|p1a: Gliscor|63\/100 tox|[from] ability: Poison Heal\n|upkeep\n|turn|23\n|\n|t:|1700954874\n|switch|p2a: Skarmory|Skarmory, M|100\/100\n|move|p1a: Gliscor|Protect||[still]\n|-fail|p1a: Gliscor\n|\n|-heal|p1a: Gliscor|76\/100 tox|[from] ability: Poison Heal\n|upkeep\n|turn|24\n|\n|t:|1700954882\n|switch|p1a: Corviknight|Corviknight, M|100\/100\n|-ability|p1a: Corviknight|Pressure\n|switch|p2a: Gliscor|Gliscor, M|100\/100 tox\n|\n|upkeep\n|turn|25\n|\n|t:|1700954893\n|switch|p2a: Skarmory|Skarmory, M|100\/100\n|switch|p1a: Gliscor|Gliscor, M|76\/100 tox\n|\n|-heal|p1a: Gliscor|88\/100 tox|[from] ability: Poison Heal\n|upkeep\n|turn|26\n|\n|t:|1700954897\n|switch|p1a: Corviknight|Corviknight, M|100\/100\n|-ability|p1a: Corviknight|Pressure\n|switch|p2a: Gliscor|Gliscor, M|100\/100 tox\n|\n|upkeep\n|turn|27\n|\n|t:|1700954900\n|switch|p2a: Skarmory|Skarmory, M|100\/100\n|switch|p1a: Gliscor|Gliscor, M|88\/100 tox\n|\n|-heal|p1a: Gliscor|100\/100 tox|[from] ability: Poison Heal\n|upkeep\n|turn|28\n|c|\u2606NDSNEZyedropwhen|sneas is just annoying in general tho\n|c|\u2606NDSNEZyedropwhen|iirc +2 cc 2hkos skarm\n|\n|t:|1700954931\n|switch|p1a: Dondozo|Dondozo, M|100\/100\n|switch|p2a: Gliscor|Gliscor, M|100\/100 tox\n|\n|upkeep\n|turn|29\n|\n|t:|1700954947\n|switch|p1a: Corviknight|Corviknight, M|100\/100\n|-ability|p1a: Corviknight|Pressure\n|move|p2a: Gliscor|Toxic|p1a: Corviknight\n|-immune|p1a: Corviknight\n|\n|upkeep\n|turn|30\n|\n|t:|1700954953\n|switch|p2a: Skarmory|Skarmory, M|100\/100\n|switch|p1a: Gliscor|Gliscor, M|100\/100 tox\n|\n|upkeep\n|turn|31\n|c|\u2606godpartikle|you're right\n|\n|t:|1700954961\n|switch|p1a: Corviknight|Corviknight, M|100\/100\n|-ability|p1a: Corviknight|Pressure\n|switch|p2a: Gliscor|Gliscor, M|100\/100 tox\n|\n|upkeep\n|turn|32\n|\n|t:|1700954969\n|switch|p2a: Skarmory|Skarmory, M|100\/100\n|move|p1a: Corviknight|Defog|p2a: Skarmory\n|-unboost|p2a: Skarmory|evasion|1\n|-sideend|p2: godpartikle|Spikes|[from] move: Defog|[of] p1a: Corviknight\n|-sideend|p1: NDSNEZyedropwhen|Spikes|[from] move: Defog|[of] p1a: Corviknight\n|\n|upkeep\n|turn|33\n|\n|t:|1700954977\n|switch|p2a: Charizard|Charizard, M|100\/100\n|switch|p1a: Gliscor|Gliscor, M|100\/100 tox\n|\n|upkeep\n|turn|34\n|\n|t:|1700954984\n|switch|p2a: Slowking|Slowking-Galar, F, tera:Steel|51\/100\n|switch|p1a: Toxapex|Toxapex, F|100\/100\n|\n|upkeep\n|turn|35\n|\n|t:|1700954989\n|switch|p1a: Tyranitar|Tyranitar-Mega, M|88\/100 par\n|-weather|Sandstorm|[from] ability: Sand Stream|[of] p1a: Tyranitar\n|move|p2a: Slowking|Future Sight|p1a: Tyranitar\n|-start|p2a: Slowking|move: Future Sight\n|\n|-weather|Sandstorm|[upkeep]\n|upkeep\n|turn|36\n|\n|t:|1700955001\n|-activate|p2a: Slowking|move: Pursuit\n|cant|p1a: Tyranitar|par\n|switch|p2a: Skarmory|Skarmory, M|100\/100\n|\n|-weather|Sandstorm|[upkeep]\n|upkeep\n|turn|37\n|c|\u2606NDSNEZyedropwhen|BRO\n|\n|t:|1700955015\n|switch|p1a: Corviknight|Corviknight, M|100\/100\n|-ability|p1a: Corviknight|Pressure\n|move|p2a: Skarmory|Spikes|p1a: Corviknight\n|-sidestart|p1: NDSNEZyedropwhen|Spikes\n|\n|-weather|Sandstorm|[upkeep]\n|-end|p1a: Corviknight|move: Future Sight\n|-resisted|p1a: Corviknight\n|-damage|p1a: Corviknight|84\/100\n|-heal|p1a: Corviknight|90\/100|[from] item: Leftovers\n|upkeep\n|turn|38\n|c|\u2606godpartikle|grats you saved pp\n|\n|t:|1700955025\n|switch|p2a: Gliscor|Gliscor, M|100\/100 tox\n|switch|p1a: Gliscor|Gliscor, M|100\/100 tox\n|\n|-weather|Sandstorm|[upkeep]\n|upkeep\n|turn|39\n|\n|t:|1700955029\n|switch|p2a: Tangrowth|Tangrowth, M|63\/100 tox\n|move|p1a: Gliscor|Spikes|p2a: Tangrowth\n|-sidestart|p2: godpartikle|Spikes\n|\n|-weather|none\n|-damage|p2a: Tangrowth|57\/100 tox|[from] psn\n|upkeep\n|turn|40\n|\n|t:|1700955037\n|move|p1a: Gliscor|Protect|p1a: Gliscor\n|-singleturn|p1a: Gliscor|Protect\n|move|p2a: Tangrowth|Giga Drain|p1a: Gliscor\n|-activate|p1a: Gliscor|move: Protect\n|\n|-damage|p2a: Tangrowth|45\/100 tox|[from] psn\n|upkeep\n|turn|41\n|\n|t:|1700955042\n|switch|p2a: Charizard|Charizard, M|100\/100\n|move|p1a: Gliscor|Earthquake|p2a: Charizard\n|-immune|p2a: Charizard\n|\n|upkeep\n|turn|42\n|\n|t:|1700955053\n|switch|p2a: Slowking|Slowking-Galar, F, tera:Steel|84\/100\n|-damage|p2a: Slowking|72\/100|[from] Spikes\n|switch|p1a: Toxapex|Toxapex, F|100\/100\n|\n|upkeep\n|turn|43\n|\n|t:|1700955066\n|switch|p1a: Tyranitar|Tyranitar-Mega, M|88\/100 par\n|-damage|p1a: Tyranitar|76\/100 par|[from] Spikes\n|-weather|Sandstorm|[from] ability: Sand Stream|[of] p1a: Tyranitar\n|move|p2a: Slowking|Chilly Reception|p2a: Slowking\n|-weather|Snow\n|\n|t:|1700955087\n|switch|p2a: Skarmory|Skarmory, M|100\/100|[from] Chilly Reception\n|\n|-weather|Snow|[upkeep]\n|upkeep\n|turn|44\n|\n|t:|1700955094\n|switch|p1a: Corviknight|Corviknight, M|90\/100\n|-ability|p1a: Corviknight|Pressure\n|move|p2a: Skarmory|Spikes|p1a: Corviknight\n|-sidestart|p1: NDSNEZyedropwhen|Spikes\n|\n|-weather|Snow|[upkeep]\n|-heal|p1a: Corviknight|96\/100|[from] item: Leftovers\n|upkeep\n|turn|45\n|\n|t:|1700955107\n|switch|p2a: Charizard|Charizard, M|100\/100\n|switch|p1a: Gliscor|Gliscor, M|100\/100 tox\n|\n|-weather|Snow|[upkeep]\n|upkeep\n|turn|46\n|\n|t:|1700955114\n|switch|p2a: Gliscor|Gliscor, M|100\/100 tox\n|switch|p1a: Toxapex|Toxapex, F|100\/100\n|\n|-weather|Snow|[upkeep]\n|upkeep\n|turn|47\n|\n|t:|1700955119\n|switch|p1a: Gliscor|Gliscor, M|100\/100 tox\n|move|p2a: Gliscor|Earthquake|p1a: Gliscor\n|-immune|p1a: Gliscor\n|\n|-weather|none\n|upkeep\n|turn|48\n|\n|t:|1700955123\n|switch|p2a: Slowking|Slowking-Galar, F, tera:Steel|100\/100\n|-damage|p2a: Slowking|88\/100|[from] Spikes\n|move|p1a: Gliscor|Spikes|p2a: Slowking\n|-sidestart|p2: godpartikle|Spikes\n|\n|upkeep\n|turn|49\n|\n|t:|1700955130\n|switch|p2a: Tangrowth|Tangrowth, M|78\/100 tox\n|-damage|p2a: Tangrowth|61\/100 tox|[from] Spikes\n|move|p1a: Gliscor|Earthquake|p2a: Tangrowth\n|-resisted|p2a: Tangrowth\n|-damage|p2a: Tangrowth|50\/100 tox\n|\n|-damage|p2a: Tangrowth|43\/100 tox|[from] psn\n|upkeep\n|turn|50\n|\n|t:|1700955134\n|move|p1a: Gliscor|Spikes|p2a: Tangrowth\n|-sidestart|p2: godpartikle|Spikes\n|move|p2a: Tangrowth|Hidden Power|p1a: Gliscor\n|-supereffective|p1a: Gliscor\n|-damage|p1a: Gliscor|37\/100 tox\n|\n|-heal|p1a: Gliscor|50\/100 tox|[from] ability: Poison Heal\n|-damage|p2a: Tangrowth|31\/100 tox|[from] psn\n|upkeep\n|turn|51\n|\n|t:|1700955152\n|switch|p2a: Slowking|Slowking-Galar, F, tera:Steel|100\/100\n|-damage|p2a: Slowking|76\/100|[from] Spikes\n|move|p1a: Gliscor|Protect||[still]\n|-fail|p1a: Gliscor\n|\n|-heal|p1a: Gliscor|62\/100 tox|[from] ability: Poison Heal\n|upkeep\n|turn|52\n|\n|t:|1700955155\n|switch|p2a: Gliscor|Gliscor, M|100\/100 tox\n|move|p1a: Gliscor|Earthquake|p2a: Gliscor\n|-immune|p2a: Gliscor\n|\n|-heal|p1a: Gliscor|75\/100 tox|[from] ability: Poison Heal\n|upkeep\n|turn|53\n|\n|t:|1700955160\n|switch|p2a: Skarmory|Skarmory, M|100\/100\n|switch|p1a: Corviknight|Corviknight, M|96\/100\n|-ability|p1a: Corviknight|Pressure\n|\n|-heal|p1a: Corviknight|100\/100|[from] item: Leftovers\n|upkeep\n|turn|54\n|\n|t:|1700955163\n|switch|p2a: Charizard|Charizard, M|100\/100\n|move|p1a: Corviknight|Defog|p2a: Charizard\n|-unboost|p2a: Charizard|evasion|1\n|-sideend|p2: godpartikle|Spikes|[from] move: Defog|[of] p1a: Corviknight\n|-sideend|p1: NDSNEZyedropwhen|Spikes|[from] move: Defog|[of] p1a: Corviknight\n|\n|upkeep\n|turn|55\n|\n|t:|1700955173\n|switch|p1a: Blissey|Blissey, F|100\/100\n|detailschange|p2a: Charizard|Charizard-Mega-Y, M\n|-mega|p2a: Charizard|Charizard|Charizardite Y\n|-weather|SunnyDay|[from] ability: Drought|[of] p2a: Charizard\n|move|p2a: Charizard|Flamethrower|p1a: Blissey\n|-damage|p1a: Blissey|78\/100\n|\n|-weather|SunnyDay|[upkeep]\n|upkeep\n|turn|56\n|\n|t:|1700955184\n|switch|p2a: Tangrowth|Tangrowth, M|64\/100 tox\n|move|p1a: Blissey|Stealth Rock|p2a: Tangrowth\n|-sidestart|p2: godpartikle|move: Stealth Rock\n|\n|-weather|SunnyDay|[upkeep]\n|-damage|p2a: Tangrowth|58\/100 tox|[from] psn\n|upkeep\n|turn|57\n|\n|t:|1700955197\n|switch|p1a: Tyranitar|Tyranitar-Mega, M|76\/100 par\n|-weather|Sandstorm|[from] ability: Sand Stream|[of] p1a: Tyranitar\n|move|p2a: Tangrowth|Hidden Power|p1a: Tyranitar\n|-damage|p1a: Tyranitar|70\/100 par\n|\n|-weather|Sandstorm|[upkeep]\n|-damage|p2a: Tangrowth|52\/100 tox|[from] Sandstorm\n|-damage|p2a: Tangrowth|39\/100 tox|[from] psn\n|upkeep\n|turn|58\n|\n|t:|1700955206\n|-activate|p2a: Tangrowth|move: Pursuit\n|move|p1a: Tyranitar|Pursuit|p2a: Tangrowth|[from]Pursuit\n|-damage|p2a: Tangrowth|9\/100 tox\n|switch|p2a: Gliscor|Gliscor, M|100\/100 tox\n|-damage|p2a: Gliscor|88\/100 tox|[from] Stealth Rock\n|\n|-weather|Sandstorm|[upkeep]\n|-heal|p2a: Gliscor|100\/100 tox|[from] ability: Poison Heal\n|upkeep\n|turn|59\n|\n|t:|1700955213\n|switch|p1a: Gliscor|Gliscor, M|75\/100 tox\n|move|p2a: Gliscor|Defog|p1a: Gliscor\n|-unboost|p1a: Gliscor|evasion|1\n|-sideend|p2: godpartikle|Stealth Rock|[from] move: Defog|[of] p2a: Gliscor\n|\n|-weather|Sandstorm|[upkeep]\n|-heal|p1a: Gliscor|87\/100 tox|[from] ability: Poison Heal\n|upkeep\n|turn|60\n|\n|t:|1700955220\n|switch|p2a: Tangrowth|Tangrowth, M|43\/100 tox\n|move|p1a: Gliscor|Spikes|p2a: Tangrowth\n|-sidestart|p2: godpartikle|Spikes\n|\n|-weather|Sandstorm|[upkeep]\n|-damage|p2a: Tangrowth|36\/100 tox|[from] Sandstorm\n|-heal|p1a: Gliscor|99\/100 tox|[from] ability: Poison Heal\n|-damage|p2a: Tangrowth|30\/100 tox|[from] psn\n|upkeep\n|turn|61\n|\n|t:|1700955233\n|switch|p1a: Tyranitar|Tyranitar-Mega, M|70\/100 par\n|switch|p2a: Skarmory|Skarmory, M|100\/100\n|\n|-weather|none\n|upkeep\n|turn|62\n|\n|t:|1700955237\n|switch|p1a: Gliscor|Gliscor, M|99\/100 tox\n|move|p2a: Skarmory|Spikes|p1a: Gliscor\n|-sidestart|p1: NDSNEZyedropwhen|Spikes\n|\n|-heal|p1a: Gliscor|100\/100 tox|[from] ability: Poison Heal\n|upkeep\n|turn|63\n|\n|t:|1700955242\n|move|p1a: Gliscor|Spikes|p2a: Skarmory\n|-sidestart|p2: godpartikle|Spikes\n|move|p2a: Skarmory|Spikes|p1a: Gliscor\n|-sidestart|p1: NDSNEZyedropwhen|Spikes\n|\n|upkeep\n|turn|64\n|\n|t:|1700955249\n|switch|p1a: Corviknight|Corviknight, M|100\/100\n|-ability|p1a: Corviknight|Pressure\n|move|p2a: Skarmory|Spikes|p1a: Corviknight\n|-sidestart|p1: NDSNEZyedropwhen|Spikes\n|\n|upkeep\n|turn|65\n|\n|t:|1700955255\n|switch|p2a: Charizard|Charizard-Mega-Y, M|100\/100\n|-weather|SunnyDay|[from] ability: Drought|[of] p2a: Charizard\n|move|p1a: Corviknight|Defog|p2a: Charizard\n|-unboost|p2a: Charizard|evasion|1\n|-sideend|p2: godpartikle|Spikes|[from] move: Defog|[of] p1a: Corviknight\n|-sideend|p1: NDSNEZyedropwhen|Spikes|[from] move: Defog|[of] p1a: Corviknight\n|\n|-weather|SunnyDay|[upkeep]\n|upkeep\n|turn|66\n|\n|t:|1700955258\n|switch|p2a: Weavile|Weavile, M|88\/100\n|-ability|p2a: Weavile|Pressure\n|switch|p1a: Tyranitar|Tyranitar-Mega, M|70\/100 par\n|-weather|Sandstorm|[from] ability: Sand Stream|[of] p1a: Tyranitar\n|\n|-weather|Sandstorm|[upkeep]\n|-damage|p2a: Weavile|82\/100|[from] Sandstorm\n|upkeep\n|turn|67\n|\n|t:|1700955269\n|switch|p1a: Toxapex|Toxapex, F|100\/100\n|move|p2a: Weavile|Triple Axel|p1a: Toxapex\n|-resisted|p1a: Toxapex\n|-damage|p1a: Toxapex|95\/100\n|-resisted|p1a: Toxapex\n|-damage|p1a: Toxapex|85\/100\n|-resisted|p1a: Toxapex\n|-damage|p1a: Toxapex|71\/100\n|-hitcount|p1a: Toxapex|3\n|\n|-weather|Sandstorm|[upkeep]\n|-damage|p2a: Weavile|76\/100|[from] Sandstorm\n|-damage|p1a: Toxapex|66\/100|[from] Sandstorm\n|upkeep\n|turn|68\n|\n|t:|1700955281\n|switch|p2a: Gliscor|Gliscor, M|100\/100 tox\n|move|p1a: Toxapex|Knock Off|p2a: Gliscor\n|-damage|p2a: Gliscor|87\/100 tox\n|-enditem|p2a: Gliscor|Toxic Orb|[from] move: Knock Off|[of] p1a: Toxapex\n|\n|-weather|Sandstorm|[upkeep]\n|-damage|p1a: Toxapex|60\/100|[from] Sandstorm\n|-heal|p2a: Gliscor|99\/100 tox|[from] ability: Poison Heal\n|upkeep\n|turn|69\n|\n|t:|1700955286\n|switch|p2a: Charizard|Charizard-Mega-Y, M|100\/100\n|-weather|SunnyDay|[from] ability: Drought|[of] p2a: Charizard\n|switch|p1a: Corviknight|Corviknight, M|100\/100\n|-ability|p1a: Corviknight|Pressure\n|\n|-weather|SunnyDay|[upkeep]\n|upkeep\n|turn|70\n|\n|t:|1700955298\n|switch|p2a: Tangrowth|Tangrowth, M|63\/100 tox\n|switch|p1a: Tyranitar|Tyranitar-Mega, M|70\/100 par\n|-weather|Sandstorm|[from] ability: Sand Stream|[of] p1a: Tyranitar\n|\n|-weather|Sandstorm|[upkeep]\n|-damage|p2a: Tangrowth|57\/100 tox|[from] Sandstorm\n|-damage|p2a: Tangrowth|51\/100 tox|[from] psn\n|upkeep\n|turn|71\n|\n|t:|1700955305\n|move|p2a: Tangrowth|Giga Drain|p1a: Tyranitar\n|-supereffective|p1a: Tyranitar\n|-damage|p1a: Tyranitar|47\/100 par\n|-heal|p2a: Tangrowth|62\/100 tox|[from] drain|[of] p1a: Tyranitar\n|move|p1a: Tyranitar|Ice Punch|p2a: Tangrowth\n|-supereffective|p2a: Tangrowth\n|-damage|p2a: Tangrowth|23\/100 tox\n|\n|-weather|Sandstorm|[upkeep]\n|-damage|p2a: Tangrowth|17\/100 tox|[from] Sandstorm\n|-damage|p2a: Tangrowth|4\/100 tox|[from] psn\n|upkeep\n|turn|72\n|\n|t:|1700955323\n|move|p2a: Tangrowth|Earthquake|p1a: Tyranitar\n|-supereffective|p1a: Tyranitar\n|-damage|p1a: Tyranitar|20\/100 par\n|move|p1a: Tyranitar|Pursuit|p2a: Tangrowth\n|-damage|p2a: Tangrowth|0 fnt\n|faint|p2a: Tangrowth\n|\n|-weather|Sandstorm|[upkeep]\n|upkeep\n|\n|t:|1700955333\n|switch|p2a: Weavile|Weavile, M|76\/100\n|-ability|p2a: Weavile|Pressure\n|turn|73\n|\n|t:|1700955338\n|-activate|p1a: Tyranitar|move: Pursuit\n|move|p2a: Weavile|Pursuit|p1a: Tyranitar|[from]Pursuit\n|-resisted|p1a: Tyranitar\n|-damage|p1a: Tyranitar|2\/100 par\n|switch|p1a: Toxapex|Toxapex, F|93\/100\n|\n|-weather|Sandstorm|[upkeep]\n|-damage|p2a: Weavile|70\/100|[from] Sandstorm\n|-damage|p1a: Toxapex|87\/100|[from] Sandstorm\n|upkeep\n|turn|74\n|\n|t:|1700955349\n|switch|p2a: Gliscor|Gliscor, M|99\/100 tox\n|switch|p1a: Tyranitar|Tyranitar-Mega, M|2\/100 par\n|\n|-weather|none\n|-heal|p2a: Gliscor|100\/100 tox|[from] ability: Poison Heal\n|upkeep\n|turn|75\n|\n|t:|1700955355\n|move|p2a: Gliscor|Earthquake|p1a: Tyranitar\n|-supereffective|p1a: Tyranitar\n|-damage|p1a: Tyranitar|0 fnt\n|faint|p1a: Tyranitar\n|\n|upkeep\n|\n|t:|1700955365\n|switch|p1a: Corviknight|Corviknight, M|100\/100\n|-ability|p1a: Corviknight|Pressure\n|turn|76\n|\n|t:|1700955372\n|switch|p2a: Skarmory|Skarmory, M|100\/100\n|switch|p1a: Gliscor|Gliscor, M|100\/100 tox\n|\n|upkeep\n|turn|77\n|\n|t:|1700955376\n|switch|p1a: Corviknight|Corviknight, M|100\/100\n|-ability|p1a: Corviknight|Pressure\n|move|p2a: Skarmory|Spikes|p1a: Corviknight\n|-sidestart|p1: NDSNEZyedropwhen|Spikes\n|\n|upkeep\n|turn|78\n|\n|t:|1700955383\n|switch|p2a: Charizard|Charizard-Mega-Y, M|100\/100\n|-weather|SunnyDay|[from] ability: Drought|[of] p2a: Charizard\n|switch|p1a: Gliscor|Gliscor, M|100\/100 tox\n|\n|-weather|SunnyDay|[upkeep]\n|upkeep\n|turn|79\n|\n|t:|1700955388\n|switch|p1a: Toxapex|Toxapex, F|100\/100\n|move|p2a: Charizard|Flamethrower|p1a: Toxapex\n|-resisted|p1a: Toxapex\n|-damage|p1a: Toxapex|67\/100\n|\n|-weather|SunnyDay|[upkeep]\n|upkeep\n|turn|80\n|\n|t:|1700955401\n|switch|p2a: Weavile|Weavile, M|70\/100\n|-ability|p2a: Weavile|Pressure\n|move|p1a: Toxapex|Toxic|p2a: Weavile\n|-status|p2a: Weavile|tox\n|\n|-weather|SunnyDay|[upkeep]\n|-damage|p2a: Weavile|64\/100 tox|[from] psn\n|upkeep\n|turn|81\n|\n|t:|1700955412\n|move|p1a: Toxapex|Baneful Bunker|p1a: Toxapex\n|-singleturn|p1a: Toxapex|move: Protect\n|move|p2a: Weavile|Pursuit|p1a: Toxapex\n|-activate|p1a: Toxapex|move: Protect\n|\n|-weather|SunnyDay|[upkeep]\n|-damage|p2a: Weavile|52\/100 tox|[from] psn\n|upkeep\n|turn|82\n|\n|t:|1700955419\n|switch|p2a: Gliscor|Gliscor, M|100\/100 tox\n|move|p1a: Toxapex|Knock Off|p2a: Gliscor\n|-damage|p2a: Gliscor|92\/100 tox\n|\n|-weather|none\n|-heal|p2a: Gliscor|100\/100 tox|[from] ability: Poison Heal\n|upkeep\n|turn|83\n|\n|t:|1700955437\n|switch|p2a: Skarmory|Skarmory, M|100\/100\n|switch|p1a: Corviknight|Corviknight, M|100\/100\n|-ability|p1a: Corviknight|Pressure\n|\n|upkeep\n|turn|84\n|\n|t:|1700955446\n|switch|p2a: Charizard|Charizard-Mega-Y, M|100\/100\n|-weather|SunnyDay|[from] ability: Drought|[of] p2a: Charizard\n|move|p1a: Corviknight|Protect||[still]\n|-fail|p1a: Corviknight\n|\n|-weather|SunnyDay|[upkeep]\n|upkeep\n|turn|85\n|\n|t:|1700955457\n|switch|p2a: Slowking|Slowking-Galar, F, tera:Steel|100\/100\n|move|p1a: Corviknight|Protect||[still]\n|-fail|p1a: Corviknight\n|\n|-weather|SunnyDay|[upkeep]\n|upkeep\n|turn|86\n|\n|t:|1700955495\n|switch|p1a: Gliscor|Gliscor, M|100\/100 tox\n|switch|p2a: Gliscor|Gliscor, M|100\/100 tox\n|\n|-weather|SunnyDay|[upkeep]\n|upkeep\n|turn|87\n|\n|t:|1700955530\n|switch|p2a: Slowking|Slowking-Galar, F, tera:Steel|100\/100\n|switch|p1a: Corviknight|Corviknight, M|100\/100\n|-ability|p1a: Corviknight|Pressure\n|\n|-weather|SunnyDay|[upkeep]\n|upkeep\n|turn|88\n|\n|t:|1700955538\n|switch|p1a: Gliscor|Gliscor, M|100\/100 tox\n|move|p2a: Slowking|Thunder Wave|p1a: Gliscor\n|-immune|p1a: Gliscor\n|\n|-weather|none\n|upkeep\n|turn|89\n|\n|t:|1700955543\n|move|p1a: Gliscor|Earthquake|p2a: Slowking\n|-supereffective|p2a: Slowking\n|-damage|p2a: Slowking|28\/100\n|move|p2a: Slowking|Chilly Reception|p2a: Slowking\n|-weather|Snow\n|\n|t:|1700955548\n|switch|p2a: Weavile|Weavile, M|52\/100 tox|[from] Chilly Reception\n|-ability|p2a: Weavile|Pressure\n|\n|-weather|Snow|[upkeep]\n|-damage|p2a: Weavile|46\/100 tox|[from] psn\n|upkeep\n|turn|90\n|\n|t:|1700955558\n|switch|p2a: Charizard|Charizard-Mega-Y, M|100\/100\n|-weather|SunnyDay|[from] ability: Drought|[of] p2a: Charizard\n|move|p1a: Gliscor|Protect||[still]\n|-fail|p1a: Gliscor\n|\n|-weather|SunnyDay|[upkeep]\n|upkeep\n|turn|91\n|\n|t:|1700955562\n|switch|p2a: Gliscor|Gliscor, M|100\/100 tox\n|switch|p1a: Toxapex|Toxapex, F|99\/100\n|\n|-weather|SunnyDay|[upkeep]\n|upkeep\n|turn|92\n|\n|t:|1700955568\n|switch|p2a: Skarmory|Skarmory, M|100\/100\n|switch|p1a: Gliscor|Gliscor, M|100\/100 tox\n|\n|-weather|SunnyDay|[upkeep]\n|upkeep\n|turn|93\n|\n|t:|1700955578\n|switch|p1a: Corviknight|Corviknight, M|100\/100\n|-ability|p1a: Corviknight|Pressure\n|switch|p2a: Gliscor|Gliscor, M|100\/100 tox\n|\n|-weather|SunnyDay|[upkeep]\n|upkeep\n|turn|94\n|\n|t:|1700955583\n|switch|p2a: Slowking|Slowking-Galar, F, tera:Steel|62\/100\n|switch|p1a: Gliscor|Gliscor, M|100\/100 tox\n|\n|-weather|none\n|upkeep\n|turn|95\n|\n|t:|1700955585\n|switch|p2a: Gliscor|Gliscor, M|100\/100 tox\n|move|p1a: Gliscor|Earthquake|p2a: Gliscor\n|-immune|p2a: Gliscor\n|\n|upkeep\n|turn|96\n|\n|t:|1700955593\n|switch|p2a: Slowking|Slowking-Galar, F, tera:Steel|95\/100\n|move|p1a: Gliscor|Spikes|p2a: Slowking\n|-sidestart|p2: godpartikle|Spikes\n|\n|upkeep\n|turn|97\n|\n|t:|1700955608\n|switch|p2a: Skarmory|Skarmory, M|100\/100\n|move|p1a: Gliscor|Spikes|p2a: Skarmory\n|-sidestart|p2: godpartikle|Spikes\n|\n|upkeep\n|turn|98\n|\n|t:|1700955613\n|switch|p1a: Corviknight|Corviknight, M|100\/100\n|-ability|p1a: Corviknight|Pressure\n|switch|p2a: Gliscor|Gliscor, M|100\/100 tox\n|\n|upkeep\n|turn|99\n|\n|t:|1700955619\n|switch|p2a: Charizard|Charizard-Mega-Y, M|100\/100\n|-weather|SunnyDay|[from] ability: Drought|[of] p2a: Charizard\n|switch|p1a: Gliscor|Gliscor, M|100\/100 tox\n|\n|-weather|SunnyDay|[upkeep]\n|upkeep\n|turn|100\n|\n|t:|1700955622\n|switch|p2a: Skarmory|Skarmory, M|100\/100\n|switch|p1a: Toxapex|Toxapex, F|100\/100\n|\n|-weather|SunnyDay|[upkeep]\n|upkeep\n|turn|101\n|\n|t:|1700955633\n|switch|p2a: Gliscor|Gliscor, M|100\/100 tox\n|switch|p1a: Corviknight|Corviknight, M|100\/100\n|-ability|p1a: Corviknight|Pressure\n|\n|-weather|SunnyDay|[upkeep]\n|upkeep\n|turn|102\n|\n|t:|1700955651\n|switch|p2a: Slowking|Slowking-Galar, F, tera:Steel|100\/100\n|-damage|p2a: Slowking|84\/100|[from] Spikes\n|switch|p1a: Gliscor|Gliscor, M|100\/100 tox\n|\n|-weather|SunnyDay|[upkeep]\n|upkeep\n|turn|103\n|\n|t:|1700955656\n|switch|p2a: Skarmory|Skarmory, M|100\/100\n|move|p1a: Gliscor|Spikes|p2a: Skarmory\n|-sidestart|p2: godpartikle|Spikes\n|\n|-weather|none\n|upkeep\n|turn|104\n|\n|t:|1700955715\n|switch|p1a: Corviknight|Corviknight, M|100\/100\n|-ability|p1a: Corviknight|Pressure\n|switch|p2a: Slowking|Slowking-Galar, F, tera:Steel|100\/100\n|-damage|p2a: Slowking|76\/100|[from] Spikes\n|\n|upkeep\n|turn|105\n|\n|t:|1700955757\n|switch|p1a: Gliscor|Gliscor, M|100\/100 tox\n|switch|p2a: Skarmory|Skarmory, M|100\/100\n|\n|upkeep\n|turn|106\n|\n|t:|1700955767\n|switch|p1a: Corviknight|Corviknight, M|100\/100\n|-ability|p1a: Corviknight|Pressure\n|switch|p2a: Gliscor|Gliscor, M|100\/100 tox\n|\n|upkeep\n|turn|107\n|\n|t:|1700955780\n|switch|p2a: Skarmory|Skarmory, M|100\/100\n|switch|p1a: Gliscor|Gliscor, M|100\/100 tox\n|\n|upkeep\n|turn|108\n|\n|t:|1700955802\n|switch|p1a: Corviknight|Corviknight, M|100\/100\n|-ability|p1a: Corviknight|Pressure\n|switch|p2a: Gliscor|Gliscor, M|100\/100 tox\n|\n|upkeep\n|turn|109\n|\n|t:|1700955807\n|switch|p2a: Slowking|Slowking-Galar, F, tera:Steel|100\/100\n|-damage|p2a: Slowking|76\/100|[from] Spikes\n|switch|p1a: Gliscor|Gliscor, M|100\/100 tox\n|\n|upkeep\n|turn|110\n|\n|t:|1700955815\n|switch|p1a: Blissey|Blissey, F|78\/100\n|switch|p2a: Skarmory|Skarmory, M|100\/100\n|\n|upkeep\n|turn|111\n|\n|t:|1700955819\n|switch|p2a: Gliscor|Gliscor, M|100\/100 tox\n|move|p1a: Blissey|Stealth Rock|p2a: Gliscor\n|-sidestart|p2: godpartikle|move: Stealth Rock\n|\n|upkeep\n|turn|112\n|\n|t:|1700955826\n|switch|p1a: Corviknight|Corviknight, M|100\/100\n|-ability|p1a: Corviknight|Pressure\n|move|p2a: Gliscor|Defog|p1a: Corviknight\n|-unboost|p1a: Corviknight|evasion|1\n|-sideend|p1: NDSNEZyedropwhen|Spikes|[from] move: Defog|[of] p2a: Gliscor\n|-sideend|p2: godpartikle|Spikes|[from] move: Defog|[of] p2a: Gliscor\n|-sideend|p2: godpartikle|Stealth Rock|[from] move: Defog|[of] p2a: Gliscor\n|\n|upkeep\n|turn|113\n|\n|t:|1700955832\n|switch|p2a: Charizard|Charizard-Mega-Y, M|100\/100\n|-weather|SunnyDay|[from] ability: Drought|[of] p2a: Charizard\n|switch|p1a: Blissey|Blissey, F|78\/100\n|\n|-weather|SunnyDay|[upkeep]\n|upkeep\n|turn|114\n|\n|t:|1700955839\n|move|p2a: Charizard|Flamethrower|p1a: Blissey\n|-damage|p1a: Blissey|55\/100\n|move|p1a: Blissey|Stealth Rock|p2a: Charizard\n|-sidestart|p2: godpartikle|move: Stealth Rock\n|\n|-weather|SunnyDay|[upkeep]\n|upkeep\n|turn|115\n|\n|t:|1700955847\n|move|p2a: Charizard|Flamethrower|p1a: Blissey\n|-damage|p1a: Blissey|33\/100\n|move|p1a: Blissey|Soft-Boiled|p1a: Blissey\n|-heal|p1a: Blissey|83\/100\n|\n|-weather|SunnyDay|[upkeep]\n|upkeep\n|turn|116\n|\n|t:|1700955853\n|switch|p2a: Skarmory|Skarmory, M|100\/100\n|-damage|p2a: Skarmory|88\/100|[from] Stealth Rock\n|move|p1a: Blissey|Seismic Toss|p2a: Skarmory\n|-damage|p2a: Skarmory|58\/100\n|-damage|p1a: Blissey|67\/100|[from] item: Rocky Helmet|[of] p2a: Skarmory\n|\n|-weather|SunnyDay|[upkeep]\n|upkeep\n|turn|117\n|\n|t:|1700955863\n|switch|p1a: Corviknight|Corviknight, M|100\/100\n|-ability|p1a: Corviknight|Pressure\n|move|p2a: Skarmory|Spikes|p1a: Corviknight\n|-sidestart|p1: NDSNEZyedropwhen|Spikes\n|\n|-weather|none\n|upkeep\n|turn|118\n|\n|t:|1700955870\n|switch|p2a: Slowking|Slowking-Galar, F, tera:Steel|100\/100\n|-damage|p2a: Slowking|94\/100|[from] Stealth Rock\n|switch|p1a: Gliscor|Gliscor, M|100\/100 tox\n|\n|upkeep\n|turn|119\n|\n|t:|1700955917\n|switch|p2a: Gliscor|Gliscor, M|100\/100 tox\n|-damage|p2a: Gliscor|88\/100 tox|[from] Stealth Rock\n|move|p1a: Gliscor|Earthquake|p2a: Gliscor\n|-immune|p2a: Gliscor\n|\n|-heal|p2a: Gliscor|100\/100 tox|[from] ability: Poison Heal\n|upkeep\n|turn|120\n|\n|t:|1700955929\n|switch|p1a: Corviknight|Corviknight, M|100\/100\n|-ability|p1a: Corviknight|Pressure\n|move|p2a: Gliscor|Defog|p1a: Corviknight\n|-unboost|p1a: Corviknight|evasion|1\n|-sideend|p1: NDSNEZyedropwhen|Spikes|[from] move: Defog|[of] p2a: Gliscor\n|-sideend|p2: godpartikle|Stealth Rock|[from] move: Defog|[of] p2a: Gliscor\n|\n|upkeep\n|turn|121\n|\n|t:|1700955935\n|switch|p2a: Skarmory|Skarmory, M|58\/100\n|switch|p1a: Gliscor|Gliscor, M|100\/100 tox\n|\n|upkeep\n|turn|122\n|\n|t:|1700955939\n|switch|p1a: Corviknight|Corviknight, M|100\/100\n|-ability|p1a: Corviknight|Pressure\n|move|p2a: Skarmory|Roost|p2a: Skarmory\n|-heal|p2a: Skarmory|100\/100\n|-singleturn|p2a: Skarmory|move: Roost\n|\n|upkeep\n|turn|123\n|l| theviolator3000\n|\n|t:|1700956006\n|switch|p1a: Blissey|Blissey, F|67\/100\n|move|p2a: Skarmory|Spikes|p1a: Blissey\n|-sidestart|p1: NDSNEZyedropwhen|Spikes\n|\n|upkeep\n|turn|124\n|\n|t:|1700956015\n|switch|p1a: Corviknight|Corviknight, M|100\/100\n|-ability|p1a: Corviknight|Pressure\n|move|p2a: Skarmory|Body Press|p1a: Corviknight\n|-damage|p1a: Corviknight|77\/100\n|\n|-heal|p1a: Corviknight|83\/100|[from] item: Leftovers\n|upkeep\n|turn|125\n|\n|t:|1700956045\n|switch|p1a: Gliscor|Gliscor, M|100\/100 tox\n|move|p2a: Skarmory|Iron Defense|p2a: Skarmory\n|-boost|p2a: Skarmory|def|2\n|\n|upkeep\n|turn|126\n|\n|t:|1700956062\n|switch|p1a: Dondozo|Dondozo, M|100\/100\n|move|p2a: Skarmory|Iron Defense|p2a: Skarmory\n|-boost|p2a: Skarmory|def|2\n|\n|upkeep\n|turn|127\n|\n|t:|1700956094\n|move|p2a: Skarmory|Spikes|p1a: Dondozo\n|-sidestart|p1: NDSNEZyedropwhen|Spikes\n|move|p1a: Dondozo|Curse|p1a: Dondozo\n|-unboost|p1a: Dondozo|spe|1\n|-boost|p1a: Dondozo|atk|1\n|-boost|p1a: Dondozo|def|1\n|\n|upkeep\n|turn|128\n|\n|t:|1700956112\n|switch|p2a: Charizard|Charizard-Mega-Y, M|100\/100\n|-weather|SunnyDay|[from] ability: Drought|[of] p2a: Charizard\n|switch|p1a: Corviknight|Corviknight, M|83\/100\n|-ability|p1a: Corviknight|Pressure\n|\n|-weather|SunnyDay|[upkeep]\n|-heal|p1a: Corviknight|90\/100|[from] item: Leftovers\n|upkeep\n|turn|129\n|\n|t:|1700956136\n|move|p1a: Corviknight|Protect|p1a: Corviknight\n|-singleturn|p1a: Corviknight|Protect\n|move|p2a: Charizard|Scorching Sands|p1a: Corviknight\n|-activate|p1a: Corviknight|move: Protect\n|\n|-weather|SunnyDay|[upkeep]\n|-heal|p1a: Corviknight|96\/100|[from] item: Leftovers\n|upkeep\n|turn|130\n|\n|t:|1700956148\n|switch|p1a: Blissey|Blissey, F|67\/100\n|move|p2a: Charizard|Solar Beam||[still]\n|-prepare|p2a: Charizard|Solar Beam\n|-anim|p2a: Charizard|Solar Beam|p1a: Blissey\n|-crit|p1a: Blissey\n|-damage|p1a: Blissey|45\/100\n|\n|-weather|SunnyDay|[upkeep]\n|upkeep\n|turn|131\n|\n|t:|1700956168\n|move|p2a: Charizard|Flamethrower|p1a: Blissey\n|-damage|p1a: Blissey|21\/100\n|move|p1a: Blissey|Soft-Boiled|p1a: Blissey\n|-heal|p1a: Blissey|71\/100\n|\n|-weather|SunnyDay|[upkeep]\n|upkeep\n|turn|132\n|\n|t:|1700956199\n|switch|p2a: Skarmory|Skarmory, M|100\/100\n|move|p1a: Blissey|Stealth Rock|p2a: Skarmory\n|-sidestart|p2: godpartikle|move: Stealth Rock\n|\n|-weather|none\n|upkeep\n|turn|133\n|c|\u2606NDSNEZyedropwhen|srry for taking so long to make moves\n|c|\u2606godpartikle|np\n|c|\u2606NDSNEZyedropwhen|queing up other games lmao\n|c|\u2606NDSNEZyedropwhen|tryna get reqs\n|c|\u2606NDSNEZyedropwhen|also\n|c|\u2606NDSNEZyedropwhen|i have a proposal for you\n|c|\u2606NDSNEZyedropwhen|very half-assed\n|c|\u2606godpartikle|i'm listening\n|c|\u2606NDSNEZyedropwhen|i'm sure neither of us want to play this game\n|c|\u2606NDSNEZyedropwhen|even tho ur prolly winning\n|c|\u2606NDSNEZyedropwhen|but\n|c|\u2606NDSNEZyedropwhen|if you forfeitr\n|c|\u2606NDSNEZyedropwhen|forfeit\n|c|\u2606NDSNEZyedropwhen|i'll vote ban or dnb for sneas\n|c|\u2606NDSNEZyedropwhen|ur choice\n|c|\u2606NDSNEZyedropwhen|very amazing proposal trust\n|\n|t:|1700956293\n|switch|p1a: Corviknight|Corviknight, M|96\/100\n|-ability|p1a: Corviknight|Pressure\n|move|p2a: Skarmory|Iron Defense|p2a: Skarmory\n|-boost|p2a: Skarmory|def|2\n|\n|-heal|p1a: Corviknight|100\/100|[from] item: Leftovers\n|upkeep\n|turn|134\n|\n|t:|1700956299\n|switch|p1a: Dondozo|Dondozo, M|100\/100\n|move|p2a: Skarmory|Body Press|p1a: Dondozo\n|-damage|p1a: Dondozo|86\/100\n|\n|upkeep\n|turn|135\n|\n|t:|1700956304\n|switch|p2a: Gliscor|Gliscor, M|100\/100 tox\n|-damage|p2a: Gliscor|88\/100 tox|[from] Stealth Rock\n|switch|p1a: Gliscor|Gliscor, M|100\/100 tox\n|\n|-heal|p2a: Gliscor|100\/100 tox|[from] ability: Poison Heal\n|upkeep\n|turn|136\n|c|\u2606godpartikle|i personally feel like i don't know enough to be qualified to vote\n|\n|t:|1700956323\n|switch|p2a: Skarmory|Skarmory, M|100\/100\n|-damage|p2a: Skarmory|88\/100|[from] Stealth Rock\n|move|p1a: Gliscor|Spikes|p2a: Skarmory\n|-sidestart|p2: godpartikle|Spikes\n|\n|upkeep\n|turn|137\n|c|\u2606NDSNEZyedropwhen|i'm at 27-1 rn so a loss would really hurt\n|c|\u2606NDSNEZyedropwhen|if i win, i'll only need four more battles\n|c|\u2606godpartikle|but you're chill man\n|c|\u2606NDSNEZyedropwhen|if i lose i need like\n|c|\u2606NDSNEZyedropwhen|8\n|c|\u2606godpartikle|go get ur reqs\n|-message|godpartikle forfeited.\n|\n|win|NDSNEZyedropwhen\n|raw|NDSNEZyedropwhen's rating: 1599 &rarr; <strong>1623<\/strong><br \/>(+24 for winning)\n|raw|godpartikle's rating: 1662 &rarr; <strong>1638<\/strong><br \/>(-24 for losing)\n|c|\u2606NDSNEZyedropwhen|ty brother\n|l|\u2606godpartikle\n","uploadtime":1700956350,"views":2,"p1id":"ndsnezyedropwhen","p2id":"godpartikle","formatid":"gen9nationaldex","rating":1623,"private":0,"password":""}