{"id":"gen9nationaldex-1999396452","p1":"Darumon","p2":"EnowLittleDreamer","format":"[Gen 9] National Dex","log":"|html|<div class=\"broadcast-blue\"><strong>[Gen 9] National Dex is currently suspecting Sneasler! For information on how to participate check out the <a href=\"https:\/\/www.smogon.com\/forums\/threads\/sv-national-dex-suspect-8-just-dance.3731534\/\">suspect thread<\/a>.<\/strong><\/div>\n|j|\u2606Darumon\n|j|\u2606EnowLittleDreamer\n|t:|1701073401\n|gametype|singles\n|player|p1|Darumon|lucas-gen4pt|1128\n|player|p2|EnowLittleDreamer|preschooler|1137\n|teamsize|p1|6\n|teamsize|p2|6\n|gen|9\n|tier|[Gen 9] National Dex\n|rated|\n|rule|HP Percentage Mod: HP is shown in percentages\n|rule|Endless Battle Clause: Forcing endless battles is banned\n|rule|OHKO Clause: OHKO moves are banned\n|rule|Evasion Clause: Evasion abilities, items, and moves are banned\n|rule|Evasion Abilities Clause: Evasion abilities are banned\n|rule|Evasion Items Clause: Evasion items are banned\n|rule|Evasion Moves Clause: Evasion moves are banned\n|rule|Species Clause: Limit one of each Pok\u00e9mon\n|rule|Sleep Clause Mod: Limit one foe put to sleep\n|clearpoke\n|poke|p1|Flapple, M|\n|poke|p1|Lapras, F|\n|poke|p1|Corviknight, M|\n|poke|p1|Rillaboom, F|\n|poke|p1|Iron Valiant|\n|poke|p1|Toxtricity, F|\n|poke|p2|Ninetales-Alola, M|\n|poke|p2|Togetic, F|\n|poke|p2|Cherrim, F|\n|poke|p2|Dachsbun, M|\n|poke|p2|Gourgeist-*, F|\n|poke|p2|Chimecho, M|\n|teampreview\n|inactive|Battle timer is ON: inactive players will automatically lose when time's up. (requested by EnowLittleDreamer)\n|\n|t:|1701073477\n|start\n|switch|p1a: Toxtricity|Toxtricity, F|100\/100\n|switch|p2a: Snowball \u2744\ufe0f|Ninetales-Alola, M, shiny|100\/100\n|-weather|Snow|[from] ability: Snow Warning|[of] p2a: Snowball \u2744\ufe0f\n|turn|1\n|\n|t:|1701073486\n|move|p2a: Snowball \u2744\ufe0f|Aurora Veil|p2a: Snowball \u2744\ufe0f\n|-sidestart|p2: EnowLittleDreamer|move: Aurora Veil\n|move|p1a: Toxtricity|Toxic|p2a: Snowball \u2744\ufe0f\n|-status|p2a: Snowball \u2744\ufe0f|tox\n|\n|-weather|Snow|[upkeep]\n|-damage|p2a: Snowball \u2744\ufe0f|95\/100 tox|[from] psn\n|upkeep\n|turn|2\n|\n|t:|1701073494\n|move|p2a: Snowball \u2744\ufe0f|Blizzard|p1a: Toxtricity\n|-damage|p1a: Toxtricity|46\/100\n|move|p1a: Toxtricity|Boomburst|p2a: Snowball \u2744\ufe0f\n|-damage|p2a: Snowball \u2744\ufe0f|59\/100 tox\n|-enditem|p1a: Toxtricity|Throat Spray\n|-boost|p1a: Toxtricity|spa|1|[from] item: Throat Spray\n|\n|-weather|Snow|[upkeep]\n|-damage|p2a: Snowball \u2744\ufe0f|48\/100 tox|[from] psn\n|upkeep\n|turn|3\n|\n|t:|1701073504\n|move|p2a: Snowball \u2744\ufe0f|Blizzard|p1a: Toxtricity\n|-damage|p1a: Toxtricity|0 fnt\n|faint|p1a: Toxtricity\n|\n|-weather|Snow|[upkeep]\n|-damage|p2a: Snowball \u2744\ufe0f|30\/100 tox|[from] psn\n|upkeep\n|\n|t:|1701073510\n|switch|p1a: Lapras|Lapras, F|100\/100\n|turn|4\n|\n|t:|1701073516\n|move|p2a: Snowball \u2744\ufe0f|Moonblast|p1a: Lapras\n|-damage|p1a: Lapras|72\/100\n|move|p1a: Lapras|Psychic|p2a: Snowball \u2744\ufe0f\n|-damage|p2a: Snowball \u2744\ufe0f|13\/100 tox\n|\n|-weather|Snow|[upkeep]\n|-heal|p1a: Lapras|78\/100|[from] item: Leftovers\n|-damage|p2a: Snowball \u2744\ufe0f|0 fnt|[from] psn\n|faint|p2a: Snowball \u2744\ufe0f\n|upkeep\n|\n|t:|1701073532\n|switch|p2a: Note \ud83c\udf90|Chimecho, M|100\/100\n|turn|5\n|\n|t:|1701073539\n|move|p2a: Note \ud83c\udf90|Calm Mind|p2a: Note \ud83c\udf90\n|-boost|p2a: Note \ud83c\udf90|spa|1\n|-boost|p2a: Note \ud83c\udf90|spd|1\n|move|p1a: Lapras|Freeze-Dry|p2a: Note \ud83c\udf90\n|-damage|p2a: Note \ud83c\udf90|89\/100\n|\n|-weather|none\n|-heal|p1a: Lapras|84\/100|[from] item: Leftovers\n|upkeep\n|turn|6\n|\n|t:|1701073552\n|switch|p1a: Iron Valiant|Iron Valiant|100\/100\n|-enditem|p1a: Iron Valiant|Booster Energy\n|-activate|p1a: Iron Valiant|ability: Quark Drive|[fromitem]\n|-start|p1a: Iron Valiant|quarkdrivespe\n|move|p2a: Note \ud83c\udf90|Calm Mind|p2a: Note \ud83c\udf90\n|-boost|p2a: Note \ud83c\udf90|spa|1\n|-boost|p2a: Note \ud83c\udf90|spd|1\n|\n|upkeep\n|turn|7\n|\n|t:|1701073562\n|move|p1a: Iron Valiant|X-Scissor|p2a: Note \ud83c\udf90\n|-supereffective|p2a: Note \ud83c\udf90\n|-damage|p2a: Note \ud83c\udf90|67\/100\n|move|p2a: Note \ud83c\udf90|Psychic|p1a: Iron Valiant\n|-supereffective|p1a: Iron Valiant\n|-damage|p1a: Iron Valiant|0 fnt\n|faint|p1a: Iron Valiant\n|-end|p1a: Iron Valiant|Quark Drive|[silent]\n|\n|upkeep\n|\n|t:|1701073574\n|switch|p1a: Rillaboom|Rillaboom, F|100\/100\n|-fieldstart|move: Grassy Terrain|[from] ability: Grassy Surge|[of] p1a: Rillaboom\n|turn|8\n|\n|t:|1701073579\n|move|p1a: Rillaboom|Knock Off|p2a: Note \ud83c\udf90\n|-supereffective|p2a: Note \ud83c\udf90\n|-damage|p2a: Note \ud83c\udf90|39\/100\n|-enditem|p2a: Note \ud83c\udf90|Salac Berry|[from] move: Knock Off|[of] p1a: Rillaboom\n|move|p2a: Note \ud83c\udf90|Psychic|p1a: Rillaboom\n|-damage|p1a: Rillaboom|16\/100\n|\n|-heal|p1a: Rillaboom|22\/100|[from] Grassy Terrain\n|-sideend|p2: EnowLittleDreamer|move: Aurora Veil\n|upkeep\n|turn|9\n|\n|t:|1701073589\n|move|p1a: Rillaboom|Grassy Glide|p2a: Note \ud83c\udf90\n|-damage|p2a: Note \ud83c\udf90|7\/100\n|move|p2a: Note \ud83c\udf90|Psychic|p1a: Rillaboom\n|-damage|p1a: Rillaboom|0 fnt\n|faint|p1a: Rillaboom\n|\n|upkeep\n|\n|t:|1701073598\n|switch|p1a: Flapple|Flapple, M|100\/100\n|turn|10\n|\n|t:|1701073602\n|move|p1a: Flapple|Dual Wingbeat|p2a: Note \ud83c\udf90\n|-damage|p2a: Note \ud83c\udf90|0 fnt\n|faint|p2a: Note \ud83c\udf90\n|-hitcount|p2: Note \ud83c\udf90|1\n|\n|upkeep\n|\n|t:|1701073617\n|switch|p2a: Angel \ud83d\udc96|Togetic, F|100\/100\n|turn|11\n|\n|t:|1701073626\n|switch|p1a: Corviknight|Corviknight, M|100\/100\n|move|p2a: Angel \ud83d\udc96|Ancient Power|p1a: Corviknight\n|-damage|p1a: Corviknight|88\/100\n|\n|upkeep\n|turn|12\n|\n|t:|1701073632\n|move|p1a: Corviknight|Iron Head|p2a: Angel \ud83d\udc96\n|-supereffective|p2a: Angel \ud83d\udc96\n|-damage|p2a: Angel \ud83d\udc96|36\/100\n|move|p2a: Angel \ud83d\udc96|Flamethrower|p1a: Corviknight\n|-supereffective|p1a: Corviknight\n|-damage|p1a: Corviknight|55\/100\n|\n|-fieldend|move: Grassy Terrain\n|upkeep\n|turn|13\n|\n|t:|1701073641\n|move|p1a: Corviknight|Iron Head|p2a: Angel \ud83d\udc96\n|-supereffective|p2a: Angel \ud83d\udc96\n|-damage|p2a: Angel \ud83d\udc96|0 fnt\n|faint|p2a: Angel \ud83d\udc96\n|\n|upkeep\n|\n|t:|1701073646\n|switch|p2a: Little light \ud83c\udf83|Gourgeist-Super, F|100\/100\n|turn|14\n|\n|t:|1701073652\n|-terastallize|p2a: Little light \ud83c\udf83|Fire\n|move|p1a: Corviknight|Brave Bird|p2a: Little light \ud83c\udf83\n|-damage|p2a: Little light \ud83c\udf83|62\/100\n|-damage|p1a: Corviknight|43\/100|[from] Recoil\n|move|p2a: Little light \ud83c\udf83|Will-O-Wisp|p1a: Corviknight\n|-status|p1a: Corviknight|brn\n|\n|-heal|p2a: Little light \ud83c\udf83|68\/100|[from] item: Leftovers\n|-damage|p1a: Corviknight|37\/100 brn|[from] brn\n|upkeep\n|turn|15\n|\n|t:|1701073665\n|move|p1a: Corviknight|Iron Defense|p1a: Corviknight\n|-boost|p1a: Corviknight|def|2\n|move|p2a: Little light \ud83c\udf83|Flame Charge|p1a: Corviknight\n|-supereffective|p1a: Corviknight\n|-damage|p1a: Corviknight|19\/100 brn\n|-boost|p2a: Little light \ud83c\udf83|spe|1\n|\n|-heal|p2a: Little light \ud83c\udf83|74\/100|[from] item: Leftovers\n|-damage|p1a: Corviknight|13\/100 brn|[from] brn\n|upkeep\n|turn|16\n|\n|t:|1701073676\n|move|p2a: Little light \ud83c\udf83|Flame Charge|p1a: Corviknight\n|-supereffective|p1a: Corviknight\n|-damage|p1a: Corviknight|0 fnt\n|-boost|p2a: Little light \ud83c\udf83|spe|1\n|faint|p1a: Corviknight\n|\n|-heal|p2a: Little light \ud83c\udf83|80\/100|[from] item: Leftovers\n|upkeep\n|\n|t:|1701073680\n|switch|p1a: Lapras|Lapras, F|84\/100\n|turn|17\n|\n|t:|1701073687\n|-terastallize|p1a: Lapras|Water\n|move|p2a: Little light \ud83c\udf83|Leech Seed|p1a: Lapras\n|-start|p1a: Lapras|move: Leech Seed\n|move|p1a: Lapras|Sparkling Aria|p2a: Little light \ud83c\udf83\n|-supereffective|p2a: Little light \ud83c\udf83\n|-damage|p2a: Little light \ud83c\udf83|0 fnt\n|faint|p2a: Little light \ud83c\udf83\n|\n|-heal|p1a: Lapras|91\/100|[from] item: Leftovers\n|upkeep\n|\n|t:|1701073700\n|switch|p2a: Bun \ud83c\udf5e|Dachsbun, M|100\/100\n|turn|18\n|\n|t:|1701073706\n|switch|p1a: Flapple|Flapple, M|100\/100\n|move|p2a: Bun \ud83c\udf5e|Yawn|p1a: Flapple\n|-start|p1a: Flapple|move: Yawn|[of] p2a: Bun \ud83c\udf5e\n|\n|upkeep\n|turn|19\n|\n|t:|1701073713\n|switch|p1a: Lapras|Lapras, F, tera:Water|91\/100\n|move|p2a: Bun \ud83c\udf5e|Protect||[still]\n|-fail|p2a: Bun \ud83c\udf5e\n|\n|-heal|p1a: Lapras|97\/100|[from] item: Leftovers\n|upkeep\n|turn|20\n|\n|t:|1701073723\n|move|p2a: Bun \ud83c\udf5e|Yawn|p1a: Lapras\n|-start|p1a: Lapras|move: Yawn|[of] p2a: Bun \ud83c\udf5e\n|move|p1a: Lapras|Freeze-Dry|p2a: Bun \ud83c\udf5e\n|-damage|p2a: Bun \ud83c\udf5e|62\/100\n|\n|-heal|p2a: Bun \ud83c\udf5e|68\/100|[from] item: Leftovers\n|-heal|p1a: Lapras|100\/100|[from] item: Leftovers\n|upkeep\n|turn|21\n|\n|t:|1701073733\n|switch|p1a: Flapple|Flapple, M|100\/100\n|move|p2a: Bun \ud83c\udf5e|Body Press|p1a: Flapple\n|-crit|p1a: Flapple\n|-damage|p1a: Flapple|39\/100\n|\n|-heal|p2a: Bun \ud83c\udf5e|74\/100|[from] item: Leftovers\n|upkeep\n|turn|22\n|\n|t:|1701073742\n|move|p1a: Flapple|Dual Wingbeat|p2a: Bun \ud83c\udf5e\n|-damage|p2a: Bun \ud83c\udf5e|62\/100\n|-damage|p2a: Bun \ud83c\udf5e|47\/100\n|-hitcount|p2a: Bun \ud83c\udf5e|2\n|move|p2a: Bun \ud83c\udf5e|Wish|p2a: Bun \ud83c\udf5e\n|\n|-heal|p2a: Bun \ud83c\udf5e|53\/100|[from] item: Leftovers\n|upkeep\n|turn|23\n|\n|t:|1701073751\n|switch|p1a: Lapras|Lapras, F, tera:Water|100\/100\n|move|p2a: Bun \ud83c\udf5e|Body Press|p1a: Lapras\n|-damage|p1a: Lapras|76\/100\n|\n|-heal|p2a: Bun \ud83c\udf5e|100\/100|[from] move: Wish|[wisher] Bun \ud83c\udf5e\n|-heal|p1a: Lapras|83\/100|[from] item: Leftovers\n|upkeep\n|turn|24\n|\n|t:|1701073762\n|move|p2a: Bun \ud83c\udf5e|Body Press|p1a: Lapras\n|-damage|p1a: Lapras|58\/100\n|move|p1a: Lapras|Thunderbolt|p2a: Bun \ud83c\udf5e\n|-damage|p2a: Bun \ud83c\udf5e|68\/100\n|\n|-heal|p2a: Bun \ud83c\udf5e|74\/100|[from] item: Leftovers\n|-heal|p1a: Lapras|65\/100|[from] item: Leftovers\n|upkeep\n|turn|25\n|\n|t:|1701073772\n|move|p2a: Bun \ud83c\udf5e|Body Press|p1a: Lapras\n|-damage|p1a: Lapras|41\/100\n|move|p1a: Lapras|Thunderbolt|p2a: Bun \ud83c\udf5e\n|-damage|p2a: Bun \ud83c\udf5e|41\/100\n|\n|-heal|p2a: Bun \ud83c\udf5e|47\/100|[from] item: Leftovers\n|-heal|p1a: Lapras|48\/100|[from] item: Leftovers\n|upkeep\n|turn|26\n|\n|t:|1701073781\n|move|p2a: Bun \ud83c\udf5e|Wish|p2a: Bun \ud83c\udf5e\n|move|p1a: Lapras|Thunderbolt|p2a: Bun \ud83c\udf5e\n|-damage|p2a: Bun \ud83c\udf5e|16\/100\n|\n|-heal|p2a: Bun \ud83c\udf5e|22\/100|[from] item: Leftovers\n|-heal|p1a: Lapras|54\/100|[from] item: Leftovers\n|upkeep\n|turn|27\n|\n|t:|1701073790\n|switch|p1a: Flapple|Flapple, M|39\/100\n|move|p2a: Bun \ud83c\udf5e|Body Press|p1a: Flapple\n|-damage|p1a: Flapple|0 fnt\n|faint|p1a: Flapple\n|\n|-heal|p2a: Bun \ud83c\udf5e|72\/100|[from] move: Wish|[wisher] Bun \ud83c\udf5e\n|-heal|p2a: Bun \ud83c\udf5e|78\/100|[from] item: Leftovers\n|upkeep\n|\n|t:|1701073796\n|switch|p1a: Lapras|Lapras, F, tera:Water|54\/100\n|turn|28\n|\n|t:|1701073804\n|move|p2a: Bun \ud83c\udf5e|Body Press|p1a: Lapras\n|-damage|p1a: Lapras|31\/100\n|move|p1a: Lapras|Psychic|p2a: Bun \ud83c\udf5e\n|-damage|p2a: Bun \ud83c\udf5e|44\/100\n|\n|-heal|p2a: Bun \ud83c\udf5e|50\/100|[from] item: Leftovers\n|-heal|p1a: Lapras|37\/100|[from] item: Leftovers\n|upkeep\n|turn|29\n|\n|t:|1701073814\n|move|p2a: Bun \ud83c\udf5e|Body Press|p1a: Lapras\n|-damage|p1a: Lapras|13\/100\n|move|p1a: Lapras|Psychic|p2a: Bun \ud83c\udf5e\n|-damage|p2a: Bun \ud83c\udf5e|17\/100\n|\n|-heal|p2a: Bun \ud83c\udf5e|23\/100|[from] item: Leftovers\n|-heal|p1a: Lapras|19\/100|[from] item: Leftovers\n|upkeep\n|turn|30\n|\n|t:|1701073824\n|move|p2a: Bun \ud83c\udf5e|Body Press|p1a: Lapras\n|-damage|p1a: Lapras|0 fnt\n|faint|p1a: Lapras\n|\n|win|EnowLittleDreamer\n|raw|Darumon's rating: 1128 &rarr; <strong>1104<\/strong><br \/>(-24 for losing)\n|raw|EnowLittleDreamer's rating: 1137 &rarr; <strong>1161<\/strong><br \/>(+24 for winning)\n|l|\u2606Darumon\n","uploadtime":1701073832,"views":18,"p1id":"darumon","p2id":"enowlittledreamer","formatid":"gen9nationaldex","rating":1104,"private":0,"password":""}