{"id":"gen9nationaldex-1997686021","p1":"Void280","p2":"Martu2863","format":"[Gen 9] National Dex","log":"|html|<div class=\"broadcast-blue\"><strong>[Gen 9] National Dex is currently suspecting Sneasler! For information on how to participate check out the <a href=\"https:\/\/www.smogon.com\/forums\/threads\/sv-national-dex-suspect-8-just-dance.3731534\/\">suspect thread<\/a>.<\/strong><\/div>\n|j|\u2606Void280\n|j|\u2606Martu2863\n|t:|1700841688\n|gametype|singles\n|player|p1|Void280|hilbert|\n|player|p2|Martu2863|cynthia-gen4|\n|teamsize|p1|6\n|teamsize|p2|6\n|gen|9\n|tier|[Gen 9] National Dex\n|rule|HP Percentage Mod: HP is shown in percentages\n|rule|Endless Battle Clause: Forcing endless battles is banned\n|rule|OHKO Clause: OHKO moves are banned\n|rule|Evasion Clause: Evasion abilities, items, and moves are banned\n|rule|Evasion Abilities Clause: Evasion abilities are banned\n|rule|Evasion Items Clause: Evasion items are banned\n|rule|Evasion Moves Clause: Evasion moves are banned\n|rule|Species Clause: Limit one of each Pok\u00e9mon\n|rule|Sleep Clause Mod: Limit one foe put to sleep\n|clearpoke\n|poke|p1|Lopunny, F|\n|poke|p1|Iron Valiant|\n|poke|p1|Slither Wing|\n|poke|p1|Pawmot, M|\n|poke|p1|Urshifu-*, M|\n|poke|p1|Klefki, M|\n|poke|p2|Krookodile, M|\n|poke|p2|Moltres|\n|poke|p2|Tapu Fini|\n|poke|p2|Rillaboom, F|\n|poke|p2|Kartana|\n|poke|p2|Manectric, M|\n|teampreview\n|c|\u2606Martu2863|Suerte\n|j| Sylveon(404)\n|c|\u2606Void280|Igualmente\n|\n|t:|1700841723\n|start\n|switch|p1a: \"Lock & Key\"|Klefki, M, shiny|100\/100\n|switch|p2a: Zen|Manectric, M|100\/100\n|turn|1\n|\n|t:|1700841754\n|detailschange|p2a: Zen|Manectric-Mega, M\n|-mega|p2a: Zen|Manectric|Manectite\n|-ability|p2a: Zen|Intimidate|boost\n|-unboost|p1a: \"Lock & Key\"|atk|1\n|move|p1a: \"Lock & Key\"|Light Screen|p1a: \"Lock & Key\"\n|-sidestart|p1: Void280|move: Light Screen\n|move|p2a: Zen|Flamethrower|p1a: \"Lock & Key\"\n|-supereffective|p1a: \"Lock & Key\"\n|-damage|p1a: \"Lock & Key\"|69\/100\n|\n|upkeep\n|turn|2\n|\n|t:|1700841772\n|move|p1a: \"Lock & Key\"|Reflect|p1a: \"Lock & Key\"\n|-sidestart|p1: Void280|Reflect\n|move|p2a: Zen|Flamethrower|p1a: \"Lock & Key\"\n|-supereffective|p1a: \"Lock & Key\"\n|-damage|p1a: \"Lock & Key\"|36\/100\n|\n|upkeep\n|turn|3\n|\n|t:|1700841846\n|switch|p1a: Cyber Ange|Iron Valiant|100\/100\n|-enditem|p1a: Cyber Ange|Booster Energy\n|-activate|p1a: Cyber Ange|ability: Quark Drive|[fromitem]\n|-start|p1a: Cyber Ange|quarkdrivespe\n|move|p2a: Zen|Flamethrower|p1a: Cyber Ange\n|-damage|p1a: Cyber Ange|70\/100\n|\n|upkeep\n|turn|4\n|\n|t:|1700841857\n|move|p1a: Cyber Ange|Calm Mind|p1a: Cyber Ange\n|-boost|p1a: Cyber Ange|spa|1\n|-boost|p1a: Cyber Ange|spd|1\n|move|p2a: Zen|Volt Switch|p1a: Cyber Ange\n|-damage|p1a: Cyber Ange|48\/100\n|\n|t:|1700841870\n|switch|p2a: Tarzan|Rillaboom, F|100\/100|[from] Volt Switch\n|-fieldstart|move: Grassy Terrain|[from] ability: Grassy Surge|[of] p2a: Tarzan\n|\n|-heal|p1a: Cyber Ange|54\/100|[from] Grassy Terrain\n|upkeep\n|turn|5\n|\n|t:|1700841883\n|move|p2a: Tarzan|Grassy Glide|p1a: Cyber Ange\n|-damage|p1a: Cyber Ange|22\/100\n|move|p1a: Cyber Ange|Moonblast|p2a: Tarzan\n|-damage|p2a: Tarzan|5\/100\n|-unboost|p2a: Tarzan|spa|1\n|\n|-heal|p1a: Cyber Ange|28\/100|[from] Grassy Terrain\n|-heal|p2a: Tarzan|11\/100|[from] Grassy Terrain\n|upkeep\n|turn|6\n|\n|t:|1700841935\n|-end|p1a: Cyber Ange|Quark Drive|[silent]\n|switch|p1a: Lopus|Lopunny, F|100\/100\n|move|p2a: Tarzan|Grassy Glide|p1a: Lopus\n|-damage|p1a: Lopus|58\/100\n|\n|-heal|p1a: Lopus|64\/100|[from] Grassy Terrain\n|-heal|p2a: Tarzan|18\/100|[from] Grassy Terrain\n|upkeep\n|turn|7\n|\n|t:|1700841944\n|switch|p2a: Zen|Manectric-Mega, M|100\/100\n|-ability|p2a: Zen|Intimidate|boost\n|-unboost|p1a: Lopus|atk|1\n|detailschange|p1a: Lopus|Lopunny-Mega, F\n|-mega|p1a: Lopus|Lopunny|Lopunnite\n|move|p1a: Lopus|Fake Out|p2a: Zen\n|-damage|p2a: Zen|81\/100\n|\n|-heal|p2a: Zen|87\/100|[from] Grassy Terrain\n|-heal|p1a: Lopus|70\/100|[from] Grassy Terrain\n|upkeep\n|turn|8\n|\n|t:|1700841954\n|switch|p1a: Pawmot|Pawmot, M|100\/100\n|move|p2a: Zen|Volt Switch|p1a: Pawmot\n|-immune|p1a: Pawmot|[from] ability: Volt Absorb\n|\n|-heal|p2a: Zen|93\/100|[from] Grassy Terrain\n|-sideend|p1: Void280|move: Light Screen\n|-fieldend|move: Grassy Terrain\n|upkeep\n|turn|9\n|\n|t:|1700841970\n|switch|p2a: Gavial|Krookodile, M|100\/100\n|-ability|p2a: Gavial|Intimidate|boost\n|-unboost|p1a: Pawmot|atk|1\n|move|p1a: Pawmot|Fake Out|p2a: Gavial\n|-crit|p2a: Gavial\n|-damage|p2a: Gavial|76\/100\n|\n|-sideend|p1: Void280|Reflect\n|upkeep\n|turn|10\n|\n|t:|1700841993\n|-terastallize|p1a: Pawmot|Flying\n|move|p2a: Gavial|Earthquake|p1a: Pawmot\n|-immune|p1a: Pawmot\n|move|p1a: Pawmot|Wild Charge|p2a: Gavial\n|-immune|p2a: Gavial\n|\n|upkeep\n|turn|11\n|c| Sylveon(404)|XD?\n|c|\u2606Void280|Esperaba el tera\n|\n|t:|1700842010\n|switch|p2a: Zen|Manectric-Mega, M|93\/100\n|-ability|p2a: Zen|Intimidate|boost\n|-unboost|p1a: Pawmot|atk|1\n|move|p1a: Pawmot|Seed Bomb|p2a: Zen\n|-damage|p2a: Zen|73\/100\n|\n|upkeep\n|turn|12\n|\n|t:|1700842021\n|switch|p1a: \"Lock & Key\"|Klefki, M, shiny|36\/100\n|move|p2a: Zen|Thunderbolt|p1a: \"Lock & Key\"\n|-damage|p1a: \"Lock & Key\"|0 fnt\n|faint|p1a: \"Lock & Key\"\n|\n|upkeep\n|\n|t:|1700842043\n|switch|p1a: Lopus|Lopunny-Mega, F|70\/100\n|turn|13\n|\n|t:|1700842054\n|switch|p2a: Fenix|Moltres|100\/100\n|move|p1a: Lopus|Fake Out|p2a: Fenix\n|-damage|p2a: Fenix|86\/100\n|-status|p1a: Lopus|brn|[from] ability: Flame Body|[of] p2a: Fenix\n|\n|-damage|p1a: Lopus|64\/100 brn|[from] brn\n|upkeep\n|turn|14\n|\n|t:|1700842069\n|move|p1a: Lopus|Thunder Punch|p2a: Fenix\n|-supereffective|p2a: Fenix\n|-damage|p2a: Fenix|68\/100\n|move|p2a: Fenix|Flamethrower|p1a: Lopus\n|-damage|p1a: Lopus|16\/100 brn\n|\n|-damage|p1a: Lopus|10\/100 brn|[from] brn\n|upkeep\n|turn|15\n|\n|t:|1700842078\n|switch|p1a: First Time v2|Urshifu-Rapid-Strike, M|100\/100\n|move|p2a: Fenix|Roost|p2a: Fenix\n|-heal|p2a: Fenix|100\/100\n|-singleturn|p2a: Fenix|move: Roost\n|\n|upkeep\n|turn|16\n|\n|t:|1700842097\n|switch|p2a: Zen|Manectric-Mega, M|73\/100\n|-ability|p2a: Zen|Intimidate|boost\n|-unboost|p1a: First Time v2|atk|1\n|move|p1a: First Time v2|Surging Strikes|p2a: Zen\n|-crit|p2a: Zen\n|-damage|p2a: Zen|45\/100\n|-crit|p2a: Zen\n|-damage|p2a: Zen|16\/100\n|-crit|p2a: Zen\n|-damage|p2a: Zen|0 fnt\n|faint|p2a: Zen\n|-hitcount|p2: Zen|3\n|\n|upkeep\n|j| Cristian7gg\n|\n|t:|1700842110\n|switch|p2a: Kami|Kartana|100\/100\n|turn|17\n|\n|t:|1700842126\n|move|p1a: First Time v2|Surging Strikes|p2a: Kami\n|-resisted|p2a: Kami\n|-crit|p2a: Kami\n|-damage|p2a: Kami|90\/100\n|-resisted|p2a: Kami\n|-crit|p2a: Kami\n|-damage|p2a: Kami|80\/100\n|-resisted|p2a: Kami\n|-crit|p2a: Kami\n|-damage|p2a: Kami|69\/100\n|-hitcount|p2a: Kami|3\n|move|p2a: Kami|Leaf Blade|p1a: First Time v2\n|-supereffective|p1a: First Time v2\n|-damage|p1a: First Time v2|0 fnt\n|faint|p1a: First Time v2\n|-ability|p2a: Kami|Beast Boost|boost\n|-boost|p2a: Kami|atk|1\n|\n|upkeep\n|\n|t:|1700842146\n|switch|p1a: Lopus|Lopunny-Mega, F|10\/100 brn\n|turn|18\n|\n|t:|1700842159\n|switch|p2a: Fenix|Moltres|100\/100\n|move|p1a: Lopus|Close Combat|p2a: Fenix\n|-resisted|p2a: Fenix\n|-damage|p2a: Fenix|90\/100\n|-unboost|p1a: Lopus|def|1\n|-unboost|p1a: Lopus|spd|1\n|\n|-damage|p1a: Lopus|5\/100 brn|[from] brn\n|upkeep\n|turn|19\n|\n|t:|1700842169\n|move|p1a: Lopus|Thunder Punch|p2a: Fenix\n|-supereffective|p2a: Fenix\n|-damage|p2a: Fenix|72\/100\n|move|p2a: Fenix|Roost|p2a: Fenix\n|-heal|p2a: Fenix|100\/100\n|-singleturn|p2a: Fenix|move: Roost\n|\n|-damage|p1a: Lopus|0 fnt|[from] brn\n|faint|p1a: Lopus\n|upkeep\n|\n|t:|1700842178\n|switch|p1a: Pawmot|Pawmot, M, tera:Flying|100\/100\n|turn|20\n|\n|t:|1700842197\n|switch|p2a: Gavial|Krookodile, M|76\/100\n|-ability|p2a: Gavial|Intimidate|boost\n|-unboost|p1a: Pawmot|atk|1\n|move|p1a: Pawmot|Revival Blessing|p1a: Pawmot\n|c| Cristian7gg|Waus\n|\n|t:|1700842208\n|-heal|p1: First Time v2|50\/100|[from] move: Revival Blessing\n|\n|upkeep\n|turn|21\n|\n|t:|1700842219\n|switch|p2a: Fenix|Moltres|100\/100\n|move|p1a: Pawmot|Seed Bomb|p2a: Fenix\n|-resisted|p2a: Fenix\n|-damage|p2a: Fenix|98\/100\n|\n|upkeep\n|turn|22\n|\n|t:|1700842230\n|move|p1a: Pawmot|Wild Charge|p2a: Fenix\n|-supereffective|p2a: Fenix\n|-damage|p2a: Fenix|57\/100\n|-status|p1a: Pawmot|brn|[from] ability: Flame Body|[of] p2a: Fenix\n|-damage|p1a: Pawmot|87\/100 brn|[from] Recoil\n|move|p2a: Fenix|Will-O-Wisp|p1a: Pawmot|[miss]\n|-miss|p2a: Fenix|p1a: Pawmot\n|\n|-damage|p1a: Pawmot|81\/100 brn|[from] brn\n|upkeep\n|turn|23\n|\n|t:|1700842240\n|move|p1a: Pawmot|Seed Bomb|p2a: Fenix\n|-resisted|p2a: Fenix\n|-damage|p2a: Fenix|56\/100\n|move|p2a: Fenix|Roost|p2a: Fenix\n|-heal|p2a: Fenix|100\/100\n|-singleturn|p2a: Fenix|move: Roost\n|\n|-damage|p1a: Pawmot|75\/100 brn|[from] brn\n|upkeep\n|turn|24\n|\n|t:|1700842256\n|move|p1a: Pawmot|Wild Charge|p2a: Fenix\n|-supereffective|p2a: Fenix\n|-damage|p2a: Fenix|82\/100\n|-damage|p1a: Pawmot|68\/100 brn|[from] Recoil\n|move|p2a: Fenix|Flamethrower|p1a: Pawmot\n|-damage|p1a: Pawmot|0 fnt\n|faint|p1a: Pawmot\n|\n|upkeep\n|\n|t:|1700842271\n|switch|p1a: First Time v2|Urshifu-Rapid-Strike, M|50\/100\n|turn|25\n|\n|t:|1700842282\n|-terastallize|p2a: Fenix|Water\n|move|p1a: First Time v2|Surging Strikes|p2a: Fenix\n|-resisted|p2a: Fenix\n|-crit|p2a: Fenix\n|-damage|p2a: Fenix|75\/100\n|-status|p1a: First Time v2|brn|[from] ability: Flame Body|[of] p2a: Fenix\n|-resisted|p2a: Fenix\n|-crit|p2a: Fenix\n|-damage|p2a: Fenix|72\/100\n|-resisted|p2a: Fenix\n|-crit|p2a: Fenix\n|-damage|p2a: Fenix|68\/100\n|-hitcount|p2a: Fenix|3\n|move|p2a: Fenix|Will-O-Wisp|p1a: First Time v2\n|-fail|p1a: First Time v2|brn\n|\n|-damage|p1a: First Time v2|44\/100 brn|[from] brn\n|upkeep\n|turn|26\n|c| Cristian7gg|\ud83d\udc1d\n|\n|t:|1700842301\n|switch|p1a: Cyber Ange|Iron Valiant|28\/100\n|move|p2a: Fenix|Roost|p2a: Fenix\n|-heal|p2a: Fenix|100\/100\n|\n|upkeep\n|turn|27\n|\n|t:|1700842310\n|move|p1a: Cyber Ange|Psychic|p2a: Fenix\n|-damage|p2a: Fenix|69\/100\n|move|p2a: Fenix|Flamethrower|p1a: Cyber Ange\n|-damage|p1a: Cyber Ange|0 fnt\n|faint|p1a: Cyber Ange\n|-end|p1a: Cyber Ange|Quark Drive|[silent]\n|\n|upkeep\n|\n|t:|1700842326\n|switch|p1a: First Time v2|Urshifu-Rapid-Strike, M|44\/100 brn\n|turn|28\n|j| Danwine\n|\n|t:|1700842334\n|switch|p2a: Kanaloa|Tapu Fini|100\/100\n|-fieldstart|move: Misty Terrain|[from] ability: Misty Surge|[of] p2a: Kanaloa\n|move|p1a: First Time v2|Close Combat|p2a: Kanaloa\n|-resisted|p2a: Kanaloa\n|-damage|p2a: Kanaloa|86\/100\n|-unboost|p1a: First Time v2|def|1\n|-unboost|p1a: First Time v2|spd|1\n|\n|-heal|p2a: Kanaloa|92\/100|[from] item: Leftovers\n|-damage|p1a: First Time v2|38\/100 brn|[from] brn\n|upkeep\n|turn|29\n|\n|t:|1700842345\n|move|p1a: First Time v2|Close Combat|p2a: Kanaloa\n|-resisted|p2a: Kanaloa\n|-damage|p2a: Kanaloa|78\/100\n|-unboost|p1a: First Time v2|def|1\n|-unboost|p1a: First Time v2|spd|1\n|move|p2a: Kanaloa|Calm Mind|p2a: Kanaloa\n|-boost|p2a: Kanaloa|spa|1\n|-boost|p2a: Kanaloa|spd|1\n|\n|-heal|p2a: Kanaloa|84\/100|[from] item: Leftovers\n|-damage|p1a: First Time v2|32\/100 brn|[from] brn\n|upkeep\n|turn|30\n|\n|t:|1700842353\n|move|p1a: First Time v2|Close Combat|p2a: Kanaloa\n|-resisted|p2a: Kanaloa\n|-damage|p2a: Kanaloa|70\/100\n|-unboost|p1a: First Time v2|def|1\n|-unboost|p1a: First Time v2|spd|1\n|move|p2a: Kanaloa|Draining Kiss|p1a: First Time v2\n|-supereffective|p1a: First Time v2\n|-damage|p1a: First Time v2|0 fnt\n|-heal|p2a: Kanaloa|93\/100|[from] drain|[of] p1a: First Time v2\n|faint|p1a: First Time v2\n|\n|-heal|p2a: Kanaloa|99\/100|[from] item: Leftovers\n|upkeep\n|c|\u2606Void280|gg\n|\n|t:|1700842363\n|switch|p1a: Silky|Slither Wing|100\/100\n|-enditem|p1a: Silky|Booster Energy\n|-activate|p1a: Silky|ability: Protosynthesis|[fromitem]\n|-start|p1a: Silky|protosynthesisatk\n|turn|31\n|\n|t:|1700842376\n|move|p1a: Silky|First Impression|p2a: Kanaloa\n|-resisted|p2a: Kanaloa\n|-damage|p2a: Kanaloa|71\/100\n|move|p2a: Kanaloa|Draining Kiss|p1a: Silky\n|-supereffective|p1a: Silky\n|-crit|p1a: Silky\n|-damage|p1a: Silky|23\/100\n|-heal|p2a: Kanaloa|100\/100|[from] drain|[of] p1a: Silky\n|\n|upkeep\n|turn|32\n|c|\u2606Martu2863|Gg\n|\n|t:|1700842386\n|move|p1a: Silky|Trailblaze|p2a: Kanaloa\n|-supereffective|p2a: Kanaloa\n|-damage|p2a: Kanaloa|56\/100\n|-boost|p1a: Silky|spe|1\n|move|p2a: Kanaloa|Draining Kiss|p1a: Silky\n|-supereffective|p1a: Silky\n|-damage|p1a: Silky|0 fnt\n|-heal|p2a: Kanaloa|72\/100|[from] drain|[of] p1a: Silky\n|faint|p1a: Silky\n|-end|p1a: Silky|Protosynthesis|[silent]\n|\n|win|Martu2863\n|l|\u2606Void280\n","uploadtime":1700842399,"views":5,"p1id":"void280","p2id":"martu2863","formatid":"gen9nationaldex","rating":0,"private":0,"password":""}