{"id":"gen9nationaldex-1997858165","p1":"Merc30","p2":"Yami Tayori","format":"[Gen 9] National Dex","log":"|html|<div class=\"broadcast-blue\"><strong>[Gen 9] National Dex is currently suspecting Sneasler! For information on how to participate check out the <a href=\"https:\/\/www.smogon.com\/forums\/threads\/sv-national-dex-suspect-8-just-dance.3731534\/\">suspect thread<\/a>.<\/strong><\/div>\n|j|\u2606Merc30\n|j|\u2606Yami Tayori\n|t:|1700860482\n|gametype|singles\n|player|p1|Merc30|266|1065\n|player|p2|Yami Tayori|steven|1108\n|teamsize|p1|6\n|teamsize|p2|6\n|gen|9\n|tier|[Gen 9] National Dex\n|rated|\n|rule|HP Percentage Mod: HP is shown in percentages\n|rule|Endless Battle Clause: Forcing endless battles is banned\n|rule|OHKO Clause: OHKO moves are banned\n|rule|Evasion Clause: Evasion abilities, items, and moves are banned\n|rule|Evasion Abilities Clause: Evasion abilities are banned\n|rule|Evasion Items Clause: Evasion items are banned\n|rule|Evasion Moves Clause: Evasion moves are banned\n|rule|Species Clause: Limit one of each Pok\u00e9mon\n|rule|Sleep Clause Mod: Limit one foe put to sleep\n|clearpoke\n|poke|p1|Electivire, M|\n|poke|p1|Umbreon, M|\n|poke|p1|Regice|\n|poke|p1|Garchomp, M|\n|poke|p1|Aurorus, F|\n|poke|p1|Reuniclus, M|\n|poke|p2|Flygon, M|\n|poke|p2|Aggron, M|\n|poke|p2|Tyranitar, M|\n|poke|p2|Corviknight, M|\n|poke|p2|Rillaboom, M|\n|poke|p2|Azumarill, F|\n|teampreview\n|\n|t:|1700860490\n|start\n|switch|p1a: Aurorus|Aurorus, F|100\/100\n|switch|p2a: Rillaboom|Rillaboom, M|100\/100\n|-weather|Snow|[from] ability: Snow Warning|[of] p1a: Aurorus\n|-fieldstart|move: Grassy Terrain|[from] ability: Grassy Surge|[of] p2a: Rillaboom\n|turn|1\n|\n|t:|1700860497\n|move|p2a: Rillaboom|Fake Out|p1a: Aurorus\n|-resisted|p1a: Aurorus\n|-damage|p1a: Aurorus|95\/100\n|cant|p1a: Aurorus|flinch\n|\n|-weather|Snow|[upkeep]\n|-heal|p1a: Aurorus|100\/100|[from] Grassy Terrain\n|upkeep\n|turn|2\n|\n|t:|1700860503\n|move|p1a: Aurorus|Toxic|p2a: Rillaboom\n|-status|p2a: Rillaboom|tox\n|move|p2a: Rillaboom|U-turn|p1a: Aurorus\n|-damage|p1a: Aurorus|76\/100\n|\n|t:|1700860509\n|switch|p2a: Tyranitar|Tyranitar, M, shiny|100\/100|[from] U-turn\n|-weather|Sandstorm|[from] ability: Sand Stream|[of] p2a: Tyranitar\n|\n|-weather|Sandstorm|[upkeep]\n|-heal|p1a: Aurorus|83\/100|[from] Grassy Terrain\n|upkeep\n|turn|3\n|\n|t:|1700860520\n|switch|p1a: Umbreon|Umbreon, M|100\/100\n|detailschange|p2a: Tyranitar|Tyranitar-Mega, M, shiny\n|-mega|p2a: Tyranitar|Tyranitar|Tyranitarite\n|move|p2a: Tyranitar|Hone Claws|p2a: Tyranitar\n|-boost|p2a: Tyranitar|atk|1\n|-boost|p2a: Tyranitar|accuracy|1\n|\n|-weather|Sandstorm|[upkeep]\n|-damage|p1a: Umbreon|94\/100|[from] Sandstorm\n|-heal|p1a: Umbreon|100\/100|[from] Grassy Terrain\n|upkeep\n|turn|4\n|\n|t:|1700860528\n|move|p2a: Tyranitar|Stone Edge|p1a: Umbreon\n|-damage|p1a: Umbreon|42\/100\n|move|p1a: Umbreon|Wish|p1a: Umbreon\n|\n|-weather|Sandstorm|[upkeep]\n|-damage|p1a: Umbreon|36\/100|[from] Sandstorm\n|-heal|p1a: Umbreon|42\/100|[from] Grassy Terrain\n|-heal|p1a: Umbreon|48\/100|[from] item: Leftovers\n|upkeep\n|turn|5\n|\n|t:|1700860531\n|move|p1a: Umbreon|Protect|p1a: Umbreon\n|-singleturn|p1a: Umbreon|Protect\n|move|p2a: Tyranitar|Stone Edge|p1a: Umbreon\n|-activate|p1a: Umbreon|move: Protect\n|\n|-weather|Sandstorm|[upkeep]\n|-damage|p1a: Umbreon|42\/100|[from] Sandstorm\n|-heal|p1a: Umbreon|92\/100|[from] move: Wish|[wisher] Umbreon\n|-heal|p1a: Umbreon|98\/100|[from] Grassy Terrain\n|-heal|p1a: Umbreon|100\/100|[from] item: Leftovers\n|-fieldend|move: Grassy Terrain\n|upkeep\n|turn|6\n|\n|t:|1700860550\n|move|p2a: Tyranitar|Stone Edge|p1a: Umbreon\n|-damage|p1a: Umbreon|32\/100\n|move|p1a: Umbreon|Wish|p1a: Umbreon\n|\n|-weather|none\n|-heal|p1a: Umbreon|38\/100|[from] item: Leftovers\n|upkeep\n|turn|7\n|\n|t:|1700860563\n|move|p1a: Umbreon|Protect|p1a: Umbreon\n|-singleturn|p1a: Umbreon|Protect\n|move|p2a: Tyranitar|Pursuit|p1a: Umbreon\n|-activate|p1a: Umbreon|move: Protect\n|\n|-heal|p1a: Umbreon|88\/100|[from] move: Wish|[wisher] Umbreon\n|-heal|p1a: Umbreon|94\/100|[from] item: Leftovers\n|upkeep\n|turn|8\n|\n|t:|1700860578\n|move|p1a: Umbreon|Dark Pulse|p2a: Tyranitar\n|-resisted|p2a: Tyranitar\n|-damage|p2a: Tyranitar|95\/100\n|cant|p2a: Tyranitar|flinch\n|\n|-heal|p1a: Umbreon|99\/100|[from] item: Leftovers\n|upkeep\n|turn|9\n|inactive|Battle timer is ON: inactive players will automatically lose when time's up. (requested by Merc30)\n|\n|t:|1700860601\n|move|p1a: Umbreon|Dark Pulse|p2a: Tyranitar\n|-resisted|p2a: Tyranitar\n|-damage|p2a: Tyranitar|89\/100\n|move|p2a: Tyranitar|Dragon Tail|p1a: Umbreon\n|-damage|p1a: Umbreon|74\/100\n|drag|p1a: Aurorus|Aurorus, F|83\/100\n|-weather|Snow|[from] ability: Snow Warning|[of] p1a: Aurorus\n|\n|-weather|Snow|[upkeep]\n|upkeep\n|turn|10\n|\n|t:|1700860617\n|move|p1a: Aurorus|Toxic|p2a: Tyranitar\n|-status|p2a: Tyranitar|tox\n|move|p2a: Tyranitar|Stone Edge|p1a: Aurorus\n|-supereffective|p1a: Aurorus\n|-damage|p1a: Aurorus|0 fnt\n|faint|p1a: Aurorus\n|\n|-weather|Snow|[upkeep]\n|-damage|p2a: Tyranitar|82\/100 tox|[from] psn\n|upkeep\n|\n|t:|1700860630\n|switch|p1a: Regice|Regice|100\/100\n|turn|11\n|\n|t:|1700860643\n|switch|p1a: Umbreon|Umbreon, M|74\/100\n|move|p2a: Tyranitar|Stone Edge|p1a: Umbreon\n|-damage|p1a: Umbreon|8\/100\n|\n|-weather|Snow|[upkeep]\n|-heal|p1a: Umbreon|14\/100|[from] item: Leftovers\n|-damage|p2a: Tyranitar|70\/100 tox|[from] psn\n|upkeep\n|turn|12\n|\n|t:|1700860651\n|move|p1a: Umbreon|Protect|p1a: Umbreon\n|-singleturn|p1a: Umbreon|Protect\n|move|p2a: Tyranitar|Stone Edge|p1a: Umbreon\n|-activate|p1a: Umbreon|move: Protect\n|\n|-weather|Snow|[upkeep]\n|-heal|p1a: Umbreon|20\/100|[from] item: Leftovers\n|-damage|p2a: Tyranitar|51\/100 tox|[from] psn\n|upkeep\n|turn|13\n|\n|t:|1700860657\n|move|p2a: Tyranitar|Stone Edge|p1a: Umbreon\n|-damage|p1a: Umbreon|0 fnt\n|faint|p1a: Umbreon\n|\n|-weather|none\n|-damage|p2a: Tyranitar|26\/100 tox|[from] psn\n|upkeep\n|\n|t:|1700860673\n|switch|p1a: Electivire|Electivire, M|100\/100\n|turn|14\n|\n|t:|1700860683\n|move|p1a: Electivire|Cross Chop|p2a: Tyranitar\n|-supereffective|p2a: Tyranitar\n|-crit|p2a: Tyranitar\n|-damage|p2a: Tyranitar|0 fnt\n|faint|p2a: Tyranitar\n|\n|upkeep\n|\n|t:|1700860689\n|switch|p2a: Azumarill|Azumarill, F|100\/100\n|turn|15\n|\n|t:|1700860692\n|move|p1a: Electivire|Wild Charge|p2a: Azumarill\n|-supereffective|p2a: Azumarill\n|-damage|p2a: Azumarill|0 fnt\n|faint|p2a: Azumarill\n|-damage|p1a: Electivire|66\/100|[from] Recoil\n|\n|upkeep\n|\n|t:|1700860701\n|switch|p2a: Flygon|Flygon, M|100\/100\n|turn|16\n|\n|t:|1700860710\n|move|p2a: Flygon|Earthquake|p1a: Electivire\n|-supereffective|p1a: Electivire\n|-damage|p1a: Electivire|0 fnt\n|faint|p1a: Electivire\n|\n|upkeep\n|\n|t:|1700860720\n|switch|p1a: Reuniclus|Reuniclus, M|100\/100\n|turn|17\n|\n|t:|1700860728\n|switch|p2a: Rillaboom|Rillaboom, M|100\/100 tox\n|-fieldstart|move: Grassy Terrain|[from] ability: Grassy Surge|[of] p2a: Rillaboom\n|move|p1a: Reuniclus|Energy Ball|p2a: Rillaboom\n|-resisted|p2a: Rillaboom\n|-damage|p2a: Rillaboom|81\/100 tox\n|\n|-heal|p2a: Rillaboom|87\/100 tox|[from] Grassy Terrain\n|-heal|p2a: Rillaboom|93\/100 tox|[from] item: Leftovers\n|-damage|p2a: Rillaboom|87\/100 tox|[from] psn\n|upkeep\n|turn|18\n|\n|t:|1700860731\n|move|p2a: Rillaboom|Fake Out|p1a: Reuniclus\n|-damage|p1a: Reuniclus|89\/100\n|-damage|p2a: Rillaboom|71\/100 tox|[from] item: Rocky Helmet|[of] p1a: Reuniclus\n|cant|p1a: Reuniclus|flinch\n|\n|-heal|p2a: Rillaboom|77\/100 tox|[from] Grassy Terrain\n|-heal|p2a: Rillaboom|83\/100 tox|[from] item: Leftovers\n|-heal|p1a: Reuniclus|95\/100|[from] Grassy Terrain\n|-damage|p2a: Rillaboom|71\/100 tox|[from] psn\n|upkeep\n|turn|19\n|\n|t:|1700860746\n|move|p2a: Rillaboom|Leech Seed|p1a: Reuniclus\n|-start|p1a: Reuniclus|move: Leech Seed\n|move|p1a: Reuniclus|Calm Mind|p1a: Reuniclus\n|-boost|p1a: Reuniclus|spa|1\n|-boost|p1a: Reuniclus|spd|1\n|\n|-heal|p2a: Rillaboom|77\/100 tox|[from] Grassy Terrain\n|-heal|p2a: Rillaboom|83\/100 tox|[from] item: Leftovers\n|-heal|p1a: Reuniclus|100\/100|[from] Grassy Terrain\n|-damage|p2a: Rillaboom|64\/100 tox|[from] psn\n|upkeep\n|turn|20\n|\n|t:|1700860753\n|move|p2a: Rillaboom|U-turn|p1a: Reuniclus\n|-supereffective|p1a: Reuniclus\n|-damage|p1a: Reuniclus|57\/100\n|-damage|p2a: Rillaboom|48\/100 tox|[from] item: Rocky Helmet|[of] p1a: Reuniclus\n|\n|t:|1700860760\n|switch|p2a: Corviknight|Corviknight, M|100\/100|[from] U-turn\n|move|p1a: Reuniclus|Energy Ball|p2a: Corviknight\n|-resisted|p2a: Corviknight\n|-damage|p2a: Corviknight|89\/100\n|\n|-heal|p1a: Reuniclus|63\/100|[from] Grassy Terrain\n|upkeep\n|turn|21\n|\n|t:|1700860770\n|move|p2a: Corviknight|U-turn|p1a: Reuniclus\n|-supereffective|p1a: Reuniclus\n|-damage|p1a: Reuniclus|41\/100\n|-damage|p2a: Corviknight|72\/100|[from] item: Rocky Helmet|[of] p1a: Reuniclus\n|\n|t:|1700860776\n|switch|p2a: Flygon|Flygon, M|100\/100|[from] U-turn\n|move|p1a: Reuniclus|Psyshock|p2a: Flygon\n|-damage|p2a: Flygon|27\/100\n|\n|-heal|p1a: Reuniclus|47\/100|[from] Grassy Terrain\n|-fieldend|move: Grassy Terrain\n|upkeep\n|turn|22\n|\n|t:|1700860791\n|move|p2a: Flygon|U-turn|p1a: Reuniclus\n|-supereffective|p1a: Reuniclus\n|-damage|p1a: Reuniclus|13\/100\n|-damage|p2a: Flygon|10\/100|[from] item: Rocky Helmet|[of] p1a: Reuniclus\n|\n|t:|1700860795\n|switch|p2a: Rillaboom|Rillaboom, M|48\/100 tox|[from] U-turn\n|-fieldstart|move: Grassy Terrain|[from] ability: Grassy Surge|[of] p2a: Rillaboom\n|move|p1a: Reuniclus|Recover|p1a: Reuniclus\n|-heal|p1a: Reuniclus|63\/100\n|\n|-heal|p2a: Rillaboom|54\/100 tox|[from] Grassy Terrain\n|-heal|p2a: Rillaboom|60\/100 tox|[from] item: Leftovers\n|-heal|p1a: Reuniclus|69\/100|[from] Grassy Terrain\n|-damage|p2a: Rillaboom|54\/100 tox|[from] psn\n|upkeep\n|turn|23\n|\n|t:|1700860802\n|move|p2a: Rillaboom|U-turn|p1a: Reuniclus\n|-supereffective|p1a: Reuniclus\n|-damage|p1a: Reuniclus|30\/100\n|-damage|p2a: Rillaboom|37\/100 tox|[from] item: Rocky Helmet|[of] p1a: Reuniclus\n|\n|t:|1700860808\n|switch|p2a: Corviknight|Corviknight, M|72\/100|[from] U-turn\n|move|p1a: Reuniclus|Psyshock|p2a: Corviknight\n|-resisted|p2a: Corviknight\n|-damage|p2a: Corviknight|56\/100\n|\n|-heal|p1a: Reuniclus|36\/100|[from] Grassy Terrain\n|upkeep\n|turn|24\n|\n|t:|1700860812\n|move|p2a: Corviknight|Roost|p2a: Corviknight\n|-heal|p2a: Corviknight|100\/100\n|-singleturn|p2a: Corviknight|move: Roost\n|move|p1a: Reuniclus|Recover|p1a: Reuniclus\n|-heal|p1a: Reuniclus|86\/100\n|\n|-heal|p1a: Reuniclus|92\/100|[from] Grassy Terrain\n|upkeep\n|turn|25\n|\n|t:|1700860821\n|move|p2a: Corviknight|U-turn|p1a: Reuniclus\n|-supereffective|p1a: Reuniclus\n|-damage|p1a: Reuniclus|68\/100\n|-damage|p2a: Corviknight|84\/100|[from] item: Rocky Helmet|[of] p1a: Reuniclus\n|\n|t:|1700860823\n|switch|p2a: Rillaboom|Rillaboom, M|37\/100 tox|[from] U-turn\n|move|p1a: Reuniclus|Psyshock|p2a: Rillaboom\n|-damage|p2a: Rillaboom|0 fnt\n|faint|p2a: Rillaboom\n|\n|-heal|p1a: Reuniclus|74\/100|[from] Grassy Terrain\n|upkeep\n|\n|t:|1700860830\n|switch|p2a: Aggron|Aggron, M|100\/100\n|turn|26\n|\n|t:|1700860840\n|move|p2a: Aggron|Power-Up Punch|p1a: Reuniclus\n|-resisted|p1a: Reuniclus\n|-damage|p1a: Reuniclus|70\/100\n|-boost|p2a: Aggron|atk|1\n|-damage|p2a: Aggron|84\/100|[from] item: Rocky Helmet|[of] p1a: Reuniclus\n|move|p1a: Reuniclus|Calm Mind|p1a: Reuniclus\n|-boost|p1a: Reuniclus|spa|1\n|-boost|p1a: Reuniclus|spd|1\n|\n|-heal|p2a: Aggron|90\/100|[from] Grassy Terrain\n|-heal|p1a: Reuniclus|76\/100|[from] Grassy Terrain\n|-fieldend|move: Grassy Terrain\n|upkeep\n|turn|27\n|\n|t:|1700860849\n|move|p2a: Aggron|Heavy Slam|p1a: Reuniclus\n|-damage|p1a: Reuniclus|16\/100\n|-damage|p2a: Aggron|73\/100|[from] item: Rocky Helmet|[of] p1a: Reuniclus\n|move|p1a: Reuniclus|Calm Mind|p1a: Reuniclus\n|-boost|p1a: Reuniclus|spa|1\n|-boost|p1a: Reuniclus|spd|1\n|\n|upkeep\n|turn|28\n|\n|t:|1700860854\n|move|p2a: Aggron|Heavy Slam|p1a: Reuniclus\n|-damage|p1a: Reuniclus|0 fnt\n|-damage|p2a: Aggron|57\/100|[from] item: Rocky Helmet|[of] p1a: Reuniclus\n|faint|p1a: Reuniclus\n|\n|upkeep\n|\n|t:|1700860858\n|switch|p1a: Garchomp|Garchomp, M|100\/100\n|turn|29\n|\n|t:|1700860874\n|detailschange|p1a: Garchomp|Garchomp-Mega, M\n|-mega|p1a: Garchomp|Garchomp|Garchompite\n|-terastallize|p2a: Aggron|Ghost\n|move|p1a: Garchomp|Earthquake|p2a: Aggron\n|-damage|p2a: Aggron|16\/100\n|move|p2a: Aggron|Ice Punch|p1a: Garchomp\n|-supereffective|p1a: Garchomp\n|-damage|p1a: Garchomp|0 fnt\n|faint|p1a: Garchomp\n|\n|upkeep\n|\n|t:|1700860881\n|switch|p1a: Regice|Regice|100\/100\n|turn|30\n|\n|t:|1700860891\n|move|p1a: Regice|Thunderbolt|p2a: Aggron\n|-damage|p2a: Aggron|0 fnt\n|faint|p2a: Aggron\n|\n|upkeep\n|\n|t:|1700860900\n|switch|p2a: Corviknight|Corviknight, M|84\/100\n|turn|31\n|\n|t:|1700860905\n|move|p2a: Corviknight|U-turn|p1a: Regice\n|-damage|p1a: Regice|87\/100\n|\n|t:|1700860907\n|switch|p2a: Flygon|Flygon, M|10\/100|[from] U-turn\n|move|p1a: Regice|Thunderbolt|p2a: Flygon\n|-immune|p2a: Flygon\n|\n|-heal|p1a: Regice|93\/100|[from] item: Leftovers\n|upkeep\n|turn|32\n|\n|t:|1700860911\n|move|p2a: Flygon|Rock Slide|p1a: Regice\n|-supereffective|p1a: Regice\n|-damage|p1a: Regice|53\/100\n|move|p1a: Regice|Ice Beam|p2a: Flygon\n|-supereffective|p2a: Flygon\n|-damage|p2a: Flygon|0 fnt\n|faint|p2a: Flygon\n|\n|-heal|p1a: Regice|59\/100|[from] item: Leftovers\n|upkeep\n|\n|t:|1700860915\n|switch|p2a: Corviknight|Corviknight, M|84\/100\n|turn|33\n|\n|t:|1700860920\n|move|p2a: Corviknight|Brave Bird|p1a: Regice\n|-damage|p1a: Regice|26\/100\n|-damage|p2a: Corviknight|74\/100|[from] Recoil\n|move|p1a: Regice|Ice Beam|p2a: Corviknight\n|-damage|p2a: Corviknight|33\/100\n|\n|-heal|p1a: Regice|32\/100|[from] item: Leftovers\n|upkeep\n|turn|34\n|\n|t:|1700860924\n|move|p2a: Corviknight|Brave Bird|p1a: Regice\n|-damage|p1a: Regice|0 fnt\n|faint|p1a: Regice\n|-damage|p2a: Corviknight|24\/100|[from] Recoil\n|\n|win|Yami Tayori\n|raw|Merc30's rating: 1065 &rarr; <strong>1048<\/strong><br \/>(-17 for losing)\n|raw|Yami Tayori's rating: 1108 &rarr; <strong>1130<\/strong><br \/>(+22 for winning)\n|l|\u2606Merc30\n","uploadtime":1700860932,"views":5,"p1id":"merc30","p2id":"yamitayori","formatid":"gen9nationaldex","rating":1048,"private":0,"password":""}