{"id":"gen9nationaldex-1995700521","p1":"Orangesodapop","p2":"Scornfulbreak80","format":"[Gen 9] National Dex","log":"|html|<div class=\"broadcast-blue\"><strong>[Gen 9] National Dex is currently suspecting Sneasler! For information on how to participate check out the <a href=\"https:\/\/www.smogon.com\/forums\/threads\/sv-national-dex-suspect-8-just-dance.3731534\/\">suspect thread<\/a>.<\/strong><\/div>\n|j|\u2606Orangesodapop\n|j|\u2606Scornfulbreak80\n|t:|1700595146\n|gametype|singles\n|player|p1|Orangesodapop|crasherwake|1605\n|player|p2|Scornfulbreak80|cynthia-gen4|1577\n|teamsize|p1|6\n|teamsize|p2|6\n|gen|9\n|tier|[Gen 9] National Dex\n|rated|\n|rule|HP Percentage Mod: HP is shown in percentages\n|rule|Endless Battle Clause: Forcing endless battles is banned\n|rule|OHKO Clause: OHKO moves are banned\n|rule|Evasion Clause: Evasion abilities, items, and moves are banned\n|rule|Evasion Abilities Clause: Evasion abilities are banned\n|rule|Evasion Items Clause: Evasion items are banned\n|rule|Evasion Moves Clause: Evasion moves are banned\n|rule|Species Clause: Limit one of each Pok\u00e9mon\n|rule|Sleep Clause Mod: Limit one foe put to sleep\n|clearpoke\n|poke|p1|Mawile, M|\n|poke|p1|Rotom-Wash|\n|poke|p1|Cinderace, M|\n|poke|p1|Slowking-Galar, M|\n|poke|p1|Samurott-Hisui, F|\n|poke|p1|Landorus-Therian, M|\n|poke|p2|Blissey, F|\n|poke|p2|Zapdos|\n|poke|p2|Ogerpon-Wellspring, F|\n|poke|p2|Banette, M|\n|poke|p2|Ursaluna, M|\n|poke|p2|Alomomola, F|\n|teampreview\n|inactive|Battle timer is ON: inactive players will automatically lose when time's up. (requested by Scornfulbreak80)\n|\n|t:|1700595162\n|start\n|switch|p1a: Samurott|Samurott-Hisui, F|100\/100\n|switch|p2a: Alomomola|Alomomola, F|100\/100\n|turn|1\n|\n|t:|1700595165\n|move|p1a: Samurott|Ceaseless Edge|p2a: Alomomola|[miss]\n|-miss|p1a: Samurott|p2a: Alomomola\n|move|p2a: Alomomola|Knock Off|p1a: Samurott\n|-resisted|p1a: Samurott\n|-damage|p1a: Samurott|89\/100\n|-enditem|p1a: Samurott|Black Glasses|[from] move: Knock Off|[of] p2a: Alomomola\n|\n|upkeep\n|turn|2\n|\n|t:|1700595168\n|move|p1a: Samurott|Ceaseless Edge|p2a: Alomomola|[miss]\n|-miss|p1a: Samurott|p2a: Alomomola\n|move|p2a: Alomomola|Flip Turn|p1a: Samurott\n|-resisted|p1a: Samurott\n|-damage|p1a: Samurott|79\/100\n|\n|t:|1700595173\n|switch|p2a: Ogerpon|Ogerpon-Wellspring, F|100\/100|[from] Flip Turn\n|\n|upkeep\n|turn|3\n|\n|t:|1700595177\n|switch|p1a: Slowking|Slowking-Galar, M|100\/100\n|move|p2a: Ogerpon|Horn Leech|p1a: Slowking\n|-resisted|p1a: Slowking\n|-damage|p1a: Slowking|84\/100\n|\n|upkeep\n|turn|4\n|\n|t:|1700595184\n|switch|p2a: Blissey|Blissey, F|100\/100\n|move|p1a: Slowking|Future Sight|p2a: Blissey\n|-start|p1a: Slowking|move: Future Sight\n|\n|upkeep\n|turn|5\n|\n|t:|1700595186\n|move|p1a: Slowking|Chilly Reception|p1a: Slowking\n|-weather|Snow\n|\n|t:|1700595188\n|switch|p1a: Mawile|Mawile, M|100\/100|[from] Chilly Reception\n|-ability|p1a: Mawile|Intimidate|boost\n|-unboost|p2a: Blissey|atk|1\n|move|p2a: Blissey|Teleport|p2a: Blissey\n|\n|t:|1700595201\n|switch|p2a: Alomomola|Alomomola, F|100\/100|[from] Teleport\n|\n|-weather|Snow|[upkeep]\n|upkeep\n|turn|6\n|\n|t:|1700595206\n|detailschange|p1a: Mawile|Mawile-Mega, M\n|-mega|p1a: Mawile|Mawile|Mawilite\n|move|p2a: Alomomola|Protect|p2a: Alomomola\n|-singleturn|p2a: Alomomola|Protect\n|move|p1a: Mawile|Swords Dance|p1a: Mawile\n|-boost|p1a: Mawile|atk|2\n|\n|-weather|Snow|[upkeep]\n|-end|p2a: Alomomola|move: Future Sight\n|-damage|p2a: Alomomola|45\/100\n|upkeep\n|turn|7\n|\n|t:|1700595232\n|move|p1a: Mawile|Knock Off|p2a: Alomomola\n|-damage|p2a: Alomomola|0 fnt\n|-enditem|p2a: Alomomola|Heavy-Duty Boots|[from] move: Knock Off|[of] p1a: Mawile\n|faint|p2a: Alomomola\n|\n|-weather|Snow|[upkeep]\n|upkeep\n|\n|t:|1700595234\n|switch|p2a: Banette|Banette, M|100\/100\n|-item|p1a: Mawile|Mawilite|[from] ability: Frisk|[of] p2a: Banette|[identify]\n|turn|8\n|\n|t:|1700595237\n|switch|p1a: Samurott|Samurott-Hisui, F|79\/100\n|detailschange|p2a: Banette|Banette-Mega, M\n|-mega|p2a: Banette|Banette|Banettite\n|move|p2a: Banette|Will-O-Wisp|p1a: Samurott\n|-hint|Since gen 7, Dark is immune to Prankster moves.\n|-immune|p1a: Samurott\n|\n|-weather|Snow|[upkeep]\n|upkeep\n|turn|9\n|\n|t:|1700595246\n|switch|p2a: Ursaluna|Ursaluna, M|100\/100\n|move|p1a: Samurott|Ceaseless Edge|p2a: Ursaluna\n|-damage|p2a: Ursaluna|66\/100\n|-sidestart|p2: Scornfulbreak80|Spikes\n|\n|-weather|none\n|-status|p2a: Ursaluna|brn|[from] item: Flame Orb\n|upkeep\n|turn|10\n|\n|t:|1700595250\n|-terastallize|p2a: Ursaluna|Normal\n|move|p1a: Samurott|Razor Shell|p2a: Ursaluna\n|-damage|p2a: Ursaluna|25\/100 brn\n|move|p2a: Ursaluna|Facade|p1a: Samurott\n|-damage|p1a: Samurott|0 fnt\n|faint|p1a: Samurott\n|\n|-damage|p2a: Ursaluna|19\/100 brn|[from] brn\n|upkeep\n|\n|t:|1700595253\n|switch|p1a: Cinderace|Cinderace, M|100\/100\n|turn|11\n|\n|t:|1700595263\n|move|p1a: Cinderace|Pyro Ball|p2a: Ursaluna\n|-crit|p2a: Ursaluna\n|-damage|p2a: Ursaluna|0 fnt\n|faint|p2a: Ursaluna\n|\n|upkeep\n|\n|t:|1700595267\n|switch|p2a: Ogerpon|Ogerpon-Wellspring, F|100\/100\n|-damage|p2a: Ogerpon|88\/100|[from] Spikes\n|turn|12\n|\n|t:|1700595272\n|move|p1a: Cinderace|U-turn|p2a: Ogerpon\n|-start|p1a: Cinderace|typechange|Bug|[from] ability: Libero\n|-supereffective|p2a: Ogerpon\n|-damage|p2a: Ogerpon|6\/100\n|\n|t:|1700595278\n|switch|p1a: Slowking|Slowking-Galar, M|100\/100|[from] U-turn\n|move|p2a: Ogerpon|Ivy Cudgel|p1a: Slowking|[anim] Ivy Cudgel Water\n|-damage|p1a: Slowking|60\/100\n|\n|upkeep\n|turn|13\n|\n|t:|1700595284\n|move|p2a: Ogerpon|Ivy Cudgel|p1a: Slowking|[anim] Ivy Cudgel Water\n|-damage|p1a: Slowking|20\/100\n|move|p1a: Slowking|Sludge Bomb|p2a: Ogerpon\n|-supereffective|p2a: Ogerpon\n|-damage|p2a: Ogerpon|0 fnt\n|faint|p2a: Ogerpon\n|\n|upkeep\n|\n|t:|1700595290\n|switch|p2a: Banette|Banette-Mega, M|100\/100\n|-damage|p2a: Banette|88\/100|[from] Spikes\n|turn|14\n|\n|t:|1700595293\n|switch|p1a: Landorus|Landorus-Therian, M|100\/100\n|-ability|p1a: Landorus|Intimidate|boost\n|-unboost|p2a: Banette|atk|1\n|move|p2a: Banette|Poltergeist|p1a: Landorus|[miss]\n|-miss|p2a: Banette|p1a: Landorus\n|\n|upkeep\n|turn|15\n|\n|t:|1700595298\n|switch|p1a: Cinderace|Cinderace, M|100\/100\n|move|p2a: Banette|Will-O-Wisp|p1a: Cinderace\n|-immune|p1a: Cinderace\n|\n|upkeep\n|turn|16\n|\n|t:|1700595302\n|move|p1a: Cinderace|Pyro Ball|p2a: Banette\n|-damage|p2a: Banette|22\/100\n|move|p2a: Banette|Poltergeist|p1a: Cinderace\n|-activate|p1a: Cinderace|move: Poltergeist|Heavy-Duty Boots\n|-damage|p1a: Cinderace|37\/100\n|\n|upkeep\n|turn|17\n|\n|t:|1700595307\n|move|p2a: Banette|Destiny Bond|p2a: Banette\n|-singlemove|p2a: Banette|Destiny Bond\n|move|p1a: Cinderace|U-turn|p2a: Banette\n|-start|p1a: Cinderace|typechange|Bug|[from] ability: Libero\n|-resisted|p2a: Banette\n|-damage|p2a: Banette|4\/100\n|\n|t:|1700595314\n|switch|p1a: Landorus|Landorus-Therian, M|100\/100|[from] U-turn\n|-ability|p1a: Landorus|Intimidate|boost\n|-unboost|p2a: Banette|atk|1\n|\n|upkeep\n|turn|18\n|\n|t:|1700595321\n|move|p1a: Landorus|Stealth Rock|p2a: Banette\n|-sidestart|p2: Scornfulbreak80|move: Stealth Rock\n|move|p2a: Banette|Poltergeist|p1a: Landorus\n|-activate|p1a: Landorus|move: Poltergeist|Rocky Helmet\n|-damage|p1a: Landorus|73\/100\n|\n|upkeep\n|turn|19\n|\n|t:|1700595327\n|switch|p1a: Slowking|Slowking-Galar, M|53\/100\n|move|p2a: Banette|Destiny Bond|p2a: Banette\n|-singlemove|p2a: Banette|Destiny Bond\n|\n|upkeep\n|turn|20\n|\n|t:|1700595336\n|switch|p1a: Landorus|Landorus-Therian, M|73\/100\n|-ability|p1a: Landorus|Intimidate|boost\n|-unboost|p2a: Banette|atk|1\n|move|p2a: Banette|Poltergeist|p1a: Landorus\n|-activate|p1a: Landorus|move: Poltergeist|Rocky Helmet\n|-damage|p1a: Landorus|50\/100\n|\n|upkeep\n|turn|21\n|\n|t:|1700595345\n|switch|p1a: Cinderace|Cinderace, M|37\/100\n|move|p2a: Banette|Destiny Bond|p2a: Banette\n|-singlemove|p2a: Banette|Destiny Bond\n|\n|upkeep\n|turn|22\n|\n|t:|1700595350\n|move|p2a: Banette|Taunt|p1a: Cinderace\n|-start|p1a: Cinderace|move: Taunt\n|move|p1a: Cinderace|U-turn|p2a: Banette\n|-start|p1a: Cinderace|typechange|Bug|[from] ability: Libero\n|-resisted|p2a: Banette\n|-damage|p2a: Banette|0 fnt\n|faint|p2a: Banette\n|\n|t:|1700595357\n|switch|p1a: Landorus|Landorus-Therian, M|50\/100|[from] U-turn\n|\n|upkeep\n|-message|Scornfulbreak80 forfeited.\n|\n|win|Orangesodapop\n|raw|Orangesodapop's rating: 1605 &rarr; <strong>1623<\/strong><br \/>(+18 for winning)\n|raw|Scornfulbreak80's rating: 1577 &rarr; <strong>1559<\/strong><br \/>(-18 for losing)\n|l|\u2606Scornfulbreak80\n","uploadtime":1700595400,"views":2,"p1id":"orangesodapop","p2id":"scornfulbreak80","formatid":"gen9nationaldex","rating":1559,"private":0,"password":""}