{"id":"gen9nationaldex-1990622240","p1":"Harlan820","p2":"GhtgvdeYghggyui","format":"[Gen 9] National Dex","log":"|j|\u2606Harlan820\n|j|\u2606GhtgvdeYghggyui\n|t:|1699986476\n|gametype|singles\n|player|p1|Harlan820|riley|1030\n|player|p2|GhtgvdeYghggyui|unknown|1046\n|teamsize|p1|6\n|teamsize|p2|6\n|gen|9\n|tier|[Gen 9] National Dex\n|rated|\n|rule|HP Percentage Mod: HP is shown in percentages\n|rule|Endless Battle Clause: Forcing endless battles is banned\n|rule|OHKO Clause: OHKO moves are banned\n|rule|Evasion Clause: Evasion abilities, items, and moves are banned\n|rule|Evasion Abilities Clause: Evasion abilities are banned\n|rule|Evasion Items Clause: Evasion items are banned\n|rule|Evasion Moves Clause: Evasion moves are banned\n|rule|Species Clause: Limit one of each Pok\u00e9mon\n|rule|Sleep Clause Mod: Limit one foe put to sleep\n|clearpoke\n|poke|p1|Machamp, F|\n|poke|p1|Escavalier, F|\n|poke|p1|Electivire, F|\n|poke|p1|Swampert, M|\n|poke|p1|Rabsca, M|\n|poke|p1|Mr. Rime, M|\n|poke|p2|Ferrothorn, F|\n|poke|p2|Iron Hands|\n|poke|p2|Volcarona, M|\n|poke|p2|Dragonite, F|\n|poke|p2|Garganacl, F|\n|poke|p2|Urshifu-*, F|\n|teampreview\n|\n|t:|1699986482\n|start\n|switch|p1a: Escavalier|Escavalier, F|100\/100\n|switch|p2a: Garganacl|Garganacl, F, shiny|100\/100\n|turn|1\n|c|\u2606GhtgvdeYghggyui|glhf\n|\n|t:|1699986493\n|move|p2a: Garganacl|Stealth Rock|p1a: Escavalier\n|-sidestart|p1: Harlan820|move: Stealth Rock\n|move|p1a: Escavalier|Swords Dance|p1a: Escavalier\n|-boost|p1a: Escavalier|atk|2\n|\n|upkeep\n|turn|2\n|c|\u2606Harlan820|you too\n|\n|t:|1699986501\n|move|p2a: Garganacl|Salt Cure|p1a: Escavalier\n|-damage|p1a: Escavalier|82\/100\n|-start|p1a: Escavalier|Salt Cure\n|move|p1a: Escavalier|Razor Shell|p2a: Garganacl\n|-supereffective|p2a: Garganacl\n|-damage|p2a: Garganacl|29\/100\n|\n|-heal|p2a: Garganacl|35\/100|[from] item: Leftovers\n|-damage|p1a: Escavalier|57\/100|[from] Salt Cure\n|upkeep\n|turn|3\n|\n|t:|1699986520\n|move|p2a: Garganacl|Ice Punch|p1a: Escavalier\n|-resisted|p1a: Escavalier\n|-damage|p1a: Escavalier|46\/100\n|move|p1a: Escavalier|Razor Shell|p2a: Garganacl\n|-supereffective|p2a: Garganacl\n|-damage|p2a: Garganacl|0 fnt\n|faint|p2a: Garganacl\n|\n|-damage|p1a: Escavalier|21\/100|[from] Salt Cure\n|upkeep\n|\n|t:|1699986530\n|switch|p2a: Ferrothorn|Ferrothorn, F, shiny|100\/100\n|turn|4\n|\n|t:|1699986537\n|move|p1a: Escavalier|Razor Shell|p2a: Ferrothorn|[miss]\n|-miss|p1a: Escavalier|p2a: Ferrothorn\n|move|p2a: Ferrothorn|Iron Defense|p2a: Ferrothorn\n|-boost|p2a: Ferrothorn|def|2\n|\n|-damage|p1a: Escavalier|0 fnt|[from] Salt Cure\n|faint|p1a: Escavalier\n|upkeep\n|\n|t:|1699986546\n|switch|p1a: Mr. Rime|Mr. Rime, M|100\/100\n|-damage|p1a: Mr. Rime|76\/100|[from] Stealth Rock\n|turn|5\n|\n|t:|1699986552\n|move|p1a: Mr. Rime|Rapid Spin|p2a: Ferrothorn\n|-resisted|p2a: Ferrothorn\n|-damage|p2a: Ferrothorn|99\/100\n|-boost|p1a: Mr. Rime|spe|1\n|-damage|p1a: Mr. Rime|63\/100|[from] ability: Iron Barbs|[of] p2a: Ferrothorn\n|-damage|p1a: Mr. Rime|47\/100|[from] item: Rocky Helmet|[of] p2a: Ferrothorn\n|-sideend|p1: Harlan820|Stealth Rock|[from] move: Rapid Spin|[of] p1a: Mr. Rime\n|move|p2a: Ferrothorn|Leech Seed|p1a: Mr. Rime|[miss]\n|-miss|p2a: Ferrothorn|p1a: Mr. Rime\n|\n|upkeep\n|turn|6\n|\n|t:|1699986562\n|move|p1a: Mr. Rime|Psychic Terrain|p1a: Mr. Rime\n|-fieldstart|move: Psychic Terrain\n|move|p2a: Ferrothorn|Leech Seed|p1a: Mr. Rime\n|-start|p1a: Mr. Rime|move: Leech Seed\n|\n|-damage|p1a: Mr. Rime|34\/100|[from] Leech Seed|[of] p2a: Ferrothorn\n|-heal|p2a: Ferrothorn|100\/100|[silent]\n|upkeep\n|turn|7\n|\n|t:|1699986568\n|move|p1a: Mr. Rime|Expanding Force|p2a: Ferrothorn\n|-resisted|p2a: Ferrothorn\n|-damage|p2a: Ferrothorn|75\/100\n|move|p2a: Ferrothorn|Iron Defense|p2a: Ferrothorn\n|-boost|p2a: Ferrothorn|def|2\n|\n|-damage|p1a: Mr. Rime|22\/100|[from] Leech Seed|[of] p2a: Ferrothorn\n|-heal|p2a: Ferrothorn|88\/100|[silent]\n|upkeep\n|turn|8\n|\n|t:|1699986576\n|move|p1a: Mr. Rime|Expanding Force|p2a: Ferrothorn\n|-resisted|p2a: Ferrothorn\n|-damage|p2a: Ferrothorn|61\/100\n|move|p2a: Ferrothorn|Giga Drain|p1a: Mr. Rime\n|-damage|p1a: Mr. Rime|4\/100\n|-heal|p2a: Ferrothorn|71\/100|[from] drain|[of] p1a: Mr. Rime\n|\n|-damage|p1a: Mr. Rime|0 fnt|[from] Leech Seed|[of] p2a: Ferrothorn\n|-heal|p2a: Ferrothorn|75\/100|[silent]\n|faint|p1a: Mr. Rime\n|upkeep\n|\n|t:|1699986585\n|switch|p1a: Rabsca|Rabsca, M|100\/100\n|turn|9\n|\n|t:|1699986591\n|move|p1a: Rabsca|Revival Blessing|p1a: Rabsca\n|\n|t:|1699986593\n|-heal|p1: Mr. Rime|50\/100|[from] move: Revival Blessing\n|move|p2a: Ferrothorn|Leech Seed|p1a: Rabsca\n|-start|p1a: Rabsca|move: Leech Seed\n|\n|-damage|p1a: Rabsca|88\/100|[from] Leech Seed|[of] p2a: Ferrothorn\n|-heal|p2a: Ferrothorn|88\/100|[silent]\n|upkeep\n|turn|10\n|\n|t:|1699986605\n|switch|p2a: Volcarona|Volcarona, M, shiny|100\/100\n|move|p1a: Rabsca|Psychic|p2a: Volcarona\n|-damage|p2a: Volcarona|52\/100\n|\n|-damage|p1a: Rabsca|76\/100|[from] Leech Seed|[of] p2a: Volcarona\n|-heal|p2a: Volcarona|65\/100|[silent]\n|-fieldend|move: Psychic Terrain\n|upkeep\n|turn|11\n|\n|t:|1699986613\n|move|p2a: Volcarona|Flamethrower|p1a: Rabsca\n|-supereffective|p1a: Rabsca\n|-damage|p1a: Rabsca|0 fnt\n|faint|p1a: Rabsca\n|\n|upkeep\n|\n|t:|1699986618\n|switch|p1a: Electivire|Electivire, F|100\/100\n|turn|12\n|\n|t:|1699986624\n|switch|p2a: Dragonite|Dragonite, F, shiny|100\/100\n|move|p1a: Electivire|Rain Dance|p1a: Electivire\n|-weather|RainDance\n|\n|-weather|RainDance|[upkeep]\n|upkeep\n|turn|13\n|\n|t:|1699986631\n|move|p1a: Electivire|Thunder|p2a: Dragonite\n|-damage|p2a: Dragonite|84\/100\n|-status|p2a: Dragonite|par\n|move|p2a: Dragonite|Earthquake|p1a: Electivire\n|-supereffective|p1a: Electivire\n|-damage|p1a: Electivire|14\/100\n|\n|-weather|RainDance|[upkeep]\n|upkeep\n|turn|14\n|\n|t:|1699986638\n|move|p2a: Dragonite|Extreme Speed|p1a: Electivire\n|-damage|p1a: Electivire|0 fnt\n|faint|p1a: Electivire\n|\n|-weather|RainDance|[upkeep]\n|upkeep\n|\n|t:|1699986644\n|switch|p1a: Mr. Rime|Mr. Rime, M|50\/100\n|turn|15\n|\n|t:|1699986648\n|switch|p2a: Ferrothorn|Ferrothorn, F, shiny|88\/100\n|move|p1a: Mr. Rime|Triple Axel|p2a: Ferrothorn\n|-damage|p2a: Ferrothorn|83\/100\n|-damage|p1a: Mr. Rime|38\/100|[from] ability: Iron Barbs|[of] p2a: Ferrothorn\n|-damage|p1a: Mr. Rime|21\/100|[from] item: Rocky Helmet|[of] p2a: Ferrothorn\n|-damage|p2a: Ferrothorn|74\/100\n|-damage|p1a: Mr. Rime|9\/100|[from] ability: Iron Barbs|[of] p2a: Ferrothorn\n|-damage|p1a: Mr. Rime|0 fnt|[from] item: Rocky Helmet|[of] p2a: Ferrothorn\n|faint|p1a: Mr. Rime\n|-hitcount|p2a: Ferrothorn|2\n|\n|-weather|RainDance|[upkeep]\n|upkeep\n|c|\u2606GhtgvdeYghggyui|gg\n|\n|t:|1699986661\n|switch|p1a: Swampert|Swampert, M|100\/100\n|turn|16\n|c|\u2606GhtgvdeYghggyui|Ferrothorn fuck everybody\n|\n|t:|1699986671\n|detailschange|p1a: Swampert|Swampert-Mega, M\n|-mega|p1a: Swampert|Swampert|Swampertite\n|move|p1a: Swampert|Seismic Toss|p2a: Ferrothorn\n|-damage|p2a: Ferrothorn|43\/100\n|-damage|p1a: Swampert|88\/100|[from] ability: Iron Barbs|[of] p2a: Ferrothorn\n|-damage|p1a: Swampert|72\/100|[from] item: Rocky Helmet|[of] p2a: Ferrothorn\n|move|p2a: Ferrothorn|Leech Seed|p1a: Swampert\n|-start|p1a: Swampert|move: Leech Seed\n|\n|-weather|none\n|-damage|p1a: Swampert|59\/100|[from] Leech Seed|[of] p2a: Ferrothorn\n|-heal|p2a: Ferrothorn|57\/100|[silent]\n|upkeep\n|turn|17\n|\n|t:|1699986683\n|move|p1a: Swampert|Seismic Toss|p2a: Ferrothorn\n|-damage|p2a: Ferrothorn|25\/100\n|-damage|p1a: Swampert|47\/100|[from] ability: Iron Barbs|[of] p2a: Ferrothorn\n|-damage|p1a: Swampert|30\/100|[from] item: Rocky Helmet|[of] p2a: Ferrothorn\n|move|p2a: Ferrothorn|Giga Drain|p1a: Swampert\n|-supereffective|p1a: Swampert\n|-damage|p1a: Swampert|0 fnt\n|-heal|p2a: Ferrothorn|43\/100|[from] drain|[of] p1a: Swampert\n|faint|p1a: Swampert\n|\n|upkeep\n|\n|t:|1699986693\n|switch|p1a: Machamp|Machamp, F|100\/100\n|turn|18\n|\n|t:|1699986697\n|move|p1a: Machamp|Bulk Up|p1a: Machamp\n|-boost|p1a: Machamp|atk|1\n|-boost|p1a: Machamp|def|1\n|move|p2a: Ferrothorn|Leech Seed|p1a: Machamp\n|-start|p1a: Machamp|move: Leech Seed\n|\n|-damage|p1a: Machamp|88\/100|[from] Leech Seed|[of] p2a: Ferrothorn\n|-heal|p2a: Ferrothorn|57\/100|[silent]\n|-status|p1a: Machamp|brn|[from] item: Flame Orb\n|upkeep\n|turn|19\n|\n|t:|1699986705\n|move|p1a: Machamp|Facade|p2a: Ferrothorn\n|-resisted|p2a: Ferrothorn\n|-damage|p2a: Ferrothorn|19\/100\n|-damage|p1a: Machamp|76\/100 brn|[from] ability: Iron Barbs|[of] p2a: Ferrothorn\n|-damage|p1a: Machamp|59\/100 brn|[from] item: Rocky Helmet|[of] p2a: Ferrothorn\n|move|p2a: Ferrothorn|Giga Drain|p1a: Machamp\n|-damage|p1a: Machamp|40\/100 brn\n|-heal|p2a: Ferrothorn|30\/100|[from] drain|[of] p1a: Machamp\n|\n|-damage|p1a: Machamp|28\/100 brn|[from] Leech Seed|[of] p2a: Ferrothorn\n|-heal|p2a: Ferrothorn|44\/100|[silent]\n|-damage|p1a: Machamp|22\/100 brn|[from] brn\n|upkeep\n|turn|20\n|\n|t:|1699986717\n|move|p1a: Machamp|Power-Up Punch|p2a: Ferrothorn\n|-supereffective|p2a: Ferrothorn\n|-damage|p2a: Ferrothorn|0 fnt\n|-boost|p1a: Machamp|atk|1\n|-damage|p1a: Machamp|9\/100 brn|[from] ability: Iron Barbs|[of] p2a: Ferrothorn\n|-damage|p1a: Machamp|0 fnt|[from] item: Rocky Helmet|[of] p2a: Ferrothorn\n|faint|p2a: Ferrothorn\n|faint|p1a: Machamp\n|\n|win|GhtgvdeYghggyui\n|raw|Harlan820's rating: 1030 &rarr; <strong>1016<\/strong><br \/>(-14 for losing)\n|raw|GhtgvdeYghggyui's rating: 1046 &rarr; <strong>1078<\/strong><br \/>(+32 for winning)\n","uploadtime":1699986669,"views":3,"p1id":"harlan820","p2id":"ghtgvdeyghggyui","formatid":"gen9nationaldex","rating":1016,"private":0,"password":""}