{"id":"gen9nationaldex-1991089339","p1":"daniel241595","p2":"SolidExile","format":"[Gen 9] National Dex","log":"|j|\u2606daniel241595\n|j|\u2606SolidExile\n|t:|1700041166\n|gametype|singles\n|player|p1|daniel241595|gambler|1398\n|player|p2|SolidExile|iris-gen5bw2|1294\n|teamsize|p1|6\n|teamsize|p2|6\n|gen|9\n|tier|[Gen 9] National Dex\n|rated|\n|rule|HP Percentage Mod: HP is shown in percentages\n|rule|Endless Battle Clause: Forcing endless battles is banned\n|rule|OHKO Clause: OHKO moves are banned\n|rule|Evasion Clause: Evasion abilities, items, and moves are banned\n|rule|Evasion Abilities Clause: Evasion abilities are banned\n|rule|Evasion Items Clause: Evasion items are banned\n|rule|Evasion Moves Clause: Evasion moves are banned\n|rule|Species Clause: Limit one of each Pok\u00e9mon\n|rule|Sleep Clause Mod: Limit one foe put to sleep\n|clearpoke\n|poke|p1|Arcanine, M|\n|poke|p1|Flygon, F|\n|poke|p1|Empoleon, M|\n|poke|p1|Eelektross, F|\n|poke|p1|Florges, F|\n|poke|p1|Kleavor, M|\n|poke|p2|Dusclops, F|\n|poke|p2|Lopunny, F|\n|poke|p2|Garganacl, M|\n|poke|p2|Kommo-o, F|\n|poke|p2|Nidoking, M|\n|poke|p2|Moltres|\n|teampreview\n|inactive|Battle timer is ON: inactive players will automatically lose when time's up. (requested by SolidExile)\n|\n|t:|1700041196\n|start\n|switch|p1a: Eelektross|Eelektross, F|100\/100\n|switch|p2a: Kommo-o|Kommo-o, F|100\/100\n|turn|1\n|\n|t:|1700041204\n|move|p2a: Kommo-o|Clangorous Soul|p2a: Kommo-o\n|-boost|p2a: Kommo-o|atk|1\n|-boost|p2a: Kommo-o|def|1\n|-boost|p2a: Kommo-o|spa|1\n|-boost|p2a: Kommo-o|spd|1\n|-boost|p2a: Kommo-o|spe|1\n|-damage|p2a: Kommo-o|68\/100\n|-enditem|p2a: Kommo-o|Throat Spray\n|-boost|p2a: Kommo-o|spa|1|[from] item: Throat Spray\n|move|p1a: Eelektross|Dragon Tail|p2a: Kommo-o\n|-supereffective|p2a: Kommo-o\n|-damage|p2a: Kommo-o|46\/100\n|drag|p2a: Lopunny|Lopunny, F|100\/100\n|\n|upkeep\n|turn|2\n|\n|t:|1700041214\n|switch|p1a: Florges|Florges, F|100\/100\n|detailschange|p2a: Lopunny|Lopunny-Mega, F\n|-mega|p2a: Lopunny|Lopunny|Lopunnite\n|move|p2a: Lopunny|Fake Out|p1a: Florges\n|-damage|p1a: Florges|80\/100\n|\n|-heal|p1a: Florges|86\/100|[from] item: Leftovers\n|upkeep\n|turn|3\n|\n|t:|1700041232\n|switch|p2a: Kommo-o|Kommo-o, F|46\/100\n|move|p1a: Florges|Moonblast|p2a: Kommo-o\n|-supereffective|p2a: Kommo-o\n|-damage|p2a: Kommo-o|0 fnt\n|faint|p2a: Kommo-o\n|\n|-heal|p1a: Florges|92\/100|[from] item: Leftovers\n|upkeep\n|\n|t:|1700041237\n|switch|p2a: Nidoking|Nidoking, M|100\/100\n|turn|4\n|\n|t:|1700041260\n|switch|p1a: Eelektross|Eelektross, F|100\/100\n|move|p2a: Nidoking|Sludge Wave|p1a: Eelektross\n|-damage|p1a: Eelektross|53\/100\n|\n|upkeep\n|turn|5\n|\n|t:|1700041270\n|-terastallize|p2a: Nidoking|Water\n|move|p2a: Nidoking|Sludge Wave|p1a: Eelektross\n|-damage|p1a: Eelektross|5\/100\n|move|p1a: Eelektross|Giga Drain|p2a: Nidoking\n|-supereffective|p2a: Nidoking\n|-damage|p2a: Nidoking|35\/100\n|-heal|p1a: Eelektross|31\/100|[from] drain|[of] p2a: Nidoking\n|\n|upkeep\n|turn|6\n|\n|t:|1700041287\n|move|p2a: Nidoking|Sludge Wave|p1a: Eelektross\n|-damage|p1a: Eelektross|0 fnt\n|faint|p1a: Eelektross\n|\n|upkeep\n|\n|t:|1700041300\n|switch|p1a: Kleavor|Kleavor, M|100\/100\n|turn|7\n|\n|t:|1700041304\n|move|p1a: Kleavor|Stone Axe|p2a: Nidoking\n|-damage|p2a: Nidoking|0 fnt\n|-sidestart|p2: SolidExile|move: Stealth Rock\n|faint|p2a: Nidoking\n|\n|upkeep\n|\n|t:|1700041310\n|switch|p2a: Dusclops|Dusclops, F|100\/100\n|-damage|p2a: Dusclops|88\/100|[from] Stealth Rock\n|-item|p1a: Kleavor|Choice Scarf|[from] ability: Frisk|[of] p2a: Dusclops|[identify]\n|turn|8\n|\n|t:|1700041326\n|switch|p1a: Arcanine|Arcanine, M, shiny|100\/100\n|-ability|p1a: Arcanine|Intimidate|boost\n|-unboost|p2a: Dusclops|atk|1\n|move|p2a: Dusclops|Toxic|p1a: Arcanine\n|-status|p1a: Arcanine|tox\n|\n|-damage|p1a: Arcanine|94\/100 tox|[from] psn\n|upkeep\n|turn|9\n|\n|t:|1700041335\n|switch|p1a: Kleavor|Kleavor, M|100\/100\n|move|p2a: Dusclops|Pain Split|p1a: Kleavor\n|-sethp|p1a: Kleavor|85\/100|[from] move: Pain Split|[silent]\n|-sethp|p2a: Dusclops|100\/100|[from] move: Pain Split\n|\n|upkeep\n|turn|10\n|\n|t:|1700041340\n|move|p1a: Kleavor|Knock Off|p2a: Dusclops\n|-supereffective|p2a: Dusclops\n|-damage|p2a: Dusclops|53\/100\n|-enditem|p2a: Dusclops|Eviolite|[from] move: Knock Off|[of] p1a: Kleavor\n|move|p2a: Dusclops|Toxic|p1a: Kleavor\n|-status|p1a: Kleavor|tox\n|\n|-damage|p1a: Kleavor|79\/100 tox|[from] psn\n|upkeep\n|turn|11\n|\n|t:|1700041348\n|move|p1a: Kleavor|Knock Off|p2a: Dusclops\n|-supereffective|p2a: Dusclops\n|-damage|p2a: Dusclops|3\/100\n|move|p2a: Dusclops|Pain Split|p1a: Kleavor\n|-sethp|p1a: Kleavor|40\/100 tox|[from] move: Pain Split|[silent]\n|-sethp|p2a: Dusclops|51\/100|[from] move: Pain Split\n|\n|-damage|p1a: Kleavor|28\/100 tox|[from] psn\n|upkeep\n|turn|12\n|\n|t:|1700041357\n|switch|p1a: Florges|Florges, F|92\/100\n|switch|p2a: Moltres|Moltres|100\/100\n|-damage|p2a: Moltres|51\/100|[from] Stealth Rock\n|\n|-heal|p2a: Moltres|57\/100|[from] item: Leftovers\n|-heal|p1a: Florges|99\/100|[from] item: Leftovers\n|upkeep\n|turn|13\n|\n|t:|1700041364\n|switch|p1a: Empoleon|Empoleon, M|100\/100\n|move|p2a: Moltres|Defog|p1a: Empoleon\n|-unboost|p1a: Empoleon|evasion|1\n|-ability|p1a: Empoleon|Competitive|boost\n|-boost|p1a: Empoleon|spa|2\n|-sideend|p2: SolidExile|Stealth Rock|[from] move: Defog|[of] p2a: Moltres\n|\n|-heal|p2a: Moltres|63\/100|[from] item: Leftovers\n|upkeep\n|turn|14\n|\n|t:|1700041373\n|move|p2a: Moltres|Fire Blast|p1a: Empoleon\n|-damage|p1a: Empoleon|62\/100\n|move|p1a: Empoleon|Scald|p2a: Moltres\n|-supereffective|p2a: Moltres\n|-damage|p2a: Moltres|0 fnt\n|faint|p2a: Moltres\n|\n|upkeep\n|\n|t:|1700041380\n|switch|p2a: Dusclops|Dusclops, F|51\/100\n|-item|p1a: Empoleon|Covert Cloak|[from] ability: Frisk|[of] p2a: Dusclops|[identify]\n|turn|15\n|\n|t:|1700041387\n|move|p1a: Empoleon|Scald|p2a: Dusclops\n|-damage|p2a: Dusclops|0 fnt\n|faint|p2a: Dusclops\n|\n|upkeep\n|\n|t:|1700041393\n|switch|p2a: Lopunny|Lopunny-Mega, F|100\/100\n|turn|16\n|\n|t:|1700041412\n|switch|p1a: Florges|Florges, F|99\/100\n|move|p2a: Lopunny|Fake Out|p1a: Florges\n|-damage|p1a: Florges|81\/100\n|\n|-heal|p1a: Florges|87\/100|[from] item: Leftovers\n|upkeep\n|turn|17\n|\n|t:|1700041421\n|switch|p2a: Garganacl|Garganacl, M|100\/100\n|move|p1a: Florges|Moonblast|p2a: Garganacl\n|-damage|p2a: Garganacl|69\/100\n|-unboost|p2a: Garganacl|spa|1\n|\n|-heal|p1a: Florges|93\/100|[from] item: Leftovers\n|-heal|p2a: Garganacl|75\/100|[from] item: Leftovers\n|upkeep\n|turn|18\n|\n|t:|1700041431\n|switch|p1a: Flygon|Flygon, F|100\/100\n|move|p2a: Garganacl|Salt Cure|p1a: Flygon\n|-resisted|p1a: Flygon\n|-damage|p1a: Flygon|91\/100\n|-start|p1a: Flygon|Salt Cure\n|\n|-heal|p2a: Garganacl|81\/100|[from] item: Leftovers\n|-damage|p1a: Flygon|78\/100|[from] Salt Cure\n|upkeep\n|turn|19\n|\n|t:|1700041442\n|move|p2a: Garganacl|Protect|p2a: Garganacl\n|-singleturn|p2a: Garganacl|Protect\n|move|p1a: Flygon|Dragon Dance|p1a: Flygon\n|-boost|p1a: Flygon|atk|1\n|-boost|p1a: Flygon|spe|1\n|\n|-heal|p2a: Garganacl|87\/100|[from] item: Leftovers\n|-damage|p1a: Flygon|66\/100|[from] Salt Cure\n|upkeep\n|turn|20\n|\n|t:|1700041450\n|move|p1a: Flygon|Earthquake|p2a: Garganacl\n|-supereffective|p2a: Garganacl\n|-damage|p2a: Garganacl|0 fnt\n|faint|p2a: Garganacl\n|-damage|p1a: Flygon|56\/100|[from] item: Life Orb\n|\n|-damage|p1a: Flygon|44\/100|[from] Salt Cure\n|upkeep\n|\n|t:|1700041453\n|switch|p2a: Lopunny|Lopunny-Mega, F|100\/100\n|turn|21\n|\n|t:|1700041457\n|move|p2a: Lopunny|Fake Out|p1a: Flygon\n|-damage|p1a: Flygon|12\/100\n|cant|p1a: Flygon|flinch\n|\n|-damage|p1a: Flygon|0 fnt|[from] Salt Cure\n|faint|p1a: Flygon\n|upkeep\n|\n|t:|1700041466\n|switch|p1a: Florges|Florges, F|93\/100\n|turn|22\n|\n|t:|1700041469\n|move|p2a: Lopunny|Return|p1a: Florges\n|-damage|p1a: Florges|42\/100\n|move|p1a: Florges|Moonblast|p2a: Lopunny\n|-supereffective|p2a: Lopunny\n|-damage|p2a: Lopunny|11\/100\n|\n|-heal|p1a: Florges|48\/100|[from] item: Leftovers\n|upkeep\n|turn|23\n|\n|t:|1700041476\n|-terastallize|p1a: Florges|Steel\n|move|p2a: Lopunny|Return|p1a: Florges\n|-resisted|p1a: Florges\n|-damage|p1a: Florges|26\/100\n|move|p1a: Florges|Moonblast|p2a: Lopunny\n|-supereffective|p2a: Lopunny\n|-crit|p2a: Lopunny\n|-damage|p2a: Lopunny|0 fnt\n|faint|p2a: Lopunny\n|\n|win|daniel241595\n|raw|daniel241595's rating: 1398 &rarr; <strong>1412<\/strong><br \/>(+14 for winning)\n|raw|SolidExile's rating: 1294 &rarr; <strong>1276<\/strong><br \/>(-18 for losing)\n","uploadtime":1700041481,"views":15,"p1id":"daniel241595","p2id":"solidexile","formatid":"gen9nationaldex","rating":1276,"private":0,"password":""}