{"id":"gen9nationaldex-1992991411","p1":"HeirEhm","p2":"PyroGaleZX","format":"[Gen 9] National Dex","log":"|j|\u2606HeirEhm\n|j|\u2606PyroGaleZX\n|t:|1700253393\n|gametype|singles\n|player|p1|HeirEhm|cynthia-gen7|\n|player|p2|PyroGaleZX|grusha|\n|teamsize|p1|6\n|teamsize|p2|6\n|gen|9\n|tier|[Gen 9] National Dex\n|rule|HP Percentage Mod: HP is shown in percentages\n|rule|Endless Battle Clause: Forcing endless battles is banned\n|rule|OHKO Clause: OHKO moves are banned\n|rule|Evasion Clause: Evasion abilities, items, and moves are banned\n|rule|Evasion Abilities Clause: Evasion abilities are banned\n|rule|Evasion Items Clause: Evasion items are banned\n|rule|Evasion Moves Clause: Evasion moves are banned\n|rule|Species Clause: Limit one of each Pok\u00e9mon\n|rule|Sleep Clause Mod: Limit one foe put to sleep\n|clearpoke\n|poke|p1|Clodsire, M|\n|poke|p1|Ceruledge, F|\n|poke|p1|Klefki, F|\n|poke|p1|Orthworm, M|\n|poke|p1|Chansey, F|\n|poke|p1|Murkrow, M|\n|poke|p2|Enamorus-Therian, F|\n|poke|p2|Arcanine, M|\n|poke|p2|Spiritomb, M|\n|poke|p2|Pawmo, M|\n|poke|p2|Articuno-Galar|\n|poke|p2|Dragonite, F|\n|teampreview\n|\n|t:|1700253420\n|start\n|switch|p1a: SWORDSFORHANDS|Ceruledge, F|100\/100\n|switch|p2a: Pawmo|Pawmo, M|100\/100\n|turn|1\n|\n|t:|1700253427\n|move|p1a: SWORDSFORHANDS|Bulk Up|p1a: SWORDSFORHANDS\n|-boost|p1a: SWORDSFORHANDS|atk|1\n|-boost|p1a: SWORDSFORHANDS|def|1\n|move|p2a: Pawmo|Knock Off|p1a: SWORDSFORHANDS\n|-supereffective|p1a: SWORDSFORHANDS\n|-damage|p1a: SWORDSFORHANDS|67\/100\n|-ability|p1a: SWORDSFORHANDS|Weak Armor|boost\n|-unboost|p1a: SWORDSFORHANDS|def|1\n|-boost|p1a: SWORDSFORHANDS|spe|2\n|-enditem|p1a: SWORDSFORHANDS|Heavy-Duty Boots|[from] move: Knock Off|[of] p2a: Pawmo\n|\n|upkeep\n|turn|2\n|\n|t:|1700253442\n|move|p1a: SWORDSFORHANDS|Bitter Blade|p2a: Pawmo\n|-damage|p2a: Pawmo|7\/100\n|-heal|p1a: SWORDSFORHANDS|100\/100|[from] drain|[of] p2a: Pawmo\n|move|p2a: Pawmo|Volt Switch|p1a: SWORDSFORHANDS\n|-damage|p1a: SWORDSFORHANDS|86\/100\n|\n|t:|1700253456\n|switch|p2a: Arcanine|Arcanine, M|100\/100|[from] Volt Switch\n|-ability|p2a: Arcanine|Intimidate|boost\n|-unboost|p1a: SWORDSFORHANDS|atk|1\n|\n|upkeep\n|turn|3\n|\n|t:|1700253462\n|move|p1a: SWORDSFORHANDS|Night Slash|p2a: Arcanine\n|-damage|p2a: Arcanine|64\/100\n|move|p2a: Arcanine|Roar|p1a: SWORDSFORHANDS\n|drag|p1a: GirthWorm|Orthworm, M|100\/100\n|\n|-status|p1a: GirthWorm|brn|[from] item: Flame Orb\n|upkeep\n|turn|4\n|\n|t:|1700253476\n|move|p2a: Arcanine|Flare Blitz|p1a: GirthWorm\n|-supereffective|p1a: GirthWorm\n|-damage|p1a: GirthWorm|17\/100 brn\n|-damage|p2a: Arcanine|34\/100|[from] Recoil\n|move|p1a: GirthWorm|Facade|p2a: Arcanine\n|-damage|p2a: Arcanine|0 fnt\n|faint|p2a: Arcanine\n|\n|-damage|p1a: GirthWorm|10\/100 brn|[from] brn\n|upkeep\n|\n|t:|1700253489\n|switch|p2a: Enamorus|Enamorus-Therian, F|100\/100\n|turn|5\n|\n|t:|1700253500\n|switch|p2a: Pawmo|Pawmo, M|7\/100\n|-terastallize|p1a: GirthWorm|Normal\n|move|p1a: GirthWorm|Facade|p2a: Pawmo\n|-damage|p2a: Pawmo|0 fnt\n|faint|p2a: Pawmo\n|\n|-damage|p1a: GirthWorm|4\/100 brn|[from] brn\n|upkeep\n|\n|t:|1700253509\n|switch|p2a: Enamorus|Enamorus-Therian, F|100\/100\n|turn|6\n|\n|t:|1700253514\n|switch|p2a: Spiritomb|Spiritomb, M, shiny|100\/100\n|-ability|p2a: Spiritomb|Pressure\n|move|p1a: GirthWorm|Facade|p2a: Spiritomb\n|-immune|p2a: Spiritomb\n|\n|-damage|p1a: GirthWorm|0 fnt|[from] brn\n|faint|p1a: GirthWorm\n|upkeep\n|\n|t:|1700253519\n|switch|p1a: Angy Boi|Clodsire, M|100\/100\n|turn|7\n|\n|t:|1700253527\n|move|p1a: Angy Boi|Rock Slide|p2a: Spiritomb\n|-damage|p2a: Spiritomb|81\/100\n|move|p2a: Spiritomb|Calm Mind|p2a: Spiritomb\n|-boost|p2a: Spiritomb|spa|1\n|-boost|p2a: Spiritomb|spd|1\n|\n|upkeep\n|turn|8\n|\n|t:|1700253533\n|move|p1a: Angy Boi|Earthquake|p2a: Spiritomb\n|-damage|p2a: Spiritomb|41\/100\n|move|p2a: Spiritomb|Calm Mind|p2a: Spiritomb\n|-boost|p2a: Spiritomb|spa|1\n|-boost|p2a: Spiritomb|spd|1\n|\n|upkeep\n|turn|9\n|\n|t:|1700253544\n|move|p1a: Angy Boi|Gunk Shot|p2a: Spiritomb\n|-resisted|p2a: Spiritomb\n|-damage|p2a: Spiritomb|14\/100\n|move|p2a: Spiritomb|Stored Power|p1a: Angy Boi\n|-supereffective|p1a: Angy Boi\n|-damage|p1a: Angy Boi|67\/100\n|\n|upkeep\n|turn|10\n|\n|t:|1700253552\n|move|p1a: Angy Boi|Earthquake|p2a: Spiritomb\n|-damage|p2a: Spiritomb|0 fnt\n|faint|p2a: Spiritomb\n|\n|upkeep\n|\n|t:|1700253560\n|switch|p2a: Enamorus|Enamorus-Therian, F|100\/100\n|turn|11\n|\n|t:|1700253572\n|move|p2a: Enamorus|Earth Power|p1a: Angy Boi\n|-supereffective|p1a: Angy Boi\n|-crit|p1a: Angy Boi\n|-damage|p1a: Angy Boi|0 fnt\n|faint|p1a: Angy Boi\n|\n|upkeep\n|\n|t:|1700253579\n|switch|p1a: Wambulance|Chansey, F|100\/100\n|turn|12\n|\n|t:|1700253586\n|move|p1a: Wambulance|Tri Attack|p2a: Enamorus\n|-damage|p2a: Enamorus|82\/100\n|-status|p2a: Enamorus|brn\n|move|p2a: Enamorus|Iron Defense|p2a: Enamorus\n|-boost|p2a: Enamorus|def|2\n|\n|-damage|p2a: Enamorus|76\/100 brn|[from] brn\n|upkeep\n|turn|13\n|j| Jam20Jam\n|\n|t:|1700253595\n|move|p1a: Wambulance|Water Pulse|p2a: Enamorus\n|-crit|p2a: Enamorus\n|-damage|p2a: Enamorus|62\/100 brn\n|-start|p2a: Enamorus|confusion\n|-activate|p2a: Enamorus|confusion\n|-damage|p2a: Enamorus|58\/100 brn|[from] confusion\n|\n|-damage|p2a: Enamorus|52\/100 brn|[from] brn\n|upkeep\n|turn|14\n|\n|t:|1700253601\n|move|p1a: Wambulance|Thunderbolt|p2a: Enamorus\n|-supereffective|p2a: Enamorus\n|-crit|p2a: Enamorus\n|-damage|p2a: Enamorus|13\/100 brn\n|-end|p2a: Enamorus|confusion\n|move|p2a: Enamorus|Calm Mind|p2a: Enamorus\n|-boost|p2a: Enamorus|spa|1\n|-boost|p2a: Enamorus|spd|1\n|\n|-damage|p2a: Enamorus|7\/100 brn|[from] brn\n|upkeep\n|turn|15\n|\n|t:|1700253614\n|move|p1a: Wambulance|Thunderbolt|p2a: Enamorus\n|-supereffective|p2a: Enamorus\n|-damage|p2a: Enamorus|0 fnt\n|faint|p2a: Enamorus\n|\n|upkeep\n|\n|t:|1700253618\n|switch|p2a: Dragonite|Dragonite, F|100\/100\n|turn|16\n|\n|t:|1700253628\n|move|p2a: Dragonite|Dragon Dance|p2a: Dragonite\n|-boost|p2a: Dragonite|atk|1\n|-boost|p2a: Dragonite|spe|1\n|move|p1a: Wambulance|Tri Attack|p2a: Dragonite\n|-crit|p2a: Dragonite\n|-damage|p2a: Dragonite|84\/100\n|-status|p2a: Dragonite|par\n|\n|upkeep\n|turn|17\n|\n|t:|1700253639\n|-terastallize|p2a: Dragonite|Normal\n|move|p2a: Dragonite|Dragon Dance|p2a: Dragonite\n|-boost|p2a: Dragonite|atk|1\n|-boost|p2a: Dragonite|spe|1\n|move|p1a: Wambulance|Water Pulse|p2a: Dragonite\n|-damage|p2a: Dragonite|73\/100 par\n|\n|upkeep\n|turn|18\n|\n|t:|1700253652\n|move|p2a: Dragonite|Dragon Dance|p2a: Dragonite\n|-boost|p2a: Dragonite|atk|1\n|-boost|p2a: Dragonite|spe|1\n|move|p1a: Wambulance|Water Pulse|p2a: Dragonite\n|-crit|p2a: Dragonite\n|-damage|p2a: Dragonite|57\/100 par\n|-start|p2a: Dragonite|confusion\n|\n|upkeep\n|turn|19\n|\n|t:|1700253662\n|-activate|p2a: Dragonite|confusion\n|-damage|p2a: Dragonite|10\/100 par|[from] confusion\n|move|p1a: Wambulance|Tri Attack|p2a: Dragonite\n|-damage|p2a: Dragonite|0 fnt\n|faint|p2a: Dragonite\n|\n|upkeep\n|\n|t:|1700253665\n|switch|p2a: Articuno|Articuno-Galar|100\/100\n|turn|20\n|\n|t:|1700253674\n|move|p2a: Articuno|Calm Mind|p2a: Articuno\n|-boost|p2a: Articuno|spa|1\n|-boost|p2a: Articuno|spd|1\n|move|p1a: Wambulance|Thunderbolt|p2a: Articuno\n|-supereffective|p2a: Articuno\n|-damage|p2a: Articuno|81\/100\n|\n|-heal|p2a: Articuno|87\/100|[from] item: Leftovers\n|upkeep\n|turn|21\n|\n|t:|1700253681\n|move|p2a: Articuno|Calm Mind|p2a: Articuno\n|-boost|p2a: Articuno|spa|1\n|-boost|p2a: Articuno|spd|1\n|move|p1a: Wambulance|Tri Attack|p2a: Articuno\n|-crit|p2a: Articuno\n|-damage|p2a: Articuno|61\/100\n|\n|-heal|p2a: Articuno|68\/100|[from] item: Leftovers\n|upkeep\n|turn|22\n|\n|t:|1700253691\n|move|p2a: Articuno|Agility|p2a: Articuno\n|-boost|p2a: Articuno|spe|2\n|move|p1a: Wambulance|Tri Attack|p2a: Articuno\n|-damage|p2a: Articuno|58\/100\n|-status|p2a: Articuno|par\n|\n|-heal|p2a: Articuno|65\/100 par|[from] item: Leftovers\n|upkeep\n|turn|23\n|\n|t:|1700253700\n|cant|p2a: Articuno|par\n|move|p1a: Wambulance|Water Pulse|p2a: Articuno\n|-damage|p2a: Articuno|59\/100 par\n|-start|p2a: Articuno|confusion\n|\n|-heal|p2a: Articuno|66\/100 par|[from] item: Leftovers\n|upkeep\n|turn|24\n|\n|t:|1700253708\n|-activate|p2a: Articuno|confusion\n|move|p2a: Articuno|Stored Power|p1a: Wambulance\n|-damage|p1a: Wambulance|41\/100\n|move|p1a: Wambulance|Tri Attack|p2a: Articuno\n|-damage|p2a: Articuno|57\/100 par\n|\n|-heal|p2a: Articuno|63\/100 par|[from] item: Leftovers\n|upkeep\n|turn|25\n|\n|t:|1700253717\n|-activate|p2a: Articuno|confusion\n|move|p2a: Articuno|Calm Mind|p2a: Articuno\n|-boost|p2a: Articuno|spa|1\n|-boost|p2a: Articuno|spd|1\n|move|p1a: Wambulance|Tri Attack|p2a: Articuno\n|-crit|p2a: Articuno\n|-damage|p2a: Articuno|37\/100 par\n|\n|-heal|p2a: Articuno|44\/100 par|[from] item: Leftovers\n|upkeep\n|turn|26\n|\n|t:|1700253730\n|-activate|p2a: Articuno|confusion\n|move|p2a: Articuno|Agility|p2a: Articuno\n|-boost|p2a: Articuno|spe|2\n|move|p1a: Wambulance|Tri Attack|p2a: Articuno\n|-crit|p2a: Articuno\n|-damage|p2a: Articuno|15\/100 par\n|\n|-heal|p2a: Articuno|21\/100 par|[from] item: Leftovers\n|upkeep\n|turn|27\n|\n|t:|1700253739\n|-end|p2a: Articuno|confusion\n|move|p2a: Articuno|Stored Power|p1a: Wambulance\n|-damage|p1a: Wambulance|0 fnt\n|faint|p1a: Wambulance\n|\n|-heal|p2a: Articuno|27\/100 par|[from] item: Leftovers\n|upkeep\n|\n|t:|1700253743\n|switch|p1a: Rowkrum|Murkrow, M|100\/100\n|turn|28\n|\n|t:|1700253759\n|move|p1a: Rowkrum|Sucker Punch|p2a: Articuno\n|-supereffective|p2a: Articuno\n|-damage|p2a: Articuno|0 fnt\n|faint|p2a: Articuno\n|\n|win|HeirEhm\n","uploadtime":1700253764,"views":6,"p1id":"heirehm","p2id":"pyrogalezx","formatid":"gen9nationaldex","rating":0,"private":0,"password":""}