{"id":"gen9nationaldex-1987451597","p1":"Foulest","p2":"luyoujie01","format":"[Gen 9] National Dex","log":"|j|\u2606Foulest\n|j|\u2606luyoujie01\n|t:|1699593621\n|gametype|singles\n|player|p1|Foulest|2|1176\n|player|p2|luyoujie01|nate|1120\n|teamsize|p1|6\n|teamsize|p2|6\n|gen|9\n|tier|[Gen 9] National Dex\n|rated|\n|rule|HP Percentage Mod: HP is shown in percentages\n|rule|Endless Battle Clause: Forcing endless battles is banned\n|rule|OHKO Clause: OHKO moves are banned\n|rule|Evasion Clause: Evasion abilities, items, and moves are banned\n|rule|Evasion Abilities Clause: Evasion abilities are banned\n|rule|Evasion Items Clause: Evasion items are banned\n|rule|Evasion Moves Clause: Evasion moves are banned\n|rule|Species Clause: Limit one of each Pok\u00e9mon\n|rule|Sleep Clause Mod: Limit one foe put to sleep\n|clearpoke\n|poke|p1|Azelf|\n|poke|p1|Ferrothorn, F|\n|poke|p1|Ninetales, F|\n|poke|p1|Gastrodon, F|\n|poke|p1|Linoone, M|\n|poke|p1|Aerodactyl, M|\n|poke|p2|Glimmora, M|\n|poke|p2|Sneasler, M|\n|poke|p2|Iron Moth|\n|poke|p2|Crobat, M|\n|poke|p2|Drapion, M|\n|poke|p2|Slowbro-Galar, M|\n|teampreview\n|inactive|Battle timer is ON: inactive players will automatically lose when time's up. (requested by Foulest)\n|\n|t:|1699593640\n|start\n|switch|p1a: Azelf|Azelf, shiny|100\/100\n|switch|p2a: Iron Moth|Iron Moth|100\/100\n|-enditem|p2a: Iron Moth|Booster Energy\n|-activate|p2a: Iron Moth|ability: Quark Drive|[fromitem]\n|-start|p2a: Iron Moth|quarkdrivespa\n|turn|1\n|\n|t:|1699593654\n|-terastallize|p2a: Iron Moth|Grass\n|move|p1a: Azelf|Psychic|p2a: Iron Moth\n|-damage|p2a: Iron Moth|56\/100\n|move|p2a: Iron Moth|Bug Buzz|p1a: Azelf\n|-supereffective|p1a: Azelf\n|-crit|p1a: Azelf\n|-enditem|p1a: Azelf|Focus Sash\n|-damage|p1a: Azelf|1\/100\n|\n|upkeep\n|turn|2\n|\n|t:|1699593665\n|move|p1a: Azelf|Fire Blast|p2a: Iron Moth|[miss]\n|-miss|p1a: Azelf|p2a: Iron Moth\n|move|p2a: Iron Moth|Fiery Dance|p1a: Azelf\n|-damage|p1a: Azelf|0 fnt\n|faint|p1a: Azelf\n|\n|upkeep\n|\n|t:|1699593676\n|switch|p1a: Ninetales|Ninetales, F, shiny|100\/100\n|turn|3\n|\n|t:|1699593686\n|-end|p2a: Iron Moth|Quark Drive|[silent]\n|switch|p2a: Glimmora|Glimmora, M|100\/100\n|move|p1a: Ninetales|Calm Mind|p1a: Ninetales\n|-boost|p1a: Ninetales|spa|1\n|-boost|p1a: Ninetales|spd|1\n|\n|upkeep\n|turn|4\n|\n|t:|1699593693\n|move|p1a: Ninetales|Scorching Sands|p2a: Glimmora\n|-supereffective|p2a: Glimmora\n|-enditem|p2a: Glimmora|Focus Sash\n|-damage|p2a: Glimmora|1\/100\n|move|p2a: Glimmora|Stealth Rock|p1a: Ninetales\n|-sidestart|p1: Foulest|move: Stealth Rock\n|\n|upkeep\n|turn|5\n|\n|t:|1699593703\n|switch|p2a: Crobat|Crobat, M|100\/100\n|move|p1a: Ninetales|Scorching Sands|p2a: Crobat\n|-immune|p2a: Crobat\n|\n|upkeep\n|turn|6\n|\n|t:|1699593714\n|move|p2a: Crobat|Brave Bird|p1a: Ninetales\n|-damage|p1a: Ninetales|22\/100\n|-damage|p2a: Crobat|76\/100|[from] Recoil\n|move|p1a: Ninetales|Fire Blast|p2a: Crobat\n|-damage|p2a: Crobat|0 fnt\n|faint|p2a: Crobat\n|\n|-heal|p1a: Ninetales|28\/100|[from] item: Leftovers\n|upkeep\n|\n|t:|1699593727\n|switch|p2a: Sneasler|Sneasler, M|100\/100\n|turn|7\n|\n|t:|1699593741\n|move|p2a: Sneasler|Fake Out|p1a: Ninetales\n|-enditem|p2a: Sneasler|Normal Gem|[from] gem\n|-damage|p1a: Ninetales|0 fnt\n|faint|p1a: Ninetales\n|\n|upkeep\n|\n|t:|1699593750\n|switch|p1a: Ferrothorn|Ferrothorn, F, shiny|100\/100\n|-damage|p1a: Ferrothorn|94\/100|[from] Stealth Rock\n|turn|8\n|\n|t:|1699593756\n|switch|p2a: Iron Moth|Iron Moth, tera:Grass|56\/100\n|move|p1a: Ferrothorn|Gyro Ball|p2a: Iron Moth\n|-damage|p2a: Iron Moth|0 fnt\n|faint|p2a: Iron Moth\n|-end|p2a: Iron Moth|Quark Drive|[silent]\n|\n|-heal|p1a: Ferrothorn|100\/100|[from] item: Leftovers\n|upkeep\n|\n|t:|1699593766\n|switch|p2a: Slowbro|Slowbro-Galar, M|100\/100\n|turn|9\n|-activate|p2a: Slowbro|ability: Quick Draw\n|\n|t:|1699593782\n|switch|p1a: Gastrodon|Gastrodon, F|100\/100\n|-damage|p1a: Gastrodon|94\/100|[from] Stealth Rock\n|move|p2a: Slowbro|Fire Blast|p1a: Gastrodon\n|-resisted|p1a: Gastrodon\n|-damage|p1a: Gastrodon|78\/100\n|\n|-heal|p1a: Gastrodon|84\/100|[from] item: Leftovers\n|upkeep\n|turn|10\n|\n|t:|1699593796\n|detailschange|p2a: Slowbro|Slowbro-Mega, M\n|-mega|p2a: Slowbro|Slowbro|Slowbronite\n|move|p1a: Gastrodon|Earth Power|p2a: Slowbro\n|-damage|p2a: Slowbro|72\/100\n|move|p2a: Slowbro|Shell Side Arm|p1a: Gastrodon|[anim] Shell Side Arm Special\n|-resisted|p1a: Gastrodon\n|-damage|p1a: Gastrodon|67\/100\n|-hint|Special Shell Side Arm\n|\n|-heal|p1a: Gastrodon|73\/100|[from] item: Leftovers\n|upkeep\n|turn|11\n|\n|t:|1699593807\n|move|p1a: Gastrodon|Toxic|p2a: Slowbro\n|-status|p2a: Slowbro|tox\n|move|p2a: Slowbro|Shell Side Arm|p1a: Gastrodon|[anim] Shell Side Arm Special\n|-resisted|p1a: Gastrodon\n|-damage|p1a: Gastrodon|57\/100\n|-hint|Special Shell Side Arm\n|-status|p1a: Gastrodon|psn\n|\n|-heal|p1a: Gastrodon|63\/100 psn|[from] item: Leftovers\n|-damage|p1a: Gastrodon|51\/100 psn|[from] psn\n|-damage|p2a: Slowbro|66\/100 tox|[from] psn\n|upkeep\n|turn|12\n|\n|t:|1699593820\n|switch|p2a: Glimmora|Glimmora, M|1\/100\n|move|p1a: Gastrodon|Recover|p1a: Gastrodon\n|-heal|p1a: Gastrodon|100\/100 psn\n|\n|-damage|p1a: Gastrodon|88\/100 psn|[from] psn\n|upkeep\n|turn|13\n|\n|t:|1699593830\n|move|p2a: Glimmora|Spikes|p1a: Gastrodon\n|-sidestart|p1: Foulest|Spikes\n|move|p1a: Gastrodon|Scald|p2a: Glimmora\n|-supereffective|p2a: Glimmora\n|-crit|p2a: Glimmora\n|-damage|p2a: Glimmora|0 fnt\n|faint|p2a: Glimmora\n|\n|-heal|p1a: Gastrodon|94\/100 psn|[from] item: Leftovers\n|-damage|p1a: Gastrodon|82\/100 psn|[from] psn\n|upkeep\n|\n|t:|1699593846\n|switch|p2a: Drapion|Drapion, M|100\/100\n|turn|14\n|\n|t:|1699593871\n|move|p2a: Drapion|Knock Off|p1a: Gastrodon\n|-damage|p1a: Gastrodon|60\/100 psn\n|-enditem|p1a: Gastrodon|Leftovers|[from] move: Knock Off|[of] p2a: Drapion\n|move|p1a: Gastrodon|Earth Power|p2a: Drapion\n|-supereffective|p2a: Drapion\n|-damage|p2a: Drapion|51\/100\n|\n|-damage|p1a: Gastrodon|47\/100 psn|[from] psn\n|upkeep\n|turn|15\n|\n|t:|1699593886\n|move|p2a: Drapion|Leech Life|p1a: Gastrodon\n|-damage|p1a: Gastrodon|34\/100 psn\n|-heal|p2a: Drapion|61\/100|[from] drain|[of] p1a: Gastrodon\n|move|p1a: Gastrodon|Recover|p1a: Gastrodon\n|-heal|p1a: Gastrodon|84\/100 psn\n|\n|-damage|p1a: Gastrodon|72\/100 psn|[from] psn\n|upkeep\n|turn|16\n|\n|t:|1699593896\n|move|p2a: Drapion|Leech Life|p1a: Gastrodon\n|-damage|p1a: Gastrodon|60\/100 psn\n|-heal|p2a: Drapion|71\/100|[from] drain|[of] p1a: Gastrodon\n|move|p1a: Gastrodon|Earth Power|p2a: Drapion\n|-supereffective|p2a: Drapion\n|-damage|p2a: Drapion|21\/100\n|\n|-damage|p1a: Gastrodon|47\/100 psn|[from] psn\n|upkeep\n|turn|17\n|\n|t:|1699593908\n|move|p2a: Drapion|Leech Life|p1a: Gastrodon\n|-damage|p1a: Gastrodon|35\/100 psn\n|-heal|p2a: Drapion|31\/100|[from] drain|[of] p1a: Gastrodon\n|move|p1a: Gastrodon|Recover|p1a: Gastrodon\n|-heal|p1a: Gastrodon|85\/100 psn\n|\n|-damage|p1a: Gastrodon|73\/100 psn|[from] psn\n|upkeep\n|turn|18\n|\n|t:|1699593917\n|move|p2a: Drapion|Leech Life|p1a: Gastrodon\n|-damage|p1a: Gastrodon|61\/100 psn\n|-heal|p2a: Drapion|40\/100|[from] drain|[of] p1a: Gastrodon\n|move|p1a: Gastrodon|Earth Power|p2a: Drapion\n|-supereffective|p2a: Drapion\n|-damage|p2a: Drapion|0 fnt\n|faint|p2a: Drapion\n|\n|-damage|p1a: Gastrodon|49\/100 psn|[from] psn\n|upkeep\n|\n|t:|1699593934\n|switch|p2a: Sneasler|Sneasler, M|100\/100\n|turn|19\n|\n|t:|1699593941\n|move|p2a: Sneasler|Fake Out|p1a: Gastrodon\n|-damage|p1a: Gastrodon|38\/100 psn\n|cant|p1a: Gastrodon|flinch\n|\n|-damage|p1a: Gastrodon|25\/100 psn|[from] psn\n|upkeep\n|turn|20\n|\n|t:|1699593952\n|move|p2a: Sneasler|Dire Claw|p1a: Gastrodon\n|-resisted|p1a: Gastrodon\n|-damage|p1a: Gastrodon|9\/100 psn\n|move|p1a: Gastrodon|Earth Power|p2a: Sneasler\n|-supereffective|p2a: Sneasler\n|-damage|p2a: Sneasler|25\/100\n|\n|-damage|p1a: Gastrodon|0 fnt|[from] psn\n|faint|p1a: Gastrodon\n|upkeep\n|\n|t:|1699593958\n|switch|p1a: Linoone|Linoone, M|100\/100\n|-damage|p1a: Linoone|88\/100|[from] Stealth Rock\n|-damage|p1a: Linoone|76\/100|[from] Spikes\n|turn|21\n|\n|t:|1699593967\n|switch|p2a: Slowbro|Slowbro-Mega, M|66\/100 tox\n|move|p1a: Linoone|Extreme Speed|p2a: Slowbro\n|-damage|p2a: Slowbro|49\/100 tox\n|\n|-damage|p2a: Slowbro|43\/100 tox|[from] psn\n|upkeep\n|turn|22\n|\n|t:|1699593987\n|move|p1a: Linoone|Shadow Claw|p2a: Slowbro\n|-supereffective|p2a: Slowbro\n|-damage|p2a: Slowbro|21\/100 tox\n|move|p2a: Slowbro|Scald|p1a: Linoone\n|-damage|p1a: Linoone|3\/100\n|-enditem|p1a: Linoone|Aguav Berry|[eat]\n|-heal|p1a: Linoone|36\/100|[from] item: Aguav Berry\n|\n|-damage|p2a: Slowbro|9\/100 tox|[from] psn\n|upkeep\n|turn|23\n|\n|t:|1699594001\n|move|p1a: Linoone|Extreme Speed|p2a: Slowbro\n|-damage|p2a: Slowbro|0 fnt\n|faint|p2a: Slowbro\n|\n|upkeep\n|\n|t:|1699594007\n|switch|p2a: Sneasler|Sneasler, M|25\/100\n|turn|24\n|\n|t:|1699594011\n|move|p2a: Sneasler|Fake Out|p1a: Linoone\n|-damage|p1a: Linoone|8\/100\n|cant|p1a: Linoone|flinch\n|\n|upkeep\n|turn|25\n|\n|t:|1699594017\n|move|p1a: Linoone|Extreme Speed|p2a: Sneasler\n|-damage|p2a: Sneasler|0 fnt\n|faint|p2a: Sneasler\n|\n|win|Foulest\n|raw|Foulest's rating: 1176 &rarr; <strong>1197<\/strong><br \/>(+21 for winning)\n|raw|luyoujie01's rating: 1120 &rarr; <strong>1099<\/strong><br \/>(-21 for losing)\n|l|\u2606luyoujie01\n","uploadtime":1699594022,"views":5,"p1id":"foulest","p2id":"luyoujie01","formatid":"gen9nationaldex","rating":1099,"private":0,"password":""}