{"id":"gen9nationaldex-1996779400","p1":"Avinobellissimo","p2":"Smuggzz","format":"[Gen 9] National Dex","log":"|html|<div class=\"broadcast-blue\"><strong>[Gen 9] National Dex is currently suspecting Sneasler! For information on how to participate check out the <a href=\"https:\/\/www.smogon.com\/forums\/threads\/sv-national-dex-suspect-8-just-dance.3731534\/\">suspect thread<\/a>.<\/strong><\/div>\n|j|\u2606Avinobellissimo\n|j|\u2606Smuggzz\n|t:|1700723954\n|gametype|singles\n|player|p1|Avinobellissimo|volkner|1382\n|player|p2|Smuggzz|265|1427\n|teamsize|p1|6\n|teamsize|p2|6\n|gen|9\n|tier|[Gen 9] National Dex\n|rated|\n|rule|HP Percentage Mod: HP is shown in percentages\n|rule|Endless Battle Clause: Forcing endless battles is banned\n|rule|OHKO Clause: OHKO moves are banned\n|rule|Evasion Clause: Evasion abilities, items, and moves are banned\n|rule|Evasion Abilities Clause: Evasion abilities are banned\n|rule|Evasion Items Clause: Evasion items are banned\n|rule|Evasion Moves Clause: Evasion moves are banned\n|rule|Species Clause: Limit one of each Pok\u00e9mon\n|rule|Sleep Clause Mod: Limit one foe put to sleep\n|clearpoke\n|poke|p1|Kleavor, F|\n|poke|p1|Rotom-Wash|\n|poke|p1|Goodra-Hisui, F|\n|poke|p1|Landorus-Therian, M|\n|poke|p1|Greninja-*, M|\n|poke|p1|Accelgor, F|\n|poke|p2|Heatran, M|\n|poke|p2|Ferrothorn, M|\n|poke|p2|Tapu Bulu|\n|poke|p2|Toxapex, M|\n|poke|p2|Gengar, M|\n|poke|p2|Grimmsnarl, M|\n|teampreview\n|inactive|Battle timer is ON: inactive players will automatically lose when time's up. (requested by Avinobellissimo)\n|\n|t:|1700723967\n|start\n|switch|p1a: Kleavor|Kleavor, F|100\/100\n|switch|p2a: Grimmsnarl|Grimmsnarl, M|100\/100\n|turn|1\n|\n|t:|1700723974\n|move|p1a: Kleavor|Knock Off|p2a: Grimmsnarl\n|-resisted|p2a: Grimmsnarl\n|-damage|p2a: Grimmsnarl|88\/100\n|-enditem|p2a: Grimmsnarl|Choice Scarf|[from] move: Knock Off|[of] p1a: Kleavor\n|-enditem|p1a: Kleavor|Choice Scarf|[silent]|[from] ability: Pickpocket|[of] p1a: Kleavor\n|-item|p2a: Grimmsnarl|Choice Scarf|[from] ability: Pickpocket|[of] p1a: Kleavor\n|move|p2a: Grimmsnarl|Spirit Break|p1a: Kleavor\n|-damage|p1a: Kleavor|55\/100\n|-unboost|p1a: Kleavor|spa|1\n|\n|upkeep\n|turn|2\n|\n|t:|1700723991\n|switch|p1a: Landorus|Landorus-Therian, M|100\/100\n|-ability|p1a: Landorus|Intimidate|boost\n|-unboost|p2a: Grimmsnarl|atk|1\n|move|p2a: Grimmsnarl|Spirit Break|p1a: Landorus\n|-damage|p1a: Landorus|70\/100\n|-unboost|p1a: Landorus|spa|1\n|\n|upkeep\n|turn|3\n|\n|t:|1700724001\n|move|p1a: Landorus|U-turn|p2a: Grimmsnarl\n|-damage|p2a: Grimmsnarl|49\/100\n|\n|t:|1700724003\n|switch|p1a: Rotom|Rotom-Wash|100\/100|[from] U-turn\n|move|p2a: Grimmsnarl|Spirit Break|p1a: Rotom\n|-damage|p1a: Rotom|80\/100\n|-unboost|p1a: Rotom|spa|1\n|\n|-heal|p1a: Rotom|86\/100|[from] item: Leftovers\n|upkeep\n|turn|4\n|\n|t:|1700724007\n|move|p2a: Grimmsnarl|Spirit Break|p1a: Rotom\n|-damage|p1a: Rotom|67\/100\n|-unboost|p1a: Rotom|spa|1\n|move|p1a: Rotom|Volt Switch|p2a: Grimmsnarl\n|-crit|p2a: Grimmsnarl\n|-damage|p2a: Grimmsnarl|2\/100\n|\n|t:|1700724009\n|switch|p1a: Kleavor|Kleavor, F|55\/100|[from] Volt Switch\n|\n|upkeep\n|turn|5\n|\n|t:|1700724011\n|move|p2a: Grimmsnarl|Spirit Break|p1a: Kleavor\n|-damage|p1a: Kleavor|23\/100\n|-unboost|p1a: Kleavor|spa|1\n|move|p1a: Kleavor|Stone Axe|p2a: Grimmsnarl\n|-damage|p2a: Grimmsnarl|0 fnt\n|-sidestart|p2: Smuggzz|move: Stealth Rock\n|faint|p2a: Grimmsnarl\n|\n|upkeep\n|\n|t:|1700724029\n|switch|p2a: Gengar|Gengar, M|100\/100\n|-damage|p2a: Gengar|88\/100|[from] Stealth Rock\n|turn|6\n|\n|t:|1700724032\n|switch|p1a: Goodra|Goodra-Hisui, F|100\/100\n|move|p2a: Gengar|Shadow Ball|p1a: Goodra\n|-damage|p1a: Goodra|85\/100\n|\n|upkeep\n|turn|7\n|\n|t:|1700724039\n|move|p2a: Gengar|Toxic Spikes|p1a: Goodra\n|-sidestart|p1: Avinobellissimo|move: Toxic Spikes\n|move|p1a: Goodra|Flash Cannon|p2a: Gengar\n|-damage|p2a: Gengar|33\/100\n|\n|upkeep\n|turn|8\n|\n|t:|1700724041\n|move|p2a: Gengar|Destiny Bond|p2a: Gengar\n|-singlemove|p2a: Gengar|Destiny Bond\n|move|p1a: Goodra|Flash Cannon|p2a: Gengar\n|-damage|p2a: Gengar|0 fnt\n|faint|p2a: Gengar\n|-activate|p2a: Gengar|move: Destiny Bond\n|faint|p1a: Goodra\n|\n|upkeep\n|\n|t:|1700724050\n|switch|p2a: Tapu Bulu|Tapu Bulu|100\/100\n|switch|p1a: Rotom|Rotom-Wash|67\/100\n|-damage|p2a: Tapu Bulu|88\/100|[from] Stealth Rock\n|-fieldstart|move: Grassy Terrain|[from] ability: Grassy Surge|[of] p2a: Tapu Bulu\n|turn|9\n|\n|t:|1700724059\n|move|p2a: Tapu Bulu|Horn Leech|p1a: Rotom\n|-supereffective|p1a: Rotom\n|-damage|p1a: Rotom|0 fnt\n|-heal|p2a: Tapu Bulu|100\/100|[from] drain|[of] p1a: Rotom\n|faint|p1a: Rotom\n|\n|upkeep\n|\n|t:|1700724062\n|switch|p1a: Landorus|Landorus-Therian, M|70\/100\n|-ability|p1a: Landorus|Intimidate|boost\n|-unboost|p2a: Tapu Bulu|atk|1\n|turn|10\n|\n|t:|1700724068\n|switch|p2a: Ferrothorn|Ferrothorn, M|100\/100\n|-damage|p2a: Ferrothorn|95\/100|[from] Stealth Rock\n|move|p1a: Landorus|U-turn|p2a: Ferrothorn\n|-damage|p2a: Ferrothorn|72\/100\n|-damage|p1a: Landorus|58\/100|[from] ability: Iron Barbs|[of] p2a: Ferrothorn\n|\n|t:|1700724074\n|switch|p1a: Greninja|Greninja, M|100\/100|[from] U-turn\n|-status|p1a: Greninja|psn\n|\n|-heal|p2a: Ferrothorn|78\/100|[from] Grassy Terrain\n|-damage|p1a: Greninja|88\/100 psn|[from] psn\n|upkeep\n|turn|11\n|\n|t:|1700724081\n|move|p1a: Greninja|Dark Pulse|p2a: Ferrothorn\n|-damage|p2a: Ferrothorn|42\/100\n|-damage|p1a: Greninja|78\/100 psn|[from] item: Life Orb\n|move|p2a: Ferrothorn|Explosion|p1a: Greninja\n|-damage|p1a: Greninja|0 fnt\n|faint|p2a: Ferrothorn\n|faint|p1a: Greninja\n|\n|upkeep\n|\n|t:|1700724096\n|switch|p1a: Kleavor|Kleavor, F|23\/100\n|switch|p2a: Heatran|Heatran, M|100\/100\n|-damage|p2a: Heatran|88\/100|[from] Stealth Rock\n|-status|p1a: Kleavor|psn\n|turn|12\n|\n|t:|1700724101\n|move|p2a: Heatran|Power Gem|p1a: Kleavor\n|-supereffective|p1a: Kleavor\n|-damage|p1a: Kleavor|0 fnt\n|faint|p1a: Kleavor\n|\n|-heal|p2a: Heatran|94\/100|[from] Grassy Terrain\n|upkeep\n|\n|t:|1700724108\n|switch|p1a: Landorus|Landorus-Therian, M|58\/100\n|-ability|p1a: Landorus|Intimidate|boost\n|-unboost|p2a: Heatran|atk|1\n|turn|13\n|\n|t:|1700724115\n|switch|p2a: Tapu Bulu|Tapu Bulu|100\/100\n|-damage|p2a: Tapu Bulu|88\/100|[from] Stealth Rock\n|move|p1a: Landorus|Earthquake|p2a: Tapu Bulu\n|-resisted|p2a: Tapu Bulu\n|-damage|p2a: Tapu Bulu|72\/100\n|\n|-heal|p2a: Tapu Bulu|78\/100|[from] Grassy Terrain\n|-fieldend|move: Grassy Terrain\n|upkeep\n|turn|14\n|\n|t:|1700724124\n|switch|p1a: Accelgor|Accelgor, F|100\/100\n|-status|p1a: Accelgor|psn\n|switch|p2a: Toxapex|Toxapex, M|100\/100\n|-damage|p2a: Toxapex|88\/100|[from] Stealth Rock\n|\n|-heal|p2a: Toxapex|94\/100|[from] item: Black Sludge\n|-damage|p1a: Accelgor|88\/100 psn|[from] psn\n|upkeep\n|turn|15\n|\n|t:|1700724127\n|switch|p1a: Landorus|Landorus-Therian, M|58\/100\n|-ability|p1a: Landorus|Intimidate|boost\n|-unboost|p2a: Toxapex|atk|1\n|move|p2a: Toxapex|Poison Jab|p1a: Landorus\n|-resisted|p1a: Landorus\n|-damage|p1a: Landorus|48\/100\n|-status|p1a: Landorus|psn\n|\n|-heal|p2a: Toxapex|99\/100|[from] item: Black Sludge\n|-damage|p1a: Landorus|36\/100 psn|[from] psn\n|upkeep\n|turn|16\n|\n|t:|1700724131\n|move|p2a: Toxapex|Baneful Bunker|p2a: Toxapex\n|-singleturn|p2a: Toxapex|move: Protect\n|move|p1a: Landorus|U-turn|p2a: Toxapex\n|-activate|p2a: Toxapex|move: Protect\n|\n|-heal|p2a: Toxapex|100\/100|[from] item: Black Sludge\n|-damage|p1a: Landorus|24\/100 psn|[from] psn\n|upkeep\n|turn|17\n|-message|Avinobellissimo forfeited.\n|\n|win|Smuggzz\n|raw|Avinobellissimo's rating: 1382 &rarr; <strong>1365<\/strong><br \/>(-17 for losing)\n|raw|Smuggzz's rating: 1427 &rarr; <strong>1444<\/strong><br \/>(+17 for winning)\n|l|\u2606Avinobellissimo\n|c|\u2606Smuggzz|gg\n","uploadtime":1700724140,"views":4,"p1id":"avinobellissimo","p2id":"smuggzz","formatid":"gen9nationaldex","rating":1365,"private":0,"password":""}