{"id":"gen9nationaldex-1990244862","p1":"I am interested","p2":"Sly Killdex 2","format":"[Gen 9] National Dex","log":"|j|\u2606I am interested\n|j|\u2606Sly Killdex 2\n|t:|1699943598\n|gametype|singles\n|player|p1|I am interested|worker|1119\n|player|p2|Sly Killdex 2|volkner|1038\n|teamsize|p1|6\n|teamsize|p2|6\n|gen|9\n|tier|[Gen 9] National Dex\n|rated|\n|rule|HP Percentage Mod: HP is shown in percentages\n|rule|Endless Battle Clause: Forcing endless battles is banned\n|rule|OHKO Clause: OHKO moves are banned\n|rule|Evasion Clause: Evasion abilities, items, and moves are banned\n|rule|Evasion Abilities Clause: Evasion abilities are banned\n|rule|Evasion Items Clause: Evasion items are banned\n|rule|Evasion Moves Clause: Evasion moves are banned\n|rule|Species Clause: Limit one of each Pok\u00e9mon\n|rule|Sleep Clause Mod: Limit one foe put to sleep\n|clearpoke\n|poke|p1|Gliscor, F|\n|poke|p1|Toxapex, F|\n|poke|p1|Pinsir, M|\n|poke|p1|Greninja-*, M|\n|poke|p1|Glimmora, F|\n|poke|p1|Corviknight, M|\n|poke|p2|Sliggoo, M|\n|poke|p2|Carbink|\n|poke|p2|Dedenne, M|\n|poke|p2|Hawlucha, F|\n|poke|p2|Sylveon, M|\n|poke|p2|Aurorus, F|\n|teampreview\n|inactive|Battle timer is ON: inactive players will automatically lose when time's up. (requested by I am interested)\n|\n|t:|1699943618\n|start\n|switch|p1a: Glimmora|Glimmora, F|100\/100\n|switch|p2a: Dedenne|Dedenne, M|100\/100\n|turn|1\n|\n|t:|1699943621\n|move|p2a: Dedenne|Nuzzle|p1a: Glimmora\n|-damage|p1a: Glimmora|96\/100\n|-status|p1a: Glimmora|par\n|-activate|p1a: Glimmora|ability: Toxic Debris\n|-sidestart|p2: Sly Killdex 2|move: Toxic Spikes\n|cant|p1a: Glimmora|par\n|\n|upkeep\n|turn|2\n|\n|t:|1699943626\n|move|p2a: Dedenne|Thunderbolt|p1a: Glimmora\n|-damage|p1a: Glimmora|60\/100 par\n|move|p1a: Glimmora|Mortal Spin|p2a: Dedenne\n|-supereffective|p2a: Dedenne\n|-damage|p2a: Dedenne|74\/100\n|-status|p2a: Dedenne|psn\n|\n|-damage|p2a: Dedenne|62\/100 psn|[from] psn\n|upkeep\n|turn|3\n|\n|t:|1699943630\n|move|p2a: Dedenne|Thunderbolt|p1a: Glimmora\n|-damage|p1a: Glimmora|22\/100 par\n|cant|p1a: Glimmora|par\n|\n|-damage|p2a: Dedenne|50\/100 psn|[from] psn\n|upkeep\n|-enditem|p2a: Dedenne|Sitrus Berry|[eat]\n|-heal|p2a: Dedenne|74\/100 psn|[from] item: Sitrus Berry\n|-heal|p2a: Dedenne|100\/100 psn|[from] ability: Cheek Pouch\n|turn|4\n|\n|t:|1699943633\n|move|p2a: Dedenne|Thunderbolt|p1a: Glimmora\n|-damage|p1a: Glimmora|0 fnt\n|faint|p1a: Glimmora\n|\n|-damage|p2a: Dedenne|88\/100 psn|[from] psn\n|upkeep\n|\n|t:|1699943637\n|switch|p1a: Gliscor|Gliscor, F|100\/100\n|turn|5\n|\n|t:|1699943655\n|switch|p2a: Hawlucha|Hawlucha, F|100\/100\n|-ability|p2a: Hawlucha|Mold Breaker\n|move|p1a: Gliscor|Earthquake|p2a: Hawlucha\n|-immune|p2a: Hawlucha\n|\n|-status|p1a: Gliscor|tox|[from] item: Toxic Orb\n|upkeep\n|turn|6\n|\n|t:|1699943672\n|move|p2a: Hawlucha|Swords Dance|p2a: Hawlucha\n|-boost|p2a: Hawlucha|atk|2\n|move|p1a: Gliscor|Knock Off|p2a: Hawlucha\n|-resisted|p2a: Hawlucha\n|-damage|p2a: Hawlucha|85\/100\n|-enditem|p2a: Hawlucha|Life Orb|[from] move: Knock Off|[of] p1a: Gliscor\n|\n|upkeep\n|turn|7\n|\n|t:|1699943681\n|switch|p1a: Greninja|Greninja, M|100\/100\n|move|p2a: Hawlucha|Swords Dance|p2a: Hawlucha\n|-boost|p2a: Hawlucha|atk|2\n|\n|upkeep\n|turn|8\n|\n|t:|1699943687\n|-terastallize|p2a: Hawlucha|Fighting\n|move|p1a: Greninja|Surf|p2a: Hawlucha\n|-damage|p2a: Hawlucha|19\/100\n|move|p2a: Hawlucha|Close Combat|p1a: Greninja\n|-supereffective|p1a: Greninja\n|-damage|p1a: Greninja|0 fnt\n|-unboost|p2a: Hawlucha|def|1\n|-unboost|p2a: Hawlucha|spd|1\n|faint|p1a: Greninja\n|\n|upkeep\n|\n|t:|1699943691\n|switch|p1a: Pinsir|Pinsir, M|100\/100\n|turn|9\n|\n|t:|1699943696\n|detailschange|p1a: Pinsir|Pinsir-Mega, M\n|-mega|p1a: Pinsir|Pinsir|Pinsirite\n|move|p1a: Pinsir|Quick Attack|p2a: Hawlucha\n|-supereffective|p2a: Hawlucha\n|-damage|p2a: Hawlucha|0 fnt\n|faint|p2a: Hawlucha\n|\n|upkeep\n|\n|t:|1699943702\n|switch|p2a: Carbink|Carbink|100\/100\n|-status|p2a: Carbink|psn\n|turn|10\n|\n|t:|1699943705\n|switch|p1a: Corviknight|Corviknight, M|100\/100\n|-ability|p1a: Corviknight|Pressure\n|move|p2a: Carbink|Power Gem|p1a: Corviknight\n|-crit|p1a: Corviknight\n|-damage|p1a: Corviknight|78\/100\n|\n|-heal|p1a: Corviknight|84\/100|[from] item: Leftovers\n|-damage|p2a: Carbink|88\/100 psn|[from] psn\n|upkeep\n|turn|11\n|\n|t:|1699943709\n|switch|p2a: Dedenne|Dedenne, M|88\/100 psn\n|move|p1a: Corviknight|Iron Defense|p1a: Corviknight\n|-boost|p1a: Corviknight|def|2\n|\n|-heal|p1a: Corviknight|90\/100|[from] item: Leftovers\n|-damage|p2a: Dedenne|76\/100 psn|[from] psn\n|upkeep\n|turn|12\n|\n|t:|1699943713\n|switch|p1a: Gliscor|Gliscor, F|100\/100 tox\n|move|p2a: Dedenne|Thunderbolt|p1a: Gliscor\n|-immune|p1a: Gliscor\n|\n|-damage|p2a: Dedenne|63\/100 psn|[from] psn\n|upkeep\n|turn|13\n|\n|t:|1699943717\n|move|p2a: Dedenne|Dazzling Gleam|p1a: Gliscor\n|-damage|p1a: Gliscor|65\/100 tox\n|move|p1a: Gliscor|Earthquake|p2a: Dedenne\n|-supereffective|p2a: Dedenne\n|-damage|p2a: Dedenne|0 fnt\n|faint|p2a: Dedenne\n|\n|-heal|p1a: Gliscor|77\/100 tox|[from] ability: Poison Heal\n|upkeep\n|\n|t:|1699943721\n|switch|p2a: Aurorus|Aurorus, F|100\/100\n|-status|p2a: Aurorus|psn\n|-weather|Snow|[from] ability: Snow Warning|[of] p2a: Aurorus\n|turn|14\n|\n|t:|1699943726\n|move|p1a: Gliscor|Earthquake|p2a: Aurorus\n|-supereffective|p2a: Aurorus\n|-damage|p2a: Aurorus|53\/100 psn\n|move|p2a: Aurorus|Blizzard|p1a: Gliscor\n|-supereffective|p1a: Gliscor\n|-damage|p1a: Gliscor|0 fnt\n|faint|p1a: Gliscor\n|-damage|p2a: Aurorus|43\/100 psn|[from] item: Life Orb\n|\n|-weather|Snow|[upkeep]\n|-damage|p2a: Aurorus|31\/100 psn|[from] psn\n|upkeep\n|\n|t:|1699943737\n|switch|p1a: Toxapex|Toxapex, F|100\/100\n|turn|15\n|\n|t:|1699943746\n|move|p2a: Aurorus|Thunderbolt|p1a: Toxapex\n|-supereffective|p1a: Toxapex\n|-damage|p1a: Toxapex|57\/100\n|-damage|p2a: Aurorus|21\/100 psn|[from] item: Life Orb\n|move|p1a: Toxapex|Scald|p2a: Aurorus\n|-supereffective|p2a: Aurorus\n|-damage|p2a: Aurorus|0 fnt\n|faint|p2a: Aurorus\n|\n|-weather|Snow|[upkeep]\n|-heal|p1a: Toxapex|63\/100|[from] item: Leftovers\n|upkeep\n|\n|t:|1699943755\n|switch|p2a: Carbink|Carbink|88\/100 psn\n|turn|16\n|\n|t:|1699943759\n|move|p2a: Carbink|Power Gem|p1a: Toxapex\n|-damage|p1a: Toxapex|53\/100\n|move|p1a: Toxapex|Scald|p2a: Carbink\n|-supereffective|p2a: Carbink\n|-damage|p2a: Carbink|67\/100 psn\n|-enditem|p2a: Carbink|Weakness Policy\n|-boost|p2a: Carbink|atk|2|[from] item: Weakness Policy\n|-boost|p2a: Carbink|spa|2|[from] item: Weakness Policy\n|\n|-weather|Snow|[upkeep]\n|-heal|p1a: Toxapex|59\/100|[from] item: Leftovers\n|-damage|p2a: Carbink|54\/100 psn|[from] psn\n|upkeep\n|turn|17\n|\n|t:|1699943763\n|move|p2a: Carbink|Power Gem|p1a: Toxapex\n|-damage|p1a: Toxapex|39\/100\n|move|p1a: Toxapex|Scald|p2a: Carbink\n|-supereffective|p2a: Carbink\n|-damage|p2a: Carbink|34\/100 psn\n|\n|-weather|Snow|[upkeep]\n|-heal|p1a: Toxapex|46\/100|[from] item: Leftovers\n|-damage|p2a: Carbink|22\/100 psn|[from] psn\n|upkeep\n|turn|18\n|\n|t:|1699943768\n|move|p2a: Carbink|Power Gem|p1a: Toxapex\n|-damage|p1a: Toxapex|26\/100\n|move|p1a: Toxapex|Recover|p1a: Toxapex\n|-heal|p1a: Toxapex|76\/100\n|\n|-weather|none\n|-heal|p1a: Toxapex|83\/100|[from] item: Leftovers\n|-damage|p2a: Carbink|9\/100 psn|[from] psn\n|upkeep\n|turn|19\n|\n|t:|1699943772\n|move|p1a: Toxapex|Baneful Bunker|p1a: Toxapex\n|-singleturn|p1a: Toxapex|move: Protect\n|move|p2a: Carbink|Power Gem|p1a: Toxapex\n|-activate|p1a: Toxapex|move: Protect\n|\n|-heal|p1a: Toxapex|89\/100|[from] item: Leftovers\n|-damage|p2a: Carbink|0 fnt|[from] psn\n|faint|p2a: Carbink\n|upkeep\n|\n|t:|1699943778\n|switch|p2a: Sliggoo|Sliggoo, M|100\/100\n|-status|p2a: Sliggoo|psn\n|turn|20\n|\n|t:|1699943781\n|move|p2a: Sliggoo|Thunderbolt|p1a: Toxapex\n|-supereffective|p1a: Toxapex\n|-damage|p1a: Toxapex|56\/100\n|move|p1a: Toxapex|Scald|p2a: Sliggoo\n|-resisted|p2a: Sliggoo\n|-damage|p2a: Sliggoo|96\/100 psn\n|\n|-heal|p1a: Toxapex|62\/100|[from] item: Leftovers\n|-damage|p2a: Sliggoo|83\/100 psn|[from] psn\n|upkeep\n|turn|21\n|\n|t:|1699943786\n|move|p2a: Sliggoo|Thunderbolt|p1a: Toxapex\n|-supereffective|p1a: Toxapex\n|-damage|p1a: Toxapex|29\/100\n|move|p1a: Toxapex|Recover|p1a: Toxapex\n|-heal|p1a: Toxapex|79\/100\n|\n|-heal|p1a: Toxapex|85\/100|[from] item: Leftovers\n|-damage|p2a: Sliggoo|71\/100 psn|[from] psn\n|upkeep\n|turn|22\n|\n|t:|1699943790\n|move|p1a: Toxapex|Baneful Bunker|p1a: Toxapex\n|-singleturn|p1a: Toxapex|move: Protect\n|move|p2a: Sliggoo|Thunderbolt|p1a: Toxapex\n|-activate|p1a: Toxapex|move: Protect\n|\n|-heal|p1a: Toxapex|91\/100|[from] item: Leftovers\n|-damage|p2a: Sliggoo|59\/100 psn|[from] psn\n|upkeep\n|turn|23\n|\n|t:|1699943793\n|move|p2a: Sliggoo|Thunderbolt|p1a: Toxapex\n|-supereffective|p1a: Toxapex\n|-damage|p1a: Toxapex|58\/100\n|-status|p1a: Toxapex|par\n|move|p1a: Toxapex|Scald|p2a: Sliggoo\n|-resisted|p2a: Sliggoo\n|-damage|p2a: Sliggoo|53\/100 psn\n|\n|-heal|p1a: Toxapex|64\/100 par|[from] item: Leftovers\n|-damage|p2a: Sliggoo|41\/100 psn|[from] psn\n|upkeep\n|turn|24\n|\n|t:|1699943797\n|move|p2a: Sliggoo|Thunderbolt|p1a: Toxapex\n|-supereffective|p1a: Toxapex\n|-damage|p1a: Toxapex|30\/100 par\n|move|p1a: Toxapex|Recover|p1a: Toxapex\n|-heal|p1a: Toxapex|80\/100 par\n|\n|-heal|p1a: Toxapex|86\/100 par|[from] item: Leftovers\n|-damage|p2a: Sliggoo|29\/100 psn|[from] psn\n|upkeep\n|turn|25\n|\n|t:|1699943802\n|cant|p1a: Toxapex|par\n|move|p2a: Sliggoo|Thunderbolt|p1a: Toxapex\n|-supereffective|p1a: Toxapex\n|-damage|p1a: Toxapex|56\/100 par\n|\n|-heal|p1a: Toxapex|62\/100 par|[from] item: Leftovers\n|-damage|p2a: Sliggoo|16\/100 psn|[from] psn\n|upkeep\n|turn|26\n|\n|t:|1699943808\n|move|p2a: Sliggoo|Thunderbolt|p1a: Toxapex\n|-supereffective|p1a: Toxapex\n|-damage|p1a: Toxapex|30\/100 par\n|move|p1a: Toxapex|Scald|p2a: Sliggoo\n|-resisted|p2a: Sliggoo\n|-damage|p2a: Sliggoo|12\/100 psn\n|\n|-heal|p1a: Toxapex|36\/100 par|[from] item: Leftovers\n|-damage|p2a: Sliggoo|0 fnt|[from] psn\n|faint|p2a: Sliggoo\n|upkeep\n|\n|t:|1699943811\n|switch|p2a: Sylveon|Sylveon, M|100\/100\n|-status|p2a: Sylveon|psn\n|turn|27\n|\n|t:|1699943818\n|move|p2a: Sylveon|Tera Blast|p1a: Toxapex\n|-resisted|p1a: Toxapex\n|-damage|p1a: Toxapex|24\/100 par\n|move|p1a: Toxapex|Scald|p2a: Sylveon\n|-damage|p2a: Sylveon|89\/100 psn\n|\n|-heal|p2a: Sylveon|95\/100 psn|[from] item: Leftovers\n|-heal|p1a: Toxapex|30\/100 par|[from] item: Leftovers\n|-damage|p2a: Sylveon|83\/100 psn|[from] psn\n|upkeep\n|turn|28\n|\n|t:|1699943822\n|move|p2a: Sylveon|Calm Mind|p2a: Sylveon\n|-boost|p2a: Sylveon|spa|1\n|-boost|p2a: Sylveon|spd|1\n|cant|p1a: Toxapex|par\n|\n|-heal|p2a: Sylveon|89\/100 psn|[from] item: Leftovers\n|-heal|p1a: Toxapex|36\/100 par|[from] item: Leftovers\n|-damage|p2a: Sylveon|76\/100 psn|[from] psn\n|upkeep\n|turn|29\n|\n|t:|1699943826\n|move|p2a: Sylveon|Tera Blast|p1a: Toxapex\n|-resisted|p1a: Toxapex\n|-crit|p1a: Toxapex\n|-damage|p1a: Toxapex|9\/100 par\n|move|p1a: Toxapex|Scald|p2a: Sylveon\n|-damage|p2a: Sylveon|69\/100 psn\n|\n|-heal|p2a: Sylveon|75\/100 psn|[from] item: Leftovers\n|-heal|p1a: Toxapex|15\/100 par|[from] item: Leftovers\n|-damage|p2a: Sylveon|62\/100 psn|[from] psn\n|upkeep\n|turn|30\n|\n|t:|1699943829\n|move|p2a: Sylveon|Tera Blast|p1a: Toxapex\n|-resisted|p1a: Toxapex\n|-damage|p1a: Toxapex|0 fnt\n|faint|p1a: Toxapex\n|\n|-heal|p2a: Sylveon|68\/100 psn|[from] item: Leftovers\n|-damage|p2a: Sylveon|56\/100 psn|[from] psn\n|upkeep\n|\n|t:|1699943832\n|switch|p1a: Pinsir|Pinsir-Mega, M|100\/100\n|turn|31\n|\n|t:|1699943839\n|move|p1a: Pinsir|Swords Dance|p1a: Pinsir\n|-boost|p1a: Pinsir|atk|2\n|move|p2a: Sylveon|Tera Blast|p1a: Pinsir\n|-damage|p1a: Pinsir|31\/100\n|\n|-heal|p2a: Sylveon|62\/100 psn|[from] item: Leftovers\n|-damage|p2a: Sylveon|49\/100 psn|[from] psn\n|upkeep\n|turn|32\n|\n|t:|1699943843\n|move|p1a: Pinsir|Quick Attack|p2a: Sylveon\n|-damage|p2a: Sylveon|6\/100 psn\n|move|p2a: Sylveon|Tera Blast|p1a: Pinsir\n|-damage|p1a: Pinsir|0 fnt\n|faint|p1a: Pinsir\n|\n|-heal|p2a: Sylveon|12\/100 psn|[from] item: Leftovers\n|-damage|p2a: Sylveon|0 fnt|[from] psn\n|faint|p2a: Sylveon\n|\n|win|I am interested\n|upkeep\n|raw|I am interested's rating: 1119 &rarr; <strong>1138<\/strong><br \/>(+19 for winning)\n|raw|Sly Killdex 2's rating: 1038 &rarr; <strong>1026<\/strong><br \/>(-12 for losing)\n|l|\u2606I am interested\n","uploadtime":1699943879,"views":4,"p1id":"iaminterested","p2id":"slykilldex2","formatid":"gen9nationaldex","rating":1026,"private":0,"password":""}