{"id":"gen9nationaldex-1996964431","p1":"mops2002","p2":"Will55555","format":"[Gen 9] National Dex","log":"|html|<div class=\"broadcast-blue\"><strong>[Gen 9] National Dex is currently suspecting Sneasler! For information on how to participate check out the <a href=\"https:\/\/www.smogon.com\/forums\/threads\/sv-national-dex-suspect-8-just-dance.3731534\/\">suspect thread<\/a>.<\/strong><\/div>\n|j|\u2606mops2002\n|j|\u2606Will55555\n|t:|1700750338\n|gametype|singles\n|player|p1|mops2002|265|\n|player|p2|Will55555|266|\n|teamsize|p1|6\n|teamsize|p2|6\n|gen|9\n|tier|[Gen 9] National Dex\n|rule|HP Percentage Mod: HP is shown in percentages\n|rule|Endless Battle Clause: Forcing endless battles is banned\n|rule|OHKO Clause: OHKO moves are banned\n|rule|Evasion Clause: Evasion abilities, items, and moves are banned\n|rule|Evasion Abilities Clause: Evasion abilities are banned\n|rule|Evasion Items Clause: Evasion items are banned\n|rule|Evasion Moves Clause: Evasion moves are banned\n|rule|Species Clause: Limit one of each Pok\u00e9mon\n|rule|Sleep Clause Mod: Limit one foe put to sleep\n|clearpoke\n|poke|p1|Venusaur, F|\n|poke|p1|Rotom-Mow|\n|poke|p1|Ferrothorn, M|\n|poke|p1|Toedscruel, M|\n|poke|p1|Sinistcha|\n|poke|p1|Meowscarada, M|\n|poke|p2|Pawmot, M|\n|poke|p2|Blissey, F|\n|poke|p2|Alomomola, F|\n|poke|p2|Iron Valiant|\n|poke|p2|Landorus-Therian, M|\n|poke|p2|Dragonite, M|\n|teampreview\n|\n|t:|1700750358\n|start\n|switch|p1a: Toedscruel|Toedscruel, M|100\/100\n|switch|p2a: Landorus|Landorus-Therian, M|100\/100\n|-ability|p2a: Landorus|Intimidate|boost\n|-unboost|p1a: Toedscruel|atk|1\n|turn|1\n|\n|t:|1700750367\n|move|p2a: Landorus|Stealth Rock|p1a: Toedscruel\n|-sidestart|p1: mops2002|move: Stealth Rock\n|move|p1a: Toedscruel|Toxic Spikes|p2a: Landorus\n|-sidestart|p2: Will55555|move: Toxic Spikes\n|\n|upkeep\n|turn|2\n|\n|t:|1700750386\n|move|p2a: Landorus|U-turn|p1a: Toedscruel\n|-supereffective|p1a: Toedscruel\n|-damage|p1a: Toedscruel|43\/100\n|\n|t:|1700750390\n|switch|p2a: Dragonite|Dragonite, M|100\/100|[from] U-turn\n|move|p1a: Toedscruel|Toxic Spikes|p2a: Dragonite\n|-sidestart|p2: Will55555|move: Toxic Spikes\n|\n|upkeep\n|turn|3\n|\n|t:|1700750415\n|switch|p1a: Sinistcha|Sinistcha|100\/100\n|-damage|p1a: Sinistcha|88\/100|[from] Stealth Rock\n|move|p2a: Dragonite|Extreme Speed|p1a: Sinistcha\n|-immune|p1a: Sinistcha\n|\n|-heal|p1a: Sinistcha|94\/100|[from] item: Leftovers\n|upkeep\n|turn|4\n|\n|t:|1700750439\n|move|p2a: Dragonite|Dragon Dance|p2a: Dragonite\n|-boost|p2a: Dragonite|atk|1\n|-boost|p2a: Dragonite|spe|1\n|move|p1a: Sinistcha|Calm Mind|p1a: Sinistcha\n|-boost|p1a: Sinistcha|spa|1\n|-boost|p1a: Sinistcha|spd|1\n|\n|-heal|p1a: Sinistcha|99\/100|[from] item: Leftovers\n|upkeep\n|turn|5\n|\n|t:|1700750475\n|move|p2a: Dragonite|Dragon Dance|p2a: Dragonite\n|-boost|p2a: Dragonite|atk|1\n|-boost|p2a: Dragonite|spe|1\n|move|p1a: Sinistcha|Strength Sap|p2a: Dragonite\n|-unboost|p2a: Dragonite|atk|1\n|-heal|p1a: Sinistcha|100\/100\n|\n|upkeep\n|turn|6\n|\n|t:|1700750485\n|move|p2a: Dragonite|Dragon Dance|p2a: Dragonite\n|-boost|p2a: Dragonite|atk|1\n|-boost|p2a: Dragonite|spe|1\n|move|p1a: Sinistcha|Matcha Gotcha|p2a: Dragonite\n|-resisted|p2a: Dragonite\n|-damage|p2a: Dragonite|94\/100\n|\n|upkeep\n|turn|7\n|\n|t:|1700750496\n|move|p2a: Dragonite|Outrage|p1a: Sinistcha\n|-damage|p1a: Sinistcha|0 fnt\n|faint|p1a: Sinistcha\n|\n|upkeep\n|\n|t:|1700750509\n|switch|p1a: Venusaur|Venusaur, F|100\/100\n|-damage|p1a: Venusaur|88\/100|[from] Stealth Rock\n|turn|8\n|\n|t:|1700750516\n|detailschange|p1a: Venusaur|Venusaur-Mega, F\n|-mega|p1a: Venusaur|Venusaur|Venusaurite\n|move|p2a: Dragonite|Outrage|p1a: Venusaur|[from]lockedmove\n|-damage|p1a: Venusaur|0 fnt\n|faint|p1a: Venusaur\n|-start|p2a: Dragonite|confusion|[fatigue]\n|\n|upkeep\n|\n|t:|1700750524\n|switch|p1a: Rotom|Rotom-Mow|100\/100\n|-damage|p1a: Rotom|88\/100|[from] Stealth Rock\n|turn|9\n|\n|t:|1700750532\n|-terastallize|p1a: Rotom|Ice\n|-activate|p2a: Dragonite|confusion\n|-damage|p2a: Dragonite|61\/100|[from] confusion\n|move|p1a: Rotom|Tera Blast|p2a: Dragonite|[anim] Tera Blast Ice\n|-supereffective|p2a: Dragonite\n|-damage|p2a: Dragonite|0 fnt\n|faint|p2a: Dragonite\n|\n|upkeep\n|\n|t:|1700750563\n|switch|p2a: Alomomola|Alomomola, F|100\/100\n|turn|10\n|\n|t:|1700750574\n|switch|p1a: Ferrothorn|Ferrothorn, M|100\/100\n|-damage|p1a: Ferrothorn|95\/100|[from] Stealth Rock\n|move|p2a: Alomomola|Toxic|p1a: Ferrothorn\n|-immune|p1a: Ferrothorn\n|\n|upkeep\n|turn|11\n|\n|t:|1700750596\n|move|p2a: Alomomola|Flip Turn|p1a: Ferrothorn\n|-resisted|p1a: Ferrothorn\n|-damage|p1a: Ferrothorn|89\/100\n|-damage|p2a: Alomomola|88\/100|[from] ability: Iron Barbs|[of] p1a: Ferrothorn\n|-damage|p2a: Alomomola|71\/100|[from] item: Rocky Helmet|[of] p1a: Ferrothorn\n|\n|t:|1700750602\n|switch|p2a: Landorus|Landorus-Therian, M|100\/100|[from] Flip Turn\n|-ability|p2a: Landorus|Intimidate|boost\n|-unboost|p1a: Ferrothorn|atk|1\n|move|p1a: Ferrothorn|Stealth Rock|p2a: Landorus\n|-sidestart|p2: Will55555|move: Stealth Rock\n|\n|upkeep\n|turn|12\n|\n|t:|1700750612\n|move|p2a: Landorus|Defog|p1a: Ferrothorn\n|-unboost|p1a: Ferrothorn|evasion|1\n|-sideend|p1: mops2002|Stealth Rock|[from] move: Defog|[of] p2a: Landorus\n|-sideend|p2: Will55555|Toxic Spikes|[from] move: Defog|[of] p2a: Landorus\n|-sideend|p2: Will55555|Stealth Rock|[from] move: Defog|[of] p2a: Landorus\n|move|p1a: Ferrothorn|Leech Seed|p2a: Landorus\n|-start|p2a: Landorus|move: Leech Seed\n|\n|-damage|p2a: Landorus|88\/100|[from] Leech Seed|[of] p1a: Ferrothorn\n|-heal|p1a: Ferrothorn|100\/100|[silent]\n|upkeep\n|turn|13\n|\n|t:|1700750643\n|move|p2a: Landorus|U-turn|p1a: Ferrothorn\n|-damage|p1a: Ferrothorn|88\/100\n|-damage|p2a: Landorus|76\/100|[from] ability: Iron Barbs|[of] p1a: Ferrothorn\n|-damage|p2a: Landorus|59\/100|[from] item: Rocky Helmet|[of] p1a: Ferrothorn\n|\n|t:|1700750648\n|switch|p2a: Pawmot|Pawmot, M|100\/100|[from] U-turn\n|move|p1a: Ferrothorn|Knock Off|p2a: Pawmot\n|-resisted|p2a: Pawmot\n|-damage|p2a: Pawmot|88\/100\n|-enditem|p2a: Pawmot|Leppa Berry|[from] move: Knock Off|[of] p1a: Ferrothorn\n|\n|upkeep\n|turn|14\n|\n|t:|1700750694\n|switch|p1a: Meowscarada|Meowscarada, M|100\/100\n|move|p2a: Pawmot|Close Combat|p1a: Meowscarada\n|-supereffective|p1a: Meowscarada\n|-damage|p1a: Meowscarada|0 fnt\n|-unboost|p2a: Pawmot|def|1\n|-unboost|p2a: Pawmot|spd|1\n|faint|p1a: Meowscarada\n|\n|upkeep\n|c|\u2606mops2002|gg, gonna lose this\n|\n|t:|1700750706\n|switch|p1a: Rotom|Rotom-Mow, tera:Ice|88\/100\n|turn|15\n|\n|t:|1700750712\n|move|p1a: Rotom|Tera Blast|p2a: Pawmot|[anim] Tera Blast Ice\n|-damage|p2a: Pawmot|0 fnt\n|faint|p2a: Pawmot\n|\n|upkeep\n|\n|t:|1700750720\n|switch|p2a: Alomomola|Alomomola, F|100\/100\n|turn|16\n|\n|t:|1700750726\n|switch|p1a: Ferrothorn|Ferrothorn, M|88\/100\n|move|p2a: Alomomola|Wish|p2a: Alomomola\n|\n|upkeep\n|turn|17\n|\n|t:|1700750732\n|switch|p2a: Landorus|Landorus-Therian, M|59\/100\n|-ability|p2a: Landorus|Intimidate|boost\n|-unboost|p1a: Ferrothorn|atk|1\n|move|p1a: Ferrothorn|Stealth Rock|p2a: Landorus\n|-sidestart|p2: Will55555|move: Stealth Rock\n|\n|-heal|p2a: Landorus|100\/100|[from] move: Wish|[wisher] Alomomola\n|upkeep\n|turn|18\n|\n|t:|1700750752\n|move|p2a: Landorus|Defog|p1a: Ferrothorn\n|-unboost|p1a: Ferrothorn|evasion|1\n|-sideend|p2: Will55555|Stealth Rock|[from] move: Defog|[of] p2a: Landorus\n|move|p1a: Ferrothorn|Leech Seed|p2a: Landorus\n|-start|p2a: Landorus|move: Leech Seed\n|\n|-damage|p2a: Landorus|88\/100|[from] Leech Seed|[of] p1a: Ferrothorn\n|-heal|p1a: Ferrothorn|100\/100|[silent]\n|upkeep\n|turn|19\n|\n|t:|1700750779\n|move|p2a: Landorus|U-turn|p1a: Ferrothorn\n|-damage|p1a: Ferrothorn|88\/100\n|-damage|p2a: Landorus|76\/100|[from] ability: Iron Barbs|[of] p1a: Ferrothorn\n|-damage|p2a: Landorus|59\/100|[from] item: Rocky Helmet|[of] p1a: Ferrothorn\n|\n|t:|1700750798\n|switch|p2a: Iron Valiant|Iron Valiant|100\/100|[from] U-turn\n|-enditem|p2a: Iron Valiant|Booster Energy\n|-activate|p2a: Iron Valiant|ability: Quark Drive|[fromitem]\n|-start|p2a: Iron Valiant|quarkdrivespe\n|move|p1a: Ferrothorn|Knock Off|p2a: Iron Valiant\n|-resisted|p2a: Iron Valiant\n|-damage|p2a: Iron Valiant|97\/100\n|\n|upkeep\n|turn|20\n|\n|t:|1700750812\n|move|p2a: Iron Valiant|Encore|p1a: Ferrothorn\n|-start|p1a: Ferrothorn|Encore\n|move|p1a: Ferrothorn|Knock Off|p2a: Iron Valiant\n|-resisted|p2a: Iron Valiant\n|-damage|p2a: Iron Valiant|94\/100\n|\n|upkeep\n|turn|21\n|\n|t:|1700750820\n|switch|p1a: Toedscruel|Toedscruel, M|43\/100\n|move|p2a: Iron Valiant|Calm Mind|p2a: Iron Valiant\n|-boost|p2a: Iron Valiant|spa|1\n|-boost|p2a: Iron Valiant|spd|1\n|\n|upkeep\n|turn|22\n|\n|t:|1700750840\n|move|p2a: Iron Valiant|Moonblast|p1a: Toedscruel\n|-damage|p1a: Toedscruel|0 fnt\n|faint|p1a: Toedscruel\n|\n|upkeep\n|\n|t:|1700750845\n|switch|p1a: Ferrothorn|Ferrothorn, M|88\/100\n|turn|23\n|\n|t:|1700750864\n|move|p2a: Iron Valiant|Moonblast|p1a: Ferrothorn\n|-resisted|p1a: Ferrothorn\n|-damage|p1a: Ferrothorn|60\/100\n|-unboost|p1a: Ferrothorn|spa|1\n|move|p1a: Ferrothorn|Body Press|p2a: Iron Valiant\n|-resisted|p2a: Iron Valiant\n|-damage|p2a: Iron Valiant|74\/100\n|\n|upkeep\n|turn|24\n|\n|t:|1700750876\n|move|p2a: Iron Valiant|Encore|p1a: Ferrothorn\n|-start|p1a: Ferrothorn|Encore\n|move|p1a: Ferrothorn|Body Press|p2a: Iron Valiant\n|-resisted|p2a: Iron Valiant\n|-damage|p2a: Iron Valiant|55\/100\n|\n|upkeep\n|turn|25\n|\n|t:|1700750886\n|move|p2a: Iron Valiant|Calm Mind|p2a: Iron Valiant\n|-boost|p2a: Iron Valiant|spa|1\n|-boost|p2a: Iron Valiant|spd|1\n|move|p1a: Ferrothorn|Body Press|p2a: Iron Valiant\n|-resisted|p2a: Iron Valiant\n|-damage|p2a: Iron Valiant|36\/100\n|\n|upkeep\n|turn|26\n|\n|t:|1700750904\n|switch|p1a: Rotom|Rotom-Mow, tera:Ice|88\/100\n|move|p2a: Iron Valiant|Moonblast|p1a: Rotom\n|-damage|p1a: Rotom|0 fnt\n|faint|p1a: Rotom\n|\n|upkeep\n|\n|t:|1700750912\n|switch|p1a: Ferrothorn|Ferrothorn, M|60\/100\n|turn|27\n|\n|t:|1700750915\n|move|p2a: Iron Valiant|Moonblast|p1a: Ferrothorn\n|-resisted|p1a: Ferrothorn\n|-damage|p1a: Ferrothorn|23\/100\n|move|p1a: Ferrothorn|Body Press|p2a: Iron Valiant\n|-resisted|p2a: Iron Valiant\n|-damage|p2a: Iron Valiant|17\/100\n|\n|upkeep\n|turn|28\n|c|\u2606Will55555|gg\n|\n|t:|1700750924\n|move|p2a: Iron Valiant|Moonblast|p1a: Ferrothorn\n|-resisted|p1a: Ferrothorn\n|-damage|p1a: Ferrothorn|0 fnt\n|faint|p1a: Ferrothorn\n|\n|win|Will55555\n|c|\u2606mops2002|gg\n|c|\u2606Will55555|wp\n","uploadtime":1700750937,"views":1,"p1id":"mops2002","p2id":"will55555","formatid":"gen9nationaldex","rating":0,"private":0,"password":""}