{"id":"gen9nationaldex-1988323732","p1":"wzy52013145","p2":"xyf13511744988","format":"[Gen 9] National Dex","log":"|j|\u2606wzy52013145\n|j|\u2606xyf13511744988\n|t:|1699708556\n|gametype|singles\n|player|p1|wzy52013145|allister-masters|1664\n|player|p2|xyf13511744988|170|1824\n|teamsize|p1|6\n|teamsize|p2|6\n|gen|9\n|tier|[Gen 9] National Dex\n|rated|\n|rule|HP Percentage Mod: HP is shown in percentages\n|rule|Endless Battle Clause: Forcing endless battles is banned\n|rule|OHKO Clause: OHKO moves are banned\n|rule|Evasion Clause: Evasion abilities, items, and moves are banned\n|rule|Evasion Abilities Clause: Evasion abilities are banned\n|rule|Evasion Items Clause: Evasion items are banned\n|rule|Evasion Moves Clause: Evasion moves are banned\n|rule|Species Clause: Limit one of each Pok\u00e9mon\n|rule|Sleep Clause Mod: Limit one foe put to sleep\n|clearpoke\n|poke|p1|Tapu Koko|\n|poke|p1|Sneasler, F|\n|poke|p1|Dragonite, M|\n|poke|p1|Ferrothorn, F|\n|poke|p1|Iron Hands|\n|poke|p1|Sandy Shocks|\n|poke|p2|Tapu Lele|\n|poke|p2|Sneasler, F|\n|poke|p2|Zamazenta-*|\n|poke|p2|Dragonite, F|\n|poke|p2|Iron Treads|\n|poke|p2|Iron Moth|\n|teampreview\n|inactive|Battle timer is ON: inactive players will automatically lose when time's up. (requested by wzy52013145)\n|\n|t:|1699708590\n|start\n|switch|p1a: Tapu Koko|Tapu Koko|100\/100\n|switch|p2a: Iron Moth|Iron Moth|100\/100\n|-fieldstart|move: Electric Terrain|[from] ability: Electric Surge|[of] p1a: Tapu Koko\n|-activate|p2a: Iron Moth|ability: Quark Drive\n|-start|p2a: Iron Moth|quarkdrivespe\n|turn|1\n|\n|t:|1699708596\n|switch|p1a: Sandy Shocks|Sandy Shocks|100\/100\n|move|p2a: Iron Moth|Toxic Spikes|p1a: Sandy Shocks\n|-sidestart|p1: wzy52013145|move: Toxic Spikes\n|\n|upkeep\n|turn|2\n|\n|t:|1699708606\n|-terastallize|p2a: Iron Moth|Grass\n|move|p2a: Iron Moth|Flamethrower|p1a: Sandy Shocks\n|-damage|p1a: Sandy Shocks|44\/100\n|move|p1a: Sandy Shocks|Earth Power|p2a: Iron Moth\n|-resisted|p2a: Iron Moth\n|-damage|p2a: Iron Moth|75\/100\n|-damage|p1a: Sandy Shocks|34\/100|[from] item: Life Orb\n|\n|upkeep\n|turn|3\n|\n|t:|1699708614\n|move|p2a: Iron Moth|Flamethrower|p1a: Sandy Shocks\n|-damage|p1a: Sandy Shocks|0 fnt\n|faint|p1a: Sandy Shocks\n|-end|p1a: Sandy Shocks|Protosynthesis|[silent]\n|\n|upkeep\n|\n|t:|1699708634\n|switch|p1a: Dragonite|Dragonite, M|100\/100\n|turn|4\n|\n|t:|1699708637\n|move|p2a: Iron Moth|U-turn|p1a: Dragonite\n|-resisted|p1a: Dragonite\n|-damage|p1a: Dragonite|98\/100\n|\n|t:|1699708648\n|-end|p2a: Iron Moth|Quark Drive|[silent]\n|switch|p2a: Tapu Lele|Tapu Lele|100\/100|[from] U-turn\n|-fieldstart|move: Psychic Terrain|[from] ability: Psychic Surge|[of] p2a: Tapu Lele\n|move|p1a: Dragonite|Curse|p1a: Dragonite\n|-unboost|p1a: Dragonite|spe|1\n|-boost|p1a: Dragonite|atk|1\n|-boost|p1a: Dragonite|def|1\n|\n|upkeep\n|turn|5\n|\n|t:|1699708660\n|-terastallize|p1a: Dragonite|Normal\n|move|p2a: Tapu Lele|Psychic|p1a: Dragonite\n|-damage|p1a: Dragonite|44\/100\n|move|p1a: Dragonite|Earthquake|p2a: Tapu Lele\n|-damage|p2a: Tapu Lele|11\/100\n|\n|upkeep\n|turn|6\n|\n|t:|1699708665\n|move|p2a: Tapu Lele|Psychic|p1a: Dragonite\n|-damage|p1a: Dragonite|0 fnt\n|faint|p1a: Dragonite\n|\n|upkeep\n|\n|t:|1699708670\n|switch|p1a: Ferrothorn|Ferrothorn, F|100\/100\n|turn|7\n|\n|t:|1699708673\n|switch|p2a: Iron Moth|Iron Moth, tera:Grass|75\/100\n|move|p1a: Ferrothorn|Leech Seed|p2a: Iron Moth\n|-immune|p2a: Iron Moth\n|\n|upkeep\n|turn|8\n|\n|t:|1699708677\n|switch|p1a: Tapu Koko|Tapu Koko|100\/100\n|-status|p1a: Tapu Koko|psn\n|-fieldstart|move: Electric Terrain|[from] ability: Electric Surge|[of] p1a: Tapu Koko\n|-activate|p2a: Iron Moth|ability: Quark Drive\n|-start|p2a: Iron Moth|quarkdrivespe\n|move|p2a: Iron Moth|Flamethrower|p1a: Tapu Koko\n|-damage|p1a: Tapu Koko|33\/100 psn\n|\n|-damage|p1a: Tapu Koko|20\/100 psn|[from] psn\n|upkeep\n|turn|9\n|\n|t:|1699708683\n|move|p2a: Iron Moth|Flamethrower|p1a: Tapu Koko\n|-damage|p1a: Tapu Koko|0 fnt\n|faint|p1a: Tapu Koko\n|\n|upkeep\n|\n|t:|1699708685\n|switch|p1a: Sneasler|Sneasler, F, shiny|100\/100\n|-sideend|p1: wzy52013145|move: Toxic Spikes|[of] p1a: Sneasler\n|-enditem|p1a: Sneasler|Electric Seed\n|-boost|p1a: Sneasler|def|1|[from] item: Electric Seed\n|turn|10\n|\n|t:|1699708691\n|move|p1a: Sneasler|Acrobatics|p2a: Iron Moth\n|-supereffective|p2a: Iron Moth\n|-damage|p2a: Iron Moth|0 fnt\n|faint|p2a: Iron Moth\n|-end|p2a: Iron Moth|Quark Drive|[silent]\n|\n|upkeep\n|\n|t:|1699708707\n|switch|p2a: Dragonite|Dragonite, F|100\/100\n|turn|11\n|\n|t:|1699708711\n|move|p1a: Sneasler|Dire Claw|p2a: Dragonite\n|-damage|p2a: Dragonite|79\/100\n|-status|p2a: Dragonite|slp\n|cant|p2a: Dragonite|slp\n|\n|upkeep\n|turn|12\n|\n|t:|1699708715\n|move|p1a: Sneasler|Swords Dance|p1a: Sneasler\n|-boost|p1a: Sneasler|atk|2\n|cant|p2a: Dragonite|slp\n|\n|upkeep\n|turn|13\n|\n|t:|1699708716\n|move|p1a: Sneasler|Dire Claw|p2a: Dragonite\n|-damage|p2a: Dragonite|0 fnt\n|faint|p2a: Dragonite\n|\n|upkeep\n|\n|t:|1699708724\n|switch|p2a: Tapu Lele|Tapu Lele|11\/100\n|-fieldstart|move: Psychic Terrain|[from] ability: Psychic Surge|[of] p2a: Tapu Lele\n|turn|14\n|\n|t:|1699708731\n|switch|p2a: Iron Treads|Iron Treads|100\/100\n|move|p1a: Sneasler|Acrobatics|p2a: Iron Treads\n|-resisted|p2a: Iron Treads\n|-damage|p2a: Iron Treads|65\/100\n|\n|upkeep\n|turn|15\n|\n|t:|1699708736\n|move|p1a: Sneasler|Close Combat|p2a: Iron Treads\n|-supereffective|p2a: Iron Treads\n|-damage|p2a: Iron Treads|0 fnt\n|-unboost|p1a: Sneasler|def|1\n|-unboost|p1a: Sneasler|spd|1\n|faint|p2a: Iron Treads\n|-end|p2a: Iron Treads|Quark Drive|[silent]\n|\n|upkeep\n|\n|t:|1699708737\n|switch|p2a: Sneasler|Sneasler, F|100\/100\n|-enditem|p2a: Sneasler|Psychic Seed\n|-boost|p2a: Sneasler|spd|1|[from] item: Psychic Seed\n|turn|16\n|\n|t:|1699708742\n|move|p2a: Sneasler|Close Combat|p1a: Sneasler\n|-resisted|p1a: Sneasler\n|-damage|p1a: Sneasler|44\/100\n|-unboost|p2a: Sneasler|def|1\n|-unboost|p2a: Sneasler|spd|1\n|move|p1a: Sneasler|Acrobatics|p2a: Sneasler\n|-supereffective|p2a: Sneasler\n|-damage|p2a: Sneasler|0 fnt\n|faint|p2a: Sneasler\n|\n|upkeep\n|\n|t:|1699708745\n|switch|p2a: Zamazenta|Zamazenta|100\/100\n|-ability|p2a: Zamazenta|Dauntless Shield|boost\n|-boost|p2a: Zamazenta|def|1\n|turn|17\n|\n|t:|1699708748\n|move|p1a: Sneasler|Acrobatics|p2a: Zamazenta\n|-supereffective|p2a: Zamazenta\n|-damage|p2a: Zamazenta|24\/100\n|move|p2a: Zamazenta|Iron Defense|p2a: Zamazenta\n|-boost|p2a: Zamazenta|def|2\n|\n|-heal|p2a: Zamazenta|30\/100|[from] item: Leftovers\n|upkeep\n|turn|18\n|\n|t:|1699708755\n|move|p2a: Zamazenta|Protect|p2a: Zamazenta\n|-singleturn|p2a: Zamazenta|Protect\n|move|p1a: Sneasler|Acrobatics|p2a: Zamazenta\n|-activate|p2a: Zamazenta|move: Protect\n|\n|-heal|p2a: Zamazenta|37\/100|[from] item: Leftovers\n|-fieldend|move: Psychic Terrain\n|upkeep\n|turn|19\n|\n|t:|1699708758\n|move|p1a: Sneasler|Acrobatics|p2a: Zamazenta\n|-supereffective|p2a: Zamazenta\n|-damage|p2a: Zamazenta|0 fnt\n|faint|p2a: Zamazenta\n|\n|upkeep\n|-message|xyf13511744988 forfeited.\n|\n|win|wzy52013145\n|raw|wzy52013145's rating: 1664 &rarr; <strong>1693<\/strong><br \/>(+29 for winning)\n|raw|xyf13511744988's rating: 1824 &rarr; <strong>1795<\/strong><br \/>(-29 for losing)\n|l|\u2606xyf13511744988\n","uploadtime":1699708765,"views":4,"p1id":"wzy52013145","p2id":"xyf13511744988","formatid":"gen9nationaldex","rating":1693,"private":0,"password":""}