{"id":"gen9nationaldex-1996629128","p1":"Abcdfg142356789","p2":"Maxer59","format":"[Gen 9] National Dex","log":"|html|<div class=\"broadcast-blue\"><strong>[Gen 9] National Dex is currently suspecting Sneasler! For information on how to participate check out the <a href=\"https:\/\/www.smogon.com\/forums\/threads\/sv-national-dex-suspect-8-just-dance.3731534\/\">suspect thread<\/a>.<\/strong><\/div>\n|j|\u2606Abcdfg142356789\n|j|\u2606Maxer59\n|t:|1700702579\n|gametype|singles\n|player|p1|Abcdfg142356789|pryce|1207\n|player|p2|Maxer59|lucas|1151\n|teamsize|p1|6\n|teamsize|p2|6\n|gen|9\n|tier|[Gen 9] National Dex\n|rated|\n|rule|HP Percentage Mod: HP is shown in percentages\n|rule|Endless Battle Clause: Forcing endless battles is banned\n|rule|OHKO Clause: OHKO moves are banned\n|rule|Evasion Clause: Evasion abilities, items, and moves are banned\n|rule|Evasion Abilities Clause: Evasion abilities are banned\n|rule|Evasion Items Clause: Evasion items are banned\n|rule|Evasion Moves Clause: Evasion moves are banned\n|rule|Species Clause: Limit one of each Pok\u00e9mon\n|rule|Sleep Clause Mod: Limit one foe put to sleep\n|clearpoke\n|poke|p1|Hippowdon, M|\n|poke|p1|Gliscor, M|\n|poke|p1|Tyranitar, F|\n|poke|p1|Excadrill, F|\n|poke|p1|Garchomp, F|\n|poke|p1|Claydol|\n|poke|p2|Torkoal, M|\n|poke|p2|Charizard, F|\n|poke|p2|Lilligant, F|\n|poke|p2|Leafeon, F|\n|poke|p2|Whimsicott, M|\n|poke|p2|Darmanitan, F|\n|teampreview\n|inactive|Battle timer is ON: inactive players will automatically lose when time's up. (requested by Maxer59)\n|\n|t:|1700702589\n|start\n|switch|p1a: Tyranitar|Tyranitar, F|100\/100\n|switch|p2a: Torkoal|Torkoal, M|100\/100\n|-weather|Sandstorm|[from] ability: Sand Stream|[of] p1a: Tyranitar\n|-weather|SunnyDay|[from] ability: Drought|[of] p2a: Torkoal\n|turn|1\n|\n|t:|1700702602\n|switch|p1a: Hippowdon|Hippowdon, M|100\/100\n|-weather|Sandstorm|[from] ability: Sand Stream|[of] p1a: Hippowdon\n|switch|p2a: Charizard|Charizard, F|100\/100\n|\n|-weather|Sandstorm|[upkeep]\n|-damage|p2a: Charizard|94\/100|[from] Sandstorm\n|upkeep\n|turn|2\n|\n|t:|1700702609\n|detailschange|p2a: Charizard|Charizard-Mega-Y, F\n|-mega|p2a: Charizard|Charizard|Charizardite Y\n|-weather|SunnyDay|[from] ability: Drought|[of] p2a: Charizard\n|move|p2a: Charizard|Weather Ball|p1a: Hippowdon\n|-damage|p1a: Hippowdon|0 fnt\n|faint|p1a: Hippowdon\n|\n|-weather|SunnyDay|[upkeep]\n|upkeep\n|\n|t:|1700702617\n|switch|p1a: Tyranitar|Tyranitar, F|100\/100\n|-weather|Sandstorm|[from] ability: Sand Stream|[of] p1a: Tyranitar\n|turn|3\n|\n|t:|1700702624\n|switch|p2a: Whimsicott|Whimsicott, M|100\/100\n|move|p1a: Tyranitar|Stone Edge|p2a: Whimsicott\n|-damage|p2a: Whimsicott|44\/100\n|\n|-weather|Sandstorm|[upkeep]\n|-damage|p2a: Whimsicott|38\/100|[from] Sandstorm\n|upkeep\n|turn|4\n|\n|t:|1700702632\n|switch|p1a: Claydol|Claydol|100\/100\n|move|p2a: Whimsicott|Leech Seed|p1a: Claydol|[miss]\n|-miss|p2a: Whimsicott|p1a: Claydol\n|\n|-weather|Sandstorm|[upkeep]\n|-damage|p2a: Whimsicott|31\/100|[from] Sandstorm\n|upkeep\n|turn|5\n|\n|t:|1700702639\n|move|p2a: Whimsicott|Leech Seed|p1a: Claydol\n|-start|p1a: Claydol|move: Leech Seed\n|move|p1a: Claydol|Toxic|p2a: Whimsicott\n|-status|p2a: Whimsicott|tox\n|\n|-weather|Sandstorm|[upkeep]\n|-damage|p2a: Whimsicott|25\/100 tox|[from] Sandstorm\n|-damage|p1a: Claydol|88\/100|[from] Leech Seed|[of] p2a: Whimsicott\n|-heal|p2a: Whimsicott|38\/100 tox|[silent]\n|-damage|p2a: Whimsicott|31\/100 tox|[from] psn\n|upkeep\n|turn|6\n|\n|t:|1700702650\n|switch|p2a: Torkoal|Torkoal, M|100\/100\n|-weather|SunnyDay|[from] ability: Drought|[of] p2a: Torkoal\n|switch|p1a: Gliscor|Gliscor, M|100\/100\n|\n|-weather|SunnyDay|[upkeep]\n|-status|p1a: Gliscor|tox|[from] item: Toxic Orb\n|upkeep\n|turn|7\n|\n|t:|1700702656\n|move|p1a: Gliscor|Earthquake|p2a: Torkoal\n|-supereffective|p2a: Torkoal\n|-damage|p2a: Torkoal|59\/100\n|move|p2a: Torkoal|Overheat|p1a: Gliscor\n|-damage|p1a: Gliscor|27\/100 tox\n|-unboost|p2a: Torkoal|spa|2\n|\n|-weather|SunnyDay|[upkeep]\n|-heal|p1a: Gliscor|40\/100 tox|[from] ability: Poison Heal\n|upkeep\n|turn|8\n|\n|t:|1700702664\n|switch|p2a: Lilligant|Lilligant, F|100\/100\n|move|p1a: Gliscor|Roost|p1a: Gliscor\n|-heal|p1a: Gliscor|90\/100 tox\n|-singleturn|p1a: Gliscor|move: Roost\n|\n|-weather|SunnyDay|[upkeep]\n|-heal|p1a: Gliscor|100\/100 tox|[from] ability: Poison Heal\n|upkeep\n|turn|9\n|\n|t:|1700702674\n|move|p1a: Gliscor|Protect|p1a: Gliscor\n|-singleturn|p1a: Gliscor|Protect\n|move|p2a: Lilligant|Solar Beam||[still]\n|-prepare|p2a: Lilligant|Solar Beam\n|-anim|p2a: Lilligant|Solar Beam|p1a: Gliscor\n|-activate|p1a: Gliscor|move: Protect\n|\n|-weather|SunnyDay|[upkeep]\n|upkeep\n|turn|10\n|\n|t:|1700702690\n|switch|p1a: Tyranitar|Tyranitar, F|100\/100\n|-weather|Sandstorm|[from] ability: Sand Stream|[of] p1a: Tyranitar\n|move|p2a: Lilligant|Solar Beam||[still]\n|-prepare|p2a: Lilligant|Solar Beam\n|\n|-weather|Sandstorm|[upkeep]\n|-damage|p2a: Lilligant|94\/100|[from] Sandstorm\n|upkeep\n|turn|11\n|\n|t:|1700702701\n|move|p2a: Lilligant|Solar Beam|p1a: Tyranitar|[from]lockedmove\n|-supereffective|p1a: Tyranitar\n|-damage|p1a: Tyranitar|68\/100\n|-damage|p2a: Lilligant|85\/100|[from] item: Life Orb\n|move|p1a: Tyranitar|Crunch|p2a: Lilligant\n|-damage|p2a: Lilligant|26\/100\n|\n|-weather|Sandstorm|[upkeep]\n|-damage|p2a: Lilligant|20\/100|[from] Sandstorm\n|upkeep\n|turn|12\n|\n|t:|1700702712\n|switch|p2a: Darmanitan|Darmanitan, F|100\/100\n|move|p1a: Tyranitar|Dragon Tail|p2a: Darmanitan\n|-damage|p2a: Darmanitan|74\/100\n|drag|p2a: Lilligant|Lilligant, F|20\/100\n|\n|-weather|Sandstorm|[upkeep]\n|-damage|p2a: Lilligant|14\/100|[from] Sandstorm\n|upkeep\n|turn|13\n|\n|t:|1700702721\n|switch|p2a: Torkoal|Torkoal, M|59\/100\n|-weather|SunnyDay|[from] ability: Drought|[of] p2a: Torkoal\n|move|p1a: Tyranitar|Dragon Tail|p2a: Torkoal\n|-damage|p2a: Torkoal|48\/100\n|drag|p2a: Lilligant|Lilligant, F|14\/100\n|\n|-weather|SunnyDay|[upkeep]\n|upkeep\n|turn|14\n|\n|t:|1700702747\n|move|p2a: Lilligant|Solar Beam||[still]\n|-prepare|p2a: Lilligant|Solar Beam\n|-anim|p2a: Lilligant|Solar Beam|p1a: Tyranitar\n|-supereffective|p1a: Tyranitar\n|-damage|p1a: Tyranitar|0 fnt\n|faint|p1a: Tyranitar\n|-damage|p2a: Lilligant|4\/100|[from] item: Life Orb\n|\n|-weather|SunnyDay|[upkeep]\n|upkeep\n|inactive|Abcdfg142356789 has 120 seconds left.\n|\n|t:|1700702759\n|switch|p1a: Claydol|Claydol|88\/100\n|turn|15\n|\n|t:|1700702762\n|move|p1a: Claydol|Protect|p1a: Claydol\n|-singleturn|p1a: Claydol|Protect\n|move|p2a: Lilligant|Synthesis|p2a: Lilligant\n|-heal|p2a: Lilligant|71\/100\n|\n|-weather|SunnyDay|[upkeep]\n|upkeep\n|turn|16\n|\n|t:|1700702765\n|move|p2a: Lilligant|Solar Beam||[still]\n|-prepare|p2a: Lilligant|Solar Beam\n|-anim|p2a: Lilligant|Solar Beam|p1a: Claydol\n|-supereffective|p1a: Claydol\n|-damage|p1a: Claydol|0 fnt\n|faint|p1a: Claydol\n|-damage|p2a: Lilligant|61\/100|[from] item: Life Orb\n|\n|-weather|SunnyDay|[upkeep]\n|upkeep\n|\n|t:|1700702773\n|switch|p1a: Garchomp|Garchomp, F|100\/100\n|turn|17\n|\n|t:|1700702777\n|detailschange|p1a: Garchomp|Garchomp-Mega, F\n|-mega|p1a: Garchomp|Garchomp|Garchompite\n|move|p2a: Lilligant|Solar Beam||[still]\n|-prepare|p2a: Lilligant|Solar Beam\n|-anim|p2a: Lilligant|Solar Beam|p1a: Garchomp\n|-damage|p1a: Garchomp|35\/100\n|-damage|p2a: Lilligant|51\/100|[from] item: Life Orb\n|move|p1a: Garchomp|Dragon Claw|p2a: Lilligant\n|-damage|p2a: Lilligant|0 fnt\n|faint|p2a: Lilligant\n|\n|-weather|SunnyDay|[upkeep]\n|upkeep\n|\n|t:|1700702785\n|switch|p2a: Leafeon|Leafeon, F|100\/100\n|turn|18\n|\n|t:|1700702788\n|move|p2a: Leafeon|Solar Blade||[still]\n|-prepare|p2a: Leafeon|Solar Blade\n|-anim|p2a: Leafeon|Solar Blade|p1a: Garchomp\n|-damage|p1a: Garchomp|0 fnt\n|faint|p1a: Garchomp\n|\n|-weather|SunnyDay|[upkeep]\n|upkeep\n|\n|t:|1700702793\n|switch|p1a: Gliscor|Gliscor, M|100\/100 tox\n|turn|19\n|\n|t:|1700702799\n|move|p2a: Leafeon|Substitute|p2a: Leafeon\n|-start|p2a: Leafeon|Substitute\n|-damage|p2a: Leafeon|76\/100\n|move|p1a: Gliscor|Swords Dance|p1a: Gliscor\n|-boost|p1a: Gliscor|atk|2\n|\n|-weather|SunnyDay|[upkeep]\n|-heal|p2a: Leafeon|82\/100|[from] item: Leftovers\n|upkeep\n|turn|20\n|\n|t:|1700702806\n|move|p2a: Leafeon|Solar Blade||[still]\n|-prepare|p2a: Leafeon|Solar Blade\n|-anim|p2a: Leafeon|Solar Blade|p1a: Gliscor\n|-crit|p1a: Gliscor\n|-damage|p1a: Gliscor|47\/100 tox\n|move|p1a: Gliscor|Earthquake|p2a: Leafeon\n|-resisted|p2a: Leafeon\n|-end|p2a: Leafeon|Substitute\n|\n|-weather|none\n|-heal|p2a: Leafeon|88\/100|[from] item: Leftovers\n|-heal|p1a: Gliscor|59\/100 tox|[from] ability: Poison Heal\n|upkeep\n|turn|21\n|\n|t:|1700702812\n|switch|p2a: Torkoal|Torkoal, M|48\/100\n|-weather|SunnyDay|[from] ability: Drought|[of] p2a: Torkoal\n|move|p1a: Gliscor|Swords Dance|p1a: Gliscor\n|-boost|p1a: Gliscor|atk|2\n|\n|-weather|SunnyDay|[upkeep]\n|-heal|p1a: Gliscor|72\/100 tox|[from] ability: Poison Heal\n|upkeep\n|turn|22\n|\n|t:|1700702818\n|move|p1a: Gliscor|Roost|p1a: Gliscor\n|-heal|p1a: Gliscor|100\/100 tox\n|-singleturn|p1a: Gliscor|move: Roost\n|move|p2a: Torkoal|Overheat|p1a: Gliscor|[miss]\n|-miss|p2a: Torkoal|p1a: Gliscor\n|\n|-weather|SunnyDay|[upkeep]\n|upkeep\n|turn|23\n|\n|t:|1700702826\n|move|p1a: Gliscor|Earthquake|p2a: Torkoal\n|-supereffective|p2a: Torkoal\n|-damage|p2a: Torkoal|0 fnt\n|faint|p2a: Torkoal\n|\n|-weather|SunnyDay|[upkeep]\n|upkeep\n|\n|t:|1700702836\n|switch|p2a: Charizard|Charizard-Mega-Y, F|94\/100\n|turn|24\n|\n|t:|1700702843\n|move|p1a: Gliscor|Protect|p1a: Gliscor\n|-singleturn|p1a: Gliscor|Protect\n|move|p2a: Charizard|Weather Ball|p1a: Gliscor\n|-activate|p1a: Gliscor|move: Protect\n|\n|-weather|SunnyDay|[upkeep]\n|upkeep\n|turn|25\n|\n|t:|1700702853\n|move|p2a: Charizard|Weather Ball|p1a: Gliscor\n|-damage|p1a: Gliscor|0 fnt\n|faint|p1a: Gliscor\n|\n|-weather|SunnyDay|[upkeep]\n|upkeep\n|\n|t:|1700702856\n|switch|p1a: Excadrill|Excadrill, F|100\/100\n|turn|26\n|\n|t:|1700702858\n|move|p2a: Charizard|Weather Ball|p1a: Excadrill\n|-supereffective|p1a: Excadrill\n|-damage|p1a: Excadrill|0 fnt\n|faint|p1a: Excadrill\n|\n|win|Maxer59\n|raw|Abcdfg142356789's rating: 1207 &rarr; <strong>1178<\/strong><br \/>(-29 for losing)\n|raw|Maxer59's rating: 1151 &rarr; <strong>1180<\/strong><br \/>(+29 for winning)\n|l|\u2606Abcdfg142356789\n","uploadtime":1700702862,"views":2,"p1id":"abcdfg142356789","p2id":"maxer59","formatid":"gen9nationaldex","rating":1178,"private":0,"password":""}