{"id":"gen9nationaldex-1999889762","p1":"Rival1","p2":"EnowLittleDreamer","format":"[Gen 9] National Dex","log":"|html|<div class=\"broadcast-blue\"><strong>[Gen 9] National Dex is currently suspecting Sneasler! For information on how to participate check out the <a href=\"https:\/\/www.smogon.com\/forums\/threads\/sv-national-dex-suspect-8-just-dance.3731534\/\">suspect thread<\/a>.<\/strong><\/div>\n|j|\u2606Rival1\n|j|\u2606EnowLittleDreamer\n|t:|1701126757\n|gametype|singles\n|player|p1|Rival1|lucas|1133\n|player|p2|EnowLittleDreamer|preschooler|1068\n|teamsize|p1|6\n|teamsize|p2|6\n|gen|9\n|tier|[Gen 9] National Dex\n|rated|\n|rule|HP Percentage Mod: HP is shown in percentages\n|rule|Endless Battle Clause: Forcing endless battles is banned\n|rule|OHKO Clause: OHKO moves are banned\n|rule|Evasion Clause: Evasion abilities, items, and moves are banned\n|rule|Evasion Abilities Clause: Evasion abilities are banned\n|rule|Evasion Items Clause: Evasion items are banned\n|rule|Evasion Moves Clause: Evasion moves are banned\n|rule|Species Clause: Limit one of each Pok\u00e9mon\n|rule|Sleep Clause Mod: Limit one foe put to sleep\n|clearpoke\n|poke|p1|Absol, M|\n|poke|p1|Falinks|\n|poke|p1|Minior|\n|poke|p1|Probopass, M|\n|poke|p1|Clefable, F|\n|poke|p1|Rillaboom, F|\n|poke|p2|Ninetales-Alola, M|\n|poke|p2|Togetic, M|\n|poke|p2|Cherrim, F|\n|poke|p2|Dachsbun, M|\n|poke|p2|Gourgeist-*, F|\n|poke|p2|Chimecho, M|\n|teampreview\n|\n|t:|1701126766\n|start\n|switch|p1a: Steve Harvey|Probopass, M|100\/100\n|switch|p2a: Snowball \u2744\ufe0f|Ninetales-Alola, M, shiny|100\/100\n|-weather|Snow|[from] ability: Snow Warning|[of] p2a: Snowball \u2744\ufe0f\n|-item|p1a: Steve Harvey|Air Balloon\n|turn|1\n|\n|t:|1701126776\n|move|p2a: Snowball \u2744\ufe0f|Aurora Veil|p2a: Snowball \u2744\ufe0f\n|-sidestart|p2: EnowLittleDreamer|move: Aurora Veil\n|move|p1a: Steve Harvey|Flash Cannon|p2a: Snowball \u2744\ufe0f\n|-supereffective|p2a: Snowball \u2744\ufe0f\n|-damage|p2a: Snowball \u2744\ufe0f|20\/100\n|\n|-weather|Snow|[upkeep]\n|upkeep\n|turn|2\n|\n|t:|1701126788\n|move|p2a: Snowball \u2744\ufe0f|Blizzard|p1a: Steve Harvey\n|-resisted|p1a: Steve Harvey\n|-damage|p1a: Steve Harvey|86\/100\n|-enditem|p1a: Steve Harvey|Air Balloon\n|move|p1a: Steve Harvey|Flash Cannon|p2a: Snowball \u2744\ufe0f\n|-supereffective|p2a: Snowball \u2744\ufe0f\n|-damage|p2a: Snowball \u2744\ufe0f|0 fnt\n|faint|p2a: Snowball \u2744\ufe0f\n|\n|-weather|Snow|[upkeep]\n|upkeep\n|\n|t:|1701126805\n|switch|p2a: Bun \ud83c\udf5e|Dachsbun, M|100\/100\n|turn|3\n|\n|t:|1701126809\n|move|p2a: Bun \ud83c\udf5e|Body Press|p1a: Steve Harvey\n|-supereffective|p1a: Steve Harvey\n|-damage|p1a: Steve Harvey|0 fnt\n|faint|p1a: Steve Harvey\n|\n|-weather|Snow|[upkeep]\n|upkeep\n|\n|t:|1701126819\n|switch|p1a: Lunannilation|Clefable, F|100\/100\n|turn|4\n|\n|t:|1701126828\n|move|p2a: Bun \ud83c\udf5e|Yawn|p1a: Lunannilation\n|-start|p1a: Lunannilation|move: Yawn|[of] p2a: Bun \ud83c\udf5e\n|move|p1a: Lunannilation|Moonblast|p2a: Bun \ud83c\udf5e\n|-damage|p2a: Bun \ud83c\udf5e|70\/100\n|\n|-weather|Snow|[upkeep]\n|-heal|p2a: Bun \ud83c\udf5e|76\/100|[from] item: Leftovers\n|upkeep\n|turn|5\n|\n|t:|1701126847\n|move|p2a: Bun \ud83c\udf5e|Wish|p2a: Bun \ud83c\udf5e\n|move|p1a: Lunannilation|Aromatherapy||[still]\n|-activate|p1a: Lunannilation|move: Aromatherapy\n|-fail|p1a: Lunannilation\n|\n|-weather|none\n|-heal|p2a: Bun \ud83c\udf5e|82\/100|[from] item: Leftovers\n|-end|p1a: Lunannilation|move: Yawn|[silent]\n|-status|p1a: Lunannilation|slp\n|upkeep\n|turn|6\n|\n|t:|1701126857\n|switch|p2a: Bloom \ud83c\udf38|Cherrim, F|100\/100\n|cant|p1a: Lunannilation|slp\n|\n|upkeep\n|turn|7\n|\n|t:|1701126864\n|switch|p1a: Rock Star|Minior, shiny|100\/100\n|-formechange|p1a: Rock Star|Minior-Meteor||[from] ability: Shields Down\n|move|p2a: Bloom \ud83c\udf38|Swords Dance|p2a: Bloom \ud83c\udf38\n|-boost|p2a: Bloom \ud83c\udf38|atk|2\n|\n|upkeep\n|turn|8\n|\n|t:|1701126874\n|move|p2a: Bloom \ud83c\udf38|Petal Blizzard|p1a: Rock Star\n|-damage|p1a: Rock Star|32\/100\n|move|p1a: Rock Star|Shell Smash|p1a: Rock Star\n|-unboost|p1a: Rock Star|def|1\n|-unboost|p1a: Rock Star|spd|1\n|-boost|p1a: Rock Star|atk|2\n|-boost|p1a: Rock Star|spa|2\n|-boost|p1a: Rock Star|spe|2\n|\n|-sideend|p2: EnowLittleDreamer|move: Aurora Veil\n|-formechange|p1a: Rock Star|Minior||[from] ability: Shields Down\n|upkeep\n|turn|9\n|\n|t:|1701126897\n|move|p1a: Rock Star|Acrobatics|p2a: Bloom \ud83c\udf38\n|-supereffective|p2a: Bloom \ud83c\udf38\n|-damage|p2a: Bloom \ud83c\udf38|0 fnt\n|faint|p2a: Bloom \ud83c\udf38\n|\n|upkeep\n|\n|t:|1701126903\n|switch|p2a: Little light \ud83c\udf83|Gourgeist-Super, F|100\/100\n|turn|10\n|\n|t:|1701126907\n|move|p2a: Little light \ud83c\udf83|Shadow Sneak|p1a: Rock Star\n|-damage|p1a: Rock Star|0 fnt\n|faint|p1a: Rock Star\n|\n|upkeep\n|\n|t:|1701126916\n|switch|p1a: Shulk|Absol, M|100\/100\n|turn|11\n|\n|t:|1701126924\n|-terastallize|p1a: Shulk|Dark\n|move|p1a: Shulk|Night Slash|p2a: Little light \ud83c\udf83\n|-supereffective|p2a: Little light \ud83c\udf83\n|-crit|p2a: Little light \ud83c\udf83\n|-damage|p2a: Little light \ud83c\udf83|0 fnt\n|faint|p2a: Little light \ud83c\udf83\n|\n|upkeep\n|\n|t:|1701126933\n|switch|p2a: Bun \ud83c\udf5e|Dachsbun, M|82\/100\n|turn|12\n|\n|t:|1701126938\n|move|p1a: Shulk|Psycho Cut|p2a: Bun \ud83c\udf5e\n|-crit|p2a: Bun \ud83c\udf5e\n|-damage|p2a: Bun \ud83c\udf5e|55\/100\n|move|p2a: Bun \ud83c\udf5e|Wish|p2a: Bun \ud83c\udf5e\n|\n|-heal|p2a: Bun \ud83c\udf5e|61\/100|[from] item: Leftovers\n|upkeep\n|turn|13\n|\n|t:|1701126946\n|move|p1a: Shulk|Future Sight|p2a: Bun \ud83c\udf5e\n|-start|p1a: Shulk|move: Future Sight\n|move|p2a: Bun \ud83c\udf5e|Body Press|p1a: Shulk\n|-supereffective|p1a: Shulk\n|-damage|p1a: Shulk|0 fnt\n|faint|p1a: Shulk\n|\n|-heal|p2a: Bun \ud83c\udf5e|100\/100|[from] move: Wish|[wisher] Bun \ud83c\udf5e\n|upkeep\n|\n|t:|1701126956\n|switch|p1a: Rilabloom!|Rillaboom, F|100\/100\n|-fieldstart|move: Grassy Terrain|[from] ability: Grassy Surge|[of] p1a: Rilabloom!\n|turn|14\n|\n|t:|1701126963\n|move|p1a: Rilabloom!|Swords Dance|p1a: Rilabloom!\n|-boost|p1a: Rilabloom!|atk|2\n|move|p2a: Bun \ud83c\udf5e|Yawn|p1a: Rilabloom!\n|-start|p1a: Rilabloom!|move: Yawn|[of] p2a: Bun \ud83c\udf5e\n|\n|upkeep\n|turn|15\n|\n|t:|1701126971\n|move|p2a: Bun \ud83c\udf5e|Protect|p2a: Bun \ud83c\udf5e\n|-singleturn|p2a: Bun \ud83c\udf5e|Protect\n|move|p1a: Rilabloom!|Grassy Glide|p2a: Bun \ud83c\udf5e\n|-activate|p2a: Bun \ud83c\udf5e|move: Protect\n|\n|-end|p2a: Bun \ud83c\udf5e|move: Future Sight\n|-damage|p2a: Bun \ud83c\udf5e|78\/100\n|-heal|p2a: Bun \ud83c\udf5e|84\/100|[from] Grassy Terrain\n|-heal|p2a: Bun \ud83c\udf5e|89\/100|[from] item: Leftovers\n|-end|p1a: Rilabloom!|move: Yawn|[silent]\n|-message|Sleep Clause Mod activated.\n|-hint|Sleep Clause Mod prevents players from putting more than one of their opponent's Pok\u00e9mon to sleep at a time\n|upkeep\n|turn|16\n|\n|t:|1701126987\n|move|p1a: Rilabloom!|Swords Dance|p1a: Rilabloom!\n|-boost|p1a: Rilabloom!|atk|2\n|move|p2a: Bun \ud83c\udf5e|Body Press|p1a: Rilabloom!\n|-damage|p1a: Rilabloom!|67\/100\n|\n|-heal|p1a: Rilabloom!|74\/100|[from] Grassy Terrain\n|-heal|p2a: Bun \ud83c\udf5e|95\/100|[from] Grassy Terrain\n|-heal|p2a: Bun \ud83c\udf5e|100\/100|[from] item: Leftovers\n|upkeep\n|turn|17\n|\n|t:|1701127005\n|move|p1a: Rilabloom!|Grassy Glide|p2a: Bun \ud83c\udf5e\n|-damage|p2a: Bun \ud83c\udf5e|19\/100\n|move|p2a: Bun \ud83c\udf5e|Body Press|p1a: Rilabloom!\n|-damage|p1a: Rilabloom!|44\/100\n|\n|-heal|p1a: Rilabloom!|50\/100|[from] Grassy Terrain\n|-heal|p2a: Bun \ud83c\udf5e|25\/100|[from] Grassy Terrain\n|-heal|p2a: Bun \ud83c\udf5e|31\/100|[from] item: Leftovers\n|upkeep\n|turn|18\n|\n|t:|1701127017\n|move|p2a: Bun \ud83c\udf5e|Protect|p2a: Bun \ud83c\udf5e\n|-singleturn|p2a: Bun \ud83c\udf5e|Protect\n|move|p1a: Rilabloom!|Grassy Glide|p2a: Bun \ud83c\udf5e\n|-activate|p2a: Bun \ud83c\udf5e|move: Protect\n|\n|-heal|p1a: Rilabloom!|56\/100|[from] Grassy Terrain\n|-heal|p2a: Bun \ud83c\udf5e|37\/100|[from] Grassy Terrain\n|-heal|p2a: Bun \ud83c\udf5e|43\/100|[from] item: Leftovers\n|-fieldend|move: Grassy Terrain\n|upkeep\n|turn|19\n|\n|t:|1701127035\n|move|p1a: Rilabloom!|Grassy Glide|p2a: Bun \ud83c\udf5e\n|-damage|p2a: Bun \ud83c\udf5e|0 fnt\n|faint|p2a: Bun \ud83c\udf5e\n|\n|upkeep\n|\n|t:|1701127041\n|switch|p2a: Angel \ud83d\udc96|Togetic, M|100\/100\n|turn|20\n|\n|t:|1701127052\n|move|p1a: Rilabloom!|Grassy Glide|p2a: Angel \ud83d\udc96\n|-resisted|p2a: Angel \ud83d\udc96\n|-damage|p2a: Angel \ud83d\udc96|61\/100\n|move|p2a: Angel \ud83d\udc96|Flamethrower|p1a: Rilabloom!\n|-supereffective|p1a: Rilabloom!\n|-damage|p1a: Rilabloom!|13\/100\n|\n|upkeep\n|turn|21\n|\n|t:|1701127061\n|move|p1a: Rilabloom!|Grassy Glide|p2a: Angel \ud83d\udc96\n|-resisted|p2a: Angel \ud83d\udc96\n|-damage|p2a: Angel \ud83d\udc96|25\/100\n|move|p2a: Angel \ud83d\udc96|Flamethrower|p1a: Rilabloom!\n|-supereffective|p1a: Rilabloom!\n|-damage|p1a: Rilabloom!|0 fnt\n|faint|p1a: Rilabloom!\n|\n|upkeep\n|\n|t:|1701127069\n|switch|p1a: Lunannilation|Clefable, F|100\/100 slp\n|turn|22\n|\n|t:|1701127073\n|switch|p2a: Note \ud83c\udf90|Chimecho, M|100\/100\n|cant|p1a: Lunannilation|slp\n|\n|upkeep\n|turn|23\n|\n|t:|1701127085\n|move|p2a: Note \ud83c\udf90|Calm Mind|p2a: Note \ud83c\udf90\n|-boost|p2a: Note \ud83c\udf90|spa|1\n|-boost|p2a: Note \ud83c\udf90|spd|1\n|cant|p1a: Lunannilation|slp\n|\n|upkeep\n|turn|24\n|\n|t:|1701127091\n|move|p2a: Note \ud83c\udf90|Calm Mind|p2a: Note \ud83c\udf90\n|-boost|p2a: Note \ud83c\udf90|spa|1\n|-boost|p2a: Note \ud83c\udf90|spd|1\n|-curestatus|p1a: Lunannilation|slp|[msg]\n|move|p1a: Lunannilation|Moonblast|p2a: Note \ud83c\udf90\n|-damage|p2a: Note \ud83c\udf90|79\/100\n|\n|upkeep\n|turn|25\n|\n|t:|1701127100\n|move|p2a: Note \ud83c\udf90|Calm Mind|p2a: Note \ud83c\udf90\n|-boost|p2a: Note \ud83c\udf90|spa|1\n|-boost|p2a: Note \ud83c\udf90|spd|1\n|move|p1a: Lunannilation|Moonblast|p2a: Note \ud83c\udf90\n|-damage|p2a: Note \ud83c\udf90|61\/100\n|\n|upkeep\n|turn|26\n|\n|t:|1701127108\n|move|p2a: Note \ud83c\udf90|Recover|p2a: Note \ud83c\udf90\n|-heal|p2a: Note \ud83c\udf90|100\/100\n|move|p1a: Lunannilation|Moonblast|p2a: Note \ud83c\udf90\n|-damage|p2a: Note \ud83c\udf90|82\/100\n|\n|upkeep\n|turn|27\n|\n|t:|1701127117\n|move|p2a: Note \ud83c\udf90|Calm Mind|p2a: Note \ud83c\udf90\n|-boost|p2a: Note \ud83c\udf90|spa|1\n|-boost|p2a: Note \ud83c\udf90|spd|1\n|move|p1a: Lunannilation|Moonblast|p2a: Note \ud83c\udf90\n|-damage|p2a: Note \ud83c\udf90|65\/100\n|\n|upkeep\n|turn|28\n|\n|t:|1701127124\n|move|p2a: Note \ud83c\udf90|Recover|p2a: Note \ud83c\udf90\n|-heal|p2a: Note \ud83c\udf90|100\/100\n|move|p1a: Lunannilation|Moonblast|p2a: Note \ud83c\udf90\n|-damage|p2a: Note \ud83c\udf90|84\/100\n|\n|upkeep\n|turn|29\n|\n|t:|1701127134\n|move|p2a: Note \ud83c\udf90|Calm Mind|p2a: Note \ud83c\udf90\n|-boost|p2a: Note \ud83c\udf90|spa|1\n|-boost|p2a: Note \ud83c\udf90|spd|1\n|move|p1a: Lunannilation|Flamethrower|p2a: Note \ud83c\udf90\n|-damage|p2a: Note \ud83c\udf90|76\/100\n|\n|upkeep\n|turn|30\n|\n|t:|1701127142\n|move|p2a: Note \ud83c\udf90|Calm Mind|p2a: Note \ud83c\udf90\n|-boost|p2a: Note \ud83c\udf90|spa|1\n|-boost|p2a: Note \ud83c\udf90|spd|1\n|move|p1a: Lunannilation|Flamethrower|p2a: Note \ud83c\udf90\n|-damage|p2a: Note \ud83c\udf90|69\/100\n|\n|upkeep\n|turn|31\n|\n|t:|1701127149\n|move|p2a: Note \ud83c\udf90|Psychic|p1a: Lunannilation\n|-damage|p1a: Lunannilation|0 fnt\n|faint|p1a: Lunannilation\n|\n|upkeep\n|\n|t:|1701127154\n|switch|p1a: Nuts!|Falinks|100\/100\n|turn|32\n|\n|t:|1701127160\n|move|p1a: Nuts!|Close Combat|p2a: Note \ud83c\udf90\n|-resisted|p2a: Note \ud83c\udf90\n|-crit|p2a: Note \ud83c\udf90\n|-damage|p2a: Note \ud83c\udf90|30\/100\n|-unboost|p1a: Nuts!|def|1\n|-unboost|p1a: Nuts!|spd|1\n|move|p2a: Note \ud83c\udf90|Psychic|p1a: Nuts!\n|-supereffective|p1a: Nuts!\n|-damage|p1a: Nuts!|0 fnt\n|faint|p1a: Nuts!\n|\n|win|EnowLittleDreamer\n|raw|Rival1's rating: 1133 &rarr; <strong>1103<\/strong><br \/>(-30 for losing)\n|raw|EnowLittleDreamer's rating: 1068 &rarr; <strong>1103<\/strong><br \/>(+35 for winning)\n|l|\u2606Rival1\n","uploadtime":1701127180,"views":26,"p1id":"rival1","p2id":"enowlittledreamer","formatid":"gen9nationaldex","rating":1103,"private":0,"password":""}