{"id":"gen9nationaldex-2000208525","p1":"UrBeardsWeird","p2":"BigG5","format":"[Gen 9] National Dex","log":"|html|<div class=\"broadcast-blue\"><strong>[Gen 9] National Dex is currently suspecting Sneasler! For information on how to participate check out the <a href=\"https:\/\/www.smogon.com\/forums\/threads\/sv-national-dex-suspect-8-just-dance.3731534\/\">suspect thread<\/a>.<\/strong><\/div>\n|j|\u2606UrBeardsWeird\n|j|\u2606BigG5\n|t:|1701172303\n|gametype|singles\n|player|p1|UrBeardsWeird|101|1659\n|player|p2|BigG5|101|1580\n|teamsize|p1|6\n|teamsize|p2|6\n|gen|9\n|tier|[Gen 9] National Dex\n|rated|\n|rule|HP Percentage Mod: HP is shown in percentages\n|rule|Endless Battle Clause: Forcing endless battles is banned\n|rule|OHKO Clause: OHKO moves are banned\n|rule|Evasion Clause: Evasion abilities, items, and moves are banned\n|rule|Evasion Abilities Clause: Evasion abilities are banned\n|rule|Evasion Items Clause: Evasion items are banned\n|rule|Evasion Moves Clause: Evasion moves are banned\n|rule|Species Clause: Limit one of each Pok\u00e9mon\n|rule|Sleep Clause Mod: Limit one foe put to sleep\n|clearpoke\n|poke|p1|Pelipper, F|\n|poke|p1|Swampert, M|\n|poke|p1|Tornadus-Therian, M|\n|poke|p1|Ferrothorn, M|\n|poke|p1|Urshifu-*, F|\n|poke|p1|Tapu Koko|\n|poke|p2|Tyranitar, M|\n|poke|p2|Alomomola, M|\n|poke|p2|Landorus-Therian, M|\n|poke|p2|Dracozolt|\n|poke|p2|Tapu Lele|\n|poke|p2|Celesteela|\n|teampreview\n|inactive|Battle timer is ON: inactive players will automatically lose when time's up. (requested by UrBeardsWeird)\n|\n|t:|1701172308\n|start\n|switch|p1a: Tapu Koko|Tapu Koko|100\/100\n|switch|p2a: Tapu Lele|Tapu Lele|100\/100\n|-fieldstart|move: Electric Terrain|[from] ability: Electric Surge|[of] p1a: Tapu Koko\n|-fieldstart|move: Psychic Terrain|[from] ability: Psychic Surge|[of] p2a: Tapu Lele\n|turn|1\n|j| ESP Nebu\n|\n|t:|1701172320\n|switch|p1a: Ferrothorn|Ferrothorn, M|100\/100\n|move|p2a: Tapu Lele|Hidden Power|p1a: Ferrothorn\n|-supereffective|p1a: Ferrothorn\n|-damage|p1a: Ferrothorn|25\/100\n|\n|-heal|p1a: Ferrothorn|32\/100|[from] item: Leftovers\n|upkeep\n|turn|2\n|\n|t:|1701172333\n|switch|p2a: Celesteela|Celesteela|100\/100\n|switch|p1a: Pelipper|Pelipper, F|100\/100\n|-weather|RainDance|[from] ability: Drizzle|[of] p1a: Pelipper\n|\n|-weather|RainDance|[upkeep]\n|upkeep\n|turn|3\n|\n|t:|1701172341\n|switch|p1a: Swampert|Swampert, M|100\/100\n|move|p2a: Celesteela|Autotomize|p2a: Celesteela\n|-boost|p2a: Celesteela|spe|2\n|-start|p2a: Celesteela|Autotomize\n|\n|-weather|RainDance|[upkeep]\n|upkeep\n|turn|4\n|inactive|BigG5 has 120 seconds left.\n|\n|t:|1701172376\n|detailschange|p1a: Swampert|Swampert-Mega, M\n|-mega|p1a: Swampert|Swampert|Swampertite\n|-terastallize|p2a: Celesteela|Dragon\n|move|p1a: Swampert|Liquidation|p2a: Celesteela\n|-resisted|p2a: Celesteela\n|-damage|p2a: Celesteela|64\/100\n|move|p2a: Celesteela|Autotomize|p2a: Celesteela\n|-boost|p2a: Celesteela|spe|2\n|-start|p2a: Celesteela|Autotomize\n|\n|-weather|RainDance|[upkeep]\n|upkeep\n|turn|5\n|inactive|BigG5 has 120 seconds left.\n|\n|t:|1701172390\n|move|p2a: Celesteela|Meteor Beam||[still]\n|-prepare|p2a: Celesteela|Meteor Beam\n|-boost|p2a: Celesteela|spa|1\n|-enditem|p2a: Celesteela|Power Herb\n|-anim|p2a: Celesteela|Meteor Beam|p1a: Swampert\n|-resisted|p1a: Swampert\n|-damage|p1a: Swampert|72\/100\n|move|p1a: Swampert|Ice Punch|p2a: Celesteela\n|-supereffective|p2a: Celesteela\n|-damage|p2a: Celesteela|3\/100\n|\n|-weather|RainDance|[upkeep]\n|-fieldend|move: Psychic Terrain\n|upkeep\n|turn|6\n|inactive|BigG5 has 120 seconds left.\n|\n|t:|1701172399\n|move|p2a: Celesteela|Air Slash|p1a: Swampert\n|-damage|p1a: Swampert|20\/100\n|move|p1a: Swampert|Flip Turn|p2a: Celesteela\n|-resisted|p2a: Celesteela\n|-damage|p2a: Celesteela|0 fnt\n|faint|p2a: Celesteela\n|\n|t:|1701172404\n|switch|p1a: Tapu Koko|Tapu Koko|100\/100|[from] Flip Turn\n|-fieldstart|move: Electric Terrain|[from] ability: Electric Surge|[of] p1a: Tapu Koko\n|\n|-weather|RainDance|[upkeep]\n|upkeep\n|\n|t:|1701172412\n|switch|p2a: Landorus|Landorus-Therian, M|100\/100\n|-ability|p2a: Landorus|Intimidate|boost\n|-unboost|p1a: Tapu Koko|atk|1\n|turn|7\n|\n|t:|1701172416\n|switch|p2a: Tyranitar|Tyranitar, M, shiny|100\/100\n|-weather|Sandstorm|[from] ability: Sand Stream|[of] p2a: Tyranitar\n|move|p1a: Tapu Koko|Hidden Power|p2a: Tyranitar\n|-crit|p2a: Tyranitar\n|-damage|p2a: Tyranitar|85\/100\n|\n|-weather|Sandstorm|[upkeep]\n|-damage|p1a: Tapu Koko|94\/100|[from] Sandstorm\n|upkeep\n|turn|8\n|\n|t:|1701172426\n|switch|p1a: Pelipper|Pelipper, F|100\/100\n|-weather|RainDance|[from] ability: Drizzle|[of] p1a: Pelipper\n|move|p2a: Tyranitar|Stone Edge|p1a: Pelipper\n|-supereffective|p1a: Pelipper\n|-damage|p1a: Pelipper|24\/100\n|\n|-weather|RainDance|[upkeep]\n|upkeep\n|turn|9\n|j| hainiumm\n|\n|t:|1701172436\n|switch|p2a: Alomomola|Alomomola, M|100\/100\n|switch|p1a: Urshifu|Urshifu-Rapid-Strike, F|100\/100\n|\n|-weather|RainDance|[upkeep]\n|upkeep\n|turn|10\n|\n|t:|1701172443\n|move|p1a: Urshifu|U-turn|p2a: Alomomola\n|-damage|p2a: Alomomola|86\/100\n|\n|t:|1701172445\n|switch|p1a: Ferrothorn|Ferrothorn, M|32\/100|[from] U-turn\n|move|p2a: Alomomola|Flip Turn|p1a: Ferrothorn\n|-resisted|p1a: Ferrothorn\n|-damage|p1a: Ferrothorn|22\/100\n|-damage|p2a: Alomomola|73\/100|[from] ability: Iron Barbs|[of] p1a: Ferrothorn\n|\n|t:|1701172459\n|switch|p2a: Tapu Lele|Tapu Lele|100\/100|[from] Flip Turn\n|-fieldstart|move: Psychic Terrain|[from] ability: Psychic Surge|[of] p2a: Tapu Lele\n|\n|-weather|RainDance|[upkeep]\n|-heal|p1a: Ferrothorn|29\/100|[from] item: Leftovers\n|upkeep\n|turn|11\n|\n|t:|1701172466\n|move|p2a: Tapu Lele|Psychic|p1a: Ferrothorn\n|-resisted|p1a: Ferrothorn\n|-damage|p1a: Ferrothorn|1\/100\n|move|p1a: Ferrothorn|Stealth Rock|p2a: Tapu Lele\n|-sidestart|p2: BigG5|move: Stealth Rock\n|\n|-weather|RainDance|[upkeep]\n|-heal|p1a: Ferrothorn|8\/100|[from] item: Leftovers\n|upkeep\n|turn|12\n|\n|t:|1701172472\n|move|p2a: Tapu Lele|Psychic|p1a: Ferrothorn\n|-resisted|p1a: Ferrothorn\n|-crit|p1a: Ferrothorn\n|-damage|p1a: Ferrothorn|0 fnt\n|faint|p1a: Ferrothorn\n|\n|-weather|RainDance|[upkeep]\n|upkeep\n|\n|t:|1701172476\n|switch|p1a: Swampert|Swampert-Mega, M|20\/100\n|turn|13\n|\n|t:|1701172483\n|switch|p2a: Alomomola|Alomomola, M|100\/100\n|move|p1a: Swampert|Flip Turn|p2a: Alomomola\n|-resisted|p2a: Alomomola\n|-damage|p2a: Alomomola|84\/100\n|\n|t:|1701172487\n|switch|p1a: Tornadus|Tornadus-Therian, M|100\/100|[from] Flip Turn\n|\n|-weather|RainDance|[upkeep]\n|upkeep\n|turn|14\n|\n|t:|1701172493\n|move|p2a: Alomomola|Protect|p2a: Alomomola\n|-singleturn|p2a: Alomomola|Protect\n|move|p1a: Tornadus|Hurricane|p2a: Alomomola\n|-activate|p2a: Alomomola|move: Protect\n|\n|-weather|RainDance|[upkeep]\n|-fieldend|move: Psychic Terrain\n|upkeep\n|turn|15\n|\n|t:|1701172503\n|move|p1a: Tornadus|Hurricane|p2a: Alomomola\n|-damage|p2a: Alomomola|42\/100\n|move|p2a: Alomomola|Flip Turn|p1a: Tornadus\n|-damage|p1a: Tornadus|67\/100\n|\n|t:|1701172508\n|switch|p2a: Tyranitar|Tyranitar, M, shiny|85\/100|[from] Flip Turn\n|-damage|p2a: Tyranitar|73\/100|[from] Stealth Rock\n|-weather|Sandstorm|[from] ability: Sand Stream|[of] p2a: Tyranitar\n|\n|-weather|Sandstorm|[upkeep]\n|-damage|p1a: Tornadus|61\/100|[from] Sandstorm\n|upkeep\n|turn|16\n|\n|t:|1701172516\n|-zpower|p1a: Tornadus\n|move|p1a: Tornadus|All-Out Pummeling|p2a: Tyranitar|[zeffect]\n|-supereffective|p2a: Tyranitar\n|-damage|p2a: Tyranitar|0 fnt\n|faint|p2a: Tyranitar\n|\n|-weather|Sandstorm|[upkeep]\n|-damage|p1a: Tornadus|56\/100|[from] Sandstorm\n|upkeep\n|\n|t:|1701172527\n|switch|p2a: Dracozolt|Dracozolt, shiny|100\/100\n|-damage|p2a: Dracozolt|88\/100|[from] Stealth Rock\n|turn|17\n|\n|t:|1701172533\n|switch|p1a: Pelipper|Pelipper, F|24\/100\n|-weather|RainDance|[from] ability: Drizzle|[of] p1a: Pelipper\n|move|p2a: Dracozolt|Draco Meteor|p1a: Pelipper\n|-damage|p1a: Pelipper|0 fnt\n|-unboost|p2a: Dracozolt|spa|2\n|faint|p1a: Pelipper\n|-damage|p2a: Dracozolt|78\/100|[from] item: Life Orb\n|\n|-weather|RainDance|[upkeep]\n|upkeep\n|\n|t:|1701172537\n|switch|p1a: Swampert|Swampert-Mega, M|20\/100\n|turn|18\n|inactive|BigG5 has 120 seconds left.\n|\n|t:|1701172571\n|move|p1a: Swampert|Earthquake|p2a: Dracozolt\n|-supereffective|p2a: Dracozolt\n|-damage|p2a: Dracozolt|0 fnt\n|faint|p2a: Dracozolt\n|\n|-weather|RainDance|[upkeep]\n|upkeep\n|inactive|BigG5 has 120 seconds left.\n|\n|t:|1701172578\n|switch|p2a: Alomomola|Alomomola, M|75\/100\n|turn|19\n|l| ESP Nebu\n|\n|t:|1701172583\n|switch|p1a: Tapu Koko|Tapu Koko|94\/100\n|-fieldstart|move: Electric Terrain|[from] ability: Electric Surge|[of] p1a: Tapu Koko\n|move|p2a: Alomomola|Flip Turn|p1a: Tapu Koko\n|-damage|p1a: Tapu Koko|59\/100\n|\n|t:|1701172590\n|switch|p2a: Tapu Lele|Tapu Lele|100\/100|[from] Flip Turn\n|-damage|p2a: Tapu Lele|88\/100|[from] Stealth Rock\n|-fieldstart|move: Psychic Terrain|[from] ability: Psychic Surge|[of] p2a: Tapu Lele\n|\n|-weather|RainDance|[upkeep]\n|upkeep\n|turn|20\n|\n|t:|1701172597\n|move|p1a: Tapu Koko|Thunder|p2a: Tapu Lele\n|-damage|p2a: Tapu Lele|10\/100\n|move|p2a: Tapu Lele|Psychic|p1a: Tapu Koko\n|-damage|p1a: Tapu Koko|0 fnt\n|faint|p1a: Tapu Koko\n|\n|-weather|RainDance|[upkeep]\n|upkeep\n|\n|t:|1701172599\n|switch|p1a: Swampert|Swampert-Mega, M|20\/100\n|turn|21\n|\n|t:|1701172610\n|switch|p2a: Alomomola|Alomomola, M|100\/100\n|move|p1a: Swampert|Flip Turn|p2a: Alomomola\n|-resisted|p2a: Alomomola\n|-crit|p2a: Alomomola\n|-damage|p2a: Alomomola|76\/100\n|\n|t:|1701172616\n|switch|p1a: Tornadus|Tornadus-Therian, M|89\/100|[from] Flip Turn\n|\n|-weather|RainDance|[upkeep]\n|upkeep\n|turn|22\n|\n|t:|1701172628\n|move|p1a: Tornadus|Substitute|p1a: Tornadus\n|-start|p1a: Tornadus|Substitute\n|-damage|p1a: Tornadus|64\/100\n|move|p2a: Alomomola|Wish|p2a: Alomomola\n|\n|-weather|RainDance|[upkeep]\n|upkeep\n|turn|23\n|\n|t:|1701172633\n|move|p1a: Tornadus|Nasty Plot|p1a: Tornadus\n|-boost|p1a: Tornadus|spa|2\n|move|p2a: Alomomola|Flip Turn|p1a: Tornadus\n|-end|p1a: Tornadus|Substitute\n|\n|t:|1701172639\n|switch|p2a: Landorus|Landorus-Therian, M|100\/100|[from] Flip Turn\n|-damage|p2a: Landorus|88\/100|[from] Stealth Rock\n|-ability|p2a: Landorus|Intimidate|boost\n|-unboost|p1a: Tornadus|atk|1\n|\n|-weather|RainDance|[upkeep]\n|-heal|p2a: Landorus|100\/100|[from] move: Wish|[wisher] Alomomola\n|-fieldend|move: Psychic Terrain\n|upkeep\n|turn|24\n|\n|t:|1701172647\n|switch|p1a: Urshifu|Urshifu-Rapid-Strike, F|100\/100\n|move|p2a: Landorus|Defog|p1a: Urshifu\n|-unboost|p1a: Urshifu|evasion|1\n|-sideend|p2: BigG5|Stealth Rock|[from] move: Defog|[of] p2a: Landorus\n|\n|-weather|none\n|upkeep\n|turn|25\n|\n|t:|1701172654\n|switch|p2a: Alomomola|Alomomola, M|100\/100\n|move|p1a: Urshifu|Surging Strikes|p2a: Alomomola\n|-resisted|p2a: Alomomola\n|-crit|p2a: Alomomola\n|-damage|p2a: Alomomola|94\/100\n|-resisted|p2a: Alomomola\n|-crit|p2a: Alomomola\n|-damage|p2a: Alomomola|88\/100\n|-resisted|p2a: Alomomola\n|-crit|p2a: Alomomola\n|-damage|p2a: Alomomola|82\/100\n|-hitcount|p2a: Alomomola|3\n|\n|upkeep\n|turn|26\n|\n|t:|1701172664\n|move|p1a: Urshifu|Surging Strikes|p2a: Alomomola\n|-resisted|p2a: Alomomola\n|-crit|p2a: Alomomola\n|-damage|p2a: Alomomola|76\/100\n|-resisted|p2a: Alomomola\n|-crit|p2a: Alomomola\n|-damage|p2a: Alomomola|70\/100\n|-resisted|p2a: Alomomola\n|-crit|p2a: Alomomola\n|-damage|p2a: Alomomola|64\/100\n|-hitcount|p2a: Alomomola|3\n|move|p2a: Alomomola|Wish|p2a: Alomomola\n|\n|upkeep\n|turn|27\n|\n|t:|1701172674\n|move|p1a: Urshifu|Surging Strikes|p2a: Alomomola\n|-resisted|p2a: Alomomola\n|-crit|p2a: Alomomola\n|-damage|p2a: Alomomola|58\/100\n|-resisted|p2a: Alomomola\n|-crit|p2a: Alomomola\n|-damage|p2a: Alomomola|51\/100\n|-resisted|p2a: Alomomola\n|-crit|p2a: Alomomola\n|-damage|p2a: Alomomola|46\/100\n|-hitcount|p2a: Alomomola|3\n|move|p2a: Alomomola|Flip Turn|p1a: Urshifu\n|-resisted|p1a: Urshifu\n|-damage|p1a: Urshifu|92\/100\n|\n|t:|1701172684\n|switch|p2a: Tapu Lele|Tapu Lele|10\/100|[from] Flip Turn\n|-fieldstart|move: Psychic Terrain|[from] ability: Psychic Surge|[of] p2a: Tapu Lele\n|\n|-heal|p2a: Tapu Lele|94\/100|[from] move: Wish|[wisher] Alomomola\n|upkeep\n|turn|28\n|\n|t:|1701172694\n|switch|p2a: Alomomola|Alomomola, M|79\/100\n|-terastallize|p1a: Urshifu|Water\n|move|p1a: Urshifu|Surging Strikes|p2a: Alomomola\n|-resisted|p2a: Alomomola\n|-crit|p2a: Alomomola\n|-damage|p2a: Alomomola|71\/100\n|-resisted|p2a: Alomomola\n|-crit|p2a: Alomomola\n|-damage|p2a: Alomomola|63\/100\n|-resisted|p2a: Alomomola\n|-crit|p2a: Alomomola\n|-damage|p2a: Alomomola|55\/100\n|-hitcount|p2a: Alomomola|3\n|\n|upkeep\n|turn|29\n|\n|t:|1701172707\n|switch|p1a: Tornadus|Tornadus-Therian, M|97\/100\n|move|p2a: Alomomola|Toxic|p1a: Tornadus\n|-status|p1a: Tornadus|tox\n|\n|-damage|p1a: Tornadus|91\/100 tox|[from] psn\n|upkeep\n|turn|30\n|\n|t:|1701172719\n|move|p2a: Alomomola|Protect|p2a: Alomomola\n|-singleturn|p2a: Alomomola|Protect\n|move|p1a: Tornadus|Nasty Plot|p1a: Tornadus\n|-boost|p1a: Tornadus|spa|2\n|\n|-damage|p1a: Tornadus|79\/100 tox|[from] psn\n|upkeep\n|turn|31\n|\n|t:|1701172726\n|move|p1a: Tornadus|Hurricane|p2a: Alomomola|[miss]\n|-miss|p1a: Tornadus|p2a: Alomomola\n|move|p2a: Alomomola|Wish|p2a: Alomomola\n|\n|-damage|p1a: Tornadus|61\/100 tox|[from] psn\n|-fieldend|move: Psychic Terrain\n|upkeep\n|turn|32\n|\n|t:|1701172733\n|move|p2a: Alomomola|Protect|p2a: Alomomola\n|-singleturn|p2a: Alomomola|Protect\n|move|p1a: Tornadus|Nasty Plot|p1a: Tornadus\n|-boost|p1a: Tornadus|spa|2\n|\n|-heal|p2a: Alomomola|100\/100|[from] move: Wish|[wisher] Alomomola\n|-damage|p1a: Tornadus|37\/100 tox|[from] psn\n|upkeep\n|turn|33\n|l| hainiumm\n|\n|t:|1701172758\n|switch|p2a: Landorus|Landorus-Therian, M|100\/100\n|-ability|p2a: Landorus|Intimidate|boost\n|-unboost|p1a: Tornadus|atk|1\n|move|p1a: Tornadus|Hurricane|p2a: Landorus\n|-damage|p2a: Landorus|0 fnt\n|faint|p2a: Landorus\n|\n|-damage|p1a: Tornadus|7\/100 tox|[from] psn\n|upkeep\n|\n|t:|1701172767\n|switch|p2a: Alomomola|Alomomola, M|100\/100\n|turn|34\n|\n|t:|1701172771\n|switch|p1a: Urshifu|Urshifu-Rapid-Strike, F, tera:Water|92\/100\n|move|p2a: Alomomola|Protect||[still]\n|-fail|p2a: Alomomola\n|\n|upkeep\n|turn|35\n|\n|t:|1701172777\n|switch|p1a: Tornadus|Tornadus-Therian, M|40\/100 tox\n|move|p2a: Alomomola|Toxic|p1a: Tornadus\n|-fail|p1a: Tornadus|tox\n|\n|-damage|p1a: Tornadus|34\/100 tox|[from] psn\n|upkeep\n|turn|36\n|\n|t:|1701172784\n|switch|p1a: Urshifu|Urshifu-Rapid-Strike, F, tera:Water|92\/100\n|move|p2a: Alomomola|Flip Turn|p1a: Urshifu\n|-resisted|p1a: Urshifu\n|-damage|p1a: Urshifu|84\/100\n|\n|t:|1701172790\n|switch|p2a: Tapu Lele|Tapu Lele|94\/100|[from] Flip Turn\n|-fieldstart|move: Psychic Terrain|[from] ability: Psychic Surge|[of] p2a: Tapu Lele\n|\n|upkeep\n|turn|37\n|\n|t:|1701172812\n|switch|p2a: Alomomola|Alomomola, M|100\/100\n|move|p1a: Urshifu|Surging Strikes|p2a: Alomomola\n|-resisted|p2a: Alomomola\n|-crit|p2a: Alomomola\n|-damage|p2a: Alomomola|92\/100\n|-resisted|p2a: Alomomola\n|-crit|p2a: Alomomola\n|-damage|p2a: Alomomola|84\/100\n|-resisted|p2a: Alomomola\n|-crit|p2a: Alomomola\n|-damage|p2a: Alomomola|76\/100\n|-hitcount|p2a: Alomomola|3\n|\n|upkeep\n|turn|38\n|\n|t:|1701172825\n|switch|p1a: Tornadus|Tornadus-Therian, M|68\/100 tox\n|move|p2a: Alomomola|Flip Turn|p1a: Tornadus\n|-damage|p1a: Tornadus|47\/100 tox\n|\n|t:|1701172830\n|switch|p2a: Tapu Lele|Tapu Lele|94\/100|[from] Flip Turn\n|\n|-damage|p1a: Tornadus|41\/100 tox|[from] psn\n|upkeep\n|turn|39\n|\n|t:|1701172838\n|switch|p1a: Swampert|Swampert-Mega, M|20\/100\n|move|p2a: Tapu Lele|Psychic|p1a: Swampert\n|-damage|p1a: Swampert|0 fnt\n|faint|p1a: Swampert\n|\n|upkeep\n|\n|t:|1701172840\n|switch|p1a: Urshifu|Urshifu-Rapid-Strike, F, tera:Water|84\/100\n|turn|40\n|\n|t:|1701172849\n|switch|p2a: Alomomola|Alomomola, M|100\/100\n|move|p1a: Urshifu|U-turn|p2a: Alomomola\n|-damage|p2a: Alomomola|85\/100\n|\n|t:|1701172851\n|switch|p1a: Tornadus|Tornadus-Therian, M|75\/100 tox|[from] U-turn\n|\n|-damage|p1a: Tornadus|69\/100 tox|[from] psn\n|-fieldend|move: Psychic Terrain\n|upkeep\n|turn|41\n|\n|t:|1701172858\n|move|p1a: Tornadus|Nasty Plot|p1a: Tornadus\n|-boost|p1a: Tornadus|spa|2\n|move|p2a: Alomomola|Flip Turn|p1a: Tornadus\n|-damage|p1a: Tornadus|47\/100 tox\n|\n|t:|1701172864\n|switch|p2a: Tapu Lele|Tapu Lele|94\/100|[from] Flip Turn\n|-fieldstart|move: Psychic Terrain|[from] ability: Psychic Surge|[of] p2a: Tapu Lele\n|\n|-damage|p1a: Tornadus|35\/100 tox|[from] psn\n|upkeep\n|turn|42\n|\n|t:|1701172880\n|switch|p2a: Alomomola|Alomomola, M|100\/100\n|move|p1a: Tornadus|Hurricane|p2a: Alomomola|[miss]\n|-miss|p1a: Tornadus|p2a: Alomomola\n|\n|-damage|p1a: Tornadus|17\/100 tox|[from] psn\n|upkeep\n|turn|43\n|\n|t:|1701172888\n|switch|p1a: Urshifu|Urshifu-Rapid-Strike, F, tera:Water|84\/100\n|move|p2a: Alomomola|Flip Turn|p1a: Urshifu\n|-resisted|p1a: Urshifu\n|-damage|p1a: Urshifu|76\/100\n|\n|t:|1701172893\n|switch|p2a: Tapu Lele|Tapu Lele|94\/100|[from] Flip Turn\n|\n|upkeep\n|turn|44\n|\n|t:|1701172915\n|switch|p2a: Alomomola|Alomomola, M|100\/100\n|move|p1a: Urshifu|Surging Strikes|p2a: Alomomola\n|-resisted|p2a: Alomomola\n|-crit|p2a: Alomomola\n|-damage|p2a: Alomomola|92\/100\n|-resisted|p2a: Alomomola\n|-crit|p2a: Alomomola\n|-damage|p2a: Alomomola|85\/100\n|-resisted|p2a: Alomomola\n|-crit|p2a: Alomomola\n|-damage|p2a: Alomomola|76\/100\n|-hitcount|p2a: Alomomola|3\n|\n|upkeep\n|turn|45\n|\n|t:|1701172926\n|move|p1a: Urshifu|Surging Strikes|p2a: Alomomola\n|-resisted|p2a: Alomomola\n|-crit|p2a: Alomomola\n|-damage|p2a: Alomomola|69\/100\n|-resisted|p2a: Alomomola\n|-crit|p2a: Alomomola\n|-damage|p2a: Alomomola|61\/100\n|-resisted|p2a: Alomomola\n|-crit|p2a: Alomomola\n|-damage|p2a: Alomomola|52\/100\n|-hitcount|p2a: Alomomola|3\n|move|p2a: Alomomola|Wish|p2a: Alomomola\n|\n|-fieldend|move: Psychic Terrain\n|upkeep\n|turn|46\n|\n|t:|1701172936\n|switch|p1a: Tornadus|Tornadus-Therian, M|50\/100 tox\n|move|p2a: Alomomola|Toxic|p1a: Tornadus\n|-fail|p1a: Tornadus|tox\n|\n|-heal|p2a: Alomomola|100\/100|[from] move: Wish|[wisher] Alomomola\n|-damage|p1a: Tornadus|44\/100 tox|[from] psn\n|upkeep\n|turn|47\n|\n|t:|1701172950\n|move|p1a: Tornadus|Nasty Plot|p1a: Tornadus\n|-boost|p1a: Tornadus|spa|2\n|move|p2a: Alomomola|Wish|p2a: Alomomola\n|\n|-damage|p1a: Tornadus|32\/100 tox|[from] psn\n|upkeep\n|turn|48\n|\n|t:|1701172959\n|move|p1a: Tornadus|Nasty Plot|p1a: Tornadus\n|-boost|p1a: Tornadus|spa|2\n|move|p2a: Alomomola|Toxic|p1a: Tornadus\n|-fail|p1a: Tornadus|tox\n|\n|-damage|p1a: Tornadus|14\/100 tox|[from] psn\n|upkeep\n|turn|49\n|\n|t:|1701172966\n|switch|p1a: Urshifu|Urshifu-Rapid-Strike, F, tera:Water|76\/100\n|move|p2a: Alomomola|Protect||[still]\n|-fail|p2a: Alomomola\n|\n|upkeep\n|turn|50\n|\n|t:|1701172974\n|move|p1a: Urshifu|Surging Strikes|p2a: Alomomola\n|-resisted|p2a: Alomomola\n|-crit|p2a: Alomomola\n|-damage|p2a: Alomomola|92\/100\n|-resisted|p2a: Alomomola\n|-crit|p2a: Alomomola\n|-damage|p2a: Alomomola|84\/100\n|-resisted|p2a: Alomomola\n|-crit|p2a: Alomomola\n|-damage|p2a: Alomomola|76\/100\n|-hitcount|p2a: Alomomola|3\n|move|p2a: Alomomola|Flip Turn|p1a: Urshifu\n|-resisted|p1a: Urshifu\n|-damage|p1a: Urshifu|68\/100\n|\n|t:|1701172983\n|switch|p2a: Tapu Lele|Tapu Lele|94\/100|[from] Flip Turn\n|-fieldstart|move: Psychic Terrain|[from] ability: Psychic Surge|[of] p2a: Tapu Lele\n|\n|upkeep\n|turn|51\n|j| yuzhibo\n|\n|t:|1701172989\n|switch|p2a: Alomomola|Alomomola, M|100\/100\n|move|p1a: Urshifu|U-turn|p2a: Alomomola\n|-damage|p2a: Alomomola|85\/100\n|\n|t:|1701172990\n|switch|p1a: Tornadus|Tornadus-Therian, M|47\/100 tox|[from] U-turn\n|\n|-damage|p1a: Tornadus|41\/100 tox|[from] psn\n|upkeep\n|turn|52\n|\n|t:|1701172999\n|move|p1a: Tornadus|Nasty Plot|p1a: Tornadus\n|-boost|p1a: Tornadus|spa|2\n|move|p2a: Alomomola|Wish|p2a: Alomomola\n|\n|-damage|p1a: Tornadus|29\/100 tox|[from] psn\n|upkeep\n|turn|53\n|\n|t:|1701173014\n|move|p2a: Alomomola|Protect|p2a: Alomomola\n|-singleturn|p2a: Alomomola|Protect\n|move|p1a: Tornadus|Hurricane|p2a: Alomomola\n|-activate|p2a: Alomomola|move: Protect\n|\n|-heal|p2a: Alomomola|100\/100|[from] move: Wish|[wisher] Alomomola\n|-damage|p1a: Tornadus|11\/100 tox|[from] psn\n|upkeep\n|turn|54\n|\n|t:|1701173024\n|move|p1a: Tornadus|Hurricane|p2a: Alomomola|[miss]\n|-miss|p1a: Tornadus|p2a: Alomomola\n|move|p2a: Alomomola|Toxic|p1a: Tornadus\n|-fail|p1a: Tornadus|tox\n|\n|-damage|p1a: Tornadus|0 fnt|[from] psn\n|faint|p1a: Tornadus\n|-fieldend|move: Psychic Terrain\n|upkeep\n|-message|UrBeardsWeird forfeited.\n|\n|win|BigG5\n|raw|UrBeardsWeird's rating: 1659 &rarr; <strong>1635<\/strong><br \/>(-24 for losing)\n|raw|BigG5's rating: 1580 &rarr; <strong>1604<\/strong><br \/>(+24 for winning)\n|l|\u2606UrBeardsWeird\n|c|\u2606BigG5|Sry\n|c|\u2606BigG5|Gg\n|l| yuzhibo\n","uploadtime":1701173298,"views":27,"p1id":"urbeardsweird","p2id":"bigg5","formatid":"gen9nationaldex","rating":1604,"private":0,"password":""}