{"id":"gen9nationaldex-1991933632","p1":"ziggycreeper","p2":"drizzzzler","format":"[Gen 9] National Dex","log":"|j|\u2606ziggycreeper\n|j|\u2606drizzzzler\n|t:|1700139871\n|gametype|singles\n|player|p1|ziggycreeper|1|1322\n|player|p2|drizzzzler|hugh|1236\n|teamsize|p1|6\n|teamsize|p2|6\n|gen|9\n|tier|[Gen 9] National Dex\n|rated|\n|rule|HP Percentage Mod: HP is shown in percentages\n|rule|Endless Battle Clause: Forcing endless battles is banned\n|rule|OHKO Clause: OHKO moves are banned\n|rule|Evasion Clause: Evasion abilities, items, and moves are banned\n|rule|Evasion Abilities Clause: Evasion abilities are banned\n|rule|Evasion Items Clause: Evasion items are banned\n|rule|Evasion Moves Clause: Evasion moves are banned\n|rule|Species Clause: Limit one of each Pok\u00e9mon\n|rule|Sleep Clause Mod: Limit one foe put to sleep\n|clearpoke\n|poke|p1|Kartana|\n|poke|p1|Keldeo-Resolute|\n|poke|p1|Pelipper, F|\n|poke|p1|Blissey, F|\n|poke|p1|Banette, F|\n|poke|p1|Gliscor, M|\n|poke|p2|Galvantula, M|\n|poke|p2|Breloom, M|\n|poke|p2|Iron Treads|\n|poke|p2|Noivern, F|\n|poke|p2|Mienshao, F|\n|poke|p2|Scizor, M|\n|teampreview\n|inactive|Battle timer is ON: inactive players will automatically lose when time's up. (requested by drizzzzler)\n|\n|t:|1700139888\n|start\n|switch|p1a: Gliscor|Gliscor, M|100\/100\n|switch|p2a: Mienshao|Mienshao, F|100\/100\n|turn|1\n|\n|t:|1700139897\n|move|p1a: Gliscor|Protect|p1a: Gliscor\n|-singleturn|p1a: Gliscor|Protect\n|move|p2a: Mienshao|Knock Off|p1a: Gliscor\n|-activate|p1a: Gliscor|move: Protect\n|\n|-status|p1a: Gliscor|tox|[from] item: Toxic Orb\n|upkeep\n|turn|2\n|\n|t:|1700139903\n|move|p2a: Mienshao|U-turn|p1a: Gliscor\n|-resisted|p1a: Gliscor\n|-damage|p1a: Gliscor|88\/100 tox\n|-damage|p2a: Mienshao|91\/100|[from] item: Life Orb\n|\n|t:|1700139910\n|switch|p2a: Noivern|Noivern, F|100\/100|[from] U-turn\n|move|p1a: Gliscor|Spikes|p2a: Noivern\n|-sidestart|p2: drizzzzler|Spikes\n|\n|-heal|p1a: Gliscor|99\/100 tox|[from] ability: Poison Heal\n|upkeep\n|turn|3\n|\n|t:|1700139919\n|move|p1a: Gliscor|Protect|p1a: Gliscor\n|-singleturn|p1a: Gliscor|Protect\n|move|p2a: Noivern|Draco Meteor|p1a: Gliscor\n|-activate|p1a: Gliscor|move: Protect\n|\n|-heal|p1a: Gliscor|100\/100 tox|[from] ability: Poison Heal\n|upkeep\n|turn|4\n|\n|t:|1700139938\n|switch|p1a: Blissey|Blissey, F|100\/100\n|move|p2a: Noivern|Draco Meteor|p1a: Blissey\n|-damage|p1a: Blissey|67\/100\n|-unboost|p2a: Noivern|spa|2\n|\n|upkeep\n|turn|5\n|\n|t:|1700139946\n|switch|p2a: Iron Treads|Iron Treads|100\/100\n|-damage|p2a: Iron Treads|88\/100|[from] Spikes\n|move|p1a: Blissey|Toxic|p2a: Iron Treads\n|-immune|p2a: Iron Treads\n|\n|-heal|p2a: Iron Treads|94\/100|[from] item: Leftovers\n|upkeep\n|turn|6\n|\n|t:|1700139954\n|switch|p1a: Gliscor|Gliscor, M|100\/100 tox\n|move|p2a: Iron Treads|Stealth Rock|p1a: Gliscor\n|-sidestart|p1: ziggycreeper|move: Stealth Rock\n|\n|-heal|p2a: Iron Treads|100\/100|[from] item: Leftovers\n|upkeep\n|turn|7\n|\n|t:|1700139961\n|-end|p2a: Iron Treads|Quark Drive|[silent]\n|switch|p2a: Noivern|Noivern, F|100\/100\n|move|p1a: Gliscor|Earthquake|p2a: Noivern\n|-immune|p2a: Noivern\n|\n|upkeep\n|turn|8\n|\n|t:|1700139966\n|switch|p1a: Blissey|Blissey, F|67\/100\n|move|p2a: Noivern|Draco Meteor|p1a: Blissey\n|-damage|p1a: Blissey|34\/100\n|-unboost|p2a: Noivern|spa|2\n|\n|upkeep\n|turn|9\n|\n|t:|1700139977\n|switch|p2a: Iron Treads|Iron Treads|100\/100\n|-damage|p2a: Iron Treads|88\/100|[from] Spikes\n|move|p1a: Blissey|Soft-Boiled|p1a: Blissey\n|-heal|p1a: Blissey|84\/100\n|\n|-heal|p2a: Iron Treads|94\/100|[from] item: Leftovers\n|upkeep\n|turn|10\n|\n|t:|1700139985\n|move|p2a: Iron Treads|Rapid Spin|p1a: Blissey\n|-damage|p1a: Blissey|74\/100\n|-boost|p2a: Iron Treads|spe|1\n|-sideend|p2: drizzzzler|Spikes|[from] move: Rapid Spin|[of] p2a: Iron Treads\n|move|p1a: Blissey|Teleport|p1a: Blissey\n|\n|t:|1700139993\n|switch|p1a: Gliscor|Gliscor, M|100\/100 tox|[from] Teleport\n|-damage|p1a: Gliscor|88\/100 tox|[from] Stealth Rock\n|\n|-heal|p2a: Iron Treads|100\/100|[from] item: Leftovers\n|-heal|p1a: Gliscor|100\/100 tox|[from] ability: Poison Heal\n|upkeep\n|turn|11\n|\n|t:|1700140004\n|-end|p2a: Iron Treads|Quark Drive|[silent]\n|switch|p2a: Mienshao|Mienshao, F|100\/100\n|move|p1a: Gliscor|Toxic|p2a: Mienshao\n|-status|p2a: Mienshao|tox\n|\n|-damage|p2a: Mienshao|95\/100 tox|[from] psn\n|upkeep\n|turn|12\n|\n|t:|1700140012\n|move|p2a: Mienshao|Fake Out|p1a: Gliscor\n|-damage|p1a: Gliscor|84\/100 tox\n|-damage|p2a: Mienshao|85\/100 tox|[from] item: Life Orb\n|cant|p1a: Gliscor|flinch\n|\n|-damage|p2a: Mienshao|73\/100 tox|[from] psn\n|-heal|p1a: Gliscor|97\/100 tox|[from] ability: Poison Heal\n|upkeep\n|turn|13\n|\n|t:|1700140018\n|move|p2a: Mienshao|U-turn|p1a: Gliscor\n|-resisted|p1a: Gliscor\n|-damage|p1a: Gliscor|82\/100 tox\n|-damage|p2a: Mienshao|63\/100 tox|[from] item: Life Orb\n|\n|t:|1700140027\n|switch|p2a: Scizor|Scizor, M|100\/100|[from] U-turn\n|move|p1a: Gliscor|Toxic|p2a: Scizor\n|-immune|p2a: Scizor\n|\n|-heal|p1a: Gliscor|95\/100 tox|[from] ability: Poison Heal\n|upkeep\n|turn|14\n|\n|t:|1700140038\n|detailschange|p2a: Scizor|Scizor-Mega, M\n|-mega|p2a: Scizor|Scizor|Scizorite\n|move|p1a: Gliscor|Spikes|p2a: Scizor\n|-sidestart|p2: drizzzzler|Spikes\n|move|p2a: Scizor|Swords Dance|p2a: Scizor\n|-boost|p2a: Scizor|atk|2\n|\n|-heal|p1a: Gliscor|100\/100 tox|[from] ability: Poison Heal\n|upkeep\n|turn|15\n|\n|t:|1700140046\n|switch|p1a: Banette|Banette, F|100\/100\n|-damage|p1a: Banette|88\/100|[from] Stealth Rock\n|move|p2a: Scizor|Knock Off|p1a: Banette\n|-supereffective|p1a: Banette\n|-damage|p1a: Banette|0 fnt\n|faint|p1a: Banette\n|\n|upkeep\n|\n|t:|1700140058\n|switch|p1a: Keldeo|Keldeo-Resolute|100\/100\n|-damage|p1a: Keldeo|94\/100|[from] Stealth Rock\n|turn|16\n|\n|t:|1700140066\n|move|p1a: Keldeo|Hydro Pump|p2a: Scizor\n|-damage|p2a: Scizor|0 fnt\n|faint|p2a: Scizor\n|\n|upkeep\n|\n|t:|1700140070\n|switch|p2a: Mienshao|Mienshao, F|96\/100 tox\n|-damage|p2a: Mienshao|84\/100 tox|[from] Spikes\n|turn|17\n|\n|t:|1700140083\n|move|p2a: Mienshao|Fake Out|p1a: Keldeo\n|-damage|p1a: Keldeo|71\/100\n|-damage|p2a: Mienshao|74\/100 tox|[from] item: Life Orb\n|cant|p1a: Keldeo|flinch\n|\n|-damage|p2a: Mienshao|68\/100 tox|[from] psn\n|upkeep\n|turn|18\n|\n|t:|1700140090\n|switch|p1a: Gliscor|Gliscor, M|100\/100 tox\n|-damage|p1a: Gliscor|88\/100 tox|[from] Stealth Rock\n|move|p2a: Mienshao|U-turn|p1a: Gliscor\n|-resisted|p1a: Gliscor\n|-damage|p1a: Gliscor|76\/100 tox\n|-damage|p2a: Mienshao|58\/100 tox|[from] item: Life Orb\n|\n|t:|1700140096\n|switch|p2a: Noivern|Noivern, F|100\/100|[from] U-turn\n|\n|-heal|p1a: Gliscor|88\/100 tox|[from] ability: Poison Heal\n|upkeep\n|turn|19\n|\n|t:|1700140103\n|move|p2a: Noivern|Focus Blast|p1a: Gliscor|[miss]\n|-miss|p2a: Noivern|p1a: Gliscor\n|move|p1a: Gliscor|Toxic|p2a: Noivern\n|-status|p2a: Noivern|tox\n|\n|-damage|p2a: Noivern|94\/100 tox|[from] psn\n|-heal|p1a: Gliscor|100\/100 tox|[from] ability: Poison Heal\n|upkeep\n|turn|20\n|-message|drizzzzler forfeited.\n|\n|win|ziggycreeper\n|raw|ziggycreeper's rating: 1322 &rarr; <strong>1337<\/strong><br \/>(+15 for winning)\n|raw|drizzzzler's rating: 1236 &rarr; <strong>1217<\/strong><br \/>(-19 for losing)\n|l|\u2606drizzzzler\n","uploadtime":1700140256,"views":12,"p1id":"ziggycreeper","p2id":"drizzzzler","formatid":"gen9nationaldex","rating":1217,"private":0,"password":""}