{"id":"gen9nationaldex-1987488014","p1":"yaoye214","p2":"Forever1507","format":"[Gen 9] National Dex","log":"|j|\u2606yaoye214\n|j|\u2606Forever1507\n|t:|1699600042\n|gametype|singles\n|player|p1|yaoye214|265|1466\n|player|p2|Forever1507|266|1577\n|teamsize|p1|6\n|teamsize|p2|6\n|gen|9\n|tier|[Gen 9] National Dex\n|rated|\n|rule|HP Percentage Mod: HP is shown in percentages\n|rule|Endless Battle Clause: Forcing endless battles is banned\n|rule|OHKO Clause: OHKO moves are banned\n|rule|Evasion Clause: Evasion abilities, items, and moves are banned\n|rule|Evasion Abilities Clause: Evasion abilities are banned\n|rule|Evasion Items Clause: Evasion items are banned\n|rule|Evasion Moves Clause: Evasion moves are banned\n|rule|Species Clause: Limit one of each Pok\u00e9mon\n|rule|Sleep Clause Mod: Limit one foe put to sleep\n|clearpoke\n|poke|p1|Ferrothorn, F|\n|poke|p1|Tapu Koko|\n|poke|p1|Moltres|\n|poke|p1|Charizard, F|\n|poke|p1|Landorus-Therian, M|\n|poke|p1|Iron Valiant|\n|poke|p2|Charizard, M|\n|poke|p2|Corviknight, M|\n|poke|p2|Kommo-o, F|\n|poke|p2|Rillaboom, F|\n|poke|p2|Sneasler, F|\n|poke|p2|Volcarona, F|\n|teampreview\n|inactive|Battle timer is ON: inactive players will automatically lose when time's up. (requested by yaoye214)\n|\n|t:|1699600057\n|start\n|switch|p1a: Tapu Koko|Tapu Koko|100\/100\n|switch|p2a: Volcarona|Volcarona, F|100\/100\n|-fieldstart|move: Electric Terrain|[from] ability: Electric Surge|[of] p1a: Tapu Koko\n|turn|1\n|\n|t:|1699600065\n|-terastallize|p2a: Volcarona|Ground\n|-zpower|p1a: Tapu Koko\n|move|p1a: Tapu Koko|Gigavolt Havoc|p2a: Volcarona|[zeffect]\n|-immune|p2a: Volcarona\n|move|p2a: Volcarona|Quiver Dance|p2a: Volcarona\n|-boost|p2a: Volcarona|spa|1\n|-boost|p2a: Volcarona|spd|1\n|-boost|p2a: Volcarona|spe|1\n|\n|upkeep\n|turn|2\n|c|\u2606Forever1507|lol\n|\n|t:|1699600081\n|move|p2a: Volcarona|Quiver Dance|p2a: Volcarona\n|-boost|p2a: Volcarona|spa|1\n|-boost|p2a: Volcarona|spd|1\n|-boost|p2a: Volcarona|spe|1\n|move|p1a: Tapu Koko|Brave Bird|p2a: Volcarona\n|-damage|p2a: Volcarona|43\/100\n|-damage|p1a: Tapu Koko|80\/100|[from] Recoil\n|\n|upkeep\n|turn|3\n|\n|t:|1699600091\n|move|p2a: Volcarona|Giga Drain|p1a: Tapu Koko\n|-damage|p1a: Tapu Koko|2\/100\n|-heal|p2a: Volcarona|79\/100|[from] drain|[of] p1a: Tapu Koko\n|move|p1a: Tapu Koko|Brave Bird|p2a: Volcarona\n|-damage|p2a: Volcarona|23\/100\n|-damage|p1a: Tapu Koko|0 fnt|[from] Recoil\n|faint|p1a: Tapu Koko\n|\n|upkeep\n|\n|t:|1699600105\n|switch|p1a: Charizard|Charizard, F|100\/100\n|turn|4\n|\n|t:|1699600114\n|move|p2a: Volcarona|Fiery Dance|p1a: Charizard\n|-resisted|p1a: Charizard\n|-damage|p1a: Charizard|45\/100\n|move|p1a: Charizard|Flare Blitz|p2a: Volcarona\n|-damage|p2a: Volcarona|0 fnt\n|faint|p2a: Volcarona\n|-damage|p1a: Charizard|37\/100|[from] Recoil\n|\n|upkeep\n|\n|t:|1699600122\n|switch|p2a: Rillaboom|Rillaboom, F|100\/100\n|-fieldstart|move: Grassy Terrain|[from] ability: Grassy Surge|[of] p2a: Rillaboom\n|turn|5\n|\n|t:|1699600133\n|detailschange|p1a: Charizard|Charizard-Mega-X, F\n|-mega|p1a: Charizard|Charizard|Charizardite X\n|move|p1a: Charizard|Roost|p1a: Charizard\n|-heal|p1a: Charizard|87\/100\n|-singleturn|p1a: Charizard|move: Roost\n|move|p2a: Rillaboom|U-turn|p1a: Charizard\n|-resisted|p1a: Charizard\n|-damage|p1a: Charizard|67\/100\n|\n|t:|1699600141\n|switch|p2a: Charizard|Charizard, M|100\/100|[from] U-turn\n|\n|-heal|p1a: Charizard|73\/100|[from] Grassy Terrain\n|upkeep\n|turn|6\n|\n|t:|1699600148\n|detailschange|p2a: Charizard|Charizard-Mega-X, M\n|-mega|p2a: Charizard|Charizard|Charizardite X\n|move|p1a: Charizard|Flare Blitz|p2a: Charizard\n|-resisted|p2a: Charizard\n|-damage|p2a: Charizard|79\/100\n|-damage|p1a: Charizard|66\/100|[from] Recoil\n|move|p2a: Charizard|Dragon Claw|p1a: Charizard\n|-supereffective|p1a: Charizard\n|-damage|p1a: Charizard|0 fnt\n|faint|p1a: Charizard\n|\n|-heal|p2a: Charizard|85\/100|[from] Grassy Terrain\n|upkeep\n|\n|t:|1699600161\n|switch|p1a: Iron Valiant|Iron Valiant|100\/100\n|turn|7\n|\n|t:|1699600166\n|-terastallize|p1a: Iron Valiant|Fairy\n|move|p1a: Iron Valiant|Moonblast|p2a: Charizard\n|-damage|p2a: Charizard|0 fnt\n|faint|p2a: Charizard\n|-damage|p1a: Iron Valiant|90\/100|[from] item: Life Orb\n|\n|-heal|p1a: Iron Valiant|97\/100|[from] Grassy Terrain\n|upkeep\n|\n|t:|1699600170\n|switch|p2a: Sneasler|Sneasler, F|100\/100\n|-enditem|p2a: Sneasler|Grassy Seed\n|-boost|p2a: Sneasler|def|1|[from] item: Grassy Seed\n|turn|8\n|\n|t:|1699600180\n|-end|p1a: Iron Valiant|Quark Drive|[silent]\n|switch|p1a: Landorus|Landorus-Therian, M|100\/100\n|-ability|p1a: Landorus|Intimidate|boost\n|-unboost|p2a: Sneasler|atk|1\n|move|p2a: Sneasler|Dire Claw|p1a: Landorus\n|-resisted|p1a: Landorus\n|-damage|p1a: Landorus|85\/100\n|\n|-heal|p1a: Landorus|91\/100|[from] item: Leftovers\n|upkeep\n|turn|9\n|\n|t:|1699600196\n|move|p2a: Sneasler|Swords Dance|p2a: Sneasler\n|-boost|p2a: Sneasler|atk|2\n|move|p1a: Landorus|Toxic|p2a: Sneasler\n|-immune|p2a: Sneasler\n|\n|-heal|p1a: Landorus|97\/100|[from] item: Leftovers\n|-fieldend|move: Grassy Terrain\n|upkeep\n|turn|10\n|\n|t:|1699600209\n|move|p2a: Sneasler|Swords Dance|p2a: Sneasler\n|-boost|p2a: Sneasler|atk|2\n|move|p1a: Landorus|Earthquake|p2a: Sneasler\n|-supereffective|p2a: Sneasler\n|-damage|p2a: Sneasler|0 fnt\n|faint|p2a: Sneasler\n|\n|-heal|p1a: Landorus|100\/100|[from] item: Leftovers\n|upkeep\n|\n|t:|1699600214\n|switch|p2a: Kommo-o|Kommo-o, F|100\/100\n|turn|11\n|\n|t:|1699600222\n|switch|p2a: Rillaboom|Rillaboom, F|100\/100\n|-fieldstart|move: Grassy Terrain|[from] ability: Grassy Surge|[of] p2a: Rillaboom\n|move|p1a: Landorus|U-turn|p2a: Rillaboom\n|-supereffective|p2a: Rillaboom\n|-damage|p2a: Rillaboom|52\/100\n|\n|t:|1699600229\n|switch|p1a: Moltres|Moltres|100\/100|[from] U-turn\n|\n|-heal|p2a: Rillaboom|59\/100|[from] Grassy Terrain\n|upkeep\n|turn|12\n|\n|t:|1699600235\n|move|p1a: Moltres|Burn Up|p2a: Rillaboom\n|-supereffective|p2a: Rillaboom\n|-damage|p2a: Rillaboom|0 fnt\n|-start|p1a: Moltres|typechange|???\/Flying|[from] move: Burn Up\n|faint|p2a: Rillaboom\n|\n|upkeep\n|\n|t:|1699600249\n|switch|p2a: Kommo-o|Kommo-o, F|100\/100\n|turn|13\n|\n|t:|1699600256\n|move|p1a: Moltres|U-turn|p2a: Kommo-o\n|-resisted|p2a: Kommo-o\n|-damage|p2a: Kommo-o|93\/100\n|\n|t:|1699600262\n|switch|p1a: Iron Valiant|Iron Valiant, tera:Fairy|97\/100|[from] U-turn\n|move|p2a: Kommo-o|Boomburst|p1a: Iron Valiant\n|-damage|p1a: Iron Valiant|17\/100\n|\n|-heal|p1a: Iron Valiant|23\/100|[from] Grassy Terrain\n|-heal|p2a: Kommo-o|99\/100|[from] Grassy Terrain\n|upkeep\n|turn|14\n|\n|t:|1699600273\n|switch|p2a: Corviknight|Corviknight, M|100\/100\n|-ability|p2a: Corviknight|Pressure\n|move|p1a: Iron Valiant|Moonblast|p2a: Corviknight\n|-resisted|p2a: Corviknight\n|-damage|p2a: Corviknight|65\/100\n|-damage|p1a: Iron Valiant|13\/100|[from] item: Life Orb\n|\n|-heal|p1a: Iron Valiant|19\/100|[from] Grassy Terrain\n|upkeep\n|turn|15\n|\n|t:|1699600283\n|move|p1a: Iron Valiant|Thunderbolt|p2a: Corviknight\n|-supereffective|p2a: Corviknight\n|-damage|p2a: Corviknight|1\/100\n|-damage|p1a: Iron Valiant|9\/100|[from] item: Life Orb\n|move|p2a: Corviknight|Brave Bird|p1a: Iron Valiant\n|-damage|p1a: Iron Valiant|0 fnt\n|faint|p1a: Iron Valiant\n|-end|p1a: Iron Valiant|Quark Drive|[silent]\n|-damage|p2a: Corviknight|0 fnt|[from] Recoil\n|faint|p2a: Corviknight\n|\n|-fieldend|move: Grassy Terrain\n|upkeep\n|\n|t:|1699600294\n|switch|p1a: Landorus|Landorus-Therian, M|100\/100\n|switch|p2a: Kommo-o|Kommo-o, F|99\/100\n|-ability|p1a: Landorus|Intimidate|boost\n|-unboost|p2a: Kommo-o|atk|1\n|turn|16\n|\n|t:|1699600306\n|move|p1a: Landorus|Toxic|p2a: Kommo-o\n|-status|p2a: Kommo-o|tox\n|-zpower|p2a: Kommo-o\n|move|p2a: Kommo-o|Clangorous Soulblaze|p1a: Landorus|[zeffect]\n|-damage|p1a: Landorus|17\/100\n|-boost|p2a: Kommo-o|atk|1\n|-boost|p2a: Kommo-o|def|1\n|-boost|p2a: Kommo-o|spa|1\n|-boost|p2a: Kommo-o|spd|1\n|-boost|p2a: Kommo-o|spe|1\n|\n|-heal|p1a: Landorus|23\/100|[from] item: Leftovers\n|-damage|p2a: Kommo-o|93\/100 tox|[from] psn\n|upkeep\n|turn|17\n|\n|t:|1699600321\n|move|p2a: Kommo-o|Boomburst|p1a: Landorus\n|-damage|p1a: Landorus|0 fnt\n|faint|p1a: Landorus\n|\n|-damage|p2a: Kommo-o|81\/100 tox|[from] psn\n|upkeep\n|\n|t:|1699600329\n|switch|p1a: Moltres|Moltres|100\/100\n|turn|18\n|\n|t:|1699600333\n|move|p2a: Kommo-o|Clanging Scales|p1a: Moltres\n|-damage|p1a: Moltres|15\/100\n|-unboost|p2a: Kommo-o|def|1\n|move|p1a: Moltres|Roost|p1a: Moltres\n|-heal|p1a: Moltres|65\/100\n|-singleturn|p1a: Moltres|move: Roost\n|\n|-damage|p2a: Kommo-o|62\/100 tox|[from] psn\n|upkeep\n|turn|19\n|\n|t:|1699600344\n|switch|p1a: Ferrothorn|Ferrothorn, F|100\/100\n|move|p2a: Kommo-o|Clanging Scales|p1a: Ferrothorn\n|-resisted|p1a: Ferrothorn\n|-damage|p1a: Ferrothorn|72\/100\n|-unboost|p2a: Kommo-o|def|1\n|\n|-heal|p1a: Ferrothorn|78\/100|[from] item: Leftovers\n|-damage|p2a: Kommo-o|38\/100 tox|[from] psn\n|upkeep\n|turn|20\n|\n|t:|1699600361\n|move|p2a: Kommo-o|Aura Sphere|p1a: Ferrothorn\n|-supereffective|p1a: Ferrothorn\n|-damage|p1a: Ferrothorn|0 fnt\n|faint|p1a: Ferrothorn\n|\n|-damage|p2a: Kommo-o|7\/100 tox|[from] psn\n|upkeep\n|\n|t:|1699600367\n|switch|p1a: Moltres|Moltres|65\/100\n|turn|21\n|\n|t:|1699600371\n|move|p2a: Kommo-o|Clanging Scales|p1a: Moltres\n|-damage|p1a: Moltres|0 fnt\n|faint|p1a: Moltres\n|\n|win|Forever1507\n|raw|yaoye214's rating: 1466 &rarr; <strong>1452<\/strong><br \/>(-14 for losing)\n|raw|Forever1507's rating: 1577 &rarr; <strong>1591<\/strong><br \/>(+14 for winning)\n","uploadtime":1699600374,"views":4,"p1id":"yaoye214","p2id":"forever1507","formatid":"gen9nationaldex","rating":1452,"private":0,"password":""}