{"id":"gen9nationaldex-1986974519","p1":"EvelynIsBased","p2":"brazygirls","format":"[Gen 9] National Dex","log":"|j|\u2606EvelynIsBased\n|j|\u2606brazygirls\n|t:|1699545816\n|gametype|singles\n|player|p1|EvelynIsBased|guitarist|1200\n|player|p2|brazygirls|shauntal|1373\n|teamsize|p1|6\n|teamsize|p2|6\n|gen|9\n|tier|[Gen 9] National Dex\n|rated|\n|rule|HP Percentage Mod: HP is shown in percentages\n|rule|Endless Battle Clause: Forcing endless battles is banned\n|rule|OHKO Clause: OHKO moves are banned\n|rule|Evasion Clause: Evasion abilities, items, and moves are banned\n|rule|Evasion Abilities Clause: Evasion abilities are banned\n|rule|Evasion Items Clause: Evasion items are banned\n|rule|Evasion Moves Clause: Evasion moves are banned\n|rule|Species Clause: Limit one of each Pok\u00e9mon\n|rule|Sleep Clause Mod: Limit one foe put to sleep\n|clearpoke\n|poke|p1|Hippowdon, F|\n|poke|p1|Bisharp, M|\n|poke|p1|Aegislash, M|\n|poke|p1|Great Tusk|\n|poke|p1|Greninja-*, M|\n|poke|p1|Gliscor, F|\n|poke|p2|Grimmsnarl, M|\n|poke|p2|Iron Hands|\n|poke|p2|Gyarados, F|\n|poke|p2|Cresselia, F|\n|poke|p2|Ursaluna, F|\n|poke|p2|Iron Valiant|\n|teampreview\n|\n|t:|1699545834\n|start\n|switch|p1a: Hippowdon|Hippowdon, F|100\/100\n|switch|p2a: Ursaluna|Ursaluna, F|100\/100\n|turn|1\n|\n|t:|1699545839\n|move|p2a: Ursaluna|Swords Dance|p2a: Ursaluna\n|-boost|p2a: Ursaluna|atk|2\n|move|p1a: Hippowdon|Stealth Rock|p2a: Ursaluna\n|-sidestart|p2: brazygirls|move: Stealth Rock\n|\n|-status|p2a: Ursaluna|brn|[from] item: Flame Orb\n|upkeep\n|turn|2\n|\n|t:|1699545845\n|move|p2a: Ursaluna|Facade|p1a: Hippowdon\n|-crit|p1a: Hippowdon\n|-damage|p1a: Hippowdon|0 fnt\n|-damage|p2a: Ursaluna|84\/100 brn|[from] item: Rocky Helmet|[of] p1a: Hippowdon\n|faint|p1a: Hippowdon\n|\n|-damage|p2a: Ursaluna|78\/100 brn|[from] brn\n|upkeep\n|\n|t:|1699545853\n|switch|p1a: Great Tusk|Great Tusk|100\/100\n|turn|3\n|\n|t:|1699545857\n|-terastallize|p1a: Great Tusk|Ghost\n|-terastallize|p2a: Ursaluna|Ghost\n|move|p2a: Ursaluna|Facade|p1a: Great Tusk\n|-immune|p1a: Great Tusk\n|move|p1a: Great Tusk|Roar|p2a: Ursaluna\n|drag|p2a: Gyarados|Gyarados, F, shiny|100\/100\n|-damage|p2a: Gyarados|75\/100|[from] Stealth Rock\n|-ability|p2a: Gyarados|Intimidate|boost\n|-unboost|p1a: Great Tusk|atk|1\n|\n|upkeep\n|turn|4\n|\n|t:|1699545869\n|-end|p1a: Great Tusk|Protosynthesis|[silent]\n|switch|p1a: Gliscor|Gliscor, F|100\/100\n|move|p2a: Gyarados|Taunt|p1a: Gliscor\n|-start|p1a: Gliscor|move: Taunt\n|\n|-status|p1a: Gliscor|tox|[from] item: Toxic Orb\n|upkeep\n|turn|5\n|\n|t:|1699545881\n|switch|p1a: Bisharp|Bisharp, M|100\/100\n|move|p2a: Gyarados|Dragon Dance|p2a: Gyarados\n|-boost|p2a: Gyarados|atk|1\n|-boost|p2a: Gyarados|spe|1\n|\n|upkeep\n|turn|6\n|\n|t:|1699545887\n|detailschange|p2a: Gyarados|Gyarados-Mega, F, shiny\n|-mega|p2a: Gyarados|Gyarados|Gyaradosite\n|-ability|p2a: Gyarados|Mold Breaker\n|move|p2a: Gyarados|Waterfall|p1a: Bisharp\n|-damage|p1a: Bisharp|14\/100\n|move|p1a: Bisharp|Knock Off|p2a: Gyarados\n|-resisted|p2a: Gyarados\n|-damage|p2a: Gyarados|57\/100\n|\n|upkeep\n|turn|7\n|\n|t:|1699545901\n|switch|p1a: Gliscor|Gliscor, F|100\/100 tox\n|move|p2a: Gyarados|Waterfall|p1a: Gliscor\n|-supereffective|p1a: Gliscor\n|-damage|p1a: Gliscor|0 fnt\n|faint|p1a: Gliscor\n|\n|upkeep\n|\n|t:|1699545905\n|switch|p1a: Aegislash|Aegislash, M|100\/100\n|-item|p1a: Aegislash|Air Balloon\n|turn|8\n|\n|t:|1699545908\n|move|p1a: Aegislash|King's Shield|p1a: Aegislash\n|-singleturn|p1a: Aegislash|Protect\n|move|p2a: Gyarados|Taunt|p1a: Aegislash\n|-start|p1a: Aegislash|move: Taunt\n|\n|upkeep\n|turn|9\n|\n|t:|1699545915\n|move|p2a: Gyarados|Dragon Dance|p2a: Gyarados\n|-boost|p2a: Gyarados|atk|1\n|-boost|p2a: Gyarados|spe|1\n|-formechange|p1a: Aegislash|Aegislash-Blade||[from] ability: Stance Change\n|move|p1a: Aegislash|Close Combat|p2a: Gyarados\n|-supereffective|p2a: Gyarados\n|-damage|p2a: Gyarados|0 fnt\n|-unboost|p1a: Aegislash|def|1\n|-unboost|p1a: Aegislash|spd|1\n|faint|p2a: Gyarados\n|\n|upkeep\n|\n|t:|1699545925\n|switch|p2a: Ursaluna|Ursaluna, F, tera:Ghost|78\/100 brn\n|-damage|p2a: Ursaluna|65\/100 brn|[from] Stealth Rock\n|turn|10\n|\n|t:|1699545930\n|move|p1a: Aegislash|Shadow Sneak|p2a: Ursaluna\n|-supereffective|p2a: Ursaluna\n|-damage|p2a: Ursaluna|24\/100 brn\n|move|p2a: Ursaluna|Headlong Rush|p1a: Aegislash\n|-immune|p1a: Aegislash\n|\n|-damage|p2a: Ursaluna|17\/100 brn|[from] brn\n|upkeep\n|turn|11\n|\n|t:|1699545933\n|move|p1a: Aegislash|Shadow Sneak|p2a: Ursaluna\n|-supereffective|p2a: Ursaluna\n|-damage|p2a: Ursaluna|0 fnt\n|faint|p2a: Ursaluna\n|\n|-end|p1a: Aegislash|move: Taunt\n|upkeep\n|\n|t:|1699545938\n|switch|p2a: Grimmsnarl|Grimmsnarl, M, shiny|100\/100\n|-damage|p2a: Grimmsnarl|88\/100|[from] Stealth Rock\n|turn|12\n|\n|t:|1699545943\n|move|p2a: Grimmsnarl|Reflect|p2a: Grimmsnarl\n|-sidestart|p2: brazygirls|Reflect\n|move|p1a: Aegislash|Gyro Ball|p2a: Grimmsnarl\n|-supereffective|p2a: Grimmsnarl\n|-damage|p2a: Grimmsnarl|71\/100\n|\n|upkeep\n|turn|13\n|\n|t:|1699545955\n|switch|p1a: Greninja|Greninja, M|100\/100\n|move|p2a: Grimmsnarl|Parting Shot|p1a: Greninja\n|-hint|Since gen 7, Dark is immune to Prankster moves.\n|-immune|p1a: Greninja\n|\n|upkeep\n|turn|14\n|\n|t:|1699545961\n|move|p2a: Grimmsnarl|Light Screen|p2a: Grimmsnarl\n|-sidestart|p2: brazygirls|move: Light Screen\n|move|p1a: Greninja|Hydro Pump|p2a: Grimmsnarl\n|-damage|p2a: Grimmsnarl|40\/100\n|\n|upkeep\n|turn|15\n|\n|t:|1699545979\n|switch|p2a: Iron Hands|Iron Hands|100\/100\n|-damage|p2a: Iron Hands|94\/100|[from] Stealth Rock\n|move|p1a: Greninja|Hydro Pump|p2a: Iron Hands\n|-damage|p2a: Iron Hands|73\/100\n|\n|upkeep\n|turn|16\n|\n|t:|1699545986\n|switch|p1a: Great Tusk|Great Tusk, tera:Ghost|100\/100\n|move|p2a: Iron Hands|Swords Dance|p2a: Iron Hands\n|-boost|p2a: Iron Hands|atk|2\n|\n|upkeep\n|turn|17\n|\n|t:|1699545990\n|move|p2a: Iron Hands|Drain Punch|p1a: Great Tusk\n|-immune|p1a: Great Tusk\n|move|p1a: Great Tusk|Roar|p2a: Iron Hands\n|-end|p2a: Iron Hands|Quark Drive|[silent]\n|drag|p2a: Grimmsnarl|Grimmsnarl, M, shiny|40\/100\n|-damage|p2a: Grimmsnarl|27\/100|[from] Stealth Rock\n|\n|upkeep\n|turn|18\n|\n|t:|1699545996\n|move|p2a: Grimmsnarl|Parting Shot|p1a: Great Tusk\n|-unboost|p1a: Great Tusk|atk|1\n|-unboost|p1a: Great Tusk|spa|1\n|\n|t:|1699546000\n|switch|p2a: Iron Hands|Iron Hands|73\/100|[from] Parting Shot\n|-damage|p2a: Iron Hands|67\/100|[from] Stealth Rock\n|move|p1a: Great Tusk|Roar|p2a: Iron Hands\n|-end|p2a: Iron Hands|Quark Drive|[silent]\n|drag|p2a: Grimmsnarl|Grimmsnarl, M, shiny|27\/100\n|-damage|p2a: Grimmsnarl|15\/100|[from] Stealth Rock\n|\n|upkeep\n|turn|19\n|\n|t:|1699546010\n|move|p2a: Grimmsnarl|Taunt|p1a: Great Tusk\n|-start|p1a: Great Tusk|move: Taunt\n|move|p1a: Great Tusk|Rapid Spin|p2a: Grimmsnarl\n|-damage|p2a: Grimmsnarl|11\/100\n|-boost|p1a: Great Tusk|spe|1\n|\n|-sideend|p2: brazygirls|Reflect\n|upkeep\n|turn|20\n|\n|t:|1699546013\n|move|p2a: Grimmsnarl|Reflect|p2a: Grimmsnarl\n|-sidestart|p2: brazygirls|Reflect\n|move|p1a: Great Tusk|Rapid Spin|p2a: Grimmsnarl\n|-damage|p2a: Grimmsnarl|7\/100\n|-boost|p1a: Great Tusk|spe|1\n|\n|upkeep\n|turn|21\n|\n|t:|1699546021\n|move|p2a: Grimmsnarl|Parting Shot|p1a: Great Tusk\n|-unboost|p1a: Great Tusk|atk|1\n|-unboost|p1a: Great Tusk|spa|1\n|\n|t:|1699546023\n|switch|p2a: Cresselia|Cresselia, F, shiny|100\/100|[from] Parting Shot\n|-damage|p2a: Cresselia|88\/100|[from] Stealth Rock\n|move|p1a: Great Tusk|Rapid Spin|p2a: Cresselia\n|-damage|p2a: Cresselia|86\/100\n|-boost|p1a: Great Tusk|spe|1\n|-enditem|p2a: Cresselia|Kee Berry|[eat]\n|-boost|p2a: Cresselia|def|1|[from] item: Kee Berry\n|\n|-end|p1a: Great Tusk|move: Taunt\n|-sideend|p2: brazygirls|move: Light Screen\n|upkeep\n|turn|22\n|\n|t:|1699546034\n|move|p2a: Cresselia|Moonblast|p1a: Great Tusk\n|-damage|p1a: Great Tusk|79\/100\n|move|p1a: Great Tusk|Roar|p2a: Cresselia\n|drag|p2a: Grimmsnarl|Grimmsnarl, M, shiny|7\/100\n|-damage|p2a: Grimmsnarl|0 fnt|[from] Stealth Rock\n|faint|p2a: Grimmsnarl\n|\n|-heal|p1a: Great Tusk|85\/100|[from] item: Leftovers\n|upkeep\n|\n|t:|1699546042\n|switch|p2a: Iron Valiant|Iron Valiant|100\/100\n|-damage|p2a: Iron Valiant|94\/100|[from] Stealth Rock\n|-enditem|p2a: Iron Valiant|Booster Energy\n|-activate|p2a: Iron Valiant|ability: Quark Drive|[fromitem]\n|-start|p2a: Iron Valiant|quarkdrivespe\n|turn|23\n|\n|t:|1699546049\n|move|p2a: Iron Valiant|Encore|p1a: Great Tusk\n|-start|p1a: Great Tusk|Encore\n|move|p1a: Great Tusk|Roar|p2a: Iron Valiant\n|-end|p2a: Iron Valiant|Quark Drive|[silent]\n|drag|p2a: Iron Hands|Iron Hands|67\/100\n|-damage|p2a: Iron Hands|61\/100|[from] Stealth Rock\n|\n|-heal|p1a: Great Tusk|92\/100|[from] item: Leftovers\n|upkeep\n|turn|24\n|\n|t:|1699546055\n|move|p2a: Iron Hands|Thunder Punch|p1a: Great Tusk\n|-damage|p1a: Great Tusk|67\/100\n|move|p1a: Great Tusk|Roar|p2a: Iron Hands\n|-end|p2a: Iron Hands|Quark Drive|[silent]\n|drag|p2a: Cresselia|Cresselia, F, shiny|86\/100\n|-damage|p2a: Cresselia|74\/100|[from] Stealth Rock\n|\n|-heal|p1a: Great Tusk|73\/100|[from] item: Leftovers\n|upkeep\n|turn|25\n|\n|t:|1699546062\n|move|p2a: Cresselia|Moonblast|p1a: Great Tusk\n|-damage|p1a: Great Tusk|50\/100\n|-unboost|p1a: Great Tusk|spa|1\n|move|p1a: Great Tusk|Roar|p2a: Cresselia\n|drag|p2a: Iron Valiant|Iron Valiant|94\/100\n|-damage|p2a: Iron Valiant|88\/100|[from] Stealth Rock\n|\n|-heal|p1a: Great Tusk|57\/100|[from] item: Leftovers\n|-end|p1a: Great Tusk|Encore\n|upkeep\n|turn|26\n|\n|t:|1699546072\n|move|p2a: Iron Valiant|Moonblast|p1a: Great Tusk\n|-damage|p1a: Great Tusk|0 fnt\n|faint|p1a: Great Tusk\n|-end|p1a: Great Tusk|Protosynthesis|[silent]\n|\n|upkeep\n|\n|t:|1699546079\n|switch|p1a: Aegislash|Aegislash, M|100\/100\n|-item|p1a: Aegislash|Air Balloon\n|turn|27\n|\n|t:|1699546090\n|move|p1a: Aegislash|King's Shield|p1a: Aegislash\n|-singleturn|p1a: Aegislash|Protect\n|move|p2a: Iron Valiant|Calm Mind|p2a: Iron Valiant\n|-boost|p2a: Iron Valiant|spa|1\n|-boost|p2a: Iron Valiant|spd|1\n|\n|-sideend|p2: brazygirls|Reflect\n|upkeep\n|turn|28\n|\n|t:|1699546094\n|move|p2a: Iron Valiant|Encore|p1a: Aegislash\n|-start|p1a: Aegislash|Encore\n|move|p1a: Aegislash|King's Shield||[still]\n|-fail|p1a: Aegislash\n|\n|upkeep\n|turn|29\n|\n|t:|1699546102\n|switch|p1a: Bisharp|Bisharp, M|14\/100\n|move|p2a: Iron Valiant|Calm Mind|p2a: Iron Valiant\n|-boost|p2a: Iron Valiant|spa|1\n|-boost|p2a: Iron Valiant|spd|1\n|\n|upkeep\n|turn|30\n|\n|t:|1699546107\n|move|p2a: Iron Valiant|Moonblast|p1a: Bisharp\n|-damage|p1a: Bisharp|0 fnt\n|faint|p1a: Bisharp\n|\n|upkeep\n|\n|t:|1699546112\n|switch|p1a: Aegislash|Aegislash, M|100\/100\n|-item|p1a: Aegislash|Air Balloon\n|turn|31\n|\n|t:|1699546151\n|move|p2a: Iron Valiant|Moonblast|p1a: Aegislash\n|-resisted|p1a: Aegislash\n|-damage|p1a: Aegislash|61\/100\n|-unboost|p1a: Aegislash|spa|1\n|-enditem|p1a: Aegislash|Air Balloon\n|-formechange|p1a: Aegislash|Aegislash-Blade||[from] ability: Stance Change\n|move|p1a: Aegislash|Gyro Ball|p2a: Iron Valiant\n|-supereffective|p2a: Iron Valiant\n|-damage|p2a: Iron Valiant|0 fnt\n|faint|p2a: Iron Valiant\n|-end|p2a: Iron Valiant|Quark Drive|[silent]\n|\n|upkeep\n|\n|t:|1699546157\n|switch|p2a: Iron Hands|Iron Hands|61\/100\n|-damage|p2a: Iron Hands|55\/100|[from] Stealth Rock\n|turn|32\n|\n|t:|1699546163\n|-formechange|p1a: Aegislash|Aegislash||[from] ability: Stance Change\n|move|p1a: Aegislash|King's Shield|p1a: Aegislash\n|-singleturn|p1a: Aegislash|Protect\n|move|p2a: Iron Hands|Swords Dance|p2a: Iron Hands\n|-boost|p2a: Iron Hands|atk|2\n|\n|upkeep\n|turn|33\n|\n|t:|1699546178\n|-formechange|p1a: Aegislash|Aegislash-Blade||[from] ability: Stance Change\n|move|p1a: Aegislash|Shadow Sneak|p2a: Iron Hands\n|-damage|p2a: Iron Hands|38\/100\n|move|p2a: Iron Hands|Thunder Punch|p1a: Aegislash\n|-damage|p1a: Aegislash|0 fnt\n|faint|p1a: Aegislash\n|\n|upkeep\n|\n|t:|1699546182\n|switch|p1a: Greninja|Greninja, M|100\/100\n|turn|34\n|\n|t:|1699546190\n|move|p1a: Greninja|Hydro Pump|p2a: Iron Hands\n|-damage|p2a: Iron Hands|0 fnt\n|faint|p2a: Iron Hands\n|-end|p2a: Iron Hands|Quark Drive|[silent]\n|-ability|p1a: Greninja|Battle Bond|boost\n|-boost|p1a: Greninja|atk|1\n|-boost|p1a: Greninja|spa|1\n|-boost|p1a: Greninja|spe|1\n|-activate|p1a: Greninja|ability: Battle Bond\n|\n|upkeep\n|\n|t:|1699546192\n|switch|p2a: Cresselia|Cresselia, F, shiny|74\/100\n|-damage|p2a: Cresselia|61\/100|[from] Stealth Rock\n|turn|35\n|\n|t:|1699546196\n|move|p1a: Greninja|Dark Pulse|p2a: Cresselia\n|-supereffective|p2a: Cresselia\n|-damage|p2a: Cresselia|0 fnt\n|faint|p2a: Cresselia\n|\n|win|EvelynIsBased\n|raw|EvelynIsBased's rating: 1200 &rarr; <strong>1237<\/strong><br \/>(+37 for winning)\n|raw|brazygirls's rating: 1373 &rarr; <strong>1344<\/strong><br \/>(-29 for losing)\n|l|\u2606brazygirls\n","uploadtime":1699546205,"views":4,"p1id":"evelynisbased","p2id":"brazygirls","formatid":"gen9nationaldex","rating":1237,"private":0,"password":""}