{"id":"gen9nationaldex-1995578608","p1":"JonathanOrgenodick","p2":"RandoTestAccount","format":"[Gen 9] National Dex","log":"|html|<div class=\"broadcast-blue\"><strong>[Gen 9] National Dex is currently suspecting Sneasler! For information on how to participate check out the <a href=\"https:\/\/www.smogon.com\/forums\/threads\/sv-national-dex-suspect-8-just-dance.3731534\/\">suspect thread<\/a>.<\/strong><\/div>\n|j|\u2606JonathanOrgenodick\n|j|\u2606RandoTestAccount\n|t:|1700584511\n|gametype|singles\n|player|p1|JonathanOrgenodick|265|1247\n|player|p2|RandoTestAccount|pokemonrangerf|1319\n|teamsize|p1|6\n|teamsize|p2|6\n|gen|9\n|tier|[Gen 9] National Dex\n|rated|\n|rule|HP Percentage Mod: HP is shown in percentages\n|rule|Endless Battle Clause: Forcing endless battles is banned\n|rule|OHKO Clause: OHKO moves are banned\n|rule|Evasion Clause: Evasion abilities, items, and moves are banned\n|rule|Evasion Abilities Clause: Evasion abilities are banned\n|rule|Evasion Items Clause: Evasion items are banned\n|rule|Evasion Moves Clause: Evasion moves are banned\n|rule|Species Clause: Limit one of each Pok\u00e9mon\n|rule|Sleep Clause Mod: Limit one foe put to sleep\n|clearpoke\n|poke|p1|Beedrill, M|\n|poke|p1|Galvantula, F|\n|poke|p1|Iron Valiant|\n|poke|p1|Tapu Koko|\n|poke|p1|Dragonite, F|\n|poke|p1|Aegislash, F|\n|poke|p2|Umbreon, F|\n|poke|p2|Excadrill, F|\n|poke|p2|Corviknight, F|\n|poke|p2|Sableye, F|\n|poke|p2|Tapu Fini|\n|poke|p2|Dragalge, F|\n|teampreview\n|inactive|Battle timer is ON: inactive players will automatically lose when time's up. (requested by RandoTestAccount)\n|\n|t:|1700584523\n|start\n|switch|p1a: Tapu Koko|Tapu Koko|100\/100\n|switch|p2a: Spectre of Emerald|Sableye, F, shiny|100\/100\n|-fieldstart|move: Electric Terrain|[from] ability: Electric Surge|[of] p1a: Tapu Koko\n|turn|1\n|\n|t:|1700584540\n|switch|p2a: The Lonesome One|Excadrill, F, shiny|100\/100\n|-ability|p2a: The Lonesome One|Mold Breaker\n|move|p1a: Tapu Koko|Volt Switch|p2a: The Lonesome One\n|-immune|p2a: The Lonesome One\n|\n|upkeep\n|turn|2\n|\n|t:|1700584554\n|switch|p1a: Aegislash|Aegislash, F|100\/100\n|-item|p1a: Aegislash|Air Balloon\n|move|p2a: The Lonesome One|Rapid Spin|p1a: Aegislash\n|-immune|p1a: Aegislash\n|\n|upkeep\n|turn|3\n|\n|t:|1700584558\n|move|p2a: The Lonesome One|Iron Head|p1a: Aegislash\n|-resisted|p1a: Aegislash\n|-damage|p1a: Aegislash|81\/100\n|-enditem|p1a: Aegislash|Air Balloon\n|move|p1a: Aegislash|Swords Dance|p1a: Aegislash\n|-boost|p1a: Aegislash|atk|2\n|\n|upkeep\n|turn|4\n|\n|t:|1700584562\n|move|p1a: Aegislash|King's Shield|p1a: Aegislash\n|-singleturn|p1a: Aegislash|Protect\n|move|p2a: The Lonesome One|Earthquake|p1a: Aegislash\n|-activate|p1a: Aegislash|move: Protect\n|\n|upkeep\n|turn|5\n|\n|t:|1700584566\n|move|p2a: The Lonesome One|Earthquake|p1a: Aegislash\n|-supereffective|p1a: Aegislash\n|-damage|p1a: Aegislash|0 fnt\n|faint|p1a: Aegislash\n|\n|upkeep\n|\n|t:|1700584573\n|switch|p1a: Iron Valiant|Iron Valiant|100\/100\n|-activate|p1a: Iron Valiant|ability: Quark Drive\n|-start|p1a: Iron Valiant|quarkdrivespe\n|turn|6\n|\n|t:|1700584579\n|switch|p2a: Spectre of Emerald|Sableye, F, shiny|100\/100\n|move|p1a: Iron Valiant|Aura Sphere|p2a: Spectre of Emerald\n|-immune|p2a: Spectre of Emerald\n|\n|upkeep\n|turn|7\n|\n|t:|1700584587\n|switch|p2a: Ephialtes Keeper|Corviknight, F, shiny|100\/100\n|-ability|p2a: Ephialtes Keeper|Pressure\n|move|p1a: Iron Valiant|Moonblast|p2a: Ephialtes Keeper\n|-resisted|p2a: Ephialtes Keeper\n|-damage|p2a: Ephialtes Keeper|75\/100\n|-damage|p1a: Iron Valiant|91\/100|[from] item: Life Orb\n|\n|upkeep\n|turn|8\n|\n|t:|1700584591\n|switch|p2a: Agony Steelheart|Dragalge, F, shiny|100\/100\n|move|p1a: Iron Valiant|Aura Sphere|p2a: Agony Steelheart\n|-resisted|p2a: Agony Steelheart\n|-damage|p2a: Agony Steelheart|83\/100\n|-damage|p1a: Iron Valiant|81\/100|[from] item: Life Orb\n|\n|-heal|p2a: Agony Steelheart|89\/100|[from] item: Black Sludge\n|-fieldend|move: Electric Terrain\n|-end|p1a: Iron Valiant|Quark Drive\n|upkeep\n|turn|9\n|\n|t:|1700584596\n|move|p1a: Iron Valiant|Psyshock|p2a: Agony Steelheart\n|-supereffective|p2a: Agony Steelheart\n|-damage|p2a: Agony Steelheart|18\/100\n|-damage|p1a: Iron Valiant|71\/100|[from] item: Life Orb\n|move|p2a: Agony Steelheart|Acid Spray|p1a: Iron Valiant\n|-supereffective|p1a: Iron Valiant\n|-damage|p1a: Iron Valiant|12\/100\n|-unboost|p1a: Iron Valiant|spd|2\n|\n|-heal|p2a: Agony Steelheart|24\/100|[from] item: Black Sludge\n|upkeep\n|turn|10\n|\n|t:|1700584609\n|switch|p2a: Ephialtes Keeper|Corviknight, F, shiny|75\/100\n|-ability|p2a: Ephialtes Keeper|Pressure\n|move|p1a: Iron Valiant|Moonblast|p2a: Ephialtes Keeper\n|-resisted|p2a: Ephialtes Keeper\n|-damage|p2a: Ephialtes Keeper|50\/100\n|-unboost|p2a: Ephialtes Keeper|spa|1\n|-damage|p1a: Iron Valiant|2\/100|[from] item: Life Orb\n|\n|upkeep\n|turn|11\n|\n|t:|1700584611\n|move|p1a: Iron Valiant|Moonblast|p2a: Ephialtes Keeper\n|-resisted|p2a: Ephialtes Keeper\n|-damage|p2a: Ephialtes Keeper|25\/100\n|-unboost|p2a: Ephialtes Keeper|spa|1\n|-damage|p1a: Iron Valiant|0 fnt|[from] item: Life Orb\n|faint|p1a: Iron Valiant\n|-end|p1a: Iron Valiant|Quark Drive|[silent]\n|move|p2a: Ephialtes Keeper|Roost|p2a: Ephialtes Keeper\n|-heal|p2a: Ephialtes Keeper|75\/100\n|-singleturn|p2a: Ephialtes Keeper|move: Roost\n|\n|upkeep\n|-message|JonathanOrgenodick forfeited.\n|\n|win|RandoTestAccount\n|raw|JonathanOrgenodick's rating: 1247 &rarr; <strong>1227<\/strong><br \/>(-20 for losing)\n|raw|RandoTestAccount's rating: 1319 &rarr; <strong>1335<\/strong><br \/>(+16 for winning)\n|l|\u2606JonathanOrgenodick\n","uploadtime":1700584620,"views":0,"p1id":"jonathanorgenodick","p2id":"randotestaccount","formatid":"gen9nationaldex","rating":1227,"private":0,"password":""}