{"id":"gen9nationaldex-1990456459","p1":"Juiceswilldie","p2":"mallemort","format":"[Gen 9] National Dex","log":"|j|\u2606Juiceswilldie\n|j|\u2606mallemort\n|t:|1699972703\n|gametype|singles\n|player|p1|Juiceswilldie|dawn-gen4pt|1215\n|player|p2|mallemort|erbie-unite|1198\n|teamsize|p1|6\n|teamsize|p2|6\n|gen|9\n|tier|[Gen 9] National Dex\n|rated|\n|rule|HP Percentage Mod: HP is shown in percentages\n|rule|Endless Battle Clause: Forcing endless battles is banned\n|rule|OHKO Clause: OHKO moves are banned\n|rule|Evasion Clause: Evasion abilities, items, and moves are banned\n|rule|Evasion Abilities Clause: Evasion abilities are banned\n|rule|Evasion Items Clause: Evasion items are banned\n|rule|Evasion Moves Clause: Evasion moves are banned\n|rule|Species Clause: Limit one of each Pok\u00e9mon\n|rule|Sleep Clause Mod: Limit one foe put to sleep\n|clearpoke\n|poke|p1|Pikachu, F|\n|poke|p1|Venusaur, F|\n|poke|p1|Charizard, F|\n|poke|p1|Blastoise, F|\n|poke|p1|Espeon, F|\n|poke|p1|Snorlax, F|\n|poke|p2|Corviknight, M|\n|poke|p2|Toxapex, M|\n|poke|p2|Tornadus-Therian, M|\n|poke|p2|Great Tusk|\n|poke|p2|Hydreigon, M|\n|poke|p2|Greninja-*, M|\n|teampreview\n|inactive|Battle timer is ON: inactive players will automatically lose when time's up. (requested by Juiceswilldie)\n|inactive|Juiceswilldie has 120 seconds left.\n|inactive|Juiceswilldie has 90 seconds left.\n|inactive|Juiceswilldie has 60 seconds left.\n|\n|t:|1699972796\n|start\n|switch|p1a: Wrath|Charizard, F|100\/100\n|switch|p2a: Tornadus|Tornadus-Therian, M|100\/100\n|turn|1\n|inactive|mallemort has 120 seconds left.\n|\n|t:|1699972827\n|detailschange|p1a: Wrath|Charizard-Mega-Y, F\n|-mega|p1a: Wrath|Charizard|Charizardite Y\n|-weather|SunnyDay|[from] ability: Drought|[of] p1a: Wrath\n|move|p2a: Tornadus|Knock Off|p1a: Wrath\n|-damage|p1a: Wrath|80\/100\n|move|p1a: Wrath|Fire Blast|p2a: Tornadus\n|-damage|p2a: Tornadus|0 fnt\n|faint|p2a: Tornadus\n|\n|-weather|SunnyDay|[upkeep]\n|upkeep\n|inactive|mallemort has 120 seconds left.\n|\n|t:|1699972840\n|switch|p2a: Hydreigon|Hydreigon, M|100\/100\n|turn|2\n|\n|t:|1699972849\n|move|p2a: Hydreigon|Draco Meteor|p1a: Wrath\n|-damage|p1a: Wrath|12\/100\n|-unboost|p2a: Hydreigon|spa|2\n|move|p1a: Wrath|Focus Blast|p2a: Hydreigon\n|-supereffective|p2a: Hydreigon\n|-damage|p2a: Hydreigon|0 fnt\n|faint|p2a: Hydreigon\n|\n|-weather|SunnyDay|[upkeep]\n|upkeep\n|inactive|mallemort has 120 seconds left.\n|\n|t:|1699972861\n|switch|p2a: Great Tusk|Great Tusk|100\/100\n|-activate|p2a: Great Tusk|ability: Protosynthesis\n|-start|p2a: Great Tusk|protosynthesisspe\n|turn|3\n|\n|t:|1699972873\n|switch|p1a: Greed|Venusaur, F|100\/100\n|move|p2a: Great Tusk|Ice Spinner|p1a: Greed\n|-supereffective|p1a: Greed\n|-damage|p1a: Greed|47\/100\n|\n|-weather|SunnyDay|[upkeep]\n|upkeep\n|turn|4\n|inactive|mallemort has 120 seconds left.\n|\n|t:|1699972903\n|switch|p1a: Pride|Blastoise, F|100\/100\n|move|p2a: Great Tusk|Ice Spinner|p1a: Pride\n|-resisted|p1a: Pride\n|-damage|p1a: Pride|93\/100\n|\n|-weather|SunnyDay|[upkeep]\n|-heal|p1a: Pride|99\/100|[from] item: Leftovers\n|upkeep\n|turn|5\n|inactive|mallemort has 120 seconds left.\n|inactive|Juiceswilldie has 120 seconds left.\n|\n|t:|1699972918\n|switch|p1a: Envy|Espeon, F|100\/100\n|-terastallize|p2a: Great Tusk|Ice\n|move|p2a: Great Tusk|Bulk Up|p2a: Great Tusk\n|-boost|p2a: Great Tusk|atk|1\n|-boost|p2a: Great Tusk|def|1\n|\n|-weather|none\n|-end|p2a: Great Tusk|Protosynthesis\n|upkeep\n|-enditem|p2a: Great Tusk|Booster Energy\n|-activate|p2a: Great Tusk|ability: Protosynthesis|[fromitem]\n|-start|p2a: Great Tusk|protosynthesisatk\n|turn|6\n|inactive|Juiceswilldie has 120 seconds left.\n|\n|t:|1699972929\n|-terastallize|p1a: Envy|Fire\n|move|p1a: Envy|Tera Blast|p2a: Great Tusk|[anim] Tera Blast Fire\n|-supereffective|p2a: Great Tusk\n|-damage|p2a: Great Tusk|0 fnt\n|faint|p2a: Great Tusk\n|-end|p2a: Great Tusk|Protosynthesis|[silent]\n|\n|upkeep\n|inactive|mallemort has 120 seconds left.\n|\n|t:|1699972941\n|switch|p2a: Toxapex|Toxapex, M|100\/100\n|turn|7\n|inactive|Juiceswilldie has 120 seconds left.\n|\n|t:|1699972957\n|switch|p1a: Greed|Venusaur, F|47\/100\n|move|p2a: Toxapex|Scald|p1a: Greed\n|-resisted|p1a: Greed\n|-damage|p1a: Greed|39\/100\n|\n|upkeep\n|turn|8\n|inactive|Juiceswilldie has 120 seconds left.\n|\n|t:|1699972970\n|switch|p1a: Envy|Espeon, F, tera:Fire|100\/100\n|switch|p2a: Corviknight|Corviknight, M|100\/100\n|-ability|p2a: Corviknight|Pressure\n|\n|upkeep\n|turn|9\n|\n|t:|1699972978\n|move|p1a: Envy|Trick|p2a: Corviknight\n|-activate|p1a: Envy|move: Trick|[of] p2a: Corviknight\n|-item|p2a: Corviknight|Choice Specs|[from] move: Trick\n|-item|p1a: Envy|Rocky Helmet|[from] move: Trick\n|move|p2a: Corviknight|U-turn|p1a: Envy\n|-resisted|p1a: Envy\n|-damage|p1a: Envy|88\/100\n|-damage|p2a: Corviknight|84\/100|[from] item: Rocky Helmet|[of] p1a: Envy\n|inactive|mallemort has 120 seconds left.\n|c|\u2606mallemort|how were you specs and faster than tusk?\n|\n|t:|1699973008\n|switch|p2a: Greninja|Greninja, M|100\/100|[from] U-turn\n|\n|upkeep\n|turn|10\n|\n|t:|1699973017\n|switch|p1a: Sloth|Snorlax, F|100\/100\n|move|p2a: Greninja|Surf|p1a: Sloth\n|-damage|p1a: Sloth|76\/100\n|-damage|p2a: Greninja|91\/100|[from] item: Life Orb\n|\n|-heal|p1a: Sloth|82\/100|[from] item: Leftovers\n|upkeep\n|turn|11\n|\n|t:|1699973025\n|switch|p2a: Corviknight|Corviknight, M|84\/100\n|-ability|p2a: Corviknight|Pressure\n|move|p1a: Sloth|Frustration|p2a: Corviknight\n|-resisted|p2a: Corviknight\n|-damage|p2a: Corviknight|72\/100\n|\n|-heal|p1a: Sloth|89\/100|[from] item: Leftovers\n|upkeep\n|turn|12\n|\n|t:|1699973037\n|move|p2a: Corviknight|Roost|p2a: Corviknight\n|-heal|p2a: Corviknight|100\/100\n|-singleturn|p2a: Corviknight|move: Roost\n|move|p1a: Sloth|Curse|p1a: Sloth\n|-unboost|p1a: Sloth|spe|1\n|-boost|p1a: Sloth|atk|1\n|-boost|p1a: Sloth|def|1\n|\n|-heal|p1a: Sloth|95\/100|[from] item: Leftovers\n|upkeep\n|turn|13\n|\n|t:|1699973057\n|switch|p2a: Toxapex|Toxapex, M|100\/100\n|move|p1a: Sloth|Earthquake|p2a: Toxapex\n|-supereffective|p2a: Toxapex\n|-damage|p2a: Toxapex|57\/100\n|\n|-heal|p1a: Sloth|100\/100|[from] item: Leftovers\n|upkeep\n|turn|14\n|\n|t:|1699973070\n|move|p2a: Toxapex|Haze|p2a: Toxapex\n|-clearallboost\n|move|p1a: Sloth|Earthquake|p2a: Toxapex\n|-supereffective|p2a: Toxapex\n|-damage|p2a: Toxapex|25\/100\n|\n|upkeep\n|turn|15\n|\n|t:|1699973086\n|switch|p1a: Lust|Pikachu, F|100\/100\n|move|p2a: Toxapex|Recover|p2a: Toxapex\n|-heal|p2a: Toxapex|75\/100\n|\n|upkeep\n|turn|16\n|\n|t:|1699973096\n|move|p1a: Lust|Volt Tackle|p2a: Toxapex\n|-supereffective|p2a: Toxapex\n|-damage|p2a: Toxapex|0 fnt\n|faint|p2a: Toxapex\n|-damage|p1a: Lust|66\/100|[from] Recoil\n|\n|upkeep\n|\n|t:|1699973100\n|switch|p2a: Corviknight|Corviknight, M|100\/100\n|-ability|p2a: Corviknight|Pressure\n|turn|17\n|\n|t:|1699973108\n|switch|p1a: Sloth|Snorlax, F|100\/100\n|move|p2a: Corviknight|U-turn|p1a: Sloth\n|-damage|p1a: Sloth|89\/100\n|\n|t:|1699973112\n|switch|p2a: Greninja|Greninja, M|91\/100|[from] U-turn\n|\n|-heal|p1a: Sloth|95\/100|[from] item: Leftovers\n|upkeep\n|turn|18\n|\n|t:|1699973123\n|move|p2a: Greninja|Surf|p1a: Sloth\n|-damage|p1a: Sloth|67\/100\n|-damage|p2a: Greninja|81\/100|[from] item: Life Orb\n|move|p1a: Sloth|Frustration|p2a: Greninja\n|-damage|p2a: Greninja|23\/100\n|\n|-heal|p1a: Sloth|73\/100|[from] item: Leftovers\n|upkeep\n|turn|19\n|\n|t:|1699973132\n|switch|p2a: Corviknight|Corviknight, M|100\/100\n|-ability|p2a: Corviknight|Pressure\n|move|p1a: Sloth|Frustration|p2a: Corviknight\n|-resisted|p2a: Corviknight\n|-damage|p2a: Corviknight|89\/100\n|\n|-heal|p1a: Sloth|79\/100|[from] item: Leftovers\n|upkeep\n|turn|20\n|\n|t:|1699973142\n|move|p2a: Corviknight|Brave Bird|p1a: Sloth\n|-damage|p1a: Sloth|52\/100\n|-damage|p2a: Corviknight|78\/100|[from] Recoil\n|move|p1a: Sloth|Curse|p1a: Sloth\n|-unboost|p1a: Sloth|spe|1\n|-boost|p1a: Sloth|atk|1\n|-boost|p1a: Sloth|def|1\n|\n|-heal|p1a: Sloth|58\/100|[from] item: Leftovers\n|upkeep\n|turn|21\n|\n|t:|1699973167\n|move|p2a: Corviknight|Brave Bird|p1a: Sloth\n|-crit|p1a: Sloth\n|-damage|p1a: Sloth|13\/100\n|-damage|p2a: Corviknight|61\/100|[from] Recoil\n|move|p1a: Sloth|Fire Punch|p2a: Corviknight\n|-supereffective|p2a: Corviknight\n|-damage|p2a: Corviknight|26\/100\n|\n|-heal|p1a: Sloth|19\/100|[from] item: Leftovers\n|upkeep\n|turn|22\n|\n|t:|1699973177\n|switch|p1a: Pride|Blastoise, F|99\/100\n|move|p2a: Corviknight|Brave Bird|p1a: Pride\n|-damage|p1a: Pride|75\/100\n|-damage|p2a: Corviknight|19\/100|[from] Recoil\n|\n|-heal|p1a: Pride|81\/100|[from] item: Leftovers\n|upkeep\n|turn|23\n|\n|t:|1699973188\n|move|p1a: Pride|Seismic Toss|p2a: Corviknight\n|-damage|p2a: Corviknight|0 fnt\n|faint|p2a: Corviknight\n|\n|-heal|p1a: Pride|87\/100|[from] item: Leftovers\n|upkeep\n|\n|t:|1699973192\n|switch|p2a: Greninja|Greninja, M|23\/100\n|turn|24\n|inactive|Juiceswilldie has 120 seconds left.\n|inactive|Juiceswilldie has 90 seconds left.\n|inactive|Juiceswilldie has 60 seconds left.\n|inactive|Juiceswilldie has 30 seconds left.\n|inactive|Juiceswilldie has 20 seconds left.\n|inactive|Juiceswilldie has 15 seconds left.\n|inactive|Juiceswilldie has 10 seconds left.\n|inactive|Juiceswilldie has 5 seconds left.\n|-message|Juiceswilldie lost due to inactivity.\n|\n|win|mallemort\n|raw|Juiceswilldie's rating: 1215 &rarr; <strong>1189<\/strong><br \/>(-26 for losing)\n|raw|mallemort's rating: 1198 &rarr; <strong>1224<\/strong><br \/>(+26 for winning)\n","uploadtime":1699973347,"views":4,"p1id":"juiceswilldie","p2id":"mallemort","formatid":"gen9nationaldex","rating":1189,"private":0,"password":""}