{"id":"gen9nationaldex-1988148882","p1":"HeirEhm","p2":"PapaPena","format":"[Gen 9] National Dex","log":"|j|\u2606HeirEhm\n|j|\u2606PapaPena\n|t:|1699675802\n|gametype|singles\n|player|p1|HeirEhm|cynthia-gen7|\n|player|p2|PapaPena|roughneck|\n|teamsize|p1|6\n|teamsize|p2|6\n|gen|9\n|tier|[Gen 9] National Dex\n|rule|HP Percentage Mod: HP is shown in percentages\n|rule|Endless Battle Clause: Forcing endless battles is banned\n|rule|OHKO Clause: OHKO moves are banned\n|rule|Evasion Clause: Evasion abilities, items, and moves are banned\n|rule|Evasion Abilities Clause: Evasion abilities are banned\n|rule|Evasion Items Clause: Evasion items are banned\n|rule|Evasion Moves Clause: Evasion moves are banned\n|rule|Species Clause: Limit one of each Pok\u00e9mon\n|rule|Sleep Clause Mod: Limit one foe put to sleep\n|clearpoke\n|poke|p1|Garganacl, F|\n|poke|p1|Ceruledge, F|\n|poke|p1|Klefki, F|\n|poke|p1|Electrode-Hisui|\n|poke|p1|Chansey, F|\n|poke|p1|Murkrow, F|\n|poke|p2|Moltres|\n|poke|p2|Tornadus-Therian, M|\n|poke|p2|Klefki, F|\n|poke|p2|Eelektross, F|\n|poke|p2|Lycanroc-Midnight, M|\n|poke|p2|Toedscool, F|\n|teampreview\n|j| Jam20Jam\n|\n|t:|1699675818\n|start\n|switch|p1a: Wambulance|Chansey, F|100\/100\n|switch|p2a: Klefki|Klefki, F|100\/100\n|turn|1\n|\n|t:|1699675833\n|move|p2a: Klefki|Reflect|p2a: Klefki\n|-sidestart|p2: PapaPena|Reflect\n|move|p1a: Wambulance|Tri Attack|p2a: Klefki\n|-resisted|p2a: Klefki\n|-damage|p2a: Klefki|89\/100\n|\n|upkeep\n|turn|2\n|\n|t:|1699675839\n|move|p2a: Klefki|Light Screen|p2a: Klefki\n|-sidestart|p2: PapaPena|move: Light Screen\n|move|p1a: Wambulance|Tri Attack|p2a: Klefki\n|-resisted|p2a: Klefki\n|-crit|p2a: Klefki\n|-damage|p2a: Klefki|71\/100\n|\n|upkeep\n|turn|3\n|\n|t:|1699675847\n|move|p2a: Klefki|Draining Kiss|p1a: Wambulance\n|-damage|p1a: Wambulance|93\/100\n|-heal|p2a: Klefki|83\/100|[from] drain|[of] p1a: Wambulance\n|move|p1a: Wambulance|Tri Attack|p2a: Klefki\n|-resisted|p2a: Klefki\n|-crit|p2a: Klefki\n|-damage|p2a: Klefki|65\/100\n|\n|upkeep\n|turn|4\n|\n|t:|1699675868\n|switch|p2a: what dat mouth do|Eelektross, F|100\/100\n|move|p1a: Wambulance|Tri Attack|p2a: what dat mouth do\n|-damage|p2a: what dat mouth do|91\/100\n|\n|upkeep\n|turn|5\n|\n|t:|1699675882\n|switch|p1a: SWORDSFORHANDS|Ceruledge, F|100\/100\n|move|p2a: what dat mouth do|Stomping Tantrum|p1a: SWORDSFORHANDS\n|-supereffective|p1a: SWORDSFORHANDS\n|-damage|p1a: SWORDSFORHANDS|0 fnt\n|faint|p1a: SWORDSFORHANDS\n|\n|upkeep\n|\n|t:|1699675899\n|switch|p1a: Wambulance|Chansey, F|93\/100\n|turn|6\n|\n|t:|1699675907\n|switch|p2a: Lycanroc|Lycanroc-Midnight, M|100\/100\n|move|p1a: Wambulance|Tri Attack|p2a: Lycanroc\n|-resisted|p2a: Lycanroc\n|-crit|p2a: Lycanroc\n|-damage|p2a: Lycanroc|79\/100\n|\n|upkeep\n|turn|7\n|\n|t:|1699675920\n|move|p2a: Lycanroc|Brick Break|p1a: Wambulance\n|-supereffective|p1a: Wambulance\n|-damage|p1a: Wambulance|35\/100\n|move|p1a: Wambulance|Tri Attack|p2a: Lycanroc\n|-resisted|p2a: Lycanroc\n|-damage|p2a: Lycanroc|72\/100\n|\n|upkeep\n|turn|8\n|\n|t:|1699675932\n|move|p2a: Lycanroc|Brick Break|p1a: Wambulance\n|-supereffective|p1a: Wambulance\n|-damage|p1a: Wambulance|0 fnt\n|faint|p1a: Wambulance\n|\n|-sideend|p2: PapaPena|Reflect\n|upkeep\n|\n|t:|1699675935\n|switch|p1a: Rowkrum|Murkrow, F|100\/100\n|turn|9\n|\n|t:|1699675944\n|move|p2a: Lycanroc|Stone Edge|p1a: Rowkrum\n|-supereffective|p1a: Rowkrum\n|-damage|p1a: Rowkrum|0 fnt\n|faint|p1a: Rowkrum\n|\n|-sideend|p2: PapaPena|move: Light Screen\n|upkeep\n|\n|t:|1699675947\n|switch|p1a: Beyblade beyblade|Electrode-Hisui|100\/100\n|turn|10\n|\n|t:|1699675969\n|-terastallize|p2a: Lycanroc|Steel\n|move|p1a: Beyblade beyblade|Energy Ball|p2a: Lycanroc\n|-resisted|p2a: Lycanroc\n|-damage|p2a: Lycanroc|44\/100\n|-damage|p1a: Beyblade beyblade|91\/100|[from] item: Life Orb\n|move|p2a: Lycanroc|Fire Punch|p1a: Beyblade beyblade\n|-supereffective|p1a: Beyblade beyblade\n|-damage|p1a: Beyblade beyblade|0 fnt\n|faint|p1a: Beyblade beyblade\n|\n|upkeep\n|\n|t:|1699675979\n|switch|p1a: Jingle Jingle|Klefki, F|100\/100\n|turn|11\n|\n|t:|1699675984\n|move|p1a: Jingle Jingle|Reflect|p1a: Jingle Jingle\n|-sidestart|p1: HeirEhm|Reflect\n|move|p2a: Lycanroc|Fire Punch|p1a: Jingle Jingle\n|-supereffective|p1a: Jingle Jingle\n|-damage|p1a: Jingle Jingle|76\/100\n|\n|upkeep\n|turn|12\n|\n|t:|1699675992\n|switch|p1a: RegiSalt|Garganacl, F, shiny|100\/100\n|move|p2a: Lycanroc|Fire Punch|p1a: RegiSalt\n|-resisted|p1a: RegiSalt\n|-damage|p1a: RegiSalt|96\/100\n|\n|-heal|p1a: RegiSalt|100\/100|[from] item: Leftovers\n|upkeep\n|turn|13\n|\n|t:|1699675999\n|move|p2a: Lycanroc|Brick Break|p1a: RegiSalt\n|-sideend|p1: HeirEhm|Reflect\n|-supereffective|p1a: RegiSalt\n|-damage|p1a: RegiSalt|62\/100\n|move|p1a: RegiSalt|Iron Defense|p1a: RegiSalt\n|-boost|p1a: RegiSalt|def|2\n|\n|-heal|p1a: RegiSalt|68\/100|[from] item: Leftovers\n|upkeep\n|turn|14\n|\n|t:|1699676006\n|move|p2a: Lycanroc|Brick Break|p1a: RegiSalt\n|-supereffective|p1a: RegiSalt\n|-damage|p1a: RegiSalt|50\/100\n|move|p1a: RegiSalt|Salt Cure|p2a: Lycanroc\n|-resisted|p2a: Lycanroc\n|-crit|p2a: Lycanroc\n|-damage|p2a: Lycanroc|30\/100\n|-start|p2a: Lycanroc|Salt Cure\n|\n|-heal|p1a: RegiSalt|56\/100|[from] item: Leftovers\n|-damage|p2a: Lycanroc|5\/100|[from] Salt Cure\n|upkeep\n|turn|15\n|\n|t:|1699676017\n|move|p2a: Lycanroc|Brick Break|p1a: RegiSalt\n|-supereffective|p1a: RegiSalt\n|-damage|p1a: RegiSalt|36\/100\n|move|p1a: RegiSalt|Recover|p1a: RegiSalt\n|-heal|p1a: RegiSalt|86\/100\n|\n|-heal|p1a: RegiSalt|92\/100|[from] item: Leftovers\n|-damage|p2a: Lycanroc|0 fnt|[from] Salt Cure\n|faint|p2a: Lycanroc\n|upkeep\n|\n|t:|1699676042\n|switch|p2a: Tornadus|Tornadus-Therian, M|100\/100\n|turn|16\n|\n|t:|1699676052\n|-terastallize|p1a: RegiSalt|Ghost\n|move|p2a: Tornadus|Grass Knot|p1a: RegiSalt\n|-damage|p1a: RegiSalt|65\/100\n|move|p1a: RegiSalt|Salt Cure|p2a: Tornadus\n|-supereffective|p2a: Tornadus\n|-damage|p2a: Tornadus|60\/100\n|-start|p2a: Tornadus|Salt Cure\n|\n|-heal|p2a: Tornadus|66\/100|[from] item: Leftovers\n|-heal|p1a: RegiSalt|72\/100|[from] item: Leftovers\n|-damage|p2a: Tornadus|54\/100|[from] Salt Cure\n|upkeep\n|turn|17\n|\n|t:|1699676070\n|move|p2a: Tornadus|Dark Pulse|p1a: RegiSalt\n|-supereffective|p1a: RegiSalt\n|-damage|p1a: RegiSalt|40\/100\n|move|p1a: RegiSalt|Iron Defense|p1a: RegiSalt\n|-boost|p1a: RegiSalt|def|2\n|\n|-heal|p2a: Tornadus|60\/100|[from] item: Leftovers\n|-heal|p1a: RegiSalt|47\/100|[from] item: Leftovers\n|-damage|p2a: Tornadus|48\/100|[from] Salt Cure\n|upkeep\n|turn|18\n|\n|t:|1699676079\n|move|p2a: Tornadus|Dark Pulse|p1a: RegiSalt\n|-supereffective|p1a: RegiSalt\n|-damage|p1a: RegiSalt|13\/100\n|move|p1a: RegiSalt|Recover|p1a: RegiSalt\n|-heal|p1a: RegiSalt|63\/100\n|\n|-heal|p2a: Tornadus|54\/100|[from] item: Leftovers\n|-heal|p1a: RegiSalt|70\/100|[from] item: Leftovers\n|-damage|p2a: Tornadus|41\/100|[from] Salt Cure\n|upkeep\n|turn|19\n|\n|t:|1699676088\n|move|p2a: Tornadus|Dark Pulse|p1a: RegiSalt\n|-supereffective|p1a: RegiSalt\n|-damage|p1a: RegiSalt|38\/100\n|cant|p1a: RegiSalt|flinch\n|\n|-heal|p2a: Tornadus|47\/100|[from] item: Leftovers\n|-heal|p1a: RegiSalt|45\/100|[from] item: Leftovers\n|-damage|p2a: Tornadus|35\/100|[from] Salt Cure\n|upkeep\n|turn|20\n|\n|t:|1699676097\n|move|p2a: Tornadus|Dark Pulse|p1a: RegiSalt\n|-supereffective|p1a: RegiSalt\n|-damage|p1a: RegiSalt|13\/100\n|move|p1a: RegiSalt|Recover|p1a: RegiSalt\n|-heal|p1a: RegiSalt|63\/100\n|\n|-heal|p2a: Tornadus|41\/100|[from] item: Leftovers\n|-heal|p1a: RegiSalt|69\/100|[from] item: Leftovers\n|-damage|p2a: Tornadus|29\/100|[from] Salt Cure\n|upkeep\n|turn|21\n|\n|t:|1699676106\n|move|p2a: Tornadus|Dark Pulse|p1a: RegiSalt\n|-supereffective|p1a: RegiSalt\n|-damage|p1a: RegiSalt|38\/100\n|move|p1a: RegiSalt|Recover|p1a: RegiSalt\n|-heal|p1a: RegiSalt|88\/100\n|\n|-heal|p2a: Tornadus|35\/100|[from] item: Leftovers\n|-heal|p1a: RegiSalt|95\/100|[from] item: Leftovers\n|-damage|p2a: Tornadus|22\/100|[from] Salt Cure\n|upkeep\n|turn|22\n|\n|t:|1699676115\n|switch|p2a: Klefki|Klefki, F|65\/100\n|move|p1a: RegiSalt|Salt Cure|p2a: Klefki\n|-resisted|p2a: Klefki\n|-damage|p2a: Klefki|60\/100\n|-start|p2a: Klefki|Salt Cure\n|\n|-heal|p1a: RegiSalt|100\/100|[from] item: Leftovers\n|-damage|p2a: Klefki|35\/100|[from] Salt Cure\n|upkeep\n|turn|23\n|\n|t:|1699676128\n|move|p2a: Klefki|Reflect|p2a: Klefki\n|-sidestart|p2: PapaPena|Reflect\n|move|p1a: RegiSalt|Body Press|p2a: Klefki\n|-damage|p2a: Klefki|6\/100\n|\n|-damage|p2a: Klefki|0 fnt|[from] Salt Cure\n|faint|p2a: Klefki\n|upkeep\n|\n|t:|1699676134\n|switch|p2a: Tornadus|Tornadus-Therian, M|55\/100\n|turn|24\n|\n|t:|1699676138\n|move|p2a: Tornadus|Dark Pulse|p1a: RegiSalt\n|-supereffective|p1a: RegiSalt\n|-damage|p1a: RegiSalt|70\/100\n|move|p1a: RegiSalt|Salt Cure|p2a: Tornadus\n|-supereffective|p2a: Tornadus\n|-damage|p2a: Tornadus|36\/100\n|-start|p2a: Tornadus|Salt Cure\n|\n|-heal|p2a: Tornadus|42\/100|[from] item: Leftovers\n|-heal|p1a: RegiSalt|76\/100|[from] item: Leftovers\n|-damage|p2a: Tornadus|30\/100|[from] Salt Cure\n|upkeep\n|turn|25\n|\n|t:|1699676151\n|switch|p2a: flame-ingo|Moltres, shiny|100\/100\n|move|p1a: RegiSalt|Salt Cure|p2a: flame-ingo\n|-supereffective|p2a: flame-ingo\n|-damage|p2a: flame-ingo|71\/100\n|-start|p2a: flame-ingo|Salt Cure\n|\n|-heal|p1a: RegiSalt|83\/100|[from] item: Leftovers\n|-damage|p2a: flame-ingo|58\/100|[from] Salt Cure\n|upkeep\n|turn|26\n|\n|t:|1699676166\n|move|p2a: flame-ingo|Air Slash|p1a: RegiSalt\n|-damage|p1a: RegiSalt|62\/100\n|move|p1a: RegiSalt|Body Press|p2a: flame-ingo\n|-resisted|p2a: flame-ingo\n|-damage|p2a: flame-ingo|43\/100\n|\n|-heal|p1a: RegiSalt|68\/100|[from] item: Leftovers\n|-damage|p2a: flame-ingo|30\/100|[from] Salt Cure\n|upkeep\n|turn|27\n|\n|t:|1699676177\n|switch|p2a: Tornadus|Tornadus-Therian, M|63\/100\n|move|p1a: RegiSalt|Body Press|p2a: Tornadus\n|-resisted|p2a: Tornadus\n|-damage|p2a: Tornadus|38\/100\n|\n|-heal|p2a: Tornadus|44\/100|[from] item: Leftovers\n|-heal|p1a: RegiSalt|74\/100|[from] item: Leftovers\n|upkeep\n|turn|28\n|\n|t:|1699676185\n|switch|p2a: squeeward|Toedscool, F|100\/100\n|move|p1a: RegiSalt|Salt Cure|p2a: squeeward\n|-resisted|p2a: squeeward\n|-damage|p2a: squeeward|94\/100\n|-start|p2a: squeeward|Salt Cure\n|\n|-heal|p1a: RegiSalt|80\/100|[from] item: Leftovers\n|-damage|p2a: squeeward|82\/100|[from] Salt Cure\n|upkeep\n|turn|29\n|\n|t:|1699676198\n|move|p2a: squeeward|Knock Off|p1a: RegiSalt\n|-supereffective|p1a: RegiSalt\n|-damage|p1a: RegiSalt|75\/100\n|-enditem|p1a: RegiSalt|Leftovers|[from] move: Knock Off|[of] p2a: squeeward\n|move|p1a: RegiSalt|Body Press|p2a: squeeward\n|-damage|p2a: squeeward|24\/100\n|\n|-damage|p2a: squeeward|12\/100|[from] Salt Cure\n|upkeep\n|turn|30\n|\n|t:|1699676215\n|move|p1a: RegiSalt|Body Press|p2a: squeeward\n|-damage|p2a: squeeward|0 fnt\n|faint|p2a: squeeward\n|\n|-sideend|p2: PapaPena|Reflect\n|upkeep\n|\n|t:|1699676243\n|switch|p2a: Tornadus|Tornadus-Therian, M|77\/100\n|turn|31\n|\n|t:|1699676247\n|move|p2a: Tornadus|Dark Pulse|p1a: RegiSalt\n|-supereffective|p1a: RegiSalt\n|-damage|p1a: RegiSalt|40\/100\n|move|p1a: RegiSalt|Salt Cure|p2a: Tornadus\n|-supereffective|p2a: Tornadus\n|-damage|p2a: Tornadus|41\/100\n|-start|p2a: Tornadus|Salt Cure\n|\n|-heal|p2a: Tornadus|47\/100|[from] item: Leftovers\n|-damage|p2a: Tornadus|35\/100|[from] Salt Cure\n|upkeep\n|turn|32\n|\n|t:|1699676264\n|move|p2a: Tornadus|Dark Pulse|p1a: RegiSalt\n|-supereffective|p1a: RegiSalt\n|-damage|p1a: RegiSalt|9\/100\n|cant|p1a: RegiSalt|flinch\n|\n|-heal|p2a: Tornadus|41\/100|[from] item: Leftovers\n|-damage|p2a: Tornadus|29\/100|[from] Salt Cure\n|upkeep\n|turn|33\n|\n|t:|1699676274\n|switch|p1a: Jingle Jingle|Klefki, F|76\/100\n|move|p2a: Tornadus|Dark Pulse|p1a: Jingle Jingle\n|-resisted|p1a: Jingle Jingle\n|-damage|p1a: Jingle Jingle|62\/100\n|\n|-heal|p2a: Tornadus|35\/100|[from] item: Leftovers\n|-damage|p2a: Tornadus|22\/100|[from] Salt Cure\n|upkeep\n|turn|34\n|\n|t:|1699676286\n|switch|p2a: flame-ingo|Moltres, shiny|30\/100\n|move|p1a: Jingle Jingle|Light Screen|p1a: Jingle Jingle\n|-sidestart|p1: HeirEhm|move: Light Screen\n|\n|upkeep\n|turn|35\n|\n|t:|1699676294\n|move|p2a: flame-ingo|Roost|p2a: flame-ingo\n|-heal|p2a: flame-ingo|80\/100\n|-singleturn|p2a: flame-ingo|move: Roost\n|move|p1a: Jingle Jingle|Foul Play|p2a: flame-ingo\n|-damage|p2a: flame-ingo|64\/100\n|\n|upkeep\n|turn|36\n|\n|t:|1699676302\n|move|p2a: flame-ingo|Roost|p2a: flame-ingo\n|-heal|p2a: flame-ingo|100\/100\n|-singleturn|p2a: flame-ingo|move: Roost\n|move|p1a: Jingle Jingle|Foul Play|p2a: flame-ingo\n|-damage|p2a: flame-ingo|83\/100\n|\n|upkeep\n|turn|37\n|\n|t:|1699676312\n|switch|p1a: RegiSalt|Garganacl, F, shiny, tera:Ghost|9\/100\n|move|p2a: flame-ingo|Flamethrower|p1a: RegiSalt\n|-damage|p1a: RegiSalt|0 fnt\n|faint|p1a: RegiSalt\n|\n|upkeep\n|\n|t:|1699676317\n|switch|p1a: Jingle Jingle|Klefki, F|62\/100\n|turn|38\n|\n|t:|1699676320\n|move|p2a: flame-ingo|Flamethrower|p1a: Jingle Jingle\n|-supereffective|p1a: Jingle Jingle\n|-damage|p1a: Jingle Jingle|13\/100\n|move|p1a: Jingle Jingle|Foul Play|p2a: flame-ingo\n|-damage|p2a: flame-ingo|68\/100\n|-status|p1a: Jingle Jingle|brn|[from] ability: Flame Body|[of] p2a: flame-ingo\n|\n|-damage|p1a: Jingle Jingle|7\/100 brn|[from] brn\n|upkeep\n|turn|39\n|\n|t:|1699676329\n|move|p2a: flame-ingo|Roost|p2a: flame-ingo\n|-heal|p2a: flame-ingo|100\/100\n|-singleturn|p2a: flame-ingo|move: Roost\n|move|p1a: Jingle Jingle|Foul Play|p2a: flame-ingo\n|-damage|p2a: flame-ingo|92\/100\n|\n|-damage|p1a: Jingle Jingle|1\/100 brn|[from] brn\n|upkeep\n|turn|40\n|\n|t:|1699676337\n|move|p2a: flame-ingo|Roost|p2a: flame-ingo\n|-heal|p2a: flame-ingo|100\/100\n|-singleturn|p2a: flame-ingo|move: Roost\n|move|p1a: Jingle Jingle|Foul Play|p2a: flame-ingo\n|-damage|p2a: flame-ingo|93\/100\n|\n|-damage|p1a: Jingle Jingle|0 fnt|[from] brn\n|faint|p1a: Jingle Jingle\n|\n|win|PapaPena\n|upkeep\n","uploadtime":1699676340,"views":7,"p1id":"heirehm","p2id":"papapena","formatid":"gen9nationaldex","rating":0,"private":0,"password":""}