{"id":"gen9nationaldex-1993671957","p1":"Dark Umbreon 08","p2":"gileko213","format":"[Gen 9] National Dex","log":"|j|\u2606Dark Umbreon 08\n|j|\u2606gileko213\n|t:|1700343927\n|gametype|singles\n|player|p1|Dark Umbreon 08|lass-gen4dp|1010\n|player|p2|gileko213|birdkeeper|1052\n|teamsize|p1|1\n|teamsize|p2|6\n|gen|9\n|tier|[Gen 9] National Dex\n|rated|\n|rule|HP Percentage Mod: HP is shown in percentages\n|rule|Endless Battle Clause: Forcing endless battles is banned\n|rule|OHKO Clause: OHKO moves are banned\n|rule|Evasion Clause: Evasion abilities, items, and moves are banned\n|rule|Evasion Abilities Clause: Evasion abilities are banned\n|rule|Evasion Items Clause: Evasion items are banned\n|rule|Evasion Moves Clause: Evasion moves are banned\n|rule|Species Clause: Limit one of each Pok\u00e9mon\n|rule|Sleep Clause Mod: Limit one foe put to sleep\n|clearpoke\n|poke|p1|Sneasler, F|\n|poke|p2|Aerodactyl, F|\n|poke|p2|Yanmega, M|\n|poke|p2|Iron Jugulis|\n|poke|p2|Tropius, F|\n|poke|p2|Archeops, M|\n|poke|p2|Minior|\n|teampreview\n|inactive|Battle timer is ON: inactive players will automatically lose when time's up. (requested by gileko213)\n|inactive|Dark Umbreon 08 also wants the timer to be on.\n|\n|t:|1700343937\n|start\n|switch|p1a: Sneasler|Sneasler, F|100\/100\n|switch|p2a: Minior|Minior, shiny|100\/100\n|-formechange|p2a: Minior|Minior-Meteor||[from] ability: Shields Down\n|turn|1\n|\n|t:|1700343943\n|move|p1a: Sneasler|Dire Claw|p2a: Minior\n|-resisted|p2a: Minior\n|-damage|p2a: Minior|68\/100\n|move|p2a: Minior|Shell Smash|p2a: Minior\n|-unboost|p2a: Minior|def|1\n|-unboost|p2a: Minior|spd|1\n|-boost|p2a: Minior|atk|2\n|-boost|p2a: Minior|spa|2\n|-boost|p2a: Minior|spe|2\n|-enditem|p2a: Minior|White Herb\n|-clearnegativeboost|p2a: Minior|[silent]\n|\n|upkeep\n|turn|2\n|\n|t:|1700343954\n|-terastallize|p2a: Minior|Flying\n|move|p1a: Sneasler|Endure|p1a: Sneasler\n|-singleturn|p1a: Sneasler|move: Endure\n|move|p2a: Minior|Acrobatics|p1a: Sneasler\n|-supereffective|p1a: Sneasler\n|-crit|p1a: Sneasler\n|-activate|p1a: Sneasler|move: Endure\n|-damage|p1a: Sneasler|1\/100\n|-enditem|p1a: Sneasler|Liechi Berry|[eat]\n|-boost|p1a: Sneasler|atk|1|[from] item: Liechi Berry\n|\n|upkeep\n|turn|3\n|\n|t:|1700343969\n|move|p1a: Sneasler|Reversal|p2a: Minior\n|-resisted|p2a: Minior\n|-damage|p2a: Minior|0 fnt\n|faint|p2a: Minior\n|\n|upkeep\n|\n|t:|1700343977\n|switch|p2a: Tropius|Tropius, F|100\/100\n|turn|4\n|\n|t:|1700343984\n|-terastallize|p1a: Sneasler|Flying\n|move|p1a: Sneasler|Acrobatics|p2a: Tropius\n|-supereffective|p2a: Tropius\n|-damage|p2a: Tropius|0 fnt\n|faint|p2a: Tropius\n|\n|upkeep\n|\n|t:|1700343992\n|switch|p2a: Archeops|Archeops, M|100\/100\n|turn|5\n|\n|t:|1700343999\n|move|p1a: Sneasler|Reversal|p2a: Archeops\n|-damage|p2a: Archeops|0 fnt\n|faint|p2a: Archeops\n|\n|upkeep\n|\n|t:|1700344003\n|switch|p2a: Yanmega|Yanmega, M|100\/100\n|turn|6\n|\n|t:|1700344008\n|move|p1a: Sneasler|Acrobatics|p2a: Yanmega\n|-supereffective|p2a: Yanmega\n|-damage|p2a: Yanmega|0 fnt\n|faint|p2a: Yanmega\n|\n|upkeep\n|\n|t:|1700344013\n|switch|p2a: Iron Jugulis|Iron Jugulis|100\/100\n|-enditem|p2a: Iron Jugulis|Booster Energy\n|-activate|p2a: Iron Jugulis|ability: Quark Drive|[fromitem]\n|-start|p2a: Iron Jugulis|quarkdrivespa\n|turn|7\n|\n|t:|1700344018\n|move|p1a: Sneasler|Reversal|p2a: Iron Jugulis\n|-damage|p2a: Iron Jugulis|0 fnt\n|faint|p2a: Iron Jugulis\n|-end|p2a: Iron Jugulis|Quark Drive|[silent]\n|\n|upkeep\n|\n|t:|1700344021\n|switch|p2a: Aerodactyl|Aerodactyl, F|100\/100\n|turn|8\n|\n|t:|1700344029\n|detailschange|p2a: Aerodactyl|Aerodactyl-Mega, F\n|-mega|p2a: Aerodactyl|Aerodactyl|Aerodactylite\n|move|p1a: Sneasler|Reversal|p2a: Aerodactyl\n|-damage|p2a: Aerodactyl|0 fnt\n|faint|p2a: Aerodactyl\n|\n|win|Dark Umbreon 08\n|raw|Dark Umbreon 08's rating: 1010 &rarr; <strong>1053<\/strong><br \/>(+43 for winning)\n|raw|gileko213's rating: 1052 &rarr; <strong>1032<\/strong><br \/>(-20 for losing)\n|l|\u2606gileko213\n|c|\u2606Dark Umbreon 08|Gg\n","uploadtime":1700344256,"views":6,"p1id":"darkumbreon08","p2id":"gileko213","formatid":"gen9nationaldex","rating":1032,"private":0,"password":""}