{"id":"gen9nationaldex-1989142346","p1":"the frost guy","p2":"mannmilk","format":"[Gen 9] National Dex","log":"|j|\u2606the frost guy\n|j|\u2606mannmilk\n|t:|1699816742\n|gametype|singles\n|player|p1|the frost guy|birdkeeper-gen4dp|1287\n|player|p2|mannmilk|clown|1192\n|teamsize|p1|6\n|teamsize|p2|6\n|gen|9\n|tier|[Gen 9] National Dex\n|rated|\n|rule|HP Percentage Mod: HP is shown in percentages\n|rule|Endless Battle Clause: Forcing endless battles is banned\n|rule|OHKO Clause: OHKO moves are banned\n|rule|Evasion Clause: Evasion abilities, items, and moves are banned\n|rule|Evasion Abilities Clause: Evasion abilities are banned\n|rule|Evasion Items Clause: Evasion items are banned\n|rule|Evasion Moves Clause: Evasion moves are banned\n|rule|Species Clause: Limit one of each Pok\u00e9mon\n|rule|Sleep Clause Mod: Limit one foe put to sleep\n|clearpoke\n|poke|p1|Cinderace, M|\n|poke|p1|Aegislash, M|\n|poke|p1|Zygarde-10%|\n|poke|p1|Swampert, F|\n|poke|p1|Absol, F|\n|poke|p1|Lucario, F|\n|poke|p2|Cofagrigus, M|\n|poke|p2|Regigigas|\n|poke|p2|Reuniclus, M|\n|poke|p2|Claydol|\n|poke|p2|Stakataka|\n|poke|p2|Mimikyu, F|\n|teampreview\n|j| Mudkipsimp\n|\n|t:|1699816762\n|start\n|switch|p1a: Absol|Absol, F|100\/100\n|switch|p2a: xD|Cofagrigus, M|100\/100\n|-ability|p1a: Absol|Pressure\n|turn|1\n|\n|t:|1699816783\n|detailschange|p1a: Absol|Absol-Mega, F\n|-mega|p1a: Absol|Absol|Absolite\n|move|p1a: Absol|Knock Off|p2a: xD\n|-supereffective|p2a: xD\n|-damage|p2a: xD|23\/100\n|-activate|p2a: xD|ability: Mummy|Magic Bounce|[of] p1a: Absol\n|-enditem|p2a: xD|Life Orb|[from] move: Knock Off|[of] p1a: Absol\n|move|p2a: xD|Body Press|p1a: Absol\n|-supereffective|p1a: Absol\n|-damage|p1a: Absol|0 fnt\n|faint|p1a: Absol\n|\n|upkeep\n|c| Mudkipsimp|I hope absol gets shut down early\n|c|\u2606the frost guy|that would be so sad\n|c|\u2606mannmilk|eh?\n|c| Mudkipsimp|\ud83d\udc80\n|c| Mudkipsimp|it did\n|c|\u2606the frost guy|my absol got shut down early\n|\n|t:|1699816802\n|switch|p1a: Lucario|Lucario, F|100\/100\n|turn|2\n|\n|t:|1699816821\n|move|p1a: Lucario|Meteor Mash|p2a: xD\n|-damage|p2a: xD|0 fnt\n|-activate|p2a: xD|ability: Mummy|Justified|[of] p1a: Lucario\n|faint|p2a: xD\n|-damage|p1a: Lucario|91\/100|[from] item: Life Orb\n|\n|upkeep\n|c|\u2606mannmilk|jeff\n|\n|t:|1699816825\n|switch|p2a: regi swag ass|Regigigas|100\/100\n|-start|p2a: regi swag ass|ability: Slow Start\n|turn|3\n|\n|t:|1699816832\n|-terastallize|p2a: regi swag ass|Ground\n|move|p1a: Lucario|Close Combat|p2a: regi swag ass\n|-damage|p2a: regi swag ass|42\/100\n|-unboost|p1a: Lucario|def|1\n|-unboost|p1a: Lucario|spd|1\n|-damage|p1a: Lucario|81\/100|[from] item: Life Orb\n|move|p2a: regi swag ass|Power-Up Punch|p1a: Lucario\n|-supereffective|p1a: Lucario\n|-damage|p1a: Lucario|41\/100\n|-boost|p2a: regi swag ass|atk|1\n|-end|p2a: regi swag ass|Slow Start|[silent]\n|-activate|p1a: Lucario|ability: Mummy|Slow Start|[of] p2a: regi swag ass\n|-heal|p2a: regi swag ass|45\/100|[from] item: Shell Bell|[of] p1a: Lucario\n|\n|upkeep\n|turn|4\n|c| Mudkipsimp|WAIT IS THAT THE GOAT REGIGIGAS!?!?!!\n|c|\u2606mannmilk|yes\n|\n|t:|1699816847\n|move|p2a: regi swag ass|Substitute|p2a: regi swag ass\n|-start|p2a: regi swag ass|Substitute\n|-damage|p2a: regi swag ass|20\/100\n|move|p1a: Lucario|Close Combat|p2a: regi swag ass\n|-end|p2a: regi swag ass|Substitute\n|-unboost|p1a: Lucario|def|1\n|-unboost|p1a: Lucario|spd|1\n|-damage|p1a: Lucario|31\/100|[from] item: Life Orb\n|\n|upkeep\n|turn|5\n|c|\u2606the frost guy|oh damn\n|c| Mudkipsimp|You fucked up now frost\n|c|\u2606the frost guy|thats actually a sick strat\n|c| Mudkipsimp|Dude has mummy now\n|\n|t:|1699816860\n|move|p1a: Lucario|Bullet Punch|p2a: regi swag ass\n|-damage|p2a: regi swag ass|1\/100\n|-damage|p1a: Lucario|21\/100|[from] item: Life Orb\n|move|p2a: regi swag ass|Power-Up Punch|p1a: Lucario\n|-supereffective|p1a: Lucario\n|-damage|p1a: Lucario|0 fnt\n|-boost|p2a: regi swag ass|atk|1\n|faint|p1a: Lucario\n|-heal|p2a: regi swag ass|3\/100|[from] item: Shell Bell|[of] p1: Lucario\n|\n|upkeep\n|c|\u2606mannmilk|are u guys friends?\n|c|\u2606the frost guy|UHIEFUIHWAD\n|c| Mudkipsimp|no\n|c|\u2606the frost guy|yes\n|c|\u2606the frost guy|mudkip is stalking me\n|c|\u2606mannmilk|my stratz are epic IQ\n|\n|t:|1699816878\n|switch|p1a: Cinderace|Cinderace, M|100\/100\n|turn|6\n|\n|t:|1699816882\n|move|p1a: Cinderace|U-turn|p2a: regi swag ass\n|-start|p1a: Cinderace|typechange|Bug|[from] ability: Libero\n|-damage|p2a: regi swag ass|0 fnt\n|-activate|p2a: regi swag ass|ability: Mummy|Libero|[of] p1a: Cinderace\n|faint|p2a: regi swag ass\n|-damage|p1a: Cinderace|91\/100|[from] item: Life Orb\n|c| Mudkipsimp|you should sack cinderace\n|c|\u2606mannmilk|save me\n|\n|t:|1699816891\n|switch|p1a: Zygarde|Zygarde-10%|100\/100|[from] U-turn\n|-ability|p1a: Zygarde|Aura Break\n|\n|upkeep\n|c| Mudkipsimp|No\n|\n|t:|1699816930\n|switch|p2a: gaydoll\ud83d\udc85|Claydol|100\/100\n|turn|7\n|c| Mudkipsimp|gaydoll peak\n|c|\u2606mannmilk|swag\n|\n|t:|1699816940\n|move|p1a: Zygarde|Crunch|p2a: gaydoll\ud83d\udc85\n|-supereffective|p2a: gaydoll\ud83d\udc85\n|-damage|p2a: gaydoll\ud83d\udc85|45\/100\n|move|p2a: gaydoll\ud83d\udc85|Reflect|p2a: gaydoll\ud83d\udc85\n|-sidestart|p2: mannmilk|Reflect\n|\n|upkeep\n|turn|8\n|\n|t:|1699816948\n|move|p1a: Zygarde|Crunch|p2a: gaydoll\ud83d\udc85\n|-supereffective|p2a: gaydoll\ud83d\udc85\n|-damage|p2a: gaydoll\ud83d\udc85|17\/100\n|move|p2a: gaydoll\ud83d\udc85|Trick Room|p2a: gaydoll\ud83d\udc85\n|-fieldstart|move: Trick Room|[of] p2a: gaydoll\ud83d\udc85\n|\n|upkeep\n|turn|9\n|c| Mudkipsimp|YES GAYDOLL\n|\n|t:|1699816955\n|switch|p1a: Aegislash|Aegislash, M, shiny|100\/100\n|move|p2a: gaydoll\ud83d\udc85|Light Screen|p2a: gaydoll\ud83d\udc85\n|-sidestart|p2: mannmilk|move: Light Screen\n|\n|upkeep\n|turn|10\n|c| Mudkipsimp|WE LOVE YOU GAYDOLL\n|c|\u2606mannmilk|kill him\n|\n|t:|1699816977\n|switch|p2a: jelly baby|Reuniclus, M|100\/100\n|move|p1a: Aegislash|Swords Dance|p1a: Aegislash\n|-boost|p1a: Aegislash|atk|2\n|\n|upkeep\n|turn|11\n|c|\u2606the frost guy|murder\n|\n|t:|1699816984\n|move|p2a: jelly baby|Shadow Ball|p1a: Aegislash\n|-supereffective|p1a: Aegislash\n|-crit|p1a: Aegislash\n|-damage|p1a: Aegislash|28\/100\n|move|p1a: Aegislash|Swords Dance|p1a: Aegislash\n|-boost|p1a: Aegislash|atk|2\n|\n|upkeep\n|turn|12\n|c|\u2606mannmilk|D:\n|c|\u2606mannmilk|shadow snoke\n|\n|t:|1699816995\n|-terastallize|p1a: Aegislash|Ghost\n|-formechange|p1a: Aegislash|Aegislash-Blade||[from] ability: Stance Change\n|move|p1a: Aegislash|Shadow Sneak|p2a: jelly baby\n|-supereffective|p2a: jelly baby\n|-damage|p2a: jelly baby|0 fnt\n|faint|p2a: jelly baby\n|-damage|p1a: Aegislash|18\/100|[from] item: Life Orb\n|\n|-fieldend|move: Trick Room\n|upkeep\n|c|\u2606mannmilk|fuque\n|\n|t:|1699817006\n|switch|p2a: fartwipe\ud83e\udea4|Mimikyu, F|100\/100\n|turn|13\n|c| Mudkipsimp|fartwipe lets go\n|\n|t:|1699817013\n|move|p1a: Aegislash|Shadow Sneak|p2a: fartwipe\ud83e\udea4\n|-activate|p2a: fartwipe\ud83e\udea4|ability: Disguise\n|-damage|p2a: fartwipe\ud83e\udea4|100\/100\n|detailschange|p2a: fartwipe\ud83e\udea4|Mimikyu-Busted, F\n|-damage|p2a: fartwipe\ud83e\udea4|88\/100|[from] pokemon: Mimikyu-Busted\n|-damage|p1a: Aegislash|9\/100|[from] item: Life Orb\n|move|p2a: fartwipe\ud83e\udea4|Shadow Claw|p1a: Aegislash\n|-supereffective|p1a: Aegislash\n|-damage|p1a: Aegislash|0 fnt\n|faint|p1a: Aegislash\n|\n|upkeep\n|inactive|Battle timer is ON: inactive players will automatically lose when time's up. (requested by mannmilk)\n|\n|t:|1699817029\n|switch|p1a: Cinderace|Cinderace, M|91\/100\n|turn|14\n|\n|t:|1699817034\n|move|p1a: Cinderace|Pyro Ball|p2a: fartwipe\ud83e\udea4|[miss]\n|-miss|p1a: Cinderace|p2a: fartwipe\ud83e\udea4\n|move|p2a: fartwipe\ud83e\udea4|Trick Room|p2a: fartwipe\ud83e\udea4\n|-fieldstart|move: Trick Room|[of] p2a: fartwipe\ud83e\udea4\n|\n|-sideend|p2: mannmilk|Reflect\n|upkeep\n|turn|15\n|c|\u2606mannmilk|dat aim do\n|\n|t:|1699817045\n|-zpower|p2a: fartwipe\ud83e\udea4\n|move|p2a: fartwipe\ud83e\udea4|Let's Snuggle Forever|p1a: Cinderace|[zeffect]\n|-resisted|p1a: Cinderace\n|-damage|p1a: Cinderace|31\/100\n|move|p1a: Cinderace|Pyro Ball|p2a: fartwipe\ud83e\udea4\n|-damage|p2a: fartwipe\ud83e\udea4|0 fnt\n|faint|p2a: fartwipe\ud83e\udea4\n|-damage|p1a: Cinderace|21\/100|[from] item: Life Orb\n|\n|upkeep\n|c|\u2606mannmilk|ass\n|\n|t:|1699817052\n|switch|p2a: gaydoll\ud83d\udc85|Claydol|17\/100\n|turn|16\n|c|\u2606the frost guy|im so good at this game\n|\n|t:|1699817060\n|move|p2a: gaydoll\ud83d\udc85|Reflect|p2a: gaydoll\ud83d\udc85\n|-sidestart|p2: mannmilk|Reflect\n|move|p1a: Cinderace|U-turn|p2a: gaydoll\ud83d\udc85\n|-start|p1a: Cinderace|typechange|Bug|[from] ability: Libero\n|-supereffective|p2a: gaydoll\ud83d\udc85\n|-damage|p2a: gaydoll\ud83d\udc85|0 fnt\n|faint|p2a: gaydoll\ud83d\udc85\n|-damage|p1a: Cinderace|11\/100|[from] item: Life Orb\n|c|\u2606mannmilk|i still have my ace up my sleeve\n|c| Mudkipsimp|rest in piss fartwipe\n|\n|t:|1699817069\n|switch|p1a: Swampert|Swampert, F|100\/100|[from] U-turn\n|\n|-sideend|p2: mannmilk|move: Light Screen\n|upkeep\n|\n|t:|1699817070\n|switch|p2a: immovable\ud83d\udd4bobject|Stakataka, shiny|100\/100\n|turn|17\n|c|\u2606the frost guy|please do not kill me\n|c|\u2606the frost guy|because that would\n|c|\u2606the frost guy|hurt\n|c|\u2606the frost guy|thanks\n|c|\u2606mannmilk|i wont\n|\n|t:|1699817086\n|move|p2a: immovable\ud83d\udd4bobject|Iron Defense|p2a: immovable\ud83d\udd4bobject\n|-boost|p2a: immovable\ud83d\udd4bobject|def|2\n|move|p1a: Swampert|Earthquake|p2a: immovable\ud83d\udd4bobject\n|-supereffective|p2a: immovable\ud83d\udd4bobject\n|-damage|p2a: immovable\ud83d\udd4bobject|78\/100\n|\n|-heal|p2a: immovable\ud83d\udd4bobject|84\/100|[from] item: Leftovers\n|upkeep\n|turn|18\n|c|\u2606the frost guy|oh no\n|c|\u2606mannmilk|oh yes\n|\n|t:|1699817101\n|move|p2a: immovable\ud83d\udd4bobject|Iron Defense|p2a: immovable\ud83d\udd4bobject\n|-boost|p2a: immovable\ud83d\udd4bobject|def|2\n|move|p1a: Swampert|Earthquake|p2a: immovable\ud83d\udd4bobject\n|-supereffective|p2a: immovable\ud83d\udd4bobject\n|-damage|p2a: immovable\ud83d\udd4bobject|69\/100\n|\n|-heal|p2a: immovable\ud83d\udd4bobject|75\/100|[from] item: Leftovers\n|-fieldend|move: Trick Room\n|upkeep\n|turn|19\n|c|\u2606mannmilk|this is my strongest pokemon\n|c|\u2606the frost guy|awodhohf\n|\n|t:|1699817109\n|move|p1a: Swampert|Earthquake|p2a: immovable\ud83d\udd4bobject\n|-supereffective|p2a: immovable\ud83d\udd4bobject\n|-damage|p2a: immovable\ud83d\udd4bobject|58\/100\n|move|p2a: immovable\ud83d\udd4bobject|Trick Room|p2a: immovable\ud83d\udd4bobject\n|-fieldstart|move: Trick Room|[of] p2a: immovable\ud83d\udd4bobject\n|\n|-heal|p2a: immovable\ud83d\udd4bobject|64\/100|[from] item: Leftovers\n|upkeep\n|turn|20\n|c| Mudkipsimp|b-b-b-body press\n|\n|t:|1699817115\n|move|p2a: immovable\ud83d\udd4bobject|Body Press|p1a: Swampert\n|-damage|p1a: Swampert|0 fnt\n|faint|p1a: Swampert\n|-ability|p2a: immovable\ud83d\udd4bobject|Beast Boost|boost\n|-boost|p2a: immovable\ud83d\udd4bobject|def|1\n|\n|-heal|p2a: immovable\ud83d\udd4bobject|70\/100|[from] item: Leftovers\n|upkeep\n|c|\u2606mannmilk|:3\n|c|\u2606the frost guy|yeow\n|\n|t:|1699817123\n|switch|p1a: Zygarde|Zygarde-10%|100\/100\n|-ability|p1a: Zygarde|Aura Break\n|turn|21\n|c|\u2606the frost guy|fear not\n|c|\u2606mannmilk|he even has tera flying\n|\n|t:|1699817134\n|move|p2a: immovable\ud83d\udd4bobject|Gyro Ball|p1a: Zygarde\n|-damage|p1a: Zygarde|0 fnt\n|faint|p1a: Zygarde\n|-ability|p2a: immovable\ud83d\udd4bobject|Beast Boost|boost\n|-boost|p2a: immovable\ud83d\udd4bobject|def|1\n|\n|-heal|p2a: immovable\ud83d\udd4bobject|77\/100|[from] item: Leftovers\n|upkeep\n|c|\u2606mannmilk|but i already tera'd\n|c|\u2606the frost guy|yeow\n|\n|t:|1699817141\n|switch|p1a: Cinderace|Cinderace, M|11\/100\n|turn|22\n|c|\u2606the frost guy|fear not\n|c|\u2606the frost guy|i have\n|c|\u2606mannmilk|goof game\n|c|\u2606the frost guy|high jump kick\n|\n|t:|1699817151\n|move|p2a: immovable\ud83d\udd4bobject|Body Press|p1a: Cinderace\n|-damage|p1a: Cinderace|0 fnt\n|faint|p1a: Cinderace\n|\n|win|mannmilk\n|raw|the frost guy's rating: 1287 &rarr; <strong>1254<\/strong><br \/>(-33 for losing)\n|raw|mannmilk's rating: 1165 &rarr; <strong>1198<\/strong><br \/>(+33 for winning)\n|c| Mudkipsimp|b-b-b-b-body press\n|c|\u2606the frost guy|yeow\n|c| Mudkipsimp|also stupid trick room is up\n|c|\u2606the frost guy|i know\n|c|\u2606mannmilk|good game\n|c| Mudkipsimp|gg\n|c|\u2606mannmilk|u guys are cool :)\n|c| Mudkipsimp|thank you\n|c|\u2606the frost guy|i was hoping that body press had 95% accuracy and i just forgot....\n|c|\u2606the frost guy|gg\n|c|\u2606the frost guy|you're cool too\n|c|\u2606mannmilk|:3\n|c|\u2606the frost guy|cya\n|c|\u2606mannmilk|bai bai\n|c| Mudkipsimp|bye bye\n","uploadtime":1699817186,"views":5,"p1id":"thefrostguy","p2id":"mannmilk","formatid":"gen9nationaldex","rating":1198,"private":0,"password":""}