{"id":"gen9nationaldex-1997289995","p1":"Arlo Ghost","p2":"Void280","format":"[Gen 9] National Dex","log":"|html|<div class=\"broadcast-blue\"><strong>[Gen 9] National Dex is currently suspecting Sneasler! For information on how to participate check out the <a href=\"https:\/\/www.smogon.com\/forums\/threads\/sv-national-dex-suspect-8-just-dance.3731534\/\">suspect thread<\/a>.<\/strong><\/div>\n|j|\u2606Arlo Ghost\n|j|\u2606Void280\n|t:|1700785233\n|gametype|singles\n|player|p1|Arlo Ghost|mars|\n|player|p2|Void280|hilbert|\n|teamsize|p1|6\n|teamsize|p2|6\n|gen|9\n|tier|[Gen 9] National Dex\n|rule|HP Percentage Mod: HP is shown in percentages\n|rule|Endless Battle Clause: Forcing endless battles is banned\n|rule|OHKO Clause: OHKO moves are banned\n|rule|Evasion Clause: Evasion abilities, items, and moves are banned\n|rule|Evasion Abilities Clause: Evasion abilities are banned\n|rule|Evasion Items Clause: Evasion items are banned\n|rule|Evasion Moves Clause: Evasion moves are banned\n|rule|Species Clause: Limit one of each Pok\u00e9mon\n|rule|Sleep Clause Mod: Limit one foe put to sleep\n|clearpoke\n|poke|p1|Tapu Fini|\n|poke|p1|Heatran, M|\n|poke|p1|Corviknight, F|\n|poke|p1|Greninja-*, M|\n|poke|p1|Mawile, F|\n|poke|p1|Kommo-o, M|\n|poke|p2|Lopunny, F|\n|poke|p2|Iron Valiant|\n|poke|p2|Slither Wing|\n|poke|p2|Pawmot, M|\n|poke|p2|Urshifu-*, M|\n|poke|p2|Klefki, M|\n|teampreview\n|j| Sylveon(404)\n|j| Gamer00ooO\n|c|\u2606Arlo Ghost|https:\/\/www.youtube.com\/watch?v=06xfilsKkR4\n|c| Gamer00ooO|Hola\n|c| Sylveon(404)|ya pasen el link\n|j| insipido\n|c|\u2606Arlo Ghost|ya que sos un lider nuevo\n|c|\u2606Arlo Ghost|te pongo el tema de bw 2\n|c|\u2606Arlo Ghost|suerte\n|j| WSoldat\n|\n|t:|1700785272\n|start\n|switch|p1a: Magmado|Heatran, M|100\/100\n|switch|p2a: \"Lock & Key\"|Klefki, M, shiny|100\/100\n|turn|1\n|\n|t:|1700785290\n|switch|p2a: First Time v2|Urshifu-Rapid-Strike, M|100\/100\n|move|p1a: Magmado|Magma Storm|p2a: First Time v2\n|-resisted|p2a: First Time v2\n|-damage|p2a: First Time v2|68\/100\n|-activate|p2a: First Time v2|move: Magma Storm|[of] p1a: Magmado\n|\n|-damage|p2a: First Time v2|55\/100|[from] move: Magma Storm|[partiallytrapped]\n|upkeep\n|turn|2\n|\n|t:|1700785308\n|switch|p1a: Mamu Finish-her|Tapu Fini, shiny|100\/100\n|-fieldstart|move: Misty Terrain|[from] ability: Misty Surge|[of] p1a: Mamu Finish-her\n|move|p2a: First Time v2|Close Combat|p1a: Mamu Finish-her\n|-resisted|p1a: Mamu Finish-her\n|-crit|p1a: Mamu Finish-her\n|-damage|p1a: Mamu Finish-her|65\/100\n|-unboost|p2a: First Time v2|def|1\n|-unboost|p2a: First Time v2|spd|1\n|\n|-heal|p1a: Mamu Finish-her|71\/100|[from] item: Leftovers\n|-end|p2a: First Time v2|Magma Storm|[partiallytrapped]|[silent]\n|upkeep\n|turn|3\n|\n|t:|1700785318\n|switch|p2a: \"Lock & Key\"|Klefki, M, shiny|100\/100\n|move|p1a: Mamu Finish-her|Moonblast|p2a: \"Lock & Key\"\n|-resisted|p2a: \"Lock & Key\"\n|-damage|p2a: \"Lock & Key\"|85\/100\n|-unboost|p2a: \"Lock & Key\"|spa|1\n|\n|-heal|p1a: Mamu Finish-her|77\/100|[from] item: Leftovers\n|upkeep\n|turn|4\n|c| WSoldat|Alm como que solo un atacante especial, flasheaste la de sylveon o que\n|\n|t:|1700785333\n|move|p2a: \"Lock & Key\"|Thunder Wave|p1a: Mamu Finish-her\n|-activate|p1a: Mamu Finish-her|move: Misty Terrain\n|move|p1a: Mamu Finish-her|Knock Off|p2a: \"Lock & Key\"\n|-resisted|p2a: \"Lock & Key\"\n|-damage|p2a: \"Lock & Key\"|78\/100\n|-enditem|p2a: \"Lock & Key\"|Light Clay|[from] move: Knock Off|[of] p1a: Mamu Finish-her\n|\n|-heal|p1a: Mamu Finish-her|84\/100|[from] item: Leftovers\n|upkeep\n|turn|5\n|c|\u2606Void280|Como se nota nunca peleo en campos\n|c| Sylveon(404)|maxi en el campo hada\n|\n|t:|1700785345\n|switch|p1a: Magmado|Heatran, M|100\/100\n|move|p2a: \"Lock & Key\"|Light Screen|p2a: \"Lock & Key\"\n|-sidestart|p2: Void280|move: Light Screen\n|\n|upkeep\n|turn|6\n|c| Sylveon(404)|no se puede usar problemas de estado\n|c|\u2606Void280|Ya lo se.\n|\n|t:|1700785360\n|switch|p2a: First Time v2|Urshifu-Rapid-Strike, M|55\/100\n|move|p1a: Magmado|Magma Storm|p2a: First Time v2\n|-resisted|p2a: First Time v2\n|-damage|p2a: First Time v2|39\/100\n|-activate|p2a: First Time v2|move: Magma Storm|[of] p1a: Magmado\n|\n|-damage|p2a: First Time v2|26\/100|[from] move: Magma Storm|[partiallytrapped]\n|-fieldend|Misty Terrain\n|upkeep\n|turn|7\n|\n|t:|1700785379\n|switch|p1a: Metalera|Corviknight, F, shiny|100\/100\n|-ability|p1a: Metalera|Pressure\n|move|p2a: First Time v2|Poison Jab|p1a: Metalera\n|-immune|p1a: Metalera\n|\n|-end|p2a: First Time v2|Magma Storm|[partiallytrapped]|[silent]\n|upkeep\n|turn|8\n|\n|t:|1700785393\n|switch|p2a: \"Lock & Key\"|Klefki, M, shiny|78\/100\n|move|p1a: Metalera|Body Press|p2a: \"Lock & Key\"\n|-damage|p2a: \"Lock & Key\"|53\/100\n|\n|upkeep\n|turn|9\n|\n|t:|1700785402\n|switch|p2a: First Time v2|Urshifu-Rapid-Strike, M|26\/100\n|switch|p1a: Mamu Finish-her|Tapu Fini, shiny|84\/100\n|-fieldstart|move: Misty Terrain|[from] ability: Misty Surge|[of] p1a: Mamu Finish-her\n|\n|-heal|p1a: Mamu Finish-her|90\/100|[from] item: Leftovers\n|-sideend|p2: Void280|move: Light Screen\n|upkeep\n|turn|10\n|c| Sylveon(404)|ese corvi te espera tambien en la liga\n|\n|t:|1700785417\n|switch|p1a: Metalera|Corviknight, F, shiny|100\/100\n|-ability|p1a: Metalera|Pressure\n|move|p2a: First Time v2|Thunder Punch|p1a: Metalera\n|-supereffective|p1a: Metalera\n|-damage|p1a: Metalera|71\/100\n|-damage|p2a: First Time v2|10\/100|[from] item: Rocky Helmet|[of] p1a: Metalera\n|\n|upkeep\n|turn|11\n|\n|t:|1700785436\n|switch|p2a: Silky|Slither Wing|100\/100\n|-enditem|p2a: Silky|Booster Energy\n|-activate|p2a: Silky|ability: Protosynthesis|[fromitem]\n|-start|p2a: Silky|protosynthesisatk\n|move|p1a: Metalera|Roost|p1a: Metalera\n|-heal|p1a: Metalera|100\/100\n|-singleturn|p1a: Metalera|move: Roost\n|\n|upkeep\n|turn|12\n|c| Sylveon(404)|no lo usa scarf -9\/10\n|\n|t:|1700785456\n|switch|p1a: Erica Jueves|Mawile, F|100\/100\n|-ability|p1a: Erica Jueves|Intimidate|boost\n|-unboost|p2a: Silky|atk|1\n|move|p2a: Silky|Trailblaze|p1a: Erica Jueves\n|-resisted|p1a: Erica Jueves\n|-damage|p1a: Erica Jueves|91\/100\n|-boost|p2a: Silky|spe|1\n|\n|upkeep\n|turn|13\n|c|\u2606Arlo Ghost|sylveon\n|c| Sylveon(404)|OJO\n|c| Sylveon(404)|abrecaminos\n|c|\u2606Arlo Ghost|podes dejarnos combatir sin lanzar ning\u00fan comentario\n|\n|t:|1700785477\n|detailschange|p1a: Erica Jueves|Mawile-Mega, F\n|-mega|p1a: Erica Jueves|Mawile|Mawilite\n|move|p2a: Silky|Flare Blitz|p1a: Erica Jueves\n|-supereffective|p1a: Erica Jueves\n|-damage|p1a: Erica Jueves|14\/100\n|-damage|p2a: Silky|76\/100|[from] Recoil\n|move|p1a: Erica Jueves|Play Rough|p2a: Silky\n|-supereffective|p2a: Silky\n|-damage|p2a: Silky|0 fnt\n|faint|p2a: Silky\n|-end|p2a: Silky|Protosynthesis|[silent]\n|\n|-fieldend|Misty Terrain\n|upkeep\n|l| Gamer00ooO\n|c| Sylveon(404)|PFFFFFF como pega slither wing\n|\n|t:|1700785502\n|switch|p2a: Lopus|Lopunny, F|100\/100\n|turn|14\n|j| Gamer00ooO\n|\n|t:|1700785512\n|switch|p2a: First Time v2|Urshifu-Rapid-Strike, M|10\/100\n|switch|p1a: Metalera|Corviknight, F, shiny|100\/100\n|-ability|p1a: Metalera|Pressure\n|\n|upkeep\n|turn|15\n|\n|t:|1700785526\n|move|p2a: First Time v2|Surging Strikes|p1a: Metalera\n|-crit|p1a: Metalera\n|-damage|p1a: Metalera|87\/100\n|-damage|p2a: First Time v2|0 fnt|[from] item: Rocky Helmet|[of] p1a: Metalera\n|faint|p2a: First Time v2\n|-hitcount|p1a: Metalera|1\n|move|p1a: Metalera|Body Press|p2: First Time v2|[notarget]\n|-fail|p1a: Metalera\n|\n|upkeep\n|\n|t:|1700785539\n|switch|p2a: Pawmot|Pawmot, M|100\/100\n|turn|16\n|\n|t:|1700785543\n|switch|p1a: Erica Jueves|Mawile-Mega, F|14\/100\n|move|p2a: Pawmot|Revival Blessing|p2a: Pawmot\n|\n|t:|1700785547\n|-heal|p2: Silky|50\/100|[from] move: Revival Blessing\n|\n|upkeep\n|turn|17\n|\n|t:|1700785557\n|switch|p2a: \"Lock & Key\"|Klefki, M, shiny|53\/100\n|move|p1a: Erica Jueves|Play Rough|p2a: \"Lock & Key\"\n|-resisted|p2a: \"Lock & Key\"\n|-damage|p2a: \"Lock & Key\"|11\/100\n|\n|upkeep\n|turn|18\n|\n|t:|1700785565\n|move|p2a: \"Lock & Key\"|Light Screen|p2a: \"Lock & Key\"\n|-sidestart|p2: Void280|move: Light Screen\n|move|p1a: Erica Jueves|Thunder Punch|p2a: \"Lock & Key\"\n|-damage|p2a: \"Lock & Key\"|0 fnt\n|faint|p2a: \"Lock & Key\"\n|\n|upkeep\n|\n|t:|1700785582\n|switch|p2a: Silky|Slither Wing|50\/100\n|turn|19\n|\n|t:|1700785584\n|move|p2a: Silky|First Impression|p1a: Erica Jueves\n|-resisted|p1a: Erica Jueves\n|-damage|p1a: Erica Jueves|2\/100\n|move|p1a: Erica Jueves|Sucker Punch||[still]\n|-fail|p1a: Erica Jueves\n|\n|upkeep\n|turn|20\n|\n|t:|1700785591\n|move|p1a: Erica Jueves|Sucker Punch|p2a: Silky\n|-resisted|p2a: Silky\n|-damage|p2a: Silky|23\/100\n|move|p2a: Silky|Trailblaze|p1a: Erica Jueves\n|-resisted|p1a: Erica Jueves\n|-damage|p1a: Erica Jueves|0 fnt\n|-boost|p2a: Silky|spe|1\n|faint|p1a: Erica Jueves\n|\n|upkeep\n|\n|t:|1700785596\n|switch|p1a: El Cumbia Ikuze|Greninja, M|100\/100\n|turn|21\n|\n|t:|1700785603\n|move|p1a: El Cumbia Ikuze|Water Shuriken|p2a: Silky\n|-damage|p2a: Silky|19\/100\n|-damage|p2a: Silky|13\/100\n|-damage|p2a: Silky|8\/100\n|-hitcount|p2a: Silky|3\n|move|p2a: Silky|Close Combat|p1a: El Cumbia Ikuze\n|-supereffective|p1a: El Cumbia Ikuze\n|-damage|p1a: El Cumbia Ikuze|0 fnt\n|-unboost|p2a: Silky|def|1\n|-unboost|p2a: Silky|spd|1\n|faint|p1a: El Cumbia Ikuze\n|\n|upkeep\n|c| Sylveon(404)|ESOOOOOOO\n|\n|t:|1700785620\n|switch|p1a: Metalera|Corviknight, F, shiny|87\/100\n|-ability|p1a: Metalera|Pressure\n|turn|22\n|c| Sylveon(404)|slither wing goat\n|\n|t:|1700785625\n|switch|p1a: Mamu Finish-her|Tapu Fini, shiny|90\/100\n|-fieldstart|move: Misty Terrain|[from] ability: Misty Surge|[of] p1a: Mamu Finish-her\n|move|p2a: Silky|Flare Blitz|p1a: Mamu Finish-her\n|-resisted|p1a: Mamu Finish-her\n|-damage|p1a: Mamu Finish-her|72\/100\n|-damage|p2a: Silky|2\/100|[from] Recoil\n|\n|-heal|p1a: Mamu Finish-her|78\/100|[from] item: Leftovers\n|-sideend|p2: Void280|move: Light Screen\n|upkeep\n|turn|23\n|\n|t:|1700785642\n|move|p2a: Silky|Trailblaze|p1a: Mamu Finish-her\n|-supereffective|p1a: Mamu Finish-her\n|-damage|p1a: Mamu Finish-her|52\/100\n|-boost|p2a: Silky|spe|1\n|move|p1a: Mamu Finish-her|Moonblast|p2a: Silky\n|-supereffective|p2a: Silky\n|-damage|p2a: Silky|0 fnt\n|faint|p2a: Silky\n|-end|p2a: Silky|Protosynthesis|[silent]\n|\n|-heal|p1a: Mamu Finish-her|58\/100|[from] item: Leftovers\n|upkeep\n|\n|t:|1700785658\n|switch|p2a: Pawmot|Pawmot, M|100\/100\n|turn|24\n|\n|t:|1700785663\n|-terastallize|p1a: Mamu Finish-her|Fairy\n|move|p2a: Pawmot|Wild Charge|p1a: Mamu Finish-her\n|-damage|p1a: Mamu Finish-her|29\/100\n|-damage|p2a: Pawmot|92\/100|[from] Recoil\n|move|p1a: Mamu Finish-her|Moonblast|p2a: Pawmot\n|-supereffective|p2a: Pawmot\n|-damage|p2a: Pawmot|0 fnt\n|faint|p2a: Pawmot\n|\n|-heal|p1a: Mamu Finish-her|35\/100|[from] item: Leftovers\n|upkeep\n|\n|t:|1700785676\n|switch|p2a: Cyber Ange|Iron Valiant|100\/100\n|-enditem|p2a: Cyber Ange|Booster Energy\n|-activate|p2a: Cyber Ange|ability: Quark Drive|[fromitem]\n|-start|p2a: Cyber Ange|quarkdrivespe\n|turn|25\n|\n|t:|1700785683\n|switch|p1a: Metalera|Corviknight, F, shiny|87\/100\n|-ability|p1a: Metalera|Pressure\n|move|p2a: Cyber Ange|Calm Mind|p2a: Cyber Ange\n|-boost|p2a: Cyber Ange|spa|1\n|-boost|p2a: Cyber Ange|spd|1\n|\n|upkeep\n|turn|26\n|c| Gamer00ooO|Muy bien\n|\n|t:|1700785727\n|-terastallize|p2a: Cyber Ange|Fairy\n|move|p2a: Cyber Ange|Aura Sphere|p1a: Metalera\n|-damage|p1a: Metalera|26\/100\n|move|p1a: Metalera|Body Press|p2a: Cyber Ange\n|-resisted|p2a: Cyber Ange\n|-damage|p2a: Cyber Ange|83\/100\n|\n|-fieldend|Misty Terrain\n|upkeep\n|turn|27\n|c| Sylveon(404)|ojoo\n|\n|t:|1700785737\n|move|p2a: Cyber Ange|Moonblast|p1a: Metalera\n|-resisted|p1a: Metalera\n|-crit|p1a: Metalera\n|-damage|p1a: Metalera|0 fnt\n|faint|p1a: Metalera\n|\n|upkeep\n|\n|t:|1700785740\n|switch|p1a: Magmado|Heatran, M|100\/100\n|turn|28\n|c| Sylveon(404)|remonrada del siglo?\n|\n|t:|1700785746\n|move|p2a: Cyber Ange|Aura Sphere|p1a: Magmado\n|-supereffective|p1a: Magmado\n|-damage|p1a: Magmado|15\/100\n|move|p1a: Magmado|Magma Storm|p2a: Cyber Ange\n|-damage|p2a: Cyber Ange|30\/100\n|-activate|p2a: Cyber Ange|move: Magma Storm|[of] p1a: Magmado\n|\n|-heal|p1a: Magmado|22\/100|[from] item: Leftovers\n|-damage|p2a: Cyber Ange|17\/100|[from] move: Magma Storm|[partiallytrapped]\n|upkeep\n|turn|29\n|\n|t:|1700785754\n|move|p1a: Magmado|Protect|p1a: Magmado\n|-singleturn|p1a: Magmado|Protect\n|move|p2a: Cyber Ange|Aura Sphere|p1a: Magmado\n|-activate|p1a: Magmado|move: Protect\n|\n|-heal|p1a: Magmado|28\/100|[from] item: Leftovers\n|-damage|p2a: Cyber Ange|5\/100|[from] move: Magma Storm|[partiallytrapped]\n|upkeep\n|turn|30\n|c| Gamer00ooO|Ya paso hoy\n|\n|t:|1700785763\n|move|p1a: Magmado|Protect||[still]\n|-fail|p1a: Magmado\n|move|p2a: Cyber Ange|Aura Sphere|p1a: Magmado\n|-supereffective|p1a: Magmado\n|-damage|p1a: Magmado|0 fnt\n|faint|p1a: Magmado\n|\n|-end|p2a: Cyber Ange|Magma Storm|[partiallytrapped]|[silent]\n|upkeep\n|\n|t:|1700785767\n|switch|p1a: Mamu Finish-her|Tapu Fini, shiny, tera:Fairy|35\/100\n|-fieldstart|move: Misty Terrain|[from] ability: Misty Surge|[of] p1a: Mamu Finish-her\n|turn|31\n|c|\u2606Arlo Ghost|gg\n|\n|t:|1700785773\n|move|p2a: Cyber Ange|Psychic|p1a: Mamu Finish-her\n|-damage|p1a: Mamu Finish-her|6\/100\n|move|p1a: Mamu Finish-her|Moonblast|p2a: Cyber Ange\n|-damage|p2a: Cyber Ange|0 fnt\n|faint|p2a: Cyber Ange\n|-end|p2a: Cyber Ange|Quark Drive|[silent]\n|\n|-heal|p1a: Mamu Finish-her|12\/100|[from] item: Leftovers\n|upkeep\n|c| insipido|Eeeeyyy\n|c| Sylveon(404)|OSTIA GG\n|c| Sylveon(404)|NOOOOOOOOOOOOOOO\n|c|\u2606Arlo Ghost|QUE\n|\n|t:|1700785781\n|switch|p2a: Lopus|Lopunny, F|100\/100\n|turn|32\n|c|\u2606Void280|Miss\n|\n|t:|1700785791\n|detailschange|p2a: Lopus|Lopunny-Mega, F\n|-mega|p2a: Lopus|Lopunny|Lopunnite\n|move|p2a: Lopus|Fake Out|p1a: Mamu Finish-her\n|-damage|p1a: Mamu Finish-her|0 fnt\n|faint|p1a: Mamu Finish-her\n|\n|upkeep\n|c|\u2606Arlo Ghost|noooo\n|\n|t:|1700785795\n|switch|p1a: Kokum-o|Kommo-o, M|100\/100\n|turn|33\n|c| Sylveon(404)|mamu finish-her es inmortal\n|\n|t:|1700785800\n|move|p2a: Lopus|Close Combat|p1a: Kokum-o\n|-damage|p1a: Kokum-o|41\/100\n|-unboost|p2a: Lopus|def|1\n|-unboost|p2a: Lopus|spd|1\n|-zpower|p1a: Kokum-o\n|move|p1a: Kokum-o|Clangorous Soulblaze|p2a: Lopus|[zeffect]\n|-damage|p2a: Lopus|26\/100\n|-boost|p1a: Kokum-o|atk|1\n|-boost|p1a: Kokum-o|def|1\n|-boost|p1a: Kokum-o|spa|1\n|-boost|p1a: Kokum-o|spd|1\n|-boost|p1a: Kokum-o|spe|1\n|\n|upkeep\n|turn|34\n|c| Sylveon(404)|no tiene carantoto\u00f1a_\n|\n|t:|1700785813\n|move|p1a: Kokum-o|Drain Punch|p2a: Lopus\n|-supereffective|p2a: Lopus\n|-damage|p2a: Lopus|0 fnt\n|-heal|p1a: Kokum-o|53\/100|[from] drain|[of] p2a: Lopus\n|faint|p2a: Lopus\n|\n|win|Arlo Ghost\n|c| Sylveon(404)|gg\n|c|\u2606Void280|No\n|c|\u2606Arlo Ghost|gg\n|c|\u2606Void280|gg\n|l| Sylveon(404)\n|c|\u2606Arlo Ghost|bien jugado void\n|c|\u2606Void280|igualmente\n|c|\u2606Arlo Ghost|para mi\n|c|\u2606Arlo Ghost|fue una victoria de ambos xd\n|l| insipido\n","uploadtime":1700785841,"views":10,"p1id":"arloghost","p2id":"void280","formatid":"gen9nationaldex","rating":0,"private":0,"password":""}