{"id":"gen9nationaldex-1995632039","p1":"Darz 236","p2":"Tron09","format":"[Gen 9] National Dex","log":"|html|<div class=\"broadcast-blue\"><strong>[Gen 9] National Dex is currently suspecting Sneasler! For information on how to participate check out the <a href=\"https:\/\/www.smogon.com\/forums\/threads\/sv-national-dex-suspect-8-just-dance.3731534\/\">suspect thread<\/a>.<\/strong><\/div>\n|j|\u2606Darz 236\n|j|\u2606Tron09\n|t:|1700589184\n|gametype|singles\n|player|p1|Darz 236|170|\n|player|p2|Tron09|veteran|\n|teamsize|p1|6\n|teamsize|p2|6\n|gen|9\n|tier|[Gen 9] National Dex\n|rule|HP Percentage Mod: HP is shown in percentages\n|rule|Endless Battle Clause: Forcing endless battles is banned\n|rule|OHKO Clause: OHKO moves are banned\n|rule|Evasion Clause: Evasion abilities, items, and moves are banned\n|rule|Evasion Abilities Clause: Evasion abilities are banned\n|rule|Evasion Items Clause: Evasion items are banned\n|rule|Evasion Moves Clause: Evasion moves are banned\n|rule|Species Clause: Limit one of each Pok\u00e9mon\n|rule|Sleep Clause Mod: Limit one foe put to sleep\n|clearpoke\n|poke|p1|Incineroar, F|\n|poke|p1|Lycanroc-Dusk, M|\n|poke|p1|Mimikyu, M|\n|poke|p1|Muk-Alola, F|\n|poke|p1|Wishiwashi, F|\n|poke|p1|Tapu Koko|\n|poke|p2|Crobat, F|\n|poke|p2|Houndoom, M|\n|poke|p2|Gyarados, M|\n|poke|p2|Weavile, M|\n|poke|p2|Spiritomb, M|\n|poke|p2|Honchkrow, F|\n|teampreview\n|inactive|Battle timer is ON: inactive players will automatically lose when time's up. (requested by Darz 236)\n|\n|t:|1700589212\n|start\n|switch|p1a: Tapu Koko|Tapu Koko, shiny|100\/100\n|switch|p2a: Gyarados|Gyarados, M|100\/100\n|-fieldstart|move: Electric Terrain|[from] ability: Electric Surge|[of] p1a: Tapu Koko\n|turn|1\n|l|\u2606Tron09\n|inactive|Tron09 disconnected and has 300 seconds to reconnect!\n|player|p2|\n|j|\u2606Tron09\n|inactive|Tron09 reconnected.\n|player|p2|Tron09|veteran\n|l|\u2606Tron09\n|inactive|Tron09 disconnected and has 300 seconds to reconnect!\n|player|p2|\n|\n|t:|1700589231\n|-terastallize|p2a: Gyarados|Ground\n|move|p1a: Tapu Koko|Thunderbolt|p2a: Gyarados\n|-immune|p2a: Gyarados\n|move|p2a: Gyarados|Dragon Dance|p2a: Gyarados\n|-boost|p2a: Gyarados|atk|1\n|-boost|p2a: Gyarados|spe|1\n|\n|upkeep\n|turn|2\n|j|\u2606Tron09\n|inactive|Tron09 reconnected and has 300 seconds left.\n|player|p2|Tron09|veteran\n|\n|t:|1700589248\n|switch|p1a: Incineroar|Incineroar, F|100\/100\n|-ability|p1a: Incineroar|Intimidate|boost\n|-unboost|p2a: Gyarados|atk|1\n|move|p2a: Gyarados|Earthquake|p1a: Incineroar\n|-supereffective|p1a: Incineroar\n|-damage|p1a: Incineroar|0 fnt\n|faint|p1a: Incineroar\n|-ability|p2a: Gyarados|Moxie|boost\n|-boost|p2a: Gyarados|atk|1\n|\n|upkeep\n|\n|t:|1700589256\n|switch|p1a: Wishiwashi|Wishiwashi, F|100\/100\n|-formechange|p1a: Wishiwashi|Wishiwashi-School||[from] ability: Schooling\n|turn|3\n|j| Dinumata\n|\n|t:|1700589268\n|switch|p2a: Spiritomb|Spiritomb, M|100\/100\n|move|p1a: Wishiwashi|Hydro Pump|p2a: Spiritomb\n|-damage|p2a: Spiritomb|0 fnt\n|faint|p2a: Spiritomb\n|\n|upkeep\n|\n|t:|1700589277\n|switch|p2a: Weavile|Weavile, M|100\/100\n|turn|4\n|c| Dinumata|DALE DARZ\n|\n|t:|1700589288\n|move|p2a: Weavile|Fake Out|p1a: Wishiwashi\n|-damage|p1a: Wishiwashi|85\/100\n|cant|p1a: Wishiwashi|flinch\n|\n|upkeep\n|turn|5\n|c| Dinumata|jajaja\n|\n|t:|1700589297\n|switch|p2a: Honchkrow|Honchkrow, F|100\/100\n|move|p1a: Wishiwashi|Hydro Pump|p2a: Honchkrow\n|-damage|p2a: Honchkrow|0 fnt\n|faint|p2a: Honchkrow\n|\n|-fieldend|move: Electric Terrain\n|upkeep\n|\n|t:|1700589303\n|switch|p2a: Crobat|Crobat, F|100\/100\n|turn|6\n|\n|t:|1700589308\n|move|p2a: Crobat|Brave Bird|p1a: Wishiwashi\n|-damage|p1a: Wishiwashi|23\/100\n|-damage|p2a: Crobat|88\/100|[from] Recoil\n|move|p1a: Wishiwashi|Hydro Pump|p2a: Crobat\n|-damage|p2a: Crobat|0 fnt\n|faint|p2a: Crobat\n|\n|-formechange|p1a: Wishiwashi|Wishiwashi||[from] ability: Schooling\n|upkeep\n|\n|t:|1700589318\n|switch|p2a: Gyarados|Gyarados, M, tera:Ground|100\/100\n|turn|7\n|\n|t:|1700589333\n|move|p2a: Gyarados|Dragon Dance|p2a: Gyarados\n|-boost|p2a: Gyarados|atk|1\n|-boost|p2a: Gyarados|spe|1\n|move|p1a: Wishiwashi|Hydro Pump|p2a: Gyarados\n|-supereffective|p2a: Gyarados\n|-damage|p2a: Gyarados|23\/100\n|\n|-heal|p2a: Gyarados|29\/100|[from] item: Leftovers\n|upkeep\n|turn|8\n|\n|t:|1700589339\n|move|p2a: Gyarados|Crunch|p1a: Wishiwashi\n|-damage|p1a: Wishiwashi|0 fnt\n|faint|p1a: Wishiwashi\n|-ability|p2a: Gyarados|Moxie|boost\n|-boost|p2a: Gyarados|atk|1\n|\n|-heal|p2a: Gyarados|35\/100|[from] item: Leftovers\n|upkeep\n|\n|t:|1700589346\n|switch|p1a: Tapu Koko|Tapu Koko, shiny|100\/100\n|-fieldstart|move: Electric Terrain|[from] ability: Electric Surge|[of] p1a: Tapu Koko\n|turn|9\n|\n|t:|1700589353\n|move|p1a: Tapu Koko|Dazzling Gleam|p2a: Gyarados\n|-damage|p2a: Gyarados|0 fnt\n|faint|p2a: Gyarados\n|\n|upkeep\n|\n|t:|1700589364\n|switch|p2a: Houndoom|Houndoom, M|100\/100\n|turn|10\n|\n|t:|1700589381\n|move|p1a: Tapu Koko|Dazzling Gleam|p2a: Houndoom\n|-damage|p2a: Houndoom|53\/100\n|move|p2a: Houndoom|Dark Pulse|p1a: Tapu Koko\n|-resisted|p1a: Tapu Koko\n|-damage|p1a: Tapu Koko|74\/100\n|\n|upkeep\n|turn|11\n|\n|t:|1700589394\n|move|p1a: Tapu Koko|Dazzling Gleam|p2a: Houndoom\n|-damage|p2a: Houndoom|0 fnt\n|faint|p2a: Houndoom\n|\n|upkeep\n|\n|t:|1700589397\n|switch|p2a: Weavile|Weavile, M|100\/100\n|turn|12\n|\n|t:|1700589399\n|move|p2a: Weavile|Fake Out|p1a: Tapu Koko\n|-damage|p1a: Tapu Koko|55\/100\n|cant|p1a: Tapu Koko|flinch\n|\n|upkeep\n|turn|13\n|\n|t:|1700589403\n|move|p2a: Weavile|Ice Shard|p1a: Tapu Koko\n|-damage|p1a: Tapu Koko|29\/100\n|move|p1a: Tapu Koko|Dazzling Gleam|p2a: Weavile\n|-supereffective|p2a: Weavile\n|-damage|p2a: Weavile|2\/100\n|\n|-fieldend|move: Electric Terrain\n|upkeep\n|turn|14\n|\n|t:|1700589409\n|move|p2a: Weavile|Ice Shard|p1a: Tapu Koko\n|-damage|p1a: Tapu Koko|3\/100\n|move|p1a: Tapu Koko|Dazzling Gleam|p2a: Weavile\n|-supereffective|p2a: Weavile\n|-damage|p2a: Weavile|0 fnt\n|faint|p2a: Weavile\n|\n|win|Darz 236\n|l|\u2606Tron09\n","uploadtime":1700589429,"views":2,"p1id":"darz236","p2id":"tron09","formatid":"gen9nationaldex","rating":0,"private":0,"password":""}