{"id":"gen9nationaldex-1992746932","p1":"thb1","p2":"Yung PugGod","format":"[Gen 9] National Dex","log":"|j|\u2606thb1\n|j|\u2606Yung PugGod\n|inactive|Battle timer is ON: inactive players will automatically lose when time's up.\n|t:|1700231697\n|gametype|singles\n|player|p1|thb1|teammagmagruntm-gen3|\n|player|p2|Yung PugGod|ash-kalos|\n|teamsize|p1|6\n|teamsize|p2|6\n|gen|9\n|tier|[Gen 9] National Dex\n|rated|Tournament battle\n|rule|HP Percentage Mod: HP is shown in percentages\n|rule|Endless Battle Clause: Forcing endless battles is banned\n|rule|OHKO Clause: OHKO moves are banned\n|rule|Evasion Clause: Evasion abilities, items, and moves are banned\n|rule|Evasion Abilities Clause: Evasion abilities are banned\n|rule|Evasion Items Clause: Evasion items are banned\n|rule|Evasion Moves Clause: Evasion moves are banned\n|rule|Species Clause: Limit one of each Pok\u00e9mon\n|rule|Sleep Clause Mod: Limit one foe put to sleep\n|clearpoke\n|poke|p1|Garganacl, F|\n|poke|p1|Kartana|\n|poke|p1|Tornadus-Therian, M|\n|poke|p1|Ting-Lu|\n|poke|p1|Heatran, F|\n|poke|p1|Lopunny, M|\n|poke|p2|Alomomola, M|\n|poke|p2|Ogerpon-Wellspring, F|\n|poke|p2|Garganacl, F|\n|poke|p2|Landorus-Therian, M|\n|poke|p2|Tapu Lele|\n|poke|p2|Giratina-Origin|\n|teampreview\n|inactive|Yung PugGod also wants the timer to be on.\n|j| The power of ROCK\n|j| Epicgamergod69\n|c|\u2606thb1|hf\n|\n|t:|1700231707\n|start\n|switch|p1a: Lopunny|Lopunny, M|100\/100\n|switch|p2a: Landorus|Landorus-Therian, M|100\/100\n|-ability|p2a: Landorus|Intimidate|boost\n|-unboost|p1a: Lopunny|atk|1\n|turn|1\n|l| Epicgamergod69\n|\n|t:|1700231711\n|switch|p2a: Alomomola|Alomomola, M|100\/100\n|detailschange|p1a: Lopunny|Lopunny-Mega, M\n|-mega|p1a: Lopunny|Lopunny|Lopunnite\n|move|p1a: Lopunny|U-turn|p2a: Alomomola\n|-damage|p2a: Alomomola|91\/100\n|\n|t:|1700231722\n|switch|p1a: Kartana|Kartana|100\/100|[from] U-turn\n|\n|upkeep\n|turn|2\n|\n|t:|1700231733\n|switch|p2a: Giratina|Giratina-Origin|100\/100\n|-terastallize|p1a: Kartana|Grass\n|move|p1a: Kartana|Leaf Blade|p2a: Giratina\n|-resisted|p2a: Giratina\n|-damage|p2a: Giratina|74\/100\n|\n|upkeep\n|turn|3\n|j| XerneasStan\n|\n|t:|1700231737\n|switch|p1a: Ting-Lu|Ting-Lu|100\/100\n|-ability|p1a: Ting-Lu|Vessel of Ruin\n|move|p2a: Giratina|Thunder Wave|p1a: Ting-Lu\n|-immune|p1a: Ting-Lu\n|\n|upkeep\n|turn|4\n|\n|t:|1700231744\n|switch|p2a: Alomomola|Alomomola, M|100\/100\n|move|p1a: Ting-Lu|Stealth Rock|p2a: Alomomola\n|-sidestart|p2: Yung PugGod|move: Stealth Rock\n|\n|upkeep\n|turn|5\n|\n|t:|1700231754\n|move|p2a: Alomomola|Flip Turn|p1a: Ting-Lu\n|-supereffective|p1a: Ting-Lu\n|-damage|p1a: Ting-Lu|84\/100\n|\n|t:|1700231757\n|switch|p2a: Landorus|Landorus-Therian, M|100\/100|[from] Flip Turn\n|-damage|p2a: Landorus|88\/100|[from] Stealth Rock\n|-ability|p2a: Landorus|Intimidate|boost\n|-unboost|p1a: Ting-Lu|atk|1\n|move|p1a: Ting-Lu|Whirlwind|p2a: Landorus\n|drag|p2a: Garganacl|Garganacl, F|100\/100\n|-damage|p2a: Garganacl|88\/100|[from] Stealth Rock\n|\n|-heal|p1a: Ting-Lu|90\/100|[from] item: Leftovers\n|-heal|p2a: Garganacl|94\/100|[from] item: Leftovers\n|upkeep\n|turn|6\n|\n|t:|1700231764\n|switch|p2a: Alomomola|Alomomola, M|100\/100\n|move|p1a: Ting-Lu|Earthquake|p2a: Alomomola\n|-damage|p2a: Alomomola|85\/100\n|\n|-heal|p1a: Ting-Lu|96\/100|[from] item: Leftovers\n|upkeep\n|turn|7\n|j| Ineros\n|\n|t:|1700231767\n|move|p2a: Alomomola|Toxic|p1a: Ting-Lu|[miss]\n|-miss|p2a: Alomomola|p1a: Ting-Lu\n|move|p1a: Ting-Lu|Whirlwind|p2a: Alomomola\n|drag|p2a: Ogerpon|Ogerpon-Wellspring, F|100\/100\n|-damage|p2a: Ogerpon|88\/100|[from] Stealth Rock\n|\n|-heal|p1a: Ting-Lu|100\/100|[from] item: Leftovers\n|upkeep\n|turn|8\n|\n|t:|1700231775\n|move|p2a: Ogerpon|Horn Leech|p1a: Ting-Lu\n|-supereffective|p1a: Ting-Lu\n|-damage|p1a: Ting-Lu|55\/100\n|-heal|p2a: Ogerpon|100\/100|[from] drain|[of] p1a: Ting-Lu\n|move|p1a: Ting-Lu|Earthquake|p2a: Ogerpon\n|-resisted|p2a: Ogerpon\n|-damage|p2a: Ogerpon|84\/100\n|\n|-heal|p1a: Ting-Lu|61\/100|[from] item: Leftovers\n|upkeep\n|turn|9\n|\n|t:|1700231782\n|switch|p2a: Alomomola|Alomomola, M|100\/100\n|move|p1a: Ting-Lu|Ruination|p2a: Alomomola\n|-damage|p2a: Alomomola|50\/100\n|\n|-heal|p1a: Ting-Lu|67\/100|[from] item: Leftovers\n|upkeep\n|turn|10\n|l| Ineros\n|\n|t:|1700231798\n|move|p2a: Alomomola|Flip Turn|p1a: Ting-Lu\n|-supereffective|p1a: Ting-Lu\n|-damage|p1a: Ting-Lu|50\/100\n|\n|t:|1700231800\n|switch|p2a: Landorus|Landorus-Therian, M|88\/100|[from] Flip Turn\n|-damage|p2a: Landorus|76\/100|[from] Stealth Rock\n|-ability|p2a: Landorus|Intimidate|boost\n|-unboost|p1a: Ting-Lu|atk|1\n|move|p1a: Ting-Lu|Earthquake|p2a: Landorus\n|-immune|p2a: Landorus\n|\n|-heal|p1a: Ting-Lu|57\/100|[from] item: Leftovers\n|upkeep\n|turn|11\n|\n|t:|1700231828\n|move|p2a: Landorus|Stealth Rock|p1a: Ting-Lu\n|-sidestart|p1: thb1|move: Stealth Rock\n|move|p1a: Ting-Lu|Whirlwind|p2a: Landorus\n|drag|p2a: Ogerpon|Ogerpon-Wellspring, F|84\/100\n|-damage|p2a: Ogerpon|72\/100|[from] Stealth Rock\n|\n|-heal|p1a: Ting-Lu|63\/100|[from] item: Leftovers\n|upkeep\n|turn|12\n|\n|t:|1700231832\n|move|p2a: Ogerpon|Horn Leech|p1a: Ting-Lu\n|-supereffective|p1a: Ting-Lu\n|-crit|p1a: Ting-Lu\n|-damage|p1a: Ting-Lu|0 fnt\n|-heal|p2a: Ogerpon|100\/100|[from] drain|[of] p1a: Ting-Lu\n|faint|p1a: Ting-Lu\n|\n|upkeep\n|\n|t:|1700231839\n|switch|p1a: Tornadus|Tornadus-Therian, M|100\/100\n|turn|13\n|\n|t:|1700231844\n|switch|p2a: Garganacl|Garganacl, F|94\/100\n|-damage|p2a: Garganacl|82\/100|[from] Stealth Rock\n|move|p1a: Tornadus|U-turn|p2a: Garganacl\n|-damage|p2a: Garganacl|72\/100\n|\n|t:|1700231853\n|switch|p1a: Kartana|Kartana, tera:Grass|100\/100|[from] U-turn\n|-damage|p1a: Kartana|88\/100|[from] Stealth Rock\n|\n|-heal|p2a: Garganacl|78\/100|[from] item: Leftovers\n|upkeep\n|turn|14\n|\n|t:|1700231858\n|switch|p2a: Giratina|Giratina-Origin|74\/100\n|-damage|p2a: Giratina|62\/100|[from] Stealth Rock\n|move|p1a: Kartana|Leaf Blade|p2a: Giratina\n|-resisted|p2a: Giratina\n|-damage|p2a: Giratina|35\/100\n|\n|upkeep\n|turn|15\n|\n|t:|1700231868\n|switch|p1a: Lopunny|Lopunny-Mega, M|100\/100\n|-damage|p1a: Lopunny|95\/100|[from] Stealth Rock\n|move|p2a: Giratina|Thunder Wave|p1a: Lopunny\n|-status|p1a: Lopunny|par\n|\n|upkeep\n|turn|16\n|\n|t:|1700231876\n|switch|p2a: Alomomola|Alomomola, M|84\/100\n|move|p1a: Lopunny|Return|p2a: Alomomola\n|-damage|p2a: Alomomola|52\/100\n|\n|upkeep\n|turn|17\n|\n|t:|1700231883\n|move|p1a: Lopunny|U-turn|p2a: Alomomola\n|-damage|p2a: Alomomola|35\/100\n|\n|t:|1700231888\n|switch|p1a: Kartana|Kartana, tera:Grass|88\/100|[from] U-turn\n|-damage|p1a: Kartana|76\/100|[from] Stealth Rock\n|move|p2a: Alomomola|Wish|p2a: Alomomola\n|\n|upkeep\n|turn|18\n|\n|t:|1700231893\n|move|p2a: Alomomola|Protect|p2a: Alomomola\n|-singleturn|p2a: Alomomola|Protect\n|move|p1a: Kartana|Leaf Blade|p2a: Alomomola\n|-activate|p2a: Alomomola|move: Protect\n|\n|-heal|p2a: Alomomola|85\/100|[from] move: Wish|[wisher] Alomomola\n|upkeep\n|turn|19\n|\n|t:|1700231897\n|-terastallize|p2a: Alomomola|Poison\n|move|p1a: Kartana|Leaf Blade|p2a: Alomomola\n|-resisted|p2a: Alomomola\n|-crit|p2a: Alomomola\n|-damage|p2a: Alomomola|47\/100\n|move|p2a: Alomomola|Wish|p2a: Alomomola\n|\n|upkeep\n|turn|20\n|\n|t:|1700231906\n|switch|p1a: Garganacl|Garganacl, F|100\/100\n|-damage|p1a: Garganacl|88\/100|[from] Stealth Rock\n|move|p2a: Alomomola|Flip Turn|p1a: Garganacl\n|-supereffective|p1a: Garganacl\n|-crit|p1a: Garganacl\n|-damage|p1a: Garganacl|55\/100\n|\n|t:|1700231908\n|switch|p2a: Giratina|Giratina-Origin|35\/100|[from] Flip Turn\n|-damage|p2a: Giratina|22\/100|[from] Stealth Rock\n|\n|-heal|p2a: Giratina|69\/100|[from] move: Wish|[wisher] Alomomola\n|-heal|p1a: Garganacl|61\/100|[from] item: Leftovers\n|upkeep\n|turn|21\n|\n|t:|1700231919\n|move|p2a: Giratina|Draco Meteor|p1a: Garganacl\n|-damage|p1a: Garganacl|11\/100\n|-unboost|p2a: Giratina|spa|2\n|move|p1a: Garganacl|Salt Cure|p2a: Giratina\n|-damage|p2a: Giratina|60\/100\n|-start|p2a: Giratina|Salt Cure\n|\n|-heal|p1a: Garganacl|18\/100|[from] item: Leftovers\n|-damage|p2a: Giratina|48\/100|[from] Salt Cure\n|upkeep\n|turn|22\n|\n|t:|1700231924\n|move|p2a: Giratina|Draco Meteor|p1a: Garganacl\n|-damage|p1a: Garganacl|0 fnt\n|-unboost|p2a: Giratina|spa|2\n|faint|p1a: Garganacl\n|\n|-damage|p2a: Giratina|36\/100|[from] Salt Cure\n|upkeep\n|\n|t:|1700231928\n|switch|p1a: Kartana|Kartana, tera:Grass|76\/100\n|-damage|p1a: Kartana|63\/100|[from] Stealth Rock\n|turn|23\n|\n|t:|1700231935\n|switch|p1a: Heatran|Heatran, F|100\/100\n|-damage|p1a: Heatran|88\/100|[from] Stealth Rock\n|move|p2a: Giratina|Thunder Wave|p1a: Heatran\n|-status|p1a: Heatran|par\n|\n|-heal|p1a: Heatran|94\/100 par|[from] item: Leftovers\n|-damage|p2a: Giratina|23\/100|[from] Salt Cure\n|upkeep\n|turn|24\n|\n|t:|1700231943\n|switch|p2a: Ogerpon|Ogerpon-Wellspring, F|100\/100\n|-damage|p2a: Ogerpon|88\/100|[from] Stealth Rock\n|cant|p1a: Heatran|par\n|\n|-heal|p1a: Heatran|100\/100 par|[from] item: Leftovers\n|upkeep\n|turn|25\n|\n|t:|1700231948\n|move|p2a: Ogerpon|Swords Dance|p2a: Ogerpon\n|-boost|p2a: Ogerpon|atk|2\n|move|p1a: Heatran|Magma Storm|p2a: Ogerpon\n|-damage|p2a: Ogerpon|38\/100\n|-activate|p2a: Ogerpon|move: Magma Storm|[of] p1a: Heatran\n|\n|-damage|p2a: Ogerpon|26\/100|[from] move: Magma Storm|[partiallytrapped]\n|upkeep\n|turn|26\n|\n|t:|1700231952\n|move|p2a: Ogerpon|Ivy Cudgel|p1a: Heatran|[anim] Ivy Cudgel Water\n|-supereffective|p1a: Heatran\n|-damage|p1a: Heatran|0 fnt\n|faint|p1a: Heatran\n|\n|-end|p2a: Ogerpon|Magma Storm|[partiallytrapped]|[silent]\n|upkeep\n|\n|t:|1700231956\n|switch|p1a: Kartana|Kartana, tera:Grass|63\/100\n|-damage|p1a: Kartana|51\/100|[from] Stealth Rock\n|turn|27\n|\n|t:|1700231958\n|move|p1a: Kartana|Leaf Blade|p2a: Ogerpon\n|-damage|p2a: Ogerpon|0 fnt\n|faint|p2a: Ogerpon\n|-ability|p1a: Kartana|Beast Boost|boost\n|-boost|p1a: Kartana|atk|1\n|\n|upkeep\n|\n|t:|1700231961\n|switch|p2a: Alomomola|Alomomola, M, tera:Poison|80\/100\n|turn|28\n|\n|t:|1700231966\n|switch|p1a: Tornadus|Tornadus-Therian, M|100\/100\n|move|p2a: Alomomola|Toxic|p1a: Tornadus\n|-status|p1a: Tornadus|tox\n|\n|-damage|p1a: Tornadus|94\/100 tox|[from] psn\n|upkeep\n|turn|29\n|\n|t:|1700231970\n|switch|p2a: Garganacl|Garganacl, F|78\/100\n|-damage|p2a: Garganacl|66\/100|[from] Stealth Rock\n|move|p1a: Tornadus|Knock Off|p2a: Garganacl\n|-damage|p2a: Garganacl|53\/100\n|-enditem|p2a: Garganacl|Leftovers|[from] move: Knock Off|[of] p1a: Tornadus\n|\n|-damage|p1a: Tornadus|82\/100 tox|[from] psn\n|upkeep\n|turn|30\n|\n|t:|1700231973\n|move|p1a: Tornadus|U-turn|p2a: Garganacl\n|-damage|p2a: Garganacl|43\/100\n|\n|t:|1700231976\n|switch|p1a: Lopunny|Lopunny-Mega, M|95\/100 par|[from] U-turn\n|-damage|p1a: Lopunny|89\/100 par|[from] Stealth Rock\n|move|p2a: Garganacl|Recover|p2a: Garganacl\n|-heal|p2a: Garganacl|93\/100\n|\n|upkeep\n|turn|31\n|\n|t:|1700231979\n|switch|p2a: Alomomola|Alomomola, M, tera:Poison|100\/100\n|move|p1a: Lopunny|Return|p2a: Alomomola\n|-damage|p2a: Alomomola|66\/100\n|\n|upkeep\n|turn|32\n|\n|t:|1700231983\n|move|p1a: Lopunny|Return|p2a: Alomomola\n|-damage|p2a: Alomomola|31\/100\n|move|p2a: Alomomola|Wish|p2a: Alomomola\n|\n|upkeep\n|turn|33\n|\n|t:|1700231993\n|move|p2a: Alomomola|Protect|p2a: Alomomola\n|-singleturn|p2a: Alomomola|Protect\n|move|p1a: Lopunny|Return|p2a: Alomomola\n|-activate|p2a: Alomomola|move: Protect\n|\n|-heal|p2a: Alomomola|81\/100|[from] move: Wish|[wisher] Alomomola\n|upkeep\n|turn|34\n|\n|t:|1700231997\n|switch|p2a: Landorus|Landorus-Therian, M|76\/100\n|-damage|p2a: Landorus|64\/100|[from] Stealth Rock\n|-ability|p2a: Landorus|Intimidate|boost\n|-fail|p1a: Lopunny|unboost|Attack|[from] ability: Scrappy|[of] p1a: Lopunny\n|move|p1a: Lopunny|Return|p2a: Landorus\n|-damage|p2a: Landorus|3\/100\n|\n|upkeep\n|turn|35\n|\n|t:|1700232001\n|move|p2a: Landorus|Earthquake|p1a: Lopunny\n|-damage|p1a: Lopunny|15\/100 par\n|move|p1a: Lopunny|U-turn|p2a: Landorus\n|-resisted|p2a: Landorus\n|-damage|p2a: Landorus|0 fnt\n|faint|p2a: Landorus\n|\n|t:|1700232005\n|switch|p1a: Tornadus|Tornadus-Therian, M|100\/100 tox|[from] U-turn\n|\n|-damage|p1a: Tornadus|94\/100 tox|[from] psn\n|upkeep\n|\n|t:|1700232008\n|switch|p2a: Tapu Lele|Tapu Lele|100\/100\n|-damage|p2a: Tapu Lele|88\/100|[from] Stealth Rock\n|-fieldstart|move: Psychic Terrain|[from] ability: Psychic Surge|[of] p2a: Tapu Lele\n|turn|36\n|\n|t:|1700232014\n|move|p1a: Tornadus|Knock Off|p2a: Tapu Lele\n|-damage|p2a: Tapu Lele|57\/100\n|-enditem|p2a: Tapu Lele|Choice Specs|[from] move: Knock Off|[of] p1a: Tornadus\n|move|p2a: Tapu Lele|Psychic|p1a: Tornadus\n|-damage|p1a: Tornadus|27\/100 tox\n|\n|-damage|p1a: Tornadus|15\/100 tox|[from] psn\n|upkeep\n|turn|37\n|\n|t:|1700232020\n|switch|p2a: Garganacl|Garganacl, F|93\/100\n|-damage|p2a: Garganacl|81\/100|[from] Stealth Rock\n|move|p1a: Tornadus|Hurricane|p2a: Garganacl\n|-resisted|p2a: Garganacl\n|-damage|p2a: Garganacl|68\/100\n|\n|-damage|p1a: Tornadus|0 fnt|[from] psn\n|faint|p1a: Tornadus\n|upkeep\n|\n|t:|1700232023\n|switch|p1a: Kartana|Kartana, tera:Grass|51\/100\n|-damage|p1a: Kartana|39\/100|[from] Stealth Rock\n|turn|38\n|\n|t:|1700232036\n|switch|p2a: Alomomola|Alomomola, M, tera:Poison|100\/100\n|move|p1a: Kartana|Leaf Blade|p2a: Alomomola\n|-resisted|p2a: Alomomola\n|-damage|p2a: Alomomola|77\/100\n|\n|upkeep\n|turn|39\n|\n|t:|1700232040\n|switch|p1a: Lopunny|Lopunny-Mega, M|15\/100 par\n|-damage|p1a: Lopunny|9\/100 par|[from] Stealth Rock\n|move|p2a: Alomomola|Toxic||[still]\n|-fail|p2a: Alomomola\n|\n|upkeep\n|turn|40\n|\n|t:|1700232047\n|move|p1a: Lopunny|Return|p2a: Alomomola\n|-damage|p2a: Alomomola|41\/100\n|move|p2a: Alomomola|Wish|p2a: Alomomola\n|\n|-fieldend|move: Psychic Terrain\n|upkeep\n|turn|41\n|\n|t:|1700232051\n|move|p2a: Alomomola|Protect|p2a: Alomomola\n|-singleturn|p2a: Alomomola|Protect\n|cant|p1a: Lopunny|par\n|\n|-heal|p2a: Alomomola|91\/100|[from] move: Wish|[wisher] Alomomola\n|upkeep\n|turn|42\n|\n|t:|1700232053\n|cant|p1a: Lopunny|par\n|move|p2a: Alomomola|Flip Turn|p1a: Lopunny\n|-damage|p1a: Lopunny|0 fnt\n|faint|p1a: Lopunny\n|\n|t:|1700232057\n|switch|p2a: Tapu Lele|Tapu Lele|57\/100|[from] Flip Turn\n|-damage|p2a: Tapu Lele|45\/100|[from] Stealth Rock\n|-fieldstart|move: Psychic Terrain|[from] ability: Psychic Surge|[of] p2a: Tapu Lele\n|\n|upkeep\n|\n|t:|1700232061\n|switch|p1a: Kartana|Kartana, tera:Grass|39\/100\n|-damage|p1a: Kartana|26\/100|[from] Stealth Rock\n|turn|43\n|\n|t:|1700232078\n|switch|p2a: Alomomola|Alomomola, M, tera:Poison|100\/100\n|move|p1a: Kartana|Smart Strike|p2a: Alomomola\n|-damage|p2a: Alomomola|73\/100\n|\n|upkeep\n|turn|44\n|\n|t:|1700232083\n|move|p1a: Kartana|Smart Strike|p2a: Alomomola\n|-damage|p2a: Alomomola|44\/100\n|move|p2a: Alomomola|Toxic|p1a: Kartana\n|-status|p1a: Kartana|tox\n|\n|-damage|p1a: Kartana|20\/100 tox|[from] psn\n|upkeep\n|turn|45\n|\n|t:|1700232086\n|move|p2a: Alomomola|Protect|p2a: Alomomola\n|-singleturn|p2a: Alomomola|Protect\n|move|p1a: Kartana|Smart Strike|p2a: Alomomola\n|-activate|p2a: Alomomola|move: Protect\n|\n|-damage|p1a: Kartana|8\/100 tox|[from] psn\n|upkeep\n|turn|46\n|\n|t:|1700232091\n|move|p1a: Kartana|Smart Strike|p2a: Alomomola\n|-damage|p2a: Alomomola|14\/100\n|move|p2a: Alomomola|Wish|p2a: Alomomola\n|\n|-damage|p1a: Kartana|0 fnt|[from] psn\n|faint|p1a: Kartana\n|\n|win|Yung PugGod\n|upkeep\n|n|\u2606thb1|thb1\n|n|\u2606Yung PugGod|yungpuggod\n|n| The power of ROCK|thepowerofrock\n|n| XerneasStan|xerneasstan\n","uploadtime":1700232092,"views":5,"p1id":"thb1","p2id":"yungpuggod","formatid":"gen9nationaldex","rating":0,"private":0,"password":""}