{"id":"gen9nationaldex-1995603761","p1":"Golbur","p2":"PokeeeeeAde","format":"[Gen 9] National Dex","log":"|html|<div class=\"broadcast-blue\"><strong>[Gen 9] National Dex is currently suspecting Sneasler! For information on how to participate check out the <a href=\"https:\/\/www.smogon.com\/forums\/threads\/sv-national-dex-suspect-8-just-dance.3731534\/\">suspect thread<\/a>.<\/strong><\/div>\n|j|\u2606Golbur\n|j|\u2606PokeeeeeAde\n|t:|1700586708\n|gametype|singles\n|player|p1|Golbur|roxie|1143\n|player|p2|PokeeeeeAde|rosa|1041\n|teamsize|p1|6\n|teamsize|p2|6\n|gen|9\n|tier|[Gen 9] National Dex\n|rated|\n|rule|HP Percentage Mod: HP is shown in percentages\n|rule|Endless Battle Clause: Forcing endless battles is banned\n|rule|OHKO Clause: OHKO moves are banned\n|rule|Evasion Clause: Evasion abilities, items, and moves are banned\n|rule|Evasion Abilities Clause: Evasion abilities are banned\n|rule|Evasion Items Clause: Evasion items are banned\n|rule|Evasion Moves Clause: Evasion moves are banned\n|rule|Species Clause: Limit one of each Pok\u00e9mon\n|rule|Sleep Clause Mod: Limit one foe put to sleep\n|clearpoke\n|poke|p1|Scolipede, M|\n|poke|p1|Minior-Orange|\n|poke|p1|Bewear, M|\n|poke|p1|Skarmory, M|\n|poke|p1|Banette, F|\n|poke|p1|Electrode|\n|poke|p2|Jumpluff, F|\n|poke|p2|Armarouge, F|\n|poke|p2|Corviknight, F|\n|poke|p2|Pikachu, M|\n|poke|p2|Clodsire, M|\n|poke|p2|Meowscarada, M|\n|teampreview\n|inactive|Battle timer is ON: inactive players will automatically lose when time's up. (requested by Golbur)\n|\n|t:|1700586711\n|start\n|switch|p1a: Ego orb|Electrode|100\/100\n|switch|p2a: Blossom|Jumpluff, F, shiny|100\/100\n|turn|1\n|\n|t:|1700586718\n|switch|p2a: Mochi|Clodsire, M|100\/100\n|move|p1a: Ego orb|Taunt|p2a: Mochi\n|-start|p2a: Mochi|move: Taunt\n|\n|upkeep\n|turn|2\n|c|\u2606PokeeeeeAde|orb\n|\n|t:|1700586725\n|move|p1a: Ego orb|Reflect|p1a: Ego orb\n|-sidestart|p1: Golbur|Reflect\n|move|p2a: Mochi|Earthquake|p1a: Ego orb\n|-supereffective|p1a: Ego orb\n|-damage|p1a: Ego orb|50\/100\n|\n|upkeep\n|turn|3\n|c|\u2606PokeeeeeAde|crushed orb\n|\n|t:|1700586734\n|move|p1a: Ego orb|Light Screen|p1a: Ego orb\n|-sidestart|p1: Golbur|move: Light Screen\n|move|p2a: Mochi|Earthquake|p1a: Ego orb\n|-supereffective|p1a: Ego orb\n|-damage|p1a: Ego orb|0 fnt\n|faint|p1a: Ego orb\n|\n|-end|p2a: Mochi|move: Taunt\n|upkeep\n|\n|t:|1700586741\n|switch|p1a: Referee|Skarmory, M|100\/100\n|turn|4\n|\n|t:|1700586751\n|switch|p2a: Marjuano|Meowscarada, M|100\/100\n|move|p1a: Referee|Stealth Rock|p2a: Marjuano\n|-sidestart|p2: PokeeeeeAde|move: Stealth Rock\n|\n|upkeep\n|turn|5\n|\n|t:|1700586763\n|switch|p2a: Adelin|Armarouge, F|100\/100\n|-damage|p2a: Adelin|75\/100|[from] Stealth Rock\n|move|p1a: Referee|Toxic|p2a: Adelin\n|-status|p2a: Adelin|tox\n|\n|-damage|p2a: Adelin|69\/100 tox|[from] psn\n|upkeep\n|turn|6\n|\n|t:|1700586779\n|switch|p1a: Dunks|Minior-Orange|100\/100\n|-formechange|p1a: Dunks|Minior-Meteor||[from] ability: Shields Down\n|move|p2a: Adelin|Armor Cannon|p1a: Dunks\n|-resisted|p1a: Dunks\n|-damage|p1a: Dunks|82\/100\n|-unboost|p2a: Adelin|def|1\n|-unboost|p2a: Adelin|spd|1\n|\n|-damage|p2a: Adelin|57\/100 tox|[from] psn\n|upkeep\n|turn|7\n|inactive|PokeeeeeAde has 120 seconds left.\n|\n|t:|1700586808\n|move|p1a: Dunks|Shell Smash|p1a: Dunks\n|-unboost|p1a: Dunks|def|1\n|-unboost|p1a: Dunks|spd|1\n|-boost|p1a: Dunks|atk|2\n|-boost|p1a: Dunks|spa|2\n|-boost|p1a: Dunks|spe|2\n|-enditem|p1a: Dunks|White Herb\n|-clearnegativeboost|p1a: Dunks|[silent]\n|move|p2a: Adelin|Expanding Force|p1a: Dunks\n|-damage|p1a: Dunks|60\/100\n|\n|-damage|p2a: Adelin|39\/100 tox|[from] psn\n|upkeep\n|turn|8\n|inactive|PokeeeeeAde has 120 seconds left.\n|\n|t:|1700586831\n|move|p1a: Dunks|Acrobatics|p2a: Adelin\n|-damage|p2a: Adelin|0 fnt\n|faint|p2a: Adelin\n|\n|upkeep\n|\n|t:|1700586842\n|switch|p2a: PikaAde|Pikachu, M|100\/100\n|-damage|p2a: PikaAde|88\/100|[from] Stealth Rock\n|turn|9\n|\n|t:|1700586849\n|move|p1a: Dunks|Earthquake|p2a: PikaAde\n|-supereffective|p2a: PikaAde\n|-damage|p2a: PikaAde|0 fnt\n|faint|p2a: PikaAde\n|\n|-sideend|p1: Golbur|Reflect\n|upkeep\n|\n|t:|1700586873\n|switch|p2a: Marjuano|Meowscarada, M|100\/100\n|-damage|p2a: Marjuano|88\/100|[from] Stealth Rock\n|turn|10\n|\n|t:|1700586877\n|move|p1a: Dunks|Acrobatics|p2a: Marjuano\n|-supereffective|p2a: Marjuano\n|-damage|p2a: Marjuano|0 fnt\n|faint|p2a: Marjuano\n|\n|-sideend|p1: Golbur|move: Light Screen\n|upkeep\n|\n|t:|1700586880\n|switch|p2a: Blossom|Jumpluff, F, shiny|100\/100\n|-damage|p2a: Blossom|76\/100|[from] Stealth Rock\n|turn|11\n|\n|t:|1700586886\n|move|p1a: Dunks|Acrobatics|p2a: Blossom\n|-supereffective|p2a: Blossom\n|-damage|p2a: Blossom|0 fnt\n|faint|p2a: Blossom\n|\n|upkeep\n|inactive|PokeeeeeAde has 120 seconds left.\n|\n|t:|1700586917\n|switch|p2a: Ravinor|Corviknight, F|100\/100\n|-damage|p2a: Ravinor|88\/100|[from] Stealth Rock\n|-ability|p2a: Ravinor|Pressure\n|turn|12\n|\n|t:|1700586925\n|move|p1a: Dunks|Stone Edge|p2a: Ravinor\n|-damage|p2a: Ravinor|34\/100\n|move|p2a: Ravinor|Flash Cannon|p1a: Dunks\n|-supereffective|p1a: Dunks\n|-damage|p1a: Dunks|5\/100\n|\n|-formechange|p1a: Dunks|Minior-Orange||[from] ability: Shields Down\n|upkeep\n|turn|13\n|l|\u2606PokeeeeeAde\n|inactive|PokeeeeeAde disconnected and has a minute to reconnect!\n|player|p2|\n|inactive|PokeeeeeAde has 30 seconds to reconnect!\n|l|\u2606Golbur\n|inactive|Golbur disconnected and has a minute to reconnect!\n|player|p1|\n|j|\u2606Golbur\n|inactive|Golbur reconnected.\n|player|p1|Golbur|roxie\n|inactive|PokeeeeeAde has 20 seconds to reconnect!\n|inactive|PokeeeeeAde has 15 seconds to reconnect!\n|inactive|PokeeeeeAde has 10 seconds to reconnect!\n|inactive|PokeeeeeAde has 5 seconds to reconnect!\n|-message|PokeeeeeAde lost due to inactivity.\n|\n|win|Golbur\n|raw|Golbur's rating: 1143 &rarr; <strong>1161<\/strong><br \/>(+18 for winning)\n|raw|PokeeeeeAde's rating: 1041 &rarr; <strong>1029<\/strong><br \/>(-12 for losing)\n|l|\u2606Golbur\n|j|\u2606Golbur\n|player|p1|Golbur|roxie\n","uploadtime":1700587440,"views":0,"p1id":"golbur","p2id":"pokeeeeeade","formatid":"gen9nationaldex","rating":1029,"private":0,"password":""}