{"id":"gen9nationaldex-1987542876","p1":"ShadowTopaz","p2":"Lone_Garurumon","format":"[Gen 9] National Dex","log":"|j|\u2606ShadowTopaz\n|j|\u2606Lone_Garurumon\n|t:|1699609426\n|gametype|singles\n|player|p1|ShadowTopaz|marley|\n|player|p2|Lone_Garurumon|hanbei-conquest|\n|teamsize|p1|6\n|teamsize|p2|6\n|gen|9\n|tier|[Gen 9] National Dex\n|rule|HP Percentage Mod: HP is shown in percentages\n|rule|Endless Battle Clause: Forcing endless battles is banned\n|rule|OHKO Clause: OHKO moves are banned\n|rule|Evasion Clause: Evasion abilities, items, and moves are banned\n|rule|Evasion Abilities Clause: Evasion abilities are banned\n|rule|Evasion Items Clause: Evasion items are banned\n|rule|Evasion Moves Clause: Evasion moves are banned\n|rule|Species Clause: Limit one of each Pok\u00e9mon\n|rule|Sleep Clause Mod: Limit one foe put to sleep\n|clearpoke\n|poke|p1|Gliscor, M|\n|poke|p1|Corviknight, F|\n|poke|p1|Great Tusk|\n|poke|p1|Indeedee, M|\n|poke|p1|Mienshao, M|\n|poke|p1|Hoopa-Unbound|\n|poke|p2|Lucario, F|\n|poke|p2|Sneasler, F|\n|poke|p2|Gyarados, M|\n|poke|p2|Metagross|\n|poke|p2|Manaphy|\n|poke|p2|Greninja-*, F|\n|teampreview\n|\n|t:|1699609472\n|start\n|switch|p1a: Dame|Corviknight, F, shiny|100\/100\n|switch|p2a: Milton Edwards|Metagross|100\/100\n|turn|1\n|\n|t:|1699609479\n|move|p2a: Milton Edwards|Thunder Punch|p1a: Dame\n|-supereffective|p1a: Dame\n|-damage|p1a: Dame|67\/100\n|-damage|p2a: Milton Edwards|84\/100|[from] item: Rocky Helmet|[of] p1a: Dame\n|move|p1a: Dame|Iron Defense|p1a: Dame\n|-boost|p1a: Dame|def|2\n|\n|upkeep\n|turn|2\n|c|\u2606Lone_Garurumon|...Oh dear\n|\n|t:|1699609494\n|move|p2a: Milton Edwards|Thunder Punch|p1a: Dame\n|-supereffective|p1a: Dame\n|-damage|p1a: Dame|49\/100\n|-damage|p2a: Milton Edwards|68\/100|[from] item: Rocky Helmet|[of] p1a: Dame\n|move|p1a: Dame|Iron Defense|p1a: Dame\n|-boost|p1a: Dame|def|2\n|\n|upkeep\n|turn|3\n|\n|t:|1699609508\n|move|p2a: Milton Edwards|Thunder Punch|p1a: Dame\n|-supereffective|p1a: Dame\n|-damage|p1a: Dame|38\/100\n|-damage|p2a: Milton Edwards|51\/100|[from] item: Rocky Helmet|[of] p1a: Dame\n|move|p1a: Dame|Roost|p1a: Dame\n|-heal|p1a: Dame|88\/100\n|-singleturn|p1a: Dame|move: Roost\n|\n|upkeep\n|turn|4\n|\n|t:|1699609526\n|move|p2a: Milton Edwards|Thunder Punch|p1a: Dame\n|-supereffective|p1a: Dame\n|-damage|p1a: Dame|76\/100\n|-damage|p2a: Milton Edwards|35\/100|[from] item: Rocky Helmet|[of] p1a: Dame\n|move|p1a: Dame|Body Press|p2a: Milton Edwards\n|-damage|p2a: Milton Edwards|0 fnt\n|faint|p2a: Milton Edwards\n|\n|upkeep\n|\n|t:|1699609544\n|switch|p2a: Venice|Manaphy|100\/100\n|turn|5\n|\n|t:|1699609550\n|move|p2a: Venice|Haze|p2a: Venice\n|-clearallboost\n|move|p1a: Dame|Body Press|p2a: Venice\n|-damage|p2a: Venice|78\/100\n|\n|-heal|p2a: Venice|84\/100|[from] item: Leftovers\n|upkeep\n|turn|6\n|\n|t:|1699609558\n|move|p2a: Venice|Tail Glow|p2a: Venice\n|-boost|p2a: Venice|spa|3\n|move|p1a: Dame|U-turn|p2a: Venice\n|-crit|p2a: Venice\n|-damage|p2a: Venice|65\/100\n|\n|t:|1699609569\n|switch|p1a: Lord|Indeedee, M|100\/100|[from] U-turn\n|-fieldstart|move: Psychic Terrain|[from] ability: Psychic Surge|[of] p1a: Lord\n|\n|-heal|p2a: Venice|72\/100|[from] item: Leftovers\n|upkeep\n|turn|7\n|\n|t:|1699609592\n|move|p1a: Lord|Encore|p2a: Venice\n|-start|p2a: Venice|Encore\n|move|p2a: Venice|Tail Glow|p2a: Venice\n|-boost|p2a: Venice|spa|3\n|\n|-heal|p2a: Venice|78\/100|[from] item: Leftovers\n|upkeep\n|turn|8\n|\n|t:|1699609608\n|switch|p2a: Rio|Lucario, F, shiny|100\/100\n|move|p1a: Lord|Psychic|p2a: Rio\n|-damage|p2a: Rio|9\/100\n|\n|upkeep\n|turn|9\n|\n|t:|1699609620\n|move|p2a: Rio|Flash Cannon|p1a: Lord\n|-damage|p1a: Lord|40\/100\n|move|p1a: Lord|Psychic|p2a: Rio\n|-damage|p2a: Rio|0 fnt\n|faint|p2a: Rio\n|\n|upkeep\n|\n|t:|1699609638\n|switch|p2a: Debbi|Sneasler, F|100\/100\n|turn|10\n|\n|t:|1699609642\n|move|p2a: Debbi|Night Slash|p1a: Lord\n|-supereffective|p1a: Lord\n|-damage|p1a: Lord|0 fnt\n|faint|p1a: Lord\n|-damage|p2a: Debbi|91\/100|[from] item: Life Orb\n|\n|upkeep\n|\n|t:|1699609661\n|switch|p1a: Voivode|Gliscor, M|100\/100\n|turn|11\n|\n|t:|1699609671\n|move|p2a: Debbi|Dire Claw|p1a: Voivode\n|-resisted|p1a: Voivode\n|-damage|p1a: Voivode|77\/100\n|-status|p1a: Voivode|psn|[from] ability: Poison Touch|[of] p2a: Debbi\n|-damage|p2a: Debbi|81\/100|[from] item: Life Orb\n|move|p1a: Voivode|Earthquake|p2a: Debbi\n|-supereffective|p2a: Debbi\n|-damage|p2a: Debbi|0 fnt\n|faint|p2a: Debbi\n|\n|-heal|p1a: Voivode|89\/100 psn|[from] ability: Poison Heal\n|upkeep\n|c|\u2606Lone_Garurumon|DAMN\n|c|\u2606ShadowTopaz|Hey, thanks.\n|c|\u2606Lone_Garurumon|Come on girl, sleep or para, were either of them that hard?\n|\n|t:|1699609703\n|switch|p2a: Henson|Greninja, F|100\/100\n|turn|12\n|\n|t:|1699609711\n|-terastallize|p1a: Voivode|Fairy\n|move|p2a: Henson|Surf|p1a: Voivode\n|-start|p2a: Henson|typechange|Water|[from] ability: Protean\n|-damage|p1a: Voivode|37\/100 psn\n|move|p1a: Voivode|Facade|p2a: Henson\n|-damage|p2a: Henson|44\/100\n|\n|-heal|p1a: Voivode|50\/100 psn|[from] ability: Poison Heal\n|upkeep\n|turn|13\n|\n|t:|1699609722\n|move|p2a: Henson|Surf|p1a: Voivode\n|-damage|p1a: Voivode|4\/100 psn\n|move|p1a: Voivode|Facade|p2a: Henson\n|-damage|p2a: Henson|0 fnt\n|faint|p2a: Henson\n|\n|-heal|p1a: Voivode|16\/100 psn|[from] ability: Poison Heal\n|-fieldend|move: Psychic Terrain\n|upkeep\n|\n|t:|1699609736\n|switch|p2a: Garrison|Gyarados, M|100\/100\n|turn|14\n|\n|t:|1699609744\n|move|p2a: Garrison|Dragon Dance|p2a: Garrison\n|-boost|p2a: Garrison|atk|1\n|-boost|p2a: Garrison|spe|1\n|move|p1a: Voivode|Facade|p2a: Garrison\n|-damage|p2a: Garrison|65\/100\n|\n|-heal|p1a: Voivode|29\/100 psn|[from] ability: Poison Heal\n|upkeep\n|turn|15\n|\n|t:|1699609760\n|move|p2a: Garrison|Earthquake|p1a: Voivode\n|-damage|p1a: Voivode|0 fnt\n|faint|p1a: Voivode\n|-ability|p2a: Garrison|Moxie|boost\n|-boost|p2a: Garrison|atk|1\n|\n|upkeep\n|\n|t:|1699609767\n|switch|p1a: Dame|Corviknight, F, shiny|76\/100\n|turn|16\n|\n|t:|1699609772\n|move|p2a: Garrison|Waterfall|p1a: Dame\n|-damage|p1a: Dame|19\/100\n|-damage|p2a: Garrison|49\/100|[from] item: Rocky Helmet|[of] p1a: Dame\n|cant|p1a: Dame|flinch\n|\n|upkeep\n|turn|17\n|\n|t:|1699609788\n|move|p2a: Garrison|Waterfall|p1a: Dame\n|-damage|p1a: Dame|0 fnt\n|-damage|p2a: Garrison|32\/100|[from] item: Rocky Helmet|[of] p1a: Dame\n|faint|p1a: Dame\n|-ability|p2a: Garrison|Moxie|boost\n|-boost|p2a: Garrison|atk|1\n|\n|upkeep\n|\n|t:|1699609797\n|switch|p1a: Shah|Hoopa-Unbound|100\/100\n|turn|18\n|\n|t:|1699609817\n|-terastallize|p2a: Garrison|Ground\n|move|p2a: Garrison|Earthquake|p1a: Shah\n|-damage|p1a: Shah|0 fnt\n|faint|p1a: Shah\n|-ability|p2a: Garrison|Moxie|boost\n|-boost|p2a: Garrison|atk|1\n|\n|upkeep\n|\n|t:|1699609824\n|switch|p1a: Daimyo|Mienshao, M|100\/100\n|turn|19\n|\n|t:|1699609841\n|move|p2a: Garrison|Earthquake|p1a: Daimyo\n|-damage|p1a: Daimyo|0 fnt\n|faint|p1a: Daimyo\n|-ability|p2a: Garrison|Moxie|boost\n|-boost|p2a: Garrison|atk|1\n|\n|upkeep\n|\n|t:|1699609847\n|switch|p1a: Eminence|Great Tusk|100\/100\n|turn|20\n|c|\u2606ShadowTopaz|But it was going so well.\n|\n|t:|1699609858\n|move|p2a: Garrison|Waterfall|p1a: Eminence\n|-supereffective|p1a: Eminence\n|-damage|p1a: Eminence|0 fnt\n|faint|p1a: Eminence\n|-end|p1a: Eminence|Protosynthesis|[silent]\n|\n|win|Lone_Garurumon\n|c|\u2606Lone_Garurumon|Yeah, that was looking real dicey for a bit there\n|c|\u2606Lone_Garurumon|Gg, you were doing really good\n","uploadtime":1699609867,"views":25,"p1id":"shadowtopaz","p2id":"lonegarurumon","formatid":"gen9nationaldex","rating":0,"private":0,"password":""}