{"id":"gen9nationaldex-1999343529","p1":"SpookySlime","p2":"Xero Dracohart","format":"[Gen 9] National Dex","log":"|html|<div class=\"broadcast-blue\"><strong>[Gen 9] National Dex is currently suspecting Sneasler! For information on how to participate check out the <a href=\"https:\/\/www.smogon.com\/forums\/threads\/sv-national-dex-suspect-8-just-dance.3731534\/\">suspect thread<\/a>.<\/strong><\/div>\n|j|\u2606SpookySlime\n|j|\u2606Xero Dracohart\n|t:|1701063573\n|gametype|singles\n|player|p1|SpookySlime|roxie|1094\n|player|p2|Xero Dracohart|ltsurge|1079\n|teamsize|p1|6\n|teamsize|p2|6\n|gen|9\n|tier|[Gen 9] National Dex\n|rated|\n|rule|HP Percentage Mod: HP is shown in percentages\n|rule|Endless Battle Clause: Forcing endless battles is banned\n|rule|OHKO Clause: OHKO moves are banned\n|rule|Evasion Clause: Evasion abilities, items, and moves are banned\n|rule|Evasion Abilities Clause: Evasion abilities are banned\n|rule|Evasion Items Clause: Evasion items are banned\n|rule|Evasion Moves Clause: Evasion moves are banned\n|rule|Species Clause: Limit one of each Pok\u00e9mon\n|rule|Sleep Clause Mod: Limit one foe put to sleep\n|clearpoke\n|poke|p1|Charizard, M|\n|poke|p1|Dragonite, F|\n|poke|p1|Gastrodon-East, F|\n|poke|p1|Blacephalon|\n|poke|p1|Landorus-Therian, M|\n|poke|p1|Klefki, F|\n|poke|p2|Electrode-Hisui|\n|poke|p2|Raichu-Alola, F|\n|poke|p2|Boltund, M|\n|poke|p2|Emolga, F|\n|poke|p2|Pawmot, F|\n|poke|p2|Manectric, F|\n|teampreview\n|inactive|Battle timer is ON: inactive players will automatically lose when time's up. (requested by SpookySlime)\n|c|\u2606Xero Dracohart|Glhf\n|c|\u2606SpookySlime|ty u 2\n|\n|t:|1701063589\n|start\n|switch|p1a: Hello|Klefki, F|100\/100\n|switch|p2a: Nuh uh|Boltund, M|100\/100\n|turn|1\n|c|\u2606SpookySlime|like your mono electric\n|\n|t:|1701063597\n|move|p1a: Hello|Light Screen|p1a: Hello\n|-sidestart|p1: SpookySlime|move: Light Screen\n|move|p2a: Nuh uh|Thunder Fang|p1a: Hello\n|-damage|p1a: Hello|66\/100\n|\n|upkeep\n|turn|2\n|c|\u2606Xero Dracohart|Thanks!\n|\n|t:|1701063605\n|move|p1a: Hello|Reflect|p1a: Hello\n|-sidestart|p1: SpookySlime|Reflect\n|move|p2a: Nuh uh|Psychic Fangs|p1a: Hello\n|-sideend|p1: SpookySlime|Reflect\n|-sideend|p1: SpookySlime|move: Light Screen\n|-resisted|p1a: Hello\n|-damage|p1a: Hello|51\/100\n|\n|upkeep\n|turn|3\n|c|\u2606Xero Dracohart|But nuh uh\n|\n|t:|1701063616\n|move|p2a: Nuh uh|Crunch|p1a: Hello\n|-resisted|p1a: Hello\n|-crit|p1a: Hello\n|-damage|p1a: Hello|31\/100\n|move|p1a: Hello|Foul Play|p2a: Nuh uh\n|-damage|p2a: Nuh uh|50\/100\n|\n|upkeep\n|turn|4\n|c|\u2606SpookySlime|REEEEEE lol nice\n|\n|t:|1701063625\n|move|p2a: Nuh uh|Thunder Fang|p1a: Hello\n|-damage|p1a: Hello|0 fnt\n|faint|p1a: Hello\n|\n|upkeep\n|\n|t:|1701063629\n|switch|p1a: Joker|Blacephalon, shiny|100\/100\n|turn|5\n|\n|t:|1701063644\n|-terastallize|p1a: Joker|Ghost\n|move|p1a: Joker|Shadow Ball|p2a: Nuh uh\n|-damage|p2a: Nuh uh|0 fnt\n|faint|p2a: Nuh uh\n|-ability|p1a: Joker|Beast Boost|boost\n|-boost|p1a: Joker|spa|1\n|\n|upkeep\n|c|\u2606Xero Dracohart|Exactly what i feared, scarf\n|\n|t:|1701063665\n|switch|p2a: Pikapunch|Pawmot, F|100\/100\n|turn|6\n|\n|t:|1701063689\n|-terastallize|p2a: Pikapunch|Electric\n|move|p1a: Joker|Shadow Ball|p2a: Pikapunch\n|-enditem|p2a: Pikapunch|Focus Sash\n|-damage|p2a: Pikapunch|1\/100\n|move|p2a: Pikapunch|Thunder Punch|p1a: Joker\n|-damage|p1a: Joker|0 fnt\n|faint|p1a: Joker\n|\n|upkeep\n|c|\u2606Xero Dracohart|Might be the end of me tbh if I dont play my cards right\n|c|\u2606SpookySlime|ya4\n|c|\u2606SpookySlime|oooof\n|c|\u2606Xero Dracohart|Phew\n|\n|t:|1701063703\n|switch|p1a: Ump|Landorus-Therian, M|100\/100\n|-ability|p1a: Ump|Intimidate|boost\n|-unboost|p2a: Pikapunch|atk|1\n|turn|7\n|\n|t:|1701063712\n|switch|p2a: BRRRRRRRR|Emolga, F|100\/100\n|move|p1a: Ump|Stealth Rock|p2a: BRRRRRRRR\n|-sidestart|p2: Xero Dracohart|move: Stealth Rock\n|\n|upkeep\n|turn|8\n|\n|t:|1701063719\n|switch|p1a: Shelby|Gastrodon-East, F|100\/100\n|move|p2a: BRRRRRRRR|Defog|p1a: Shelby\n|-unboost|p1a: Shelby|evasion|1\n|-sideend|p2: Xero Dracohart|Stealth Rock|[from] move: Defog|[of] p2a: BRRRRRRRR\n|\n|upkeep\n|turn|9\n|\n|t:|1701063730\n|switch|p2a: Blackchu|Raichu-Alola, F, shiny|100\/100\n|move|p1a: Shelby|Toxic|p2a: Blackchu\n|-status|p2a: Blackchu|tox\n|\n|-damage|p2a: Blackchu|94\/100 tox|[from] psn\n|upkeep\n|turn|10\n|\n|t:|1701063742\n|switch|p1a: Ump|Landorus-Therian, M|100\/100\n|-ability|p1a: Ump|Intimidate|boost\n|-unboost|p2a: Blackchu|atk|1\n|move|p2a: Blackchu|Grass Knot|p1a: Ump\n|-damage|p1a: Ump|77\/100\n|\n|-heal|p1a: Ump|83\/100|[from] item: Leftovers\n|-damage|p2a: Blackchu|82\/100 tox|[from] psn\n|upkeep\n|turn|11\n|\n|t:|1701063751\n|switch|p2a: Pikapunch|Pawmot, F, tera:Electric|1\/100\n|move|p1a: Ump|Stealth Rock|p2a: Pikapunch\n|-sidestart|p2: Xero Dracohart|move: Stealth Rock\n|\n|-heal|p1a: Ump|89\/100|[from] item: Leftovers\n|upkeep\n|turn|12\n|\n|t:|1701063757\n|move|p2a: Pikapunch|Ice Punch|p1a: Ump\n|-supereffective|p1a: Ump\n|-damage|p1a: Ump|12\/100\n|move|p1a: Ump|Hidden Power|p2a: Pikapunch\n|-damage|p2a: Pikapunch|0 fnt\n|faint|p2a: Pikapunch\n|\n|-heal|p1a: Ump|18\/100|[from] item: Leftovers\n|upkeep\n|c|\u2606SpookySlime|that pikapunch hits hard\n|\n|t:|1701063774\n|switch|p2a: U NevrHad Black \u26a1\ufe0f|Manectric, F, shiny|100\/100\n|-damage|p2a: U NevrHad Black \u26a1\ufe0f|88\/100|[from] Stealth Rock\n|turn|13\n|c|\u2606Xero Dracohart|Kinda, ice punch is twice as super effective\n|\n|t:|1701063794\n|detailschange|p2a: U NevrHad Black \u26a1\ufe0f|Manectric-Mega, F, shiny\n|-mega|p2a: U NevrHad Black \u26a1\ufe0f|Manectric|Manectite\n|-ability|p2a: U NevrHad Black \u26a1\ufe0f|Intimidate|boost\n|-unboost|p1a: Ump|atk|1\n|move|p2a: U NevrHad Black \u26a1\ufe0f|Flamethrower|p1a: Ump\n|-damage|p1a: Ump|0 fnt\n|faint|p1a: Ump\n|\n|upkeep\n|\n|t:|1701063803\n|switch|p1a: Shelby|Gastrodon-East, F|100\/100\n|turn|14\n|\n|t:|1701063810\n|switch|p2a: BRRRRRRRR|Emolga, F|100\/100\n|-damage|p2a: BRRRRRRRR|75\/100|[from] Stealth Rock\n|move|p1a: Shelby|Earthquake|p2a: BRRRRRRRR\n|-immune|p2a: BRRRRRRRR\n|\n|upkeep\n|turn|15\n|\n|t:|1701063817\n|move|p2a: BRRRRRRRR|Defog|p1a: Shelby\n|-unboost|p1a: Shelby|evasion|1\n|-sideend|p2: Xero Dracohart|Stealth Rock|[from] move: Defog|[of] p2a: BRRRRRRRR\n|move|p1a: Shelby|Scald|p2a: BRRRRRRRR\n|-damage|p2a: BRRRRRRRR|23\/100\n|\n|upkeep\n|turn|16\n|\n|t:|1701063826\n|switch|p2a: Blackchu|Raichu-Alola, F, shiny|82\/100 tox\n|move|p1a: Shelby|Scald|p2a: Blackchu\n|-damage|p2a: Blackchu|43\/100 tox\n|\n|-damage|p2a: Blackchu|37\/100 tox|[from] psn\n|upkeep\n|turn|17\n|\n|t:|1701063845\n|move|p2a: Blackchu|Grass Knot|p1a: Shelby\n|-supereffective|p1a: Shelby\n|-damage|p1a: Shelby|54\/100\n|move|p1a: Shelby|Earthquake|p2a: Blackchu\n|-supereffective|p2a: Blackchu\n|-damage|p2a: Blackchu|0 fnt\n|faint|p2a: Blackchu\n|\n|upkeep\n|\n|t:|1701063852\n|switch|p2a: 8 Ball|Electrode-Hisui, shiny|100\/100\n|turn|18\n|\n|t:|1701063858\n|switch|p1a: Tiny|Dragonite, F|100\/100\n|move|p2a: 8 Ball|Substitute|p2a: 8 Ball\n|-start|p2a: 8 Ball|Substitute\n|-damage|p2a: 8 Ball|76\/100\n|\n|-heal|p2a: 8 Ball|82\/100|[from] item: Leftovers\n|upkeep\n|turn|19\n|\n|t:|1701063868\n|move|p1a: Tiny|Extreme Speed|p2a: 8 Ball\n|-end|p2a: 8 Ball|Substitute\n|move|p2a: 8 Ball|Leech Seed|p1a: Tiny\n|-start|p1a: Tiny|move: Leech Seed\n|\n|-heal|p2a: 8 Ball|88\/100|[from] item: Leftovers\n|-damage|p1a: Tiny|88\/100|[from] Leech Seed|[of] p2a: 8 Ball\n|-heal|p2a: 8 Ball|100\/100|[silent]\n|upkeep\n|turn|20\n|\n|t:|1701063874\n|switch|p1a: Char-Char|Charizard, M|100\/100\n|move|p2a: 8 Ball|Protect||[still]\n|-fail|p2a: 8 Ball\n|\n|upkeep\n|turn|21\n|\n|t:|1701063881\n|detailschange|p1a: Char-Char|Charizard-Mega-X, M\n|-mega|p1a: Char-Char|Charizard|Charizardite X\n|move|p2a: 8 Ball|Discharge|p1a: Char-Char\n|-resisted|p1a: Char-Char\n|-damage|p1a: Char-Char|81\/100\n|-status|p1a: Char-Char|par\n|cant|p1a: Char-Char|par\n|\n|upkeep\n|turn|22\n|\n|t:|1701063890\n|move|p2a: 8 Ball|Substitute|p2a: 8 Ball\n|-start|p2a: 8 Ball|Substitute\n|-damage|p2a: 8 Ball|76\/100\n|cant|p1a: Char-Char|par\n|\n|-heal|p2a: 8 Ball|82\/100|[from] item: Leftovers\n|upkeep\n|turn|23\n|c|\u2606SpookySlime|REEEEE\n|c|\u2606SpookySlime|reee lol\n|\n|t:|1701063900\n|move|p2a: 8 Ball|Leech Seed|p1a: Char-Char\n|-start|p1a: Char-Char|move: Leech Seed\n|move|p1a: Char-Char|Flare Blitz|p2a: 8 Ball\n|-supereffective|p2a: 8 Ball\n|-end|p2a: 8 Ball|Substitute\n|-damage|p1a: Char-Char|74\/100 par|[from] Recoil|[of] p2a: 8 Ball\n|\n|-heal|p2a: 8 Ball|88\/100|[from] item: Leftovers\n|-damage|p1a: Char-Char|62\/100 par|[from] Leech Seed|[of] p2a: 8 Ball\n|-heal|p2a: 8 Ball|100\/100|[silent]\n|upkeep\n|turn|24\n|c|\u2606Xero Dracohart|Rng is not in your favor rn\n|\n|t:|1701063910\n|switch|p1a: Tiny|Dragonite, F|88\/100\n|move|p2a: 8 Ball|Discharge|p1a: Tiny\n|-damage|p1a: Tiny|54\/100\n|\n|upkeep\n|turn|25\n|\n|t:|1701063920\n|switch|p2a: BRRRRRRRR|Emolga, F|23\/100\n|-zpower|p1a: Tiny\n|move|p1a: Tiny|Devastating Drake|p2a: BRRRRRRRR|[zeffect]\n|-damage|p2a: BRRRRRRRR|0 fnt\n|faint|p2a: BRRRRRRRR\n|\n|upkeep\n|\n|t:|1701063934\n|switch|p2a: U NevrHad Black \u26a1\ufe0f|Manectric-Mega, F, shiny|88\/100\n|-ability|p2a: U NevrHad Black \u26a1\ufe0f|Intimidate|boost\n|-unboost|p1a: Tiny|atk|1\n|turn|26\n|\n|t:|1701063943\n|move|p2a: U NevrHad Black \u26a1\ufe0f|Volt Switch|p1a: Tiny\n|-damage|p1a: Tiny|12\/100\n|\n|t:|1701063946\n|switch|p2a: 8 Ball|Electrode-Hisui, shiny|100\/100|[from] Volt Switch\n|move|p1a: Tiny|Earthquake|p2a: 8 Ball\n|-damage|p2a: 8 Ball|62\/100\n|\n|-heal|p2a: 8 Ball|68\/100|[from] item: Leftovers\n|upkeep\n|turn|27\n|\n|t:|1701063952\n|move|p2a: 8 Ball|Protect|p2a: 8 Ball\n|-singleturn|p2a: 8 Ball|Protect\n|move|p1a: Tiny|Extreme Speed|p2a: 8 Ball\n|-activate|p2a: 8 Ball|move: Protect\n|\n|-heal|p2a: 8 Ball|74\/100|[from] item: Leftovers\n|upkeep\n|turn|28\n|\n|t:|1701063960\n|move|p1a: Tiny|Extreme Speed|p2a: 8 Ball\n|-damage|p2a: 8 Ball|41\/100\n|move|p2a: 8 Ball|Leech Seed|p1a: Tiny\n|-start|p1a: Tiny|move: Leech Seed\n|\n|-heal|p2a: 8 Ball|47\/100|[from] item: Leftovers\n|-damage|p1a: Tiny|0 fnt|[from] Leech Seed|[of] p2a: 8 Ball\n|-heal|p2a: 8 Ball|61\/100|[silent]\n|faint|p1a: Tiny\n|upkeep\n|\n|t:|1701063972\n|switch|p1a: Shelby|Gastrodon-East, F|54\/100\n|turn|29\n|\n|t:|1701063975\n|move|p2a: 8 Ball|Substitute|p2a: 8 Ball\n|-start|p2a: 8 Ball|Substitute\n|-damage|p2a: 8 Ball|36\/100\n|move|p1a: Shelby|Toxic||[still]\n|-fail|p1a: Shelby\n|\n|-heal|p2a: 8 Ball|42\/100|[from] item: Leftovers\n|upkeep\n|turn|30\n|\n|t:|1701063978\n|move|p2a: 8 Ball|Leech Seed|p1a: Shelby\n|-start|p1a: Shelby|move: Leech Seed\n|move|p1a: Shelby|Scald|p2a: 8 Ball\n|-resisted|p2a: 8 Ball\n|-activate|p2a: 8 Ball|move: Substitute|[damage]\n|\n|-heal|p2a: 8 Ball|49\/100|[from] item: Leftovers\n|-damage|p1a: Shelby|42\/100|[from] Leech Seed|[of] p2a: 8 Ball\n|-heal|p2a: 8 Ball|69\/100|[silent]\n|upkeep\n|turn|31\n|\n|t:|1701063987\n|switch|p2a: U NevrHad Black \u26a1\ufe0f|Manectric-Mega, F, shiny|88\/100\n|-ability|p2a: U NevrHad Black \u26a1\ufe0f|Intimidate|boost\n|-unboost|p1a: Shelby|atk|1\n|move|p1a: Shelby|Recover|p1a: Shelby\n|-heal|p1a: Shelby|92\/100\n|\n|-damage|p1a: Shelby|80\/100|[from] Leech Seed|[of] p2a: U NevrHad Black \u26a1\ufe0f\n|-heal|p2a: U NevrHad Black \u26a1\ufe0f|100\/100|[silent]\n|upkeep\n|turn|32\n|\n|t:|1701063996\n|switch|p1a: Char-Char|Charizard-Mega-X, M|62\/100 par\n|move|p2a: U NevrHad Black \u26a1\ufe0f|Uproar|p1a: Char-Char\n|-damage|p1a: Char-Char|18\/100 par\n|-start|p2a: U NevrHad Black \u26a1\ufe0f|Uproar\n|\n|-start|p2a: U NevrHad Black \u26a1\ufe0f|Uproar|[upkeep]\n|upkeep\n|turn|33\n|\n|t:|1701064004\n|move|p2a: U NevrHad Black \u26a1\ufe0f|Uproar|p1a: Char-Char|[from]lockedmove\n|-damage|p1a: Char-Char|0 fnt\n|faint|p1a: Char-Char\n|\n|-start|p2a: U NevrHad Black \u26a1\ufe0f|Uproar|[upkeep]\n|upkeep\n|\n|t:|1701064008\n|switch|p1a: Shelby|Gastrodon-East, F|80\/100\n|turn|34\n|\n|t:|1701064013\n|move|p2a: U NevrHad Black \u26a1\ufe0f|Uproar|p1a: Shelby|[from]lockedmove\n|-damage|p1a: Shelby|58\/100\n|move|p1a: Shelby|Toxic|p2a: U NevrHad Black \u26a1\ufe0f\n|-status|p2a: U NevrHad Black \u26a1\ufe0f|tox\n|\n|-damage|p2a: U NevrHad Black \u26a1\ufe0f|94\/100 tox|[from] psn\n|-end|p2a: U NevrHad Black \u26a1\ufe0f|Uproar\n|upkeep\n|turn|35\n|\n|t:|1701064022\n|move|p2a: U NevrHad Black \u26a1\ufe0f|Flamethrower|p1a: Shelby\n|-resisted|p1a: Shelby\n|-damage|p1a: Shelby|49\/100\n|move|p1a: Shelby|Recover|p1a: Shelby\n|-heal|p1a: Shelby|99\/100\n|\n|-damage|p2a: U NevrHad Black \u26a1\ufe0f|82\/100 tox|[from] psn\n|upkeep\n|turn|36\n|\n|t:|1701064031\n|move|p2a: U NevrHad Black \u26a1\ufe0f|Uproar|p1a: Shelby\n|-damage|p1a: Shelby|78\/100\n|-start|p2a: U NevrHad Black \u26a1\ufe0f|Uproar\n|move|p1a: Shelby|Earthquake|p2a: U NevrHad Black \u26a1\ufe0f\n|-supereffective|p2a: U NevrHad Black \u26a1\ufe0f\n|-damage|p2a: U NevrHad Black \u26a1\ufe0f|0 fnt\n|faint|p2a: U NevrHad Black \u26a1\ufe0f\n|\n|upkeep\n|\n|t:|1701064033\n|switch|p2a: 8 Ball|Electrode-Hisui, shiny|69\/100\n|turn|37\n|\n|t:|1701064037\n|move|p2a: 8 Ball|Protect|p2a: 8 Ball\n|-singleturn|p2a: 8 Ball|Protect\n|move|p1a: Shelby|Earthquake|p2a: 8 Ball\n|-activate|p2a: 8 Ball|move: Protect\n|\n|-heal|p2a: 8 Ball|75\/100|[from] item: Leftovers\n|upkeep\n|turn|38\n|\n|t:|1701064039\n|move|p2a: 8 Ball|Substitute|p2a: 8 Ball\n|-start|p2a: 8 Ball|Substitute\n|-damage|p2a: 8 Ball|50\/100\n|move|p1a: Shelby|Earthquake|p2a: 8 Ball\n|-end|p2a: 8 Ball|Substitute\n|\n|-heal|p2a: 8 Ball|56\/100|[from] item: Leftovers\n|upkeep\n|turn|39\n|\n|t:|1701064048\n|move|p2a: 8 Ball|Protect|p2a: 8 Ball\n|-singleturn|p2a: 8 Ball|Protect\n|move|p1a: Shelby|Earthquake|p2a: 8 Ball\n|-activate|p2a: 8 Ball|move: Protect\n|\n|-heal|p2a: 8 Ball|62\/100|[from] item: Leftovers\n|upkeep\n|turn|40\n|\n|t:|1701064060\n|move|p2a: 8 Ball|Leech Seed|p1a: Shelby\n|-start|p1a: Shelby|move: Leech Seed\n|move|p1a: Shelby|Earthquake|p2a: 8 Ball\n|-damage|p2a: 8 Ball|7\/100\n|\n|-heal|p2a: 8 Ball|13\/100|[from] item: Leftovers\n|-damage|p1a: Shelby|66\/100|[from] Leech Seed|[of] p2a: 8 Ball\n|-heal|p2a: 8 Ball|33\/100|[silent]\n|upkeep\n|turn|41\n|\n|t:|1701064067\n|move|p2a: 8 Ball|Protect|p2a: 8 Ball\n|-singleturn|p2a: 8 Ball|Protect\n|move|p1a: Shelby|Earthquake|p2a: 8 Ball\n|-activate|p2a: 8 Ball|move: Protect\n|\n|-heal|p2a: 8 Ball|39\/100|[from] item: Leftovers\n|-damage|p1a: Shelby|53\/100|[from] Leech Seed|[of] p2a: 8 Ball\n|-heal|p2a: 8 Ball|60\/100|[silent]\n|upkeep\n|turn|42\n|c|\u2606Xero Dracohart|Never back down never give up...\n|\n|t:|1701064078\n|move|p2a: 8 Ball|Substitute|p2a: 8 Ball\n|-start|p2a: 8 Ball|Substitute\n|-damage|p2a: 8 Ball|35\/100\n|move|p1a: Shelby|Earthquake|p2a: 8 Ball\n|-end|p2a: 8 Ball|Substitute\n|\n|-heal|p2a: 8 Ball|41\/100|[from] item: Leftovers\n|-damage|p1a: Shelby|41\/100|[from] Leech Seed|[of] p2a: 8 Ball\n|-heal|p2a: 8 Ball|61\/100|[silent]\n|upkeep\n|turn|43\n|c|\u2606SpookySlime|true\n|\n|t:|1701064086\n|move|p2a: 8 Ball|Protect|p2a: 8 Ball\n|-singleturn|p2a: 8 Ball|Protect\n|move|p1a: Shelby|Earthquake|p2a: 8 Ball\n|-activate|p2a: 8 Ball|move: Protect\n|\n|-heal|p2a: 8 Ball|67\/100|[from] item: Leftovers\n|-damage|p1a: Shelby|28\/100|[from] Leech Seed|[of] p2a: 8 Ball\n|-heal|p2a: 8 Ball|88\/100|[silent]\n|upkeep\n|turn|44\n|\n|t:|1701064092\n|move|p2a: 8 Ball|Substitute|p2a: 8 Ball\n|-start|p2a: 8 Ball|Substitute\n|-damage|p2a: 8 Ball|63\/100\n|move|p1a: Shelby|Earthquake|p2a: 8 Ball\n|-end|p2a: 8 Ball|Substitute\n|\n|-heal|p2a: 8 Ball|69\/100|[from] item: Leftovers\n|-damage|p1a: Shelby|16\/100|[from] Leech Seed|[of] p2a: 8 Ball\n|-heal|p2a: 8 Ball|89\/100|[silent]\n|upkeep\n|turn|45\n|\n|t:|1701064095\n|move|p2a: 8 Ball|Protect|p2a: 8 Ball\n|-singleturn|p2a: 8 Ball|Protect\n|move|p1a: Shelby|Recover|p1a: Shelby\n|-heal|p1a: Shelby|66\/100\n|\n|-heal|p2a: 8 Ball|95\/100|[from] item: Leftovers\n|-damage|p1a: Shelby|54\/100|[from] Leech Seed|[of] p2a: 8 Ball\n|-heal|p2a: 8 Ball|100\/100|[silent]\n|upkeep\n|turn|46\n|c|\u2606Xero Dracohart|Ggs wp\n|c|\u2606Xero Dracohart|Oh\n|c|\u2606Xero Dracohart|Oh fuc-\n|c|\u2606SpookySlime|gg\n|c|\u2606Xero Dracohart|I forgor\n|\n|t:|1701064114\n|move|p2a: 8 Ball|Substitute|p2a: 8 Ball\n|-start|p2a: 8 Ball|Substitute\n|-damage|p2a: 8 Ball|76\/100\n|move|p1a: Shelby|Toxic|p2a: 8 Ball|[miss]\n|-miss|p1a: Shelby|p2a: 8 Ball\n|\n|-heal|p2a: 8 Ball|82\/100|[from] item: Leftovers\n|-damage|p1a: Shelby|41\/100|[from] Leech Seed|[of] p2a: 8 Ball\n|-heal|p2a: 8 Ball|100\/100|[silent]\n|upkeep\n|turn|47\n|\n|t:|1701064121\n|move|p2a: 8 Ball|Protect|p2a: 8 Ball\n|-singleturn|p2a: 8 Ball|Protect\n|move|p1a: Shelby|Recover|p1a: Shelby\n|-heal|p1a: Shelby|91\/100\n|\n|-damage|p1a: Shelby|79\/100|[from] Leech Seed|[of] p2a: 8 Ball\n|upkeep\n|turn|48\n|\n|t:|1701064126\n|move|p2a: 8 Ball|Discharge|p1a: Shelby\n|-immune|p1a: Shelby\n|move|p1a: Shelby|Scald|p2a: 8 Ball\n|-resisted|p2a: 8 Ball\n|-activate|p2a: 8 Ball|move: Substitute|[damage]\n|\n|-damage|p1a: Shelby|66\/100|[from] Leech Seed|[of] p2a: 8 Ball\n|upkeep\n|turn|49\n|\n|t:|1701064133\n|move|p2a: 8 Ball|Discharge|p1a: Shelby\n|-immune|p1a: Shelby\n|move|p1a: Shelby|Scald|p2a: 8 Ball\n|-resisted|p2a: 8 Ball\n|-end|p2a: 8 Ball|Substitute\n|\n|-damage|p1a: Shelby|54\/100|[from] Leech Seed|[of] p2a: 8 Ball\n|upkeep\n|turn|50\n|\n|t:|1701064143\n|move|p2a: 8 Ball|Substitute|p2a: 8 Ball\n|-start|p2a: 8 Ball|Substitute\n|-damage|p2a: 8 Ball|76\/100\n|move|p1a: Shelby|Earthquake|p2a: 8 Ball\n|-end|p2a: 8 Ball|Substitute\n|\n|-heal|p2a: 8 Ball|82\/100|[from] item: Leftovers\n|-damage|p1a: Shelby|41\/100|[from] Leech Seed|[of] p2a: 8 Ball\n|-heal|p2a: 8 Ball|100\/100|[silent]\n|upkeep\n|turn|51\n|c|\u2606Xero Dracohart|No youre still in this you might win\n|\n|t:|1701064155\n|move|p2a: 8 Ball|Substitute|p2a: 8 Ball\n|-start|p2a: 8 Ball|Substitute\n|-damage|p2a: 8 Ball|76\/100\n|move|p1a: Shelby|Recover|p1a: Shelby\n|-heal|p1a: Shelby|91\/100\n|\n|-heal|p2a: 8 Ball|82\/100|[from] item: Leftovers\n|-damage|p1a: Shelby|79\/100|[from] Leech Seed|[of] p2a: 8 Ball\n|-heal|p2a: 8 Ball|100\/100|[silent]\n|upkeep\n|turn|52\n|\n|t:|1701064159\n|move|p2a: 8 Ball|Protect|p2a: 8 Ball\n|-singleturn|p2a: 8 Ball|Protect\n|move|p1a: Shelby|Earthquake|p2a: 8 Ball\n|-activate|p2a: 8 Ball|move: Protect\n|\n|-damage|p1a: Shelby|66\/100|[from] Leech Seed|[of] p2a: 8 Ball\n|upkeep\n|turn|53\n|\n|t:|1701064164\n|move|p2a: 8 Ball|Leech Seed||[still]\n|-fail|p2a: 8 Ball\n|move|p1a: Shelby|Earthquake|p2a: 8 Ball\n|-end|p2a: 8 Ball|Substitute\n|\n|-damage|p1a: Shelby|54\/100|[from] Leech Seed|[of] p2a: 8 Ball\n|upkeep\n|turn|54\n|\n|t:|1701064175\n|move|p2a: 8 Ball|Protect|p2a: 8 Ball\n|-singleturn|p2a: 8 Ball|Protect\n|move|p1a: Shelby|Toxic|p2a: 8 Ball\n|-activate|p2a: 8 Ball|move: Protect\n|\n|-damage|p1a: Shelby|42\/100|[from] Leech Seed|[of] p2a: 8 Ball\n|upkeep\n|turn|55\n|\n|t:|1701064181\n|move|p2a: 8 Ball|Substitute|p2a: 8 Ball\n|-start|p2a: 8 Ball|Substitute\n|-damage|p2a: 8 Ball|76\/100\n|move|p1a: Shelby|Earthquake|p2a: 8 Ball\n|-end|p2a: 8 Ball|Substitute\n|\n|-heal|p2a: 8 Ball|82\/100|[from] item: Leftovers\n|-damage|p1a: Shelby|29\/100|[from] Leech Seed|[of] p2a: 8 Ball\n|-heal|p2a: 8 Ball|100\/100|[silent]\n|upkeep\n|turn|56\n|\n|t:|1701064185\n|move|p2a: 8 Ball|Substitute|p2a: 8 Ball\n|-start|p2a: 8 Ball|Substitute\n|-damage|p2a: 8 Ball|76\/100\n|move|p1a: Shelby|Scald|p2a: 8 Ball\n|-resisted|p2a: 8 Ball\n|-activate|p2a: 8 Ball|move: Substitute|[damage]\n|\n|-heal|p2a: 8 Ball|82\/100|[from] item: Leftovers\n|-damage|p1a: Shelby|17\/100|[from] Leech Seed|[of] p2a: 8 Ball\n|-heal|p2a: 8 Ball|100\/100|[silent]\n|upkeep\n|turn|57\n|\n|t:|1701064191\n|move|p2a: 8 Ball|Leech Seed||[still]\n|-fail|p2a: 8 Ball\n|move|p1a: Shelby|Recover|p1a: Shelby\n|-heal|p1a: Shelby|67\/100\n|\n|-damage|p1a: Shelby|54\/100|[from] Leech Seed|[of] p2a: 8 Ball\n|upkeep\n|turn|58\n|\n|t:|1701064195\n|move|p2a: 8 Ball|Leech Seed|p1a: Shelby|[miss]\n|-miss|p2a: 8 Ball|p1a: Shelby\n|move|p1a: Shelby|Recover|p1a: Shelby\n|-heal|p1a: Shelby|100\/100\n|\n|-damage|p1a: Shelby|88\/100|[from] Leech Seed|[of] p2a: 8 Ball\n|upkeep\n|turn|59\n|\n|t:|1701064198\n|move|p2a: 8 Ball|Discharge|p1a: Shelby\n|-immune|p1a: Shelby\n|move|p1a: Shelby|Earthquake|p2a: 8 Ball\n|-end|p2a: 8 Ball|Substitute\n|\n|-damage|p1a: Shelby|76\/100|[from] Leech Seed|[of] p2a: 8 Ball\n|upkeep\n|turn|60\n|\n|t:|1701064202\n|move|p2a: 8 Ball|Protect|p2a: 8 Ball\n|-singleturn|p2a: 8 Ball|Protect\n|move|p1a: Shelby|Toxic|p2a: 8 Ball\n|-activate|p2a: 8 Ball|move: Protect\n|\n|-damage|p1a: Shelby|63\/100|[from] Leech Seed|[of] p2a: 8 Ball\n|upkeep\n|turn|61\n|\n|t:|1701064206\n|move|p2a: 8 Ball|Substitute|p2a: 8 Ball\n|-start|p2a: 8 Ball|Substitute\n|-damage|p2a: 8 Ball|76\/100\n|move|p1a: Shelby|Toxic||[still]\n|-fail|p1a: Shelby\n|\n|-heal|p2a: 8 Ball|82\/100|[from] item: Leftovers\n|-damage|p1a: Shelby|51\/100|[from] Leech Seed|[of] p2a: 8 Ball\n|-heal|p2a: 8 Ball|100\/100|[silent]\n|upkeep\n|turn|62\n|\n|t:|1701064212\n|move|p2a: 8 Ball|Discharge|p1a: Shelby\n|-immune|p1a: Shelby\n|move|p1a: Shelby|Scald|p2a: 8 Ball\n|-resisted|p2a: 8 Ball\n|-activate|p2a: 8 Ball|move: Substitute|[damage]\n|\n|-damage|p1a: Shelby|38\/100|[from] Leech Seed|[of] p2a: 8 Ball\n|upkeep\n|turn|63\n|\n|t:|1701064214\n|move|p2a: 8 Ball|Discharge|p1a: Shelby\n|-immune|p1a: Shelby\n|move|p1a: Shelby|Scald|p2a: 8 Ball\n|-resisted|p2a: 8 Ball\n|-end|p2a: 8 Ball|Substitute\n|\n|-damage|p1a: Shelby|26\/100|[from] Leech Seed|[of] p2a: 8 Ball\n|upkeep\n|turn|64\n|\n|t:|1701064218\n|move|p2a: 8 Ball|Discharge|p1a: Shelby\n|-immune|p1a: Shelby\n|move|p1a: Shelby|Recover|p1a: Shelby\n|-heal|p1a: Shelby|76\/100\n|\n|-damage|p1a: Shelby|63\/100|[from] Leech Seed|[of] p2a: 8 Ball\n|upkeep\n|turn|65\n|\n|t:|1701064225\n|move|p2a: 8 Ball|Protect|p2a: 8 Ball\n|-singleturn|p2a: 8 Ball|Protect\n|move|p1a: Shelby|Scald|p2a: 8 Ball\n|-activate|p2a: 8 Ball|move: Protect\n|\n|-damage|p1a: Shelby|51\/100|[from] Leech Seed|[of] p2a: 8 Ball\n|upkeep\n|turn|66\n|\n|t:|1701064228\n|move|p2a: 8 Ball|Substitute|p2a: 8 Ball\n|-start|p2a: 8 Ball|Substitute\n|-damage|p2a: 8 Ball|76\/100\n|move|p1a: Shelby|Toxic||[still]\n|-fail|p1a: Shelby\n|\n|-heal|p2a: 8 Ball|82\/100|[from] item: Leftovers\n|-damage|p1a: Shelby|39\/100|[from] Leech Seed|[of] p2a: 8 Ball\n|-heal|p2a: 8 Ball|100\/100|[silent]\n|upkeep\n|turn|67\n|\n|t:|1701064236\n|move|p2a: 8 Ball|Leech Seed|p1a: Shelby|[miss]\n|-miss|p2a: 8 Ball|p1a: Shelby\n|move|p1a: Shelby|Scald|p2a: 8 Ball\n|-resisted|p2a: 8 Ball\n|-activate|p2a: 8 Ball|move: Substitute|[damage]\n|\n|-damage|p1a: Shelby|26\/100|[from] Leech Seed|[of] p2a: 8 Ball\n|upkeep\n|turn|68\n|\n|t:|1701064239\n|move|p2a: 8 Ball|Discharge|p1a: Shelby\n|-immune|p1a: Shelby\n|move|p1a: Shelby|Scald|p2a: 8 Ball\n|-resisted|p2a: 8 Ball\n|-end|p2a: 8 Ball|Substitute\n|\n|-damage|p1a: Shelby|14\/100|[from] Leech Seed|[of] p2a: 8 Ball\n|upkeep\n|turn|69\n|\n|t:|1701064242\n|move|p2a: 8 Ball|Discharge|p1a: Shelby\n|-immune|p1a: Shelby\n|move|p1a: Shelby|Toxic|p2a: 8 Ball\n|-status|p2a: 8 Ball|tox\n|\n|-damage|p1a: Shelby|1\/100|[from] Leech Seed|[of] p2a: 8 Ball\n|-damage|p2a: 8 Ball|94\/100 tox|[from] psn\n|upkeep\n|turn|70\n|c|\u2606SpookySlime|gg\n|\n|t:|1701064250\n|move|p2a: 8 Ball|Leech Seed||[still]\n|-fail|p2a: 8 Ball\n|move|p1a: Shelby|Scald|p2a: 8 Ball\n|-resisted|p2a: 8 Ball\n|-damage|p2a: 8 Ball|75\/100 tox\n|\n|-heal|p2a: 8 Ball|81\/100 tox|[from] item: Leftovers\n|-damage|p1a: Shelby|0 fnt|[from] Leech Seed|[of] p2a: 8 Ball\n|-heal|p2a: 8 Ball|82\/100 tox|[silent]\n|faint|p1a: Shelby\n|\n|win|Xero Dracohart\n|upkeep\n|raw|SpookySlime's rating: 1094 &rarr; <strong>1069<\/strong><br \/>(-25 for losing)\n|raw|Xero Dracohart's rating: 1079 &rarr; <strong>1108<\/strong><br \/>(+29 for winning)\n|c|\u2606Xero Dracohart|Gg wp!\n|l|\u2606SpookySlime\n","uploadtime":1701064263,"views":1,"p1id":"spookyslime","p2id":"xerodracohart","formatid":"gen9nationaldex","rating":1069,"private":0,"password":""}