{"id":"gen9nationaldex-1995532883","p1":"SrPorquet","p2":"realpacers","format":"[Gen 9] National Dex","log":"|html|<div class=\"broadcast-blue\"><strong>[Gen 9] National Dex is currently suspecting Sneasler! For information on how to participate check out the <a href=\"https:\/\/www.smogon.com\/forums\/threads\/sv-national-dex-suspect-8-just-dance.3731534\/\">suspect thread<\/a>.<\/strong><\/div>\n|j|\u203dSrPorquet\n|j|\u2606realpacers\n|t:|1700580499\n|gametype|singles\n|player|p1|SrPorquet|falkner|1234\n|player|p2|realpacers|265|1289\n|teamsize|p1|6\n|teamsize|p2|6\n|gen|9\n|tier|[Gen 9] National Dex\n|rated|\n|rule|HP Percentage Mod: HP is shown in percentages\n|rule|Endless Battle Clause: Forcing endless battles is banned\n|rule|OHKO Clause: OHKO moves are banned\n|rule|Evasion Clause: Evasion abilities, items, and moves are banned\n|rule|Evasion Abilities Clause: Evasion abilities are banned\n|rule|Evasion Items Clause: Evasion items are banned\n|rule|Evasion Moves Clause: Evasion moves are banned\n|rule|Species Clause: Limit one of each Pok\u00e9mon\n|rule|Sleep Clause Mod: Limit one foe put to sleep\n|clearpoke\n|poke|p1|Pidgeot, M|\n|poke|p1|Magmortar, M|\n|poke|p1|Raichu, F|\n|poke|p1|Clefable, M|\n|poke|p1|Vileplume, M|\n|poke|p1|Politoed, M|\n|poke|p2|Pikachu, F|\n|poke|p2|Lycanroc-Dusk, M|\n|poke|p2|Greninja-*, M|\n|poke|p2|Dragonite, F|\n|poke|p2|Gliscor, M|\n|poke|p2|Charizard, F|\n|teampreview\n|inactive|Battle timer is ON: inactive players will automatically lose when time's up. (requested by realpacers)\n|\n|t:|1700580523\n|start\n|switch|p1a: Politoed|Politoed, M|100\/100\n|switch|p2a: Pikachu|Pikachu, F|100\/100\n|turn|1\n|\n|t:|1700580534\n|switch|p1a: Vileplume|Vileplume, M|100\/100\n|move|p2a: Pikachu|Fake Out|p1a: Vileplume\n|-damage|p1a: Vileplume|84\/100\n|\n|-heal|p1a: Vileplume|90\/100|[from] item: Leftovers\n|upkeep\n|turn|2\n|\n|t:|1700580560\n|switch|p2a: Charizard|Charizard, F|100\/100\n|move|p1a: Vileplume|Toxic|p2a: Charizard\n|-status|p2a: Charizard|tox\n|\n|-heal|p1a: Vileplume|96\/100|[from] item: Leftovers\n|-damage|p2a: Charizard|94\/100 tox|[from] psn\n|upkeep\n|turn|3\n|\n|t:|1700580568\n|switch|p1a: Magmortar|Magmortar, M|100\/100\n|move|p2a: Charizard|Dragon Dance|p2a: Charizard\n|-boost|p2a: Charizard|atk|1\n|-boost|p2a: Charizard|spe|1\n|\n|-damage|p2a: Charizard|82\/100 tox|[from] psn\n|upkeep\n|turn|4\n|\n|t:|1700580576\n|detailschange|p2a: Charizard|Charizard-Mega-X, F\n|-mega|p2a: Charizard|Charizard|Charizardite X\n|move|p2a: Charizard|Earthquake|p1a: Magmortar\n|-supereffective|p1a: Magmortar\n|-damage|p1a: Magmortar|0 fnt\n|faint|p1a: Magmortar\n|\n|-damage|p2a: Charizard|64\/100 tox|[from] psn\n|upkeep\n|\n|t:|1700580582\n|switch|p1a: Politoed|Politoed, M|100\/100\n|turn|5\n|\n|t:|1700580587\n|move|p2a: Charizard|Dragon Dance|p2a: Charizard\n|-boost|p2a: Charizard|atk|1\n|-boost|p2a: Charizard|spe|1\n|move|p1a: Politoed|Earth Power|p2a: Charizard\n|-supereffective|p2a: Charizard\n|-damage|p2a: Charizard|7\/100 tox\n|\n|-damage|p2a: Charizard|0 fnt|[from] psn\n|faint|p2a: Charizard\n|upkeep\n|\n|t:|1700580595\n|switch|p2a: Pikachu|Pikachu, F|100\/100\n|turn|6\n|\n|t:|1700580603\n|-terastallize|p1a: Politoed|Ground\n|move|p2a: Pikachu|Fake Out|p1a: Politoed\n|-damage|p1a: Politoed|84\/100\n|cant|p1a: Politoed|flinch\n|\n|-heal|p1a: Politoed|90\/100|[from] item: Leftovers\n|upkeep\n|turn|7\n|\n|t:|1700580611\n|switch|p2a: Gliscor|Gliscor, M|100\/100\n|move|p1a: Politoed|Ice Beam|p2a: Gliscor\n|-supereffective|p2a: Gliscor\n|-damage|p2a: Gliscor|2\/100\n|\n|-heal|p1a: Politoed|96\/100|[from] item: Leftovers\n|-status|p2a: Gliscor|tox|[from] item: Toxic Orb\n|upkeep\n|turn|8\n|\n|t:|1700580624\n|move|p2a: Gliscor|Toxic|p1a: Politoed\n|-status|p1a: Politoed|tox\n|move|p1a: Politoed|Surf|p2a: Gliscor\n|-supereffective|p2a: Gliscor\n|-damage|p2a: Gliscor|0 fnt\n|faint|p2a: Gliscor\n|\n|-heal|p1a: Politoed|100\/100 tox|[from] item: Leftovers\n|-damage|p1a: Politoed|94\/100 tox|[from] psn\n|upkeep\n|\n|t:|1700580634\n|switch|p2a: Greninja|Greninja, M|100\/100\n|turn|9\n|\n|t:|1700580638\n|-zpower|p2a: Greninja\n|move|p2a: Greninja|Hydro Vortex|p1a: Politoed|[zeffect]\n|-heal|p1a: Politoed|100\/100 tox|[from] ability: Water Absorb|[of] p2a: Greninja\n|move|p1a: Politoed|Earth Power|p2a: Greninja\n|-damage|p2a: Greninja|50\/100\n|\n|-damage|p1a: Politoed|88\/100 tox|[from] psn\n|upkeep\n|turn|10\n|\n|t:|1700580648\n|move|p2a: Greninja|Ice Beam|p1a: Politoed\n|-supereffective|p1a: Politoed\n|-damage|p1a: Politoed|36\/100 tox\n|move|p1a: Politoed|Ice Beam|p2a: Greninja\n|-resisted|p2a: Greninja\n|-damage|p2a: Greninja|31\/100\n|\n|-heal|p1a: Politoed|42\/100 tox|[from] item: Leftovers\n|-damage|p1a: Politoed|24\/100 tox|[from] psn\n|upkeep\n|turn|11\n|\n|t:|1700580657\n|move|p2a: Greninja|Ice Beam|p1a: Politoed\n|-supereffective|p1a: Politoed\n|-damage|p1a: Politoed|0 fnt\n|faint|p1a: Politoed\n|-ability|p2a: Greninja|Battle Bond|boost\n|-boost|p2a: Greninja|atk|1\n|-boost|p2a: Greninja|spa|1\n|-boost|p2a: Greninja|spe|1\n|-activate|p2a: Greninja|ability: Battle Bond\n|\n|upkeep\n|\n|t:|1700580660\n|switch|p1a: Raichu|Raichu, F|100\/100\n|turn|12\n|\n|t:|1700580670\n|move|p1a: Raichu|Extreme Speed|p2a: Greninja\n|-crit|p2a: Greninja\n|-damage|p2a: Greninja|0 fnt\n|faint|p2a: Greninja\n|-damage|p1a: Raichu|91\/100|[from] item: Life Orb\n|\n|upkeep\n|\n|t:|1700580676\n|switch|p2a: Pikachu|Pikachu, F|100\/100\n|turn|13\n|\n|t:|1700580680\n|move|p2a: Pikachu|Fake Out|p1a: Raichu\n|-damage|p1a: Raichu|60\/100\n|cant|p1a: Raichu|flinch\n|\n|upkeep\n|turn|14\n|\n|t:|1700580687\n|switch|p2a: Lycanroc|Lycanroc-Dusk, M|100\/100\n|move|p1a: Raichu|Play Rough|p2a: Lycanroc\n|-damage|p2a: Lycanroc|51\/100\n|-damage|p1a: Raichu|50\/100|[from] item: Life Orb\n|\n|upkeep\n|turn|15\n|\n|t:|1700580696\n|move|p1a: Raichu|Volt Tackle|p2a: Lycanroc\n|-damage|p2a: Lycanroc|0 fnt\n|faint|p2a: Lycanroc\n|-damage|p1a: Raichu|32\/100|[from] Recoil\n|-damage|p1a: Raichu|22\/100|[from] item: Life Orb\n|\n|upkeep\n|\n|t:|1700580704\n|switch|p2a: Pikachu|Pikachu, F|100\/100\n|turn|16\n|\n|t:|1700580708\n|switch|p1a: Vileplume|Vileplume, M|96\/100\n|move|p2a: Pikachu|Fake Out|p1a: Vileplume\n|-crit|p1a: Vileplume\n|-damage|p1a: Vileplume|72\/100\n|\n|-heal|p1a: Vileplume|79\/100|[from] item: Leftovers\n|upkeep\n|turn|17\n|\n|t:|1700580717\n|move|p2a: Pikachu|Extreme Speed|p1a: Vileplume\n|-damage|p1a: Vileplume|44\/100\n|-status|p2a: Pikachu|slp|[from] ability: Effect Spore|[of] p1a: Vileplume\n|move|p1a: Vileplume|Toxic||[still]\n|-fail|p1a: Vileplume\n|\n|-heal|p1a: Vileplume|50\/100|[from] item: Leftovers\n|upkeep\n|turn|18\n|\n|t:|1700580725\n|cant|p2a: Pikachu|slp\n|move|p1a: Vileplume|Strength Sap|p2a: Pikachu\n|-unboost|p2a: Pikachu|atk|1\n|-heal|p1a: Vileplume|100\/100\n|\n|upkeep\n|turn|19\n|\n|t:|1700580731\n|cant|p2a: Pikachu|slp\n|move|p1a: Vileplume|Sludge Bomb|p2a: Pikachu\n|-damage|p2a: Pikachu|0 fnt\n|faint|p2a: Pikachu\n|\n|upkeep\n|\n|t:|1700580736\n|switch|p2a: Dragonite|Dragonite, F|100\/100\n|turn|20\n|\n|t:|1700580743\n|move|p2a: Dragonite|Dragon Dance|p2a: Dragonite\n|-boost|p2a: Dragonite|atk|1\n|-boost|p2a: Dragonite|spe|1\n|move|p1a: Vileplume|Toxic|p2a: Dragonite\n|-status|p2a: Dragonite|tox\n|\n|-damage|p2a: Dragonite|94\/100 tox|[from] psn\n|upkeep\n|turn|21\n|\n|t:|1700580751\n|move|p2a: Dragonite|Dragon Dance|p2a: Dragonite\n|-boost|p2a: Dragonite|atk|1\n|-boost|p2a: Dragonite|spe|1\n|move|p1a: Vileplume|Strength Sap|p2a: Dragonite\n|-unboost|p2a: Dragonite|atk|1\n|\n|-damage|p2a: Dragonite|82\/100 tox|[from] psn\n|upkeep\n|turn|22\n|\n|t:|1700580759\n|move|p2a: Dragonite|Extreme Speed|p1a: Vileplume\n|-damage|p1a: Vileplume|55\/100\n|move|p1a: Vileplume|Strength Sap|p2a: Dragonite\n|-unboost|p2a: Dragonite|atk|1\n|-heal|p1a: Vileplume|100\/100\n|\n|-damage|p2a: Dragonite|63\/100 tox|[from] psn\n|upkeep\n|turn|23\n|-message|realpacers forfeited.\n|\n|win|SrPorquet\n|raw|SrPorquet's rating: 1234 &rarr; <strong>1263<\/strong><br \/>(+29 for winning)\n|raw|realpacers's rating: 1289 &rarr; <strong>1260<\/strong><br \/>(-29 for losing)\n|l|\u2606realpacers\n","uploadtime":1700580775,"views":1,"p1id":"srporquet","p2id":"realpacers","formatid":"gen9nationaldex","rating":1260,"private":0,"password":""}