{"id":"gen9nationaldex-1993979786","p1":"FailingFiat","p2":"bzjnb2333","format":"[Gen 9] National Dex","log":"|j|\u2606FailingFiat\n|j|\u2606bzjnb2333\n|t:|1700387271\n|gametype|singles\n|player|p1|FailingFiat|hiker-gen1|1096\n|player|p2|bzjnb2333|red|1000\n|teamsize|p1|6\n|teamsize|p2|6\n|gen|9\n|tier|[Gen 9] National Dex\n|rated|\n|rule|HP Percentage Mod: HP is shown in percentages\n|rule|Endless Battle Clause: Forcing endless battles is banned\n|rule|OHKO Clause: OHKO moves are banned\n|rule|Evasion Clause: Evasion abilities, items, and moves are banned\n|rule|Evasion Abilities Clause: Evasion abilities are banned\n|rule|Evasion Items Clause: Evasion items are banned\n|rule|Evasion Moves Clause: Evasion moves are banned\n|rule|Species Clause: Limit one of each Pok\u00e9mon\n|rule|Sleep Clause Mod: Limit one foe put to sleep\n|clearpoke\n|poke|p1|Ninetales-Alola, M|\n|poke|p1|Beartic, F|\n|poke|p1|Crawdaunt, F|\n|poke|p1|Arctozolt|\n|poke|p1|Charizard, F|\n|poke|p1|Cetitan, F|\n|poke|p2|Lopunny, F|\n|poke|p2|Landorus-Therian, M|\n|poke|p2|Dondozo, F|\n|poke|p2|Moltres|\n|poke|p2|Hydreigon, F|\n|poke|p2|Sneasler, F|\n|teampreview\n|inactive|Battle timer is ON: inactive players will automatically lose when time's up. (requested by bzjnb2333)\n|\n|t:|1700387292\n|start\n|switch|p1a: Ninetales|Ninetales-Alola, M|100\/100\n|switch|p2a: Lopunny|Lopunny, F|100\/100\n|-weather|Snow|[from] ability: Snow Warning|[of] p1a: Ninetales\n|turn|1\n|\n|t:|1700387298\n|detailschange|p2a: Lopunny|Lopunny-Mega, F\n|-mega|p2a: Lopunny|Lopunny|Lopunnite\n|move|p2a: Lopunny|Fake Out|p1a: Ninetales\n|-damage|p1a: Ninetales|78\/100\n|-enditem|p1a: Ninetales|Eject Button\n|\n|t:|1700387303\n|switch|p1a: Beartic|Beartic, F|100\/100\n|\n|-weather|Snow|[upkeep]\n|upkeep\n|turn|2\n|\n|t:|1700387314\n|-terastallize|p1a: Beartic|Ice\n|move|p2a: Lopunny|U-turn|p1a: Beartic\n|-damage|p1a: Beartic|80\/100\n|inactive|bzjnb2333 has 120 seconds left.\n|\n|t:|1700387341\n|switch|p2a: Landorus|Landorus-Therian, M|100\/100|[from] U-turn\n|-ability|p2a: Landorus|Intimidate|boost\n|-unboost|p1a: Beartic|atk|1\n|move|p1a: Beartic|Icicle Crash|p2a: Landorus\n|-supereffective|p2a: Landorus\n|-damage|p2a: Landorus|0 fnt\n|faint|p2a: Landorus\n|\n|-weather|Snow|[upkeep]\n|upkeep\n|inactive|bzjnb2333 has 120 seconds left.\n|\n|t:|1700387349\n|switch|p2a: Lopunny|Lopunny-Mega, F|100\/100\n|turn|3\n|\n|t:|1700387351\n|move|p2a: Lopunny|Fake Out|p1a: Beartic\n|-damage|p1a: Beartic|61\/100\n|cant|p1a: Beartic|flinch\n|\n|-weather|Snow|[upkeep]\n|upkeep\n|turn|4\n|\n|t:|1700387356\n|move|p2a: Lopunny|Close Combat|p1a: Beartic\n|-supereffective|p1a: Beartic\n|-damage|p1a: Beartic|0 fnt\n|-unboost|p2a: Lopunny|def|1\n|-unboost|p2a: Lopunny|spd|1\n|faint|p1a: Beartic\n|\n|-weather|Snow|[upkeep]\n|upkeep\n|\n|t:|1700387378\n|switch|p1a: Charizard|Charizard, F|100\/100\n|turn|5\n|\n|t:|1700387389\n|move|p2a: Lopunny|U-turn|p1a: Charizard\n|-resisted|p1a: Charizard\n|-damage|p1a: Charizard|91\/100\n|\n|t:|1700387392\n|switch|p2a: Hydreigon|Hydreigon, F|100\/100|[from] U-turn\n|move|p1a: Charizard|Swords Dance|p1a: Charizard\n|-boost|p1a: Charizard|atk|2\n|\n|-weather|none\n|upkeep\n|turn|6\n|\n|t:|1700387404\n|move|p2a: Hydreigon|Nasty Plot|p2a: Hydreigon\n|-boost|p2a: Hydreigon|spa|2\n|move|p1a: Charizard|Dragon Dance|p1a: Charizard\n|-boost|p1a: Charizard|atk|1\n|-boost|p1a: Charizard|spe|1\n|\n|upkeep\n|turn|7\n|\n|t:|1700387414\n|detailschange|p1a: Charizard|Charizard-Mega-X, F\n|-mega|p1a: Charizard|Charizard|Charizardite X\n|move|p1a: Charizard|Blaze Kick|p2a: Hydreigon\n|-resisted|p2a: Hydreigon\n|-damage|p2a: Hydreigon|34\/100\n|move|p2a: Hydreigon|Dark Pulse|p1a: Charizard\n|-damage|p1a: Charizard|15\/100\n|\n|upkeep\n|turn|8\n|\n|t:|1700387427\n|switch|p2a: Dondozo|Dondozo, F|100\/100\n|move|p1a: Charizard|Blaze Kick|p2a: Dondozo\n|-resisted|p2a: Dondozo\n|-crit|p2a: Dondozo\n|-damage|p2a: Dondozo|49\/100\n|\n|upkeep\n|turn|9\n|\n|t:|1700387435\n|switch|p2a: Hydreigon|Hydreigon, F|34\/100\n|move|p1a: Charizard|Earthquake|p2a: Hydreigon\n|-immune|p2a: Hydreigon|[from] ability: Levitate\n|\n|upkeep\n|turn|10\n|\n|t:|1700387441\n|move|p1a: Charizard|Blaze Kick|p2a: Hydreigon\n|-resisted|p2a: Hydreigon\n|-damage|p2a: Hydreigon|0 fnt\n|faint|p2a: Hydreigon\n|\n|upkeep\n|\n|t:|1700387445\n|switch|p2a: Lopunny|Lopunny-Mega, F|100\/100\n|turn|11\n|\n|t:|1700387447\n|move|p2a: Lopunny|Fake Out|p1a: Charizard\n|-damage|p1a: Charizard|0 fnt\n|faint|p1a: Charizard\n|\n|upkeep\n|\n|t:|1700387449\n|switch|p1a: Ninetales|Ninetales-Alola, M|78\/100\n|-weather|Snow|[from] ability: Snow Warning|[of] p1a: Ninetales\n|turn|12\n|\n|t:|1700387454\n|move|p2a: Lopunny|Close Combat|p1a: Ninetales\n|-damage|p1a: Ninetales|15\/100\n|-unboost|p2a: Lopunny|def|1\n|-unboost|p2a: Lopunny|spd|1\n|move|p1a: Ninetales|Aurora Veil|p1a: Ninetales\n|-sidestart|p1: FailingFiat|move: Aurora Veil\n|\n|-weather|Snow|[upkeep]\n|upkeep\n|turn|13\n|\n|t:|1700387463\n|move|p2a: Lopunny|Return|p1a: Ninetales\n|-damage|p1a: Ninetales|0 fnt\n|faint|p1a: Ninetales\n|\n|-weather|Snow|[upkeep]\n|upkeep\n|\n|t:|1700387468\n|switch|p1a: Cetitan|Cetitan, F|100\/100\n|turn|14\n|\n|t:|1700387474\n|move|p1a: Cetitan|Belly Drum|p1a: Cetitan\n|-damage|p1a: Cetitan|51\/100\n|-setboost|p1a: Cetitan|atk|6|[from] move: Belly Drum\n|move|p2a: Lopunny|U-turn|p1a: Cetitan\n|-damage|p1a: Cetitan|42\/100\n|\n|t:|1700387480\n|switch|p2a: Moltres|Moltres|100\/100|[from] U-turn\n|\n|-weather|Snow|[upkeep]\n|upkeep\n|turn|15\n|\n|t:|1700387485\n|move|p1a: Cetitan|Icicle Spear|p2a: Moltres\n|-crit|p2a: Moltres\n|-damage|p2a: Moltres|51\/100\n|-damage|p2a: Moltres|15\/100\n|-damage|p2a: Moltres|0 fnt\n|faint|p2a: Moltres\n|-hitcount|p2: Moltres|3\n|\n|-weather|Snow|[upkeep]\n|upkeep\n|\n|t:|1700387487\n|switch|p2a: Sneasler|Sneasler, F|100\/100\n|turn|16\n|\n|t:|1700387496\n|move|p2a: Sneasler|Fake Out|p1a: Cetitan\n|-damage|p1a: Cetitan|37\/100\n|cant|p1a: Cetitan|flinch\n|\n|-weather|none\n|-sideend|p1: FailingFiat|move: Aurora Veil\n|upkeep\n|turn|17\n|\n|t:|1700387503\n|move|p1a: Cetitan|Ice Shard|p2a: Sneasler\n|-damage|p2a: Sneasler|0 fnt\n|faint|p2a: Sneasler\n|\n|upkeep\n|\n|t:|1700387506\n|switch|p2a: Lopunny|Lopunny-Mega, F|100\/100\n|turn|18\n|\n|t:|1700387510\n|move|p2a: Lopunny|Fake Out|p1a: Cetitan\n|-damage|p1a: Cetitan|16\/100\n|cant|p1a: Cetitan|flinch\n|\n|upkeep\n|turn|19\n|\n|t:|1700387513\n|switch|p2a: Dondozo|Dondozo, F|49\/100\n|move|p1a: Cetitan|Ice Shard|p2a: Dondozo\n|-resisted|p2a: Dondozo\n|-damage|p2a: Dondozo|31\/100\n|\n|upkeep\n|turn|20\n|\n|t:|1700387521\n|move|p1a: Cetitan|Icicle Spear|p2a: Dondozo\n|-resisted|p2a: Dondozo\n|-damage|p2a: Dondozo|19\/100\n|-resisted|p2a: Dondozo\n|-damage|p2a: Dondozo|7\/100\n|-resisted|p2a: Dondozo\n|-damage|p2a: Dondozo|0 fnt\n|faint|p2a: Dondozo\n|-hitcount|p2: Dondozo|3\n|\n|upkeep\n|\n|t:|1700387524\n|switch|p2a: Lopunny|Lopunny-Mega, F|100\/100\n|turn|21\n|\n|t:|1700387530\n|move|p2a: Lopunny|Fake Out|p1a: Cetitan\n|-damage|p1a: Cetitan|0 fnt\n|faint|p1a: Cetitan\n|\n|upkeep\n|\n|t:|1700387536\n|switch|p1a: Crawdaunt|Crawdaunt, F|100\/100\n|turn|22\n|\n|t:|1700387544\n|move|p2a: Lopunny|Close Combat|p1a: Crawdaunt\n|-supereffective|p1a: Crawdaunt\n|-damage|p1a: Crawdaunt|0 fnt\n|-unboost|p2a: Lopunny|def|1\n|-unboost|p2a: Lopunny|spd|1\n|faint|p1a: Crawdaunt\n|\n|upkeep\n|\n|t:|1700387545\n|switch|p1a: Arctozolt|Arctozolt|100\/100\n|turn|23\n|\n|t:|1700387549\n|move|p2a: Lopunny|Close Combat|p1a: Arctozolt\n|-supereffective|p1a: Arctozolt\n|-damage|p1a: Arctozolt|0 fnt\n|-unboost|p2a: Lopunny|def|1\n|-unboost|p2a: Lopunny|spd|1\n|faint|p1a: Arctozolt\n|\n|win|bzjnb2333\n|raw|FailingFiat's rating: 1096 &rarr; <strong>1065<\/strong><br \/>(-31 for losing)\n|raw|bzjnb2333's rating: 1000 &rarr; <strong>1051<\/strong><br \/>(+51 for winning)\n","uploadtime":1700387554,"views":6,"p1id":"failingfiat","p2id":"bzjnb2333","formatid":"gen9nationaldex","rating":1051,"private":0,"password":""}