{"id":"gen9nationaldex-1996022261","p1":"masterROSE","p2":"GAGA233","format":"[Gen 9] National Dex","log":"|html|<div class=\"broadcast-blue\"><strong>[Gen 9] National Dex is currently suspecting Sneasler! For information on how to participate check out the <a href=\"https:\/\/www.smogon.com\/forums\/threads\/sv-national-dex-suspect-8-just-dance.3731534\/\">suspect thread<\/a>.<\/strong><\/div>\n|j|\u2606masterROSE\n|j|\u2606GAGA233\n|t:|1700630742\n|gametype|singles\n|player|p1|masterROSE|wally|1607\n|player|p2|GAGA233|1|1692\n|teamsize|p1|6\n|teamsize|p2|6\n|gen|9\n|tier|[Gen 9] National Dex\n|rated|\n|rule|HP Percentage Mod: HP is shown in percentages\n|rule|Endless Battle Clause: Forcing endless battles is banned\n|rule|OHKO Clause: OHKO moves are banned\n|rule|Evasion Clause: Evasion abilities, items, and moves are banned\n|rule|Evasion Abilities Clause: Evasion abilities are banned\n|rule|Evasion Items Clause: Evasion items are banned\n|rule|Evasion Moves Clause: Evasion moves are banned\n|rule|Species Clause: Limit one of each Pok\u00e9mon\n|rule|Sleep Clause Mod: Limit one foe put to sleep\n|clearpoke\n|poke|p1|Gallade, M|\n|poke|p1|Ting-Lu|\n|poke|p1|Thundurus-Therian, M|\n|poke|p1|Rillaboom, F|\n|poke|p1|Zamazenta-*|\n|poke|p1|Aegislash, M|\n|poke|p2|Rabsca, F|\n|poke|p2|Hatterene, F|\n|poke|p2|Banette, M|\n|poke|p2|Cresselia, F|\n|poke|p2|Marowak-Alola, M|\n|poke|p2|Golem-Alola, M|\n|teampreview\n|inactive|Battle timer is ON: inactive players will automatically lose when time's up. (requested by masterROSE)\n|inactive|masterROSE has 120 seconds left.\n|\n|t:|1700630794\n|start\n|switch|p1a: \u6700\u5f3a\u7684\u827e\u8def\u96f7\u6735|Gallade, M, shiny|100\/100\n|switch|p2a: Cresselia|Cresselia, F|100\/100\n|turn|1\n|inactive|GAGA233 has 120 seconds left.\n|inactive|GAGA233 has 90 seconds left.\n|\n|t:|1700630862\n|detailschange|p1a: \u6700\u5f3a\u7684\u827e\u8def\u96f7\u6735|Gallade-Mega, M, shiny\n|-mega|p1a: \u6700\u5f3a\u7684\u827e\u8def\u96f7\u6735|Gallade|Galladite\n|move|p1a: \u6700\u5f3a\u7684\u827e\u8def\u96f7\u6735|Substitute|p1a: \u6700\u5f3a\u7684\u827e\u8def\u96f7\u6735\n|-start|p1a: \u6700\u5f3a\u7684\u827e\u8def\u96f7\u6735|Substitute\n|-damage|p1a: \u6700\u5f3a\u7684\u827e\u8def\u96f7\u6735|76\/100\n|move|p2a: Cresselia|Trick Room|p2a: Cresselia\n|-fieldstart|move: Trick Room|[of] p2a: Cresselia\n|\n|upkeep\n|turn|2\n|inactive|GAGA233 has 90 seconds left.\n|\n|t:|1700630873\n|switch|p2a: Banette|Banette, M|100\/100\n|move|p1a: \u6700\u5f3a\u7684\u827e\u8def\u96f7\u6735|Triple Axel|p2a: Banette\n|-damage|p2a: Banette|88\/100\n|-damage|p2a: Banette|64\/100\n|-damage|p2a: Banette|30\/100\n|-hitcount|p2a: Banette|3\n|\n|upkeep\n|turn|3\n|inactive|GAGA233 has 90 seconds left.\n|\n|t:|1700630881\n|detailschange|p2a: Banette|Banette-Mega, M\n|-mega|p2a: Banette|Banette|Banettite\n|move|p2a: Banette|Destiny Bond|p2a: Banette\n|-singlemove|p2a: Banette|Destiny Bond\n|move|p1a: \u6700\u5f3a\u7684\u827e\u8def\u96f7\u6735|Triple Axel|p2a: Banette\n|-damage|p2a: Banette|19\/100\n|-damage|p2a: Banette|0 fnt\n|faint|p2a: Banette\n|-activate|p2a: Banette|move: Destiny Bond\n|faint|p1a: \u6700\u5f3a\u7684\u827e\u8def\u96f7\u6735\n|-hitcount|p2: Banette|2\n|\n|upkeep\n|\n|t:|1700630893\n|switch|p2a: Marowak|Marowak-Alola, M|100\/100\n|switch|p1a: Aegislash|Aegislash, M|100\/100\n|turn|4\n|\n|t:|1700630909\n|-terastallize|p1a: Aegislash|Water\n|move|p2a: Marowak|Swords Dance|p2a: Marowak\n|-boost|p2a: Marowak|atk|2\n|-formechange|p1a: Aegislash|Aegislash-Blade||[from] ability: Stance Change\n|move|p1a: Aegislash|Pursuit|p2a: Marowak\n|-supereffective|p2a: Marowak\n|-damage|p2a: Marowak|71\/100\n|\n|upkeep\n|turn|5\n|\n|t:|1700630924\n|-formechange|p1a: Aegislash|Aegislash||[from] ability: Stance Change\n|move|p1a: Aegislash|King's Shield|p1a: Aegislash\n|-singleturn|p1a: Aegislash|Protect\n|move|p2a: Marowak|Poltergeist|p1a: Aegislash\n|-activate|p1a: Aegislash|move: Protect\n|\n|-fieldend|move: Trick Room\n|upkeep\n|turn|6\n|\n|t:|1700630944\n|move|p1a: Aegislash|Toxic|p2a: Marowak\n|-status|p2a: Marowak|tox\n|move|p2a: Marowak|Poltergeist|p1a: Aegislash\n|-activate|p1a: Aegislash|move: Poltergeist|Leftovers\n|-damage|p1a: Aegislash|0 fnt\n|faint|p1a: Aegislash\n|\n|-damage|p2a: Marowak|65\/100 tox|[from] psn\n|upkeep\n|inactive|masterROSE has 120 seconds left.\n|\n|t:|1700630972\n|switch|p1a: Ting-Lu|Ting-Lu|100\/100\n|-ability|p1a: Ting-Lu|Vessel of Ruin\n|turn|7\n|\n|t:|1700630981\n|move|p1a: Ting-Lu|Heavy Slam|p2a: Marowak\n|-resisted|p2a: Marowak\n|-damage|p2a: Marowak|46\/100 tox\n|move|p2a: Marowak|Flare Blitz|p1a: Ting-Lu\n|-damage|p1a: Ting-Lu|1\/100\n|\n|-heal|p1a: Ting-Lu|7\/100|[from] item: Leftovers\n|-damage|p2a: Marowak|34\/100 tox|[from] psn\n|upkeep\n|turn|8\n|\n|t:|1700630992\n|switch|p2a: Hatterene|Hatterene, F|100\/100\n|move|p1a: Ting-Lu|Earthquake|p2a: Hatterene\n|-damage|p2a: Hatterene|49\/100\n|\n|-heal|p1a: Ting-Lu|14\/100|[from] item: Leftovers\n|upkeep\n|turn|9\n|j| KoKoual\n|\n|t:|1700631005\n|switch|p2a: Cresselia|Cresselia, F|100\/100\n|move|p1a: Ting-Lu|Heavy Slam|p2a: Cresselia\n|-damage|p2a: Cresselia|83\/100\n|\n|-heal|p1a: Ting-Lu|20\/100|[from] item: Leftovers\n|upkeep\n|turn|10\n|\n|t:|1700631017\n|move|p1a: Ting-Lu|Stealth Rock|p2a: Cresselia\n|-sidestart|p2: GAGA233|move: Stealth Rock\n|move|p2a: Cresselia|Trick Room|p2a: Cresselia\n|-fieldstart|move: Trick Room|[of] p2a: Cresselia\n|\n|-heal|p1a: Ting-Lu|26\/100|[from] item: Leftovers\n|upkeep\n|turn|11\n|\n|t:|1700631029\n|move|p1a: Ting-Lu|Heavy Slam|p2a: Cresselia\n|-damage|p2a: Cresselia|63\/100\n|move|p2a: Cresselia|Lunar Dance|p2a: Cresselia\n|faint|p2a: Cresselia\n|\n|-heal|p1a: Ting-Lu|32\/100|[from] item: Leftovers\n|upkeep\n|\n|t:|1700631035\n|switch|p2a: Marowak|Marowak-Alola, M|34\/100 tox\n|-heal|p2a: Marowak|100\/100|[from] move: Lunar Dance\n|-damage|p2a: Marowak|75\/100|[from] Stealth Rock\n|turn|12\n|\n|t:|1700631042\n|move|p2a: Marowak|Flare Blitz|p1a: Ting-Lu\n|-damage|p1a: Ting-Lu|0 fnt\n|faint|p1a: Ting-Lu\n|\n|upkeep\n|inactive|masterROSE has 120 seconds left.\n|\n|t:|1700631062\n|switch|p1a: Thundurus|Thundurus-Therian, M|100\/100\n|turn|13\n|-message|masterROSE forfeited.\n|\n|win|GAGA233\n|raw|masterROSE's rating: 1607 &rarr; <strong>1592<\/strong><br \/>(-15 for losing)\n|raw|GAGA233's rating: 1692 &rarr; <strong>1707<\/strong><br \/>(+15 for winning)\n|l|\u2606masterROSE\n|l| KoKoual\n","uploadtime":1700631099,"views":9,"p1id":"masterrose","p2id":"gaga233","formatid":"gen9nationaldex","rating":1592,"private":0,"password":""}