{"id":"gen9nationaldex-1994478492","p1":"hedfhikkm","p2":"addosd","format":"[Gen 9] National Dex","log":"|j|\u2606hedfhikkm\n|j|\u2606addosd\n|t:|1700448606\n|gametype|singles\n|player|p1|hedfhikkm|266|1073\n|player|p2|addosd|2|1126\n|teamsize|p1|6\n|teamsize|p2|6\n|gen|9\n|tier|[Gen 9] National Dex\n|rated|\n|rule|HP Percentage Mod: HP is shown in percentages\n|rule|Endless Battle Clause: Forcing endless battles is banned\n|rule|OHKO Clause: OHKO moves are banned\n|rule|Evasion Clause: Evasion abilities, items, and moves are banned\n|rule|Evasion Abilities Clause: Evasion abilities are banned\n|rule|Evasion Items Clause: Evasion items are banned\n|rule|Evasion Moves Clause: Evasion moves are banned\n|rule|Species Clause: Limit one of each Pok\u00e9mon\n|rule|Sleep Clause Mod: Limit one foe put to sleep\n|clearpoke\n|poke|p1|Muk-Alola, M|\n|poke|p1|Alomomola, M|\n|poke|p1|Garchomp, F|\n|poke|p1|Gliscor, F|\n|poke|p1|Great Tusk|\n|poke|p1|Corviknight, M|\n|poke|p2|Tyranitar, M|\n|poke|p2|Barbaracle, F|\n|poke|p2|Mantine, F|\n|poke|p2|Zapdos|\n|poke|p2|Blacephalon|\n|poke|p2|Ferrothorn, F|\n|teampreview\n|inactive|Battle timer is ON: inactive players will automatically lose when time's up. (requested by addosd)\n|\n|t:|1700448618\n|start\n|switch|p1a: Gliscor|Gliscor, F|100\/100\n|switch|p2a: Tyranitar|Tyranitar, M|100\/100\n|-weather|Sandstorm|[from] ability: Sand Stream|[of] p2a: Tyranitar\n|turn|1\n|\n|t:|1700448621\n|detailschange|p2a: Tyranitar|Tyranitar-Mega, M\n|-mega|p2a: Tyranitar|Tyranitar|Tyranitarite\n|move|p1a: Gliscor|Toxic|p2a: Tyranitar\n|-status|p2a: Tyranitar|tox\n|move|p2a: Tyranitar|Ice Punch|p1a: Gliscor\n|-supereffective|p1a: Gliscor\n|-damage|p1a: Gliscor|8\/100\n|\n|-weather|Sandstorm|[upkeep]\n|-damage|p2a: Tyranitar|94\/100 tox|[from] psn\n|-status|p1a: Gliscor|tox|[from] item: Toxic Orb\n|upkeep\n|turn|2\n|\n|t:|1700448632\n|move|p1a: Gliscor|Roost|p1a: Gliscor\n|-heal|p1a: Gliscor|58\/100 tox\n|-singleturn|p1a: Gliscor|move: Roost\n|move|p2a: Tyranitar|Crunch|p1a: Gliscor\n|-damage|p1a: Gliscor|15\/100 tox\n|\n|-weather|Sandstorm|[upkeep]\n|-heal|p1a: Gliscor|27\/100 tox|[from] ability: Poison Heal\n|-damage|p2a: Tyranitar|82\/100 tox|[from] psn\n|upkeep\n|turn|3\n|\n|t:|1700448643\n|move|p1a: Gliscor|Roost|p1a: Gliscor\n|-heal|p1a: Gliscor|77\/100 tox\n|-singleturn|p1a: Gliscor|move: Roost\n|move|p2a: Tyranitar|Ice Punch|p1a: Gliscor\n|-supereffective|p1a: Gliscor\n|-damage|p1a: Gliscor|27\/100 tox\n|\n|-weather|Sandstorm|[upkeep]\n|-heal|p1a: Gliscor|39\/100 tox|[from] ability: Poison Heal\n|-damage|p2a: Tyranitar|64\/100 tox|[from] psn\n|upkeep\n|turn|4\n|\n|t:|1700448653\n|switch|p2a: Ferrothorn|Ferrothorn, F|100\/100\n|move|p1a: Gliscor|Roost|p1a: Gliscor\n|-heal|p1a: Gliscor|89\/100 tox\n|-singleturn|p1a: Gliscor|move: Roost\n|\n|-weather|Sandstorm|[upkeep]\n|-heal|p1a: Gliscor|100\/100 tox|[from] ability: Poison Heal\n|upkeep\n|turn|5\n|\n|t:|1700448664\n|move|p1a: Gliscor|Spikes|p2a: Ferrothorn\n|-sidestart|p2: addosd|Spikes\n|move|p2a: Ferrothorn|Gyro Ball|p1a: Gliscor\n|-damage|p1a: Gliscor|59\/100 tox\n|\n|-weather|none\n|-heal|p1a: Gliscor|71\/100 tox|[from] ability: Poison Heal\n|upkeep\n|turn|6\n|\n|t:|1700448673\n|switch|p2a: Blacephalon|Blacephalon|100\/100\n|-damage|p2a: Blacephalon|88\/100|[from] Spikes\n|move|p1a: Gliscor|Spikes|p2a: Blacephalon\n|-sidestart|p2: addosd|Spikes\n|\n|-heal|p1a: Gliscor|84\/100 tox|[from] ability: Poison Heal\n|upkeep\n|turn|7\n|\n|t:|1700448682\n|switch|p1a: Muk|Muk-Alola, M|100\/100\n|move|p2a: Blacephalon|Mind Blown|p1a: Muk\n|-damage|p1a: Muk|32\/100\n|-damage|p2a: Blacephalon|38\/100|[from] mindblown\n|\n|upkeep\n|turn|8\n|\n|t:|1700448688\n|-activate|p2a: Blacephalon|move: Pursuit\n|move|p1a: Muk|Pursuit|p2a: Blacephalon|[from]Pursuit\n|-supereffective|p2a: Blacephalon\n|-damage|p2a: Blacephalon|0 fnt\n|faint|p2a: Blacephalon\n|-hint|A Pokemon can't switch between when it runs out of HP and when it faints\n|\n|upkeep\n|\n|t:|1700448691\n|switch|p2a: Zapdos|Zapdos|100\/100\n|turn|9\n|\n|t:|1700448696\n|move|p2a: Zapdos|Defog|p1a: Muk\n|-unboost|p1a: Muk|evasion|1\n|-sideend|p2: addosd|Spikes|[from] move: Defog|[of] p2a: Zapdos\n|move|p1a: Muk|Knock Off|p2a: Zapdos\n|-damage|p2a: Zapdos|66\/100\n|-status|p1a: Muk|par|[from] ability: Static|[of] p2a: Zapdos\n|-enditem|p2a: Zapdos|Heavy-Duty Boots|[from] move: Knock Off|[of] p1a: Muk\n|\n|upkeep\n|turn|10\n|\n|t:|1700448705\n|move|p2a: Zapdos|Roost|p2a: Zapdos\n|-heal|p2a: Zapdos|100\/100\n|-singleturn|p2a: Zapdos|move: Roost\n|cant|p1a: Muk|par\n|\n|upkeep\n|turn|11\n|\n|t:|1700448711\n|move|p2a: Zapdos|Hurricane|p1a: Muk\n|-damage|p1a: Muk|8\/100 par\n|move|p1a: Muk|Poison Jab|p2a: Zapdos\n|-damage|p2a: Zapdos|74\/100\n|-status|p2a: Zapdos|psn\n|\n|-damage|p2a: Zapdos|62\/100 psn|[from] psn\n|upkeep\n|turn|12\n|\n|t:|1700448719\n|move|p2a: Zapdos|Hurricane|p1a: Muk\n|-damage|p1a: Muk|0 fnt\n|faint|p1a: Muk\n|\n|-damage|p2a: Zapdos|49\/100 psn|[from] psn\n|upkeep\n|\n|t:|1700448725\n|switch|p1a: Garchomp|Garchomp, F|100\/100\n|turn|13\n|\n|t:|1700448735\n|move|p1a: Garchomp|Stealth Rock|p2a: Zapdos\n|-sidestart|p2: addosd|move: Stealth Rock\n|move|p2a: Zapdos|Roost|p2a: Zapdos\n|-heal|p2a: Zapdos|99\/100 psn\n|-singleturn|p2a: Zapdos|move: Roost\n|\n|-damage|p2a: Zapdos|87\/100 psn|[from] psn\n|upkeep\n|turn|14\n|\n|t:|1700448740\n|switch|p2a: Ferrothorn|Ferrothorn, F|100\/100\n|-damage|p2a: Ferrothorn|94\/100|[from] Stealth Rock\n|-zpower|p1a: Garchomp\n|move|p1a: Garchomp|Devastating Drake|p2a: Ferrothorn|[zeffect]\n|-resisted|p2a: Ferrothorn\n|-damage|p2a: Ferrothorn|64\/100\n|\n|-heal|p2a: Ferrothorn|70\/100|[from] item: Leftovers\n|upkeep\n|turn|15\n|\n|t:|1700448748\n|move|p1a: Garchomp|Swords Dance|p1a: Garchomp\n|-boost|p1a: Garchomp|atk|2\n|move|p2a: Ferrothorn|Leech Seed|p1a: Garchomp\n|-start|p1a: Garchomp|move: Leech Seed\n|\n|-heal|p2a: Ferrothorn|77\/100|[from] item: Leftovers\n|-damage|p1a: Garchomp|88\/100|[from] Leech Seed|[of] p2a: Ferrothorn\n|-heal|p2a: Ferrothorn|89\/100|[silent]\n|upkeep\n|turn|16\n|\n|t:|1700448755\n|move|p2a: Ferrothorn|Protect|p2a: Ferrothorn\n|-singleturn|p2a: Ferrothorn|Protect\n|move|p1a: Garchomp|Earthquake|p2a: Ferrothorn\n|-activate|p2a: Ferrothorn|move: Protect\n|\n|-heal|p2a: Ferrothorn|95\/100|[from] item: Leftovers\n|-damage|p1a: Garchomp|76\/100|[from] Leech Seed|[of] p2a: Ferrothorn\n|-heal|p2a: Ferrothorn|100\/100|[silent]\n|upkeep\n|turn|17\n|\n|t:|1700448763\n|move|p1a: Garchomp|Outrage|p2a: Ferrothorn\n|-resisted|p2a: Ferrothorn\n|-damage|p2a: Ferrothorn|60\/100\n|-damage|p1a: Garchomp|64\/100|[from] ability: Iron Barbs|[of] p2a: Ferrothorn\n|move|p2a: Ferrothorn|Gyro Ball|p1a: Garchomp\n|-damage|p1a: Garchomp|14\/100\n|-damage|p2a: Ferrothorn|47\/100|[from] ability: Rough Skin|[of] p1a: Garchomp\n|\n|-heal|p2a: Ferrothorn|54\/100|[from] item: Leftovers\n|-damage|p1a: Garchomp|1\/100|[from] Leech Seed|[of] p2a: Ferrothorn\n|-heal|p2a: Ferrothorn|66\/100|[silent]\n|upkeep\n|turn|18\n|\n|t:|1700448767\n|move|p2a: Ferrothorn|Protect|p2a: Ferrothorn\n|-singleturn|p2a: Ferrothorn|Protect\n|move|p1a: Garchomp|Outrage|p2a: Ferrothorn|[from]lockedmove\n|-activate|p2a: Ferrothorn|move: Protect\n|\n|-heal|p2a: Ferrothorn|72\/100|[from] item: Leftovers\n|-damage|p1a: Garchomp|0 fnt|[from] Leech Seed|[of] p2a: Ferrothorn\n|-heal|p2a: Ferrothorn|73\/100|[silent]\n|faint|p1a: Garchomp\n|upkeep\n|\n|t:|1700448770\n|switch|p1a: Great Tusk|Great Tusk|100\/100\n|turn|19\n|\n|t:|1700448781\n|move|p1a: Great Tusk|Knock Off|p2a: Ferrothorn\n|-damage|p2a: Ferrothorn|56\/100\n|-damage|p1a: Great Tusk|88\/100|[from] ability: Iron Barbs|[of] p2a: Ferrothorn\n|-enditem|p2a: Ferrothorn|Leftovers|[from] move: Knock Off|[of] p1a: Great Tusk\n|move|p2a: Ferrothorn|Leech Seed|p1a: Great Tusk\n|-start|p1a: Great Tusk|move: Leech Seed\n|\n|-heal|p1a: Great Tusk|94\/100|[from] item: Leftovers\n|-damage|p1a: Great Tusk|82\/100|[from] Leech Seed|[of] p2a: Ferrothorn\n|-heal|p2a: Ferrothorn|71\/100|[silent]\n|upkeep\n|turn|20\n|\n|t:|1700448792\n|-end|p1a: Great Tusk|Protosynthesis|[silent]\n|switch|p1a: Corviknight|Corviknight, M|100\/100\n|switch|p2a: Zapdos|Zapdos|87\/100 psn\n|-damage|p2a: Zapdos|62\/100 psn|[from] Stealth Rock\n|\n|-damage|p2a: Zapdos|49\/100 psn|[from] psn\n|upkeep\n|turn|21\n|\n|t:|1700448800\n|switch|p1a: Great Tusk|Great Tusk|82\/100\n|move|p2a: Zapdos|Defog|p1a: Great Tusk\n|-unboost|p1a: Great Tusk|evasion|1\n|-sideend|p2: addosd|Stealth Rock|[from] move: Defog|[of] p2a: Zapdos\n|\n|-heal|p1a: Great Tusk|88\/100|[from] item: Leftovers\n|-damage|p2a: Zapdos|37\/100 psn|[from] psn\n|upkeep\n|turn|22\n|\n|t:|1700448815\n|switch|p2a: Ferrothorn|Ferrothorn, F|71\/100\n|move|p1a: Great Tusk|Earthquake|p2a: Ferrothorn\n|-damage|p2a: Ferrothorn|41\/100\n|\n|-heal|p1a: Great Tusk|94\/100|[from] item: Leftovers\n|upkeep\n|turn|23\n|\n|t:|1700448824\n|move|p1a: Great Tusk|Earthquake|p2a: Ferrothorn\n|-damage|p2a: Ferrothorn|13\/100\n|move|p2a: Ferrothorn|Leech Seed|p1a: Great Tusk\n|-start|p1a: Great Tusk|move: Leech Seed\n|\n|-heal|p1a: Great Tusk|100\/100|[from] item: Leftovers\n|-damage|p1a: Great Tusk|88\/100|[from] Leech Seed|[of] p2a: Ferrothorn\n|-heal|p2a: Ferrothorn|29\/100|[silent]\n|upkeep\n|turn|24\n|\n|t:|1700448827\n|move|p2a: Ferrothorn|Protect|p2a: Ferrothorn\n|-singleturn|p2a: Ferrothorn|Protect\n|move|p1a: Great Tusk|Bulk Up|p1a: Great Tusk\n|-boost|p1a: Great Tusk|atk|1\n|-boost|p1a: Great Tusk|def|1\n|\n|-heal|p1a: Great Tusk|94\/100|[from] item: Leftovers\n|-damage|p1a: Great Tusk|82\/100|[from] Leech Seed|[of] p2a: Ferrothorn\n|-heal|p2a: Ferrothorn|44\/100|[silent]\n|upkeep\n|turn|25\n|\n|t:|1700448834\n|switch|p2a: Zapdos|Zapdos|37\/100 psn\n|move|p1a: Great Tusk|Knock Off|p2a: Zapdos\n|-damage|p2a: Zapdos|18\/100 psn\n|-status|p1a: Great Tusk|par|[from] ability: Static|[of] p2a: Zapdos\n|\n|-heal|p1a: Great Tusk|88\/100 par|[from] item: Leftovers\n|-damage|p1a: Great Tusk|76\/100 par|[from] Leech Seed|[of] p2a: Zapdos\n|-heal|p2a: Zapdos|32\/100 psn|[silent]\n|-damage|p2a: Zapdos|20\/100 psn|[from] psn\n|upkeep\n|turn|26\n|\n|t:|1700448840\n|move|p2a: Zapdos|Roost|p2a: Zapdos\n|-heal|p2a: Zapdos|70\/100 psn\n|-singleturn|p2a: Zapdos|move: Roost\n|move|p1a: Great Tusk|Earthquake|p2a: Zapdos\n|-supereffective|p2a: Zapdos\n|-damage|p2a: Zapdos|0 fnt\n|faint|p2a: Zapdos\n|\n|-heal|p1a: Great Tusk|82\/100 par|[from] item: Leftovers\n|upkeep\n|\n|t:|1700448853\n|switch|p2a: Mantine|Mantine, F, shiny|100\/100\n|turn|27\n|\n|t:|1700448856\n|move|p2a: Mantine|Haze|p2a: Mantine\n|-clearallboost\n|cant|p1a: Great Tusk|par\n|\n|-heal|p1a: Great Tusk|88\/100 par|[from] item: Leftovers\n|-damage|p1a: Great Tusk|76\/100 par|[from] Leech Seed|[of] p2a: Mantine\n|upkeep\n|turn|28\n|\n|t:|1700448862\n|move|p2a: Mantine|Scald|p1a: Great Tusk\n|-supereffective|p1a: Great Tusk\n|-crit|p1a: Great Tusk\n|-damage|p1a: Great Tusk|0 fnt\n|faint|p1a: Great Tusk\n|-end|p1a: Great Tusk|Protosynthesis|[silent]\n|\n|upkeep\n|\n|t:|1700448866\n|switch|p1a: Corviknight|Corviknight, M|100\/100\n|turn|29\n|\n|t:|1700448871\n|switch|p2a: Ferrothorn|Ferrothorn, F|44\/100\n|move|p1a: Corviknight|Agility|p1a: Corviknight\n|-boost|p1a: Corviknight|spe|2\n|\n|upkeep\n|turn|30\n|\n|t:|1700448874\n|move|p1a: Corviknight|Bulk Up|p1a: Corviknight\n|-boost|p1a: Corviknight|atk|1\n|-boost|p1a: Corviknight|def|1\n|move|p2a: Ferrothorn|Leech Seed|p1a: Corviknight\n|-start|p1a: Corviknight|move: Leech Seed\n|\n|-damage|p1a: Corviknight|88\/100|[from] Leech Seed|[of] p2a: Ferrothorn\n|-heal|p2a: Ferrothorn|58\/100|[silent]\n|upkeep\n|turn|31\n|\n|t:|1700448881\n|switch|p2a: Mantine|Mantine, F, shiny|100\/100\n|move|p1a: Corviknight|Bulk Up|p1a: Corviknight\n|-boost|p1a: Corviknight|atk|1\n|-boost|p1a: Corviknight|def|1\n|\n|-damage|p1a: Corviknight|75\/100|[from] Leech Seed|[of] p2a: Mantine\n|upkeep\n|turn|32\n|\n|t:|1700448884\n|-terastallize|p1a: Corviknight|Dark\n|move|p1a: Corviknight|Power Trip|p2a: Mantine\n|-damage|p2a: Mantine|20\/100\n|move|p2a: Mantine|Haze|p2a: Mantine\n|-clearallboost\n|\n|-heal|p2a: Mantine|26\/100|[from] item: Leftovers\n|-damage|p1a: Corviknight|63\/100|[from] Leech Seed|[of] p2a: Mantine\n|-heal|p2a: Mantine|40\/100|[silent]\n|upkeep\n|turn|33\n|\n|t:|1700448893\n|switch|p1a: Alomomola|Alomomola, M|100\/100\n|move|p2a: Mantine|Roost|p2a: Mantine\n|-heal|p2a: Mantine|90\/100\n|-singleturn|p2a: Mantine|move: Roost\n|\n|-heal|p2a: Mantine|96\/100|[from] item: Leftovers\n|upkeep\n|turn|34\n|\n|t:|1700448897\n|switch|p2a: Ferrothorn|Ferrothorn, F|58\/100\n|move|p1a: Alomomola|Flip Turn|p2a: Ferrothorn\n|-resisted|p2a: Ferrothorn\n|-damage|p2a: Ferrothorn|53\/100\n|-damage|p1a: Alomomola|88\/100|[from] ability: Iron Barbs|[of] p2a: Ferrothorn\n|\n|t:|1700448903\n|switch|p1a: Gliscor|Gliscor, F|84\/100 tox|[from] Flip Turn\n|\n|-heal|p1a: Gliscor|96\/100 tox|[from] ability: Poison Heal\n|upkeep\n|turn|35\n|\n|t:|1700448907\n|move|p1a: Gliscor|Spikes|p2a: Ferrothorn\n|-sidestart|p2: addosd|Spikes\n|move|p2a: Ferrothorn|Leech Seed|p1a: Gliscor\n|-start|p1a: Gliscor|move: Leech Seed\n|\n|-damage|p1a: Gliscor|84\/100 tox|[from] Leech Seed|[of] p2a: Ferrothorn\n|-heal|p2a: Ferrothorn|65\/100|[silent]\n|-heal|p1a: Gliscor|96\/100 tox|[from] ability: Poison Heal\n|upkeep\n|turn|36\n|\n|t:|1700448917\n|switch|p2a: Barbaracle|Barbaracle, F|100\/100\n|-damage|p2a: Barbaracle|88\/100|[from] Spikes\n|move|p1a: Gliscor|Spikes|p2a: Barbaracle\n|-sidestart|p2: addosd|Spikes\n|\n|-damage|p1a: Gliscor|84\/100 tox|[from] Leech Seed|[of] p2a: Barbaracle\n|-heal|p2a: Barbaracle|100\/100|[silent]\n|-heal|p1a: Gliscor|96\/100 tox|[from] ability: Poison Heal\n|upkeep\n|turn|37\n|\n|t:|1700448923\n|-terastallize|p2a: Barbaracle|Dragon\n|move|p2a: Barbaracle|Shell Smash|p2a: Barbaracle\n|-unboost|p2a: Barbaracle|def|1\n|-unboost|p2a: Barbaracle|spd|1\n|-boost|p2a: Barbaracle|atk|2\n|-boost|p2a: Barbaracle|spa|2\n|-boost|p2a: Barbaracle|spe|2\n|-enditem|p2a: Barbaracle|White Herb\n|-clearnegativeboost|p2a: Barbaracle|[silent]\n|move|p1a: Gliscor|Toxic|p2a: Barbaracle\n|-status|p2a: Barbaracle|tox\n|\n|-damage|p1a: Gliscor|84\/100 tox|[from] Leech Seed|[of] p2a: Barbaracle\n|-damage|p2a: Barbaracle|95\/100 tox|[from] psn\n|-heal|p1a: Gliscor|96\/100 tox|[from] ability: Poison Heal\n|upkeep\n|turn|38\n|\n|t:|1700448935\n|switch|p1a: Alomomola|Alomomola, M|100\/100\n|move|p2a: Barbaracle|Liquidation|p1a: Alomomola\n|-resisted|p1a: Alomomola\n|-damage|p1a: Alomomola|67\/100\n|\n|-damage|p2a: Barbaracle|83\/100 tox|[from] psn\n|upkeep\n|turn|39\n|\n|t:|1700448942\n|move|p2a: Barbaracle|Dragon Claw|p1a: Alomomola\n|-damage|p1a: Alomomola|7\/100\n|move|p1a: Alomomola|Wish|p1a: Alomomola\n|\n|-damage|p2a: Barbaracle|65\/100 tox|[from] psn\n|upkeep\n|turn|40\n|\n|t:|1700448947\n|move|p1a: Alomomola|Protect|p1a: Alomomola\n|-singleturn|p1a: Alomomola|Protect\n|move|p2a: Barbaracle|Liquidation|p1a: Alomomola\n|-activate|p1a: Alomomola|move: Protect\n|\n|-heal|p1a: Alomomola|57\/100|[from] move: Wish|[wisher] Alomomola\n|-damage|p2a: Barbaracle|41\/100 tox|[from] psn\n|upkeep\n|turn|41\n|\n|t:|1700448954\n|switch|p1a: Corviknight|Corviknight, M, tera:Dark|63\/100\n|move|p2a: Barbaracle|Dragon Claw|p1a: Corviknight\n|-crit|p1a: Corviknight\n|-damage|p1a: Corviknight|0 fnt\n|faint|p1a: Corviknight\n|\n|-damage|p2a: Barbaracle|11\/100 tox|[from] psn\n|upkeep\n|\n|t:|1700448960\n|switch|p1a: Alomomola|Alomomola, M|90\/100\n|turn|42\n|\n|t:|1700448966\n|switch|p2a: Tyranitar|Tyranitar-Mega, M|64\/100 tox\n|-damage|p2a: Tyranitar|47\/100 tox|[from] Spikes\n|-weather|Sandstorm|[from] ability: Sand Stream|[of] p2a: Tyranitar\n|move|p1a: Alomomola|Protect||[still]\n|-fail|p1a: Alomomola\n|\n|-weather|Sandstorm|[upkeep]\n|-damage|p1a: Alomomola|83\/100|[from] Sandstorm\n|-damage|p2a: Tyranitar|41\/100 tox|[from] psn\n|upkeep\n|turn|43\n|\n|t:|1700448972\n|move|p1a: Alomomola|Protect|p1a: Alomomola\n|-singleturn|p1a: Alomomola|Protect\n|move|p2a: Tyranitar|Thunder Punch|p1a: Alomomola\n|-activate|p1a: Alomomola|move: Protect\n|\n|-weather|Sandstorm|[upkeep]\n|-damage|p1a: Alomomola|77\/100|[from] Sandstorm\n|-damage|p2a: Tyranitar|29\/100 tox|[from] psn\n|upkeep\n|turn|44\n|\n|t:|1700448981\n|move|p2a: Tyranitar|Thunder Punch|p1a: Alomomola\n|-supereffective|p1a: Alomomola\n|-damage|p1a: Alomomola|44\/100\n|move|p1a: Alomomola|Flip Turn|p2a: Tyranitar\n|-supereffective|p2a: Tyranitar\n|-damage|p2a: Tyranitar|4\/100 tox\n|\n|t:|1700448984\n|switch|p1a: Gliscor|Gliscor, F|96\/100 tox|[from] Flip Turn\n|\n|-weather|Sandstorm|[upkeep]\n|-heal|p1a: Gliscor|100\/100 tox|[from] ability: Poison Heal\n|-damage|p2a: Tyranitar|0 fnt|[from] psn\n|faint|p2a: Tyranitar\n|upkeep\n|\n|t:|1700449010\n|switch|p2a: Ferrothorn|Ferrothorn, F|65\/100\n|-damage|p2a: Ferrothorn|49\/100|[from] Spikes\n|turn|45\n|\n|t:|1700449018\n|move|p1a: Gliscor|Spikes|p2a: Ferrothorn\n|-sidestart|p2: addosd|Spikes\n|move|p2a: Ferrothorn|Leech Seed|p1a: Gliscor\n|-start|p1a: Gliscor|move: Leech Seed\n|\n|-weather|Sandstorm|[upkeep]\n|-damage|p1a: Gliscor|88\/100 tox|[from] Leech Seed|[of] p2a: Ferrothorn\n|-heal|p2a: Ferrothorn|61\/100|[silent]\n|-heal|p1a: Gliscor|100\/100 tox|[from] ability: Poison Heal\n|upkeep\n|turn|46\n|\n|t:|1700449023\n|switch|p1a: Alomomola|Alomomola, M|77\/100\n|move|p2a: Ferrothorn|Body Press|p1a: Alomomola\n|-damage|p1a: Alomomola|61\/100\n|\n|-weather|none\n|upkeep\n|turn|47\n|\n|t:|1700449029\n|switch|p1a: Gliscor|Gliscor, F|100\/100 tox\n|move|p2a: Ferrothorn|Leech Seed|p1a: Gliscor\n|-start|p1a: Gliscor|move: Leech Seed\n|\n|-damage|p1a: Gliscor|88\/100 tox|[from] Leech Seed|[of] p2a: Ferrothorn\n|-heal|p2a: Ferrothorn|74\/100|[silent]\n|-heal|p1a: Gliscor|100\/100 tox|[from] ability: Poison Heal\n|upkeep\n|turn|48\n|\n|t:|1700449033\n|switch|p1a: Alomomola|Alomomola, M|94\/100\n|move|p2a: Ferrothorn|Body Press|p1a: Alomomola\n|-damage|p1a: Alomomola|77\/100\n|\n|upkeep\n|turn|49\n|\n|t:|1700449039\n|switch|p1a: Gliscor|Gliscor, F|100\/100 tox\n|move|p2a: Ferrothorn|Leech Seed|p1a: Gliscor\n|-start|p1a: Gliscor|move: Leech Seed\n|\n|-damage|p1a: Gliscor|88\/100 tox|[from] Leech Seed|[of] p2a: Ferrothorn\n|-heal|p2a: Ferrothorn|86\/100|[silent]\n|-heal|p1a: Gliscor|100\/100 tox|[from] ability: Poison Heal\n|upkeep\n|turn|50\n|\n|t:|1700449043\n|switch|p1a: Alomomola|Alomomola, M|100\/100\n|move|p2a: Ferrothorn|Gyro Ball|p1a: Alomomola\n|-resisted|p1a: Alomomola\n|-damage|p1a: Alomomola|90\/100\n|\n|upkeep\n|turn|51\n|\n|t:|1700449048\n|switch|p1a: Gliscor|Gliscor, F|100\/100 tox\n|switch|p2a: Mantine|Mantine, F, shiny|96\/100\n|\n|-heal|p2a: Mantine|100\/100|[from] item: Leftovers\n|upkeep\n|turn|52\n|\n|t:|1700449053\n|move|p1a: Gliscor|Toxic|p2a: Mantine\n|-status|p2a: Mantine|tox\n|move|p2a: Mantine|Scald|p1a: Gliscor\n|-supereffective|p1a: Gliscor\n|-damage|p1a: Gliscor|62\/100 tox\n|\n|-heal|p1a: Gliscor|74\/100 tox|[from] ability: Poison Heal\n|-damage|p2a: Mantine|94\/100 tox|[from] psn\n|upkeep\n|turn|53\n|\n|t:|1700449065\n|switch|p2a: Barbaracle|Barbaracle, F, tera:Dragon|11\/100 tox\n|-damage|p2a: Barbaracle|0 fnt|[from] Spikes\n|faint|p2a: Barbaracle\n|move|p1a: Gliscor|Roost|p1a: Gliscor\n|-heal|p1a: Gliscor|100\/100 tox\n|-singleturn|p1a: Gliscor|move: Roost\n|\n|upkeep\n|\n|t:|1700449070\n|switch|p2a: Ferrothorn|Ferrothorn, F|86\/100\n|-damage|p2a: Ferrothorn|61\/100|[from] Spikes\n|turn|54\n|\n|t:|1700449081\n|switch|p1a: Alomomola|Alomomola, M|100\/100\n|move|p2a: Ferrothorn|Leech Seed|p1a: Alomomola\n|-start|p1a: Alomomola|move: Leech Seed\n|\n|-damage|p1a: Alomomola|88\/100|[from] Leech Seed|[of] p2a: Ferrothorn\n|-heal|p2a: Ferrothorn|78\/100|[silent]\n|upkeep\n|turn|55\n|\n|t:|1700449084\n|switch|p1a: Gliscor|Gliscor, F|100\/100 tox\n|move|p2a: Ferrothorn|Protect||[still]\n|-fail|p2a: Ferrothorn\n|\n|upkeep\n|turn|56\n|\n|t:|1700449091\n|switch|p1a: Alomomola|Alomomola, M|100\/100\n|move|p2a: Ferrothorn|Leech Seed|p1a: Alomomola|[miss]\n|-miss|p2a: Ferrothorn|p1a: Alomomola\n|\n|upkeep\n|turn|57\n|\n|t:|1700449095\n|switch|p1a: Gliscor|Gliscor, F|100\/100 tox\n|move|p2a: Ferrothorn|Leech Seed|p1a: Gliscor\n|-start|p1a: Gliscor|move: Leech Seed\n|\n|-damage|p1a: Gliscor|88\/100 tox|[from] Leech Seed|[of] p2a: Ferrothorn\n|-heal|p2a: Ferrothorn|91\/100|[silent]\n|-heal|p1a: Gliscor|100\/100 tox|[from] ability: Poison Heal\n|upkeep\n|turn|58\n|\n|t:|1700449100\n|switch|p1a: Alomomola|Alomomola, M|100\/100\n|move|p2a: Ferrothorn|Gyro Ball|p1a: Alomomola\n|-resisted|p1a: Alomomola\n|-damage|p1a: Alomomola|90\/100\n|\n|upkeep\n|turn|59\n|\n|t:|1700449104\n|switch|p1a: Gliscor|Gliscor, F|100\/100 tox\n|switch|p2a: Mantine|Mantine, F, shiny|94\/100 tox\n|\n|-heal|p2a: Mantine|100\/100 tox|[from] item: Leftovers\n|-damage|p2a: Mantine|94\/100 tox|[from] psn\n|upkeep\n|turn|60\n|\n|t:|1700449117\n|switch|p1a: Alomomola|Alomomola, M|100\/100\n|move|p2a: Mantine|Scald|p1a: Alomomola\n|-resisted|p1a: Alomomola\n|-damage|p1a: Alomomola|91\/100\n|-status|p1a: Alomomola|brn\n|\n|-heal|p2a: Mantine|100\/100 tox|[from] item: Leftovers\n|-damage|p2a: Mantine|88\/100 tox|[from] psn\n|-damage|p1a: Alomomola|85\/100 brn|[from] brn\n|upkeep\n|turn|61\n|-message|addosd forfeited.\n|\n|win|hedfhikkm\n|raw|hedfhikkm's rating: 1073 &rarr; <strong>1106<\/strong><br \/>(+33 for winning)\n|raw|addosd's rating: 1126 &rarr; <strong>1097<\/strong><br \/>(-29 for losing)\n|l|\u2606addosd\n","uploadtime":1700449139,"views":5,"p1id":"hedfhikkm","p2id":"addosd","formatid":"gen9nationaldex","rating":1097,"private":0,"password":""}