{"id":"gen9nationaldex-1992405099","p1":"StealthBox","p2":"Sweepandsupports","format":"[Gen 9] National Dex","log":"|j|\u2606StealthBox\n|j|\u2606Sweepandsupports\n|t:|1700183720\n|gametype|singles\n|player|p1|StealthBox|hilbert|1263\n|player|p2|Sweepandsupports|gloria-masters|1227\n|teamsize|p1|6\n|teamsize|p2|6\n|gen|9\n|tier|[Gen 9] National Dex\n|rated|\n|rule|HP Percentage Mod: HP is shown in percentages\n|rule|Endless Battle Clause: Forcing endless battles is banned\n|rule|OHKO Clause: OHKO moves are banned\n|rule|Evasion Clause: Evasion abilities, items, and moves are banned\n|rule|Evasion Abilities Clause: Evasion abilities are banned\n|rule|Evasion Items Clause: Evasion items are banned\n|rule|Evasion Moves Clause: Evasion moves are banned\n|rule|Species Clause: Limit one of each Pok\u00e9mon\n|rule|Sleep Clause Mod: Limit one foe put to sleep\n|clearpoke\n|poke|p1|Sceptile, M|\n|poke|p1|Garchomp, M|\n|poke|p1|Magnezone|\n|poke|p1|Slowking, F|\n|poke|p1|Mandibuzz, F|\n|poke|p1|Infernape, F|\n|poke|p2|Gyarados, M|\n|poke|p2|Volcarona, M|\n|poke|p2|Iron Valiant|\n|poke|p2|Tapu Koko|\n|poke|p2|Landorus-Therian, M|\n|poke|p2|Dragonite, F|\n|teampreview\n|inactive|Battle timer is ON: inactive players will automatically lose when time's up. (requested by Sweepandsupports)\n|\n|t:|1700183726\n|start\n|switch|p1a: Slowking|Slowking, F|100\/100\n|switch|p2a: Landorus|Landorus-Therian, M|100\/100\n|-ability|p2a: Landorus|Intimidate|boost\n|-unboost|p1a: Slowking|atk|1\n|turn|1\n|\n|t:|1700183733\n|move|p2a: Landorus|Taunt|p1a: Slowking\n|-start|p1a: Slowking|move: Taunt\n|move|p1a: Slowking|Scald|p2a: Landorus\n|-supereffective|p2a: Landorus\n|-damage|p2a: Landorus|33\/100\n|\n|upkeep\n|turn|2\n|\n|t:|1700183741\n|move|p2a: Landorus|Stealth Rock|p1a: Slowking\n|-sidestart|p1: StealthBox|move: Stealth Rock\n|move|p1a: Slowking|Future Sight|p2a: Landorus\n|-start|p1a: Slowking|move: Future Sight\n|\n|upkeep\n|turn|3\n|\n|t:|1700183745\n|move|p2a: Landorus|Explosion|p1a: Slowking\n|-damage|p1a: Slowking|26\/100\n|faint|p2a: Landorus\n|move|p1a: Slowking|Scald|p2: Landorus|[notarget]\n|-fail|p1a: Slowking\n|\n|-heal|p1a: Slowking|32\/100|[from] item: Leftovers\n|-end|p1a: Slowking|move: Taunt\n|upkeep\n|\n|t:|1700183751\n|switch|p2a: Gyarados|Gyarados, M|100\/100\n|-ability|p2a: Gyarados|Intimidate|boost\n|-unboost|p1a: Slowking|atk|1\n|turn|4\n|\n|t:|1700183759\n|switch|p1a: Mandibuzz|Mandibuzz, F|100\/100\n|-damage|p1a: Mandibuzz|75\/100|[from] Stealth Rock\n|detailschange|p2a: Gyarados|Gyarados-Mega, M\n|-mega|p2a: Gyarados|Gyarados|Gyaradosite\n|-ability|p2a: Gyarados|Mold Breaker\n|move|p2a: Gyarados|Substitute|p2a: Gyarados\n|-start|p2a: Gyarados|Substitute\n|-damage|p2a: Gyarados|76\/100\n|\n|-end|p2a: Gyarados|move: Future Sight\n|-immune|p2a: Gyarados\n|upkeep\n|turn|5\n|\n|t:|1700183772\n|move|p2a: Gyarados|Dragon Dance|p2a: Gyarados\n|-boost|p2a: Gyarados|atk|1\n|-boost|p2a: Gyarados|spe|1\n|move|p1a: Mandibuzz|Foul Play|p2a: Gyarados\n|-resisted|p2a: Gyarados\n|-end|p2a: Gyarados|Substitute\n|\n|upkeep\n|turn|6\n|\n|t:|1700183783\n|move|p2a: Gyarados|Waterfall|p1a: Mandibuzz\n|-damage|p1a: Mandibuzz|30\/100\n|-damage|p2a: Gyarados|59\/100|[from] item: Rocky Helmet|[of] p1a: Mandibuzz\n|move|p1a: Mandibuzz|Defog|p2a: Gyarados\n|-unboost|p2a: Gyarados|evasion|1\n|-sideend|p1: StealthBox|Stealth Rock|[from] move: Defog|[of] p1a: Mandibuzz\n|\n|upkeep\n|turn|7\n|\n|t:|1700183793\n|switch|p1a: Slowking|Slowking, F|65\/100\n|move|p2a: Gyarados|Waterfall|p1a: Slowking\n|-resisted|p1a: Slowking\n|-damage|p1a: Slowking|36\/100\n|\n|-heal|p1a: Slowking|42\/100|[from] item: Leftovers\n|upkeep\n|turn|8\n|\n|t:|1700183802\n|switch|p1a: Mandibuzz|Mandibuzz, F|30\/100\n|move|p2a: Gyarados|Substitute|p2a: Gyarados\n|-start|p2a: Gyarados|Substitute\n|-damage|p2a: Gyarados|34\/100\n|\n|upkeep\n|turn|9\n|\n|t:|1700183807\n|move|p2a: Gyarados|Dragon Dance|p2a: Gyarados\n|-boost|p2a: Gyarados|atk|1\n|-boost|p2a: Gyarados|spe|1\n|move|p1a: Mandibuzz|Foul Play|p2a: Gyarados\n|-resisted|p2a: Gyarados\n|-end|p2a: Gyarados|Substitute\n|\n|upkeep\n|turn|10\n|\n|t:|1700183814\n|move|p2a: Gyarados|Waterfall|p1a: Mandibuzz\n|-damage|p1a: Mandibuzz|0 fnt\n|-damage|p2a: Gyarados|18\/100|[from] item: Rocky Helmet|[of] p1a: Mandibuzz\n|faint|p1a: Mandibuzz\n|\n|upkeep\n|\n|t:|1700183822\n|switch|p1a: Infernape|Infernape, F|100\/100\n|turn|11\n|\n|t:|1700183825\n|move|p1a: Infernape|Mach Punch|p2a: Gyarados\n|-supereffective|p2a: Gyarados\n|-damage|p2a: Gyarados|0 fnt\n|faint|p2a: Gyarados\n|-damage|p1a: Infernape|91\/100|[from] item: Life Orb\n|\n|upkeep\n|\n|t:|1700183830\n|switch|p2a: Volcarona|Volcarona, M|100\/100\n|turn|12\n|\n|t:|1700183834\n|move|p1a: Infernape|Fire Punch|p2a: Volcarona\n|-damage|p2a: Volcarona|15\/100\n|-damage|p1a: Infernape|81\/100|[from] item: Life Orb\n|move|p2a: Volcarona|Quiver Dance|p2a: Volcarona\n|-boost|p2a: Volcarona|spa|1\n|-boost|p2a: Volcarona|spd|1\n|-boost|p2a: Volcarona|spe|1\n|\n|upkeep\n|turn|13\n|\n|t:|1700183843\n|move|p1a: Infernape|Mach Punch|p2a: Volcarona\n|-resisted|p2a: Volcarona\n|-damage|p2a: Volcarona|0 fnt\n|faint|p2a: Volcarona\n|-damage|p1a: Infernape|71\/100|[from] item: Life Orb\n|\n|upkeep\n|-message|Sweepandsupports forfeited.\n|\n|win|StealthBox\n|raw|StealthBox's rating: 1263 &rarr; <strong>1285<\/strong><br \/>(+22 for winning)\n|raw|Sweepandsupports's rating: 1227 &rarr; <strong>1205<\/strong><br \/>(-22 for losing)\n|l|\u2606Sweepandsupports\n","uploadtime":1700183887,"views":8,"p1id":"stealthbox","p2id":"sweepandsupports","formatid":"gen9nationaldex","rating":1205,"private":0,"password":""}