{"id":"gen9nationaldex-1997110596","p1":"Urbudddy","p2":"Fixxxer_2","format":"[Gen 9] National Dex","log":"|html|<div class=\"broadcast-blue\"><strong>[Gen 9] National Dex is currently suspecting Sneasler! For information on how to participate check out the <a href=\"https:\/\/www.smogon.com\/forums\/threads\/sv-national-dex-suspect-8-just-dance.3731534\/\">suspect thread<\/a>.<\/strong><\/div>\n|j|\u2606Urbudddy\n|j|\u2606Fixxxer_2\n|t:|1700765553\n|gametype|singles\n|player|p1|Urbudddy|lillie-z|1143\n|player|p2|Fixxxer_2|winona|1022\n|teamsize|p1|6\n|teamsize|p2|6\n|gen|9\n|tier|[Gen 9] National Dex\n|rated|\n|rule|HP Percentage Mod: HP is shown in percentages\n|rule|Endless Battle Clause: Forcing endless battles is banned\n|rule|OHKO Clause: OHKO moves are banned\n|rule|Evasion Clause: Evasion abilities, items, and moves are banned\n|rule|Evasion Abilities Clause: Evasion abilities are banned\n|rule|Evasion Items Clause: Evasion items are banned\n|rule|Evasion Moves Clause: Evasion moves are banned\n|rule|Species Clause: Limit one of each Pok\u00e9mon\n|rule|Sleep Clause Mod: Limit one foe put to sleep\n|clearpoke\n|poke|p1|Diancie|\n|poke|p1|Delphox, F|\n|poke|p1|Swellow, F|\n|poke|p1|Kartana|\n|poke|p1|Jellicent, F|\n|poke|p1|Frosmoth, F|\n|poke|p2|Swampert, M|\n|poke|p2|Chansey, F|\n|poke|p2|Skarmory, M|\n|poke|p2|Tyranitar, F|\n|poke|p2|Breloom, M|\n|poke|p2|Blaziken, F|\n|teampreview\n|\n|t:|1700765559\n|start\n|switch|p1a: Reimu|Diancie|100\/100\n|switch|p2a: Sanji|Skarmory, M|100\/100\n|turn|1\n|\n|t:|1700765574\n|detailschange|p1a: Reimu|Diancie-Mega\n|-mega|p1a: Reimu|Diancie|Diancite\n|move|p1a: Reimu|Diamond Storm|p2a: Sanji\n|-damage|p2a: Sanji|67\/100\n|-boost|p1a: Reimu|def|2\n|-ability|p2a: Sanji|Weak Armor|boost\n|-unboost|p2a: Sanji|def|1\n|-boost|p2a: Sanji|spe|2\n|move|p2a: Sanji|Spikes|p1a: Reimu\n|move|p1a: Reimu|Spikes|p2a: Sanji|[from]ability: Magic Bounce\n|-sidestart|p2: Fixxxer_2|Spikes\n|\n|-heal|p2a: Sanji|73\/100|[from] item: Leftovers\n|upkeep\n|turn|2\n|\n|t:|1700765590\n|move|p1a: Reimu|Diamond Storm|p2a: Sanji\n|-damage|p2a: Sanji|23\/100\n|-boost|p1a: Reimu|def|2\n|-ability|p2a: Sanji|Weak Armor|boost\n|-unboost|p2a: Sanji|def|1\n|-boost|p2a: Sanji|spe|2\n|move|p2a: Sanji|Whirlwind|p1a: Reimu\n|move|p1a: Reimu|Whirlwind|p2a: Sanji|[from]ability: Magic Bounce\n|drag|p2a: Breloom|Breloom, M|100\/100\n|-damage|p2a: Breloom|88\/100|[from] Spikes\n|\n|upkeep\n|turn|3\n|c|\u2606Fixxxer_2|wait magic bounce effects whirlwind too?\n|\n|t:|1700765668\n|move|p2a: Breloom|Spore|p1a: Reimu\n|move|p1a: Reimu|Spore|p2a: Breloom|[from]ability: Magic Bounce\n|-immune|p2a: Breloom\n|move|p1a: Reimu|Body Press|p2a: Breloom\n|-damage|p2a: Breloom|0 fnt\n|faint|p2a: Breloom\n|\n|upkeep\n|c|\u2606Fixxxer_2|it effects spore too!?\n|\n|t:|1700765706\n|switch|p2a: Nico Robin|Chansey, F|100\/100\n|-damage|p2a: Nico Robin|88\/100|[from] Spikes\n|turn|4\n|\n|t:|1700765712\n|move|p1a: Reimu|Body Press|p2a: Nico Robin\n|-supereffective|p2a: Nico Robin\n|-crit|p2a: Nico Robin\n|-damage|p2a: Nico Robin|0 fnt\n|faint|p2a: Nico Robin\n|\n|upkeep\n|c|\u2606Fixxxer_2|yeah gg\n|\n|t:|1700765723\n|switch|p2a: Nami|Swampert, M|100\/100\n|-damage|p2a: Nami|88\/100|[from] Spikes\n|turn|5\n|\n|t:|1700765738\n|detailschange|p2a: Nami|Swampert-Mega, M\n|-mega|p2a: Nami|Swampert|Swampertite\n|move|p1a: Reimu|Body Press|p2a: Nami\n|-damage|p2a: Nami|45\/100\n|move|p2a: Nami|Earthquake|p1a: Reimu\n|-supereffective|p1a: Reimu\n|-damage|p1a: Reimu|43\/100\n|\n|upkeep\n|turn|6\n|\n|t:|1700765778\n|switch|p1a: Aya|Swellow, F|100\/100\n|move|p2a: Nami|Earthquake|p1a: Aya\n|-immune|p1a: Aya\n|\n|upkeep\n|turn|7\n|c|\u2606Fixxxer_2|why you taking so long to decide? im pretty sure you win by default\n|\n|t:|1700765802\n|move|p1a: Aya|Boomburst|p2a: Nami\n|-damage|p2a: Nami|0 fnt\n|faint|p2a: Nami\n|\n|upkeep\n|\n|t:|1700765809\n|switch|p2a: Zoro|Tyranitar, F|100\/100\n|-damage|p2a: Zoro|88\/100|[from] Spikes\n|-weather|Sandstorm|[from] ability: Sand Stream|[of] p2a: Zoro\n|turn|8\n|\n|t:|1700765830\n|switch|p1a: Reimu|Diancie-Mega|43\/100\n|move|p2a: Zoro|Dragon Dance|p2a: Zoro\n|-boost|p2a: Zoro|atk|1\n|-boost|p2a: Zoro|spe|1\n|\n|-weather|Sandstorm|[upkeep]\n|upkeep\n|turn|9\n|\n|t:|1700765842\n|move|p1a: Reimu|Body Press|p2a: Zoro\n|-supereffective|p2a: Zoro\n|-damage|p2a: Zoro|31\/100\n|move|p2a: Zoro|Earthquake|p1a: Reimu\n|-supereffective|p1a: Reimu\n|-damage|p1a: Reimu|0 fnt\n|faint|p1a: Reimu\n|\n|-weather|Sandstorm|[upkeep]\n|upkeep\n|\n|t:|1700765859\n|switch|p1a: Yuyuko|Jellicent, F|100\/100\n|turn|10\n|\n|t:|1700765866\n|move|p2a: Zoro|Thunder Punch|p1a: Yuyuko\n|-supereffective|p1a: Yuyuko\n|-damage|p1a: Yuyuko|43\/100\n|-start|p2a: Zoro|Disable|Thunder Punch|[from] ability: Cursed Body|[of] p1a: Yuyuko\n|move|p1a: Yuyuko|Scald|p2a: Zoro\n|-supereffective|p2a: Zoro\n|-damage|p2a: Zoro|0 fnt\n|faint|p2a: Zoro\n|\n|-weather|Sandstorm|[upkeep]\n|-damage|p1a: Yuyuko|37\/100|[from] Sandstorm\n|-heal|p1a: Yuyuko|43\/100|[from] item: Leftovers\n|upkeep\n|\n|t:|1700765878\n|switch|p2a: Sanji|Skarmory, M|23\/100\n|turn|11\n|\n|t:|1700765893\n|move|p2a: Sanji|Air Slash|p1a: Yuyuko\n|-damage|p1a: Yuyuko|35\/100\n|move|p1a: Yuyuko|Scald|p2a: Sanji\n|-crit|p2a: Sanji\n|-damage|p2a: Sanji|0 fnt\n|faint|p2a: Sanji\n|\n|-weather|Sandstorm|[upkeep]\n|-damage|p1a: Yuyuko|28\/100|[from] Sandstorm\n|-heal|p1a: Yuyuko|35\/100|[from] item: Leftovers\n|upkeep\n|c|\u2606Fixxxer_2|diance wouldve outspeed and killed me\n|\n|t:|1700765908\n|switch|p2a: Monkey D. Luffy|Blaziken, F|100\/100\n|-damage|p2a: Monkey D. Luffy|88\/100|[from] Spikes\n|turn|12\n|\n|t:|1700765922\n|move|p2a: Monkey D. Luffy|Protect|p2a: Monkey D. Luffy\n|-singleturn|p2a: Monkey D. Luffy|Protect\n|move|p1a: Yuyuko|Scald|p2a: Monkey D. Luffy\n|-activate|p2a: Monkey D. Luffy|move: Protect\n|\n|-weather|none\n|-heal|p1a: Yuyuko|41\/100|[from] item: Leftovers\n|-ability|p2a: Monkey D. Luffy|Speed Boost|boost\n|-boost|p2a: Monkey D. Luffy|spe|1\n|upkeep\n|turn|13\n|\n|t:|1700765938\n|move|p2a: Monkey D. Luffy|Flare Blitz|p1a: Yuyuko\n|-resisted|p1a: Yuyuko\n|-damage|p1a: Yuyuko|11\/100\n|-start|p2a: Monkey D. Luffy|Disable|Flare Blitz|[from] ability: Cursed Body|[of] p1a: Yuyuko\n|-damage|p2a: Monkey D. Luffy|75\/100|[from] Recoil\n|move|p1a: Yuyuko|Scald|p2a: Monkey D. Luffy\n|-supereffective|p2a: Monkey D. Luffy\n|-damage|p2a: Monkey D. Luffy|7\/100\n|\n|-heal|p1a: Yuyuko|17\/100|[from] item: Leftovers\n|-ability|p2a: Monkey D. Luffy|Speed Boost|boost\n|-boost|p2a: Monkey D. Luffy|spe|1\n|upkeep\n|turn|14\n|\n|t:|1700765952\n|move|p2a: Monkey D. Luffy|Protect|p2a: Monkey D. Luffy\n|-singleturn|p2a: Monkey D. Luffy|Protect\n|move|p1a: Yuyuko|Recover|p1a: Yuyuko\n|-heal|p1a: Yuyuko|67\/100\n|\n|-heal|p1a: Yuyuko|73\/100|[from] item: Leftovers\n|-ability|p2a: Monkey D. Luffy|Speed Boost|boost\n|-boost|p2a: Monkey D. Luffy|spe|1\n|upkeep\n|turn|15\n|\n|t:|1700765961\n|move|p2a: Monkey D. Luffy|Swords Dance|p2a: Monkey D. Luffy\n|-boost|p2a: Monkey D. Luffy|atk|2\n|move|p1a: Yuyuko|Scald|p2a: Monkey D. Luffy\n|-supereffective|p2a: Monkey D. Luffy\n|-damage|p2a: Monkey D. Luffy|0 fnt\n|faint|p2a: Monkey D. Luffy\n|\n|win|Urbudddy\n|raw|Urbudddy's rating: 1143 &rarr; <strong>1160<\/strong><br \/>(+17 for winning)\n|raw|Fixxxer_2's rating: 1022 &rarr; <strong>1013<\/strong><br \/>(-9 for losing)\n|c|\u2606Fixxxer_2|gg\n|l|\u2606Fixxxer_2\n","uploadtime":1700765985,"views":5,"p1id":"urbudddy","p2id":"fixxxer2","formatid":"gen9nationaldex","rating":1013,"private":0,"password":""}