{"id":"gen9nationaldex-1997481550","p1":"Followers of Roxy","p2":"Amber-acid","format":"[Gen 9] National Dex","log":"|html|<div class=\"broadcast-blue\"><strong>[Gen 9] National Dex is currently suspecting Sneasler! For information on how to participate check out the <a href=\"https:\/\/www.smogon.com\/forums\/threads\/sv-national-dex-suspect-8-just-dance.3731534\/\">suspect thread<\/a>.<\/strong><\/div>\n|j|\u2606Followers of Roxy\n|j|\u2606Amber-acid\n|t:|1700812965\n|gametype|singles\n|player|p1|Followers of Roxy|riley|1485\n|player|p2|Amber-acid|101|1521\n|teamsize|p1|6\n|teamsize|p2|6\n|gen|9\n|tier|[Gen 9] National Dex\n|rated|\n|rule|HP Percentage Mod: HP is shown in percentages\n|rule|Endless Battle Clause: Forcing endless battles is banned\n|rule|OHKO Clause: OHKO moves are banned\n|rule|Evasion Clause: Evasion abilities, items, and moves are banned\n|rule|Evasion Abilities Clause: Evasion abilities are banned\n|rule|Evasion Items Clause: Evasion items are banned\n|rule|Evasion Moves Clause: Evasion moves are banned\n|rule|Species Clause: Limit one of each Pok\u00e9mon\n|rule|Sleep Clause Mod: Limit one foe put to sleep\n|clearpoke\n|poke|p1|Ursaluna, F|\n|poke|p1|Corviknight, F|\n|poke|p1|Toxapex, F|\n|poke|p1|Urshifu-*, M|\n|poke|p1|Rotom-Heat|\n|poke|p1|Banette, M|\n|poke|p2|Pelipper, F|\n|poke|p2|Barraskewda, M|\n|poke|p2|Swampert, M|\n|poke|p2|Kingdra, M|\n|poke|p2|Zapdos|\n|poke|p2|Ferrothorn, M|\n|teampreview\n|\n|t:|1700812976\n|start\n|switch|p1a: \u571f\u4e0d\u571f\u4e0d\u4e0d\u571f\u4e0d|Toxapex, F|100\/100\n|switch|p2a: Pelipper|Pelipper, F|100\/100\n|-weather|RainDance|[from] ability: Drizzle|[of] p2a: Pelipper\n|turn|1\n|\n|t:|1700812985\n|move|p1a: \u571f\u4e0d\u571f\u4e0d\u4e0d\u571f\u4e0d|Baneful Bunker|p1a: \u571f\u4e0d\u571f\u4e0d\u4e0d\u571f\u4e0d\n|-singleturn|p1a: \u571f\u4e0d\u571f\u4e0d\u4e0d\u571f\u4e0d|move: Protect\n|move|p2a: Pelipper|U-turn|p1a: \u571f\u4e0d\u571f\u4e0d\u4e0d\u571f\u4e0d\n|-activate|p1a: \u571f\u4e0d\u571f\u4e0d\u4e0d\u571f\u4e0d|move: Protect\n|-status|p2a: Pelipper|psn\n|\n|-weather|RainDance|[upkeep]\n|-damage|p2a: Pelipper|88\/100 psn|[from] psn\n|upkeep\n|turn|2\n|\n|t:|1700812993\n|switch|p2a: Ferrothorn|Ferrothorn, M|100\/100\n|move|p1a: \u571f\u4e0d\u571f\u4e0d\u4e0d\u571f\u4e0d|Toxic Spikes|p2a: Ferrothorn\n|-sidestart|p2: Amber-acid|move: Toxic Spikes\n|\n|-weather|RainDance|[upkeep]\n|upkeep\n|turn|3\n|\n|t:|1700812999\n|switch|p1a: \u359e\u56d6\u8b00\u61b6\u80bb\u5692\u5692|Banette, M|100\/100\n|-item|p2a: Ferrothorn|Rocky Helmet|[from] ability: Frisk|[of] p1a: \u359e\u56d6\u8b00\u61b6\u80bb\u5692\u5692|[identify]\n|move|p2a: Ferrothorn|Stealth Rock|p1a: \u359e\u56d6\u8b00\u61b6\u80bb\u5692\u5692\n|-sidestart|p1: Followers of Roxy|move: Stealth Rock\n|\n|-weather|RainDance|[upkeep]\n|upkeep\n|turn|4\n|\n|t:|1700813012\n|detailschange|p1a: \u359e\u56d6\u8b00\u61b6\u80bb\u5692\u5692|Banette-Mega, M\n|-mega|p1a: \u359e\u56d6\u8b00\u61b6\u80bb\u5692\u5692|Banette|Banettite\n|move|p1a: \u359e\u56d6\u8b00\u61b6\u80bb\u5692\u5692|Encore|p2a: Ferrothorn\n|-start|p2a: Ferrothorn|Encore\n|move|p2a: Ferrothorn|Stealth Rock||[still]\n|-fail|p2a: Ferrothorn\n|\n|-weather|RainDance|[upkeep]\n|upkeep\n|turn|5\n|\n|t:|1700813019\n|switch|p2a: Zapdos|Zapdos|100\/100\n|move|p1a: \u359e\u56d6\u8b00\u61b6\u80bb\u5692\u5692|Substitute|p1a: \u359e\u56d6\u8b00\u61b6\u80bb\u5692\u5692\n|-start|p1a: \u359e\u56d6\u8b00\u61b6\u80bb\u5692\u5692|Substitute\n|-damage|p1a: \u359e\u56d6\u8b00\u61b6\u80bb\u5692\u5692|76\/100\n|\n|-weather|RainDance|[upkeep]\n|upkeep\n|turn|6\n|\n|t:|1700813028\n|move|p2a: Zapdos|Volt Switch|p1a: \u359e\u56d6\u8b00\u61b6\u80bb\u5692\u5692\n|-end|p1a: \u359e\u56d6\u8b00\u61b6\u80bb\u5692\u5692|Substitute\n|\n|t:|1700813032\n|switch|p2a: Ferrothorn|Ferrothorn, M|100\/100|[from] Volt Switch\n|move|p1a: \u359e\u56d6\u8b00\u61b6\u80bb\u5692\u5692|Poltergeist|p2a: Ferrothorn\n|-activate|p2a: Ferrothorn|move: Poltergeist|Rocky Helmet\n|-damage|p2a: Ferrothorn|52\/100\n|\n|-weather|RainDance|[upkeep]\n|upkeep\n|turn|7\n|\n|t:|1700813040\n|move|p1a: \u359e\u56d6\u8b00\u61b6\u80bb\u5692\u5692|Substitute|p1a: \u359e\u56d6\u8b00\u61b6\u80bb\u5692\u5692\n|-start|p1a: \u359e\u56d6\u8b00\u61b6\u80bb\u5692\u5692|Substitute\n|-damage|p1a: \u359e\u56d6\u8b00\u61b6\u80bb\u5692\u5692|51\/100\n|move|p2a: Ferrothorn|Leech Seed||[still]\n|-fail|p2a: Ferrothorn\n|\n|-weather|RainDance|[upkeep]\n|upkeep\n|turn|8\n|\n|t:|1700813046\n|move|p1a: \u359e\u56d6\u8b00\u61b6\u80bb\u5692\u5692|Poltergeist|p2a: Ferrothorn|[miss]\n|-miss|p1a: \u359e\u56d6\u8b00\u61b6\u80bb\u5692\u5692|p2a: Ferrothorn\n|move|p2a: Ferrothorn|Gyro Ball|p1a: \u359e\u56d6\u8b00\u61b6\u80bb\u5692\u5692\n|-end|p1a: \u359e\u56d6\u8b00\u61b6\u80bb\u5692\u5692|Substitute\n|\n|-weather|none\n|upkeep\n|turn|9\n|\n|t:|1700813056\n|switch|p1a: \u5c41\u773c\u70e7\u7126\u54af|Rotom-Heat|100\/100\n|-damage|p1a: \u5c41\u773c\u70e7\u7126\u54af|76\/100|[from] Stealth Rock\n|move|p2a: Ferrothorn|Gyro Ball|p1a: \u5c41\u773c\u70e7\u7126\u54af\n|-resisted|p1a: \u5c41\u773c\u70e7\u7126\u54af\n|-damage|p1a: \u5c41\u773c\u70e7\u7126\u54af|63\/100\n|\n|upkeep\n|turn|10\n|\n|t:|1700813064\n|switch|p2a: Pelipper|Pelipper, F|88\/100 psn\n|-weather|RainDance|[from] ability: Drizzle|[of] p2a: Pelipper\n|move|p1a: \u5c41\u773c\u70e7\u7126\u54af|Trick|p2a: Pelipper\n|-activate|p1a: \u5c41\u773c\u70e7\u7126\u54af|move: Trick|[of] p2a: Pelipper\n|-item|p2a: Pelipper|Choice Scarf|[from] move: Trick\n|-item|p1a: \u5c41\u773c\u70e7\u7126\u54af|Damp Rock|[from] move: Trick\n|\n|-weather|RainDance|[upkeep]\n|-damage|p2a: Pelipper|76\/100 psn|[from] psn\n|upkeep\n|turn|11\n|\n|t:|1700813073\n|move|p2a: Pelipper|U-turn|p1a: \u5c41\u773c\u70e7\u7126\u54af\n|-resisted|p1a: \u5c41\u773c\u70e7\u7126\u54af\n|-damage|p1a: \u5c41\u773c\u70e7\u7126\u54af|58\/100\n|\n|t:|1700813078\n|switch|p2a: Ferrothorn|Ferrothorn, M|52\/100|[from] U-turn\n|move|p1a: \u5c41\u773c\u70e7\u7126\u54af|Will-O-Wisp|p2a: Ferrothorn\n|-status|p2a: Ferrothorn|brn\n|\n|-weather|RainDance|[upkeep]\n|-damage|p2a: Ferrothorn|45\/100 brn|[from] brn\n|upkeep\n|turn|12\n|inactive|Battle timer is ON: inactive players will automatically lose when time's up. (requested by Amber-acid)\n|\n|t:|1700813100\n|move|p1a: \u5c41\u773c\u70e7\u7126\u54af|Overheat|p2a: Ferrothorn\n|-supereffective|p2a: Ferrothorn\n|-damage|p2a: Ferrothorn|0 fnt\n|-unboost|p1a: \u5c41\u773c\u70e7\u7126\u54af|spa|2\n|faint|p2a: Ferrothorn\n|\n|-weather|RainDance|[upkeep]\n|upkeep\n|\n|t:|1700813107\n|switch|p2a: Swampert|Swampert, M|100\/100\n|-status|p2a: Swampert|psn\n|turn|13\n|\n|t:|1700813111\n|detailschange|p2a: Swampert|Swampert-Mega, M\n|-mega|p2a: Swampert|Swampert|Swampertite\n|move|p2a: Swampert|Earthquake|p1a: \u5c41\u773c\u70e7\u7126\u54af\n|-immune|p1a: \u5c41\u773c\u70e7\u7126\u54af|[from] ability: Levitate\n|move|p1a: \u5c41\u773c\u70e7\u7126\u54af|Will-O-Wisp||[still]\n|-fail|p1a: \u5c41\u773c\u70e7\u7126\u54af\n|\n|-weather|RainDance|[upkeep]\n|-damage|p2a: Swampert|88\/100 psn|[from] psn\n|upkeep\n|turn|14\n|\n|t:|1700813119\n|switch|p1a: \u571f\u4e0d\u571f\u4e0d\u4e0d\u571f\u4e0d|Toxapex, F|100\/100\n|-damage|p1a: \u571f\u4e0d\u571f\u4e0d\u4e0d\u571f\u4e0d|88\/100|[from] Stealth Rock\n|move|p2a: Swampert|Liquidation|p1a: \u571f\u4e0d\u571f\u4e0d\u4e0d\u571f\u4e0d\n|-resisted|p1a: \u571f\u4e0d\u571f\u4e0d\u4e0d\u571f\u4e0d\n|-damage|p1a: \u571f\u4e0d\u571f\u4e0d\u4e0d\u571f\u4e0d|60\/100\n|-unboost|p1a: \u571f\u4e0d\u571f\u4e0d\u4e0d\u571f\u4e0d|def|1\n|-damage|p2a: Swampert|72\/100 psn|[from] item: Rocky Helmet|[of] p1a: \u571f\u4e0d\u571f\u4e0d\u4e0d\u571f\u4e0d\n|\n|-weather|RainDance|[upkeep]\n|-damage|p2a: Swampert|59\/100 psn|[from] psn\n|upkeep\n|turn|15\n|\n|t:|1700813132\n|switch|p2a: Zapdos|Zapdos|100\/100\n|move|p1a: \u571f\u4e0d\u571f\u4e0d\u4e0d\u571f\u4e0d|Baneful Bunker||[still]\n|-fail|p1a: \u571f\u4e0d\u571f\u4e0d\u4e0d\u571f\u4e0d\n|\n|-weather|RainDance|[upkeep]\n|upkeep\n|turn|16\n|\n|t:|1700813142\n|move|p2a: Zapdos|Hurricane|p1a: \u571f\u4e0d\u571f\u4e0d\u4e0d\u571f\u4e0d\n|-damage|p1a: \u571f\u4e0d\u571f\u4e0d\u4e0d\u571f\u4e0d|30\/100\n|move|p1a: \u571f\u4e0d\u571f\u4e0d\u4e0d\u571f\u4e0d|Recover|p1a: \u571f\u4e0d\u571f\u4e0d\u4e0d\u571f\u4e0d\n|-heal|p1a: \u571f\u4e0d\u571f\u4e0d\u4e0d\u571f\u4e0d|80\/100\n|\n|-weather|RainDance|[upkeep]\n|upkeep\n|turn|17\n|\n|t:|1700813153\n|move|p2a: Zapdos|Volt Switch|p1a: \u571f\u4e0d\u571f\u4e0d\u4e0d\u571f\u4e0d\n|-supereffective|p1a: \u571f\u4e0d\u571f\u4e0d\u4e0d\u571f\u4e0d\n|-damage|p1a: \u571f\u4e0d\u571f\u4e0d\u4e0d\u571f\u4e0d|40\/100\n|\n|t:|1700813157\n|switch|p2a: Swampert|Swampert-Mega, M|59\/100 psn|[from] Volt Switch\n|move|p1a: \u571f\u4e0d\u571f\u4e0d\u4e0d\u571f\u4e0d|Knock Off|p2a: Swampert\n|-damage|p2a: Swampert|50\/100 psn\n|\n|-weather|none\n|-damage|p2a: Swampert|38\/100 psn|[from] psn\n|upkeep\n|turn|18\n|\n|t:|1700813165\n|move|p1a: \u571f\u4e0d\u571f\u4e0d\u4e0d\u571f\u4e0d|Baneful Bunker|p1a: \u571f\u4e0d\u571f\u4e0d\u4e0d\u571f\u4e0d\n|-singleturn|p1a: \u571f\u4e0d\u571f\u4e0d\u4e0d\u571f\u4e0d|move: Protect\n|move|p2a: Swampert|Earthquake|p1a: \u571f\u4e0d\u571f\u4e0d\u4e0d\u571f\u4e0d\n|-activate|p1a: \u571f\u4e0d\u571f\u4e0d\u4e0d\u571f\u4e0d|move: Protect\n|\n|-damage|p2a: Swampert|25\/100 psn|[from] psn\n|upkeep\n|turn|19\n|\n|t:|1700813172\n|switch|p1a: \u9b54\u738b\u57ce\u306e\u5931\u843d\u9b54\u50cf|Corviknight, F, shiny|100\/100\n|-damage|p1a: \u9b54\u738b\u57ce\u306e\u5931\u843d\u9b54\u50cf|88\/100|[from] Stealth Rock\n|move|p2a: Swampert|Liquidation|p1a: \u9b54\u738b\u57ce\u306e\u5931\u843d\u9b54\u50cf\n|-damage|p1a: \u9b54\u738b\u57ce\u306e\u5931\u843d\u9b54\u50cf|56\/100\n|-damage|p2a: Swampert|9\/100 psn|[from] item: Rocky Helmet|[of] p1a: \u9b54\u738b\u57ce\u306e\u5931\u843d\u9b54\u50cf\n|\n|-damage|p2a: Swampert|0 fnt|[from] psn\n|faint|p2a: Swampert\n|upkeep\n|\n|t:|1700813185\n|switch|p2a: Pelipper|Pelipper, F|76\/100 psn\n|-weather|RainDance|[from] ability: Drizzle|[of] p2a: Pelipper\n|turn|20\n|\n|t:|1700813199\n|move|p2a: Pelipper|U-turn|p1a: \u9b54\u738b\u57ce\u306e\u5931\u843d\u9b54\u50cf\n|-resisted|p1a: \u9b54\u738b\u57ce\u306e\u5931\u843d\u9b54\u50cf\n|-damage|p1a: \u9b54\u738b\u57ce\u306e\u5931\u843d\u9b54\u50cf|55\/100\n|-damage|p2a: Pelipper|59\/100 psn|[from] item: Rocky Helmet|[of] p1a: \u9b54\u738b\u57ce\u306e\u5931\u843d\u9b54\u50cf\n|\n|t:|1700813204\n|switch|p2a: Barraskewda|Barraskewda, M, shiny|100\/100|[from] U-turn\n|-status|p2a: Barraskewda|psn\n|move|p1a: \u9b54\u738b\u57ce\u306e\u5931\u843d\u9b54\u50cf|Defog|p2a: Barraskewda\n|-unboost|p2a: Barraskewda|evasion|1\n|-sideend|p2: Amber-acid|Toxic Spikes|[from] move: Defog|[of] p1a: \u9b54\u738b\u57ce\u306e\u5931\u843d\u9b54\u50cf\n|-sideend|p1: Followers of Roxy|Stealth Rock|[from] move: Defog|[of] p1a: \u9b54\u738b\u57ce\u306e\u5931\u843d\u9b54\u50cf\n|\n|-weather|RainDance|[upkeep]\n|-damage|p2a: Barraskewda|88\/100 psn|[from] psn\n|upkeep\n|turn|21\n|\n|t:|1700813214\n|-terastallize|p2a: Barraskewda|Water\n|move|p2a: Barraskewda|Liquidation|p1a: \u9b54\u738b\u57ce\u306e\u5931\u843d\u9b54\u50cf\n|-damage|p1a: \u9b54\u738b\u57ce\u306e\u5931\u843d\u9b54\u50cf|0 fnt\n|-damage|p2a: Barraskewda|72\/100 psn|[from] item: Rocky Helmet|[of] p1a: \u9b54\u738b\u57ce\u306e\u5931\u843d\u9b54\u50cf\n|faint|p1a: \u9b54\u738b\u57ce\u306e\u5931\u843d\u9b54\u50cf\n|\n|-weather|RainDance|[upkeep]\n|-damage|p2a: Barraskewda|59\/100 psn|[from] psn\n|upkeep\n|\n|t:|1700813222\n|switch|p1a: \u571f\u4e0d\u571f\u4e0d\u4e0d\u571f\u4e0d|Toxapex, F|73\/100\n|turn|22\n|\n|t:|1700813230\n|switch|p2a: Kingdra|Kingdra, M|100\/100\n|move|p1a: \u571f\u4e0d\u571f\u4e0d\u4e0d\u571f\u4e0d|Baneful Bunker||[still]\n|-fail|p1a: \u571f\u4e0d\u571f\u4e0d\u4e0d\u571f\u4e0d\n|\n|-weather|RainDance|[upkeep]\n|upkeep\n|turn|23\n|\n|t:|1700813239\n|switch|p1a: \u5c41\u773c\u70e7\u7126\u54af|Rotom-Heat|58\/100\n|move|p2a: Kingdra|Surf|p1a: \u5c41\u773c\u70e7\u7126\u54af\n|-supereffective|p1a: \u5c41\u773c\u70e7\u7126\u54af\n|-damage|p1a: \u5c41\u773c\u70e7\u7126\u54af|0 fnt\n|faint|p1a: \u5c41\u773c\u70e7\u7126\u54af\n|\n|-weather|RainDance|[upkeep]\n|upkeep\n|\n|t:|1700813244\n|switch|p1a: \u359e\u56d6\u8b00\u61b6\u80bb\u5692\u5692|Banette-Mega, M|51\/100\n|turn|24\n|\n|t:|1700813247\n|move|p1a: \u359e\u56d6\u8b00\u61b6\u80bb\u5692\u5692|Substitute|p1a: \u359e\u56d6\u8b00\u61b6\u80bb\u5692\u5692\n|-start|p1a: \u359e\u56d6\u8b00\u61b6\u80bb\u5692\u5692|Substitute\n|-damage|p1a: \u359e\u56d6\u8b00\u61b6\u80bb\u5692\u5692|26\/100\n|move|p2a: Kingdra|Surf|p1a: \u359e\u56d6\u8b00\u61b6\u80bb\u5692\u5692\n|-end|p1a: \u359e\u56d6\u8b00\u61b6\u80bb\u5692\u5692|Substitute\n|\n|-weather|none\n|upkeep\n|turn|25\n|\n|t:|1700813254\n|move|p2a: Kingdra|Surf|p1a: \u359e\u56d6\u8b00\u61b6\u80bb\u5692\u5692\n|-damage|p1a: \u359e\u56d6\u8b00\u61b6\u80bb\u5692\u5692|0 fnt\n|faint|p1a: \u359e\u56d6\u8b00\u61b6\u80bb\u5692\u5692\n|\n|upkeep\n|\n|t:|1700813261\n|switch|p1a: \u52c7\u8005-\u5df4\u6258\u6d1b\u53f8|Urshifu-Rapid-Strike, M|100\/100\n|turn|26\n|\n|t:|1700813270\n|switch|p2a: Pelipper|Pelipper, F|59\/100 psn\n|-weather|RainDance|[from] ability: Drizzle|[of] p2a: Pelipper\n|-terastallize|p1a: \u52c7\u8005-\u5df4\u6258\u6d1b\u53f8|Water\n|move|p1a: \u52c7\u8005-\u5df4\u6258\u6d1b\u53f8|Surging Strikes|p2a: Pelipper\n|-resisted|p2a: Pelipper\n|-crit|p2a: Pelipper\n|-damage|p2a: Pelipper|44\/100 psn\n|-resisted|p2a: Pelipper\n|-crit|p2a: Pelipper\n|-damage|p2a: Pelipper|27\/100 psn\n|-resisted|p2a: Pelipper\n|-crit|p2a: Pelipper\n|-damage|p2a: Pelipper|9\/100 psn\n|-hitcount|p2a: Pelipper|3\n|\n|-weather|RainDance|[upkeep]\n|-damage|p2a: Pelipper|0 fnt|[from] psn\n|faint|p2a: Pelipper\n|upkeep\n|\n|t:|1700813284\n|switch|p2a: Kingdra|Kingdra, M|100\/100\n|turn|27\n|\n|t:|1700813288\n|switch|p1a: \u571f\u4e0d\u571f\u4e0d\u4e0d\u571f\u4e0d|Toxapex, F|100\/100\n|move|p2a: Kingdra|Draco Meteor|p1a: \u571f\u4e0d\u571f\u4e0d\u4e0d\u571f\u4e0d|[miss]\n|-miss|p2a: Kingdra|p1a: \u571f\u4e0d\u571f\u4e0d\u4e0d\u571f\u4e0d\n|\n|-weather|RainDance|[upkeep]\n|upkeep\n|turn|28\n|c|\u2606Amber-acid|\u5988\u7684\n|c|\u2606Amber-acid|\u5929\u8981\u4ea1\u6211\n|c|\u2606Amber-acid|\u4e03\u56db\u8fa3\n|\n|t:|1700813306\n|move|p2a: Kingdra|Draco Meteor|p1a: \u571f\u4e0d\u571f\u4e0d\u4e0d\u571f\u4e0d\n|-damage|p1a: \u571f\u4e0d\u571f\u4e0d\u4e0d\u571f\u4e0d|48\/100\n|-unboost|p2a: Kingdra|spa|2\n|move|p1a: \u571f\u4e0d\u571f\u4e0d\u4e0d\u571f\u4e0d|Toxic Spikes|p2a: Kingdra\n|-sidestart|p2: Amber-acid|move: Toxic Spikes\n|\n|-weather|RainDance|[upkeep]\n|upkeep\n|turn|29\n|\n|t:|1700813313\n|switch|p2a: Zapdos|Zapdos|100\/100\n|switch|p1a: \u5403\u6211\u86ee\u718a\u9707\u6012\uff01\uff01\uff01|Ursaluna, F|100\/100\n|\n|-weather|RainDance|[upkeep]\n|-status|p1a: \u5403\u6211\u86ee\u718a\u9707\u6012\uff01\uff01\uff01|brn|[from] item: Flame Orb\n|upkeep\n|turn|30\n|\n|t:|1700813320\n|move|p2a: Zapdos|Defog|p1a: \u5403\u6211\u86ee\u718a\u9707\u6012\uff01\uff01\uff01\n|-unboost|p1a: \u5403\u6211\u86ee\u718a\u9707\u6012\uff01\uff01\uff01|evasion|1\n|-sideend|p2: Amber-acid|Toxic Spikes|[from] move: Defog|[of] p2a: Zapdos\n|move|p1a: \u5403\u6211\u86ee\u718a\u9707\u6012\uff01\uff01\uff01|Facade|p2a: Zapdos\n|-damage|p2a: Zapdos|4\/100\n|\n|-weather|none\n|-damage|p1a: \u5403\u6211\u86ee\u718a\u9707\u6012\uff01\uff01\uff01|94\/100 brn|[from] brn\n|upkeep\n|turn|31\n|\n|t:|1700813329\n|move|p2a: Zapdos|Hurricane|p1a: \u5403\u6211\u86ee\u718a\u9707\u6012\uff01\uff01\uff01\n|-damage|p1a: \u5403\u6211\u86ee\u718a\u9707\u6012\uff01\uff01\uff01|56\/100 brn\n|-start|p1a: \u5403\u6211\u86ee\u718a\u9707\u6012\uff01\uff01\uff01|confusion\n|-activate|p1a: \u5403\u6211\u86ee\u718a\u9707\u6012\uff01\uff01\uff01|confusion\n|-damage|p1a: \u5403\u6211\u86ee\u718a\u9707\u6012\uff01\uff01\uff01|44\/100 brn|[from] confusion\n|\n|-damage|p1a: \u5403\u6211\u86ee\u718a\u9707\u6012\uff01\uff01\uff01|38\/100 brn|[from] brn\n|upkeep\n|turn|32\n|\n|t:|1700813337\n|move|p2a: Zapdos|Hurricane|p1a: \u5403\u6211\u86ee\u718a\u9707\u6012\uff01\uff01\uff01\n|-damage|p1a: \u5403\u6211\u86ee\u718a\u9707\u6012\uff01\uff01\uff01|0 fnt\n|faint|p1a: \u5403\u6211\u86ee\u718a\u9707\u6012\uff01\uff01\uff01\n|\n|upkeep\n|\n|t:|1700813342\n|switch|p1a: \u571f\u4e0d\u571f\u4e0d\u4e0d\u571f\u4e0d|Toxapex, F|82\/100\n|turn|33\n|\n|t:|1700813346\n|move|p2a: Zapdos|Volt Switch|p1a: \u571f\u4e0d\u571f\u4e0d\u4e0d\u571f\u4e0d\n|-supereffective|p1a: \u571f\u4e0d\u571f\u4e0d\u4e0d\u571f\u4e0d\n|-damage|p1a: \u571f\u4e0d\u571f\u4e0d\u4e0d\u571f\u4e0d|42\/100\n|\n|t:|1700813351\n|switch|p2a: Barraskewda|Barraskewda, M, shiny, tera:Water|59\/100 psn|[from] Volt Switch\n|move|p1a: \u571f\u4e0d\u571f\u4e0d\u4e0d\u571f\u4e0d|Knock Off|p2a: Barraskewda\n|-damage|p2a: Barraskewda|29\/100 psn\n|-enditem|p2a: Barraskewda|Choice Band|[from] move: Knock Off|[of] p1a: \u571f\u4e0d\u571f\u4e0d\u4e0d\u571f\u4e0d\n|\n|-damage|p2a: Barraskewda|17\/100 psn|[from] psn\n|upkeep\n|turn|34\n|\n|t:|1700813359\n|move|p1a: \u571f\u4e0d\u571f\u4e0d\u4e0d\u571f\u4e0d|Baneful Bunker|p1a: \u571f\u4e0d\u571f\u4e0d\u4e0d\u571f\u4e0d\n|-singleturn|p1a: \u571f\u4e0d\u571f\u4e0d\u4e0d\u571f\u4e0d|move: Protect\n|move|p2a: Barraskewda|Liquidation|p1a: \u571f\u4e0d\u571f\u4e0d\u4e0d\u571f\u4e0d\n|-activate|p1a: \u571f\u4e0d\u571f\u4e0d\u4e0d\u571f\u4e0d|move: Protect\n|\n|-damage|p2a: Barraskewda|5\/100 psn|[from] psn\n|upkeep\n|turn|35\n|\n|t:|1700813366\n|move|p2a: Barraskewda|Liquidation|p1a: \u571f\u4e0d\u571f\u4e0d\u4e0d\u571f\u4e0d\n|-resisted|p1a: \u571f\u4e0d\u571f\u4e0d\u4e0d\u571f\u4e0d\n|-damage|p1a: \u571f\u4e0d\u571f\u4e0d\u4e0d\u571f\u4e0d|20\/100\n|-damage|p2a: Barraskewda|0 fnt|[from] item: Rocky Helmet|[of] p1a: \u571f\u4e0d\u571f\u4e0d\u4e0d\u571f\u4e0d\n|faint|p2a: Barraskewda\n|move|p1a: \u571f\u4e0d\u571f\u4e0d\u4e0d\u571f\u4e0d|Recover|p1a: \u571f\u4e0d\u571f\u4e0d\u4e0d\u571f\u4e0d\n|-heal|p1a: \u571f\u4e0d\u571f\u4e0d\u4e0d\u571f\u4e0d|70\/100\n|\n|upkeep\n|\n|t:|1700813373\n|switch|p2a: Zapdos|Zapdos|4\/100\n|turn|36\n|\n|t:|1700813376\n|move|p2a: Zapdos|Volt Switch|p1a: \u571f\u4e0d\u571f\u4e0d\u4e0d\u571f\u4e0d\n|-supereffective|p1a: \u571f\u4e0d\u571f\u4e0d\u4e0d\u571f\u4e0d\n|-damage|p1a: \u571f\u4e0d\u571f\u4e0d\u4e0d\u571f\u4e0d|32\/100\n|\n|t:|1700813380\n|switch|p2a: Kingdra|Kingdra, M|100\/100|[from] Volt Switch\n|move|p1a: \u571f\u4e0d\u571f\u4e0d\u4e0d\u571f\u4e0d|Knock Off|p2a: Kingdra\n|-damage|p2a: Kingdra|82\/100\n|-enditem|p2a: Kingdra|Choice Specs|[from] move: Knock Off|[of] p1a: \u571f\u4e0d\u571f\u4e0d\u4e0d\u571f\u4e0d\n|\n|upkeep\n|turn|37\n|\n|t:|1700813387\n|move|p2a: Kingdra|Draco Meteor|p1a: \u571f\u4e0d\u571f\u4e0d\u4e0d\u571f\u4e0d\n|-damage|p1a: \u571f\u4e0d\u571f\u4e0d\u4e0d\u571f\u4e0d|0 fnt\n|-unboost|p2a: Kingdra|spa|2\n|faint|p1a: \u571f\u4e0d\u571f\u4e0d\u4e0d\u571f\u4e0d\n|\n|upkeep\n|\n|t:|1700813389\n|switch|p1a: \u52c7\u8005-\u5df4\u6258\u6d1b\u53f8|Urshifu-Rapid-Strike, M, tera:Water|100\/100\n|turn|38\n|\n|t:|1700813395\n|switch|p2a: Zapdos|Zapdos|4\/100\n|move|p1a: \u52c7\u8005-\u5df4\u6258\u6d1b\u53f8|Close Combat|p2a: Zapdos\n|-resisted|p2a: Zapdos\n|-damage|p2a: Zapdos|0 fnt\n|-unboost|p1a: \u52c7\u8005-\u5df4\u6258\u6d1b\u53f8|def|1\n|-unboost|p1a: \u52c7\u8005-\u5df4\u6258\u6d1b\u53f8|spd|1\n|faint|p2a: Zapdos\n|\n|upkeep\n|\n|t:|1700813404\n|switch|p2a: Kingdra|Kingdra, M|82\/100\n|turn|39\n|c|\u2606Amber-acid|\u6700\u540e\u4e00\u51fb\n|\n|t:|1700813414\n|move|p1a: \u52c7\u8005-\u5df4\u6258\u6d1b\u53f8|Close Combat|p2a: Kingdra\n|-damage|p2a: Kingdra|1\/100\n|-unboost|p1a: \u52c7\u8005-\u5df4\u6258\u6d1b\u53f8|def|1\n|-unboost|p1a: \u52c7\u8005-\u5df4\u6258\u6d1b\u53f8|spd|1\n|move|p2a: Kingdra|Surf|p1a: \u52c7\u8005-\u5df4\u6258\u6d1b\u53f8\n|-resisted|p1a: \u52c7\u8005-\u5df4\u6258\u6d1b\u53f8\n|-damage|p1a: \u52c7\u8005-\u5df4\u6258\u6d1b\u53f8|44\/100\n|\n|upkeep\n|turn|40\n|c|\u2606Followers of Roxy|\u6765\u5427\uff01\n|c|\u2606Amber-acid|gg\n|c|\u2606Followers of Roxy|gg\n|c|\u2606Amber-acid|\u8fd9\u6ca1\u6b7b\u554a\n|c|\u2606Amber-acid|\u54ed\u4e86\n|c|\u2606Followers of Roxy|\u54c8\u54c8\uff0c\u4e3a\u4ec0\u4e48\u4e0d\u6253\u9f99\u661f\u7fa4\uff1f\n|c|\u2606Followers of Roxy|\u9f99\u661f\u7fa4\u6211\u5c31g\u4e86\n|c|\u2606Amber-acid|\u6211\u6015miss\n|inactive|Amber-acid has 120 seconds left.\n|c|\u2606Followers of Roxy|\u53ef\u60dc\u4e86\u5144\u5f1f\n|c|\u2606Amber-acid|\u800c\u4e14\u4f60\u4e0d\u662f\u964d\u9632\u4e86\u5417\n|c|\u2606Amber-acid|\u56e0\u4e3a\u4e00\u5f00\u59cbmiss\u4e86\u4e00\u6ce2\n|c|\u2606Followers of Roxy|\u6c34\u7cfb\u62b5\u6297\u5440\n|c|\u2606Amber-acid|\u6211\u6015\u4e86\n|c|\u2606Amber-acid|\u77e5\u9053\u5427\n|\n|t:|1700813464\n|move|p1a: \u52c7\u8005-\u5df4\u6258\u6d1b\u53f8|Close Combat|p2a: Kingdra\n|-damage|p2a: Kingdra|0 fnt\n|-unboost|p1a: \u52c7\u8005-\u5df4\u6258\u6d1b\u53f8|def|1\n|-unboost|p1a: \u52c7\u8005-\u5df4\u6258\u6d1b\u53f8|spd|1\n|faint|p2a: Kingdra\n|\n|win|Followers of Roxy\n|raw|Followers of Roxy's rating: 1485 &rarr; <strong>1507<\/strong><br \/>(+22 for winning)\n|raw|Amber-acid's rating: 1521 &rarr; <strong>1499<\/strong><br \/>(-22 for losing)\n|c|\u2606Followers of Roxy|\u4f60\u773c\u955c\u8fd8\u88ab\u6211\u62cd\u6389\u4e86\n|c|\u2606Followers of Roxy|\u54c8\u54c8\n|c|\u2606Amber-acid|\u786e\u5b9e\n|l|\u2606Followers of Roxy\n","uploadtime":1700813490,"views":16,"p1id":"followersofroxy","p2id":"amberacid","formatid":"gen9nationaldex","rating":1499,"private":0,"password":""}