{"id":"gen9nationaldex-1999727016","p1":"Onlymanever","p2":"Oksan61","format":"[Gen 9] National Dex","log":"|html|<div class=\"broadcast-blue\"><strong>[Gen 9] National Dex is currently suspecting Sneasler! For information on how to participate check out the <a href=\"https:\/\/www.smogon.com\/forums\/threads\/sv-national-dex-suspect-8-just-dance.3731534\/\">suspect thread<\/a>.<\/strong><\/div>\n|j|\u2606Onlymanever\n|j|\u2606Oksan61\n|t:|1701111340\n|gametype|singles\n|player|p1|Onlymanever|lyra|1049\n|player|p2|Oksan61|lucas|1090\n|teamsize|p1|6\n|teamsize|p2|6\n|gen|9\n|tier|[Gen 9] National Dex\n|rated|\n|rule|HP Percentage Mod: HP is shown in percentages\n|rule|Endless Battle Clause: Forcing endless battles is banned\n|rule|OHKO Clause: OHKO moves are banned\n|rule|Evasion Clause: Evasion abilities, items, and moves are banned\n|rule|Evasion Abilities Clause: Evasion abilities are banned\n|rule|Evasion Items Clause: Evasion items are banned\n|rule|Evasion Moves Clause: Evasion moves are banned\n|rule|Species Clause: Limit one of each Pok\u00e9mon\n|rule|Sleep Clause Mod: Limit one foe put to sleep\n|clearpoke\n|poke|p1|Infernape, F|\n|poke|p1|Staraptor, M|\n|poke|p1|Leafeon, F|\n|poke|p1|Mr. Mime, F|\n|poke|p1|Floatzel, M|\n|poke|p1|Electivire, M|\n|poke|p2|Honchkrow, M|\n|poke|p2|Aerodactyl, M|\n|poke|p2|Avalugg, M|\n|poke|p2|Medicham, M|\n|poke|p2|Latios, M|\n|poke|p2|Gastrodon, F|\n|teampreview\n|inactive|Battle timer is ON: inactive players will automatically lose when time's up. (requested by Onlymanever)\n|\n|t:|1701111364\n|start\n|switch|p1a: Infernape|Infernape, F|100\/100\n|switch|p2a: Aerodactyl|Aerodactyl, M|100\/100\n|-ability|p2a: Aerodactyl|Pressure\n|turn|1\n|\n|t:|1701111391\n|move|p2a: Aerodactyl|Stealth Rock|p1a: Infernape\n|-sidestart|p1: Onlymanever|move: Stealth Rock\n|move|p1a: Infernape|Flare Blitz|p2a: Aerodactyl\n|-resisted|p2a: Aerodactyl\n|-damage|p2a: Aerodactyl|64\/100\n|-damage|p1a: Infernape|84\/100|[from] item: Rocky Helmet|[of] p2a: Aerodactyl\n|-damage|p1a: Infernape|69\/100|[from] Recoil\n|\n|-heal|p1a: Infernape|75\/100|[from] item: Leftovers\n|upkeep\n|turn|2\n|inactive|Onlymanever has 120 seconds left.\n|\n|t:|1701111415\n|move|p1a: Infernape|Close Combat|p2a: Aerodactyl\n|-damage|p2a: Aerodactyl|0 fnt\n|-unboost|p1a: Infernape|def|1\n|-unboost|p1a: Infernape|spd|1\n|-damage|p1a: Infernape|58\/100|[from] item: Rocky Helmet|[of] p2a: Aerodactyl\n|faint|p2a: Aerodactyl\n|\n|-heal|p1a: Infernape|64\/100|[from] item: Leftovers\n|upkeep\n|inactive|Oksan61 has 120 seconds left.\n|\n|t:|1701111449\n|switch|p2a: Latios|Latios, M|100\/100\n|turn|3\n|inactive|Onlymanever has 120 seconds left.\n|inactive|Onlymanever has 90 seconds left.\n|inactive|Onlymanever has 60 seconds left.\n|\n|t:|1701111525\n|switch|p1a: Mr. Mime|Mr. Mime, F|100\/100\n|-damage|p1a: Mr. Mime|88\/100|[from] Stealth Rock\n|move|p2a: Latios|Reflect|p2a: Latios\n|-sidestart|p2: Oksan61|Reflect\n|\n|-heal|p1a: Mr. Mime|94\/100|[from] item: Leftovers\n|upkeep\n|turn|4\n|inactive|Oksan61 has 120 seconds left.\n|inactive|Onlymanever has 60 seconds left.\n|\n|t:|1701111554\n|-terastallize|p1a: Mr. Mime|Steel\n|move|p2a: Latios|Light Screen|p2a: Latios\n|-sidestart|p2: Oksan61|move: Light Screen\n|move|p1a: Mr. Mime|Encore|p2a: Latios\n|-start|p2a: Latios|Encore\n|\n|-heal|p1a: Mr. Mime|99\/100|[from] item: Leftovers\n|upkeep\n|turn|5\n|\n|t:|1701111564\n|switch|p2a: Gastrodon|Gastrodon, F|100\/100\n|move|p1a: Mr. Mime|Calm Mind|p1a: Mr. Mime\n|-boost|p1a: Mr. Mime|spa|1\n|-boost|p1a: Mr. Mime|spd|1\n|\n|-heal|p1a: Mr. Mime|100\/100|[from] item: Leftovers\n|upkeep\n|turn|6\n|\n|t:|1701111572\n|move|p1a: Mr. Mime|Calm Mind|p1a: Mr. Mime\n|-boost|p1a: Mr. Mime|spa|1\n|-boost|p1a: Mr. Mime|spd|1\n|move|p2a: Gastrodon|Memento|p1a: Mr. Mime\n|-unboost|p1a: Mr. Mime|atk|2\n|-unboost|p1a: Mr. Mime|spa|2\n|faint|p2a: Gastrodon\n|\n|upkeep\n|\n|t:|1701111576\n|switch|p2a: Latios|Latios, M|100\/100\n|turn|7\n|\n|t:|1701111584\n|move|p2a: Latios|Memento|p1a: Mr. Mime\n|-unboost|p1a: Mr. Mime|atk|2\n|-unboost|p1a: Mr. Mime|spa|2\n|faint|p2a: Latios\n|move|p1a: Mr. Mime|Calm Mind|p1a: Mr. Mime\n|-boost|p1a: Mr. Mime|spa|1\n|-boost|p1a: Mr. Mime|spd|1\n|\n|upkeep\n|\n|t:|1701111586\n|switch|p2a: Honchkrow|Honchkrow, M|100\/100\n|turn|8\n|inactive|Onlymanever has 90 seconds left.\n|\n|t:|1701111596\n|-zpower|p2a: Honchkrow\n|move|p2a: Honchkrow|Z-Snatch|p2a: Honchkrow|[anim]Snatch\n|-boost|p2a: Honchkrow|spe|2|[zeffect]\n|-singleturn|p2a: Honchkrow|Snatch\n|move|p1a: Mr. Mime|Dazzling Gleam|p2a: Honchkrow\n|-supereffective|p2a: Honchkrow\n|-damage|p2a: Honchkrow|61\/100\n|\n|upkeep\n|turn|9\n|\n|t:|1701111605\n|move|p2a: Honchkrow|Drill Peck|p1a: Mr. Mime\n|-resisted|p1a: Mr. Mime\n|-damage|p1a: Mr. Mime|64\/100\n|move|p1a: Mr. Mime|Dazzling Gleam|p2a: Honchkrow\n|-supereffective|p2a: Honchkrow\n|-damage|p2a: Honchkrow|23\/100\n|\n|-heal|p1a: Mr. Mime|70\/100|[from] item: Leftovers\n|upkeep\n|turn|10\n|\n|t:|1701111614\n|move|p2a: Honchkrow|Sucker Punch|p1a: Mr. Mime\n|-damage|p1a: Mr. Mime|2\/100\n|move|p1a: Mr. Mime|Dazzling Gleam|p2a: Honchkrow\n|-supereffective|p2a: Honchkrow\n|-damage|p2a: Honchkrow|0 fnt\n|faint|p2a: Honchkrow\n|\n|-heal|p1a: Mr. Mime|8\/100|[from] item: Leftovers\n|-sideend|p2: Oksan61|Reflect\n|upkeep\n|\n|t:|1701111623\n|switch|p2a: Medicham|Medicham, M|100\/100\n|turn|11\n|\n|t:|1701111627\n|move|p1a: Mr. Mime|Psychic|p2a: Medicham\n|-damage|p2a: Medicham|82\/100\n|-unboost|p2a: Medicham|spd|1\n|move|p2a: Medicham|Trailblaze|p1a: Mr. Mime\n|-resisted|p1a: Mr. Mime\n|-damage|p1a: Mr. Mime|0 fnt\n|-boost|p2a: Medicham|spe|1\n|faint|p1a: Mr. Mime\n|\n|-sideend|p2: Oksan61|move: Light Screen\n|upkeep\n|\n|t:|1701111641\n|switch|p1a: Infernape|Infernape, F|64\/100\n|-damage|p1a: Infernape|52\/100|[from] Stealth Rock\n|turn|12\n|\n|t:|1701111646\n|detailschange|p2a: Medicham|Medicham-Mega, M\n|-mega|p2a: Medicham|Medicham|Medichamite\n|move|p2a: Medicham|Zen Headbutt|p1a: Infernape|[miss]\n|-miss|p2a: Medicham|p1a: Infernape\n|move|p1a: Infernape|Flare Blitz|p2a: Medicham\n|-damage|p2a: Medicham|13\/100\n|-damage|p1a: Infernape|27\/100|[from] Recoil\n|\n|-heal|p1a: Infernape|33\/100|[from] item: Leftovers\n|upkeep\n|turn|13\n|-message|Oksan61 forfeited.\n|\n|win|Onlymanever\n|raw|Onlymanever's rating: 1049 &rarr; <strong>1085<\/strong><br \/>(+36 for winning)\n|raw|Oksan61's rating: 1090 &rarr; <strong>1064<\/strong><br \/>(-26 for losing)\n|l|\u2606Oksan61\n","uploadtime":1701111664,"views":9,"p1id":"onlymanever","p2id":"oksan61","formatid":"gen9nationaldex","rating":1064,"private":0,"password":""}