{"id":"gen9nationaldex-1989258538","p1":"Ricky555","p2":"sleepytornad0","format":"[Gen 9] National Dex","log":"|j|\u2606Ricky555\n|j|\u2606sleepytornad0\n|t:|1699828908\n|gametype|singles\n|player|p1|Ricky555|2|1500\n|player|p2|sleepytornad0|pokemonrangerf|1381\n|teamsize|p1|6\n|teamsize|p2|6\n|gen|9\n|tier|[Gen 9] National Dex\n|rated|\n|rule|HP Percentage Mod: HP is shown in percentages\n|rule|Endless Battle Clause: Forcing endless battles is banned\n|rule|OHKO Clause: OHKO moves are banned\n|rule|Evasion Clause: Evasion abilities, items, and moves are banned\n|rule|Evasion Abilities Clause: Evasion abilities are banned\n|rule|Evasion Items Clause: Evasion items are banned\n|rule|Evasion Moves Clause: Evasion moves are banned\n|rule|Species Clause: Limit one of each Pok\u00e9mon\n|rule|Sleep Clause Mod: Limit one foe put to sleep\n|clearpoke\n|poke|p1|Pelipper, F|\n|poke|p1|Basculegion-F, F|\n|poke|p1|Swampert, M|\n|poke|p1|Ferrothorn, F|\n|poke|p1|Zapdos|\n|poke|p1|Volcarona, M|\n|poke|p2|Hatterene, F|\n|poke|p2|Gliscor, M|\n|poke|p2|Weavile, M|\n|poke|p2|Sneasler, M|\n|poke|p2|Zoroark-Hisui, F|\n|poke|p2|Scizor, F|\n|teampreview\n|inactive|Battle timer is ON: inactive players will automatically lose when time's up. (requested by Ricky555)\n|\n|t:|1699828918\n|start\n|switch|p1a: Pelipper|Pelipper, F|100\/100\n|switch|p2a: wewe bile|Weavile, M, shiny|100\/100\n|-weather|RainDance|[from] ability: Drizzle|[of] p1a: Pelipper\n|turn|1\n|\n|t:|1699828926\n|move|p2a: wewe bile|Knock Off|p1a: Pelipper\n|-damage|p1a: Pelipper|63\/100\n|-enditem|p1a: Pelipper|Damp Rock|[from] move: Knock Off|[of] p2a: wewe bile\n|move|p1a: Pelipper|U-turn|p2a: wewe bile\n|-supereffective|p2a: wewe bile\n|-damage|p2a: wewe bile|66\/100\n|\n|t:|1699828932\n|switch|p1a: Swampert|Swampert, M|100\/100|[from] U-turn\n|\n|-weather|RainDance|[upkeep]\n|upkeep\n|turn|2\n|\n|t:|1699828959\n|switch|p2a: MEGA SLASHR XTREME|Scizor, F, shiny|100\/100\n|detailschange|p1a: Swampert|Swampert-Mega, M\n|-mega|p1a: Swampert|Swampert|Swampertite\n|move|p1a: Swampert|Waterfall|p2a: MEGA SLASHR XTREME\n|-damage|p2a: MEGA SLASHR XTREME|28\/100\n|\n|-weather|RainDance|[upkeep]\n|upkeep\n|turn|3\n|inactive|sleepytornad0 has 120 seconds left.\n|\n|t:|1699828994\n|switch|p2a: GriddyDinner|Hatterene, F, shiny|100\/100\n|move|p1a: Swampert|Waterfall|p2a: GriddyDinner\n|-damage|p2a: GriddyDinner|47\/100\n|\n|-weather|RainDance|[upkeep]\n|-heal|p2a: GriddyDinner|53\/100|[from] item: Leftovers\n|upkeep\n|turn|4\n|inactive|sleepytornad0 has 90 seconds left.\n|\n|t:|1699829022\n|switch|p2a: THATzAzA|Gliscor, M, shiny|100\/100\n|move|p1a: Swampert|Waterfall|p2a: THATzAzA\n|-supereffective|p2a: THATzAzA\n|-damage|p2a: THATzAzA|0 fnt\n|faint|p2a: THATzAzA\n|\n|-weather|RainDance|[upkeep]\n|upkeep\n|inactive|sleepytornad0 has 90 seconds left.\n|\n|t:|1699829033\n|switch|p2a: GriddyDinner|Hatterene, F, shiny|53\/100\n|turn|5\n|inactive|sleepytornad0 has 90 seconds left.\n|\n|t:|1699829039\n|move|p1a: Swampert|Waterfall|p2a: GriddyDinner\n|-damage|p2a: GriddyDinner|0 fnt\n|faint|p2a: GriddyDinner\n|\n|-weather|RainDance|[upkeep]\n|upkeep\n|inactive|sleepytornad0 has 90 seconds left.\n|\n|t:|1699829047\n|switch|p2a: MEGA SLASHR XTREME|Scizor, F, shiny|28\/100\n|turn|6\n|\n|t:|1699829056\n|detailschange|p2a: MEGA SLASHR XTREME|Scizor-Mega, F, shiny\n|-mega|p2a: MEGA SLASHR XTREME|Scizor|Scizorite\n|move|p1a: Swampert|Waterfall|p2a: MEGA SLASHR XTREME\n|-damage|p2a: MEGA SLASHR XTREME|0 fnt\n|faint|p2a: MEGA SLASHR XTREME\n|\n|-weather|RainDance|[upkeep]\n|upkeep\n|\n|t:|1699829057\n|switch|p2a: wewe bile|Weavile, M, shiny|66\/100\n|turn|7\n|\n|t:|1699829064\n|move|p2a: wewe bile|Ice Shard|p1a: Swampert\n|-damage|p1a: Swampert|80\/100\n|move|p1a: Swampert|Waterfall|p2a: wewe bile\n|-damage|p2a: wewe bile|0 fnt\n|faint|p2a: wewe bile\n|\n|-weather|RainDance|[upkeep]\n|upkeep\n|\n|t:|1699829066\n|switch|p2a: Lean trap|Sneasler, M, shiny|100\/100\n|turn|8\n|\n|t:|1699829072\n|move|p1a: Swampert|Waterfall|p2a: Lean trap\n|-damage|p2a: Lean trap|0 fnt\n|faint|p2a: Lean trap\n|\n|-weather|none\n|upkeep\n|\n|t:|1699829079\n|switch|p2a: Zorussy|Zoroark-Hisui, F|100\/100\n|turn|9\n|\n|t:|1699829083\n|switch|p1a: Pelipper|Pelipper, F|63\/100\n|-weather|RainDance|[from] ability: Drizzle|[of] p1a: Pelipper\n|-zpower|p2a: Zorussy\n|move|p2a: Zorussy|Z-Happy Hour|p2a: Zorussy|[anim]Happy Hour\n|-boost|p2a: Zorussy|atk|1|[zeffect]\n|-boost|p2a: Zorussy|def|1|[zeffect]\n|-boost|p2a: Zorussy|spa|1|[zeffect]\n|-boost|p2a: Zorussy|spd|1|[zeffect]\n|-boost|p2a: Zorussy|spe|1|[zeffect]\n|\n|-weather|RainDance|[upkeep]\n|upkeep\n|turn|10\n|\n|t:|1699829090\n|move|p2a: Zorussy|Bitter Malice|p1a: Pelipper\n|-damage|p1a: Pelipper|0 fnt\n|faint|p1a: Pelipper\n|\n|-weather|RainDance|[upkeep]\n|upkeep\n|\n|t:|1699829096\n|switch|p1a: Swampert|Swampert-Mega, M|80\/100\n|turn|11\n|\n|t:|1699829099\n|move|p2a: Zorussy|Bitter Malice|p1a: Swampert\n|-damage|p1a: Swampert|26\/100\n|-unboost|p1a: Swampert|atk|1\n|move|p1a: Swampert|Waterfall|p2a: Zorussy\n|-damage|p2a: Zorussy|37\/100\n|\n|-weather|RainDance|[upkeep]\n|upkeep\n|turn|12\n|\n|t:|1699829109\n|move|p2a: Zorussy|Bitter Malice|p1a: Swampert\n|-crit|p1a: Swampert\n|-damage|p1a: Swampert|0 fnt\n|faint|p1a: Swampert\n|\n|-weather|RainDance|[upkeep]\n|upkeep\n|\n|t:|1699829113\n|switch|p1a: Basculegion|Basculegion-F, F|100\/100\n|turn|13\n|\n|t:|1699829116\n|-terastallize|p1a: Basculegion|Water\n|move|p1a: Basculegion|Surf|p2a: Zorussy\n|-damage|p2a: Zorussy|0 fnt\n|faint|p2a: Zorussy\n|\n|win|Ricky555\n|raw|Ricky555's rating: 1500 &rarr; <strong>1513<\/strong><br \/>(+13 for winning)\n|raw|sleepytornad0's rating: 1381 &rarr; <strong>1368<\/strong><br \/>(-13 for losing)\n","uploadtime":1699829121,"views":4,"p1id":"ricky555","p2id":"sleepytornad0","formatid":"gen9nationaldex","rating":1368,"private":0,"password":""}