{"id":"gen9nationaldex-1990213235","p1":"mtyqjltz5","p2":"g3ana","format":"[Gen 9] National Dex","log":"|j|\u2606mtyqjltz5\n|j|\u2606g3ana\n|t:|1699938319\n|gametype|singles\n|player|p1|mtyqjltz5|elesa|1142\n|player|p2|g3ana|lenora|1098\n|teamsize|p1|6\n|teamsize|p2|6\n|gen|9\n|tier|[Gen 9] National Dex\n|rated|\n|rule|HP Percentage Mod: HP is shown in percentages\n|rule|Endless Battle Clause: Forcing endless battles is banned\n|rule|OHKO Clause: OHKO moves are banned\n|rule|Evasion Clause: Evasion abilities, items, and moves are banned\n|rule|Evasion Abilities Clause: Evasion abilities are banned\n|rule|Evasion Items Clause: Evasion items are banned\n|rule|Evasion Moves Clause: Evasion moves are banned\n|rule|Species Clause: Limit one of each Pok\u00e9mon\n|rule|Sleep Clause Mod: Limit one foe put to sleep\n|clearpoke\n|poke|p1|Beedrill, M|\n|poke|p1|Chansey, F|\n|poke|p1|Garchomp, M|\n|poke|p1|Urshifu-*, M|\n|poke|p1|Zapdos|\n|poke|p1|Tapu Lele|\n|poke|p2|Medicham, F|\n|poke|p2|Gallade, M|\n|poke|p2|Meowscarada, F|\n|poke|p2|Ceruledge, F|\n|poke|p2|Staraptor, F|\n|poke|p2|Drampa, M|\n|teampreview\n|inactive|Battle timer is ON: inactive players will automatically lose when time's up. (requested by mtyqjltz5)\n|\n|t:|1699938345\n|start\n|switch|p1a: Beedrill|Beedrill, M|100\/100\n|switch|p2a: Mimic|Drampa, M, shiny|100\/100\n|turn|1\n|\n|t:|1699938365\n|detailschange|p1a: Beedrill|Beedrill-Mega, M\n|-mega|p1a: Beedrill|Beedrill|Beedrillite\n|move|p1a: Beedrill|U-turn|p2a: Mimic\n|-damage|p2a: Mimic|39\/100\n|-ability|p2a: Mimic|Berserk|boost\n|-boost|p2a: Mimic|spa|1\n|\n|t:|1699938371\n|switch|p1a: Chansey|Chansey, F|100\/100|[from] U-turn\n|move|p2a: Mimic|Dragon Pulse|p1a: Chansey\n|-damage|p1a: Chansey|77\/100\n|\n|upkeep\n|turn|2\n|inactive|g3ana has 120 seconds left.\n|\n|t:|1699938402\n|switch|p2a: Bolo|Gallade, M, shiny|100\/100\n|move|p1a: Chansey|Toxic|p2a: Bolo\n|-status|p2a: Bolo|tox\n|\n|-damage|p2a: Bolo|94\/100 tox|[from] psn\n|upkeep\n|turn|3\n|inactive|mtyqjltz5 has 120 seconds left.\n|\n|t:|1699938434\n|switch|p1a: Zapdos|Zapdos|100\/100\n|move|p2a: Bolo|Swords Dance|p2a: Bolo\n|-boost|p2a: Bolo|atk|2\n|\n|-damage|p2a: Bolo|82\/100 tox|[from] psn\n|upkeep\n|turn|4\n|inactive|g3ana has 120 seconds left.\n|inactive|g3ana has 90 seconds left.\n|\n|t:|1699938513\n|move|p2a: Bolo|Psycho Cut|p1a: Zapdos\n|-damage|p1a: Zapdos|1\/100\n|-damage|p2a: Bolo|72\/100 tox|[from] item: Life Orb\n|move|p1a: Zapdos|Hurricane|p2a: Bolo\n|-supereffective|p2a: Bolo\n|-damage|p2a: Bolo|0 fnt\n|faint|p2a: Bolo\n|\n|upkeep\n|\n|t:|1699938522\n|switch|p2a: Rottytops|Meowscarada, F, shiny|100\/100\n|turn|5\n|inactive|mtyqjltz5 has 120 seconds left.\n|\n|t:|1699938562\n|move|p2a: Rottytops|Flower Trick|p1a: Zapdos\n|-start|p2a: Rottytops|typechange|Grass|[from] ability: Protean\n|-resisted|p1a: Zapdos\n|-crit|p1a: Zapdos\n|-damage|p1a: Zapdos|0 fnt\n|faint|p1a: Zapdos\n|-damage|p2a: Rottytops|91\/100|[from] item: Life Orb\n|\n|upkeep\n|\n|t:|1699938568\n|switch|p1a: Tapu Lele|Tapu Lele|100\/100\n|-fieldstart|move: Psychic Terrain|[from] ability: Psychic Surge|[of] p1a: Tapu Lele\n|turn|6\n|\n|t:|1699938580\n|move|p1a: Tapu Lele|Psychic|p2a: Rottytops\n|-damage|p2a: Rottytops|0 fnt\n|faint|p2a: Rottytops\n|\n|upkeep\n|\n|t:|1699938583\n|switch|p2a: Mimic|Drampa, M, shiny|39\/100\n|turn|7\n|\n|t:|1699938586\n|move|p1a: Tapu Lele|Psychic|p2a: Mimic\n|-damage|p2a: Mimic|0 fnt\n|faint|p2a: Mimic\n|\n|upkeep\n|\n|t:|1699938589\n|switch|p2a: Risky Boots|Ceruledge, F, shiny|100\/100\n|turn|8\n|\n|t:|1699938594\n|-terastallize|p2a: Risky Boots|Ghost\n|move|p2a: Risky Boots|Shadow Sneak|p1a: Tapu Lele\n|-activate|p1a: Tapu Lele|move: Psychic Terrain\n|move|p1a: Tapu Lele|Psychic|p2a: Risky Boots\n|-damage|p2a: Risky Boots|27\/100\n|\n|upkeep\n|turn|9\n|\n|t:|1699938600\n|move|p1a: Tapu Lele|Psychic|p2a: Risky Boots\n|-damage|p2a: Risky Boots|0 fnt\n|faint|p2a: Risky Boots\n|\n|upkeep\n|\n|t:|1699938603\n|switch|p2a: Sky|Staraptor, F, shiny|100\/100\n|turn|10\n|inactive|mtyqjltz5 has 120 seconds left.\n|\n|t:|1699938637\n|move|p1a: Tapu Lele|Psychic|p2a: Sky\n|-damage|p2a: Sky|2\/100\n|move|p2a: Sky|Swagger|p1a: Tapu Lele\n|-boost|p1a: Tapu Lele|atk|2\n|-enditem|p2a: Sky|Mirror Herb\n|-boost|p2a: Sky|atk|2|[from] item: Mirror Herb\n|-start|p1a: Tapu Lele|confusion\n|\n|-fieldend|move: Psychic Terrain\n|upkeep\n|turn|11\n|inactive|mtyqjltz5 has 120 seconds left.\n|\n|t:|1699938656\n|switch|p1a: Chansey|Chansey, F|77\/100\n|move|p2a: Sky|Double-Edge|p1a: Chansey\n|-damage|p1a: Chansey|0 fnt\n|faint|p1a: Chansey\n|-damage|p2a: Sky|0 fnt|[from] Recoil\n|faint|p2a: Sky\n|\n|upkeep\n|\n|t:|1699938664\n|switch|p2a: Shantae|Medicham, F|100\/100\n|switch|p1a: Tapu Lele|Tapu Lele|100\/100\n|-fieldstart|move: Psychic Terrain|[from] ability: Psychic Surge|[of] p1a: Tapu Lele\n|turn|12\n|\n|t:|1699938670\n|detailschange|p2a: Shantae|Medicham-Mega, F\n|-mega|p2a: Shantae|Medicham|Medichamite\n|move|p1a: Tapu Lele|Moonblast|p2a: Shantae\n|-supereffective|p2a: Shantae\n|-damage|p2a: Shantae|0 fnt\n|faint|p2a: Shantae\n|\n|win|mtyqjltz5\n|raw|mtyqjltz5's rating: 1142 &rarr; <strong>1164<\/strong><br \/>(+22 for winning)\n|raw|g3ana's rating: 1098 &rarr; <strong>1076<\/strong><br \/>(-22 for losing)\n|l|\u2606g3ana\n","uploadtime":1699938692,"views":4,"p1id":"mtyqjltz5","p2id":"g3ana","formatid":"gen9nationaldex","rating":1076,"private":0,"password":""}