{"id":"gen9nationaldex-1993301403","p1":"The power of ROCK","p2":"Loserest Testing","format":"[Gen 9] National Dex","log":"|j|\u2606The power of ROCK\n|j|\u2606Loserest Testing\n|t:|1700293638\n|gametype|singles\n|player|p1|The power of ROCK|roark|\n|player|p2|Loserest Testing|bellelba|\n|teamsize|p1|6\n|teamsize|p2|6\n|gen|9\n|tier|[Gen 9] National Dex\n|rule|HP Percentage Mod: HP is shown in percentages\n|rule|Endless Battle Clause: Forcing endless battles is banned\n|rule|OHKO Clause: OHKO moves are banned\n|rule|Evasion Clause: Evasion abilities, items, and moves are banned\n|rule|Evasion Abilities Clause: Evasion abilities are banned\n|rule|Evasion Items Clause: Evasion items are banned\n|rule|Evasion Moves Clause: Evasion moves are banned\n|rule|Species Clause: Limit one of each Pok\u00e9mon\n|rule|Sleep Clause Mod: Limit one foe put to sleep\n|clearpoke\n|poke|p1|Tyranitar, M|\n|poke|p1|Garganacl, M|\n|poke|p1|Aggron, M|\n|poke|p1|Cradily, F|\n|poke|p1|Glimmora, M|\n|poke|p1|Avalugg-Hisui, M|\n|poke|p2|Dipplin, M|\n|poke|p2|Great Tusk|\n|poke|p2|Slowking-Galar, M|\n|poke|p2|Sneasler, M|\n|poke|p2|Ursaluna, F|\n|poke|p2|Iron Valiant|\n|teampreview\n|j| DoctorFiraga\n|c|\u2606The power of ROCK|Welcome to the ROCK gym\n|c|\u2606Loserest Testing|oo\n|c| DoctorFiraga|rock types rock\n|c|\u2606Loserest Testing|i want your rock gym\n|\n|t:|1700293680\n|start\n|switch|p1a: Garganacl|Garganacl, M|100\/100\n|switch|p2a: Sneasler|Sneasler, M|100\/100\n|turn|1\n|j| walpurgisnuit\n|c|\u2606Loserest Testing|i mean rock badge\n|\n|t:|1700293695\n|switch|p1a: Cradily|Cradily, F|100\/100\n|move|p2a: Sneasler|Close Combat|p1a: Cradily\n|-supereffective|p1a: Cradily\n|-damage|p1a: Cradily|0 fnt\n|-unboost|p2a: Sneasler|def|1\n|-unboost|p2a: Sneasler|spd|1\n|faint|p1a: Cradily\n|\n|upkeep\n|\n|t:|1700293699\n|switch|p1a: Garganacl|Garganacl, M|100\/100\n|turn|2\n|\n|t:|1700293715\n|-terastallize|p1a: Garganacl|Ghost\n|move|p2a: Sneasler|Close Combat|p1a: Garganacl\n|-immune|p1a: Garganacl\n|move|p1a: Garganacl|Salt Cure|p2a: Sneasler\n|-resisted|p2a: Sneasler\n|-damage|p2a: Sneasler|84\/100\n|-start|p2a: Sneasler|Salt Cure\n|\n|-damage|p2a: Sneasler|72\/100|[from] Salt Cure\n|upkeep\n|turn|3\n|\n|t:|1700293721\n|switch|p2a: Great Tusk|Great Tusk|100\/100\n|move|p1a: Garganacl|Salt Cure|p2a: Great Tusk\n|-resisted|p2a: Great Tusk\n|-damage|p2a: Great Tusk|99\/100\n|-start|p2a: Great Tusk|Salt Cure\n|\n|-damage|p2a: Great Tusk|87\/100|[from] Salt Cure\n|upkeep\n|turn|4\n|\n|t:|1700293724\n|move|p2a: Great Tusk|Stealth Rock|p1a: Garganacl\n|-sidestart|p1: The power of ROCK|move: Stealth Rock\n|move|p1a: Garganacl|Iron Defense|p1a: Garganacl\n|-boost|p1a: Garganacl|def|2\n|\n|-damage|p2a: Great Tusk|74\/100|[from] Salt Cure\n|upkeep\n|turn|5\n|\n|t:|1700293731\n|-end|p2a: Great Tusk|Protosynthesis|[silent]\n|switch|p2a: Slowking|Slowking-Galar, M|100\/100\n|move|p1a: Garganacl|Salt Cure|p2a: Slowking\n|-damage|p2a: Slowking|85\/100\n|-start|p2a: Slowking|Salt Cure\n|\n|-damage|p2a: Slowking|73\/100|[from] Salt Cure\n|upkeep\n|turn|6\n|\n|t:|1700293734\n|move|p1a: Garganacl|Iron Defense|p1a: Garganacl\n|-boost|p1a: Garganacl|def|2\n|move|p2a: Slowking|Future Sight|p1a: Garganacl\n|-start|p2a: Slowking|move: Future Sight\n|\n|-damage|p2a: Slowking|60\/100|[from] Salt Cure\n|upkeep\n|turn|7\n|\n|t:|1700293739\n|switch|p2a: Dipplin|Dipplin, M|100\/100\n|move|p1a: Garganacl|Body Press|p2a: Dipplin\n|-damage|p2a: Dipplin|73\/100\n|\n|upkeep\n|turn|8\n|\n|t:|1700293742\n|move|p1a: Garganacl|Salt Cure|p2a: Dipplin\n|-damage|p2a: Dipplin|67\/100\n|-start|p2a: Dipplin|Salt Cure\n|move|p2a: Dipplin|Dragon Tail|p1a: Garganacl\n|-damage|p1a: Garganacl|97\/100\n|drag|p1a: Tyranitar|Tyranitar, M|100\/100\n|-damage|p1a: Tyranitar|88\/100|[from] Stealth Rock\n|-weather|Sandstorm|[from] ability: Sand Stream|[of] p1a: Tyranitar\n|\n|-weather|Sandstorm|[upkeep]\n|-damage|p2a: Dipplin|61\/100|[from] Sandstorm\n|-end|p1a: Tyranitar|move: Future Sight\n|-immune|p1a: Tyranitar\n|-damage|p2a: Dipplin|49\/100|[from] Salt Cure\n|upkeep\n|turn|9\n|\n|t:|1700293752\n|switch|p2a: Great Tusk|Great Tusk|74\/100\n|move|p1a: Tyranitar|Knock Off|p2a: Great Tusk\n|-resisted|p2a: Great Tusk\n|-damage|p2a: Great Tusk|65\/100\n|-damage|p1a: Tyranitar|72\/100|[from] item: Rocky Helmet|[of] p2a: Great Tusk\n|-enditem|p2a: Great Tusk|Rocky Helmet|[from] move: Knock Off|[of] p1a: Tyranitar\n|\n|-weather|Sandstorm|[upkeep]\n|upkeep\n|turn|10\n|\n|t:|1700293788\n|switch|p1a: Garganacl|Garganacl, M, tera:Ghost|97\/100\n|-damage|p1a: Garganacl|84\/100|[from] Stealth Rock\n|move|p2a: Great Tusk|Earthquake|p1a: Garganacl\n|-damage|p1a: Garganacl|52\/100\n|\n|-weather|Sandstorm|[upkeep]\n|-damage|p1a: Garganacl|46\/100|[from] Sandstorm\n|upkeep\n|turn|11\n|\n|t:|1700293807\n|-end|p2a: Great Tusk|Protosynthesis|[silent]\n|switch|p2a: Ursaluna|Ursaluna, F|100\/100\n|move|p1a: Garganacl|Recover|p1a: Garganacl\n|-heal|p1a: Garganacl|96\/100\n|\n|-weather|Sandstorm|[upkeep]\n|-damage|p1a: Garganacl|90\/100|[from] Sandstorm\n|-status|p2a: Ursaluna|brn|[from] item: Flame Orb\n|upkeep\n|turn|12\n|\n|t:|1700293824\n|switch|p1a: Avalugg|Avalugg-Hisui, M|100\/100\n|move|p2a: Ursaluna|Headlong Rush|p1a: Avalugg\n|-supereffective|p1a: Avalugg\n|-damage|p1a: Avalugg|6\/100\n|-unboost|p2a: Ursaluna|def|1\n|-unboost|p2a: Ursaluna|spd|1\n|\n|-weather|none\n|-damage|p2a: Ursaluna|94\/100 brn|[from] brn\n|upkeep\n|turn|13\n|\n|t:|1700293830\n|move|p2a: Ursaluna|Headlong Rush|p1a: Avalugg\n|-supereffective|p1a: Avalugg\n|-damage|p1a: Avalugg|0 fnt\n|-unboost|p2a: Ursaluna|def|1\n|-unboost|p2a: Ursaluna|spd|1\n|faint|p1a: Avalugg\n|\n|-damage|p2a: Ursaluna|88\/100 brn|[from] brn\n|upkeep\n|\n|t:|1700293832\n|switch|p1a: Aggron|Aggron, M|100\/100\n|-damage|p1a: Aggron|94\/100|[from] Stealth Rock\n|turn|14\n|\n|t:|1700293840\n|switch|p2a: Great Tusk|Great Tusk|65\/100\n|detailschange|p1a: Aggron|Aggron-Mega, M\n|-mega|p1a: Aggron|Aggron|Aggronite\n|move|p1a: Aggron|Body Press|p2a: Great Tusk\n|-damage|p2a: Great Tusk|44\/100\n|\n|upkeep\n|turn|15\n|\n|t:|1700293844\n|move|p2a: Great Tusk|Earthquake|p1a: Aggron\n|-supereffective|p1a: Aggron\n|-damage|p1a: Aggron|71\/100\n|move|p1a: Aggron|Iron Defense|p1a: Aggron\n|-boost|p1a: Aggron|def|2\n|\n|upkeep\n|turn|16\n|\n|t:|1700293855\n|-end|p2a: Great Tusk|Protosynthesis|[silent]\n|switch|p2a: Dipplin|Dipplin, M|49\/100\n|move|p1a: Aggron|Body Press|p2a: Dipplin\n|-damage|p2a: Dipplin|11\/100\n|\n|upkeep\n|turn|17\n|\n|t:|1700293863\n|move|p1a: Aggron|Body Press|p2a: Dipplin\n|-damage|p2a: Dipplin|0 fnt\n|faint|p2a: Dipplin\n|\n|upkeep\n|\n|t:|1700293873\n|switch|p2a: Sneasler|Sneasler, M|72\/100\n|turn|18\n|\n|t:|1700293879\n|move|p2a: Sneasler|Close Combat|p1a: Aggron\n|-supereffective|p1a: Aggron\n|-damage|p1a: Aggron|41\/100\n|-unboost|p2a: Sneasler|def|1\n|-unboost|p2a: Sneasler|spd|1\n|move|p1a: Aggron|Iron Defense|p1a: Aggron\n|-boost|p1a: Aggron|def|2\n|\n|upkeep\n|turn|19\n|\n|t:|1700293884\n|move|p2a: Sneasler|Close Combat|p1a: Aggron\n|-supereffective|p1a: Aggron\n|-damage|p1a: Aggron|24\/100\n|-unboost|p2a: Sneasler|def|1\n|-unboost|p2a: Sneasler|spd|1\n|move|p1a: Aggron|Body Press|p2a: Sneasler\n|-resisted|p2a: Sneasler\n|-damage|p2a: Sneasler|0 fnt\n|faint|p2a: Sneasler\n|\n|upkeep\n|\n|t:|1700293894\n|switch|p2a: Slowking|Slowking-Galar, M|94\/100\n|turn|20\n|\n|t:|1700293898\n|move|p1a: Aggron|Body Press|p2a: Slowking\n|-resisted|p2a: Slowking\n|-damage|p2a: Slowking|59\/100\n|move|p2a: Slowking|Flamethrower|p1a: Aggron\n|-supereffective|p1a: Aggron\n|-damage|p1a: Aggron|0 fnt\n|faint|p1a: Aggron\n|\n|upkeep\n|\n|t:|1700293903\n|switch|p1a: Glimmora|Glimmora, M|100\/100\n|-damage|p1a: Glimmora|88\/100|[from] Stealth Rock\n|turn|21\n|\n|t:|1700293909\n|move|p1a: Glimmora|Spikes|p2a: Slowking\n|-sidestart|p2: Loserest Testing|Spikes\n|move|p2a: Slowking|Future Sight|p1a: Glimmora\n|-start|p2a: Slowking|move: Future Sight\n|\n|upkeep\n|turn|22\n|\n|t:|1700293914\n|switch|p2a: Great Tusk|Great Tusk|44\/100\n|-damage|p2a: Great Tusk|32\/100|[from] Spikes\n|move|p1a: Glimmora|Spikes|p2a: Great Tusk\n|-sidestart|p2: Loserest Testing|Spikes\n|\n|upkeep\n|turn|23\n|\n|t:|1700293938\n|switch|p1a: Tyranitar|Tyranitar, M|72\/100\n|-damage|p1a: Tyranitar|59\/100|[from] Stealth Rock\n|-weather|Sandstorm|[from] ability: Sand Stream|[of] p1a: Tyranitar\n|move|p2a: Great Tusk|Earthquake|p1a: Tyranitar\n|-supereffective|p1a: Tyranitar\n|-damage|p1a: Tyranitar|0 fnt\n|faint|p1a: Tyranitar\n|\n|-weather|Sandstorm|[upkeep]\n|-hint|Future Sight did not hit because the target is fainted.\n|upkeep\n|\n|t:|1700293943\n|switch|p1a: Garganacl|Garganacl, M, tera:Ghost|90\/100\n|-damage|p1a: Garganacl|77\/100|[from] Stealth Rock\n|turn|24\n|\n|t:|1700293958\n|move|p2a: Great Tusk|Earthquake|p1a: Garganacl\n|-damage|p1a: Garganacl|48\/100\n|move|p1a: Garganacl|Iron Defense|p1a: Garganacl\n|-boost|p1a: Garganacl|def|2\n|\n|-weather|Sandstorm|[upkeep]\n|-damage|p1a: Garganacl|42\/100|[from] Sandstorm\n|upkeep\n|turn|25\n|\n|t:|1700293961\n|-end|p2a: Great Tusk|Protosynthesis|[silent]\n|switch|p2a: Slowking|Slowking-Galar, M|92\/100\n|-damage|p2a: Slowking|76\/100|[from] Spikes\n|move|p1a: Garganacl|Recover|p1a: Garganacl\n|-heal|p1a: Garganacl|92\/100\n|\n|-weather|Sandstorm|[upkeep]\n|-damage|p1a: Garganacl|85\/100|[from] Sandstorm\n|-damage|p2a: Slowking|70\/100|[from] Sandstorm\n|upkeep\n|turn|26\n|\n|t:|1700293966\n|move|p1a: Garganacl|Iron Defense|p1a: Garganacl\n|-boost|p1a: Garganacl|def|2\n|move|p2a: Slowking|Future Sight|p1a: Garganacl\n|-start|p2a: Slowking|move: Future Sight\n|\n|-weather|Sandstorm|[upkeep]\n|-damage|p1a: Garganacl|79\/100|[from] Sandstorm\n|-damage|p2a: Slowking|63\/100|[from] Sandstorm\n|upkeep\n|turn|27\n|\n|t:|1700293968\n|move|p1a: Garganacl|Iron Defense|p1a: Garganacl\n|-boost|p1a: Garganacl|def|2\n|move|p2a: Slowking|Sludge Bomb|p1a: Garganacl\n|-resisted|p1a: Garganacl\n|-damage|p1a: Garganacl|67\/100\n|-enditem|p1a: Garganacl|Maranga Berry|[eat]\n|-boost|p1a: Garganacl|spd|1|[from] item: Maranga Berry\n|\n|-weather|none\n|upkeep\n|turn|28\n|\n|t:|1700293972\n|move|p1a: Garganacl|Recover|p1a: Garganacl\n|-heal|p1a: Garganacl|100\/100\n|move|p2a: Slowking|Sludge Bomb|p1a: Garganacl\n|-resisted|p1a: Garganacl\n|-damage|p1a: Garganacl|93\/100\n|\n|-end|p1a: Garganacl|move: Future Sight\n|-damage|p1a: Garganacl|71\/100\n|upkeep\n|turn|29\n|\n|t:|1700293974\n|move|p1a: Garganacl|Salt Cure|p2a: Slowking\n|-damage|p2a: Slowking|49\/100\n|-start|p2a: Slowking|Salt Cure\n|move|p2a: Slowking|Sludge Bomb|p1a: Garganacl\n|-resisted|p1a: Garganacl\n|-damage|p1a: Garganacl|64\/100\n|\n|-damage|p2a: Slowking|36\/100|[from] Salt Cure\n|upkeep\n|turn|30\n|\n|t:|1700293978\n|move|p1a: Garganacl|Recover|p1a: Garganacl\n|-heal|p1a: Garganacl|100\/100\n|move|p2a: Slowking|Sludge Bomb|p1a: Garganacl\n|-resisted|p1a: Garganacl\n|-damage|p1a: Garganacl|94\/100\n|\n|-damage|p2a: Slowking|24\/100|[from] Salt Cure\n|upkeep\n|turn|31\n|\n|t:|1700293981\n|move|p1a: Garganacl|Body Press|p2a: Slowking\n|-resisted|p2a: Slowking\n|-damage|p2a: Slowking|0 fnt\n|faint|p2a: Slowking\n|\n|upkeep\n|\n|t:|1700293999\n|switch|p2a: Great Tusk|Great Tusk|32\/100\n|-damage|p2a: Great Tusk|15\/100|[from] Spikes\n|turn|32\n|\n|t:|1700294002\n|move|p2a: Great Tusk|Earthquake|p1a: Garganacl\n|-damage|p1a: Garganacl|86\/100\n|move|p1a: Garganacl|Body Press|p2a: Great Tusk\n|-damage|p2a: Great Tusk|0 fnt\n|faint|p2a: Great Tusk\n|-end|p2a: Great Tusk|Protosynthesis|[silent]\n|\n|upkeep\n|\n|t:|1700294007\n|switch|p2a: Ursaluna|Ursaluna, F|88\/100 brn\n|-damage|p2a: Ursaluna|71\/100 brn|[from] Spikes\n|turn|33\n|\n|t:|1700294012\n|move|p2a: Ursaluna|Headlong Rush|p1a: Garganacl\n|-damage|p1a: Garganacl|70\/100\n|-unboost|p2a: Ursaluna|def|1\n|-unboost|p2a: Ursaluna|spd|1\n|move|p1a: Garganacl|Body Press|p2a: Ursaluna\n|-supereffective|p2a: Ursaluna\n|-damage|p2a: Ursaluna|0 fnt\n|faint|p2a: Ursaluna\n|\n|upkeep\n|\n|t:|1700294016\n|switch|p2a: Iron Valiant|Iron Valiant|100\/100\n|-damage|p2a: Iron Valiant|84\/100|[from] Spikes\n|-enditem|p2a: Iron Valiant|Booster Energy\n|-activate|p2a: Iron Valiant|ability: Quark Drive|[fromitem]\n|-start|p2a: Iron Valiant|quarkdrivespe\n|turn|34\n|\n|t:|1700294027\n|move|p2a: Iron Valiant|Encore|p1a: Garganacl\n|-start|p1a: Garganacl|Encore\n|move|p1a: Garganacl|Body Press|p2a: Iron Valiant\n|-resisted|p2a: Iron Valiant\n|-damage|p2a: Iron Valiant|21\/100\n|\n|upkeep\n|turn|35\n|\n|t:|1700294031\n|move|p2a: Iron Valiant|Moonblast|p1a: Garganacl\n|-damage|p1a: Garganacl|54\/100\n|move|p1a: Garganacl|Body Press|p2a: Iron Valiant\n|-resisted|p2a: Iron Valiant\n|-damage|p2a: Iron Valiant|0 fnt\n|faint|p2a: Iron Valiant\n|-end|p2a: Iron Valiant|Quark Drive|[silent]\n|\n|win|The power of ROCK\n|c|\u2606The power of ROCK|gg : )\n|l| walpurgisnuit\n|c|\u2606Loserest Testing|shoot\n|l|\u2606Loserest Testing\n|c| DoctorFiraga|That Garganacl was a menace\n|c|\u2606The power of ROCK|yep : )\n|c| DoctorFiraga|I love what you do\n|c|\u2606The power of ROCK|thx xD\n|l| DoctorFiraga\n|j| LucksmanDMormon\n|j|\u2606Loserest Testing\n|player|p2|Loserest Testing|bellelba\n|j| DoctorFiraga\n|l| DoctorFiraga\n","uploadtime":1700294039,"views":6,"p1id":"thepowerofrock","p2id":"loseresttesting","formatid":"gen9nationaldex","rating":0,"private":0,"password":""}