{"id":"gen9nationaldex-1998002739","p1":"Detingbuffalo06","p2":"ohcysp","format":"[Gen 9] National Dex","log":"|html|<div class=\"broadcast-blue\"><strong>[Gen 9] National Dex is currently suspecting Sneasler! For information on how to participate check out the <a href=\"https:\/\/www.smogon.com\/forums\/threads\/sv-national-dex-suspect-8-just-dance.3731534\/\">suspect thread<\/a>.<\/strong><\/div>\n|j|\u2606Detingbuffalo06\n|j|\u2606ohcysp\n|t:|1700877635\n|gametype|singles\n|player|p1|Detingbuffalo06|flint|1522\n|player|p2|ohcysp|cynthia|1491\n|teamsize|p1|6\n|teamsize|p2|6\n|gen|9\n|tier|[Gen 9] National Dex\n|rated|\n|rule|HP Percentage Mod: HP is shown in percentages\n|rule|Endless Battle Clause: Forcing endless battles is banned\n|rule|OHKO Clause: OHKO moves are banned\n|rule|Evasion Clause: Evasion abilities, items, and moves are banned\n|rule|Evasion Abilities Clause: Evasion abilities are banned\n|rule|Evasion Items Clause: Evasion items are banned\n|rule|Evasion Moves Clause: Evasion moves are banned\n|rule|Species Clause: Limit one of each Pok\u00e9mon\n|rule|Sleep Clause Mod: Limit one foe put to sleep\n|clearpoke\n|poke|p1|Sharpedo, M|\n|poke|p1|Crawdaunt, M|\n|poke|p1|Hatterene, F|\n|poke|p1|Absol, M|\n|poke|p1|Froslass, F|\n|poke|p1|Manaphy|\n|poke|p2|Scizor, M|\n|poke|p2|Gastrodon-East, M|\n|poke|p2|Moltres|\n|poke|p2|Tapu Lele|\n|poke|p2|Weavile, F|\n|poke|p2|Garganacl, M|\n|teampreview\n|inactive|Battle timer is ON: inactive players will automatically lose when time's up. (requested by Detingbuffalo06)\n|\n|t:|1700877663\n|start\n|switch|p1a: Absol|Absol, M|100\/100\n|switch|p2a: THE PROCESS\u2122\ufe0f|Weavile, F|100\/100\n|-ability|p2a: THE PROCESS\u2122\ufe0f|Pressure\n|-ability|p1a: Absol|Pressure\n|turn|1\n|\n|t:|1700877671\n|detailschange|p1a: Absol|Absol-Mega, M\n|-mega|p1a: Absol|Absol|Absolite\n|move|p2a: THE PROCESS\u2122\ufe0f|Triple Axel|p1a: Absol\n|-damage|p1a: Absol|67\/100\n|-damage|p1a: Absol|4\/100\n|-damage|p1a: Absol|0 fnt\n|faint|p1a: Absol\n|-hitcount|p1: Absol|3\n|\n|upkeep\n|\n|t:|1700877680\n|switch|p1a: Sharpedo|Sharpedo, M|100\/100\n|turn|2\n|\n|t:|1700877685\n|switch|p2a: Gastrodon|Gastrodon-East, M|100\/100\n|move|p1a: Sharpedo|Protect||[still]\n|-fail|p1a: Sharpedo\n|\n|-ability|p1a: Sharpedo|Speed Boost|boost\n|-boost|p1a: Sharpedo|spe|1\n|upkeep\n|turn|3\n|\n|t:|1700877690\n|switch|p1a: Hatterene|Hatterene, F|100\/100\n|move|p2a: Gastrodon|Toxic|p1a: Hatterene\n|move|p1a: Hatterene|Toxic|p2a: Gastrodon|[from]ability: Magic Bounce\n|-status|p2a: Gastrodon|tox\n|\n|-damage|p2a: Gastrodon|94\/100 tox|[from] psn\n|upkeep\n|turn|4\n|\n|t:|1700877700\n|switch|p2a: Salt Dwarf \ud83e\uddc2\ud83e\uddcc|Garganacl, M|100\/100\n|move|p1a: Hatterene|Trick Room|p1a: Hatterene\n|-fieldstart|move: Trick Room|[of] p1a: Hatterene\n|\n|upkeep\n|turn|5\n|\n|t:|1700877706\n|move|p1a: Hatterene|Psychic|p2a: Salt Dwarf \ud83e\uddc2\ud83e\uddcc\n|-damage|p2a: Salt Dwarf \ud83e\uddc2\ud83e\uddcc|55\/100\n|-unboost|p2a: Salt Dwarf \ud83e\uddc2\ud83e\uddcc|spd|1\n|-damage|p1a: Hatterene|91\/100|[from] item: Life Orb\n|move|p2a: Salt Dwarf \ud83e\uddc2\ud83e\uddcc|Salt Cure|p1a: Hatterene\n|-damage|p1a: Hatterene|73\/100\n|-start|p1a: Hatterene|Salt Cure\n|\n|-heal|p2a: Salt Dwarf \ud83e\uddc2\ud83e\uddcc|61\/100|[from] item: Leftovers\n|-damage|p1a: Hatterene|61\/100|[from] Salt Cure\n|upkeep\n|turn|6\n|\n|t:|1700877711\n|switch|p2a: THE PROCESS\u2122\ufe0f|Weavile, F|100\/100\n|-ability|p2a: THE PROCESS\u2122\ufe0f|Pressure\n|move|p1a: Hatterene|Dazzling Gleam|p2a: THE PROCESS\u2122\ufe0f\n|-supereffective|p2a: THE PROCESS\u2122\ufe0f\n|-damage|p2a: THE PROCESS\u2122\ufe0f|0 fnt\n|faint|p2a: THE PROCESS\u2122\ufe0f\n|-damage|p1a: Hatterene|51\/100|[from] item: Life Orb\n|\n|-damage|p1a: Hatterene|39\/100|[from] Salt Cure\n|upkeep\n|\n|t:|1700877725\n|switch|p2a: Scizor|Scizor, M|100\/100\n|turn|7\n|\n|t:|1700877730\n|detailschange|p2a: Scizor|Scizor-Mega, M\n|-mega|p2a: Scizor|Scizor|Scizorite\n|-terastallize|p1a: Hatterene|Steel\n|move|p2a: Scizor|Bullet Punch|p1a: Hatterene\n|-resisted|p1a: Hatterene\n|-damage|p1a: Hatterene|23\/100\n|move|p1a: Hatterene|Mystical Fire|p2a: Scizor\n|-supereffective|p2a: Scizor\n|-damage|p2a: Scizor|0 fnt\n|faint|p2a: Scizor\n|-damage|p1a: Hatterene|13\/100|[from] item: Life Orb\n|\n|-damage|p1a: Hatterene|0 fnt|[from] Salt Cure\n|faint|p1a: Hatterene\n|upkeep\n|\n|t:|1700877746\n|switch|p1a: Crawdaunt|Crawdaunt, M|100\/100\n|switch|p2a: Tapu Lele|Tapu Lele|100\/100\n|-fieldstart|move: Psychic Terrain|[from] ability: Psychic Surge|[of] p2a: Tapu Lele\n|turn|8\n|\n|t:|1700877754\n|switch|p2a: Moltres|Moltres|100\/100\n|move|p1a: Crawdaunt|Knock Off|p2a: Moltres\n|-damage|p2a: Moltres|50\/100\n|-enditem|p2a: Moltres|Heavy-Duty Boots|[from] move: Knock Off|[of] p1a: Crawdaunt\n|\n|-fieldend|move: Trick Room\n|upkeep\n|turn|9\n|\n|t:|1700877761\n|move|p1a: Crawdaunt|Aqua Jet|p2a: Moltres\n|-hint|Psychic Terrain doesn't affect Pok\u00e9mon immune to Ground.\n|-supereffective|p2a: Moltres\n|-damage|p2a: Moltres|6\/100\n|-status|p1a: Crawdaunt|brn|[from] ability: Flame Body|[of] p2a: Moltres\n|move|p2a: Moltres|Toxic||[still]\n|-fail|p2a: Moltres\n|\n|-damage|p1a: Crawdaunt|94\/100 brn|[from] brn\n|upkeep\n|turn|10\n|\n|t:|1700877784\n|move|p2a: Moltres|Roost|p2a: Moltres\n|-heal|p2a: Moltres|56\/100\n|-singleturn|p2a: Moltres|move: Roost\n|move|p1a: Crawdaunt|Knock Off|p2a: Moltres\n|-damage|p2a: Moltres|39\/100\n|\n|-damage|p1a: Crawdaunt|88\/100 brn|[from] brn\n|upkeep\n|turn|11\n|\n|t:|1700877789\n|move|p2a: Moltres|Roost|p2a: Moltres\n|-heal|p2a: Moltres|89\/100\n|-singleturn|p2a: Moltres|move: Roost\n|move|p1a: Crawdaunt|Liquidation|p2a: Moltres\n|-supereffective|p2a: Moltres\n|-damage|p2a: Moltres|41\/100\n|\n|-damage|p1a: Crawdaunt|82\/100 brn|[from] brn\n|upkeep\n|turn|12\n|\n|t:|1700877793\n|move|p2a: Moltres|Flamethrower|p1a: Crawdaunt\n|-resisted|p1a: Crawdaunt\n|-damage|p1a: Crawdaunt|51\/100 brn\n|move|p1a: Crawdaunt|Liquidation|p2a: Moltres\n|-supereffective|p2a: Moltres\n|-damage|p2a: Moltres|0 fnt\n|faint|p2a: Moltres\n|\n|-damage|p1a: Crawdaunt|45\/100 brn|[from] brn\n|-fieldend|move: Psychic Terrain\n|upkeep\n|\n|t:|1700877802\n|switch|p2a: Tapu Lele|Tapu Lele|100\/100\n|-fieldstart|move: Psychic Terrain|[from] ability: Psychic Surge|[of] p2a: Tapu Lele\n|turn|13\n|\n|t:|1700877806\n|move|p2a: Tapu Lele|Moonblast|p1a: Crawdaunt\n|-supereffective|p1a: Crawdaunt\n|-damage|p1a: Crawdaunt|0 fnt\n|faint|p1a: Crawdaunt\n|\n|upkeep\n|\n|t:|1700877809\n|switch|p1a: Froslass|Froslass, F|100\/100\n|turn|14\n|\n|t:|1700877826\n|switch|p2a: Salt Dwarf \ud83e\uddc2\ud83e\uddcc|Garganacl, M|61\/100\n|move|p1a: Froslass|Shadow Ball|p2a: Salt Dwarf \ud83e\uddc2\ud83e\uddcc\n|-damage|p2a: Salt Dwarf \ud83e\uddc2\ud83e\uddcc|52\/100\n|\n|-heal|p2a: Salt Dwarf \ud83e\uddc2\ud83e\uddcc|58\/100|[from] item: Leftovers\n|upkeep\n|turn|15\n|\n|t:|1700877833\n|move|p1a: Froslass|Taunt|p2a: Salt Dwarf \ud83e\uddc2\ud83e\uddcc\n|-start|p2a: Salt Dwarf \ud83e\uddc2\ud83e\uddcc|move: Taunt\n|cant|p2a: Salt Dwarf \ud83e\uddc2\ud83e\uddcc|move: Taunt|Recover\n|\n|-heal|p2a: Salt Dwarf \ud83e\uddc2\ud83e\uddcc|65\/100|[from] item: Leftovers\n|upkeep\n|turn|16\n|\n|t:|1700877838\n|move|p1a: Froslass|Frost Breath|p2a: Salt Dwarf \ud83e\uddc2\ud83e\uddcc\n|-crit|p2a: Salt Dwarf \ud83e\uddc2\ud83e\uddcc\n|-damage|p2a: Salt Dwarf \ud83e\uddc2\ud83e\uddcc|40\/100\n|move|p2a: Salt Dwarf \ud83e\uddc2\ud83e\uddcc|Salt Cure|p1a: Froslass\n|-supereffective|p1a: Froslass\n|-damage|p1a: Froslass|51\/100\n|-start|p1a: Froslass|Salt Cure\n|-start|p2a: Salt Dwarf \ud83e\uddc2\ud83e\uddcc|Disable|Salt Cure|[from] ability: Cursed Body|[of] p1a: Froslass\n|\n|-heal|p2a: Salt Dwarf \ud83e\uddc2\ud83e\uddcc|46\/100|[from] item: Leftovers\n|-damage|p1a: Froslass|39\/100|[from] Salt Cure\n|upkeep\n|turn|17\n|\n|t:|1700877844\n|switch|p2a: Gastrodon|Gastrodon-East, M|94\/100 tox\n|move|p1a: Froslass|Destiny Bond|p1a: Froslass\n|-singlemove|p1a: Froslass|Destiny Bond\n|\n|-heal|p2a: Gastrodon|100\/100 tox|[from] item: Leftovers\n|-damage|p2a: Gastrodon|94\/100 tox|[from] psn\n|-damage|p1a: Froslass|26\/100|[from] Salt Cure\n|-fieldend|move: Psychic Terrain\n|upkeep\n|turn|18\n|\n|t:|1700877847\n|move|p1a: Froslass|Taunt|p2a: Gastrodon\n|-start|p2a: Gastrodon|move: Taunt\n|cant|p2a: Gastrodon|move: Taunt|Stealth Rock\n|\n|-heal|p2a: Gastrodon|100\/100 tox|[from] item: Leftovers\n|-damage|p2a: Gastrodon|88\/100 tox|[from] psn\n|-damage|p1a: Froslass|14\/100|[from] Salt Cure\n|upkeep\n|turn|19\n|\n|t:|1700877849\n|move|p1a: Froslass|Destiny Bond|p1a: Froslass\n|-singlemove|p1a: Froslass|Destiny Bond\n|move|p2a: Gastrodon|Scald|p1a: Froslass\n|-damage|p1a: Froslass|0 fnt\n|faint|p1a: Froslass\n|-activate|p1a: Froslass|move: Destiny Bond\n|faint|p2a: Gastrodon\n|\n|upkeep\n|\n|t:|1700877856\n|switch|p1a: Sharpedo|Sharpedo, M|100\/100\n|switch|p2a: Tapu Lele|Tapu Lele|100\/100\n|-fieldstart|move: Psychic Terrain|[from] ability: Psychic Surge|[of] p2a: Tapu Lele\n|turn|20\n|\n|t:|1700877860\n|move|p1a: Sharpedo|Protect|p1a: Sharpedo\n|-singleturn|p1a: Sharpedo|Protect\n|move|p2a: Tapu Lele|Moonblast|p1a: Sharpedo\n|-activate|p1a: Sharpedo|move: Protect\n|\n|-ability|p1a: Sharpedo|Speed Boost|boost\n|-boost|p1a: Sharpedo|spe|1\n|upkeep\n|turn|21\n|\n|t:|1700877861\n|move|p2a: Tapu Lele|Moonblast|p1a: Sharpedo\n|-supereffective|p1a: Sharpedo\n|-enditem|p1a: Sharpedo|Focus Sash\n|-damage|p1a: Sharpedo|1\/100\n|move|p1a: Sharpedo|Close Combat|p2a: Tapu Lele\n|-resisted|p2a: Tapu Lele\n|-damage|p2a: Tapu Lele|82\/100\n|-unboost|p1a: Sharpedo|def|1\n|-unboost|p1a: Sharpedo|spd|1\n|\n|-ability|p1a: Sharpedo|Speed Boost|boost\n|-boost|p1a: Sharpedo|spe|1\n|upkeep\n|turn|22\n|\n|t:|1700877864\n|move|p1a: Sharpedo|Destiny Bond|p1a: Sharpedo\n|-singlemove|p1a: Sharpedo|Destiny Bond\n|move|p2a: Tapu Lele|Moonblast|p1a: Sharpedo\n|-supereffective|p1a: Sharpedo\n|-damage|p1a: Sharpedo|0 fnt\n|faint|p1a: Sharpedo\n|-activate|p1a: Sharpedo|move: Destiny Bond\n|faint|p2a: Tapu Lele\n|\n|upkeep\n|\n|t:|1700877866\n|switch|p2a: Salt Dwarf \ud83e\uddc2\ud83e\uddcc|Garganacl, M|46\/100\n|switch|p1a: Manaphy|Manaphy|100\/100\n|turn|23\n|\n|t:|1700877869\n|-terastallize|p2a: Salt Dwarf \ud83e\uddc2\ud83e\uddcc|Ghost\n|move|p1a: Manaphy|Tail Glow|p1a: Manaphy\n|-boost|p1a: Manaphy|spa|3\n|move|p2a: Salt Dwarf \ud83e\uddc2\ud83e\uddcc|Recover|p2a: Salt Dwarf \ud83e\uddc2\ud83e\uddcc\n|-heal|p2a: Salt Dwarf \ud83e\uddc2\ud83e\uddcc|96\/100\n|\n|-heal|p2a: Salt Dwarf \ud83e\uddc2\ud83e\uddcc|100\/100|[from] item: Leftovers\n|upkeep\n|turn|24\n|\n|t:|1700877873\n|move|p1a: Manaphy|Scald|p2a: Salt Dwarf \ud83e\uddc2\ud83e\uddcc\n|-damage|p2a: Salt Dwarf \ud83e\uddc2\ud83e\uddcc|34\/100\n|move|p2a: Salt Dwarf \ud83e\uddc2\ud83e\uddcc|Salt Cure|p1a: Manaphy\n|-damage|p1a: Manaphy|89\/100\n|-start|p1a: Manaphy|Salt Cure\n|\n|-heal|p1a: Manaphy|95\/100|[from] item: Leftovers\n|-heal|p2a: Salt Dwarf \ud83e\uddc2\ud83e\uddcc|40\/100|[from] item: Leftovers\n|-damage|p1a: Manaphy|70\/100|[from] Salt Cure\n|-fieldend|move: Psychic Terrain\n|upkeep\n|turn|25\n|\n|t:|1700877876\n|move|p1a: Manaphy|Scald|p2a: Salt Dwarf \ud83e\uddc2\ud83e\uddcc\n|-damage|p2a: Salt Dwarf \ud83e\uddc2\ud83e\uddcc|0 fnt\n|faint|p2a: Salt Dwarf \ud83e\uddc2\ud83e\uddcc\n|\n|win|Detingbuffalo06\n|raw|Detingbuffalo06's rating: 1522 &rarr; <strong>1540<\/strong><br \/>(+18 for winning)\n|raw|ohcysp's rating: 1491 &rarr; <strong>1473<\/strong><br \/>(-18 for losing)\n|l|\u2606ohcysp\n","uploadtime":1700877926,"views":4,"p1id":"detingbuffalo06","p2id":"ohcysp","formatid":"gen9nationaldex","rating":1473,"private":0,"password":""}