{"id":"gen9nationaldex-1999449623","p1":"Dmath","p2":"arbiter1337","format":"[Gen 9] National Dex","log":"|html|<div class=\"broadcast-blue\"><strong>[Gen 9] National Dex is currently suspecting Sneasler! For information on how to participate check out the <a href=\"https:\/\/www.smogon.com\/forums\/threads\/sv-national-dex-suspect-8-just-dance.3731534\/\">suspect thread<\/a>.<\/strong><\/div>\n|j|\u2606Dmath\n|j|\u2606arbiter1337\n|t:|1701082355\n|gametype|singles\n|player|p1|Dmath|hugh|1417\n|player|p2|arbiter1337|hiker-gen4|1341\n|teamsize|p1|6\n|teamsize|p2|6\n|gen|9\n|tier|[Gen 9] National Dex\n|rated|\n|rule|HP Percentage Mod: HP is shown in percentages\n|rule|Endless Battle Clause: Forcing endless battles is banned\n|rule|OHKO Clause: OHKO moves are banned\n|rule|Evasion Clause: Evasion abilities, items, and moves are banned\n|rule|Evasion Abilities Clause: Evasion abilities are banned\n|rule|Evasion Items Clause: Evasion items are banned\n|rule|Evasion Moves Clause: Evasion moves are banned\n|rule|Species Clause: Limit one of each Pok\u00e9mon\n|rule|Sleep Clause Mod: Limit one foe put to sleep\n|clearpoke\n|poke|p1|Zapdos-Galar|\n|poke|p1|Whimsicott, M|\n|poke|p1|Hydreigon, M|\n|poke|p1|Ceruledge, M|\n|poke|p1|Tapu Fini|\n|poke|p1|Goodra-Hisui, M|\n|poke|p2|Tapu Lele|\n|poke|p2|Sneasler, M|\n|poke|p2|Gliscor, M|\n|poke|p2|Toxapex, M|\n|poke|p2|Tornadus-Therian, M|\n|poke|p2|Kartana|\n|teampreview\n|inactive|Battle timer is ON: inactive players will automatically lose when time's up. (requested by arbiter1337)\n|\n|t:|1701082382\n|start\n|switch|p1a: Sidvok|Zapdos-Galar|100\/100\n|switch|p2a: Tapu Lele|Tapu Lele, shiny|100\/100\n|-fieldstart|move: Psychic Terrain|[from] ability: Psychic Surge|[of] p2a: Tapu Lele\n|turn|1\n|\n|t:|1701082398\n|-terastallize|p1a: Sidvok|Flying\n|move|p2a: Tapu Lele|Future Sight|p1a: Sidvok\n|-start|p2a: Tapu Lele|move: Future Sight\n|move|p1a: Sidvok|Brave Bird|p2a: Tapu Lele\n|-damage|p2a: Tapu Lele|0 fnt\n|faint|p2a: Tapu Lele\n|-damage|p1a: Sidvok|72\/100|[from] Recoil\n|\n|upkeep\n|\n|t:|1701082414\n|switch|p2a: Sneasler|Sneasler, M|100\/100\n|-enditem|p2a: Sneasler|Psychic Seed\n|-boost|p2a: Sneasler|spd|1|[from] item: Psychic Seed\n|turn|2\n|\n|t:|1701082438\n|switch|p1a: Ashley|Tapu Fini|100\/100\n|-fieldstart|move: Misty Terrain|[from] ability: Misty Surge|[of] p1a: Ashley\n|move|p2a: Sneasler|Acrobatics|p1a: Ashley\n|-damage|p1a: Ashley|71\/100\n|-damage|p2a: Sneasler|84\/100|[from] item: Rocky Helmet|[of] p1a: Ashley\n|\n|upkeep\n|turn|3\n|inactive|Dmath has 120 seconds left.\n|\n|t:|1701082462\n|switch|p1a: Bobuth|Goodra-Hisui, M|100\/100\n|move|p2a: Sneasler|Swords Dance|p2a: Sneasler\n|-boost|p2a: Sneasler|atk|2\n|\n|-end|p1a: Bobuth|move: Future Sight\n|-resisted|p1a: Bobuth\n|-damage|p1a: Bobuth|88\/100\n|upkeep\n|turn|4\n|inactive|Dmath has 120 seconds left.\n|\n|t:|1701082474\n|switch|p1a: Thox|Whimsicott, M, shiny|100\/100\n|move|p2a: Sneasler|Low Kick|p1a: Thox\n|-resisted|p1a: Thox\n|-damage|p1a: Thox|89\/100\n|\n|-heal|p1a: Thox|95\/100|[from] item: Leftovers\n|upkeep\n|turn|5\n|\n|t:|1701082483\n|move|p1a: Thox|Encore|p2a: Sneasler\n|-start|p2a: Sneasler|Encore\n|move|p2a: Sneasler|Low Kick|p1a: Thox\n|-resisted|p1a: Thox\n|-damage|p1a: Thox|83\/100\n|\n|-heal|p1a: Thox|89\/100|[from] item: Leftovers\n|upkeep\n|turn|6\n|c|\u2606arbiter1337|what is this dumb ass set bro\n|\n|t:|1701082500\n|switch|p2a: Gliscor|Gliscor, M|100\/100\n|move|p1a: Thox|Substitute|p1a: Thox\n|-start|p1a: Thox|Substitute\n|-damage|p1a: Thox|64\/100\n|\n|-heal|p1a: Thox|70\/100|[from] item: Leftovers\n|-fieldend|Misty Terrain\n|-status|p2a: Gliscor|tox|[from] item: Toxic Orb\n|upkeep\n|turn|7\n|\n|t:|1701082510\n|move|p1a: Thox|Leech Seed|p2a: Gliscor|[miss]\n|-miss|p1a: Thox|p2a: Gliscor\n|move|p2a: Gliscor|U-turn|p1a: Thox\n|-activate|p1a: Thox|move: Substitute|[damage]\n|c|\u2606arbiter1337|God\u2019s love has limits\n|\n|t:|1701082516\n|switch|p2a: Kartana|Kartana|100\/100|[from] U-turn\n|\n|-heal|p1a: Thox|76\/100|[from] item: Leftovers\n|upkeep\n|turn|8\n|\n|t:|1701082532\n|move|p2a: Kartana|Sacred Sword|p1a: Thox\n|-resisted|p1a: Thox\n|-end|p1a: Thox|Substitute\n|-damage|p2a: Kartana|91\/100|[from] item: Life Orb\n|move|p1a: Thox|Moonblast|p2a: Kartana\n|-resisted|p2a: Kartana\n|-damage|p2a: Kartana|40\/100\n|-unboost|p2a: Kartana|spa|1\n|\n|-heal|p1a: Thox|82\/100|[from] item: Leftovers\n|upkeep\n|turn|9\n|\n|t:|1701082544\n|switch|p1a: Kane|Ceruledge, M|100\/100\n|move|p2a: Kartana|Sacred Sword|p1a: Kane\n|-immune|p1a: Kane\n|\n|upkeep\n|turn|10\n|c|\u2606arbiter1337|nah im gonna lose to some tarded gimmick set for the 343117th time\n|\n|t:|1701082572\n|switch|p2a: Gliscor|Gliscor, M|100\/100 tox\n|switch|p1a: Thox|Whimsicott, M, shiny|82\/100\n|\n|-heal|p1a: Thox|88\/100|[from] item: Leftovers\n|upkeep\n|turn|11\n|\n|t:|1701082583\n|move|p1a: Thox|Substitute|p1a: Thox\n|-start|p1a: Thox|Substitute\n|-damage|p1a: Thox|63\/100\n|move|p2a: Gliscor|Stealth Rock|p1a: Thox\n|-sidestart|p1: Dmath|move: Stealth Rock\n|\n|-heal|p1a: Thox|69\/100|[from] item: Leftovers\n|upkeep\n|turn|12\n|\n|t:|1701082593\n|switch|p2a: Sneasler|Sneasler, M|84\/100\n|move|p1a: Thox|Moonblast|p2a: Sneasler\n|-damage|p2a: Sneasler|37\/100\n|\n|-heal|p1a: Thox|75\/100|[from] item: Leftovers\n|upkeep\n|turn|13\n|\n|t:|1701082605\n|move|p2a: Sneasler|Dire Claw|p1a: Thox\n|-supereffective|p1a: Thox\n|-crit|p1a: Thox\n|-end|p1a: Thox|Substitute\n|move|p1a: Thox|Moonblast|p2a: Sneasler\n|-damage|p2a: Sneasler|0 fnt\n|faint|p2a: Sneasler\n|\n|-heal|p1a: Thox|82\/100|[from] item: Leftovers\n|upkeep\n|c|\u2606arbiter1337|ok im done\n|c|\u2606arbiter1337|k y and s\n|-message|arbiter1337 forfeited.\n|\n|win|Dmath\n|raw|Dmath's rating: 1417 &rarr; <strong>1433<\/strong><br \/>(+16 for winning)\n|raw|arbiter1337's rating: 1341 &rarr; <strong>1325<\/strong><br \/>(-16 for losing)\n","uploadtime":1701082629,"views":66,"p1id":"dmath","p2id":"arbiter1337","formatid":"gen9nationaldex","rating":1325,"private":0,"password":""}