{"id":"gen9nationaldex-2000335232","p1":"Cringelord19","p2":"boi in the back","format":"[Gen 9] National Dex","log":"|html|<div class=\"broadcast-blue\"><strong>[Gen 9] National Dex is currently suspecting Sneasler! For information on how to participate check out the <a href=\"https:\/\/www.smogon.com\/forums\/threads\/sv-national-dex-suspect-8-just-dance.3731534\/\">suspect thread<\/a>.<\/strong><\/div>\n|j|\u2606Cringelord19\n|j|\u2606boi in the back\n|t:|1701185996\n|gametype|singles\n|player|p1|Cringelord19|265|1130\n|player|p2|boi in the back|penny|1173\n|teamsize|p1|6\n|teamsize|p2|6\n|gen|9\n|tier|[Gen 9] National Dex\n|rated|\n|rule|HP Percentage Mod: HP is shown in percentages\n|rule|Endless Battle Clause: Forcing endless battles is banned\n|rule|OHKO Clause: OHKO moves are banned\n|rule|Evasion Clause: Evasion abilities, items, and moves are banned\n|rule|Evasion Abilities Clause: Evasion abilities are banned\n|rule|Evasion Items Clause: Evasion items are banned\n|rule|Evasion Moves Clause: Evasion moves are banned\n|rule|Species Clause: Limit one of each Pok\u00e9mon\n|rule|Sleep Clause Mod: Limit one foe put to sleep\n|clearpoke\n|poke|p1|Metagross|\n|poke|p1|Tangrowth, M|\n|poke|p1|Tentacruel, F|\n|poke|p1|Bouffalant, F|\n|poke|p1|Toucannon, M|\n|poke|p1|Turtonator, M|\n|poke|p2|Victini|\n|poke|p2|Charizard, F|\n|poke|p2|Tornadus-Therian, M|\n|poke|p2|Sinistcha|\n|poke|p2|Gliscor, F|\n|poke|p2|Toxapex, M|\n|teampreview\n|inactive|Battle timer is ON: inactive players will automatically lose when time's up. (requested by boi in the back)\n|\n|t:|1701186002\n|start\n|switch|p1a: Metagross|Metagross|100\/100\n|switch|p2a: Charizard|Charizard, F|100\/100\n|turn|1\n|\n|t:|1701186010\n|switch|p1a: Tentacruel|Tentacruel, F|100\/100\n|detailschange|p2a: Charizard|Charizard-Mega-Y, F\n|-mega|p2a: Charizard|Charizard|Charizardite Y\n|-weather|SunnyDay|[from] ability: Drought|[of] p2a: Charizard\n|move|p2a: Charizard|Weather Ball|p1a: Tentacruel\n|-resisted|p1a: Tentacruel\n|-damage|p1a: Tentacruel|51\/100\n|\n|-weather|SunnyDay|[upkeep]\n|-heal|p1a: Tentacruel|57\/100|[from] item: Black Sludge\n|upkeep\n|turn|2\n|\n|t:|1701186018\n|move|p1a: Tentacruel|Rapid Spin|p2a: Charizard\n|-damage|p2a: Charizard|91\/100\n|-boost|p1a: Tentacruel|spe|1\n|move|p2a: Charizard|Air Slash|p1a: Tentacruel\n|-damage|p1a: Tentacruel|8\/100\n|\n|-weather|SunnyDay|[upkeep]\n|-heal|p1a: Tentacruel|14\/100|[from] item: Black Sludge\n|upkeep\n|turn|3\n|\n|t:|1701186024\n|switch|p2a: Toxapex|Toxapex, M|100\/100\n|move|p1a: Tentacruel|Scald|p2a: Toxapex\n|-resisted|p2a: Toxapex\n|-damage|p2a: Toxapex|94\/100\n|\n|-weather|SunnyDay|[upkeep]\n|-heal|p1a: Tentacruel|20\/100|[from] item: Black Sludge\n|-heal|p2a: Toxapex|99\/100|[from] item: Black Sludge\n|upkeep\n|turn|4\n|\n|t:|1701186032\n|switch|p1a: Metagross|Metagross|100\/100\n|move|p2a: Toxapex|Knock Off|p1a: Metagross\n|-supereffective|p1a: Metagross\n|-damage|p1a: Metagross|77\/100\n|-enditem|p1a: Metagross|Choice Band|[from] move: Knock Off|[of] p2a: Toxapex\n|\n|-weather|SunnyDay|[upkeep]\n|-heal|p2a: Toxapex|100\/100|[from] item: Black Sludge\n|upkeep\n|turn|5\n|\n|t:|1701186038\n|move|p1a: Metagross|Earthquake|p2a: Toxapex\n|-supereffective|p2a: Toxapex\n|-damage|p2a: Toxapex|49\/100\n|move|p2a: Toxapex|Scald|p1a: Metagross\n|-damage|p1a: Metagross|70\/100\n|-status|p1a: Metagross|brn\n|\n|-weather|none\n|-heal|p2a: Toxapex|55\/100|[from] item: Black Sludge\n|-damage|p1a: Metagross|64\/100 brn|[from] brn\n|upkeep\n|turn|6\n|\n|t:|1701186045\n|switch|p2a: Gliscor|Gliscor, F|100\/100\n|move|p1a: Metagross|Earthquake|p2a: Gliscor\n|-immune|p2a: Gliscor\n|\n|-damage|p1a: Metagross|58\/100 brn|[from] brn\n|-status|p2a: Gliscor|tox|[from] item: Toxic Orb\n|upkeep\n|turn|7\n|\n|t:|1701186051\n|move|p2a: Gliscor|Swords Dance|p2a: Gliscor\n|-boost|p2a: Gliscor|atk|2\n|move|p1a: Metagross|Ice Punch|p2a: Gliscor\n|-supereffective|p2a: Gliscor\n|-crit|p2a: Gliscor\n|-damage|p2a: Gliscor|8\/100 tox\n|\n|-heal|p2a: Gliscor|21\/100 tox|[from] ability: Poison Heal\n|-damage|p1a: Metagross|52\/100 brn|[from] brn\n|upkeep\n|turn|8\n|\n|t:|1701186064\n|move|p2a: Gliscor|Earthquake|p1a: Metagross\n|-supereffective|p1a: Metagross\n|-damage|p1a: Metagross|0 fnt\n|faint|p1a: Metagross\n|\n|-heal|p2a: Gliscor|33\/100 tox|[from] ability: Poison Heal\n|upkeep\n|\n|t:|1701186068\n|switch|p1a: Toucannon|Toucannon, M|100\/100\n|turn|9\n|\n|t:|1701186071\n|move|p2a: Gliscor|Scale Shot|p1a: Toucannon\n|-damage|p1a: Toucannon|82\/100\n|-damage|p1a: Toucannon|65\/100\n|-damage|p1a: Toucannon|47\/100\n|-damage|p1a: Toucannon|29\/100\n|-hitcount|p1a: Toucannon|4\n|-unboost|p2a: Gliscor|def|1\n|-boost|p2a: Gliscor|spe|1\n|move|p1a: Toucannon|Bullet Seed|p2a: Gliscor\n|-damage|p2a: Gliscor|19\/100 tox\n|-damage|p2a: Gliscor|5\/100 tox\n|-damage|p2a: Gliscor|0 fnt\n|faint|p2a: Gliscor\n|-hitcount|p2: Gliscor|3\n|\n|upkeep\n|\n|t:|1701186084\n|switch|p2a: Charizard|Charizard-Mega-Y, F|91\/100\n|-weather|SunnyDay|[from] ability: Drought|[of] p2a: Charizard\n|turn|10\n|\n|t:|1701186087\n|switch|p2a: Victini|Victini|100\/100\n|move|p1a: Toucannon|Rock Blast|p2a: Victini\n|-supereffective|p2a: Victini\n|-damage|p2a: Victini|83\/100\n|-supereffective|p2a: Victini\n|-damage|p2a: Victini|65\/100\n|-supereffective|p2a: Victini\n|-damage|p2a: Victini|47\/100\n|-supereffective|p2a: Victini\n|-damage|p2a: Victini|28\/100\n|-supereffective|p2a: Victini\n|-damage|p2a: Victini|11\/100\n|-hitcount|p2a: Victini|5\n|\n|-weather|SunnyDay|[upkeep]\n|upkeep\n|turn|11\n|\n|t:|1701186099\n|move|p2a: Victini|Thunderbolt|p1a: Toucannon\n|-supereffective|p1a: Toucannon\n|-damage|p1a: Toucannon|0 fnt\n|faint|p1a: Toucannon\n|\n|-weather|SunnyDay|[upkeep]\n|upkeep\n|\n|t:|1701186106\n|switch|p1a: Tentacruel|Tentacruel, F|20\/100\n|turn|12\n|\n|t:|1701186109\n|move|p2a: Victini|Thunderbolt|p1a: Tentacruel\n|-supereffective|p1a: Tentacruel\n|-damage|p1a: Tentacruel|0 fnt\n|faint|p1a: Tentacruel\n|\n|-weather|SunnyDay|[upkeep]\n|upkeep\n|\n|t:|1701186112\n|switch|p1a: Turtonator|Turtonator, M|100\/100\n|turn|13\n|\n|t:|1701186117\n|-zpower|p2a: Victini\n|move|p2a: Victini|Z-Celebrate|p2a: Victini|[anim]Celebrate\n|-boost|p2a: Victini|atk|1|[zeffect]\n|-boost|p2a: Victini|def|1|[zeffect]\n|-boost|p2a: Victini|spa|1|[zeffect]\n|-boost|p2a: Victini|spd|1|[zeffect]\n|-boost|p2a: Victini|spe|1|[zeffect]\n|-activate|p2a: Victini|move: Celebrate\n|move|p1a: Turtonator|Shell Smash|p1a: Turtonator\n|-unboost|p1a: Turtonator|def|1\n|-unboost|p1a: Turtonator|spd|1\n|-boost|p1a: Turtonator|atk|2\n|-boost|p1a: Turtonator|spa|2\n|-boost|p1a: Turtonator|spe|2\n|-enditem|p1a: Turtonator|White Herb\n|-clearnegativeboost|p1a: Turtonator|[silent]\n|\n|-weather|SunnyDay|[upkeep]\n|upkeep\n|turn|14\n|\n|t:|1701186125\n|move|p2a: Victini|Psyshock|p1a: Turtonator\n|-damage|p1a: Turtonator|48\/100\n|move|p1a: Turtonator|Flamethrower|p2a: Victini\n|-resisted|p2a: Victini\n|-damage|p2a: Victini|0 fnt\n|faint|p2a: Victini\n|\n|-weather|none\n|upkeep\n|\n|t:|1701186132\n|switch|p2a: Toxapex|Toxapex, M|89\/100\n|turn|15\n|\n|t:|1701186135\n|move|p1a: Turtonator|Scorching Sands|p2a: Toxapex\n|-supereffective|p2a: Toxapex\n|-damage|p2a: Toxapex|13\/100\n|-status|p2a: Toxapex|brn\n|move|p2a: Toxapex|Scald|p1a: Turtonator\n|-damage|p1a: Turtonator|28\/100\n|\n|-heal|p2a: Toxapex|19\/100 brn|[from] item: Black Sludge\n|-damage|p2a: Toxapex|13\/100 brn|[from] brn\n|upkeep\n|turn|16\n|\n|t:|1701186143\n|switch|p2a: Tornadus|Tornadus-Therian, M|100\/100\n|move|p1a: Turtonator|Scorching Sands|p2a: Tornadus\n|-immune|p2a: Tornadus\n|\n|upkeep\n|turn|17\n|\n|t:|1701186152\n|move|p2a: Tornadus|Toxic|p1a: Turtonator\n|-status|p1a: Turtonator|tox\n|move|p1a: Turtonator|Flamethrower|p2a: Tornadus\n|-damage|p2a: Tornadus|12\/100\n|\n|-damage|p1a: Turtonator|22\/100 tox|[from] psn\n|upkeep\n|turn|18\n|\n|t:|1701186157\n|move|p2a: Tornadus|U-turn|p1a: Turtonator\n|-resisted|p1a: Turtonator\n|-damage|p1a: Turtonator|14\/100 tox\n|\n|t:|1701186159\n|switch|p2a: Toxapex|Toxapex, M|46\/100 brn|[from] U-turn\n|move|p1a: Turtonator|Flamethrower|p2a: Toxapex\n|-resisted|p2a: Toxapex\n|-damage|p2a: Toxapex|10\/100 brn\n|\n|-heal|p2a: Toxapex|17\/100 brn|[from] item: Black Sludge\n|-damage|p1a: Turtonator|2\/100 tox|[from] psn\n|-damage|p2a: Toxapex|10\/100 brn|[from] brn\n|upkeep\n|turn|19\n|\n|t:|1701186164\n|switch|p2a: Tornadus|Tornadus-Therian, M|46\/100\n|move|p1a: Turtonator|Scorching Sands|p2a: Tornadus\n|-immune|p2a: Tornadus\n|\n|-damage|p1a: Turtonator|0 fnt|[from] psn\n|faint|p1a: Turtonator\n|upkeep\n|\n|t:|1701186167\n|switch|p1a: Bouffalant|Bouffalant, F|100\/100\n|turn|20\n|\n|t:|1701186170\n|move|p2a: Tornadus|U-turn|p1a: Bouffalant\n|-damage|p1a: Bouffalant|87\/100\n|\n|t:|1701186172\n|switch|p2a: Sinistcha|Sinistcha|100\/100|[from] U-turn\n|move|p1a: Bouffalant|Body Slam|p2a: Sinistcha\n|-immune|p2a: Sinistcha\n|\n|upkeep\n|turn|21\n|\n|t:|1701186178\n|move|p2a: Sinistcha|Calm Mind|p2a: Sinistcha\n|-boost|p2a: Sinistcha|spa|1\n|-boost|p2a: Sinistcha|spd|1\n|move|p1a: Bouffalant|Throat Chop|p2a: Sinistcha\n|-supereffective|p2a: Sinistcha\n|-damage|p2a: Sinistcha|49\/100\n|-start|p2a: Sinistcha|Throat Chop|[silent]\n|-damage|p1a: Bouffalant|77\/100|[from] item: Life Orb\n|\n|-heal|p2a: Sinistcha|55\/100|[from] item: Leftovers\n|upkeep\n|turn|22\n|\n|t:|1701186184\n|move|p2a: Sinistcha|Matcha Gotcha|p1a: Bouffalant\n|-ability|p1a: Bouffalant|Sap Sipper|boost\n|-boost|p1a: Bouffalant|atk|1\n|move|p1a: Bouffalant|Throat Chop|p2a: Sinistcha\n|-supereffective|p2a: Sinistcha\n|-damage|p2a: Sinistcha|0 fnt\n|faint|p2a: Sinistcha\n|-damage|p1a: Bouffalant|67\/100|[from] item: Life Orb\n|\n|upkeep\n|\n|t:|1701186189\n|switch|p2a: Charizard|Charizard-Mega-Y, F|91\/100\n|-weather|SunnyDay|[from] ability: Drought|[of] p2a: Charizard\n|turn|23\n|\n|t:|1701186192\n|move|p2a: Charizard|Weather Ball|p1a: Bouffalant\n|-damage|p1a: Bouffalant|0 fnt\n|faint|p1a: Bouffalant\n|\n|-weather|SunnyDay|[upkeep]\n|upkeep\n|\n|t:|1701186197\n|switch|p1a: Tangrowth|Tangrowth, M|100\/100\n|turn|24\n|\n|t:|1701186203\n|-terastallize|p1a: Tangrowth|Dragon\n|move|p2a: Charizard|Weather Ball|p1a: Tangrowth\n|-resisted|p1a: Tangrowth\n|-damage|p1a: Tangrowth|24\/100\n|-enditem|p1a: Tangrowth|Aguav Berry|[eat]\n|-heal|p1a: Tangrowth|57\/100|[from] item: Aguav Berry\n|-start|p1a: Tangrowth|confusion\n|-activate|p1a: Tangrowth|confusion\n|move|p1a: Tangrowth|Leech Seed|p2a: Charizard\n|-start|p2a: Charizard|move: Leech Seed\n|\n|-weather|SunnyDay|[upkeep]\n|-damage|p2a: Charizard|79\/100|[from] Leech Seed|[of] p1a: Tangrowth\n|-heal|p1a: Tangrowth|68\/100|[silent]\n|upkeep\n|turn|25\n|\n|t:|1701186216\n|switch|p2a: Toxapex|Toxapex, M|44\/100 brn\n|-activate|p1a: Tangrowth|confusion\n|move|p1a: Tangrowth|Knock Off|p2a: Toxapex\n|-damage|p2a: Toxapex|31\/100 brn\n|-enditem|p2a: Toxapex|Black Sludge|[from] move: Knock Off|[of] p1a: Tangrowth\n|\n|-weather|SunnyDay|[upkeep]\n|-damage|p2a: Toxapex|25\/100 brn|[from] brn\n|upkeep\n|turn|26\n|\n|t:|1701186223\n|-end|p1a: Tangrowth|confusion\n|move|p1a: Tangrowth|Leaf Storm|p2a: Toxapex\n|-damage|p2a: Toxapex|0 fnt\n|-unboost|p1a: Tangrowth|spa|2\n|faint|p2a: Toxapex\n|\n|-weather|SunnyDay|[upkeep]\n|upkeep\n|\n|t:|1701186228\n|switch|p2a: Tornadus|Tornadus-Therian, M|79\/100\n|turn|27\n|\n|t:|1701186231\n|move|p2a: Tornadus|Toxic|p1a: Tangrowth\n|-status|p1a: Tangrowth|tox\n|move|p1a: Tangrowth|Leech Seed|p2a: Tornadus\n|-start|p2a: Tornadus|move: Leech Seed\n|\n|-weather|none\n|-damage|p2a: Tornadus|66\/100|[from] Leech Seed|[of] p1a: Tangrowth\n|-heal|p1a: Tangrowth|79\/100 tox|[silent]\n|-damage|p1a: Tangrowth|73\/100 tox|[from] psn\n|upkeep\n|turn|28\n|\n|t:|1701186235\n|move|p2a: Tornadus|U-turn|p1a: Tangrowth\n|-damage|p1a: Tangrowth|65\/100 tox\n|\n|t:|1701186237\n|switch|p2a: Charizard|Charizard-Mega-Y, F|79\/100|[from] U-turn\n|-weather|SunnyDay|[from] ability: Drought|[of] p2a: Charizard\n|move|p1a: Tangrowth|Knock Off|p2a: Charizard\n|-damage|p2a: Charizard|61\/100\n|\n|-weather|SunnyDay|[upkeep]\n|-damage|p1a: Tangrowth|52\/100 tox|[from] psn\n|upkeep\n|turn|29\n|\n|t:|1701186244\n|move|p2a: Charizard|Weather Ball|p1a: Tangrowth\n|-resisted|p1a: Tangrowth\n|-damage|p1a: Tangrowth|0 fnt\n|faint|p1a: Tangrowth\n|\n|win|boi in the back\n|raw|Cringelord19's rating: 1130 &rarr; <strong>1108<\/strong><br \/>(-22 for losing)\n|raw|boi in the back's rating: 1173 &rarr; <strong>1195<\/strong><br \/>(+22 for winning)\n","uploadtime":1701186247,"views":3,"p1id":"cringelord19","p2id":"boiintheback","formatid":"gen9nationaldex","rating":1108,"private":0,"password":""}