{"id":"gen9nationaldex-1995065693","p1":"Ineros","p2":"Eliprogamer","format":"[Gen 9] National Dex","log":"|html|<div class=\"broadcast-blue\"><strong>[Gen 9] National Dex is currently suspecting Sneasler! For information on how to participate check out the <a href=\"https:\/\/www.smogon.com\/forums\/threads\/sv-national-dex-suspect-8-just-dance.3731534\/\">suspect thread<\/a>.<\/strong><\/div>\n|j|\u2606Ineros\n|j|\u2606Eliprogamer\n|inactive|Battle timer is ON: inactive players will automatically lose when time's up.\n|t:|1700518812\n|gametype|singles\n|player|p1|Ineros|camper|\n|player|p2|Eliprogamer|biker-gen4|\n|teamsize|p1|6\n|teamsize|p2|6\n|gen|9\n|tier|[Gen 9] National Dex\n|rated|Tournament battle\n|rule|HP Percentage Mod: HP is shown in percentages\n|rule|Endless Battle Clause: Forcing endless battles is banned\n|rule|OHKO Clause: OHKO moves are banned\n|rule|Evasion Clause: Evasion abilities, items, and moves are banned\n|rule|Evasion Abilities Clause: Evasion abilities are banned\n|rule|Evasion Items Clause: Evasion items are banned\n|rule|Evasion Moves Clause: Evasion moves are banned\n|rule|Species Clause: Limit one of each Pok\u00e9mon\n|rule|Sleep Clause Mod: Limit one foe put to sleep\n|clearpoke\n|poke|p1|Jirachi|\n|poke|p1|Toxapex, F|\n|poke|p1|Gliscor, F|\n|poke|p1|Tornadus-Therian, M|\n|poke|p1|Kyurem|\n|poke|p1|Garganacl, F|\n|poke|p2|Cinderace, F|\n|poke|p2|Chandelure, F|\n|poke|p2|Dragonite, M|\n|poke|p2|Slowbro, M|\n|poke|p2|Venusaur, M|\n|poke|p2|Iron Treads|\n|teampreview\n|inactive|Ineros also wants the timer to be on.\n|j| Bradley Chadster\n|c|\u2606Eliprogamer|glhf\n|c|\u2606Ineros|Glhf\n|\n|t:|1700518837\n|start\n|switch|p1a: Kyurem|Kyurem|100\/100\n|switch|p2a: Onlyusedcuzgood|Cinderace, F|100\/100\n|-ability|p1a: Kyurem|Pressure\n|turn|1\n|\n|t:|1700518854\n|switch|p1a: Toxapex|Toxapex, F|100\/100\n|move|p2a: Onlyusedcuzgood|Low Kick|p1a: Toxapex\n|-start|p2a: Onlyusedcuzgood|typechange|Fighting|[from] ability: Libero\n|-resisted|p1a: Toxapex\n|-damage|p1a: Toxapex|95\/100\n|\n|-heal|p1a: Toxapex|100\/100|[from] item: Leftovers\n|upkeep\n|turn|2\n|j| PeaTSD\n|j|+Byleth\n|\n|t:|1700518867\n|switch|p2a: Weed Frog|Venusaur, M|100\/100\n|move|p1a: Toxapex|Scald|p2a: Weed Frog\n|-resisted|p2a: Weed Frog\n|-damage|p2a: Weed Frog|94\/100\n|-status|p2a: Weed Frog|brn\n|\n|-damage|p2a: Weed Frog|88\/100 brn|[from] brn\n|upkeep\n|turn|3\n|\n|t:|1700518878\n|switch|p1a: Tornadus|Tornadus-Therian, M|100\/100\n|detailschange|p2a: Weed Frog|Venusaur-Mega, M\n|-mega|p2a: Weed Frog|Venusaur|Venusaurite\n|move|p2a: Weed Frog|Leech Seed|p1a: Tornadus\n|-start|p1a: Tornadus|move: Leech Seed\n|\n|-damage|p1a: Tornadus|88\/100|[from] Leech Seed|[of] p2a: Weed Frog\n|-heal|p2a: Weed Frog|100\/100 brn|[silent]\n|-damage|p2a: Weed Frog|94\/100 brn|[from] brn\n|upkeep\n|turn|4\n|c| PeaTSD|Cockkkkk\n|\n|t:|1700518891\n|move|p1a: Tornadus|U-turn|p2a: Weed Frog\n|-damage|p2a: Weed Frog|83\/100 brn\n|\n|t:|1700518902\n|switch|p1a: Gliscor|Gliscor, F|100\/100|[from] U-turn\n|move|p2a: Weed Frog|Sludge Bomb|p1a: Gliscor\n|-resisted|p1a: Gliscor\n|-damage|p1a: Gliscor|86\/100\n|\n|-damage|p2a: Weed Frog|77\/100 brn|[from] brn\n|-status|p1a: Gliscor|tox|[from] item: Toxic Orb\n|upkeep\n|turn|5\n|\n|t:|1700518919\n|switch|p2a: Twomad|Slowbro, M|100\/100\n|move|p1a: Gliscor|Facade|p2a: Twomad\n|-damage|p2a: Twomad|82\/100\n|-damage|p1a: Gliscor|70\/100 tox|[from] item: Rocky Helmet|[of] p2a: Twomad\n|\n|-heal|p1a: Gliscor|82\/100 tox|[from] ability: Poison Heal\n|upkeep\n|turn|6\n|\n|t:|1700518927\n|switch|p2a: Peni\u00a7infrontofface|Iron Treads|100\/100\n|move|p1a: Gliscor|Swords Dance|p1a: Gliscor\n|-boost|p1a: Gliscor|atk|2\n|\n|-heal|p1a: Gliscor|95\/100 tox|[from] ability: Poison Heal\n|upkeep\n|turn|7\n|c|+Byleth|what are these names lmao\n|\n|t:|1700518949\n|move|p2a: Peni\u00a7infrontofface|Ice Spinner|p1a: Gliscor\n|-supereffective|p1a: Gliscor\n|-damage|p1a: Gliscor|25\/100 tox\n|move|p1a: Gliscor|Earthquake|p2a: Peni\u00a7infrontofface\n|-supereffective|p2a: Peni\u00a7infrontofface\n|-damage|p2a: Peni\u00a7infrontofface|8\/100\n|\n|-heal|p1a: Gliscor|38\/100 tox|[from] ability: Poison Heal\n|upkeep\n|turn|8\n|\n|t:|1700518963\n|switch|p1a: Tornadus|Tornadus-Therian, M|100\/100\n|move|p2a: Peni\u00a7infrontofface|Earthquake|p1a: Tornadus\n|-immune|p1a: Tornadus\n|\n|upkeep\n|turn|9\n|l| Bradley Chadster\n|c|\u2606Ineros|This is why you run 2 flyings lmao\n|\n|t:|1700518986\n|-end|p2a: Peni\u00a7infrontofface|Quark Drive|[silent]\n|switch|p2a: Twomad|Slowbro, M|100\/100\n|move|p1a: Tornadus|Knock Off|p2a: Twomad\n|-supereffective|p2a: Twomad\n|-damage|p2a: Twomad|75\/100\n|-damage|p1a: Tornadus|84\/100|[from] item: Rocky Helmet|[of] p2a: Twomad\n|-enditem|p2a: Twomad|Rocky Helmet|[from] move: Knock Off|[of] p1a: Tornadus\n|\n|upkeep\n|turn|10\n|\n|t:|1700518997\n|move|p1a: Tornadus|U-turn|p2a: Twomad\n|-supereffective|p2a: Twomad\n|-damage|p2a: Twomad|57\/100\n|j| loch2009\n|\n|t:|1700519000\n|switch|p1a: Kyurem|Kyurem|100\/100|[from] U-turn\n|-ability|p1a: Kyurem|Pressure\n|move|p2a: Twomad|Future Sight|p1a: Kyurem\n|-start|p2a: Twomad|move: Future Sight\n|\n|upkeep\n|turn|11\n|\n|t:|1700519006\n|switch|p2a: Kanye|Chandelure, F, shiny|100\/100\n|move|p1a: Kyurem|Substitute|p1a: Kyurem\n|-start|p1a: Kyurem|Substitute\n|-damage|p1a: Kyurem|76\/100\n|\n|upkeep\n|turn|12\n|\n|t:|1700519022\n|move|p2a: Kanye|Shadow Ball|p1a: Kyurem\n|-end|p1a: Kyurem|Substitute\n|move|p1a: Kyurem|Earth Power|p2a: Kanye\n|-supereffective|p2a: Kanye\n|-damage|p2a: Kanye|18\/100\n|\n|-end|p1a: Kyurem|move: Future Sight\n|-damage|p1a: Kyurem|37\/100\n|upkeep\n|turn|13\n|\n|t:|1700519045\n|switch|p1a: Garganacl|Garganacl, F|100\/100\n|move|p2a: Kanye|Shadow Ball|p1a: Garganacl\n|-damage|p1a: Garganacl|86\/100\n|-unboost|p1a: Garganacl|spd|1\n|\n|-heal|p1a: Garganacl|92\/100|[from] item: Leftovers\n|upkeep\n|turn|14\n|\n|t:|1700519057\n|switch|p2a: Weed Frog|Venusaur-Mega, M|77\/100 brn\n|move|p1a: Garganacl|Salt Cure|p2a: Weed Frog\n|-damage|p2a: Weed Frog|66\/100 brn\n|-start|p2a: Weed Frog|Salt Cure\n|\n|-heal|p1a: Garganacl|98\/100|[from] item: Leftovers\n|-damage|p2a: Weed Frog|60\/100 brn|[from] brn\n|-damage|p2a: Weed Frog|48\/100 brn|[from] Salt Cure\n|upkeep\n|turn|15\n|\n|t:|1700519072\n|switch|p2a: Onlyusedcuzgood|Cinderace, F|100\/100\n|switch|p1a: Tornadus|Tornadus-Therian, M|100\/100\n|\n|upkeep\n|turn|16\n|\n|t:|1700519090\n|move|p2a: Onlyusedcuzgood|Pyro Ball|p1a: Tornadus\n|-damage|p1a: Tornadus|42\/100\n|move|p1a: Tornadus|Knock Off|p2a: Onlyusedcuzgood\n|-damage|p2a: Onlyusedcuzgood|70\/100\n|-enditem|p2a: Onlyusedcuzgood|Heavy-Duty Boots|[from] move: Knock Off|[of] p1a: Tornadus\n|\n|upkeep\n|turn|17\n|\n|t:|1700519103\n|switch|p2a: VAMO MESSI VAMOO|Dragonite, M, shiny|100\/100\n|switch|p1a: Toxapex|Toxapex, F|100\/100\n|\n|upkeep\n|turn|18\n|\n|t:|1700519109\n|move|p2a: VAMO MESSI VAMOO|Earthquake|p1a: Toxapex\n|-supereffective|p1a: Toxapex\n|-damage|p1a: Toxapex|30\/100\n|move|p1a: Toxapex|Toxic|p2a: VAMO MESSI VAMOO\n|-status|p2a: VAMO MESSI VAMOO|tox\n|\n|-heal|p1a: Toxapex|36\/100|[from] item: Leftovers\n|-damage|p2a: VAMO MESSI VAMOO|94\/100 tox|[from] psn\n|upkeep\n|turn|19\n|\n|t:|1700519117\n|switch|p2a: Onlyusedcuzgood|Cinderace, F|70\/100\n|switch|p1a: Gliscor|Gliscor, F|38\/100 tox\n|\n|-heal|p1a: Gliscor|50\/100 tox|[from] ability: Poison Heal\n|upkeep\n|turn|20\n|l| loch2009\n|\n|t:|1700519143\n|move|p2a: Onlyusedcuzgood|U-turn|p1a: Gliscor\n|-start|p2a: Onlyusedcuzgood|typechange|Bug|[from] ability: Libero\n|-resisted|p1a: Gliscor\n|-damage|p1a: Gliscor|37\/100 tox\n|\n|t:|1700519152\n|switch|p2a: Twomad|Slowbro, M|90\/100|[from] U-turn\n|move|p1a: Gliscor|Earthquake|p2a: Twomad\n|-damage|p2a: Twomad|72\/100\n|\n|-heal|p1a: Gliscor|50\/100 tox|[from] ability: Poison Heal\n|upkeep\n|turn|21\n|\n|t:|1700519159\n|move|p1a: Gliscor|Roost|p1a: Gliscor\n|-heal|p1a: Gliscor|99\/100 tox\n|-singleturn|p1a: Gliscor|move: Roost\n|move|p2a: Twomad|Teleport|p2a: Twomad\n|\n|t:|1700519165\n|switch|p2a: Weed Frog|Venusaur-Mega, M|48\/100 brn|[from] Teleport\n|\n|-heal|p1a: Gliscor|100\/100 tox|[from] ability: Poison Heal\n|-damage|p2a: Weed Frog|42\/100 brn|[from] brn\n|upkeep\n|turn|22\n|j| aimbotJames\n|\n|t:|1700519169\n|move|p1a: Gliscor|Swords Dance|p1a: Gliscor\n|-boost|p1a: Gliscor|atk|2\n|move|p2a: Weed Frog|Giga Drain|p1a: Gliscor\n|-damage|p1a: Gliscor|74\/100 tox\n|-heal|p2a: Weed Frog|55\/100 brn|[from] drain|[of] p1a: Gliscor\n|\n|-heal|p1a: Gliscor|86\/100 tox|[from] ability: Poison Heal\n|-damage|p2a: Weed Frog|49\/100 brn|[from] brn\n|upkeep\n|turn|23\n|\n|t:|1700519182\n|switch|p2a: Twomad|Slowbro, M|100\/100\n|move|p1a: Gliscor|Facade|p2a: Twomad\n|-damage|p2a: Twomad|65\/100\n|\n|-heal|p1a: Gliscor|99\/100 tox|[from] ability: Poison Heal\n|upkeep\n|turn|24\n|\n|t:|1700519188\n|move|p1a: Gliscor|Earthquake|p2a: Twomad\n|-damage|p2a: Twomad|29\/100\n|move|p2a: Twomad|Scald|p1a: Gliscor\n|-supereffective|p1a: Gliscor\n|-damage|p1a: Gliscor|56\/100 tox\n|\n|-heal|p1a: Gliscor|68\/100 tox|[from] ability: Poison Heal\n|upkeep\n|turn|25\n|\n|t:|1700519202\n|switch|p2a: Kanye|Chandelure, F, shiny|18\/100\n|move|p1a: Gliscor|Facade|p2a: Kanye\n|-immune|p2a: Kanye\n|\n|-heal|p1a: Gliscor|81\/100 tox|[from] ability: Poison Heal\n|upkeep\n|turn|26\n|inactive|Eliprogamer has 120 seconds left.\n|inactive|Eliprogamer has 90 seconds left.\n|j| jigod\n|l| PeaTSD\n|\n|t:|1700519278\n|-terastallize|p2a: Kanye|Fire\n|move|p2a: Kanye|Overheat|p1a: Gliscor\n|-damage|p1a: Gliscor|4\/100 tox\n|-unboost|p2a: Kanye|spa|2\n|move|p1a: Gliscor|Earthquake|p2a: Kanye\n|-supereffective|p2a: Kanye\n|-damage|p2a: Kanye|0 fnt\n|faint|p2a: Kanye\n|\n|-heal|p1a: Gliscor|16\/100 tox|[from] ability: Poison Heal\n|upkeep\n|\n|t:|1700519290\n|switch|p2a: Peni\u00a7infrontofface|Iron Treads|8\/100\n|turn|27\n|\n|t:|1700519299\n|switch|p1a: Jirachi|Jirachi|100\/100\n|move|p2a: Peni\u00a7infrontofface|Ice Spinner|p1a: Jirachi\n|-resisted|p1a: Jirachi\n|-damage|p1a: Jirachi|91\/100\n|\n|upkeep\n|turn|28\n|inactive|Eliprogamer has 90 seconds left.\n|\n|t:|1700519313\n|-end|p2a: Peni\u00a7infrontofface|Quark Drive|[silent]\n|switch|p2a: Twomad|Slowbro, M|62\/100\n|move|p1a: Jirachi|U-turn|p2a: Twomad\n|-supereffective|p2a: Twomad\n|-damage|p2a: Twomad|40\/100\n|\n|t:|1700519318\n|switch|p1a: Kyurem|Kyurem|37\/100|[from] U-turn\n|-ability|p1a: Kyurem|Pressure\n|\n|upkeep\n|turn|29\n|inactive|Eliprogamer has 90 seconds left.\n|\n|t:|1700519330\n|switch|p2a: Peni\u00a7infrontofface|Iron Treads|8\/100\n|move|p1a: Kyurem|Earth Power|p2a: Peni\u00a7infrontofface\n|-supereffective|p2a: Peni\u00a7infrontofface\n|-damage|p2a: Peni\u00a7infrontofface|0 fnt\n|faint|p2a: Peni\u00a7infrontofface\n|-end|p2a: Peni\u00a7infrontofface|Quark Drive|[silent]\n|\n|upkeep\n|inactive|Eliprogamer has 90 seconds left.\n|\n|t:|1700519337\n|switch|p2a: VAMO MESSI VAMOO|Dragonite, M, shiny|94\/100 tox\n|turn|30\n|\n|t:|1700519350\n|switch|p1a: Garganacl|Garganacl, F|98\/100\n|move|p2a: VAMO MESSI VAMOO|Extreme Speed|p1a: Garganacl\n|-resisted|p1a: Garganacl\n|-damage|p1a: Garganacl|81\/100\n|\n|-heal|p1a: Garganacl|88\/100|[from] item: Leftovers\n|-damage|p2a: VAMO MESSI VAMOO|88\/100 tox|[from] psn\n|upkeep\n|turn|31\n|\n|t:|1700519358\n|switch|p2a: Twomad|Slowbro, M|73\/100\n|move|p1a: Garganacl|Stealth Rock|p2a: Twomad\n|-sidestart|p2: Eliprogamer|move: Stealth Rock\n|\n|-heal|p1a: Garganacl|94\/100|[from] item: Leftovers\n|upkeep\n|turn|32\n|\n|t:|1700519369\n|move|p1a: Garganacl|Salt Cure|p2a: Twomad\n|-damage|p2a: Twomad|64\/100\n|-start|p2a: Twomad|Salt Cure\n|move|p2a: Twomad|Future Sight|p1a: Garganacl\n|-start|p2a: Twomad|move: Future Sight\n|\n|-heal|p1a: Garganacl|99\/100|[from] item: Leftovers\n|-damage|p2a: Twomad|40\/100|[from] Salt Cure\n|upkeep\n|turn|33\n|\n|t:|1700519383\n|switch|p1a: Jirachi|Jirachi|91\/100\n|move|p2a: Twomad|Teleport|p2a: Twomad\n|l| jigod\n|\n|t:|1700519401\n|switch|p2a: Onlyusedcuzgood|Cinderace, F|70\/100|[from] Teleport\n|-damage|p2a: Onlyusedcuzgood|45\/100|[from] Stealth Rock\n|\n|upkeep\n|turn|34\n|\n|t:|1700519412\n|move|p1a: Jirachi|Iron Head|p2a: Onlyusedcuzgood\n|-resisted|p2a: Onlyusedcuzgood\n|-damage|p2a: Onlyusedcuzgood|20\/100\n|move|p2a: Onlyusedcuzgood|Pyro Ball|p1a: Jirachi\n|-supereffective|p1a: Jirachi\n|-crit|p1a: Jirachi\n|-damage|p1a: Jirachi|0 fnt\n|faint|p1a: Jirachi\n|\n|-hint|Future Sight did not hit because the target is fainted.\n|upkeep\n|\n|t:|1700519423\n|switch|p1a: Tornadus|Tornadus-Therian, M|75\/100\n|turn|35\n|j| Lechonkisuber\n|inactive|Eliprogamer has 90 seconds left.\n|\n|t:|1700519456\n|move|p2a: Onlyusedcuzgood|Pyro Ball|p1a: Tornadus\n|-damage|p1a: Tornadus|17\/100\n|move|p1a: Tornadus|Knock Off|p2a: Onlyusedcuzgood\n|-crit|p2a: Onlyusedcuzgood\n|-damage|p2a: Onlyusedcuzgood|0 fnt\n|faint|p2a: Onlyusedcuzgood\n|\n|upkeep\n|inactive|Eliprogamer has 90 seconds left.\n|\n|t:|1700519463\n|switch|p2a: VAMO MESSI VAMOO|Dragonite, M, shiny|88\/100 tox\n|-damage|p2a: VAMO MESSI VAMOO|63\/100 tox|[from] Stealth Rock\n|turn|36\n|j|+adem\n|\n|t:|1700519483\n|switch|p1a: Toxapex|Toxapex, F|70\/100\n|move|p2a: VAMO MESSI VAMOO|Earthquake|p1a: Toxapex\n|-supereffective|p1a: Toxapex\n|-damage|p1a: Toxapex|0 fnt\n|faint|p1a: Toxapex\n|\n|-damage|p2a: VAMO MESSI VAMOO|57\/100 tox|[from] psn\n|upkeep\n|\n|t:|1700519492\n|switch|p1a: Gliscor|Gliscor, F|16\/100 tox\n|turn|37\n|j| Epicgamergod69\n|\n|t:|1700519510\n|switch|p2a: Twomad|Slowbro, M|73\/100\n|-damage|p2a: Twomad|60\/100|[from] Stealth Rock\n|move|p1a: Gliscor|Roost|p1a: Gliscor\n|-heal|p1a: Gliscor|66\/100 tox\n|-singleturn|p1a: Gliscor|move: Roost\n|\n|-heal|p1a: Gliscor|79\/100 tox|[from] ability: Poison Heal\n|upkeep\n|turn|38\n|\n|t:|1700519517\n|-terastallize|p1a: Gliscor|Fairy\n|move|p1a: Gliscor|Swords Dance|p1a: Gliscor\n|-boost|p1a: Gliscor|atk|2\n|move|p2a: Twomad|Future Sight|p1a: Gliscor\n|-start|p2a: Twomad|move: Future Sight\n|\n|-heal|p1a: Gliscor|91\/100 tox|[from] ability: Poison Heal\n|upkeep\n|turn|39\n|c| Epicgamergod69|Ello mate\n|l| aimbotJames\n|\n|t:|1700519525\n|move|p1a: Gliscor|Earthquake|p2a: Twomad\n|-damage|p2a: Twomad|25\/100\n|move|p2a: Twomad|Slack Off|p2a: Twomad\n|-heal|p2a: Twomad|75\/100\n|\n|-heal|p1a: Gliscor|100\/100 tox|[from] ability: Poison Heal\n|upkeep\n|turn|40\n|inactive|Eliprogamer has 120 seconds left.\n|c|\u2606Ineros|Ello\n|\n|t:|1700519541\n|move|p1a: Gliscor|Swords Dance|p1a: Gliscor\n|-boost|p1a: Gliscor|atk|2\n|move|p2a: Twomad|Slack Off|p2a: Twomad\n|-heal|p2a: Twomad|100\/100\n|\n|-end|p1a: Gliscor|move: Future Sight\n|-damage|p1a: Gliscor|64\/100 tox\n|-heal|p1a: Gliscor|76\/100 tox|[from] ability: Poison Heal\n|upkeep\n|turn|41\n|\n|t:|1700519547\n|move|p1a: Gliscor|Facade|p2a: Twomad\n|-damage|p2a: Twomad|48\/100\n|move|p2a: Twomad|Future Sight|p1a: Gliscor\n|-start|p2a: Twomad|move: Future Sight\n|\n|-heal|p1a: Gliscor|89\/100 tox|[from] ability: Poison Heal\n|upkeep\n|turn|42\n|\n|t:|1700519557\n|move|p1a: Gliscor|Facade|p2a: Twomad\n|-damage|p2a: Twomad|0 fnt\n|faint|p2a: Twomad\n|\n|-heal|p1a: Gliscor|100\/100 tox|[from] ability: Poison Heal\n|upkeep\n|inactive|Eliprogamer has 120 seconds left.\n|c|+adem|truly a gg\n|\n|t:|1700519585\n|switch|p2a: VAMO MESSI VAMOO|Dragonite, M, shiny|57\/100 tox\n|-damage|p2a: VAMO MESSI VAMOO|32\/100 tox|[from] Stealth Rock\n|turn|43\n|c|\u2606Ineros|Gg\n|l|+adem\n|\n|t:|1700519604\n|move|p1a: Gliscor|Facade|p2a: VAMO MESSI VAMOO\n|-damage|p2a: VAMO MESSI VAMOO|0 fnt\n|faint|p2a: VAMO MESSI VAMOO\n|\n|-end|p1a: Gliscor|move: Future Sight\n|-damage|p1a: Gliscor|65\/100 tox\n|-heal|p1a: Gliscor|77\/100 tox|[from] ability: Poison Heal\n|upkeep\n|\n|t:|1700519608\n|switch|p2a: Weed Frog|Venusaur-Mega, M|49\/100 brn\n|-damage|p2a: Weed Frog|36\/100 brn|[from] Stealth Rock\n|turn|44\n|\n|t:|1700519614\n|move|p1a: Gliscor|Facade|p2a: Weed Frog\n|-damage|p2a: Weed Frog|0 fnt\n|faint|p2a: Weed Frog\n|\n|win|Ineros\n|n|\u2606Ineros|ineros\n|n|\u2606Eliprogamer|eliprogamer\n|n|+Byleth|byleth\n|n| Lechonkisuber|lechonkisuber\n|n| Epicgamergod69|epicgamergod69\n","uploadtime":1700519616,"views":1,"p1id":"ineros","p2id":"eliprogamer","formatid":"gen9nationaldex","rating":0,"private":0,"password":""}