{"id":"gen9nationaldex-1992720651","p1":"RARMolina","p2":"CuriousStraightGuy","format":"[Gen 9] National Dex","log":"|j|\u2606RARMolina\n|j|\u2606CuriousStraightGuy\n|t:|1700228993\n|gametype|singles\n|player|p1|RARMolina|veteran|1239\n|player|p2|CuriousStraightGuy|cynthia|1283\n|teamsize|p1|6\n|teamsize|p2|6\n|gen|9\n|tier|[Gen 9] National Dex\n|rated|\n|rule|HP Percentage Mod: HP is shown in percentages\n|rule|Endless Battle Clause: Forcing endless battles is banned\n|rule|OHKO Clause: OHKO moves are banned\n|rule|Evasion Clause: Evasion abilities, items, and moves are banned\n|rule|Evasion Abilities Clause: Evasion abilities are banned\n|rule|Evasion Items Clause: Evasion items are banned\n|rule|Evasion Moves Clause: Evasion moves are banned\n|rule|Species Clause: Limit one of each Pok\u00e9mon\n|rule|Sleep Clause Mod: Limit one foe put to sleep\n|clearpoke\n|poke|p1|Empoleon, M|\n|poke|p1|Garchomp, M|\n|poke|p1|Pelipper, M|\n|poke|p1|Jellicent, F|\n|poke|p1|Golisopod, M|\n|poke|p1|Swampert, F|\n|poke|p2|Garchomp, F|\n|poke|p2|Spiritomb, F|\n|poke|p2|Milotic, F|\n|poke|p2|Roserade, F|\n|poke|p2|Lucario, F|\n|poke|p2|Togekiss, F|\n|teampreview\n|\n|t:|1700229039\n|start\n|switch|p1a: Weater report|Pelipper, M|100\/100\n|switch|p2a: Roserade|Roserade, F|100\/100\n|-weather|RainDance|[from] ability: Drizzle|[of] p1a: Weater report\n|turn|1\n|\n|t:|1700229052\n|switch|p1a: Shredder|Golisopod, M|100\/100\n|move|p2a: Roserade|Leaf Storm|p1a: Shredder\n|-damage|p1a: Shredder|49\/100\n|-unboost|p2a: Roserade|spa|2\n|-activate|p1a: Shredder|ability: Emergency Exit\n|\n|t:|1700229060\n|switch|p1a: Poseidon|Empoleon, M|100\/100\n|\n|-weather|RainDance|[upkeep]\n|upkeep\n|turn|2\n|\n|t:|1700229064\n|move|p2a: Roserade|Sleep Powder|p1a: Poseidon\n|-status|p1a: Poseidon|slp|[from] move: Sleep Powder\n|cant|p1a: Poseidon|slp\n|\n|-weather|RainDance|[upkeep]\n|upkeep\n|turn|3\n|\n|t:|1700229068\n|move|p2a: Roserade|Spikes|p1a: Poseidon\n|-sidestart|p1: RARMolina|Spikes\n|cant|p1a: Poseidon|slp\n|\n|-weather|RainDance|[upkeep]\n|upkeep\n|turn|4\n|\n|t:|1700229071\n|move|p2a: Roserade|Spikes|p1a: Poseidon\n|-sidestart|p1: RARMolina|Spikes\n|cant|p1a: Poseidon|slp\n|\n|-weather|RainDance|[upkeep]\n|upkeep\n|turn|5\n|\n|t:|1700229074\n|move|p2a: Roserade|Spikes|p1a: Poseidon\n|-sidestart|p1: RARMolina|Spikes\n|-curestatus|p1a: Poseidon|slp|[msg]\n|move|p1a: Poseidon|Agility|p1a: Poseidon\n|-boost|p1a: Poseidon|spe|2\n|\n|-weather|RainDance|[upkeep]\n|upkeep\n|turn|6\n|\n|t:|1700229080\n|move|p1a: Poseidon|Ice Beam|p2a: Roserade\n|-supereffective|p2a: Roserade\n|-damage|p2a: Roserade|29\/100\n|move|p2a: Roserade|Sleep Powder|p1a: Poseidon\n|-status|p1a: Poseidon|slp|[from] move: Sleep Powder\n|\n|-weather|RainDance|[upkeep]\n|-heal|p2a: Roserade|35\/100|[from] item: Black Sludge\n|upkeep\n|turn|7\n|\n|t:|1700229089\n|switch|p2a: Milotic|Milotic, F|100\/100\n|cant|p1a: Poseidon|slp\n|\n|-weather|RainDance|[upkeep]\n|upkeep\n|turn|8\n|\n|t:|1700229100\n|switch|p1a: Weater report|Pelipper, M|100\/100\n|move|p2a: Milotic|Haze|p2a: Milotic\n|-clearallboost\n|\n|-weather|none\n|upkeep\n|turn|9\n|\n|t:|1700229108\n|move|p2a: Milotic|Scald|p1a: Weater report\n|-resisted|p1a: Weater report\n|-damage|p1a: Weater report|81\/100\n|move|p1a: Weater report|Defog|p2a: Milotic\n|-unboost|p2a: Milotic|evasion|1\n|-sideend|p1: RARMolina|Spikes|[from] move: Defog|[of] p1a: Weater report\n|\n|upkeep\n|turn|10\n|\n|t:|1700229114\n|move|p2a: Milotic|Scald|p1a: Weater report\n|-resisted|p1a: Weater report\n|-damage|p1a: Weater report|61\/100\n|-status|p1a: Weater report|brn\n|move|p1a: Weater report|Knock Off|p2a: Milotic\n|-damage|p2a: Milotic|94\/100\n|-enditem|p2a: Milotic|Leftovers|[from] move: Knock Off|[of] p1a: Weater report\n|\n|-damage|p1a: Weater report|55\/100 brn|[from] brn\n|upkeep\n|turn|11\n|\n|t:|1700229168\n|switch|p2a: Spiritomb|Spiritomb, F|100\/100\n|move|p1a: Weater report|U-turn|p2a: Spiritomb\n|-damage|p2a: Spiritomb|96\/100\n|\n|t:|1700229176\n|switch|p1a: Poseidon|Empoleon, M|100\/100 slp|[from] U-turn\n|\n|upkeep\n|turn|12\n|\n|t:|1700229183\n|-curestatus|p1a: Poseidon|slp|[msg]\n|move|p1a: Poseidon|Agility|p1a: Poseidon\n|-boost|p1a: Poseidon|spe|2\n|move|p2a: Spiritomb|Poltergeist|p1a: Poseidon|[miss]\n|-miss|p2a: Spiritomb|p1a: Poseidon\n|\n|upkeep\n|turn|13\n|\n|t:|1700229189\n|move|p1a: Poseidon|Surf|p2a: Spiritomb\n|-damage|p2a: Spiritomb|57\/100\n|move|p2a: Spiritomb|Poltergeist|p1a: Poseidon|[miss]\n|-miss|p2a: Spiritomb|p1a: Poseidon\n|\n|upkeep\n|turn|14\n|\n|t:|1700229195\n|move|p1a: Poseidon|Surf|p2a: Spiritomb\n|-crit|p2a: Spiritomb\n|-damage|p2a: Spiritomb|0 fnt\n|faint|p2a: Spiritomb\n|\n|upkeep\n|\n|t:|1700229200\n|switch|p2a: Milotic|Milotic, F|94\/100\n|turn|15\n|\n|t:|1700229205\n|move|p1a: Poseidon|Flash Cannon|p2a: Milotic\n|-resisted|p2a: Milotic\n|-damage|p2a: Milotic|83\/100\n|move|p2a: Milotic|Haze|p2a: Milotic\n|-clearallboost\n|\n|upkeep\n|turn|16\n|\n|t:|1700229212\n|switch|p2a: Roserade|Roserade, F|35\/100\n|move|p1a: Poseidon|Flash Cannon|p2a: Roserade\n|-damage|p2a: Roserade|0 fnt\n|faint|p2a: Roserade\n|\n|upkeep\n|\n|t:|1700229218\n|switch|p2a: Lucario|Lucario, F|100\/100\n|turn|17\n|\n|t:|1700229221\n|switch|p1a: Weater report|Pelipper, M|55\/100 brn\n|-weather|RainDance|[from] ability: Drizzle|[of] p1a: Weater report\n|move|p2a: Lucario|Nasty Plot|p2a: Lucario\n|-boost|p2a: Lucario|spa|2\n|\n|-weather|RainDance|[upkeep]\n|-damage|p1a: Weater report|49\/100 brn|[from] brn\n|upkeep\n|turn|18\n|\n|t:|1700229225\n|move|p2a: Lucario|Psychic|p1a: Weater report\n|-damage|p1a: Weater report|0 fnt\n|faint|p1a: Weater report\n|-damage|p2a: Lucario|91\/100|[from] item: Life Orb\n|\n|-weather|RainDance|[upkeep]\n|upkeep\n|\n|t:|1700229228\n|switch|p1a: Jatziri|Swampert, F|100\/100\n|turn|19\n|\n|t:|1700229246\n|detailschange|p1a: Jatziri|Swampert-Mega, F\n|-mega|p1a: Jatziri|Swampert|Swampertite\n|move|p2a: Lucario|Vacuum Wave|p1a: Jatziri\n|-damage|p1a: Jatziri|49\/100\n|-damage|p2a: Lucario|81\/100|[from] item: Life Orb\n|move|p1a: Jatziri|Waterfall|p2a: Lucario\n|-damage|p2a: Lucario|0 fnt\n|faint|p2a: Lucario\n|\n|-weather|RainDance|[upkeep]\n|upkeep\n|\n|t:|1700229250\n|switch|p2a: Garchomp|Garchomp, F|100\/100\n|turn|20\n|\n|t:|1700229262\n|-terastallize|p2a: Garchomp|Water\n|move|p1a: Jatziri|Ice Punch|p2a: Garchomp\n|-resisted|p2a: Garchomp\n|-damage|p2a: Garchomp|86\/100\n|-damage|p1a: Jatziri|36\/100|[from] ability: Rough Skin|[of] p2a: Garchomp\n|move|p2a: Garchomp|Scale Shot|p1a: Jatziri|[miss]\n|-miss|p2a: Garchomp|p1a: Jatziri\n|\n|-weather|RainDance|[upkeep]\n|upkeep\n|turn|21\n|\n|t:|1700229270\n|switch|p2a: Togekiss|Togekiss, F|100\/100\n|move|p1a: Jatziri|Earthquake|p2a: Togekiss\n|-immune|p2a: Togekiss\n|\n|-weather|RainDance|[upkeep]\n|upkeep\n|turn|22\n|\n|t:|1700229279\n|move|p1a: Jatziri|Waterfall|p2a: Togekiss\n|-damage|p2a: Togekiss|18\/100\n|move|p2a: Togekiss|Dazzling Gleam|p1a: Jatziri\n|-damage|p1a: Jatziri|0 fnt\n|faint|p1a: Jatziri\n|\n|-weather|RainDance|[upkeep]\n|upkeep\n|\n|t:|1700229292\n|switch|p1a: Srta. Tess|Jellicent, F|100\/100\n|turn|23\n|\n|t:|1700229296\n|switch|p2a: Milotic|Milotic, F|83\/100\n|move|p1a: Srta. Tess|Will-O-Wisp|p2a: Milotic\n|-status|p2a: Milotic|brn\n|\n|-weather|RainDance|[upkeep]\n|-damage|p2a: Milotic|77\/100 brn|[from] brn\n|upkeep\n|turn|24\n|\n|t:|1700229302\n|move|p1a: Srta. Tess|Taunt|p2a: Milotic\n|-start|p2a: Milotic|move: Taunt\n|move|p2a: Milotic|Mirror Coat||[still]\n|-fail|p2a: Milotic\n|\n|-weather|none\n|-damage|p2a: Milotic|71\/100 brn|[from] brn\n|upkeep\n|turn|25\n|\n|t:|1700229310\n|move|p1a: Srta. Tess|Hex|p2a: Milotic\n|-damage|p2a: Milotic|47\/100 brn\n|move|p2a: Milotic|Mirror Coat|p1a: Srta. Tess\n|-damage|p1a: Srta. Tess|44\/100\n|\n|-heal|p1a: Srta. Tess|50\/100|[from] item: Leftovers\n|-damage|p2a: Milotic|40\/100 brn|[from] brn\n|upkeep\n|turn|26\n|\n|t:|1700229319\n|move|p1a: Srta. Tess|Recover|p1a: Srta. Tess\n|-heal|p1a: Srta. Tess|100\/100\n|move|p2a: Milotic|Mirror Coat||[still]\n|-fail|p2a: Milotic\n|\n|-damage|p2a: Milotic|34\/100 brn|[from] brn\n|-end|p2a: Milotic|move: Taunt\n|upkeep\n|turn|27\n|\n|t:|1700229335\n|move|p2a: Milotic|Recover|p2a: Milotic\n|-heal|p2a: Milotic|84\/100 brn\n|move|p1a: Srta. Tess|Taunt|p2a: Milotic\n|-start|p2a: Milotic|move: Taunt\n|\n|-damage|p2a: Milotic|78\/100 brn|[from] brn\n|upkeep\n|turn|28\n|\n|t:|1700229345\n|switch|p2a: Togekiss|Togekiss, F|18\/100\n|switch|p1a: Shredder|Golisopod, M|49\/100\n|\n|upkeep\n|turn|29\n|\n|t:|1700229352\n|move|p1a: Shredder|First Impression|p2a: Togekiss\n|-resisted|p2a: Togekiss\n|-damage|p2a: Togekiss|4\/100\n|move|p2a: Togekiss|Air Slash|p1a: Shredder|[miss]\n|-miss|p2a: Togekiss|p1a: Shredder\n|\n|upkeep\n|turn|30\n|\n|t:|1700229357\n|move|p1a: Shredder|Sucker Punch|p2a: Togekiss\n|-resisted|p2a: Togekiss\n|-damage|p2a: Togekiss|0 fnt\n|faint|p2a: Togekiss\n|\n|upkeep\n|c|\u2606CuriousStraightGuy|youre so lucky\n|c|\u2606CuriousStraightGuy|its annyoing when a bad player gets lucky\n|\n|t:|1700229380\n|switch|p2a: Garchomp|Garchomp, F, tera:Water|86\/100\n|turn|31\n|c|\u2606RARMolina|Bad player?\n|\n|t:|1700229397\n|-terastallize|p1a: Shredder|Steel\n|move|p2a: Garchomp|Swords Dance|p2a: Garchomp\n|-boost|p2a: Garchomp|atk|2\n|move|p1a: Shredder|Leech Life|p2a: Garchomp\n|-damage|p2a: Garchomp|39\/100\n|-heal|p1a: Shredder|77\/100|[from] drain|[of] p2a: Garchomp\n|-damage|p1a: Shredder|65\/100|[from] ability: Rough Skin|[of] p2a: Garchomp\n|\n|upkeep\n|turn|32\n|\n|t:|1700229408\n|switch|p1a: Srta. Tess|Jellicent, F|100\/100\n|move|p2a: Garchomp|Earthquake|p1a: Srta. Tess\n|-damage|p1a: Srta. Tess|0 fnt\n|-start|p2a: Garchomp|Disable|Earthquake|[from] ability: Cursed Body|[of] p1a: Srta. Tess\n|faint|p1a: Srta. Tess\n|\n|upkeep\n|\n|t:|1700229415\n|switch|p1a: Shredder|Golisopod, M, tera:Steel|65\/100\n|turn|33\n|\n|t:|1700229434\n|move|p1a: Shredder|First Impression|p2a: Garchomp\n|-damage|p2a: Garchomp|0 fnt\n|-damage|p1a: Shredder|53\/100|[from] ability: Rough Skin|[of] p2a: Garchomp\n|faint|p2a: Garchomp\n|\n|upkeep\n|\n|t:|1700229437\n|switch|p2a: Milotic|Milotic, F|78\/100 brn\n|turn|34\n|c|\u2606CuriousStraightGuy|yeah\n|c|\u2606CuriousStraightGuy|a bad player\n|c|\u2606CuriousStraightGuy|i positioned myself to beat your ass multiple times\n|c|\u2606CuriousStraightGuy|but the 6 misses helped you barely win\n|\n|t:|1700229466\n|move|p2a: Milotic|Scald|p1a: Shredder\n|-damage|p1a: Shredder|31\/100\n|-status|p1a: Shredder|brn\n|-activate|p1a: Shredder|ability: Emergency Exit\n|\n|t:|1700229471\n|switch|p1a: Bocho|Garchomp, M|100\/100\n|\n|-damage|p2a: Milotic|72\/100 brn|[from] brn\n|upkeep\n|turn|35\n|\n|t:|1700229475\n|move|p1a: Bocho|Swords Dance|p1a: Bocho\n|-boost|p1a: Bocho|atk|2\n|move|p2a: Milotic|Scald|p1a: Bocho\n|-damage|p1a: Bocho|71\/100\n|\n|-damage|p2a: Milotic|66\/100 brn|[from] brn\n|upkeep\n|turn|36\n|\n|t:|1700229482\n|move|p1a: Bocho|Scale Shot|p2a: Milotic\n|-damage|p2a: Milotic|48\/100 brn\n|-damage|p2a: Milotic|29\/100 brn\n|-damage|p2a: Milotic|11\/100 brn\n|-damage|p2a: Milotic|0 fnt\n|faint|p2a: Milotic\n|-hitcount|p2: Milotic|4\n|\n|win|RARMolina\n|raw|RARMolina's rating: 1239 &rarr; <strong>1267<\/strong><br \/>(+28 for winning)\n|raw|CuriousStraightGuy's rating: 1283 &rarr; <strong>1255<\/strong><br \/>(-28 for losing)\n|c|\u2606RARMolina|Gg\n|c|\u2606CuriousStraightGuy|trash game\n","uploadtime":1700229502,"views":35,"p1id":"rarmolina","p2id":"curiousstraightguy","formatid":"gen9nationaldex","rating":1255,"private":0,"password":""}