{"id":"gen9nationaldex-1991145936","p1":"zik22","p2":"wangziqiang","format":"[Gen 9] National Dex","log":"|j|\u2606zik22\n|j|\u2606wangziqiang\n|t:|1700049853\n|gametype|singles\n|player|p1|zik22|265|\n|player|p2|wangziqiang|169|\n|teamsize|p1|6\n|teamsize|p2|6\n|gen|9\n|tier|[Gen 9] National Dex\n|rule|HP Percentage Mod: HP is shown in percentages\n|rule|Endless Battle Clause: Forcing endless battles is banned\n|rule|OHKO Clause: OHKO moves are banned\n|rule|Evasion Clause: Evasion abilities, items, and moves are banned\n|rule|Evasion Abilities Clause: Evasion abilities are banned\n|rule|Evasion Items Clause: Evasion items are banned\n|rule|Evasion Moves Clause: Evasion moves are banned\n|rule|Species Clause: Limit one of each Pok\u00e9mon\n|rule|Sleep Clause Mod: Limit one foe put to sleep\n|clearpoke\n|poke|p1|Ogerpon-Cornerstone, F|\n|poke|p1|Garchomp, F|\n|poke|p1|Garganacl, F|\n|poke|p1|Hippowdon, M|\n|poke|p1|Diancie|\n|poke|p1|Glimmora, F|\n|poke|p2|Tapu Koko|\n|poke|p2|Garchomp, M|\n|poke|p2|Heatran, M|\n|poke|p2|Clodsire, F|\n|poke|p2|Gliscor, M|\n|poke|p2|Charizard, F|\n|teampreview\n|\n|t:|1700049875\n|start\n|switch|p1a: Diancie|Diancie|100\/100\n|switch|p2a: Gliscor|Gliscor, M|100\/100\n|turn|1\n|\n|t:|1700049886\n|detailschange|p1a: Diancie|Diancie-Mega\n|-mega|p1a: Diancie|Diancie|Diancite\n|move|p1a: Diancie|Diamond Storm|p2a: Gliscor\n|-damage|p2a: Gliscor|65\/100\n|move|p2a: Gliscor|Toxic|p1a: Diancie\n|move|p1a: Diancie|Toxic|p2a: Gliscor|[from]ability: Magic Bounce\n|-status|p2a: Gliscor|tox\n|\n|-heal|p2a: Gliscor|77\/100 tox|[from] ability: Poison Heal\n|upkeep\n|turn|2\n|\n|t:|1700049906\n|move|p1a: Diancie|Flash Cannon|p2a: Gliscor\n|-damage|p2a: Gliscor|37\/100 tox\n|move|p2a: Gliscor|Earth Power|p1a: Diancie\n|-supereffective|p1a: Diancie\n|-damage|p1a: Diancie|58\/100\n|\n|-heal|p2a: Gliscor|50\/100 tox|[from] ability: Poison Heal\n|upkeep\n|turn|3\n|inactive|Battle timer is ON: inactive players will automatically lose when time's up. (requested by zik22)\n|\n|t:|1700049952\n|switch|p2a: Heatran|Heatran, M|100\/100\n|move|p1a: Diancie|Moonblast|p2a: Heatran\n|-resisted|p2a: Heatran\n|-damage|p2a: Heatran|86\/100\n|\n|upkeep\n|turn|4\n|\n|t:|1700049959\n|move|p2a: Heatran|Flash Cannon|p1a: Diancie\n|-supereffective|p1a: Diancie\n|-damage|p1a: Diancie|0 fnt\n|faint|p1a: Diancie\n|\n|upkeep\n|\n|t:|1700049971\n|switch|p1a: Hippowdon|Hippowdon, M|100\/100\n|-weather|Sandstorm|[from] ability: Sand Stream|[of] p1a: Hippowdon\n|turn|5\n|\n|t:|1700049982\n|switch|p2a: Gliscor|Gliscor, M|50\/100 tox\n|move|p1a: Hippowdon|Toxic|p2a: Gliscor\n|-fail|p2a: Gliscor|tox\n|\n|-weather|Sandstorm|[upkeep]\n|-heal|p2a: Gliscor|62\/100 tox|[from] ability: Poison Heal\n|upkeep\n|turn|6\n|\n|t:|1700049995\n|switch|p1a: Glimmora|Glimmora, F|100\/100\n|move|p2a: Gliscor|Earth Power|p1a: Glimmora\n|-supereffective|p1a: Glimmora\n|-damage|p1a: Glimmora|57\/100\n|\n|-weather|Sandstorm|[upkeep]\n|-heal|p2a: Gliscor|75\/100 tox|[from] ability: Poison Heal\n|upkeep\n|turn|7\n|\n|t:|1700050007\n|move|p1a: Glimmora|Stealth Rock|p2a: Gliscor\n|-sidestart|p2: wangziqiang|move: Stealth Rock\n|move|p2a: Gliscor|Earth Power|p1a: Glimmora\n|-supereffective|p1a: Glimmora\n|-damage|p1a: Glimmora|15\/100\n|\n|-weather|Sandstorm|[upkeep]\n|-heal|p2a: Gliscor|87\/100 tox|[from] ability: Poison Heal\n|upkeep\n|turn|8\n|\n|t:|1700050020\n|switch|p1a: Garganacl|Garganacl, F|100\/100\n|move|p2a: Gliscor|Earth Power|p1a: Garganacl\n|-supereffective|p1a: Garganacl\n|-damage|p1a: Garganacl|84\/100\n|\n|-weather|Sandstorm|[upkeep]\n|-heal|p1a: Garganacl|90\/100|[from] item: Leftovers\n|-heal|p2a: Gliscor|99\/100 tox|[from] ability: Poison Heal\n|upkeep\n|turn|9\n|inactive|wangziqiang has 270 seconds left.\n|\n|t:|1700050069\n|switch|p2a: Heatran|Heatran, M|86\/100\n|-damage|p2a: Heatran|74\/100|[from] Stealth Rock\n|move|p1a: Garganacl|Iron Defense|p1a: Garganacl\n|-boost|p1a: Garganacl|def|2\n|\n|-weather|none\n|-heal|p1a: Garganacl|96\/100|[from] item: Leftovers\n|upkeep\n|turn|10\n|\n|t:|1700050080\n|move|p2a: Heatran|Flash Cannon|p1a: Garganacl\n|-supereffective|p1a: Garganacl\n|-crit|p1a: Garganacl\n|-damage|p1a: Garganacl|0 fnt\n|faint|p1a: Garganacl\n|\n|upkeep\n|\n|t:|1700050087\n|switch|p1a: Garchomp|Garchomp, F|100\/100\n|turn|11\n|\n|t:|1700050096\n|switch|p2a: \u5de5\u5177\u4eba|Tapu Koko|100\/100\n|-damage|p2a: \u5de5\u5177\u4eba|88\/100|[from] Stealth Rock\n|-fieldstart|move: Electric Terrain|[from] ability: Electric Surge|[of] p2a: \u5de5\u5177\u4eba\n|move|p1a: Garchomp|Swords Dance|p1a: Garchomp\n|-boost|p1a: Garchomp|atk|2\n|\n|upkeep\n|turn|12\n|inactive|wangziqiang has 270 seconds left.\n|\n|t:|1700050106\n|move|p2a: \u5de5\u5177\u4eba|Dazzling Gleam|p1a: Garchomp\n|-supereffective|p1a: Garchomp\n|-damage|p1a: Garchomp|20\/100\n|move|p1a: Garchomp|Earthquake|p2a: \u5de5\u5177\u4eba\n|-supereffective|p2a: \u5de5\u5177\u4eba\n|-damage|p2a: \u5de5\u5177\u4eba|0 fnt\n|faint|p2a: \u5de5\u5177\u4eba\n|\n|upkeep\n|inactive|wangziqiang has 270 seconds left.\n|\n|t:|1700050118\n|switch|p2a: Gliscor|Gliscor, M|99\/100 tox\n|-damage|p2a: Gliscor|87\/100 tox|[from] Stealth Rock\n|turn|13\n|inactive|wangziqiang has 270 seconds left.\n|\n|t:|1700050132\n|-terastallize|p1a: Garchomp|Dragon\n|move|p1a: Garchomp|Scale Shot|p2a: Gliscor\n|-crit|p2a: Gliscor\n|-damage|p2a: Gliscor|53\/100 tox\n|-damage|p2a: Gliscor|30\/100 tox\n|-damage|p2a: Gliscor|7\/100 tox\n|-damage|p2a: Gliscor|0 fnt\n|faint|p2a: Gliscor\n|-hitcount|p2: Gliscor|4\n|-unboost|p1a: Garchomp|def|1\n|-boost|p1a: Garchomp|spe|1\n|\n|upkeep\n|inactive|wangziqiang has 270 seconds left.\n|\n|t:|1700050158\n|switch|p2a: Heatran|Heatran, M|74\/100\n|-damage|p2a: Heatran|62\/100|[from] Stealth Rock\n|turn|14\n|\n|t:|1700050165\n|-terastallize|p2a: Heatran|Flying\n|move|p1a: Garchomp|Earthquake|p2a: Heatran\n|-immune|p2a: Heatran\n|move|p2a: Heatran|Flash Cannon|p1a: Garchomp\n|-damage|p1a: Garchomp|0 fnt\n|faint|p1a: Garchomp\n|\n|upkeep\n|\n|t:|1700050176\n|switch|p1a: Hippowdon|Hippowdon, M|100\/100\n|-weather|Sandstorm|[from] ability: Sand Stream|[of] p1a: Hippowdon\n|turn|15\n|\n|t:|1700050189\n|move|p2a: Heatran|Flash Cannon|p1a: Hippowdon\n|-damage|p1a: Hippowdon|60\/100\n|move|p1a: Hippowdon|Toxic|p2a: Heatran\n|-status|p2a: Heatran|tox\n|\n|-weather|Sandstorm|[upkeep]\n|-damage|p2a: Heatran|55\/100 tox|[from] Sandstorm\n|-heal|p1a: Hippowdon|66\/100|[from] item: Leftovers\n|-damage|p2a: Heatran|49\/100 tox|[from] psn\n|-fieldend|move: Electric Terrain\n|upkeep\n|turn|16\n|inactive|wangziqiang has 270 seconds left.\n|\n|t:|1700050208\n|move|p1a: Hippowdon|Protect|p1a: Hippowdon\n|-singleturn|p1a: Hippowdon|Protect\n|move|p2a: Heatran|Flash Cannon|p1a: Hippowdon\n|-activate|p1a: Hippowdon|move: Protect\n|\n|-weather|Sandstorm|[upkeep]\n|-damage|p2a: Heatran|43\/100 tox|[from] Sandstorm\n|-heal|p1a: Hippowdon|72\/100|[from] item: Leftovers\n|-damage|p2a: Heatran|31\/100 tox|[from] psn\n|upkeep\n|turn|17\n|\n|t:|1700050221\n|switch|p2a: Garchomp|Garchomp, M|100\/100\n|-damage|p2a: Garchomp|94\/100|[from] Stealth Rock\n|move|p1a: Hippowdon|Slack Off|p1a: Hippowdon\n|-heal|p1a: Hippowdon|100\/100\n|\n|-weather|Sandstorm|[upkeep]\n|upkeep\n|turn|18\n|\n|t:|1700050232\n|switch|p1a: Glimmora|Glimmora, F|15\/100\n|move|p2a: Garchomp|Swords Dance|p2a: Garchomp\n|-boost|p2a: Garchomp|atk|2\n|\n|-weather|Sandstorm|[upkeep]\n|upkeep\n|turn|19\n|\n|t:|1700050245\n|move|p1a: Glimmora|Spiky Shield|p1a: Glimmora\n|-singleturn|p1a: Glimmora|move: Protect\n|move|p2a: Garchomp|Scale Shot|p1a: Glimmora\n|-activate|p1a: Glimmora|move: Protect\n|\n|-weather|none\n|upkeep\n|turn|20\n|\n|t:|1700050254\n|move|p2a: Garchomp|Scale Shot|p1a: Glimmora\n|-damage|p1a: Glimmora|0 fnt\n|-activate|p1a: Glimmora|ability: Toxic Debris\n|-sidestart|p2: wangziqiang|move: Toxic Spikes\n|faint|p1a: Glimmora\n|-hitcount|p1: Glimmora|1\n|-unboost|p2a: Garchomp|def|1\n|-boost|p2a: Garchomp|spe|1\n|\n|upkeep\n|\n|t:|1700050264\n|switch|p1a: Hippowdon|Hippowdon, M|100\/100\n|-weather|Sandstorm|[from] ability: Sand Stream|[of] p1a: Hippowdon\n|turn|21\n|\n|t:|1700050274\n|move|p1a: Hippowdon|Protect|p1a: Hippowdon\n|-singleturn|p1a: Hippowdon|Protect\n|move|p2a: Garchomp|Earthquake|p1a: Hippowdon\n|-activate|p1a: Hippowdon|move: Protect\n|\n|-weather|Sandstorm|[upkeep]\n|upkeep\n|turn|22\n|\n|t:|1700050290\n|switch|p1a: Ogerpon|Ogerpon-Cornerstone, F|100\/100\n|move|p2a: Garchomp|Earthquake|p1a: Ogerpon\n|-ability|p1a: Ogerpon|Sturdy\n|-damage|p1a: Ogerpon|1\/100\n|\n|-weather|Sandstorm|[upkeep]\n|upkeep\n|turn|23\n|\n|t:|1700050300\n|move|p2a: Garchomp|Scale Shot|p1a: Ogerpon\n|-damage|p1a: Ogerpon|0 fnt\n|faint|p1a: Ogerpon\n|-hitcount|p1: Ogerpon|1\n|-unboost|p2a: Garchomp|def|1\n|-boost|p2a: Garchomp|spe|1\n|\n|-weather|Sandstorm|[upkeep]\n|upkeep\n|\n|t:|1700050309\n|switch|p1a: Hippowdon|Hippowdon, M|100\/100\n|turn|24\n|\n|t:|1700050313\n|move|p2a: Garchomp|Earthquake|p1a: Hippowdon\n|-damage|p1a: Hippowdon|50\/100\n|move|p1a: Hippowdon|Toxic|p2a: Garchomp|[miss]\n|-miss|p1a: Hippowdon|p2a: Garchomp\n|\n|-weather|Sandstorm|[upkeep]\n|-heal|p1a: Hippowdon|56\/100|[from] item: Leftovers\n|upkeep\n|turn|25\n|\n|t:|1700050322\n|move|p2a: Garchomp|Scale Shot|p1a: Hippowdon\n|-damage|p1a: Hippowdon|41\/100\n|-damage|p1a: Hippowdon|28\/100\n|-damage|p1a: Hippowdon|14\/100\n|-damage|p1a: Hippowdon|1\/100\n|-hitcount|p1a: Hippowdon|4\n|-unboost|p2a: Garchomp|def|1\n|-boost|p2a: Garchomp|spe|1\n|move|p1a: Hippowdon|Toxic|p2a: Garchomp|[miss]\n|-miss|p1a: Hippowdon|p2a: Garchomp\n|\n|-weather|none\n|-heal|p1a: Hippowdon|7\/100|[from] item: Leftovers\n|upkeep\n|turn|26\n|-message|zik22 forfeited.\n|\n|win|wangziqiang\n|l|\u2606zik22\n","uploadtime":1700050341,"views":11,"p1id":"zik22","p2id":"wangziqiang","formatid":"gen9nationaldex","rating":0,"private":0,"password":""}