{"id":"gen9nationaldex-1993452303","p1":"sszh","p2":"nanabuon","format":"[Gen 9] National Dex","log":"|j|\u2606sszh\n|j|\u2606nanabuon\n|t:|1700319666\n|gametype|singles\n|player|p1|sszh|170|1404\n|player|p2|nanabuon|bruno|1484\n|teamsize|p1|6\n|teamsize|p2|6\n|gen|9\n|tier|[Gen 9] National Dex\n|rated|\n|rule|HP Percentage Mod: HP is shown in percentages\n|rule|Endless Battle Clause: Forcing endless battles is banned\n|rule|OHKO Clause: OHKO moves are banned\n|rule|Evasion Clause: Evasion abilities, items, and moves are banned\n|rule|Evasion Abilities Clause: Evasion abilities are banned\n|rule|Evasion Items Clause: Evasion items are banned\n|rule|Evasion Moves Clause: Evasion moves are banned\n|rule|Species Clause: Limit one of each Pok\u00e9mon\n|rule|Sleep Clause Mod: Limit one foe put to sleep\n|clearpoke\n|poke|p1|Rotom-Wash|\n|poke|p1|Iron Valiant|\n|poke|p1|Hoopa-Unbound|\n|poke|p1|Scizor, M|\n|poke|p1|Landorus-Therian, M|\n|poke|p1|Tapu Koko|\n|poke|p2|Dondozo, F|\n|poke|p2|Okidogi, M|\n|poke|p2|Moltres|\n|poke|p2|Blissey, F|\n|poke|p2|Bellibolt, M|\n|poke|p2|Pinsir, M|\n|teampreview\n|inactive|Battle timer is ON: inactive players will automatically lose when time's up. (requested by nanabuon)\n|\n|t:|1700319675\n|start\n|switch|p1a: Tapu Koko|Tapu Koko|100\/100\n|switch|p2a: Bellibolt|Bellibolt, M|100\/100\n|-fieldstart|move: Electric Terrain|[from] ability: Electric Surge|[of] p1a: Tapu Koko\n|turn|1\n|\n|t:|1700319685\n|switch|p1a: Landorus|Landorus-Therian, M|100\/100\n|-ability|p1a: Landorus|Intimidate|boost\n|-unboost|p2a: Bellibolt|atk|1\n|move|p2a: Bellibolt|Parabolic Charge|p1a: Landorus\n|-immune|p1a: Landorus\n|\n|upkeep\n|turn|2\n|\n|t:|1700319695\n|switch|p2a: Dondozo|Dondozo, F|100\/100\n|move|p1a: Landorus|Earthquake|p2a: Dondozo\n|-crit|p2a: Dondozo\n|-damage|p2a: Dondozo|71\/100\n|\n|-heal|p2a: Dondozo|77\/100|[from] item: Leftovers\n|upkeep\n|turn|3\n|\n|t:|1700319703\n|move|p1a: Landorus|Toxic|p2a: Dondozo\n|-status|p2a: Dondozo|tox\n|move|p2a: Dondozo|Liquidation|p1a: Landorus\n|-supereffective|p1a: Landorus\n|-damage|p1a: Landorus|63\/100\n|-damage|p2a: Dondozo|61\/100 tox|[from] item: Rocky Helmet|[of] p1a: Landorus\n|\n|-heal|p2a: Dondozo|67\/100 tox|[from] item: Leftovers\n|-damage|p2a: Dondozo|61\/100 tox|[from] psn\n|upkeep\n|turn|4\n|\n|t:|1700319715\n|switch|p1a: Rotom|Rotom-Wash|100\/100\n|move|p2a: Dondozo|Rest||[still]\n|-activate|p2a: Dondozo|move: Electric Terrain\n|-fail|p2a: Dondozo\n|\n|-heal|p2a: Dondozo|67\/100 tox|[from] item: Leftovers\n|-damage|p2a: Dondozo|55\/100 tox|[from] psn\n|upkeep\n|turn|5\n|\n|t:|1700319730\n|switch|p2a: Blissey|Blissey, F|100\/100\n|move|p1a: Rotom|Will-O-Wisp|p2a: Blissey\n|-status|p2a: Blissey|brn\n|\n|-damage|p2a: Blissey|94\/100 brn|[from] brn\n|-fieldend|move: Electric Terrain\n|upkeep\n|turn|6\n|\n|t:|1700319740\n|move|p1a: Rotom|Volt Switch|p2a: Blissey\n|-damage|p2a: Blissey|87\/100 brn\n|\n|t:|1700319745\n|switch|p1a: Hoopa|Hoopa-Unbound|100\/100|[from] Volt Switch\n|move|p2a: Blissey|Seismic Toss|p1a: Hoopa\n|-damage|p1a: Hoopa|67\/100\n|\n|-heal|p2a: Blissey|93\/100 brn|[from] item: Leftovers\n|-damage|p2a: Blissey|87\/100 brn|[from] brn\n|upkeep\n|turn|7\n|\n|t:|1700319762\n|-curestatus|p2a: Blissey|brn|[from] ability: Natural Cure\n|switch|p2a: Bellibolt|Bellibolt, M|100\/100\n|move|p1a: Hoopa|Hyperspace Fury|p2a: Bellibolt\n|-damage|p2a: Bellibolt|42\/100\n|-unboost|p1a: Hoopa|def|1\n|-start|p2a: Bellibolt|Charge|Hyperspace Fury|[from] ability: Electromorphosis\n|\n|-heal|p2a: Bellibolt|48\/100|[from] item: Leftovers\n|upkeep\n|turn|8\n|\n|t:|1700319775\n|move|p1a: Hoopa|Hyperspace Fury|p2a: Bellibolt\n|-damage|p2a: Bellibolt|0 fnt\n|-unboost|p1a: Hoopa|def|1\n|faint|p2a: Bellibolt\n|\n|upkeep\n|\n|t:|1700319781\n|switch|p2a: Pinsir|Pinsir, M|100\/100\n|turn|9\n|\n|t:|1700319790\n|switch|p1a: Landorus|Landorus-Therian, M|63\/100\n|-ability|p1a: Landorus|Intimidate|boost\n|-unboost|p2a: Pinsir|atk|1\n|move|p2a: Pinsir|Close Combat|p1a: Landorus\n|-resisted|p1a: Landorus\n|-damage|p1a: Landorus|54\/100\n|-unboost|p2a: Pinsir|def|1\n|-unboost|p2a: Pinsir|spd|1\n|-damage|p2a: Pinsir|84\/100|[from] item: Rocky Helmet|[of] p1a: Landorus\n|\n|upkeep\n|turn|10\n|\n|t:|1700319807\n|switch|p2a: Dondozo|Dondozo, F|55\/100 tox\n|move|p1a: Landorus|Stealth Rock|p2a: Dondozo\n|-sidestart|p2: nanabuon|move: Stealth Rock\n|\n|-heal|p2a: Dondozo|61\/100 tox|[from] item: Leftovers\n|-damage|p2a: Dondozo|55\/100 tox|[from] psn\n|upkeep\n|turn|11\n|\n|t:|1700319824\n|switch|p1a: Tapu Koko|Tapu Koko|100\/100\n|-fieldstart|move: Electric Terrain|[from] ability: Electric Surge|[of] p1a: Tapu Koko\n|move|p2a: Dondozo|Rest||[still]\n|-activate|p2a: Dondozo|move: Electric Terrain\n|-fail|p2a: Dondozo\n|\n|-heal|p2a: Dondozo|61\/100 tox|[from] item: Leftovers\n|-damage|p2a: Dondozo|49\/100 tox|[from] psn\n|upkeep\n|turn|12\n|\n|t:|1700319839\n|switch|p2a: Blissey|Blissey, F|87\/100\n|-damage|p2a: Blissey|74\/100|[from] Stealth Rock\n|move|p1a: Tapu Koko|Volt Switch|p2a: Blissey\n|-damage|p2a: Blissey|58\/100\n|\n|t:|1700319850\n|switch|p1a: Hoopa|Hoopa-Unbound|67\/100|[from] Volt Switch\n|\n|-heal|p2a: Blissey|64\/100|[from] item: Leftovers\n|upkeep\n|turn|13\n|inactive|sszh has 120 seconds left.\n|\n|t:|1700319870\n|move|p1a: Hoopa|Zen Headbutt|p2a: Blissey\n|-damage|p2a: Blissey|0 fnt\n|faint|p2a: Blissey\n|\n|upkeep\n|\n|t:|1700319880\n|switch|p2a: Moltres|Moltres|100\/100\n|turn|14\n|\n|t:|1700319887\n|switch|p1a: Rotom|Rotom-Wash|100\/100\n|move|p2a: Moltres|U-turn|p1a: Rotom\n|-damage|p1a: Rotom|88\/100\n|\n|t:|1700319895\n|switch|p2a: Okidogi|Okidogi, M|100\/100|[from] U-turn\n|-damage|p2a: Okidogi|95\/100|[from] Stealth Rock\n|\n|-heal|p1a: Rotom|94\/100|[from] item: Leftovers\n|upkeep\n|turn|15\n|\n|t:|1700319909\n|move|p1a: Rotom|Volt Switch|p2a: Okidogi\n|-damage|p2a: Okidogi|62\/100\n|\n|t:|1700319914\n|switch|p1a: Landorus|Landorus-Therian, M|54\/100|[from] Volt Switch\n|-ability|p1a: Landorus|Intimidate|boost\n|-unboost|p2a: Okidogi|atk|1\n|move|p2a: Okidogi|Poison Jab|p1a: Landorus\n|-resisted|p1a: Landorus\n|-damage|p1a: Landorus|45\/100\n|-damage|p2a: Okidogi|45\/100|[from] item: Rocky Helmet|[of] p1a: Landorus\n|\n|-fieldend|move: Electric Terrain\n|upkeep\n|turn|16\n|\n|t:|1700319934\n|switch|p2a: Dondozo|Dondozo, F|49\/100 tox\n|-damage|p2a: Dondozo|36\/100 tox|[from] Stealth Rock\n|move|p1a: Landorus|Earthquake|p2a: Dondozo\n|-damage|p2a: Dondozo|16\/100 tox\n|\n|-heal|p2a: Dondozo|23\/100 tox|[from] item: Leftovers\n|-damage|p2a: Dondozo|16\/100 tox|[from] psn\n|upkeep\n|turn|17\n|-message|nanabuon forfeited.\n|\n|win|sszh\n|raw|sszh's rating: 1404 &rarr; <strong>1429<\/strong><br \/>(+25 for winning)\n|raw|nanabuon's rating: 1484 &rarr; <strong>1459<\/strong><br \/>(-25 for losing)\n|l|\u2606nanabuon\n","uploadtime":1700319966,"views":5,"p1id":"sszh","p2id":"nanabuon","formatid":"gen9nationaldex","rating":1429,"private":0,"password":""}