{"id":"gen9nationaldex-1993147871","p1":"As cheu","p2":"wopowopo","format":"[Gen 9] National Dex","log":"|j|\u2606As cheu\n|j|\u2606wopowopo\n|t:|1700270531\n|gametype|singles\n|player|p1|As cheu|officeworker|1514\n|player|p2|wopowopo|2|1721\n|teamsize|p1|6\n|teamsize|p2|6\n|gen|9\n|tier|[Gen 9] National Dex\n|rated|\n|rule|HP Percentage Mod: HP is shown in percentages\n|rule|Endless Battle Clause: Forcing endless battles is banned\n|rule|OHKO Clause: OHKO moves are banned\n|rule|Evasion Clause: Evasion abilities, items, and moves are banned\n|rule|Evasion Abilities Clause: Evasion abilities are banned\n|rule|Evasion Items Clause: Evasion items are banned\n|rule|Evasion Moves Clause: Evasion moves are banned\n|rule|Species Clause: Limit one of each Pok\u00e9mon\n|rule|Sleep Clause Mod: Limit one foe put to sleep\n|clearpoke\n|poke|p1|Steelix, M|\n|poke|p1|Hatterene, F|\n|poke|p1|Greninja-*, M|\n|poke|p1|Marowak-Alola, M|\n|poke|p1|Medicham, F|\n|poke|p1|Salamence, M|\n|poke|p2|Charizard, F|\n|poke|p2|Zamazenta-*|\n|poke|p2|Bisharp, M|\n|poke|p2|Minior-Yellow|\n|poke|p2|Tapu Lele|\n|poke|p2|Sneasler, M|\n|teampreview\n|inactive|Battle timer is ON: inactive players will automatically lose when time's up. (requested by wopowopo)\n|inactive|wopowopo has 120 seconds left.\n|\n|t:|1700270563\n|start\n|switch|p1a: \u963f\u83ca|Steelix, M|100\/100\n|switch|p2a: \u836f\u5242\u5e08|Sneasler, M|100\/100\n|turn|1\n|\n|t:|1700270574\n|-terastallize|p2a: \u836f\u5242\u5e08|Flying\n|-terastallize|p1a: \u963f\u83ca|Water\n|move|p2a: \u836f\u5242\u5e08|Swords Dance|p2a: \u836f\u5242\u5e08\n|-boost|p2a: \u836f\u5242\u5e08|atk|2\n|move|p1a: \u963f\u83ca|Stealth Rock|p2a: \u836f\u5242\u5e08\n|-sidestart|p2: wopowopo|move: Stealth Rock\n|\n|upkeep\n|turn|2\n|\n|t:|1700270581\n|move|p2a: \u836f\u5242\u5e08|Dire Claw|p1a: \u963f\u83ca\n|-damage|p1a: \u963f\u83ca|61\/100\n|-damage|p2a: \u836f\u5242\u5e08|84\/100|[from] item: Rocky Helmet|[of] p1a: \u963f\u83ca\n|move|p1a: \u963f\u83ca|Roar|p2a: \u836f\u5242\u5e08\n|drag|p2a: \u516c\u4e3b|Tapu Lele|100\/100\n|-damage|p2a: \u516c\u4e3b|88\/100|[from] Stealth Rock\n|-fieldstart|move: Psychic Terrain|[from] ability: Psychic Surge|[of] p2a: \u516c\u4e3b\n|\n|upkeep\n|turn|3\n|c|\u2606wopowopo|\u6765\u70b9\u7f81\u7eca\n|\n|t:|1700270598\n|switch|p1a: Hatterene|Hatterene, F|100\/100\n|move|p2a: \u516c\u4e3b|Moonblast|p1a: Hatterene\n|-damage|p1a: Hatterene|73\/100\n|\n|upkeep\n|turn|4\n|\n|t:|1700270605\n|switch|p2a: \u6d41\u661f|Minior-Yellow|100\/100\n|-damage|p2a: \u6d41\u661f|76\/100|[from] Stealth Rock\n|-formechange|p2a: \u6d41\u661f|Minior-Meteor||[from] ability: Shields Down\n|move|p1a: Hatterene|Nuzzle|p2a: \u6d41\u661f\n|-supereffective|p2a: \u6d41\u661f\n|-damage|p2a: \u6d41\u661f|65\/100\n|\n|upkeep\n|turn|5\n|\n|t:|1700270619\n|move|p2a: \u6d41\u661f|Explosion|p1a: Hatterene\n|-damage|p1a: Hatterene|10\/100\n|faint|p2a: \u6d41\u661f\n|move|p1a: Hatterene|Psyshock|p2: \u6d41\u661f|[notarget]\n|-fail|p1a: Hatterene\n|\n|upkeep\n|\n|t:|1700270626\n|switch|p2a: \u836f\u5242\u5e08|Sneasler, M, tera:Flying|84\/100\n|-damage|p2a: \u836f\u5242\u5e08|59\/100|[from] Stealth Rock\n|-enditem|p2a: \u836f\u5242\u5e08|Psychic Seed\n|-boost|p2a: \u836f\u5242\u5e08|spd|1|[from] item: Psychic Seed\n|turn|6\n|\n|t:|1700270632\n|move|p2a: \u836f\u5242\u5e08|Dire Claw|p1a: Hatterene\n|-supereffective|p1a: Hatterene\n|-damage|p1a: Hatterene|0 fnt\n|faint|p1a: Hatterene\n|\n|-fieldend|move: Psychic Terrain\n|upkeep\n|\n|t:|1700270640\n|switch|p1a: Medicham|Medicham, F|100\/100\n|turn|7\n|\n|t:|1700270645\n|detailschange|p1a: Medicham|Medicham-Mega, F\n|-mega|p1a: Medicham|Medicham|Medichamite\n|move|p1a: Medicham|Fake Out|p2a: \u836f\u5242\u5e08\n|-damage|p2a: \u836f\u5242\u5e08|15\/100\n|cant|p2a: \u836f\u5242\u5e08|flinch\n|\n|upkeep\n|turn|8\n|\n|t:|1700270652\n|move|p1a: Medicham|Bullet Punch|p2a: \u836f\u5242\u5e08\n|-damage|p2a: \u836f\u5242\u5e08|0 fnt\n|faint|p2a: \u836f\u5242\u5e08\n|\n|upkeep\n|\n|t:|1700270658\n|switch|p2a: \u516c\u4e3b|Tapu Lele|88\/100\n|-damage|p2a: \u516c\u4e3b|76\/100|[from] Stealth Rock\n|-fieldstart|move: Psychic Terrain|[from] ability: Psychic Surge|[of] p2a: \u516c\u4e3b\n|turn|9\n|\n|t:|1700270666\n|switch|p1a: \u5c0f\u5c0f\u560e\u5566|Marowak-Alola, M|100\/100\n|move|p2a: \u516c\u4e3b|Psychic|p1a: \u5c0f\u5c0f\u560e\u5566\n|-damage|p1a: \u5c0f\u5c0f\u560e\u5566|13\/100\n|\n|upkeep\n|turn|10\n|\n|t:|1700270672\n|switch|p2a: \u6076\u9f99|Charizard, F|100\/100\n|-damage|p2a: \u6076\u9f99|50\/100|[from] Stealth Rock\n|switch|p1a: Greninja|Greninja, M|100\/100\n|\n|upkeep\n|turn|11\n|\n|t:|1700270678\n|detailschange|p2a: \u6076\u9f99|Charizard-Mega-X, F\n|-mega|p2a: \u6076\u9f99|Charizard|Charizardite X\n|move|p1a: Greninja|Hydro Pump|p2a: \u6076\u9f99\n|-start|p1a: Greninja|typechange|Water|[from] ability: Protean\n|-damage|p2a: \u6076\u9f99|0 fnt\n|faint|p2a: \u6076\u9f99\n|\n|upkeep\n|\n|t:|1700270688\n|switch|p2a: \u5b88\u536b|Bisharp, M|100\/100\n|-damage|p2a: \u5b88\u536b|94\/100|[from] Stealth Rock\n|turn|12\n|\n|t:|1700270691\n|move|p1a: Greninja|Hydro Pump|p2a: \u5b88\u536b\n|-damage|p2a: \u5b88\u536b|55\/100\n|move|p2a: \u5b88\u536b|Swords Dance|p2a: \u5b88\u536b\n|-boost|p2a: \u5b88\u536b|atk|2\n|\n|upkeep\n|turn|13\n|\n|t:|1700270697\n|switch|p1a: \u963f\u83ca|Steelix, M, tera:Water|61\/100\n|move|p2a: \u5b88\u536b|Knock Off|p1a: \u963f\u83ca\n|-damage|p1a: \u963f\u83ca|6\/100\n|-damage|p2a: \u5b88\u536b|38\/100|[from] item: Rocky Helmet|[of] p1a: \u963f\u83ca\n|-enditem|p1a: \u963f\u83ca|Rocky Helmet|[from] move: Knock Off|[of] p2a: \u5b88\u536b\n|\n|-fieldend|move: Psychic Terrain\n|upkeep\n|turn|14\n|\n|t:|1700270701\n|move|p2a: \u5b88\u536b|Sucker Punch|p1a: \u963f\u83ca\n|-damage|p1a: \u963f\u83ca|0 fnt\n|faint|p1a: \u963f\u83ca\n|\n|upkeep\n|\n|t:|1700270705\n|switch|p1a: Medicham|Medicham-Mega, F|100\/100\n|turn|15\n|\n|t:|1700270710\n|switch|p2a: \u516c\u4e3b|Tapu Lele|76\/100\n|-damage|p2a: \u516c\u4e3b|63\/100|[from] Stealth Rock\n|-fieldstart|move: Psychic Terrain|[from] ability: Psychic Surge|[of] p2a: \u516c\u4e3b\n|move|p1a: Medicham|Fake Out|p2a: \u516c\u4e3b\n|-activate|p2a: \u516c\u4e3b|move: Psychic Terrain\n|\n|upkeep\n|turn|16\n|\n|t:|1700270720\n|move|p2a: \u516c\u4e3b|Moonblast|p1a: Medicham\n|-supereffective|p1a: Medicham\n|-damage|p1a: Medicham|0 fnt\n|faint|p1a: Medicham\n|\n|upkeep\n|\n|t:|1700270726\n|switch|p1a: Greninja|Greninja, M|100\/100\n|turn|17\n|\n|t:|1700270729\n|move|p1a: Greninja|Hydro Pump|p2a: \u516c\u4e3b\n|-start|p1a: Greninja|typechange|Water|[from] ability: Protean\n|-damage|p2a: \u516c\u4e3b|12\/100\n|move|p2a: \u516c\u4e3b|Moonblast|p1a: Greninja\n|-damage|p1a: Greninja|16\/100\n|\n|upkeep\n|turn|18\n|\n|t:|1700270738\n|switch|p2a: \u9e92\u9e9f|Zamazenta|100\/100\n|-damage|p2a: \u9e92\u9e9f|94\/100|[from] Stealth Rock\n|-ability|p2a: \u9e92\u9e9f|Dauntless Shield|boost\n|-boost|p2a: \u9e92\u9e9f|def|1\n|move|p1a: Greninja|Hydro Pump|p2a: \u9e92\u9e9f\n|-damage|p2a: \u9e92\u9e9f|48\/100\n|\n|-heal|p2a: \u9e92\u9e9f|54\/100|[from] item: Leftovers\n|upkeep\n|turn|19\n|\n|t:|1700270747\n|move|p1a: Greninja|Hydro Pump|p2a: \u9e92\u9e9f\n|-damage|p2a: \u9e92\u9e9f|10\/100\n|move|p2a: \u9e92\u9e9f|Body Press|p1a: Greninja\n|-damage|p1a: Greninja|0 fnt\n|faint|p1a: Greninja\n|\n|-heal|p2a: \u9e92\u9e9f|16\/100|[from] item: Leftovers\n|-fieldend|move: Psychic Terrain\n|upkeep\n|\n|t:|1700270751\n|switch|p1a: \u8840\u7ffc\u98de\u9f99|Salamence, M|100\/100\n|-ability|p1a: \u8840\u7ffc\u98de\u9f99|Intimidate|boost\n|-unboost|p2a: \u9e92\u9e9f|atk|1\n|turn|20\n|\n|t:|1700270759\n|switch|p2a: \u516c\u4e3b|Tapu Lele|12\/100\n|-damage|p2a: \u516c\u4e3b|0 fnt|[from] Stealth Rock\n|faint|p2a: \u516c\u4e3b\n|move|p1a: \u8840\u7ffc\u98de\u9f99|Dragon Dance|p1a: \u8840\u7ffc\u98de\u9f99\n|-boost|p1a: \u8840\u7ffc\u98de\u9f99|atk|1\n|-boost|p1a: \u8840\u7ffc\u98de\u9f99|spe|1\n|\n|upkeep\n|-message|wopowopo forfeited.\n|\n|win|As cheu\n|raw|As cheu's rating: 1514 &rarr; <strong>1545<\/strong><br \/>(+31 for winning)\n|raw|wopowopo's rating: 1721 &rarr; <strong>1690<\/strong><br \/>(-31 for losing)\n|l|\u2606wopowopo\n","uploadtime":1700270774,"views":16,"p1id":"ascheu","p2id":"wopowopo","formatid":"gen9nationaldex","rating":1545,"private":0,"password":""}