{"id":"gen9nationaldex-1990351063","p1":"NegativeVictoria","p2":"F3rRIz","format":"[Gen 9] National Dex","log":"|j|\u2606NegativeVictoria\n|j|\u2606F3rRIz\n|t:|1699960757\n|gametype|singles\n|player|p1|NegativeVictoria|plasmagruntf|1250\n|player|p2|F3rRIz|red|1344\n|teamsize|p1|6\n|teamsize|p2|6\n|gen|9\n|tier|[Gen 9] National Dex\n|rated|\n|rule|HP Percentage Mod: HP is shown in percentages\n|rule|Endless Battle Clause: Forcing endless battles is banned\n|rule|OHKO Clause: OHKO moves are banned\n|rule|Evasion Clause: Evasion abilities, items, and moves are banned\n|rule|Evasion Abilities Clause: Evasion abilities are banned\n|rule|Evasion Items Clause: Evasion items are banned\n|rule|Evasion Moves Clause: Evasion moves are banned\n|rule|Species Clause: Limit one of each Pok\u00e9mon\n|rule|Sleep Clause Mod: Limit one foe put to sleep\n|clearpoke\n|poke|p1|Pelipper, M|\n|poke|p1|Kingdra, F|\n|poke|p1|Qwilfish, F|\n|poke|p1|Toxicroak, F|\n|poke|p1|Beartic, F|\n|poke|p1|Garchomp, M|\n|poke|p2|Zoroark, F|\n|poke|p2|Krookodile, M|\n|poke|p2|Scrafty, M|\n|poke|p2|Sableye, M|\n|poke|p2|Bombirdier, M|\n|poke|p2|Thievul, M|\n|teampreview\n|\n|t:|1699960793\n|start\n|switch|p1a: Pelipper|Pelipper, M|100\/100\n|switch|p2a: Sableye|Sableye, M|100\/100\n|-weather|RainDance|[from] ability: Drizzle|[of] p1a: Pelipper\n|turn|1\n|\n|t:|1699960835\n|move|p2a: Sableye|Trick|p1a: Pelipper\n|-activate|p2a: Sableye|move: Trick|[of] p1a: Pelipper\n|-item|p1a: Pelipper|Choice Specs|[from] move: Trick\n|-item|p2a: Sableye|Choice Scarf|[from] move: Trick\n|move|p1a: Pelipper|Weather Ball|p2a: Sableye\n|-damage|p2a: Sableye|0 fnt\n|faint|p2a: Sableye\n|\n|-weather|RainDance|[upkeep]\n|upkeep\n|\n|t:|1699960845\n|switch|p2a: Krookodile|Krookodile, M|100\/100\n|turn|2\n|\n|t:|1699960855\n|-terastallize|p2a: Krookodile|Electric\n|move|p2a: Krookodile|Tera Blast|p1a: Pelipper|[anim] Tera Blast Electric\n|-supereffective|p1a: Pelipper\n|-damage|p1a: Pelipper|0 fnt\n|faint|p1a: Pelipper\n|-ability|p2a: Krookodile|Moxie|boost\n|-boost|p2a: Krookodile|atk|1\n|\n|-weather|RainDance|[upkeep]\n|upkeep\n|\n|t:|1699960862\n|switch|p1a: Garchomp|Garchomp, M|100\/100\n|turn|3\n|\n|t:|1699960871\n|switch|p2a: Bombirdier|Bombirdier, M|100\/100\n|-terastallize|p1a: Garchomp|Dragon\n|move|p1a: Garchomp|Dragon Claw|p2a: Bombirdier\n|-damage|p2a: Bombirdier|0 fnt\n|faint|p2a: Bombirdier\n|\n|-weather|RainDance|[upkeep]\n|upkeep\n|\n|t:|1699960886\n|switch|p2a: Scrafty|Scrafty, M|100\/100\n|turn|4\n|\n|t:|1699960894\n|move|p2a: Scrafty|Nasty Plot|p2a: Scrafty\n|-boost|p2a: Scrafty|spa|2\n|move|p1a: Garchomp|Dragon Claw|p2a: Scrafty\n|-enditem|p2a: Scrafty|Focus Sash\n|-damage|p2a: Scrafty|1\/100\n|replace|p2a: Zoroark|Zoroark, F\n|-end|p2a: Zoroark|Illusion\n|\n|-weather|RainDance|[upkeep]\n|upkeep\n|turn|5\n|\n|t:|1699960906\n|move|p2a: Zoroark|Night Daze|p1a: Garchomp\n|-damage|p1a: Garchomp|16\/100\n|-unboost|p1a: Garchomp|accuracy|1\n|move|p1a: Garchomp|Dragon Claw|p2a: Zoroark|[miss]\n|-miss|p1a: Garchomp|p2a: Zoroark\n|\n|-weather|none\n|upkeep\n|turn|6\n|c|\u2606NegativeVictoria|...\n|inactive|Battle timer is ON: inactive players will automatically lose when time's up. (requested by NegativeVictoria)\n|\n|t:|1699960924\n|move|p2a: Zoroark|Sludge Bomb|p1a: Garchomp\n|-damage|p1a: Garchomp|0 fnt\n|faint|p1a: Garchomp\n|\n|upkeep\n|\n|t:|1699960928\n|switch|p1a: Qwilfish|Qwilfish, F|100\/100\n|turn|7\n|\n|t:|1699960936\n|move|p1a: Qwilfish|Aqua Jet|p2a: Zoroark\n|-damage|p2a: Zoroark|0 fnt\n|faint|p2a: Zoroark\n|-damage|p1a: Qwilfish|91\/100|[from] item: Life Orb\n|\n|upkeep\n|\n|t:|1699960943\n|switch|p2a: Krookodile|Krookodile, M, tera:Electric|100\/100\n|turn|8\n|\n|t:|1699960957\n|move|p1a: Qwilfish|Aqua Jet|p2a: Krookodile\n|-damage|p2a: Krookodile|68\/100\n|-damage|p1a: Qwilfish|81\/100|[from] item: Life Orb\n|move|p2a: Krookodile|Earthquake|p1a: Qwilfish\n|-supereffective|p1a: Qwilfish\n|-damage|p1a: Qwilfish|0 fnt\n|faint|p1a: Qwilfish\n|-ability|p2a: Krookodile|Moxie|boost\n|-boost|p2a: Krookodile|atk|1\n|\n|upkeep\n|\n|t:|1699960959\n|switch|p1a: Beartic|Beartic, F|100\/100\n|turn|9\n|\n|t:|1699960971\n|move|p2a: Krookodile|Earthquake|p1a: Beartic\n|-damage|p1a: Beartic|7\/100\n|move|p1a: Beartic|Icicle Crash|p2a: Krookodile\n|-damage|p2a: Krookodile|0 fnt\n|faint|p2a: Krookodile\n|-damage|p1a: Beartic|0 fnt|[from] item: Life Orb\n|faint|p1a: Beartic\n|\n|upkeep\n|\n|t:|1699960990\n|switch|p2a: Thievul|Thievul, M|100\/100\n|switch|p1a: Toxicroak|Toxicroak, F|100\/100\n|turn|10\n|\n|t:|1699961011\n|move|p2a: Thievul|Burning Jealousy|p1a: Toxicroak\n|-crit|p1a: Toxicroak\n|-damage|p1a: Toxicroak|46\/100\n|move|p1a: Toxicroak|Drain Punch|p2a: Thievul\n|-supereffective|p2a: Thievul\n|-damage|p2a: Thievul|0 fnt\n|-heal|p1a: Toxicroak|92\/100|[from] drain|[of] p2a: Thievul\n|faint|p2a: Thievul\n|-damage|p1a: Toxicroak|82\/100|[from] item: Life Orb\n|\n|upkeep\n|inactive|F3rRIz has 120 seconds left.\n|\n|t:|1699961022\n|switch|p2a: Scrafty|Scrafty, M|100\/100\n|turn|11\n|\n|t:|1699961027\n|move|p1a: Toxicroak|Drain Punch|p2a: Scrafty\n|-supereffective|p2a: Scrafty\n|-damage|p2a: Scrafty|6\/100\n|-heal|p1a: Toxicroak|100\/100|[from] drain|[of] p2a: Scrafty\n|-damage|p1a: Toxicroak|91\/100|[from] item: Life Orb\n|move|p2a: Scrafty|Dragon Dance|p2a: Scrafty\n|-boost|p2a: Scrafty|atk|1\n|-boost|p2a: Scrafty|spe|1\n|\n|-heal|p2a: Scrafty|12\/100|[from] item: Leftovers\n|upkeep\n|turn|12\n|\n|t:|1699961045\n|move|p1a: Toxicroak|Sucker Punch|p2a: Scrafty\n|-resisted|p2a: Scrafty\n|-damage|p2a: Scrafty|5\/100\n|-damage|p1a: Toxicroak|81\/100|[from] item: Life Orb\n|move|p2a: Scrafty|Close Combat|p1a: Toxicroak\n|-resisted|p1a: Toxicroak\n|-damage|p1a: Toxicroak|26\/100\n|-unboost|p2a: Scrafty|def|1\n|-unboost|p2a: Scrafty|spd|1\n|\n|-heal|p2a: Scrafty|10\/100|[from] item: Leftovers\n|upkeep\n|turn|13\n|\n|t:|1699961060\n|move|p1a: Toxicroak|Sucker Punch|p2a: Scrafty\n|-resisted|p2a: Scrafty\n|-damage|p2a: Scrafty|0 fnt\n|faint|p2a: Scrafty\n|-damage|p1a: Toxicroak|17\/100|[from] item: Life Orb\n|\n|win|NegativeVictoria\n|raw|NegativeVictoria's rating: 1250 &rarr; <strong>1282<\/strong><br \/>(+32 for winning)\n|raw|F3rRIz's rating: 1344 &rarr; <strong>1319<\/strong><br \/>(-25 for losing)\n","uploadtime":1699961073,"views":8,"p1id":"negativevictoria","p2id":"f3rriz","formatid":"gen9nationaldex","rating":1282,"private":0,"password":""}