{"id":"gen9nationaldex-1988583744","p1":"Kuzwa","p2":"Omarnyte","format":"[Gen 9] National Dex","log":"|j|\u2606Kuzwa\n|j|\u2606Omarnyte\n|t:|1699738738\n|gametype|singles\n|player|p1|Kuzwa|parasollady|1267\n|player|p2|Omarnyte|266|1326\n|teamsize|p1|6\n|teamsize|p2|6\n|gen|9\n|tier|[Gen 9] National Dex\n|rated|\n|rule|HP Percentage Mod: HP is shown in percentages\n|rule|Endless Battle Clause: Forcing endless battles is banned\n|rule|OHKO Clause: OHKO moves are banned\n|rule|Evasion Clause: Evasion abilities, items, and moves are banned\n|rule|Evasion Abilities Clause: Evasion abilities are banned\n|rule|Evasion Items Clause: Evasion items are banned\n|rule|Evasion Moves Clause: Evasion moves are banned\n|rule|Species Clause: Limit one of each Pok\u00e9mon\n|rule|Sleep Clause Mod: Limit one foe put to sleep\n|clearpoke\n|poke|p1|Gallade, M|\n|poke|p1|Garchomp, M|\n|poke|p1|Kartana|\n|poke|p1|Scizor, M|\n|poke|p1|Weavile, M|\n|poke|p1|Quaquaval, M|\n|poke|p2|Gallade, M|\n|poke|p2|Mamoswine, F|\n|poke|p2|Gengar, M|\n|poke|p2|Tauros, M|\n|poke|p2|Omastar, M|\n|poke|p2|Decidueye, M|\n|teampreview\n|\n|t:|1699738747\n|start\n|switch|p1a: ???|Quaquaval, M|100\/100\n|switch|p2a: Omastar|Omastar, M|100\/100\n|turn|1\n|inactive|Battle timer is ON: inactive players will automatically lose when time's up. (requested by Kuzwa)\n|\n|t:|1699738751\n|switch|p2a: Decidueye|Decidueye, M|100\/100\n|move|p1a: ???|Aqua Step|p2a: Decidueye\n|-resisted|p2a: Decidueye\n|-damage|p2a: Decidueye|78\/100\n|-boost|p1a: ???|spe|1\n|\n|-heal|p2a: Decidueye|84\/100|[from] item: Leftovers\n|upkeep\n|turn|2\n|\n|t:|1699738755\n|move|p1a: ???|Ice Spinner|p2a: Decidueye\n|-supereffective|p2a: Decidueye\n|-crit|p2a: Decidueye\n|-damage|p2a: Decidueye|0 fnt\n|faint|p2a: Decidueye\n|-ability|p1a: ???|Moxie|boost\n|-boost|p1a: ???|atk|1\n|\n|upkeep\n|\n|t:|1699738760\n|switch|p2a: Gengar|Gengar, M|100\/100\n|turn|3\n|\n|t:|1699738767\n|-zpower|p1a: ???\n|move|p1a: ???|Subzero Slammer|p2a: Gengar|[zeffect]\n|-enditem|p2a: Gengar|Focus Sash\n|-damage|p2a: Gengar|1\/100\n|-start|p1a: ???|Disable|Subzero Slammer|[from] ability: Cursed Body|[of] p2a: Gengar\n|move|p2a: Gengar|Sludge Wave|p1a: ???\n|-damage|p1a: ???|26\/100\n|\n|upkeep\n|turn|4\n|\n|t:|1699738773\n|move|p1a: ???|Aqua Step|p2a: Gengar\n|-damage|p2a: Gengar|0 fnt\n|-boost|p1a: ???|spe|1\n|faint|p2a: Gengar\n|-ability|p1a: ???|Moxie|boost\n|-boost|p1a: ???|atk|1\n|\n|upkeep\n|\n|t:|1699738778\n|switch|p2a: Tauros|Tauros, M|100\/100\n|turn|5\n|\n|t:|1699738783\n|-terastallize|p2a: Tauros|Ghost\n|move|p1a: ???|Aqua Step|p2a: Tauros\n|-damage|p2a: Tauros|0 fnt\n|-boost|p1a: ???|spe|1\n|faint|p2a: Tauros\n|-ability|p1a: ???|Moxie|boost\n|-boost|p1a: ???|atk|1\n|\n|upkeep\n|\n|t:|1699738788\n|switch|p2a: Omastar|Omastar, M|100\/100\n|turn|6\n|\n|t:|1699738790\n|move|p1a: ???|Brick Break|p2a: Omastar\n|-supereffective|p2a: Omastar\n|-enditem|p2a: Omastar|Focus Sash\n|-damage|p2a: Omastar|1\/100\n|-ability|p2a: Omastar|Weak Armor|boost\n|-unboost|p2a: Omastar|def|1\n|-boost|p2a: Omastar|spe|2\n|move|p2a: Omastar|Surf|p1a: ???\n|-resisted|p1a: ???\n|-damage|p1a: ???|0 fnt\n|faint|p1a: ???\n|\n|upkeep\n|\n|t:|1699738797\n|switch|p1a: Ken Amada|Scizor, M|100\/100\n|turn|7\n|\n|t:|1699738801\n|move|p1a: Ken Amada|Bullet Punch|p2a: Omastar\n|-damage|p2a: Omastar|0 fnt\n|faint|p2a: Omastar\n|\n|upkeep\n|\n|t:|1699738805\n|switch|p2a: Gallade|Gallade, M, shiny|100\/100\n|turn|8\n|\n|t:|1699738810\n|detailschange|p2a: Gallade|Gallade-Mega, M, shiny\n|-mega|p2a: Gallade|Gallade|Galladite\n|detailschange|p1a: Ken Amada|Scizor-Mega, M\n|-mega|p1a: Ken Amada|Scizor|Scizorite\n|move|p2a: Gallade|Sacred Sword|p1a: Ken Amada\n|-damage|p1a: Ken Amada|55\/100\n|move|p1a: Ken Amada|Acrobatics|p2a: Gallade\n|-supereffective|p2a: Gallade\n|-damage|p2a: Gallade|15\/100\n|\n|upkeep\n|turn|9\n|\n|t:|1699738818\n|move|p1a: Ken Amada|Bullet Punch|p2a: Gallade\n|-damage|p2a: Gallade|0 fnt\n|faint|p2a: Gallade\n|\n|upkeep\n|\n|t:|1699738820\n|switch|p2a: Mamoswine|Mamoswine, F|100\/100\n|turn|10\n|\n|t:|1699738824\n|move|p1a: Ken Amada|Bullet Punch|p2a: Mamoswine\n|-supereffective|p2a: Mamoswine\n|-damage|p2a: Mamoswine|23\/100\n|move|p2a: Mamoswine|Earthquake|p1a: Ken Amada\n|-damage|p1a: Ken Amada|14\/100\n|\n|-heal|p2a: Mamoswine|29\/100|[from] item: Leftovers\n|upkeep\n|turn|11\n|\n|t:|1699738827\n|move|p1a: Ken Amada|Bullet Punch|p2a: Mamoswine\n|-supereffective|p2a: Mamoswine\n|-damage|p2a: Mamoswine|0 fnt\n|faint|p2a: Mamoswine\n|\n|win|Kuzwa\n|raw|Kuzwa's rating: 1267 &rarr; <strong>1296<\/strong><br \/>(+29 for winning)\n|raw|Omarnyte's rating: 1326 &rarr; <strong>1303<\/strong><br \/>(-23 for losing)\n|l|\u2606Omarnyte\n","uploadtime":1699738832,"views":4,"p1id":"kuzwa","p2id":"omarnyte","formatid":"gen9nationaldex","rating":1296,"private":0,"password":""}