{"id":"gen9nationaldex-1988331241","p1":"vheneko","p2":"NOWISESSEFE","format":"[Gen 9] National Dex","log":"|j|\u2606vheneko\n|j|\u2606NOWISESSEFE\n|t:|1699709704\n|gametype|singles\n|player|p1|vheneko|pilot|1305\n|player|p2|NOWISESSEFE|170|1315\n|teamsize|p1|6\n|teamsize|p2|6\n|gen|9\n|tier|[Gen 9] National Dex\n|rated|\n|rule|HP Percentage Mod: HP is shown in percentages\n|rule|Endless Battle Clause: Forcing endless battles is banned\n|rule|OHKO Clause: OHKO moves are banned\n|rule|Evasion Clause: Evasion abilities, items, and moves are banned\n|rule|Evasion Abilities Clause: Evasion abilities are banned\n|rule|Evasion Items Clause: Evasion items are banned\n|rule|Evasion Moves Clause: Evasion moves are banned\n|rule|Species Clause: Limit one of each Pok\u00e9mon\n|rule|Sleep Clause Mod: Limit one foe put to sleep\n|clearpoke\n|poke|p1|Weavile, F|\n|poke|p1|Druddigon, M|\n|poke|p1|Comfey, M|\n|poke|p1|Cinderace, F|\n|poke|p1|Serperior, M|\n|poke|p1|Slowking-Galar, M|\n|poke|p2|Quagsire, F|\n|poke|p2|Espeon, F|\n|poke|p2|Steelix, M|\n|poke|p2|Lopunny, F|\n|poke|p2|Togekiss, F|\n|poke|p2|Breloom, F|\n|teampreview\n|\n|t:|1699709716\n|start\n|switch|p1a: Druddigon|Druddigon, M|100\/100\n|switch|p2a: Lopunny|Lopunny, F|100\/100\n|turn|1\n|\n|t:|1699709726\n|switch|p2a: Togekiss|Togekiss, F|100\/100\n|move|p1a: Druddigon|Dragon Tail|p2a: Togekiss\n|-immune|p2a: Togekiss\n|\n|upkeep\n|turn|2\n|\n|t:|1699709732\n|move|p2a: Togekiss|Air Slash|p1a: Druddigon\n|-damage|p1a: Druddigon|63\/100\n|move|p1a: Druddigon|Glare|p2a: Togekiss\n|-status|p2a: Togekiss|par\n|\n|upkeep\n|turn|3\n|\n|t:|1699709740\n|switch|p2a: Espeon|Espeon, F|100\/100\n|move|p1a: Druddigon|Stealth Rock|p2a: Espeon\n|move|p2a: Espeon|Stealth Rock|p1a: Druddigon|[from]ability: Magic Bounce\n|-sidestart|p1: vheneko|move: Stealth Rock\n|\n|upkeep\n|turn|4\n|\n|t:|1699709748\n|move|p2a: Espeon|Heal Bell|p2a: Espeon\n|-activate|p2a: Espeon|move: Heal Bell\n|-curestatus|p2: Togekiss|par|[msg]\n|move|p1a: Druddigon|Dragon Tail|p2a: Espeon\n|-damage|p2a: Espeon|53\/100\n|drag|p2a: Quagsire|Quagsire, F|100\/100\n|\n|upkeep\n|turn|5\n|\n|t:|1699709762\n|move|p2a: Quagsire|Toxic|p1a: Druddigon\n|-status|p1a: Druddigon|tox\n|move|p1a: Druddigon|Dragon Tail|p2a: Quagsire\n|-damage|p2a: Quagsire|83\/100\n|-damage|p1a: Druddigon|47\/100 tox|[from] item: Rocky Helmet|[of] p2a: Quagsire\n|drag|p2a: Espeon|Espeon, F|53\/100\n|\n|-damage|p1a: Druddigon|41\/100 tox|[from] psn\n|upkeep\n|turn|6\n|\n|t:|1699709773\n|move|p2a: Espeon|Psychic|p1a: Druddigon\n|-damage|p1a: Druddigon|0 fnt\n|faint|p1a: Druddigon\n|\n|upkeep\n|\n|t:|1699709777\n|switch|p1a: Weavile|Weavile, F|100\/100\n|-damage|p1a: Weavile|76\/100|[from] Stealth Rock\n|-ability|p1a: Weavile|Pressure\n|turn|7\n|\n|t:|1699709783\n|-activate|p2a: Espeon|move: Pursuit\n|move|p1a: Weavile|Pursuit|p2a: Espeon|[from]Pursuit\n|-supereffective|p2a: Espeon\n|-damage|p2a: Espeon|0 fnt\n|faint|p2a: Espeon\n|-hint|A Pokemon can't switch between when it runs out of HP and when it faints\n|\n|upkeep\n|\n|t:|1699709790\n|switch|p2a: Lopunny|Lopunny, F|100\/100\n|turn|8\n|\n|t:|1699709802\n|switch|p1a: Desgraciada|Comfey, M|100\/100\n|-damage|p1a: Desgraciada|88\/100|[from] Stealth Rock\n|detailschange|p2a: Lopunny|Lopunny-Mega, F\n|-mega|p2a: Lopunny|Lopunny|Lopunnite\n|move|p2a: Lopunny|Close Combat|p1a: Desgraciada\n|-resisted|p1a: Desgraciada\n|-damage|p1a: Desgraciada|43\/100\n|-unboost|p2a: Lopunny|def|1\n|-unboost|p2a: Lopunny|spd|1\n|\n|-heal|p1a: Desgraciada|49\/100|[from] item: Leftovers\n|upkeep\n|turn|9\n|\n|t:|1699709820\n|move|p1a: Desgraciada|Draining Kiss|p2a: Lopunny\n|-supereffective|p2a: Lopunny\n|-damage|p2a: Lopunny|23\/100\n|-heal|p1a: Desgraciada|100\/100|[from] drain|[of] p2a: Lopunny\n|move|p2a: Lopunny|Return|p1a: Desgraciada\n|-damage|p1a: Desgraciada|28\/100\n|\n|-heal|p1a: Desgraciada|35\/100|[from] item: Leftovers\n|upkeep\n|turn|10\n|\n|t:|1699709850\n|move|p1a: Desgraciada|Draining Kiss|p2a: Lopunny\n|-supereffective|p2a: Lopunny\n|-damage|p2a: Lopunny|0 fnt\n|-heal|p1a: Desgraciada|53\/100|[from] drain|[of] p2a: Lopunny\n|faint|p2a: Lopunny\n|\n|-heal|p1a: Desgraciada|59\/100|[from] item: Leftovers\n|upkeep\n|\n|t:|1699709858\n|switch|p2a: Quagsire|Quagsire, F|83\/100\n|turn|11\n|\n|t:|1699709863\n|move|p1a: Desgraciada|Giga Drain|p2a: Quagsire\n|-supereffective|p2a: Quagsire\n|-damage|p2a: Quagsire|0 fnt\n|-heal|p1a: Desgraciada|100\/100|[from] drain|[of] p2a: Quagsire\n|faint|p2a: Quagsire\n|\n|upkeep\n|-message|NOWISESSEFE forfeited.\n|\n|win|vheneko\n|raw|vheneko's rating: 1305 &rarr; <strong>1326<\/strong><br \/>(+21 for winning)\n|raw|NOWISESSEFE's rating: 1315 &rarr; <strong>1294<\/strong><br \/>(-21 for losing)\n|l|\u2606NOWISESSEFE\n","uploadtime":1699709880,"views":10,"p1id":"vheneko","p2id":"nowisessefe","formatid":"gen9nationaldex","rating":1294,"private":0,"password":""}