{"id":"gen9nationaldex-1998326090","p1":"xxxxxxxf","p2":"askaboti","format":"[Gen 9] National Dex","log":"|html|<div class=\"broadcast-blue\"><strong>[Gen 9] National Dex is currently suspecting Sneasler! For information on how to participate check out the <a href=\"https:\/\/www.smogon.com\/forums\/threads\/sv-national-dex-suspect-8-just-dance.3731534\/\">suspect thread<\/a>.<\/strong><\/div>\n|j|\u2606xxxxxxxf\n|j|\u2606askaboti\n|t:|1700929745\n|gametype|singles\n|player|p1|xxxxxxxf|preschoolerf|1302\n|player|p2|askaboti|170|1325\n|teamsize|p1|6\n|teamsize|p2|6\n|gen|9\n|tier|[Gen 9] National Dex\n|rated|\n|rule|HP Percentage Mod: HP is shown in percentages\n|rule|Endless Battle Clause: Forcing endless battles is banned\n|rule|OHKO Clause: OHKO moves are banned\n|rule|Evasion Clause: Evasion abilities, items, and moves are banned\n|rule|Evasion Abilities Clause: Evasion abilities are banned\n|rule|Evasion Items Clause: Evasion items are banned\n|rule|Evasion Moves Clause: Evasion moves are banned\n|rule|Species Clause: Limit one of each Pok\u00e9mon\n|rule|Sleep Clause Mod: Limit one foe put to sleep\n|clearpoke\n|poke|p1|Glimmora, F|\n|poke|p1|Garganacl, M|\n|poke|p1|Diancie|\n|poke|p1|Kleavor, M|\n|poke|p1|Aggron, F|\n|poke|p1|Stakataka|\n|poke|p2|Kommo-o, M|\n|poke|p2|Kyurem|\n|poke|p2|Charizard, F|\n|poke|p2|Garchomp, F|\n|poke|p2|Dragonite, M|\n|poke|p2|Salamence, F|\n|teampreview\n|inactive|Battle timer is ON: inactive players will automatically lose when time's up. (requested by askaboti)\n|\n|t:|1700929756\n|start\n|switch|p1a: Kleavor|Kleavor, M|100\/100\n|switch|p2a: Kyurem|Kyurem|100\/100\n|-ability|p2a: Kyurem|Pressure\n|turn|1\n|\n|t:|1700929768\n|move|p2a: Kyurem|Draco Meteor|p1a: Kleavor|[miss]\n|-miss|p2a: Kyurem|p1a: Kleavor\n|move|p1a: Kleavor|Stone Axe|p2a: Kyurem\n|-supereffective|p2a: Kyurem\n|-damage|p2a: Kyurem|0 fnt\n|-sidestart|p2: askaboti|move: Stealth Rock\n|faint|p2a: Kyurem\n|\n|upkeep\n|\n|t:|1700929778\n|switch|p2a: Garchomp|Garchomp, F|100\/100\n|-damage|p2a: Garchomp|94\/100|[from] Stealth Rock\n|turn|2\n|\n|t:|1700929791\n|move|p2a: Garchomp|Swords Dance|p2a: Garchomp\n|-boost|p2a: Garchomp|atk|2\n|move|p1a: Kleavor|X-Scissor|p2a: Garchomp\n|-damage|p2a: Garchomp|21\/100\n|-damage|p1a: Kleavor|88\/100|[from] ability: Rough Skin|[of] p2a: Garchomp\n|\n|upkeep\n|turn|3\n|\n|t:|1700929809\n|move|p1a: Kleavor|Quick Attack|p2a: Garchomp\n|-damage|p2a: Garchomp|7\/100\n|-damage|p1a: Kleavor|76\/100|[from] ability: Rough Skin|[of] p2a: Garchomp\n|move|p2a: Garchomp|Scale Shot|p1a: Kleavor|[miss]\n|-miss|p2a: Garchomp|p1a: Kleavor\n|\n|upkeep\n|turn|4\n|\n|t:|1700929817\n|move|p1a: Kleavor|Quick Attack|p2a: Garchomp\n|-damage|p2a: Garchomp|0 fnt\n|-damage|p1a: Kleavor|63\/100|[from] ability: Rough Skin|[of] p2a: Garchomp\n|faint|p2a: Garchomp\n|\n|upkeep\n|\n|t:|1700929822\n|switch|p2a: Kommo-o|Kommo-o, M|100\/100\n|-damage|p2a: Kommo-o|94\/100|[from] Stealth Rock\n|turn|5\n|\n|t:|1700929833\n|switch|p1a: Diancie|Diancie|100\/100\n|-zpower|p2a: Kommo-o\n|move|p2a: Kommo-o|Clangorous Soulblaze|p1a: Diancie|[zeffect]\n|-immune|p1a: Diancie\n|\n|upkeep\n|turn|6\n|\n|t:|1700929853\n|detailschange|p1a: Diancie|Diancie-Mega\n|-mega|p1a: Diancie|Diancie|Diancite\n|move|p1a: Diancie|Substitute|p1a: Diancie\n|-start|p1a: Diancie|Substitute\n|-damage|p1a: Diancie|76\/100\n|move|p2a: Kommo-o|Flash Cannon|p1a: Diancie\n|-supereffective|p1a: Diancie\n|-end|p1a: Diancie|Substitute\n|\n|upkeep\n|turn|7\n|\n|t:|1700929866\n|move|p1a: Diancie|Explosion|p2a: Kommo-o\n|-damage|p2a: Kommo-o|0 fnt\n|faint|p1a: Diancie\n|faint|p2a: Kommo-o\n|\n|upkeep\n|\n|t:|1700929880\n|switch|p1a: Glimmora|Glimmora, F|100\/100\n|switch|p2a: Dragonite|Dragonite, M|100\/100\n|-damage|p2a: Dragonite|76\/100|[from] Stealth Rock\n|turn|8\n|\n|t:|1700929886\n|move|p1a: Glimmora|Power Gem|p2a: Dragonite\n|-supereffective|p2a: Dragonite\n|-damage|p2a: Dragonite|0 fnt\n|faint|p2a: Dragonite\n|\n|upkeep\n|\n|t:|1700929891\n|switch|p2a: Charizard|Charizard, F|100\/100\n|-damage|p2a: Charizard|51\/100|[from] Stealth Rock\n|turn|9\n|\n|t:|1700929897\n|detailschange|p2a: Charizard|Charizard-Mega-X, F\n|-mega|p2a: Charizard|Charizard|Charizardite X\n|move|p1a: Glimmora|Power Gem|p2a: Charizard\n|-supereffective|p2a: Charizard\n|-damage|p2a: Charizard|0 fnt\n|faint|p2a: Charizard\n|\n|upkeep\n|\n|t:|1700929904\n|switch|p2a: Salamence|Salamence, F|100\/100\n|-damage|p2a: Salamence|75\/100|[from] Stealth Rock\n|turn|10\n|\n|t:|1700929909\n|-terastallize|p2a: Salamence|Dragon\n|move|p2a: Salamence|Outrage|p1a: Glimmora\n|-damage|p1a: Glimmora|0 fnt\n|faint|p1a: Glimmora\n|-ability|p2a: Salamence|Moxie|boost\n|-boost|p2a: Salamence|atk|1\n|\n|upkeep\n|\n|t:|1700929921\n|switch|p1a: Stakataka|Stakataka|100\/100\n|-item|p1a: Stakataka|Air Balloon\n|turn|11\n|\n|t:|1700929932\n|move|p2a: Salamence|Outrage|p1a: Stakataka|[from]lockedmove\n|-resisted|p1a: Stakataka\n|-damage|p1a: Stakataka|55\/100\n|-enditem|p1a: Stakataka|Air Balloon\n|-start|p2a: Salamence|confusion|[fatigue]\n|move|p1a: Stakataka|Gyro Ball|p2a: Salamence\n|-damage|p2a: Salamence|0 fnt\n|faint|p2a: Salamence\n|\n|win|xxxxxxxf\n|raw|xxxxxxxf's rating: 1302 &rarr; <strong>1323<\/strong><br \/>(+21 for winning)\n|raw|askaboti's rating: 1325 &rarr; <strong>1304<\/strong><br \/>(-21 for losing)\n|l|\u2606askaboti\n","uploadtime":1700929972,"views":10,"p1id":"xxxxxxxf","p2id":"askaboti","formatid":"gen9nationaldex","rating":1304,"private":0,"password":""}