{"id":"gen9nationaldex-1994211494","p1":"skrow siht","p2":"Gabbls","format":"[Gen 9] National Dex","log":"|j|\u2606skrow siht\n|j|\u2606Gabbls\n|t:|1700419402\n|gametype|singles\n|player|p1|skrow siht|nate|1243\n|player|p2|Gabbls|karen|1241\n|teamsize|p1|6\n|teamsize|p2|6\n|gen|9\n|tier|[Gen 9] National Dex\n|rated|\n|rule|HP Percentage Mod: HP is shown in percentages\n|rule|Endless Battle Clause: Forcing endless battles is banned\n|rule|OHKO Clause: OHKO moves are banned\n|rule|Evasion Clause: Evasion abilities, items, and moves are banned\n|rule|Evasion Abilities Clause: Evasion abilities are banned\n|rule|Evasion Items Clause: Evasion items are banned\n|rule|Evasion Moves Clause: Evasion moves are banned\n|rule|Species Clause: Limit one of each Pok\u00e9mon\n|rule|Sleep Clause Mod: Limit one foe put to sleep\n|clearpoke\n|poke|p1|Ampharos, M|\n|poke|p1|Alomomola, F|\n|poke|p1|Ninetales-Alola, F|\n|poke|p1|Gliscor, F|\n|poke|p1|Heatran, F|\n|poke|p1|Rillaboom, F|\n|poke|p2|Banette, F|\n|poke|p2|Toxapex, M|\n|poke|p2|Landorus-Therian, M|\n|poke|p2|Slowking, M|\n|poke|p2|Volcarona, M|\n|poke|p2|Iron Valiant|\n|teampreview\n|inactive|Battle timer is ON: inactive players will automatically lose when time's up. (requested by skrow siht)\n|\n|t:|1700419415\n|start\n|switch|p1a: Heatran|Heatran, F|100\/100\n|switch|p2a: Banette|Banette, F|100\/100\n|turn|1\n|\n|t:|1700419419\n|detailschange|p2a: Banette|Banette-Mega, F\n|-mega|p2a: Banette|Banette|Banettite\n|move|p2a: Banette|Poltergeist|p1a: Heatran|[miss]\n|-miss|p2a: Banette|p1a: Heatran\n|move|p1a: Heatran|Will-O-Wisp|p2a: Banette\n|-status|p2a: Banette|brn\n|\n|-damage|p2a: Banette|95\/100 brn|[from] brn\n|upkeep\n|turn|2\n|\n|t:|1700419425\n|move|p2a: Banette|Encore|p1a: Heatran\n|-start|p1a: Heatran|Encore\n|move|p1a: Heatran|Will-O-Wisp|p2a: Banette\n|-fail|p2a: Banette|brn\n|\n|-damage|p2a: Banette|89\/100 brn|[from] brn\n|upkeep\n|turn|3\n|\n|t:|1700419428\n|move|p2a: Banette|Swords Dance|p2a: Banette\n|-boost|p2a: Banette|atk|2\n|move|p1a: Heatran|Will-O-Wisp|p2a: Banette\n|-fail|p2a: Banette|brn\n|\n|-damage|p2a: Banette|83\/100 brn|[from] brn\n|upkeep\n|turn|4\n|\n|t:|1700419431\n|switch|p1a: Rillaboom|Rillaboom, F|100\/100\n|-fieldstart|move: Grassy Terrain|[from] ability: Grassy Surge|[of] p1a: Rillaboom\n|move|p2a: Banette|Swords Dance|p2a: Banette\n|-boost|p2a: Banette|atk|2\n|\n|-heal|p2a: Banette|89\/100 brn|[from] Grassy Terrain\n|-damage|p2a: Banette|83\/100 brn|[from] brn\n|upkeep\n|turn|5\n|\n|t:|1700419441\n|move|p2a: Banette|Poltergeist|p1a: Rillaboom\n|-activate|p1a: Rillaboom|move: Poltergeist|Leftovers\n|-damage|p1a: Rillaboom|39\/100\n|move|p1a: Rillaboom|Leech Seed|p2a: Banette\n|-start|p2a: Banette|move: Leech Seed\n|\n|-heal|p2a: Banette|89\/100 brn|[from] Grassy Terrain\n|-heal|p1a: Rillaboom|45\/100|[from] Grassy Terrain\n|-heal|p1a: Rillaboom|51\/100|[from] item: Leftovers\n|-damage|p2a: Banette|76\/100 brn|[from] Leech Seed|[of] p1a: Rillaboom\n|-heal|p1a: Rillaboom|60\/100|[silent]\n|-damage|p2a: Banette|70\/100 brn|[from] brn\n|upkeep\n|turn|6\n|\n|t:|1700419460\n|switch|p1a: Alomomola|Alomomola, F|100\/100\n|move|p2a: Banette|Poltergeist|p1a: Alomomola\n|-activate|p1a: Alomomola|move: Poltergeist|Heavy-Duty Boots\n|-damage|p1a: Alomomola|42\/100\n|\n|-heal|p2a: Banette|76\/100 brn|[from] Grassy Terrain\n|-heal|p1a: Alomomola|48\/100|[from] Grassy Terrain\n|-damage|p2a: Banette|64\/100 brn|[from] Leech Seed|[of] p1a: Alomomola\n|-heal|p1a: Alomomola|55\/100|[silent]\n|-damage|p2a: Banette|58\/100 brn|[from] brn\n|upkeep\n|turn|7\n|\n|t:|1700419469\n|switch|p2a: Slowking|Slowking, M|100\/100\n|move|p1a: Alomomola|Protect||[still]\n|-fail|p1a: Alomomola\n|\n|-heal|p1a: Alomomola|61\/100|[from] Grassy Terrain\n|upkeep\n|turn|8\n|\n|t:|1700419474\n|move|p1a: Alomomola|Knock Off|p2a: Slowking\n|-supereffective|p2a: Slowking\n|-damage|p2a: Slowking|66\/100\n|-enditem|p2a: Slowking|Heavy-Duty Boots|[from] move: Knock Off|[of] p1a: Alomomola\n|move|p2a: Slowking|Future Sight|p1a: Alomomola\n|-start|p2a: Slowking|move: Future Sight\n|\n|-heal|p1a: Alomomola|67\/100|[from] Grassy Terrain\n|-heal|p2a: Slowking|73\/100|[from] Grassy Terrain\n|-fieldend|move: Grassy Terrain\n|upkeep\n|turn|9\n|\n|t:|1700419481\n|move|p1a: Alomomola|Wish|p1a: Alomomola\n|move|p2a: Slowking|Teleport|p2a: Slowking\n|\n|t:|1700419491\n|switch|p2a: Landorus|Landorus-Therian, M|100\/100|[from] Teleport\n|-ability|p2a: Landorus|Intimidate|boost\n|-unboost|p1a: Alomomola|atk|1\n|\n|upkeep\n|turn|10\n|\n|t:|1700419495\n|move|p2a: Landorus|U-turn|p1a: Alomomola\n|-damage|p1a: Alomomola|55\/100\n|\n|t:|1700419497\n|switch|p2a: Slowking|Slowking, M|100\/100|[from] U-turn\n|move|p1a: Alomomola|Flip Turn|p2a: Slowking\n|-resisted|p2a: Slowking\n|-damage|p2a: Slowking|94\/100\n|\n|t:|1700419501\n|switch|p1a: Rillaboom|Rillaboom, F|60\/100|[from] Flip Turn\n|-fieldstart|move: Grassy Terrain|[from] ability: Grassy Surge|[of] p1a: Rillaboom\n|\n|-end|p1a: Rillaboom|move: Future Sight\n|-damage|p1a: Rillaboom|15\/100\n|-heal|p1a: Rillaboom|82\/100|[from] move: Wish|[wisher] Alomomola\n|-heal|p1a: Rillaboom|88\/100|[from] Grassy Terrain\n|-heal|p1a: Rillaboom|94\/100|[from] item: Leftovers\n|-heal|p2a: Slowking|100\/100|[from] Grassy Terrain\n|upkeep\n|turn|11\n|\n|t:|1700419508\n|switch|p2a: Toxapex|Toxapex, M|100\/100\n|move|p1a: Rillaboom|U-turn|p2a: Toxapex\n|-resisted|p2a: Toxapex\n|-damage|p2a: Toxapex|95\/100\n|\n|t:|1700419514\n|switch|p1a: Ampharos|Ampharos, M|100\/100|[from] U-turn\n|\n|-heal|p2a: Toxapex|100\/100|[from] Grassy Terrain\n|upkeep\n|turn|12\n|\n|t:|1700419521\n|switch|p2a: Landorus|Landorus-Therian, M|100\/100\n|-ability|p2a: Landorus|Intimidate|boost\n|-unboost|p1a: Ampharos|atk|1\n|detailschange|p1a: Ampharos|Ampharos-Mega, M\n|-mega|p1a: Ampharos|Ampharos|Ampharosite\n|-ability|p1a: Ampharos|Mold Breaker\n|move|p1a: Ampharos|Dragon Pulse|p2a: Landorus\n|-crit|p2a: Landorus\n|-damage|p2a: Landorus|13\/100\n|\n|upkeep\n|turn|13\n|\n|t:|1700419529\n|switch|p1a: Gliscor|Gliscor, F|100\/100\n|move|p2a: Landorus|Earthquake|p1a: Gliscor\n|-immune|p1a: Gliscor\n|\n|-status|p1a: Gliscor|tox|[from] item: Toxic Orb\n|upkeep\n|turn|14\n|\n|t:|1700419546\n|move|p2a: Landorus|U-turn|p1a: Gliscor\n|-resisted|p1a: Gliscor\n|-damage|p1a: Gliscor|92\/100 tox\n|\n|t:|1700419549\n|switch|p2a: Slowking|Slowking, M|100\/100|[from] U-turn\n|move|p1a: Gliscor|U-turn|p2a: Slowking\n|-supereffective|p2a: Slowking\n|-damage|p2a: Slowking|68\/100\n|\n|t:|1700419555\n|switch|p1a: Ampharos|Ampharos-Mega, M|100\/100|[from] U-turn\n|-ability|p1a: Ampharos|Mold Breaker\n|\n|-heal|p2a: Slowking|74\/100|[from] Grassy Terrain\n|-fieldend|move: Grassy Terrain\n|upkeep\n|turn|15\n|\n|t:|1700419565\n|move|p1a: Ampharos|Dragon Pulse|p2a: Slowking\n|-damage|p2a: Slowking|41\/100\n|move|p2a: Slowking|Scald|p1a: Ampharos\n|-resisted|p1a: Ampharos\n|-damage|p1a: Ampharos|90\/100\n|\n|upkeep\n|turn|16\n|\n|t:|1700419574\n|switch|p2a: Landorus|Landorus-Therian, M|13\/100\n|-ability|p2a: Landorus|Intimidate|boost\n|-unboost|p1a: Ampharos|atk|1\n|move|p1a: Ampharos|Thunderbolt|p2a: Landorus\n|-immune|p2a: Landorus\n|\n|upkeep\n|turn|17\n|\n|t:|1700419580\n|move|p2a: Landorus|Stealth Rock|p1a: Ampharos\n|-sidestart|p1: skrow siht|move: Stealth Rock\n|move|p1a: Ampharos|Volt Switch|p2a: Landorus\n|-immune|p2a: Landorus\n|\n|upkeep\n|turn|18\n|\n|t:|1700419588\n|switch|p1a: Gliscor|Gliscor, F|92\/100 tox\n|-damage|p1a: Gliscor|80\/100 tox|[from] Stealth Rock\n|move|p2a: Landorus|Earthquake|p1a: Gliscor\n|-immune|p1a: Gliscor\n|\n|-heal|p1a: Gliscor|92\/100 tox|[from] ability: Poison Heal\n|upkeep\n|turn|19\n|\n|t:|1700419601\n|move|p2a: Landorus|U-turn|p1a: Gliscor\n|-resisted|p1a: Gliscor\n|-damage|p1a: Gliscor|84\/100 tox\n|\n|t:|1700419605\n|switch|p2a: Toxapex|Toxapex, M|100\/100|[from] U-turn\n|move|p1a: Gliscor|Defog|p2a: Toxapex\n|-unboost|p2a: Toxapex|evasion|1\n|-sideend|p1: skrow siht|Stealth Rock|[from] move: Defog|[of] p1a: Gliscor\n|\n|-heal|p1a: Gliscor|96\/100 tox|[from] ability: Poison Heal\n|upkeep\n|turn|20\n|\n|t:|1700419610\n|move|p1a: Gliscor|Earthquake|p2a: Toxapex\n|-supereffective|p2a: Toxapex\n|-damage|p2a: Toxapex|64\/100\n|move|p2a: Toxapex|Scald|p1a: Gliscor\n|-supereffective|p1a: Gliscor\n|-damage|p1a: Gliscor|70\/100 tox\n|\n|-heal|p2a: Toxapex|71\/100|[from] item: Leftovers\n|-heal|p1a: Gliscor|83\/100 tox|[from] ability: Poison Heal\n|upkeep\n|turn|21\n|\n|t:|1700419621\n|switch|p2a: Landorus|Landorus-Therian, M|13\/100\n|-ability|p2a: Landorus|Intimidate|boost\n|-unboost|p1a: Gliscor|atk|1\n|move|p1a: Gliscor|Earthquake|p2a: Landorus\n|-immune|p2a: Landorus\n|\n|-heal|p1a: Gliscor|95\/100 tox|[from] ability: Poison Heal\n|upkeep\n|turn|22\n|\n|t:|1700419631\n|switch|p1a: Ninetales|Ninetales-Alola, F|100\/100\n|-weather|Snow|[from] ability: Snow Warning|[of] p1a: Ninetales\n|move|p2a: Landorus|U-turn|p1a: Ninetales\n|-resisted|p1a: Ninetales\n|-crit|p1a: Ninetales\n|-damage|p1a: Ninetales|87\/100\n|\n|t:|1700419645\n|switch|p2a: Volcarona|Volcarona, M|100\/100|[from] U-turn\n|\n|-weather|Snow|[upkeep]\n|upkeep\n|turn|23\n|\n|t:|1700419653\n|switch|p1a: Heatran|Heatran, F|100\/100\n|move|p2a: Volcarona|Quiver Dance|p2a: Volcarona\n|-boost|p2a: Volcarona|spa|1\n|-boost|p2a: Volcarona|spd|1\n|-boost|p2a: Volcarona|spe|1\n|\n|-weather|Snow|[upkeep]\n|upkeep\n|turn|24\n|\n|t:|1700419662\n|switch|p2a: Banette|Banette-Mega, F|58\/100 brn\n|move|p1a: Heatran|Lava Plume|p2a: Banette\n|-crit|p2a: Banette\n|-damage|p2a: Banette|0 fnt\n|faint|p2a: Banette\n|\n|-weather|Snow|[upkeep]\n|upkeep\n|\n|t:|1700419664\n|switch|p2a: Landorus|Landorus-Therian, M|13\/100\n|-ability|p2a: Landorus|Intimidate|boost\n|-unboost|p1a: Heatran|atk|1\n|turn|25\n|\n|t:|1700419671\n|move|p2a: Landorus|U-turn|p1a: Heatran\n|-resisted|p1a: Heatran\n|-damage|p1a: Heatran|96\/100\n|\n|t:|1700419677\n|switch|p2a: Slowking|Slowking, M|74\/100|[from] U-turn\n|move|p1a: Heatran|Will-O-Wisp|p2a: Slowking\n|-status|p2a: Slowking|brn\n|\n|-weather|Snow|[upkeep]\n|-heal|p1a: Heatran|100\/100|[from] item: Leftovers\n|-damage|p2a: Slowking|68\/100 brn|[from] brn\n|upkeep\n|turn|26\n|\n|t:|1700419682\n|move|p1a: Heatran|Stealth Rock|p2a: Slowking\n|-sidestart|p2: Gabbls|move: Stealth Rock\n|move|p2a: Slowking|Teleport|p2a: Slowking\n|\n|t:|1700419686\n|switch|p2a: Landorus|Landorus-Therian, M|13\/100|[from] Teleport\n|-ability|p2a: Landorus|Intimidate|boost\n|-unboost|p1a: Heatran|atk|1\n|\n|-weather|none\n|upkeep\n|turn|27\n|\n|t:|1700419696\n|switch|p1a: Ninetales|Ninetales-Alola, F|87\/100\n|-weather|Snow|[from] ability: Snow Warning|[of] p1a: Ninetales\n|move|p2a: Landorus|U-turn|p1a: Ninetales\n|-resisted|p1a: Ninetales\n|-damage|p1a: Ninetales|78\/100\n|\n|t:|1700419702\n|switch|p2a: Volcarona|Volcarona, M|100\/100|[from] U-turn\n|\n|-weather|Snow|[upkeep]\n|upkeep\n|turn|28\n|\n|t:|1700419708\n|switch|p1a: Heatran|Heatran, F|100\/100\n|move|p2a: Volcarona|Flamethrower|p1a: Heatran\n|-start|p1a: Heatran|ability: Flash Fire\n|\n|-weather|Snow|[upkeep]\n|upkeep\n|turn|29\n|\n|t:|1700419715\n|switch|p2a: Slowking|Slowking, M|100\/100 brn\n|-damage|p2a: Slowking|88\/100 brn|[from] Stealth Rock\n|move|p1a: Heatran|Lava Plume|p2a: Slowking\n|-resisted|p2a: Slowking\n|-damage|p2a: Slowking|72\/100 brn\n|\n|-weather|Snow|[upkeep]\n|-damage|p2a: Slowking|65\/100 brn|[from] brn\n|upkeep\n|turn|30\n|\n|t:|1700419722\n|move|p1a: Heatran|Lava Plume|p2a: Slowking\n|-resisted|p2a: Slowking\n|-damage|p2a: Slowking|49\/100 brn\n|move|p2a: Slowking|Slack Off|p2a: Slowking\n|-heal|p2a: Slowking|99\/100 brn\n|\n|-weather|Snow|[upkeep]\n|-damage|p2a: Slowking|93\/100 brn|[from] brn\n|upkeep\n|turn|31\n|\n|t:|1700419733\n|-end|p1a: Heatran|ability: Flash Fire|[silent]\n|switch|p1a: Rillaboom|Rillaboom, F|94\/100\n|-fieldstart|move: Grassy Terrain|[from] ability: Grassy Surge|[of] p1a: Rillaboom\n|move|p2a: Slowking|Future Sight|p1a: Rillaboom\n|-start|p2a: Slowking|move: Future Sight\n|\n|-weather|none\n|-heal|p1a: Rillaboom|99\/100|[from] Grassy Terrain\n|-heal|p1a: Rillaboom|100\/100|[from] item: Leftovers\n|-heal|p2a: Slowking|99\/100 brn|[from] Grassy Terrain\n|-damage|p2a: Slowking|93\/100 brn|[from] brn\n|upkeep\n|turn|32\n|\n|t:|1700419743\n|move|p1a: Rillaboom|Leech Seed|p2a: Slowking\n|-start|p2a: Slowking|move: Leech Seed\n|move|p2a: Slowking|Teleport|p2a: Slowking\n|\n|t:|1700419746\n|switch|p2a: Toxapex|Toxapex, M|100\/100|[from] Teleport\n|-damage|p2a: Toxapex|88\/100|[from] Stealth Rock\n|\n|-heal|p2a: Toxapex|94\/100|[from] Grassy Terrain\n|-heal|p2a: Toxapex|100\/100|[from] item: Leftovers\n|upkeep\n|turn|33\n|\n|t:|1700419751\n|switch|p1a: Heatran|Heatran, F|100\/100\n|move|p2a: Toxapex|Scald|p1a: Heatran\n|-supereffective|p1a: Heatran\n|-damage|p1a: Heatran|79\/100\n|\n|-end|p1a: Heatran|move: Future Sight\n|-resisted|p1a: Heatran\n|-damage|p1a: Heatran|67\/100\n|-heal|p1a: Heatran|73\/100|[from] Grassy Terrain\n|-heal|p1a: Heatran|79\/100|[from] item: Leftovers\n|upkeep\n|turn|34\n|\n|t:|1700419758\n|move|p1a: Heatran|Will-O-Wisp|p2a: Toxapex\n|-status|p2a: Toxapex|brn\n|move|p2a: Toxapex|Scald|p1a: Heatran\n|-supereffective|p1a: Heatran\n|-damage|p1a: Heatran|58\/100\n|\n|-heal|p1a: Heatran|64\/100|[from] Grassy Terrain\n|-heal|p1a: Heatran|70\/100|[from] item: Leftovers\n|-damage|p2a: Toxapex|94\/100 brn|[from] brn\n|upkeep\n|turn|35\n|\n|t:|1700419764\n|switch|p1a: Ampharos|Ampharos-Mega, M|90\/100\n|-ability|p1a: Ampharos|Mold Breaker\n|move|p2a: Toxapex|Scald|p1a: Ampharos\n|-resisted|p1a: Ampharos\n|-damage|p1a: Ampharos|82\/100\n|\n|-heal|p1a: Ampharos|88\/100|[from] Grassy Terrain\n|-heal|p2a: Toxapex|100\/100 brn|[from] Grassy Terrain\n|-damage|p2a: Toxapex|94\/100 brn|[from] brn\n|-fieldend|move: Grassy Terrain\n|upkeep\n|turn|36\n|\n|t:|1700419791\n|-terastallize|p2a: Toxapex|Fairy\n|move|p1a: Ampharos|Dragon Pulse|p2a: Toxapex\n|-immune|p2a: Toxapex\n|move|p2a: Toxapex|Toxic|p1a: Ampharos\n|-status|p1a: Ampharos|tox\n|\n|-heal|p2a: Toxapex|100\/100 brn|[from] item: Leftovers\n|-damage|p1a: Ampharos|82\/100 tox|[from] psn\n|-damage|p2a: Toxapex|94\/100 brn|[from] brn\n|upkeep\n|turn|37\n|\n|t:|1700419801\n|move|p1a: Ampharos|Volt Switch|p2a: Toxapex\n|-damage|p2a: Toxapex|52\/100 brn\n|\n|t:|1700419805\n|switch|p1a: Heatran|Heatran, F|70\/100|[from] Volt Switch\n|move|p2a: Toxapex|Scald|p1a: Heatran\n|-supereffective|p1a: Heatran\n|-damage|p1a: Heatran|48\/100\n|\n|-heal|p1a: Heatran|54\/100|[from] item: Leftovers\n|-heal|p2a: Toxapex|58\/100 brn|[from] item: Leftovers\n|-damage|p2a: Toxapex|52\/100 brn|[from] brn\n|upkeep\n|turn|38\n|\n|t:|1700419814\n|switch|p2a: Slowking|Slowking, M|100\/100 brn\n|-damage|p2a: Slowking|88\/100 brn|[from] Stealth Rock\n|move|p1a: Heatran|Flash Cannon|p2a: Slowking\n|-resisted|p2a: Slowking\n|-damage|p2a: Slowking|78\/100 brn\n|\n|-heal|p1a: Heatran|60\/100|[from] item: Leftovers\n|-damage|p2a: Slowking|72\/100 brn|[from] brn\n|upkeep\n|turn|39\n|\n|t:|1700419824\n|switch|p1a: Alomomola|Alomomola, F|88\/100\n|move|p2a: Slowking|Scald|p1a: Alomomola\n|-resisted|p1a: Alomomola\n|-damage|p1a: Alomomola|71\/100\n|-status|p1a: Alomomola|brn\n|\n|-damage|p1a: Alomomola|65\/100 brn|[from] brn\n|-damage|p2a: Slowking|66\/100 brn|[from] brn\n|upkeep\n|turn|40\n|\n|t:|1700419828\n|move|p1a: Alomomola|Wish|p1a: Alomomola\n|move|p2a: Slowking|Future Sight|p1a: Alomomola\n|-start|p2a: Slowking|move: Future Sight\n|\n|-damage|p1a: Alomomola|59\/100 brn|[from] brn\n|-damage|p2a: Slowking|60\/100 brn|[from] brn\n|upkeep\n|turn|41\n|\n|t:|1700419832\n|move|p1a: Alomomola|Flip Turn|p2a: Slowking\n|-resisted|p2a: Slowking\n|-damage|p2a: Slowking|56\/100 brn\n|\n|t:|1700419837\n|switch|p1a: Heatran|Heatran, F|60\/100|[from] Flip Turn\n|move|p2a: Slowking|Teleport|p2a: Slowking\n|\n|t:|1700419841\n|switch|p2a: Landorus|Landorus-Therian, M|13\/100|[from] Teleport\n|-ability|p2a: Landorus|Intimidate|boost\n|-unboost|p1a: Heatran|atk|1\n|\n|-heal|p1a: Heatran|100\/100|[from] move: Wish|[wisher] Alomomola\n|upkeep\n|turn|42\n|\n|t:|1700419845\n|move|p2a: Landorus|Earthquake|p1a: Heatran\n|-supereffective|p1a: Heatran\n|-damage|p1a: Heatran|0 fnt\n|faint|p1a: Heatran\n|\n|-hint|Future Sight did not hit because the target is fainted.\n|upkeep\n|\n|t:|1700419850\n|switch|p1a: Ninetales|Ninetales-Alola, F|78\/100\n|-weather|Snow|[from] ability: Snow Warning|[of] p1a: Ninetales\n|turn|43\n|\n|t:|1700419857\n|switch|p2a: Slowking|Slowking, M|89\/100 brn\n|-damage|p2a: Slowking|77\/100 brn|[from] Stealth Rock\n|move|p1a: Ninetales|Aurora Veil|p1a: Ninetales\n|-sidestart|p1: skrow siht|move: Aurora Veil\n|\n|-weather|Snow|[upkeep]\n|-damage|p2a: Slowking|71\/100 brn|[from] brn\n|upkeep\n|turn|44\n|\n|t:|1700419862\n|move|p1a: Ninetales|Freeze-Dry|p2a: Slowking\n|-supereffective|p2a: Slowking\n|-damage|p2a: Slowking|47\/100 brn\n|move|p2a: Slowking|Teleport|p2a: Slowking\n|\n|t:|1700419867\n|switch|p2a: Volcarona|Volcarona, M|100\/100|[from] Teleport\n|\n|-weather|Snow|[upkeep]\n|upkeep\n|turn|45\n|\n|t:|1700419880\n|switch|p1a: Gliscor|Gliscor, F|95\/100 tox\n|move|p2a: Volcarona|Flamethrower|p1a: Gliscor\n|-damage|p1a: Gliscor|79\/100 tox\n|\n|-weather|Snow|[upkeep]\n|-heal|p1a: Gliscor|91\/100 tox|[from] ability: Poison Heal\n|upkeep\n|turn|46\n|\n|t:|1700419888\n|move|p2a: Volcarona|Quiver Dance|p2a: Volcarona\n|-boost|p2a: Volcarona|spa|1\n|-boost|p2a: Volcarona|spd|1\n|-boost|p2a: Volcarona|spe|1\n|move|p1a: Gliscor|U-turn|p2a: Volcarona\n|-resisted|p2a: Volcarona\n|-damage|p2a: Volcarona|94\/100\n|\n|t:|1700419892\n|switch|p1a: Alomomola|Alomomola, F|92\/100 brn|[from] U-turn\n|\n|-weather|Snow|[upkeep]\n|-damage|p1a: Alomomola|86\/100 brn|[from] brn\n|upkeep\n|turn|47\n|\n|t:|1700419897\n|move|p2a: Volcarona|Quiver Dance|p2a: Volcarona\n|-boost|p2a: Volcarona|spa|1\n|-boost|p2a: Volcarona|spd|1\n|-boost|p2a: Volcarona|spe|1\n|move|p1a: Alomomola|Flip Turn|p2a: Volcarona\n|-supereffective|p2a: Volcarona\n|-damage|p2a: Volcarona|79\/100\n|\n|t:|1700419900\n|switch|p1a: Gliscor|Gliscor, F|91\/100 tox|[from] Flip Turn\n|\n|-weather|none\n|-heal|p1a: Gliscor|100\/100 tox|[from] ability: Poison Heal\n|upkeep\n|turn|48\n|\n|t:|1700419913\n|move|p2a: Volcarona|Quiver Dance|p2a: Volcarona\n|-boost|p2a: Volcarona|spa|1\n|-boost|p2a: Volcarona|spd|1\n|-boost|p2a: Volcarona|spe|1\n|move|p1a: Gliscor|Earthquake|p2a: Volcarona\n|-damage|p2a: Volcarona|51\/100\n|\n|upkeep\n|turn|49\n|\n|t:|1700419919\n|move|p2a: Volcarona|Flamethrower|p1a: Gliscor\n|-damage|p1a: Gliscor|57\/100 tox\n|move|p1a: Gliscor|Earthquake|p2a: Volcarona\n|-damage|p2a: Volcarona|21\/100\n|\n|-heal|p1a: Gliscor|69\/100 tox|[from] ability: Poison Heal\n|upkeep\n|turn|50\n|\n|t:|1700419923\n|move|p2a: Volcarona|Roost|p2a: Volcarona\n|-heal|p2a: Volcarona|71\/100\n|-singleturn|p2a: Volcarona|move: Roost\n|move|p1a: Gliscor|Earthquake|p2a: Volcarona\n|-damage|p2a: Volcarona|38\/100\n|\n|-heal|p1a: Gliscor|82\/100 tox|[from] ability: Poison Heal\n|-sideend|p1: skrow siht|move: Aurora Veil\n|upkeep\n|turn|51\n|\n|t:|1700419927\n|move|p2a: Volcarona|Flamethrower|p1a: Gliscor\n|-damage|p1a: Gliscor|0 fnt\n|faint|p1a: Gliscor\n|\n|upkeep\n|-message|skrow siht forfeited.\n|\n|win|Gabbls\n|raw|skrow siht's rating: 1243 &rarr; <strong>1218<\/strong><br \/>(-25 for losing)\n|raw|Gabbls's rating: 1241 &rarr; <strong>1266<\/strong><br \/>(+25 for winning)\n|l|\u2606skrow siht\n","uploadtime":1700419956,"views":6,"p1id":"skrowsiht","p2id":"gabbls","formatid":"gen9nationaldex","rating":1218,"private":0,"password":""}