{"id":"gen9nationaldex-1998048421","p1":"sighz 0-0","p2":"Impact star\u5c51\u62bf\u6212","format":"[Gen 9] National Dex","log":"|html|<div class=\"broadcast-blue\"><strong>[Gen 9] National Dex is currently suspecting Sneasler! For information on how to participate check out the <a href=\"https:\/\/www.smogon.com\/forums\/threads\/sv-national-dex-suspect-8-just-dance.3731534\/\">suspect thread<\/a>.<\/strong><\/div>\n|j|\u2606sighz 0-0\n|j|\u2606Impact star\u5c51\u62bf\u6212\n|t:|1700883560\n|gametype|singles\n|player|p1|sighz 0-0|may-contest|1300\n|player|p2|Impact star\u5c51\u62bf\u6212|courtney|1215\n|teamsize|p1|6\n|teamsize|p2|6\n|gen|9\n|tier|[Gen 9] National Dex\n|rated|\n|rule|HP Percentage Mod: HP is shown in percentages\n|rule|Endless Battle Clause: Forcing endless battles is banned\n|rule|OHKO Clause: OHKO moves are banned\n|rule|Evasion Clause: Evasion abilities, items, and moves are banned\n|rule|Evasion Abilities Clause: Evasion abilities are banned\n|rule|Evasion Items Clause: Evasion items are banned\n|rule|Evasion Moves Clause: Evasion moves are banned\n|rule|Species Clause: Limit one of each Pok\u00e9mon\n|rule|Sleep Clause Mod: Limit one foe put to sleep\n|clearpoke\n|poke|p1|Blacephalon|\n|poke|p1|Snorlax, F|\n|poke|p1|Landorus-Therian, M|\n|poke|p1|Victini|\n|poke|p1|Bisharp, M|\n|poke|p1|Diancie|\n|poke|p2|Volcarona, F|\n|poke|p2|Cinderace, M|\n|poke|p2|Rotom-Wash|\n|poke|p2|Ting-Lu|\n|poke|p2|Heatran, M|\n|poke|p2|Tapu Lele|\n|teampreview\n|inactive|Battle timer is ON: inactive players will automatically lose when time's up. (requested by Impact star\u5c51\u62bf\u6212)\n|\n|t:|1700883568\n|start\n|switch|p1a: Victini|Victini|100\/100\n|switch|p2a: Ting-Lu|Ting-Lu|100\/100\n|-ability|p2a: Ting-Lu|Vessel of Ruin\n|turn|1\n|\n|t:|1700883592\n|switch|p2a: Cinderace|Cinderace, M|100\/100\n|move|p1a: Victini|Final Gambit|p2a: Cinderace\n|-damage|p2a: Cinderace|0 fnt\n|faint|p1a: Victini\n|faint|p2a: Cinderace\n|\n|upkeep\n|\n|t:|1700883599\n|switch|p2a: Ting-Lu|Ting-Lu|100\/100\n|switch|p1a: Landorus|Landorus-Therian, M|100\/100\n|-ability|p1a: Landorus|Intimidate|boost\n|-unboost|p2a: Ting-Lu|atk|1\n|-ability|p2a: Ting-Lu|Vessel of Ruin\n|turn|2\n|\n|t:|1700883603\n|move|p1a: Landorus|Stealth Rock|p2a: Ting-Lu\n|-sidestart|p2: Impact star\u5c51\u62bf\u6212|move: Stealth Rock\n|move|p2a: Ting-Lu|Stealth Rock|p1a: Landorus\n|-sidestart|p1: sighz 0-0|move: Stealth Rock\n|\n|upkeep\n|turn|3\n|\n|t:|1700883608\n|move|p1a: Landorus|Explosion|p2a: Ting-Lu\n|-enditem|p1a: Landorus|Normal Gem|[from] gem\n|-damage|p2a: Ting-Lu|58\/100\n|faint|p1a: Landorus\n|move|p2a: Ting-Lu|Ruination|p1: Landorus|[notarget]\n|-fail|p2a: Ting-Lu\n|\n|-heal|p2a: Ting-Lu|64\/100|[from] item: Leftovers\n|upkeep\n|\n|t:|1700883613\n|switch|p1a: Snorlax|Snorlax, F, shiny|100\/100\n|-damage|p1a: Snorlax|88\/100|[from] Stealth Rock\n|turn|4\n|c|\u2606Impact star\u5c51\u62bf\u6212|1v1\n|\n|t:|1700883629\n|switch|p2a: Heatran|Heatran, M|100\/100\n|-damage|p2a: Heatran|88\/100|[from] Stealth Rock\n|move|p1a: Snorlax|Curse|p1a: Snorlax\n|-unboost|p1a: Snorlax|spe|1\n|-boost|p1a: Snorlax|atk|1\n|-boost|p1a: Snorlax|def|1\n|\n|upkeep\n|turn|5\n|\n|t:|1700883635\n|-terastallize|p2a: Heatran|Fire\n|move|p2a: Heatran|Eruption|p1a: Snorlax\n|-damage|p1a: Snorlax|50\/100\n|move|p1a: Snorlax|Curse|p1a: Snorlax\n|-unboost|p1a: Snorlax|spe|1\n|-boost|p1a: Snorlax|atk|1\n|-boost|p1a: Snorlax|def|1\n|\n|upkeep\n|turn|6\n|-enditem|p1a: Snorlax|Custap Berry|[eat]\n|-activate|p1a: Snorlax|item: Custap Berry|[consumed]\n|\n|t:|1700883641\n|move|p1a: Snorlax|Body Slam|p2a: Heatran\n|-damage|p2a: Heatran|21\/100\n|move|p2a: Heatran|Eruption|p1a: Snorlax\n|-damage|p1a: Snorlax|40\/100\n|\n|upkeep\n|turn|7\n|\n|t:|1700883648\n|move|p2a: Heatran|Eruption|p1a: Snorlax\n|-damage|p1a: Snorlax|31\/100\n|move|p1a: Snorlax|Body Slam|p2a: Heatran\n|-damage|p2a: Heatran|0 fnt\n|faint|p2a: Heatran\n|\n|upkeep\n|\n|t:|1700883655\n|switch|p2a: Rotom|Rotom-Wash, shiny|100\/100\n|-damage|p2a: Rotom|88\/100|[from] Stealth Rock\n|turn|8\n|\n|t:|1700883670\n|move|p2a: Rotom|Discharge|p1a: Snorlax\n|-damage|p1a: Snorlax|16\/100\n|move|p1a: Snorlax|Self-Destruct|p2a: Rotom\n|-damage|p2a: Rotom|0 fnt\n|faint|p1a: Snorlax\n|faint|p2a: Rotom\n|\n|upkeep\n|\n|t:|1700883679\n|switch|p2a: Ting-Lu|Ting-Lu|64\/100\n|switch|p1a: Diancie|Diancie|100\/100\n|-damage|p1a: Diancie|88\/100|[from] Stealth Rock\n|-damage|p2a: Ting-Lu|58\/100|[from] Stealth Rock\n|-ability|p2a: Ting-Lu|Vessel of Ruin\n|turn|9\n|\n|t:|1700883683\n|detailschange|p1a: Diancie|Diancie-Mega\n|-mega|p1a: Diancie|Diancie|Diancite\n|move|p1a: Diancie|Misty Explosion|p2a: Ting-Lu\n|-supereffective|p2a: Ting-Lu\n|-damage|p2a: Ting-Lu|0 fnt\n|faint|p1a: Diancie\n|faint|p2a: Ting-Lu\n|\n|upkeep\n|\n|t:|1700883691\n|switch|p1a: Blacephalon|Blacephalon|100\/100\n|switch|p2a: Tapu Lele|Tapu Lele, shiny|100\/100\n|-damage|p1a: Blacephalon|76\/100|[from] Stealth Rock\n|-damage|p2a: Tapu Lele|88\/100|[from] Stealth Rock\n|-fieldstart|move: Psychic Terrain|[from] ability: Psychic Surge|[of] p2a: Tapu Lele\n|turn|10\n|\n|t:|1700883695\n|-terastallize|p1a: Blacephalon|Ghost\n|move|p1a: Blacephalon|Shadow Ball|p2a: Tapu Lele\n|-supereffective|p2a: Tapu Lele\n|-damage|p2a: Tapu Lele|0 fnt\n|faint|p2a: Tapu Lele\n|-ability|p1a: Blacephalon|Beast Boost|boost\n|-boost|p1a: Blacephalon|spa|1\n|\n|upkeep\n|\n|t:|1700883699\n|switch|p2a: Volcarona|Volcarona, F, shiny|100\/100\n|-damage|p2a: Volcarona|51\/100|[from] Stealth Rock\n|turn|11\n|-message|Impact star\u5c51\u62bf\u6212 forfeited.\n|\n|win|sighz 0-0\n|raw|sighz 0-0's rating: 1300 &rarr; <strong>1319<\/strong><br \/>(+19 for winning)\n|raw|Impact star\u5c51\u62bf\u6212's rating: 1215 &rarr; <strong>1196<\/strong><br \/>(-19 for losing)\n|l|\u2606Impact star\u5c51\u62bf\u6212\n|c|\u2606sighz 0-0|ggw\n","uploadtime":1700883706,"views":1,"p1id":"sighz00","p2id":"impactstar","formatid":"gen9nationaldex","rating":1196,"private":0,"password":""}