{"id":"gen9nationaldex-1994682161","p1":"mengxingzhu","p2":"baigu2","format":"[Gen 9] National Dex","log":"|html|<div class=\"broadcast-blue\"><strong>[Gen 9] National Dex is currently suspecting Sneasler! For information on how to participate check out the <a href=\"https:\/\/www.smogon.com\/forums\/threads\/sv-national-dex-suspect-8-just-dance.3731534\/\">suspect thread<\/a>.<\/strong><\/div>\n|j|\u2606mengxingzhu\n|j|\u2606baigu2\n|t:|1700480333\n|gametype|singles\n|player|p1|mengxingzhu|wallace|1555\n|player|p2|baigu2|101|1848\n|teamsize|p1|6\n|teamsize|p2|6\n|gen|9\n|tier|[Gen 9] National Dex\n|rated|\n|rule|HP Percentage Mod: HP is shown in percentages\n|rule|Endless Battle Clause: Forcing endless battles is banned\n|rule|OHKO Clause: OHKO moves are banned\n|rule|Evasion Clause: Evasion abilities, items, and moves are banned\n|rule|Evasion Abilities Clause: Evasion abilities are banned\n|rule|Evasion Items Clause: Evasion items are banned\n|rule|Evasion Moves Clause: Evasion moves are banned\n|rule|Species Clause: Limit one of each Pok\u00e9mon\n|rule|Sleep Clause Mod: Limit one foe put to sleep\n|clearpoke\n|poke|p1|Heracross, M|\n|poke|p1|Alomomola, F|\n|poke|p1|Landorus-Therian, M|\n|poke|p1|Tapu Lele|\n|poke|p1|Heatran, M|\n|poke|p1|Dragonite, F|\n|poke|p2|Ursaluna, M|\n|poke|p2|Dragonite, F|\n|poke|p2|Slowking, F|\n|poke|p2|Tapu Koko|\n|poke|p2|Hoopa-Unbound|\n|poke|p2|Great Tusk|\n|teampreview\n|inactive|Battle timer is ON: inactive players will automatically lose when time's up. (requested by mengxingzhu)\n|\n|t:|1700480360\n|start\n|switch|p1a: Heracross|Heracross, M|100\/100\n|switch|p2a: Great Tusk|Great Tusk|100\/100\n|turn|1\n|\n|t:|1700480371\n|detailschange|p1a: Heracross|Heracross-Mega, M\n|-mega|p1a: Heracross|Heracross|Heracronite\n|move|p1a: Heracross|Trailblaze|p2a: Great Tusk\n|-supereffective|p2a: Great Tusk\n|-damage|p2a: Great Tusk|68\/100\n|-boost|p1a: Heracross|spe|1\n|move|p2a: Great Tusk|Ice Spinner|p1a: Heracross\n|-damage|p1a: Heracross|72\/100\n|\n|upkeep\n|turn|2\n|\n|t:|1700480389\n|move|p1a: Heracross|Bullet Seed|p2a: Great Tusk\n|-supereffective|p2a: Great Tusk\n|-damage|p2a: Great Tusk|52\/100\n|-supereffective|p2a: Great Tusk\n|-damage|p2a: Great Tusk|36\/100\n|-supereffective|p2a: Great Tusk\n|-damage|p2a: Great Tusk|20\/100\n|-supereffective|p2a: Great Tusk\n|-damage|p2a: Great Tusk|4\/100\n|-supereffective|p2a: Great Tusk\n|-damage|p2a: Great Tusk|0 fnt\n|faint|p2a: Great Tusk\n|-end|p2a: Great Tusk|Protosynthesis|[silent]\n|-hitcount|p2: Great Tusk|5\n|\n|upkeep\n|\n|t:|1700480394\n|switch|p2a: Dragonite|Dragonite, F|100\/100\n|turn|3\n|\n|t:|1700480404\n|-terastallize|p2a: Dragonite|Normal\n|move|p2a: Dragonite|Extreme Speed|p1a: Heracross\n|-damage|p1a: Heracross|0 fnt\n|faint|p1a: Heracross\n|\n|upkeep\n|\n|t:|1700480414\n|switch|p1a: Tapu Lele|Tapu Lele|100\/100\n|-fieldstart|move: Psychic Terrain|[from] ability: Psychic Surge|[of] p1a: Tapu Lele\n|turn|4\n|\n|t:|1700480419\n|switch|p2a: Slowking|Slowking, F|100\/100\n|move|p1a: Tapu Lele|Moonblast|p2a: Slowking\n|-damage|p2a: Slowking|73\/100\n|\n|upkeep\n|turn|5\n|\n|t:|1700480425\n|switch|p1a: Heatran|Heatran, M|100\/100\n|move|p2a: Slowking|Trick Room|p2a: Slowking\n|-fieldstart|move: Trick Room|[of] p2a: Slowking\n|\n|upkeep\n|turn|6\n|\n|t:|1700480429\n|move|p1a: Heatran|Toxic|p2a: Slowking\n|-status|p2a: Slowking|tox\n|move|p2a: Slowking|Teleport|p2a: Slowking\n|\n|t:|1700480432\n|switch|p2a: Ursaluna|Ursaluna, M|100\/100|[from] Teleport\n|\n|-status|p2a: Ursaluna|brn|[from] item: Flame Orb\n|upkeep\n|turn|7\n|\n|t:|1700480440\n|switch|p1a: Alomomola|Alomomola, F|100\/100\n|move|p2a: Ursaluna|Facade|p1a: Alomomola\n|-damage|p1a: Alomomola|34\/100\n|\n|-damage|p2a: Ursaluna|94\/100 brn|[from] brn\n|upkeep\n|turn|8\n|\n|t:|1700480445\n|move|p1a: Alomomola|Protect|p1a: Alomomola\n|-singleturn|p1a: Alomomola|Protect\n|move|p2a: Ursaluna|Facade|p1a: Alomomola\n|-activate|p1a: Alomomola|move: Protect\n|\n|-damage|p2a: Ursaluna|88\/100 brn|[from] brn\n|-fieldend|move: Psychic Terrain\n|upkeep\n|turn|9\n|\n|t:|1700480453\n|switch|p1a: Dragonite|Dragonite, F|100\/100\n|move|p2a: Ursaluna|Facade|p1a: Dragonite\n|-damage|p1a: Dragonite|36\/100\n|\n|-damage|p2a: Ursaluna|82\/100 brn|[from] brn\n|-fieldend|move: Trick Room\n|upkeep\n|turn|10\n|\n|t:|1700480463\n|switch|p2a: Dragonite|Dragonite, F, tera:Normal|100\/100\n|-zpower|p1a: Dragonite\n|move|p1a: Dragonite|Devastating Drake|p2a: Dragonite|[zeffect]\n|-damage|p2a: Dragonite|55\/100\n|\n|upkeep\n|turn|11\n|\n|t:|1700480467\n|move|p2a: Dragonite|Extreme Speed|p1a: Dragonite\n|-damage|p1a: Dragonite|0 fnt\n|faint|p1a: Dragonite\n|\n|upkeep\n|\n|t:|1700480471\n|switch|p1a: Tapu Lele|Tapu Lele|100\/100\n|-fieldstart|move: Psychic Terrain|[from] ability: Psychic Surge|[of] p1a: Tapu Lele\n|turn|12\n|\n|t:|1700480477\n|switch|p2a: Slowking|Slowking, F|100\/100 tox\n|move|p1a: Tapu Lele|Future Sight|p2a: Slowking\n|-start|p1a: Tapu Lele|move: Future Sight\n|\n|-damage|p2a: Slowking|94\/100 tox|[from] psn\n|upkeep\n|turn|13\n|\n|t:|1700480487\n|switch|p1a: Alomomola|Alomomola, F|67\/100\n|move|p2a: Slowking|Trick Room|p2a: Slowking\n|-fieldstart|move: Trick Room|[of] p2a: Slowking\n|\n|-damage|p2a: Slowking|82\/100 tox|[from] psn\n|upkeep\n|turn|14\n|\n|t:|1700480493\n|move|p1a: Alomomola|Wish|p1a: Alomomola\n|move|p2a: Slowking|Teleport|p2a: Slowking\n|\n|t:|1700480496\n|switch|p2a: Hoopa|Hoopa-Unbound|100\/100|[from] Teleport\n|\n|-end|p2a: Hoopa|move: Future Sight\n|-immune|p2a: Hoopa\n|upkeep\n|turn|15\n|\n|t:|1700480506\n|move|p1a: Alomomola|Protect|p1a: Alomomola\n|-singleturn|p1a: Alomomola|Protect\n|move|p2a: Hoopa|Nasty Plot|p2a: Hoopa\n|-boost|p2a: Hoopa|spa|2\n|\n|-heal|p1a: Alomomola|100\/100|[from] move: Wish|[wisher] Alomomola\n|upkeep\n|turn|16\n|\n|t:|1700480514\n|move|p1a: Alomomola|Toxic|p2a: Hoopa\n|-status|p2a: Hoopa|tox\n|move|p2a: Hoopa|Psychic|p1a: Alomomola\n|-damage|p1a: Alomomola|0 fnt\n|faint|p1a: Alomomola\n|\n|-damage|p2a: Hoopa|95\/100 tox|[from] psn\n|-fieldend|move: Psychic Terrain\n|upkeep\n|\n|t:|1700480526\n|switch|p1a: Heatran|Heatran, M|100\/100\n|turn|17\n|\n|t:|1700480530\n|move|p1a: Heatran|Magma Storm|p2a: Hoopa\n|-damage|p2a: Hoopa|58\/100 tox\n|-activate|p2a: Hoopa|move: Magma Storm|[of] p1a: Heatran\n|-zpower|p2a: Hoopa\n|move|p2a: Hoopa|All-Out Pummeling|p1a: Heatran|[zeffect]\n|-supereffective|p1a: Heatran\n|-damage|p1a: Heatran|0 fnt\n|faint|p1a: Heatran\n|\n|-damage|p2a: Hoopa|47\/100 tox|[from] psn\n|-end|p2a: Hoopa|Magma Storm|[partiallytrapped]|[silent]\n|-fieldend|move: Trick Room\n|upkeep\n|\n|t:|1700480539\n|switch|p1a: Tapu Lele|Tapu Lele|100\/100\n|-fieldstart|move: Psychic Terrain|[from] ability: Psychic Surge|[of] p1a: Tapu Lele\n|turn|18\n|\n|t:|1700480545\n|switch|p2a: Slowking|Slowking, F|100\/100 tox\n|move|p1a: Tapu Lele|Moonblast|p2a: Slowking\n|-damage|p2a: Slowking|71\/100 tox\n|-unboost|p2a: Slowking|spa|1\n|\n|-damage|p2a: Slowking|65\/100 tox|[from] psn\n|upkeep\n|turn|19\n|\n|t:|1700480551\n|move|p1a: Tapu Lele|Moonblast|p2a: Slowking\n|-damage|p2a: Slowking|34\/100 tox\n|-unboost|p2a: Slowking|spa|1\n|move|p2a: Slowking|Slack Off|p2a: Slowking\n|-heal|p2a: Slowking|84\/100 tox\n|\n|-damage|p2a: Slowking|72\/100 tox|[from] psn\n|upkeep\n|turn|20\n|\n|t:|1700480557\n|move|p1a: Tapu Lele|Moonblast|p2a: Slowking\n|-damage|p2a: Slowking|43\/100 tox\n|move|p2a: Slowking|Teleport|p2a: Slowking\n|\n|t:|1700480560\n|switch|p2a: Tapu Koko|Tapu Koko|100\/100|[from] Teleport\n|-fieldstart|move: Electric Terrain|[from] ability: Electric Surge|[of] p2a: Tapu Koko\n|\n|upkeep\n|turn|21\n|\n|t:|1700480565\n|switch|p1a: Landorus|Landorus-Therian, M|100\/100\n|-ability|p1a: Landorus|Intimidate|boost\n|-unboost|p2a: Tapu Koko|atk|1\n|move|p2a: Tapu Koko|Dazzling Gleam|p1a: Landorus\n|-crit|p1a: Landorus\n|-damage|p1a: Landorus|41\/100\n|\n|-heal|p1a: Landorus|47\/100|[from] item: Leftovers\n|upkeep\n|turn|22\n|\n|t:|1700480570\n|move|p2a: Tapu Koko|Dazzling Gleam|p1a: Landorus\n|-damage|p1a: Landorus|7\/100\n|move|p1a: Landorus|Earthquake|p2a: Tapu Koko\n|-supereffective|p2a: Tapu Koko\n|-damage|p2a: Tapu Koko|0 fnt\n|faint|p2a: Tapu Koko\n|\n|-heal|p1a: Landorus|13\/100|[from] item: Leftovers\n|upkeep\n|\n|t:|1700480578\n|switch|p2a: Dragonite|Dragonite, F, tera:Normal|55\/100\n|turn|23\n|\n|t:|1700480581\n|switch|p1a: Tapu Lele|Tapu Lele|100\/100\n|-fieldstart|move: Psychic Terrain|[from] ability: Psychic Surge|[of] p1a: Tapu Lele\n|move|p2a: Dragonite|Dual Wingbeat|p1a: Tapu Lele\n|-damage|p1a: Tapu Lele|50\/100\n|-damage|p1a: Tapu Lele|0 fnt\n|faint|p1a: Tapu Lele\n|-hitcount|p1: Tapu Lele|2\n|\n|upkeep\n|\n|t:|1700480589\n|switch|p1a: Landorus|Landorus-Therian, M|13\/100\n|-ability|p1a: Landorus|Intimidate|boost\n|-unboost|p2a: Dragonite|atk|1\n|turn|24\n|\n|t:|1700480592\n|move|p1a: Landorus|Earthquake|p2a: Dragonite\n|-damage|p2a: Dragonite|13\/100\n|move|p2a: Dragonite|Dual Wingbeat|p1a: Landorus\n|-damage|p1a: Landorus|0 fnt\n|faint|p1a: Landorus\n|-hitcount|p1: Landorus|1\n|\n|win|baigu2\n|raw|mengxingzhu's rating: 1555 &rarr; <strong>1549<\/strong><br \/>(-6 for losing)\n|raw|baigu2's rating: 1848 &rarr; <strong>1854<\/strong><br \/>(+6 for winning)\n","uploadtime":1700480596,"views":1,"p1id":"mengxingzhu","p2id":"baigu2","formatid":"gen9nationaldex","rating":1549,"private":0,"password":""}