{"id":"gen9nationaldex-1987381369","p1":"MachPunch93","p2":"Nish the Great","format":"[Gen 9] National Dex","log":"|j|\u2606MachPunch93\n|j|\u2606Nish the Great\n|t:|1699584162\n|gametype|singles\n|player|p1|MachPunch93|alder|1638\n|player|p2|Nish the Great|iris-masters|1848\n|teamsize|p1|6\n|teamsize|p2|6\n|gen|9\n|tier|[Gen 9] National Dex\n|rated|\n|rule|HP Percentage Mod: HP is shown in percentages\n|rule|Endless Battle Clause: Forcing endless battles is banned\n|rule|OHKO Clause: OHKO moves are banned\n|rule|Evasion Clause: Evasion abilities, items, and moves are banned\n|rule|Evasion Abilities Clause: Evasion abilities are banned\n|rule|Evasion Items Clause: Evasion items are banned\n|rule|Evasion Moves Clause: Evasion moves are banned\n|rule|Species Clause: Limit one of each Pok\u00e9mon\n|rule|Sleep Clause Mod: Limit one foe put to sleep\n|clearpoke\n|poke|p1|Charizard, F|\n|poke|p1|Landorus-Therian, M|\n|poke|p1|Heatran, F|\n|poke|p1|Zapdos|\n|poke|p1|Zeraora|\n|poke|p1|Iron Hands|\n|poke|p2|Diancie|\n|poke|p2|Dragonite, F|\n|poke|p2|Iron Valiant|\n|poke|p2|Iron Moth|\n|poke|p2|Kartana|\n|poke|p2|Urshifu-*, M|\n|teampreview\n|j| atn2345\n|j| leona misa\n|\n|t:|1699584189\n|start\n|switch|p1a: Iron Hands|Iron Hands|100\/100\n|switch|p2a: Diancie|Diancie|100\/100\n|turn|1\n|\n|t:|1699584218\n|-terastallize|p1a: Iron Hands|Steel\n|move|p2a: Diancie|Stealth Rock|p1a: Iron Hands\n|-sidestart|p1: MachPunch93|move: Stealth Rock\n|move|p1a: Iron Hands|Iron Head|p2a: Diancie\n|-supereffective|p2a: Diancie\n|-damage|p2a: Diancie|0 fnt\n|faint|p2a: Diancie\n|\n|upkeep\n|\n|t:|1699584224\n|switch|p2a: Urshifu|Urshifu-Rapid-Strike, M|100\/100\n|turn|2\n|\n|t:|1699584232\n|move|p2a: Urshifu|Swords Dance|p2a: Urshifu\n|-boost|p2a: Urshifu|atk|2\n|move|p1a: Iron Hands|Wild Charge|p2a: Urshifu\n|-supereffective|p2a: Urshifu\n|-crit|p2a: Urshifu\n|-damage|p2a: Urshifu|0 fnt\n|faint|p2a: Urshifu\n|-damage|p1a: Iron Hands|82\/100|[from] Recoil\n|\n|upkeep\n|c|\u2606Nish the Great|gorgog\n|\n|t:|1699584243\n|switch|p2a: Dragonite|Dragonite, F|100\/100\n|turn|3\n|\n|t:|1699584246\n|move|p2a: Dragonite|Dragon Dance|p2a: Dragonite\n|-boost|p2a: Dragonite|atk|1\n|-boost|p2a: Dragonite|spe|1\n|move|p1a: Iron Hands|Iron Head|p2a: Dragonite\n|-damage|p2a: Dragonite|74\/100\n|\n|upkeep\n|turn|4\n|\n|t:|1699584254\n|move|p2a: Dragonite|Earthquake|p1a: Iron Hands\n|-supereffective|p1a: Iron Hands\n|-damage|p1a: Iron Hands|0 fnt\n|faint|p1a: Iron Hands\n|-end|p1a: Iron Hands|Quark Drive|[silent]\n|\n|upkeep\n|\n|t:|1699584262\n|switch|p1a: Landorus|Landorus-Therian, M|100\/100\n|-damage|p1a: Landorus|88\/100|[from] Stealth Rock\n|-ability|p1a: Landorus|Intimidate|boost\n|-unboost|p2a: Dragonite|atk|1\n|turn|5\n|\n|t:|1699584278\n|switch|p1a: Zapdos|Zapdos|100\/100\n|move|p2a: Dragonite|Ice Spinner|p1a: Zapdos\n|-supereffective|p1a: Zapdos\n|-damage|p1a: Zapdos|41\/100\n|-status|p2a: Dragonite|par|[from] ability: Static|[of] p1a: Zapdos\n|-enditem|p2a: Dragonite|Lum Berry|[eat]\n|-curestatus|p2a: Dragonite|par|[msg]\n|\n|upkeep\n|turn|6\n|j| YJLF2\n|\n|t:|1699584292\n|move|p2a: Dragonite|Dragon Dance|p2a: Dragonite\n|-boost|p2a: Dragonite|atk|1\n|-boost|p2a: Dragonite|spe|1\n|move|p1a: Zapdos|Defog|p2a: Dragonite\n|-unboost|p2a: Dragonite|evasion|1\n|-sideend|p1: MachPunch93|Stealth Rock|[from] move: Defog|[of] p1a: Zapdos\n|\n|upkeep\n|turn|7\n|\n|t:|1699584299\n|move|p2a: Dragonite|Ice Spinner|p1a: Zapdos\n|-supereffective|p1a: Zapdos\n|-damage|p1a: Zapdos|0 fnt\n|faint|p1a: Zapdos\n|\n|upkeep\n|\n|t:|1699584305\n|switch|p1a: Landorus|Landorus-Therian, M|88\/100\n|-ability|p1a: Landorus|Intimidate|boost\n|-unboost|p2a: Dragonite|atk|1\n|turn|8\n|\n|t:|1699584310\n|switch|p1a: Heatran|Heatran, F|100\/100\n|move|p2a: Dragonite|Dragon Dance|p2a: Dragonite\n|-boost|p2a: Dragonite|atk|1\n|-boost|p2a: Dragonite|spe|1\n|\n|upkeep\n|turn|9\n|\n|t:|1699584318\n|switch|p1a: Landorus|Landorus-Therian, M|88\/100\n|-ability|p1a: Landorus|Intimidate|boost\n|-unboost|p2a: Dragonite|atk|1\n|move|p2a: Dragonite|Earthquake|p1a: Landorus\n|-immune|p1a: Landorus\n|\n|upkeep\n|turn|10\n|\n|t:|1699584325\n|move|p2a: Dragonite|Dragon Dance|p2a: Dragonite\n|-boost|p2a: Dragonite|atk|1\n|-boost|p2a: Dragonite|spe|1\n|move|p1a: Landorus|Stone Edge|p2a: Dragonite\n|-supereffective|p2a: Dragonite\n|-damage|p2a: Dragonite|0 fnt\n|faint|p2a: Dragonite\n|\n|upkeep\n|\n|t:|1699584330\n|switch|p2a: Kartana|Kartana|100\/100\n|turn|11\n|\n|t:|1699584337\n|switch|p1a: Charizard|Charizard, F|100\/100\n|-zpower|p2a: Kartana\n|move|p2a: Kartana|Breakneck Blitz|p1a: Charizard|[zeffect]\n|-damage|p1a: Charizard|0 fnt\n|faint|p1a: Charizard\n|-ability|p2a: Kartana|Beast Boost|boost\n|-boost|p2a: Kartana|atk|1\n|\n|upkeep\n|c|\u2606Nish the Great|ez read\n|\n|t:|1699584351\n|switch|p1a: Landorus|Landorus-Therian, M|88\/100\n|-ability|p1a: Landorus|Intimidate|boost\n|-unboost|p2a: Kartana|atk|1\n|turn|12\n|\n|t:|1699584367\n|move|p1a: Landorus|Earthquake|p2a: Kartana\n|-damage|p2a: Kartana|44\/100\n|move|p2a: Kartana|Leaf Blade|p1a: Landorus\n|-damage|p1a: Landorus|17\/100\n|\n|upkeep\n|turn|13\n|\n|t:|1699584378\n|move|p1a: Landorus|Earthquake|p2a: Kartana\n|-damage|p2a: Kartana|0 fnt\n|faint|p2a: Kartana\n|\n|upkeep\n|\n|t:|1699584381\n|switch|p2a: Iron Moth|Iron Moth|100\/100\n|-enditem|p2a: Iron Moth|Booster Energy\n|-activate|p2a: Iron Moth|ability: Quark Drive|[fromitem]\n|-start|p2a: Iron Moth|quarkdrivespe\n|turn|14\n|l|\u2606MachPunch93\n|player|p1|\n|j|\u2606MachPunch93\n|player|p1|MachPunch93|alder\n|\n|t:|1699584417\n|switch|p1a: Heatran|Heatran, F|100\/100\n|move|p2a: Iron Moth|Fiery Dance|p1a: Heatran\n|-start|p1a: Heatran|ability: Flash Fire\n|\n|upkeep\n|turn|15\n|j| Xceptr\n|\n|t:|1699584426\n|-terastallize|p2a: Iron Moth|Ground\n|move|p2a: Iron Moth|Tera Blast|p1a: Heatran|[anim] Tera Blast Ground\n|-supereffective|p1a: Heatran\n|-damage|p1a: Heatran|0 fnt\n|faint|p1a: Heatran\n|\n|upkeep\n|j| spino6301\n|\n|t:|1699584436\n|switch|p1a: Landorus|Landorus-Therian, M|17\/100\n|-ability|p1a: Landorus|Intimidate|boost\n|-unboost|p2a: Iron Moth|atk|1\n|turn|16\n|\n|t:|1699584440\n|move|p2a: Iron Moth|Fiery Dance|p1a: Landorus\n|-damage|p1a: Landorus|0 fnt\n|faint|p1a: Landorus\n|\n|upkeep\n|\n|t:|1699584446\n|switch|p1a: Zeraora|Zeraora|100\/100\n|turn|17\n|\n|t:|1699584453\n|move|p2a: Iron Moth|Tera Blast|p1a: Zeraora|[anim] Tera Blast Ground\n|-supereffective|p1a: Zeraora\n|-damage|p1a: Zeraora|0 fnt\n|faint|p1a: Zeraora\n|\n|win|Nish the Great\n|raw|MachPunch93's rating: 1638 &rarr; <strong>1629<\/strong><br \/>(-9 for losing)\n|raw|Nish the Great's rating: 1848 &rarr; <strong>1857<\/strong><br \/>(+9 for winning)\n|l| YJLF2\n|l|\u2606Nish the Great\n","uploadtime":1699584494,"views":7,"p1id":"machpunch93","p2id":"nishthegreat","formatid":"gen9nationaldex","rating":1629,"private":0,"password":""}