{"id":"gen9nationaldex-1991728720","p1":"ciindery","p2":"Ezerox","format":"[Gen 9] National Dex","log":"|j|\u2606ciindery\n|j|\u2606Ezerox\n|t:|1700107823\n|gametype|singles\n|player|p1|ciindery|scientistf|1028\n|player|p2|Ezerox|falkner|1000\n|teamsize|p1|6\n|teamsize|p2|1\n|gen|9\n|tier|[Gen 9] National Dex\n|rated|\n|rule|HP Percentage Mod: HP is shown in percentages\n|rule|Endless Battle Clause: Forcing endless battles is banned\n|rule|OHKO Clause: OHKO moves are banned\n|rule|Evasion Clause: Evasion abilities, items, and moves are banned\n|rule|Evasion Abilities Clause: Evasion abilities are banned\n|rule|Evasion Items Clause: Evasion items are banned\n|rule|Evasion Moves Clause: Evasion moves are banned\n|rule|Species Clause: Limit one of each Pok\u00e9mon\n|rule|Sleep Clause Mod: Limit one foe put to sleep\n|clearpoke\n|poke|p1|Espeon, M|\n|poke|p1|Duraludon, M|\n|poke|p1|Skarmory, M|\n|poke|p1|Coalossal, M|\n|poke|p1|Meowstic, M|\n|poke|p1|Nidoking, M|\n|poke|p2|Slowbro, M|\n|teampreview\n|\n|t:|1700107831\n|start\n|switch|p1a: vibrador|Skarmory, M|100\/100\n|switch|p2a: Slowbro|Slowbro, M|100\/100\n|turn|1\n|\n|t:|1700107836\n|move|p1a: vibrador|Autotomize|p1a: vibrador\n|-boost|p1a: vibrador|spe|2\n|-start|p1a: vibrador|Autotomize\n|move|p2a: Slowbro|Block|p1a: vibrador\n|-activate|p1a: vibrador|trapped\n|\n|upkeep\n|turn|2\n|\n|t:|1700107846\n|move|p1a: vibrador|Brave Bird|p2a: Slowbro\n|-damage|p2a: Slowbro|75\/100\n|-damage|p1a: vibrador|91\/100|[from] Recoil\n|move|p2a: Slowbro|Slack Off|p2a: Slowbro\n|-heal|p2a: Slowbro|100\/100\n|\n|upkeep\n|turn|3\n|\n|t:|1700107856\n|move|p1a: vibrador|Autotomize|p1a: vibrador\n|-boost|p1a: vibrador|spe|2\n|move|p2a: Slowbro|Slack Off||[still]\n|-fail|p2a: Slowbro|heal\n|\n|upkeep\n|turn|4\n|\n|t:|1700107866\n|move|p1a: vibrador|Autotomize|p1a: vibrador\n|-boost|p1a: vibrador|spe|2\n|move|p2a: Slowbro|Slack Off||[still]\n|-fail|p2a: Slowbro|heal\n|\n|upkeep\n|turn|5\n|\n|t:|1700107874\n|move|p1a: vibrador|Defog|p2a: Slowbro\n|-unboost|p2a: Slowbro|evasion|1\n|move|p2a: Slowbro|Slack Off||[still]\n|-fail|p2a: Slowbro|heal\n|\n|upkeep\n|turn|6\n|\n|t:|1700107881\n|move|p1a: vibrador|Defog|p2a: Slowbro\n|-unboost|p2a: Slowbro|evasion|1\n|move|p2a: Slowbro|Slack Off||[still]\n|-fail|p2a: Slowbro|heal\n|\n|upkeep\n|turn|7\n|\n|t:|1700107887\n|move|p1a: vibrador|Defog|p2a: Slowbro\n|-unboost|p2a: Slowbro|evasion|1\n|move|p2a: Slowbro|Slack Off||[still]\n|-fail|p2a: Slowbro|heal\n|\n|upkeep\n|turn|8\n|\n|t:|1700107893\n|move|p1a: vibrador|Defog|p2a: Slowbro\n|-unboost|p2a: Slowbro|evasion|1\n|move|p2a: Slowbro|Slack Off||[still]\n|-fail|p2a: Slowbro|heal\n|\n|upkeep\n|turn|9\n|\n|t:|1700107899\n|move|p1a: vibrador|Defog|p2a: Slowbro\n|-unboost|p2a: Slowbro|evasion|1\n|move|p2a: Slowbro|Slack Off||[still]\n|-fail|p2a: Slowbro|heal\n|-enditem|p2a: Slowbro|Leppa Berry|[eat]\n|-activate|p2a: Slowbro|item: Leppa Berry|Slack Off|[consumed]\n|\n|upkeep\n|turn|10\n|\n|t:|1700107905\n|move|p1a: vibrador|Brave Bird|p2a: Slowbro\n|-damage|p2a: Slowbro|74\/100\n|-damage|p1a: vibrador|80\/100|[from] Recoil\n|move|p2a: Slowbro|Recycle|p2a: Slowbro\n|-item|p2a: Slowbro|Leppa Berry|[from] move: Recycle\n|\n|upkeep\n|turn|11\n|\n|t:|1700107911\n|move|p1a: vibrador|Brave Bird|p2a: Slowbro\n|-damage|p2a: Slowbro|48\/100\n|-damage|p1a: vibrador|70\/100|[from] Recoil\n|move|p2a: Slowbro|Slack Off|p2a: Slowbro\n|-heal|p2a: Slowbro|98\/100\n|\n|upkeep\n|turn|12\n|\n|t:|1700107918\n|move|p1a: vibrador|Brave Bird|p2a: Slowbro\n|-damage|p2a: Slowbro|72\/100\n|-damage|p1a: vibrador|60\/100|[from] Recoil\n|move|p2a: Slowbro|Slack Off|p2a: Slowbro\n|-heal|p2a: Slowbro|100\/100\n|\n|upkeep\n|turn|13\n|\n|t:|1700107928\n|move|p1a: vibrador|Body Press|p2a: Slowbro\n|-resisted|p2a: Slowbro\n|-damage|p2a: Slowbro|90\/100\n|move|p2a: Slowbro|Heal Pulse|p1a: vibrador\n|-heal|p1a: vibrador|100\/100\n|\n|upkeep\n|turn|14\n|\n|t:|1700107935\n|move|p1a: vibrador|Body Press|p2a: Slowbro\n|-resisted|p2a: Slowbro\n|-damage|p2a: Slowbro|80\/100\n|move|p2a: Slowbro|Slack Off|p2a: Slowbro\n|-heal|p2a: Slowbro|100\/100\n|\n|upkeep\n|turn|15\n|\n|t:|1700107943\n|move|p1a: vibrador|Body Press|p2a: Slowbro\n|-resisted|p2a: Slowbro\n|-damage|p2a: Slowbro|90\/100\n|move|p2a: Slowbro|Slack Off|p2a: Slowbro\n|-heal|p2a: Slowbro|100\/100\n|\n|upkeep\n|turn|16\n|\n|t:|1700107950\n|move|p1a: vibrador|Body Press|p2a: Slowbro\n|-resisted|p2a: Slowbro\n|-damage|p2a: Slowbro|90\/100\n|move|p2a: Slowbro|Slack Off|p2a: Slowbro\n|-heal|p2a: Slowbro|100\/100\n|\n|upkeep\n|turn|17\n|\n|t:|1700107956\n|move|p1a: vibrador|Body Press|p2a: Slowbro\n|-resisted|p2a: Slowbro\n|-damage|p2a: Slowbro|90\/100\n|move|p2a: Slowbro|Slack Off|p2a: Slowbro\n|-heal|p2a: Slowbro|100\/100\n|\n|upkeep\n|turn|18\n|\n|t:|1700107963\n|move|p1a: vibrador|Body Press|p2a: Slowbro\n|-resisted|p2a: Slowbro\n|-damage|p2a: Slowbro|91\/100\n|move|p2a: Slowbro|Slack Off|p2a: Slowbro\n|-heal|p2a: Slowbro|100\/100\n|\n|upkeep\n|turn|19\n|\n|t:|1700107969\n|move|p1a: vibrador|Body Press|p2a: Slowbro\n|-resisted|p2a: Slowbro\n|-damage|p2a: Slowbro|90\/100\n|move|p2a: Slowbro|Slack Off|p2a: Slowbro\n|-heal|p2a: Slowbro|100\/100\n|-enditem|p2a: Slowbro|Leppa Berry|[eat]\n|-activate|p2a: Slowbro|item: Leppa Berry|Slack Off|[consumed]\n|\n|upkeep\n|turn|20\n|\n|t:|1700107976\n|move|p1a: vibrador|Body Press|p2a: Slowbro\n|-resisted|p2a: Slowbro\n|-damage|p2a: Slowbro|90\/100\n|move|p2a: Slowbro|Recycle|p2a: Slowbro\n|-item|p2a: Slowbro|Leppa Berry|[from] move: Recycle\n|\n|upkeep\n|turn|21\n|\n|t:|1700107982\n|move|p1a: vibrador|Body Press|p2a: Slowbro\n|-resisted|p2a: Slowbro\n|-damage|p2a: Slowbro|80\/100\n|move|p2a: Slowbro|Slack Off|p2a: Slowbro\n|-heal|p2a: Slowbro|100\/100\n|\n|upkeep\n|turn|22\n|\n|t:|1700107989\n|move|p1a: vibrador|Body Press|p2a: Slowbro\n|-resisted|p2a: Slowbro\n|-damage|p2a: Slowbro|90\/100\n|move|p2a: Slowbro|Slack Off|p2a: Slowbro\n|-heal|p2a: Slowbro|100\/100\n|\n|upkeep\n|turn|23\n|\n|t:|1700107995\n|move|p1a: vibrador|Body Press|p2a: Slowbro\n|-resisted|p2a: Slowbro\n|-damage|p2a: Slowbro|91\/100\n|move|p2a: Slowbro|Slack Off|p2a: Slowbro\n|-heal|p2a: Slowbro|100\/100\n|\n|upkeep\n|turn|24\n|\n|t:|1700108002\n|move|p1a: vibrador|Body Press|p2a: Slowbro\n|-resisted|p2a: Slowbro\n|-damage|p2a: Slowbro|89\/100\n|move|p2a: Slowbro|Slack Off|p2a: Slowbro\n|-heal|p2a: Slowbro|100\/100\n|\n|upkeep\n|turn|25\n|\n|t:|1700108007\n|move|p1a: vibrador|Body Press|p2a: Slowbro\n|-resisted|p2a: Slowbro\n|-damage|p2a: Slowbro|89\/100\n|move|p2a: Slowbro|Slack Off|p2a: Slowbro\n|-heal|p2a: Slowbro|100\/100\n|\n|upkeep\n|turn|26\n|\n|t:|1700108013\n|move|p1a: vibrador|Body Press|p2a: Slowbro\n|-resisted|p2a: Slowbro\n|-damage|p2a: Slowbro|91\/100\n|move|p2a: Slowbro|Slack Off|p2a: Slowbro\n|-heal|p2a: Slowbro|100\/100\n|\n|upkeep\n|turn|27\n|\n|t:|1700108019\n|move|p1a: vibrador|Body Press|p2a: Slowbro\n|-resisted|p2a: Slowbro\n|-damage|p2a: Slowbro|90\/100\n|move|p2a: Slowbro|Slack Off|p2a: Slowbro\n|-heal|p2a: Slowbro|100\/100\n|\n|upkeep\n|turn|28\n|\n|t:|1700108025\n|move|p1a: vibrador|Body Press|p2a: Slowbro\n|-resisted|p2a: Slowbro\n|-damage|p2a: Slowbro|90\/100\n|move|p2a: Slowbro|Slack Off|p2a: Slowbro\n|-heal|p2a: Slowbro|100\/100\n|-enditem|p2a: Slowbro|Leppa Berry|[eat]\n|-activate|p2a: Slowbro|item: Leppa Berry|Slack Off|[consumed]\n|\n|upkeep\n|turn|29\n|\n|t:|1700108032\n|move|p1a: vibrador|Brave Bird|p2a: Slowbro\n|-damage|p2a: Slowbro|75\/100\n|-damage|p1a: vibrador|90\/100|[from] Recoil\n|move|p2a: Slowbro|Recycle|p2a: Slowbro\n|-item|p2a: Slowbro|Leppa Berry|[from] move: Recycle\n|\n|upkeep\n|turn|30\n|\n|t:|1700108038\n|move|p1a: vibrador|Brave Bird|p2a: Slowbro\n|-damage|p2a: Slowbro|51\/100\n|-damage|p1a: vibrador|81\/100|[from] Recoil\n|move|p2a: Slowbro|Slack Off|p2a: Slowbro\n|-heal|p2a: Slowbro|100\/100\n|\n|upkeep\n|turn|31\n|\n|t:|1700108045\n|move|p1a: vibrador|Brave Bird|p2a: Slowbro\n|-damage|p2a: Slowbro|76\/100\n|-damage|p1a: vibrador|71\/100|[from] Recoil\n|move|p2a: Slowbro|Heal Pulse|p1a: vibrador\n|-heal|p1a: vibrador|100\/100\n|\n|upkeep\n|turn|32\n|\n|t:|1700108052\n|move|p1a: vibrador|Brave Bird|p2a: Slowbro\n|-damage|p2a: Slowbro|50\/100\n|-damage|p1a: vibrador|90\/100|[from] Recoil\n|move|p2a: Slowbro|Slack Off|p2a: Slowbro\n|-heal|p2a: Slowbro|99\/100\n|\n|upkeep\n|turn|33\n|\n|t:|1700108059\n|move|p1a: vibrador|Brave Bird|p2a: Slowbro\n|-damage|p2a: Slowbro|73\/100\n|-damage|p1a: vibrador|80\/100|[from] Recoil\n|move|p2a: Slowbro|Slack Off|p2a: Slowbro\n|-heal|p2a: Slowbro|100\/100\n|\n|upkeep\n|turn|34\n|\n|t:|1700108066\n|move|p1a: vibrador|Brave Bird|p2a: Slowbro\n|-damage|p2a: Slowbro|74\/100\n|-damage|p1a: vibrador|70\/100|[from] Recoil\n|move|p2a: Slowbro|Slack Off|p2a: Slowbro\n|-heal|p2a: Slowbro|100\/100\n|\n|upkeep\n|turn|35\n|\n|t:|1700108073\n|move|p1a: vibrador|Brave Bird|p2a: Slowbro\n|-damage|p2a: Slowbro|76\/100\n|-damage|p1a: vibrador|60\/100|[from] Recoil\n|move|p2a: Slowbro|Slack Off|p2a: Slowbro\n|-heal|p2a: Slowbro|100\/100\n|\n|upkeep\n|turn|36\n|\n|t:|1700108080\n|move|p1a: vibrador|Brave Bird|p2a: Slowbro\n|-damage|p2a: Slowbro|76\/100\n|-damage|p1a: vibrador|50\/100|[from] Recoil\n|move|p2a: Slowbro|Slack Off|p2a: Slowbro\n|-heal|p2a: Slowbro|100\/100\n|\n|upkeep\n|turn|37\n|\n|t:|1700108087\n|move|p1a: vibrador|Brave Bird|p2a: Slowbro\n|-damage|p2a: Slowbro|77\/100\n|-damage|p1a: vibrador|41\/100|[from] Recoil\n|move|p2a: Slowbro|Heal Pulse|p1a: vibrador\n|-heal|p1a: vibrador|91\/100\n|\n|upkeep\n|turn|38\n|\n|t:|1700108094\n|move|p1a: vibrador|Brave Bird|p2a: Slowbro\n|-damage|p2a: Slowbro|50\/100\n|-damage|p1a: vibrador|81\/100|[from] Recoil\n|move|p2a: Slowbro|Slack Off|p2a: Slowbro\n|-heal|p2a: Slowbro|99\/100\n|\n|upkeep\n|turn|39\n|\n|t:|1700108102\n|move|p1a: vibrador|Defog|p2a: Slowbro\n|-unboost|p2a: Slowbro|evasion|1\n|move|p2a: Slowbro|Slack Off|p2a: Slowbro\n|-heal|p2a: Slowbro|100\/100\n|-enditem|p2a: Slowbro|Leppa Berry|[eat]\n|-activate|p2a: Slowbro|item: Leppa Berry|Slack Off|[consumed]\n|\n|upkeep\n|turn|40\n|\n|t:|1700108108\n|move|p1a: vibrador|Brave Bird|p2a: Slowbro\n|-damage|p2a: Slowbro|75\/100\n|-damage|p1a: vibrador|71\/100|[from] Recoil\n|move|p2a: Slowbro|Recycle|p2a: Slowbro\n|-item|p2a: Slowbro|Leppa Berry|[from] move: Recycle\n|\n|upkeep\n|turn|41\n|\n|t:|1700108115\n|move|p1a: vibrador|Brave Bird|p2a: Slowbro\n|-damage|p2a: Slowbro|48\/100\n|-damage|p1a: vibrador|60\/100|[from] Recoil\n|move|p2a: Slowbro|Slack Off|p2a: Slowbro\n|-heal|p2a: Slowbro|98\/100\n|\n|upkeep\n|turn|42\n|\n|t:|1700108121\n|move|p1a: vibrador|Brave Bird|p2a: Slowbro\n|-damage|p2a: Slowbro|72\/100\n|-damage|p1a: vibrador|50\/100|[from] Recoil\n|move|p2a: Slowbro|Heal Pulse|p1a: vibrador\n|-heal|p1a: vibrador|99\/100\n|\n|upkeep\n|turn|43\n|\n|t:|1700108128\n|move|p1a: vibrador|Brave Bird|p2a: Slowbro\n|-damage|p2a: Slowbro|46\/100\n|-damage|p1a: vibrador|90\/100|[from] Recoil\n|move|p2a: Slowbro|Slack Off|p2a: Slowbro\n|-heal|p2a: Slowbro|96\/100\n|\n|upkeep\n|turn|44\n|\n|t:|1700108135\n|move|p1a: vibrador|Brave Bird|p2a: Slowbro\n|-damage|p2a: Slowbro|73\/100\n|-damage|p1a: vibrador|81\/100|[from] Recoil\n|move|p2a: Slowbro|Slack Off|p2a: Slowbro\n|-heal|p2a: Slowbro|100\/100\n|\n|upkeep\n|turn|45\n|\n|t:|1700108141\n|move|p1a: vibrador|Brave Bird|p2a: Slowbro\n|-damage|p2a: Slowbro|77\/100\n|-damage|p1a: vibrador|71\/100|[from] Recoil\n|move|p2a: Slowbro|Slack Off|p2a: Slowbro\n|-heal|p2a: Slowbro|100\/100\n|\n|upkeep\n|turn|46\n|\n|t:|1700108149\n|move|p1a: vibrador|Brave Bird|p2a: Slowbro\n|-damage|p2a: Slowbro|74\/100\n|-damage|p1a: vibrador|61\/100|[from] Recoil\n|move|p2a: Slowbro|Slack Off|p2a: Slowbro\n|-heal|p2a: Slowbro|100\/100\n|\n|upkeep\n|turn|47\n|\n|t:|1700108161\n|move|p1a: vibrador|Brave Bird|p2a: Slowbro\n|-damage|p2a: Slowbro|77\/100\n|-damage|p1a: vibrador|52\/100|[from] Recoil\n|move|p2a: Slowbro|Heal Pulse|p1a: vibrador\n|-heal|p1a: vibrador|100\/100\n|\n|upkeep\n|turn|48\n|\n|t:|1700108168\n|move|p1a: vibrador|Brave Bird|p2a: Slowbro\n|-damage|p2a: Slowbro|51\/100\n|-damage|p1a: vibrador|90\/100|[from] Recoil\n|move|p2a: Slowbro|Slack Off|p2a: Slowbro\n|-heal|p2a: Slowbro|100\/100\n|\n|upkeep\n|turn|49\n|\n|t:|1700108175\n|move|p1a: vibrador|Brave Bird|p2a: Slowbro\n|-damage|p2a: Slowbro|77\/100\n|-damage|p1a: vibrador|81\/100|[from] Recoil\n|move|p2a: Slowbro|Slack Off|p2a: Slowbro\n|-heal|p2a: Slowbro|100\/100\n|\n|upkeep\n|turn|50\n|\n|t:|1700108184\n|move|p1a: vibrador|Autotomize||[still]\n|-fail|p1a: vibrador\n|move|p2a: Slowbro|Slack Off||[still]\n|-fail|p2a: Slowbro|heal\n|-enditem|p2a: Slowbro|Leppa Berry|[eat]\n|-activate|p2a: Slowbro|item: Leppa Berry|Slack Off|[consumed]\n|\n|upkeep\n|turn|51\n|\n|t:|1700108190\n|move|p1a: vibrador|Autotomize||[still]\n|-fail|p1a: vibrador\n|move|p2a: Slowbro|Recycle|p2a: Slowbro\n|-item|p2a: Slowbro|Leppa Berry|[from] move: Recycle\n|\n|upkeep\n|turn|52\n|\n|t:|1700108198\n|move|p1a: vibrador|Autotomize||[still]\n|-fail|p1a: vibrador\n|move|p2a: Slowbro|Heal Pulse|p1a: vibrador\n|-heal|p1a: vibrador|100\/100\n|\n|upkeep\n|turn|53\n|\n|t:|1700108203\n|move|p1a: vibrador|Autotomize||[still]\n|-fail|p1a: vibrador\n|move|p2a: Slowbro|Slack Off||[still]\n|-fail|p2a: Slowbro|heal\n|\n|upkeep\n|turn|54\n|\n|t:|1700108215\n|move|p1a: vibrador|Autotomize||[still]\n|-fail|p1a: vibrador\n|move|p2a: Slowbro|Slack Off||[still]\n|-fail|p2a: Slowbro|heal\n|\n|upkeep\n|turn|55\n|\n|t:|1700108221\n|move|p1a: vibrador|Autotomize||[still]\n|-fail|p1a: vibrador\n|move|p2a: Slowbro|Slack Off||[still]\n|-fail|p2a: Slowbro|heal\n|\n|upkeep\n|turn|56\n|\n|t:|1700108226\n|move|p1a: vibrador|Autotomize||[still]\n|-fail|p1a: vibrador\n|move|p2a: Slowbro|Slack Off||[still]\n|-fail|p2a: Slowbro|heal\n|\n|upkeep\n|turn|57\n|\n|t:|1700108231\n|move|p1a: vibrador|Autotomize||[still]\n|-fail|p1a: vibrador\n|move|p2a: Slowbro|Slack Off||[still]\n|-fail|p2a: Slowbro|heal\n|\n|upkeep\n|turn|58\n|\n|t:|1700108236\n|move|p1a: vibrador|Autotomize||[still]\n|-fail|p1a: vibrador\n|move|p2a: Slowbro|Slack Off||[still]\n|-fail|p2a: Slowbro|heal\n|\n|upkeep\n|turn|59\n|\n|t:|1700108243\n|move|p1a: vibrador|Autotomize||[still]\n|-fail|p1a: vibrador\n|move|p2a: Slowbro|Slack Off||[still]\n|-fail|p2a: Slowbro|heal\n|\n|upkeep\n|turn|60\n|\n|t:|1700108251\n|move|p1a: vibrador|Autotomize||[still]\n|-fail|p1a: vibrador\n|move|p2a: Slowbro|Slack Off||[still]\n|-fail|p2a: Slowbro|heal\n|-enditem|p2a: Slowbro|Leppa Berry|[eat]\n|-activate|p2a: Slowbro|item: Leppa Berry|Slack Off|[consumed]\n|\n|upkeep\n|turn|61\n|\n|t:|1700108260\n|move|p1a: vibrador|Autotomize||[still]\n|-fail|p1a: vibrador\n|move|p2a: Slowbro|Recycle|p2a: Slowbro\n|-item|p2a: Slowbro|Leppa Berry|[from] move: Recycle\n|\n|upkeep\n|turn|62\n|\n|t:|1700108265\n|move|p1a: vibrador|Autotomize||[still]\n|-fail|p1a: vibrador\n|move|p2a: Slowbro|Slack Off||[still]\n|-fail|p2a: Slowbro|heal\n|\n|upkeep\n|turn|63\n|\n|t:|1700108271\n|move|p1a: vibrador|Autotomize||[still]\n|-fail|p1a: vibrador\n|move|p2a: Slowbro|Slack Off||[still]\n|-fail|p2a: Slowbro|heal\n|\n|upkeep\n|turn|64\n|\n|t:|1700108279\n|move|p1a: vibrador|Autotomize||[still]\n|-fail|p1a: vibrador\n|move|p2a: Slowbro|Slack Off||[still]\n|-fail|p2a: Slowbro|heal\n|\n|upkeep\n|turn|65\n|\n|t:|1700108284\n|move|p1a: vibrador|Autotomize||[still]\n|-fail|p1a: vibrador\n|move|p2a: Slowbro|Slack Off||[still]\n|-fail|p2a: Slowbro|heal\n|\n|upkeep\n|turn|66\n|\n|t:|1700108288\n|move|p1a: vibrador|Autotomize||[still]\n|-fail|p1a: vibrador\n|move|p2a: Slowbro|Slack Off||[still]\n|-fail|p2a: Slowbro|heal\n|\n|upkeep\n|turn|67\n|\n|t:|1700108293\n|move|p1a: vibrador|Autotomize||[still]\n|-fail|p1a: vibrador\n|move|p2a: Slowbro|Slack Off||[still]\n|-fail|p2a: Slowbro|heal\n|\n|upkeep\n|turn|68\n|\n|t:|1700108297\n|move|p1a: vibrador|Autotomize||[still]\n|-fail|p1a: vibrador\n|move|p2a: Slowbro|Slack Off||[still]\n|-fail|p2a: Slowbro|heal\n|\n|upkeep\n|turn|69\n|\n|t:|1700108302\n|move|p1a: vibrador|Autotomize||[still]\n|-fail|p1a: vibrador\n|move|p2a: Slowbro|Slack Off||[still]\n|-fail|p2a: Slowbro|heal\n|-enditem|p2a: Slowbro|Leppa Berry|[eat]\n|-activate|p2a: Slowbro|item: Leppa Berry|Slack Off|[consumed]\n|\n|upkeep\n|turn|70\n|\n|t:|1700108308\n|move|p1a: vibrador|Autotomize||[still]\n|-fail|p1a: vibrador\n|move|p2a: Slowbro|Recycle|p2a: Slowbro\n|-item|p2a: Slowbro|Leppa Berry|[from] move: Recycle\n|\n|upkeep\n|turn|71\n|\n|t:|1700108319\n|move|p1a: vibrador|Defog||[still]\n|-unboost|p2a: Slowbro|evasion|0\n|-fail|p1a: vibrador\n|move|p2a: Slowbro|Recycle||[still]\n|-fail|p2a: Slowbro\n|\n|upkeep\n|turn|72\n|\n|t:|1700108325\n|move|p1a: vibrador|Defog||[still]\n|-unboost|p2a: Slowbro|evasion|0\n|-fail|p1a: vibrador\n|move|p2a: Slowbro|Recycle||[still]\n|-fail|p2a: Slowbro\n|\n|upkeep\n|turn|73\n|\n|t:|1700108330\n|move|p1a: vibrador|Defog||[still]\n|-unboost|p2a: Slowbro|evasion|0\n|-fail|p1a: vibrador\n|move|p2a: Slowbro|Recycle||[still]\n|-fail|p2a: Slowbro\n|\n|upkeep\n|turn|74\n|\n|t:|1700108336\n|move|p1a: vibrador|Defog||[still]\n|-unboost|p2a: Slowbro|evasion|0\n|-fail|p1a: vibrador\n|move|p2a: Slowbro|Recycle||[still]\n|-fail|p2a: Slowbro\n|\n|upkeep\n|turn|75\n|\n|t:|1700108345\n|move|p1a: vibrador|Defog||[still]\n|-unboost|p2a: Slowbro|evasion|0\n|-fail|p1a: vibrador\n|move|p2a: Slowbro|Recycle||[still]\n|-fail|p2a: Slowbro\n|\n|upkeep\n|turn|76\n|\n|t:|1700108350\n|move|p1a: vibrador|Defog||[still]\n|-unboost|p2a: Slowbro|evasion|0\n|-fail|p1a: vibrador\n|move|p2a: Slowbro|Recycle||[still]\n|-fail|p2a: Slowbro\n|\n|upkeep\n|turn|77\n|\n|t:|1700108359\n|move|p1a: vibrador|Defog||[still]\n|-unboost|p2a: Slowbro|evasion|0\n|-fail|p1a: vibrador\n|move|p2a: Slowbro|Recycle||[still]\n|-fail|p2a: Slowbro\n|\n|upkeep\n|turn|78\n|\n|t:|1700108369\n|move|p1a: vibrador|Defog||[still]\n|-unboost|p2a: Slowbro|evasion|0\n|-fail|p1a: vibrador\n|move|p2a: Slowbro|Recycle||[still]\n|-fail|p2a: Slowbro\n|\n|upkeep\n|turn|79\n|\n|t:|1700108375\n|move|p1a: vibrador|Defog||[still]\n|-unboost|p2a: Slowbro|evasion|0\n|-fail|p1a: vibrador\n|move|p2a: Slowbro|Recycle||[still]\n|-fail|p2a: Slowbro\n|-enditem|p2a: Slowbro|Leppa Berry|[eat]\n|-activate|p2a: Slowbro|item: Leppa Berry|Recycle|[consumed]\n|\n|upkeep\n|turn|80\n|\n|t:|1700108386\n|move|p1a: vibrador|Defog||[still]\n|-unboost|p2a: Slowbro|evasion|0\n|-fail|p1a: vibrador\n|move|p2a: Slowbro|Block||[still]\n|-fail|p2a: Slowbro\n|\n|upkeep\n|turn|81\n|\n|t:|1700108392\n|move|p1a: vibrador|Defog||[still]\n|-unboost|p2a: Slowbro|evasion|0\n|-fail|p1a: vibrador\n|move|p2a: Slowbro|Block||[still]\n|-fail|p2a: Slowbro\n|\n|upkeep\n|turn|82\n|\n|t:|1700108397\n|move|p1a: vibrador|Defog||[still]\n|-unboost|p2a: Slowbro|evasion|0\n|-fail|p1a: vibrador\n|move|p2a: Slowbro|Block||[still]\n|-fail|p2a: Slowbro\n|\n|upkeep\n|turn|83\n|\n|t:|1700108405\n|move|p1a: vibrador|Defog||[still]\n|-unboost|p2a: Slowbro|evasion|0\n|-fail|p1a: vibrador\n|move|p2a: Slowbro|Block||[still]\n|-fail|p2a: Slowbro\n|\n|upkeep\n|turn|84\n|\n|t:|1700108411\n|move|p1a: vibrador|Defog||[still]\n|-unboost|p2a: Slowbro|evasion|0\n|-fail|p1a: vibrador\n|move|p2a: Slowbro|Block||[still]\n|-fail|p2a: Slowbro\n|\n|upkeep\n|turn|85\n|\n|t:|1700108417\n|move|p1a: vibrador|Defog||[still]\n|-unboost|p2a: Slowbro|evasion|0\n|-fail|p1a: vibrador\n|move|p2a: Slowbro|Block||[still]\n|-fail|p2a: Slowbro\n|\n|upkeep\n|turn|86\n|\n|t:|1700108424\n|move|p1a: vibrador|Defog||[still]\n|-unboost|p2a: Slowbro|evasion|0\n|-fail|p1a: vibrador\n|move|p2a: Slowbro|Block||[still]\n|-fail|p2a: Slowbro\n|\n|upkeep\n|turn|87\n|\n|t:|1700108434\n|move|p1a: vibrador|Defog||[still]\n|-unboost|p2a: Slowbro|evasion|0\n|-fail|p1a: vibrador\n|move|p2a: Slowbro|Recycle|p2a: Slowbro\n|-item|p2a: Slowbro|Leppa Berry|[from] move: Recycle\n|-enditem|p2a: Slowbro|Leppa Berry|[eat]\n|-activate|p2a: Slowbro|item: Leppa Berry|Block|[consumed]\n|\n|upkeep\n|turn|88\n|\n|t:|1700108441\n|move|p1a: vibrador|Defog||[still]\n|-unboost|p2a: Slowbro|evasion|0\n|-fail|p1a: vibrador\n|move|p2a: Slowbro|Recycle|p2a: Slowbro\n|-item|p2a: Slowbro|Leppa Berry|[from] move: Recycle\n|\n|upkeep\n|turn|89\n|\n|t:|1700108449\n|-activate|p1a: vibrador|move: Struggle\n|move|p1a: vibrador|Struggle|p2a: Slowbro\n|-crit|p2a: Slowbro\n|-damage|p2a: Slowbro|90\/100\n|-damage|p1a: vibrador|75\/100|[from] recoil\n|move|p2a: Slowbro|Slack Off|p2a: Slowbro\n|-heal|p2a: Slowbro|100\/100\n|\n|upkeep\n|turn|90\n|\n|t:|1700108456\n|-activate|p1a: vibrador|move: Struggle\n|move|p1a: vibrador|Struggle|p2a: Slowbro\n|-damage|p2a: Slowbro|93\/100\n|-damage|p1a: vibrador|50\/100|[from] recoil\n|move|p2a: Slowbro|Heal Pulse|p1a: vibrador\n|-heal|p1a: vibrador|99\/100\n|\n|upkeep\n|turn|91\n|\n|t:|1700108466\n|-activate|p1a: vibrador|move: Struggle\n|move|p1a: vibrador|Struggle|p2a: Slowbro\n|-damage|p2a: Slowbro|86\/100\n|-damage|p1a: vibrador|75\/100|[from] recoil\n|move|p2a: Slowbro|Slack Off|p2a: Slowbro\n|-heal|p2a: Slowbro|100\/100\n|\n|upkeep\n|turn|92\n|c|\u2606Ezerox|having fun?\n|\n|t:|1700108476\n|-activate|p1a: vibrador|move: Struggle\n|move|p1a: vibrador|Struggle|p2a: Slowbro\n|-damage|p2a: Slowbro|93\/100\n|-damage|p1a: vibrador|50\/100|[from] recoil\n|move|p2a: Slowbro|Heal Pulse|p1a: vibrador\n|-heal|p1a: vibrador|99\/100\n|\n|upkeep\n|turn|93\n|\n|t:|1700108483\n|-activate|p1a: vibrador|move: Struggle\n|move|p1a: vibrador|Struggle|p2a: Slowbro\n|-damage|p2a: Slowbro|86\/100\n|-damage|p1a: vibrador|75\/100|[from] recoil\n|move|p2a: Slowbro|Slack Off|p2a: Slowbro\n|-heal|p2a: Slowbro|100\/100\n|\n|upkeep\n|turn|94\n|\n|t:|1700108490\n|-activate|p1a: vibrador|move: Struggle\n|move|p1a: vibrador|Struggle|p2a: Slowbro\n|-damage|p2a: Slowbro|93\/100\n|-damage|p1a: vibrador|50\/100|[from] recoil\n|move|p2a: Slowbro|Heal Pulse|p1a: vibrador\n|-heal|p1a: vibrador|99\/100\n|\n|upkeep\n|turn|95\n|\n|t:|1700108504\n|-activate|p1a: vibrador|move: Struggle\n|move|p1a: vibrador|Struggle|p2a: Slowbro\n|-damage|p2a: Slowbro|86\/100\n|-damage|p1a: vibrador|74\/100|[from] recoil\n|move|p2a: Slowbro|Slack Off|p2a: Slowbro\n|-heal|p2a: Slowbro|100\/100\n|\n|upkeep\n|turn|96\n|\n|t:|1700108516\n|-activate|p1a: vibrador|move: Struggle\n|move|p1a: vibrador|Struggle|p2a: Slowbro\n|-crit|p2a: Slowbro\n|-damage|p2a: Slowbro|91\/100\n|-damage|p1a: vibrador|49\/100|[from] recoil\n|move|p2a: Slowbro|Heal Pulse|p1a: vibrador\n|-heal|p1a: vibrador|99\/100\n|\n|upkeep\n|turn|97\n|\n|t:|1700108526\n|-activate|p1a: vibrador|move: Struggle\n|move|p1a: vibrador|Struggle|p2a: Slowbro\n|-damage|p2a: Slowbro|83\/100\n|-damage|p1a: vibrador|74\/100|[from] recoil\n|move|p2a: Slowbro|Slack Off|p2a: Slowbro\n|-heal|p2a: Slowbro|100\/100\n|\n|upkeep\n|turn|98\n|\n|t:|1700108534\n|-activate|p1a: vibrador|move: Struggle\n|move|p1a: vibrador|Struggle|p2a: Slowbro\n|-damage|p2a: Slowbro|93\/100\n|-damage|p1a: vibrador|49\/100|[from] recoil\n|move|p2a: Slowbro|Heal Pulse|p1a: vibrador\n|-heal|p1a: vibrador|99\/100\n|\n|upkeep\n|turn|99\n|\n|t:|1700108542\n|-activate|p1a: vibrador|move: Struggle\n|move|p1a: vibrador|Struggle|p2a: Slowbro\n|-damage|p2a: Slowbro|86\/100\n|-damage|p1a: vibrador|74\/100|[from] recoil\n|move|p2a: Slowbro|Slack Off|p2a: Slowbro\n|-heal|p2a: Slowbro|100\/100\n|\n|upkeep\n|turn|100\n|\n|t:|1700108549\n|-activate|p1a: vibrador|move: Struggle\n|move|p1a: vibrador|Struggle|p2a: Slowbro\n|-damage|p2a: Slowbro|93\/100\n|-damage|p1a: vibrador|49\/100|[from] recoil\n|move|p2a: Slowbro|Heal Pulse|p1a: vibrador\n|-heal|p1a: vibrador|99\/100\n|\n|upkeep\n|-message|Ezerox's team started with the rudimentary means to perform restorative berry-cycling and thus loses.\n|\n|win|ciindery\n|raw|ciindery's rating: 1028 &rarr; <strong>1061<\/strong><br \/>(+33 for winning)\n|raw|Ezerox's rating: 1000 &rarr; <strong>1000<\/strong><br \/>(+0 for losing)\n|c|\u2606Ezerox|ggs\n","uploadtime":1700108560,"views":9,"p1id":"ciindery","p2id":"ezerox","formatid":"gen9nationaldex","rating":1000,"private":0,"password":""}