{"id":"gen9nationaldex-1992711954","p1":"Bblacksniper","p2":"mastro uccello","format":"[Gen 9] National Dex","log":"|j|\u2606Bblacksniper\n|j|\u2606mastro uccello\n|t:|1700228064\n|gametype|singles\n|player|p1|Bblacksniper|101|1433\n|player|p2|mastro uccello|guitarist-gen4|1447\n|teamsize|p1|6\n|teamsize|p2|6\n|gen|9\n|tier|[Gen 9] National Dex\n|rated|\n|rule|HP Percentage Mod: HP is shown in percentages\n|rule|Endless Battle Clause: Forcing endless battles is banned\n|rule|OHKO Clause: OHKO moves are banned\n|rule|Evasion Clause: Evasion abilities, items, and moves are banned\n|rule|Evasion Abilities Clause: Evasion abilities are banned\n|rule|Evasion Items Clause: Evasion items are banned\n|rule|Evasion Moves Clause: Evasion moves are banned\n|rule|Species Clause: Limit one of each Pok\u00e9mon\n|rule|Sleep Clause Mod: Limit one foe put to sleep\n|clearpoke\n|poke|p1|Grimmsnarl, M|\n|poke|p1|Kommo-o, M|\n|poke|p1|Corviknight, F|\n|poke|p1|Hoopa-Unbound|\n|poke|p1|Iron Moth|\n|poke|p1|Landorus-Therian, M|\n|poke|p2|Overqwil, M|\n|poke|p2|Scizor, F|\n|poke|p2|Cyclizar, M|\n|poke|p2|Houndstone, M|\n|poke|p2|Tinkaton, F|\n|poke|p2|Donphan, M|\n|teampreview\n|inactive|Battle timer is ON: inactive players will automatically lose when time's up. (requested by mastro uccello)\n|\n|t:|1700228070\n|start\n|switch|p1a: Grimmsnarl|Grimmsnarl, M|100\/100\n|switch|p2a: it's overqwil \ud83d\ude14|Overqwil, M|100\/100\n|-ability|p2a: it's overqwil \ud83d\ude14|Intimidate|boost\n|-unboost|p1a: Grimmsnarl|atk|1\n|turn|1\n|\n|t:|1700228079\n|switch|p1a: Corviknight|Corviknight, F|100\/100\n|-ability|p1a: Corviknight|Pressure\n|move|p2a: it's overqwil \ud83d\ude14|Gunk Shot|p1a: Corviknight\n|-immune|p1a: Corviknight\n|\n|upkeep\n|turn|2\n|\n|t:|1700228086\n|switch|p2a: XenolameLigmaballs|Tinkaton, F|100\/100\n|-ability|p2a: XenolameLigmaballs|Mold Breaker\n|move|p1a: Corviknight|U-turn|p2a: XenolameLigmaballs\n|-resisted|p2a: XenolameLigmaballs\n|-damage|p2a: XenolameLigmaballs|96\/100\n|\n|t:|1700228093\n|switch|p1a: Landorus|Landorus-Therian, M|100\/100|[from] U-turn\n|-ability|p1a: Landorus|Intimidate|boost\n|-unboost|p2a: XenolameLigmaballs|atk|1\n|\n|-heal|p2a: XenolameLigmaballs|100\/100|[from] item: Leftovers\n|upkeep\n|turn|3\n|\n|t:|1700228100\n|switch|p2a: Leone|Houndstone, M|100\/100\n|move|p1a: Landorus|Stealth Rock|p2a: Leone\n|-sidestart|p2: mastro uccello|move: Stealth Rock\n|\n|upkeep\n|turn|4\n|\n|t:|1700228106\n|move|p1a: Landorus|Toxic|p2a: Leone\n|-status|p2a: Leone|tox\n|move|p2a: Leone|Will-O-Wisp|p1a: Landorus\n|-status|p1a: Landorus|brn\n|\n|-damage|p2a: Leone|94\/100 tox|[from] psn\n|-damage|p1a: Landorus|94\/100 brn|[from] brn\n|upkeep\n|turn|5\n|\n|t:|1700228112\n|switch|p2a: Superbagno|Cyclizar, M|100\/100\n|move|p1a: Landorus|U-turn|p2a: Superbagno\n|-damage|p2a: Superbagno|78\/100\n|\n|t:|1700228114\n|switch|p1a: Grimmsnarl|Grimmsnarl, M|100\/100|[from] U-turn\n|\n|upkeep\n|turn|6\n|\n|t:|1700228120\n|move|p1a: Grimmsnarl|Taunt|p2a: Superbagno\n|-start|p2a: Superbagno|move: Taunt\n|move|p2a: Superbagno|Rapid Spin|p1a: Grimmsnarl\n|-damage|p1a: Grimmsnarl|81\/100\n|-boost|p2a: Superbagno|spe|1\n|-sideend|p2: mastro uccello|Stealth Rock|[from] move: Rapid Spin|[of] p2a: Superbagno\n|\n|upkeep\n|turn|7\n|\n|t:|1700228126\n|switch|p2a: it's overqwil \ud83d\ude14|Overqwil, M|100\/100\n|-ability|p2a: it's overqwil \ud83d\ude14|Intimidate|boost\n|-unboost|p1a: Grimmsnarl|atk|1\n|move|p1a: Grimmsnarl|Light Screen|p1a: Grimmsnarl\n|-sidestart|p1: Bblacksniper|move: Light Screen\n|\n|upkeep\n|turn|8\n|\n|t:|1700228139\n|switch|p1a: Corviknight|Corviknight, F|100\/100\n|-ability|p1a: Corviknight|Pressure\n|move|p2a: it's overqwil \ud83d\ude14|Gunk Shot|p1a: Corviknight\n|-immune|p1a: Corviknight\n|\n|upkeep\n|turn|9\n|\n|t:|1700228143\n|move|p2a: it's overqwil \ud83d\ude14|Crunch|p1a: Corviknight\n|-damage|p1a: Corviknight|64\/100\n|-damage|p2a: it's overqwil \ud83d\ude14|84\/100|[from] item: Rocky Helmet|[of] p1a: Corviknight\n|-damage|p2a: it's overqwil \ud83d\ude14|74\/100|[from] item: Life Orb\n|move|p1a: Corviknight|U-turn|p2a: it's overqwil \ud83d\ude14\n|-damage|p2a: it's overqwil \ud83d\ude14|58\/100\n|\n|t:|1700228147\n|switch|p1a: Kommo-o|Kommo-o, M|100\/100|[from] U-turn\n|\n|upkeep\n|turn|10\n|\n|t:|1700228151\n|move|p1a: Kommo-o|Clangorous Soul|p1a: Kommo-o\n|-boost|p1a: Kommo-o|atk|1\n|-boost|p1a: Kommo-o|def|1\n|-boost|p1a: Kommo-o|spa|1\n|-boost|p1a: Kommo-o|spd|1\n|-boost|p1a: Kommo-o|spe|1\n|-damage|p1a: Kommo-o|68\/100\n|-enditem|p1a: Kommo-o|Throat Spray\n|-boost|p1a: Kommo-o|spa|1|[from] item: Throat Spray\n|move|p2a: it's overqwil \ud83d\ude14|Gunk Shot|p1a: Kommo-o\n|-damage|p1a: Kommo-o|16\/100\n|-damage|p2a: it's overqwil \ud83d\ude14|48\/100|[from] item: Life Orb\n|\n|upkeep\n|turn|11\n|\n|t:|1700228172\n|move|p2a: it's overqwil \ud83d\ude14|Aqua Jet|p1a: Kommo-o\n|-resisted|p1a: Kommo-o\n|-damage|p1a: Kommo-o|10\/100\n|-damage|p2a: it's overqwil \ud83d\ude14|38\/100|[from] item: Life Orb\n|move|p1a: Kommo-o|Drain Punch|p2a: it's overqwil \ud83d\ude14\n|-damage|p2a: it's overqwil \ud83d\ude14|0 fnt\n|-heal|p1a: Kommo-o|31\/100|[from] drain|[of] p2a: it's overqwil \ud83d\ude14\n|faint|p2a: it's overqwil \ud83d\ude14\n|\n|upkeep\n|inactive|mastro uccello has 120 seconds left.\n|\n|t:|1700228192\n|switch|p2a: Tiny Tusks|Donphan, M|100\/100\n|turn|12\n|\n|t:|1700228196\n|move|p1a: Kommo-o|Drain Punch|p2a: Tiny Tusks\n|-damage|p2a: Tiny Tusks|71\/100\n|-heal|p1a: Kommo-o|50\/100|[from] drain|[of] p2a: Tiny Tusks\n|move|p2a: Tiny Tusks|Earthquake|p1a: Kommo-o\n|-damage|p1a: Kommo-o|13\/100\n|\n|-heal|p2a: Tiny Tusks|77\/100|[from] item: Leftovers\n|upkeep\n|turn|13\n|\n|t:|1700228204\n|move|p2a: Tiny Tusks|Ice Shard|p1a: Kommo-o\n|-supereffective|p1a: Kommo-o\n|-damage|p1a: Kommo-o|0 fnt\n|faint|p1a: Kommo-o\n|\n|-heal|p2a: Tiny Tusks|83\/100|[from] item: Leftovers\n|upkeep\n|\n|t:|1700228210\n|switch|p1a: Hoopa|Hoopa-Unbound|100\/100\n|turn|14\n|\n|t:|1700228221\n|switch|p2a: XenolameLigmaballs|Tinkaton, F|100\/100\n|-ability|p2a: XenolameLigmaballs|Mold Breaker\n|move|p1a: Hoopa|Hyperspace Fury|p2a: XenolameLigmaballs\n|-resisted|p2a: XenolameLigmaballs\n|-damage|p2a: XenolameLigmaballs|47\/100\n|-unboost|p1a: Hoopa|def|1\n|\n|-heal|p2a: XenolameLigmaballs|53\/100|[from] item: Leftovers\n|-sideend|p1: Bblacksniper|move: Light Screen\n|upkeep\n|turn|15\n|\n|t:|1700228239\n|switch|p1a: Landorus|Landorus-Therian, M|94\/100 brn\n|-ability|p1a: Landorus|Intimidate|boost\n|-unboost|p2a: XenolameLigmaballs|atk|1\n|move|p2a: XenolameLigmaballs|Thunder Wave|p1a: Landorus\n|-immune|p1a: Landorus\n|\n|-heal|p2a: XenolameLigmaballs|59\/100|[from] item: Leftovers\n|-heal|p1a: Landorus|100\/100 brn|[from] item: Leftovers\n|-damage|p1a: Landorus|94\/100 brn|[from] brn\n|upkeep\n|turn|16\n|\n|t:|1700228254\n|switch|p2a: Leone|Houndstone, M|94\/100 tox\n|move|p1a: Landorus|U-turn|p2a: Leone\n|-resisted|p2a: Leone\n|-damage|p2a: Leone|92\/100 tox\n|\n|t:|1700228257\n|switch|p1a: Hoopa|Hoopa-Unbound|100\/100|[from] U-turn\n|\n|-heal|p2a: Leone|98\/100 tox|[from] item: Leftovers\n|-damage|p2a: Leone|92\/100 tox|[from] psn\n|upkeep\n|turn|17\n|\n|t:|1700228264\n|-terastallize|p1a: Hoopa|Dark\n|-terastallize|p2a: Leone|Water\n|move|p1a: Hoopa|Knock Off|p2a: Leone\n|-damage|p2a: Leone|50\/100 tox\n|-enditem|p2a: Leone|Leftovers|[from] move: Knock Off|[of] p1a: Hoopa\n|move|p2a: Leone|Will-O-Wisp|p1a: Hoopa\n|-status|p1a: Hoopa|brn\n|\n|-damage|p2a: Leone|38\/100 tox|[from] psn\n|-damage|p1a: Hoopa|95\/100 brn|[from] brn\n|upkeep\n|turn|18\n|\n|t:|1700228277\n|move|p1a: Hoopa|Knock Off|p2a: Leone\n|-damage|p2a: Leone|23\/100 tox\n|move|p2a: Leone|Body Press|p1a: Hoopa\n|-supereffective|p1a: Hoopa\n|-damage|p1a: Hoopa|15\/100 brn\n|\n|-damage|p2a: Leone|5\/100 tox|[from] psn\n|-damage|p1a: Hoopa|9\/100 brn|[from] brn\n|upkeep\n|turn|19\n|\n|t:|1700228283\n|move|p2a: Leone|Shadow Sneak|p1a: Hoopa\n|-resisted|p1a: Hoopa\n|-damage|p1a: Hoopa|0 fnt\n|faint|p1a: Hoopa\n|\n|-damage|p2a: Leone|0 fnt|[from] psn\n|faint|p2a: Leone\n|upkeep\n|\n|t:|1700228295\n|switch|p1a: Grimmsnarl|Grimmsnarl, M|81\/100\n|switch|p2a: Superbagno|Cyclizar, M|100\/100\n|turn|20\n|\n|t:|1700228302\n|switch|p2a: XenolameLigmaballs|Tinkaton, F|59\/100\n|-ability|p2a: XenolameLigmaballs|Mold Breaker\n|move|p1a: Grimmsnarl|Taunt|p2a: XenolameLigmaballs\n|-start|p2a: XenolameLigmaballs|move: Taunt\n|\n|-heal|p2a: XenolameLigmaballs|65\/100|[from] item: Leftovers\n|upkeep\n|turn|21\n|\n|t:|1700228308\n|move|p1a: Grimmsnarl|Reflect|p1a: Grimmsnarl\n|-sidestart|p1: Bblacksniper|Reflect\n|move|p2a: XenolameLigmaballs|Gigaton Hammer|p1a: Grimmsnarl\n|-supereffective|p1a: Grimmsnarl\n|-damage|p1a: Grimmsnarl|32\/100\n|\n|-heal|p2a: XenolameLigmaballs|72\/100|[from] item: Leftovers\n|upkeep\n|turn|22\n|\n|t:|1700228317\n|switch|p2a: Tiny Tusks|Donphan, M|83\/100\n|switch|p1a: Iron Moth|Iron Moth|100\/100\n|-enditem|p1a: Iron Moth|Booster Energy\n|-activate|p1a: Iron Moth|ability: Quark Drive|[fromitem]\n|-start|p1a: Iron Moth|quarkdrivespe\n|\n|-heal|p2a: Tiny Tusks|90\/100|[from] item: Leftovers\n|upkeep\n|turn|23\n|\n|t:|1700228333\n|-end|p1a: Iron Moth|Quark Drive|[silent]\n|switch|p1a: Corviknight|Corviknight, F|64\/100\n|-ability|p1a: Corviknight|Pressure\n|move|p2a: Tiny Tusks|Earthquake|p1a: Corviknight\n|-immune|p1a: Corviknight\n|\n|-heal|p2a: Tiny Tusks|96\/100|[from] item: Leftovers\n|upkeep\n|turn|24\n|\n|t:|1700228338\n|switch|p2a: XenolameLigmaballs|Tinkaton, F|72\/100\n|-ability|p2a: XenolameLigmaballs|Mold Breaker\n|move|p1a: Corviknight|Brave Bird|p2a: XenolameLigmaballs\n|-resisted|p2a: XenolameLigmaballs\n|-damage|p2a: XenolameLigmaballs|52\/100\n|-damage|p1a: Corviknight|58\/100|[from] Recoil\n|\n|-heal|p2a: XenolameLigmaballs|58\/100|[from] item: Leftovers\n|upkeep\n|turn|25\n|\n|t:|1700228346\n|move|p2a: XenolameLigmaballs|Stealth Rock|p1a: Corviknight\n|-sidestart|p1: Bblacksniper|move: Stealth Rock\n|move|p1a: Corviknight|U-turn|p2a: XenolameLigmaballs\n|-resisted|p2a: XenolameLigmaballs\n|-damage|p2a: XenolameLigmaballs|54\/100\n|\n|t:|1700228348\n|switch|p1a: Iron Moth|Iron Moth|100\/100|[from] U-turn\n|-damage|p1a: Iron Moth|76\/100|[from] Stealth Rock\n|\n|-heal|p2a: XenolameLigmaballs|60\/100|[from] item: Leftovers\n|upkeep\n|turn|26\n|\n|t:|1700228359\n|switch|p2a: Superbagno|Cyclizar, M|100\/100\n|move|p1a: Iron Moth|Fiery Dance|p2a: Superbagno\n|-resisted|p2a: Superbagno\n|-damage|p2a: Superbagno|64\/100\n|-boost|p1a: Iron Moth|spa|1\n|\n|upkeep\n|turn|27\n|\n|t:|1700228371\n|move|p2a: Superbagno|Draco Meteor|p1a: Iron Moth\n|-damage|p1a: Iron Moth|26\/100\n|-unboost|p2a: Superbagno|spa|2\n|move|p1a: Iron Moth|Dazzling Gleam|p2a: Superbagno\n|-supereffective|p2a: Superbagno\n|-damage|p2a: Superbagno|0 fnt\n|faint|p2a: Superbagno\n|\n|upkeep\n|inactive|mastro uccello has 120 seconds left.\n|\n|t:|1700228400\n|switch|p2a: XenolameLigmaballs|Tinkaton, F|60\/100\n|-ability|p2a: XenolameLigmaballs|Mold Breaker\n|turn|28\n|\n|t:|1700228409\n|move|p1a: Iron Moth|Fiery Dance|p2a: XenolameLigmaballs\n|-supereffective|p2a: XenolameLigmaballs\n|-damage|p2a: XenolameLigmaballs|0 fnt\n|-boost|p1a: Iron Moth|spa|1\n|faint|p2a: XenolameLigmaballs\n|\n|-sideend|p1: Bblacksniper|Reflect\n|upkeep\n|\n|t:|1700228414\n|switch|p2a: Tiny Tusks|Donphan, M|96\/100\n|turn|29\n|\n|t:|1700228418\n|move|p2a: Tiny Tusks|Ice Shard|p1a: Iron Moth\n|-resisted|p1a: Iron Moth\n|-crit|p1a: Iron Moth\n|-damage|p1a: Iron Moth|9\/100\n|move|p1a: Iron Moth|Energy Ball|p2a: Tiny Tusks\n|-supereffective|p2a: Tiny Tusks\n|-damage|p2a: Tiny Tusks|0 fnt\n|faint|p2a: Tiny Tusks\n|\n|upkeep\n|\n|t:|1700228422\n|switch|p2a: Titania|Scizor, F|100\/100\n|turn|30\n|\n|t:|1700228425\n|detailschange|p2a: Titania|Scizor-Mega, F\n|-mega|p2a: Titania|Scizor|Scizorite\n|move|p2a: Titania|Bullet Punch|p1a: Iron Moth\n|-resisted|p1a: Iron Moth\n|-damage|p1a: Iron Moth|0 fnt\n|faint|p1a: Iron Moth\n|-end|p1a: Iron Moth|Quark Drive|[silent]\n|\n|upkeep\n|\n|t:|1700228431\n|switch|p1a: Corviknight|Corviknight, F|58\/100\n|-damage|p1a: Corviknight|46\/100|[from] Stealth Rock\n|-ability|p1a: Corviknight|Pressure\n|turn|31\n|\n|t:|1700228434\n|move|p2a: Titania|Swords Dance|p2a: Titania\n|-boost|p2a: Titania|atk|2\n|move|p1a: Corviknight|Roost|p1a: Corviknight\n|-heal|p1a: Corviknight|96\/100\n|-singleturn|p1a: Corviknight|move: Roost\n|\n|upkeep\n|turn|32\n|\n|t:|1700228438\n|move|p2a: Titania|Swords Dance|p2a: Titania\n|-boost|p2a: Titania|atk|2\n|move|p1a: Corviknight|Brave Bird|p2a: Titania\n|-damage|p2a: Titania|75\/100\n|-damage|p1a: Corviknight|88\/100|[from] Recoil\n|\n|upkeep\n|turn|33\n|\n|t:|1700228444\n|move|p2a: Titania|Swords Dance|p2a: Titania\n|-boost|p2a: Titania|atk|2\n|move|p1a: Corviknight|Brave Bird|p2a: Titania\n|-damage|p2a: Titania|49\/100\n|-damage|p1a: Corviknight|81\/100|[from] Recoil\n|\n|upkeep\n|turn|34\n|\n|t:|1700228448\n|move|p2a: Titania|Roost|p2a: Titania\n|-heal|p2a: Titania|99\/100\n|-singleturn|p2a: Titania|move: Roost\n|move|p1a: Corviknight|Roost|p1a: Corviknight\n|-heal|p1a: Corviknight|100\/100\n|-singleturn|p1a: Corviknight|move: Roost\n|\n|upkeep\n|turn|35\n|\n|t:|1700228452\n|move|p2a: Titania|Knock Off|p1a: Corviknight\n|-damage|p1a: Corviknight|0 fnt\n|-damage|p2a: Titania|83\/100|[from] item: Rocky Helmet|[of] p1a: Corviknight\n|-enditem|p1a: Corviknight|Rocky Helmet|[from] move: Knock Off|[of] p2a: Titania\n|faint|p1a: Corviknight\n|\n|upkeep\n|-message|Bblacksniper forfeited.\n|\n|win|mastro uccello\n|raw|Bblacksniper's rating: 1433 &rarr; <strong>1414<\/strong><br \/>(-19 for losing)\n|raw|mastro uccello's rating: 1447 &rarr; <strong>1466<\/strong><br \/>(+19 for winning)\n|l|\u2606Bblacksniper\n","uploadtime":1700228465,"views":42,"p1id":"bblacksniper","p2id":"mastrouccello","formatid":"gen9nationaldex","rating":1414,"private":0,"password":""}