{"id":"gen9nationaldex-1991269683","p1":"wopowopo","p2":"XxLuckx","format":"[Gen 9] National Dex","log":"|j|\u2606wopowopo\n|j|\u2606XxLuckx\n|t:|1700062961\n|gametype|singles\n|player|p1|wopowopo|170|1562\n|player|p2|XxLuckx|red|1571\n|teamsize|p1|6\n|teamsize|p2|6\n|gen|9\n|tier|[Gen 9] National Dex\n|rated|\n|rule|HP Percentage Mod: HP is shown in percentages\n|rule|Endless Battle Clause: Forcing endless battles is banned\n|rule|OHKO Clause: OHKO moves are banned\n|rule|Evasion Clause: Evasion abilities, items, and moves are banned\n|rule|Evasion Abilities Clause: Evasion abilities are banned\n|rule|Evasion Items Clause: Evasion items are banned\n|rule|Evasion Moves Clause: Evasion moves are banned\n|rule|Species Clause: Limit one of each Pok\u00e9mon\n|rule|Sleep Clause Mod: Limit one foe put to sleep\n|clearpoke\n|poke|p1|Moltres|\n|poke|p1|Glimmora, M|\n|poke|p1|Zamazenta-*|\n|poke|p1|Lokix, F|\n|poke|p1|Ogerpon-Wellspring, F|\n|poke|p1|Vivillon-Pokeball, M|\n|poke|p2|Charizard, M|\n|poke|p2|Urshifu-*, M|\n|poke|p2|Serperior, M|\n|poke|p2|Mandibuzz, F|\n|poke|p2|Toxapex, M|\n|poke|p2|Zamazenta-*|\n|teampreview\n|inactive|Battle timer is ON: inactive players will automatically lose when time's up. (requested by wopowopo)\n|inactive|XxLuckx has 120 seconds left.\n|\n|t:|1700063016\n|start\n|switch|p1a: \u8d85\u7ea7\u8f93\u51fa\u624b|Glimmora, M|100\/100\n|switch|p2a: Urshifu|Urshifu-Rapid-Strike, M|100\/100\n|turn|1\n|\n|t:|1700063026\n|-terastallize|p1a: \u8d85\u7ea7\u8f93\u51fa\u624b|Grass\n|move|p1a: \u8d85\u7ea7\u8f93\u51fa\u624b|Energy Ball|p2a: Urshifu\n|-supereffective|p2a: Urshifu\n|-damage|p2a: Urshifu|0 fnt\n|faint|p2a: Urshifu\n|\n|upkeep\n|\n|t:|1700063029\n|switch|p2a: Charizard|Charizard, M|100\/100\n|turn|2\n|\n|t:|1700063032\n|switch|p1a: \u66b4\u6253\u7329\u7329|Moltres|100\/100\n|detailschange|p2a: Charizard|Charizard-Mega-Y, M\n|-mega|p2a: Charizard|Charizard|Charizardite Y\n|-weather|SunnyDay|[from] ability: Drought|[of] p2a: Charizard\n|move|p2a: Charizard|Fire Blast|p1a: \u66b4\u6253\u7329\u7329\n|-resisted|p1a: \u66b4\u6253\u7329\u7329\n|-damage|p1a: \u66b4\u6253\u7329\u7329|53\/100\n|\n|-weather|SunnyDay|[upkeep]\n|upkeep\n|turn|3\n|\n|t:|1700063038\n|move|p2a: Charizard|Air Slash|p1a: \u66b4\u6253\u7329\u7329\n|-damage|p1a: \u66b4\u6253\u7329\u7329|4\/100\n|cant|p1a: \u66b4\u6253\u7329\u7329|flinch\n|\n|-weather|SunnyDay|[upkeep]\n|upkeep\n|turn|4\n|\n|t:|1700063044\n|move|p2a: Charizard|Air Slash|p1a: \u66b4\u6253\u7329\u7329\n|-damage|p1a: \u66b4\u6253\u7329\u7329|0 fnt\n|faint|p1a: \u66b4\u6253\u7329\u7329\n|\n|-weather|SunnyDay|[upkeep]\n|upkeep\n|\n|t:|1700063046\n|switch|p1a: \u8d85\u7ea7\u8f93\u51fa\u624b|Glimmora, M, tera:Grass|100\/100\n|turn|5\n|\n|t:|1700063048\n|move|p1a: \u8d85\u7ea7\u8f93\u51fa\u624b|Power Gem|p2a: Charizard\n|-supereffective|p2a: Charizard\n|-damage|p2a: Charizard|0 fnt\n|faint|p2a: Charizard\n|\n|-weather|SunnyDay|[upkeep]\n|upkeep\n|\n|t:|1700063059\n|switch|p2a: Toxapex|Toxapex, M|100\/100\n|turn|6\n|\n|t:|1700063062\n|switch|p1a: Vivillon|Vivillon-Pokeball, M|100\/100\n|move|p2a: Toxapex|Toxic|p1a: Vivillon\n|-status|p1a: Vivillon|tox\n|\n|-weather|none\n|-damage|p1a: Vivillon|95\/100 tox|[from] psn\n|upkeep\n|turn|7\n|\n|t:|1700063073\n|move|p1a: Vivillon|Sleep Powder|p2a: Toxapex\n|-status|p2a: Toxapex|slp|[from] move: Sleep Powder\n|cant|p2a: Toxapex|slp\n|\n|-damage|p1a: Vivillon|83\/100 tox|[from] psn\n|upkeep\n|turn|8\n|\n|t:|1700063077\n|cant|p2a: Toxapex|slp\n|move|p1a: Vivillon|Quiver Dance|p1a: Vivillon\n|-boost|p1a: Vivillon|spa|1\n|-boost|p1a: Vivillon|spd|1\n|-boost|p1a: Vivillon|spe|1\n|\n|-damage|p1a: Vivillon|65\/100 tox|[from] psn\n|upkeep\n|turn|9\n|\n|t:|1700063080\n|cant|p2a: Toxapex|slp\n|move|p1a: Vivillon|Hurricane|p2a: Toxapex\n|-damage|p2a: Toxapex|40\/100 slp\n|-start|p2a: Toxapex|confusion\n|\n|-heal|p2a: Toxapex|47\/100 slp|[from] item: Black Sludge\n|-damage|p1a: Vivillon|41\/100 tox|[from] psn\n|upkeep\n|turn|10\n|\n|t:|1700063082\n|-curestatus|p2a: Toxapex|slp|[msg]\n|-activate|p2a: Toxapex|confusion\n|move|p2a: Toxapex|Baneful Bunker|p2a: Toxapex\n|-singleturn|p2a: Toxapex|move: Protect\n|move|p1a: Vivillon|Hurricane|p2a: Toxapex\n|-activate|p2a: Toxapex|move: Protect\n|\n|-heal|p2a: Toxapex|53\/100|[from] item: Black Sludge\n|-damage|p1a: Vivillon|11\/100 tox|[from] psn\n|upkeep\n|turn|11\n|\n|t:|1700063087\n|switch|p2a: Mandibuzz|Mandibuzz, F|100\/100\n|move|p1a: Vivillon|Hurricane|p2a: Mandibuzz\n|-damage|p2a: Mandibuzz|41\/100\n|\n|-damage|p1a: Vivillon|0 fnt|[from] psn\n|faint|p1a: Vivillon\n|upkeep\n|\n|t:|1700063091\n|switch|p1a: \u88c2\u817f\u7687\u4fa0|Lokix, F|100\/100\n|turn|12\n|\n|t:|1700063098\n|move|p1a: \u88c2\u817f\u7687\u4fa0|First Impression|p2a: Mandibuzz\n|-damage|p2a: Mandibuzz|7\/100\n|move|p2a: Mandibuzz|Roost|p2a: Mandibuzz\n|-heal|p2a: Mandibuzz|57\/100\n|-singleturn|p2a: Mandibuzz|move: Roost\n|\n|upkeep\n|turn|13\n|\n|t:|1700063106\n|switch|p1a: \u94c1\u58c1\u5657\u53fd1|Zamazenta|100\/100\n|-ability|p1a: \u94c1\u58c1\u5657\u53fd1|Dauntless Shield|boost\n|-boost|p1a: \u94c1\u58c1\u5657\u53fd1|def|1\n|move|p2a: Mandibuzz|Roost|p2a: Mandibuzz\n|-heal|p2a: Mandibuzz|100\/100\n|-singleturn|p2a: Mandibuzz|move: Roost\n|\n|upkeep\n|turn|14\n|\n|t:|1700063110\n|switch|p2a: Toxapex|Toxapex, M|86\/100\n|move|p1a: \u94c1\u58c1\u5657\u53fd1|Iron Defense|p1a: \u94c1\u58c1\u5657\u53fd1\n|-boost|p1a: \u94c1\u58c1\u5657\u53fd1|def|2\n|\n|-heal|p2a: Toxapex|92\/100|[from] item: Black Sludge\n|upkeep\n|turn|15\n|\n|t:|1700063114\n|move|p1a: \u94c1\u58c1\u5657\u53fd1|Body Press|p2a: Toxapex\n|-resisted|p2a: Toxapex\n|-damage|p2a: Toxapex|66\/100\n|move|p2a: Toxapex|Toxic|p1a: \u94c1\u58c1\u5657\u53fd1\n|-status|p1a: \u94c1\u58c1\u5657\u53fd1|tox\n|\n|-heal|p2a: Toxapex|73\/100|[from] item: Black Sludge\n|-damage|p1a: \u94c1\u58c1\u5657\u53fd1|94\/100 tox|[from] psn\n|upkeep\n|turn|16\n|\n|t:|1700063120\n|switch|p1a: \u88c2\u817f\u7687\u4fa0|Lokix, F|100\/100\n|move|p2a: Toxapex|Recover|p2a: Toxapex\n|-heal|p2a: Toxapex|100\/100\n|\n|upkeep\n|turn|17\n|\n|t:|1700063122\n|move|p2a: Toxapex|Baneful Bunker|p2a: Toxapex\n|-singleturn|p2a: Toxapex|move: Protect\n|move|p1a: \u88c2\u817f\u7687\u4fa0|Knock Off|p2a: Toxapex\n|-activate|p2a: Toxapex|move: Protect\n|-status|p1a: \u88c2\u817f\u7687\u4fa0|psn\n|\n|-damage|p1a: \u88c2\u817f\u7687\u4fa0|88\/100 psn|[from] psn\n|upkeep\n|turn|18\n|\n|t:|1700063133\n|move|p1a: \u88c2\u817f\u7687\u4fa0|Knock Off|p2a: Toxapex\n|-damage|p2a: Toxapex|58\/100\n|-enditem|p2a: Toxapex|Black Sludge|[from] move: Knock Off|[of] p1a: \u88c2\u817f\u7687\u4fa0\n|move|p2a: Toxapex|Scald|p1a: \u88c2\u817f\u7687\u4fa0\n|-damage|p1a: \u88c2\u817f\u7687\u4fa0|56\/100 psn\n|\n|-damage|p1a: \u88c2\u817f\u7687\u4fa0|44\/100 psn|[from] psn\n|upkeep\n|turn|19\n|\n|t:|1700063137\n|switch|p1a: Ogerpon|Ogerpon-Wellspring, F|100\/100\n|move|p2a: Toxapex|Recover|p2a: Toxapex\n|-heal|p2a: Toxapex|100\/100\n|\n|upkeep\n|turn|20\n|\n|t:|1700063139\n|move|p1a: Ogerpon|Swords Dance|p1a: Ogerpon\n|-boost|p1a: Ogerpon|atk|2\n|move|p2a: Toxapex|Toxic|p1a: Ogerpon\n|-status|p1a: Ogerpon|tox\n|\n|-damage|p1a: Ogerpon|95\/100 tox|[from] psn\n|upkeep\n|turn|21\n|\n|t:|1700063143\n|switch|p2a: Mandibuzz|Mandibuzz, F|100\/100\n|move|p1a: Ogerpon|Swords Dance|p1a: Ogerpon\n|-boost|p1a: Ogerpon|atk|2\n|\n|-damage|p1a: Ogerpon|83\/100 tox|[from] psn\n|upkeep\n|turn|22\n|\n|t:|1700063147\n|move|p1a: Ogerpon|Ivy Cudgel|p2a: Mandibuzz|[anim] Ivy Cudgel Water\n|-damage|p2a: Mandibuzz|4\/100\n|move|p2a: Mandibuzz|Foul Play|p1a: Ogerpon\n|-damage|p1a: Ogerpon|0 fnt\n|faint|p1a: Ogerpon\n|\n|upkeep\n|\n|t:|1700063151\n|switch|p1a: \u88c2\u817f\u7687\u4fa0|Lokix, F|44\/100 psn\n|turn|23\n|\n|t:|1700063154\n|move|p1a: \u88c2\u817f\u7687\u4fa0|First Impression|p2a: Mandibuzz\n|-damage|p2a: Mandibuzz|0 fnt\n|faint|p2a: Mandibuzz\n|\n|-damage|p1a: \u88c2\u817f\u7687\u4fa0|31\/100 psn|[from] psn\n|upkeep\n|\n|t:|1700063155\n|switch|p2a: Toxapex|Toxapex, M|100\/100\n|turn|24\n|\n|t:|1700063159\n|switch|p1a: \u8d85\u7ea7\u8f93\u51fa\u624b|Glimmora, M, tera:Grass|100\/100\n|move|p2a: Toxapex|Toxic|p1a: \u8d85\u7ea7\u8f93\u51fa\u624b\n|-status|p1a: \u8d85\u7ea7\u8f93\u51fa\u624b|tox\n|\n|-damage|p1a: \u8d85\u7ea7\u8f93\u51fa\u624b|94\/100 tox|[from] psn\n|upkeep\n|turn|25\n|\n|t:|1700063162\n|move|p2a: Toxapex|Baneful Bunker|p2a: Toxapex\n|-singleturn|p2a: Toxapex|move: Protect\n|move|p1a: \u8d85\u7ea7\u8f93\u51fa\u624b|Earth Power|p2a: Toxapex\n|-activate|p2a: Toxapex|move: Protect\n|\n|-damage|p1a: \u8d85\u7ea7\u8f93\u51fa\u624b|82\/100 tox|[from] psn\n|upkeep\n|turn|26\n|\n|t:|1700063166\n|switch|p2a: Serperior|Serperior, M|100\/100\n|move|p1a: \u8d85\u7ea7\u8f93\u51fa\u624b|Earth Power|p2a: Serperior\n|-resisted|p2a: Serperior\n|-damage|p2a: Serperior|86\/100\n|\n|-heal|p2a: Serperior|92\/100|[from] item: Leftovers\n|-damage|p1a: \u8d85\u7ea7\u8f93\u51fa\u624b|63\/100 tox|[from] psn\n|upkeep\n|turn|27\n|\n|t:|1700063170\n|switch|p1a: \u94c1\u58c1\u5657\u53fd1|Zamazenta|94\/100 tox\n|move|p2a: Serperior|Substitute|p2a: Serperior\n|-start|p2a: Serperior|Substitute\n|-damage|p2a: Serperior|67\/100\n|\n|-heal|p1a: \u94c1\u58c1\u5657\u53fd1|100\/100 tox|[from] item: Leftovers\n|-heal|p2a: Serperior|73\/100|[from] item: Leftovers\n|-damage|p1a: \u94c1\u58c1\u5657\u53fd1|94\/100 tox|[from] psn\n|upkeep\n|turn|28\n|\n|t:|1700063174\n|move|p1a: \u94c1\u58c1\u5657\u53fd1|Body Press|p2a: Serperior\n|-end|p2a: Serperior|Substitute\n|move|p2a: Serperior|Leech Seed|p1a: \u94c1\u58c1\u5657\u53fd1\n|-start|p1a: \u94c1\u58c1\u5657\u53fd1|move: Leech Seed\n|\n|-heal|p1a: \u94c1\u58c1\u5657\u53fd1|100\/100 tox|[from] item: Leftovers\n|-heal|p2a: Serperior|79\/100|[from] item: Leftovers\n|-damage|p1a: \u94c1\u58c1\u5657\u53fd1|88\/100 tox|[from] Leech Seed|[of] p2a: Serperior\n|-heal|p2a: Serperior|91\/100|[silent]\n|-damage|p1a: \u94c1\u58c1\u5657\u53fd1|76\/100 tox|[from] psn\n|upkeep\n|turn|29\n|\n|t:|1700063176\n|move|p1a: \u94c1\u58c1\u5657\u53fd1|Body Press|p2a: Serperior\n|-damage|p2a: Serperior|58\/100\n|move|p2a: Serperior|Substitute|p2a: Serperior\n|-start|p2a: Serperior|Substitute\n|-damage|p2a: Serperior|33\/100\n|\n|-heal|p1a: \u94c1\u58c1\u5657\u53fd1|82\/100 tox|[from] item: Leftovers\n|-heal|p2a: Serperior|39\/100|[from] item: Leftovers\n|-damage|p1a: \u94c1\u58c1\u5657\u53fd1|70\/100 tox|[from] Leech Seed|[of] p2a: Serperior\n|-heal|p2a: Serperior|52\/100|[silent]\n|-damage|p1a: \u94c1\u58c1\u5657\u53fd1|52\/100 tox|[from] psn\n|upkeep\n|turn|30\n|\n|t:|1700063180\n|move|p1a: \u94c1\u58c1\u5657\u53fd1|Body Press|p2a: Serperior\n|-end|p2a: Serperior|Substitute\n|move|p2a: Serperior|Substitute|p2a: Serperior\n|-start|p2a: Serperior|Substitute\n|-damage|p2a: Serperior|27\/100\n|\n|-heal|p1a: \u94c1\u58c1\u5657\u53fd1|58\/100 tox|[from] item: Leftovers\n|-heal|p2a: Serperior|33\/100|[from] item: Leftovers\n|-damage|p1a: \u94c1\u58c1\u5657\u53fd1|46\/100 tox|[from] Leech Seed|[of] p2a: Serperior\n|-heal|p2a: Serperior|45\/100|[silent]\n|-damage|p1a: \u94c1\u58c1\u5657\u53fd1|22\/100 tox|[from] psn\n|upkeep\n|turn|31\n|\n|t:|1700063183\n|move|p1a: \u94c1\u58c1\u5657\u53fd1|Body Press|p2a: Serperior\n|-end|p2a: Serperior|Substitute\n|move|p2a: Serperior|Leaf Storm|p1a: \u94c1\u58c1\u5657\u53fd1\n|-damage|p1a: \u94c1\u58c1\u5657\u53fd1|0 fnt\n|-boost|p2a: Serperior|spa|2\n|faint|p1a: \u94c1\u58c1\u5657\u53fd1\n|\n|-heal|p2a: Serperior|51\/100|[from] item: Leftovers\n|upkeep\n|\n|t:|1700063185\n|switch|p1a: \u8d85\u7ea7\u8f93\u51fa\u624b|Glimmora, M, tera:Grass|63\/100 tox\n|turn|32\n|\n|t:|1700063190\n|switch|p2a: Zamazenta|Zamazenta|100\/100\n|-ability|p2a: Zamazenta|Dauntless Shield|boost\n|-boost|p2a: Zamazenta|def|1\n|move|p1a: \u8d85\u7ea7\u8f93\u51fa\u624b|Sludge Wave|p2a: Zamazenta\n|-damage|p2a: Zamazenta|62\/100\n|\n|-heal|p2a: Zamazenta|68\/100|[from] item: Leftovers\n|-damage|p1a: \u8d85\u7ea7\u8f93\u51fa\u624b|57\/100 tox|[from] psn\n|upkeep\n|turn|33\n|\n|t:|1700063195\n|switch|p2a: Toxapex|Toxapex, M|100\/100\n|move|p1a: \u8d85\u7ea7\u8f93\u51fa\u624b|Sludge Wave|p2a: Toxapex\n|-resisted|p2a: Toxapex\n|-damage|p2a: Toxapex|80\/100\n|\n|-damage|p1a: \u8d85\u7ea7\u8f93\u51fa\u624b|45\/100 tox|[from] psn\n|upkeep\n|turn|34\n|-message|wopowopo forfeited.\n|\n|win|XxLuckx\n|raw|wopowopo's rating: 1562 &rarr; <strong>1543<\/strong><br \/>(-19 for losing)\n|raw|XxLuckx's rating: 1571 &rarr; <strong>1590<\/strong><br \/>(+19 for winning)\n|l|\u2606wopowopo\n","uploadtime":1700063208,"views":6,"p1id":"wopowopo","p2id":"xxluckx","formatid":"gen9nationaldex","rating":1543,"private":0,"password":""}