{"id":"gen9nationaldex-1989298118","p1":"schoolteen","p2":"DraconyxRising","format":"[Gen 9] National Dex","log":"|j|\u2606schoolteen\n|j|\u2606DraconyxRising\n|t:|1699833390\n|gametype|singles\n|player|p1|schoolteen|clerk|1090\n|player|p2|DraconyxRising|guitarist|1098\n|teamsize|p1|6\n|teamsize|p2|6\n|gen|9\n|tier|[Gen 9] National Dex\n|rated|\n|rule|HP Percentage Mod: HP is shown in percentages\n|rule|Endless Battle Clause: Forcing endless battles is banned\n|rule|OHKO Clause: OHKO moves are banned\n|rule|Evasion Clause: Evasion abilities, items, and moves are banned\n|rule|Evasion Abilities Clause: Evasion abilities are banned\n|rule|Evasion Items Clause: Evasion items are banned\n|rule|Evasion Moves Clause: Evasion moves are banned\n|rule|Species Clause: Limit one of each Pok\u00e9mon\n|rule|Sleep Clause Mod: Limit one foe put to sleep\n|clearpoke\n|poke|p1|Marowak-Alola, F|\n|poke|p1|Keldeo-Resolute|\n|poke|p1|Latias, F|\n|poke|p1|Celesteela|\n|poke|p1|Iron Leaves|\n|poke|p1|Barraskewda, M|\n|poke|p2|Banette, F|\n|poke|p2|Tyranitar, M|\n|poke|p2|Hoopa-Unbound|\n|poke|p2|Crobat, M|\n|poke|p2|Dragalge, M|\n|poke|p2|Weavile, F|\n|teampreview\n|inactive|Battle timer is ON: inactive players will automatically lose when time's up. (requested by DraconyxRising)\n|\n|t:|1699833402\n|start\n|switch|p1a: Barraskewda|Barraskewda, M|100\/100\n|switch|p2a: Dragalge|Dragalge, M|100\/100\n|turn|1\n|\n|t:|1699833409\n|move|p1a: Barraskewda|Psychic Fangs|p2a: Dragalge\n|-supereffective|p2a: Dragalge\n|-damage|p2a: Dragalge|11\/100\n|move|p2a: Dragalge|Toxic Spikes|p1a: Barraskewda\n|-sidestart|p1: schoolteen|move: Toxic Spikes\n|\n|-heal|p2a: Dragalge|17\/100|[from] item: Black Sludge\n|upkeep\n|turn|2\n|\n|t:|1699833418\n|move|p1a: Barraskewda|Psychic Fangs|p2a: Dragalge\n|-supereffective|p2a: Dragalge\n|-damage|p2a: Dragalge|0 fnt\n|faint|p2a: Dragalge\n|\n|upkeep\n|\n|t:|1699833443\n|switch|p2a: Dollface|Banette, F|100\/100\n|-item|p1a: Barraskewda|Choice Band|[from] ability: Frisk|[of] p2a: Dollface|[identify]\n|turn|3\n|\n|t:|1699833452\n|switch|p1a: Celesteela|Celesteela|100\/100\n|detailschange|p2a: Dollface|Banette-Mega, F\n|-mega|p2a: Dollface|Banette|Banettite\n|move|p2a: Dollface|Sucker Punch||[still]\n|-fail|p2a: Dollface\n|\n|upkeep\n|turn|4\n|\n|t:|1699833458\n|move|p2a: Dollface|Substitute|p2a: Dollface\n|-start|p2a: Dollface|Substitute\n|-damage|p2a: Dollface|76\/100\n|move|p1a: Celesteela|Flame Charge|p2a: Dollface\n|-activate|p2a: Dollface|move: Substitute|[damage]\n|-boost|p1a: Celesteela|spe|1\n|\n|upkeep\n|turn|5\n|\n|t:|1699833466\n|move|p2a: Dollface|Swords Dance|p2a: Dollface\n|-boost|p2a: Dollface|atk|2\n|move|p1a: Celesteela|Flame Charge|p2a: Dollface\n|-end|p2a: Dollface|Substitute\n|-boost|p1a: Celesteela|spe|1\n|\n|upkeep\n|turn|6\n|\n|t:|1699833476\n|move|p2a: Dollface|Substitute|p2a: Dollface\n|-start|p2a: Dollface|Substitute\n|-damage|p2a: Dollface|51\/100\n|move|p1a: Celesteela|Earthquake|p2a: Dollface\n|-end|p2a: Dollface|Substitute\n|\n|upkeep\n|turn|7\n|\n|t:|1699833485\n|move|p2a: Dollface|Sucker Punch|p1a: Celesteela\n|-damage|p1a: Celesteela|42\/100\n|move|p1a: Celesteela|Flame Charge|p2a: Dollface\n|-damage|p2a: Dollface|34\/100\n|-boost|p1a: Celesteela|spe|1\n|\n|upkeep\n|turn|8\n|\n|t:|1699833492\n|move|p2a: Dollface|Sucker Punch|p1a: Celesteela\n|-damage|p1a: Celesteela|0 fnt\n|faint|p1a: Celesteela\n|\n|upkeep\n|\n|t:|1699833499\n|switch|p1a: Keldeo|Keldeo-Resolute|100\/100\n|-status|p1a: Keldeo|psn\n|turn|9\n|\n|t:|1699833505\n|move|p2a: Dollface|Substitute|p2a: Dollface\n|-start|p2a: Dollface|Substitute\n|-damage|p2a: Dollface|9\/100\n|move|p1a: Keldeo|Air Slash|p2a: Dollface\n|-end|p2a: Dollface|Substitute\n|\n|-damage|p1a: Keldeo|88\/100 psn|[from] psn\n|upkeep\n|turn|10\n|\n|t:|1699833513\n|move|p2a: Dollface|Sucker Punch||[still]\n|-fail|p2a: Dollface\n|move|p1a: Keldeo|Calm Mind|p1a: Keldeo\n|-boost|p1a: Keldeo|spa|1\n|-boost|p1a: Keldeo|spd|1\n|\n|-damage|p1a: Keldeo|76\/100 psn|[from] psn\n|upkeep\n|turn|11\n|\n|t:|1699833519\n|move|p2a: Dollface|Sucker Punch|p1a: Keldeo\n|-resisted|p1a: Keldeo\n|-damage|p1a: Keldeo|38\/100 psn\n|-ability|p1a: Keldeo|Justified|boost\n|-boost|p1a: Keldeo|atk|1\n|move|p1a: Keldeo|Air Slash|p2a: Dollface\n|-damage|p2a: Dollface|0 fnt\n|faint|p2a: Dollface\n|\n|-damage|p1a: Keldeo|26\/100 psn|[from] psn\n|upkeep\n|\n|t:|1699833529\n|switch|p2a: Weavile|Weavile, F|100\/100\n|turn|12\n|\n|t:|1699833540\n|move|p2a: Weavile|Psycho Cut|p1a: Keldeo\n|-supereffective|p1a: Keldeo\n|-damage|p1a: Keldeo|0 fnt\n|faint|p1a: Keldeo\n|\n|upkeep\n|\n|t:|1699833554\n|switch|p1a: Marowak|Marowak-Alola, F|100\/100\n|-status|p1a: Marowak|psn\n|turn|13\n|\n|t:|1699833566\n|-terastallize|p2a: Weavile|Dark\n|move|p2a: Weavile|Knock Off|p1a: Marowak\n|-supereffective|p1a: Marowak\n|-damage|p1a: Marowak|0 fnt\n|-enditem|p1a: Marowak|Thick Club|[from] move: Knock Off|[of] p2a: Weavile\n|faint|p1a: Marowak\n|\n|upkeep\n|\n|t:|1699833580\n|switch|p1a: Iron Leaves|Iron Leaves|100\/100\n|-status|p1a: Iron Leaves|psn\n|-enditem|p1a: Iron Leaves|Booster Energy\n|-activate|p1a: Iron Leaves|ability: Quark Drive|[fromitem]\n|-start|p1a: Iron Leaves|quarkdriveatk\n|turn|14\n|\n|t:|1699833596\n|move|p2a: Weavile|Triple Axel|p1a: Iron Leaves\n|-supereffective|p1a: Iron Leaves\n|-damage|p1a: Iron Leaves|74\/100 psn\n|-supereffective|p1a: Iron Leaves\n|-damage|p1a: Iron Leaves|27\/100 psn\n|-supereffective|p1a: Iron Leaves\n|-damage|p1a: Iron Leaves|0 fnt\n|faint|p1a: Iron Leaves\n|-end|p1a: Iron Leaves|Quark Drive|[silent]\n|-hitcount|p1: Iron Leaves|3\n|\n|upkeep\n|\n|t:|1699833602\n|switch|p1a: Barraskewda|Barraskewda, M|100\/100\n|-status|p1a: Barraskewda|psn\n|turn|15\n|\n|t:|1699833618\n|-terastallize|p1a: Barraskewda|Water\n|move|p1a: Barraskewda|Liquidation|p2a: Weavile\n|-enditem|p2a: Weavile|Focus Sash\n|-damage|p2a: Weavile|1\/100\n|-enditem|p1a: Barraskewda|Choice Band|[silent]|[from] ability: Pickpocket|[of] p1a: Barraskewda\n|-item|p2a: Weavile|Choice Band|[from] ability: Pickpocket|[of] p1a: Barraskewda\n|move|p2a: Weavile|Knock Off|p1a: Barraskewda\n|-damage|p1a: Barraskewda|0 fnt\n|faint|p1a: Barraskewda\n|\n|upkeep\n|\n|t:|1699833632\n|switch|p1a: Latias|Latias, F|100\/100\n|turn|16\n|\n|t:|1699833637\n|detailschange|p1a: Latias|Latias-Mega, F\n|-mega|p1a: Latias|Latias|Latiasite\n|move|p2a: Weavile|Knock Off|p1a: Latias\n|-supereffective|p1a: Latias\n|-damage|p1a: Latias|0 fnt\n|faint|p1a: Latias\n|\n|win|DraconyxRising\n|raw|schoolteen's rating: 1090 &rarr; <strong>1067<\/strong><br \/>(-23 for losing)\n|raw|DraconyxRising's rating: 1098 &rarr; <strong>1123<\/strong><br \/>(+25 for winning)\n|l|\u2606schoolteen\n","uploadtime":1699833645,"views":52,"p1id":"schoolteen","p2id":"draconyxrising","formatid":"gen9nationaldex","rating":1067,"private":0,"password":""}