{"id":"gen9nationaldex-1996454522","p1":"Mantis God is Op","p2":"wizman243","format":"[Gen 9] National Dex","log":"|html|<div class=\"broadcast-blue\"><strong>[Gen 9] National Dex is currently suspecting Sneasler! For information on how to participate check out the <a href=\"https:\/\/www.smogon.com\/forums\/threads\/sv-national-dex-suspect-8-just-dance.3731534\/\">suspect thread<\/a>.<\/strong><\/div>\n|j|\u2606Mantis God is Op\n|j|\u2606wizman243\n|t:|1700683590\n|gametype|singles\n|player|p1|Mantis God is Op|dagero|1235\n|player|p2|wizman243|2|1382\n|teamsize|p1|6\n|teamsize|p2|6\n|gen|9\n|tier|[Gen 9] National Dex\n|rated|\n|rule|HP Percentage Mod: HP is shown in percentages\n|rule|Endless Battle Clause: Forcing endless battles is banned\n|rule|OHKO Clause: OHKO moves are banned\n|rule|Evasion Clause: Evasion abilities, items, and moves are banned\n|rule|Evasion Abilities Clause: Evasion abilities are banned\n|rule|Evasion Items Clause: Evasion items are banned\n|rule|Evasion Moves Clause: Evasion moves are banned\n|rule|Species Clause: Limit one of each Pok\u00e9mon\n|rule|Sleep Clause Mod: Limit one foe put to sleep\n|clearpoke\n|poke|p1|Chandelure, M|\n|poke|p1|Diancie|\n|poke|p1|Gliscor, F|\n|poke|p1|Magnezone|\n|poke|p1|Kommo-o, M|\n|poke|p1|Ogerpon-Wellspring, F|\n|poke|p2|Torkoal, F|\n|poke|p2|Scovillain, M|\n|poke|p2|Slither Wing|\n|poke|p2|Dondozo, M|\n|poke|p2|Heliolisk, M|\n|poke|p2|Scream Tail|\n|teampreview\n|inactive|Battle timer is ON: inactive players will automatically lose when time's up. (requested by wizman243)\n|c|\u2606Mantis God is Op|gl hf\n|inactive|wizman243 has 120 seconds left.\n|\n|t:|1700683636\n|start\n|switch|p1a: Gliscor|Gliscor, F|100\/100\n|switch|p2a: Torkoal|Torkoal, F|100\/100\n|-weather|SunnyDay|[from] ability: Drought|[of] p2a: Torkoal\n|turn|1\n|\n|t:|1700683643\n|move|p1a: Gliscor|Toxic|p2a: Torkoal\n|-status|p2a: Torkoal|tox\n|move|p2a: Torkoal|Flamethrower|p1a: Gliscor\n|-crit|p1a: Gliscor\n|-damage|p1a: Gliscor|1\/100\n|\n|-weather|SunnyDay|[upkeep]\n|-damage|p2a: Torkoal|94\/100 tox|[from] psn\n|-status|p1a: Gliscor|tox|[from] item: Toxic Orb\n|upkeep\n|turn|2\n|\n|t:|1700683656\n|move|p1a: Gliscor|Protect|p1a: Gliscor\n|-singleturn|p1a: Gliscor|Protect\n|move|p2a: Torkoal|Rapid Spin|p1a: Gliscor\n|-activate|p1a: Gliscor|move: Protect\n|\n|-weather|SunnyDay|[upkeep]\n|-heal|p1a: Gliscor|14\/100 tox|[from] ability: Poison Heal\n|-damage|p2a: Torkoal|82\/100 tox|[from] psn\n|upkeep\n|turn|3\n|\n|t:|1700683663\n|switch|p1a: Chandelure|Chandelure, M|100\/100\n|move|p2a: Torkoal|Flamethrower|p1a: Chandelure\n|-start|p1a: Chandelure|ability: Flash Fire\n|\n|-weather|SunnyDay|[upkeep]\n|-damage|p2a: Torkoal|64\/100 tox|[from] psn\n|upkeep\n|turn|4\n|\n|t:|1700683668\n|move|p1a: Chandelure|Fire Blast|p2a: Torkoal\n|-resisted|p2a: Torkoal\n|-damage|p2a: Torkoal|0 fnt\n|faint|p2a: Torkoal\n|\n|-weather|SunnyDay|[upkeep]\n|upkeep\n|\n|t:|1700683681\n|switch|p2a: Scovillain|Scovillain, M|100\/100\n|turn|5\n|\n|t:|1700683687\n|-terastallize|p2a: Scovillain|Rock\n|move|p2a: Scovillain|Growth|p2a: Scovillain\n|-boost|p2a: Scovillain|atk|2\n|-boost|p2a: Scovillain|spa|2\n|move|p1a: Chandelure|Fire Blast|p2a: Scovillain\n|-resisted|p2a: Scovillain\n|-enditem|p2a: Scovillain|Focus Sash\n|-damage|p2a: Scovillain|1\/100\n|\n|-weather|SunnyDay|[upkeep]\n|upkeep\n|turn|6\n|\n|t:|1700683698\n|-end|p1a: Chandelure|ability: Flash Fire|[silent]\n|switch|p1a: Gliscor|Gliscor, F|14\/100 tox\n|move|p2a: Scovillain|Tera Blast|p1a: Gliscor|[anim] Tera Blast Rock\n|-damage|p1a: Gliscor|0 fnt\n|faint|p1a: Gliscor\n|\n|-weather|SunnyDay|[upkeep]\n|upkeep\n|\n|t:|1700683703\n|switch|p1a: Kommo-o|Kommo-o, M|100\/100\n|turn|7\n|\n|t:|1700683709\n|move|p2a: Scovillain|Flamethrower|p1a: Kommo-o\n|-resisted|p1a: Kommo-o\n|-damage|p1a: Kommo-o|21\/100\n|-zpower|p1a: Kommo-o\n|move|p1a: Kommo-o|Clangorous Soulblaze|p2a: Scovillain|[zeffect]\n|-damage|p2a: Scovillain|0 fnt\n|faint|p2a: Scovillain\n|-boost|p1a: Kommo-o|atk|1\n|-boost|p1a: Kommo-o|def|1\n|-boost|p1a: Kommo-o|spa|1\n|-boost|p1a: Kommo-o|spd|1\n|-boost|p1a: Kommo-o|spe|1\n|\n|-weather|SunnyDay|[upkeep]\n|upkeep\n|\n|t:|1700683720\n|switch|p2a: Slither Wing|Slither Wing|100\/100\n|-activate|p2a: Slither Wing|ability: Protosynthesis\n|-start|p2a: Slither Wing|protosynthesisatk\n|turn|8\n|\n|t:|1700683725\n|move|p2a: Slither Wing|First Impression|p1a: Kommo-o\n|-resisted|p1a: Kommo-o\n|-crit|p1a: Kommo-o\n|-damage|p1a: Kommo-o|0 fnt\n|faint|p1a: Kommo-o\n|\n|-weather|none\n|-end|p2a: Slither Wing|Protosynthesis\n|upkeep\n|\n|t:|1700683730\n|switch|p1a: Chandelure|Chandelure, M|100\/100\n|turn|9\n|\n|t:|1700683734\n|-end|p2a: Slither Wing|Protosynthesis|[silent]\n|switch|p2a: Dondozo|Dondozo, M|100\/100\n|move|p1a: Chandelure|Fire Blast|p2a: Dondozo|[miss]\n|-miss|p1a: Chandelure|p2a: Dondozo\n|\n|upkeep\n|turn|10\n|\n|t:|1700683740\n|switch|p1a: Ogerpon|Ogerpon-Wellspring, F|100\/100\n|move|p2a: Dondozo|Curse|p2a: Dondozo\n|-unboost|p2a: Dondozo|spe|1\n|-boost|p2a: Dondozo|atk|1\n|-boost|p2a: Dondozo|def|1\n|\n|upkeep\n|turn|11\n|\n|t:|1700683748\n|move|p1a: Ogerpon|Knock Off|p2a: Dondozo\n|-damage|p2a: Dondozo|86\/100\n|-enditem|p2a: Dondozo|Leftovers|[from] move: Knock Off|[of] p1a: Ogerpon\n|move|p2a: Dondozo|Curse|p2a: Dondozo\n|-unboost|p2a: Dondozo|spe|1\n|-boost|p2a: Dondozo|atk|1\n|-boost|p2a: Dondozo|def|1\n|\n|upkeep\n|turn|12\n|\n|t:|1700683754\n|move|p1a: Ogerpon|U-turn|p2a: Dondozo\n|-damage|p2a: Dondozo|77\/100\n|\n|t:|1700683756\n|switch|p1a: Magnezone|Magnezone|100\/100|[from] U-turn\n|move|p2a: Dondozo|Body Press|p1a: Magnezone\n|-supereffective|p1a: Magnezone\n|-enditem|p1a: Magnezone|Chople Berry|[eat]\n|-enditem|p1a: Magnezone|Chople Berry|[weaken]\n|-damage|p1a: Magnezone|62\/100\n|\n|upkeep\n|turn|13\n|\n|t:|1700683766\n|move|p1a: Magnezone|Thunderbolt|p2a: Dondozo\n|-supereffective|p2a: Dondozo\n|-damage|p2a: Dondozo|15\/100\n|move|p2a: Dondozo|Body Press|p1a: Magnezone\n|-supereffective|p1a: Magnezone\n|-damage|p1a: Magnezone|0 fnt\n|faint|p1a: Magnezone\n|\n|upkeep\n|\n|t:|1700683773\n|switch|p1a: Chandelure|Chandelure, M|100\/100\n|turn|14\n|\n|t:|1700683779\n|move|p1a: Chandelure|Shadow Ball|p2a: Dondozo\n|-damage|p2a: Dondozo|0 fnt\n|faint|p2a: Dondozo\n|\n|upkeep\n|\n|t:|1700683790\n|switch|p2a: Scream Tail|Scream Tail|100\/100\n|turn|15\n|\n|t:|1700683792\n|move|p1a: Chandelure|Shadow Ball|p2a: Scream Tail\n|-supereffective|p2a: Scream Tail\n|-damage|p2a: Scream Tail|41\/100\n|move|p2a: Scream Tail|Thunder Wave|p1a: Chandelure\n|-status|p1a: Chandelure|par\n|\n|-heal|p2a: Scream Tail|47\/100|[from] item: Leftovers\n|upkeep\n|turn|16\n|\n|t:|1700683799\n|switch|p1a: Diancie|Diancie|100\/100\n|move|p2a: Scream Tail|Protect||[still]\n|-fail|p2a: Scream Tail\n|\n|-heal|p2a: Scream Tail|53\/100|[from] item: Leftovers\n|upkeep\n|turn|17\n|\n|t:|1700683803\n|detailschange|p1a: Diancie|Diancie-Mega\n|-mega|p1a: Diancie|Diancie|Diancite\n|move|p2a: Scream Tail|Thunder Wave|p1a: Diancie\n|move|p1a: Diancie|Thunder Wave|p2a: Scream Tail|[from]ability: Magic Bounce\n|-status|p2a: Scream Tail|par\n|move|p1a: Diancie|Diamond Storm|p2a: Scream Tail\n|-damage|p2a: Scream Tail|15\/100 par\n|\n|-heal|p2a: Scream Tail|22\/100 par|[from] item: Leftovers\n|upkeep\n|turn|18\n|\n|t:|1700683810\n|move|p1a: Diancie|Diamond Storm|p2a: Scream Tail\n|-damage|p2a: Scream Tail|0 fnt\n|faint|p2a: Scream Tail\n|-end|p2a: Scream Tail|Protosynthesis|[silent]\n|\n|upkeep\n|\n|t:|1700683812\n|switch|p2a: Slither Wing|Slither Wing|100\/100\n|turn|19\n|\n|t:|1700683816\n|move|p1a: Diancie|Moonblast|p2a: Slither Wing\n|-supereffective|p2a: Slither Wing\n|-damage|p2a: Slither Wing|0 fnt\n|faint|p2a: Slither Wing\n|-end|p2a: Slither Wing|Protosynthesis|[silent]\n|\n|upkeep\n|\n|t:|1700683818\n|switch|p2a: Heliolisk|Heliolisk, M|100\/100\n|turn|20\n|\n|t:|1700683821\n|move|p1a: Diancie|Mystical Fire|p2a: Heliolisk\n|-damage|p2a: Heliolisk|56\/100\n|-unboost|p2a: Heliolisk|spa|1\n|move|p2a: Heliolisk|Thunderbolt|p1a: Diancie\n|-damage|p1a: Diancie|50\/100\n|-damage|p2a: Heliolisk|46\/100|[from] item: Life Orb\n|\n|upkeep\n|turn|21\n|\n|t:|1700683825\n|move|p1a: Diancie|Earth Power|p2a: Heliolisk\n|-supereffective|p2a: Heliolisk\n|-damage|p2a: Heliolisk|0 fnt\n|faint|p2a: Heliolisk\n|\n|win|Mantis God is Op\n|raw|Mantis God is Op's rating: 1235 &rarr; <strong>1270<\/strong><br \/>(+35 for winning)\n|raw|wizman243's rating: 1382 &rarr; <strong>1354<\/strong><br \/>(-28 for losing)\n|c|\u2606Mantis God is Op|gg wp\n|l|\u2606wizman243\n","uploadtime":1700683834,"views":0,"p1id":"mantisgodisop","p2id":"wizman243","formatid":"gen9nationaldex","rating":1270,"private":0,"password":""}