{"id":"gen9nationaldex-1999875531","p1":"PearlHarbor1996","p2":"ivosicsu123456789","format":"[Gen 9] National Dex","log":"|html|<div class=\"broadcast-blue\"><strong>[Gen 9] National Dex is currently suspecting Sneasler! For information on how to participate check out the <a href=\"https:\/\/www.smogon.com\/forums\/threads\/sv-national-dex-suspect-8-just-dance.3731534\/\">suspect thread<\/a>.<\/strong><\/div>\n|j|\u2606PearlHarbor1996\n|j|\u2606ivosicsu123456789\n|t:|1701125240\n|gametype|singles\n|player|p1|PearlHarbor1996|rocketgrunt|1340\n|player|p2|ivosicsu123456789|ethan|1274\n|teamsize|p1|6\n|teamsize|p2|6\n|gen|9\n|tier|[Gen 9] National Dex\n|rated|\n|rule|HP Percentage Mod: HP is shown in percentages\n|rule|Endless Battle Clause: Forcing endless battles is banned\n|rule|OHKO Clause: OHKO moves are banned\n|rule|Evasion Clause: Evasion abilities, items, and moves are banned\n|rule|Evasion Abilities Clause: Evasion abilities are banned\n|rule|Evasion Items Clause: Evasion items are banned\n|rule|Evasion Moves Clause: Evasion moves are banned\n|rule|Species Clause: Limit one of each Pok\u00e9mon\n|rule|Sleep Clause Mod: Limit one foe put to sleep\n|clearpoke\n|poke|p1|Heatran, M|\n|poke|p1|Hydreigon, F|\n|poke|p1|Gardevoir, F|\n|poke|p1|Roserade, F|\n|poke|p1|Tapu Fini|\n|poke|p1|Gliscor, F|\n|poke|p2|Pikachu, M|\n|poke|p2|Venusaur, M|\n|poke|p2|Blastoise, M|\n|poke|p2|Charizard, M|\n|poke|p2|Espeon, F|\n|poke|p2|Snorlax, M|\n|teampreview\n|inactive|Battle timer is ON: inactive players will automatically lose when time's up. (requested by PearlHarbor1996)\n|c|\u2606PearlHarbor1996|... ...\n|\n|t:|1701125261\n|start\n|switch|p1a: Heatran|Heatran, M|100\/100\n|switch|p2a: Carlos|Blastoise, M, shiny|100\/100\n|turn|1\n|\n|t:|1701125268\n|switch|p1a: Guns'n'Roses|Roserade, F, shiny|100\/100\n|move|p2a: Carlos|Fake Out|p1a: Guns'n'Roses\n|-damage|p1a: Guns'n'Roses|88\/100\n|\n|-heal|p1a: Guns'n'Roses|94\/100|[from] item: Leftovers\n|upkeep\n|turn|2\n|\n|t:|1701125281\n|switch|p2a: Alejandro|Snorlax, M|100\/100\n|move|p1a: Guns'n'Roses|Sludge Bomb|p2a: Alejandro\n|-damage|p2a: Alejandro|79\/100\n|-status|p2a: Alejandro|psn\n|\n|-heal|p1a: Guns'n'Roses|99\/100|[from] item: Leftovers\n|-damage|p2a: Alejandro|67\/100 psn|[from] psn\n|upkeep\n|turn|3\n|\n|t:|1701125291\n|move|p1a: Guns'n'Roses|Leech Seed|p2a: Alejandro\n|-start|p2a: Alejandro|move: Leech Seed\n|move|p2a: Alejandro|Return|p1a: Guns'n'Roses\n|-damage|p1a: Guns'n'Roses|0 fnt\n|faint|p1a: Guns'n'Roses\n|\n|-damage|p2a: Alejandro|54\/100 psn|[from] psn\n|upkeep\n|\n|t:|1701125307\n|switch|p1a: Vile|Gliscor, F|100\/100\n|turn|4\n|\n|t:|1701125311\n|switch|p2a: Carlos|Blastoise, M, shiny|100\/100\n|move|p1a: Vile|Substitute|p1a: Vile\n|-start|p1a: Vile|Substitute\n|-damage|p1a: Vile|76\/100\n|\n|-status|p1a: Vile|tox|[from] item: Toxic Orb\n|upkeep\n|turn|5\n|\n|t:|1701125319\n|move|p1a: Vile|Toxic|p2a: Carlos\n|-status|p2a: Carlos|tox\n|move|p2a: Carlos|Ice Beam|p1a: Vile\n|-supereffective|p1a: Vile\n|-end|p1a: Vile|Substitute\n|\n|-heal|p1a: Vile|88\/100 tox|[from] ability: Poison Heal\n|-damage|p2a: Carlos|94\/100 tox|[from] psn\n|upkeep\n|turn|6\n|\n|t:|1701125328\n|move|p1a: Vile|Substitute|p1a: Vile\n|-start|p1a: Vile|Substitute\n|-damage|p1a: Vile|63\/100 tox\n|move|p2a: Carlos|Ice Beam|p1a: Vile\n|-supereffective|p1a: Vile\n|-end|p1a: Vile|Substitute\n|\n|-heal|p2a: Carlos|100\/100 tox|[from] item: Leftovers\n|-heal|p1a: Vile|76\/100 tox|[from] ability: Poison Heal\n|-damage|p2a: Carlos|88\/100 tox|[from] psn\n|upkeep\n|turn|7\n|\n|t:|1701125339\n|move|p1a: Vile|Substitute|p1a: Vile\n|-start|p1a: Vile|Substitute\n|-damage|p1a: Vile|51\/100 tox\n|move|p2a: Carlos|Flip Turn|p1a: Vile\n|-supereffective|p1a: Vile\n|-activate|p1a: Vile|move: Substitute|[damage]\n|\n|t:|1701125345\n|switch|p2a: Ant\u00f4nio|Charizard, M|100\/100|[from] Flip Turn\n|\n|-heal|p1a: Vile|63\/100 tox|[from] ability: Poison Heal\n|upkeep\n|turn|8\n|\n|t:|1701125351\n|detailschange|p2a: Ant\u00f4nio|Charizard-Mega-Y, M\n|-mega|p2a: Ant\u00f4nio|Charizard|Charizardite Y\n|-weather|SunnyDay|[from] ability: Drought|[of] p2a: Ant\u00f4nio\n|move|p2a: Ant\u00f4nio|Air Slash|p1a: Vile\n|-end|p1a: Vile|Substitute\n|move|p1a: Vile|Toxic|p2a: Ant\u00f4nio\n|-status|p2a: Ant\u00f4nio|tox\n|\n|-weather|SunnyDay|[upkeep]\n|-damage|p2a: Ant\u00f4nio|94\/100 tox|[from] psn\n|-heal|p1a: Vile|76\/100 tox|[from] ability: Poison Heal\n|upkeep\n|turn|9\n|\n|t:|1701125362\n|switch|p1a: Heatran|Heatran, M|100\/100\n|move|p2a: Ant\u00f4nio|Air Slash|p1a: Heatran|[miss]\n|-miss|p2a: Ant\u00f4nio|p1a: Heatran\n|\n|-weather|SunnyDay|[upkeep]\n|-damage|p2a: Ant\u00f4nio|82\/100 tox|[from] psn\n|upkeep\n|turn|10\n|\n|t:|1701125372\n|switch|p2a: Carlos|Blastoise, M, shiny|88\/100 tox\n|move|p1a: Heatran|Flamethrower|p2a: Carlos\n|-resisted|p2a: Carlos\n|-damage|p2a: Carlos|63\/100 tox\n|\n|-weather|SunnyDay|[upkeep]\n|-heal|p2a: Carlos|69\/100 tox|[from] item: Leftovers\n|-damage|p2a: Carlos|63\/100 tox|[from] psn\n|upkeep\n|turn|11\n|\n|t:|1701125380\n|move|p1a: Heatran|Stealth Rock|p2a: Carlos\n|-sidestart|p2: ivosicsu123456789|move: Stealth Rock\n|move|p2a: Carlos|Flip Turn|p1a: Heatran\n|-supereffective|p1a: Heatran\n|-damage|p1a: Heatran|87\/100\n|\n|t:|1701125385\n|switch|p2a: Roberto|Venusaur, M|100\/100|[from] Flip Turn\n|-damage|p2a: Roberto|88\/100|[from] Stealth Rock\n|\n|-weather|SunnyDay|[upkeep]\n|-heal|p1a: Heatran|93\/100|[from] item: Leftovers\n|upkeep\n|turn|12\n|\n|t:|1701125393\n|switch|p1a: Vile|Gliscor, F|76\/100 tox\n|move|p2a: Roberto|Earth Power|p1a: Vile\n|-immune|p1a: Vile\n|\n|-weather|none\n|-heal|p1a: Vile|88\/100 tox|[from] ability: Poison Heal\n|upkeep\n|turn|13\n|\n|t:|1701125401\n|switch|p2a: Carlos|Blastoise, M, shiny|63\/100 tox\n|-damage|p2a: Carlos|51\/100 tox|[from] Stealth Rock\n|move|p1a: Vile|Substitute|p1a: Vile\n|-start|p1a: Vile|Substitute\n|-damage|p1a: Vile|63\/100 tox\n|\n|-heal|p2a: Carlos|57\/100 tox|[from] item: Leftovers\n|-heal|p1a: Vile|76\/100 tox|[from] ability: Poison Heal\n|-damage|p2a: Carlos|51\/100 tox|[from] psn\n|upkeep\n|turn|14\n|\n|t:|1701125411\n|move|p1a: Vile|Earthquake|p2a: Carlos\n|-damage|p2a: Carlos|24\/100 tox\n|move|p2a: Carlos|Rapid Spin|p1a: Vile\n|-activate|p1a: Vile|move: Substitute|[damage]\n|-sideend|p2: ivosicsu123456789|Stealth Rock|[from] move: Rapid Spin|[of] p2a: Carlos\n|-boost|p2a: Carlos|spe|1\n|\n|-heal|p2a: Carlos|30\/100 tox|[from] item: Leftovers\n|-damage|p2a: Carlos|18\/100 tox|[from] psn\n|-heal|p1a: Vile|88\/100 tox|[from] ability: Poison Heal\n|upkeep\n|turn|15\n|\n|t:|1701125422\n|switch|p2a: Ant\u00f4nio|Charizard-Mega-Y, M|82\/100 tox\n|-weather|SunnyDay|[from] ability: Drought|[of] p2a: Ant\u00f4nio\n|move|p1a: Vile|Earthquake|p2a: Ant\u00f4nio\n|-immune|p2a: Ant\u00f4nio\n|\n|-weather|SunnyDay|[upkeep]\n|-damage|p2a: Ant\u00f4nio|76\/100 tox|[from] psn\n|-heal|p1a: Vile|100\/100 tox|[from] ability: Poison Heal\n|upkeep\n|turn|16\n|\n|t:|1701125433\n|move|p2a: Ant\u00f4nio|Air Slash|p1a: Vile\n|-end|p1a: Vile|Substitute\n|move|p1a: Vile|Substitute|p1a: Vile\n|-start|p1a: Vile|Substitute\n|-damage|p1a: Vile|76\/100 tox\n|\n|-weather|SunnyDay|[upkeep]\n|-damage|p2a: Ant\u00f4nio|64\/100 tox|[from] psn\n|-heal|p1a: Vile|88\/100 tox|[from] ability: Poison Heal\n|upkeep\n|turn|17\n|l|\u2606PearlHarbor1996\n|inactive|PearlHarbor1996 disconnected and has a minute to reconnect!\n|player|p1|\n|j|\u2606PearlHarbor1996\n|inactive|PearlHarbor1996 reconnected and has 115 seconds left.\n|player|p1|PearlHarbor1996|rocketgrunt\n|\n|t:|1701125496\n|switch|p2a: Roberto|Venusaur, M|88\/100\n|move|p1a: Vile|Substitute|p1a: Vile\n|-fail|p1a: Vile|move: Substitute\n|\n|-weather|SunnyDay|[upkeep]\n|-heal|p1a: Vile|100\/100 tox|[from] ability: Poison Heal\n|upkeep\n|turn|18\n|\n|t:|1701125510\n|move|p2a: Roberto|Weather Ball|p1a: Vile\n|-end|p1a: Vile|Substitute\n|move|p1a: Vile|Earthquake|p2a: Roberto\n|-crit|p2a: Roberto\n|-damage|p2a: Roberto|28\/100\n|\n|-weather|SunnyDay|[upkeep]\n|upkeep\n|turn|19\n|\n|t:|1701125519\n|switch|p1a: Heatran|Heatran, M|93\/100\n|-zpower|p2a: Roberto\n|move|p2a: Roberto|Bloom Doom|p1a: Heatran|[zeffect]\n|-resisted|p1a: Heatran\n|-crit|p1a: Heatran\n|-damage|p1a: Heatran|72\/100\n|\n|-weather|none\n|-heal|p1a: Heatran|78\/100|[from] item: Leftovers\n|upkeep\n|turn|20\n|\n|t:|1701125534\n|move|p2a: Roberto|Earth Power|p1a: Heatran\n|-supereffective|p1a: Heatran\n|-damage|p1a: Heatran|11\/100\n|move|p1a: Heatran|Flamethrower|p2a: Roberto\n|-supereffective|p2a: Roberto\n|-damage|p2a: Roberto|0 fnt\n|faint|p2a: Roberto\n|\n|-heal|p1a: Heatran|17\/100|[from] item: Leftovers\n|upkeep\n|\n|t:|1701125546\n|switch|p2a: Pika|Pikachu, M|100\/100\n|turn|21\n|\n|t:|1701125551\n|switch|p1a: Vile|Gliscor, F|100\/100 tox\n|move|p2a: Pika|Knock Off|p1a: Vile\n|-damage|p1a: Vile|74\/100 tox\n|-enditem|p1a: Vile|Toxic Orb|[from] move: Knock Off|[of] p2a: Pika\n|\n|-heal|p1a: Vile|87\/100 tox|[from] ability: Poison Heal\n|upkeep\n|turn|22\n|\n|t:|1701125559\n|-terastallize|p2a: Pika|Flying\n|move|p2a: Pika|Hidden Power|p1a: Vile\n|-supereffective|p1a: Vile\n|-damage|p1a: Vile|13\/100 tox\n|move|p1a: Vile|Substitute|p1a: Vile\n|-fail|p1a: Vile|move: Substitute|[weak]\n|\n|-heal|p1a: Vile|26\/100 tox|[from] ability: Poison Heal\n|upkeep\n|turn|23\n|\n|t:|1701125570\n|switch|p1a: Tapu Fini|Tapu Fini|100\/100\n|-fieldstart|move: Misty Terrain|[from] ability: Misty Surge|[of] p1a: Tapu Fini\n|move|p2a: Pika|Hidden Power|p1a: Tapu Fini\n|-resisted|p1a: Tapu Fini\n|-damage|p1a: Tapu Fini|95\/100\n|\n|-heal|p1a: Tapu Fini|100\/100|[from] item: Leftovers\n|upkeep\n|turn|24\n|\n|t:|1701125585\n|move|p2a: Pika|Volt Tackle|p1a: Tapu Fini\n|-supereffective|p1a: Tapu Fini\n|-damage|p1a: Tapu Fini|2\/100\n|-damage|p2a: Pika|48\/100|[from] Recoil\n|move|p1a: Tapu Fini|Scald|p2a: Pika\n|-damage|p2a: Pika|0 fnt\n|faint|p2a: Pika\n|\n|-heal|p1a: Tapu Fini|8\/100|[from] item: Leftovers\n|upkeep\n|\n|t:|1701125592\n|switch|p2a: Shiva|Espeon, F|100\/100\n|turn|25\n|\n|t:|1701125598\n|switch|p1a: Heatran|Heatran, M|17\/100\n|move|p2a: Shiva|Dazzling Gleam|p1a: Heatran\n|-resisted|p1a: Heatran\n|-damage|p1a: Heatran|12\/100\n|\n|-heal|p1a: Heatran|18\/100|[from] item: Leftovers\n|upkeep\n|turn|26\n|\n|t:|1701125608\n|switch|p2a: Ant\u00f4nio|Charizard-Mega-Y, M|64\/100 tox\n|-weather|SunnyDay|[from] ability: Drought|[of] p2a: Ant\u00f4nio\n|move|p1a: Heatran|Flamethrower|p2a: Ant\u00f4nio\n|-resisted|p2a: Ant\u00f4nio\n|-damage|p2a: Ant\u00f4nio|37\/100 tox\n|\n|-weather|SunnyDay|[upkeep]\n|-heal|p1a: Heatran|25\/100|[from] item: Leftovers\n|-damage|p2a: Ant\u00f4nio|30\/100 tox|[from] psn\n|upkeep\n|turn|27\n|\n|t:|1701125619\n|switch|p1a: Tapu Fini|Tapu Fini|8\/100\n|move|p2a: Ant\u00f4nio|Air Slash|p1a: Tapu Fini\n|-damage|p1a: Tapu Fini|0 fnt\n|faint|p1a: Tapu Fini\n|\n|-weather|SunnyDay|[upkeep]\n|-damage|p2a: Ant\u00f4nio|18\/100 tox|[from] psn\n|-fieldend|Misty Terrain\n|upkeep\n|\n|t:|1701125627\n|switch|p1a: Heatran|Heatran, M|25\/100\n|turn|28\n|\n|t:|1701125630\n|move|p2a: Ant\u00f4nio|Air Slash|p1a: Heatran\n|-resisted|p1a: Heatran\n|-damage|p1a: Heatran|10\/100\n|move|p1a: Heatran|Stealth Rock|p2a: Ant\u00f4nio\n|-sidestart|p2: ivosicsu123456789|move: Stealth Rock\n|\n|-weather|SunnyDay|[upkeep]\n|-heal|p1a: Heatran|16\/100|[from] item: Leftovers\n|-damage|p2a: Ant\u00f4nio|0 fnt|[from] psn\n|faint|p2a: Ant\u00f4nio\n|upkeep\n|\n|t:|1701125638\n|switch|p2a: Alejandro|Snorlax, M|54\/100 psn\n|-damage|p2a: Alejandro|42\/100 psn|[from] Stealth Rock\n|turn|29\n|\n|t:|1701125659\n|move|p1a: Heatran|Flamethrower|p2a: Alejandro\n|-damage|p2a: Alejandro|23\/100 psn\n|move|p2a: Alejandro|Self-Destruct|p1a: Heatran\n|-resisted|p1a: Heatran\n|-damage|p1a: Heatran|0 fnt\n|faint|p2a: Alejandro\n|faint|p1a: Heatran\n|\n|-weather|SunnyDay|[upkeep]\n|upkeep\n|\n|t:|1701125674\n|switch|p1a: Trigon|Hydreigon, F|100\/100\n|switch|p2a: Shiva|Espeon, F|100\/100\n|-damage|p2a: Shiva|88\/100|[from] Stealth Rock\n|turn|30\n|\n|t:|1701125680\n|move|p1a: Trigon|Dark Pulse|p2a: Shiva\n|-supereffective|p2a: Shiva\n|-damage|p2a: Shiva|0 fnt\n|faint|p2a: Shiva\n|\n|-weather|none\n|upkeep\n|-message|ivosicsu123456789 forfeited.\n|\n|win|PearlHarbor1996\n|raw|PearlHarbor1996's rating: 1340 &rarr; <strong>1356<\/strong><br \/>(+16 for winning)\n|raw|ivosicsu123456789's rating: 1274 &rarr; <strong>1254<\/strong><br \/>(-20 for losing)\n|l|\u2606ivosicsu123456789\n","uploadtime":1701125692,"views":2,"p1id":"pearlharbor1996","p2id":"ivosicsu123456789","formatid":"gen9nationaldex","rating":1254,"private":0,"password":""}