{"id":"gen9nationaldex-1990329972","p1":"ucyuunohoshi","p2":"CapnTophat","format":"[Gen 9] National Dex","log":"|j|\u2606ucyuunohoshi\n|j|\u2606CapnTophat\n|t:|1699957709\n|gametype|singles\n|player|p1|ucyuunohoshi|lillie-z|1548\n|player|p2|CapnTophat|wallace|1643\n|teamsize|p1|6\n|teamsize|p2|6\n|gen|9\n|tier|[Gen 9] National Dex\n|rated|\n|rule|HP Percentage Mod: HP is shown in percentages\n|rule|Endless Battle Clause: Forcing endless battles is banned\n|rule|OHKO Clause: OHKO moves are banned\n|rule|Evasion Clause: Evasion abilities, items, and moves are banned\n|rule|Evasion Abilities Clause: Evasion abilities are banned\n|rule|Evasion Items Clause: Evasion items are banned\n|rule|Evasion Moves Clause: Evasion moves are banned\n|rule|Species Clause: Limit one of each Pok\u00e9mon\n|rule|Sleep Clause Mod: Limit one foe put to sleep\n|clearpoke\n|poke|p1|Dondozo, F|\n|poke|p1|Alomomola, M|\n|poke|p1|Gliscor, F|\n|poke|p1|Ferrothorn, F|\n|poke|p1|Toxapex, F|\n|poke|p1|Clodsire, F|\n|poke|p2|Heracross, M|\n|poke|p2|Sneasler, M|\n|poke|p2|Rillaboom, M|\n|poke|p2|Heatran, M|\n|poke|p2|Gliscor, F|\n|poke|p2|Alomomola, M|\n|teampreview\n|inactive|Battle timer is ON: inactive players will automatically lose when time's up. (requested by CapnTophat)\n|inactive|ucyuunohoshi also wants the timer to be on.\n|\n|t:|1699957734\n|start\n|switch|p1a: Ferrothorn|Ferrothorn, F, shiny|100\/100\n|switch|p2a: Rillaboom|Rillaboom, M|100\/100\n|-fieldstart|move: Grassy Terrain|[from] ability: Grassy Surge|[of] p2a: Rillaboom\n|turn|1\n|\n|t:|1699957747\n|move|p2a: Rillaboom|U-turn|p1a: Ferrothorn\n|-damage|p1a: Ferrothorn|77\/100\n|-damage|p2a: Rillaboom|88\/100|[from] ability: Iron Barbs|[of] p1a: Ferrothorn\n|\n|t:|1699957750\n|switch|p2a: Heatran|Heatran, M|100\/100|[from] U-turn\n|move|p1a: Ferrothorn|Knock Off|p2a: Heatran\n|-damage|p2a: Heatran|81\/100\n|-enditem|p2a: Heatran|Leftovers|[from] move: Knock Off|[of] p1a: Ferrothorn\n|\n|-heal|p2a: Heatran|87\/100|[from] Grassy Terrain\n|-heal|p1a: Ferrothorn|84\/100|[from] Grassy Terrain\n|-heal|p1a: Ferrothorn|90\/100|[from] item: Leftovers\n|upkeep\n|turn|2\n|\n|t:|1699957756\n|switch|p1a: Gliscor|Gliscor, F|100\/100\n|move|p2a: Heatran|Stealth Rock|p1a: Gliscor\n|-sidestart|p1: ucyuunohoshi|move: Stealth Rock\n|\n|-heal|p2a: Heatran|94\/100|[from] Grassy Terrain\n|-status|p1a: Gliscor|tox|[from] item: Toxic Orb\n|upkeep\n|turn|3\n|\n|t:|1699957763\n|switch|p2a: Gliscor|Gliscor, F|100\/100\n|move|p1a: Gliscor|Defog|p2a: Gliscor\n|-unboost|p2a: Gliscor|evasion|1\n|-sideend|p1: ucyuunohoshi|Stealth Rock|[from] move: Defog|[of] p1a: Gliscor\n|-fieldend|move: Grassy Terrain\n|\n|-status|p2a: Gliscor|tox|[from] item: Toxic Orb\n|upkeep\n|turn|4\n|\n|t:|1699957771\n|switch|p1a: Ferrothorn|Ferrothorn, F, shiny|90\/100\n|move|p2a: Gliscor|Toxic|p1a: Ferrothorn\n|-immune|p1a: Ferrothorn\n|\n|-heal|p1a: Ferrothorn|96\/100|[from] item: Leftovers\n|upkeep\n|turn|5\n|\n|t:|1699957775\n|switch|p2a: Heracross|Heracross, M|100\/100\n|move|p1a: Ferrothorn|Stealth Rock|p2a: Heracross\n|-sidestart|p2: CapnTophat|move: Stealth Rock\n|\n|-heal|p1a: Ferrothorn|100\/100|[from] item: Leftovers\n|upkeep\n|turn|6\n|\n|t:|1699957782\n|switch|p1a: Alomomola|Alomomola, M|100\/100\n|detailschange|p2a: Heracross|Heracross-Mega, M\n|-mega|p2a: Heracross|Heracross|Heracronite\n|move|p2a: Heracross|Swords Dance|p2a: Heracross\n|-boost|p2a: Heracross|atk|2\n|\n|upkeep\n|turn|7\n|\n|t:|1699957789\n|switch|p1a: Dondozo|Dondozo, F, shiny|100\/100\n|move|p2a: Heracross|Bullet Seed|p1a: Dondozo\n|-supereffective|p1a: Dondozo\n|-crit|p1a: Dondozo\n|-damage|p1a: Dondozo|86\/100\n|-supereffective|p1a: Dondozo\n|-damage|p1a: Dondozo|76\/100\n|-supereffective|p1a: Dondozo\n|-damage|p1a: Dondozo|65\/100\n|-supereffective|p1a: Dondozo\n|-damage|p1a: Dondozo|54\/100\n|-supereffective|p1a: Dondozo\n|-damage|p1a: Dondozo|44\/100\n|-hitcount|p1a: Dondozo|5\n|\n|-heal|p1a: Dondozo|50\/100|[from] item: Leftovers\n|upkeep\n|turn|8\n|\n|t:|1699957802\n|move|p2a: Heracross|Bullet Seed|p1a: Dondozo\n|-supereffective|p1a: Dondozo\n|-damage|p1a: Dondozo|39\/100\n|-supereffective|p1a: Dondozo\n|-damage|p1a: Dondozo|28\/100\n|-supereffective|p1a: Dondozo\n|-crit|p1a: Dondozo\n|-damage|p1a: Dondozo|13\/100\n|-supereffective|p1a: Dondozo\n|-damage|p1a: Dondozo|2\/100\n|-supereffective|p1a: Dondozo\n|-damage|p1a: Dondozo|0 fnt\n|faint|p1a: Dondozo\n|-hitcount|p1: Dondozo|5\n|\n|upkeep\n|-message|ucyuunohoshi forfeited.\n|\n|win|CapnTophat\n|raw|ucyuunohoshi's rating: 1548 &rarr; <strong>1533<\/strong><br \/>(-15 for losing)\n|raw|CapnTophat's rating: 1643 &rarr; <strong>1658<\/strong><br \/>(+15 for winning)\n|l|\u2606ucyuunohoshi\n","uploadtime":1699957821,"views":4,"p1id":"ucyuunohoshi","p2id":"capntophat","formatid":"gen9nationaldex","rating":1533,"private":0,"password":""}