{"id":"gen9nationaldex-2000299856","p1":"yeastaroonios","p2":"Mr.Green777","format":"[Gen 9] National Dex","log":"|html|<div class=\"broadcast-blue\"><strong>[Gen 9] National Dex is currently suspecting Sneasler! For information on how to participate check out the <a href=\"https:\/\/www.smogon.com\/forums\/threads\/sv-national-dex-suspect-8-just-dance.3731534\/\">suspect thread<\/a>.<\/strong><\/div>\n|j|\u2606yeastaroonios\n|j|\u2606Mr.Green777\n|t:|1701182752\n|gametype|singles\n|player|p1|yeastaroonios|2|1209\n|player|p2|Mr.Green777|burglar|1181\n|teamsize|p1|6\n|teamsize|p2|6\n|gen|9\n|tier|[Gen 9] National Dex\n|rated|\n|rule|HP Percentage Mod: HP is shown in percentages\n|rule|Endless Battle Clause: Forcing endless battles is banned\n|rule|OHKO Clause: OHKO moves are banned\n|rule|Evasion Clause: Evasion abilities, items, and moves are banned\n|rule|Evasion Abilities Clause: Evasion abilities are banned\n|rule|Evasion Items Clause: Evasion items are banned\n|rule|Evasion Moves Clause: Evasion moves are banned\n|rule|Species Clause: Limit one of each Pok\u00e9mon\n|rule|Sleep Clause Mod: Limit one foe put to sleep\n|clearpoke\n|poke|p1|Dondozo, F|\n|poke|p1|Gyarados, F|\n|poke|p1|Exeggutor-Alola, F|\n|poke|p1|Maractus, M|\n|poke|p1|Tapu Bulu|\n|poke|p1|Iron Valiant|\n|poke|p2|Ferrothorn, M|\n|poke|p2|Brambleghast, M|\n|poke|p2|Abomasnow, M|\n|poke|p2|Sinistcha|\n|poke|p2|Kartana|\n|poke|p2|Ogerpon-Wellspring, F|\n|teampreview\n|inactive|Battle timer is ON: inactive players will automatically lose when time's up. (requested by yeastaroonios)\n|\n|t:|1701182755\n|start\n|switch|p1a: Gyarados|Gyarados, F, shiny|100\/100\n|switch|p2a: Ferrothorn|Ferrothorn, M|100\/100\n|turn|1\n|\n|t:|1701182760\n|move|p1a: Gyarados|Earthquake|p2a: Ferrothorn\n|-damage|p2a: Ferrothorn|79\/100\n|move|p2a: Ferrothorn|Toxic|p1a: Gyarados\n|-status|p1a: Gyarados|tox\n|\n|-damage|p1a: Gyarados|94\/100 tox|[from] psn\n|upkeep\n|turn|2\n|\n|t:|1701182763\n|move|p1a: Gyarados|Dragon Dance|p1a: Gyarados\n|-boost|p1a: Gyarados|atk|1\n|-boost|p1a: Gyarados|spe|1\n|move|p2a: Ferrothorn|Stealth Rock|p1a: Gyarados\n|-sidestart|p1: yeastaroonios|move: Stealth Rock\n|\n|-damage|p1a: Gyarados|82\/100 tox|[from] psn\n|upkeep\n|turn|3\n|\n|t:|1701182766\n|move|p1a: Gyarados|Dragon Dance|p1a: Gyarados\n|-boost|p1a: Gyarados|atk|1\n|-boost|p1a: Gyarados|spe|1\n|move|p2a: Ferrothorn|Spikes|p1a: Gyarados\n|-sidestart|p1: yeastaroonios|Spikes\n|\n|-damage|p1a: Gyarados|64\/100 tox|[from] psn\n|upkeep\n|turn|4\n|\n|t:|1701182767\n|move|p1a: Gyarados|Earthquake|p2a: Ferrothorn\n|-damage|p2a: Ferrothorn|39\/100\n|move|p2a: Ferrothorn|Spikes|p1a: Gyarados\n|-sidestart|p1: yeastaroonios|Spikes\n|\n|-damage|p1a: Gyarados|40\/100 tox|[from] psn\n|upkeep\n|turn|5\n|\n|t:|1701182769\n|move|p1a: Gyarados|Earthquake|p2a: Ferrothorn\n|-damage|p2a: Ferrothorn|0 fnt\n|faint|p2a: Ferrothorn\n|-ability|p1a: Gyarados|Moxie|boost\n|-boost|p1a: Gyarados|atk|1\n|\n|-damage|p1a: Gyarados|10\/100 tox|[from] psn\n|upkeep\n|\n|t:|1701182774\n|switch|p2a: Brambleghast|Brambleghast, M|100\/100\n|turn|6\n|\n|t:|1701182781\n|move|p2a: Brambleghast|Shadow Sneak|p1a: Gyarados\n|-damage|p1a: Gyarados|0 fnt\n|faint|p1a: Gyarados\n|\n|upkeep\n|\n|t:|1701182788\n|switch|p1a: Maractus|Maractus, M, shiny|100\/100\n|-damage|p1a: Maractus|88\/100|[from] Stealth Rock\n|-damage|p1a: Maractus|71\/100|[from] Spikes\n|turn|7\n|\n|t:|1701182793\n|switch|p2a: Abomasnow|Abomasnow, M|100\/100\n|-weather|Snow|[from] ability: Snow Warning|[of] p2a: Abomasnow\n|move|p1a: Maractus|Knock Off|p2a: Abomasnow\n|-damage|p2a: Abomasnow|91\/100\n|\n|-weather|Snow|[upkeep]\n|upkeep\n|turn|8\n|\n|t:|1701182797\n|detailschange|p2a: Abomasnow|Abomasnow-Mega, M\n|-mega|p2a: Abomasnow|Abomasnow|Abomasite\n|move|p1a: Maractus|Synthesis|p1a: Maractus\n|-heal|p1a: Maractus|96\/100\n|move|p2a: Abomasnow|Aurora Veil|p2a: Abomasnow\n|-sidestart|p2: Mr.Green777|move: Aurora Veil\n|\n|-weather|Snow|[upkeep]\n|upkeep\n|turn|9\n|\n|t:|1701182803\n|move|p1a: Maractus|Hyper Voice|p2a: Abomasnow\n|-damage|p2a: Abomasnow|77\/100\n|move|p2a: Abomasnow|Blizzard|p1a: Maractus\n|-supereffective|p1a: Maractus\n|-damage|p1a: Maractus|0 fnt\n|faint|p1a: Maractus\n|\n|-weather|Snow|[upkeep]\n|upkeep\n|\n|t:|1701182810\n|switch|p1a: Dondozo|Dondozo, F|100\/100\n|-damage|p1a: Dondozo|88\/100|[from] Stealth Rock\n|-damage|p1a: Dondozo|71\/100|[from] Spikes\n|turn|10\n|\n|t:|1701182815\n|move|p1a: Dondozo|Earthquake|p2a: Abomasnow\n|-resisted|p2a: Abomasnow\n|-damage|p2a: Abomasnow|73\/100\n|move|p2a: Abomasnow|Toxic|p1a: Dondozo\n|-status|p1a: Dondozo|tox\n|\n|-weather|Snow|[upkeep]\n|-heal|p1a: Dondozo|77\/100 tox|[from] item: Leftovers\n|-damage|p1a: Dondozo|71\/100 tox|[from] psn\n|upkeep\n|turn|11\n|\n|t:|1701182818\n|move|p1a: Dondozo|Zen Headbutt|p2a: Abomasnow\n|-damage|p2a: Abomasnow|66\/100\n|move|p2a: Abomasnow|Blizzard|p1a: Dondozo\n|-resisted|p1a: Dondozo\n|-damage|p1a: Dondozo|41\/100 tox\n|\n|-weather|none\n|-heal|p1a: Dondozo|48\/100 tox|[from] item: Leftovers\n|-damage|p1a: Dondozo|35\/100 tox|[from] psn\n|upkeep\n|turn|12\n|\n|t:|1701182820\n|move|p1a: Dondozo|Zen Headbutt|p2a: Abomasnow|[miss]\n|-miss|p1a: Dondozo|p2a: Abomasnow\n|move|p2a: Abomasnow|Blizzard|p1a: Dondozo\n|-resisted|p1a: Dondozo\n|-damage|p1a: Dondozo|7\/100 tox\n|\n|-heal|p1a: Dondozo|13\/100 tox|[from] item: Leftovers\n|-damage|p1a: Dondozo|0 fnt|[from] psn\n|faint|p1a: Dondozo\n|-sideend|p2: Mr.Green777|move: Aurora Veil\n|upkeep\n|\n|t:|1701182825\n|switch|p1a: Iron Valiant|Iron Valiant|100\/100\n|-damage|p1a: Iron Valiant|94\/100|[from] Stealth Rock\n|-damage|p1a: Iron Valiant|78\/100|[from] Spikes\n|-enditem|p1a: Iron Valiant|Booster Energy\n|-activate|p1a: Iron Valiant|ability: Quark Drive|[fromitem]\n|-start|p1a: Iron Valiant|quarkdrivespe\n|turn|13\n|\n|t:|1701182831\n|switch|p2a: Brambleghast|Brambleghast, M|100\/100\n|move|p1a: Iron Valiant|Drain Punch|p2a: Brambleghast\n|-immune|p2a: Brambleghast\n|\n|upkeep\n|turn|14\n|\n|t:|1701182836\n|move|p1a: Iron Valiant|Spirit Break|p2a: Brambleghast\n|-damage|p2a: Brambleghast|42\/100\n|-unboost|p2a: Brambleghast|spa|1\n|move|p2a: Brambleghast|Strength Sap|p1a: Iron Valiant\n|-unboost|p1a: Iron Valiant|atk|1\n|-heal|p2a: Brambleghast|100\/100\n|\n|upkeep\n|turn|15\n|\n|t:|1701182840\n|move|p1a: Iron Valiant|Spirit Break|p2a: Brambleghast\n|-damage|p2a: Brambleghast|65\/100\n|-unboost|p2a: Brambleghast|spa|1\n|move|p2a: Brambleghast|Rapid Spin|p1a: Iron Valiant\n|-damage|p1a: Iron Valiant|60\/100\n|-boost|p2a: Brambleghast|spe|1\n|\n|upkeep\n|turn|16\n|\n|t:|1701182844\n|move|p1a: Iron Valiant|Spirit Break|p2a: Brambleghast\n|-damage|p2a: Brambleghast|28\/100\n|-unboost|p2a: Brambleghast|spa|1\n|move|p2a: Brambleghast|Strength Sap|p1a: Iron Valiant\n|-unboost|p1a: Iron Valiant|atk|1\n|-heal|p2a: Brambleghast|100\/100\n|\n|upkeep\n|turn|17\n|\n|t:|1701182848\n|-end|p1a: Iron Valiant|Quark Drive|[silent]\n|switch|p1a: Exeggutor|Exeggutor-Alola, F|100\/100\n|-item|p2a: Brambleghast|Heavy-Duty Boots|[from] ability: Frisk|[of] p1a: Exeggutor|[identify]\n|move|p2a: Brambleghast|Curse|p1a: Exeggutor\n|-start|p1a: Exeggutor|Curse|[of] p2a: Brambleghast\n|-damage|p2a: Brambleghast|50\/100\n|\n|-damage|p1a: Exeggutor|76\/100|[from] Curse\n|upkeep\n|turn|18\n|\n|t:|1701182851\n|move|p2a: Brambleghast|Curse||[still]\n|-fail|p2a: Brambleghast\n|move|p1a: Exeggutor|Leech Seed|p2a: Brambleghast\n|-immune|p2a: Brambleghast\n|\n|-damage|p1a: Exeggutor|51\/100|[from] Curse\n|upkeep\n|turn|19\n|\n|t:|1701182858\n|move|p2a: Brambleghast|Rapid Spin|p1a: Exeggutor\n|-damage|p1a: Exeggutor|38\/100\n|-boost|p2a: Brambleghast|spe|1\n|move|p1a: Exeggutor|Dragon Pulse|p2a: Brambleghast\n|-crit|p2a: Brambleghast\n|-damage|p2a: Brambleghast|0 fnt\n|faint|p2a: Brambleghast\n|\n|-damage|p1a: Exeggutor|13\/100|[from] Curse\n|upkeep\n|\n|t:|1701182862\n|switch|p2a: Kartana|Kartana|100\/100\n|turn|20\n|\n|t:|1701182869\n|move|p2a: Kartana|Psycho Cut|p1a: Exeggutor\n|-damage|p1a: Exeggutor|0 fnt\n|faint|p1a: Exeggutor\n|-ability|p2a: Kartana|Beast Boost|boost\n|-boost|p2a: Kartana|atk|1\n|\n|upkeep\n|\n|t:|1701182872\n|switch|p1a: Iron Valiant|Iron Valiant|60\/100\n|-damage|p1a: Iron Valiant|53\/100|[from] Stealth Rock\n|-damage|p1a: Iron Valiant|37\/100|[from] Spikes\n|turn|21\n|\n|t:|1701182875\n|move|p2a: Kartana|Psycho Cut|p1a: Iron Valiant\n|-supereffective|p1a: Iron Valiant\n|-damage|p1a: Iron Valiant|0 fnt\n|faint|p1a: Iron Valiant\n|-end|p1a: Iron Valiant|Quark Drive|[silent]\n|-ability|p2a: Kartana|Beast Boost|boost\n|-boost|p2a: Kartana|atk|1\n|\n|upkeep\n|\n|t:|1701182877\n|switch|p1a: Tapu Bulu|Tapu Bulu, shiny|100\/100\n|-damage|p1a: Tapu Bulu|88\/100|[from] Stealth Rock\n|-damage|p1a: Tapu Bulu|72\/100|[from] Spikes\n|-fieldstart|move: Grassy Terrain|[from] ability: Grassy Surge|[of] p1a: Tapu Bulu\n|turn|22\n|\n|t:|1701182881\n|move|p2a: Kartana|Psycho Cut|p1a: Tapu Bulu\n|-crit|p1a: Tapu Bulu\n|-damage|p1a: Tapu Bulu|0 fnt\n|faint|p1a: Tapu Bulu\n|\n|win|Mr.Green777\n|raw|yeastaroonios's rating: 1209 &rarr; <strong>1182<\/strong><br \/>(-27 for losing)\n|raw|Mr.Green777's rating: 1181 &rarr; <strong>1208<\/strong><br \/>(+27 for winning)\n|l|\u2606yeastaroonios\n","uploadtime":1701182886,"views":4,"p1id":"yeastaroonios","p2id":"mrgreen777","formatid":"gen9nationaldex","rating":1182,"private":0,"password":""}