{"id":"gen9nationaldex-1987699359","p1":"LRR121","p2":"Tentacultistry","format":"[Gen 9] National Dex","log":"|j|\u2606LRR121\n|j|\u2606Tentacultistry\n|t:|1699628853\n|gametype|singles\n|player|p1|LRR121|blue|1324\n|player|p2|Tentacultistry|elesa-masters2|1400\n|teamsize|p1|6\n|teamsize|p2|6\n|gen|9\n|tier|[Gen 9] National Dex\n|rated|\n|rule|HP Percentage Mod: HP is shown in percentages\n|rule|Endless Battle Clause: Forcing endless battles is banned\n|rule|OHKO Clause: OHKO moves are banned\n|rule|Evasion Clause: Evasion abilities, items, and moves are banned\n|rule|Evasion Abilities Clause: Evasion abilities are banned\n|rule|Evasion Items Clause: Evasion items are banned\n|rule|Evasion Moves Clause: Evasion moves are banned\n|rule|Species Clause: Limit one of each Pok\u00e9mon\n|rule|Sleep Clause Mod: Limit one foe put to sleep\n|clearpoke\n|poke|p1|Heracross, F|\n|poke|p1|Alakazam, F|\n|poke|p1|Ninetales-Alola, M|\n|poke|p1|Tyranitar, F|\n|poke|p1|Arcanine-Hisui, M|\n|poke|p1|Blastoise, M|\n|poke|p2|Tapu Koko|\n|poke|p2|Iron Valiant|\n|poke|p2|Iron Hands|\n|poke|p2|Dracozolt|\n|poke|p2|Iron Treads|\n|poke|p2|Iron Jugulis|\n|teampreview\n|\n|t:|1699628874\n|start\n|switch|p1a: Tyranitar|Tyranitar, F|100\/100\n|switch|p2a: BBB|Dracozolt|100\/100\n|-weather|Sandstorm|[from] ability: Sand Stream|[of] p1a: Tyranitar\n|turn|1\n|\n|t:|1699628882\n|switch|p1a: Ninetales|Ninetales-Alola, M|100\/100\n|-weather|Snow|[from] ability: Snow Warning|[of] p1a: Ninetales\n|move|p2a: BBB|Bolt Beak|p1a: Ninetales\n|-damage|p1a: Ninetales|0 fnt\n|faint|p1a: Ninetales\n|\n|-weather|Snow|[upkeep]\n|upkeep\n|\n|t:|1699628905\n|switch|p1a: Alakazam|Alakazam, F|100\/100\n|turn|2\n|\n|t:|1699628909\n|-terastallize|p1a: Alakazam|Fairy\n|move|p2a: BBB|Bolt Beak|p1a: Alakazam\n|-damage|p1a: Alakazam|0 fnt\n|faint|p1a: Alakazam\n|\n|-weather|Snow|[upkeep]\n|upkeep\n|\n|t:|1699628936\n|switch|p1a: Tyranitar|Tyranitar, F|100\/100\n|-weather|Sandstorm|[from] ability: Sand Stream|[of] p1a: Tyranitar\n|turn|3\n|\n|t:|1699628946\n|move|p2a: BBB|Bolt Beak|p1a: Tyranitar|[miss]\n|-miss|p2a: BBB|p1a: Tyranitar\n|move|p1a: Tyranitar|Ice Punch|p2a: BBB\n|-supereffective|p2a: BBB\n|-damage|p2a: BBB|48\/100\n|-status|p2a: BBB|frz\n|\n|-weather|Sandstorm|[upkeep]\n|-damage|p2a: BBB|42\/100 frz|[from] Sandstorm\n|upkeep\n|turn|4\n|\n|t:|1699628956\n|cant|p2a: BBB|frz\n|move|p1a: Tyranitar|Rock Polish|p1a: Tyranitar\n|-boost|p1a: Tyranitar|spe|2\n|\n|-weather|Sandstorm|[upkeep]\n|-damage|p2a: BBB|36\/100 frz|[from] Sandstorm\n|upkeep\n|turn|5\n|\n|t:|1699628960\n|switch|p2a: Rita|Tapu Koko|100\/100\n|-fieldstart|move: Electric Terrain|[from] ability: Electric Surge|[of] p2a: Rita\n|move|p1a: Tyranitar|Ice Punch|p2a: Rita\n|-damage|p2a: Rita|67\/100\n|\n|-weather|Sandstorm|[upkeep]\n|-damage|p2a: Rita|61\/100|[from] Sandstorm\n|upkeep\n|turn|6\n|\n|t:|1699628970\n|move|p1a: Tyranitar|Knock Off|p2a: Rita\n|-resisted|p2a: Rita\n|-crit|p2a: Rita\n|-damage|p2a: Rita|8\/100\n|-enditem|p2a: Rita|Terrain Extender|[from] move: Knock Off|[of] p1a: Tyranitar\n|move|p2a: Rita|U-turn|p1a: Tyranitar\n|-supereffective|p1a: Tyranitar\n|-damage|p1a: Tyranitar|70\/100\n|-enditem|p1a: Tyranitar|Weakness Policy\n|-boost|p1a: Tyranitar|atk|2|[from] item: Weakness Policy\n|-boost|p1a: Tyranitar|spa|2|[from] item: Weakness Policy\n|\n|t:|1699628978\n|switch|p2a: Klein|Iron Valiant|100\/100|[from] U-turn\n|-activate|p2a: Klein|ability: Quark Drive\n|-start|p2a: Klein|quarkdrivespe\n|\n|-weather|Sandstorm|[upkeep]\n|-damage|p2a: Klein|94\/100|[from] Sandstorm\n|upkeep\n|turn|7\n|\n|t:|1699628989\n|move|p2a: Klein|Aura Sphere|p1a: Tyranitar\n|-supereffective|p1a: Tyranitar\n|-damage|p1a: Tyranitar|0 fnt\n|faint|p1a: Tyranitar\n|\n|-weather|none\n|upkeep\n|\n|t:|1699628997\n|switch|p1a: Arcanine|Arcanine-Hisui, M|100\/100\n|turn|8\n|\n|t:|1699629003\n|move|p1a: Arcanine|Extreme Speed|p2a: Klein\n|-damage|p2a: Klein|41\/100\n|move|p2a: Klein|Aura Sphere|p1a: Arcanine\n|-supereffective|p1a: Arcanine\n|-damage|p1a: Arcanine|0 fnt\n|faint|p1a: Arcanine\n|\n|upkeep\n|\n|t:|1699629012\n|switch|p1a: Heracross|Heracross, F|100\/100\n|turn|9\n|\n|t:|1699629016\n|-end|p2a: Klein|Quark Drive|[silent]\n|switch|p2a: Jimothy cool|Iron Jugulis|100\/100\n|-activate|p2a: Jimothy cool|ability: Quark Drive\n|-start|p2a: Jimothy cool|quarkdrivespe\n|detailschange|p1a: Heracross|Heracross-Mega, F\n|-mega|p1a: Heracross|Heracross|Heracronite\n|move|p1a: Heracross|Close Combat|p2a: Jimothy cool\n|-damage|p2a: Jimothy cool|0 fnt\n|-unboost|p1a: Heracross|def|1\n|-unboost|p1a: Heracross|spd|1\n|faint|p2a: Jimothy cool\n|-end|p2a: Jimothy cool|Quark Drive|[silent]\n|\n|upkeep\n|\n|t:|1699629023\n|switch|p2a: Klein|Iron Valiant|41\/100\n|-activate|p2a: Klein|ability: Quark Drive\n|-start|p2a: Klein|quarkdrivespe\n|turn|10\n|\n|t:|1699629028\n|move|p2a: Klein|Moonblast|p1a: Heracross\n|-supereffective|p1a: Heracross\n|-damage|p1a: Heracross|0 fnt\n|faint|p1a: Heracross\n|\n|upkeep\n|\n|t:|1699629032\n|switch|p1a: Blastoise|Blastoise, M|100\/100\n|turn|11\n|\n|t:|1699629035\n|move|p2a: Klein|Moonblast|p1a: Blastoise\n|-damage|p1a: Blastoise|25\/100\n|move|p1a: Blastoise|Surf|p2a: Klein\n|-damage|p2a: Klein|0 fnt\n|faint|p2a: Klein\n|-end|p2a: Klein|Quark Drive|[silent]\n|\n|upkeep\n|\n|t:|1699629041\n|switch|p2a: Rita|Tapu Koko|8\/100\n|turn|12\n|-message|LRR121 forfeited.\n|\n|win|Tentacultistry\n|raw|LRR121's rating: 1324 &rarr; <strong>1308<\/strong><br \/>(-16 for losing)\n|raw|Tentacultistry's rating: 1400 &rarr; <strong>1416<\/strong><br \/>(+16 for winning)\n|l|\u2606LRR121\n","uploadtime":1699629107,"views":10,"p1id":"lrr121","p2id":"tentacultistry","formatid":"gen9nationaldex","rating":1308,"private":0,"password":""}