{"id":"gen9nationaldex-1990984348","p1":"MasterLucarioOG","p2":"AkemiTa0","format":"[Gen 9] National Dex","log":"|j|\u2606MasterLucarioOG\n|j|\u2606AkemiTa0\n|t:|1700023349\n|gametype|singles\n|player|p1|MasterLucarioOG|gladion|1070\n|player|p2|AkemiTa0|bianca|1181\n|teamsize|p1|6\n|teamsize|p2|6\n|gen|9\n|tier|[Gen 9] National Dex\n|rated|\n|rule|HP Percentage Mod: HP is shown in percentages\n|rule|Endless Battle Clause: Forcing endless battles is banned\n|rule|OHKO Clause: OHKO moves are banned\n|rule|Evasion Clause: Evasion abilities, items, and moves are banned\n|rule|Evasion Abilities Clause: Evasion abilities are banned\n|rule|Evasion Items Clause: Evasion items are banned\n|rule|Evasion Moves Clause: Evasion moves are banned\n|rule|Species Clause: Limit one of each Pok\u00e9mon\n|rule|Sleep Clause Mod: Limit one foe put to sleep\n|clearpoke\n|poke|p1|Rillaboom, M|\n|poke|p1|Clefable, F|\n|poke|p1|Gyarados, F|\n|poke|p1|Iron Valiant|\n|poke|p1|Zamazenta-*|\n|poke|p1|Azumarill, F|\n|poke|p2|Leavanny, M|\n|poke|p2|Cradily, F|\n|poke|p2|Ogerpon-Cornerstone, F|\n|poke|p2|Gourgeist-*, M|\n|poke|p2|Meowscarada, F|\n|poke|p2|Sinistcha|\n|teampreview\n|inactive|Battle timer is ON: inactive players will automatically lose when time's up. (requested by MasterLucarioOG)\n|\n|t:|1700023358\n|start\n|switch|p1a: Clefable|Clefable, F|100\/100\n|switch|p2a: Meowscarada|Meowscarada, F, shiny|100\/100\n|turn|1\n|\n|t:|1700023366\n|move|p2a: Meowscarada|U-turn|p1a: Clefable\n|-start|p2a: Meowscarada|typechange|Bug|[from] ability: Protean\n|-resisted|p1a: Clefable\n|-damage|p1a: Clefable|80\/100\n|\n|t:|1700023378\n|switch|p2a: Cradily|Cradily, F|100\/100|[from] U-turn\n|move|p1a: Clefable|Drain Punch|p2a: Cradily\n|-supereffective|p2a: Cradily\n|-damage|p2a: Cradily|68\/100\n|-heal|p1a: Clefable|98\/100|[from] drain|[of] p2a: Cradily\n|\n|-heal|p2a: Cradily|74\/100|[from] item: Leftovers\n|upkeep\n|turn|2\n|\n|t:|1700023390\n|move|p1a: Clefable|Substitute|p1a: Clefable\n|-start|p1a: Clefable|Substitute\n|-damage|p1a: Clefable|73\/100\n|move|p2a: Cradily|Toxic||[still]\n|-fail|p2a: Cradily\n|\n|-heal|p2a: Cradily|80\/100|[from] item: Leftovers\n|upkeep\n|turn|3\n|\n|t:|1700023397\n|move|p1a: Clefable|Belly Drum|p1a: Clefable\n|-damage|p1a: Clefable|23\/100\n|-setboost|p1a: Clefable|atk|6|[from] move: Belly Drum\n|-enditem|p1a: Clefable|Salac Berry|[eat]\n|-boost|p1a: Clefable|spe|1|[from] item: Salac Berry\n|move|p2a: Cradily|Rock Blast|p1a: Clefable\n|-activate|p1a: Clefable|move: Substitute|[damage]\n|-activate|p1a: Clefable|move: Substitute|[damage]\n|-hitcount|p1a: Clefable|2\n|\n|-heal|p2a: Cradily|86\/100|[from] item: Leftovers\n|upkeep\n|turn|4\n|\n|t:|1700023420\n|switch|p2a: Gourgeist|Gourgeist-Super, M|100\/100\n|move|p1a: Clefable|Drain Punch|p2a: Gourgeist\n|-immune|p2a: Gourgeist\n|\n|upkeep\n|turn|5\n|\n|t:|1700023426\n|move|p1a: Clefable|Play Rough|p2a: Gourgeist\n|-damage|p2a: Gourgeist|33\/100\n|move|p2a: Gourgeist|Foul Play|p1a: Clefable\n|-resisted|p1a: Clefable\n|-end|p1a: Clefable|Substitute\n|\n|-heal|p2a: Gourgeist|39\/100|[from] item: Leftovers\n|upkeep\n|turn|6\n|\n|t:|1700023433\n|move|p1a: Clefable|Play Rough|p2a: Gourgeist\n|-damage|p2a: Gourgeist|0 fnt\n|faint|p2a: Gourgeist\n|\n|upkeep\n|\n|t:|1700023437\n|switch|p2a: Meowscarada|Meowscarada, F, shiny|100\/100\n|turn|7\n|\n|t:|1700023444\n|move|p2a: Meowscarada|Flower Trick|p1a: Clefable\n|-start|p2a: Meowscarada|typechange|Grass|[from] ability: Protean\n|-crit|p1a: Clefable\n|-damage|p1a: Clefable|0 fnt\n|faint|p1a: Clefable\n|\n|upkeep\n|\n|t:|1700023452\n|switch|p1a: Zamazenta|Zamazenta|100\/100\n|-ability|p1a: Zamazenta|Dauntless Shield|boost\n|-boost|p1a: Zamazenta|def|1\n|turn|8\n|\n|t:|1700023469\n|switch|p2a: Sinistcha|Sinistcha|100\/100\n|move|p1a: Zamazenta|Focus Blast|p2a: Sinistcha\n|-immune|p2a: Sinistcha\n|\n|upkeep\n|turn|9\n|\n|t:|1700023474\n|move|p1a: Zamazenta|Moonblast|p2a: Sinistcha\n|-damage|p2a: Sinistcha|71\/100\n|-unboost|p2a: Sinistcha|spa|1\n|move|p2a: Sinistcha|Strength Sap|p1a: Zamazenta\n|-unboost|p1a: Zamazenta|atk|1\n|-heal|p2a: Sinistcha|100\/100\n|\n|upkeep\n|turn|10\n|\n|t:|1700023481\n|move|p1a: Zamazenta|Moonblast|p2a: Sinistcha\n|-damage|p2a: Sinistcha|74\/100\n|move|p2a: Sinistcha|Shadow Ball|p1a: Zamazenta\n|-damage|p1a: Zamazenta|76\/100\n|-unboost|p1a: Zamazenta|spd|1\n|\n|upkeep\n|turn|11\n|\n|t:|1700023492\n|switch|p1a: Gyarados|Gyarados, F|100\/100\n|-ability|p1a: Gyarados|Intimidate|boost\n|-unboost|p2a: Sinistcha|atk|1\n|move|p2a: Sinistcha|Matcha Gotcha|p1a: Gyarados\n|-damage|p1a: Gyarados|76\/100\n|-heal|p2a: Sinistcha|92\/100|[from] drain|[of] p1a: Gyarados\n|\n|upkeep\n|turn|12\n|\n|t:|1700023497\n|switch|p2a: Cradily|Cradily, F|86\/100\n|detailschange|p1a: Gyarados|Gyarados-Mega, F\n|-mega|p1a: Gyarados|Gyarados|Gyaradosite\n|-ability|p1a: Gyarados|Mold Breaker\n|move|p1a: Gyarados|Dark Pulse|p2a: Cradily\n|-damage|p2a: Cradily|68\/100\n|\n|-heal|p2a: Cradily|74\/100|[from] item: Leftovers\n|upkeep\n|turn|13\n|-message|MasterLucarioOG forfeited.\n|\n|win|AkemiTa0\n|raw|MasterLucarioOG's rating: 1070 &rarr; <strong>1056<\/strong><br \/>(-14 for losing)\n|raw|AkemiTa0's rating: 1181 &rarr; <strong>1198<\/strong><br \/>(+17 for winning)\n|l|\u2606MasterLucarioOG\n","uploadtime":1700023513,"views":5,"p1id":"masterlucarioog","p2id":"akemita0","formatid":"gen9nationaldex","rating":1056,"private":0,"password":""}