{"id":"gen9nationaldex-1987318219","p1":"Maxchuck753","p2":"Radio-G","format":"[Gen 9] National Dex","log":"|j|\u2606Maxchuck753\n|j|\u2606Radio-G\n|t:|1699576904\n|gametype|singles\n|player|p1|Maxchuck753|hiker-gen4|1000\n|player|p2|Radio-G|pokemaniac|1108\n|teamsize|p1|6\n|teamsize|p2|6\n|gen|9\n|tier|[Gen 9] National Dex\n|rated|\n|rule|HP Percentage Mod: HP is shown in percentages\n|rule|Endless Battle Clause: Forcing endless battles is banned\n|rule|OHKO Clause: OHKO moves are banned\n|rule|Evasion Clause: Evasion abilities, items, and moves are banned\n|rule|Evasion Abilities Clause: Evasion abilities are banned\n|rule|Evasion Items Clause: Evasion items are banned\n|rule|Evasion Moves Clause: Evasion moves are banned\n|rule|Species Clause: Limit one of each Pok\u00e9mon\n|rule|Sleep Clause Mod: Limit one foe put to sleep\n|clearpoke\n|poke|p1|Torkoal, M|\n|poke|p1|Snorlax, F|\n|poke|p1|Sinistcha|\n|poke|p1|Landorus-Therian, M|\n|poke|p1|Abomasnow, M|\n|poke|p1|Armarouge, M|\n|poke|p2|Ninetales, M|\n|poke|p2|Victreebel, F|\n|poke|p2|Great Tusk|\n|poke|p2|Gallade, M|\n|poke|p2|Zapdos|\n|poke|p2|Frosmoth, M|\n|teampreview\n|\n|t:|1699576921\n|start\n|switch|p1a: Torkoal|Torkoal, M|100\/100\n|switch|p2a: Great Tusk|Great Tusk|100\/100\n|-weather|SunnyDay|[from] ability: Drought|[of] p1a: Torkoal\n|-activate|p2a: Great Tusk|ability: Protosynthesis\n|-start|p2a: Great Tusk|protosynthesisatk\n|turn|1\n|\n|t:|1699576948\n|move|p2a: Great Tusk|Headlong Rush|p1a: Torkoal\n|-supereffective|p1a: Torkoal\n|-damage|p1a: Torkoal|0 fnt\n|-unboost|p2a: Great Tusk|def|1\n|-unboost|p2a: Great Tusk|spd|1\n|faint|p1a: Torkoal\n|\n|-weather|SunnyDay|[upkeep]\n|upkeep\n|inactive|Battle timer is ON: inactive players will automatically lose when time's up. (requested by Radio-G)\n|\n|t:|1699576956\n|switch|p1a: Armarouge|Armarouge, M|100\/100\n|turn|2\n|\n|t:|1699576964\n|move|p2a: Great Tusk|Headlong Rush|p1a: Armarouge\n|-supereffective|p1a: Armarouge\n|-damage|p1a: Armarouge|0 fnt\n|-unboost|p2a: Great Tusk|def|1\n|-unboost|p2a: Great Tusk|spd|1\n|faint|p1a: Armarouge\n|\n|-weather|SunnyDay|[upkeep]\n|upkeep\n|\n|t:|1699576975\n|switch|p1a: Abomasnow|Abomasnow, M|100\/100\n|-weather|Snow|[from] ability: Snow Warning|[of] p1a: Abomasnow\n|-end|p2a: Great Tusk|Protosynthesis\n|turn|3\n|\n|t:|1699576983\n|move|p2a: Great Tusk|Close Combat|p1a: Abomasnow\n|-supereffective|p1a: Abomasnow\n|-damage|p1a: Abomasnow|0 fnt\n|-unboost|p2a: Great Tusk|def|1\n|-unboost|p2a: Great Tusk|spd|1\n|faint|p1a: Abomasnow\n|\n|-weather|Snow|[upkeep]\n|upkeep\n|c|\u2606Radio-G|im sorry...\n|\n|t:|1699576991\n|switch|p1a: Landorus|Landorus-Therian, M|100\/100\n|-ability|p1a: Landorus|Intimidate|boost\n|-unboost|p2a: Great Tusk|atk|1\n|turn|4\n|\n|t:|1699577008\n|-end|p2a: Great Tusk|Protosynthesis|[silent]\n|switch|p2a: Victreebel|Victreebel, F|100\/100\n|move|p1a: Landorus|Hammer Arm|p2a: Victreebel\n|-resisted|p2a: Victreebel\n|-damage|p2a: Victreebel|68\/100\n|-unboost|p1a: Landorus|spe|1\n|\n|-weather|Snow|[upkeep]\n|upkeep\n|turn|5\n|\n|t:|1699577017\n|move|p2a: Victreebel|Weather Ball|p1a: Landorus\n|-supereffective|p1a: Landorus\n|-damage|p1a: Landorus|0 fnt\n|faint|p1a: Landorus\n|-damage|p2a: Victreebel|58\/100|[from] item: Life Orb\n|\n|-weather|Snow|[upkeep]\n|upkeep\n|\n|t:|1699577025\n|switch|p1a: Snorlax|Snorlax, F|100\/100\n|turn|6\n|\n|t:|1699577030\n|move|p2a: Victreebel|Strength Sap|p1a: Snorlax\n|-unboost|p1a: Snorlax|atk|1\n|-heal|p2a: Victreebel|100\/100\n|move|p1a: Snorlax|Belly Drum|p1a: Snorlax\n|-damage|p1a: Snorlax|51\/100\n|-setboost|p1a: Snorlax|atk|6|[from] move: Belly Drum\n|\n|-weather|Snow|[upkeep]\n|upkeep\n|turn|7\n|\n|t:|1699577042\n|-terastallize|p1a: Snorlax|Normal\n|move|p2a: Victreebel|Sludge Bomb|p1a: Snorlax\n|-damage|p1a: Snorlax|20\/100\n|-enditem|p1a: Snorlax|Aguav Berry|[eat]\n|-heal|p1a: Snorlax|53\/100|[from] item: Aguav Berry\n|-damage|p2a: Victreebel|91\/100|[from] item: Life Orb\n|move|p1a: Snorlax|Body Slam|p2a: Victreebel\n|-damage|p2a: Victreebel|0 fnt\n|faint|p2a: Victreebel\n|\n|-weather|none\n|upkeep\n|\n|t:|1699577046\n|switch|p2a: Gallade|Gallade, M|100\/100\n|turn|8\n|\n|t:|1699577071\n|-terastallize|p2a: Gallade|Fighting\n|move|p2a: Gallade|Sacred Sword|p1a: Snorlax\n|-supereffective|p1a: Snorlax\n|-damage|p1a: Snorlax|0 fnt\n|faint|p1a: Snorlax\n|\n|upkeep\n|\n|t:|1699577077\n|switch|p1a: Sinistcha|Sinistcha|100\/100\n|turn|9\n|\n|t:|1699577089\n|switch|p2a: Ninetales|Ninetales, M|100\/100\n|-weather|SunnyDay|[from] ability: Drought|[of] p2a: Ninetales\n|move|p1a: Sinistcha|Iron Defense|p1a: Sinistcha\n|-boost|p1a: Sinistcha|def|2\n|\n|-weather|SunnyDay|[upkeep]\n|upkeep\n|turn|10\n|\n|t:|1699577096\n|move|p2a: Ninetales|Encore|p1a: Sinistcha\n|-start|p1a: Sinistcha|Encore\n|move|p1a: Sinistcha|Iron Defense|p1a: Sinistcha\n|-boost|p1a: Sinistcha|def|2\n|\n|-weather|SunnyDay|[upkeep]\n|upkeep\n|turn|11\n|c|\u2606Radio-G|gg\n|\n|t:|1699577102\n|move|p2a: Ninetales|Weather Ball|p1a: Sinistcha\n|-supereffective|p1a: Sinistcha\n|-damage|p1a: Sinistcha|7\/100\n|-enditem|p1a: Sinistcha|Aguav Berry|[eat]\n|-heal|p1a: Sinistcha|40\/100|[from] item: Aguav Berry\n|move|p1a: Sinistcha|Iron Defense|p1a: Sinistcha\n|-boost|p1a: Sinistcha|def|2\n|\n|-weather|SunnyDay|[upkeep]\n|upkeep\n|turn|12\n|\n|t:|1699577112\n|move|p2a: Ninetales|Weather Ball|p1a: Sinistcha\n|-supereffective|p1a: Sinistcha\n|-damage|p1a: Sinistcha|0 fnt\n|faint|p1a: Sinistcha\n|\n|win|Radio-G\n|raw|Maxchuck753's rating: 1000 &rarr; <strong>1000<\/strong><br \/>(+0 for losing)\n|raw|Radio-G's rating: 1108 &rarr; <strong>1125<\/strong><br \/>(+17 for winning)\n|l|\u2606Maxchuck753\n","uploadtime":1699577120,"views":5,"p1id":"maxchuck753","p2id":"radiog","formatid":"gen9nationaldex","rating":1000,"private":0,"password":""}