{"id":"gen9nationaldex-1993567544","p1":"ShinyScarfy","p2":"lYLxuanxuan","format":"[Gen 9] National Dex","log":"|j|\u2606ShinyScarfy\n|j|\u203dlYLxuanxuan\n|t:|1700332596\n|gametype|singles\n|player|p1|ShinyScarfy|alec-anime|1379\n|player|p2|lYLxuanxuan|dawn|1334\n|teamsize|p1|6\n|teamsize|p2|6\n|gen|9\n|tier|[Gen 9] National Dex\n|rated|\n|rule|HP Percentage Mod: HP is shown in percentages\n|rule|Endless Battle Clause: Forcing endless battles is banned\n|rule|OHKO Clause: OHKO moves are banned\n|rule|Evasion Clause: Evasion abilities, items, and moves are banned\n|rule|Evasion Abilities Clause: Evasion abilities are banned\n|rule|Evasion Items Clause: Evasion items are banned\n|rule|Evasion Moves Clause: Evasion moves are banned\n|rule|Species Clause: Limit one of each Pok\u00e9mon\n|rule|Sleep Clause Mod: Limit one foe put to sleep\n|clearpoke\n|poke|p1|Zoroark-Hisui, M|\n|poke|p1|Togekiss, F|\n|poke|p1|Samurott-Hisui, M|\n|poke|p1|Gliscor, M|\n|poke|p1|Lopunny, F|\n|poke|p1|Goodra-Hisui, F|\n|poke|p2|Kartana|\n|poke|p2|Hawlucha, F|\n|poke|p2|Tapu Koko|\n|poke|p2|Landorus-Therian, M|\n|poke|p2|Diancie|\n|poke|p2|Ursaluna, F|\n|teampreview\n|inactive|Battle timer is ON: inactive players will automatically lose when time's up. (requested by lYLxuanxuan)\n|inactive|ShinyScarfy also wants the timer to be on.\n|inactive|lYLxuanxuan has 120 seconds left.\n|\n|t:|1700332654\n|start\n|switch|p1a: Togekiss|Togekiss, F|100\/100\n|switch|p2a: Kartana|Kartana, shiny|100\/100\n|turn|1\n|inactive|lYLxuanxuan has 120 seconds left.\n|inactive|lYLxuanxuan has 90 seconds left.\n|\n|t:|1700332716\n|move|p2a: Kartana|Knock Off|p1a: Togekiss\n|-resisted|p1a: Togekiss\n|-damage|p1a: Togekiss|71\/100\n|-enditem|p1a: Togekiss|Assault Vest|[from] move: Knock Off|[of] p2a: Kartana\n|move|p1a: Togekiss|Air Slash|p2a: Kartana\n|-damage|p2a: Kartana|0 fnt\n|faint|p2a: Kartana\n|\n|upkeep\n|inactive|lYLxuanxuan has 90 seconds left.\n|\n|t:|1700332735\n|switch|p2a: Tapu Koko|Tapu Koko, shiny|100\/100\n|-fieldstart|move: Electric Terrain|[from] ability: Electric Surge|[of] p2a: Tapu Koko\n|turn|2\n|\n|t:|1700332739\n|move|p2a: Tapu Koko|Volt Switch|p1a: Togekiss\n|-supereffective|p1a: Togekiss\n|-damage|p1a: Togekiss|0 fnt\n|faint|p1a: Togekiss\n|inactive|lYLxuanxuan has 90 seconds left.\n|\n|t:|1700332750\n|switch|p2a: Hawlucha|Hawlucha, F, shiny|100\/100|[from] Volt Switch\n|-enditem|p2a: Hawlucha|Electric Seed\n|-boost|p2a: Hawlucha|def|1|[from] item: Electric Seed\n|\n|upkeep\n|\n|t:|1700332760\n|switch|p1a: Goodra|Goodra-Hisui, F|100\/100\n|turn|3\n|inactive|lYLxuanxuan has 90 seconds left.\n|\n|t:|1700332775\n|move|p2a: Hawlucha|Swords Dance|p2a: Hawlucha\n|-boost|p2a: Hawlucha|atk|2\n|replace|p1a: Zoroark|Zoroark-Hisui, M\n|-end|p1a: Zoroark|Illusion\n|-zpower|p1a: Zoroark\n|move|p1a: Zoroark|Breakneck Blitz|p2a: Hawlucha|[zeffect]\n|-damage|p2a: Hawlucha|0 fnt\n|faint|p2a: Hawlucha\n|\n|upkeep\n|inactive|lYLxuanxuan has 90 seconds left.\n|\n|t:|1700332784\n|switch|p2a: Landorus|Landorus-Therian, M|100\/100\n|-ability|p2a: Landorus|Intimidate|boost\n|-unboost|p1a: Zoroark|atk|1\n|turn|4\n|\n|t:|1700332790\n|move|p1a: Zoroark|Hyper Voice|p2a: Landorus\n|-damage|p2a: Landorus|42\/100\n|-zpower|p2a: Landorus\n|move|p2a: Landorus|Continental Crush|p1a: Zoroark|[zeffect]\n|-damage|p1a: Zoroark|0 fnt\n|faint|p1a: Zoroark\n|\n|upkeep\n|\n|t:|1700332807\n|switch|p1a: Samurott|Samurott-Hisui, M|100\/100\n|turn|5\n|inactive|lYLxuanxuan has 90 seconds left.\n|\n|t:|1700332844\n|switch|p2a: Tapu Koko|Tapu Koko, shiny|100\/100\n|move|p1a: Samurott|Aqua Cutter|p2a: Tapu Koko\n|-damage|p2a: Tapu Koko|26\/100\n|\n|upkeep\n|turn|6\n|\n|t:|1700332853\n|switch|p1a: Goodra|Goodra-Hisui, F|100\/100\n|move|p2a: Tapu Koko|Volt Switch|p1a: Goodra\n|-resisted|p1a: Goodra\n|-damage|p1a: Goodra|91\/100\n|\n|t:|1700332861\n|switch|p2a: Diancie|Diancie|100\/100|[from] Volt Switch\n|\n|-fieldend|move: Electric Terrain\n|upkeep\n|turn|7\n|\n|t:|1700332867\n|detailschange|p2a: Diancie|Diancie-Mega\n|-mega|p2a: Diancie|Diancie|Diancite\n|move|p2a: Diancie|Moonblast|p1a: Goodra\n|-damage|p1a: Goodra|60\/100\n|move|p1a: Goodra|Flash Cannon|p2a: Diancie\n|-supereffective|p2a: Diancie\n|-damage|p2a: Diancie|0 fnt\n|faint|p2a: Diancie\n|\n|upkeep\n|\n|t:|1700332872\n|switch|p2a: Ursaluna|Ursaluna, F|100\/100\n|turn|8\n|inactive|lYLxuanxuan has 90 seconds left.\n|\n|t:|1700332887\n|-terastallize|p2a: Ursaluna|Ground\n|move|p1a: Goodra|Surf|p2a: Ursaluna\n|-supereffective|p2a: Ursaluna\n|-damage|p2a: Ursaluna|51\/100\n|move|p2a: Ursaluna|Drain Punch|p1a: Goodra\n|-supereffective|p1a: Goodra\n|-damage|p1a: Goodra|9\/100\n|-heal|p2a: Ursaluna|68\/100|[from] drain|[of] p1a: Goodra\n|\n|-status|p2a: Ursaluna|brn|[from] item: Flame Orb\n|upkeep\n|turn|9\n|inactive|lYLxuanxuan has 90 seconds left.\n|\n|t:|1700332897\n|move|p1a: Goodra|Surf|p2a: Ursaluna\n|-supereffective|p2a: Ursaluna\n|-damage|p2a: Ursaluna|19\/100 brn\n|move|p2a: Ursaluna|Drain Punch|p1a: Goodra\n|-supereffective|p1a: Goodra\n|-damage|p1a: Goodra|0 fnt\n|-heal|p2a: Ursaluna|21\/100 brn|[from] drain|[of] p1a: Goodra\n|faint|p1a: Goodra\n|\n|-damage|p2a: Ursaluna|15\/100 brn|[from] brn\n|upkeep\n|\n|t:|1700332899\n|switch|p1a: Samurott|Samurott-Hisui, M|100\/100\n|turn|10\n|\n|t:|1700332906\n|switch|p2a: Landorus|Landorus-Therian, M|42\/100\n|-ability|p2a: Landorus|Intimidate|boost\n|-unboost|p1a: Samurott|atk|1\n|move|p1a: Samurott|Aqua Cutter|p2a: Landorus\n|-supereffective|p2a: Landorus\n|-crit|p2a: Landorus\n|-damage|p2a: Landorus|0 fnt\n|faint|p2a: Landorus\n|\n|upkeep\n|\n|t:|1700332910\n|switch|p2a: Tapu Koko|Tapu Koko, shiny|26\/100\n|-fieldstart|move: Electric Terrain|[from] ability: Electric Surge|[of] p2a: Tapu Koko\n|turn|11\n|\n|t:|1700332915\n|move|p2a: Tapu Koko|Volt Switch|p1a: Samurott\n|-supereffective|p1a: Samurott\n|-damage|p1a: Samurott|0 fnt\n|faint|p1a: Samurott\n|\n|t:|1700332918\n|switch|p2a: Ursaluna|Ursaluna, F, tera:Ground|15\/100 brn|[from] Volt Switch\n|\n|-damage|p2a: Ursaluna|9\/100 brn|[from] brn\n|upkeep\n|\n|t:|1700332922\n|switch|p1a: Gliscor|Gliscor, M|100\/100\n|turn|12\n|\n|t:|1700332926\n|move|p1a: Gliscor|Earthquake|p2a: Ursaluna\n|-damage|p2a: Ursaluna|0 fnt\n|faint|p2a: Ursaluna\n|\n|-status|p1a: Gliscor|tox|[from] item: Toxic Orb\n|upkeep\n|\n|t:|1700332929\n|switch|p2a: Tapu Koko|Tapu Koko, shiny|26\/100\n|turn|13\n|\n|t:|1700332933\n|-terastallize|p1a: Gliscor|Steel\n|move|p2a: Tapu Koko|Dazzling Gleam|p1a: Gliscor\n|-resisted|p1a: Gliscor\n|-damage|p1a: Gliscor|75\/100 tox\n|move|p1a: Gliscor|Earthquake|p2a: Tapu Koko\n|-supereffective|p2a: Tapu Koko\n|-crit|p2a: Tapu Koko\n|-damage|p2a: Tapu Koko|0 fnt\n|faint|p2a: Tapu Koko\n|\n|win|ShinyScarfy\n|raw|ShinyScarfy's rating: 1379 &rarr; <strong>1396<\/strong><br \/>(+17 for winning)\n|raw|lYLxuanxuan's rating: 1334 &rarr; <strong>1317<\/strong><br \/>(-17 for losing)\n|l|\u203dlYLxuanxuan\n","uploadtime":1700332954,"views":6,"p1id":"shinyscarfy","p2id":"lylxuanxuan","formatid":"gen9nationaldex","rating":1317,"private":0,"password":""}