{"id":"gen9nationaldex-1994181554","p1":"Kaick1478","p2":"iosuhga","format":"[Gen 9] National Dex","log":"|j|\u2606Kaick1478\n|j|\u2606iosuhga\n|t:|1700416155\n|gametype|singles\n|player|p1|Kaick1478|schoolkid-gen4|1145\n|player|p2|iosuhga|swimmer-gen4|1214\n|teamsize|p1|6\n|teamsize|p2|6\n|gen|9\n|tier|[Gen 9] National Dex\n|rated|\n|rule|HP Percentage Mod: HP is shown in percentages\n|rule|Endless Battle Clause: Forcing endless battles is banned\n|rule|OHKO Clause: OHKO moves are banned\n|rule|Evasion Clause: Evasion abilities, items, and moves are banned\n|rule|Evasion Abilities Clause: Evasion abilities are banned\n|rule|Evasion Items Clause: Evasion items are banned\n|rule|Evasion Moves Clause: Evasion moves are banned\n|rule|Species Clause: Limit one of each Pok\u00e9mon\n|rule|Sleep Clause Mod: Limit one foe put to sleep\n|clearpoke\n|poke|p1|Sableye, F|\n|poke|p1|Toxapex, M|\n|poke|p1|Zapdos|\n|poke|p1|Corviknight, F|\n|poke|p1|Vaporeon, M|\n|poke|p1|Forretress, F|\n|poke|p2|Banette, F|\n|poke|p2|Kleavor, F|\n|poke|p2|Sinistcha-Masterpiece|\n|poke|p2|Urshifu-*, F|\n|poke|p2|Iron Valiant|\n|poke|p2|Rotom-Wash|\n|teampreview\n|inactive|Battle timer is ON: inactive players will automatically lose when time's up. (requested by Kaick1478)\n|\n|t:|1700416162\n|start\n|switch|p1a: Forretress|Forretress, F|100\/100\n|switch|p2a: Banette|Banette, F|100\/100\n|turn|1\n|\n|t:|1700416166\n|move|p2a: Banette|Swords Dance|p2a: Banette\n|-boost|p2a: Banette|atk|2\n|move|p1a: Forretress|Stealth Rock|p2a: Banette\n|-sidestart|p2: iosuhga|move: Stealth Rock\n|\n|upkeep\n|turn|2\n|\n|t:|1700416172\n|detailschange|p2a: Banette|Banette-Mega, F\n|-mega|p2a: Banette|Banette|Banettite\n|move|p2a: Banette|Poltergeist|p1a: Forretress\n|-activate|p1a: Forretress|move: Poltergeist|Custap Berry\n|-ability|p1a: Forretress|Sturdy\n|-damage|p1a: Forretress|1\/100\n|move|p1a: Forretress|Toxic Spikes|p2a: Banette\n|-sidestart|p2: iosuhga|move: Toxic Spikes\n|\n|upkeep\n|turn|3\n|-enditem|p1a: Forretress|Custap Berry|[eat]\n|-activate|p1a: Forretress|item: Custap Berry|[consumed]\n|\n|t:|1700416179\n|move|p2a: Banette|Shadow Sneak|p1a: Forretress\n|-damage|p1a: Forretress|0 fnt\n|faint|p1a: Forretress\n|\n|upkeep\n|\n|t:|1700416186\n|switch|p1a: Sableye|Sableye, F|100\/100\n|turn|4\n|\n|t:|1700416189\n|detailschange|p1a: Sableye|Sableye-Mega, F\n|-mega|p1a: Sableye|Sableye|Sablenite\n|move|p2a: Banette|Poltergeist|p1a: Sableye\n|-activate|p1a: Sableye|move: Poltergeist|Sablenite\n|-damage|p1a: Sableye|0 fnt\n|faint|p1a: Sableye\n|\n|upkeep\n|\n|t:|1700416200\n|switch|p1a: Zapdos|Zapdos|100\/100\n|turn|5\n|\n|t:|1700416202\n|move|p1a: Zapdos|Thunderbolt|p2a: Banette\n|-damage|p2a: Banette|46\/100\n|move|p2a: Banette|Poltergeist|p1a: Zapdos\n|-activate|p1a: Zapdos|move: Poltergeist|Choice Scarf\n|-damage|p1a: Zapdos|0 fnt\n|faint|p1a: Zapdos\n|\n|upkeep\n|\n|t:|1700416210\n|switch|p1a: Corviknight|Corviknight, F|100\/100\n|turn|6\n|\n|t:|1700416213\n|move|p2a: Banette|Poltergeist|p1a: Corviknight\n|-activate|p1a: Corviknight|move: Poltergeist|Weakness Policy\n|-damage|p1a: Corviknight|0 fnt\n|faint|p1a: Corviknight\n|\n|upkeep\n|\n|t:|1700416219\n|switch|p1a: Toxapex|Toxapex, M|100\/100\n|turn|7\n|\n|t:|1700416221\n|move|p2a: Banette|Poltergeist|p1a: Toxapex|[miss]\n|-miss|p2a: Banette|p1a: Toxapex\n|move|p1a: Toxapex|Knock Off|p2a: Banette\n|-supereffective|p2a: Banette\n|-damage|p2a: Banette|0 fnt\n|faint|p2a: Banette\n|\n|upkeep\n|\n|t:|1700416238\n|switch|p2a: Sinistcha|Sinistcha-Masterpiece|100\/100\n|-damage|p2a: Sinistcha|88\/100|[from] Stealth Rock\n|-status|p2a: Sinistcha|psn\n|turn|8\n|\n|t:|1700416242\n|move|p2a: Sinistcha|Matcha Gotcha|p1a: Toxapex\n|-damage|p1a: Toxapex|70\/100\n|-heal|p2a: Sinistcha|100\/100 psn|[from] drain|[of] p1a: Toxapex\n|move|p1a: Toxapex|Knock Off|p2a: Sinistcha\n|-supereffective|p2a: Sinistcha\n|-crit|p2a: Sinistcha\n|-damage|p2a: Sinistcha|29\/100 psn\n|-enditem|p2a: Sinistcha|Leftovers|[from] move: Knock Off|[of] p1a: Toxapex\n|\n|-damage|p2a: Sinistcha|17\/100 psn|[from] psn\n|upkeep\n|turn|9\n|\n|t:|1700416252\n|move|p2a: Sinistcha|Strength Sap|p1a: Toxapex\n|-unboost|p1a: Toxapex|atk|1\n|-heal|p2a: Sinistcha|88\/100 psn\n|move|p1a: Toxapex|Knock Off|p2a: Sinistcha\n|-supereffective|p2a: Sinistcha\n|-crit|p2a: Sinistcha\n|-damage|p2a: Sinistcha|33\/100 psn\n|\n|-damage|p2a: Sinistcha|20\/100 psn|[from] psn\n|upkeep\n|turn|10\n|\n|t:|1700416259\n|move|p2a: Sinistcha|Stun Spore|p1a: Toxapex\n|-status|p1a: Toxapex|par\n|move|p1a: Toxapex|Knock Off|p2a: Sinistcha\n|-supereffective|p2a: Sinistcha\n|-crit|p2a: Sinistcha\n|-damage|p2a: Sinistcha|0 fnt\n|faint|p2a: Sinistcha\n|\n|upkeep\n|\n|t:|1700416264\n|switch|p2a: Rotom|Rotom-Wash|100\/100\n|-damage|p2a: Rotom|88\/100|[from] Stealth Rock\n|turn|11\n|\n|t:|1700416277\n|-terastallize|p2a: Rotom|Ghost\n|move|p2a: Rotom|Hex|p1a: Toxapex\n|-damage|p1a: Toxapex|26\/100 par\n|move|p1a: Toxapex|Knock Off|p2a: Rotom\n|-supereffective|p2a: Rotom\n|-damage|p2a: Rotom|48\/100\n|-enditem|p2a: Rotom|Leftovers|[from] move: Knock Off|[of] p1a: Toxapex\n|\n|upkeep\n|turn|12\n|\n|t:|1700416287\n|move|p2a: Rotom|Hex|p1a: Toxapex\n|-damage|p1a: Toxapex|0 fnt\n|faint|p1a: Toxapex\n|\n|upkeep\n|\n|t:|1700416292\n|switch|p1a: Vaporeon|Vaporeon, M|100\/100\n|turn|13\n|\n|t:|1700416299\n|move|p2a: Rotom|Volt Switch|p1a: Vaporeon\n|-supereffective|p1a: Vaporeon\n|-damage|p1a: Vaporeon|62\/100\n|\n|t:|1700416304\n|switch|p2a: Iron Valiant|Iron Valiant|100\/100|[from] Volt Switch\n|-damage|p2a: Iron Valiant|94\/100|[from] Stealth Rock\n|-status|p2a: Iron Valiant|psn\n|-zpower|p1a: Vaporeon\n|move|p1a: Vaporeon|Z-Celebrate|p1a: Vaporeon|[anim]Celebrate\n|-boost|p1a: Vaporeon|atk|1|[zeffect]\n|-boost|p1a: Vaporeon|def|1|[zeffect]\n|-boost|p1a: Vaporeon|spa|1|[zeffect]\n|-boost|p1a: Vaporeon|spd|1|[zeffect]\n|-boost|p1a: Vaporeon|spe|1|[zeffect]\n|-activate|p1a: Vaporeon|move: Celebrate\n|\n|-damage|p2a: Iron Valiant|82\/100 psn|[from] psn\n|upkeep\n|turn|14\n|\n|t:|1700416321\n|move|p2a: Iron Valiant|Energy Ball|p1a: Vaporeon\n|-supereffective|p1a: Vaporeon\n|-damage|p1a: Vaporeon|14\/100\n|move|p1a: Vaporeon|Stored Power|p2a: Iron Valiant\n|-supereffective|p2a: Iron Valiant\n|-damage|p2a: Iron Valiant|0 fnt\n|faint|p2a: Iron Valiant\n|-end|p2a: Iron Valiant|Quark Drive|[silent]\n|\n|upkeep\n|\n|t:|1700416327\n|switch|p2a: Urshifu|Urshifu-Rapid-Strike, F|100\/100\n|-damage|p2a: Urshifu|94\/100|[from] Stealth Rock\n|-status|p2a: Urshifu|psn\n|turn|15\n|\n|t:|1700416333\n|move|p2a: Urshifu|Thunder Punch|p1a: Vaporeon\n|-supereffective|p1a: Vaporeon\n|-damage|p1a: Vaporeon|0 fnt\n|faint|p1a: Vaporeon\n|\n|win|iosuhga\n|raw|Kaick1478's rating: 1145 &rarr; <strong>1125<\/strong><br \/>(-20 for losing)\n|raw|iosuhga's rating: 1214 &rarr; <strong>1234<\/strong><br \/>(+20 for winning)\n|l|\u2606Kaick1478\n","uploadtime":1700416340,"views":11,"p1id":"kaick1478","p2id":"iosuhga","formatid":"gen9nationaldex","rating":1125,"private":0,"password":""}