{"id":"gen9nationaldex-1990369834","p1":"Yuanshen61\u6211\u8981\u73a9\u539f\u795e","p2":"oomizuhasuoo","format":"[Gen 9] National Dex","log":"|j|\u2606Yuanshen61\u6211\u8981\u73a9\u539f\u795e\n|j|\u2606oomizuhasuoo\n|t:|1699963312\n|gametype|singles\n|player|p1|Yuanshen61\u6211\u8981\u73a9\u539f\u795e|dawn-contest|1466\n|player|p2|oomizuhasuoo|lana|1664\n|teamsize|p1|6\n|teamsize|p2|6\n|gen|9\n|tier|[Gen 9] National Dex\n|rated|\n|rule|HP Percentage Mod: HP is shown in percentages\n|rule|Endless Battle Clause: Forcing endless battles is banned\n|rule|OHKO Clause: OHKO moves are banned\n|rule|Evasion Clause: Evasion abilities, items, and moves are banned\n|rule|Evasion Abilities Clause: Evasion abilities are banned\n|rule|Evasion Items Clause: Evasion items are banned\n|rule|Evasion Moves Clause: Evasion moves are banned\n|rule|Species Clause: Limit one of each Pok\u00e9mon\n|rule|Sleep Clause Mod: Limit one foe put to sleep\n|clearpoke\n|poke|p1|Garchomp, M|\n|poke|p1|Rillaboom, F|\n|poke|p1|Sneasler, M|\n|poke|p1|Scizor, F|\n|poke|p1|Moltres|\n|poke|p1|Iron Valiant|\n|poke|p2|Zapdos|\n|poke|p2|Scizor, F|\n|poke|p2|Ogerpon-Wellspring, F|\n|poke|p2|Pelipper, F|\n|poke|p2|Urshifu-*, M|\n|poke|p2|Haxorus, F|\n|teampreview\n|inactive|Battle timer is ON: inactive players will automatically lose when time's up. (requested by Yuanshen61\u6211\u8981\u73a9\u539f\u795e)\n|\n|t:|1699963331\n|start\n|switch|p1a: Garchomp|Garchomp, M|100\/100\n|switch|p2a: \u96e8\u5929\u7b2c\u4e00\u70ae\u7070|Pelipper, F|100\/100\n|-weather|RainDance|[from] ability: Drizzle|[of] p2a: \u96e8\u5929\u7b2c\u4e00\u70ae\u7070\n|turn|1\n|\n|t:|1699963336\n|move|p1a: Garchomp|Stealth Rock|p2a: \u96e8\u5929\u7b2c\u4e00\u70ae\u7070\n|-sidestart|p2: oomizuhasuoo|move: Stealth Rock\n|move|p2a: \u96e8\u5929\u7b2c\u4e00\u70ae\u7070|Scald|p1a: Garchomp\n|-damage|p1a: Garchomp|61\/100\n|\n|-weather|RainDance|[upkeep]\n|upkeep\n|turn|2\n|\n|t:|1699963344\n|-zpower|p1a: Garchomp\n|move|p1a: Garchomp|Devastating Drake|p2a: \u96e8\u5929\u7b2c\u4e00\u70ae\u7070|[zeffect]\n|-damage|p2a: \u96e8\u5929\u7b2c\u4e00\u70ae\u7070|13\/100\n|move|p2a: \u96e8\u5929\u7b2c\u4e00\u70ae\u7070|U-turn|p1a: Garchomp\n|-damage|p1a: Garchomp|53\/100\n|-damage|p2a: \u96e8\u5929\u7b2c\u4e00\u70ae\u7070|1\/100|[from] ability: Rough Skin|[of] p1a: Garchomp\n|\n|t:|1699963351\n|switch|p2a: \u96cc\u5c0f\u9b3c|Ogerpon-Wellspring, F|100\/100|[from] U-turn\n|-damage|p2a: \u96cc\u5c0f\u9b3c|88\/100|[from] Stealth Rock\n|\n|-weather|RainDance|[upkeep]\n|upkeep\n|turn|3\n|\n|t:|1699963356\n|move|p2a: \u96cc\u5c0f\u9b3c|Ivy Cudgel|p1a: Garchomp|[anim] Ivy Cudgel Water\n|-damage|p1a: Garchomp|0 fnt\n|faint|p1a: Garchomp\n|\n|-weather|RainDance|[upkeep]\n|upkeep\n|\n|t:|1699963360\n|switch|p1a: Rillaboom|Rillaboom, F|100\/100\n|-fieldstart|move: Grassy Terrain|[from] ability: Grassy Surge|[of] p1a: Rillaboom\n|turn|4\n|\n|t:|1699963367\n|switch|p2a: \u518dmiss\u5956\u52b1\u5c16\u77f3\u653b\u51fb|Zapdos|100\/100\n|-ability|p2a: \u518dmiss\u5956\u52b1\u5c16\u77f3\u653b\u51fb|Pressure\n|move|p1a: Rillaboom|Wood Hammer|p2a: \u518dmiss\u5956\u52b1\u5c16\u77f3\u653b\u51fb\n|-resisted|p2a: \u518dmiss\u5956\u52b1\u5c16\u77f3\u653b\u51fb\n|-damage|p2a: \u518dmiss\u5956\u52b1\u5c16\u77f3\u653b\u51fb|39\/100\n|-damage|p1a: Rillaboom|80\/100|[from] Recoil\n|\n|-weather|RainDance|[upkeep]\n|-heal|p1a: Rillaboom|86\/100|[from] Grassy Terrain\n|upkeep\n|turn|5\n|\n|t:|1699963375\n|switch|p1a: Scizor|Scizor, F|100\/100\n|move|p2a: \u518dmiss\u5956\u52b1\u5c16\u77f3\u653b\u51fb|Hurricane|p1a: Scizor\n|-damage|p1a: Scizor|43\/100\n|\n|-weather|RainDance|[upkeep]\n|-heal|p1a: Scizor|49\/100|[from] Grassy Terrain\n|upkeep\n|turn|6\n|\n|t:|1699963379\n|detailschange|p1a: Scizor|Scizor-Mega, F\n|-mega|p1a: Scizor|Scizor|Scizorite\n|move|p2a: \u518dmiss\u5956\u52b1\u5c16\u77f3\u653b\u51fb|Roost|p2a: \u518dmiss\u5956\u52b1\u5c16\u77f3\u653b\u51fb\n|-heal|p2a: \u518dmiss\u5956\u52b1\u5c16\u77f3\u653b\u51fb|89\/100\n|-singleturn|p2a: \u518dmiss\u5956\u52b1\u5c16\u77f3\u653b\u51fb|move: Roost\n|move|p1a: Scizor|Roost|p1a: Scizor\n|-heal|p1a: Scizor|99\/100\n|-singleturn|p1a: Scizor|move: Roost\n|\n|-weather|RainDance|[upkeep]\n|-heal|p2a: \u518dmiss\u5956\u52b1\u5c16\u77f3\u653b\u51fb|95\/100|[from] Grassy Terrain\n|-heal|p1a: Scizor|100\/100|[from] Grassy Terrain\n|upkeep\n|turn|7\n|\n|t:|1699963384\n|move|p2a: \u518dmiss\u5956\u52b1\u5c16\u77f3\u653b\u51fb|Hurricane|p1a: Scizor\n|-damage|p1a: Scizor|49\/100\n|-start|p1a: Scizor|confusion\n|-activate|p1a: Scizor|confusion\n|move|p1a: Scizor|U-turn|p2a: \u518dmiss\u5956\u52b1\u5c16\u77f3\u653b\u51fb\n|-resisted|p2a: \u518dmiss\u5956\u52b1\u5c16\u77f3\u653b\u51fb\n|-crit|p2a: \u518dmiss\u5956\u52b1\u5c16\u77f3\u653b\u51fb\n|-damage|p2a: \u518dmiss\u5956\u52b1\u5c16\u77f3\u653b\u51fb|69\/100\n|\n|t:|1699963395\n|switch|p1a: Iron Valiant|Iron Valiant|100\/100|[from] U-turn\n|-enditem|p1a: Iron Valiant|Booster Energy\n|-activate|p1a: Iron Valiant|ability: Quark Drive|[fromitem]\n|-start|p1a: Iron Valiant|quarkdrivespe\n|\n|-weather|RainDance|[upkeep]\n|upkeep\n|turn|8\n|\n|t:|1699963409\n|switch|p2a: \u96e8\u5929\u7b2c\u4e00\u70ae\u7070|Pelipper, F|1\/100\n|-damage|p2a: \u96e8\u5929\u7b2c\u4e00\u70ae\u7070|0 fnt|[from] Stealth Rock\n|faint|p2a: \u96e8\u5929\u7b2c\u4e00\u70ae\u7070\n|move|p1a: Iron Valiant|Moonblast|p2: \u96e8\u5929\u7b2c\u4e00\u70ae\u7070|[notarget]\n|-fail|p1a: Iron Valiant\n|\n|-weather|none\n|-fieldend|move: Grassy Terrain\n|upkeep\n|\n|t:|1699963420\n|switch|p2a: \u96e8\u5929\u5927\u5c06\u94a2\u87b3\u8782|Scizor, F|100\/100\n|-damage|p2a: \u96e8\u5929\u5927\u5c06\u94a2\u87b3\u8782|88\/100|[from] Stealth Rock\n|turn|9\n|\n|t:|1699963425\n|detailschange|p2a: \u96e8\u5929\u5927\u5c06\u94a2\u87b3\u8782|Scizor-Mega, F\n|-mega|p2a: \u96e8\u5929\u5927\u5c06\u94a2\u87b3\u8782|Scizor|Scizorite\n|-terastallize|p1a: Iron Valiant|Electric\n|move|p1a: Iron Valiant|Thunderbolt|p2a: \u96e8\u5929\u5927\u5c06\u94a2\u87b3\u8782\n|-damage|p2a: \u96e8\u5929\u5927\u5c06\u94a2\u87b3\u8782|42\/100\n|move|p2a: \u96e8\u5929\u5927\u5c06\u94a2\u87b3\u8782|U-turn|p1a: Iron Valiant\n|-damage|p1a: Iron Valiant|38\/100\n|\n|t:|1699963443\n|switch|p2a: \u5403\u6211\u9f99\u5c3e|Haxorus, F|100\/100|[from] U-turn\n|-damage|p2a: \u5403\u6211\u9f99\u5c3e|88\/100|[from] Stealth Rock\n|-ability|p2a: \u5403\u6211\u9f99\u5c3e|Mold Breaker\n|\n|upkeep\n|turn|10\n|\n|t:|1699963451\n|-terastallize|p2a: \u5403\u6211\u9f99\u5c3e|Steel\n|move|p1a: Iron Valiant|Moonblast|p2a: \u5403\u6211\u9f99\u5c3e\n|-resisted|p2a: \u5403\u6211\u9f99\u5c3e\n|-damage|p2a: \u5403\u6211\u9f99\u5c3e|49\/100\n|move|p2a: \u5403\u6211\u9f99\u5c3e|Scale Shot|p1a: Iron Valiant\n|-damage|p1a: Iron Valiant|20\/100\n|-damage|p1a: Iron Valiant|2\/100\n|-damage|p1a: Iron Valiant|0 fnt\n|faint|p1a: Iron Valiant\n|-end|p1a: Iron Valiant|Quark Drive|[silent]\n|-hitcount|p1: Iron Valiant|3\n|-unboost|p2a: \u5403\u6211\u9f99\u5c3e|def|1\n|-boost|p2a: \u5403\u6211\u9f99\u5c3e|spe|1\n|\n|upkeep\n|\n|t:|1699963458\n|switch|p1a: Rillaboom|Rillaboom, F|86\/100\n|-fieldstart|move: Grassy Terrain|[from] ability: Grassy Surge|[of] p1a: Rillaboom\n|turn|11\n|\n|t:|1699963463\n|move|p1a: Rillaboom|Grassy Glide|p2a: \u5403\u6211\u9f99\u5c3e\n|-resisted|p2a: \u5403\u6211\u9f99\u5c3e\n|-damage|p2a: \u5403\u6211\u9f99\u5c3e|0 fnt\n|faint|p2a: \u5403\u6211\u9f99\u5c3e\n|\n|-heal|p1a: Rillaboom|92\/100|[from] Grassy Terrain\n|upkeep\n|\n|t:|1699963469\n|switch|p2a: \u518dmiss\u5956\u52b1\u5c16\u77f3\u653b\u51fb|Zapdos|69\/100\n|-ability|p2a: \u518dmiss\u5956\u52b1\u5c16\u77f3\u653b\u51fb|Pressure\n|turn|12\n|\n|t:|1699963481\n|switch|p1a: Scizor|Scizor-Mega, F|49\/100\n|move|p2a: \u518dmiss\u5956\u52b1\u5c16\u77f3\u653b\u51fb|Hurricane|p1a: Scizor\n|-damage|p1a: Scizor|0 fnt\n|faint|p1a: Scizor\n|\n|upkeep\n|\n|t:|1699963483\n|switch|p1a: Sneasler|Sneasler, M|100\/100\n|-enditem|p1a: Sneasler|Grassy Seed\n|-boost|p1a: Sneasler|def|1|[from] item: Grassy Seed\n|turn|13\n|\n|t:|1699963487\n|move|p1a: Sneasler|Dire Claw|p2a: \u518dmiss\u5956\u52b1\u5c16\u77f3\u653b\u51fb\n|-damage|p2a: \u518dmiss\u5956\u52b1\u5c16\u77f3\u653b\u51fb|25\/100\n|move|p2a: \u518dmiss\u5956\u52b1\u5c16\u77f3\u653b\u51fb|Hurricane|p1a: Sneasler\n|-supereffective|p1a: Sneasler\n|-damage|p1a: Sneasler|0 fnt\n|faint|p1a: Sneasler\n|\n|upkeep\n|\n|t:|1699963491\n|switch|p1a: Rillaboom|Rillaboom, F|92\/100\n|turn|14\n|\n|t:|1699963500\n|switch|p2a: \u96e8\u5929\u5927\u5c06\u94a2\u87b3\u8782|Scizor-Mega, F|42\/100\n|-damage|p2a: \u96e8\u5929\u5927\u5c06\u94a2\u87b3\u8782|30\/100|[from] Stealth Rock\n|move|p1a: Rillaboom|Grassy Glide|p2a: \u96e8\u5929\u5927\u5c06\u94a2\u87b3\u8782\n|-resisted|p2a: \u96e8\u5929\u5927\u5c06\u94a2\u87b3\u8782\n|-crit|p2a: \u96e8\u5929\u5927\u5c06\u94a2\u87b3\u8782\n|-damage|p2a: \u96e8\u5929\u5927\u5c06\u94a2\u87b3\u8782|16\/100\n|\n|-heal|p1a: Rillaboom|98\/100|[from] Grassy Terrain\n|-heal|p2a: \u96e8\u5929\u5927\u5c06\u94a2\u87b3\u8782|22\/100|[from] Grassy Terrain\n|upkeep\n|turn|15\n|\n|t:|1699963506\n|switch|p1a: Moltres|Moltres|100\/100\n|move|p2a: \u96e8\u5929\u5927\u5c06\u94a2\u87b3\u8782|Swords Dance|p2a: \u96e8\u5929\u5927\u5c06\u94a2\u87b3\u8782\n|-boost|p2a: \u96e8\u5929\u5927\u5c06\u94a2\u87b3\u8782|atk|2\n|\n|-heal|p2a: \u96e8\u5929\u5927\u5c06\u94a2\u87b3\u8782|28\/100|[from] Grassy Terrain\n|-fieldend|move: Grassy Terrain\n|upkeep\n|turn|16\n|\n|t:|1699963509\n|move|p2a: \u96e8\u5929\u5927\u5c06\u94a2\u87b3\u8782|Bullet Punch|p1a: Moltres\n|-resisted|p1a: Moltres\n|-damage|p1a: Moltres|71\/100\n|move|p1a: Moltres|Flamethrower|p2a: \u96e8\u5929\u5927\u5c06\u94a2\u87b3\u8782\n|-supereffective|p2a: \u96e8\u5929\u5927\u5c06\u94a2\u87b3\u8782\n|-damage|p2a: \u96e8\u5929\u5927\u5c06\u94a2\u87b3\u8782|0 fnt\n|faint|p2a: \u96e8\u5929\u5927\u5c06\u94a2\u87b3\u8782\n|\n|upkeep\n|\n|t:|1699963512\n|switch|p2a: \u96cc\u5c0f\u9b3c|Ogerpon-Wellspring, F|88\/100\n|-damage|p2a: \u96cc\u5c0f\u9b3c|76\/100|[from] Stealth Rock\n|turn|17\n|\n|t:|1699963515\n|move|p2a: \u96cc\u5c0f\u9b3c|Ivy Cudgel|p1a: Moltres|[anim] Ivy Cudgel Water\n|-supereffective|p1a: Moltres\n|-damage|p1a: Moltres|0 fnt\n|faint|p1a: Moltres\n|\n|upkeep\n|\n|t:|1699963517\n|switch|p1a: Rillaboom|Rillaboom, F|98\/100\n|-fieldstart|move: Grassy Terrain|[from] ability: Grassy Surge|[of] p1a: Rillaboom\n|turn|18\n|\n|t:|1699963521\n|move|p1a: Rillaboom|Grassy Glide|p2a: \u96cc\u5c0f\u9b3c\n|-damage|p2a: \u96cc\u5c0f\u9b3c|9\/100\n|move|p2a: \u96cc\u5c0f\u9b3c|Ivy Cudgel|p1a: Rillaboom|[anim] Ivy Cudgel Water\n|-resisted|p1a: Rillaboom\n|-damage|p1a: Rillaboom|64\/100\n|\n|-heal|p2a: \u96cc\u5c0f\u9b3c|15\/100|[from] Grassy Terrain\n|-heal|p1a: Rillaboom|70\/100|[from] Grassy Terrain\n|upkeep\n|turn|19\n|\n|t:|1699963525\n|move|p1a: Rillaboom|Grassy Glide|p2a: \u96cc\u5c0f\u9b3c\n|-damage|p2a: \u96cc\u5c0f\u9b3c|0 fnt\n|faint|p2a: \u96cc\u5c0f\u9b3c\n|\n|-heal|p1a: Rillaboom|76\/100|[from] Grassy Terrain\n|upkeep\n|\n|t:|1699963527\n|switch|p2a: \u519c\u5085\u4e09\u62f3|Urshifu-Rapid-Strike, M|100\/100\n|-damage|p2a: \u519c\u5085\u4e09\u62f3|94\/100|[from] Stealth Rock\n|turn|20\n|\n|t:|1699963529\n|move|p1a: Rillaboom|Grassy Glide|p2a: \u519c\u5085\u4e09\u62f3\n|-supereffective|p2a: \u519c\u5085\u4e09\u62f3\n|-damage|p2a: \u519c\u5085\u4e09\u62f3|0 fnt\n|faint|p2a: \u519c\u5085\u4e09\u62f3\n|\n|-heal|p1a: Rillaboom|83\/100|[from] Grassy Terrain\n|upkeep\n|\n|t:|1699963533\n|switch|p2a: \u518dmiss\u5956\u52b1\u5c16\u77f3\u653b\u51fb|Zapdos|25\/100\n|-ability|p2a: \u518dmiss\u5956\u52b1\u5c16\u77f3\u653b\u51fb|Pressure\n|turn|21\n|\n|t:|1699963535\n|move|p1a: Rillaboom|Grassy Glide|p2a: \u518dmiss\u5956\u52b1\u5c16\u77f3\u653b\u51fb\n|-resisted|p2a: \u518dmiss\u5956\u52b1\u5c16\u77f3\u653b\u51fb\n|-damage|p2a: \u518dmiss\u5956\u52b1\u5c16\u77f3\u653b\u51fb|0 fnt\n|faint|p2a: \u518dmiss\u5956\u52b1\u5c16\u77f3\u653b\u51fb\n|\n|win|Yuanshen61\u6211\u8981\u73a9\u539f\u795e\n|raw|Yuanshen61\u6211\u8981\u73a9\u539f\u795e's rating: 1466 &rarr; <strong>1496<\/strong><br \/>(+30 for winning)\n|raw|oomizuhasuoo's rating: 1664 &rarr; <strong>1634<\/strong><br \/>(-30 for losing)\n","uploadtime":1699963538,"views":3,"p1id":"yuanshen61","p2id":"oomizuhasuoo","formatid":"gen9nationaldex","rating":1496,"private":0,"password":""}