{"id":"gen9nationaldex-1998545162","p1":"Garry97","p2":"Fellow06","format":"[Gen 9] National Dex","log":"|html|<div class=\"broadcast-blue\"><strong>[Gen 9] National Dex is currently suspecting Sneasler! For information on how to participate check out the <a href=\"https:\/\/www.smogon.com\/forums\/threads\/sv-national-dex-suspect-8-just-dance.3731534\/\">suspect thread<\/a>.<\/strong><\/div>\n|j|\u2606Garry97\n|j|\u2606Fellow06\n|t:|1700954574\n|gametype|singles\n|player|p1|Garry97|eri|1469\n|player|p2|Fellow06|nessa-masters|1517\n|teamsize|p1|6\n|teamsize|p2|6\n|gen|9\n|tier|[Gen 9] National Dex\n|rated|\n|rule|HP Percentage Mod: HP is shown in percentages\n|rule|Endless Battle Clause: Forcing endless battles is banned\n|rule|OHKO Clause: OHKO moves are banned\n|rule|Evasion Clause: Evasion abilities, items, and moves are banned\n|rule|Evasion Abilities Clause: Evasion abilities are banned\n|rule|Evasion Items Clause: Evasion items are banned\n|rule|Evasion Moves Clause: Evasion moves are banned\n|rule|Species Clause: Limit one of each Pok\u00e9mon\n|rule|Sleep Clause Mod: Limit one foe put to sleep\n|clearpoke\n|poke|p1|Lucario, M|\n|poke|p1|Blaziken, M|\n|poke|p1|Aggron, M|\n|poke|p1|Gardevoir, F|\n|poke|p1|Milotic, F|\n|poke|p1|Salamence, M|\n|poke|p2|Great Tusk|\n|poke|p2|Dragonite, F|\n|poke|p2|Volcarona, F|\n|poke|p2|Iron Moth|\n|poke|p2|Oricorio-Sensu, F|\n|poke|p2|Ogerpon-Wellspring, F|\n|teampreview\n|inactive|Battle timer is ON: inactive players will automatically lose when time's up. (requested by Fellow06)\n|\n|t:|1700954592\n|start\n|switch|p1a: Elena FDEZ|Gardevoir, F|100\/100\n|switch|p2a: You Won?|Ogerpon-Wellspring, F|100\/100\n|-ability|p1a: Elena FDEZ|Water Absorb|[from] ability: Trace|[of] p2a: You Won?\n|turn|1\n|\n|t:|1700954614\n|switch|p1a: Dracule Mihawk|Salamence, M|100\/100\n|-ability|p1a: Dracule Mihawk|Intimidate|boost\n|-unboost|p2a: You Won?|atk|1\n|switch|p2a: Urban Risks|Great Tusk|100\/100\n|-enditem|p2a: Urban Risks|Booster Energy\n|-activate|p2a: Urban Risks|ability: Protosynthesis|[fromitem]\n|-start|p2a: Urban Risks|protosynthesisatk\n|\n|upkeep\n|turn|2\n|\n|t:|1700954626\n|switch|p1a: Reinhardt|Aggron, M|100\/100\n|move|p2a: Urban Risks|Rock Slide|p1a: Reinhardt\n|-resisted|p1a: Reinhardt\n|-damage|p1a: Reinhardt|93\/100\n|\n|upkeep\n|turn|3\n|\n|t:|1700954635\n|detailschange|p1a: Reinhardt|Aggron-Mega, M\n|-mega|p1a: Reinhardt|Aggron|Aggronite\n|move|p2a: Urban Risks|Rock Slide|p1a: Reinhardt\n|-resisted|p1a: Reinhardt\n|-damage|p1a: Reinhardt|87\/100\n|cant|p1a: Reinhardt|flinch\n|\n|upkeep\n|turn|4\n|\n|t:|1700954643\n|move|p2a: Urban Risks|Close Combat|p1a: Reinhardt\n|-supereffective|p1a: Reinhardt\n|-damage|p1a: Reinhardt|40\/100\n|-unboost|p2a: Urban Risks|def|1\n|-unboost|p2a: Urban Risks|spd|1\n|move|p1a: Reinhardt|Avalanche|p2a: Urban Risks\n|-supereffective|p2a: Urban Risks\n|-damage|p2a: Urban Risks|23\/100\n|\n|upkeep\n|turn|5\n|\n|t:|1700954653\n|switch|p1a: Dracule Mihawk|Salamence, M|100\/100\n|-ability|p1a: Dracule Mihawk|Intimidate|boost\n|-unboost|p2a: Urban Risks|atk|1\n|move|p2a: Urban Risks|Close Combat|p1a: Dracule Mihawk\n|-resisted|p1a: Dracule Mihawk\n|-damage|p1a: Dracule Mihawk|69\/100\n|-unboost|p2a: Urban Risks|def|1\n|-unboost|p2a: Urban Risks|spd|1\n|\n|upkeep\n|turn|6\n|\n|t:|1700954667\n|switch|p1a: Elena FDEZ|Gardevoir, F|100\/100\n|move|p2a: Urban Risks|Close Combat|p1a: Elena FDEZ\n|-resisted|p1a: Elena FDEZ\n|-damage|p1a: Elena FDEZ|79\/100\n|-unboost|p2a: Urban Risks|def|1\n|-unboost|p2a: Urban Risks|spd|1\n|\n|upkeep\n|turn|7\n|\n|t:|1700954676\n|move|p1a: Elena FDEZ|Psychic|p2a: Urban Risks\n|-supereffective|p2a: Urban Risks\n|-damage|p2a: Urban Risks|0 fnt\n|faint|p2a: Urban Risks\n|-end|p2a: Urban Risks|Protosynthesis|[silent]\n|\n|upkeep\n|\n|t:|1700954683\n|switch|p2a: Welcome Home|Dragonite, F, shiny|100\/100\n|-ability|p1a: Elena FDEZ|Multiscale|[from] ability: Trace|[of] p2a: Welcome Home\n|turn|8\n|\n|t:|1700954690\n|switch|p1a: Reinhardt|Aggron-Mega, M|40\/100\n|move|p2a: Welcome Home|Dragon Dance|p2a: Welcome Home\n|-boost|p2a: Welcome Home|atk|1\n|-boost|p2a: Welcome Home|spe|1\n|\n|upkeep\n|turn|9\n|\n|t:|1700954697\n|move|p2a: Welcome Home|Earthquake|p1a: Reinhardt\n|-supereffective|p1a: Reinhardt\n|-damage|p1a: Reinhardt|5\/100\n|move|p1a: Reinhardt|Avalanche|p2a: Welcome Home\n|-supereffective|p2a: Welcome Home\n|-damage|p2a: Welcome Home|19\/100\n|-enditem|p2a: Welcome Home|Weakness Policy\n|-boost|p2a: Welcome Home|atk|2|[from] item: Weakness Policy\n|-boost|p2a: Welcome Home|spa|2|[from] item: Weakness Policy\n|\n|upkeep\n|turn|10\n|\n|t:|1700954710\n|move|p2a: Welcome Home|Dragon Rush|p1a: Reinhardt\n|-resisted|p1a: Reinhardt\n|-damage|p1a: Reinhardt|0 fnt\n|faint|p1a: Reinhardt\n|\n|upkeep\n|\n|t:|1700954715\n|switch|p1a: Lord Beerus|Lucario, M|100\/100\n|turn|11\n|\n|t:|1700954719\n|move|p1a: Lord Beerus|Extreme Speed|p2a: Welcome Home\n|-damage|p2a: Welcome Home|0 fnt\n|faint|p2a: Welcome Home\n|\n|upkeep\n|\n|t:|1700954722\n|switch|p2a: Modern Misery|Iron Moth|100\/100\n|-enditem|p2a: Modern Misery|Booster Energy\n|-activate|p2a: Modern Misery|ability: Quark Drive|[fromitem]\n|-start|p2a: Modern Misery|quarkdrivespa\n|turn|12\n|\n|t:|1700954730\n|switch|p1a: Ogopogo|Milotic, F|100\/100\n|move|p2a: Modern Misery|Fiery Dance|p1a: Ogopogo\n|-resisted|p1a: Ogopogo\n|-damage|p1a: Ogopogo|85\/100\n|\n|-heal|p1a: Ogopogo|91\/100|[from] item: Leftovers\n|upkeep\n|turn|13\n|\n|t:|1700954739\n|move|p2a: Modern Misery|Energy Ball|p1a: Ogopogo\n|-supereffective|p1a: Ogopogo\n|-damage|p1a: Ogopogo|47\/100\n|move|p1a: Ogopogo|Surf|p2a: Modern Misery\n|-supereffective|p2a: Modern Misery\n|-damage|p2a: Modern Misery|36\/100\n|\n|-heal|p1a: Ogopogo|53\/100|[from] item: Leftovers\n|upkeep\n|turn|14\n|\n|t:|1700954751\n|move|p2a: Modern Misery|Energy Ball|p1a: Ogopogo\n|-supereffective|p1a: Ogopogo\n|-damage|p1a: Ogopogo|6\/100\n|move|p1a: Ogopogo|Surf|p2a: Modern Misery\n|-supereffective|p2a: Modern Misery\n|-damage|p2a: Modern Misery|0 fnt\n|faint|p2a: Modern Misery\n|-end|p2a: Modern Misery|Quark Drive|[silent]\n|\n|-heal|p1a: Ogopogo|12\/100|[from] item: Leftovers\n|upkeep\n|\n|t:|1700954755\n|switch|p2a: You Won?|Ogerpon-Wellspring, F|100\/100\n|turn|15\n|\n|t:|1700954767\n|switch|p1a: Dracule Mihawk|Salamence, M|69\/100\n|-ability|p1a: Dracule Mihawk|Intimidate|boost\n|-unboost|p2a: You Won?|atk|1\n|move|p2a: You Won?|Swords Dance|p2a: You Won?\n|-boost|p2a: You Won?|atk|2\n|\n|upkeep\n|turn|16\n|\n|t:|1700954777\n|move|p2a: You Won?|Play Rough|p1a: Dracule Mihawk\n|-supereffective|p1a: Dracule Mihawk\n|-damage|p1a: Dracule Mihawk|0 fnt\n|faint|p1a: Dracule Mihawk\n|\n|upkeep\n|\n|t:|1700954786\n|switch|p1a: Pollo Hermano|Blaziken, M|100\/100\n|turn|17\n|\n|t:|1700954790\n|move|p1a: Pollo Hermano|Protect|p1a: Pollo Hermano\n|-singleturn|p1a: Pollo Hermano|Protect\n|move|p2a: You Won?|Ivy Cudgel|p1a: Pollo Hermano|[anim] Ivy Cudgel Water\n|-activate|p1a: Pollo Hermano|move: Protect\n|\n|-ability|p1a: Pollo Hermano|Speed Boost|boost\n|-boost|p1a: Pollo Hermano|spe|1\n|upkeep\n|turn|18\n|\n|t:|1700954799\n|move|p1a: Pollo Hermano|Close Combat|p2a: You Won?\n|-damage|p2a: You Won?|0 fnt\n|-unboost|p1a: Pollo Hermano|def|1\n|-unboost|p1a: Pollo Hermano|spd|1\n|faint|p2a: You Won?\n|-damage|p1a: Pollo Hermano|91\/100|[from] item: Life Orb\n|\n|-ability|p1a: Pollo Hermano|Speed Boost|boost\n|-boost|p1a: Pollo Hermano|spe|1\n|upkeep\n|\n|t:|1700954803\n|switch|p2a: Stop Dreaming|Oricorio-Sensu, F|100\/100\n|turn|19\n|\n|t:|1700954813\n|-terastallize|p1a: Pollo Hermano|Rock\n|move|p1a: Pollo Hermano|Stone Edge|p2a: Stop Dreaming\n|-supereffective|p2a: Stop Dreaming\n|-enditem|p2a: Stop Dreaming|Focus Sash\n|-damage|p2a: Stop Dreaming|1\/100\n|-damage|p1a: Pollo Hermano|81\/100|[from] item: Life Orb\n|move|p2a: Stop Dreaming|Revelation Dance|p1a: Pollo Hermano\n|-crit|p1a: Pollo Hermano\n|-damage|p1a: Pollo Hermano|0 fnt\n|faint|p1a: Pollo Hermano\n|\n|upkeep\n|\n|t:|1700954828\n|switch|p1a: Elena FDEZ|Gardevoir, F|79\/100\n|-ability|p1a: Elena FDEZ|Dancer|[from] ability: Trace|[of] p2a: Stop Dreaming\n|turn|20\n|\n|t:|1700954833\n|move|p1a: Elena FDEZ|Mystical Fire|p2a: Stop Dreaming\n|-damage|p2a: Stop Dreaming|0 fnt\n|faint|p2a: Stop Dreaming\n|\n|upkeep\n|\n|t:|1700954835\n|switch|p2a: Gore S1ut\ud83e\udde1|Volcarona, F, shiny|100\/100\n|turn|21\n|-message|Fellow06 forfeited.\n|\n|win|Garry97\n|raw|Garry97's rating: 1469 &rarr; <strong>1492<\/strong><br \/>(+23 for winning)\n|raw|Fellow06's rating: 1517 &rarr; <strong>1494<\/strong><br \/>(-23 for losing)\n|l|\u2606Fellow06\n","uploadtime":1700954855,"views":20,"p1id":"garry97","p2id":"fellow06","formatid":"gen9nationaldex","rating":1492,"private":0,"password":""}