{"id":"gen9nationaldex-1992700645","p1":"Vithor39","p2":"towardsfanhua","format":"[Gen 9] National Dex","log":"|j|\u2606Vithor39\n|j|\u2606towardsfanhua\n|t:|1700226830\n|gametype|singles\n|player|p1|Vithor39|hilbert|1025\n|player|p2|towardsfanhua|marnie|1000\n|teamsize|p1|6\n|teamsize|p2|6\n|gen|9\n|tier|[Gen 9] National Dex\n|rated|\n|rule|HP Percentage Mod: HP is shown in percentages\n|rule|Endless Battle Clause: Forcing endless battles is banned\n|rule|OHKO Clause: OHKO moves are banned\n|rule|Evasion Clause: Evasion abilities, items, and moves are banned\n|rule|Evasion Abilities Clause: Evasion abilities are banned\n|rule|Evasion Items Clause: Evasion items are banned\n|rule|Evasion Moves Clause: Evasion moves are banned\n|rule|Species Clause: Limit one of each Pok\u00e9mon\n|rule|Sleep Clause Mod: Limit one foe put to sleep\n|clearpoke\n|poke|p1|Greninja-*, M|\n|poke|p1|Zeraora|\n|poke|p1|Talonflame, F|\n|poke|p1|Lucario, M|\n|poke|p1|Decidueye, F|\n|poke|p1|Crustle, M|\n|poke|p2|Clodsire, F|\n|poke|p2|Grimmsnarl, M|\n|poke|p2|Great Tusk|\n|poke|p2|Morpeko, F|\n|poke|p2|Obstagoon, F|\n|poke|p2|Banette, M|\n|teampreview\n|inactive|Battle timer is ON: inactive players will automatically lose when time's up. (requested by Vithor39)\n|\n|t:|1700226854\n|start\n|switch|p1a: Lucario|Lucario, M|100\/100\n|switch|p2a: Morpeko|Morpeko, F|100\/100\n|turn|1\n|\n|t:|1700226863\n|move|p1a: Lucario|Close Combat|p2a: Morpeko\n|-supereffective|p2a: Morpeko\n|-enditem|p2a: Morpeko|Focus Sash\n|-damage|p2a: Morpeko|1\/100\n|-unboost|p1a: Lucario|def|1\n|-unboost|p1a: Lucario|spd|1\n|move|p2a: Morpeko|Aura Wheel|p1a: Lucario\n|-enditem|p1a: Lucario|Focus Sash\n|-damage|p1a: Lucario|1\/100\n|-boost|p2a: Morpeko|spe|1\n|\n|-formechange|p2a: Morpeko|Morpeko-Hangry||[from] ability: Hunger Switch\n|upkeep\n|turn|2\n|\n|t:|1700226884\n|switch|p1a: Zeraora|Zeraora|100\/100\n|move|p2a: Morpeko|Protect||[still]\n|-fail|p2a: Morpeko\n|\n|-formechange|p2a: Morpeko|Morpeko||[from] ability: Hunger Switch\n|upkeep\n|turn|3\n|\n|t:|1700226899\n|move|p1a: Zeraora|Quick Attack|p2a: Morpeko\n|-damage|p2a: Morpeko|0 fnt\n|faint|p2a: Morpeko\n|-damage|p1a: Zeraora|91\/100|[from] item: Life Orb\n|\n|upkeep\n|\n|t:|1700226908\n|switch|p2a: Clodsire|Clodsire, F|100\/100\n|turn|4\n|\n|t:|1700226914\n|switch|p1a: Mendigo sujis|Decidueye, F|100\/100\n|move|p2a: Clodsire|Stealth Rock|p1a: Mendigo sujis\n|-sidestart|p1: Vithor39|move: Stealth Rock\n|\n|upkeep\n|turn|5\n|\n|t:|1700226935\n|switch|p2a: Great Tusk|Great Tusk|100\/100\n|move|p1a: Mendigo sujis|Leaf Storm|p2a: Great Tusk\n|-supereffective|p2a: Great Tusk\n|-damage|p2a: Great Tusk|0 fnt\n|-unboost|p1a: Mendigo sujis|spa|2\n|faint|p2a: Great Tusk\n|-end|p2a: Great Tusk|Protosynthesis|[silent]\n|\n|upkeep\n|\n|t:|1700226947\n|switch|p2a: Grimmsnarl|Grimmsnarl, M|100\/100\n|turn|6\n|\n|t:|1700226951\n|switch|p1a: Greninja|Greninja, M|100\/100\n|-damage|p1a: Greninja|88\/100|[from] Stealth Rock\n|move|p2a: Grimmsnarl|Darkest Lariat|p1a: Greninja\n|-resisted|p1a: Greninja\n|-damage|p1a: Greninja|44\/100\n|\n|upkeep\n|turn|7\n|\n|t:|1700226963\n|-terastallize|p2a: Grimmsnarl|Poison\n|move|p1a: Greninja|Gunk Shot|p2a: Grimmsnarl|[miss]\n|-start|p1a: Greninja|typechange|Poison|[from] ability: Protean\n|-miss|p1a: Greninja|p2a: Grimmsnarl\n|move|p2a: Grimmsnarl|Play Rough|p1a: Greninja\n|-resisted|p1a: Greninja\n|-damage|p1a: Greninja|2\/100\n|-unboost|p1a: Greninja|atk|1\n|\n|upkeep\n|turn|8\n|\n|t:|1700226977\n|move|p2a: Grimmsnarl|Bulk Up|p2a: Grimmsnarl\n|-boost|p2a: Grimmsnarl|atk|1\n|-boost|p2a: Grimmsnarl|def|1\n|move|p1a: Greninja|Dark Pulse|p2a: Grimmsnarl\n|-damage|p2a: Grimmsnarl|75\/100\n|\n|upkeep\n|turn|9\n|\n|t:|1700226990\n|move|p1a: Greninja|Ice Beam|p2a: Grimmsnarl\n|-crit|p2a: Grimmsnarl\n|-damage|p2a: Grimmsnarl|26\/100\n|move|p2a: Grimmsnarl|Darkest Lariat|p1a: Greninja\n|-damage|p1a: Greninja|0 fnt\n|faint|p1a: Greninja\n|\n|upkeep\n|\n|t:|1700226997\n|switch|p1a: Talonflame|Talonflame, F|100\/100\n|turn|10\n|\n|t:|1700227004\n|move|p1a: Talonflame|Brave Bird|p2a: Grimmsnarl\n|-damage|p2a: Grimmsnarl|0 fnt\n|faint|p2a: Grimmsnarl\n|-damage|p1a: Talonflame|89\/100|[from] Recoil\n|\n|upkeep\n|\n|t:|1700227013\n|switch|p2a: Banette|Banette, M, shiny|100\/100\n|-item|p1a: Talonflame|Heavy-Duty Boots|[from] ability: Frisk|[of] p2a: Banette|[identify]\n|turn|11\n|inactive|Vithor39 has 120 seconds left.\n|\n|t:|1700227046\n|switch|p1a: Seu Sirigueijo|Crustle, M|100\/100\n|-damage|p1a: Seu Sirigueijo|75\/100|[from] Stealth Rock\n|detailschange|p2a: Banette|Banette-Mega, M, shiny\n|-mega|p2a: Banette|Banette|Banettite\n|move|p2a: Banette|Poltergeist|p1a: Seu Sirigueijo|[miss]\n|-miss|p2a: Banette|p1a: Seu Sirigueijo\n|\n|upkeep\n|turn|12\n|\n|t:|1700227066\n|switch|p2a: Obstagoon|Obstagoon, F|100\/100\n|move|p1a: Seu Sirigueijo|Shell Smash|p1a: Seu Sirigueijo\n|-unboost|p1a: Seu Sirigueijo|def|1\n|-unboost|p1a: Seu Sirigueijo|spd|1\n|-boost|p1a: Seu Sirigueijo|atk|2\n|-boost|p1a: Seu Sirigueijo|spa|2\n|-boost|p1a: Seu Sirigueijo|spe|2\n|-enditem|p1a: Seu Sirigueijo|White Herb\n|-clearnegativeboost|p1a: Seu Sirigueijo|[silent]\n|\n|-status|p2a: Obstagoon|brn|[from] item: Flame Orb\n|upkeep\n|turn|13\n|\n|t:|1700227082\n|-terastallize|p1a: Seu Sirigueijo|Bug\n|move|p1a: Seu Sirigueijo|X-Scissor|p2a: Obstagoon\n|-supereffective|p2a: Obstagoon\n|-damage|p2a: Obstagoon|0 fnt\n|faint|p2a: Obstagoon\n|\n|upkeep\n|\n|t:|1700227090\n|switch|p2a: Clodsire|Clodsire, F|100\/100\n|turn|14\n|\n|t:|1700227095\n|move|p1a: Seu Sirigueijo|X-Scissor|p2a: Clodsire\n|-resisted|p2a: Clodsire\n|-damage|p2a: Clodsire|77\/100\n|move|p2a: Clodsire|Toxic|p1a: Seu Sirigueijo\n|-status|p1a: Seu Sirigueijo|tox\n|\n|-heal|p2a: Clodsire|83\/100|[from] item: Leftovers\n|-damage|p1a: Seu Sirigueijo|69\/100 tox|[from] psn\n|upkeep\n|turn|15\n|\n|t:|1700227103\n|move|p1a: Seu Sirigueijo|Rock Slide|p2a: Clodsire\n|-resisted|p2a: Clodsire\n|-damage|p2a: Clodsire|68\/100\n|cant|p2a: Clodsire|flinch\n|\n|-heal|p2a: Clodsire|74\/100|[from] item: Leftovers\n|-damage|p1a: Seu Sirigueijo|57\/100 tox|[from] psn\n|upkeep\n|turn|16\n|\n|t:|1700227111\n|switch|p1a: Mendigo sujis|Decidueye, F|100\/100\n|-damage|p1a: Mendigo sujis|88\/100|[from] Stealth Rock\n|move|p2a: Clodsire|Recover|p2a: Clodsire\n|-heal|p2a: Clodsire|100\/100\n|\n|upkeep\n|turn|17\n|\n|t:|1700227118\n|move|p1a: Mendigo sujis|Shadow Ball|p2a: Clodsire\n|-damage|p2a: Clodsire|79\/100\n|move|p2a: Clodsire|Toxic|p1a: Mendigo sujis\n|-status|p1a: Mendigo sujis|tox\n|\n|-heal|p2a: Clodsire|86\/100|[from] item: Leftovers\n|-damage|p1a: Mendigo sujis|82\/100 tox|[from] psn\n|upkeep\n|turn|18\n|\n|t:|1700227127\n|move|p1a: Mendigo sujis|Leaf Storm|p2a: Clodsire|[miss]\n|-miss|p1a: Mendigo sujis|p2a: Clodsire\n|move|p2a: Clodsire|Earthquake|p1a: Mendigo sujis\n|-resisted|p1a: Mendigo sujis\n|-damage|p1a: Mendigo sujis|63\/100 tox\n|\n|-heal|p2a: Clodsire|92\/100|[from] item: Leftovers\n|-damage|p1a: Mendigo sujis|51\/100 tox|[from] psn\n|upkeep\n|turn|19\n|\n|t:|1700227137\n|move|p1a: Mendigo sujis|Leaf Storm|p2a: Clodsire\n|-damage|p2a: Clodsire|58\/100\n|-unboost|p1a: Mendigo sujis|spa|2\n|move|p2a: Clodsire|Earthquake|p1a: Mendigo sujis\n|-resisted|p1a: Mendigo sujis\n|-damage|p1a: Mendigo sujis|35\/100 tox\n|\n|-heal|p2a: Clodsire|64\/100|[from] item: Leftovers\n|-damage|p1a: Mendigo sujis|16\/100 tox|[from] psn\n|upkeep\n|turn|20\n|\n|t:|1700227148\n|move|p1a: Mendigo sujis|Giga Drain|p2a: Clodsire\n|-damage|p2a: Clodsire|35\/100\n|-heal|p1a: Mendigo sujis|39\/100 tox|[from] drain|[of] p2a: Clodsire\n|move|p2a: Clodsire|Recover|p2a: Clodsire\n|-heal|p2a: Clodsire|85\/100\n|\n|-heal|p2a: Clodsire|91\/100|[from] item: Leftovers\n|-damage|p1a: Mendigo sujis|14\/100 tox|[from] psn\n|upkeep\n|turn|21\n|\n|t:|1700227161\n|move|p1a: Mendigo sujis|Giga Drain|p2a: Clodsire\n|-damage|p2a: Clodsire|65\/100\n|-heal|p1a: Mendigo sujis|35\/100 tox|[from] drain|[of] p2a: Clodsire\n|move|p2a: Clodsire|Earthquake|p1a: Mendigo sujis\n|-resisted|p1a: Mendigo sujis\n|-damage|p1a: Mendigo sujis|18\/100 tox\n|\n|-heal|p2a: Clodsire|71\/100|[from] item: Leftovers\n|-damage|p1a: Mendigo sujis|0 fnt|[from] psn\n|faint|p1a: Mendigo sujis\n|upkeep\n|\n|t:|1700227170\n|switch|p1a: Zeraora|Zeraora|91\/100\n|-damage|p1a: Zeraora|78\/100|[from] Stealth Rock\n|turn|22\n|\n|t:|1700227176\n|move|p1a: Zeraora|Close Combat|p2a: Clodsire\n|-resisted|p2a: Clodsire\n|-damage|p2a: Clodsire|51\/100\n|-unboost|p1a: Zeraora|def|1\n|-unboost|p1a: Zeraora|spd|1\n|-damage|p1a: Zeraora|68\/100|[from] item: Life Orb\n|move|p2a: Clodsire|Earthquake|p1a: Zeraora\n|-supereffective|p1a: Zeraora\n|-damage|p1a: Zeraora|18\/100\n|\n|-heal|p2a: Clodsire|57\/100|[from] item: Leftovers\n|upkeep\n|turn|23\n|\n|t:|1700227187\n|switch|p1a: Lucario|Lucario, M|1\/100\n|-damage|p1a: Lucario|0 fnt|[from] Stealth Rock\n|faint|p1a: Lucario\n|move|p2a: Clodsire|Recover|p2a: Clodsire\n|-heal|p2a: Clodsire|100\/100\n|\n|upkeep\n|\n|t:|1700227191\n|switch|p1a: Seu Sirigueijo|Crustle, M, tera:Bug|57\/100 tox\n|-damage|p1a: Seu Sirigueijo|32\/100 tox|[from] Stealth Rock\n|turn|24\n|\n|t:|1700227198\n|move|p1a: Seu Sirigueijo|X-Scissor|p2a: Clodsire\n|-resisted|p2a: Clodsire\n|-damage|p2a: Clodsire|77\/100\n|move|p2a: Clodsire|Earthquake|p1a: Seu Sirigueijo\n|-resisted|p1a: Seu Sirigueijo\n|-damage|p1a: Seu Sirigueijo|19\/100 tox\n|\n|-heal|p2a: Clodsire|83\/100|[from] item: Leftovers\n|-damage|p1a: Seu Sirigueijo|13\/100 tox|[from] psn\n|upkeep\n|turn|25\n|-message|Vithor39 forfeited.\n|\n|win|towardsfanhua\n|raw|Vithor39's rating: 1025 &rarr; <strong>1010<\/strong><br \/>(-15 for losing)\n|raw|towardsfanhua's rating: 1000 &rarr; <strong>1043<\/strong><br \/>(+43 for winning)\n|l|\u2606Vithor39\n","uploadtime":1700227211,"views":5,"p1id":"vithor39","p2id":"towardsfanhua","formatid":"gen9nationaldex","rating":1010,"private":0,"password":""}