{"id":"gen9nationaldex-1995818079","p1":"zhangsangua","p2":"TheStroker","format":"[Gen 9] National Dex","log":"|html|<div class=\"broadcast-blue\"><strong>[Gen 9] National Dex is currently suspecting Sneasler! For information on how to participate check out the <a href=\"https:\/\/www.smogon.com\/forums\/threads\/sv-national-dex-suspect-8-just-dance.3731534\/\">suspect thread<\/a>.<\/strong><\/div>\n|j|\u2606zhangsangua\n|j|\u2606TheStroker\n|t:|1700606131\n|gametype|singles\n|player|p1|zhangsangua|rocketgrunt|1460\n|player|p2|TheStroker|janitor|1570\n|teamsize|p1|6\n|teamsize|p2|6\n|gen|9\n|tier|[Gen 9] National Dex\n|rated|\n|rule|HP Percentage Mod: HP is shown in percentages\n|rule|Endless Battle Clause: Forcing endless battles is banned\n|rule|OHKO Clause: OHKO moves are banned\n|rule|Evasion Clause: Evasion abilities, items, and moves are banned\n|rule|Evasion Abilities Clause: Evasion abilities are banned\n|rule|Evasion Items Clause: Evasion items are banned\n|rule|Evasion Moves Clause: Evasion moves are banned\n|rule|Species Clause: Limit one of each Pok\u00e9mon\n|rule|Sleep Clause Mod: Limit one foe put to sleep\n|clearpoke\n|poke|p1|Banette, M|\n|poke|p1|Ribombee, F|\n|poke|p1|Victini|\n|poke|p1|Sneasler, M|\n|poke|p1|Garchomp, F|\n|poke|p1|Ditto|\n|poke|p2|Skeledirge, M|\n|poke|p2|Ditto|\n|poke|p2|Zangoose, M|\n|poke|p2|Mightyena, F|\n|poke|p2|Landorus-Therian, M|\n|poke|p2|Sneasler, F|\n|teampreview\n|inactive|Battle timer is ON: inactive players will automatically lose when time's up. (requested by zhangsangua)\n|\n|t:|1700606139\n|start\n|switch|p1a: Victini|Victini|100\/100\n|switch|p2a: Zangn\u00f3\u00f3b|Zangoose, M|100\/100\n|turn|1\n|\n|t:|1700606144\n|move|p2a: Zangn\u00f3\u00f3b|Protect|p2a: Zangn\u00f3\u00f3b\n|-singleturn|p2a: Zangn\u00f3\u00f3b|Protect\n|move|p1a: Victini|Final Gambit|p2a: Zangn\u00f3\u00f3b\n|-activate|p2a: Zangn\u00f3\u00f3b|move: Protect\n|\n|-status|p2a: Zangn\u00f3\u00f3b|tox|[from] item: Toxic Orb\n|upkeep\n|turn|2\n|\n|t:|1700606157\n|switch|p1a: Ribombee|Ribombee, F|100\/100\n|switch|p2a: Not flamboyant|Skeledirge, M|100\/100\n|\n|upkeep\n|turn|3\n|\n|t:|1700606160\n|move|p1a: Ribombee|Sticky Web|p2a: Not flamboyant\n|-sidestart|p2: TheStroker|move: Sticky Web\n|move|p2a: Not flamboyant|Torch Song|p1a: Ribombee\n|-supereffective|p1a: Ribombee\n|-enditem|p1a: Ribombee|Focus Sash\n|-damage|p1a: Ribombee|1\/100\n|-boost|p2a: Not flamboyant|spa|1\n|\n|upkeep\n|turn|4\n|\n|t:|1700606164\n|move|p1a: Ribombee|Skill Swap|p2a: Not flamboyant\n|-activate|p1a: Ribombee|move: Skill Swap|Unaware|Shield Dust|[of] p2a: Not flamboyant\n|move|p2a: Not flamboyant|Torch Song|p1a: Ribombee\n|-supereffective|p1a: Ribombee\n|-damage|p1a: Ribombee|0 fnt\n|-boost|p2a: Not flamboyant|spa|1\n|faint|p1a: Ribombee\n|\n|upkeep\n|\n|t:|1700606167\n|switch|p1a: Ditto|Ditto|100\/100\n|-transform|p1a: Ditto|p2a: Not flamboyant|[from] ability: Imposter\n|turn|5\n|\n|t:|1700606174\n|switch|p2a: Zangn\u00f3\u00f3b|Zangoose, M|100\/100 tox\n|-activate|p2a: Zangn\u00f3\u00f3b|move: Sticky Web\n|-unboost|p2a: Zangn\u00f3\u00f3b|spe|1\n|-terastallize|p1a: Ditto|Normal\n|move|p1a: Ditto|Shadow Ball|p2a: Zangn\u00f3\u00f3b\n|-immune|p2a: Zangn\u00f3\u00f3b\n|\n|-damage|p2a: Zangn\u00f3\u00f3b|95\/100 tox|[from] psn\n|upkeep\n|turn|6\n|\n|t:|1700606185\n|move|p2a: Zangn\u00f3\u00f3b|Facade|p1a: Ditto\n|-damage|p1a: Ditto|24\/100\n|move|p1a: Ditto|Torch Song|p2a: Zangn\u00f3\u00f3b\n|-damage|p2a: Zangn\u00f3\u00f3b|0 fnt\n|-boost|p1a: Ditto|spa|1\n|faint|p2a: Zangn\u00f3\u00f3b\n|\n|upkeep\n|inactive|TheStroker has 120 seconds left.\n|\n|t:|1700606212\n|switch|p2a: oooooooooooooo|Landorus-Therian, M|100\/100\n|-ability|p2a: oooooooooooooo|Intimidate|boost\n|-unboost|p1a: Ditto|atk|1\n|turn|7\n|\n|t:|1700606220\n|switch|p1a: Banette|Banette, M|100\/100\n|-item|p2a: oooooooooooooo|Leftovers|[from] ability: Frisk|[of] p1a: Banette|[identify]\n|move|p2a: oooooooooooooo|Earthquake|p1a: Banette\n|-damage|p1a: Banette|30\/100\n|\n|upkeep\n|turn|8\n|\n|t:|1700606223\n|detailschange|p1a: Banette|Banette-Mega, M\n|-mega|p1a: Banette|Banette|Banettite\n|move|p1a: Banette|Destiny Bond|p1a: Banette\n|-singlemove|p1a: Banette|Destiny Bond\n|move|p2a: oooooooooooooo|Substitute|p2a: oooooooooooooo\n|-start|p2a: oooooooooooooo|Substitute\n|-damage|p2a: oooooooooooooo|76\/100\n|\n|-heal|p2a: oooooooooooooo|82\/100|[from] item: Leftovers\n|upkeep\n|turn|9\n|\n|t:|1700606229\n|move|p1a: Banette|Encore|p2a: oooooooooooooo\n|-start|p2a: oooooooooooooo|Encore\n|move|p2a: oooooooooooooo|Substitute|p2a: oooooooooooooo\n|-fail|p2a: oooooooooooooo|move: Substitute\n|\n|-heal|p2a: oooooooooooooo|88\/100|[from] item: Leftovers\n|upkeep\n|turn|10\n|\n|t:|1700606238\n|switch|p1a: Garchomp|Garchomp, F|100\/100\n|move|p2a: oooooooooooooo|Substitute|p2a: oooooooooooooo\n|-fail|p2a: oooooooooooooo|move: Substitute\n|\n|-heal|p2a: oooooooooooooo|94\/100|[from] item: Leftovers\n|upkeep\n|turn|11\n|\n|t:|1700606246\n|move|p1a: Garchomp|Swords Dance|p1a: Garchomp\n|-boost|p1a: Garchomp|atk|2\n|move|p2a: oooooooooooooo|Substitute|p2a: oooooooooooooo\n|-fail|p2a: oooooooooooooo|move: Substitute\n|\n|-heal|p2a: oooooooooooooo|99\/100|[from] item: Leftovers\n|-end|p2a: oooooooooooooo|Encore\n|upkeep\n|turn|12\n|\n|t:|1700606252\n|move|p1a: Garchomp|Dragon Claw|p2a: oooooooooooooo\n|-end|p2a: oooooooooooooo|Substitute\n|move|p2a: oooooooooooooo|Knock Off|p1a: Garchomp\n|-damage|p1a: Garchomp|68\/100\n|-damage|p2a: oooooooooooooo|87\/100|[from] ability: Rough Skin|[of] p1a: Garchomp\n|-enditem|p1a: Garchomp|Salac Berry|[from] move: Knock Off|[of] p2a: oooooooooooooo\n|\n|-heal|p2a: oooooooooooooo|93\/100|[from] item: Leftovers\n|upkeep\n|turn|13\n|\n|t:|1700606262\n|switch|p2a: Not flamboyant|Skeledirge, M|100\/100\n|move|p1a: Garchomp|Dragon Claw|p2a: Not flamboyant\n|-damage|p2a: Not flamboyant|76\/100\n|\n|upkeep\n|turn|14\n|\n|t:|1700606267\n|switch|p2a: oooooooooooooo|Landorus-Therian, M|93\/100\n|-ability|p2a: oooooooooooooo|Intimidate|boost\n|-unboost|p1a: Garchomp|atk|1\n|move|p1a: Garchomp|Earthquake|p2a: oooooooooooooo\n|-immune|p2a: oooooooooooooo\n|\n|-heal|p2a: oooooooooooooo|99\/100|[from] item: Leftovers\n|upkeep\n|turn|15\n|\n|t:|1700606271\n|move|p1a: Garchomp|Swords Dance|p1a: Garchomp\n|-boost|p1a: Garchomp|atk|2\n|move|p2a: oooooooooooooo|Earthquake|p1a: Garchomp\n|-damage|p1a: Garchomp|24\/100\n|\n|-heal|p2a: oooooooooooooo|100\/100|[from] item: Leftovers\n|upkeep\n|turn|16\n|\n|t:|1700606277\n|move|p1a: Garchomp|Dragon Claw|p2a: oooooooooooooo\n|-damage|p2a: oooooooooooooo|0 fnt\n|faint|p2a: oooooooooooooo\n|\n|upkeep\n|\n|t:|1700606284\n|switch|p2a: Not edited|Ditto|100\/100\n|-activate|p2a: Not edited|move: Sticky Web\n|-unboost|p2a: Not edited|spe|1\n|-transform|p2a: Not edited|p1a: Garchomp|[from] ability: Imposter\n|turn|17\n|\n|t:|1700606305\n|move|p2a: Not edited|Earthquake|p1a: Garchomp\n|-damage|p1a: Garchomp|0 fnt\n|faint|p1a: Garchomp\n|\n|upkeep\n|\n|t:|1700606312\n|switch|p1a: Victini|Victini|100\/100\n|turn|18\n|\n|t:|1700606316\n|move|p2a: Not edited|Earthquake|p1a: Victini\n|-supereffective|p1a: Victini\n|-damage|p1a: Victini|0 fnt\n|faint|p1a: Victini\n|\n|upkeep\n|\n|t:|1700606322\n|switch|p1a: Banette|Banette-Mega, M|30\/100\n|turn|19\n|\n|t:|1700606334\n|switch|p2a: Rather mighty|Mightyena, F|100\/100\n|-activate|p2a: Rather mighty|move: Sticky Web\n|-unboost|p2a: Rather mighty|spe|1\n|-ability|p2a: Rather mighty|Intimidate|boost\n|-unboost|p1a: Banette|atk|1\n|move|p1a: Banette|Destiny Bond|p1a: Banette\n|-singlemove|p1a: Banette|Destiny Bond\n|\n|upkeep\n|turn|20\n|\n|t:|1700606341\n|move|p1a: Banette|Shadow Claw|p2a: Rather mighty\n|-resisted|p2a: Rather mighty\n|-damage|p2a: Rather mighty|76\/100\n|move|p2a: Rather mighty|Crunch|p1a: Banette\n|-supereffective|p1a: Banette\n|-damage|p1a: Banette|0 fnt\n|faint|p1a: Banette\n|\n|upkeep\n|\n|t:|1700606343\n|switch|p1a: Sneasler|Sneasler, M|100\/100\n|turn|21\n|\n|t:|1700606354\n|move|p1a: Sneasler|Fake Out|p2a: Rather mighty\n|-enditem|p1a: Sneasler|Normal Gem|[from] gem\n|-damage|p2a: Rather mighty|48\/100\n|cant|p2a: Rather mighty|flinch\n|\n|upkeep\n|turn|22\n|\n|t:|1700606365\n|move|p1a: Sneasler|Dire Claw|p2a: Rather mighty\n|-damage|p2a: Rather mighty|0 fnt\n|faint|p2a: Rather mighty\n|\n|upkeep\n|\n|t:|1700606371\n|switch|p2a: Not flamboyant|Skeledirge, M|76\/100\n|turn|23\n|\n|t:|1700606389\n|move|p1a: Sneasler|Dire Claw|p2a: Not flamboyant\n|-resisted|p2a: Not flamboyant\n|-damage|p2a: Not flamboyant|63\/100\n|move|p2a: Not flamboyant|Will-O-Wisp|p1a: Sneasler\n|-status|p1a: Sneasler|brn\n|\n|-damage|p1a: Sneasler|95\/100 brn|[from] brn\n|upkeep\n|turn|24\n|j| 5cat\n|j| kung fu pokechu\n|\n|t:|1700606395\n|move|p1a: Sneasler|Dire Claw|p2a: Not flamboyant\n|-resisted|p2a: Not flamboyant\n|-damage|p2a: Not flamboyant|57\/100\n|-status|p2a: Not flamboyant|slp\n|cant|p2a: Not flamboyant|slp\n|\n|-damage|p1a: Sneasler|89\/100 brn|[from] brn\n|upkeep\n|turn|25\n|\n|t:|1700606399\n|switch|p1a: Ditto|Ditto, tera:Normal|24\/100\n|-transform|p1a: Ditto|p2a: Not flamboyant|[from] ability: Imposter\n|cant|p2a: Not flamboyant|slp\n|\n|upkeep\n|turn|26\n|\n|t:|1700606410\n|switch|p2a: cancer noob luck|Sneasler, F|100\/100\n|-item|p2a: cancer noob luck|Air Balloon\n|move|p1a: Ditto|Shadow Ball|p2a: cancer noob luck\n|-damage|p2a: cancer noob luck|58\/100\n|-enditem|p2a: cancer noob luck|Air Balloon\n|\n|upkeep\n|turn|27\n|\n|t:|1700606425\n|switch|p1a: Sneasler|Sneasler, M|89\/100 brn\n|move|p2a: cancer noob luck|Close Combat|p1a: Sneasler\n|-resisted|p1a: Sneasler\n|-damage|p1a: Sneasler|32\/100 brn\n|-unboost|p2a: cancer noob luck|def|1\n|-unboost|p2a: cancer noob luck|spd|1\n|\n|-damage|p1a: Sneasler|26\/100 brn|[from] brn\n|upkeep\n|turn|28\n|\n|t:|1700606435\n|switch|p2a: Not flamboyant|Skeledirge, M|57\/100 slp\n|move|p1a: Sneasler|Fake Out|p2a: Not flamboyant\n|-immune|p2a: Not flamboyant\n|\n|-damage|p1a: Sneasler|20\/100 brn|[from] brn\n|upkeep\n|turn|29\n|\n|t:|1700606441\n|switch|p1a: Ditto|Ditto, tera:Normal|24\/100\n|-transform|p1a: Ditto|p2a: Not flamboyant|[from] ability: Imposter\n|-curestatus|p2a: Not flamboyant|slp|[msg]\n|move|p2a: Not flamboyant|Torch Song|p1a: Ditto\n|-damage|p1a: Ditto|0 fnt\n|-boost|p2a: Not flamboyant|spa|1\n|faint|p1a: Ditto\n|\n|upkeep\n|-message|zhangsangua forfeited.\n|\n|win|TheStroker\n|raw|zhangsangua's rating: 1460 &rarr; <strong>1446<\/strong><br \/>(-14 for losing)\n|raw|TheStroker's rating: 1570 &rarr; <strong>1584<\/strong><br \/>(+14 for winning)\n|l|\u2606zhangsangua\n","uploadtime":1700606452,"views":1,"p1id":"zhangsangua","p2id":"thestroker","formatid":"gen9nationaldex","rating":1446,"private":0,"password":""}