{"id":"gen9nationaldex-1989574549","p1":"OnekeeperGE","p2":"minipokeneuron","format":"[Gen 9] National Dex","log":"|j|\u2606OnekeeperGE\n|j|\u2606minipokeneuron\n|t:|1699873532\n|gametype|singles\n|player|p1|OnekeeperGE|dragontamer|1473\n|player|p2|minipokeneuron|1|1570\n|teamsize|p1|6\n|teamsize|p2|6\n|gen|9\n|tier|[Gen 9] National Dex\n|rated|\n|rule|HP Percentage Mod: HP is shown in percentages\n|rule|Endless Battle Clause: Forcing endless battles is banned\n|rule|OHKO Clause: OHKO moves are banned\n|rule|Evasion Clause: Evasion abilities, items, and moves are banned\n|rule|Evasion Abilities Clause: Evasion abilities are banned\n|rule|Evasion Items Clause: Evasion items are banned\n|rule|Evasion Moves Clause: Evasion moves are banned\n|rule|Species Clause: Limit one of each Pok\u00e9mon\n|rule|Sleep Clause Mod: Limit one foe put to sleep\n|clearpoke\n|poke|p1|Glimmora, M|\n|poke|p1|Hydreigon, M|\n|poke|p1|Corviknight, F|\n|poke|p1|Volcarona, M|\n|poke|p1|Lopunny, M|\n|poke|p1|Zapdos|\n|poke|p2|Weezing-Galar, F|\n|poke|p2|Medicham, F|\n|poke|p2|Samurott-Hisui, F|\n|poke|p2|Torterra, F|\n|poke|p2|Alomomola, F|\n|poke|p2|Moltres|\n|teampreview\n|inactive|Battle timer is ON: inactive players will automatically lose when time's up. (requested by OnekeeperGE)\n|\n|t:|1699873541\n|start\n|switch|p1a: Lopunny|Lopunny, M|100\/100\n|switch|p2a: Medicham|Medicham, F|100\/100\n|turn|1\n|\n|t:|1699873546\n|switch|p2a: Moltres|Moltres|100\/100\n|detailschange|p1a: Lopunny|Lopunny-Mega, M\n|-mega|p1a: Lopunny|Lopunny|Lopunnite\n|move|p1a: Lopunny|Fake Out|p2a: Moltres\n|-damage|p2a: Moltres|86\/100\n|-status|p1a: Lopunny|brn|[from] ability: Flame Body|[of] p2a: Moltres\n|\n|-damage|p1a: Lopunny|95\/100 brn|[from] brn\n|upkeep\n|turn|2\n|\n|t:|1699873554\n|move|p1a: Lopunny|U-turn|p2a: Moltres\n|-resisted|p2a: Moltres\n|-damage|p2a: Moltres|84\/100\n|\n|t:|1699873557\n|switch|p1a: Zapdos|Zapdos|100\/100|[from] U-turn\n|move|p2a: Moltres|U-turn|p1a: Zapdos\n|-resisted|p1a: Zapdos\n|-damage|p1a: Zapdos|93\/100\n|l|\u2606minipokeneuron\n|inactive|minipokeneuron disconnected and has a minute to reconnect!\n|player|p2|\n|j|\u2606minipokeneuron\n|inactive|minipokeneuron reconnected and has 140 seconds left.\n|player|p2|minipokeneuron|1\n|\n|t:|1699873581\n|switch|p2a: Torterra|Torterra, F|100\/100|[from] U-turn\n|\n|upkeep\n|turn|3\n|\n|t:|1699873583\n|move|p1a: Zapdos|Toxic|p2a: Torterra\n|-status|p2a: Torterra|tox\n|move|p2a: Torterra|Shell Smash|p2a: Torterra\n|-unboost|p2a: Torterra|def|1\n|-unboost|p2a: Torterra|spd|1\n|-boost|p2a: Torterra|atk|2\n|-boost|p2a: Torterra|spa|2\n|-boost|p2a: Torterra|spe|2\n|\n|-damage|p2a: Torterra|94\/100 tox|[from] psn\n|upkeep\n|turn|4\n|\n|t:|1699873596\n|switch|p1a: Corviknight|Corviknight, F|100\/100\n|-ability|p1a: Corviknight|Pressure\n|move|p2a: Torterra|Shell Smash|p2a: Torterra\n|-unboost|p2a: Torterra|def|1\n|-unboost|p2a: Torterra|spd|1\n|-boost|p2a: Torterra|atk|2\n|-boost|p2a: Torterra|spa|2\n|-boost|p2a: Torterra|spe|2\n|\n|-damage|p2a: Torterra|82\/100 tox|[from] psn\n|upkeep\n|turn|5\n|\n|t:|1699873602\n|move|p2a: Torterra|Rock Blast|p1a: Corviknight\n|-damage|p1a: Corviknight|85\/100\n|-damage|p1a: Corviknight|70\/100\n|-damage|p1a: Corviknight|52\/100\n|-damage|p1a: Corviknight|37\/100\n|-hitcount|p1a: Corviknight|4\n|move|p1a: Corviknight|Brave Bird|p2a: Torterra\n|-supereffective|p2a: Torterra\n|-damage|p2a: Torterra|0 fnt\n|faint|p2a: Torterra\n|-damage|p1a: Corviknight|15\/100|[from] Recoil\n|\n|upkeep\n|\n|t:|1699873615\n|switch|p2a: Samurott|Samurott-Hisui, F, shiny|100\/100\n|turn|6\n|\n|t:|1699873621\n|switch|p1a: Zapdos|Zapdos|93\/100\n|move|p2a: Samurott|Ceaseless Edge|p1a: Zapdos\n|-damage|p1a: Zapdos|51\/100\n|-status|p2a: Samurott|par|[from] ability: Static|[of] p1a: Zapdos\n|-sidestart|p1: OnekeeperGE|Spikes\n|\n|upkeep\n|turn|7\n|\n|t:|1699873632\n|move|p1a: Zapdos|Roost|p1a: Zapdos\n|-heal|p1a: Zapdos|100\/100\n|-singleturn|p1a: Zapdos|move: Roost\n|move|p2a: Samurott|Ceaseless Edge|p1a: Zapdos\n|-damage|p1a: Zapdos|56\/100\n|-sidestart|p1: OnekeeperGE|Spikes\n|\n|upkeep\n|turn|8\n|\n|t:|1699873636\n|move|p1a: Zapdos|Volt Switch|p2a: Samurott\n|-supereffective|p2a: Samurott\n|-damage|p2a: Samurott|18\/100 par\n|\n|t:|1699873643\n|switch|p1a: Glimmora|Glimmora, M|100\/100|[from] Volt Switch\n|-damage|p1a: Glimmora|84\/100|[from] Spikes\n|cant|p2a: Samurott|par\n|\n|upkeep\n|turn|9\n|\n|t:|1699873659\n|move|p1a: Glimmora|Sludge Wave|p2a: Samurott\n|-damage|p2a: Samurott|0 fnt\n|faint|p2a: Samurott\n|\n|upkeep\n|\n|t:|1699873665\n|switch|p2a: Medicham|Medicham, F|100\/100\n|turn|10\n|\n|t:|1699873681\n|switch|p1a: Zapdos|Zapdos|56\/100\n|detailschange|p2a: Medicham|Medicham-Mega, F\n|-mega|p2a: Medicham|Medicham|Medichamite\n|move|p2a: Medicham|Zen Headbutt|p1a: Zapdos\n|-damage|p1a: Zapdos|0 fnt\n|faint|p1a: Zapdos\n|\n|upkeep\n|\n|t:|1699873689\n|switch|p1a: Lopunny|Lopunny-Mega, M|95\/100 brn\n|-damage|p1a: Lopunny|78\/100 brn|[from] Spikes\n|turn|11\n|\n|t:|1699873695\n|switch|p2a: Weezing|Weezing-Galar, F|100\/100\n|-ability|p2a: Weezing|Neutralizing Gas\n|move|p1a: Lopunny|U-turn|p2a: Weezing\n|-resisted|p2a: Weezing\n|-damage|p2a: Weezing|99\/100\n|-damage|p1a: Lopunny|61\/100 brn|[from] item: Rocky Helmet|[of] p2a: Weezing\n|inactive|OnekeeperGE has 120 seconds left.\n|\n|t:|1699873727\n|switch|p1a: Corviknight|Corviknight, F|15\/100|[from] U-turn\n|\n|upkeep\n|turn|12\n|\n|t:|1699873729\n|move|p1a: Corviknight|Roost|p1a: Corviknight\n|-heal|p1a: Corviknight|65\/100\n|-singleturn|p1a: Corviknight|move: Roost\n|move|p2a: Weezing|Flamethrower|p1a: Corviknight\n|-supereffective|p1a: Corviknight\n|-damage|p1a: Corviknight|33\/100\n|\n|upkeep\n|turn|13\n|\n|t:|1699873734\n|move|p1a: Corviknight|Roost|p1a: Corviknight\n|-heal|p1a: Corviknight|83\/100\n|-singleturn|p1a: Corviknight|move: Roost\n|move|p2a: Weezing|Will-O-Wisp|p1a: Corviknight\n|-status|p1a: Corviknight|brn\n|\n|-damage|p1a: Corviknight|77\/100 brn|[from] brn\n|upkeep\n|turn|14\n|\n|t:|1699873748\n|move|p1a: Corviknight|Defog|p2a: Weezing\n|-unboost|p2a: Weezing|evasion|1\n|-sideend|p1: OnekeeperGE|Spikes|[from] move: Defog|[of] p1a: Corviknight\n|move|p2a: Weezing|Flamethrower|p1a: Corviknight\n|-supereffective|p1a: Corviknight\n|-damage|p1a: Corviknight|45\/100 brn\n|\n|-damage|p1a: Corviknight|39\/100 brn|[from] brn\n|upkeep\n|turn|15\n|\n|t:|1699873755\n|move|p1a: Corviknight|Roost|p1a: Corviknight\n|-heal|p1a: Corviknight|89\/100 brn\n|-singleturn|p1a: Corviknight|move: Roost\n|move|p2a: Weezing|Flamethrower|p1a: Corviknight\n|-supereffective|p1a: Corviknight\n|-damage|p1a: Corviknight|56\/100 brn\n|\n|-damage|p1a: Corviknight|49\/100 brn|[from] brn\n|upkeep\n|turn|16\n|\n|t:|1699873764\n|switch|p1a: Glimmora|Glimmora, M|84\/100\n|-end|p2a: Weezing|ability: Neutralizing Gas\n|switch|p2a: Medicham|Medicham-Mega, F|100\/100\n|\n|upkeep\n|turn|17\n|\n|t:|1699873769\n|switch|p1a: Corviknight|Corviknight, F|49\/100 brn\n|-ability|p1a: Corviknight|Pressure\n|move|p2a: Medicham|Close Combat|p1a: Corviknight\n|-damage|p1a: Corviknight|0 fnt\n|-unboost|p2a: Medicham|def|1\n|-unboost|p2a: Medicham|spd|1\n|-damage|p2a: Medicham|84\/100|[from] item: Rocky Helmet|[of] p1a: Corviknight\n|faint|p1a: Corviknight\n|\n|upkeep\n|\n|t:|1699873775\n|switch|p1a: Hydreigon|Hydreigon, M|100\/100\n|turn|18\n|c|\u2606minipokeneuron|1\n|inactive|OnekeeperGE has 120 seconds left.\n|\n|t:|1699873809\n|switch|p2a: Weezing|Weezing-Galar, F|99\/100\n|-ability|p2a: Weezing|Neutralizing Gas\n|move|p1a: Hydreigon|Flash Cannon|p2a: Weezing\n|-supereffective|p2a: Weezing\n|-damage|p2a: Weezing|30\/100\n|\n|upkeep\n|turn|19\n|\n|t:|1699873817\n|switch|p1a: Glimmora|Glimmora, M|84\/100\n|-end|p2a: Weezing|ability: Neutralizing Gas\n|switch|p2a: Alomomola|Alomomola, F|100\/100\n|\n|upkeep\n|turn|20\n|\n|t:|1699873829\n|move|p1a: Glimmora|Energy Ball|p2a: Alomomola\n|-supereffective|p2a: Alomomola\n|-damage|p2a: Alomomola|26\/100\n|-enditem|p2a: Alomomola|Red Card|[of] p1a: Glimmora\n|drag|p1a: Hydreigon|Hydreigon, M|100\/100\n|move|p2a: Alomomola|Wish|p2a: Alomomola\n|\n|upkeep\n|turn|21\n|\n|t:|1699873838\n|switch|p2a: Weezing|Weezing-Galar, F|30\/100\n|-ability|p2a: Weezing|Neutralizing Gas\n|move|p1a: Hydreigon|Dark Pulse|p2a: Weezing\n|-resisted|p2a: Weezing\n|-damage|p2a: Weezing|4\/100\n|\n|-heal|p2a: Weezing|84\/100|[from] move: Wish|[wisher] Alomomola\n|upkeep\n|turn|22\n|\n|t:|1699873849\n|switch|p1a: Glimmora|Glimmora, M|84\/100\n|move|p2a: Weezing|Will-O-Wisp|p1a: Glimmora\n|-status|p1a: Glimmora|brn\n|\n|-damage|p1a: Glimmora|78\/100 brn|[from] brn\n|upkeep\n|turn|23\n|\n|t:|1699873859\n|-end|p2a: Weezing|ability: Neutralizing Gas\n|switch|p2a: Alomomola|Alomomola, F|60\/100\n|move|p1a: Glimmora|Sludge Wave|p2a: Alomomola\n|-damage|p2a: Alomomola|2\/100\n|\n|-damage|p1a: Glimmora|72\/100 brn|[from] brn\n|upkeep\n|turn|24\n|\n|t:|1699873868\n|move|p1a: Glimmora|Sludge Wave|p2a: Alomomola\n|-damage|p2a: Alomomola|0 fnt\n|faint|p2a: Alomomola\n|\n|-damage|p1a: Glimmora|65\/100 brn|[from] brn\n|upkeep\n|\n|t:|1699873871\n|switch|p2a: Medicham|Medicham-Mega, F|84\/100\n|turn|25\n|inactive|OnekeeperGE has 120 seconds left.\n|\n|t:|1699873916\n|switch|p1a: Hydreigon|Hydreigon, M|100\/100\n|move|p2a: Medicham|Close Combat|p1a: Hydreigon\n|-supereffective|p1a: Hydreigon\n|-damage|p1a: Hydreigon|0 fnt\n|-unboost|p2a: Medicham|def|1\n|-unboost|p2a: Medicham|spd|1\n|faint|p1a: Hydreigon\n|\n|upkeep\n|\n|t:|1699873921\n|switch|p1a: Volcarona|Volcarona, M|100\/100\n|turn|26\n|\n|t:|1699873925\n|move|p2a: Medicham|Zen Headbutt|p1a: Volcarona\n|-damage|p1a: Volcarona|0 fnt\n|faint|p1a: Volcarona\n|\n|upkeep\n|inactive|OnekeeperGE has 120 seconds left.\n|\n|t:|1699873932\n|switch|p1a: Lopunny|Lopunny-Mega, M|61\/100 brn\n|turn|27\n|\n|t:|1699873935\n|switch|p2a: Weezing|Weezing-Galar, F|84\/100\n|-ability|p2a: Weezing|Neutralizing Gas\n|move|p1a: Lopunny|U-turn|p2a: Weezing\n|-resisted|p2a: Weezing\n|-damage|p2a: Weezing|82\/100\n|-damage|p1a: Lopunny|45\/100 brn|[from] item: Rocky Helmet|[of] p2a: Weezing\n|\n|t:|1699873937\n|switch|p1a: Glimmora|Glimmora, M|65\/100 brn|[from] U-turn\n|\n|-damage|p1a: Glimmora|59\/100 brn|[from] brn\n|upkeep\n|turn|28\n|\n|t:|1699873947\n|-end|p2a: Weezing|ability: Neutralizing Gas\n|switch|p2a: Moltres|Moltres|84\/100\n|move|p1a: Glimmora|Sludge Wave|p2a: Moltres\n|-damage|p2a: Moltres|6\/100\n|\n|-damage|p1a: Glimmora|53\/100 brn|[from] brn\n|upkeep\n|turn|29\n|\n|t:|1699873956\n|move|p1a: Glimmora|Sludge Wave|p2a: Moltres\n|-damage|p2a: Moltres|0 fnt\n|faint|p2a: Moltres\n|\n|-damage|p1a: Glimmora|47\/100 brn|[from] brn\n|upkeep\n|\n|t:|1699873961\n|switch|p2a: Medicham|Medicham-Mega, F|84\/100\n|turn|30\n|\n|t:|1699873965\n|-terastallize|p1a: Glimmora|Flying\n|move|p2a: Medicham|Zen Headbutt|p1a: Glimmora\n|-damage|p1a: Glimmora|0 fnt\n|-activate|p1a: Glimmora|ability: Toxic Debris\n|-sidestart|p2: minipokeneuron|move: Toxic Spikes\n|faint|p1a: Glimmora\n|\n|upkeep\n|\n|t:|1699873966\n|switch|p1a: Lopunny|Lopunny-Mega, M|45\/100 brn\n|turn|31\n|\n|t:|1699873971\n|switch|p2a: Weezing|Weezing-Galar, F|82\/100\n|-ability|p2a: Weezing|Neutralizing Gas\n|-sideend|p2: minipokeneuron|move: Toxic Spikes|[of] p2a: Weezing\n|move|p1a: Lopunny|Fake Out|p2a: Weezing\n|-damage|p2a: Weezing|74\/100\n|-damage|p1a: Lopunny|28\/100 brn|[from] item: Rocky Helmet|[of] p2a: Weezing\n|\n|-damage|p1a: Lopunny|22\/100 brn|[from] brn\n|upkeep\n|turn|32\n|\n|t:|1699873980\n|-terastallize|p2a: Weezing|Ghost\n|move|p1a: Lopunny|Return|p2a: Weezing\n|-immune|p2a: Weezing\n|move|p2a: Weezing|Sludge Bomb|p1a: Lopunny\n|-damage|p1a: Lopunny|0 fnt\n|faint|p1a: Lopunny\n|\n|win|minipokeneuron\n|raw|OnekeeperGE's rating: 1473 &rarr; <strong>1458<\/strong><br \/>(-15 for losing)\n|raw|minipokeneuron's rating: 1570 &rarr; <strong>1585<\/strong><br \/>(+15 for winning)\n|l|\u2606OnekeeperGE\n","uploadtime":1699873991,"views":8,"p1id":"onekeeperge","p2id":"minipokeneuron","formatid":"gen9nationaldex","rating":1458,"private":0,"password":""}