{"id":"gen9nationaldex-1993346758","p1":"Corona557","p2":"weiwoduzun\u696a\u7948","format":"[Gen 9] National Dex","log":"|j|\u2606Corona557\n|j|\u2606weiwoduzun\u696a\u7948\n|t:|1700303104\n|gametype|singles\n|player|p1|Corona557|170|1491\n|player|p2|weiwoduzun\u696a\u7948|266|1586\n|teamsize|p1|6\n|teamsize|p2|6\n|gen|9\n|tier|[Gen 9] National Dex\n|rated|\n|rule|HP Percentage Mod: HP is shown in percentages\n|rule|Endless Battle Clause: Forcing endless battles is banned\n|rule|OHKO Clause: OHKO moves are banned\n|rule|Evasion Clause: Evasion abilities, items, and moves are banned\n|rule|Evasion Abilities Clause: Evasion abilities are banned\n|rule|Evasion Items Clause: Evasion items are banned\n|rule|Evasion Moves Clause: Evasion moves are banned\n|rule|Species Clause: Limit one of each Pok\u00e9mon\n|rule|Sleep Clause Mod: Limit one foe put to sleep\n|clearpoke\n|poke|p1|Rillaboom, F|\n|poke|p1|Heatran, M|\n|poke|p1|Urshifu-*, F|\n|poke|p1|Slowking-Galar, F|\n|poke|p1|Thundurus-Therian, M|\n|poke|p1|Weezing-Galar, M|\n|poke|p2|Tapu Lele|\n|poke|p2|Armarouge, F|\n|poke|p2|Ceruledge, M|\n|poke|p2|Zapdos|\n|poke|p2|Hatterene, F|\n|poke|p2|Polteageist-Antique|\n|teampreview\n|\n|t:|1700303110\n|start\n|switch|p1a: Heatran|Heatran, M|100\/100\n|switch|p2a: Zapdos|Zapdos|100\/100\n|turn|1\n|inactive|Battle timer is ON: inactive players will automatically lose when time's up. (requested by Corona557)\n|\n|t:|1700303114\n|move|p2a: Zapdos|Volt Switch|p1a: Heatran\n|-damage|p1a: Heatran|83\/100\n|\n|t:|1700303117\n|switch|p2a: Hatterene|Hatterene, F|100\/100|[from] Volt Switch\n|move|p1a: Heatran|Magma Storm|p2a: Hatterene\n|-damage|p2a: Hatterene|80\/100\n|-activate|p2a: Hatterene|move: Magma Storm|[of] p1a: Heatran\n|\n|-heal|p1a: Heatran|90\/100|[from] item: Leftovers\n|-damage|p2a: Hatterene|68\/100|[from] move: Magma Storm|[partiallytrapped]\n|upkeep\n|turn|2\n|\n|t:|1700303142\n|move|p1a: Heatran|Stealth Rock|p2a: Hatterene\n|move|p2a: Hatterene|Stealth Rock|p1a: Heatran|[from]ability: Magic Bounce\n|-sidestart|p1: Corona557|move: Stealth Rock\n|move|p2a: Hatterene|Nuzzle|p1a: Heatran\n|-damage|p1a: Heatran|86\/100\n|-status|p1a: Heatran|par\n|\n|-heal|p1a: Heatran|92\/100 par|[from] item: Leftovers\n|-damage|p2a: Hatterene|56\/100|[from] move: Magma Storm|[partiallytrapped]\n|upkeep\n|turn|3\n|\n|t:|1700303150\n|move|p1a: Heatran|Magma Storm|p2a: Hatterene\n|-damage|p2a: Hatterene|33\/100\n|move|p2a: Hatterene|Expanding Force|p1a: Heatran\n|-resisted|p1a: Heatran\n|-damage|p1a: Heatran|82\/100 par\n|\n|-heal|p1a: Heatran|88\/100 par|[from] item: Leftovers\n|-damage|p2a: Hatterene|21\/100|[from] move: Magma Storm|[partiallytrapped]\n|upkeep\n|turn|4\n|\n|t:|1700303171\n|move|p1a: Heatran|Earth Power|p2a: Hatterene\n|-damage|p2a: Hatterene|8\/100\n|move|p2a: Hatterene|Expanding Force|p1a: Heatran\n|-resisted|p1a: Heatran\n|-damage|p1a: Heatran|76\/100 par\n|\n|-heal|p1a: Heatran|82\/100 par|[from] item: Leftovers\n|-damage|p2a: Hatterene|0 fnt|[from] move: Magma Storm|[partiallytrapped]\n|faint|p2a: Hatterene\n|upkeep\n|\n|t:|1700303178\n|switch|p2a: Ceruledge|Ceruledge, M|100\/100\n|turn|5\n|\n|t:|1700303183\n|move|p2a: Ceruledge|Close Combat|p1a: Heatran\n|-supereffective|p1a: Heatran\n|-damage|p1a: Heatran|10\/100 par\n|-unboost|p2a: Ceruledge|def|1\n|-unboost|p2a: Ceruledge|spd|1\n|move|p1a: Heatran|Earth Power|p2a: Ceruledge\n|-supereffective|p2a: Ceruledge\n|-damage|p2a: Ceruledge|7\/100\n|\n|-heal|p1a: Heatran|16\/100 par|[from] item: Leftovers\n|upkeep\n|turn|6\n|\n|t:|1700303192\n|move|p2a: Ceruledge|Close Combat|p1a: Heatran\n|-supereffective|p1a: Heatran\n|-damage|p1a: Heatran|0 fnt\n|-unboost|p2a: Ceruledge|def|1\n|-unboost|p2a: Ceruledge|spd|1\n|faint|p1a: Heatran\n|\n|upkeep\n|\n|t:|1700303212\n|switch|p1a: Thundurus|Thundurus-Therian, M|100\/100\n|-damage|p1a: Thundurus|76\/100|[from] Stealth Rock\n|turn|7\n|\n|t:|1700303219\n|move|p1a: Thundurus|Volt Switch|p2a: Ceruledge\n|-crit|p2a: Ceruledge\n|-damage|p2a: Ceruledge|0 fnt\n|faint|p2a: Ceruledge\n|\n|t:|1700303224\n|switch|p1a: Weezing|Weezing-Galar, M|100\/100|[from] Volt Switch\n|-ability|p1a: Weezing|Neutralizing Gas\n|-damage|p1a: Weezing|88\/100|[from] Stealth Rock\n|\n|-heal|p1a: Weezing|94\/100|[from] item: Leftovers\n|upkeep\n|\n|t:|1700303231\n|switch|p2a: Tapu Lele|Tapu Lele|100\/100\n|turn|8\n|\n|t:|1700303249\n|switch|p2a: Polteageist|Polteageist-Antique|100\/100\n|-end|p1a: Weezing|ability: Neutralizing Gas\n|switch|p1a: Slowking|Slowking-Galar, F|100\/100\n|\n|upkeep\n|turn|9\n|\n|t:|1700303255\n|move|p2a: Polteageist|Shell Smash|p2a: Polteageist\n|-unboost|p2a: Polteageist|def|1\n|-unboost|p2a: Polteageist|spd|1\n|-boost|p2a: Polteageist|atk|2\n|-boost|p2a: Polteageist|spa|2\n|-boost|p2a: Polteageist|spe|2\n|move|p1a: Slowking|Thunder Wave|p2a: Polteageist\n|-status|p2a: Polteageist|par\n|\n|upkeep\n|turn|10\n|\n|t:|1700303260\n|move|p2a: Polteageist|Shell Smash|p2a: Polteageist\n|-unboost|p2a: Polteageist|def|1\n|-unboost|p2a: Polteageist|spd|1\n|-boost|p2a: Polteageist|atk|2\n|-boost|p2a: Polteageist|spa|2\n|-boost|p2a: Polteageist|spe|2\n|move|p1a: Slowking|Future Sight|p2a: Polteageist\n|-start|p1a: Slowking|move: Future Sight\n|\n|upkeep\n|turn|11\n|\n|t:|1700303264\n|move|p2a: Polteageist|Shadow Ball|p1a: Slowking\n|-supereffective|p1a: Slowking\n|-damage|p1a: Slowking|0 fnt\n|faint|p1a: Slowking\n|\n|upkeep\n|\n|t:|1700303275\n|switch|p1a: Rillaboom|Rillaboom, F|100\/100\n|-damage|p1a: Rillaboom|88\/100|[from] Stealth Rock\n|-fieldstart|move: Grassy Terrain|[from] ability: Grassy Surge|[of] p1a: Rillaboom\n|turn|12\n|\n|t:|1700303278\n|move|p1a: Rillaboom|Grassy Glide|p2a: Polteageist\n|-enditem|p2a: Polteageist|Focus Sash\n|-damage|p2a: Polteageist|1\/100 par\n|-ability|p2a: Polteageist|Weak Armor|boost\n|-unboost|p2a: Polteageist|def|1\n|-boost|p2a: Polteageist|spe|2\n|cant|p2a: Polteageist|par\n|\n|-end|p2a: Polteageist|move: Future Sight\n|-damage|p2a: Polteageist|0 fnt\n|faint|p2a: Polteageist\n|-heal|p1a: Rillaboom|94\/100|[from] Grassy Terrain\n|upkeep\n|\n|t:|1700303289\n|switch|p2a: Tapu Lele|Tapu Lele|100\/100\n|-fieldstart|move: Psychic Terrain|[from] ability: Psychic Surge|[of] p2a: Tapu Lele\n|turn|13\n|\n|t:|1700303297\n|-terastallize|p1a: Rillaboom|Grass\n|move|p2a: Tapu Lele|Future Sight|p1a: Rillaboom\n|-start|p2a: Tapu Lele|move: Future Sight\n|move|p1a: Rillaboom|Grassy Glide|p2a: Tapu Lele\n|-damage|p2a: Tapu Lele|0 fnt\n|faint|p2a: Tapu Lele\n|\n|upkeep\n|\n|t:|1700303302\n|switch|p2a: Armarouge|Armarouge, F|100\/100\n|turn|14\n|\n|t:|1700303309\n|move|p2a: Armarouge|Expanding Force|p1a: Rillaboom\n|-damage|p1a: Rillaboom|0 fnt\n|faint|p1a: Rillaboom\n|\n|upkeep\n|\n|t:|1700303326\n|switch|p1a: Urshifu|Urshifu-Rapid-Strike, F|100\/100\n|-damage|p1a: Urshifu|94\/100|[from] Stealth Rock\n|turn|15\n|\n|t:|1700303330\n|move|p2a: Armarouge|Endure|p2a: Armarouge\n|-singleturn|p2a: Armarouge|move: Endure\n|move|p1a: Urshifu|Surging Strikes|p2a: Armarouge\n|-supereffective|p2a: Armarouge\n|-crit|p2a: Armarouge\n|-damage|p2a: Armarouge|36\/100\n|-ability|p2a: Armarouge|Weak Armor|boost\n|-unboost|p2a: Armarouge|def|1\n|-boost|p2a: Armarouge|spe|2\n|-enditem|p2a: Armarouge|Weakness Policy\n|-boost|p2a: Armarouge|atk|2|[from] item: Weakness Policy\n|-boost|p2a: Armarouge|spa|2|[from] item: Weakness Policy\n|-supereffective|p2a: Armarouge\n|-crit|p2a: Armarouge\n|-activate|p2a: Armarouge|move: Endure\n|-damage|p2a: Armarouge|1\/100\n|-ability|p2a: Armarouge|Weak Armor|boost\n|-unboost|p2a: Armarouge|def|1\n|-boost|p2a: Armarouge|spe|2\n|-supereffective|p2a: Armarouge\n|-crit|p2a: Armarouge\n|-activate|p2a: Armarouge|move: Endure\n|-damage|p2a: Armarouge|1\/100\n|-ability|p2a: Armarouge|Weak Armor|boost\n|-unboost|p2a: Armarouge|def|1\n|-boost|p2a: Armarouge|spe|2\n|-hitcount|p2a: Armarouge|3\n|\n|-end|p1a: Urshifu|move: Future Sight\n|-supereffective|p1a: Urshifu\n|-damage|p1a: Urshifu|0 fnt\n|faint|p1a: Urshifu\n|upkeep\n|\n|t:|1700303350\n|switch|p1a: Thundurus|Thundurus-Therian, M|76\/100\n|-damage|p1a: Thundurus|51\/100|[from] Stealth Rock\n|turn|16\n|\n|t:|1700303361\n|move|p2a: Armarouge|Expanding Force|p1a: Thundurus\n|-damage|p1a: Thundurus|0 fnt\n|faint|p1a: Thundurus\n|\n|upkeep\n|\n|t:|1700303363\n|switch|p1a: Weezing|Weezing-Galar, M|94\/100\n|-ability|p1a: Weezing|Neutralizing Gas\n|-damage|p1a: Weezing|82\/100|[from] Stealth Rock\n|turn|17\n|\n|t:|1700303368\n|-terastallize|p2a: Armarouge|Psychic\n|move|p2a: Armarouge|Expanding Force|p1a: Weezing\n|-supereffective|p1a: Weezing\n|-damage|p1a: Weezing|0 fnt\n|faint|p1a: Weezing\n|-end|p1a: Weezing|ability: Neutralizing Gas\n|\n|win|weiwoduzun\u696a\u7948\n|raw|Corona557's rating: 1491 &rarr; <strong>1476<\/strong><br \/>(-15 for losing)\n|raw|weiwoduzun\u696a\u7948's rating: 1586 &rarr; <strong>1601<\/strong><br \/>(+15 for winning)\n|l|\u2606Corona557\n","uploadtime":1700303374,"views":9,"p1id":"corona557","p2id":"weiwoduzun","formatid":"gen9nationaldex","rating":1476,"private":0,"password":""}