{"id":"gen9nationaldex-1987962044","p1":"KARROL","p2":"bczyeslol","format":"[Gen 9] National Dex","log":"|j|\u2606KARROL\n|j|\u2606bczyeslol\n|t:|1699653552\n|gametype|singles\n|player|p1|KARROL|pokekid|1374\n|player|p2|bczyeslol|265|1272\n|teamsize|p1|6\n|teamsize|p2|6\n|gen|9\n|tier|[Gen 9] National Dex\n|rated|\n|rule|HP Percentage Mod: HP is shown in percentages\n|rule|Endless Battle Clause: Forcing endless battles is banned\n|rule|OHKO Clause: OHKO moves are banned\n|rule|Evasion Clause: Evasion abilities, items, and moves are banned\n|rule|Evasion Abilities Clause: Evasion abilities are banned\n|rule|Evasion Items Clause: Evasion items are banned\n|rule|Evasion Moves Clause: Evasion moves are banned\n|rule|Species Clause: Limit one of each Pok\u00e9mon\n|rule|Sleep Clause Mod: Limit one foe put to sleep\n|clearpoke\n|poke|p1|Slurpuff, F|\n|poke|p1|Urshifu-*, F|\n|poke|p1|Garchomp, F|\n|poke|p1|Ampharos, F|\n|poke|p1|Porygon-Z|\n|poke|p1|Tapu Koko|\n|poke|p2|Weavile, F|\n|poke|p2|Kartana|\n|poke|p2|Landorus-Therian, M|\n|poke|p2|Dragonite, F|\n|poke|p2|Gardevoir, F|\n|poke|p2|Wobbuffet, F|\n|teampreview\n|\n|t:|1699653563\n|start\n|switch|p1a: CHEIROSA|Slurpuff, F, shiny|100\/100\n|switch|p2a: Weavile|Weavile, F, shiny|100\/100\n|turn|1\n|\n|t:|1699653574\n|move|p2a: Weavile|Icicle Crash|p1a: CHEIROSA\n|-damage|p1a: CHEIROSA|26\/100\n|-enditem|p1a: CHEIROSA|Sitrus Berry|[eat]\n|-heal|p1a: CHEIROSA|51\/100|[from] item: Sitrus Berry\n|move|p1a: CHEIROSA|Sticky Web|p2a: Weavile\n|-sidestart|p2: bczyeslol|move: Sticky Web\n|\n|upkeep\n|turn|2\n|\n|t:|1699653586\n|move|p1a: CHEIROSA|Flamethrower|p2a: Weavile\n|-supereffective|p2a: Weavile\n|-damage|p2a: Weavile|39\/100\n|move|p2a: Weavile|Icicle Crash|p1a: CHEIROSA\n|-damage|p1a: CHEIROSA|0 fnt\n|faint|p1a: CHEIROSA\n|\n|upkeep\n|\n|t:|1699653598\n|switch|p1a: SURPRESA|Urshifu-Rapid-Strike, F|100\/100\n|turn|3\n|\n|t:|1699653606\n|move|p2a: Weavile|Icicle Crash|p1a: SURPRESA\n|-resisted|p1a: SURPRESA\n|-damage|p1a: SURPRESA|64\/100\n|cant|p1a: SURPRESA|flinch\n|\n|-heal|p1a: SURPRESA|70\/100|[from] item: Leftovers\n|upkeep\n|turn|4\n|\n|t:|1699653614\n|move|p2a: Weavile|Icicle Crash|p1a: SURPRESA\n|-resisted|p1a: SURPRESA\n|-damage|p1a: SURPRESA|35\/100\n|move|p1a: SURPRESA|Bulk Up|p1a: SURPRESA\n|-boost|p1a: SURPRESA|atk|1\n|-boost|p1a: SURPRESA|def|1\n|\n|-heal|p1a: SURPRESA|42\/100|[from] item: Leftovers\n|upkeep\n|turn|5\n|\n|t:|1699653624\n|move|p2a: Weavile|Icicle Crash|p1a: SURPRESA\n|-resisted|p1a: SURPRESA\n|-damage|p1a: SURPRESA|20\/100\n|move|p1a: SURPRESA|Drain Punch|p2a: Weavile\n|-supereffective|p2a: Weavile\n|-damage|p2a: Weavile|0 fnt\n|-heal|p1a: SURPRESA|35\/100|[from] drain|[of] p2a: Weavile\n|faint|p2a: Weavile\n|\n|-heal|p1a: SURPRESA|42\/100|[from] item: Leftovers\n|upkeep\n|\n|t:|1699653637\n|switch|p2a: Landorus|Landorus-Therian, M, shiny|100\/100\n|-ability|p2a: Landorus|Intimidate|boost\n|-unboost|p1a: SURPRESA|atk|1\n|turn|6\n|\n|t:|1699653643\n|move|p1a: SURPRESA|Surging Strikes|p2a: Landorus\n|-supereffective|p2a: Landorus\n|-crit|p2a: Landorus\n|-damage|p2a: Landorus|60\/100\n|-supereffective|p2a: Landorus\n|-crit|p2a: Landorus\n|-damage|p2a: Landorus|23\/100\n|-supereffective|p2a: Landorus\n|-crit|p2a: Landorus\n|-damage|p2a: Landorus|0 fnt\n|faint|p2a: Landorus\n|-hitcount|p2: Landorus|3\n|\n|-heal|p1a: SURPRESA|48\/100|[from] item: Leftovers\n|upkeep\n|\n|t:|1699653655\n|switch|p2a: Wobbuffet|Wobbuffet, F, shiny|100\/100\n|-activate|p2a: Wobbuffet|move: Sticky Web\n|-unboost|p2a: Wobbuffet|spe|1\n|turn|7\n|\n|t:|1699653660\n|move|p1a: SURPRESA|Bulk Up|p1a: SURPRESA\n|-boost|p1a: SURPRESA|atk|1\n|-boost|p1a: SURPRESA|def|1\n|move|p2a: Wobbuffet|Counter||[still]\n|-fail|p2a: Wobbuffet\n|\n|-heal|p1a: SURPRESA|54\/100|[from] item: Leftovers\n|upkeep\n|turn|8\n|\n|t:|1699653672\n|-terastallize|p1a: SURPRESA|Water\n|move|p1a: SURPRESA|Surging Strikes|p2a: Wobbuffet\n|-crit|p2a: Wobbuffet\n|-damage|p2a: Wobbuffet|66\/100\n|-crit|p2a: Wobbuffet\n|-damage|p2a: Wobbuffet|29\/100\n|-crit|p2a: Wobbuffet\n|-damage|p2a: Wobbuffet|0 fnt\n|faint|p2a: Wobbuffet\n|-hitcount|p2: Wobbuffet|3\n|\n|-heal|p1a: SURPRESA|60\/100|[from] item: Leftovers\n|upkeep\n|inactive|Battle timer is ON: inactive players will automatically lose when time's up. (requested by KARROL)\n|inactive|bczyeslol has 120 seconds left.\n|inactive|bczyeslol has 90 seconds left.\n|inactive|bczyeslol has 60 seconds left.\n|inactive|bczyeslol has 30 seconds left.\n|inactive|bczyeslol has 20 seconds left.\n|inactive|bczyeslol has 15 seconds left.\n|inactive|bczyeslol has 10 seconds left.\n|inactive|bczyeslol has 5 seconds left.\n|-message|bczyeslol lost due to inactivity.\n|\n|win|KARROL\n|raw|KARROL's rating: 1374 &rarr; <strong>1388<\/strong><br \/>(+14 for winning)\n|raw|bczyeslol's rating: 1272 &rarr; <strong>1254<\/strong><br \/>(-18 for losing)\n","uploadtime":1699653878,"views":15,"p1id":"karrol","p2id":"bczyeslol","formatid":"gen9nationaldex","rating":1254,"private":0,"password":""}