{"id":"gen9nationaldex-1996312894","p1":"Finallyfoundaname","p2":"IceBerryCoffee","format":"[Gen 9] National Dex","log":"|html|<div class=\"broadcast-blue\"><strong>[Gen 9] National Dex is currently suspecting Sneasler! For information on how to participate check out the <a href=\"https:\/\/www.smogon.com\/forums\/threads\/sv-national-dex-suspect-8-just-dance.3731534\/\">suspect thread<\/a>.<\/strong><\/div>\n|j|\u2606Finallyfoundaname\n|j|\u2606IceBerryCoffee\n|t:|1700670152\n|gametype|singles\n|player|p1|Finallyfoundaname|unknown|1360\n|player|p2|IceBerryCoffee|101|1324\n|teamsize|p1|6\n|teamsize|p2|6\n|gen|9\n|tier|[Gen 9] National Dex\n|rated|\n|rule|HP Percentage Mod: HP is shown in percentages\n|rule|Endless Battle Clause: Forcing endless battles is banned\n|rule|OHKO Clause: OHKO moves are banned\n|rule|Evasion Clause: Evasion abilities, items, and moves are banned\n|rule|Evasion Abilities Clause: Evasion abilities are banned\n|rule|Evasion Items Clause: Evasion items are banned\n|rule|Evasion Moves Clause: Evasion moves are banned\n|rule|Species Clause: Limit one of each Pok\u00e9mon\n|rule|Sleep Clause Mod: Limit one foe put to sleep\n|clearpoke\n|poke|p1|Kartana|\n|poke|p1|Shuckle, M|\n|poke|p1|Malamar, M|\n|poke|p1|Sneasler, F|\n|poke|p1|Dragonite, F|\n|poke|p1|Mawile, F|\n|poke|p2|Maushold-Four|\n|poke|p2|Empoleon, F|\n|poke|p2|Conkeldurr, M|\n|poke|p2|Typhlosion-Hisui, M|\n|poke|p2|Charizard, F|\n|poke|p2|Gliscor, F|\n|teampreview\n|inactive|Battle timer is ON: inactive players will automatically lose when time's up. (requested by IceBerryCoffee)\n|\n|t:|1700670173\n|start\n|switch|p1a: Dragonite|Dragonite, F|100\/100\n|switch|p2a: Gliscor|Gliscor, F|100\/100\n|turn|1\n|\n|t:|1700670179\n|move|p1a: Dragonite|Dragon Dance|p1a: Dragonite\n|-boost|p1a: Dragonite|atk|1\n|-boost|p1a: Dragonite|spe|1\n|move|p2a: Gliscor|Toxic|p1a: Dragonite\n|-status|p1a: Dragonite|tox\n|\n|-damage|p1a: Dragonite|94\/100 tox|[from] psn\n|-status|p2a: Gliscor|tox|[from] item: Toxic Orb\n|upkeep\n|turn|2\n|\n|t:|1700670190\n|-terastallize|p2a: Gliscor|Fairy\n|move|p1a: Dragonite|Ice Spinner|p2a: Gliscor\n|-damage|p2a: Gliscor|66\/100 tox\n|move|p2a: Gliscor|Stealth Rock|p1a: Dragonite\n|-sidestart|p1: Finallyfoundaname|move: Stealth Rock\n|\n|-heal|p1a: Dragonite|100\/100 tox|[from] item: Leftovers\n|-damage|p1a: Dragonite|88\/100 tox|[from] psn\n|-heal|p2a: Gliscor|78\/100 tox|[from] ability: Poison Heal\n|upkeep\n|turn|3\n|\n|t:|1700670200\n|move|p1a: Dragonite|Earthquake|p2a: Gliscor\n|-damage|p2a: Gliscor|29\/100 tox\n|move|p2a: Gliscor|Roost|p2a: Gliscor\n|-heal|p2a: Gliscor|79\/100 tox\n|\n|-heal|p1a: Dragonite|94\/100 tox|[from] item: Leftovers\n|-damage|p1a: Dragonite|76\/100 tox|[from] psn\n|-heal|p2a: Gliscor|91\/100 tox|[from] ability: Poison Heal\n|upkeep\n|turn|4\n|\n|t:|1700670210\n|switch|p2a: Charizard|Charizard, F|100\/100\n|move|p1a: Dragonite|Dragon Dance|p1a: Dragonite\n|-boost|p1a: Dragonite|atk|1\n|-boost|p1a: Dragonite|spe|1\n|\n|-heal|p1a: Dragonite|82\/100 tox|[from] item: Leftovers\n|-damage|p1a: Dragonite|57\/100 tox|[from] psn\n|upkeep\n|turn|5\n|\n|t:|1700670218\n|switch|p2a: Gliscor|Gliscor, F, tera:Fairy|91\/100 tox\n|move|p1a: Dragonite|Thunder Punch|p2a: Gliscor\n|-damage|p2a: Gliscor|48\/100 tox\n|\n|-heal|p1a: Dragonite|63\/100 tox|[from] item: Leftovers\n|-damage|p1a: Dragonite|32\/100 tox|[from] psn\n|-heal|p2a: Gliscor|60\/100 tox|[from] ability: Poison Heal\n|upkeep\n|turn|6\n|\n|t:|1700670231\n|move|p1a: Dragonite|Earthquake|p2a: Gliscor\n|-damage|p2a: Gliscor|0 fnt\n|faint|p2a: Gliscor\n|\n|-heal|p1a: Dragonite|39\/100 tox|[from] item: Leftovers\n|-damage|p1a: Dragonite|1\/100 tox|[from] psn\n|upkeep\n|\n|t:|1700670237\n|switch|p2a: Conkeldurr|Conkeldurr, M|100\/100\n|turn|7\n|\n|t:|1700670241\n|move|p2a: Conkeldurr|Mach Punch|p1a: Dragonite\n|-resisted|p1a: Dragonite\n|-crit|p1a: Dragonite\n|-damage|p1a: Dragonite|0 fnt\n|faint|p1a: Dragonite\n|\n|-status|p2a: Conkeldurr|brn|[from] item: Flame Orb\n|upkeep\n|\n|t:|1700670247\n|switch|p1a: Malamar|Malamar, M|100\/100\n|-damage|p1a: Malamar|88\/100|[from] Stealth Rock\n|turn|8\n|\n|t:|1700670265\n|move|p2a: Conkeldurr|Facade|p1a: Malamar\n|-crit|p1a: Malamar\n|-damage|p1a: Malamar|0 fnt\n|faint|p1a: Malamar\n|\n|-damage|p2a: Conkeldurr|94\/100 brn|[from] brn\n|upkeep\n|\n|t:|1700670267\n|switch|p1a: Shuckle|Shuckle, M|100\/100\n|-damage|p1a: Shuckle|75\/100|[from] Stealth Rock\n|turn|9\n|\n|t:|1700670279\n|move|p2a: Conkeldurr|Knock Off|p1a: Shuckle\n|-damage|p1a: Shuckle|39\/100\n|-enditem|p1a: Shuckle|Leftovers|[from] move: Knock Off|[of] p2a: Conkeldurr\n|move|p1a: Shuckle|Sticky Web|p2a: Conkeldurr\n|-sidestart|p2: IceBerryCoffee|move: Sticky Web\n|\n|-damage|p2a: Conkeldurr|88\/100 brn|[from] brn\n|upkeep\n|turn|10\n|\n|t:|1700670290\n|switch|p2a: Maushold|Maushold-Four|100\/100\n|-activate|p2a: Maushold|move: Sticky Web\n|-unboost|p2a: Maushold|spe|1\n|move|p1a: Shuckle|Stealth Rock|p2a: Maushold\n|-sidestart|p2: IceBerryCoffee|move: Stealth Rock\n|\n|upkeep\n|turn|11\n|\n|t:|1700670302\n|move|p2a: Maushold|Tidy Up|p2a: Maushold\n|-sideend|p2: IceBerryCoffee|Stealth Rock\n|-sideend|p2: IceBerryCoffee|Sticky Web\n|-sideend|p1: Finallyfoundaname|Stealth Rock\n|-activate|p2a: Maushold|move: Tidy Up\n|-boost|p2a: Maushold|atk|1\n|-boost|p2a: Maushold|spe|1\n|move|p1a: Shuckle|Encore|p2a: Maushold\n|-start|p2a: Maushold|Encore\n|\n|upkeep\n|turn|12\n|\n|t:|1700670312\n|switch|p1a: Kartana|Kartana|100\/100\n|move|p2a: Maushold|Tidy Up|p2a: Maushold\n|-boost|p2a: Maushold|atk|1\n|-boost|p2a: Maushold|spe|1\n|\n|upkeep\n|turn|13\n|\n|t:|1700670320\n|switch|p2a: Charizard|Charizard, F|100\/100\n|move|p1a: Kartana|Sacred Sword|p2a: Charizard\n|-resisted|p2a: Charizard\n|-damage|p2a: Charizard|68\/100\n|\n|upkeep\n|turn|14\n|\n|t:|1700670331\n|switch|p1a: Shuckle|Shuckle, M|39\/100\n|detailschange|p2a: Charizard|Charizard-Mega-Y, F\n|-mega|p2a: Charizard|Charizard|Charizardite Y\n|-weather|SunnyDay|[from] ability: Drought|[of] p2a: Charizard\n|move|p2a: Charizard|Fire Blast|p1a: Shuckle|[miss]\n|-miss|p2a: Charizard|p1a: Shuckle\n|\n|-weather|SunnyDay|[upkeep]\n|upkeep\n|turn|15\n|\n|t:|1700670339\n|move|p2a: Charizard|Fire Blast|p1a: Shuckle|[miss]\n|-miss|p2a: Charizard|p1a: Shuckle\n|move|p1a: Shuckle|Sticky Web|p2a: Charizard\n|-sidestart|p2: IceBerryCoffee|move: Sticky Web\n|\n|-weather|SunnyDay|[upkeep]\n|upkeep\n|turn|16\n|\n|t:|1700670345\n|move|p2a: Charizard|Fire Blast|p1a: Shuckle\n|-damage|p1a: Shuckle|0 fnt\n|faint|p1a: Shuckle\n|\n|-weather|SunnyDay|[upkeep]\n|upkeep\n|\n|t:|1700670357\n|switch|p1a: Mawile|Mawile, F|100\/100\n|turn|17\n|\n|t:|1700670360\n|detailschange|p1a: Mawile|Mawile-Mega, F\n|-mega|p1a: Mawile|Mawile|Mawilite\n|move|p1a: Mawile|Sucker Punch|p2a: Charizard\n|-damage|p2a: Charizard|4\/100\n|move|p2a: Charizard|Fire Blast|p1a: Mawile\n|-supereffective|p1a: Mawile\n|-crit|p1a: Mawile\n|-damage|p1a: Mawile|0 fnt\n|faint|p1a: Mawile\n|\n|-weather|SunnyDay|[upkeep]\n|upkeep\n|\n|t:|1700670366\n|switch|p1a: Sneasler|Sneasler, F|100\/100\n|turn|18\n|\n|t:|1700670374\n|move|p1a: Sneasler|Acrobatics|p2a: Charizard\n|-damage|p2a: Charizard|0 fnt\n|faint|p2a: Charizard\n|\n|-weather|none\n|upkeep\n|\n|t:|1700670384\n|switch|p2a: Conkeldurr|Conkeldurr, M|88\/100 brn\n|-activate|p2a: Conkeldurr|move: Sticky Web\n|-unboost|p2a: Conkeldurr|spe|1\n|turn|19\n|\n|t:|1700670394\n|move|p1a: Sneasler|Acrobatics|p2a: Conkeldurr\n|-supereffective|p2a: Conkeldurr\n|-damage|p2a: Conkeldurr|48\/100 brn\n|move|p2a: Conkeldurr|Facade|p1a: Sneasler\n|-damage|p1a: Sneasler|0 fnt\n|faint|p1a: Sneasler\n|\n|-damage|p2a: Conkeldurr|42\/100 brn|[from] brn\n|upkeep\n|\n|t:|1700670398\n|switch|p1a: Kartana|Kartana|100\/100\n|turn|20\n|\n|t:|1700670413\n|move|p1a: Kartana|Psycho Cut|p2a: Conkeldurr\n|-supereffective|p2a: Conkeldurr\n|-damage|p2a: Conkeldurr|0 fnt\n|faint|p2a: Conkeldurr\n|-ability|p1a: Kartana|Beast Boost|boost\n|-boost|p1a: Kartana|atk|1\n|\n|upkeep\n|c|\u2606Finallyfoundaname|welp gg\n|\n|t:|1700670429\n|switch|p2a: Typhlosion|Typhlosion-Hisui, M|100\/100\n|-activate|p2a: Typhlosion|move: Sticky Web\n|-unboost|p2a: Typhlosion|spe|1\n|-item|p1a: Kartana|Choice Scarf|[from] ability: Frisk|[of] p2a: Typhlosion|[identify]\n|turn|21\n|\n|t:|1700670438\n|-terastallize|p1a: Kartana|Grass\n|move|p1a: Kartana|Psycho Cut|p2a: Typhlosion\n|-damage|p2a: Typhlosion|32\/100\n|move|p2a: Typhlosion|Flamethrower|p1a: Kartana\n|-supereffective|p1a: Kartana\n|-damage|p1a: Kartana|0 fnt\n|faint|p1a: Kartana\n|\n|win|IceBerryCoffee\n|raw|Finallyfoundaname's rating: 1360 &rarr; <strong>1338<\/strong><br \/>(-22 for losing)\n|raw|IceBerryCoffee's rating: 1324 &rarr; <strong>1346<\/strong><br \/>(+22 for winning)\n|l|\u2606Finallyfoundaname\n","uploadtime":1700670450,"views":1,"p1id":"finallyfoundaname","p2id":"iceberrycoffee","formatid":"gen9nationaldex","rating":1338,"private":0,"password":""}