{"id":"gen9nationaldex-1991895245","p1":"vimiyylt16","p2":"Yami Tayori","format":"[Gen 9] National Dex","log":"|j|\u2606vimiyylt16\n|j|\u2606Yami Tayori\n|t:|1700134940\n|gametype|singles\n|player|p1|vimiyylt16|pryce|1038\n|player|p2|Yami Tayori|steven|1026\n|teamsize|p1|6\n|teamsize|p2|6\n|gen|9\n|tier|[Gen 9] National Dex\n|rated|\n|rule|HP Percentage Mod: HP is shown in percentages\n|rule|Endless Battle Clause: Forcing endless battles is banned\n|rule|OHKO Clause: OHKO moves are banned\n|rule|Evasion Clause: Evasion abilities, items, and moves are banned\n|rule|Evasion Abilities Clause: Evasion abilities are banned\n|rule|Evasion Items Clause: Evasion items are banned\n|rule|Evasion Moves Clause: Evasion moves are banned\n|rule|Species Clause: Limit one of each Pok\u00e9mon\n|rule|Sleep Clause Mod: Limit one foe put to sleep\n|clearpoke\n|poke|p1|Ogerpon-Wellspring, F|\n|poke|p1|Quaquaval, M|\n|poke|p1|Clodsire, M|\n|poke|p1|Iron Moth|\n|poke|p1|Urshifu-*, F|\n|poke|p1|Vikavolt, M|\n|poke|p2|Flygon, F|\n|poke|p2|Mimikyu, F|\n|poke|p2|Aegislash, M|\n|poke|p2|Corviknight, M|\n|poke|p2|Sylveon, F|\n|poke|p2|Rotom-Heat|\n|teampreview\n|\n|t:|1700134950\n|start\n|switch|p1a: Quaquaval|Quaquaval, M|100\/100\n|switch|p2a: Flygon|Flygon, F|100\/100\n|turn|1\n|\n|t:|1700134958\n|move|p2a: Flygon|U-turn|p1a: Quaquaval\n|-resisted|p1a: Quaquaval\n|-damage|p1a: Quaquaval|88\/100\n|\n|t:|1700134962\n|switch|p2a: Corviknight|Corviknight, M|100\/100|[from] U-turn\n|move|p1a: Quaquaval|Aqua Step|p2a: Corviknight\n|-damage|p2a: Corviknight|60\/100\n|-boost|p1a: Quaquaval|spe|1\n|-damage|p1a: Quaquaval|72\/100|[from] item: Rocky Helmet|[of] p2a: Corviknight\n|\n|upkeep\n|turn|2\n|\n|t:|1700134978\n|move|p1a: Quaquaval|Aqua Step|p2a: Corviknight\n|-damage|p2a: Corviknight|21\/100\n|-boost|p1a: Quaquaval|spe|1\n|-damage|p1a: Quaquaval|55\/100|[from] item: Rocky Helmet|[of] p2a: Corviknight\n|move|p2a: Corviknight|Roost|p2a: Corviknight\n|-heal|p2a: Corviknight|71\/100\n|-singleturn|p2a: Corviknight|move: Roost\n|\n|upkeep\n|turn|3\n|\n|t:|1700134989\n|move|p1a: Quaquaval|Aqua Step|p2a: Corviknight\n|-damage|p2a: Corviknight|33\/100\n|-boost|p1a: Quaquaval|spe|1\n|-damage|p1a: Quaquaval|39\/100|[from] item: Rocky Helmet|[of] p2a: Corviknight\n|move|p2a: Corviknight|Iron Defense|p2a: Corviknight\n|-boost|p2a: Corviknight|def|2\n|\n|upkeep\n|turn|4\n|\n|t:|1700134998\n|move|p1a: Quaquaval|Aqua Step|p2a: Corviknight\n|-damage|p2a: Corviknight|12\/100\n|-boost|p1a: Quaquaval|spe|1\n|-damage|p1a: Quaquaval|23\/100|[from] item: Rocky Helmet|[of] p2a: Corviknight\n|move|p2a: Corviknight|Roost|p2a: Corviknight\n|-heal|p2a: Corviknight|62\/100\n|-singleturn|p2a: Corviknight|move: Roost\n|\n|upkeep\n|turn|5\n|\n|t:|1700135003\n|move|p1a: Quaquaval|Aqua Step|p2a: Corviknight\n|-damage|p2a: Corviknight|42\/100\n|-boost|p1a: Quaquaval|spe|1\n|-damage|p1a: Quaquaval|6\/100|[from] item: Rocky Helmet|[of] p2a: Corviknight\n|move|p2a: Corviknight|Iron Defense|p2a: Corviknight\n|-boost|p2a: Corviknight|def|2\n|\n|upkeep\n|turn|6\n|\n|t:|1700135019\n|switch|p1a: Vikavolt|Vikavolt, M, shiny|100\/100\n|move|p2a: Corviknight|Roost|p2a: Corviknight\n|-heal|p2a: Corviknight|92\/100\n|-singleturn|p2a: Corviknight|move: Roost\n|\n|upkeep\n|turn|7\n|\n|t:|1700135029\n|switch|p2a: Flygon|Flygon, F|100\/100\n|move|p1a: Vikavolt|Rising Voltage|p2a: Flygon\n|-immune|p2a: Flygon\n|\n|upkeep\n|turn|8\n|\n|t:|1700135037\n|switch|p1a: Clodsire|Clodsire, M, shiny|100\/100\n|move|p2a: Flygon|Rock Slide|p1a: Clodsire\n|-resisted|p1a: Clodsire\n|-damage|p1a: Clodsire|89\/100\n|\n|-heal|p1a: Clodsire|95\/100|[from] item: Leftovers\n|upkeep\n|turn|9\n|\n|t:|1700135050\n|switch|p2a: Aegislash|Aegislash, M|100\/100\n|move|p1a: Clodsire|Earthquake|p2a: Aegislash\n|-supereffective|p2a: Aegislash\n|-damage|p2a: Aegislash|57\/100\n|-enditem|p2a: Aegislash|Weakness Policy\n|-boost|p2a: Aegislash|atk|2|[from] item: Weakness Policy\n|-boost|p2a: Aegislash|spa|2|[from] item: Weakness Policy\n|\n|-heal|p1a: Clodsire|100\/100|[from] item: Leftovers\n|upkeep\n|turn|10\n|\n|t:|1700135062\n|-formechange|p2a: Aegislash|Aegislash-Blade||[from] ability: Stance Change\n|move|p2a: Aegislash|Shadow Claw|p1a: Clodsire\n|-damage|p1a: Clodsire|50\/100\n|move|p1a: Clodsire|Toxic Spikes|p2a: Aegislash\n|-sidestart|p2: Yami Tayori|move: Toxic Spikes\n|\n|-heal|p1a: Clodsire|56\/100|[from] item: Leftovers\n|upkeep\n|turn|11\n|\n|t:|1700135074\n|move|p2a: Aegislash|Shadow Claw|p1a: Clodsire\n|-damage|p1a: Clodsire|8\/100\n|move|p1a: Clodsire|Earthquake|p2a: Aegislash\n|-supereffective|p2a: Aegislash\n|-damage|p2a: Aegislash|0 fnt\n|faint|p2a: Aegislash\n|\n|-heal|p1a: Clodsire|15\/100|[from] item: Leftovers\n|upkeep\n|\n|t:|1700135080\n|switch|p2a: Corviknight|Corviknight, M|92\/100\n|turn|12\n|\n|t:|1700135088\n|move|p2a: Corviknight|U-turn|p1a: Clodsire\n|-resisted|p1a: Clodsire\n|-damage|p1a: Clodsire|7\/100\n|\n|t:|1700135095\n|switch|p2a: Flygon|Flygon, F|100\/100|[from] U-turn\n|move|p1a: Clodsire|Recover|p1a: Clodsire\n|-heal|p1a: Clodsire|57\/100\n|\n|-heal|p1a: Clodsire|63\/100|[from] item: Leftovers\n|upkeep\n|turn|13\n|\n|t:|1700135106\n|move|p2a: Flygon|Earthquake|p1a: Clodsire\n|-supereffective|p1a: Clodsire\n|-damage|p1a: Clodsire|0 fnt\n|faint|p1a: Clodsire\n|\n|upkeep\n|\n|t:|1700135113\n|switch|p1a: Urshifu|Urshifu-Rapid-Strike, F|100\/100\n|turn|14\n|\n|t:|1700135118\n|switch|p2a: Corviknight|Corviknight, M|92\/100\n|-terastallize|p1a: Urshifu|Water\n|move|p1a: Urshifu|Surging Strikes|p2a: Corviknight\n|-crit|p2a: Corviknight\n|-damage|p2a: Corviknight|76\/100\n|-damage|p1a: Urshifu|84\/100|[from] item: Rocky Helmet|[of] p2a: Corviknight\n|-crit|p2a: Corviknight\n|-damage|p2a: Corviknight|60\/100\n|-damage|p1a: Urshifu|68\/100|[from] item: Rocky Helmet|[of] p2a: Corviknight\n|-crit|p2a: Corviknight\n|-damage|p2a: Corviknight|44\/100\n|-damage|p1a: Urshifu|51\/100|[from] item: Rocky Helmet|[of] p2a: Corviknight\n|-hitcount|p2a: Corviknight|3\n|\n|upkeep\n|turn|15\n|\n|t:|1700135138\n|switch|p1a: Ogerpon|Ogerpon-Wellspring, F|100\/100\n|move|p2a: Corviknight|Roost|p2a: Corviknight\n|-heal|p2a: Corviknight|94\/100\n|-singleturn|p2a: Corviknight|move: Roost\n|\n|upkeep\n|turn|16\n|\n|t:|1700135149\n|move|p1a: Ogerpon|Brick Break|p2a: Corviknight\n|-damage|p2a: Corviknight|77\/100\n|-damage|p1a: Ogerpon|84\/100|[from] item: Rocky Helmet|[of] p2a: Corviknight\n|move|p2a: Corviknight|Iron Defense|p2a: Corviknight\n|-boost|p2a: Corviknight|def|2\n|\n|upkeep\n|turn|17\n|\n|t:|1700135158\n|switch|p1a: Vikavolt|Vikavolt, M, shiny|100\/100\n|move|p2a: Corviknight|Body Press|p1a: Vikavolt\n|-resisted|p1a: Vikavolt\n|-damage|p1a: Vikavolt|67\/100\n|\n|upkeep\n|turn|18\n|\n|t:|1700135167\n|switch|p2a: Flygon|Flygon, F|100\/100\n|move|p1a: Vikavolt|Rising Voltage|p2a: Flygon\n|-immune|p2a: Flygon\n|\n|upkeep\n|turn|19\n|\n|t:|1700135175\n|switch|p1a: Urshifu|Urshifu-Rapid-Strike, F, tera:Water|51\/100\n|move|p2a: Flygon|Rock Slide|p1a: Urshifu\n|-damage|p1a: Urshifu|27\/100\n|\n|upkeep\n|turn|20\n|\n|t:|1700135184\n|switch|p2a: Corviknight|Corviknight, M|77\/100\n|move|p1a: Urshifu|Surging Strikes|p2a: Corviknight\n|-crit|p2a: Corviknight\n|-damage|p2a: Corviknight|60\/100\n|-damage|p1a: Urshifu|11\/100|[from] item: Rocky Helmet|[of] p2a: Corviknight\n|-crit|p2a: Corviknight\n|-damage|p2a: Corviknight|45\/100\n|-damage|p1a: Urshifu|0 fnt|[from] item: Rocky Helmet|[of] p2a: Corviknight\n|faint|p1a: Urshifu\n|-hitcount|p2a: Corviknight|2\n|\n|upkeep\n|\n|t:|1700135199\n|switch|p1a: Vikavolt|Vikavolt, M, shiny|67\/100\n|turn|21\n|\n|t:|1700135204\n|switch|p2a: Flygon|Flygon, F|100\/100\n|move|p1a: Vikavolt|String Shot|p2a: Flygon\n|-unboost|p2a: Flygon|spe|2\n|\n|upkeep\n|turn|22\n|\n|t:|1700135221\n|switch|p1a: Iron Moth|Iron Moth|100\/100\n|move|p2a: Flygon|U-turn|p1a: Iron Moth\n|-resisted|p1a: Iron Moth\n|-damage|p1a: Iron Moth|92\/100\n|\n|t:|1700135234\n|switch|p2a: Sweety|Mimikyu, F|100\/100|[from] U-turn\n|-status|p2a: Sweety|psn\n|\n|-damage|p2a: Sweety|88\/100 psn|[from] psn\n|upkeep\n|turn|23\n|\n|t:|1700135243\n|move|p1a: Iron Moth|Sludge Wave|p2a: Sweety\n|-activate|p2a: Sweety|ability: Disguise\n|-damage|p2a: Sweety|88\/100 psn\n|detailschange|p2a: Sweety|Mimikyu-Busted, F\n|-damage|p2a: Sweety|76\/100 psn|[from] pokemon: Mimikyu-Busted\n|move|p2a: Sweety|Swords Dance|p2a: Sweety\n|-boost|p2a: Sweety|atk|2\n|\n|-damage|p2a: Sweety|64\/100 psn|[from] psn\n|upkeep\n|turn|24\n|\n|t:|1700135256\n|move|p2a: Sweety|Shadow Sneak|p1a: Iron Moth\n|-damage|p1a: Iron Moth|36\/100\n|move|p1a: Iron Moth|Sludge Wave|p2a: Sweety\n|-damage|p2a: Sweety|0 fnt\n|faint|p2a: Sweety\n|\n|upkeep\n|\n|t:|1700135266\n|switch|p2a: Flygon|Flygon, F|100\/100\n|turn|25\n|\n|t:|1700135268\n|move|p2a: Flygon|Earthquake|p1a: Iron Moth\n|-supereffective|p1a: Iron Moth\n|-damage|p1a: Iron Moth|0 fnt\n|faint|p1a: Iron Moth\n|-end|p1a: Iron Moth|Quark Drive|[silent]\n|\n|upkeep\n|\n|t:|1700135276\n|switch|p1a: Quaquaval|Quaquaval, M|6\/100\n|turn|26\n|\n|t:|1700135283\n|move|p2a: Flygon|Earthquake|p1a: Quaquaval\n|-damage|p1a: Quaquaval|0 fnt\n|faint|p1a: Quaquaval\n|\n|upkeep\n|\n|t:|1700135289\n|switch|p1a: Vikavolt|Vikavolt, M, shiny|67\/100\n|turn|27\n|\n|t:|1700135295\n|switch|p2a: Rotom|Rotom-Heat|100\/100\n|move|p1a: Vikavolt|Poison Jab|p2a: Rotom\n|-damage|p2a: Rotom|87\/100\n|-status|p2a: Rotom|psn\n|\n|-heal|p2a: Rotom|93\/100 psn|[from] item: Leftovers\n|-damage|p2a: Rotom|80\/100 psn|[from] psn\n|upkeep\n|turn|28\n|\n|t:|1700135307\n|switch|p1a: Ogerpon|Ogerpon-Wellspring, F|84\/100\n|move|p2a: Rotom|Defog|p1a: Ogerpon\n|-unboost|p1a: Ogerpon|evasion|1\n|-sideend|p2: Yami Tayori|Toxic Spikes|[from] move: Defog|[of] p2a: Rotom\n|\n|-heal|p2a: Rotom|86\/100 psn|[from] item: Leftovers\n|-damage|p2a: Rotom|74\/100 psn|[from] psn\n|upkeep\n|turn|29\n|\n|t:|1700135323\n|-terastallize|p2a: Rotom|Electric\n|move|p1a: Ogerpon|Ivy Cudgel|p2a: Rotom|[anim] Ivy Cudgel Water\n|-damage|p2a: Rotom|16\/100 psn\n|move|p2a: Rotom|Will-O-Wisp|p1a: Ogerpon\n|-status|p1a: Ogerpon|brn\n|\n|-heal|p2a: Rotom|22\/100 psn|[from] item: Leftovers\n|-damage|p2a: Rotom|9\/100 psn|[from] psn\n|-damage|p1a: Ogerpon|78\/100 brn|[from] brn\n|upkeep\n|turn|30\n|\n|t:|1700135337\n|move|p1a: Ogerpon|Spiky Shield|p1a: Ogerpon\n|-singleturn|p1a: Ogerpon|move: Protect\n|move|p2a: Rotom|Protect||[still]\n|-fail|p2a: Rotom\n|\n|-heal|p2a: Rotom|15\/100 psn|[from] item: Leftovers\n|-damage|p2a: Rotom|3\/100 psn|[from] psn\n|-damage|p1a: Ogerpon|72\/100 brn|[from] brn\n|upkeep\n|turn|31\n|\n|t:|1700135349\n|move|p1a: Ogerpon|Ivy Cudgel|p2a: Rotom|[anim] Ivy Cudgel Water\n|-damage|p2a: Rotom|0 fnt\n|faint|p2a: Rotom\n|\n|-damage|p1a: Ogerpon|66\/100 brn|[from] brn\n|upkeep\n|\n|t:|1700135353\n|switch|p2a: Corviknight|Corviknight, M|45\/100\n|turn|32\n|\n|t:|1700135360\n|switch|p1a: Vikavolt|Vikavolt, M, shiny|67\/100\n|move|p2a: Corviknight|Roost|p2a: Corviknight\n|-heal|p2a: Corviknight|95\/100\n|-singleturn|p2a: Corviknight|move: Roost\n|\n|upkeep\n|turn|33\n|\n|t:|1700135371\n|switch|p2a: Flygon|Flygon, F|100\/100\n|move|p1a: Vikavolt|String Shot|p2a: Flygon\n|-unboost|p2a: Flygon|spe|2\n|\n|upkeep\n|turn|34\n|\n|t:|1700135384\n|move|p1a: Vikavolt|String Shot|p2a: Flygon\n|-unboost|p2a: Flygon|spe|2\n|move|p2a: Flygon|U-turn|p1a: Vikavolt\n|-damage|p1a: Vikavolt|41\/100\n|\n|t:|1700135390\n|switch|p2a: Sylveon|Sylveon, F|100\/100|[from] U-turn\n|\n|upkeep\n|turn|35\n|\n|t:|1700135397\n|switch|p1a: Ogerpon|Ogerpon-Wellspring, F|66\/100 brn\n|move|p2a: Sylveon|Hyper Voice|p1a: Ogerpon\n|-damage|p1a: Ogerpon|0 fnt\n|faint|p1a: Ogerpon\n|-enditem|p2a: Sylveon|Throat Spray\n|-boost|p2a: Sylveon|spa|1|[from] item: Throat Spray\n|\n|upkeep\n|\n|t:|1700135405\n|switch|p1a: Vikavolt|Vikavolt, M, shiny|41\/100\n|turn|36\n|\n|t:|1700135408\n|move|p1a: Vikavolt|Poison Jab|p2a: Sylveon\n|-supereffective|p2a: Sylveon\n|-damage|p2a: Sylveon|64\/100\n|move|p2a: Sylveon|Mystical Fire|p1a: Vikavolt\n|-supereffective|p1a: Vikavolt\n|-damage|p1a: Vikavolt|0 fnt\n|faint|p1a: Vikavolt\n|\n|win|Yami Tayori\n|raw|vimiyylt16's rating: 1038 &rarr; <strong>1022<\/strong><br \/>(-16 for losing)\n|raw|Yami Tayori's rating: 1026 &rarr; <strong>1063<\/strong><br \/>(+37 for winning)\n|l|\u2606vimiyylt16\n","uploadtime":1700135442,"views":7,"p1id":"vimiyylt16","p2id":"yamitayori","formatid":"gen9nationaldex","rating":1022,"private":0,"password":""}