{"id":"gen9nationaldex-1999778519","p1":"decolcrak","p2":"Nei-tortilla","format":"[Gen 9] National Dex","log":"|html|<div class=\"broadcast-blue\"><strong>[Gen 9] National Dex is currently suspecting Sneasler! For information on how to participate check out the <a href=\"https:\/\/www.smogon.com\/forums\/threads\/sv-national-dex-suspect-8-just-dance.3731534\/\">suspect thread<\/a>.<\/strong><\/div>\n|j|\u2606decolcrak\n|j|\u2606Nei-tortilla\n|t:|1701115859\n|gametype|singles\n|player|p1|decolcrak|benga|\n|player|p2|Nei-tortilla|riley|\n|teamsize|p1|6\n|teamsize|p2|6\n|gen|9\n|tier|[Gen 9] National Dex\n|rule|HP Percentage Mod: HP is shown in percentages\n|rule|Endless Battle Clause: Forcing endless battles is banned\n|rule|OHKO Clause: OHKO moves are banned\n|rule|Evasion Clause: Evasion abilities, items, and moves are banned\n|rule|Evasion Abilities Clause: Evasion abilities are banned\n|rule|Evasion Items Clause: Evasion items are banned\n|rule|Evasion Moves Clause: Evasion moves are banned\n|rule|Species Clause: Limit one of each Pok\u00e9mon\n|rule|Sleep Clause Mod: Limit one foe put to sleep\n|clearpoke\n|poke|p1|Klinklang|\n|poke|p1|Cryogonal|\n|poke|p1|Stunfisk, F|\n|poke|p1|Victini|\n|poke|p1|Basculin, M|\n|poke|p1|Sigilyph, F|\n|poke|p2|Galvantula, M|\n|poke|p2|Darmanitan, F|\n|poke|p2|Serperior, F|\n|poke|p2|Jellicent, M|\n|poke|p2|Bisharp, M|\n|poke|p2|Landorus-Therian, M|\n|teampreview\n|\n|t:|1701115898\n|start\n|switch|p1a: Victini|Victini|100\/100\n|switch|p2a: Galvantula|Galvantula, M, shiny|100\/100\n|turn|1\n|\n|t:|1701115909\n|move|p1a: Victini|V-create|p2a: Galvantula\n|-supereffective|p2a: Galvantula\n|-enditem|p2a: Galvantula|Focus Sash\n|-damage|p2a: Galvantula|1\/100\n|-unboost|p1a: Victini|spe|1\n|-unboost|p1a: Victini|def|1\n|-unboost|p1a: Victini|spd|1\n|move|p2a: Galvantula|Sticky Web|p1a: Victini\n|-sidestart|p1: decolcrak|move: Sticky Web\n|\n|upkeep\n|turn|2\n|\n|t:|1701115923\n|switch|p1a: Cryogonal|Cryogonal|100\/100\n|move|p2a: Galvantula|Bug Buzz|p1a: Cryogonal\n|-damage|p1a: Cryogonal|78\/100\n|\n|upkeep\n|turn|3\n|\n|t:|1701115932\n|move|p2a: Galvantula|Volt Switch|p1a: Cryogonal\n|-damage|p1a: Cryogonal|61\/100\n|\n|t:|1701115935\n|switch|p2a: Jellicent|Jellicent, M|100\/100|[from] Volt Switch\n|move|p1a: Cryogonal|Rapid Spin|p2a: Jellicent\n|-immune|p2a: Jellicent\n|\n|upkeep\n|turn|4\n|j| chema778\n|\n|t:|1701115952\n|move|p1a: Cryogonal|Freeze-Dry|p2a: Jellicent\n|-supereffective|p2a: Jellicent\n|-crit|p2a: Jellicent\n|-damage|p2a: Jellicent|39\/100\n|move|p2a: Jellicent|Scald|p1a: Cryogonal\n|-damage|p1a: Cryogonal|47\/100\n|\n|-heal|p2a: Jellicent|45\/100|[from] item: Leftovers\n|upkeep\n|turn|5\n|\n|t:|1701115966\n|move|p1a: Cryogonal|Recover|p1a: Cryogonal\n|-heal|p1a: Cryogonal|97\/100\n|move|p2a: Jellicent|Recover|p2a: Jellicent\n|-heal|p2a: Jellicent|95\/100\n|\n|-heal|p2a: Jellicent|100\/100|[from] item: Leftovers\n|upkeep\n|turn|6\n|\n|t:|1701115987\n|switch|p2a: Darmanitan|Darmanitan, F|100\/100\n|move|p1a: Cryogonal|Freeze-Dry|p2a: Darmanitan\n|-resisted|p2a: Darmanitan\n|-damage|p2a: Darmanitan|83\/100\n|\n|upkeep\n|turn|7\n|\n|t:|1701116003\n|switch|p1a: Stunfisk|Stunfisk, F|100\/100\n|-activate|p1a: Stunfisk|move: Sticky Web\n|-unboost|p1a: Stunfisk|spe|1\n|move|p2a: Darmanitan|U-turn|p1a: Stunfisk\n|-damage|p1a: Stunfisk|78\/100\n|\n|t:|1701116011\n|switch|p2a: Serperior|Serperior, F|100\/100|[from] U-turn\n|\n|upkeep\n|turn|8\n|\n|t:|1701116022\n|switch|p1a: Klinklang|Klinklang|100\/100\n|-activate|p1a: Klinklang|move: Sticky Web\n|-fail|p1a: Klinklang|unboost|[from] ability: Clear Body|[of] p1a: Klinklang\n|move|p2a: Serperior|Leaf Storm|p1a: Klinklang\n|-resisted|p1a: Klinklang\n|-damage|p1a: Klinklang|72\/100\n|-boost|p2a: Serperior|spa|2\n|\n|upkeep\n|turn|9\n|\n|t:|1701116034\n|move|p2a: Serperior|Substitute|p2a: Serperior\n|-start|p2a: Serperior|Substitute\n|-damage|p2a: Serperior|76\/100\n|move|p1a: Klinklang|Shift Gear|p1a: Klinklang\n|-boost|p1a: Klinklang|spe|2\n|-boost|p1a: Klinklang|atk|1\n|\n|upkeep\n|turn|10\n|\n|t:|1701116042\n|move|p1a: Klinklang|Gear Grind|p2a: Serperior\n|-end|p2a: Serperior|Substitute\n|-damage|p2a: Serperior|45\/100\n|-hitcount|p2a: Serperior|2\n|move|p2a: Serperior|Leaf Storm|p1a: Klinklang\n|-resisted|p1a: Klinklang\n|-damage|p1a: Klinklang|18\/100\n|-boost|p2a: Serperior|spa|2\n|\n|upkeep\n|turn|11\n|\n|t:|1701116067\n|move|p1a: Klinklang|Gear Grind|p2a: Serperior\n|-damage|p2a: Serperior|10\/100\n|-damage|p2a: Serperior|0 fnt\n|faint|p2a: Serperior\n|-hitcount|p2: Serperior|2\n|\n|upkeep\n|\n|t:|1701116076\n|switch|p2a: Bisharp|Bisharp, M|100\/100\n|turn|12\n|\n|t:|1701116086\n|move|p1a: Klinklang|Shift Gear|p1a: Klinklang\n|-boost|p1a: Klinklang|spe|2\n|-boost|p1a: Klinklang|atk|1\n|move|p2a: Bisharp|Swords Dance|p2a: Bisharp\n|-boost|p2a: Bisharp|atk|2\n|\n|upkeep\n|turn|13\n|\n|t:|1701116098\n|switch|p1a: Sigilyph|Sigilyph, F|100\/100\n|move|p2a: Bisharp|Knock Off|p1a: Sigilyph\n|-supereffective|p1a: Sigilyph\n|-damage|p1a: Sigilyph|0 fnt\n|-enditem|p1a: Sigilyph|Flame Orb|[from] move: Knock Off|[of] p2a: Bisharp\n|faint|p1a: Sigilyph\n|\n|upkeep\n|\n|t:|1701116107\n|switch|p1a: Victini|Victini|100\/100\n|-activate|p1a: Victini|move: Sticky Web\n|-unboost|p1a: Victini|spe|1\n|turn|14\n|j| Marcesgo\n|\n|t:|1701116117\n|-terastallize|p1a: Victini|Fire\n|move|p2a: Bisharp|Sucker Punch|p1a: Victini\n|-damage|p1a: Victini|2\/100\n|move|p1a: Victini|V-create|p2a: Bisharp\n|-supereffective|p2a: Bisharp\n|-damage|p2a: Bisharp|0 fnt\n|-unboost|p1a: Victini|spe|1\n|-unboost|p1a: Victini|def|1\n|-unboost|p1a: Victini|spd|1\n|faint|p2a: Bisharp\n|\n|upkeep\n|\n|t:|1701116132\n|switch|p2a: Landorus|Landorus-Therian, M|100\/100\n|-ability|p2a: Landorus|Intimidate|boost\n|-unboost|p1a: Victini|atk|1\n|turn|15\n|\n|t:|1701116141\n|move|p2a: Landorus|Stealth Rock|p1a: Victini\n|-sidestart|p1: decolcrak|move: Stealth Rock\n|move|p1a: Victini|V-create|p2a: Landorus\n|-damage|p2a: Landorus|22\/100\n|-unboost|p1a: Victini|spe|1\n|-unboost|p1a: Victini|def|1\n|-unboost|p1a: Victini|spd|1\n|-enditem|p2a: Landorus|Sitrus Berry|[eat]\n|-heal|p2a: Landorus|46\/100|[from] item: Sitrus Berry\n|\n|upkeep\n|turn|16\n|\n|t:|1701116155\n|move|p2a: Landorus|Earthquake|p1a: Victini\n|-supereffective|p1a: Victini\n|-damage|p1a: Victini|0 fnt\n|faint|p1a: Victini\n|\n|upkeep\n|\n|t:|1701116170\n|switch|p1a: Cryogonal|Cryogonal|97\/100\n|turn|17\n|\n|t:|1701116177\n|switch|p2a: Darmanitan|Darmanitan, F|83\/100\n|move|p1a: Cryogonal|Freeze-Dry|p2a: Darmanitan\n|-resisted|p2a: Darmanitan\n|-damage|p2a: Darmanitan|64\/100\n|\n|upkeep\n|turn|18\n|\n|t:|1701116188\n|move|p2a: Darmanitan|Flare Blitz|p1a: Cryogonal\n|-supereffective|p1a: Cryogonal\n|-damage|p1a: Cryogonal|0 fnt\n|faint|p1a: Cryogonal\n|-damage|p2a: Darmanitan|31\/100|[from] Recoil\n|\n|upkeep\n|\n|t:|1701116195\n|switch|p1a: Stunfisk|Stunfisk, F|78\/100\n|-activate|p1a: Stunfisk|move: Sticky Web\n|-unboost|p1a: Stunfisk|spe|1\n|-damage|p1a: Stunfisk|72\/100|[from] Stealth Rock\n|turn|19\n|\n|t:|1701116204\n|move|p2a: Darmanitan|Flare Blitz|p1a: Stunfisk\n|-crit|p1a: Stunfisk\n|-damage|p1a: Stunfisk|0 fnt\n|-status|p2a: Darmanitan|par|[from] ability: Static|[of] p1a: Stunfisk\n|faint|p1a: Stunfisk\n|-damage|p2a: Darmanitan|3\/100 par|[from] Recoil\n|\n|upkeep\n|\n|t:|1701116209\n|switch|p1a: Klinklang|Klinklang|18\/100\n|-activate|p1a: Klinklang|move: Sticky Web\n|-fail|p1a: Klinklang|unboost|[from] ability: Clear Body|[of] p1a: Klinklang\n|-damage|p1a: Klinklang|12\/100|[from] Stealth Rock\n|turn|20\n|\n|t:|1701116219\n|switch|p2a: Landorus|Landorus-Therian, M|46\/100\n|-ability|p2a: Landorus|Intimidate|boost\n|-fail|p1a: Klinklang|unboost|[from] ability: Clear Body|[of] p1a: Klinklang\n|move|p1a: Klinklang|Shift Gear|p1a: Klinklang\n|-boost|p1a: Klinklang|spe|2\n|-boost|p1a: Klinklang|atk|1\n|\n|upkeep\n|turn|21\n|\n|t:|1701116228\n|move|p1a: Klinklang|Gear Grind|p2a: Landorus\n|-crit|p2a: Landorus\n|-damage|p2a: Landorus|10\/100\n|-damage|p2a: Landorus|0 fnt\n|faint|p2a: Landorus\n|-hitcount|p2: Landorus|2\n|\n|upkeep\n|\n|t:|1701116237\n|switch|p2a: Jellicent|Jellicent, M|100\/100\n|turn|22\n|\n|t:|1701116243\n|move|p1a: Klinklang|Wild Charge|p2a: Jellicent\n|-supereffective|p2a: Jellicent\n|-damage|p2a: Jellicent|49\/100\n|-damage|p1a: Klinklang|0 fnt|[from] Recoil\n|faint|p1a: Klinklang\n|move|p2a: Jellicent|Scald|p1: Klinklang|[notarget]\n|-fail|p2a: Jellicent\n|\n|-heal|p2a: Jellicent|55\/100|[from] item: Leftovers\n|upkeep\n|\n|t:|1701116245\n|switch|p1a: Basculin|Basculin, M|100\/100\n|-activate|p1a: Basculin|move: Sticky Web\n|-unboost|p1a: Basculin|spe|1\n|-damage|p1a: Basculin|88\/100|[from] Stealth Rock\n|turn|23\n|\n|t:|1701116256\n|move|p1a: Basculin|Head Smash|p2a: Jellicent\n|-damage|p2a: Jellicent|4\/100\n|-damage|p1a: Basculin|52\/100|[from] Recoil\n|-damage|p1a: Basculin|42\/100|[from] item: Life Orb\n|move|p2a: Jellicent|Taunt|p1a: Basculin\n|-start|p1a: Basculin|move: Taunt\n|\n|-heal|p2a: Jellicent|11\/100|[from] item: Leftovers\n|upkeep\n|turn|24\n|\n|t:|1701116270\n|move|p1a: Basculin|Ice Fang|p2a: Jellicent\n|-resisted|p2a: Jellicent\n|-damage|p2a: Jellicent|2\/100\n|-status|p2a: Jellicent|frz\n|-damage|p1a: Basculin|32\/100|[from] item: Life Orb\n|cant|p2a: Jellicent|frz\n|\n|-heal|p2a: Jellicent|8\/100 frz|[from] item: Leftovers\n|upkeep\n|turn|25\n|\n|t:|1701116280\n|move|p1a: Basculin|Ice Fang|p2a: Jellicent\n|-resisted|p2a: Jellicent\n|-damage|p2a: Jellicent|0 fnt\n|faint|p2a: Jellicent\n|-damage|p1a: Basculin|22\/100|[from] item: Life Orb\n|\n|upkeep\n|l| Marcesgo\n|\n|t:|1701116288\n|switch|p2a: Galvantula|Galvantula, M, shiny|1\/100\n|turn|26\n|\n|t:|1701116296\n|move|p2a: Galvantula|Volt Switch|p1a: Basculin\n|-supereffective|p1a: Basculin\n|-damage|p1a: Basculin|0 fnt\n|faint|p1a: Basculin\n|\n|win|Nei-tortilla\n|l|\u2606decolcrak\n|c| chema778|gg\n","uploadtime":1701116314,"views":3,"p1id":"decolcrak","p2id":"neitortilla","formatid":"gen9nationaldex","rating":0,"private":0,"password":""}