{"id":"gen9nationaldex-1995301420","p1":"fresh yes","p2":"ChiogoYoji","format":"[Gen 9] National Dex","log":"|html|<div class=\"broadcast-blue\"><strong>[Gen 9] National Dex is currently suspecting Sneasler! For information on how to participate check out the <a href=\"https:\/\/www.smogon.com\/forums\/threads\/sv-national-dex-suspect-8-just-dance.3731534\/\">suspect thread<\/a>.<\/strong><\/div>\n|j|\u2606fresh yes\n|j|\u2606ChiogoYoji\n|t:|1700549766\n|gametype|singles\n|player|p1|fresh yes|shauntal|1267\n|player|p2|ChiogoYoji|birdkeeper|1184\n|teamsize|p1|6\n|teamsize|p2|6\n|gen|9\n|tier|[Gen 9] National Dex\n|rated|\n|rule|HP Percentage Mod: HP is shown in percentages\n|rule|Endless Battle Clause: Forcing endless battles is banned\n|rule|OHKO Clause: OHKO moves are banned\n|rule|Evasion Clause: Evasion abilities, items, and moves are banned\n|rule|Evasion Abilities Clause: Evasion abilities are banned\n|rule|Evasion Items Clause: Evasion items are banned\n|rule|Evasion Moves Clause: Evasion moves are banned\n|rule|Species Clause: Limit one of each Pok\u00e9mon\n|rule|Sleep Clause Mod: Limit one foe put to sleep\n|clearpoke\n|poke|p1|Vivillon-Sandstorm, F|\n|poke|p1|Buzzwole|\n|poke|p1|Volcarona, F|\n|poke|p1|Scizor, F|\n|poke|p1|Vikavolt, M|\n|poke|p1|Beedrill, F|\n|poke|p2|Dracozolt|\n|poke|p2|Decidueye, M|\n|poke|p2|Blaziken, F|\n|poke|p2|Empoleon, F|\n|poke|p2|Fezandipiti, M|\n|poke|p2|Pidgeot, F|\n|teampreview\n|inactive|Battle timer is ON: inactive players will automatically lose when time's up. (requested by ChiogoYoji)\n|inactive|fresh yes also wants the timer to be on.\n|inactive|fresh yes has 120 seconds left.\n|\n|t:|1700549797\n|start\n|switch|p1a: volt|Vikavolt, M|100\/100\n|switch|p2a: Pidgeot|Pidgeot, F|100\/100\n|turn|1\n|\n|t:|1700549803\n|detailschange|p2a: Pidgeot|Pidgeot-Mega, F\n|-mega|p2a: Pidgeot|Pidgeot|Pidgeotite\n|move|p2a: Pidgeot|Heat Wave|p1a: volt\n|-supereffective|p1a: volt\n|-damage|p1a: volt|17\/100\n|-status|p1a: volt|brn\n|move|p1a: volt|Sticky Web|p2a: Pidgeot\n|-sidestart|p2: ChiogoYoji|move: Sticky Web\n|\n|-damage|p1a: volt|11\/100 brn|[from] brn\n|upkeep\n|turn|2\n|\n|t:|1700549813\n|move|p2a: Pidgeot|Defog|p1a: volt\n|-unboost|p1a: volt|evasion|1\n|-sideend|p2: ChiogoYoji|Sticky Web|[from] move: Defog|[of] p2a: Pidgeot\n|move|p1a: volt|Sticky Web|p2a: Pidgeot\n|-sidestart|p2: ChiogoYoji|move: Sticky Web\n|\n|-damage|p1a: volt|4\/100 brn|[from] brn\n|upkeep\n|turn|3\n|\n|t:|1700549818\n|move|p2a: Pidgeot|Defog|p1a: volt\n|-unboost|p1a: volt|evasion|1\n|-sideend|p2: ChiogoYoji|Sticky Web|[from] move: Defog|[of] p2a: Pidgeot\n|move|p1a: volt|Sticky Web|p2a: Pidgeot\n|-sidestart|p2: ChiogoYoji|move: Sticky Web\n|\n|-damage|p1a: volt|0 fnt|[from] brn\n|faint|p1a: volt\n|upkeep\n|\n|t:|1700549839\n|switch|p1a: asian hornet|Beedrill, F|100\/100\n|turn|4\n|\n|t:|1700549848\n|detailschange|p1a: asian hornet|Beedrill-Mega, F\n|-mega|p1a: asian hornet|Beedrill|Beedrillite\n|move|p1a: asian hornet|Poison Jab|p2a: Pidgeot\n|-damage|p2a: Pidgeot|19\/100\n|move|p2a: Pidgeot|Hurricane|p1a: asian hornet\n|-supereffective|p1a: asian hornet\n|-damage|p1a: asian hornet|0 fnt\n|faint|p1a: asian hornet\n|\n|upkeep\n|\n|t:|1700549858\n|switch|p1a: scissors|Scizor, F|100\/100\n|turn|5\n|\n|t:|1700549866\n|switch|p2a: Penguin\u52c7\u58eb|Empoleon, F|100\/100\n|-activate|p2a: Penguin\u52c7\u58eb|move: Sticky Web\n|-unboost|p2a: Penguin\u52c7\u58eb|spe|1\n|-ability|p2a: Penguin\u52c7\u58eb|Competitive|boost\n|-boost|p2a: Penguin\u52c7\u58eb|spa|2\n|move|p1a: scissors|Bullet Punch|p2a: Penguin\u52c7\u58eb\n|-resisted|p2a: Penguin\u52c7\u58eb\n|-damage|p2a: Penguin\u52c7\u58eb|90\/100\n|-damage|p1a: scissors|84\/100|[from] item: Rocky Helmet|[of] p2a: Penguin\u52c7\u58eb\n|\n|upkeep\n|turn|6\n|\n|t:|1700549874\n|switch|p1a: betterfly|Vivillon-Sandstorm, F, shiny|100\/100\n|move|p2a: Penguin\u52c7\u58eb|Stealth Rock|p1a: betterfly\n|-sidestart|p1: fresh yes|move: Stealth Rock\n|\n|upkeep\n|turn|7\n|\n|t:|1700549879\n|move|p1a: betterfly|Sleep Powder|p2a: Penguin\u52c7\u58eb\n|-status|p2a: Penguin\u52c7\u58eb|slp|[from] move: Sleep Powder\n|cant|p2a: Penguin\u52c7\u58eb|slp\n|\n|upkeep\n|turn|8\n|\n|t:|1700549885\n|switch|p2a: \u8f49\u751f\u708e\u7378PyroPhoenix|Blaziken, F|100\/100\n|-activate|p2a: \u8f49\u751f\u708e\u7378PyroPhoenix|move: Sticky Web\n|-unboost|p2a: \u8f49\u751f\u708e\u7378PyroPhoenix|spe|1\n|move|p1a: betterfly|Quiver Dance|p1a: betterfly\n|-boost|p1a: betterfly|spa|1\n|-boost|p1a: betterfly|spd|1\n|-boost|p1a: betterfly|spe|1\n|\n|upkeep\n|turn|9\n|\n|t:|1700549893\n|move|p2a: \u8f49\u751f\u708e\u7378PyroPhoenix|Protect|p2a: \u8f49\u751f\u708e\u7378PyroPhoenix\n|-singleturn|p2a: \u8f49\u751f\u708e\u7378PyroPhoenix|Protect\n|move|p1a: betterfly|Hurricane|p2a: \u8f49\u751f\u708e\u7378PyroPhoenix\n|-activate|p2a: \u8f49\u751f\u708e\u7378PyroPhoenix|move: Protect\n|\n|-ability|p2a: \u8f49\u751f\u708e\u7378PyroPhoenix|Speed Boost|boost\n|-boost|p2a: \u8f49\u751f\u708e\u7378PyroPhoenix|spe|1\n|upkeep\n|turn|10\n|\n|t:|1700549900\n|move|p2a: \u8f49\u751f\u708e\u7378PyroPhoenix|Protect||[still]\n|-fail|p2a: \u8f49\u751f\u708e\u7378PyroPhoenix\n|move|p1a: betterfly|Hurricane|p2a: \u8f49\u751f\u708e\u7378PyroPhoenix|[miss]\n|-miss|p1a: betterfly|p2a: \u8f49\u751f\u708e\u7378PyroPhoenix\n|\n|-ability|p2a: \u8f49\u751f\u708e\u7378PyroPhoenix|Speed Boost|boost\n|-boost|p2a: \u8f49\u751f\u708e\u7378PyroPhoenix|spe|1\n|upkeep\n|turn|11\n|\n|t:|1700549910\n|move|p2a: \u8f49\u751f\u708e\u7378PyroPhoenix|Protect|p2a: \u8f49\u751f\u708e\u7378PyroPhoenix\n|-singleturn|p2a: \u8f49\u751f\u708e\u7378PyroPhoenix|Protect\n|move|p1a: betterfly|Quiver Dance|p1a: betterfly\n|-boost|p1a: betterfly|spa|1\n|-boost|p1a: betterfly|spd|1\n|-boost|p1a: betterfly|spe|1\n|\n|-ability|p2a: \u8f49\u751f\u708e\u7378PyroPhoenix|Speed Boost|boost\n|-boost|p2a: \u8f49\u751f\u708e\u7378PyroPhoenix|spe|1\n|upkeep\n|turn|12\n|\n|t:|1700549916\n|move|p1a: betterfly|Hurricane|p2a: \u8f49\u751f\u708e\u7378PyroPhoenix\n|-supereffective|p2a: \u8f49\u751f\u708e\u7378PyroPhoenix\n|-damage|p2a: \u8f49\u751f\u708e\u7378PyroPhoenix|0 fnt\n|faint|p2a: \u8f49\u751f\u708e\u7378PyroPhoenix\n|\n|upkeep\n|\n|t:|1700549922\n|switch|p2a: RR-\u667a\u6167\u6797\u9e2e|Decidueye, M|100\/100\n|-activate|p2a: RR-\u667a\u6167\u6797\u9e2e|move: Sticky Web\n|-unboost|p2a: RR-\u667a\u6167\u6797\u9e2e|spe|1\n|turn|13\n|\n|t:|1700549932\n|move|p2a: RR-\u667a\u6167\u6797\u9e2e|Shadow Sneak|p1a: betterfly\n|-damage|p1a: betterfly|61\/100\n|move|p1a: betterfly|Hurricane|p2a: RR-\u667a\u6167\u6797\u9e2e\n|-supereffective|p2a: RR-\u667a\u6167\u6797\u9e2e\n|-damage|p2a: RR-\u667a\u6167\u6797\u9e2e|0 fnt\n|faint|p2a: RR-\u667a\u6167\u6797\u9e2e\n|\n|upkeep\n|\n|t:|1700549937\n|switch|p2a: BF-\u6bd2\u98a8\u306eSimoon|Fezandipiti, M|100\/100\n|-activate|p2a: BF-\u6bd2\u98a8\u306eSimoon|move: Sticky Web\n|-unboost|p2a: BF-\u6bd2\u98a8\u306eSimoon|spe|1\n|turn|14\n|\n|t:|1700549950\n|-terastallize|p2a: BF-\u6bd2\u98a8\u306eSimoon|Normal\n|move|p2a: BF-\u6bd2\u98a8\u306eSimoon|Quick Attack|p1a: betterfly\n|-damage|p1a: betterfly|8\/100\n|move|p1a: betterfly|Quiver Dance|p1a: betterfly\n|-boost|p1a: betterfly|spa|1\n|-boost|p1a: betterfly|spd|1\n|-boost|p1a: betterfly|spe|1\n|\n|upkeep\n|turn|15\n|\n|t:|1700549957\n|switch|p1a: mosquito|Buzzwole|100\/100\n|-damage|p1a: mosquito|88\/100|[from] Stealth Rock\n|move|p2a: BF-\u6bd2\u98a8\u306eSimoon|Quick Attack|p1a: mosquito\n|-damage|p1a: mosquito|71\/100\n|\n|upkeep\n|turn|16\n|\n|t:|1700549969\n|move|p2a: BF-\u6bd2\u98a8\u306eSimoon|Taunt|p1a: mosquito\n|-start|p1a: mosquito|move: Taunt\n|move|p1a: mosquito|Drain Punch|p2a: BF-\u6bd2\u98a8\u306eSimoon\n|-supereffective|p2a: BF-\u6bd2\u98a8\u306eSimoon\n|-damage|p2a: BF-\u6bd2\u98a8\u306eSimoon|0 fnt\n|-heal|p1a: mosquito|100\/100|[from] drain|[of] p2a: BF-\u6bd2\u98a8\u306eSimoon\n|faint|p2a: BF-\u6bd2\u98a8\u306eSimoon\n|-ability|p1a: mosquito|Beast Boost|boost\n|-boost|p1a: mosquito|atk|1\n|\n|upkeep\n|\n|t:|1700549977\n|switch|p2a: Pidgeot|Pidgeot-Mega, F|19\/100\n|turn|17\n|\n|t:|1700549986\n|switch|p1a: betterfly|Vivillon-Sandstorm, F, shiny|8\/100\n|-damage|p1a: betterfly|0 fnt|[from] Stealth Rock\n|faint|p1a: betterfly\n|move|p2a: Pidgeot|Hurricane|p1: betterfly|[notarget]\n|-fail|p2a: Pidgeot\n|\n|upkeep\n|\n|t:|1700549995\n|switch|p1a: scissors|Scizor, F|84\/100\n|-damage|p1a: scissors|72\/100|[from] Stealth Rock\n|turn|18\n|\n|t:|1700550016\n|switch|p2a: Penguin\u52c7\u58eb|Empoleon, F|90\/100 slp\n|-activate|p2a: Penguin\u52c7\u58eb|move: Sticky Web\n|-unboost|p2a: Penguin\u52c7\u58eb|spe|1\n|-ability|p2a: Penguin\u52c7\u58eb|Competitive|boost\n|-boost|p2a: Penguin\u52c7\u58eb|spa|2\n|move|p1a: scissors|Bullet Punch|p2a: Penguin\u52c7\u58eb\n|-resisted|p2a: Penguin\u52c7\u58eb\n|-damage|p2a: Penguin\u52c7\u58eb|78\/100 slp\n|-damage|p1a: scissors|55\/100|[from] item: Rocky Helmet|[of] p2a: Penguin\u52c7\u58eb\n|\n|upkeep\n|turn|19\n|\n|t:|1700550026\n|switch|p1a: mosquito|Buzzwole|100\/100\n|-damage|p1a: mosquito|88\/100|[from] Stealth Rock\n|cant|p2a: Penguin\u52c7\u58eb|slp\n|\n|upkeep\n|turn|20\n|\n|t:|1700550035\n|move|p1a: mosquito|Drain Punch|p2a: Penguin\u52c7\u58eb\n|-supereffective|p2a: Penguin\u52c7\u58eb\n|-damage|p2a: Penguin\u52c7\u58eb|0 fnt\n|-heal|p1a: mosquito|100\/100|[from] drain|[of] p2a: Penguin\u52c7\u58eb\n|-damage|p1a: mosquito|84\/100|[from] item: Rocky Helmet|[of] p2a: Penguin\u52c7\u58eb\n|faint|p2a: Penguin\u52c7\u58eb\n|-ability|p1a: mosquito|Beast Boost|boost\n|-boost|p1a: mosquito|atk|1\n|\n|upkeep\n|\n|t:|1700550043\n|switch|p2a: Pidgeot|Pidgeot-Mega, F|19\/100\n|turn|21\n|\n|t:|1700550071\n|switch|p1a: big moth|Volcarona, F|100\/100\n|move|p2a: Pidgeot|Hurricane|p1a: big moth\n|-supereffective|p1a: big moth\n|-damage|p1a: big moth|0 fnt\n|faint|p1a: big moth\n|\n|upkeep\n|\n|t:|1700550076\n|switch|p1a: scissors|Scizor, F|55\/100\n|-damage|p1a: scissors|43\/100|[from] Stealth Rock\n|turn|22\n|\n|t:|1700550086\n|switch|p2a: \u96f7\u9ce5\u9f8d-ThunderDragon|Dracozolt|100\/100\n|-activate|p2a: \u96f7\u9ce5\u9f8d-ThunderDragon|move: Sticky Web\n|-unboost|p2a: \u96f7\u9ce5\u9f8d-ThunderDragon|spe|1\n|move|p1a: scissors|U-turn|p2a: \u96f7\u9ce5\u9f8d-ThunderDragon\n|-damage|p2a: \u96f7\u9ce5\u9f8d-ThunderDragon|30\/100\n|\n|t:|1700550090\n|switch|p1a: mosquito|Buzzwole|84\/100|[from] U-turn\n|-damage|p1a: mosquito|72\/100|[from] Stealth Rock\n|\n|upkeep\n|turn|23\n|\n|t:|1700550098\n|move|p2a: \u96f7\u9ce5\u9f8d-ThunderDragon|Bolt Beak|p1a: mosquito\n|-damage|p1a: mosquito|28\/100\n|move|p1a: mosquito|Leech Life|p2a: \u96f7\u9ce5\u9f8d-ThunderDragon\n|-damage|p2a: \u96f7\u9ce5\u9f8d-ThunderDragon|0 fnt\n|-heal|p1a: mosquito|40\/100|[from] drain|[of] p2a: \u96f7\u9ce5\u9f8d-ThunderDragon\n|faint|p2a: \u96f7\u9ce5\u9f8d-ThunderDragon\n|-ability|p1a: mosquito|Beast Boost|boost\n|-boost|p1a: mosquito|atk|1\n|\n|upkeep\n|-message|ChiogoYoji forfeited.\n|\n|win|fresh yes\n|raw|fresh yes's rating: 1267 &rarr; <strong>1286<\/strong><br \/>(+19 for winning)\n|raw|ChiogoYoji's rating: 1184 &rarr; <strong>1165<\/strong><br \/>(-19 for losing)\n|l|\u2606ChiogoYoji\n","uploadtime":1700550107,"views":2,"p1id":"freshyes","p2id":"chiogoyoji","formatid":"gen9nationaldex","rating":1165,"private":0,"password":""}