{"id":"gen9nationaldex-1998314333","p1":"SanjaDreams","p2":"mateushhk","format":"[Gen 9] National Dex","log":"|html|<div class=\"broadcast-blue\"><strong>[Gen 9] National Dex is currently suspecting Sneasler! For information on how to participate check out the <a href=\"https:\/\/www.smogon.com\/forums\/threads\/sv-national-dex-suspect-8-just-dance.3731534\/\">suspect thread<\/a>.<\/strong><\/div>\n|j|\u2606SanjaDreams\n|j|\u2606mateushhk\n|t:|1700928336\n|gametype|singles\n|player|p1|SanjaDreams|marnie|1001\n|player|p2|mateushhk|hilbert|1079\n|teamsize|p1|6\n|teamsize|p2|6\n|gen|9\n|tier|[Gen 9] National Dex\n|rated|\n|rule|HP Percentage Mod: HP is shown in percentages\n|rule|Endless Battle Clause: Forcing endless battles is banned\n|rule|OHKO Clause: OHKO moves are banned\n|rule|Evasion Clause: Evasion abilities, items, and moves are banned\n|rule|Evasion Abilities Clause: Evasion abilities are banned\n|rule|Evasion Items Clause: Evasion items are banned\n|rule|Evasion Moves Clause: Evasion moves are banned\n|rule|Species Clause: Limit one of each Pok\u00e9mon\n|rule|Sleep Clause Mod: Limit one foe put to sleep\n|clearpoke\n|poke|p1|Clefable, F|\n|poke|p1|Zapdos|\n|poke|p1|Mew|\n|poke|p1|Registeel|\n|poke|p1|Azumarill, M|\n|poke|p1|Latias, F|\n|poke|p2|Ferrothorn, F|\n|poke|p2|Corviknight, F|\n|poke|p2|Scizor, F|\n|poke|p2|Heatran, M|\n|poke|p2|Aegislash, F|\n|poke|p2|Celesteela|\n|teampreview\n|\n|t:|1700928342\n|start\n|switch|p1a: Latias|Latias, F|100\/100\n|switch|p2a: Ferrothorn|Ferrothorn, F, shiny|100\/100\n|turn|1\n|\n|t:|1700928346\n|detailschange|p1a: Latias|Latias-Mega, F\n|-mega|p1a: Latias|Latias|Latiasite\n|move|p1a: Latias|Thunder Wave|p2a: Ferrothorn\n|-status|p2a: Ferrothorn|par\n|move|p2a: Ferrothorn|Stealth Rock|p1a: Latias\n|-sidestart|p1: SanjaDreams|move: Stealth Rock\n|\n|upkeep\n|turn|2\n|\n|t:|1700928356\n|move|p1a: Latias|Aura Sphere|p2a: Ferrothorn\n|-supereffective|p2a: Ferrothorn\n|-damage|p2a: Ferrothorn|51\/100 par\n|move|p2a: Ferrothorn|Gyro Ball|p1a: Latias\n|-damage|p1a: Latias|61\/100\n|\n|-heal|p2a: Ferrothorn|57\/100 par|[from] item: Leftovers\n|upkeep\n|turn|3\n|\n|t:|1700928361\n|move|p1a: Latias|Aura Sphere|p2a: Ferrothorn\n|-supereffective|p2a: Ferrothorn\n|-damage|p2a: Ferrothorn|12\/100 par\n|move|p2a: Ferrothorn|Spikes|p1a: Latias\n|-sidestart|p1: SanjaDreams|Spikes\n|\n|-heal|p2a: Ferrothorn|18\/100 par|[from] item: Leftovers\n|upkeep\n|turn|4\n|\n|t:|1700928365\n|move|p1a: Latias|Aura Sphere|p2a: Ferrothorn\n|-supereffective|p2a: Ferrothorn\n|-damage|p2a: Ferrothorn|0 fnt\n|faint|p2a: Ferrothorn\n|\n|upkeep\n|\n|t:|1700928369\n|switch|p2a: Celesteela|Celesteela, shiny|100\/100\n|turn|5\n|\n|t:|1700928373\n|move|p1a: Latias|Thunder Wave|p2a: Celesteela\n|-status|p2a: Celesteela|par\n|move|p2a: Celesteela|Leech Seed|p1a: Latias\n|-start|p1a: Latias|move: Leech Seed\n|\n|-damage|p1a: Latias|49\/100|[from] Leech Seed|[of] p2a: Celesteela\n|upkeep\n|turn|6\n|\n|t:|1700928376\n|move|p2a: Celesteela|Protect|p2a: Celesteela\n|-singleturn|p2a: Celesteela|Protect\n|move|p1a: Latias|Roost|p1a: Latias\n|-heal|p1a: Latias|99\/100\n|-singleturn|p1a: Latias|move: Roost\n|\n|-damage|p1a: Latias|87\/100|[from] Leech Seed|[of] p2a: Celesteela\n|upkeep\n|turn|7\n|\n|t:|1700928380\n|move|p1a: Latias|Ice Beam|p2a: Celesteela\n|-damage|p2a: Celesteela|69\/100 par\n|move|p2a: Celesteela|Flamethrower|p1a: Latias\n|-resisted|p1a: Latias\n|-damage|p1a: Latias|79\/100\n|\n|-heal|p2a: Celesteela|75\/100 par|[from] item: Leftovers\n|-damage|p1a: Latias|67\/100|[from] Leech Seed|[of] p2a: Celesteela\n|-heal|p2a: Celesteela|89\/100 par|[silent]\n|upkeep\n|turn|8\n|\n|t:|1700928387\n|move|p1a: Latias|Aura Sphere|p2a: Celesteela\n|-damage|p2a: Celesteela|64\/100 par\n|move|p2a: Celesteela|Flash Cannon|p1a: Latias\n|-damage|p1a: Latias|46\/100\n|\n|-heal|p2a: Celesteela|70\/100 par|[from] item: Leftovers\n|-damage|p1a: Latias|33\/100|[from] Leech Seed|[of] p2a: Celesteela\n|-heal|p2a: Celesteela|83\/100 par|[silent]\n|upkeep\n|turn|9\n|\n|t:|1700928390\n|move|p1a: Latias|Roost|p1a: Latias\n|-heal|p1a: Latias|83\/100\n|-singleturn|p1a: Latias|move: Roost\n|move|p2a: Celesteela|Flash Cannon|p1a: Latias\n|-damage|p1a: Latias|65\/100\n|\n|-heal|p2a: Celesteela|89\/100 par|[from] item: Leftovers\n|-damage|p1a: Latias|53\/100|[from] Leech Seed|[of] p2a: Celesteela\n|-heal|p2a: Celesteela|100\/100 par|[silent]\n|upkeep\n|turn|10\n|\n|t:|1700928396\n|switch|p1a: Zapdos|Zapdos|100\/100\n|-damage|p1a: Zapdos|75\/100|[from] Stealth Rock\n|-ability|p1a: Zapdos|Pressure\n|move|p2a: Celesteela|Flash Cannon|p1a: Zapdos\n|-resisted|p1a: Zapdos\n|-damage|p1a: Zapdos|61\/100\n|\n|-heal|p1a: Zapdos|68\/100|[from] item: Leftovers\n|upkeep\n|turn|11\n|\n|t:|1700928399\n|move|p1a: Zapdos|Heat Wave|p2a: Celesteela|[miss]\n|-miss|p1a: Zapdos|p2a: Celesteela\n|move|p2a: Celesteela|Leech Seed|p1a: Zapdos\n|-start|p1a: Zapdos|move: Leech Seed\n|\n|-heal|p1a: Zapdos|74\/100|[from] item: Leftovers\n|-damage|p1a: Zapdos|61\/100|[from] Leech Seed|[of] p2a: Celesteela\n|upkeep\n|turn|12\n|\n|t:|1700928412\n|switch|p1a: Azumarill|Azumarill, M|100\/100\n|-damage|p1a: Azumarill|88\/100|[from] Stealth Rock\n|-damage|p1a: Azumarill|76\/100|[from] Spikes\n|move|p2a: Celesteela|Protect||[still]\n|-fail|p2a: Celesteela\n|\n|-heal|p1a: Azumarill|82\/100|[from] item: Leftovers\n|upkeep\n|turn|13\n|\n|t:|1700928415\n|move|p1a: Azumarill|Whirlpool|p2a: Celesteela|[miss]\n|-miss|p1a: Azumarill|p2a: Celesteela\n|move|p2a: Celesteela|Flash Cannon|p1a: Azumarill\n|-damage|p1a: Azumarill|51\/100\n|\n|-heal|p1a: Azumarill|58\/100|[from] item: Leftovers\n|upkeep\n|turn|14\n|\n|t:|1700928419\n|move|p1a: Azumarill|Whirlpool|p2a: Celesteela\n|-damage|p2a: Celesteela|93\/100 par\n|-activate|p2a: Celesteela|move: Whirlpool|[of] p1a: Azumarill\n|cant|p2a: Celesteela|par\n|\n|-heal|p1a: Azumarill|64\/100|[from] item: Leftovers\n|-heal|p2a: Celesteela|99\/100 par|[from] item: Leftovers\n|-damage|p2a: Celesteela|87\/100 par|[from] move: Whirlpool|[partiallytrapped]\n|upkeep\n|turn|15\n|\n|t:|1700928426\n|move|p1a: Azumarill|Protect|p1a: Azumarill\n|-singleturn|p1a: Azumarill|Protect\n|move|p2a: Celesteela|Flash Cannon|p1a: Azumarill\n|-activate|p1a: Azumarill|move: Protect\n|\n|-heal|p1a: Azumarill|70\/100|[from] item: Leftovers\n|-heal|p2a: Celesteela|93\/100 par|[from] item: Leftovers\n|-damage|p2a: Celesteela|80\/100 par|[from] move: Whirlpool|[partiallytrapped]\n|upkeep\n|turn|16\n|\n|t:|1700928431\n|move|p1a: Azumarill|Scald|p2a: Celesteela\n|-damage|p2a: Celesteela|64\/100 par\n|cant|p2a: Celesteela|par\n|\n|-heal|p1a: Azumarill|76\/100|[from] item: Leftovers\n|-heal|p2a: Celesteela|70\/100 par|[from] item: Leftovers\n|-damage|p2a: Celesteela|58\/100 par|[from] move: Whirlpool|[partiallytrapped]\n|upkeep\n|turn|17\n|\n|t:|1700928437\n|move|p1a: Azumarill|Protect|p1a: Azumarill\n|-singleturn|p1a: Azumarill|Protect\n|move|p2a: Celesteela|Flash Cannon|p1a: Azumarill\n|-activate|p1a: Azumarill|move: Protect\n|\n|-heal|p1a: Azumarill|82\/100|[from] item: Leftovers\n|-heal|p2a: Celesteela|64\/100 par|[from] item: Leftovers\n|-damage|p2a: Celesteela|52\/100 par|[from] move: Whirlpool|[partiallytrapped]\n|upkeep\n|turn|18\n|\n|t:|1700928441\n|move|p1a: Azumarill|Scald|p2a: Celesteela\n|-damage|p2a: Celesteela|37\/100 par\n|move|p2a: Celesteela|Leech Seed|p1a: Azumarill\n|-ability|p1a: Azumarill|Sap Sipper|boost\n|-boost|p1a: Azumarill|atk|1\n|\n|-heal|p1a: Azumarill|89\/100|[from] item: Leftovers\n|-heal|p2a: Celesteela|43\/100 par|[from] item: Leftovers\n|-damage|p2a: Celesteela|31\/100 par|[from] move: Whirlpool|[partiallytrapped]\n|upkeep\n|turn|19\n|\n|t:|1700928447\n|move|p1a: Azumarill|Scald|p2a: Celesteela\n|-damage|p2a: Celesteela|15\/100 par\n|move|p2a: Celesteela|Leech Seed|p1a: Azumarill\n|-ability|p1a: Azumarill|Sap Sipper|boost\n|-boost|p1a: Azumarill|atk|1\n|\n|-heal|p1a: Azumarill|95\/100|[from] item: Leftovers\n|-heal|p2a: Celesteela|21\/100 par|[from] item: Leftovers\n|-end|p2a: Celesteela|Whirlpool|[partiallytrapped]\n|upkeep\n|turn|20\n|\n|t:|1700928458\n|move|p1a: Azumarill|Whirlpool|p2a: Celesteela|[miss]\n|-miss|p1a: Azumarill|p2a: Celesteela\n|cant|p2a: Celesteela|par\n|\n|-heal|p1a: Azumarill|100\/100|[from] item: Leftovers\n|-heal|p2a: Celesteela|27\/100 par|[from] item: Leftovers\n|upkeep\n|turn|21\n|\n|t:|1700928460\n|move|p1a: Azumarill|Whirlpool|p2a: Celesteela\n|-damage|p2a: Celesteela|21\/100 par\n|-activate|p2a: Celesteela|move: Whirlpool|[of] p1a: Azumarill\n|move|p2a: Celesteela|Flash Cannon|p1a: Azumarill\n|-damage|p1a: Azumarill|72\/100\n|\n|-heal|p1a: Azumarill|78\/100|[from] item: Leftovers\n|-heal|p2a: Celesteela|27\/100 par|[from] item: Leftovers\n|-damage|p2a: Celesteela|15\/100 par|[from] move: Whirlpool|[partiallytrapped]\n|upkeep\n|turn|22\n|\n|t:|1700928465\n|move|p1a: Azumarill|Protect|p1a: Azumarill\n|-singleturn|p1a: Azumarill|Protect\n|cant|p2a: Celesteela|par\n|\n|-heal|p1a: Azumarill|85\/100|[from] item: Leftovers\n|-heal|p2a: Celesteela|20\/100 par|[from] item: Leftovers\n|-damage|p2a: Celesteela|8\/100 par|[from] move: Whirlpool|[partiallytrapped]\n|upkeep\n|turn|23\n|\n|t:|1700928472\n|move|p1a: Azumarill|Scald|p2a: Celesteela\n|-damage|p2a: Celesteela|0 fnt\n|faint|p2a: Celesteela\n|\n|-heal|p1a: Azumarill|91\/100|[from] item: Leftovers\n|upkeep\n|\n|t:|1700928475\n|switch|p2a: Scizor|Scizor, F, shiny|100\/100\n|turn|24\n|\n|t:|1700928479\n|detailschange|p2a: Scizor|Scizor-Mega, F, shiny\n|-mega|p2a: Scizor|Scizor|Scizorite\n|move|p2a: Scizor|Swords Dance|p2a: Scizor\n|-boost|p2a: Scizor|atk|2\n|move|p1a: Azumarill|Whirlpool|p2a: Scizor\n|-damage|p2a: Scizor|90\/100\n|-activate|p2a: Scizor|move: Whirlpool|[of] p1a: Azumarill\n|\n|-heal|p1a: Azumarill|97\/100|[from] item: Leftovers\n|-damage|p2a: Scizor|77\/100|[from] move: Whirlpool|[partiallytrapped]\n|upkeep\n|turn|25\n|\n|t:|1700928486\n|-terastallize|p1a: Azumarill|Water\n|move|p2a: Scizor|Swords Dance|p2a: Scizor\n|-boost|p2a: Scizor|atk|2\n|move|p1a: Azumarill|Scald|p2a: Scizor\n|-crit|p2a: Scizor\n|-damage|p2a: Scizor|33\/100\n|-status|p2a: Scizor|brn\n|\n|-heal|p1a: Azumarill|100\/100|[from] item: Leftovers\n|-damage|p2a: Scizor|27\/100 brn|[from] brn\n|-damage|p2a: Scizor|14\/100 brn|[from] move: Whirlpool|[partiallytrapped]\n|upkeep\n|turn|26\n|\n|t:|1700928497\n|move|p1a: Azumarill|Protect|p1a: Azumarill\n|-singleturn|p1a: Azumarill|Protect\n|move|p2a: Scizor|X-Scissor|p1a: Azumarill\n|-activate|p1a: Azumarill|move: Protect\n|\n|-damage|p2a: Scizor|8\/100 brn|[from] brn\n|-damage|p2a: Scizor|0 fnt|[from] move: Whirlpool|[partiallytrapped]\n|faint|p2a: Scizor\n|upkeep\n|\n|t:|1700928499\n|switch|p2a: Corviknight|Corviknight, F, shiny|100\/100\n|turn|27\n|\n|t:|1700928512\n|move|p2a: Corviknight|Bulk Up|p2a: Corviknight\n|-boost|p2a: Corviknight|atk|1\n|-boost|p2a: Corviknight|def|1\n|move|p1a: Azumarill|Scald|p2a: Corviknight\n|-damage|p2a: Corviknight|79\/100\n|-status|p2a: Corviknight|brn\n|\n|-damage|p2a: Corviknight|73\/100 brn|[from] brn\n|upkeep\n|turn|28\n|\n|t:|1700928518\n|move|p2a: Corviknight|Body Press|p1a: Azumarill\n|-damage|p1a: Azumarill|87\/100\n|move|p1a: Azumarill|Whirlpool|p2a: Corviknight\n|-crit|p2a: Corviknight\n|-damage|p2a: Corviknight|47\/100 brn\n|-activate|p2a: Corviknight|move: Whirlpool|[of] p1a: Azumarill\n|\n|-heal|p1a: Azumarill|93\/100|[from] item: Leftovers\n|-damage|p2a: Corviknight|41\/100 brn|[from] brn\n|-damage|p2a: Corviknight|28\/100 brn|[from] move: Whirlpool|[partiallytrapped]\n|upkeep\n|turn|29\n|\n|t:|1700928527\n|move|p1a: Azumarill|Protect|p1a: Azumarill\n|-singleturn|p1a: Azumarill|Protect\n|move|p2a: Corviknight|Drill Peck|p1a: Azumarill\n|-activate|p1a: Azumarill|move: Protect\n|\n|-heal|p1a: Azumarill|99\/100|[from] item: Leftovers\n|-damage|p2a: Corviknight|22\/100 brn|[from] brn\n|-damage|p2a: Corviknight|9\/100 brn|[from] move: Whirlpool|[partiallytrapped]\n|upkeep\n|turn|30\n|\n|t:|1700928533\n|move|p1a: Azumarill|Protect|p1a: Azumarill\n|-singleturn|p1a: Azumarill|Protect\n|move|p2a: Corviknight|Drill Peck|p1a: Azumarill\n|-activate|p1a: Azumarill|move: Protect\n|\n|-heal|p1a: Azumarill|100\/100|[from] item: Leftovers\n|-damage|p2a: Corviknight|3\/100 brn|[from] brn\n|-damage|p2a: Corviknight|0 fnt|[from] move: Whirlpool|[partiallytrapped]\n|faint|p2a: Corviknight\n|upkeep\n|\n|t:|1700928535\n|switch|p2a: Aegislash|Aegislash, F, shiny|100\/100\n|turn|31\n|\n|t:|1700928543\n|-formechange|p2a: Aegislash|Aegislash-Blade||[from] ability: Stance Change\n|move|p2a: Aegislash|Iron Head|p1a: Azumarill\n|-resisted|p1a: Azumarill\n|-damage|p1a: Azumarill|77\/100\n|-damage|p2a: Aegislash|91\/100|[from] item: Life Orb\n|move|p1a: Azumarill|Whirlpool|p2a: Aegislash\n|-damage|p2a: Aegislash|48\/100\n|-activate|p2a: Aegislash|move: Whirlpool|[of] p1a: Azumarill\n|\n|-heal|p1a: Azumarill|83\/100|[from] item: Leftovers\n|-damage|p2a: Aegislash|35\/100|[from] move: Whirlpool|[partiallytrapped]\n|upkeep\n|turn|32\n|\n|t:|1700928553\n|-formechange|p2a: Aegislash|Aegislash||[from] ability: Stance Change\n|move|p2a: Aegislash|King's Shield|p2a: Aegislash\n|-singleturn|p2a: Aegislash|Protect\n|move|p1a: Azumarill|Scald|p2a: Aegislash\n|-activate|p2a: Aegislash|move: Protect\n|\n|-heal|p1a: Azumarill|89\/100|[from] item: Leftovers\n|-damage|p2a: Aegislash|23\/100|[from] move: Whirlpool|[partiallytrapped]\n|upkeep\n|turn|33\n|\n|t:|1700928556\n|move|p2a: Aegislash|Swords Dance|p2a: Aegislash\n|-boost|p2a: Aegislash|atk|2\n|move|p1a: Azumarill|Rest|p1a: Azumarill\n|-status|p1a: Azumarill|slp|[from] move: Rest\n|-heal|p1a: Azumarill|100\/100 slp|[silent]\n|\n|-damage|p2a: Aegislash|11\/100|[from] move: Whirlpool|[partiallytrapped]\n|upkeep\n|turn|34\n|\n|t:|1700928562\n|cant|p1a: Azumarill|slp\n|-formechange|p2a: Aegislash|Aegislash-Blade||[from] ability: Stance Change\n|move|p2a: Aegislash|Iron Head|p1a: Azumarill\n|-resisted|p1a: Azumarill\n|-damage|p1a: Azumarill|59\/100 slp\n|-damage|p2a: Aegislash|1\/100|[from] item: Life Orb\n|\n|-heal|p1a: Azumarill|65\/100 slp|[from] item: Leftovers\n|-damage|p2a: Aegislash|0 fnt|[from] move: Whirlpool|[partiallytrapped]\n|faint|p2a: Aegislash\n|upkeep\n|\n|t:|1700928564\n|switch|p2a: Heatran|Heatran, M, shiny|100\/100\n|turn|35\n|\n|t:|1700928573\n|move|p2a: Heatran|Flash Cannon|p1a: Azumarill\n|-resisted|p1a: Azumarill\n|-damage|p1a: Azumarill|41\/100 slp\n|cant|p1a: Azumarill|slp\n|\n|-heal|p1a: Azumarill|47\/100 slp|[from] item: Leftovers\n|upkeep\n|turn|36\n|\n|t:|1700928577\n|move|p2a: Heatran|Flash Cannon|p1a: Azumarill\n|-resisted|p1a: Azumarill\n|-damage|p1a: Azumarill|23\/100 slp\n|-curestatus|p1a: Azumarill|slp|[msg]\n|move|p1a: Azumarill|Whirlpool|p2a: Heatran\n|-supereffective|p2a: Heatran\n|-damage|p2a: Heatran|73\/100\n|-activate|p2a: Heatran|move: Whirlpool|[of] p1a: Azumarill\n|\n|-heal|p2a: Heatran|79\/100|[from] item: Leftovers\n|-heal|p1a: Azumarill|29\/100|[from] item: Leftovers\n|-damage|p2a: Heatran|67\/100|[from] move: Whirlpool|[partiallytrapped]\n|upkeep\n|turn|37\n|\n|t:|1700928584\n|move|p1a: Azumarill|Protect|p1a: Azumarill\n|-singleturn|p1a: Azumarill|Protect\n|move|p2a: Heatran|Flash Cannon|p1a: Azumarill\n|-activate|p1a: Azumarill|move: Protect\n|\n|-heal|p2a: Heatran|73\/100|[from] item: Leftovers\n|-heal|p1a: Azumarill|36\/100|[from] item: Leftovers\n|-damage|p2a: Heatran|61\/100|[from] move: Whirlpool|[partiallytrapped]\n|upkeep\n|turn|38\n|\n|t:|1700928596\n|move|p2a: Heatran|Flash Cannon|p1a: Azumarill\n|-resisted|p1a: Azumarill\n|-damage|p1a: Azumarill|12\/100\n|move|p1a: Azumarill|Scald|p2a: Heatran\n|-supereffective|p2a: Heatran\n|-damage|p2a: Heatran|21\/100\n|\n|-heal|p2a: Heatran|27\/100|[from] item: Leftovers\n|-heal|p1a: Azumarill|19\/100|[from] item: Leftovers\n|-damage|p2a: Heatran|15\/100|[from] move: Whirlpool|[partiallytrapped]\n|upkeep\n|turn|39\n|\n|t:|1700928603\n|move|p1a: Azumarill|Protect|p1a: Azumarill\n|-singleturn|p1a: Azumarill|Protect\n|move|p2a: Heatran|Flash Cannon|p1a: Azumarill\n|-activate|p1a: Azumarill|move: Protect\n|\n|-heal|p2a: Heatran|21\/100|[from] item: Leftovers\n|-heal|p1a: Azumarill|25\/100|[from] item: Leftovers\n|-damage|p2a: Heatran|9\/100|[from] move: Whirlpool|[partiallytrapped]\n|upkeep\n|turn|40\n|\n|t:|1700928615\n|switch|p1a: Registeel|Registeel|100\/100\n|-damage|p1a: Registeel|94\/100|[from] Stealth Rock\n|-damage|p1a: Registeel|82\/100|[from] Spikes\n|move|p2a: Heatran|Flash Cannon|p1a: Registeel\n|-resisted|p1a: Registeel\n|-damage|p1a: Registeel|70\/100\n|\n|-heal|p2a: Heatran|15\/100|[from] item: Leftovers\n|-heal|p1a: Registeel|76\/100|[from] item: Leftovers\n|-end|p2a: Heatran|Whirlpool|[partiallytrapped]|[silent]\n|upkeep\n|turn|41\n|\n|t:|1700928623\n|move|p2a: Heatran|Magma Storm|p1a: Registeel\n|-supereffective|p1a: Registeel\n|-damage|p1a: Registeel|18\/100\n|-activate|p1a: Registeel|move: Magma Storm|[of] p2a: Heatran\n|move|p1a: Registeel|Seismic Toss|p2a: Heatran\n|-damage|p2a: Heatran|0 fnt\n|-status|p1a: Registeel|brn|[from] ability: Flame Body|[of] p2a: Heatran\n|faint|p2a: Heatran\n|\n|win|SanjaDreams\n|raw|SanjaDreams's rating: 1001 &rarr; <strong>1050<\/strong><br \/>(+49 for winning)\n|raw|mateushhk's rating: 1079 &rarr; <strong>1052<\/strong><br \/>(-27 for losing)\n|l|\u2606mateushhk\n","uploadtime":1700928636,"views":1,"p1id":"sanjadreams","p2id":"mateushhk","formatid":"gen9nationaldex","rating":1050,"private":0,"password":""}