{"id":"gen9nationaldex-1995961843","p1":"Muslceman2033","p2":"yaya_x3","format":"[Gen 9] National Dex","log":"|html|<div class=\"broadcast-blue\"><strong>[Gen 9] National Dex is currently suspecting Sneasler! For information on how to participate check out the <a href=\"https:\/\/www.smogon.com\/forums\/threads\/sv-national-dex-suspect-8-just-dance.3731534\/\">suspect thread<\/a>.<\/strong><\/div>\n|j|\u2606Muslceman2033\n|j|\u2606yaya_x3\n|t:|1700622477\n|gametype|singles\n|player|p1|Muslceman2033|benga|\n|player|p2|yaya_x3|touristf|\n|teamsize|p1|6\n|teamsize|p2|6\n|gen|9\n|tier|[Gen 9] National Dex\n|rule|HP Percentage Mod: HP is shown in percentages\n|rule|Endless Battle Clause: Forcing endless battles is banned\n|rule|OHKO Clause: OHKO moves are banned\n|rule|Evasion Clause: Evasion abilities, items, and moves are banned\n|rule|Evasion Abilities Clause: Evasion abilities are banned\n|rule|Evasion Items Clause: Evasion items are banned\n|rule|Evasion Moves Clause: Evasion moves are banned\n|rule|Species Clause: Limit one of each Pok\u00e9mon\n|rule|Sleep Clause Mod: Limit one foe put to sleep\n|clearpoke\n|poke|p1|Silvally-*|\n|poke|p1|Scizor, F|\n|poke|p1|Iron Valiant|\n|poke|p1|Iron Treads|\n|poke|p1|Aegislash, M|\n|poke|p1|Steelix, F|\n|poke|p2|Tapu Lele|\n|poke|p2|Incineroar, M|\n|poke|p2|Clefable, F|\n|poke|p2|Goodra-Hisui, F|\n|poke|p2|Ferrothorn, M|\n|poke|p2|Iron Moth|\n|teampreview\n|\n|t:|1700622501\n|start\n|switch|p1a: Iron Valiant|Iron Valiant|100\/100\n|switch|p2a: Tapu\u1d3e\u1da6\u207f\u1d4d\u1d3e\u1da6\u207f\u1d4d|Tapu Lele|100\/100\n|-fieldstart|move: Psychic Terrain|[from] ability: Psychic Surge|[of] p2a: Tapu\u1d3e\u1da6\u207f\u1d4d\u1d3e\u1da6\u207f\u1d4d\n|-enditem|p1a: Iron Valiant|Booster Energy\n|-activate|p1a: Iron Valiant|ability: Quark Drive|[fromitem]\n|-start|p1a: Iron Valiant|quarkdrivespe\n|turn|1\n|\n|t:|1700622532\n|switch|p2a: \ud83d\udc1a|Goodra-Hisui, F|100\/100\n|move|p1a: Iron Valiant|Spirit Break|p2a: \ud83d\udc1a\n|-damage|p2a: \ud83d\udc1a|64\/100\n|-unboost|p2a: \ud83d\udc1a|spa|1\n|-damage|p1a: Iron Valiant|84\/100|[from] item: Rocky Helmet|[of] p2a: \ud83d\udc1a\n|-ability|p2a: \ud83d\udc1a|Gooey\n|-unboost|p1a: Iron Valiant|spe|1\n|\n|upkeep\n|turn|2\n|\n|t:|1700622569\n|switch|p2a: \ud835\udd4b\ud835\udd68\ud835\udd5a\ud835\udd5f\ud835\udd5c\ud835\udd5d\ud835\udd56|Clefable, F, shiny|100\/100\n|move|p1a: Iron Valiant|Drain Punch|p2a: \ud835\udd4b\ud835\udd68\ud835\udd5a\ud835\udd5f\ud835\udd5c\ud835\udd5d\ud835\udd56\n|-resisted|p2a: \ud835\udd4b\ud835\udd68\ud835\udd5a\ud835\udd5f\ud835\udd5c\ud835\udd5d\ud835\udd56\n|-damage|p2a: \ud835\udd4b\ud835\udd68\ud835\udd5a\ud835\udd5f\ud835\udd5c\ud835\udd5d\ud835\udd56|78\/100\n|-heal|p1a: Iron Valiant|99\/100|[from] drain|[of] p2a: \ud835\udd4b\ud835\udd68\ud835\udd5a\ud835\udd5f\ud835\udd5c\ud835\udd5d\ud835\udd56\n|-damage|p1a: Iron Valiant|83\/100|[from] item: Rocky Helmet|[of] p2a: \ud835\udd4b\ud835\udd68\ud835\udd5a\ud835\udd5f\ud835\udd5c\ud835\udd5d\ud835\udd56\n|\n|upkeep\n|turn|3\n|\n|t:|1700622581\n|move|p1a: Iron Valiant|Spirit Break|p2a: \ud835\udd4b\ud835\udd68\ud835\udd5a\ud835\udd5f\ud835\udd5c\ud835\udd5d\ud835\udd56\n|-damage|p2a: \ud835\udd4b\ud835\udd68\ud835\udd5a\ud835\udd5f\ud835\udd5c\ud835\udd5d\ud835\udd56|31\/100\n|-unboost|p2a: \ud835\udd4b\ud835\udd68\ud835\udd5a\ud835\udd5f\ud835\udd5c\ud835\udd5d\ud835\udd56|spa|1\n|-damage|p1a: Iron Valiant|66\/100|[from] item: Rocky Helmet|[of] p2a: \ud835\udd4b\ud835\udd68\ud835\udd5a\ud835\udd5f\ud835\udd5c\ud835\udd5d\ud835\udd56\n|move|p2a: \ud835\udd4b\ud835\udd68\ud835\udd5a\ud835\udd5f\ud835\udd5c\ud835\udd5d\ud835\udd56|Thunder Wave|p1a: Iron Valiant\n|-status|p1a: Iron Valiant|par\n|\n|upkeep\n|turn|4\n|\n|t:|1700622592\n|move|p1a: Iron Valiant|Spirit Break|p2a: \ud835\udd4b\ud835\udd68\ud835\udd5a\ud835\udd5f\ud835\udd5c\ud835\udd5d\ud835\udd56\n|-crit|p2a: \ud835\udd4b\ud835\udd68\ud835\udd5a\ud835\udd5f\ud835\udd5c\ud835\udd5d\ud835\udd56\n|-damage|p2a: \ud835\udd4b\ud835\udd68\ud835\udd5a\ud835\udd5f\ud835\udd5c\ud835\udd5d\ud835\udd56|0 fnt\n|-damage|p1a: Iron Valiant|49\/100 par|[from] item: Rocky Helmet|[of] p2a: \ud835\udd4b\ud835\udd68\ud835\udd5a\ud835\udd5f\ud835\udd5c\ud835\udd5d\ud835\udd56\n|faint|p2a: \ud835\udd4b\ud835\udd68\ud835\udd5a\ud835\udd5f\ud835\udd5c\ud835\udd5d\ud835\udd56\n|\n|upkeep\n|\n|t:|1700622608\n|switch|p2a: Tapu\u1d3e\u1da6\u207f\u1d4d\u1d3e\u1da6\u207f\u1d4d|Tapu Lele|100\/100\n|turn|5\n|\n|t:|1700622622\n|move|p2a: Tapu\u1d3e\u1da6\u207f\u1d4d\u1d3e\u1da6\u207f\u1d4d|Reflect|p2a: Tapu\u1d3e\u1da6\u207f\u1d4d\u1d3e\u1da6\u207f\u1d4d\n|-sidestart|p2: yaya_x3|Reflect\n|cant|p1a: Iron Valiant|par\n|\n|-fieldend|move: Psychic Terrain\n|upkeep\n|turn|6\n|\n|t:|1700622633\n|switch|p2a: Don't Touch me lol|Ferrothorn, M|100\/100\n|cant|p1a: Iron Valiant|par\n|\n|upkeep\n|turn|7\n|\n|t:|1700622642\n|move|p1a: Iron Valiant|Fire Punch|p2a: Don't Touch me lol\n|-supereffective|p2a: Don't Touch me lol\n|-damage|p2a: Don't Touch me lol|69\/100\n|-damage|p1a: Iron Valiant|37\/100 par|[from] ability: Iron Barbs|[of] p2a: Don't Touch me lol\n|move|p2a: Don't Touch me lol|Curse|p2a: Don't Touch me lol\n|-unboost|p2a: Don't Touch me lol|spe|1\n|-boost|p2a: Don't Touch me lol|atk|1\n|-boost|p2a: Don't Touch me lol|def|1\n|\n|-heal|p2a: Don't Touch me lol|75\/100|[from] item: Leftovers\n|upkeep\n|turn|8\n|\n|t:|1700622654\n|cant|p1a: Iron Valiant|par\n|move|p2a: Don't Touch me lol|Leech Seed|p1a: Iron Valiant\n|-start|p1a: Iron Valiant|move: Leech Seed\n|\n|-heal|p2a: Don't Touch me lol|81\/100|[from] item: Leftovers\n|-damage|p1a: Iron Valiant|24\/100 par|[from] Leech Seed|[of] p2a: Don't Touch me lol\n|-heal|p2a: Don't Touch me lol|91\/100|[silent]\n|upkeep\n|turn|9\n|\n|t:|1700622663\n|move|p1a: Iron Valiant|Drain Punch|p2a: Don't Touch me lol\n|-supereffective|p2a: Don't Touch me lol\n|-damage|p2a: Don't Touch me lol|74\/100\n|-heal|p1a: Iron Valiant|35\/100 par|[from] drain|[of] p2a: Don't Touch me lol\n|-damage|p1a: Iron Valiant|22\/100 par|[from] ability: Iron Barbs|[of] p2a: Don't Touch me lol\n|move|p2a: Don't Touch me lol|Curse|p2a: Don't Touch me lol\n|-unboost|p2a: Don't Touch me lol|spe|1\n|-boost|p2a: Don't Touch me lol|atk|1\n|-boost|p2a: Don't Touch me lol|def|1\n|\n|-heal|p2a: Don't Touch me lol|80\/100|[from] item: Leftovers\n|-damage|p1a: Iron Valiant|10\/100 par|[from] Leech Seed|[of] p2a: Don't Touch me lol\n|-heal|p2a: Don't Touch me lol|91\/100|[silent]\n|-sideend|p2: yaya_x3|Reflect\n|upkeep\n|turn|10\n|\n|t:|1700622680\n|-end|p1a: Iron Valiant|Quark Drive|[silent]\n|switch|p1a: Aegislash|Aegislash, M|100\/100\n|move|p2a: Don't Touch me lol|Protect||[still]\n|-fail|p2a: Don't Touch me lol\n|\n|-heal|p2a: Don't Touch me lol|97\/100|[from] item: Leftovers\n|upkeep\n|turn|11\n|\n|t:|1700622688\n|-formechange|p1a: Aegislash|Aegislash-Blade||[from] ability: Stance Change\n|move|p1a: Aegislash|Sacred Sword|p2a: Don't Touch me lol\n|-supereffective|p2a: Don't Touch me lol\n|-damage|p2a: Don't Touch me lol|49\/100\n|-damage|p1a: Aegislash|88\/100|[from] ability: Iron Barbs|[of] p2a: Don't Touch me lol\n|move|p2a: Don't Touch me lol|Leech Seed|p1a: Aegislash\n|-start|p1a: Aegislash|move: Leech Seed\n|\n|-heal|p2a: Don't Touch me lol|55\/100|[from] item: Leftovers\n|-damage|p1a: Aegislash|76\/100|[from] Leech Seed|[of] p2a: Don't Touch me lol\n|-heal|p2a: Don't Touch me lol|66\/100|[silent]\n|upkeep\n|turn|12\n|\n|t:|1700622708\n|switch|p2a: Frosted Flakes|Incineroar, M|100\/100\n|-ability|p2a: Frosted Flakes|Intimidate|boost\n|-unboost|p1a: Aegislash|atk|1\n|move|p1a: Aegislash|Sacred Sword|p2a: Frosted Flakes\n|-supereffective|p2a: Frosted Flakes\n|-damage|p2a: Frosted Flakes|57\/100\n|-damage|p1a: Aegislash|59\/100|[from] item: Rocky Helmet|[of] p2a: Frosted Flakes\n|\n|-damage|p1a: Aegislash|47\/100|[from] Leech Seed|[of] p2a: Frosted Flakes\n|-heal|p2a: Frosted Flakes|68\/100|[silent]\n|upkeep\n|turn|13\n|\n|t:|1700622723\n|-formechange|p1a: Aegislash|Aegislash||[from] ability: Stance Change\n|move|p1a: Aegislash|King's Shield|p1a: Aegislash\n|-singleturn|p1a: Aegislash|Protect\n|move|p2a: Frosted Flakes|Will-O-Wisp|p1a: Aegislash\n|-status|p1a: Aegislash|brn\n|\n|-damage|p1a: Aegislash|34\/100 brn|[from] Leech Seed|[of] p2a: Frosted Flakes\n|-heal|p2a: Frosted Flakes|78\/100|[silent]\n|-damage|p1a: Aegislash|28\/100 brn|[from] brn\n|upkeep\n|turn|14\n|\n|t:|1700622745\n|-formechange|p1a: Aegislash|Aegislash-Blade||[from] ability: Stance Change\n|move|p1a: Aegislash|Sacred Sword|p2a: Frosted Flakes\n|-supereffective|p2a: Frosted Flakes\n|-damage|p2a: Frosted Flakes|56\/100\n|-damage|p1a: Aegislash|12\/100 brn|[from] item: Rocky Helmet|[of] p2a: Frosted Flakes\n|move|p2a: Frosted Flakes|Parting Shot|p1a: Aegislash\n|-unboost|p1a: Aegislash|atk|1\n|-unboost|p1a: Aegislash|spa|1\n|\n|t:|1700622757\n|switch|p2a: Don't Touch me lol|Ferrothorn, M|66\/100|[from] Parting Shot\n|\n|-heal|p2a: Don't Touch me lol|72\/100|[from] item: Leftovers\n|-damage|p1a: Aegislash|0 fnt|[from] Leech Seed|[of] p2a: Don't Touch me lol\n|-heal|p2a: Don't Touch me lol|82\/100|[silent]\n|faint|p1a: Aegislash\n|upkeep\n|\n|t:|1700622779\n|switch|p1a: Iron Treads|Iron Treads|100\/100\n|-enditem|p1a: Iron Treads|Booster Energy\n|-activate|p1a: Iron Treads|ability: Quark Drive|[fromitem]\n|-start|p1a: Iron Treads|quarkdrivespe\n|turn|15\n|\n|t:|1700622785\n|move|p1a: Iron Treads|Body Press|p2a: Don't Touch me lol\n|-supereffective|p2a: Don't Touch me lol\n|-crit|p2a: Don't Touch me lol\n|-damage|p2a: Don't Touch me lol|42\/100\n|-damage|p1a: Iron Treads|88\/100|[from] ability: Iron Barbs|[of] p2a: Don't Touch me lol\n|move|p2a: Don't Touch me lol|Leech Seed|p1a: Iron Treads\n|-start|p1a: Iron Treads|move: Leech Seed\n|\n|-heal|p2a: Don't Touch me lol|48\/100|[from] item: Leftovers\n|-damage|p1a: Iron Treads|76\/100|[from] Leech Seed|[of] p2a: Don't Touch me lol\n|-heal|p2a: Don't Touch me lol|60\/100|[silent]\n|upkeep\n|turn|16\n|\n|t:|1700622802\n|switch|p2a: Tapu\u1d3e\u1da6\u207f\u1d4d\u1d3e\u1da6\u207f\u1d4d|Tapu Lele|100\/100\n|-fieldstart|move: Psychic Terrain|[from] ability: Psychic Surge|[of] p2a: Tapu\u1d3e\u1da6\u207f\u1d4d\u1d3e\u1da6\u207f\u1d4d\n|move|p1a: Iron Treads|Body Press|p2a: Tapu\u1d3e\u1da6\u207f\u1d4d\u1d3e\u1da6\u207f\u1d4d\n|-resisted|p2a: Tapu\u1d3e\u1da6\u207f\u1d4d\u1d3e\u1da6\u207f\u1d4d\n|-damage|p2a: Tapu\u1d3e\u1da6\u207f\u1d4d\u1d3e\u1da6\u207f\u1d4d|92\/100\n|\n|-heal|p2a: Tapu\u1d3e\u1da6\u207f\u1d4d\u1d3e\u1da6\u207f\u1d4d|98\/100|[from] item: Leftovers\n|-damage|p1a: Iron Treads|63\/100|[from] Leech Seed|[of] p2a: Tapu\u1d3e\u1da6\u207f\u1d4d\u1d3e\u1da6\u207f\u1d4d\n|-heal|p2a: Tapu\u1d3e\u1da6\u207f\u1d4d\u1d3e\u1da6\u207f\u1d4d|100\/100|[silent]\n|upkeep\n|turn|17\n|\n|t:|1700622820\n|switch|p2a: Don't Touch me lol|Ferrothorn, M|60\/100\n|move|p1a: Iron Treads|Heavy Slam|p2a: Don't Touch me lol\n|-resisted|p2a: Don't Touch me lol\n|-damage|p2a: Don't Touch me lol|50\/100\n|-damage|p1a: Iron Treads|51\/100|[from] ability: Iron Barbs|[of] p2a: Don't Touch me lol\n|\n|-heal|p2a: Don't Touch me lol|56\/100|[from] item: Leftovers\n|-damage|p1a: Iron Treads|38\/100|[from] Leech Seed|[of] p2a: Don't Touch me lol\n|-heal|p2a: Don't Touch me lol|68\/100|[silent]\n|upkeep\n|turn|18\n|\n|t:|1700622832\n|move|p1a: Iron Treads|Body Press|p2a: Don't Touch me lol\n|-supereffective|p2a: Don't Touch me lol\n|-damage|p2a: Don't Touch me lol|40\/100\n|-damage|p1a: Iron Treads|26\/100|[from] ability: Iron Barbs|[of] p2a: Don't Touch me lol\n|move|p2a: Don't Touch me lol|Curse|p2a: Don't Touch me lol\n|-unboost|p2a: Don't Touch me lol|spe|1\n|-boost|p2a: Don't Touch me lol|atk|1\n|-boost|p2a: Don't Touch me lol|def|1\n|\n|-heal|p2a: Don't Touch me lol|46\/100|[from] item: Leftovers\n|-damage|p1a: Iron Treads|13\/100|[from] Leech Seed|[of] p2a: Don't Touch me lol\n|-heal|p2a: Don't Touch me lol|57\/100|[silent]\n|upkeep\n|turn|19\n|\n|t:|1700622848\n|move|p2a: Don't Touch me lol|Protect|p2a: Don't Touch me lol\n|-singleturn|p2a: Don't Touch me lol|Protect\n|move|p1a: Iron Treads|Body Press|p2a: Don't Touch me lol\n|-activate|p2a: Don't Touch me lol|move: Protect\n|\n|-heal|p2a: Don't Touch me lol|63\/100|[from] item: Leftovers\n|-damage|p1a: Iron Treads|1\/100|[from] Leech Seed|[of] p2a: Don't Touch me lol\n|-heal|p2a: Don't Touch me lol|75\/100|[silent]\n|upkeep\n|turn|20\n|\n|t:|1700622861\n|move|p1a: Iron Treads|Body Press|p2a: Don't Touch me lol\n|-supereffective|p2a: Don't Touch me lol\n|-damage|p2a: Don't Touch me lol|57\/100\n|-damage|p1a: Iron Treads|0 fnt|[from] ability: Iron Barbs|[of] p2a: Don't Touch me lol\n|faint|p1a: Iron Treads\n|-end|p1a: Iron Treads|Quark Drive|[silent]\n|move|p2a: Don't Touch me lol|Curse|p2a: Don't Touch me lol\n|-unboost|p2a: Don't Touch me lol|spe|1\n|-boost|p2a: Don't Touch me lol|atk|1\n|-boost|p2a: Don't Touch me lol|def|1\n|\n|-heal|p2a: Don't Touch me lol|63\/100|[from] item: Leftovers\n|-fieldend|move: Psychic Terrain\n|upkeep\n|\n|t:|1700622876\n|switch|p1a: Steelix|Steelix, F|100\/100\n|turn|21\n|\n|t:|1700622881\n|detailschange|p1a: Steelix|Steelix-Mega, F\n|-mega|p1a: Steelix|Steelix|Steelixite\n|move|p2a: Don't Touch me lol|Leech Seed|p1a: Steelix\n|-start|p1a: Steelix|move: Leech Seed\n|move|p1a: Steelix|Dragon Tail|p2a: Don't Touch me lol\n|-resisted|p2a: Don't Touch me lol\n|-damage|p2a: Don't Touch me lol|60\/100\n|-damage|p1a: Steelix|88\/100|[from] ability: Iron Barbs|[of] p2a: Don't Touch me lol\n|drag|p2a: Steel type KO|Iron Moth|100\/100\n|-enditem|p2a: Steel type KO|Booster Energy\n|-activate|p2a: Steel type KO|ability: Quark Drive|[fromitem]\n|-start|p2a: Steel type KO|quarkdrivespa\n|\n|-damage|p1a: Steelix|76\/100|[from] Leech Seed|[of] p2a: Steel type KO\n|upkeep\n|turn|22\n|\n|t:|1700622899\n|move|p2a: Steel type KO|Protect|p2a: Steel type KO\n|-singleturn|p2a: Steel type KO|Protect\n|move|p1a: Steelix|Aqua Tail|p2a: Steel type KO\n|-activate|p2a: Steel type KO|move: Protect\n|\n|-damage|p1a: Steelix|63\/100|[from] Leech Seed|[of] p2a: Steel type KO\n|upkeep\n|turn|23\n|\n|t:|1700622908\n|move|p2a: Steel type KO|Substitute|p2a: Steel type KO\n|-start|p2a: Steel type KO|Substitute\n|-damage|p2a: Steel type KO|76\/100\n|move|p1a: Steelix|Aqua Tail|p2a: Steel type KO|[miss]\n|-miss|p1a: Steelix|p2a: Steel type KO\n|\n|-damage|p1a: Steelix|51\/100|[from] Leech Seed|[of] p2a: Steel type KO\n|-heal|p2a: Steel type KO|89\/100|[silent]\n|upkeep\n|turn|24\n|\n|t:|1700622919\n|move|p2a: Steel type KO|Fiery Dance|p1a: Steelix\n|-supereffective|p1a: Steelix\n|-damage|p1a: Steelix|0 fnt\n|faint|p1a: Steelix\n|\n|upkeep\n|\n|t:|1700622926\n|switch|p1a: Scizor|Scizor, F|100\/100\n|turn|25\n|\n|t:|1700622930\n|-terastallize|p1a: Scizor|Flying\n|move|p2a: Steel type KO|Fiery Dance|p1a: Scizor\n|-damage|p1a: Scizor|24\/100\n|-boost|p2a: Steel type KO|spa|1\n|move|p1a: Scizor|Dual Wingbeat|p2a: Steel type KO\n|-end|p2a: Steel type KO|Substitute\n|-damage|p2a: Steel type KO|37\/100\n|-hitcount|p2a: Steel type KO|2\n|\n|upkeep\n|turn|26\n|\n|t:|1700622942\n|move|p2a: Steel type KO|Fiery Dance|p1a: Scizor\n|-damage|p1a: Scizor|0 fnt\n|faint|p1a: Scizor\n|\n|upkeep\n|\n|t:|1700622947\n|switch|p1a: Silvally|Silvally-Steel|100\/100\n|turn|27\n|\n|t:|1700622954\n|move|p1a: Silvally|Dragon Claw|p2a: Steel type KO\n|-damage|p2a: Steel type KO|2\/100\n|move|p2a: Steel type KO|Fiery Dance|p1a: Silvally\n|-supereffective|p1a: Silvally\n|-damage|p1a: Silvally|0 fnt\n|faint|p1a: Silvally\n|\n|upkeep\n|\n|t:|1700622962\n|switch|p1a: Iron Valiant|Iron Valiant|10\/100 par\n|turn|28\n|\n|t:|1700622967\n|move|p2a: Steel type KO|Fiery Dance|p1a: Iron Valiant\n|-damage|p1a: Iron Valiant|0 fnt\n|faint|p1a: Iron Valiant\n|-end|p1a: Iron Valiant|Quark Drive|[silent]\n|\n|win|yaya_x3\n|c|\u2606Muslceman2033|ggs\n|c|\u2606yaya_x3|bad luck on\n|c|\u2606yaya_x3|para\n|c|\u2606yaya_x3|and misses\n|c|\u2606yaya_x3|sry\n|c|\u2606yaya_x3|gg\n|c|\u2606Muslceman2033|nah its just rng lol\n|l|\u2606Muslceman2033\n|c|\u2606yaya_x3|yeah i hate it when it happens to me\n","uploadtime":1700623010,"views":1,"p1id":"muslceman2033","p2id":"yayax3","formatid":"gen9nationaldex","rating":0,"private":0,"password":""}