{"id":"gen9nationaldex-1999599484","p1":"BasicFestivalGroup","p2":"Lgbeet","format":"[Gen 9] National Dex","log":"|html|<div class=\"broadcast-blue\"><strong>[Gen 9] National Dex is currently suspecting Sneasler! For information on how to participate check out the <a href=\"https:\/\/www.smogon.com\/forums\/threads\/sv-national-dex-suspect-8-just-dance.3731534\/\">suspect thread<\/a>.<\/strong><\/div>\n|j|\u2606BasicFestivalGroup\n|j|\u2606Lgbeet\n|t:|1701099943\n|gametype|singles\n|player|p1|BasicFestivalGroup|veteran|1161\n|player|p2|Lgbeet|skullgruntf|1066\n|teamsize|p1|6\n|teamsize|p2|6\n|gen|9\n|tier|[Gen 9] National Dex\n|rated|\n|rule|HP Percentage Mod: HP is shown in percentages\n|rule|Endless Battle Clause: Forcing endless battles is banned\n|rule|OHKO Clause: OHKO moves are banned\n|rule|Evasion Clause: Evasion abilities, items, and moves are banned\n|rule|Evasion Abilities Clause: Evasion abilities are banned\n|rule|Evasion Items Clause: Evasion items are banned\n|rule|Evasion Moves Clause: Evasion moves are banned\n|rule|Species Clause: Limit one of each Pok\u00e9mon\n|rule|Sleep Clause Mod: Limit one foe put to sleep\n|clearpoke\n|poke|p1|Muk-Alola, M|\n|poke|p1|Zoroark-Hisui, F|\n|poke|p1|Scizor, M|\n|poke|p1|Eelektross, F|\n|poke|p1|Hippowdon, M|\n|poke|p1|Gastrodon, M|\n|poke|p2|Tatsugiri, F|\n|poke|p2|Zamazenta-*|\n|poke|p2|Whimsicott, F|\n|poke|p2|Clodsire, M|\n|poke|p2|Zoroark, F|\n|poke|p2|Lampent, F|\n|teampreview\n|inactive|Battle timer is ON: inactive players will automatically lose when time's up. (requested by BasicFestivalGroup)\n|\n|t:|1701099958\n|start\n|switch|p1a: Scizor|Scizor, M|100\/100\n|switch|p2a: Whimsicott|Whimsicott, F|100\/100\n|turn|1\n|\n|t:|1701099966\n|move|p1a: Scizor|Dual Wingbeat|p2a: Whimsicott\n|-damage|p2a: Whimsicott|56\/100\n|replace|p2a: Zoroark|Zoroark, F\n|-end|p2a: Zoroark|Illusion\n|-damage|p2a: Zoroark|14\/100\n|-hitcount|p2a: Zoroark|2\n|move|p2a: Zoroark|Dark Pulse|p1a: Scizor\n|-damage|p1a: Scizor|31\/100\n|\n|upkeep\n|turn|2\n|\n|t:|1701099981\n|switch|p2a: Clodsire|Clodsire, M|100\/100\n|move|p1a: Scizor|Dual Wingbeat|p2a: Clodsire\n|-damage|p2a: Clodsire|76\/100\n|-damage|p2a: Clodsire|53\/100\n|-hitcount|p2a: Clodsire|2\n|\n|-heal|p2a: Clodsire|59\/100|[from] item: Leftovers\n|upkeep\n|turn|3\n|\n|t:|1701099987\n|switch|p1a: Muk|Muk-Alola, M|100\/100\n|move|p2a: Clodsire|Earthquake|p1a: Muk\n|-supereffective|p1a: Muk\n|-damage|p1a: Muk|38\/100\n|\n|-heal|p2a: Clodsire|65\/100|[from] item: Leftovers\n|upkeep\n|turn|4\n|\n|t:|1701099994\n|switch|p1a: Hippowdon|Hippowdon, M|100\/100\n|-weather|Sandstorm|[from] ability: Sand Stream|[of] p1a: Hippowdon\n|move|p2a: Clodsire|Earthquake|p1a: Hippowdon\n|-damage|p1a: Hippowdon|87\/100\n|\n|-weather|Sandstorm|[upkeep]\n|-heal|p1a: Hippowdon|94\/100|[from] item: Leftovers\n|-heal|p2a: Clodsire|71\/100|[from] item: Leftovers\n|upkeep\n|turn|5\n|\n|t:|1701100001\n|move|p2a: Clodsire|Protect|p2a: Clodsire\n|-singleturn|p2a: Clodsire|Protect\n|move|p1a: Hippowdon|Yawn|p2a: Clodsire\n|-activate|p2a: Clodsire|move: Protect\n|\n|-weather|Sandstorm|[upkeep]\n|-heal|p1a: Hippowdon|99\/100|[from] item: Leftovers\n|-heal|p2a: Clodsire|77\/100|[from] item: Leftovers\n|upkeep\n|turn|6\n|\n|t:|1701100006\n|switch|p2a: Whimsicott|Whimsicott, F|14\/100\n|move|p1a: Hippowdon|Stealth Rock|p2a: Whimsicott\n|-sidestart|p2: Lgbeet|move: Stealth Rock\n|\n|-weather|Sandstorm|[upkeep]\n|-damage|p2a: Whimsicott|7\/100|[from] Sandstorm\n|-heal|p1a: Hippowdon|100\/100|[from] item: Leftovers\n|upkeep\n|turn|7\n|\n|t:|1701100018\n|switch|p1a: Gastrodon|Gastrodon, M|100\/100\n|move|p2a: Whimsicott|Trick|p1a: Gastrodon\n|-activate|p2a: Whimsicott|move: Trick|[of] p1a: Gastrodon\n|-item|p1a: Gastrodon|Choice Specs|[from] move: Trick\n|-item|p2a: Whimsicott|Leftovers|[from] move: Trick\n|\n|-weather|Sandstorm|[upkeep]\n|-damage|p2a: Whimsicott|1\/100|[from] Sandstorm\n|-heal|p2a: Whimsicott|7\/100|[from] item: Leftovers\n|upkeep\n|turn|8\n|\n|t:|1701100036\n|move|p2a: Whimsicott|U-turn|p1a: Gastrodon\n|-damage|p1a: Gastrodon|79\/100\n|\n|t:|1701100043\n|switch|p2a: Whimsicott|Whimsicott, F|100\/100|[from] U-turn\n|-damage|p2a: Whimsicott|88\/100|[from] Stealth Rock\n|move|p1a: Gastrodon|Earth Power|p2a: Whimsicott\n|-resisted|p2a: Whimsicott\n|-damage|p2a: Whimsicott|53\/100\n|-unboost|p2a: Whimsicott|spd|1\n|\n|-weather|none\n|upkeep\n|turn|9\n|\n|t:|1701100052\n|move|p2a: Whimsicott|Giga Drain|p1a: Gastrodon\n|-supereffective|p1a: Gastrodon\n|-damage|p1a: Gastrodon|0 fnt\n|-heal|p2a: Whimsicott|100\/100|[from] drain|[of] p1a: Gastrodon\n|faint|p1a: Gastrodon\n|\n|upkeep\n|\n|t:|1701100055\n|switch|p1a: Scizor|Scizor, M|31\/100\n|turn|10\n|\n|t:|1701100061\n|switch|p2a: Tatsugiri|Tatsugiri, F|100\/100\n|move|p1a: Scizor|Dual Wingbeat|p2a: Tatsugiri|[miss]\n|-miss|p1a: Scizor|p2a: Tatsugiri\n|\n|upkeep\n|turn|11\n|\n|t:|1701100069\n|switch|p1a: Eelektross|Eelektross, F|100\/100\n|move|p2a: Tatsugiri|Surf|p1a: Eelektross\n|-damage|p1a: Eelektross|53\/100\n|\n|-heal|p1a: Eelektross|59\/100|[from] item: Leftovers\n|upkeep\n|turn|12\n|\n|t:|1701100073\n|move|p2a: Tatsugiri|Rapid Spin|p1a: Eelektross\n|-damage|p1a: Eelektross|52\/100\n|-boost|p2a: Tatsugiri|spe|1\n|-sideend|p2: Lgbeet|Stealth Rock|[from] move: Rapid Spin|[of] p2a: Tatsugiri\n|move|p1a: Eelektross|Spark|p2a: Tatsugiri\n|-damage|p2a: Tatsugiri|34\/100\n|\n|-heal|p1a: Eelektross|58\/100|[from] item: Leftovers\n|upkeep\n|turn|13\n|\n|t:|1701100077\n|move|p2a: Tatsugiri|Dragon Pulse|p1a: Eelektross\n|-damage|p1a: Eelektross|15\/100\n|move|p1a: Eelektross|Spark|p2a: Tatsugiri\n|-damage|p2a: Tatsugiri|0 fnt\n|faint|p2a: Tatsugiri\n|\n|-heal|p1a: Eelektross|22\/100|[from] item: Leftovers\n|upkeep\n|\n|t:|1701100087\n|switch|p2a: Lampent|Lampent, F|7\/100\n|turn|14\n|\n|t:|1701100100\n|move|p2a: Lampent|Dark Pulse|p1a: Eelektross\n|-damage|p1a: Eelektross|0 fnt\n|faint|p1a: Eelektross\n|\n|-heal|p2a: Lampent|14\/100|[from] item: Leftovers\n|upkeep\n|\n|t:|1701100102\n|switch|p1a: Scizor|Scizor, M|31\/100\n|turn|15\n|\n|t:|1701100118\n|switch|p2a: Zamazenta|Zamazenta|100\/100\n|-ability|p2a: Zamazenta|Dauntless Shield|boost\n|-boost|p2a: Zamazenta|def|1\n|move|p1a: Scizor|Dual Wingbeat|p2a: Zamazenta\n|-supereffective|p2a: Zamazenta\n|-damage|p2a: Zamazenta|81\/100\n|-supereffective|p2a: Zamazenta\n|-damage|p2a: Zamazenta|61\/100\n|-hitcount|p2a: Zamazenta|2\n|\n|-heal|p2a: Zamazenta|67\/100|[from] item: Leftovers\n|upkeep\n|turn|16\n|\n|t:|1701100127\n|switch|p1a: Hippowdon|Hippowdon, M|100\/100\n|-weather|Sandstorm|[from] ability: Sand Stream|[of] p1a: Hippowdon\n|move|p2a: Zamazenta|Iron Defense|p2a: Zamazenta\n|-boost|p2a: Zamazenta|def|2\n|\n|-weather|Sandstorm|[upkeep]\n|-damage|p2a: Zamazenta|61\/100|[from] Sandstorm\n|-heal|p2a: Zamazenta|67\/100|[from] item: Leftovers\n|upkeep\n|turn|17\n|\n|t:|1701100138\n|move|p2a: Zamazenta|Body Press|p1a: Hippowdon\n|-damage|p1a: Hippowdon|46\/100\n|move|p1a: Hippowdon|Toxic|p2a: Zamazenta\n|-status|p2a: Zamazenta|tox\n|\n|-weather|Sandstorm|[upkeep]\n|-damage|p2a: Zamazenta|61\/100 tox|[from] Sandstorm\n|-heal|p2a: Zamazenta|67\/100 tox|[from] item: Leftovers\n|-heal|p1a: Hippowdon|52\/100|[from] item: Leftovers\n|-damage|p2a: Zamazenta|61\/100 tox|[from] psn\n|upkeep\n|turn|18\n|\n|t:|1701100149\n|move|p2a: Zamazenta|Body Press|p1a: Hippowdon\n|-damage|p1a: Hippowdon|0 fnt\n|faint|p1a: Hippowdon\n|\n|-weather|Sandstorm|[upkeep]\n|-damage|p2a: Zamazenta|55\/100 tox|[from] Sandstorm\n|-heal|p2a: Zamazenta|61\/100 tox|[from] item: Leftovers\n|-damage|p2a: Zamazenta|49\/100 tox|[from] psn\n|upkeep\n|\n|t:|1701100157\n|switch|p1a: Muk|Muk-Alola, M|38\/100\n|turn|19\n|\n|t:|1701100161\n|move|p2a: Zamazenta|Body Press|p1a: Muk\n|-damage|p1a: Muk|0 fnt\n|faint|p1a: Muk\n|\n|-weather|Sandstorm|[upkeep]\n|-damage|p2a: Zamazenta|43\/100 tox|[from] Sandstorm\n|-heal|p2a: Zamazenta|49\/100 tox|[from] item: Leftovers\n|-damage|p2a: Zamazenta|31\/100 tox|[from] psn\n|upkeep\n|\n|t:|1701100164\n|switch|p1a: Scizor|Scizor, M|100\/100\n|turn|20\n|\n|t:|1701100171\n|move|p2a: Zamazenta|Heavy Slam|p1a: Scizor\n|-damage|p1a: Scizor|65\/100\n|replace|p1a: Zoroark|Zoroark-Hisui, F\n|-end|p1a: Zoroark|Illusion\n|move|p1a: Zoroark|Shadow Ball|p2a: Zamazenta\n|-damage|p2a: Zamazenta|0 fnt\n|faint|p2a: Zamazenta\n|\n|-weather|none\n|upkeep\n|\n|t:|1701100175\n|switch|p2a: Lampent|Lampent, F|14\/100\n|turn|21\n|\n|t:|1701100184\n|move|p1a: Zoroark|Flamethrower|p2a: Lampent\n|-damage|p2a: Lampent|0 fnt\n|replace|p2a: Zoroark|Zoroark, F\n|-end|p2a: Zoroark|Illusion\n|faint|p2a: Zoroark\n|\n|upkeep\n|\n|t:|1701100191\n|switch|p2a: Clodsire|Clodsire, M|77\/100\n|turn|22\n|\n|t:|1701100195\n|move|p1a: Zoroark|Grass Knot|p2a: Clodsire\n|-damage|p2a: Clodsire|55\/100\n|move|p2a: Clodsire|Poison Jab|p1a: Zoroark\n|-resisted|p1a: Zoroark\n|-damage|p1a: Zoroark|44\/100\n|\n|-heal|p2a: Clodsire|61\/100|[from] item: Leftovers\n|upkeep\n|turn|23\n|\n|t:|1701100203\n|move|p1a: Zoroark|Grass Knot|p2a: Clodsire\n|-damage|p2a: Clodsire|39\/100\n|-status|p1a: Zoroark|psn|[from] ability: Poison Point|[of] p2a: Clodsire\n|move|p2a: Clodsire|Poison Jab|p1a: Zoroark\n|-resisted|p1a: Zoroark\n|-damage|p1a: Zoroark|21\/100 psn\n|\n|-heal|p2a: Clodsire|45\/100|[from] item: Leftovers\n|-damage|p1a: Zoroark|9\/100 psn|[from] psn\n|upkeep\n|turn|24\n|\n|t:|1701100211\n|move|p2a: Clodsire|Protect|p2a: Clodsire\n|-singleturn|p2a: Clodsire|Protect\n|move|p1a: Zoroark|Shadow Ball|p2a: Clodsire\n|-activate|p2a: Clodsire|move: Protect\n|\n|-heal|p2a: Clodsire|51\/100|[from] item: Leftovers\n|-damage|p1a: Zoroark|0 fnt|[from] psn\n|faint|p1a: Zoroark\n|upkeep\n|\n|t:|1701100213\n|switch|p1a: Scizor|Scizor, M|31\/100\n|turn|25\n|\n|t:|1701100217\n|move|p1a: Scizor|Dual Wingbeat|p2a: Clodsire\n|-damage|p2a: Clodsire|29\/100\n|-damage|p2a: Clodsire|8\/100\n|-hitcount|p2a: Clodsire|2\n|move|p2a: Clodsire|Earthquake|p1a: Scizor\n|-damage|p1a: Scizor|0 fnt\n|faint|p1a: Scizor\n|\n|win|Lgbeet\n|raw|BasicFestivalGroup's rating: 1161 &rarr; <strong>1129<\/strong><br \/>(-32 for losing)\n|raw|Lgbeet's rating: 1066 &rarr; <strong>1104<\/strong><br \/>(+38 for winning)\n|l|\u2606BasicFestivalGroup\n","uploadtime":1701100227,"views":15,"p1id":"basicfestivalgroup","p2id":"lgbeet","formatid":"gen9nationaldex","rating":1104,"private":0,"password":""}