{"id":"gen9nationaldex-2000599604","p1":"Proxis666","p2":"PWA Wright","format":"[Gen 9] National Dex","log":"|html|<div class=\"broadcast-blue\"><strong>[Gen 9] National Dex is currently suspecting Sneasler! For information on how to participate check out the <a href=\"https:\/\/www.smogon.com\/forums\/threads\/sv-national-dex-suspect-8-just-dance.3731534\/\">suspect thread<\/a>.<\/strong><\/div>\n|j|\u2606Proxis666\n|j|\u2606PWA Wright\n|t:|1701209174\n|gametype|singles\n|player|p1|Proxis666|psychic|1660\n|player|p2|PWA Wright|cynthia|1744\n|teamsize|p1|6\n|teamsize|p2|6\n|gen|9\n|tier|[Gen 9] National Dex\n|rated|\n|rule|HP Percentage Mod: HP is shown in percentages\n|rule|Endless Battle Clause: Forcing endless battles is banned\n|rule|OHKO Clause: OHKO moves are banned\n|rule|Evasion Clause: Evasion abilities, items, and moves are banned\n|rule|Evasion Abilities Clause: Evasion abilities are banned\n|rule|Evasion Items Clause: Evasion items are banned\n|rule|Evasion Moves Clause: Evasion moves are banned\n|rule|Species Clause: Limit one of each Pok\u00e9mon\n|rule|Sleep Clause Mod: Limit one foe put to sleep\n|clearpoke\n|poke|p1|Ceruledge, F|\n|poke|p1|Lilligant-Hisui, F|\n|poke|p1|Togekiss, F|\n|poke|p1|Garganacl, M|\n|poke|p1|Kyurem|\n|poke|p1|Swampert, M|\n|poke|p2|Garchomp, M|\n|poke|p2|Dondozo, M|\n|poke|p2|Tyranitar, F|\n|poke|p2|Charizard, F|\n|poke|p2|Clodsire, F|\n|poke|p2|Corviknight, M|\n|teampreview\n|inactive|Battle timer is ON: inactive players will automatically lose when time's up. (requested by Proxis666)\n|j| hainiumm\n|\n|t:|1701209205\n|start\n|switch|p1a: Garganacl|Garganacl, M|100\/100\n|switch|p2a: Garchomp|Garchomp, M|100\/100\n|turn|1\n|\n|t:|1701209208\n|move|p2a: Garchomp|Swords Dance|p2a: Garchomp\n|-boost|p2a: Garchomp|atk|2\n|move|p1a: Garganacl|Iron Defense|p1a: Garganacl\n|-boost|p1a: Garganacl|def|2\n|\n|upkeep\n|turn|2\n|\n|t:|1701209212\n|move|p2a: Garchomp|Earthquake|p1a: Garganacl\n|-supereffective|p1a: Garganacl\n|-damage|p1a: Garganacl|26\/100\n|move|p1a: Garganacl|Iron Defense|p1a: Garganacl\n|-boost|p1a: Garganacl|def|2\n|\n|-heal|p1a: Garganacl|32\/100|[from] item: Leftovers\n|upkeep\n|turn|3\n|\n|t:|1701209216\n|-terastallize|p1a: Garganacl|Ghost\n|move|p2a: Garchomp|Earthquake|p1a: Garganacl\n|-crit|p1a: Garganacl\n|-damage|p1a: Garganacl|0 fnt\n|faint|p1a: Garganacl\n|\n|upkeep\n|\n|t:|1701209222\n|switch|p1a: Togekiss|Togekiss, F|100\/100\n|turn|4\n|\n|t:|1701209231\n|switch|p2a: Tyranitar|Tyranitar, F|100\/100\n|-weather|Sandstorm|[from] ability: Sand Stream|[of] p2a: Tyranitar\n|move|p1a: Togekiss|Air Slash|p2a: Tyranitar\n|-resisted|p2a: Tyranitar\n|-damage|p2a: Tyranitar|96\/100\n|\n|-weather|Sandstorm|[upkeep]\n|-damage|p1a: Togekiss|94\/100|[from] Sandstorm\n|upkeep\n|turn|5\n|\n|t:|1701209234\n|switch|p1a: Swampert|Swampert, M|100\/100\n|move|p2a: Tyranitar|Stone Edge|p1a: Swampert\n|-resisted|p1a: Swampert\n|-damage|p1a: Swampert|87\/100\n|\n|-weather|Sandstorm|[upkeep]\n|-heal|p1a: Swampert|93\/100|[from] item: Leftovers\n|upkeep\n|turn|6\n|\n|t:|1701209238\n|switch|p2a: Corviknight|Corviknight, M|100\/100\n|-ability|p2a: Corviknight|Pressure\n|move|p1a: Swampert|Stealth Rock|p2a: Corviknight\n|-sidestart|p2: PWA Wright|move: Stealth Rock\n|\n|-weather|Sandstorm|[upkeep]\n|-heal|p1a: Swampert|99\/100|[from] item: Leftovers\n|upkeep\n|turn|7\n|\n|t:|1701209240\n|move|p1a: Swampert|Flip Turn|p2a: Corviknight\n|-damage|p2a: Corviknight|87\/100\n|-damage|p1a: Swampert|83\/100|[from] item: Rocky Helmet|[of] p2a: Corviknight\n|\n|t:|1701209242\n|switch|p1a: Not-Baxcalibur|Kyurem|100\/100|[from] Flip Turn\n|-ability|p1a: Not-Baxcalibur|Pressure\n|move|p2a: Corviknight|Defog|p1a: Not-Baxcalibur\n|-unboost|p1a: Not-Baxcalibur|evasion|1\n|-sideend|p2: PWA Wright|Stealth Rock|[from] move: Defog|[of] p2a: Corviknight\n|\n|-weather|Sandstorm|[upkeep]\n|-damage|p1a: Not-Baxcalibur|94\/100|[from] Sandstorm\n|upkeep\n|turn|8\n|\n|t:|1701209247\n|move|p1a: Not-Baxcalibur|Substitute|p1a: Not-Baxcalibur\n|-start|p1a: Not-Baxcalibur|Substitute\n|-damage|p1a: Not-Baxcalibur|70\/100\n|move|p2a: Corviknight|U-turn|p1a: Not-Baxcalibur\n|-activate|p1a: Not-Baxcalibur|move: Substitute|[damage]\n|\n|t:|1701209251\n|switch|p2a: Garchomp|Garchomp, M|100\/100|[from] U-turn\n|\n|-weather|none\n|upkeep\n|turn|9\n|\n|t:|1701209253\n|move|p2a: Garchomp|Scale Shot|p1a: Not-Baxcalibur\n|-supereffective|p1a: Not-Baxcalibur\n|-end|p1a: Not-Baxcalibur|Substitute\n|-supereffective|p1a: Not-Baxcalibur\n|-damage|p1a: Not-Baxcalibur|43\/100\n|-supereffective|p1a: Not-Baxcalibur\n|-damage|p1a: Not-Baxcalibur|20\/100\n|-supereffective|p1a: Not-Baxcalibur\n|-damage|p1a: Not-Baxcalibur|0 fnt\n|faint|p1a: Not-Baxcalibur\n|-hitcount|p1: Not-Baxcalibur|4\n|-unboost|p2a: Garchomp|def|1\n|-boost|p2a: Garchomp|spe|1\n|\n|upkeep\n|\n|t:|1701209256\n|switch|p1a: Swampert|Swampert, M|83\/100\n|turn|10\n|\n|t:|1701209261\n|switch|p2a: Corviknight|Corviknight, M|87\/100\n|-ability|p2a: Corviknight|Pressure\n|move|p1a: Swampert|Earthquake|p2a: Corviknight\n|-immune|p2a: Corviknight\n|\n|-heal|p1a: Swampert|89\/100|[from] item: Leftovers\n|upkeep\n|turn|11\n|\n|t:|1701209264\n|move|p1a: Swampert|Stealth Rock|p2a: Corviknight\n|-sidestart|p2: PWA Wright|move: Stealth Rock\n|move|p2a: Corviknight|Body Press|p1a: Swampert\n|-crit|p1a: Swampert\n|-damage|p1a: Swampert|64\/100\n|\n|-heal|p1a: Swampert|70\/100|[from] item: Leftovers\n|upkeep\n|turn|12\n|\n|t:|1701209266\n|move|p1a: Swampert|Flip Turn|p2a: Corviknight\n|-damage|p2a: Corviknight|74\/100\n|-damage|p1a: Swampert|54\/100|[from] item: Rocky Helmet|[of] p2a: Corviknight\n|\n|t:|1701209267\n|switch|p1a: Ceruledge|Ceruledge, F, shiny|100\/100|[from] Flip Turn\n|move|p2a: Corviknight|Defog|p1a: Ceruledge\n|-unboost|p1a: Ceruledge|evasion|1\n|-sideend|p2: PWA Wright|Stealth Rock|[from] move: Defog|[of] p2a: Corviknight\n|\n|upkeep\n|turn|13\n|\n|t:|1701209273\n|move|p1a: Ceruledge|Poltergeist|p2a: Corviknight\n|-activate|p2a: Corviknight|move: Poltergeist|Rocky Helmet\n|-damage|p2a: Corviknight|38\/100\n|move|p2a: Corviknight|U-turn|p1a: Ceruledge\n|-resisted|p1a: Ceruledge\n|-damage|p1a: Ceruledge|95\/100\n|-ability|p1a: Ceruledge|Weak Armor|boost\n|-unboost|p1a: Ceruledge|def|1\n|-boost|p1a: Ceruledge|spe|2\n|\n|t:|1701209279\n|switch|p2a: Dondozo|Dondozo, M|100\/100|[from] U-turn\n|\n|upkeep\n|turn|14\n|\n|t:|1701209286\n|switch|p1a: Lilligant|Lilligant-Hisui, F|100\/100\n|move|p2a: Dondozo|Curse|p2a: Dondozo\n|-unboost|p2a: Dondozo|spe|1\n|-boost|p2a: Dondozo|atk|1\n|-boost|p2a: Dondozo|def|1\n|\n|upkeep\n|turn|15\n|\n|t:|1701209296\n|move|p1a: Lilligant|Victory Dance|p1a: Lilligant\n|-boost|p1a: Lilligant|atk|1\n|-boost|p1a: Lilligant|def|1\n|-boost|p1a: Lilligant|spe|1\n|move|p2a: Dondozo|Body Press|p1a: Lilligant\n|-damage|p1a: Lilligant|35\/100\n|\n|upkeep\n|turn|16\n|\n|t:|1701209303\n|move|p1a: Lilligant|Sleep Powder|p2a: Dondozo\n|-status|p2a: Dondozo|slp|[from] move: Sleep Powder\n|cant|p2a: Dondozo|slp\n|\n|upkeep\n|turn|17\n|\n|t:|1701209307\n|switch|p1a: Togekiss|Togekiss, F|94\/100\n|cant|p2a: Dondozo|slp\n|\n|upkeep\n|turn|18\n|\n|t:|1701209312\n|switch|p2a: Tyranitar|Tyranitar, F|96\/100\n|-weather|Sandstorm|[from] ability: Sand Stream|[of] p2a: Tyranitar\n|move|p1a: Togekiss|Air Slash|p2a: Tyranitar\n|-resisted|p2a: Tyranitar\n|-damage|p2a: Tyranitar|91\/100\n|\n|-weather|Sandstorm|[upkeep]\n|-damage|p1a: Togekiss|88\/100|[from] Sandstorm\n|upkeep\n|turn|19\n|\n|t:|1701209318\n|move|p1a: Togekiss|Air Slash|p2a: Tyranitar\n|-resisted|p2a: Tyranitar\n|-damage|p2a: Tyranitar|86\/100\n|cant|p2a: Tyranitar|flinch\n|\n|-weather|Sandstorm|[upkeep]\n|-damage|p1a: Togekiss|82\/100|[from] Sandstorm\n|upkeep\n|turn|20\n|\n|t:|1701209321\n|switch|p1a: Swampert|Swampert, M|54\/100\n|move|p2a: Tyranitar|Stone Edge|p1a: Swampert\n|-resisted|p1a: Swampert\n|-crit|p1a: Swampert\n|-damage|p1a: Swampert|32\/100\n|\n|-weather|Sandstorm|[upkeep]\n|-heal|p1a: Swampert|38\/100|[from] item: Leftovers\n|upkeep\n|turn|21\n|l| hainiumm\n|\n|t:|1701209331\n|switch|p2a: Corviknight|Corviknight, M|38\/100\n|-ability|p2a: Corviknight|Pressure\n|move|p1a: Swampert|Flip Turn|p2a: Corviknight\n|-damage|p2a: Corviknight|24\/100\n|-damage|p1a: Swampert|21\/100|[from] item: Rocky Helmet|[of] p2a: Corviknight\n|\n|t:|1701209333\n|switch|p1a: Ceruledge|Ceruledge, F, shiny|95\/100|[from] Flip Turn\n|\n|-weather|Sandstorm|[upkeep]\n|-damage|p1a: Ceruledge|89\/100|[from] Sandstorm\n|upkeep\n|turn|22\n|\n|t:|1701209336\n|move|p1a: Ceruledge|Bitter Blade|p2a: Corviknight\n|-supereffective|p2a: Corviknight\n|-damage|p2a: Corviknight|0 fnt\n|-heal|p1a: Ceruledge|100\/100|[from] drain|[of] p2a: Corviknight\n|-damage|p1a: Ceruledge|84\/100|[from] item: Rocky Helmet|[of] p2a: Corviknight\n|faint|p2a: Corviknight\n|\n|-weather|none\n|upkeep\n|\n|t:|1701209339\n|switch|p2a: Garchomp|Garchomp, M|100\/100\n|turn|23\n|\n|t:|1701209347\n|move|p2a: Garchomp|Scale Shot|p1a: Ceruledge|[miss]\n|-miss|p2a: Garchomp|p1a: Ceruledge\n|move|p1a: Ceruledge|Poltergeist|p2a: Garchomp\n|-activate|p2a: Garchomp|move: Poltergeist|Loaded Dice\n|-damage|p2a: Garchomp|44\/100\n|\n|upkeep\n|turn|24\n|\n|t:|1701209351\n|switch|p1a: Togekiss|Togekiss, F|82\/100\n|move|p2a: Garchomp|Earthquake|p1a: Togekiss\n|-immune|p1a: Togekiss\n|\n|upkeep\n|turn|25\n|\n|t:|1701209356\n|switch|p2a: Tyranitar|Tyranitar, F|86\/100\n|-weather|Sandstorm|[from] ability: Sand Stream|[of] p2a: Tyranitar\n|move|p1a: Togekiss|Air Slash|p2a: Tyranitar\n|-resisted|p2a: Tyranitar\n|-damage|p2a: Tyranitar|81\/100\n|\n|-weather|Sandstorm|[upkeep]\n|-damage|p1a: Togekiss|76\/100|[from] Sandstorm\n|upkeep\n|turn|26\n|\n|t:|1701209358\n|-activate|p1a: Togekiss|move: Pursuit\n|move|p2a: Tyranitar|Pursuit|p1a: Togekiss|[from]Pursuit\n|-resisted|p1a: Togekiss\n|-damage|p1a: Togekiss|57\/100\n|switch|p1a: Swampert|Swampert, M|21\/100\n|\n|-weather|Sandstorm|[upkeep]\n|-heal|p1a: Swampert|27\/100|[from] item: Leftovers\n|upkeep\n|turn|27\n|\n|t:|1701209364\n|switch|p2a: Charizard|Charizard, F|100\/100\n|move|p1a: Swampert|Stealth Rock|p2a: Charizard\n|-sidestart|p2: PWA Wright|move: Stealth Rock\n|\n|-weather|Sandstorm|[upkeep]\n|-damage|p2a: Charizard|94\/100|[from] Sandstorm\n|-heal|p1a: Swampert|34\/100|[from] item: Leftovers\n|upkeep\n|turn|28\n|\n|t:|1701209375\n|move|p2a: Charizard|Weather Ball|p1a: Swampert\n|-resisted|p1a: Swampert\n|-damage|p1a: Swampert|19\/100\n|move|p1a: Swampert|Toxic|p2a: Charizard\n|-status|p2a: Charizard|tox\n|\n|-weather|Sandstorm|[upkeep]\n|-damage|p2a: Charizard|88\/100 tox|[from] Sandstorm\n|-heal|p1a: Swampert|25\/100|[from] item: Leftovers\n|-damage|p2a: Charizard|82\/100 tox|[from] psn\n|upkeep\n|turn|29\n|\n|t:|1701209386\n|detailschange|p2a: Charizard|Charizard-Mega-Y, F\n|-mega|p2a: Charizard|Charizard|Charizardite Y\n|-weather|SunnyDay|[from] ability: Drought|[of] p2a: Charizard\n|move|p2a: Charizard|Scorching Sands|p1a: Swampert\n|-damage|p1a: Swampert|0 fnt\n|faint|p1a: Swampert\n|\n|-weather|SunnyDay|[upkeep]\n|-damage|p2a: Charizard|70\/100 tox|[from] psn\n|upkeep\n|\n|t:|1701209390\n|switch|p1a: Ceruledge|Ceruledge, F, shiny|84\/100\n|turn|30\n|\n|t:|1701209394\n|move|p2a: Charizard|Scorching Sands|p1a: Ceruledge\n|-supereffective|p1a: Ceruledge\n|-damage|p1a: Ceruledge|21\/100\n|move|p1a: Ceruledge|Poltergeist|p2a: Charizard\n|-activate|p2a: Charizard|move: Poltergeist|Charizardite Y\n|-damage|p2a: Charizard|0 fnt\n|faint|p2a: Charizard\n|\n|-weather|SunnyDay|[upkeep]\n|upkeep\n|\n|t:|1701209402\n|switch|p2a: Garchomp|Garchomp, M|44\/100\n|-damage|p2a: Garchomp|38\/100|[from] Stealth Rock\n|turn|31\n|\n|t:|1701209407\n|switch|p1a: Togekiss|Togekiss, F|57\/100\n|-terastallize|p2a: Garchomp|Fire\n|move|p2a: Garchomp|Tera Blast|p1a: Togekiss|[anim] Tera Blast Fire\n|-damage|p1a: Togekiss|0 fnt\n|faint|p1a: Togekiss\n|\n|-weather|SunnyDay|[upkeep]\n|upkeep\n|\n|t:|1701209410\n|switch|p1a: Lilligant|Lilligant-Hisui, F|35\/100\n|turn|32\n|\n|t:|1701209413\n|move|p1a: Lilligant|Close Combat|p2a: Garchomp|[miss]\n|-miss|p1a: Lilligant|p2a: Garchomp\n|move|p2a: Garchomp|Scale Shot|p1a: Lilligant\n|-damage|p1a: Lilligant|16\/100\n|-damage|p1a: Lilligant|0 fnt\n|faint|p1a: Lilligant\n|-hitcount|p1: Lilligant|2\n|-unboost|p2a: Garchomp|def|1\n|-boost|p2a: Garchomp|spe|1\n|\n|-weather|SunnyDay|[upkeep]\n|upkeep\n|-message|Proxis666 forfeited.\n|\n|win|PWA Wright\n|raw|Proxis666's rating: 1660 &rarr; <strong>1645<\/strong><br \/>(-15 for losing)\n|raw|PWA Wright's rating: 1744 &rarr; <strong>1759<\/strong><br \/>(+15 for winning)\n|l|\u2606Proxis666\n","uploadtime":1701209420,"views":1,"p1id":"proxis666","p2id":"pwawright","formatid":"gen9nationaldex","rating":1645,"private":0,"password":""}