{"id":"gen9nationaldex-1994320347","p1":"Kevin513","p2":"famus123","format":"[Gen 9] National Dex","log":"|j|\u2606Kevin513\n|j|\u2606famus123\n|t:|1700430760\n|gametype|singles\n|player|p1|Kevin513|palmer|\n|player|p2|famus123|kukui|\n|teamsize|p1|6\n|teamsize|p2|6\n|gen|9\n|tier|[Gen 9] National Dex\n|rule|HP Percentage Mod: HP is shown in percentages\n|rule|Endless Battle Clause: Forcing endless battles is banned\n|rule|OHKO Clause: OHKO moves are banned\n|rule|Evasion Clause: Evasion abilities, items, and moves are banned\n|rule|Evasion Abilities Clause: Evasion abilities are banned\n|rule|Evasion Items Clause: Evasion items are banned\n|rule|Evasion Moves Clause: Evasion moves are banned\n|rule|Species Clause: Limit one of each Pok\u00e9mon\n|rule|Sleep Clause Mod: Limit one foe put to sleep\n|clearpoke\n|poke|p1|Talonflame, F|\n|poke|p1|Lapras, F|\n|poke|p1|Slurpuff, M|\n|poke|p1|Mantine, F|\n|poke|p1|Slowbro-Galar, F|\n|poke|p1|Magmortar, F|\n|poke|p2|Skeledirge, M|\n|poke|p2|Smeargle, M|\n|poke|p2|Morpeko, F|\n|poke|p2|Vileplume, M|\n|poke|p2|Magnezone|\n|poke|p2|Houndoom, M|\n|teampreview\n|\n|t:|1700430792\n|start\n|switch|p1a: Magmortar|Magmortar, F|100\/100\n|switch|p2a: Skeledirge|Skeledirge, M|100\/100\n|turn|1\n|\n|t:|1700430808\n|move|p1a: Magmortar|Overheat|p2a: Skeledirge\n|-resisted|p2a: Skeledirge\n|-damage|p2a: Skeledirge|49\/100\n|-unboost|p1a: Magmortar|spa|2\n|move|p2a: Skeledirge|Slack Off|p2a: Skeledirge\n|-heal|p2a: Skeledirge|99\/100\n|\n|upkeep\n|turn|2\n|\n|t:|1700430818\n|switch|p1a: Mantine|Mantine, F, shiny|100\/100\n|move|p2a: Skeledirge|Torch Song|p1a: Mantine\n|-resisted|p1a: Mantine\n|-damage|p1a: Mantine|92\/100\n|-boost|p2a: Skeledirge|spa|1\n|\n|-heal|p1a: Mantine|98\/100|[from] item: Leftovers\n|upkeep\n|turn|3\n|\n|t:|1700430830\n|switch|p2a: Magnezone|Magnezone|100\/100\n|move|p1a: Mantine|Tailwind|p1a: Mantine\n|-sidestart|p1: Kevin513|move: Tailwind\n|\n|-heal|p1a: Mantine|100\/100|[from] item: Leftovers\n|upkeep\n|turn|4\n|\n|t:|1700430838\n|switch|p1a: Magmortar|Magmortar, F|100\/100\n|move|p2a: Magnezone|Volt Switch|p1a: Magmortar\n|-damage|p1a: Magmortar|61\/100\n|\n|t:|1700430882\n|switch|p2a: Houndoom|Houndoom, M|100\/100|[from] Volt Switch\n|\n|upkeep\n|turn|5\n|\n|t:|1700430888\n|detailschange|p2a: Houndoom|Houndoom-Mega, M\n|-mega|p2a: Houndoom|Houndoom|Houndoominite\n|move|p1a: Magmortar|Focus Blast|p2a: Houndoom\n|-supereffective|p2a: Houndoom\n|-damage|p2a: Houndoom|0 fnt\n|faint|p2a: Houndoom\n|\n|upkeep\n|\n|t:|1700430918\n|switch|p2a: Vileplume|Vileplume, M|100\/100\n|turn|6\n|\n|t:|1700430924\n|move|p1a: Magmortar|Focus Blast|p2a: Vileplume\n|-resisted|p2a: Vileplume\n|-damage|p2a: Vileplume|58\/100\n|move|p2a: Vileplume|Sunny Day|p2a: Vileplume\n|-weather|SunnyDay\n|\n|-weather|SunnyDay|[upkeep]\n|-sideend|p1: Kevin513|move: Tailwind\n|upkeep\n|turn|7\n|\n|t:|1700430933\n|switch|p1a: Talonflame|Talonflame, F|100\/100\n|move|p2a: Vileplume|Growth|p2a: Vileplume\n|-boost|p2a: Vileplume|atk|2\n|-boost|p2a: Vileplume|spa|2\n|\n|-weather|SunnyDay|[upkeep]\n|upkeep\n|turn|8\n|\n|t:|1700430944\n|move|p2a: Vileplume|Moonblast|p1a: Talonflame\n|-resisted|p1a: Talonflame\n|-damage|p1a: Talonflame|37\/100\n|-unboost|p1a: Talonflame|spa|1\n|-damage|p2a: Vileplume|48\/100|[from] item: Life Orb\n|move|p1a: Talonflame|Flare Blitz|p2a: Vileplume\n|-supereffective|p2a: Vileplume\n|-damage|p2a: Vileplume|0 fnt\n|faint|p2a: Vileplume\n|-damage|p1a: Talonflame|21\/100|[from] Recoil\n|\n|-weather|SunnyDay|[upkeep]\n|upkeep\n|\n|t:|1700430949\n|switch|p2a: Skeledirge|Skeledirge, M|99\/100\n|turn|9\n|\n|t:|1700430963\n|move|p1a: Talonflame|Swords Dance|p1a: Talonflame\n|-boost|p1a: Talonflame|atk|2\n|move|p2a: Skeledirge|Torch Song|p1a: Talonflame\n|-resisted|p1a: Talonflame\n|-damage|p1a: Talonflame|0 fnt\n|-boost|p2a: Skeledirge|spa|1\n|faint|p1a: Talonflame\n|\n|-weather|SunnyDay|[upkeep]\n|upkeep\n|\n|t:|1700430975\n|switch|p1a: Mantine|Mantine, F, shiny|100\/100\n|turn|10\n|\n|t:|1700430979\n|move|p1a: Mantine|Tailwind|p1a: Mantine\n|-sidestart|p1: Kevin513|move: Tailwind\n|move|p2a: Skeledirge|Will-O-Wisp|p1a: Mantine\n|-immune|p1a: Mantine|[from] ability: Water Veil\n|\n|-weather|none\n|upkeep\n|turn|11\n|\n|t:|1700430986\n|move|p1a: Mantine|Scald|p2a: Skeledirge\n|-supereffective|p2a: Skeledirge\n|-damage|p2a: Skeledirge|48\/100\n|move|p2a: Skeledirge|Hex|p1a: Mantine\n|-damage|p1a: Mantine|82\/100\n|\n|-heal|p1a: Mantine|88\/100|[from] item: Leftovers\n|upkeep\n|turn|12\n|\n|t:|1700430999\n|switch|p1a: Slurpuff|Slurpuff, M, shiny|100\/100\n|switch|p2a: Magnezone|Magnezone|100\/100\n|\n|upkeep\n|turn|13\n|\n|t:|1700431006\n|move|p1a: Slurpuff|Belly Drum|p1a: Slurpuff\n|-damage|p1a: Slurpuff|50\/100\n|-setboost|p1a: Slurpuff|atk|6|[from] move: Belly Drum\n|-enditem|p1a: Slurpuff|Sitrus Berry|[eat]\n|-heal|p1a: Slurpuff|75\/100|[from] item: Sitrus Berry\n|move|p2a: Magnezone|Volt Switch|p1a: Slurpuff\n|-damage|p1a: Slurpuff|34\/100\n|\n|t:|1700431010\n|switch|p2a: Skeledirge|Skeledirge, M|48\/100|[from] Volt Switch\n|\n|-sideend|p1: Kevin513|move: Tailwind\n|upkeep\n|turn|14\n|\n|t:|1700431022\n|move|p1a: Slurpuff|Play Rough|p2a: Skeledirge\n|-resisted|p2a: Skeledirge\n|-damage|p2a: Skeledirge|39\/100\n|move|p2a: Skeledirge|Slack Off|p2a: Skeledirge\n|-heal|p2a: Skeledirge|89\/100\n|\n|upkeep\n|turn|15\n|\n|t:|1700431047\n|switch|p1a: Mantine|Mantine, F, shiny|88\/100\n|move|p2a: Skeledirge|Hex|p1a: Mantine\n|-damage|p1a: Mantine|76\/100\n|\n|-heal|p1a: Mantine|83\/100|[from] item: Leftovers\n|upkeep\n|turn|16\n|\n|t:|1700431054\n|switch|p2a: Magnezone|Magnezone|100\/100\n|move|p1a: Mantine|Scald|p2a: Magnezone\n|-damage|p2a: Magnezone|70\/100\n|\n|-heal|p1a: Mantine|89\/100|[from] item: Leftovers\n|upkeep\n|turn|17\n|\n|t:|1700431070\n|move|p2a: Magnezone|Volt Switch|p1a: Mantine\n|-supereffective|p1a: Mantine\n|-damage|p1a: Mantine|12\/100\n|\n|t:|1700431073\n|switch|p2a: Morpeko|Morpeko, F|100\/100|[from] Volt Switch\n|move|p1a: Mantine|Scald|p2a: Morpeko\n|-damage|p2a: Morpeko|56\/100\n|\n|-heal|p1a: Mantine|18\/100|[from] item: Leftovers\n|-formechange|p2a: Morpeko|Morpeko-Hangry||[from] ability: Hunger Switch\n|upkeep\n|turn|18\n|\n|t:|1700431082\n|move|p2a: Morpeko|Aura Wheel|p1a: Mantine\n|-damage|p1a: Mantine|0 fnt\n|-boost|p2a: Morpeko|spe|1\n|faint|p1a: Mantine\n|\n|-formechange|p2a: Morpeko|Morpeko||[from] ability: Hunger Switch\n|upkeep\n|\n|t:|1700431108\n|switch|p1a: Slurpuff|Slurpuff, M, shiny|34\/100\n|turn|19\n|\n|t:|1700431127\n|move|p2a: Morpeko|Aura Wheel|p1a: Slurpuff\n|-damage|p1a: Slurpuff|0 fnt\n|-boost|p2a: Morpeko|spe|1\n|faint|p1a: Slurpuff\n|\n|-formechange|p2a: Morpeko|Morpeko-Hangry||[from] ability: Hunger Switch\n|upkeep\n|\n|t:|1700431140\n|switch|p1a: Magmortar|Magmortar, F|61\/100\n|turn|20\n|\n|t:|1700431148\n|-terastallize|p1a: Magmortar|Ground\n|move|p2a: Morpeko|Aura Wheel|p1a: Magmortar\n|-damage|p1a: Magmortar|0 fnt\n|-boost|p2a: Morpeko|spe|1\n|faint|p1a: Magmortar\n|\n|-formechange|p2a: Morpeko|Morpeko||[from] ability: Hunger Switch\n|upkeep\n|\n|t:|1700431157\n|switch|p1a: Lapras|Lapras, F, shiny|100\/100\n|turn|21\n|\n|t:|1700431182\n|move|p2a: Morpeko|Aura Wheel|p1a: Lapras\n|-supereffective|p1a: Lapras\n|-damage|p1a: Lapras|39\/100\n|-boost|p2a: Morpeko|spe|1\n|move|p1a: Lapras|Toxic|p2a: Morpeko\n|-status|p2a: Morpeko|tox\n|\n|-heal|p1a: Lapras|46\/100|[from] item: Leftovers\n|-damage|p2a: Morpeko|50\/100 tox|[from] psn\n|-formechange|p2a: Morpeko|Morpeko-Hangry||[from] ability: Hunger Switch\n|upkeep\n|turn|22\n|\n|t:|1700431196\n|move|p1a: Lapras|Protect|p1a: Lapras\n|-singleturn|p1a: Lapras|Protect\n|move|p2a: Morpeko|Aura Wheel|p1a: Lapras\n|-activate|p1a: Lapras|move: Protect\n|\n|-heal|p1a: Lapras|52\/100|[from] item: Leftovers\n|-damage|p2a: Morpeko|37\/100 tox|[from] psn\n|-formechange|p2a: Morpeko|Morpeko||[from] ability: Hunger Switch\n|upkeep\n|turn|23\n|\n|t:|1700431206\n|move|p2a: Morpeko|Aura Wheel|p1a: Lapras\n|-supereffective|p1a: Lapras\n|-damage|p1a: Lapras|0 fnt\n|-boost|p2a: Morpeko|spe|1\n|faint|p1a: Lapras\n|\n|-damage|p2a: Morpeko|19\/100 tox|[from] psn\n|-formechange|p2a: Morpeko|Morpeko-Hangry||[from] ability: Hunger Switch\n|upkeep\n|\n|t:|1700431215\n|switch|p1a: Slowbro|Slowbro-Galar, F|100\/100\n|turn|24\n|\n|t:|1700431259\n|move|p2a: Morpeko|Aura Wheel|p1a: Slowbro\n|-supereffective|p1a: Slowbro\n|-damage|p1a: Slowbro|23\/100\n|-boost|p2a: Morpeko|spe|1\n|move|p1a: Slowbro|Power Gem|p2a: Morpeko\n|-damage|p2a: Morpeko|0 fnt\n|faint|p2a: Morpeko\n|\n|-heal|p1a: Slowbro|29\/100|[from] item: Black Sludge\n|upkeep\n|\n|t:|1700431265\n|switch|p2a: Magnezone|Magnezone|70\/100\n|turn|25\n|\n|t:|1700431272\n|move|p2a: Magnezone|Thunderbolt|p1a: Slowbro\n|-damage|p1a: Slowbro|0 fnt\n|faint|p1a: Slowbro\n|\n|win|famus123\n|c|\u2606Kevin513|gg\n|c|\u2606famus123|gg\n","uploadtime":1700431282,"views":11,"p1id":"kevin513","p2id":"famus123","formatid":"gen9nationaldex","rating":0,"private":0,"password":""}