{"id":"gen9nationaldex-1994486535","p1":"Redgoop115","p2":"UnzipsCrogre","format":"[Gen 9] National Dex","log":"|j|\u2606Redgoop115\n|j|\u2606UnzipsCrogre\n|t:|1700449573\n|gametype|singles\n|player|p1|Redgoop115|boarder-gen2|\n|player|p2|UnzipsCrogre|266|\n|teamsize|p1|6\n|teamsize|p2|6\n|gen|9\n|tier|[Gen 9] National Dex\n|rule|HP Percentage Mod: HP is shown in percentages\n|rule|Endless Battle Clause: Forcing endless battles is banned\n|rule|OHKO Clause: OHKO moves are banned\n|rule|Evasion Clause: Evasion abilities, items, and moves are banned\n|rule|Evasion Abilities Clause: Evasion abilities are banned\n|rule|Evasion Items Clause: Evasion items are banned\n|rule|Evasion Moves Clause: Evasion moves are banned\n|rule|Species Clause: Limit one of each Pok\u00e9mon\n|rule|Sleep Clause Mod: Limit one foe put to sleep\n|clearpoke\n|poke|p1|Tapu Lele|\n|poke|p1|Sneasler, M|\n|poke|p1|Dragonite, F|\n|poke|p1|Gliscor, M|\n|poke|p1|Slowking-Galar, M|\n|poke|p1|Kartana|\n|poke|p2|Glimmora, M|\n|poke|p2|Iron Valiant|\n|poke|p2|Blaziken, F|\n|poke|p2|Durant, F|\n|poke|p2|Jynx, F|\n|poke|p2|Zapdos-Galar|\n|teampreview\n|inactive|Battle timer is ON: inactive players will automatically lose when time's up. (requested by Redgoop115)\n|c|\u2606Redgoop115|hf\n|j| NDUU9SCRN Lost\n|inactive|Redgoop115 has 270 seconds left.\n|j| RunicPower419\n|j| sealoo\n|\n|t:|1700449631\n|start\n|switch|p1a: Gliscor|Gliscor, M|100\/100\n|switch|p2a: Big Tonka|Glimmora, M|100\/100\n|turn|1\n|c| NDUU9SCRN Lost|Yo redgoop\n|c| NDUU9SCRN Lost|need u to lose\n|c| NDUU9SCRN Lost|thnx\n|l| NDUU9SCRN Lost\n|c|\u2606Redgoop115|he need his parlay to hit\n|\n|t:|1700449658\n|move|p2a: Big Tonka|Stealth Rock|p1a: Gliscor\n|-sidestart|p1: Redgoop115|move: Stealth Rock\n|move|p1a: Gliscor|Earthquake|p2a: Big Tonka\n|-supereffective|p2a: Big Tonka\n|-enditem|p2a: Big Tonka|Focus Sash\n|-damage|p2a: Big Tonka|1\/100\n|-activate|p2a: Big Tonka|ability: Toxic Debris\n|-sidestart|p1: Redgoop115|move: Toxic Spikes\n|\n|-status|p1a: Gliscor|tox|[from] item: Toxic Orb\n|upkeep\n|turn|2\n|\n|t:|1700449664\n|move|p2a: Big Tonka|Power Gem|p1a: Gliscor\n|-damage|p1a: Gliscor|60\/100 tox\n|move|p1a: Gliscor|Stealth Rock|p2a: Big Tonka\n|-sidestart|p2: UnzipsCrogre|move: Stealth Rock\n|\n|-heal|p1a: Gliscor|72\/100 tox|[from] ability: Poison Heal\n|upkeep\n|turn|3\n|\n|t:|1700449672\n|move|p2a: Big Tonka|Power Gem|p1a: Gliscor\n|-damage|p1a: Gliscor|31\/100 tox\n|move|p1a: Gliscor|Earthquake|p2a: Big Tonka\n|-supereffective|p2a: Big Tonka\n|-damage|p2a: Big Tonka|0 fnt\n|-activate|p2a: Big Tonka|ability: Toxic Debris\n|-sidestart|p1: Redgoop115|move: Toxic Spikes\n|faint|p2a: Big Tonka\n|\n|-heal|p1a: Gliscor|43\/100 tox|[from] ability: Poison Heal\n|upkeep\n|j| hidin\n|c| sealoo|I have 5 units on redgoop ml\n|\n|t:|1700449690\n|switch|p2a: CARDI|Jynx, F|100\/100\n|-damage|p2a: CARDI|76\/100|[from] Stealth Rock\n|turn|4\n|j| big pichu\n|j| NDUU9SCRN Lost\n|\n|t:|1700449715\n|switch|p1a: Slowking|Slowking-Galar, M|100\/100\n|-sideend|p1: Redgoop115|move: Toxic Spikes|[of] p1a: Slowking\n|move|p2a: CARDI|Psyshock|p1a: Slowking\n|-damage|p1a: Slowking|65\/100\n|\n|upkeep\n|turn|5\n|\n|t:|1700449723\n|-zpower|p2a: CARDI\n|move|p2a: CARDI|Z-Lovely Kiss|p1a: Slowking|[anim]Lovely Kiss\n|-boost|p2a: CARDI|spe|1|[zeffect]\n|-status|p1a: Slowking|slp|[from] move: Lovely Kiss\n|cant|p1a: Slowking|slp\n|\n|upkeep\n|turn|6\n|\n|t:|1700449734\n|switch|p1a: Kartana|Kartana|100\/100\n|-damage|p1a: Kartana|94\/100|[from] Stealth Rock\n|move|p2a: CARDI|Nasty Plot|p2a: CARDI\n|-boost|p2a: CARDI|spa|2\n|\n|upkeep\n|turn|7\n|c| NDUU9SCRN Lost|Yooooo\n|\n|t:|1700449739\n|move|p1a: Kartana|Knock Off|p2a: CARDI\n|-supereffective|p2a: CARDI\n|-damage|p2a: CARDI|0 fnt\n|faint|p2a: CARDI\n|-ability|p1a: Kartana|Beast Boost|boost\n|-boost|p1a: Kartana|atk|1\n|\n|upkeep\n|c| NDUU9SCRN Lost|tjis Mon is some dogshit\n|l| NDUU9SCRN Lost\n|inactive|UnzipsCrogre has 270 seconds left.\n|\n|t:|1700449770\n|switch|p2a: Chisken|Blaziken, F|100\/100\n|-damage|p2a: Chisken|88\/100|[from] Stealth Rock\n|turn|8\n|j| NDUU9SCRN Lost\n|inactive|UnzipsCrogre has 270 seconds left.\n|l| NDUU9SCRN Lost\n|inactive|Redgoop115 has 270 seconds left.\n|\n|t:|1700449827\n|move|p1a: Kartana|Knock Off|p2a: Chisken\n|-resisted|p2a: Chisken\n|-damage|p2a: Chisken|43\/100\n|-enditem|p2a: Chisken|Lansat Berry|[from] move: Knock Off|[of] p1a: Kartana\n|move|p2a: Chisken|Blaze Kick|p1a: Kartana\n|-supereffective|p1a: Kartana\n|-damage|p1a: Kartana|0 fnt\n|faint|p1a: Kartana\n|\n|-ability|p2a: Chisken|Speed Boost|boost\n|-boost|p2a: Chisken|spe|1\n|upkeep\n|\n|t:|1700449836\n|switch|p1a: Dragonite|Dragonite, F|100\/100\n|turn|9\n|inactive|Redgoop115 has 240 seconds left.\n|\n|t:|1700449855\n|move|p2a: Chisken|Stone Edge|p1a: Dragonite\n|-supereffective|p1a: Dragonite\n|-damage|p1a: Dragonite|36\/100\n|move|p1a: Dragonite|Dragon Dance|p1a: Dragonite\n|-boost|p1a: Dragonite|atk|1\n|-boost|p1a: Dragonite|spe|1\n|\n|-ability|p2a: Chisken|Speed Boost|boost\n|-boost|p2a: Chisken|spe|1\n|upkeep\n|turn|10\n|inactive|Redgoop115 has 240 seconds left.\n|c| sealoo|Holder gains the Focus Energy effect when at 1\/4 max HP or less. Single use.\n|inactive|UnzipsCrogre has 270 seconds left.\n|inactive|Redgoop115 has 210 seconds left.\n|j| setset77\n|\n|t:|1700449921\n|-terastallize|p1a: Dragonite|Poison\n|move|p2a: Chisken|Substitute|p2a: Chisken\n|-start|p2a: Chisken|Substitute\n|-damage|p2a: Chisken|18\/100\n|move|p1a: Dragonite|Roost|p1a: Dragonite\n|-heal|p1a: Dragonite|86\/100\n|\n|-ability|p2a: Chisken|Speed Boost|boost\n|-boost|p2a: Chisken|spe|1\n|upkeep\n|turn|11\n|j| eroticbarber\n|inactive|UnzipsCrogre has 270 seconds left.\n|\n|t:|1700449932\n|move|p2a: Chisken|Blaze Kick|p1a: Dragonite\n|-damage|p1a: Dragonite|43\/100\n|move|p1a: Dragonite|Earthquake|p2a: Chisken\n|-supereffective|p2a: Chisken\n|-end|p2a: Chisken|Substitute\n|\n|-ability|p2a: Chisken|Speed Boost|boost\n|-boost|p2a: Chisken|spe|1\n|upkeep\n|turn|12\n|inactive|UnzipsCrogre has 270 seconds left.\n|c| eroticbarber|CARDIIIIIIIII\n|\n|t:|1700449941\n|move|p2a: Chisken|Blaze Kick|p1a: Dragonite\n|-damage|p1a: Dragonite|0 fnt\n|faint|p1a: Dragonite\n|\n|-ability|p2a: Chisken|Speed Boost|boost\n|-boost|p2a: Chisken|spe|1\n|upkeep\n|\n|t:|1700449954\n|switch|p1a: Tapu Lele|Tapu Lele|100\/100\n|-damage|p1a: Tapu Lele|88\/100|[from] Stealth Rock\n|-fieldstart|move: Psychic Terrain|[from] ability: Psychic Surge|[of] p1a: Tapu Lele\n|turn|13\n|\n|t:|1700449959\n|move|p2a: Chisken|Blaze Kick|p1a: Tapu Lele\n|-damage|p1a: Tapu Lele|12\/100\n|move|p1a: Tapu Lele|Psyshock|p2a: Chisken\n|-supereffective|p2a: Chisken\n|-damage|p2a: Chisken|0 fnt\n|faint|p2a: Chisken\n|\n|upkeep\n|inactive|UnzipsCrogre has 270 seconds left.\n|\n|t:|1700449985\n|switch|p2a: WUNNA|Zapdos-Galar|100\/100\n|-damage|p2a: WUNNA|88\/100|[from] Stealth Rock\n|turn|14\n|\n|t:|1700449995\n|move|p2a: WUNNA|Brave Bird|p1a: Tapu Lele\n|-damage|p1a: Tapu Lele|0 fnt\n|faint|p1a: Tapu Lele\n|-damage|p2a: WUNNA|85\/100|[from] Recoil\n|\n|upkeep\n|inactive|Redgoop115 has 210 seconds left.\n|inactive|Redgoop115 has 180 seconds left.\n|j| Cr0ssHeart\n|\n|t:|1700450067\n|switch|p1a: Slowking|Slowking-Galar, M|98\/100 slp\n|turn|15\n|\n|t:|1700450075\n|move|p2a: WUNNA|Brave Bird|p1a: Slowking\n|-damage|p1a: Slowking|42\/100 slp\n|-damage|p2a: WUNNA|62\/100|[from] Recoil\n|-curestatus|p1a: Slowking|slp|[msg]\n|move|p1a: Slowking|Thunder Wave|p2a: WUNNA\n|-status|p2a: WUNNA|par\n|\n|upkeep\n|turn|16\n|inactive|Redgoop115 has 150 seconds left.\n|\n|t:|1700450101\n|cant|p2a: WUNNA|par\n|move|p1a: Slowking|Future Sight|p2a: WUNNA\n|-start|p1a: Slowking|move: Future Sight\n|\n|upkeep\n|turn|17\n|\n|t:|1700450104\n|cant|p2a: WUNNA|par\n|move|p1a: Slowking|Chilly Reception|p1a: Slowking\n|-weather|Snow\n|\n|t:|1700450107\n|switch|p1a: Sneasler|Sneasler, M|100\/100|[from] Chilly Reception\n|-damage|p1a: Sneasler|95\/100|[from] Stealth Rock\n|-enditem|p1a: Sneasler|Psychic Seed\n|-boost|p1a: Sneasler|spd|1|[from] item: Psychic Seed\n|\n|-weather|Snow|[upkeep]\n|-fieldend|move: Psychic Terrain\n|upkeep\n|turn|18\n|\n|t:|1700450113\n|move|p1a: Sneasler|Acrobatics|p2a: WUNNA\n|-supereffective|p2a: WUNNA\n|-damage|p2a: WUNNA|0 fnt\n|faint|p2a: WUNNA\n|\n|-weather|Snow|[upkeep]\n|-hint|Future Sight did not hit because the target is fainted.\n|upkeep\n|\n|t:|1700450127\n|switch|p2a: Iron Valiant|Iron Valiant|100\/100\n|-damage|p2a: Iron Valiant|94\/100|[from] Stealth Rock\n|-enditem|p2a: Iron Valiant|Booster Energy\n|-activate|p2a: Iron Valiant|ability: Quark Drive|[fromitem]\n|-start|p2a: Iron Valiant|quarkdrivespe\n|turn|19\n|inactive|Redgoop115 has 150 seconds left.\n|\n|t:|1700450161\n|-terastallize|p2a: Iron Valiant|Steel\n|move|p1a: Sneasler|Gunk Shot|p2a: Iron Valiant\n|-immune|p2a: Iron Valiant\n|move|p2a: Iron Valiant|Moonblast|p1a: Sneasler\n|-damage|p1a: Sneasler|52\/100\n|-unboost|p1a: Sneasler|spa|1\n|\n|-weather|Snow|[upkeep]\n|upkeep\n|turn|20\n|\n|t:|1700450171\n|move|p1a: Sneasler|Close Combat|p2a: Iron Valiant\n|-supereffective|p2a: Iron Valiant\n|-damage|p2a: Iron Valiant|0 fnt\n|-unboost|p1a: Sneasler|def|1\n|-unboost|p1a: Sneasler|spd|1\n|faint|p2a: Iron Valiant\n|-end|p2a: Iron Valiant|Quark Drive|[silent]\n|\n|-weather|Snow|[upkeep]\n|upkeep\n|\n|t:|1700450175\n|switch|p2a: Kevin Durant|Durant, F|100\/100\n|-damage|p2a: Kevin Durant|88\/100|[from] Stealth Rock\n|turn|21\n|\n|t:|1700450181\n|move|p1a: Sneasler|Close Combat|p2a: Kevin Durant\n|-damage|p2a: Kevin Durant|0 fnt\n|-unboost|p1a: Sneasler|def|1\n|-unboost|p1a: Sneasler|spd|1\n|faint|p2a: Kevin Durant\n|\n|win|Redgoop115\n|c|\u2606Redgoop115|gg\n|c|\u2606UnzipsCrogre|GG\n|l| setset77\n|l| sealoo\n|l|\u2606UnzipsCrogre\n|l| hidin\n|l|\u2606Redgoop115\n|j|\u2606UnzipsCrogre\n|player|p2|UnzipsCrogre|266\n|j|\u2606Redgoop115\n|player|p1|Redgoop115|boarder-gen2\n|l|\u2606UnzipsCrogre\n|player|p2|\n|l| RunicPower419\n|j| RunicPower419\n|l| Cr0ssHeart\n|l| RunicPower419\n|j|\u2606UnzipsCrogre\n|player|p2|UnzipsCrogre|266\n|l|\u2606UnzipsCrogre\n|player|p2|\n|j|\u2606UnzipsCrogre\n|player|p2|UnzipsCrogre|266\n","uploadtime":1700450206,"views":102,"p1id":"redgoop115","p2id":"unzipscrogre","formatid":"gen9nationaldex","rating":0,"private":0,"password":""}