{"id":"gen9nationaldex-1997814974","p1":"The power of ROCK","p2":"qwertyxcvbnm","format":"[Gen 9] National Dex","log":"|html|<div class=\"broadcast-blue\"><strong>[Gen 9] National Dex is currently suspecting Sneasler! For information on how to participate check out the <a href=\"https:\/\/www.smogon.com\/forums\/threads\/sv-national-dex-suspect-8-just-dance.3731534\/\">suspect thread<\/a>.<\/strong><\/div>\n|j|\u2606The power of ROCK\n|j|\u2606qwertyxcvbnm\n|t:|1700855647\n|gametype|singles\n|player|p1|The power of ROCK|roark|\n|player|p2|qwertyxcvbnm|ghetsis|\n|teamsize|p1|6\n|teamsize|p2|6\n|gen|9\n|tier|[Gen 9] National Dex\n|rule|HP Percentage Mod: HP is shown in percentages\n|rule|Endless Battle Clause: Forcing endless battles is banned\n|rule|OHKO Clause: OHKO moves are banned\n|rule|Evasion Clause: Evasion abilities, items, and moves are banned\n|rule|Evasion Abilities Clause: Evasion abilities are banned\n|rule|Evasion Items Clause: Evasion items are banned\n|rule|Evasion Moves Clause: Evasion moves are banned\n|rule|Species Clause: Limit one of each Pok\u00e9mon\n|rule|Sleep Clause Mod: Limit one foe put to sleep\n|clearpoke\n|poke|p1|Tyranitar, F|\n|poke|p1|Garganacl, M|\n|poke|p1|Aggron, M|\n|poke|p1|Glimmora, M|\n|poke|p1|Stakataka|\n|poke|p1|Rampardos, F|\n|poke|p2|Garchomp, F|\n|poke|p2|Greninja-*, M|\n|poke|p2|Iron Valiant|\n|poke|p2|Gyarados, M|\n|poke|p2|Ogerpon-Wellspring, F|\n|poke|p2|Great Tusk|\n|teampreview\n|c|\u2606The power of ROCK|Welcome to the ROCK gym\n|c|\u2606qwertyxcvbnm|...\n|c|\u2606qwertyxcvbnm|...\n|\n|t:|1700855666\n|start\n|switch|p1a: Aggron|Aggron, M|100\/100\n|switch|p2a: Garchomp|Garchomp, F, shiny|100\/100\n|turn|1\n|c|\u2606qwertyxcvbnm|HYA\n|c|\u2606The power of ROCK|lol xD\n|\n|t:|1700855677\n|detailschange|p1a: Aggron|Aggron-Mega, M\n|-mega|p1a: Aggron|Aggron|Aggronite\n|move|p2a: Garchomp|Earthquake|p1a: Aggron\n|-supereffective|p1a: Aggron\n|-damage|p1a: Aggron|77\/100\n|move|p1a: Aggron|Iron Defense|p1a: Aggron\n|-boost|p1a: Aggron|def|2\n|\n|upkeep\n|turn|2\n|\n|t:|1700855686\n|move|p2a: Garchomp|Flamethrower|p1a: Aggron\n|-supereffective|p1a: Aggron\n|-damage|p1a: Aggron|48\/100\n|move|p1a: Aggron|Body Press|p2a: Garchomp\n|-damage|p2a: Garchomp|25\/100\n|-damage|p1a: Aggron|36\/100|[from] ability: Rough Skin|[of] p2a: Garchomp\n|\n|upkeep\n|turn|3\n|\n|t:|1700855695\n|move|p2a: Garchomp|Flamethrower|p1a: Aggron\n|-supereffective|p1a: Aggron\n|-damage|p1a: Aggron|6\/100\n|move|p1a: Aggron|Rest|p1a: Aggron\n|-status|p1a: Aggron|slp|[from] move: Rest\n|-heal|p1a: Aggron|100\/100 slp|[silent]\n|\n|upkeep\n|turn|4\n|c|\u2606The power of ROCK|woah you had fire xD\n|c|\u2606The power of ROCK|u really are a dragon\n|\n|t:|1700855705\n|move|p2a: Garchomp|Flamethrower|p1a: Aggron\n|-supereffective|p1a: Aggron\n|-crit|p1a: Aggron\n|-damage|p1a: Aggron|53\/100 slp\n|cant|p1a: Aggron|slp\n|move|p1a: Aggron|Sleep Talk|p1a: Aggron\n|move|p1a: Aggron|Iron Defense|p1a: Aggron|[from]move: Sleep Talk\n|-boost|p1a: Aggron|def|2\n|\n|upkeep\n|turn|5\n|c|\u2606qwertyxcvbnm|...\n|\n|t:|1700855719\n|switch|p1a: Glimmora|Glimmora, M|100\/100\n|move|p2a: Garchomp|Flamethrower|p1a: Glimmora\n|-resisted|p1a: Glimmora\n|-damage|p1a: Glimmora|89\/100\n|-status|p1a: Glimmora|brn\n|\n|-damage|p1a: Glimmora|83\/100 brn|[from] brn\n|upkeep\n|turn|6\n|c|\u2606qwertyxcvbnm|...\n|c|\u2606qwertyxcvbnm|...\n|\n|t:|1700855730\n|move|p1a: Glimmora|Earth Power|p2a: Garchomp\n|-damage|p2a: Garchomp|0 fnt\n|faint|p2a: Garchomp\n|\n|-damage|p1a: Glimmora|77\/100 brn|[from] brn\n|upkeep\n|\n|t:|1700855739\n|switch|p2a: Gyarados|Gyarados, M, shiny|100\/100\n|turn|7\n|\n|t:|1700855747\n|switch|p1a: Aggron|Aggron-Mega, M|53\/100 slp\n|detailschange|p2a: Gyarados|Gyarados-Mega, M, shiny\n|-mega|p2a: Gyarados|Gyarados|Gyaradosite\n|-ability|p2a: Gyarados|Mold Breaker\n|move|p2a: Gyarados|Scald|p1a: Aggron\n|-damage|p1a: Aggron|21\/100 slp\n|\n|upkeep\n|turn|8\n|c|\u2606qwertyxcvbnm|GO MEGA\n|c|\u2606The power of ROCK|oh noooooooooooooooooooo\n|\n|t:|1700855758\n|switch|p1a: Tyranitar|Tyranitar, F|100\/100\n|-weather|Sandstorm|[from] ability: Sand Stream|[of] p1a: Tyranitar\n|move|p2a: Gyarados|Scald|p1a: Tyranitar\n|-supereffective|p1a: Tyranitar\n|-damage|p1a: Tyranitar|85\/100\n|-status|p1a: Tyranitar|brn\n|\n|-weather|Sandstorm|[upkeep]\n|-damage|p2a: Gyarados|94\/100|[from] Sandstorm\n|-damage|p1a: Tyranitar|79\/100 brn|[from] brn\n|upkeep\n|turn|9\n|c|\u2606The power of ROCK|AAAAAAAAAAAAAH\n|\n|t:|1700855770\n|switch|p1a: Garganacl|Garganacl, M|100\/100\n|move|p2a: Gyarados|Scald|p1a: Garganacl\n|-supereffective|p1a: Garganacl\n|-damage|p1a: Garganacl|78\/100\n|-enditem|p1a: Garganacl|Maranga Berry|[eat]\n|-boost|p1a: Garganacl|spd|1|[from] item: Maranga Berry\n|\n|-weather|Sandstorm|[upkeep]\n|-damage|p2a: Gyarados|88\/100|[from] Sandstorm\n|upkeep\n|turn|10\n|inactive|Battle timer is ON: inactive players will automatically lose when time's up. (requested by qwertyxcvbnm)\n|\n|t:|1700855780\n|-terastallize|p1a: Garganacl|Ghost\n|move|p2a: Gyarados|Scald|p1a: Garganacl\n|-damage|p1a: Garganacl|66\/100\n|move|p1a: Garganacl|Iron Defense|p1a: Garganacl\n|-boost|p1a: Garganacl|def|2\n|\n|-weather|Sandstorm|[upkeep]\n|-damage|p2a: Gyarados|82\/100|[from] Sandstorm\n|-damage|p1a: Garganacl|59\/100|[from] Sandstorm\n|upkeep\n|turn|11\n|c|\u2606qwertyxcvbnm|is that aloud?\n|c|\u2606qwertyxcvbnm|ya know...\n|c|\u2606The power of ROCK|ye\n|inactive|qwertyxcvbnm has 270 seconds left.\n|c|\u2606The power of ROCK|in gen 10 gyms\n|c|\u2606The power of ROCK|its ok to tera xD\n|\n|t:|1700855817\n|move|p2a: Gyarados|Scald|p1a: Garganacl\n|-damage|p1a: Garganacl|47\/100\n|move|p1a: Garganacl|Recover|p1a: Garganacl\n|-heal|p1a: Garganacl|97\/100\n|\n|-weather|Sandstorm|[upkeep]\n|-damage|p2a: Gyarados|76\/100|[from] Sandstorm\n|-damage|p1a: Garganacl|91\/100|[from] Sandstorm\n|upkeep\n|turn|12\n|inactive|qwertyxcvbnm has 270 seconds left.\n|c|\u2606qwertyxcvbnm|ok fair point\n|\n|t:|1700855830\n|switch|p2a: Greninja|Greninja, M|100\/100\n|move|p1a: Garganacl|Iron Defense|p1a: Garganacl\n|-boost|p1a: Garganacl|def|2\n|\n|-weather|none\n|upkeep\n|turn|13\n|inactive|qwertyxcvbnm has 270 seconds left.\n|\n|t:|1700855840\n|move|p2a: Greninja|Dark Pulse|p1a: Garganacl\n|-supereffective|p1a: Garganacl\n|-damage|p1a: Garganacl|58\/100\n|-damage|p2a: Greninja|91\/100|[from] item: Life Orb\n|move|p1a: Garganacl|Body Press|p2a: Greninja\n|-supereffective|p2a: Greninja\n|-damage|p2a: Greninja|0 fnt\n|faint|p2a: Greninja\n|\n|upkeep\n|inactive|qwertyxcvbnm has 270 seconds left.\n|\n|t:|1700855849\n|switch|p2a: Iron Valiant|Iron Valiant, shiny|100\/100\n|-enditem|p2a: Iron Valiant|Booster Energy\n|-activate|p2a: Iron Valiant|ability: Quark Drive|[fromitem]\n|-start|p2a: Iron Valiant|quarkdriveatk\n|turn|14\n|inactive|qwertyxcvbnm has 270 seconds left.\n|\n|t:|1700855860\n|move|p2a: Iron Valiant|Destiny Bond|p2a: Iron Valiant\n|-singlemove|p2a: Iron Valiant|Destiny Bond\n|move|p1a: Garganacl|Recover|p1a: Garganacl\n|-heal|p1a: Garganacl|100\/100\n|\n|upkeep\n|turn|15\n|\n|t:|1700855866\n|move|p2a: Iron Valiant|Dazzling Gleam|p1a: Garganacl\n|-damage|p1a: Garganacl|85\/100\n|move|p1a: Garganacl|Salt Cure|p2a: Iron Valiant\n|-resisted|p2a: Iron Valiant\n|-damage|p2a: Iron Valiant|93\/100\n|-start|p2a: Iron Valiant|Salt Cure\n|\n|-damage|p2a: Iron Valiant|81\/100|[from] Salt Cure\n|upkeep\n|turn|16\n|\n|t:|1700855875\n|move|p2a: Iron Valiant|Ice Punch|p1a: Garganacl\n|-damage|p1a: Garganacl|78\/100\n|move|p1a: Garganacl|Body Press|p2a: Iron Valiant\n|-resisted|p2a: Iron Valiant\n|-damage|p2a: Iron Valiant|48\/100\n|\n|-damage|p2a: Iron Valiant|35\/100|[from] Salt Cure\n|upkeep\n|turn|17\n|\n|t:|1700855883\n|move|p2a: Iron Valiant|Destiny Bond|p2a: Iron Valiant\n|-singlemove|p2a: Iron Valiant|Destiny Bond\n|move|p1a: Garganacl|Salt Cure|p2a: Iron Valiant\n|-resisted|p2a: Iron Valiant\n|-damage|p2a: Iron Valiant|28\/100\n|\n|-damage|p2a: Iron Valiant|16\/100|[from] Salt Cure\n|upkeep\n|turn|18\n|\n|t:|1700855890\n|move|p2a: Iron Valiant|Destiny Bond||[still]\n|-fail|p2a: Iron Valiant\n|move|p1a: Garganacl|Iron Defense|p1a: Garganacl\n|-boost|p1a: Garganacl|def|2\n|\n|-damage|p2a: Iron Valiant|3\/100|[from] Salt Cure\n|upkeep\n|turn|19\n|\n|t:|1700855897\n|move|p2a: Iron Valiant|Destiny Bond|p2a: Iron Valiant\n|-singlemove|p2a: Iron Valiant|Destiny Bond\n|move|p1a: Garganacl|Recover|p1a: Garganacl\n|-heal|p1a: Garganacl|100\/100\n|\n|-damage|p2a: Iron Valiant|0 fnt|[from] Salt Cure\n|faint|p2a: Iron Valiant\n|-end|p2a: Iron Valiant|Quark Drive|[silent]\n|upkeep\n|\n|t:|1700855906\n|switch|p2a: Gyarados|Gyarados-Mega, M, shiny|76\/100\n|-ability|p2a: Gyarados|Mold Breaker\n|turn|20\n|\n|t:|1700855911\n|move|p1a: Garganacl|Body Press|p2a: Gyarados\n|-supereffective|p2a: Gyarados\n|-damage|p2a: Gyarados|0 fnt\n|faint|p2a: Gyarados\n|\n|upkeep\n|\n|t:|1700855916\n|switch|p2a: Ogerpon|Ogerpon-Wellspring, F|100\/100\n|turn|21\n|\n|t:|1700855921\n|move|p2a: Ogerpon|Leech Seed|p1a: Garganacl\n|-start|p1a: Garganacl|move: Leech Seed\n|move|p1a: Garganacl|Body Press|p2a: Ogerpon\n|-damage|p2a: Ogerpon|14\/100\n|\n|-damage|p1a: Garganacl|88\/100|[from] Leech Seed|[of] p2a: Ogerpon\n|-heal|p2a: Ogerpon|30\/100|[silent]\n|upkeep\n|turn|22\n|\n|t:|1700855928\n|move|p2a: Ogerpon|Giga Drain|p1a: Garganacl\n|-damage|p1a: Garganacl|75\/100\n|-heal|p2a: Ogerpon|39\/100|[from] drain|[of] p1a: Garganacl\n|move|p1a: Garganacl|Body Press|p2a: Ogerpon\n|-damage|p2a: Ogerpon|0 fnt\n|faint|p2a: Ogerpon\n|\n|upkeep\n|\n|t:|1700855938\n|switch|p2a: Great Tusk|Great Tusk, shiny|100\/100\n|-enditem|p2a: Great Tusk|Booster Energy\n|-activate|p2a: Great Tusk|ability: Protosynthesis|[fromitem]\n|-start|p2a: Great Tusk|protosynthesisatk\n|turn|23\n|\n|t:|1700855946\n|-terastallize|p2a: Great Tusk|Ground\n|move|p2a: Great Tusk|Earthquake|p1a: Garganacl\n|-damage|p1a: Garganacl|62\/100\n|move|p1a: Garganacl|Salt Cure|p2a: Great Tusk\n|-resisted|p2a: Great Tusk\n|-damage|p2a: Great Tusk|95\/100\n|-start|p2a: Great Tusk|Salt Cure\n|\n|-damage|p1a: Garganacl|50\/100|[from] Leech Seed|[of] p2a: Great Tusk\n|-heal|p2a: Great Tusk|100\/100|[silent]\n|-damage|p2a: Great Tusk|88\/100|[from] Salt Cure\n|upkeep\n|turn|24\n|\n|t:|1700855956\n|move|p2a: Great Tusk|Earthquake|p1a: Garganacl\n|-damage|p1a: Garganacl|38\/100\n|move|p1a: Garganacl|Recover|p1a: Garganacl\n|-heal|p1a: Garganacl|88\/100\n|\n|-damage|p1a: Garganacl|75\/100|[from] Leech Seed|[of] p2a: Great Tusk\n|-heal|p2a: Great Tusk|100\/100|[silent]\n|-damage|p2a: Great Tusk|88\/100|[from] Salt Cure\n|upkeep\n|turn|25\n|\n|t:|1700855967\n|move|p2a: Great Tusk|Earthquake|p1a: Garganacl\n|-damage|p1a: Garganacl|63\/100\n|move|p1a: Garganacl|Body Press|p2a: Great Tusk\n|-damage|p2a: Great Tusk|19\/100\n|\n|-damage|p1a: Garganacl|50\/100|[from] Leech Seed|[of] p2a: Great Tusk\n|-heal|p2a: Great Tusk|33\/100|[silent]\n|-damage|p2a: Great Tusk|20\/100|[from] Salt Cure\n|upkeep\n|turn|26\n|\n|t:|1700855977\n|move|p2a: Great Tusk|Ice Spinner|p1a: Garganacl\n|-damage|p1a: Garganacl|45\/100\n|move|p1a: Garganacl|Body Press|p2a: Great Tusk\n|-damage|p2a: Great Tusk|0 fnt\n|faint|p2a: Great Tusk\n|-end|p2a: Great Tusk|Protosynthesis|[silent]\n|\n|win|The power of ROCK\n|c|\u2606The power of ROCK|gg lol : )\n|c|\u2606qwertyxcvbnm|gg\n|l|\u2606qwertyxcvbnm\n","uploadtime":1700855984,"views":5,"p1id":"thepowerofrock","p2id":"qwertyxcvbnm","formatid":"gen9nationaldex","rating":0,"private":0,"password":""}