{"id":"gen9nationaldex-1995894650","p1":"DJRRRR","p2":"batmanga","format":"[Gen 9] National Dex","log":"|html|<div class=\"broadcast-blue\"><strong>[Gen 9] National Dex is currently suspecting Sneasler! For information on how to participate check out the <a href=\"https:\/\/www.smogon.com\/forums\/threads\/sv-national-dex-suspect-8-just-dance.3731534\/\">suspect thread<\/a>.<\/strong><\/div>\n|j|\u2606DJRRRR\n|j|\u2606batmanga\n|t:|1700614589\n|gametype|singles\n|player|p1|DJRRRR|roxie|1376\n|player|p2|batmanga|riley|1488\n|teamsize|p1|6\n|teamsize|p2|6\n|gen|9\n|tier|[Gen 9] National Dex\n|rated|\n|rule|HP Percentage Mod: HP is shown in percentages\n|rule|Endless Battle Clause: Forcing endless battles is banned\n|rule|OHKO Clause: OHKO moves are banned\n|rule|Evasion Clause: Evasion abilities, items, and moves are banned\n|rule|Evasion Abilities Clause: Evasion abilities are banned\n|rule|Evasion Items Clause: Evasion items are banned\n|rule|Evasion Moves Clause: Evasion moves are banned\n|rule|Species Clause: Limit one of each Pok\u00e9mon\n|rule|Sleep Clause Mod: Limit one foe put to sleep\n|clearpoke\n|poke|p1|Victini|\n|poke|p1|Heatran, M|\n|poke|p1|Blacephalon|\n|poke|p1|Torkoal, F|\n|poke|p1|Venusaur, M|\n|poke|p1|Great Tusk|\n|poke|p2|Slowking, F|\n|poke|p2|Zamazenta-*|\n|poke|p2|Raticate, M|\n|poke|p2|Skeledirge, M|\n|poke|p2|Arctozolt|\n|poke|p2|Diancie|\n|teampreview\n|inactive|Battle timer is ON: inactive players will automatically lose when time's up. (requested by DJRRRR)\n|\n|t:|1700614601\n|start\n|switch|p1a: Victini|Victini|100\/100\n|switch|p2a: Raticate|Raticate, M|100\/100\n|turn|1\n|\n|t:|1700614605\n|switch|p2a: Diancie|Diancie|100\/100\n|move|p1a: Victini|U-turn|p2a: Diancie\n|-resisted|p2a: Diancie\n|-damage|p2a: Diancie|91\/100\n|\n|t:|1700614634\n|switch|p1a: Torkoal|Torkoal, F|100\/100|[from] U-turn\n|-weather|SunnyDay|[from] ability: Drought|[of] p1a: Torkoal\n|\n|-weather|SunnyDay|[upkeep]\n|upkeep\n|turn|2\n|\n|t:|1700614639\n|switch|p1a: Venusaur|Venusaur, M|100\/100\n|detailschange|p2a: Diancie|Diancie-Mega\n|-mega|p2a: Diancie|Diancie|Diancite\n|move|p2a: Diancie|Earth Power|p1a: Venusaur\n|-damage|p1a: Venusaur|62\/100\n|\n|-weather|SunnyDay|[upkeep]\n|upkeep\n|turn|3\n|\n|t:|1700614654\n|switch|p2a: Skeledirge|Skeledirge, M|100\/100\n|move|p1a: Venusaur|Growth|p1a: Venusaur\n|-boost|p1a: Venusaur|atk|2\n|-boost|p1a: Venusaur|spa|2\n|\n|-weather|SunnyDay|[upkeep]\n|upkeep\n|turn|4\n|\n|t:|1700614659\n|move|p1a: Venusaur|Earth Power|p2a: Skeledirge\n|-supereffective|p2a: Skeledirge\n|-damage|p2a: Skeledirge|33\/100\n|-damage|p1a: Venusaur|52\/100|[from] item: Life Orb\n|move|p2a: Skeledirge|Torch Song|p1a: Venusaur\n|-supereffective|p1a: Venusaur\n|-damage|p1a: Venusaur|0 fnt\n|-boost|p2a: Skeledirge|spa|1\n|faint|p1a: Venusaur\n|\n|-weather|SunnyDay|[upkeep]\n|upkeep\n|\n|t:|1700614668\n|switch|p1a: Blacephalon|Blacephalon|100\/100\n|turn|5\n|\n|t:|1700614673\n|switch|p2a: Raticate|Raticate, M|100\/100\n|move|p1a: Blacephalon|Shadow Ball|p2a: Raticate\n|-immune|p2a: Raticate\n|\n|-weather|SunnyDay|[upkeep]\n|-status|p2a: Raticate|brn|[from] item: Flame Orb\n|upkeep\n|turn|6\n|\n|t:|1700614680\n|move|p1a: Blacephalon|Flamethrower|p2a: Raticate\n|-damage|p2a: Raticate|0 fnt\n|faint|p2a: Raticate\n|-ability|p1a: Blacephalon|Beast Boost|boost\n|-boost|p1a: Blacephalon|spa|1\n|\n|-weather|SunnyDay|[upkeep]\n|upkeep\n|\n|t:|1700614689\n|switch|p2a: Diancie|Diancie-Mega|91\/100\n|turn|7\n|\n|t:|1700614706\n|switch|p1a: Victini|Victini|100\/100\n|move|p2a: Diancie|Earth Power|p1a: Victini\n|-supereffective|p1a: Victini\n|-damage|p1a: Victini|38\/100\n|-unboost|p1a: Victini|spd|1\n|\n|-weather|SunnyDay|[upkeep]\n|upkeep\n|turn|8\n|\n|t:|1700614717\n|switch|p2a: Skeledirge|Skeledirge, M|33\/100\n|move|p1a: Victini|Final Gambit|p2a: Skeledirge\n|-immune|p2a: Skeledirge\n|\n|-weather|none\n|upkeep\n|turn|9\n|\n|t:|1700614737\n|switch|p1a: Blacephalon|Blacephalon|100\/100\n|switch|p2a: Slowking|Slowking, F|100\/100\n|\n|upkeep\n|turn|10\n|\n|t:|1700614747\n|-terastallize|p2a: Slowking|Fairy\n|-zpower|p1a: Blacephalon\n|move|p1a: Blacephalon|Z-Sunny Day|p1a: Blacephalon|[anim]Sunny Day\n|-boost|p1a: Blacephalon|spe|1|[zeffect]\n|-weather|SunnyDay\n|move|p2a: Slowking|Chilly Reception|p2a: Slowking\n|-weather|Snow\n|\n|t:|1700614759\n|switch|p2a: Zamazenta|Zamazenta|100\/100|[from] Chilly Reception\n|-ability|p2a: Zamazenta|Dauntless Shield|boost\n|-boost|p2a: Zamazenta|def|1\n|\n|-weather|Snow|[upkeep]\n|upkeep\n|turn|11\n|\n|t:|1700614767\n|move|p1a: Blacephalon|Flamethrower|p2a: Zamazenta\n|-damage|p2a: Zamazenta|48\/100\n|move|p2a: Zamazenta|Crunch|p1a: Blacephalon\n|-supereffective|p1a: Blacephalon\n|-damage|p1a: Blacephalon|0 fnt\n|faint|p1a: Blacephalon\n|\n|-weather|Snow|[upkeep]\n|upkeep\n|\n|t:|1700614777\n|switch|p1a: Torkoal|Torkoal, F|100\/100\n|-weather|SunnyDay|[from] ability: Drought|[of] p1a: Torkoal\n|turn|12\n|\n|t:|1700614792\n|switch|p2a: Slowking|Slowking, F, tera:Fairy|100\/100\n|switch|p1a: Great Tusk|Great Tusk|100\/100\n|-activate|p1a: Great Tusk|ability: Protosynthesis\n|-start|p1a: Great Tusk|protosynthesisatk\n|\n|-weather|SunnyDay|[upkeep]\n|upkeep\n|turn|13\n|\n|t:|1700614802\n|-terastallize|p1a: Great Tusk|Ground\n|move|p1a: Great Tusk|Headlong Rush|p2a: Slowking\n|-damage|p2a: Slowking|0 fnt\n|-unboost|p1a: Great Tusk|def|1\n|-unboost|p1a: Great Tusk|spd|1\n|faint|p2a: Slowking\n|-damage|p1a: Great Tusk|91\/100|[from] item: Life Orb\n|\n|-weather|SunnyDay|[upkeep]\n|upkeep\n|\n|t:|1700614808\n|switch|p2a: Diancie|Diancie-Mega|91\/100\n|turn|14\n|\n|t:|1700614831\n|-end|p1a: Great Tusk|Protosynthesis|[silent]\n|switch|p1a: Victini|Victini|38\/100\n|move|p2a: Diancie|Moonblast|p1a: Victini\n|-resisted|p1a: Victini\n|-damage|p1a: Victini|15\/100\n|-unboost|p1a: Victini|spa|1\n|\n|-weather|SunnyDay|[upkeep]\n|upkeep\n|turn|15\n|\n|t:|1700614835\n|switch|p2a: Skeledirge|Skeledirge, M|33\/100\n|move|p1a: Victini|U-turn|p2a: Skeledirge\n|-resisted|p2a: Skeledirge\n|-crit|p2a: Skeledirge\n|-damage|p2a: Skeledirge|29\/100\n|\n|t:|1700614838\n|switch|p1a: Great Tusk|Great Tusk, tera:Ground|91\/100|[from] U-turn\n|-activate|p1a: Great Tusk|ability: Protosynthesis\n|-start|p1a: Great Tusk|protosynthesisatk\n|\n|-weather|SunnyDay|[upkeep]\n|upkeep\n|turn|16\n|\n|t:|1700614848\n|move|p1a: Great Tusk|Headlong Rush|p2a: Skeledirge\n|-supereffective|p2a: Skeledirge\n|-damage|p2a: Skeledirge|0 fnt\n|-unboost|p1a: Great Tusk|def|1\n|-unboost|p1a: Great Tusk|spd|1\n|faint|p2a: Skeledirge\n|-damage|p1a: Great Tusk|81\/100|[from] item: Life Orb\n|\n|-weather|SunnyDay|[upkeep]\n|upkeep\n|\n|t:|1700614852\n|switch|p2a: Diancie|Diancie-Mega|91\/100\n|turn|17\n|\n|t:|1700614855\n|-end|p1a: Great Tusk|Protosynthesis|[silent]\n|switch|p1a: Victini|Victini|15\/100\n|move|p2a: Diancie|Moonblast|p1a: Victini\n|-resisted|p1a: Victini\n|-damage|p1a: Victini|0 fnt\n|faint|p1a: Victini\n|\n|-weather|SunnyDay|[upkeep]\n|upkeep\n|\n|t:|1700614860\n|switch|p1a: Great Tusk|Great Tusk, tera:Ground|81\/100\n|-activate|p1a: Great Tusk|ability: Protosynthesis\n|-start|p1a: Great Tusk|protosynthesisatk\n|turn|18\n|\n|t:|1700614864\n|switch|p2a: Arctozolt|Arctozolt|100\/100\n|move|p1a: Great Tusk|Rapid Spin|p2a: Arctozolt\n|-damage|p2a: Arctozolt|67\/100\n|-boost|p1a: Great Tusk|spe|1\n|-damage|p1a: Great Tusk|71\/100|[from] item: Life Orb\n|\n|-weather|SunnyDay|[upkeep]\n|upkeep\n|turn|19\n|\n|t:|1700614870\n|move|p1a: Great Tusk|Headlong Rush|p2a: Arctozolt\n|-supereffective|p2a: Arctozolt\n|-damage|p2a: Arctozolt|0 fnt\n|-unboost|p1a: Great Tusk|def|1\n|-unboost|p1a: Great Tusk|spd|1\n|faint|p2a: Arctozolt\n|-damage|p1a: Great Tusk|61\/100|[from] item: Life Orb\n|\n|-weather|none\n|-end|p1a: Great Tusk|Protosynthesis\n|upkeep\n|\n|t:|1700614873\n|switch|p2a: Zamazenta|Zamazenta|48\/100\n|turn|20\n|\n|t:|1700614877\n|move|p1a: Great Tusk|Headlong Rush|p2a: Zamazenta\n|-damage|p2a: Zamazenta|0 fnt\n|-unboost|p1a: Great Tusk|def|1\n|-unboost|p1a: Great Tusk|spd|1\n|faint|p2a: Zamazenta\n|-damage|p1a: Great Tusk|51\/100|[from] item: Life Orb\n|\n|upkeep\n|\n|t:|1700614879\n|switch|p2a: Diancie|Diancie-Mega|91\/100\n|turn|21\n|\n|t:|1700614883\n|move|p1a: Great Tusk|Headlong Rush|p2a: Diancie\n|-supereffective|p2a: Diancie\n|-damage|p2a: Diancie|0 fnt\n|-unboost|p1a: Great Tusk|def|1\n|-unboost|p1a: Great Tusk|spd|1\n|faint|p2a: Diancie\n|-damage|p1a: Great Tusk|41\/100|[from] item: Life Orb\n|\n|win|DJRRRR\n|raw|DJRRRR's rating: 1376 &rarr; <strong>1402<\/strong><br \/>(+26 for winning)\n|raw|batmanga's rating: 1488 &rarr; <strong>1462<\/strong><br \/>(-26 for losing)\n|l|\u2606batmanga\n","uploadtime":1700614886,"views":2,"p1id":"djrrrr","p2id":"batmanga","formatid":"gen9nationaldex","rating":1402,"private":0,"password":""}