{"id":"gen9nationaldex-1987525302","p1":"Dr Allen Hu","p2":"Sasuna","format":"[Gen 9] National Dex","log":"|j|\u2606Dr Allen Hu\n|j|\u2606Sasuna\n|t:|1699606545\n|gametype|singles\n|player|p1|Dr Allen Hu|170|1000\n|player|p2|Sasuna|lucas|1000\n|teamsize|p1|6\n|teamsize|p2|6\n|gen|9\n|tier|[Gen 9] National Dex\n|rated|\n|rule|HP Percentage Mod: HP is shown in percentages\n|rule|Endless Battle Clause: Forcing endless battles is banned\n|rule|OHKO Clause: OHKO moves are banned\n|rule|Evasion Clause: Evasion abilities, items, and moves are banned\n|rule|Evasion Abilities Clause: Evasion abilities are banned\n|rule|Evasion Items Clause: Evasion items are banned\n|rule|Evasion Moves Clause: Evasion moves are banned\n|rule|Species Clause: Limit one of each Pok\u00e9mon\n|rule|Sleep Clause Mod: Limit one foe put to sleep\n|clearpoke\n|poke|p1|Umbreon, F|\n|poke|p1|Ferrothorn, F|\n|poke|p1|Toxapex, M|\n|poke|p1|Gliscor, F|\n|poke|p1|Alomomola, F|\n|poke|p1|Meowstic, M|\n|poke|p2|Tornadus-Therian, M|\n|poke|p2|Gigalith, M|\n|poke|p2|Excadrill, F|\n|poke|p2|Hippowdon, F|\n|poke|p2|Dracozolt|\n|poke|p2|Landorus-Therian, M|\n|teampreview\n|inactive|Battle timer is ON: inactive players will automatically lose when time's up. (requested by Dr Allen Hu)\n|\n|t:|1699606549\n|start\n|switch|p1a: Meowstic|Meowstic, M|100\/100\n|switch|p2a: Landorus|Landorus-Therian, M|100\/100\n|-ability|p2a: Landorus|Intimidate|boost\n|-unboost|p1a: Meowstic|atk|1\n|turn|1\n|\n|t:|1699606572\n|move|p1a: Meowstic|Swagger|p2a: Landorus\n|-boost|p2a: Landorus|atk|2\n|-start|p2a: Landorus|confusion\n|-activate|p2a: Landorus|confusion\n|-damage|p2a: Landorus|68\/100|[from] confusion\n|\n|-heal|p2a: Landorus|74\/100|[from] item: Leftovers\n|upkeep\n|turn|2\n|\n|t:|1699606587\n|move|p1a: Meowstic|Toxic|p2a: Landorus\n|-status|p2a: Landorus|tox\n|-activate|p2a: Landorus|confusion\n|move|p2a: Landorus|Tera Blast|p1a: Meowstic\n|-damage|p1a: Meowstic|86\/100\n|\n|-heal|p2a: Landorus|80\/100 tox|[from] item: Leftovers\n|-damage|p2a: Landorus|74\/100 tox|[from] psn\n|upkeep\n|turn|3\n|\n|t:|1699606598\n|move|p1a: Meowstic|Reflect|p1a: Meowstic\n|-sidestart|p1: Dr Allen Hu|Reflect\n|-activate|p2a: Landorus|confusion\n|-damage|p2a: Landorus|35\/100 tox|[from] confusion\n|\n|-heal|p2a: Landorus|41\/100 tox|[from] item: Leftovers\n|-damage|p2a: Landorus|29\/100 tox|[from] psn\n|upkeep\n|turn|4\n|\n|t:|1699606608\n|move|p1a: Meowstic|Light Screen|p1a: Meowstic\n|-sidestart|p1: Dr Allen Hu|move: Light Screen\n|-end|p2a: Landorus|confusion\n|move|p2a: Landorus|Earthquake|p1a: Meowstic\n|-crit|p1a: Meowstic\n|-damage|p1a: Meowstic|0 fnt\n|faint|p1a: Meowstic\n|\n|-heal|p2a: Landorus|35\/100 tox|[from] item: Leftovers\n|-damage|p2a: Landorus|17\/100 tox|[from] psn\n|upkeep\n|\n|t:|1699606621\n|switch|p1a: Ferrothorn|Ferrothorn, F|100\/100\n|turn|5\n|\n|t:|1699606626\n|move|p2a: Landorus|Earthquake|p1a: Ferrothorn\n|-damage|p1a: Ferrothorn|68\/100\n|move|p1a: Ferrothorn|Stealth Rock|p2a: Landorus\n|-sidestart|p2: Sasuna|move: Stealth Rock\n|\n|-heal|p2a: Landorus|23\/100 tox|[from] item: Leftovers\n|-damage|p2a: Landorus|0 fnt|[from] psn\n|faint|p2a: Landorus\n|upkeep\n|\n|t:|1699606631\n|switch|p2a: Excadrill|Excadrill, F|100\/100\n|-damage|p2a: Excadrill|97\/100|[from] Stealth Rock\n|turn|6\n|\n|t:|1699606637\n|move|p2a: Excadrill|Earthquake|p1a: Ferrothorn\n|-damage|p1a: Ferrothorn|44\/100\n|move|p1a: Ferrothorn|Leech Seed|p2a: Excadrill\n|-start|p2a: Excadrill|move: Leech Seed\n|\n|-damage|p2a: Excadrill|85\/100|[from] Leech Seed|[of] p1a: Ferrothorn\n|-heal|p1a: Ferrothorn|57\/100|[silent]\n|upkeep\n|turn|7\n|\n|t:|1699606647\n|-terastallize|p2a: Excadrill|Ground\n|move|p2a: Excadrill|Earthquake|p1a: Ferrothorn\n|-damage|p1a: Ferrothorn|24\/100\n|move|p1a: Ferrothorn|Swagger|p2a: Excadrill\n|-boost|p2a: Excadrill|atk|2\n|-start|p2a: Excadrill|confusion\n|\n|-damage|p2a: Excadrill|73\/100|[from] Leech Seed|[of] p1a: Ferrothorn\n|-heal|p1a: Ferrothorn|37\/100|[silent]\n|upkeep\n|turn|8\n|\n|t:|1699606655\n|switch|p1a: Gliscor|Gliscor, F|100\/100\n|-activate|p2a: Excadrill|confusion\n|move|p2a: Excadrill|Earthquake|p1a: Gliscor\n|-immune|p1a: Gliscor\n|\n|-damage|p2a: Excadrill|60\/100|[from] Leech Seed|[of] p1a: Gliscor\n|-status|p1a: Gliscor|tox|[from] item: Toxic Orb\n|upkeep\n|turn|9\n|\n|t:|1699606662\n|switch|p2a: Tornadus|Tornadus-Therian, M|100\/100\n|move|p1a: Gliscor|Earthquake|p2a: Tornadus\n|-immune|p2a: Tornadus\n|\n|upkeep\n|turn|10\n|\n|t:|1699606667\n|move|p2a: Tornadus|Hurricane|p1a: Gliscor\n|-damage|p1a: Gliscor|60\/100 tox\n|move|p1a: Gliscor|Toxic|p2a: Tornadus\n|-status|p2a: Tornadus|tox\n|\n|-damage|p2a: Tornadus|94\/100 tox|[from] psn\n|-heal|p1a: Gliscor|72\/100 tox|[from] ability: Poison Heal\n|-sideend|p1: Dr Allen Hu|Reflect\n|upkeep\n|turn|11\n|\n|t:|1699606678\n|move|p1a: Gliscor|Protect|p1a: Gliscor\n|-singleturn|p1a: Gliscor|Protect\n|move|p2a: Tornadus|Hurricane|p1a: Gliscor\n|-activate|p1a: Gliscor|move: Protect\n|\n|-damage|p2a: Tornadus|82\/100 tox|[from] psn\n|-heal|p1a: Gliscor|85\/100 tox|[from] ability: Poison Heal\n|-sideend|p1: Dr Allen Hu|move: Light Screen\n|upkeep\n|turn|12\n|\n|t:|1699606691\n|switch|p1a: Alomomola|Alomomola, F|100\/100\n|move|p2a: Tornadus|Focus Blast|p1a: Alomomola\n|-damage|p1a: Alomomola|54\/100\n|-unboost|p1a: Alomomola|spd|1\n|\n|-damage|p2a: Tornadus|64\/100 tox|[from] psn\n|upkeep\n|turn|13\n|\n|t:|1699606699\n|switch|p1a: Toxapex|Toxapex, M|100\/100\n|move|p2a: Tornadus|Weather Ball|p1a: Toxapex\n|-damage|p1a: Toxapex|88\/100\n|\n|-heal|p1a: Toxapex|94\/100|[from] item: Leftovers\n|-damage|p2a: Tornadus|40\/100 tox|[from] psn\n|upkeep\n|turn|14\n|\n|t:|1699606705\n|move|p2a: Tornadus|Hurricane|p1a: Toxapex\n|-damage|p1a: Toxapex|48\/100\n|move|p1a: Toxapex|Swagger|p2a: Tornadus|[miss]\n|-miss|p1a: Toxapex|p2a: Tornadus\n|\n|-heal|p1a: Toxapex|54\/100|[from] item: Leftovers\n|-damage|p2a: Tornadus|10\/100 tox|[from] psn\n|upkeep\n|turn|15\n|\n|t:|1699606711\n|move|p1a: Toxapex|Baneful Bunker|p1a: Toxapex\n|-singleturn|p1a: Toxapex|move: Protect\n|move|p2a: Tornadus|Hurricane|p1a: Toxapex\n|-activate|p1a: Toxapex|move: Protect\n|\n|-heal|p1a: Toxapex|60\/100|[from] item: Leftovers\n|-damage|p2a: Tornadus|0 fnt|[from] psn\n|faint|p2a: Tornadus\n|upkeep\n|\n|t:|1699606715\n|switch|p2a: Dracozolt|Dracozolt|100\/100\n|-damage|p2a: Dracozolt|88\/100|[from] Stealth Rock\n|turn|16\n|\n|t:|1699606724\n|switch|p1a: Gliscor|Gliscor, F|85\/100 tox\n|move|p2a: Dracozolt|Bolt Beak|p1a: Gliscor\n|-immune|p1a: Gliscor\n|\n|-heal|p1a: Gliscor|97\/100 tox|[from] ability: Poison Heal\n|upkeep\n|turn|17\n|\n|t:|1699606727\n|move|p1a: Gliscor|Toxic|p2a: Dracozolt\n|-status|p2a: Dracozolt|tox\n|move|p2a: Dracozolt|Draco Meteor|p1a: Gliscor\n|-damage|p1a: Gliscor|12\/100 tox\n|-unboost|p2a: Dracozolt|spa|2\n|-damage|p2a: Dracozolt|78\/100 tox|[from] item: Life Orb\n|\n|-heal|p1a: Gliscor|25\/100 tox|[from] ability: Poison Heal\n|-damage|p2a: Dracozolt|72\/100 tox|[from] psn\n|upkeep\n|turn|18\n|\n|t:|1699606733\n|move|p1a: Gliscor|Protect|p1a: Gliscor\n|-singleturn|p1a: Gliscor|Protect\n|move|p2a: Dracozolt|Draco Meteor|p1a: Gliscor\n|-activate|p1a: Gliscor|move: Protect\n|\n|-heal|p1a: Gliscor|37\/100 tox|[from] ability: Poison Heal\n|-damage|p2a: Dracozolt|59\/100 tox|[from] psn\n|upkeep\n|turn|19\n|\n|t:|1699606738\n|switch|p1a: Alomomola|Alomomola, F|87\/100\n|switch|p2a: Hippowdon|Hippowdon, F|100\/100\n|-damage|p2a: Hippowdon|94\/100|[from] Stealth Rock\n|-weather|Sandstorm|[from] ability: Sand Stream|[of] p2a: Hippowdon\n|\n|-weather|Sandstorm|[upkeep]\n|-damage|p1a: Alomomola|81\/100|[from] Sandstorm\n|upkeep\n|turn|20\n|\n|t:|1699606749\n|move|p1a: Alomomola|Toxic|p2a: Hippowdon\n|-status|p2a: Hippowdon|tox\n|move|p2a: Hippowdon|Earthquake|p1a: Alomomola\n|-damage|p1a: Alomomola|60\/100\n|\n|-weather|Sandstorm|[upkeep]\n|-damage|p1a: Alomomola|54\/100|[from] Sandstorm\n|-damage|p2a: Hippowdon|88\/100 tox|[from] psn\n|upkeep\n|turn|21\n|\n|t:|1699606755\n|switch|p2a: Dracozolt|Dracozolt|59\/100 tox\n|-damage|p2a: Dracozolt|47\/100 tox|[from] Stealth Rock\n|move|p1a: Alomomola|Wish|p1a: Alomomola\n|\n|-weather|Sandstorm|[upkeep]\n|-damage|p1a: Alomomola|48\/100|[from] Sandstorm\n|-damage|p2a: Dracozolt|41\/100 tox|[from] psn\n|upkeep\n|turn|22\n|\n|t:|1699606760\n|switch|p1a: Ferrothorn|Ferrothorn, F|37\/100\n|move|p2a: Dracozolt|Bolt Beak|p1a: Ferrothorn\n|-resisted|p1a: Ferrothorn\n|-damage|p1a: Ferrothorn|11\/100\n|-damage|p2a: Dracozolt|28\/100 tox|[from] ability: Iron Barbs|[of] p1a: Ferrothorn\n|-damage|p2a: Dracozolt|12\/100 tox|[from] item: Rocky Helmet|[of] p1a: Ferrothorn\n|-damage|p2a: Dracozolt|2\/100 tox|[from] item: Life Orb\n|\n|-weather|Sandstorm|[upkeep]\n|-heal|p1a: Ferrothorn|87\/100|[from] move: Wish|[wisher] Alomomola\n|-damage|p2a: Dracozolt|0 fnt|[from] psn\n|faint|p2a: Dracozolt\n|upkeep\n|\n|t:|1699606765\n|switch|p2a: Excadrill|Excadrill, F, tera:Ground|60\/100\n|-damage|p2a: Excadrill|54\/100|[from] Stealth Rock\n|turn|23\n|\n|t:|1699606774\n|move|p2a: Excadrill|Earthquake|p1a: Ferrothorn\n|-damage|p1a: Ferrothorn|23\/100\n|move|p1a: Ferrothorn|Leech Seed|p2a: Excadrill\n|-start|p2a: Excadrill|move: Leech Seed\n|\n|-weather|Sandstorm|[upkeep]\n|-damage|p2a: Excadrill|41\/100|[from] Leech Seed|[of] p1a: Ferrothorn\n|-heal|p1a: Ferrothorn|36\/100|[silent]\n|upkeep\n|turn|24\n|\n|t:|1699606780\n|switch|p1a: Gliscor|Gliscor, F|37\/100 tox\n|move|p2a: Excadrill|Earthquake|p1a: Gliscor\n|-immune|p1a: Gliscor\n|\n|-weather|Sandstorm|[upkeep]\n|-damage|p2a: Excadrill|29\/100|[from] Leech Seed|[of] p1a: Gliscor\n|-heal|p1a: Gliscor|52\/100 tox|[silent]\n|-heal|p1a: Gliscor|65\/100 tox|[from] ability: Poison Heal\n|upkeep\n|turn|25\n|\n|t:|1699606786\n|switch|p2a: Gigalith|Gigalith, M|100\/100\n|-damage|p2a: Gigalith|88\/100|[from] Stealth Rock\n|move|p1a: Gliscor|Protect||[still]\n|-fail|p1a: Gliscor\n|\n|-weather|Sandstorm|[upkeep]\n|-heal|p1a: Gliscor|77\/100 tox|[from] ability: Poison Heal\n|upkeep\n|turn|26\n|\n|t:|1699606793\n|move|p1a: Gliscor|Toxic|p2a: Gigalith\n|-status|p2a: Gigalith|tox\n|move|p2a: Gigalith|Rock Blast|p1a: Gliscor\n|-damage|p1a: Gliscor|65\/100 tox\n|-damage|p1a: Gliscor|53\/100 tox\n|-damage|p1a: Gliscor|40\/100 tox\n|-hitcount|p1a: Gliscor|3\n|\n|-weather|none\n|-heal|p1a: Gliscor|53\/100 tox|[from] ability: Poison Heal\n|-damage|p2a: Gigalith|82\/100 tox|[from] psn\n|upkeep\n|turn|27\n|c|\u2606Sasuna|bro is so annoying\n|\n|t:|1699606802\n|move|p1a: Gliscor|Protect|p1a: Gliscor\n|-singleturn|p1a: Gliscor|Protect\n|move|p2a: Gigalith|Rock Blast|p1a: Gliscor\n|-activate|p1a: Gliscor|move: Protect\n|\n|-heal|p1a: Gliscor|65\/100 tox|[from] ability: Poison Heal\n|-damage|p2a: Gigalith|70\/100 tox|[from] psn\n|upkeep\n|turn|28\n|\n|t:|1699606811\n|move|p1a: Gliscor|Protect||[still]\n|-fail|p1a: Gliscor\n|move|p2a: Gigalith|Rock Blast|p1a: Gliscor\n|-damage|p1a: Gliscor|53\/100 tox\n|-damage|p1a: Gliscor|41\/100 tox\n|-damage|p1a: Gliscor|30\/100 tox\n|-hitcount|p1a: Gliscor|3\n|\n|-heal|p1a: Gliscor|42\/100 tox|[from] ability: Poison Heal\n|-damage|p2a: Gigalith|51\/100 tox|[from] psn\n|upkeep\n|turn|29\n|\n|t:|1699606816\n|move|p1a: Gliscor|Earthquake|p2a: Gigalith\n|-supereffective|p2a: Gigalith\n|-damage|p2a: Gigalith|3\/100 tox\n|move|p2a: Gigalith|Rock Blast|p1a: Gliscor\n|-crit|p1a: Gliscor\n|-damage|p1a: Gliscor|24\/100 tox\n|-damage|p1a: Gliscor|11\/100 tox\n|-damage|p1a: Gliscor|0 fnt\n|faint|p1a: Gliscor\n|-hitcount|p1: Gliscor|3\n|\n|-damage|p2a: Gigalith|0 fnt|[from] psn\n|faint|p2a: Gigalith\n|upkeep\n|\n|t:|1699606826\n|switch|p1a: Toxapex|Toxapex, M|93\/100\n|switch|p2a: Excadrill|Excadrill, F, tera:Ground|29\/100\n|-damage|p2a: Excadrill|23\/100|[from] Stealth Rock\n|turn|30\n|\n|t:|1699606835\n|switch|p2a: Hippowdon|Hippowdon, F|88\/100 tox\n|-damage|p2a: Hippowdon|82\/100 tox|[from] Stealth Rock\n|-weather|Sandstorm|[from] ability: Sand Stream|[of] p2a: Hippowdon\n|switch|p1a: Alomomola|Alomomola, F|81\/100\n|\n|-weather|Sandstorm|[upkeep]\n|-damage|p1a: Alomomola|75\/100|[from] Sandstorm\n|-damage|p2a: Hippowdon|76\/100 tox|[from] psn\n|upkeep\n|turn|31\n|\n|t:|1699606842\n|switch|p2a: Excadrill|Excadrill, F, tera:Ground|23\/100\n|-damage|p2a: Excadrill|17\/100|[from] Stealth Rock\n|move|p1a: Alomomola|Wish|p1a: Alomomola\n|\n|-weather|Sandstorm|[upkeep]\n|-damage|p1a: Alomomola|69\/100|[from] Sandstorm\n|upkeep\n|turn|32\n|\n|t:|1699606849\n|move|p2a: Excadrill|Iron Head|p1a: Alomomola\n|-resisted|p1a: Alomomola\n|-crit|p1a: Alomomola\n|-damage|p1a: Alomomola|41\/100\n|-damage|p2a: Excadrill|0 fnt|[from] item: Rocky Helmet|[of] p1a: Alomomola\n|faint|p2a: Excadrill\n|move|p1a: Alomomola|Flip Turn|p2: Excadrill|[notarget]\n|-fail|p1a: Alomomola\n|\n|-weather|Sandstorm|[upkeep]\n|-damage|p1a: Alomomola|35\/100|[from] Sandstorm\n|-heal|p1a: Alomomola|85\/100|[from] move: Wish|[wisher] Alomomola\n|upkeep\n|\n|t:|1699606856\n|switch|p2a: Hippowdon|Hippowdon, F|76\/100 tox\n|-damage|p2a: Hippowdon|70\/100 tox|[from] Stealth Rock\n|turn|33\n|\n|t:|1699606867\n|move|p1a: Alomomola|Wish|p1a: Alomomola\n|move|p2a: Hippowdon|Earthquake|p1a: Alomomola\n|-damage|p1a: Alomomola|63\/100\n|\n|-weather|Sandstorm|[upkeep]\n|-damage|p1a: Alomomola|57\/100|[from] Sandstorm\n|-damage|p2a: Hippowdon|63\/100 tox|[from] psn\n|upkeep\n|turn|34\n|\n|t:|1699606871\n|move|p1a: Alomomola|Flip Turn|p2a: Hippowdon\n|-supereffective|p2a: Hippowdon\n|-damage|p2a: Hippowdon|45\/100 tox\n|\n|t:|1699606877\n|switch|p1a: Umbreon|Umbreon, F, shiny|100\/100|[from] Flip Turn\n|move|p2a: Hippowdon|Earthquake|p1a: Umbreon\n|-damage|p1a: Umbreon|79\/100\n|\n|-weather|Sandstorm|[upkeep]\n|-damage|p1a: Umbreon|73\/100|[from] Sandstorm\n|-heal|p1a: Umbreon|100\/100|[from] move: Wish|[wisher] Alomomola\n|-damage|p2a: Hippowdon|32\/100 tox|[from] psn\n|upkeep\n|turn|35\n|c|\u2606Sasuna|stupid staller\n|\n|t:|1699606881\n|move|p1a: Umbreon|Calm Mind|p1a: Umbreon\n|-boost|p1a: Umbreon|spa|1\n|-boost|p1a: Umbreon|spd|1\n|move|p2a: Hippowdon|Earthquake|p1a: Umbreon\n|-damage|p1a: Umbreon|80\/100\n|\n|-weather|Sandstorm|[upkeep]\n|-damage|p1a: Umbreon|74\/100|[from] Sandstorm\n|-heal|p1a: Umbreon|80\/100|[from] item: Leftovers\n|-damage|p2a: Hippowdon|14\/100 tox|[from] psn\n|upkeep\n|turn|36\n|\n|t:|1699606883\n|move|p1a: Umbreon|Calm Mind|p1a: Umbreon\n|-boost|p1a: Umbreon|spa|1\n|-boost|p1a: Umbreon|spd|1\n|move|p2a: Hippowdon|Earthquake|p1a: Umbreon\n|-damage|p1a: Umbreon|56\/100\n|\n|-weather|Sandstorm|[upkeep]\n|-damage|p1a: Umbreon|50\/100|[from] Sandstorm\n|-heal|p1a: Umbreon|56\/100|[from] item: Leftovers\n|-damage|p2a: Hippowdon|0 fnt|[from] psn\n|faint|p2a: Hippowdon\n|\n|win|Dr Allen Hu\n|upkeep\n|raw|Dr Allen Hu's rating: 1000 &rarr; <strong>1046<\/strong><br \/>(+46 for winning)\n|raw|Sasuna's rating: 1049 &rarr; <strong>1029<\/strong><br \/>(-20 for losing)\n|l|\u2606Dr Allen Hu\n","uploadtime":1699606888,"views":9,"p1id":"drallenhu","p2id":"sasuna","formatid":"gen9nationaldex","rating":1029,"private":0,"password":""}