{"id":"gen9nationaldex-1987730723","p1":"JoyBoy37","p2":"I'MLOUDASF","format":"[Gen 9] National Dex","log":"|j|\u2606JoyBoy37\n|j|\u2606I'MLOUDASF\n|t:|1699631732\n|gametype|singles\n|player|p1|JoyBoy37|red|\n|player|p2|I'MLOUDASF|shauntal|\n|teamsize|p1|4\n|teamsize|p2|6\n|gen|9\n|tier|[Gen 9] National Dex\n|rule|HP Percentage Mod: HP is shown in percentages\n|rule|Endless Battle Clause: Forcing endless battles is banned\n|rule|OHKO Clause: OHKO moves are banned\n|rule|Evasion Clause: Evasion abilities, items, and moves are banned\n|rule|Evasion Abilities Clause: Evasion abilities are banned\n|rule|Evasion Items Clause: Evasion items are banned\n|rule|Evasion Moves Clause: Evasion moves are banned\n|rule|Species Clause: Limit one of each Pok\u00e9mon\n|rule|Sleep Clause Mod: Limit one foe put to sleep\n|clearpoke\n|poke|p1|Ninetales, M|\n|poke|p1|Togedemaru, M|\n|poke|p1|Lilligant-Hisui, F|\n|poke|p1|Flygon, F|\n|poke|p2|Gardevoir, M|\n|poke|p2|Azumarill, F|\n|poke|p2|Dragonite, F|\n|poke|p2|Enamorus, F|\n|poke|p2|Ninetales-Alola, F|\n|poke|p2|Persian-Alola, M|\n|teampreview\n|\n|t:|1699631743\n|start\n|switch|p1a: Ninetales|Ninetales, M|100\/100\n|switch|p2a: Gardevoir|Gardevoir, M|100\/100\n|turn|1\n|\n|t:|1699631762\n|switch|p2a: Azumarill|Azumarill, F|100\/100\n|move|p1a: Ninetales|Ominous Wind|p2a: Azumarill\n|-crit|p2a: Azumarill\n|-damage|p2a: Azumarill|82\/100\n|\n|upkeep\n|turn|2\n|\n|t:|1699631773\n|move|p2a: Azumarill|Aqua Jet|p1a: Ninetales\n|-supereffective|p1a: Ninetales\n|-crit|p1a: Ninetales\n|-damage|p1a: Ninetales|45\/100\n|move|p1a: Ninetales|Energy Ball|p2a: Azumarill\n|-supereffective|p2a: Azumarill\n|-damage|p2a: Azumarill|47\/100\n|\n|upkeep\n|turn|3\n|\n|t:|1699631788\n|move|p1a: Ninetales|Energy Ball|p2a: Azumarill\n|-supereffective|p2a: Azumarill\n|-damage|p2a: Azumarill|10\/100\n|move|p2a: Azumarill|Ice Beam|p1a: Ninetales\n|-resisted|p1a: Ninetales\n|-damage|p1a: Ninetales|38\/100\n|\n|upkeep\n|turn|4\n|\n|t:|1699631800\n|-terastallize|p2a: Azumarill|Water\n|move|p2a: Azumarill|Aqua Jet|p1a: Ninetales\n|-supereffective|p1a: Ninetales\n|-damage|p1a: Ninetales|0 fnt\n|faint|p1a: Ninetales\n|\n|upkeep\n|\n|t:|1699631810\n|switch|p1a: Lilligant|Lilligant-Hisui, F|100\/100\n|turn|5\n|\n|t:|1699631825\n|move|p1a: Lilligant|Grassy Terrain|p1a: Lilligant\n|-fieldstart|move: Grassy Terrain\n|-enditem|p1a: Lilligant|Grassy Seed\n|-boost|p1a: Lilligant|def|1|[from] item: Grassy Seed\n|move|p2a: Azumarill|Double-Edge|p1a: Lilligant\n|-crit|p1a: Lilligant\n|-damage|p1a: Lilligant|46\/100\n|-damage|p2a: Azumarill|0 fnt|[from] Recoil\n|faint|p2a: Azumarill\n|\n|-heal|p1a: Lilligant|52\/100|[from] Grassy Terrain\n|upkeep\n|\n|t:|1699631843\n|switch|p2a: Dragonite|Dragonite, F|100\/100\n|turn|6\n|\n|t:|1699631848\n|move|p1a: Lilligant|Ice Spinner|p2a: Dragonite|[miss]\n|-miss|p1a: Lilligant|p2a: Dragonite\n|move|p2a: Dragonite|Facade|p1a: Lilligant\n|-damage|p1a: Lilligant|31\/100\n|\n|-heal|p1a: Lilligant|37\/100|[from] Grassy Terrain\n|upkeep\n|turn|7\n|\n|t:|1699631857\n|move|p1a: Lilligant|Ice Spinner|p2a: Dragonite|[miss]\n|-miss|p1a: Lilligant|p2a: Dragonite\n|move|p2a: Dragonite|Earthquake|p1a: Lilligant\n|-resisted|p1a: Lilligant\n|-damage|p1a: Lilligant|29\/100\n|\n|-heal|p1a: Lilligant|35\/100|[from] Grassy Terrain\n|upkeep\n|turn|8\n|\n|t:|1699631870\n|move|p1a: Lilligant|Ice Spinner|p2a: Dragonite\n|-supereffective|p2a: Dragonite\n|-damage|p2a: Dragonite|0 fnt\n|-fieldend|move: Grassy Terrain\n|faint|p2a: Dragonite\n|\n|upkeep\n|\n|t:|1699631882\n|switch|p2a: Persian|Persian-Alola, M|100\/100\n|turn|9\n|\n|t:|1699631888\n|move|p1a: Lilligant|Victory Dance|p1a: Lilligant\n|-boost|p1a: Lilligant|atk|1\n|-boost|p1a: Lilligant|def|1\n|-boost|p1a: Lilligant|spe|1\n|move|p2a: Persian|Dark Pulse|p1a: Lilligant\n|-resisted|p1a: Lilligant\n|-damage|p1a: Lilligant|18\/100\n|\n|upkeep\n|turn|10\n|\n|t:|1699631903\n|move|p1a: Lilligant|Grassy Glide|p2a: Persian|[miss]\n|-miss|p1a: Lilligant|p2a: Persian\n|move|p2a: Persian|Dark Pulse|p1a: Lilligant\n|-resisted|p1a: Lilligant\n|-damage|p1a: Lilligant|0 fnt\n|faint|p1a: Lilligant\n|\n|upkeep\n|\n|t:|1699631917\n|switch|p1a: Togedemaru|Togedemaru, M|100\/100\n|turn|11\n|\n|t:|1699631926\n|switch|p2a: Ninetales|Ninetales-Alola, F|100\/100\n|-weather|Snow|[from] ability: Snow Warning|[of] p2a: Ninetales\n|move|p1a: Togedemaru|U-turn|p2a: Ninetales\n|-resisted|p2a: Ninetales\n|-damage|p2a: Ninetales|93\/100\n|\n|t:|1699631932\n|switch|p1a: Flygon|Flygon, F|100\/100|[from] U-turn\n|\n|-weather|Snow|[upkeep]\n|upkeep\n|turn|12\n|\n|t:|1699631942\n|move|p2a: Ninetales|Dark Pulse|p1a: Flygon\n|-damage|p1a: Flygon|78\/100\n|cant|p1a: Flygon|flinch\n|\n|-weather|Snow|[upkeep]\n|upkeep\n|turn|13\n|\n|t:|1699631953\n|move|p2a: Ninetales|Dark Pulse|p1a: Flygon\n|-damage|p1a: Flygon|56\/100\n|cant|p1a: Flygon|flinch\n|\n|-weather|Snow|[upkeep]\n|upkeep\n|turn|14\n|\n|t:|1699631965\n|switch|p1a: Togedemaru|Togedemaru, M|100\/100\n|move|p2a: Ninetales|Dark Pulse|p1a: Togedemaru\n|-crit|p1a: Togedemaru\n|-damage|p1a: Togedemaru|65\/100\n|\n|-weather|Snow|[upkeep]\n|upkeep\n|turn|15\n|\n|t:|1699631982\n|move|p2a: Ninetales|Dark Pulse|p1a: Togedemaru\n|-damage|p1a: Togedemaru|41\/100\n|move|p1a: Togedemaru|Zing Zap|p2a: Ninetales\n|-damage|p2a: Ninetales|66\/100\n|\n|-weather|none\n|upkeep\n|turn|16\n|\n|t:|1699631995\n|switch|p1a: Flygon|Flygon, F|56\/100\n|move|p2a: Ninetales|Dark Pulse|p1a: Flygon\n|-damage|p1a: Flygon|34\/100\n|\n|upkeep\n|turn|17\n|\n|t:|1699632004\n|-terastallize|p1a: Flygon|Fire\n|move|p2a: Ninetales|Dark Pulse|p1a: Flygon\n|-damage|p1a: Flygon|12\/100\n|move|p1a: Flygon|Fire Punch|p2a: Ninetales\n|-supereffective|p2a: Ninetales\n|-damage|p2a: Ninetales|0 fnt\n|faint|p2a: Ninetales\n|\n|upkeep\n|\n|t:|1699632014\n|switch|p2a: Gardevoir|Gardevoir, M|100\/100\n|turn|18\n|\n|t:|1699632025\n|move|p1a: Flygon|Fire Punch|p2a: Gardevoir\n|-damage|p2a: Gardevoir|55\/100\n|-status|p2a: Gardevoir|brn\n|-activate|p2a: Gardevoir|ability: Synchronize\n|-immune|p1a: Flygon\n|move|p2a: Gardevoir|Thunderbolt|p1a: Flygon\n|-damage|p1a: Flygon|0 fnt\n|faint|p1a: Flygon\n|\n|-damage|p2a: Gardevoir|49\/100 brn|[from] brn\n|upkeep\n|\n|t:|1699632036\n|switch|p1a: Togedemaru|Togedemaru, M|41\/100\n|turn|19\n|\n|t:|1699632045\n|switch|p2a: Enamorus|Enamorus, F|100\/100\n|move|p1a: Togedemaru|U-turn|p2a: Enamorus\n|-resisted|p2a: Enamorus\n|-damage|p2a: Enamorus|95\/100\n|\n|upkeep\n|turn|20\n|\n|t:|1699632055\n|move|p1a: Togedemaru|Zing Zap|p2a: Enamorus\n|-supereffective|p2a: Enamorus\n|-damage|p2a: Enamorus|18\/100\n|move|p2a: Enamorus|Zen Headbutt|p1a: Togedemaru|[miss]\n|-miss|p2a: Enamorus|p1a: Togedemaru\n|\n|upkeep\n|turn|21\n|\n|t:|1699632062\n|move|p1a: Togedemaru|Zing Zap|p2a: Enamorus\n|-supereffective|p2a: Enamorus\n|-damage|p2a: Enamorus|0 fnt\n|faint|p2a: Enamorus\n|\n|upkeep\n|\n|t:|1699632068\n|switch|p2a: Persian|Persian-Alola, M|100\/100\n|turn|22\n|\n|t:|1699632082\n|move|p1a: Togedemaru|U-turn|p2a: Persian\n|-supereffective|p2a: Persian\n|-damage|p2a: Persian|72\/100\n|move|p2a: Persian|Gunk Shot|p1a: Togedemaru\n|-immune|p1a: Togedemaru\n|\n|upkeep\n|turn|23\n|\n|t:|1699632091\n|switch|p2a: Gardevoir|Gardevoir, M|49\/100 brn\n|move|p1a: Togedemaru|Zing Zap|p2a: Gardevoir\n|-damage|p2a: Gardevoir|8\/100 brn\n|\n|-damage|p2a: Gardevoir|2\/100 brn|[from] brn\n|upkeep\n|turn|24\n|\n|t:|1699632104\n|move|p1a: Togedemaru|Spiky Shield|p1a: Togedemaru\n|-singleturn|p1a: Togedemaru|move: Protect\n|move|p2a: Gardevoir|Future Sight|p1a: Togedemaru\n|-start|p2a: Gardevoir|move: Future Sight\n|\n|-damage|p2a: Gardevoir|0 fnt|[from] brn\n|faint|p2a: Gardevoir\n|upkeep\n|\n|t:|1699632111\n|switch|p2a: Persian|Persian-Alola, M|72\/100\n|turn|25\n|\n|t:|1699632122\n|move|p1a: Togedemaru|Zing Zap|p2a: Persian\n|-damage|p2a: Persian|47\/100\n|move|p2a: Persian|Play Rough|p1a: Togedemaru|[miss]\n|-miss|p2a: Persian|p1a: Togedemaru\n|\n|upkeep\n|turn|26\n|\n|t:|1699632130\n|move|p1a: Togedemaru|U-turn|p2a: Persian\n|-supereffective|p2a: Persian\n|-damage|p2a: Persian|17\/100\n|move|p2a: Persian|Play Rough|p1a: Togedemaru\n|-resisted|p1a: Togedemaru\n|-damage|p1a: Togedemaru|18\/100\n|-damage|p2a: Persian|5\/100|[from] ability: Iron Barbs|[of] p1a: Togedemaru\n|\n|-end|p1a: Togedemaru|move: Future Sight\n|-resisted|p1a: Togedemaru\n|-damage|p1a: Togedemaru|0 fnt\n|faint|p1a: Togedemaru\n|\n|win|I'MLOUDASF\n|upkeep\n","uploadtime":1699632165,"views":7,"p1id":"joyboy37","p2id":"imloudasf","formatid":"gen9nationaldex","rating":0,"private":0,"password":""}