{"id":"gen9nationaldex-1992916358","p1":"Prtbl_Trash","p2":"hackilla15","format":"[Gen 9] National Dex","log":"|j|\u2606Prtbl_Trash\n|j|\u2606hackilla15\n|t:|1700246558\n|gametype|singles\n|player|p1|Prtbl_Trash|rosa|1302\n|player|p2|hackilla15|ethan|1302\n|teamsize|p1|6\n|teamsize|p2|6\n|gen|9\n|tier|[Gen 9] National Dex\n|rated|\n|rule|HP Percentage Mod: HP is shown in percentages\n|rule|Endless Battle Clause: Forcing endless battles is banned\n|rule|OHKO Clause: OHKO moves are banned\n|rule|Evasion Clause: Evasion abilities, items, and moves are banned\n|rule|Evasion Abilities Clause: Evasion abilities are banned\n|rule|Evasion Items Clause: Evasion items are banned\n|rule|Evasion Moves Clause: Evasion moves are banned\n|rule|Species Clause: Limit one of each Pok\u00e9mon\n|rule|Sleep Clause Mod: Limit one foe put to sleep\n|clearpoke\n|poke|p1|Lokix, M|\n|poke|p1|Slowking-Galar, M|\n|poke|p1|Gliscor, F|\n|poke|p1|Empoleon, F|\n|poke|p1|Skeledirge, F|\n|poke|p1|Minior-Green|\n|poke|p2|Zoroark-Hisui, F|\n|poke|p2|Venusaur, F|\n|poke|p2|Ceruledge, M|\n|poke|p2|Muk-Alola, F|\n|poke|p2|Corviknight, M|\n|poke|p2|Dragonite, M|\n|teampreview\n|inactive|Battle timer is ON: inactive players will automatically lose when time's up. (requested by Prtbl_Trash)\n|\n|t:|1700246580\n|start\n|switch|p1a: Empoleon|Empoleon, F|100\/100\n|switch|p2a: Muk|Muk-Alola, F|100\/100\n|turn|1\n|\n|t:|1700246587\n|move|p2a: Muk|Bitter Malice|p1a: Empoleon\n|-crit|p1a: Empoleon\n|-damage|p1a: Empoleon|46\/100\n|-unboost|p1a: Empoleon|atk|1\n|-ability|p1a: Empoleon|Competitive|boost\n|-boost|p1a: Empoleon|spa|2\n|move|p1a: Empoleon|Flip Turn|p2a: Muk\n|-damage|p2a: Muk|76\/100\n|replace|p2a: Zoroark|Zoroark-Hisui, F, shiny\n|-end|p2a: Zoroark|Illusion\n|\n|t:|1700246598\n|switch|p1a: Lokix|Lokix, M|100\/100|[from] Flip Turn\n|\n|upkeep\n|turn|2\n|\n|t:|1700246605\n|switch|p2a: Ceruledge|Ceruledge, M, shiny|100\/100\n|move|p1a: Lokix|First Impression|p2a: Ceruledge\n|-resisted|p2a: Ceruledge\n|-damage|p2a: Ceruledge|61\/100\n|-ability|p2a: Ceruledge|Weak Armor|boost\n|-unboost|p2a: Ceruledge|def|1\n|-boost|p2a: Ceruledge|spe|2\n|\n|upkeep\n|turn|3\n|\n|t:|1700246615\n|switch|p1a: Skeledirge|Skeledirge, F|100\/100\n|move|p2a: Ceruledge|Bitter Blade|p1a: Skeledirge\n|-resisted|p1a: Skeledirge\n|-damage|p1a: Skeledirge|84\/100\n|-heal|p2a: Ceruledge|73\/100|[from] drain|[of] p1a: Skeledirge\n|\n|upkeep\n|turn|4\n|\n|t:|1700246622\n|move|p2a: Ceruledge|Shadow Claw|p1a: Skeledirge\n|-supereffective|p1a: Skeledirge\n|-damage|p1a: Skeledirge|40\/100\n|move|p1a: Skeledirge|Hex|p2a: Ceruledge\n|-supereffective|p2a: Ceruledge\n|-damage|p2a: Ceruledge|13\/100\n|\n|upkeep\n|turn|5\n|\n|t:|1700246633\n|switch|p1a: Gliscor|Gliscor, F|100\/100\n|move|p2a: Ceruledge|Shadow Claw|p1a: Gliscor\n|-crit|p1a: Gliscor\n|-damage|p1a: Gliscor|57\/100\n|\n|-status|p1a: Gliscor|tox|[from] item: Toxic Orb\n|upkeep\n|turn|6\n|\n|t:|1700246639\n|switch|p2a: Corviknight|Corviknight, M, shiny|100\/100\n|move|p1a: Gliscor|Stealth Rock|p2a: Corviknight\n|-sidestart|p2: hackilla15|move: Stealth Rock\n|\n|-heal|p1a: Gliscor|69\/100 tox|[from] ability: Poison Heal\n|upkeep\n|turn|7\n|\n|t:|1700246646\n|switch|p1a: Skeledirge|Skeledirge, F|40\/100\n|move|p2a: Corviknight|Reflect|p2a: Corviknight\n|-sidestart|p2: hackilla15|Reflect\n|\n|upkeep\n|turn|8\n|\n|t:|1700246649\n|move|p2a: Corviknight|Light Screen|p2a: Corviknight\n|-sidestart|p2: hackilla15|move: Light Screen\n|move|p1a: Skeledirge|Slack Off|p1a: Skeledirge\n|-heal|p1a: Skeledirge|90\/100\n|\n|upkeep\n|turn|9\n|\n|t:|1700246652\n|move|p2a: Corviknight|Defog|p1a: Skeledirge\n|-unboost|p1a: Skeledirge|evasion|1\n|-sideend|p2: hackilla15|Stealth Rock|[from] move: Defog|[of] p2a: Corviknight\n|move|p1a: Skeledirge|Will-O-Wisp|p2a: Corviknight\n|-status|p2a: Corviknight|brn\n|\n|-damage|p2a: Corviknight|94\/100 brn|[from] brn\n|upkeep\n|turn|10\n|\n|t:|1700246659\n|switch|p2a: Muk|Muk-Alola, F|100\/100\n|move|p1a: Skeledirge|Torch Song|p2a: Muk\n|-damage|p2a: Muk|89\/100\n|-boost|p1a: Skeledirge|spa|1\n|\n|upkeep\n|turn|11\n|\n|t:|1700246663\n|-terastallize|p1a: Skeledirge|Water\n|move|p1a: Skeledirge|Will-O-Wisp|p2a: Muk\n|-status|p2a: Muk|brn\n|move|p2a: Muk|Knock Off|p1a: Skeledirge\n|-damage|p1a: Skeledirge|75\/100\n|-enditem|p1a: Skeledirge|Heavy-Duty Boots|[from] move: Knock Off|[of] p2a: Muk\n|\n|-damage|p2a: Muk|83\/100 brn|[from] brn\n|upkeep\n|turn|12\n|\n|t:|1700246669\n|move|p1a: Skeledirge|Torch Song|p2a: Muk\n|-damage|p2a: Muk|65\/100 brn\n|-boost|p1a: Skeledirge|spa|1\n|move|p2a: Muk|Haze|p2a: Muk\n|-clearallboost\n|\n|-damage|p2a: Muk|59\/100 brn|[from] brn\n|upkeep\n|turn|13\n|\n|t:|1700246678\n|switch|p2a: Dragonite|Dragonite, M|100\/100\n|move|p1a: Skeledirge|Torch Song|p2a: Dragonite\n|-resisted|p2a: Dragonite\n|-damage|p2a: Dragonite|98\/100\n|-boost|p1a: Skeledirge|spa|1\n|\n|upkeep\n|turn|14\n|\n|t:|1700246681\n|move|p2a: Dragonite|Curse|p2a: Dragonite\n|-unboost|p2a: Dragonite|spe|1\n|-boost|p2a: Dragonite|atk|1\n|-boost|p2a: Dragonite|def|1\n|move|p1a: Skeledirge|Will-O-Wisp|p2a: Dragonite\n|-status|p2a: Dragonite|brn\n|\n|-damage|p2a: Dragonite|92\/100 brn|[from] brn\n|-sideend|p2: hackilla15|Reflect\n|upkeep\n|turn|15\n|\n|t:|1700246686\n|switch|p2a: Venusaur|Venusaur, F, shiny|100\/100\n|move|p1a: Skeledirge|Hex|p2a: Venusaur\n|-damage|p2a: Venusaur|85\/100\n|\n|-sideend|p2: hackilla15|move: Light Screen\n|upkeep\n|turn|16\n|\n|t:|1700246692\n|detailschange|p2a: Venusaur|Venusaur-Mega, F, shiny\n|-mega|p2a: Venusaur|Venusaur|Venusaurite\n|move|p2a: Venusaur|Giga Drain|p1a: Skeledirge\n|-supereffective|p1a: Skeledirge\n|-damage|p1a: Skeledirge|0 fnt\n|-heal|p2a: Venusaur|100\/100|[from] drain|[of] p1a: Skeledirge\n|faint|p1a: Skeledirge\n|\n|upkeep\n|\n|t:|1700246696\n|switch|p1a: Slowking|Slowking-Galar, M|100\/100\n|turn|17\n|\n|t:|1700246699\n|move|p2a: Venusaur|Earth Power|p1a: Slowking\n|-supereffective|p1a: Slowking\n|-damage|p1a: Slowking|71\/100\n|move|p1a: Slowking|Thunder Wave|p2a: Venusaur\n|-status|p2a: Venusaur|par\n|\n|upkeep\n|turn|18\n|\n|t:|1700246703\n|cant|p2a: Venusaur|par\n|move|p1a: Slowking|Future Sight|p2a: Venusaur\n|-start|p1a: Slowking|move: Future Sight\n|\n|upkeep\n|turn|19\n|\n|t:|1700246707\n|cant|p2a: Venusaur|par\n|move|p1a: Slowking|Chilly Reception|p1a: Slowking\n|-weather|Snow\n|\n|t:|1700246720\n|switch|p1a: Lokix|Lokix, M|100\/100|[from] Chilly Reception\n|\n|-weather|Snow|[upkeep]\n|upkeep\n|turn|20\n|\n|t:|1700246728\n|switch|p2a: Corviknight|Corviknight, M, shiny|94\/100 brn\n|move|p1a: Lokix|Axe Kick|p2a: Corviknight\n|-damage|p2a: Corviknight|56\/100 brn\n|-start|p2a: Corviknight|confusion\n|\n|-weather|Snow|[upkeep]\n|-end|p2a: Corviknight|move: Future Sight\n|-resisted|p2a: Corviknight\n|-damage|p2a: Corviknight|38\/100 brn\n|-damage|p2a: Corviknight|32\/100 brn|[from] brn\n|upkeep\n|turn|21\n|\n|t:|1700246738\n|move|p1a: Lokix|Axe Kick|p2a: Corviknight\n|-damage|p2a: Corviknight|0 fnt\n|faint|p2a: Corviknight\n|\n|-weather|Snow|[upkeep]\n|upkeep\n|\n|t:|1700246746\n|switch|p2a: Venusaur|Venusaur-Mega, F, shiny|76\/100\n|turn|22\n|\n|t:|1700246756\n|switch|p1a: Empoleon|Empoleon, F|46\/100\n|move|p2a: Venusaur|Flamethrower|p1a: Empoleon\n|-damage|p1a: Empoleon|19\/100\n|\n|-weather|Snow|[upkeep]\n|upkeep\n|turn|23\n|\n|t:|1700246763\n|switch|p1a: Gliscor|Gliscor, F|69\/100 tox\n|move|p2a: Venusaur|Flamethrower|p1a: Gliscor\n|-crit|p1a: Gliscor\n|-damage|p1a: Gliscor|15\/100 tox\n|\n|-weather|none\n|-heal|p1a: Gliscor|28\/100 tox|[from] ability: Poison Heal\n|upkeep\n|turn|24\n|\n|t:|1700246769\n|move|p2a: Venusaur|Flamethrower|p1a: Gliscor\n|-damage|p1a: Gliscor|0 fnt\n|faint|p1a: Gliscor\n|\n|upkeep\n|\n|t:|1700246773\n|switch|p1a: Minior|Minior-Green|100\/100\n|-formechange|p1a: Minior|Minior-Meteor||[from] ability: Shields Down\n|turn|25\n|\n|t:|1700246777\n|switch|p2a: Ceruledge|Ceruledge, M, shiny|13\/100\n|move|p1a: Minior|Shell Smash|p1a: Minior\n|-unboost|p1a: Minior|def|1\n|-unboost|p1a: Minior|spd|1\n|-boost|p1a: Minior|atk|2\n|-boost|p1a: Minior|spa|2\n|-boost|p1a: Minior|spe|2\n|-enditem|p1a: Minior|White Herb\n|-clearnegativeboost|p1a: Minior|[silent]\n|\n|upkeep\n|turn|26\n|\n|t:|1700246790\n|-terastallize|p2a: Ceruledge|Fighting\n|move|p1a: Minior|Acrobatics|p2a: Ceruledge\n|-supereffective|p2a: Ceruledge\n|-damage|p2a: Ceruledge|0 fnt\n|faint|p2a: Ceruledge\n|\n|upkeep\n|\n|t:|1700246798\n|switch|p2a: Dragonite|Dragonite, M|92\/100 brn\n|turn|27\n|\n|t:|1700246802\n|move|p1a: Minior|Stone Edge|p2a: Dragonite\n|-supereffective|p2a: Dragonite\n|-damage|p2a: Dragonite|0 fnt\n|faint|p2a: Dragonite\n|\n|upkeep\n|\n|t:|1700246805\n|switch|p2a: Venusaur|Venusaur-Mega, F, shiny|100\/100 par\n|turn|28\n|\n|t:|1700246810\n|move|p1a: Minior|Acrobatics|p2a: Venusaur\n|-supereffective|p2a: Venusaur\n|-damage|p2a: Venusaur|0 fnt\n|faint|p2a: Venusaur\n|\n|upkeep\n|\n|t:|1700246813\n|switch|p2a: Muk|Muk-Alola, F|59\/100 brn\n|turn|29\n|\n|t:|1700246818\n|move|p1a: Minior|Earthquake|p2a: Muk\n|-supereffective|p2a: Muk\n|-damage|p2a: Muk|0 fnt\n|faint|p2a: Muk\n|\n|upkeep\n|\n|t:|1700246821\n|switch|p2a: Zoroark|Zoroark-Hisui, F, shiny|76\/100\n|turn|30\n|\n|t:|1700246824\n|move|p1a: Minior|Acrobatics|p2a: Zoroark\n|-crit|p2a: Zoroark\n|-damage|p2a: Zoroark|0 fnt\n|faint|p2a: Zoroark\n|\n|win|Prtbl_Trash\n|raw|Prtbl_Trash's rating: 1302 &rarr; <strong>1322<\/strong><br \/>(+20 for winning)\n|raw|hackilla15's rating: 1302 &rarr; <strong>1282<\/strong><br \/>(-20 for losing)\n","uploadtime":1700246833,"views":15,"p1id":"prtbltrash","p2id":"hackilla15","formatid":"gen9nationaldex","rating":1282,"private":0,"password":""}