{"id":"gen9nationaldex-1995332820","p1":"Sirrawrz","p2":"yanami-sleep","format":"[Gen 9] National Dex","log":"|html|<div class=\"broadcast-blue\"><strong>[Gen 9] National Dex is currently suspecting Sneasler! For information on how to participate check out the <a href=\"https:\/\/www.smogon.com\/forums\/threads\/sv-national-dex-suspect-8-just-dance.3731534\/\">suspect thread<\/a>.<\/strong><\/div>\n|j|\u2606Sirrawrz\n|j|\u2606yanami-sleep\n|t:|1700555231\n|gametype|singles\n|player|p1|Sirrawrz|emmet|1484\n|player|p2|yanami-sleep|dawn-masters3|1547\n|teamsize|p1|6\n|teamsize|p2|6\n|gen|9\n|tier|[Gen 9] National Dex\n|rated|\n|rule|HP Percentage Mod: HP is shown in percentages\n|rule|Endless Battle Clause: Forcing endless battles is banned\n|rule|OHKO Clause: OHKO moves are banned\n|rule|Evasion Clause: Evasion abilities, items, and moves are banned\n|rule|Evasion Abilities Clause: Evasion abilities are banned\n|rule|Evasion Items Clause: Evasion items are banned\n|rule|Evasion Moves Clause: Evasion moves are banned\n|rule|Species Clause: Limit one of each Pok\u00e9mon\n|rule|Sleep Clause Mod: Limit one foe put to sleep\n|clearpoke\n|poke|p1|Ninetales, M|\n|poke|p1|Venusaur, M|\n|poke|p1|Jolteon, F|\n|poke|p1|Blastoise, M|\n|poke|p1|Rhydon, F|\n|poke|p1|Scyther, M|\n|poke|p2|Ogerpon-Wellspring, F|\n|poke|p2|Ditto|\n|poke|p2|Tapu Koko|\n|poke|p2|Garganacl, F|\n|poke|p2|Dragonite, F|\n|poke|p2|Moltres|\n|teampreview\n|\n|t:|1700555243\n|start\n|switch|p1a: Venusaur|Venusaur, M, shiny|100\/100\n|switch|p2a: Ogerpon|Ogerpon-Wellspring, F|100\/100\n|turn|1\n|\n|t:|1700555250\n|switch|p2a: Moltres|Moltres|100\/100\n|move|p1a: Venusaur|Sludge Bomb|p2a: Moltres\n|-damage|p2a: Moltres|47\/100\n|-damage|p1a: Venusaur|91\/100|[from] item: Life Orb\n|\n|upkeep\n|turn|2\n|\n|t:|1700555253\n|move|p1a: Venusaur|Sludge Bomb|p2a: Moltres\n|-damage|p2a: Moltres|0 fnt\n|faint|p2a: Moltres\n|-damage|p1a: Venusaur|81\/100|[from] item: Life Orb\n|\n|upkeep\n|\n|t:|1700555257\n|switch|p2a: Garganacl|Garganacl, F|100\/100\n|turn|3\n|\n|t:|1700555260\n|-terastallize|p2a: Garganacl|Ghost\n|move|p1a: Venusaur|Giga Drain|p2a: Garganacl\n|-damage|p2a: Garganacl|69\/100\n|-heal|p1a: Venusaur|100\/100|[from] drain|[of] p2a: Garganacl\n|-damage|p1a: Venusaur|91\/100|[from] item: Life Orb\n|move|p2a: Garganacl|Iron Defense|p2a: Garganacl\n|-boost|p2a: Garganacl|def|2\n|\n|-heal|p2a: Garganacl|75\/100|[from] item: Leftovers\n|upkeep\n|turn|4\n|\n|t:|1700555262\n|switch|p1a: Blastoise|Blastoise, M, shiny|100\/100\n|move|p2a: Garganacl|Salt Cure|p1a: Blastoise\n|-damage|p1a: Blastoise|91\/100\n|-start|p1a: Blastoise|Salt Cure\n|\n|-heal|p2a: Garganacl|81\/100|[from] item: Leftovers\n|-damage|p1a: Blastoise|66\/100|[from] Salt Cure\n|upkeep\n|turn|5\n|\n|t:|1700555265\n|move|p2a: Garganacl|Recover|p2a: Garganacl\n|-heal|p2a: Garganacl|100\/100\n|move|p1a: Blastoise|Dragon Tail|p2a: Garganacl\n|-damage|p2a: Garganacl|97\/100\n|drag|p2a: Dragonite|Dragonite, F|100\/100\n|\n|-damage|p1a: Blastoise|41\/100|[from] Salt Cure\n|upkeep\n|turn|6\n|\n|t:|1700555269\n|move|p2a: Dragonite|Extreme Speed|p1a: Blastoise\n|-damage|p1a: Blastoise|21\/100\n|move|p1a: Blastoise|Dragon Tail|p2a: Dragonite\n|-supereffective|p2a: Dragonite\n|-damage|p2a: Dragonite|89\/100\n|drag|p2a: Ogerpon|Ogerpon-Wellspring, F|100\/100\n|\n|-damage|p1a: Blastoise|0 fnt|[from] Salt Cure\n|faint|p1a: Blastoise\n|upkeep\n|\n|t:|1700555287\n|switch|p1a: Scyther|Scyther, M, shiny|100\/100\n|turn|7\n|\n|t:|1700555290\n|switch|p2a: Garganacl|Garganacl, F, tera:Ghost|97\/100\n|move|p1a: Scyther|Knock Off|p2a: Garganacl\n|-supereffective|p2a: Garganacl\n|-damage|p2a: Garganacl|39\/100\n|-enditem|p2a: Garganacl|Leftovers|[from] move: Knock Off|[of] p1a: Scyther\n|\n|upkeep\n|turn|8\n|\n|t:|1700555302\n|switch|p1a: Rhydon|Rhydon, F, shiny|100\/100\n|move|p2a: Garganacl|Recover|p2a: Garganacl\n|-heal|p2a: Garganacl|89\/100\n|\n|upkeep\n|turn|9\n|\n|t:|1700555305\n|move|p1a: Rhydon|Stealth Rock|p2a: Garganacl\n|-sidestart|p2: yanami-sleep|move: Stealth Rock\n|move|p2a: Garganacl|Iron Defense|p2a: Garganacl\n|-boost|p2a: Garganacl|def|2\n|\n|upkeep\n|turn|10\n|\n|t:|1700555309\n|switch|p1a: Ninetales|Ninetales, M, shiny|100\/100\n|-weather|SunnyDay|[from] ability: Drought|[of] p1a: Ninetales\n|move|p2a: Garganacl|Iron Defense|p2a: Garganacl\n|-boost|p2a: Garganacl|def|2\n|\n|-weather|SunnyDay|[upkeep]\n|upkeep\n|turn|11\n|\n|t:|1700555316\n|switch|p1a: Venusaur|Venusaur, M, shiny|91\/100\n|move|p2a: Garganacl|Body Press|p1a: Venusaur\n|-resisted|p1a: Venusaur\n|-damage|p1a: Venusaur|42\/100\n|\n|-weather|SunnyDay|[upkeep]\n|upkeep\n|turn|12\n|\n|t:|1700555322\n|-terastallize|p1a: Venusaur|Fire\n|move|p1a: Venusaur|Weather Ball|p2a: Garganacl\n|-damage|p2a: Garganacl|30\/100\n|-damage|p1a: Venusaur|32\/100|[from] item: Life Orb\n|move|p2a: Garganacl|Body Press|p1a: Venusaur\n|-damage|p1a: Venusaur|0 fnt\n|faint|p1a: Venusaur\n|\n|-weather|SunnyDay|[upkeep]\n|upkeep\n|\n|t:|1700555340\n|switch|p1a: Ninetales|Ninetales, M, shiny|100\/100\n|turn|13\n|\n|t:|1700555348\n|switch|p2a: Dragonite|Dragonite, F|89\/100\n|move|p1a: Ninetales|Weather Ball|p2a: Dragonite\n|-resisted|p2a: Dragonite\n|-damage|p2a: Dragonite|65\/100\n|\n|-weather|SunnyDay|[upkeep]\n|upkeep\n|turn|14\n|\n|t:|1700555351\n|switch|p1a: Rhydon|Rhydon, F, shiny|100\/100\n|move|p2a: Dragonite|Roost|p2a: Dragonite\n|-heal|p2a: Dragonite|100\/100\n|-singleturn|p2a: Dragonite|move: Roost\n|\n|-weather|none\n|upkeep\n|turn|15\n|\n|t:|1700555355\n|move|p2a: Dragonite|Earthquake|p1a: Rhydon\n|-supereffective|p1a: Rhydon\n|-damage|p1a: Rhydon|63\/100\n|move|p1a: Rhydon|Avalanche|p2a: Dragonite\n|-supereffective|p2a: Dragonite\n|-damage|p2a: Dragonite|36\/100\n|\n|upkeep\n|turn|16\n|\n|t:|1700555361\n|switch|p2a: Garganacl|Garganacl, F, tera:Ghost|30\/100\n|-damage|p2a: Garganacl|17\/100|[from] Stealth Rock\n|switch|p1a: Scyther|Scyther, M, shiny|100\/100\n|\n|upkeep\n|turn|17\n|\n|t:|1700555370\n|move|p1a: Scyther|Dual Wingbeat|p2a: Garganacl\n|-damage|p2a: Garganacl|0 fnt\n|faint|p2a: Garganacl\n|-hitcount|p2: Garganacl|1\n|\n|upkeep\n|\n|t:|1700555375\n|switch|p2a: Ogerpon|Ogerpon-Wellspring, F|100\/100\n|-damage|p2a: Ogerpon|88\/100|[from] Stealth Rock\n|turn|18\n|\n|t:|1700555377\n|move|p2a: Ogerpon|Ivy Cudgel|p1a: Scyther|[anim] Ivy Cudgel Water\n|-damage|p1a: Scyther|13\/100\n|move|p1a: Scyther|Dual Wingbeat|p2a: Ogerpon\n|-supereffective|p2a: Ogerpon\n|-damage|p2a: Ogerpon|0 fnt\n|faint|p2a: Ogerpon\n|-hitcount|p2: Ogerpon|1\n|\n|upkeep\n|\n|t:|1700555381\n|switch|p2a: Dragonite|Dragonite, F|36\/100\n|turn|19\n|\n|t:|1700555384\n|switch|p1a: Rhydon|Rhydon, F, shiny|63\/100\n|move|p2a: Dragonite|Roost|p2a: Dragonite\n|-heal|p2a: Dragonite|86\/100\n|-singleturn|p2a: Dragonite|move: Roost\n|\n|upkeep\n|turn|20\n|\n|t:|1700555389\n|switch|p2a: Ditto|Ditto|100\/100\n|-damage|p2a: Ditto|88\/100|[from] Stealth Rock\n|-transform|p2a: Ditto|p1a: Rhydon|[from] ability: Imposter\n|move|p1a: Rhydon|Avalanche|p2a: Ditto\n|-supereffective|p2a: Ditto\n|-damage|p2a: Ditto|49\/100\n|\n|upkeep\n|turn|21\n|\n|t:|1700555393\n|switch|p1a: Scyther|Scyther, M, shiny|13\/100\n|move|p2a: Ditto|Superpower|p1a: Scyther\n|-resisted|p1a: Scyther\n|-damage|p1a: Scyther|0 fnt\n|-unboost|p2a: Ditto|atk|1\n|-unboost|p2a: Ditto|def|1\n|faint|p1a: Scyther\n|\n|upkeep\n|\n|t:|1700555412\n|switch|p1a: Ninetales|Ninetales, M, shiny|100\/100\n|-weather|SunnyDay|[from] ability: Drought|[of] p1a: Ninetales\n|turn|22\n|\n|t:|1700555433\n|switch|p1a: Rhydon|Rhydon, F, shiny|63\/100\n|switch|p2a: Dragonite|Dragonite, F|86\/100\n|\n|-weather|SunnyDay|[upkeep]\n|upkeep\n|turn|23\n|\n|t:|1700555445\n|move|p2a: Dragonite|Earthquake|p1a: Rhydon\n|-supereffective|p1a: Rhydon\n|-damage|p1a: Rhydon|25\/100\n|move|p1a: Rhydon|Avalanche|p2a: Dragonite\n|-supereffective|p2a: Dragonite\n|-damage|p2a: Dragonite|0 fnt\n|faint|p2a: Dragonite\n|\n|-weather|SunnyDay|[upkeep]\n|upkeep\n|\n|t:|1700555447\n|switch|p2a: Tapu Koko|Tapu Koko|100\/100\n|-damage|p2a: Tapu Koko|88\/100|[from] Stealth Rock\n|-fieldstart|move: Electric Terrain|[from] ability: Electric Surge|[of] p2a: Tapu Koko\n|turn|24\n|\n|t:|1700555458\n|switch|p1a: Jolteon|Jolteon, F, shiny|100\/100\n|move|p2a: Tapu Koko|Hidden Power|p1a: Jolteon\n|-damage|p1a: Jolteon|77\/100\n|\n|-weather|SunnyDay|[upkeep]\n|-status|p1a: Jolteon|brn|[from] item: Flame Orb\n|upkeep\n|turn|25\n|\n|t:|1700555464\n|move|p1a: Jolteon|Volt Switch|p2a: Tapu Koko\n|-resisted|p2a: Tapu Koko\n|-damage|p2a: Tapu Koko|58\/100\n|\n|t:|1700555470\n|switch|p1a: Rhydon|Rhydon, F, shiny|25\/100|[from] Volt Switch\n|-zpower|p2a: Tapu Koko\n|move|p2a: Tapu Koko|Gigavolt Havoc|p1a: Rhydon|[zeffect]\n|-ability|p1a: Rhydon|Lightning Rod|boost\n|-boost|p1a: Rhydon|spa|1\n|\n|-weather|SunnyDay|[upkeep]\n|upkeep\n|turn|26\n|\n|t:|1700555474\n|move|p2a: Tapu Koko|Dazzling Gleam|p1a: Rhydon\n|-damage|p1a: Rhydon|1\/100\n|move|p1a: Rhydon|Earthquake|p2a: Tapu Koko\n|-supereffective|p2a: Tapu Koko\n|-damage|p2a: Tapu Koko|0 fnt\n|faint|p2a: Tapu Koko\n|\n|-weather|none\n|upkeep\n|\n|t:|1700555479\n|switch|p2a: Ditto|Ditto|49\/100\n|-damage|p2a: Ditto|36\/100|[from] Stealth Rock\n|-transform|p2a: Ditto|p1a: Rhydon|[from] ability: Imposter\n|turn|27\n|\n|t:|1700555482\n|move|p2a: Ditto|Earthquake|p1a: Rhydon\n|-supereffective|p1a: Rhydon\n|-damage|p1a: Rhydon|0 fnt\n|faint|p1a: Rhydon\n|\n|upkeep\n|\n|t:|1700555484\n|switch|p1a: Ninetales|Ninetales, M, shiny|100\/100\n|-weather|SunnyDay|[from] ability: Drought|[of] p1a: Ninetales\n|turn|28\n|\n|t:|1700555486\n|move|p1a: Ninetales|Solar Beam||[still]\n|-prepare|p1a: Ninetales|Solar Beam\n|-anim|p1a: Ninetales|Solar Beam|p2a: Ditto\n|-supereffective|p2a: Ditto\n|-damage|p2a: Ditto|0 fnt\n|faint|p2a: Ditto\n|\n|win|Sirrawrz\n|raw|Sirrawrz's rating: 1484 &rarr; <strong>1508<\/strong><br \/>(+24 for winning)\n|raw|yanami-sleep's rating: 1547 &rarr; <strong>1523<\/strong><br \/>(-24 for losing)\n|l|\u2606yanami-sleep\n","uploadtime":1700555511,"views":3,"p1id":"sirrawrz","p2id":"yanamisleep","formatid":"gen9nationaldex","rating":1508,"private":0,"password":""}