{"id":"gen9nationaldex-1994143856","p1":"Francuz27","p2":"Feuer und Flammen","format":"[Gen 9] National Dex","log":"|j|\u2606Francuz27\n|j|\u2606Feuer und Flammen\n|t:|1700412014\n|gametype|singles\n|player|p1|Francuz27|102|1657\n|player|p2|Feuer und Flammen|zinzolin|1503\n|teamsize|p1|6\n|teamsize|p2|6\n|gen|9\n|tier|[Gen 9] National Dex\n|rated|\n|rule|HP Percentage Mod: HP is shown in percentages\n|rule|Endless Battle Clause: Forcing endless battles is banned\n|rule|OHKO Clause: OHKO moves are banned\n|rule|Evasion Clause: Evasion abilities, items, and moves are banned\n|rule|Evasion Abilities Clause: Evasion abilities are banned\n|rule|Evasion Items Clause: Evasion items are banned\n|rule|Evasion Moves Clause: Evasion moves are banned\n|rule|Species Clause: Limit one of each Pok\u00e9mon\n|rule|Sleep Clause Mod: Limit one foe put to sleep\n|clearpoke\n|poke|p1|Pelipper, F|\n|poke|p1|Skarmory, M|\n|poke|p1|Swampert, M|\n|poke|p1|Ludicolo, M|\n|poke|p1|Barraskewda, F|\n|poke|p1|Goodra, M|\n|poke|p2|Tapu Koko|\n|poke|p2|Kartana|\n|poke|p2|Charizard, F|\n|poke|p2|Hatterene, F|\n|poke|p2|Bisharp, M|\n|poke|p2|Urshifu-*, M|\n|teampreview\n|inactive|Battle timer is ON: inactive players will automatically lose when time's up. (requested by Feuer und Flammen)\n|\n|t:|1700412026\n|start\n|switch|p1a: Pelipper|Pelipper, F|100\/100\n|switch|p2a: Tapu Koko|Tapu Koko|100\/100\n|-fieldstart|move: Electric Terrain|[from] ability: Electric Surge|[of] p2a: Tapu Koko\n|-item|p2a: Tapu Koko|Air Balloon\n|-weather|RainDance|[from] ability: Drizzle|[of] p1a: Pelipper\n|turn|1\n|\n|t:|1700412049\n|switch|p1a: Swampert|Swampert, M|100\/100\n|move|p2a: Tapu Koko|Dazzling Gleam|p1a: Swampert\n|-damage|p1a: Swampert|64\/100\n|\n|-weather|RainDance|[upkeep]\n|upkeep\n|turn|2\n|\n|t:|1700412057\n|detailschange|p1a: Swampert|Swampert-Mega, M\n|-mega|p1a: Swampert|Swampert|Swampertite\n|move|p1a: Swampert|Waterfall|p2a: Tapu Koko\n|-damage|p2a: Tapu Koko|0 fnt\n|-enditem|p2a: Tapu Koko|Air Balloon\n|faint|p2a: Tapu Koko\n|\n|-weather|RainDance|[upkeep]\n|upkeep\n|\n|t:|1700412060\n|switch|p2a: Charizard|Charizard, F|100\/100\n|turn|3\n|\n|t:|1700412066\n|switch|p1a: Goodra|Goodra, M|100\/100\n|detailschange|p2a: Charizard|Charizard-Mega-Y, F\n|-mega|p2a: Charizard|Charizard|Charizardite Y\n|-weather|SunnyDay|[from] ability: Drought|[of] p2a: Charizard\n|move|p2a: Charizard|Solar Beam||[still]\n|-prepare|p2a: Charizard|Solar Beam\n|-anim|p2a: Charizard|Solar Beam|p1a: Goodra\n|-ability|p1a: Goodra|Sap Sipper|boost\n|-boost|p1a: Goodra|atk|1\n|\n|-weather|SunnyDay|[upkeep]\n|upkeep\n|turn|4\n|\n|t:|1700412077\n|switch|p1a: Pelipper|Pelipper, F|100\/100\n|-weather|RainDance|[from] ability: Drizzle|[of] p1a: Pelipper\n|move|p2a: Charizard|Scorching Sands|p1a: Pelipper\n|-immune|p1a: Pelipper\n|\n|-weather|RainDance|[upkeep]\n|upkeep\n|turn|5\n|\n|t:|1700412084\n|move|p2a: Charizard|Weather Ball|p1a: Pelipper\n|-resisted|p1a: Pelipper\n|-crit|p1a: Pelipper\n|-damage|p1a: Pelipper|42\/100\n|move|p1a: Pelipper|U-turn|p2a: Charizard\n|-resisted|p2a: Charizard\n|-crit|p2a: Charizard\n|-damage|p2a: Charizard|96\/100\n|\n|t:|1700412091\n|switch|p1a: Barraskewda|Barraskewda, F|100\/100|[from] U-turn\n|\n|-weather|RainDance|[upkeep]\n|-fieldend|move: Electric Terrain\n|upkeep\n|turn|6\n|\n|t:|1700412105\n|switch|p2a: Bisharp|Bisharp, M|100\/100\n|-terastallize|p1a: Barraskewda|Water\n|move|p1a: Barraskewda|Liquidation|p2a: Bisharp\n|-damage|p2a: Bisharp|0 fnt\n|faint|p2a: Bisharp\n|\n|-weather|RainDance|[upkeep]\n|upkeep\n|\n|t:|1700412108\n|switch|p2a: Kartana|Kartana|100\/100\n|turn|7\n|\n|t:|1700412116\n|switch|p1a: Skarmory|Skarmory, M|100\/100\n|move|p2a: Kartana|Leaf Blade|p1a: Skarmory\n|-resisted|p1a: Skarmory\n|-damage|p1a: Skarmory|92\/100\n|-damage|p2a: Kartana|84\/100|[from] item: Rocky Helmet|[of] p1a: Skarmory\n|\n|-weather|RainDance|[upkeep]\n|upkeep\n|turn|8\n|\n|t:|1700412124\n|switch|p2a: Hatterene|Hatterene, F|100\/100\n|move|p1a: Skarmory|Spikes|p2a: Hatterene\n|move|p2a: Hatterene|Spikes|p1a: Skarmory|[from]ability: Magic Bounce\n|-sidestart|p1: Francuz27|Spikes\n|\n|-weather|RainDance|[upkeep]\n|upkeep\n|turn|9\n|\n|t:|1700412131\n|move|p2a: Hatterene|Mystical Fire|p1a: Skarmory\n|-supereffective|p1a: Skarmory\n|-damage|p1a: Skarmory|48\/100\n|-unboost|p1a: Skarmory|spa|1\n|move|p1a: Skarmory|Whirlwind|p2a: Hatterene\n|move|p2a: Hatterene|Whirlwind|p1a: Skarmory|[from]ability: Magic Bounce\n|drag|p1a: Barraskewda|Barraskewda, F, tera:Water|100\/100\n|-damage|p1a: Barraskewda|88\/100|[from] Spikes\n|\n|-weather|RainDance|[upkeep]\n|upkeep\n|turn|10\n|\n|t:|1700412141\n|move|p1a: Barraskewda|Liquidation|p2a: Hatterene\n|-damage|p2a: Hatterene|0 fnt\n|faint|p2a: Hatterene\n|\n|-weather|RainDance|[upkeep]\n|upkeep\n|\n|t:|1700412145\n|switch|p2a: Urshifu|Urshifu-Rapid-Strike, M|100\/100\n|turn|11\n|\n|t:|1700412152\n|switch|p1a: Skarmory|Skarmory, M|48\/100\n|move|p2a: Urshifu|Trailblaze|p1a: Skarmory\n|-resisted|p1a: Skarmory\n|-damage|p1a: Skarmory|45\/100\n|-boost|p2a: Urshifu|spe|1\n|-damage|p2a: Urshifu|84\/100|[from] item: Rocky Helmet|[of] p1a: Skarmory\n|\n|-weather|none\n|upkeep\n|turn|12\n|\n|t:|1700412161\n|move|p2a: Urshifu|Surging Strikes|p1a: Skarmory\n|-crit|p1a: Skarmory\n|-damage|p1a: Skarmory|33\/100\n|-crit|p1a: Skarmory\n|-damage|p1a: Skarmory|18\/100\n|-crit|p1a: Skarmory\n|-damage|p1a: Skarmory|4\/100\n|-hitcount|p1a: Skarmory|3\n|move|p1a: Skarmory|Roost|p1a: Skarmory\n|-heal|p1a: Skarmory|54\/100\n|-singleturn|p1a: Skarmory|move: Roost\n|\n|upkeep\n|turn|13\n|\n|t:|1700412171\n|move|p2a: Urshifu|Swords Dance|p2a: Urshifu\n|-boost|p2a: Urshifu|atk|2\n|move|p1a: Skarmory|Roost|p1a: Skarmory\n|-heal|p1a: Skarmory|100\/100\n|-singleturn|p1a: Skarmory|move: Roost\n|\n|upkeep\n|turn|14\n|\n|t:|1700412178\n|move|p2a: Urshifu|Drain Punch|p1a: Skarmory\n|-damage|p1a: Skarmory|50\/100\n|-heal|p2a: Urshifu|100\/100|[from] drain|[of] p1a: Skarmory\n|move|p1a: Skarmory|Whirlwind|p2a: Urshifu\n|drag|p2a: Kartana|Kartana|84\/100\n|\n|upkeep\n|turn|15\n|\n|t:|1700412185\n|move|p2a: Kartana|Knock Off|p1a: Skarmory\n|-damage|p1a: Skarmory|23\/100\n|-damage|p2a: Kartana|67\/100|[from] item: Rocky Helmet|[of] p1a: Skarmory\n|-enditem|p1a: Skarmory|Rocky Helmet|[from] move: Knock Off|[of] p2a: Kartana\n|move|p1a: Skarmory|Roost|p1a: Skarmory\n|-heal|p1a: Skarmory|73\/100\n|-singleturn|p1a: Skarmory|move: Roost\n|\n|upkeep\n|turn|16\n|\n|t:|1700412193\n|switch|p2a: Charizard|Charizard-Mega-Y, F|96\/100\n|-weather|SunnyDay|[from] ability: Drought|[of] p2a: Charizard\n|move|p1a: Skarmory|Spikes|p2a: Charizard\n|-sidestart|p2: Feuer und Flammen|Spikes\n|\n|-weather|SunnyDay|[upkeep]\n|upkeep\n|turn|17\n|\n|t:|1700412201\n|switch|p1a: Pelipper|Pelipper, F|42\/100\n|-weather|RainDance|[from] ability: Drizzle|[of] p1a: Pelipper\n|move|p2a: Charizard|Weather Ball|p1a: Pelipper\n|-resisted|p1a: Pelipper\n|-damage|p1a: Pelipper|0 fnt\n|faint|p1a: Pelipper\n|\n|-weather|RainDance|[upkeep]\n|upkeep\n|\n|t:|1700412212\n|switch|p1a: Barraskewda|Barraskewda, F, tera:Water|88\/100\n|-damage|p1a: Barraskewda|76\/100|[from] Spikes\n|turn|18\n|\n|t:|1700412216\n|switch|p2a: Kartana|Kartana|67\/100\n|-damage|p2a: Kartana|55\/100|[from] Spikes\n|move|p1a: Barraskewda|Liquidation|p2a: Kartana\n|-resisted|p2a: Kartana\n|-damage|p2a: Kartana|0 fnt\n|faint|p2a: Kartana\n|\n|-weather|RainDance|[upkeep]\n|upkeep\n|\n|t:|1700412219\n|switch|p2a: Charizard|Charizard-Mega-Y, F|96\/100\n|-weather|SunnyDay|[from] ability: Drought|[of] p2a: Charizard\n|turn|19\n|\n|t:|1700412227\n|move|p1a: Barraskewda|Liquidation|p2a: Charizard\n|-supereffective|p2a: Charizard\n|-damage|p2a: Charizard|0 fnt\n|faint|p2a: Charizard\n|\n|-weather|SunnyDay|[upkeep]\n|upkeep\n|\n|t:|1700412229\n|switch|p2a: Urshifu|Urshifu-Rapid-Strike, M|100\/100\n|-damage|p2a: Urshifu|88\/100|[from] Spikes\n|turn|20\n|\n|t:|1700412236\n|switch|p1a: Skarmory|Skarmory, M|73\/100\n|move|p2a: Urshifu|Trailblaze|p1a: Skarmory\n|-resisted|p1a: Skarmory\n|-crit|p1a: Skarmory\n|-damage|p1a: Skarmory|69\/100\n|-boost|p2a: Urshifu|spe|1\n|\n|-weather|SunnyDay|[upkeep]\n|upkeep\n|turn|21\n|\n|t:|1700412245\n|move|p2a: Urshifu|Swords Dance|p2a: Urshifu\n|-boost|p2a: Urshifu|atk|2\n|move|p1a: Skarmory|Toxic|p2a: Urshifu\n|-status|p2a: Urshifu|tox\n|\n|-weather|SunnyDay|[upkeep]\n|-damage|p2a: Urshifu|82\/100 tox|[from] psn\n|upkeep\n|turn|22\n|\n|t:|1700412252\n|move|p2a: Urshifu|Drain Punch|p1a: Skarmory\n|-damage|p1a: Skarmory|18\/100\n|-heal|p2a: Urshifu|100\/100 tox|[from] drain|[of] p1a: Skarmory\n|move|p1a: Skarmory|Roost|p1a: Skarmory\n|-heal|p1a: Skarmory|68\/100\n|-singleturn|p1a: Skarmory|move: Roost\n|\n|-weather|SunnyDay|[upkeep]\n|-damage|p2a: Urshifu|88\/100 tox|[from] psn\n|upkeep\n|turn|23\n|\n|t:|1700412261\n|move|p2a: Urshifu|Swords Dance|p2a: Urshifu\n|-boost|p2a: Urshifu|atk|2\n|move|p1a: Skarmory|Roost|p1a: Skarmory\n|-heal|p1a: Skarmory|100\/100\n|-singleturn|p1a: Skarmory|move: Roost\n|\n|-weather|none\n|-damage|p2a: Urshifu|70\/100 tox|[from] psn\n|upkeep\n|turn|24\n|\n|t:|1700412270\n|move|p2a: Urshifu|Drain Punch|p1a: Skarmory\n|-damage|p1a: Skarmory|19\/100\n|-heal|p2a: Urshifu|100\/100 tox|[from] drain|[of] p1a: Skarmory\n|move|p1a: Skarmory|Roost|p1a: Skarmory\n|-heal|p1a: Skarmory|69\/100\n|-singleturn|p1a: Skarmory|move: Roost\n|\n|-damage|p2a: Urshifu|76\/100 tox|[from] psn\n|upkeep\n|turn|25\n|\n|t:|1700412284\n|switch|p1a: Swampert|Swampert-Mega, M|64\/100\n|-damage|p1a: Swampert|51\/100|[from] Spikes\n|move|p2a: Urshifu|Drain Punch|p1a: Swampert\n|-damage|p1a: Swampert|0 fnt\n|-heal|p2a: Urshifu|100\/100 tox|[from] drain|[of] p1a: Swampert\n|faint|p1a: Swampert\n|\n|-damage|p2a: Urshifu|70\/100 tox|[from] psn\n|upkeep\n|inactive|Francuz27 has 120 seconds left.\n|\n|t:|1700412321\n|switch|p1a: Skarmory|Skarmory, M|69\/100\n|turn|26\n|\n|t:|1700412324\n|move|p2a: Urshifu|Drain Punch|p1a: Skarmory\n|-damage|p1a: Skarmory|0 fnt\n|-heal|p2a: Urshifu|100\/100 tox|[from] drain|[of] p1a: Skarmory\n|faint|p1a: Skarmory\n|\n|-damage|p2a: Urshifu|64\/100 tox|[from] psn\n|upkeep\n|inactive|Francuz27 has 120 seconds left.\n|\n|t:|1700412334\n|switch|p1a: Ludicolo|Ludicolo, M|100\/100\n|-damage|p1a: Ludicolo|88\/100|[from] Spikes\n|turn|27\n|\n|t:|1700412338\n|move|p2a: Urshifu|Drain Punch|p1a: Ludicolo\n|-damage|p1a: Ludicolo|0 fnt\n|-heal|p2a: Urshifu|100\/100 tox|[from] drain|[of] p1a: Ludicolo\n|faint|p1a: Ludicolo\n|\n|-damage|p2a: Urshifu|57\/100 tox|[from] psn\n|upkeep\n|\n|t:|1700412346\n|switch|p1a: Barraskewda|Barraskewda, F, tera:Water|76\/100\n|-damage|p1a: Barraskewda|64\/100|[from] Spikes\n|turn|28\n|\n|t:|1700412350\n|move|p2a: Urshifu|Drain Punch|p1a: Barraskewda\n|-damage|p1a: Barraskewda|0 fnt\n|-heal|p2a: Urshifu|82\/100 tox|[from] drain|[of] p1a: Barraskewda\n|faint|p1a: Barraskewda\n|\n|-damage|p2a: Urshifu|33\/100 tox|[from] psn\n|upkeep\n|\n|t:|1700412356\n|switch|p1a: Goodra|Goodra, M|100\/100\n|-damage|p1a: Goodra|88\/100|[from] Spikes\n|turn|29\n|\n|t:|1700412361\n|move|p2a: Urshifu|Drain Punch|p1a: Goodra\n|-damage|p1a: Goodra|0 fnt\n|-heal|p2a: Urshifu|82\/100 tox|[from] drain|[of] p1a: Goodra\n|faint|p1a: Goodra\n|\n|win|Feuer und Flammen\n|raw|Francuz27's rating: 1657 &rarr; <strong>1629<\/strong><br \/>(-28 for losing)\n|raw|Feuer und Flammen's rating: 1503 &rarr; <strong>1531<\/strong><br \/>(+28 for winning)\n|c|\u2606Feuer und Flammen|ggwp\n|l|\u2606Francuz27\n","uploadtime":1700412616,"views":6,"p1id":"francuz27","p2id":"feuerundflammen","formatid":"gen9nationaldex","rating":1531,"private":0,"password":""}