{"id":"gen9nationaldex-1993255854","p1":"o1145145145","p2":"ChaosEmperor96","format":"[Gen 9] National Dex","log":"|j|\u2606o1145145145\n|j|\u2606ChaosEmperor96\n|t:|1700285145\n|gametype|singles\n|player|p1|o1145145145|2|1055\n|player|p2|ChaosEmperor96|marshal|1144\n|teamsize|p1|6\n|teamsize|p2|6\n|gen|9\n|tier|[Gen 9] National Dex\n|rated|\n|rule|HP Percentage Mod: HP is shown in percentages\n|rule|Endless Battle Clause: Forcing endless battles is banned\n|rule|OHKO Clause: OHKO moves are banned\n|rule|Evasion Clause: Evasion abilities, items, and moves are banned\n|rule|Evasion Abilities Clause: Evasion abilities are banned\n|rule|Evasion Items Clause: Evasion items are banned\n|rule|Evasion Moves Clause: Evasion moves are banned\n|rule|Species Clause: Limit one of each Pok\u00e9mon\n|rule|Sleep Clause Mod: Limit one foe put to sleep\n|clearpoke\n|poke|p1|Kyurem|\n|poke|p1|Corviknight, F|\n|poke|p1|Amoonguss, M|\n|poke|p1|Tapu Koko|\n|poke|p1|Garganacl, M|\n|poke|p1|Gliscor, F|\n|poke|p2|Emboar, M|\n|poke|p2|Haxorus, M|\n|poke|p2|Excadrill, M|\n|poke|p2|Galvantula, M|\n|poke|p2|Mandibuzz, F|\n|poke|p2|Vanilluxe, M|\n|teampreview\n|inactive|Battle timer is ON: inactive players will automatically lose when time's up. (requested by ChaosEmperor96)\n|\n|t:|1700285152\n|start\n|switch|p1a: Gliscor|Gliscor, F, shiny|100\/100\n|switch|p2a: Vanilluxe|Vanilluxe, M, shiny|100\/100\n|turn|1\n|\n|t:|1700285158\n|move|p1a: Gliscor|Protect|p1a: Gliscor\n|-singleturn|p1a: Gliscor|Protect\n|move|p2a: Vanilluxe|Ice Beam|p1a: Gliscor\n|-activate|p1a: Gliscor|move: Protect\n|\n|-status|p1a: Gliscor|tox|[from] item: Toxic Orb\n|upkeep\n|turn|2\n|\n|t:|1700285166\n|switch|p1a: Corviknight|Corviknight, F|100\/100\n|move|p2a: Vanilluxe|Ice Beam|p1a: Corviknight\n|-damage|p1a: Corviknight|54\/100\n|\n|upkeep\n|turn|3\n|\n|t:|1700285173\n|move|p2a: Vanilluxe|Ice Beam|p1a: Corviknight\n|-damage|p1a: Corviknight|12\/100\n|-enditem|p1a: Corviknight|Sitrus Berry|[eat]\n|-heal|p1a: Corviknight|37\/100|[from] item: Sitrus Berry\n|move|p1a: Corviknight|Roost|p1a: Corviknight\n|-heal|p1a: Corviknight|87\/100\n|-singleturn|p1a: Corviknight|move: Roost\n|\n|upkeep\n|turn|4\n|\n|t:|1700285184\n|-terastallize|p2a: Vanilluxe|Dragon\n|move|p2a: Vanilluxe|Ice Beam|p1a: Corviknight\n|-damage|p1a: Corviknight|44\/100\n|move|p1a: Corviknight|Iron Defense|p1a: Corviknight\n|-boost|p1a: Corviknight|def|2\n|\n|upkeep\n|turn|5\n|\n|t:|1700285191\n|move|p2a: Vanilluxe|Ice Beam|p1a: Corviknight\n|-damage|p1a: Corviknight|1\/100\n|-status|p1a: Corviknight|frz\n|-curestatus|p1a: Corviknight|frz|[msg]\n|move|p1a: Corviknight|Roost|p1a: Corviknight\n|-heal|p1a: Corviknight|51\/100\n|-singleturn|p1a: Corviknight|move: Roost\n|\n|upkeep\n|turn|6\n|\n|t:|1700285201\n|move|p2a: Vanilluxe|Ice Beam|p1a: Corviknight\n|-damage|p1a: Corviknight|9\/100\n|move|p1a: Corviknight|Roost|p1a: Corviknight\n|-heal|p1a: Corviknight|59\/100\n|-singleturn|p1a: Corviknight|move: Roost\n|\n|upkeep\n|turn|7\n|\n|t:|1700285208\n|switch|p2a: Galvantula|Galvantula, M, shiny|100\/100\n|move|p1a: Corviknight|Roost|p1a: Corviknight\n|-heal|p1a: Corviknight|100\/100\n|-singleturn|p1a: Corviknight|move: Roost\n|\n|upkeep\n|turn|8\n|\n|t:|1700285216\n|move|p2a: Galvantula|Thunderbolt|p1a: Corviknight\n|-supereffective|p1a: Corviknight\n|-damage|p1a: Corviknight|26\/100\n|-status|p1a: Corviknight|par\n|move|p1a: Corviknight|Body Press|p2a: Galvantula\n|-resisted|p2a: Galvantula\n|-damage|p2a: Galvantula|57\/100\n|\n|upkeep\n|turn|9\n|\n|t:|1700285225\n|switch|p1a: Gliscor|Gliscor, F, shiny|100\/100 tox\n|move|p2a: Galvantula|Thunderbolt|p1a: Gliscor\n|-immune|p1a: Gliscor\n|\n|upkeep\n|turn|10\n|\n|t:|1700285232\n|move|p2a: Galvantula|Energy Ball|p1a: Gliscor\n|-damage|p1a: Gliscor|74\/100 tox\n|move|p1a: Gliscor|Stealth Rock|p2a: Galvantula\n|-sidestart|p2: ChaosEmperor96|move: Stealth Rock\n|\n|-heal|p1a: Gliscor|86\/100 tox|[from] ability: Poison Heal\n|upkeep\n|turn|11\n|\n|t:|1700285239\n|switch|p2a: Mandibuzz|Mandibuzz, F, shiny|100\/100\n|move|p1a: Gliscor|Earthquake|p2a: Mandibuzz\n|-immune|p2a: Mandibuzz\n|\n|-heal|p1a: Gliscor|98\/100 tox|[from] ability: Poison Heal\n|upkeep\n|turn|12\n|\n|t:|1700285247\n|move|p1a: Gliscor|Spikes|p2a: Mandibuzz\n|-sidestart|p2: ChaosEmperor96|Spikes\n|move|p2a: Mandibuzz|Defog|p1a: Gliscor\n|-unboost|p1a: Gliscor|evasion|1\n|-sideend|p2: ChaosEmperor96|Spikes|[from] move: Defog|[of] p2a: Mandibuzz\n|-sideend|p2: ChaosEmperor96|Stealth Rock|[from] move: Defog|[of] p2a: Mandibuzz\n|\n|-heal|p1a: Gliscor|100\/100 tox|[from] ability: Poison Heal\n|upkeep\n|turn|13\n|\n|t:|1700285256\n|move|p1a: Gliscor|Stealth Rock|p2a: Mandibuzz\n|-sidestart|p2: ChaosEmperor96|move: Stealth Rock\n|move|p2a: Mandibuzz|Foul Play|p1a: Gliscor\n|-damage|p1a: Gliscor|77\/100 tox\n|\n|-heal|p1a: Gliscor|90\/100 tox|[from] ability: Poison Heal\n|upkeep\n|turn|14\n|\n|t:|1700285263\n|switch|p1a: Kyurem|Kyurem|100\/100\n|-ability|p1a: Kyurem|Pressure\n|move|p2a: Mandibuzz|Defog|p1a: Kyurem\n|-unboost|p1a: Kyurem|evasion|1\n|-sideend|p2: ChaosEmperor96|Stealth Rock|[from] move: Defog|[of] p2a: Mandibuzz\n|\n|upkeep\n|turn|15\n|\n|t:|1700285271\n|move|p1a: Kyurem|Freeze-Dry|p2a: Mandibuzz\n|-supereffective|p2a: Mandibuzz\n|-damage|p2a: Mandibuzz|10\/100\n|move|p2a: Mandibuzz|Toxic|p1a: Kyurem\n|-status|p1a: Kyurem|tox\n|\n|-damage|p1a: Kyurem|94\/100 tox|[from] psn\n|upkeep\n|turn|16\n|\n|t:|1700285281\n|switch|p2a: Excadrill|Excadrill, M, shiny|100\/100\n|move|p1a: Kyurem|Freeze-Dry|p2a: Excadrill\n|-damage|p2a: Excadrill|24\/100\n|\n|-damage|p1a: Kyurem|82\/100 tox|[from] psn\n|upkeep\n|turn|17\n|\n|t:|1700285292\n|move|p1a: Kyurem|Freeze-Dry|p2a: Excadrill\n|-damage|p2a: Excadrill|0 fnt\n|faint|p2a: Excadrill\n|\n|-damage|p1a: Kyurem|63\/100 tox|[from] psn\n|upkeep\n|\n|t:|1700285304\n|switch|p2a: Emboar|Emboar, M, shiny|100\/100\n|turn|18\n|\n|t:|1700285309\n|switch|p1a: Corviknight|Corviknight, F|26\/100 par\n|move|p2a: Emboar|Hammer Arm|p1a: Corviknight\n|-damage|p1a: Corviknight|0 fnt\n|-unboost|p2a: Emboar|spe|1\n|faint|p1a: Corviknight\n|\n|upkeep\n|\n|t:|1700285319\n|switch|p1a: Gliscor|Gliscor, F, shiny|90\/100 tox\n|turn|19\n|\n|t:|1700285326\n|switch|p2a: Mandibuzz|Mandibuzz, F, shiny|10\/100\n|move|p1a: Gliscor|Stealth Rock|p2a: Mandibuzz\n|-sidestart|p2: ChaosEmperor96|move: Stealth Rock\n|\n|-heal|p1a: Gliscor|100\/100 tox|[from] ability: Poison Heal\n|upkeep\n|turn|20\n|\n|t:|1700285335\n|switch|p1a: Tapu Koko|Tapu Koko|100\/100\n|-fieldstart|move: Electric Terrain|[from] ability: Electric Surge|[of] p1a: Tapu Koko\n|move|p2a: Mandibuzz|Defog|p1a: Tapu Koko\n|-unboost|p1a: Tapu Koko|evasion|1\n|-sideend|p2: ChaosEmperor96|Stealth Rock|[from] move: Defog|[of] p2a: Mandibuzz\n|-fieldend|move: Electric Terrain\n|\n|upkeep\n|turn|21\n|\n|t:|1700285344\n|move|p1a: Tapu Koko|Volt Switch|p2a: Mandibuzz\n|-supereffective|p2a: Mandibuzz\n|-damage|p2a: Mandibuzz|0 fnt\n|faint|p2a: Mandibuzz\n|\n|t:|1700285357\n|switch|p1a: Gliscor|Gliscor, F, shiny|100\/100 tox|[from] Volt Switch\n|\n|upkeep\n|\n|t:|1700285361\n|switch|p2a: Vanilluxe|Vanilluxe, M, shiny, tera:Dragon|100\/100\n|turn|22\n|\n|t:|1700285365\n|move|p1a: Gliscor|Protect|p1a: Gliscor\n|-singleturn|p1a: Gliscor|Protect\n|move|p2a: Vanilluxe|Ice Beam|p1a: Gliscor\n|-activate|p1a: Gliscor|move: Protect\n|\n|upkeep\n|turn|23\n|\n|t:|1700285384\n|-terastallize|p1a: Gliscor|Rock\n|move|p2a: Vanilluxe|Ice Beam|p1a: Gliscor\n|-damage|p1a: Gliscor|55\/100 tox\n|move|p1a: Gliscor|Stealth Rock|p2a: Vanilluxe\n|-sidestart|p2: ChaosEmperor96|move: Stealth Rock\n|\n|-heal|p1a: Gliscor|67\/100 tox|[from] ability: Poison Heal\n|upkeep\n|turn|24\n|\n|t:|1700285394\n|move|p1a: Gliscor|Protect|p1a: Gliscor\n|-singleturn|p1a: Gliscor|Protect\n|move|p2a: Vanilluxe|Flash Cannon|p1a: Gliscor\n|-activate|p1a: Gliscor|move: Protect\n|\n|-heal|p1a: Gliscor|80\/100 tox|[from] ability: Poison Heal\n|upkeep\n|turn|25\n|\n|t:|1700285401\n|move|p2a: Vanilluxe|Flash Cannon|p1a: Gliscor\n|-supereffective|p1a: Gliscor\n|-damage|p1a: Gliscor|24\/100 tox\n|move|p1a: Gliscor|Spikes|p2a: Vanilluxe\n|-sidestart|p2: ChaosEmperor96|Spikes\n|\n|-heal|p1a: Gliscor|36\/100 tox|[from] ability: Poison Heal\n|upkeep\n|turn|26\n|\n|t:|1700285409\n|move|p1a: Gliscor|Protect|p1a: Gliscor\n|-singleturn|p1a: Gliscor|Protect\n|move|p2a: Vanilluxe|Flash Cannon|p1a: Gliscor\n|-activate|p1a: Gliscor|move: Protect\n|\n|-heal|p1a: Gliscor|48\/100 tox|[from] ability: Poison Heal\n|upkeep\n|turn|27\n|\n|t:|1700285417\n|move|p2a: Vanilluxe|Flash Cannon|p1a: Gliscor\n|-supereffective|p1a: Gliscor\n|-damage|p1a: Gliscor|0 fnt\n|faint|p1a: Gliscor\n|\n|upkeep\n|\n|t:|1700285426\n|switch|p1a: Tapu Koko|Tapu Koko|100\/100\n|-fieldstart|move: Electric Terrain|[from] ability: Electric Surge|[of] p1a: Tapu Koko\n|turn|28\n|\n|t:|1700285431\n|move|p1a: Tapu Koko|Nature's Madness|p2a: Vanilluxe\n|-damage|p2a: Vanilluxe|50\/100\n|move|p2a: Vanilluxe|Ice Beam|p1a: Tapu Koko\n|-damage|p1a: Tapu Koko|33\/100\n|\n|upkeep\n|turn|29\n|\n|t:|1700285446\n|switch|p1a: Garganacl|Garganacl, M|100\/100\n|move|p2a: Vanilluxe|Ice Beam|p1a: Garganacl\n|-damage|p1a: Garganacl|62\/100\n|\n|-heal|p1a: Garganacl|69\/100|[from] item: Leftovers\n|upkeep\n|turn|30\n|\n|t:|1700285454\n|move|p2a: Vanilluxe|Flash Cannon|p1a: Garganacl\n|-supereffective|p1a: Garganacl\n|-damage|p1a: Garganacl|21\/100\n|move|p1a: Garganacl|Avalanche|p2a: Vanilluxe\n|-supereffective|p2a: Vanilluxe\n|-damage|p2a: Vanilluxe|0 fnt\n|faint|p2a: Vanilluxe\n|\n|-heal|p1a: Garganacl|27\/100|[from] item: Leftovers\n|upkeep\n|\n|t:|1700285464\n|switch|p2a: Emboar|Emboar, M, shiny|100\/100\n|-damage|p2a: Emboar|88\/100|[from] Stealth Rock\n|-damage|p2a: Emboar|76\/100|[from] Spikes\n|turn|31\n|\n|t:|1700285470\n|move|p2a: Emboar|Flare Blitz|p1a: Garganacl\n|-resisted|p1a: Garganacl\n|-damage|p1a: Garganacl|8\/100\n|-damage|p2a: Emboar|69\/100|[from] Recoil\n|move|p1a: Garganacl|Salt Cure|p2a: Emboar\n|-damage|p2a: Emboar|50\/100\n|-start|p2a: Emboar|Salt Cure\n|\n|-heal|p1a: Garganacl|15\/100|[from] item: Leftovers\n|-damage|p2a: Emboar|38\/100|[from] Salt Cure\n|upkeep\n|turn|32\n|\n|t:|1700285482\n|switch|p1a: Kyurem|Kyurem|63\/100 tox\n|-ability|p1a: Kyurem|Pressure\n|move|p2a: Emboar|Flare Blitz|p1a: Kyurem\n|-damage|p1a: Kyurem|0 fnt\n|faint|p1a: Kyurem\n|-damage|p2a: Emboar|15\/100|[from] Recoil\n|\n|-damage|p2a: Emboar|2\/100|[from] Salt Cure\n|-fieldend|move: Electric Terrain\n|upkeep\n|\n|t:|1700285485\n|switch|p1a: Tapu Koko|Tapu Koko|33\/100\n|-fieldstart|move: Electric Terrain|[from] ability: Electric Surge|[of] p1a: Tapu Koko\n|turn|33\n|\n|t:|1700285496\n|move|p1a: Tapu Koko|Volt Switch|p2a: Emboar\n|-damage|p2a: Emboar|0 fnt\n|faint|p2a: Emboar\n|\n|t:|1700285504\n|switch|p1a: Amoonguss|Amoonguss, M|100\/100|[from] Volt Switch\n|\n|upkeep\n|\n|t:|1700285508\n|switch|p2a: Galvantula|Galvantula, M, shiny|57\/100\n|-damage|p2a: Galvantula|32\/100|[from] Stealth Rock\n|-damage|p2a: Galvantula|20\/100|[from] Spikes\n|turn|34\n|\n|t:|1700285516\n|move|p2a: Galvantula|Bug Buzz|p1a: Amoonguss\n|-damage|p1a: Amoonguss|44\/100\n|move|p1a: Amoonguss|Sludge Bomb|p2a: Galvantula\n|-damage|p2a: Galvantula|0 fnt\n|faint|p2a: Galvantula\n|\n|upkeep\n|\n|t:|1700285523\n|switch|p2a: Haxorus|Haxorus, M, shiny|100\/100\n|-damage|p2a: Haxorus|88\/100|[from] Stealth Rock\n|-damage|p2a: Haxorus|76\/100|[from] Spikes\n|-ability|p2a: Haxorus|Mold Breaker\n|turn|35\n|\n|t:|1700285529\n|move|p2a: Haxorus|Dragon Dance|p2a: Haxorus\n|-boost|p2a: Haxorus|atk|1\n|-boost|p2a: Haxorus|spe|1\n|move|p1a: Amoonguss|Spore|p2a: Haxorus\n|-activate|p2a: Haxorus|move: Electric Terrain\n|\n|upkeep\n|turn|36\n|\n|t:|1700285540\n|move|p2a: Haxorus|Poison Jab|p1a: Amoonguss\n|-damage|p1a: Amoonguss|6\/100\n|-damage|p2a: Haxorus|59\/100|[from] item: Rocky Helmet|[of] p1a: Amoonguss\n|move|p1a: Amoonguss|Toxic|p2a: Haxorus\n|-status|p2a: Haxorus|tox\n|\n|-damage|p2a: Haxorus|53\/100 tox|[from] psn\n|upkeep\n|turn|37\n|\n|t:|1700285550\n|switch|p1a: Garganacl|Garganacl, M|15\/100\n|move|p2a: Haxorus|Close Combat|p1a: Garganacl\n|-supereffective|p1a: Garganacl\n|-crit|p1a: Garganacl\n|-damage|p1a: Garganacl|0 fnt\n|-unboost|p2a: Haxorus|def|1\n|-unboost|p2a: Haxorus|spd|1\n|faint|p1a: Garganacl\n|\n|-damage|p2a: Haxorus|41\/100 tox|[from] psn\n|-fieldend|move: Electric Terrain\n|upkeep\n|\n|t:|1700285557\n|switch|p1a: Amoonguss|Amoonguss, M|39\/100\n|turn|38\n|\n|t:|1700285565\n|switch|p1a: Tapu Koko|Tapu Koko|33\/100\n|-fieldstart|move: Electric Terrain|[from] ability: Electric Surge|[of] p1a: Tapu Koko\n|move|p2a: Haxorus|Poison Jab|p1a: Tapu Koko\n|-supereffective|p1a: Tapu Koko\n|-damage|p1a: Tapu Koko|0 fnt\n|faint|p1a: Tapu Koko\n|\n|-damage|p2a: Haxorus|23\/100 tox|[from] psn\n|upkeep\n|\n|t:|1700285568\n|switch|p1a: Amoonguss|Amoonguss, M|73\/100\n|turn|39\n|\n|t:|1700285578\n|move|p2a: Haxorus|Outrage|p1a: Amoonguss\n|-damage|p1a: Amoonguss|0 fnt\n|-damage|p2a: Haxorus|6\/100 tox|[from] item: Rocky Helmet|[of] p1a: Amoonguss\n|faint|p1a: Amoonguss\n|\n|win|ChaosEmperor96\n|raw|o1145145145's rating: 1055 &rarr; <strong>1041<\/strong><br \/>(-14 for losing)\n|raw|ChaosEmperor96's rating: 1144 &rarr; <strong>1163<\/strong><br \/>(+19 for winning)\n|l|\u2606o1145145145\n|c|\u2606ChaosEmperor96|Gg\n","uploadtime":1700285611,"views":6,"p1id":"o1145145145","p2id":"chaosemperor96","formatid":"gen9nationaldex","rating":1041,"private":0,"password":""}