{"id":"gen9nationaldex-1996425096","p1":"MP1024","p2":"PM4201","format":"[Gen 9] National Dex","log":"|html|<div class=\"broadcast-blue\"><strong>[Gen 9] National Dex is currently suspecting Sneasler! For information on how to participate check out the <a href=\"https:\/\/www.smogon.com\/forums\/threads\/sv-national-dex-suspect-8-just-dance.3731534\/\">suspect thread<\/a>.<\/strong><\/div>\n|j|\u2606MP1024\n|j|\u2606PM4201\n|t:|1700680774\n|gametype|singles\n|player|p1|MP1024|scientist|\n|player|p2|PM4201|pokemonranger-gen4|\n|teamsize|p1|6\n|teamsize|p2|6\n|gen|9\n|tier|[Gen 9] National Dex\n|rule|HP Percentage Mod: HP is shown in percentages\n|rule|Endless Battle Clause: Forcing endless battles is banned\n|rule|OHKO Clause: OHKO moves are banned\n|rule|Evasion Clause: Evasion abilities, items, and moves are banned\n|rule|Evasion Abilities Clause: Evasion abilities are banned\n|rule|Evasion Items Clause: Evasion items are banned\n|rule|Evasion Moves Clause: Evasion moves are banned\n|rule|Species Clause: Limit one of each Pok\u00e9mon\n|rule|Sleep Clause Mod: Limit one foe put to sleep\n|clearpoke\n|poke|p1|Floatzel, F|\n|poke|p1|Clodsire, M|\n|poke|p1|Toxtricity, F|\n|poke|p1|Maushold-Four|\n|poke|p1|Ceruledge, F|\n|poke|p1|Meowscarada, F|\n|poke|p2|Mew|\n|poke|p2|Tyranitar, M|\n|poke|p2|Toucannon, M|\n|poke|p2|Golisopod, F|\n|poke|p2|Lycanroc-Dusk, F|\n|poke|p2|Mimikyu, M|\n|teampreview\n|inactive|Battle timer is ON: inactive players will automatically lose when time's up. (requested by MP1024)\n|\n|t:|1700680791\n|start\n|switch|p1a: Meowscarada|Meowscarada, F|100\/100\n|switch|p2a: Toucannon|Toucannon, M|100\/100\n|turn|1\n|\n|t:|1700680807\n|-singleturn|p2a: Toucannon|move: Beak Blast\n|move|p1a: Meowscarada|Knock Off|p2a: Toucannon\n|-damage|p2a: Toucannon|40\/100\n|-status|p1a: Meowscarada|brn\n|-enditem|p2a: Toucannon|Assault Vest|[from] move: Knock Off|[of] p1a: Meowscarada\n|move|p2a: Toucannon|Beak Blast|p1a: Meowscarada\n|-supereffective|p1a: Meowscarada\n|-damage|p1a: Meowscarada|0 fnt\n|faint|p1a: Meowscarada\n|\n|upkeep\n|inactive|MP1024 has 270 seconds left.\n|\n|t:|1700680862\n|switch|p1a: Toxtricity|Toxtricity, F|100\/100\n|turn|2\n|\n|t:|1700680881\n|move|p2a: Toucannon|Rock Blast|p1a: Toxtricity\n|-damage|p1a: Toxtricity|90\/100\n|-damage|p1a: Toxtricity|80\/100\n|-damage|p1a: Toxtricity|70\/100\n|-damage|p1a: Toxtricity|59\/100\n|-damage|p1a: Toxtricity|48\/100\n|-hitcount|p1a: Toxtricity|5\n|move|p1a: Toxtricity|Overdrive|p2a: Toucannon\n|-supereffective|p2a: Toucannon\n|-damage|p2a: Toucannon|0 fnt\n|faint|p2a: Toucannon\n|-enditem|p1a: Toxtricity|Throat Spray\n|-boost|p1a: Toxtricity|spa|1|[from] item: Throat Spray\n|\n|upkeep\n|\n|t:|1700680891\n|switch|p2a: Lycanroc|Lycanroc-Dusk, F|100\/100\n|turn|3\n|\n|t:|1700680900\n|move|p2a: Lycanroc|Drill Run|p1a: Toxtricity\n|-supereffective|p1a: Toxtricity\n|-damage|p1a: Toxtricity|0 fnt\n|faint|p1a: Toxtricity\n|\n|upkeep\n|\n|t:|1700680907\n|switch|p1a: Floatzel|Floatzel, F|100\/100\n|turn|4\n|\n|t:|1700680915\n|move|p2a: Lycanroc|Accelerock|p1a: Floatzel\n|-damage|p1a: Floatzel|55\/100\n|move|p1a: Floatzel|Liquidation|p2a: Lycanroc\n|-supereffective|p2a: Lycanroc\n|-damage|p2a: Lycanroc|0 fnt\n|faint|p2a: Lycanroc\n|\n|upkeep\n|\n|t:|1700680923\n|switch|p2a: Mimikyu|Mimikyu, M|100\/100\n|turn|5\n|\n|t:|1700680928\n|move|p1a: Floatzel|Aqua Jet|p2a: Mimikyu\n|-activate|p2a: Mimikyu|ability: Disguise\n|-damage|p2a: Mimikyu|100\/100\n|detailschange|p2a: Mimikyu|Mimikyu-Busted, M\n|-damage|p2a: Mimikyu|88\/100|[from] pokemon: Mimikyu-Busted\n|move|p2a: Mimikyu|Swords Dance|p2a: Mimikyu\n|-boost|p2a: Mimikyu|atk|2\n|\n|upkeep\n|turn|6\n|\n|t:|1700680939\n|move|p1a: Floatzel|Aqua Jet|p2a: Mimikyu\n|-damage|p2a: Mimikyu|57\/100\n|move|p2a: Mimikyu|Shadow Sneak|p1a: Floatzel\n|-damage|p1a: Floatzel|0 fnt\n|faint|p1a: Floatzel\n|-damage|p2a: Mimikyu|47\/100|[from] item: Life Orb\n|\n|upkeep\n|\n|t:|1700680949\n|switch|p1a: Maushold|Maushold-Four|100\/100\n|turn|7\n|\n|t:|1700680960\n|move|p1a: Maushold|Encore|p2a: Mimikyu\n|-start|p2a: Mimikyu|Encore\n|move|p2a: Mimikyu|Shadow Sneak|p1a: Maushold\n|-immune|p1a: Maushold\n|\n|upkeep\n|turn|8\n|\n|t:|1700680970\n|switch|p2a: Golisopod|Golisopod, F|100\/100\n|move|p1a: Maushold|Tidy Up|p1a: Maushold\n|-boost|p1a: Maushold|atk|1\n|-boost|p1a: Maushold|spe|1\n|\n|upkeep\n|turn|9\n|\n|t:|1700680981\n|-terastallize|p1a: Maushold|Normal\n|move|p2a: Golisopod|First Impression|p1a: Maushold\n|-damage|p1a: Maushold|27\/100\n|move|p1a: Maushold|Population Bomb|p2a: Golisopod\n|-damage|p2a: Golisopod|86\/100\n|-damage|p2a: Golisopod|69\/100\n|-damage|p2a: Golisopod|54\/100\n|-damage|p2a: Golisopod|38\/100\n|-damage|p2a: Golisopod|23\/100\n|-enditem|p2a: Golisopod|Iapapa Berry|[eat]\n|-heal|p2a: Golisopod|56\/100|[from] item: Iapapa Berry\n|-hitcount|p2a: Golisopod|5\n|\n|upkeep\n|turn|10\n|\n|t:|1700681003\n|move|p1a: Maushold|Encore|p2a: Golisopod\n|-start|p2a: Golisopod|Encore\n|move|p2a: Golisopod|First Impression||[still]\n|-hint|First Impression only works on your first turn out.\n|-fail|p2a: Golisopod\n|\n|upkeep\n|turn|11\n|\n|t:|1700681017\n|switch|p2a: Mimikyu|Mimikyu-Busted, M|47\/100\n|move|p1a: Maushold|Bullet Seed|p2a: Mimikyu\n|-damage|p2a: Mimikyu|24\/100\n|-damage|p2a: Mimikyu|2\/100\n|-damage|p2a: Mimikyu|0 fnt\n|faint|p2a: Mimikyu\n|-hitcount|p2: Mimikyu|3\n|\n|upkeep\n|\n|t:|1700681026\n|switch|p2a: Golisopod|Golisopod, F|56\/100\n|turn|12\n|\n|t:|1700681032\n|move|p2a: Golisopod|First Impression|p1a: Maushold\n|-damage|p1a: Maushold|0 fnt\n|faint|p1a: Maushold\n|\n|upkeep\n|\n|t:|1700681038\n|switch|p1a: Ceruledge|Ceruledge, F|100\/100\n|turn|13\n|\n|t:|1700681046\n|move|p1a: Ceruledge|Bitter Blade|p2a: Golisopod\n|-damage|p2a: Golisopod|14\/100\n|-activate|p2a: Golisopod|ability: Emergency Exit\n|-damage|p1a: Ceruledge|91\/100|[from] item: Life Orb\n|\n|t:|1700681053\n|switch|p2a: Tyranitar|Tyranitar, M|100\/100\n|-ability|p2a: Tyranitar|Unnerve\n|\n|upkeep\n|turn|14\n|\n|t:|1700681063\n|detailschange|p2a: Tyranitar|Tyranitar-Mega, M\n|-mega|p2a: Tyranitar|Tyranitar|Tyranitarite\n|-weather|Sandstorm|[from] ability: Sand Stream|[of] p2a: Tyranitar\n|move|p1a: Ceruledge|X-Scissor|p2a: Tyranitar\n|-supereffective|p2a: Tyranitar\n|-damage|p2a: Tyranitar|60\/100\n|-damage|p1a: Ceruledge|81\/100|[from] item: Life Orb\n|move|p2a: Tyranitar|Crunch|p1a: Ceruledge\n|-supereffective|p1a: Ceruledge\n|-damage|p1a: Ceruledge|0 fnt\n|faint|p1a: Ceruledge\n|\n|-weather|Sandstorm|[upkeep]\n|upkeep\n|\n|t:|1700681076\n|switch|p1a: Clodsire|Clodsire, M|100\/100\n|turn|15\n|\n|t:|1700681089\n|move|p2a: Tyranitar|Earthquake|p1a: Clodsire\n|-supereffective|p1a: Clodsire\n|-damage|p1a: Clodsire|0 fnt\n|faint|p1a: Clodsire\n|\n|win|PM4201\n","uploadtime":1700681097,"views":0,"p1id":"mp1024","p2id":"pm4201","formatid":"gen9nationaldex","rating":0,"private":0,"password":""}