{"id":"gen9nationaldex-1996756580","p1":"amos25","p2":"nonyar","format":"[Gen 9] National Dex","log":"|html|<div class=\"broadcast-blue\"><strong>[Gen 9] National Dex is currently suspecting Sneasler! For information on how to participate check out the <a href=\"https:\/\/www.smogon.com\/forums\/threads\/sv-national-dex-suspect-8-just-dance.3731534\/\">suspect thread<\/a>.<\/strong><\/div>\n|j|\u2606amos25\n|j|\u2606nonyar\n|t:|1700719946\n|gametype|singles\n|player|p1|amos25|whitney|1396\n|player|p2|nonyar|101|1448\n|teamsize|p1|6\n|teamsize|p2|6\n|gen|9\n|tier|[Gen 9] National Dex\n|rated|\n|rule|HP Percentage Mod: HP is shown in percentages\n|rule|Endless Battle Clause: Forcing endless battles is banned\n|rule|OHKO Clause: OHKO moves are banned\n|rule|Evasion Clause: Evasion abilities, items, and moves are banned\n|rule|Evasion Abilities Clause: Evasion abilities are banned\n|rule|Evasion Items Clause: Evasion items are banned\n|rule|Evasion Moves Clause: Evasion moves are banned\n|rule|Species Clause: Limit one of each Pok\u00e9mon\n|rule|Sleep Clause Mod: Limit one foe put to sleep\n|clearpoke\n|poke|p1|Heatran, F|\n|poke|p1|Tapu Lele|\n|poke|p1|Sneasler, F|\n|poke|p1|Kartana|\n|poke|p1|Landorus-Therian, M|\n|poke|p1|Rotom-Wash|\n|poke|p2|Tapu Lele|\n|poke|p2|Sneasler, M|\n|poke|p2|Banette, F|\n|poke|p2|Moltres|\n|poke|p2|Rotom-Wash|\n|poke|p2|Gliscor, M|\n|teampreview\n|\n|t:|1700719965\n|start\n|switch|p1a: Landorus|Landorus-Therian, M|100\/100\n|switch|p2a: Tapu Lele|Tapu Lele|100\/100\n|-fieldstart|move: Psychic Terrain|[from] ability: Psychic Surge|[of] p2a: Tapu Lele\n|-ability|p1a: Landorus|Intimidate|boost\n|-unboost|p2a: Tapu Lele|atk|1\n|turn|1\n|\n|t:|1700719973\n|move|p2a: Tapu Lele|Psychic|p1a: Landorus\n|-damage|p1a: Landorus|0 fnt\n|faint|p1a: Landorus\n|\n|upkeep\n|\n|t:|1700719975\n|switch|p1a: Sneasler|Sneasler, F|100\/100\n|-enditem|p1a: Sneasler|Psychic Seed\n|-boost|p1a: Sneasler|spd|1|[from] item: Psychic Seed\n|turn|2\n|\n|t:|1700719983\n|switch|p2a: Gliscor|Gliscor, M|100\/100\n|move|p1a: Sneasler|Gunk Shot|p2a: Gliscor\n|-resisted|p2a: Gliscor\n|-crit|p2a: Gliscor\n|-damage|p2a: Gliscor|68\/100\n|\n|-status|p2a: Gliscor|tox|[from] item: Toxic Orb\n|upkeep\n|turn|3\n|\n|t:|1700719996\n|switch|p1a: Kartana|Kartana, shiny|100\/100\n|move|p2a: Gliscor|Roost|p2a: Gliscor\n|-heal|p2a: Gliscor|100\/100 tox\n|-singleturn|p2a: Gliscor|move: Roost\n|\n|upkeep\n|turn|4\n|\n|t:|1700720002\n|switch|p2a: Moltres|Moltres|100\/100\n|-zpower|p1a: Kartana\n|move|p1a: Kartana|Bloom Doom|p2a: Moltres|[zeffect]\n|-resisted|p2a: Moltres\n|-damage|p2a: Moltres|74\/100\n|\n|upkeep\n|turn|5\n|\n|t:|1700720012\n|switch|p1a: Heatran|Heatran, F|100\/100\n|move|p2a: Moltres|U-turn|p1a: Heatran\n|-resisted|p1a: Heatran\n|-damage|p1a: Heatran|98\/100\n|\n|t:|1700720018\n|switch|p2a: Gliscor|Gliscor, M|100\/100 tox|[from] U-turn\n|\n|-heal|p1a: Heatran|100\/100|[from] item: Leftovers\n|-fieldend|move: Psychic Terrain\n|upkeep\n|turn|6\n|\n|t:|1700720025\n|switch|p1a: Kartana|Kartana, shiny|100\/100\n|move|p2a: Gliscor|Toxic|p1a: Kartana\n|-immune|p1a: Kartana\n|\n|upkeep\n|turn|7\n|\n|t:|1700720028\n|move|p1a: Kartana|Leaf Blade|p2a: Gliscor\n|-crit|p2a: Gliscor\n|-damage|p2a: Gliscor|51\/100 tox\n|move|p2a: Gliscor|Earthquake|p1a: Kartana\n|-damage|p1a: Kartana|68\/100\n|\n|-heal|p2a: Gliscor|64\/100 tox|[from] ability: Poison Heal\n|upkeep\n|turn|8\n|\n|t:|1700720034\n|move|p1a: Kartana|Knock Off|p2a: Gliscor\n|-damage|p2a: Gliscor|37\/100 tox\n|-enditem|p2a: Gliscor|Toxic Orb|[from] move: Knock Off|[of] p1a: Kartana\n|move|p2a: Gliscor|Roost|p2a: Gliscor\n|-heal|p2a: Gliscor|87\/100 tox\n|-singleturn|p2a: Gliscor|move: Roost\n|\n|-heal|p2a: Gliscor|99\/100 tox|[from] ability: Poison Heal\n|upkeep\n|turn|9\n|\n|t:|1700720041\n|move|p1a: Kartana|Leaf Blade|p2a: Gliscor\n|-crit|p2a: Gliscor\n|-damage|p2a: Gliscor|48\/100 tox\n|move|p2a: Gliscor|Spikes|p1a: Kartana\n|-sidestart|p1: amos25|Spikes\n|\n|-heal|p2a: Gliscor|60\/100 tox|[from] ability: Poison Heal\n|upkeep\n|turn|10\n|\n|t:|1700720046\n|move|p1a: Kartana|Synthesis|p1a: Kartana\n|-heal|p1a: Kartana|100\/100\n|move|p2a: Gliscor|Roost|p2a: Gliscor\n|-heal|p2a: Gliscor|100\/100 tox\n|-singleturn|p2a: Gliscor|move: Roost\n|\n|upkeep\n|turn|11\n|\n|t:|1700720051\n|move|p1a: Kartana|Leaf Blade|p2a: Gliscor\n|-damage|p2a: Gliscor|70\/100 tox\n|move|p2a: Gliscor|Spikes|p1a: Kartana\n|-sidestart|p1: amos25|Spikes\n|\n|-heal|p2a: Gliscor|82\/100 tox|[from] ability: Poison Heal\n|upkeep\n|turn|12\n|\n|t:|1700720059\n|move|p1a: Kartana|Defog|p2a: Gliscor\n|-unboost|p2a: Gliscor|evasion|1\n|-sideend|p1: amos25|Spikes|[from] move: Defog|[of] p1a: Kartana\n|move|p2a: Gliscor|Spikes|p1a: Kartana\n|-sidestart|p1: amos25|Spikes\n|\n|-heal|p2a: Gliscor|95\/100 tox|[from] ability: Poison Heal\n|upkeep\n|turn|13\n|\n|t:|1700720064\n|switch|p2a: Moltres|Moltres|74\/100\n|move|p1a: Kartana|Leaf Blade|p2a: Moltres\n|-resisted|p2a: Moltres\n|-damage|p2a: Moltres|61\/100\n|\n|upkeep\n|turn|14\n|\n|t:|1700720068\n|switch|p1a: Rotom|Rotom-Wash|100\/100\n|move|p2a: Moltres|Roost|p2a: Moltres\n|-heal|p2a: Moltres|100\/100\n|-singleturn|p2a: Moltres|move: Roost\n|\n|upkeep\n|turn|15\n|\n|t:|1700720074\n|switch|p2a: Rotom|Rotom-Wash|100\/100\n|move|p1a: Rotom|Defog|p2a: Rotom\n|-unboost|p2a: Rotom|evasion|1\n|-sideend|p1: amos25|Spikes|[from] move: Defog|[of] p1a: Rotom\n|\n|upkeep\n|turn|16\n|\n|t:|1700720078\n|move|p2a: Rotom|Will-O-Wisp|p1a: Rotom\n|-status|p1a: Rotom|brn\n|move|p1a: Rotom|Volt Switch|p2a: Rotom\n|-damage|p2a: Rotom|80\/100\n|\n|t:|1700720082\n|switch|p1a: Tapu Lele|Tapu Lele, shiny|100\/100|[from] Volt Switch\n|-fieldstart|move: Psychic Terrain|[from] ability: Psychic Surge|[of] p1a: Tapu Lele\n|\n|-heal|p2a: Rotom|86\/100|[from] item: Leftovers\n|upkeep\n|turn|17\n|\n|t:|1700720090\n|move|p1a: Tapu Lele|Psyshock|p2a: Rotom\n|-damage|p2a: Rotom|27\/100\n|move|p2a: Rotom|Volt Switch|p1a: Tapu Lele\n|-damage|p1a: Tapu Lele|73\/100\n|\n|t:|1700720099\n|switch|p2a: Banette|Banette, F|100\/100|[from] Volt Switch\n|\n|upkeep\n|turn|18\n|\n|t:|1700720103\n|switch|p1a: Kartana|Kartana, shiny|100\/100\n|detailschange|p2a: Banette|Banette-Mega, F\n|-mega|p2a: Banette|Banette|Banettite\n|move|p2a: Banette|Destiny Bond|p2a: Banette\n|-singlemove|p2a: Banette|Destiny Bond\n|\n|upkeep\n|turn|19\n|\n|t:|1700720111\n|move|p1a: Kartana|Knock Off|p2a: Banette\n|-supereffective|p2a: Banette\n|-damage|p2a: Banette|21\/100\n|move|p2a: Banette|Poltergeist|p1a: Kartana\n|-activate|p1a: Kartana|move: Poltergeist|Grassium Z\n|-damage|p1a: Kartana|29\/100\n|\n|upkeep\n|turn|20\n|\n|t:|1700720119\n|move|p2a: Banette|Destiny Bond|p2a: Banette\n|-singlemove|p2a: Banette|Destiny Bond\n|move|p1a: Kartana|Leaf Blade|p2a: Banette\n|-damage|p2a: Banette|0 fnt\n|faint|p2a: Banette\n|-activate|p2a: Banette|move: Destiny Bond\n|faint|p1a: Kartana\n|\n|-fieldend|move: Psychic Terrain\n|upkeep\n|\n|t:|1700720138\n|switch|p1a: Rotom|Rotom-Wash|100\/100 brn\n|switch|p2a: Tapu Lele|Tapu Lele|100\/100\n|-fieldstart|move: Psychic Terrain|[from] ability: Psychic Surge|[of] p2a: Tapu Lele\n|turn|21\n|\n|t:|1700720144\n|move|p2a: Tapu Lele|Psychic|p1a: Rotom\n|-damage|p1a: Rotom|9\/100 brn\n|move|p1a: Rotom|Volt Switch|p2a: Tapu Lele\n|-damage|p2a: Tapu Lele|75\/100\n|\n|t:|1700720146\n|switch|p1a: Sneasler|Sneasler, F|100\/100|[from] Volt Switch\n|\n|upkeep\n|turn|22\n|\n|t:|1700720153\n|switch|p2a: Gliscor|Gliscor, M|95\/100 tox\n|move|p1a: Sneasler|Swords Dance|p1a: Sneasler\n|-boost|p1a: Sneasler|atk|2\n|\n|-heal|p2a: Gliscor|100\/100 tox|[from] ability: Poison Heal\n|upkeep\n|turn|23\n|\n|t:|1700720159\n|-terastallize|p1a: Sneasler|Flying\n|move|p1a: Sneasler|Acrobatics|p2a: Gliscor\n|-damage|p2a: Gliscor|27\/100 tox\n|move|p2a: Gliscor|Earthquake|p1a: Sneasler\n|-immune|p1a: Sneasler\n|\n|-heal|p2a: Gliscor|40\/100 tox|[from] ability: Poison Heal\n|upkeep\n|turn|24\n|\n|t:|1700720169\n|move|p1a: Sneasler|Swords Dance|p1a: Sneasler\n|-boost|p1a: Sneasler|atk|2\n|move|p2a: Gliscor|Toxic|p1a: Sneasler|[miss]\n|-miss|p2a: Gliscor|p1a: Sneasler\n|\n|-heal|p2a: Gliscor|52\/100 tox|[from] ability: Poison Heal\n|upkeep\n|turn|25\n|\n|t:|1700720178\n|move|p1a: Sneasler|Acrobatics|p2a: Gliscor\n|-damage|p2a: Gliscor|0 fnt\n|faint|p2a: Gliscor\n|\n|-fieldend|move: Psychic Terrain\n|upkeep\n|\n|t:|1700720180\n|switch|p2a: Moltres|Moltres|100\/100\n|turn|26\n|\n|t:|1700720185\n|move|p1a: Sneasler|Gunk Shot|p2a: Moltres|[miss]\n|-miss|p1a: Sneasler|p2a: Moltres\n|move|p2a: Moltres|Flamethrower|p1a: Sneasler\n|-damage|p1a: Sneasler|47\/100\n|\n|upkeep\n|turn|27\n|\n|t:|1700720192\n|move|p1a: Sneasler|Gunk Shot|p2a: Moltres\n|-damage|p2a: Moltres|0 fnt\n|faint|p2a: Moltres\n|\n|upkeep\n|\n|t:|1700720198\n|switch|p2a: Tapu Lele|Tapu Lele|75\/100\n|-fieldstart|move: Psychic Terrain|[from] ability: Psychic Surge|[of] p2a: Tapu Lele\n|turn|28\n|\n|t:|1700720203\n|move|p1a: Sneasler|Acrobatics|p2a: Tapu Lele\n|-damage|p2a: Tapu Lele|0 fnt\n|faint|p2a: Tapu Lele\n|\n|upkeep\n|\n|t:|1700720205\n|switch|p2a: Sneasler|Sneasler, M|100\/100\n|-enditem|p2a: Sneasler|Psychic Seed\n|-boost|p2a: Sneasler|spd|1|[from] item: Psychic Seed\n|turn|29\n|\n|t:|1700720210\n|-terastallize|p2a: Sneasler|Flying\n|move|p2a: Sneasler|Acrobatics|p1a: Sneasler\n|-damage|p1a: Sneasler|0 fnt\n|faint|p1a: Sneasler\n|\n|upkeep\n|\n|t:|1700720215\n|switch|p1a: Heatran|Heatran, F|100\/100\n|turn|30\n|\n|t:|1700720221\n|move|p2a: Sneasler|Swords Dance|p2a: Sneasler\n|-boost|p2a: Sneasler|atk|2\n|move|p1a: Heatran|Magma Storm|p2a: Sneasler\n|-damage|p2a: Sneasler|64\/100\n|-activate|p2a: Sneasler|move: Magma Storm|[of] p1a: Heatran\n|\n|-damage|p2a: Sneasler|52\/100|[from] move: Magma Storm|[partiallytrapped]\n|upkeep\n|turn|31\n|\n|t:|1700720225\n|move|p2a: Sneasler|Close Combat|p1a: Heatran\n|-supereffective|p1a: Heatran\n|-damage|p1a: Heatran|0 fnt\n|-unboost|p2a: Sneasler|def|1\n|-unboost|p2a: Sneasler|spd|1\n|faint|p1a: Heatran\n|\n|-end|p2a: Sneasler|Magma Storm|[partiallytrapped]|[silent]\n|upkeep\n|\n|t:|1700720228\n|switch|p1a: Rotom|Rotom-Wash|9\/100 brn\n|turn|32\n|\n|t:|1700720232\n|move|p2a: Sneasler|Dire Claw|p1a: Rotom\n|-damage|p1a: Rotom|0 fnt\n|faint|p1a: Rotom\n|\n|-fieldend|move: Psychic Terrain\n|upkeep\n|\n|t:|1700720234\n|switch|p1a: Tapu Lele|Tapu Lele, shiny|73\/100\n|-fieldstart|move: Psychic Terrain|[from] ability: Psychic Surge|[of] p1a: Tapu Lele\n|turn|33\n|\n|t:|1700720237\n|move|p2a: Sneasler|Dire Claw|p1a: Tapu Lele\n|-supereffective|p1a: Tapu Lele\n|-damage|p1a: Tapu Lele|0 fnt\n|faint|p1a: Tapu Lele\n|\n|win|nonyar\n|raw|amos25's rating: 1396 &rarr; <strong>1379<\/strong><br \/>(-17 for losing)\n|raw|nonyar's rating: 1448 &rarr; <strong>1465<\/strong><br \/>(+17 for winning)\n|l|\u2606amos25\n","uploadtime":1700720243,"views":1,"p1id":"amos25","p2id":"nonyar","formatid":"gen9nationaldex","rating":1379,"private":0,"password":""}