{"id":"gen9nationaldex-1997986942","p1":"mqcing","p2":"rff123","format":"[Gen 9] National Dex","log":"|html|<div class=\"broadcast-blue\"><strong>[Gen 9] National Dex is currently suspecting Sneasler! For information on how to participate check out the <a href=\"https:\/\/www.smogon.com\/forums\/threads\/sv-national-dex-suspect-8-just-dance.3731534\/\">suspect thread<\/a>.<\/strong><\/div>\n|j|\u2606mqcing\n|j|\u2606rff123\n|t:|1700875688\n|gametype|singles\n|player|p1|mqcing|gardenia|1364\n|player|p2|rff123|nate|1420\n|teamsize|p1|6\n|teamsize|p2|6\n|gen|9\n|tier|[Gen 9] National Dex\n|rated|\n|rule|HP Percentage Mod: HP is shown in percentages\n|rule|Endless Battle Clause: Forcing endless battles is banned\n|rule|OHKO Clause: OHKO moves are banned\n|rule|Evasion Clause: Evasion abilities, items, and moves are banned\n|rule|Evasion Abilities Clause: Evasion abilities are banned\n|rule|Evasion Items Clause: Evasion items are banned\n|rule|Evasion Moves Clause: Evasion moves are banned\n|rule|Species Clause: Limit one of each Pok\u00e9mon\n|rule|Sleep Clause Mod: Limit one foe put to sleep\n|clearpoke\n|poke|p1|Lokix, F|\n|poke|p1|Mandibuzz, F|\n|poke|p1|Greninja-*, M|\n|poke|p1|Bisharp, F|\n|poke|p1|Iron Jugulis|\n|poke|p1|Muk-Alola, F|\n|poke|p2|Pinsir, M|\n|poke|p2|Brambleghast, M|\n|poke|p2|Heatran, M|\n|poke|p2|Aggron, M|\n|poke|p2|Dragonite, M|\n|poke|p2|Urshifu-*, F|\n|teampreview\n|inactive|Battle timer is ON: inactive players will automatically lose when time's up. (requested by mqcing)\n|\n|t:|1700875698\n|start\n|switch|p1a: Iron Jugulis|Iron Jugulis|100\/100\n|switch|p2a: Urshifu|Urshifu-Rapid-Strike, F|100\/100\n|-enditem|p1a: Iron Jugulis|Booster Energy\n|-activate|p1a: Iron Jugulis|ability: Quark Drive|[fromitem]\n|-start|p1a: Iron Jugulis|quarkdrivespe\n|turn|1\n|\n|t:|1700875709\n|switch|p2a: Dragonite|Dragonite, M|100\/100\n|move|p1a: Iron Jugulis|Hurricane|p2a: Dragonite\n|-damage|p2a: Dragonite|69\/100\n|-start|p2a: Dragonite|confusion\n|\n|upkeep\n|turn|2\n|\n|t:|1700875718\n|move|p1a: Iron Jugulis|Hurricane|p2a: Dragonite\n|-damage|p2a: Dragonite|9\/100\n|-activate|p2a: Dragonite|confusion\n|-zpower|p2a: Dragonite\n|move|p2a: Dragonite|Devastating Drake|p1a: Iron Jugulis|[zeffect]\n|-damage|p1a: Iron Jugulis|0 fnt\n|faint|p1a: Iron Jugulis\n|-end|p1a: Iron Jugulis|Quark Drive|[silent]\n|\n|upkeep\n|\n|t:|1700875726\n|switch|p1a: Greninja|Greninja, M|100\/100\n|turn|3\n|\n|t:|1700875737\n|switch|p2a: Urshifu|Urshifu-Rapid-Strike, F|100\/100\n|move|p1a: Greninja|Ice Beam|p2a: Urshifu\n|-resisted|p2a: Urshifu\n|-damage|p2a: Urshifu|81\/100\n|\n|upkeep\n|turn|4\n|\n|t:|1700875745\n|switch|p1a: Mandibuzz|Mandibuzz, F, shiny|100\/100\n|move|p2a: Urshifu|Close Combat|p1a: Mandibuzz\n|-crit|p1a: Mandibuzz\n|-damage|p1a: Mandibuzz|15\/100\n|-unboost|p2a: Urshifu|def|1\n|-unboost|p2a: Urshifu|spd|1\n|\n|upkeep\n|turn|5\n|\n|t:|1700875749\n|move|p2a: Urshifu|Close Combat|p1a: Mandibuzz\n|-damage|p1a: Mandibuzz|0 fnt\n|-unboost|p2a: Urshifu|def|1\n|-unboost|p2a: Urshifu|spd|1\n|faint|p1a: Mandibuzz\n|\n|upkeep\n|\n|t:|1700875753\n|switch|p1a: Muk|Muk-Alola, F|100\/100\n|turn|6\n|\n|t:|1700875759\n|switch|p2a: Dragonite|Dragonite, M|9\/100\n|move|p1a: Muk|Knock Off|p2a: Dragonite\n|-damage|p2a: Dragonite|0 fnt\n|faint|p2a: Dragonite\n|\n|upkeep\n|\n|t:|1700875767\n|switch|p2a: Heatran|Heatran, M|100\/100\n|-item|p2a: Heatran|Air Balloon\n|turn|7\n|\n|t:|1700875771\n|move|p2a: Heatran|Magma Storm|p1a: Muk|[miss]\n|-miss|p2a: Heatran|p1a: Muk\n|move|p1a: Muk|Power-Up Punch|p2a: Heatran\n|-supereffective|p2a: Heatran\n|-damage|p2a: Heatran|77\/100\n|-boost|p1a: Muk|atk|1\n|-enditem|p2a: Heatran|Air Balloon\n|\n|upkeep\n|turn|8\n|\n|t:|1700875775\n|move|p2a: Heatran|Magma Storm|p1a: Muk|[miss]\n|-miss|p2a: Heatran|p1a: Muk\n|move|p1a: Muk|Drain Punch|p2a: Heatran\n|-supereffective|p2a: Heatran\n|-damage|p2a: Heatran|16\/100\n|\n|upkeep\n|turn|9\n|\n|t:|1700875779\n|move|p2a: Heatran|Magma Storm|p1a: Muk\n|-damage|p1a: Muk|79\/100\n|-activate|p1a: Muk|move: Magma Storm|[of] p2a: Heatran\n|move|p1a: Muk|Drain Punch|p2a: Heatran\n|-supereffective|p2a: Heatran\n|-damage|p2a: Heatran|0 fnt\n|-heal|p1a: Muk|86\/100|[from] drain|[of] p2a: Heatran\n|faint|p2a: Heatran\n|\n|-end|p1a: Muk|Magma Storm|[partiallytrapped]|[silent]\n|upkeep\n|\n|t:|1700875784\n|switch|p2a: Urshifu|Urshifu-Rapid-Strike, F|81\/100\n|turn|10\n|\n|t:|1700875791\n|move|p2a: Urshifu|Surging Strikes|p1a: Muk\n|-crit|p1a: Muk\n|-damage|p1a: Muk|56\/100\n|-crit|p1a: Muk\n|-damage|p1a: Muk|22\/100\n|-crit|p1a: Muk\n|-damage|p1a: Muk|0 fnt\n|faint|p1a: Muk\n|-hitcount|p1: Muk|3\n|\n|upkeep\n|\n|t:|1700875798\n|switch|p1a: Bisharp|Bisharp, F|100\/100\n|turn|11\n|\n|t:|1700875805\n|move|p2a: Urshifu|Surging Strikes|p1a: Bisharp\n|-crit|p1a: Bisharp\n|-damage|p1a: Bisharp|79\/100\n|-crit|p1a: Bisharp\n|-damage|p1a: Bisharp|59\/100\n|-crit|p1a: Bisharp\n|-damage|p1a: Bisharp|39\/100\n|-hitcount|p1a: Bisharp|3\n|move|p1a: Bisharp|Swords Dance|p1a: Bisharp\n|-boost|p1a: Bisharp|atk|2\n|\n|upkeep\n|turn|12\n|\n|t:|1700875817\n|move|p1a: Bisharp|Sucker Punch|p2a: Urshifu\n|-resisted|p2a: Urshifu\n|-damage|p2a: Urshifu|42\/100\n|move|p2a: Urshifu|Surging Strikes|p1a: Bisharp\n|-crit|p1a: Bisharp\n|-damage|p1a: Bisharp|20\/100\n|-crit|p1a: Bisharp\n|-damage|p1a: Bisharp|0 fnt\n|faint|p1a: Bisharp\n|-hitcount|p1: Bisharp|2\n|\n|upkeep\n|\n|t:|1700875823\n|switch|p1a: Lokix|Lokix, F|100\/100\n|turn|13\n|\n|t:|1700875830\n|switch|p2a: Brambleghast|Brambleghast, M|100\/100\n|move|p1a: Lokix|Sucker Punch||[still]\n|-fail|p1a: Lokix\n|\n|upkeep\n|turn|14\n|\n|t:|1700875835\n|move|p1a: Lokix|Leech Life|p2a: Brambleghast\n|-damage|p2a: Brambleghast|38\/100\n|-damage|p1a: Lokix|84\/100|[from] item: Rocky Helmet|[of] p2a: Brambleghast\n|-damage|p1a: Lokix|74\/100|[from] item: Life Orb\n|move|p2a: Brambleghast|Strength Sap|p1a: Lokix\n|-unboost|p1a: Lokix|atk|1\n|-heal|p2a: Brambleghast|100\/100\n|\n|upkeep\n|turn|15\n|\n|t:|1700875845\n|move|p1a: Lokix|Swords Dance|p1a: Lokix\n|-boost|p1a: Lokix|atk|2\n|move|p2a: Brambleghast|Rapid Spin|p1a: Lokix\n|-damage|p1a: Lokix|54\/100\n|-boost|p2a: Brambleghast|spe|1\n|\n|upkeep\n|turn|16\n|\n|t:|1700875851\n|move|p2a: Brambleghast|Strength Sap|p1a: Lokix\n|-unboost|p1a: Lokix|atk|1\n|move|p1a: Lokix|Leech Life|p2a: Brambleghast\n|-damage|p2a: Brambleghast|30\/100\n|-heal|p1a: Lokix|93\/100|[from] drain|[of] p2a: Brambleghast\n|-damage|p1a: Lokix|76\/100|[from] item: Rocky Helmet|[of] p2a: Brambleghast\n|-damage|p1a: Lokix|66\/100|[from] item: Life Orb\n|\n|upkeep\n|turn|17\n|\n|t:|1700875861\n|move|p2a: Brambleghast|Strength Sap|p1a: Lokix\n|-unboost|p1a: Lokix|atk|1\n|-heal|p2a: Brambleghast|100\/100\n|move|p1a: Lokix|Leech Life|p2a: Brambleghast\n|-damage|p2a: Brambleghast|54\/100\n|-heal|p1a: Lokix|92\/100|[from] drain|[of] p2a: Brambleghast\n|-damage|p1a: Lokix|75\/100|[from] item: Rocky Helmet|[of] p2a: Brambleghast\n|-damage|p1a: Lokix|66\/100|[from] item: Life Orb\n|\n|upkeep\n|turn|18\n|\n|t:|1700875868\n|move|p2a: Brambleghast|Strength Sap|p1a: Lokix\n|-unboost|p1a: Lokix|atk|1\n|-heal|p2a: Brambleghast|100\/100\n|move|p1a: Lokix|Swords Dance|p1a: Lokix\n|-boost|p1a: Lokix|atk|2\n|\n|upkeep\n|turn|19\n|\n|t:|1700875878\n|move|p2a: Brambleghast|Rapid Spin|p1a: Lokix\n|-damage|p1a: Lokix|45\/100\n|-boost|p2a: Brambleghast|spe|1\n|move|p1a: Lokix|Swords Dance|p1a: Lokix\n|-boost|p1a: Lokix|atk|2\n|\n|upkeep\n|turn|20\n|\n|t:|1700875883\n|move|p2a: Brambleghast|Strength Sap|p1a: Lokix\n|-unboost|p1a: Lokix|atk|1\n|move|p1a: Lokix|Leech Life|p2a: Brambleghast\n|-damage|p2a: Brambleghast|3\/100\n|-heal|p1a: Lokix|98\/100|[from] drain|[of] p2a: Brambleghast\n|-damage|p1a: Lokix|82\/100|[from] item: Rocky Helmet|[of] p2a: Brambleghast\n|-damage|p1a: Lokix|72\/100|[from] item: Life Orb\n|\n|upkeep\n|turn|21\n|\n|t:|1700875889\n|move|p1a: Lokix|Sucker Punch||[still]\n|-fail|p1a: Lokix\n|move|p2a: Brambleghast|Strength Sap|p1a: Lokix\n|-unboost|p1a: Lokix|atk|1\n|-heal|p2a: Brambleghast|100\/100\n|\n|upkeep\n|turn|22\n|\n|t:|1700875900\n|move|p2a: Brambleghast|Curse|p1a: Lokix\n|-start|p1a: Lokix|Curse|[of] p2a: Brambleghast\n|-damage|p2a: Brambleghast|50\/100\n|move|p1a: Lokix|Swords Dance|p1a: Lokix\n|-boost|p1a: Lokix|atk|2\n|\n|-damage|p1a: Lokix|47\/100|[from] Curse\n|upkeep\n|turn|23\n|\n|t:|1700875905\n|move|p2a: Brambleghast|Strength Sap|p1a: Lokix\n|-unboost|p1a: Lokix|atk|1\n|-heal|p2a: Brambleghast|100\/100\n|move|p1a: Lokix|Leech Life|p2a: Brambleghast\n|-damage|p2a: Brambleghast|0 fnt\n|-heal|p1a: Lokix|100\/100|[from] drain|[of] p2a: Brambleghast\n|-damage|p1a: Lokix|84\/100|[from] item: Rocky Helmet|[of] p2a: Brambleghast\n|faint|p2a: Brambleghast\n|-damage|p1a: Lokix|74\/100|[from] item: Life Orb\n|\n|-damage|p1a: Lokix|49\/100|[from] Curse\n|upkeep\n|\n|t:|1700875918\n|switch|p2a: Pinsir|Pinsir, M|100\/100\n|turn|24\n|\n|t:|1700875922\n|detailschange|p2a: Pinsir|Pinsir-Mega, M\n|-mega|p2a: Pinsir|Pinsir|Pinsirite\n|move|p1a: Lokix|Sucker Punch||[still]\n|-fail|p1a: Lokix\n|move|p2a: Pinsir|Substitute|p2a: Pinsir\n|-start|p2a: Pinsir|Substitute\n|-damage|p2a: Pinsir|76\/100\n|\n|-damage|p1a: Lokix|24\/100|[from] Curse\n|upkeep\n|turn|25\n|-message|mqcing forfeited.\n|\n|win|rff123\n|raw|mqcing's rating: 1364 &rarr; <strong>1347<\/strong><br \/>(-17 for losing)\n|raw|rff123's rating: 1420 &rarr; <strong>1437<\/strong><br \/>(+17 for winning)\n|l|\u2606mqcing\n","uploadtime":1700875994,"views":7,"p1id":"mqcing","p2id":"rff123","formatid":"gen9nationaldex","rating":1347,"private":0,"password":""}