{"id":"gen9nationaldex-1996481903","p1":"88lemurs","p2":"lance715","format":"[Gen 9] National Dex","log":"|html|<div class=\"broadcast-blue\"><strong>[Gen 9] National Dex is currently suspecting Sneasler! For information on how to participate check out the <a href=\"https:\/\/www.smogon.com\/forums\/threads\/sv-national-dex-suspect-8-just-dance.3731534\/\">suspect thread<\/a>.<\/strong><\/div>\n|j|\u260688lemurs\n|j|\u2606lance715\n|t:|1700686263\n|gametype|singles\n|player|p1|88lemurs|lucas|1055\n|player|p2|lance715|steven|1023\n|teamsize|p1|5\n|teamsize|p2|6\n|gen|9\n|tier|[Gen 9] National Dex\n|rated|\n|rule|HP Percentage Mod: HP is shown in percentages\n|rule|Endless Battle Clause: Forcing endless battles is banned\n|rule|OHKO Clause: OHKO moves are banned\n|rule|Evasion Clause: Evasion abilities, items, and moves are banned\n|rule|Evasion Abilities Clause: Evasion abilities are banned\n|rule|Evasion Items Clause: Evasion items are banned\n|rule|Evasion Moves Clause: Evasion moves are banned\n|rule|Species Clause: Limit one of each Pok\u00e9mon\n|rule|Sleep Clause Mod: Limit one foe put to sleep\n|clearpoke\n|poke|p1|Nidoking, M|\n|poke|p1|Corviknight, M|\n|poke|p1|Komala, M|\n|poke|p1|Armaldo, M|\n|poke|p1|Venusaur, M|\n|poke|p2|Metagross|\n|poke|p2|Aggron, M|\n|poke|p2|Lucario, F|\n|poke|p2|Milotic, F|\n|poke|p2|Wailord, F|\n|poke|p2|Kingdra, F|\n|teampreview\n|inactive|Battle timer is ON: inactive players will automatically lose when time's up. (requested by lance715)\n|\n|t:|1700686273\n|start\n|switch|p1a: Armando|Armaldo, M|100\/100\n|switch|p2a: Metagross|Metagross|100\/100\n|turn|1\n|\n|t:|1700686285\n|move|p2a: Metagross|Iron Head|p1a: Armando\n|-supereffective|p1a: Armando\n|-damage|p1a: Armando|18\/100\n|move|p1a: Armando|Stealth Rock|p2a: Metagross\n|-sidestart|p2: lance715|move: Stealth Rock\n|\n|upkeep\n|turn|2\n|\n|t:|1700686300\n|switch|p1a: Corviknight|Corviknight, M|100\/100\n|move|p2a: Metagross|Iron Head|p1a: Corviknight\n|-resisted|p1a: Corviknight\n|-damage|p1a: Corviknight|89\/100\n|\n|-heal|p1a: Corviknight|95\/100|[from] item: Leftovers\n|upkeep\n|turn|3\n|\n|t:|1700686310\n|move|p2a: Metagross|Iron Head|p1a: Corviknight\n|-resisted|p1a: Corviknight\n|-damage|p1a: Corviknight|84\/100\n|move|p1a: Corviknight|Iron Defense|p1a: Corviknight\n|-boost|p1a: Corviknight|def|2\n|\n|-heal|p1a: Corviknight|90\/100|[from] item: Leftovers\n|upkeep\n|turn|4\n|\n|t:|1700686321\n|move|p2a: Metagross|Iron Head|p1a: Corviknight\n|-resisted|p1a: Corviknight\n|-damage|p1a: Corviknight|84\/100\n|move|p1a: Corviknight|Iron Defense|p1a: Corviknight\n|-boost|p1a: Corviknight|def|2\n|\n|-heal|p1a: Corviknight|90\/100|[from] item: Leftovers\n|upkeep\n|turn|5\n|\n|t:|1700686330\n|-terastallize|p2a: Metagross|Steel\n|move|p2a: Metagross|Iron Head|p1a: Corviknight\n|-resisted|p1a: Corviknight\n|-damage|p1a: Corviknight|85\/100\n|move|p1a: Corviknight|Iron Defense|p1a: Corviknight\n|-boost|p1a: Corviknight|def|2\n|\n|-heal|p1a: Corviknight|91\/100|[from] item: Leftovers\n|upkeep\n|turn|6\n|\n|t:|1700686340\n|move|p2a: Metagross|Zen Headbutt|p1a: Corviknight\n|-resisted|p1a: Corviknight\n|-damage|p1a: Corviknight|88\/100\n|cant|p1a: Corviknight|flinch\n|\n|-heal|p1a: Corviknight|94\/100|[from] item: Leftovers\n|upkeep\n|turn|7\n|\n|t:|1700686356\n|move|p2a: Metagross|Zen Headbutt|p1a: Corviknight\n|-resisted|p1a: Corviknight\n|-damage|p1a: Corviknight|91\/100\n|cant|p1a: Corviknight|flinch\n|\n|-heal|p1a: Corviknight|97\/100|[from] item: Leftovers\n|upkeep\n|turn|8\n|\n|t:|1700686363\n|move|p2a: Metagross|Zen Headbutt|p1a: Corviknight|[miss]\n|-miss|p2a: Metagross|p1a: Corviknight\n|move|p1a: Corviknight|Body Press|p2a: Metagross\n|-supereffective|p2a: Metagross\n|-damage|p2a: Metagross|0 fnt\n|faint|p2a: Metagross\n|\n|-heal|p1a: Corviknight|100\/100|[from] item: Leftovers\n|upkeep\n|\n|t:|1700686376\n|switch|p2a: Aggron|Aggron, M|100\/100\n|-damage|p2a: Aggron|94\/100|[from] Stealth Rock\n|turn|9\n|\n|t:|1700686380\n|detailschange|p2a: Aggron|Aggron-Mega, M\n|-mega|p2a: Aggron|Aggron|Aggronite\n|move|p1a: Corviknight|Body Press|p2a: Aggron\n|-supereffective|p2a: Aggron\n|-damage|p2a: Aggron|11\/100\n|move|p2a: Aggron|Outrage|p1a: Corviknight\n|-resisted|p1a: Corviknight\n|-damage|p1a: Corviknight|97\/100\n|\n|-heal|p1a: Corviknight|100\/100|[from] item: Leftovers\n|upkeep\n|turn|10\n|\n|t:|1700686395\n|move|p1a: Corviknight|Body Press|p2a: Aggron\n|-supereffective|p2a: Aggron\n|-damage|p2a: Aggron|0 fnt\n|faint|p2a: Aggron\n|\n|upkeep\n|\n|t:|1700686398\n|switch|p2a: Milotic|Milotic, F|100\/100\n|-damage|p2a: Milotic|88\/100|[from] Stealth Rock\n|turn|11\n|\n|t:|1700686405\n|move|p2a: Milotic|Hydro Pump|p1a: Corviknight|[miss]\n|-miss|p2a: Milotic|p1a: Corviknight\n|move|p1a: Corviknight|Body Press|p2a: Milotic\n|-damage|p2a: Milotic|0 fnt\n|faint|p2a: Milotic\n|\n|upkeep\n|\n|t:|1700686411\n|switch|p2a: Wailord|Wailord, F|100\/100\n|-damage|p2a: Wailord|88\/100|[from] Stealth Rock\n|turn|12\n|\n|t:|1700686416\n|move|p2a: Wailord|Hydro Pump|p1a: Corviknight\n|-damage|p1a: Corviknight|64\/100\n|move|p1a: Corviknight|Body Press|p2a: Wailord\n|-damage|p2a: Wailord|0 fnt\n|faint|p2a: Wailord\n|\n|-heal|p1a: Corviknight|70\/100|[from] item: Leftovers\n|upkeep\n|\n|t:|1700686419\n|switch|p2a: Lucario|Lucario, F|100\/100\n|-damage|p2a: Lucario|97\/100|[from] Stealth Rock\n|turn|13\n|\n|t:|1700686429\n|move|p2a: Lucario|Close Combat|p1a: Corviknight\n|-damage|p1a: Corviknight|63\/100\n|-unboost|p2a: Lucario|def|1\n|-unboost|p2a: Lucario|spd|1\n|move|p1a: Corviknight|Body Press|p2a: Lucario\n|-supereffective|p2a: Lucario\n|-damage|p2a: Lucario|0 fnt\n|faint|p2a: Lucario\n|\n|-heal|p1a: Corviknight|69\/100|[from] item: Leftovers\n|upkeep\n|\n|t:|1700686431\n|switch|p2a: Kingdra|Kingdra, F|100\/100\n|-damage|p2a: Kingdra|88\/100|[from] Stealth Rock\n|turn|14\n|\n|t:|1700686446\n|-terastallize|p1a: Corviknight|Fighting\n|move|p2a: Kingdra|Outrage|p1a: Corviknight\n|-damage|p1a: Corviknight|63\/100\n|move|p1a: Corviknight|Body Press|p2a: Kingdra\n|-damage|p2a: Kingdra|0 fnt\n|faint|p2a: Kingdra\n|\n|win|88lemurs\n|raw|88lemurs's rating: 1055 &rarr; <strong>1084<\/strong><br \/>(+29 for winning)\n|raw|lance715's rating: 1023 &rarr; <strong>1011<\/strong><br \/>(-12 for losing)\n|l|\u2606lance715\n","uploadtime":1700686589,"views":1,"p1id":"88lemurs","p2id":"lance715","formatid":"gen9nationaldex","rating":1011,"private":0,"password":""}