{"id":"gen9nationaldex-1998888971","p1":"shinjibostero","p2":"Un0eg0","format":"[Gen 9] National Dex","log":"|html|<div class=\"broadcast-blue\"><strong>[Gen 9] National Dex is currently suspecting Sneasler! For information on how to participate check out the <a href=\"https:\/\/www.smogon.com\/forums\/threads\/sv-national-dex-suspect-8-just-dance.3731534\/\">suspect thread<\/a>.<\/strong><\/div>\n|j|\u2606shinjibostero\n|j|\u2606Un0eg0\n|t:|1701009041\n|gametype|singles\n|player|p1|shinjibostero|benga|1259\n|player|p2|Un0eg0|ash|1239\n|teamsize|p1|6\n|teamsize|p2|6\n|gen|9\n|tier|[Gen 9] National Dex\n|rated|\n|rule|HP Percentage Mod: HP is shown in percentages\n|rule|Endless Battle Clause: Forcing endless battles is banned\n|rule|OHKO Clause: OHKO moves are banned\n|rule|Evasion Clause: Evasion abilities, items, and moves are banned\n|rule|Evasion Abilities Clause: Evasion abilities are banned\n|rule|Evasion Items Clause: Evasion items are banned\n|rule|Evasion Moves Clause: Evasion moves are banned\n|rule|Species Clause: Limit one of each Pok\u00e9mon\n|rule|Sleep Clause Mod: Limit one foe put to sleep\n|clearpoke\n|poke|p1|Togekiss, M|\n|poke|p1|Pachirisu, M|\n|poke|p1|Scizor, F|\n|poke|p1|Noivern, F|\n|poke|p1|Machamp, F|\n|poke|p1|Vileplume, M|\n|poke|p2|Pikachu, F|\n|poke|p2|Lucario, M|\n|poke|p2|Gengar, M|\n|poke|p2|Dragonite, F|\n|poke|p2|Sirfetch\u2019d, M|\n|poke|p2|Greninja-*, M|\n|teampreview\n|inactive|Battle timer is ON: inactive players will automatically lose when time's up. (requested by Un0eg0)\n|\n|t:|1701009050\n|start\n|switch|p1a: Machamp|Machamp, F|100\/100\n|switch|p2a: KaMon|Sirfetch\u2019d, M|100\/100\n|turn|1\n|\n|t:|1701009063\n|move|p2a: KaMon|Dual Wingbeat|p1a: Machamp\n|-supereffective|p1a: Machamp\n|-crit|p1a: Machamp\n|-damage|p1a: Machamp|56\/100\n|-supereffective|p1a: Machamp\n|-damage|p1a: Machamp|25\/100\n|-hitcount|p1a: Machamp|2\n|move|p1a: Machamp|Dynamic Punch|p2a: KaMon\n|-damage|p2a: KaMon|28\/100\n|-start|p2a: KaMon|confusion\n|-damage|p1a: Machamp|15\/100|[from] item: Life Orb\n|\n|upkeep\n|turn|2\n|\n|t:|1701009076\n|-activate|p2a: KaMon|confusion\n|-damage|p2a: KaMon|12\/100|[from] confusion\n|move|p1a: Machamp|Dynamic Punch|p2a: KaMon\n|-damage|p2a: KaMon|0 fnt\n|faint|p2a: KaMon\n|-damage|p1a: Machamp|5\/100|[from] item: Life Orb\n|\n|upkeep\n|\n|t:|1701009090\n|switch|p2a: Star platinum|Lucario, M|100\/100\n|turn|3\n|\n|t:|1701009094\n|move|p2a: Star platinum|Meteor Mash|p1a: Machamp\n|-damage|p1a: Machamp|0 fnt\n|-boost|p2a: Star platinum|atk|1\n|faint|p1a: Machamp\n|-damage|p2a: Star platinum|91\/100|[from] item: Life Orb\n|\n|upkeep\n|\n|t:|1701009101\n|switch|p1a: Pachirisu|Pachirisu, M|100\/100\n|turn|4\n|\n|t:|1701009105\n|move|p1a: Pachirisu|Nuzzle|p2a: Star platinum\n|-damage|p2a: Star platinum|85\/100\n|-status|p2a: Star platinum|par\n|move|p2a: Star platinum|Meteor Mash|p1a: Pachirisu\n|-resisted|p1a: Pachirisu\n|-damage|p1a: Pachirisu|34\/100\n|-boost|p2a: Star platinum|atk|1\n|-damage|p2a: Star platinum|75\/100 par|[from] item: Life Orb\n|\n|upkeep\n|turn|5\n|\n|t:|1701009114\n|move|p2a: Star platinum|Bullet Punch|p1a: Pachirisu\n|-resisted|p1a: Pachirisu\n|-damage|p1a: Pachirisu|0 fnt\n|faint|p1a: Pachirisu\n|-damage|p2a: Star platinum|65\/100 par|[from] item: Life Orb\n|\n|upkeep\n|\n|t:|1701009124\n|switch|p1a: Vileplume|Vileplume, M|100\/100\n|turn|6\n|\n|t:|1701009130\n|move|p2a: Star platinum|Meteor Mash|p1a: Vileplume\n|-damage|p1a: Vileplume|0 fnt\n|faint|p1a: Vileplume\n|-damage|p2a: Star platinum|55\/100 par|[from] item: Life Orb\n|\n|upkeep\n|\n|t:|1701009135\n|switch|p1a: Noivern|Noivern, F|100\/100\n|turn|7\n|\n|t:|1701009140\n|move|p1a: Noivern|Air Slash|p2a: Star platinum\n|-damage|p2a: Star platinum|0 fnt\n|faint|p2a: Star platinum\n|\n|upkeep\n|\n|t:|1701009145\n|switch|p2a: Drago|Dragonite, F|100\/100\n|turn|8\n|\n|t:|1701009152\n|switch|p1a: Togekiss|Togekiss, M|100\/100\n|move|p2a: Drago|Ice Punch|p1a: Togekiss\n|-supereffective|p1a: Togekiss\n|-damage|p1a: Togekiss|52\/100\n|\n|-heal|p1a: Togekiss|59\/100|[from] item: Leftovers\n|upkeep\n|turn|9\n|\n|t:|1701009158\n|move|p2a: Drago|Dragon Dance|p2a: Drago\n|-boost|p2a: Drago|atk|1\n|-boost|p2a: Drago|spe|1\n|move|p1a: Togekiss|Thunder Wave|p2a: Drago\n|-status|p2a: Drago|par\n|\n|-heal|p1a: Togekiss|65\/100|[from] item: Leftovers\n|upkeep\n|turn|10\n|\n|t:|1701009164\n|move|p2a: Drago|Ice Punch|p1a: Togekiss\n|-supereffective|p1a: Togekiss\n|-damage|p1a: Togekiss|0 fnt\n|faint|p1a: Togekiss\n|\n|upkeep\n|\n|t:|1701009168\n|switch|p1a: Scizor|Scizor, F|100\/100\n|turn|11\n|\n|t:|1701009172\n|detailschange|p1a: Scizor|Scizor-Mega, F\n|-mega|p1a: Scizor|Scizor|Scizorite\n|move|p1a: Scizor|Swords Dance|p1a: Scizor\n|-boost|p1a: Scizor|atk|2\n|cant|p2a: Drago|par\n|\n|upkeep\n|turn|12\n|\n|t:|1701009177\n|move|p1a: Scizor|Iron Head|p2a: Drago\n|-damage|p2a: Drago|51\/100 par\n|cant|p2a: Drago|flinch\n|\n|upkeep\n|turn|13\n|\n|t:|1701009185\n|cant|p2a: Drago|par\n|move|p1a: Scizor|Iron Head|p2a: Drago\n|-damage|p2a: Drago|0 fnt\n|faint|p2a: Drago\n|\n|upkeep\n|\n|t:|1701009198\n|switch|p2a: Bachira|Gengar, M|100\/100\n|turn|14\n|\n|t:|1701009203\n|move|p2a: Bachira|Shadow Ball|p1a: Scizor\n|-damage|p1a: Scizor|59\/100\n|move|p1a: Scizor|Pursuit|p2a: Bachira\n|-supereffective|p2a: Bachira\n|-enditem|p2a: Bachira|Focus Sash\n|-damage|p2a: Bachira|1\/100\n|\n|upkeep\n|turn|15\n|\n|t:|1701009209\n|move|p1a: Scizor|Bullet Punch|p2a: Bachira\n|-damage|p2a: Bachira|0 fnt\n|faint|p2a: Bachira\n|\n|upkeep\n|\n|t:|1701009218\n|switch|p2a: Naruto|Greninja, M|100\/100\n|turn|16\n|\n|t:|1701009222\n|-terastallize|p2a: Naruto|Water\n|move|p1a: Scizor|Bullet Punch|p2a: Naruto\n|-resisted|p2a: Naruto\n|-damage|p2a: Naruto|52\/100\n|move|p2a: Naruto|Surf|p1a: Scizor\n|-damage|p1a: Scizor|0 fnt\n|faint|p1a: Scizor\n|-ability|p2a: Naruto|Battle Bond|boost\n|-boost|p2a: Naruto|atk|1\n|-boost|p2a: Naruto|spa|1\n|-boost|p2a: Naruto|spe|1\n|-activate|p2a: Naruto|ability: Battle Bond\n|\n|upkeep\n|\n|t:|1701009229\n|switch|p1a: Noivern|Noivern, F|100\/100\n|turn|17\n|\n|t:|1701009235\n|move|p2a: Naruto|Surf|p1a: Noivern\n|-resisted|p1a: Noivern\n|-damage|p1a: Noivern|27\/100\n|move|p1a: Noivern|Boomburst|p2a: Naruto\n|-damage|p2a: Naruto|0 fnt\n|faint|p2a: Naruto\n|\n|upkeep\n|\n|t:|1701009240\n|switch|p2a: Zatch|Pikachu, F, shiny|100\/100\n|turn|18\n|\n|t:|1701009244\n|-terastallize|p1a: Noivern|Normal\n|move|p2a: Zatch|Fake Out|p1a: Noivern\n|-damage|p1a: Noivern|5\/100\n|cant|p1a: Noivern|flinch\n|\n|upkeep\n|turn|19\n|\n|t:|1701009249\n|move|p2a: Zatch|Extreme Speed|p1a: Noivern\n|-damage|p1a: Noivern|0 fnt\n|faint|p1a: Noivern\n|\n|win|Un0eg0\n|raw|shinjibostero's rating: 1259 &rarr; <strong>1233<\/strong><br \/>(-26 for losing)\n|raw|Un0eg0's rating: 1239 &rarr; <strong>1265<\/strong><br \/>(+26 for winning)\n|l|\u2606shinjibostero\n","uploadtime":1701009256,"views":1,"p1id":"shinjibostero","p2id":"un0eg0","formatid":"gen9nationaldex","rating":1233,"private":0,"password":""}