{"id":"gen9nationaldex-1995949448","p1":"sty11","p2":"batmanga","format":"[Gen 9] National Dex","log":"|html|<div class=\"broadcast-blue\"><strong>[Gen 9] National Dex is currently suspecting Sneasler! For information on how to participate check out the <a href=\"https:\/\/www.smogon.com\/forums\/threads\/sv-national-dex-suspect-8-just-dance.3731534\/\">suspect thread<\/a>.<\/strong><\/div>\n|j|\u2606sty11\n|j|\u2606batmanga\n|t:|1700620958\n|gametype|singles\n|player|p1|sty11|101|1691\n|player|p2|batmanga|riley|1577\n|teamsize|p1|6\n|teamsize|p2|6\n|gen|9\n|tier|[Gen 9] National Dex\n|rated|\n|rule|HP Percentage Mod: HP is shown in percentages\n|rule|Endless Battle Clause: Forcing endless battles is banned\n|rule|OHKO Clause: OHKO moves are banned\n|rule|Evasion Clause: Evasion abilities, items, and moves are banned\n|rule|Evasion Abilities Clause: Evasion abilities are banned\n|rule|Evasion Items Clause: Evasion items are banned\n|rule|Evasion Moves Clause: Evasion moves are banned\n|rule|Species Clause: Limit one of each Pok\u00e9mon\n|rule|Sleep Clause Mod: Limit one foe put to sleep\n|clearpoke\n|poke|p1|Banette, F|\n|poke|p1|Samurott-Hisui, M|\n|poke|p1|Indeedee, M|\n|poke|p1|Quaquaval, F|\n|poke|p1|Alakazam, M|\n|poke|p1|Skeledirge, M|\n|poke|p2|Slowking, M|\n|poke|p2|Zamazenta-*|\n|poke|p2|Raticate, M|\n|poke|p2|Skeledirge, F|\n|poke|p2|Arctozolt|\n|poke|p2|Iron Valiant|\n|teampreview\n|\n|t:|1700620973\n|start\n|switch|p1a: Indeedee|Indeedee, M|100\/100\n|switch|p2a: Zamazenta|Zamazenta|100\/100\n|-ability|p2a: Zamazenta|Dauntless Shield|boost\n|-boost|p2a: Zamazenta|def|1\n|-fieldstart|move: Psychic Terrain|[from] ability: Psychic Surge|[of] p1a: Indeedee\n|turn|1\n|\n|t:|1700620985\n|switch|p2a: Slowking|Slowking, M|100\/100\n|move|p1a: Indeedee|Expanding Force|p2a: Slowking\n|-resisted|p2a: Slowking\n|-damage|p2a: Slowking|70\/100\n|-damage|p1a: Indeedee|90\/100|[from] item: Life Orb\n|\n|upkeep\n|turn|2\n|\n|t:|1700620994\n|switch|p1a: Samurott|Samurott-Hisui, M|100\/100\n|move|p2a: Slowking|Future Sight|p1a: Samurott\n|-start|p2a: Slowking|move: Future Sight\n|\n|upkeep\n|turn|3\n|\n|t:|1700621006\n|switch|p2a: Zamazenta|Zamazenta|100\/100\n|move|p1a: Samurott|Ceaseless Edge|p2a: Zamazenta|[miss]\n|-miss|p1a: Samurott|p2a: Zamazenta\n|\n|upkeep\n|turn|4\n|\n|t:|1700621012\n|move|p2a: Zamazenta|Crunch|p1a: Samurott\n|-resisted|p1a: Samurott\n|-damage|p1a: Samurott|76\/100\n|move|p1a: Samurott|Ceaseless Edge|p2a: Zamazenta\n|-resisted|p2a: Zamazenta\n|-damage|p2a: Zamazenta|80\/100\n|-sidestart|p2: batmanga|Spikes\n|\n|-end|p1a: Samurott|move: Future Sight\n|-immune|p1a: Samurott\n|upkeep\n|turn|5\n|\n|t:|1700621022\n|move|p2a: Zamazenta|Crunch|p1a: Samurott\n|-resisted|p1a: Samurott\n|-damage|p1a: Samurott|50\/100\n|move|p1a: Samurott|Ceaseless Edge|p2a: Zamazenta\n|-resisted|p2a: Zamazenta\n|-damage|p2a: Zamazenta|60\/100\n|-sidestart|p2: batmanga|Spikes\n|\n|-fieldend|move: Psychic Terrain\n|upkeep\n|turn|6\n|\n|t:|1700621032\n|switch|p2a: Iron Valiant|Iron Valiant|100\/100\n|-damage|p2a: Iron Valiant|84\/100|[from] Spikes\n|-enditem|p2a: Iron Valiant|Booster Energy\n|-activate|p2a: Iron Valiant|ability: Quark Drive|[fromitem]\n|-start|p2a: Iron Valiant|quarkdrivespe\n|move|p1a: Samurott|Ceaseless Edge|p2a: Iron Valiant|[miss]\n|-miss|p1a: Samurott|p2a: Iron Valiant\n|\n|upkeep\n|turn|7\n|\n|t:|1700621050\n|switch|p1a: Skeledirge|Skeledirge, M|100\/100\n|move|p2a: Iron Valiant|Moonblast|p1a: Skeledirge\n|-resisted|p1a: Skeledirge\n|-damage|p1a: Skeledirge|76\/100\n|\n|upkeep\n|turn|8\n|\n|t:|1700621063\n|move|p2a: Iron Valiant|Calm Mind|p2a: Iron Valiant\n|-boost|p2a: Iron Valiant|spa|1\n|-boost|p2a: Iron Valiant|spd|1\n|move|p1a: Skeledirge|Torch Song|p2a: Iron Valiant\n|-damage|p2a: Iron Valiant|35\/100\n|-boost|p1a: Skeledirge|spa|1\n|\n|upkeep\n|turn|9\n|\n|t:|1700621068\n|move|p2a: Iron Valiant|Thunderbolt|p1a: Skeledirge\n|-damage|p1a: Skeledirge|45\/100\n|move|p1a: Skeledirge|Encore|p2a: Iron Valiant\n|-start|p2a: Iron Valiant|Encore\n|\n|upkeep\n|turn|10\n|\n|t:|1700621073\n|move|p2a: Iron Valiant|Thunderbolt|p1a: Skeledirge\n|-crit|p1a: Skeledirge\n|-damage|p1a: Skeledirge|1\/100\n|move|p1a: Skeledirge|Slack Off|p1a: Skeledirge\n|-heal|p1a: Skeledirge|51\/100\n|\n|upkeep\n|turn|11\n|\n|t:|1700621078\n|move|p2a: Iron Valiant|Thunderbolt|p1a: Skeledirge\n|-damage|p1a: Skeledirge|22\/100\n|move|p1a: Skeledirge|Slack Off|p1a: Skeledirge\n|-heal|p1a: Skeledirge|72\/100\n|\n|upkeep\n|turn|12\n|\n|t:|1700621085\n|move|p2a: Iron Valiant|Thunderbolt|p1a: Skeledirge\n|-damage|p1a: Skeledirge|38\/100\n|move|p1a: Skeledirge|Slack Off|p1a: Skeledirge\n|-heal|p1a: Skeledirge|89\/100\n|\n|-end|p2a: Iron Valiant|Encore\n|upkeep\n|turn|13\n|\n|t:|1700621091\n|move|p2a: Iron Valiant|Thunderbolt|p1a: Skeledirge\n|-damage|p1a: Skeledirge|57\/100\n|move|p1a: Skeledirge|Torch Song|p2a: Iron Valiant\n|-damage|p2a: Iron Valiant|0 fnt\n|-boost|p1a: Skeledirge|spa|1\n|faint|p2a: Iron Valiant\n|-end|p2a: Iron Valiant|Quark Drive|[silent]\n|\n|upkeep\n|\n|t:|1700621098\n|switch|p2a: Slowking|Slowking, M|100\/100\n|-damage|p2a: Slowking|84\/100|[from] Spikes\n|turn|14\n|\n|t:|1700621107\n|switch|p1a: Samurott|Samurott-Hisui, M|50\/100\n|move|p2a: Slowking|Chilly Reception|p2a: Slowking\n|-weather|Snow\n|\n|t:|1700621109\n|switch|p2a: Arctozolt|Arctozolt|100\/100|[from] Chilly Reception\n|\n|-weather|Snow|[upkeep]\n|upkeep\n|turn|15\n|j| cyttorax\n|\n|t:|1700621119\n|move|p2a: Arctozolt|Bolt Beak|p1a: Samurott\n|-supereffective|p1a: Samurott\n|-damage|p1a: Samurott|0 fnt\n|faint|p1a: Samurott\n|\n|-weather|Snow|[upkeep]\n|upkeep\n|\n|t:|1700621124\n|switch|p1a: Banette|Banette, F|100\/100\n|turn|16\n|\n|t:|1700621129\n|detailschange|p1a: Banette|Banette-Mega, F\n|-mega|p1a: Banette|Banette|Banettite\n|move|p1a: Banette|Destiny Bond|p1a: Banette\n|-singlemove|p1a: Banette|Destiny Bond\n|move|p2a: Arctozolt|Substitute|p2a: Arctozolt\n|-start|p2a: Arctozolt|Substitute\n|-damage|p2a: Arctozolt|76\/100\n|\n|-weather|Snow|[upkeep]\n|upkeep\n|turn|17\n|\n|t:|1700621133\n|move|p1a: Banette|Encore|p2a: Arctozolt\n|-start|p2a: Arctozolt|Encore\n|move|p2a: Arctozolt|Substitute|p2a: Arctozolt\n|-fail|p2a: Arctozolt|move: Substitute\n|\n|-weather|Snow|[upkeep]\n|upkeep\n|turn|18\n|\n|t:|1700621137\n|move|p2a: Arctozolt|Substitute|p2a: Arctozolt\n|-fail|p2a: Arctozolt|move: Substitute\n|move|p1a: Banette|Poltergeist|p2a: Arctozolt\n|-activate|p2a: Arctozolt|move: Poltergeist|Heavy-Duty Boots\n|-end|p2a: Arctozolt|Substitute\n|\n|-weather|Snow|[upkeep]\n|upkeep\n|turn|19\n|\n|t:|1700621144\n|switch|p2a: Raticate|Raticate, M|100\/100\n|-damage|p2a: Raticate|84\/100|[from] Spikes\n|move|p1a: Banette|Poltergeist|p2a: Raticate\n|-immune|p2a: Raticate\n|\n|-weather|Snow|[upkeep]\n|-status|p2a: Raticate|brn|[from] item: Flame Orb\n|upkeep\n|turn|20\n|\n|t:|1700621155\n|switch|p1a: Quaquaval|Quaquaval, F|100\/100\n|move|p2a: Raticate|Swords Dance|p2a: Raticate\n|-boost|p2a: Raticate|atk|2\n|\n|-weather|Snow|[upkeep]\n|-damage|p2a: Raticate|78\/100 brn|[from] brn\n|upkeep\n|turn|21\n|\n|t:|1700621170\n|switch|p2a: Skeledirge|Skeledirge, F|100\/100\n|move|p1a: Quaquaval|Aqua Step|p2a: Skeledirge\n|-supereffective|p2a: Skeledirge\n|-damage|p2a: Skeledirge|48\/100\n|-boost|p1a: Quaquaval|spe|1\n|\n|-weather|none\n|upkeep\n|turn|22\n|\n|t:|1700621181\n|switch|p1a: Alakazam|Alakazam, M|100\/100\n|-terastallize|p2a: Skeledirge|Water\n|move|p2a: Skeledirge|Slack Off|p2a: Skeledirge\n|-heal|p2a: Skeledirge|98\/100\n|\n|upkeep\n|turn|23\n|\n|t:|1700621185\n|switch|p2a: Slowking|Slowking, M|100\/100\n|-damage|p2a: Slowking|84\/100|[from] Spikes\n|move|p1a: Alakazam|Encore||[still]\n|-fail|p1a: Alakazam\n|\n|upkeep\n|turn|24\n|\n|t:|1700621192\n|switch|p1a: Banette|Banette-Mega, F|100\/100\n|move|p2a: Slowking|Scald|p1a: Banette\n|-crit|p1a: Banette\n|-damage|p1a: Banette|43\/100\n|\n|upkeep\n|turn|25\n|\n|t:|1700621200\n|switch|p2a: Raticate|Raticate, M|78\/100 brn\n|-damage|p2a: Raticate|62\/100 brn|[from] Spikes\n|move|p1a: Banette|Poltergeist|p2a: Raticate\n|-immune|p2a: Raticate\n|\n|-damage|p2a: Raticate|56\/100 brn|[from] brn\n|upkeep\n|turn|26\n|j| kingambit player\n|l| kingambit player\n|\n|t:|1700621208\n|switch|p1a: Quaquaval|Quaquaval, F|100\/100\n|move|p2a: Raticate|Facade|p1a: Quaquaval\n|-damage|p1a: Quaquaval|0 fnt\n|faint|p1a: Quaquaval\n|\n|-damage|p2a: Raticate|50\/100 brn|[from] brn\n|upkeep\n|\n|t:|1700621219\n|switch|p1a: Indeedee|Indeedee, M|90\/100\n|-fieldstart|move: Psychic Terrain|[from] ability: Psychic Surge|[of] p1a: Indeedee\n|turn|27\n|\n|t:|1700621227\n|switch|p1a: Skeledirge|Skeledirge, M|57\/100\n|move|p2a: Raticate|Facade|p1a: Skeledirge\n|-immune|p1a: Skeledirge\n|\n|-damage|p2a: Raticate|44\/100 brn|[from] brn\n|upkeep\n|turn|28\n|\n|t:|1700621233\n|move|p2a: Raticate|Stomping Tantrum|p1a: Skeledirge\n|-supereffective|p1a: Skeledirge\n|-crit|p1a: Skeledirge\n|-damage|p1a: Skeledirge|0 fnt\n|faint|p1a: Skeledirge\n|\n|-damage|p2a: Raticate|38\/100 brn|[from] brn\n|upkeep\n|\n|t:|1700621236\n|switch|p1a: Alakazam|Alakazam, M|100\/100\n|turn|29\n|\n|t:|1700621243\n|switch|p2a: Slowking|Slowking, M|100\/100\n|-damage|p2a: Slowking|84\/100|[from] Spikes\n|-terastallize|p1a: Alakazam|Psychic\n|move|p1a: Alakazam|Expanding Force|p2a: Slowking\n|-resisted|p2a: Slowking\n|-damage|p2a: Slowking|51\/100\n|\n|upkeep\n|turn|30\n|\n|t:|1700621252\n|move|p1a: Alakazam|Expanding Force|p2a: Slowking\n|-resisted|p2a: Slowking\n|-damage|p2a: Slowking|18\/100\n|move|p2a: Slowking|Slack Off|p2a: Slowking\n|-heal|p2a: Slowking|68\/100\n|\n|upkeep\n|turn|31\n|\n|t:|1700621260\n|switch|p1a: Banette|Banette-Mega, F|43\/100\n|move|p2a: Slowking|Scald|p1a: Banette\n|-damage|p1a: Banette|4\/100\n|\n|-fieldend|move: Psychic Terrain\n|upkeep\n|turn|32\n|\n|t:|1700621270\n|switch|p1a: Alakazam|Alakazam, M, tera:Psychic|100\/100\n|switch|p2a: Raticate|Raticate, M|38\/100 brn\n|-damage|p2a: Raticate|22\/100 brn|[from] Spikes\n|\n|-damage|p2a: Raticate|16\/100 brn|[from] brn\n|upkeep\n|turn|33\n|\n|t:|1700621279\n|move|p1a: Alakazam|Expanding Force|p2a: Raticate\n|-damage|p2a: Raticate|0 fnt\n|faint|p2a: Raticate\n|\n|upkeep\n|c|\u2606batmanga|He has sucker punch\n|\n|t:|1700621291\n|switch|p2a: Zamazenta|Zamazenta|60\/100\n|-damage|p2a: Zamazenta|43\/100|[from] Spikes\n|turn|34\n|\n|t:|1700621294\n|move|p1a: Alakazam|Expanding Force|p2a: Zamazenta\n|-supereffective|p2a: Zamazenta\n|-damage|p2a: Zamazenta|0 fnt\n|faint|p2a: Zamazenta\n|\n|upkeep\n|\n|t:|1700621296\n|switch|p2a: Slowking|Slowking, M|100\/100\n|-damage|p2a: Slowking|84\/100|[from] Spikes\n|turn|35\n|\n|t:|1700621304\n|switch|p1a: Banette|Banette-Mega, F|4\/100\n|move|p2a: Slowking|Scald|p1a: Banette\n|-damage|p1a: Banette|0 fnt\n|faint|p1a: Banette\n|\n|upkeep\n|\n|t:|1700621306\n|switch|p1a: Indeedee|Indeedee, M|90\/100\n|-fieldstart|move: Psychic Terrain|[from] ability: Psychic Surge|[of] p1a: Indeedee\n|turn|36\n|\n|t:|1700621314\n|move|p1a: Indeedee|Encore|p2a: Slowking\n|-start|p2a: Slowking|Encore\n|move|p2a: Slowking|Scald|p1a: Indeedee\n|-damage|p1a: Indeedee|58\/100\n|\n|upkeep\n|turn|37\n|\n|t:|1700621320\n|switch|p2a: Skeledirge|Skeledirge, F, tera:Water|98\/100\n|move|p1a: Indeedee|Expanding Force|p2a: Skeledirge\n|-damage|p2a: Skeledirge|0 fnt\n|faint|p2a: Skeledirge\n|-damage|p1a: Indeedee|48\/100|[from] item: Life Orb\n|\n|upkeep\n|\n|t:|1700621326\n|switch|p2a: Slowking|Slowking, M|100\/100\n|-damage|p2a: Slowking|84\/100|[from] Spikes\n|turn|38\n|\n|t:|1700621335\n|switch|p1a: Alakazam|Alakazam, M, tera:Psychic|100\/100\n|move|p2a: Slowking|Slack Off|p2a: Slowking\n|-heal|p2a: Slowking|100\/100\n|\n|upkeep\n|turn|39\n|\n|t:|1700621340\n|move|p1a: Alakazam|Encore|p2a: Slowking\n|-start|p2a: Slowking|Encore\n|move|p2a: Slowking|Slack Off||[still]\n|-fail|p2a: Slowking|heal\n|\n|upkeep\n|turn|40\n|\n|t:|1700621347\n|switch|p1a: Indeedee|Indeedee, M|48\/100\n|move|p2a: Slowking|Slack Off||[still]\n|-fail|p2a: Slowking|heal\n|\n|-fieldend|move: Psychic Terrain\n|upkeep\n|turn|41\n|\n|t:|1700621353\n|switch|p1a: Alakazam|Alakazam, M, tera:Psychic|100\/100\n|move|p2a: Slowking|Slack Off||[still]\n|-fail|p2a: Slowking|heal\n|\n|-end|p2a: Slowking|Encore\n|upkeep\n|turn|42\n|\n|t:|1700621363\n|move|p1a: Alakazam|Expanding Force|p2a: Slowking\n|-resisted|p2a: Slowking\n|-damage|p2a: Slowking|83\/100\n|move|p2a: Slowking|Scald|p1a: Alakazam\n|-crit|p1a: Alakazam\n|-damage|p1a: Alakazam|42\/100\n|\n|upkeep\n|turn|43\n|\n|t:|1700621371\n|switch|p1a: Indeedee|Indeedee, M|48\/100\n|-fieldstart|move: Psychic Terrain|[from] ability: Psychic Surge|[of] p1a: Indeedee\n|move|p2a: Slowking|Scald|p1a: Indeedee\n|-damage|p1a: Indeedee|17\/100\n|\n|upkeep\n|turn|44\n|\n|t:|1700621381\n|move|p1a: Indeedee|Expanding Force|p2a: Slowking\n|-resisted|p2a: Slowking\n|-damage|p2a: Slowking|55\/100\n|-damage|p1a: Indeedee|7\/100|[from] item: Life Orb\n|move|p2a: Slowking|Chilly Reception|p2a: Slowking\n|-weather|Snow\n|\n|t:|1700621383\n|switch|p2a: Arctozolt|Arctozolt|76\/100|[from] Chilly Reception\n|\n|-weather|Snow|[upkeep]\n|upkeep\n|turn|45\n|\n|t:|1700621388\n|move|p2a: Arctozolt|Substitute|p2a: Arctozolt\n|-start|p2a: Arctozolt|Substitute\n|-damage|p2a: Arctozolt|51\/100\n|move|p1a: Indeedee|Expanding Force|p2a: Arctozolt\n|-end|p2a: Arctozolt|Substitute\n|-damage|p1a: Indeedee|0 fnt|[from] item: Life Orb\n|faint|p1a: Indeedee\n|\n|-weather|Snow|[upkeep]\n|upkeep\n|\n|t:|1700621391\n|switch|p1a: Alakazam|Alakazam, M, tera:Psychic|42\/100\n|turn|46\n|\n|t:|1700621395\n|move|p1a: Alakazam|Expanding Force|p2a: Arctozolt\n|-damage|p2a: Arctozolt|0 fnt\n|faint|p2a: Arctozolt\n|\n|-weather|Snow|[upkeep]\n|upkeep\n|\n|t:|1700621397\n|switch|p2a: Slowking|Slowking, M|88\/100\n|-damage|p2a: Slowking|72\/100|[from] Spikes\n|turn|47\n|\n|t:|1700621403\n|move|p1a: Alakazam|Expanding Force|p2a: Slowking\n|-resisted|p2a: Slowking\n|-damage|p2a: Slowking|41\/100\n|move|p2a: Slowking|Slack Off|p2a: Slowking\n|-heal|p2a: Slowking|91\/100\n|\n|-weather|Snow|[upkeep]\n|-fieldend|move: Psychic Terrain\n|upkeep\n|turn|48\n|\n|t:|1700621406\n|move|p1a: Alakazam|Expanding Force|p2a: Slowking\n|-resisted|p2a: Slowking\n|-damage|p2a: Slowking|73\/100\n|move|p2a: Slowking|Scald|p1a: Alakazam\n|-damage|p1a: Alakazam|6\/100\n|\n|-weather|Snow|[upkeep]\n|upkeep\n|turn|49\n|\n|t:|1700621412\n|move|p1a: Alakazam|Expanding Force|p2a: Slowking\n|-resisted|p2a: Slowking\n|-crit|p2a: Slowking\n|-damage|p2a: Slowking|49\/100\n|move|p2a: Slowking|Scald|p1a: Alakazam\n|-damage|p1a: Alakazam|0 fnt\n|faint|p1a: Alakazam\n|\n|win|batmanga\n|raw|sty11's rating: 1691 &rarr; <strong>1665<\/strong><br \/>(-26 for losing)\n|raw|batmanga's rating: 1577 &rarr; <strong>1603<\/strong><br \/>(+26 for winning)\n|l|\u2606sty11\n","uploadtime":1700621459,"views":5,"p1id":"sty11","p2id":"batmanga","formatid":"gen9nationaldex","rating":1603,"private":0,"password":""}