{"id":"gen9nationaldex-1988783407","p1":"dadi02","p2":"Aimuji41","format":"[Gen 9] National Dex","log":"|j|\u2606dadi02\n|j|\u2606Aimuji41\n|t:|1699762605\n|gametype|singles\n|player|p1|dadi02|guitarist|1263\n|player|p2|Aimuji41|hilbert-wonderlauncher|1216\n|teamsize|p1|6\n|teamsize|p2|6\n|gen|9\n|tier|[Gen 9] National Dex\n|rated|\n|rule|HP Percentage Mod: HP is shown in percentages\n|rule|Endless Battle Clause: Forcing endless battles is banned\n|rule|OHKO Clause: OHKO moves are banned\n|rule|Evasion Clause: Evasion abilities, items, and moves are banned\n|rule|Evasion Abilities Clause: Evasion abilities are banned\n|rule|Evasion Items Clause: Evasion items are banned\n|rule|Evasion Moves Clause: Evasion moves are banned\n|rule|Species Clause: Limit one of each Pok\u00e9mon\n|rule|Sleep Clause Mod: Limit one foe put to sleep\n|clearpoke\n|poke|p1|Pelipper, M|\n|poke|p1|Barraskewda, M|\n|poke|p1|Tapu Lele|\n|poke|p1|Swampert, M|\n|poke|p1|Moltres|\n|poke|p1|Urshifu-*, F|\n|poke|p2|Banette, M|\n|poke|p2|Alomomola, F|\n|poke|p2|Gliscor, F|\n|poke|p2|Sneasler, M|\n|poke|p2|Tapu Koko|\n|poke|p2|Iron Valiant|\n|teampreview\n|\n|t:|1699762621\n|start\n|switch|p1a: Barraskewda|Barraskewda, M, shiny|100\/100\n|switch|p2a: Tapu Koko|Tapu Koko, shiny|100\/100\n|-fieldstart|move: Electric Terrain|[from] ability: Electric Surge|[of] p2a: Tapu Koko\n|turn|1\n|inactive|Battle timer is ON: inactive players will automatically lose when time's up. (requested by Aimuji41)\n|\n|t:|1699762632\n|switch|p1a: Tapu Lele|Tapu Lele|100\/100\n|-fieldstart|move: Psychic Terrain|[from] ability: Psychic Surge|[of] p1a: Tapu Lele\n|move|p2a: Tapu Koko|Thunderbolt|p1a: Tapu Lele\n|-damage|p1a: Tapu Lele|62\/100\n|\n|upkeep\n|turn|2\n|\n|t:|1699762645\n|switch|p2a: Gliscor|Gliscor, F|100\/100\n|-terastallize|p1a: Tapu Lele|Psychic\n|move|p1a: Tapu Lele|Psychic|p2a: Gliscor\n|-damage|p2a: Gliscor|0 fnt\n|faint|p2a: Gliscor\n|\n|upkeep\n|\n|t:|1699762659\n|switch|p2a: Tapu Koko|Tapu Koko, shiny|100\/100\n|-fieldstart|move: Electric Terrain|[from] ability: Electric Surge|[of] p2a: Tapu Koko\n|turn|3\n|\n|t:|1699762668\n|switch|p1a: Swampert|Swampert, M|100\/100\n|-zpower|p2a: Tapu Koko\n|move|p2a: Tapu Koko|Gigavolt Havoc|p1a: Swampert|[zeffect]\n|-immune|p1a: Swampert\n|\n|upkeep\n|turn|4\n|\n|t:|1699762683\n|switch|p1a: Tapu Lele|Tapu Lele, tera:Psychic|62\/100\n|-fieldstart|move: Psychic Terrain|[from] ability: Psychic Surge|[of] p1a: Tapu Lele\n|move|p2a: Tapu Koko|U-turn|p1a: Tapu Lele\n|-supereffective|p1a: Tapu Lele\n|-damage|p1a: Tapu Lele|12\/100\n|inactive|Aimuji41 has 120 seconds left.\n|\n|t:|1699762725\n|switch|p2a: Alomomola|Alomomola, F|100\/100|[from] U-turn\n|\n|upkeep\n|turn|5\n|\n|t:|1699762741\n|move|p1a: Tapu Lele|Psychic|p2a: Alomomola\n|-damage|p2a: Alomomola|0 fnt\n|faint|p2a: Alomomola\n|\n|upkeep\n|\n|t:|1699762744\n|switch|p2a: Tapu Koko|Tapu Koko, shiny|100\/100\n|-fieldstart|move: Electric Terrain|[from] ability: Electric Surge|[of] p2a: Tapu Koko\n|turn|6\n|\n|t:|1699762759\n|switch|p1a: Swampert|Swampert, M|100\/100\n|move|p2a: Tapu Koko|U-turn|p1a: Swampert\n|-damage|p1a: Swampert|81\/100\n|inactive|Aimuji41 has 120 seconds left.\n|\n|t:|1699762770\n|switch|p2a: Iron Valiant|Iron Valiant|100\/100|[from] U-turn\n|-activate|p2a: Iron Valiant|ability: Quark Drive\n|-start|p2a: Iron Valiant|quarkdrivespe\n|\n|upkeep\n|turn|7\n|inactive|Aimuji41 has 120 seconds left.\n|\n|t:|1699762792\n|switch|p1a: Pelipper|Pelipper, M|100\/100\n|-weather|RainDance|[from] ability: Drizzle|[of] p1a: Pelipper\n|move|p2a: Iron Valiant|Moonblast|p1a: Pelipper\n|-damage|p1a: Pelipper|17\/100\n|-unboost|p1a: Pelipper|spa|1\n|-damage|p2a: Iron Valiant|91\/100|[from] item: Life Orb\n|\n|-weather|RainDance|[upkeep]\n|upkeep\n|turn|8\n|inactive|Aimuji41 has 120 seconds left.\n|inactive|dadi02 has 120 seconds left.\n|\n|t:|1699762819\n|-end|p2a: Iron Valiant|Quark Drive|[silent]\n|switch|p2a: Banette|Banette, M|100\/100\n|-item|p1a: Pelipper|Damp Rock|[from] ability: Frisk|[of] p2a: Banette|[identify]\n|switch|p1a: Tapu Lele|Tapu Lele, tera:Psychic|12\/100\n|-fieldstart|move: Psychic Terrain|[from] ability: Psychic Surge|[of] p1a: Tapu Lele\n|\n|-weather|RainDance|[upkeep]\n|upkeep\n|turn|9\n|inactive|dadi02 has 120 seconds left.\n|\n|t:|1699762844\n|detailschange|p2a: Banette|Banette-Mega, M\n|-mega|p2a: Banette|Banette|Banettite\n|move|p1a: Tapu Lele|Psychic|p2a: Banette\n|-damage|p2a: Banette|0 fnt\n|faint|p2a: Banette\n|\n|-weather|RainDance|[upkeep]\n|upkeep\n|\n|t:|1699762848\n|switch|p2a: Tapu Koko|Tapu Koko, shiny|100\/100\n|-fieldstart|move: Electric Terrain|[from] ability: Electric Surge|[of] p2a: Tapu Koko\n|turn|10\n|inactive|dadi02 has 120 seconds left.\n|\n|t:|1699762857\n|switch|p1a: Moltres|Moltres|100\/100\n|move|p2a: Tapu Koko|U-turn|p1a: Moltres\n|-resisted|p1a: Moltres\n|-damage|p1a: Moltres|98\/100\n|\n|t:|1699762864\n|switch|p2a: Iron Valiant|Iron Valiant|91\/100|[from] U-turn\n|-activate|p2a: Iron Valiant|ability: Quark Drive\n|-start|p2a: Iron Valiant|quarkdrivespe\n|\n|-weather|RainDance|[upkeep]\n|upkeep\n|turn|11\n|inactive|Aimuji41 has 120 seconds left.\n|\n|t:|1699762880\n|switch|p1a: Tapu Lele|Tapu Lele, tera:Psychic|12\/100\n|-fieldstart|move: Psychic Terrain|[from] ability: Psychic Surge|[of] p1a: Tapu Lele\n|-end|p2a: Iron Valiant|Quark Drive\n|move|p2a: Iron Valiant|Thunderbolt|p1a: Tapu Lele\n|-damage|p1a: Tapu Lele|0 fnt\n|faint|p1a: Tapu Lele\n|-damage|p2a: Iron Valiant|81\/100|[from] item: Life Orb\n|\n|-weather|RainDance|[upkeep]\n|upkeep\n|\n|t:|1699762893\n|switch|p1a: Swampert|Swampert, M|81\/100\n|turn|12\n|inactive|Aimuji41 has 120 seconds left.\n|\n|t:|1699762916\n|-end|p2a: Iron Valiant|Quark Drive|[silent]\n|switch|p2a: Tapu Koko|Tapu Koko, shiny|100\/100\n|-fieldstart|move: Electric Terrain|[from] ability: Electric Surge|[of] p2a: Tapu Koko\n|detailschange|p1a: Swampert|Swampert-Mega, M\n|-mega|p1a: Swampert|Swampert|Swampertite\n|move|p1a: Swampert|Earthquake|p2a: Tapu Koko\n|-supereffective|p2a: Tapu Koko\n|-damage|p2a: Tapu Koko|0 fnt\n|faint|p2a: Tapu Koko\n|\n|-weather|RainDance|[upkeep]\n|upkeep\n|\n|t:|1699762927\n|switch|p2a: Sneasler|Sneasler, M, shiny|100\/100\n|-enditem|p2a: Sneasler|Electric Seed\n|-boost|p2a: Sneasler|def|1|[from] item: Electric Seed\n|turn|13\n|inactive|Aimuji41 has 90 seconds left.\n|\n|t:|1699762947\n|-terastallize|p2a: Sneasler|Flying\n|move|p2a: Sneasler|Swords Dance|p2a: Sneasler\n|-boost|p2a: Sneasler|atk|2\n|move|p1a: Swampert|Earthquake|p2a: Sneasler\n|-immune|p2a: Sneasler\n|\n|-weather|RainDance|[upkeep]\n|upkeep\n|turn|14\n|inactive|Aimuji41 has 90 seconds left.\n|\n|t:|1699762960\n|move|p2a: Sneasler|Acrobatics|p1a: Swampert\n|-damage|p1a: Swampert|0 fnt\n|faint|p1a: Swampert\n|\n|-weather|none\n|upkeep\n|\n|t:|1699762968\n|switch|p1a: Pelipper|Pelipper, M|17\/100\n|-weather|RainDance|[from] ability: Drizzle|[of] p1a: Pelipper\n|turn|15\n|\n|t:|1699762975\n|switch|p1a: Moltres|Moltres|98\/100\n|move|p2a: Sneasler|Acrobatics|p1a: Moltres\n|-damage|p1a: Moltres|14\/100\n|\n|-weather|RainDance|[upkeep]\n|upkeep\n|turn|16\n|\n|t:|1699762984\n|move|p2a: Sneasler|Acrobatics|p1a: Moltres\n|-damage|p1a: Moltres|0 fnt\n|faint|p1a: Moltres\n|\n|-weather|RainDance|[upkeep]\n|-fieldend|move: Electric Terrain\n|upkeep\n|\n|t:|1699762990\n|switch|p1a: Barraskewda|Barraskewda, M, shiny|100\/100\n|turn|17\n|\n|t:|1699762995\n|move|p2a: Sneasler|Acrobatics|p1a: Barraskewda\n|-damage|p1a: Barraskewda|0 fnt\n|faint|p1a: Barraskewda\n|\n|-weather|RainDance|[upkeep]\n|upkeep\n|\n|t:|1699763001\n|switch|p1a: Urshifu|Urshifu-Rapid-Strike, F|100\/100\n|turn|18\n|\n|t:|1699763006\n|move|p2a: Sneasler|Acrobatics|p1a: Urshifu\n|-supereffective|p1a: Urshifu\n|-damage|p1a: Urshifu|0 fnt\n|faint|p1a: Urshifu\n|\n|-weather|RainDance|[upkeep]\n|upkeep\n|-message|dadi02 forfeited.\n|\n|win|Aimuji41\n|raw|dadi02's rating: 1263 &rarr; <strong>1235<\/strong><br \/>(-28 for losing)\n|raw|Aimuji41's rating: 1216 &rarr; <strong>1244<\/strong><br \/>(+28 for winning)\n|l|\u2606dadi02\n","uploadtime":1699763030,"views":14,"p1id":"dadi02","p2id":"aimuji41","formatid":"gen9nationaldex","rating":1235,"private":0,"password":""}