{"id":"gen9nationaldex-1998564733","p1":"EeeeGgKR","p2":"SephieFox","format":"[Gen 9] National Dex","log":"|html|<div class=\"broadcast-blue\"><strong>[Gen 9] National Dex is currently suspecting Sneasler! For information on how to participate check out the <a href=\"https:\/\/www.smogon.com\/forums\/threads\/sv-national-dex-suspect-8-just-dance.3731534\/\">suspect thread<\/a>.<\/strong><\/div>\n|j|\u2606EeeeGgKR\n|j|\u2606SephieFox\n|t:|1700956966\n|gametype|singles\n|player|p1|EeeeGgKR|266|1500\n|player|p2|SephieFox|iris-masters|1523\n|teamsize|p1|6\n|teamsize|p2|6\n|gen|9\n|tier|[Gen 9] National Dex\n|rated|\n|rule|HP Percentage Mod: HP is shown in percentages\n|rule|Endless Battle Clause: Forcing endless battles is banned\n|rule|OHKO Clause: OHKO moves are banned\n|rule|Evasion Clause: Evasion abilities, items, and moves are banned\n|rule|Evasion Abilities Clause: Evasion abilities are banned\n|rule|Evasion Items Clause: Evasion items are banned\n|rule|Evasion Moves Clause: Evasion moves are banned\n|rule|Species Clause: Limit one of each Pok\u00e9mon\n|rule|Sleep Clause Mod: Limit one foe put to sleep\n|clearpoke\n|poke|p1|Ogerpon-Cornerstone, F|\n|poke|p1|Greninja-*, M|\n|poke|p1|Diancie|\n|poke|p1|Blacephalon|\n|poke|p1|Zapdos-Galar|\n|poke|p1|Metagross|\n|poke|p2|Alomomola, M|\n|poke|p2|Tyranitar, M|\n|poke|p2|Garchomp, F|\n|poke|p2|Garganacl, M|\n|poke|p2|Urshifu-*, F|\n|poke|p2|Sinistcha|\n|teampreview\n|inactive|Battle timer is ON: inactive players will automatically lose when time's up. (requested by SephieFox)\n|\n|t:|1700956972\n|start\n|switch|p1a: Metagross|Metagross|100\/100\n|switch|p2a: Sinistcha|Sinistcha|100\/100\n|turn|1\n|\n|t:|1700956980\n|move|p2a: Sinistcha|Calm Mind|p2a: Sinistcha\n|-boost|p2a: Sinistcha|spa|1\n|-boost|p2a: Sinistcha|spd|1\n|move|p1a: Metagross|Zen Headbutt|p2a: Sinistcha|[miss]\n|-miss|p1a: Metagross|p2a: Sinistcha\n|\n|upkeep\n|turn|2\n|\n|t:|1700956986\n|move|p2a: Sinistcha|Calm Mind|p2a: Sinistcha\n|-boost|p2a: Sinistcha|spa|1\n|-boost|p2a: Sinistcha|spd|1\n|move|p1a: Metagross|Zen Headbutt|p2a: Sinistcha\n|-damage|p2a: Sinistcha|53\/100\n|\n|-heal|p2a: Sinistcha|59\/100|[from] item: Leftovers\n|upkeep\n|turn|3\n|\n|t:|1700956991\n|move|p2a: Sinistcha|Strength Sap|p1a: Metagross\n|-fail|p1a: Metagross|unboost|[from] ability: Clear Body|[of] p1a: Metagross\n|-heal|p2a: Sinistcha|100\/100\n|move|p1a: Metagross|Zen Headbutt|p2a: Sinistcha\n|-damage|p2a: Sinistcha|52\/100\n|\n|-heal|p2a: Sinistcha|58\/100|[from] item: Leftovers\n|upkeep\n|turn|4\n|\n|t:|1700957001\n|move|p2a: Sinistcha|Calm Mind|p2a: Sinistcha\n|-boost|p2a: Sinistcha|spa|1\n|-boost|p2a: Sinistcha|spd|1\n|move|p1a: Metagross|Zen Headbutt|p2a: Sinistcha\n|-damage|p2a: Sinistcha|4\/100\n|\n|-heal|p2a: Sinistcha|10\/100|[from] item: Leftovers\n|upkeep\n|turn|5\n|\n|t:|1700957004\n|move|p2a: Sinistcha|Strength Sap|p1a: Metagross\n|-fail|p1a: Metagross|unboost|[from] ability: Clear Body|[of] p1a: Metagross\n|-heal|p2a: Sinistcha|100\/100\n|move|p1a: Metagross|Zen Headbutt|p2a: Sinistcha\n|-damage|p2a: Sinistcha|45\/100\n|\n|-heal|p2a: Sinistcha|51\/100|[from] item: Leftovers\n|upkeep\n|turn|6\n|\n|t:|1700957010\n|move|p2a: Sinistcha|Strength Sap|p1a: Metagross\n|-fail|p1a: Metagross|unboost|[from] ability: Clear Body|[of] p1a: Metagross\n|-heal|p2a: Sinistcha|100\/100\n|move|p1a: Metagross|Zen Headbutt|p2a: Sinistcha\n|-damage|p2a: Sinistcha|48\/100\n|\n|-heal|p2a: Sinistcha|55\/100|[from] item: Leftovers\n|upkeep\n|turn|7\n|\n|t:|1700957014\n|move|p2a: Sinistcha|Matcha Gotcha|p1a: Metagross\n|-resisted|p1a: Metagross\n|-damage|p1a: Metagross|57\/100\n|-heal|p2a: Sinistcha|78\/100|[from] drain|[of] p1a: Metagross\n|move|p1a: Metagross|Zen Headbutt|p2a: Sinistcha\n|-damage|p2a: Sinistcha|25\/100\n|\n|-heal|p2a: Sinistcha|31\/100|[from] item: Leftovers\n|upkeep\n|turn|8\n|\n|t:|1700957028\n|switch|p1a: Blacephalon|Blacephalon|100\/100\n|move|p2a: Sinistcha|Strength Sap|p1a: Blacephalon\n|-unboost|p1a: Blacephalon|atk|1\n|-heal|p2a: Sinistcha|99\/100\n|\n|-heal|p2a: Sinistcha|100\/100|[from] item: Leftovers\n|upkeep\n|turn|9\n|\n|t:|1700957041\n|-terastallize|p2a: Sinistcha|Poison\n|move|p1a: Blacephalon|Mind Blown|p2a: Sinistcha\n|-damage|p2a: Sinistcha|79\/100\n|-damage|p1a: Blacephalon|50\/100|[from] mindblown\n|move|p2a: Sinistcha|Shadow Ball|p1a: Blacephalon\n|-supereffective|p1a: Blacephalon\n|-damage|p1a: Blacephalon|0 fnt\n|faint|p1a: Blacephalon\n|\n|-heal|p2a: Sinistcha|85\/100|[from] item: Leftovers\n|upkeep\n|\n|t:|1700957047\n|switch|p1a: Metagross|Metagross|57\/100\n|turn|10\n|\n|t:|1700957053\n|move|p1a: Metagross|Bullet Punch|p2a: Sinistcha\n|-damage|p2a: Sinistcha|57\/100\n|move|p2a: Sinistcha|Shadow Ball|p1a: Metagross\n|-supereffective|p1a: Metagross\n|-damage|p1a: Metagross|0 fnt\n|faint|p1a: Metagross\n|\n|-heal|p2a: Sinistcha|63\/100|[from] item: Leftovers\n|upkeep\n|\n|t:|1700957071\n|switch|p1a: Ogerpon|Ogerpon-Cornerstone, F|100\/100\n|turn|11\n|\n|t:|1700957074\n|move|p1a: Ogerpon|Swords Dance|p1a: Ogerpon\n|-boost|p1a: Ogerpon|atk|2\n|move|p2a: Sinistcha|Matcha Gotcha|p1a: Ogerpon\n|-damage|p1a: Ogerpon|6\/100\n|-heal|p2a: Sinistcha|100\/100|[from] drain|[of] p1a: Ogerpon\n|-status|p1a: Ogerpon|brn\n|\n|-damage|p1a: Ogerpon|0 fnt|[from] brn\n|faint|p1a: Ogerpon\n|upkeep\n|\n|t:|1700957081\n|switch|p1a: Diancie|Diancie|100\/100\n|turn|12\n|\n|t:|1700957092\n|detailschange|p1a: Diancie|Diancie-Mega\n|-mega|p1a: Diancie|Diancie|Diancite\n|move|p1a: Diancie|Earth Power|p2a: Sinistcha\n|-supereffective|p2a: Sinistcha\n|-damage|p2a: Sinistcha|64\/100\n|move|p2a: Sinistcha|Matcha Gotcha|p1a: Diancie\n|-supereffective|p1a: Diancie\n|-damage|p1a: Diancie|0 fnt\n|-heal|p2a: Sinistcha|98\/100|[from] drain|[of] p1a: Diancie\n|faint|p1a: Diancie\n|\n|-heal|p2a: Sinistcha|100\/100|[from] item: Leftovers\n|upkeep\n|\n|t:|1700957097\n|switch|p1a: Zapdos|Zapdos-Galar|100\/100\n|turn|13\n|\n|t:|1700957100\n|move|p1a: Zapdos|Brave Bird|p2a: Sinistcha\n|-damage|p2a: Sinistcha|51\/100\n|-damage|p1a: Zapdos|83\/100|[from] Recoil\n|move|p2a: Sinistcha|Matcha Gotcha|p1a: Zapdos\n|-resisted|p1a: Zapdos\n|-damage|p1a: Zapdos|38\/100\n|-heal|p2a: Sinistcha|72\/100|[from] drain|[of] p1a: Zapdos\n|\n|-heal|p2a: Sinistcha|78\/100|[from] item: Leftovers\n|upkeep\n|turn|14\n|\n|t:|1700957104\n|move|p1a: Zapdos|Brave Bird|p2a: Sinistcha\n|-damage|p2a: Sinistcha|30\/100\n|-damage|p1a: Zapdos|21\/100|[from] Recoil\n|move|p2a: Sinistcha|Shadow Ball|p1a: Zapdos\n|-damage|p1a: Zapdos|0 fnt\n|faint|p1a: Zapdos\n|\n|-heal|p2a: Sinistcha|36\/100|[from] item: Leftovers\n|upkeep\n|\n|t:|1700957108\n|switch|p1a: Greninja|Greninja, M|100\/100\n|turn|15\n|\n|t:|1700957113\n|-terastallize|p1a: Greninja|Water\n|move|p1a: Greninja|Scald|p2a: Sinistcha\n|-damage|p2a: Sinistcha|8\/100\n|-damage|p1a: Greninja|91\/100|[from] item: Life Orb\n|move|p2a: Sinistcha|Matcha Gotcha|p1a: Greninja\n|-supereffective|p1a: Greninja\n|-damage|p1a: Greninja|0 fnt\n|-heal|p2a: Sinistcha|45\/100|[from] drain|[of] p1a: Greninja\n|faint|p1a: Greninja\n|\n|win|SephieFox\n|raw|EeeeGgKR's rating: 1500 &rarr; <strong>1481<\/strong><br \/>(-19 for losing)\n|raw|SephieFox's rating: 1523 &rarr; <strong>1542<\/strong><br \/>(+19 for winning)\n|l|\u2606EeeeGgKR\n","uploadtime":1700957119,"views":2,"p1id":"eeeeggkr","p2id":"sephiefox","formatid":"gen9nationaldex","rating":1481,"private":0,"password":""}