{"id":"gen9nationaldex-1992769691","p1":"The_Matouflamme","p2":"SlowySlow","format":"[Gen 9] National Dex","log":"|j|\u2606The_Matouflamme\n|j|\u2606SlowySlow\n|t:|1700233858\n|gametype|singles\n|player|p1|The_Matouflamme|richboy|1195\n|player|p2|SlowySlow|lance|1149\n|teamsize|p1|6\n|teamsize|p2|6\n|gen|9\n|tier|[Gen 9] National Dex\n|rated|\n|rule|HP Percentage Mod: HP is shown in percentages\n|rule|Endless Battle Clause: Forcing endless battles is banned\n|rule|OHKO Clause: OHKO moves are banned\n|rule|Evasion Clause: Evasion abilities, items, and moves are banned\n|rule|Evasion Abilities Clause: Evasion abilities are banned\n|rule|Evasion Items Clause: Evasion items are banned\n|rule|Evasion Moves Clause: Evasion moves are banned\n|rule|Species Clause: Limit one of each Pok\u00e9mon\n|rule|Sleep Clause Mod: Limit one foe put to sleep\n|clearpoke\n|poke|p1|Gliscor, M|\n|poke|p1|Slither Wing|\n|poke|p1|Great Tusk|\n|poke|p1|Heatran, M|\n|poke|p1|Volcarona, M|\n|poke|p1|Charizard, F|\n|poke|p2|Tapu Koko|\n|poke|p2|Beedrill, M|\n|poke|p2|Kleavor, M|\n|poke|p2|Incineroar, F|\n|poke|p2|Pelipper, M|\n|poke|p2|Barraskewda, F|\n|teampreview\n|inactive|Battle timer is ON: inactive players will automatically lose when time's up. (requested by The_Matouflamme)\n|inactive|SlowySlow also wants the timer to be on.\n|\n|t:|1700233885\n|start\n|switch|p1a: Slither Wing|Slither Wing|100\/100\n|switch|p2a: Kleavor|Kleavor, M|100\/100\n|turn|1\n|\n|t:|1700233894\n|move|p2a: Kleavor|Stone Axe|p1a: Slither Wing\n|-damage|p1a: Slither Wing|33\/100\n|-sidestart|p1: The_Matouflamme|move: Stealth Rock\n|move|p1a: Slither Wing|Close Combat|p2a: Kleavor\n|-damage|p2a: Kleavor|17\/100\n|-unboost|p1a: Slither Wing|def|1\n|-unboost|p1a: Slither Wing|spd|1\n|\n|upkeep\n|turn|2\n|\n|t:|1700233906\n|-end|p1a: Slither Wing|Protosynthesis|[silent]\n|switch|p1a: Great Tusk|Great Tusk|100\/100\n|-damage|p1a: Great Tusk|98\/100|[from] Stealth Rock\n|move|p2a: Kleavor|Stone Axe|p1a: Great Tusk\n|-resisted|p1a: Great Tusk\n|-damage|p1a: Great Tusk|89\/100\n|\n|-heal|p1a: Great Tusk|96\/100|[from] item: Leftovers\n|upkeep\n|turn|3\n|\n|t:|1700233926\n|switch|p2a: Pelipper|Pelipper, M|100\/100\n|-weather|RainDance|[from] ability: Drizzle|[of] p2a: Pelipper\n|move|p1a: Great Tusk|Rapid Spin|p2a: Pelipper\n|-damage|p2a: Pelipper|82\/100\n|-boost|p1a: Great Tusk|spe|1\n|-sideend|p1: The_Matouflamme|Stealth Rock|[from] move: Rapid Spin|[of] p1a: Great Tusk\n|\n|-weather|RainDance|[upkeep]\n|-heal|p1a: Great Tusk|100\/100|[from] item: Leftovers\n|upkeep\n|turn|4\n|\n|t:|1700233938\n|move|p1a: Great Tusk|Ice Spinner|p2a: Pelipper\n|-damage|p2a: Pelipper|55\/100\n|move|p2a: Pelipper|Tailwind|p2a: Pelipper\n|-sidestart|p2: SlowySlow|move: Tailwind\n|\n|-weather|RainDance|[upkeep]\n|upkeep\n|turn|5\n|\n|t:|1700233946\n|-terastallize|p1a: Great Tusk|Water\n|move|p1a: Great Tusk|Stealth Rock|p2a: Pelipper\n|-sidestart|p2: SlowySlow|move: Stealth Rock\n|move|p2a: Pelipper|Hydro Pump|p1a: Great Tusk\n|-resisted|p1a: Great Tusk\n|-damage|p1a: Great Tusk|47\/100\n|\n|-weather|RainDance|[upkeep]\n|-heal|p1a: Great Tusk|53\/100|[from] item: Leftovers\n|upkeep\n|turn|6\n|\n|t:|1700233957\n|move|p1a: Great Tusk|Ice Spinner|p2a: Pelipper\n|-damage|p2a: Pelipper|27\/100\n|move|p2a: Pelipper|Hurricane|p1a: Great Tusk\n|-damage|p1a: Great Tusk|0 fnt\n|faint|p1a: Great Tusk\n|-end|p1a: Great Tusk|Protosynthesis|[silent]\n|\n|-weather|RainDance|[upkeep]\n|upkeep\n|\n|t:|1700233964\n|switch|p1a: Charizard|Charizard, F|100\/100\n|turn|7\n|\n|t:|1700233969\n|detailschange|p1a: Charizard|Charizard-Mega-Y, F\n|-mega|p1a: Charizard|Charizard|Charizardite Y\n|-weather|SunnyDay|[from] ability: Drought|[of] p1a: Charizard\n|move|p2a: Pelipper|Hydro Pump|p1a: Charizard\n|-supereffective|p1a: Charizard\n|-damage|p1a: Charizard|46\/100\n|move|p1a: Charizard|Solar Beam||[still]\n|-prepare|p1a: Charizard|Solar Beam\n|-anim|p1a: Charizard|Solar Beam|p2a: Pelipper\n|-damage|p2a: Pelipper|0 fnt\n|faint|p2a: Pelipper\n|\n|-weather|SunnyDay|[upkeep]\n|-sideend|p2: SlowySlow|move: Tailwind\n|upkeep\n|\n|t:|1700233980\n|switch|p2a: Kleavor|Kleavor, M|17\/100\n|-damage|p2a: Kleavor|0 fnt|[from] Stealth Rock\n|faint|p2a: Kleavor\n|\n|t:|1700233985\n|switch|p2a: Tapu Koko|Tapu Koko|100\/100\n|-damage|p2a: Tapu Koko|88\/100|[from] Stealth Rock\n|-fieldstart|move: Electric Terrain|[from] ability: Electric Surge|[of] p2a: Tapu Koko\n|turn|8\n|\n|t:|1700233991\n|switch|p1a: Heatran|Heatran, M|100\/100\n|move|p2a: Tapu Koko|Volt Switch|p1a: Heatran\n|-damage|p1a: Heatran|68\/100\n|-damage|p2a: Tapu Koko|78\/100|[from] item: Life Orb\n|\n|t:|1700233998\n|switch|p2a: Barraskewda|Barraskewda, F|100\/100|[from] Volt Switch\n|-damage|p2a: Barraskewda|88\/100|[from] Stealth Rock\n|\n|-weather|SunnyDay|[upkeep]\n|-heal|p1a: Heatran|74\/100|[from] item: Leftovers\n|upkeep\n|turn|9\n|\n|t:|1700234008\n|-terastallize|p2a: Barraskewda|Water\n|move|p2a: Barraskewda|Flip Turn|p1a: Heatran\n|-supereffective|p1a: Heatran\n|-damage|p1a: Heatran|23\/100\n|\n|t:|1700234013\n|switch|p2a: Incineroar|Incineroar, F|100\/100|[from] Flip Turn\n|-ability|p2a: Incineroar|Intimidate|boost\n|-unboost|p1a: Heatran|atk|1\n|move|p1a: Heatran|Magma Storm|p2a: Incineroar\n|-resisted|p2a: Incineroar\n|-damage|p2a: Incineroar|72\/100\n|-activate|p2a: Incineroar|move: Magma Storm|[of] p1a: Heatran\n|\n|-weather|SunnyDay|[upkeep]\n|-heal|p1a: Heatran|30\/100|[from] item: Leftovers\n|-damage|p2a: Incineroar|59\/100|[from] move: Magma Storm|[partiallytrapped]\n|upkeep\n|turn|10\n|\n|t:|1700234024\n|switch|p1a: Gliscor|Gliscor, M|100\/100\n|move|p2a: Incineroar|Darkest Lariat|p1a: Gliscor\n|-crit|p1a: Gliscor\n|-damage|p1a: Gliscor|58\/100\n|\n|-weather|SunnyDay|[upkeep]\n|-end|p2a: Incineroar|Magma Storm|[partiallytrapped]|[silent]\n|-status|p1a: Gliscor|tox|[from] item: Toxic Orb\n|upkeep\n|turn|11\n|\n|t:|1700234033\n|move|p1a: Gliscor|Spikes|p2a: Incineroar\n|-sidestart|p2: SlowySlow|Spikes\n|move|p2a: Incineroar|Parting Shot|p1a: Gliscor\n|-unboost|p1a: Gliscor|atk|1\n|-unboost|p1a: Gliscor|spa|1\n|\n|t:|1700234038\n|switch|p2a: Barraskewda|Barraskewda, F, tera:Water|88\/100|[from] Parting Shot\n|-damage|p2a: Barraskewda|76\/100|[from] Stealth Rock\n|-damage|p2a: Barraskewda|64\/100|[from] Spikes\n|\n|-weather|none\n|-heal|p1a: Gliscor|70\/100 tox|[from] ability: Poison Heal\n|upkeep\n|turn|12\n|\n|t:|1700234058\n|switch|p1a: Heatran|Heatran, M|30\/100\n|move|p2a: Barraskewda|Flip Turn|p1a: Heatran\n|-supereffective|p1a: Heatran\n|-damage|p1a: Heatran|0 fnt\n|faint|p1a: Heatran\n|l|\u2606SlowySlow\n|inactive|SlowySlow disconnected and has a minute to reconnect!\n|player|p2|\n|c|\u2606The_Matouflamme|No, please give me not a win like that\n|inactive|SlowySlow has 30 seconds to reconnect!\n|inactive|SlowySlow has 20 seconds to reconnect!\n|inactive|SlowySlow has 15 seconds to reconnect!\n|c|\u2606The_Matouflamme|Shit\n|inactive|SlowySlow has 10 seconds to reconnect!\n|inactive|SlowySlow has 5 seconds to reconnect!\n|-message|SlowySlow lost due to inactivity.\n|\n|win|The_Matouflamme\n|raw|The_Matouflamme's rating: 1195 &rarr; <strong>1217<\/strong><br \/>(+22 for winning)\n|raw|SlowySlow's rating: 1149 &rarr; <strong>1127<\/strong><br \/>(-22 for losing)\n|c|\u2606The_Matouflamme|GG i gues...\n","uploadtime":1700234147,"views":8,"p1id":"thematouflamme","p2id":"slowyslow","formatid":"gen9nationaldex","rating":1127,"private":0,"password":""}