{"id":"gen9nationaldex-1999348445","p1":"K00lcarl","p2":"estrodjinn","format":"[Gen 9] National Dex","log":"|html|<div class=\"broadcast-blue\"><strong>[Gen 9] National Dex is currently suspecting Sneasler! For information on how to participate check out the <a href=\"https:\/\/www.smogon.com\/forums\/threads\/sv-national-dex-suspect-8-just-dance.3731534\/\">suspect thread<\/a>.<\/strong><\/div>\n|j|\u2606K00lcarl\n|j|\u2606estrodjinn\n|t:|1701064425\n|gametype|singles\n|player|p1|K00lcarl|palmer|1030\n|player|p2|estrodjinn|102|1000\n|teamsize|p1|4\n|teamsize|p2|6\n|gen|9\n|tier|[Gen 9] National Dex\n|rated|\n|rule|HP Percentage Mod: HP is shown in percentages\n|rule|Endless Battle Clause: Forcing endless battles is banned\n|rule|OHKO Clause: OHKO moves are banned\n|rule|Evasion Clause: Evasion abilities, items, and moves are banned\n|rule|Evasion Abilities Clause: Evasion abilities are banned\n|rule|Evasion Items Clause: Evasion items are banned\n|rule|Evasion Moves Clause: Evasion moves are banned\n|rule|Species Clause: Limit one of each Pok\u00e9mon\n|rule|Sleep Clause Mod: Limit one foe put to sleep\n|clearpoke\n|poke|p1|Glimmora, F|\n|poke|p1|Hatterene, F|\n|poke|p1|Breloom, M|\n|poke|p1|Kommo-o, F|\n|poke|p2|Enamorus, F|\n|poke|p2|Diancie|\n|poke|p2|Iron Valiant|\n|poke|p2|Altaria, M|\n|poke|p2|Tapu Lele|\n|poke|p2|Ninetales-Alola, F|\n|teampreview\n|\n|t:|1701064436\n|start\n|switch|p1a: Glimmora|Glimmora, F|100\/100\n|switch|p2a: Cursed|Diancie, shiny|100\/100\n|turn|1\n|\n|t:|1701064448\n|move|p1a: Glimmora|Stealth Rock|p2a: Cursed\n|-sidestart|p2: estrodjinn|move: Stealth Rock\n|move|p2a: Cursed|Amnesia|p2a: Cursed\n|-boost|p2a: Cursed|spd|2\n|\n|upkeep\n|turn|2\n|\n|t:|1701064454\n|move|p1a: Glimmora|Spikes|p2a: Cursed\n|-sidestart|p2: estrodjinn|Spikes\n|move|p2a: Cursed|Diamond Storm|p1a: Glimmora|[miss]\n|-miss|p2a: Cursed|p1a: Glimmora\n|\n|upkeep\n|turn|3\n|\n|t:|1701064460\n|move|p1a: Glimmora|Spikes|p2a: Cursed\n|-sidestart|p2: estrodjinn|Spikes\n|move|p2a: Cursed|Diamond Storm|p1a: Glimmora\n|-crit|p1a: Glimmora\n|-damage|p1a: Glimmora|50\/100\n|-boost|p2a: Cursed|def|2\n|-activate|p1a: Glimmora|ability: Toxic Debris\n|-sidestart|p2: estrodjinn|move: Toxic Spikes\n|\n|upkeep\n|turn|4\n|\n|t:|1701064470\n|move|p1a: Glimmora|Spikes|p2a: Cursed\n|-sidestart|p2: estrodjinn|Spikes\n|move|p2a: Cursed|Diamond Storm|p1a: Glimmora\n|-damage|p1a: Glimmora|10\/100\n|-boost|p2a: Cursed|def|2\n|-activate|p1a: Glimmora|ability: Toxic Debris\n|-sidestart|p2: estrodjinn|move: Toxic Spikes\n|\n|upkeep\n|turn|5\n|inactive|Battle timer is ON: inactive players will automatically lose when time's up. (requested by estrodjinn)\n|\n|t:|1701064482\n|move|p1a: Glimmora|Explosion|p2a: Cursed\n|-resisted|p2a: Cursed\n|-damage|p2a: Cursed|97\/100\n|faint|p1a: Glimmora\n|move|p2a: Cursed|Diamond Storm|p1: Glimmora|[notarget]\n|-fail|p2a: Cursed\n|\n|-heal|p2a: Cursed|100\/100|[from] item: Leftovers\n|upkeep\n|\n|t:|1701064487\n|switch|p1a: Kommo-o|Kommo-o, F|100\/100\n|turn|6\n|\n|t:|1701064496\n|switch|p1a: Breloom|Breloom, M|100\/100\n|move|p2a: Cursed|Diamond Storm|p1a: Breloom\n|-resisted|p1a: Breloom\n|-damage|p1a: Breloom|73\/100\n|\n|upkeep\n|turn|7\n|\n|t:|1701064502\n|move|p1a: Breloom|Spore|p2a: Cursed\n|-status|p2a: Cursed|slp|[from] move: Spore\n|cant|p2a: Cursed|slp\n|\n|upkeep\n|turn|8\n|\n|t:|1701064505\n|move|p1a: Breloom|Bulk Up|p1a: Breloom\n|-boost|p1a: Breloom|atk|1\n|-boost|p1a: Breloom|def|1\n|-curestatus|p2a: Cursed|slp|[msg]\n|move|p2a: Cursed|Diamond Storm|p1a: Breloom\n|-resisted|p1a: Breloom\n|-damage|p1a: Breloom|54\/100\n|-boost|p2a: Cursed|def|2\n|\n|upkeep\n|turn|9\n|\n|t:|1701064515\n|move|p1a: Breloom|Bulk Up|p1a: Breloom\n|-boost|p1a: Breloom|atk|1\n|-boost|p1a: Breloom|def|1\n|move|p2a: Cursed|Body Press|p1a: Breloom\n|-damage|p1a: Breloom|0 fnt\n|faint|p1a: Breloom\n|\n|upkeep\n|\n|t:|1701064518\n|switch|p1a: Hatterene|Hatterene, F|100\/100\n|turn|10\n|\n|t:|1701064526\n|move|p2a: Cursed|Amnesia|p2a: Cursed\n|-boost|p2a: Cursed|spd|2\n|move|p1a: Hatterene|Trick Room|p1a: Hatterene\n|-fieldstart|move: Trick Room|[of] p1a: Hatterene\n|\n|upkeep\n|turn|11\n|\n|t:|1701064533\n|move|p1a: Hatterene|Nuzzle|p2a: Cursed\n|-damage|p2a: Cursed|99\/100\n|-status|p2a: Cursed|par\n|move|p2a: Cursed|Amnesia|p2a: Cursed\n|-boost|p2a: Cursed|spd|2\n|\n|-heal|p2a: Cursed|100\/100 par|[from] item: Leftovers\n|upkeep\n|turn|12\n|\n|t:|1701064549\n|cant|p2a: Cursed|par\n|move|p1a: Hatterene|Draining Kiss|p2a: Cursed\n|-damage|p2a: Cursed|95\/100 par\n|\n|-heal|p2a: Cursed|100\/100 par|[from] item: Leftovers\n|upkeep\n|turn|13\n|\n|t:|1701064557\n|move|p2a: Cursed|Body Press|p1a: Hatterene\n|-resisted|p1a: Hatterene\n|-damage|p1a: Hatterene|67\/100\n|move|p1a: Hatterene|Calm Mind|p1a: Hatterene\n|-boost|p1a: Hatterene|spa|1\n|-boost|p1a: Hatterene|spd|1\n|\n|upkeep\n|turn|14\n|\n|t:|1701064566\n|move|p2a: Cursed|Body Press|p1a: Hatterene\n|-resisted|p1a: Hatterene\n|-damage|p1a: Hatterene|36\/100\n|move|p1a: Hatterene|Draining Kiss|p2a: Cursed\n|-damage|p2a: Cursed|92\/100 par\n|-heal|p1a: Hatterene|43\/100|[from] drain|[of] p2a: Cursed\n|\n|-heal|p2a: Cursed|98\/100 par|[from] item: Leftovers\n|-fieldend|move: Trick Room\n|upkeep\n|turn|15\n|\n|t:|1701064577\n|move|p1a: Hatterene|Draining Kiss|p2a: Cursed\n|-damage|p2a: Cursed|90\/100 par\n|-heal|p1a: Hatterene|48\/100|[from] drain|[of] p2a: Cursed\n|move|p2a: Cursed|Body Press|p1a: Hatterene\n|-resisted|p1a: Hatterene\n|-damage|p1a: Hatterene|14\/100\n|\n|-heal|p2a: Cursed|96\/100 par|[from] item: Leftovers\n|upkeep\n|turn|16\n|\n|t:|1701064590\n|move|p1a: Hatterene|Draining Kiss|p2a: Cursed\n|-damage|p2a: Cursed|88\/100 par\n|-heal|p1a: Hatterene|20\/100|[from] drain|[of] p2a: Cursed\n|move|p2a: Cursed|Body Press|p1a: Hatterene\n|-resisted|p1a: Hatterene\n|-damage|p1a: Hatterene|0 fnt\n|faint|p1a: Hatterene\n|\n|-heal|p2a: Cursed|94\/100 par|[from] item: Leftovers\n|upkeep\n|\n|t:|1701064596\n|switch|p1a: Kommo-o|Kommo-o, F|100\/100\n|turn|17\n|\n|t:|1701064603\n|move|p1a: Kommo-o|Close Combat|p2a: Cursed\n|-damage|p2a: Cursed|86\/100 par\n|-unboost|p1a: Kommo-o|def|1\n|-unboost|p1a: Kommo-o|spd|1\n|move|p2a: Cursed|Rest|p2a: Cursed\n|-status|p2a: Cursed|slp|[from] move: Rest\n|-heal|p2a: Cursed|100\/100 slp|[silent]\n|\n|upkeep\n|turn|18\n|\n|t:|1701064612\n|move|p1a: Kommo-o|Boomburst|p2a: Cursed\n|-resisted|p2a: Cursed\n|-damage|p2a: Cursed|97\/100 slp\n|cant|p2a: Cursed|slp\n|\n|-heal|p2a: Cursed|100\/100 slp|[from] item: Leftovers\n|upkeep\n|turn|19\n|\n|t:|1701064629\n|move|p1a: Kommo-o|Close Combat|p2a: Cursed\n|-damage|p2a: Cursed|93\/100 slp\n|-unboost|p1a: Kommo-o|def|1\n|-unboost|p1a: Kommo-o|spd|1\n|cant|p2a: Cursed|slp\n|\n|-heal|p2a: Cursed|99\/100 slp|[from] item: Leftovers\n|upkeep\n|turn|20\n|inactive|K00lcarl has 120 seconds left.\n|inactive|K00lcarl has 90 seconds left.\n|\n|t:|1701064713\n|move|p1a: Kommo-o|Boomburst|p2a: Cursed\n|-resisted|p2a: Cursed\n|-damage|p2a: Cursed|96\/100 slp\n|-curestatus|p2a: Cursed|slp|[msg]\n|move|p2a: Cursed|Body Press|p1a: Kommo-o\n|-damage|p1a: Kommo-o|0 fnt\n|faint|p1a: Kommo-o\n|\n|win|estrodjinn\n|raw|K00lcarl's rating: 1030 &rarr; <strong>1014<\/strong><br \/>(-16 for losing)\n|raw|estrodjinn's rating: 1000 &rarr; <strong>1043<\/strong><br \/>(+43 for winning)\n|l|\u2606K00lcarl\n","uploadtime":1701064732,"views":19,"p1id":"k00lcarl","p2id":"estrodjinn","formatid":"gen9nationaldex","rating":1014,"private":0,"password":""}