{"id":"gen9nationaldex-1995618357","p1":"ericmont","p2":"Cristian7gg","format":"[Gen 9] National Dex","log":"|html|<div class=\"broadcast-blue\"><strong>[Gen 9] National Dex is currently suspecting Sneasler! For information on how to participate check out the <a href=\"https:\/\/www.smogon.com\/forums\/threads\/sv-national-dex-suspect-8-just-dance.3731534\/\">suspect thread<\/a>.<\/strong><\/div>\n|j|\u2606ericmont\n|j|\u2606Cristian7gg\n|t:|1700587978\n|gametype|singles\n|player|p1|ericmont|bertha|\n|player|p2|Cristian7gg|lucas-gen4pt|\n|teamsize|p1|6\n|teamsize|p2|6\n|gen|9\n|tier|[Gen 9] National Dex\n|rule|HP Percentage Mod: HP is shown in percentages\n|rule|Endless Battle Clause: Forcing endless battles is banned\n|rule|OHKO Clause: OHKO moves are banned\n|rule|Evasion Clause: Evasion abilities, items, and moves are banned\n|rule|Evasion Abilities Clause: Evasion abilities are banned\n|rule|Evasion Items Clause: Evasion items are banned\n|rule|Evasion Moves Clause: Evasion moves are banned\n|rule|Species Clause: Limit one of each Pok\u00e9mon\n|rule|Sleep Clause Mod: Limit one foe put to sleep\n|clearpoke\n|poke|p1|Hippowdon, F|\n|poke|p1|Gastrodon, M|\n|poke|p1|Iron Moth|\n|poke|p1|Sandy Shocks|\n|poke|p1|Great Tusk|\n|poke|p1|Garchomp, F|\n|poke|p2|Tapu Koko|\n|poke|p2|Raichu-Alola, M|\n|poke|p2|Charizard, M|\n|poke|p2|Gliscor, M|\n|poke|p2|Aegislash, F|\n|poke|p2|Dragonite, M|\n|teampreview\n|\n|t:|1700588000\n|start\n|switch|p1a: Great Tusk|Great Tusk|100\/100\n|switch|p2a: Papu :vvvvxdddd|Tapu Koko, shiny|100\/100\n|-fieldstart|move: Electric Terrain|[from] ability: Electric Surge|[of] p2a: Papu :vvvvxdddd\n|turn|1\n|\n|t:|1700588019\n|switch|p2a: Alexis|Aegislash, F, shiny|100\/100\n|move|p1a: Great Tusk|Headlong Rush|p2a: Alexis\n|-supereffective|p2a: Alexis\n|-damage|p2a: Alexis|0 fnt\n|-unboost|p1a: Great Tusk|def|1\n|-unboost|p1a: Great Tusk|spd|1\n|faint|p2a: Alexis\n|\n|upkeep\n|\n|t:|1700588031\n|switch|p2a: Raichu|Raichu-Alola, M|100\/100\n|turn|2\n|\n|t:|1700588051\n|switch|p2a: Salamander|Charizard, M|100\/100\n|-end|p1a: Great Tusk|Protosynthesis|[silent]\n|switch|p1a: Hippowdon|Hippowdon, F|100\/100\n|-weather|Sandstorm|[from] ability: Sand Stream|[of] p1a: Hippowdon\n|\n|-weather|Sandstorm|[upkeep]\n|-damage|p2a: Salamander|94\/100|[from] Sandstorm\n|upkeep\n|turn|3\n|\n|t:|1700588059\n|detailschange|p2a: Salamander|Charizard-Mega-Y, M\n|-mega|p2a: Salamander|Charizard|Charizardite Y\n|-weather|SunnyDay|[from] ability: Drought|[of] p2a: Salamander\n|move|p2a: Salamander|Solar Beam||[still]\n|-prepare|p2a: Salamander|Solar Beam\n|-anim|p2a: Salamander|Solar Beam|p1a: Hippowdon\n|-supereffective|p1a: Hippowdon\n|-crit|p1a: Hippowdon\n|-damage|p1a: Hippowdon|0 fnt\n|faint|p1a: Hippowdon\n|\n|-weather|SunnyDay|[upkeep]\n|upkeep\n|\n|t:|1700588068\n|switch|p1a: Sandy Shocks|Sandy Shocks|100\/100\n|-activate|p1a: Sandy Shocks|ability: Protosynthesis\n|-start|p1a: Sandy Shocks|protosynthesisspa\n|turn|4\n|\n|t:|1700588074\n|switch|p2a: Pedro|Gliscor, M|100\/100\n|move|p1a: Sandy Shocks|Volt Switch|p2a: Pedro\n|-immune|p2a: Pedro\n|\n|-weather|SunnyDay|[upkeep]\n|-status|p2a: Pedro|tox|[from] item: Toxic Orb\n|upkeep\n|turn|5\n|\n|t:|1700588103\n|switch|p2a: Daniel|Dragonite, M|100\/100\n|-terastallize|p1a: Sandy Shocks|Ice\n|move|p1a: Sandy Shocks|Tera Blast|p2a: Daniel|[anim] Tera Blast Ice\n|-supereffective|p2a: Daniel\n|-damage|p2a: Daniel|0 fnt\n|faint|p2a: Daniel\n|\n|-weather|SunnyDay|[upkeep]\n|upkeep\n|\n|t:|1700588109\n|switch|p2a: Raichu|Raichu-Alola, M|100\/100\n|turn|6\n|\n|t:|1700588124\n|-end|p1a: Sandy Shocks|Protosynthesis|[silent]\n|switch|p1a: Gastrodon|Gastrodon, M|100\/100\n|move|p2a: Raichu|Nasty Plot|p2a: Raichu\n|-boost|p2a: Raichu|spa|2\n|\n|-weather|SunnyDay|[upkeep]\n|upkeep\n|turn|7\n|\n|t:|1700588128\n|move|p2a: Raichu|Grass Knot|p1a: Gastrodon\n|-supereffective|p1a: Gastrodon\n|-damage|p1a: Gastrodon|0 fnt\n|faint|p1a: Gastrodon\n|\n|-weather|none\n|upkeep\n|\n|t:|1700588137\n|switch|p1a: Garchomp|Garchomp, F|100\/100\n|turn|8\n|\n|t:|1700588142\n|detailschange|p1a: Garchomp|Garchomp-Mega, F\n|-mega|p1a: Garchomp|Garchomp|Garchompite\n|move|p2a: Raichu|Psychic|p1a: Garchomp\n|-damage|p1a: Garchomp|21\/100\n|move|p1a: Garchomp|Scale Shot|p2a: Raichu\n|-damage|p2a: Raichu|67\/100\n|-damage|p2a: Raichu|32\/100\n|-hitcount|p2a: Raichu|2\n|-unboost|p1a: Garchomp|def|1\n|-boost|p1a: Garchomp|spe|1\n|\n|-fieldend|move: Electric Terrain\n|upkeep\n|turn|9\n|\n|t:|1700588154\n|switch|p2a: Papu :vvvvxdddd|Tapu Koko, shiny|100\/100\n|-fieldstart|move: Electric Terrain|[from] ability: Electric Surge|[of] p2a: Papu :vvvvxdddd\n|move|p1a: Garchomp|Earthquake|p2a: Papu :vvvvxdddd\n|-supereffective|p2a: Papu :vvvvxdddd\n|-damage|p2a: Papu :vvvvxdddd|0 fnt\n|faint|p2a: Papu :vvvvxdddd\n|\n|upkeep\n|\n|t:|1700588159\n|switch|p2a: Raichu|Raichu-Alola, M|32\/100\n|turn|10\n|\n|t:|1700588168\n|move|p2a: Raichu|Psychic|p1a: Garchomp\n|-crit|p1a: Garchomp\n|-damage|p1a: Garchomp|0 fnt\n|faint|p1a: Garchomp\n|\n|upkeep\n|\n|t:|1700588174\n|switch|p1a: Sandy Shocks|Sandy Shocks, tera:Ice|100\/100\n|turn|11\n|\n|t:|1700588183\n|-terastallize|p2a: Raichu|Electric\n|move|p2a: Raichu|Rising Voltage|p1a: Sandy Shocks\n|-hint|Rising Voltage's BP doubled on grounded target.\n|-damage|p1a: Sandy Shocks|0 fnt\n|faint|p1a: Sandy Shocks\n|-end|p1a: Sandy Shocks|Protosynthesis|[silent]\n|\n|upkeep\n|\n|t:|1700588189\n|switch|p1a: Iron Moth|Iron Moth|100\/100\n|-activate|p1a: Iron Moth|ability: Quark Drive\n|-start|p1a: Iron Moth|quarkdrivespa\n|turn|12\n|\n|t:|1700588200\n|-end|p1a: Iron Moth|Quark Drive|[silent]\n|switch|p1a: Great Tusk|Great Tusk|100\/100\n|move|p2a: Raichu|Rising Voltage|p1a: Great Tusk\n|-immune|p1a: Great Tusk\n|\n|upkeep\n|turn|13\n|\n|t:|1700588217\n|move|p2a: Raichu|Grass Knot|p1a: Great Tusk\n|-supereffective|p1a: Great Tusk\n|-damage|p1a: Great Tusk|0 fnt\n|faint|p1a: Great Tusk\n|-end|p1a: Great Tusk|Protosynthesis|[silent]\n|\n|upkeep\n|\n|t:|1700588220\n|switch|p1a: Iron Moth|Iron Moth|100\/100\n|-activate|p1a: Iron Moth|ability: Quark Drive\n|-start|p1a: Iron Moth|quarkdrivespa\n|turn|14\n|c|\u2606Cristian7gg|Gg\n|c|\u2606ericmont|Gg\n|\n|t:|1700588231\n|move|p2a: Raichu|Rising Voltage|p1a: Iron Moth\n|-hint|Rising Voltage's BP doubled on grounded target.\n|-damage|p1a: Iron Moth|0 fnt\n|faint|p1a: Iron Moth\n|-end|p1a: Iron Moth|Quark Drive|[silent]\n|\n|win|Cristian7gg\n|l|\u2606ericmont\n","uploadtime":1700588256,"views":7,"p1id":"ericmont","p2id":"cristian7gg","formatid":"gen9nationaldex","rating":0,"private":0,"password":""}