{"id":"gen9nationaldex-1992178565","p1":"bodi 69","p2":"loch2009","format":"[Gen 9] National Dex","log":"|j|\u2606bodi 69\n|j|\u2606loch2009\n|inactive|Battle timer is ON: inactive players will automatically lose when time's up.\n|t:|1700161511\n|gametype|singles\n|player|p1|bodi 69|alec-anime|\n|player|p2|loch2009|lance|\n|teamsize|p1|6\n|teamsize|p2|6\n|gen|9\n|tier|[Gen 9] National Dex\n|rated|Tournament battle\n|rule|HP Percentage Mod: HP is shown in percentages\n|rule|Endless Battle Clause: Forcing endless battles is banned\n|rule|OHKO Clause: OHKO moves are banned\n|rule|Evasion Clause: Evasion abilities, items, and moves are banned\n|rule|Evasion Abilities Clause: Evasion abilities are banned\n|rule|Evasion Items Clause: Evasion items are banned\n|rule|Evasion Moves Clause: Evasion moves are banned\n|rule|Species Clause: Limit one of each Pok\u00e9mon\n|rule|Sleep Clause Mod: Limit one foe put to sleep\n|clearpoke\n|poke|p1|Ribombee, M|\n|poke|p1|Serperior, F|\n|poke|p1|Togekiss, M|\n|poke|p1|Jirachi|\n|poke|p1|Sawsbuck, M|\n|poke|p1|Glimmora, F|\n|poke|p2|Zapdos|\n|poke|p2|Gliscor, F|\n|poke|p2|Celebi|\n|poke|p2|Heatran, F|\n|poke|p2|Weavile, M|\n|poke|p2|Slowbro, F|\n|teampreview\n|inactive|bodi 69 also wants the timer to be on.\n|c|\u2606loch2009|glhf\n|c|\u2606loch2009|im losing to flinch\n|\n|t:|1700161536\n|start\n|switch|p1a: Ribombee|Ribombee, M|100\/100\n|switch|p2a: Zapdos|Zapdos|100\/100\n|turn|1\n|\n|t:|1700161543\n|move|p1a: Ribombee|Sticky Web|p2a: Zapdos\n|-sidestart|p2: loch2009|move: Sticky Web\n|move|p2a: Zapdos|Thunderbolt|p1a: Ribombee\n|-damage|p1a: Ribombee|44\/100\n|\n|upkeep\n|turn|2\n|\n|t:|1700161546\n|move|p1a: Ribombee|Moonblast|p2a: Zapdos\n|-damage|p2a: Zapdos|63\/100\n|move|p2a: Zapdos|Thunderbolt|p1a: Ribombee\n|-damage|p1a: Ribombee|0 fnt\n|faint|p1a: Ribombee\n|\n|upkeep\n|\n|t:|1700161554\n|switch|p1a: Serperior|Serperior, F|100\/100\n|turn|3\n|\n|t:|1700161559\n|move|p1a: Serperior|Leaf Storm|p2a: Zapdos\n|-resisted|p2a: Zapdos\n|-damage|p2a: Zapdos|38\/100\n|-boost|p1a: Serperior|spa|2\n|move|p2a: Zapdos|Hurricane|p1a: Serperior|[miss]\n|-miss|p2a: Zapdos|p1a: Serperior\n|\n|upkeep\n|turn|4\n|c|\u2606loch2009|oh no\n|c|\u2606loch2009|im gonna miss again\n|\n|t:|1700161588\n|move|p1a: Serperior|Leaf Storm|p2a: Zapdos|[miss]\n|-miss|p1a: Serperior|p2a: Zapdos\n|-zpower|p2a: Zapdos\n|move|p2a: Zapdos|Supersonic Skystrike|p1a: Serperior|[zeffect]\n|-supereffective|p1a: Serperior\n|-damage|p1a: Serperior|0 fnt\n|faint|p1a: Serperior\n|\n|upkeep\n|\n|t:|1700161590\n|switch|p1a: Glimmora|Glimmora, F|100\/100\n|turn|5\n|c|\u2606bodi 69|wow\n|c|\u2606loch2009|pew\n|\n|t:|1700161607\n|move|p2a: Zapdos|Roost|p2a: Zapdos\n|-heal|p2a: Zapdos|88\/100\n|-singleturn|p2a: Zapdos|move: Roost\n|move|p1a: Glimmora|Mortal Spin|p2a: Zapdos\n|-damage|p2a: Zapdos|82\/100\n|-status|p2a: Zapdos|psn\n|\n|-damage|p2a: Zapdos|70\/100 psn|[from] psn\n|upkeep\n|turn|6\n|\n|t:|1700161613\n|move|p2a: Zapdos|Volt Switch|p1a: Glimmora\n|-damage|p1a: Glimmora|59\/100\n|\n|t:|1700161620\n|switch|p2a: Slowbro|Slowbro, F|100\/100|[from] Volt Switch\n|move|p1a: Glimmora|Stealth Rock|p2a: Slowbro\n|-sidestart|p2: loch2009|move: Stealth Rock\n|\n|upkeep\n|turn|7\n|\n|t:|1700161648\n|move|p1a: Glimmora|Energy Ball|p2a: Slowbro\n|-supereffective|p2a: Slowbro\n|-damage|p2a: Slowbro|38\/100\n|move|p2a: Slowbro|Scald|p1a: Glimmora\n|-supereffective|p1a: Glimmora\n|-damage|p1a: Glimmora|0 fnt\n|faint|p1a: Glimmora\n|\n|upkeep\n|\n|t:|1700161651\n|switch|p1a: Togekiss|Togekiss, M|100\/100\n|turn|8\n|\n|t:|1700161659\n|switch|p2a: Zapdos|Zapdos|70\/100 psn\n|-damage|p2a: Zapdos|45\/100 psn|[from] Stealth Rock\n|move|p1a: Togekiss|Substitute|p1a: Togekiss\n|-start|p1a: Togekiss|Substitute\n|-damage|p1a: Togekiss|76\/100\n|\n|-damage|p2a: Zapdos|33\/100 psn|[from] psn\n|upkeep\n|turn|9\n|c|\u2606loch2009|no\n|c|\u2606loch2009|dont\n|c|\u2606loch2009|please\n|\n|t:|1700161673\n|move|p2a: Zapdos|Roost|p2a: Zapdos\n|-heal|p2a: Zapdos|83\/100 psn\n|-singleturn|p2a: Zapdos|move: Roost\n|move|p1a: Togekiss|Ancient Power|p2a: Zapdos\n|-damage|p2a: Zapdos|59\/100 psn\n|\n|-damage|p2a: Zapdos|47\/100 psn|[from] psn\n|upkeep\n|turn|10\n|c|\u2606bodi 69|yeah\n|c|\u2606loch2009|i have a family\n|\n|t:|1700161683\n|move|p2a: Zapdos|Thunderbolt|p1a: Togekiss\n|-supereffective|p1a: Togekiss\n|-end|p1a: Togekiss|Substitute\n|move|p1a: Togekiss|Ancient Power|p2a: Zapdos\n|-supereffective|p2a: Zapdos\n|-damage|p2a: Zapdos|0 fnt\n|-boost|p1a: Togekiss|atk|1\n|-boost|p1a: Togekiss|def|1\n|-boost|p1a: Togekiss|spa|1\n|-boost|p1a: Togekiss|spd|1\n|-boost|p1a: Togekiss|spe|1\n|faint|p2a: Zapdos\n|\n|upkeep\n|c|\u2606loch2009|:)\n|\n|t:|1700161695\n|switch|p2a: Weavile|Weavile, M|100\/100\n|-activate|p2a: Weavile|move: Sticky Web\n|-unboost|p2a: Weavile|spe|1\n|-damage|p2a: Weavile|76\/100|[from] Stealth Rock\n|-ability|p2a: Weavile|Pressure\n|turn|11\n|c|\u2606bodi 69|yay\n|\n|t:|1700161706\n|-terastallize|p1a: Togekiss|Steel\n|move|p2a: Weavile|Ice Shard|p1a: Togekiss\n|-resisted|p1a: Togekiss\n|-damage|p1a: Togekiss|64\/100\n|move|p1a: Togekiss|Nasty Plot|p1a: Togekiss\n|-boost|p1a: Togekiss|spa|2\n|\n|upkeep\n|turn|12\n|c|\u2606loch2009|:\/\n|\n|t:|1700161719\n|switch|p2a: Heatran|Heatran, F|100\/100\n|-activate|p2a: Heatran|move: Sticky Web\n|-unboost|p2a: Heatran|spe|1\n|-damage|p2a: Heatran|88\/100|[from] Stealth Rock\n|move|p1a: Togekiss|Ancient Power|p2a: Heatran\n|-damage|p2a: Heatran|43\/100\n|-boost|p1a: Togekiss|atk|1\n|-boost|p1a: Togekiss|def|1\n|-boost|p1a: Togekiss|spa|1\n|-boost|p1a: Togekiss|spd|1\n|-boost|p1a: Togekiss|spe|1\n|\n|-heal|p2a: Heatran|49\/100|[from] item: Leftovers\n|upkeep\n|turn|13\n|c|\u2606loch2009|:\n|inactive|bodi 69 has 120 seconds left.\n|c|\u2606bodi 69|yay\n|\n|t:|1700161764\n|move|p1a: Togekiss|Air Slash|p2a: Heatran\n|-resisted|p2a: Heatran\n|-damage|p2a: Heatran|4\/100\n|cant|p2a: Heatran|flinch\n|\n|-heal|p2a: Heatran|10\/100|[from] item: Leftovers\n|upkeep\n|turn|14\n|\n|t:|1700161778\n|move|p2a: Heatran|Protect|p2a: Heatran\n|-singleturn|p2a: Heatran|Protect\n|move|p1a: Togekiss|Ancient Power|p2a: Heatran\n|-activate|p2a: Heatran|move: Protect\n|\n|-heal|p2a: Heatran|16\/100|[from] item: Leftovers\n|upkeep\n|turn|15\n|inactive|bodi 69 has 120 seconds left.\n|c|\u2606loch2009|this i just gg\n|c|\u2606bodi 69|another one\n|\n|t:|1700161787\n|move|p1a: Togekiss|Ancient Power|p2a: Heatran\n|-damage|p2a: Heatran|0 fnt\n|-boost|p1a: Togekiss|atk|1\n|-boost|p1a: Togekiss|def|1\n|-boost|p1a: Togekiss|spa|1\n|-boost|p1a: Togekiss|spd|1\n|-boost|p1a: Togekiss|spe|1\n|faint|p2a: Heatran\n|\n|upkeep\n|c|\u2606loch2009|i can try\n|c|\u2606bodi 69|no way lol\n|c|\u2606loch2009|bro\n|c|\u2606loch2009|what\n|\n|t:|1700161798\n|switch|p2a: Weavile|Weavile, M|76\/100\n|-activate|p2a: Weavile|move: Sticky Web\n|-unboost|p2a: Weavile|spe|1\n|-damage|p2a: Weavile|51\/100|[from] Stealth Rock\n|-ability|p2a: Weavile|Pressure\n|turn|16\n|c|\u2606loch2009|please\n|c|\u2606bodi 69|another one?\n|\n|t:|1700161807\n|move|p1a: Togekiss|Ancient Power|p2a: Weavile\n|-supereffective|p2a: Weavile\n|-damage|p2a: Weavile|0 fnt\n|faint|p2a: Weavile\n|\n|upkeep\n|c|\u2606bodi 69|:'(\n|\n|t:|1700161812\n|switch|p2a: Celebi|Celebi|100\/100\n|-activate|p2a: Celebi|move: Sticky Web\n|-unboost|p2a: Celebi|spe|1\n|-damage|p2a: Celebi|88\/100|[from] Stealth Rock\n|turn|17\n|\n|t:|1700161817\n|move|p1a: Togekiss|Air Slash|p2a: Celebi\n|-supereffective|p2a: Celebi\n|-crit|p2a: Celebi\n|-damage|p2a: Celebi|0 fnt\n|faint|p2a: Celebi\n|\n|upkeep\n|\n|t:|1700161824\n|switch|p2a: Gliscor|Gliscor, F|100\/100\n|-damage|p2a: Gliscor|88\/100|[from] Stealth Rock\n|turn|18\n|\n|t:|1700161841\n|move|p1a: Togekiss|Air Slash|p2a: Gliscor\n|-damage|p2a: Gliscor|0 fnt\n|faint|p2a: Gliscor\n|\n|upkeep\n|\n|t:|1700161844\n|switch|p2a: Slowbro|Slowbro, F|71\/100\n|turn|19\n|\n|t:|1700161849\n|move|p1a: Togekiss|Air Slash|p2a: Slowbro\n|-damage|p2a: Slowbro|0 fnt\n|faint|p2a: Slowbro\n|\n|win|bodi 69\n|n|\u2606bodi 69|bodi69\n|n|\u2606loch2009|loch2009\n|c|\u2606loch2009|gg\n|j| Aziz Le Bledart\n|l| Aziz Le Bledart\n|l|\u2606bodi 69\n|j|\u2606bodi 69\n|player|p1|bodi 69|alec-anime\n|c|\u2606bodi 69|gg\n|l|\u2606bodi 69\n|player|p1|\n|c|\u2606loch2009|i belive in my self\n|j|\u2606bodi 69\n|player|p1|bodi 69|alec-anime\n|l|\u2606bodi 69\n|player|p1|\n","uploadtime":1700161861,"views":8,"p1id":"bodi69","p2id":"loch2009","formatid":"gen9nationaldex","rating":0,"private":0,"password":""}