{"id":"gen9nationaldex-1993839156","p1":"SirDelcat","p2":"CarnateRiseXD136","format":"[Gen 9] National Dex","log":"|j|\u2606SirDelcat\n|j|\u2606CarnateRiseXD136\n|t:|1700363684\n|gametype|singles\n|player|p1|SirDelcat|101|1111\n|player|p2|CarnateRiseXD136|cynthia|1100\n|teamsize|p1|6\n|teamsize|p2|6\n|gen|9\n|tier|[Gen 9] National Dex\n|rated|\n|rule|HP Percentage Mod: HP is shown in percentages\n|rule|Endless Battle Clause: Forcing endless battles is banned\n|rule|OHKO Clause: OHKO moves are banned\n|rule|Evasion Clause: Evasion abilities, items, and moves are banned\n|rule|Evasion Abilities Clause: Evasion abilities are banned\n|rule|Evasion Items Clause: Evasion items are banned\n|rule|Evasion Moves Clause: Evasion moves are banned\n|rule|Species Clause: Limit one of each Pok\u00e9mon\n|rule|Sleep Clause Mod: Limit one foe put to sleep\n|clearpoke\n|poke|p1|Sylveon, M|\n|poke|p1|Braviary, M|\n|poke|p1|Absol, M|\n|poke|p1|Kingdra, F|\n|poke|p1|Heracross, F|\n|poke|p1|Cradily, M|\n|poke|p2|Arbok, F|\n|poke|p2|Xurkitree|\n|poke|p2|Armarouge, F|\n|poke|p2|Tapu Lele|\n|poke|p2|Gyarados, F|\n|poke|p2|Landorus-Therian, M|\n|teampreview\n|inactive|Battle timer is ON: inactive players will automatically lose when time's up. (requested by CarnateRiseXD136)\n|\n|t:|1700363696\n|start\n|switch|p1a: Braviary|Braviary, M|100\/100\n|switch|p2a: Armarouge|Armarouge, F|100\/100\n|turn|1\n|\n|t:|1700363705\n|move|p1a: Braviary|Body Slam|p2a: Armarouge\n|-damage|p2a: Armarouge|19\/100\n|-ability|p2a: Armarouge|Weak Armor|boost\n|-unboost|p2a: Armarouge|def|1\n|-boost|p2a: Armarouge|spe|2\n|move|p2a: Armarouge|Iron Defense|p2a: Armarouge\n|-boost|p2a: Armarouge|def|2\n|\n|-heal|p2a: Armarouge|25\/100|[from] item: Leftovers\n|upkeep\n|turn|2\n|\n|t:|1700363715\n|move|p2a: Armarouge|Armor Cannon|p1a: Braviary\n|-damage|p1a: Braviary|20\/100\n|-unboost|p2a: Armarouge|def|1\n|-unboost|p2a: Armarouge|spd|1\n|move|p1a: Braviary|Body Slam|p2a: Armarouge\n|-damage|p2a: Armarouge|0 fnt\n|faint|p2a: Armarouge\n|\n|upkeep\n|\n|t:|1700363727\n|switch|p2a: Gyarados|Gyarados, F, shiny|100\/100\n|-ability|p2a: Gyarados|Intimidate|boost\n|-unboost|p1a: Braviary|atk|1\n|turn|3\n|\n|t:|1700363733\n|detailschange|p2a: Gyarados|Gyarados-Mega, F, shiny\n|-mega|p2a: Gyarados|Gyarados|Gyaradosite\n|-ability|p2a: Gyarados|Mold Breaker\n|move|p1a: Braviary|Pluck|p2a: Gyarados\n|-damage|p2a: Gyarados|77\/100\n|-damage|p1a: Braviary|10\/100|[from] item: Life Orb\n|move|p2a: Gyarados|Dragon Dance|p2a: Gyarados\n|-boost|p2a: Gyarados|atk|1\n|-boost|p2a: Gyarados|spe|1\n|\n|upkeep\n|turn|4\n|\n|t:|1700363746\n|move|p2a: Gyarados|Waterfall|p1a: Braviary\n|-damage|p1a: Braviary|0 fnt\n|faint|p1a: Braviary\n|\n|upkeep\n|\n|t:|1700363754\n|switch|p1a: Heracross|Heracross, F|100\/100\n|turn|5\n|\n|t:|1700363762\n|move|p2a: Gyarados|Waterfall|p1a: Heracross\n|-damage|p1a: Heracross|0 fnt\n|faint|p1a: Heracross\n|\n|upkeep\n|\n|t:|1700363768\n|switch|p1a: Cradily|Cradily, M|100\/100\n|turn|6\n|\n|t:|1700363773\n|move|p2a: Gyarados|Dragon Dance|p2a: Gyarados\n|-boost|p2a: Gyarados|atk|1\n|-boost|p2a: Gyarados|spe|1\n|move|p1a: Cradily|Giga Drain|p2a: Gyarados\n|-supereffective|p2a: Gyarados\n|-damage|p2a: Gyarados|31\/100\n|\n|upkeep\n|turn|7\n|\n|t:|1700363781\n|move|p2a: Gyarados|Waterfall|p1a: Cradily\n|-damage|p1a: Cradily|14\/100\n|cant|p1a: Cradily|flinch\n|\n|upkeep\n|turn|8\n|\n|t:|1700363786\n|move|p2a: Gyarados|Waterfall|p1a: Cradily\n|-damage|p1a: Cradily|0 fnt\n|faint|p1a: Cradily\n|\n|upkeep\n|\n|t:|1700363790\n|switch|p1a: Kingdra|Kingdra, F|100\/100\n|turn|9\n|\n|t:|1700363797\n|move|p2a: Gyarados|Earthquake|p1a: Kingdra\n|-damage|p1a: Kingdra|0 fnt\n|faint|p1a: Kingdra\n|\n|upkeep\n|\n|t:|1700363804\n|switch|p1a: Absol|Absol, M|100\/100\n|turn|10\n|\n|t:|1700363810\n|move|p2a: Gyarados|Waterfall|p1a: Absol\n|-damage|p1a: Absol|0 fnt\n|faint|p1a: Absol\n|\n|upkeep\n|\n|t:|1700363813\n|switch|p1a: Sylveon|Sylveon, M, shiny|100\/100\n|turn|11\n|\n|t:|1700363818\n|move|p2a: Gyarados|Waterfall|p1a: Sylveon\n|-damage|p1a: Sylveon|0 fnt\n|faint|p1a: Sylveon\n|\n|win|CarnateRiseXD136\n|raw|SirDelcat's rating: 1111 &rarr; <strong>1085<\/strong><br \/>(-26 for losing)\n|raw|CarnateRiseXD136's rating: 1100 &rarr; <strong>1126<\/strong><br \/>(+26 for winning)\n|c|\u2606CarnateRiseXD136|gg\n|c|\u2606SirDelcat|gg\n","uploadtime":1700363824,"views":9,"p1id":"sirdelcat","p2id":"carnaterisexd136","formatid":"gen9nationaldex","rating":1085,"private":0,"password":""}