{"id":"gen9nationaldex-1992651690","p1":"Anhkiet","p2":"MMQZA7","format":"[Gen 9] National Dex","log":"|j|\u2606Anhkiet\n|j|\u2606MMQZA7\n|t:|1700220598\n|gametype|singles\n|player|p1|Anhkiet|102|1626\n|player|p2|MMQZA7|2|1612\n|teamsize|p1|6\n|teamsize|p2|6\n|gen|9\n|tier|[Gen 9] National Dex\n|rated|\n|rule|HP Percentage Mod: HP is shown in percentages\n|rule|Endless Battle Clause: Forcing endless battles is banned\n|rule|OHKO Clause: OHKO moves are banned\n|rule|Evasion Clause: Evasion abilities, items, and moves are banned\n|rule|Evasion Abilities Clause: Evasion abilities are banned\n|rule|Evasion Items Clause: Evasion items are banned\n|rule|Evasion Moves Clause: Evasion moves are banned\n|rule|Species Clause: Limit one of each Pok\u00e9mon\n|rule|Sleep Clause Mod: Limit one foe put to sleep\n|clearpoke\n|poke|p1|Pelipper, F|\n|poke|p1|Serperior, F|\n|poke|p1|Gorebyss, M|\n|poke|p1|Barraskewda, F|\n|poke|p1|Ogerpon-Wellspring, F|\n|poke|p1|Gyarados, M|\n|poke|p2|Swellow, M|\n|poke|p2|Lopunny, F|\n|poke|p2|Blaziken, F|\n|poke|p2|Corviknight, F|\n|poke|p2|Clodsire, M|\n|poke|p2|Ogerpon-Wellspring, F|\n|teampreview\n|\n|t:|1700220626\n|start\n|switch|p1a: Pelipper|Pelipper, F|100\/100\n|switch|p2a: Swellow|Swellow, M|100\/100\n|-weather|RainDance|[from] ability: Drizzle|[of] p1a: Pelipper\n|turn|1\n|\n|t:|1700220633\n|-terastallize|p2a: Swellow|Normal\n|move|p2a: Swellow|Boomburst|p1a: Pelipper\n|-damage|p1a: Pelipper|0 fnt\n|faint|p1a: Pelipper\n|\n|-weather|RainDance|[upkeep]\n|upkeep\n|\n|t:|1700220639\n|switch|p1a: Barraskewda|Barraskewda, F|100\/100\n|turn|2\n|\n|t:|1700220645\n|switch|p2a: Ogerpon|Ogerpon-Wellspring, F|100\/100\n|move|p1a: Barraskewda|Close Combat|p2a: Ogerpon\n|-damage|p2a: Ogerpon|18\/100\n|-unboost|p1a: Barraskewda|def|1\n|-unboost|p1a: Barraskewda|spd|1\n|\n|-weather|RainDance|[upkeep]\n|upkeep\n|turn|3\n|\n|t:|1700220655\n|switch|p1a: Ogerpon|Ogerpon-Wellspring, F|100\/100\n|switch|p2a: Corviknight|Corviknight, F|100\/100\n|-ability|p2a: Corviknight|Pressure\n|\n|-weather|RainDance|[upkeep]\n|upkeep\n|turn|4\n|inactive|Battle timer is ON: inactive players will automatically lose when time's up. (requested by Anhkiet)\n|\n|t:|1700220668\n|move|p1a: Ogerpon|Ivy Cudgel|p2a: Corviknight|[anim] Ivy Cudgel Water\n|-damage|p2a: Corviknight|51\/100\n|move|p2a: Corviknight|Iron Defense|p2a: Corviknight\n|-boost|p2a: Corviknight|def|2\n|\n|-weather|RainDance|[upkeep]\n|upkeep\n|turn|5\n|\n|t:|1700220673\n|move|p1a: Ogerpon|Ivy Cudgel|p2a: Corviknight|[anim] Ivy Cudgel Water\n|-damage|p2a: Corviknight|24\/100\n|move|p2a: Corviknight|Roost|p2a: Corviknight\n|-heal|p2a: Corviknight|74\/100\n|-singleturn|p2a: Corviknight|move: Roost\n|\n|-weather|RainDance|[upkeep]\n|upkeep\n|turn|6\n|\n|t:|1700220681\n|move|p1a: Ogerpon|Swords Dance|p1a: Ogerpon\n|-boost|p1a: Ogerpon|atk|2\n|move|p2a: Corviknight|Roost|p2a: Corviknight\n|-heal|p2a: Corviknight|100\/100\n|-singleturn|p2a: Corviknight|move: Roost\n|\n|-weather|RainDance|[upkeep]\n|upkeep\n|turn|7\n|\n|t:|1700220694\n|move|p1a: Ogerpon|Ivy Cudgel|p2a: Corviknight|[anim] Ivy Cudgel Water\n|-damage|p2a: Corviknight|52\/100\n|move|p2a: Corviknight|Body Press|p1a: Ogerpon\n|-damage|p1a: Ogerpon|26\/100\n|\n|-weather|RainDance|[upkeep]\n|upkeep\n|turn|8\n|\n|t:|1700220700\n|move|p1a: Ogerpon|Ivy Cudgel|p2a: Corviknight|[anim] Ivy Cudgel Water\n|-damage|p2a: Corviknight|0 fnt\n|faint|p2a: Corviknight\n|\n|-weather|none\n|upkeep\n|\n|t:|1700220712\n|switch|p2a: Swellow|Swellow, M, tera:Normal|100\/100\n|turn|9\n|\n|t:|1700220717\n|move|p2a: Swellow|Boomburst|p1a: Ogerpon\n|-damage|p1a: Ogerpon|0 fnt\n|faint|p1a: Ogerpon\n|\n|upkeep\n|\n|t:|1700220724\n|switch|p1a: Gorebyss|Gorebyss, M|100\/100\n|turn|10\n|\n|t:|1700220728\n|move|p2a: Swellow|Boomburst|p1a: Gorebyss\n|-crit|p1a: Gorebyss\n|-enditem|p1a: Gorebyss|Focus Sash\n|-damage|p1a: Gorebyss|1\/100\n|move|p1a: Gorebyss|Shell Smash|p1a: Gorebyss\n|-unboost|p1a: Gorebyss|def|1\n|-unboost|p1a: Gorebyss|spd|1\n|-boost|p1a: Gorebyss|atk|2\n|-boost|p1a: Gorebyss|spa|2\n|-boost|p1a: Gorebyss|spe|2\n|\n|upkeep\n|turn|11\n|\n|t:|1700220734\n|switch|p2a: Clodsire|Clodsire, M|100\/100\n|-terastallize|p1a: Gorebyss|Fairy\n|move|p1a: Gorebyss|Draining Kiss|p2a: Clodsire\n|-resisted|p2a: Clodsire\n|-damage|p2a: Clodsire|92\/100\n|-heal|p1a: Gorebyss|12\/100|[from] drain|[of] p2a: Clodsire\n|\n|-heal|p2a: Clodsire|98\/100|[from] item: Leftovers\n|upkeep\n|turn|12\n|\n|t:|1700220746\n|move|p1a: Gorebyss|Surf|p2a: Clodsire\n|-supereffective|p2a: Clodsire\n|-damage|p2a: Clodsire|53\/100\n|move|p2a: Clodsire|Stealth Rock|p1a: Gorebyss\n|-sidestart|p1: Anhkiet|move: Stealth Rock\n|\n|-heal|p2a: Clodsire|59\/100|[from] item: Leftovers\n|upkeep\n|turn|13\n|\n|t:|1700220752\n|move|p1a: Gorebyss|Surf|p2a: Clodsire\n|-supereffective|p2a: Clodsire\n|-damage|p2a: Clodsire|11\/100\n|move|p2a: Clodsire|Recover|p2a: Clodsire\n|-heal|p2a: Clodsire|61\/100\n|\n|-heal|p2a: Clodsire|67\/100|[from] item: Leftovers\n|upkeep\n|turn|14\n|\n|t:|1700220760\n|switch|p2a: Ogerpon|Ogerpon-Wellspring, F|18\/100\n|move|p1a: Gorebyss|Draining Kiss|p2a: Ogerpon\n|-damage|p2a: Ogerpon|0 fnt\n|-heal|p1a: Gorebyss|28\/100|[from] drain|[of] p2a: Ogerpon\n|faint|p2a: Ogerpon\n|\n|upkeep\n|\n|t:|1700220769\n|switch|p2a: Lopunny|Lopunny, F|100\/100\n|turn|15\n|\n|t:|1700220773\n|detailschange|p2a: Lopunny|Lopunny-Mega, F\n|-mega|p2a: Lopunny|Lopunny|Lopunnite\n|move|p2a: Lopunny|Fake Out|p1a: Gorebyss\n|-damage|p1a: Gorebyss|0 fnt\n|faint|p1a: Gorebyss\n|\n|upkeep\n|\n|t:|1700220776\n|switch|p1a: Serperior|Serperior, F|100\/100\n|-damage|p1a: Serperior|88\/100|[from] Stealth Rock\n|turn|16\n|\n|t:|1700220780\n|move|p2a: Lopunny|Triple Axel|p1a: Serperior\n|-supereffective|p1a: Serperior\n|-damage|p1a: Serperior|73\/100\n|-supereffective|p1a: Serperior\n|-damage|p1a: Serperior|39\/100\n|-supereffective|p1a: Serperior\n|-damage|p1a: Serperior|0 fnt\n|faint|p1a: Serperior\n|-hitcount|p1: Serperior|3\n|\n|upkeep\n|\n|t:|1700220786\n|switch|p1a: Barraskewda|Barraskewda, F|100\/100\n|-damage|p1a: Barraskewda|88\/100|[from] Stealth Rock\n|turn|17\n|\n|t:|1700220793\n|switch|p2a: Clodsire|Clodsire, M|67\/100\n|move|p1a: Barraskewda|Liquidation|p2a: Clodsire\n|-supereffective|p2a: Clodsire\n|-damage|p2a: Clodsire|0 fnt\n|faint|p2a: Clodsire\n|\n|upkeep\n|\n|t:|1700220808\n|switch|p2a: Lopunny|Lopunny-Mega, F|100\/100\n|turn|18\n|\n|t:|1700220813\n|move|p2a: Lopunny|Fake Out|p1a: Barraskewda\n|-damage|p1a: Barraskewda|47\/100\n|cant|p1a: Barraskewda|flinch\n|\n|upkeep\n|turn|19\n|l|\u2606MMQZA7\n|inactive|MMQZA7 disconnected and has a minute to reconnect!\n|player|p2|\n|j|\u2606MMQZA7\n|inactive|MMQZA7 reconnected and has 125 seconds left.\n|player|p2|MMQZA7|2\n|inactive|MMQZA7 has 120 seconds left.\n|\n|t:|1700220851\n|switch|p2a: Blaziken|Blaziken, F|100\/100\n|move|p1a: Barraskewda|Liquidation|p2a: Blaziken\n|-supereffective|p2a: Blaziken\n|-damage|p2a: Blaziken|0 fnt\n|faint|p2a: Blaziken\n|\n|upkeep\n|\n|t:|1700220857\n|switch|p2a: Lopunny|Lopunny-Mega, F|100\/100\n|turn|20\n|\n|t:|1700220865\n|switch|p1a: Gyarados|Gyarados, M|100\/100\n|-damage|p1a: Gyarados|76\/100|[from] Stealth Rock\n|move|p2a: Lopunny|Fake Out|p1a: Gyarados\n|-damage|p1a: Gyarados|47\/100\n|\n|upkeep\n|turn|21\n|\n|t:|1700220872\n|detailschange|p1a: Gyarados|Gyarados-Mega, M\n|-mega|p1a: Gyarados|Gyarados|Gyaradosite\n|-ability|p1a: Gyarados|Mold Breaker\n|move|p2a: Lopunny|U-turn|p1a: Gyarados\n|-supereffective|p1a: Gyarados\n|-damage|p1a: Gyarados|0 fnt\n|faint|p1a: Gyarados\n|\n|t:|1700220876\n|switch|p2a: Swellow|Swellow, M, tera:Normal|100\/100|[from] U-turn\n|\n|upkeep\n|\n|t:|1700220879\n|switch|p1a: Barraskewda|Barraskewda, F|47\/100\n|-damage|p1a: Barraskewda|35\/100|[from] Stealth Rock\n|turn|22\n|\n|t:|1700220885\n|move|p2a: Swellow|Quick Attack|p1a: Barraskewda\n|-damage|p1a: Barraskewda|4\/100\n|move|p1a: Barraskewda|Liquidation|p2a: Swellow\n|-damage|p2a: Swellow|0 fnt\n|faint|p2a: Swellow\n|\n|upkeep\n|\n|t:|1700220888\n|switch|p2a: Lopunny|Lopunny-Mega, F|100\/100\n|turn|23\n|\n|t:|1700220890\n|move|p2a: Lopunny|Fake Out|p1a: Barraskewda\n|-damage|p1a: Barraskewda|0 fnt\n|faint|p1a: Barraskewda\n|\n|win|MMQZA7\n|raw|Anhkiet's rating: 1626 &rarr; <strong>1605<\/strong><br \/>(-21 for losing)\n|raw|MMQZA7's rating: 1612 &rarr; <strong>1633<\/strong><br \/>(+21 for winning)\n|l|\u2606Anhkiet\n","uploadtime":1700220896,"views":5,"p1id":"anhkiet","p2id":"mmqza7","formatid":"gen9nationaldex","rating":1605,"private":0,"password":""}