{"id":"gen9nationaldex-1995855303","p1":"kenshiro33","p2":"Dk Zay","format":"[Gen 9] National Dex","log":"|html|<div class=\"broadcast-blue\"><strong>[Gen 9] National Dex is currently suspecting Sneasler! For information on how to participate check out the <a href=\"https:\/\/www.smogon.com\/forums\/threads\/sv-national-dex-suspect-8-just-dance.3731534\/\">suspect thread<\/a>.<\/strong><\/div>\n|j|\u2606kenshiro33\n|j|\u203dDk Zay\n|t:|1700610077\n|gametype|singles\n|player|p1|kenshiro33|169|1386\n|player|p2|Dk Zay|170|1364\n|teamsize|p1|6\n|teamsize|p2|6\n|gen|9\n|tier|[Gen 9] National Dex\n|rated|\n|rule|HP Percentage Mod: HP is shown in percentages\n|rule|Endless Battle Clause: Forcing endless battles is banned\n|rule|OHKO Clause: OHKO moves are banned\n|rule|Evasion Clause: Evasion abilities, items, and moves are banned\n|rule|Evasion Abilities Clause: Evasion abilities are banned\n|rule|Evasion Items Clause: Evasion items are banned\n|rule|Evasion Moves Clause: Evasion moves are banned\n|rule|Species Clause: Limit one of each Pok\u00e9mon\n|rule|Sleep Clause Mod: Limit one foe put to sleep\n|clearpoke\n|poke|p1|Chandelure, M|\n|poke|p1|Porygon2|\n|poke|p1|Great Tusk|\n|poke|p1|Medicham, M|\n|poke|p1|Sneasler, F|\n|poke|p1|Masquerain, F|\n|poke|p2|Lopunny, M|\n|poke|p2|Infernape, M|\n|poke|p2|Heatran, M|\n|poke|p2|Gliscor, F|\n|poke|p2|Sneasler, M|\n|poke|p2|Suicune|\n|teampreview\n|\n|t:|1700610082\n|start\n|switch|p1a: omega|Masquerain, F|100\/100\n|switch|p2a: Lopunny|Lopunny, M|100\/100\n|-ability|p1a: omega|Intimidate|boost\n|-unboost|p2a: Lopunny|atk|1\n|turn|1\n|\n|t:|1700610092\n|detailschange|p2a: Lopunny|Lopunny-Mega, M\n|-mega|p2a: Lopunny|Lopunny|Lopunnite\n|move|p2a: Lopunny|Fake Out|p1a: omega\n|-damage|p1a: omega|76\/100\n|cant|p1a: omega|flinch\n|\n|upkeep\n|turn|2\n|\n|t:|1700610101\n|move|p2a: Lopunny|Power-Up Punch|p1a: omega\n|-resisted|p1a: omega\n|-damage|p1a: omega|70\/100\n|-boost|p2a: Lopunny|atk|1\n|move|p1a: omega|Sticky Web|p2a: Lopunny\n|-sidestart|p2: Dk Zay|move: Sticky Web\n|\n|upkeep\n|turn|3\n|\n|t:|1700610108\n|move|p2a: Lopunny|Return|p1a: omega\n|-damage|p1a: omega|0 fnt\n|faint|p1a: omega\n|\n|upkeep\n|inactive|Battle timer is ON: inactive players will automatically lose when time's up. (requested by Dk Zay)\n|\n|t:|1700610135\n|switch|p1a: ezra|Medicham, M|100\/100\n|turn|4\n|\n|t:|1700610139\n|switch|p2a: Gliscor|Gliscor, F, shiny|100\/100\n|detailschange|p1a: ezra|Medicham-Mega, M\n|-mega|p1a: ezra|Medicham|Medichamite\n|move|p1a: ezra|Fake Out|p2a: Gliscor\n|-damage|p2a: Gliscor|86\/100\n|\n|-status|p2a: Gliscor|tox|[from] item: Toxic Orb\n|upkeep\n|turn|5\n|\n|t:|1700610162\n|move|p1a: ezra|Ice Punch|p2a: Gliscor\n|-supereffective|p2a: Gliscor\n|-damage|p2a: Gliscor|0 fnt\n|faint|p2a: Gliscor\n|\n|upkeep\n|\n|t:|1700610173\n|switch|p2a: Suicune|Suicune, shiny|100\/100\n|-activate|p2a: Suicune|move: Sticky Web\n|-unboost|p2a: Suicune|spe|1\n|-ability|p2a: Suicune|Pressure\n|turn|6\n|\n|t:|1700610180\n|move|p1a: ezra|Psycho Cut|p2a: Suicune\n|-damage|p2a: Suicune|69\/100\n|move|p2a: Suicune|Scald|p1a: ezra\n|-damage|p1a: ezra|61\/100\n|-status|p1a: ezra|brn\n|\n|-heal|p2a: Suicune|75\/100|[from] item: Leftovers\n|-damage|p1a: ezra|55\/100 brn|[from] brn\n|upkeep\n|turn|7\n|\n|t:|1700610193\n|switch|p2a: Infernape|Infernape, M, shiny|100\/100\n|-activate|p2a: Infernape|move: Sticky Web\n|-unboost|p2a: Infernape|spe|1\n|move|p1a: ezra|Psycho Cut|p2a: Infernape\n|-supereffective|p2a: Infernape\n|-crit|p2a: Infernape\n|-damage|p2a: Infernape|0 fnt\n|faint|p2a: Infernape\n|\n|-damage|p1a: ezra|49\/100 brn|[from] brn\n|upkeep\n|\n|t:|1700610196\n|switch|p2a: Lopunny|Lopunny-Mega, M|100\/100\n|-activate|p2a: Lopunny|move: Sticky Web\n|-unboost|p2a: Lopunny|spe|1\n|turn|8\n|\n|t:|1700610206\n|switch|p1a: zeb|Great Tusk|100\/100\n|move|p2a: Lopunny|Fake Out|p1a: zeb\n|-damage|p1a: zeb|85\/100\n|\n|upkeep\n|turn|9\n|\n|t:|1700610215\n|move|p2a: Lopunny|Return|p1a: zeb\n|-damage|p1a: zeb|46\/100\n|move|p1a: zeb|Close Combat|p2a: Lopunny\n|-supereffective|p2a: Lopunny\n|-damage|p2a: Lopunny|0 fnt\n|-unboost|p1a: zeb|def|1\n|-unboost|p1a: zeb|spd|1\n|faint|p2a: Lopunny\n|\n|upkeep\n|\n|t:|1700610225\n|switch|p2a: Sneasler|Sneasler, M|100\/100\n|-item|p2a: Sneasler|Air Balloon\n|turn|10\n|\n|t:|1700610244\n|-end|p1a: zeb|Protosynthesis|[silent]\n|switch|p1a: ezra|Medicham-Mega, M|49\/100 brn\n|move|p2a: Sneasler|Swords Dance|p2a: Sneasler\n|-boost|p2a: Sneasler|atk|2\n|\n|-damage|p1a: ezra|43\/100 brn|[from] brn\n|upkeep\n|turn|11\n|\n|t:|1700610250\n|move|p1a: ezra|Fake Out|p2a: Sneasler\n|-damage|p2a: Sneasler|80\/100\n|-enditem|p2a: Sneasler|Air Balloon\n|cant|p2a: Sneasler|flinch\n|\n|-damage|p1a: ezra|37\/100 brn|[from] brn\n|upkeep\n|turn|12\n|\n|t:|1700610271\n|move|p2a: Sneasler|Dire Claw|p1a: ezra\n|-damage|p1a: ezra|0 fnt\n|faint|p1a: ezra\n|\n|upkeep\n|inactive|kenshiro33 has 120 seconds left.\n|inactive|kenshiro33 has 90 seconds left.\n|\n|t:|1700610337\n|switch|p1a: chibi|Chandelure, M|100\/100\n|turn|13\n|\n|t:|1700610350\n|-terastallize|p2a: Sneasler|Flying\n|move|p2a: Sneasler|Acrobatics|p1a: chibi\n|-damage|p1a: chibi|0 fnt\n|faint|p1a: chibi\n|\n|upkeep\n|\n|t:|1700610357\n|switch|p1a: dewey|Porygon2|100\/100\n|-ability|p1a: dewey|Unburden|[from] ability: Trace|[of] p2a: Sneasler\n|turn|14\n|\n|t:|1700610369\n|-terastallize|p1a: dewey|Ghost\n|move|p2a: Sneasler|Close Combat|p1a: dewey\n|-immune|p1a: dewey\n|move|p1a: dewey|Discharge|p2a: Sneasler\n|-supereffective|p2a: Sneasler\n|-damage|p2a: Sneasler|22\/100\n|-status|p2a: Sneasler|par\n|\n|upkeep\n|turn|15\n|\n|t:|1700610383\n|move|p2a: Sneasler|Acrobatics|p1a: dewey\n|-damage|p1a: dewey|13\/100\n|move|p1a: dewey|Shadow Ball|p2a: Sneasler\n|-damage|p2a: Sneasler|0 fnt\n|faint|p2a: Sneasler\n|\n|upkeep\n|\n|t:|1700610387\n|switch|p2a: Heatran|Heatran, M, shiny|100\/100\n|-activate|p2a: Heatran|move: Sticky Web\n|-unboost|p2a: Heatran|spe|1\n|turn|16\n|inactive|kenshiro33 has 90 seconds left.\n|\n|t:|1700610393\n|move|p1a: dewey|Discharge|p2a: Heatran\n|-damage|p2a: Heatran|88\/100\n|-status|p2a: Heatran|par\n|move|p2a: Heatran|Earth Power|p1a: dewey\n|-damage|p1a: dewey|0 fnt\n|faint|p1a: dewey\n|\n|-heal|p2a: Heatran|95\/100 par|[from] item: Leftovers\n|upkeep\n|inactive|kenshiro33 has 90 seconds left.\n|\n|t:|1700610402\n|switch|p1a: zeb|Great Tusk|46\/100\n|turn|17\n|\n|t:|1700610410\n|move|p1a: zeb|Earthquake|p2a: Heatran\n|-supereffective|p2a: Heatran\n|-damage|p2a: Heatran|0 fnt\n|faint|p2a: Heatran\n|\n|upkeep\n|\n|t:|1700610412\n|switch|p2a: Suicune|Suicune, shiny|75\/100\n|-activate|p2a: Suicune|move: Sticky Web\n|-unboost|p2a: Suicune|spe|1\n|-ability|p2a: Suicune|Pressure\n|turn|18\n|\n|t:|1700610420\n|move|p1a: zeb|Close Combat|p2a: Suicune\n|-damage|p2a: Suicune|37\/100\n|-unboost|p1a: zeb|def|1\n|-unboost|p1a: zeb|spd|1\n|move|p2a: Suicune|Calm Mind|p2a: Suicune\n|-boost|p2a: Suicune|spa|1\n|-boost|p2a: Suicune|spd|1\n|\n|-heal|p2a: Suicune|43\/100|[from] item: Leftovers\n|upkeep\n|turn|19\n|\n|t:|1700610426\n|move|p1a: zeb|Close Combat|p2a: Suicune\n|-damage|p2a: Suicune|3\/100\n|-unboost|p1a: zeb|def|1\n|-unboost|p1a: zeb|spd|1\n|move|p2a: Suicune|Rest|p2a: Suicune\n|-status|p2a: Suicune|slp|[from] move: Rest\n|-heal|p2a: Suicune|100\/100 slp|[silent]\n|\n|upkeep\n|turn|20\n|\n|t:|1700610433\n|move|p1a: zeb|Close Combat|p2a: Suicune\n|-damage|p2a: Suicune|60\/100 slp\n|-unboost|p1a: zeb|def|1\n|-unboost|p1a: zeb|spd|1\n|cant|p2a: Suicune|slp\n|\n|-heal|p2a: Suicune|66\/100 slp|[from] item: Leftovers\n|upkeep\n|turn|21\n|\n|t:|1700610438\n|move|p1a: zeb|Close Combat|p2a: Suicune\n|-damage|p2a: Suicune|29\/100 slp\n|-unboost|p1a: zeb|def|1\n|-unboost|p1a: zeb|spd|1\n|cant|p2a: Suicune|slp\n|\n|-heal|p2a: Suicune|35\/100 slp|[from] item: Leftovers\n|upkeep\n|turn|22\n|\n|t:|1700610444\n|move|p1a: zeb|Earthquake|p2a: Suicune\n|-damage|p2a: Suicune|4\/100 slp\n|-curestatus|p2a: Suicune|slp|[msg]\n|move|p2a: Suicune|Roar|p1a: zeb\n|-end|p1a: zeb|Protosynthesis|[silent]\n|drag|p1a: may|Sneasler, F|100\/100\n|\n|-heal|p2a: Suicune|10\/100|[from] item: Leftovers\n|upkeep\n|turn|23\n|-message|Dk Zay forfeited.\n|\n|win|kenshiro33\n|raw|kenshiro33's rating: 1386 &rarr; <strong>1405<\/strong><br \/>(+19 for winning)\n|raw|Dk Zay's rating: 1364 &rarr; <strong>1345<\/strong><br \/>(-19 for losing)\n|l|\u203dDk Zay\n|c|\u2606kenshiro33|wtf\n","uploadtime":1700610467,"views":0,"p1id":"kenshiro33","p2id":"dkzay","formatid":"gen9nationaldex","rating":1345,"private":0,"password":""}