{"id":"gen9nationaldex-1998732402","p1":"Red Ragnor","p2":"Ivan9plus","format":"[Gen 9] National Dex","log":"|html|<div class=\"broadcast-blue\"><strong>[Gen 9] National Dex is currently suspecting Sneasler! For information on how to participate check out the <a href=\"https:\/\/www.smogon.com\/forums\/threads\/sv-national-dex-suspect-8-just-dance.3731534\/\">suspect thread<\/a>.<\/strong><\/div>\n|j|\u2606Red Ragnor\n|j|\u2606Ivan9plus\n|t:|1700979680\n|gametype|singles\n|player|p1|Red Ragnor|265|\n|player|p2|Ivan9plus|lucas|\n|teamsize|p1|6\n|teamsize|p2|6\n|gen|9\n|tier|[Gen 9] National Dex\n|rule|HP Percentage Mod: HP is shown in percentages\n|rule|Endless Battle Clause: Forcing endless battles is banned\n|rule|OHKO Clause: OHKO moves are banned\n|rule|Evasion Clause: Evasion abilities, items, and moves are banned\n|rule|Evasion Abilities Clause: Evasion abilities are banned\n|rule|Evasion Items Clause: Evasion items are banned\n|rule|Evasion Moves Clause: Evasion moves are banned\n|rule|Species Clause: Limit one of each Pok\u00e9mon\n|rule|Sleep Clause Mod: Limit one foe put to sleep\n|clearpoke\n|poke|p1|Eiscue, F|\n|poke|p1|Centiskorch, M|\n|poke|p1|Lurantis, F|\n|poke|p1|Reuniclus, F|\n|poke|p1|Grafaiai, F|\n|poke|p1|Mimikyu, F|\n|poke|p2|Torkoal, F|\n|poke|p2|Hydreigon, F|\n|poke|p2|Gliscor, F|\n|poke|p2|Zapdos-Galar|\n|poke|p2|Basculegion, M|\n|poke|p2|Ferrothorn, F|\n|teampreview\n|inactive|Battle timer is ON: inactive players will automatically lose when time's up. (requested by Red Ragnor)\n|inactiveoff|Battle timer is now OFF.\n|\n|t:|1700979696\n|start\n|switch|p1a: Grafaiai|Grafaiai, F|100\/100\n|switch|p2a: Ferrothorn|Ferrothorn, F|100\/100\n|turn|1\n|\n|t:|1700979704\n|move|p1a: Grafaiai|Parting Shot|p2a: Ferrothorn\n|-unboost|p2a: Ferrothorn|atk|1\n|-unboost|p2a: Ferrothorn|spa|1\n|\n|t:|1700979722\n|switch|p1a: Centiskorch|Centiskorch, M|100\/100|[from] Parting Shot\n|move|p2a: Ferrothorn|Curse|p2a: Ferrothorn\n|-unboost|p2a: Ferrothorn|spe|1\n|-boost|p2a: Ferrothorn|atk|1\n|-boost|p2a: Ferrothorn|def|1\n|\n|upkeep\n|turn|2\n|\n|t:|1700979743\n|switch|p2a: Torkoal|Torkoal, F|100\/100\n|move|p1a: Centiskorch|Will-O-Wisp|p2a: Torkoal\n|-immune|p2a: Torkoal\n|\n|upkeep\n|turn|3\n|\n|t:|1700979762\n|switch|p1a: Grafaiai|Grafaiai, F|100\/100\n|move|p2a: Torkoal|Stealth Rock|p1a: Grafaiai\n|-sidestart|p1: Red Ragnor|move: Stealth Rock\n|\n|upkeep\n|turn|4\n|\n|t:|1700979770\n|move|p1a: Grafaiai|Toxic|p2a: Torkoal\n|-status|p2a: Torkoal|tox\n|move|p2a: Torkoal|Lava Plume|p1a: Grafaiai\n|-damage|p1a: Grafaiai|56\/100\n|-status|p1a: Grafaiai|brn\n|\n|-damage|p2a: Torkoal|94\/100 tox|[from] psn\n|-damage|p1a: Grafaiai|50\/100 brn|[from] brn\n|upkeep\n|-enditem|p1a: Grafaiai|Sitrus Berry|[eat]\n|-heal|p1a: Grafaiai|74\/100 brn|[from] item: Sitrus Berry\n|turn|5\n|\n|t:|1700979783\n|move|p1a: Grafaiai|Knock Off|p2a: Torkoal\n|-damage|p2a: Torkoal|86\/100 tox\n|-enditem|p2a: Torkoal|Leftovers|[from] move: Knock Off|[of] p1a: Grafaiai\n|move|p2a: Torkoal|Lava Plume|p1a: Grafaiai\n|-damage|p1a: Grafaiai|25\/100 brn\n|\n|-damage|p2a: Torkoal|74\/100 tox|[from] psn\n|-damage|p1a: Grafaiai|19\/100 brn|[from] brn\n|upkeep\n|turn|6\n|\n|t:|1700979796\n|move|p1a: Grafaiai|Parting Shot|p2a: Torkoal\n|-fail|p2a: Torkoal|unboost|[from] ability: White Smoke|[of] p2a: Torkoal\n|move|p2a: Torkoal|Lava Plume|p1a: Grafaiai\n|-damage|p1a: Grafaiai|0 fnt\n|faint|p1a: Grafaiai\n|\n|-damage|p2a: Torkoal|56\/100 tox|[from] psn\n|upkeep\n|\n|t:|1700979819\n|switch|p1a: Centiskorch|Centiskorch, M|100\/100\n|turn|7\n|\n|t:|1700979846\n|switch|p2a: Zapdos|Zapdos-Galar, shiny|100\/100\n|move|p1a: Centiskorch|Fire Lash|p2a: Zapdos\n|-damage|p2a: Zapdos|50\/100\n|-unboost|p2a: Zapdos|def|1\n|-ability|p2a: Zapdos|Defiant|boost\n|-boost|p2a: Zapdos|atk|2\n|\n|upkeep\n|turn|8\n|\n|t:|1700979870\n|switch|p1a: Mimikyu|Mimikyu, F|100\/100\n|-damage|p1a: Mimikyu|88\/100|[from] Stealth Rock\n|move|p2a: Zapdos|Drill Peck|p1a: Mimikyu\n|-activate|p1a: Mimikyu|ability: Disguise\n|-damage|p1a: Mimikyu|88\/100\n|detailschange|p1a: Mimikyu|Mimikyu-Busted, F\n|-damage|p1a: Mimikyu|76\/100|[from] pokemon: Mimikyu-Busted\n|\n|upkeep\n|turn|9\n|\n|t:|1700979885\n|move|p1a: Mimikyu|Shadow Sneak|p2a: Zapdos\n|-damage|p2a: Zapdos|12\/100\n|-damage|p1a: Mimikyu|66\/100|[from] item: Life Orb\n|move|p2a: Zapdos|U-turn|p1a: Mimikyu\n|-resisted|p1a: Mimikyu\n|-damage|p1a: Mimikyu|48\/100\n|\n|t:|1700979895\n|switch|p2a: Hydreigon|Hydreigon, F|100\/100|[from] U-turn\n|\n|upkeep\n|turn|10\n|\n|t:|1700979911\n|-terastallize|p2a: Hydreigon|Steel\n|move|p2a: Hydreigon|Dark Pulse|p1a: Mimikyu\n|-damage|p1a: Mimikyu|0 fnt\n|faint|p1a: Mimikyu\n|\n|upkeep\n|\n|t:|1700979926\n|switch|p1a: Centiskorch|Centiskorch, M|100\/100\n|turn|11\n|c|\u2606Ivan9plus|creo q era innecesario la teraxd\n|c|\u2606Red Ragnor|Jajsjas\n|c|\u2606Red Ragnor|Poquito\n|\n|t:|1700979940\n|switch|p2a: Basculegion|Basculegion, M|100\/100\n|move|p1a: Centiskorch|Fire Lash|p2a: Basculegion\n|-resisted|p2a: Basculegion\n|-damage|p2a: Basculegion|75\/100\n|-unboost|p2a: Basculegion|def|1\n|\n|upkeep\n|turn|12\n|\n|t:|1700979969\n|switch|p1a: Lurantis|Lurantis, F|100\/100\n|-damage|p1a: Lurantis|88\/100|[from] Stealth Rock\n|move|p2a: Basculegion|Flip Turn|p1a: Lurantis\n|-resisted|p1a: Lurantis\n|-damage|p1a: Lurantis|64\/100\n|\n|t:|1700979985\n|switch|p2a: Zapdos|Zapdos-Galar, shiny|12\/100|[from] Flip Turn\n|\n|upkeep\n|turn|13\n|\n|t:|1700979997\n|move|p2a: Zapdos|U-turn|p1a: Lurantis\n|-supereffective|p1a: Lurantis\n|-damage|p1a: Lurantis|4\/100\n|\n|t:|1700980011\n|switch|p2a: Basculegion|Basculegion, M|75\/100|[from] U-turn\n|move|p1a: Lurantis|Superpower|p2a: Basculegion\n|-immune|p2a: Basculegion\n|\n|upkeep\n|turn|14\n|c|\u2606Red Ragnor|Buena\n|\n|t:|1700980023\n|move|p2a: Basculegion|Aqua Jet|p1a: Lurantis\n|-resisted|p1a: Lurantis\n|-damage|p1a: Lurantis|0 fnt\n|faint|p1a: Lurantis\n|\n|upkeep\n|c|\u2606Ivan9plus|aveces si me baso\n|\n|t:|1700980039\n|switch|p1a: Reuniclus|Reuniclus, F, shiny|100\/100\n|turn|15\n|\n|t:|1700980060\n|-terastallize|p1a: Reuniclus|Fairy\n|move|p2a: Basculegion|Shadow Ball|p1a: Reuniclus\n|-damage|p1a: Reuniclus|75\/100\n|move|p1a: Reuniclus|Acid Armor|p1a: Reuniclus\n|-boost|p1a: Reuniclus|def|2\n|\n|-heal|p1a: Reuniclus|82\/100|[from] item: Leftovers\n|upkeep\n|turn|16\n|\n|t:|1700980079\n|move|p2a: Basculegion|Flip Turn|p1a: Reuniclus\n|-damage|p1a: Reuniclus|64\/100\n|\n|t:|1700980087\n|switch|p2a: Torkoal|Torkoal, F|56\/100 tox|[from] Flip Turn\n|move|p1a: Reuniclus|Calm Mind|p1a: Reuniclus\n|-boost|p1a: Reuniclus|spa|1\n|-boost|p1a: Reuniclus|spd|1\n|\n|-heal|p1a: Reuniclus|70\/100|[from] item: Leftovers\n|-damage|p2a: Torkoal|50\/100 tox|[from] psn\n|upkeep\n|turn|17\n|\n|t:|1700980096\n|move|p1a: Reuniclus|Stored Power|p2a: Torkoal\n|-damage|p2a: Torkoal|0 fnt\n|faint|p2a: Torkoal\n|\n|-heal|p1a: Reuniclus|76\/100|[from] item: Leftovers\n|upkeep\n|\n|t:|1700980109\n|switch|p2a: Hydreigon|Hydreigon, F, tera:Steel|100\/100\n|turn|18\n|\n|t:|1700980124\n|move|p2a: Hydreigon|Flamethrower|p1a: Reuniclus\n|-damage|p1a: Reuniclus|50\/100\n|move|p1a: Reuniclus|Recover|p1a: Reuniclus\n|-heal|p1a: Reuniclus|99\/100\n|\n|-heal|p1a: Reuniclus|100\/100|[from] item: Leftovers\n|upkeep\n|turn|19\n|\n|t:|1700980132\n|switch|p2a: Ferrothorn|Ferrothorn, F|100\/100\n|move|p1a: Reuniclus|Calm Mind|p1a: Reuniclus\n|-boost|p1a: Reuniclus|spa|1\n|-boost|p1a: Reuniclus|spd|1\n|\n|upkeep\n|turn|20\n|\n|t:|1700980139\n|move|p1a: Reuniclus|Acid Armor|p1a: Reuniclus\n|-boost|p1a: Reuniclus|def|2\n|move|p2a: Ferrothorn|Leech Seed|p1a: Reuniclus\n|-start|p1a: Reuniclus|move: Leech Seed\n|\n|upkeep\n|turn|21\n|\n|t:|1700980144\n|move|p1a: Reuniclus|Acid Armor|p1a: Reuniclus\n|-boost|p1a: Reuniclus|def|2\n|move|p2a: Ferrothorn|Curse|p2a: Ferrothorn\n|-unboost|p2a: Ferrothorn|spe|1\n|-boost|p2a: Ferrothorn|atk|1\n|-boost|p2a: Ferrothorn|def|1\n|\n|upkeep\n|turn|22\n|\n|t:|1700980156\n|move|p1a: Reuniclus|Calm Mind|p1a: Reuniclus\n|-boost|p1a: Reuniclus|spa|1\n|-boost|p1a: Reuniclus|spd|1\n|move|p2a: Ferrothorn|Curse|p2a: Ferrothorn\n|-unboost|p2a: Ferrothorn|spe|1\n|-boost|p2a: Ferrothorn|atk|1\n|-boost|p2a: Ferrothorn|def|1\n|\n|upkeep\n|turn|23\n|\n|t:|1700980167\n|move|p1a: Reuniclus|Calm Mind|p1a: Reuniclus\n|-boost|p1a: Reuniclus|spa|1\n|-boost|p1a: Reuniclus|spd|1\n|move|p2a: Ferrothorn|Curse|p2a: Ferrothorn\n|-unboost|p2a: Ferrothorn|spe|1\n|-boost|p2a: Ferrothorn|atk|1\n|-boost|p2a: Ferrothorn|def|1\n|\n|upkeep\n|turn|24\n|\n|t:|1700980176\n|move|p1a: Reuniclus|Calm Mind|p1a: Reuniclus\n|-boost|p1a: Reuniclus|spa|1\n|-boost|p1a: Reuniclus|spd|1\n|move|p2a: Ferrothorn|Gyro Ball|p1a: Reuniclus\n|-supereffective|p1a: Reuniclus\n|-damage|p1a: Reuniclus|53\/100\n|\n|-heal|p1a: Reuniclus|59\/100|[from] item: Leftovers\n|upkeep\n|turn|25\n|\n|t:|1700980197\n|move|p1a: Reuniclus|Stored Power|p2a: Ferrothorn\n|-resisted|p2a: Ferrothorn\n|-damage|p2a: Ferrothorn|0 fnt\n|faint|p2a: Ferrothorn\n|\n|-heal|p1a: Reuniclus|66\/100|[from] item: Leftovers\n|upkeep\n|\n|t:|1700980207\n|switch|p2a: Gliscor|Gliscor, F|100\/100\n|turn|26\n|\n|t:|1700980216\n|move|p2a: Gliscor|Toxic|p1a: Reuniclus\n|-status|p1a: Reuniclus|tox\n|move|p1a: Reuniclus|Stored Power|p2a: Gliscor\n|-damage|p2a: Gliscor|0 fnt\n|faint|p2a: Gliscor\n|\n|-heal|p1a: Reuniclus|72\/100 tox|[from] item: Leftovers\n|upkeep\n|\n|t:|1700980229\n|switch|p2a: Hydreigon|Hydreigon, F, tera:Steel|100\/100\n|turn|27\n|\n|t:|1700980238\n|move|p2a: Hydreigon|U-turn|p1a: Reuniclus\n|-resisted|p1a: Reuniclus\n|-damage|p1a: Reuniclus|70\/100 tox\n|\n|t:|1700980246\n|switch|p2a: Zapdos|Zapdos-Galar, shiny|12\/100|[from] U-turn\n|move|p1a: Reuniclus|Stored Power|p2a: Zapdos\n|-supereffective|p2a: Zapdos\n|-damage|p2a: Zapdos|0 fnt\n|faint|p2a: Zapdos\n|\n|-heal|p1a: Reuniclus|76\/100 tox|[from] item: Leftovers\n|upkeep\n|\n|t:|1700980254\n|switch|p2a: Hydreigon|Hydreigon, F, tera:Steel|100\/100\n|turn|28\n|\n|t:|1700980259\n|move|p2a: Hydreigon|Flamethrower|p1a: Reuniclus\n|-damage|p1a: Reuniclus|65\/100 tox\n|move|p1a: Reuniclus|Stored Power|p2a: Hydreigon\n|-resisted|p2a: Hydreigon\n|-crit|p2a: Hydreigon\n|-damage|p2a: Hydreigon|0 fnt\n|faint|p2a: Hydreigon\n|\n|-heal|p1a: Reuniclus|71\/100 tox|[from] item: Leftovers\n|upkeep\n|\n|t:|1700980267\n|switch|p2a: Basculegion|Basculegion, M|75\/100\n|turn|29\n|\n|t:|1700980275\n|move|p2a: Basculegion|Shadow Ball|p1a: Reuniclus\n|-damage|p1a: Reuniclus|63\/100 tox\n|move|p1a: Reuniclus|Stored Power|p2a: Basculegion\n|-damage|p2a: Basculegion|0 fnt\n|faint|p2a: Basculegion\n|\n|win|Red Ragnor\n|c|\u2606Ivan9plus|pipipi\n|c|\u2606Red Ragnor|gg\n","uploadtime":1700980336,"views":10,"p1id":"redragnor","p2id":"ivan9plus","formatid":"gen9nationaldex","rating":0,"private":0,"password":""}