{"id":"gen9nationaldex-1994778149","p1":"hcgfgch","p2":"Lahteltheone","format":"[Gen 9] National Dex","log":"|html|<div class=\"broadcast-blue\"><strong>[Gen 9] National Dex is currently suspecting Sneasler! For information on how to participate check out the <a href=\"https:\/\/www.smogon.com\/forums\/threads\/sv-national-dex-suspect-8-just-dance.3731534\/\">suspect thread<\/a>.<\/strong><\/div>\n|j|\u2606hcgfgch\n|j|\u2606Lahteltheone\n|t:|1700491837\n|gametype|singles\n|player|p1|hcgfgch|lady|1088\n|player|p2|Lahteltheone|170|1102\n|teamsize|p1|6\n|teamsize|p2|6\n|gen|9\n|tier|[Gen 9] National Dex\n|rated|\n|rule|HP Percentage Mod: HP is shown in percentages\n|rule|Endless Battle Clause: Forcing endless battles is banned\n|rule|OHKO Clause: OHKO moves are banned\n|rule|Evasion Clause: Evasion abilities, items, and moves are banned\n|rule|Evasion Abilities Clause: Evasion abilities are banned\n|rule|Evasion Items Clause: Evasion items are banned\n|rule|Evasion Moves Clause: Evasion moves are banned\n|rule|Species Clause: Limit one of each Pok\u00e9mon\n|rule|Sleep Clause Mod: Limit one foe put to sleep\n|clearpoke\n|poke|p1|Jolteon, M|\n|poke|p1|Haxorus, F|\n|poke|p1|Gyarados, M|\n|poke|p1|Volcarona, F|\n|poke|p1|Whimsicott, L1, M|\n|poke|p1|Hippowdon, F|\n|poke|p2|Spiritomb, M|\n|poke|p2|Skeledirge, F|\n|poke|p2|Eldegoss, M|\n|poke|p2|Glimmora, M|\n|poke|p2|Gastrodon-East, M|\n|poke|p2|Cradily, F|\n|teampreview\n|inactive|Battle timer is ON: inactive players will automatically lose when time's up. (requested by Lahteltheone)\n|\n|t:|1700491846\n|start\n|switch|p1a: Hippowdon|Hippowdon, F|100\/100\n|switch|p2a: Spiritomb|Spiritomb, M, shiny|100\/100\n|-ability|p2a: Spiritomb|Pressure\n|turn|1\n|\n|t:|1700491855\n|move|p1a: Hippowdon|Stealth Rock|p2a: Spiritomb\n|-sidestart|p2: Lahteltheone|move: Stealth Rock\n|move|p2a: Spiritomb|Will-O-Wisp|p1a: Hippowdon\n|-status|p1a: Hippowdon|brn\n|\n|-damage|p1a: Hippowdon|94\/100 brn|[from] brn\n|upkeep\n|turn|2\n|\n|t:|1700491861\n|move|p2a: Spiritomb|Phantom Force||[still]\n|-prepare|p2a: Spiritomb|Phantom Force\n|move|p1a: Hippowdon|Whirlwind|p2a: Spiritomb|[miss]\n|-miss|p1a: Hippowdon|p2a: Spiritomb\n|\n|-heal|p1a: Hippowdon|100\/100 brn|[from] item: Leftovers\n|-damage|p1a: Hippowdon|94\/100 brn|[from] brn\n|upkeep\n|turn|3\n|\n|t:|1700491869\n|move|p1a: Hippowdon|Slack Off|p1a: Hippowdon\n|-heal|p1a: Hippowdon|100\/100 brn\n|move|p2a: Spiritomb|Phantom Force|p1a: Hippowdon|[from]lockedmove\n|-damage|p1a: Hippowdon|85\/100 brn\n|\n|-heal|p1a: Hippowdon|91\/100 brn|[from] item: Leftovers\n|-damage|p1a: Hippowdon|85\/100 brn|[from] brn\n|upkeep\n|turn|4\n|\n|t:|1700491877\n|move|p1a: Hippowdon|Earthquake|p2a: Spiritomb\n|-damage|p2a: Spiritomb|79\/100\n|move|p2a: Spiritomb|Phantom Force||[still]\n|-prepare|p2a: Spiritomb|Phantom Force\n|\n|-heal|p1a: Hippowdon|91\/100 brn|[from] item: Leftovers\n|-heal|p2a: Spiritomb|86\/100|[from] item: Leftovers\n|-damage|p1a: Hippowdon|85\/100 brn|[from] brn\n|upkeep\n|turn|5\n|\n|t:|1700491885\n|move|p2a: Spiritomb|Phantom Force|p1a: Hippowdon|[from]lockedmove\n|-damage|p1a: Hippowdon|70\/100 brn\n|move|p1a: Hippowdon|Whirlwind|p2a: Spiritomb\n|drag|p2a: Eldegoss|Eldegoss, M, shiny|100\/100\n|\n|-heal|p1a: Hippowdon|76\/100 brn|[from] item: Leftovers\n|-damage|p1a: Hippowdon|70\/100 brn|[from] brn\n|upkeep\n|turn|6\n|\n|t:|1700491897\n|switch|p1a: Volcarona|Volcarona, F|100\/100\n|move|p2a: Eldegoss|Rapid Spin|p1a: Volcarona\n|-damage|p1a: Volcarona|91\/100\n|-boost|p2a: Eldegoss|spe|1\n|-status|p2a: Eldegoss|brn|[from] ability: Flame Body|[of] p1a: Volcarona\n|-sideend|p2: Lahteltheone|Stealth Rock|[from] move: Rapid Spin|[of] p2a: Eldegoss\n|\n|-damage|p2a: Eldegoss|94\/100 brn|[from] brn\n|upkeep\n|turn|7\n|\n|t:|1700491903\n|switch|p2a: Skeledirge|Skeledirge, F|100\/100\n|move|p1a: Volcarona|Quiver Dance|p1a: Volcarona\n|-boost|p1a: Volcarona|spa|1\n|-boost|p1a: Volcarona|spd|1\n|-boost|p1a: Volcarona|spe|1\n|\n|upkeep\n|turn|8\n|\n|t:|1700491914\n|switch|p1a: Gyarados|Gyarados, M|100\/100\n|-ability|p1a: Gyarados|Intimidate|boost\n|-unboost|p2a: Skeledirge|atk|1\n|move|p2a: Skeledirge|Sing|p1a: Gyarados|[miss]\n|-miss|p2a: Skeledirge|p1a: Gyarados\n|\n|upkeep\n|turn|9\n|\n|t:|1700491921\n|detailschange|p1a: Gyarados|Gyarados-Mega, M\n|-mega|p1a: Gyarados|Gyarados|Gyaradosite\n|-ability|p1a: Gyarados|Mold Breaker\n|move|p1a: Gyarados|Aqua Tail|p2a: Skeledirge\n|-supereffective|p2a: Skeledirge\n|-damage|p2a: Skeledirge|4\/100\n|move|p2a: Skeledirge|Sing|p1a: Gyarados|[miss]\n|-miss|p2a: Skeledirge|p1a: Gyarados\n|\n|-heal|p2a: Skeledirge|10\/100|[from] item: Leftovers\n|upkeep\n|turn|10\n|\n|t:|1700491931\n|switch|p2a: Gastrodon|Gastrodon-East, M, shiny|100\/100\n|move|p1a: Gyarados|Aqua Tail|p2a: Gastrodon\n|-damage|p2a: Gastrodon|54\/100\n|\n|-heal|p2a: Gastrodon|60\/100|[from] item: Leftovers\n|upkeep\n|turn|11\n|\n|t:|1700491939\n|switch|p1a: Volcarona|Volcarona, F|91\/100\n|move|p2a: Gastrodon|Yawn|p1a: Volcarona\n|-start|p1a: Volcarona|move: Yawn|[of] p2a: Gastrodon\n|\n|-heal|p2a: Gastrodon|66\/100|[from] item: Leftovers\n|upkeep\n|turn|12\n|\n|t:|1700491946\n|switch|p1a: Gyarados|Gyarados-Mega, M|100\/100\n|-ability|p1a: Gyarados|Mold Breaker\n|move|p2a: Gastrodon|Recover|p2a: Gastrodon\n|-heal|p2a: Gastrodon|100\/100\n|\n|upkeep\n|turn|13\n|\n|t:|1700491950\n|move|p1a: Gyarados|Dragon Dance|p1a: Gyarados\n|-boost|p1a: Gyarados|atk|1\n|-boost|p1a: Gyarados|spe|1\n|move|p2a: Gastrodon|Toxic|p1a: Gyarados\n|-status|p1a: Gyarados|tox\n|\n|-damage|p1a: Gyarados|94\/100 tox|[from] psn\n|upkeep\n|turn|14\n|\n|t:|1700491958\n|move|p1a: Gyarados|Earthquake|p2a: Gastrodon\n|-damage|p2a: Gastrodon|41\/100\n|move|p2a: Gastrodon|Scald|p1a: Gyarados\n|-resisted|p1a: Gyarados\n|-damage|p1a: Gyarados|84\/100 tox\n|\n|-heal|p2a: Gastrodon|47\/100|[from] item: Leftovers\n|-damage|p1a: Gyarados|71\/100 tox|[from] psn\n|upkeep\n|turn|15\n|\n|t:|1700491964\n|switch|p2a: Eldegoss|Eldegoss, M, shiny|100\/100 brn\n|move|p1a: Gyarados|Earthquake|p2a: Eldegoss\n|-resisted|p2a: Eldegoss\n|-damage|p2a: Eldegoss|75\/100 brn\n|\n|-damage|p1a: Gyarados|53\/100 tox|[from] psn\n|-damage|p2a: Eldegoss|69\/100 brn|[from] brn\n|upkeep\n|turn|16\n|\n|t:|1700491969\n|move|p1a: Gyarados|Crunch|p2a: Eldegoss\n|-damage|p2a: Eldegoss|5\/100 brn\n|move|p2a: Eldegoss|Leaf Tornado|p1a: Gyarados\n|-supereffective|p1a: Gyarados\n|-crit|p1a: Gyarados\n|-damage|p1a: Gyarados|6\/100 tox\n|\n|-damage|p1a: Gyarados|0 fnt|[from] psn\n|faint|p1a: Gyarados\n|-damage|p2a: Eldegoss|0 fnt|[from] brn\n|faint|p2a: Eldegoss\n|upkeep\n|\n|t:|1700491986\n|switch|p1a: Haxorus|Haxorus, F, shiny|100\/100\n|switch|p2a: Spiritomb|Spiritomb, M, shiny|86\/100\n|-ability|p1a: Haxorus|Mold Breaker\n|-ability|p2a: Spiritomb|Pressure\n|turn|17\n|\n|t:|1700491998\n|switch|p1a: Hippowdon|Hippowdon, F|70\/100 brn\n|move|p2a: Spiritomb|Will-O-Wisp|p1a: Hippowdon\n|-fail|p1a: Hippowdon|brn\n|\n|-heal|p1a: Hippowdon|76\/100 brn|[from] item: Leftovers\n|-heal|p2a: Spiritomb|92\/100|[from] item: Leftovers\n|-damage|p1a: Hippowdon|70\/100 brn|[from] brn\n|upkeep\n|turn|18\n|\n|t:|1700492003\n|switch|p2a: Gastrodon|Gastrodon-East, M, shiny|47\/100\n|move|p1a: Hippowdon|Stealth Rock|p2a: Gastrodon\n|-sidestart|p2: Lahteltheone|move: Stealth Rock\n|\n|-heal|p1a: Hippowdon|76\/100 brn|[from] item: Leftovers\n|-heal|p2a: Gastrodon|53\/100|[from] item: Leftovers\n|-damage|p1a: Hippowdon|70\/100 brn|[from] brn\n|upkeep\n|turn|19\n|inactive|hcgfgch has 120 seconds left.\n|\n|t:|1700492038\n|switch|p1a: Jolteon|Jolteon, M|100\/100\n|move|p2a: Gastrodon|Recover|p2a: Gastrodon\n|-heal|p2a: Gastrodon|100\/100\n|\n|upkeep\n|turn|20\n|\n|t:|1700492043\n|-terastallize|p1a: Jolteon|Flying\n|move|p1a: Jolteon|Tera Blast|p2a: Gastrodon|[anim] Tera Blast Flying\n|-damage|p2a: Gastrodon|52\/100\n|move|p2a: Gastrodon|Toxic|p1a: Jolteon\n|-status|p1a: Jolteon|tox\n|\n|-heal|p2a: Gastrodon|58\/100|[from] item: Leftovers\n|-damage|p1a: Jolteon|95\/100 tox|[from] psn\n|upkeep\n|turn|21\n|\n|t:|1700492050\n|move|p1a: Jolteon|Tera Blast|p2a: Gastrodon|[anim] Tera Blast Flying\n|-damage|p2a: Gastrodon|12\/100\n|move|p2a: Gastrodon|Recover|p2a: Gastrodon\n|-heal|p2a: Gastrodon|62\/100\n|\n|-heal|p2a: Gastrodon|68\/100|[from] item: Leftovers\n|-damage|p1a: Jolteon|83\/100 tox|[from] psn\n|upkeep\n|turn|22\n|\n|t:|1700492056\n|switch|p1a: Whimsicott|Whimsicott, L1, M|100\/100\n|switch|p2a: Glimmora|Glimmora, M|100\/100\n|-damage|p2a: Glimmora|88\/100|[from] Stealth Rock\n|\n|-heal|p2a: Glimmora|94\/100|[from] item: Black Sludge\n|upkeep\n|turn|23\n|\n|t:|1700492061\n|move|p1a: Whimsicott|Leech Seed|p2a: Glimmora\n|-start|p2a: Glimmora|move: Leech Seed\n|move|p2a: Glimmora|Mortal Spin|p1a: Whimsicott\n|-supereffective|p1a: Whimsicott\n|-enditem|p1a: Whimsicott|Focus Sash\n|-damage|p1a: Whimsicott|8\/100\n|-status|p1a: Whimsicott|psn\n|-end|p2a: Glimmora|Leech Seed|[from] move: Mortal Spin|[of] p2a: Glimmora\n|-sideend|p2: Lahteltheone|Stealth Rock|[from] move: Mortal Spin|[of] p2a: Glimmora\n|\n|-heal|p2a: Glimmora|100\/100|[from] item: Black Sludge\n|-damage|p1a: Whimsicott|0 fnt|[from] psn\n|faint|p1a: Whimsicott\n|upkeep\n|\n|t:|1700492070\n|switch|p1a: Haxorus|Haxorus, F, shiny|100\/100\n|-ability|p1a: Haxorus|Mold Breaker\n|turn|24\n|\n|t:|1700492076\n|move|p1a: Haxorus|Dragon Dance|p1a: Haxorus\n|-boost|p1a: Haxorus|atk|1\n|-boost|p1a: Haxorus|spe|1\n|move|p2a: Glimmora|Power Gem|p1a: Haxorus\n|-damage|p1a: Haxorus|38\/100\n|\n|upkeep\n|turn|25\n|\n|t:|1700492082\n|move|p2a: Glimmora|Spiky Shield|p2a: Glimmora\n|-singleturn|p2a: Glimmora|move: Protect\n|move|p1a: Haxorus|Earthquake|p2a: Glimmora\n|-activate|p2a: Glimmora|move: Protect\n|\n|upkeep\n|turn|26\n|\n|t:|1700492093\n|move|p1a: Haxorus|Earthquake|p2a: Glimmora\n|-supereffective|p2a: Glimmora\n|-crit|p2a: Glimmora\n|-damage|p2a: Glimmora|0 fnt\n|-activate|p2a: Glimmora|ability: Toxic Debris\n|-sidestart|p1: hcgfgch|move: Toxic Spikes\n|faint|p2a: Glimmora\n|\n|upkeep\n|\n|t:|1700492097\n|switch|p2a: Cradily|Cradily, F, shiny|100\/100\n|turn|27\n|\n|t:|1700492108\n|move|p1a: Haxorus|Poison Jab|p2a: Cradily\n|-damage|p2a: Cradily|58\/100\n|-status|p2a: Cradily|psn\n|move|p2a: Cradily|Leech Seed|p1a: Haxorus\n|-start|p1a: Haxorus|move: Leech Seed\n|\n|-heal|p2a: Cradily|64\/100 psn|[from] item: Leftovers\n|-damage|p1a: Haxorus|25\/100|[from] Leech Seed|[of] p2a: Cradily\n|-heal|p2a: Cradily|75\/100 psn|[silent]\n|-damage|p2a: Cradily|63\/100 psn|[from] psn\n|upkeep\n|turn|28\n|\n|t:|1700492116\n|move|p2a: Cradily|Protect|p2a: Cradily\n|-singleturn|p2a: Cradily|Protect\n|move|p1a: Haxorus|Outrage|p2a: Cradily\n|-activate|p2a: Cradily|move: Protect\n|\n|-heal|p2a: Cradily|69\/100 psn|[from] item: Leftovers\n|-damage|p1a: Haxorus|13\/100|[from] Leech Seed|[of] p2a: Cradily\n|-heal|p2a: Cradily|80\/100 psn|[silent]\n|-damage|p2a: Cradily|68\/100 psn|[from] psn\n|upkeep\n|turn|29\n|\n|t:|1700492125\n|switch|p2a: Skeledirge|Skeledirge, F|10\/100\n|move|p1a: Haxorus|Outrage|p2a: Skeledirge\n|-damage|p2a: Skeledirge|0 fnt\n|faint|p2a: Skeledirge\n|\n|upkeep\n|\n|t:|1700492127\n|switch|p2a: Cradily|Cradily, F, shiny|68\/100 psn\n|turn|30\n|\n|t:|1700492129\n|move|p2a: Cradily|Protect|p2a: Cradily\n|-singleturn|p2a: Cradily|Protect\n|move|p1a: Haxorus|Outrage|p2a: Cradily|[from]lockedmove\n|-activate|p2a: Cradily|move: Protect\n|\n|-heal|p2a: Cradily|74\/100 psn|[from] item: Leftovers\n|-damage|p1a: Haxorus|1\/100|[from] Leech Seed|[of] p2a: Cradily\n|-heal|p2a: Cradily|85\/100 psn|[silent]\n|-damage|p2a: Cradily|73\/100 psn|[from] psn\n|upkeep\n|turn|31\n|\n|t:|1700492138\n|move|p2a: Cradily|Protect||[still]\n|-fail|p2a: Cradily\n|move|p1a: Haxorus|Outrage|p2a: Cradily\n|-damage|p2a: Cradily|0 fnt\n|faint|p2a: Cradily\n|\n|upkeep\n|-message|Lahteltheone forfeited.\n|\n|win|hcgfgch\n|raw|hcgfgch's rating: 1088 &rarr; <strong>1116<\/strong><br \/>(+28 for winning)\n|raw|Lahteltheone's rating: 1102 &rarr; <strong>1076<\/strong><br \/>(-26 for losing)\n|l|\u2606Lahteltheone\n","uploadtime":1700492156,"views":7,"p1id":"hcgfgch","p2id":"lahteltheone","formatid":"gen9nationaldex","rating":1076,"private":0,"password":""}