{"id":"gen9nationaldex-1986975726","p1":"Sivilea","p2":"lake bake","format":"[Gen 9] National Dex","log":"|j|\u2606Sivilea\n|j|\u2606lake bake\n|t:|1699545918\n|gametype|singles\n|player|p1|Sivilea|rosa-masters|1099\n|player|p2|lake bake|dawn|1000\n|teamsize|p1|6\n|teamsize|p2|6\n|gen|9\n|tier|[Gen 9] National Dex\n|rated|\n|rule|HP Percentage Mod: HP is shown in percentages\n|rule|Endless Battle Clause: Forcing endless battles is banned\n|rule|OHKO Clause: OHKO moves are banned\n|rule|Evasion Clause: Evasion abilities, items, and moves are banned\n|rule|Evasion Abilities Clause: Evasion abilities are banned\n|rule|Evasion Items Clause: Evasion items are banned\n|rule|Evasion Moves Clause: Evasion moves are banned\n|rule|Species Clause: Limit one of each Pok\u00e9mon\n|rule|Sleep Clause Mod: Limit one foe put to sleep\n|clearpoke\n|poke|p1|Parasect, M|\n|poke|p1|Volcarona, F|\n|poke|p1|Araquanid, M|\n|poke|p1|Galvantula, F|\n|poke|p1|Scizor, M|\n|poke|p1|Orbeetle, F|\n|poke|p2|Dustox, M|\n|poke|p2|Sandslash, F|\n|poke|p2|Electrode|\n|poke|p2|Ferrothorn, F|\n|poke|p2|Espeon, F|\n|poke|p2|Noctowl, F|\n|teampreview\n|inactive|Battle timer is ON: inactive players will automatically lose when time's up. (requested by lake bake)\n|\n|t:|1699545931\n|start\n|switch|p1a: Orbeetle|Orbeetle, F|100\/100\n|switch|p2a: Electrode|Electrode|100\/100\n|turn|1\n|\n|t:|1699545946\n|move|p2a: Electrode|Taunt|p1a: Orbeetle\n|-start|p1a: Orbeetle|move: Taunt\n|cant|p1a: Orbeetle|move: Taunt|Calm Mind\n|\n|upkeep\n|turn|2\n|\n|t:|1699545957\n|switch|p1a: Galvantula|Galvantula, F|100\/100\n|move|p2a: Electrode|Light Screen|p2a: Electrode\n|-sidestart|p2: lake bake|move: Light Screen\n|\n|upkeep\n|turn|3\n|\n|t:|1699545961\n|move|p2a: Electrode|Taunt|p1a: Galvantula\n|-start|p1a: Galvantula|move: Taunt\n|move|p1a: Galvantula|Volt Switch|p2a: Electrode\n|-resisted|p2a: Electrode\n|-damage|p2a: Electrode|91\/100\n|\n|t:|1699545971\n|switch|p1a: Volcarona|Volcarona, F|100\/100|[from] Volt Switch\n|\n|upkeep\n|turn|4\n|\n|t:|1699545974\n|move|p2a: Electrode|Reflect|p2a: Electrode\n|-sidestart|p2: lake bake|Reflect\n|move|p1a: Volcarona|Fiery Dance|p2a: Electrode\n|-damage|p2a: Electrode|67\/100\n|\n|upkeep\n|turn|5\n|\n|t:|1699545980\n|move|p2a: Electrode|Volt Switch|p1a: Volcarona\n|-damage|p1a: Volcarona|83\/100\n|\n|t:|1699545982\n|switch|p2a: Sandslash|Sandslash, F|100\/100|[from] Volt Switch\n|move|p1a: Volcarona|Fiery Dance|p2a: Sandslash\n|-damage|p2a: Sandslash|71\/100\n|\n|upkeep\n|turn|6\n|\n|t:|1699545993\n|switch|p1a: Orbeetle|Orbeetle, F|100\/100\n|-zpower|p2a: Sandslash\n|move|p2a: Sandslash|Continental Crush|p1a: Orbeetle|[zeffect]\n|-supereffective|p1a: Orbeetle\n|-damage|p1a: Orbeetle|0 fnt\n|faint|p1a: Orbeetle\n|\n|upkeep\n|\n|t:|1699545996\n|switch|p1a: Scizor|Scizor, M|100\/100\n|turn|7\n|\n|t:|1699545998\n|detailschange|p1a: Scizor|Scizor-Mega, M\n|-mega|p1a: Scizor|Scizor|Scizorite\n|move|p1a: Scizor|Defog|p2a: Sandslash\n|-unboost|p2a: Sandslash|evasion|1\n|-sideend|p2: lake bake|Reflect\n|-sideend|p2: lake bake|move: Light Screen\n|move|p2a: Sandslash|Earthquake|p1a: Scizor\n|-damage|p1a: Scizor|71\/100\n|\n|upkeep\n|turn|8\n|\n|t:|1699546007\n|switch|p2a: Ferrothorn|Ferrothorn, F|100\/100\n|move|p1a: Scizor|U-turn|p2a: Ferrothorn\n|-damage|p2a: Ferrothorn|79\/100\n|-damage|p1a: Scizor|59\/100|[from] ability: Iron Barbs|[of] p2a: Ferrothorn\n|-damage|p1a: Scizor|42\/100|[from] item: Rocky Helmet|[of] p2a: Ferrothorn\n|\n|t:|1699546009\n|switch|p1a: Volcarona|Volcarona, F|83\/100|[from] U-turn\n|\n|upkeep\n|turn|9\n|\n|t:|1699546016\n|move|p1a: Volcarona|Quiver Dance|p1a: Volcarona\n|-boost|p1a: Volcarona|spa|1\n|-boost|p1a: Volcarona|spd|1\n|-boost|p1a: Volcarona|spe|1\n|move|p2a: Ferrothorn|Leech Seed|p1a: Volcarona\n|-start|p1a: Volcarona|move: Leech Seed\n|\n|-damage|p1a: Volcarona|71\/100|[from] Leech Seed|[of] p2a: Ferrothorn\n|-heal|p2a: Ferrothorn|92\/100|[silent]\n|upkeep\n|turn|10\n|\n|t:|1699546022\n|switch|p2a: Noctowl|Noctowl, F|100\/100\n|move|p1a: Volcarona|Fiery Dance|p2a: Noctowl\n|-damage|p2a: Noctowl|65\/100\n|\n|-heal|p2a: Noctowl|71\/100|[from] item: Leftovers\n|-damage|p1a: Volcarona|58\/100|[from] Leech Seed|[of] p2a: Noctowl\n|-heal|p2a: Noctowl|82\/100|[silent]\n|upkeep\n|turn|11\n|\n|t:|1699546024\n|move|p1a: Volcarona|Roost|p1a: Volcarona\n|-heal|p1a: Volcarona|100\/100\n|-singleturn|p1a: Volcarona|move: Roost\n|move|p2a: Noctowl|Calm Mind|p2a: Noctowl\n|-boost|p2a: Noctowl|spa|1\n|-boost|p2a: Noctowl|spd|1\n|\n|-heal|p2a: Noctowl|88\/100|[from] item: Leftovers\n|-damage|p1a: Volcarona|88\/100|[from] Leech Seed|[of] p2a: Noctowl\n|-heal|p2a: Noctowl|99\/100|[silent]\n|upkeep\n|turn|12\n|\n|t:|1699546031\n|switch|p1a: Galvantula|Galvantula, F|100\/100\n|move|p2a: Noctowl|Calm Mind|p2a: Noctowl\n|-boost|p2a: Noctowl|spa|1\n|-boost|p2a: Noctowl|spd|1\n|\n|-heal|p2a: Noctowl|100\/100|[from] item: Leftovers\n|upkeep\n|turn|13\n|\n|t:|1699546033\n|-terastallize|p2a: Noctowl|Normal\n|move|p1a: Galvantula|Thunder|p2a: Noctowl\n|-damage|p2a: Noctowl|86\/100\n|move|p2a: Noctowl|Substitute|p2a: Noctowl\n|-start|p2a: Noctowl|Substitute\n|-damage|p2a: Noctowl|61\/100\n|\n|-heal|p2a: Noctowl|67\/100|[from] item: Leftovers\n|upkeep\n|turn|14\n|\n|t:|1699546038\n|move|p1a: Galvantula|Volt Switch|p2a: Noctowl\n|-activate|p2a: Noctowl|move: Substitute|[damage]\n|\n|t:|1699546041\n|switch|p1a: Scizor|Scizor-Mega, M|42\/100|[from] Volt Switch\n|move|p2a: Noctowl|Calm Mind|p2a: Noctowl\n|-boost|p2a: Noctowl|spa|1\n|-boost|p2a: Noctowl|spd|1\n|\n|-heal|p2a: Noctowl|73\/100|[from] item: Leftovers\n|upkeep\n|turn|15\n|\n|t:|1699546044\n|move|p1a: Scizor|Roost|p1a: Scizor\n|-heal|p1a: Scizor|92\/100\n|-singleturn|p1a: Scizor|move: Roost\n|move|p2a: Noctowl|Hyper Voice|p1a: Scizor\n|-resisted|p1a: Scizor\n|-damage|p1a: Scizor|17\/100\n|\n|-heal|p2a: Noctowl|79\/100|[from] item: Leftovers\n|upkeep\n|turn|16\n|\n|t:|1699546045\n|move|p1a: Scizor|Bullet Punch|p2a: Noctowl\n|-end|p2a: Noctowl|Substitute\n|move|p2a: Noctowl|Hyper Voice|p1a: Scizor\n|-resisted|p1a: Scizor\n|-damage|p1a: Scizor|0 fnt\n|faint|p1a: Scizor\n|\n|-heal|p2a: Noctowl|85\/100|[from] item: Leftovers\n|upkeep\n|\n|t:|1699546048\n|switch|p1a: Araquanid|Araquanid, M|100\/100\n|turn|17\n|\n|t:|1699546060\n|switch|p2a: Ferrothorn|Ferrothorn, F|92\/100\n|move|p1a: Araquanid|Liquidation|p2a: Ferrothorn\n|-resisted|p2a: Ferrothorn\n|-crit|p2a: Ferrothorn\n|-damage|p2a: Ferrothorn|62\/100\n|-damage|p1a: Araquanid|88\/100|[from] ability: Iron Barbs|[of] p2a: Ferrothorn\n|-damage|p1a: Araquanid|72\/100|[from] item: Rocky Helmet|[of] p2a: Ferrothorn\n|\n|upkeep\n|turn|18\n|\n|t:|1699546067\n|switch|p1a: Parasect|Parasect, M|100\/100\n|move|p2a: Ferrothorn|Stealth Rock|p1a: Parasect\n|-sidestart|p1: Sivilea|move: Stealth Rock\n|\n|upkeep\n|turn|19\n|\n|t:|1699546071\n|move|p1a: Parasect|Knock Off|p2a: Ferrothorn\n|-damage|p2a: Ferrothorn|49\/100\n|-damage|p1a: Parasect|88\/100|[from] ability: Iron Barbs|[of] p2a: Ferrothorn\n|-damage|p1a: Parasect|72\/100|[from] item: Rocky Helmet|[of] p2a: Ferrothorn\n|-enditem|p2a: Ferrothorn|Rocky Helmet|[from] move: Knock Off|[of] p1a: Parasect\n|move|p2a: Ferrothorn|Spikes|p1a: Parasect\n|-sidestart|p1: Sivilea|Spikes\n|\n|-heal|p1a: Parasect|78\/100|[from] item: Leftovers\n|upkeep\n|turn|20\n|\n|t:|1699546085\n|move|p1a: Parasect|Spore|p2a: Ferrothorn\n|-immune|p2a: Ferrothorn\n|move|p2a: Ferrothorn|Leech Seed|p1a: Parasect\n|-immune|p1a: Parasect\n|\n|-heal|p1a: Parasect|84\/100|[from] item: Leftovers\n|upkeep\n|turn|21\n|\n|t:|1699546089\n|move|p1a: Parasect|Spore|p2a: Ferrothorn\n|-immune|p2a: Ferrothorn\n|move|p2a: Ferrothorn|Leech Seed|p1a: Parasect\n|-immune|p1a: Parasect\n|\n|-heal|p1a: Parasect|90\/100|[from] item: Leftovers\n|upkeep\n|turn|22\n|\n|t:|1699546091\n|move|p1a: Parasect|Spore|p2a: Ferrothorn\n|-immune|p2a: Ferrothorn\n|move|p2a: Ferrothorn|Spikes|p1a: Parasect\n|-sidestart|p1: Sivilea|Spikes\n|\n|-heal|p1a: Parasect|96\/100|[from] item: Leftovers\n|upkeep\n|turn|23\n|\n|t:|1699546093\n|move|p1a: Parasect|Spore|p2a: Ferrothorn\n|-immune|p2a: Ferrothorn\n|move|p2a: Ferrothorn|Spikes|p1a: Parasect\n|-sidestart|p1: Sivilea|Spikes\n|\n|-heal|p1a: Parasect|100\/100|[from] item: Leftovers\n|upkeep\n|turn|24\n|\n|t:|1699546096\n|switch|p2a: Espeon|Espeon, F|100\/100\n|move|p1a: Parasect|Spore|p2a: Espeon\n|move|p2a: Espeon|Spore|p1a: Parasect|[from]ability: Magic Bounce\n|-immune|p1a: Parasect\n|\n|upkeep\n|turn|25\n|\n|t:|1699546101\n|move|p2a: Espeon|Hidden Power|p1a: Parasect\n|-supereffective|p1a: Parasect\n|-damage|p1a: Parasect|0 fnt\n|faint|p1a: Parasect\n|\n|upkeep\n|\n|t:|1699546112\n|switch|p1a: Araquanid|Araquanid, M|72\/100\n|-damage|p1a: Araquanid|47\/100|[from] Stealth Rock\n|-damage|p1a: Araquanid|22\/100|[from] Spikes\n|turn|26\n|\n|t:|1699546117\n|move|p2a: Espeon|Dazzling Gleam|p1a: Araquanid\n|-damage|p1a: Araquanid|0 fnt\n|faint|p1a: Araquanid\n|\n|upkeep\n|\n|t:|1699546121\n|switch|p1a: Galvantula|Galvantula, F|100\/100\n|-damage|p1a: Galvantula|76\/100|[from] Stealth Rock\n|-damage|p1a: Galvantula|51\/100|[from] Spikes\n|turn|27\n|\n|t:|1699546124\n|move|p2a: Espeon|Psychic|p1a: Galvantula\n|-damage|p1a: Galvantula|0 fnt\n|faint|p1a: Galvantula\n|\n|upkeep\n|\n|t:|1699546125\n|switch|p1a: Volcarona|Volcarona, F|88\/100\n|turn|28\n|\n|t:|1699546128\n|move|p2a: Espeon|Thunder Wave|p1a: Volcarona\n|-status|p1a: Volcarona|par\n|move|p1a: Volcarona|Quiver Dance|p1a: Volcarona\n|-boost|p1a: Volcarona|spa|1\n|-boost|p1a: Volcarona|spd|1\n|-boost|p1a: Volcarona|spe|1\n|\n|upkeep\n|turn|29\n|\n|t:|1699546130\n|switch|p2a: Noctowl|Noctowl, F, tera:Normal|85\/100\n|cant|p1a: Volcarona|par\n|\n|-heal|p2a: Noctowl|92\/100|[from] item: Leftovers\n|upkeep\n|turn|30\n|\n|t:|1699546133\n|move|p1a: Volcarona|Quiver Dance|p1a: Volcarona\n|-boost|p1a: Volcarona|spa|1\n|-boost|p1a: Volcarona|spd|1\n|-boost|p1a: Volcarona|spe|1\n|move|p2a: Noctowl|Calm Mind|p2a: Noctowl\n|-boost|p2a: Noctowl|spa|1\n|-boost|p2a: Noctowl|spd|1\n|\n|-heal|p2a: Noctowl|98\/100|[from] item: Leftovers\n|upkeep\n|turn|31\n|\n|t:|1699546134\n|move|p1a: Volcarona|Quiver Dance|p1a: Volcarona\n|-boost|p1a: Volcarona|spa|1\n|-boost|p1a: Volcarona|spd|1\n|-boost|p1a: Volcarona|spe|1\n|move|p2a: Noctowl|Calm Mind|p2a: Noctowl\n|-boost|p2a: Noctowl|spa|1\n|-boost|p2a: Noctowl|spd|1\n|\n|-heal|p2a: Noctowl|100\/100|[from] item: Leftovers\n|upkeep\n|turn|32\n|\n|t:|1699546136\n|move|p1a: Volcarona|Quiver Dance|p1a: Volcarona\n|-boost|p1a: Volcarona|spa|1\n|-boost|p1a: Volcarona|spd|1\n|-boost|p1a: Volcarona|spe|1\n|move|p2a: Noctowl|Calm Mind|p2a: Noctowl\n|-boost|p2a: Noctowl|spa|1\n|-boost|p2a: Noctowl|spd|1\n|\n|upkeep\n|turn|33\n|\n|t:|1699546139\n|move|p1a: Volcarona|Fiery Dance|p2a: Noctowl\n|-damage|p2a: Noctowl|75\/100\n|-boost|p1a: Volcarona|spa|1\n|move|p2a: Noctowl|Calm Mind|p2a: Noctowl\n|-boost|p2a: Noctowl|spa|1\n|-boost|p2a: Noctowl|spd|1\n|\n|-heal|p2a: Noctowl|81\/100|[from] item: Leftovers\n|upkeep\n|turn|34\n|\n|t:|1699546141\n|cant|p1a: Volcarona|par\n|move|p2a: Noctowl|Calm Mind|p2a: Noctowl\n|-boost|p2a: Noctowl|spa|1\n|-boost|p2a: Noctowl|spd|1\n|\n|-heal|p2a: Noctowl|87\/100|[from] item: Leftovers\n|upkeep\n|turn|35\n|\n|t:|1699546143\n|move|p1a: Volcarona|Fiery Dance|p2a: Noctowl\n|-crit|p2a: Noctowl\n|-damage|p2a: Noctowl|0 fnt\n|faint|p2a: Noctowl\n|\n|upkeep\n|\n|t:|1699546154\n|switch|p2a: Electrode|Electrode|67\/100\n|turn|36\n|\n|t:|1699546156\n|move|p2a: Electrode|Light Screen|p2a: Electrode\n|-sidestart|p2: lake bake|move: Light Screen\n|move|p1a: Volcarona|Fiery Dance|p2a: Electrode\n|-damage|p2a: Electrode|0 fnt\n|-boost|p1a: Volcarona|spa|1\n|faint|p2a: Electrode\n|\n|upkeep\n|\n|t:|1699546162\n|switch|p2a: Sandslash|Sandslash, F|71\/100\n|turn|37\n|\n|t:|1699546164\n|move|p1a: Volcarona|Psychic|p2a: Sandslash\n|-damage|p2a: Sandslash|0 fnt\n|faint|p2a: Sandslash\n|\n|upkeep\n|\n|t:|1699546167\n|switch|p2a: Espeon|Espeon, F|100\/100\n|turn|38\n|\n|t:|1699546169\n|move|p1a: Volcarona|Fiery Dance|p2a: Espeon\n|-damage|p2a: Espeon|7\/100\n|move|p2a: Espeon|Psychic|p1a: Volcarona\n|-damage|p1a: Volcarona|73\/100 par\n|\n|upkeep\n|turn|39\n|\n|t:|1699546175\n|move|p1a: Volcarona|Fiery Dance|p2a: Espeon\n|-damage|p2a: Espeon|0 fnt\n|faint|p2a: Espeon\n|\n|upkeep\n|-message|lake bake forfeited.\n|\n|win|Sivilea\n|raw|Sivilea's rating: 1099 &rarr; <strong>1117<\/strong><br \/>(+18 for winning)\n|raw|lake bake's rating: 1000 &rarr; <strong>1000<\/strong><br \/>(+0 for losing)\n|l|\u2606lake bake\n","uploadtime":1699546183,"views":12,"p1id":"sivilea","p2id":"lakebake","formatid":"gen9nationaldex","rating":1000,"private":0,"password":""}