{"id":"gen9nationaldex-1991025675","p1":"muran52","p2":"Richie2016","format":"[Gen 9] National Dex","log":"|j|\u2606muran52\n|j|\u2606Richie2016\n|t:|1700030185\n|gametype|singles\n|player|p1|muran52|kimonogirl|1217\n|player|p2|Richie2016|cynthia|1131\n|teamsize|p1|6\n|teamsize|p2|6\n|gen|9\n|tier|[Gen 9] National Dex\n|rated|\n|rule|HP Percentage Mod: HP is shown in percentages\n|rule|Endless Battle Clause: Forcing endless battles is banned\n|rule|OHKO Clause: OHKO moves are banned\n|rule|Evasion Clause: Evasion abilities, items, and moves are banned\n|rule|Evasion Abilities Clause: Evasion abilities are banned\n|rule|Evasion Items Clause: Evasion items are banned\n|rule|Evasion Moves Clause: Evasion moves are banned\n|rule|Species Clause: Limit one of each Pok\u00e9mon\n|rule|Sleep Clause Mod: Limit one foe put to sleep\n|clearpoke\n|poke|p1|Charizard, F|\n|poke|p1|Serperior, F|\n|poke|p1|Tyranitar, F|\n|poke|p1|Great Tusk|\n|poke|p1|Doublade, F|\n|poke|p1|Alomomola, M|\n|poke|p2|Gardevoir, F|\n|poke|p2|Milotic, M|\n|poke|p2|Moltres|\n|poke|p2|Rillaboom, F|\n|poke|p2|Gliscor, M|\n|poke|p2|Iron Valiant|\n|teampreview\n|c|\u2606Richie2016|r u chinese\n|inactive|Battle timer is ON: inactive players will automatically lose when time's up. (requested by muran52)\n|\n|t:|1700030219\n|start\n|switch|p1a: Tyranitar|Tyranitar, F|100\/100\n|switch|p2a: Rillaboom|Rillaboom, F, shiny|100\/100\n|-fieldstart|move: Grassy Terrain|[from] ability: Grassy Surge|[of] p2a: Rillaboom\n|-weather|Sandstorm|[from] ability: Sand Stream|[of] p1a: Tyranitar\n|turn|1\n|\n|t:|1700030243\n|move|p2a: Rillaboom|U-turn|p1a: Tyranitar\n|-supereffective|p1a: Tyranitar\n|-crit|p1a: Tyranitar\n|-damage|p1a: Tyranitar|15\/100\n|\n|t:|1700030248\n|switch|p2a: Gliscor|Gliscor, M|100\/100|[from] U-turn\n|move|p1a: Tyranitar|Knock Off|p2a: Gliscor\n|-damage|p2a: Gliscor|63\/100\n|-enditem|p2a: Gliscor|Toxic Orb|[from] move: Knock Off|[of] p1a: Tyranitar\n|\n|-weather|Sandstorm|[upkeep]\n|-heal|p1a: Tyranitar|21\/100|[from] Grassy Terrain\n|upkeep\n|turn|2\n|\n|t:|1700030265\n|switch|p1a: Alomomola|Alomomola, M, shiny|100\/100\n|move|p2a: Gliscor|Stealth Rock|p1a: Alomomola\n|-sidestart|p1: muran52|move: Stealth Rock\n|\n|-weather|Sandstorm|[upkeep]\n|-damage|p1a: Alomomola|94\/100|[from] Sandstorm\n|-heal|p1a: Alomomola|100\/100|[from] Grassy Terrain\n|upkeep\n|turn|3\n|\n|t:|1700030272\n|move|p2a: Gliscor|Toxic|p1a: Alomomola\n|-status|p1a: Alomomola|tox\n|move|p1a: Alomomola|Wish|p1a: Alomomola\n|\n|-weather|Sandstorm|[upkeep]\n|-damage|p1a: Alomomola|94\/100 tox|[from] Sandstorm\n|-heal|p1a: Alomomola|100\/100 tox|[from] Grassy Terrain\n|-damage|p1a: Alomomola|94\/100 tox|[from] psn\n|upkeep\n|turn|4\n|\n|t:|1700030285\n|switch|p2a: Milotic|Milotic, M|100\/100\n|move|p1a: Alomomola|Flip Turn|p2a: Milotic\n|-resisted|p2a: Milotic\n|-damage|p2a: Milotic|94\/100\n|\n|t:|1700030305\n|switch|p1a: Tyranitar|Tyranitar, F|21\/100|[from] Flip Turn\n|-damage|p1a: Tyranitar|9\/100|[from] Stealth Rock\n|\n|-weather|Sandstorm|[upkeep]\n|-damage|p2a: Milotic|88\/100|[from] Sandstorm\n|-heal|p1a: Tyranitar|75\/100|[from] move: Wish|[wisher] Alomomola\n|-heal|p2a: Milotic|94\/100|[from] Grassy Terrain\n|-heal|p2a: Milotic|99\/100|[from] item: Leftovers\n|-heal|p1a: Tyranitar|81\/100|[from] Grassy Terrain\n|upkeep\n|turn|5\n|\n|t:|1700030321\n|-terastallize|p1a: Tyranitar|Flying\n|move|p2a: Milotic|Flip Turn|p1a: Tyranitar\n|-damage|p1a: Tyranitar|71\/100\n|\n|t:|1700030331\n|switch|p2a: Moltres|Moltres|100\/100|[from] Flip Turn\n|move|p1a: Tyranitar|Knock Off|p2a: Moltres\n|-damage|p2a: Moltres|66\/100\n|-enditem|p2a: Moltres|Heavy-Duty Boots|[from] move: Knock Off|[of] p1a: Tyranitar\n|\n|-weather|none\n|-fieldend|move: Grassy Terrain\n|upkeep\n|turn|6\n|\n|t:|1700030346\n|move|p2a: Moltres|Hurricane|p1a: Tyranitar\n|-damage|p1a: Tyranitar|34\/100\n|-start|p1a: Tyranitar|confusion\n|-activate|p1a: Tyranitar|confusion\n|-damage|p1a: Tyranitar|24\/100|[from] confusion\n|\n|upkeep\n|turn|7\n|\n|t:|1700030356\n|switch|p1a: Alomomola|Alomomola, M, shiny|100\/100 tox\n|move|p2a: Moltres|Hurricane|p1a: Alomomola|[miss]\n|-miss|p2a: Moltres|p1a: Alomomola\n|\n|-damage|p1a: Alomomola|94\/100 tox|[from] psn\n|upkeep\n|turn|8\n|\n|t:|1700030369\n|switch|p2a: Rillaboom|Rillaboom, F, shiny|100\/100\n|-fieldstart|move: Grassy Terrain|[from] ability: Grassy Surge|[of] p2a: Rillaboom\n|move|p1a: Alomomola|Toxic|p2a: Rillaboom\n|-status|p2a: Rillaboom|tox\n|\n|-heal|p1a: Alomomola|100\/100 tox|[from] Grassy Terrain\n|-damage|p2a: Rillaboom|94\/100 tox|[from] psn\n|-damage|p1a: Alomomola|88\/100 tox|[from] psn\n|upkeep\n|turn|9\n|\n|t:|1700030390\n|switch|p1a: Doublade|Doublade, F|100\/100\n|-damage|p1a: Doublade|94\/100|[from] Stealth Rock\n|move|p2a: Rillaboom|Wood Hammer|p1a: Doublade\n|-resisted|p1a: Doublade\n|-damage|p1a: Doublade|63\/100\n|-damage|p2a: Rillaboom|85\/100 tox|[from] Recoil\n|\n|-heal|p2a: Rillaboom|91\/100 tox|[from] Grassy Terrain\n|-heal|p1a: Doublade|69\/100|[from] Grassy Terrain\n|-damage|p2a: Rillaboom|79\/100 tox|[from] psn\n|upkeep\n|turn|10\n|\n|t:|1700030405\n|switch|p2a: Moltres|Moltres|66\/100\n|move|p1a: Doublade|Gyro Ball|p2a: Moltres\n|-resisted|p2a: Moltres\n|-damage|p2a: Moltres|48\/100\n|-status|p1a: Doublade|brn|[from] ability: Flame Body|[of] p2a: Moltres\n|\n|-heal|p1a: Doublade|76\/100 brn|[from] Grassy Terrain\n|-damage|p1a: Doublade|69\/100 brn|[from] brn\n|upkeep\n|turn|11\n|\n|t:|1700030416\n|switch|p1a: Alomomola|Alomomola, M, shiny|100\/100 tox\n|move|p2a: Moltres|Roost|p2a: Moltres\n|-heal|p2a: Moltres|98\/100\n|-singleturn|p2a: Moltres|move: Roost\n|\n|-heal|p2a: Moltres|100\/100|[from] Grassy Terrain\n|-damage|p1a: Alomomola|94\/100 tox|[from] psn\n|upkeep\n|turn|12\n|\n|t:|1700030430\n|switch|p2a: Gliscor|Gliscor, M|63\/100\n|move|p1a: Alomomola|Wish|p1a: Alomomola\n|\n|-heal|p1a: Alomomola|100\/100 tox|[from] Grassy Terrain\n|-damage|p1a: Alomomola|88\/100 tox|[from] psn\n|-fieldend|move: Grassy Terrain\n|upkeep\n|turn|13\n|\n|t:|1700030439\n|move|p2a: Gliscor|Toxic|p1a: Alomomola\n|-fail|p1a: Alomomola|tox\n|move|p1a: Alomomola|Flip Turn|p2a: Gliscor\n|-supereffective|p2a: Gliscor\n|-damage|p2a: Gliscor|34\/100\n|\n|t:|1700030445\n|switch|p1a: Tyranitar|Tyranitar, F, tera:Flying|24\/100|[from] Flip Turn\n|-damage|p1a: Tyranitar|0 fnt|[from] Stealth Rock\n|faint|p1a: Tyranitar\n|\n|upkeep\n|\n|t:|1700030455\n|switch|p1a: Doublade|Doublade, F|69\/100 brn\n|-damage|p1a: Doublade|63\/100 brn|[from] Stealth Rock\n|turn|14\n|\n|t:|1700030464\n|move|p2a: Gliscor|Roost|p2a: Gliscor\n|-heal|p2a: Gliscor|84\/100\n|-singleturn|p2a: Gliscor|move: Roost\n|move|p1a: Doublade|Gyro Ball|p2a: Gliscor\n|-damage|p2a: Gliscor|66\/100\n|\n|-damage|p1a: Doublade|57\/100 brn|[from] brn\n|upkeep\n|turn|15\n|\n|t:|1700030477\n|switch|p1a: Alomomola|Alomomola, M, shiny|100\/100 tox\n|move|p2a: Gliscor|Earthquake|p1a: Alomomola\n|-damage|p1a: Alomomola|82\/100 tox\n|\n|-damage|p1a: Alomomola|76\/100 tox|[from] psn\n|upkeep\n|turn|16\n|\n|t:|1700030486\n|switch|p2a: Rillaboom|Rillaboom, F, shiny|79\/100 tox\n|-fieldstart|move: Grassy Terrain|[from] ability: Grassy Surge|[of] p2a: Rillaboom\n|move|p1a: Alomomola|Wish|p1a: Alomomola\n|\n|-heal|p2a: Rillaboom|85\/100 tox|[from] Grassy Terrain\n|-heal|p1a: Alomomola|82\/100 tox|[from] Grassy Terrain\n|-damage|p2a: Rillaboom|79\/100 tox|[from] psn\n|-damage|p1a: Alomomola|70\/100 tox|[from] psn\n|upkeep\n|turn|17\n|\n|t:|1700030503\n|switch|p1a: Great Tusk|Great Tusk|100\/100\n|-damage|p1a: Great Tusk|98\/100|[from] Stealth Rock\n|move|p2a: Rillaboom|Knock Off|p1a: Great Tusk\n|-resisted|p1a: Great Tusk\n|-damage|p1a: Great Tusk|84\/100\n|\n|-heal|p1a: Great Tusk|100\/100|[from] move: Wish|[wisher] Alomomola\n|-heal|p2a: Rillaboom|85\/100 tox|[from] Grassy Terrain\n|-damage|p2a: Rillaboom|72\/100 tox|[from] psn\n|upkeep\n|turn|18\n|inactive|muran52 has 120 seconds left.\n|\n|t:|1700030533\n|switch|p2a: Gliscor|Gliscor, M|66\/100\n|-zpower|p1a: Great Tusk\n|move|p1a: Great Tusk|Continental Crush|p2a: Gliscor|[zeffect]\n|-damage|p2a: Gliscor|12\/100\n|\n|upkeep\n|turn|19\n|inactive|muran52 has 120 seconds left.\n|\n|t:|1700030562\n|-end|p1a: Great Tusk|Protosynthesis|[silent]\n|switch|p1a: Alomomola|Alomomola, M, shiny|100\/100 tox\n|move|p2a: Gliscor|Toxic|p1a: Alomomola\n|-fail|p1a: Alomomola|tox\n|\n|-damage|p1a: Alomomola|94\/100 tox|[from] psn\n|upkeep\n|turn|20\n|\n|t:|1700030569\n|move|p2a: Gliscor|Roost|p2a: Gliscor\n|-heal|p2a: Gliscor|62\/100\n|-singleturn|p2a: Gliscor|move: Roost\n|move|p1a: Alomomola|Flip Turn|p2a: Gliscor\n|-supereffective|p2a: Gliscor\n|-damage|p2a: Gliscor|34\/100\n|\n|t:|1700030583\n|switch|p1a: Serperior|Serperior, F|100\/100|[from] Flip Turn\n|-damage|p1a: Serperior|88\/100|[from] Stealth Rock\n|\n|-heal|p1a: Serperior|94\/100|[from] Grassy Terrain\n|-heal|p1a: Serperior|100\/100|[from] item: Leftovers\n|-heal|p2a: Gliscor|41\/100|[from] Grassy Terrain\n|-fieldend|move: Grassy Terrain\n|upkeep\n|turn|21\n|\n|t:|1700030594\n|switch|p2a: Moltres|Moltres|100\/100\n|move|p1a: Serperior|Substitute|p1a: Serperior\n|-start|p1a: Serperior|Substitute\n|-damage|p1a: Serperior|76\/100\n|\n|-heal|p1a: Serperior|82\/100|[from] item: Leftovers\n|upkeep\n|turn|22\n|\n|t:|1700030605\n|move|p1a: Serperior|Glare|p2a: Moltres\n|-status|p2a: Moltres|par\n|move|p2a: Moltres|Hurricane|p1a: Serperior\n|-supereffective|p1a: Serperior\n|-end|p1a: Serperior|Substitute\n|\n|-heal|p1a: Serperior|88\/100|[from] item: Leftovers\n|upkeep\n|turn|23\n|\n|t:|1700030616\n|switch|p1a: Alomomola|Alomomola, M, shiny|100\/100 tox\n|switch|p2a: Iron Valiant|Iron Valiant, shiny|100\/100\n|-enditem|p2a: Iron Valiant|Booster Energy\n|-activate|p2a: Iron Valiant|ability: Quark Drive|[fromitem]\n|-start|p2a: Iron Valiant|quarkdrivespe\n|\n|-damage|p1a: Alomomola|94\/100 tox|[from] psn\n|upkeep\n|turn|24\n|\n|t:|1700030631\n|move|p2a: Iron Valiant|Knock Off|p1a: Alomomola\n|-damage|p1a: Alomomola|76\/100 tox\n|-enditem|p1a: Alomomola|Heavy-Duty Boots|[from] move: Knock Off|[of] p2a: Iron Valiant\n|move|p1a: Alomomola|Toxic|p2a: Iron Valiant\n|-status|p2a: Iron Valiant|tox\n|\n|-damage|p2a: Iron Valiant|94\/100 tox|[from] psn\n|-damage|p1a: Alomomola|64\/100 tox|[from] psn\n|upkeep\n|turn|25\n|\n|t:|1700030643\n|move|p2a: Iron Valiant|Encore|p1a: Alomomola\n|-start|p1a: Alomomola|Encore\n|move|p1a: Alomomola|Toxic|p2a: Iron Valiant\n|-fail|p2a: Iron Valiant|tox\n|\n|-damage|p2a: Iron Valiant|82\/100 tox|[from] psn\n|-damage|p1a: Alomomola|45\/100 tox|[from] psn\n|upkeep\n|turn|26\n|inactive|muran52 has 90 seconds left.\n|\n|t:|1700030671\n|switch|p1a: Doublade|Doublade, F|57\/100 brn\n|-damage|p1a: Doublade|51\/100 brn|[from] Stealth Rock\n|move|p2a: Iron Valiant|Swords Dance|p2a: Iron Valiant\n|-boost|p2a: Iron Valiant|atk|2\n|\n|-damage|p2a: Iron Valiant|63\/100 tox|[from] psn\n|-damage|p1a: Doublade|45\/100 brn|[from] brn\n|upkeep\n|turn|27\n|inactive|muran52 has 90 seconds left.\n|\n|t:|1700030684\n|move|p2a: Iron Valiant|Knock Off|p1a: Doublade\n|-supereffective|p1a: Doublade\n|-damage|p1a: Doublade|0 fnt\n|-enditem|p1a: Doublade|Eviolite|[from] move: Knock Off|[of] p2a: Iron Valiant\n|faint|p1a: Doublade\n|\n|-damage|p2a: Iron Valiant|38\/100 tox|[from] psn\n|upkeep\n|inactive|muran52 has 90 seconds left.\n|\n|t:|1700030697\n|switch|p1a: Alomomola|Alomomola, M, shiny|79\/100 tox\n|-damage|p1a: Alomomola|66\/100 tox|[from] Stealth Rock\n|turn|28\n|\n|t:|1700030703\n|move|p2a: Iron Valiant|Close Combat|p1a: Alomomola\n|-crit|p1a: Alomomola\n|-damage|p1a: Alomomola|0 fnt\n|-unboost|p2a: Iron Valiant|def|1\n|-unboost|p2a: Iron Valiant|spd|1\n|faint|p1a: Alomomola\n|\n|-damage|p2a: Iron Valiant|7\/100 tox|[from] psn\n|upkeep\n|inactive|muran52 has 90 seconds left.\n|\n|t:|1700030733\n|switch|p1a: Charizard|Charizard, F|100\/100\n|-damage|p1a: Charizard|51\/100|[from] Stealth Rock\n|turn|29\n|\n|t:|1700030742\n|detailschange|p1a: Charizard|Charizard-Mega-Y, F\n|-mega|p1a: Charizard|Charizard|Charizardite Y\n|-weather|SunnyDay|[from] ability: Drought|[of] p1a: Charizard\n|move|p2a: Iron Valiant|Knock Off|p1a: Charizard\n|-damage|p1a: Charizard|0 fnt\n|faint|p1a: Charizard\n|\n|-weather|SunnyDay|[upkeep]\n|-damage|p2a: Iron Valiant|0 fnt|[from] psn\n|faint|p2a: Iron Valiant\n|-end|p2a: Iron Valiant|Quark Drive|[silent]\n|upkeep\n|\n|t:|1700030763\n|switch|p2a: Milotic|Milotic, M|99\/100\n|switch|p1a: Great Tusk|Great Tusk|100\/100\n|-damage|p1a: Great Tusk|98\/100|[from] Stealth Rock\n|-activate|p1a: Great Tusk|ability: Protosynthesis\n|-start|p1a: Great Tusk|protosynthesisatk\n|turn|30\n|\n|t:|1700030775\n|switch|p2a: Gliscor|Gliscor, M|41\/100\n|move|p1a: Great Tusk|Rapid Spin|p2a: Gliscor\n|-damage|p2a: Gliscor|24\/100\n|-boost|p1a: Great Tusk|spe|1\n|-sideend|p1: muran52|Stealth Rock|[from] move: Rapid Spin|[of] p1a: Great Tusk\n|\n|-weather|SunnyDay|[upkeep]\n|upkeep\n|turn|31\n|inactive|muran52 has 90 seconds left.\n|\n|t:|1700030791\n|move|p1a: Great Tusk|Head Smash|p2a: Gliscor|[miss]\n|-miss|p1a: Great Tusk|p2a: Gliscor\n|move|p2a: Gliscor|Toxic|p1a: Great Tusk\n|-status|p1a: Great Tusk|tox\n|\n|-weather|SunnyDay|[upkeep]\n|-damage|p1a: Great Tusk|91\/100 tox|[from] psn\n|upkeep\n|turn|32\n|\n|t:|1700030799\n|move|p1a: Great Tusk|Head Smash|p2a: Gliscor\n|-damage|p2a: Gliscor|0 fnt\n|faint|p2a: Gliscor\n|-damage|p1a: Great Tusk|80\/100 tox|[from] Recoil\n|\n|-weather|SunnyDay|[upkeep]\n|-damage|p1a: Great Tusk|68\/100 tox|[from] psn\n|upkeep\n|\n|t:|1700030808\n|switch|p2a: Moltres|Moltres|100\/100 par\n|turn|33\n|\n|t:|1700030819\n|move|p1a: Great Tusk|Head Smash|p2a: Moltres\n|-supereffective|p2a: Moltres\n|-damage|p2a: Moltres|0 fnt\n|faint|p2a: Moltres\n|-damage|p1a: Great Tusk|16\/100 tox|[from] Recoil\n|\n|-weather|none\n|-end|p1a: Great Tusk|Protosynthesis\n|-damage|p1a: Great Tusk|0 fnt|[from] psn\n|faint|p1a: Great Tusk\n|-end|p1a: Great Tusk|Protosynthesis|[silent]\n|upkeep\n|\n|t:|1700030832\n|switch|p1a: Serperior|Serperior, F|88\/100\n|switch|p2a: Milotic|Milotic, M|99\/100\n|turn|34\n|\n|t:|1700030841\n|-terastallize|p2a: Milotic|Steel\n|move|p1a: Serperior|Glare|p2a: Milotic\n|-status|p2a: Milotic|par\n|move|p2a: Milotic|Toxic|p1a: Serperior\n|-status|p1a: Serperior|tox\n|\n|-heal|p1a: Serperior|94\/100 tox|[from] item: Leftovers\n|-heal|p2a: Milotic|100\/100 par|[from] item: Leftovers\n|-damage|p1a: Serperior|88\/100 tox|[from] psn\n|upkeep\n|turn|35\n|\n|t:|1700030861\n|move|p1a: Serperior|Leaf Storm|p2a: Milotic\n|-resisted|p2a: Milotic\n|-damage|p2a: Milotic|85\/100 par\n|-boost|p1a: Serperior|spa|2\n|move|p2a: Milotic|Flip Turn|p1a: Serperior\n|-resisted|p1a: Serperior\n|-damage|p1a: Serperior|80\/100 tox\n|\n|t:|1700030868\n|switch|p2a: Gardevoir|Gardevoir, F, shiny|100\/100|[from] Flip Turn\n|-ability|p2a: Gardevoir|Contrary|[from] ability: Trace|[of] p1a: Serperior\n|\n|-heal|p1a: Serperior|86\/100 tox|[from] item: Leftovers\n|-damage|p1a: Serperior|74\/100 tox|[from] psn\n|upkeep\n|turn|36\n|\n|t:|1700030878\n|detailschange|p2a: Gardevoir|Gardevoir-Mega, F, shiny\n|-mega|p2a: Gardevoir|Gardevoir|Gardevoirite\n|move|p1a: Serperior|Leaf Storm|p2a: Gardevoir\n|-damage|p2a: Gardevoir|12\/100\n|-boost|p1a: Serperior|spa|2\n|move|p2a: Gardevoir|Mystical Fire|p1a: Serperior\n|-supereffective|p1a: Serperior\n|-crit|p1a: Serperior\n|-damage|p1a: Serperior|0 fnt\n|faint|p1a: Serperior\n|\n|win|Richie2016\n|raw|muran52's rating: 1217 &rarr; <strong>1186<\/strong><br \/>(-31 for losing)\n|raw|Richie2016's rating: 1131 &rarr; <strong>1162<\/strong><br \/>(+31 for winning)\n","uploadtime":1700030890,"views":4,"p1id":"muran52","p2id":"richie2016","formatid":"gen9nationaldex","rating":1162,"private":0,"password":""}