{"id":"gen9nationaldex-1998305496","p1":"ibukisksk","p2":"Dark Umbreon 08","format":"[Gen 9] National Dex","log":"|html|<div class=\"broadcast-blue\"><strong>[Gen 9] National Dex is currently suspecting Sneasler! For information on how to participate check out the <a href=\"https:\/\/www.smogon.com\/forums\/threads\/sv-national-dex-suspect-8-just-dance.3731534\/\">suspect thread<\/a>.<\/strong><\/div>\n|j|\u2606ibukisksk\n|j|\u2606Dark Umbreon 08\n|t:|1700927271\n|gametype|singles\n|player|p1|ibukisksk|iris-gen5bw2|1037\n|player|p2|Dark Umbreon 08|lass-gen4dp|1093\n|teamsize|p1|6\n|teamsize|p2|6\n|gen|9\n|tier|[Gen 9] National Dex\n|rated|\n|rule|HP Percentage Mod: HP is shown in percentages\n|rule|Endless Battle Clause: Forcing endless battles is banned\n|rule|OHKO Clause: OHKO moves are banned\n|rule|Evasion Clause: Evasion abilities, items, and moves are banned\n|rule|Evasion Abilities Clause: Evasion abilities are banned\n|rule|Evasion Items Clause: Evasion items are banned\n|rule|Evasion Moves Clause: Evasion moves are banned\n|rule|Species Clause: Limit one of each Pok\u00e9mon\n|rule|Sleep Clause Mod: Limit one foe put to sleep\n|clearpoke\n|poke|p1|Lopunny, M|\n|poke|p1|Garchomp, M|\n|poke|p1|Iron Valiant|\n|poke|p1|Hatterene, F|\n|poke|p1|Toxapex, M|\n|poke|p1|Tapu Koko|\n|poke|p2|Pikachu-Original, M|\n|poke|p2|Charizard, M|\n|poke|p2|Bulbasaur, M|\n|poke|p2|Squirtle, M|\n|poke|p2|Tauros, M|\n|poke|p2|Muk-Alola, M|\n|teampreview\n|inactive|Battle timer is ON: inactive players will automatically lose when time's up. (requested by Dark Umbreon 08)\n|\n|t:|1700927275\n|start\n|switch|p1a: \u5bf9\u5154\u5973\u90ce\u5176\u5b9e\u6ca1\u90a3\u4e48xp|Lopunny, M|100\/100\n|switch|p2a: Bulbasaur|Bulbasaur, M|100\/100\n|turn|1\n|\n|t:|1700927281\n|detailschange|p1a: \u5bf9\u5154\u5973\u90ce\u5176\u5b9e\u6ca1\u90a3\u4e48xp|Lopunny-Mega, M\n|-mega|p1a: \u5bf9\u5154\u5973\u90ce\u5176\u5b9e\u6ca1\u90a3\u4e48xp|Lopunny|Lopunnite\n|move|p2a: Bulbasaur|Protect|p2a: Bulbasaur\n|-singleturn|p2a: Bulbasaur|Protect\n|move|p1a: \u5bf9\u5154\u5973\u90ce\u5176\u5b9e\u6ca1\u90a3\u4e48xp|Fake Out|p2a: Bulbasaur\n|-activate|p2a: Bulbasaur|move: Protect\n|\n|upkeep\n|turn|2\n|\n|t:|1700927290\n|move|p1a: \u5bf9\u5154\u5973\u90ce\u5176\u5b9e\u6ca1\u90a3\u4e48xp|U-turn|p2a: Bulbasaur\n|-damage|p2a: Bulbasaur|69\/100\n|\n|t:|1700927295\n|switch|p1a: \u4e00\u592b\u4e00\u59bb|Iron Valiant, shiny|100\/100|[from] U-turn\n|move|p2a: Bulbasaur|Leech Seed|p1a: \u4e00\u592b\u4e00\u59bb\n|-start|p1a: \u4e00\u592b\u4e00\u59bb|move: Leech Seed\n|\n|-damage|p1a: \u4e00\u592b\u4e00\u59bb|88\/100|[from] Leech Seed|[of] p2a: Bulbasaur\n|-heal|p2a: Bulbasaur|81\/100|[silent]\n|upkeep\n|turn|3\n|\n|t:|1700927301\n|-terastallize|p1a: \u4e00\u592b\u4e00\u59bb|Steel\n|move|p2a: Bulbasaur|Protect|p2a: Bulbasaur\n|-singleturn|p2a: Bulbasaur|Protect\n|move|p1a: \u4e00\u592b\u4e00\u59bb|Fire Punch|p2a: Bulbasaur\n|-activate|p2a: Bulbasaur|move: Protect\n|\n|-damage|p1a: \u4e00\u592b\u4e00\u59bb|76\/100|[from] Leech Seed|[of] p2a: Bulbasaur\n|-heal|p2a: Bulbasaur|93\/100|[silent]\n|upkeep\n|turn|4\n|\n|t:|1700927311\n|switch|p2a: Charizard|Charizard, M|100\/100\n|move|p1a: \u4e00\u592b\u4e00\u59bb|Knock Off|p2a: Charizard\n|-damage|p2a: Charizard|68\/100\n|\n|-damage|p1a: \u4e00\u592b\u4e00\u59bb|63\/100|[from] Leech Seed|[of] p2a: Charizard\n|-heal|p2a: Charizard|80\/100|[silent]\n|upkeep\n|turn|5\n|\n|t:|1700927317\n|-end|p1a: \u4e00\u592b\u4e00\u59bb|Quark Drive|[silent]\n|switch|p1a: \u8d85\u7ea7\u5c0f\u8d85\u53ef\u7231|Toxapex, M|100\/100\n|move|p2a: Charizard|Dragon Dance|p2a: Charizard\n|-boost|p2a: Charizard|atk|1\n|-boost|p2a: Charizard|spe|1\n|\n|upkeep\n|turn|6\n|\n|t:|1700927323\n|detailschange|p2a: Charizard|Charizard-Mega-X, M\n|-mega|p2a: Charizard|Charizard|Charizardite X\n|move|p2a: Charizard|Earthquake|p1a: \u8d85\u7ea7\u5c0f\u8d85\u53ef\u7231\n|-supereffective|p1a: \u8d85\u7ea7\u5c0f\u8d85\u53ef\u7231\n|-damage|p1a: \u8d85\u7ea7\u5c0f\u8d85\u53ef\u7231|12\/100\n|move|p1a: \u8d85\u7ea7\u5c0f\u8d85\u53ef\u7231|Toxic|p2a: Charizard\n|-status|p2a: Charizard|tox\n|\n|-damage|p2a: Charizard|74\/100 tox|[from] psn\n|upkeep\n|turn|7\n|\n|t:|1700927331\n|switch|p2a: Muk|Muk-Alola, M|100\/100\n|move|p1a: \u8d85\u7ea7\u5c0f\u8d85\u53ef\u7231|Baneful Bunker||[still]\n|-fail|p1a: \u8d85\u7ea7\u5c0f\u8d85\u53ef\u7231\n|\n|upkeep\n|turn|8\n|\n|t:|1700927338\n|switch|p1a: \u5bf9\u5154\u5973\u90ce\u5176\u5b9e\u6ca1\u90a3\u4e48xp|Lopunny-Mega, M|100\/100\n|move|p2a: Muk|Curse|p2a: Muk\n|-unboost|p2a: Muk|spe|1\n|-boost|p2a: Muk|atk|1\n|-boost|p2a: Muk|def|1\n|\n|upkeep\n|turn|9\n|\n|t:|1700927342\n|move|p1a: \u5bf9\u5154\u5973\u90ce\u5176\u5b9e\u6ca1\u90a3\u4e48xp|Fake Out|p2a: Muk\n|-damage|p2a: Muk|86\/100\n|cant|p2a: Muk|flinch\n|\n|-heal|p2a: Muk|92\/100|[from] item: Leftovers\n|upkeep\n|turn|10\n|\n|t:|1700927348\n|move|p1a: \u5bf9\u5154\u5973\u90ce\u5176\u5b9e\u6ca1\u90a3\u4e48xp|Close Combat|p2a: Muk\n|-damage|p2a: Muk|48\/100\n|-unboost|p1a: \u5bf9\u5154\u5973\u90ce\u5176\u5b9e\u6ca1\u90a3\u4e48xp|def|1\n|-unboost|p1a: \u5bf9\u5154\u5973\u90ce\u5176\u5b9e\u6ca1\u90a3\u4e48xp|spd|1\n|move|p2a: Muk|Poison Jab|p1a: \u5bf9\u5154\u5973\u90ce\u5176\u5b9e\u6ca1\u90a3\u4e48xp\n|-damage|p1a: \u5bf9\u5154\u5973\u90ce\u5176\u5b9e\u6ca1\u90a3\u4e48xp|0 fnt\n|faint|p1a: \u5bf9\u5154\u5973\u90ce\u5176\u5b9e\u6ca1\u90a3\u4e48xp\n|\n|-heal|p2a: Muk|54\/100|[from] item: Leftovers\n|upkeep\n|\n|t:|1700927352\n|switch|p1a: \u5361\u5657\u62a0\u4e00\u62a0|Tapu Koko|100\/100\n|-fieldstart|move: Electric Terrain|[from] ability: Electric Surge|[of] p1a: \u5361\u5657\u62a0\u4e00\u62a0\n|turn|11\n|\n|t:|1700927357\n|switch|p2a: Pikachu|Pikachu-Original, M|100\/100\n|-zpower|p1a: \u5361\u5657\u62a0\u4e00\u62a0\n|move|p1a: \u5361\u5657\u62a0\u4e00\u62a0|Guardian of Alola|p2a: Pikachu|[zeffect]\n|-damage|p2a: Pikachu|26\/100\n|\n|upkeep\n|turn|12\n|\n|t:|1700927369\n|-terastallize|p2a: Pikachu|Normal\n|move|p2a: Pikachu|Fake Out|p1a: \u5361\u5657\u62a0\u4e00\u62a0\n|-damage|p1a: \u5361\u5657\u62a0\u4e00\u62a0|65\/100\n|cant|p1a: \u5361\u5657\u62a0\u4e00\u62a0|flinch\n|\n|upkeep\n|turn|13\n|\n|t:|1700927382\n|switch|p2a: Muk|Muk-Alola, M|54\/100\n|move|p1a: \u5361\u5657\u62a0\u4e00\u62a0|Nature's Madness|p2a: Muk\n|-damage|p2a: Muk|27\/100\n|\n|-heal|p2a: Muk|33\/100|[from] item: Leftovers\n|upkeep\n|turn|14\n|\n|t:|1700927391\n|move|p1a: \u5361\u5657\u62a0\u4e00\u62a0|Roost|p1a: \u5361\u5657\u62a0\u4e00\u62a0\n|-heal|p1a: \u5361\u5657\u62a0\u4e00\u62a0|100\/100\n|-singleturn|p1a: \u5361\u5657\u62a0\u4e00\u62a0|move: Roost\n|move|p2a: Muk|Poison Jab|p1a: \u5361\u5657\u62a0\u4e00\u62a0\n|-supereffective|p1a: \u5361\u5657\u62a0\u4e00\u62a0\n|-damage|p1a: \u5361\u5657\u62a0\u4e00\u62a0|0 fnt\n|faint|p1a: \u5361\u5657\u62a0\u4e00\u62a0\n|\n|-heal|p2a: Muk|39\/100|[from] item: Leftovers\n|upkeep\n|\n|t:|1700927401\n|switch|p1a: \u4e00\u592b\u4e00\u59bb|Iron Valiant, shiny, tera:Steel|63\/100\n|-activate|p1a: \u4e00\u592b\u4e00\u59bb|ability: Quark Drive\n|-start|p1a: \u4e00\u592b\u4e00\u59bb|quarkdrivespe\n|turn|15\n|\n|t:|1700927410\n|move|p1a: \u4e00\u592b\u4e00\u59bb|Close Combat|p2a: Muk\n|-damage|p2a: Muk|0 fnt\n|-unboost|p1a: \u4e00\u592b\u4e00\u59bb|def|1\n|-unboost|p1a: \u4e00\u592b\u4e00\u59bb|spd|1\n|faint|p2a: Muk\n|\n|-fieldend|move: Electric Terrain\n|-end|p1a: \u4e00\u592b\u4e00\u59bb|Quark Drive\n|upkeep\n|\n|t:|1700927424\n|switch|p2a: Squirtle|Squirtle, M|100\/100\n|turn|16\n|\n|t:|1700927429\n|move|p1a: \u4e00\u592b\u4e00\u59bb|Close Combat|p2a: Squirtle\n|-enditem|p2a: Squirtle|Focus Sash\n|-damage|p2a: Squirtle|1\/100\n|-unboost|p1a: \u4e00\u592b\u4e00\u59bb|def|1\n|-unboost|p1a: \u4e00\u592b\u4e00\u59bb|spd|1\n|move|p2a: Squirtle|Counter|p1a: \u4e00\u592b\u4e00\u59bb\n|-damage|p1a: \u4e00\u592b\u4e00\u59bb|0 fnt\n|faint|p1a: \u4e00\u592b\u4e00\u59bb\n|-end|p1a: \u4e00\u592b\u4e00\u59bb|Quark Drive|[silent]\n|\n|upkeep\n|\n|t:|1700927438\n|switch|p1a: \u4e0d\u4f1a\u9f99\u821e|Garchomp, M|100\/100\n|turn|17\n|\n|t:|1700927444\n|move|p1a: \u4e0d\u4f1a\u9f99\u821e|Earthquake|p2a: Squirtle\n|-damage|p2a: Squirtle|0 fnt\n|faint|p2a: Squirtle\n|\n|upkeep\n|\n|t:|1700927448\n|switch|p2a: Bulbasaur|Bulbasaur, M|93\/100\n|turn|18\n|\n|t:|1700927454\n|move|p1a: \u4e0d\u4f1a\u9f99\u821e|Dragon Claw|p2a: Bulbasaur\n|-damage|p2a: Bulbasaur|39\/100\n|move|p2a: Bulbasaur|Leech Seed|p1a: \u4e0d\u4f1a\u9f99\u821e\n|-start|p1a: \u4e0d\u4f1a\u9f99\u821e|move: Leech Seed\n|\n|-damage|p1a: \u4e0d\u4f1a\u9f99\u821e|88\/100|[from] Leech Seed|[of] p2a: Bulbasaur\n|-heal|p2a: Bulbasaur|54\/100|[silent]\n|upkeep\n|turn|19\n|\n|t:|1700927459\n|move|p2a: Bulbasaur|Protect|p2a: Bulbasaur\n|-singleturn|p2a: Bulbasaur|Protect\n|move|p1a: \u4e0d\u4f1a\u9f99\u821e|Dragon Claw|p2a: Bulbasaur\n|-activate|p2a: Bulbasaur|move: Protect\n|\n|-damage|p1a: \u4e0d\u4f1a\u9f99\u821e|76\/100|[from] Leech Seed|[of] p2a: Bulbasaur\n|-heal|p2a: Bulbasaur|69\/100|[silent]\n|upkeep\n|turn|20\n|\n|t:|1700927465\n|move|p1a: \u4e0d\u4f1a\u9f99\u821e|Dragon Claw|p2a: Bulbasaur\n|-damage|p2a: Bulbasaur|7\/100\n|move|p2a: Bulbasaur|Toxic|p1a: \u4e0d\u4f1a\u9f99\u821e\n|-status|p1a: \u4e0d\u4f1a\u9f99\u821e|tox\n|\n|-damage|p1a: \u4e0d\u4f1a\u9f99\u821e|64\/100 tox|[from] Leech Seed|[of] p2a: Bulbasaur\n|-heal|p2a: Bulbasaur|22\/100|[silent]\n|-damage|p1a: \u4e0d\u4f1a\u9f99\u821e|57\/100 tox|[from] psn\n|upkeep\n|turn|21\n|\n|t:|1700927473\n|move|p2a: Bulbasaur|Protect|p2a: Bulbasaur\n|-singleturn|p2a: Bulbasaur|Protect\n|move|p1a: \u4e0d\u4f1a\u9f99\u821e|Dragon Claw|p2a: Bulbasaur\n|-activate|p2a: Bulbasaur|move: Protect\n|\n|-damage|p1a: \u4e0d\u4f1a\u9f99\u821e|45\/100 tox|[from] Leech Seed|[of] p2a: Bulbasaur\n|-heal|p2a: Bulbasaur|37\/100|[silent]\n|-damage|p1a: \u4e0d\u4f1a\u9f99\u821e|33\/100 tox|[from] psn\n|upkeep\n|turn|22\n|\n|t:|1700927482\n|move|p2a: Bulbasaur|Protect|p2a: Bulbasaur\n|-singleturn|p2a: Bulbasaur|Protect\n|move|p1a: \u4e0d\u4f1a\u9f99\u821e|Dragon Claw|p2a: Bulbasaur\n|-activate|p2a: Bulbasaur|move: Protect\n|\n|-damage|p1a: \u4e0d\u4f1a\u9f99\u821e|20\/100 tox|[from] Leech Seed|[of] p2a: Bulbasaur\n|-heal|p2a: Bulbasaur|52\/100|[silent]\n|-damage|p1a: \u4e0d\u4f1a\u9f99\u821e|2\/100 tox|[from] psn\n|upkeep\n|-enditem|p1a: \u4e0d\u4f1a\u9f99\u821e|Figy Berry|[eat]\n|-heal|p1a: \u4e0d\u4f1a\u9f99\u821e|35\/100 tox|[from] item: Figy Berry\n|turn|23\n|\n|t:|1700927487\n|move|p2a: Bulbasaur|Protect||[still]\n|-fail|p2a: Bulbasaur\n|move|p1a: \u4e0d\u4f1a\u9f99\u821e|Dragon Claw|p2a: Bulbasaur\n|-damage|p2a: Bulbasaur|0 fnt\n|faint|p2a: Bulbasaur\n|\n|-damage|p1a: \u4e0d\u4f1a\u9f99\u821e|11\/100 tox|[from] psn\n|upkeep\n|\n|t:|1700927492\n|switch|p2a: Tauros|Tauros, M|100\/100\n|turn|24\n|\n|t:|1700927498\n|move|p2a: Tauros|Earthquake|p1a: \u4e0d\u4f1a\u9f99\u821e\n|-damage|p1a: \u4e0d\u4f1a\u9f99\u821e|0 fnt\n|faint|p1a: \u4e0d\u4f1a\u9f99\u821e\n|-damage|p2a: Tauros|91\/100|[from] item: Life Orb\n|\n|upkeep\n|\n|t:|1700927503\n|switch|p1a: \u5c0f\u5c0f\u7684\u8d85\u53ef\u7231|Hatterene, F|100\/100\n|turn|25\n|\n|t:|1700927506\n|move|p2a: Tauros|Body Slam|p1a: \u5c0f\u5c0f\u7684\u8d85\u53ef\u7231\n|-damage|p1a: \u5c0f\u5c0f\u7684\u8d85\u53ef\u7231|7\/100\n|move|p1a: \u5c0f\u5c0f\u7684\u8d85\u53ef\u7231|Thunder Wave|p2a: Tauros\n|-status|p2a: Tauros|par\n|\n|upkeep\n|turn|26\n|\n|t:|1700927512\n|cant|p2a: Tauros|par\n|move|p1a: \u5c0f\u5c0f\u7684\u8d85\u53ef\u7231|Dazzling Gleam|p2a: Tauros\n|-damage|p2a: Tauros|24\/100 par\n|\n|upkeep\n|turn|27\n|\n|t:|1700927518\n|move|p2a: Tauros|Body Slam|p1a: \u5c0f\u5c0f\u7684\u8d85\u53ef\u7231\n|-damage|p1a: \u5c0f\u5c0f\u7684\u8d85\u53ef\u7231|0 fnt\n|faint|p1a: \u5c0f\u5c0f\u7684\u8d85\u53ef\u7231\n|\n|upkeep\n|\n|t:|1700927520\n|switch|p1a: \u8d85\u7ea7\u5c0f\u8d85\u53ef\u7231|Toxapex, M|45\/100\n|turn|28\n|\n|t:|1700927526\n|move|p2a: Tauros|Zen Headbutt|p1a: \u8d85\u7ea7\u5c0f\u8d85\u53ef\u7231\n|-supereffective|p1a: \u8d85\u7ea7\u5c0f\u8d85\u53ef\u7231\n|-damage|p1a: \u8d85\u7ea7\u5c0f\u8d85\u53ef\u7231|0 fnt\n|-damage|p2a: Tauros|7\/100 par|[from] item: Rocky Helmet|[of] p1a: \u8d85\u7ea7\u5c0f\u8d85\u53ef\u7231\n|faint|p1a: \u8d85\u7ea7\u5c0f\u8d85\u53ef\u7231\n|\n|win|Dark Umbreon 08\n|raw|ibukisksk's rating: 1037 &rarr; <strong>1024<\/strong><br \/>(-13 for losing)\n|raw|Dark Umbreon 08's rating: 1093 &rarr; <strong>1115<\/strong><br \/>(+22 for winning)\n|l|\u2606ibukisksk\n|c|\u2606Dark Umbreon 08|Gg\n","uploadtime":1700927541,"views":0,"p1id":"ibukisksk","p2id":"darkumbreon08","formatid":"gen9nationaldex","rating":1024,"private":0,"password":""}