{"id":"gen9nationaldex-2000675116","p1":"KingoftheTitans","p2":"Abdullahibn_8632","format":"[Gen 9] National Dex","log":"|html|<div class=\"broadcast-blue\"><strong>[Gen 9] National Dex is currently suspecting Sneasler! For information on how to participate check out the <a href=\"https:\/\/www.smogon.com\/forums\/threads\/sv-national-dex-suspect-8-just-dance.3731534\/\">suspect thread<\/a>.<\/strong><\/div>\n|j|\u2606KingoftheTitans\n|j|\u2606Abdullahibn_8632\n|t:|1701217433\n|gametype|singles\n|player|p1|KingoftheTitans|2|1248\n|player|p2|Abdullahibn_8632|101|1172\n|teamsize|p1|6\n|teamsize|p2|6\n|gen|9\n|tier|[Gen 9] National Dex\n|rated|\n|rule|HP Percentage Mod: HP is shown in percentages\n|rule|Endless Battle Clause: Forcing endless battles is banned\n|rule|OHKO Clause: OHKO moves are banned\n|rule|Evasion Clause: Evasion abilities, items, and moves are banned\n|rule|Evasion Abilities Clause: Evasion abilities are banned\n|rule|Evasion Items Clause: Evasion items are banned\n|rule|Evasion Moves Clause: Evasion moves are banned\n|rule|Species Clause: Limit one of each Pok\u00e9mon\n|rule|Sleep Clause Mod: Limit one foe put to sleep\n|clearpoke\n|poke|p1|Diancie|\n|poke|p1|Volcarona, F|\n|poke|p1|Ursaluna, M|\n|poke|p1|Dragonite, M|\n|poke|p1|Ogerpon-Wellspring, F|\n|poke|p1|Raikou|\n|poke|p2|Charizard, F|\n|poke|p2|Weavile, M|\n|poke|p2|Rillaboom, M|\n|poke|p2|Landorus-Therian, M|\n|poke|p2|Heatran, F|\n|poke|p2|Tapu Lele|\n|teampreview\n|\n|t:|1701217445\n|start\n|switch|p1a: Diancie|Diancie|100\/100\n|switch|p2a: Landorus|Landorus-Therian, M, shiny|100\/100\n|-ability|p2a: Landorus|Intimidate|boost\n|-fail|p1a: Diancie|unboost|[from] ability: Clear Body|[of] p1a: Diancie\n|turn|1\n|inactive|Battle timer is ON: inactive players will automatically lose when time's up. (requested by Abdullahibn_8632)\n|\n|t:|1701217454\n|switch|p1a: Dragonite|Dragonite, M|100\/100\n|move|p2a: Landorus|Knock Off|p1a: Dragonite\n|-damage|p1a: Dragonite|84\/100\n|-enditem|p1a: Dragonite|Leftovers|[from] move: Knock Off|[of] p2a: Landorus\n|\n|upkeep\n|turn|2\n|\n|t:|1701217465\n|move|p1a: Dragonite|Dragon Dance|p1a: Dragonite\n|-boost|p1a: Dragonite|atk|1\n|-boost|p1a: Dragonite|spe|1\n|move|p2a: Landorus|U-turn|p1a: Dragonite\n|-resisted|p1a: Dragonite\n|-damage|p1a: Dragonite|71\/100\n|c|\u2606KingoftheTitans|How did you know I was gonna switch?\n|inactive|Abdullahibn_8632 has 120 seconds left.\n|\n|t:|1701217518\n|switch|p2a: Weavile|Weavile, M, shiny|100\/100|[from] U-turn\n|-ability|p2a: Weavile|Pressure\n|\n|upkeep\n|turn|3\n|\n|t:|1701217527\n|move|p2a: Weavile|Ice Shard|p1a: Dragonite\n|-supereffective|p1a: Dragonite\n|-damage|p1a: Dragonite|0 fnt\n|faint|p1a: Dragonite\n|\n|upkeep\n|\n|t:|1701217531\n|switch|p1a: Diancie|Diancie|100\/100\n|turn|4\n|\n|t:|1701217547\n|switch|p2a: Landorus|Landorus-Therian, M, shiny|100\/100\n|-ability|p2a: Landorus|Intimidate|boost\n|-fail|p1a: Diancie|unboost|[from] ability: Clear Body|[of] p1a: Diancie\n|detailschange|p1a: Diancie|Diancie-Mega\n|-mega|p1a: Diancie|Diancie|Diancite\n|move|p1a: Diancie|Diamond Storm|p2a: Landorus\n|-damage|p2a: Landorus|61\/100\n|\n|upkeep\n|turn|5\n|\n|t:|1701217557\n|move|p1a: Diancie|Moonblast|p2a: Landorus\n|-damage|p2a: Landorus|4\/100\n|move|p2a: Landorus|Earthquake|p1a: Diancie\n|-supereffective|p1a: Diancie\n|-damage|p1a: Diancie|0 fnt\n|faint|p1a: Diancie\n|\n|upkeep\n|\n|t:|1701217564\n|switch|p1a: Raikou|Raikou|100\/100\n|turn|6\n|inactive|Abdullahibn_8632 has 120 seconds left.\n|\n|t:|1701217571\n|switch|p2a: Heatran|Heatran, F, shiny|100\/100\n|move|p1a: Raikou|Scald|p2a: Heatran\n|-supereffective|p2a: Heatran\n|-damage|p2a: Heatran|71\/100\n|\n|-heal|p2a: Heatran|77\/100|[from] item: Leftovers\n|upkeep\n|turn|7\n|inactive|Abdullahibn_8632 has 120 seconds left.\n|\n|t:|1701217593\n|switch|p1a: Ogerpon|Ogerpon-Wellspring, F|100\/100\n|move|p2a: Heatran|Magma Storm|p1a: Ogerpon\n|-damage|p1a: Ogerpon|54\/100\n|-activate|p1a: Ogerpon|move: Magma Storm|[of] p2a: Heatran\n|\n|-heal|p2a: Heatran|83\/100|[from] item: Leftovers\n|-damage|p1a: Ogerpon|42\/100|[from] move: Magma Storm|[partiallytrapped]\n|upkeep\n|turn|8\n|\n|t:|1701217602\n|move|p1a: Ogerpon|Ivy Cudgel|p2a: Heatran|[anim] Ivy Cudgel Water\n|-supereffective|p2a: Heatran\n|-damage|p2a: Heatran|0 fnt\n|faint|p2a: Heatran\n|\n|-end|p1a: Ogerpon|Magma Storm|[partiallytrapped]|[silent]\n|upkeep\n|\n|t:|1701217610\n|switch|p2a: Rillaboom|Rillaboom, M|100\/100\n|-fieldstart|move: Grassy Terrain|[from] ability: Grassy Surge|[of] p2a: Rillaboom\n|turn|9\n|\n|t:|1701217617\n|switch|p1a: Volcarona|Volcarona, F|100\/100\n|move|p2a: Rillaboom|Grassy Glide|p1a: Volcarona\n|-resisted|p1a: Volcarona\n|-damage|p1a: Volcarona|79\/100\n|\n|-heal|p1a: Volcarona|85\/100|[from] Grassy Terrain\n|upkeep\n|turn|10\n|\n|t:|1701217624\n|switch|p2a: Tapu Lele|Tapu Lele|100\/100\n|-fieldstart|move: Psychic Terrain|[from] ability: Psychic Surge|[of] p2a: Tapu Lele\n|move|p1a: Volcarona|Quiver Dance|p1a: Volcarona\n|-boost|p1a: Volcarona|spa|1\n|-boost|p1a: Volcarona|spd|1\n|-boost|p1a: Volcarona|spe|1\n|\n|upkeep\n|turn|11\n|\n|t:|1701217633\n|-terastallize|p2a: Tapu Lele|Psychic\n|move|p2a: Tapu Lele|Psychic|p1a: Volcarona\n|-damage|p1a: Volcarona|30\/100\n|move|p1a: Volcarona|Quiver Dance|p1a: Volcarona\n|-boost|p1a: Volcarona|spa|1\n|-boost|p1a: Volcarona|spd|1\n|-boost|p1a: Volcarona|spe|1\n|\n|upkeep\n|turn|12\n|\n|t:|1701217640\n|move|p1a: Volcarona|Bug Buzz|p2a: Tapu Lele\n|-supereffective|p2a: Tapu Lele\n|-damage|p2a: Tapu Lele|0 fnt\n|faint|p2a: Tapu Lele\n|\n|upkeep\n|\n|t:|1701217646\n|switch|p2a: Weavile|Weavile, M, shiny|100\/100\n|-ability|p2a: Weavile|Pressure\n|turn|13\n|\n|t:|1701217653\n|move|p2a: Weavile|Ice Shard|p1a: Volcarona\n|-activate|p1a: Volcarona|move: Psychic Terrain\n|move|p1a: Volcarona|Fiery Dance|p2a: Weavile\n|-supereffective|p2a: Weavile\n|-damage|p2a: Weavile|0 fnt\n|faint|p2a: Weavile\n|\n|upkeep\n|\n|t:|1701217661\n|switch|p2a: Rillaboom|Rillaboom, M|100\/100\n|-fieldstart|move: Grassy Terrain|[from] ability: Grassy Surge|[of] p2a: Rillaboom\n|turn|14\n|\n|t:|1701217666\n|move|p2a: Rillaboom|Grassy Glide|p1a: Volcarona\n|-resisted|p1a: Volcarona\n|-damage|p1a: Volcarona|5\/100\n|move|p1a: Volcarona|Fiery Dance|p2a: Rillaboom\n|-supereffective|p2a: Rillaboom\n|-damage|p2a: Rillaboom|0 fnt\n|faint|p2a: Rillaboom\n|\n|-heal|p1a: Volcarona|11\/100|[from] Grassy Terrain\n|upkeep\n|-message|Abdullahibn_8632 forfeited.\n|\n|win|KingoftheTitans\n|raw|KingoftheTitans's rating: 1248 &rarr; <strong>1268<\/strong><br \/>(+20 for winning)\n|raw|Abdullahibn_8632's rating: 1172 &rarr; <strong>1152<\/strong><br \/>(-20 for losing)\n|l|\u2606Abdullahibn_8632\n","uploadtime":1701217680,"views":0,"p1id":"kingofthetitans","p2id":"abdullahibn8632","formatid":"gen9nationaldex","rating":1152,"private":0,"password":""}