{"id":"gen9nationaldex-1990996055","p1":"DracoAxel","p2":"Arnaenaed \u223e","format":"[Gen 9] National Dex","log":"|j|\u2606DracoAxel\n|j|\u2606Arnaenaed \u223e\n|t:|1700025117\n|gametype|singles\n|player|p1|DracoAxel|nate|\n|player|p2|Arnaenaed \u223e|birdkeeper-gen3|\n|teamsize|p1|6\n|teamsize|p2|6\n|gen|9\n|tier|[Gen 9] National Dex\n|rule|HP Percentage Mod: HP is shown in percentages\n|rule|Endless Battle Clause: Forcing endless battles is banned\n|rule|OHKO Clause: OHKO moves are banned\n|rule|Evasion Clause: Evasion abilities, items, and moves are banned\n|rule|Evasion Abilities Clause: Evasion abilities are banned\n|rule|Evasion Items Clause: Evasion items are banned\n|rule|Evasion Moves Clause: Evasion moves are banned\n|rule|Species Clause: Limit one of each Pok\u00e9mon\n|rule|Sleep Clause Mod: Limit one foe put to sleep\n|clearpoke\n|poke|p1|Garchomp, M|\n|poke|p1|Iron Valiant|\n|poke|p1|Sneasler, M|\n|poke|p1|Blacephalon|\n|poke|p1|Great Tusk|\n|poke|p1|Pinsir, F|\n|poke|p2|Toxapex, M|\n|poke|p2|Mantine, M|\n|poke|p2|Dondozo, M|\n|poke|p2|Azumarill, M|\n|poke|p2|Gastrodon, F|\n|poke|p2|Lanturn, M|\n|teampreview\n|\n|t:|1700025141\n|start\n|switch|p1a: Garchomp|Garchomp, M|100\/100\n|switch|p2a: Gastrodon|Gastrodon, F|100\/100\n|turn|1\n|\n|t:|1700025147\n|-terastallize|p1a: Garchomp|Steel\n|move|p1a: Garchomp|Swords Dance|p1a: Garchomp\n|-boost|p1a: Garchomp|atk|2\n|move|p2a: Gastrodon|Stealth Rock|p1a: Garchomp\n|-sidestart|p1: DracoAxel|move: Stealth Rock\n|\n|upkeep\n|turn|2\n|\n|t:|1700025157\n|switch|p2a: Dondozo|Dondozo, M|100\/100\n|move|p1a: Garchomp|Iron Head|p2a: Dondozo\n|-resisted|p2a: Dondozo\n|-damage|p2a: Dondozo|88\/100\n|-damage|p1a: Garchomp|91\/100|[from] item: Life Orb\n|\n|-heal|p2a: Dondozo|94\/100|[from] item: Leftovers\n|upkeep\n|turn|3\n|\n|t:|1700025168\n|move|p1a: Garchomp|Scale Shot|p2a: Dondozo\n|-damage|p2a: Dondozo|86\/100\n|-damage|p2a: Dondozo|78\/100\n|-hitcount|p2a: Dondozo|2\n|-unboost|p1a: Garchomp|def|1\n|-boost|p1a: Garchomp|spe|1\n|-damage|p1a: Garchomp|81\/100|[from] item: Life Orb\n|move|p2a: Dondozo|Curse|p2a: Dondozo\n|-unboost|p2a: Dondozo|spe|1\n|-boost|p2a: Dondozo|atk|1\n|-boost|p2a: Dondozo|def|1\n|\n|-heal|p2a: Dondozo|84\/100|[from] item: Leftovers\n|upkeep\n|turn|4\n|\n|t:|1700025180\n|switch|p1a: Iron Valiant|Iron Valiant|100\/100\n|-damage|p1a: Iron Valiant|94\/100|[from] Stealth Rock\n|-enditem|p1a: Iron Valiant|Booster Energy\n|-activate|p1a: Iron Valiant|ability: Quark Drive|[fromitem]\n|-start|p1a: Iron Valiant|quarkdrivespe\n|move|p2a: Dondozo|Curse|p2a: Dondozo\n|-unboost|p2a: Dondozo|spe|1\n|-boost|p2a: Dondozo|atk|1\n|-boost|p2a: Dondozo|def|1\n|\n|-heal|p2a: Dondozo|90\/100|[from] item: Leftovers\n|upkeep\n|turn|5\n|\n|t:|1700025186\n|move|p1a: Iron Valiant|Moonblast|p2a: Dondozo\n|-damage|p2a: Dondozo|44\/100\n|move|p2a: Dondozo|Liquidation|p1a: Iron Valiant\n|-damage|p1a: Iron Valiant|16\/100\n|\n|-heal|p2a: Dondozo|50\/100|[from] item: Leftovers\n|upkeep\n|turn|6\n|\n|t:|1700025194\n|switch|p2a: Toxapex|Toxapex, M|100\/100\n|move|p1a: Iron Valiant|Aura Sphere|p2a: Toxapex\n|-resisted|p2a: Toxapex\n|-damage|p2a: Toxapex|88\/100\n|\n|upkeep\n|turn|7\n|\n|t:|1700025199\n|move|p1a: Iron Valiant|Shadow Ball|p2a: Toxapex\n|-damage|p2a: Toxapex|71\/100\n|move|p2a: Toxapex|Scald|p1a: Iron Valiant\n|-crit|p1a: Iron Valiant\n|-damage|p1a: Iron Valiant|0 fnt\n|faint|p1a: Iron Valiant\n|-end|p1a: Iron Valiant|Quark Drive|[silent]\n|\n|upkeep\n|\n|t:|1700025203\n|switch|p1a: Great Tusk|Great Tusk|100\/100\n|-damage|p1a: Great Tusk|98\/100|[from] Stealth Rock\n|turn|8\n|\n|t:|1700025213\n|switch|p2a: Gastrodon|Gastrodon, F|100\/100\n|move|p1a: Great Tusk|Rapid Spin|p2a: Gastrodon\n|-damage|p2a: Gastrodon|90\/100\n|-boost|p1a: Great Tusk|spe|1\n|-sideend|p1: DracoAxel|Stealth Rock|[from] move: Rapid Spin|[of] p1a: Great Tusk\n|\n|-heal|p1a: Great Tusk|100\/100|[from] item: Leftovers\n|-heal|p2a: Gastrodon|97\/100|[from] item: Leftovers\n|upkeep\n|turn|9\n|\n|t:|1700025221\n|move|p2a: Gastrodon|Toxic|p1a: Great Tusk\n|-status|p1a: Great Tusk|tox\n|move|p1a: Great Tusk|Roar|p2a: Gastrodon\n|drag|p2a: Dondozo|Dondozo, M|50\/100\n|\n|-heal|p2a: Dondozo|57\/100|[from] item: Leftovers\n|-damage|p1a: Great Tusk|94\/100 tox|[from] psn\n|upkeep\n|turn|10\n|\n|t:|1700025227\n|-end|p1a: Great Tusk|Protosynthesis|[silent]\n|switch|p1a: Pinsir|Pinsir, F|100\/100\n|move|p2a: Dondozo|Rest|p2a: Dondozo\n|-status|p2a: Dondozo|slp|[from] move: Rest\n|-heal|p2a: Dondozo|100\/100 slp|[silent]\n|\n|upkeep\n|turn|11\n|\n|t:|1700025234\n|switch|p1a: Blacephalon|Blacephalon|100\/100\n|cant|p2a: Dondozo|slp\n|move|p2a: Dondozo|Sleep Talk|p2a: Dondozo\n|move|p2a: Dondozo|Curse|p2a: Dondozo|[from]move: Sleep Talk\n|-unboost|p2a: Dondozo|spe|1\n|-boost|p2a: Dondozo|atk|1\n|-boost|p2a: Dondozo|def|1\n|\n|upkeep\n|turn|12\n|\n|t:|1700025246\n|switch|p2a: Mantine|Mantine, M|100\/100\n|move|p1a: Blacephalon|Shadow Ball|p2a: Mantine\n|-damage|p2a: Mantine|77\/100\n|\n|upkeep\n|turn|13\n|\n|t:|1700025253\n|move|p1a: Blacephalon|Psyshock|p2a: Mantine\n|-damage|p2a: Mantine|42\/100\n|move|p2a: Mantine|Scald|p1a: Blacephalon\n|-supereffective|p1a: Blacephalon\n|-damage|p1a: Blacephalon|21\/100\n|\n|upkeep\n|turn|14\n|\n|t:|1700025260\n|move|p1a: Blacephalon|Psyshock|p2a: Mantine\n|-damage|p2a: Mantine|5\/100\n|move|p2a: Mantine|Roost|p2a: Mantine\n|-heal|p2a: Mantine|55\/100\n|-singleturn|p2a: Mantine|move: Roost\n|\n|upkeep\n|turn|15\n|\n|t:|1700025265\n|move|p1a: Blacephalon|Psyshock|p2a: Mantine\n|-damage|p2a: Mantine|19\/100\n|move|p2a: Mantine|Roost|p2a: Mantine\n|-heal|p2a: Mantine|69\/100\n|-singleturn|p2a: Mantine|move: Roost\n|\n|upkeep\n|turn|16\n|\n|t:|1700025273\n|move|p1a: Blacephalon|Shadow Ball|p2a: Mantine\n|-damage|p2a: Mantine|46\/100\n|move|p2a: Mantine|Roost|p2a: Mantine\n|-heal|p2a: Mantine|96\/100\n|-singleturn|p2a: Mantine|move: Roost\n|\n|upkeep\n|turn|17\n|\n|t:|1700025277\n|move|p1a: Blacephalon|Psyshock|p2a: Mantine\n|-damage|p2a: Mantine|61\/100\n|move|p2a: Mantine|Scald|p1a: Blacephalon\n|-supereffective|p1a: Blacephalon\n|-damage|p1a: Blacephalon|0 fnt\n|faint|p1a: Blacephalon\n|\n|upkeep\n|\n|t:|1700025283\n|switch|p1a: Pinsir|Pinsir, F|100\/100\n|turn|18\n|\n|t:|1700025287\n|switch|p2a: Dondozo|Dondozo, M|100\/100 slp\n|detailschange|p1a: Pinsir|Pinsir-Mega, F\n|-mega|p1a: Pinsir|Pinsir|Pinsirite\n|move|p1a: Pinsir|Swords Dance|p1a: Pinsir\n|-boost|p1a: Pinsir|atk|2\n|\n|upkeep\n|turn|19\n|\n|t:|1700025297\n|move|p1a: Pinsir|Double-Edge|p2a: Dondozo\n|-crit|p2a: Dondozo\n|-damage|p2a: Dondozo|42\/100 slp\n|-damage|p1a: Pinsir|65\/100|[from] Recoil\n|cant|p2a: Dondozo|slp\n|move|p2a: Dondozo|Sleep Talk|p2a: Dondozo\n|move|p2a: Dondozo|Liquidation|p1a: Pinsir|[from]move: Sleep Talk\n|-damage|p1a: Pinsir|30\/100\n|\n|-heal|p2a: Dondozo|48\/100 slp|[from] item: Leftovers\n|upkeep\n|turn|20\n|\n|t:|1700025307\n|move|p1a: Pinsir|Double-Edge|p2a: Dondozo\n|-damage|p2a: Dondozo|6\/100 slp\n|-damage|p1a: Pinsir|4\/100|[from] Recoil\n|-curestatus|p2a: Dondozo|slp|[msg]\n|move|p2a: Dondozo|Rest|p2a: Dondozo\n|-status|p2a: Dondozo|slp|[from] move: Rest\n|-heal|p2a: Dondozo|100\/100 slp|[silent]\n|\n|upkeep\n|turn|21\n|\n|t:|1700025315\n|move|p1a: Pinsir|Swords Dance|p1a: Pinsir\n|-boost|p1a: Pinsir|atk|2\n|cant|p2a: Dondozo|slp\n|move|p2a: Dondozo|Sleep Talk|p2a: Dondozo\n|move|p2a: Dondozo|Rest||[from]move: Sleep Talk|[still]\n|-fail|p2a: Dondozo\n|\n|upkeep\n|turn|22\n|\n|t:|1700025322\n|move|p1a: Pinsir|Double-Edge|p2a: Dondozo\n|-damage|p2a: Dondozo|59\/100 slp\n|-damage|p1a: Pinsir|0 fnt|[from] Recoil\n|faint|p1a: Pinsir\n|cant|p2a: Dondozo|slp\n|move|p2a: Dondozo|Sleep Talk|p2a: Dondozo\n|move|p2a: Dondozo|Rest||[from]move: Sleep Talk|[still]\n|-fail|p2a: Dondozo\n|\n|-heal|p2a: Dondozo|65\/100 slp|[from] item: Leftovers\n|upkeep\n|\n|t:|1700025328\n|switch|p1a: Garchomp|Garchomp, M, tera:Steel|81\/100\n|turn|23\n|\n|t:|1700025334\n|move|p1a: Garchomp|Swords Dance|p1a: Garchomp\n|-boost|p1a: Garchomp|atk|2\n|-curestatus|p2a: Dondozo|slp|[msg]\n|move|p2a: Dondozo|Curse|p2a: Dondozo\n|-unboost|p2a: Dondozo|spe|1\n|-boost|p2a: Dondozo|atk|1\n|-boost|p2a: Dondozo|def|1\n|\n|-heal|p2a: Dondozo|71\/100|[from] item: Leftovers\n|upkeep\n|turn|24\n|\n|t:|1700025337\n|move|p1a: Garchomp|Iron Head|p2a: Dondozo\n|-resisted|p2a: Dondozo\n|-damage|p2a: Dondozo|63\/100\n|-damage|p1a: Garchomp|71\/100|[from] item: Life Orb\n|move|p2a: Dondozo|Curse|p2a: Dondozo\n|-unboost|p2a: Dondozo|spe|1\n|-boost|p2a: Dondozo|atk|1\n|-boost|p2a: Dondozo|def|1\n|\n|-heal|p2a: Dondozo|69\/100|[from] item: Leftovers\n|upkeep\n|turn|25\n|\n|t:|1700025342\n|move|p1a: Garchomp|Scale Shot|p2a: Dondozo|[miss]\n|-miss|p1a: Garchomp|p2a: Dondozo\n|move|p2a: Dondozo|Liquidation|p1a: Garchomp\n|-damage|p1a: Garchomp|15\/100\n|-damage|p2a: Dondozo|56\/100|[from] ability: Rough Skin|[of] p1a: Garchomp\n|\n|-heal|p2a: Dondozo|62\/100|[from] item: Leftovers\n|upkeep\n|turn|26\n|\n|t:|1700025344\n|move|p1a: Garchomp|Scale Shot|p2a: Dondozo\n|-damage|p2a: Dondozo|58\/100\n|-damage|p2a: Dondozo|54\/100\n|-damage|p2a: Dondozo|50\/100\n|-damage|p2a: Dondozo|45\/100\n|-damage|p2a: Dondozo|41\/100\n|-hitcount|p2a: Dondozo|5\n|-unboost|p1a: Garchomp|def|1\n|-boost|p1a: Garchomp|spe|1\n|-damage|p1a: Garchomp|5\/100|[from] item: Life Orb\n|move|p2a: Dondozo|Liquidation|p1a: Garchomp\n|-damage|p1a: Garchomp|0 fnt\n|-damage|p2a: Dondozo|28\/100|[from] ability: Rough Skin|[of] p1a: Garchomp\n|faint|p1a: Garchomp\n|\n|-heal|p2a: Dondozo|34\/100|[from] item: Leftovers\n|upkeep\n|\n|t:|1700025355\n|switch|p1a: Great Tusk|Great Tusk|94\/100 tox\n|turn|27\n|\n|t:|1700025359\n|move|p2a: Dondozo|Liquidation|p1a: Great Tusk\n|-supereffective|p1a: Great Tusk\n|-damage|p1a: Great Tusk|30\/100 tox\n|move|p1a: Great Tusk|Roar|p2a: Dondozo\n|drag|p2a: Gastrodon|Gastrodon, F|97\/100\n|\n|-heal|p1a: Great Tusk|36\/100 tox|[from] item: Leftovers\n|-heal|p2a: Gastrodon|100\/100|[from] item: Leftovers\n|-damage|p1a: Great Tusk|30\/100 tox|[from] psn\n|upkeep\n|turn|28\n|\n|t:|1700025367\n|move|p1a: Great Tusk|Stone Edge|p2a: Gastrodon\n|-resisted|p2a: Gastrodon\n|-damage|p2a: Gastrodon|90\/100\n|move|p2a: Gastrodon|Stealth Rock|p1a: Great Tusk\n|-sidestart|p1: DracoAxel|move: Stealth Rock\n|\n|-heal|p1a: Great Tusk|36\/100 tox|[from] item: Leftovers\n|-heal|p2a: Gastrodon|96\/100|[from] item: Leftovers\n|-damage|p1a: Great Tusk|23\/100 tox|[from] psn\n|upkeep\n|turn|29\n|\n|t:|1700025374\n|move|p1a: Great Tusk|Stone Edge|p2a: Gastrodon\n|-resisted|p2a: Gastrodon\n|-damage|p2a: Gastrodon|85\/100\n|move|p2a: Gastrodon|Earth Power|p1a: Great Tusk\n|-damage|p1a: Great Tusk|0 fnt\n|faint|p1a: Great Tusk\n|-end|p1a: Great Tusk|Protosynthesis|[silent]\n|\n|-heal|p2a: Gastrodon|91\/100|[from] item: Leftovers\n|upkeep\n|\n|t:|1700025412\n|switch|p1a: Sneasler|Sneasler, M|100\/100\n|-damage|p1a: Sneasler|95\/100|[from] Stealth Rock\n|turn|30\n|\n|t:|1700025418\n|move|p1a: Sneasler|Fake Out|p2a: Gastrodon\n|-enditem|p1a: Sneasler|Normal Gem|[from] gem\n|-damage|p2a: Gastrodon|76\/100\n|cant|p2a: Gastrodon|flinch\n|\n|-heal|p2a: Gastrodon|82\/100|[from] item: Leftovers\n|upkeep\n|turn|31\n|c|\u2606Arnaenaed \u223e|gg\n|\n|t:|1700025422\n|move|p1a: Sneasler|Dire Claw|p2a: Gastrodon\n|-resisted|p2a: Gastrodon\n|-damage|p2a: Gastrodon|66\/100\n|move|p2a: Gastrodon|Earth Power|p1a: Sneasler\n|-supereffective|p1a: Sneasler\n|-damage|p1a: Sneasler|13\/100\n|\n|-heal|p2a: Gastrodon|72\/100|[from] item: Leftovers\n|upkeep\n|turn|32\n|\n|t:|1700025431\n|move|p1a: Sneasler|Close Combat|p2a: Gastrodon\n|-damage|p2a: Gastrodon|20\/100\n|-unboost|p1a: Sneasler|def|1\n|-unboost|p1a: Sneasler|spd|1\n|move|p2a: Gastrodon|Earth Power|p1a: Sneasler\n|-supereffective|p1a: Sneasler\n|-damage|p1a: Sneasler|0 fnt\n|faint|p1a: Sneasler\n|\n|win|Arnaenaed \u223e\n|l|\u2606DracoAxel\n","uploadtime":1700025453,"views":4,"p1id":"dracoaxel","p2id":"arnaenaed","formatid":"gen9nationaldex","rating":0,"private":0,"password":""}