{"id":"gen9nationaldex-1991202100","p1":"Ninefore","p2":"Dark Umbreon 08","format":"[Gen 9] National Dex","log":"|j|\u2606Ninefore\n|j|\u2606Dark Umbreon 08\n|t:|1700056630\n|gametype|singles\n|player|p1|Ninefore|shadowtriad|1104\n|player|p2|Dark Umbreon 08|lass-gen4dp|1035\n|teamsize|p1|6\n|teamsize|p2|2\n|gen|9\n|tier|[Gen 9] National Dex\n|rated|\n|rule|HP Percentage Mod: HP is shown in percentages\n|rule|Endless Battle Clause: Forcing endless battles is banned\n|rule|OHKO Clause: OHKO moves are banned\n|rule|Evasion Clause: Evasion abilities, items, and moves are banned\n|rule|Evasion Abilities Clause: Evasion abilities are banned\n|rule|Evasion Items Clause: Evasion items are banned\n|rule|Evasion Moves Clause: Evasion moves are banned\n|rule|Species Clause: Limit one of each Pok\u00e9mon\n|rule|Sleep Clause Mod: Limit one foe put to sleep\n|clearpoke\n|poke|p1|Charizard, F|\n|poke|p1|Duraludon, M|\n|poke|p1|Latias, F|\n|poke|p1|Kyurem|\n|poke|p1|Salamence, M|\n|poke|p1|Dracozolt|\n|poke|p2|Blaziken, F|\n|poke|p2|Torterra, F|\n|teampreview\n|inactive|Battle timer is ON: inactive players will automatically lose when time's up. (requested by Dark Umbreon 08)\n|\n|t:|1700056637\n|start\n|switch|p1a: Salamence|Salamence, M|100\/100\n|switch|p2a: Torterra|Torterra, F|100\/100\n|turn|1\n|\n|t:|1700056645\n|move|p1a: Salamence|Dragon Dance|p1a: Salamence\n|-boost|p1a: Salamence|atk|1\n|-boost|p1a: Salamence|spe|1\n|move|p2a: Torterra|Shell Smash|p2a: Torterra\n|-unboost|p2a: Torterra|def|1\n|-unboost|p2a: Torterra|spd|1\n|-boost|p2a: Torterra|atk|2\n|-boost|p2a: Torterra|spa|2\n|-boost|p2a: Torterra|spe|2\n|\n|upkeep\n|turn|2\n|\n|t:|1700056652\n|-terastallize|p2a: Torterra|Steel\n|move|p1a: Salamence|Dual Wingbeat|p2a: Torterra\n|-resisted|p2a: Torterra\n|-damage|p2a: Torterra|73\/100\n|-resisted|p2a: Torterra\n|-damage|p2a: Torterra|49\/100\n|-hitcount|p2a: Torterra|2\n|move|p2a: Torterra|Shell Smash|p2a: Torterra\n|-unboost|p2a: Torterra|def|1\n|-unboost|p2a: Torterra|spd|1\n|-boost|p2a: Torterra|atk|2\n|-boost|p2a: Torterra|spa|2\n|-boost|p2a: Torterra|spe|2\n|\n|upkeep\n|turn|3\n|\n|t:|1700056663\n|move|p2a: Torterra|Rock Blast|p1a: Salamence\n|-supereffective|p1a: Salamence\n|-damage|p1a: Salamence|36\/100\n|-supereffective|p1a: Salamence\n|-damage|p1a: Salamence|0 fnt\n|faint|p1a: Salamence\n|-hitcount|p1: Salamence|2\n|\n|upkeep\n|inactive|Ninefore has 120 seconds left.\n|inactive|Ninefore has 90 seconds left.\n|inactive|Ninefore has 60 seconds left.\n|inactive|Ninefore has 30 seconds left.\n|inactive|Ninefore has 20 seconds left.\n|\n|t:|1700056795\n|switch|p1a: Dracozolt|Dracozolt|100\/100\n|turn|4\n|inactive|Ninefore has 30 seconds left this turn.\n|\n|t:|1700056804\n|move|p2a: Torterra|Rock Blast|p1a: Dracozolt\n|-damage|p1a: Dracozolt|68\/100\n|-damage|p1a: Dracozolt|37\/100\n|-damage|p1a: Dracozolt|7\/100\n|-damage|p1a: Dracozolt|0 fnt\n|faint|p1a: Dracozolt\n|-hitcount|p1: Dracozolt|4\n|\n|upkeep\n|inactive|Ninefore has 30 seconds left this turn.\n|\n|t:|1700056810\n|switch|p1a: Duraludon|Duraludon, M|100\/100\n|turn|5\n|\n|t:|1700056813\n|move|p2a: Torterra|Headlong Rush|p1a: Duraludon\n|-supereffective|p1a: Duraludon\n|-damage|p1a: Duraludon|0 fnt\n|-unboost|p2a: Torterra|def|1\n|-unboost|p2a: Torterra|spd|1\n|faint|p1a: Duraludon\n|\n|upkeep\n|\n|t:|1700056816\n|switch|p1a: Latias|Latias, F|100\/100\n|turn|6\n|\n|t:|1700056820\n|move|p2a: Torterra|Rock Blast|p1a: Latias\n|-damage|p1a: Latias|70\/100\n|-damage|p1a: Latias|37\/100\n|-damage|p1a: Latias|6\/100\n|-damage|p1a: Latias|0 fnt\n|faint|p1a: Latias\n|-hitcount|p1: Latias|4\n|\n|upkeep\n|\n|t:|1700056825\n|switch|p1a: Kyurem|Kyurem|100\/100\n|-ability|p1a: Kyurem|Pressure\n|turn|7\n|inactive|Ninefore has 60 seconds left.\n|\n|t:|1700056833\n|-terastallize|p1a: Kyurem|Fairy\n|move|p2a: Torterra|Headlong Rush|p1a: Kyurem\n|-damage|p1a: Kyurem|0 fnt\n|-unboost|p2a: Torterra|def|1\n|-unboost|p2a: Torterra|spd|1\n|faint|p1a: Kyurem\n|\n|upkeep\n|\n|t:|1700056838\n|switch|p1a: Charizard|Charizard, F|100\/100\n|turn|8\n|\n|t:|1700056843\n|move|p2a: Torterra|Rock Blast|p1a: Charizard\n|-supereffective|p1a: Charizard\n|-damage|p1a: Charizard|0 fnt\n|faint|p1a: Charizard\n|-hitcount|p1: Charizard|1\n|\n|win|Dark Umbreon 08\n|raw|Ninefore's rating: 1104 &rarr; <strong>1074<\/strong><br \/>(-30 for losing)\n|raw|Dark Umbreon 08's rating: 1035 &rarr; <strong>1077<\/strong><br \/>(+42 for winning)\n|c|\u2606Dark Umbreon 08|Gg\n|c|\u2606Ninefore|W strat Ong\n|c|\u2606Ninefore|Gg\n|l|\u2606Ninefore\n","uploadtime":1700056905,"views":4,"p1id":"ninefore","p2id":"darkumbreon08","formatid":"gen9nationaldex","rating":1074,"private":0,"password":""}