{"id":"gen9nationaldex-1988979472","p1":"cyan maple","p2":"ooMIZUHASUoo","format":"[Gen 9] National Dex","log":"|j|\u2606cyan maple\n|j|\u2606ooMIZUHASUoo\n|t:|1699797696\n|gametype|singles\n|player|p1|cyan maple|n-masters3|1536\n|player|p2|ooMIZUHASUoo|lana|1696\n|teamsize|p1|6\n|teamsize|p2|6\n|gen|9\n|tier|[Gen 9] National Dex\n|rated|\n|rule|HP Percentage Mod: HP is shown in percentages\n|rule|Endless Battle Clause: Forcing endless battles is banned\n|rule|OHKO Clause: OHKO moves are banned\n|rule|Evasion Clause: Evasion abilities, items, and moves are banned\n|rule|Evasion Abilities Clause: Evasion abilities are banned\n|rule|Evasion Items Clause: Evasion items are banned\n|rule|Evasion Moves Clause: Evasion moves are banned\n|rule|Species Clause: Limit one of each Pok\u00e9mon\n|rule|Sleep Clause Mod: Limit one foe put to sleep\n|clearpoke\n|poke|p1|Tapu Koko|\n|poke|p1|Manectric, M|\n|poke|p1|Sneasler, M|\n|poke|p1|Rillaboom, M|\n|poke|p1|Moltres|\n|poke|p1|Iron Hands|\n|poke|p2|Scizor, M|\n|poke|p2|Urshifu-*, F|\n|poke|p2|Zapdos|\n|poke|p2|Pelipper, F|\n|poke|p2|Ogerpon-Wellspring, F|\n|poke|p2|Garchomp, F|\n|teampreview\n|inactive|Battle timer is ON: inactive players will automatically lose when time's up. (requested by cyan maple)\n|j| Mixlus pi\n|\n|t:|1699797706\n|start\n|switch|p1a: Tapu Koko|Tapu Koko|100\/100\n|switch|p2a: Urshifu|Urshifu-Rapid-Strike, F|100\/100\n|-fieldstart|move: Electric Terrain|[from] ability: Electric Surge|[of] p1a: Tapu Koko\n|turn|1\n|\n|t:|1699797715\n|-terastallize|p2a: Urshifu|Water\n|move|p2a: Urshifu|Surging Strikes|p1a: Tapu Koko\n|-crit|p1a: Tapu Koko\n|-damage|p1a: Tapu Koko|64\/100\n|-crit|p1a: Tapu Koko\n|-damage|p1a: Tapu Koko|29\/100\n|-crit|p1a: Tapu Koko\n|-damage|p1a: Tapu Koko|0 fnt\n|faint|p1a: Tapu Koko\n|-hitcount|p1: Tapu Koko|3\n|\n|upkeep\n|\n|t:|1699797721\n|switch|p1a: My hammer|Rillaboom, M|100\/100\n|-fieldstart|move: Grassy Terrain|[from] ability: Grassy Surge|[of] p1a: My hammer\n|turn|2\n|\n|t:|1699797734\n|switch|p1a: Baymax|Iron Hands|100\/100\n|move|p2a: Urshifu|Surging Strikes|p1a: Baymax\n|-crit|p1a: Baymax\n|-damage|p1a: Baymax|84\/100\n|-crit|p1a: Baymax\n|-damage|p1a: Baymax|65\/100\n|-crit|p1a: Baymax\n|-damage|p1a: Baymax|47\/100\n|-hitcount|p1a: Baymax|3\n|\n|-heal|p1a: Baymax|53\/100|[from] Grassy Terrain\n|upkeep\n|turn|3\n|\n|t:|1699797742\n|move|p2a: Urshifu|Surging Strikes|p1a: Baymax\n|-crit|p1a: Baymax\n|-damage|p1a: Baymax|34\/100\n|-crit|p1a: Baymax\n|-damage|p1a: Baymax|16\/100\n|-crit|p1a: Baymax\n|-damage|p1a: Baymax|0 fnt\n|faint|p1a: Baymax\n|-end|p1a: Baymax|Quark Drive|[silent]\n|-hitcount|p1: Baymax|3\n|\n|upkeep\n|\n|t:|1699797747\n|switch|p1a: My hammer|Rillaboom, M|100\/100\n|turn|4\n|\n|t:|1699797750\n|switch|p2a: Zapdos|Zapdos, shiny|100\/100\n|move|p1a: My hammer|U-turn|p2a: Zapdos\n|-resisted|p2a: Zapdos\n|-damage|p2a: Zapdos|80\/100\n|-status|p1a: My hammer|par|[from] ability: Static|[of] p2a: Zapdos\n|\n|t:|1699797753\n|switch|p1a: Moltres|Moltres|100\/100|[from] U-turn\n|\n|upkeep\n|turn|5\n|\n|t:|1699797756\n|move|p2a: Zapdos|Thunder|p1a: Moltres|[miss]\n|-miss|p2a: Zapdos|p1a: Moltres\n|move|p1a: Moltres|Toxic|p2a: Zapdos\n|-status|p2a: Zapdos|tox\n|\n|-damage|p2a: Zapdos|73\/100 tox|[from] psn\n|upkeep\n|turn|6\n|\n|t:|1699797764\n|move|p2a: Zapdos|Hurricane|p1a: Moltres|[miss]\n|-miss|p2a: Zapdos|p1a: Moltres\n|move|p1a: Moltres|Roost||[still]\n|-fail|p1a: Moltres|heal\n|\n|-damage|p2a: Zapdos|61\/100 tox|[from] psn\n|-fieldend|move: Grassy Terrain\n|upkeep\n|turn|7\n|\n|t:|1699797772\n|move|p2a: Zapdos|Hurricane|p1a: Moltres\n|-damage|p1a: Moltres|52\/100\n|move|p1a: Moltres|Flamethrower|p2a: Zapdos\n|-damage|p2a: Zapdos|15\/100 tox\n|\n|-damage|p2a: Zapdos|0 fnt|[from] psn\n|faint|p2a: Zapdos\n|upkeep\n|\n|t:|1699797793\n|switch|p2a: Pelipper|Pelipper, F|100\/100\n|-weather|RainDance|[from] ability: Drizzle|[of] p2a: Pelipper\n|turn|8\n|\n|t:|1699797800\n|switch|p1a: Manectric|Manectric, M|100\/100\n|move|p2a: Pelipper|Scald|p1a: Manectric\n|-damage|p1a: Manectric|26\/100\n|\n|-weather|RainDance|[upkeep]\n|upkeep\n|turn|9\n|\n|t:|1699797805\n|detailschange|p1a: Manectric|Manectric-Mega, M\n|-mega|p1a: Manectric|Manectric|Manectite\n|-ability|p1a: Manectric|Intimidate|boost\n|-unboost|p2a: Pelipper|atk|1\n|move|p1a: Manectric|Rising Voltage|p2a: Pelipper\n|-supereffective|p2a: Pelipper\n|-damage|p2a: Pelipper|0 fnt\n|faint|p2a: Pelipper\n|\n|-weather|RainDance|[upkeep]\n|upkeep\n|\n|t:|1699797815\n|switch|p2a: Urshifu|Urshifu-Rapid-Strike, F, tera:Water|100\/100\n|turn|10\n|\n|t:|1699797820\n|move|p2a: Urshifu|Surging Strikes|p1a: Manectric\n|-crit|p1a: Manectric\n|-damage|p1a: Manectric|0 fnt\n|faint|p1a: Manectric\n|-hitcount|p1: Manectric|1\n|\n|-weather|RainDance|[upkeep]\n|upkeep\n|\n|t:|1699797823\n|switch|p1a: My hammer|Rillaboom, M|100\/100 par\n|-fieldstart|move: Grassy Terrain|[from] ability: Grassy Surge|[of] p1a: My hammer\n|turn|11\n|\n|t:|1699797825\n|move|p1a: My hammer|Grassy Glide|p2a: Urshifu\n|-supereffective|p2a: Urshifu\n|-damage|p2a: Urshifu|0 fnt\n|faint|p2a: Urshifu\n|\n|-weather|RainDance|[upkeep]\n|upkeep\n|\n|t:|1699797830\n|switch|p2a: Scizor|Scizor, M, shiny|100\/100\n|turn|12\n|\n|t:|1699797833\n|switch|p1a: Moltres|Moltres|52\/100\n|detailschange|p2a: Scizor|Scizor-Mega, M, shiny\n|-mega|p2a: Scizor|Scizor|Scizorite\n|move|p2a: Scizor|Swords Dance|p2a: Scizor\n|-boost|p2a: Scizor|atk|2\n|\n|-weather|RainDance|[upkeep]\n|upkeep\n|turn|13\n|\n|t:|1699797837\n|move|p2a: Scizor|Bullet Punch|p1a: Moltres\n|-resisted|p1a: Moltres\n|-damage|p1a: Moltres|25\/100\n|-status|p2a: Scizor|brn|[from] ability: Flame Body|[of] p1a: Moltres\n|move|p1a: Moltres|Roost|p1a: Moltres\n|-heal|p1a: Moltres|75\/100\n|-singleturn|p1a: Moltres|move: Roost\n|\n|-weather|RainDance|[upkeep]\n|-heal|p1a: Moltres|81\/100|[from] Grassy Terrain\n|-damage|p2a: Scizor|94\/100 brn|[from] brn\n|upkeep\n|turn|14\n|\n|t:|1699797846\n|move|p1a: Moltres|Toxic||[still]\n|-fail|p1a: Moltres\n|move|p2a: Scizor|Swords Dance|p2a: Scizor\n|-boost|p2a: Scizor|atk|2\n|\n|-weather|RainDance|[upkeep]\n|-heal|p2a: Scizor|100\/100 brn|[from] Grassy Terrain\n|-damage|p2a: Scizor|94\/100 brn|[from] brn\n|upkeep\n|turn|15\n|\n|t:|1699797849\n|move|p1a: Moltres|Flamethrower|p2a: Scizor\n|-supereffective|p2a: Scizor\n|-damage|p2a: Scizor|21\/100 brn\n|move|p2a: Scizor|Swords Dance|p2a: Scizor\n|-boost|p2a: Scizor|atk|2\n|\n|-weather|none\n|-heal|p2a: Scizor|27\/100 brn|[from] Grassy Terrain\n|-damage|p2a: Scizor|21\/100 brn|[from] brn\n|-fieldend|move: Grassy Terrain\n|upkeep\n|turn|16\n|\n|t:|1699797852\n|move|p2a: Scizor|Bullet Punch|p1a: Moltres\n|-resisted|p1a: Moltres\n|-damage|p1a: Moltres|54\/100\n|move|p1a: Moltres|Roost|p1a: Moltres\n|-heal|p1a: Moltres|100\/100\n|-singleturn|p1a: Moltres|move: Roost\n|\n|-damage|p2a: Scizor|15\/100 brn|[from] brn\n|upkeep\n|turn|17\n|\n|t:|1699797856\n|move|p2a: Scizor|Bullet Punch|p1a: Moltres\n|-resisted|p1a: Moltres\n|-damage|p1a: Moltres|74\/100\n|move|p1a: Moltres|Flamethrower|p2a: Scizor\n|-supereffective|p2a: Scizor\n|-damage|p2a: Scizor|0 fnt\n|faint|p2a: Scizor\n|\n|upkeep\n|\n|t:|1699797860\n|switch|p2a: Garchomp|Garchomp, F|100\/100\n|turn|18\n|\n|t:|1699797875\n|move|p2a: Garchomp|Scale Shot|p1a: Moltres\n|-damage|p1a: Moltres|65\/100\n|-damage|p1a: Moltres|56\/100\n|-damage|p1a: Moltres|47\/100\n|-damage|p1a: Moltres|37\/100\n|-damage|p1a: Moltres|27\/100\n|-hitcount|p1a: Moltres|5\n|-unboost|p2a: Garchomp|def|1\n|-boost|p2a: Garchomp|spe|1\n|move|p1a: Moltres|Toxic|p2a: Garchomp|[miss]\n|-miss|p1a: Moltres|p2a: Garchomp\n|\n|upkeep\n|turn|19\n|\n|t:|1699797884\n|move|p2a: Garchomp|Scale Shot|p1a: Moltres\n|-damage|p1a: Moltres|19\/100\n|-damage|p1a: Moltres|10\/100\n|-damage|p1a: Moltres|1\/100\n|-damage|p1a: Moltres|0 fnt\n|faint|p1a: Moltres\n|-hitcount|p1: Moltres|4\n|-unboost|p2a: Garchomp|def|1\n|-boost|p2a: Garchomp|spe|1\n|\n|upkeep\n|\n|t:|1699797887\n|switch|p1a: My hammer|Rillaboom, M|100\/100 par\n|-fieldstart|move: Grassy Terrain|[from] ability: Grassy Surge|[of] p1a: My hammer\n|turn|20\n|\n|t:|1699797896\n|switch|p2a: Ogerpon|Ogerpon-Wellspring, F|100\/100\n|move|p1a: My hammer|Grassy Glide|p2a: Ogerpon\n|-damage|p2a: Ogerpon|22\/100\n|\n|-heal|p2a: Ogerpon|28\/100|[from] Grassy Terrain\n|upkeep\n|turn|21\n|\n|t:|1699797900\n|move|p1a: My hammer|Grassy Glide|p2a: Ogerpon\n|-damage|p2a: Ogerpon|0 fnt\n|faint|p2a: Ogerpon\n|\n|upkeep\n|\n|t:|1699797903\n|switch|p2a: Garchomp|Garchomp, F|100\/100\n|turn|22\n|\n|t:|1699797906\n|cant|p1a: My hammer|par\n|move|p2a: Garchomp|Swords Dance|p2a: Garchomp\n|-boost|p2a: Garchomp|atk|2\n|\n|upkeep\n|turn|23\n|\n|t:|1699797908\n|cant|p1a: My hammer|par\n|move|p2a: Garchomp|Scale Shot|p1a: My hammer\n|-damage|p1a: My hammer|73\/100 par\n|-damage|p1a: My hammer|47\/100 par\n|-damage|p1a: My hammer|22\/100 par\n|-crit|p1a: My hammer\n|-damage|p1a: My hammer|0 fnt\n|faint|p1a: My hammer\n|-hitcount|p1: My hammer|4\n|-unboost|p2a: Garchomp|def|1\n|-boost|p2a: Garchomp|spe|1\n|\n|upkeep\n|\n|t:|1699797911\n|switch|p1a: Sneasler|Sneasler, M|100\/100\n|-enditem|p1a: Sneasler|Grassy Seed\n|-boost|p1a: Sneasler|def|1|[from] item: Grassy Seed\n|turn|24\n|\n|t:|1699797916\n|move|p1a: Sneasler|Close Combat|p2a: Garchomp\n|-damage|p2a: Garchomp|0 fnt\n|-unboost|p1a: Sneasler|def|1\n|-unboost|p1a: Sneasler|spd|1\n|-damage|p1a: Sneasler|88\/100|[from] ability: Rough Skin|[of] p2a: Garchomp\n|faint|p2a: Garchomp\n|\n|win|cyan maple\n|raw|cyan maple's rating: 1553 &rarr; <strong>1581<\/strong><br \/>(+28 for winning)\n|raw|ooMIZUHASUoo's rating: 1696 &rarr; <strong>1668<\/strong><br \/>(-28 for losing)\n|l|\u2606ooMIZUHASUoo\n|l|\u2606cyan maple\n|j|\u2606cyan maple\n|player|p1|cyan maple|n-masters3\n","uploadtime":1699797928,"views":5,"p1id":"cyanmaple","p2id":"oomizuhasuoo","formatid":"gen9nationaldex","rating":1581,"private":0,"password":""}