{"id":"gen9nationaldex-1993136291","p1":"Maxer59","p2":"Ymerej_X","format":"[Gen 9] National Dex","log":"|j|\u2606Maxer59\n|j|\u2606Ymerej_X\n|t:|1700269063\n|gametype|singles\n|player|p1|Maxer59|lucas|1292\n|player|p2|Ymerej_X|grimsley|1310\n|teamsize|p1|6\n|teamsize|p2|6\n|gen|9\n|tier|[Gen 9] National Dex\n|rated|\n|rule|HP Percentage Mod: HP is shown in percentages\n|rule|Endless Battle Clause: Forcing endless battles is banned\n|rule|OHKO Clause: OHKO moves are banned\n|rule|Evasion Clause: Evasion abilities, items, and moves are banned\n|rule|Evasion Abilities Clause: Evasion abilities are banned\n|rule|Evasion Items Clause: Evasion items are banned\n|rule|Evasion Moves Clause: Evasion moves are banned\n|rule|Species Clause: Limit one of each Pok\u00e9mon\n|rule|Sleep Clause Mod: Limit one foe put to sleep\n|clearpoke\n|poke|p1|Politoed, M|\n|poke|p1|Floatzel, F|\n|poke|p1|Indeedee, M|\n|poke|p1|Espeon, F|\n|poke|p1|Zoroark-Hisui, M|\n|poke|p1|Beedrill, M|\n|poke|p2|Slowking-Galar, M|\n|poke|p2|Skeledirge, M|\n|poke|p2|Urshifu-*, M|\n|poke|p2|Meowscarada, F|\n|poke|p2|Garchomp, F|\n|poke|p2|Corviknight, F|\n|teampreview\n|inactive|Battle timer is ON: inactive players will automatically lose when time's up. (requested by Maxer59)\n|\n|t:|1700269078\n|start\n|switch|p1a: Politoed|Politoed, M|100\/100\n|switch|p2a: Slowking|Slowking-Galar, M|100\/100\n|-weather|RainDance|[from] ability: Drizzle|[of] p1a: Politoed\n|turn|1\n|\n|t:|1700269085\n|move|p1a: Politoed|Earth Power|p2a: Slowking\n|-supereffective|p2a: Slowking\n|-damage|p2a: Slowking|57\/100\n|move|p2a: Slowking|Chilly Reception|p2a: Slowking\n|-weather|Snow\n|\n|t:|1700269097\n|switch|p2a: Meowscarada|Meowscarada, F|100\/100|[from] Chilly Reception\n|\n|-weather|Snow|[upkeep]\n|upkeep\n|turn|2\n|\n|t:|1700269104\n|switch|p1a: Indeedee|Indeedee, M|100\/100\n|-fieldstart|move: Psychic Terrain|[from] ability: Psychic Surge|[of] p1a: Indeedee\n|move|p2a: Meowscarada|Knock Off|p1a: Indeedee\n|-start|p2a: Meowscarada|typechange|Dark|[from] ability: Protean\n|-supereffective|p1a: Indeedee\n|-damage|p1a: Indeedee|0 fnt\n|-enditem|p1a: Indeedee|Terrain Extender|[from] move: Knock Off|[of] p2a: Meowscarada\n|faint|p1a: Indeedee\n|\n|-weather|Snow|[upkeep]\n|upkeep\n|\n|t:|1700269113\n|switch|p1a: Beedrill|Beedrill, M|100\/100\n|turn|3\n|\n|t:|1700269119\n|switch|p2a: Corviknight|Corviknight, F|100\/100\n|-ability|p2a: Corviknight|Pressure\n|detailschange|p1a: Beedrill|Beedrill-Mega, M\n|-mega|p1a: Beedrill|Beedrill|Beedrillite\n|move|p1a: Beedrill|U-turn|p2a: Corviknight\n|-resisted|p2a: Corviknight\n|-damage|p2a: Corviknight|90\/100\n|-damage|p1a: Beedrill|84\/100|[from] item: Rocky Helmet|[of] p2a: Corviknight\n|\n|t:|1700269128\n|switch|p1a: Espeon|Espeon, F|100\/100|[from] U-turn\n|\n|-weather|Snow|[upkeep]\n|upkeep\n|turn|4\n|\n|t:|1700269133\n|move|p1a: Espeon|Flamethrower|p2a: Corviknight\n|-supereffective|p2a: Corviknight\n|-damage|p2a: Corviknight|26\/100\n|-damage|p1a: Espeon|91\/100|[from] item: Life Orb\n|move|p2a: Corviknight|U-turn|p1a: Espeon\n|-resisted|p1a: Espeon\n|-damage|p1a: Espeon|75\/100\n|replace|p1a: Zoroark|Zoroark-Hisui, M\n|-end|p1a: Zoroark|Illusion\n|\n|t:|1700269146\n|switch|p2a: Urshifu|Urshifu-Rapid-Strike, M|100\/100|[from] U-turn\n|\n|-weather|Snow|[upkeep]\n|upkeep\n|turn|5\n|\n|t:|1700269158\n|move|p2a: Urshifu|U-turn|p1a: Zoroark\n|-resisted|p1a: Zoroark\n|-damage|p1a: Zoroark|48\/100\n|\n|t:|1700269170\n|switch|p2a: Corviknight|Corviknight, F|26\/100|[from] U-turn\n|-ability|p2a: Corviknight|Pressure\n|move|p1a: Zoroark|Extrasensory|p2a: Corviknight\n|-resisted|p2a: Corviknight\n|-damage|p2a: Corviknight|8\/100\n|-damage|p1a: Zoroark|38\/100|[from] item: Life Orb\n|\n|-weather|none\n|upkeep\n|turn|6\n|\n|t:|1700269180\n|move|p1a: Zoroark|Flamethrower|p2a: Corviknight\n|-supereffective|p2a: Corviknight\n|-damage|p2a: Corviknight|0 fnt\n|faint|p2a: Corviknight\n|-damage|p1a: Zoroark|28\/100|[from] item: Life Orb\n|\n|upkeep\n|\n|t:|1700269186\n|switch|p2a: Meowscarada|Meowscarada, F|100\/100\n|turn|7\n|\n|t:|1700269196\n|move|p2a: Meowscarada|Knock Off|p1a: Zoroark\n|-start|p2a: Meowscarada|typechange|Dark|[from] ability: Protean\n|-supereffective|p1a: Zoroark\n|-damage|p1a: Zoroark|0 fnt\n|-enditem|p1a: Zoroark|Life Orb|[from] move: Knock Off|[of] p2a: Meowscarada\n|faint|p1a: Zoroark\n|\n|upkeep\n|\n|t:|1700269199\n|switch|p1a: Beedrill|Beedrill-Mega, M|84\/100\n|turn|8\n|\n|t:|1700269213\n|switch|p2a: Skeledirge|Skeledirge, M|100\/100\n|move|p1a: Beedrill|U-turn|p2a: Skeledirge\n|-resisted|p2a: Skeledirge\n|-damage|p2a: Skeledirge|89\/100\n|\n|t:|1700269220\n|switch|p1a: Politoed|Politoed, M|100\/100|[from] U-turn\n|-weather|RainDance|[from] ability: Drizzle|[of] p1a: Politoed\n|\n|-weather|RainDance|[upkeep]\n|-heal|p2a: Skeledirge|95\/100|[from] item: Leftovers\n|upkeep\n|turn|9\n|\n|t:|1700269226\n|move|p1a: Politoed|Weather Ball|p2a: Skeledirge\n|-supereffective|p2a: Skeledirge\n|-damage|p2a: Skeledirge|0 fnt\n|faint|p2a: Skeledirge\n|\n|-weather|RainDance|[upkeep]\n|-fieldend|move: Psychic Terrain\n|upkeep\n|\n|t:|1700269237\n|switch|p2a: Slowking|Slowking-Galar, M|90\/100\n|turn|10\n|\n|t:|1700269241\n|move|p1a: Politoed|Weather Ball|p2a: Slowking\n|-damage|p2a: Slowking|34\/100\n|move|p2a: Slowking|Chilly Reception|p2a: Slowking\n|-weather|Snow\n|\n|t:|1700269255\n|switch|p2a: Meowscarada|Meowscarada, F|100\/100|[from] Chilly Reception\n|\n|-weather|Snow|[upkeep]\n|upkeep\n|turn|11\n|\n|t:|1700269262\n|switch|p1a: Espeon|Espeon, F|100\/100\n|move|p2a: Meowscarada|Flower Trick|p1a: Espeon\n|-start|p2a: Meowscarada|typechange|Grass|[from] ability: Protean\n|-crit|p1a: Espeon\n|-damage|p1a: Espeon|8\/100\n|\n|-weather|Snow|[upkeep]\n|upkeep\n|turn|12\n|\n|t:|1700269272\n|move|p2a: Meowscarada|Flower Trick|p1a: Espeon\n|-crit|p1a: Espeon\n|-damage|p1a: Espeon|0 fnt\n|faint|p1a: Espeon\n|\n|-weather|Snow|[upkeep]\n|upkeep\n|\n|t:|1700269276\n|switch|p1a: Beedrill|Beedrill-Mega, M|84\/100\n|turn|13\n|\n|t:|1700269280\n|switch|p2a: Slowking|Slowking-Galar, M|67\/100\n|move|p1a: Beedrill|U-turn|p2a: Slowking\n|-damage|p2a: Slowking|29\/100\n|-damage|p1a: Beedrill|67\/100|[from] item: Rocky Helmet|[of] p2a: Slowking\n|\n|t:|1700269284\n|switch|p1a: Politoed|Politoed, M|100\/100|[from] U-turn\n|-weather|RainDance|[from] ability: Drizzle|[of] p1a: Politoed\n|\n|-weather|RainDance|[upkeep]\n|upkeep\n|turn|14\n|\n|t:|1700269295\n|switch|p2a: Urshifu|Urshifu-Rapid-Strike, M|100\/100\n|move|p1a: Politoed|Weather Ball|p2a: Urshifu\n|-resisted|p2a: Urshifu\n|-damage|p2a: Urshifu|49\/100\n|\n|-weather|RainDance|[upkeep]\n|upkeep\n|turn|15\n|\n|t:|1700269308\n|move|p2a: Urshifu|U-turn|p1a: Politoed\n|-damage|p1a: Politoed|71\/100\n|\n|t:|1700269310\n|switch|p2a: Slowking|Slowking-Galar, M|63\/100|[from] U-turn\n|move|p1a: Politoed|Weather Ball|p2a: Slowking\n|-damage|p2a: Slowking|9\/100\n|\n|-weather|RainDance|[upkeep]\n|upkeep\n|turn|16\n|\n|t:|1700269323\n|move|p1a: Politoed|Weather Ball|p2a: Slowking\n|-damage|p2a: Slowking|0 fnt\n|faint|p2a: Slowking\n|\n|-weather|RainDance|[upkeep]\n|upkeep\n|\n|t:|1700269326\n|switch|p2a: Urshifu|Urshifu-Rapid-Strike, M|49\/100\n|turn|17\n|\n|t:|1700269340\n|move|p2a: Urshifu|Close Combat|p1a: Politoed\n|-damage|p1a: Politoed|0 fnt\n|-unboost|p2a: Urshifu|def|1\n|-unboost|p2a: Urshifu|spd|1\n|faint|p1a: Politoed\n|\n|-weather|RainDance|[upkeep]\n|upkeep\n|\n|t:|1700269345\n|switch|p1a: Floatzel|Floatzel, F|100\/100\n|turn|18\n|\n|t:|1700269349\n|-terastallize|p1a: Floatzel|Water\n|move|p1a: Floatzel|Wave Crash|p2a: Urshifu\n|-resisted|p2a: Urshifu\n|-damage|p2a: Urshifu|0 fnt\n|faint|p2a: Urshifu\n|-damage|p1a: Floatzel|83\/100|[from] Recoil\n|\n|-weather|RainDance|[upkeep]\n|upkeep\n|\n|t:|1700269354\n|switch|p2a: Meowscarada|Meowscarada, F|100\/100\n|turn|19\n|\n|t:|1700269360\n|move|p1a: Floatzel|Wave Crash|p2a: Meowscarada\n|-resisted|p2a: Meowscarada\n|-damage|p2a: Meowscarada|0 fnt\n|faint|p2a: Meowscarada\n|-damage|p1a: Floatzel|52\/100|[from] Recoil\n|\n|-weather|RainDance|[upkeep]\n|upkeep\n|\n|t:|1700269362\n|switch|p2a: Garchomp|Garchomp, F|100\/100\n|turn|20\n|\n|t:|1700269371\n|move|p1a: Floatzel|Wave Crash|p2a: Garchomp\n|-damage|p2a: Garchomp|0 fnt\n|-damage|p1a: Floatzel|40\/100|[from] ability: Rough Skin|[of] p2a: Garchomp\n|faint|p2a: Garchomp\n|-damage|p1a: Floatzel|2\/100|[from] Recoil\n|\n|win|Maxer59\n|raw|Maxer59's rating: 1292 &rarr; <strong>1318<\/strong><br \/>(+26 for winning)\n|raw|Ymerej_X's rating: 1310 &rarr; <strong>1289<\/strong><br \/>(-21 for losing)\n","uploadtime":1700269377,"views":13,"p1id":"maxer59","p2id":"ymerejx","formatid":"gen9nationaldex","rating":1289,"private":0,"password":""}