{"id":"gen9nationaldex-1994915008","p1":"GummyDeino","p2":"grass knot zygarde","format":"[Gen 9] National Dex","log":"|html|<div class=\"broadcast-blue\"><strong>[Gen 9] National Dex is currently suspecting Sneasler! For information on how to participate check out the <a href=\"https:\/\/www.smogon.com\/forums\/threads\/sv-national-dex-suspect-8-just-dance.3731534\/\">suspect thread<\/a>.<\/strong><\/div>\n|j|\u2606GummyDeino\n|j|\u2606grass knot zygarde\n|t:|1700504292\n|gametype|singles\n|player|p1|GummyDeino|266|1368\n|player|p2|grass knot zygarde|harlequin|1489\n|teamsize|p1|6\n|teamsize|p2|6\n|gen|9\n|tier|[Gen 9] National Dex\n|rated|\n|rule|HP Percentage Mod: HP is shown in percentages\n|rule|Endless Battle Clause: Forcing endless battles is banned\n|rule|OHKO Clause: OHKO moves are banned\n|rule|Evasion Clause: Evasion abilities, items, and moves are banned\n|rule|Evasion Abilities Clause: Evasion abilities are banned\n|rule|Evasion Items Clause: Evasion items are banned\n|rule|Evasion Moves Clause: Evasion moves are banned\n|rule|Species Clause: Limit one of each Pok\u00e9mon\n|rule|Sleep Clause Mod: Limit one foe put to sleep\n|clearpoke\n|poke|p1|Tapu Koko|\n|poke|p1|Iron Valiant|\n|poke|p1|Iron Leaves|\n|poke|p1|Sneasler, M|\n|poke|p1|Beedrill, M|\n|poke|p1|Iron Moth|\n|poke|p2|Pelipper, F|\n|poke|p2|Swampert, M|\n|poke|p2|Barraskewda, M|\n|poke|p2|Basculegion-F, F|\n|poke|p2|Zapdos|\n|poke|p2|Ferrothorn, M|\n|teampreview\n|inactive|Battle timer is ON: inactive players will automatically lose when time's up. (requested by GummyDeino)\n|inactive|grass knot zygarde also wants the timer to be on.\n|inactive|grass knot zygarde has 120 seconds left.\n|\n|t:|1700504341\n|start\n|switch|p1a: Black Shell|Tapu Koko, shiny|100\/100\n|switch|p2a: Ferrothorn|Ferrothorn, M, shiny|100\/100\n|-fieldstart|move: Electric Terrain|[from] ability: Electric Surge|[of] p1a: Black Shell\n|turn|1\n|j| MisonoGYATTka\n|\n|t:|1700504348\n|move|p1a: Black Shell|Thunder Wave|p2a: Ferrothorn\n|-status|p2a: Ferrothorn|par\n|move|p2a: Ferrothorn|Knock Off|p1a: Black Shell\n|-resisted|p1a: Black Shell\n|-damage|p1a: Black Shell|87\/100\n|-enditem|p1a: Black Shell|Terrain Extender|[from] move: Knock Off|[of] p2a: Ferrothorn\n|\n|upkeep\n|turn|2\n|\n|t:|1700504356\n|move|p1a: Black Shell|Volt Switch|p2a: Ferrothorn\n|-resisted|p2a: Ferrothorn\n|-damage|p2a: Ferrothorn|86\/100 par\n|\n|t:|1700504360\n|switch|p1a: Burdenless|Sneasler, M, shiny|100\/100|[from] Volt Switch\n|-enditem|p1a: Burdenless|Electric Seed\n|-boost|p1a: Burdenless|def|1|[from] item: Electric Seed\n|move|p2a: Ferrothorn|Stealth Rock|p1a: Burdenless\n|-sidestart|p1: GummyDeino|move: Stealth Rock\n|\n|-heal|p2a: Ferrothorn|93\/100 par|[from] item: Leftovers\n|upkeep\n|turn|3\n|\n|t:|1700504369\n|switch|p2a: Pelipper|Pelipper, F, shiny|100\/100\n|-weather|RainDance|[from] ability: Drizzle|[of] p2a: Pelipper\n|move|p1a: Burdenless|Swords Dance|p1a: Burdenless\n|-boost|p1a: Burdenless|atk|2\n|\n|-weather|RainDance|[upkeep]\n|upkeep\n|turn|4\n|c| MisonoGYATTka|sneasy\n|\n|t:|1700504380\n|move|p1a: Burdenless|Acrobatics|p2a: Pelipper\n|-damage|p2a: Pelipper|34\/100\n|move|p2a: Pelipper|U-turn|p1a: Burdenless\n|-resisted|p1a: Burdenless\n|-damage|p1a: Burdenless|98\/100\n|\n|t:|1700504393\n|switch|p2a: Barraskewda|Barraskewda, M, shiny|100\/100|[from] U-turn\n|\n|-weather|RainDance|[upkeep]\n|upkeep\n|turn|5\n|\n|t:|1700504399\n|move|p2a: Barraskewda|Liquidation|p1a: Burdenless\n|-damage|p1a: Burdenless|0 fnt\n|faint|p1a: Burdenless\n|\n|-weather|RainDance|[upkeep]\n|upkeep\n|c| MisonoGYATTka|pfffft\n|\n|t:|1700504404\n|switch|p1a: Silver Sword|Iron Leaves|100\/100\n|-damage|p1a: Silver Sword|88\/100|[from] Stealth Rock\n|-activate|p1a: Silver Sword|ability: Quark Drive\n|-start|p1a: Silver Sword|quarkdrivespe\n|turn|6\n|\n|t:|1700504411\n|switch|p2a: Ferrothorn|Ferrothorn, M, shiny|93\/100 par\n|move|p1a: Silver Sword|Leaf Blade|p2a: Ferrothorn\n|-resisted|p2a: Ferrothorn\n|-damage|p2a: Ferrothorn|82\/100 par\n|-damage|p1a: Silver Sword|76\/100|[from] ability: Iron Barbs|[of] p2a: Ferrothorn\n|\n|-weather|RainDance|[upkeep]\n|-heal|p2a: Ferrothorn|88\/100 par|[from] item: Leftovers\n|upkeep\n|turn|7\n|\n|t:|1700504421\n|-end|p1a: Silver Sword|Quark Drive|[silent]\n|switch|p1a: Labrys Wielder|Iron Valiant, shiny|100\/100\n|-damage|p1a: Labrys Wielder|94\/100|[from] Stealth Rock\n|-activate|p1a: Labrys Wielder|ability: Quark Drive\n|-start|p1a: Labrys Wielder|quarkdrivespe\n|move|p2a: Ferrothorn|Knock Off|p1a: Labrys Wielder\n|-resisted|p1a: Labrys Wielder\n|-damage|p1a: Labrys Wielder|88\/100\n|-enditem|p1a: Labrys Wielder|Life Orb|[from] move: Knock Off|[of] p2a: Ferrothorn\n|\n|-weather|RainDance|[upkeep]\n|-heal|p2a: Ferrothorn|95\/100 par|[from] item: Leftovers\n|upkeep\n|turn|8\n|\n|t:|1700504435\n|switch|p2a: Zapdos|Zapdos, shiny|100\/100\n|move|p1a: Labrys Wielder|Calm Mind|p1a: Labrys Wielder\n|-boost|p1a: Labrys Wielder|spa|1\n|-boost|p1a: Labrys Wielder|spd|1\n|\n|-weather|RainDance|[upkeep]\n|-fieldend|move: Electric Terrain\n|-end|p1a: Labrys Wielder|Quark Drive\n|upkeep\n|turn|9\n|\n|t:|1700504443\n|move|p1a: Labrys Wielder|Moonblast|p2a: Zapdos\n|-damage|p2a: Zapdos|24\/100\n|move|p2a: Zapdos|Hurricane|p1a: Labrys Wielder\n|-supereffective|p1a: Labrys Wielder\n|-damage|p1a: Labrys Wielder|0 fnt\n|faint|p1a: Labrys Wielder\n|-end|p1a: Labrys Wielder|Quark Drive|[silent]\n|\n|-weather|RainDance|[upkeep]\n|upkeep\n|\n|t:|1700504451\n|switch|p1a: Five Stingers|Beedrill, M, shiny|100\/100\n|-damage|p1a: Five Stingers|76\/100|[from] Stealth Rock\n|turn|10\n|\n|t:|1700504456\n|detailschange|p1a: Five Stingers|Beedrill-Mega, M, shiny\n|-mega|p1a: Five Stingers|Beedrill|Beedrillite\n|move|p1a: Five Stingers|U-turn|p2a: Zapdos\n|-resisted|p2a: Zapdos\n|-damage|p2a: Zapdos|0 fnt\n|faint|p2a: Zapdos\n|\n|t:|1700504461\n|switch|p1a: Black Shell|Tapu Koko, shiny|87\/100|[from] U-turn\n|-damage|p1a: Black Shell|74\/100|[from] Stealth Rock\n|-fieldstart|move: Electric Terrain|[from] ability: Electric Surge|[of] p1a: Black Shell\n|\n|-weather|none\n|upkeep\n|\n|t:|1700504465\n|switch|p2a: Pelipper|Pelipper, F, shiny|34\/100\n|-weather|RainDance|[from] ability: Drizzle|[of] p2a: Pelipper\n|turn|11\n|\n|t:|1700504472\n|move|p1a: Black Shell|Defog|p2a: Pelipper\n|-unboost|p2a: Pelipper|evasion|1\n|-sideend|p1: GummyDeino|Stealth Rock|[from] move: Defog|[of] p1a: Black Shell\n|-fieldend|move: Electric Terrain\n|move|p2a: Pelipper|Scald|p1a: Black Shell\n|-damage|p1a: Black Shell|14\/100\n|-status|p1a: Black Shell|brn\n|\n|-weather|RainDance|[upkeep]\n|-damage|p1a: Black Shell|8\/100 brn|[from] brn\n|upkeep\n|turn|12\n|\n|t:|1700504483\n|switch|p2a: Swampert|Swampert, M, shiny|100\/100\n|move|p1a: Black Shell|Volt Switch|p2a: Swampert\n|-immune|p2a: Swampert\n|\n|-weather|RainDance|[upkeep]\n|-damage|p1a: Black Shell|2\/100 brn|[from] brn\n|upkeep\n|turn|13\n|\n|t:|1700504495\n|switch|p1a: Solar Future|Iron Moth, shiny|100\/100\n|detailschange|p2a: Swampert|Swampert-Mega, M, shiny\n|-mega|p2a: Swampert|Swampert|Swampertite\n|move|p2a: Swampert|Flip Turn|p1a: Solar Future\n|-supereffective|p1a: Solar Future\n|-damage|p1a: Solar Future|0 fnt\n|faint|p1a: Solar Future\n|-end|p1a: Solar Future|Quark Drive|[silent]\n|\n|t:|1700504503\n|switch|p2a: Basculegion|Basculegion-F, F, shiny|100\/100|[from] Flip Turn\n|\n|-weather|RainDance|[upkeep]\n|upkeep\n|\n|t:|1700504508\n|switch|p1a: Black Shell|Tapu Koko, shiny|2\/100 brn\n|-fieldstart|move: Electric Terrain|[from] ability: Electric Surge|[of] p1a: Black Shell\n|turn|14\n|\n|t:|1700504514\n|move|p2a: Basculegion|Shadow Ball|p1a: Black Shell\n|-damage|p1a: Black Shell|0 fnt\n|faint|p1a: Black Shell\n|\n|-weather|RainDance|[upkeep]\n|upkeep\n|\n|t:|1700504519\n|switch|p1a: Five Stingers|Beedrill-Mega, M, shiny|76\/100\n|turn|15\n|j| ss_wobblewok\n|\n|t:|1700504523\n|move|p2a: Basculegion|Shadow Ball|p1a: Five Stingers\n|-damage|p1a: Five Stingers|0 fnt\n|faint|p1a: Five Stingers\n|\n|-weather|RainDance|[upkeep]\n|upkeep\n|\n|t:|1700504527\n|switch|p1a: Silver Sword|Iron Leaves|76\/100\n|-activate|p1a: Silver Sword|ability: Quark Drive\n|-start|p1a: Silver Sword|quarkdrivespe\n|turn|16\n|\n|t:|1700504533\n|move|p2a: Basculegion|Shadow Ball|p1a: Silver Sword\n|-supereffective|p1a: Silver Sword\n|-damage|p1a: Silver Sword|0 fnt\n|faint|p1a: Silver Sword\n|-end|p1a: Silver Sword|Quark Drive|[silent]\n|\n|win|grass knot zygarde\n|raw|GummyDeino's rating: 1368 &rarr; <strong>1355<\/strong><br \/>(-13 for losing)\n|raw|grass knot zygarde's rating: 1489 &rarr; <strong>1502<\/strong><br \/>(+13 for winning)\n|l| MisonoGYATTka\n|l|\u2606GummyDeino\n","uploadtime":1700504543,"views":1,"p1id":"gummydeino","p2id":"grassknotzygarde","formatid":"gen9nationaldex","rating":1355,"private":0,"password":""}