{"id":"gen9nationaldex-1993204511","p1":"MFLong","p2":"yuiiopii1010","format":"[Gen 9] National Dex","log":"|j|\u2606MFLong\n|j|\u2606yuiiopii1010\n|t:|1700277723\n|gametype|singles\n|player|p1|MFLong|nate|\n|player|p2|yuiiopii1010|red|\n|teamsize|p1|3\n|teamsize|p2|3\n|gen|9\n|tier|[Gen 9] National Dex\n|rule|HP Percentage Mod: HP is shown in percentages\n|rule|Endless Battle Clause: Forcing endless battles is banned\n|rule|OHKO Clause: OHKO moves are banned\n|rule|Evasion Clause: Evasion abilities, items, and moves are banned\n|rule|Evasion Abilities Clause: Evasion abilities are banned\n|rule|Evasion Items Clause: Evasion items are banned\n|rule|Evasion Moves Clause: Evasion moves are banned\n|rule|Species Clause: Limit one of each Pok\u00e9mon\n|rule|Sleep Clause Mod: Limit one foe put to sleep\n|clearpoke\n|poke|p1|Bidoof, L5, M|\n|poke|p1|Rattata-Alola, L5, F|\n|poke|p1|Fletchling, L5, M|\n|poke|p2|Fuecoco, L5, F|\n|poke|p2|Grookey, L5, F|\n|poke|p2|Scorbunny, L5, M|\n|teampreview\n|\n|t:|1700277727\n|start\n|switch|p1a: Rattata|Rattata-Alola, L5, F|100\/100\n|switch|p2a: Scorbunny|Scorbunny, L5, M|100\/100\n|turn|1\n|\n|t:|1700277731\n|move|p1a: Rattata|Quick Attack|p2a: Scorbunny\n|-damage|p2a: Scorbunny|58\/100\n|move|p2a: Scorbunny|Tackle|p1a: Rattata\n|-start|p2a: Scorbunny|typechange|Normal|[from] ability: Libero\n|-damage|p1a: Rattata|64\/100\n|\n|upkeep\n|turn|2\n|\n|t:|1700277736\n|move|p1a: Rattata|Quick Attack|p2a: Scorbunny\n|-damage|p2a: Scorbunny|15\/100\n|move|p2a: Scorbunny|Tackle|p1a: Rattata\n|-damage|p1a: Rattata|27\/100\n|\n|upkeep\n|turn|3\n|\n|t:|1700277741\n|move|p1a: Rattata|Quick Attack|p2a: Scorbunny\n|-damage|p2a: Scorbunny|0 fnt\n|faint|p2a: Scorbunny\n|\n|upkeep\n|\n|t:|1700277744\n|switch|p2a: Fuecoco|Fuecoco, L5, F|100\/100\n|turn|4\n|\n|t:|1700277747\n|move|p1a: Rattata|Quick Attack|p2a: Fuecoco\n|-damage|p2a: Fuecoco|70\/100\n|move|p2a: Fuecoco|Ember|p1a: Rattata\n|-damage|p1a: Rattata|0 fnt\n|faint|p1a: Rattata\n|\n|upkeep\n|\n|t:|1700277753\n|switch|p1a: Bidoof|Bidoof, L5, M|100\/100\n|turn|5\n|\n|t:|1700277760\n|move|p2a: Fuecoco|Ember|p1a: Bidoof\n|-damage|p1a: Bidoof|74\/100\n|move|p1a: Bidoof|Defense Curl|p1a: Bidoof\n|-boost|p1a: Bidoof|def|1\n|\n|upkeep\n|turn|6\n|\n|t:|1700277767\n|move|p2a: Fuecoco|Ember|p1a: Bidoof\n|-damage|p1a: Bidoof|48\/100\n|move|p1a: Bidoof|Rollout|p2a: Fuecoco\n|-supereffective|p2a: Fuecoco\n|-damage|p2a: Fuecoco|27\/100\n|\n|upkeep\n|turn|7\n|\n|t:|1700277770\n|switch|p2a: Grookey|Grookey, L5, F|100\/100\n|-fieldstart|move: Grassy Terrain|[from] ability: Grassy Surge|[of] p2a: Grookey\n|move|p1a: Bidoof|Rollout|p2a: Grookey|[from]lockedmove\n|-damage|p2a: Grookey|53\/100\n|\n|-heal|p2a: Grookey|58\/100|[from] Grassy Terrain\n|-heal|p1a: Bidoof|53\/100|[from] Grassy Terrain\n|upkeep\n|turn|8\n|\n|t:|1700277774\n|move|p2a: Grookey|Scratch|p1a: Bidoof\n|-damage|p1a: Bidoof|40\/100\n|move|p1a: Bidoof|Rollout|p2a: Grookey|[from]lockedmove\n|-damage|p2a: Grookey|0 fnt\n|faint|p2a: Grookey\n|\n|-heal|p1a: Bidoof|44\/100|[from] Grassy Terrain\n|upkeep\n|\n|t:|1700277776\n|switch|p2a: Fuecoco|Fuecoco, L5, F|27\/100\n|turn|9\n|\n|t:|1700277779\n|move|p2a: Fuecoco|Ember|p1a: Bidoof\n|-damage|p1a: Bidoof|18\/100\n|move|p1a: Bidoof|Rollout|p2a: Fuecoco|[from]lockedmove\n|-supereffective|p2a: Fuecoco\n|-damage|p2a: Fuecoco|0 fnt\n|faint|p2a: Fuecoco\n|\n|win|MFLong\n|l|\u2606yuiiopii1010\n","uploadtime":1700277789,"views":7,"p1id":"mflong","p2id":"yuiiopii1010","formatid":"gen9nationaldex","rating":0,"private":0,"password":""}