{"id":"gen9nationaldex-1993473837","p1":"Swaggyboii006","p2":"ionnss","format":"[Gen 9] National Dex","log":"|j|\u2606Swaggyboii006\n|j|\u2606ionnss\n|inactive|Battle timer is ON: inactive players will automatically lose when time's up.\n|t:|1700322229\n|gametype|singles\n|player|p1|Swaggyboii006|ash-capbackward|\n|player|p2|ionnss|pokekid-gen8|\n|teamsize|p1|3\n|teamsize|p2|3\n|gen|9\n|tier|[Gen 9] National Dex\n|rated|Tournament battle\n|rule|HP Percentage Mod: HP is shown in percentages\n|rule|Endless Battle Clause: Forcing endless battles is banned\n|rule|OHKO Clause: OHKO moves are banned\n|rule|Evasion Clause: Evasion abilities, items, and moves are banned\n|rule|Evasion Abilities Clause: Evasion abilities are banned\n|rule|Evasion Items Clause: Evasion items are banned\n|rule|Evasion Moves Clause: Evasion moves are banned\n|rule|Species Clause: Limit one of each Pok\u00e9mon\n|rule|Sleep Clause Mod: Limit one foe put to sleep\n|clearpoke\n|poke|p1|Ferrothorn, F|\n|poke|p1|Torterra, M|\n|poke|p1|Skeledirge, M|\n|poke|p2|Palossand, M|\n|poke|p2|Thundurus, M|\n|poke|p2|Tentacruel, F|\n|teampreview\n|j|*PartBot\n|inactive|ionnss also wants the timer to be on.\n|c|*PartBot|G'luck!\n|l|*PartBot\n|j|@sundays.n_sundaes\n|j|+A HeLpFuL RayQuazA\n|j| Go greeninja\n|j|%Aurora (oz)\u2726\n|j| Realblazing2\n|\n|t:|1700322247\n|start\n|switch|p1a: Ferrothorn|Ferrothorn, F|100\/100\n|switch|p2a: Tentacruel|Tentacruel, F|100\/100\n|turn|1\n|j|#Arsenal\n|\n|t:|1700322254\n|move|p2a: Tentacruel|Reflect Type|p1a: Ferrothorn\n|-start|p2a: Tentacruel|typechange|[from] move: Reflect Type|[of] p1a: Ferrothorn\n|move|p1a: Ferrothorn|Power Whip|p2a: Tentacruel\n|-resisted|p2a: Tentacruel\n|-damage|p2a: Tentacruel|75\/100\n|\n|upkeep\n|-start|p2a: Tentacruel|typechange|Grass\/Steel|[silent]\n|turn|2\n|j| AmoghOp(\n|\n|t:|1700322260\n|switch|p1a: Skeledirge|Skeledirge, M|100\/100\n|move|p2a: Tentacruel|Whirlpool|p1a: Skeledirge\n|-supereffective|p1a: Skeledirge\n|-damage|p1a: Skeledirge|86\/100\n|-activate|p1a: Skeledirge|move: Whirlpool|[of] p2a: Tentacruel\n|\n|-damage|p1a: Skeledirge|74\/100|[from] move: Whirlpool|[partiallytrapped]\n|upkeep\n|turn|3\n|c|@sundays.n_sundaes|Goat\n|j| TGA\n|\n|t:|1700322269\n|move|p2a: Tentacruel|Reflect Type|p1a: Skeledirge\n|-start|p2a: Tentacruel|typechange|[from] move: Reflect Type|[of] p1a: Skeledirge\n|move|p1a: Skeledirge|Torch Song|p2a: Tentacruel\n|-resisted|p2a: Tentacruel\n|-damage|p2a: Tentacruel|62\/100\n|-boost|p1a: Skeledirge|spa|1\n|\n|-damage|p1a: Skeledirge|61\/100|[from] move: Whirlpool|[partiallytrapped]\n|upkeep\n|-start|p2a: Tentacruel|typechange|Fire\/Ghost|[silent]\n|turn|4\n|c|@sundays.n_sundaes|Maybe not\n|\n|t:|1700322277\n|move|p2a: Tentacruel|Whirlpool|p1a: Skeledirge\n|-supereffective|p1a: Skeledirge\n|-damage|p1a: Skeledirge|46\/100\n|move|p1a: Skeledirge|Slack Off|p1a: Skeledirge\n|-heal|p1a: Skeledirge|96\/100\n|\n|-damage|p1a: Skeledirge|83\/100|[from] move: Whirlpool|[partiallytrapped]\n|upkeep\n|turn|5\n|c|\u2606ionnss|maybe not\n|c|\u2606ionnss|fun tech tho\n|\n|t:|1700322297\n|move|p2a: Tentacruel|Whirlpool|p1a: Skeledirge|[miss]\n|-miss|p2a: Tentacruel|p1a: Skeledirge\n|move|p1a: Skeledirge|Torch Song|p2a: Tentacruel\n|-resisted|p2a: Tentacruel\n|-damage|p2a: Tentacruel|44\/100\n|-boost|p1a: Skeledirge|spa|1\n|\n|-damage|p1a: Skeledirge|71\/100|[from] move: Whirlpool|[partiallytrapped]\n|upkeep\n|turn|6\n|j|%Dearest Deerling\n|\n|t:|1700322306\n|switch|p2a: Thundurus|Thundurus, M|100\/100\n|move|p1a: Skeledirge|Shadow Ball|p2a: Thundurus\n|-damage|p2a: Thundurus|35\/100\n|\n|-end|p1a: Skeledirge|Whirlpool|[partiallytrapped]|[silent]\n|upkeep\n|turn|7\n|\n|t:|1700322309\n|move|p2a: Thundurus|Dark Pulse|p1a: Skeledirge\n|-supereffective|p1a: Skeledirge\n|-damage|p1a: Skeledirge|16\/100\n|-damage|p2a: Thundurus|25\/100|[from] item: Life Orb\n|move|p1a: Skeledirge|Shadow Ball|p2a: Thundurus\n|-damage|p2a: Thundurus|0 fnt\n|faint|p2a: Thundurus\n|\n|upkeep\n|\n|t:|1700322313\n|switch|p2a: Tentacruel|Tentacruel, F|44\/100\n|turn|8\n|c|\u2606ionnss|lmao this is so doomed\n|\n|t:|1700322321\n|move|p2a: Tentacruel|Whirlpool|p1a: Skeledirge\n|-supereffective|p1a: Skeledirge\n|-crit|p1a: Skeledirge\n|-damage|p1a: Skeledirge|0 fnt\n|faint|p1a: Skeledirge\n|\n|upkeep\n|c| Realblazing2|The crit\n|\n|t:|1700322330\n|switch|p1a: Ferrothorn|Ferrothorn, F|100\/100\n|turn|9\n|\n|t:|1700322333\n|move|p2a: Tentacruel|Reflect Type|p1a: Ferrothorn\n|-start|p2a: Tentacruel|typechange|[from] move: Reflect Type|[of] p1a: Ferrothorn\n|move|p1a: Ferrothorn|Knock Off|p2a: Tentacruel\n|-damage|p2a: Tentacruel|0 fnt\n|-enditem|p2a: Tentacruel|Focus Sash|[from] move: Knock Off|[of] p1a: Ferrothorn\n|faint|p2a: Tentacruel\n|\n|upkeep\n|\n|t:|1700322337\n|switch|p2a: Palossand|Palossand, M|100\/100\n|turn|10\n|\n|t:|1700322339\n|move|p2a: Palossand|Shadow Ball|p1a: Ferrothorn\n|-damage|p1a: Ferrothorn|70\/100\n|move|p1a: Ferrothorn|Knock Off|p2a: Palossand\n|-supereffective|p2a: Palossand\n|-damage|p2a: Palossand|28\/100\n|-enditem|p2a: Palossand|Custap Berry|[from] move: Knock Off|[of] p1a: Ferrothorn\n|\n|upkeep\n|turn|11\n|\n|t:|1700322344\n|move|p2a: Palossand|Shore Up|p2a: Palossand\n|-heal|p2a: Palossand|77\/100\n|move|p1a: Ferrothorn|Knock Off|p2a: Palossand\n|-supereffective|p2a: Palossand\n|-damage|p2a: Palossand|31\/100\n|\n|upkeep\n|turn|12\n|c| Realblazing2|Gg\n|c|\u2606ionnss|gg\n|\n|t:|1700322349\n|move|p2a: Palossand|Shadow Ball|p1a: Ferrothorn\n|-damage|p1a: Ferrothorn|40\/100\n|move|p1a: Ferrothorn|Knock Off|p2a: Palossand\n|-supereffective|p2a: Palossand\n|-crit|p2a: Palossand\n|-damage|p2a: Palossand|0 fnt\n|faint|p2a: Palossand\n|\n|win|Swaggyboii006\n|n|\u2606Swaggyboii006|swaggyboii006\n|n|\u2606ionnss|ionnss\n|n|+sundays.n_sundaes|sundaysnsundaes\n|n| A HeLpFuL RayQuazA|ahelpfulrayquaza\n|n| Go greeninja|gogreeninja\n|n| Aurora (oz)\u2726|auroraoz\n|n| Realblazing2|realblazing2\n|n|@Arsenal|arsenal\n|n| AmoghOp(|amoghop\n|n| TGA|tga\n|n| Dearest Deerling|dearestdeerling\n","uploadtime":1700322350,"views":7,"p1id":"swaggyboii006","p2id":"ionnss","formatid":"gen9nationaldex","rating":0,"private":0,"password":""}