{"id":"gen9nationaldex-1997744248","p1":"DrippinSauce","p2":"OkcThunder0","format":"[Gen 9] National Dex","log":"|html|<div class=\"broadcast-blue\"><strong>[Gen 9] National Dex is currently suspecting Sneasler! For information on how to participate check out the <a href=\"https:\/\/www.smogon.com\/forums\/threads\/sv-national-dex-suspect-8-just-dance.3731534\/\">suspect thread<\/a>.<\/strong><\/div>\n|j|\u2606DrippinSauce\n|j|\u2606OkcThunder0\n|t:|1700848050\n|gametype|singles\n|player|p1|DrippinSauce|cynthia-masters|1564\n|player|p2|OkcThunder0|170|1657\n|teamsize|p1|6\n|teamsize|p2|6\n|gen|9\n|tier|[Gen 9] National Dex\n|rated|\n|rule|HP Percentage Mod: HP is shown in percentages\n|rule|Endless Battle Clause: Forcing endless battles is banned\n|rule|OHKO Clause: OHKO moves are banned\n|rule|Evasion Clause: Evasion abilities, items, and moves are banned\n|rule|Evasion Abilities Clause: Evasion abilities are banned\n|rule|Evasion Items Clause: Evasion items are banned\n|rule|Evasion Moves Clause: Evasion moves are banned\n|rule|Species Clause: Limit one of each Pok\u00e9mon\n|rule|Sleep Clause Mod: Limit one foe put to sleep\n|clearpoke\n|poke|p1|Heatran, M|\n|poke|p1|Ninetales-Alola, F|\n|poke|p1|Great Tusk|\n|poke|p1|Iron Hands|\n|poke|p1|Latias, F|\n|poke|p1|Kommo-o, M|\n|poke|p2|Banette, F|\n|poke|p2|Gliscor, F|\n|poke|p2|Heatran, M|\n|poke|p2|Alomomola, M|\n|poke|p2|Iron Valiant|\n|poke|p2|Tapu Koko|\n|teampreview\n|inactive|Battle timer is ON: inactive players will automatically lose when time's up. (requested by DrippinSauce)\n|\n|t:|1700848067\n|start\n|switch|p1a: Ninetales|Ninetales-Alola, F, shiny|100\/100\n|switch|p2a: Banette|Banette, F|100\/100\n|-weather|Snow|[from] ability: Snow Warning|[of] p1a: Ninetales\n|-item|p1a: Ninetales|Light Clay|[from] ability: Frisk|[of] p2a: Banette|[identify]\n|turn|1\n|\n|t:|1700848074\n|detailschange|p2a: Banette|Banette-Mega, F\n|-mega|p2a: Banette|Banette|Banettite\n|move|p1a: Ninetales|Blizzard|p2a: Banette\n|-damage|p2a: Banette|74\/100\n|move|p2a: Banette|Infestation|p1a: Ninetales\n|-resisted|p1a: Ninetales\n|-damage|p1a: Ninetales|98\/100\n|-activate|p1a: Ninetales|move: Infestation|[of] p2a: Banette\n|\n|-weather|Snow|[upkeep]\n|-damage|p1a: Ninetales|86\/100|[from] move: Infestation|[partiallytrapped]\n|upkeep\n|turn|2\n|\n|t:|1700848081\n|move|p1a: Ninetales|Aurora Veil|p1a: Ninetales\n|-sidestart|p1: DrippinSauce|move: Aurora Veil\n|move|p2a: Banette|Knock Off|p1a: Ninetales\n|-resisted|p1a: Ninetales\n|-damage|p1a: Ninetales|80\/100\n|-enditem|p1a: Ninetales|Light Clay|[from] move: Knock Off|[of] p2a: Banette\n|\n|-weather|Snow|[upkeep]\n|-damage|p1a: Ninetales|67\/100|[from] move: Infestation|[partiallytrapped]\n|upkeep\n|turn|3\n|\n|t:|1700848085\n|move|p2a: Banette|Encore|p1a: Ninetales\n|-start|p1a: Ninetales|Encore\n|move|p1a: Ninetales|Aurora Veil||[still]\n|-fail|p1a: Ninetales\n|\n|-weather|Snow|[upkeep]\n|-damage|p1a: Ninetales|55\/100|[from] move: Infestation|[partiallytrapped]\n|upkeep\n|turn|4\n|\n|t:|1700848100\n|move|p1a: Ninetales|Aurora Veil||[still]\n|-fail|p1a: Ninetales\n|move|p2a: Banette|Infestation|p1a: Ninetales\n|-resisted|p1a: Ninetales\n|-damage|p1a: Ninetales|54\/100\n|\n|-weather|Snow|[upkeep]\n|-damage|p1a: Ninetales|41\/100|[from] move: Infestation|[partiallytrapped]\n|upkeep\n|turn|5\n|\n|t:|1700848108\n|move|p1a: Ninetales|Aurora Veil||[still]\n|-fail|p1a: Ninetales\n|move|p2a: Banette|Infestation|p1a: Ninetales\n|-resisted|p1a: Ninetales\n|-damage|p1a: Ninetales|40\/100\n|\n|-weather|none\n|-damage|p1a: Ninetales|28\/100|[from] move: Infestation|[partiallytrapped]\n|-end|p1a: Ninetales|Encore\n|upkeep\n|turn|6\n|\n|t:|1700848117\n|move|p2a: Banette|Encore|p1a: Ninetales\n|-start|p1a: Ninetales|Encore\n|move|p1a: Ninetales|Aurora Veil||[still]\n|-fail|p1a: Ninetales\n|\n|-end|p1a: Ninetales|Infestation|[partiallytrapped]\n|upkeep\n|turn|7\n|\n|t:|1700848123\n|switch|p1a: Heatran|Heatran, M, shiny|100\/100\n|move|p2a: Banette|Knock Off|p1a: Heatran\n|-damage|p1a: Heatran|86\/100\n|-enditem|p1a: Heatran|Leftovers|[from] move: Knock Off|[of] p2a: Banette\n|\n|upkeep\n|turn|8\n|\n|t:|1700848130\n|switch|p2a: Gliscor|Gliscor, F|100\/100\n|move|p1a: Heatran|Toxic|p2a: Gliscor|[miss]\n|-miss|p1a: Heatran|p2a: Gliscor\n|\n|-status|p2a: Gliscor|tox|[from] item: Toxic Orb\n|upkeep\n|turn|9\n|\n|t:|1700848137\n|switch|p1a: Ninetales|Ninetales-Alola, F, shiny|28\/100\n|-weather|Snow|[from] ability: Snow Warning|[of] p1a: Ninetales\n|move|p2a: Gliscor|Spikes|p1a: Ninetales\n|-sidestart|p1: DrippinSauce|Spikes\n|\n|-weather|Snow|[upkeep]\n|-sideend|p1: DrippinSauce|move: Aurora Veil\n|upkeep\n|turn|10\n|\n|t:|1700848141\n|switch|p2a: Heatran|Heatran, M|100\/100\n|move|p1a: Ninetales|Aurora Veil|p1a: Ninetales\n|-sidestart|p1: DrippinSauce|move: Aurora Veil\n|\n|-weather|Snow|[upkeep]\n|upkeep\n|turn|11\n|\n|t:|1700848146\n|switch|p1a: Great Tusk|Great Tusk|100\/100\n|-damage|p1a: Great Tusk|88\/100|[from] Spikes\n|move|p2a: Heatran|Stealth Rock|p1a: Great Tusk\n|-sidestart|p1: DrippinSauce|move: Stealth Rock\n|\n|-weather|Snow|[upkeep]\n|-heal|p1a: Great Tusk|94\/100|[from] item: Leftovers\n|upkeep\n|turn|12\n|\n|t:|1700848149\n|switch|p2a: Alomomola|Alomomola, M|100\/100\n|move|p1a: Great Tusk|Knock Off|p2a: Alomomola\n|-damage|p2a: Alomomola|83\/100\n|-enditem|p2a: Alomomola|Heavy-Duty Boots|[from] move: Knock Off|[of] p1a: Great Tusk\n|\n|-weather|Snow|[upkeep]\n|-heal|p1a: Great Tusk|100\/100|[from] item: Leftovers\n|upkeep\n|turn|13\n|\n|t:|1700848153\n|move|p1a: Great Tusk|Rapid Spin|p2a: Alomomola\n|-damage|p2a: Alomomola|74\/100\n|-boost|p1a: Great Tusk|spe|1\n|-sideend|p1: DrippinSauce|Spikes|[from] move: Rapid Spin|[of] p1a: Great Tusk\n|-sideend|p1: DrippinSauce|Stealth Rock|[from] move: Rapid Spin|[of] p1a: Great Tusk\n|move|p2a: Alomomola|Scald|p1a: Great Tusk\n|-supereffective|p1a: Great Tusk\n|-damage|p1a: Great Tusk|83\/100\n|-status|p1a: Great Tusk|brn\n|\n|-weather|none\n|-heal|p1a: Great Tusk|89\/100 brn|[from] item: Leftovers\n|-damage|p1a: Great Tusk|83\/100 brn|[from] brn\n|upkeep\n|turn|14\n|\n|t:|1700848158\n|-end|p1a: Great Tusk|Protosynthesis|[silent]\n|switch|p1a: Kommo-o|Kommo-o, M|100\/100\n|move|p2a: Alomomola|Flip Turn|p1a: Kommo-o\n|-resisted|p1a: Kommo-o\n|-damage|p1a: Kommo-o|96\/100\n|\n|t:|1700848165\n|switch|p2a: Tapu Koko|Tapu Koko|100\/100|[from] Flip Turn\n|-fieldstart|move: Electric Terrain|[from] ability: Electric Surge|[of] p2a: Tapu Koko\n|\n|-sideend|p1: DrippinSauce|move: Aurora Veil\n|upkeep\n|turn|15\n|\n|t:|1700848170\n|switch|p1a: Heatran|Heatran, M, shiny|86\/100\n|move|p2a: Tapu Koko|U-turn|p1a: Heatran\n|-resisted|p1a: Heatran\n|-damage|p1a: Heatran|82\/100\n|\n|t:|1700848172\n|switch|p2a: Gliscor|Gliscor, F|100\/100 tox|[from] U-turn\n|\n|upkeep\n|turn|16\n|\n|t:|1700848176\n|switch|p1a: Ninetales|Ninetales-Alola, F, shiny|28\/100\n|-weather|Snow|[from] ability: Snow Warning|[of] p1a: Ninetales\n|move|p2a: Gliscor|Spikes|p1a: Ninetales\n|-sidestart|p1: DrippinSauce|Spikes\n|\n|-weather|Snow|[upkeep]\n|upkeep\n|turn|17\n|\n|t:|1700848180\n|switch|p2a: Heatran|Heatran, M|100\/100\n|move|p1a: Ninetales|Aurora Veil|p1a: Ninetales\n|-sidestart|p1: DrippinSauce|move: Aurora Veil\n|\n|-weather|Snow|[upkeep]\n|upkeep\n|turn|18\n|\n|t:|1700848187\n|switch|p1a: Iron Hands|Iron Hands|100\/100\n|-damage|p1a: Iron Hands|88\/100|[from] Spikes\n|-activate|p1a: Iron Hands|ability: Quark Drive\n|-start|p1a: Iron Hands|quarkdriveatk\n|move|p2a: Heatran|Magma Storm|p1a: Iron Hands\n|-damage|p1a: Iron Hands|71\/100\n|-activate|p1a: Iron Hands|move: Magma Storm|[of] p2a: Heatran\n|\n|-weather|Snow|[upkeep]\n|-damage|p1a: Iron Hands|58\/100|[from] move: Magma Storm|[partiallytrapped]\n|-fieldend|move: Electric Terrain\n|-end|p1a: Iron Hands|Quark Drive\n|upkeep\n|-enditem|p1a: Iron Hands|Booster Energy\n|-activate|p1a: Iron Hands|ability: Quark Drive|[fromitem]\n|-start|p1a: Iron Hands|quarkdriveatk\n|turn|19\n|\n|t:|1700848199\n|switch|p2a: Gliscor|Gliscor, F|100\/100 tox\n|move|p1a: Iron Hands|Swords Dance|p1a: Iron Hands\n|-boost|p1a: Iron Hands|atk|2\n|\n|-weather|Snow|[upkeep]\n|-end|p1a: Iron Hands|Magma Storm|[partiallytrapped]|[silent]\n|upkeep\n|turn|20\n|\n|t:|1700848217\n|move|p2a: Gliscor|Earthquake|p1a: Iron Hands\n|-supereffective|p1a: Iron Hands\n|-damage|p1a: Iron Hands|38\/100\n|move|p1a: Iron Hands|Ice Punch|p2a: Gliscor\n|-supereffective|p2a: Gliscor\n|-damage|p2a: Gliscor|0 fnt\n|faint|p2a: Gliscor\n|\n|-weather|none\n|upkeep\n|\n|t:|1700848226\n|switch|p2a: Iron Valiant|Iron Valiant|100\/100\n|turn|21\n|\n|t:|1700848229\n|-terastallize|p1a: Iron Hands|Electric\n|move|p2a: Iron Valiant|Moonblast|p1a: Iron Hands\n|-damage|p1a: Iron Hands|7\/100\n|move|p1a: Iron Hands|Thunder Punch|p2a: Iron Valiant\n|-damage|p2a: Iron Valiant|0 fnt\n|faint|p2a: Iron Valiant\n|-end|p2a: Iron Valiant|Quark Drive|[silent]\n|\n|-sideend|p1: DrippinSauce|move: Aurora Veil\n|upkeep\n|\n|t:|1700848236\n|switch|p2a: Tapu Koko|Tapu Koko|100\/100\n|-fieldstart|move: Electric Terrain|[from] ability: Electric Surge|[of] p2a: Tapu Koko\n|turn|22\n|\n|t:|1700848240\n|move|p2a: Tapu Koko|Hidden Power|p1a: Iron Hands\n|-damage|p1a: Iron Hands|0 fnt\n|faint|p1a: Iron Hands\n|-end|p1a: Iron Hands|Quark Drive|[silent]\n|\n|upkeep\n|\n|t:|1700848249\n|switch|p1a: Heatran|Heatran, M, shiny|82\/100\n|-damage|p1a: Heatran|70\/100|[from] Spikes\n|turn|23\n|\n|t:|1700848254\n|move|p2a: Tapu Koko|U-turn|p1a: Heatran\n|-resisted|p1a: Heatran\n|-damage|p1a: Heatran|66\/100\n|\n|t:|1700848256\n|switch|p2a: Alomomola|Alomomola, M|100\/100|[from] U-turn\n|move|p1a: Heatran|Earth Power|p2a: Alomomola\n|-damage|p2a: Alomomola|78\/100\n|\n|upkeep\n|turn|24\n|\n|t:|1700848261\n|move|p1a: Heatran|Toxic|p2a: Alomomola|[miss]\n|-miss|p1a: Heatran|p2a: Alomomola\n|move|p2a: Alomomola|Flip Turn|p1a: Heatran\n|-supereffective|p1a: Heatran\n|-damage|p1a: Heatran|41\/100\n|\n|t:|1700848275\n|switch|p2a: Heatran|Heatran, M|100\/100|[from] Flip Turn\n|\n|upkeep\n|turn|25\n|\n|t:|1700848292\n|move|p1a: Heatran|Earth Power|p2a: Heatran\n|-supereffective|p2a: Heatran\n|-damage|p2a: Heatran|37\/100\n|move|p2a: Heatran|Earth Power|p1a: Heatran\n|-supereffective|p1a: Heatran\n|-damage|p1a: Heatran|0 fnt\n|faint|p1a: Heatran\n|\n|-heal|p2a: Heatran|44\/100|[from] item: Leftovers\n|upkeep\n|\n|t:|1700848298\n|switch|p1a: Ninetales|Ninetales-Alola, F, shiny|28\/100\n|-damage|p1a: Ninetales|16\/100|[from] Spikes\n|-weather|Snow|[from] ability: Snow Warning|[of] p1a: Ninetales\n|turn|26\n|\n|t:|1700848305\n|move|p1a: Ninetales|Aurora Veil|p1a: Ninetales\n|-sidestart|p1: DrippinSauce|move: Aurora Veil\n|move|p2a: Heatran|Stealth Rock|p1a: Ninetales\n|-sidestart|p1: DrippinSauce|move: Stealth Rock\n|\n|-weather|Snow|[upkeep]\n|-heal|p2a: Heatran|50\/100|[from] item: Leftovers\n|-fieldend|move: Electric Terrain\n|upkeep\n|turn|27\n|\n|t:|1700848310\n|switch|p1a: Great Tusk|Great Tusk|83\/100 brn\n|-damage|p1a: Great Tusk|70\/100 brn|[from] Spikes\n|-damage|p1a: Great Tusk|67\/100 brn|[from] Stealth Rock\n|switch|p2a: Banette|Banette-Mega, F|74\/100\n|\n|-weather|Snow|[upkeep]\n|-heal|p1a: Great Tusk|74\/100 brn|[from] item: Leftovers\n|-damage|p1a: Great Tusk|67\/100 brn|[from] brn\n|upkeep\n|turn|28\n|\n|t:|1700848315\n|switch|p2a: Alomomola|Alomomola, M|100\/100\n|move|p1a: Great Tusk|Knock Off|p2a: Alomomola\n|-damage|p2a: Alomomola|95\/100\n|\n|-weather|Snow|[upkeep]\n|-heal|p1a: Great Tusk|74\/100 brn|[from] item: Leftovers\n|-damage|p1a: Great Tusk|67\/100 brn|[from] brn\n|upkeep\n|turn|29\n|\n|t:|1700848317\n|switch|p2a: Banette|Banette-Mega, F|74\/100\n|move|p1a: Great Tusk|Rapid Spin|p2a: Banette\n|-immune|p2a: Banette\n|\n|-weather|Snow|[upkeep]\n|-heal|p1a: Great Tusk|74\/100 brn|[from] item: Leftovers\n|-damage|p1a: Great Tusk|67\/100 brn|[from] brn\n|upkeep\n|turn|30\n|\n|t:|1700848329\n|move|p2a: Banette|Encore|p1a: Great Tusk\n|-start|p1a: Great Tusk|Encore\n|move|p1a: Great Tusk|Rapid Spin|p2a: Banette\n|-immune|p2a: Banette\n|\n|-weather|none\n|-heal|p1a: Great Tusk|74\/100 brn|[from] item: Leftovers\n|-damage|p1a: Great Tusk|67\/100 brn|[from] brn\n|-sideend|p1: DrippinSauce|move: Aurora Veil\n|upkeep\n|turn|31\n|\n|t:|1700848333\n|-end|p1a: Great Tusk|Protosynthesis|[silent]\n|switch|p1a: Kommo-o|Kommo-o, M|96\/100\n|-damage|p1a: Kommo-o|84\/100|[from] Spikes\n|-damage|p1a: Kommo-o|78\/100|[from] Stealth Rock\n|move|p2a: Banette|Infestation|p1a: Kommo-o\n|-resisted|p1a: Kommo-o\n|-damage|p1a: Kommo-o|75\/100\n|-activate|p1a: Kommo-o|move: Infestation|[of] p2a: Banette\n|\n|-damage|p1a: Kommo-o|63\/100|[from] move: Infestation|[partiallytrapped]\n|upkeep\n|turn|32\n|\n|t:|1700848340\n|move|p2a: Banette|Destiny Bond|p2a: Banette\n|-singlemove|p2a: Banette|Destiny Bond\n|move|p1a: Kommo-o|Clangorous Soul|p1a: Kommo-o\n|-boost|p1a: Kommo-o|atk|1\n|-boost|p1a: Kommo-o|def|1\n|-boost|p1a: Kommo-o|spa|1\n|-boost|p1a: Kommo-o|spd|1\n|-boost|p1a: Kommo-o|spe|1\n|-damage|p1a: Kommo-o|30\/100\n|-enditem|p1a: Kommo-o|Throat Spray\n|-boost|p1a: Kommo-o|spa|1|[from] item: Throat Spray\n|\n|-damage|p1a: Kommo-o|17\/100|[from] move: Infestation|[partiallytrapped]\n|upkeep\n|turn|33\n|\n|t:|1700848351\n|move|p2a: Banette|Encore|p1a: Kommo-o\n|-start|p1a: Kommo-o|Encore\n|move|p1a: Kommo-o|Clangorous Soul||[still]\n|-fail|p1a: Kommo-o\n|\n|-damage|p1a: Kommo-o|5\/100|[from] move: Infestation|[partiallytrapped]\n|upkeep\n|turn|34\n|-message|DrippinSauce forfeited.\n|\n|win|OkcThunder0\n|raw|DrippinSauce's rating: 1564 &rarr; <strong>1549<\/strong><br \/>(-15 for losing)\n|raw|OkcThunder0's rating: 1657 &rarr; <strong>1672<\/strong><br \/>(+15 for winning)\n","uploadtime":1700848370,"views":5,"p1id":"drippinsauce","p2id":"okcthunder0","formatid":"gen9nationaldex","rating":1549,"private":0,"password":""}