{"id":"gen9nationaldex-1987835574","p1":"Click Duh X\"","p2":"Steggasaurs","format":"[Gen 9] National Dex","log":"|j|\u2606Click Duh X\"\n|j|\u2606Steggasaurs\n|t:|1699641253\n|gametype|singles\n|player|p1|Click Duh X\"|ghetsis|1096\n|player|p2|Steggasaurs|drayden|1194\n|teamsize|p1|6\n|teamsize|p2|6\n|gen|9\n|tier|[Gen 9] National Dex\n|rated|\n|rule|HP Percentage Mod: HP is shown in percentages\n|rule|Endless Battle Clause: Forcing endless battles is banned\n|rule|OHKO Clause: OHKO moves are banned\n|rule|Evasion Clause: Evasion abilities, items, and moves are banned\n|rule|Evasion Abilities Clause: Evasion abilities are banned\n|rule|Evasion Items Clause: Evasion items are banned\n|rule|Evasion Moves Clause: Evasion moves are banned\n|rule|Species Clause: Limit one of each Pok\u00e9mon\n|rule|Sleep Clause Mod: Limit one foe put to sleep\n|clearpoke\n|poke|p1|Salazzle, F|\n|poke|p1|Magnemite, L1|\n|poke|p1|Probopass, L2, M|\n|poke|p1|Mandibuzz, F|\n|poke|p1|Nosepass, L1, M|\n|poke|p1|Tentacruel, F|\n|poke|p2|Scizor, F|\n|poke|p2|Skeledirge, M|\n|poke|p2|Keldeo-Resolute|\n|poke|p2|Excadrill, F|\n|poke|p2|Tapu Koko|\n|poke|p2|Galvantula, M|\n|teampreview\n|inactive|Battle timer is ON: inactive players will automatically lose when time's up. (requested by Steggasaurs)\n|\n|t:|1699641275\n|start\n|switch|p1a: Literally Level 1|Magnemite, L1|100\/100\n|switch|p2a: Excadrill|Excadrill, F|100\/100\n|-ability|p2a: Excadrill|Mold Breaker\n|turn|1\n|\n|t:|1699641279\n|switch|p1a: Sh\ud83d\udca9tbird|Mandibuzz, F|100\/100\n|move|p2a: Excadrill|Stealth Rock|p1a: Sh\ud83d\udca9tbird\n|-sidestart|p1: Click Duh X\"|move: Stealth Rock\n|\n|upkeep\n|turn|2\n|\n|t:|1699641304\n|switch|p2a: Galvantula|Galvantula, M|100\/100\n|move|p1a: Sh\ud83d\udca9tbird|Defog|p2a: Galvantula\n|-unboost|p2a: Galvantula|evasion|1\n|-sideend|p1: Click Duh X\"|Stealth Rock|[from] move: Defog|[of] p1a: Sh\ud83d\udca9tbird\n|\n|upkeep\n|turn|3\n|j| SnackPG\n|\n|t:|1699641325\n|move|p2a: Galvantula|Thunder|p1a: Sh\ud83d\udca9tbird\n|-supereffective|p1a: Sh\ud83d\udca9tbird\n|-damage|p1a: Sh\ud83d\udca9tbird|28\/100\n|move|p1a: Sh\ud83d\udca9tbird|Toxic|p2a: Galvantula\n|-status|p2a: Galvantula|tox\n|\n|-damage|p2a: Galvantula|94\/100 tox|[from] psn\n|upkeep\n|turn|4\n|l| SnackPG\n|\n|t:|1699641333\n|-terastallize|p1a: Sh\ud83d\udca9tbird|Ground\n|move|p2a: Galvantula|Sticky Web|p1a: Sh\ud83d\udca9tbird\n|-sidestart|p1: Click Duh X\"|move: Sticky Web\n|move|p1a: Sh\ud83d\udca9tbird|Roost|p1a: Sh\ud83d\udca9tbird\n|-heal|p1a: Sh\ud83d\udca9tbird|78\/100\n|\n|-damage|p2a: Galvantula|82\/100 tox|[from] psn\n|upkeep\n|turn|5\n|\n|t:|1699641345\n|move|p2a: Galvantula|Bug Buzz|p1a: Sh\ud83d\udca9tbird\n|-damage|p1a: Sh\ud83d\udca9tbird|44\/100\n|move|p1a: Sh\ud83d\udca9tbird|Defog|p2a: Galvantula\n|-unboost|p2a: Galvantula|evasion|1\n|-sideend|p1: Click Duh X\"|Sticky Web|[from] move: Defog|[of] p1a: Sh\ud83d\udca9tbird\n|\n|-damage|p2a: Galvantula|64\/100 tox|[from] psn\n|upkeep\n|turn|6\n|\n|t:|1699641352\n|move|p2a: Galvantula|Sticky Web|p1a: Sh\ud83d\udca9tbird\n|-sidestart|p1: Click Duh X\"|move: Sticky Web\n|move|p1a: Sh\ud83d\udca9tbird|Roost|p1a: Sh\ud83d\udca9tbird\n|-heal|p1a: Sh\ud83d\udca9tbird|94\/100\n|\n|-damage|p2a: Galvantula|40\/100 tox|[from] psn\n|upkeep\n|turn|7\n|\n|t:|1699641357\n|switch|p2a: Keldeo|Keldeo-Resolute|100\/100\n|move|p1a: Sh\ud83d\udca9tbird|Defog|p2a: Keldeo\n|-unboost|p2a: Keldeo|evasion|1\n|-sideend|p1: Click Duh X\"|Sticky Web|[from] move: Defog|[of] p1a: Sh\ud83d\udca9tbird\n|\n|upkeep\n|turn|8\n|\n|t:|1699641362\n|switch|p1a: Sh\ud83d\udca9tsquid|Tentacruel, F|100\/100\n|move|p2a: Keldeo|Scald|p1a: Sh\ud83d\udca9tsquid\n|-resisted|p1a: Sh\ud83d\udca9tsquid\n|-damage|p1a: Sh\ud83d\udca9tsquid|80\/100\n|-status|p1a: Sh\ud83d\udca9tsquid|brn\n|-damage|p2a: Keldeo|91\/100|[from] item: Life Orb\n|\n|-heal|p1a: Sh\ud83d\udca9tsquid|86\/100 brn|[from] item: Leftovers\n|-damage|p1a: Sh\ud83d\udca9tsquid|80\/100 brn|[from] brn\n|upkeep\n|turn|9\n|\n|t:|1699641379\n|switch|p2a: Excadrill|Excadrill, F|100\/100\n|-ability|p2a: Excadrill|Mold Breaker\n|move|p1a: Sh\ud83d\udca9tsquid|Toxic|p2a: Excadrill\n|-immune|p2a: Excadrill\n|\n|-heal|p1a: Sh\ud83d\udca9tsquid|86\/100 brn|[from] item: Leftovers\n|-damage|p1a: Sh\ud83d\udca9tsquid|80\/100 brn|[from] brn\n|upkeep\n|turn|10\n|\n|t:|1699641389\n|move|p1a: Sh\ud83d\udca9tsquid|Scald|p2a: Excadrill\n|-supereffective|p2a: Excadrill\n|-damage|p2a: Excadrill|42\/100\n|-status|p2a: Excadrill|brn\n|move|p2a: Excadrill|Earthquake|p1a: Sh\ud83d\udca9tsquid\n|-supereffective|p1a: Sh\ud83d\udca9tsquid\n|-damage|p1a: Sh\ud83d\udca9tsquid|5\/100 brn\n|\n|-heal|p1a: Sh\ud83d\udca9tsquid|11\/100 brn|[from] item: Leftovers\n|-damage|p1a: Sh\ud83d\udca9tsquid|5\/100 brn|[from] brn\n|-damage|p2a: Excadrill|36\/100 brn|[from] brn\n|upkeep\n|turn|11\n|\n|t:|1699641399\n|move|p1a: Sh\ud83d\udca9tsquid|Scald|p2a: Excadrill\n|-supereffective|p2a: Excadrill\n|-damage|p2a: Excadrill|0 fnt\n|faint|p2a: Excadrill\n|\n|-heal|p1a: Sh\ud83d\udca9tsquid|11\/100 brn|[from] item: Leftovers\n|-damage|p1a: Sh\ud83d\udca9tsquid|5\/100 brn|[from] brn\n|upkeep\n|\n|t:|1699641414\n|switch|p2a: Tapu Koko|Tapu Koko|100\/100\n|-fieldstart|move: Electric Terrain|[from] ability: Electric Surge|[of] p2a: Tapu Koko\n|turn|12\n|\n|t:|1699641424\n|switch|p1a: Sh\ud83d\udca9tbird|Mandibuzz, F, tera:Ground|94\/100\n|move|p2a: Tapu Koko|U-turn|p1a: Sh\ud83d\udca9tbird\n|-damage|p1a: Sh\ud83d\udca9tbird|83\/100\n|\n|t:|1699641430\n|switch|p2a: Keldeo|Keldeo-Resolute|91\/100|[from] U-turn\n|\n|upkeep\n|turn|13\n|\n|t:|1699641440\n|switch|p1a: Sh\ud83d\udca9tsquid|Tentacruel, F|5\/100 brn\n|move|p2a: Keldeo|Scald|p1a: Sh\ud83d\udca9tsquid\n|-resisted|p1a: Sh\ud83d\udca9tsquid\n|-damage|p1a: Sh\ud83d\udca9tsquid|0 fnt\n|faint|p1a: Sh\ud83d\udca9tsquid\n|-damage|p2a: Keldeo|81\/100|[from] item: Life Orb\n|\n|upkeep\n|\n|t:|1699641450\n|switch|p1a: Click the \u274c|Nosepass, L1, M, shiny|100\/100\n|turn|14\n|\n|t:|1699641452\n|move|p2a: Keldeo|Scald|p1a: Click the \u274c\n|-supereffective|p1a: Click the \u274c\n|-ability|p1a: Click the \u274c|Sturdy\n|-damage|p1a: Click the \u274c|10\/100\n|-enditem|p1a: Click the \u274c|Berry Juice\n|-heal|p1a: Click the \u274c|100\/100|[from] item: Berry Juice\n|-damage|p2a: Keldeo|71\/100|[from] item: Life Orb\n|move|p1a: Click the \u274c|Toxic|p2a: Keldeo\n|-status|p2a: Keldeo|tox\n|\n|-damage|p2a: Keldeo|65\/100 tox|[from] psn\n|upkeep\n|turn|15\n|\n|t:|1699641459\n|move|p2a: Keldeo|Scald|p1a: Click the \u274c\n|-supereffective|p1a: Click the \u274c\n|-ability|p1a: Click the \u274c|Sturdy\n|-damage|p1a: Click the \u274c|10\/100\n|-damage|p2a: Keldeo|55\/100 tox|[from] item: Life Orb\n|move|p1a: Click the \u274c|Pain Split|p2a: Keldeo\n|-sethp|p2a: Keldeo|28\/100 tox|[from] move: Pain Split|[silent]\n|-sethp|p1a: Click the \u274c|100\/100|[from] move: Pain Split\n|\n|-damage|p2a: Keldeo|15\/100 tox|[from] psn\n|upkeep\n|turn|16\n|\n|t:|1699641466\n|move|p1a: Click the \u274c|Protect|p1a: Click the \u274c\n|-singleturn|p1a: Click the \u274c|Protect\n|move|p2a: Keldeo|Scald|p1a: Click the \u274c\n|-activate|p1a: Click the \u274c|move: Protect\n|\n|-damage|p2a: Keldeo|0 fnt|[from] psn\n|faint|p2a: Keldeo\n|-fieldend|move: Electric Terrain\n|upkeep\n|\n|t:|1699641470\n|switch|p2a: Galvantula|Galvantula, M|40\/100 tox\n|turn|17\n|\n|t:|1699641484\n|move|p1a: Click the \u274c|Magic Coat|p1a: Click the \u274c\n|-singleturn|p1a: Click the \u274c|move: Magic Coat\n|move|p2a: Galvantula|Bug Buzz|p1a: Click the \u274c\n|-ability|p1a: Click the \u274c|Sturdy\n|-damage|p1a: Click the \u274c|10\/100\n|\n|-damage|p2a: Galvantula|34\/100 tox|[from] psn\n|upkeep\n|turn|18\n|\n|t:|1699641495\n|move|p1a: Click the \u274c|Magic Coat|p1a: Click the \u274c\n|-singleturn|p1a: Click the \u274c|move: Magic Coat\n|move|p2a: Galvantula|Bug Buzz|p1a: Click the \u274c\n|-damage|p1a: Click the \u274c|0 fnt\n|faint|p1a: Click the \u274c\n|\n|-damage|p2a: Galvantula|22\/100 tox|[from] psn\n|upkeep\n|\n|t:|1699641498\n|switch|p1a: No Fun Allowed|Salazzle, F|100\/100\n|turn|19\n|\n|t:|1699641502\n|move|p1a: No Fun Allowed|Flamethrower|p2a: Galvantula\n|-supereffective|p2a: Galvantula\n|-damage|p2a: Galvantula|0 fnt\n|faint|p2a: Galvantula\n|\n|upkeep\n|\n|t:|1699641516\n|switch|p2a: Skeledirge|Skeledirge, M|100\/100\n|turn|20\n|\n|t:|1699641521\n|move|p1a: No Fun Allowed|Toxic|p2a: Skeledirge\n|-status|p2a: Skeledirge|tox\n|move|p2a: Skeledirge|Torch Song|p1a: No Fun Allowed\n|-resisted|p1a: No Fun Allowed\n|-damage|p1a: No Fun Allowed|74\/100\n|-boost|p2a: Skeledirge|spa|1\n|-enditem|p2a: Skeledirge|Throat Spray\n|-boost|p2a: Skeledirge|spa|1|[from] item: Throat Spray\n|\n|-heal|p1a: No Fun Allowed|80\/100|[from] item: Leftovers\n|-damage|p2a: Skeledirge|94\/100 tox|[from] psn\n|upkeep\n|turn|21\n|\n|t:|1699641528\n|move|p1a: No Fun Allowed|Protect|p1a: No Fun Allowed\n|-singleturn|p1a: No Fun Allowed|Protect\n|move|p2a: Skeledirge|Shadow Ball|p1a: No Fun Allowed\n|-activate|p1a: No Fun Allowed|move: Protect\n|\n|-heal|p1a: No Fun Allowed|86\/100|[from] item: Leftovers\n|-damage|p2a: Skeledirge|82\/100 tox|[from] psn\n|upkeep\n|turn|22\n|\n|t:|1699641540\n|switch|p1a: Literally Level 1|Magnemite, L1|100\/100\n|move|p2a: Skeledirge|Hyper Voice|p1a: Literally Level 1\n|-resisted|p1a: Literally Level 1\n|-ability|p1a: Literally Level 1|Sturdy\n|-damage|p1a: Literally Level 1|10\/100\n|-enditem|p1a: Literally Level 1|Berry Juice\n|-heal|p1a: Literally Level 1|100\/100|[from] item: Berry Juice\n|\n|-damage|p2a: Skeledirge|64\/100 tox|[from] psn\n|upkeep\n|turn|23\n|\n|t:|1699641554\n|move|p2a: Skeledirge|Torch Song|p1a: Literally Level 1\n|-supereffective|p1a: Literally Level 1\n|-ability|p1a: Literally Level 1|Sturdy\n|-damage|p1a: Literally Level 1|10\/100\n|-boost|p2a: Skeledirge|spa|1\n|move|p1a: Literally Level 1|Recycle|p1a: Literally Level 1\n|-item|p1a: Literally Level 1|Berry Juice|[from] move: Recycle\n|-enditem|p1a: Literally Level 1|Berry Juice\n|-heal|p1a: Literally Level 1|100\/100|[from] item: Berry Juice\n|\n|-damage|p2a: Skeledirge|40\/100 tox|[from] psn\n|upkeep\n|turn|24\n|\n|t:|1699641565\n|move|p2a: Skeledirge|Hyper Voice|p1a: Literally Level 1\n|-resisted|p1a: Literally Level 1\n|-ability|p1a: Literally Level 1|Sturdy\n|-damage|p1a: Literally Level 1|10\/100\n|move|p1a: Literally Level 1|Recycle|p1a: Literally Level 1\n|-item|p1a: Literally Level 1|Berry Juice|[from] move: Recycle\n|-enditem|p1a: Literally Level 1|Berry Juice\n|-heal|p1a: Literally Level 1|100\/100|[from] item: Berry Juice\n|\n|-damage|p2a: Skeledirge|9\/100 tox|[from] psn\n|upkeep\n|turn|25\n|\n|t:|1699641568\n|move|p2a: Skeledirge|Hyper Voice|p1a: Literally Level 1\n|-resisted|p1a: Literally Level 1\n|-ability|p1a: Literally Level 1|Sturdy\n|-damage|p1a: Literally Level 1|10\/100\n|move|p1a: Literally Level 1|Recycle|p1a: Literally Level 1\n|-item|p1a: Literally Level 1|Berry Juice|[from] move: Recycle\n|-enditem|p1a: Literally Level 1|Berry Juice\n|-heal|p1a: Literally Level 1|100\/100|[from] item: Berry Juice\n|\n|-damage|p2a: Skeledirge|0 fnt|[from] psn\n|faint|p2a: Skeledirge\n|upkeep\n|\n|t:|1699641570\n|switch|p2a: Scizor|Scizor, F|100\/100\n|turn|26\n|\n|t:|1699641579\n|switch|p1a: Sh\ud83d\udca9tbird|Mandibuzz, F, tera:Ground|83\/100\n|detailschange|p2a: Scizor|Scizor-Mega, F\n|-mega|p2a: Scizor|Scizor|Scizorite\n|move|p2a: Scizor|Swords Dance|p2a: Scizor\n|-boost|p2a: Scizor|atk|2\n|\n|upkeep\n|turn|27\n|\n|t:|1699641592\n|move|p2a: Scizor|Bullet Punch|p1a: Sh\ud83d\udca9tbird\n|-damage|p1a: Sh\ud83d\udca9tbird|42\/100\n|move|p1a: Sh\ud83d\udca9tbird|Foul Play|p2a: Scizor\n|-damage|p2a: Scizor|18\/100\n|\n|upkeep\n|turn|28\n|\n|t:|1699641597\n|move|p2a: Scizor|Bullet Punch|p1a: Sh\ud83d\udca9tbird\n|-damage|p1a: Sh\ud83d\udca9tbird|1\/100\n|move|p1a: Sh\ud83d\udca9tbird|Foul Play|p2a: Scizor\n|-damage|p2a: Scizor|0 fnt\n|faint|p2a: Scizor\n|\n|upkeep\n|\n|t:|1699641600\n|switch|p2a: Tapu Koko|Tapu Koko|100\/100\n|-fieldstart|move: Electric Terrain|[from] ability: Electric Surge|[of] p2a: Tapu Koko\n|turn|29\n|\n|t:|1699641608\n|move|p2a: Tapu Koko|Dazzling Gleam|p1a: Sh\ud83d\udca9tbird\n|-damage|p1a: Sh\ud83d\udca9tbird|0 fnt\n|faint|p1a: Sh\ud83d\udca9tbird\n|\n|upkeep\n|\n|t:|1699641617\n|switch|p1a: Level2\ufe0f\u20e3Level2\ufe0f\u20e3|Probopass, L2, M, shiny|100\/100\n|turn|30\n|\n|t:|1699641628\n|-terastallize|p2a: Tapu Koko|Electric\n|move|p2a: Tapu Koko|Wild Charge|p1a: Level2\ufe0f\u20e3Level2\ufe0f\u20e3\n|-ability|p1a: Level2\ufe0f\u20e3Level2\ufe0f\u20e3|Sturdy\n|-damage|p1a: Level2\ufe0f\u20e3Level2\ufe0f\u20e3|8\/100\n|-enditem|p1a: Level2\ufe0f\u20e3Level2\ufe0f\u20e3|Berry Juice\n|-heal|p1a: Level2\ufe0f\u20e3Level2\ufe0f\u20e3|100\/100|[from] item: Berry Juice\n|-damage|p2a: Tapu Koko|99\/100|[from] Recoil\n|move|p1a: Level2\ufe0f\u20e3Level2\ufe0f\u20e3|Toxic|p2a: Tapu Koko\n|-status|p2a: Tapu Koko|tox\n|\n|-damage|p2a: Tapu Koko|93\/100 tox|[from] psn\n|upkeep\n|turn|31\n|c|\u2606Click Duh X\"|gg\n|\n|t:|1699641639\n|move|p2a: Tapu Koko|Wild Charge|p1a: Level2\ufe0f\u20e3Level2\ufe0f\u20e3\n|-ability|p1a: Level2\ufe0f\u20e3Level2\ufe0f\u20e3|Sturdy\n|-damage|p1a: Level2\ufe0f\u20e3Level2\ufe0f\u20e3|8\/100\n|-damage|p2a: Tapu Koko|92\/100 tox|[from] Recoil\n|move|p1a: Level2\ufe0f\u20e3Level2\ufe0f\u20e3|Pain Split|p2a: Tapu Koko\n|-sethp|p2a: Tapu Koko|46\/100 tox|[from] move: Pain Split|[silent]\n|-sethp|p1a: Level2\ufe0f\u20e3Level2\ufe0f\u20e3|100\/100|[from] move: Pain Split\n|\n|-damage|p2a: Tapu Koko|34\/100 tox|[from] psn\n|upkeep\n|turn|32\n|\n|t:|1699641641\n|move|p2a: Tapu Koko|Wild Charge|p1a: Level2\ufe0f\u20e3Level2\ufe0f\u20e3\n|-ability|p1a: Level2\ufe0f\u20e3Level2\ufe0f\u20e3|Sturdy\n|-damage|p1a: Level2\ufe0f\u20e3Level2\ufe0f\u20e3|8\/100\n|-damage|p2a: Tapu Koko|33\/100 tox|[from] Recoil\n|move|p1a: Level2\ufe0f\u20e3Level2\ufe0f\u20e3|Pain Split|p2a: Tapu Koko\n|-sethp|p2a: Tapu Koko|17\/100 tox|[from] move: Pain Split|[silent]\n|-sethp|p1a: Level2\ufe0f\u20e3Level2\ufe0f\u20e3|100\/100|[from] move: Pain Split\n|\n|-damage|p2a: Tapu Koko|0 fnt|[from] psn\n|faint|p2a: Tapu Koko\n|\n|win|Click Duh X\"\n|upkeep\n|raw|Click Duh X&quot;'s rating: 1120 &rarr; <strong>1150<\/strong><br \/>(+30 for winning)\n|raw|Steggasaurs's rating: 1194 &rarr; <strong>1164<\/strong><br \/>(-30 for losing)\n|l|\u2606Steggasaurs\n","uploadtime":1699641644,"views":4,"p1id":"clickduhx","p2id":"steggasaurs","formatid":"gen9nationaldex","rating":1150,"private":0,"password":""}