{"id":"gen9nationaldex-1987542017","p1":"Sirrawrzy","p2":"biedianla","format":"[Gen 9] National Dex","log":"|j|\u2606Sirrawrzy\n|j|\u2606biedianla\n|t:|1699609291\n|gametype|singles\n|player|p1|Sirrawrzy|emmet|1559\n|player|p2|biedianla|pokemaniac|1697\n|teamsize|p1|6\n|teamsize|p2|6\n|gen|9\n|tier|[Gen 9] National Dex\n|rated|\n|rule|HP Percentage Mod: HP is shown in percentages\n|rule|Endless Battle Clause: Forcing endless battles is banned\n|rule|OHKO Clause: OHKO moves are banned\n|rule|Evasion Clause: Evasion abilities, items, and moves are banned\n|rule|Evasion Abilities Clause: Evasion abilities are banned\n|rule|Evasion Items Clause: Evasion items are banned\n|rule|Evasion Moves Clause: Evasion moves are banned\n|rule|Species Clause: Limit one of each Pok\u00e9mon\n|rule|Sleep Clause Mod: Limit one foe put to sleep\n|clearpoke\n|poke|p1|Ninetales, M|\n|poke|p1|Venusaur, M|\n|poke|p1|Jolteon, M|\n|poke|p1|Blastoise, M|\n|poke|p1|Rhydon, M|\n|poke|p1|Dragonite, F|\n|poke|p2|Zeraora|\n|poke|p2|Heatran, F|\n|poke|p2|Medicham, M|\n|poke|p2|Garchomp, M|\n|poke|p2|Tornadus-Therian, M|\n|poke|p2|Alomomola, F|\n|teampreview\n|\n|t:|1699609298\n|start\n|switch|p1a: Rhydon|Rhydon, M, shiny|100\/100\n|switch|p2a: Zeraora|Zeraora|100\/100\n|turn|1\n|\n|t:|1699609304\n|move|p2a: Zeraora|Close Combat|p1a: Rhydon\n|-supereffective|p1a: Rhydon\n|-damage|p1a: Rhydon|53\/100\n|-unboost|p2a: Zeraora|def|1\n|-unboost|p2a: Zeraora|spd|1\n|-damage|p2a: Zeraora|91\/100|[from] item: Life Orb\n|move|p1a: Rhydon|Earthquake|p2a: Zeraora\n|-supereffective|p2a: Zeraora\n|-damage|p2a: Zeraora|0 fnt\n|faint|p2a: Zeraora\n|\n|upkeep\n|\n|t:|1699609308\n|switch|p2a: Medicham|Medicham, M|100\/100\n|turn|2\n|inactive|Battle timer is ON: inactive players will automatically lose when time's up. (requested by biedianla)\n|\n|t:|1699609315\n|detailschange|p2a: Medicham|Medicham-Mega, M\n|-mega|p2a: Medicham|Medicham|Medichamite\n|-terastallize|p1a: Rhydon|Ghost\n|move|p2a: Medicham|Close Combat|p1a: Rhydon\n|-immune|p1a: Rhydon\n|move|p1a: Rhydon|Earthquake|p2a: Medicham\n|-damage|p2a: Medicham|31\/100\n|\n|upkeep\n|turn|3\n|\n|t:|1699609324\n|move|p2a: Medicham|Zen Headbutt|p1a: Rhydon\n|-damage|p1a: Rhydon|21\/100\n|move|p1a: Rhydon|Stealth Rock|p2a: Medicham\n|-sidestart|p2: biedianla|move: Stealth Rock\n|\n|upkeep\n|turn|4\n|\n|t:|1699609328\n|move|p2a: Medicham|Zen Headbutt|p1a: Rhydon\n|-damage|p1a: Rhydon|0 fnt\n|faint|p1a: Rhydon\n|\n|upkeep\n|\n|t:|1699609340\n|switch|p1a: Ninetales|Ninetales, M, shiny|100\/100\n|-weather|SunnyDay|[from] ability: Drought|[of] p1a: Ninetales\n|turn|5\n|\n|t:|1699609344\n|switch|p1a: Blastoise|Blastoise, M, shiny|100\/100\n|move|p2a: Medicham|Close Combat|p1a: Blastoise\n|-damage|p1a: Blastoise|28\/100\n|-unboost|p2a: Medicham|def|1\n|-unboost|p2a: Medicham|spd|1\n|\n|-weather|SunnyDay|[upkeep]\n|upkeep\n|turn|6\n|\n|t:|1699609348\n|move|p2a: Medicham|Close Combat|p1a: Blastoise\n|-damage|p1a: Blastoise|0 fnt\n|-unboost|p2a: Medicham|def|1\n|-unboost|p2a: Medicham|spd|1\n|faint|p1a: Blastoise\n|\n|-weather|SunnyDay|[upkeep]\n|upkeep\n|\n|t:|1699609350\n|switch|p1a: Venusaur|Venusaur, M, shiny|100\/100\n|turn|7\n|\n|t:|1699609352\n|switch|p2a: Heatran|Heatran, F|100\/100\n|-damage|p2a: Heatran|88\/100|[from] Stealth Rock\n|move|p1a: Venusaur|Earth Power|p2a: Heatran\n|-supereffective|p2a: Heatran\n|-damage|p2a: Heatran|0 fnt\n|faint|p2a: Heatran\n|-damage|p1a: Venusaur|91\/100|[from] item: Life Orb\n|\n|-weather|SunnyDay|[upkeep]\n|upkeep\n|\n|t:|1699609355\n|switch|p2a: Tornadus|Tornadus-Therian, M, shiny|100\/100\n|turn|8\n|\n|t:|1699609361\n|switch|p1a: Jolteon|Jolteon, M, shiny|100\/100\n|move|p2a: Tornadus|Hurricane|p1a: Jolteon|[miss]\n|-miss|p2a: Tornadus|p1a: Jolteon\n|\n|-weather|SunnyDay|[upkeep]\n|-status|p1a: Jolteon|brn|[from] item: Flame Orb\n|upkeep\n|turn|9\n|\n|t:|1699609374\n|move|p1a: Jolteon|Copycat|p1a: Jolteon\n|move|p1a: Jolteon|Hurricane|p2a: Tornadus|[from]move: Copycat|[miss]\n|-miss|p1a: Jolteon|p2a: Tornadus\n|move|p2a: Tornadus|Knock Off|p1a: Jolteon\n|-damage|p1a: Jolteon|56\/100 brn\n|-enditem|p1a: Jolteon|Flame Orb|[from] move: Knock Off|[of] p2a: Tornadus\n|\n|-weather|none\n|-damage|p1a: Jolteon|50\/100 brn|[from] brn\n|upkeep\n|turn|10\n|\n|t:|1699609381\n|-terastallize|p2a: Tornadus|Ground\n|move|p1a: Jolteon|Copycat|p1a: Jolteon\n|move|p1a: Jolteon|Knock Off|p2a: Tornadus|[from]move: Copycat\n|-damage|p2a: Tornadus|92\/100\n|-enditem|p2a: Tornadus|Heavy-Duty Boots|[from] move: Knock Off|[of] p1a: Jolteon\n|move|p2a: Tornadus|Hurricane|p1a: Jolteon\n|-resisted|p1a: Jolteon\n|-damage|p1a: Jolteon|24\/100 brn\n|-start|p1a: Jolteon|confusion\n|\n|-damage|p1a: Jolteon|18\/100 brn|[from] brn\n|upkeep\n|turn|11\n|\n|t:|1699609388\n|switch|p1a: Ninetales|Ninetales, M, shiny|100\/100\n|-weather|SunnyDay|[from] ability: Drought|[of] p1a: Ninetales\n|move|p2a: Tornadus|Defog|p1a: Ninetales\n|-unboost|p1a: Ninetales|evasion|1\n|-sideend|p2: biedianla|Stealth Rock|[from] move: Defog|[of] p2a: Tornadus\n|\n|-weather|SunnyDay|[upkeep]\n|upkeep\n|turn|12\n|\n|t:|1699609397\n|move|p1a: Ninetales|Solar Beam||[still]\n|-prepare|p1a: Ninetales|Solar Beam\n|-anim|p1a: Ninetales|Solar Beam|p2a: Tornadus\n|-supereffective|p2a: Tornadus\n|-damage|p2a: Tornadus|36\/100\n|move|p2a: Tornadus|Knock Off|p1a: Ninetales\n|-damage|p1a: Ninetales|65\/100\n|-enditem|p1a: Ninetales|Choice Scarf|[from] move: Knock Off|[of] p2a: Tornadus\n|\n|-weather|SunnyDay|[upkeep]\n|upkeep\n|turn|13\n|\n|t:|1699609405\n|move|p2a: Tornadus|U-turn|p1a: Ninetales\n|-resisted|p1a: Ninetales\n|-damage|p1a: Ninetales|53\/100\n|\n|t:|1699609407\n|switch|p2a: Garchomp|Garchomp, M|100\/100|[from] U-turn\n|move|p1a: Ninetales|Weather Ball|p2a: Garchomp\n|-resisted|p2a: Garchomp\n|-damage|p2a: Garchomp|67\/100\n|\n|-weather|SunnyDay|[upkeep]\n|upkeep\n|turn|14\n|\n|t:|1699609413\n|switch|p1a: Dragonite|Dragonite, F, shiny|100\/100\n|move|p2a: Garchomp|Earthquake|p1a: Dragonite\n|-immune|p1a: Dragonite\n|\n|-weather|SunnyDay|[upkeep]\n|upkeep\n|turn|15\n|\n|t:|1699609428\n|-zpower|p2a: Garchomp\n|move|p2a: Garchomp|Devastating Drake|p1a: Dragonite|[zeffect]\n|-supereffective|p1a: Dragonite\n|-damage|p1a: Dragonite|16\/100\n|move|p1a: Dragonite|Curse|p1a: Dragonite\n|-unboost|p1a: Dragonite|spe|1\n|-boost|p1a: Dragonite|atk|1\n|-boost|p1a: Dragonite|def|1\n|\n|-weather|none\n|-heal|p1a: Dragonite|22\/100|[from] item: Leftovers\n|upkeep\n|turn|16\n|\n|t:|1699609435\n|move|p1a: Dragonite|Extreme Speed|p2a: Garchomp\n|-damage|p2a: Garchomp|22\/100\n|-damage|p1a: Dragonite|9\/100|[from] ability: Rough Skin|[of] p2a: Garchomp\n|move|p2a: Garchomp|Outrage|p1a: Dragonite\n|-supereffective|p1a: Dragonite\n|-damage|p1a: Dragonite|0 fnt\n|faint|p1a: Dragonite\n|\n|upkeep\n|\n|t:|1699609457\n|switch|p1a: Ninetales|Ninetales, M, shiny|53\/100\n|-weather|SunnyDay|[from] ability: Drought|[of] p1a: Ninetales\n|turn|17\n|inactive|Sirrawrzy has 120 seconds left.\n|\n|t:|1699609496\n|switch|p1a: Jolteon|Jolteon, M, shiny|18\/100 brn\n|move|p2a: Garchomp|Outrage|p1a: Jolteon|[from]lockedmove\n|-damage|p1a: Jolteon|0 fnt\n|faint|p1a: Jolteon\n|-start|p2a: Garchomp|confusion|[fatigue]\n|\n|-weather|SunnyDay|[upkeep]\n|upkeep\n|\n|t:|1699609498\n|switch|p1a: Venusaur|Venusaur, M, shiny|91\/100\n|turn|18\n|\n|t:|1699609502\n|move|p1a: Venusaur|Giga Drain|p2a: Garchomp\n|-crit|p2a: Garchomp\n|-damage|p2a: Garchomp|0 fnt\n|-heal|p1a: Venusaur|100\/100|[from] drain|[of] p2a: Garchomp\n|faint|p2a: Garchomp\n|-damage|p1a: Venusaur|91\/100|[from] item: Life Orb\n|\n|-weather|SunnyDay|[upkeep]\n|upkeep\n|\n|t:|1699609505\n|switch|p2a: Medicham|Medicham-Mega, M|31\/100\n|turn|19\n|\n|t:|1699609508\n|move|p2a: Medicham|Fake Out|p1a: Venusaur\n|-damage|p1a: Venusaur|61\/100\n|cant|p1a: Venusaur|flinch\n|\n|-weather|SunnyDay|[upkeep]\n|upkeep\n|turn|20\n|\n|t:|1699609520\n|move|p1a: Venusaur|Giga Drain|p2a: Medicham\n|-damage|p2a: Medicham|0 fnt\n|-heal|p1a: Venusaur|75\/100|[from] drain|[of] p2a: Medicham\n|faint|p2a: Medicham\n|-damage|p1a: Venusaur|65\/100|[from] item: Life Orb\n|\n|-weather|SunnyDay|[upkeep]\n|upkeep\n|\n|t:|1699609525\n|switch|p2a: Alomomola|Alomomola, F, shiny|100\/100\n|turn|21\n|\n|t:|1699609528\n|move|p2a: Alomomola|Protect|p2a: Alomomola\n|-singleturn|p2a: Alomomola|Protect\n|move|p1a: Venusaur|Giga Drain|p2a: Alomomola\n|-activate|p2a: Alomomola|move: Protect\n|\n|-weather|none\n|upkeep\n|turn|22\n|\n|t:|1699609530\n|move|p1a: Venusaur|Giga Drain|p2a: Alomomola\n|-supereffective|p2a: Alomomola\n|-damage|p2a: Alomomola|0 fnt\n|-heal|p1a: Venusaur|100\/100|[from] drain|[of] p2a: Alomomola\n|faint|p2a: Alomomola\n|-damage|p1a: Venusaur|91\/100|[from] item: Life Orb\n|\n|upkeep\n|-message|biedianla forfeited.\n|\n|win|Sirrawrzy\n|raw|Sirrawrzy's rating: 1559 &rarr; <strong>1587<\/strong><br \/>(+28 for winning)\n|raw|biedianla's rating: 1697 &rarr; <strong>1669<\/strong><br \/>(-28 for losing)\n|l|\u2606biedianla\n","uploadtime":1699609537,"views":8,"p1id":"sirrawrzy","p2id":"biedianla","formatid":"gen9nationaldex","rating":1587,"private":0,"password":""}