{"id":"gen9nationaldex-1996202438","p1":"entrenadorsito","p2":"hansord","format":"[Gen 9] National Dex","log":"|html|<div class=\"broadcast-blue\"><strong>[Gen 9] National Dex is currently suspecting Sneasler! For information on how to participate check out the <a href=\"https:\/\/www.smogon.com\/forums\/threads\/sv-national-dex-suspect-8-just-dance.3731534\/\">suspect thread<\/a>.<\/strong><\/div>\n|j|\u2606entrenadorsito\n|j|\u2606hansord\n|t:|1700658594\n|gametype|singles\n|player|p1|entrenadorsito|giovanni|1378\n|player|p2|hansord|steven|1420\n|teamsize|p1|6\n|teamsize|p2|6\n|gen|9\n|tier|[Gen 9] National Dex\n|rated|\n|rule|HP Percentage Mod: HP is shown in percentages\n|rule|Endless Battle Clause: Forcing endless battles is banned\n|rule|OHKO Clause: OHKO moves are banned\n|rule|Evasion Clause: Evasion abilities, items, and moves are banned\n|rule|Evasion Abilities Clause: Evasion abilities are banned\n|rule|Evasion Items Clause: Evasion items are banned\n|rule|Evasion Moves Clause: Evasion moves are banned\n|rule|Species Clause: Limit one of each Pok\u00e9mon\n|rule|Sleep Clause Mod: Limit one foe put to sleep\n|clearpoke\n|poke|p1|Toxapex, M|\n|poke|p1|Lopunny, F|\n|poke|p1|Ferrothorn, F|\n|poke|p1|Clodsire, M|\n|poke|p1|Corviknight, M|\n|poke|p1|Volcarona, M|\n|poke|p2|Garganacl, M|\n|poke|p2|Toxapex, M|\n|poke|p2|Heatran, F|\n|poke|p2|Rotom-Wash|\n|poke|p2|Gliscor, F|\n|poke|p2|Banette, M|\n|teampreview\n|inactive|Battle timer is ON: inactive players will automatically lose when time's up. (requested by entrenadorsito)\n|\n|t:|1700658605\n|start\n|switch|p1a: Lopunny|Lopunny, F, shiny|100\/100\n|switch|p2a: Toxapex|Toxapex, M|100\/100\n|turn|1\n|\n|t:|1700658613\n|switch|p1a: Ferrothorn|Ferrothorn, F, shiny|100\/100\n|move|p2a: Toxapex|Toxic|p1a: Ferrothorn\n|-immune|p1a: Ferrothorn\n|\n|upkeep\n|turn|2\n|\n|t:|1700658619\n|move|p2a: Toxapex|Knock Off|p1a: Ferrothorn\n|-damage|p1a: Ferrothorn|93\/100\n|-damage|p2a: Toxapex|88\/100|[from] ability: Iron Barbs|[of] p1a: Ferrothorn\n|-enditem|p1a: Ferrothorn|Leftovers|[from] move: Knock Off|[of] p2a: Toxapex\n|move|p1a: Ferrothorn|Leech Seed|p2a: Toxapex\n|-start|p2a: Toxapex|move: Leech Seed\n|\n|-heal|p2a: Toxapex|94\/100|[from] item: Black Sludge\n|-damage|p2a: Toxapex|82\/100|[from] Leech Seed|[of] p1a: Ferrothorn\n|-heal|p1a: Ferrothorn|100\/100|[silent]\n|upkeep\n|turn|3\n|\n|t:|1700658632\n|switch|p2a: Gliscor|Gliscor, F|100\/100\n|move|p1a: Ferrothorn|Stealth Rock|p2a: Gliscor\n|-sidestart|p2: hansord|move: Stealth Rock\n|\n|-status|p2a: Gliscor|tox|[from] item: Toxic Orb\n|upkeep\n|turn|4\n|\n|t:|1700658640\n|move|p2a: Gliscor|Stealth Rock|p1a: Ferrothorn\n|-sidestart|p1: entrenadorsito|move: Stealth Rock\n|move|p1a: Ferrothorn|Leech Seed|p2a: Gliscor\n|-start|p2a: Gliscor|move: Leech Seed\n|\n|-damage|p2a: Gliscor|88\/100 tox|[from] Leech Seed|[of] p1a: Ferrothorn\n|-heal|p2a: Gliscor|100\/100 tox|[from] ability: Poison Heal\n|upkeep\n|turn|5\n|\n|t:|1700658647\n|switch|p2a: Toxapex|Toxapex, M|100\/100\n|-damage|p2a: Toxapex|88\/100|[from] Stealth Rock\n|move|p1a: Ferrothorn|Power Whip|p2a: Toxapex\n|-damage|p2a: Toxapex|61\/100\n|\n|-heal|p2a: Toxapex|67\/100|[from] item: Black Sludge\n|upkeep\n|turn|6\n|\n|t:|1700658657\n|switch|p2a: Gliscor|Gliscor, F|100\/100 tox\n|-damage|p2a: Gliscor|88\/100 tox|[from] Stealth Rock\n|move|p1a: Ferrothorn|Leech Seed|p2a: Gliscor\n|-start|p2a: Gliscor|move: Leech Seed\n|\n|-damage|p2a: Gliscor|75\/100 tox|[from] Leech Seed|[of] p1a: Ferrothorn\n|-heal|p2a: Gliscor|88\/100 tox|[from] ability: Poison Heal\n|upkeep\n|turn|7\n|\n|t:|1700658667\n|switch|p2a: Toxapex|Toxapex, M|100\/100\n|-damage|p2a: Toxapex|88\/100|[from] Stealth Rock\n|switch|p1a: Corviknight|Corviknight, M, shiny|100\/100\n|-damage|p1a: Corviknight|88\/100|[from] Stealth Rock\n|-ability|p1a: Corviknight|Pressure\n|\n|-heal|p2a: Toxapex|94\/100|[from] item: Black Sludge\n|upkeep\n|turn|8\n|\n|t:|1700658677\n|move|p1a: Corviknight|Defog|p2a: Toxapex\n|-unboost|p2a: Toxapex|evasion|1\n|-sideend|p2: hansord|Stealth Rock|[from] move: Defog|[of] p1a: Corviknight\n|-sideend|p1: entrenadorsito|Stealth Rock|[from] move: Defog|[of] p1a: Corviknight\n|move|p2a: Toxapex|Knock Off|p1a: Corviknight\n|-damage|p1a: Corviknight|80\/100\n|-damage|p2a: Toxapex|78\/100|[from] item: Rocky Helmet|[of] p1a: Corviknight\n|-enditem|p1a: Corviknight|Rocky Helmet|[from] move: Knock Off|[of] p2a: Toxapex\n|\n|-heal|p2a: Toxapex|84\/100|[from] item: Black Sludge\n|upkeep\n|turn|9\n|\n|t:|1700658687\n|switch|p2a: Gliscor|Gliscor, F|88\/100 tox\n|move|p1a: Corviknight|U-turn|p2a: Gliscor\n|-resisted|p2a: Gliscor\n|-damage|p2a: Gliscor|82\/100 tox\n|\n|t:|1700658702\n|switch|p1a: Toxapex|Toxapex, M, shiny|100\/100|[from] U-turn\n|\n|-heal|p2a: Gliscor|95\/100 tox|[from] ability: Poison Heal\n|upkeep\n|turn|10\n|\n|t:|1700658708\n|move|p2a: Gliscor|Earthquake|p1a: Toxapex\n|-supereffective|p1a: Toxapex\n|-damage|p1a: Toxapex|63\/100\n|move|p1a: Toxapex|Scald|p2a: Gliscor\n|-supereffective|p2a: Gliscor\n|-damage|p2a: Gliscor|69\/100 tox\n|\n|-heal|p1a: Toxapex|69\/100|[from] item: Black Sludge\n|-heal|p2a: Gliscor|81\/100 tox|[from] ability: Poison Heal\n|upkeep\n|turn|11\n|\n|t:|1700658717\n|move|p2a: Gliscor|Stealth Rock|p1a: Toxapex\n|-sidestart|p1: entrenadorsito|move: Stealth Rock\n|move|p1a: Toxapex|Scald|p2a: Gliscor\n|-supereffective|p2a: Gliscor\n|-damage|p2a: Gliscor|53\/100 tox\n|\n|-heal|p1a: Toxapex|75\/100|[from] item: Black Sludge\n|-heal|p2a: Gliscor|66\/100 tox|[from] ability: Poison Heal\n|upkeep\n|turn|12\n|\n|t:|1700658726\n|switch|p1a: Corviknight|Corviknight, M, shiny|80\/100\n|-damage|p1a: Corviknight|67\/100|[from] Stealth Rock\n|-ability|p1a: Corviknight|Pressure\n|move|p2a: Gliscor|Earthquake|p1a: Corviknight\n|-immune|p1a: Corviknight\n|\n|-heal|p2a: Gliscor|78\/100 tox|[from] ability: Poison Heal\n|upkeep\n|turn|13\n|\n|t:|1700658737\n|switch|p2a: Garganacl|Garganacl, M|100\/100\n|move|p1a: Corviknight|Defog|p2a: Garganacl\n|-unboost|p2a: Garganacl|evasion|1\n|-sideend|p1: entrenadorsito|Stealth Rock|[from] move: Defog|[of] p1a: Corviknight\n|\n|upkeep\n|turn|14\n|\n|t:|1700658744\n|-terastallize|p2a: Garganacl|Ghost\n|move|p1a: Corviknight|U-turn|p2a: Garganacl\n|-resisted|p2a: Garganacl\n|-crit|p2a: Garganacl\n|-damage|p2a: Garganacl|93\/100\n|\n|t:|1700658759\n|switch|p1a: Ferrothorn|Ferrothorn, F, shiny|100\/100|[from] U-turn\n|move|p2a: Garganacl|Salt Cure|p1a: Ferrothorn\n|-resisted|p1a: Ferrothorn\n|-damage|p1a: Ferrothorn|97\/100\n|-start|p1a: Ferrothorn|Salt Cure\n|\n|-heal|p2a: Garganacl|99\/100|[from] item: Leftovers\n|-damage|p1a: Ferrothorn|72\/100|[from] Salt Cure\n|upkeep\n|turn|15\n|\n|t:|1700658768\n|move|p2a: Garganacl|Protect|p2a: Garganacl\n|-singleturn|p2a: Garganacl|Protect\n|move|p1a: Ferrothorn|Leech Seed|p2a: Garganacl\n|-activate|p2a: Garganacl|move: Protect\n|\n|-heal|p2a: Garganacl|100\/100|[from] item: Leftovers\n|-damage|p1a: Ferrothorn|47\/100|[from] Salt Cure\n|upkeep\n|turn|16\n|\n|t:|1700658778\n|move|p2a: Garganacl|Salt Cure|p1a: Ferrothorn\n|-resisted|p1a: Ferrothorn\n|-damage|p1a: Ferrothorn|43\/100\n|move|p1a: Ferrothorn|Leech Seed|p2a: Garganacl\n|-start|p2a: Garganacl|move: Leech Seed\n|\n|-damage|p2a: Garganacl|88\/100|[from] Leech Seed|[of] p1a: Ferrothorn\n|-heal|p1a: Ferrothorn|57\/100|[silent]\n|-damage|p1a: Ferrothorn|32\/100|[from] Salt Cure\n|upkeep\n|turn|17\n|\n|t:|1700658786\n|switch|p1a: Lopunny|Lopunny, F, shiny|100\/100\n|move|p2a: Garganacl|Salt Cure|p1a: Lopunny\n|-damage|p1a: Lopunny|82\/100\n|-start|p1a: Lopunny|Salt Cure\n|\n|-heal|p2a: Garganacl|94\/100|[from] item: Leftovers\n|-damage|p2a: Garganacl|82\/100|[from] Leech Seed|[of] p1a: Lopunny\n|-heal|p1a: Lopunny|99\/100|[silent]\n|-damage|p1a: Lopunny|88\/100|[from] Salt Cure\n|upkeep\n|turn|18\n|\n|t:|1700658798\n|switch|p2a: Toxapex|Toxapex, M|100\/100\n|detailschange|p1a: Lopunny|Lopunny-Mega, F, shiny\n|-mega|p1a: Lopunny|Lopunny|Lopunnite\n|move|p1a: Lopunny|Fake Out|p2a: Toxapex\n|-damage|p2a: Toxapex|86\/100\n|\n|-heal|p2a: Toxapex|93\/100|[from] item: Black Sludge\n|-damage|p1a: Lopunny|76\/100|[from] Salt Cure\n|upkeep\n|turn|19\n|\n|t:|1700658809\n|move|p1a: Lopunny|U-turn|p2a: Toxapex\n|-resisted|p2a: Toxapex\n|-damage|p2a: Toxapex|85\/100\n|\n|t:|1700658811\n|switch|p1a: Ferrothorn|Ferrothorn, F, shiny|32\/100|[from] U-turn\n|move|p2a: Toxapex|Toxic|p1a: Ferrothorn\n|-immune|p1a: Ferrothorn\n|\n|-heal|p2a: Toxapex|92\/100|[from] item: Black Sludge\n|upkeep\n|turn|20\n|\n|t:|1700658818\n|move|p2a: Toxapex|Baneful Bunker|p2a: Toxapex\n|-singleturn|p2a: Toxapex|move: Protect\n|move|p1a: Ferrothorn|Leech Seed|p2a: Toxapex\n|-activate|p2a: Toxapex|move: Protect\n|\n|-heal|p2a: Toxapex|98\/100|[from] item: Black Sludge\n|upkeep\n|turn|21\n|\n|t:|1700658826\n|switch|p2a: Gliscor|Gliscor, F|78\/100 tox\n|move|p1a: Ferrothorn|Leech Seed|p2a: Gliscor\n|-start|p2a: Gliscor|move: Leech Seed\n|\n|-damage|p2a: Gliscor|66\/100 tox|[from] Leech Seed|[of] p1a: Ferrothorn\n|-heal|p1a: Ferrothorn|44\/100|[silent]\n|-heal|p2a: Gliscor|78\/100 tox|[from] ability: Poison Heal\n|upkeep\n|turn|22\n|\n|t:|1700658833\n|move|p2a: Gliscor|Stealth Rock|p1a: Ferrothorn\n|-sidestart|p1: entrenadorsito|move: Stealth Rock\n|move|p1a: Ferrothorn|Stealth Rock|p2a: Gliscor\n|-sidestart|p2: hansord|move: Stealth Rock\n|\n|-damage|p2a: Gliscor|66\/100 tox|[from] Leech Seed|[of] p1a: Ferrothorn\n|-heal|p1a: Ferrothorn|57\/100|[silent]\n|-heal|p2a: Gliscor|78\/100 tox|[from] ability: Poison Heal\n|upkeep\n|turn|23\n|\n|t:|1700658842\n|switch|p2a: Toxapex|Toxapex, M|100\/100\n|-damage|p2a: Toxapex|88\/100|[from] Stealth Rock\n|move|p1a: Ferrothorn|Power Whip|p2a: Toxapex\n|-damage|p2a: Toxapex|62\/100\n|\n|-heal|p2a: Toxapex|69\/100|[from] item: Black Sludge\n|upkeep\n|turn|24\n|\n|t:|1700658851\n|move|p2a: Toxapex|Baneful Bunker|p2a: Toxapex\n|-singleturn|p2a: Toxapex|move: Protect\n|move|p1a: Ferrothorn|Power Whip|p2a: Toxapex\n|-activate|p2a: Toxapex|move: Protect\n|\n|-heal|p2a: Toxapex|75\/100|[from] item: Black Sludge\n|upkeep\n|turn|25\n|\n|t:|1700658859\n|switch|p2a: Gliscor|Gliscor, F|78\/100 tox\n|-damage|p2a: Gliscor|66\/100 tox|[from] Stealth Rock\n|move|p1a: Ferrothorn|Leech Seed|p2a: Gliscor\n|-start|p2a: Gliscor|move: Leech Seed\n|\n|-damage|p2a: Gliscor|53\/100 tox|[from] Leech Seed|[of] p1a: Ferrothorn\n|-heal|p1a: Ferrothorn|69\/100|[silent]\n|-heal|p2a: Gliscor|66\/100 tox|[from] ability: Poison Heal\n|upkeep\n|turn|26\n|\n|t:|1700658868\n|switch|p2a: Toxapex|Toxapex, M|100\/100\n|-damage|p2a: Toxapex|88\/100|[from] Stealth Rock\n|move|p1a: Ferrothorn|Power Whip|p2a: Toxapex\n|-damage|p2a: Toxapex|64\/100\n|\n|-heal|p2a: Toxapex|71\/100|[from] item: Black Sludge\n|upkeep\n|turn|27\n|\n|t:|1700658876\n|switch|p2a: Gliscor|Gliscor, F|66\/100 tox\n|-damage|p2a: Gliscor|53\/100 tox|[from] Stealth Rock\n|switch|p1a: Clodsire|Clodsire, M, shiny|100\/100\n|-damage|p1a: Clodsire|94\/100|[from] Stealth Rock\n|\n|-heal|p1a: Clodsire|100\/100|[from] item: Black Sludge\n|-heal|p2a: Gliscor|66\/100 tox|[from] ability: Poison Heal\n|upkeep\n|turn|28\n|\n|t:|1700658886\n|switch|p1a: Corviknight|Corviknight, M, shiny|67\/100\n|-damage|p1a: Corviknight|55\/100|[from] Stealth Rock\n|-ability|p1a: Corviknight|Pressure\n|move|p2a: Gliscor|Earthquake|p1a: Corviknight\n|-immune|p1a: Corviknight\n|\n|-heal|p2a: Gliscor|78\/100 tox|[from] ability: Poison Heal\n|upkeep\n|turn|29\n|\n|t:|1700658897\n|switch|p2a: Garganacl|Garganacl, M, tera:Ghost|82\/100\n|-damage|p2a: Garganacl|70\/100|[from] Stealth Rock\n|move|p1a: Corviknight|Roost|p1a: Corviknight\n|-heal|p1a: Corviknight|100\/100\n|-singleturn|p1a: Corviknight|move: Roost\n|\n|-heal|p2a: Garganacl|76\/100|[from] item: Leftovers\n|upkeep\n|turn|30\n|\n|t:|1700658905\n|move|p1a: Corviknight|Defog|p2a: Garganacl\n|-unboost|p2a: Garganacl|evasion|1\n|-sideend|p2: hansord|Stealth Rock|[from] move: Defog|[of] p1a: Corviknight\n|-sideend|p1: entrenadorsito|Stealth Rock|[from] move: Defog|[of] p1a: Corviknight\n|move|p2a: Garganacl|Salt Cure|p1a: Corviknight\n|-damage|p1a: Corviknight|92\/100\n|-start|p1a: Corviknight|Salt Cure\n|\n|-heal|p2a: Garganacl|82\/100|[from] item: Leftovers\n|-damage|p1a: Corviknight|67\/100|[from] Salt Cure\n|upkeep\n|turn|31\n|\n|t:|1700658915\n|move|p2a: Garganacl|Protect|p2a: Garganacl\n|-singleturn|p2a: Garganacl|Protect\n|move|p1a: Corviknight|U-turn|p2a: Garganacl\n|-activate|p2a: Garganacl|move: Protect\n|\n|-heal|p2a: Garganacl|88\/100|[from] item: Leftovers\n|-damage|p1a: Corviknight|42\/100|[from] Salt Cure\n|upkeep\n|turn|32\n|\n|t:|1700658922\n|move|p1a: Corviknight|U-turn|p2a: Garganacl\n|-resisted|p2a: Garganacl\n|-damage|p2a: Garganacl|83\/100\n|\n|t:|1700658936\n|switch|p1a: Clodsire|Clodsire, M, shiny|100\/100|[from] U-turn\n|move|p2a: Garganacl|Earthquake|p1a: Clodsire\n|-supereffective|p1a: Clodsire\n|-damage|p1a: Clodsire|49\/100\n|\n|-heal|p2a: Garganacl|89\/100|[from] item: Leftovers\n|-heal|p1a: Clodsire|55\/100|[from] item: Black Sludge\n|upkeep\n|turn|33\n|inactive|entrenadorsito has 120 seconds left.\n|\n|t:|1700658968\n|switch|p1a: Ferrothorn|Ferrothorn, F, shiny|69\/100\n|move|p2a: Garganacl|Salt Cure|p1a: Ferrothorn\n|-resisted|p1a: Ferrothorn\n|-damage|p1a: Ferrothorn|65\/100\n|-start|p1a: Ferrothorn|Salt Cure\n|\n|-heal|p2a: Garganacl|95\/100|[from] item: Leftovers\n|-damage|p1a: Ferrothorn|40\/100|[from] Salt Cure\n|upkeep\n|turn|34\n|\n|t:|1700658978\n|switch|p1a: Volcarona|Volcarona, M, shiny|100\/100\n|move|p2a: Garganacl|Protect||[still]\n|-fail|p2a: Garganacl\n|\n|-heal|p2a: Garganacl|100\/100|[from] item: Leftovers\n|upkeep\n|turn|35\n|\n|t:|1700658990\n|-terastallize|p1a: Volcarona|Grass\n|move|p1a: Volcarona|Quiver Dance|p1a: Volcarona\n|-boost|p1a: Volcarona|spa|1\n|-boost|p1a: Volcarona|spd|1\n|-boost|p1a: Volcarona|spe|1\n|move|p2a: Garganacl|Salt Cure|p1a: Volcarona\n|-damage|p1a: Volcarona|77\/100\n|-start|p1a: Volcarona|Salt Cure\n|\n|-damage|p1a: Volcarona|65\/100|[from] Salt Cure\n|upkeep\n|turn|36\n|\n|t:|1700659001\n|switch|p2a: Banette|Banette, M|100\/100\n|-item|p1a: Volcarona|Heavy-Duty Boots|[from] ability: Frisk|[of] p2a: Banette|[identify]\n|move|p1a: Volcarona|Fiery Dance|p2a: Banette\n|-damage|p2a: Banette|0 fnt\n|-boost|p1a: Volcarona|spa|1\n|faint|p2a: Banette\n|\n|-damage|p1a: Volcarona|53\/100|[from] Salt Cure\n|upkeep\n|\n|t:|1700659016\n|switch|p2a: Heatran|Heatran, F|100\/100\n|turn|37\n|\n|t:|1700659019\n|move|p1a: Volcarona|Hidden Power|p2a: Heatran\n|-damage|p2a: Heatran|57\/100\n|move|p2a: Heatran|Magma Storm|p1a: Volcarona|[miss]\n|-miss|p2a: Heatran|p1a: Volcarona\n|\n|-heal|p2a: Heatran|63\/100|[from] item: Leftovers\n|-damage|p1a: Volcarona|41\/100|[from] Salt Cure\n|upkeep\n|turn|38\n|\n|t:|1700659035\n|move|p2a: Heatran|Protect|p2a: Heatran\n|-singleturn|p2a: Heatran|Protect\n|move|p1a: Volcarona|Hidden Power|p2a: Heatran\n|-activate|p2a: Heatran|move: Protect\n|\n|-heal|p2a: Heatran|69\/100|[from] item: Leftovers\n|-damage|p1a: Volcarona|28\/100|[from] Salt Cure\n|upkeep\n|turn|39\n|\n|t:|1700659044\n|move|p1a: Volcarona|Hidden Power|p2a: Heatran\n|-damage|p2a: Heatran|22\/100\n|move|p2a: Heatran|Magma Storm|p1a: Volcarona|[miss]\n|-miss|p2a: Heatran|p1a: Volcarona\n|\n|-heal|p2a: Heatran|29\/100|[from] item: Leftovers\n|-damage|p1a: Volcarona|16\/100|[from] Salt Cure\n|upkeep\n|turn|40\n|\n|t:|1700659053\n|move|p2a: Heatran|Protect|p2a: Heatran\n|-singleturn|p2a: Heatran|Protect\n|move|p1a: Volcarona|Quiver Dance|p1a: Volcarona\n|-boost|p1a: Volcarona|spa|1\n|-boost|p1a: Volcarona|spd|1\n|-boost|p1a: Volcarona|spe|1\n|\n|-heal|p2a: Heatran|35\/100|[from] item: Leftovers\n|-damage|p1a: Volcarona|4\/100|[from] Salt Cure\n|upkeep\n|turn|41\n|\n|t:|1700659063\n|switch|p2a: Toxapex|Toxapex, M|100\/100\n|move|p1a: Volcarona|Giga Drain|p2a: Toxapex\n|-damage|p2a: Toxapex|7\/100\n|-heal|p1a: Volcarona|50\/100|[from] drain|[of] p2a: Toxapex\n|\n|-heal|p2a: Toxapex|14\/100|[from] item: Black Sludge\n|-damage|p1a: Volcarona|37\/100|[from] Salt Cure\n|upkeep\n|turn|42\n|\n|t:|1700659075\n|move|p2a: Toxapex|Baneful Bunker|p2a: Toxapex\n|-singleturn|p2a: Toxapex|move: Protect\n|move|p1a: Volcarona|Giga Drain|p2a: Toxapex\n|-activate|p2a: Toxapex|move: Protect\n|\n|-heal|p2a: Toxapex|20\/100|[from] item: Black Sludge\n|-damage|p1a: Volcarona|25\/100|[from] Salt Cure\n|upkeep\n|turn|43\n|\n|t:|1700659083\n|switch|p2a: Heatran|Heatran, F|35\/100\n|move|p1a: Volcarona|Giga Drain|p2a: Heatran\n|-resisted|p2a: Heatran\n|-damage|p2a: Heatran|7\/100\n|-heal|p1a: Volcarona|40\/100|[from] drain|[of] p2a: Heatran\n|\n|-heal|p2a: Heatran|13\/100|[from] item: Leftovers\n|-damage|p1a: Volcarona|28\/100|[from] Salt Cure\n|upkeep\n|turn|44\n|\n|t:|1700659092\n|move|p2a: Heatran|Protect|p2a: Heatran\n|-singleturn|p2a: Heatran|Protect\n|move|p1a: Volcarona|Quiver Dance|p1a: Volcarona\n|-boost|p1a: Volcarona|spa|1\n|-boost|p1a: Volcarona|spd|1\n|-boost|p1a: Volcarona|spe|1\n|\n|-heal|p2a: Heatran|19\/100|[from] item: Leftovers\n|-damage|p1a: Volcarona|16\/100|[from] Salt Cure\n|upkeep\n|turn|45\n|\n|t:|1700659104\n|move|p1a: Volcarona|Giga Drain|p2a: Heatran\n|-resisted|p2a: Heatran\n|-damage|p2a: Heatran|0 fnt\n|-heal|p1a: Volcarona|25\/100|[from] drain|[of] p2a: Heatran\n|faint|p2a: Heatran\n|\n|-damage|p1a: Volcarona|13\/100|[from] Salt Cure\n|upkeep\n|\n|t:|1700659111\n|switch|p2a: Gliscor|Gliscor, F|78\/100 tox\n|turn|46\n|\n|t:|1700659117\n|move|p2a: Gliscor|Protect|p2a: Gliscor\n|-singleturn|p2a: Gliscor|Protect\n|move|p1a: Volcarona|Giga Drain|p2a: Gliscor\n|-activate|p2a: Gliscor|move: Protect\n|\n|-heal|p2a: Gliscor|91\/100 tox|[from] ability: Poison Heal\n|-damage|p1a: Volcarona|1\/100|[from] Salt Cure\n|upkeep\n|turn|47\n|-message|hansord forfeited.\n|\n|win|entrenadorsito\n|raw|entrenadorsito's rating: 1378 &rarr; <strong>1400<\/strong><br \/>(+22 for winning)\n|raw|hansord's rating: 1420 &rarr; <strong>1398<\/strong><br \/>(-22 for losing)\n|l|\u2606hansord\n","uploadtime":1700659140,"views":0,"p1id":"entrenadorsito","p2id":"hansord","formatid":"gen9nationaldex","rating":1398,"private":0,"password":""}