{"id":"gen9nationaldex-1989350910","p1":"Robertjust","p2":"DIJunkyard","format":"[Gen 9] National Dex","log":"|j|\u2606Robertjust\n|j|\u2606DIJunkyard\n|t:|1699839512\n|gametype|singles\n|player|p1|Robertjust|rancher|1146\n|player|p2|DIJunkyard|cheren-gen5bw2|1040\n|teamsize|p1|6\n|teamsize|p2|6\n|gen|9\n|tier|[Gen 9] National Dex\n|rated|\n|rule|HP Percentage Mod: HP is shown in percentages\n|rule|Endless Battle Clause: Forcing endless battles is banned\n|rule|OHKO Clause: OHKO moves are banned\n|rule|Evasion Clause: Evasion abilities, items, and moves are banned\n|rule|Evasion Abilities Clause: Evasion abilities are banned\n|rule|Evasion Items Clause: Evasion items are banned\n|rule|Evasion Moves Clause: Evasion moves are banned\n|rule|Species Clause: Limit one of each Pok\u00e9mon\n|rule|Sleep Clause Mod: Limit one foe put to sleep\n|clearpoke\n|poke|p1|Espeon, F|\n|poke|p1|Hitmontop, M|\n|poke|p1|Feraligatr, M|\n|poke|p1|Donphan, F|\n|poke|p1|Houndoom, M|\n|poke|p1|Xatu, F|\n|poke|p2|Landorus-Therian, M|\n|poke|p2|Hatterene, F|\n|poke|p2|Tyranitar, M|\n|poke|p2|Heatran, F|\n|poke|p2|Latios, M|\n|poke|p2|Tapu Koko|\n|teampreview\n|\n|t:|1699839526\n|start\n|switch|p1a: Xatu|Xatu, F|100\/100\n|switch|p2a: Tyranitar|Tyranitar, M|100\/100\n|-weather|Sandstorm|[from] ability: Sand Stream|[of] p2a: Tyranitar\n|turn|1\n|\n|t:|1699839551\n|-activate|p1a: Xatu|move: Pursuit\n|detailschange|p2a: Tyranitar|Tyranitar-Mega, M\n|-mega|p2a: Tyranitar|Tyranitar|Tyranitarite\n|move|p2a: Tyranitar|Pursuit|p1a: Xatu|[from]Pursuit\n|-supereffective|p1a: Xatu\n|-damage|p1a: Xatu|0 fnt\n|faint|p1a: Xatu\n|-hint|A Pokemon can't switch between when it runs out of HP and when it faints\n|\n|-weather|Sandstorm|[upkeep]\n|upkeep\n|\n|t:|1699839559\n|switch|p1a: Feraligatr|Feraligatr, M|100\/100\n|turn|2\n|\n|t:|1699839570\n|switch|p2a: Tapu Koko|Tapu Koko|100\/100\n|-fieldstart|move: Electric Terrain|[from] ability: Electric Surge|[of] p2a: Tapu Koko\n|move|p1a: Feraligatr|Dragon Dance|p1a: Feraligatr\n|-boost|p1a: Feraligatr|atk|1\n|-boost|p1a: Feraligatr|spe|1\n|\n|-weather|Sandstorm|[upkeep]\n|-damage|p2a: Tapu Koko|94\/100|[from] Sandstorm\n|-damage|p1a: Feraligatr|94\/100|[from] Sandstorm\n|upkeep\n|turn|3\n|\n|t:|1699839606\n|-terastallize|p2a: Tapu Koko|Grass\n|-terastallize|p1a: Feraligatr|Dragon\n|move|p2a: Tapu Koko|Thunderbolt|p1a: Feraligatr\n|-resisted|p1a: Feraligatr\n|-damage|p1a: Feraligatr|64\/100\n|move|p1a: Feraligatr|Dragon Dance|p1a: Feraligatr\n|-boost|p1a: Feraligatr|atk|1\n|-boost|p1a: Feraligatr|spe|1\n|\n|-weather|Sandstorm|[upkeep]\n|-damage|p1a: Feraligatr|58\/100|[from] Sandstorm\n|-damage|p2a: Tapu Koko|88\/100|[from] Sandstorm\n|upkeep\n|turn|4\n|inactive|Battle timer is ON: inactive players will automatically lose when time's up. (requested by Robertjust)\n|\n|t:|1699839618\n|move|p1a: Feraligatr|Outrage|p2a: Tapu Koko\n|-damage|p2a: Tapu Koko|0 fnt\n|faint|p2a: Tapu Koko\n|\n|-weather|Sandstorm|[upkeep]\n|-damage|p1a: Feraligatr|52\/100|[from] Sandstorm\n|upkeep\n|\n|t:|1699839624\n|switch|p2a: Hatterene|Hatterene, F|100\/100\n|turn|5\n|\n|t:|1699839631\n|move|p1a: Feraligatr|Outrage|p2a: Hatterene|[from]lockedmove\n|-immune|p2a: Hatterene\n|-start|p1a: Feraligatr|confusion|[fatigue]\n|move|p2a: Hatterene|Substitute|p2a: Hatterene\n|-start|p2a: Hatterene|Substitute\n|-damage|p2a: Hatterene|76\/100\n|\n|-weather|none\n|-heal|p2a: Hatterene|82\/100|[from] item: Leftovers\n|upkeep\n|turn|6\n|\n|t:|1699839639\n|-activate|p1a: Feraligatr|confusion\n|-damage|p1a: Feraligatr|22\/100|[from] confusion\n|move|p2a: Hatterene|Calm Mind|p2a: Hatterene\n|-boost|p2a: Hatterene|spa|1\n|-boost|p2a: Hatterene|spd|1\n|\n|-heal|p2a: Hatterene|88\/100|[from] item: Leftovers\n|-fieldend|move: Electric Terrain\n|upkeep\n|turn|7\n|\n|t:|1699839646\n|-activate|p1a: Feraligatr|confusion\n|move|p1a: Feraligatr|Liquidation|p2a: Hatterene\n|-end|p2a: Hatterene|Substitute\n|move|p2a: Hatterene|Calm Mind|p2a: Hatterene\n|-boost|p2a: Hatterene|spa|1\n|-boost|p2a: Hatterene|spd|1\n|\n|-heal|p2a: Hatterene|94\/100|[from] item: Leftovers\n|upkeep\n|turn|8\n|\n|t:|1699839656\n|-activate|p1a: Feraligatr|confusion\n|move|p1a: Feraligatr|Liquidation|p2a: Hatterene\n|-damage|p2a: Hatterene|1\/100\n|move|p2a: Hatterene|Draining Kiss|p1a: Feraligatr\n|-supereffective|p1a: Feraligatr\n|-damage|p1a: Feraligatr|0 fnt\n|-heal|p2a: Hatterene|17\/100|[from] drain|[of] p1a: Feraligatr\n|faint|p1a: Feraligatr\n|\n|-heal|p2a: Hatterene|23\/100|[from] item: Leftovers\n|upkeep\n|\n|t:|1699839667\n|switch|p1a: Donphan|Donphan, F|100\/100\n|turn|9\n|\n|t:|1699839685\n|switch|p2a: Latios|Latios, M|100\/100\n|move|p1a: Donphan|Gunk Shot|p2a: Latios\n|-damage|p2a: Latios|46\/100\n|\n|upkeep\n|turn|10\n|\n|t:|1699839692\n|move|p1a: Donphan|Ice Shard|p2a: Latios\n|-supereffective|p2a: Latios\n|-damage|p2a: Latios|6\/100\n|move|p2a: Latios|Ice Beam|p1a: Donphan\n|-supereffective|p1a: Donphan\n|-damage|p1a: Donphan|43\/100\n|-status|p1a: Donphan|frz\n|\n|upkeep\n|turn|11\n|\n|t:|1699839700\n|cant|p1a: Donphan|frz\n|move|p2a: Latios|Roost|p2a: Latios\n|-heal|p2a: Latios|56\/100\n|-singleturn|p2a: Latios|move: Roost\n|\n|upkeep\n|turn|12\n|\n|t:|1699839704\n|cant|p1a: Donphan|frz\n|move|p2a: Latios|Ice Beam|p1a: Donphan\n|-supereffective|p1a: Donphan\n|-damage|p1a: Donphan|0 fnt\n|faint|p1a: Donphan\n|\n|upkeep\n|\n|t:|1699839708\n|switch|p1a: Hitmontop|Hitmontop, M|100\/100\n|turn|13\n|\n|t:|1699839717\n|switch|p2a: Landorus|Landorus-Therian, M|100\/100\n|-ability|p2a: Landorus|Intimidate|boost\n|-unboost|p1a: Hitmontop|atk|1\n|move|p1a: Hitmontop|Triple Axel|p2a: Landorus\n|-supereffective|p2a: Landorus\n|-damage|p2a: Landorus|70\/100\n|-supereffective|p2a: Landorus\n|-crit|p2a: Landorus\n|-damage|p2a: Landorus|0 fnt\n|faint|p2a: Landorus\n|-hitcount|p2: Landorus|2\n|\n|upkeep\n|\n|t:|1699839741\n|switch|p2a: Hatterene|Hatterene, F|23\/100\n|turn|14\n|\n|t:|1699839747\n|move|p1a: Hitmontop|Triple Axel|p2a: Hatterene\n|-damage|p2a: Hatterene|17\/100\n|-damage|p2a: Hatterene|7\/100\n|-damage|p2a: Hatterene|0 fnt\n|faint|p2a: Hatterene\n|-hitcount|p2: Hatterene|3\n|\n|upkeep\n|\n|t:|1699839756\n|switch|p2a: Latios|Latios, M|56\/100\n|turn|15\n|\n|t:|1699839761\n|switch|p1a: Houndoom|Houndoom, M|100\/100\n|move|p2a: Latios|Draco Meteor|p1a: Houndoom\n|-damage|p1a: Houndoom|10\/100\n|-unboost|p2a: Latios|spa|2\n|\n|upkeep\n|turn|16\n|\n|t:|1699839771\n|switch|p2a: Heatran|Heatran, F|100\/100\n|move|p1a: Houndoom|Dark Pulse|p2a: Heatran\n|-damage|p2a: Heatran|76\/100\n|\n|-heal|p2a: Heatran|82\/100|[from] item: Leftovers\n|upkeep\n|turn|17\n|\n|t:|1699839784\n|switch|p1a: Hitmontop|Hitmontop, M|100\/100\n|move|p2a: Heatran|Tera Blast|p1a: Hitmontop\n|-damage|p1a: Hitmontop|69\/100\n|\n|-heal|p2a: Heatran|88\/100|[from] item: Leftovers\n|upkeep\n|turn|18\n|\n|t:|1699839794\n|move|p1a: Hitmontop|Mach Punch|p2a: Heatran\n|-supereffective|p2a: Heatran\n|-damage|p2a: Heatran|39\/100\n|move|p2a: Heatran|Will-O-Wisp|p1a: Hitmontop\n|-status|p1a: Hitmontop|brn\n|\n|-heal|p2a: Heatran|46\/100|[from] item: Leftovers\n|-damage|p1a: Hitmontop|63\/100 brn|[from] brn\n|upkeep\n|turn|19\n|\n|t:|1699839809\n|move|p1a: Hitmontop|Mach Punch|p2a: Heatran\n|-supereffective|p2a: Heatran\n|-damage|p2a: Heatran|20\/100\n|move|p2a: Heatran|Magma Storm|p1a: Hitmontop\n|-damage|p1a: Hitmontop|4\/100 brn\n|-activate|p1a: Hitmontop|move: Magma Storm|[of] p2a: Heatran\n|\n|-heal|p2a: Heatran|27\/100|[from] item: Leftovers\n|-damage|p1a: Hitmontop|0 fnt|[from] brn\n|faint|p1a: Hitmontop\n|upkeep\n|\n|t:|1699839816\n|switch|p1a: Espeon|Espeon, F|100\/100\n|turn|20\n|\n|t:|1699839822\n|move|p1a: Espeon|Psychic|p2a: Heatran\n|-resisted|p2a: Heatran\n|-damage|p2a: Heatran|3\/100\n|move|p2a: Heatran|Taunt|p1a: Espeon\n|move|p1a: Espeon|Taunt|p2a: Heatran|[from]ability: Magic Bounce\n|-start|p2a: Heatran|move: Taunt\n|\n|-heal|p2a: Heatran|9\/100|[from] item: Leftovers\n|upkeep\n|turn|21\n|\n|t:|1699839832\n|move|p1a: Espeon|Psychic|p2a: Heatran\n|-resisted|p2a: Heatran\n|-damage|p2a: Heatran|0 fnt\n|faint|p2a: Heatran\n|\n|upkeep\n|\n|t:|1699839839\n|switch|p2a: Tyranitar|Tyranitar-Mega, M|100\/100\n|-weather|Sandstorm|[from] ability: Sand Stream|[of] p2a: Tyranitar\n|turn|22\n|\n|t:|1699839845\n|switch|p1a: Houndoom|Houndoom, M|10\/100\n|move|p2a: Tyranitar|Knock Off|p1a: Houndoom\n|-resisted|p1a: Houndoom\n|-damage|p1a: Houndoom|0 fnt\n|-enditem|p1a: Houndoom|Choice Scarf|[from] move: Knock Off|[of] p2a: Tyranitar\n|faint|p1a: Houndoom\n|\n|-weather|Sandstorm|[upkeep]\n|upkeep\n|\n|t:|1699839851\n|switch|p1a: Espeon|Espeon, F|100\/100\n|turn|23\n|\n|t:|1699839858\n|move|p1a: Espeon|Power Gem|p2a: Tyranitar\n|-damage|p2a: Tyranitar|78\/100\n|move|p2a: Tyranitar|Knock Off|p1a: Espeon\n|-supereffective|p1a: Espeon\n|-damage|p1a: Espeon|0 fnt\n|-enditem|p1a: Espeon|Choice Specs|[from] move: Knock Off|[of] p2a: Tyranitar\n|faint|p1a: Espeon\n|\n|win|DIJunkyard\n|raw|Robertjust's rating: 1146 &rarr; <strong>1114<\/strong><br \/>(-32 for losing)\n|raw|DIJunkyard's rating: 1040 &rarr; <strong>1084<\/strong><br \/>(+44 for winning)\n|l|\u2606Robertjust\n","uploadtime":1699839877,"views":16,"p1id":"robertjust","p2id":"dijunkyard","formatid":"gen9nationaldex","rating":1084,"private":0,"password":""}