{"id":"gen9nationaldex-1993761069","p1":"scythersushi","p2":"gock glocker","format":"[Gen 9] National Dex","log":"|j|\u2606scythersushi\n|j|\u2606gock glocker\n|t:|1700354101\n|gametype|singles\n|player|p1|scythersushi|101|1513\n|player|p2|gock glocker|acerola-masters|1625\n|teamsize|p1|6\n|teamsize|p2|6\n|gen|9\n|tier|[Gen 9] National Dex\n|rated|\n|rule|HP Percentage Mod: HP is shown in percentages\n|rule|Endless Battle Clause: Forcing endless battles is banned\n|rule|OHKO Clause: OHKO moves are banned\n|rule|Evasion Clause: Evasion abilities, items, and moves are banned\n|rule|Evasion Abilities Clause: Evasion abilities are banned\n|rule|Evasion Items Clause: Evasion items are banned\n|rule|Evasion Moves Clause: Evasion moves are banned\n|rule|Species Clause: Limit one of each Pok\u00e9mon\n|rule|Sleep Clause Mod: Limit one foe put to sleep\n|clearpoke\n|poke|p1|Alomomola, F|\n|poke|p1|Gliscor, M|\n|poke|p1|Goodra-Hisui, F|\n|poke|p1|Diancie|\n|poke|p1|Cinderace, M|\n|poke|p1|Zarude|\n|poke|p2|Altaria, M|\n|poke|p2|Ninetales-Alola, F|\n|poke|p2|Latias, F|\n|poke|p2|Great Tusk|\n|poke|p2|Landorus-Therian, M|\n|poke|p2|Rotom-Wash|\n|teampreview\n|inactive|Battle timer is ON: inactive players will automatically lose when time's up. (requested by gock glocker)\n|\n|t:|1700354124\n|start\n|switch|p1a: Goodra|Goodra-Hisui, F|100\/100\n|switch|p2a: Ninetales|Ninetales-Alola, F|100\/100\n|-weather|Snow|[from] ability: Snow Warning|[of] p2a: Ninetales\n|turn|1\n|\n|t:|1700354137\n|move|p2a: Ninetales|Aurora Veil|p2a: Ninetales\n|-sidestart|p2: gock glocker|move: Aurora Veil\n|move|p1a: Goodra|Knock Off|p2a: Ninetales\n|-resisted|p2a: Ninetales\n|-damage|p2a: Ninetales|97\/100\n|-enditem|p2a: Ninetales|Light Clay|[from] move: Knock Off|[of] p1a: Goodra\n|\n|-weather|Snow|[upkeep]\n|upkeep\n|turn|2\n|\n|t:|1700354143\n|move|p2a: Ninetales|Encore|p1a: Goodra\n|-start|p1a: Goodra|Encore\n|move|p1a: Goodra|Knock Off|p2a: Ninetales\n|-resisted|p2a: Ninetales\n|-damage|p2a: Ninetales|94\/100\n|\n|-weather|Snow|[upkeep]\n|upkeep\n|turn|3\n|\n|t:|1700354164\n|switch|p2a: Altaria|Altaria, M|100\/100\n|move|p1a: Goodra|Knock Off|p2a: Altaria\n|-damage|p2a: Altaria|93\/100\n|\n|-weather|Snow|[upkeep]\n|upkeep\n|turn|4\n|inactive|scythersushi has 120 seconds left.\n|\n|t:|1700354216\n|switch|p1a: Alomomola|Alomomola, F, shiny|100\/100\n|detailschange|p2a: Altaria|Altaria-Mega, M\n|-mega|p2a: Altaria|Altaria|Altarianite\n|move|p2a: Altaria|Dragon Dance|p2a: Altaria\n|-boost|p2a: Altaria|atk|1\n|-boost|p2a: Altaria|spe|1\n|\n|-weather|Snow|[upkeep]\n|upkeep\n|turn|5\n|\n|t:|1700354219\n|move|p2a: Altaria|Dragon Dance|p2a: Altaria\n|-boost|p2a: Altaria|atk|1\n|-boost|p2a: Altaria|spe|1\n|move|p1a: Alomomola|Scald|p2a: Altaria\n|-resisted|p2a: Altaria\n|-damage|p2a: Altaria|89\/100\n|\n|-weather|none\n|upkeep\n|turn|6\n|\n|t:|1700354223\n|move|p2a: Altaria|Dragon Dance|p2a: Altaria\n|-boost|p2a: Altaria|atk|1\n|-boost|p2a: Altaria|spe|1\n|move|p1a: Alomomola|Scald|p2a: Altaria\n|-resisted|p2a: Altaria\n|-damage|p2a: Altaria|86\/100\n|\n|upkeep\n|turn|7\n|\n|t:|1700354226\n|move|p2a: Altaria|Dragon Dance|p2a: Altaria\n|-boost|p2a: Altaria|atk|1\n|-boost|p2a: Altaria|spe|1\n|move|p1a: Alomomola|Scald|p2a: Altaria\n|-resisted|p2a: Altaria\n|-damage|p2a: Altaria|82\/100\n|-status|p2a: Altaria|brn\n|\n|-damage|p2a: Altaria|76\/100 brn|[from] brn\n|upkeep\n|turn|8\n|\n|t:|1700354230\n|move|p2a: Altaria|Dragon Dance|p2a: Altaria\n|-boost|p2a: Altaria|atk|1\n|-boost|p2a: Altaria|spe|1\n|move|p1a: Alomomola|Flip Turn|p2a: Altaria\n|-resisted|p2a: Altaria\n|-damage|p2a: Altaria|71\/100 brn\n|\n|t:|1700354241\n|switch|p1a: bateman|Gliscor, M|100\/100|[from] Flip Turn\n|\n|-damage|p2a: Altaria|65\/100 brn|[from] brn\n|-sideend|p2: gock glocker|move: Aurora Veil\n|-status|p1a: bateman|tox|[from] item: Toxic Orb\n|upkeep\n|turn|9\n|c|\u2606gock glocker|so now what\n|\n|t:|1700354262\n|move|p2a: Altaria|Frustration|p1a: bateman\n|-damage|p1a: bateman|8\/100 tox\n|move|p1a: bateman|Earthquake|p2a: Altaria\n|-damage|p2a: Altaria|29\/100 brn\n|\n|-heal|p1a: bateman|20\/100 tox|[from] ability: Poison Heal\n|-damage|p2a: Altaria|22\/100 brn|[from] brn\n|upkeep\n|turn|10\n|c|\u2606gock glocker|oh no\n|c|\u2606gock glocker|that did to much damage\n|inactive|scythersushi has 120 seconds left.\n|c|\u2606gock glocker|im doomed\n|c|\u2606scythersushi|dowload showdex\n|c|\u2606scythersushi|it helps\n|c|\u2606gock glocker|i did it\n|\n|t:|1700354297\n|move|p2a: Altaria|Roost|p2a: Altaria\n|-heal|p2a: Altaria|73\/100 brn\n|-singleturn|p2a: Altaria|move: Roost\n|move|p1a: bateman|Earthquake|p2a: Altaria\n|-damage|p2a: Altaria|39\/100 brn\n|\n|-heal|p1a: bateman|33\/100 tox|[from] ability: Poison Heal\n|-damage|p2a: Altaria|32\/100 brn|[from] brn\n|upkeep\n|turn|11\n|c|\u2606gock glocker|and i have it\n|c|\u2606gock glocker|it says your 6-0ed\n|\n|t:|1700354310\n|move|p2a: Altaria|Roost|p2a: Altaria\n|-heal|p2a: Altaria|83\/100 brn\n|-singleturn|p2a: Altaria|move: Roost\n|move|p1a: bateman|Earthquake|p2a: Altaria\n|-damage|p2a: Altaria|48\/100 brn\n|\n|-heal|p1a: bateman|45\/100 tox|[from] ability: Poison Heal\n|-damage|p2a: Altaria|41\/100 brn|[from] brn\n|upkeep\n|turn|12\n|\n|t:|1700354315\n|move|p2a: Altaria|Roost|p2a: Altaria\n|-heal|p2a: Altaria|92\/100 brn\n|-singleturn|p2a: Altaria|move: Roost\n|move|p1a: bateman|Earthquake|p2a: Altaria\n|-damage|p2a: Altaria|59\/100 brn\n|\n|-heal|p1a: bateman|58\/100 tox|[from] ability: Poison Heal\n|-damage|p2a: Altaria|52\/100 brn|[from] brn\n|upkeep\n|turn|13\n|\n|t:|1700354321\n|move|p2a: Altaria|Frustration|p1a: bateman\n|-damage|p1a: bateman|0 fnt\n|faint|p1a: bateman\n|\n|-damage|p2a: Altaria|46\/100 brn|[from] brn\n|upkeep\n|\n|t:|1700354324\n|switch|p1a: Goodra|Goodra-Hisui, F|100\/100\n|turn|14\n|\n|t:|1700354332\n|move|p2a: Altaria|Earthquake|p1a: Goodra\n|-supereffective|p1a: Goodra\n|-damage|p1a: Goodra|0 fnt\n|faint|p1a: Goodra\n|\n|-damage|p2a: Altaria|40\/100 brn|[from] brn\n|upkeep\n|\n|t:|1700354338\n|switch|p1a: Alomomola|Alomomola, F, shiny|100\/100\n|turn|15\n|\n|t:|1700354342\n|move|p2a: Altaria|Roost|p2a: Altaria\n|-heal|p2a: Altaria|90\/100 brn\n|-singleturn|p2a: Altaria|move: Roost\n|move|p1a: Alomomola|Scald|p2a: Altaria\n|-resisted|p2a: Altaria\n|-damage|p2a: Altaria|83\/100 brn\n|\n|-damage|p2a: Altaria|76\/100 brn|[from] brn\n|upkeep\n|turn|16\n|\n|t:|1700354344\n|move|p2a: Altaria|Dragon Dance|p2a: Altaria\n|-boost|p2a: Altaria|atk|1\n|-boost|p2a: Altaria|spe|1\n|move|p1a: Alomomola|Scald|p2a: Altaria\n|-resisted|p2a: Altaria\n|-damage|p2a: Altaria|69\/100 brn\n|\n|-damage|p2a: Altaria|63\/100 brn|[from] brn\n|upkeep\n|turn|17\n|c|\u2606gock glocker|next stop\n|c|\u2606gock glocker|team builder\n|inactive|scythersushi has 120 seconds left.\n|inactive|scythersushi has 90 seconds left.\n|c|\u2606scythersushi|man\n|\n|t:|1700354417\n|move|p2a: Altaria|Frustration|p1a: Alomomola\n|-damage|p1a: Alomomola|36\/100\n|move|p1a: Alomomola|Scald|p2a: Altaria\n|-resisted|p2a: Altaria\n|-damage|p2a: Altaria|55\/100 brn\n|\n|-damage|p2a: Altaria|49\/100 brn|[from] brn\n|upkeep\n|turn|18\n|\n|t:|1700354425\n|switch|p1a: Zarude|Zarude|100\/100\n|move|p2a: Altaria|Roost|p2a: Altaria\n|-heal|p2a: Altaria|99\/100 brn\n|-singleturn|p2a: Altaria|move: Roost\n|\n|-damage|p2a: Altaria|93\/100 brn|[from] brn\n|upkeep\n|turn|19\n|inactive|scythersushi has 90 seconds left.\n|\n|t:|1700354432\n|move|p2a: Altaria|Frustration|p1a: Zarude\n|-supereffective|p1a: Zarude\n|-damage|p1a: Zarude|0 fnt\n|faint|p1a: Zarude\n|\n|-damage|p2a: Altaria|87\/100 brn|[from] brn\n|upkeep\n|inactive|scythersushi has 90 seconds left.\n|c|\u2606scythersushi|why does everything i build go to shit\n|\n|t:|1700354449\n|switch|p1a: Diancie|Diancie|100\/100\n|turn|20\n|\n|t:|1700354451\n|detailschange|p1a: Diancie|Diancie-Mega\n|-mega|p1a: Diancie|Diancie|Diancite\n|move|p2a: Altaria|Earthquake|p1a: Diancie\n|-supereffective|p1a: Diancie\n|-damage|p1a: Diancie|0 fnt\n|faint|p1a: Diancie\n|\n|-damage|p2a: Altaria|81\/100 brn|[from] brn\n|upkeep\n|inactive|scythersushi has 90 seconds left.\n|\n|t:|1700354459\n|switch|p1a: Cinderace|Cinderace, M|100\/100\n|turn|21\n|c|\u2606gock glocker|this is nat dex\n|c|\u2606gock glocker|it doesnt need to be good\n|\n|t:|1700354465\n|move|p2a: Altaria|Earthquake|p1a: Cinderace\n|-supereffective|p1a: Cinderace\n|-damage|p1a: Cinderace|0 fnt\n|faint|p1a: Cinderace\n|\n|-damage|p2a: Altaria|75\/100 brn|[from] brn\n|upkeep\n|c|\u2606scythersushi|yeah right\n|\n|t:|1700354472\n|switch|p1a: Alomomola|Alomomola, F, shiny|69\/100\n|turn|22\n|c|\u2606scythersushi|anyways\n|c|\u2606scythersushi|hit up the Chromatic league on discord\n|inactive|scythersushi has 90 seconds left.\n|inactive|scythersushi has 60 seconds left.\n|c|\u2606scythersushi|it's a showdown server that's pretty challenging without any extreme limitations\n|c|\u2606gock glocker|no way bro is advertising discord after getting 6-0ed\n|c|\u2606scythersushi|look\n|c|\u2606scythersushi|i'm washed\n|inactive|scythersushi has 30 seconds left.\n|c|\u2606scythersushi|they aren't out\n|inactive|scythersushi has 20 seconds left.\n|inactive|scythersushi has 15 seconds left.\n|inactive|scythersushi has 10 seconds left.\n|c|\u2606scythersushi|see you then\n|\n|t:|1700354576\n|move|p2a: Altaria|Frustration|p1a: Alomomola\n|-damage|p1a: Alomomola|5\/100\n|move|p1a: Alomomola|Scald|p2a: Altaria\n|-resisted|p2a: Altaria\n|-damage|p2a: Altaria|68\/100 brn\n|\n|-damage|p2a: Altaria|61\/100 brn|[from] brn\n|upkeep\n|turn|23\n|inactive|scythersushi has 20 seconds left this turn.\n|\n|t:|1700354581\n|move|p2a: Altaria|Frustration|p1a: Alomomola\n|-damage|p1a: Alomomola|0 fnt\n|faint|p1a: Alomomola\n|\n|win|gock glocker\n|inactive|scythersushi has 25 seconds left this turn.\n|raw|scythersushi's rating: 1513 &rarr; <strong>1499<\/strong><br \/>(-14 for losing)\n|raw|gock glocker's rating: 1625 &rarr; <strong>1639<\/strong><br \/>(+14 for winning)\n","uploadtime":1700354585,"views":15,"p1id":"scythersushi","p2id":"gockglocker","formatid":"gen9nationaldex","rating":1499,"private":0,"password":""}