{"id":"gen9nationaldex-1992108948","p1":"LukeJW05","p2":"Tanu07","format":"[Gen 9] National Dex","log":"|j|\u2606LukeJW05\n|j|\u2606Tanu07\n|t:|1700155826\n|gametype|singles\n|player|p1|LukeJW05|lucas-gen4pt|1063\n|player|p2|Tanu07|swimmer-gen4dp|1114\n|teamsize|p1|6\n|teamsize|p2|6\n|gen|9\n|tier|[Gen 9] National Dex\n|rated|\n|rule|HP Percentage Mod: HP is shown in percentages\n|rule|Endless Battle Clause: Forcing endless battles is banned\n|rule|OHKO Clause: OHKO moves are banned\n|rule|Evasion Clause: Evasion abilities, items, and moves are banned\n|rule|Evasion Abilities Clause: Evasion abilities are banned\n|rule|Evasion Items Clause: Evasion items are banned\n|rule|Evasion Moves Clause: Evasion moves are banned\n|rule|Species Clause: Limit one of each Pok\u00e9mon\n|rule|Sleep Clause Mod: Limit one foe put to sleep\n|clearpoke\n|poke|p1|Swampert, M|\n|poke|p1|Krookodile, M|\n|poke|p1|Chandelure, M|\n|poke|p1|Orbeetle, M|\n|poke|p1|Lucario, M|\n|poke|p1|Arboliva, M|\n|poke|p2|Lucario, M|\n|poke|p2|Comfey, M|\n|poke|p2|Guzzlord|\n|poke|p2|Talonflame, M|\n|poke|p2|Rotom-Mow|\n|poke|p2|Quagsire, M|\n|teampreview\n|inactive|Battle timer is ON: inactive players will automatically lose when time's up. (requested by LukeJW05)\n|\n|t:|1700155835\n|start\n|switch|p1a: Orbeetle|Orbeetle, M|100\/100\n|switch|p2a: The Sire|Quagsire, M|100\/100\n|turn|1\n|\n|t:|1700155842\n|move|p1a: Orbeetle|Sticky Web|p2a: The Sire\n|-sidestart|p2: Tanu07|move: Sticky Web\n|move|p2a: The Sire|Toxic Spikes|p1a: Orbeetle\n|-sidestart|p1: LukeJW05|move: Toxic Spikes\n|\n|upkeep\n|turn|2\n|\n|t:|1700155849\n|move|p1a: Orbeetle|Psychic|p2a: The Sire\n|-damage|p2a: The Sire|61\/100\n|move|p2a: The Sire|Stealth Rock|p1a: Orbeetle\n|-sidestart|p1: LukeJW05|move: Stealth Rock\n|\n|-heal|p2a: The Sire|67\/100|[from] item: Leftovers\n|upkeep\n|turn|3\n|\n|t:|1700155855\n|move|p1a: Orbeetle|Psychic|p2a: The Sire\n|-damage|p2a: The Sire|28\/100\n|move|p2a: The Sire|Toxic Spikes|p1a: Orbeetle\n|-sidestart|p1: LukeJW05|move: Toxic Spikes\n|\n|-heal|p2a: The Sire|34\/100|[from] item: Leftovers\n|upkeep\n|turn|4\n|\n|t:|1700155870\n|switch|p2a: The Guzzler|Guzzlord|100\/100\n|-activate|p2a: The Guzzler|move: Sticky Web\n|-unboost|p2a: The Guzzler|spe|1\n|move|p1a: Orbeetle|Psychic|p2a: The Guzzler\n|-immune|p2a: The Guzzler\n|\n|upkeep\n|turn|5\n|\n|t:|1700155884\n|move|p1a: Orbeetle|Bug Buzz|p2a: The Guzzler\n|-supereffective|p2a: The Guzzler\n|-damage|p2a: The Guzzler|44\/100\n|move|p2a: The Guzzler|Stockpile|p2a: The Guzzler\n|-start|p2a: The Guzzler|stockpile1\n|-boost|p2a: The Guzzler|def|1\n|-boost|p2a: The Guzzler|spd|1\n|\n|-heal|p2a: The Guzzler|50\/100|[from] item: Leftovers\n|upkeep\n|turn|6\n|\n|t:|1700155896\n|move|p1a: Orbeetle|Bug Buzz|p2a: The Guzzler\n|-supereffective|p2a: The Guzzler\n|-damage|p2a: The Guzzler|11\/100\n|move|p2a: The Guzzler|Swallow|p2a: The Guzzler\n|-heal|p2a: The Guzzler|36\/100\n|-unboost|p2a: The Guzzler|def|1\n|-unboost|p2a: The Guzzler|spd|1\n|-end|p2a: The Guzzler|Stockpile\n|\n|-heal|p2a: The Guzzler|42\/100|[from] item: Leftovers\n|upkeep\n|turn|7\n|\n|t:|1700155908\n|switch|p2a: this bird's so hot|Talonflame, M|100\/100\n|move|p1a: Orbeetle|Bug Buzz|p2a: this bird's so hot\n|-resisted|p2a: this bird's so hot\n|-damage|p2a: this bird's so hot|86\/100\n|\n|-heal|p2a: this bird's so hot|92\/100|[from] item: Leftovers\n|upkeep\n|turn|8\n|\n|t:|1700155921\n|switch|p1a: Swampert|Swampert, M|100\/100\n|-status|p1a: Swampert|tox\n|-damage|p1a: Swampert|94\/100 tox|[from] Stealth Rock\n|move|p2a: this bird's so hot|Flamethrower|p1a: Swampert\n|-resisted|p1a: Swampert\n|-damage|p1a: Swampert|78\/100 tox\n|\n|-heal|p2a: this bird's so hot|98\/100|[from] item: Leftovers\n|-damage|p1a: Swampert|71\/100 tox|[from] psn\n|upkeep\n|turn|9\n|\n|t:|1700155933\n|detailschange|p1a: Swampert|Swampert-Mega, M\n|-mega|p1a: Swampert|Swampert|Swampertite\n|move|p2a: this bird's so hot|Dual Wingbeat|p1a: Swampert\n|-damage|p1a: Swampert|59\/100 tox\n|-damage|p1a: Swampert|46\/100 tox\n|-hitcount|p1a: Swampert|2\n|move|p1a: Swampert|Rain Dance|p1a: Swampert\n|-weather|RainDance\n|\n|-weather|RainDance|[upkeep]\n|-heal|p2a: this bird's so hot|100\/100|[from] item: Leftovers\n|-damage|p1a: Swampert|33\/100 tox|[from] psn\n|upkeep\n|turn|10\n|\n|t:|1700155945\n|move|p1a: Swampert|Aqua Tail|p2a: this bird's so hot\n|-supereffective|p2a: this bird's so hot\n|-crit|p2a: this bird's so hot\n|-damage|p2a: this bird's so hot|0 fnt\n|faint|p2a: this bird's so hot\n|\n|-weather|RainDance|[upkeep]\n|-damage|p1a: Swampert|15\/100 tox|[from] psn\n|upkeep\n|\n|t:|1700155962\n|switch|p2a: lawnmower|Rotom-Mow|100\/100\n|turn|11\n|\n|t:|1700155980\n|move|p1a: Swampert|Double-Edge|p2a: lawnmower\n|-damage|p2a: lawnmower|36\/100\n|-damage|p1a: Swampert|0 fnt|[from] Recoil\n|faint|p1a: Swampert\n|move|p2a: lawnmower|Volt Switch|p1: Swampert|[notarget]\n|-fail|p2a: lawnmower\n|\n|-weather|RainDance|[upkeep]\n|-heal|p2a: lawnmower|42\/100|[from] item: Leftovers\n|upkeep\n|\n|t:|1700155992\n|switch|p1a: Arboliva|Arboliva, M|100\/100\n|-status|p1a: Arboliva|tox\n|-damage|p1a: Arboliva|88\/100 tox|[from] Stealth Rock\n|turn|12\n|c|\u2606Tanu07|oh yeah volt swith would have failed lol\n|\n|t:|1700156007\n|move|p2a: lawnmower|Volt Switch|p1a: Arboliva\n|-resisted|p1a: Arboliva\n|-damage|p1a: Arboliva|70\/100 tox\n|-fieldstart|move: Grassy Terrain|[from] ability: Seed Sower|[of] p1a: Arboliva\n|\n|t:|1700156016\n|switch|p2a: flowie|Comfey, M|100\/100|[from] Volt Switch\n|-activate|p2a: flowie|move: Sticky Web\n|-unboost|p2a: flowie|spe|1\n|move|p1a: Arboliva|Hyper Voice|p2a: flowie\n|-damage|p2a: flowie|69\/100\n|\n|-weather|RainDance|[upkeep]\n|-heal|p2a: flowie|75\/100|[from] Grassy Terrain\n|-heal|p2a: flowie|81\/100|[from] item: Leftovers\n|-heal|p1a: Arboliva|76\/100 tox|[from] Grassy Terrain\n|-heal|p1a: Arboliva|82\/100 tox|[from] item: Leftovers\n|-damage|p1a: Arboliva|76\/100 tox|[from] psn\n|upkeep\n|turn|13\n|inactive|Tanu07 has 120 seconds left.\n|\n|t:|1700156038\n|move|p2a: flowie|Draining Kiss|p1a: Arboliva\n|-damage|p1a: Arboliva|60\/100 tox\n|-heal|p2a: flowie|93\/100|[from] drain|[of] p1a: Arboliva\n|move|p1a: Arboliva|Leech Seed|p2a: flowie\n|-start|p2a: flowie|move: Leech Seed\n|\n|-weather|none\n|-heal|p2a: flowie|99\/100|[from] Grassy Terrain\n|-heal|p2a: flowie|100\/100|[from] item: Leftovers\n|-heal|p1a: Arboliva|66\/100 tox|[from] Grassy Terrain\n|-heal|p1a: Arboliva|73\/100 tox|[from] item: Leftovers\n|-damage|p2a: flowie|88\/100|[from] Leech Seed|[of] p1a: Arboliva\n|-heal|p1a: Arboliva|85\/100 tox|[silent]\n|-damage|p1a: Arboliva|73\/100 tox|[from] psn\n|upkeep\n|turn|14\n|inactive|Tanu07 has 120 seconds left.\n|\n|t:|1700156057\n|move|p2a: flowie|Tailwind|p2a: flowie\n|-sidestart|p2: Tanu07|move: Tailwind\n|move|p1a: Arboliva|Energy Ball|p2a: flowie\n|-damage|p2a: flowie|47\/100\n|\n|-heal|p2a: flowie|53\/100|[from] Grassy Terrain\n|-heal|p2a: flowie|59\/100|[from] item: Leftovers\n|-heal|p1a: Arboliva|79\/100 tox|[from] Grassy Terrain\n|-heal|p1a: Arboliva|85\/100 tox|[from] item: Leftovers\n|-damage|p2a: flowie|47\/100|[from] Leech Seed|[of] p1a: Arboliva\n|-heal|p1a: Arboliva|98\/100 tox|[silent]\n|-damage|p1a: Arboliva|80\/100 tox|[from] psn\n|upkeep\n|turn|15\n|\n|t:|1700156074\n|switch|p2a: rucalio|Lucario, M|100\/100\n|-activate|p2a: rucalio|move: Sticky Web\n|-unboost|p2a: rucalio|spe|1\n|move|p1a: Arboliva|Energy Ball|p2a: rucalio\n|-resisted|p2a: rucalio\n|-damage|p2a: rucalio|55\/100\n|\n|-heal|p2a: rucalio|61\/100|[from] Grassy Terrain\n|-heal|p1a: Arboliva|86\/100 tox|[from] Grassy Terrain\n|-heal|p1a: Arboliva|92\/100 tox|[from] item: Leftovers\n|-damage|p1a: Arboliva|68\/100 tox|[from] psn\n|upkeep\n|turn|16\n|\n|t:|1700156091\n|move|p2a: rucalio|Aura Sphere|p1a: Arboliva\n|-supereffective|p1a: Arboliva\n|-damage|p1a: Arboliva|0 fnt\n|faint|p1a: Arboliva\n|\n|-heal|p2a: rucalio|67\/100|[from] Grassy Terrain\n|-fieldend|move: Grassy Terrain\n|upkeep\n|\n|t:|1700156096\n|switch|p1a: Chandelure|Chandelure, M|100\/100\n|-status|p1a: Chandelure|tox\n|-damage|p1a: Chandelure|76\/100 tox|[from] Stealth Rock\n|turn|17\n|\n|t:|1700156110\n|switch|p2a: The Guzzler|Guzzlord|42\/100\n|-activate|p2a: The Guzzler|move: Sticky Web\n|-unboost|p2a: The Guzzler|spe|1\n|move|p1a: Chandelure|Shadow Ball|p2a: The Guzzler\n|-resisted|p2a: The Guzzler\n|-damage|p2a: The Guzzler|25\/100\n|\n|-heal|p2a: The Guzzler|31\/100|[from] item: Leftovers\n|-damage|p1a: Chandelure|69\/100 tox|[from] psn\n|-sideend|p2: Tanu07|move: Tailwind\n|upkeep\n|turn|18\n|\n|t:|1700156126\n|move|p1a: Chandelure|Flamethrower|p2a: The Guzzler\n|-resisted|p2a: The Guzzler\n|-damage|p2a: The Guzzler|9\/100\n|move|p2a: The Guzzler|Crunch|p1a: Chandelure\n|-supereffective|p1a: Chandelure\n|-crit|p1a: Chandelure\n|-damage|p1a: Chandelure|0 fnt\n|-status|p2a: The Guzzler|brn|[from] ability: Flame Body|[of] p1a: Chandelure\n|faint|p1a: Chandelure\n|-ability|p2a: The Guzzler|Beast Boost|boost\n|-boost|p2a: The Guzzler|atk|1\n|\n|-heal|p2a: The Guzzler|15\/100 brn|[from] item: Leftovers\n|-damage|p2a: The Guzzler|9\/100 brn|[from] brn\n|upkeep\n|\n|t:|1700156130\n|switch|p1a: Lucario|Lucario, M|100\/100\n|-damage|p1a: Lucario|98\/100|[from] Stealth Rock\n|turn|19\n|\n|t:|1700156156\n|move|p1a: Lucario|Close Combat|p2a: The Guzzler\n|-supereffective|p2a: The Guzzler\n|-damage|p2a: The Guzzler|0 fnt\n|-unboost|p1a: Lucario|def|1\n|-unboost|p1a: Lucario|spd|1\n|faint|p2a: The Guzzler\n|\n|upkeep\n|inactive|Tanu07 has 90 seconds left.\n|\n|t:|1700156166\n|switch|p2a: flowie|Comfey, M|47\/100\n|-activate|p2a: flowie|move: Sticky Web\n|-unboost|p2a: flowie|spe|1\n|turn|20\n|\n|t:|1700156170\n|move|p2a: flowie|Draining Kiss|p1a: Lucario\n|-damage|p1a: Lucario|61\/100\n|-heal|p2a: flowie|72\/100|[from] drain|[of] p1a: Lucario\n|move|p1a: Lucario|Poison Jab|p2a: flowie\n|-supereffective|p2a: flowie\n|-damage|p2a: flowie|17\/100\n|\n|-heal|p2a: flowie|23\/100|[from] item: Leftovers\n|upkeep\n|turn|21\n|\n|t:|1700156182\n|move|p1a: Lucario|Bullet Punch|p2a: flowie\n|-supereffective|p2a: flowie\n|-damage|p2a: flowie|0 fnt\n|faint|p2a: flowie\n|\n|upkeep\n|\n|t:|1700156190\n|switch|p2a: lawnmower|Rotom-Mow|42\/100\n|turn|22\n|\n|t:|1700156202\n|-terastallize|p1a: Lucario|Poison\n|move|p1a: Lucario|Poison Jab|p2a: lawnmower\n|-supereffective|p2a: lawnmower\n|-damage|p2a: lawnmower|0 fnt\n|faint|p2a: lawnmower\n|\n|upkeep\n|\n|t:|1700156210\n|switch|p2a: The Sire|Quagsire, M|34\/100\n|-activate|p2a: The Sire|move: Sticky Web\n|-unboost|p2a: The Sire|spe|1\n|turn|23\n|\n|t:|1700156215\n|move|p1a: Lucario|Close Combat|p2a: The Sire\n|-damage|p2a: The Sire|0 fnt\n|-unboost|p1a: Lucario|def|1\n|-unboost|p1a: Lucario|spd|1\n|faint|p2a: The Sire\n|\n|upkeep\n|\n|t:|1700156220\n|switch|p2a: rucalio|Lucario, M|67\/100\n|-activate|p2a: rucalio|move: Sticky Web\n|-unboost|p2a: rucalio|spe|1\n|turn|24\n|\n|t:|1700156242\n|-terastallize|p2a: rucalio|Fighting\n|move|p1a: Lucario|Close Combat|p2a: rucalio\n|-damage|p2a: rucalio|0 fnt\n|-unboost|p1a: Lucario|def|1\n|-unboost|p1a: Lucario|spd|1\n|faint|p2a: rucalio\n|\n|win|LukeJW05\n|raw|LukeJW05's rating: 1063 &rarr; <strong>1098<\/strong><br \/>(+35 for winning)\n|raw|Tanu07's rating: 1114 &rarr; <strong>1085<\/strong><br \/>(-29 for losing)\n|c|\u2606Tanu07|gg\n","uploadtime":1700156247,"views":4,"p1id":"lukejw05","p2id":"tanu07","formatid":"gen9nationaldex","rating":1085,"private":0,"password":""}