{"id":"gen9nationaldex-1992789147","p1":"mergency\u4e71\u821e","p2":"Francoise Fat","format":"[Gen 9] National Dex","log":"|j|\u2606mergency\u4e71\u821e\n|j|\u2606Francoise Fat\n|t:|1700235580\n|gametype|singles\n|player|p1|mergency\u4e71\u821e|unknown|1280\n|player|p2|Francoise Fat|101|1355\n|teamsize|p1|6\n|teamsize|p2|6\n|gen|9\n|tier|[Gen 9] National Dex\n|rated|\n|rule|HP Percentage Mod: HP is shown in percentages\n|rule|Endless Battle Clause: Forcing endless battles is banned\n|rule|OHKO Clause: OHKO moves are banned\n|rule|Evasion Clause: Evasion abilities, items, and moves are banned\n|rule|Evasion Abilities Clause: Evasion abilities are banned\n|rule|Evasion Items Clause: Evasion items are banned\n|rule|Evasion Moves Clause: Evasion moves are banned\n|rule|Species Clause: Limit one of each Pok\u00e9mon\n|rule|Sleep Clause Mod: Limit one foe put to sleep\n|clearpoke\n|poke|p1|Banette, M|\n|poke|p1|Pawmot, F|\n|poke|p1|Tapu Lele|\n|poke|p1|Sneasler, M|\n|poke|p1|Araquanid, F|\n|poke|p1|Gliscor, M|\n|poke|p2|Garchomp, M|\n|poke|p2|Araquanid, M|\n|poke|p2|Excadrill, M|\n|poke|p2|Tyranitar, M|\n|poke|p2|Houndstone, M|\n|poke|p2|Aggron, F|\n|teampreview\n|inactive|Battle timer is ON: inactive players will automatically lose when time's up. (requested by mergency\u4e71\u821e)\n|\n|t:|1700235599\n|start\n|switch|p1a: Tapu Lele|Tapu Lele|100\/100\n|switch|p2a: Araquanid|Araquanid, M|100\/100\n|-fieldstart|move: Psychic Terrain|[from] ability: Psychic Surge|[of] p1a: Tapu Lele\n|turn|1\n|\n|t:|1700235608\n|move|p1a: Tapu Lele|Moonblast|p2a: Araquanid\n|-damage|p2a: Araquanid|58\/100\n|-unboost|p2a: Araquanid|spa|1\n|move|p2a: Araquanid|Liquidation|p1a: Tapu Lele\n|-damage|p1a: Tapu Lele|30\/100\n|\n|upkeep\n|turn|2\n|\n|t:|1700235616\n|switch|p1a: Araquanid|Araquanid, F|100\/100\n|move|p2a: Araquanid|Sticky Web|p1a: Araquanid\n|-sidestart|p1: mergency\u4e71\u821e|move: Sticky Web\n|\n|upkeep\n|turn|3\n|\n|t:|1700235622\n|move|p2a: Araquanid|Magic Coat|p2a: Araquanid\n|-singleturn|p2a: Araquanid|move: Magic Coat\n|move|p1a: Araquanid|Sticky Web|p2a: Araquanid\n|move|p2a: Araquanid|Sticky Web||[from]Magic Coat|[still]\n|-fail|p2a: Araquanid\n|\n|upkeep\n|turn|4\n|\n|t:|1700235626\n|move|p2a: Araquanid|Magic Coat|p2a: Araquanid\n|-singleturn|p2a: Araquanid|move: Magic Coat\n|move|p1a: Araquanid|Sticky Web|p2a: Araquanid\n|move|p2a: Araquanid|Sticky Web||[from]Magic Coat|[still]\n|-fail|p2a: Araquanid\n|\n|upkeep\n|turn|5\n|\n|t:|1700235629\n|move|p2a: Araquanid|Magic Coat|p2a: Araquanid\n|-singleturn|p2a: Araquanid|move: Magic Coat\n|move|p1a: Araquanid|Scald|p2a: Araquanid\n|-resisted|p2a: Araquanid\n|-damage|p2a: Araquanid|44\/100\n|\n|-fieldend|move: Psychic Terrain\n|upkeep\n|turn|6\n|\n|t:|1700235634\n|move|p2a: Araquanid|Magic Coat|p2a: Araquanid\n|-singleturn|p2a: Araquanid|move: Magic Coat\n|move|p1a: Araquanid|Sticky Web|p2a: Araquanid\n|move|p2a: Araquanid|Sticky Web||[from]Magic Coat|[still]\n|-fail|p2a: Araquanid\n|\n|upkeep\n|turn|7\n|\n|t:|1700235637\n|move|p2a: Araquanid|Magic Coat|p2a: Araquanid\n|-singleturn|p2a: Araquanid|move: Magic Coat\n|move|p1a: Araquanid|Scald|p2a: Araquanid\n|-resisted|p2a: Araquanid\n|-damage|p2a: Araquanid|30\/100\n|\n|upkeep\n|turn|8\n|\n|t:|1700235643\n|move|p1a: Araquanid|Scald|p2a: Araquanid\n|-resisted|p2a: Araquanid\n|-damage|p2a: Araquanid|14\/100\n|move|p2a: Araquanid|Infestation|p1a: Araquanid\n|-damage|p1a: Araquanid|98\/100\n|-activate|p1a: Araquanid|move: Infestation|[of] p2a: Araquanid\n|\n|-heal|p1a: Araquanid|100\/100|[from] item: Leftovers\n|-damage|p1a: Araquanid|88\/100|[from] move: Infestation|[partiallytrapped]\n|upkeep\n|turn|9\n|\n|t:|1700235647\n|move|p2a: Araquanid|Magic Coat|p2a: Araquanid\n|-singleturn|p2a: Araquanid|move: Magic Coat\n|move|p1a: Araquanid|Scald|p2a: Araquanid\n|-resisted|p2a: Araquanid\n|-damage|p2a: Araquanid|0 fnt\n|faint|p2a: Araquanid\n|\n|-heal|p1a: Araquanid|94\/100|[from] item: Leftovers\n|-end|p1a: Araquanid|Infestation|[partiallytrapped]|[silent]\n|upkeep\n|\n|t:|1700235651\n|switch|p2a: Tyranitar|Tyranitar, M, shiny|100\/100\n|-weather|Sandstorm|[from] ability: Sand Stream|[of] p2a: Tyranitar\n|turn|10\n|\n|t:|1700235656\n|move|p2a: Tyranitar|Knock Off|p1a: Araquanid\n|-damage|p1a: Araquanid|36\/100\n|-enditem|p1a: Araquanid|Leftovers|[from] move: Knock Off|[of] p2a: Tyranitar\n|move|p1a: Araquanid|Toxic|p2a: Tyranitar\n|-status|p2a: Tyranitar|tox\n|\n|-weather|Sandstorm|[upkeep]\n|-damage|p1a: Araquanid|30\/100|[from] Sandstorm\n|-damage|p2a: Tyranitar|94\/100 tox|[from] psn\n|upkeep\n|turn|11\n|\n|t:|1700235680\n|move|p2a: Tyranitar|Knock Off|p1a: Araquanid\n|-damage|p1a: Araquanid|0 fnt\n|faint|p1a: Araquanid\n|\n|-weather|Sandstorm|[upkeep]\n|-damage|p2a: Tyranitar|82\/100 tox|[from] psn\n|upkeep\n|\n|t:|1700235685\n|switch|p1a: Gliscor|Gliscor, M|100\/100\n|turn|12\n|\n|t:|1700235711\n|move|p1a: Gliscor|Defog|p2a: Tyranitar\n|-unboost|p2a: Tyranitar|evasion|1\n|-sideend|p1: mergency\u4e71\u821e|Sticky Web|[from] move: Defog|[of] p1a: Gliscor\n|move|p2a: Tyranitar|Knock Off|p1a: Gliscor\n|-damage|p1a: Gliscor|64\/100\n|-enditem|p1a: Gliscor|Toxic Orb|[from] move: Knock Off|[of] p2a: Tyranitar\n|\n|-weather|Sandstorm|[upkeep]\n|-damage|p2a: Tyranitar|63\/100 tox|[from] psn\n|upkeep\n|turn|13\n|\n|t:|1700235720\n|switch|p2a: Houndstone|Houndstone, M|100\/100\n|move|p1a: Gliscor|Earthquake|p2a: Houndstone\n|-damage|p2a: Houndstone|69\/100\n|-enditem|p2a: Houndstone|Eject Button\n|\n|t:|1700235726\n|switch|p2a: Garchomp|Garchomp, M|100\/100\n|\n|-weather|Sandstorm|[upkeep]\n|upkeep\n|turn|14\n|\n|t:|1700235734\n|move|p2a: Garchomp|Swords Dance|p2a: Garchomp\n|-boost|p2a: Garchomp|atk|2\n|move|p1a: Gliscor|Toxic|p2a: Garchomp\n|-status|p2a: Garchomp|tox\n|\n|-weather|Sandstorm|[upkeep]\n|-damage|p2a: Garchomp|94\/100 tox|[from] psn\n|upkeep\n|turn|15\n|\n|t:|1700235739\n|move|p2a: Garchomp|Scale Shot|p1a: Gliscor\n|-damage|p1a: Gliscor|47\/100\n|-damage|p1a: Gliscor|29\/100\n|-damage|p1a: Gliscor|12\/100\n|-damage|p1a: Gliscor|0 fnt\n|faint|p1a: Gliscor\n|-hitcount|p1: Gliscor|4\n|-unboost|p2a: Garchomp|def|1\n|-boost|p2a: Garchomp|spe|1\n|\n|-weather|Sandstorm|[upkeep]\n|-damage|p2a: Garchomp|82\/100 tox|[from] psn\n|upkeep\n|\n|t:|1700235744\n|switch|p1a: Banette|Banette, M|100\/100\n|turn|16\n|\n|t:|1700235752\n|detailschange|p2a: Garchomp|Garchomp-Mega, M\n|-mega|p2a: Garchomp|Garchomp|Garchompite\n|detailschange|p1a: Banette|Banette-Mega, M\n|-mega|p1a: Banette|Banette|Banettite\n|move|p1a: Banette|Destiny Bond|p1a: Banette\n|-singlemove|p1a: Banette|Destiny Bond\n|move|p2a: Garchomp|Earthquake|p1a: Banette\n|-damage|p1a: Banette|0 fnt\n|faint|p1a: Banette\n|-activate|p1a: Banette|move: Destiny Bond\n|faint|p2a: Garchomp\n|\n|-weather|Sandstorm|[upkeep]\n|upkeep\n|\n|t:|1700235763\n|switch|p2a: Houndstone|Houndstone, M|69\/100\n|switch|p1a: Pawmot|Pawmot, F|100\/100\n|turn|17\n|\n|t:|1700235770\n|move|p2a: Houndstone|Poltergeist|p1a: Pawmot\n|-activate|p1a: Pawmot|move: Poltergeist|Leppa Berry\n|-damage|p1a: Pawmot|35\/100\n|move|p1a: Pawmot|Revival Blessing|p1a: Pawmot\n|-enditem|p1a: Pawmot|Leppa Berry|[eat]\n|-activate|p1a: Pawmot|item: Leppa Berry|Revival Blessing|[consumed]\n|\n|t:|1700235773\n|-heal|p1: Banette|50\/100|[from] move: Revival Blessing\n|\n|-weather|none\n|upkeep\n|turn|18\n|\n|t:|1700235782\n|move|p1a: Pawmot|Revival Blessing|p1a: Pawmot\n|\n|t:|1700235788\n|-heal|p1: Araquanid|50\/100|[from] move: Revival Blessing\n|move|p2a: Houndstone|Poltergeist||[still]\n|-fail|p2a: Houndstone\n|\n|upkeep\n|turn|19\n|\n|t:|1700235796\n|move|p1a: Pawmot|Thunder Punch|p2a: Houndstone\n|-damage|p2a: Houndstone|29\/100\n|move|p2a: Houndstone|Sandstorm|p2a: Houndstone\n|-weather|Sandstorm\n|\n|-weather|Sandstorm|[upkeep]\n|-damage|p1a: Pawmot|29\/100|[from] Sandstorm\n|upkeep\n|turn|20\n|\n|t:|1700235800\n|move|p2a: Houndstone|Will-O-Wisp|p1a: Pawmot\n|-status|p1a: Pawmot|brn\n|move|p1a: Pawmot|Thunder Punch|p2a: Houndstone\n|-damage|p2a: Houndstone|9\/100\n|\n|-weather|Sandstorm|[upkeep]\n|-damage|p1a: Pawmot|22\/100 brn|[from] Sandstorm\n|-damage|p1a: Pawmot|16\/100 brn|[from] brn\n|upkeep\n|turn|21\n|\n|t:|1700235810\n|move|p2a: Houndstone|Will-O-Wisp|p1a: Pawmot\n|-fail|p1a: Pawmot|brn\n|move|p1a: Pawmot|Ice Punch|p2a: Houndstone\n|-damage|p2a: Houndstone|0 fnt\n|faint|p2a: Houndstone\n|\n|-weather|Sandstorm|[upkeep]\n|-damage|p1a: Pawmot|10\/100 brn|[from] Sandstorm\n|-damage|p1a: Pawmot|4\/100 brn|[from] brn\n|upkeep\n|\n|t:|1700235814\n|switch|p2a: Excadrill|Excadrill, M|100\/100\n|turn|22\n|\n|t:|1700235823\n|move|p2a: Excadrill|Rapid Spin|p1a: Pawmot\n|-damage|p1a: Pawmot|0 fnt\n|-boost|p2a: Excadrill|spe|1\n|faint|p1a: Pawmot\n|\n|-weather|Sandstorm|[upkeep]\n|upkeep\n|\n|t:|1700235831\n|switch|p1a: Banette|Banette-Mega, M|50\/100\n|turn|23\n|\n|t:|1700235837\n|switch|p2a: Oceano|Aggron, F, shiny|100\/100\n|move|p1a: Banette|Taunt|p2a: Oceano\n|-start|p2a: Oceano|move: Taunt\n|\n|-weather|none\n|upkeep\n|turn|24\n|\n|t:|1700235846\n|move|p1a: Banette|Destiny Bond|p1a: Banette\n|-singlemove|p1a: Banette|Destiny Bond\n|move|p2a: Oceano|Metal Burst||[still]\n|-fail|p2a: Oceano\n|\n|upkeep\n|turn|25\n|\n|t:|1700235850\n|move|p1a: Banette|Poltergeist|p2a: Oceano\n|-activate|p2a: Oceano|move: Poltergeist|Red Card\n|-damage|p2a: Oceano|52\/100\n|-enditem|p2a: Oceano|Red Card|[of] p1a: Banette\n|drag|p1a: Tapu Lele|Tapu Lele|30\/100\n|-fieldstart|move: Psychic Terrain|[from] ability: Psychic Surge|[of] p1a: Tapu Lele\n|move|p2a: Oceano|Stone Edge|p1a: Tapu Lele|[miss]\n|-miss|p2a: Oceano|p1a: Tapu Lele\n|\n|-end|p2a: Oceano|move: Taunt\n|upkeep\n|turn|26\n|\n|t:|1700235861\n|move|p1a: Tapu Lele|Shadow Ball|p2a: Oceano\n|-damage|p2a: Oceano|0 fnt\n|faint|p2a: Oceano\n|\n|upkeep\n|\n|t:|1700235866\n|switch|p2a: Tyranitar|Tyranitar, M, shiny|63\/100 tox\n|-weather|Sandstorm|[from] ability: Sand Stream|[of] p2a: Tyranitar\n|turn|27\n|\n|t:|1700235873\n|move|p1a: Tapu Lele|Shadow Ball|p2a: Tyranitar\n|-resisted|p2a: Tyranitar\n|-damage|p2a: Tyranitar|51\/100 tox\n|move|p2a: Tyranitar|Pursuit|p1a: Tapu Lele\n|-damage|p1a: Tapu Lele|0 fnt\n|faint|p1a: Tapu Lele\n|\n|-weather|Sandstorm|[upkeep]\n|-damage|p2a: Tyranitar|45\/100 tox|[from] psn\n|upkeep\n|\n|t:|1700235878\n|switch|p1a: Sneasler|Sneasler, M|100\/100\n|-enditem|p1a: Sneasler|Psychic Seed\n|-boost|p1a: Sneasler|spd|1|[from] item: Psychic Seed\n|turn|28\n|\n|t:|1700235882\n|move|p1a: Sneasler|Close Combat|p2a: Tyranitar\n|-supereffective|p2a: Tyranitar\n|-damage|p2a: Tyranitar|0 fnt\n|-unboost|p1a: Sneasler|def|1\n|-unboost|p1a: Sneasler|spd|1\n|faint|p2a: Tyranitar\n|\n|-weather|Sandstorm|[upkeep]\n|-damage|p1a: Sneasler|95\/100|[from] Sandstorm\n|upkeep\n|\n|t:|1700235886\n|switch|p2a: Excadrill|Excadrill, M|100\/100\n|turn|29\n|\n|t:|1700235889\n|-terastallize|p2a: Excadrill|Ground\n|move|p1a: Sneasler|Close Combat|p2a: Excadrill\n|-crit|p2a: Excadrill\n|-damage|p2a: Excadrill|0 fnt\n|-unboost|p1a: Sneasler|def|1\n|-unboost|p1a: Sneasler|spd|1\n|faint|p2a: Excadrill\n|\n|win|mergency\u4e71\u821e\n|raw|mergency\u4e71\u821e's rating: 1280 &rarr; <strong>1310<\/strong><br \/>(+30 for winning)\n|raw|Francoise Fat's rating: 1355 &rarr; <strong>1331<\/strong><br \/>(-24 for losing)\n|l|\u2606Francoise Fat\n","uploadtime":1700235897,"views":8,"p1id":"mergency","p2id":"francoisefat","formatid":"gen9nationaldex","rating":1310,"private":0,"password":""}