{"id":"gen9nationaldex-1989883219","p1":"RiouruK","p2":"JesusPizzaCrusher","format":"[Gen 9] National Dex","log":"|j|\u2606RiouruK\n|j|\u2606JesusPizzaCrusher\n|t:|1699903668\n|gametype|singles\n|player|p1|RiouruK|ghetsis|\n|player|p2|JesusPizzaCrusher|hugh|\n|teamsize|p1|6\n|teamsize|p2|6\n|gen|9\n|tier|[Gen 9] National Dex\n|rule|HP Percentage Mod: HP is shown in percentages\n|rule|Endless Battle Clause: Forcing endless battles is banned\n|rule|OHKO Clause: OHKO moves are banned\n|rule|Evasion Clause: Evasion abilities, items, and moves are banned\n|rule|Evasion Abilities Clause: Evasion abilities are banned\n|rule|Evasion Items Clause: Evasion items are banned\n|rule|Evasion Moves Clause: Evasion moves are banned\n|rule|Species Clause: Limit one of each Pok\u00e9mon\n|rule|Sleep Clause Mod: Limit one foe put to sleep\n|clearpoke\n|poke|p1|Lucario, M|\n|poke|p1|Iron Valiant|\n|poke|p1|Lopunny, F|\n|poke|p1|Blaziken, M|\n|poke|p1|Urshifu-*, F|\n|poke|p1|Great Tusk|\n|poke|p2|Scizor, F|\n|poke|p2|Volcarona, F|\n|poke|p2|Pinsir, F|\n|poke|p2|Lokix, F|\n|poke|p2|Galvantula, F|\n|poke|p2|Araquanid, F|\n|teampreview\n|\n|t:|1699903701\n|start\n|switch|p1a: Blaziken|Blaziken, M|100\/100\n|switch|p2a: Galvantula|Galvantula, F, shiny|100\/100\n|turn|1\n|\n|t:|1699903709\n|move|p1a: Blaziken|Protect|p1a: Blaziken\n|-singleturn|p1a: Blaziken|Protect\n|move|p2a: Galvantula|Thunder Wave|p1a: Blaziken\n|-activate|p1a: Blaziken|move: Protect\n|\n|-ability|p1a: Blaziken|Speed Boost|boost\n|-boost|p1a: Blaziken|spe|1\n|upkeep\n|turn|2\n|\n|t:|1699903719\n|-zpower|p1a: Blaziken\n|move|p1a: Blaziken|Inferno Overdrive|p2a: Galvantula|[zeffect]\n|-supereffective|p2a: Galvantula\n|-enditem|p2a: Galvantula|Focus Sash\n|-damage|p2a: Galvantula|1\/100\n|move|p2a: Galvantula|Thunder Wave|p1a: Blaziken\n|-status|p1a: Blaziken|par\n|\n|-ability|p1a: Blaziken|Speed Boost|boost\n|-boost|p1a: Blaziken|spe|1\n|upkeep\n|turn|3\n|\n|t:|1699903730\n|move|p1a: Blaziken|Protect|p1a: Blaziken\n|-singleturn|p1a: Blaziken|Protect\n|move|p2a: Galvantula|Sticky Web|p1a: Blaziken\n|-sidestart|p1: RiouruK|move: Sticky Web\n|\n|-ability|p1a: Blaziken|Speed Boost|boost\n|-boost|p1a: Blaziken|spe|1\n|upkeep\n|turn|4\n|\n|t:|1699903738\n|move|p1a: Blaziken|Flare Blitz|p2a: Galvantula\n|-supereffective|p2a: Galvantula\n|-damage|p2a: Galvantula|0 fnt\n|faint|p2a: Galvantula\n|-damage|p1a: Blaziken|99\/100 par|[from] Recoil\n|\n|-ability|p1a: Blaziken|Speed Boost|boost\n|-boost|p1a: Blaziken|spe|1\n|upkeep\n|\n|t:|1699903749\n|switch|p2a: Araquanid|Araquanid, F, shiny|100\/100\n|turn|5\n|\n|t:|1699903764\n|move|p1a: Blaziken|Close Combat|p2a: Araquanid\n|-resisted|p2a: Araquanid\n|-damage|p2a: Araquanid|69\/100\n|-unboost|p1a: Blaziken|def|1\n|-unboost|p1a: Blaziken|spd|1\n|move|p2a: Araquanid|Liquidation|p1a: Blaziken\n|-supereffective|p1a: Blaziken\n|-damage|p1a: Blaziken|0 fnt\n|faint|p1a: Blaziken\n|\n|upkeep\n|\n|t:|1699903777\n|switch|p1a: We|Iron Valiant|100\/100\n|-activate|p1a: We|move: Sticky Web\n|-unboost|p1a: We|spe|1\n|turn|6\n|\n|t:|1699903792\n|move|p1a: We|Thunderbolt|p2a: Araquanid\n|-supereffective|p2a: Araquanid\n|-crit|p2a: Araquanid\n|-damage|p2a: Araquanid|0 fnt\n|faint|p2a: Araquanid\n|\n|upkeep\n|\n|t:|1699903809\n|switch|p2a: Kamen Rider|Lokix, F|100\/100\n|turn|7\n|\n|t:|1699903825\n|-end|p1a: We|Quark Drive|[silent]\n|switch|p1a: Lucario|Lucario, M, shiny|100\/100\n|-activate|p1a: Lucario|move: Sticky Web\n|-unboost|p1a: Lucario|spe|1\n|move|p2a: Kamen Rider|Aerial Ace|p1a: Lucario\n|-damage|p1a: Lucario|63\/100\n|-damage|p2a: Kamen Rider|91\/100|[from] item: Life Orb\n|\n|upkeep\n|turn|8\n|\n|t:|1699903840\n|move|p2a: Kamen Rider|Lunge|p1a: Lucario\n|-resisted|p1a: Lucario\n|-damage|p1a: Lucario|29\/100\n|-unboost|p1a: Lucario|atk|1\n|-damage|p2a: Kamen Rider|81\/100|[from] item: Life Orb\n|move|p1a: Lucario|Swords Dance|p1a: Lucario\n|-boost|p1a: Lucario|atk|2\n|\n|upkeep\n|turn|9\n|\n|t:|1699903848\n|move|p2a: Kamen Rider|Lunge|p1a: Lucario\n|-resisted|p1a: Lucario\n|-damage|p1a: Lucario|0 fnt\n|faint|p1a: Lucario\n|-damage|p2a: Kamen Rider|71\/100|[from] item: Life Orb\n|\n|upkeep\n|\n|t:|1699903860\n|switch|p1a: Lopunny|Lopunny, F|100\/100\n|-activate|p1a: Lopunny|move: Sticky Web\n|-unboost|p1a: Lopunny|spe|1\n|turn|10\n|\n|t:|1699903876\n|detailschange|p1a: Lopunny|Lopunny-Mega, F\n|-mega|p1a: Lopunny|Lopunny|Lopunnite\n|move|p2a: Kamen Rider|Swords Dance|p2a: Kamen Rider\n|-boost|p2a: Kamen Rider|atk|2\n|move|p1a: Lopunny|Close Combat|p2a: Kamen Rider\n|-damage|p2a: Kamen Rider|0 fnt\n|-unboost|p1a: Lopunny|def|1\n|-unboost|p1a: Lopunny|spd|1\n|faint|p2a: Kamen Rider\n|\n|upkeep\n|\n|t:|1699903904\n|switch|p2a: Battra|Volcarona, F|100\/100\n|turn|11\n|\n|t:|1699903921\n|move|p1a: Lopunny|Close Combat|p2a: Battra\n|-resisted|p2a: Battra\n|-damage|p2a: Battra|69\/100\n|-unboost|p1a: Lopunny|def|1\n|-unboost|p1a: Lopunny|spd|1\n|move|p2a: Battra|Quiver Dance|p2a: Battra\n|-boost|p2a: Battra|spa|1\n|-boost|p2a: Battra|spd|1\n|-boost|p2a: Battra|spe|1\n|\n|upkeep\n|turn|12\n|\n|t:|1699903932\n|move|p1a: Lopunny|Quick Attack|p2a: Battra\n|-damage|p2a: Battra|50\/100\n|move|p2a: Battra|Roost|p2a: Battra\n|-heal|p2a: Battra|99\/100\n|-singleturn|p2a: Battra|move: Roost\n|\n|upkeep\n|turn|13\n|\n|t:|1699903950\n|move|p1a: Lopunny|Quick Attack|p2a: Battra\n|-crit|p2a: Battra\n|-damage|p2a: Battra|71\/100\n|-status|p1a: Lopunny|brn|[from] ability: Flame Body|[of] p2a: Battra\n|move|p2a: Battra|Quiver Dance|p2a: Battra\n|-boost|p2a: Battra|spa|1\n|-boost|p2a: Battra|spd|1\n|-boost|p2a: Battra|spe|1\n|\n|-damage|p1a: Lopunny|95\/100 brn|[from] brn\n|upkeep\n|turn|14\n|\n|t:|1699903967\n|move|p1a: Lopunny|Quick Attack|p2a: Battra\n|-damage|p2a: Battra|61\/100\n|move|p2a: Battra|Quiver Dance|p2a: Battra\n|-boost|p2a: Battra|spa|1\n|-boost|p2a: Battra|spd|1\n|-boost|p2a: Battra|spe|1\n|\n|-damage|p1a: Lopunny|89\/100 brn|[from] brn\n|upkeep\n|turn|15\n|\n|t:|1699903980\n|move|p2a: Battra|Roost|p2a: Battra\n|-heal|p2a: Battra|100\/100\n|-singleturn|p2a: Battra|move: Roost\n|move|p1a: Lopunny|Close Combat|p2a: Battra\n|-resisted|p2a: Battra\n|-damage|p2a: Battra|85\/100\n|-unboost|p1a: Lopunny|def|1\n|-unboost|p1a: Lopunny|spd|1\n|\n|-damage|p1a: Lopunny|83\/100 brn|[from] brn\n|upkeep\n|turn|16\n|\n|t:|1699903989\n|move|p2a: Battra|Quiver Dance|p2a: Battra\n|-boost|p2a: Battra|spa|1\n|-boost|p2a: Battra|spd|1\n|-boost|p2a: Battra|spe|1\n|move|p1a: Lopunny|U-turn|p2a: Battra\n|-resisted|p2a: Battra\n|-damage|p2a: Battra|79\/100\n|\n|t:|1699903997\n|switch|p1a: Urshifu|Urshifu-Rapid-Strike, F|100\/100|[from] U-turn\n|-activate|p1a: Urshifu|move: Sticky Web\n|-unboost|p1a: Urshifu|spe|1\n|\n|upkeep\n|turn|17\n|\n|t:|1699904016\n|-terastallize|p1a: Urshifu|Water\n|move|p2a: Battra|Air Slash|p1a: Urshifu\n|-damage|p1a: Urshifu|1\/100\n|cant|p1a: Urshifu|flinch\n|\n|upkeep\n|turn|18\n|c|\u2606JesusPizzaCrusher|oof\n|\n|t:|1699904030\n|move|p2a: Battra|Fiery Dance|p1a: Urshifu\n|-resisted|p1a: Urshifu\n|-damage|p1a: Urshifu|0 fnt\n|-boost|p2a: Battra|spa|1\n|faint|p1a: Urshifu\n|\n|upkeep\n|\n|t:|1699904038\n|switch|p1a: We|Iron Valiant|100\/100\n|-activate|p1a: We|move: Sticky Web\n|-unboost|p1a: We|spe|1\n|turn|19\n|\n|t:|1699904052\n|move|p2a: Battra|Air Slash|p1a: We\n|-supereffective|p1a: We\n|-damage|p1a: We|0 fnt\n|faint|p1a: We\n|-end|p1a: We|Quark Drive|[silent]\n|\n|upkeep\n|\n|t:|1699904138\n|switch|p1a: Great Tusk|Great Tusk|100\/100\n|-activate|p1a: Great Tusk|move: Sticky Web\n|-unboost|p1a: Great Tusk|spe|1\n|turn|20\n|\n|t:|1699904163\n|move|p2a: Battra|Air Slash|p1a: Great Tusk\n|-supereffective|p1a: Great Tusk\n|-damage|p1a: Great Tusk|0 fnt\n|faint|p1a: Great Tusk\n|-end|p1a: Great Tusk|Protosynthesis|[silent]\n|\n|upkeep\n|\n|t:|1699904165\n|switch|p1a: Lopunny|Lopunny-Mega, F|83\/100 brn\n|-activate|p1a: Lopunny|move: Sticky Web\n|-unboost|p1a: Lopunny|spe|1\n|turn|21\n|\n|t:|1699904176\n|move|p1a: Lopunny|Quick Attack|p2a: Battra\n|-damage|p2a: Battra|70\/100\n|move|p2a: Battra|Air Slash|p1a: Lopunny\n|-supereffective|p1a: Lopunny\n|-damage|p1a: Lopunny|0 fnt\n|faint|p1a: Lopunny\n|\n|win|JesusPizzaCrusher\n|c|\u2606JesusPizzaCrusher|good game\n|l|\u2606RiouruK\n|c|\u2606JesusPizzaCrusher|buen equipo\n","uploadtime":1699904189,"views":11,"p1id":"riouruk","p2id":"jesuspizzacrusher","formatid":"gen9nationaldex","rating":0,"private":0,"password":""}