{"id":"gen9nationaldex-1998694191","p1":"121coo","p2":"bzjnb2333","format":"[Gen 9] National Dex","log":"|html|<div class=\"broadcast-blue\"><strong>[Gen 9] National Dex is currently suspecting Sneasler! For information on how to participate check out the <a href=\"https:\/\/www.smogon.com\/forums\/threads\/sv-national-dex-suspect-8-just-dance.3731534\/\">suspect thread<\/a>.<\/strong><\/div>\n|j|\u2606121coo\n|j|\u2606bzjnb2333\n|t:|1700973579\n|gametype|singles\n|player|p1|121coo|dawn|1063\n|player|p2|bzjnb2333|red|1064\n|teamsize|p1|6\n|teamsize|p2|6\n|gen|9\n|tier|[Gen 9] National Dex\n|rated|\n|rule|HP Percentage Mod: HP is shown in percentages\n|rule|Endless Battle Clause: Forcing endless battles is banned\n|rule|OHKO Clause: OHKO moves are banned\n|rule|Evasion Clause: Evasion abilities, items, and moves are banned\n|rule|Evasion Abilities Clause: Evasion abilities are banned\n|rule|Evasion Items Clause: Evasion items are banned\n|rule|Evasion Moves Clause: Evasion moves are banned\n|rule|Species Clause: Limit one of each Pok\u00e9mon\n|rule|Sleep Clause Mod: Limit one foe put to sleep\n|clearpoke\n|poke|p1|Pikachu-Kalos, M|\n|poke|p1|Greninja-*, M|\n|poke|p1|Talonflame, M|\n|poke|p1|Hawlucha, M|\n|poke|p1|Goodra, M|\n|poke|p1|Noivern, M|\n|poke|p2|Hatterene, F|\n|poke|p2|Mawile, M|\n|poke|p2|Marowak-Alola, M|\n|poke|p2|Ursaluna, F|\n|poke|p2|Cresselia, F|\n|poke|p2|Porygon2|\n|teampreview\n|inactive|Battle timer is ON: inactive players will automatically lose when time's up. (requested by bzjnb2333)\n|\n|t:|1700973591\n|start\n|switch|p1a: Talonflame|Talonflame, M|100\/100\n|switch|p2a: \u5e3d\u5b50\u59d0|Hatterene, F|100\/100\n|turn|1\n|\n|t:|1700973602\n|move|p1a: Talonflame|Flare Blitz|p2a: \u5e3d\u5b50\u59d0\n|-damage|p2a: \u5e3d\u5b50\u59d0|31\/100\n|-damage|p1a: Talonflame|76\/100|[from] Recoil\n|-damage|p1a: Talonflame|66\/100|[from] item: Life Orb\n|move|p2a: \u5e3d\u5b50\u59d0|Trick Room|p2a: \u5e3d\u5b50\u59d0\n|-fieldstart|move: Trick Room|[of] p2a: \u5e3d\u5b50\u59d0\n|\n|upkeep\n|turn|2\n|inactive|bzjnb2333 has 120 seconds left.\n|inactive|bzjnb2333 has 90 seconds left.\n|inactive|bzjnb2333 has 60 seconds left.\n|inactive|bzjnb2333 has 30 seconds left.\n|\n|t:|1700973725\n|switch|p2a: \u560e\u54e5|Marowak-Alola, M|100\/100\n|move|p1a: Talonflame|Steel Wing|p2a: \u560e\u54e5\n|-resisted|p2a: \u560e\u54e5\n|-damage|p2a: \u560e\u54e5|90\/100\n|-damage|p1a: Talonflame|56\/100|[from] item: Life Orb\n|\n|upkeep\n|turn|3\n|\n|t:|1700973754\n|switch|p1a: Greninja|Greninja, M|100\/100\n|move|p2a: \u560e\u54e5|Swords Dance|p2a: \u560e\u54e5\n|-boost|p2a: \u560e\u54e5|atk|2\n|\n|upkeep\n|turn|4\n|inactive|121coo has 120 seconds left.\n|\n|t:|1700973773\n|move|p1a: Greninja|Water Shuriken|p2a: \u560e\u54e5\n|-supereffective|p2a: \u560e\u54e5\n|-damage|p2a: \u560e\u54e5|69\/100\n|-supereffective|p2a: \u560e\u54e5\n|-damage|p2a: \u560e\u54e5|52\/100\n|-hitcount|p2a: \u560e\u54e5|2\n|move|p2a: \u560e\u54e5|Low Kick|p1a: Greninja\n|-supereffective|p1a: Greninja\n|-enditem|p1a: Greninja|Focus Sash\n|-damage|p1a: Greninja|1\/100\n|\n|upkeep\n|turn|5\n|inactive|121coo has 120 seconds left.\n|\n|t:|1700973785\n|switch|p2a: \u9876\u4f4f\uff01|Cresselia, F|100\/100\n|move|p1a: Greninja|Water Shuriken|p2a: \u9876\u4f4f\uff01\n|-damage|p2a: \u9876\u4f4f\uff01|95\/100\n|-damage|p2a: \u9876\u4f4f\uff01|90\/100\n|-damage|p2a: \u9876\u4f4f\uff01|85\/100\n|-damage|p2a: \u9876\u4f4f\uff01|80\/100\n|-hitcount|p2a: \u9876\u4f4f\uff01|4\n|\n|-fieldend|move: Trick Room\n|upkeep\n|turn|6\n|inactive|121coo has 120 seconds left.\n|\n|t:|1700973800\n|move|p1a: Greninja|Dark Pulse|p2a: \u9876\u4f4f\uff01\n|-supereffective|p2a: \u9876\u4f4f\uff01\n|-enditem|p2a: \u9876\u4f4f\uff01|Colbur Berry|[eat]\n|-enditem|p2a: \u9876\u4f4f\uff01|Colbur Berry|[weaken]\n|-damage|p2a: \u9876\u4f4f\uff01|55\/100\n|move|p2a: \u9876\u4f4f\uff01|Trick Room|p2a: \u9876\u4f4f\uff01\n|-fieldstart|move: Trick Room|[of] p2a: \u9876\u4f4f\uff01\n|\n|upkeep\n|turn|7\n|\n|t:|1700973810\n|move|p1a: Greninja|Water Shuriken|p2a: \u9876\u4f4f\uff01\n|-damage|p2a: \u9876\u4f4f\uff01|50\/100\n|-damage|p2a: \u9876\u4f4f\uff01|45\/100\n|-crit|p2a: \u9876\u4f4f\uff01\n|-damage|p2a: \u9876\u4f4f\uff01|37\/100\n|-hitcount|p2a: \u9876\u4f4f\uff01|3\n|move|p2a: \u9876\u4f4f\uff01|Ice Beam|p1a: Greninja\n|-resisted|p1a: Greninja\n|-damage|p1a: Greninja|0 fnt\n|faint|p1a: Greninja\n|\n|upkeep\n|\n|t:|1700973815\n|switch|p1a: Pikachu|Pikachu-Kalos, M|100\/100\n|turn|8\n|inactive|121coo has 120 seconds left.\n|\n|t:|1700973837\n|switch|p2a: \u6015\u4e0d\u6015|Mawile, M|100\/100\n|-ability|p2a: \u6015\u4e0d\u6015|Intimidate|boost\n|-unboost|p1a: Pikachu|atk|1\n|move|p1a: Pikachu|Fake Out|p2a: \u6015\u4e0d\u6015\n|-resisted|p2a: \u6015\u4e0d\u6015\n|-damage|p2a: \u6015\u4e0d\u6015|94\/100\n|\n|upkeep\n|turn|9\n|\n|t:|1700973847\n|detailschange|p2a: \u6015\u4e0d\u6015|Mawile-Mega, M\n|-mega|p2a: \u6015\u4e0d\u6015|Mawile|Mawilite\n|move|p2a: \u6015\u4e0d\u6015|Swords Dance|p2a: \u6015\u4e0d\u6015\n|-boost|p2a: \u6015\u4e0d\u6015|atk|2\n|move|p1a: Pikachu|Brick Break|p2a: \u6015\u4e0d\u6015\n|-damage|p2a: \u6015\u4e0d\u6015|76\/100\n|\n|upkeep\n|turn|10\n|\n|t:|1700973855\n|move|p2a: \u6015\u4e0d\u6015|Sucker Punch|p1a: Pikachu\n|-damage|p1a: Pikachu|0 fnt\n|faint|p1a: Pikachu\n|\n|-fieldend|move: Trick Room\n|upkeep\n|\n|t:|1700973869\n|switch|p1a: Talonflame|Talonflame, M|56\/100\n|turn|11\n|\n|t:|1700973881\n|move|p2a: \u6015\u4e0d\u6015|Sucker Punch|p1a: Talonflame\n|-damage|p1a: Talonflame|0 fnt\n|faint|p1a: Talonflame\n|\n|upkeep\n|\n|t:|1700973894\n|switch|p1a: Goodra|Goodra, M|100\/100\n|turn|12\n|\n|t:|1700973899\n|move|p1a: Goodra|Fire Blast|p2a: \u6015\u4e0d\u6015|[miss]\n|-miss|p1a: Goodra|p2a: \u6015\u4e0d\u6015\n|move|p2a: \u6015\u4e0d\u6015|Play Rough|p1a: Goodra\n|-supereffective|p1a: Goodra\n|-damage|p1a: Goodra|0 fnt\n|faint|p1a: Goodra\n|\n|upkeep\n|\n|t:|1700973905\n|switch|p1a: Noivern|Noivern, M|100\/100\n|turn|13\n|\n|t:|1700973913\n|move|p1a: Noivern|Dark Pulse|p2a: \u6015\u4e0d\u6015\n|-resisted|p2a: \u6015\u4e0d\u6015\n|-damage|p2a: \u6015\u4e0d\u6015|62\/100\n|cant|p2a: \u6015\u4e0d\u6015|flinch\n|\n|upkeep\n|turn|14\n|\n|t:|1700973920\n|move|p1a: Noivern|Dark Pulse|p2a: \u6015\u4e0d\u6015\n|-resisted|p2a: \u6015\u4e0d\u6015\n|-damage|p2a: \u6015\u4e0d\u6015|47\/100\n|cant|p2a: \u6015\u4e0d\u6015|flinch\n|\n|upkeep\n|turn|15\n|\n|t:|1700973926\n|move|p2a: \u6015\u4e0d\u6015|Sucker Punch|p1a: Noivern\n|-damage|p1a: Noivern|0 fnt\n|faint|p1a: Noivern\n|\n|upkeep\n|\n|t:|1700973932\n|switch|p1a: Hawlucha|Hawlucha, M|100\/100\n|turn|16\n|\n|t:|1700973937\n|move|p1a: Hawlucha|Sky Attack||[still]\n|-prepare|p1a: Hawlucha|Sky Attack\n|-enditem|p1a: Hawlucha|Power Herb\n|-anim|p1a: Hawlucha|Sky Attack|p2a: \u6015\u4e0d\u6015\n|-resisted|p2a: \u6015\u4e0d\u6015\n|-damage|p2a: \u6015\u4e0d\u6015|16\/100\n|move|p2a: \u6015\u4e0d\u6015|Play Rough|p1a: Hawlucha\n|-supereffective|p1a: Hawlucha\n|-damage|p1a: Hawlucha|0 fnt\n|faint|p1a: Hawlucha\n|\n|win|bzjnb2333\n|raw|121coo's rating: 1089 &rarr; <strong>1064<\/strong><br \/>(-25 for losing)\n|raw|bzjnb2333's rating: 1064 &rarr; <strong>1097<\/strong><br \/>(+33 for winning)\n|l|\u2606121coo\n","uploadtime":1700973946,"views":1,"p1id":"121coo","p2id":"bzjnb2333","formatid":"gen9nationaldex","rating":1064,"private":0,"password":""}