{"id":"gen9nationaldex-1987639004","p1":"Tpd le Spew","p2":"lucasfbx","format":"[Gen 9] National Dex","log":"|j|\u2606Tpd le Spew\n|j|\u2606lucasfbx\n|t:|1699622737\n|gametype|singles\n|player|p1|Tpd le Spew|drayden|1577\n|player|p2|lucasfbx|wallace|1566\n|teamsize|p1|6\n|teamsize|p2|6\n|gen|9\n|tier|[Gen 9] National Dex\n|rated|\n|rule|HP Percentage Mod: HP is shown in percentages\n|rule|Endless Battle Clause: Forcing endless battles is banned\n|rule|OHKO Clause: OHKO moves are banned\n|rule|Evasion Clause: Evasion abilities, items, and moves are banned\n|rule|Evasion Abilities Clause: Evasion abilities are banned\n|rule|Evasion Items Clause: Evasion items are banned\n|rule|Evasion Moves Clause: Evasion moves are banned\n|rule|Species Clause: Limit one of each Pok\u00e9mon\n|rule|Sleep Clause Mod: Limit one foe put to sleep\n|clearpoke\n|poke|p1|Raikou|\n|poke|p1|Entei|\n|poke|p1|Suicune|\n|poke|p1|Celebi|\n|poke|p1|Tyranitar, F|\n|poke|p1|Skarmory, M|\n|poke|p2|Scizor, F|\n|poke|p2|Gliscor, F|\n|poke|p2|Alomomola, M|\n|poke|p2|Hatterene, F|\n|poke|p2|Heatran, F|\n|poke|p2|Ogerpon-Wellspring, F|\n|teampreview\n|c|\u2606Tpd le Spew|Glhf\n|inactive|Battle timer is ON: inactive players will automatically lose when time's up. (requested by lucasfbx)\n|\n|t:|1699622762\n|start\n|switch|p1a: Simba|Entei, shiny|100\/100\n|switch|p2a: Alomomola|Alomomola, M|100\/100\n|-ability|p1a: Simba|Pressure\n|turn|1\n|\n|t:|1699622770\n|switch|p1a: Moose|Suicune, shiny|100\/100\n|-ability|p1a: Moose|Pressure\n|move|p2a: Alomomola|Toxic|p1a: Moose\n|-status|p1a: Moose|tox\n|\n|-damage|p1a: Moose|94\/100 tox|[from] psn\n|upkeep\n|turn|2\n|\n|t:|1699622779\n|switch|p1a: Kubo|Raikou, shiny|100\/100\n|-ability|p1a: Kubo|Pressure\n|move|p2a: Alomomola|Flip Turn|p1a: Kubo\n|-damage|p1a: Kubo|79\/100\n|\n|t:|1699622786\n|switch|p2a: Gliscor|Gliscor, F|100\/100|[from] Flip Turn\n|\n|-heal|p1a: Kubo|85\/100|[from] item: Leftovers\n|-status|p2a: Gliscor|tox|[from] item: Toxic Orb\n|upkeep\n|turn|3\n|\n|t:|1699622799\n|move|p1a: Kubo|Substitute|p1a: Kubo\n|-start|p1a: Kubo|Substitute\n|-damage|p1a: Kubo|60\/100\n|move|p2a: Gliscor|Earthquake|p1a: Kubo\n|-supereffective|p1a: Kubo\n|-end|p1a: Kubo|Substitute\n|\n|-heal|p1a: Kubo|66\/100|[from] item: Leftovers\n|upkeep\n|turn|4\n|\n|t:|1699622806\n|move|p1a: Kubo|Protect|p1a: Kubo\n|-singleturn|p1a: Kubo|Protect\n|move|p2a: Gliscor|Earthquake|p1a: Kubo\n|-activate|p1a: Kubo|move: Protect\n|\n|-heal|p1a: Kubo|72\/100|[from] item: Leftovers\n|upkeep\n|turn|5\n|\n|t:|1699622816\n|switch|p1a: Moose|Suicune, shiny|94\/100 tox\n|-ability|p1a: Moose|Pressure\n|move|p2a: Gliscor|Earthquake|p1a: Moose\n|-damage|p1a: Moose|76\/100 tox\n|\n|-heal|p1a: Moose|82\/100 tox|[from] item: Leftovers\n|-damage|p1a: Moose|76\/100 tox|[from] psn\n|upkeep\n|turn|6\n|\n|t:|1699622834\n|switch|p2a: Ogerpon|Ogerpon-Wellspring, F|100\/100\n|switch|p1a: Kubo|Raikou, shiny|72\/100\n|-ability|p1a: Kubo|Pressure\n|\n|-heal|p1a: Kubo|79\/100|[from] item: Leftovers\n|upkeep\n|turn|7\n|\n|t:|1699622847\n|switch|p2a: Gliscor|Gliscor, F|100\/100 tox\n|move|p1a: Kubo|Substitute|p1a: Kubo\n|-start|p1a: Kubo|Substitute\n|-damage|p1a: Kubo|54\/100\n|\n|-heal|p1a: Kubo|60\/100|[from] item: Leftovers\n|upkeep\n|turn|8\n|\n|t:|1699622850\n|move|p1a: Kubo|Protect|p1a: Kubo\n|-singleturn|p1a: Kubo|Protect\n|move|p2a: Gliscor|Earthquake|p1a: Kubo\n|-activate|p1a: Kubo|move: Protect\n|\n|-heal|p1a: Kubo|66\/100|[from] item: Leftovers\n|upkeep\n|turn|9\n|\n|t:|1699622856\n|move|p1a: Kubo|Scald|p2a: Gliscor\n|-supereffective|p2a: Gliscor\n|-damage|p2a: Gliscor|63\/100 tox\n|move|p2a: Gliscor|Earthquake|p1a: Kubo\n|-supereffective|p1a: Kubo\n|-end|p1a: Kubo|Substitute\n|\n|-heal|p1a: Kubo|72\/100|[from] item: Leftovers\n|-heal|p2a: Gliscor|75\/100 tox|[from] ability: Poison Heal\n|upkeep\n|turn|10\n|\n|t:|1699622866\n|switch|p2a: Ogerpon|Ogerpon-Wellspring, F|100\/100\n|move|p1a: Kubo|Protect||[still]\n|-fail|p1a: Kubo\n|\n|-heal|p1a: Kubo|79\/100|[from] item: Leftovers\n|upkeep\n|turn|11\n|\n|t:|1699622879\n|switch|p1a: Scissors|Skarmory, M, shiny|100\/100\n|move|p2a: Ogerpon|Power Whip|p1a: Scissors\n|-resisted|p1a: Scissors\n|-damage|p1a: Scissors|91\/100\n|-damage|p2a: Ogerpon|84\/100|[from] item: Rocky Helmet|[of] p1a: Scissors\n|\n|upkeep\n|turn|12\n|\n|t:|1699622893\n|switch|p2a: Heatran|Heatran, F|100\/100\n|switch|p1a: Simba|Entei, shiny|100\/100\n|-ability|p1a: Simba|Pressure\n|\n|upkeep\n|turn|13\n|\n|t:|1699622903\n|switch|p2a: Gliscor|Gliscor, F|75\/100 tox\n|move|p1a: Simba|Curse|p1a: Simba\n|-unboost|p1a: Simba|spe|1\n|-boost|p1a: Simba|atk|1\n|-boost|p1a: Simba|def|1\n|\n|-heal|p2a: Gliscor|88\/100 tox|[from] ability: Poison Heal\n|upkeep\n|turn|14\n|j| spidercookie\n|\n|t:|1699622912\n|-terastallize|p1a: Simba|Normal\n|move|p2a: Gliscor|Toxic|p1a: Simba\n|-status|p1a: Simba|tox\n|move|p1a: Simba|Curse|p1a: Simba\n|-unboost|p1a: Simba|spe|1\n|-boost|p1a: Simba|atk|1\n|-boost|p1a: Simba|def|1\n|\n|-heal|p2a: Gliscor|100\/100 tox|[from] ability: Poison Heal\n|-damage|p1a: Simba|94\/100 tox|[from] psn\n|upkeep\n|turn|15\n|\n|t:|1699622926\n|move|p2a: Gliscor|Earthquake|p1a: Simba\n|-damage|p1a: Simba|80\/100 tox\n|move|p1a: Simba|Curse|p1a: Simba\n|-unboost|p1a: Simba|spe|1\n|-boost|p1a: Simba|atk|1\n|-boost|p1a: Simba|def|1\n|\n|-heal|p1a: Simba|86\/100 tox|[from] item: Leftovers\n|-damage|p1a: Simba|73\/100 tox|[from] psn\n|upkeep\n|turn|16\n|\n|t:|1699622938\n|move|p2a: Gliscor|Earthquake|p1a: Simba\n|-damage|p1a: Simba|61\/100 tox\n|move|p1a: Simba|Curse|p1a: Simba\n|-unboost|p1a: Simba|spe|1\n|-boost|p1a: Simba|atk|1\n|-boost|p1a: Simba|def|1\n|\n|-heal|p1a: Simba|67\/100 tox|[from] item: Leftovers\n|-damage|p1a: Simba|48\/100 tox|[from] psn\n|upkeep\n|turn|17\n|\n|t:|1699622946\n|move|p2a: Gliscor|Earthquake|p1a: Simba\n|-damage|p1a: Simba|38\/100 tox\n|move|p1a: Simba|Rest|p1a: Simba\n|-status|p1a: Simba|slp|[from] move: Rest\n|-heal|p1a: Simba|100\/100 slp|[silent]\n|\n|upkeep\n|turn|18\n|\n|t:|1699622961\n|switch|p2a: Hatterene|Hatterene, F|100\/100\n|cant|p1a: Simba|slp\n|\n|upkeep\n|turn|19\n|\n|t:|1699622969\n|move|p2a: Hatterene|Mystical Fire|p1a: Simba\n|-damage|p1a: Simba|84\/100 slp\n|-unboost|p1a: Simba|spa|1\n|cant|p1a: Simba|slp\n|\n|-heal|p1a: Simba|90\/100 slp|[from] item: Leftovers\n|upkeep\n|turn|20\n|\n|t:|1699622975\n|move|p2a: Hatterene|Draining Kiss|p1a: Simba\n|-damage|p1a: Simba|74\/100 slp\n|-curestatus|p1a: Simba|slp|[msg]\n|move|p1a: Simba|Curse|p1a: Simba\n|-unboost|p1a: Simba|spe|1\n|-boost|p1a: Simba|atk|1\n|-boost|p1a: Simba|def|1\n|\n|-heal|p1a: Simba|80\/100|[from] item: Leftovers\n|upkeep\n|turn|21\n|\n|t:|1699622983\n|switch|p2a: Gliscor|Gliscor, F|100\/100 tox\n|move|p1a: Simba|Curse|p1a: Simba\n|-unboost|p1a: Simba|spe|1\n|-boost|p1a: Simba|atk|1\n|-boost|p1a: Simba|def|1\n|\n|-heal|p1a: Simba|87\/100|[from] item: Leftovers\n|upkeep\n|turn|22\n|\n|t:|1699622991\n|move|p1a: Simba|Extreme Speed|p2a: Gliscor\n|-damage|p2a: Gliscor|4\/100 tox\n|move|p2a: Gliscor|Toxic|p1a: Simba\n|-status|p1a: Simba|tox\n|\n|-heal|p1a: Simba|93\/100 tox|[from] item: Leftovers\n|-heal|p2a: Gliscor|17\/100 tox|[from] ability: Poison Heal\n|-damage|p1a: Simba|87\/100 tox|[from] psn\n|upkeep\n|turn|23\n|\n|t:|1699623011\n|switch|p2a: Heatran|Heatran, F|100\/100\n|move|p1a: Simba|Extreme Speed|p2a: Heatran\n|-resisted|p2a: Heatran\n|-damage|p2a: Heatran|47\/100\n|\n|-heal|p2a: Heatran|53\/100|[from] item: Leftovers\n|-heal|p1a: Simba|93\/100 tox|[from] item: Leftovers\n|-damage|p1a: Simba|80\/100 tox|[from] psn\n|upkeep\n|turn|24\n|\n|t:|1699623015\n|move|p1a: Simba|Extreme Speed|p2a: Heatran\n|-resisted|p2a: Heatran\n|-damage|p2a: Heatran|2\/100\n|move|p2a: Heatran|Magma Storm|p1a: Simba|[miss]\n|-miss|p2a: Heatran|p1a: Simba\n|\n|-heal|p2a: Heatran|8\/100|[from] item: Leftovers\n|-heal|p1a: Simba|87\/100 tox|[from] item: Leftovers\n|-damage|p1a: Simba|68\/100 tox|[from] psn\n|upkeep\n|turn|25\n|\n|t:|1699623023\n|move|p1a: Simba|Extreme Speed|p2a: Heatran\n|-resisted|p2a: Heatran\n|-damage|p2a: Heatran|0 fnt\n|faint|p2a: Heatran\n|\n|-heal|p1a: Simba|74\/100 tox|[from] item: Leftovers\n|-damage|p1a: Simba|49\/100 tox|[from] psn\n|upkeep\n|\n|t:|1699623025\n|switch|p2a: Scizor|Scizor, F|100\/100\n|turn|26\n|\n|t:|1699623033\n|detailschange|p2a: Scizor|Scizor-Mega, F\n|-mega|p2a: Scizor|Scizor|Scizorite\n|move|p2a: Scizor|Roost||[still]\n|-fail|p2a: Scizor|heal\n|move|p1a: Simba|Rest|p1a: Simba\n|-status|p1a: Simba|slp|[from] move: Rest\n|-heal|p1a: Simba|100\/100 slp|[silent]\n|\n|upkeep\n|turn|27\n|\n|t:|1699623037\n|move|p2a: Scizor|Swords Dance|p2a: Scizor\n|-boost|p2a: Scizor|atk|2\n|cant|p1a: Simba|slp\n|\n|upkeep\n|turn|28\n|\n|t:|1699623040\n|move|p2a: Scizor|Swords Dance|p2a: Scizor\n|-boost|p2a: Scizor|atk|2\n|cant|p1a: Simba|slp\n|\n|upkeep\n|turn|29\n|\n|t:|1699623042\n|move|p2a: Scizor|Swords Dance|p2a: Scizor\n|-boost|p2a: Scizor|atk|2\n|-curestatus|p1a: Simba|slp|[msg]\n|move|p1a: Simba|Sacred Fire|p2a: Scizor\n|-supereffective|p2a: Scizor\n|-damage|p2a: Scizor|0 fnt\n|faint|p2a: Scizor\n|\n|upkeep\n|-message|lucasfbx forfeited.\n|\n|win|Tpd le Spew\n|raw|Tpd le Spew's rating: 1577 &rarr; <strong>1596<\/strong><br \/>(+19 for winning)\n|raw|lucasfbx's rating: 1566 &rarr; <strong>1547<\/strong><br \/>(-19 for losing)\n|l|\u2606lucasfbx\n","uploadtime":1699623058,"views":17,"p1id":"tpdlespew","p2id":"lucasfbx","formatid":"gen9nationaldex","rating":1547,"private":0,"password":""}