{"id":"gen9nationaldex-1993437412","p1":"Percy_Valdez","p2":"runeatest","format":"[Gen 9] National Dex","log":"|j|\u2606Percy_Valdez\n|j|\u2606runeatest\n|t:|1700317821\n|gametype|singles\n|player|p1|Percy_Valdez|lucas|1064\n|player|p2|runeatest|fisherman-gen4|1104\n|teamsize|p1|6\n|teamsize|p2|6\n|gen|9\n|tier|[Gen 9] National Dex\n|rated|\n|rule|HP Percentage Mod: HP is shown in percentages\n|rule|Endless Battle Clause: Forcing endless battles is banned\n|rule|OHKO Clause: OHKO moves are banned\n|rule|Evasion Clause: Evasion abilities, items, and moves are banned\n|rule|Evasion Abilities Clause: Evasion abilities are banned\n|rule|Evasion Items Clause: Evasion items are banned\n|rule|Evasion Moves Clause: Evasion moves are banned\n|rule|Species Clause: Limit one of each Pok\u00e9mon\n|rule|Sleep Clause Mod: Limit one foe put to sleep\n|clearpoke\n|poke|p1|Ferrothorn, F|\n|poke|p1|Kommo-o, F|\n|poke|p1|Corviknight, F|\n|poke|p1|Lopunny, M|\n|poke|p1|Tapu Lele|\n|poke|p1|Thundurus-Therian, M|\n|poke|p2|Vaporeon, M|\n|poke|p2|Salamence, M|\n|poke|p2|Hitmontop, M|\n|poke|p2|Electivire, M|\n|poke|p2|Togekiss, M|\n|poke|p2|Houndoom, M|\n|teampreview\n|inactive|Battle timer is ON: inactive players will automatically lose when time's up. (requested by runeatest)\n|\n|t:|1700317836\n|start\n|switch|p1a: Ferrothorn|Ferrothorn, F|100\/100\n|switch|p2a: Salamence|Salamence, M|100\/100\n|-ability|p2a: Salamence|Intimidate|boost\n|-unboost|p1a: Ferrothorn|atk|1\n|turn|1\n|\n|t:|1700317849\n|move|p2a: Salamence|Flamethrower|p1a: Ferrothorn\n|-supereffective|p1a: Ferrothorn\n|-damage|p1a: Ferrothorn|0 fnt\n|faint|p1a: Ferrothorn\n|\n|upkeep\n|\n|t:|1700317868\n|switch|p1a: Tapu Lele|Tapu Lele|100\/100\n|-fieldstart|move: Psychic Terrain|[from] ability: Psychic Surge|[of] p1a: Tapu Lele\n|turn|2\n|\n|t:|1700317878\n|-terastallize|p2a: Salamence|Fire\n|move|p2a: Salamence|Flamethrower|p1a: Tapu Lele\n|-crit|p1a: Tapu Lele\n|-damage|p1a: Tapu Lele|0 fnt\n|faint|p1a: Tapu Lele\n|\n|upkeep\n|\n|t:|1700317894\n|switch|p1a: Thundurus|Thundurus-Therian, M|100\/100\n|turn|3\n|\n|t:|1700317899\n|switch|p2a: Electivire|Electivire, M, shiny|100\/100\n|-item|p2a: Electivire|Air Balloon\n|move|p1a: Thundurus|Sludge Bomb|p2a: Electivire\n|-damage|p2a: Electivire|59\/100\n|-status|p2a: Electivire|psn\n|-enditem|p2a: Electivire|Air Balloon\n|\n|-damage|p2a: Electivire|47\/100 psn|[from] psn\n|upkeep\n|turn|4\n|\n|t:|1700317911\n|move|p1a: Thundurus|Sludge Bomb|p2a: Electivire\n|-damage|p2a: Electivire|2\/100 psn\n|move|p2a: Electivire|Ice Punch|p1a: Thundurus\n|-supereffective|p1a: Thundurus\n|-damage|p1a: Thundurus|12\/100\n|\n|-heal|p1a: Thundurus|18\/100|[from] item: Leftovers\n|-damage|p2a: Electivire|0 fnt|[from] psn\n|faint|p2a: Electivire\n|upkeep\n|\n|t:|1700317921\n|switch|p2a: Hitmontop|Hitmontop, M|100\/100\n|turn|5\n|\n|t:|1700317930\n|move|p1a: Thundurus|Volt Switch|p2a: Hitmontop\n|-damage|p2a: Hitmontop|48\/100\n|\n|t:|1700317936\n|switch|p1a: Corviknight|Corviknight, F|100\/100|[from] Volt Switch\n|move|p2a: Hitmontop|Rapid Spin|p1a: Corviknight\n|-resisted|p1a: Corviknight\n|-damage|p1a: Corviknight|89\/100\n|-boost|p2a: Hitmontop|spe|1\n|\n|-heal|p1a: Corviknight|95\/100|[from] item: Leftovers\n|upkeep\n|turn|6\n|\n|t:|1700317946\n|switch|p2a: Salamence|Salamence, M, tera:Fire|100\/100\n|-ability|p2a: Salamence|Intimidate|boost\n|-ability|p1a: Corviknight|Mirror Armor\n|-unboost|p2a: Salamence|atk|1\n|move|p1a: Corviknight|Brave Bird|p2a: Salamence\n|-damage|p2a: Salamence|38\/100\n|-damage|p1a: Corviknight|75\/100|[from] Recoil\n|\n|-heal|p1a: Corviknight|81\/100|[from] item: Leftovers\n|-fieldend|move: Psychic Terrain\n|upkeep\n|turn|7\n|\n|t:|1700317964\n|move|p2a: Salamence|Flamethrower|p1a: Corviknight\n|-supereffective|p1a: Corviknight\n|-damage|p1a: Corviknight|0 fnt\n|faint|p1a: Corviknight\n|\n|upkeep\n|\n|t:|1700317973\n|switch|p1a: Lopunny|Lopunny, M|100\/100\n|turn|8\n|\n|t:|1700317979\n|detailschange|p1a: Lopunny|Lopunny-Mega, M\n|-mega|p1a: Lopunny|Lopunny|Lopunnite\n|move|p1a: Lopunny|Return|p2a: Salamence\n|-damage|p2a: Salamence|0 fnt\n|faint|p2a: Salamence\n|\n|upkeep\n|\n|t:|1700317985\n|switch|p2a: Togekiss|Togekiss, M, shiny|100\/100\n|turn|9\n|\n|t:|1700317991\n|move|p1a: Lopunny|Return|p2a: Togekiss\n|-damage|p2a: Togekiss|43\/100\n|move|p2a: Togekiss|Thunder Wave|p1a: Lopunny\n|-status|p1a: Lopunny|par\n|\n|upkeep\n|turn|10\n|\n|t:|1700317999\n|move|p2a: Togekiss|Air Slash|p1a: Lopunny\n|-supereffective|p1a: Lopunny\n|-damage|p1a: Lopunny|3\/100 par\n|cant|p1a: Lopunny|flinch\n|\n|upkeep\n|turn|11\n|\n|t:|1700318009\n|move|p2a: Togekiss|Dazzling Gleam|p1a: Lopunny\n|-supereffective|p1a: Lopunny\n|-damage|p1a: Lopunny|0 fnt\n|faint|p1a: Lopunny\n|\n|upkeep\n|\n|t:|1700318014\n|switch|p1a: Thundurus|Thundurus-Therian, M|18\/100\n|turn|12\n|\n|t:|1700318021\n|switch|p2a: Hitmontop|Hitmontop, M|48\/100\n|move|p1a: Thundurus|Thunderbolt|p2a: Hitmontop\n|-damage|p2a: Hitmontop|0 fnt\n|faint|p2a: Hitmontop\n|\n|-heal|p1a: Thundurus|24\/100|[from] item: Leftovers\n|upkeep\n|\n|t:|1700318028\n|switch|p2a: Houndoom|Houndoom, M|100\/100\n|turn|13\n|\n|t:|1700318037\n|move|p1a: Thundurus|Thunderbolt|p2a: Houndoom\n|-damage|p2a: Houndoom|28\/100\n|move|p2a: Houndoom|Flamethrower|p1a: Thundurus\n|-damage|p1a: Thundurus|0 fnt\n|faint|p1a: Thundurus\n|\n|upkeep\n|\n|t:|1700318044\n|switch|p1a: Kommo-o|Kommo-o, F|100\/100\n|turn|14\n|\n|t:|1700318055\n|move|p2a: Houndoom|Sludge Bomb|p1a: Kommo-o\n|-damage|p1a: Kommo-o|72\/100\n|-zpower|p1a: Kommo-o\n|move|p1a: Kommo-o|Clangorous Soulblaze|p2a: Houndoom|[zeffect]\n|-damage|p2a: Houndoom|0 fnt\n|faint|p2a: Houndoom\n|-boost|p1a: Kommo-o|atk|1\n|-boost|p1a: Kommo-o|def|1\n|-boost|p1a: Kommo-o|spa|1\n|-boost|p1a: Kommo-o|spd|1\n|-boost|p1a: Kommo-o|spe|1\n|\n|upkeep\n|\n|t:|1700318068\n|switch|p2a: Togekiss|Togekiss, M, shiny|43\/100\n|turn|15\n|\n|t:|1700318073\n|move|p1a: Kommo-o|Boomburst|p2a: Togekiss\n|-damage|p2a: Togekiss|0 fnt\n|faint|p2a: Togekiss\n|\n|upkeep\n|\n|t:|1700318077\n|switch|p2a: Vaporeon|Vaporeon, M|100\/100\n|turn|16\n|\n|t:|1700318081\n|move|p1a: Kommo-o|Clanging Scales|p2a: Vaporeon\n|-damage|p2a: Vaporeon|26\/100\n|-unboost|p1a: Kommo-o|def|1\n|move|p2a: Vaporeon|Hydro Pump|p1a: Kommo-o\n|-resisted|p1a: Kommo-o\n|-damage|p1a: Kommo-o|56\/100\n|\n|-heal|p2a: Vaporeon|32\/100|[from] item: Leftovers\n|upkeep\n|turn|17\n|-message|runeatest forfeited.\n|\n|win|Percy_Valdez\n|raw|Percy_Valdez's rating: 1064 &rarr; <strong>1098<\/strong><br \/>(+34 for winning)\n|raw|runeatest's rating: 1104 &rarr; <strong>1076<\/strong><br \/>(-28 for losing)\n|l|\u2606runeatest\n","uploadtime":1700318096,"views":18,"p1id":"percyvaldez","p2id":"runeatest","formatid":"gen9nationaldex","rating":1076,"private":0,"password":""}