{"id":"gen9nationaldex-1990201397","p1":"Zer0king","p2":"Cornepum","format":"[Gen 9] National Dex","log":"|j|\u2606Zer0king\n|j|\u2606Cornepum\n|t:|1699936561\n|gametype|singles\n|player|p1|Zer0king|alder|1109\n|player|p2|Cornepum|170|1034\n|teamsize|p1|6\n|teamsize|p2|6\n|gen|9\n|tier|[Gen 9] National Dex\n|rated|\n|rule|HP Percentage Mod: HP is shown in percentages\n|rule|Endless Battle Clause: Forcing endless battles is banned\n|rule|OHKO Clause: OHKO moves are banned\n|rule|Evasion Clause: Evasion abilities, items, and moves are banned\n|rule|Evasion Abilities Clause: Evasion abilities are banned\n|rule|Evasion Items Clause: Evasion items are banned\n|rule|Evasion Moves Clause: Evasion moves are banned\n|rule|Species Clause: Limit one of each Pok\u00e9mon\n|rule|Sleep Clause Mod: Limit one foe put to sleep\n|clearpoke\n|poke|p1|Appletun, F|\n|poke|p1|Ceruledge, M|\n|poke|p1|Alomomola, M|\n|poke|p1|Blaziken, M|\n|poke|p1|Kilowattrel, M|\n|poke|p1|Malamar, F|\n|poke|p2|Chandelure, M|\n|poke|p2|Inteleon, M|\n|poke|p2|Ting-Lu|\n|poke|p2|Venusaur, F|\n|poke|p2|Togekiss, F|\n|poke|p2|Zapdos-Galar|\n|teampreview\n|\n|t:|1699936571\n|start\n|switch|p1a: Blaziken|Blaziken, M|100\/100\n|switch|p2a: Zapdos|Zapdos-Galar|100\/100\n|turn|1\n|inactive|Battle timer is ON: inactive players will automatically lose when time's up. (requested by Cornepum)\n|\n|t:|1699936579\n|move|p2a: Zapdos|Drill Peck|p1a: Blaziken\n|-supereffective|p1a: Blaziken\n|-enditem|p1a: Blaziken|Focus Sash\n|-damage|p1a: Blaziken|1\/100\n|move|p1a: Blaziken|Bulk Up|p1a: Blaziken\n|-boost|p1a: Blaziken|atk|1\n|-boost|p1a: Blaziken|def|1\n|\n|-ability|p1a: Blaziken|Speed Boost|boost\n|-boost|p1a: Blaziken|spe|1\n|upkeep\n|turn|2\n|\n|t:|1699936593\n|-terastallize|p1a: Blaziken|Flying\n|move|p1a: Blaziken|Acrobatics|p2a: Zapdos\n|-supereffective|p2a: Zapdos\n|-damage|p2a: Zapdos|0 fnt\n|faint|p2a: Zapdos\n|\n|-ability|p1a: Blaziken|Speed Boost|boost\n|-boost|p1a: Blaziken|spe|1\n|upkeep\n|\n|t:|1699936608\n|switch|p2a: Inteleon|Inteleon, M|100\/100\n|turn|3\n|\n|t:|1699936615\n|move|p1a: Blaziken|Acrobatics|p2a: Inteleon\n|-damage|p2a: Inteleon|0 fnt\n|faint|p2a: Inteleon\n|\n|-ability|p1a: Blaziken|Speed Boost|boost\n|-boost|p1a: Blaziken|spe|1\n|upkeep\n|\n|t:|1699936618\n|switch|p2a: Ting-Lu|Ting-Lu|100\/100\n|-ability|p2a: Ting-Lu|Vessel of Ruin\n|turn|4\n|\n|t:|1699936629\n|move|p1a: Blaziken|Close Combat|p2a: Ting-Lu\n|-supereffective|p2a: Ting-Lu\n|-damage|p2a: Ting-Lu|20\/100\n|-unboost|p1a: Blaziken|def|1\n|-unboost|p1a: Blaziken|spd|1\n|move|p2a: Ting-Lu|Spikes|p1a: Blaziken\n|-sidestart|p1: Zer0king|Spikes\n|\n|-heal|p2a: Ting-Lu|26\/100|[from] item: Leftovers\n|-ability|p1a: Blaziken|Speed Boost|boost\n|-boost|p1a: Blaziken|spe|1\n|upkeep\n|turn|5\n|\n|t:|1699936644\n|move|p1a: Blaziken|Close Combat|p2a: Ting-Lu\n|-supereffective|p2a: Ting-Lu\n|-damage|p2a: Ting-Lu|0 fnt\n|-unboost|p1a: Blaziken|def|1\n|-unboost|p1a: Blaziken|spd|1\n|faint|p2a: Ting-Lu\n|\n|-ability|p1a: Blaziken|Speed Boost|boost\n|-boost|p1a: Blaziken|spe|1\n|upkeep\n|\n|t:|1699936646\n|switch|p2a: Togekiss|Togekiss, F|100\/100\n|turn|6\n|\n|t:|1699936658\n|move|p1a: Blaziken|Knock Off|p2a: Togekiss\n|-resisted|p2a: Togekiss\n|-damage|p2a: Togekiss|70\/100\n|-enditem|p2a: Togekiss|Choice Scarf|[from] move: Knock Off|[of] p1a: Blaziken\n|move|p2a: Togekiss|Air Slash|p1a: Blaziken\n|-damage|p1a: Blaziken|0 fnt\n|faint|p1a: Blaziken\n|\n|upkeep\n|\n|t:|1699936678\n|switch|p1a: Kilowattrel|Kilowattrel, M|100\/100\n|turn|7\n|\n|t:|1699936684\n|-terastallize|p2a: Togekiss|Fairy\n|move|p1a: Kilowattrel|Thunderbolt|p2a: Togekiss\n|-damage|p2a: Togekiss|28\/100\n|move|p2a: Togekiss|Air Slash|p1a: Kilowattrel\n|-resisted|p1a: Kilowattrel\n|-crit|p1a: Kilowattrel\n|-damage|p1a: Kilowattrel|50\/100\n|\n|upkeep\n|turn|8\n|\n|t:|1699936697\n|switch|p2a: Venusaur|Venusaur, F|100\/100\n|move|p1a: Kilowattrel|Volt Switch|p2a: Venusaur\n|-resisted|p2a: Venusaur\n|-damage|p2a: Venusaur|85\/100\n|\n|t:|1699936703\n|switch|p1a: Ceruledge|Ceruledge, M|100\/100|[from] Volt Switch\n|-damage|p1a: Ceruledge|88\/100|[from] Spikes\n|\n|upkeep\n|turn|9\n|\n|t:|1699936712\n|detailschange|p2a: Venusaur|Venusaur-Mega, F\n|-mega|p2a: Venusaur|Venusaur|Venusaurite\n|move|p1a: Ceruledge|Bitter Blade|p2a: Venusaur\n|-supereffective|p2a: Venusaur\n|-damage|p2a: Venusaur|57\/100\n|-heal|p1a: Ceruledge|100\/100|[from] drain|[of] p2a: Venusaur\n|move|p2a: Venusaur|Sludge Bomb|p1a: Ceruledge\n|-resisted|p1a: Ceruledge\n|-damage|p1a: Ceruledge|79\/100\n|\n|upkeep\n|turn|10\n|\n|t:|1699936723\n|move|p1a: Ceruledge|Bitter Blade|p2a: Venusaur\n|-supereffective|p2a: Venusaur\n|-damage|p2a: Venusaur|30\/100\n|-heal|p1a: Ceruledge|96\/100|[from] drain|[of] p2a: Venusaur\n|move|p2a: Venusaur|Toxic|p1a: Ceruledge\n|-status|p1a: Ceruledge|tox\n|\n|-damage|p1a: Ceruledge|90\/100 tox|[from] psn\n|upkeep\n|turn|11\n|\n|t:|1699936734\n|move|p1a: Ceruledge|Bitter Blade|p2a: Venusaur\n|-supereffective|p2a: Venusaur\n|-damage|p2a: Venusaur|3\/100\n|-heal|p1a: Ceruledge|100\/100 tox|[from] drain|[of] p2a: Venusaur\n|move|p2a: Venusaur|Leech Seed|p1a: Ceruledge\n|-start|p1a: Ceruledge|move: Leech Seed\n|\n|-damage|p1a: Ceruledge|88\/100 tox|[from] Leech Seed|[of] p2a: Venusaur\n|-heal|p2a: Venusaur|13\/100|[silent]\n|-damage|p1a: Ceruledge|76\/100 tox|[from] psn\n|upkeep\n|turn|12\n|\n|t:|1699936745\n|move|p1a: Ceruledge|Bitter Blade|p2a: Venusaur\n|-supereffective|p2a: Venusaur\n|-damage|p2a: Venusaur|0 fnt\n|-heal|p1a: Ceruledge|84\/100 tox|[from] drain|[of] p2a: Venusaur\n|faint|p2a: Venusaur\n|\n|-damage|p1a: Ceruledge|65\/100 tox|[from] psn\n|upkeep\n|\n|t:|1699936754\n|switch|p2a: Chandelure|Chandelure, M|100\/100\n|turn|13\n|\n|t:|1699936759\n|move|p1a: Ceruledge|Close Combat|p2a: Chandelure\n|-immune|p2a: Chandelure\n|move|p2a: Chandelure|Hex|p1a: Ceruledge\n|-supereffective|p1a: Ceruledge\n|-damage|p1a: Ceruledge|0 fnt\n|faint|p1a: Ceruledge\n|\n|upkeep\n|\n|t:|1699936768\n|switch|p1a: Alomomola|Alomomola, M|100\/100\n|turn|14\n|\n|t:|1699936772\n|move|p2a: Chandelure|Calm Mind|p2a: Chandelure\n|-boost|p2a: Chandelure|spa|1\n|-boost|p2a: Chandelure|spd|1\n|move|p1a: Alomomola|Toxic|p2a: Chandelure|[miss]\n|-miss|p1a: Alomomola|p2a: Chandelure\n|\n|upkeep\n|turn|15\n|\n|t:|1699936781\n|move|p2a: Chandelure|Will-O-Wisp|p1a: Alomomola\n|-status|p1a: Alomomola|brn\n|move|p1a: Alomomola|Toxic|p2a: Chandelure\n|-status|p2a: Chandelure|tox\n|\n|-damage|p2a: Chandelure|94\/100 tox|[from] psn\n|-damage|p1a: Alomomola|94\/100 brn|[from] brn\n|upkeep\n|turn|16\n|\n|t:|1699936793\n|move|p2a: Chandelure|Calm Mind|p2a: Chandelure\n|-boost|p2a: Chandelure|spa|1\n|-boost|p2a: Chandelure|spd|1\n|move|p1a: Alomomola|Wish|p1a: Alomomola\n|\n|-damage|p2a: Chandelure|82\/100 tox|[from] psn\n|-damage|p1a: Alomomola|88\/100 brn|[from] brn\n|upkeep\n|turn|17\n|\n|t:|1699936804\n|move|p1a: Alomomola|Protect|p1a: Alomomola\n|-singleturn|p1a: Alomomola|Protect\n|move|p2a: Chandelure|Calm Mind|p2a: Chandelure\n|-boost|p2a: Chandelure|spa|1\n|-boost|p2a: Chandelure|spd|1\n|\n|-heal|p1a: Alomomola|100\/100 brn|[from] move: Wish|[wisher] Alomomola\n|-damage|p2a: Chandelure|64\/100 tox|[from] psn\n|-damage|p1a: Alomomola|94\/100 brn|[from] brn\n|upkeep\n|turn|18\n|\n|t:|1699936816\n|move|p2a: Chandelure|Hex|p1a: Alomomola\n|-damage|p1a: Alomomola|0 fnt\n|faint|p1a: Alomomola\n|\n|-damage|p2a: Chandelure|39\/100 tox|[from] psn\n|upkeep\n|\n|t:|1699936825\n|switch|p1a: Kilowattrel|Kilowattrel, M|50\/100\n|turn|19\n|\n|t:|1699936829\n|move|p1a: Kilowattrel|Hurricane|p2a: Chandelure|[miss]\n|-miss|p1a: Kilowattrel|p2a: Chandelure\n|move|p2a: Chandelure|Hex|p1a: Kilowattrel\n|-damage|p1a: Kilowattrel|0 fnt\n|faint|p1a: Kilowattrel\n|\n|-damage|p2a: Chandelure|9\/100 tox|[from] psn\n|upkeep\n|\n|t:|1699936840\n|switch|p1a: Malamar|Malamar, F|100\/100\n|-damage|p1a: Malamar|88\/100|[from] Spikes\n|turn|20\n|\n|t:|1699936846\n|move|p2a: Chandelure|Hex|p1a: Malamar\n|-damage|p1a: Malamar|0 fnt\n|faint|p1a: Malamar\n|\n|-damage|p2a: Chandelure|0 fnt|[from] psn\n|faint|p2a: Chandelure\n|upkeep\n|\n|t:|1699936854\n|switch|p2a: Togekiss|Togekiss, F, tera:Fairy|28\/100\n|switch|p1a: Appletun|Appletun, F|100\/100\n|-damage|p1a: Appletun|88\/100|[from] Spikes\n|turn|21\n|\n|t:|1699936866\n|move|p2a: Togekiss|Dazzling Gleam|p1a: Appletun\n|-supereffective|p1a: Appletun\n|-damage|p1a: Appletun|17\/100\n|-enditem|p1a: Appletun|Aguav Berry|[eat]\n|-heal|p1a: Appletun|51\/100|[from] item: Aguav Berry\n|move|p1a: Appletun|Apple Acid|p2a: Togekiss\n|-damage|p2a: Togekiss|4\/100\n|-unboost|p2a: Togekiss|spd|1\n|\n|upkeep\n|turn|22\n|\n|t:|1699936877\n|move|p1a: Appletun|Protect|p1a: Appletun\n|-singleturn|p1a: Appletun|Protect\n|move|p2a: Togekiss|Dazzling Gleam|p1a: Appletun\n|-activate|p1a: Appletun|move: Protect\n|\n|upkeep\n|turn|23\n|\n|t:|1699936898\n|move|p2a: Togekiss|Air Slash|p1a: Appletun\n|-supereffective|p1a: Appletun\n|-damage|p1a: Appletun|5\/100\n|cant|p1a: Appletun|flinch\n|\n|upkeep\n|turn|24\n|\n|t:|1699936905\n|move|p1a: Appletun|Protect|p1a: Appletun\n|-singleturn|p1a: Appletun|Protect\n|move|p2a: Togekiss|Air Slash|p1a: Appletun\n|-activate|p1a: Appletun|move: Protect\n|\n|upkeep\n|turn|25\n|\n|t:|1699936911\n|move|p2a: Togekiss|Dazzling Gleam|p1a: Appletun\n|-supereffective|p1a: Appletun\n|-damage|p1a: Appletun|0 fnt\n|faint|p1a: Appletun\n|\n|win|Cornepum\n|raw|Zer0king's rating: 1109 &rarr; <strong>1079<\/strong><br \/>(-30 for losing)\n|raw|Cornepum's rating: 1034 &rarr; <strong>1076<\/strong><br \/>(+42 for winning)\n","uploadtime":1699936917,"views":14,"p1id":"zer0king","p2id":"cornepum","formatid":"gen9nationaldex","rating":1076,"private":0,"password":""}