{"id":"gen9nationaldex-1998158287","p1":"bayekh to za top","p2":"baigu2","format":"[Gen 9] National Dex","log":"|html|<div class=\"broadcast-blue\"><strong>[Gen 9] National Dex is currently suspecting Sneasler! For information on how to participate check out the <a href=\"https:\/\/www.smogon.com\/forums\/threads\/sv-national-dex-suspect-8-just-dance.3731534\/\">suspect thread<\/a>.<\/strong><\/div>\n|j|\u2606bayekh to za top\n|j|\u2606baigu2\n|t:|1700902861\n|gametype|singles\n|player|p1|bayekh to za top|hooligans|1697\n|player|p2|baigu2|265|1788\n|teamsize|p1|6\n|teamsize|p2|6\n|gen|9\n|tier|[Gen 9] National Dex\n|rated|\n|rule|HP Percentage Mod: HP is shown in percentages\n|rule|Endless Battle Clause: Forcing endless battles is banned\n|rule|OHKO Clause: OHKO moves are banned\n|rule|Evasion Clause: Evasion abilities, items, and moves are banned\n|rule|Evasion Abilities Clause: Evasion abilities are banned\n|rule|Evasion Items Clause: Evasion items are banned\n|rule|Evasion Moves Clause: Evasion moves are banned\n|rule|Species Clause: Limit one of each Pok\u00e9mon\n|rule|Sleep Clause Mod: Limit one foe put to sleep\n|clearpoke\n|poke|p1|Tapu Lele|\n|poke|p1|Urshifu-*, M|\n|poke|p1|Gliscor, M|\n|poke|p1|Zapdos|\n|poke|p1|Kyurem|\n|poke|p1|Ferrothorn, F|\n|poke|p2|Ursaluna, F|\n|poke|p2|Slowking, M|\n|poke|p2|Corviknight, F|\n|poke|p2|Hoopa-Unbound|\n|poke|p2|Dragonite, M|\n|poke|p2|Tapu Koko|\n|teampreview\n|\n|t:|1700902909\n|start\n|switch|p1a: Urshifu|Urshifu-Rapid-Strike, M|100\/100\n|switch|p2a: Tapu Koko|Tapu Koko|100\/100\n|-fieldstart|move: Electric Terrain|[from] ability: Electric Surge|[of] p2a: Tapu Koko\n|turn|1\n|\n|t:|1700902919\n|switch|p2a: Corviknight|Corviknight, F|100\/100\n|-ability|p2a: Corviknight|Pressure\n|move|p1a: Urshifu|U-turn|p2a: Corviknight\n|-resisted|p2a: Corviknight\n|-damage|p2a: Corviknight|97\/100\n|-damage|p1a: Urshifu|84\/100|[from] item: Rocky Helmet|[of] p2a: Corviknight\n|\n|t:|1700902927\n|switch|p1a: Zapdos|Zapdos|100\/100|[from] U-turn\n|\n|upkeep\n|turn|2\n|\n|t:|1700902931\n|switch|p2a: Slowking|Slowking, M|100\/100\n|move|p1a: Zapdos|Hurricane|p2a: Slowking|[miss]\n|-miss|p1a: Zapdos|p2a: Slowking\n|\n|upkeep\n|turn|3\n|\n|t:|1700902936\n|move|p1a: Zapdos|Volt Switch|p2a: Slowking\n|-supereffective|p2a: Slowking\n|-damage|p2a: Slowking|66\/100\n|\n|t:|1700902952\n|switch|p1a: Ferrothorn|Ferrothorn, F|100\/100|[from] Volt Switch\n|move|p2a: Slowking|Trick Room|p2a: Slowking\n|-fieldstart|move: Trick Room|[of] p2a: Slowking\n|\n|upkeep\n|turn|4\n|inactive|Battle timer is ON: inactive players will automatically lose when time's up. (requested by baigu2)\n|\n|t:|1700902961\n|switch|p2a: Hoopa|Hoopa-Unbound|100\/100\n|move|p1a: Ferrothorn|Stealth Rock|p2a: Hoopa\n|-sidestart|p2: baigu2|move: Stealth Rock\n|\n|upkeep\n|turn|5\n|\n|t:|1700902979\n|switch|p1a: Gliscor|Gliscor, M|100\/100\n|-zpower|p2a: Hoopa\n|move|p2a: Hoopa|All-Out Pummeling|p1a: Gliscor|[zeffect]\n|-resisted|p1a: Gliscor\n|-damage|p1a: Gliscor|70\/100\n|\n|-fieldend|move: Electric Terrain\n|-status|p1a: Gliscor|tox|[from] item: Toxic Orb\n|upkeep\n|turn|6\n|\n|t:|1700903003\n|move|p1a: Gliscor|Roost|p1a: Gliscor\n|-heal|p1a: Gliscor|100\/100 tox\n|-singleturn|p1a: Gliscor|move: Roost\n|move|p2a: Hoopa|Psychic|p1a: Gliscor\n|-damage|p1a: Gliscor|50\/100 tox\n|\n|-heal|p1a: Gliscor|63\/100 tox|[from] ability: Poison Heal\n|upkeep\n|turn|7\n|inactive|bayekh to za top has 120 seconds left.\n|\n|t:|1700903018\n|move|p1a: Gliscor|Roost|p1a: Gliscor\n|-heal|p1a: Gliscor|100\/100 tox\n|-singleturn|p1a: Gliscor|move: Roost\n|move|p2a: Hoopa|Nasty Plot|p2a: Hoopa\n|-boost|p2a: Hoopa|spa|2\n|\n|-fieldend|move: Trick Room\n|upkeep\n|turn|8\n|inactive|bayekh to za top has 120 seconds left.\n|\n|t:|1700903058\n|move|p2a: Hoopa|Psychic|p1a: Gliscor\n|-damage|p1a: Gliscor|7\/100 tox\n|move|p1a: Gliscor|Earthquake|p2a: Hoopa\n|-damage|p2a: Hoopa|34\/100\n|\n|-heal|p1a: Gliscor|19\/100 tox|[from] ability: Poison Heal\n|upkeep\n|turn|9\n|inactive|bayekh to za top has 90 seconds left.\n|\n|t:|1700903074\n|move|p2a: Hoopa|Psychic|p1a: Gliscor\n|-damage|p1a: Gliscor|0 fnt\n|faint|p1a: Gliscor\n|\n|upkeep\n|\n|t:|1700903076\n|switch|p1a: Tapu Lele|Tapu Lele|100\/100\n|-fieldstart|move: Psychic Terrain|[from] ability: Psychic Surge|[of] p1a: Tapu Lele\n|turn|10\n|\n|t:|1700903082\n|switch|p2a: Slowking|Slowking, M|99\/100\n|move|p1a: Tapu Lele|Moonblast|p2a: Slowking\n|-damage|p2a: Slowking|70\/100\n|\n|upkeep\n|turn|11\n|\n|t:|1700903090\n|switch|p1a: Kyurem|Kyurem|100\/100\n|-ability|p1a: Kyurem|Pressure\n|move|p2a: Slowking|Teleport|p2a: Slowking\n|\n|t:|1700903095\n|switch|p2a: Tapu Koko|Tapu Koko|100\/100|[from] Teleport\n|-damage|p2a: Tapu Koko|88\/100|[from] Stealth Rock\n|-fieldstart|move: Electric Terrain|[from] ability: Electric Surge|[of] p2a: Tapu Koko\n|\n|upkeep\n|turn|12\n|\n|t:|1700903102\n|switch|p1a: Ferrothorn|Ferrothorn, F|100\/100\n|move|p2a: Tapu Koko|Dazzling Gleam|p1a: Ferrothorn\n|-resisted|p1a: Ferrothorn\n|-damage|p1a: Ferrothorn|81\/100\n|\n|-heal|p1a: Ferrothorn|87\/100|[from] item: Leftovers\n|upkeep\n|turn|13\n|inactive|bayekh to za top has 120 seconds left.\n|\n|t:|1700903118\n|switch|p2a: Corviknight|Corviknight, F|97\/100\n|-damage|p2a: Corviknight|84\/100|[from] Stealth Rock\n|-ability|p2a: Corviknight|Pressure\n|move|p1a: Ferrothorn|Thunder Wave|p2a: Corviknight\n|-status|p2a: Corviknight|par\n|\n|-heal|p1a: Ferrothorn|93\/100|[from] item: Leftovers\n|upkeep\n|turn|14\n|\n|t:|1700903124\n|move|p2a: Corviknight|Defog|p1a: Ferrothorn\n|-unboost|p1a: Ferrothorn|evasion|1\n|-sideend|p2: baigu2|Stealth Rock|[from] move: Defog|[of] p2a: Corviknight\n|-fieldend|move: Electric Terrain\n|move|p1a: Ferrothorn|Leech Seed|p2a: Corviknight\n|-start|p2a: Corviknight|move: Leech Seed\n|\n|-heal|p1a: Ferrothorn|99\/100|[from] item: Leftovers\n|-damage|p2a: Corviknight|72\/100 par|[from] Leech Seed|[of] p1a: Ferrothorn\n|-heal|p1a: Ferrothorn|100\/100|[silent]\n|upkeep\n|turn|15\n|\n|t:|1700903133\n|switch|p2a: Dragonite|Dragonite, M|100\/100\n|move|p1a: Ferrothorn|Stealth Rock|p2a: Dragonite\n|-sidestart|p2: baigu2|move: Stealth Rock\n|\n|upkeep\n|turn|16\n|\n|t:|1700903138\n|move|p2a: Dragonite|Fire Punch|p1a: Ferrothorn\n|-supereffective|p1a: Ferrothorn\n|-damage|p1a: Ferrothorn|0 fnt\n|-damage|p2a: Dragonite|88\/100|[from] ability: Iron Barbs|[of] p1a: Ferrothorn\n|faint|p1a: Ferrothorn\n|\n|upkeep\n|\n|t:|1700903158\n|switch|p1a: Kyurem|Kyurem|100\/100\n|-ability|p1a: Kyurem|Pressure\n|turn|17\n|\n|t:|1700903164\n|switch|p2a: Hoopa|Hoopa-Unbound|34\/100\n|-damage|p2a: Hoopa|22\/100|[from] Stealth Rock\n|move|p1a: Kyurem|Freeze-Dry|p2a: Hoopa\n|-damage|p2a: Hoopa|0 fnt\n|faint|p2a: Hoopa\n|\n|upkeep\n|\n|t:|1700903170\n|switch|p2a: Tapu Koko|Tapu Koko|88\/100\n|-damage|p2a: Tapu Koko|76\/100|[from] Stealth Rock\n|-fieldstart|move: Electric Terrain|[from] ability: Electric Surge|[of] p2a: Tapu Koko\n|turn|18\n|\n|t:|1700903179\n|switch|p1a: Zapdos|Zapdos|100\/100\n|move|p2a: Tapu Koko|Dazzling Gleam|p1a: Zapdos\n|-damage|p1a: Zapdos|53\/100\n|\n|upkeep\n|turn|19\n|\n|t:|1700903187\n|move|p2a: Tapu Koko|Dazzling Gleam|p1a: Zapdos\n|-damage|p1a: Zapdos|7\/100\n|move|p1a: Zapdos|Roost|p1a: Zapdos\n|-heal|p1a: Zapdos|57\/100\n|-singleturn|p1a: Zapdos|move: Roost\n|\n|upkeep\n|turn|20\n|\n|t:|1700903192\n|move|p2a: Tapu Koko|Dazzling Gleam|p1a: Zapdos\n|-crit|p1a: Zapdos\n|-damage|p1a: Zapdos|0 fnt\n|faint|p1a: Zapdos\n|\n|upkeep\n|\n|t:|1700903205\n|switch|p1a: Tapu Lele|Tapu Lele|100\/100\n|-fieldstart|move: Psychic Terrain|[from] ability: Psychic Surge|[of] p1a: Tapu Lele\n|turn|21\n|\n|t:|1700903213\n|switch|p2a: Slowking|Slowking, M|100\/100\n|move|p1a: Tapu Lele|Psyshock|p2a: Slowking\n|-resisted|p2a: Slowking\n|-damage|p2a: Slowking|75\/100\n|\n|upkeep\n|turn|22\n|\n|t:|1700903220\n|switch|p1a: Kyurem|Kyurem|100\/100\n|-ability|p1a: Kyurem|Pressure\n|move|p2a: Slowking|Trick Room|p2a: Slowking\n|-fieldstart|move: Trick Room|[of] p2a: Slowking\n|\n|upkeep\n|turn|23\n|j| ourat\n|\n|t:|1700903225\n|move|p1a: Kyurem|Substitute|p1a: Kyurem\n|-start|p1a: Kyurem|Substitute\n|-damage|p1a: Kyurem|76\/100\n|move|p2a: Slowking|Teleport|p2a: Slowking\n|\n|t:|1700903227\n|switch|p2a: Dragonite|Dragonite, M|88\/100|[from] Teleport\n|-damage|p2a: Dragonite|63\/100|[from] Stealth Rock\n|\n|upkeep\n|turn|24\n|\n|t:|1700903231\n|move|p2a: Dragonite|Dual Wingbeat|p1a: Kyurem\n|-end|p1a: Kyurem|Substitute\n|-damage|p1a: Kyurem|47\/100\n|-hitcount|p1a: Kyurem|2\n|move|p1a: Kyurem|Freeze-Dry|p2a: Dragonite\n|-supereffective|p2a: Dragonite\n|-damage|p2a: Dragonite|0 fnt\n|faint|p2a: Dragonite\n|\n|upkeep\n|j| cn ysf1\n|\n|t:|1700903239\n|switch|p2a: \u718a\u5927|Ursaluna, F|100\/100\n|-damage|p2a: \u718a\u5927|94\/100|[from] Stealth Rock\n|turn|25\n|inactive|bayekh to za top has 120 seconds left.\n|\n|t:|1700903278\n|switch|p1a: Tapu Lele|Tapu Lele|100\/100\n|move|p2a: \u718a\u5927|Headlong Rush|p1a: Tapu Lele\n|-damage|p1a: Tapu Lele|0 fnt\n|-unboost|p2a: \u718a\u5927|def|1\n|-unboost|p2a: \u718a\u5927|spd|1\n|faint|p1a: Tapu Lele\n|\n|-fieldend|move: Psychic Terrain\n|-status|p2a: \u718a\u5927|brn|[from] item: Flame Orb\n|upkeep\n|\n|t:|1700903280\n|switch|p1a: Urshifu|Urshifu-Rapid-Strike, M|84\/100\n|turn|26\n|\n|t:|1700903289\n|-terastallize|p2a: \u718a\u5927|Normal\n|move|p2a: \u718a\u5927|Facade|p1a: Urshifu\n|-damage|p1a: Urshifu|0 fnt\n|faint|p1a: Urshifu\n|\n|-damage|p2a: \u718a\u5927|88\/100 brn|[from] brn\n|-fieldend|move: Trick Room\n|upkeep\n|\n|t:|1700903293\n|switch|p1a: Kyurem|Kyurem|47\/100\n|-ability|p1a: Kyurem|Pressure\n|turn|27\n|\n|t:|1700903304\n|move|p1a: Kyurem|Freeze-Dry|p2a: \u718a\u5927\n|-damage|p2a: \u718a\u5927|50\/100 brn\n|move|p2a: \u718a\u5927|Facade|p1a: Kyurem\n|-damage|p1a: Kyurem|0 fnt\n|faint|p1a: Kyurem\n|\n|win|baigu2\n|raw|bayekh to za top's rating: 1697 &rarr; <strong>1682<\/strong><br \/>(-15 for losing)\n|raw|baigu2's rating: 1788 &rarr; <strong>1803<\/strong><br \/>(+15 for winning)\n","uploadtime":1700903310,"views":2,"p1id":"bayekhtozatop","p2id":"baigu2","formatid":"gen9nationaldex","rating":1682,"private":0,"password":""}