{"id":"gen9nationaldex-2000102525","p1":"DeathRayKPK","p2":"Najirs","format":"[Gen 9] National Dex","log":"|html|<div class=\"broadcast-blue\"><strong>[Gen 9] National Dex is currently suspecting Sneasler! For information on how to participate check out the <a href=\"https:\/\/www.smogon.com\/forums\/threads\/sv-national-dex-suspect-8-just-dance.3731534\/\">suspect thread<\/a>.<\/strong><\/div>\n|j|\u2606DeathRayKPK\n|j|\u2606Najirs\n|t:|1701155220\n|gametype|singles\n|player|p1|DeathRayKPK|2|\n|player|p2|Najirs|grimsley-masters|\n|teamsize|p1|6\n|teamsize|p2|6\n|gen|9\n|tier|[Gen 9] National Dex\n|rule|HP Percentage Mod: HP is shown in percentages\n|rule|Endless Battle Clause: Forcing endless battles is banned\n|rule|OHKO Clause: OHKO moves are banned\n|rule|Evasion Clause: Evasion abilities, items, and moves are banned\n|rule|Evasion Abilities Clause: Evasion abilities are banned\n|rule|Evasion Items Clause: Evasion items are banned\n|rule|Evasion Moves Clause: Evasion moves are banned\n|rule|Species Clause: Limit one of each Pok\u00e9mon\n|rule|Sleep Clause Mod: Limit one foe put to sleep\n|clearpoke\n|poke|p1|Cradily, M|\n|poke|p1|Ferrothorn, M|\n|poke|p1|Ludicolo, F|\n|poke|p1|Ogerpon-Wellspring, F|\n|poke|p1|Venusaur, F|\n|poke|p1|Lilligant-Hisui, F|\n|poke|p2|Bronzong|\n|poke|p2|Charizard, F|\n|poke|p2|Magnezone|\n|poke|p2|Urshifu-*, M|\n|poke|p2|Dusknoir, M|\n|poke|p2|Moltres|\n|teampreview\n|j| DracoShivam\n|c| DracoShivam|Holy shit\n|c| DracoShivam|5 for 6 I'm a fucking genius\n|c|\u2606DeathRayKPK|glhf\n|c|\u2606Najirs|your predict of whom\n|c|\u2606Najirs|kou?\n|c| DracoShivam|Srijan\n|c|\u2606Najirs|damn wtf\n|\n|t:|1701155289\n|start\n|switch|p1a: Ludicolo|Ludicolo, F|100\/100\n|switch|p2a: Inner Peace|Urshifu-Rapid-Strike, M|100\/100\n|turn|1\n|c| DracoShivam|Dusknoir is interesting tho\n|c| DracoShivam|No one could predict that\n|c|\u2606Najirs|did you see my magnezone chat in threetards?\n|c| DracoShivam|No\n|c|\u2606Najirs|how did you predict moltres and zard lol\n|\n|t:|1701155351\n|switch|p1a: Venusaur|Venusaur, F|100\/100\n|move|p2a: Inner Peace|U-turn|p1a: Venusaur\n|-crit|p1a: Venusaur\n|-damage|p1a: Venusaur|53\/100\n|c| DracoShivam|Just play for now\n|c|\u2606Najirs|oof\n|c| DracoShivam|I'll show you later\n|\n|t:|1701155387\n|switch|p2a: Chardos|Moltres|100\/100|[from] U-turn\n|-ability|p2a: Chardos|Pressure\n|\n|upkeep\n|turn|2\n|c|\u2606DeathRayKPK|that was a big U turn\n|c|\u2606DeathRayKPK|banded?\n|c|\u2606Najirs|smart\n|c| DracoShivam|Crit\n|\n|t:|1701155443\n|switch|p1a: Cradily|Cradily, M|100\/100\n|move|p2a: Chardos|Air Slash|p1a: Cradily\n|-damage|p1a: Cradily|77\/100\n|\n|-heal|p1a: Cradily|83\/100|[from] item: Leftovers\n|upkeep\n|turn|3\n|c|\u2606Najirs|dark souls soundtrack hitting hard\n|\n|t:|1701155463\n|move|p2a: Chardos|U-turn|p1a: Cradily\n|-supereffective|p1a: Cradily\n|-damage|p1a: Cradily|58\/100\n|\n|t:|1701155478\n|switch|p2a: UFO|Magnezone|100\/100|[from] U-turn\n|move|p1a: Cradily|Rock Slide|p2a: UFO\n|-resisted|p2a: UFO\n|-damage|p2a: UFO|92\/100\n|\n|-heal|p1a: Cradily|64\/100|[from] item: Leftovers\n|upkeep\n|turn|4\n|\n|t:|1701155508\n|switch|p1a: Ferrothorn|Ferrothorn, M|100\/100\n|move|p2a: UFO|Signal Beam|p1a: Ferrothorn\n|-damage|p1a: Ferrothorn|67\/100\n|\n|-heal|p1a: Ferrothorn|73\/100|[from] item: Leftovers\n|upkeep\n|turn|5\n|\n|t:|1701155532\n|move|p2a: UFO|Signal Beam|p1a: Ferrothorn\n|-damage|p1a: Ferrothorn|41\/100\n|move|p1a: Ferrothorn|Stealth Rock|p2a: UFO\n|-sidestart|p2: Najirs|move: Stealth Rock\n|\n|-heal|p1a: Ferrothorn|48\/100|[from] item: Leftovers\n|upkeep\n|turn|6\n|\n|t:|1701155552\n|move|p1a: Ferrothorn|Protect|p1a: Ferrothorn\n|-singleturn|p1a: Ferrothorn|Protect\n|move|p2a: UFO|Signal Beam|p1a: Ferrothorn\n|-activate|p1a: Ferrothorn|move: Protect\n|\n|-heal|p1a: Ferrothorn|54\/100|[from] item: Leftovers\n|upkeep\n|turn|7\n|c|\u2606DeathRayKPK|hate how rock doesn't resist bug\n|c|\u2606Najirs|lol\n|\n|t:|1701155607\n|move|p2a: UFO|Signal Beam|p1a: Ferrothorn\n|-damage|p1a: Ferrothorn|20\/100\n|move|p1a: Ferrothorn|Knock Off|p2a: UFO\n|-damage|p2a: UFO|75\/100\n|-enditem|p2a: UFO|Choice Specs|[from] move: Knock Off|[of] p1a: Ferrothorn\n|\n|-heal|p1a: Ferrothorn|27\/100|[from] item: Leftovers\n|upkeep\n|turn|8\n|\n|t:|1701155617\n|move|p1a: Ferrothorn|Protect|p1a: Ferrothorn\n|-singleturn|p1a: Ferrothorn|Protect\n|move|p2a: UFO|Signal Beam|p1a: Ferrothorn\n|-activate|p1a: Ferrothorn|move: Protect\n|\n|-heal|p1a: Ferrothorn|33\/100|[from] item: Leftovers\n|upkeep\n|turn|9\n|c|\u2606DeathRayKPK|I did not come prepared for this magnet pull thingy but okay whatever\n|c|\u2606Najirs|glad you used stealth rocks\n|c|\u2606Najirs|lol\n|c|\u2606Najirs|and glad you used cradily\n|c|\u2606DeathRayKPK|man's waiting to probably unleash some court change on me I never know\n|c|\u2606Najirs|rock is very great against the weaknesses of grass\n|c|\u2606DeathRayKPK|it says I might be trapped and won't be able to cancel a switch\n|c|\u2606Najirs|you are trapped\n|c|\u2606Najirs|even if you try switching\n|c|\u2606DeathRayKPK|so I can't switch?\n|c|\u2606Najirs|it will give you an error message\n|c|\u2606DeathRayKPK|will I waste a turn?\n|c|\u2606Najirs|not unless you tera into something that's not steel\n|c|\u2606DeathRayKPK|fml I don't like wasting tera\n|c|\u2606Najirs|then perish\n|c|\u2606DeathRayKPK|wow nice\n|c|\u2606Najirs|you see\n|c|\u2606Najirs|it doesn't let you\n|c|\u2606DeathRayKPK|I can't tera and switch either\n|c|\u2606Najirs|yeah\n|c|\u2606Najirs|you need to tera this turn\n|c|\u2606Najirs|then switch next turn\n|c|\u2606Najirs|lmao\n|c|\u2606DeathRayKPK|nice\n|c|\u2606DeathRayKPK|here we go\n|c|\u2606DeathRayKPK|sorry for the delay\n|c|\u2606DeathRayKPK|just a mechanic I was unaware of\n|\n|t:|1701155842\n|move|p2a: UFO|Signal Beam|p1a: Ferrothorn\n|-damage|p1a: Ferrothorn|11\/100\n|move|p1a: Ferrothorn|Knock Off|p2a: UFO\n|-damage|p2a: UFO|64\/100\n|\n|-heal|p1a: Ferrothorn|18\/100|[from] item: Leftovers\n|upkeep\n|turn|10\n|l| DracoShivam\n|\n|t:|1701155890\n|move|p1a: Ferrothorn|Protect|p1a: Ferrothorn\n|-singleturn|p1a: Ferrothorn|Protect\n|move|p2a: UFO|Signal Beam|p1a: Ferrothorn\n|-activate|p1a: Ferrothorn|move: Protect\n|\n|-heal|p1a: Ferrothorn|24\/100|[from] item: Leftovers\n|upkeep\n|turn|11\n|\n|t:|1701155898\n|move|p2a: UFO|Signal Beam|p1a: Ferrothorn\n|-damage|p1a: Ferrothorn|0 fnt\n|faint|p1a: Ferrothorn\n|\n|upkeep\n|c|\u2606Najirs|nice high roll\n|\n|t:|1701155906\n|switch|p1a: Venusaur|Venusaur, F|53\/100\n|turn|12\n|\n|t:|1701155918\n|switch|p2a: Chardos|Moltres|100\/100\n|-ability|p2a: Chardos|Pressure\n|detailschange|p1a: Venusaur|Venusaur-Mega, F\n|-mega|p1a: Venusaur|Venusaur|Venusaurite\n|move|p1a: Venusaur|Synthesis|p1a: Venusaur\n|-heal|p1a: Venusaur|100\/100\n|\n|upkeep\n|turn|13\n|\n|t:|1701155949\n|switch|p1a: Cradily|Cradily, M|64\/100\n|move|p2a: Chardos|Air Slash|p1a: Cradily\n|-damage|p1a: Cradily|43\/100\n|\n|-heal|p1a: Cradily|49\/100|[from] item: Leftovers\n|upkeep\n|turn|14\n|j| DracoShivam\n|\n|t:|1701155961\n|move|p2a: Chardos|U-turn|p1a: Cradily\n|-supereffective|p1a: Cradily\n|-damage|p1a: Cradily|19\/100\n|\n|t:|1701155985\n|switch|p2a: Spin Me Round|Bronzong|100\/100|[from] U-turn\n|-damage|p2a: Spin Me Round|94\/100|[from] Stealth Rock\n|move|p1a: Cradily|Recover|p1a: Cradily\n|-heal|p1a: Cradily|69\/100\n|\n|-heal|p1a: Cradily|75\/100|[from] item: Leftovers\n|-heal|p2a: Spin Me Round|100\/100|[from] item: Leftovers\n|upkeep\n|turn|15\n|l| DracoShivam\n|\n|t:|1701156027\n|switch|p2a: Chardos|Moltres|100\/100\n|-ability|p2a: Chardos|Pressure\n|move|p1a: Cradily|Swords Dance|p1a: Cradily\n|-boost|p1a: Cradily|atk|2\n|\n|-heal|p1a: Cradily|82\/100|[from] item: Leftovers\n|upkeep\n|turn|16\n|c|\u2606Najirs|nice\n|\n|t:|1701156057\n|move|p2a: Chardos|U-turn|p1a: Cradily\n|-supereffective|p1a: Cradily\n|-damage|p1a: Cradily|55\/100\n|j| DracoShivam\n|\n|t:|1701156081\n|switch|p2a: UFO|Magnezone|64\/100|[from] U-turn\n|-damage|p2a: UFO|58\/100|[from] Stealth Rock\n|move|p1a: Cradily|Rock Slide|p2a: UFO\n|-resisted|p2a: UFO\n|-damage|p2a: UFO|43\/100\n|\n|-heal|p1a: Cradily|61\/100|[from] item: Leftovers\n|upkeep\n|turn|17\n|\n|t:|1701156094\n|switch|p1a: Venusaur|Venusaur-Mega, F|100\/100\n|move|p2a: UFO|Signal Beam|p1a: Venusaur\n|-damage|p1a: Venusaur|81\/100\n|\n|upkeep\n|turn|18\n|\n|t:|1701156101\n|move|p1a: Venusaur|Leech Seed|p2a: UFO|[miss]\n|-miss|p1a: Venusaur|p2a: UFO\n|move|p2a: UFO|Volt Switch|p1a: Venusaur\n|-resisted|p1a: Venusaur\n|-damage|p1a: Venusaur|68\/100\n|\n|t:|1701156110\n|switch|p2a: Chardos|Moltres|100\/100|[from] Volt Switch\n|-ability|p2a: Chardos|Pressure\n|\n|upkeep\n|turn|19\n|c|\u2606Najirs|you see\n|\n|t:|1701156134\n|move|p2a: Chardos|Air Slash|p1a: Venusaur\n|-supereffective|p1a: Venusaur\n|-damage|p1a: Venusaur|17\/100\n|move|p1a: Venusaur|Leech Seed|p2a: Chardos|[miss]\n|-miss|p1a: Venusaur|p2a: Chardos\n|\n|upkeep\n|turn|20\n|c|\u2606Najirs|set up moves are harder to pull off on slow mons\n|c|\u2606Najirs|lmao\n|c|\u2606DeathRayKPK|bruh cmon\n|c|\u2606Najirs|!dt leech seed\n|raw|<ul class=\"utilichart\"><li class=\"result\"><span class=\"col movenamecol\"><a href=\"https:\/\/dex.pokemonshowdown.com\/moves\/leechseed\">Leech Seed<\/a><\/span> <span class=\"col typecol\"><img src=\"\/\/play.pokemonshowdown.com\/sprites\/types\/Grass.png\" alt=\"Grass\" width=\"32\" height=\"14\"><img src=\"\/\/play.pokemonshowdown.com\/sprites\/categories\/Status.png\" alt=\"Status\" width=\"32\" height=\"14\"><\/span> <span class=\"col widelabelcol\"><em>Accuracy<\/em><br>90%<\/span> <span class=\"col pplabelcol\"><em>PP<\/em><br>16<\/span> <span class=\"col movedesccol\">1\/8 of target's HP is restored to user every turn.<\/span> <\/li><li style=\"clear:both\"><\/li><\/ul>\n|raw|<font size=\"1\"><font color=\"#686868\">Priority:<\/font> 0&nbsp;|&ThickSpace;<font color=\"#686868\">Gen:<\/font> 1&nbsp;|&ThickSpace;&#10003; Bounceable&nbsp;|&ThickSpace;<font color=\"#686868\">Z-Effect:<\/font> Restores negative stat stages to 0&nbsp;|&ThickSpace;<font color=\"#686868\">Target:<\/font> One Adjacent Pok\u00e9mon<\/font>\n\n|c|\u2606DeathRayKPK|two 90% moves missing twice in a row\n|c|\u2606Najirs|!dt air slash\n|raw|<ul class=\"utilichart\"><li class=\"result\"><span class=\"col movenamecol\"><a href=\"https:\/\/dex.pokemonshowdown.com\/moves\/airslash\">Air Slash<\/a><\/span> <span class=\"col typecol\"><img src=\"\/\/play.pokemonshowdown.com\/sprites\/types\/Flying.png\" alt=\"Flying\" width=\"32\" height=\"14\"><img src=\"\/\/play.pokemonshowdown.com\/sprites\/categories\/Special.png\" alt=\"Special\" width=\"32\" height=\"14\"><\/span> <span class=\"col labelcol\"><em>Power<\/em><br>75<\/span> <span class=\"col widelabelcol\"><em>Accuracy<\/em><br>95%<\/span> <span class=\"col pplabelcol\"><em>PP<\/em><br>24<\/span> <span class=\"col movedesccol\">30% chance to make the target flinch.<\/span> <\/li><li style=\"clear:both\"><\/li><\/ul>\n|raw|<font size=\"1\"><font color=\"#686868\">Priority:<\/font> 0&nbsp;|&ThickSpace;<font color=\"#686868\">Gen:<\/font> 4&nbsp;|&ThickSpace;&#10003; Boosted by Sheer Force&nbsp;|&ThickSpace;&#10003; Slicing move&nbsp;|&ThickSpace;<font color=\"#686868\">Z-Power:<\/font> 140&nbsp;|&ThickSpace;<font color=\"#686868\">Dynamax Power:<\/font> 130&nbsp;|&ThickSpace;<font color=\"#686868\">Target:<\/font> Any Pok\u00e9mon<\/font>\n\n|c|\u2606DeathRayKPK|what about air slash da\n|c|\u2606DeathRayKPK|xD\n|c|\u2606Najirs|the chance of two 90% moves missing in a row\n|c|\u2606DeathRayKPK|fml man\n|c|\u2606Najirs|is less than the chance of a pokemon being frozen for 20 turns\n|\n|t:|1701156213\n|switch|p1a: Cradily|Cradily, M|61\/100\n|move|p2a: Chardos|Air Slash|p1a: Cradily\n|-damage|p1a: Cradily|39\/100\n|\n|-heal|p1a: Cradily|45\/100|[from] item: Leftovers\n|upkeep\n|turn|21\n|\n|t:|1701156221\n|move|p2a: Chardos|Air Slash|p1a: Cradily\n|-damage|p1a: Cradily|21\/100\n|cant|p1a: Cradily|flinch\n|\n|-heal|p1a: Cradily|27\/100|[from] item: Leftovers\n|upkeep\n|turn|22\n|c|\u2606Najirs|lol\n|\n|t:|1701156228\n|move|p2a: Chardos|Air Slash|p1a: Cradily\n|-damage|p1a: Cradily|3\/100\n|move|p1a: Cradily|Recover|p1a: Cradily\n|-heal|p1a: Cradily|53\/100\n|\n|-heal|p1a: Cradily|60\/100|[from] item: Leftovers\n|upkeep\n|turn|23\n|\n|t:|1701156247\n|move|p2a: Chardos|Air Slash|p1a: Cradily\n|-damage|p1a: Cradily|36\/100\n|move|p1a: Cradily|Recover|p1a: Cradily\n|-heal|p1a: Cradily|86\/100\n|\n|-heal|p1a: Cradily|92\/100|[from] item: Leftovers\n|upkeep\n|turn|24\n|\n|t:|1701156273\n|move|p2a: Chardos|U-turn|p1a: Cradily\n|-supereffective|p1a: Cradily\n|-damage|p1a: Cradily|65\/100\n|\n|t:|1701156279\n|switch|p2a: Spin Me Round|Bronzong|100\/100|[from] U-turn\n|-damage|p2a: Spin Me Round|94\/100|[from] Stealth Rock\n|move|p1a: Cradily|Rock Slide|p2a: Spin Me Round\n|-resisted|p2a: Spin Me Round\n|-damage|p2a: Spin Me Round|86\/100\n|\n|-heal|p1a: Cradily|71\/100|[from] item: Leftovers\n|-heal|p2a: Spin Me Round|92\/100|[from] item: Leftovers\n|upkeep\n|turn|25\n|c|\u2606DeathRayKPK|60% hypnosis hit me\n|c|\u2606DeathRayKPK|more than 90% leech seed\n|\n|t:|1701156312\n|switch|p1a: Venusaur|Venusaur-Mega, F|17\/100\n|move|p2a: Spin Me Round|Body Press|p1a: Venusaur\n|-resisted|p1a: Venusaur\n|-damage|p1a: Venusaur|9\/100\n|\n|-heal|p2a: Spin Me Round|98\/100|[from] item: Leftovers\n|upkeep\n|turn|26\n|c|\u2606Najirs|lmaooo\n|c|\u2606Najirs|ah fuck\n|\n|t:|1701156325\n|switch|p2a: Chardos|Moltres|100\/100\n|-ability|p2a: Chardos|Pressure\n|move|p1a: Venusaur|Synthesis|p1a: Venusaur\n|-heal|p1a: Venusaur|59\/100\n|\n|upkeep\n|turn|27\n|\n|t:|1701156345\n|switch|p1a: Cradily|Cradily, M|71\/100\n|move|p2a: Chardos|Air Slash|p1a: Cradily\n|-damage|p1a: Cradily|46\/100\n|\n|-heal|p1a: Cradily|52\/100|[from] item: Leftovers\n|upkeep\n|turn|28\n|\n|t:|1701156373\n|move|p2a: Chardos|Air Slash|p1a: Cradily\n|-damage|p1a: Cradily|29\/100\n|move|p1a: Cradily|Rock Slide|p2a: Chardos\n|-supereffective|p2a: Chardos\n|-damage|p2a: Chardos|2\/100\n|\n|-heal|p1a: Cradily|35\/100|[from] item: Leftovers\n|upkeep\n|turn|29\n|c|\u2606Najirs|nice\n|\n|t:|1701156395\n|move|p2a: Chardos|U-turn|p1a: Cradily\n|-supereffective|p1a: Cradily\n|-damage|p1a: Cradily|10\/100\n|\n|t:|1701156401\n|switch|p2a: Spin Me Round|Bronzong|98\/100|[from] U-turn\n|-damage|p2a: Spin Me Round|92\/100|[from] Stealth Rock\n|move|p1a: Cradily|Recover|p1a: Cradily\n|-heal|p1a: Cradily|60\/100\n|\n|-heal|p1a: Cradily|66\/100|[from] item: Leftovers\n|-heal|p2a: Spin Me Round|98\/100|[from] item: Leftovers\n|upkeep\n|turn|30\n|\n|t:|1701156415\n|switch|p1a: Venusaur|Venusaur-Mega, F|59\/100\n|move|p2a: Spin Me Round|Ice Spinner|p1a: Venusaur\n|-supereffective|p1a: Venusaur\n|-damage|p1a: Venusaur|43\/100\n|\n|-heal|p2a: Spin Me Round|100\/100|[from] item: Leftovers\n|upkeep\n|turn|31\n|\n|t:|1701156434\n|move|p1a: Venusaur|Leech Seed|p2a: Spin Me Round|[miss]\n|-miss|p1a: Venusaur|p2a: Spin Me Round\n|move|p2a: Spin Me Round|Ice Spinner|p1a: Venusaur\n|-supereffective|p1a: Venusaur\n|-damage|p1a: Venusaur|27\/100\n|\n|upkeep\n|turn|32\n|c|\u2606DeathRayKPK|wow\n|c|\u2606Najirs|LMFAOOOOOO\n|c|\u2606DeathRayKPK|amaze\n|\n|t:|1701156443\n|move|p1a: Venusaur|Leech Seed|p2a: Spin Me Round\n|-start|p2a: Spin Me Round|move: Leech Seed\n|move|p2a: Spin Me Round|Ice Spinner|p1a: Venusaur\n|-supereffective|p1a: Venusaur\n|-damage|p1a: Venusaur|13\/100\n|\n|-damage|p2a: Spin Me Round|88\/100|[from] Leech Seed|[of] p1a: Venusaur\n|-heal|p1a: Venusaur|23\/100|[silent]\n|upkeep\n|turn|33\n|c|\u2606Najirs|damn shocking\n|c|\u2606DeathRayKPK|3 misses in a row\n|c|\u2606DeathRayKPK|this is crazy\n|\n|t:|1701156462\n|switch|p2a: BlueWingsNotGreen|Charizard, F|100\/100\n|move|p1a: Venusaur|Synthesis|p1a: Venusaur\n|-heal|p1a: Venusaur|73\/100\n|\n|upkeep\n|turn|34\n|\n|t:|1701156491\n|switch|p1a: Cradily|Cradily, M|66\/100\n|move|p2a: BlueWingsNotGreen|Air Slash|p1a: Cradily\n|-damage|p1a: Cradily|42\/100\n|\n|-heal|p1a: Cradily|48\/100|[from] item: Leftovers\n|upkeep\n|turn|35\n|c| DracoShivam|Not mega wtf\n|c|\u2606Najirs|yeah fuck this\n|c|\u2606Najirs|why mega against grass\n|c|\u2606Najirs|when stealth rock pairs so well against grass\n|\n|t:|1701156531\n|switch|p2a: Inner Peace|Urshifu-Rapid-Strike, M|100\/100\n|-damage|p2a: Inner Peace|94\/100|[from] Stealth Rock\n|move|p1a: Cradily|Recover|p1a: Cradily\n|-heal|p1a: Cradily|98\/100\n|\n|-heal|p1a: Cradily|100\/100|[from] item: Leftovers\n|upkeep\n|turn|36\n|c| DracoShivam|Ig my predict was somewhat wrong then\n|c|\u2606Najirs|I don't want to give lilligant free cholorphyll\n|\n|t:|1701156557\n|switch|p1a: Venusaur|Venusaur-Mega, F|73\/100\n|move|p2a: Inner Peace|U-turn|p1a: Venusaur\n|-damage|p1a: Venusaur|49\/100\n|\n|t:|1701156563\n|switch|p2a: Chardos|Moltres|2\/100|[from] U-turn\n|-ability|p2a: Chardos|Pressure\n|\n|upkeep\n|turn|37\n|\n|t:|1701156572\n|switch|p1a: Cradily|Cradily, M|100\/100\n|move|p2a: Chardos|Air Slash|p1a: Cradily\n|-damage|p1a: Cradily|76\/100\n|\n|-heal|p1a: Cradily|82\/100|[from] item: Leftovers\n|upkeep\n|turn|38\n|\n|t:|1701156581\n|move|p2a: Chardos|Roost|p2a: Chardos\n|-heal|p2a: Chardos|52\/100\n|-singleturn|p2a: Chardos|move: Roost\n|move|p1a: Cradily|Rock Slide|p2a: Chardos\n|-supereffective|p2a: Chardos\n|-damage|p2a: Chardos|0 fnt\n|faint|p2a: Chardos\n|\n|-heal|p1a: Cradily|89\/100|[from] item: Leftovers\n|upkeep\n|c|\u2606Najirs|ah welp\n|c| DracoShivam|Man I hate stall\n|c|\u2606DeathRayKPK|I don't have a choice to break out of these two mons since a while\n|\n|t:|1701156609\n|switch|p2a: Inner Peace|Urshifu-Rapid-Strike, M|94\/100\n|-damage|p2a: Inner Peace|88\/100|[from] Stealth Rock\n|turn|39\n|c|\u2606DeathRayKPK|especially on a U turn Moltres\n|\n|t:|1701156641\n|switch|p1a: Venusaur|Venusaur-Mega, F|49\/100\n|move|p2a: Inner Peace|U-turn|p1a: Venusaur\n|-crit|p1a: Venusaur\n|-damage|p1a: Venusaur|12\/100\n|c|\u2606Najirs|yeah I played badlly\n|c|\u2606Najirs|nice\n|c|\u2606DeathRayKPK|nice 2 crits and 2 leech seeds just choosing to miss\n|c|\u2606DeathRayKPK|3*\n|c|\u2606Najirs|lol\n|\n|t:|1701156668\n|switch|p2a: >:3|Dusknoir, M|100\/100|[from] U-turn\n|-damage|p2a: >:3|88\/100|[from] Stealth Rock\n|-ability|p2a: >:3|Pressure\n|\n|upkeep\n|turn|40\n|c| DracoShivam|Also no defogger?\n|c|\u2606DeathRayKPK|okay what does this guy do\n|c| DracoShivam|You said you had removal\n|c|\u2606DeathRayKPK|he has HDB on both moltres and charizard\n|c|\u2606Najirs|I don't have defogger for this team\n|c| DracoShivam|Doesn't matter he should get defog\n|c|\u2606DeathRayKPK|why do i feel ice punch is coming\n|\n|t:|1701156717\n|move|p1a: Venusaur|Synthesis|p1a: Venusaur\n|-heal|p1a: Venusaur|62\/100\n|move|p2a: >:3|Leech Life|p1a: Venusaur\n|-damage|p1a: Venusaur|38\/100\n|-heal|p2a: >:3|100\/100|[from] drain|[of] p1a: Venusaur\n|\n|upkeep\n|turn|41\n|\n|t:|1701156732\n|move|p1a: Venusaur|Synthesis|p1a: Venusaur\n|-heal|p1a: Venusaur|88\/100\n|move|p2a: >:3|Leech Life|p1a: Venusaur\n|-damage|p1a: Venusaur|63\/100\n|\n|upkeep\n|turn|42\n|\n|t:|1701156739\n|move|p1a: Venusaur|Sludge Bomb|p2a: >:3\n|-resisted|p2a: >:3\n|-damage|p2a: >:3|82\/100\n|-status|p2a: >:3|psn\n|move|p2a: >:3|Leech Life|p1a: Venusaur\n|-damage|p1a: Venusaur|40\/100\n|-heal|p2a: >:3|97\/100 psn|[from] drain|[of] p1a: Venusaur\n|\n|-damage|p2a: >:3|85\/100 psn|[from] psn\n|upkeep\n|turn|43\n|c|\u2606Najirs|wow lol\n|\n|t:|1701156749\n|move|p1a: Venusaur|Leech Seed|p2a: >:3|[miss]\n|-miss|p1a: Venusaur|p2a: >:3\n|move|p2a: >:3|Leech Life|p1a: Venusaur\n|-damage|p1a: Venusaur|13\/100\n|-heal|p2a: >:3|100\/100 psn|[from] drain|[of] p1a: Venusaur\n|\n|-damage|p2a: >:3|88\/100 psn|[from] psn\n|upkeep\n|turn|44\n|c|\u2606DeathRayKPK|this is the true wow lol\n|c|\u2606Najirs|loooooooooooool\n|c|\u2606DeathRayKPK|4 leech seeds missing on one day\n|\n|t:|1701156764\n|move|p1a: Venusaur|Synthesis|p1a: Venusaur\n|-heal|p1a: Venusaur|62\/100\n|move|p2a: >:3|Leech Life|p1a: Venusaur\n|-damage|p1a: Venusaur|35\/100\n|-heal|p2a: >:3|100\/100 psn|[from] drain|[of] p1a: Venusaur\n|\n|-damage|p2a: >:3|88\/100 psn|[from] psn\n|upkeep\n|turn|45\n|c|\u2606Najirs|one match\n|\n|t:|1701156773\n|move|p1a: Venusaur|Leech Seed|p2a: >:3\n|-start|p2a: >:3|move: Leech Seed\n|move|p2a: >:3|Leech Life|p1a: Venusaur\n|-damage|p1a: Venusaur|8\/100\n|-heal|p2a: >:3|100\/100 psn|[from] drain|[of] p1a: Venusaur\n|\n|-damage|p2a: >:3|88\/100 psn|[from] Leech Seed|[of] p1a: Venusaur\n|-heal|p1a: Venusaur|18\/100|[silent]\n|-damage|p2a: >:3|76\/100 psn|[from] psn\n|upkeep\n|turn|46\n|\n|t:|1701156785\n|switch|p2a: BlueWingsNotGreen|Charizard, F|100\/100\n|move|p1a: Venusaur|Synthesis|p1a: Venusaur\n|-heal|p1a: Venusaur|67\/100\n|\n|upkeep\n|turn|47\n|c| DracoShivam|Why does it say synthesis still has 2 pp\n|c| DracoShivam|It should be done\n|\n|t:|1701156798\n|switch|p1a: Cradily|Cradily, M|89\/100\n|move|p2a: BlueWingsNotGreen|Air Slash|p1a: Cradily\n|-damage|p1a: Cradily|66\/100\n|\n|-heal|p1a: Cradily|72\/100|[from] item: Leftovers\n|upkeep\n|turn|48\n|c| DracoShivam|Pressure?\n|c|\u2606Najirs|sadly pressure doesn't seem to work that way\n|c|\u2606Najirs|synthesis is not against me\n|c| DracoShivam|Ah\n|\n|t:|1701156821\n|switch|p2a: Spin Me Round|Bronzong|88\/100\n|-damage|p2a: Spin Me Round|82\/100|[from] Stealth Rock\n|move|p1a: Cradily|Toxic|p2a: Spin Me Round\n|-immune|p2a: Spin Me Round\n|\n|-heal|p1a: Cradily|78\/100|[from] item: Leftovers\n|-heal|p2a: Spin Me Round|88\/100|[from] item: Leftovers\n|upkeep\n|turn|49\n|c| DracoShivam|That's a dumb ability\n|c|\u2606Najirs|sad ikr\n|\n|t:|1701156843\n|switch|p1a: Ludicolo|Ludicolo, F|100\/100\n|move|p2a: Spin Me Round|Ice Spinner|p1a: Ludicolo\n|-damage|p1a: Ludicolo|72\/100\n|\n|-heal|p2a: Spin Me Round|94\/100|[from] item: Leftovers\n|upkeep\n|turn|50\n|c|\u2606DeathRayKPK|how does pressure work\n|c|\u2606DeathRayKPK|to this day even idk\n|\n|t:|1701156860\n|move|p1a: Ludicolo|Rain Dance|p1a: Ludicolo\n|-weather|RainDance\n|move|p2a: Spin Me Round|Body Press|p1a: Ludicolo\n|-damage|p1a: Ludicolo|36\/100\n|\n|-weather|RainDance|[upkeep]\n|-heal|p2a: Spin Me Round|99\/100|[from] item: Leftovers\n|upkeep\n|turn|51\n|c|\u2606Najirs|welp\n|c|\u2606Najirs|Ik ogerpon is coming\n|\n|t:|1701156893\n|switch|p1a: Ogerpon|Ogerpon-Wellspring, F|100\/100\n|move|p2a: Spin Me Round|Body Press|p1a: Ogerpon\n|-damage|p1a: Ogerpon|66\/100\n|\n|-weather|RainDance|[upkeep]\n|-heal|p2a: Spin Me Round|100\/100|[from] item: Leftovers\n|upkeep\n|turn|52\n|\n|t:|1701156943\n|move|p1a: Ogerpon|Swords Dance|p1a: Ogerpon\n|-boost|p1a: Ogerpon|atk|2\n|move|p2a: Spin Me Round|Body Press|p1a: Ogerpon\n|-damage|p1a: Ogerpon|33\/100\n|\n|-weather|RainDance|[upkeep]\n|upkeep\n|turn|53\n|\n|t:|1701156974\n|move|p1a: Ogerpon|Horn Leech|p2a: Spin Me Round\n|-resisted|p2a: Spin Me Round\n|-damage|p2a: Spin Me Round|65\/100\n|-heal|p1a: Ogerpon|50\/100|[from] drain|[of] p2a: Spin Me Round\n|move|p2a: Spin Me Round|Body Press|p1a: Ogerpon\n|-damage|p1a: Ogerpon|19\/100\n|\n|-weather|RainDance|[upkeep]\n|-heal|p2a: Spin Me Round|71\/100|[from] item: Leftovers\n|upkeep\n|turn|54\n|c|\u2606Najirs|ah damn nice\n|\n|t:|1701156987\n|move|p1a: Ogerpon|Ivy Cudgel|p2a: Spin Me Round|[anim] Ivy Cudgel Water\n|-damage|p2a: Spin Me Round|0 fnt\n|faint|p2a: Spin Me Round\n|\n|-weather|RainDance|[upkeep]\n|upkeep\n|c|\u2606Najirs|fuck\n|c|\u2606Najirs|I hope this isn't gg\n|c|\u2606DeathRayKPK|I have a 90% feeling you have some scarfed mon\n|\n|t:|1701157026\n|switch|p2a: >:3|Dusknoir, M|76\/100 psn\n|-damage|p2a: >:3|64\/100 psn|[from] Stealth Rock\n|-ability|p2a: >:3|Pressure\n|turn|55\n|c| DracoShivam|I'm 100% sure he doesn't\n|\n|t:|1701157047\n|switch|p1a: Lilligant|Lilligant-Hisui, F|100\/100\n|move|p2a: >:3|Leech Life|p1a: Lilligant\n|-damage|p1a: Lilligant|38\/100\n|-heal|p2a: >:3|94\/100 psn|[from] drain|[of] p1a: Lilligant\n|\n|-weather|RainDance|[upkeep]\n|-damage|p2a: >:3|81\/100 psn|[from] psn\n|upkeep\n|turn|56\n|c|\u2606DeathRayKPK|I thought he was about to destiny bond\n|c|\u2606Najirs|you mean shadow sneak\n|c|\u2606DeathRayKPK|or that\n|l| DracoShivam\n|j| DracoShivam\n|\n|t:|1701157102\n|switch|p1a: Venusaur|Venusaur-Mega, F|67\/100\n|move|p2a: >:3|Leech Life|p1a: Venusaur\n|-damage|p1a: Venusaur|41\/100\n|-heal|p2a: >:3|98\/100 psn|[from] drain|[of] p1a: Venusaur\n|\n|-weather|RainDance|[upkeep]\n|-damage|p2a: >:3|86\/100 psn|[from] psn\n|upkeep\n|turn|57\n|\n|t:|1701157110\n|move|p1a: Venusaur|Leech Seed|p2a: >:3|[miss]\n|-miss|p1a: Venusaur|p2a: >:3\n|move|p2a: >:3|Leech Life|p1a: Venusaur\n|-damage|p1a: Venusaur|16\/100\n|-heal|p2a: >:3|100\/100 psn|[from] drain|[of] p1a: Venusaur\n|\n|-weather|none\n|-damage|p2a: >:3|88\/100 psn|[from] psn\n|upkeep\n|turn|58\n|c|\u2606Najirs|LMAOOOOOOOOOOOO\n|c|\u2606DeathRayKPK|how amazing\n|c| DracoShivam|Ah he's\n|c|\u2606DeathRayKPK|like amazing\n|c| DracoShivam|Yes\n|\n|t:|1701157122\n|move|p1a: Venusaur|Synthesis|p1a: Venusaur\n|-heal|p1a: Venusaur|66\/100\n|move|p2a: >:3|Leech Life|p1a: Venusaur\n|-damage|p1a: Venusaur|40\/100\n|-heal|p2a: >:3|100\/100 psn|[from] drain|[of] p1a: Venusaur\n|\n|-damage|p2a: >:3|88\/100 psn|[from] psn\n|upkeep\n|turn|59\n|c| DracoShivam|Welcome to fighting srijan\n|c|\u2606Najirs|finally\n|\n|t:|1701157131\n|move|p1a: Venusaur|Leech Seed|p2a: >:3\n|-start|p2a: >:3|move: Leech Seed\n|move|p2a: >:3|Leech Life|p1a: Venusaur\n|-damage|p1a: Venusaur|13\/100\n|-heal|p2a: >:3|100\/100 psn|[from] drain|[of] p1a: Venusaur\n|\n|-damage|p2a: >:3|88\/100 psn|[from] Leech Seed|[of] p1a: Venusaur\n|-heal|p1a: Venusaur|23\/100|[silent]\n|-damage|p2a: >:3|76\/100 psn|[from] psn\n|upkeep\n|turn|60\n|\n|t:|1701157143\n|switch|p2a: BlueWingsNotGreen|Charizard, F|100\/100\n|move|p1a: Venusaur|Earth Power|p2a: BlueWingsNotGreen\n|-immune|p2a: BlueWingsNotGreen\n|\n|upkeep\n|turn|61\n|\n|t:|1701157151\n|move|p2a: BlueWingsNotGreen|Flame Charge|p1a: Venusaur\n|-supereffective|p1a: Venusaur\n|-damage|p1a: Venusaur|13\/100\n|-boost|p2a: BlueWingsNotGreen|spe|1\n|move|p1a: Venusaur|Sludge Bomb|p2a: BlueWingsNotGreen\n|-damage|p2a: BlueWingsNotGreen|59\/100\n|\n|upkeep\n|turn|62\n|\n|t:|1701157169\n|switch|p1a: Cradily|Cradily, M|78\/100\n|move|p2a: BlueWingsNotGreen|Flamethrower|p1a: Cradily\n|-crit|p1a: Cradily\n|-damage|p1a: Cradily|37\/100\n|\n|-heal|p1a: Cradily|44\/100|[from] item: Leftovers\n|upkeep\n|turn|63\n|c|\u2606Najirs|nice\n|\n|t:|1701157191\n|-terastallize|p2a: BlueWingsNotGreen|Ground\n|move|p2a: BlueWingsNotGreen|Flamethrower|p1a: Cradily\n|-damage|p1a: Cradily|16\/100\n|move|p1a: Cradily|Recover|p1a: Cradily\n|-heal|p1a: Cradily|66\/100\n|\n|-heal|p1a: Cradily|72\/100|[from] item: Leftovers\n|upkeep\n|turn|64\n|\n|t:|1701157204\n|move|p2a: BlueWingsNotGreen|Air Slash|p1a: Cradily\n|-damage|p1a: Cradily|48\/100\n|cant|p1a: Cradily|flinch\n|\n|-heal|p1a: Cradily|54\/100|[from] item: Leftovers\n|upkeep\n|turn|65\n|\n|t:|1701157211\n|move|p2a: BlueWingsNotGreen|Air Slash|p1a: Cradily\n|-damage|p1a: Cradily|29\/100\n|move|p1a: Cradily|Toxic|p2a: BlueWingsNotGreen\n|-status|p2a: BlueWingsNotGreen|tox\n|\n|-heal|p1a: Cradily|36\/100|[from] item: Leftovers\n|-damage|p2a: BlueWingsNotGreen|53\/100 tox|[from] psn\n|upkeep\n|turn|66\n|\n|t:|1701157224\n|move|p2a: BlueWingsNotGreen|Air Slash|p1a: Cradily\n|-damage|p1a: Cradily|11\/100\n|cant|p1a: Cradily|flinch\n|\n|-heal|p1a: Cradily|18\/100|[from] item: Leftovers\n|-damage|p2a: BlueWingsNotGreen|41\/100 tox|[from] psn\n|upkeep\n|turn|67\n|\n|t:|1701157231\n|move|p2a: BlueWingsNotGreen|Air Slash|p1a: Cradily\n|-damage|p1a: Cradily|0 fnt\n|faint|p1a: Cradily\n|\n|-damage|p2a: BlueWingsNotGreen|23\/100 tox|[from] psn\n|upkeep\n|c|\u2606Najirs|phew\n|c|\u2606Najirs|welp anyway\n|c|\u2606Najirs|gg\n|\n|t:|1701157250\n|switch|p1a: Venusaur|Venusaur-Mega, F|13\/100\n|turn|68\n|\n|t:|1701157259\n|move|p2a: BlueWingsNotGreen|Flamethrower|p1a: Venusaur\n|-supereffective|p1a: Venusaur\n|-damage|p1a: Venusaur|0 fnt\n|faint|p1a: Venusaur\n|\n|-damage|p2a: BlueWingsNotGreen|0 fnt|[from] psn\n|faint|p2a: BlueWingsNotGreen\n|upkeep\n|c| DracoShivam|How do you plan on killing oger\n|c|\u2606Najirs|I can't\n|\n|t:|1701157290\n|switch|p2a: Inner Peace|Urshifu-Rapid-Strike, M|88\/100\n|switch|p1a: Ludicolo|Ludicolo, F|36\/100\n|-damage|p2a: Inner Peace|82\/100|[from] Stealth Rock\n|turn|69\n|\n|t:|1701157301\n|move|p2a: Inner Peace|Poison Jab|p1a: Ludicolo\n|-supereffective|p1a: Ludicolo\n|-damage|p1a: Ludicolo|0 fnt\n|faint|p1a: Ludicolo\n|\n|upkeep\n|\n|t:|1701157306\n|switch|p1a: Lilligant|Lilligant-Hisui, F|38\/100\n|turn|70\n|\n|t:|1701157310\n|move|p1a: Lilligant|Sleep Powder|p2a: Inner Peace|[miss]\n|-miss|p1a: Lilligant|p2a: Inner Peace\n|move|p2a: Inner Peace|Poison Jab|p1a: Lilligant\n|-supereffective|p1a: Lilligant\n|-damage|p1a: Lilligant|0 fnt\n|faint|p1a: Lilligant\n|\n|upkeep\n|\n|t:|1701157315\n|switch|p1a: Ogerpon|Ogerpon-Wellspring, F|19\/100\n|turn|71\n|c| DracoShivam|Bruh\n|c|\u2606Najirs|what an extremely bad tera I chose\n|c| DracoShivam|Why\n|c|\u2606Najirs|ground against grass\n|\n|t:|1701157324\n|move|p1a: Ogerpon|Play Rough|p2a: Inner Peace|[miss]\n|-miss|p1a: Ogerpon|p2a: Inner Peace\n|move|p2a: Inner Peace|Poison Jab|p1a: Ogerpon\n|-supereffective|p1a: Ogerpon\n|-damage|p1a: Ogerpon|0 fnt\n|faint|p1a: Ogerpon\n|\n|win|Najirs\n|c|\u2606DeathRayKPK|bruh\n|c|\u2606Najirs|LMAOOOOOOO\n|c| DracoShivam|Well\n|c|\u2606Najirs|I really needed that\n|c|\u2606Najirs|holy shit\n|c| DracoShivam|That happened\n|c|\u2606DeathRayKPK|should have horn leeched\n|c|\u2606Najirs|horn leech would fuck me\n|c|\u2606DeathRayKPK|I forgot\n|c|\u2606Najirs|holy shit\n|c|\u2606Najirs|that was so close\n|c|\u2606DeathRayKPK|no I'm glad\n|c|\u2606Najirs|I'm embarrassed\n|c| DracoShivam|That was the most unfortunate match I've seen\n|c|\u2606DeathRayKPK|I'm done with this godforsaken grass team\n|c|\u2606Najirs|absolutely\n","uploadtime":1701157365,"views":16,"p1id":"deathraykpk","p2id":"najirs","formatid":"gen9nationaldex","rating":0,"private":0,"password":""}