{"id":"gen9nationaldex-1987257657","p1":"scummy bag","p2":"Alexandre195","format":"[Gen 9] National Dex","log":"|j|\u2606scummy bag\n|j|\u2606Alexandre195\n|t:|1699570206\n|gametype|singles\n|player|p1|scummy bag|bede-masters|1347\n|player|p2|Alexandre195|nate|1344\n|teamsize|p1|6\n|teamsize|p2|6\n|gen|9\n|tier|[Gen 9] National Dex\n|rated|\n|rule|HP Percentage Mod: HP is shown in percentages\n|rule|Endless Battle Clause: Forcing endless battles is banned\n|rule|OHKO Clause: OHKO moves are banned\n|rule|Evasion Clause: Evasion abilities, items, and moves are banned\n|rule|Evasion Abilities Clause: Evasion abilities are banned\n|rule|Evasion Items Clause: Evasion items are banned\n|rule|Evasion Moves Clause: Evasion moves are banned\n|rule|Species Clause: Limit one of each Pok\u00e9mon\n|rule|Sleep Clause Mod: Limit one foe put to sleep\n|clearpoke\n|poke|p1|Thundurus-Therian, M|\n|poke|p1|Meowscarada, M|\n|poke|p1|Feraligatr, M|\n|poke|p1|Great Tusk|\n|poke|p1|Slowbro, M|\n|poke|p1|Nihilego|\n|poke|p2|Ogerpon-Wellspring, F|\n|poke|p2|Maushold|\n|poke|p2|Lokix, M|\n|poke|p2|Garganacl, F|\n|poke|p2|Clodsire, F|\n|poke|p2|Skeledirge, F|\n|teampreview\n|inactive|Battle timer is ON: inactive players will automatically lose when time's up. (requested by Alexandre195)\n|\n|t:|1699570213\n|start\n|switch|p1a: Thundurus|Thundurus-Therian, M, shiny|100\/100\n|switch|p2a: Maushold|Maushold|100\/100\n|turn|1\n|\n|t:|1699570218\n|move|p2a: Maushold|Population Bomb|p1a: Thundurus\n|-damage|p1a: Thundurus|88\/100\n|-damage|p1a: Thundurus|74\/100\n|-damage|p1a: Thundurus|60\/100\n|-damage|p1a: Thundurus|45\/100\n|-damage|p1a: Thundurus|31\/100\n|-damage|p1a: Thundurus|17\/100\n|-damage|p1a: Thundurus|1\/100\n|-damage|p1a: Thundurus|0 fnt\n|faint|p1a: Thundurus\n|-hitcount|p1: Thundurus|8\n|\n|upkeep\n|\n|t:|1699570229\n|switch|p1a: Great Tusk|Great Tusk|100\/100\n|turn|2\n|\n|t:|1699570233\n|switch|p2a: Clodsire|Clodsire, F|100\/100\n|move|p1a: Great Tusk|Rapid Spin|p2a: Clodsire\n|-damage|p2a: Clodsire|84\/100\n|-boost|p1a: Great Tusk|spe|1\n|\n|-heal|p2a: Clodsire|90\/100|[from] item: Black Sludge\n|upkeep\n|turn|3\n|inactive|scummy bag has 120 seconds left.\n|\n|t:|1699570270\n|move|p1a: Great Tusk|Earthquake|p2a: Clodsire\n|-supereffective|p2a: Clodsire\n|-damage|p2a: Clodsire|0 fnt\n|faint|p2a: Clodsire\n|\n|upkeep\n|\n|t:|1699570276\n|switch|p2a: Ogerpon|Ogerpon-Wellspring, F|100\/100\n|turn|4\n|inactive|scummy bag has 120 seconds left.\n|inactive|scummy bag has 90 seconds left.\n|\n|t:|1699570321\n|move|p1a: Great Tusk|Close Combat|p2a: Ogerpon\n|-damage|p2a: Ogerpon|22\/100\n|-unboost|p1a: Great Tusk|def|1\n|-unboost|p1a: Great Tusk|spd|1\n|move|p2a: Ogerpon|Ivy Cudgel|p1a: Great Tusk\n|-supereffective|p1a: Great Tusk\n|-damage|p1a: Great Tusk|0 fnt\n|faint|p1a: Great Tusk\n|-end|p1a: Great Tusk|Protosynthesis|[silent]\n|\n|upkeep\n|inactive|scummy bag has 90 seconds left.\n|\n|t:|1699570330\n|switch|p1a: Meowscarada|Meowscarada, M|100\/100\n|turn|5\n|\n|t:|1699570349\n|move|p2a: Ogerpon|Spiky Shield|p2a: Ogerpon\n|-singleturn|p2a: Ogerpon|move: Protect\n|move|p1a: Meowscarada|Knock Off|p2a: Ogerpon\n|-activate|p2a: Ogerpon|move: Protect\n|-damage|p1a: Meowscarada|88\/100|[from] Spiky Shield|[of] p2a: Ogerpon\n|\n|upkeep\n|turn|6\n|inactive|scummy bag has 90 seconds left.\n|inactive|scummy bag has 60 seconds left.\n|\n|t:|1699570412\n|switch|p2a: Lokix|Lokix, M|100\/100\n|move|p1a: Meowscarada|Knock Off|p2a: Lokix\n|-resisted|p2a: Lokix\n|-damage|p2a: Lokix|58\/100\n|-enditem|p2a: Lokix|Choice Band|[from] move: Knock Off|[of] p1a: Meowscarada\n|-damage|p1a: Meowscarada|78\/100|[from] item: Life Orb\n|\n|upkeep\n|turn|7\n|inactive|scummy bag has 30 seconds left.\n|\n|t:|1699570447\n|switch|p1a: Nihilego|Nihilego|100\/100\n|move|p2a: Lokix|First Impression|p1a: Nihilego\n|-resisted|p1a: Nihilego\n|-damage|p1a: Nihilego|36\/100\n|\n|upkeep\n|turn|8\n|inactive|scummy bag has 30 seconds left.\n|\n|t:|1699570458\n|move|p2a: Lokix|Sucker Punch|p1a: Nihilego\n|-damage|p1a: Nihilego|0 fnt\n|faint|p1a: Nihilego\n|\n|upkeep\n|inactive|scummy bag has 30 seconds left.\n|\n|t:|1699570465\n|switch|p1a: Feraligatr|Feraligatr, M|100\/100\n|turn|9\n|\n|t:|1699570469\n|move|p2a: Lokix|U-turn|p1a: Feraligatr\n|-damage|p1a: Feraligatr|65\/100\n|\n|t:|1699570473\n|switch|p2a: Ogerpon|Ogerpon-Wellspring, F|22\/100|[from] U-turn\n|move|p1a: Feraligatr|Dragon Dance|p1a: Feraligatr\n|-boost|p1a: Feraligatr|atk|1\n|-boost|p1a: Feraligatr|spe|1\n|\n|upkeep\n|turn|10\n|inactive|scummy bag has 30 seconds left.\n|inactive|scummy bag has 20 seconds left.\n|\n|t:|1699570512\n|move|p1a: Feraligatr|Ice Punch|p2a: Ogerpon\n|-damage|p2a: Ogerpon|0 fnt\n|faint|p2a: Ogerpon\n|\n|upkeep\n|inactive|scummy bag has 25 seconds left this turn.\n|\n|t:|1699570542\n|switch|p2a: Lokix|Lokix, M|58\/100\n|turn|11\n|inactive|scummy bag has 30 seconds left.\n|\n|t:|1699570548\n|-terastallize|p2a: Lokix|Bug\n|move|p2a: Lokix|First Impression|p1a: Feraligatr\n|-crit|p1a: Feraligatr\n|-damage|p1a: Feraligatr|0 fnt\n|faint|p1a: Feraligatr\n|\n|upkeep\n|inactive|scummy bag has 30 seconds left.\n|inactive|scummy bag has 20 seconds left.\n|inactive|scummy bag has 15 seconds left.\n|\n|t:|1699570573\n|switch|p1a: Meowscarada|Meowscarada, M|78\/100\n|turn|12\n|inactive|scummy bag has 25 seconds left this turn.\n|\n|t:|1699570578\n|move|p1a: Meowscarada|Flower Trick|p2a: Lokix\n|-resisted|p2a: Lokix\n|-crit|p2a: Lokix\n|-damage|p2a: Lokix|9\/100\n|-damage|p1a: Meowscarada|68\/100|[from] item: Life Orb\n|move|p2a: Lokix|U-turn|p1a: Meowscarada\n|-supereffective|p1a: Meowscarada\n|-damage|p1a: Meowscarada|0 fnt\n|faint|p1a: Meowscarada\n|inactive|scummy bag has 30 seconds left this turn.\n|\n|t:|1699570584\n|switch|p2a: Maushold|Maushold|100\/100|[from] U-turn\n|\n|upkeep\n|inactive|scummy bag has 30 seconds left.\n|\n|t:|1699570589\n|switch|p1a: Slowbro|Slowbro, M|100\/100\n|turn|13\n|\n|t:|1699570592\n|detailschange|p1a: Slowbro|Slowbro-Mega, M\n|-mega|p1a: Slowbro|Slowbro|Slowbronite\n|move|p2a: Maushold|Bite|p1a: Slowbro\n|-supereffective|p1a: Slowbro\n|-damage|p1a: Slowbro|82\/100\n|cant|p1a: Slowbro|flinch\n|\n|upkeep\n|turn|14\n|\n|t:|1699570605\n|move|p2a: Maushold|Population Bomb|p1a: Slowbro\n|-damage|p1a: Slowbro|77\/100\n|-damage|p1a: Slowbro|72\/100\n|-damage|p1a: Slowbro|68\/100\n|-damage|p1a: Slowbro|63\/100\n|-damage|p1a: Slowbro|58\/100\n|-damage|p1a: Slowbro|53\/100\n|-damage|p1a: Slowbro|48\/100\n|-damage|p1a: Slowbro|43\/100\n|-damage|p1a: Slowbro|39\/100\n|-damage|p1a: Slowbro|34\/100\n|-hitcount|p1a: Slowbro|10\n|move|p1a: Slowbro|Body Press|p2a: Maushold\n|-supereffective|p2a: Maushold\n|-damage|p2a: Maushold|0 fnt\n|faint|p2a: Maushold\n|\n|upkeep\n|\n|t:|1699570609\n|switch|p2a: Lokix|Lokix, M, tera:Bug|9\/100\n|turn|15\n|c|\u2606Alexandre195|gg\n|\n|t:|1699570616\n|move|p2a: Lokix|First Impression|p1a: Slowbro\n|-supereffective|p1a: Slowbro\n|-damage|p1a: Slowbro|0 fnt\n|faint|p1a: Slowbro\n|\n|win|Alexandre195\n|raw|scummy bag's rating: 1347 &rarr; <strong>1327<\/strong><br \/>(-20 for losing)\n|raw|Alexandre195's rating: 1344 &rarr; <strong>1364<\/strong><br \/>(+20 for winning)\n|c|\u2606scummy bag|gg\n","uploadtime":1699570626,"views":4,"p1id":"scummybag","p2id":"alexandre195","formatid":"gen9nationaldex","rating":1327,"private":0,"password":""}