{"id":"gen9nationaldex-1993952197","p1":"TaeYangI","p2":"YoungWwwwww","format":"[Gen 9] National Dex","log":"|j|\u2606TaeYangI\n|j|\u2606YoungWwwwww\n|t:|1700381643\n|gametype|singles\n|player|p1|TaeYangI|cynthia|1305\n|player|p2|YoungWwwwww|169|1386\n|teamsize|p1|6\n|teamsize|p2|6\n|gen|9\n|tier|[Gen 9] National Dex\n|rated|\n|rule|HP Percentage Mod: HP is shown in percentages\n|rule|Endless Battle Clause: Forcing endless battles is banned\n|rule|OHKO Clause: OHKO moves are banned\n|rule|Evasion Clause: Evasion abilities, items, and moves are banned\n|rule|Evasion Abilities Clause: Evasion abilities are banned\n|rule|Evasion Items Clause: Evasion items are banned\n|rule|Evasion Moves Clause: Evasion moves are banned\n|rule|Species Clause: Limit one of each Pok\u00e9mon\n|rule|Sleep Clause Mod: Limit one foe put to sleep\n|clearpoke\n|poke|p1|Lopunny, F|\n|poke|p1|Alomomola, F|\n|poke|p1|Celesteela|\n|poke|p1|Heatran, M|\n|poke|p1|Toxapex, F|\n|poke|p1|Clodsire, M|\n|poke|p2|Barraskewda, F|\n|poke|p2|Pelipper, M|\n|poke|p2|Swampert, F|\n|poke|p2|Kingdra, M|\n|poke|p2|Zapdos|\n|poke|p2|Floatzel, F|\n|teampreview\n|\n|t:|1700381659\n|start\n|switch|p1a: Heatran|Heatran, M, shiny|100\/100\n|switch|p2a: Swampert|Swampert, F|100\/100\n|turn|1\n|\n|t:|1700381671\n|detailschange|p2a: Swampert|Swampert-Mega, F\n|-mega|p2a: Swampert|Swampert|Swampertite\n|move|p2a: Swampert|Flip Turn|p1a: Heatran\n|-supereffective|p1a: Heatran\n|-damage|p1a: Heatran|27\/100\n|\n|t:|1700381680\n|switch|p2a: Pelipper|Pelipper, M|100\/100|[from] Flip Turn\n|-weather|RainDance|[from] ability: Drizzle|[of] p2a: Pelipper\n|-zpower|p1a: Heatran\n|move|p1a: Heatran|Bloom Doom|p2a: Pelipper|[zeffect]\n|-damage|p2a: Pelipper|15\/100\n|\n|-weather|RainDance|[upkeep]\n|upkeep\n|turn|2\n|\n|t:|1700381695\n|switch|p2a: Kingdra|Kingdra, M|100\/100\n|move|p1a: Heatran|Stealth Rock|p2a: Kingdra\n|-sidestart|p2: YoungWwwwww|move: Stealth Rock\n|\n|-weather|RainDance|[upkeep]\n|upkeep\n|turn|3\n|\n|t:|1700381707\n|move|p2a: Kingdra|Draco Meteor|p1a: Heatran\n|-resisted|p1a: Heatran\n|-damage|p1a: Heatran|0 fnt\n|-unboost|p2a: Kingdra|spa|2\n|faint|p1a: Heatran\n|\n|-weather|RainDance|[upkeep]\n|upkeep\n|\n|t:|1700381728\n|switch|p1a: Toxapex|Toxapex, F, shiny|100\/100\n|turn|4\n|\n|t:|1700381733\n|move|p2a: Kingdra|Draco Meteor|p1a: Toxapex\n|-damage|p1a: Toxapex|69\/100\n|-unboost|p2a: Kingdra|spa|2\n|move|p1a: Toxapex|Toxic Spikes|p2a: Kingdra\n|-sidestart|p2: YoungWwwwww|move: Toxic Spikes\n|\n|-weather|RainDance|[upkeep]\n|-heal|p1a: Toxapex|75\/100|[from] item: Leftovers\n|upkeep\n|turn|5\n|\n|t:|1700381743\n|switch|p2a: Zapdos|Zapdos|100\/100\n|move|p1a: Toxapex|Toxic Spikes|p2a: Zapdos\n|-sidestart|p2: YoungWwwwww|move: Toxic Spikes\n|\n|-weather|RainDance|[upkeep]\n|-heal|p1a: Toxapex|81\/100|[from] item: Leftovers\n|upkeep\n|turn|6\n|inactive|Battle timer is ON: inactive players will automatically lose when time's up. (requested by YoungWwwwww)\n|\n|t:|1700381753\n|move|p2a: Zapdos|Defog|p1a: Toxapex\n|-unboost|p1a: Toxapex|evasion|1\n|-sideend|p2: YoungWwwwww|Toxic Spikes|[from] move: Defog|[of] p2a: Zapdos\n|-sideend|p2: YoungWwwwww|Stealth Rock|[from] move: Defog|[of] p2a: Zapdos\n|move|p1a: Toxapex|Scald|p2a: Zapdos\n|-damage|p2a: Zapdos|71\/100\n|-status|p2a: Zapdos|brn\n|\n|-weather|RainDance|[upkeep]\n|-heal|p1a: Toxapex|87\/100|[from] item: Leftovers\n|-damage|p2a: Zapdos|64\/100 brn|[from] brn\n|upkeep\n|turn|7\n|\n|t:|1700381766\n|move|p2a: Zapdos|Thunder|p1a: Toxapex\n|-supereffective|p1a: Toxapex\n|-damage|p1a: Toxapex|4\/100\n|move|p1a: Toxapex|Scald|p2a: Zapdos\n|-damage|p2a: Zapdos|36\/100 brn\n|\n|-weather|RainDance|[upkeep]\n|-heal|p1a: Toxapex|10\/100|[from] item: Leftovers\n|-damage|p2a: Zapdos|29\/100 brn|[from] brn\n|upkeep\n|turn|8\n|\n|t:|1700381785\n|switch|p2a: Kingdra|Kingdra, M|100\/100\n|switch|p1a: Clodsire|Clodsire, M, shiny|100\/100\n|\n|-weather|none\n|upkeep\n|turn|9\n|\n|t:|1700381802\n|move|p2a: Kingdra|Draco Meteor|p1a: Clodsire\n|-damage|p1a: Clodsire|50\/100\n|-unboost|p2a: Kingdra|spa|2\n|move|p1a: Clodsire|Toxic|p2a: Kingdra\n|-status|p2a: Kingdra|tox\n|\n|-heal|p1a: Clodsire|56\/100|[from] item: Leftovers\n|-damage|p2a: Kingdra|94\/100 tox|[from] psn\n|upkeep\n|turn|10\n|\n|t:|1700381816\n|switch|p2a: Pelipper|Pelipper, M|15\/100\n|-weather|RainDance|[from] ability: Drizzle|[of] p2a: Pelipper\n|move|p1a: Clodsire|Recover|p1a: Clodsire\n|-heal|p1a: Clodsire|100\/100\n|\n|-weather|RainDance|[upkeep]\n|upkeep\n|turn|11\n|\n|t:|1700381831\n|move|p2a: Pelipper|U-turn|p1a: Clodsire\n|-resisted|p1a: Clodsire\n|-damage|p1a: Clodsire|96\/100\n|\n|t:|1700381838\n|switch|p2a: Barraskewda|Barraskewda, F|100\/100|[from] U-turn\n|move|p1a: Clodsire|Toxic|p2a: Barraskewda\n|-status|p2a: Barraskewda|tox\n|\n|-weather|RainDance|[upkeep]\n|-heal|p1a: Clodsire|100\/100|[from] item: Leftovers\n|-damage|p2a: Barraskewda|94\/100 tox|[from] psn\n|upkeep\n|turn|12\n|inactive|TaeYangI has 120 seconds left.\n|\n|t:|1700381871\n|switch|p1a: Toxapex|Toxapex, F, shiny|43\/100\n|move|p2a: Barraskewda|Psychic Fangs|p1a: Toxapex\n|-supereffective|p1a: Toxapex\n|-damage|p1a: Toxapex|0 fnt\n|faint|p1a: Toxapex\n|\n|-weather|RainDance|[upkeep]\n|-damage|p2a: Barraskewda|82\/100 tox|[from] psn\n|upkeep\n|inactive|TaeYangI has 120 seconds left.\n|\n|t:|1700381886\n|switch|p1a: Alomomola|Alomomola, F, shiny|100\/100\n|turn|13\n|\n|t:|1700381891\n|switch|p2a: Kingdra|Kingdra, M|94\/100 tox\n|move|p1a: Alomomola|Protect||[still]\n|-fail|p1a: Alomomola\n|\n|-weather|RainDance|[upkeep]\n|-damage|p2a: Kingdra|88\/100 tox|[from] psn\n|upkeep\n|turn|14\n|\n|t:|1700381908\n|switch|p2a: Swampert|Swampert-Mega, F|100\/100\n|switch|p1a: Clodsire|Clodsire, M, shiny|100\/100\n|\n|-weather|RainDance|[upkeep]\n|upkeep\n|turn|15\n|inactive|TaeYangI has 120 seconds left.\n|\n|t:|1700381934\n|move|p2a: Swampert|Flip Turn|p1a: Clodsire\n|-supereffective|p1a: Clodsire\n|-damage|p1a: Clodsire|0 fnt\n|faint|p1a: Clodsire\n|\n|t:|1700381952\n|switch|p2a: Floatzel|Floatzel, F|100\/100|[from] Flip Turn\n|\n|-weather|RainDance|[upkeep]\n|upkeep\n|\n|t:|1700381963\n|switch|p1a: Alomomola|Alomomola, F, shiny|100\/100\n|turn|16\n|\n|t:|1700381969\n|move|p2a: Floatzel|Flip Turn|p1a: Alomomola\n|-resisted|p1a: Alomomola\n|-damage|p1a: Alomomola|81\/100\n|-damage|p2a: Floatzel|84\/100|[from] item: Rocky Helmet|[of] p1a: Alomomola\n|\n|t:|1700381975\n|switch|p2a: Kingdra|Kingdra, M|88\/100 tox|[from] Flip Turn\n|move|p1a: Alomomola|Flip Turn|p2a: Kingdra\n|-resisted|p2a: Kingdra\n|-damage|p2a: Kingdra|80\/100 tox\n|\n|t:|1700381982\n|switch|p1a: \uc5ec\uc790\uce5c\uad6c|Lopunny, F, shiny|100\/100|[from] Flip Turn\n|\n|-weather|RainDance|[upkeep]\n|-damage|p2a: Kingdra|74\/100 tox|[from] psn\n|upkeep\n|turn|17\n|\n|t:|1700381996\n|detailschange|p1a: \uc5ec\uc790\uce5c\uad6c|Lopunny-Mega, F, shiny\n|-mega|p1a: \uc5ec\uc790\uce5c\uad6c|Lopunny|Lopunnite\n|move|p1a: \uc5ec\uc790\uce5c\uad6c|Fake Out|p2a: Kingdra\n|-damage|p2a: Kingdra|47\/100 tox\n|cant|p2a: Kingdra|flinch\n|\n|-weather|none\n|-damage|p2a: Kingdra|35\/100 tox|[from] psn\n|upkeep\n|turn|18\n|\n|t:|1700382008\n|switch|p2a: Pelipper|Pelipper, M|15\/100\n|-weather|RainDance|[from] ability: Drizzle|[of] p2a: Pelipper\n|move|p1a: \uc5ec\uc790\uce5c\uad6c|Substitute|p1a: \uc5ec\uc790\uce5c\uad6c\n|-start|p1a: \uc5ec\uc790\uce5c\uad6c|Substitute\n|-damage|p1a: \uc5ec\uc790\uce5c\uad6c|76\/100\n|\n|-weather|RainDance|[upkeep]\n|upkeep\n|turn|19\n|\n|t:|1700382017\n|move|p1a: \uc5ec\uc790\uce5c\uad6c|Return|p2a: Pelipper\n|-damage|p2a: Pelipper|0 fnt\n|faint|p2a: Pelipper\n|\n|-weather|RainDance|[upkeep]\n|upkeep\n|\n|t:|1700382023\n|switch|p2a: Swampert|Swampert-Mega, F|100\/100\n|turn|20\n|\n|t:|1700382029\n|move|p2a: Swampert|Waterfall|p1a: \uc5ec\uc790\uce5c\uad6c\n|-end|p1a: \uc5ec\uc790\uce5c\uad6c|Substitute\n|move|p1a: \uc5ec\uc790\uce5c\uad6c|High Jump Kick|p2a: Swampert\n|-damage|p2a: Swampert|33\/100\n|\n|-weather|RainDance|[upkeep]\n|upkeep\n|turn|21\n|\n|t:|1700382038\n|switch|p1a: Alomomola|Alomomola, F, shiny|100\/100\n|move|p2a: Swampert|Earthquake|p1a: Alomomola\n|-damage|p1a: Alomomola|70\/100\n|\n|-weather|RainDance|[upkeep]\n|upkeep\n|turn|22\n|\n|t:|1700382048\n|switch|p2a: Zapdos|Zapdos|29\/100 brn\n|move|p1a: Alomomola|Wish|p1a: Alomomola\n|\n|-weather|RainDance|[upkeep]\n|-damage|p2a: Zapdos|23\/100 brn|[from] brn\n|upkeep\n|turn|23\n|\n|t:|1700382057\n|move|p1a: Alomomola|Protect|p1a: Alomomola\n|-singleturn|p1a: Alomomola|Protect\n|move|p2a: Zapdos|Thunder|p1a: Alomomola\n|-activate|p1a: Alomomola|move: Protect\n|\n|-weather|RainDance|[upkeep]\n|-heal|p1a: Alomomola|100\/100|[from] move: Wish|[wisher] Alomomola\n|-damage|p2a: Zapdos|17\/100 brn|[from] brn\n|upkeep\n|turn|24\n|\n|t:|1700382073\n|-terastallize|p1a: Alomomola|Fairy\n|move|p2a: Zapdos|Thunder|p1a: Alomomola\n|-damage|p1a: Alomomola|34\/100\n|move|p1a: Alomomola|Scald|p2a: Zapdos\n|-crit|p2a: Zapdos\n|-damage|p2a: Zapdos|0 fnt\n|faint|p2a: Zapdos\n|\n|-weather|RainDance|[upkeep]\n|upkeep\n|\n|t:|1700382101\n|switch|p2a: Barraskewda|Barraskewda, F|82\/100 tox\n|turn|25\n|\n|t:|1700382111\n|-zpower|p2a: Barraskewda\n|move|p2a: Barraskewda|Hydro Vortex|p1a: Alomomola|[zeffect]\n|-damage|p1a: Alomomola|0 fnt\n|faint|p1a: Alomomola\n|\n|-weather|none\n|-damage|p2a: Barraskewda|76\/100 tox|[from] psn\n|upkeep\n|\n|t:|1700382123\n|switch|p1a: \uc5ec\uc790\uce5c\uad6c|Lopunny-Mega, F, shiny|76\/100\n|turn|26\n|\n|t:|1700382129\n|move|p1a: \uc5ec\uc790\uce5c\uad6c|Substitute|p1a: \uc5ec\uc790\uce5c\uad6c\n|-start|p1a: \uc5ec\uc790\uce5c\uad6c|Substitute\n|-damage|p1a: \uc5ec\uc790\uce5c\uad6c|51\/100\n|move|p2a: Barraskewda|Psychic Fangs|p1a: \uc5ec\uc790\uce5c\uad6c\n|-supereffective|p1a: \uc5ec\uc790\uce5c\uad6c\n|-end|p1a: \uc5ec\uc790\uce5c\uad6c|Substitute\n|\n|-damage|p2a: Barraskewda|64\/100 tox|[from] psn\n|upkeep\n|turn|27\n|\n|t:|1700382141\n|move|p1a: \uc5ec\uc790\uce5c\uad6c|Return|p2a: Barraskewda\n|-damage|p2a: Barraskewda|0 fnt\n|faint|p2a: Barraskewda\n|\n|upkeep\n|\n|t:|1700382146\n|switch|p2a: Floatzel|Floatzel, F|84\/100\n|turn|28\n|\n|t:|1700382151\n|switch|p1a: Celesteela|Celesteela, shiny|100\/100\n|-terastallize|p2a: Floatzel|Water\n|move|p2a: Floatzel|Aqua Jet|p1a: Celesteela\n|-damage|p1a: Celesteela|76\/100\n|\n|-heal|p1a: Celesteela|82\/100|[from] item: Leftovers\n|upkeep\n|turn|29\n|\n|t:|1700382165\n|switch|p2a: Kingdra|Kingdra, M|35\/100 tox\n|move|p1a: Celesteela|Leech Seed|p2a: Kingdra\n|-start|p2a: Kingdra|move: Leech Seed\n|\n|-heal|p1a: Celesteela|88\/100|[from] item: Leftovers\n|-damage|p2a: Kingdra|22\/100 tox|[from] Leech Seed|[of] p1a: Celesteela\n|-heal|p1a: Celesteela|97\/100|[silent]\n|-damage|p2a: Kingdra|16\/100 tox|[from] psn\n|upkeep\n|turn|30\n|\n|t:|1700382177\n|switch|p2a: Swampert|Swampert-Mega, F|33\/100\n|move|p1a: Celesteela|Heavy Slam|p2a: Swampert\n|-resisted|p2a: Swampert\n|-damage|p2a: Swampert|15\/100\n|\n|-heal|p1a: Celesteela|100\/100|[from] item: Leftovers\n|upkeep\n|turn|31\n|\n|t:|1700382187\n|move|p2a: Swampert|Waterfall|p1a: Celesteela\n|-damage|p1a: Celesteela|70\/100\n|move|p1a: Celesteela|Leech Seed|p2a: Swampert\n|-start|p2a: Swampert|move: Leech Seed\n|\n|-heal|p1a: Celesteela|76\/100|[from] item: Leftovers\n|-damage|p2a: Swampert|3\/100|[from] Leech Seed|[of] p1a: Celesteela\n|-heal|p1a: Celesteela|87\/100|[silent]\n|upkeep\n|turn|32\n|\n|t:|1700382197\n|move|p2a: Swampert|Flip Turn|p1a: Celesteela\n|-damage|p1a: Celesteela|63\/100\n|\n|t:|1700382201\n|switch|p2a: Kingdra|Kingdra, M|16\/100 tox|[from] Flip Turn\n|move|p1a: Celesteela|Leech Seed|p2a: Kingdra\n|-start|p2a: Kingdra|move: Leech Seed\n|\n|-heal|p1a: Celesteela|69\/100|[from] item: Leftovers\n|-damage|p2a: Kingdra|4\/100 tox|[from] Leech Seed|[of] p1a: Celesteela\n|-heal|p1a: Celesteela|78\/100|[silent]\n|-damage|p2a: Kingdra|0 fnt|[from] psn\n|faint|p2a: Kingdra\n|upkeep\n|\n|t:|1700382210\n|switch|p2a: Swampert|Swampert-Mega, F|3\/100\n|turn|33\n|\n|t:|1700382216\n|move|p2a: Swampert|Waterfall|p1a: Celesteela\n|-damage|p1a: Celesteela|49\/100\n|move|p1a: Celesteela|Leech Seed|p2a: Swampert\n|-start|p2a: Swampert|move: Leech Seed\n|\n|-heal|p1a: Celesteela|55\/100|[from] item: Leftovers\n|-damage|p2a: Swampert|0 fnt|[from] Leech Seed|[of] p1a: Celesteela\n|-heal|p1a: Celesteela|58\/100|[silent]\n|faint|p2a: Swampert\n|upkeep\n|\n|t:|1700382225\n|switch|p2a: Floatzel|Floatzel, F, tera:Water|84\/100\n|turn|34\n|\n|t:|1700382229\n|move|p1a: Celesteela|Protect|p1a: Celesteela\n|-singleturn|p1a: Celesteela|Protect\n|move|p2a: Floatzel|Aqua Jet|p1a: Celesteela\n|-activate|p1a: Celesteela|move: Protect\n|\n|-heal|p1a: Celesteela|64\/100|[from] item: Leftovers\n|upkeep\n|turn|35\n|\n|t:|1700382239\n|move|p2a: Floatzel|Aqua Jet|p1a: Celesteela\n|-damage|p1a: Celesteela|39\/100\n|move|p1a: Celesteela|Leech Seed|p2a: Floatzel\n|-start|p2a: Floatzel|move: Leech Seed\n|\n|-heal|p1a: Celesteela|46\/100|[from] item: Leftovers\n|-damage|p2a: Floatzel|71\/100|[from] Leech Seed|[of] p1a: Celesteela\n|-heal|p1a: Celesteela|55\/100|[silent]\n|upkeep\n|turn|36\n|-message|YoungWwwwww forfeited.\n|\n|win|TaeYangI\n|raw|TaeYangI's rating: 1305 &rarr; <strong>1330<\/strong><br \/>(+25 for winning)\n|raw|YoungWwwwww's rating: 1386 &rarr; <strong>1361<\/strong><br \/>(-25 for losing)\n|l|\u2606YoungWwwwww\n","uploadtime":1700382256,"views":16,"p1id":"taeyangi","p2id":"youngwwwwww","formatid":"gen9nationaldex","rating":1330,"private":0,"password":""}