{"id":"gen9nationaldex-1997930063","p1":"TexanFarmersMarket","p2":"bugmonobestmono","format":"[Gen 9] National Dex","log":"|html|<div class=\"broadcast-blue\"><strong>[Gen 9] National Dex is currently suspecting Sneasler! For information on how to participate check out the <a href=\"https:\/\/www.smogon.com\/forums\/threads\/sv-national-dex-suspect-8-just-dance.3731534\/\">suspect thread<\/a>.<\/strong><\/div>\n|j|\u2606TexanFarmersMarket\n|j|\u2606bugmonobestmono\n|t:|1700868721\n|gametype|singles\n|player|p1|TexanFarmersMarket|artist-gen4|\n|player|p2|bugmonobestmono|bugcatcher-gen4dp|\n|teamsize|p1|6\n|teamsize|p2|6\n|gen|9\n|tier|[Gen 9] National Dex\n|rule|HP Percentage Mod: HP is shown in percentages\n|rule|Endless Battle Clause: Forcing endless battles is banned\n|rule|OHKO Clause: OHKO moves are banned\n|rule|Evasion Clause: Evasion abilities, items, and moves are banned\n|rule|Evasion Abilities Clause: Evasion abilities are banned\n|rule|Evasion Items Clause: Evasion items are banned\n|rule|Evasion Moves Clause: Evasion moves are banned\n|rule|Species Clause: Limit one of each Pok\u00e9mon\n|rule|Sleep Clause Mod: Limit one foe put to sleep\n|clearpoke\n|poke|p1|Farigiraf, F|\n|poke|p1|Ditto|\n|poke|p1|Swellow, M|\n|poke|p1|Ursaluna, M|\n|poke|p1|Zoroark-Hisui, F|\n|poke|p1|Lopunny, M|\n|poke|p2|Ogerpon-Wellspring, F|\n|poke|p2|Absol, F|\n|poke|p2|Gliscor, F|\n|poke|p2|Sinistcha|\n|poke|p2|Araquanid, F|\n|poke|p2|Celesteela|\n|teampreview\n|inactive|Battle timer is ON: inactive players will automatically lose when time's up. (requested by TexanFarmersMarket)\n|inactive|bugmonobestmono also wants the timer to be on.\n|c|\u2606bugmonobestmono|glhf\n|c|\u2606TexanFarmersMarket|u2\n|\n|t:|1700868738\n|start\n|switch|p1a: Lopunny|Lopunny, M|100\/100\n|switch|p2a: Araquanid|Araquanid, F|100\/100\n|turn|1\n|\n|t:|1700868740\n|switch|p2a: Celesteela|Celesteela|100\/100\n|move|p1a: Lopunny|Taunt|p2a: Celesteela\n|-start|p2a: Celesteela|move: Taunt\n|\n|upkeep\n|turn|2\n|\n|t:|1700868745\n|move|p1a: Lopunny|Flamethrower|p2a: Celesteela\n|-supereffective|p2a: Celesteela\n|-damage|p2a: Celesteela|51\/100\n|move|p2a: Celesteela|Heavy Slam|p1a: Lopunny\n|-damage|p1a: Lopunny|14\/100\n|replace|p1a: Zoroark|Zoroark-Hisui, F\n|-end|p1a: Zoroark|Illusion\n|\n|-heal|p2a: Celesteela|57\/100|[from] item: Leftovers\n|upkeep\n|turn|3\n|\n|t:|1700868752\n|switch|p1a: Ditto|Ditto|100\/100\n|-transform|p1a: Ditto|p2a: Celesteela|[from] ability: Imposter\n|switch|p2a: Araquanid|Araquanid, F|100\/100\n|\n|upkeep\n|turn|4\n|\n|t:|1700868761\n|move|p2a: Araquanid|Magic Coat|p2a: Araquanid\n|-singleturn|p2a: Araquanid|move: Magic Coat\n|move|p1a: Ditto|Air Slash|p2a: Araquanid\n|-supereffective|p2a: Araquanid\n|-damage|p2a: Araquanid|54\/100\n|\n|upkeep\n|turn|5\n|\n|t:|1700868765\n|switch|p2a: Celesteela|Celesteela|57\/100\n|move|p1a: Ditto|Air Slash|p2a: Celesteela\n|-resisted|p2a: Celesteela\n|-damage|p2a: Celesteela|44\/100\n|\n|-heal|p2a: Celesteela|50\/100|[from] item: Leftovers\n|upkeep\n|turn|6\n|c|\u2606TexanFarmersMarket|what does magic coat do anyway\n|\n|t:|1700868776\n|switch|p1a: Ursaluna|Ursaluna, M|100\/100\n|move|p2a: Celesteela|Leech Seed|p1a: Ursaluna\n|-start|p1a: Ursaluna|move: Leech Seed\n|\n|-heal|p2a: Celesteela|57\/100|[from] item: Leftovers\n|-damage|p1a: Ursaluna|88\/100|[from] Leech Seed|[of] p2a: Celesteela\n|-heal|p2a: Celesteela|71\/100|[silent]\n|-status|p1a: Ursaluna|brn|[from] item: Flame Orb\n|upkeep\n|turn|7\n|c|\u2606bugmonobestmono|!dt magic coat\n|raw|<ul class=\"utilichart\"><li class=\"result\"><span class=\"col movenamecol\"><a href=\"https:\/\/dex.pokemonshowdown.com\/moves\/magiccoat\">Magic Coat<\/a><\/span> <span class=\"col typecol\"><img src=\"\/\/play.pokemonshowdown.com\/sprites\/types\/Psychic.png\" alt=\"Psychic\" width=\"32\" height=\"14\"><img src=\"\/\/play.pokemonshowdown.com\/sprites\/categories\/Status.png\" alt=\"Status\" width=\"32\" height=\"14\"><\/span> <span class=\"col widelabelcol\"><em>Accuracy<\/em><br>\u2014<\/span> <span class=\"col pplabelcol\"><em>PP<\/em><br>24<\/span> <span class=\"col movedesccol\">Bounces back certain non-damaging moves.<\/span> <\/li><li style=\"clear:both\"><\/li><\/ul>\n|raw|<font size=\"1\"><font color=\"#686868\">Priority:<\/font> 4&nbsp;|&ThickSpace;<font color=\"#686868\">Gen:<\/font> 3&nbsp;|&ThickSpace;&#10007; Past Gens Only&nbsp;|&ThickSpace;<font color=\"#686868\">Z-Effect:<\/font>  Sp. Def +2&nbsp;|&ThickSpace;<font color=\"#686868\">Target:<\/font> User<\/font>\n\n|c|\u2606bugmonobestmono|1 turn magic bounce\n|\n|t:|1700868791\n|move|p2a: Celesteela|Substitute|p2a: Celesteela\n|-start|p2a: Celesteela|Substitute\n|-damage|p2a: Celesteela|46\/100\n|move|p1a: Ursaluna|Smack Down|p2a: Celesteela\n|-activate|p2a: Celesteela|move: Substitute|[damage]\n|\n|-heal|p2a: Celesteela|52\/100|[from] item: Leftovers\n|-damage|p1a: Ursaluna|76\/100 brn|[from] Leech Seed|[of] p2a: Celesteela\n|-heal|p2a: Celesteela|66\/100|[silent]\n|-damage|p1a: Ursaluna|70\/100 brn|[from] brn\n|upkeep\n|turn|8\n|c|\u2606TexanFarmersMarket|fair enough\n|\n|t:|1700868796\n|move|p2a: Celesteela|Air Slash|p1a: Ursaluna\n|-damage|p1a: Ursaluna|48\/100 brn\n|move|p1a: Ursaluna|Smack Down|p2a: Celesteela\n|-end|p2a: Celesteela|Substitute\n|\n|-heal|p2a: Celesteela|72\/100|[from] item: Leftovers\n|-damage|p1a: Ursaluna|35\/100 brn|[from] Leech Seed|[of] p2a: Celesteela\n|-heal|p2a: Celesteela|87\/100|[silent]\n|-damage|p1a: Ursaluna|29\/100 brn|[from] brn\n|upkeep\n|turn|9\n|\n|t:|1700868800\n|move|p2a: Celesteela|Substitute|p2a: Celesteela\n|-start|p2a: Celesteela|Substitute\n|-damage|p2a: Celesteela|62\/100\n|move|p1a: Ursaluna|Smack Down|p2a: Celesteela\n|-activate|p2a: Celesteela|move: Substitute|[damage]\n|\n|-heal|p2a: Celesteela|68\/100|[from] item: Leftovers\n|-damage|p1a: Ursaluna|17\/100 brn|[from] Leech Seed|[of] p2a: Celesteela\n|-heal|p2a: Celesteela|82\/100|[silent]\n|-damage|p1a: Ursaluna|11\/100 brn|[from] brn\n|upkeep\n|turn|10\n|\n|t:|1700868806\n|move|p2a: Celesteela|Heavy Slam|p1a: Ursaluna\n|-damage|p1a: Ursaluna|0 fnt\n|faint|p1a: Ursaluna\n|-ability|p2a: Celesteela|Beast Boost|boost\n|-boost|p2a: Celesteela|def|1\n|\n|-heal|p2a: Celesteela|88\/100|[from] item: Leftovers\n|upkeep\n|\n|t:|1700868809\n|switch|p1a: Swellow|Swellow, M|100\/100\n|turn|11\n|\n|t:|1700868816\n|switch|p1a: Ditto|Ditto|100\/100\n|move|p2a: Celesteela|Heavy Slam|p1a: Ditto\n|-damage|p1a: Ditto|46\/100\n|\n|-heal|p2a: Celesteela|94\/100|[from] item: Leftovers\n|upkeep\n|turn|12\n|c|\u2606bugmonobestmono|lol\n|c|\u2606TexanFarmersMarket|i forgot it doesnt  transform thru substitue\n|\n|t:|1700868831\n|switch|p1a: Farigiraf|Farigiraf, F|100\/100\n|move|p2a: Celesteela|Heavy Slam|p1a: Farigiraf\n|-damage|p1a: Farigiraf|59\/100\n|\n|-heal|p2a: Celesteela|99\/100|[from] item: Leftovers\n|upkeep\n|turn|13\n|\n|t:|1700868838\n|move|p1a: Farigiraf|Shadow Ball|p2a: Celesteela\n|-end|p2a: Celesteela|Substitute\n|move|p2a: Celesteela|Heavy Slam|p1a: Farigiraf\n|-damage|p1a: Farigiraf|14\/100\n|-enditem|p1a: Farigiraf|Sitrus Berry|[eat]\n|-heal|p1a: Farigiraf|39\/100|[from] item: Sitrus Berry\n|\n|-heal|p2a: Celesteela|100\/100|[from] item: Leftovers\n|upkeep\n|turn|14\n|\n|t:|1700868845\n|move|p1a: Farigiraf|Calm Mind|p1a: Farigiraf\n|-boost|p1a: Farigiraf|spa|1\n|-boost|p1a: Farigiraf|spd|1\n|move|p2a: Celesteela|Heavy Slam|p1a: Farigiraf\n|-damage|p1a: Farigiraf|0 fnt\n|faint|p1a: Farigiraf\n|-ability|p2a: Celesteela|Beast Boost|boost\n|-boost|p2a: Celesteela|def|1\n|\n|upkeep\n|\n|t:|1700868851\n|switch|p1a: Ditto|Ditto|46\/100\n|-transform|p1a: Ditto|p2a: Celesteela|[from] ability: Imposter\n|turn|15\n|\n|t:|1700868866\n|switch|p2a: Ogerpon|Ogerpon-Wellspring, F|100\/100\n|move|p1a: Ditto|Heavy Slam|p2a: Ogerpon\n|-resisted|p2a: Ogerpon\n|-damage|p2a: Ogerpon|76\/100\n|\n|upkeep\n|turn|16\n|\n|t:|1700868875\n|switch|p1a: Lopunny|Lopunny, M|14\/100\n|move|p2a: Ogerpon|Ivy Cudgel|p1a: Lopunny|[anim] Ivy Cudgel Water\n|-crit|p1a: Lopunny\n|-damage|p1a: Lopunny|0 fnt\n|replace|p1a: Zoroark|Zoroark-Hisui, F\n|-end|p1a: Zoroark|Illusion\n|faint|p1a: Zoroark\n|\n|upkeep\n|\n|t:|1700868879\n|switch|p1a: Ditto|Ditto|46\/100\n|-transform|p1a: Ditto|p2a: Ogerpon|[from] ability: Imposter\n|turn|17\n|\n|t:|1700868892\n|switch|p2a: Sinistcha|Sinistcha|100\/100\n|move|p1a: Ditto|Horn Leech|p2a: Sinistcha\n|-resisted|p2a: Sinistcha\n|-damage|p2a: Sinistcha|87\/100\n|-heal|p1a: Ditto|54\/100|[from] drain|[of] p2a: Sinistcha\n|\n|-heal|p2a: Sinistcha|93\/100|[from] item: Leftovers\n|upkeep\n|turn|18\n|\n|t:|1700868903\n|switch|p1a: Swellow|Swellow, M|100\/100\n|move|p2a: Sinistcha|Matcha Gotcha|p1a: Swellow\n|-resisted|p1a: Swellow\n|-damage|p1a: Swellow|58\/100\n|-heal|p2a: Sinistcha|100\/100|[from] drain|[of] p1a: Swellow\n|-status|p1a: Swellow|brn\n|\n|-damage|p1a: Swellow|51\/100 brn|[from] brn\n|upkeep\n|turn|19\n|\n|t:|1700868911\n|switch|p2a: Celesteela|Celesteela|100\/100\n|-terastallize|p1a: Swellow|Normal\n|move|p1a: Swellow|Boomburst|p2a: Celesteela\n|-resisted|p2a: Celesteela\n|-damage|p2a: Celesteela|55\/100\n|\n|-heal|p2a: Celesteela|61\/100|[from] item: Leftovers\n|-damage|p1a: Swellow|45\/100 brn|[from] brn\n|upkeep\n|turn|20\n|\n|t:|1700868918\n|switch|p1a: Ditto|Ditto|54\/100\n|-transform|p1a: Ditto|p2a: Celesteela|[from] ability: Imposter\n|move|p2a: Celesteela|Heavy Slam|p1a: Ditto\n|-resisted|p1a: Ditto\n|-damage|p1a: Ditto|49\/100\n|\n|-heal|p2a: Celesteela|67\/100|[from] item: Leftovers\n|upkeep\n|turn|21\n|\n|t:|1700868926\n|move|p1a: Ditto|Air Slash|p2a: Celesteela\n|-resisted|p2a: Celesteela\n|-damage|p2a: Celesteela|55\/100\n|move|p2a: Celesteela|Leech Seed|p1a: Ditto\n|-start|p1a: Ditto|move: Leech Seed\n|\n|-heal|p2a: Celesteela|61\/100|[from] item: Leftovers\n|-damage|p1a: Ditto|37\/100|[from] Leech Seed|[of] p2a: Celesteela\n|-heal|p2a: Celesteela|71\/100|[silent]\n|upkeep\n|turn|22\n|\n|t:|1700868939\n|switch|p1a: Lopunny|Lopunny, M|100\/100\n|move|p2a: Celesteela|Substitute|p2a: Celesteela\n|-start|p2a: Celesteela|Substitute\n|-damage|p2a: Celesteela|46\/100\n|\n|-heal|p2a: Celesteela|52\/100|[from] item: Leftovers\n|upkeep\n|turn|23\n|\n|t:|1700868945\n|detailschange|p1a: Lopunny|Lopunny-Mega, M\n|-mega|p1a: Lopunny|Lopunny|Lopunnite\n|move|p1a: Lopunny|Fake Out|p2a: Celesteela\n|-resisted|p2a: Celesteela\n|-activate|p2a: Celesteela|move: Substitute|[damage]\n|move|p2a: Celesteela|Air Slash|p1a: Lopunny\n|-supereffective|p1a: Lopunny\n|-damage|p1a: Lopunny|29\/100\n|\n|-heal|p2a: Celesteela|58\/100|[from] item: Leftovers\n|upkeep\n|turn|24\n|\n|t:|1700868952\n|switch|p1a: Ditto|Ditto|37\/100\n|move|p2a: Celesteela|Substitute|p2a: Celesteela\n|-fail|p2a: Celesteela|move: Substitute\n|\n|-heal|p2a: Celesteela|64\/100|[from] item: Leftovers\n|upkeep\n|turn|25\n|\n|t:|1700868962\n|switch|p1a: Lopunny|Lopunny-Mega, M|29\/100\n|move|p2a: Celesteela|Leech Seed|p1a: Lopunny\n|-start|p1a: Lopunny|move: Leech Seed\n|\n|-heal|p2a: Celesteela|70\/100|[from] item: Leftovers\n|-damage|p1a: Lopunny|17\/100|[from] Leech Seed|[of] p2a: Celesteela\n|-heal|p2a: Celesteela|78\/100|[silent]\n|upkeep\n|turn|26\n|\n|t:|1700868966\n|move|p1a: Lopunny|Fake Out|p2a: Celesteela\n|-resisted|p2a: Celesteela\n|-activate|p2a: Celesteela|move: Substitute|[damage]\n|move|p2a: Celesteela|Substitute|p2a: Celesteela\n|-fail|p2a: Celesteela|move: Substitute\n|\n|-heal|p2a: Celesteela|84\/100|[from] item: Leftovers\n|-damage|p1a: Lopunny|5\/100|[from] Leech Seed|[of] p2a: Celesteela\n|-heal|p2a: Celesteela|92\/100|[silent]\n|upkeep\n|turn|27\n|\n|t:|1700868970\n|move|p1a: Lopunny|Frustration|p2a: Celesteela\n|-resisted|p2a: Celesteela\n|-end|p2a: Celesteela|Substitute\n|move|p2a: Celesteela|Substitute|p2a: Celesteela\n|-start|p2a: Celesteela|Substitute\n|-damage|p2a: Celesteela|68\/100\n|\n|-heal|p2a: Celesteela|74\/100|[from] item: Leftovers\n|-damage|p1a: Lopunny|0 fnt|[from] Leech Seed|[of] p2a: Celesteela\n|-heal|p2a: Celesteela|76\/100|[silent]\n|faint|p1a: Lopunny\n|upkeep\n|\n|t:|1700868975\n|switch|p1a: Swellow|Swellow, M, tera:Normal|45\/100 brn\n|turn|28\n|c|\u2606bugmonobestmono|gg\n|\n|t:|1700868978\n|move|p1a: Swellow|Heat Wave|p2a: Celesteela\n|-supereffective|p2a: Celesteela\n|-end|p2a: Celesteela|Substitute\n|move|p2a: Celesteela|Heavy Slam|p1a: Swellow\n|-damage|p1a: Swellow|0 fnt\n|faint|p1a: Swellow\n|-ability|p2a: Celesteela|Beast Boost|boost\n|-boost|p2a: Celesteela|def|1\n|\n|-heal|p2a: Celesteela|82\/100|[from] item: Leftovers\n|upkeep\n|\n|t:|1700868983\n|switch|p1a: Ditto|Ditto|37\/100\n|-transform|p1a: Ditto|p2a: Celesteela|[from] ability: Imposter\n|turn|29\n|\n|t:|1700868994\n|move|p1a: Ditto|Air Slash|p2a: Celesteela\n|-resisted|p2a: Celesteela\n|-damage|p2a: Celesteela|71\/100\n|cant|p2a: Celesteela|flinch\n|\n|-heal|p2a: Celesteela|77\/100|[from] item: Leftovers\n|upkeep\n|turn|30\n|\n|t:|1700868999\n|switch|p2a: Gliscor|Gliscor, F|100\/100\n|move|p1a: Ditto|Air Slash|p2a: Gliscor|[miss]\n|-miss|p1a: Ditto|p2a: Gliscor\n|\n|-status|p2a: Gliscor|tox|[from] item: Toxic Orb\n|upkeep\n|turn|31\n|\n|t:|1700869005\n|move|p2a: Gliscor|Spikes|p1a: Ditto\n|-sidestart|p1: TexanFarmersMarket|Spikes\n|move|p1a: Ditto|Air Slash|p2a: Gliscor\n|-damage|p2a: Gliscor|67\/100 tox\n|\n|-heal|p2a: Gliscor|79\/100 tox|[from] ability: Poison Heal\n|upkeep\n|turn|32\n|\n|t:|1700869009\n|move|p2a: Gliscor|Spikes|p1a: Ditto\n|-sidestart|p1: TexanFarmersMarket|Spikes\n|move|p1a: Ditto|Air Slash|p2a: Gliscor\n|-damage|p2a: Gliscor|44\/100 tox\n|\n|-heal|p2a: Gliscor|56\/100 tox|[from] ability: Poison Heal\n|upkeep\n|turn|33\n|c|\u2606TexanFarmersMarket|y are u setting up spikes\n|\n|t:|1700869015\n|move|p2a: Gliscor|Roost|p2a: Gliscor\n|-heal|p2a: Gliscor|100\/100 tox\n|-singleturn|p2a: Gliscor|move: Roost\n|move|p1a: Ditto|Air Slash|p2a: Gliscor\n|-damage|p2a: Gliscor|66\/100 tox\n|\n|-heal|p2a: Gliscor|78\/100 tox|[from] ability: Poison Heal\n|upkeep\n|turn|34\n|c|\u2606bugmonobestmono|im just stalling\n|c|\u2606TexanFarmersMarket|o\n|\n|t:|1700869025\n|move|p2a: Gliscor|Earthquake|p1a: Ditto\n|-immune|p1a: Ditto\n|-activate|p1a: Ditto|move: Struggle\n|move|p1a: Ditto|Struggle|p2a: Gliscor\n|-damage|p2a: Gliscor|71\/100 tox\n|-damage|p1a: Ditto|12\/100|[from] recoil\n|\n|-heal|p2a: Gliscor|84\/100 tox|[from] ability: Poison Heal\n|upkeep\n|turn|35\n|\n|t:|1700869030\n|move|p2a: Gliscor|Toxic|p1a: Ditto\n|-immune|p1a: Ditto\n|-activate|p1a: Ditto|move: Struggle\n|move|p1a: Ditto|Struggle|p2a: Gliscor\n|-damage|p2a: Gliscor|76\/100 tox\n|-damage|p1a: Ditto|0 fnt|[from] recoil\n|faint|p1a: Ditto\n|\n|win|bugmonobestmono\n|c|\u2606bugmonobestmono|gg\n|c|\u2606TexanFarmersMarket|gg\n|c|\u2606TexanFarmersMarket|wp\n|c|\u2606bugmonobestmono|gg\n","uploadtime":1700869039,"views":3,"p1id":"texanfarmersmarket","p2id":"bugmonobestmono","formatid":"gen9nationaldex","rating":0,"private":0,"password":""}