{"id":"gen9nationaldex-2000665985","p1":"helpwhatttt","p2":"Witness4every1","format":"[Gen 9] National Dex","log":"|html|<div class=\"broadcast-blue\"><strong>[Gen 9] National Dex is currently suspecting Sneasler! For information on how to participate check out the <a href=\"https:\/\/www.smogon.com\/forums\/threads\/sv-national-dex-suspect-8-just-dance.3731534\/\">suspect thread<\/a>.<\/strong><\/div>\n|j|\u2606helpwhatttt\n|j|\u2606Witness4every1\n|t:|1701216370\n|gametype|singles\n|player|p1|helpwhatttt|lusamine|1283\n|player|p2|Witness4every1|lyra|1255\n|teamsize|p1|6\n|teamsize|p2|6\n|gen|9\n|tier|[Gen 9] National Dex\n|rated|\n|rule|HP Percentage Mod: HP is shown in percentages\n|rule|Endless Battle Clause: Forcing endless battles is banned\n|rule|OHKO Clause: OHKO moves are banned\n|rule|Evasion Clause: Evasion abilities, items, and moves are banned\n|rule|Evasion Abilities Clause: Evasion abilities are banned\n|rule|Evasion Items Clause: Evasion items are banned\n|rule|Evasion Moves Clause: Evasion moves are banned\n|rule|Species Clause: Limit one of each Pok\u00e9mon\n|rule|Sleep Clause Mod: Limit one foe put to sleep\n|clearpoke\n|poke|p1|Ogerpon-Wellspring, F|\n|poke|p1|Tapu Koko|\n|poke|p1|Garchomp, M|\n|poke|p1|Iron Valiant|\n|poke|p1|Sneasler, F|\n|poke|p1|Volcarona, F|\n|poke|p2|Espeon, F|\n|poke|p2|Slurpuff, F|\n|poke|p2|Incineroar, M|\n|poke|p2|Dusclops, F|\n|poke|p2|Vivillon, F|\n|poke|p2|Mawile, F|\n|teampreview\n|\n|t:|1701216376\n|start\n|switch|p1a: Tapu Koko|Tapu Koko|100\/100\n|switch|p2a: Teenage Dream|Slurpuff, F|100\/100\n|-fieldstart|move: Electric Terrain|[from] ability: Electric Surge|[of] p1a: Tapu Koko\n|turn|1\n|\n|t:|1701216381\n|move|p1a: Tapu Koko|Taunt|p2a: Teenage Dream\n|-start|p2a: Teenage Dream|move: Taunt\n|move|p2a: Teenage Dream|Flamethrower|p1a: Tapu Koko\n|-damage|p1a: Tapu Koko|70\/100\n|-status|p1a: Tapu Koko|brn\n|\n|-damage|p1a: Tapu Koko|64\/100 brn|[from] brn\n|upkeep\n|turn|2\n|\n|t:|1701216389\n|move|p1a: Tapu Koko|Light Screen|p1a: Tapu Koko\n|-sidestart|p1: helpwhatttt|move: Light Screen\n|move|p2a: Teenage Dream|Dazzling Gleam|p1a: Tapu Koko\n|-damage|p1a: Tapu Koko|41\/100 brn\n|\n|-damage|p1a: Tapu Koko|35\/100 brn|[from] brn\n|upkeep\n|turn|3\n|\n|t:|1701216395\n|move|p1a: Tapu Koko|Reflect|p1a: Tapu Koko\n|-sidestart|p1: helpwhatttt|Reflect\n|move|p2a: Teenage Dream|Dazzling Gleam|p1a: Tapu Koko\n|-damage|p1a: Tapu Koko|12\/100 brn\n|\n|-damage|p1a: Tapu Koko|6\/100 brn|[from] brn\n|-end|p2a: Teenage Dream|move: Taunt\n|upkeep\n|turn|4\n|\n|t:|1701216401\n|move|p1a: Tapu Koko|U-turn|p2a: Teenage Dream\n|-resisted|p2a: Teenage Dream\n|-damage|p2a: Teenage Dream|96\/100\n|\n|t:|1701216406\n|switch|p1a: Volcarona|Volcarona, F|100\/100|[from] U-turn\n|move|p2a: Teenage Dream|Dazzling Gleam|p1a: Volcarona\n|-resisted|p1a: Volcarona\n|-damage|p1a: Volcarona|93\/100\n|\n|-heal|p1a: Volcarona|99\/100|[from] item: Leftovers\n|upkeep\n|turn|5\n|\n|t:|1701216414\n|move|p1a: Volcarona|Quiver Dance|p1a: Volcarona\n|-boost|p1a: Volcarona|spa|1\n|-boost|p1a: Volcarona|spd|1\n|-boost|p1a: Volcarona|spe|1\n|move|p2a: Teenage Dream|Thunderbolt|p1a: Volcarona\n|-damage|p1a: Volcarona|90\/100\n|\n|-heal|p1a: Volcarona|96\/100|[from] item: Leftovers\n|-fieldend|move: Electric Terrain\n|upkeep\n|turn|6\n|\n|t:|1701216421\n|move|p1a: Volcarona|Quiver Dance|p1a: Volcarona\n|-boost|p1a: Volcarona|spa|1\n|-boost|p1a: Volcarona|spd|1\n|-boost|p1a: Volcarona|spe|1\n|move|p2a: Teenage Dream|Thunderbolt|p1a: Volcarona\n|-damage|p1a: Volcarona|90\/100\n|-status|p1a: Volcarona|par\n|\n|-heal|p1a: Volcarona|96\/100 par|[from] item: Leftovers\n|upkeep\n|turn|7\n|\n|t:|1701216430\n|cant|p1a: Volcarona|par\n|move|p2a: Teenage Dream|Thunderbolt|p1a: Volcarona\n|-crit|p1a: Volcarona\n|-damage|p1a: Volcarona|62\/100 par\n|\n|-heal|p1a: Volcarona|68\/100 par|[from] item: Leftovers\n|upkeep\n|turn|8\n|\n|t:|1701216436\n|move|p1a: Volcarona|Quiver Dance|p1a: Volcarona\n|-boost|p1a: Volcarona|spa|1\n|-boost|p1a: Volcarona|spd|1\n|-boost|p1a: Volcarona|spe|1\n|move|p2a: Teenage Dream|Thunderbolt|p1a: Volcarona\n|-damage|p1a: Volcarona|63\/100 par\n|\n|-heal|p1a: Volcarona|69\/100 par|[from] item: Leftovers\n|upkeep\n|turn|9\n|\n|t:|1701216444\n|move|p1a: Volcarona|Quiver Dance|p1a: Volcarona\n|-boost|p1a: Volcarona|spa|1\n|-boost|p1a: Volcarona|spd|1\n|-boost|p1a: Volcarona|spe|1\n|move|p2a: Teenage Dream|Thunderbolt|p1a: Volcarona\n|-damage|p1a: Volcarona|65\/100 par\n|\n|-heal|p1a: Volcarona|72\/100 par|[from] item: Leftovers\n|-sideend|p1: helpwhatttt|move: Light Screen\n|upkeep\n|turn|10\n|\n|t:|1701216452\n|move|p1a: Volcarona|Quiver Dance|p1a: Volcarona\n|-boost|p1a: Volcarona|spa|1\n|-boost|p1a: Volcarona|spd|1\n|-boost|p1a: Volcarona|spe|1\n|move|p2a: Teenage Dream|Thunderbolt|p1a: Volcarona\n|-damage|p1a: Volcarona|65\/100 par\n|\n|-heal|p1a: Volcarona|71\/100 par|[from] item: Leftovers\n|-sideend|p1: helpwhatttt|Reflect\n|upkeep\n|turn|11\n|\n|t:|1701216459\n|cant|p1a: Volcarona|par\n|move|p2a: Teenage Dream|Thunderbolt|p1a: Volcarona\n|-damage|p1a: Volcarona|65\/100 par\n|\n|-heal|p1a: Volcarona|71\/100 par|[from] item: Leftovers\n|upkeep\n|turn|12\n|\n|t:|1701216465\n|move|p1a: Volcarona|Quiver Dance|p1a: Volcarona\n|-boost|p1a: Volcarona|spa|1\n|-boost|p1a: Volcarona|spd|1\n|-boost|p1a: Volcarona|spe|1\n|move|p2a: Teenage Dream|Thunderbolt|p1a: Volcarona\n|-damage|p1a: Volcarona|65\/100 par\n|\n|-heal|p1a: Volcarona|71\/100 par|[from] item: Leftovers\n|upkeep\n|turn|13\n|\n|t:|1701216472\n|cant|p1a: Volcarona|par\n|move|p2a: Teenage Dream|Thunderbolt|p1a: Volcarona\n|-damage|p1a: Volcarona|65\/100 par\n|\n|-heal|p1a: Volcarona|72\/100 par|[from] item: Leftovers\n|upkeep\n|turn|14\n|\n|t:|1701216478\n|move|p1a: Volcarona|Giga Drain|p2a: Teenage Dream\n|-damage|p2a: Teenage Dream|0 fnt\n|-heal|p1a: Volcarona|100\/100 par|[from] drain|[of] p2a: Teenage Dream\n|faint|p2a: Teenage Dream\n|\n|upkeep\n|\n|t:|1701216484\n|switch|p2a: ROARRRRRRR|Incineroar, M|100\/100\n|-ability|p2a: ROARRRRRRR|Intimidate|boost\n|-unboost|p1a: Volcarona|atk|1\n|turn|15\n|\n|t:|1701216488\n|move|p1a: Volcarona|Flamethrower|p2a: ROARRRRRRR\n|-resisted|p2a: ROARRRRRRR\n|-damage|p2a: ROARRRRRRR|30\/100\n|move|p2a: ROARRRRRRR|Darkest Lariat|p1a: Volcarona\n|-damage|p1a: Volcarona|54\/100 par\n|\n|-heal|p1a: Volcarona|60\/100 par|[from] item: Leftovers\n|upkeep\n|turn|16\n|\n|t:|1701216495\n|move|p1a: Volcarona|Flamethrower|p2a: ROARRRRRRR\n|-resisted|p2a: ROARRRRRRR\n|-damage|p2a: ROARRRRRRR|0 fnt\n|faint|p2a: ROARRRRRRR\n|\n|-heal|p1a: Volcarona|66\/100 par|[from] item: Leftovers\n|upkeep\n|\n|t:|1701216501\n|switch|p2a: witness|Dusclops, F, shiny|100\/100\n|-ability|p2a: witness|Pressure\n|turn|17\n|\n|t:|1701216505\n|cant|p1a: Volcarona|par\n|move|p2a: witness|Trick Room|p2a: witness\n|-fieldstart|move: Trick Room|[of] p2a: witness\n|\n|-heal|p1a: Volcarona|72\/100 par|[from] item: Leftovers\n|upkeep\n|turn|18\n|\n|t:|1701216510\n|move|p2a: witness|Poltergeist|p1a: Volcarona\n|-activate|p1a: Volcarona|move: Poltergeist|Leftovers\n|-damage|p1a: Volcarona|41\/100 par\n|move|p1a: Volcarona|Giga Drain|p2a: witness\n|-damage|p2a: witness|55\/100\n|-heal|p1a: Volcarona|58\/100 par|[from] drain|[of] p2a: witness\n|\n|-heal|p1a: Volcarona|64\/100 par|[from] item: Leftovers\n|upkeep\n|turn|19\n|\n|t:|1701216519\n|move|p2a: witness|Poltergeist|p1a: Volcarona\n|-activate|p1a: Volcarona|move: Poltergeist|Leftovers\n|-damage|p1a: Volcarona|35\/100 par\n|move|p1a: Volcarona|Giga Drain|p2a: witness\n|-damage|p2a: witness|12\/100\n|-heal|p1a: Volcarona|51\/100 par|[from] drain|[of] p2a: witness\n|\n|-heal|p1a: Volcarona|58\/100 par|[from] item: Leftovers\n|upkeep\n|turn|20\n|\n|t:|1701216528\n|move|p2a: witness|Poltergeist|p1a: Volcarona\n|-activate|p1a: Volcarona|move: Poltergeist|Leftovers\n|-damage|p1a: Volcarona|26\/100 par\n|move|p1a: Volcarona|Roost|p1a: Volcarona\n|-heal|p1a: Volcarona|76\/100 par\n|-singleturn|p1a: Volcarona|move: Roost\n|\n|-heal|p1a: Volcarona|82\/100 par|[from] item: Leftovers\n|upkeep\n|turn|21\n|\n|t:|1701216537\n|move|p2a: witness|Poltergeist|p1a: Volcarona\n|-activate|p1a: Volcarona|move: Poltergeist|Leftovers\n|-damage|p1a: Volcarona|53\/100 par\n|move|p1a: Volcarona|Giga Drain|p2a: witness\n|-damage|p2a: witness|0 fnt\n|-heal|p1a: Volcarona|58\/100 par|[from] drain|[of] p2a: witness\n|faint|p2a: witness\n|\n|-heal|p1a: Volcarona|64\/100 par|[from] item: Leftovers\n|-fieldend|move: Trick Room\n|upkeep\n|\n|t:|1701216547\n|switch|p2a: KP6?|Vivillon, F|100\/100\n|turn|22\n|\n|t:|1701216550\n|move|p1a: Volcarona|Flamethrower|p2a: KP6?\n|-supereffective|p2a: KP6?\n|-enditem|p2a: KP6?|Focus Sash\n|-damage|p2a: KP6?|1\/100\n|move|p2a: KP6?|Air Slash|p1a: Volcarona\n|-supereffective|p1a: Volcarona\n|-damage|p1a: Volcarona|48\/100 par\n|\n|-heal|p1a: Volcarona|54\/100 par|[from] item: Leftovers\n|upkeep\n|turn|23\n|\n|t:|1701216559\n|move|p1a: Volcarona|Flamethrower|p2a: KP6?\n|-supereffective|p2a: KP6?\n|-damage|p2a: KP6?|0 fnt\n|faint|p2a: KP6?\n|\n|-heal|p1a: Volcarona|60\/100 par|[from] item: Leftovers\n|upkeep\n|\n|t:|1701216565\n|switch|p2a: Katy Perry|Mawile, F|100\/100\n|-ability|p2a: Katy Perry|Intimidate|boost\n|-unboost|p1a: Volcarona|atk|1\n|turn|24\n|\n|t:|1701216571\n|detailschange|p2a: Katy Perry|Mawile-Mega, F\n|-mega|p2a: Katy Perry|Mawile|Mawilite\n|move|p2a: Katy Perry|Sucker Punch|p1a: Volcarona\n|-damage|p1a: Volcarona|12\/100 par\n|cant|p1a: Volcarona|par\n|\n|-heal|p1a: Volcarona|18\/100 par|[from] item: Leftovers\n|upkeep\n|turn|25\n|\n|t:|1701216579\n|move|p1a: Volcarona|Roost|p1a: Volcarona\n|-heal|p1a: Volcarona|68\/100 par\n|-singleturn|p1a: Volcarona|move: Roost\n|move|p2a: Katy Perry|Iron Head|p1a: Volcarona\n|-resisted|p1a: Volcarona\n|-damage|p1a: Volcarona|29\/100 par\n|\n|-heal|p1a: Volcarona|36\/100 par|[from] item: Leftovers\n|upkeep\n|turn|26\n|\n|t:|1701216586\n|move|p2a: Katy Perry|Sucker Punch||[still]\n|-fail|p2a: Katy Perry\n|move|p1a: Volcarona|Roost|p1a: Volcarona\n|-heal|p1a: Volcarona|86\/100 par\n|-singleturn|p1a: Volcarona|move: Roost\n|\n|-heal|p1a: Volcarona|92\/100 par|[from] item: Leftovers\n|upkeep\n|turn|27\n|\n|t:|1701216592\n|cant|p1a: Volcarona|par\n|move|p2a: Katy Perry|Iron Head|p1a: Volcarona\n|-resisted|p1a: Volcarona\n|-damage|p1a: Volcarona|50\/100 par\n|-status|p2a: Katy Perry|brn|[from] ability: Flame Body|[of] p1a: Volcarona\n|\n|-heal|p1a: Volcarona|56\/100 par|[from] item: Leftovers\n|-damage|p2a: Katy Perry|95\/100 brn|[from] brn\n|upkeep\n|turn|28\n|\n|t:|1701216600\n|move|p1a: Volcarona|Roost|p1a: Volcarona\n|-heal|p1a: Volcarona|100\/100 par\n|-singleturn|p1a: Volcarona|move: Roost\n|move|p2a: Katy Perry|Iron Head|p1a: Volcarona\n|-resisted|p1a: Volcarona\n|-damage|p1a: Volcarona|79\/100 par\n|\n|-heal|p1a: Volcarona|85\/100 par|[from] item: Leftovers\n|-damage|p2a: Katy Perry|89\/100 brn|[from] brn\n|upkeep\n|turn|29\n|\n|t:|1701216608\n|move|p1a: Volcarona|Flamethrower|p2a: Katy Perry\n|-supereffective|p2a: Katy Perry\n|-damage|p2a: Katy Perry|0 fnt\n|faint|p2a: Katy Perry\n|\n|-heal|p1a: Volcarona|92\/100 par|[from] item: Leftovers\n|upkeep\n|\n|t:|1701216614\n|switch|p2a: Kitty Purry|Espeon, F|100\/100\n|turn|30\n|\n|t:|1701216619\n|move|p1a: Volcarona|Flamethrower|p2a: Kitty Purry\n|-enditem|p2a: Kitty Purry|Focus Sash\n|-damage|p2a: Kitty Purry|1\/100\n|move|p2a: Kitty Purry|Psychic|p1a: Volcarona\n|-damage|p1a: Volcarona|80\/100 par\n|-unboost|p1a: Volcarona|spd|1\n|\n|-heal|p1a: Volcarona|87\/100 par|[from] item: Leftovers\n|upkeep\n|turn|31\n|\n|t:|1701216627\n|move|p1a: Volcarona|Flamethrower|p2a: Kitty Purry\n|-damage|p2a: Kitty Purry|0 fnt\n|faint|p2a: Kitty Purry\n|\n|win|helpwhatttt\n|raw|helpwhatttt's rating: 1283 &rarr; <strong>1306<\/strong><br \/>(+23 for winning)\n|raw|Witness4every1's rating: 1255 &rarr; <strong>1232<\/strong><br \/>(-23 for losing)\n|l|\u2606Witness4every1\n","uploadtime":1701216633,"views":1,"p1id":"helpwhatttt","p2id":"witness4every1","formatid":"gen9nationaldex","rating":1232,"private":0,"password":""}