{"id":"gen9nationaldex-1987438369","p1":"cblackb3","p2":"Pachimi","format":"[Gen 9] National Dex","log":"|j|\u2606cblackb3\n|j|\u2606Pachimi\n|t:|1699591581\n|gametype|singles\n|player|p1|cblackb3|102|1062\n|player|p2|Pachimi|cynthia-gen7|1046\n|teamsize|p1|6\n|teamsize|p2|6\n|gen|9\n|tier|[Gen 9] National Dex\n|rated|\n|rule|HP Percentage Mod: HP is shown in percentages\n|rule|Endless Battle Clause: Forcing endless battles is banned\n|rule|OHKO Clause: OHKO moves are banned\n|rule|Evasion Clause: Evasion abilities, items, and moves are banned\n|rule|Evasion Abilities Clause: Evasion abilities are banned\n|rule|Evasion Items Clause: Evasion items are banned\n|rule|Evasion Moves Clause: Evasion moves are banned\n|rule|Species Clause: Limit one of each Pok\u00e9mon\n|rule|Sleep Clause Mod: Limit one foe put to sleep\n|clearpoke\n|poke|p1|Incineroar, M|\n|poke|p1|Weezing, F|\n|poke|p1|Umbreon, F|\n|poke|p1|Lilligant, F|\n|poke|p1|Jellicent, M|\n|poke|p1|Milotic, M|\n|poke|p2|Garchomp, M|\n|poke|p2|Togekiss, F|\n|poke|p2|Spiritomb, M|\n|poke|p2|Porygon-Z|\n|poke|p2|Lopunny, F|\n|poke|p2|Bisharp, M|\n|teampreview\n|inactive|Battle timer is ON: inactive players will automatically lose when time's up. (requested by Pachimi)\n|inactive|cblackb3 has 120 seconds left.\n|\n|t:|1699591615\n|start\n|switch|p1a: Lilligant|Lilligant, F|100\/100\n|switch|p2a: Spiritomb|Spiritomb, M|100\/100\n|-ability|p2a: Spiritomb|Pressure\n|turn|1\n|\n|t:|1699591632\n|move|p1a: Lilligant|Sleep Powder|p2a: Spiritomb|[miss]\n|-miss|p1a: Lilligant|p2a: Spiritomb\n|move|p2a: Spiritomb|Toxic|p1a: Lilligant\n|-status|p1a: Lilligant|tox\n|\n|-damage|p1a: Lilligant|94\/100 tox|[from] psn\n|upkeep\n|turn|2\n|\n|t:|1699591648\n|move|p1a: Lilligant|Sleep Powder|p2a: Spiritomb\n|-status|p2a: Spiritomb|slp|[from] move: Sleep Powder\n|cant|p2a: Spiritomb|slp\n|\n|-damage|p1a: Lilligant|82\/100 tox|[from] psn\n|upkeep\n|turn|3\n|\n|t:|1699591658\n|cant|p2a: Spiritomb|slp\n|move|p1a: Lilligant|Quiver Dance|p1a: Lilligant\n|-boost|p1a: Lilligant|spa|1\n|-boost|p1a: Lilligant|spd|1\n|-boost|p1a: Lilligant|spe|1\n|\n|-damage|p1a: Lilligant|64\/100 tox|[from] psn\n|upkeep\n|turn|4\n|\n|t:|1699591668\n|cant|p2a: Spiritomb|slp\n|move|p1a: Lilligant|Pollen Puff|p2a: Spiritomb\n|-damage|p2a: Spiritomb|69\/100 slp\n|\n|-heal|p2a: Spiritomb|75\/100 slp|[from] item: Leftovers\n|-damage|p1a: Lilligant|40\/100 tox|[from] psn\n|upkeep\n|turn|5\n|\n|t:|1699591677\n|-curestatus|p2a: Spiritomb|slp|[msg]\n|move|p2a: Spiritomb|Sucker Punch|p1a: Lilligant\n|-damage|p1a: Lilligant|8\/100 tox\n|move|p1a: Lilligant|Giga Drain|p2a: Spiritomb\n|-damage|p2a: Spiritomb|37\/100\n|-heal|p1a: Lilligant|29\/100 tox|[from] drain|[of] p2a: Spiritomb\n|\n|-heal|p2a: Spiritomb|43\/100|[from] item: Leftovers\n|-damage|p1a: Lilligant|0 fnt|[from] psn\n|faint|p1a: Lilligant\n|upkeep\n|\n|t:|1699591702\n|switch|p1a: Milotic|Milotic, M|100\/100\n|turn|6\n|\n|t:|1699591707\n|move|p1a: Milotic|Confuse Ray|p2a: Spiritomb\n|-start|p2a: Spiritomb|confusion\n|-activate|p2a: Spiritomb|confusion\n|move|p2a: Spiritomb|Toxic|p1a: Milotic\n|-status|p1a: Milotic|tox\n|\n|-heal|p2a: Spiritomb|49\/100|[from] item: Leftovers\n|-damage|p1a: Milotic|94\/100 tox|[from] psn\n|upkeep\n|turn|7\n|\n|t:|1699591717\n|-activate|p2a: Spiritomb|confusion\n|move|p2a: Spiritomb|Sucker Punch|p1a: Milotic\n|-damage|p1a: Milotic|80\/100 tox\n|-damage|p2a: Spiritomb|33\/100|[from] item: Rocky Helmet|[of] p1a: Milotic\n|move|p1a: Milotic|Scald|p2a: Spiritomb\n|-damage|p2a: Spiritomb|12\/100\n|\n|-heal|p2a: Spiritomb|18\/100|[from] item: Leftovers\n|-damage|p1a: Milotic|68\/100 tox|[from] psn\n|upkeep\n|turn|8\n|\n|t:|1699591734\n|move|p1a: Milotic|Scald|p2a: Spiritomb\n|-damage|p2a: Spiritomb|0 fnt\n|faint|p2a: Spiritomb\n|\n|-damage|p1a: Milotic|49\/100 tox|[from] psn\n|upkeep\n|\n|t:|1699591737\n|switch|p2a: Lopunny|Lopunny, F|100\/100\n|turn|9\n|\n|t:|1699591745\n|switch|p1a: Jellicent|Jellicent, M|100\/100\n|detailschange|p2a: Lopunny|Lopunny-Mega, F\n|-mega|p2a: Lopunny|Lopunny|Lopunnite\n|move|p2a: Lopunny|Fake Out|p1a: Jellicent\n|-damage|p1a: Jellicent|80\/100\n|\n|-heal|p1a: Jellicent|86\/100|[from] item: Leftovers\n|upkeep\n|turn|10\n|\n|t:|1699591764\n|move|p2a: Lopunny|Return|p1a: Jellicent\n|-damage|p1a: Jellicent|38\/100\n|move|p1a: Jellicent|Will-O-Wisp|p2a: Lopunny\n|-status|p2a: Lopunny|brn\n|\n|-heal|p1a: Jellicent|44\/100|[from] item: Leftovers\n|-damage|p2a: Lopunny|95\/100 brn|[from] brn\n|upkeep\n|turn|11\n|\n|t:|1699591785\n|switch|p2a: Porygon-Z|Porygon-Z|100\/100\n|move|p1a: Jellicent|Scald|p2a: Porygon-Z\n|-damage|p2a: Porygon-Z|67\/100\n|\n|-heal|p1a: Jellicent|50\/100|[from] item: Leftovers\n|upkeep\n|turn|12\n|inactive|cblackb3 has 120 seconds left.\n|\n|t:|1699591808\n|switch|p1a: Umbreon|Umbreon, F|100\/100\n|move|p2a: Porygon-Z|Thunderbolt|p1a: Umbreon\n|-damage|p1a: Umbreon|74\/100\n|-damage|p2a: Porygon-Z|57\/100|[from] item: Life Orb\n|\n|-heal|p1a: Umbreon|80\/100|[from] item: Leftovers\n|upkeep\n|turn|13\n|inactive|cblackb3 has 120 seconds left.\n|\n|t:|1699591822\n|move|p2a: Porygon-Z|Tri Attack|p1a: Umbreon\n|-damage|p1a: Umbreon|29\/100\n|-damage|p2a: Porygon-Z|47\/100|[from] item: Life Orb\n|move|p1a: Umbreon|Heal Bell|p1a: Umbreon\n|-activate|p1a: Umbreon|move: Heal Bell\n|-curestatus|p1: Milotic|tox|[msg]\n|\n|-heal|p1a: Umbreon|35\/100|[from] item: Leftovers\n|upkeep\n|turn|14\n|inactive|cblackb3 has 120 seconds left.\n|\n|t:|1699591834\n|move|p1a: Umbreon|Protect|p1a: Umbreon\n|-singleturn|p1a: Umbreon|Protect\n|move|p2a: Porygon-Z|Tri Attack|p1a: Umbreon\n|-activate|p1a: Umbreon|move: Protect\n|\n|-heal|p1a: Umbreon|41\/100|[from] item: Leftovers\n|upkeep\n|turn|15\n|inactive|cblackb3 has 120 seconds left.\n|\n|t:|1699591866\n|move|p2a: Porygon-Z|Tri Attack|p1a: Umbreon\n|-damage|p1a: Umbreon|0 fnt\n|faint|p1a: Umbreon\n|-damage|p2a: Porygon-Z|37\/100|[from] item: Life Orb\n|\n|upkeep\n|inactive|cblackb3 has 90 seconds left.\n|\n|t:|1699591881\n|switch|p1a: Incineroar|Incineroar, M|100\/100\n|-ability|p1a: Incineroar|Intimidate|boost\n|-unboost|p2a: Porygon-Z|atk|1\n|turn|16\n|inactive|cblackb3 has 90 seconds left.\n|\n|t:|1699591906\n|move|p2a: Porygon-Z|Tri Attack|p1a: Incineroar\n|-damage|p1a: Incineroar|21\/100\n|-damage|p2a: Porygon-Z|28\/100|[from] item: Life Orb\n|move|p1a: Incineroar|Darkest Lariat|p2a: Porygon-Z\n|-damage|p2a: Porygon-Z|0 fnt\n|faint|p2a: Porygon-Z\n|\n|upkeep\n|\n|t:|1699591910\n|switch|p2a: Lopunny|Lopunny-Mega, F|95\/100 brn\n|turn|17\n|\n|t:|1699591925\n|switch|p1a: Milotic|Milotic, M|49\/100\n|move|p2a: Lopunny|Fake Out|p1a: Milotic\n|-damage|p1a: Milotic|42\/100\n|-damage|p2a: Lopunny|78\/100 brn|[from] item: Rocky Helmet|[of] p1a: Milotic\n|-start|p2a: Lopunny|Attract|[from] ability: Cute Charm|[of] p1a: Milotic\n|\n|-damage|p2a: Lopunny|72\/100 brn|[from] brn\n|upkeep\n|turn|18\n|\n|t:|1699591935\n|-activate|p2a: Lopunny|move: Attract|[of] p1a: Milotic\n|move|p2a: Lopunny|Return|p1a: Milotic\n|-damage|p1a: Milotic|23\/100\n|-damage|p2a: Lopunny|55\/100 brn|[from] item: Rocky Helmet|[of] p1a: Milotic\n|move|p1a: Milotic|Recover|p1a: Milotic\n|-heal|p1a: Milotic|73\/100\n|\n|-damage|p2a: Lopunny|50\/100 brn|[from] brn\n|upkeep\n|turn|19\n|\n|t:|1699591948\n|-activate|p2a: Lopunny|move: Attract|[of] p1a: Milotic\n|move|p2a: Lopunny|Return|p1a: Milotic\n|-damage|p1a: Milotic|53\/100\n|-damage|p2a: Lopunny|33\/100 brn|[from] item: Rocky Helmet|[of] p1a: Milotic\n|move|p1a: Milotic|Recover|p1a: Milotic\n|-heal|p1a: Milotic|100\/100\n|\n|-damage|p2a: Lopunny|27\/100 brn|[from] brn\n|upkeep\n|turn|20\n|\n|t:|1699591958\n|-activate|p2a: Lopunny|move: Attract|[of] p1a: Milotic\n|cant|p2a: Lopunny|Attract\n|move|p1a: Milotic|Scald|p2a: Lopunny\n|-damage|p2a: Lopunny|0 fnt\n|faint|p2a: Lopunny\n|\n|upkeep\n|\n|t:|1699591961\n|switch|p2a: Bisharp|Bisharp, M|100\/100\n|turn|21\n|inactive|cblackb3 has 90 seconds left.\n|\n|t:|1699591972\n|move|p1a: Milotic|Scald|p2a: Bisharp\n|-damage|p2a: Bisharp|75\/100\n|-status|p2a: Bisharp|brn\n|move|p2a: Bisharp|Swords Dance|p2a: Bisharp\n|-boost|p2a: Bisharp|atk|2\n|\n|-damage|p2a: Bisharp|69\/100 brn|[from] brn\n|upkeep\n|turn|22\n|inactive|cblackb3 has 90 seconds left.\n|\n|t:|1699591996\n|switch|p1a: Weezing|Weezing, F|100\/100\n|move|p2a: Bisharp|Swords Dance|p2a: Bisharp\n|-boost|p2a: Bisharp|atk|2\n|\n|-damage|p2a: Bisharp|63\/100 brn|[from] brn\n|upkeep\n|turn|23\n|\n|t:|1699592006\n|move|p2a: Bisharp|Swords Dance|p2a: Bisharp\n|-boost|p2a: Bisharp|atk|2\n|move|p1a: Weezing|Haze|p1a: Weezing\n|-clearallboost\n|\n|-damage|p2a: Bisharp|57\/100 brn|[from] brn\n|upkeep\n|turn|24\n|\n|t:|1699592021\n|switch|p1a: Incineroar|Incineroar, M|21\/100\n|-ability|p1a: Incineroar|Intimidate|boost\n|-unboost|p2a: Bisharp|atk|1\n|-ability|p2a: Bisharp|Defiant|boost\n|-boost|p2a: Bisharp|atk|2\n|move|p2a: Bisharp|Iron Head|p1a: Incineroar\n|-resisted|p1a: Incineroar\n|-damage|p1a: Incineroar|4\/100\n|\n|-damage|p2a: Bisharp|51\/100 brn|[from] brn\n|upkeep\n|turn|25\n|\n|t:|1699592035\n|switch|p1a: Milotic|Milotic, M|100\/100\n|move|p2a: Bisharp|Sucker Punch||[still]\n|-fail|p2a: Bisharp\n|\n|-damage|p2a: Bisharp|45\/100 brn|[from] brn\n|upkeep\n|turn|26\n|\n|t:|1699592044\n|move|p1a: Milotic|Scald|p2a: Bisharp\n|-damage|p2a: Bisharp|22\/100 brn\n|move|p2a: Bisharp|Swords Dance|p2a: Bisharp\n|-boost|p2a: Bisharp|atk|2\n|\n|-damage|p2a: Bisharp|16\/100 brn|[from] brn\n|upkeep\n|turn|27\n|inactive|cblackb3 has 90 seconds left.\n|\n|t:|1699592055\n|move|p2a: Bisharp|Sucker Punch||[still]\n|-fail|p2a: Bisharp\n|move|p1a: Milotic|Confuse Ray|p2a: Bisharp\n|-start|p2a: Bisharp|confusion\n|\n|-damage|p2a: Bisharp|10\/100 brn|[from] brn\n|upkeep\n|turn|28\n|inactive|cblackb3 has 90 seconds left.\n|\n|t:|1699592064\n|-activate|p2a: Bisharp|confusion\n|-damage|p2a: Bisharp|0 fnt|[from] confusion\n|faint|p2a: Bisharp\n|move|p1a: Milotic|Scald|p2: Bisharp|[notarget]\n|-fail|p1a: Milotic\n|\n|upkeep\n|\n|t:|1699592066\n|switch|p2a: Togekiss|Togekiss, F|100\/100\n|turn|29\n|inactive|cblackb3 has 90 seconds left.\n|c|\u2606Pachimi|Boring\n|\n|t:|1699592093\n|switch|p1a: Jellicent|Jellicent, M|50\/100\n|move|p2a: Togekiss|Air Slash|p1a: Jellicent\n|-damage|p1a: Jellicent|24\/100\n|\n|-heal|p1a: Jellicent|30\/100|[from] item: Leftovers\n|upkeep\n|turn|30\n|\n|t:|1699592103\n|move|p2a: Togekiss|Air Slash|p1a: Jellicent\n|-damage|p1a: Jellicent|3\/100\n|move|p1a: Jellicent|Will-O-Wisp|p2a: Togekiss\n|-status|p2a: Togekiss|brn\n|\n|-heal|p1a: Jellicent|9\/100|[from] item: Leftovers\n|-damage|p2a: Togekiss|94\/100 brn|[from] brn\n|upkeep\n|turn|31\n|\n|t:|1699592126\n|move|p2a: Togekiss|Air Slash|p1a: Jellicent\n|-damage|p1a: Jellicent|0 fnt\n|faint|p1a: Jellicent\n|\n|-heal|p2a: Togekiss|100\/100 brn|[from] item: Leftovers\n|-damage|p2a: Togekiss|94\/100 brn|[from] brn\n|upkeep\n|\n|t:|1699592137\n|switch|p1a: Weezing|Weezing, F|100\/100\n|turn|32\n|\n|t:|1699592144\n|move|p2a: Togekiss|Air Slash|p1a: Weezing\n|-damage|p1a: Weezing|62\/100\n|move|p1a: Weezing|Sludge Bomb|p2a: Togekiss\n|-supereffective|p2a: Togekiss\n|-damage|p2a: Togekiss|38\/100 brn\n|\n|-heal|p2a: Togekiss|45\/100 brn|[from] item: Leftovers\n|-heal|p1a: Weezing|68\/100|[from] item: Black Sludge\n|-damage|p2a: Togekiss|38\/100 brn|[from] brn\n|upkeep\n|turn|33\n|\n|t:|1699592155\n|move|p2a: Togekiss|Air Slash|p1a: Weezing\n|-damage|p1a: Weezing|28\/100\n|cant|p1a: Weezing|flinch\n|\n|-heal|p2a: Togekiss|45\/100 brn|[from] item: Leftovers\n|-heal|p1a: Weezing|34\/100|[from] item: Black Sludge\n|-damage|p2a: Togekiss|38\/100 brn|[from] brn\n|upkeep\n|turn|34\n|\n|t:|1699592166\n|move|p2a: Togekiss|Air Slash|p1a: Weezing\n|-damage|p1a: Weezing|0 fnt\n|faint|p1a: Weezing\n|\n|-heal|p2a: Togekiss|45\/100 brn|[from] item: Leftovers\n|-damage|p2a: Togekiss|38\/100 brn|[from] brn\n|upkeep\n|\n|t:|1699592176\n|switch|p1a: Milotic|Milotic, M|100\/100\n|turn|35\n|\n|t:|1699592183\n|move|p2a: Togekiss|Air Slash|p1a: Milotic\n|-damage|p1a: Milotic|72\/100\n|move|p1a: Milotic|Ice Beam|p2a: Togekiss\n|-supereffective|p2a: Togekiss\n|-damage|p2a: Togekiss|0 fnt\n|faint|p2a: Togekiss\n|\n|upkeep\n|\n|t:|1699592186\n|switch|p2a: Garchomp|Garchomp, M, shiny|100\/100\n|turn|36\n|\n|t:|1699592195\n|switch|p1a: Incineroar|Incineroar, M|4\/100\n|-ability|p1a: Incineroar|Intimidate|boost\n|-unboost|p2a: Garchomp|atk|1\n|-terastallize|p2a: Garchomp|Steel\n|move|p2a: Garchomp|Swords Dance|p2a: Garchomp\n|-boost|p2a: Garchomp|atk|2\n|\n|upkeep\n|turn|37\n|inactive|cblackb3 has 90 seconds left.\n|\n|t:|1699592213\n|move|p2a: Garchomp|Scale Shot|p1a: Incineroar\n|-damage|p1a: Incineroar|0 fnt\n|faint|p1a: Incineroar\n|-hitcount|p1: Incineroar|1\n|-unboost|p2a: Garchomp|def|1\n|-boost|p2a: Garchomp|spe|1\n|\n|upkeep\n|\n|t:|1699592221\n|switch|p1a: Milotic|Milotic, M|72\/100\n|turn|38\n|inactive|cblackb3 has 60 seconds left.\n|c|\u2606cblackb3|!weak garchomp\n|c| cblackb3|\/raw <div class=\"infobox\">Garchomp (ignoring abilities):<br \/><span class=\"message-effect-weak\">Weaknesses<\/span>: Dragon, Fairy, <b>Ice<\/b><br \/><span class=\"message-effect-resist\">Resistances<\/span>: Fire, Poison, Rock<br \/><span class=\"message-effect-immune\">Immunities<\/span>: Electric, Sandstorm damage<\/div>\n|\n|t:|1699592257\n|-terastallize|p1a: Milotic|Water\n|move|p2a: Garchomp|Scale Shot|p1a: Milotic\n|-damage|p1a: Milotic|56\/100\n|-damage|p1a: Milotic|42\/100\n|-damage|p1a: Milotic|28\/100\n|-damage|p1a: Milotic|14\/100\n|-damage|p1a: Milotic|0 fnt\n|faint|p1a: Milotic\n|-hitcount|p1: Milotic|5\n|\n|win|Pachimi\n|raw|cblackb3's rating: 1062 &rarr; <strong>1042<\/strong><br \/>(-20 for losing)\n|raw|Pachimi's rating: 1046 &rarr; <strong>1081<\/strong><br \/>(+35 for winning)\n|c|\u2606Pachimi|Weak player\n|c|\u2606cblackb3|rematch?\n|c|\u2606Pachimi|Youre boring tho\n","uploadtime":1699592319,"views":11,"p1id":"cblackb3","p2id":"pachimi","formatid":"gen9nationaldex","rating":1042,"private":0,"password":""}