{"id":"gen9nationaldex-1992611846","p1":"vgjvghfnghfyjh","p2":"Quocnek","format":"[Gen 9] National Dex","log":"|j|\u2606vgjvghfnghfyjh\n|j|\u2606Quocnek\n|t:|1700214555\n|gametype|singles\n|player|p1|vgjvghfnghfyjh|brycenman|1137\n|player|p2|Quocnek|bellelba|1128\n|teamsize|p1|6\n|teamsize|p2|6\n|gen|9\n|tier|[Gen 9] National Dex\n|rated|\n|rule|HP Percentage Mod: HP is shown in percentages\n|rule|Endless Battle Clause: Forcing endless battles is banned\n|rule|OHKO Clause: OHKO moves are banned\n|rule|Evasion Clause: Evasion abilities, items, and moves are banned\n|rule|Evasion Abilities Clause: Evasion abilities are banned\n|rule|Evasion Items Clause: Evasion items are banned\n|rule|Evasion Moves Clause: Evasion moves are banned\n|rule|Species Clause: Limit one of each Pok\u00e9mon\n|rule|Sleep Clause Mod: Limit one foe put to sleep\n|clearpoke\n|poke|p1|Absol, F|\n|poke|p1|Hydreigon, F|\n|poke|p1|Gliscor, M|\n|poke|p1|Azelf|\n|poke|p1|Cinderace, F|\n|poke|p1|Buzzwole|\n|poke|p2|Primarina, F|\n|poke|p2|Gastrodon, M|\n|poke|p2|Gardevoir, F|\n|poke|p2|Zoroark-Hisui, F|\n|poke|p2|Hatterene, F|\n|poke|p2|Clodsire, F|\n|teampreview\n|inactive|Battle timer is ON: inactive players will automatically lose when time's up. (requested by Quocnek)\n|\n|t:|1700214572\n|start\n|switch|p1a: Gliscor|Gliscor, M|100\/100\n|switch|p2a: Clodsire|Clodsire, F|100\/100\n|turn|1\n|\n|t:|1700214583\n|move|p1a: Gliscor|Toxic|p2a: Clodsire\n|-immune|p2a: Clodsire\n|move|p2a: Clodsire|Stealth Rock|p1a: Gliscor\n|-sidestart|p1: vgjvghfnghfyjh|move: Stealth Rock\n|\n|-status|p1a: Gliscor|tox|[from] item: Toxic Orb\n|upkeep\n|turn|2\n|\n|t:|1700214591\n|move|p1a: Gliscor|Facade|p2a: Clodsire\n|-damage|p2a: Clodsire|67\/100\n|move|p2a: Clodsire|Toxic Spikes|p1a: Gliscor\n|-sidestart|p1: vgjvghfnghfyjh|move: Toxic Spikes\n|\n|-heal|p2a: Clodsire|73\/100|[from] item: Leftovers\n|upkeep\n|turn|3\n|\n|t:|1700214599\n|move|p1a: Gliscor|Acrobatics|p2a: Clodsire\n|-damage|p2a: Clodsire|54\/100\n|move|p2a: Clodsire|Toxic Spikes|p1a: Gliscor\n|-sidestart|p1: vgjvghfnghfyjh|move: Toxic Spikes\n|\n|-heal|p2a: Clodsire|60\/100|[from] item: Leftovers\n|upkeep\n|turn|4\n|\n|t:|1700214606\n|move|p1a: Gliscor|Acrobatics|p2a: Clodsire\n|-damage|p2a: Clodsire|41\/100\n|move|p2a: Clodsire|Spikes|p1a: Gliscor\n|-sidestart|p1: vgjvghfnghfyjh|Spikes\n|\n|-heal|p2a: Clodsire|47\/100|[from] item: Leftovers\n|upkeep\n|turn|5\n|\n|t:|1700214616\n|switch|p1a: Azelf|Azelf|100\/100\n|-damage|p1a: Azelf|88\/100|[from] Stealth Rock\n|move|p2a: Clodsire|Spikes|p1a: Azelf\n|-sidestart|p1: vgjvghfnghfyjh|Spikes\n|\n|-heal|p2a: Clodsire|54\/100|[from] item: Leftovers\n|upkeep\n|turn|6\n|\n|t:|1700214624\n|move|p1a: Azelf|Psychic|p2a: Clodsire\n|-supereffective|p2a: Clodsire\n|-damage|p2a: Clodsire|0 fnt\n|faint|p2a: Clodsire\n|-damage|p1a: Azelf|78\/100|[from] item: Life Orb\n|\n|upkeep\n|\n|t:|1700214650\n|switch|p2a: Hatterene|Hatterene, F|100\/100\n|turn|7\n|\n|t:|1700214654\n|move|p1a: Azelf|Calm Mind|p1a: Azelf\n|-boost|p1a: Azelf|spa|1\n|-boost|p1a: Azelf|spd|1\n|move|p2a: Hatterene|Reflect|p2a: Hatterene\n|-sidestart|p2: Quocnek|Reflect\n|\n|upkeep\n|turn|8\n|\n|t:|1700214660\n|move|p1a: Azelf|Encore|p2a: Hatterene\n|move|p2a: Hatterene|Encore||[from]ability: Magic Bounce|[still]\n|-fail|p2a: Hatterene\n|move|p2a: Hatterene|Light Screen|p2a: Hatterene\n|-sidestart|p2: Quocnek|move: Light Screen\n|\n|upkeep\n|turn|9\n|\n|t:|1700214667\n|move|p1a: Azelf|Psychic|p2a: Hatterene\n|-resisted|p2a: Hatterene\n|-damage|p2a: Hatterene|79\/100\n|-damage|p1a: Azelf|68\/100|[from] item: Life Orb\n|move|p2a: Hatterene|Psyshock|p1a: Azelf\n|-resisted|p1a: Azelf\n|-damage|p1a: Azelf|28\/100\n|\n|upkeep\n|turn|10\n|\n|t:|1700214675\n|move|p1a: Azelf|Dazzling Gleam|p2a: Hatterene\n|-damage|p2a: Hatterene|54\/100\n|-damage|p1a: Azelf|18\/100|[from] item: Life Orb\n|move|p2a: Hatterene|Psyshock|p1a: Azelf\n|-resisted|p1a: Azelf\n|-damage|p1a: Azelf|0 fnt\n|faint|p1a: Azelf\n|\n|upkeep\n|\n|t:|1700214684\n|switch|p1a: Cinderace|Cinderace, F|100\/100\n|-damage|p1a: Cinderace|76\/100|[from] Stealth Rock\n|-status|p1a: Cinderace|tox\n|-damage|p1a: Cinderace|59\/100 tox|[from] Spikes\n|turn|11\n|\n|t:|1700214693\n|move|p1a: Cinderace|Court Change|p1a: Cinderace\n|-start|p1a: Cinderace|typechange|Normal|[from] ability: Libero\n|-swapsideconditions\n|-activate|p1a: Cinderace|move: Court Change\n|move|p2a: Hatterene|Dazzling Gleam|p1a: Cinderace\n|-crit|p1a: Cinderace\n|-damage|p1a: Cinderace|0 fnt\n|faint|p1a: Cinderace\n|\n|upkeep\n|\n|t:|1700214709\n|switch|p1a: Absol|Absol, F|100\/100\n|-ability|p1a: Absol|Pressure\n|turn|12\n|\n|t:|1700214713\n|detailschange|p1a: Absol|Absol-Mega, F\n|-mega|p1a: Absol|Absol|Absolite\n|move|p1a: Absol|Megahorn|p2a: Hatterene|[miss]\n|-miss|p1a: Absol|p2a: Hatterene\n|move|p2a: Hatterene|Dazzling Gleam|p1a: Absol\n|-supereffective|p1a: Absol\n|-crit|p1a: Absol\n|-damage|p1a: Absol|0 fnt\n|faint|p1a: Absol\n|\n|upkeep\n|\n|t:|1700214719\n|switch|p1a: Hydreigon|Hydreigon, F|100\/100\n|turn|13\n|\n|t:|1700214725\n|move|p1a: Hydreigon|Flash Cannon|p2a: Hatterene\n|-supereffective|p2a: Hatterene\n|-damage|p2a: Hatterene|0 fnt\n|faint|p2a: Hatterene\n|-damage|p1a: Hydreigon|91\/100|[from] item: Life Orb\n|\n|upkeep\n|\n|t:|1700214732\n|switch|p2a: Gardevoir|Gardevoir, F|100\/100\n|-damage|p2a: Gardevoir|88\/100|[from] Stealth Rock\n|-status|p2a: Gardevoir|tox\n|-damage|p2a: Gardevoir|72\/100 tox|[from] Spikes\n|-ability|p2a: Gardevoir|Levitate|[from] ability: Trace|[of] p1a: Hydreigon\n|turn|14\n|\n|t:|1700214741\n|detailschange|p2a: Gardevoir|Gardevoir-Mega, F\n|-mega|p2a: Gardevoir|Gardevoir|Gardevoirite\n|move|p2a: Gardevoir|Hyper Voice|p1a: Hydreigon\n|-supereffective|p1a: Hydreigon\n|-damage|p1a: Hydreigon|0 fnt\n|faint|p1a: Hydreigon\n|\n|-damage|p2a: Gardevoir|65\/100 tox|[from] psn\n|-sideend|p1: vgjvghfnghfyjh|Reflect\n|upkeep\n|\n|t:|1700214750\n|switch|p1a: Gliscor|Gliscor, M|100\/100 tox\n|turn|15\n|\n|t:|1700214757\n|move|p2a: Gardevoir|Hyper Voice|p1a: Gliscor\n|-damage|p1a: Gliscor|62\/100 tox\n|move|p1a: Gliscor|Facade|p2a: Gardevoir\n|-damage|p2a: Gardevoir|8\/100 tox\n|\n|-damage|p2a: Gardevoir|0 fnt|[from] psn\n|faint|p2a: Gardevoir\n|-heal|p1a: Gliscor|74\/100 tox|[from] ability: Poison Heal\n|-sideend|p1: vgjvghfnghfyjh|move: Light Screen\n|upkeep\n|\n|t:|1700214769\n|switch|p2a: Primarina|Primarina, F|100\/100\n|-damage|p2a: Primarina|88\/100|[from] Stealth Rock\n|-status|p2a: Primarina|tox\n|-damage|p2a: Primarina|72\/100 tox|[from] Spikes\n|turn|16\n|\n|t:|1700214776\n|move|p1a: Gliscor|Facade|p2a: Primarina\n|-damage|p2a: Primarina|36\/100 tox\n|-zpower|p2a: Primarina\n|move|p2a: Primarina|Oceanic Operetta|p1a: Gliscor|[zeffect]\n|-supereffective|p1a: Gliscor\n|-damage|p1a: Gliscor|0 fnt\n|faint|p1a: Gliscor\n|\n|-damage|p2a: Primarina|30\/100 tox|[from] psn\n|upkeep\n|\n|t:|1700214779\n|switch|p1a: Buzzwole|Buzzwole|100\/100\n|turn|17\n|\n|t:|1700214794\n|-terastallize|p1a: Buzzwole|Bug\n|move|p1a: Buzzwole|Fell Stinger|p2a: Primarina\n|-resisted|p2a: Primarina\n|-damage|p2a: Primarina|0 fnt\n|faint|p2a: Primarina\n|-ability|p1a: Buzzwole|Beast Boost|boost\n|-boost|p1a: Buzzwole|atk|1\n|-boost|p1a: Buzzwole|atk|3\n|\n|upkeep\n|\n|t:|1700214806\n|switch|p2a: Gastrodon|Gastrodon, M|100\/100\n|-damage|p2a: Gastrodon|88\/100|[from] Stealth Rock\n|-status|p2a: Gastrodon|tox\n|-damage|p2a: Gastrodon|72\/100 tox|[from] Spikes\n|turn|18\n|\n|t:|1700214823\n|move|p2a: Gastrodon|Nasty Plot|p2a: Gastrodon\n|-boost|p2a: Gastrodon|spa|2\n|move|p1a: Buzzwole|Fell Stinger|p2a: Gastrodon\n|-resisted|p2a: Gastrodon\n|-damage|p2a: Gastrodon|0 fnt\n|replace|p2a: Zoroark|Zoroark-Hisui, F\n|-end|p2a: Zoroark|Illusion\n|faint|p2a: Zoroark\n|-ability|p1a: Buzzwole|Beast Boost|boost\n|-boost|p1a: Buzzwole|atk|1\n|-boost|p1a: Buzzwole|atk|1\n|\n|upkeep\n|-message|Quocnek forfeited.\n|\n|win|vgjvghfnghfyjh\n|raw|vgjvghfnghfyjh's rating: 1137 &rarr; <strong>1161<\/strong><br \/>(+24 for winning)\n|raw|Quocnek's rating: 1128 &rarr; <strong>1104<\/strong><br \/>(-24 for losing)\n|l|\u2606Quocnek\n","uploadtime":1700214834,"views":4,"p1id":"vgjvghfnghfyjh","p2id":"quocnek","formatid":"gen9nationaldex","rating":1104,"private":0,"password":""}