{"id":"gen9nationaldex-1996520644","p1":"Diglettfan5","p2":"Xenaru","format":"[Gen 9] National Dex","log":"|html|<div class=\"broadcast-blue\"><strong>[Gen 9] National Dex is currently suspecting Sneasler! For information on how to participate check out the <a href=\"https:\/\/www.smogon.com\/forums\/threads\/sv-national-dex-suspect-8-just-dance.3731534\/\">suspect thread<\/a>.<\/strong><\/div>\n|j|\u2606Diglettfan5\n|j|\u2606Xenaru\n|t:|1700690129\n|gametype|singles\n|player|p1|Diglettfan5|petrel|1058\n|player|p2|Xenaru|1|1000\n|teamsize|p1|6\n|teamsize|p2|6\n|gen|9\n|tier|[Gen 9] National Dex\n|rated|\n|rule|HP Percentage Mod: HP is shown in percentages\n|rule|Endless Battle Clause: Forcing endless battles is banned\n|rule|OHKO Clause: OHKO moves are banned\n|rule|Evasion Clause: Evasion abilities, items, and moves are banned\n|rule|Evasion Abilities Clause: Evasion abilities are banned\n|rule|Evasion Items Clause: Evasion items are banned\n|rule|Evasion Moves Clause: Evasion moves are banned\n|rule|Species Clause: Limit one of each Pok\u00e9mon\n|rule|Sleep Clause Mod: Limit one foe put to sleep\n|clearpoke\n|poke|p1|Azumarill, F|\n|poke|p1|Magcargo, M|\n|poke|p1|Noctowl, M|\n|poke|p1|Tentacruel, M|\n|poke|p1|Dragonite, F|\n|poke|p1|Farigiraf, F|\n|poke|p2|Liepard, F|\n|poke|p2|Brute Bonnet|\n|poke|p2|Murkrow, F|\n|poke|p2|Shiftry, F|\n|poke|p2|Morpeko, F|\n|poke|p2|Iron Jugulis|\n|teampreview\n|\n|t:|1700690165\n|start\n|switch|p1a: Magcargo|Magcargo, M|100\/100\n|switch|p2a: Murkrow|Murkrow, F|100\/100\n|turn|1\n|\n|t:|1700690175\n|move|p2a: Murkrow|Thunder Wave|p1a: Magcargo\n|-status|p1a: Magcargo|par\n|move|p1a: Magcargo|Gyro Ball|p2a: Murkrow\n|-damage|p2a: Murkrow|42\/100\n|-enditem|p2a: Murkrow|Eject Button\n|\n|t:|1700690189\n|switch|p2a: Morpeko|Morpeko, F|100\/100\n|\n|-formechange|p2a: Morpeko|Morpeko-Hangry||[from] ability: Hunger Switch\n|upkeep\n|turn|2\n|\n|t:|1700690199\n|move|p2a: Morpeko|Electric Terrain|p2a: Morpeko\n|-fieldstart|move: Electric Terrain\n|move|p1a: Magcargo|Ancient Power|p2a: Morpeko\n|-damage|p2a: Morpeko|56\/100\n|\n|-formechange|p2a: Morpeko|Morpeko||[from] ability: Hunger Switch\n|upkeep\n|turn|3\n|\n|t:|1700690208\n|move|p2a: Morpeko|Aura Wheel|p1a: Magcargo\n|-damage|p1a: Magcargo|47\/100 par\n|-boost|p2a: Morpeko|spe|1\n|cant|p1a: Magcargo|par\n|\n|-formechange|p2a: Morpeko|Morpeko-Hangry||[from] ability: Hunger Switch\n|upkeep\n|turn|4\n|\n|t:|1700690217\n|move|p2a: Morpeko|Aura Wheel|p1a: Magcargo\n|-damage|p1a: Magcargo|9\/100 par\n|-boost|p2a: Morpeko|spe|1\n|cant|p1a: Magcargo|par\n|\n|-formechange|p2a: Morpeko|Morpeko||[from] ability: Hunger Switch\n|upkeep\n|turn|5\n|\n|t:|1700690226\n|move|p2a: Morpeko|Aura Wheel|p1a: Magcargo\n|-damage|p1a: Magcargo|0 fnt\n|-boost|p2a: Morpeko|spe|1\n|faint|p1a: Magcargo\n|\n|-formechange|p2a: Morpeko|Morpeko-Hangry||[from] ability: Hunger Switch\n|upkeep\n|\n|t:|1700690238\n|switch|p1a: Farigiraf|Farigiraf, F|100\/100\n|turn|6\n|\n|t:|1700690243\n|move|p2a: Morpeko|Aura Wheel|p1a: Farigiraf\n|-supereffective|p1a: Farigiraf\n|-damage|p1a: Farigiraf|2\/100\n|-boost|p2a: Morpeko|spe|1\n|move|p1a: Farigiraf|High Horsepower|p2a: Morpeko\n|-supereffective|p2a: Morpeko\n|-damage|p2a: Morpeko|0 fnt\n|faint|p2a: Morpeko\n|\n|-heal|p1a: Farigiraf|8\/100|[from] item: Leftovers\n|upkeep\n|\n|t:|1700690252\n|switch|p2a: Iron Jugulis|Iron Jugulis|100\/100\n|-activate|p2a: Iron Jugulis|ability: Quark Drive\n|-start|p2a: Iron Jugulis|quarkdrivespe\n|-enditem|p2a: Iron Jugulis|Electric Seed\n|-boost|p2a: Iron Jugulis|def|1|[from] item: Electric Seed\n|turn|7\n|\n|t:|1700690290\n|switch|p1a: Dragonite|Dragonite, F|100\/100\n|move|p2a: Iron Jugulis|Acrobatics|p1a: Dragonite\n|-damage|p1a: Dragonite|59\/100\n|\n|upkeep\n|turn|8\n|\n|t:|1700690299\n|move|p2a: Iron Jugulis|Acrobatics|p1a: Dragonite\n|-damage|p1a: Dragonite|18\/100\n|move|p1a: Dragonite|Thunder|p2a: Iron Jugulis\n|-supereffective|p2a: Iron Jugulis\n|-damage|p2a: Iron Jugulis|30\/100\n|\n|upkeep\n|turn|9\n|\n|t:|1700690306\n|move|p2a: Iron Jugulis|Acrobatics|p1a: Dragonite\n|-damage|p1a: Dragonite|0 fnt\n|faint|p1a: Dragonite\n|\n|-fieldend|move: Electric Terrain\n|-end|p2a: Iron Jugulis|Quark Drive\n|upkeep\n|\n|t:|1700690309\n|switch|p1a: Farigiraf|Farigiraf, F|8\/100\n|turn|10\n|\n|t:|1700690318\n|move|p2a: Iron Jugulis|Knock Off|p1a: Farigiraf\n|-supereffective|p1a: Farigiraf\n|-damage|p1a: Farigiraf|0 fnt\n|-enditem|p1a: Farigiraf|Leftovers|[from] move: Knock Off|[of] p2a: Iron Jugulis\n|faint|p1a: Farigiraf\n|\n|upkeep\n|\n|t:|1700690321\n|switch|p1a: Azumarill|Azumarill, F|100\/100\n|turn|11\n|\n|t:|1700690328\n|move|p2a: Iron Jugulis|Iron Head|p1a: Azumarill\n|-damage|p1a: Azumarill|77\/100\n|move|p1a: Azumarill|Belly Drum|p1a: Azumarill\n|-damage|p1a: Azumarill|27\/100\n|-setboost|p1a: Azumarill|atk|6|[from] move: Belly Drum\n|\n|upkeep\n|turn|12\n|\n|t:|1700690338\n|move|p2a: Iron Jugulis|Iron Head|p1a: Azumarill\n|-damage|p1a: Azumarill|6\/100\n|cant|p1a: Azumarill|flinch\n|\n|upkeep\n|turn|13\n|\n|t:|1700690346\n|move|p2a: Iron Jugulis|Iron Head|p1a: Azumarill\n|-damage|p1a: Azumarill|0 fnt\n|faint|p1a: Azumarill\n|\n|upkeep\n|\n|t:|1700690349\n|switch|p1a: Noctowl|Noctowl, M|100\/100\n|turn|14\n|\n|t:|1700690357\n|move|p2a: Iron Jugulis|Rock Tomb|p1a: Noctowl\n|-supereffective|p1a: Noctowl\n|-damage|p1a: Noctowl|47\/100\n|-unboost|p1a: Noctowl|spe|1\n|move|p1a: Noctowl|Calm Mind|p1a: Noctowl\n|-boost|p1a: Noctowl|spa|1\n|-boost|p1a: Noctowl|spd|1\n|\n|upkeep\n|turn|15\n|\n|t:|1700690365\n|move|p2a: Iron Jugulis|Rock Tomb|p1a: Noctowl\n|-supereffective|p1a: Noctowl\n|-damage|p1a: Noctowl|0 fnt\n|faint|p1a: Noctowl\n|\n|upkeep\n|\n|t:|1700690368\n|switch|p1a: Tentacruel|Tentacruel, M|100\/100\n|turn|16\n|\n|t:|1700690377\n|move|p2a: Iron Jugulis|Acrobatics|p1a: Tentacruel\n|-damage|p1a: Tentacruel|31\/100\n|move|p1a: Tentacruel|Acid Armor|p1a: Tentacruel\n|-boost|p1a: Tentacruel|def|2\n|\n|-heal|p1a: Tentacruel|38\/100|[from] item: Black Sludge\n|upkeep\n|turn|17\n|\n|t:|1700690385\n|move|p2a: Iron Jugulis|Acrobatics|p1a: Tentacruel\n|-damage|p1a: Tentacruel|0 fnt\n|faint|p1a: Tentacruel\n|\n|win|Xenaru\n|raw|Diglettfan5's rating: 1058 &rarr; <strong>1036<\/strong><br \/>(-22 for losing)\n|raw|Xenaru's rating: 1000 &rarr; <strong>1047<\/strong><br \/>(+47 for winning)\n|c|\u2606Diglettfan5|Gg\n|l|\u2606Diglettfan5\n|c|\u2606Xenaru|gg\n","uploadtime":1700690404,"views":5,"p1id":"diglettfan5","p2id":"xenaru","formatid":"gen9nationaldex","rating":1036,"private":0,"password":""}