{"id":"gen9nationaldex-1993362793","p1":"zeonteo","p2":"sandworst","format":"[Gen 9] National Dex","log":"|j|\u2606zeonteo\n|j|\u2606sandworst\n|t:|1700306240\n|gametype|singles\n|player|p1|zeonteo|pokemonranger-gen4|1368\n|player|p2|sandworst|clair|1355\n|teamsize|p1|6\n|teamsize|p2|6\n|gen|9\n|tier|[Gen 9] National Dex\n|rated|\n|rule|HP Percentage Mod: HP is shown in percentages\n|rule|Endless Battle Clause: Forcing endless battles is banned\n|rule|OHKO Clause: OHKO moves are banned\n|rule|Evasion Clause: Evasion abilities, items, and moves are banned\n|rule|Evasion Abilities Clause: Evasion abilities are banned\n|rule|Evasion Items Clause: Evasion items are banned\n|rule|Evasion Moves Clause: Evasion moves are banned\n|rule|Species Clause: Limit one of each Pok\u00e9mon\n|rule|Sleep Clause Mod: Limit one foe put to sleep\n|clearpoke\n|poke|p1|Garchomp, F|\n|poke|p1|Tyranitar, M|\n|poke|p1|Volcarona, M|\n|poke|p1|Skarmory, M|\n|poke|p1|Tentacruel, F|\n|poke|p1|Scizor, F|\n|poke|p2|Regidrago|\n|poke|p2|Scizor, M|\n|poke|p2|Ursaluna, M|\n|poke|p2|Garchomp, M|\n|poke|p2|Corviknight, M|\n|poke|p2|Runerigus, M|\n|teampreview\n|inactive|Battle timer is ON: inactive players will automatically lose when time's up. (requested by zeonteo)\n|\n|t:|1700306253\n|start\n|switch|p1a: Volcarona|Volcarona, M|100\/100\n|switch|p2a: Runerigus|Runerigus, M|100\/100\n|turn|1\n|\n|t:|1700306271\n|move|p1a: Volcarona|Fiery Dance|p2a: Runerigus\n|-damage|p2a: Runerigus|60\/100\n|-boost|p1a: Volcarona|spa|1\n|move|p2a: Runerigus|Stealth Rock|p1a: Volcarona\n|-sidestart|p1: zeonteo|move: Stealth Rock\n|\n|upkeep\n|turn|2\n|\n|t:|1700306283\n|-terastallize|p1a: Volcarona|Water\n|move|p1a: Volcarona|Tera Blast|p2a: Runerigus|[anim] Tera Blast Water\n|-supereffective|p2a: Runerigus\n|-damage|p2a: Runerigus|0 fnt\n|faint|p2a: Runerigus\n|\n|upkeep\n|\n|t:|1700306300\n|switch|p2a: Garchomp|Garchomp, M, shiny|100\/100\n|turn|3\n|\n|t:|1700306310\n|switch|p1a: Skarmory|Skarmory, M|100\/100\n|-damage|p1a: Skarmory|88\/100|[from] Stealth Rock\n|move|p2a: Garchomp|Swords Dance|p2a: Garchomp\n|-boost|p2a: Garchomp|atk|2\n|\n|upkeep\n|turn|4\n|\n|t:|1700306318\n|move|p2a: Garchomp|Swords Dance|p2a: Garchomp\n|-boost|p2a: Garchomp|atk|2\n|move|p1a: Skarmory|Whirlwind|p2a: Garchomp\n|drag|p2a: Ursaluna|Ursaluna, M|100\/100\n|\n|-status|p2a: Ursaluna|brn|[from] item: Flame Orb\n|upkeep\n|turn|5\n|\n|t:|1700306330\n|move|p1a: Skarmory|Defog|p2a: Ursaluna\n|-unboost|p2a: Ursaluna|evasion|1\n|-sideend|p1: zeonteo|Stealth Rock|[from] move: Defog|[of] p1a: Skarmory\n|move|p2a: Ursaluna|Drain Punch|p1a: Skarmory\n|-damage|p1a: Skarmory|62\/100\n|-damage|p2a: Ursaluna|84\/100 brn|[from] item: Rocky Helmet|[of] p1a: Skarmory\n|\n|-damage|p2a: Ursaluna|78\/100 brn|[from] brn\n|upkeep\n|turn|6\n|\n|t:|1700306341\n|move|p1a: Skarmory|Brave Bird|p2a: Ursaluna\n|-damage|p2a: Ursaluna|53\/100 brn\n|-damage|p1a: Skarmory|50\/100|[from] Recoil\n|move|p2a: Ursaluna|Drain Punch|p1a: Skarmory\n|-damage|p1a: Skarmory|24\/100\n|-heal|p2a: Ursaluna|62\/100 brn|[from] drain|[of] p1a: Skarmory\n|-damage|p2a: Ursaluna|46\/100 brn|[from] item: Rocky Helmet|[of] p1a: Skarmory\n|\n|-damage|p2a: Ursaluna|40\/100 brn|[from] brn\n|upkeep\n|turn|7\n|\n|t:|1700306356\n|switch|p1a: Tentacruel|Tentacruel, F|100\/100\n|switch|p2a: Garchomp|Garchomp, M, shiny|100\/100\n|\n|upkeep\n|turn|8\n|\n|t:|1700306373\n|move|p2a: Garchomp|Earthquake|p1a: Tentacruel\n|-supereffective|p1a: Tentacruel\n|-damage|p1a: Tentacruel|0 fnt\n|faint|p1a: Tentacruel\n|\n|upkeep\n|\n|t:|1700306381\n|switch|p1a: Skarmory|Skarmory, M|24\/100\n|turn|9\n|\n|t:|1700306385\n|-zpower|p2a: Garchomp\n|move|p2a: Garchomp|Continental Crush|p1a: Skarmory|[zeffect]\n|-damage|p1a: Skarmory|0 fnt\n|faint|p1a: Skarmory\n|\n|upkeep\n|\n|t:|1700306401\n|switch|p1a: Scizor|Scizor, F|100\/100\n|turn|10\n|\n|t:|1700306407\n|move|p2a: Garchomp|Earthquake|p1a: Scizor\n|-damage|p1a: Scizor|47\/100\n|move|p1a: Scizor|Swords Dance|p1a: Scizor\n|-boost|p1a: Scizor|atk|2\n|\n|-heal|p1a: Scizor|53\/100|[from] item: Leftovers\n|upkeep\n|turn|11\n|\n|t:|1700306417\n|move|p1a: Scizor|Bullet Punch|p2a: Garchomp\n|-damage|p2a: Garchomp|26\/100\n|-damage|p1a: Scizor|41\/100|[from] ability: Rough Skin|[of] p2a: Garchomp\n|move|p2a: Garchomp|Earthquake|p1a: Scizor\n|-damage|p1a: Scizor|0 fnt\n|faint|p1a: Scizor\n|\n|upkeep\n|\n|t:|1700306430\n|switch|p1a: Volcarona|Volcarona, M, tera:Water|100\/100\n|turn|12\n|\n|t:|1700306435\n|move|p2a: Garchomp|Earthquake|p1a: Volcarona\n|-damage|p1a: Volcarona|23\/100\n|move|p1a: Volcarona|Quiver Dance|p1a: Volcarona\n|-boost|p1a: Volcarona|spa|1\n|-boost|p1a: Volcarona|spd|1\n|-boost|p1a: Volcarona|spe|1\n|\n|upkeep\n|turn|13\n|\n|t:|1700306445\n|move|p1a: Volcarona|Tera Blast|p2a: Garchomp|[anim] Tera Blast Water\n|-damage|p2a: Garchomp|0 fnt\n|faint|p2a: Garchomp\n|\n|upkeep\n|\n|t:|1700306451\n|switch|p2a: Scizor|Scizor, M|100\/100\n|turn|14\n|\n|t:|1700306454\n|detailschange|p2a: Scizor|Scizor-Mega, M\n|-mega|p2a: Scizor|Scizor|Scizorite\n|move|p2a: Scizor|Bullet Punch|p1a: Volcarona\n|-resisted|p1a: Volcarona\n|-damage|p1a: Volcarona|1\/100\n|move|p1a: Volcarona|Fiery Dance|p2a: Scizor\n|-supereffective|p2a: Scizor\n|-damage|p2a: Scizor|0 fnt\n|faint|p2a: Scizor\n|\n|upkeep\n|\n|t:|1700306462\n|switch|p2a: Regidrago|Regidrago|100\/100\n|turn|15\n|\n|t:|1700306470\n|move|p1a: Volcarona|Bug Buzz|p2a: Regidrago\n|-damage|p2a: Regidrago|19\/100\n|move|p2a: Regidrago|Tera Blast|p1a: Volcarona\n|-damage|p1a: Volcarona|0 fnt\n|faint|p1a: Volcarona\n|\n|upkeep\n|\n|t:|1700306483\n|switch|p1a: Garchomp|Garchomp, F|100\/100\n|turn|16\n|\n|t:|1700306493\n|switch|p2a: Corviknight|Corviknight, M, shiny|100\/100\n|move|p1a: Garchomp|Dragon Claw|p2a: Corviknight\n|-resisted|p2a: Corviknight\n|-damage|p2a: Corviknight|88\/100\n|-damage|p1a: Garchomp|84\/100|[from] item: Rocky Helmet|[of] p2a: Corviknight\n|\n|upkeep\n|turn|17\n|\n|t:|1700306502\n|detailschange|p1a: Garchomp|Garchomp-Mega, F\n|-mega|p1a: Garchomp|Garchomp|Garchompite\n|move|p1a: Garchomp|Flamethrower|p2a: Corviknight\n|-supereffective|p2a: Corviknight\n|-damage|p2a: Corviknight|44\/100\n|move|p2a: Corviknight|Brave Bird|p1a: Garchomp\n|-crit|p1a: Garchomp\n|-damage|p1a: Garchomp|37\/100\n|-damage|p2a: Corviknight|30\/100|[from] Recoil\n|\n|upkeep\n|turn|18\n|\n|t:|1700306522\n|-terastallize|p2a: Corviknight|Dragon\n|move|p1a: Garchomp|Flamethrower|p2a: Corviknight\n|-resisted|p2a: Corviknight\n|-damage|p2a: Corviknight|17\/100\n|move|p2a: Corviknight|Roost|p2a: Corviknight\n|-heal|p2a: Corviknight|67\/100\n|\n|upkeep\n|turn|19\n|\n|t:|1700306533\n|move|p1a: Garchomp|Dragon Claw|p2a: Corviknight\n|-supereffective|p2a: Corviknight\n|-damage|p2a: Corviknight|0 fnt\n|-damage|p1a: Garchomp|21\/100|[from] item: Rocky Helmet|[of] p2a: Corviknight\n|faint|p2a: Corviknight\n|\n|upkeep\n|\n|t:|1700306540\n|switch|p2a: Regidrago|Regidrago|19\/100\n|turn|20\n|\n|t:|1700306545\n|move|p1a: Garchomp|Dragon Claw|p2a: Regidrago\n|-supereffective|p2a: Regidrago\n|-damage|p2a: Regidrago|0 fnt\n|faint|p2a: Regidrago\n|\n|upkeep\n|\n|t:|1700306547\n|switch|p2a: Ursaluna|Ursaluna, M|40\/100 brn\n|turn|21\n|\n|t:|1700306554\n|move|p1a: Garchomp|Earthquake|p2a: Ursaluna\n|-damage|p2a: Ursaluna|0 fnt\n|faint|p2a: Ursaluna\n|\n|win|zeonteo\n|raw|zeonteo's rating: 1368 &rarr; <strong>1387<\/strong><br \/>(+19 for winning)\n|raw|sandworst's rating: 1355 &rarr; <strong>1336<\/strong><br \/>(-19 for losing)\n|l|\u2606sandworst\n","uploadtime":1700306568,"views":31,"p1id":"zeonteo","p2id":"sandworst","formatid":"gen9nationaldex","rating":1336,"private":0,"password":""}