{"id":"gen9nationaldex-1999377686","p1":"RipDarkHam","p2":"FlyingSudowoodo","format":"[Gen 9] National Dex","log":"|html|<div class=\"broadcast-blue\"><strong>[Gen 9] National Dex is currently suspecting Sneasler! For information on how to participate check out the <a href=\"https:\/\/www.smogon.com\/forums\/threads\/sv-national-dex-suspect-8-just-dance.3731534\/\">suspect thread<\/a>.<\/strong><\/div>\n|j|\u2606RipDarkHam\n|j|\u2606FlyingSudowoodo\n|t:|1701069931\n|gametype|singles\n|player|p1|RipDarkHam|carmine-festival|1410\n|player|p2|FlyingSudowoodo|brock|1319\n|teamsize|p1|6\n|teamsize|p2|6\n|gen|9\n|tier|[Gen 9] National Dex\n|rated|\n|rule|HP Percentage Mod: HP is shown in percentages\n|rule|Endless Battle Clause: Forcing endless battles is banned\n|rule|OHKO Clause: OHKO moves are banned\n|rule|Evasion Clause: Evasion abilities, items, and moves are banned\n|rule|Evasion Abilities Clause: Evasion abilities are banned\n|rule|Evasion Items Clause: Evasion items are banned\n|rule|Evasion Moves Clause: Evasion moves are banned\n|rule|Species Clause: Limit one of each Pok\u00e9mon\n|rule|Sleep Clause Mod: Limit one foe put to sleep\n|clearpoke\n|poke|p1|Kommo-o, F|\n|poke|p1|Rillaboom, M|\n|poke|p1|Sneasler, M|\n|poke|p1|Gliscor, F|\n|poke|p1|Victini|\n|poke|p1|Latias, F|\n|poke|p2|Garganacl, M|\n|poke|p2|Diancie|\n|poke|p2|Glimmora, M|\n|poke|p2|Ogerpon-Cornerstone, F|\n|poke|p2|Golem-Alola, F|\n|poke|p2|Tyranitar, M|\n|teampreview\n|inactive|Battle timer is ON: inactive players will automatically lose when time's up. (requested by RipDarkHam)\n|\n|t:|1701069952\n|start\n|switch|p1a: Rillaboom|Rillaboom, M|100\/100\n|switch|p2a: Tyranitar|Tyranitar, M|100\/100\n|-fieldstart|move: Grassy Terrain|[from] ability: Grassy Surge|[of] p1a: Rillaboom\n|-weather|Sandstorm|[from] ability: Sand Stream|[of] p2a: Tyranitar\n|turn|1\n|inactive|FlyingSudowoodo has 120 seconds left.\n|\n|t:|1701069987\n|switch|p2a: Glimmora|Glimmora, M|100\/100\n|-item|p2a: Glimmora|Air Balloon\n|move|p1a: Rillaboom|Wood Hammer|p2a: Glimmora\n|-damage|p2a: Glimmora|0 fnt\n|-activate|p2a: Glimmora|ability: Toxic Debris\n|-sidestart|p1: RipDarkHam|move: Toxic Spikes\n|-enditem|p2a: Glimmora|Air Balloon\n|faint|p2a: Glimmora\n|-damage|p1a: Rillaboom|71\/100|[from] Recoil\n|\n|-weather|Sandstorm|[upkeep]\n|-damage|p1a: Rillaboom|65\/100|[from] Sandstorm\n|-heal|p1a: Rillaboom|71\/100|[from] Grassy Terrain\n|upkeep\n|inactive|FlyingSudowoodo has 120 seconds left.\n|\n|t:|1701070010\n|switch|p2a: Ogerpon|Ogerpon-Cornerstone, F|100\/100\n|turn|2\n|\n|t:|1701070026\n|move|p2a: Ogerpon|Ivy Cudgel|p1a: Rillaboom|[anim] Ivy Cudgel Rock\n|-damage|p1a: Rillaboom|2\/100\n|move|p1a: Rillaboom|Wood Hammer|p2a: Ogerpon\n|-ability|p2a: Ogerpon|Sturdy\n|-damage|p2a: Ogerpon|1\/100\n|-damage|p1a: Rillaboom|0 fnt|[from] Recoil\n|faint|p1a: Rillaboom\n|\n|-weather|Sandstorm|[upkeep]\n|-heal|p2a: Ogerpon|7\/100|[from] Grassy Terrain\n|upkeep\n|\n|t:|1701070030\n|switch|p1a: Sneasler|Sneasler, M|100\/100\n|-sideend|p1: RipDarkHam|move: Toxic Spikes|[of] p1a: Sneasler\n|-enditem|p1a: Sneasler|Grassy Seed\n|-boost|p1a: Sneasler|def|1|[from] item: Grassy Seed\n|turn|3\n|inactive|FlyingSudowoodo has 120 seconds left.\n|inactive|FlyingSudowoodo has 90 seconds left.\n|\n|t:|1701070072\n|switch|p2a: Garganacl|Garganacl, M|100\/100\n|move|p1a: Sneasler|Swords Dance|p1a: Sneasler\n|-boost|p1a: Sneasler|atk|2\n|\n|-weather|Sandstorm|[upkeep]\n|-damage|p1a: Sneasler|95\/100|[from] Sandstorm\n|-heal|p1a: Sneasler|100\/100|[from] Grassy Terrain\n|upkeep\n|turn|4\n|inactive|FlyingSudowoodo has 90 seconds left.\n|\n|t:|1701070086\n|-terastallize|p2a: Garganacl|Ghost\n|move|p1a: Sneasler|Close Combat|p2a: Garganacl\n|-immune|p2a: Garganacl\n|move|p2a: Garganacl|Salt Cure|p1a: Sneasler\n|-resisted|p1a: Sneasler\n|-damage|p1a: Sneasler|93\/100\n|-start|p1a: Sneasler|Salt Cure\n|\n|-weather|Sandstorm|[upkeep]\n|-damage|p1a: Sneasler|87\/100|[from] Sandstorm\n|-damage|p2a: Garganacl|94\/100|[from] Sandstorm\n|-heal|p1a: Sneasler|93\/100|[from] Grassy Terrain\n|-heal|p2a: Garganacl|100\/100|[from] Grassy Terrain\n|-damage|p1a: Sneasler|81\/100|[from] Salt Cure\n|upkeep\n|turn|5\n|inactive|FlyingSudowoodo has 90 seconds left.\n|\n|t:|1701070112\n|switch|p2a: Golem|Golem-Alola, F|100\/100\n|-terastallize|p1a: Sneasler|Ghost\n|move|p1a: Sneasler|Shadow Claw|p2a: Golem\n|-damage|p2a: Golem|27\/100\n|\n|-weather|none\n|-heal|p1a: Sneasler|87\/100|[from] Grassy Terrain\n|-heal|p2a: Golem|33\/100|[from] Grassy Terrain\n|-damage|p1a: Sneasler|74\/100|[from] Salt Cure\n|-fieldend|move: Grassy Terrain\n|upkeep\n|turn|6\n|inactive|FlyingSudowoodo has 60 seconds left.\n|\n|t:|1701070144\n|move|p2a: Golem|Endure|p2a: Golem\n|-singleturn|p2a: Golem|move: Endure\n|move|p1a: Sneasler|Shadow Claw|p2a: Golem\n|-activate|p2a: Golem|move: Endure\n|-damage|p2a: Golem|1\/100\n|\n|-damage|p1a: Sneasler|62\/100|[from] Salt Cure\n|upkeep\n|turn|7\n|-enditem|p2a: Golem|Custap Berry|[eat]\n|-activate|p2a: Golem|item: Custap Berry|[consumed]\n|\n|t:|1701070152\n|move|p2a: Golem|Explosion|p1a: Sneasler\n|-damage|p1a: Sneasler|0 fnt\n|faint|p2a: Golem\n|faint|p1a: Sneasler\n|\n|upkeep\n|inactive|FlyingSudowoodo has 60 seconds left.\n|\n|t:|1701070159\n|switch|p1a: Victini|Victini|100\/100\n|switch|p2a: Tyranitar|Tyranitar, M|100\/100\n|-weather|Sandstorm|[from] ability: Sand Stream|[of] p2a: Tyranitar\n|turn|8\n|inactive|FlyingSudowoodo has 60 seconds left.\n|\n|t:|1701070170\n|switch|p2a: Garganacl|Garganacl, M, tera:Ghost|100\/100\n|-zpower|p1a: Victini\n|move|p1a: Victini|Z-Celebrate|p1a: Victini|[anim]Celebrate\n|-boost|p1a: Victini|atk|1|[zeffect]\n|-boost|p1a: Victini|def|1|[zeffect]\n|-boost|p1a: Victini|spa|1|[zeffect]\n|-boost|p1a: Victini|spd|1|[zeffect]\n|-boost|p1a: Victini|spe|1|[zeffect]\n|-activate|p1a: Victini|move: Celebrate\n|\n|-weather|Sandstorm|[upkeep]\n|-damage|p1a: Victini|94\/100|[from] Sandstorm\n|-damage|p2a: Garganacl|94\/100|[from] Sandstorm\n|-heal|p2a: Garganacl|100\/100|[from] item: Leftovers\n|upkeep\n|turn|9\n|inactive|FlyingSudowoodo has 60 seconds left.\n|l|\u2606FlyingSudowoodo\n|inactive|FlyingSudowoodo disconnected and has a minute to reconnect!\n|player|p2|\n|j|\u2606FlyingSudowoodo\n|inactive|FlyingSudowoodo reconnected and has 35 seconds left.\n|player|p2|FlyingSudowoodo|brock\n|inactive|FlyingSudowoodo has 30 seconds left.\n|\n|t:|1701070211\n|move|p1a: Victini|Fire Blast|p2a: Garganacl\n|-damage|p2a: Garganacl|54\/100\n|move|p2a: Garganacl|Salt Cure|p1a: Victini\n|-supereffective|p1a: Victini\n|-damage|p1a: Victini|77\/100\n|-start|p1a: Victini|Salt Cure\n|\n|-weather|Sandstorm|[upkeep]\n|-damage|p1a: Victini|71\/100|[from] Sandstorm\n|-damage|p2a: Garganacl|47\/100|[from] Sandstorm\n|-heal|p2a: Garganacl|54\/100|[from] item: Leftovers\n|-damage|p1a: Victini|58\/100|[from] Salt Cure\n|upkeep\n|turn|10\n|inactive|FlyingSudowoodo has 30 seconds left.\n|\n|t:|1701070224\n|move|p2a: Garganacl|Protect|p2a: Garganacl\n|-singleturn|p2a: Garganacl|Protect\n|move|p1a: Victini|Fire Blast|p2a: Garganacl\n|-activate|p2a: Garganacl|move: Protect\n|\n|-weather|Sandstorm|[upkeep]\n|-damage|p1a: Victini|52\/100|[from] Sandstorm\n|-damage|p2a: Garganacl|47\/100|[from] Sandstorm\n|-heal|p2a: Garganacl|54\/100|[from] item: Leftovers\n|-damage|p1a: Victini|40\/100|[from] Salt Cure\n|upkeep\n|turn|11\n|inactive|FlyingSudowoodo has 30 seconds left.\n|\n|t:|1701070239\n|move|p1a: Victini|Fire Blast|p2a: Garganacl\n|-damage|p2a: Garganacl|7\/100\n|move|p2a: Garganacl|Recover|p2a: Garganacl\n|-heal|p2a: Garganacl|57\/100\n|\n|-weather|Sandstorm|[upkeep]\n|-damage|p1a: Victini|34\/100|[from] Sandstorm\n|-damage|p2a: Garganacl|51\/100|[from] Sandstorm\n|-heal|p2a: Garganacl|57\/100|[from] item: Leftovers\n|-damage|p1a: Victini|21\/100|[from] Salt Cure\n|upkeep\n|turn|12\n|inactive|FlyingSudowoodo has 30 seconds left.\n|inactive|FlyingSudowoodo has 20 seconds left.\n|\n|t:|1701070255\n|move|p2a: Garganacl|Protect|p2a: Garganacl\n|-singleturn|p2a: Garganacl|Protect\n|move|p1a: Victini|Fire Blast|p2a: Garganacl\n|-activate|p2a: Garganacl|move: Protect\n|\n|-weather|none\n|-heal|p2a: Garganacl|63\/100|[from] item: Leftovers\n|-damage|p1a: Victini|9\/100|[from] Salt Cure\n|upkeep\n|turn|13\n|inactive|FlyingSudowoodo has 30 seconds left this turn.\n|\n|t:|1701070264\n|switch|p2a: Tyranitar|Tyranitar, M|100\/100\n|-weather|Sandstorm|[from] ability: Sand Stream|[of] p2a: Tyranitar\n|move|p1a: Victini|Fire Blast|p2a: Tyranitar\n|-resisted|p2a: Tyranitar\n|-damage|p2a: Tyranitar|87\/100\n|\n|-weather|Sandstorm|[upkeep]\n|-damage|p1a: Victini|3\/100|[from] Sandstorm\n|-damage|p1a: Victini|0 fnt|[from] Salt Cure\n|faint|p1a: Victini\n|upkeep\n|inactive|FlyingSudowoodo has 30 seconds left this turn.\n|\n|t:|1701070269\n|switch|p1a: Kommo-o|Kommo-o, F|100\/100\n|turn|14\n|\n|t:|1701070277\n|switch|p2a: Diancie|Diancie|100\/100\n|move|p1a: Kommo-o|Iron Defense|p1a: Kommo-o\n|-boost|p1a: Kommo-o|def|2\n|\n|-weather|Sandstorm|[upkeep]\n|-damage|p1a: Kommo-o|94\/100|[from] Sandstorm\n|upkeep\n|turn|15\n|\n|t:|1701070288\n|detailschange|p2a: Diancie|Diancie-Mega\n|-mega|p2a: Diancie|Diancie|Diancite\n|move|p2a: Diancie|Moonblast|p1a: Kommo-o\n|-supereffective|p1a: Kommo-o\n|-damage|p1a: Kommo-o|0 fnt\n|faint|p1a: Kommo-o\n|\n|-weather|Sandstorm|[upkeep]\n|upkeep\n|\n|t:|1701070294\n|switch|p1a: Gliscor|Gliscor, F|100\/100\n|turn|16\n|\n|t:|1701070305\n|switch|p2a: Tyranitar|Tyranitar, M|87\/100\n|move|p1a: Gliscor|Earthquake|p2a: Tyranitar\n|-supereffective|p2a: Tyranitar\n|-damage|p2a: Tyranitar|39\/100\n|\n|-weather|Sandstorm|[upkeep]\n|-status|p1a: Gliscor|tox|[from] item: Toxic Orb\n|upkeep\n|turn|17\n|\n|t:|1701070314\n|move|p1a: Gliscor|Earthquake|p2a: Tyranitar\n|-supereffective|p2a: Tyranitar\n|-damage|p2a: Tyranitar|0 fnt\n|faint|p2a: Tyranitar\n|\n|-weather|none\n|upkeep\n|\n|t:|1701070320\n|switch|p2a: Garganacl|Garganacl, M, tera:Ghost|63\/100\n|turn|18\n|\n|t:|1701070324\n|move|p1a: Gliscor|Earthquake|p2a: Garganacl\n|-damage|p2a: Garganacl|40\/100\n|move|p2a: Garganacl|Recover|p2a: Garganacl\n|-heal|p2a: Garganacl|90\/100\n|\n|-heal|p2a: Garganacl|96\/100|[from] item: Leftovers\n|upkeep\n|turn|19\n|inactive|RipDarkHam has 120 seconds left.\n|\n|t:|1701070362\n|move|p1a: Gliscor|Earthquake|p2a: Garganacl\n|-damage|p2a: Garganacl|76\/100\n|move|p2a: Garganacl|Salt Cure|p1a: Gliscor\n|-damage|p1a: Gliscor|92\/100 tox\n|-start|p1a: Gliscor|Salt Cure\n|\n|-heal|p2a: Garganacl|82\/100|[from] item: Leftovers\n|-heal|p1a: Gliscor|100\/100 tox|[from] ability: Poison Heal\n|-damage|p1a: Gliscor|88\/100 tox|[from] Salt Cure\n|upkeep\n|turn|20\n|\n|t:|1701070373\n|switch|p1a: Latias|Latias, F|100\/100\n|move|p2a: Garganacl|Stealth Rock|p1a: Latias\n|-sidestart|p1: RipDarkHam|move: Stealth Rock\n|\n|-heal|p2a: Garganacl|88\/100|[from] item: Leftovers\n|upkeep\n|turn|21\n|\n|t:|1701070380\n|detailschange|p1a: Latias|Latias-Mega, F\n|-mega|p1a: Latias|Latias|Latiasite\n|move|p1a: Latias|Draco Meteor|p2a: Garganacl\n|-damage|p2a: Garganacl|51\/100\n|-unboost|p1a: Latias|spa|2\n|move|p2a: Garganacl|Salt Cure|p1a: Latias\n|-damage|p1a: Latias|89\/100\n|-start|p1a: Latias|Salt Cure\n|\n|-heal|p2a: Garganacl|58\/100|[from] item: Leftovers\n|-damage|p1a: Latias|76\/100|[from] Salt Cure\n|upkeep\n|turn|22\n|-message|RipDarkHam forfeited.\n|\n|win|FlyingSudowoodo\n|raw|RipDarkHam's rating: 1410 &rarr; <strong>1385<\/strong><br \/>(-25 for losing)\n|raw|FlyingSudowoodo's rating: 1319 &rarr; <strong>1344<\/strong><br \/>(+25 for winning)\n|l|\u2606RipDarkHam\n","uploadtime":1701070393,"views":4,"p1id":"ripdarkham","p2id":"flyingsudowoodo","formatid":"gen9nationaldex","rating":1344,"private":0,"password":""}