{"id":"gen9nationaldex-1999639506","p1":"amoghxit","p2":"mr Deuzp","format":"[Gen 9] National Dex","log":"|html|<div class=\"broadcast-blue\"><strong>[Gen 9] National Dex is currently suspecting Sneasler! For information on how to participate check out the <a href=\"https:\/\/www.smogon.com\/forums\/threads\/sv-national-dex-suspect-8-just-dance.3731534\/\">suspect thread<\/a>.<\/strong><\/div>\n|j|\u2606amoghxit\n|j|\u2606mr Deuzp\n|t:|1701103605\n|gametype|singles\n|player|p1|amoghxit|veteran|1227\n|player|p2|mr Deuzp|shadowtriad|1145\n|teamsize|p1|6\n|teamsize|p2|6\n|gen|9\n|tier|[Gen 9] National Dex\n|rated|\n|rule|HP Percentage Mod: HP is shown in percentages\n|rule|Endless Battle Clause: Forcing endless battles is banned\n|rule|OHKO Clause: OHKO moves are banned\n|rule|Evasion Clause: Evasion abilities, items, and moves are banned\n|rule|Evasion Abilities Clause: Evasion abilities are banned\n|rule|Evasion Items Clause: Evasion items are banned\n|rule|Evasion Moves Clause: Evasion moves are banned\n|rule|Species Clause: Limit one of each Pok\u00e9mon\n|rule|Sleep Clause Mod: Limit one foe put to sleep\n|clearpoke\n|poke|p1|Salamence, F|\n|poke|p1|Gyarados, F|\n|poke|p1|Togekiss, M|\n|poke|p1|Serperior, M|\n|poke|p1|Staraptor, F|\n|poke|p1|Ceruledge, F|\n|poke|p2|Ursaluna, M|\n|poke|p2|Celesteela|\n|poke|p2|Thundurus-Therian, M|\n|poke|p2|Porygon2|\n|poke|p2|Sneasler, M|\n|poke|p2|Ninetales-Alola, F|\n|teampreview\n|inactive|Battle timer is ON: inactive players will automatically lose when time's up. (requested by amoghxit)\n|\n|t:|1701103622\n|start\n|switch|p1a: Serperior|Serperior, M|100\/100\n|switch|p2a: Ninetales|Ninetales-Alola, F, shiny|100\/100\n|-weather|Snow|[from] ability: Snow Warning|[of] p2a: Ninetales\n|turn|1\n|\n|t:|1701103638\n|move|p1a: Serperior|Hidden Power|p2a: Ninetales\n|-supereffective|p2a: Ninetales\n|-damage|p2a: Ninetales|64\/100\n|move|p2a: Ninetales|Aurora Veil|p2a: Ninetales\n|-sidestart|p2: mr Deuzp|move: Aurora Veil\n|\n|-weather|Snow|[upkeep]\n|upkeep\n|turn|2\n|\n|t:|1701103647\n|move|p1a: Serperior|Glare|p2a: Ninetales\n|-status|p2a: Ninetales|par\n|move|p2a: Ninetales|Blizzard|p1a: Serperior\n|-supereffective|p1a: Serperior\n|-damage|p1a: Serperior|6\/100\n|\n|-weather|Snow|[upkeep]\n|upkeep\n|turn|3\n|\n|t:|1701103660\n|move|p1a: Serperior|Leaf Storm|p2a: Ninetales\n|-damage|p2a: Ninetales|37\/100 par\n|-boost|p1a: Serperior|spa|2\n|cant|p2a: Ninetales|par\n|\n|-weather|Snow|[upkeep]\n|upkeep\n|turn|4\n|\n|t:|1701103668\n|move|p1a: Serperior|Hidden Power|p2a: Ninetales\n|-supereffective|p2a: Ninetales\n|-damage|p2a: Ninetales|2\/100 par\n|move|p2a: Ninetales|Blizzard|p1a: Serperior\n|-supereffective|p1a: Serperior\n|-damage|p1a: Serperior|0 fnt\n|faint|p1a: Serperior\n|\n|-weather|Snow|[upkeep]\n|upkeep\n|\n|t:|1701103679\n|switch|p1a: Ceruledge|Ceruledge, F|100\/100\n|turn|5\n|\n|t:|1701103686\n|switch|p2a: Porygon2|Porygon2, shiny|100\/100\n|-ability|p2a: Porygon2|Download|boost\n|-boost|p2a: Porygon2|atk|1\n|move|p1a: Ceruledge|Shadow Sneak|p2a: Porygon2\n|-immune|p2a: Porygon2\n|\n|-weather|none\n|upkeep\n|turn|6\n|\n|t:|1701103704\n|move|p1a: Ceruledge|Bitter Blade|p2a: Porygon2\n|-damage|p2a: Porygon2|84\/100\n|move|p2a: Porygon2|Trick Room|p2a: Porygon2\n|-fieldstart|move: Trick Room|[of] p2a: Porygon2\n|\n|upkeep\n|turn|7\n|\n|t:|1701103717\n|move|p2a: Porygon2|Thunderbolt|p1a: Ceruledge\n|-damage|p1a: Ceruledge|68\/100\n|move|p1a: Ceruledge|Swords Dance|p1a: Ceruledge\n|-boost|p1a: Ceruledge|atk|2\n|\n|upkeep\n|turn|8\n|\n|t:|1701103732\n|switch|p2a: Ursaluna|Ursaluna, M, shiny|100\/100\n|-terastallize|p1a: Ceruledge|Fire\n|move|p1a: Ceruledge|Bitter Blade|p2a: Ursaluna\n|-damage|p2a: Ursaluna|54\/100\n|-heal|p1a: Ceruledge|100\/100|[from] drain|[of] p2a: Ursaluna\n|\n|-sideend|p2: mr Deuzp|move: Aurora Veil\n|-status|p2a: Ursaluna|brn|[from] item: Flame Orb\n|upkeep\n|turn|9\n|\n|t:|1701103752\n|move|p2a: Ursaluna|Drain Punch|p1a: Ceruledge\n|-damage|p1a: Ceruledge|39\/100\n|-heal|p2a: Ursaluna|74\/100 brn|[from] drain|[of] p1a: Ceruledge\n|-ability|p1a: Ceruledge|Weak Armor|boost\n|-unboost|p1a: Ceruledge|def|1\n|-boost|p1a: Ceruledge|spe|2\n|move|p1a: Ceruledge|Bitter Blade|p2a: Ursaluna\n|-damage|p2a: Ursaluna|0 fnt\n|-heal|p1a: Ceruledge|97\/100|[from] drain|[of] p2a: Ursaluna\n|faint|p2a: Ursaluna\n|\n|upkeep\n|\n|t:|1701103764\n|switch|p2a: Sneasler|Sneasler, M, shiny|100\/100\n|turn|10\n|\n|t:|1701103772\n|move|p2a: Sneasler|Fake Out|p1a: Ceruledge\n|-damage|p1a: Ceruledge|64\/100\n|-ability|p1a: Ceruledge|Weak Armor|boost\n|-unboost|p1a: Ceruledge|def|1\n|-boost|p1a: Ceruledge|spe|2\n|cant|p1a: Ceruledge|flinch\n|\n|-fieldend|move: Trick Room\n|upkeep\n|turn|11\n|\n|t:|1701103783\n|-terastallize|p2a: Sneasler|Flying\n|move|p1a: Ceruledge|Poltergeist|p2a: Sneasler\n|-activate|p2a: Sneasler|move: Poltergeist|Focus Sash\n|-enditem|p2a: Sneasler|Focus Sash\n|-damage|p2a: Sneasler|1\/100\n|move|p2a: Sneasler|Acrobatics|p1a: Ceruledge\n|-damage|p1a: Ceruledge|0 fnt\n|faint|p1a: Ceruledge\n|\n|upkeep\n|\n|t:|1701103799\n|switch|p1a: Togekiss|Togekiss, M|100\/100\n|turn|12\n|\n|t:|1701103805\n|move|p2a: Sneasler|Acrobatics|p1a: Togekiss\n|-damage|p1a: Togekiss|34\/100\n|move|p1a: Togekiss|Air Slash|p2a: Sneasler\n|-damage|p2a: Sneasler|0 fnt\n|faint|p2a: Sneasler\n|\n|upkeep\n|\n|t:|1701103810\n|switch|p2a: Thundurus|Thundurus-Therian, M, shiny|100\/100\n|turn|13\n|\n|t:|1701103819\n|move|p1a: Togekiss|Air Slash|p2a: Thundurus\n|-resisted|p2a: Thundurus\n|-damage|p2a: Thundurus|74\/100\n|cant|p2a: Thundurus|flinch\n|\n|upkeep\n|turn|14\n|\n|t:|1701103826\n|move|p1a: Togekiss|Air Slash|p2a: Thundurus\n|-resisted|p2a: Thundurus\n|-damage|p2a: Thundurus|47\/100\n|cant|p2a: Thundurus|flinch\n|\n|upkeep\n|turn|15\n|\n|t:|1701103832\n|switch|p2a: Porygon2|Porygon2, shiny|84\/100\n|-ability|p2a: Porygon2|Download|boost\n|-boost|p2a: Porygon2|atk|1\n|move|p1a: Togekiss|Air Slash|p2a: Porygon2\n|-damage|p2a: Porygon2|61\/100\n|\n|upkeep\n|turn|16\n|\n|t:|1701103840\n|move|p1a: Togekiss|Air Slash|p2a: Porygon2\n|-damage|p2a: Porygon2|38\/100\n|cant|p2a: Porygon2|flinch\n|\n|upkeep\n|turn|17\n|\n|t:|1701103846\n|move|p1a: Togekiss|Air Slash|p2a: Porygon2|[miss]\n|-miss|p1a: Togekiss|p2a: Porygon2\n|move|p2a: Porygon2|Trick Room|p2a: Porygon2\n|-fieldstart|move: Trick Room|[of] p2a: Porygon2\n|\n|upkeep\n|turn|18\n|\n|t:|1701103852\n|move|p2a: Porygon2|Thunderbolt|p1a: Togekiss\n|-supereffective|p1a: Togekiss\n|-damage|p1a: Togekiss|0 fnt\n|faint|p1a: Togekiss\n|\n|upkeep\n|\n|t:|1701103861\n|switch|p1a: Salamence|Salamence, F|100\/100\n|turn|19\n|\n|t:|1701103874\n|move|p2a: Porygon2|Tri Attack|p1a: Salamence\n|-damage|p1a: Salamence|49\/100\n|move|p1a: Salamence|Dragon Claw|p2a: Porygon2\n|-damage|p2a: Porygon2|10\/100\n|\n|upkeep\n|turn|20\n|\n|t:|1701103883\n|move|p2a: Porygon2|Tri Attack|p1a: Salamence\n|-damage|p1a: Salamence|0 fnt\n|faint|p1a: Salamence\n|\n|upkeep\n|\n|t:|1701103895\n|switch|p1a: Gyarados|Gyarados, F|100\/100\n|turn|21\n|\n|t:|1701103901\n|move|p2a: Porygon2|Thunderbolt|p1a: Gyarados\n|-supereffective|p1a: Gyarados\n|-damage|p1a: Gyarados|0 fnt\n|faint|p1a: Gyarados\n|\n|-fieldend|move: Trick Room\n|upkeep\n|\n|t:|1701103908\n|switch|p1a: Staraptor|Staraptor, F|100\/100\n|turn|22\n|\n|t:|1701103915\n|move|p1a: Staraptor|Brave Bird|p2a: Porygon2\n|-damage|p2a: Porygon2|0 fnt\n|faint|p2a: Porygon2\n|-damage|p1a: Staraptor|97\/100|[from] Recoil\n|\n|upkeep\n|\n|t:|1701103917\n|switch|p2a: Celesteela|Celesteela, shiny|100\/100\n|turn|23\n|\n|t:|1701103924\n|move|p1a: Staraptor|Brave Bird|p2a: Celesteela\n|-resisted|p2a: Celesteela\n|-damage|p2a: Celesteela|77\/100\n|-damage|p1a: Staraptor|87\/100|[from] Recoil\n|move|p2a: Celesteela|Leech Seed|p1a: Staraptor\n|-start|p1a: Staraptor|move: Leech Seed\n|\n|-heal|p2a: Celesteela|83\/100|[from] item: Leftovers\n|-damage|p1a: Staraptor|74\/100|[from] Leech Seed|[of] p2a: Celesteela\n|-heal|p2a: Celesteela|92\/100|[silent]\n|upkeep\n|turn|24\n|l|\u2606amoghxit\n|inactive|amoghxit disconnected and has a minute to reconnect!\n|player|p1|\n|inactive|amoghxit has 30 seconds to reconnect!\n|inactive|amoghxit has 20 seconds to reconnect!\n|inactive|amoghxit has 15 seconds to reconnect!\n|inactive|amoghxit has 10 seconds to reconnect!\n|inactive|amoghxit has 5 seconds to reconnect!\n|-message|amoghxit lost due to inactivity.\n|\n|win|mr Deuzp\n|raw|amoghxit's rating: 1227 &rarr; <strong>1196<\/strong><br \/>(-31 for losing)\n|raw|mr Deuzp's rating: 1145 &rarr; <strong>1176<\/strong><br \/>(+31 for winning)\n","uploadtime":1701103997,"views":11,"p1id":"amoghxit","p2id":"mrdeuzp","formatid":"gen9nationaldex","rating":1176,"private":0,"password":""}