{"id":"gen9nationaldex-1993867491","p1":"kensei4k","p2":"tii666","format":"[Gen 9] National Dex","log":"|j|\u2606kensei4k\n|j|\u2606tii666\n|t:|1700367453\n|gametype|singles\n|player|p1|kensei4k|zinnia|1079\n|player|p2|tii666|hilda-wonderlauncher|1128\n|teamsize|p1|6\n|teamsize|p2|6\n|gen|9\n|tier|[Gen 9] National Dex\n|rated|\n|rule|HP Percentage Mod: HP is shown in percentages\n|rule|Endless Battle Clause: Forcing endless battles is banned\n|rule|OHKO Clause: OHKO moves are banned\n|rule|Evasion Clause: Evasion abilities, items, and moves are banned\n|rule|Evasion Abilities Clause: Evasion abilities are banned\n|rule|Evasion Items Clause: Evasion items are banned\n|rule|Evasion Moves Clause: Evasion moves are banned\n|rule|Species Clause: Limit one of each Pok\u00e9mon\n|rule|Sleep Clause Mod: Limit one foe put to sleep\n|clearpoke\n|poke|p1|Aggron, F|\n|poke|p1|Alomomola, F|\n|poke|p1|Rillaboom, F|\n|poke|p1|Heatran, M|\n|poke|p1|Garchomp, F|\n|poke|p1|Ogerpon-Wellspring, F|\n|poke|p2|Sneasler, F|\n|poke|p2|Tapu Lele|\n|poke|p2|Iron Treads|\n|poke|p2|Lopunny, F|\n|poke|p2|Landorus-Therian, M|\n|poke|p2|Ogerpon-Cornerstone, F|\n|teampreview\n|inactive|Battle timer is ON: inactive players will automatically lose when time's up. (requested by tii666)\n|\n|t:|1700367460\n|start\n|switch|p1a: King Geedorah|Garchomp, F, shiny|100\/100\n|switch|p2a: Landorus|Landorus-Therian, M|100\/100\n|-ability|p2a: Landorus|Intimidate|boost\n|-unboost|p1a: King Geedorah|atk|1\n|turn|1\n|\n|t:|1700367469\n|move|p2a: Landorus|Swords Dance|p2a: Landorus\n|-boost|p2a: Landorus|atk|2\n|move|p1a: King Geedorah|Stealth Rock|p2a: Landorus\n|-sidestart|p2: tii666|move: Stealth Rock\n|\n|upkeep\n|turn|2\n|\n|t:|1700367475\n|move|p2a: Landorus|Earthquake|p1a: King Geedorah\n|-damage|p1a: King Geedorah|24\/100\n|move|p1a: King Geedorah|Dragon Tail|p2a: Landorus\n|-damage|p2a: Landorus|80\/100\n|drag|p2a: Tapu Lele|Tapu Lele|100\/100\n|-damage|p2a: Tapu Lele|88\/100|[from] Stealth Rock\n|-fieldstart|move: Psychic Terrain|[from] ability: Psychic Surge|[of] p2a: Tapu Lele\n|\n|upkeep\n|turn|3\n|\n|t:|1700367488\n|switch|p2a: Iron Treads|Iron Treads|100\/100\n|-damage|p2a: Iron Treads|97\/100|[from] Stealth Rock\n|switch|p1a: Metal Face|Aggron, F|100\/100\n|\n|upkeep\n|turn|4\n|\n|t:|1700367500\n|detailschange|p1a: Metal Face|Aggron-Mega, F\n|-mega|p1a: Metal Face|Aggron|Aggronite\n|move|p2a: Iron Treads|Stealth Rock|p1a: Metal Face\n|-sidestart|p1: kensei4k|move: Stealth Rock\n|move|p1a: Metal Face|Curse|p1a: Metal Face\n|-unboost|p1a: Metal Face|spe|1\n|-boost|p1a: Metal Face|atk|1\n|-boost|p1a: Metal Face|def|1\n|\n|upkeep\n|turn|5\n|\n|t:|1700367507\n|move|p2a: Iron Treads|Rapid Spin|p1a: Metal Face\n|-resisted|p1a: Metal Face\n|-damage|p1a: Metal Face|98\/100\n|-boost|p2a: Iron Treads|spe|1\n|-sideend|p2: tii666|Stealth Rock|[from] move: Rapid Spin|[of] p2a: Iron Treads\n|move|p1a: Metal Face|Body Press|p2a: Iron Treads\n|-supereffective|p2a: Iron Treads\n|-damage|p2a: Iron Treads|0 fnt\n|faint|p2a: Iron Treads\n|-end|p2a: Iron Treads|Quark Drive|[silent]\n|\n|upkeep\n|\n|t:|1700367518\n|switch|p2a: Tapu Lele|Tapu Lele|88\/100\n|turn|6\n|\n|t:|1700367522\n|move|p2a: Tapu Lele|Hidden Power|p1a: Metal Face\n|-supereffective|p1a: Metal Face\n|-damage|p1a: Metal Face|71\/100\n|move|p1a: Metal Face|Heavy Slam|p2a: Tapu Lele\n|-supereffective|p2a: Tapu Lele\n|-damage|p2a: Tapu Lele|0 fnt\n|faint|p2a: Tapu Lele\n|\n|-fieldend|move: Psychic Terrain\n|upkeep\n|-message|tii666 forfeited.\n|\n|win|kensei4k\n|raw|kensei4k's rating: 1079 &rarr; <strong>1111<\/strong><br \/>(+32 for winning)\n|raw|tii666's rating: 1128 &rarr; <strong>1099<\/strong><br \/>(-29 for losing)\n|l|\u2606tii666\n|c|\u2606kensei4k|gg\n","uploadtime":1700367534,"views":11,"p1id":"kensei4k","p2id":"tii666","formatid":"gen9nationaldex","rating":1099,"private":0,"password":""}