{"id":"gen9nationaldex-1988814370","p1":"sandworst","p2":"jydz","format":"[Gen 9] National Dex","log":"|j|\u2606sandworst\n|j|\u2606jydz\n|t:|1699767098\n|gametype|singles\n|player|p1|sandworst|clair|\n|player|p2|jydz|iono|\n|teamsize|p1|6\n|teamsize|p2|6\n|gen|9\n|tier|[Gen 9] National Dex\n|rule|HP Percentage Mod: HP is shown in percentages\n|rule|Endless Battle Clause: Forcing endless battles is banned\n|rule|OHKO Clause: OHKO moves are banned\n|rule|Evasion Clause: Evasion abilities, items, and moves are banned\n|rule|Evasion Abilities Clause: Evasion abilities are banned\n|rule|Evasion Items Clause: Evasion items are banned\n|rule|Evasion Moves Clause: Evasion moves are banned\n|rule|Species Clause: Limit one of each Pok\u00e9mon\n|rule|Sleep Clause Mod: Limit one foe put to sleep\n|clearpoke\n|poke|p1|Garchomp, M|\n|poke|p1|Ferrothorn, M|\n|poke|p1|Rotom-Wash|\n|poke|p1|Chandelure, F|\n|poke|p1|Latias, F|\n|poke|p1|Whimsicott, F|\n|poke|p2|Corviknight, M|\n|poke|p2|Iron Treads|\n|poke|p2|Heatran, F|\n|poke|p2|Bisharp, M|\n|poke|p2|Metagross|\n|poke|p2|Aegislash, F|\n|teampreview\n|\n|t:|1699767119\n|start\n|switch|p1a: Rotom|Rotom-Wash|100\/100\n|switch|p2a: Heatran|Heatran, F|100\/100\n|turn|1\n|\n|t:|1699767128\n|move|p2a: Heatran|Protect|p2a: Heatran\n|-singleturn|p2a: Heatran|Protect\n|move|p1a: Rotom|Hydro Pump|p2a: Heatran\n|-activate|p2a: Heatran|move: Protect\n|\n|upkeep\n|turn|2\n|\n|t:|1699767144\n|move|p1a: Rotom|Hydro Pump|p2a: Heatran\n|-supereffective|p2a: Heatran\n|-damage|p2a: Heatran|17\/100\n|move|p2a: Heatran|Substitute|p2a: Heatran\n|-fail|p2a: Heatran|move: Substitute|[weak]\n|\n|-heal|p2a: Heatran|23\/100|[from] item: Leftovers\n|upkeep\n|turn|3\n|\n|t:|1699767161\n|switch|p2a: Aegislash|Aegislash, F|100\/100\n|move|p1a: Rotom|Volt Switch|p2a: Aegislash\n|-damage|p2a: Aegislash|73\/100\n|\n|t:|1699767169\n|switch|p1a: Latias|Latias, F|100\/100|[from] Volt Switch\n|\n|-heal|p2a: Aegislash|80\/100|[from] item: Leftovers\n|upkeep\n|turn|4\n|\n|t:|1699767184\n|detailschange|p1a: Latias|Latias-Mega, F\n|-mega|p1a: Latias|Latias|Latiasite\n|move|p1a: Latias|Calm Mind|p1a: Latias\n|-boost|p1a: Latias|spa|1\n|-boost|p1a: Latias|spd|1\n|move|p2a: Aegislash|Substitute|p2a: Aegislash\n|-start|p2a: Aegislash|Substitute\n|-damage|p2a: Aegislash|55\/100\n|\n|-heal|p2a: Aegislash|61\/100|[from] item: Leftovers\n|upkeep\n|turn|5\n|\n|t:|1699767191\n|move|p1a: Latias|Calm Mind|p1a: Latias\n|-boost|p1a: Latias|spa|1\n|-boost|p1a: Latias|spd|1\n|move|p2a: Aegislash|Toxic|p1a: Latias\n|-status|p1a: Latias|tox\n|\n|-heal|p2a: Aegislash|67\/100|[from] item: Leftovers\n|-damage|p1a: Latias|94\/100 tox|[from] psn\n|upkeep\n|turn|6\n|\n|t:|1699767199\n|move|p1a: Latias|Stored Power|p2a: Aegislash\n|-resisted|p2a: Aegislash\n|-end|p2a: Aegislash|Substitute\n|-formechange|p2a: Aegislash|Aegislash-Blade||[from] ability: Stance Change\n|move|p2a: Aegislash|Shadow Ball|p1a: Latias\n|-supereffective|p1a: Latias\n|-damage|p1a: Latias|68\/100 tox\n|\n|-heal|p2a: Aegislash|73\/100|[from] item: Leftovers\n|-damage|p1a: Latias|55\/100 tox|[from] psn\n|upkeep\n|turn|7\n|\n|t:|1699767205\n|-formechange|p2a: Aegislash|Aegislash||[from] ability: Stance Change\n|move|p2a: Aegislash|King's Shield|p2a: Aegislash\n|-singleturn|p2a: Aegislash|Protect\n|move|p1a: Latias|Stored Power|p2a: Aegislash\n|-activate|p2a: Aegislash|move: Protect\n|\n|-heal|p2a: Aegislash|79\/100|[from] item: Leftovers\n|-damage|p1a: Latias|37\/100 tox|[from] psn\n|upkeep\n|turn|8\n|\n|t:|1699767207\n|move|p1a: Latias|Recover|p1a: Latias\n|-heal|p1a: Latias|87\/100 tox\n|move|p2a: Aegislash|Substitute|p2a: Aegislash\n|-start|p2a: Aegislash|Substitute\n|-damage|p2a: Aegislash|54\/100\n|\n|-heal|p2a: Aegislash|60\/100|[from] item: Leftovers\n|-damage|p1a: Latias|63\/100 tox|[from] psn\n|upkeep\n|turn|9\n|\n|t:|1699767213\n|move|p1a: Latias|Stored Power|p2a: Aegislash\n|-resisted|p2a: Aegislash\n|-end|p2a: Aegislash|Substitute\n|-formechange|p2a: Aegislash|Aegislash-Blade||[from] ability: Stance Change\n|move|p2a: Aegislash|Shadow Ball|p1a: Latias\n|-supereffective|p1a: Latias\n|-damage|p1a: Latias|37\/100 tox\n|\n|-heal|p2a: Aegislash|67\/100|[from] item: Leftovers\n|-damage|p1a: Latias|7\/100 tox|[from] psn\n|upkeep\n|turn|10\n|\n|t:|1699767224\n|-formechange|p2a: Aegislash|Aegislash||[from] ability: Stance Change\n|move|p2a: Aegislash|King's Shield|p2a: Aegislash\n|-singleturn|p2a: Aegislash|Protect\n|move|p1a: Latias|Recover|p1a: Latias\n|-heal|p1a: Latias|57\/100 tox\n|\n|-heal|p2a: Aegislash|73\/100|[from] item: Leftovers\n|-damage|p1a: Latias|20\/100 tox|[from] psn\n|upkeep\n|turn|11\n|\n|t:|1699767229\n|move|p1a: Latias|Stored Power|p2a: Aegislash\n|-resisted|p2a: Aegislash\n|-damage|p2a: Aegislash|37\/100\n|move|p2a: Aegislash|Substitute|p2a: Aegislash\n|-start|p2a: Aegislash|Substitute\n|-damage|p2a: Aegislash|12\/100\n|\n|-heal|p2a: Aegislash|18\/100|[from] item: Leftovers\n|-damage|p1a: Latias|0 fnt|[from] psn\n|faint|p1a: Latias\n|upkeep\n|\n|t:|1699767242\n|switch|p1a: Ferrothorn|Ferrothorn, M|100\/100\n|turn|12\n|\n|t:|1699767262\n|switch|p1a: Rotom|Rotom-Wash|100\/100\n|move|p2a: Aegislash|King's Shield||[still]\n|-fail|p2a: Aegislash\n|\n|-heal|p2a: Aegislash|24\/100|[from] item: Leftovers\n|upkeep\n|turn|13\n|\n|t:|1699767267\n|move|p1a: Rotom|Volt Switch|p2a: Aegislash\n|-activate|p2a: Aegislash|move: Substitute|[damage]\n|\n|t:|1699767276\n|switch|p1a: Ferrothorn|Ferrothorn, M|100\/100|[from] Volt Switch\n|move|p2a: Aegislash|Toxic|p1a: Ferrothorn\n|-immune|p1a: Ferrothorn\n|\n|-heal|p2a: Aegislash|30\/100|[from] item: Leftovers\n|upkeep\n|turn|14\n|\n|t:|1699767283\n|switch|p1a: Rotom|Rotom-Wash|100\/100\n|-formechange|p2a: Aegislash|Aegislash-Blade||[from] ability: Stance Change\n|move|p2a: Aegislash|Shadow Ball|p1a: Rotom\n|-damage|p1a: Rotom|44\/100\n|\n|-heal|p2a: Aegislash|36\/100|[from] item: Leftovers\n|upkeep\n|turn|15\n|\n|t:|1699767289\n|-formechange|p2a: Aegislash|Aegislash||[from] ability: Stance Change\n|move|p2a: Aegislash|King's Shield|p2a: Aegislash\n|-singleturn|p2a: Aegislash|Protect\n|move|p1a: Rotom|Thunderbolt|p2a: Aegislash\n|-activate|p2a: Aegislash|move: Protect\n|\n|-heal|p2a: Aegislash|42\/100|[from] item: Leftovers\n|upkeep\n|turn|16\n|\n|t:|1699767300\n|-zpower|p1a: Rotom\n|move|p1a: Rotom|Hydro Vortex|p2a: Aegislash|[zeffect]\n|-end|p2a: Aegislash|Substitute\n|-formechange|p2a: Aegislash|Aegislash-Blade||[from] ability: Stance Change\n|move|p2a: Aegislash|Shadow Ball|p1a: Rotom\n|-damage|p1a: Rotom|0 fnt\n|faint|p1a: Rotom\n|\n|-heal|p2a: Aegislash|49\/100|[from] item: Leftovers\n|upkeep\n|\n|t:|1699767303\n|switch|p1a: Garchomp|Garchomp, M, shiny|100\/100\n|turn|17\n|\n|t:|1699767312\n|switch|p2a: \u5b88\u5e8f\u8054\u9632\u94a2\u94e0\u4fa0|Corviknight, M|100\/100\n|move|p1a: Garchomp|Swords Dance|p1a: Garchomp\n|-boost|p1a: Garchomp|atk|2\n|\n|upkeep\n|turn|18\n|\n|t:|1699767322\n|-terastallize|p1a: Garchomp|Fire\n|-terastallize|p2a: \u5b88\u5e8f\u8054\u9632\u94a2\u94e0\u4fa0|Fire\n|move|p1a: Garchomp|Tera Blast|p2a: \u5b88\u5e8f\u8054\u9632\u94a2\u94e0\u4fa0|[anim] Tera Blast Fire\n|-resisted|p2a: \u5b88\u5e8f\u8054\u9632\u94a2\u94e0\u4fa0\n|-damage|p2a: \u5b88\u5e8f\u8054\u9632\u94a2\u94e0\u4fa0|78\/100\n|move|p2a: \u5b88\u5e8f\u8054\u9632\u94a2\u94e0\u4fa0|Iron Defense|p2a: \u5b88\u5e8f\u8054\u9632\u94a2\u94e0\u4fa0\n|-boost|p2a: \u5b88\u5e8f\u8054\u9632\u94a2\u94e0\u4fa0|def|2\n|\n|-heal|p2a: \u5b88\u5e8f\u8054\u9632\u94a2\u94e0\u4fa0|84\/100|[from] item: Leftovers\n|upkeep\n|turn|19\n|\n|t:|1699767340\n|move|p1a: Garchomp|Earthquake|p2a: \u5b88\u5e8f\u8054\u9632\u94a2\u94e0\u4fa0\n|-supereffective|p2a: \u5b88\u5e8f\u8054\u9632\u94a2\u94e0\u4fa0\n|-damage|p2a: \u5b88\u5e8f\u8054\u9632\u94a2\u94e0\u4fa0|25\/100\n|move|p2a: \u5b88\u5e8f\u8054\u9632\u94a2\u94e0\u4fa0|Iron Defense|p2a: \u5b88\u5e8f\u8054\u9632\u94a2\u94e0\u4fa0\n|-boost|p2a: \u5b88\u5e8f\u8054\u9632\u94a2\u94e0\u4fa0|def|2\n|\n|-heal|p2a: \u5b88\u5e8f\u8054\u9632\u94a2\u94e0\u4fa0|32\/100|[from] item: Leftovers\n|upkeep\n|turn|20\n|\n|t:|1699767344\n|move|p1a: Garchomp|Earthquake|p2a: \u5b88\u5e8f\u8054\u9632\u94a2\u94e0\u4fa0\n|-supereffective|p2a: \u5b88\u5e8f\u8054\u9632\u94a2\u94e0\u4fa0\n|-damage|p2a: \u5b88\u5e8f\u8054\u9632\u94a2\u94e0\u4fa0|0 fnt\n|faint|p2a: \u5b88\u5e8f\u8054\u9632\u94a2\u94e0\u4fa0\n|\n|upkeep\n|\n|t:|1699767366\n|switch|p2a: Great Treads|Iron Treads|100\/100\n|turn|21\n|\n|t:|1699767373\n|switch|p1a: Whimsicott|Whimsicott, F|100\/100\n|move|p2a: Great Treads|Earthquake|p1a: Whimsicott\n|-resisted|p1a: Whimsicott\n|-damage|p1a: Whimsicott|79\/100\n|\n|upkeep\n|turn|22\n|\n|t:|1699767386\n|move|p1a: Whimsicott|Leech Seed|p2a: Great Treads\n|-start|p2a: Great Treads|move: Leech Seed\n|-zpower|p2a: Great Treads\n|move|p2a: Great Treads|Corkscrew Crash|p1a: Whimsicott|[zeffect]\n|-supereffective|p1a: Whimsicott\n|-damage|p1a: Whimsicott|0 fnt\n|faint|p1a: Whimsicott\n|\n|upkeep\n|\n|t:|1699767393\n|switch|p1a: Ferrothorn|Ferrothorn, M|100\/100\n|turn|23\n|\n|t:|1699767400\n|-end|p2a: Great Treads|Quark Drive|[silent]\n|switch|p2a: Heatran|Heatran, F|23\/100\n|move|p1a: Ferrothorn|Gyro Ball|p2a: Heatran\n|-resisted|p2a: Heatran\n|-damage|p2a: Heatran|14\/100\n|\n|-heal|p2a: Heatran|21\/100|[from] item: Leftovers\n|upkeep\n|turn|24\n|\n|t:|1699767406\n|move|p2a: Heatran|Protect|p2a: Heatran\n|-singleturn|p2a: Heatran|Protect\n|move|p1a: Ferrothorn|Body Press|p2a: Heatran\n|-activate|p2a: Heatran|move: Protect\n|\n|-heal|p2a: Heatran|27\/100|[from] item: Leftovers\n|upkeep\n|turn|25\n|\n|t:|1699767410\n|move|p2a: Heatran|Substitute|p2a: Heatran\n|-start|p2a: Heatran|Substitute\n|-damage|p2a: Heatran|2\/100\n|move|p1a: Ferrothorn|Leech Seed||[still]\n|-fail|p1a: Ferrothorn\n|\n|-heal|p2a: Heatran|8\/100|[from] item: Leftovers\n|upkeep\n|turn|26\n|\n|t:|1699767416\n|move|p2a: Heatran|Protect|p2a: Heatran\n|-singleturn|p2a: Heatran|Protect\n|move|p1a: Ferrothorn|Body Press|p2a: Heatran\n|-activate|p2a: Heatran|move: Protect\n|\n|-heal|p2a: Heatran|14\/100|[from] item: Leftovers\n|upkeep\n|turn|27\n|\n|t:|1699767420\n|move|p2a: Heatran|Magma Storm|p1a: Ferrothorn\n|-supereffective|p1a: Ferrothorn\n|-damage|p1a: Ferrothorn|0 fnt\n|faint|p1a: Ferrothorn\n|\n|-heal|p2a: Heatran|21\/100|[from] item: Leftovers\n|upkeep\n|\n|t:|1699767423\n|switch|p1a: Chandelure|Chandelure, F, shiny|100\/100\n|turn|28\n|\n|t:|1699767434\n|move|p2a: Heatran|Protect|p2a: Heatran\n|-singleturn|p2a: Heatran|Protect\n|move|p1a: Chandelure|Shadow Ball|p2a: Heatran\n|-activate|p2a: Heatran|move: Protect\n|\n|-heal|p2a: Heatran|27\/100|[from] item: Leftovers\n|upkeep\n|turn|29\n|\n|t:|1699767441\n|move|p1a: Chandelure|Shadow Ball|p2a: Heatran\n|-end|p2a: Heatran|Substitute\n|-damage|p1a: Chandelure|91\/100|[from] item: Life Orb\n|move|p2a: Heatran|Earth Power|p1a: Chandelure\n|-supereffective|p1a: Chandelure\n|-damage|p1a: Chandelure|0 fnt\n|faint|p1a: Chandelure\n|\n|-heal|p2a: Heatran|33\/100|[from] item: Leftovers\n|upkeep\n|\n|t:|1699767447\n|switch|p1a: Garchomp|Garchomp, M, shiny, tera:Fire|100\/100\n|turn|30\n|\n|t:|1699767455\n|move|p2a: Heatran|Protect|p2a: Heatran\n|-singleturn|p2a: Heatran|Protect\n|move|p1a: Garchomp|Scale Shot|p2a: Heatran\n|-activate|p2a: Heatran|move: Protect\n|\n|-heal|p2a: Heatran|39\/100|[from] item: Leftovers\n|upkeep\n|turn|31\n|\n|t:|1699767464\n|move|p1a: Garchomp|Scale Shot|p2a: Heatran\n|-resisted|p2a: Heatran\n|-damage|p2a: Heatran|34\/100\n|-resisted|p2a: Heatran\n|-damage|p2a: Heatran|28\/100\n|-resisted|p2a: Heatran\n|-damage|p2a: Heatran|23\/100\n|-resisted|p2a: Heatran\n|-damage|p2a: Heatran|17\/100\n|-resisted|p2a: Heatran\n|-damage|p2a: Heatran|12\/100\n|-hitcount|p2a: Heatran|5\n|-unboost|p1a: Garchomp|def|1\n|-boost|p1a: Garchomp|spe|1\n|move|p2a: Heatran|Earth Power|p1a: Garchomp\n|-supereffective|p1a: Garchomp\n|-damage|p1a: Garchomp|29\/100\n|\n|-heal|p2a: Heatran|18\/100|[from] item: Leftovers\n|upkeep\n|turn|32\n|\n|t:|1699767483\n|move|p1a: Garchomp|Earthquake|p2a: Heatran\n|-supereffective|p2a: Heatran\n|-damage|p2a: Heatran|0 fnt\n|faint|p2a: Heatran\n|\n|upkeep\n|\n|t:|1699767488\n|switch|p2a: Metagross|Metagross|100\/100\n|turn|33\n|\n|t:|1699767491\n|move|p2a: Metagross|Bullet Punch|p1a: Garchomp\n|-resisted|p1a: Garchomp\n|-damage|p1a: Garchomp|12\/100\n|-damage|p2a: Metagross|88\/100|[from] ability: Rough Skin|[of] p1a: Garchomp\n|move|p1a: Garchomp|Earthquake|p2a: Metagross\n|-supereffective|p2a: Metagross\n|-damage|p2a: Metagross|13\/100\n|\n|-heal|p2a: Metagross|19\/100|[from] item: Leftovers\n|upkeep\n|turn|34\n|\n|t:|1699767499\n|move|p1a: Garchomp|Earthquake|p2a: Metagross\n|-supereffective|p2a: Metagross\n|-damage|p2a: Metagross|0 fnt\n|faint|p2a: Metagross\n|\n|upkeep\n|\n|t:|1699767503\n|switch|p2a: Great Treads|Iron Treads|100\/100\n|turn|35\n|\n|t:|1699767507\n|move|p1a: Garchomp|Earthquake|p2a: Great Treads\n|-supereffective|p2a: Great Treads\n|-damage|p2a: Great Treads|5\/100\n|move|p2a: Great Treads|Stealth Rock|p1a: Garchomp\n|-sidestart|p1: sandworst|move: Stealth Rock\n|\n|upkeep\n|turn|36\n|\n|t:|1699767515\n|move|p1a: Garchomp|Tera Blast|p2a: Great Treads|[anim] Tera Blast Fire\n|-supereffective|p2a: Great Treads\n|-damage|p2a: Great Treads|0 fnt\n|faint|p2a: Great Treads\n|-end|p2a: Great Treads|Quark Drive|[silent]\n|\n|upkeep\n|\n|t:|1699767521\n|switch|p2a: Aegislash|Aegislash, F|49\/100\n|turn|37\n|\n|t:|1699767532\n|move|p2a: Aegislash|King's Shield|p2a: Aegislash\n|-singleturn|p2a: Aegislash|Protect\n|move|p1a: Garchomp|Tera Blast|p2a: Aegislash|[anim] Tera Blast Fire\n|-activate|p2a: Aegislash|move: Protect\n|\n|-heal|p2a: Aegislash|55\/100|[from] item: Leftovers\n|upkeep\n|turn|38\n|\n|t:|1699767542\n|move|p1a: Garchomp|Tera Blast|p2a: Aegislash|[anim] Tera Blast Fire\n|-supereffective|p2a: Aegislash\n|-damage|p2a: Aegislash|0 fnt\n|faint|p2a: Aegislash\n|\n|upkeep\n|\n|t:|1699767546\n|switch|p2a: \u9a79\u5200\u5200|Bisharp, M|100\/100\n|turn|39\n|\n|t:|1699767549\n|move|p1a: Garchomp|Swords Dance|p1a: Garchomp\n|-boost|p1a: Garchomp|atk|2\n|move|p2a: \u9a79\u5200\u5200|Knock Off|p1a: Garchomp\n|-damage|p1a: Garchomp|0 fnt\n|-damage|p2a: \u9a79\u5200\u5200|88\/100|[from] ability: Rough Skin|[of] p1a: Garchomp\n|-enditem|p1a: Garchomp|Loaded Dice|[from] move: Knock Off|[of] p2a: \u9a79\u5200\u5200\n|faint|p1a: Garchomp\n|\n|win|jydz\n|l|\u2606sandworst\n","uploadtime":1699767668,"views":4,"p1id":"sandworst","p2id":"jydz","formatid":"gen9nationaldex","rating":0,"private":0,"password":""}