{"id":"gen9nationaldex-1988937546","p1":"steals many wives","p2":"refenha","format":"[Gen 9] National Dex","log":"|j|\u2606steals many wives\n|j|\u2606refenha\n|t:|1699791108\n|gametype|singles\n|player|p1|steals many wives|waitress|1102\n|player|p2|refenha|1|1070\n|teamsize|p1|6\n|teamsize|p2|6\n|gen|9\n|tier|[Gen 9] National Dex\n|rated|\n|rule|HP Percentage Mod: HP is shown in percentages\n|rule|Endless Battle Clause: Forcing endless battles is banned\n|rule|OHKO Clause: OHKO moves are banned\n|rule|Evasion Clause: Evasion abilities, items, and moves are banned\n|rule|Evasion Abilities Clause: Evasion abilities are banned\n|rule|Evasion Items Clause: Evasion items are banned\n|rule|Evasion Moves Clause: Evasion moves are banned\n|rule|Species Clause: Limit one of each Pok\u00e9mon\n|rule|Sleep Clause Mod: Limit one foe put to sleep\n|clearpoke\n|poke|p1|Aggron, M|\n|poke|p1|Ferrothorn, M|\n|poke|p1|Goodra-Hisui, F|\n|poke|p1|Celesteela|\n|poke|p1|Heatran, M|\n|poke|p1|Excadrill, M|\n|poke|p2|Mew|\n|poke|p2|Tyranitar, F|\n|poke|p2|Suicune|\n|poke|p2|Ampharos, F|\n|poke|p2|Ninetales-Alola, M|\n|poke|p2|Scizor, F|\n|teampreview\n|\n|t:|1699791130\n|start\n|switch|p1a: Lego|Ferrothorn, M|100\/100\n|switch|p2a: Mew|Mew|100\/100\n|turn|1\n|\n|t:|1699791143\n|move|p2a: Mew|Body Press|p1a: Lego\n|-supereffective|p1a: Lego\n|-damage|p1a: Lego|72\/100\n|-damage|p2a: Mew|88\/100|[from] ability: Iron Barbs|[of] p1a: Lego\n|-damage|p2a: Mew|71\/100|[from] item: Rocky Helmet|[of] p1a: Lego\n|move|p1a: Lego|Stealth Rock|p2a: Mew\n|-sidestart|p2: refenha|move: Stealth Rock\n|\n|upkeep\n|turn|2\n|\n|t:|1699791156\n|move|p2a: Mew|Cosmic Power|p2a: Mew\n|-boost|p2a: Mew|def|1\n|-boost|p2a: Mew|spd|1\n|move|p1a: Lego|Leech Seed|p2a: Mew\n|-start|p2a: Mew|move: Leech Seed\n|\n|-damage|p2a: Mew|59\/100|[from] Leech Seed|[of] p1a: Lego\n|-heal|p1a: Lego|86\/100|[silent]\n|upkeep\n|turn|3\n|\n|t:|1699791165\n|move|p2a: Mew|Soft-Boiled|p2a: Mew\n|-heal|p2a: Mew|100\/100\n|move|p1a: Lego|Gyro Ball|p2a: Mew\n|-damage|p2a: Mew|77\/100\n|\n|-damage|p2a: Mew|65\/100|[from] Leech Seed|[of] p1a: Lego\n|-heal|p1a: Lego|100\/100|[silent]\n|upkeep\n|turn|4\n|\n|t:|1699791174\n|move|p2a: Mew|Cosmic Power|p2a: Mew\n|-boost|p2a: Mew|def|1\n|-boost|p2a: Mew|spd|1\n|move|p1a: Lego|Gyro Ball|p2a: Mew\n|-crit|p2a: Mew\n|-damage|p2a: Mew|13\/100\n|-enditem|p2a: Mew|Petaya Berry|[eat]\n|-boost|p2a: Mew|spa|1|[from] item: Petaya Berry\n|\n|-damage|p2a: Mew|0 fnt|[from] Leech Seed|[of] p1a: Lego\n|faint|p2a: Mew\n|upkeep\n|\n|t:|1699791189\n|switch|p2a: Suicune|Suicune|100\/100\n|-damage|p2a: Suicune|88\/100|[from] Stealth Rock\n|-ability|p2a: Suicune|Pressure\n|turn|5\n|\n|t:|1699791197\n|move|p2a: Suicune|Protect|p2a: Suicune\n|-singleturn|p2a: Suicune|Protect\n|move|p1a: Lego|Seed Bomb|p2a: Suicune\n|-activate|p2a: Suicune|move: Protect\n|\n|-heal|p2a: Suicune|94\/100|[from] item: Leftovers\n|upkeep\n|turn|6\n|\n|t:|1699791207\n|move|p2a: Suicune|Substitute|p2a: Suicune\n|-start|p2a: Suicune|Substitute\n|-damage|p2a: Suicune|69\/100\n|move|p1a: Lego|Leech Seed||[still]\n|-fail|p1a: Lego\n|\n|-heal|p2a: Suicune|75\/100|[from] item: Leftovers\n|upkeep\n|turn|7\n|\n|t:|1699791216\n|move|p2a: Suicune|Calm Mind|p2a: Suicune\n|-boost|p2a: Suicune|spa|1\n|-boost|p2a: Suicune|spd|1\n|move|p1a: Lego|Seed Bomb|p2a: Suicune\n|-supereffective|p2a: Suicune\n|-end|p2a: Suicune|Substitute\n|\n|-heal|p2a: Suicune|82\/100|[from] item: Leftovers\n|upkeep\n|turn|8\n|\n|t:|1699791226\n|move|p2a: Suicune|Scald|p1a: Lego\n|-resisted|p1a: Lego\n|-damage|p1a: Lego|82\/100\n|-status|p1a: Lego|brn\n|move|p1a: Lego|Seed Bomb|p2a: Suicune\n|-supereffective|p2a: Suicune\n|-damage|p2a: Suicune|62\/100\n|\n|-heal|p2a: Suicune|69\/100|[from] item: Leftovers\n|-damage|p1a: Lego|76\/100 brn|[from] brn\n|upkeep\n|turn|9\n|\n|t:|1699791239\n|move|p2a: Suicune|Protect|p2a: Suicune\n|-singleturn|p2a: Suicune|Protect\n|move|p1a: Lego|Seed Bomb|p2a: Suicune\n|-activate|p2a: Suicune|move: Protect\n|\n|-heal|p2a: Suicune|75\/100|[from] item: Leftovers\n|-damage|p1a: Lego|70\/100 brn|[from] brn\n|upkeep\n|turn|10\n|\n|t:|1699791249\n|move|p2a: Suicune|Protect|p2a: Suicune\n|-singleturn|p2a: Suicune|Protect\n|move|p1a: Lego|Seed Bomb|p2a: Suicune\n|-activate|p2a: Suicune|move: Protect\n|\n|-heal|p2a: Suicune|81\/100|[from] item: Leftovers\n|-damage|p1a: Lego|64\/100 brn|[from] brn\n|upkeep\n|turn|11\n|\n|t:|1699791260\n|move|p2a: Suicune|Substitute|p2a: Suicune\n|-start|p2a: Suicune|Substitute\n|-damage|p2a: Suicune|56\/100\n|move|p1a: Lego|Seed Bomb|p2a: Suicune\n|-supereffective|p2a: Suicune\n|-activate|p2a: Suicune|move: Substitute|[damage]\n|\n|-heal|p2a: Suicune|62\/100|[from] item: Leftovers\n|-damage|p1a: Lego|57\/100 brn|[from] brn\n|upkeep\n|turn|12\n|\n|t:|1699791271\n|move|p2a: Suicune|Protect|p2a: Suicune\n|-singleturn|p2a: Suicune|Protect\n|move|p1a: Lego|Seed Bomb|p2a: Suicune\n|-activate|p2a: Suicune|move: Protect\n|\n|-heal|p2a: Suicune|68\/100|[from] item: Leftovers\n|-damage|p1a: Lego|51\/100 brn|[from] brn\n|upkeep\n|turn|13\n|\n|t:|1699791284\n|switch|p1a: Team Rocket|Celesteela|100\/100\n|move|p2a: Suicune|Calm Mind|p2a: Suicune\n|-boost|p2a: Suicune|spa|1\n|-boost|p2a: Suicune|spd|1\n|\n|-heal|p2a: Suicune|75\/100|[from] item: Leftovers\n|upkeep\n|turn|14\n|\n|t:|1699791294\n|move|p2a: Suicune|Scald|p1a: Team Rocket\n|-damage|p1a: Team Rocket|53\/100\n|move|p1a: Team Rocket|Iron Head|p2a: Suicune\n|-resisted|p2a: Suicune\n|-end|p2a: Suicune|Substitute\n|\n|-heal|p2a: Suicune|81\/100|[from] item: Leftovers\n|-heal|p1a: Team Rocket|59\/100|[from] item: Leftovers\n|upkeep\n|turn|15\n|\n|t:|1699791306\n|move|p2a: Suicune|Scald|p1a: Team Rocket\n|-damage|p1a: Team Rocket|9\/100\n|move|p1a: Team Rocket|Iron Head|p2a: Suicune\n|-resisted|p2a: Suicune\n|-damage|p2a: Suicune|70\/100\n|\n|-heal|p2a: Suicune|76\/100|[from] item: Leftovers\n|-heal|p1a: Team Rocket|15\/100|[from] item: Leftovers\n|upkeep\n|turn|16\n|\n|t:|1699791316\n|move|p2a: Suicune|Scald|p1a: Team Rocket\n|-damage|p1a: Team Rocket|0 fnt\n|faint|p1a: Team Rocket\n|\n|-heal|p2a: Suicune|82\/100|[from] item: Leftovers\n|upkeep\n|\n|t:|1699791322\n|switch|p1a: Drilliam Wallace|Excadrill, M|100\/100\n|-ability|p1a: Drilliam Wallace|Mold Breaker\n|turn|17\n|\n|t:|1699791328\n|move|p1a: Drilliam Wallace|Earthquake|p2a: Suicune\n|-damage|p2a: Suicune|43\/100\n|move|p2a: Suicune|Substitute|p2a: Suicune\n|-start|p2a: Suicune|Substitute\n|-damage|p2a: Suicune|18\/100\n|\n|-heal|p2a: Suicune|25\/100|[from] item: Leftovers\n|upkeep\n|turn|18\n|\n|t:|1699791341\n|move|p1a: Drilliam Wallace|Earthquake|p2a: Suicune\n|-end|p2a: Suicune|Substitute\n|move|p2a: Suicune|Scald|p1a: Drilliam Wallace\n|-supereffective|p1a: Drilliam Wallace\n|-enditem|p1a: Drilliam Wallace|Focus Sash\n|-damage|p1a: Drilliam Wallace|1\/100\n|\n|-heal|p2a: Suicune|31\/100|[from] item: Leftovers\n|upkeep\n|turn|19\n|\n|t:|1699791352\n|move|p2a: Suicune|Protect|p2a: Suicune\n|-singleturn|p2a: Suicune|Protect\n|move|p1a: Drilliam Wallace|Earthquake|p2a: Suicune\n|-activate|p2a: Suicune|move: Protect\n|\n|-heal|p2a: Suicune|37\/100|[from] item: Leftovers\n|upkeep\n|turn|20\n|\n|t:|1699791363\n|move|p2a: Suicune|Protect||[still]\n|-fail|p2a: Suicune\n|move|p1a: Drilliam Wallace|Earthquake|p2a: Suicune\n|-damage|p2a: Suicune|0 fnt\n|faint|p2a: Suicune\n|\n|upkeep\n|\n|t:|1699791372\n|switch|p2a: Tyranitar|Tyranitar, F|100\/100\n|-damage|p2a: Tyranitar|88\/100|[from] Stealth Rock\n|-weather|Sandstorm|[from] ability: Sand Stream|[of] p2a: Tyranitar\n|turn|21\n|\n|t:|1699791385\n|move|p1a: Drilliam Wallace|Brick Break|p2a: Tyranitar\n|-supereffective|p2a: Tyranitar\n|-damage|p2a: Tyranitar|0 fnt\n|faint|p2a: Tyranitar\n|\n|-weather|Sandstorm|[upkeep]\n|upkeep\n|\n|t:|1699791400\n|switch|p2a: Scizor|Scizor, F|100\/100\n|-damage|p2a: Scizor|88\/100|[from] Stealth Rock\n|turn|22\n|\n|t:|1699791412\n|switch|p1a: Lego|Ferrothorn, M|51\/100 brn\n|move|p2a: Scizor|Close Combat|p1a: Lego\n|-supereffective|p1a: Lego\n|-damage|p1a: Lego|0 fnt\n|-unboost|p2a: Scizor|def|1\n|-unboost|p2a: Scizor|spd|1\n|-damage|p2a: Scizor|76\/100|[from] ability: Iron Barbs|[of] p1a: Lego\n|-damage|p2a: Scizor|59\/100|[from] item: Rocky Helmet|[of] p1a: Lego\n|faint|p1a: Lego\n|\n|-weather|Sandstorm|[upkeep]\n|upkeep\n|\n|t:|1699791423\n|switch|p1a: Slag Heap|Heatran, M|100\/100\n|turn|23\n|\n|t:|1699791429\n|move|p1a: Slag Heap|Eruption|p2a: Scizor\n|-supereffective|p2a: Scizor\n|-damage|p2a: Scizor|0 fnt\n|faint|p2a: Scizor\n|\n|-weather|Sandstorm|[upkeep]\n|upkeep\n|\n|t:|1699791439\n|switch|p2a: Ampharos|Ampharos, F|100\/100\n|-damage|p2a: Ampharos|88\/100|[from] Stealth Rock\n|turn|24\n|\n|t:|1699791452\n|move|p1a: Slag Heap|Eruption|p2a: Ampharos\n|-damage|p2a: Ampharos|0 fnt\n|faint|p2a: Ampharos\n|\n|-weather|Sandstorm|[upkeep]\n|upkeep\n|\n|t:|1699791459\n|switch|p2a: Ninetales|Ninetales-Alola, M|100\/100\n|-damage|p2a: Ninetales|76\/100|[from] Stealth Rock\n|-weather|Snow|[from] ability: Snow Warning|[of] p2a: Ninetales\n|turn|25\n|\n|t:|1699791465\n|move|p1a: Slag Heap|Eruption|p2a: Ninetales\n|-supereffective|p2a: Ninetales\n|-damage|p2a: Ninetales|0 fnt\n|faint|p2a: Ninetales\n|\n|win|steals many wives\n|raw|steals many wives's rating: 1102 &rarr; <strong>1125<\/strong><br \/>(+23 for winning)\n|raw|refenha's rating: 1070 &rarr; <strong>1051<\/strong><br \/>(-19 for losing)\n|l|\u2606refenha\n","uploadtime":1699791474,"views":4,"p1id":"stealsmanywives","p2id":"refenha","formatid":"gen9nationaldex","rating":1051,"private":0,"password":""}