{"id":"gen9nationaldex-1994491890","p1":"Icicle the Glaceon","p2":"omegaxis97","format":"[Gen 9] National Dex","log":"|j|\u2606Icicle the Glaceon\n|j|\u2606omegaxis97\n|t:|1700450215\n|gametype|singles\n|player|p1|Icicle the Glaceon|170|1096\n|player|p2|omegaxis97|nate|1174\n|teamsize|p1|6\n|teamsize|p2|6\n|gen|9\n|tier|[Gen 9] National Dex\n|rated|\n|rule|HP Percentage Mod: HP is shown in percentages\n|rule|Endless Battle Clause: Forcing endless battles is banned\n|rule|OHKO Clause: OHKO moves are banned\n|rule|Evasion Clause: Evasion abilities, items, and moves are banned\n|rule|Evasion Abilities Clause: Evasion abilities are banned\n|rule|Evasion Items Clause: Evasion items are banned\n|rule|Evasion Moves Clause: Evasion moves are banned\n|rule|Species Clause: Limit one of each Pok\u00e9mon\n|rule|Sleep Clause Mod: Limit one foe put to sleep\n|clearpoke\n|poke|p1|Butterfree, M|\n|poke|p1|Garchomp, M|\n|poke|p1|Blaziken, F|\n|poke|p1|Pawmot, M|\n|poke|p1|Gliscor, M|\n|poke|p1|Ditto|\n|poke|p2|Milotic, F|\n|poke|p2|Gardevoir, F|\n|poke|p2|Lucario, M|\n|poke|p2|Salamence, M|\n|poke|p2|Gallade, M|\n|poke|p2|Serperior, M|\n|teampreview\n|\n|t:|1700450231\n|start\n|switch|p1a: Blaziken|Blaziken, F|100\/100\n|switch|p2a: Gallade|Gallade, M|100\/100\n|turn|1\n|\n|t:|1700450240\n|move|p1a: Blaziken|Protect|p1a: Blaziken\n|-singleturn|p1a: Blaziken|Protect\n|move|p2a: Gallade|Psycho Cut|p1a: Blaziken\n|-activate|p1a: Blaziken|move: Protect\n|\n|-ability|p1a: Blaziken|Speed Boost|boost\n|-boost|p1a: Blaziken|spe|1\n|upkeep\n|turn|2\n|\n|t:|1700450249\n|move|p1a: Blaziken|Swords Dance|p1a: Blaziken\n|-boost|p1a: Blaziken|atk|2\n|move|p2a: Gallade|Psycho Cut|p1a: Blaziken\n|-supereffective|p1a: Blaziken\n|-enditem|p1a: Blaziken|Focus Sash\n|-damage|p1a: Blaziken|1\/100\n|\n|-ability|p1a: Blaziken|Speed Boost|boost\n|-boost|p1a: Blaziken|spe|1\n|upkeep\n|turn|3\n|\n|t:|1700450275\n|switch|p2a: Salamence|Salamence, M|100\/100\n|-ability|p2a: Salamence|Intimidate|boost\n|-unboost|p1a: Blaziken|atk|1\n|move|p1a: Blaziken|Reversal|p2a: Salamence\n|-resisted|p2a: Salamence\n|-damage|p2a: Salamence|0 fnt\n|faint|p2a: Salamence\n|\n|-ability|p1a: Blaziken|Speed Boost|boost\n|-boost|p1a: Blaziken|spe|1\n|upkeep\n|\n|t:|1700450292\n|switch|p2a: Milotic|Milotic, F|100\/100\n|turn|4\n|\n|t:|1700450306\n|-terastallize|p2a: Milotic|Ghost\n|move|p1a: Blaziken|Reversal|p2a: Milotic\n|-immune|p2a: Milotic\n|move|p2a: Milotic|Toxic|p1a: Blaziken\n|-status|p1a: Blaziken|tox\n|\n|-damage|p1a: Blaziken|0 fnt|[from] psn\n|faint|p1a: Blaziken\n|upkeep\n|\n|t:|1700450328\n|switch|p1a: Butterfree|Butterfree, M|100\/100\n|turn|5\n|\n|t:|1700450333\n|move|p1a: Butterfree|Sleep Powder|p2a: Milotic\n|-status|p2a: Milotic|slp|[from] move: Sleep Powder\n|cant|p2a: Milotic|slp\n|\n|upkeep\n|turn|6\n|\n|t:|1700450339\n|move|p1a: Butterfree|Substitute|p1a: Butterfree\n|-start|p1a: Butterfree|Substitute\n|-damage|p1a: Butterfree|76\/100\n|cant|p2a: Milotic|slp\n|\n|-heal|p1a: Butterfree|82\/100|[from] item: Leftovers\n|upkeep\n|turn|7\n|\n|t:|1700450350\n|cant|p2a: Milotic|slp\n|move|p1a: Butterfree|Quiver Dance|p1a: Butterfree\n|-boost|p1a: Butterfree|spa|1\n|-boost|p1a: Butterfree|spd|1\n|-boost|p1a: Butterfree|spe|1\n|\n|-heal|p1a: Butterfree|88\/100|[from] item: Leftovers\n|upkeep\n|turn|8\n|\n|t:|1700450377\n|move|p1a: Butterfree|Hurricane|p2a: Milotic\n|-damage|p2a: Milotic|60\/100 slp\n|-curestatus|p2a: Milotic|slp|[msg]\n|move|p2a: Milotic|Haze|p2a: Milotic\n|-clearallboost\n|\n|-heal|p1a: Butterfree|94\/100|[from] item: Leftovers\n|-heal|p2a: Milotic|66\/100|[from] item: Leftovers\n|upkeep\n|turn|9\n|\n|t:|1700450392\n|switch|p1a: Garchomp|Garchomp, M|100\/100\n|move|p2a: Milotic|Protect||[still]\n|-fail|p2a: Milotic\n|\n|-heal|p2a: Milotic|72\/100|[from] item: Leftovers\n|upkeep\n|turn|10\n|\n|t:|1700450403\n|move|p1a: Garchomp|Earthquake|p2a: Milotic\n|-damage|p2a: Milotic|28\/100\n|move|p2a: Milotic|Toxic|p1a: Garchomp\n|-status|p1a: Garchomp|tox\n|\n|-heal|p2a: Milotic|34\/100|[from] item: Leftovers\n|-damage|p1a: Garchomp|94\/100 tox|[from] psn\n|upkeep\n|turn|11\n|\n|t:|1700450410\n|move|p2a: Milotic|Protect|p2a: Milotic\n|-singleturn|p2a: Milotic|Protect\n|move|p1a: Garchomp|Earthquake|p2a: Milotic\n|-activate|p2a: Milotic|move: Protect\n|\n|-heal|p2a: Milotic|40\/100|[from] item: Leftovers\n|-damage|p1a: Garchomp|82\/100 tox|[from] psn\n|upkeep\n|turn|12\n|\n|t:|1700450419\n|move|p1a: Garchomp|Earthquake|p2a: Milotic\n|-damage|p2a: Milotic|0 fnt\n|faint|p2a: Milotic\n|\n|-damage|p1a: Garchomp|63\/100 tox|[from] psn\n|upkeep\n|\n|t:|1700450458\n|switch|p2a: Serperior|Serperior, M|100\/100\n|turn|13\n|\n|t:|1700450468\n|move|p2a: Serperior|Protect|p2a: Serperior\n|-singleturn|p2a: Serperior|Protect\n|move|p1a: Garchomp|Earthquake|p2a: Serperior\n|-activate|p2a: Serperior|move: Protect\n|\n|-damage|p1a: Garchomp|39\/100 tox|[from] psn\n|upkeep\n|turn|14\n|\n|t:|1700450485\n|move|p2a: Serperior|Leaf Storm|p1a: Garchomp\n|-damage|p1a: Garchomp|4\/100 tox\n|-boost|p2a: Serperior|spa|2\n|move|p1a: Garchomp|Earthquake|p2a: Serperior\n|-resisted|p2a: Serperior\n|-damage|p2a: Serperior|78\/100\n|\n|-damage|p1a: Garchomp|0 fnt|[from] psn\n|faint|p1a: Garchomp\n|upkeep\n|\n|t:|1700450497\n|switch|p1a: Gliscor|Gliscor, M|100\/100\n|turn|15\n|\n|t:|1700450506\n|-zpower|p2a: Serperior\n|move|p2a: Serperior|Bloom Doom|p1a: Gliscor|[zeffect]\n|-damage|p1a: Gliscor|0 fnt\n|faint|p1a: Gliscor\n|\n|upkeep\n|\n|t:|1700450542\n|switch|p1a: Ditto|Ditto|100\/100\n|-transform|p1a: Ditto|p2a: Serperior|[from] ability: Imposter\n|turn|16\n|\n|t:|1700450549\n|move|p1a: Ditto|Leaf Storm|p2a: Serperior\n|-resisted|p2a: Serperior\n|-damage|p2a: Serperior|44\/100\n|-boost|p1a: Ditto|spa|2\n|move|p2a: Serperior|Hidden Power|p1a: Ditto\n|-supereffective|p1a: Ditto\n|-damage|p1a: Ditto|52\/100\n|\n|upkeep\n|turn|17\n|\n|t:|1700450557\n|move|p2a: Serperior|Protect|p2a: Serperior\n|-singleturn|p2a: Serperior|Protect\n|move|p1a: Ditto|Leaf Storm|p2a: Serperior\n|-activate|p2a: Serperior|move: Protect\n|\n|upkeep\n|turn|18\n|\n|t:|1700450567\n|move|p1a: Ditto|Leaf Storm|p2a: Serperior\n|-resisted|p2a: Serperior\n|-damage|p2a: Serperior|0 fnt\n|-boost|p1a: Ditto|spa|2\n|faint|p2a: Serperior\n|\n|upkeep\n|\n|t:|1700450573\n|switch|p2a: Lucario|Lucario, M|100\/100\n|turn|19\n|\n|t:|1700450577\n|move|p1a: Ditto|Leaf Storm|p2a: Lucario\n|-resisted|p2a: Lucario\n|-damage|p2a: Lucario|0 fnt\n|faint|p2a: Lucario\n|\n|upkeep\n|\n|t:|1700450584\n|switch|p2a: Gallade|Gallade, M|100\/100\n|turn|20\n|\n|t:|1700450588\n|move|p1a: Ditto|Leaf Storm|p2a: Gallade\n|-damage|p2a: Gallade|0 fnt\n|faint|p2a: Gallade\n|\n|upkeep\n|\n|t:|1700450596\n|switch|p2a: Gardevoir|Gardevoir, F|100\/100\n|-ability|p2a: Gardevoir|Contrary|[from] ability: Trace|[of] p1a: Ditto\n|turn|21\n|\n|t:|1700450602\n|detailschange|p2a: Gardevoir|Gardevoir-Mega, F\n|-mega|p2a: Gardevoir|Gardevoir|Gardevoirite\n|-activate|p1a: Ditto|move: Struggle\n|move|p1a: Ditto|Struggle|p2a: Gardevoir\n|-damage|p2a: Gardevoir|88\/100\n|-damage|p1a: Ditto|27\/100|[from] recoil\n|move|p2a: Gardevoir|Hyper Voice|p1a: Ditto\n|-damage|p1a: Ditto|0 fnt\n|faint|p1a: Ditto\n|\n|upkeep\n|\n|t:|1700450611\n|switch|p1a: Butterfree|Butterfree, M|94\/100\n|turn|22\n|\n|t:|1700450623\n|move|p2a: Gardevoir|Hyper Voice|p1a: Butterfree\n|-damage|p1a: Butterfree|0 fnt\n|faint|p1a: Butterfree\n|\n|upkeep\n|\n|t:|1700450629\n|switch|p1a: Pawmot|Pawmot, M|100\/100\n|turn|23\n|\n|t:|1700450633\n|move|p1a: Pawmot|Revival Blessing|p1a: Pawmot\n|-enditem|p1a: Pawmot|Leppa Berry|[eat]\n|-activate|p1a: Pawmot|item: Leppa Berry|Revival Blessing|[consumed]\n|\n|t:|1700450649\n|-heal|p1: Gliscor|50\/100|[from] move: Revival Blessing\n|move|p2a: Gardevoir|Psyshock|p1a: Pawmot\n|-supereffective|p1a: Pawmot\n|-damage|p1a: Pawmot|0 fnt\n|faint|p1a: Pawmot\n|\n|upkeep\n|\n|t:|1700450655\n|switch|p1a: Gliscor|Gliscor, M|50\/100\n|turn|24\n|\n|t:|1700450661\n|move|p1a: Gliscor|Protect|p1a: Gliscor\n|-singleturn|p1a: Gliscor|Protect\n|move|p2a: Gardevoir|Hyper Voice|p1a: Gliscor\n|-activate|p1a: Gliscor|move: Protect\n|\n|-status|p1a: Gliscor|tox|[from] item: Toxic Orb\n|upkeep\n|turn|25\n|\n|t:|1700450670\n|move|p1a: Gliscor|Protect|p1a: Gliscor\n|-singleturn|p1a: Gliscor|Protect\n|move|p2a: Gardevoir|Hyper Voice|p1a: Gliscor\n|-activate|p1a: Gliscor|move: Protect\n|\n|-heal|p1a: Gliscor|63\/100 tox|[from] ability: Poison Heal\n|upkeep\n|turn|26\n|\n|t:|1700450687\n|move|p2a: Gardevoir|Hyper Voice|p1a: Gliscor\n|-damage|p1a: Gliscor|0 fnt\n|faint|p1a: Gliscor\n|\n|win|omegaxis97\n|raw|Icicle the Glaceon's rating: 1096 &rarr; <strong>1077<\/strong><br \/>(-19 for losing)\n|raw|omegaxis97's rating: 1174 &rarr; <strong>1193<\/strong><br \/>(+19 for winning)\n|l|\u2606Icicle the Glaceon\n|c|\u2606omegaxis97|gg\n","uploadtime":1700450711,"views":5,"p1id":"icicletheglaceon","p2id":"omegaxis97","formatid":"gen9nationaldex","rating":1077,"private":0,"password":""}