{"id":"gen9nationaldex-1991751555","p1":"Swish_Blaze","p2":"FlyingSudowoodo","format":"[Gen 9] National Dex","log":"|j|\u2606Swish_Blaze\n|j|\u2606FlyingSudowoodo\n|t:|1700111076\n|gametype|singles\n|player|p1|Swish_Blaze|clair|1459\n|player|p2|FlyingSudowoodo|cheren|1489\n|teamsize|p1|6\n|teamsize|p2|6\n|gen|9\n|tier|[Gen 9] National Dex\n|rated|\n|rule|HP Percentage Mod: HP is shown in percentages\n|rule|Endless Battle Clause: Forcing endless battles is banned\n|rule|OHKO Clause: OHKO moves are banned\n|rule|Evasion Clause: Evasion abilities, items, and moves are banned\n|rule|Evasion Abilities Clause: Evasion abilities are banned\n|rule|Evasion Items Clause: Evasion items are banned\n|rule|Evasion Moves Clause: Evasion moves are banned\n|rule|Species Clause: Limit one of each Pok\u00e9mon\n|rule|Sleep Clause Mod: Limit one foe put to sleep\n|clearpoke\n|poke|p1|Tyranitar, M|\n|poke|p1|Tapu Koko|\n|poke|p1|Rotom-Wash|\n|poke|p1|Arcanine-Hisui, F|\n|poke|p1|Zapdos|\n|poke|p1|Lopunny, M|\n|poke|p2|Banette, M|\n|poke|p2|Alomomola, M|\n|poke|p2|Clodsire, F|\n|poke|p2|Glimmora, F|\n|poke|p2|Tapu Lele|\n|poke|p2|Hawlucha, M|\n|teampreview\n|\n|t:|1700111085\n|start\n|switch|p1a: Rotom|Rotom-Wash|100\/100\n|switch|p2a: Alomomola|Alomomola, M|100\/100\n|turn|1\n|\n|t:|1700111099\n|switch|p2a: Clodsire|Clodsire, F|100\/100\n|move|p1a: Rotom|Trick|p2a: Clodsire\n|-activate|p1a: Rotom|move: Trick|[of] p2a: Clodsire\n|-item|p2a: Clodsire|Choice Scarf|[from] move: Trick\n|-item|p1a: Rotom|Leftovers|[from] move: Trick\n|\n|upkeep\n|turn|2\n|\n|t:|1700111109\n|move|p1a: Rotom|Hydro Pump|p2a: Clodsire\n|-supereffective|p2a: Clodsire\n|-damage|p2a: Clodsire|44\/100\n|move|p2a: Clodsire|Stealth Rock|p1a: Rotom\n|-sidestart|p1: Swish_Blaze|move: Stealth Rock\n|\n|upkeep\n|turn|3\n|\n|t:|1700111117\n|move|p1a: Rotom|Volt Switch|p2a: Clodsire\n|-immune|p2a: Clodsire\n|move|p2a: Clodsire|Stealth Rock||[still]\n|-fail|p2a: Clodsire\n|\n|upkeep\n|turn|4\n|\n|t:|1700111123\n|switch|p2a: Alomomola|Alomomola, M|100\/100\n|move|p1a: Rotom|Hydro Pump|p2a: Alomomola|[miss]\n|-miss|p1a: Rotom|p2a: Alomomola\n|\n|upkeep\n|turn|5\n|\n|t:|1700111130\n|move|p2a: Alomomola|Protect|p2a: Alomomola\n|-singleturn|p2a: Alomomola|Protect\n|move|p1a: Rotom|Volt Switch|p2a: Alomomola\n|-activate|p2a: Alomomola|move: Protect\n|\n|upkeep\n|turn|6\n|\n|t:|1700111136\n|switch|p1a: Zapdos|Zapdos, shiny|100\/100\n|switch|p2a: Clodsire|Clodsire, F|44\/100\n|\n|upkeep\n|turn|7\n|\n|t:|1700111144\n|move|p1a: Zapdos|Hurricane|p2a: Clodsire|[miss]\n|-miss|p1a: Zapdos|p2a: Clodsire\n|move|p2a: Clodsire|Recover|p2a: Clodsire\n|-heal|p2a: Clodsire|94\/100\n|\n|upkeep\n|turn|8\n|\n|t:|1700111151\n|switch|p2a: Banette|Banette, M|100\/100\n|move|p1a: Zapdos|Defog|p2a: Banette\n|-unboost|p2a: Banette|evasion|1\n|-sideend|p1: Swish_Blaze|Stealth Rock|[from] move: Defog|[of] p1a: Zapdos\n|\n|upkeep\n|turn|9\n|\n|t:|1700111158\n|switch|p1a: Tyranitar|Tyranitar, M, shiny|100\/100\n|-weather|Sandstorm|[from] ability: Sand Stream|[of] p1a: Tyranitar\n|detailschange|p2a: Banette|Banette-Mega, M\n|-mega|p2a: Banette|Banette|Banettite\n|move|p2a: Banette|Encore|p1a: Tyranitar\n|-hint|Since gen 7, Dark is immune to Prankster moves.\n|-immune|p1a: Tyranitar\n|\n|-weather|Sandstorm|[upkeep]\n|-damage|p2a: Banette|95\/100|[from] Sandstorm\n|upkeep\n|turn|10\n|\n|t:|1700111171\n|-activate|p2a: Banette|move: Pursuit\n|move|p1a: Tyranitar|Pursuit|p2a: Banette|[from]Pursuit\n|-supereffective|p2a: Banette\n|-damage|p2a: Banette|0 fnt\n|faint|p2a: Banette\n|-hint|A Pokemon can't switch between when it runs out of HP and when it faints\n|\n|-weather|Sandstorm|[upkeep]\n|upkeep\n|\n|t:|1700111182\n|switch|p2a: Alomomola|Alomomola, M|100\/100\n|turn|11\n|\n|t:|1700111188\n|move|p1a: Tyranitar|Stone Edge|p2a: Alomomola\n|-damage|p2a: Alomomola|67\/100\n|move|p2a: Alomomola|Toxic|p1a: Tyranitar\n|-status|p1a: Tyranitar|tox\n|\n|-weather|Sandstorm|[upkeep]\n|-damage|p2a: Alomomola|61\/100|[from] Sandstorm\n|-damage|p1a: Tyranitar|94\/100 tox|[from] psn\n|upkeep\n|turn|12\n|\n|t:|1700111196\n|switch|p1a: Rotom|Rotom-Wash|100\/100\n|move|p2a: Alomomola|Wish|p2a: Alomomola\n|\n|-weather|Sandstorm|[upkeep]\n|-damage|p1a: Rotom|94\/100|[from] Sandstorm\n|-damage|p2a: Alomomola|55\/100|[from] Sandstorm\n|-heal|p1a: Rotom|100\/100|[from] item: Leftovers\n|upkeep\n|turn|13\n|\n|t:|1700111209\n|switch|p1a: Tapu Koko|Tapu Koko, shiny|100\/100\n|-fieldstart|move: Electric Terrain|[from] ability: Electric Surge|[of] p1a: Tapu Koko\n|switch|p2a: Clodsire|Clodsire, F|94\/100\n|\n|-weather|none\n|-heal|p2a: Clodsire|100\/100|[from] move: Wish|[wisher] Alomomola\n|upkeep\n|turn|14\n|\n|t:|1700111221\n|move|p1a: Tapu Koko|U-turn|p2a: Clodsire\n|-resisted|p2a: Clodsire\n|-damage|p2a: Clodsire|92\/100\n|\n|t:|1700111225\n|switch|p1a: Zapdos|Zapdos, shiny|100\/100|[from] U-turn\n|move|p2a: Clodsire|Stealth Rock|p1a: Zapdos\n|-sidestart|p1: Swish_Blaze|move: Stealth Rock\n|\n|upkeep\n|turn|15\n|\n|t:|1700111234\n|switch|p2a: Tapu Lele|Tapu Lele|100\/100\n|-fieldstart|move: Psychic Terrain|[from] ability: Psychic Surge|[of] p2a: Tapu Lele\n|move|p1a: Zapdos|Volt Switch|p2a: Tapu Lele\n|-crit|p2a: Tapu Lele\n|-damage|p2a: Tapu Lele|53\/100\n|\n|t:|1700111251\n|switch|p1a: Tapu Koko|Tapu Koko, shiny|100\/100|[from] Volt Switch\n|-damage|p1a: Tapu Koko|88\/100|[from] Stealth Rock\n|-fieldstart|move: Electric Terrain|[from] ability: Electric Surge|[of] p1a: Tapu Koko\n|\n|upkeep\n|turn|16\n|\n|t:|1700111268\n|switch|p2a: Glimmora|Glimmora, F|100\/100\n|-item|p2a: Glimmora|Air Balloon\n|move|p1a: Tapu Koko|U-turn|p2a: Glimmora\n|-resisted|p2a: Glimmora\n|-damage|p2a: Glimmora|91\/100\n|-activate|p2a: Glimmora|ability: Toxic Debris\n|-sidestart|p1: Swish_Blaze|move: Toxic Spikes\n|-enditem|p2a: Glimmora|Air Balloon\n|\n|t:|1700111275\n|switch|p1a: Tyranitar|Tyranitar, M, shiny|94\/100 tox|[from] U-turn\n|-damage|p1a: Tyranitar|82\/100 tox|[from] Stealth Rock\n|-weather|Sandstorm|[from] ability: Sand Stream|[of] p1a: Tyranitar\n|\n|-weather|Sandstorm|[upkeep]\n|-damage|p1a: Tyranitar|76\/100 tox|[from] psn\n|upkeep\n|turn|17\n|\n|t:|1700111283\n|move|p2a: Glimmora|Spiky Shield|p2a: Glimmora\n|-singleturn|p2a: Glimmora|move: Protect\n|move|p1a: Tyranitar|Earthquake|p2a: Glimmora\n|-activate|p2a: Glimmora|move: Protect\n|\n|-weather|Sandstorm|[upkeep]\n|-damage|p1a: Tyranitar|64\/100 tox|[from] psn\n|upkeep\n|turn|18\n|\n|t:|1700111295\n|switch|p2a: Alomomola|Alomomola, M|88\/100\n|move|p1a: Tyranitar|Earthquake|p2a: Alomomola\n|-damage|p2a: Alomomola|66\/100\n|\n|-weather|Sandstorm|[upkeep]\n|-damage|p2a: Alomomola|59\/100|[from] Sandstorm\n|-damage|p1a: Tyranitar|45\/100 tox|[from] psn\n|upkeep\n|turn|19\n|\n|t:|1700111305\n|switch|p1a: Zapdos|Zapdos, shiny|100\/100\n|move|p2a: Alomomola|Flip Turn|p1a: Zapdos\n|-damage|p1a: Zapdos|85\/100\n|-status|p2a: Alomomola|par|[from] ability: Static|[of] p1a: Zapdos\n|\n|t:|1700111312\n|switch|p2a: Tapu Lele|Tapu Lele|53\/100|[from] Flip Turn\n|-fieldstart|move: Psychic Terrain|[from] ability: Psychic Surge|[of] p2a: Tapu Lele\n|\n|-weather|Sandstorm|[upkeep]\n|-damage|p2a: Tapu Lele|47\/100|[from] Sandstorm\n|-damage|p1a: Zapdos|78\/100|[from] Sandstorm\n|upkeep\n|turn|20\n|\n|t:|1700111321\n|move|p2a: Tapu Lele|Psychic|p1a: Zapdos\n|-damage|p1a: Zapdos|11\/100\n|move|p1a: Zapdos|Defog|p2a: Tapu Lele\n|-unboost|p2a: Tapu Lele|evasion|1\n|-sideend|p1: Swish_Blaze|Toxic Spikes|[from] move: Defog|[of] p1a: Zapdos\n|-sideend|p1: Swish_Blaze|Stealth Rock|[from] move: Defog|[of] p1a: Zapdos\n|-fieldend|move: Psychic Terrain\n|\n|-weather|none\n|upkeep\n|turn|21\n|\n|t:|1700111332\n|switch|p2a: Clodsire|Clodsire, F|92\/100\n|move|p1a: Zapdos|Roost|p1a: Zapdos\n|-heal|p1a: Zapdos|61\/100\n|-singleturn|p1a: Zapdos|move: Roost\n|\n|upkeep\n|turn|22\n|\n|t:|1700111345\n|switch|p1a: Arcanine|Arcanine-Hisui, F|100\/100\n|move|p2a: Clodsire|Stealth Rock|p1a: Arcanine\n|-sidestart|p1: Swish_Blaze|move: Stealth Rock\n|\n|upkeep\n|turn|23\n|\n|t:|1700111351\n|switch|p2a: Alomomola|Alomomola, M|93\/100 par\n|move|p1a: Arcanine|Double-Edge|p2a: Alomomola\n|-crit|p2a: Alomomola\n|-damage|p2a: Alomomola|43\/100 par\n|\n|upkeep\n|turn|24\n|\n|t:|1700111359\n|move|p1a: Arcanine|Double-Edge|p2a: Alomomola\n|-damage|p2a: Alomomola|7\/100 par\n|move|p2a: Alomomola|Wish|p2a: Alomomola\n|\n|upkeep\n|turn|25\n|\n|t:|1700111363\n|move|p2a: Alomomola|Protect|p2a: Alomomola\n|-singleturn|p2a: Alomomola|Protect\n|move|p1a: Arcanine|Double-Edge|p2a: Alomomola\n|-activate|p2a: Alomomola|move: Protect\n|\n|-heal|p2a: Alomomola|57\/100 par|[from] move: Wish|[wisher] Alomomola\n|upkeep\n|turn|26\n|\n|t:|1700111370\n|switch|p1a: Zapdos|Zapdos, shiny|61\/100\n|move|p2a: Alomomola|Wish|p2a: Alomomola\n|\n|upkeep\n|turn|27\n|\n|t:|1700111382\n|move|p1a: Zapdos|Roost|p1a: Zapdos\n|-heal|p1a: Zapdos|100\/100\n|-singleturn|p1a: Zapdos|move: Roost\n|move|p2a: Alomomola|Toxic|p1a: Zapdos\n|-status|p1a: Zapdos|tox\n|\n|-heal|p2a: Alomomola|100\/100 par|[from] move: Wish|[wisher] Alomomola\n|-damage|p1a: Zapdos|94\/100 tox|[from] psn\n|upkeep\n|turn|28\n|\n|t:|1700111394\n|move|p2a: Alomomola|Protect|p2a: Alomomola\n|-singleturn|p2a: Alomomola|Protect\n|move|p1a: Zapdos|Defog|p2a: Alomomola\n|-activate|p2a: Alomomola|move: Protect\n|\n|-damage|p1a: Zapdos|82\/100 tox|[from] psn\n|upkeep\n|turn|29\n|\n|t:|1700111407\n|switch|p1a: Tapu Koko|Tapu Koko, shiny|88\/100\n|-damage|p1a: Tapu Koko|76\/100|[from] Stealth Rock\n|-fieldstart|move: Electric Terrain|[from] ability: Electric Surge|[of] p1a: Tapu Koko\n|switch|p2a: Glimmora|Glimmora, F|91\/100\n|\n|upkeep\n|turn|30\n|\n|t:|1700111417\n|-zpower|p1a: Tapu Koko\n|move|p1a: Tapu Koko|Gigavolt Havoc|p2a: Glimmora|[zeffect]\n|-damage|p2a: Glimmora|0 fnt\n|faint|p2a: Glimmora\n|\n|upkeep\n|\n|t:|1700111424\n|switch|p2a: Tapu Lele|Tapu Lele|47\/100\n|-fieldstart|move: Psychic Terrain|[from] ability: Psychic Surge|[of] p2a: Tapu Lele\n|turn|31\n|\n|t:|1700111433\n|switch|p2a: Alomomola|Alomomola, M|100\/100 par\n|move|p1a: Tapu Koko|U-turn|p2a: Alomomola\n|-damage|p2a: Alomomola|91\/100 par\n|\n|t:|1700111436\n|switch|p1a: Rotom|Rotom-Wash|100\/100|[from] U-turn\n|-damage|p1a: Rotom|88\/100|[from] Stealth Rock\n|\n|-heal|p1a: Rotom|94\/100|[from] item: Leftovers\n|upkeep\n|turn|32\n|\n|t:|1700111444\n|move|p1a: Rotom|Volt Switch|p2a: Alomomola\n|-supereffective|p2a: Alomomola\n|-crit|p2a: Alomomola\n|-damage|p2a: Alomomola|11\/100 par\n|\n|t:|1700111449\n|switch|p1a: Tapu Koko|Tapu Koko, shiny|76\/100|[from] Volt Switch\n|-damage|p1a: Tapu Koko|63\/100|[from] Stealth Rock\n|-fieldstart|move: Electric Terrain|[from] ability: Electric Surge|[of] p1a: Tapu Koko\n|move|p2a: Alomomola|Toxic|p1a: Tapu Koko\n|-status|p1a: Tapu Koko|tox\n|\n|-damage|p1a: Tapu Koko|57\/100 tox|[from] psn\n|upkeep\n|turn|33\n|\n|t:|1700111459\n|move|p2a: Alomomola|Protect|p2a: Alomomola\n|-singleturn|p2a: Alomomola|Protect\n|move|p1a: Tapu Koko|Taunt|p2a: Alomomola\n|-activate|p2a: Alomomola|move: Protect\n|\n|-damage|p1a: Tapu Koko|45\/100 tox|[from] psn\n|upkeep\n|turn|34\n|\n|t:|1700111469\n|switch|p2a: Clodsire|Clodsire, F|92\/100\n|move|p1a: Tapu Koko|U-turn|p2a: Clodsire\n|-resisted|p2a: Clodsire\n|-damage|p2a: Clodsire|83\/100\n|\n|t:|1700111476\n|switch|p1a: Tyranitar|Tyranitar, M, shiny|45\/100 tox|[from] U-turn\n|-damage|p1a: Tyranitar|33\/100 tox|[from] Stealth Rock\n|-weather|Sandstorm|[from] ability: Sand Stream|[of] p1a: Tyranitar\n|\n|-weather|Sandstorm|[upkeep]\n|-damage|p1a: Tyranitar|27\/100 tox|[from] psn\n|upkeep\n|turn|35\n|\n|t:|1700111489\n|move|p1a: Tyranitar|Pursuit|p2a: Clodsire\n|-damage|p2a: Clodsire|58\/100\n|move|p2a: Clodsire|Earthquake|p1a: Tyranitar\n|-supereffective|p1a: Tyranitar\n|-damage|p1a: Tyranitar|0 fnt\n|faint|p1a: Tyranitar\n|\n|-weather|Sandstorm|[upkeep]\n|upkeep\n|\n|t:|1700111497\n|switch|p1a: Rotom|Rotom-Wash|94\/100\n|-damage|p1a: Rotom|82\/100|[from] Stealth Rock\n|turn|36\n|\n|t:|1700111504\n|switch|p2a: Alomomola|Alomomola, M|44\/100 par\n|move|p1a: Rotom|Volt Switch|p2a: Alomomola\n|-supereffective|p2a: Alomomola\n|-damage|p2a: Alomomola|0 fnt\n|faint|p2a: Alomomola\n|\n|t:|1700111521\n|switch|p1a: Zapdos|Zapdos, shiny|82\/100 tox|[from] Volt Switch\n|\n|-weather|Sandstorm|[upkeep]\n|-damage|p1a: Zapdos|76\/100 tox|[from] Sandstorm\n|-damage|p1a: Zapdos|69\/100 tox|[from] psn\n|-fieldend|move: Electric Terrain\n|upkeep\n|\n|t:|1700111528\n|switch|p2a: Tapu Lele|Tapu Lele|47\/100\n|-fieldstart|move: Psychic Terrain|[from] ability: Psychic Surge|[of] p2a: Tapu Lele\n|turn|37\n|\n|t:|1700111544\n|move|p2a: Tapu Lele|Psychic|p1a: Zapdos\n|-damage|p1a: Zapdos|0 fnt\n|faint|p1a: Zapdos\n|\n|-weather|Sandstorm|[upkeep]\n|-damage|p2a: Tapu Lele|41\/100|[from] Sandstorm\n|upkeep\n|\n|t:|1700111550\n|switch|p1a: Tapu Koko|Tapu Koko, shiny|45\/100 tox\n|-damage|p1a: Tapu Koko|33\/100 tox|[from] Stealth Rock\n|-fieldstart|move: Electric Terrain|[from] ability: Electric Surge|[of] p1a: Tapu Koko\n|turn|38\n|\n|t:|1700111555\n|move|p2a: Tapu Lele|Psychic|p1a: Tapu Koko\n|-damage|p1a: Tapu Koko|0 fnt\n|faint|p1a: Tapu Koko\n|\n|-weather|none\n|upkeep\n|\n|t:|1700111558\n|switch|p1a: Arcanine|Arcanine-Hisui, F|100\/100\n|-damage|p1a: Arcanine|76\/100|[from] Stealth Rock\n|turn|39\n|\n|t:|1700111562\n|switch|p2a: Clodsire|Clodsire, F|58\/100\n|move|p1a: Arcanine|Extreme Speed|p2a: Clodsire\n|-damage|p2a: Clodsire|16\/100\n|\n|upkeep\n|turn|40\n|\n|t:|1700111578\n|switch|p1a: Rotom|Rotom-Wash|82\/100\n|-damage|p1a: Rotom|69\/100|[from] Stealth Rock\n|move|p2a: Clodsire|Spikes|p1a: Rotom\n|-sidestart|p1: Swish_Blaze|Spikes\n|\n|-heal|p1a: Rotom|76\/100|[from] item: Leftovers\n|upkeep\n|turn|41\n|\n|t:|1700111586\n|move|p1a: Rotom|Hydro Pump|p2a: Clodsire\n|-supereffective|p2a: Clodsire\n|-damage|p2a: Clodsire|0 fnt\n|faint|p2a: Clodsire\n|\n|-heal|p1a: Rotom|82\/100|[from] item: Leftovers\n|upkeep\n|\n|t:|1700111593\n|switch|p2a: Tapu Lele|Tapu Lele|41\/100\n|-fieldstart|move: Psychic Terrain|[from] ability: Psychic Surge|[of] p2a: Tapu Lele\n|turn|42\n|\n|t:|1700111599\n|move|p2a: Tapu Lele|Psychic|p1a: Rotom\n|-damage|p1a: Rotom|0 fnt\n|faint|p1a: Rotom\n|\n|upkeep\n|\n|t:|1700111608\n|switch|p1a: Arcanine|Arcanine-Hisui, F|76\/100\n|-damage|p1a: Arcanine|51\/100|[from] Stealth Rock\n|-damage|p1a: Arcanine|39\/100|[from] Spikes\n|turn|43\n|\n|t:|1700111613\n|move|p2a: Tapu Lele|Psychic|p1a: Arcanine\n|-damage|p1a: Arcanine|0 fnt\n|faint|p1a: Arcanine\n|\n|upkeep\n|\n|t:|1700111614\n|switch|p1a: Lopunny|Lopunny, M|100\/100\n|-damage|p1a: Lopunny|88\/100|[from] Stealth Rock\n|-damage|p1a: Lopunny|76\/100|[from] Spikes\n|turn|44\n|\n|t:|1700111621\n|-terastallize|p2a: Tapu Lele|Psychic\n|move|p2a: Tapu Lele|Psychic|p1a: Lopunny\n|-damage|p1a: Lopunny|0 fnt\n|faint|p1a: Lopunny\n|\n|win|FlyingSudowoodo\n|raw|Swish_Blaze's rating: 1459 &rarr; <strong>1441<\/strong><br \/>(-18 for losing)\n|raw|FlyingSudowoodo's rating: 1489 &rarr; <strong>1507<\/strong><br \/>(+18 for winning)\n|l|\u2606Swish_Blaze\n","uploadtime":1700111627,"views":4,"p1id":"swishblaze","p2id":"flyingsudowoodo","formatid":"gen9nationaldex","rating":1441,"private":0,"password":""}