{"id":"gen9nationaldex-1998425692","p1":"Purplecoco","p2":"Kerbecs Adiot","format":"[Gen 9] National Dex","log":"|html|<div class=\"broadcast-blue\"><strong>[Gen 9] National Dex is currently suspecting Sneasler! For information on how to participate check out the <a href=\"https:\/\/www.smogon.com\/forums\/threads\/sv-national-dex-suspect-8-just-dance.3731534\/\">suspect thread<\/a>.<\/strong><\/div>\n|j|\u2606Purplecoco\n|j|\u2606Kerbecs Adiot\n|t:|1700940925\n|gametype|singles\n|player|p1|Purplecoco|will|1153\n|player|p2|Kerbecs Adiot|grimsley|1095\n|teamsize|p1|6\n|teamsize|p2|6\n|gen|9\n|tier|[Gen 9] National Dex\n|rated|\n|rule|HP Percentage Mod: HP is shown in percentages\n|rule|Endless Battle Clause: Forcing endless battles is banned\n|rule|OHKO Clause: OHKO moves are banned\n|rule|Evasion Clause: Evasion abilities, items, and moves are banned\n|rule|Evasion Abilities Clause: Evasion abilities are banned\n|rule|Evasion Items Clause: Evasion items are banned\n|rule|Evasion Moves Clause: Evasion moves are banned\n|rule|Species Clause: Limit one of each Pok\u00e9mon\n|rule|Sleep Clause Mod: Limit one foe put to sleep\n|clearpoke\n|poke|p1|Whimsicott, M|\n|poke|p1|Gliscor, F|\n|poke|p1|Araquanid, F|\n|poke|p1|Urshifu-*, M|\n|poke|p1|Victini|\n|poke|p1|Slowbro, F|\n|poke|p2|Zoroark, M|\n|poke|p2|Krookodile, M|\n|poke|p2|Scrafty, F|\n|poke|p2|Bisharp, M|\n|poke|p2|Mandibuzz, F|\n|poke|p2|Hydreigon, M|\n|teampreview\n|inactive|Battle timer is ON: inactive players will automatically lose when time's up. (requested by Kerbecs Adiot)\n|\n|t:|1700940941\n|start\n|switch|p1a: Victini|Victini|100\/100\n|switch|p2a: Scrafty|Scrafty, F|100\/100\n|turn|1\n|\n|t:|1700940948\n|move|p2a: Scrafty|Fake Out|p1a: Victini\n|-damage|p1a: Victini|91\/100\n|cant|p1a: Victini|flinch\n|\n|upkeep\n|turn|2\n|\n|t:|1700940951\n|move|p1a: Victini|V-create|p2a: Scrafty\n|-damage|p2a: Scrafty|3\/100\n|-unboost|p1a: Victini|spe|1\n|-unboost|p1a: Victini|def|1\n|-unboost|p1a: Victini|spd|1\n|move|p2a: Scrafty|Dragon Dance|p2a: Scrafty\n|-boost|p2a: Scrafty|atk|1\n|-boost|p2a: Scrafty|spe|1\n|\n|upkeep\n|turn|3\n|\n|t:|1700940967\n|switch|p1a: Urshifu|Urshifu-Rapid-Strike, M|100\/100\n|move|p2a: Scrafty|Knock Off|p1a: Urshifu\n|-resisted|p1a: Urshifu\n|-damage|p1a: Urshifu|79\/100\n|-enditem|p1a: Urshifu|Choice Band|[from] move: Knock Off|[of] p2a: Scrafty\n|\n|upkeep\n|turn|4\n|\n|t:|1700940974\n|move|p2a: Scrafty|Drain Punch|p1a: Urshifu\n|-damage|p1a: Urshifu|43\/100\n|-heal|p2a: Scrafty|22\/100|[from] drain|[of] p1a: Urshifu\n|move|p1a: Urshifu|Surging Strikes|p2a: Scrafty\n|-crit|p2a: Scrafty\n|-damage|p2a: Scrafty|4\/100\n|-crit|p2a: Scrafty\n|-damage|p2a: Scrafty|0 fnt\n|faint|p2a: Scrafty\n|-hitcount|p2: Scrafty|2\n|\n|upkeep\n|\n|t:|1700940979\n|switch|p2a: Hydreigon|Hydreigon, M|100\/100\n|turn|5\n|\n|t:|1700940984\n|move|p1a: Urshifu|Close Combat|p2a: Hydreigon\n|-supereffective|p2a: Hydreigon\n|-enditem|p2a: Hydreigon|Focus Sash\n|-damage|p2a: Hydreigon|1\/100\n|-unboost|p1a: Urshifu|def|1\n|-unboost|p1a: Urshifu|spd|1\n|move|p2a: Hydreigon|Thunder Wave|p1a: Urshifu\n|-status|p1a: Urshifu|par\n|\n|upkeep\n|turn|6\n|\n|t:|1700940988\n|move|p2a: Hydreigon|Acrobatics|p1a: Urshifu\n|-supereffective|p1a: Urshifu\n|-damage|p1a: Urshifu|0 fnt\n|faint|p1a: Urshifu\n|\n|upkeep\n|\n|t:|1700940998\n|switch|p1a: Victini|Victini|91\/100\n|turn|7\n|\n|t:|1700941002\n|move|p1a: Victini|U-turn|p2a: Hydreigon\n|-supereffective|p2a: Hydreigon\n|-damage|p2a: Hydreigon|0 fnt\n|faint|p2a: Hydreigon\n|\n|t:|1700941006\n|switch|p1a: Araquanid|Araquanid, F|100\/100|[from] U-turn\n|\n|upkeep\n|\n|t:|1700941010\n|switch|p2a: Mandibuzz|Mandibuzz, F|100\/100\n|turn|8\n|\n|t:|1700941017\n|move|p2a: Mandibuzz|Acrobatics|p1a: Araquanid\n|-supereffective|p1a: Araquanid\n|-damage|p1a: Araquanid|46\/100\n|-zpower|p1a: Araquanid\n|move|p1a: Araquanid|Hydro Vortex|p2a: Mandibuzz|[zeffect]\n|-damage|p2a: Mandibuzz|20\/100\n|\n|upkeep\n|turn|9\n|\n|t:|1700941032\n|switch|p1a: Slowbro|Slowbro, F|100\/100\n|move|p2a: Mandibuzz|Acrobatics|p1a: Slowbro\n|-damage|p1a: Slowbro|86\/100\n|\n|upkeep\n|turn|10\n|\n|t:|1700941036\n|detailschange|p1a: Slowbro|Slowbro-Mega, F\n|-mega|p1a: Slowbro|Slowbro|Slowbronite\n|move|p2a: Mandibuzz|Lash Out|p1a: Slowbro\n|-supereffective|p1a: Slowbro\n|-damage|p1a: Slowbro|61\/100\n|move|p1a: Slowbro|Scald|p2a: Mandibuzz\n|-damage|p2a: Mandibuzz|0 fnt\n|faint|p2a: Mandibuzz\n|\n|upkeep\n|\n|t:|1700941049\n|switch|p2a: Krookodile|Krookodile, M|100\/100\n|turn|11\n|\n|t:|1700941054\n|move|p2a: Krookodile|Scale Shot|p1a: Slowbro\n|-damage|p1a: Slowbro|56\/100\n|-damage|p1a: Slowbro|52\/100\n|-hitcount|p1a: Slowbro|2\n|-unboost|p2a: Krookodile|def|1\n|-boost|p2a: Krookodile|spe|1\n|move|p1a: Slowbro|Slack Off|p1a: Slowbro\n|-heal|p1a: Slowbro|100\/100\n|\n|upkeep\n|turn|12\n|\n|t:|1700941061\n|move|p2a: Krookodile|Crunch|p1a: Slowbro\n|-supereffective|p1a: Slowbro\n|-damage|p1a: Slowbro|59\/100\n|move|p1a: Slowbro|Calm Mind|p1a: Slowbro\n|-boost|p1a: Slowbro|spa|1\n|-boost|p1a: Slowbro|spd|1\n|\n|upkeep\n|turn|13\n|\n|t:|1700941067\n|move|p2a: Krookodile|Crunch|p1a: Slowbro\n|-supereffective|p1a: Slowbro\n|-damage|p1a: Slowbro|16\/100\n|move|p1a: Slowbro|Slack Off|p1a: Slowbro\n|-heal|p1a: Slowbro|66\/100\n|\n|upkeep\n|turn|14\n|\n|t:|1700941072\n|move|p2a: Krookodile|Crunch|p1a: Slowbro\n|-supereffective|p1a: Slowbro\n|-damage|p1a: Slowbro|27\/100\n|move|p1a: Slowbro|Slack Off|p1a: Slowbro\n|-heal|p1a: Slowbro|77\/100\n|\n|upkeep\n|turn|15\n|\n|t:|1700941077\n|move|p2a: Krookodile|Crunch|p1a: Slowbro\n|-supereffective|p1a: Slowbro\n|-damage|p1a: Slowbro|33\/100\n|-unboost|p1a: Slowbro|def|1\n|move|p1a: Slowbro|Slack Off|p1a: Slowbro\n|-heal|p1a: Slowbro|83\/100\n|\n|upkeep\n|turn|16\n|\n|t:|1700941083\n|move|p2a: Krookodile|Crunch|p1a: Slowbro\n|-supereffective|p1a: Slowbro\n|-damage|p1a: Slowbro|25\/100\n|move|p1a: Slowbro|Slack Off|p1a: Slowbro\n|-heal|p1a: Slowbro|75\/100\n|\n|upkeep\n|turn|17\n|\n|t:|1700941090\n|move|p2a: Krookodile|Crunch|p1a: Slowbro\n|-supereffective|p1a: Slowbro\n|-damage|p1a: Slowbro|12\/100\n|move|p1a: Slowbro|Scald|p2a: Krookodile\n|-supereffective|p2a: Krookodile\n|-enditem|p2a: Krookodile|Focus Sash\n|-damage|p2a: Krookodile|1\/100\n|-status|p2a: Krookodile|brn\n|\n|-damage|p2a: Krookodile|0 fnt|[from] brn\n|faint|p2a: Krookodile\n|upkeep\n|\n|t:|1700941105\n|switch|p2a: Bisharp|Bisharp, M|100\/100\n|turn|18\n|\n|t:|1700941110\n|move|p2a: Bisharp|Knock Off|p1a: Slowbro\n|-supereffective|p1a: Slowbro\n|-damage|p1a: Slowbro|0 fnt\n|faint|p1a: Slowbro\n|\n|upkeep\n|\n|t:|1700941114\n|switch|p1a: Victini|Victini|91\/100\n|turn|19\n|\n|t:|1700941120\n|switch|p2a: Bisharp|Bisharp, M|100\/100\n|move|p1a: Victini|V-create|p2a: Bisharp\n|-damage|p2a: Bisharp|0 fnt\n|-unboost|p1a: Victini|spe|1\n|-unboost|p1a: Victini|def|1\n|-unboost|p1a: Victini|spd|1\n|replace|p2a: Zoroark|Zoroark, M\n|-end|p2a: Zoroark|Illusion\n|faint|p2a: Zoroark\n|\n|upkeep\n|\n|t:|1700941123\n|switch|p2a: Bisharp|Bisharp, M|100\/100\n|turn|20\n|\n|t:|1700941138\n|switch|p1a: Gliscor|Gliscor, F|100\/100\n|move|p2a: Bisharp|Knock Off|p1a: Gliscor\n|-damage|p1a: Gliscor|70\/100\n|-enditem|p1a: Gliscor|Toxic Orb|[from] move: Knock Off|[of] p2a: Bisharp\n|\n|upkeep\n|turn|21\n|\n|t:|1700941158\n|-terastallize|p2a: Bisharp|Ghost\n|move|p2a: Bisharp|Rock Polish|p2a: Bisharp\n|-boost|p2a: Bisharp|spe|2\n|move|p1a: Gliscor|Earthquake|p2a: Bisharp\n|-crit|p2a: Bisharp\n|-damage|p2a: Bisharp|65\/100\n|\n|upkeep\n|turn|22\n|\n|t:|1700941166\n|move|p2a: Bisharp|Power-Up Punch|p1a: Gliscor\n|-resisted|p1a: Gliscor\n|-crit|p1a: Gliscor\n|-damage|p1a: Gliscor|64\/100\n|-boost|p2a: Bisharp|atk|1\n|move|p1a: Gliscor|Toxic|p2a: Bisharp\n|-status|p2a: Bisharp|tox\n|\n|-damage|p2a: Bisharp|59\/100 tox|[from] psn\n|upkeep\n|turn|23\n|\n|t:|1700941171\n|move|p2a: Bisharp|Iron Head|p1a: Gliscor\n|-damage|p1a: Gliscor|23\/100\n|cant|p1a: Gliscor|flinch\n|\n|-damage|p2a: Bisharp|47\/100 tox|[from] psn\n|upkeep\n|turn|24\n|n|!Kerbecs Adiot|kerbecsadiot\n|\n|t:|1700941183\n|move|p1a: Gliscor|Protect|p1a: Gliscor\n|-singleturn|p1a: Gliscor|Protect\n|move|p2a: Bisharp|Iron Head|p1a: Gliscor\n|-activate|p1a: Gliscor|move: Protect\n|\n|-damage|p2a: Bisharp|29\/100 tox|[from] psn\n|upkeep\n|turn|25\n|\n|t:|1700941192\n|move|p2a: Bisharp|Iron Head|p1a: Gliscor\n|-damage|p1a: Gliscor|0 fnt\n|faint|p1a: Gliscor\n|\n|-damage|p2a: Bisharp|5\/100 tox|[from] psn\n|upkeep\n|\n|t:|1700941196\n|switch|p1a: Victini|Victini|91\/100\n|turn|26\n|-message|Kerbecs Adiot forfeited.\n|\n|win|Purplecoco\n|raw|Purplecoco's rating: 1153 &rarr; <strong>1174<\/strong><br \/>(+21 for winning)\n|raw|Kerbecs Adiot's rating: 1095 &rarr; <strong>1075<\/strong><br \/>(-20 for losing)\n|l|!Kerbecs Adiot\n","uploadtime":1700941177,"views":4,"p1id":"purplecoco","p2id":"kerbecsadiot","formatid":"gen9nationaldex","rating":1075,"private":0,"password":""}