{"id":"gen9nationaldex-1994952517","p1":"The power of ROCK","p2":"Annihilate TTT","format":"[Gen 9] National Dex","log":"|html|<div class=\"broadcast-blue\"><strong>[Gen 9] National Dex is currently suspecting Sneasler! For information on how to participate check out the <a href=\"https:\/\/www.smogon.com\/forums\/threads\/sv-national-dex-suspect-8-just-dance.3731534\/\">suspect thread<\/a>.<\/strong><\/div>\n|j|\u2606The power of ROCK\n|j|\u2606Annihilate TTT\n|inactive|Battle timer is ON: inactive players will automatically lose when time's up.\n|t:|1700507605\n|gametype|singles\n|player|p1|The power of ROCK|roark|\n|player|p2|Annihilate TTT|wulfric|\n|teamsize|p1|6\n|teamsize|p2|6\n|gen|9\n|tier|[Gen 9] National Dex\n|rated|Tournament battle\n|rule|HP Percentage Mod: HP is shown in percentages\n|rule|Endless Battle Clause: Forcing endless battles is banned\n|rule|OHKO Clause: OHKO moves are banned\n|rule|Evasion Clause: Evasion abilities, items, and moves are banned\n|rule|Evasion Abilities Clause: Evasion abilities are banned\n|rule|Evasion Items Clause: Evasion items are banned\n|rule|Evasion Moves Clause: Evasion moves are banned\n|rule|Species Clause: Limit one of each Pok\u00e9mon\n|rule|Sleep Clause Mod: Limit one foe put to sleep\n|clearpoke\n|poke|p1|Tyranitar, F|\n|poke|p1|Garganacl, F|\n|poke|p1|Aggron, F|\n|poke|p1|Cradily, F|\n|poke|p1|Glimmora, F|\n|poke|p1|Ogerpon-Cornerstone, F|\n|poke|p2|Clodsire, F|\n|poke|p2|Tyranitar, M|\n|poke|p2|Mawile, F|\n|poke|p2|Alomomola, M|\n|poke|p2|Skeledirge, M|\n|poke|p2|Weezing-Galar, M|\n|teampreview\n|c|\u2606The power of ROCK|Welcome to the ROCK gym\n|c|\u2606Annihilate TTT|Oh\n|inactive|Annihilate TTT has 120 seconds left.\n|c|\u2606The power of ROCK|wait\n|c|\u2606The power of ROCK|WAIT\n|c|\u2606Annihilate TTT|this is my first time here\n|c|\u2606The power of ROCK|CHINO\n|c|\u2606The power of ROCK|IS THAT U\n|c|\u2606Annihilate TTT|No\n|c|\u2606The power of ROCK|ITS U\n|inactive|Annihilate TTT has 90 seconds left.\n|c|\u2606The power of ROCK|xD\n|c|\u2606Annihilate TTT|i just copied his name\n|c|\u2606The power of ROCK|liar\n|c|\u2606Annihilate TTT|Erm\n|c|\u2606The power of ROCK|so u copied his name, team and avatat?\n|c|\u2606The power of ROCK|lies\n|j| XXMurdrXX\n|c|\u2606Annihilate TTT|\u2026\u2026\u2026\u2026.\n|inactive|Annihilate TTT has 60 seconds left.\n|c|\u2606Annihilate TTT|\u2026\u2026\u2026\u2026..\n|\n|t:|1700507712\n|start\n|switch|p1a: Ogerpon|Ogerpon-Cornerstone, F|100\/100\n|switch|p2a: Mawile|Mawile, F|100\/100\n|-ability|p2a: Mawile|Intimidate|boost\n|-unboost|p1a: Ogerpon|atk|1\n|turn|1\n|\n|t:|1700507728\n|switch|p1a: Aggron|Aggron, F|100\/100\n|detailschange|p2a: Mawile|Mawile-Mega, F\n|-mega|p2a: Mawile|Mawile|Mawilite\n|move|p2a: Mawile|Fire Fang|p1a: Aggron\n|-damage|p1a: Aggron|81\/100\n|-status|p1a: Aggron|brn\n|\n|-damage|p1a: Aggron|75\/100 brn|[from] brn\n|upkeep\n|turn|2\n|c|\u2606Annihilate TTT|\u2026\u2026.\n|c|\u2606Annihilate TTT|Sorry\n|\n|t:|1700507744\n|switch|p2a: Skeledirge|Skeledirge, M|100\/100\n|detailschange|p1a: Aggron|Aggron-Mega, F\n|-mega|p1a: Aggron|Aggron|Aggronite\n|move|p1a: Aggron|Rest|p1a: Aggron\n|-status|p1a: Aggron|slp|[from] move: Rest\n|-heal|p1a: Aggron|100\/100 slp|[silent]\n|\n|upkeep\n|turn|3\n|c|\u2606The power of ROCK|its ok CHINO\n|j| primataNoCompuiter\n|\n|t:|1700507755\n|switch|p1a: Garganacl|Garganacl, F|100\/100\n|move|p2a: Skeledirge|Torch Song|p1a: Garganacl\n|-resisted|p1a: Garganacl\n|-damage|p1a: Garganacl|91\/100\n|-boost|p2a: Skeledirge|spa|1\n|-enditem|p1a: Garganacl|Maranga Berry|[eat]\n|-boost|p1a: Garganacl|spd|1|[from] item: Maranga Berry\n|\n|upkeep\n|turn|4\n|\n|t:|1700507764\n|move|p2a: Skeledirge|Torch Song|p1a: Garganacl\n|-resisted|p1a: Garganacl\n|-damage|p1a: Garganacl|76\/100\n|-boost|p2a: Skeledirge|spa|1\n|move|p1a: Garganacl|Salt Cure|p2a: Skeledirge\n|-supereffective|p2a: Skeledirge\n|-damage|p2a: Skeledirge|82\/100\n|-start|p2a: Skeledirge|Salt Cure\n|\n|-damage|p2a: Skeledirge|69\/100|[from] Salt Cure\n|upkeep\n|turn|5\n|\n|t:|1700507773\n|move|p2a: Skeledirge|Torch Song|p1a: Garganacl\n|-resisted|p1a: Garganacl\n|-damage|p1a: Garganacl|57\/100\n|-boost|p2a: Skeledirge|spa|1\n|move|p1a: Garganacl|Recover|p1a: Garganacl\n|-heal|p1a: Garganacl|100\/100\n|\n|-damage|p2a: Skeledirge|57\/100|[from] Salt Cure\n|upkeep\n|turn|6\n|\n|t:|1700507780\n|switch|p1a: Tyranitar|Tyranitar, F|100\/100\n|-weather|Sandstorm|[from] ability: Sand Stream|[of] p1a: Tyranitar\n|move|p2a: Skeledirge|Slack Off|p2a: Skeledirge\n|-heal|p2a: Skeledirge|100\/100\n|\n|-weather|Sandstorm|[upkeep]\n|-damage|p2a: Skeledirge|94\/100|[from] Sandstorm\n|-damage|p2a: Skeledirge|82\/100|[from] Salt Cure\n|upkeep\n|turn|7\n|\n|t:|1700507782\n|-terastallize|p2a: Skeledirge|Dragon\n|move|p2a: Skeledirge|Will-O-Wisp|p1a: Tyranitar\n|-status|p1a: Tyranitar|brn\n|move|p1a: Tyranitar|Knock Off|p2a: Skeledirge\n|-damage|p2a: Skeledirge|69\/100\n|-enditem|p2a: Skeledirge|Heavy-Duty Boots|[from] move: Knock Off|[of] p1a: Tyranitar\n|\n|-weather|Sandstorm|[upkeep]\n|-damage|p2a: Skeledirge|63\/100|[from] Sandstorm\n|-damage|p1a: Tyranitar|94\/100 brn|[from] brn\n|-damage|p2a: Skeledirge|50\/100|[from] Salt Cure\n|upkeep\n|turn|8\n|\n|t:|1700507787\n|move|p2a: Skeledirge|Torch Song|p1a: Tyranitar\n|-resisted|p1a: Tyranitar\n|-damage|p1a: Tyranitar|85\/100 brn\n|-boost|p2a: Skeledirge|spa|1\n|move|p1a: Tyranitar|Dragon Tail|p2a: Skeledirge\n|-supereffective|p2a: Skeledirge\n|-damage|p2a: Skeledirge|41\/100\n|drag|p2a: Tyranitar|Tyranitar, M|100\/100\n|\n|-weather|Sandstorm|[upkeep]\n|-damage|p1a: Tyranitar|78\/100 brn|[from] brn\n|upkeep\n|turn|9\n|c|\u2606Annihilate TTT|Nooooooooooooooooooooo\n|inactive|Annihilate TTT has 120 seconds left.\n|c|\u2606Annihilate TTT|Noooooooi\n|\n|t:|1700507827\n|-activate|p1a: Tyranitar|move: Pursuit\n|move|p2a: Tyranitar|Pursuit|p1a: Tyranitar|[from]Pursuit\n|-resisted|p1a: Tyranitar\n|-crit|p1a: Tyranitar\n|-damage|p1a: Tyranitar|50\/100 brn\n|switch|p1a: Aggron|Aggron-Mega, F|100\/100 slp\n|\n|-weather|Sandstorm|[upkeep]\n|upkeep\n|turn|10\n|\n|t:|1700507832\n|switch|p2a: Skeledirge|Skeledirge, M, tera:Dragon|41\/100\n|cant|p1a: Aggron|slp\n|move|p1a: Aggron|Sleep Talk|p1a: Aggron\n|move|p1a: Aggron|Iron Defense|p1a: Aggron|[from]move: Sleep Talk\n|-boost|p1a: Aggron|def|2\n|\n|-weather|none\n|upkeep\n|turn|11\n|\n|t:|1700507843\n|switch|p1a: Ogerpon|Ogerpon-Cornerstone, F|100\/100\n|move|p2a: Skeledirge|Slack Off|p2a: Skeledirge\n|-heal|p2a: Skeledirge|91\/100\n|\n|upkeep\n|turn|12\n|\n|t:|1700507850\n|move|p1a: Ogerpon|Encore|p2a: Skeledirge\n|-start|p2a: Skeledirge|Encore\n|move|p2a: Skeledirge|Slack Off|p2a: Skeledirge\n|-heal|p2a: Skeledirge|100\/100\n|\n|upkeep\n|turn|13\n|\n|t:|1700507852\n|switch|p2a: Mawile|Mawile-Mega, F|100\/100\n|move|p1a: Ogerpon|Spikes|p2a: Mawile\n|-sidestart|p2: Annihilate TTT|Spikes\n|\n|upkeep\n|turn|14\n|\n|t:|1700507856\n|switch|p1a: Aggron|Aggron-Mega, F|100\/100 slp\n|switch|p2a: Skeledirge|Skeledirge, M, tera:Dragon|100\/100\n|-damage|p2a: Skeledirge|88\/100|[from] Spikes\n|\n|upkeep\n|turn|15\n|\n|t:|1700507859\n|switch|p1a: Garganacl|Garganacl, F|100\/100\n|move|p2a: Skeledirge|Torch Song|p1a: Garganacl\n|-resisted|p1a: Garganacl\n|-damage|p1a: Garganacl|91\/100\n|-boost|p2a: Skeledirge|spa|1\n|\n|upkeep\n|turn|16\n|\n|t:|1700507867\n|move|p2a: Skeledirge|Torch Song|p1a: Garganacl\n|-resisted|p1a: Garganacl\n|-damage|p1a: Garganacl|77\/100\n|-boost|p2a: Skeledirge|spa|1\n|move|p1a: Garganacl|Salt Cure|p2a: Skeledirge\n|-damage|p2a: Skeledirge|80\/100\n|-start|p2a: Skeledirge|Salt Cure\n|\n|-damage|p2a: Skeledirge|67\/100|[from] Salt Cure\n|upkeep\n|turn|17\n|\n|t:|1700507870\n|switch|p1a: Tyranitar|Tyranitar, F|50\/100 brn\n|-weather|Sandstorm|[from] ability: Sand Stream|[of] p1a: Tyranitar\n|move|p2a: Skeledirge|Shadow Ball|p1a: Tyranitar\n|-resisted|p1a: Tyranitar\n|-damage|p1a: Tyranitar|42\/100 brn\n|-unboost|p1a: Tyranitar|spd|1\n|\n|-weather|Sandstorm|[upkeep]\n|-damage|p2a: Skeledirge|61\/100|[from] Sandstorm\n|-damage|p1a: Tyranitar|35\/100 brn|[from] brn\n|-damage|p2a: Skeledirge|49\/100|[from] Salt Cure\n|upkeep\n|turn|18\n|\n|t:|1700507875\n|switch|p1a: Ogerpon|Ogerpon-Cornerstone, F|100\/100\n|move|p2a: Skeledirge|Shadow Ball|p1a: Ogerpon\n|-damage|p1a: Ogerpon|51\/100\n|-unboost|p1a: Ogerpon|spd|1\n|\n|-weather|Sandstorm|[upkeep]\n|-damage|p2a: Skeledirge|43\/100|[from] Sandstorm\n|-damage|p2a: Skeledirge|30\/100|[from] Salt Cure\n|upkeep\n|turn|19\n|\n|t:|1700507884\n|switch|p2a: Alomomola|Alomomola, M|100\/100\n|move|p1a: Ogerpon|Ivy Cudgel|p2a: Alomomola|[anim] Ivy Cudgel Rock\n|-crit|p2a: Alomomola\n|-damage|p2a: Alomomola|64\/100\n|\n|-weather|Sandstorm|[upkeep]\n|-damage|p2a: Alomomola|58\/100|[from] Sandstorm\n|upkeep\n|turn|20\n|\n|t:|1700507892\n|switch|p2a: Mawile|Mawile-Mega, F|100\/100\n|-damage|p2a: Mawile|88\/100|[from] Spikes\n|move|p1a: Ogerpon|Leech Seed|p2a: Mawile\n|-start|p2a: Mawile|move: Leech Seed\n|\n|-weather|Sandstorm|[upkeep]\n|-damage|p2a: Mawile|75\/100|[from] Leech Seed|[of] p1a: Ogerpon\n|-heal|p1a: Ogerpon|62\/100|[silent]\n|upkeep\n|turn|21\n|\n|t:|1700507899\n|switch|p1a: Aggron|Aggron-Mega, F|100\/100 slp\n|move|p2a: Mawile|Play Rough|p1a: Aggron|[miss]\n|-miss|p2a: Mawile|p1a: Aggron\n|\n|-weather|none\n|-damage|p2a: Mawile|63\/100|[from] Leech Seed|[of] p1a: Aggron\n|upkeep\n|turn|22\n|\n|t:|1700507903\n|switch|p2a: Alomomola|Alomomola, M|91\/100\n|cant|p1a: Aggron|slp\n|move|p1a: Aggron|Sleep Talk|p1a: Aggron\n|move|p1a: Aggron|Body Press|p2a: Alomomola|[from]move: Sleep Talk\n|-crit|p2a: Alomomola\n|-damage|p2a: Alomomola|53\/100\n|\n|upkeep\n|turn|23\n|\n|t:|1700507922\n|-curestatus|p1a: Aggron|slp|[msg]\n|move|p1a: Aggron|Iron Defense|p1a: Aggron\n|-boost|p1a: Aggron|def|2\n|move|p2a: Alomomola|Wish|p2a: Alomomola\n|\n|upkeep\n|turn|24\n|\n|t:|1700507931\n|move|p1a: Aggron|Body Press|p2a: Alomomola\n|-damage|p2a: Alomomola|5\/100\n|move|p2a: Alomomola|Flip Turn|p1a: Aggron\n|-damage|p1a: Aggron|97\/100\n|\n|t:|1700507934\n|switch|p2a: Weezing|Weezing-Galar, M|100\/100|[from] Flip Turn\n|\n|upkeep\n|turn|25\n|\n|t:|1700507937\n|switch|p1a: Cradily|Cradily, F|100\/100\n|move|p2a: Weezing|Will-O-Wisp|p1a: Cradily\n|-status|p1a: Cradily|brn\n|\n|-damage|p1a: Cradily|94\/100 brn|[from] brn\n|upkeep\n|turn|26\n|\n|t:|1700507945\n|move|p2a: Weezing|Strange Steam|p1a: Cradily\n|-damage|p1a: Cradily|69\/100 brn\n|move|p1a: Cradily|Infestation|p2a: Weezing\n|-resisted|p2a: Weezing\n|-damage|p2a: Weezing|99\/100\n|-activate|p2a: Weezing|move: Infestation|[of] p1a: Cradily\n|\n|-heal|p2a: Weezing|100\/100|[from] item: Black Sludge\n|-damage|p1a: Cradily|63\/100 brn|[from] brn\n|-damage|p2a: Weezing|84\/100|[from] move: Infestation|[partiallytrapped]\n|upkeep\n|turn|27\n|\n|t:|1700507951\n|move|p2a: Weezing|Strange Steam|p1a: Cradily\n|-damage|p1a: Cradily|41\/100 brn\n|move|p1a: Cradily|Block|p2a: Weezing\n|-activate|p2a: Weezing|trapped\n|\n|-heal|p2a: Weezing|90\/100|[from] item: Black Sludge\n|-damage|p1a: Cradily|35\/100 brn|[from] brn\n|-damage|p2a: Weezing|74\/100|[from] move: Infestation|[partiallytrapped]\n|upkeep\n|turn|28\n|\n|t:|1700507958\n|move|p2a: Weezing|Strange Steam|p1a: Cradily\n|-damage|p1a: Cradily|12\/100 brn\n|-start|p1a: Cradily|confusion\n|-activate|p1a: Cradily|confusion\n|move|p1a: Cradily|Rest|p1a: Cradily\n|-status|p1a: Cradily|slp|[from] move: Rest\n|-heal|p1a: Cradily|100\/100 slp|[silent]\n|\n|-heal|p2a: Weezing|80\/100|[from] item: Black Sludge\n|-damage|p2a: Weezing|63\/100|[from] move: Infestation|[partiallytrapped]\n|upkeep\n|turn|29\n|\n|t:|1700507964\n|move|p2a: Weezing|Strange Steam|p1a: Cradily\n|-damage|p1a: Cradily|76\/100 slp\n|cant|p1a: Cradily|slp\n|\n|-heal|p2a: Weezing|69\/100|[from] item: Black Sludge\n|-damage|p2a: Weezing|53\/100|[from] move: Infestation|[partiallytrapped]\n|upkeep\n|turn|30\n|\n|t:|1700507966\n|move|p2a: Weezing|Strange Steam|p1a: Cradily\n|-damage|p1a: Cradily|52\/100 slp\n|cant|p1a: Cradily|slp\n|\n|-heal|p2a: Weezing|59\/100|[from] item: Black Sludge\n|-end|p2a: Weezing|Infestation|[partiallytrapped]\n|upkeep\n|turn|31\n|\n|t:|1700507972\n|move|p2a: Weezing|Strange Steam|p1a: Cradily\n|-damage|p1a: Cradily|28\/100 slp\n|-curestatus|p1a: Cradily|slp|[msg]\n|-end|p1a: Cradily|confusion\n|move|p1a: Cradily|Rest|p1a: Cradily\n|-status|p1a: Cradily|slp|[from] move: Rest\n|-heal|p1a: Cradily|100\/100 slp|[silent]\n|\n|-heal|p2a: Weezing|65\/100|[from] item: Black Sludge\n|upkeep\n|turn|32\n|\n|t:|1700507978\n|move|p2a: Weezing|Defog|p1a: Cradily\n|-unboost|p1a: Cradily|evasion|1\n|-sideend|p2: Annihilate TTT|Spikes|[from] move: Defog|[of] p2a: Weezing\n|cant|p1a: Cradily|slp\n|\n|-heal|p2a: Weezing|71\/100|[from] item: Black Sludge\n|upkeep\n|turn|33\n|\n|t:|1700507981\n|move|p2a: Weezing|Will-O-Wisp||[still]\n|-fail|p2a: Weezing\n|cant|p1a: Cradily|slp\n|\n|-heal|p2a: Weezing|77\/100|[from] item: Black Sludge\n|upkeep\n|turn|34\n|\n|t:|1700507983\n|move|p2a: Weezing|Will-O-Wisp||[still]\n|-fail|p2a: Weezing\n|-curestatus|p1a: Cradily|slp|[msg]\n|move|p1a: Cradily|Leech Seed|p2a: Weezing\n|-start|p2a: Weezing|move: Leech Seed\n|\n|-heal|p2a: Weezing|83\/100|[from] item: Black Sludge\n|-damage|p2a: Weezing|70\/100|[from] Leech Seed|[of] p1a: Cradily\n|upkeep\n|turn|35\n|\n|t:|1700507985\n|move|p2a: Weezing|Will-O-Wisp|p1a: Cradily\n|-status|p1a: Cradily|brn\n|move|p1a: Cradily|Infestation|p2a: Weezing\n|-resisted|p2a: Weezing\n|-damage|p2a: Weezing|69\/100\n|-activate|p2a: Weezing|move: Infestation|[of] p1a: Cradily\n|\n|-heal|p2a: Weezing|75\/100|[from] item: Black Sludge\n|-damage|p2a: Weezing|63\/100|[from] Leech Seed|[of] p1a: Cradily\n|-damage|p1a: Cradily|94\/100 brn|[from] brn\n|-damage|p2a: Weezing|46\/100|[from] move: Infestation|[partiallytrapped]\n|upkeep\n|turn|36\n|\n|t:|1700507990\n|move|p2a: Weezing|Will-O-Wisp|p1a: Cradily\n|-fail|p1a: Cradily|brn\n|move|p1a: Cradily|Infestation|p2a: Weezing\n|-resisted|p2a: Weezing\n|-damage|p2a: Weezing|45\/100\n|\n|-heal|p2a: Weezing|51\/100|[from] item: Black Sludge\n|-damage|p2a: Weezing|39\/100|[from] Leech Seed|[of] p1a: Cradily\n|-heal|p1a: Cradily|100\/100 brn|[silent]\n|-damage|p1a: Cradily|94\/100 brn|[from] brn\n|-damage|p2a: Weezing|23\/100|[from] move: Infestation|[partiallytrapped]\n|upkeep\n|turn|37\n|\n|t:|1700507993\n|move|p2a: Weezing|Will-O-Wisp|p1a: Cradily\n|-fail|p1a: Cradily|brn\n|move|p1a: Cradily|Infestation|p2a: Weezing\n|-resisted|p2a: Weezing\n|-damage|p2a: Weezing|21\/100\n|\n|-heal|p2a: Weezing|27\/100|[from] item: Black Sludge\n|-damage|p2a: Weezing|15\/100|[from] Leech Seed|[of] p1a: Cradily\n|-heal|p1a: Cradily|100\/100 brn|[silent]\n|-damage|p1a: Cradily|94\/100 brn|[from] brn\n|-damage|p2a: Weezing|0 fnt|[from] move: Infestation|[partiallytrapped]\n|faint|p2a: Weezing\n|upkeep\n|c|\u2606Annihilate TTT|Oh no\n|c|\u2606Annihilate TTT|this\n|c|\u2606Annihilate TTT|this can\u2019t be\n|\n|t:|1700508016\n|switch|p2a: Mawile|Mawile-Mega, F|63\/100\n|turn|38\n|\n|t:|1700508019\n|switch|p2a: Skeledirge|Skeledirge, M, tera:Dragon|30\/100\n|switch|p1a: Aggron|Aggron-Mega, F|97\/100\n|\n|upkeep\n|turn|39\n|\n|t:|1700508025\n|switch|p1a: Ogerpon|Ogerpon-Cornerstone, F|62\/100\n|move|p2a: Skeledirge|Slack Off|p2a: Skeledirge\n|-heal|p2a: Skeledirge|81\/100\n|\n|upkeep\n|turn|40\n|\n|t:|1700508030\n|switch|p2a: Mawile|Mawile-Mega, F|63\/100\n|move|p1a: Ogerpon|Encore||[still]\n|-fail|p1a: Ogerpon\n|\n|upkeep\n|turn|41\n|\n|t:|1700508038\n|move|p1a: Ogerpon|Spikes|p2a: Mawile\n|-sidestart|p2: Annihilate TTT|Spikes\n|move|p2a: Mawile|Play Rough|p1a: Ogerpon\n|-damage|p1a: Ogerpon|0 fnt\n|faint|p1a: Ogerpon\n|\n|upkeep\n|\n|t:|1700508044\n|switch|p1a: Glimmora|Glimmora, F|100\/100\n|turn|42\n|\n|t:|1700508047\n|switch|p2a: Clodsire|Clodsire, F|100\/100\n|move|p1a: Glimmora|Earth Power|p2a: Clodsire\n|-supereffective|p2a: Clodsire\n|-damage|p2a: Clodsire|65\/100\n|\n|upkeep\n|turn|43\n|\n|t:|1700508055\n|switch|p1a: Cradily|Cradily, F|94\/100 brn\n|move|p2a: Clodsire|Recover|p2a: Clodsire\n|-heal|p2a: Clodsire|100\/100\n|\n|-damage|p1a: Cradily|88\/100 brn|[from] brn\n|upkeep\n|turn|44\n|\n|t:|1700508065\n|move|p1a: Cradily|Leech Seed|p2a: Clodsire\n|-start|p2a: Clodsire|move: Leech Seed\n|move|p2a: Clodsire|Stealth Rock|p1a: Cradily\n|-sidestart|p1: The power of ROCK|move: Stealth Rock\n|\n|-damage|p2a: Clodsire|88\/100|[from] Leech Seed|[of] p1a: Cradily\n|-heal|p1a: Cradily|100\/100 brn|[silent]\n|-damage|p1a: Cradily|94\/100 brn|[from] brn\n|upkeep\n|turn|45\n|\n|t:|1700508071\n|switch|p2a: Alomomola|Alomomola, M|38\/100\n|move|p1a: Cradily|Infestation|p2a: Alomomola\n|-damage|p2a: Alomomola|34\/100\n|-activate|p2a: Alomomola|move: Infestation|[of] p1a: Cradily\n|\n|-damage|p1a: Cradily|88\/100 brn|[from] brn\n|-damage|p2a: Alomomola|18\/100|[from] move: Infestation|[partiallytrapped]\n|upkeep\n|turn|46\n|\n|t:|1700508076\n|move|p1a: Cradily|Leech Seed|p2a: Alomomola\n|-start|p2a: Alomomola|move: Leech Seed\n|move|p2a: Alomomola|Wish|p2a: Alomomola\n|\n|-damage|p2a: Alomomola|5\/100|[from] Leech Seed|[of] p1a: Cradily\n|-heal|p1a: Cradily|100\/100 brn|[silent]\n|-damage|p1a: Cradily|94\/100 brn|[from] brn\n|-damage|p2a: Alomomola|0 fnt|[from] move: Infestation|[partiallytrapped]\n|faint|p2a: Alomomola\n|upkeep\n|\n|t:|1700508080\n|switch|p2a: Skeledirge|Skeledirge, M, tera:Dragon|81\/100\n|-damage|p2a: Skeledirge|68\/100|[from] Spikes\n|turn|47\n|\n|t:|1700508082\n|move|p2a: Skeledirge|Torch Song|p1a: Cradily\n|-damage|p1a: Cradily|69\/100 brn\n|-boost|p2a: Skeledirge|spa|1\n|move|p1a: Cradily|Leech Seed|p2a: Skeledirge\n|-start|p2a: Skeledirge|move: Leech Seed\n|\n|-heal|p2a: Skeledirge|100\/100|[from] move: Wish|[wisher] Alomomola\n|-damage|p2a: Skeledirge|88\/100|[from] Leech Seed|[of] p1a: Cradily\n|-heal|p1a: Cradily|83\/100 brn|[silent]\n|-damage|p1a: Cradily|77\/100 brn|[from] brn\n|upkeep\n|turn|48\n|\n|t:|1700508088\n|switch|p1a: Tyranitar|Tyranitar, F|35\/100 brn\n|-damage|p1a: Tyranitar|23\/100 brn|[from] Stealth Rock\n|-weather|Sandstorm|[from] ability: Sand Stream|[of] p1a: Tyranitar\n|move|p2a: Skeledirge|Torch Song|p1a: Tyranitar\n|-resisted|p1a: Tyranitar\n|-damage|p1a: Tyranitar|17\/100 brn\n|-boost|p2a: Skeledirge|spa|1\n|\n|-weather|Sandstorm|[upkeep]\n|-damage|p2a: Skeledirge|82\/100|[from] Sandstorm\n|-damage|p2a: Skeledirge|70\/100|[from] Leech Seed|[of] p1a: Tyranitar\n|-heal|p1a: Tyranitar|29\/100 brn|[silent]\n|-damage|p1a: Tyranitar|23\/100 brn|[from] brn\n|upkeep\n|turn|49\n|\n|t:|1700508092\n|switch|p1a: Garganacl|Garganacl, F|77\/100\n|-damage|p1a: Garganacl|64\/100|[from] Stealth Rock\n|move|p2a: Skeledirge|Torch Song|p1a: Garganacl\n|-resisted|p1a: Garganacl\n|-damage|p1a: Garganacl|51\/100\n|-boost|p2a: Skeledirge|spa|1\n|\n|-weather|Sandstorm|[upkeep]\n|-damage|p2a: Skeledirge|64\/100|[from] Sandstorm\n|-damage|p2a: Skeledirge|51\/100|[from] Leech Seed|[of] p1a: Garganacl\n|-heal|p1a: Garganacl|64\/100|[silent]\n|upkeep\n|turn|50\n|\n|t:|1700508095\n|move|p2a: Skeledirge|Shadow Ball|p1a: Garganacl\n|-damage|p1a: Garganacl|47\/100\n|move|p1a: Garganacl|Salt Cure|p2a: Skeledirge\n|-crit|p2a: Skeledirge\n|-damage|p2a: Skeledirge|38\/100\n|-start|p2a: Skeledirge|Salt Cure\n|\n|-weather|Sandstorm|[upkeep]\n|-damage|p2a: Skeledirge|32\/100|[from] Sandstorm\n|-damage|p2a: Skeledirge|20\/100|[from] Leech Seed|[of] p1a: Garganacl\n|-heal|p1a: Garganacl|60\/100|[silent]\n|-damage|p2a: Skeledirge|8\/100|[from] Salt Cure\n|upkeep\n|turn|51\n|\n|t:|1700508097\n|move|p2a: Skeledirge|Slack Off|p2a: Skeledirge\n|-heal|p2a: Skeledirge|58\/100\n|move|p1a: Garganacl|Recover|p1a: Garganacl\n|-heal|p1a: Garganacl|100\/100\n|\n|-weather|Sandstorm|[upkeep]\n|-damage|p2a: Skeledirge|52\/100|[from] Sandstorm\n|-damage|p2a: Skeledirge|39\/100|[from] Leech Seed|[of] p1a: Garganacl\n|-damage|p2a: Skeledirge|27\/100|[from] Salt Cure\n|upkeep\n|turn|52\n|\n|t:|1700508099\n|move|p2a: Skeledirge|Slack Off|p2a: Skeledirge\n|-heal|p2a: Skeledirge|77\/100\n|move|p1a: Garganacl|Salt Cure|p2a: Skeledirge\n|-damage|p2a: Skeledirge|68\/100\n|\n|-weather|none\n|-damage|p2a: Skeledirge|55\/100|[from] Leech Seed|[of] p1a: Garganacl\n|-damage|p2a: Skeledirge|43\/100|[from] Salt Cure\n|upkeep\n|turn|53\n|\n|t:|1700508102\n|move|p2a: Skeledirge|Slack Off|p2a: Skeledirge\n|-heal|p2a: Skeledirge|93\/100\n|move|p1a: Garganacl|Body Press|p2a: Skeledirge\n|-damage|p2a: Skeledirge|79\/100\n|\n|-damage|p2a: Skeledirge|66\/100|[from] Leech Seed|[of] p1a: Garganacl\n|-damage|p2a: Skeledirge|54\/100|[from] Salt Cure\n|upkeep\n|turn|54\n|\n|t:|1700508106\n|move|p2a: Skeledirge|Shadow Ball|p1a: Garganacl\n|-damage|p1a: Garganacl|75\/100\n|move|p1a: Garganacl|Body Press|p2a: Skeledirge\n|-damage|p2a: Skeledirge|40\/100\n|\n|-damage|p2a: Skeledirge|28\/100|[from] Leech Seed|[of] p1a: Garganacl\n|-heal|p1a: Garganacl|87\/100|[silent]\n|-damage|p2a: Skeledirge|15\/100|[from] Salt Cure\n|upkeep\n|turn|55\n|\n|t:|1700508108\n|move|p2a: Skeledirge|Shadow Ball|p1a: Garganacl\n|-damage|p1a: Garganacl|63\/100\n|move|p1a: Garganacl|Salt Cure|p2a: Skeledirge\n|-damage|p2a: Skeledirge|6\/100\n|\n|-damage|p2a: Skeledirge|0 fnt|[from] Leech Seed|[of] p1a: Garganacl\n|-heal|p1a: Garganacl|69\/100|[silent]\n|faint|p2a: Skeledirge\n|upkeep\n|\n|t:|1700508113\n|switch|p2a: Mawile|Mawile-Mega, F|63\/100\n|-damage|p2a: Mawile|50\/100|[from] Spikes\n|turn|56\n|\n|t:|1700508117\n|switch|p1a: Aggron|Aggron-Mega, F|97\/100\n|-damage|p1a: Aggron|91\/100|[from] Stealth Rock\n|move|p2a: Mawile|Play Rough|p1a: Aggron\n|-resisted|p1a: Aggron\n|-damage|p1a: Aggron|74\/100\n|\n|upkeep\n|turn|57\n|\n|t:|1700508120\n|move|p2a: Mawile|Play Rough|p1a: Aggron\n|-resisted|p1a: Aggron\n|-damage|p1a: Aggron|59\/100\n|move|p1a: Aggron|Body Press|p2a: Mawile\n|-damage|p2a: Mawile|0 fnt\n|faint|p2a: Mawile\n|\n|upkeep\n|\n|t:|1700508126\n|switch|p2a: Tyranitar|Tyranitar, M|100\/100\n|-damage|p2a: Tyranitar|88\/100|[from] Spikes\n|-weather|Sandstorm|[from] ability: Sand Stream|[of] p2a: Tyranitar\n|turn|58\n|\n|t:|1700508129\n|move|p2a: Tyranitar|Earthquake|p1a: Aggron\n|-supereffective|p1a: Aggron\n|-damage|p1a: Aggron|37\/100\n|move|p1a: Aggron|Body Press|p2a: Tyranitar\n|-supereffective|p2a: Tyranitar\n|-damage|p2a: Tyranitar|0 fnt\n|faint|p2a: Tyranitar\n|\n|-weather|Sandstorm|[upkeep]\n|upkeep\n|\n|t:|1700508135\n|switch|p2a: Clodsire|Clodsire, F|88\/100\n|turn|59\n|c|\u2606Annihilate TTT|\u2026\u2026\n|c|\u2606Annihilate TTT|do I still get a rock badge\n|c|\u2606The power of ROCK|LMAO\n|\n|t:|1700508160\n|switch|p1a: Cradily|Cradily, F|77\/100 brn\n|-damage|p1a: Cradily|64\/100 brn|[from] Stealth Rock\n|move|p2a: Clodsire|Earthquake|p1a: Cradily\n|-damage|p1a: Cradily|45\/100 brn\n|\n|-weather|Sandstorm|[upkeep]\n|-damage|p1a: Cradily|39\/100 brn|[from] brn\n|upkeep\n|turn|60\n|c|\u2606The power of ROCK|you have already beat me like 10 times\n|\n|t:|1700508170\n|move|p1a: Cradily|Leech Seed|p2a: Clodsire\n|-start|p2a: Clodsire|move: Leech Seed\n|move|p2a: Clodsire|Earthquake|p1a: Cradily\n|-damage|p1a: Cradily|21\/100 brn\n|\n|-weather|Sandstorm|[upkeep]\n|-damage|p2a: Clodsire|75\/100|[from] Leech Seed|[of] p1a: Cradily\n|-heal|p1a: Cradily|37\/100 brn|[silent]\n|-damage|p1a: Cradily|31\/100 brn|[from] brn\n|upkeep\n|turn|61\n|c|\u2606Annihilate TTT|What happened\n|c|\u2606Annihilate TTT|how\u2019d I lose so badly\n|c|\u2606The power of ROCK|i added ogerpon\n|\n|t:|1700508196\n|move|p1a: Cradily|Rest|p1a: Cradily\n|-status|p1a: Cradily|slp|[from] move: Rest\n|-heal|p1a: Cradily|100\/100 slp|[silent]\n|move|p2a: Clodsire|Earthquake|p1a: Cradily\n|-damage|p1a: Cradily|83\/100 slp\n|\n|-weather|Sandstorm|[upkeep]\n|-damage|p2a: Clodsire|63\/100|[from] Leech Seed|[of] p1a: Cradily\n|-heal|p1a: Cradily|98\/100 slp|[silent]\n|upkeep\n|turn|62\n|c|\u2606The power of ROCK|its good xD\n|\n|t:|1700508204\n|cant|p1a: Cradily|slp\n|move|p2a: Clodsire|Earthquake|p1a: Cradily\n|-damage|p1a: Cradily|80\/100 slp\n|\n|-weather|none\n|-damage|p2a: Clodsire|50\/100|[from] Leech Seed|[of] p1a: Cradily\n|-heal|p1a: Cradily|95\/100 slp|[silent]\n|upkeep\n|turn|63\n|c|\u2606Annihilate TTT|Yh\n|c|\u2606Annihilate TTT|your team is so good it\u2019s scary\n|c|\u2606The power of ROCK|lol thx xD\n|c|\u2606Annihilate TTT|its like reds team\n|inactive|Annihilate TTT has 120 seconds left.\n|c|\u2606Annihilate TTT|teams that shouldn\u2019t be good but are\n|c|\u2606The power of ROCK|yep but red 6-0'd me\n|\n|t:|1700508237\n|cant|p1a: Cradily|slp\n|move|p2a: Clodsire|Earthquake|p1a: Cradily\n|-damage|p1a: Cradily|78\/100 slp\n|\n|-damage|p2a: Clodsire|38\/100|[from] Leech Seed|[of] p1a: Cradily\n|-heal|p1a: Cradily|94\/100 slp|[silent]\n|upkeep\n|turn|64\n|c|\u2606Annihilate TTT|Ggs:(\n|c|\u2606The power of ROCK|red is better for now\n|c|\u2606The power of ROCK|gg\n|\n|t:|1700508248\n|-curestatus|p1a: Cradily|slp|[msg]\n|move|p1a: Cradily|Infestation|p2a: Clodsire\n|-resisted|p2a: Clodsire\n|-damage|p2a: Clodsire|37\/100\n|-activate|p2a: Clodsire|move: Infestation|[of] p1a: Cradily\n|move|p2a: Clodsire|Earthquake|p1a: Cradily\n|-crit|p1a: Cradily\n|-damage|p1a: Cradily|65\/100\n|\n|-damage|p2a: Clodsire|25\/100|[from] Leech Seed|[of] p1a: Cradily\n|-heal|p1a: Cradily|81\/100|[silent]\n|-damage|p2a: Clodsire|8\/100|[from] move: Infestation|[partiallytrapped]\n|upkeep\n|turn|65\n|c|\u2606Annihilate TTT|For now\n|\n|t:|1700508253\n|move|p1a: Cradily|Infestation|p2a: Clodsire\n|-resisted|p2a: Clodsire\n|-damage|p2a: Clodsire|7\/100\n|move|p2a: Clodsire|Earthquake|p1a: Cradily\n|-damage|p1a: Cradily|64\/100\n|\n|-damage|p2a: Clodsire|0 fnt|[from] Leech Seed|[of] p1a: Cradily\n|-heal|p1a: Cradily|72\/100|[silent]\n|faint|p2a: Clodsire\n|\n|win|The power of ROCK\n|upkeep\n|n|\u2606The power of ROCK|thepowerofrock\n|n|\u2606Annihilate TTT|annihilatettt\n|n| XXMurdrXX|xxmurdrxx\n|n| primataNoCompuiter|primatanocompuiter\n","uploadtime":1700508263,"views":5,"p1id":"thepowerofrock","p2id":"annihilatettt","formatid":"gen9nationaldex","rating":0,"private":0,"password":""}