{"id":"gen9nationaldex-1996872626","p1":"jean Luc michel","p2":"Necrozminator","format":"[Gen 9] National Dex","log":"|html|<div class=\"broadcast-blue\"><strong>[Gen 9] National Dex is currently suspecting Sneasler! For information on how to participate check out the <a href=\"https:\/\/www.smogon.com\/forums\/threads\/sv-national-dex-suspect-8-just-dance.3731534\/\">suspect thread<\/a>.<\/strong><\/div>\n|j|\u2606jean Luc michel\n|j|\u2606Necrozminator\n|t:|1700738470\n|gametype|singles\n|player|p1|jean Luc michel|scientist-gen4|1072\n|player|p2|Necrozminator|will|1151\n|teamsize|p1|6\n|teamsize|p2|6\n|gen|9\n|tier|[Gen 9] National Dex\n|rated|\n|rule|HP Percentage Mod: HP is shown in percentages\n|rule|Endless Battle Clause: Forcing endless battles is banned\n|rule|OHKO Clause: OHKO moves are banned\n|rule|Evasion Clause: Evasion abilities, items, and moves are banned\n|rule|Evasion Abilities Clause: Evasion abilities are banned\n|rule|Evasion Items Clause: Evasion items are banned\n|rule|Evasion Moves Clause: Evasion moves are banned\n|rule|Species Clause: Limit one of each Pok\u00e9mon\n|rule|Sleep Clause Mod: Limit one foe put to sleep\n|clearpoke\n|poke|p1|Minior|\n|poke|p1|Arcanine-Hisui, M|\n|poke|p1|Pikachu-World, M|\n|poke|p1|Enamorus-Therian, F|\n|poke|p1|Emolga, F|\n|poke|p1|Lopunny, M|\n|poke|p2|Ditto|\n|poke|p2|Zebstrika, F|\n|poke|p2|Carnivine, M|\n|poke|p2|Meloetta|\n|poke|p2|Kingler, F|\n|poke|p2|Ursaring, M|\n|teampreview\n|inactive|Battle timer is ON: inactive players will automatically lose when time's up. (requested by Necrozminator)\n|\n|t:|1700738487\n|start\n|switch|p1a: Minior|Minior, shiny|100\/100\n|switch|p2a: Zebstrika|Zebstrika, F|100\/100\n|-formechange|p1a: Minior|Minior-Meteor||[from] ability: Shields Down\n|turn|1\n|\n|t:|1700738503\n|move|p2a: Zebstrika|Wild Charge|p1a: Minior\n|-supereffective|p1a: Minior\n|-damage|p1a: Minior|0 fnt\n|faint|p1a: Minior\n|-damage|p2a: Zebstrika|78\/100|[from] Recoil\n|\n|-heal|p2a: Zebstrika|84\/100|[from] item: Leftovers\n|upkeep\n|\n|t:|1700738511\n|switch|p1a: Lopunny|Lopunny, M|100\/100\n|turn|2\n|\n|t:|1700738528\n|detailschange|p1a: Lopunny|Lopunny-Mega, M\n|-mega|p1a: Lopunny|Lopunny|Lopunnite\n|move|p1a: Lopunny|Fake Out|p2a: Zebstrika\n|-damage|p2a: Zebstrika|50\/100\n|cant|p2a: Zebstrika|flinch\n|\n|-heal|p2a: Zebstrika|56\/100|[from] item: Leftovers\n|upkeep\n|turn|3\n|\n|t:|1700738543\n|switch|p2a: Kingler|Kingler, F|100\/100\n|move|p1a: Lopunny|Return|p2a: Kingler\n|-damage|p2a: Kingler|31\/100\n|\n|upkeep\n|turn|4\n|inactive|jean Luc michel has 120 seconds left.\n|\n|t:|1700738565\n|move|p1a: Lopunny|U-turn|p2a: Kingler\n|-damage|p2a: Kingler|0 fnt\n|faint|p2a: Kingler\n|inactive|jean Luc michel has 120 seconds left.\n|\n|t:|1700738572\n|switch|p1a: Emolga|Emolga, F, shiny|100\/100|[from] U-turn\n|\n|upkeep\n|\n|t:|1700738577\n|switch|p2a: Carnivine|Carnivine, M, shiny|100\/100\n|turn|5\n|\n|t:|1700738584\n|-terastallize|p2a: Carnivine|Electric\n|move|p1a: Emolga|Air Slash|p2a: Carnivine|[miss]\n|-miss|p1a: Emolga|p2a: Carnivine\n|move|p2a: Carnivine|Substitute|p2a: Carnivine\n|-start|p2a: Carnivine|Substitute\n|-damage|p2a: Carnivine|75\/100\n|\n|-heal|p2a: Carnivine|82\/100|[from] item: Leftovers\n|upkeep\n|turn|6\n|\n|t:|1700738598\n|move|p1a: Emolga|Air Slash|p2a: Carnivine\n|-resisted|p2a: Carnivine\n|-activate|p2a: Carnivine|move: Substitute|[damage]\n|move|p2a: Carnivine|Leech Seed|p1a: Emolga\n|-start|p1a: Emolga|move: Leech Seed\n|\n|-heal|p2a: Carnivine|88\/100|[from] item: Leftovers\n|-damage|p1a: Emolga|88\/100|[from] Leech Seed|[of] p2a: Carnivine\n|-heal|p2a: Carnivine|97\/100|[silent]\n|upkeep\n|turn|7\n|\n|t:|1700738608\n|move|p1a: Emolga|U-turn|p2a: Carnivine\n|-end|p2a: Carnivine|Substitute\n|\n|t:|1700738612\n|switch|p1a: Arcanine|Arcanine-Hisui, M, shiny|100\/100|[from] U-turn\n|move|p2a: Carnivine|Swords Dance|p2a: Carnivine\n|-boost|p2a: Carnivine|atk|2\n|\n|-heal|p2a: Carnivine|100\/100|[from] item: Leftovers\n|upkeep\n|turn|8\n|\n|t:|1700738633\n|move|p1a: Arcanine|Head Smash|p2a: Carnivine\n|-damage|p2a: Carnivine|0 fnt\n|faint|p2a: Carnivine\n|\n|upkeep\n|\n|t:|1700738640\n|switch|p2a: Meloetta|Meloetta|100\/100\n|turn|9\n|\n|t:|1700738645\n|move|p1a: Arcanine|Head Smash|p2a: Meloetta|[miss]\n|-miss|p1a: Arcanine|p2a: Meloetta\n|move|p2a: Meloetta|Focus Blast|p1a: Arcanine\n|-supereffective|p1a: Arcanine\n|-damage|p1a: Arcanine|0 fnt\n|faint|p1a: Arcanine\n|\n|upkeep\n|\n|t:|1700738658\n|switch|p1a: Lopunny|Lopunny-Mega, M|100\/100\n|turn|10\n|\n|t:|1700738671\n|switch|p2a: Ditto|Ditto|100\/100\n|-transform|p2a: Ditto|p1a: Lopunny|[from] ability: Imposter\n|move|p1a: Lopunny|Fake Out|p2a: Ditto\n|-damage|p2a: Ditto|73\/100\n|\n|upkeep\n|turn|11\n|\n|t:|1700738690\n|switch|p1a: Enamorus|Enamorus-Therian, F, shiny|100\/100\n|move|p2a: Ditto|Return|p1a: Enamorus\n|-crit|p1a: Enamorus\n|-damage|p1a: Enamorus|27\/100\n|\n|-heal|p1a: Enamorus|33\/100|[from] item: Leftovers\n|upkeep\n|turn|12\n|\n|t:|1700738706\n|move|p2a: Ditto|Return|p1a: Enamorus\n|-damage|p1a: Enamorus|0 fnt\n|faint|p1a: Enamorus\n|\n|upkeep\n|\n|t:|1700738712\n|switch|p1a: Pikachu|Pikachu-World, M|100\/100\n|turn|13\n|\n|t:|1700738720\n|move|p2a: Ditto|Return|p1a: Pikachu\n|-damage|p1a: Pikachu|0 fnt\n|faint|p1a: Pikachu\n|\n|upkeep\n|\n|t:|1700738727\n|switch|p1a: Lopunny|Lopunny-Mega, M|100\/100\n|turn|14\n|\n|t:|1700738731\n|move|p1a: Lopunny|Fake Out|p2a: Ditto\n|-damage|p2a: Ditto|46\/100\n|cant|p2a: Ditto|flinch\n|\n|upkeep\n|turn|15\n|\n|t:|1700738738\n|move|p2a: Ditto|Return|p1a: Lopunny\n|-damage|p1a: Lopunny|29\/100\n|move|p1a: Lopunny|Thunder Punch|p2a: Ditto\n|-damage|p2a: Ditto|12\/100\n|\n|upkeep\n|turn|16\n|\n|t:|1700738746\n|switch|p1a: Emolga|Emolga, F, shiny|88\/100\n|move|p2a: Ditto|Return|p1a: Emolga\n|-damage|p1a: Emolga|0 fnt\n|faint|p1a: Emolga\n|\n|upkeep\n|\n|t:|1700738755\n|switch|p1a: Lopunny|Lopunny-Mega, M|29\/100\n|turn|17\n|\n|t:|1700738759\n|switch|p2a: Zebstrika|Zebstrika, F|56\/100\n|move|p1a: Lopunny|Fake Out|p2a: Zebstrika\n|-damage|p2a: Zebstrika|22\/100\n|\n|-heal|p2a: Zebstrika|28\/100|[from] item: Leftovers\n|upkeep\n|turn|18\n|\n|t:|1700738768\n|move|p2a: Zebstrika|Quick Attack|p1a: Lopunny\n|-damage|p1a: Lopunny|10\/100\n|move|p1a: Lopunny|Return|p2a: Zebstrika\n|-damage|p2a: Zebstrika|0 fnt\n|faint|p2a: Zebstrika\n|\n|upkeep\n|\n|t:|1700738773\n|switch|p2a: Ditto|Ditto|12\/100\n|-transform|p2a: Ditto|p1a: Lopunny|[from] ability: Imposter\n|turn|19\n|\n|t:|1700738781\n|move|p2a: Ditto|Fake Out|p1a: Lopunny\n|-damage|p1a: Lopunny|0 fnt\n|faint|p1a: Lopunny\n|\n|win|Necrozminator\n|raw|jean Luc michel's rating: 1072 &rarr; <strong>1056<\/strong><br \/>(-16 for losing)\n|raw|Necrozminator's rating: 1151 &rarr; <strong>1170<\/strong><br \/>(+19 for winning)\n|c|\u2606jean Luc michel|Gg\n|c|\u2606Necrozminator|GG\n","uploadtime":1700738811,"views":0,"p1id":"jeanlucmichel","p2id":"necrozminator","formatid":"gen9nationaldex","rating":1056,"private":0,"password":""}