{"id":"gen9nationaldex-1996777040","p1":"mantidfly","p2":"bunniiiiiis","format":"[Gen 9] National Dex","log":"|html|<div class=\"broadcast-blue\"><strong>[Gen 9] National Dex is currently suspecting Sneasler! For information on how to participate check out the <a href=\"https:\/\/www.smogon.com\/forums\/threads\/sv-national-dex-suspect-8-just-dance.3731534\/\">suspect thread<\/a>.<\/strong><\/div>\n|j|\u2606mantidfly\n|j|\u2606bunniiiiiis\n|t:|1700723556\n|gametype|singles\n|player|p1|mantidfly|policeman-gen4|1089\n|player|p2|bunniiiiiis|lady|1210\n|teamsize|p1|6\n|teamsize|p2|6\n|gen|9\n|tier|[Gen 9] National Dex\n|rated|\n|rule|HP Percentage Mod: HP is shown in percentages\n|rule|Endless Battle Clause: Forcing endless battles is banned\n|rule|OHKO Clause: OHKO moves are banned\n|rule|Evasion Clause: Evasion abilities, items, and moves are banned\n|rule|Evasion Abilities Clause: Evasion abilities are banned\n|rule|Evasion Items Clause: Evasion items are banned\n|rule|Evasion Moves Clause: Evasion moves are banned\n|rule|Species Clause: Limit one of each Pok\u00e9mon\n|rule|Sleep Clause Mod: Limit one foe put to sleep\n|clearpoke\n|poke|p1|Quaquaval, F|\n|poke|p1|Sceptile, F|\n|poke|p1|Weavile, M|\n|poke|p1|Scizor, F|\n|poke|p1|Murkrow, F|\n|poke|p1|Slurpuff, F|\n|poke|p2|Lopunny, F|\n|poke|p2|Tapu Fini|\n|poke|p2|Ceruledge, M|\n|poke|p2|Meowscarada, F|\n|poke|p2|Ribombee, F|\n|poke|p2|Gliscor, F|\n|teampreview\n|c|\u2606mantidfly|Glhf\n|inactive|Battle timer is ON: inactive players will automatically lose when time's up. (requested by mantidfly)\n|\n|t:|1700723571\n|start\n|switch|p1a: Slurpuff|Slurpuff, F|100\/100\n|switch|p2a: Gliscor|Gliscor, F|100\/100\n|turn|1\n|\n|t:|1700723580\n|move|p2a: Gliscor|Toxic|p1a: Slurpuff\n|-status|p1a: Slurpuff|tox\n|move|p1a: Slurpuff|Belly Drum|p1a: Slurpuff\n|-damage|p1a: Slurpuff|50\/100 tox\n|-setboost|p1a: Slurpuff|atk|6|[from] move: Belly Drum\n|-enditem|p1a: Slurpuff|Sitrus Berry|[eat]\n|-heal|p1a: Slurpuff|75\/100 tox|[from] item: Sitrus Berry\n|\n|-damage|p1a: Slurpuff|69\/100 tox|[from] psn\n|-status|p2a: Gliscor|tox|[from] item: Toxic Orb\n|upkeep\n|turn|2\n|c|\u2606bunniiiiiis|glhf\n|\n|t:|1700723597\n|move|p1a: Slurpuff|Play Rough|p2a: Gliscor|[miss]\n|-miss|p1a: Slurpuff|p2a: Gliscor\n|move|p2a: Gliscor|Roost||[still]\n|-fail|p2a: Gliscor|heal\n|\n|-damage|p1a: Slurpuff|57\/100 tox|[from] psn\n|upkeep\n|turn|3\n|\n|t:|1700723609\n|switch|p2a: cherry|Ribombee, F, shiny|100\/100\n|move|p1a: Slurpuff|Play Rough|p2a: cherry\n|-enditem|p2a: cherry|Focus Sash\n|-damage|p2a: cherry|1\/100\n|\n|-damage|p1a: Slurpuff|38\/100 tox|[from] psn\n|upkeep\n|turn|4\n|\n|t:|1700723620\n|move|p1a: Slurpuff|Play Rough|p2a: cherry\n|-damage|p2a: cherry|0 fnt\n|faint|p2a: cherry\n|\n|-damage|p1a: Slurpuff|13\/100 tox|[from] psn\n|upkeep\n|\n|t:|1700723630\n|switch|p2a: maryjane|Meowscarada, F|100\/100\n|turn|5\n|\n|t:|1700723636\n|move|p1a: Slurpuff|Drain Punch|p2a: maryjane\n|-supereffective|p2a: maryjane\n|-damage|p2a: maryjane|0 fnt\n|-heal|p1a: Slurpuff|61\/100 tox|[from] drain|[of] p2a: maryjane\n|faint|p2a: maryjane\n|\n|-damage|p1a: Slurpuff|30\/100 tox|[from] psn\n|upkeep\n|c|\u2606bunniiiiiis|oh she\u2019s fast\n|\n|t:|1700723655\n|switch|p2a: fruit punch|Lopunny, F, shiny|100\/100\n|turn|6\n|\n|t:|1700723665\n|detailschange|p2a: fruit punch|Lopunny-Mega, F, shiny\n|-mega|p2a: fruit punch|Lopunny|Lopunnite\n|move|p2a: fruit punch|Fake Out|p1a: Slurpuff\n|-damage|p1a: Slurpuff|3\/100 tox\n|cant|p1a: Slurpuff|flinch\n|\n|-damage|p1a: Slurpuff|0 fnt|[from] psn\n|faint|p1a: Slurpuff\n|upkeep\n|c|\u2606mantidfly|Nuce\n|inactive|mantidfly has 120 seconds left.\n|\n|t:|1700723709\n|switch|p1a: Murkrow|Murkrow, F|100\/100\n|turn|7\n|\n|t:|1700723714\n|move|p1a: Murkrow|Rain Dance|p1a: Murkrow\n|-weather|RainDance\n|move|p2a: fruit punch|U-turn|p1a: Murkrow\n|-damage|p1a: Murkrow|58\/100\n|\n|t:|1700723717\n|switch|p2a: Gliscor|Gliscor, F|100\/100 tox|[from] U-turn\n|\n|-weather|RainDance|[upkeep]\n|upkeep\n|turn|8\n|\n|t:|1700723725\n|move|p1a: Murkrow|Calm Mind|p1a: Murkrow\n|-boost|p1a: Murkrow|spa|1\n|-boost|p1a: Murkrow|spd|1\n|move|p2a: Gliscor|Toxic|p1a: Murkrow\n|-status|p1a: Murkrow|tox\n|\n|-weather|RainDance|[upkeep]\n|-damage|p1a: Murkrow|52\/100 tox|[from] psn\n|upkeep\n|turn|9\n|\n|t:|1700723741\n|move|p1a: Murkrow|Calm Mind|p1a: Murkrow\n|-boost|p1a: Murkrow|spa|1\n|-boost|p1a: Murkrow|spd|1\n|move|p2a: Gliscor|Roost||[still]\n|-fail|p2a: Gliscor|heal\n|\n|-weather|RainDance|[upkeep]\n|-damage|p1a: Murkrow|40\/100 tox|[from] psn\n|upkeep\n|turn|10\n|\n|t:|1700723754\n|switch|p2a: poseidon|Tapu Fini, shiny|100\/100\n|-fieldstart|move: Misty Terrain|[from] ability: Misty Surge|[of] p2a: poseidon\n|move|p1a: Murkrow|Calm Mind|p1a: Murkrow\n|-boost|p1a: Murkrow|spa|1\n|-boost|p1a: Murkrow|spd|1\n|\n|-weather|RainDance|[upkeep]\n|-damage|p1a: Murkrow|21\/100 tox|[from] psn\n|upkeep\n|turn|11\n|\n|t:|1700723764\n|move|p1a: Murkrow|Hurricane|p2a: poseidon\n|-damage|p2a: poseidon|23\/100\n|move|p2a: poseidon|Draining Kiss|p1a: Murkrow\n|-supereffective|p1a: Murkrow\n|-damage|p1a: Murkrow|0 fnt\n|-heal|p2a: poseidon|35\/100|[from] drain|[of] p1a: Murkrow\n|faint|p1a: Murkrow\n|\n|-weather|none\n|-heal|p2a: poseidon|41\/100|[from] item: Leftovers\n|upkeep\n|\n|t:|1700723779\n|switch|p1a: Scizor|Scizor, F|100\/100\n|turn|12\n|\n|t:|1700723785\n|switch|p2a: Gliscor|Gliscor, F|100\/100 tox\n|detailschange|p1a: Scizor|Scizor-Mega, F\n|-mega|p1a: Scizor|Scizor|Scizorite\n|move|p1a: Scizor|Swords Dance|p1a: Scizor\n|-boost|p1a: Scizor|atk|2\n|\n|upkeep\n|turn|13\n|\n|t:|1700723794\n|-terastallize|p2a: Gliscor|Ground\n|move|p2a: Gliscor|Earthquake|p1a: Scizor\n|-damage|p1a: Scizor|69\/100\n|move|p1a: Scizor|Swords Dance|p1a: Scizor\n|-boost|p1a: Scizor|atk|2\n|\n|upkeep\n|turn|14\n|\n|t:|1700723806\n|move|p2a: Gliscor|Earthquake|p1a: Scizor\n|-damage|p1a: Scizor|34\/100\n|move|p1a: Scizor|Bug Bite|p2a: Gliscor\n|-damage|p2a: Gliscor|0 fnt\n|faint|p2a: Gliscor\n|\n|-fieldend|Misty Terrain\n|upkeep\n|\n|t:|1700723813\n|switch|p2a: fruit punch|Lopunny-Mega, F, shiny|100\/100\n|turn|15\n|\n|t:|1700723821\n|move|p2a: fruit punch|Fake Out|p1a: Scizor\n|-resisted|p1a: Scizor\n|-damage|p1a: Scizor|27\/100\n|cant|p1a: Scizor|flinch\n|\n|upkeep\n|turn|16\n|\n|t:|1700723828\n|switch|p2a: poseidon|Tapu Fini, shiny|41\/100\n|-fieldstart|move: Misty Terrain|[from] ability: Misty Surge|[of] p2a: poseidon\n|move|p1a: Scizor|Bullet Punch|p2a: poseidon\n|-damage|p2a: poseidon|0 fnt\n|faint|p2a: poseidon\n|\n|upkeep\n|\n|t:|1700723835\n|switch|p2a: fruit punch|Lopunny-Mega, F, shiny|100\/100\n|turn|17\n|\n|t:|1700723841\n|move|p2a: fruit punch|Fake Out|p1a: Scizor\n|-resisted|p1a: Scizor\n|-damage|p1a: Scizor|19\/100\n|cant|p1a: Scizor|flinch\n|\n|upkeep\n|turn|18\n|\n|t:|1700723850\n|move|p1a: Scizor|Bullet Punch|p2a: fruit punch\n|-damage|p2a: fruit punch|0 fnt\n|faint|p2a: fruit punch\n|\n|upkeep\n|\n|t:|1700723852\n|switch|p2a: Ceruledge|Ceruledge, M|100\/100\n|turn|19\n|\n|t:|1700723857\n|move|p1a: Scizor|Bullet Punch|p2a: Ceruledge\n|-resisted|p2a: Ceruledge\n|-damage|p2a: Ceruledge|19\/100\n|-ability|p2a: Ceruledge|Weak Armor|boost\n|-unboost|p2a: Ceruledge|def|1\n|-boost|p2a: Ceruledge|spe|2\n|move|p2a: Ceruledge|Swords Dance|p2a: Ceruledge\n|-boost|p2a: Ceruledge|atk|2\n|\n|upkeep\n|turn|20\n|\n|t:|1700723865\n|move|p2a: Ceruledge|Shadow Sneak|p1a: Scizor\n|-damage|p1a: Scizor|0 fnt\n|faint|p1a: Scizor\n|\n|-fieldend|Misty Terrain\n|upkeep\n|\n|t:|1700723890\n|switch|p1a: Bal Chagi|Quaquaval, F|100\/100\n|turn|21\n|\n|t:|1700723897\n|move|p2a: Ceruledge|Shadow Sneak|p1a: Bal Chagi\n|-damage|p1a: Bal Chagi|42\/100\n|move|p1a: Bal Chagi|Fling|p2a: Ceruledge\n|-supereffective|p2a: Ceruledge\n|-damage|p2a: Ceruledge|0 fnt\n|-enditem|p1a: Bal Chagi|Choice Band|[from] move: Fling\n|faint|p2a: Ceruledge\n|\n|win|mantidfly\n|raw|mantidfly's rating: 1089 &rarr; <strong>1125<\/strong><br \/>(+36 for winning)\n|raw|bunniiiiiis's rating: 1210 &rarr; <strong>1177<\/strong><br \/>(-33 for losing)\n|l|\u2606bunniiiiiis\n|c|\u2606mantidfly|Gg\n","uploadtime":1700723910,"views":2,"p1id":"mantidfly","p2id":"bunniiiiiis","formatid":"gen9nationaldex","rating":1125,"private":0,"password":""}