{"id":"gen9nationaldex-1988821086","p1":"Shadynut","p2":"shenye","format":"[Gen 9] National Dex","log":"|j|\u2606Shadynut\n|j|\u2606shenye\n|t:|1699768168\n|gametype|singles\n|player|p1|Shadynut|2|1238\n|player|p2|shenye|n|1144\n|teamsize|p1|6\n|teamsize|p2|6\n|gen|9\n|tier|[Gen 9] National Dex\n|rated|\n|rule|HP Percentage Mod: HP is shown in percentages\n|rule|Endless Battle Clause: Forcing endless battles is banned\n|rule|OHKO Clause: OHKO moves are banned\n|rule|Evasion Clause: Evasion abilities, items, and moves are banned\n|rule|Evasion Abilities Clause: Evasion abilities are banned\n|rule|Evasion Items Clause: Evasion items are banned\n|rule|Evasion Moves Clause: Evasion moves are banned\n|rule|Species Clause: Limit one of each Pok\u00e9mon\n|rule|Sleep Clause Mod: Limit one foe put to sleep\n|clearpoke\n|poke|p1|Ampharos, M|\n|poke|p1|Breloom, F|\n|poke|p1|Greninja-*, M|\n|poke|p1|Scizor, M|\n|poke|p1|Clodsire, M|\n|poke|p1|Iron Valiant|\n|poke|p2|Dragonite, M|\n|poke|p2|Garchomp, M|\n|poke|p2|Kommo-o, M|\n|poke|p2|Goodra-Hisui, F|\n|poke|p2|Charizard, M|\n|poke|p2|Hydreigon, M|\n|teampreview\n|c|\u2606Shadynut|5 pseudos\n|\n|t:|1699768191\n|start\n|switch|p1a: Greninja|Greninja, M|100\/100\n|switch|p2a: Garchomp|Garchomp, M|100\/100\n|turn|1\n|inactive|Battle timer is ON: inactive players will automatically lose when time's up. (requested by shenye)\n|\n|t:|1699768203\n|switch|p2a: Goodra|Goodra-Hisui, F|100\/100\n|move|p1a: Greninja|Ice Beam|p2a: Goodra\n|-damage|p2a: Goodra|79\/100\n|\n|upkeep\n|turn|2\n|\n|t:|1699768215\n|-terastallize|p2a: Goodra|Steel\n|-zpower|p1a: Greninja\n|move|p1a: Greninja|Black Hole Eclipse|p2a: Goodra|[zeffect]\n|-damage|p2a: Goodra|21\/100\n|move|p2a: Goodra|Substitute|p2a: Goodra\n|-fail|p2a: Goodra|move: Substitute|[weak]\n|\n|upkeep\n|turn|3\n|\n|t:|1699768236\n|switch|p2a: Kommo-o|Kommo-o, M|100\/100\n|move|p1a: Greninja|Scald|p2a: Kommo-o\n|-resisted|p2a: Kommo-o\n|-damage|p2a: Kommo-o|83\/100\n|\n|upkeep\n|turn|4\n|\n|t:|1699768244\n|move|p1a: Greninja|Ice Beam|p2a: Kommo-o\n|-supereffective|p2a: Kommo-o\n|-crit|p2a: Kommo-o\n|-damage|p2a: Kommo-o|6\/100\n|-zpower|p2a: Kommo-o\n|move|p2a: Kommo-o|Clangorous Soulblaze|p1a: Greninja|[zeffect]\n|-damage|p1a: Greninja|0 fnt\n|faint|p1a: Greninja\n|-boost|p2a: Kommo-o|atk|1\n|-boost|p2a: Kommo-o|def|1\n|-boost|p2a: Kommo-o|spa|1\n|-boost|p2a: Kommo-o|spd|1\n|-boost|p2a: Kommo-o|spe|1\n|\n|upkeep\n|\n|t:|1699768253\n|switch|p1a: Scizor|Scizor, M|100\/100\n|turn|5\n|\n|t:|1699768275\n|switch|p2a: Charizard|Charizard, M|100\/100\n|move|p1a: Scizor|Bullet Punch|p2a: Charizard\n|-resisted|p2a: Charizard\n|-damage|p2a: Charizard|68\/100\n|\n|upkeep\n|turn|6\n|\n|t:|1699768288\n|switch|p1a: Clodsire|Clodsire, M|100\/100\n|detailschange|p2a: Charizard|Charizard-Mega-X, M\n|-mega|p2a: Charizard|Charizard|Charizardite X\n|move|p2a: Charizard|Dragon Dance|p2a: Charizard\n|-boost|p2a: Charizard|atk|1\n|-boost|p2a: Charizard|spe|1\n|\n|upkeep\n|turn|7\n|\n|t:|1699768302\n|move|p2a: Charizard|Dragon Claw|p1a: Clodsire\n|-damage|p1a: Clodsire|43\/100\n|move|p1a: Clodsire|Haze|p1a: Clodsire\n|-clearallboost\n|\n|-heal|p1a: Clodsire|50\/100|[from] item: Leftovers\n|upkeep\n|turn|8\n|\n|t:|1699768314\n|move|p2a: Charizard|Dragon Dance|p2a: Charizard\n|-boost|p2a: Charizard|atk|1\n|-boost|p2a: Charizard|spe|1\n|move|p1a: Clodsire|Toxic Spikes|p2a: Charizard\n|-sidestart|p2: shenye|move: Toxic Spikes\n|\n|-heal|p1a: Clodsire|56\/100|[from] item: Leftovers\n|upkeep\n|turn|9\n|\n|t:|1699768320\n|move|p2a: Charizard|Dragon Dance|p2a: Charizard\n|-boost|p2a: Charizard|atk|1\n|-boost|p2a: Charizard|spe|1\n|move|p1a: Clodsire|Haze|p1a: Clodsire\n|-clearallboost\n|\n|-heal|p1a: Clodsire|62\/100|[from] item: Leftovers\n|upkeep\n|turn|10\n|\n|t:|1699768328\n|move|p2a: Charizard|Dragon Dance|p2a: Charizard\n|-boost|p2a: Charizard|atk|1\n|-boost|p2a: Charizard|spe|1\n|move|p1a: Clodsire|Toxic Spikes|p2a: Charizard\n|-sidestart|p2: shenye|move: Toxic Spikes\n|\n|-heal|p1a: Clodsire|68\/100|[from] item: Leftovers\n|upkeep\n|turn|11\n|\n|t:|1699768335\n|move|p2a: Charizard|Dragon Claw|p1a: Clodsire\n|-damage|p1a: Clodsire|7\/100\n|move|p1a: Clodsire|Haze|p1a: Clodsire\n|-clearallboost\n|\n|-heal|p1a: Clodsire|14\/100|[from] item: Leftovers\n|upkeep\n|turn|12\n|\n|t:|1699768344\n|move|p2a: Charizard|Dragon Claw|p1a: Clodsire\n|-damage|p1a: Clodsire|0 fnt\n|faint|p1a: Clodsire\n|\n|upkeep\n|\n|t:|1699768360\n|switch|p1a: Ampharos|Ampharos, M|100\/100\n|turn|13\n|\n|t:|1699768365\n|move|p2a: Charizard|Earthquake|p1a: Ampharos\n|-supereffective|p1a: Ampharos\n|-damage|p1a: Ampharos|31\/100\n|move|p1a: Ampharos|Dragon Pulse|p2a: Charizard\n|-supereffective|p2a: Charizard\n|-damage|p2a: Charizard|0 fnt\n|faint|p2a: Charizard\n|\n|upkeep\n|\n|t:|1699768385\n|switch|p2a: Hydreigon|Hydreigon, M|100\/100\n|turn|14\n|\n|t:|1699768394\n|move|p2a: Hydreigon|Earth Power|p1a: Ampharos\n|-supereffective|p1a: Ampharos\n|-damage|p1a: Ampharos|0 fnt\n|faint|p1a: Ampharos\n|\n|upkeep\n|\n|t:|1699768397\n|switch|p1a: Iron Valiant|Iron Valiant|100\/100\n|-enditem|p1a: Iron Valiant|Booster Energy\n|-activate|p1a: Iron Valiant|ability: Quark Drive|[fromitem]\n|-start|p1a: Iron Valiant|quarkdrivespe\n|turn|15\n|inactive|shenye has 120 seconds left.\n|c|\u2606Shadynut|do you really need to take a year before making a move\n|\n|t:|1699768436\n|switch|p2a: Kommo-o|Kommo-o, M|6\/100\n|-status|p2a: Kommo-o|tox\n|move|p1a: Iron Valiant|Moonblast|p2a: Kommo-o\n|-supereffective|p2a: Kommo-o\n|-damage|p2a: Kommo-o|0 fnt\n|faint|p2a: Kommo-o\n|\n|upkeep\n|\n|t:|1699768447\n|switch|p2a: Dragonite|Dragonite, M|100\/100\n|turn|16\n|\n|t:|1699768458\n|move|p1a: Iron Valiant|Moonblast|p2a: Dragonite\n|-supereffective|p2a: Dragonite\n|-damage|p2a: Dragonite|62\/100\n|move|p2a: Dragonite|Dragon Dance|p2a: Dragonite\n|-boost|p2a: Dragonite|atk|1\n|-boost|p2a: Dragonite|spe|1\n|\n|upkeep\n|turn|17\n|\n|t:|1699768472\n|move|p2a: Dragonite|Extreme Speed|p1a: Iron Valiant\n|-damage|p1a: Iron Valiant|39\/100\n|move|p1a: Iron Valiant|Moonblast|p2a: Dragonite\n|-supereffective|p2a: Dragonite\n|-damage|p2a: Dragonite|0 fnt\n|faint|p2a: Dragonite\n|\n|upkeep\n|\n|t:|1699768485\n|switch|p2a: Garchomp|Garchomp, M|100\/100\n|-status|p2a: Garchomp|tox\n|turn|18\n|\n|t:|1699768490\n|move|p1a: Iron Valiant|Moonblast|p2a: Garchomp\n|-supereffective|p2a: Garchomp\n|-damage|p2a: Garchomp|38\/100 tox\n|move|p2a: Garchomp|Earthquake|p1a: Iron Valiant\n|-damage|p1a: Iron Valiant|0 fnt\n|faint|p1a: Iron Valiant\n|-end|p1a: Iron Valiant|Quark Drive|[silent]\n|\n|-damage|p2a: Garchomp|32\/100 tox|[from] psn\n|upkeep\n|\n|t:|1699768495\n|switch|p1a: Scizor|Scizor, M|100\/100\n|turn|19\n|\n|t:|1699768502\n|-terastallize|p1a: Scizor|Steel\n|move|p1a: Scizor|Bullet Punch|p2a: Garchomp\n|-damage|p2a: Garchomp|0 fnt\n|-damage|p1a: Scizor|88\/100|[from] ability: Rough Skin|[of] p2a: Garchomp\n|-damage|p1a: Scizor|71\/100|[from] item: Rocky Helmet|[of] p2a: Garchomp\n|faint|p2a: Garchomp\n|\n|upkeep\n|\n|t:|1699768510\n|switch|p2a: Hydreigon|Hydreigon, M|100\/100\n|turn|20\n|\n|t:|1699768516\n|move|p1a: Scizor|Bullet Punch|p2a: Hydreigon\n|-damage|p2a: Hydreigon|35\/100\n|move|p2a: Hydreigon|Earth Power|p1a: Scizor\n|-supereffective|p1a: Scizor\n|-damage|p1a: Scizor|0 fnt\n|faint|p1a: Scizor\n|\n|upkeep\n|\n|t:|1699768520\n|switch|p1a: Breloom|Breloom, F|100\/100\n|turn|21\n|\n|t:|1699768532\n|move|p2a: Hydreigon|Draco Meteor|p1a: Breloom\n|-damage|p1a: Breloom|0 fnt\n|-unboost|p2a: Hydreigon|spa|2\n|faint|p1a: Breloom\n|\n|win|shenye\n|raw|Shadynut's rating: 1238 &rarr; <strong>1206<\/strong><br \/>(-32 for losing)\n|raw|shenye's rating: 1144 &rarr; <strong>1176<\/strong><br \/>(+32 for winning)\n|l|\u2606Shadynut\n","uploadtime":1699768542,"views":7,"p1id":"shadynut","p2id":"shenye","formatid":"gen9nationaldex","rating":1176,"private":0,"password":""}