{"id":"gen9nationaldex-1991591136","p1":"thraaycer","p2":"Kozuru_Koken","format":"[Gen 9] National Dex","log":"|j|\u2606thraaycer\n|j|\u2606Kozuru_Koken\n|t:|1700091770\n|gametype|singles\n|player|p1|thraaycer|steven|1184\n|player|p2|Kozuru_Koken|red|1304\n|teamsize|p1|6\n|teamsize|p2|6\n|gen|9\n|tier|[Gen 9] National Dex\n|rated|\n|rule|HP Percentage Mod: HP is shown in percentages\n|rule|Endless Battle Clause: Forcing endless battles is banned\n|rule|OHKO Clause: OHKO moves are banned\n|rule|Evasion Clause: Evasion abilities, items, and moves are banned\n|rule|Evasion Abilities Clause: Evasion abilities are banned\n|rule|Evasion Items Clause: Evasion items are banned\n|rule|Evasion Moves Clause: Evasion moves are banned\n|rule|Species Clause: Limit one of each Pok\u00e9mon\n|rule|Sleep Clause Mod: Limit one foe put to sleep\n|clearpoke\n|poke|p1|Lopunny, F|\n|poke|p1|Toxapex, F|\n|poke|p1|Cinderace, M|\n|poke|p1|Xurkitree|\n|poke|p1|Gliscor, M|\n|poke|p1|Kartana|\n|poke|p2|Greninja-*, M|\n|poke|p2|Zapdos-Galar|\n|poke|p2|Kleavor, M|\n|poke|p2|Glalie, M|\n|poke|p2|Aegislash, M|\n|poke|p2|Whimsicott, M|\n|teampreview\n|inactive|Battle timer is ON: inactive players will automatically lose when time's up. (requested by thraaycer)\n|l|\u2606Kozuru_Koken\n|inactive|Kozuru_Koken disconnected and has a minute to reconnect!\n|player|p2|\n|j|\u2606Kozuru_Koken\n|inactive|Kozuru_Koken reconnected and has 145 seconds left.\n|player|p2|Kozuru_Koken|red\n|\n|t:|1700091831\n|start\n|switch|p1a: Toxapex|Toxapex, F, shiny|100\/100\n|switch|p2a: Aegislash|Aegislash, M|100\/100\n|turn|1\n|\n|t:|1700091837\n|move|p2a: Aegislash|Swords Dance|p2a: Aegislash\n|-boost|p2a: Aegislash|atk|2\n|move|p1a: Toxapex|Knock Off|p2a: Aegislash\n|-supereffective|p2a: Aegislash\n|-damage|p2a: Aegislash|73\/100\n|-enditem|p2a: Aegislash|Leftovers|[from] move: Knock Off|[of] p1a: Toxapex\n|\n|upkeep\n|turn|2\n|\n|t:|1700091841\n|move|p2a: Aegislash|Swords Dance|p2a: Aegislash\n|-boost|p2a: Aegislash|atk|2\n|move|p1a: Toxapex|Haze|p1a: Toxapex\n|-clearallboost\n|\n|upkeep\n|turn|3\n|\n|t:|1700091849\n|switch|p2a: Greninja|Greninja, M|100\/100\n|move|p1a: Toxapex|Knock Off|p2a: Greninja\n|-resisted|p2a: Greninja\n|-damage|p2a: Greninja|86\/100\n|-enditem|p2a: Greninja|Leftovers|[from] move: Knock Off|[of] p1a: Toxapex\n|\n|upkeep\n|turn|4\n|\n|t:|1700091856\n|move|p1a: Toxapex|Baneful Bunker|p1a: Toxapex\n|-singleturn|p1a: Toxapex|move: Protect\n|move|p2a: Greninja|Substitute|p2a: Greninja\n|-start|p2a: Greninja|Substitute\n|-damage|p2a: Greninja|61\/100\n|\n|upkeep\n|turn|5\n|\n|t:|1700091861\n|move|p2a: Greninja|Work Up|p2a: Greninja\n|-boost|p2a: Greninja|atk|1\n|-boost|p2a: Greninja|spa|1\n|move|p1a: Toxapex|Liquidation|p2a: Greninja\n|-resisted|p2a: Greninja\n|-activate|p2a: Greninja|move: Substitute|[damage]\n|\n|upkeep\n|turn|6\n|\n|t:|1700091868\n|move|p2a: Greninja|Dark Pulse|p1a: Toxapex\n|-damage|p1a: Toxapex|61\/100\n|move|p1a: Toxapex|Haze|p1a: Toxapex\n|-clearallboost\n|\n|-heal|p1a: Toxapex|67\/100|[from] item: Leftovers\n|upkeep\n|turn|7\n|\n|t:|1700091873\n|move|p2a: Greninja|Dark Pulse|p1a: Toxapex\n|-damage|p1a: Toxapex|36\/100\n|move|p1a: Toxapex|Liquidation|p2a: Greninja\n|-resisted|p2a: Greninja\n|-end|p2a: Greninja|Substitute\n|\n|-heal|p1a: Toxapex|42\/100|[from] item: Leftovers\n|upkeep\n|turn|8\n|\n|t:|1700091883\n|switch|p1a: Xurkitree|Xurkitree, shiny|100\/100\n|move|p2a: Greninja|Work Up|p2a: Greninja\n|-boost|p2a: Greninja|atk|1\n|-boost|p2a: Greninja|spa|1\n|\n|upkeep\n|turn|9\n|\n|t:|1700091889\n|move|p2a: Greninja|Dark Pulse|p1a: Xurkitree\n|-damage|p1a: Xurkitree|22\/100\n|cant|p1a: Xurkitree|flinch\n|\n|-heal|p1a: Xurkitree|29\/100|[from] item: Leftovers\n|upkeep\n|turn|10\n|\n|t:|1700091909\n|-terastallize|p1a: Xurkitree|Flying\n|move|p2a: Greninja|Dark Pulse|p1a: Xurkitree\n|-damage|p1a: Xurkitree|0 fnt\n|faint|p1a: Xurkitree\n|-ability|p2a: Greninja|Battle Bond|boost\n|-boost|p2a: Greninja|atk|1\n|-boost|p2a: Greninja|spa|1\n|-boost|p2a: Greninja|spe|1\n|-activate|p2a: Greninja|ability: Battle Bond\n|\n|upkeep\n|\n|t:|1700091915\n|switch|p1a: Kartana|Kartana, shiny|100\/100\n|turn|11\n|\n|t:|1700091924\n|move|p2a: Greninja|Dark Pulse|p1a: Kartana\n|-damage|p1a: Kartana|0 fnt\n|faint|p1a: Kartana\n|\n|upkeep\n|\n|t:|1700091926\n|switch|p1a: Toxapex|Toxapex, F, shiny|75\/100\n|turn|12\n|\n|t:|1700091929\n|move|p2a: Greninja|Dark Pulse|p1a: Toxapex\n|-damage|p1a: Toxapex|21\/100\n|move|p1a: Toxapex|Haze|p1a: Toxapex\n|-clearallboost\n|\n|-heal|p1a: Toxapex|27\/100|[from] item: Leftovers\n|upkeep\n|turn|13\n|\n|t:|1700091941\n|switch|p1a: Lopunny|Lopunny, F, shiny|100\/100\n|move|p2a: Greninja|Work Up|p2a: Greninja\n|-boost|p2a: Greninja|atk|1\n|-boost|p2a: Greninja|spa|1\n|\n|upkeep\n|turn|14\n|\n|t:|1700091945\n|detailschange|p1a: Lopunny|Lopunny-Mega, F, shiny\n|-mega|p1a: Lopunny|Lopunny|Lopunnite\n|move|p1a: Lopunny|Fake Out|p2a: Greninja\n|-damage|p2a: Greninja|23\/100\n|cant|p2a: Greninja|flinch\n|\n|upkeep\n|turn|15\n|\n|t:|1700091949\n|move|p1a: Lopunny|U-turn|p2a: Greninja\n|-supereffective|p2a: Greninja\n|-damage|p2a: Greninja|0 fnt\n|faint|p2a: Greninja\n|\n|t:|1700091953\n|switch|p1a: Toxapex|Toxapex, F, shiny|60\/100|[from] U-turn\n|\n|-heal|p1a: Toxapex|67\/100|[from] item: Leftovers\n|upkeep\n|inactive|Kozuru_Koken has 120 seconds left.\n|\n|t:|1700092003\n|switch|p2a: Kleavor|Kleavor, M|100\/100\n|turn|16\n|\n|t:|1700092015\n|move|p2a: Kleavor|Agility|p2a: Kleavor\n|-boost|p2a: Kleavor|spe|2\n|move|p1a: Toxapex|Knock Off|p2a: Kleavor\n|-damage|p2a: Kleavor|77\/100\n|-enditem|p2a: Kleavor|Life Orb|[from] move: Knock Off|[of] p1a: Toxapex\n|\n|-heal|p1a: Toxapex|73\/100|[from] item: Leftovers\n|upkeep\n|turn|17\n|\n|t:|1700092021\n|move|p2a: Kleavor|Psycho Cut|p1a: Toxapex\n|-supereffective|p1a: Toxapex\n|-damage|p1a: Toxapex|20\/100\n|move|p1a: Toxapex|Haze|p1a: Toxapex\n|-clearallboost\n|\n|-heal|p1a: Toxapex|26\/100|[from] item: Leftovers\n|upkeep\n|turn|18\n|\n|t:|1700092027\n|move|p2a: Kleavor|Stone Axe|p1a: Toxapex\n|-damage|p1a: Toxapex|0 fnt\n|-sidestart|p1: thraaycer|move: Stealth Rock\n|faint|p1a: Toxapex\n|\n|upkeep\n|\n|t:|1700092032\n|switch|p1a: Gliscor|Gliscor, M, shiny|100\/100\n|-damage|p1a: Gliscor|88\/100|[from] Stealth Rock\n|turn|19\n|\n|t:|1700092041\n|move|p1a: Gliscor|Earthquake|p2a: Kleavor\n|-damage|p2a: Kleavor|27\/100\n|move|p2a: Kleavor|Agility|p2a: Kleavor\n|-boost|p2a: Kleavor|spe|2\n|\n|-status|p1a: Gliscor|tox|[from] item: Toxic Orb\n|upkeep\n|turn|20\n|\n|t:|1700092047\n|move|p2a: Kleavor|Stone Axe|p1a: Gliscor\n|-damage|p1a: Gliscor|28\/100 tox\n|move|p1a: Gliscor|Earthquake|p2a: Kleavor\n|-damage|p2a: Kleavor|0 fnt\n|faint|p2a: Kleavor\n|\n|-heal|p1a: Gliscor|40\/100 tox|[from] ability: Poison Heal\n|upkeep\n|\n|t:|1700092054\n|switch|p2a: Glalie|Glalie, M|100\/100\n|turn|21\n|\n|t:|1700092068\n|detailschange|p2a: Glalie|Glalie-Mega, M\n|-mega|p2a: Glalie|Glalie|Glalitite\n|move|p2a: Glalie|Trailblaze|p1a: Gliscor\n|-damage|p1a: Gliscor|25\/100 tox\n|-boost|p2a: Glalie|spe|1\n|move|p1a: Gliscor|Crabhammer|p2a: Glalie\n|-damage|p2a: Glalie|63\/100\n|\n|-heal|p1a: Gliscor|38\/100 tox|[from] ability: Poison Heal\n|upkeep\n|turn|22\n|\n|t:|1700092086\n|move|p2a: Glalie|Return|p1a: Gliscor\n|-supereffective|p1a: Gliscor\n|-crit|p1a: Gliscor\n|-damage|p1a: Gliscor|0 fnt\n|faint|p1a: Gliscor\n|\n|upkeep\n|\n|t:|1700092093\n|switch|p1a: Cinderace|Cinderace, M|100\/100\n|-damage|p1a: Cinderace|76\/100|[from] Stealth Rock\n|turn|23\n|\n|t:|1700092108\n|move|p2a: Glalie|Earthquake|p1a: Cinderace\n|-supereffective|p1a: Cinderace\n|-damage|p1a: Cinderace|0 fnt\n|faint|p1a: Cinderace\n|\n|upkeep\n|\n|t:|1700092116\n|switch|p1a: Lopunny|Lopunny-Mega, F, shiny|100\/100\n|-damage|p1a: Lopunny|95\/100|[from] Stealth Rock\n|turn|24\n|\n|t:|1700092128\n|move|p1a: Lopunny|Fake Out|p2a: Glalie\n|-damage|p2a: Glalie|34\/100\n|cant|p2a: Glalie|flinch\n|\n|upkeep\n|turn|25\n|\n|t:|1700092141\n|move|p2a: Glalie|Explosion|p1a: Lopunny\n|-damage|p1a: Lopunny|0 fnt\n|faint|p2a: Glalie\n|faint|p1a: Lopunny\n|\n|win|Kozuru_Koken\n|raw|thraaycer's rating: 1184 &rarr; <strong>1167<\/strong><br \/>(-17 for losing)\n|raw|Kozuru_Koken's rating: 1304 &rarr; <strong>1317<\/strong><br \/>(+13 for winning)\n|l|\u2606thraaycer\n","uploadtime":1700092170,"views":4,"p1id":"thraaycer","p2id":"kozurukoken","formatid":"gen9nationaldex","rating":1167,"private":0,"password":""}