{"id":"gen9nationaldex-1992450038","p1":"MMQZA7","p2":"llampis98","format":"[Gen 9] National Dex","log":"|j|\u2606MMQZA7\n|j|\u2606llampis98\n|t:|1700189030\n|gametype|singles\n|player|p1|MMQZA7|169|1537\n|player|p2|llampis98|aromalady|1611\n|teamsize|p1|6\n|teamsize|p2|6\n|gen|9\n|tier|[Gen 9] National Dex\n|rated|\n|rule|HP Percentage Mod: HP is shown in percentages\n|rule|Endless Battle Clause: Forcing endless battles is banned\n|rule|OHKO Clause: OHKO moves are banned\n|rule|Evasion Clause: Evasion abilities, items, and moves are banned\n|rule|Evasion Abilities Clause: Evasion abilities are banned\n|rule|Evasion Items Clause: Evasion items are banned\n|rule|Evasion Moves Clause: Evasion moves are banned\n|rule|Species Clause: Limit one of each Pok\u00e9mon\n|rule|Sleep Clause Mod: Limit one foe put to sleep\n|clearpoke\n|poke|p1|Swellow, M|\n|poke|p1|Lopunny, F|\n|poke|p1|Garchomp, F|\n|poke|p1|Corviknight, F|\n|poke|p1|Clodsire, F|\n|poke|p1|Ogerpon-Cornerstone, F|\n|poke|p2|Pelipper, M|\n|poke|p2|Basculegion-F, F|\n|poke|p2|Urshifu-*, M|\n|poke|p2|Kilowattrel, F|\n|poke|p2|Ferrothorn, F|\n|poke|p2|Sharpedo, F|\n|teampreview\n|\n|t:|1700189042\n|start\n|switch|p1a: Swellow|Swellow, M|100\/100\n|switch|p2a: Pelipper|Pelipper, M|100\/100\n|-weather|RainDance|[from] ability: Drizzle|[of] p2a: Pelipper\n|turn|1\n|\n|t:|1700189049\n|switch|p2a: Ferrothorn|Ferrothorn, F|100\/100\n|-terastallize|p1a: Swellow|Normal\n|move|p1a: Swellow|Boomburst|p2a: Ferrothorn\n|-resisted|p2a: Ferrothorn\n|-damage|p2a: Ferrothorn|66\/100\n|\n|-weather|RainDance|[upkeep]\n|-heal|p2a: Ferrothorn|72\/100|[from] item: Leftovers\n|upkeep\n|turn|2\n|\n|t:|1700189058\n|switch|p1a: Corviknight|Corviknight, F|100\/100\n|-ability|p1a: Corviknight|Pressure\n|move|p2a: Ferrothorn|Stealth Rock|p1a: Corviknight\n|-sidestart|p1: MMQZA7|move: Stealth Rock\n|\n|-weather|RainDance|[upkeep]\n|-heal|p2a: Ferrothorn|78\/100|[from] item: Leftovers\n|upkeep\n|turn|3\n|\n|t:|1700189064\n|move|p1a: Corviknight|Defog|p2a: Ferrothorn\n|-unboost|p2a: Ferrothorn|evasion|1\n|-sideend|p1: MMQZA7|Stealth Rock|[from] move: Defog|[of] p1a: Corviknight\n|move|p2a: Ferrothorn|Leech Seed|p1a: Corviknight\n|-start|p1a: Corviknight|move: Leech Seed\n|\n|-weather|RainDance|[upkeep]\n|-heal|p2a: Ferrothorn|84\/100|[from] item: Leftovers\n|-damage|p1a: Corviknight|88\/100|[from] Leech Seed|[of] p2a: Ferrothorn\n|-heal|p2a: Ferrothorn|98\/100|[silent]\n|upkeep\n|turn|4\n|\n|t:|1700189068\n|move|p1a: Corviknight|Body Press|p2a: Ferrothorn\n|-supereffective|p2a: Ferrothorn\n|-damage|p2a: Ferrothorn|58\/100\n|-damage|p1a: Corviknight|76\/100|[from] ability: Iron Barbs|[of] p2a: Ferrothorn\n|move|p2a: Ferrothorn|Stealth Rock|p1a: Corviknight\n|-sidestart|p1: MMQZA7|move: Stealth Rock\n|\n|-weather|RainDance|[upkeep]\n|-heal|p2a: Ferrothorn|64\/100|[from] item: Leftovers\n|-damage|p1a: Corviknight|64\/100|[from] Leech Seed|[of] p2a: Ferrothorn\n|-heal|p2a: Ferrothorn|78\/100|[silent]\n|upkeep\n|turn|5\n|\n|t:|1700189075\n|switch|p2a: Basculegion|Basculegion-F, F|100\/100\n|move|p1a: Corviknight|Body Press|p2a: Basculegion\n|-immune|p2a: Basculegion\n|\n|-weather|RainDance|[upkeep]\n|-damage|p1a: Corviknight|51\/100|[from] Leech Seed|[of] p2a: Basculegion\n|upkeep\n|turn|6\n|\n|t:|1700189080\n|move|p2a: Basculegion|Surf|p1a: Corviknight\n|-damage|p1a: Corviknight|0 fnt\n|faint|p1a: Corviknight\n|\n|-weather|RainDance|[upkeep]\n|upkeep\n|\n|t:|1700189088\n|switch|p1a: Lopunny|Lopunny, F|100\/100\n|-damage|p1a: Lopunny|88\/100|[from] Stealth Rock\n|turn|7\n|\n|t:|1700189093\n|detailschange|p1a: Lopunny|Lopunny-Mega, F\n|-mega|p1a: Lopunny|Lopunny|Lopunnite\n|move|p1a: Lopunny|Fake Out|p2a: Basculegion\n|-damage|p2a: Basculegion|67\/100\n|cant|p2a: Basculegion|flinch\n|\n|-weather|RainDance|[upkeep]\n|upkeep\n|turn|8\n|\n|t:|1700189099\n|switch|p1a: Clodsire|Clodsire, F|100\/100\n|-damage|p1a: Clodsire|94\/100|[from] Stealth Rock\n|move|p2a: Basculegion|Surf|p1a: Clodsire\n|-supereffective|p1a: Clodsire\n|-damage|p1a: Clodsire|0 fnt\n|faint|p1a: Clodsire\n|\n|-weather|none\n|upkeep\n|\n|t:|1700189112\n|switch|p1a: Swellow|Swellow, M, tera:Normal|100\/100\n|-damage|p1a: Swellow|88\/100|[from] Stealth Rock\n|turn|9\n|\n|t:|1700189119\n|switch|p2a: Ferrothorn|Ferrothorn, F|78\/100\n|move|p1a: Swellow|Heat Wave|p2a: Ferrothorn\n|-supereffective|p2a: Ferrothorn\n|-damage|p2a: Ferrothorn|0 fnt\n|faint|p2a: Ferrothorn\n|\n|upkeep\n|\n|t:|1700189122\n|switch|p2a: Pelipper|Pelipper, M|100\/100\n|-weather|RainDance|[from] ability: Drizzle|[of] p2a: Pelipper\n|turn|10\n|l|\u2606MMQZA7\n|player|p1|\n|j|\u2606MMQZA7\n|player|p1|MMQZA7|169\n|\n|t:|1700189159\n|switch|p1a: Ogerpon|Ogerpon-Cornerstone, F|100\/100\n|-damage|p1a: Ogerpon|88\/100|[from] Stealth Rock\n|move|p2a: Pelipper|Scald|p1a: Ogerpon\n|-damage|p1a: Ogerpon|38\/100\n|\n|-weather|RainDance|[upkeep]\n|upkeep\n|turn|11\n|\n|t:|1700189169\n|move|p1a: Ogerpon|Horn Leech|p2a: Pelipper\n|-damage|p2a: Pelipper|69\/100\n|-heal|p1a: Ogerpon|56\/100|[from] drain|[of] p2a: Pelipper\n|move|p2a: Pelipper|Scald|p1a: Ogerpon\n|-damage|p1a: Ogerpon|9\/100\n|\n|-weather|RainDance|[upkeep]\n|upkeep\n|turn|12\n|\n|t:|1700189176\n|move|p1a: Ogerpon|Ivy Cudgel|p2a: Pelipper|[anim] Ivy Cudgel Rock\n|-supereffective|p2a: Pelipper\n|-damage|p2a: Pelipper|0 fnt\n|faint|p2a: Pelipper\n|\n|-weather|RainDance|[upkeep]\n|upkeep\n|\n|t:|1700189185\n|switch|p2a: Sharpedo|Sharpedo, F|100\/100\n|turn|13\n|\n|t:|1700189197\n|move|p2a: Sharpedo|Protect|p2a: Sharpedo\n|-singleturn|p2a: Sharpedo|Protect\n|move|p1a: Ogerpon|Horn Leech|p2a: Sharpedo\n|-activate|p2a: Sharpedo|move: Protect\n|\n|-weather|RainDance|[upkeep]\n|-ability|p2a: Sharpedo|Speed Boost|boost\n|-boost|p2a: Sharpedo|spe|1\n|upkeep\n|turn|14\n|\n|t:|1700189205\n|detailschange|p2a: Sharpedo|Sharpedo-Mega, F\n|-mega|p2a: Sharpedo|Sharpedo|Sharpedonite\n|move|p2a: Sharpedo|Liquidation|p1a: Ogerpon\n|-damage|p1a: Ogerpon|0 fnt\n|faint|p1a: Ogerpon\n|\n|-weather|RainDance|[upkeep]\n|upkeep\n|\n|t:|1700189212\n|switch|p1a: Lopunny|Lopunny-Mega, F|88\/100\n|-damage|p1a: Lopunny|82\/100|[from] Stealth Rock\n|turn|15\n|\n|t:|1700189217\n|move|p1a: Lopunny|Fake Out|p2a: Sharpedo\n|-damage|p2a: Sharpedo|65\/100\n|cant|p2a: Sharpedo|flinch\n|\n|-weather|RainDance|[upkeep]\n|upkeep\n|turn|16\n|\n|t:|1700189220\n|switch|p1a: Garchomp|Garchomp, F|100\/100\n|-damage|p1a: Garchomp|94\/100|[from] Stealth Rock\n|move|p2a: Sharpedo|Liquidation|p1a: Garchomp\n|-damage|p1a: Garchomp|16\/100\n|-unboost|p1a: Garchomp|def|1\n|-damage|p2a: Sharpedo|53\/100|[from] ability: Rough Skin|[of] p1a: Garchomp\n|\n|-weather|RainDance|[upkeep]\n|upkeep\n|turn|17\n|\n|t:|1700189229\n|move|p1a: Garchomp|Outrage|p2a: Sharpedo\n|-damage|p2a: Sharpedo|0 fnt\n|faint|p2a: Sharpedo\n|\n|-weather|none\n|upkeep\n|\n|t:|1700189238\n|switch|p2a: Urshifu|Urshifu-Rapid-Strike, M|100\/100\n|turn|18\n|\n|t:|1700189242\n|move|p2a: Urshifu|Aqua Jet|p1a: Garchomp\n|-damage|p1a: Garchomp|0 fnt\n|-damage|p2a: Urshifu|88\/100|[from] ability: Rough Skin|[of] p1a: Garchomp\n|faint|p1a: Garchomp\n|\n|upkeep\n|\n|t:|1700189248\n|switch|p1a: Swellow|Swellow, M, tera:Normal|88\/100\n|-damage|p1a: Swellow|76\/100|[from] Stealth Rock\n|turn|19\n|\n|t:|1700189251\n|-terastallize|p2a: Urshifu|Water\n|move|p2a: Urshifu|Aqua Jet|p1a: Swellow\n|-damage|p1a: Swellow|9\/100\n|move|p1a: Swellow|Boomburst|p2a: Urshifu\n|-damage|p2a: Urshifu|0 fnt\n|faint|p2a: Urshifu\n|\n|upkeep\n|\n|t:|1700189257\n|switch|p2a: Kilowattrel|Kilowattrel, F|100\/100\n|turn|20\n|\n|t:|1700189261\n|move|p1a: Swellow|Boomburst|p2a: Kilowattrel\n|-damage|p2a: Kilowattrel|0 fnt\n|faint|p2a: Kilowattrel\n|\n|upkeep\n|\n|t:|1700189263\n|switch|p2a: Basculegion|Basculegion-F, F|67\/100\n|turn|21\n|\n|t:|1700189265\n|move|p1a: Swellow|Boomburst|p2a: Basculegion\n|-damage|p2a: Basculegion|0 fnt\n|faint|p2a: Basculegion\n|\n|win|MMQZA7\n|raw|MMQZA7's rating: 1537 &rarr; <strong>1561<\/strong><br \/>(+24 for winning)\n|raw|llampis98's rating: 1611 &rarr; <strong>1587<\/strong><br \/>(-24 for losing)\n","uploadtime":1700189272,"views":4,"p1id":"mmqza7","p2id":"llampis98","formatid":"gen9nationaldex","rating":1561,"private":0,"password":""}