{"id":"gen9nationaldex-1989683075","p1":"Regielekiv2","p2":"cliffy91","format":"[Gen 9] National Dex","log":"|j|\u2606Regielekiv2\n|j|\u2606cliffy91\n|t:|1699886510\n|gametype|singles\n|player|p1|Regielekiv2|clair|1631\n|player|p2|cliffy91|lucas|1682\n|teamsize|p1|6\n|teamsize|p2|6\n|gen|9\n|tier|[Gen 9] National Dex\n|rated|\n|rule|HP Percentage Mod: HP is shown in percentages\n|rule|Endless Battle Clause: Forcing endless battles is banned\n|rule|OHKO Clause: OHKO moves are banned\n|rule|Evasion Clause: Evasion abilities, items, and moves are banned\n|rule|Evasion Abilities Clause: Evasion abilities are banned\n|rule|Evasion Items Clause: Evasion items are banned\n|rule|Evasion Moves Clause: Evasion moves are banned\n|rule|Species Clause: Limit one of each Pok\u00e9mon\n|rule|Sleep Clause Mod: Limit one foe put to sleep\n|clearpoke\n|poke|p1|Absol, F|\n|poke|p1|Tapu Koko|\n|poke|p1|Sneasler, M|\n|poke|p1|Clefable, F|\n|poke|p1|Landorus-Therian, M|\n|poke|p1|Jirachi|\n|poke|p2|Victini|\n|poke|p2|Skarmory, F|\n|poke|p2|Latios, M|\n|poke|p2|Breloom, M|\n|poke|p2|Thundurus-Therian, M|\n|poke|p2|Milotic, M|\n|teampreview\n|inactive|Battle timer is ON: inactive players will automatically lose when time's up. (requested by cliffy91)\n|\n|t:|1699886530\n|start\n|switch|p1a: Tapu Koko|Tapu Koko|100\/100\n|switch|p2a: Breloom|Breloom, M|100\/100\n|-fieldstart|move: Electric Terrain|[from] ability: Electric Surge|[of] p1a: Tapu Koko\n|turn|1\n|\n|t:|1699886542\n|switch|p2a: Victini|Victini|100\/100\n|move|p1a: Tapu Koko|Dazzling Gleam|p2a: Victini\n|-resisted|p2a: Victini\n|-damage|p2a: Victini|83\/100\n|\n|upkeep\n|turn|2\n|\n|t:|1699886550\n|move|p2a: Victini|U-turn|p1a: Tapu Koko\n|-resisted|p1a: Tapu Koko\n|-damage|p1a: Tapu Koko|88\/100\n|\n|t:|1699886553\n|switch|p2a: Thundurus|Thundurus-Therian, M|100\/100|[from] U-turn\n|move|p1a: Tapu Koko|Volt Switch|p2a: Thundurus\n|-immune|p2a: Thundurus|[from] ability: Volt Absorb\n|\n|upkeep\n|turn|3\n|\n|t:|1699886562\n|-zpower|p1a: Tapu Koko\n|move|p1a: Tapu Koko|Twinkle Tackle|p2a: Thundurus|[zeffect]\n|-crit|p2a: Thundurus\n|-damage|p2a: Thundurus|0 fnt\n|faint|p2a: Thundurus\n|\n|upkeep\n|\n|t:|1699886569\n|switch|p2a: Victini|Victini|83\/100\n|turn|4\n|\n|t:|1699886591\n|switch|p1a: Landorus|Landorus-Therian, M|100\/100\n|-ability|p1a: Landorus|Intimidate|boost\n|-unboost|p2a: Victini|atk|1\n|move|p2a: Victini|U-turn|p1a: Landorus\n|-resisted|p1a: Landorus\n|-damage|p1a: Landorus|93\/100\n|\n|t:|1699886600\n|switch|p2a: Breloom|Breloom, M|100\/100|[from] U-turn\n|\n|-heal|p1a: Landorus|99\/100|[from] item: Leftovers\n|upkeep\n|turn|5\n|\n|t:|1699886607\n|move|p2a: Breloom|Bullet Seed|p1a: Landorus\n|-damage|p1a: Landorus|81\/100\n|-damage|p1a: Landorus|62\/100\n|-damage|p1a: Landorus|44\/100\n|-crit|p1a: Landorus\n|-damage|p1a: Landorus|17\/100\n|-hitcount|p1a: Landorus|4\n|move|p1a: Landorus|Hidden Power|p2a: Breloom\n|-supereffective|p2a: Breloom\n|-damage|p2a: Breloom|47\/100\n|\n|-heal|p1a: Landorus|23\/100|[from] item: Leftovers\n|-fieldend|move: Electric Terrain\n|upkeep\n|turn|6\n|\n|t:|1699886622\n|move|p2a: Breloom|Bullet Seed|p1a: Landorus\n|-damage|p1a: Landorus|3\/100\n|-crit|p1a: Landorus\n|-damage|p1a: Landorus|0 fnt\n|faint|p1a: Landorus\n|-hitcount|p1: Landorus|2\n|\n|upkeep\n|\n|t:|1699886624\n|switch|p1a: Tapu Koko|Tapu Koko|88\/100\n|-fieldstart|move: Electric Terrain|[from] ability: Electric Surge|[of] p1a: Tapu Koko\n|turn|7\n|\n|t:|1699886637\n|switch|p2a: Victini|Victini|83\/100\n|move|p1a: Tapu Koko|Volt Switch|p2a: Victini\n|-damage|p2a: Victini|42\/100\n|\n|t:|1699886643\n|switch|p1a: Absol|Absol, F|100\/100|[from] Volt Switch\n|\n|upkeep\n|turn|8\n|\n|t:|1699886649\n|switch|p2a: Skarmory|Skarmory, F|100\/100\n|detailschange|p1a: Absol|Absol-Mega, F\n|-mega|p1a: Absol|Absol|Absolite\n|move|p1a: Absol|Sucker Punch||[still]\n|-fail|p1a: Absol\n|\n|upkeep\n|turn|9\n|\n|t:|1699886656\n|move|p1a: Absol|Fire Blast|p2a: Skarmory\n|-supereffective|p2a: Skarmory\n|-damage|p2a: Skarmory|35\/100\n|move|p2a: Skarmory|Body Press|p1a: Absol\n|-supereffective|p1a: Absol\n|-damage|p1a: Absol|0 fnt\n|faint|p1a: Absol\n|\n|-heal|p2a: Skarmory|41\/100|[from] item: Leftovers\n|upkeep\n|\n|t:|1699886661\n|switch|p1a: Tapu Koko|Tapu Koko|88\/100\n|turn|10\n|\n|t:|1699886672\n|switch|p2a: Victini|Victini|42\/100\n|move|p1a: Tapu Koko|Thunderbolt|p2a: Victini\n|-damage|p2a: Victini|0 fnt\n|faint|p2a: Victini\n|\n|upkeep\n|\n|t:|1699886683\n|switch|p2a: Milotic|Milotic, M|100\/100\n|turn|11\n|\n|t:|1699886687\n|-terastallize|p2a: Milotic|Poison\n|move|p1a: Tapu Koko|Volt Switch|p2a: Milotic\n|-damage|p2a: Milotic|77\/100\n|\n|t:|1699886690\n|switch|p1a: Jirachi|Jirachi|100\/100|[from] Volt Switch\n|move|p2a: Milotic|Toxic|p1a: Jirachi\n|-immune|p1a: Jirachi\n|\n|-heal|p2a: Milotic|83\/100|[from] item: Leftovers\n|-fieldend|move: Electric Terrain\n|upkeep\n|turn|12\n|\n|t:|1699886697\n|move|p1a: Jirachi|Body Slam|p2a: Milotic\n|-damage|p2a: Milotic|64\/100\n|-status|p2a: Milotic|par\n|cant|p2a: Milotic|par\n|\n|-heal|p2a: Milotic|70\/100 par|[from] item: Leftovers\n|upkeep\n|turn|13\n|\n|t:|1699886705\n|switch|p2a: Skarmory|Skarmory, F|41\/100\n|move|p1a: Jirachi|Iron Head|p2a: Skarmory\n|-resisted|p2a: Skarmory\n|-damage|p2a: Skarmory|33\/100\n|\n|-heal|p2a: Skarmory|39\/100|[from] item: Leftovers\n|upkeep\n|turn|14\n|\n|t:|1699886713\n|move|p1a: Jirachi|Body Slam|p2a: Skarmory\n|-resisted|p2a: Skarmory\n|-damage|p2a: Skarmory|34\/100\n|-status|p2a: Skarmory|par\n|move|p2a: Skarmory|Roost|p2a: Skarmory\n|-heal|p2a: Skarmory|84\/100 par\n|-singleturn|p2a: Skarmory|move: Roost\n|\n|-heal|p2a: Skarmory|90\/100 par|[from] item: Leftovers\n|upkeep\n|turn|15\n|\n|t:|1699886722\n|move|p1a: Jirachi|U-turn|p2a: Skarmory\n|-resisted|p2a: Skarmory\n|-damage|p2a: Skarmory|88\/100 par\n|\n|t:|1699886724\n|switch|p1a: Tapu Koko|Tapu Koko|88\/100|[from] U-turn\n|-fieldstart|move: Electric Terrain|[from] ability: Electric Surge|[of] p1a: Tapu Koko\n|move|p2a: Skarmory|Stealth Rock|p1a: Tapu Koko\n|-sidestart|p1: Regielekiv2|move: Stealth Rock\n|\n|-heal|p2a: Skarmory|94\/100 par|[from] item: Leftovers\n|upkeep\n|turn|16\n|\n|t:|1699886732\n|switch|p2a: Milotic|Milotic, M, tera:Poison|70\/100 par\n|move|p1a: Tapu Koko|Thunderbolt|p2a: Milotic\n|-damage|p2a: Milotic|43\/100 par\n|\n|-heal|p2a: Milotic|49\/100 par|[from] item: Leftovers\n|upkeep\n|turn|17\n|\n|t:|1699886739\n|move|p1a: Tapu Koko|Volt Switch|p2a: Milotic\n|-damage|p2a: Milotic|28\/100 par\n|\n|t:|1699886742\n|switch|p1a: Sneasler|Sneasler, M, shiny|100\/100|[from] Volt Switch\n|-damage|p1a: Sneasler|95\/100|[from] Stealth Rock\n|-enditem|p1a: Sneasler|Electric Seed\n|-boost|p1a: Sneasler|def|1|[from] item: Electric Seed\n|move|p2a: Milotic|Recover|p2a: Milotic\n|-heal|p2a: Milotic|78\/100 par\n|\n|-heal|p2a: Milotic|84\/100 par|[from] item: Leftovers\n|upkeep\n|turn|18\n|\n|t:|1699886751\n|move|p1a: Sneasler|Swords Dance|p1a: Sneasler\n|-boost|p1a: Sneasler|atk|2\n|move|p2a: Milotic|Haze|p2a: Milotic\n|-clearallboost\n|\n|-heal|p2a: Milotic|90\/100 par|[from] item: Leftovers\n|upkeep\n|turn|19\n|\n|t:|1699886758\n|switch|p2a: Skarmory|Skarmory, F|94\/100 par\n|move|p1a: Sneasler|Swords Dance|p1a: Sneasler\n|-boost|p1a: Sneasler|atk|2\n|\n|-heal|p2a: Skarmory|99\/100 par|[from] item: Leftovers\n|-fieldend|move: Electric Terrain\n|upkeep\n|turn|20\n|\n|t:|1699886767\n|move|p1a: Sneasler|Close Combat|p2a: Skarmory\n|-damage|p2a: Skarmory|16\/100 par\n|-unboost|p1a: Sneasler|def|1\n|-unboost|p1a: Sneasler|spd|1\n|move|p2a: Skarmory|Whirlwind|p1a: Sneasler\n|drag|p1a: Tapu Koko|Tapu Koko|88\/100\n|-damage|p1a: Tapu Koko|75\/100|[from] Stealth Rock\n|-fieldstart|move: Electric Terrain|[from] ability: Electric Surge|[of] p1a: Tapu Koko\n|\n|-heal|p2a: Skarmory|22\/100 par|[from] item: Leftovers\n|upkeep\n|turn|21\n|\n|t:|1699886778\n|move|p1a: Tapu Koko|Thunderbolt|p2a: Skarmory\n|-supereffective|p2a: Skarmory\n|-damage|p2a: Skarmory|0 fnt\n|faint|p2a: Skarmory\n|\n|upkeep\n|\n|t:|1699886782\n|switch|p2a: Breloom|Breloom, M|47\/100\n|turn|22\n|\n|t:|1699886785\n|switch|p2a: Milotic|Milotic, M, tera:Poison|90\/100 par\n|move|p1a: Tapu Koko|Dazzling Gleam|p2a: Milotic\n|-resisted|p2a: Milotic\n|-damage|p2a: Milotic|80\/100 par\n|\n|-heal|p2a: Milotic|86\/100 par|[from] item: Leftovers\n|upkeep\n|turn|23\n|\n|t:|1699886792\n|move|p1a: Tapu Koko|Volt Switch|p2a: Milotic\n|-damage|p2a: Milotic|65\/100 par\n|\n|t:|1699886805\n|switch|p1a: Jirachi|Jirachi|100\/100|[from] Volt Switch\n|-damage|p1a: Jirachi|94\/100|[from] Stealth Rock\n|move|p2a: Milotic|Scald|p1a: Jirachi\n|-damage|p1a: Jirachi|77\/100\n|-status|p1a: Jirachi|brn\n|\n|-heal|p1a: Jirachi|83\/100 brn|[from] item: Leftovers\n|-heal|p2a: Milotic|71\/100 par|[from] item: Leftovers\n|-damage|p1a: Jirachi|77\/100 brn|[from] brn\n|upkeep\n|turn|24\n|\n|t:|1699886821\n|move|p1a: Jirachi|Iron Head|p2a: Milotic\n|-damage|p2a: Milotic|57\/100 par\n|cant|p2a: Milotic|flinch\n|\n|-heal|p1a: Jirachi|83\/100 brn|[from] item: Leftovers\n|-heal|p2a: Milotic|63\/100 par|[from] item: Leftovers\n|-damage|p1a: Jirachi|77\/100 brn|[from] brn\n|-fieldend|move: Electric Terrain\n|upkeep\n|turn|25\n|\n|t:|1699886829\n|move|p1a: Jirachi|Iron Head|p2a: Milotic\n|-damage|p2a: Milotic|48\/100 par\n|cant|p2a: Milotic|flinch\n|\n|-heal|p1a: Jirachi|83\/100 brn|[from] item: Leftovers\n|-heal|p2a: Milotic|54\/100 par|[from] item: Leftovers\n|-damage|p1a: Jirachi|77\/100 brn|[from] brn\n|upkeep\n|turn|26\n|\n|t:|1699886839\n|move|p1a: Jirachi|Iron Head|p2a: Milotic\n|-crit|p2a: Milotic\n|-damage|p2a: Milotic|31\/100 par\n|cant|p2a: Milotic|flinch\n|\n|-heal|p1a: Jirachi|83\/100 brn|[from] item: Leftovers\n|-heal|p2a: Milotic|37\/100 par|[from] item: Leftovers\n|-damage|p1a: Jirachi|77\/100 brn|[from] brn\n|upkeep\n|turn|27\n|\n|t:|1699886847\n|move|p1a: Jirachi|Iron Head|p2a: Milotic\n|-damage|p2a: Milotic|23\/100 par\n|move|p2a: Milotic|Recover|p2a: Milotic\n|-heal|p2a: Milotic|73\/100 par\n|\n|-heal|p1a: Jirachi|83\/100 brn|[from] item: Leftovers\n|-heal|p2a: Milotic|79\/100 par|[from] item: Leftovers\n|-damage|p1a: Jirachi|77\/100 brn|[from] brn\n|upkeep\n|turn|28\n|\n|t:|1699886860\n|move|p1a: Jirachi|U-turn|p2a: Milotic\n|-resisted|p2a: Milotic\n|-damage|p2a: Milotic|76\/100 par\n|\n|t:|1699886867\n|switch|p1a: Clefable|Clefable, F|100\/100|[from] U-turn\n|cant|p2a: Milotic|par\n|\n|-heal|p2a: Milotic|82\/100 par|[from] item: Leftovers\n|upkeep\n|turn|29\n|\n|t:|1699886875\n|move|p1a: Clefable|Calm Mind|p1a: Clefable\n|-boost|p1a: Clefable|spa|1\n|-boost|p1a: Clefable|spd|1\n|move|p2a: Milotic|Scald|p1a: Clefable\n|-damage|p1a: Clefable|83\/100\n|\n|-heal|p1a: Clefable|89\/100|[from] item: Leftovers\n|-heal|p2a: Milotic|88\/100 par|[from] item: Leftovers\n|upkeep\n|turn|30\n|\n|t:|1699886883\n|move|p1a: Clefable|Flamethrower|p2a: Milotic\n|-damage|p2a: Milotic|69\/100 par\n|move|p2a: Milotic|Haze|p2a: Milotic\n|-clearallboost\n|\n|-heal|p1a: Clefable|95\/100|[from] item: Leftovers\n|-heal|p2a: Milotic|75\/100 par|[from] item: Leftovers\n|upkeep\n|turn|31\n|\n|t:|1699886892\n|switch|p2a: Breloom|Breloom, M|47\/100\n|move|p1a: Clefable|Calm Mind|p1a: Clefable\n|-boost|p1a: Clefable|spa|1\n|-boost|p1a: Clefable|spd|1\n|\n|-heal|p1a: Clefable|100\/100|[from] item: Leftovers\n|upkeep\n|turn|32\n|\n|t:|1699886900\n|switch|p1a: Jirachi|Jirachi|77\/100 brn\n|-damage|p1a: Jirachi|71\/100 brn|[from] Stealth Rock\n|move|p2a: Breloom|Spore||[still]\n|-fail|p2a: Breloom\n|\n|-heal|p1a: Jirachi|77\/100 brn|[from] item: Leftovers\n|-damage|p1a: Jirachi|71\/100 brn|[from] brn\n|upkeep\n|turn|33\n|\n|t:|1699886908\n|switch|p2a: Milotic|Milotic, M, tera:Poison|75\/100 par\n|move|p1a: Jirachi|Body Slam|p2a: Milotic\n|-damage|p2a: Milotic|65\/100 par\n|\n|-heal|p1a: Jirachi|77\/100 brn|[from] item: Leftovers\n|-heal|p2a: Milotic|72\/100 par|[from] item: Leftovers\n|-damage|p1a: Jirachi|71\/100 brn|[from] brn\n|upkeep\n|turn|34\n|\n|t:|1699886918\n|move|p1a: Jirachi|U-turn|p2a: Milotic\n|-resisted|p2a: Milotic\n|-damage|p2a: Milotic|68\/100 par\n|\n|t:|1699886923\n|switch|p1a: Clefable|Clefable, F|100\/100|[from] U-turn\n|cant|p2a: Milotic|par\n|\n|-heal|p2a: Milotic|74\/100 par|[from] item: Leftovers\n|upkeep\n|turn|35\n|\n|t:|1699886929\n|switch|p2a: Latios|Latios, M|100\/100\n|move|p1a: Clefable|Flamethrower|p2a: Latios\n|-resisted|p2a: Latios\n|-damage|p2a: Latios|90\/100\n|-status|p2a: Latios|brn\n|\n|-damage|p2a: Latios|84\/100 brn|[from] brn\n|upkeep\n|turn|36\n|\n|t:|1699886939\n|detailschange|p2a: Latios|Latios-Mega, M\n|-mega|p2a: Latios|Latios|Latiosite\n|move|p2a: Latios|Mystical Fire|p1a: Clefable\n|-damage|p1a: Clefable|70\/100\n|-unboost|p1a: Clefable|spa|1\n|move|p1a: Clefable|Moonblast|p2a: Latios\n|-supereffective|p2a: Latios\n|-damage|p2a: Latios|42\/100 brn\n|-unboost|p2a: Latios|spa|1\n|\n|-heal|p1a: Clefable|76\/100|[from] item: Leftovers\n|-damage|p2a: Latios|36\/100 brn|[from] brn\n|upkeep\n|turn|37\n|\n|t:|1699886951\n|move|p2a: Latios|Psyshock|p1a: Clefable\n|-damage|p1a: Clefable|52\/100\n|move|p1a: Clefable|Calm Mind|p1a: Clefable\n|-boost|p1a: Clefable|spa|1\n|-boost|p1a: Clefable|spd|1\n|\n|-heal|p1a: Clefable|58\/100|[from] item: Leftovers\n|-damage|p2a: Latios|30\/100 brn|[from] brn\n|upkeep\n|turn|38\n|\n|t:|1699886959\n|move|p2a: Latios|Mystical Fire|p1a: Clefable\n|-damage|p1a: Clefable|45\/100\n|-unboost|p1a: Clefable|spa|1\n|move|p1a: Clefable|Soft-Boiled|p1a: Clefable\n|-heal|p1a: Clefable|95\/100\n|\n|-heal|p1a: Clefable|100\/100|[from] item: Leftovers\n|-damage|p2a: Latios|24\/100 brn|[from] brn\n|upkeep\n|turn|39\n|-message|cliffy91 forfeited.\n|\n|win|Regielekiv2\n|raw|Regielekiv2's rating: 1631 &rarr; <strong>1654<\/strong><br \/>(+23 for winning)\n|raw|cliffy91's rating: 1682 &rarr; <strong>1659<\/strong><br \/>(-23 for losing)\n|l|\u2606cliffy91\n","uploadtime":1699886964,"views":8,"p1id":"regielekiv2","p2id":"cliffy91","formatid":"gen9nationaldex","rating":1654,"private":0,"password":""}