{"id":"gen9nationaldex-1988695946","p1":"PyroGaleZX","p2":"lunchbox5536","format":"[Gen 9] National Dex","log":"|j|\u2606PyroGaleZX\n|j|\u2606lunchbox5536\n|t:|1699751762\n|gametype|singles\n|player|p1|PyroGaleZX|grusha|\n|player|p2|lunchbox5536|ghetsis|\n|teamsize|p1|6\n|teamsize|p2|6\n|gen|9\n|tier|[Gen 9] National Dex\n|rule|HP Percentage Mod: HP is shown in percentages\n|rule|Endless Battle Clause: Forcing endless battles is banned\n|rule|OHKO Clause: OHKO moves are banned\n|rule|Evasion Clause: Evasion abilities, items, and moves are banned\n|rule|Evasion Abilities Clause: Evasion abilities are banned\n|rule|Evasion Items Clause: Evasion items are banned\n|rule|Evasion Moves Clause: Evasion moves are banned\n|rule|Species Clause: Limit one of each Pok\u00e9mon\n|rule|Sleep Clause Mod: Limit one foe put to sleep\n|clearpoke\n|poke|p1|Samurott-Hisui, M|\n|poke|p1|Enamorus-Therian, F|\n|poke|p1|Arcanine, F|\n|poke|p1|Umbreon, M|\n|poke|p1|Spiritomb, M|\n|poke|p1|Pawmo, F|\n|poke|p2|Torkoal, M|\n|poke|p2|Zoroark-Hisui, M|\n|poke|p2|Grimmsnarl, M|\n|poke|p2|Articuno|\n|poke|p2|Klawf, M|\n|poke|p2|Shelgon, F|\n|teampreview\n|\n|t:|1699751809\n|start\n|switch|p1a: Umbreon|Umbreon, M|100\/100\n|switch|p2a: AAAAAAAAAAAA|Klawf, M|100\/100\n|turn|1\n|\n|t:|1699751817\n|move|p2a: AAAAAAAAAAAA|Knock Off|p1a: Umbreon\n|-resisted|p1a: Umbreon\n|-damage|p1a: Umbreon|87\/100\n|-enditem|p1a: Umbreon|Leftovers|[from] move: Knock Off|[of] p2a: AAAAAAAAAAAA\n|move|p1a: Umbreon|Toxic|p2a: AAAAAAAAAAAA\n|-status|p2a: AAAAAAAAAAAA|tox\n|\n|-damage|p2a: AAAAAAAAAAAA|94\/100 tox|[from] psn\n|upkeep\n|turn|2\n|\n|t:|1699751841\n|move|p2a: AAAAAAAAAAAA|Knock Off|p1a: Umbreon\n|-resisted|p1a: Umbreon\n|-damage|p1a: Umbreon|80\/100\n|move|p1a: Umbreon|Wish|p1a: Umbreon\n|\n|-damage|p2a: AAAAAAAAAAAA|82\/100 tox|[from] psn\n|upkeep\n|turn|3\n|\n|t:|1699751861\n|move|p2a: AAAAAAAAAAAA|Rest|p2a: AAAAAAAAAAAA\n|-status|p2a: AAAAAAAAAAAA|slp|[from] move: Rest\n|-heal|p2a: AAAAAAAAAAAA|100\/100 slp|[silent]\n|move|p1a: Umbreon|Foul Play|p2a: AAAAAAAAAAAA\n|-damage|p2a: AAAAAAAAAAAA|59\/100 slp\n|\n|-heal|p1a: Umbreon|100\/100|[from] move: Wish|[wisher] Umbreon\n|upkeep\n|turn|4\n|\n|t:|1699751884\n|switch|p2a: Vanilla Ice|Articuno|100\/100\n|-ability|p2a: Vanilla Ice|Pressure\n|switch|p1a: Samurott|Samurott-Hisui, M|100\/100\n|\n|upkeep\n|turn|5\n|\n|t:|1699751895\n|move|p1a: Samurott|Razor Shell|p2a: Vanilla Ice\n|-damage|p2a: Vanilla Ice|15\/100\n|-unboost|p2a: Vanilla Ice|def|1\n|move|p2a: Vanilla Ice|Air Slash|p1a: Samurott\n|-damage|p1a: Samurott|50\/100\n|\n|upkeep\n|turn|6\n|\n|t:|1699751908\n|switch|p2a: Hello and Goodbye|Shelgon, F|100\/100\n|move|p1a: Samurott|Razor Shell|p2a: Hello and Goodbye\n|-resisted|p2a: Hello and Goodbye\n|-damage|p2a: Hello and Goodbye|83\/100\n|\n|upkeep\n|turn|7\n|\n|t:|1699751920\n|switch|p1a: Pawmo|Pawmo, F|100\/100\n|move|p2a: Hello and Goodbye|Toxic|p1a: Pawmo\n|-status|p1a: Pawmo|tox\n|\n|-damage|p1a: Pawmo|94\/100 tox|[from] psn\n|upkeep\n|turn|8\n|\n|t:|1699751928\n|move|p1a: Pawmo|Knock Off|p2a: Hello and Goodbye\n|-damage|p2a: Hello and Goodbye|73\/100\n|-enditem|p2a: Hello and Goodbye|Eviolite|[from] move: Knock Off|[of] p1a: Pawmo\n|move|p2a: Hello and Goodbye|Substitute|p2a: Hello and Goodbye\n|-start|p2a: Hello and Goodbye|Substitute\n|-damage|p2a: Hello and Goodbye|48\/100\n|\n|-damage|p1a: Pawmo|82\/100 tox|[from] psn\n|upkeep\n|turn|9\n|\n|t:|1699751938\n|-curestatus|p1a: Pawmo|tox|[from] ability: Natural Cure\n|switch|p1a: Enamorus|Enamorus-Therian, F|100\/100\n|move|p2a: Hello and Goodbye|Wish|p2a: Hello and Goodbye\n|\n|upkeep\n|turn|10\n|\n|t:|1699751947\n|move|p2a: Hello and Goodbye|Toxic|p1a: Enamorus|[miss]\n|-miss|p2a: Hello and Goodbye|p1a: Enamorus\n|move|p1a: Enamorus|Draining Kiss|p2a: Hello and Goodbye\n|-supereffective|p2a: Hello and Goodbye\n|-end|p2a: Hello and Goodbye|Substitute\n|\n|-heal|p2a: Hello and Goodbye|98\/100|[from] move: Wish|[wisher] Hello and Goodbye\n|upkeep\n|turn|11\n|\n|t:|1699751960\n|switch|p2a: Praise The Sun|Torkoal, M|100\/100\n|-weather|SunnyDay|[from] ability: Drought|[of] p2a: Praise The Sun\n|move|p1a: Enamorus|Draining Kiss|p2a: Praise The Sun\n|-resisted|p2a: Praise The Sun\n|-damage|p2a: Praise The Sun|87\/100\n|\n|-weather|SunnyDay|[upkeep]\n|upkeep\n|turn|12\n|\n|t:|1699751981\n|-terastallize|p2a: Praise The Sun|Flying\n|move|p1a: Enamorus|Earth Power|p2a: Praise The Sun\n|-immune|p2a: Praise The Sun\n|move|p2a: Praise The Sun|Overheat|p1a: Enamorus\n|-damage|p1a: Enamorus|21\/100\n|-unboost|p2a: Praise The Sun|spa|2\n|\n|-weather|SunnyDay|[upkeep]\n|upkeep\n|turn|13\n|\n|t:|1699751998\n|move|p1a: Enamorus|Draining Kiss|p2a: Praise The Sun\n|-damage|p2a: Praise The Sun|60\/100\n|-heal|p1a: Enamorus|46\/100|[from] drain|[of] p2a: Praise The Sun\n|move|p2a: Praise The Sun|Overheat|p1a: Enamorus\n|-damage|p1a: Enamorus|8\/100\n|-unboost|p2a: Praise The Sun|spa|2\n|\n|-weather|SunnyDay|[upkeep]\n|upkeep\n|turn|14\n|\n|t:|1699752022\n|switch|p2a: Vanilla Ice|Articuno|15\/100\n|-ability|p2a: Vanilla Ice|Pressure\n|move|p1a: Enamorus|Draining Kiss|p2a: Vanilla Ice\n|-damage|p2a: Vanilla Ice|0 fnt\n|-heal|p1a: Enamorus|22\/100|[from] drain|[of] p2a: Vanilla Ice\n|faint|p2a: Vanilla Ice\n|\n|-weather|SunnyDay|[upkeep]\n|upkeep\n|\n|t:|1699752036\n|switch|p2a: AAAAAAAAAAAA|Klawf, M|100\/100\n|turn|15\n|\n|t:|1699752048\n|switch|p1a: Spiritomb|Spiritomb, M, shiny|100\/100\n|move|p2a: AAAAAAAAAAAA|Hyper Voice|p1a: Spiritomb\n|-immune|p1a: Spiritomb\n|\n|-weather|none\n|upkeep\n|turn|16\n|\n|t:|1699752057\n|switch|p2a: AAAAAAAAAAAA|Klawf, M|59\/100 slp\n|move|p1a: Spiritomb|Calm Mind|p1a: Spiritomb\n|-boost|p1a: Spiritomb|spa|1\n|-boost|p1a: Spiritomb|spd|1\n|\n|upkeep\n|turn|17\n|\n|t:|1699752085\n|cant|p2a: AAAAAAAAAAAA|slp\n|move|p1a: Spiritomb|Calm Mind|p1a: Spiritomb\n|-boost|p1a: Spiritomb|spa|1\n|-boost|p1a: Spiritomb|spd|1\n|\n|upkeep\n|turn|18\n|\n|t:|1699752097\n|cant|p2a: AAAAAAAAAAAA|slp\n|move|p1a: Spiritomb|Stored Power|p2a: AAAAAAAAAAAA\n|-damage|p2a: AAAAAAAAAAAA|0 fnt\n|faint|p2a: AAAAAAAAAAAA\n|\n|upkeep\n|\n|t:|1699752103\n|switch|p2a: Krampus|Grimmsnarl, M|100\/100\n|turn|19\n|\n|t:|1699752113\n|move|p2a: Krampus|Fling|p1a: Spiritomb\n|-damage|p1a: Spiritomb|31\/100\n|-enditem|p2a: Krampus|Big Nugget|[from] move: Fling\n|move|p1a: Spiritomb|Rest|p1a: Spiritomb\n|-status|p1a: Spiritomb|slp|[from] move: Rest\n|-heal|p1a: Spiritomb|100\/100 slp|[silent]\n|\n|upkeep\n|turn|20\n|\n|t:|1699752122\n|move|p2a: Krampus|Play Rough|p1a: Spiritomb\n|-supereffective|p1a: Spiritomb\n|-damage|p1a: Spiritomb|0 fnt\n|faint|p1a: Spiritomb\n|\n|upkeep\n|\n|t:|1699752142\n|switch|p1a: Pawmo|Pawmo, F|82\/100\n|turn|21\n|\n|t:|1699752160\n|switch|p2a: Hello and Goodbye|Shelgon, F|98\/100\n|move|p1a: Pawmo|Wish|p1a: Pawmo\n|\n|upkeep\n|turn|22\n|\n|t:|1699752170\n|move|p1a: Pawmo|Super Fang|p2a: Hello and Goodbye\n|-damage|p2a: Hello and Goodbye|49\/100\n|move|p2a: Hello and Goodbye|Substitute|p2a: Hello and Goodbye\n|-start|p2a: Hello and Goodbye|Substitute\n|-damage|p2a: Hello and Goodbye|24\/100\n|\n|-heal|p1a: Pawmo|100\/100|[from] move: Wish|[wisher] Pawmo\n|upkeep\n|turn|23\n|\n|t:|1699752180\n|move|p1a: Pawmo|Volt Switch|p2a: Hello and Goodbye\n|-resisted|p2a: Hello and Goodbye\n|-activate|p2a: Hello and Goodbye|move: Substitute|[damage]\n|\n|t:|1699752184\n|switch|p1a: Enamorus|Enamorus-Therian, F|22\/100|[from] Volt Switch\n|move|p2a: Hello and Goodbye|Wish|p2a: Hello and Goodbye\n|\n|upkeep\n|turn|24\n|\n|t:|1699752193\n|move|p2a: Hello and Goodbye|Toxic|p1a: Enamorus\n|-status|p1a: Enamorus|tox\n|move|p1a: Enamorus|Calm Mind|p1a: Enamorus\n|-boost|p1a: Enamorus|spa|1\n|-boost|p1a: Enamorus|spd|1\n|\n|-heal|p2a: Hello and Goodbye|74\/100|[from] move: Wish|[wisher] Hello and Goodbye\n|-damage|p1a: Enamorus|16\/100 tox|[from] psn\n|upkeep\n|turn|25\n|\n|t:|1699752214\n|move|p2a: Hello and Goodbye|Substitute|p2a: Hello and Goodbye\n|-fail|p2a: Hello and Goodbye|move: Substitute\n|move|p1a: Enamorus|Draining Kiss|p2a: Hello and Goodbye\n|-supereffective|p2a: Hello and Goodbye\n|-end|p2a: Hello and Goodbye|Substitute\n|-heal|p1a: Enamorus|29\/100 tox|[from] drain|[of] p2a: Hello and Goodbye\n|\n|-damage|p1a: Enamorus|17\/100 tox|[from] psn\n|upkeep\n|turn|26\n|\n|t:|1699752226\n|move|p2a: Hello and Goodbye|Substitute|p2a: Hello and Goodbye\n|-start|p2a: Hello and Goodbye|Substitute\n|-damage|p2a: Hello and Goodbye|50\/100\n|move|p1a: Enamorus|Draining Kiss|p2a: Hello and Goodbye\n|-supereffective|p2a: Hello and Goodbye\n|-end|p2a: Hello and Goodbye|Substitute\n|-heal|p1a: Enamorus|40\/100 tox|[from] drain|[of] p2a: Hello and Goodbye\n|\n|-damage|p1a: Enamorus|22\/100 tox|[from] psn\n|upkeep\n|turn|27\n|\n|t:|1699752238\n|move|p2a: Hello and Goodbye|Substitute|p2a: Hello and Goodbye\n|-start|p2a: Hello and Goodbye|Substitute\n|-damage|p2a: Hello and Goodbye|25\/100\n|move|p1a: Enamorus|Draining Kiss|p2a: Hello and Goodbye\n|-supereffective|p2a: Hello and Goodbye\n|-end|p2a: Hello and Goodbye|Substitute\n|-heal|p1a: Enamorus|46\/100 tox|[from] drain|[of] p2a: Hello and Goodbye\n|\n|-damage|p1a: Enamorus|22\/100 tox|[from] psn\n|upkeep\n|turn|28\n|\n|t:|1699752275\n|move|p2a: Hello and Goodbye|Crunch|p1a: Enamorus\n|-resisted|p1a: Enamorus\n|-damage|p1a: Enamorus|14\/100 tox\n|move|p1a: Enamorus|Draining Kiss|p2a: Hello and Goodbye\n|-supereffective|p2a: Hello and Goodbye\n|-damage|p2a: Hello and Goodbye|0 fnt\n|-heal|p1a: Enamorus|36\/100 tox|[from] drain|[of] p2a: Hello and Goodbye\n|faint|p2a: Hello and Goodbye\n|\n|-damage|p1a: Enamorus|6\/100 tox|[from] psn\n|upkeep\n|\n|t:|1699752294\n|switch|p2a: Krampus|Grimmsnarl, M|100\/100\n|turn|29\n|\n|t:|1699752306\n|move|p2a: Krampus|Sucker Punch|p1a: Enamorus\n|-resisted|p1a: Enamorus\n|-damage|p1a: Enamorus|0 fnt\n|faint|p1a: Enamorus\n|\n|upkeep\n|\n|t:|1699752314\n|switch|p1a: Pawmo|Pawmo, F|100\/100\n|turn|30\n|\n|t:|1699752319\n|move|p1a: Pawmo|Super Fang|p2a: Krampus\n|-damage|p2a: Krampus|50\/100\n|-enditem|p1a: Pawmo|Eviolite|[silent]|[from] ability: Pickpocket|[of] p1a: Pawmo\n|-item|p2a: Krampus|Eviolite|[from] ability: Pickpocket|[of] p1a: Pawmo\n|move|p2a: Krampus|Play Rough|p1a: Pawmo\n|-supereffective|p1a: Pawmo\n|-damage|p1a: Pawmo|0 fnt\n|faint|p1a: Pawmo\n|\n|upkeep\n|\n|t:|1699752327\n|switch|p1a: Arcanine|Arcanine, F|100\/100\n|-ability|p1a: Arcanine|Intimidate|boost\n|-unboost|p2a: Krampus|atk|1\n|turn|31\n|\n|t:|1699752337\n|switch|p2a: Praise The Sun|Torkoal, M, tera:Flying|60\/100\n|-weather|SunnyDay|[from] ability: Drought|[of] p2a: Praise The Sun\n|move|p1a: Arcanine|Flare Blitz|p2a: Praise The Sun\n|-damage|p2a: Praise The Sun|0 fnt\n|faint|p2a: Praise The Sun\n|-damage|p1a: Arcanine|80\/100|[from] Recoil\n|\n|-weather|SunnyDay|[upkeep]\n|upkeep\n|\n|t:|1699752354\n|switch|p2a: Krampus|Grimmsnarl, M|50\/100\n|turn|32\n|\n|t:|1699752359\n|move|p2a: Krampus|Sucker Punch|p1a: Arcanine\n|-damage|p1a: Arcanine|28\/100\n|move|p1a: Arcanine|Flare Blitz|p2a: Krampus\n|-damage|p2a: Krampus|0 fnt\n|faint|p2a: Krampus\n|-damage|p1a: Arcanine|8\/100|[from] Recoil\n|\n|-weather|SunnyDay|[upkeep]\n|upkeep\n|\n|t:|1699752367\n|switch|p2a: Oh Hi There|Zoroark-Hisui, M, shiny|100\/100\n|turn|33\n|\n|t:|1699752378\n|move|p2a: Oh Hi There|Hyper Voice|p1a: Arcanine\n|-damage|p1a: Arcanine|0 fnt\n|faint|p1a: Arcanine\n|\n|-weather|SunnyDay|[upkeep]\n|upkeep\n|\n|t:|1699752381\n|switch|p1a: Samurott|Samurott-Hisui, M|50\/100\n|turn|34\n|\n|t:|1699752385\n|-terastallize|p1a: Samurott|Ghost\n|move|p2a: Oh Hi There|Hyper Voice|p1a: Samurott\n|-immune|p1a: Samurott\n|move|p1a: Samurott|Ceaseless Edge|p2a: Oh Hi There\n|-supereffective|p2a: Oh Hi There\n|-damage|p2a: Oh Hi There|0 fnt\n|-sidestart|p2: lunchbox5536|Spikes\n|faint|p2a: Oh Hi There\n|\n|win|PyroGaleZX\n","uploadtime":1699752395,"views":5,"p1id":"pyrogalezx","p2id":"lunchbox5536","formatid":"gen9nationaldex","rating":0,"private":0,"password":""}