{"id":"gen9nationaldex-2000402732","p1":"starlitbox","p2":"kingj345","format":"[Gen 9] National Dex","log":"|html|<div class=\"broadcast-blue\"><strong>[Gen 9] National Dex is currently suspecting Sneasler! For information on how to participate check out the <a href=\"https:\/\/www.smogon.com\/forums\/threads\/sv-national-dex-suspect-8-just-dance.3731534\/\">suspect thread<\/a>.<\/strong><\/div>\n|j|\u2606starlitbox\n|j|\u2606kingj345\n|t:|1701191843\n|gametype|singles\n|player|p1|starlitbox|silver|1379\n|player|p2|kingj345|1|1452\n|teamsize|p1|6\n|teamsize|p2|6\n|gen|9\n|tier|[Gen 9] National Dex\n|rated|\n|rule|HP Percentage Mod: HP is shown in percentages\n|rule|Endless Battle Clause: Forcing endless battles is banned\n|rule|OHKO Clause: OHKO moves are banned\n|rule|Evasion Clause: Evasion abilities, items, and moves are banned\n|rule|Evasion Abilities Clause: Evasion abilities are banned\n|rule|Evasion Items Clause: Evasion items are banned\n|rule|Evasion Moves Clause: Evasion moves are banned\n|rule|Species Clause: Limit one of each Pok\u00e9mon\n|rule|Sleep Clause Mod: Limit one foe put to sleep\n|clearpoke\n|poke|p1|Landorus-Therian, M|\n|poke|p1|Greninja-*, M|\n|poke|p1|Volcarona, M|\n|poke|p1|Iron Valiant|\n|poke|p1|Ogerpon-Wellspring, F|\n|poke|p1|Tapu Koko|\n|poke|p2|Glimmora, M|\n|poke|p2|Iron Valiant|\n|poke|p2|Urshifu-*, F|\n|poke|p2|Blacephalon|\n|poke|p2|Beedrill, M|\n|poke|p2|Iron Moth|\n|teampreview\n|inactive|Battle timer is ON: inactive players will automatically lose when time's up. (requested by kingj345)\n|\n|t:|1701191860\n|start\n|switch|p1a: Tapu Koko|Tapu Koko|100\/100\n|switch|p2a: Glimmora|Glimmora, M|100\/100\n|-fieldstart|move: Electric Terrain|[from] ability: Electric Surge|[of] p1a: Tapu Koko\n|turn|1\n|\n|t:|1701191870\n|move|p1a: Tapu Koko|Volt Switch|p2a: Glimmora\n|-damage|p2a: Glimmora|49\/100\n|\n|t:|1701191874\n|switch|p1a: Iron Valiant|Iron Valiant|100\/100|[from] Volt Switch\n|-activate|p1a: Iron Valiant|ability: Quark Drive\n|-start|p1a: Iron Valiant|quarkdrivespe\n|move|p2a: Glimmora|Stealth Rock|p1a: Iron Valiant\n|-sidestart|p1: starlitbox|move: Stealth Rock\n|\n|upkeep\n|turn|2\n|l|\u2606starlitbox\n|inactive|starlitbox disconnected and has a minute to reconnect!\n|player|p1|\n|j|\u2606starlitbox\n|inactive|starlitbox reconnected and has 135 seconds left.\n|player|p1|starlitbox|silver\n|\n|t:|1701191892\n|move|p1a: Iron Valiant|Psychic|p2a: Glimmora\n|-supereffective|p2a: Glimmora\n|-damage|p2a: Glimmora|0 fnt\n|faint|p2a: Glimmora\n|\n|upkeep\n|\n|t:|1701191906\n|switch|p2a: Blacephalon|Blacephalon|100\/100\n|turn|3\n|\n|t:|1701191914\n|move|p1a: Iron Valiant|Psychic|p2a: Blacephalon\n|-damage|p2a: Blacephalon|26\/100\n|move|p2a: Blacephalon|Flamethrower|p1a: Iron Valiant\n|-damage|p1a: Iron Valiant|12\/100\n|\n|upkeep\n|turn|4\n|inactive|kingj345 has 120 seconds left.\n|\n|t:|1701191951\n|move|p1a: Iron Valiant|Psychic|p2a: Blacephalon\n|-damage|p2a: Blacephalon|0 fnt\n|faint|p2a: Blacephalon\n|\n|upkeep\n|\n|t:|1701191954\n|switch|p2a: Iron Valiant|Iron Valiant|100\/100\n|-activate|p2a: Iron Valiant|ability: Quark Drive\n|-start|p2a: Iron Valiant|quarkdrivespe\n|turn|5\n|\n|t:|1701191962\n|-terastallize|p2a: Iron Valiant|Electric\n|move|p2a: Iron Valiant|Moonblast|p1a: Iron Valiant\n|-supereffective|p1a: Iron Valiant\n|-damage|p1a: Iron Valiant|0 fnt\n|faint|p1a: Iron Valiant\n|-end|p1a: Iron Valiant|Quark Drive|[silent]\n|-damage|p2a: Iron Valiant|90\/100|[from] item: Life Orb\n|\n|-fieldend|move: Electric Terrain\n|-end|p2a: Iron Valiant|Quark Drive\n|upkeep\n|\n|t:|1701191983\n|switch|p1a: Landorus|Landorus-Therian, M|100\/100\n|-damage|p1a: Landorus|88\/100|[from] Stealth Rock\n|-ability|p1a: Landorus|Intimidate|boost\n|-unboost|p2a: Iron Valiant|atk|1\n|turn|6\n|\n|t:|1701191992\n|-end|p2a: Iron Valiant|Quark Drive|[silent]\n|switch|p2a: Urshifu|Urshifu-Rapid-Strike, F|100\/100\n|move|p1a: Landorus|Earthquake|p2a: Urshifu\n|-damage|p2a: Urshifu|37\/100\n|\n|-heal|p1a: Landorus|94\/100|[from] item: Leftovers\n|upkeep\n|turn|7\n|\n|t:|1701192006\n|move|p2a: Urshifu|Surging Strikes|p1a: Landorus\n|-supereffective|p1a: Landorus\n|-crit|p1a: Landorus\n|-damage|p1a: Landorus|41\/100\n|-supereffective|p1a: Landorus\n|-crit|p1a: Landorus\n|-damage|p1a: Landorus|0 fnt\n|faint|p1a: Landorus\n|-hitcount|p1: Landorus|2\n|\n|upkeep\n|\n|t:|1701192017\n|switch|p1a: Tapu Koko|Tapu Koko|100\/100\n|-damage|p1a: Tapu Koko|88\/100|[from] Stealth Rock\n|-fieldstart|move: Electric Terrain|[from] ability: Electric Surge|[of] p1a: Tapu Koko\n|turn|8\n|\n|t:|1701192022\n|move|p1a: Tapu Koko|Volt Switch|p2a: Urshifu\n|-supereffective|p2a: Urshifu\n|-crit|p2a: Urshifu\n|-damage|p2a: Urshifu|0 fnt\n|faint|p2a: Urshifu\n|\n|t:|1701192029\n|switch|p1a: Greninja|Greninja, M|100\/100|[from] Volt Switch\n|-damage|p1a: Greninja|88\/100|[from] Stealth Rock\n|\n|upkeep\n|\n|t:|1701192044\n|switch|p2a: Iron Valiant|Iron Valiant, tera:Electric|90\/100\n|-activate|p2a: Iron Valiant|ability: Quark Drive\n|-start|p2a: Iron Valiant|quarkdrivespe\n|turn|9\n|\n|t:|1701192065\n|move|p1a: Greninja|Water Shuriken|p2a: Iron Valiant\n|-damage|p2a: Iron Valiant|78\/100\n|-damage|p2a: Iron Valiant|66\/100\n|-hitcount|p2a: Iron Valiant|2\n|move|p2a: Iron Valiant|Moonblast|p1a: Greninja\n|-supereffective|p1a: Greninja\n|-crit|p1a: Greninja\n|-damage|p1a: Greninja|0 fnt\n|faint|p1a: Greninja\n|-damage|p2a: Iron Valiant|56\/100|[from] item: Life Orb\n|\n|upkeep\n|\n|t:|1701192077\n|switch|p1a: Ogerpon|Ogerpon-Wellspring, F|100\/100\n|-damage|p1a: Ogerpon|88\/100|[from] Stealth Rock\n|turn|10\n|\n|t:|1701192088\n|move|p2a: Iron Valiant|Thunderbolt|p1a: Ogerpon\n|-damage|p1a: Ogerpon|0 fnt\n|faint|p1a: Ogerpon\n|-damage|p2a: Iron Valiant|46\/100|[from] item: Life Orb\n|\n|upkeep\n|\n|t:|1701192094\n|switch|p1a: Tapu Koko|Tapu Koko|88\/100\n|-damage|p1a: Tapu Koko|76\/100|[from] Stealth Rock\n|turn|11\n|\n|t:|1701192101\n|move|p2a: Iron Valiant|Moonblast|p1a: Tapu Koko\n|-damage|p1a: Tapu Koko|0 fnt\n|faint|p1a: Tapu Koko\n|-damage|p2a: Iron Valiant|36\/100|[from] item: Life Orb\n|\n|upkeep\n|\n|t:|1701192106\n|switch|p1a: Volcarona|Volcarona, M|100\/100\n|turn|12\n|\n|t:|1701192109\n|move|p2a: Iron Valiant|Thunderbolt|p1a: Volcarona\n|-damage|p1a: Volcarona|22\/100\n|-damage|p2a: Iron Valiant|26\/100|[from] item: Life Orb\n|move|p1a: Volcarona|Quiver Dance|p1a: Volcarona\n|-boost|p1a: Volcarona|spa|1\n|-boost|p1a: Volcarona|spd|1\n|-boost|p1a: Volcarona|spe|1\n|\n|-fieldend|move: Electric Terrain\n|-end|p2a: Iron Valiant|Quark Drive\n|upkeep\n|turn|13\n|\n|t:|1701192127\n|-terastallize|p1a: Volcarona|Grass\n|move|p1a: Volcarona|Fiery Dance|p2a: Iron Valiant\n|-damage|p2a: Iron Valiant|0 fnt\n|-boost|p1a: Volcarona|spa|1\n|faint|p2a: Iron Valiant\n|-end|p2a: Iron Valiant|Quark Drive|[silent]\n|\n|upkeep\n|\n|t:|1701192132\n|switch|p2a: Iron Moth|Iron Moth|100\/100\n|turn|14\n|\n|t:|1701192138\n|move|p1a: Volcarona|Hidden Power|p2a: Iron Moth\n|-supereffective|p2a: Iron Moth\n|-damage|p2a: Iron Moth|0 fnt\n|faint|p2a: Iron Moth\n|-end|p2a: Iron Moth|Quark Drive|[silent]\n|\n|upkeep\n|-message|kingj345 forfeited.\n|\n|win|starlitbox\n|raw|starlitbox's rating: 1379 &rarr; <strong>1403<\/strong><br \/>(+24 for winning)\n|raw|kingj345's rating: 1452 &rarr; <strong>1428<\/strong><br \/>(-24 for losing)\n|l|\u2606kingj345\n","uploadtime":1701192158,"views":2,"p1id":"starlitbox","p2id":"kingj345","formatid":"gen9nationaldex","rating":1403,"private":0,"password":""}