{"id":"gen9nationaldex-1988848996","p1":"Xukuijun","p2":"Prtbl_Trash","format":"[Gen 9] National Dex","log":"|j|\u2606Xukuijun\n|j|\u2606Prtbl_Trash\n|t:|1699773315\n|gametype|singles\n|player|p1|Xukuijun|hilbert-wonderlauncher|1537\n|player|p2|Prtbl_Trash|rosa|1469\n|teamsize|p1|6\n|teamsize|p2|6\n|gen|9\n|tier|[Gen 9] National Dex\n|rated|\n|rule|HP Percentage Mod: HP is shown in percentages\n|rule|Endless Battle Clause: Forcing endless battles is banned\n|rule|OHKO Clause: OHKO moves are banned\n|rule|Evasion Clause: Evasion abilities, items, and moves are banned\n|rule|Evasion Abilities Clause: Evasion abilities are banned\n|rule|Evasion Items Clause: Evasion items are banned\n|rule|Evasion Moves Clause: Evasion moves are banned\n|rule|Species Clause: Limit one of each Pok\u00e9mon\n|rule|Sleep Clause Mod: Limit one foe put to sleep\n|clearpoke\n|poke|p1|Pelipper, F|\n|poke|p1|Swampert, M|\n|poke|p1|Zapdos|\n|poke|p1|Greninja-*, M|\n|poke|p1|Ferrothorn, M|\n|poke|p1|Ogerpon-Wellspring, F|\n|poke|p2|Weavile, F|\n|poke|p2|Slowking-Galar, F|\n|poke|p2|Gliscor, M|\n|poke|p2|Skeledirge, F|\n|poke|p2|Urshifu-*, M|\n|poke|p2|Venusaur, F|\n|teampreview\n|inactive|Battle timer is ON: inactive players will automatically lose when time's up. (requested by Prtbl_Trash)\n|\n|t:|1699773331\n|start\n|switch|p1a: Pelipper|Pelipper, F|100\/100\n|switch|p2a: Slowking|Slowking-Galar, F|100\/100\n|-weather|RainDance|[from] ability: Drizzle|[of] p1a: Pelipper\n|turn|1\n|\n|t:|1699773341\n|move|p1a: Pelipper|U-turn|p2a: Slowking\n|-damage|p2a: Slowking|92\/100\n|\n|t:|1699773346\n|switch|p1a: Ogerpon|Ogerpon-Wellspring, F|100\/100|[from] U-turn\n|move|p2a: Slowking|Chilly Reception|p2a: Slowking\n|-weather|Snow\n|\n|t:|1699773353\n|switch|p2a: Weavile|Weavile, F|100\/100|[from] Chilly Reception\n|-ability|p2a: Weavile|Pressure\n|\n|-weather|Snow|[upkeep]\n|upkeep\n|turn|2\n|\n|t:|1699773363\n|-terastallize|p2a: Weavile|Ice\n|-terastallize|p1a: Ogerpon|Water\n|detailschange|p1a: Ogerpon|Ogerpon-Wellspring-Tera, F, tera:Water\n|-ability|p1a: Ogerpon|Embody Aspect (Wellspring)|boost\n|-boost|p1a: Ogerpon|spd|1\n|move|p2a: Weavile|Triple Axel|p1a: Ogerpon\n|-resisted|p1a: Ogerpon\n|-damage|p1a: Ogerpon|87\/100\n|-resisted|p1a: Ogerpon\n|-damage|p1a: Ogerpon|59\/100\n|-resisted|p1a: Ogerpon\n|-damage|p1a: Ogerpon|21\/100\n|-hitcount|p1a: Ogerpon|3\n|move|p1a: Ogerpon|U-turn|p2a: Weavile\n|-damage|p2a: Weavile|67\/100\n|\n|t:|1699773378\n|switch|p1a: Ferrothorn|Ferrothorn, M|100\/100|[from] U-turn\n|\n|-weather|Snow|[upkeep]\n|upkeep\n|turn|3\n|\n|t:|1699773384\n|switch|p2a: Skeledirge|Skeledirge, F|100\/100\n|move|p1a: Ferrothorn|Stealth Rock|p2a: Skeledirge\n|-sidestart|p2: Prtbl_Trash|move: Stealth Rock\n|\n|-weather|Snow|[upkeep]\n|upkeep\n|turn|4\n|\n|t:|1699773389\n|switch|p2a: Slowking|Slowking-Galar, F|100\/100\n|switch|p1a: Pelipper|Pelipper, F|100\/100\n|-weather|RainDance|[from] ability: Drizzle|[of] p1a: Pelipper\n|\n|-weather|RainDance|[upkeep]\n|upkeep\n|turn|5\n|\n|t:|1699773399\n|move|p1a: Pelipper|U-turn|p2a: Slowking\n|-damage|p2a: Slowking|92\/100\n|\n|t:|1699773403\n|switch|p1a: Ferrothorn|Ferrothorn, M|100\/100|[from] U-turn\n|move|p2a: Slowking|Thunder Wave|p1a: Ferrothorn\n|-status|p1a: Ferrothorn|par\n|\n|-weather|RainDance|[upkeep]\n|upkeep\n|turn|6\n|\n|t:|1699773410\n|move|p2a: Slowking|Future Sight|p1a: Ferrothorn\n|-start|p2a: Slowking|move: Future Sight\n|move|p1a: Ferrothorn|Toxic|p2a: Slowking\n|-immune|p2a: Slowking\n|\n|-weather|RainDance|[upkeep]\n|upkeep\n|turn|7\n|\n|t:|1699773416\n|move|p2a: Slowking|Chilly Reception|p2a: Slowking\n|-weather|Snow\n|\n|t:|1699773418\n|switch|p2a: Gliscor|Gliscor, M|100\/100|[from] Chilly Reception\n|-damage|p2a: Gliscor|88\/100|[from] Stealth Rock\n|move|p1a: Ferrothorn|Gyro Ball|p2a: Gliscor\n|-damage|p2a: Gliscor|56\/100\n|\n|-weather|Snow|[upkeep]\n|-status|p2a: Gliscor|tox|[from] item: Toxic Orb\n|upkeep\n|turn|8\n|\n|t:|1699773425\n|move|p2a: Gliscor|Defog|p1a: Ferrothorn\n|-unboost|p1a: Ferrothorn|evasion|1\n|-sideend|p2: Prtbl_Trash|Stealth Rock|[from] move: Defog|[of] p2a: Gliscor\n|move|p1a: Ferrothorn|Gyro Ball|p2a: Gliscor\n|-damage|p2a: Gliscor|24\/100 tox\n|\n|-weather|Snow|[upkeep]\n|-end|p1a: Ferrothorn|move: Future Sight\n|-resisted|p1a: Ferrothorn\n|-damage|p1a: Ferrothorn|82\/100 par\n|-heal|p1a: Ferrothorn|88\/100 par|[from] item: Leftovers\n|-heal|p2a: Gliscor|37\/100 tox|[from] ability: Poison Heal\n|upkeep\n|turn|9\n|\n|t:|1699773431\n|switch|p1a: Pelipper|Pelipper, F|100\/100\n|-weather|RainDance|[from] ability: Drizzle|[of] p1a: Pelipper\n|move|p2a: Gliscor|Stealth Rock|p1a: Pelipper\n|-sidestart|p1: Xukuijun|move: Stealth Rock\n|\n|-weather|RainDance|[upkeep]\n|-heal|p2a: Gliscor|49\/100 tox|[from] ability: Poison Heal\n|upkeep\n|turn|10\n|\n|t:|1699773444\n|move|p2a: Gliscor|Roost|p2a: Gliscor\n|-heal|p2a: Gliscor|99\/100 tox\n|-singleturn|p2a: Gliscor|move: Roost\n|move|p1a: Pelipper|U-turn|p2a: Gliscor\n|-crit|p2a: Gliscor\n|-damage|p2a: Gliscor|91\/100 tox\n|\n|t:|1699773448\n|switch|p1a: Ogerpon|Ogerpon-Wellspring-Tera, F, tera:Water|21\/100|[from] U-turn\n|-damage|p1a: Ogerpon|8\/100|[from] Stealth Rock\n|-ability|p1a: Ogerpon|Embody Aspect (Wellspring)|boost\n|-boost|p1a: Ogerpon|spd|1\n|\n|-weather|RainDance|[upkeep]\n|-heal|p2a: Gliscor|100\/100 tox|[from] ability: Poison Heal\n|upkeep\n|turn|11\n|\n|t:|1699773458\n|switch|p2a: Venusaur|Venusaur, F|100\/100\n|move|p1a: Ogerpon|Horn Leech|p2a: Venusaur\n|-resisted|p2a: Venusaur\n|-damage|p2a: Venusaur|89\/100\n|-heal|p1a: Ogerpon|15\/100|[from] drain|[of] p2a: Venusaur\n|\n|-weather|RainDance|[upkeep]\n|upkeep\n|turn|12\n|\n|t:|1699773470\n|detailschange|p2a: Venusaur|Venusaur-Mega, F\n|-mega|p2a: Venusaur|Venusaur|Venusaurite\n|move|p1a: Ogerpon|U-turn|p2a: Venusaur\n|-damage|p2a: Venusaur|69\/100\n|\n|t:|1699773473\n|switch|p1a: Ferrothorn|Ferrothorn, M|88\/100 par|[from] U-turn\n|-damage|p1a: Ferrothorn|82\/100 par|[from] Stealth Rock\n|move|p2a: Venusaur|Giga Drain|p1a: Ferrothorn\n|-resisted|p1a: Ferrothorn\n|-damage|p1a: Ferrothorn|73\/100 par\n|-heal|p2a: Venusaur|74\/100|[from] drain|[of] p1a: Ferrothorn\n|\n|-weather|RainDance|[upkeep]\n|-heal|p1a: Ferrothorn|79\/100 par|[from] item: Leftovers\n|upkeep\n|turn|13\n|\n|t:|1699773484\n|switch|p2a: Skeledirge|Skeledirge, F|100\/100\n|move|p1a: Ferrothorn|Gyro Ball|p2a: Skeledirge\n|-resisted|p2a: Skeledirge\n|-damage|p2a: Skeledirge|87\/100\n|\n|-weather|RainDance|[upkeep]\n|-heal|p1a: Ferrothorn|86\/100 par|[from] item: Leftovers\n|upkeep\n|turn|14\n|\n|t:|1699773492\n|switch|p1a: Ogerpon|Ogerpon-Wellspring-Tera, F, tera:Water|15\/100\n|-damage|p1a: Ogerpon|3\/100|[from] Stealth Rock\n|-ability|p1a: Ogerpon|Embody Aspect (Wellspring)|boost\n|-boost|p1a: Ogerpon|spd|1\n|move|p2a: Skeledirge|Torch Song|p1a: Ogerpon\n|-resisted|p1a: Ogerpon\n|-damage|p1a: Ogerpon|0 fnt\n|-boost|p2a: Skeledirge|spa|1\n|faint|p1a: Ogerpon\n|\n|-weather|RainDance|[upkeep]\n|upkeep\n|\n|t:|1699773501\n|switch|p1a: Greninja|Greninja, M|100\/100\n|-damage|p1a: Greninja|88\/100|[from] Stealth Rock\n|turn|15\n|\n|t:|1699773507\n|switch|p2a: Venusaur|Venusaur-Mega, F|74\/100\n|move|p1a: Greninja|Hydro Pump|p2a: Venusaur\n|-resisted|p2a: Venusaur\n|-damage|p2a: Venusaur|35\/100\n|-damage|p1a: Greninja|78\/100|[from] item: Life Orb\n|\n|-weather|RainDance|[upkeep]\n|upkeep\n|turn|16\n|\n|t:|1699773516\n|move|p1a: Greninja|Hydro Pump|p2a: Venusaur|[miss]\n|-miss|p1a: Greninja|p2a: Venusaur\n|move|p2a: Venusaur|Giga Drain|p1a: Greninja\n|-supereffective|p1a: Greninja\n|-damage|p1a: Greninja|0 fnt\n|-heal|p2a: Venusaur|66\/100|[from] drain|[of] p1a: Greninja\n|faint|p1a: Greninja\n|\n|-weather|none\n|upkeep\n|\n|t:|1699773521\n|switch|p1a: Pelipper|Pelipper, F|100\/100\n|-damage|p1a: Pelipper|76\/100|[from] Stealth Rock\n|-weather|RainDance|[from] ability: Drizzle|[of] p1a: Pelipper\n|turn|17\n|\n|t:|1699773531\n|switch|p1a: Zapdos|Zapdos|100\/100\n|move|p2a: Venusaur|Giga Drain|p1a: Zapdos\n|-resisted|p1a: Zapdos\n|-damage|p1a: Zapdos|79\/100\n|-heal|p2a: Venusaur|75\/100|[from] drain|[of] p1a: Zapdos\n|\n|-weather|RainDance|[upkeep]\n|upkeep\n|turn|18\n|\n|t:|1699773538\n|move|p1a: Zapdos|Hurricane|p2a: Venusaur\n|-supereffective|p2a: Venusaur\n|-damage|p2a: Venusaur|0 fnt\n|faint|p2a: Venusaur\n|\n|-weather|RainDance|[upkeep]\n|upkeep\n|\n|t:|1699773541\n|switch|p2a: Slowking|Slowking-Galar, F|100\/100\n|turn|19\n|\n|t:|1699773545\n|move|p1a: Zapdos|Thunder|p2a: Slowking\n|-crit|p2a: Slowking\n|-damage|p2a: Slowking|55\/100\n|-status|p2a: Slowking|par\n|move|p2a: Slowking|Future Sight|p1a: Zapdos\n|-start|p2a: Slowking|move: Future Sight\n|\n|-weather|RainDance|[upkeep]\n|upkeep\n|turn|20\n|\n|t:|1699773556\n|move|p1a: Zapdos|Hurricane|p2a: Slowking\n|-damage|p2a: Slowking|23\/100 par\n|move|p2a: Slowking|Chilly Reception|p2a: Slowking\n|-weather|Snow\n|\n|t:|1699773562\n|switch|p2a: Weavile|Weavile, F, tera:Ice|67\/100|[from] Chilly Reception\n|-ability|p2a: Weavile|Pressure\n|\n|-weather|Snow|[upkeep]\n|upkeep\n|turn|21\n|\n|t:|1699773567\n|-activate|p1a: Zapdos|move: Pursuit\n|move|p2a: Weavile|Pursuit|p1a: Zapdos|[from]Pursuit\n|-damage|p1a: Zapdos|11\/100\n|switch|p1a: Pelipper|Pelipper, F|76\/100\n|-damage|p1a: Pelipper|51\/100|[from] Stealth Rock\n|-weather|RainDance|[from] ability: Drizzle|[of] p1a: Pelipper\n|\n|-weather|RainDance|[upkeep]\n|-end|p1a: Pelipper|move: Future Sight\n|-damage|p1a: Pelipper|6\/100\n|upkeep\n|turn|22\n|\n|t:|1699773578\n|move|p2a: Weavile|Pursuit|p1a: Pelipper\n|-damage|p1a: Pelipper|0 fnt\n|faint|p1a: Pelipper\n|\n|-weather|RainDance|[upkeep]\n|upkeep\n|\n|t:|1699773581\n|switch|p1a: Swampert|Swampert, M|100\/100\n|-damage|p1a: Swampert|94\/100|[from] Stealth Rock\n|turn|23\n|\n|t:|1699773588\n|switch|p2a: Gliscor|Gliscor, M|100\/100 tox\n|detailschange|p1a: Swampert|Swampert-Mega, M\n|-mega|p1a: Swampert|Swampert|Swampertite\n|move|p1a: Swampert|Liquidation|p2a: Gliscor\n|-supereffective|p2a: Gliscor\n|-damage|p2a: Gliscor|11\/100 tox\n|\n|-weather|RainDance|[upkeep]\n|-heal|p2a: Gliscor|23\/100 tox|[from] ability: Poison Heal\n|upkeep\n|turn|24\n|\n|t:|1699773598\n|move|p1a: Swampert|Liquidation|p2a: Gliscor\n|-supereffective|p2a: Gliscor\n|-damage|p2a: Gliscor|0 fnt\n|faint|p2a: Gliscor\n|\n|-weather|RainDance|[upkeep]\n|upkeep\n|\n|t:|1699773603\n|switch|p2a: Urshifu|Urshifu-Rapid-Strike, M|100\/100\n|turn|25\n|\n|t:|1699773608\n|move|p1a: Swampert|Earthquake|p2a: Urshifu\n|-damage|p2a: Urshifu|38\/100\n|move|p2a: Urshifu|Surging Strikes|p1a: Swampert\n|-crit|p1a: Swampert\n|-damage|p1a: Swampert|66\/100\n|-crit|p1a: Swampert\n|-damage|p1a: Swampert|36\/100\n|-crit|p1a: Swampert\n|-damage|p1a: Swampert|9\/100\n|-hitcount|p1a: Swampert|3\n|\n|-weather|RainDance|[upkeep]\n|upkeep\n|turn|26\n|\n|t:|1699773618\n|switch|p2a: Slowking|Slowking-Galar, F|56\/100 par\n|move|p1a: Swampert|Earthquake|p2a: Slowking\n|-supereffective|p2a: Slowking\n|-damage|p2a: Slowking|0 fnt\n|faint|p2a: Slowking\n|\n|-weather|RainDance|[upkeep]\n|upkeep\n|\n|t:|1699773619\n|switch|p2a: Urshifu|Urshifu-Rapid-Strike, M|38\/100\n|turn|27\n|\n|t:|1699773632\n|switch|p1a: Ferrothorn|Ferrothorn, M|86\/100 par\n|-damage|p1a: Ferrothorn|79\/100 par|[from] Stealth Rock\n|move|p2a: Urshifu|Aqua Jet|p1a: Ferrothorn\n|-resisted|p1a: Ferrothorn\n|-damage|p1a: Ferrothorn|71\/100 par\n|-damage|p2a: Urshifu|26\/100|[from] ability: Iron Barbs|[of] p1a: Ferrothorn\n|\n|-weather|RainDance|[upkeep]\n|-heal|p1a: Ferrothorn|77\/100 par|[from] item: Leftovers\n|upkeep\n|turn|28\n|\n|t:|1699773641\n|switch|p2a: Skeledirge|Skeledirge, F|87\/100\n|move|p1a: Ferrothorn|Toxic|p2a: Skeledirge\n|-status|p2a: Skeledirge|tox\n|\n|-weather|none\n|-heal|p1a: Ferrothorn|83\/100 par|[from] item: Leftovers\n|-damage|p2a: Skeledirge|81\/100 tox|[from] psn\n|upkeep\n|turn|29\n|\n|t:|1699773647\n|switch|p1a: Zapdos|Zapdos|11\/100\n|move|p2a: Skeledirge|Torch Song|p1a: Zapdos\n|-crit|p1a: Zapdos\n|-damage|p1a: Zapdos|0 fnt\n|-boost|p2a: Skeledirge|spa|1\n|faint|p1a: Zapdos\n|\n|-damage|p2a: Skeledirge|69\/100 tox|[from] psn\n|upkeep\n|\n|t:|1699773654\n|switch|p1a: Swampert|Swampert-Mega, M|9\/100\n|-damage|p1a: Swampert|3\/100|[from] Stealth Rock\n|turn|30\n|\n|t:|1699773662\n|move|p1a: Swampert|Liquidation|p2a: Skeledirge\n|-supereffective|p2a: Skeledirge\n|-damage|p2a: Skeledirge|11\/100 tox\n|move|p2a: Skeledirge|Torch Song|p1a: Swampert\n|-resisted|p1a: Swampert\n|-damage|p1a: Swampert|0 fnt\n|-boost|p2a: Skeledirge|spa|1\n|faint|p1a: Swampert\n|\n|-damage|p2a: Skeledirge|0 fnt|[from] psn\n|faint|p2a: Skeledirge\n|upkeep\n|\n|t:|1699773682\n|switch|p1a: Ferrothorn|Ferrothorn, M|83\/100 par\n|switch|p2a: Weavile|Weavile, F, tera:Ice|67\/100\n|-ability|p2a: Weavile|Pressure\n|-damage|p1a: Ferrothorn|77\/100 par|[from] Stealth Rock\n|turn|31\n|\n|t:|1699773688\n|move|p2a: Weavile|Knock Off|p1a: Ferrothorn\n|-damage|p1a: Ferrothorn|36\/100 par\n|-damage|p2a: Weavile|55\/100|[from] ability: Iron Barbs|[of] p1a: Ferrothorn\n|-enditem|p1a: Ferrothorn|Leftovers|[from] move: Knock Off|[of] p2a: Weavile\n|move|p1a: Ferrothorn|Gyro Ball|p2a: Weavile\n|-supereffective|p2a: Weavile\n|-damage|p2a: Weavile|0 fnt\n|faint|p2a: Weavile\n|\n|upkeep\n|\n|t:|1699773695\n|switch|p2a: Urshifu|Urshifu-Rapid-Strike, M|26\/100\n|turn|32\n|\n|t:|1699773699\n|move|p2a: Urshifu|Close Combat|p1a: Ferrothorn\n|-supereffective|p1a: Ferrothorn\n|-crit|p1a: Ferrothorn\n|-damage|p1a: Ferrothorn|0 fnt\n|-unboost|p2a: Urshifu|def|1\n|-unboost|p2a: Urshifu|spd|1\n|-damage|p2a: Urshifu|13\/100|[from] ability: Iron Barbs|[of] p1a: Ferrothorn\n|faint|p1a: Ferrothorn\n|\n|win|Prtbl_Trash\n|raw|Xukuijun's rating: 1537 &rarr; <strong>1513<\/strong><br \/>(-24 for losing)\n|raw|Prtbl_Trash's rating: 1469 &rarr; <strong>1493<\/strong><br \/>(+24 for winning)\n|l|\u2606Xukuijun\n","uploadtime":1699774074,"views":9,"p1id":"xukuijun","p2id":"prtbltrash","formatid":"gen9nationaldex","rating":1493,"private":0,"password":""}