{"id":"gen9nationaldex-1995116911","p1":"DarkSeid012","p2":"kilhousevanhouten","format":"[Gen 9] National Dex","log":"|html|<div class=\"broadcast-blue\"><strong>[Gen 9] National Dex is currently suspecting Sneasler! For information on how to participate check out the <a href=\"https:\/\/www.smogon.com\/forums\/threads\/sv-national-dex-suspect-8-just-dance.3731534\/\">suspect thread<\/a>.<\/strong><\/div>\n|j|\u2606DarkSeid012\n|j|\u2606kilhousevanhouten\n|t:|1700524412\n|gametype|singles\n|player|p1|DarkSeid012|red|1242\n|player|p2|kilhousevanhouten|cameraman|1234\n|teamsize|p1|6\n|teamsize|p2|6\n|gen|9\n|tier|[Gen 9] National Dex\n|rated|\n|rule|HP Percentage Mod: HP is shown in percentages\n|rule|Endless Battle Clause: Forcing endless battles is banned\n|rule|OHKO Clause: OHKO moves are banned\n|rule|Evasion Clause: Evasion abilities, items, and moves are banned\n|rule|Evasion Abilities Clause: Evasion abilities are banned\n|rule|Evasion Items Clause: Evasion items are banned\n|rule|Evasion Moves Clause: Evasion moves are banned\n|rule|Species Clause: Limit one of each Pok\u00e9mon\n|rule|Sleep Clause Mod: Limit one foe put to sleep\n|clearpoke\n|poke|p1|Tapu Lele|\n|poke|p1|Venusaur, M|\n|poke|p1|Torkoal, F|\n|poke|p1|Hitmonlee, M|\n|poke|p1|Garchomp, M|\n|poke|p1|Manectric, F|\n|poke|p2|Garchomp, M|\n|poke|p2|Hawlucha, M|\n|poke|p2|Volcarona, F|\n|poke|p2|Ceruledge, M|\n|poke|p2|Munkidori, M|\n|poke|p2|Tyranitar, F|\n|teampreview\n|inactive|Battle timer is ON: inactive players will automatically lose when time's up. (requested by kilhousevanhouten)\n|\n|t:|1700524429\n|start\n|switch|p1a: Manectric|Manectric, F|100\/100\n|switch|p2a: Adrenae|Volcarona, F|100\/100\n|turn|1\n|\n|t:|1700524434\n|detailschange|p1a: Manectric|Manectric-Mega, F\n|-mega|p1a: Manectric|Manectric|Manectite\n|-ability|p1a: Manectric|Intimidate|boost\n|-unboost|p2a: Adrenae|atk|1\n|move|p1a: Manectric|Volt Switch|p2a: Adrenae\n|-damage|p2a: Adrenae|60\/100\n|\n|t:|1700524437\n|switch|p1a: Garchomp|Garchomp, M|100\/100|[from] Volt Switch\n|move|p2a: Adrenae|Flamethrower|p1a: Garchomp\n|-resisted|p1a: Garchomp\n|-damage|p1a: Garchomp|72\/100\n|\n|upkeep\n|turn|2\n|\n|t:|1700524446\n|-terastallize|p2a: Adrenae|Water\n|move|p1a: Garchomp|Dragon Claw|p2a: Adrenae\n|-damage|p2a: Adrenae|0 fnt\n|faint|p2a: Adrenae\n|\n|upkeep\n|\n|t:|1700524455\n|switch|p2a: big scrunch|Garchomp, M|100\/100\n|turn|3\n|\n|t:|1700524459\n|move|p1a: Garchomp|Dragon Claw|p2a: big scrunch\n|-supereffective|p2a: big scrunch\n|-crit|p2a: big scrunch\n|-enditem|p2a: big scrunch|Focus Sash\n|-damage|p2a: big scrunch|1\/100\n|-damage|p1a: Garchomp|60\/100|[from] ability: Rough Skin|[of] p2a: big scrunch\n|move|p2a: big scrunch|Liquidation|p1a: Garchomp\n|-crit|p1a: Garchomp\n|-damage|p1a: Garchomp|14\/100\n|-damage|p2a: big scrunch|0 fnt|[from] ability: Rough Skin|[of] p1a: Garchomp\n|faint|p2a: big scrunch\n|\n|upkeep\n|\n|t:|1700524472\n|switch|p2a: rick flair|Hawlucha, M|100\/100\n|-ability|p2a: rick flair|Mold Breaker\n|turn|4\n|\n|t:|1700524476\n|move|p2a: rick flair|Acrobatics|p1a: Garchomp\n|-damage|p1a: Garchomp|0 fnt\n|-damage|p2a: rick flair|88\/100|[from] ability: Rough Skin|[of] p1a: Garchomp\n|-damage|p2a: rick flair|72\/100|[from] item: Rocky Helmet|[of] p1a: Garchomp\n|faint|p1a: Garchomp\n|\n|upkeep\n|\n|t:|1700524478\n|switch|p1a: Tapu Lele|Tapu Lele|100\/100\n|-fieldstart|move: Psychic Terrain|[from] ability: Psychic Surge|[of] p1a: Tapu Lele\n|turn|5\n|\n|t:|1700524495\n|switch|p1a: Torkoal|Torkoal, F|100\/100\n|-weather|SunnyDay|[from] ability: Drought|[of] p1a: Torkoal\n|move|p2a: rick flair|Acrobatics|p1a: Torkoal\n|-damage|p1a: Torkoal|74\/100\n|\n|-weather|SunnyDay|[upkeep]\n|upkeep\n|turn|6\n|\n|t:|1700524504\n|move|p2a: rick flair|Close Combat|p1a: Torkoal\n|-damage|p1a: Torkoal|44\/100\n|-unboost|p2a: rick flair|def|1\n|-unboost|p2a: rick flair|spd|1\n|move|p1a: Torkoal|Lava Plume|p2a: rick flair\n|-damage|p2a: rick flair|0 fnt\n|faint|p2a: rick flair\n|\n|-weather|SunnyDay|[upkeep]\n|upkeep\n|\n|t:|1700524520\n|switch|p2a: the element|Tyranitar, F|100\/100\n|-weather|Sandstorm|[from] ability: Sand Stream|[of] p2a: the element\n|turn|7\n|\n|t:|1700524525\n|detailschange|p2a: the element|Tyranitar-Mega, F\n|-mega|p2a: the element|Tyranitar|Tyranitarite\n|move|p2a: the element|Earthquake|p1a: Torkoal\n|-supereffective|p1a: Torkoal\n|-crit|p1a: Torkoal\n|-damage|p1a: Torkoal|0 fnt\n|faint|p1a: Torkoal\n|\n|-weather|Sandstorm|[upkeep]\n|upkeep\n|\n|t:|1700524534\n|switch|p1a: Hitmonlee|Hitmonlee, M|100\/100\n|-enditem|p1a: Hitmonlee|Psychic Seed\n|-boost|p1a: Hitmonlee|spd|1|[from] item: Psychic Seed\n|turn|8\n|\n|t:|1700524542\n|move|p1a: Hitmonlee|Bulk Up|p1a: Hitmonlee\n|-boost|p1a: Hitmonlee|atk|1\n|-boost|p1a: Hitmonlee|def|1\n|move|p2a: the element|Earthquake|p1a: Hitmonlee\n|-damage|p1a: Hitmonlee|23\/100\n|\n|-weather|Sandstorm|[upkeep]\n|-damage|p1a: Hitmonlee|17\/100|[from] Sandstorm\n|upkeep\n|turn|9\n|inactive|kilhousevanhouten has 120 seconds left.\n|inactive|kilhousevanhouten has 90 seconds left.\n|inactive|kilhousevanhouten has 60 seconds left.\n|c|\u2606DarkSeid012|Go bitch\n|c|\u2606DarkSeid012|stupid idiot\n|inactive|kilhousevanhouten has 30 seconds left.\n|c|\u2606DarkSeid012|look at you\n|inactive|kilhousevanhouten has 20 seconds left.\n|c|\u2606DarkSeid012|literally fucking stupid\n|inactive|kilhousevanhouten has 15 seconds left.\n|inactive|kilhousevanhouten has 10 seconds left.\n|c|\u2606DarkSeid012|do something\n|inactive|kilhousevanhouten has 5 seconds left.\n|c|\u2606DarkSeid012|or quit bitch\n|-message|kilhousevanhouten lost due to inactivity.\n|\n|win|DarkSeid012\n|raw|DarkSeid012's rating: 1242 &rarr; <strong>1266<\/strong><br \/>(+24 for winning)\n|raw|kilhousevanhouten's rating: 1234 &rarr; <strong>1210<\/strong><br \/>(-24 for losing)\n","uploadtime":1700524675,"views":1,"p1id":"darkseid012","p2id":"kilhousevanhouten","formatid":"gen9nationaldex","rating":1210,"private":0,"password":""}