{"id":"gen9nationaldex-1994237117","p1":"Himuro Arcana","p2":"zeonteo","format":"[Gen 9] National Dex","log":"|j|\u2606Himuro Arcana\n|j|\u2606zeonteo\n|t:|1700422077\n|gametype|singles\n|player|p1|Himuro Arcana|266|1297\n|player|p2|zeonteo|pokemonranger-gen4|1378\n|teamsize|p1|6\n|teamsize|p2|6\n|gen|9\n|tier|[Gen 9] National Dex\n|rated|\n|rule|HP Percentage Mod: HP is shown in percentages\n|rule|Endless Battle Clause: Forcing endless battles is banned\n|rule|OHKO Clause: OHKO moves are banned\n|rule|Evasion Clause: Evasion abilities, items, and moves are banned\n|rule|Evasion Abilities Clause: Evasion abilities are banned\n|rule|Evasion Items Clause: Evasion items are banned\n|rule|Evasion Moves Clause: Evasion moves are banned\n|rule|Species Clause: Limit one of each Pok\u00e9mon\n|rule|Sleep Clause Mod: Limit one foe put to sleep\n|clearpoke\n|poke|p1|Rillaboom, M|\n|poke|p1|Volcarona, M|\n|poke|p1|Greninja-*, M|\n|poke|p1|Garganacl, F|\n|poke|p1|Corviknight, M|\n|poke|p1|Mawile, F|\n|poke|p2|Lopunny, M|\n|poke|p2|Gliscor, M|\n|poke|p2|Skarmory, M|\n|poke|p2|Volcarona, M|\n|poke|p2|Toxapex, F|\n|poke|p2|Hatterene, F|\n|teampreview\n|inactive|Battle timer is ON: inactive players will automatically lose when time's up. (requested by zeonteo)\n|\n|t:|1700422093\n|start\n|switch|p1a: Garganacl|Garganacl, F|100\/100\n|switch|p2a: LOVE|Lopunny, M|100\/100\n|turn|1\n|\n|t:|1700422101\n|switch|p1a: Corviknight|Corviknight, M|100\/100\n|detailschange|p2a: LOVE|Lopunny-Mega, M\n|-mega|p2a: LOVE|Lopunny|Lopunnite\n|move|p2a: LOVE|U-turn|p1a: Corviknight\n|-resisted|p1a: Corviknight\n|-damage|p1a: Corviknight|97\/100\n|-damage|p2a: LOVE|84\/100|[from] item: Rocky Helmet|[of] p1a: Corviknight\n|\n|t:|1700422111\n|switch|p2a: FIRESTORMZ|Volcarona, M|100\/100|[from] U-turn\n|\n|upkeep\n|turn|2\n|\n|t:|1700422124\n|switch|p1a: Garganacl|Garganacl, F|100\/100\n|move|p2a: FIRESTORMZ|Quiver Dance|p2a: FIRESTORMZ\n|-boost|p2a: FIRESTORMZ|spa|1\n|-boost|p2a: FIRESTORMZ|spd|1\n|-boost|p2a: FIRESTORMZ|spe|1\n|\n|upkeep\n|turn|3\n|\n|t:|1700422140\n|move|p2a: FIRESTORMZ|Giga Drain|p1a: Garganacl\n|-supereffective|p1a: Garganacl\n|-damage|p1a: Garganacl|52\/100\n|move|p1a: Garganacl|Salt Cure|p2a: FIRESTORMZ\n|-supereffective|p2a: FIRESTORMZ\n|-damage|p2a: FIRESTORMZ|16\/100\n|-start|p2a: FIRESTORMZ|Salt Cure\n|\n|-heal|p1a: Garganacl|58\/100|[from] item: Leftovers\n|-damage|p2a: FIRESTORMZ|3\/100|[from] Salt Cure\n|upkeep\n|turn|4\n|\n|t:|1700422152\n|switch|p2a: NIGHTMARE|Gliscor, M|100\/100\n|move|p1a: Garganacl|Protect||[still]\n|-fail|p1a: Garganacl\n|\n|-heal|p1a: Garganacl|64\/100|[from] item: Leftovers\n|-status|p2a: NIGHTMARE|tox|[from] item: Toxic Orb\n|upkeep\n|turn|5\n|\n|t:|1700422165\n|switch|p1a: Corviknight|Corviknight, M|97\/100\n|move|p2a: NIGHTMARE|Knock Off|p1a: Corviknight\n|-damage|p1a: Corviknight|84\/100\n|-damage|p2a: NIGHTMARE|84\/100 tox|[from] item: Rocky Helmet|[of] p1a: Corviknight\n|-enditem|p1a: Corviknight|Rocky Helmet|[from] move: Knock Off|[of] p2a: NIGHTMARE\n|\n|-heal|p2a: NIGHTMARE|96\/100 tox|[from] ability: Poison Heal\n|upkeep\n|turn|6\n|\n|t:|1700422175\n|switch|p2a: DURIAN|Toxapex, F|100\/100\n|move|p1a: Corviknight|Bulk Up|p1a: Corviknight\n|-boost|p1a: Corviknight|atk|1\n|-boost|p1a: Corviknight|def|1\n|\n|upkeep\n|turn|7\n|\n|t:|1700422190\n|switch|p1a: Garganacl|Garganacl, F|64\/100\n|move|p2a: DURIAN|Scald|p1a: Garganacl\n|-supereffective|p1a: Garganacl\n|-damage|p1a: Garganacl|42\/100\n|\n|-heal|p1a: Garganacl|48\/100|[from] item: Leftovers\n|upkeep\n|turn|8\n|\n|t:|1700422200\n|switch|p2a: BEAUTY|Hatterene, F|100\/100\n|move|p1a: Garganacl|Recover|p1a: Garganacl\n|-heal|p1a: Garganacl|98\/100\n|\n|-heal|p1a: Garganacl|100\/100|[from] item: Leftovers\n|upkeep\n|turn|9\n|\n|t:|1700422213\n|move|p1a: Garganacl|Salt Cure|p2a: BEAUTY\n|-damage|p2a: BEAUTY|83\/100\n|-start|p2a: BEAUTY|Salt Cure\n|move|p2a: BEAUTY|Mystical Fire|p1a: Garganacl\n|-resisted|p1a: Garganacl\n|-damage|p1a: Garganacl|93\/100\n|-unboost|p1a: Garganacl|spa|1\n|\n|-heal|p1a: Garganacl|99\/100|[from] item: Leftovers\n|-heal|p2a: BEAUTY|89\/100|[from] item: Leftovers\n|-damage|p2a: BEAUTY|77\/100|[from] Salt Cure\n|upkeep\n|turn|10\n|\n|t:|1700422226\n|move|p1a: Garganacl|Protect|p1a: Garganacl\n|-singleturn|p1a: Garganacl|Protect\n|move|p2a: BEAUTY|Draining Kiss|p1a: Garganacl\n|-activate|p1a: Garganacl|move: Protect\n|\n|-heal|p1a: Garganacl|100\/100|[from] item: Leftovers\n|-heal|p2a: BEAUTY|83\/100|[from] item: Leftovers\n|-damage|p2a: BEAUTY|71\/100|[from] Salt Cure\n|upkeep\n|turn|11\n|\n|t:|1700422243\n|switch|p1a: Corviknight|Corviknight, M|84\/100\n|switch|p2a: DURIAN|Toxapex, F|100\/100\n|\n|upkeep\n|turn|12\n|\n|t:|1700422250\n|switch|p1a: Garganacl|Garganacl, F|100\/100\n|move|p2a: DURIAN|Scald|p1a: Garganacl\n|-supereffective|p1a: Garganacl\n|-damage|p1a: Garganacl|77\/100\n|\n|-heal|p1a: Garganacl|83\/100|[from] item: Leftovers\n|upkeep\n|turn|13\n|\n|t:|1700422260\n|switch|p2a: NIGHTMARE|Gliscor, M|96\/100 tox\n|move|p1a: Garganacl|Salt Cure|p2a: NIGHTMARE\n|-damage|p2a: NIGHTMARE|88\/100 tox\n|-start|p2a: NIGHTMARE|Salt Cure\n|\n|-heal|p1a: Garganacl|89\/100|[from] item: Leftovers\n|-heal|p2a: NIGHTMARE|99\/100 tox|[from] ability: Poison Heal\n|-damage|p2a: NIGHTMARE|88\/100 tox|[from] Salt Cure\n|upkeep\n|turn|14\n|\n|t:|1700422271\n|switch|p2a: DURIAN|Toxapex, F|100\/100\n|switch|p1a: Greninja|Greninja, M|100\/100\n|\n|upkeep\n|turn|15\n|\n|t:|1700422281\n|switch|p1a: Corviknight|Corviknight, M|84\/100\n|move|p2a: DURIAN|Scald|p1a: Corviknight\n|-damage|p1a: Corviknight|69\/100\n|-status|p1a: Corviknight|brn\n|\n|-damage|p1a: Corviknight|62\/100 brn|[from] brn\n|upkeep\n|turn|16\n|\n|t:|1700422294\n|switch|p2a: NIGHTMARE|Gliscor, M|88\/100 tox\n|move|p1a: Corviknight|Roost|p1a: Corviknight\n|-heal|p1a: Corviknight|100\/100 brn\n|-singleturn|p1a: Corviknight|move: Roost\n|\n|-heal|p2a: NIGHTMARE|99\/100 tox|[from] ability: Poison Heal\n|-damage|p1a: Corviknight|94\/100 brn|[from] brn\n|upkeep\n|turn|17\n|\n|t:|1700422306\n|move|p2a: NIGHTMARE|Knock Off|p1a: Corviknight\n|-damage|p1a: Corviknight|85\/100 brn\n|move|p1a: Corviknight|Bulk Up|p1a: Corviknight\n|-boost|p1a: Corviknight|atk|1\n|-boost|p1a: Corviknight|def|1\n|\n|-heal|p2a: NIGHTMARE|100\/100 tox|[from] ability: Poison Heal\n|-damage|p1a: Corviknight|79\/100 brn|[from] brn\n|upkeep\n|turn|18\n|\n|t:|1700422316\n|move|p2a: NIGHTMARE|U-turn|p1a: Corviknight\n|-resisted|p1a: Corviknight\n|-damage|p1a: Corviknight|77\/100 brn\n|\n|t:|1700422319\n|switch|p2a: DURIAN|Toxapex, F|100\/100|[from] U-turn\n|move|p1a: Corviknight|Bulk Up|p1a: Corviknight\n|-boost|p1a: Corviknight|atk|1\n|-boost|p1a: Corviknight|def|1\n|\n|-damage|p1a: Corviknight|71\/100 brn|[from] brn\n|upkeep\n|turn|19\n|\n|t:|1700422330\n|move|p1a: Corviknight|Bulk Up|p1a: Corviknight\n|-boost|p1a: Corviknight|atk|1\n|-boost|p1a: Corviknight|def|1\n|move|p2a: DURIAN|Haze|p2a: DURIAN\n|-clearallboost\n|\n|-damage|p1a: Corviknight|65\/100 brn|[from] brn\n|upkeep\n|turn|20\n|\n|t:|1700422342\n|switch|p1a: Greninja|Greninja, M|100\/100\n|switch|p2a: BEAUTY|Hatterene, F|71\/100\n|\n|-heal|p2a: BEAUTY|77\/100|[from] item: Leftovers\n|upkeep\n|turn|21\n|\n|t:|1700422352\n|move|p1a: Greninja|U-turn|p2a: BEAUTY\n|-damage|p2a: BEAUTY|61\/100\n|\n|t:|1700422359\n|switch|p1a: Volcarona|Volcarona, M|100\/100|[from] U-turn\n|move|p2a: BEAUTY|Trick Room|p2a: BEAUTY\n|-fieldstart|move: Trick Room|[of] p2a: BEAUTY\n|\n|-heal|p2a: BEAUTY|67\/100|[from] item: Leftovers\n|upkeep\n|turn|22\n|\n|t:|1700422371\n|move|p2a: BEAUTY|Calm Mind|p2a: BEAUTY\n|-boost|p2a: BEAUTY|spa|1\n|-boost|p2a: BEAUTY|spd|1\n|move|p1a: Volcarona|Giga Drain|p2a: BEAUTY\n|-damage|p2a: BEAUTY|53\/100\n|\n|-heal|p2a: BEAUTY|59\/100|[from] item: Leftovers\n|upkeep\n|turn|23\n|\n|t:|1700422380\n|move|p2a: BEAUTY|Draining Kiss|p1a: Volcarona\n|-resisted|p1a: Volcarona\n|-damage|p1a: Volcarona|83\/100\n|-heal|p2a: BEAUTY|72\/100|[from] drain|[of] p1a: Volcarona\n|-status|p2a: BEAUTY|brn|[from] ability: Flame Body|[of] p1a: Volcarona\n|move|p1a: Volcarona|Bug Buzz|p2a: BEAUTY\n|-damage|p2a: BEAUTY|46\/100 brn\n|-unboost|p2a: BEAUTY|spd|1\n|\n|-heal|p2a: BEAUTY|52\/100 brn|[from] item: Leftovers\n|-damage|p2a: BEAUTY|46\/100 brn|[from] brn\n|upkeep\n|turn|24\n|\n|t:|1700422393\n|move|p2a: BEAUTY|Mystical Fire|p1a: Volcarona\n|-damage|p1a: Volcarona|50\/100\n|-unboost|p1a: Volcarona|spa|1\n|move|p1a: Volcarona|Bug Buzz|p2a: BEAUTY\n|-damage|p2a: BEAUTY|24\/100 brn\n|-unboost|p2a: BEAUTY|spd|1\n|\n|-heal|p2a: BEAUTY|30\/100 brn|[from] item: Leftovers\n|-damage|p2a: BEAUTY|24\/100 brn|[from] brn\n|upkeep\n|turn|25\n|\n|t:|1700422405\n|switch|p2a: DURIAN|Toxapex, F|100\/100\n|move|p1a: Volcarona|Giga Drain|p2a: DURIAN\n|-damage|p2a: DURIAN|85\/100\n|-heal|p1a: Volcarona|57\/100|[from] drain|[of] p2a: DURIAN\n|\n|-heal|p2a: DURIAN|92\/100|[from] item: Leftovers\n|-fieldend|move: Trick Room\n|upkeep\n|turn|26\n|\n|t:|1700422421\n|switch|p1a: Garganacl|Garganacl, F|89\/100\n|move|p2a: DURIAN|Scald|p1a: Garganacl\n|-supereffective|p1a: Garganacl\n|-damage|p1a: Garganacl|65\/100\n|\n|-heal|p2a: DURIAN|98\/100|[from] item: Leftovers\n|-heal|p1a: Garganacl|72\/100|[from] item: Leftovers\n|upkeep\n|turn|27\n|\n|t:|1700422431\n|switch|p2a: NIGHTMARE|Gliscor, M|100\/100 tox\n|move|p1a: Garganacl|Salt Cure|p2a: NIGHTMARE\n|-damage|p2a: NIGHTMARE|92\/100 tox\n|-start|p2a: NIGHTMARE|Salt Cure\n|\n|-heal|p1a: Garganacl|78\/100|[from] item: Leftovers\n|-heal|p2a: NIGHTMARE|100\/100 tox|[from] ability: Poison Heal\n|-damage|p2a: NIGHTMARE|88\/100 tox|[from] Salt Cure\n|upkeep\n|turn|28\n|\n|t:|1700422442\n|switch|p2a: DURIAN|Toxapex, F|100\/100\n|move|p1a: Garganacl|Protect||[still]\n|-fail|p1a: Garganacl\n|\n|-heal|p1a: Garganacl|84\/100|[from] item: Leftovers\n|upkeep\n|turn|29\n|\n|t:|1700422450\n|switch|p2a: NIGHTMARE|Gliscor, M|88\/100 tox\n|move|p1a: Garganacl|Stealth Rock|p2a: NIGHTMARE\n|-sidestart|p2: zeonteo|move: Stealth Rock\n|\n|-heal|p1a: Garganacl|90\/100|[from] item: Leftovers\n|-heal|p2a: NIGHTMARE|100\/100 tox|[from] ability: Poison Heal\n|upkeep\n|turn|30\n|j| Raiulenx9\n|\n|t:|1700422460\n|move|p2a: NIGHTMARE|Defog|p1a: Garganacl\n|-unboost|p1a: Garganacl|evasion|1\n|-sideend|p2: zeonteo|Stealth Rock|[from] move: Defog|[of] p2a: NIGHTMARE\n|move|p1a: Garganacl|Salt Cure|p2a: NIGHTMARE\n|-damage|p2a: NIGHTMARE|91\/100 tox\n|-start|p2a: NIGHTMARE|Salt Cure\n|\n|-heal|p1a: Garganacl|96\/100|[from] item: Leftovers\n|-heal|p2a: NIGHTMARE|100\/100 tox|[from] ability: Poison Heal\n|-damage|p2a: NIGHTMARE|88\/100 tox|[from] Salt Cure\n|upkeep\n|turn|31\n|inactive|Himuro Arcana has 120 seconds left.\n|\n|t:|1700422494\n|switch|p1a: Greninja|Greninja, M|100\/100\n|move|p2a: NIGHTMARE|Knock Off|p1a: Greninja\n|-resisted|p1a: Greninja\n|-damage|p1a: Greninja|83\/100\n|-enditem|p1a: Greninja|Assault Vest|[from] move: Knock Off|[of] p2a: NIGHTMARE\n|\n|-heal|p2a: NIGHTMARE|100\/100 tox|[from] ability: Poison Heal\n|-damage|p2a: NIGHTMARE|88\/100 tox|[from] Salt Cure\n|upkeep\n|turn|32\n|inactive|Himuro Arcana has 120 seconds left.\n|\n|t:|1700422506\n|switch|p1a: Rillaboom|Rillaboom, M|100\/100\n|-fieldstart|move: Grassy Terrain|[from] ability: Grassy Surge|[of] p1a: Rillaboom\n|switch|p2a: DURIAN|Toxapex, F|100\/100\n|\n|upkeep\n|turn|33\n|inactive|Himuro Arcana has 120 seconds left.\n|\n|t:|1700422518\n|move|p2a: DURIAN|Baneful Bunker|p2a: DURIAN\n|-singleturn|p2a: DURIAN|move: Protect\n|move|p1a: Rillaboom|Drum Beating|p2a: DURIAN\n|-activate|p2a: DURIAN|move: Protect\n|\n|upkeep\n|turn|34\n|\n|t:|1700422526\n|move|p1a: Rillaboom|Drum Beating|p2a: DURIAN\n|-damage|p2a: DURIAN|64\/100\n|-unboost|p2a: DURIAN|spe|1\n|move|p2a: DURIAN|Scald|p1a: Rillaboom\n|-resisted|p1a: Rillaboom\n|-damage|p1a: Rillaboom|89\/100\n|-status|p1a: Rillaboom|brn\n|\n|-heal|p1a: Rillaboom|95\/100 brn|[from] Grassy Terrain\n|-heal|p2a: DURIAN|70\/100|[from] Grassy Terrain\n|-heal|p2a: DURIAN|76\/100|[from] item: Leftovers\n|-damage|p1a: Rillaboom|89\/100 brn|[from] brn\n|upkeep\n|turn|35\n|\n|t:|1700422543\n|switch|p2a: NIGHTMARE|Gliscor, M|88\/100 tox\n|move|p1a: Rillaboom|Knock Off|p2a: NIGHTMARE\n|-crit|p2a: NIGHTMARE\n|-damage|p2a: NIGHTMARE|72\/100 tox\n|-enditem|p2a: NIGHTMARE|Toxic Orb|[from] move: Knock Off|[of] p1a: Rillaboom\n|\n|-heal|p1a: Rillaboom|95\/100 brn|[from] Grassy Terrain\n|-heal|p2a: NIGHTMARE|84\/100 tox|[from] ability: Poison Heal\n|-damage|p1a: Rillaboom|89\/100 brn|[from] brn\n|upkeep\n|turn|36\n|\n|t:|1700422558\n|move|p1a: Rillaboom|Grassy Glide|p2a: NIGHTMARE\n|-damage|p2a: NIGHTMARE|72\/100 tox\n|move|p2a: NIGHTMARE|Knock Off|p1a: Rillaboom\n|-damage|p1a: Rillaboom|65\/100 brn\n|-enditem|p1a: Rillaboom|Heavy-Duty Boots|[from] move: Knock Off|[of] p2a: NIGHTMARE\n|\n|-heal|p1a: Rillaboom|71\/100 brn|[from] Grassy Terrain\n|-heal|p2a: NIGHTMARE|85\/100 tox|[from] ability: Poison Heal\n|-damage|p1a: Rillaboom|65\/100 brn|[from] brn\n|-fieldend|move: Grassy Terrain\n|upkeep\n|turn|37\n|\n|t:|1700422570\n|switch|p1a: Garganacl|Garganacl, F|96\/100\n|move|p2a: NIGHTMARE|U-turn|p1a: Garganacl\n|-damage|p1a: Garganacl|86\/100\n|\n|t:|1700422581\n|switch|p2a: LOVE|Lopunny-Mega, M|84\/100|[from] U-turn\n|\n|-heal|p1a: Garganacl|92\/100|[from] item: Leftovers\n|upkeep\n|turn|38\n|\n|t:|1700422589\n|switch|p2a: DURIAN|Toxapex, F|100\/100\n|switch|p1a: Mawile|Mawile, F|100\/100\n|-ability|p1a: Mawile|Intimidate|boost\n|-unboost|p2a: DURIAN|atk|1\n|\n|upkeep\n|turn|39\n|\n|t:|1700422602\n|switch|p1a: Garganacl|Garganacl, F|92\/100\n|move|p2a: DURIAN|Scald|p1a: Garganacl\n|-supereffective|p1a: Garganacl\n|-damage|p1a: Garganacl|71\/100\n|\n|-heal|p1a: Garganacl|77\/100|[from] item: Leftovers\n|upkeep\n|turn|40\n|\n|t:|1700422615\n|switch|p2a: NIGHTMARE|Gliscor, M|85\/100 tox\n|move|p1a: Garganacl|Salt Cure|p2a: NIGHTMARE\n|-damage|p2a: NIGHTMARE|77\/100 tox\n|-start|p2a: NIGHTMARE|Salt Cure\n|\n|-heal|p1a: Garganacl|83\/100|[from] item: Leftovers\n|-heal|p2a: NIGHTMARE|89\/100 tox|[from] ability: Poison Heal\n|-damage|p2a: NIGHTMARE|77\/100 tox|[from] Salt Cure\n|upkeep\n|turn|41\n|\n|t:|1700422627\n|switch|p2a: DURIAN|Toxapex, F|100\/100\n|move|p1a: Garganacl|Salt Cure|p2a: DURIAN\n|-damage|p2a: DURIAN|92\/100\n|-start|p2a: DURIAN|Salt Cure\n|\n|-heal|p2a: DURIAN|98\/100|[from] item: Leftovers\n|-heal|p1a: Garganacl|90\/100|[from] item: Leftovers\n|-damage|p2a: DURIAN|73\/100|[from] Salt Cure\n|upkeep\n|turn|42\n|\n|t:|1700422638\n|switch|p2a: NIGHTMARE|Gliscor, M|77\/100 tox\n|move|p1a: Garganacl|Stealth Rock|p2a: NIGHTMARE\n|-sidestart|p2: zeonteo|move: Stealth Rock\n|\n|-heal|p1a: Garganacl|96\/100|[from] item: Leftovers\n|-heal|p2a: NIGHTMARE|89\/100 tox|[from] ability: Poison Heal\n|upkeep\n|turn|43\n|\n|t:|1700422647\n|move|p2a: NIGHTMARE|Knock Off|p1a: Garganacl\n|-damage|p1a: Garganacl|81\/100\n|-enditem|p1a: Garganacl|Leftovers|[from] move: Knock Off|[of] p2a: NIGHTMARE\n|move|p1a: Garganacl|Salt Cure|p2a: NIGHTMARE\n|-damage|p2a: NIGHTMARE|82\/100 tox\n|-start|p2a: NIGHTMARE|Salt Cure\n|\n|-heal|p2a: NIGHTMARE|94\/100 tox|[from] ability: Poison Heal\n|-damage|p2a: NIGHTMARE|82\/100 tox|[from] Salt Cure\n|upkeep\n|turn|44\n|\n|t:|1700422666\n|switch|p1a: Greninja|Greninja, M|83\/100\n|move|p2a: NIGHTMARE|Defog|p1a: Greninja\n|-unboost|p1a: Greninja|evasion|1\n|-sideend|p2: zeonteo|Stealth Rock|[from] move: Defog|[of] p2a: NIGHTMARE\n|\n|-heal|p2a: NIGHTMARE|94\/100 tox|[from] ability: Poison Heal\n|-damage|p2a: NIGHTMARE|82\/100 tox|[from] Salt Cure\n|upkeep\n|turn|45\n|\n|t:|1700422678\n|switch|p2a: DURIAN|Toxapex, F|100\/100\n|move|p1a: Greninja|Dark Pulse|p2a: DURIAN\n|-damage|p2a: DURIAN|71\/100\n|\n|-heal|p2a: DURIAN|77\/100|[from] item: Leftovers\n|upkeep\n|turn|46\n|\n|t:|1700422688\n|move|p2a: DURIAN|Baneful Bunker|p2a: DURIAN\n|-singleturn|p2a: DURIAN|move: Protect\n|move|p1a: Greninja|Dark Pulse|p2a: DURIAN\n|-activate|p2a: DURIAN|move: Protect\n|\n|-heal|p2a: DURIAN|83\/100|[from] item: Leftovers\n|upkeep\n|turn|47\n|\n|t:|1700422697\n|move|p1a: Greninja|Dark Pulse|p2a: DURIAN\n|-damage|p2a: DURIAN|54\/100\n|move|p2a: DURIAN|Scald|p1a: Greninja\n|-resisted|p1a: Greninja\n|-damage|p1a: Greninja|69\/100\n|\n|-heal|p2a: DURIAN|61\/100|[from] item: Leftovers\n|upkeep\n|turn|48\n|\n|t:|1700422706\n|move|p1a: Greninja|Dark Pulse|p2a: DURIAN\n|-damage|p2a: DURIAN|31\/100\n|move|p2a: DURIAN|Scald|p1a: Greninja\n|-resisted|p1a: Greninja\n|-damage|p1a: Greninja|55\/100\n|\n|-heal|p2a: DURIAN|37\/100|[from] item: Leftovers\n|upkeep\n|turn|49\n|\n|t:|1700422718\n|switch|p2a: STARSCREAMZ|Skarmory, M|100\/100\n|move|p1a: Greninja|Dark Pulse|p2a: STARSCREAMZ\n|-damage|p2a: STARSCREAMZ|48\/100\n|\n|upkeep\n|turn|50\n|\n|t:|1700422726\n|switch|p2a: DURIAN|Toxapex, F|71\/100\n|move|p1a: Greninja|Dark Pulse|p2a: DURIAN\n|-damage|p2a: DURIAN|43\/100\n|\n|-heal|p2a: DURIAN|49\/100|[from] item: Leftovers\n|upkeep\n|turn|51\n|\n|t:|1700422737\n|move|p1a: Greninja|Dark Pulse|p2a: DURIAN\n|-damage|p2a: DURIAN|17\/100\n|move|p2a: DURIAN|Recover|p2a: DURIAN\n|-heal|p2a: DURIAN|67\/100\n|\n|-heal|p2a: DURIAN|74\/100|[from] item: Leftovers\n|upkeep\n|turn|52\n|\n|t:|1700422745\n|move|p1a: Greninja|Dark Pulse|p2a: DURIAN\n|-damage|p2a: DURIAN|45\/100\n|move|p2a: DURIAN|Scald|p1a: Greninja\n|-resisted|p1a: Greninja\n|-damage|p1a: Greninja|43\/100\n|\n|-heal|p2a: DURIAN|51\/100|[from] item: Leftovers\n|upkeep\n|turn|53\n|\n|t:|1700422755\n|move|p1a: Greninja|Dark Pulse|p2a: DURIAN\n|-crit|p2a: DURIAN\n|-damage|p2a: DURIAN|5\/100\n|move|p2a: DURIAN|Recover|p2a: DURIAN\n|-heal|p2a: DURIAN|55\/100\n|\n|-heal|p2a: DURIAN|61\/100|[from] item: Leftovers\n|upkeep\n|turn|54\n|\n|t:|1700422764\n|move|p1a: Greninja|Dark Pulse|p2a: DURIAN\n|-damage|p2a: DURIAN|31\/100\n|cant|p2a: DURIAN|flinch\n|\n|-heal|p2a: DURIAN|37\/100|[from] item: Leftovers\n|upkeep\n|turn|55\n|\n|t:|1700422771\n|move|p1a: Greninja|Dark Pulse|p2a: DURIAN\n|-damage|p2a: DURIAN|7\/100\n|move|p2a: DURIAN|Recover|p2a: DURIAN\n|-heal|p2a: DURIAN|57\/100\n|\n|-heal|p2a: DURIAN|63\/100|[from] item: Leftovers\n|upkeep\n|turn|56\n|\n|t:|1700422784\n|move|p2a: DURIAN|Baneful Bunker|p2a: DURIAN\n|-singleturn|p2a: DURIAN|move: Protect\n|move|p1a: Greninja|Dark Pulse|p2a: DURIAN\n|-activate|p2a: DURIAN|move: Protect\n|\n|-heal|p2a: DURIAN|69\/100|[from] item: Leftovers\n|upkeep\n|turn|57\n|\n|t:|1700422792\n|move|p1a: Greninja|Dark Pulse|p2a: DURIAN\n|-damage|p2a: DURIAN|37\/100\n|move|p2a: DURIAN|Recover|p2a: DURIAN\n|-heal|p2a: DURIAN|87\/100\n|\n|-heal|p2a: DURIAN|93\/100|[from] item: Leftovers\n|upkeep\n|turn|58\n|\n|t:|1700422801\n|move|p2a: DURIAN|Baneful Bunker|p2a: DURIAN\n|-singleturn|p2a: DURIAN|move: Protect\n|move|p1a: Greninja|Dark Pulse|p2a: DURIAN\n|-activate|p2a: DURIAN|move: Protect\n|\n|-heal|p2a: DURIAN|99\/100|[from] item: Leftovers\n|upkeep\n|turn|59\n|\n|t:|1700422809\n|move|p1a: Greninja|Dark Pulse|p2a: DURIAN\n|-damage|p2a: DURIAN|68\/100\n|move|p2a: DURIAN|Scald|p1a: Greninja\n|-resisted|p1a: Greninja\n|-damage|p1a: Greninja|29\/100\n|\n|-heal|p2a: DURIAN|74\/100|[from] item: Leftovers\n|upkeep\n|turn|60\n|\n|t:|1700422819\n|move|p2a: DURIAN|Baneful Bunker|p2a: DURIAN\n|-singleturn|p2a: DURIAN|move: Protect\n|move|p1a: Greninja|Dark Pulse|p2a: DURIAN\n|-activate|p2a: DURIAN|move: Protect\n|\n|-heal|p2a: DURIAN|80\/100|[from] item: Leftovers\n|upkeep\n|turn|61\n|\n|t:|1700422827\n|move|p1a: Greninja|Dark Pulse|p2a: DURIAN\n|-damage|p2a: DURIAN|51\/100\n|move|p2a: DURIAN|Scald|p1a: Greninja\n|-resisted|p1a: Greninja\n|-damage|p1a: Greninja|16\/100\n|\n|-heal|p2a: DURIAN|58\/100|[from] item: Leftovers\n|upkeep\n|turn|62\n|\n|t:|1700422837\n|move|p1a: Greninja|Dark Pulse|p2a: DURIAN\n|-damage|p2a: DURIAN|25\/100\n|move|p2a: DURIAN|Recover|p2a: DURIAN\n|-heal|p2a: DURIAN|75\/100\n|\n|-heal|p2a: DURIAN|81\/100|[from] item: Leftovers\n|upkeep\n|turn|63\n|\n|t:|1700422845\n|move|p2a: DURIAN|Baneful Bunker|p2a: DURIAN\n|-singleturn|p2a: DURIAN|move: Protect\n|move|p1a: Greninja|Dark Pulse|p2a: DURIAN\n|-activate|p2a: DURIAN|move: Protect\n|\n|-heal|p2a: DURIAN|88\/100|[from] item: Leftovers\n|upkeep\n|turn|64\n|\n|t:|1700422854\n|move|p1a: Greninja|Dark Pulse|p2a: DURIAN\n|-damage|p2a: DURIAN|55\/100\n|move|p2a: DURIAN|Scald|p1a: Greninja\n|-resisted|p1a: Greninja\n|-damage|p1a: Greninja|3\/100\n|\n|-heal|p2a: DURIAN|61\/100|[from] item: Leftovers\n|upkeep\n|turn|65\n|\n|t:|1700422864\n|move|p2a: DURIAN|Baneful Bunker|p2a: DURIAN\n|-singleturn|p2a: DURIAN|move: Protect\n|move|p1a: Greninja|Dark Pulse|p2a: DURIAN\n|-activate|p2a: DURIAN|move: Protect\n|\n|-heal|p2a: DURIAN|68\/100|[from] item: Leftovers\n|upkeep\n|turn|66\n|\n|t:|1700422875\n|move|p1a: Greninja|Dark Pulse|p2a: DURIAN\n|-damage|p2a: DURIAN|39\/100\n|move|p2a: DURIAN|Scald|p1a: Greninja\n|-resisted|p1a: Greninja\n|-damage|p1a: Greninja|0 fnt\n|faint|p1a: Greninja\n|\n|-heal|p2a: DURIAN|45\/100|[from] item: Leftovers\n|upkeep\n|\n|t:|1700422887\n|switch|p1a: Volcarona|Volcarona, M|57\/100\n|turn|67\n|\n|t:|1700422898\n|move|p1a: Volcarona|Giga Drain|p2a: DURIAN\n|-damage|p2a: DURIAN|24\/100\n|-heal|p1a: Volcarona|67\/100|[from] drain|[of] p2a: DURIAN\n|move|p2a: DURIAN|Recover|p2a: DURIAN\n|-heal|p2a: DURIAN|74\/100\n|\n|-heal|p2a: DURIAN|80\/100|[from] item: Leftovers\n|upkeep\n|turn|68\n|\n|t:|1700422915\n|switch|p1a: Rillaboom|Rillaboom, M|65\/100 brn\n|-fieldstart|move: Grassy Terrain|[from] ability: Grassy Surge|[of] p1a: Rillaboom\n|move|p2a: DURIAN|Scald|p1a: Rillaboom\n|-resisted|p1a: Rillaboom\n|-damage|p1a: Rillaboom|55\/100 brn\n|\n|-heal|p1a: Rillaboom|61\/100 brn|[from] Grassy Terrain\n|-heal|p2a: DURIAN|87\/100|[from] Grassy Terrain\n|-heal|p2a: DURIAN|93\/100|[from] item: Leftovers\n|-damage|p1a: Rillaboom|55\/100 brn|[from] brn\n|upkeep\n|turn|69\n|\n|t:|1700422931\n|switch|p2a: STARSCREAMZ|Skarmory, M|48\/100\n|move|p1a: Rillaboom|Knock Off|p2a: STARSCREAMZ\n|-damage|p2a: STARSCREAMZ|38\/100\n|-damage|p1a: Rillaboom|38\/100 brn|[from] item: Rocky Helmet|[of] p2a: STARSCREAMZ\n|-enditem|p2a: STARSCREAMZ|Rocky Helmet|[from] move: Knock Off|[of] p1a: Rillaboom\n|\n|-heal|p1a: Rillaboom|44\/100 brn|[from] Grassy Terrain\n|-damage|p1a: Rillaboom|38\/100 brn|[from] brn\n|upkeep\n|turn|70\n|\n|t:|1700422943\n|switch|p1a: Corviknight|Corviknight, M|65\/100 brn\n|move|p2a: STARSCREAMZ|Stealth Rock|p1a: Corviknight\n|-sidestart|p1: Himuro Arcana|move: Stealth Rock\n|\n|-damage|p1a: Corviknight|59\/100 brn|[from] brn\n|upkeep\n|turn|71\n|\n|t:|1700422952\n|move|p2a: STARSCREAMZ|Roost|p2a: STARSCREAMZ\n|-heal|p2a: STARSCREAMZ|88\/100\n|-singleturn|p2a: STARSCREAMZ|move: Roost\n|move|p1a: Corviknight|Defog|p2a: STARSCREAMZ\n|-unboost|p2a: STARSCREAMZ|evasion|1\n|-sideend|p1: Himuro Arcana|Stealth Rock|[from] move: Defog|[of] p1a: Corviknight\n|-fieldend|move: Grassy Terrain\n|\n|-damage|p1a: Corviknight|52\/100 brn|[from] brn\n|upkeep\n|turn|72\n|\n|t:|1700422962\n|move|p2a: STARSCREAMZ|Stealth Rock|p1a: Corviknight\n|-sidestart|p1: Himuro Arcana|move: Stealth Rock\n|move|p1a: Corviknight|Roost|p1a: Corviknight\n|-heal|p1a: Corviknight|100\/100 brn\n|-singleturn|p1a: Corviknight|move: Roost\n|\n|-damage|p1a: Corviknight|94\/100 brn|[from] brn\n|upkeep\n|turn|73\n|\n|t:|1700422980\n|move|p1a: Corviknight|Defog|p2a: STARSCREAMZ\n|-unboost|p2a: STARSCREAMZ|evasion|1\n|-sideend|p1: Himuro Arcana|Stealth Rock|[from] move: Defog|[of] p1a: Corviknight\n|move|p2a: STARSCREAMZ|Whirlwind|p1a: Corviknight\n|drag|p1a: Garganacl|Garganacl, F|81\/100\n|\n|upkeep\n|turn|74\n|\n|t:|1700422987\n|move|p2a: STARSCREAMZ|Stealth Rock|p1a: Garganacl\n|-sidestart|p1: Himuro Arcana|move: Stealth Rock\n|move|p1a: Garganacl|Salt Cure|p2a: STARSCREAMZ\n|-crit|p2a: STARSCREAMZ\n|-damage|p2a: STARSCREAMZ|76\/100\n|-start|p2a: STARSCREAMZ|Salt Cure\n|\n|-damage|p2a: STARSCREAMZ|51\/100|[from] Salt Cure\n|upkeep\n|turn|75\n|\n|t:|1700422998\n|switch|p2a: BEAUTY|Hatterene, F|24\/100 brn\n|move|p1a: Garganacl|Stealth Rock|p2a: BEAUTY\n|move|p2a: BEAUTY|Stealth Rock||[from]ability: Magic Bounce|[still]\n|-fail|p2a: BEAUTY\n|\n|-heal|p2a: BEAUTY|30\/100 brn|[from] item: Leftovers\n|-damage|p2a: BEAUTY|24\/100 brn|[from] brn\n|upkeep\n|turn|76\n|\n|t:|1700423010\n|switch|p2a: NIGHTMARE|Gliscor, M|82\/100 tox\n|move|p1a: Garganacl|Protect||[still]\n|-fail|p1a: Garganacl\n|\n|-heal|p2a: NIGHTMARE|94\/100 tox|[from] ability: Poison Heal\n|upkeep\n|turn|77\n|\n|t:|1700423021\n|switch|p2a: BEAUTY|Hatterene, F|24\/100 brn\n|move|p1a: Garganacl|Salt Cure|p2a: BEAUTY\n|-damage|p2a: BEAUTY|8\/100 brn\n|-start|p2a: BEAUTY|Salt Cure\n|\n|-heal|p2a: BEAUTY|14\/100 brn|[from] item: Leftovers\n|-damage|p2a: BEAUTY|8\/100 brn|[from] brn\n|-damage|p2a: BEAUTY|0 fnt|[from] Salt Cure\n|faint|p2a: BEAUTY\n|upkeep\n|\n|t:|1700423032\n|switch|p2a: LOVE|Lopunny-Mega, M|84\/100\n|turn|78\n|\n|t:|1700423041\n|switch|p1a: Mawile|Mawile, F|100\/100\n|-damage|p1a: Mawile|94\/100|[from] Stealth Rock\n|-ability|p1a: Mawile|Intimidate|boost\n|-fail|p2a: LOVE|unboost|Attack|[from] ability: Scrappy|[of] p2a: LOVE\n|move|p2a: LOVE|Close Combat|p1a: Mawile\n|-damage|p1a: Mawile|7\/100\n|-unboost|p2a: LOVE|def|1\n|-unboost|p2a: LOVE|spd|1\n|\n|upkeep\n|turn|79\n|\n|t:|1700423061\n|switch|p1a: Corviknight|Corviknight, M|94\/100 brn\n|-damage|p1a: Corviknight|82\/100 brn|[from] Stealth Rock\n|move|p2a: LOVE|U-turn|p1a: Corviknight\n|-resisted|p1a: Corviknight\n|-damage|p1a: Corviknight|78\/100 brn\n|\n|t:|1700423068\n|switch|p2a: FIRESTORMZ|Volcarona, M|3\/100|[from] U-turn\n|\n|-damage|p1a: Corviknight|72\/100 brn|[from] brn\n|upkeep\n|turn|80\n|\n|t:|1700423081\n|move|p2a: FIRESTORMZ|Fiery Dance|p1a: Corviknight\n|-supereffective|p1a: Corviknight\n|-damage|p1a: Corviknight|0 fnt\n|faint|p1a: Corviknight\n|\n|upkeep\n|\n|t:|1700423088\n|switch|p1a: Rillaboom|Rillaboom, M|38\/100 brn\n|-damage|p1a: Rillaboom|26\/100 brn|[from] Stealth Rock\n|-fieldstart|move: Grassy Terrain|[from] ability: Grassy Surge|[of] p1a: Rillaboom\n|turn|81\n|\n|t:|1700423097\n|switch|p2a: STARSCREAMZ|Skarmory, M|51\/100\n|move|p1a: Rillaboom|Grassy Glide|p2a: STARSCREAMZ\n|-resisted|p2a: STARSCREAMZ\n|-damage|p2a: STARSCREAMZ|49\/100\n|\n|-heal|p1a: Rillaboom|32\/100 brn|[from] Grassy Terrain\n|-damage|p1a: Rillaboom|26\/100 brn|[from] brn\n|upkeep\n|turn|82\n|\n|t:|1700423107\n|switch|p1a: Garganacl|Garganacl, F|81\/100\n|-damage|p1a: Garganacl|69\/100|[from] Stealth Rock\n|move|p2a: STARSCREAMZ|Whirlwind|p1a: Garganacl\n|drag|p1a: Mawile|Mawile, F|7\/100\n|-damage|p1a: Mawile|0 fnt|[from] Stealth Rock\n|faint|p1a: Mawile\n|\n|upkeep\n|\n|t:|1700423116\n|switch|p1a: Volcarona|Volcarona, M|67\/100\n|turn|83\n|\n|t:|1700423125\n|switch|p2a: DURIAN|Toxapex, F|100\/100\n|move|p1a: Volcarona|Flamethrower|p2a: DURIAN\n|-resisted|p2a: DURIAN\n|-damage|p2a: DURIAN|81\/100\n|\n|-heal|p1a: Volcarona|73\/100|[from] Grassy Terrain\n|-heal|p2a: DURIAN|87\/100|[from] Grassy Terrain\n|-heal|p2a: DURIAN|93\/100|[from] item: Leftovers\n|upkeep\n|turn|84\n|\n|t:|1700423137\n|switch|p1a: Garganacl|Garganacl, F|69\/100\n|-damage|p1a: Garganacl|57\/100|[from] Stealth Rock\n|move|p2a: DURIAN|Scald|p1a: Garganacl\n|-supereffective|p1a: Garganacl\n|-crit|p1a: Garganacl\n|-damage|p1a: Garganacl|21\/100\n|\n|-heal|p1a: Garganacl|27\/100|[from] Grassy Terrain\n|-heal|p2a: DURIAN|99\/100|[from] Grassy Terrain\n|-heal|p2a: DURIAN|100\/100|[from] item: Leftovers\n|upkeep\n|turn|85\n|\n|t:|1700423150\n|move|p1a: Garganacl|Protect|p1a: Garganacl\n|-singleturn|p1a: Garganacl|Protect\n|move|p2a: DURIAN|Scald|p1a: Garganacl\n|-activate|p1a: Garganacl|move: Protect\n|\n|-heal|p1a: Garganacl|33\/100|[from] Grassy Terrain\n|-fieldend|move: Grassy Terrain\n|upkeep\n|turn|86\n|\n|t:|1700423159\n|move|p1a: Garganacl|Recover|p1a: Garganacl\n|-heal|p1a: Garganacl|83\/100\n|move|p2a: DURIAN|Scald|p1a: Garganacl\n|-supereffective|p1a: Garganacl\n|-damage|p1a: Garganacl|63\/100\n|\n|upkeep\n|turn|87\n|\n|t:|1700423166\n|move|p2a: DURIAN|Scald|p1a: Garganacl\n|-supereffective|p1a: Garganacl\n|-damage|p1a: Garganacl|41\/100\n|move|p1a: Garganacl|Salt Cure|p2a: DURIAN\n|-damage|p2a: DURIAN|93\/100\n|-start|p2a: DURIAN|Salt Cure\n|\n|-heal|p2a: DURIAN|99\/100|[from] item: Leftovers\n|-damage|p2a: DURIAN|74\/100|[from] Salt Cure\n|upkeep\n|turn|88\n|\n|t:|1700423177\n|switch|p2a: LOVE|Lopunny-Mega, M|84\/100\n|move|p1a: Garganacl|Protect||[still]\n|-fail|p1a: Garganacl\n|\n|upkeep\n|turn|89\n|\n|t:|1700423183\n|switch|p1a: Rillaboom|Rillaboom, M|26\/100 brn\n|-damage|p1a: Rillaboom|13\/100 brn|[from] Stealth Rock\n|-fieldstart|move: Grassy Terrain|[from] ability: Grassy Surge|[of] p1a: Rillaboom\n|move|p2a: LOVE|Close Combat|p1a: Rillaboom\n|-damage|p1a: Rillaboom|0 fnt\n|-unboost|p2a: LOVE|def|1\n|-unboost|p2a: LOVE|spd|1\n|faint|p1a: Rillaboom\n|\n|-heal|p2a: LOVE|90\/100|[from] Grassy Terrain\n|upkeep\n|\n|t:|1700423193\n|switch|p1a: Volcarona|Volcarona, M|73\/100\n|turn|90\n|\n|t:|1700423200\n|switch|p2a: DURIAN|Toxapex, F|100\/100\n|move|p1a: Volcarona|Quiver Dance|p1a: Volcarona\n|-boost|p1a: Volcarona|spa|1\n|-boost|p1a: Volcarona|spd|1\n|-boost|p1a: Volcarona|spe|1\n|\n|-heal|p1a: Volcarona|80\/100|[from] Grassy Terrain\n|upkeep\n|turn|91\n|\n|t:|1700423213\n|move|p1a: Volcarona|Giga Drain|p2a: DURIAN\n|-damage|p2a: DURIAN|55\/100\n|-heal|p1a: Volcarona|100\/100|[from] drain|[of] p2a: DURIAN\n|move|p2a: DURIAN|Haze|p2a: DURIAN\n|-clearallboost\n|\n|-heal|p2a: DURIAN|61\/100|[from] Grassy Terrain\n|-heal|p2a: DURIAN|68\/100|[from] item: Leftovers\n|upkeep\n|turn|92\n|\n|t:|1700423225\n|move|p1a: Volcarona|Quiver Dance|p1a: Volcarona\n|-boost|p1a: Volcarona|spa|1\n|-boost|p1a: Volcarona|spd|1\n|-boost|p1a: Volcarona|spe|1\n|move|p2a: DURIAN|Scald|p1a: Volcarona\n|-supereffective|p1a: Volcarona\n|-damage|p1a: Volcarona|77\/100\n|\n|-heal|p1a: Volcarona|83\/100|[from] Grassy Terrain\n|-heal|p2a: DURIAN|74\/100|[from] Grassy Terrain\n|-heal|p2a: DURIAN|80\/100|[from] item: Leftovers\n|upkeep\n|turn|93\n|\n|t:|1700423238\n|move|p1a: Volcarona|Giga Drain|p2a: DURIAN\n|-crit|p2a: DURIAN\n|-damage|p2a: DURIAN|19\/100\n|-heal|p1a: Volcarona|100\/100|[from] drain|[of] p2a: DURIAN\n|move|p2a: DURIAN|Haze|p2a: DURIAN\n|-clearallboost\n|\n|-heal|p2a: DURIAN|25\/100|[from] Grassy Terrain\n|-heal|p2a: DURIAN|31\/100|[from] item: Leftovers\n|-fieldend|move: Grassy Terrain\n|upkeep\n|turn|94\n|\n|t:|1700423251\n|move|p1a: Volcarona|Quiver Dance|p1a: Volcarona\n|-boost|p1a: Volcarona|spa|1\n|-boost|p1a: Volcarona|spd|1\n|-boost|p1a: Volcarona|spe|1\n|move|p2a: DURIAN|Haze|p2a: DURIAN\n|-clearallboost\n|\n|-heal|p2a: DURIAN|37\/100|[from] item: Leftovers\n|upkeep\n|turn|95\n|\n|t:|1700423263\n|move|p1a: Volcarona|Giga Drain|p2a: DURIAN\n|-damage|p2a: DURIAN|17\/100\n|move|p2a: DURIAN|Recover|p2a: DURIAN\n|-heal|p2a: DURIAN|67\/100\n|\n|-heal|p2a: DURIAN|73\/100|[from] item: Leftovers\n|upkeep\n|turn|96\n|\n|t:|1700423272\n|move|p1a: Volcarona|Giga Drain|p2a: DURIAN\n|-damage|p2a: DURIAN|49\/100\n|move|p2a: DURIAN|Scald|p1a: Volcarona\n|-supereffective|p1a: Volcarona\n|-damage|p1a: Volcarona|66\/100\n|\n|-heal|p2a: DURIAN|55\/100|[from] item: Leftovers\n|upkeep\n|turn|97\n|inactive|zeonteo has 120 seconds left.\n|\n|t:|1700423282\n|move|p1a: Volcarona|Quiver Dance|p1a: Volcarona\n|-boost|p1a: Volcarona|spa|1\n|-boost|p1a: Volcarona|spd|1\n|-boost|p1a: Volcarona|spe|1\n|move|p2a: DURIAN|Recover|p2a: DURIAN\n|-heal|p2a: DURIAN|100\/100\n|\n|upkeep\n|turn|98\n|inactive|zeonteo has 120 seconds left.\n|\n|t:|1700423292\n|move|p1a: Volcarona|Giga Drain|p2a: DURIAN\n|-damage|p2a: DURIAN|67\/100\n|-heal|p1a: Volcarona|82\/100|[from] drain|[of] p2a: DURIAN\n|move|p2a: DURIAN|Haze|p2a: DURIAN\n|-clearallboost\n|\n|-heal|p2a: DURIAN|73\/100|[from] item: Leftovers\n|upkeep\n|turn|99\n|inactive|zeonteo has 120 seconds left.\n|\n|t:|1700423302\n|move|p1a: Volcarona|Giga Drain|p2a: DURIAN\n|-damage|p2a: DURIAN|52\/100\n|-heal|p1a: Volcarona|93\/100|[from] drain|[of] p2a: DURIAN\n|move|p2a: DURIAN|Scald|p1a: Volcarona\n|-supereffective|p1a: Volcarona\n|-damage|p1a: Volcarona|55\/100\n|\n|-heal|p2a: DURIAN|58\/100|[from] item: Leftovers\n|upkeep\n|turn|100\n|inactive|zeonteo has 120 seconds left.\n|\n|t:|1700423313\n|switch|p2a: LOVE|Lopunny-Mega, M|90\/100\n|move|p1a: Volcarona|Quiver Dance|p1a: Volcarona\n|-boost|p1a: Volcarona|spa|1\n|-boost|p1a: Volcarona|spd|1\n|-boost|p1a: Volcarona|spe|1\n|\n|upkeep\n|turn|101\n|\n|t:|1700423325\n|move|p2a: LOVE|Fake Out|p1a: Volcarona\n|-damage|p1a: Volcarona|19\/100\n|-status|p2a: LOVE|brn|[from] ability: Flame Body|[of] p1a: Volcarona\n|cant|p1a: Volcarona|flinch\n|\n|-damage|p2a: LOVE|84\/100 brn|[from] brn\n|upkeep\n|turn|102\n|\n|t:|1700423336\n|move|p1a: Volcarona|Flamethrower|p2a: LOVE\n|-damage|p2a: LOVE|0 fnt\n|faint|p2a: LOVE\n|\n|upkeep\n|\n|t:|1700423341\n|switch|p2a: DURIAN|Toxapex, F|91\/100\n|turn|103\n|\n|t:|1700423347\n|move|p1a: Volcarona|Giga Drain|p2a: DURIAN\n|-damage|p2a: DURIAN|57\/100\n|-heal|p1a: Volcarona|35\/100|[from] drain|[of] p2a: DURIAN\n|move|p2a: DURIAN|Scald|p1a: Volcarona\n|-supereffective|p1a: Volcarona\n|-damage|p1a: Volcarona|13\/100\n|\n|-heal|p2a: DURIAN|63\/100|[from] item: Leftovers\n|upkeep\n|turn|104\n|\n|t:|1700423357\n|move|p1a: Volcarona|Giga Drain|p2a: DURIAN\n|-damage|p2a: DURIAN|32\/100\n|-heal|p1a: Volcarona|29\/100|[from] drain|[of] p2a: DURIAN\n|move|p2a: DURIAN|Scald|p1a: Volcarona\n|-supereffective|p1a: Volcarona\n|-damage|p1a: Volcarona|4\/100\n|\n|-heal|p2a: DURIAN|38\/100|[from] item: Leftovers\n|upkeep\n|turn|105\n|\n|t:|1700423368\n|move|p1a: Volcarona|Giga Drain|p2a: DURIAN\n|-damage|p2a: DURIAN|5\/100\n|-heal|p1a: Volcarona|20\/100|[from] drain|[of] p2a: DURIAN\n|move|p2a: DURIAN|Scald|p1a: Volcarona\n|-supereffective|p1a: Volcarona\n|-damage|p1a: Volcarona|0 fnt\n|faint|p1a: Volcarona\n|\n|-heal|p2a: DURIAN|12\/100|[from] item: Leftovers\n|upkeep\n|\n|t:|1700423376\n|switch|p1a: Garganacl|Garganacl, F|41\/100\n|-damage|p1a: Garganacl|29\/100|[from] Stealth Rock\n|turn|106\n|\n|t:|1700423383\n|switch|p2a: NIGHTMARE|Gliscor, M|94\/100 tox\n|move|p1a: Garganacl|Recover|p1a: Garganacl\n|-heal|p1a: Garganacl|79\/100\n|\n|-heal|p2a: NIGHTMARE|100\/100 tox|[from] ability: Poison Heal\n|upkeep\n|turn|107\n|\n|t:|1700423391\n|switch|p2a: DURIAN|Toxapex, F|45\/100\n|move|p1a: Garganacl|Salt Cure|p2a: DURIAN\n|-damage|p2a: DURIAN|36\/100\n|-start|p2a: DURIAN|Salt Cure\n|\n|-heal|p2a: DURIAN|42\/100|[from] item: Leftovers\n|-damage|p2a: DURIAN|17\/100|[from] Salt Cure\n|upkeep\n|turn|108\n|\n|t:|1700423402\n|switch|p2a: NIGHTMARE|Gliscor, M|100\/100 tox\n|move|p1a: Garganacl|Salt Cure|p2a: NIGHTMARE\n|-damage|p2a: NIGHTMARE|92\/100 tox\n|-start|p2a: NIGHTMARE|Salt Cure\n|\n|-heal|p2a: NIGHTMARE|100\/100 tox|[from] ability: Poison Heal\n|-damage|p2a: NIGHTMARE|88\/100 tox|[from] Salt Cure\n|upkeep\n|turn|109\n|\n|t:|1700423413\n|move|p2a: NIGHTMARE|U-turn|p1a: Garganacl\n|-damage|p1a: Garganacl|69\/100\n|\n|t:|1700423418\n|switch|p2a: DURIAN|Toxapex, F|50\/100|[from] U-turn\n|move|p1a: Garganacl|Salt Cure|p2a: DURIAN\n|-damage|p2a: DURIAN|42\/100\n|-start|p2a: DURIAN|Salt Cure\n|\n|-heal|p2a: DURIAN|49\/100|[from] item: Leftovers\n|-damage|p2a: DURIAN|24\/100|[from] Salt Cure\n|upkeep\n|turn|110\n|inactive|zeonteo has 90 seconds left.\n|\n|t:|1700423430\n|switch|p2a: NIGHTMARE|Gliscor, M|88\/100 tox\n|move|p1a: Garganacl|Stealth Rock|p2a: NIGHTMARE\n|-sidestart|p2: zeonteo|move: Stealth Rock\n|\n|-heal|p2a: NIGHTMARE|100\/100 tox|[from] ability: Poison Heal\n|upkeep\n|turn|111\n|inactive|zeonteo has 90 seconds left.\n|\n|t:|1700423439\n|move|p2a: NIGHTMARE|Defog|p1a: Garganacl\n|-unboost|p1a: Garganacl|evasion|1\n|-sideend|p1: Himuro Arcana|Stealth Rock|[from] move: Defog|[of] p2a: NIGHTMARE\n|-sideend|p2: zeonteo|Stealth Rock|[from] move: Defog|[of] p2a: NIGHTMARE\n|move|p1a: Garganacl|Salt Cure|p2a: NIGHTMARE\n|-damage|p2a: NIGHTMARE|92\/100 tox\n|-start|p2a: NIGHTMARE|Salt Cure\n|\n|-heal|p2a: NIGHTMARE|100\/100 tox|[from] ability: Poison Heal\n|-damage|p2a: NIGHTMARE|88\/100 tox|[from] Salt Cure\n|upkeep\n|turn|112\n|inactive|zeonteo has 90 seconds left.\n|\n|t:|1700423450\n|switch|p2a: DURIAN|Toxapex, F|57\/100\n|move|p1a: Garganacl|Stealth Rock|p2a: DURIAN\n|-sidestart|p2: zeonteo|move: Stealth Rock\n|\n|-heal|p2a: DURIAN|63\/100|[from] item: Leftovers\n|upkeep\n|turn|113\n|\n|t:|1700423458\n|move|p2a: DURIAN|Baneful Bunker|p2a: DURIAN\n|-singleturn|p2a: DURIAN|move: Protect\n|move|p1a: Garganacl|Salt Cure|p2a: DURIAN\n|-activate|p2a: DURIAN|move: Protect\n|\n|-heal|p2a: DURIAN|69\/100|[from] item: Leftovers\n|upkeep\n|turn|114\n|\n|t:|1700423467\n|switch|p2a: NIGHTMARE|Gliscor, M|88\/100 tox\n|-damage|p2a: NIGHTMARE|76\/100 tox|[from] Stealth Rock\n|move|p1a: Garganacl|Salt Cure|p2a: NIGHTMARE\n|-damage|p2a: NIGHTMARE|68\/100 tox\n|-start|p2a: NIGHTMARE|Salt Cure\n|\n|-heal|p2a: NIGHTMARE|80\/100 tox|[from] ability: Poison Heal\n|-damage|p2a: NIGHTMARE|68\/100 tox|[from] Salt Cure\n|upkeep\n|turn|115\n|\n|t:|1700423480\n|move|p2a: NIGHTMARE|Defog|p1a: Garganacl\n|-unboost|p1a: Garganacl|evasion|1\n|-sideend|p2: zeonteo|Stealth Rock|[from] move: Defog|[of] p2a: NIGHTMARE\n|move|p1a: Garganacl|Salt Cure|p2a: NIGHTMARE\n|-crit|p2a: NIGHTMARE\n|-damage|p2a: NIGHTMARE|54\/100 tox\n|\n|-heal|p2a: NIGHTMARE|67\/100 tox|[from] ability: Poison Heal\n|-damage|p2a: NIGHTMARE|54\/100 tox|[from] Salt Cure\n|upkeep\n|turn|116\n|\n|t:|1700423490\n|move|p2a: NIGHTMARE|U-turn|p1a: Garganacl\n|-damage|p1a: Garganacl|60\/100\n|\n|t:|1700423497\n|switch|p2a: STARSCREAMZ|Skarmory, M|49\/100|[from] U-turn\n|move|p1a: Garganacl|Salt Cure|p2a: STARSCREAMZ\n|-damage|p2a: STARSCREAMZ|40\/100\n|-start|p2a: STARSCREAMZ|Salt Cure\n|\n|-damage|p2a: STARSCREAMZ|15\/100|[from] Salt Cure\n|upkeep\n|turn|117\n|\n|t:|1700423507\n|move|p2a: STARSCREAMZ|Roost|p2a: STARSCREAMZ\n|-heal|p2a: STARSCREAMZ|65\/100\n|-singleturn|p2a: STARSCREAMZ|move: Roost\n|move|p1a: Garganacl|Salt Cure|p2a: STARSCREAMZ\n|-resisted|p2a: STARSCREAMZ\n|-damage|p2a: STARSCREAMZ|61\/100\n|\n|-damage|p2a: STARSCREAMZ|36\/100|[from] Salt Cure\n|upkeep\n|turn|118\n|\n|t:|1700423518\n|move|p2a: STARSCREAMZ|Roost|p2a: STARSCREAMZ\n|-heal|p2a: STARSCREAMZ|86\/100\n|-singleturn|p2a: STARSCREAMZ|move: Roost\n|move|p1a: Garganacl|Recover|p1a: Garganacl\n|-heal|p1a: Garganacl|100\/100\n|\n|-damage|p2a: STARSCREAMZ|61\/100|[from] Salt Cure\n|upkeep\n|turn|119\n|\n|t:|1700423528\n|move|p2a: STARSCREAMZ|Roost|p2a: STARSCREAMZ\n|-heal|p2a: STARSCREAMZ|100\/100\n|-singleturn|p2a: STARSCREAMZ|move: Roost\n|move|p1a: Garganacl|Stealth Rock|p2a: STARSCREAMZ\n|-sidestart|p2: zeonteo|move: Stealth Rock\n|\n|-damage|p2a: STARSCREAMZ|76\/100|[from] Salt Cure\n|upkeep\n|turn|120\n|\n|t:|1700423546\n|move|p2a: STARSCREAMZ|Defog|p1a: Garganacl\n|-unboost|p1a: Garganacl|evasion|1\n|-sideend|p2: zeonteo|Stealth Rock|[from] move: Defog|[of] p2a: STARSCREAMZ\n|move|p1a: Garganacl|Stealth Rock|p2a: STARSCREAMZ\n|-sidestart|p2: zeonteo|move: Stealth Rock\n|\n|-damage|p2a: STARSCREAMZ|51\/100|[from] Salt Cure\n|upkeep\n|turn|121\n|inactive|zeonteo has 60 seconds left.\n|\n|t:|1700423558\n|move|p2a: STARSCREAMZ|Roost|p2a: STARSCREAMZ\n|-heal|p2a: STARSCREAMZ|100\/100\n|-singleturn|p2a: STARSCREAMZ|move: Roost\n|move|p1a: Garganacl|Stealth Rock||[still]\n|-fail|p1a: Garganacl\n|\n|-damage|p2a: STARSCREAMZ|76\/100|[from] Salt Cure\n|upkeep\n|turn|122\n|inactive|zeonteo has 60 seconds left.\n|\n|t:|1700423568\n|move|p2a: STARSCREAMZ|Defog|p1a: Garganacl\n|-unboost|p1a: Garganacl|evasion|1\n|-sideend|p2: zeonteo|Stealth Rock|[from] move: Defog|[of] p2a: STARSCREAMZ\n|move|p1a: Garganacl|Stealth Rock|p2a: STARSCREAMZ\n|-sidestart|p2: zeonteo|move: Stealth Rock\n|\n|-damage|p2a: STARSCREAMZ|51\/100|[from] Salt Cure\n|upkeep\n|turn|123\n|inactive|Himuro Arcana has 120 seconds left.\n|\n|t:|1700423587\n|switch|p2a: DURIAN|Toxapex, F|100\/100\n|-damage|p2a: DURIAN|88\/100|[from] Stealth Rock\n|move|p1a: Garganacl|Stealth Rock||[still]\n|-fail|p1a: Garganacl\n|\n|-heal|p2a: DURIAN|94\/100|[from] item: Leftovers\n|upkeep\n|turn|124\n|\n|t:|1700423597\n|move|p2a: DURIAN|Baneful Bunker|p2a: DURIAN\n|-singleturn|p2a: DURIAN|move: Protect\n|move|p1a: Garganacl|Salt Cure|p2a: DURIAN\n|-activate|p2a: DURIAN|move: Protect\n|\n|-heal|p2a: DURIAN|100\/100|[from] item: Leftovers\n|upkeep\n|turn|125\n|\n|t:|1700423607\n|switch|p2a: NIGHTMARE|Gliscor, M|54\/100 tox\n|-damage|p2a: NIGHTMARE|42\/100 tox|[from] Stealth Rock\n|move|p1a: Garganacl|Salt Cure|p2a: NIGHTMARE\n|-damage|p2a: NIGHTMARE|33\/100 tox\n|-start|p2a: NIGHTMARE|Salt Cure\n|\n|-heal|p2a: NIGHTMARE|45\/100 tox|[from] ability: Poison Heal\n|-damage|p2a: NIGHTMARE|33\/100 tox|[from] Salt Cure\n|upkeep\n|turn|126\n|inactive|Himuro Arcana has 120 seconds left.\n|\n|t:|1700423623\n|move|p2a: NIGHTMARE|Defog|p1a: Garganacl\n|-unboost|p1a: Garganacl|evasion|1\n|-sideend|p2: zeonteo|Stealth Rock|[from] move: Defog|[of] p2a: NIGHTMARE\n|move|p1a: Garganacl|Salt Cure|p2a: NIGHTMARE\n|-damage|p2a: NIGHTMARE|23\/100 tox\n|\n|-heal|p2a: NIGHTMARE|36\/100 tox|[from] ability: Poison Heal\n|-damage|p2a: NIGHTMARE|23\/100 tox|[from] Salt Cure\n|upkeep\n|turn|127\n|inactive|Himuro Arcana has 120 seconds left.\n|\n|t:|1700423634\n|switch|p2a: DURIAN|Toxapex, F|100\/100\n|move|p1a: Garganacl|Stealth Rock|p2a: DURIAN\n|-sidestart|p2: zeonteo|move: Stealth Rock\n|\n|upkeep\n|turn|128\n|\n|t:|1700423640\n|move|p2a: DURIAN|Baneful Bunker|p2a: DURIAN\n|-singleturn|p2a: DURIAN|move: Protect\n|move|p1a: Garganacl|Protect||[still]\n|-fail|p1a: Garganacl\n|\n|upkeep\n|turn|129\n|\n|t:|1700423647\n|move|p1a: Garganacl|Salt Cure|p2a: DURIAN\n|-damage|p2a: DURIAN|92\/100\n|-start|p2a: DURIAN|Salt Cure\n|move|p2a: DURIAN|Haze|p2a: DURIAN\n|-clearallboost\n|\n|-heal|p2a: DURIAN|99\/100|[from] item: Leftovers\n|-damage|p2a: DURIAN|74\/100|[from] Salt Cure\n|upkeep\n|turn|130\n|\n|t:|1700423659\n|switch|p2a: NIGHTMARE|Gliscor, M|23\/100 tox\n|-damage|p2a: NIGHTMARE|11\/100 tox|[from] Stealth Rock\n|move|p1a: Garganacl|Stealth Rock||[still]\n|-fail|p1a: Garganacl\n|\n|-heal|p2a: NIGHTMARE|23\/100 tox|[from] ability: Poison Heal\n|upkeep\n|turn|131\n|inactive|Himuro Arcana has 120 seconds left.\n|\n|t:|1700423670\n|move|p1a: Garganacl|Protect|p1a: Garganacl\n|-singleturn|p1a: Garganacl|Protect\n|move|p2a: NIGHTMARE|Knock Off|p1a: Garganacl\n|-activate|p1a: Garganacl|move: Protect\n|\n|-heal|p2a: NIGHTMARE|36\/100 tox|[from] ability: Poison Heal\n|upkeep\n|turn|132\n|\n|t:|1700423678\n|move|p2a: NIGHTMARE|Toxic|p1a: Garganacl\n|-immune|p1a: Garganacl|[from] ability: Purifying Salt\n|move|p1a: Garganacl|Stealth Rock||[still]\n|-fail|p1a: Garganacl\n|\n|-heal|p2a: NIGHTMARE|48\/100 tox|[from] ability: Poison Heal\n|upkeep\n|turn|133\n|\n|t:|1700423687\n|move|p1a: Garganacl|Protect|p1a: Garganacl\n|-singleturn|p1a: Garganacl|Protect\n|move|p2a: NIGHTMARE|Toxic|p1a: Garganacl\n|-activate|p1a: Garganacl|move: Protect\n|\n|-heal|p2a: NIGHTMARE|61\/100 tox|[from] ability: Poison Heal\n|upkeep\n|turn|134\n|inactive|Himuro Arcana has 120 seconds left.\n|\n|t:|1700423708\n|move|p1a: Garganacl|Protect|p1a: Garganacl\n|-singleturn|p1a: Garganacl|Protect\n|move|p2a: NIGHTMARE|Toxic|p1a: Garganacl\n|-activate|p1a: Garganacl|move: Protect\n|\n|-heal|p2a: NIGHTMARE|73\/100 tox|[from] ability: Poison Heal\n|upkeep\n|turn|135\n|\n|t:|1700423721\n|move|p2a: NIGHTMARE|Toxic|p1a: Garganacl\n|-immune|p1a: Garganacl|[from] ability: Purifying Salt\n|move|p1a: Garganacl|Stealth Rock||[still]\n|-fail|p1a: Garganacl\n|\n|-heal|p2a: NIGHTMARE|86\/100 tox|[from] ability: Poison Heal\n|upkeep\n|turn|136\n|\n|t:|1700423733\n|move|p2a: NIGHTMARE|Toxic|p1a: Garganacl\n|-immune|p1a: Garganacl|[from] ability: Purifying Salt\n|move|p1a: Garganacl|Stealth Rock||[still]\n|-fail|p1a: Garganacl\n|\n|-heal|p2a: NIGHTMARE|98\/100 tox|[from] ability: Poison Heal\n|upkeep\n|turn|137\n|\n|t:|1700423743\n|move|p1a: Garganacl|Protect|p1a: Garganacl\n|-singleturn|p1a: Garganacl|Protect\n|move|p2a: NIGHTMARE|Toxic|p1a: Garganacl\n|-activate|p1a: Garganacl|move: Protect\n|\n|-heal|p2a: NIGHTMARE|100\/100 tox|[from] ability: Poison Heal\n|upkeep\n|turn|138\n|\n|t:|1700423752\n|move|p1a: Garganacl|Protect||[still]\n|-fail|p1a: Garganacl\n|move|p2a: NIGHTMARE|Defog|p1a: Garganacl\n|-unboost|p1a: Garganacl|evasion|1\n|-sideend|p2: zeonteo|Stealth Rock|[from] move: Defog|[of] p2a: NIGHTMARE\n|\n|upkeep\n|turn|139\n|\n|t:|1700423759\n|switch|p2a: STARSCREAMZ|Skarmory, M|51\/100\n|move|p1a: Garganacl|Stealth Rock|p2a: STARSCREAMZ\n|-sidestart|p2: zeonteo|move: Stealth Rock\n|\n|upkeep\n|turn|140\n|\n|t:|1700423766\n|move|p1a: Garganacl|Protect|p1a: Garganacl\n|-singleturn|p1a: Garganacl|Protect\n|move|p2a: STARSCREAMZ|Roost|p2a: STARSCREAMZ\n|-heal|p2a: STARSCREAMZ|100\/100\n|-singleturn|p2a: STARSCREAMZ|move: Roost\n|\n|upkeep\n|turn|141\n|\n|t:|1700423776\n|switch|p2a: FIRESTORMZ|Volcarona, M|3\/100\n|move|p1a: Garganacl|Stealth Rock||[still]\n|-fail|p1a: Garganacl\n|\n|upkeep\n|turn|142\n|\n|t:|1700423784\n|move|p1a: Garganacl|Protect|p1a: Garganacl\n|-singleturn|p1a: Garganacl|Protect\n|move|p2a: FIRESTORMZ|Quiver Dance|p2a: FIRESTORMZ\n|-boost|p2a: FIRESTORMZ|spa|1\n|-boost|p2a: FIRESTORMZ|spd|1\n|-boost|p2a: FIRESTORMZ|spe|1\n|\n|upkeep\n|turn|143\n|\n|t:|1700423792\n|move|p2a: FIRESTORMZ|Quiver Dance|p2a: FIRESTORMZ\n|-boost|p2a: FIRESTORMZ|spa|1\n|-boost|p2a: FIRESTORMZ|spd|1\n|-boost|p2a: FIRESTORMZ|spe|1\n|move|p1a: Garganacl|Stealth Rock||[still]\n|-fail|p1a: Garganacl\n|\n|upkeep\n|turn|144\n|\n|t:|1700423799\n|move|p2a: FIRESTORMZ|Giga Drain|p1a: Garganacl\n|-supereffective|p1a: Garganacl\n|-damage|p1a: Garganacl|30\/100\n|-heal|p2a: FIRESTORMZ|49\/100|[from] drain|[of] p1a: Garganacl\n|move|p1a: Garganacl|Stealth Rock||[still]\n|-fail|p1a: Garganacl\n|\n|upkeep\n|turn|145\n|\n|t:|1700423807\n|move|p1a: Garganacl|Protect|p1a: Garganacl\n|-singleturn|p1a: Garganacl|Protect\n|move|p2a: FIRESTORMZ|Giga Drain|p1a: Garganacl\n|-activate|p1a: Garganacl|move: Protect\n|\n|upkeep\n|turn|146\n|\n|t:|1700423813\n|move|p2a: FIRESTORMZ|Quiver Dance|p2a: FIRESTORMZ\n|-boost|p2a: FIRESTORMZ|spa|1\n|-boost|p2a: FIRESTORMZ|spd|1\n|-boost|p2a: FIRESTORMZ|spe|1\n|move|p1a: Garganacl|Recover|p1a: Garganacl\n|-heal|p1a: Garganacl|80\/100\n|\n|upkeep\n|turn|147\n|\n|t:|1700423821\n|move|p2a: FIRESTORMZ|Giga Drain|p1a: Garganacl\n|-supereffective|p1a: Garganacl\n|-damage|p1a: Garganacl|0 fnt\n|-heal|p2a: FIRESTORMZ|100\/100|[from] drain|[of] p1a: Garganacl\n|faint|p1a: Garganacl\n|\n|win|zeonteo\n|raw|Himuro Arcana's rating: 1297 &rarr; <strong>1278<\/strong><br \/>(-19 for losing)\n|raw|zeonteo's rating: 1378 &rarr; <strong>1393<\/strong><br \/>(+15 for winning)\n|l|\u2606Himuro Arcana\n","uploadtime":1700423862,"views":8,"p1id":"himuroarcana","p2id":"zeonteo","formatid":"gen9nationaldex","rating":1278,"private":0,"password":""}