{"id":"gen9nationaldex-1994795689","p1":"clementh","p2":"Leifthrasir","format":"[Gen 9] National Dex","log":"|html|<div class=\"broadcast-blue\"><strong>[Gen 9] National Dex is currently suspecting Sneasler! For information on how to participate check out the <a href=\"https:\/\/www.smogon.com\/forums\/threads\/sv-national-dex-suspect-8-just-dance.3731534\/\">suspect thread<\/a>.<\/strong><\/div>\n|j|\u2606clementh\n|j|\u2606Leifthrasir\n|t:|1700493544\n|gametype|singles\n|player|p1|clementh|nate|1327\n|player|p2|Leifthrasir|lady-gen4|1391\n|teamsize|p1|6\n|teamsize|p2|6\n|gen|9\n|tier|[Gen 9] National Dex\n|rated|\n|rule|HP Percentage Mod: HP is shown in percentages\n|rule|Endless Battle Clause: Forcing endless battles is banned\n|rule|OHKO Clause: OHKO moves are banned\n|rule|Evasion Clause: Evasion abilities, items, and moves are banned\n|rule|Evasion Abilities Clause: Evasion abilities are banned\n|rule|Evasion Items Clause: Evasion items are banned\n|rule|Evasion Moves Clause: Evasion moves are banned\n|rule|Species Clause: Limit one of each Pok\u00e9mon\n|rule|Sleep Clause Mod: Limit one foe put to sleep\n|clearpoke\n|poke|p1|Charizard, F|\n|poke|p1|Serperior, F|\n|poke|p1|Tyranitar, F|\n|poke|p1|Great Tusk|\n|poke|p1|Doublade, F|\n|poke|p1|Alomomola, F|\n|poke|p2|Tapu Lele|\n|poke|p2|Armarouge, F|\n|poke|p2|Polteageist-Antique|\n|poke|p2|Ogerpon-Wellspring, F|\n|poke|p2|Moltres|\n|poke|p2|Sneasler, M|\n|teampreview\n|inactive|Battle timer is ON: inactive players will automatically lose when time's up. (requested by Leifthrasir)\n|\n|t:|1700493558\n|start\n|switch|p1a: Tyranitar|Tyranitar, F|100\/100\n|switch|p2a: \u5251\u821e\u8d77\u8349|Ogerpon-Wellspring, F|100\/100\n|-weather|Sandstorm|[from] ability: Sand Stream|[of] p1a: Tyranitar\n|turn|1\n|\n|t:|1700493578\n|move|p2a: \u5251\u821e\u8d77\u8349|Ivy Cudgel|p1a: Tyranitar|[anim] Ivy Cudgel Water\n|-supereffective|p1a: Tyranitar\n|-crit|p1a: Tyranitar\n|-damage|p1a: Tyranitar|0 fnt\n|faint|p1a: Tyranitar\n|\n|-weather|Sandstorm|[upkeep]\n|-damage|p2a: \u5251\u821e\u8d77\u8349|95\/100|[from] Sandstorm\n|upkeep\n|\n|t:|1700493589\n|switch|p1a: Charizard|Charizard, F|100\/100\n|turn|2\n|inactive|Leifthrasir has 120 seconds left.\n|\n|t:|1700493622\n|detailschange|p1a: Charizard|Charizard-Mega-Y, F\n|-mega|p1a: Charizard|Charizard|Charizardite Y\n|-weather|SunnyDay|[from] ability: Drought|[of] p1a: Charizard\n|-terastallize|p2a: \u5251\u821e\u8d77\u8349|Water\n|detailschange|p2a: \u5251\u821e\u8d77\u8349|Ogerpon-Wellspring-Tera, F, tera:Water\n|-ability|p2a: \u5251\u821e\u8d77\u8349|Embody Aspect (Wellspring)|boost\n|-boost|p2a: \u5251\u821e\u8d77\u8349|spd|1\n|move|p2a: \u5251\u821e\u8d77\u8349|Ivy Cudgel|p1a: Charizard|[anim] Ivy Cudgel Water\n|-supereffective|p1a: Charizard\n|-damage|p1a: Charizard|0 fnt\n|faint|p1a: Charizard\n|\n|-weather|SunnyDay|[upkeep]\n|upkeep\n|\n|t:|1700493635\n|switch|p1a: Serperior|Serperior, F|100\/100\n|turn|3\n|\n|t:|1700493645\n|switch|p2a: XY\u6389\u5e27\u72c2\u9b54|Moltres|100\/100\n|move|p1a: Serperior|Leaf Storm|p2a: XY\u6389\u5e27\u72c2\u9b54\n|-resisted|p2a: XY\u6389\u5e27\u72c2\u9b54\n|-damage|p2a: XY\u6389\u5e27\u72c2\u9b54|90\/100\n|-boost|p1a: Serperior|spa|2\n|\n|-weather|SunnyDay|[upkeep]\n|upkeep\n|turn|4\n|\n|t:|1700493656\n|-terastallize|p1a: Serperior|Fire\n|move|p1a: Serperior|Glare|p2a: XY\u6389\u5e27\u72c2\u9b54\n|-status|p2a: XY\u6389\u5e27\u72c2\u9b54|par\n|move|p2a: XY\u6389\u5e27\u72c2\u9b54|Flamethrower|p1a: Serperior\n|-resisted|p1a: Serperior\n|-damage|p1a: Serperior|68\/100\n|\n|-weather|SunnyDay|[upkeep]\n|-heal|p1a: Serperior|74\/100|[from] item: Leftovers\n|upkeep\n|turn|5\n|\n|t:|1700493663\n|move|p1a: Serperior|Leaf Storm|p2a: XY\u6389\u5e27\u72c2\u9b54\n|-resisted|p2a: XY\u6389\u5e27\u72c2\u9b54\n|-damage|p2a: XY\u6389\u5e27\u72c2\u9b54|66\/100 par\n|-boost|p1a: Serperior|spa|2\n|move|p2a: XY\u6389\u5e27\u72c2\u9b54|U-turn|p1a: Serperior\n|-resisted|p1a: Serperior\n|-damage|p1a: Serperior|66\/100\n|\n|t:|1700493680\n|switch|p2a: \u773c\u955c\u5a18|Tapu Lele|100\/100|[from] U-turn\n|-fieldstart|move: Psychic Terrain|[from] ability: Psychic Surge|[of] p2a: \u773c\u955c\u5a18\n|\n|-weather|SunnyDay|[upkeep]\n|-heal|p1a: Serperior|73\/100|[from] item: Leftovers\n|upkeep\n|turn|6\n|inactive|Leifthrasir has 120 seconds left.\n|\n|t:|1700493696\n|move|p1a: Serperior|Leaf Storm|p2a: \u773c\u955c\u5a18|[miss]\n|-miss|p1a: Serperior|p2a: \u773c\u955c\u5a18\n|move|p2a: \u773c\u955c\u5a18|Psychic|p1a: Serperior\n|-damage|p1a: Serperior|1\/100\n|-boost|p1a: Serperior|spd|1\n|\n|-weather|none\n|-heal|p1a: Serperior|8\/100|[from] item: Leftovers\n|upkeep\n|turn|7\n|\n|t:|1700493701\n|move|p1a: Serperior|Leaf Storm|p2a: \u773c\u955c\u5a18\n|-damage|p2a: \u773c\u955c\u5a18|0 fnt\n|-boost|p1a: Serperior|spa|2\n|faint|p2a: \u773c\u955c\u5a18\n|\n|-heal|p1a: Serperior|14\/100|[from] item: Leftovers\n|upkeep\n|\n|t:|1700493709\n|switch|p2a: \u4ec0\u4e48\u65f6\u5019BAN\uff1f|Sneasler, M|100\/100\n|-enditem|p2a: \u4ec0\u4e48\u65f6\u5019BAN\uff1f|Psychic Seed\n|-boost|p2a: \u4ec0\u4e48\u65f6\u5019BAN\uff1f|spd|1|[from] item: Psychic Seed\n|turn|8\n|\n|t:|1700493714\n|switch|p1a: Doublade|Doublade, F|100\/100\n|move|p2a: \u4ec0\u4e48\u65f6\u5019BAN\uff1f|Acrobatics|p1a: Doublade\n|-resisted|p1a: Doublade\n|-damage|p1a: Doublade|91\/100\n|\n|upkeep\n|turn|9\n|\n|t:|1700493722\n|switch|p2a: \u94c1\u7532\u5c0f\u5b9d|Armarouge, F|100\/100\n|move|p1a: Doublade|Shadow Claw|p2a: \u94c1\u7532\u5c0f\u5b9d\n|-supereffective|p2a: \u94c1\u7532\u5c0f\u5b9d\n|-damage|p2a: \u94c1\u7532\u5c0f\u5b9d|25\/100\n|-ability|p2a: \u94c1\u7532\u5c0f\u5b9d|Weak Armor|boost\n|-unboost|p2a: \u94c1\u7532\u5c0f\u5b9d|def|1\n|-boost|p2a: \u94c1\u7532\u5c0f\u5b9d|spe|2\n|-enditem|p2a: \u94c1\u7532\u5c0f\u5b9d|Weakness Policy\n|-boost|p2a: \u94c1\u7532\u5c0f\u5b9d|atk|2|[from] item: Weakness Policy\n|-boost|p2a: \u94c1\u7532\u5c0f\u5b9d|spa|2|[from] item: Weakness Policy\n|\n|upkeep\n|turn|10\n|\n|t:|1700493733\n|move|p1a: Doublade|Shadow Sneak|p2a: \u94c1\u7532\u5c0f\u5b9d\n|-activate|p2a: \u94c1\u7532\u5c0f\u5b9d|move: Psychic Terrain\n|move|p2a: \u94c1\u7532\u5c0f\u5b9d|Armor Cannon|p1a: Doublade\n|-supereffective|p1a: Doublade\n|-damage|p1a: Doublade|0 fnt\n|-unboost|p2a: \u94c1\u7532\u5c0f\u5b9d|def|1\n|-unboost|p2a: \u94c1\u7532\u5c0f\u5b9d|spd|1\n|faint|p1a: Doublade\n|\n|upkeep\n|\n|t:|1700493740\n|switch|p1a: Alomomola|Alomomola, F, shiny|100\/100\n|turn|11\n|\n|t:|1700493745\n|move|p2a: \u94c1\u7532\u5c0f\u5b9d|Expanding Force|p1a: Alomomola\n|-damage|p1a: Alomomola|0 fnt\n|faint|p1a: Alomomola\n|\n|upkeep\n|-message|clementh forfeited.\n|\n|win|Leifthrasir\n|raw|clementh's rating: 1327 &rarr; <strong>1311<\/strong><br \/>(-16 for losing)\n|raw|Leifthrasir's rating: 1391 &rarr; <strong>1407<\/strong><br \/>(+16 for winning)\n|l|\u2606clementh\n","uploadtime":1700493783,"views":4,"p1id":"clementh","p2id":"leifthrasir","formatid":"gen9nationaldex","rating":1311,"private":0,"password":""}