{"id":"gen9nationaldex-1999677714","p1":"120Gonizo","p2":"famus123","format":"[Gen 9] National Dex","log":"|html|<div class=\"broadcast-blue\"><strong>[Gen 9] National Dex is currently suspecting Sneasler! For information on how to participate check out the <a href=\"https:\/\/www.smogon.com\/forums\/threads\/sv-national-dex-suspect-8-just-dance.3731534\/\">suspect thread<\/a>.<\/strong><\/div>\n|j|\u2606120Gonizo\n|j|\u2606famus123\n|t:|1701107012\n|gametype|singles\n|player|p1|120Gonizo|red|\n|player|p2|famus123|kukui|\n|teamsize|p1|6\n|teamsize|p2|6\n|gen|9\n|tier|[Gen 9] National Dex\n|rule|HP Percentage Mod: HP is shown in percentages\n|rule|Endless Battle Clause: Forcing endless battles is banned\n|rule|OHKO Clause: OHKO moves are banned\n|rule|Evasion Clause: Evasion abilities, items, and moves are banned\n|rule|Evasion Abilities Clause: Evasion abilities are banned\n|rule|Evasion Items Clause: Evasion items are banned\n|rule|Evasion Moves Clause: Evasion moves are banned\n|rule|Species Clause: Limit one of each Pok\u00e9mon\n|rule|Sleep Clause Mod: Limit one foe put to sleep\n|clearpoke\n|poke|p1|Shuckle, M|\n|poke|p1|Arcanine-Hisui, F|\n|poke|p1|Heracross, M|\n|poke|p1|Zoroark-Hisui, M|\n|poke|p1|Sliggoo-Hisui, M|\n|poke|p1|Crobat, M|\n|poke|p2|Tarountula, M|\n|poke|p2|Ogerpon-Wellspring, F|\n|poke|p2|Skeledirge, F|\n|poke|p2|Revavroom, F|\n|poke|p2|Lokix, M|\n|poke|p2|Glimmora, F|\n|teampreview\n|\n|t:|1701107020\n|start\n|switch|p1a: Berta alada|Crobat, M|100\/100\n|switch|p2a: Ogerpon|Ogerpon-Wellspring, F|100\/100\n|turn|1\n|\n|t:|1701107027\n|switch|p2a: Glimmora|Glimmora, F|100\/100\n|move|p1a: Berta alada|Dual Wingbeat|p2a: Glimmora\n|-resisted|p2a: Glimmora\n|-damage|p2a: Glimmora|90\/100\n|-activate|p2a: Glimmora|ability: Toxic Debris\n|-sidestart|p1: 120Gonizo|move: Toxic Spikes\n|-resisted|p2a: Glimmora\n|-damage|p2a: Glimmora|78\/100\n|-activate|p2a: Glimmora|ability: Toxic Debris\n|-sidestart|p1: 120Gonizo|move: Toxic Spikes\n|-hitcount|p2a: Glimmora|2\n|\n|upkeep\n|turn|2\n|\n|t:|1701107044\n|move|p2a: Glimmora|Power Gem|p1a: Berta alada\n|-supereffective|p1a: Berta alada\n|-damage|p1a: Berta alada|0 fnt\n|faint|p1a: Berta alada\n|\n|upkeep\n|\n|t:|1701107050\n|switch|p1a: Rompeculoagelnator|Sliggoo-Hisui, M|100\/100\n|turn|3\n|\n|t:|1701107059\n|switch|p2a: Ogerpon|Ogerpon-Wellspring, F|100\/100\n|move|p1a: Rompeculoagelnator|Acid Armor|p1a: Rompeculoagelnator\n|-boost|p1a: Rompeculoagelnator|def|2\n|\n|upkeep\n|turn|4\n|\n|t:|1701107065\n|switch|p2a: Skeledirge|Skeledirge, F|100\/100\n|move|p1a: Rompeculoagelnator|Dragon Pulse|p2a: Skeledirge\n|-damage|p2a: Skeledirge|75\/100\n|\n|upkeep\n|turn|5\n|\n|t:|1701107070\n|move|p2a: Skeledirge|Will-O-Wisp|p1a: Rompeculoagelnator\n|-status|p1a: Rompeculoagelnator|brn\n|move|p1a: Rompeculoagelnator|Toxic|p2a: Skeledirge\n|-status|p2a: Skeledirge|tox\n|\n|-damage|p2a: Skeledirge|69\/100 tox|[from] psn\n|-damage|p1a: Rompeculoagelnator|94\/100 brn|[from] brn\n|upkeep\n|turn|6\n|\n|t:|1701107079\n|move|p2a: Skeledirge|Torch Song|p1a: Rompeculoagelnator\n|-damage|p1a: Rompeculoagelnator|68\/100 brn\n|-boost|p2a: Skeledirge|spa|1\n|move|p1a: Rompeculoagelnator|Acid Armor|p1a: Rompeculoagelnator\n|-boost|p1a: Rompeculoagelnator|def|2\n|\n|-heal|p1a: Rompeculoagelnator|75\/100 brn|[from] item: Leftovers\n|-damage|p2a: Skeledirge|57\/100 tox|[from] psn\n|-damage|p1a: Rompeculoagelnator|68\/100 brn|[from] brn\n|upkeep\n|turn|7\n|\n|t:|1701107089\n|move|p2a: Skeledirge|Hex|p1a: Rompeculoagelnator\n|-damage|p1a: Rompeculoagelnator|8\/100 brn\n|move|p1a: Rompeculoagelnator|Life Dew|p1a: Rompeculoagelnator\n|-heal|p1a: Rompeculoagelnator|33\/100 brn\n|\n|-heal|p1a: Rompeculoagelnator|39\/100 brn|[from] item: Leftovers\n|-damage|p2a: Skeledirge|39\/100 tox|[from] psn\n|-damage|p1a: Rompeculoagelnator|33\/100 brn|[from] brn\n|upkeep\n|turn|8\n|\n|t:|1701107098\n|switch|p1a: Rompeculoagelnator|Sliggoo-Hisui, M|100\/100\n|-status|p1a: Rompeculoagelnator|tox\n|move|p2a: Skeledirge|Hex|p1a: Rompeculoagelnator\n|-immune|p1a: Rompeculoagelnator\n|\n|-damage|p1a: Rompeculoagelnator|95\/100 tox|[from] psn\n|-damage|p2a: Skeledirge|15\/100 tox|[from] psn\n|upkeep\n|turn|9\n|\n|t:|1701107116\n|move|p1a: Rompeculoagelnator|Shadow Ball|p2a: Skeledirge\n|-supereffective|p2a: Skeledirge\n|-damage|p2a: Skeledirge|0 fnt\n|faint|p2a: Skeledirge\n|\n|-damage|p1a: Rompeculoagelnator|83\/100 tox|[from] psn\n|upkeep\n|\n|t:|1701107144\n|switch|p2a: Tarountula|Tarountula, M|100\/100\n|turn|10\n|\n|t:|1701107154\n|switch|p1a: El deseo de chema|Arcanine-Hisui, F|100\/100\n|-status|p1a: El deseo de chema|tox\n|move|p2a: Tarountula|Sticky Web|p1a: El deseo de chema\n|-sidestart|p1: 120Gonizo|move: Sticky Web\n|\n|-damage|p1a: El deseo de chema|94\/100 tox|[from] psn\n|upkeep\n|turn|11\n|\n|t:|1701107170\n|move|p1a: El deseo de chema|Flare Blitz|p2a: Tarountula\n|-supereffective|p2a: Tarountula\n|-enditem|p2a: Tarountula|Focus Sash\n|-damage|p2a: Tarountula|1\/100\n|move|p2a: Tarountula|Knock Off|p1a: El deseo de chema\n|-damage|p1a: El deseo de chema|79\/100 tox\n|-enditem|p1a: El deseo de chema|Choice Band|[from] move: Knock Off|[of] p2a: Tarountula\n|\n|-damage|p1a: El deseo de chema|67\/100 tox|[from] psn\n|upkeep\n|turn|12\n|\n|t:|1701107180\n|move|p1a: El deseo de chema|Head Smash|p2a: Tarountula\n|-supereffective|p2a: Tarountula\n|-damage|p2a: Tarountula|0 fnt\n|faint|p2a: Tarountula\n|\n|-damage|p1a: El deseo de chema|49\/100 tox|[from] psn\n|upkeep\n|\n|t:|1701107199\n|switch|p2a: Lokix|Lokix, M|100\/100\n|turn|13\n|\n|t:|1701107204\n|switch|p1a: Rompeculoagelnator|Sliggoo-Hisui, M|33\/100 brn\n|-activate|p1a: Rompeculoagelnator|move: Sticky Web\n|-unboost|p1a: Rompeculoagelnator|spe|1\n|move|p2a: Lokix|U-turn|p1a: Rompeculoagelnator\n|-resisted|p1a: Rompeculoagelnator\n|-damage|p1a: Rompeculoagelnator|0 fnt\n|faint|p1a: Rompeculoagelnator\n|\n|t:|1701107239\n|switch|p2a: Revavroom|Revavroom, F|100\/100|[from] U-turn\n|\n|upkeep\n|\n|t:|1701107248\n|switch|p1a: Dilatador|Heracross, M|100\/100\n|turn|14\n|\n|t:|1701107270\n|move|p1a: Dilatador|Earthquake|p2a: Revavroom\n|-supereffective|p2a: Revavroom\n|-damage|p2a: Revavroom|0 fnt\n|faint|p2a: Revavroom\n|-ability|p1a: Dilatador|Moxie|boost\n|-boost|p1a: Dilatador|atk|1\n|\n|upkeep\n|\n|t:|1701107276\n|switch|p2a: Glimmora|Glimmora, F|78\/100\n|turn|15\n|\n|t:|1701107286\n|move|p2a: Glimmora|Power Gem|p1a: Dilatador\n|-damage|p1a: Dilatador|53\/100\n|move|p1a: Dilatador|Close Combat|p2a: Glimmora\n|-damage|p2a: Glimmora|0 fnt\n|-unboost|p1a: Dilatador|def|1\n|-unboost|p1a: Dilatador|spd|1\n|faint|p2a: Glimmora\n|-ability|p1a: Dilatador|Moxie|boost\n|-boost|p1a: Dilatador|atk|1\n|\n|upkeep\n|\n|t:|1701107294\n|switch|p2a: Ogerpon|Ogerpon-Wellspring, F|100\/100\n|turn|16\n|\n|t:|1701107299\n|move|p2a: Ogerpon|Ivy Cudgel|p1a: Dilatador|[anim] Ivy Cudgel Water\n|-damage|p1a: Dilatador|0 fnt\n|faint|p1a: Dilatador\n|\n|upkeep\n|inactive|Battle timer is ON: inactive players will automatically lose when time's up. (requested by famus123)\n|\n|t:|1701107312\n|switch|p1a: Con o sin sussano|Shuckle, M|100\/100\n|-status|p1a: Con o sin sussano|tox\n|-activate|p1a: Con o sin sussano|move: Sticky Web\n|-boost|p1a: Con o sin sussano|spe|1\n|turn|17\n|\n|t:|1701107321\n|-terastallize|p1a: Con o sin sussano|Poison\n|move|p2a: Ogerpon|Substitute|p2a: Ogerpon\n|-start|p2a: Ogerpon|Substitute\n|-damage|p2a: Ogerpon|76\/100\n|move|p1a: Con o sin sussano|Infestation|p2a: Ogerpon\n|-supereffective|p2a: Ogerpon\n|-activate|p2a: Ogerpon|move: Substitute|[damage]\n|\n|-damage|p1a: Con o sin sussano|94\/100 tox|[from] psn\n|upkeep\n|turn|18\n|\n|t:|1701107329\n|move|p2a: Ogerpon|Swords Dance|p2a: Ogerpon\n|-boost|p2a: Ogerpon|atk|2\n|move|p1a: Con o sin sussano|Shell Smash|p1a: Con o sin sussano\n|-boost|p1a: Con o sin sussano|def|1\n|-boost|p1a: Con o sin sussano|spd|1\n|-unboost|p1a: Con o sin sussano|atk|2\n|-unboost|p1a: Con o sin sussano|spa|2\n|-unboost|p1a: Con o sin sussano|spe|2\n|\n|-damage|p1a: Con o sin sussano|82\/100 tox|[from] psn\n|upkeep\n|turn|19\n|\n|t:|1701107341\n|move|p2a: Ogerpon|Swords Dance|p2a: Ogerpon\n|-boost|p2a: Ogerpon|atk|2\n|move|p1a: Con o sin sussano|Infestation|p2a: Ogerpon\n|-supereffective|p2a: Ogerpon\n|-activate|p2a: Ogerpon|move: Substitute|[damage]\n|\n|-damage|p1a: Con o sin sussano|64\/100 tox|[from] psn\n|upkeep\n|turn|20\n|\n|t:|1701107349\n|move|p2a: Ogerpon|Swords Dance|p2a: Ogerpon\n|-boost|p2a: Ogerpon|atk|2\n|move|p1a: Con o sin sussano|Rest|p1a: Con o sin sussano\n|-status|p1a: Con o sin sussano|slp|[from] move: Rest\n|-heal|p1a: Con o sin sussano|100\/100 slp|[silent]\n|-enditem|p1a: Con o sin sussano|Chesto Berry|[eat]\n|-curestatus|p1a: Con o sin sussano|slp|[msg]\n|\n|upkeep\n|turn|21\n|\n|t:|1701107357\n|move|p2a: Ogerpon|Ivy Cudgel|p1a: Con o sin sussano|[anim] Ivy Cudgel Water\n|-damage|p1a: Con o sin sussano|0 fnt\n|faint|p1a: Con o sin sussano\n|\n|upkeep\n|\n|t:|1701107363\n|switch|p1a: El deseo de chema|Arcanine-Hisui, F|49\/100 tox\n|-activate|p1a: El deseo de chema|move: Sticky Web\n|-unboost|p1a: El deseo de chema|spe|1\n|turn|22\n|\n|t:|1701107367\n|move|p1a: El deseo de chema|Extreme Speed|p2a: Ogerpon\n|-end|p2a: Ogerpon|Substitute\n|move|p2a: Ogerpon|Ivy Cudgel|p1a: El deseo de chema|[anim] Ivy Cudgel Water\n|-supereffective|p1a: El deseo de chema\n|-damage|p1a: El deseo de chema|0 fnt\n|faint|p1a: El deseo de chema\n|\n|upkeep\n|\n|t:|1701107373\n|switch|p1a: Chema|Zoroark-Hisui, M|83\/100 tox\n|-activate|p1a: Chema|move: Sticky Web\n|-unboost|p1a: Chema|spe|1\n|turn|23\n|\n|t:|1701107377\n|-terastallize|p2a: Ogerpon|Water\n|detailschange|p2a: Ogerpon|Ogerpon-Wellspring-Tera, F, tera:Water\n|-ability|p2a: Ogerpon|Embody Aspect (Wellspring)|boost\n|-boost|p2a: Ogerpon|spd|1\n|move|p2a: Ogerpon|Ivy Cudgel|p1a: Chema|[anim] Ivy Cudgel Water\n|-damage|p1a: Chema|0 fnt\n|faint|p1a: Chema\n|\n|win|famus123\n|c|\u2606famus123|gg\n|c|\u2606120Gonizo|mandalo tu\n","uploadtime":1701107388,"views":13,"p1id":"120gonizo","p2id":"famus123","formatid":"gen9nationaldex","rating":0,"private":0,"password":""}