{"id":"gen9nationaldex-1996103503","p1":"daybreak wave3","p2":"monkey kk","format":"[Gen 9] National Dex","log":"|html|<div class=\"broadcast-blue\"><strong>[Gen 9] National Dex is currently suspecting Sneasler! For information on how to participate check out the <a href=\"https:\/\/www.smogon.com\/forums\/threads\/sv-national-dex-suspect-8-just-dance.3731534\/\">suspect thread<\/a>.<\/strong><\/div>\n|j|\u2606daybreak wave3\n|j|\u2606monkey kk\n|t:|1700644612\n|gametype|singles\n|player|p1|daybreak wave3|lillie-masters2|1515\n|player|p2|monkey kk|twins-gen4dp|1588\n|teamsize|p1|6\n|teamsize|p2|6\n|gen|9\n|tier|[Gen 9] National Dex\n|rated|\n|rule|HP Percentage Mod: HP is shown in percentages\n|rule|Endless Battle Clause: Forcing endless battles is banned\n|rule|OHKO Clause: OHKO moves are banned\n|rule|Evasion Clause: Evasion abilities, items, and moves are banned\n|rule|Evasion Abilities Clause: Evasion abilities are banned\n|rule|Evasion Items Clause: Evasion items are banned\n|rule|Evasion Moves Clause: Evasion moves are banned\n|rule|Species Clause: Limit one of each Pok\u00e9mon\n|rule|Sleep Clause Mod: Limit one foe put to sleep\n|clearpoke\n|poke|p1|Aegislash, F|\n|poke|p1|Ogerpon-Wellspring, F|\n|poke|p1|Moltres|\n|poke|p1|Clodsire, F|\n|poke|p1|Tapu Koko|\n|poke|p1|Garganacl, M|\n|poke|p2|Glimmora, M|\n|poke|p2|Rillaboom, F|\n|poke|p2|Sneasler, F|\n|poke|p2|Greninja-*, M|\n|poke|p2|Moltres|\n|poke|p2|Kommo-o, F|\n|teampreview\n|inactive|Battle timer is ON: inactive players will automatically lose when time's up. (requested by monkey kk)\n|\n|t:|1700644626\n|start\n|switch|p1a: Tapu Koko|Tapu Koko|100\/100\n|switch|p2a: Glimmora|Glimmora, M|100\/100\n|-fieldstart|move: Electric Terrain|[from] ability: Electric Surge|[of] p1a: Tapu Koko\n|turn|1\n|\n|t:|1700644632\n|move|p1a: Tapu Koko|Volt Switch|p2a: Glimmora\n|-damage|p2a: Glimmora|31\/100\n|\n|t:|1700644641\n|switch|p1a: Ogerpon|Ogerpon-Wellspring, F|100\/100|[from] Volt Switch\n|move|p2a: Glimmora|Stealth Rock|p1a: Ogerpon\n|-sidestart|p1: daybreak wave3|move: Stealth Rock\n|\n|upkeep\n|turn|2\n|\n|t:|1700644653\n|move|p1a: Ogerpon|Ivy Cudgel|p2a: Glimmora|[anim] Ivy Cudgel Water\n|-supereffective|p2a: Glimmora\n|-damage|p2a: Glimmora|0 fnt\n|-activate|p2a: Glimmora|ability: Toxic Debris\n|-sidestart|p1: daybreak wave3|move: Toxic Spikes\n|faint|p2a: Glimmora\n|\n|upkeep\n|\n|t:|1700644661\n|switch|p2a: Rillaboom|Rillaboom, F|100\/100\n|-fieldstart|move: Grassy Terrain|[from] ability: Grassy Surge|[of] p2a: Rillaboom\n|turn|3\n|\n|t:|1700644665\n|switch|p1a: \u70c8\u7bad\u9e70|Moltres|100\/100\n|move|p2a: Rillaboom|U-turn|p1a: \u70c8\u7bad\u9e70\n|-resisted|p1a: \u70c8\u7bad\u9e70\n|-damage|p1a: \u70c8\u7bad\u9e70|94\/100\n|\n|t:|1700644672\n|switch|p2a: Greninja|Greninja, M|100\/100|[from] U-turn\n|\n|upkeep\n|turn|4\n|\n|t:|1700644677\n|-terastallize|p1a: \u70c8\u7bad\u9e70|Water\n|move|p2a: Greninja|Surf|p1a: \u70c8\u7bad\u9e70\n|-resisted|p1a: \u70c8\u7bad\u9e70\n|-damage|p1a: \u70c8\u7bad\u9e70|75\/100\n|move|p1a: \u70c8\u7bad\u9e70|Defog|p2a: Greninja\n|-unboost|p2a: Greninja|evasion|1\n|-sideend|p1: daybreak wave3|Toxic Spikes|[from] move: Defog|[of] p1a: \u70c8\u7bad\u9e70\n|-sideend|p1: daybreak wave3|Stealth Rock|[from] move: Defog|[of] p1a: \u70c8\u7bad\u9e70\n|-fieldend|move: Grassy Terrain\n|\n|upkeep\n|turn|5\n|\n|t:|1700644684\n|move|p2a: Greninja|Dark Pulse|p1a: \u70c8\u7bad\u9e70\n|-damage|p1a: \u70c8\u7bad\u9e70|38\/100\n|cant|p1a: \u70c8\u7bad\u9e70|flinch\n|\n|upkeep\n|turn|6\n|\n|t:|1700644696\n|move|p2a: Greninja|Dark Pulse|p1a: \u70c8\u7bad\u9e70\n|-damage|p1a: \u70c8\u7bad\u9e70|2\/100\n|cant|p1a: \u70c8\u7bad\u9e70|flinch\n|\n|upkeep\n|turn|7\n|\n|t:|1700644704\n|switch|p1a: \u571f~\u2191\u738b|Clodsire, F|100\/100\n|move|p2a: Greninja|Surf|p1a: \u571f~\u2191\u738b\n|-supereffective|p1a: \u571f~\u2191\u738b\n|-crit|p1a: \u571f~\u2191\u738b\n|-damage|p1a: \u571f~\u2191\u738b|39\/100\n|\n|upkeep\n|turn|8\n|\n|t:|1700644710\n|move|p2a: Greninja|Surf|p1a: \u571f~\u2191\u738b\n|-supereffective|p1a: \u571f~\u2191\u738b\n|-crit|p1a: \u571f~\u2191\u738b\n|-damage|p1a: \u571f~\u2191\u738b|0 fnt\n|faint|p1a: \u571f~\u2191\u738b\n|-ability|p2a: Greninja|Battle Bond|boost\n|-boost|p2a: Greninja|atk|1\n|-boost|p2a: Greninja|spa|1\n|-boost|p2a: Greninja|spe|1\n|-activate|p2a: Greninja|ability: Battle Bond\n|\n|upkeep\n|\n|t:|1700644721\n|switch|p1a: Tapu Koko|Tapu Koko|100\/100\n|-fieldstart|move: Electric Terrain|[from] ability: Electric Surge|[of] p1a: Tapu Koko\n|turn|9\n|\n|t:|1700644734\n|-terastallize|p2a: Greninja|Psychic\n|move|p2a: Greninja|Dark Pulse|p1a: Tapu Koko\n|-resisted|p1a: Tapu Koko\n|-damage|p1a: Tapu Koko|57\/100\n|cant|p1a: Tapu Koko|flinch\n|\n|upkeep\n|turn|10\n|\n|t:|1700644746\n|move|p2a: Greninja|Surf|p1a: Tapu Koko\n|-damage|p1a: Tapu Koko|0 fnt\n|faint|p1a: Tapu Koko\n|\n|upkeep\n|\n|t:|1700644761\n|switch|p1a: Ogerpon|Ogerpon-Wellspring, F|100\/100\n|turn|11\n|\n|t:|1700644769\n|move|p2a: Greninja|Dark Pulse|p1a: Ogerpon\n|-damage|p1a: Ogerpon|35\/100\n|cant|p1a: Ogerpon|flinch\n|\n|upkeep\n|turn|12\n|-message|daybreak wave3 forfeited.\n|\n|win|monkey kk\n|raw|daybreak wave3's rating: 1515 &rarr; <strong>1499<\/strong><br \/>(-16 for losing)\n|raw|monkey kk's rating: 1588 &rarr; <strong>1604<\/strong><br \/>(+16 for winning)\n|l|\u2606daybreak wave3\n","uploadtime":1700644801,"views":6,"p1id":"daybreakwave3","p2id":"monkeykk","formatid":"gen9nationaldex","rating":1499,"private":0,"password":""}