{"id":"gen9nationaldex-1996546338","p1":"SrPorquet","p2":"SpotifyWithoutAds","format":"[Gen 9] National Dex","log":"|html|<div class=\"broadcast-blue\"><strong>[Gen 9] National Dex is currently suspecting Sneasler! For information on how to participate check out the <a href=\"https:\/\/www.smogon.com\/forums\/threads\/sv-national-dex-suspect-8-just-dance.3731534\/\">suspect thread<\/a>.<\/strong><\/div>\n|j|\u203dSrPorquet\n|j|\u2606SpotifyWithoutAds\n|t:|1700692820\n|gametype|singles\n|player|p1|SrPorquet|falkner|1359\n|player|p2|SpotifyWithoutAds|1|1305\n|teamsize|p1|6\n|teamsize|p2|6\n|gen|9\n|tier|[Gen 9] National Dex\n|rated|\n|rule|HP Percentage Mod: HP is shown in percentages\n|rule|Endless Battle Clause: Forcing endless battles is banned\n|rule|OHKO Clause: OHKO moves are banned\n|rule|Evasion Clause: Evasion abilities, items, and moves are banned\n|rule|Evasion Abilities Clause: Evasion abilities are banned\n|rule|Evasion Items Clause: Evasion items are banned\n|rule|Evasion Moves Clause: Evasion moves are banned\n|rule|Species Clause: Limit one of each Pok\u00e9mon\n|rule|Sleep Clause Mod: Limit one foe put to sleep\n|clearpoke\n|poke|p1|Pidgeot, M|\n|poke|p1|Magmortar, M|\n|poke|p1|Raichu, F|\n|poke|p1|Clefable, M|\n|poke|p1|Vileplume, M|\n|poke|p1|Politoed, M|\n|poke|p2|Garchomp, F|\n|poke|p2|Clodsire, F|\n|poke|p2|Ditto|\n|poke|p2|Brute Bonnet|\n|poke|p2|Shuckle, F|\n|poke|p2|Sandaconda, F|\n|teampreview\n|\n|t:|1700692860\n|start\n|switch|p1a: Vileplume|Vileplume, M|100\/100\n|switch|p2a: Shuckle|Shuckle, F|100\/100\n|turn|1\n|\n|t:|1700692867\n|move|p1a: Vileplume|Toxic|p2a: Shuckle\n|-status|p2a: Shuckle|tox\n|move|p2a: Shuckle|Stealth Rock|p1a: Vileplume\n|-sidestart|p1: SrPorquet|move: Stealth Rock\n|\n|-damage|p2a: Shuckle|94\/100 tox|[from] psn\n|upkeep\n|turn|2\n|\n|t:|1700692871\n|switch|p1a: Politoed|Politoed, M|100\/100\n|-damage|p1a: Politoed|88\/100|[from] Stealth Rock\n|move|p2a: Shuckle|Sticky Web|p1a: Politoed\n|-sidestart|p1: SrPorquet|move: Sticky Web\n|\n|-heal|p1a: Politoed|94\/100|[from] item: Leftovers\n|-damage|p2a: Shuckle|82\/100 tox|[from] psn\n|upkeep\n|turn|3\n|\n|t:|1700692884\n|move|p1a: Politoed|Surf|p2a: Shuckle\n|-supereffective|p2a: Shuckle\n|-damage|p2a: Shuckle|33\/100 tox\n|-enditem|p2a: Shuckle|Red Card|[of] p1a: Politoed\n|drag|p1a: Clefable|Clefable, M|100\/100\n|-activate|p1a: Clefable|move: Sticky Web\n|-unboost|p1a: Clefable|spe|1\n|move|p2a: Shuckle|Infestation|p1a: Clefable\n|-resisted|p1a: Clefable\n|-damage|p1a: Clefable|99\/100\n|-activate|p1a: Clefable|move: Infestation|[of] p2a: Shuckle\n|\n|-damage|p2a: Shuckle|15\/100 tox|[from] psn\n|upkeep\n|turn|4\n|\n|t:|1700692887\n|move|p1a: Clefable|Moonblast|p2a: Shuckle\n|-damage|p2a: Shuckle|0 fnt\n|faint|p2a: Shuckle\n|\n|-end|p1a: Clefable|Infestation|[partiallytrapped]|[silent]\n|upkeep\n|\n|t:|1700692894\n|switch|p2a: Clodsire|Clodsire, F, shiny|100\/100\n|turn|5\n|\n|t:|1700692901\n|switch|p1a: Pidgeot|Pidgeot, M|100\/100\n|-damage|p1a: Pidgeot|76\/100|[from] Stealth Rock\n|move|p2a: Clodsire|Spikes|p1a: Pidgeot\n|-sidestart|p1: SrPorquet|Spikes\n|\n|upkeep\n|turn|6\n|\n|t:|1700692905\n|detailschange|p1a: Pidgeot|Pidgeot-Mega, M\n|-mega|p1a: Pidgeot|Pidgeot|Pidgeotite\n|move|p1a: Pidgeot|Hurricane|p2a: Clodsire\n|-damage|p2a: Clodsire|68\/100\n|move|p2a: Clodsire|Toxic|p1a: Pidgeot\n|-status|p1a: Pidgeot|tox\n|\n|-heal|p2a: Clodsire|74\/100|[from] item: Leftovers\n|-damage|p1a: Pidgeot|70\/100 tox|[from] psn\n|upkeep\n|turn|7\n|\n|t:|1700692909\n|move|p1a: Pidgeot|Hurricane|p2a: Clodsire\n|-damage|p2a: Clodsire|44\/100\n|move|p2a: Clodsire|Spikes|p1a: Pidgeot\n|-sidestart|p1: SrPorquet|Spikes\n|\n|-heal|p2a: Clodsire|50\/100|[from] item: Leftovers\n|-damage|p1a: Pidgeot|57\/100 tox|[from] psn\n|upkeep\n|turn|8\n|\n|t:|1700692924\n|switch|p1a: Vileplume|Vileplume, M|100\/100\n|-damage|p1a: Vileplume|88\/100|[from] Stealth Rock\n|-activate|p1a: Vileplume|move: Sticky Web\n|-unboost|p1a: Vileplume|spe|1\n|-damage|p1a: Vileplume|72\/100|[from] Spikes\n|move|p2a: Clodsire|Recover|p2a: Clodsire\n|-heal|p2a: Clodsire|99\/100\n|\n|-heal|p1a: Vileplume|78\/100|[from] item: Leftovers\n|-heal|p2a: Clodsire|100\/100|[from] item: Leftovers\n|upkeep\n|turn|9\n|inactive|Battle timer is ON: inactive players will automatically lose when time's up. (requested by SrPorquet)\n|\n|t:|1700692973\n|move|p1a: Vileplume|Giga Drain|p2a: Clodsire\n|-damage|p2a: Clodsire|82\/100\n|-heal|p1a: Vileplume|91\/100|[from] drain|[of] p2a: Clodsire\n|move|p2a: Clodsire|Spikes|p1a: Vileplume\n|-sidestart|p1: SrPorquet|Spikes\n|\n|-heal|p1a: Vileplume|97\/100|[from] item: Leftovers\n|-heal|p2a: Clodsire|88\/100|[from] item: Leftovers\n|upkeep\n|turn|10\n|inactive|SpotifyWithoutAds has 120 seconds left.\n|\n|t:|1700693009\n|switch|p2a: Sandaconda|Sandaconda, F, shiny|100\/100\n|move|p1a: Vileplume|Giga Drain|p2a: Sandaconda\n|-supereffective|p2a: Sandaconda\n|-damage|p2a: Sandaconda|6\/100\n|-heal|p1a: Vileplume|100\/100|[from] drain|[of] p2a: Sandaconda\n|\n|-heal|p2a: Sandaconda|12\/100|[from] item: Leftovers\n|upkeep\n|turn|11\n|inactive|SpotifyWithoutAds has 120 seconds left.\n|inactive|SrPorquet has 120 seconds left.\n|inactive|SrPorquet has 90 seconds left.\n|inactive|SrPorquet has 60 seconds left.\n|inactive|SrPorquet has 30 seconds left.\n|\n|t:|1700693126\n|move|p2a: Sandaconda|Glare|p1a: Vileplume\n|-status|p1a: Vileplume|par\n|move|p1a: Vileplume|Giga Drain|p2a: Sandaconda\n|-supereffective|p2a: Sandaconda\n|-damage|p2a: Sandaconda|0 fnt\n|faint|p2a: Sandaconda\n|\n|upkeep\n|inactive|SrPorquet has 30 seconds left this turn.\n|inactive|SpotifyWithoutAds has 120 seconds left.\n|\n|t:|1700693141\n|switch|p2a: Brute Bonnet|Brute Bonnet|100\/100\n|-enditem|p2a: Brute Bonnet|Booster Energy\n|-activate|p2a: Brute Bonnet|ability: Protosynthesis|[fromitem]\n|-start|p2a: Brute Bonnet|protosynthesisatk\n|turn|12\n|inactive|SpotifyWithoutAds has 120 seconds left.\n|\n|t:|1700693146\n|move|p2a: Brute Bonnet|Sucker Punch||[still]\n|-fail|p2a: Brute Bonnet\n|move|p1a: Vileplume|Strength Sap|p2a: Brute Bonnet\n|-unboost|p2a: Brute Bonnet|atk|1\n|\n|upkeep\n|turn|13\n|\n|t:|1700693152\n|-end|p2a: Brute Bonnet|Protosynthesis|[silent]\n|switch|p2a: Garchomp|Garchomp, F, shiny|100\/100\n|move|p1a: Vileplume|Toxic|p2a: Garchomp\n|-status|p2a: Garchomp|tox\n|\n|-damage|p2a: Garchomp|94\/100 tox|[from] psn\n|upkeep\n|turn|14\n|\n|t:|1700693156\n|move|p2a: Garchomp|Earthquake|p1a: Vileplume\n|-damage|p1a: Vileplume|50\/100 par\n|move|p1a: Vileplume|Strength Sap|p2a: Garchomp\n|-unboost|p2a: Garchomp|atk|1\n|-heal|p1a: Vileplume|100\/100 par\n|\n|-damage|p2a: Garchomp|82\/100 tox|[from] psn\n|upkeep\n|turn|15\n|\n|t:|1700693171\n|move|p2a: Garchomp|Swords Dance|p2a: Garchomp\n|-boost|p2a: Garchomp|atk|2\n|move|p1a: Vileplume|Giga Drain|p2a: Garchomp\n|-damage|p2a: Garchomp|47\/100 tox\n|\n|-damage|p2a: Garchomp|28\/100 tox|[from] psn\n|upkeep\n|turn|16\n|\n|t:|1700693175\n|move|p2a: Garchomp|Earthquake|p1a: Vileplume\n|-damage|p1a: Vileplume|17\/100 par\n|move|p1a: Vileplume|Strength Sap|p2a: Garchomp\n|-unboost|p2a: Garchomp|atk|1\n|-heal|p1a: Vileplume|100\/100 par\n|\n|-damage|p2a: Garchomp|4\/100 tox|[from] psn\n|upkeep\n|turn|17\n|-message|SpotifyWithoutAds forfeited.\n|\n|win|SrPorquet\n|raw|SrPorquet's rating: 1377 &rarr; <strong>1393<\/strong><br \/>(+16 for winning)\n|raw|SpotifyWithoutAds's rating: 1305 &rarr; <strong>1289<\/strong><br \/>(-16 for losing)\n|l|\u2606SpotifyWithoutAds\n","uploadtime":1700693192,"views":2,"p1id":"srporquet","p2id":"spotifywithoutads","formatid":"gen9nationaldex","rating":1289,"private":0,"password":""}