{"id":"gen9nationaldex-1992318379","p1":"DeadComedy","p2":"hackilla15","format":"[Gen 9] National Dex","log":"|j|\u2606DeadComedy\n|j|\u2606hackilla15\n|t:|1700174164\n|gametype|singles\n|player|p1|DeadComedy|alder|1169\n|player|p2|hackilla15|ethan|1234\n|teamsize|p1|6\n|teamsize|p2|6\n|gen|9\n|tier|[Gen 9] National Dex\n|rated|\n|rule|HP Percentage Mod: HP is shown in percentages\n|rule|Endless Battle Clause: Forcing endless battles is banned\n|rule|OHKO Clause: OHKO moves are banned\n|rule|Evasion Clause: Evasion abilities, items, and moves are banned\n|rule|Evasion Abilities Clause: Evasion abilities are banned\n|rule|Evasion Items Clause: Evasion items are banned\n|rule|Evasion Moves Clause: Evasion moves are banned\n|rule|Species Clause: Limit one of each Pok\u00e9mon\n|rule|Sleep Clause Mod: Limit one foe put to sleep\n|clearpoke\n|poke|p1|Blaziken, M|\n|poke|p1|Trevenant, M|\n|poke|p1|Noivern, F|\n|poke|p1|Tinkaton, F|\n|poke|p1|Glimmora, M|\n|poke|p1|Zeraora|\n|poke|p2|Samurott-Hisui, M|\n|poke|p2|Clodsire, F|\n|poke|p2|Slowking, M|\n|poke|p2|Rillaboom, F|\n|poke|p2|Ceruledge, M|\n|poke|p2|Crobat, F|\n|teampreview\n|inactive|Battle timer is ON: inactive players will automatically lose when time's up. (requested by DeadComedy)\n|\n|t:|1700174172\n|start\n|switch|p1a: Monkshood|Glimmora, M|100\/100\n|switch|p2a: Ceruledge|Ceruledge, M|100\/100\n|turn|1\n|\n|t:|1700174181\n|switch|p2a: Clodsire|Clodsire, F|100\/100\n|move|p1a: Monkshood|Stealth Rock|p2a: Clodsire\n|-sidestart|p2: hackilla15|move: Stealth Rock\n|\n|upkeep\n|turn|2\n|\n|t:|1700174186\n|move|p1a: Monkshood|Earth Power|p2a: Clodsire\n|-supereffective|p2a: Clodsire\n|-damage|p2a: Clodsire|72\/100\n|move|p2a: Clodsire|Earthquake|p1a: Monkshood\n|-supereffective|p1a: Monkshood\n|-enditem|p1a: Monkshood|Focus Sash\n|-damage|p1a: Monkshood|1\/100\n|-activate|p1a: Monkshood|ability: Toxic Debris\n|-sidestart|p2: hackilla15|move: Toxic Spikes\n|\n|-heal|p2a: Clodsire|78\/100|[from] item: Black Sludge\n|upkeep\n|turn|3\n|\n|t:|1700174203\n|move|p1a: Monkshood|Spikes|p2a: Clodsire\n|-sidestart|p2: hackilla15|Spikes\n|move|p2a: Clodsire|Poison Jab|p1a: Monkshood\n|-resisted|p1a: Monkshood\n|-damage|p1a: Monkshood|0 fnt\n|-activate|p1a: Monkshood|ability: Toxic Debris\n|-sidestart|p2: hackilla15|move: Toxic Spikes\n|faint|p1a: Monkshood\n|\n|-heal|p2a: Clodsire|84\/100|[from] item: Black Sludge\n|upkeep\n|\n|t:|1700174214\n|switch|p1a: Wayne|Noivern, F|100\/100\n|turn|4\n|\n|t:|1700174221\n|move|p1a: Wayne|Dragon Pulse|p2a: Clodsire\n|-damage|p2a: Clodsire|65\/100\n|move|p2a: Clodsire|Toxic|p1a: Wayne\n|-status|p1a: Wayne|tox\n|\n|-heal|p2a: Clodsire|71\/100|[from] item: Black Sludge\n|-damage|p1a: Wayne|94\/100 tox|[from] psn\n|upkeep\n|turn|5\n|\n|t:|1700174229\n|move|p1a: Wayne|Hurricane|p2a: Clodsire\n|-damage|p2a: Clodsire|46\/100\n|move|p2a: Clodsire|Recover|p2a: Clodsire\n|-heal|p2a: Clodsire|96\/100\n|\n|-heal|p2a: Clodsire|100\/100|[from] item: Black Sludge\n|-damage|p1a: Wayne|82\/100 tox|[from] psn\n|upkeep\n|turn|6\n|\n|t:|1700174239\n|move|p1a: Wayne|Boomburst|p2a: Clodsire\n|-damage|p2a: Clodsire|77\/100\n|move|p2a: Clodsire|Poison Jab|p1a: Wayne\n|-damage|p1a: Wayne|49\/100 tox\n|\n|-heal|p2a: Clodsire|84\/100|[from] item: Black Sludge\n|-damage|p1a: Wayne|31\/100 tox|[from] psn\n|upkeep\n|turn|7\n|\n|t:|1700174248\n|move|p1a: Wayne|Dragon Pulse|p2a: Clodsire\n|-damage|p2a: Clodsire|64\/100\n|move|p2a: Clodsire|Recover|p2a: Clodsire\n|-heal|p2a: Clodsire|100\/100\n|\n|-damage|p1a: Wayne|6\/100 tox|[from] psn\n|upkeep\n|turn|8\n|\n|t:|1700174255\n|move|p1a: Wayne|Hurricane|p2a: Clodsire|[miss]\n|-miss|p1a: Wayne|p2a: Clodsire\n|move|p2a: Clodsire|Poison Jab|p1a: Wayne\n|-damage|p1a: Wayne|0 fnt\n|faint|p1a: Wayne\n|\n|upkeep\n|\n|t:|1700174262\n|switch|p1a: Deadwood|Trevenant, M|100\/100\n|turn|9\n|\n|t:|1700174269\n|move|p1a: Deadwood|Will-O-Wisp|p2a: Clodsire\n|-status|p2a: Clodsire|brn\n|move|p2a: Clodsire|Poison Jab|p1a: Deadwood\n|-damage|p1a: Deadwood|88\/100\n|-status|p1a: Deadwood|psn\n|\n|-damage|p1a: Deadwood|75\/100 psn|[from] psn\n|-damage|p2a: Clodsire|94\/100 brn|[from] brn\n|upkeep\n|turn|10\n|\n|t:|1700174279\n|move|p1a: Deadwood|Leech Seed|p2a: Clodsire\n|-start|p2a: Clodsire|move: Leech Seed\n|move|p2a: Clodsire|Recover|p2a: Clodsire\n|-heal|p2a: Clodsire|100\/100 brn\n|\n|-damage|p2a: Clodsire|88\/100 brn|[from] Leech Seed|[of] p1a: Deadwood\n|-heal|p1a: Deadwood|91\/100 psn|[silent]\n|-damage|p1a: Deadwood|79\/100 psn|[from] psn\n|-damage|p2a: Clodsire|82\/100 brn|[from] brn\n|upkeep\n|turn|11\n|\n|t:|1700174287\n|switch|p2a: Crobat|Crobat, F, shiny|100\/100\n|move|p1a: Deadwood|Horn Leech|p2a: Crobat\n|-resisted|p2a: Crobat\n|-damage|p2a: Crobat|92\/100\n|-heal|p1a: Deadwood|82\/100 psn|[from] drain|[of] p2a: Crobat\n|\n|-damage|p1a: Deadwood|70\/100 psn|[from] psn\n|upkeep\n|turn|12\n|\n|t:|1700174295\n|move|p2a: Crobat|Defog|p1a: Deadwood\n|-unboost|p1a: Deadwood|evasion|1\n|-sideend|p2: hackilla15|Spikes|[from] move: Defog|[of] p2a: Crobat\n|-sideend|p2: hackilla15|Toxic Spikes|[from] move: Defog|[of] p2a: Crobat\n|-sideend|p2: hackilla15|Stealth Rock|[from] move: Defog|[of] p2a: Crobat\n|move|p1a: Deadwood|Will-O-Wisp|p2a: Crobat\n|-status|p2a: Crobat|brn\n|\n|-damage|p1a: Deadwood|58\/100 psn|[from] psn\n|-damage|p2a: Crobat|86\/100 brn|[from] brn\n|upkeep\n|turn|13\n|\n|t:|1700174306\n|switch|p1a: Nora|Tinkaton, F|100\/100\n|move|p2a: Crobat|Dual Wingbeat|p1a: Nora\n|-resisted|p1a: Nora\n|-damage|p1a: Nora|94\/100\n|-resisted|p1a: Nora\n|-damage|p1a: Nora|89\/100\n|-hitcount|p1a: Nora|2\n|\n|-damage|p2a: Crobat|80\/100 brn|[from] brn\n|upkeep\n|turn|14\n|\n|t:|1700174318\n|switch|p2a: Rillaboom|Rillaboom, F, shiny|100\/100\n|-fieldstart|move: Grassy Terrain|[from] ability: Grassy Surge|[of] p2a: Rillaboom\n|-enditem|p2a: Rillaboom|Grassy Seed\n|-boost|p2a: Rillaboom|def|1|[from] item: Grassy Seed\n|move|p1a: Nora|Knock Off|p2a: Rillaboom\n|-damage|p2a: Rillaboom|92\/100\n|\n|-heal|p1a: Nora|95\/100|[from] Grassy Terrain\n|-heal|p2a: Rillaboom|98\/100|[from] Grassy Terrain\n|upkeep\n|turn|15\n|\n|t:|1700174329\n|move|p1a: Nora|Gigaton Hammer|p2a: Rillaboom\n|-damage|p2a: Rillaboom|67\/100\n|move|p2a: Rillaboom|Swords Dance|p2a: Rillaboom\n|-boost|p2a: Rillaboom|atk|2\n|\n|-heal|p1a: Nora|100\/100|[from] Grassy Terrain\n|-heal|p2a: Rillaboom|73\/100|[from] Grassy Terrain\n|upkeep\n|turn|16\n|\n|t:|1700174338\n|move|p1a: Nora|Play Rough|p2a: Rillaboom\n|-damage|p2a: Rillaboom|55\/100\n|move|p2a: Rillaboom|Swords Dance|p2a: Rillaboom\n|-boost|p2a: Rillaboom|atk|2\n|\n|-heal|p2a: Rillaboom|62\/100|[from] Grassy Terrain\n|upkeep\n|turn|17\n|\n|t:|1700174351\n|switch|p1a: Masters|Blaziken, M|100\/100\n|move|p2a: Rillaboom|Drain Punch|p1a: Masters\n|-crit|p1a: Masters\n|-damage|p1a: Masters|0 fnt\n|-heal|p2a: Rillaboom|99\/100|[from] drain|[of] p1a: Masters\n|faint|p1a: Masters\n|\n|-heal|p2a: Rillaboom|100\/100|[from] Grassy Terrain\n|upkeep\n|\n|t:|1700174361\n|switch|p1a: Deadwood|Trevenant, M|58\/100 psn\n|turn|18\n|\n|t:|1700174368\n|move|p2a: Rillaboom|Grassy Glide|p1a: Deadwood\n|-resisted|p1a: Deadwood\n|-damage|p1a: Deadwood|6\/100 psn\n|-enditem|p1a: Deadwood|Sitrus Berry|[eat]\n|-heal|p1a: Deadwood|31\/100 psn|[from] item: Sitrus Berry\n|move|p1a: Deadwood|Will-O-Wisp|p2a: Rillaboom\n|-status|p2a: Rillaboom|brn\n|\n|-heal|p1a: Deadwood|37\/100 psn|[from] Grassy Terrain\n|-damage|p1a: Deadwood|25\/100 psn|[from] psn\n|-damage|p2a: Rillaboom|94\/100 brn|[from] brn\n|-fieldend|move: Grassy Terrain\n|-item|p1a: Deadwood|Sitrus Berry|[from] ability: Harvest\n|upkeep\n|-enditem|p1a: Deadwood|Sitrus Berry|[eat]\n|-heal|p1a: Deadwood|49\/100 psn|[from] item: Sitrus Berry\n|turn|19\n|\n|t:|1700174384\n|move|p1a: Deadwood|Protect|p1a: Deadwood\n|-singleturn|p1a: Deadwood|Protect\n|move|p2a: Rillaboom|Swords Dance|p2a: Rillaboom\n|-boost|p2a: Rillaboom|atk|2\n|\n|-damage|p1a: Deadwood|37\/100 psn|[from] psn\n|-damage|p2a: Rillaboom|88\/100 brn|[from] brn\n|-item|p1a: Deadwood|Sitrus Berry|[from] ability: Harvest\n|upkeep\n|-enditem|p1a: Deadwood|Sitrus Berry|[eat]\n|-heal|p1a: Deadwood|62\/100 psn|[from] item: Sitrus Berry\n|turn|20\n|\n|t:|1700174395\n|move|p2a: Rillaboom|Grassy Glide|p1a: Deadwood\n|-resisted|p1a: Deadwood\n|-damage|p1a: Deadwood|33\/100 psn\n|move|p1a: Deadwood|Horn Leech|p2a: Rillaboom\n|-resisted|p2a: Rillaboom\n|-damage|p2a: Rillaboom|81\/100 brn\n|-heal|p1a: Deadwood|37\/100 psn|[from] drain|[of] p2a: Rillaboom\n|\n|-damage|p1a: Deadwood|24\/100 psn|[from] psn\n|-damage|p2a: Rillaboom|75\/100 brn|[from] brn\n|-item|p1a: Deadwood|Sitrus Berry|[from] ability: Harvest\n|upkeep\n|-enditem|p1a: Deadwood|Sitrus Berry|[eat]\n|-heal|p1a: Deadwood|49\/100 psn|[from] item: Sitrus Berry\n|turn|21\n|\n|t:|1700174414\n|move|p2a: Rillaboom|Grassy Glide|p1a: Deadwood\n|-resisted|p1a: Deadwood\n|-damage|p1a: Deadwood|20\/100 psn\n|move|p1a: Deadwood|Horn Leech|p2a: Rillaboom\n|-resisted|p2a: Rillaboom\n|-damage|p2a: Rillaboom|67\/100 brn\n|-heal|p1a: Deadwood|24\/100 psn|[from] drain|[of] p2a: Rillaboom\n|\n|-damage|p1a: Deadwood|12\/100 psn|[from] psn\n|-damage|p2a: Rillaboom|61\/100 brn|[from] brn\n|-item|p1a: Deadwood|Sitrus Berry|[from] ability: Harvest\n|upkeep\n|-enditem|p1a: Deadwood|Sitrus Berry|[eat]\n|-heal|p1a: Deadwood|37\/100 psn|[from] item: Sitrus Berry\n|turn|22\n|\n|t:|1700174427\n|move|p2a: Rillaboom|Grassy Glide|p1a: Deadwood\n|-resisted|p1a: Deadwood\n|-damage|p1a: Deadwood|9\/100 psn\n|move|p1a: Deadwood|Horn Leech|p2a: Rillaboom\n|-resisted|p2a: Rillaboom\n|-damage|p2a: Rillaboom|54\/100 brn\n|-heal|p1a: Deadwood|13\/100 psn|[from] drain|[of] p2a: Rillaboom\n|\n|-damage|p1a: Deadwood|0 fnt|[from] psn\n|faint|p1a: Deadwood\n|-damage|p2a: Rillaboom|48\/100 brn|[from] brn\n|upkeep\n|\n|t:|1700174438\n|switch|p1a: Deviant|Zeraora|100\/100\n|turn|23\n|\n|t:|1700174442\n|move|p1a: Deviant|Fake Out|p2a: Rillaboom\n|-damage|p2a: Rillaboom|38\/100 brn\n|-damage|p1a: Deviant|91\/100|[from] item: Life Orb\n|cant|p2a: Rillaboom|flinch\n|\n|-damage|p2a: Rillaboom|31\/100 brn|[from] brn\n|upkeep\n|turn|24\n|\n|t:|1700174450\n|move|p1a: Deviant|Drain Punch|p2a: Rillaboom\n|-damage|p2a: Rillaboom|15\/100 brn\n|-heal|p1a: Deviant|100\/100|[from] drain|[of] p2a: Rillaboom\n|-damage|p1a: Deviant|91\/100|[from] item: Life Orb\n|move|p2a: Rillaboom|Drain Punch|p1a: Deviant\n|-damage|p1a: Deviant|27\/100\n|-heal|p2a: Rillaboom|40\/100 brn|[from] drain|[of] p1a: Deviant\n|\n|-damage|p2a: Rillaboom|33\/100 brn|[from] brn\n|upkeep\n|turn|25\n|\n|t:|1700174462\n|move|p1a: Deviant|Drain Punch|p2a: Rillaboom\n|-damage|p2a: Rillaboom|17\/100 brn\n|-heal|p1a: Deviant|37\/100|[from] drain|[of] p2a: Rillaboom\n|-damage|p1a: Deviant|28\/100|[from] item: Life Orb\n|move|p2a: Rillaboom|High Horsepower|p1a: Deviant\n|-supereffective|p1a: Deviant\n|-damage|p1a: Deviant|0 fnt\n|faint|p1a: Deviant\n|\n|-damage|p2a: Rillaboom|11\/100 brn|[from] brn\n|upkeep\n|\n|t:|1700174473\n|switch|p1a: Nora|Tinkaton, F|100\/100\n|turn|26\n|\n|t:|1700174483\n|move|p1a: Nora|Gigaton Hammer|p2a: Rillaboom\n|-damage|p2a: Rillaboom|0 fnt\n|faint|p2a: Rillaboom\n|\n|upkeep\n|\n|t:|1700174489\n|switch|p2a: Ceruledge|Ceruledge, M|100\/100\n|turn|27\n|\n|t:|1700174492\n|move|p1a: Nora|Knock Off|p2a: Ceruledge\n|-supereffective|p2a: Ceruledge\n|-damage|p2a: Ceruledge|32\/100\n|-ability|p2a: Ceruledge|Weak Armor|boost\n|-unboost|p2a: Ceruledge|def|1\n|-boost|p2a: Ceruledge|spe|2\n|-enditem|p2a: Ceruledge|Focus Sash|[from] move: Knock Off|[of] p1a: Nora\n|move|p2a: Ceruledge|Swords Dance|p2a: Ceruledge\n|-boost|p2a: Ceruledge|atk|2\n|\n|upkeep\n|turn|28\n|\n|t:|1700174502\n|move|p2a: Ceruledge|Bitter Blade|p1a: Nora\n|-supereffective|p1a: Nora\n|-damage|p1a: Nora|0 fnt\n|-heal|p2a: Ceruledge|85\/100|[from] drain|[of] p1a: Nora\n|faint|p1a: Nora\n|\n|win|hackilla15\n|raw|DeadComedy's rating: 1169 &rarr; <strong>1149<\/strong><br \/>(-20 for losing)\n|raw|hackilla15's rating: 1234 &rarr; <strong>1254<\/strong><br \/>(+20 for winning)\n","uploadtime":1700174507,"views":18,"p1id":"deadcomedy","p2id":"hackilla15","formatid":"gen9nationaldex","rating":1149,"private":0,"password":""}