{"id":"gen9nationaldex-1999699913","p1":"sittingduck1080","p2":"dr goobenshmirtz","format":"[Gen 9] National Dex","log":"|html|<div class=\"broadcast-blue\"><strong>[Gen 9] National Dex is currently suspecting Sneasler! For information on how to participate check out the <a href=\"https:\/\/www.smogon.com\/forums\/threads\/sv-national-dex-suspect-8-just-dance.3731534\/\">suspect thread<\/a>.<\/strong><\/div>\n|j|\u2606sittingduck1080\n|j|\u2606dr goobenshmirtz\n|t:|1701108956\n|gametype|singles\n|player|p1|sittingduck1080|rocketgrunt|1383\n|player|p2|dr goobenshmirtz|265|1505\n|teamsize|p1|6\n|teamsize|p2|6\n|gen|9\n|tier|[Gen 9] National Dex\n|rated|\n|rule|HP Percentage Mod: HP is shown in percentages\n|rule|Endless Battle Clause: Forcing endless battles is banned\n|rule|OHKO Clause: OHKO moves are banned\n|rule|Evasion Clause: Evasion abilities, items, and moves are banned\n|rule|Evasion Abilities Clause: Evasion abilities are banned\n|rule|Evasion Items Clause: Evasion items are banned\n|rule|Evasion Moves Clause: Evasion moves are banned\n|rule|Species Clause: Limit one of each Pok\u00e9mon\n|rule|Sleep Clause Mod: Limit one foe put to sleep\n|clearpoke\n|poke|p1|Ogerpon-Wellspring, F|\n|poke|p1|Tyranitar, F|\n|poke|p1|Heatran, F|\n|poke|p1|Slowking-Galar, F|\n|poke|p1|Gliscor, M|\n|poke|p1|Tornadus-Therian, M|\n|poke|p2|Glalie, M|\n|poke|p2|Tapu Koko|\n|poke|p2|Magnezone|\n|poke|p2|Samurott-Hisui, F|\n|poke|p2|Kommo-o, M|\n|poke|p2|Landorus-Therian, M|\n|teampreview\n|inactive|Battle timer is ON: inactive players will automatically lose when time's up. (requested by dr goobenshmirtz)\n|\n|t:|1701108972\n|start\n|switch|p1a: Ogerpon|Ogerpon-Wellspring, F|100\/100\n|switch|p2a: Samurott|Samurott-Hisui, F|100\/100\n|turn|1\n|\n|t:|1701108984\n|move|p2a: Samurott|Ceaseless Edge|p1a: Ogerpon\n|-damage|p1a: Ogerpon|44\/100\n|-sidestart|p1: sittingduck1080|Spikes\n|move|p1a: Ogerpon|Horn Leech|p2a: Samurott\n|-supereffective|p2a: Samurott\n|-damage|p2a: Samurott|0 fnt\n|-heal|p1a: Ogerpon|97\/100|[from] drain|[of] p2a: Samurott\n|faint|p2a: Samurott\n|\n|upkeep\n|\n|t:|1701108990\n|switch|p2a: Glalie|Glalie, M|100\/100\n|turn|2\n|\n|t:|1701109005\n|detailschange|p2a: Glalie|Glalie-Mega, M\n|-mega|p2a: Glalie|Glalie|Glalitite\n|move|p1a: Ogerpon|Ivy Cudgel|p2a: Glalie|[anim] Ivy Cudgel Water\n|-damage|p2a: Glalie|17\/100\n|move|p2a: Glalie|Frustration|p1a: Ogerpon\n|-crit|p1a: Ogerpon\n|-damage|p1a: Ogerpon|0 fnt\n|faint|p1a: Ogerpon\n|\n|upkeep\n|\n|t:|1701109026\n|switch|p1a: Tornadus|Tornadus-Therian, M, shiny|100\/100\n|turn|3\n|\n|t:|1701109031\n|switch|p2a: Tapu Koko|Tapu Koko|100\/100\n|-fieldstart|move: Electric Terrain|[from] ability: Electric Surge|[of] p2a: Tapu Koko\n|move|p1a: Tornadus|Hurricane|p2a: Tapu Koko\n|-resisted|p2a: Tapu Koko\n|-damage|p2a: Tapu Koko|65\/100\n|-start|p2a: Tapu Koko|confusion\n|\n|upkeep\n|turn|4\n|\n|t:|1701109041\n|switch|p2a: Landorus|Landorus-Therian, M|100\/100\n|-ability|p2a: Landorus|Intimidate|boost\n|-unboost|p1a: Tornadus|atk|1\n|switch|p1a: Gliscor|Gliscor, M, shiny|100\/100\n|\n|-status|p1a: Gliscor|tox|[from] item: Toxic Orb\n|upkeep\n|turn|5\n|\n|t:|1701109054\n|move|p2a: Landorus|Stealth Rock|p1a: Gliscor\n|-sidestart|p1: sittingduck1080|move: Stealth Rock\n|move|p1a: Gliscor|Toxic|p2a: Landorus\n|-status|p2a: Landorus|tox\n|\n|-damage|p2a: Landorus|94\/100 tox|[from] psn\n|upkeep\n|turn|6\n|\n|t:|1701109064\n|move|p2a: Landorus|U-turn|p1a: Gliscor\n|-resisted|p1a: Gliscor\n|-damage|p1a: Gliscor|93\/100 tox\n|\n|t:|1701109068\n|switch|p2a: Magnezone|Magnezone|100\/100|[from] U-turn\n|move|p1a: Gliscor|Earthquake|p2a: Magnezone\n|-supereffective|p2a: Magnezone\n|-damage|p2a: Magnezone|0 fnt\n|faint|p2a: Magnezone\n|\n|-heal|p1a: Gliscor|100\/100 tox|[from] ability: Poison Heal\n|upkeep\n|\n|t:|1701109071\n|switch|p2a: Glalie|Glalie-Mega, M|17\/100\n|turn|7\n|\n|t:|1701109085\n|switch|p1a: Tyranitar|Tyranitar, F|100\/100\n|-damage|p1a: Tyranitar|88\/100|[from] Spikes\n|-damage|p1a: Tyranitar|76\/100|[from] Stealth Rock\n|-weather|Sandstorm|[from] ability: Sand Stream|[of] p1a: Tyranitar\n|move|p2a: Glalie|Frustration|p1a: Tyranitar\n|-damage|p1a: Tyranitar|23\/100\n|\n|-weather|Sandstorm|[upkeep]\n|-damage|p2a: Glalie|11\/100|[from] Sandstorm\n|-fieldend|move: Electric Terrain\n|upkeep\n|turn|8\n|\n|t:|1701109099\n|move|p2a: Glalie|Earthquake|p1a: Tyranitar\n|-supereffective|p1a: Tyranitar\n|-damage|p1a: Tyranitar|0 fnt\n|faint|p1a: Tyranitar\n|\n|-weather|Sandstorm|[upkeep]\n|-damage|p2a: Glalie|5\/100|[from] Sandstorm\n|upkeep\n|\n|t:|1701109109\n|switch|p1a: Tornadus|Tornadus-Therian, M, shiny|100\/100\n|-damage|p1a: Tornadus|76\/100|[from] Stealth Rock\n|turn|9\n|inactive|sittingduck1080 has 120 seconds left.\n|\n|t:|1701109146\n|switch|p1a: Heatran|Heatran, F, shiny|100\/100\n|-damage|p1a: Heatran|88\/100|[from] Spikes\n|-damage|p1a: Heatran|76\/100|[from] Stealth Rock\n|switch|p2a: Landorus|Landorus-Therian, M|94\/100 tox\n|-ability|p2a: Landorus|Intimidate|boost\n|-unboost|p1a: Heatran|atk|1\n|\n|-weather|Sandstorm|[upkeep]\n|-heal|p1a: Heatran|82\/100|[from] item: Leftovers\n|-damage|p2a: Landorus|88\/100 tox|[from] psn\n|upkeep\n|turn|10\n|inactive|sittingduck1080 has 120 seconds left.\n|\n|t:|1701109171\n|move|p2a: Landorus|U-turn|p1a: Heatran\n|-resisted|p1a: Heatran\n|-damage|p1a: Heatran|77\/100\n|\n|t:|1701109176\n|switch|p2a: Kommo-o|Kommo-o, M|100\/100|[from] U-turn\n|move|p1a: Heatran|Magma Storm|p2a: Kommo-o\n|-resisted|p2a: Kommo-o\n|-crit|p2a: Kommo-o\n|-damage|p2a: Kommo-o|57\/100\n|-activate|p2a: Kommo-o|move: Magma Storm|[of] p1a: Heatran\n|\n|-weather|Sandstorm|[upkeep]\n|-damage|p2a: Kommo-o|51\/100|[from] Sandstorm\n|-heal|p1a: Heatran|83\/100|[from] item: Leftovers\n|-damage|p2a: Kommo-o|39\/100|[from] move: Magma Storm|[partiallytrapped]\n|upkeep\n|turn|11\n|\n|t:|1701109196\n|-zpower|p2a: Kommo-o\n|move|p2a: Kommo-o|Clangorous Soulblaze|p1a: Heatran|[zeffect]\n|-resisted|p1a: Heatran\n|-damage|p1a: Heatran|60\/100\n|-boost|p2a: Kommo-o|atk|1\n|-boost|p2a: Kommo-o|def|1\n|-boost|p2a: Kommo-o|spa|1\n|-boost|p2a: Kommo-o|spd|1\n|-boost|p2a: Kommo-o|spe|1\n|move|p1a: Heatran|Stealth Rock|p2a: Kommo-o\n|-sidestart|p2: dr goobenshmirtz|move: Stealth Rock\n|\n|-weather|none\n|-heal|p1a: Heatran|66\/100|[from] item: Leftovers\n|-damage|p2a: Kommo-o|26\/100|[from] move: Magma Storm|[partiallytrapped]\n|upkeep\n|turn|12\n|inactive|sittingduck1080 has 90 seconds left.\n|c|\u2606dr goobenshmirtz|wow actually a sitting duck\n|\n|t:|1701109227\n|switch|p1a: Gliscor|Gliscor, M, shiny|100\/100 tox\n|-damage|p1a: Gliscor|88\/100 tox|[from] Stealth Rock\n|move|p2a: Kommo-o|Close Combat|p1a: Gliscor\n|-resisted|p1a: Gliscor\n|-damage|p1a: Gliscor|68\/100 tox\n|-unboost|p2a: Kommo-o|def|1\n|-unboost|p2a: Kommo-o|spd|1\n|\n|-heal|p1a: Gliscor|80\/100 tox|[from] ability: Poison Heal\n|-end|p2a: Kommo-o|Magma Storm|[partiallytrapped]|[silent]\n|upkeep\n|turn|13\n|\n|t:|1701109242\n|move|p2a: Kommo-o|Clanging Scales|p1a: Gliscor\n|-damage|p1a: Gliscor|5\/100 tox\n|-unboost|p2a: Kommo-o|def|1\n|move|p1a: Gliscor|Earthquake|p2a: Kommo-o\n|-damage|p2a: Kommo-o|0 fnt\n|faint|p2a: Kommo-o\n|\n|-heal|p1a: Gliscor|17\/100 tox|[from] ability: Poison Heal\n|upkeep\n|\n|t:|1701109249\n|switch|p2a: Tapu Koko|Tapu Koko|65\/100\n|-damage|p2a: Tapu Koko|53\/100|[from] Stealth Rock\n|-fieldstart|move: Electric Terrain|[from] ability: Electric Surge|[of] p2a: Tapu Koko\n|turn|14\n|inactive|sittingduck1080 has 90 seconds left.\n|\n|t:|1701109276\n|move|p2a: Tapu Koko|Dazzling Gleam|p1a: Gliscor\n|-damage|p1a: Gliscor|0 fnt\n|faint|p1a: Gliscor\n|\n|upkeep\n|\n|t:|1701109282\n|switch|p1a: Heatran|Heatran, F, shiny|66\/100\n|-damage|p1a: Heatran|54\/100|[from] Spikes\n|-damage|p1a: Heatran|41\/100|[from] Stealth Rock\n|turn|15\n|\n|t:|1701109289\n|switch|p2a: Glalie|Glalie-Mega, M|5\/100\n|-damage|p2a: Glalie|0 fnt|[from] Stealth Rock\n|faint|p2a: Glalie\n|move|p1a: Heatran|Magma Storm|p2: Glalie|[notarget]\n|-fail|p1a: Heatran\n|\n|-heal|p1a: Heatran|48\/100|[from] item: Leftovers\n|upkeep\n|\n|t:|1701109294\n|switch|p2a: Tapu Koko|Tapu Koko|53\/100\n|-damage|p2a: Tapu Koko|40\/100|[from] Stealth Rock\n|turn|16\n|\n|t:|1701109304\n|-terastallize|p2a: Tapu Koko|Electric\n|move|p2a: Tapu Koko|Volt Switch|p1a: Heatran\n|-damage|p1a: Heatran|0 fnt\n|faint|p1a: Heatran\n|\n|t:|1701109308\n|switch|p2a: Landorus|Landorus-Therian, M|88\/100 tox|[from] Volt Switch\n|-damage|p2a: Landorus|76\/100 tox|[from] Stealth Rock\n|\n|-damage|p2a: Landorus|70\/100 tox|[from] psn\n|upkeep\n|\n|t:|1701109319\n|switch|p1a: Tornadus|Tornadus-Therian, M, shiny|100\/100\n|-damage|p1a: Tornadus|76\/100|[from] Stealth Rock\n|turn|17\n|\n|t:|1701109325\n|-zpower|p1a: Tornadus\n|move|p1a: Tornadus|Supersonic Skystrike|p2a: Landorus|[zeffect]\n|-damage|p2a: Landorus|0 fnt\n|faint|p2a: Landorus\n|\n|upkeep\n|\n|t:|1701109327\n|switch|p2a: Tapu Koko|Tapu Koko, tera:Electric|40\/100\n|-damage|p2a: Tapu Koko|28\/100|[from] Stealth Rock\n|turn|18\n|inactive|sittingduck1080 has 90 seconds left.\n|\n|t:|1701109337\n|move|p2a: Tapu Koko|Thunderbolt|p1a: Tornadus\n|-supereffective|p1a: Tornadus\n|-damage|p1a: Tornadus|0 fnt\n|faint|p1a: Tornadus\n|\n|-fieldend|move: Electric Terrain\n|upkeep\n|inactive|sittingduck1080 has 90 seconds left.\n|\n|t:|1701109344\n|switch|p1a: Slowking|Slowking-Galar, F, shiny|100\/100\n|turn|19\n|\n|t:|1701109348\n|move|p2a: Tapu Koko|Thunderbolt|p1a: Slowking\n|-damage|p1a: Slowking|41\/100\n|move|p1a: Slowking|Sludge Bomb|p2a: Tapu Koko\n|-damage|p2a: Tapu Koko|0 fnt\n|faint|p2a: Tapu Koko\n|\n|win|sittingduck1080\n|raw|sittingduck1080's rating: 1383 &rarr; <strong>1410<\/strong><br \/>(+27 for winning)\n|raw|dr goobenshmirtz's rating: 1505 &rarr; <strong>1478<\/strong><br \/>(-27 for losing)\n|l|\u2606dr goobenshmirtz\n","uploadtime":1701109375,"views":2,"p1id":"sittingduck1080","p2id":"drgoobenshmirtz","formatid":"gen9nationaldex","rating":1410,"private":0,"password":""}