{"id":"gen9nationaldex-1991966363","p1":"sithred8","p2":"Chidipa\u7535\u9f99\u9a91\u58eb","format":"[Gen 9] National Dex","log":"|j|\u2606sithred8\n|j|\u2606Chidipa\u7535\u9f99\u9a91\u58eb\n|t:|1700143367\n|gametype|singles\n|player|p1|sithred8|169|1426\n|player|p2|Chidipa\u7535\u9f99\u9a91\u58eb|preschooler|1329\n|teamsize|p1|6\n|teamsize|p2|6\n|gen|9\n|tier|[Gen 9] National Dex\n|rated|\n|rule|HP Percentage Mod: HP is shown in percentages\n|rule|Endless Battle Clause: Forcing endless battles is banned\n|rule|OHKO Clause: OHKO moves are banned\n|rule|Evasion Clause: Evasion abilities, items, and moves are banned\n|rule|Evasion Abilities Clause: Evasion abilities are banned\n|rule|Evasion Items Clause: Evasion items are banned\n|rule|Evasion Moves Clause: Evasion moves are banned\n|rule|Species Clause: Limit one of each Pok\u00e9mon\n|rule|Sleep Clause Mod: Limit one foe put to sleep\n|clearpoke\n|poke|p1|Garchomp, M|\n|poke|p1|Scizor, M|\n|poke|p1|Dragonite, M|\n|poke|p1|Thundurus-Therian, M|\n|poke|p1|Ogerpon, F|\n|poke|p1|Cloyster, F|\n|poke|p2|Crabominable, M|\n|poke|p2|Hatterene, F|\n|poke|p2|Mawile, F|\n|poke|p2|Cresselia, F|\n|poke|p2|Sneasler, M|\n|poke|p2|Indeedee-F, F|\n|teampreview\n|inactive|Battle timer is ON: inactive players will automatically lose when time's up. (requested by Chidipa\u7535\u9f99\u9a91\u58eb)\n|c|\u2606sithred8|2023-11-16 22:02:56\n|\n|t:|1700143382\n|start\n|switch|p1a: Dragonite|Dragonite, M|100\/100\n|switch|p2a: Hatterene|Hatterene, F|100\/100\n|turn|1\n|\n|t:|1700143397\n|move|p1a: Dragonite|Curse|p1a: Dragonite\n|-unboost|p1a: Dragonite|spe|1\n|-boost|p1a: Dragonite|atk|1\n|-boost|p1a: Dragonite|def|1\n|move|p2a: Hatterene|Trick Room|p2a: Hatterene\n|-fieldstart|move: Trick Room|[of] p2a: Hatterene\n|\n|upkeep\n|turn|2\n|\n|t:|1700143402\n|-terastallize|p1a: Dragonite|Normal\n|move|p2a: Hatterene|Draining Kiss|p1a: Dragonite\n|-damage|p1a: Dragonite|88\/100\n|move|p1a: Dragonite|Curse|p1a: Dragonite\n|-unboost|p1a: Dragonite|spe|1\n|-boost|p1a: Dragonite|atk|1\n|-boost|p1a: Dragonite|def|1\n|\n|upkeep\n|turn|3\n|\n|t:|1700143412\n|move|p2a: Hatterene|Misty Explosion|p1a: Dragonite\n|-damage|p1a: Dragonite|39\/100\n|faint|p2a: Hatterene\n|move|p1a: Dragonite|Curse|p1a: Dragonite\n|-unboost|p1a: Dragonite|spe|1\n|-boost|p1a: Dragonite|atk|1\n|-boost|p1a: Dragonite|def|1\n|\n|upkeep\n|\n|t:|1700143420\n|switch|p2a: Crabominable|Crabominable, M|100\/100\n|turn|4\n|\n|t:|1700143438\n|move|p1a: Dragonite|Roost|p1a: Dragonite\n|-heal|p1a: Dragonite|89\/100\n|move|p2a: Crabominable|Drain Punch|p1a: Dragonite\n|-supereffective|p1a: Dragonite\n|-damage|p1a: Dragonite|51\/100\n|\n|upkeep\n|turn|5\n|\n|t:|1700143464\n|move|p1a: Dragonite|Roost|p1a: Dragonite\n|-heal|p1a: Dragonite|100\/100\n|move|p2a: Crabominable|Drain Punch|p1a: Dragonite\n|-supereffective|p1a: Dragonite\n|-damage|p1a: Dragonite|81\/100\n|\n|-fieldend|move: Trick Room\n|upkeep\n|turn|6\n|\n|t:|1700143471\n|move|p2a: Crabominable|Drain Punch|p1a: Dragonite\n|-supereffective|p1a: Dragonite\n|-damage|p1a: Dragonite|42\/100\n|move|p1a: Dragonite|Curse|p1a: Dragonite\n|-unboost|p1a: Dragonite|spe|1\n|-boost|p1a: Dragonite|atk|1\n|-boost|p1a: Dragonite|def|1\n|\n|upkeep\n|turn|7\n|\n|t:|1700143481\n|move|p2a: Crabominable|Drain Punch|p1a: Dragonite\n|-supereffective|p1a: Dragonite\n|-damage|p1a: Dragonite|14\/100\n|move|p1a: Dragonite|Roost|p1a: Dragonite\n|-heal|p1a: Dragonite|64\/100\n|\n|upkeep\n|turn|8\n|\n|t:|1700143491\n|switch|p2a: Indeedee|Indeedee-F, F|100\/100\n|-fieldstart|move: Psychic Terrain|[from] ability: Psychic Surge|[of] p2a: Indeedee\n|move|p1a: Dragonite|Extreme Speed|p2a: Indeedee\n|-activate|p2a: Indeedee|move: Psychic Terrain\n|\n|upkeep\n|turn|9\n|\n|t:|1700143499\n|move|p2a: Indeedee|Expanding Force|p1a: Dragonite\n|-damage|p1a: Dragonite|0 fnt\n|faint|p1a: Dragonite\n|\n|upkeep\n|\n|t:|1700143518\n|switch|p1a: Garchomp|Garchomp, M, shiny|100\/100\n|turn|10\n|\n|t:|1700143526\n|-zpower|p1a: Garchomp\n|move|p1a: Garchomp|Devastating Drake|p2a: Indeedee|[zeffect]\n|-damage|p2a: Indeedee|0 fnt\n|faint|p2a: Indeedee\n|\n|upkeep\n|\n|t:|1700143547\n|switch|p2a: Mawile|Mawile, F|100\/100\n|-ability|p2a: Mawile|Intimidate|boost\n|-unboost|p1a: Garchomp|atk|1\n|turn|11\n|\n|t:|1700143553\n|detailschange|p2a: Mawile|Mawile-Mega, F\n|-mega|p2a: Mawile|Mawile|Mawilite\n|move|p1a: Garchomp|Earthquake|p2a: Mawile\n|-supereffective|p2a: Mawile\n|-damage|p2a: Mawile|37\/100\n|move|p2a: Mawile|Play Rough|p1a: Garchomp\n|-supereffective|p1a: Garchomp\n|-damage|p1a: Garchomp|0 fnt\n|-damage|p2a: Mawile|25\/100|[from] ability: Rough Skin|[of] p1a: Garchomp\n|faint|p1a: Garchomp\n|\n|upkeep\n|\n|t:|1700143575\n|switch|p1a: Thundurus|Thundurus-Therian, M|100\/100\n|turn|12\n|\n|t:|1700143583\n|switch|p2a: Cresselia|Cresselia, F|100\/100\n|move|p1a: Thundurus|Nasty Plot|p1a: Thundurus\n|-boost|p1a: Thundurus|spa|2\n|\n|upkeep\n|turn|13\n|\n|t:|1700143593\n|-terastallize|p2a: Cresselia|Electric\n|move|p1a: Thundurus|Thunderbolt|p2a: Cresselia\n|-resisted|p2a: Cresselia\n|-crit|p2a: Cresselia\n|-damage|p2a: Cresselia|46\/100\n|move|p2a: Cresselia|Trick Room|p2a: Cresselia\n|-fieldstart|move: Trick Room|[of] p2a: Cresselia\n|\n|-heal|p2a: Cresselia|52\/100|[from] item: Leftovers\n|upkeep\n|turn|14\n|inactive|Chidipa\u7535\u9f99\u9a91\u58eb has 120 seconds left.\n|\n|t:|1700143624\n|move|p2a: Cresselia|Lunar Dance|p2a: Cresselia\n|faint|p2a: Cresselia\n|move|p1a: Thundurus|Nasty Plot|p1a: Thundurus\n|-boost|p1a: Thundurus|spa|2\n|\n|upkeep\n|inactive|Chidipa\u7535\u9f99\u9a91\u58eb has 120 seconds left.\n|\n|t:|1700143637\n|switch|p2a: Crabominable|Crabominable, M|100\/100\n|-heal|p2a: Crabominable|100\/100|[from] move: Lunar Dance\n|turn|15\n|\n|t:|1700143645\n|move|p2a: Crabominable|Ice Hammer|p1a: Thundurus\n|-supereffective|p1a: Thundurus\n|-damage|p1a: Thundurus|0 fnt\n|-unboost|p2a: Crabominable|spe|1\n|faint|p1a: Thundurus\n|\n|-fieldend|move: Psychic Terrain\n|upkeep\n|\n|t:|1700143653\n|switch|p1a: Scizor|Scizor, M|100\/100\n|turn|16\n|\n|t:|1700143670\n|detailschange|p1a: Scizor|Scizor-Mega, M\n|-mega|p1a: Scizor|Scizor|Scizorite\n|move|p1a: Scizor|Bullet Punch|p2a: Crabominable\n|-supereffective|p2a: Crabominable\n|-damage|p2a: Crabominable|34\/100\n|move|p2a: Crabominable|Drain Punch|p1a: Scizor\n|-damage|p1a: Scizor|67\/100\n|-heal|p2a: Crabominable|49\/100|[from] drain|[of] p1a: Scizor\n|\n|upkeep\n|turn|17\n|inactive|Chidipa\u7535\u9f99\u9a91\u58eb has 120 seconds left.\n|\n|t:|1700143692\n|move|p1a: Scizor|Bullet Punch|p2a: Crabominable\n|-supereffective|p2a: Crabominable\n|-damage|p2a: Crabominable|0 fnt\n|faint|p2a: Crabominable\n|\n|-fieldend|move: Trick Room\n|upkeep\n|\n|t:|1700143696\n|switch|p2a: Sneasler|Sneasler, M|100\/100\n|turn|18\n|\n|t:|1700143704\n|move|p1a: Scizor|Bullet Punch|p2a: Sneasler\n|-damage|p2a: Sneasler|49\/100\n|move|p2a: Sneasler|Swords Dance|p2a: Sneasler\n|-boost|p2a: Sneasler|atk|2\n|\n|upkeep\n|turn|19\n|\n|t:|1700143709\n|move|p1a: Scizor|Bullet Punch|p2a: Sneasler\n|-damage|p2a: Sneasler|0 fnt\n|faint|p2a: Sneasler\n|\n|upkeep\n|\n|t:|1700143711\n|switch|p2a: Mawile|Mawile-Mega, F|25\/100\n|turn|20\n|\n|t:|1700143718\n|move|p1a: Scizor|Bullet Punch|p2a: Mawile\n|-damage|p2a: Mawile|0 fnt\n|faint|p2a: Mawile\n|\n|win|sithred8\n|raw|sithred8's rating: 1426 &rarr; <strong>1441<\/strong><br \/>(+15 for winning)\n|raw|Chidipa\u7535\u9f99\u9a91\u58eb's rating: 1329 &rarr; <strong>1314<\/strong><br \/>(-15 for losing)\n|c|\u2606sithred8|gg\n|l|\u2606Chidipa\u7535\u9f99\u9a91\u58eb\n|c|\u2606sithred8|2023-11-16 22:08:40\n","uploadtime":1700145931,"views":4,"p1id":"sithred8","p2id":"chidipa","formatid":"gen9nationaldex","rating":1314,"private":0,"password":""}