{"id":"gen9nationaldex-1990097521","p1":"Fallout 3 Enjoyer","p2":"Kyula","format":"[Gen 9] National Dex","log":"|j|\u2606Fallout 3 Enjoyer\n|j|\u2606Kyula\n|t:|1699924247\n|gametype|singles\n|player|p1|Fallout 3 Enjoyer|acetrainerf|1162\n|player|p2|Kyula|lady-gen4|1262\n|teamsize|p1|6\n|teamsize|p2|6\n|gen|9\n|tier|[Gen 9] National Dex\n|rated|\n|rule|HP Percentage Mod: HP is shown in percentages\n|rule|Endless Battle Clause: Forcing endless battles is banned\n|rule|OHKO Clause: OHKO moves are banned\n|rule|Evasion Clause: Evasion abilities, items, and moves are banned\n|rule|Evasion Abilities Clause: Evasion abilities are banned\n|rule|Evasion Items Clause: Evasion items are banned\n|rule|Evasion Moves Clause: Evasion moves are banned\n|rule|Species Clause: Limit one of each Pok\u00e9mon\n|rule|Sleep Clause Mod: Limit one foe put to sleep\n|clearpoke\n|poke|p1|Clodsire, F|\n|poke|p1|Bellibolt, F|\n|poke|p1|Politoed, F|\n|poke|p1|Poliwrath, F|\n|poke|p1|Swampert, F|\n|poke|p1|Toxicroak, F|\n|poke|p2|Moltres|\n|poke|p2|Charizard, M|\n|poke|p2|Great Tusk|\n|poke|p2|Samurott-Hisui, F|\n|poke|p2|Tapu Koko|\n|poke|p2|Amoonguss, F|\n|teampreview\n|inactive|Battle timer is ON: inactive players will automatically lose when time's up. (requested by Fallout 3 Enjoyer)\n|inactive|Kyula also wants the timer to be on.\n|\n|t:|1699924259\n|start\n|switch|p1a: Damp Frog|Politoed, F, shiny|100\/100\n|switch|p2a: Moltres|Moltres|100\/100\n|-ability|p2a: Moltres|Pressure\n|-weather|RainDance|[from] ability: Drizzle|[of] p1a: Damp Frog\n|turn|1\n|\n|t:|1699924272\n|switch|p2a: Amoonguss|Amoonguss, F|100\/100\n|move|p1a: Damp Frog|Weather Ball|p2a: Amoonguss\n|-resisted|p2a: Amoonguss\n|-damage|p2a: Amoonguss|78\/100\n|\n|-weather|RainDance|[upkeep]\n|upkeep\n|turn|2\n|\n|t:|1699924279\n|move|p1a: Damp Frog|Ice Beam|p2a: Amoonguss\n|-supereffective|p2a: Amoonguss\n|-damage|p2a: Amoonguss|41\/100\n|move|p2a: Amoonguss|Giga Drain|p1a: Damp Frog\n|-supereffective|p1a: Damp Frog\n|-damage|p1a: Damp Frog|69\/100\n|-heal|p2a: Amoonguss|55\/100|[from] drain|[of] p1a: Damp Frog\n|\n|-weather|RainDance|[upkeep]\n|upkeep\n|turn|3\n|\n|t:|1699924290\n|switch|p1a: Poison Frog|Toxicroak, F|100\/100\n|move|p2a: Amoonguss|Spore|p1a: Poison Frog\n|-status|p1a: Poison Frog|slp|[from] move: Spore\n|\n|-weather|RainDance|[upkeep]\n|upkeep\n|turn|4\n|\n|t:|1699924303\n|switch|p1a: Clodsire|Clodsire, F|100\/100\n|switch|p2a: Charizard|Charizard, M|100\/100\n|\n|-weather|RainDance|[upkeep]\n|upkeep\n|turn|5\n|\n|t:|1699924308\n|detailschange|p2a: Charizard|Charizard-Mega-Y, M\n|-mega|p2a: Charizard|Charizard|Charizardite Y\n|-weather|SunnyDay|[from] ability: Drought|[of] p2a: Charizard\n|move|p2a: Charizard|Scorching Sands|p1a: Clodsire\n|-supereffective|p1a: Clodsire\n|-damage|p1a: Clodsire|57\/100\n|move|p1a: Clodsire|Stealth Rock|p2a: Charizard\n|-sidestart|p2: Kyula|move: Stealth Rock\n|\n|-weather|SunnyDay|[upkeep]\n|-heal|p1a: Clodsire|63\/100|[from] item: Black Sludge\n|upkeep\n|turn|6\n|\n|t:|1699924313\n|move|p2a: Charizard|Scorching Sands|p1a: Clodsire\n|-supereffective|p1a: Clodsire\n|-damage|p1a: Clodsire|24\/100\n|move|p1a: Clodsire|Liquidation|p2a: Charizard\n|-supereffective|p2a: Charizard\n|-damage|p2a: Charizard|78\/100\n|\n|-weather|SunnyDay|[upkeep]\n|-heal|p1a: Clodsire|30\/100|[from] item: Black Sludge\n|upkeep\n|turn|7\n|\n|t:|1699924326\n|move|p2a: Charizard|Scorching Sands|p1a: Clodsire\n|-supereffective|p1a: Clodsire\n|-damage|p1a: Clodsire|0 fnt\n|faint|p1a: Clodsire\n|\n|-weather|SunnyDay|[upkeep]\n|upkeep\n|\n|t:|1699924330\n|switch|p1a: Damp Frog|Politoed, F, shiny|69\/100\n|-weather|RainDance|[from] ability: Drizzle|[of] p1a: Damp Frog\n|turn|8\n|\n|t:|1699924348\n|switch|p2a: Samurott|Samurott-Hisui, F|100\/100\n|-damage|p2a: Samurott|88\/100|[from] Stealth Rock\n|move|p1a: Damp Frog|Ice Beam|p2a: Samurott\n|-resisted|p2a: Samurott\n|-damage|p2a: Samurott|74\/100\n|\n|-weather|RainDance|[upkeep]\n|upkeep\n|turn|9\n|\n|t:|1699924354\n|switch|p1a: Poison Frog|Toxicroak, F|100\/100 slp\n|move|p2a: Samurott|Knock Off|p1a: Poison Frog\n|-resisted|p1a: Poison Frog\n|-damage|p1a: Poison Frog|62\/100 slp\n|-enditem|p1a: Poison Frog|Heavy-Duty Boots|[from] move: Knock Off|[of] p2a: Samurott\n|\n|-weather|RainDance|[upkeep]\n|-heal|p1a: Poison Frog|75\/100 slp|[from] ability: Dry Skin\n|upkeep\n|turn|10\n|\n|t:|1699924364\n|switch|p2a: Great Tusk|Great Tusk|100\/100\n|cant|p1a: Poison Frog|slp\n|\n|-weather|RainDance|[upkeep]\n|-heal|p1a: Poison Frog|87\/100 slp|[from] ability: Dry Skin\n|upkeep\n|turn|11\n|\n|t:|1699924370\n|move|p2a: Great Tusk|Rapid Spin|p1a: Poison Frog\n|-damage|p1a: Poison Frog|59\/100 slp\n|-boost|p2a: Great Tusk|spe|1\n|-sideend|p2: Kyula|Stealth Rock|[from] move: Rapid Spin|[of] p2a: Great Tusk\n|cant|p1a: Poison Frog|slp\n|\n|-weather|RainDance|[upkeep]\n|-heal|p1a: Poison Frog|72\/100 slp|[from] ability: Dry Skin\n|upkeep\n|turn|12\n|\n|t:|1699924381\n|move|p2a: Great Tusk|Headlong Rush|p1a: Poison Frog\n|-supereffective|p1a: Poison Frog\n|-damage|p1a: Poison Frog|0 fnt\n|-unboost|p2a: Great Tusk|def|1\n|-unboost|p2a: Great Tusk|spd|1\n|faint|p1a: Poison Frog\n|\n|-weather|RainDance|[upkeep]\n|upkeep\n|\n|t:|1699924385\n|switch|p1a: Roid Frog|Swampert, F|100\/100\n|turn|13\n|\n|t:|1699924409\n|-end|p2a: Great Tusk|Protosynthesis|[silent]\n|switch|p2a: Charizard|Charizard-Mega-Y, M|78\/100\n|-weather|SunnyDay|[from] ability: Drought|[of] p2a: Charizard\n|detailschange|p1a: Roid Frog|Swampert-Mega, F\n|-mega|p1a: Roid Frog|Swampert|Swampertite\n|move|p1a: Roid Frog|Liquidation|p2a: Charizard\n|-supereffective|p2a: Charizard\n|-damage|p2a: Charizard|2\/100\n|\n|-weather|SunnyDay|[upkeep]\n|upkeep\n|turn|14\n|\n|t:|1699924419\n|switch|p2a: Amoonguss|Amoonguss, F|88\/100\n|switch|p1a: Damp Frog|Politoed, F, shiny|69\/100\n|-weather|RainDance|[from] ability: Drizzle|[of] p1a: Damp Frog\n|\n|-weather|RainDance|[upkeep]\n|upkeep\n|turn|15\n|\n|t:|1699924425\n|move|p1a: Damp Frog|Ice Beam|p2a: Amoonguss\n|-supereffective|p2a: Amoonguss\n|-damage|p2a: Amoonguss|46\/100\n|move|p2a: Amoonguss|Spore|p1a: Damp Frog\n|-status|p1a: Damp Frog|slp|[from] move: Spore\n|\n|-weather|RainDance|[upkeep]\n|upkeep\n|turn|16\n|\n|t:|1699924438\n|switch|p1a: Charge Frog|Bellibolt, F|100\/100\n|switch|p2a: Moltres|Moltres|100\/100\n|-ability|p2a: Moltres|Pressure\n|\n|-weather|RainDance|[upkeep]\n|upkeep\n|turn|17\n|\n|t:|1699924449\n|switch|p2a: Great Tusk|Great Tusk|100\/100\n|move|p1a: Charge Frog|Charge Beam|p2a: Great Tusk\n|-immune|p2a: Great Tusk\n|\n|-weather|RainDance|[upkeep]\n|upkeep\n|turn|18\n|\n|t:|1699924455\n|move|p2a: Great Tusk|Rapid Spin|p1a: Charge Frog\n|-damage|p1a: Charge Frog|89\/100\n|-boost|p2a: Great Tusk|spe|1\n|-start|p1a: Charge Frog|Charge|Rapid Spin|[from] ability: Electromorphosis\n|move|p1a: Charge Frog|Muddy Water|p2a: Great Tusk\n|-supereffective|p2a: Great Tusk\n|-damage|p2a: Great Tusk|0 fnt\n|faint|p2a: Great Tusk\n|-end|p2a: Great Tusk|Protosynthesis|[silent]\n|\n|-weather|RainDance|[upkeep]\n|-heal|p1a: Charge Frog|96\/100|[from] item: Leftovers\n|upkeep\n|\n|t:|1699924463\n|switch|p2a: Charizard|Charizard-Mega-Y, M|2\/100\n|-weather|SunnyDay|[from] ability: Drought|[of] p2a: Charizard\n|turn|19\n|\n|t:|1699924468\n|move|p2a: Charizard|Roost|p2a: Charizard\n|-heal|p2a: Charizard|52\/100\n|-singleturn|p2a: Charizard|move: Roost\n|move|p1a: Charge Frog|Charge Beam|p2a: Charizard\n|-damage|p2a: Charizard|14\/100\n|-end|p1a: Charge Frog|Charge|[silent]\n|\n|-weather|SunnyDay|[upkeep]\n|-heal|p1a: Charge Frog|100\/100|[from] item: Leftovers\n|upkeep\n|turn|20\n|\n|t:|1699924473\n|move|p2a: Charizard|Roost|p2a: Charizard\n|-heal|p2a: Charizard|64\/100\n|-singleturn|p2a: Charizard|move: Roost\n|move|p1a: Charge Frog|Charge Beam|p2a: Charizard\n|-damage|p2a: Charizard|47\/100\n|\n|-weather|SunnyDay|[upkeep]\n|upkeep\n|turn|21\n|\n|t:|1699924484\n|switch|p2a: Tapu Koko|Tapu Koko|100\/100\n|-fieldstart|move: Electric Terrain|[from] ability: Electric Surge|[of] p2a: Tapu Koko\n|move|p1a: Charge Frog|Charge Beam|p2a: Tapu Koko\n|-resisted|p2a: Tapu Koko\n|-damage|p2a: Tapu Koko|87\/100\n|-boost|p1a: Charge Frog|spa|1\n|\n|-weather|SunnyDay|[upkeep]\n|upkeep\n|turn|22\n|\n|t:|1699924490\n|move|p2a: Tapu Koko|Taunt|p1a: Charge Frog\n|-start|p1a: Charge Frog|move: Taunt\n|move|p1a: Charge Frog|Muddy Water|p2a: Tapu Koko|[miss]\n|-miss|p1a: Charge Frog|p2a: Tapu Koko\n|\n|-weather|SunnyDay|[upkeep]\n|upkeep\n|turn|23\n|c|\u2606Fallout 3 Enjoyer|i literally have no status moves\n|\n|t:|1699924509\n|move|p2a: Tapu Koko|Light Screen|p2a: Tapu Koko\n|-sidestart|p2: Kyula|move: Light Screen\n|move|p1a: Charge Frog|Muddy Water|p2a: Tapu Koko\n|-damage|p2a: Tapu Koko|78\/100\n|\n|-weather|none\n|upkeep\n|turn|24\n|\n|t:|1699924512\n|move|p2a: Tapu Koko|Reflect|p2a: Tapu Koko\n|-sidestart|p2: Kyula|Reflect\n|move|p1a: Charge Frog|Charge Beam|p2a: Tapu Koko\n|-resisted|p2a: Tapu Koko\n|-crit|p2a: Tapu Koko\n|-damage|p2a: Tapu Koko|47\/100\n|-boost|p1a: Charge Frog|spa|1\n|\n|-end|p1a: Charge Frog|move: Taunt\n|upkeep\n|turn|25\n|\n|t:|1699924534\n|move|p2a: Tapu Koko|U-turn|p1a: Charge Frog\n|-damage|p1a: Charge Frog|90\/100\n|-start|p1a: Charge Frog|Charge|U-turn|[from] ability: Electromorphosis\n|\n|t:|1699924542\n|switch|p2a: Charizard|Charizard-Mega-Y, M|47\/100|[from] U-turn\n|-weather|SunnyDay|[from] ability: Drought|[of] p2a: Charizard\n|move|p1a: Charge Frog|Muddy Water|p2a: Charizard\n|-supereffective|p2a: Charizard\n|-damage|p2a: Charizard|23\/100\n|\n|-weather|SunnyDay|[upkeep]\n|-heal|p1a: Charge Frog|96\/100|[from] item: Leftovers\n|-fieldend|move: Electric Terrain\n|upkeep\n|turn|26\n|\n|t:|1699924546\n|move|p2a: Charizard|Roost|p2a: Charizard\n|-heal|p2a: Charizard|74\/100\n|-singleturn|p2a: Charizard|move: Roost\n|move|p1a: Charge Frog|Parabolic Charge|p2a: Charizard\n|-damage|p2a: Charizard|30\/100\n|-heal|p1a: Charge Frog|100\/100|[from] drain|[of] p2a: Charizard\n|-end|p1a: Charge Frog|Charge|[silent]\n|\n|-weather|SunnyDay|[upkeep]\n|upkeep\n|turn|27\n|\n|t:|1699924555\n|switch|p2a: Amoonguss|Amoonguss, F|80\/100\n|move|p1a: Charge Frog|Charge Beam|p2a: Amoonguss\n|-resisted|p2a: Amoonguss\n|-damage|p2a: Amoonguss|71\/100\n|\n|-weather|SunnyDay|[upkeep]\n|upkeep\n|turn|28\n|\n|t:|1699924560\n|move|p1a: Charge Frog|Charge Beam|p2a: Amoonguss\n|-resisted|p2a: Amoonguss\n|-damage|p2a: Amoonguss|62\/100\n|move|p2a: Amoonguss|Giga Drain|p1a: Charge Frog\n|-damage|p1a: Charge Frog|80\/100\n|-heal|p2a: Amoonguss|72\/100|[from] drain|[of] p1a: Charge Frog\n|-start|p1a: Charge Frog|Charge|Giga Drain|[from] ability: Electromorphosis\n|\n|-weather|SunnyDay|[upkeep]\n|-heal|p1a: Charge Frog|86\/100|[from] item: Leftovers\n|upkeep\n|turn|29\n|\n|t:|1699924564\n|move|p1a: Charge Frog|Charge Beam|p2a: Amoonguss\n|-resisted|p2a: Amoonguss\n|-damage|p2a: Amoonguss|56\/100\n|-boost|p1a: Charge Frog|spa|1\n|-end|p1a: Charge Frog|Charge|[silent]\n|move|p2a: Amoonguss|Sludge Bomb|p1a: Charge Frog\n|-damage|p1a: Charge Frog|59\/100\n|-start|p1a: Charge Frog|Charge|Sludge Bomb|[from] ability: Electromorphosis\n|\n|-weather|none\n|-heal|p1a: Charge Frog|65\/100|[from] item: Leftovers\n|upkeep\n|turn|30\n|\n|t:|1699924568\n|move|p1a: Charge Frog|Parabolic Charge|p2a: Amoonguss\n|-resisted|p2a: Amoonguss\n|-damage|p2a: Amoonguss|31\/100\n|-heal|p1a: Charge Frog|78\/100|[from] drain|[of] p2a: Amoonguss\n|-end|p1a: Charge Frog|Charge|[silent]\n|move|p2a: Amoonguss|Sludge Bomb|p1a: Charge Frog\n|-damage|p1a: Charge Frog|53\/100\n|-start|p1a: Charge Frog|Charge|Sludge Bomb|[from] ability: Electromorphosis\n|\n|-heal|p1a: Charge Frog|60\/100|[from] item: Leftovers\n|-sideend|p2: Kyula|move: Light Screen\n|upkeep\n|turn|31\n|\n|t:|1699924573\n|switch|p2a: Tapu Koko|Tapu Koko|47\/100\n|-fieldstart|move: Electric Terrain|[from] ability: Electric Surge|[of] p2a: Tapu Koko\n|move|p1a: Charge Frog|Charge Beam|p2a: Tapu Koko\n|-resisted|p2a: Tapu Koko\n|-damage|p2a: Tapu Koko|0 fnt\n|-boost|p1a: Charge Frog|spa|1\n|faint|p2a: Tapu Koko\n|-end|p1a: Charge Frog|Charge|[silent]\n|\n|-heal|p1a: Charge Frog|66\/100|[from] item: Leftovers\n|-sideend|p2: Kyula|Reflect\n|upkeep\n|\n|t:|1699924582\n|switch|p2a: Samurott|Samurott-Hisui, F|74\/100\n|turn|32\n|\n|t:|1699924596\n|move|p2a: Samurott|Ceaseless Edge|p1a: Charge Frog\n|-damage|p1a: Charge Frog|39\/100\n|-start|p1a: Charge Frog|Charge|Ceaseless Edge|[from] ability: Electromorphosis\n|-sidestart|p1: Fallout 3 Enjoyer|Spikes\n|move|p1a: Charge Frog|Parabolic Charge|p2a: Samurott\n|-supereffective|p2a: Samurott\n|-damage|p2a: Samurott|0 fnt\n|-heal|p1a: Charge Frog|67\/100|[from] drain|[of] p2a: Samurott\n|faint|p2a: Samurott\n|-end|p1a: Charge Frog|Charge|[silent]\n|\n|-heal|p1a: Charge Frog|73\/100|[from] item: Leftovers\n|upkeep\n|-message|Kyula forfeited.\n|\n|win|Fallout 3 Enjoyer\n|raw|Fallout 3 Enjoyer's rating: 1162 &rarr; <strong>1194<\/strong><br \/>(+32 for winning)\n|raw|Kyula's rating: 1262 &rarr; <strong>1230<\/strong><br \/>(-32 for losing)\n|l|\u2606Kyula\n","uploadtime":1699924604,"views":6,"p1id":"fallout3enjoyer","p2id":"kyula","formatid":"gen9nationaldex","rating":1194,"private":0,"password":""}