{"id":"gen9nationaldex-2000607731","p1":"UCL KING","p2":"doubletrouble84","format":"[Gen 9] National Dex","log":"|html|<div class=\"broadcast-blue\"><strong>[Gen 9] National Dex is currently suspecting Sneasler! For information on how to participate check out the <a href=\"https:\/\/www.smogon.com\/forums\/threads\/sv-national-dex-suspect-8-just-dance.3731534\/\">suspect thread<\/a>.<\/strong><\/div>\n|j|\u2606UCL KING\n|j|\u2606doubletrouble84\n|t:|1701210004\n|gametype|singles\n|player|p1|UCL KING|palmer|1133\n|player|p2|doubletrouble84|n|1070\n|teamsize|p1|6\n|teamsize|p2|6\n|gen|9\n|tier|[Gen 9] National Dex\n|rated|\n|rule|HP Percentage Mod: HP is shown in percentages\n|rule|Endless Battle Clause: Forcing endless battles is banned\n|rule|OHKO Clause: OHKO moves are banned\n|rule|Evasion Clause: Evasion abilities, items, and moves are banned\n|rule|Evasion Abilities Clause: Evasion abilities are banned\n|rule|Evasion Items Clause: Evasion items are banned\n|rule|Evasion Moves Clause: Evasion moves are banned\n|rule|Species Clause: Limit one of each Pok\u00e9mon\n|rule|Sleep Clause Mod: Limit one foe put to sleep\n|clearpoke\n|poke|p1|Mantine, F|\n|poke|p1|Tornadus-Therian, M|\n|poke|p1|Garchomp, M|\n|poke|p1|Persian, M|\n|poke|p1|Uxie|\n|poke|p1|Mawile, F|\n|poke|p2|Gliscor, F|\n|poke|p2|Garganacl, F|\n|poke|p2|Heatran, M|\n|poke|p2|Ogerpon-Wellspring, F|\n|poke|p2|Iron Valiant|\n|poke|p2|Ferrothorn, F|\n|teampreview\n|inactive|Battle timer is ON: inactive players will automatically lose when time's up. (requested by doubletrouble84)\n|\n|t:|1701210010\n|start\n|switch|p1a: Uxie|Uxie|100\/100\n|switch|p2a: Garganacl|Garganacl, F|100\/100\n|turn|1\n|\n|t:|1701210019\n|move|p1a: Uxie|Stealth Rock|p2a: Garganacl\n|-sidestart|p2: doubletrouble84|move: Stealth Rock\n|move|p2a: Garganacl|Stealth Rock|p1a: Uxie\n|-sidestart|p1: UCL KING|move: Stealth Rock\n|\n|upkeep\n|turn|2\n|\n|t:|1701210028\n|move|p2a: Garganacl|Protect|p2a: Garganacl\n|-singleturn|p2a: Garganacl|Protect\n|move|p1a: Uxie|Psychic|p2a: Garganacl\n|-activate|p2a: Garganacl|move: Protect\n|\n|upkeep\n|turn|3\n|\n|t:|1701210042\n|move|p1a: Uxie|Psychic|p2a: Garganacl\n|-damage|p2a: Garganacl|85\/100\n|move|p2a: Garganacl|Salt Cure|p1a: Uxie\n|-damage|p1a: Uxie|90\/100\n|-start|p1a: Uxie|Salt Cure\n|\n|-heal|p1a: Uxie|96\/100|[from] item: Leftovers\n|-heal|p2a: Garganacl|91\/100|[from] item: Leftovers\n|-damage|p1a: Uxie|84\/100|[from] Salt Cure\n|upkeep\n|turn|4\n|\n|t:|1701210053\n|switch|p1a: Garchomp|Garchomp, M|100\/100\n|-damage|p1a: Garchomp|94\/100|[from] Stealth Rock\n|move|p2a: Garganacl|Protect||[still]\n|-fail|p2a: Garganacl\n|\n|-heal|p2a: Garganacl|97\/100|[from] item: Leftovers\n|upkeep\n|turn|5\n|\n|t:|1701210062\n|move|p1a: Garchomp|Swords Dance|p1a: Garchomp\n|-boost|p1a: Garchomp|atk|2\n|move|p2a: Garganacl|Salt Cure|p1a: Garchomp\n|-resisted|p1a: Garchomp\n|-damage|p1a: Garchomp|88\/100\n|-start|p1a: Garchomp|Salt Cure\n|\n|-heal|p2a: Garganacl|100\/100|[from] item: Leftovers\n|-damage|p1a: Garchomp|75\/100|[from] Salt Cure\n|upkeep\n|turn|6\n|\n|t:|1701210074\n|switch|p2a: Heatran|Heatran, M|100\/100\n|-damage|p2a: Heatran|88\/100|[from] Stealth Rock\n|-item|p2a: Heatran|Air Balloon\n|-terastallize|p1a: Garchomp|Dragon\n|move|p1a: Garchomp|Scale Shot|p2a: Heatran\n|-resisted|p2a: Heatran\n|-damage|p2a: Heatran|70\/100\n|-enditem|p2a: Heatran|Air Balloon\n|-resisted|p2a: Heatran\n|-damage|p2a: Heatran|53\/100\n|-resisted|p2a: Heatran\n|-damage|p2a: Heatran|37\/100\n|-resisted|p2a: Heatran\n|-damage|p2a: Heatran|20\/100\n|-hitcount|p2a: Heatran|4\n|-unboost|p1a: Garchomp|def|1\n|-boost|p1a: Garchomp|spe|1\n|-enditem|p1a: Garchomp|White Herb\n|-clearnegativeboost|p1a: Garchomp|[silent]\n|\n|-damage|p1a: Garchomp|63\/100|[from] Salt Cure\n|upkeep\n|turn|7\n|\n|t:|1701210096\n|move|p1a: Garchomp|Scale Shot|p2a: Heatran\n|-resisted|p2a: Heatran\n|-damage|p2a: Heatran|1\/100\n|-resisted|p2a: Heatran\n|-damage|p2a: Heatran|0 fnt\n|faint|p2a: Heatran\n|-hitcount|p2: Heatran|2\n|-unboost|p1a: Garchomp|def|1\n|-boost|p1a: Garchomp|spe|1\n|\n|-damage|p1a: Garchomp|51\/100|[from] Salt Cure\n|upkeep\n|\n|t:|1701210108\n|switch|p2a: Ferrothorn|Ferrothorn, F|100\/100\n|-damage|p2a: Ferrothorn|94\/100|[from] Stealth Rock\n|turn|8\n|\n|t:|1701210114\n|move|p2a: Ferrothorn|Protect|p2a: Ferrothorn\n|-singleturn|p2a: Ferrothorn|Protect\n|move|p1a: Garchomp|Earthquake|p2a: Ferrothorn\n|-activate|p2a: Ferrothorn|move: Protect\n|\n|-heal|p2a: Ferrothorn|100\/100|[from] item: Leftovers\n|-damage|p1a: Garchomp|38\/100|[from] Salt Cure\n|upkeep\n|turn|9\n|\n|t:|1701210127\n|move|p1a: Garchomp|Earthquake|p2a: Ferrothorn\n|-damage|p2a: Ferrothorn|29\/100\n|move|p2a: Ferrothorn|Leech Seed|p1a: Garchomp\n|-start|p1a: Garchomp|move: Leech Seed\n|\n|-heal|p2a: Ferrothorn|35\/100|[from] item: Leftovers\n|-damage|p1a: Garchomp|26\/100|[from] Leech Seed|[of] p2a: Ferrothorn\n|-heal|p2a: Ferrothorn|48\/100|[silent]\n|-damage|p1a: Garchomp|14\/100|[from] Salt Cure\n|upkeep\n|turn|10\n|\n|t:|1701210137\n|move|p2a: Ferrothorn|Protect|p2a: Ferrothorn\n|-singleturn|p2a: Ferrothorn|Protect\n|move|p1a: Garchomp|Swords Dance|p1a: Garchomp\n|-boost|p1a: Garchomp|atk|2\n|\n|-heal|p2a: Ferrothorn|54\/100|[from] item: Leftovers\n|-damage|p1a: Garchomp|1\/100|[from] Leech Seed|[of] p2a: Ferrothorn\n|-heal|p2a: Ferrothorn|66\/100|[silent]\n|-damage|p1a: Garchomp|0 fnt|[from] Salt Cure\n|faint|p1a: Garchomp\n|upkeep\n|\n|t:|1701210141\n|switch|p1a: Tornadus|Tornadus-Therian, M|100\/100\n|-damage|p1a: Tornadus|76\/100|[from] Stealth Rock\n|turn|11\n|\n|t:|1701210153\n|switch|p2a: Garganacl|Garganacl, F|100\/100\n|-damage|p2a: Garganacl|88\/100|[from] Stealth Rock\n|move|p1a: Tornadus|Heat Wave|p2a: Garganacl\n|-resisted|p2a: Garganacl\n|-damage|p2a: Garganacl|77\/100\n|\n|-heal|p2a: Garganacl|83\/100|[from] item: Leftovers\n|upkeep\n|turn|12\n|\n|t:|1701210163\n|move|p1a: Tornadus|U-turn|p2a: Garganacl\n|-damage|p2a: Garganacl|72\/100\n|\n|t:|1701210172\n|switch|p1a: Mantine|Mantine, F|100\/100|[from] U-turn\n|move|p2a: Garganacl|Salt Cure|p1a: Mantine\n|-supereffective|p1a: Mantine\n|-damage|p1a: Mantine|66\/100\n|-start|p1a: Mantine|Salt Cure\n|\n|-heal|p2a: Garganacl|78\/100|[from] item: Leftovers\n|-damage|p1a: Mantine|41\/100|[from] Salt Cure\n|upkeep\n|turn|13\n|\n|t:|1701210183\n|switch|p2a: Ferrothorn|Ferrothorn, F|66\/100\n|-damage|p2a: Ferrothorn|60\/100|[from] Stealth Rock\n|move|p1a: Mantine|Roost|p1a: Mantine\n|-heal|p1a: Mantine|91\/100\n|-singleturn|p1a: Mantine|move: Roost\n|\n|-heal|p2a: Ferrothorn|66\/100|[from] item: Leftovers\n|-damage|p1a: Mantine|67\/100|[from] Salt Cure\n|upkeep\n|turn|14\n|\n|t:|1701210198\n|switch|p1a: Tornadus|Tornadus-Therian, M|100\/100\n|-damage|p1a: Tornadus|76\/100|[from] Stealth Rock\n|move|p2a: Ferrothorn|Leech Seed|p1a: Tornadus\n|-start|p1a: Tornadus|move: Leech Seed\n|\n|-heal|p2a: Ferrothorn|73\/100|[from] item: Leftovers\n|-damage|p1a: Tornadus|63\/100|[from] Leech Seed|[of] p2a: Ferrothorn\n|-heal|p2a: Ferrothorn|85\/100|[silent]\n|upkeep\n|turn|15\n|\n|t:|1701210217\n|move|p2a: Ferrothorn|Protect|p2a: Ferrothorn\n|-singleturn|p2a: Ferrothorn|Protect\n|move|p1a: Tornadus|Heat Wave|p2a: Ferrothorn\n|-activate|p2a: Ferrothorn|move: Protect\n|\n|-heal|p2a: Ferrothorn|92\/100|[from] item: Leftovers\n|-damage|p1a: Tornadus|51\/100|[from] Leech Seed|[of] p2a: Ferrothorn\n|-heal|p2a: Ferrothorn|100\/100|[silent]\n|upkeep\n|turn|16\n|\n|t:|1701210236\n|switch|p2a: Garganacl|Garganacl, F|78\/100\n|-damage|p2a: Garganacl|66\/100|[from] Stealth Rock\n|move|p1a: Tornadus|U-turn|p2a: Garganacl\n|-damage|p2a: Garganacl|57\/100\n|\n|t:|1701210241\n|switch|p1a: Mawile|Mawile, F|100\/100|[from] U-turn\n|-damage|p1a: Mawile|95\/100|[from] Stealth Rock\n|\n|-heal|p2a: Garganacl|63\/100|[from] item: Leftovers\n|upkeep\n|turn|17\n|\n|t:|1701210251\n|detailschange|p1a: Mawile|Mawile-Mega, F\n|-mega|p1a: Mawile|Mawile|Mawilite\n|move|p1a: Mawile|Iron Head|p2a: Garganacl\n|-supereffective|p2a: Garganacl\n|-damage|p2a: Garganacl|0 fnt\n|faint|p2a: Garganacl\n|\n|upkeep\n|\n|t:|1701210258\n|switch|p2a: Gliscor|Gliscor, F|100\/100\n|-damage|p2a: Gliscor|88\/100|[from] Stealth Rock\n|turn|18\n|\n|t:|1701210268\n|switch|p1a: Uxie|Uxie|84\/100\n|-damage|p1a: Uxie|71\/100|[from] Stealth Rock\n|move|p2a: Gliscor|Earthquake|p1a: Uxie\n|-immune|p1a: Uxie|[from] ability: Levitate\n|\n|-heal|p1a: Uxie|78\/100|[from] item: Leftovers\n|-status|p2a: Gliscor|tox|[from] item: Toxic Orb\n|upkeep\n|turn|19\n|\n|t:|1701210279\n|move|p2a: Gliscor|Knock Off|p1a: Uxie\n|-supereffective|p1a: Uxie\n|-damage|p1a: Uxie|41\/100\n|-enditem|p1a: Uxie|Leftovers|[from] move: Knock Off|[of] p2a: Gliscor\n|move|p1a: Uxie|Psychic|p2a: Gliscor\n|-damage|p2a: Gliscor|68\/100 tox\n|\n|-heal|p2a: Gliscor|80\/100 tox|[from] ability: Poison Heal\n|upkeep\n|turn|20\n|\n|t:|1701210290\n|move|p2a: Gliscor|Knock Off|p1a: Uxie\n|-supereffective|p1a: Uxie\n|-damage|p1a: Uxie|18\/100\n|move|p1a: Uxie|Trick Room|p1a: Uxie\n|-fieldstart|move: Trick Room|[of] p1a: Uxie\n|\n|-heal|p2a: Gliscor|93\/100 tox|[from] ability: Poison Heal\n|upkeep\n|turn|21\n|\n|t:|1701210300\n|move|p1a: Uxie|Memento|p2a: Gliscor\n|-unboost|p2a: Gliscor|atk|2\n|-unboost|p2a: Gliscor|spa|2\n|faint|p1a: Uxie\n|move|p2a: Gliscor|Knock Off|p1: Uxie|[notarget]\n|-fail|p2a: Gliscor\n|\n|-heal|p2a: Gliscor|100\/100 tox|[from] ability: Poison Heal\n|upkeep\n|\n|t:|1701210306\n|switch|p1a: Mawile|Mawile-Mega, F|95\/100\n|-damage|p1a: Mawile|89\/100|[from] Stealth Rock\n|turn|22\n|\n|t:|1701210314\n|switch|p2a: Ferrothorn|Ferrothorn, F|100\/100\n|-damage|p2a: Ferrothorn|94\/100|[from] Stealth Rock\n|move|p1a: Mawile|Play Rough|p2a: Ferrothorn\n|-resisted|p2a: Ferrothorn\n|-damage|p2a: Ferrothorn|65\/100\n|-damage|p1a: Mawile|76\/100|[from] ability: Iron Barbs|[of] p2a: Ferrothorn\n|\n|-heal|p2a: Ferrothorn|72\/100|[from] item: Leftovers\n|upkeep\n|turn|23\n|\n|t:|1701210327\n|switch|p1a: Tornadus|Tornadus-Therian, M|84\/100\n|-damage|p1a: Tornadus|59\/100|[from] Stealth Rock\n|move|p2a: Ferrothorn|Thunder Wave|p1a: Tornadus\n|-status|p1a: Tornadus|par\n|\n|-heal|p2a: Ferrothorn|78\/100|[from] item: Leftovers\n|upkeep\n|turn|24\n|\n|t:|1701210336\n|move|p2a: Ferrothorn|Leech Seed|p1a: Tornadus|[miss]\n|-miss|p2a: Ferrothorn|p1a: Tornadus\n|move|p1a: Tornadus|Heat Wave|p2a: Ferrothorn\n|-supereffective|p2a: Ferrothorn\n|-damage|p2a: Ferrothorn|0 fnt\n|faint|p2a: Ferrothorn\n|\n|-fieldend|move: Trick Room\n|upkeep\n|\n|t:|1701210352\n|switch|p2a: Ogerpon|Ogerpon-Wellspring, F|100\/100\n|-damage|p2a: Ogerpon|88\/100|[from] Stealth Rock\n|turn|25\n|\n|t:|1701210360\n|-terastallize|p2a: Ogerpon|Water\n|detailschange|p2a: Ogerpon|Ogerpon-Wellspring-Tera, F, tera:Water\n|-ability|p2a: Ogerpon|Embody Aspect (Wellspring)|boost\n|-boost|p2a: Ogerpon|spd|1\n|move|p2a: Ogerpon|Swords Dance|p2a: Ogerpon\n|-boost|p2a: Ogerpon|atk|2\n|cant|p1a: Tornadus|par\n|\n|upkeep\n|turn|26\n|\n|t:|1701210370\n|move|p2a: Ogerpon|Ivy Cudgel|p1a: Tornadus|[anim] Ivy Cudgel Water\n|-damage|p1a: Tornadus|0 fnt\n|faint|p1a: Tornadus\n|\n|upkeep\n|\n|t:|1701210373\n|switch|p1a: Mantine|Mantine, F|67\/100\n|turn|27\n|\n|t:|1701210378\n|move|p2a: Ogerpon|Horn Leech|p1a: Mantine\n|-damage|p1a: Mantine|0 fnt\n|-heal|p2a: Ogerpon|100\/100|[from] drain|[of] p1a: Mantine\n|faint|p1a: Mantine\n|\n|upkeep\n|\n|t:|1701210383\n|switch|p1a: Persian|Persian, M|100\/100\n|-damage|p1a: Persian|88\/100|[from] Stealth Rock\n|turn|28\n|\n|t:|1701210388\n|move|p1a: Persian|Fake Out|p2a: Ogerpon\n|-crit|p2a: Ogerpon\n|-damage|p2a: Ogerpon|62\/100\n|cant|p2a: Ogerpon|flinch\n|\n|upkeep\n|turn|29\n|\n|t:|1701210397\n|move|p1a: Persian|Knock Off|p2a: Ogerpon\n|-damage|p2a: Ogerpon|40\/100\n|move|p2a: Ogerpon|Superpower|p1a: Persian\n|-supereffective|p1a: Persian\n|-damage|p1a: Persian|0 fnt\n|-unboost|p2a: Ogerpon|atk|1\n|-unboost|p2a: Ogerpon|def|1\n|faint|p1a: Persian\n|\n|upkeep\n|\n|t:|1701210400\n|switch|p1a: Mawile|Mawile-Mega, F|76\/100\n|-damage|p1a: Mawile|70\/100|[from] Stealth Rock\n|turn|30\n|\n|t:|1701210410\n|move|p1a: Mawile|Sucker Punch|p2a: Ogerpon\n|-damage|p2a: Ogerpon|0 fnt\n|faint|p2a: Ogerpon\n|\n|upkeep\n|\n|t:|1701210415\n|switch|p2a: Gliscor|Gliscor, F|100\/100 tox\n|-damage|p2a: Gliscor|88\/100 tox|[from] Stealth Rock\n|turn|31\n|\n|t:|1701210419\n|move|p2a: Gliscor|Earthquake|p1a: Mawile\n|-supereffective|p1a: Mawile\n|-damage|p1a: Mawile|8\/100\n|move|p1a: Mawile|Iron Head|p2a: Gliscor\n|-damage|p2a: Gliscor|20\/100 tox\n|\n|-heal|p2a: Gliscor|33\/100 tox|[from] ability: Poison Heal\n|upkeep\n|turn|32\n|\n|t:|1701210428\n|move|p1a: Mawile|Sucker Punch|p2a: Gliscor\n|-damage|p2a: Gliscor|0 fnt\n|faint|p2a: Gliscor\n|\n|upkeep\n|\n|t:|1701210433\n|switch|p2a: Iron Valiant|Iron Valiant|100\/100\n|-damage|p2a: Iron Valiant|94\/100|[from] Stealth Rock\n|-enditem|p2a: Iron Valiant|Booster Energy\n|-activate|p2a: Iron Valiant|ability: Quark Drive|[fromitem]\n|-start|p2a: Iron Valiant|quarkdrivespe\n|turn|33\n|\n|t:|1701210440\n|move|p2a: Iron Valiant|Close Combat|p1a: Mawile\n|-damage|p1a: Mawile|0 fnt\n|-unboost|p2a: Iron Valiant|def|1\n|-unboost|p2a: Iron Valiant|spd|1\n|faint|p1a: Mawile\n|\n|win|doubletrouble84\n|raw|UCL KING's rating: 1133 &rarr; <strong>1104<\/strong><br \/>(-29 for losing)\n|raw|doubletrouble84's rating: 1070 &rarr; <strong>1105<\/strong><br \/>(+35 for winning)\n|c|\u2606UCL KING|Gg\n|c|\u2606doubletrouble84|Gg\n|l|\u2606UCL KING\n|l|\u2606doubletrouble84\n|j|\u2606doubletrouble84\n|player|p2|doubletrouble84|n\n","uploadtime":1701210526,"views":2,"p1id":"uclking","p2id":"doubletrouble84","formatid":"gen9nationaldex","rating":1104,"private":0,"password":""}