{"id":"gen9nationaldex-1987353749","p1":"qewt","p2":"fkmyluck","format":"[Gen 9] National Dex","log":"|j|\u2606qewt\n|j|\u2606fkmyluck\n|t:|1699580930\n|gametype|singles\n|player|p1|qewt|caitlin-masters|\n|player|p2|fkmyluck|alder|\n|teamsize|p1|6\n|teamsize|p2|6\n|gen|9\n|tier|[Gen 9] National Dex\n|rule|HP Percentage Mod: HP is shown in percentages\n|rule|Endless Battle Clause: Forcing endless battles is banned\n|rule|OHKO Clause: OHKO moves are banned\n|rule|Evasion Clause: Evasion abilities, items, and moves are banned\n|rule|Evasion Abilities Clause: Evasion abilities are banned\n|rule|Evasion Items Clause: Evasion items are banned\n|rule|Evasion Moves Clause: Evasion moves are banned\n|rule|Species Clause: Limit one of each Pok\u00e9mon\n|rule|Sleep Clause Mod: Limit one foe put to sleep\n|clearpoke\n|poke|p1|Latias, F|\n|poke|p1|Ferrothorn, F|\n|poke|p1|Landorus-Therian, M|\n|poke|p1|Aegislash, F|\n|poke|p1|Urshifu-*, M|\n|poke|p1|Weezing-Galar, F|\n|poke|p2|Torkoal, F|\n|poke|p2|Moltres|\n|poke|p2|Hatterene, F|\n|poke|p2|Alomomola, F|\n|poke|p2|Sharpedo, F|\n|poke|p2|Landorus-Therian, M|\n|teampreview\n|c|\u2606fkmyluck|yurr\n|c|\u2606qewt|pluh\n|c|\u2606fkmyluck|didnt even see u sent lol\n|\n|t:|1699580957\n|start\n|switch|p1a: Latias|Latias, F, shiny|100\/100\n|switch|p2a: Torkoal|Torkoal, F|100\/100\n|-weather|SunnyDay|[from] ability: Drought|[of] p2a: Torkoal\n|turn|1\n|c|\u2606fkmyluck|im on val\n|\n|t:|1699580960\n|detailschange|p1a: Latias|Latias-Mega, F, shiny\n|-mega|p1a: Latias|Latias|Latiasite\n|move|p1a: Latias|Substitute|p1a: Latias\n|-start|p1a: Latias|Substitute\n|-damage|p1a: Latias|76\/100\n|move|p2a: Torkoal|Yawn||[still]\n|-fail|p2a: Torkoal\n|\n|-weather|SunnyDay|[upkeep]\n|upkeep\n|turn|2\n|c|\u2606qewt|ijbol\n|c|\u2606fkmyluck|o\n|c|\u2606fkmyluck|ye\n|\n|t:|1699580966\n|switch|p2a: Landorus|Landorus-Therian, M|100\/100\n|-ability|p2a: Landorus|Intimidate|boost\n|-immune|p1a: Latias\n|move|p1a: Latias|Psychic|p2a: Landorus\n|-damage|p2a: Landorus|63\/100\n|\n|-weather|SunnyDay|[upkeep]\n|upkeep\n|turn|3\n|\n|t:|1699580969\n|move|p1a: Latias|Psychic|p2a: Landorus\n|-damage|p2a: Landorus|26\/100\n|move|p2a: Landorus|U-turn|p1a: Latias\n|-supereffective|p1a: Latias\n|-end|p1a: Latias|Substitute\n|\n|t:|1699580977\n|switch|p2a: Moltres|Moltres|100\/100|[from] U-turn\n|\n|-weather|SunnyDay|[upkeep]\n|upkeep\n|turn|4\n|c|\u2606fkmyluck|troll team btw\n|\n|t:|1699580987\n|-terastallize|p2a: Moltres|Fire\n|move|p2a: Moltres|Burn Up|p1a: Latias\n|-resisted|p1a: Latias\n|-damage|p1a: Latias|26\/100\n|-start|p2a: Moltres|typechange|Fire|[from] move: Burn Up\n|move|p1a: Latias|Substitute|p1a: Latias\n|-start|p1a: Latias|Substitute\n|-damage|p1a: Latias|1\/100\n|\n|-weather|SunnyDay|[upkeep]\n|upkeep\n|turn|5\n|\n|t:|1699580993\n|move|p2a: Moltres|Burn Up|p1a: Latias\n|-resisted|p1a: Latias\n|-end|p1a: Latias|Substitute\n|-start|p2a: Moltres|typechange|Fire|[from] move: Burn Up\n|move|p1a: Latias|Recover|p1a: Latias\n|-heal|p1a: Latias|51\/100\n|\n|-weather|SunnyDay|[upkeep]\n|upkeep\n|turn|6\n|c|\u2606qewt|i can tell dw\n|\n|t:|1699580997\n|move|p2a: Moltres|Burn Up|p1a: Latias\n|-resisted|p1a: Latias\n|-damage|p1a: Latias|0 fnt\n|-start|p2a: Moltres|typechange|Fire|[from] move: Burn Up\n|faint|p1a: Latias\n|\n|-weather|SunnyDay|[upkeep]\n|upkeep\n|\n|t:|1699581011\n|switch|p1a: Landorus|Landorus-Therian, M, shiny|100\/100\n|-ability|p1a: Landorus|Intimidate|boost\n|-unboost|p2a: Moltres|atk|1\n|turn|7\n|\n|t:|1699581015\n|move|p2a: Moltres|Burn Up|p1a: Landorus\n|-damage|p1a: Landorus|0 fnt\n|-start|p2a: Moltres|typechange|Fire|[from] move: Burn Up\n|faint|p1a: Landorus\n|\n|-weather|SunnyDay|[upkeep]\n|upkeep\n|c|\u2606qewt|ermm\n|c|\u2606fkmyluck|ermmm\n|c|\u2606qewt|what the poop\n|\n|t:|1699581040\n|switch|p1a: Aegislash|Aegislash, F, shiny|100\/100\n|turn|8\n|c|\u2606qewt|ok yeah i need a tran on my team\n|c|\u2606qewt|replacing ferrothorn\n|\n|t:|1699581080\n|switch|p2a: Alomomola|Alomomola, F|100\/100\n|move|p1a: Aegislash|King's Shield||[still]\n|-fail|p1a: Aegislash\n|\n|-weather|none\n|upkeep\n|turn|9\n|\n|t:|1699581085\n|-formechange|p1a: Aegislash|Aegislash-Blade||[from] ability: Stance Change\n|move|p1a: Aegislash|Shadow Ball|p2a: Alomomola\n|-damage|p2a: Alomomola|26\/100\n|move|p2a: Alomomola|Flip Turn|p1a: Aegislash\n|-damage|p1a: Aegislash|56\/100\n|\n|t:|1699581087\n|switch|p2a: Torkoal|Torkoal, F|100\/100|[from] Flip Turn\n|-weather|SunnyDay|[from] ability: Drought|[of] p2a: Torkoal\n|\n|-weather|SunnyDay|[upkeep]\n|upkeep\n|turn|10\n|\n|t:|1699581098\n|switch|p1a: Weezing|Weezing-Galar, F, shiny|100\/100\n|-ability|p1a: Weezing|Neutralizing Gas\n|switch|p2a: Hatterene|Hatterene, F|100\/100\n|\n|-weather|SunnyDay|[upkeep]\n|upkeep\n|turn|11\n|\n|t:|1699581103\n|move|p1a: Weezing|Will-O-Wisp|p2a: Hatterene\n|-status|p2a: Hatterene|brn\n|move|p2a: Hatterene|Mystical Fire|p1a: Weezing\n|-damage|p1a: Weezing|70\/100\n|-unboost|p1a: Weezing|spa|1\n|\n|-weather|SunnyDay|[upkeep]\n|-heal|p1a: Weezing|76\/100|[from] item: Leftovers\n|-damage|p2a: Hatterene|95\/100 brn|[from] brn\n|upkeep\n|turn|12\n|\n|t:|1699581117\n|move|p1a: Weezing|Pain Split|p2a: Hatterene\n|-sethp|p2a: Hatterene|87\/100 brn|[from] move: Pain Split|[silent]\n|-sethp|p1a: Weezing|83\/100|[from] move: Pain Split\n|move|p2a: Hatterene|Nuzzle|p1a: Weezing\n|-damage|p1a: Weezing|81\/100\n|-status|p1a: Weezing|par\n|\n|-weather|SunnyDay|[upkeep]\n|-heal|p1a: Weezing|87\/100 par|[from] item: Leftovers\n|-damage|p2a: Hatterene|81\/100 brn|[from] brn\n|upkeep\n|turn|13\n|\n|t:|1699581134\n|move|p2a: Hatterene|Nuzzle|p1a: Weezing\n|-damage|p1a: Weezing|86\/100 par\n|move|p1a: Weezing|Pain Split|p2a: Hatterene\n|-sethp|p2a: Hatterene|86\/100 brn|[from] move: Pain Split|[silent]\n|-sethp|p1a: Weezing|82\/100 par|[from] move: Pain Split\n|\n|-weather|SunnyDay|[upkeep]\n|-heal|p1a: Weezing|88\/100 par|[from] item: Leftovers\n|-damage|p2a: Hatterene|80\/100 brn|[from] brn\n|upkeep\n|turn|14\n|c|\u2606fkmyluck|ATTACKK MEEE\n|c|\u2606qewt|naurr\n|\n|t:|1699581148\n|move|p2a: Hatterene|Mystical Fire|p1a: Weezing\n|-damage|p1a: Weezing|57\/100 par\n|-unboost|p1a: Weezing|spa|1\n|move|p1a: Weezing|Strange Steam|p2a: Hatterene|[miss]\n|-miss|p1a: Weezing|p2a: Hatterene\n|\n|-weather|SunnyDay|[upkeep]\n|-heal|p1a: Weezing|63\/100 par|[from] item: Leftovers\n|-damage|p2a: Hatterene|74\/100 brn|[from] brn\n|upkeep\n|turn|15\n|c|\u2606fkmyluck|bruh\n|c|\u2606fkmyluck|LMAO\n|\n|t:|1699581155\n|move|p2a: Hatterene|Mystical Fire|p1a: Weezing\n|-damage|p1a: Weezing|31\/100 par\n|-unboost|p1a: Weezing|spa|1\n|cant|p1a: Weezing|par\n|\n|-weather|SunnyDay|[upkeep]\n|-heal|p1a: Weezing|37\/100 par|[from] item: Leftovers\n|-damage|p2a: Hatterene|68\/100 brn|[from] brn\n|upkeep\n|turn|16\n|\n|t:|1699581158\n|move|p2a: Hatterene|Mystical Fire|p1a: Weezing\n|-damage|p1a: Weezing|4\/100 par\n|-unboost|p1a: Weezing|spa|1\n|move|p1a: Weezing|Pain Split|p2a: Hatterene\n|-sethp|p2a: Hatterene|36\/100 brn|[from] move: Pain Split|[silent]\n|-sethp|p1a: Weezing|34\/100 par|[from] move: Pain Split\n|\n|-weather|none\n|-heal|p1a: Weezing|40\/100 par|[from] item: Leftovers\n|-damage|p2a: Hatterene|30\/100 brn|[from] brn\n|upkeep\n|turn|17\n|c|\u2606qewt|HELP\n|\n|t:|1699581166\n|switch|p2a: Torkoal|Torkoal, F|100\/100\n|-end|p1a: Weezing|ability: Neutralizing Gas\n|-weather|SunnyDay|[from] ability: Drought|[of] p2a: Torkoal\n|switch|p1a: Urshifu|Urshifu-Rapid-Strike, M|100\/100\n|\n|-weather|SunnyDay|[upkeep]\n|upkeep\n|turn|18\n|\n|t:|1699581173\n|switch|p2a: Landorus|Landorus-Therian, M|26\/100\n|-ability|p2a: Landorus|Intimidate|boost\n|-unboost|p1a: Urshifu|atk|1\n|-terastallize|p1a: Urshifu|Water\n|move|p1a: Urshifu|Surging Strikes|p2a: Landorus\n|-supereffective|p2a: Landorus\n|-crit|p2a: Landorus\n|-damage|p2a: Landorus|0 fnt\n|faint|p2a: Landorus\n|-hitcount|p2: Landorus|1\n|\n|-weather|SunnyDay|[upkeep]\n|upkeep\n|\n|t:|1699581175\n|switch|p2a: Alomomola|Alomomola, F|60\/100\n|turn|19\n|\n|t:|1699581180\n|switch|p1a: Weezing|Weezing-Galar, F, shiny|40\/100 par\n|-ability|p1a: Weezing|Neutralizing Gas\n|move|p2a: Alomomola|Flip Turn|p1a: Weezing\n|-damage|p1a: Weezing|34\/100 par\n|\n|t:|1699581183\n|switch|p2a: Moltres|Moltres, tera:Fire|100\/100|[from] Flip Turn\n|\n|-weather|SunnyDay|[upkeep]\n|-heal|p1a: Weezing|40\/100 par|[from] item: Leftovers\n|upkeep\n|turn|20\n|\n|t:|1699581190\n|move|p2a: Moltres|Burn Up|p1a: Weezing\n|-damage|p1a: Weezing|0 fnt\n|-start|p2a: Moltres|typechange|Fire|[from] move: Burn Up\n|faint|p1a: Weezing\n|-end|p1a: Weezing|ability: Neutralizing Gas\n|\n|-weather|SunnyDay|[upkeep]\n|upkeep\n|\n|t:|1699581192\n|switch|p1a: Urshifu|Urshifu-Rapid-Strike, M, tera:Water|100\/100\n|turn|21\n|\n|t:|1699581195\n|switch|p2a: Alomomola|Alomomola, F|60\/100\n|move|p1a: Urshifu|Surging Strikes|p2a: Alomomola\n|-resisted|p2a: Alomomola\n|-crit|p2a: Alomomola\n|-damage|p2a: Alomomola|56\/100\n|-resisted|p2a: Alomomola\n|-crit|p2a: Alomomola\n|-damage|p2a: Alomomola|53\/100\n|-resisted|p2a: Alomomola\n|-crit|p2a: Alomomola\n|-damage|p2a: Alomomola|49\/100\n|-hitcount|p2a: Alomomola|3\n|\n|-weather|SunnyDay|[upkeep]\n|upkeep\n|turn|22\n|\n|t:|1699581201\n|switch|p1a: Ferrothorn|Ferrothorn, F, shiny|100\/100\n|move|p2a: Alomomola|Flip Turn|p1a: Ferrothorn\n|-resisted|p1a: Ferrothorn\n|-damage|p1a: Ferrothorn|98\/100\n|-damage|p2a: Alomomola|36\/100|[from] ability: Iron Barbs|[of] p1a: Ferrothorn\n|\n|t:|1699581205\n|switch|p2a: Moltres|Moltres, tera:Fire|100\/100|[from] Flip Turn\n|\n|-weather|SunnyDay|[upkeep]\n|-heal|p1a: Ferrothorn|100\/100|[from] item: Leftovers\n|upkeep\n|turn|23\n|\n|t:|1699581209\n|move|p2a: Moltres|Burn Up|p1a: Ferrothorn\n|-supereffective|p1a: Ferrothorn\n|-damage|p1a: Ferrothorn|0 fnt\n|-start|p2a: Moltres|typechange|Fire|[from] move: Burn Up\n|faint|p1a: Ferrothorn\n|\n|-weather|SunnyDay|[upkeep]\n|upkeep\n|\n|t:|1699581212\n|switch|p1a: Urshifu|Urshifu-Rapid-Strike, M, tera:Water|100\/100\n|turn|24\n|\n|t:|1699581216\n|switch|p2a: Hatterene|Hatterene, F|30\/100 brn\n|move|p1a: Urshifu|Surging Strikes|p2a: Hatterene\n|-crit|p2a: Hatterene\n|-damage|p2a: Hatterene|17\/100 brn\n|-crit|p2a: Hatterene\n|-damage|p2a: Hatterene|4\/100 brn\n|-crit|p2a: Hatterene\n|-damage|p2a: Hatterene|0 fnt\n|faint|p2a: Hatterene\n|-hitcount|p2: Hatterene|3\n|\n|-weather|none\n|upkeep\n|\n|t:|1699581218\n|switch|p2a: Torkoal|Torkoal, F|100\/100\n|-weather|SunnyDay|[from] ability: Drought|[of] p2a: Torkoal\n|turn|25\n|c|\u2606qewt|that moltres is such a menace omg\n|\n|t:|1699581225\n|move|p1a: Urshifu|Surging Strikes|p2a: Torkoal\n|-supereffective|p2a: Torkoal\n|-crit|p2a: Torkoal\n|-damage|p2a: Torkoal|85\/100\n|-supereffective|p2a: Torkoal\n|-crit|p2a: Torkoal\n|-damage|p2a: Torkoal|69\/100\n|-supereffective|p2a: Torkoal\n|-crit|p2a: Torkoal\n|-damage|p2a: Torkoal|53\/100\n|-hitcount|p2a: Torkoal|3\n|move|p2a: Torkoal|Yawn|p1a: Urshifu\n|-start|p1a: Urshifu|move: Yawn|[of] p2a: Torkoal\n|\n|-weather|SunnyDay|[upkeep]\n|upkeep\n|turn|26\n|c|\u2606fkmyluck|lmao\n|\n|t:|1699581229\n|switch|p1a: Aegislash|Aegislash, F, shiny|56\/100\n|move|p2a: Torkoal|Yawn|p1a: Aegislash\n|-start|p1a: Aegislash|move: Yawn|[of] p2a: Torkoal\n|\n|-weather|SunnyDay|[upkeep]\n|upkeep\n|turn|27\n|\n|t:|1699581231\n|switch|p2a: Moltres|Moltres, tera:Fire|100\/100\n|-formechange|p1a: Aegislash|Aegislash-Blade||[from] ability: Stance Change\n|move|p1a: Aegislash|Shadow Ball|p2a: Moltres\n|-damage|p2a: Moltres|21\/100\n|\n|-weather|SunnyDay|[upkeep]\n|-end|p1a: Aegislash|move: Yawn|[silent]\n|-status|p1a: Aegislash|slp\n|upkeep\n|turn|28\n|\n|t:|1699581235\n|cant|p1a: Aegislash|slp\n|move|p2a: Moltres|Burn Up|p1a: Aegislash\n|-supereffective|p1a: Aegislash\n|-damage|p1a: Aegislash|0 fnt\n|-start|p2a: Moltres|typechange|Fire|[from] move: Burn Up\n|faint|p1a: Aegislash\n|\n|-weather|SunnyDay|[upkeep]\n|upkeep\n|\n|t:|1699581237\n|switch|p1a: Urshifu|Urshifu-Rapid-Strike, M, tera:Water|100\/100\n|turn|29\n|\n|t:|1699581239\n|move|p1a: Urshifu|Surging Strikes|p2a: Moltres\n|-supereffective|p2a: Moltres\n|-crit|p2a: Moltres\n|-damage|p2a: Moltres|0 fnt\n|faint|p2a: Moltres\n|-hitcount|p2: Moltres|1\n|\n|-weather|SunnyDay|[upkeep]\n|upkeep\n|\n|t:|1699581241\n|switch|p2a: Alomomola|Alomomola, F|70\/100\n|turn|30\n|\n|t:|1699581244\n|move|p1a: Urshifu|Surging Strikes|p2a: Alomomola\n|-resisted|p2a: Alomomola\n|-crit|p2a: Alomomola\n|-damage|p2a: Alomomola|66\/100\n|-resisted|p2a: Alomomola\n|-crit|p2a: Alomomola\n|-damage|p2a: Alomomola|63\/100\n|-resisted|p2a: Alomomola\n|-crit|p2a: Alomomola\n|-damage|p2a: Alomomola|59\/100\n|-hitcount|p2a: Alomomola|3\n|move|p2a: Alomomola|Toxic|p1a: Urshifu\n|-status|p1a: Urshifu|tox\n|\n|-weather|SunnyDay|[upkeep]\n|-damage|p1a: Urshifu|94\/100 tox|[from] psn\n|upkeep\n|turn|31\n|c|\u2606fkmyluck|gg\n|\n|t:|1699581246\n|move|p1a: Urshifu|Surging Strikes|p2a: Alomomola\n|-resisted|p2a: Alomomola\n|-crit|p2a: Alomomola\n|-damage|p2a: Alomomola|56\/100\n|-resisted|p2a: Alomomola\n|-crit|p2a: Alomomola\n|-damage|p2a: Alomomola|52\/100\n|-resisted|p2a: Alomomola\n|-crit|p2a: Alomomola\n|-damage|p2a: Alomomola|48\/100\n|-hitcount|p2a: Alomomola|3\n|move|p2a: Alomomola|Toxic|p1a: Urshifu\n|-fail|p1a: Urshifu|tox\n|\n|-weather|SunnyDay|[upkeep]\n|-damage|p1a: Urshifu|82\/100 tox|[from] psn\n|upkeep\n|turn|32\n|c|\u2606qewt|nword\n|\n|t:|1699581252\n|move|p1a: Urshifu|Surging Strikes|p2a: Alomomola\n|-resisted|p2a: Alomomola\n|-crit|p2a: Alomomola\n|-damage|p2a: Alomomola|45\/100\n|-resisted|p2a: Alomomola\n|-crit|p2a: Alomomola\n|-damage|p2a: Alomomola|41\/100\n|-resisted|p2a: Alomomola\n|-crit|p2a: Alomomola\n|-damage|p2a: Alomomola|38\/100\n|-hitcount|p2a: Alomomola|3\n|move|p2a: Alomomola|Wish|p2a: Alomomola\n|\n|-weather|none\n|-damage|p1a: Urshifu|64\/100 tox|[from] psn\n|upkeep\n|turn|33\n|c|\u2606fkmyluck|hehehe\n|-message|qewt forfeited.\n|\n|win|fkmyluck\n|l|\u2606qewt\n","uploadtime":1699581267,"views":9,"p1id":"qewt","p2id":"fkmyluck","formatid":"gen9nationaldex","rating":0,"private":0,"password":""}