{"id":"gen9nationaldex-1995184748","p1":"seraphz","p2":"hidin","format":"[Gen 9] National Dex","log":"|html|<div class=\"broadcast-blue\"><strong>[Gen 9] National Dex is currently suspecting Sneasler! For information on how to participate check out the <a href=\"https:\/\/www.smogon.com\/forums\/threads\/sv-national-dex-suspect-8-just-dance.3731534\/\">suspect thread<\/a>.<\/strong><\/div>\n|j|\u2606seraphz\n|j|\u2606hidin\n|t:|1700532082\n|gametype|singles\n|player|p1|seraphz|#ptplivdazzlingdiancies|\n|player|p2|hidin|#capplixvenomicons|\n|teamsize|p1|6\n|teamsize|p2|6\n|gen|9\n|tier|[Gen 9] National Dex\n|rule|HP Percentage Mod: HP is shown in percentages\n|rule|Endless Battle Clause: Forcing endless battles is banned\n|rule|OHKO Clause: OHKO moves are banned\n|rule|Evasion Clause: Evasion abilities, items, and moves are banned\n|rule|Evasion Abilities Clause: Evasion abilities are banned\n|rule|Evasion Items Clause: Evasion items are banned\n|rule|Evasion Moves Clause: Evasion moves are banned\n|rule|Species Clause: Limit one of each Pok\u00e9mon\n|rule|Sleep Clause Mod: Limit one foe put to sleep\n|clearpoke\n|poke|p1|Garganacl, M|\n|poke|p1|Tornadus-Therian, M|\n|poke|p1|Charizard, F|\n|poke|p1|Toxapex, M|\n|poke|p1|Ogerpon-Cornerstone, F|\n|poke|p1|Iron Valiant|\n|poke|p2|Garganacl, F|\n|poke|p2|Heatran, M|\n|poke|p2|Latias, F|\n|poke|p2|Clefable, M|\n|poke|p2|Zamazenta-*|\n|poke|p2|Clodsire, F|\n|teampreview\n|inactive|Battle timer is ON: inactive players will automatically lose when time's up. (requested by hidin)\n|c|\u2606seraphz|Hf\n|c|\u2606hidin|u2\n|inactive|seraphz has 270 seconds left.\n|\n|t:|1700532134\n|start\n|switch|p1a: Ogerpon|Ogerpon-Cornerstone, F|100\/100\n|switch|p2a: Clefable|Clefable, M|100\/100\n|turn|1\n|inactive|hidin has 270 seconds left.\n|\n|t:|1700532166\n|move|p1a: Ogerpon|Spikes|p2a: Clefable\n|-sidestart|p2: hidin|Spikes\n|move|p2a: Clefable|Stealth Rock|p1a: Ogerpon\n|-sidestart|p1: seraphz|move: Stealth Rock\n|\n|upkeep\n|turn|2\n|inactive|hidin has 270 seconds left.\n|inactive|seraphz has 270 seconds left.\n|inactive|hidin has 240 seconds left.\n|\n|t:|1700532217\n|switch|p2a: Zamazenta|Zamazenta|100\/100\n|-ability|p2a: Zamazenta|Dauntless Shield|boost\n|-boost|p2a: Zamazenta|def|1\n|move|p1a: Ogerpon|Spikes|p2a: Zamazenta\n|-sidestart|p2: hidin|Spikes\n|\n|upkeep\n|turn|3\n|inactive|hidin has 240 seconds left.\n|\n|t:|1700532227\n|move|p2a: Zamazenta|Close Combat|p1a: Ogerpon\n|-supereffective|p1a: Ogerpon\n|-ability|p1a: Ogerpon|Sturdy\n|-damage|p1a: Ogerpon|1\/100\n|-unboost|p2a: Zamazenta|def|1\n|-unboost|p2a: Zamazenta|spd|1\n|move|p1a: Ogerpon|Spikes|p2a: Zamazenta\n|-sidestart|p2: hidin|Spikes\n|\n|upkeep\n|turn|4\n|\n|t:|1700532239\n|switch|p1a: Toxapex|Toxapex, M|100\/100\n|move|p2a: Zamazenta|Crunch|p1a: Toxapex\n|-damage|p1a: Toxapex|84\/100\n|\n|upkeep\n|turn|5\n|\n|t:|1700532249\n|switch|p2a: Clefable|Clefable, M|100\/100\n|move|p1a: Toxapex|Scald|p2a: Clefable\n|-damage|p2a: Clefable|84\/100\n|-status|p2a: Clefable|brn\n|\n|upkeep\n|turn|6\n|\n|t:|1700532264\n|switch|p1a: Tornadus|Tornadus-Therian, M|100\/100\n|-damage|p1a: Tornadus|75\/100|[from] Stealth Rock\n|move|p2a: Clefable|Knock Off|p1a: Tornadus\n|-damage|p1a: Tornadus|68\/100\n|\n|upkeep\n|turn|7\n|inactive|hidin has 270 seconds left.\n|inactive|seraphz has 240 seconds left.\n|\n|t:|1700532292\n|switch|p2a: Heatran|Heatran, M|100\/100\n|-damage|p2a: Heatran|76\/100|[from] Spikes\n|move|p1a: Tornadus|Nasty Plot|p1a: Tornadus\n|-boost|p1a: Tornadus|spa|2\n|\n|-heal|p2a: Heatran|82\/100|[from] item: Leftovers\n|upkeep\n|turn|8\n|inactive|seraphz has 240 seconds left.\n|inactive|hidin has 270 seconds left.\n|inactive|seraphz has 210 seconds left.\n|inactive|hidin has 240 seconds left.\n|\n|t:|1700532340\n|switch|p2a: Garganacl|Garganacl, F|100\/100\n|-damage|p2a: Garganacl|76\/100|[from] Spikes\n|move|p1a: Tornadus|Focus Blast|p2a: Garganacl\n|-supereffective|p2a: Garganacl\n|-damage|p2a: Garganacl|0 fnt\n|faint|p2a: Garganacl\n|\n|upkeep\n|\n|t:|1700532343\n|switch|p2a: Zamazenta|Zamazenta|100\/100\n|turn|9\n|\n|t:|1700532350\n|switch|p1a: Toxapex|Toxapex, M|100\/100\n|move|p2a: Zamazenta|Stone Edge|p1a: Toxapex|[miss]\n|-miss|p2a: Zamazenta|p1a: Toxapex\n|\n|upkeep\n|turn|10\n|inactive|seraphz has 210 seconds left.\n|\n|t:|1700532368\n|switch|p2a: Heatran|Heatran, M|82\/100\n|-damage|p2a: Heatran|57\/100|[from] Spikes\n|switch|p1a: Tornadus|Tornadus-Therian, M|100\/100\n|-damage|p1a: Tornadus|75\/100|[from] Stealth Rock\n|\n|-heal|p2a: Heatran|63\/100|[from] item: Leftovers\n|upkeep\n|turn|11\n|inactive|seraphz has 210 seconds left.\n|\n|t:|1700532384\n|switch|p1a: Garganacl|Garganacl, M|100\/100\n|-damage|p1a: Garganacl|88\/100|[from] Stealth Rock\n|move|p2a: Heatran|Magma Storm|p1a: Garganacl|[miss]\n|-miss|p2a: Heatran|p1a: Garganacl\n|\n|-heal|p2a: Heatran|69\/100|[from] item: Leftovers\n|-heal|p1a: Garganacl|94\/100|[from] item: Leftovers\n|upkeep\n|turn|12\n|inactive|seraphz has 210 seconds left.\n|\n|t:|1700532395\n|switch|p2a: Clefable|Clefable, M|84\/100 brn\n|move|p1a: Garganacl|Stealth Rock|p2a: Clefable\n|-sidestart|p2: hidin|move: Stealth Rock\n|\n|-heal|p1a: Garganacl|100\/100|[from] item: Leftovers\n|upkeep\n|turn|13\n|inactive|seraphz has 210 seconds left.\n|\n|t:|1700532401\n|switch|p2a: Clodsire|Clodsire, F|100\/100\n|switch|p1a: Tornadus|Tornadus-Therian, M|100\/100\n|-damage|p1a: Tornadus|75\/100|[from] Stealth Rock\n|\n|upkeep\n|turn|14\n|inactive|seraphz has 210 seconds left.\n|\n|t:|1700532430\n|move|p1a: Tornadus|Taunt|p2a: Clodsire\n|-start|p2a: Clodsire|move: Taunt\n|move|p2a: Clodsire|Poison Jab|p1a: Tornadus\n|-damage|p1a: Tornadus|48\/100\n|-status|p1a: Tornadus|psn\n|\n|-damage|p1a: Tornadus|36\/100 psn|[from] psn\n|upkeep\n|turn|15\n|\n|t:|1700532441\n|switch|p1a: Garganacl|Garganacl, M|100\/100\n|-damage|p1a: Garganacl|88\/100|[from] Stealth Rock\n|move|p2a: Clodsire|Earthquake|p1a: Garganacl\n|-supereffective|p1a: Garganacl\n|-damage|p1a: Garganacl|48\/100\n|\n|-heal|p1a: Garganacl|54\/100|[from] item: Leftovers\n|upkeep\n|turn|16\n|\n|t:|1700532449\n|move|p1a: Garganacl|Recover|p1a: Garganacl\n|-heal|p1a: Garganacl|100\/100\n|move|p2a: Clodsire|Earthquake|p1a: Garganacl\n|-supereffective|p1a: Garganacl\n|-damage|p1a: Garganacl|60\/100\n|\n|-heal|p1a: Garganacl|67\/100|[from] item: Leftovers\n|-end|p2a: Clodsire|move: Taunt\n|upkeep\n|turn|17\n|\n|t:|1700532454\n|switch|p2a: Clefable|Clefable, M|84\/100 brn\n|move|p1a: Garganacl|Salt Cure|p2a: Clefable\n|-damage|p2a: Clefable|74\/100 brn\n|-start|p2a: Clefable|Salt Cure\n|\n|-heal|p1a: Garganacl|73\/100|[from] item: Leftovers\n|upkeep\n|turn|18\n|inactive|seraphz has 210 seconds left.\n|\n|t:|1700532472\n|move|p2a: Clefable|Moonblast|p1a: Garganacl\n|-damage|p1a: Garganacl|52\/100\n|move|p1a: Garganacl|Salt Cure|p2a: Clefable\n|-damage|p2a: Clefable|62\/100 brn\n|\n|-heal|p1a: Garganacl|59\/100|[from] item: Leftovers\n|upkeep\n|turn|19\n|\n|t:|1700532476\n|move|p2a: Clefable|Moonblast|p1a: Garganacl\n|-damage|p1a: Garganacl|39\/100\n|move|p1a: Garganacl|Salt Cure|p2a: Clefable\n|-damage|p2a: Clefable|52\/100 brn\n|\n|-heal|p1a: Garganacl|45\/100|[from] item: Leftovers\n|upkeep\n|turn|20\n|\n|t:|1700532479\n|move|p2a: Clefable|Knock Off|p1a: Garganacl\n|-crit|p1a: Garganacl\n|-damage|p1a: Garganacl|37\/100\n|-enditem|p1a: Garganacl|Leftovers|[from] move: Knock Off|[of] p2a: Clefable\n|move|p1a: Garganacl|Recover|p1a: Garganacl\n|-heal|p1a: Garganacl|87\/100\n|\n|upkeep\n|turn|21\n|\n|t:|1700532482\n|move|p2a: Clefable|Soft-Boiled|p2a: Clefable\n|-heal|p2a: Clefable|100\/100 brn\n|move|p1a: Garganacl|Salt Cure|p2a: Clefable\n|-damage|p2a: Clefable|89\/100 brn\n|\n|upkeep\n|turn|22\n|\n|t:|1700532486\n|switch|p1a: Ogerpon|Ogerpon-Cornerstone, F|1\/100\n|-damage|p1a: Ogerpon|0 fnt|[from] Stealth Rock\n|faint|p1a: Ogerpon\n|move|p2a: Clefable|Moonblast|p1: Ogerpon|[notarget]\n|-fail|p2a: Clefable\n|\n|upkeep\n|\n|t:|1700532488\n|switch|p1a: Charizard|Charizard, F|100\/100\n|-damage|p1a: Charizard|51\/100|[from] Stealth Rock\n|turn|23\n|\n|t:|1700532493\n|switch|p2a: Heatran|Heatran, M|69\/100\n|-damage|p2a: Heatran|44\/100|[from] Spikes\n|-damage|p2a: Heatran|32\/100|[from] Stealth Rock\n|detailschange|p1a: Charizard|Charizard-Mega-X, F\n|-mega|p1a: Charizard|Charizard|Charizardite X\n|move|p1a: Charizard|Roost|p1a: Charizard\n|-heal|p1a: Charizard|100\/100\n|-singleturn|p1a: Charizard|move: Roost\n|\n|-heal|p2a: Heatran|38\/100|[from] item: Leftovers\n|upkeep\n|turn|24\n|\n|t:|1700532501\n|move|p1a: Charizard|Dragon Dance|p1a: Charizard\n|-boost|p1a: Charizard|atk|1\n|-boost|p1a: Charizard|spe|1\n|move|p2a: Heatran|Toxic|p1a: Charizard\n|-status|p1a: Charizard|tox\n|\n|-heal|p2a: Heatran|44\/100|[from] item: Leftovers\n|-damage|p1a: Charizard|94\/100 tox|[from] psn\n|upkeep\n|turn|25\n|\n|t:|1700532506\n|move|p1a: Charizard|Dragon Claw|p2a: Heatran\n|-resisted|p2a: Heatran\n|-damage|p2a: Heatran|9\/100\n|move|p2a: Heatran|Earth Power|p1a: Charizard\n|-supereffective|p1a: Charizard\n|-damage|p1a: Charizard|32\/100 tox\n|\n|-heal|p2a: Heatran|15\/100|[from] item: Leftovers\n|-damage|p1a: Charizard|20\/100 tox|[from] psn\n|upkeep\n|turn|26\n|inactive|seraphz has 270 seconds left.\n|\n|t:|1700532535\n|switch|p2a: Clefable|Clefable, M|89\/100 brn\n|move|p1a: Charizard|Dragon Claw|p2a: Clefable\n|-immune|p2a: Clefable\n|\n|-damage|p1a: Charizard|2\/100 tox|[from] psn\n|upkeep\n|turn|27\n|\n|t:|1700532543\n|move|p1a: Charizard|Roost|p1a: Charizard\n|-heal|p1a: Charizard|52\/100 tox\n|-singleturn|p1a: Charizard|move: Roost\n|move|p2a: Clefable|Moonblast|p1a: Charizard\n|-damage|p1a: Charizard|9\/100 tox\n|\n|-damage|p1a: Charizard|0 fnt|[from] psn\n|faint|p1a: Charizard\n|upkeep\n|\n|t:|1700532553\n|switch|p1a: Tornadus|Tornadus-Therian, M|69\/100 psn\n|-damage|p1a: Tornadus|44\/100 psn|[from] Stealth Rock\n|turn|28\n|\n|t:|1700532565\n|switch|p1a: Garganacl|Garganacl, M|87\/100\n|-damage|p1a: Garganacl|75\/100|[from] Stealth Rock\n|switch|p2a: Heatran|Heatran, M|15\/100\n|-damage|p2a: Heatran|0 fnt|[from] Spikes\n|faint|p2a: Heatran\n|\n|upkeep\n|\n|t:|1700532570\n|switch|p2a: Clefable|Clefable, M|89\/100 brn\n|turn|29\n|\n|t:|1700532578\n|move|p2a: Clefable|Moonblast|p1a: Garganacl\n|-damage|p1a: Garganacl|54\/100\n|move|p1a: Garganacl|Salt Cure|p2a: Clefable\n|-damage|p2a: Clefable|77\/100 brn\n|-start|p2a: Clefable|Salt Cure\n|\n|upkeep\n|turn|30\n|\n|t:|1700532580\n|move|p2a: Clefable|Moonblast|p1a: Garganacl\n|-damage|p1a: Garganacl|35\/100\n|-unboost|p1a: Garganacl|spa|1\n|move|p1a: Garganacl|Salt Cure|p2a: Clefable\n|-damage|p2a: Clefable|66\/100 brn\n|\n|upkeep\n|turn|31\n|\n|t:|1700532583\n|move|p2a: Clefable|Moonblast|p1a: Garganacl\n|-damage|p1a: Garganacl|14\/100\n|-unboost|p1a: Garganacl|spa|1\n|move|p1a: Garganacl|Recover|p1a: Garganacl\n|-heal|p1a: Garganacl|64\/100\n|\n|upkeep\n|turn|32\n|\n|t:|1700532586\n|move|p2a: Clefable|Moonblast|p1a: Garganacl\n|-damage|p1a: Garganacl|43\/100\n|move|p1a: Garganacl|Salt Cure|p2a: Clefable\n|-damage|p2a: Clefable|56\/100 brn\n|\n|upkeep\n|turn|33\n|\n|t:|1700532588\n|move|p2a: Clefable|Moonblast|p1a: Garganacl\n|-damage|p1a: Garganacl|22\/100\n|-unboost|p1a: Garganacl|spa|1\n|move|p1a: Garganacl|Recover|p1a: Garganacl\n|-heal|p1a: Garganacl|72\/100\n|\n|upkeep\n|turn|34\n|\n|t:|1700532590\n|move|p2a: Clefable|Moonblast|p1a: Garganacl\n|-damage|p1a: Garganacl|50\/100\n|move|p1a: Garganacl|Salt Cure|p2a: Clefable\n|-damage|p2a: Clefable|46\/100 brn\n|\n|upkeep\n|turn|35\n|\n|t:|1700532593\n|move|p2a: Clefable|Moonblast|p1a: Garganacl\n|-damage|p1a: Garganacl|29\/100\n|move|p1a: Garganacl|Recover|p1a: Garganacl\n|-heal|p1a: Garganacl|79\/100\n|\n|upkeep\n|turn|36\n|\n|t:|1700532600\n|move|p2a: Clefable|Soft-Boiled|p2a: Clefable\n|-heal|p2a: Clefable|96\/100 brn\n|move|p1a: Garganacl|Salt Cure|p2a: Clefable\n|-damage|p2a: Clefable|86\/100 brn\n|\n|upkeep\n|turn|37\n|\n|t:|1700532605\n|move|p1a: Garganacl|Protect|p1a: Garganacl\n|-singleturn|p1a: Garganacl|Protect\n|move|p2a: Clefable|Moonblast|p1a: Garganacl\n|-activate|p1a: Garganacl|move: Protect\n|\n|upkeep\n|turn|38\n|\n|t:|1700532608\n|move|p2a: Clefable|Moonblast|p1a: Garganacl\n|-damage|p1a: Garganacl|57\/100\n|-unboost|p1a: Garganacl|spa|1\n|move|p1a: Garganacl|Salt Cure|p2a: Clefable\n|-damage|p2a: Clefable|75\/100 brn\n|\n|upkeep\n|turn|39\n|\n|t:|1700532613\n|switch|p2a: Zamazenta|Zamazenta|100\/100\n|move|p1a: Garganacl|Protect||[still]\n|-fail|p1a: Garganacl\n|\n|upkeep\n|turn|40\n|\n|t:|1700532620\n|switch|p1a: Toxapex|Toxapex, M|100\/100\n|move|p2a: Zamazenta|Close Combat|p1a: Toxapex\n|-resisted|p1a: Toxapex\n|-damage|p1a: Toxapex|83\/100\n|-unboost|p2a: Zamazenta|def|1\n|-unboost|p2a: Zamazenta|spd|1\n|\n|upkeep\n|turn|41\n|\n|t:|1700532628\n|switch|p2a: Clodsire|Clodsire, F|100\/100\n|switch|p1a: Tornadus|Tornadus-Therian, M|77\/100 psn\n|-damage|p1a: Tornadus|52\/100 psn|[from] Stealth Rock\n|\n|-damage|p1a: Tornadus|40\/100 psn|[from] psn\n|upkeep\n|turn|42\n|\n|t:|1700532643\n|move|p1a: Tornadus|Nasty Plot|p1a: Tornadus\n|-boost|p1a: Tornadus|spa|2\n|move|p2a: Clodsire|Poison Jab|p1a: Tornadus\n|-damage|p1a: Tornadus|9\/100 psn\n|\n|-damage|p1a: Tornadus|0 fnt|[from] psn\n|faint|p1a: Tornadus\n|upkeep\n|\n|t:|1700532649\n|switch|p1a: Iron Valiant|Iron Valiant|100\/100\n|-damage|p1a: Iron Valiant|94\/100|[from] Stealth Rock\n|-enditem|p1a: Iron Valiant|Booster Energy\n|-activate|p1a: Iron Valiant|ability: Quark Drive|[fromitem]\n|-start|p1a: Iron Valiant|quarkdrivespe\n|turn|43\n|\n|t:|1700532654\n|move|p1a: Iron Valiant|Knock Off|p2a: Clodsire\n|-damage|p2a: Clodsire|66\/100\n|-enditem|p2a: Clodsire|Heavy-Duty Boots|[from] move: Knock Off|[of] p1a: Iron Valiant\n|move|p2a: Clodsire|Poison Jab|p1a: Iron Valiant\n|-supereffective|p1a: Iron Valiant\n|-damage|p1a: Iron Valiant|34\/100\n|-status|p1a: Iron Valiant|psn\n|\n|-damage|p1a: Iron Valiant|22\/100 psn|[from] psn\n|upkeep\n|turn|44\n|\n|t:|1700532659\n|move|p1a: Iron Valiant|Close Combat|p2a: Clodsire\n|-resisted|p2a: Clodsire\n|-damage|p2a: Clodsire|38\/100\n|-unboost|p1a: Iron Valiant|def|1\n|-unboost|p1a: Iron Valiant|spd|1\n|move|p2a: Clodsire|Recover|p2a: Clodsire\n|-heal|p2a: Clodsire|88\/100\n|\n|-damage|p1a: Iron Valiant|9\/100 psn|[from] psn\n|upkeep\n|turn|45\n|c|\u2606seraphz|Gg\n|c|\u2606hidin|ggs\n|-message|seraphz forfeited.\n|\n|win|hidin\n","uploadtime":1700532673,"views":2,"p1id":"seraphz","p2id":"hidin","formatid":"gen9nationaldex","rating":0,"private":0,"password":""}