{"id":"gen9nationaldex-1988398100","p1":"Bolanero","p2":"MrGoddessli","format":"[Gen 9] National Dex","log":"|j|\u2606Bolanero\n|j|\u2606MrGoddessli\n|t:|1699718468\n|gametype|singles\n|player|p1|Bolanero|102|1523\n|player|p2|MrGoddessli|iris-gen5bw2|1394\n|teamsize|p1|6\n|teamsize|p2|6\n|gen|9\n|tier|[Gen 9] National Dex\n|rated|\n|rule|HP Percentage Mod: HP is shown in percentages\n|rule|Endless Battle Clause: Forcing endless battles is banned\n|rule|OHKO Clause: OHKO moves are banned\n|rule|Evasion Clause: Evasion abilities, items, and moves are banned\n|rule|Evasion Abilities Clause: Evasion abilities are banned\n|rule|Evasion Items Clause: Evasion items are banned\n|rule|Evasion Moves Clause: Evasion moves are banned\n|rule|Species Clause: Limit one of each Pok\u00e9mon\n|rule|Sleep Clause Mod: Limit one foe put to sleep\n|clearpoke\n|poke|p1|Pelipper, F|\n|poke|p1|Blastoise, M|\n|poke|p1|Orthworm, F|\n|poke|p1|Zapdos|\n|poke|p1|Swampert, M|\n|poke|p1|Weavile, M|\n|poke|p2|Ninetales-Alola, M|\n|poke|p2|Rillaboom, M|\n|poke|p2|Greninja-*, M|\n|poke|p2|Volcarona, M|\n|poke|p2|Blaziken, M|\n|poke|p2|Kommo-o, M|\n|teampreview\n|\n|t:|1699718481\n|start\n|switch|p1a: Orthworm|Orthworm, F|100\/100\n|switch|p2a: Ninetales|Ninetales-Alola, M, shiny|100\/100\n|-weather|Snow|[from] ability: Snow Warning|[of] p2a: Ninetales\n|turn|1\n|\n|t:|1699718488\n|move|p2a: Ninetales|Aurora Veil|p2a: Ninetales\n|-sidestart|p2: MrGoddessli|move: Aurora Veil\n|move|p1a: Orthworm|Spikes|p2a: Ninetales\n|-sidestart|p2: MrGoddessli|Spikes\n|\n|-weather|Snow|[upkeep]\n|upkeep\n|turn|2\n|\n|t:|1699718493\n|switch|p2a: Kommo-o|Kommo-o, M|100\/100\n|-damage|p2a: Kommo-o|88\/100|[from] Spikes\n|move|p1a: Orthworm|Wrap|p2a: Kommo-o\n|-damage|p2a: Kommo-o|87\/100\n|-activate|p2a: Kommo-o|move: Wrap|[of] p1a: Orthworm\n|\n|-weather|Snow|[upkeep]\n|-damage|p2a: Kommo-o|74\/100|[from] move: Wrap|[partiallytrapped]\n|upkeep\n|turn|3\n|\n|t:|1699718504\n|-zpower|p2a: Kommo-o\n|move|p2a: Kommo-o|Clangorous Soulblaze|p1a: Orthworm|[zeffect]\n|-resisted|p1a: Orthworm\n|-damage|p1a: Orthworm|57\/100\n|-boost|p2a: Kommo-o|atk|1\n|-boost|p2a: Kommo-o|def|1\n|-boost|p2a: Kommo-o|spa|1\n|-boost|p2a: Kommo-o|spd|1\n|-boost|p2a: Kommo-o|spe|1\n|move|p1a: Orthworm|Iron Defense|p1a: Orthworm\n|-boost|p1a: Orthworm|def|2\n|\n|-weather|Snow|[upkeep]\n|-heal|p1a: Orthworm|64\/100|[from] item: Leftovers\n|-damage|p2a: Kommo-o|62\/100|[from] move: Wrap|[partiallytrapped]\n|upkeep\n|turn|4\n|\n|t:|1699718520\n|move|p2a: Kommo-o|Taunt|p1a: Orthworm\n|-start|p1a: Orthworm|move: Taunt\n|cant|p1a: Orthworm|move: Taunt|Spikes\n|\n|-weather|Snow|[upkeep]\n|-heal|p1a: Orthworm|70\/100|[from] item: Leftovers\n|-damage|p2a: Kommo-o|50\/100|[from] move: Wrap|[partiallytrapped]\n|upkeep\n|turn|5\n|\n|t:|1699718528\n|move|p2a: Kommo-o|Clanging Scales|p1a: Orthworm\n|-resisted|p1a: Orthworm\n|-crit|p1a: Orthworm\n|-damage|p1a: Orthworm|6\/100\n|-unboost|p2a: Kommo-o|def|1\n|move|p1a: Orthworm|Body Press|p2a: Kommo-o\n|-damage|p2a: Kommo-o|26\/100\n|\n|-weather|none\n|-heal|p1a: Orthworm|12\/100|[from] item: Leftovers\n|-damage|p2a: Kommo-o|14\/100|[from] move: Wrap|[partiallytrapped]\n|upkeep\n|turn|6\n|inactive|Battle timer is ON: inactive players will automatically lose when time's up. (requested by MrGoddessli)\n|\n|t:|1699718556\n|move|p2a: Kommo-o|Clanging Scales|p1a: Orthworm\n|-resisted|p1a: Orthworm\n|-damage|p1a: Orthworm|0 fnt\n|faint|p1a: Orthworm\n|-unboost|p2a: Kommo-o|def|1\n|\n|-end|p2a: Kommo-o|Wrap|[partiallytrapped]|[silent]\n|upkeep\n|\n|t:|1699718577\n|switch|p1a: Swampert|Swampert, M, shiny|100\/100\n|turn|7\n|\n|t:|1699718601\n|detailschange|p1a: Swampert|Swampert-Mega, M, shiny\n|-mega|p1a: Swampert|Swampert|Swampertite\n|move|p2a: Kommo-o|Clanging Scales|p1a: Swampert\n|-damage|p1a: Swampert|34\/100\n|-unboost|p2a: Kommo-o|def|1\n|move|p1a: Swampert|Stealth Rock|p2a: Kommo-o\n|-sidestart|p2: MrGoddessli|move: Stealth Rock\n|\n|upkeep\n|turn|8\n|\n|t:|1699718619\n|move|p2a: Kommo-o|Clanging Scales|p1a: Swampert\n|-damage|p1a: Swampert|0 fnt\n|faint|p1a: Swampert\n|-unboost|p2a: Kommo-o|def|1\n|\n|-sideend|p2: MrGoddessli|move: Aurora Veil\n|upkeep\n|\n|t:|1699718632\n|switch|p1a: Weavile|Weavile, M|100\/100\n|-ability|p1a: Weavile|Pressure\n|turn|9\n|\n|t:|1699718658\n|move|p1a: Weavile|Ice Shard|p2a: Kommo-o\n|-supereffective|p2a: Kommo-o\n|-damage|p2a: Kommo-o|0 fnt\n|faint|p2a: Kommo-o\n|\n|upkeep\n|inactive|MrGoddessli has 120 seconds left.\n|\n|t:|1699718671\n|switch|p2a: Ninetales|Ninetales-Alola, M, shiny|100\/100\n|-damage|p2a: Ninetales|88\/100|[from] Spikes\n|-damage|p2a: Ninetales|63\/100|[from] Stealth Rock\n|-weather|Snow|[from] ability: Snow Warning|[of] p2a: Ninetales\n|turn|10\n|\n|t:|1699718680\n|switch|p1a: Zapdos|Zapdos, shiny|100\/100\n|-terastallize|p2a: Ninetales|Steel\n|move|p2a: Ninetales|Aurora Veil|p2a: Ninetales\n|-sidestart|p2: MrGoddessli|move: Aurora Veil\n|\n|-weather|Snow|[upkeep]\n|upkeep\n|turn|11\n|\n|t:|1699718688\n|move|p2a: Ninetales|Blizzard|p1a: Zapdos\n|-supereffective|p1a: Zapdos\n|-damage|p1a: Zapdos|34\/100\n|move|p1a: Zapdos|Volt Switch|p2a: Ninetales\n|-damage|p2a: Ninetales|47\/100\n|\n|t:|1699718702\n|switch|p1a: Blastoise|Blastoise, M|100\/100|[from] Volt Switch\n|\n|-weather|Snow|[upkeep]\n|upkeep\n|turn|12\n|\n|t:|1699718708\n|move|p2a: Ninetales|Toxic|p1a: Blastoise\n|-status|p1a: Blastoise|tox\n|move|p1a: Blastoise|Shell Smash|p1a: Blastoise\n|-unboost|p1a: Blastoise|def|1\n|-unboost|p1a: Blastoise|spd|1\n|-boost|p1a: Blastoise|atk|2\n|-boost|p1a: Blastoise|spa|2\n|-boost|p1a: Blastoise|spe|2\n|\n|-weather|Snow|[upkeep]\n|-damage|p1a: Blastoise|94\/100 tox|[from] psn\n|upkeep\n|turn|13\n|\n|t:|1699718718\n|-zpower|p1a: Blastoise\n|move|p1a: Blastoise|Hydro Vortex|p2a: Ninetales|[zeffect]\n|-damage|p2a: Ninetales|0 fnt\n|faint|p2a: Ninetales\n|\n|-weather|Snow|[upkeep]\n|-damage|p1a: Blastoise|82\/100 tox|[from] psn\n|upkeep\n|\n|t:|1699718727\n|switch|p2a: Rillaboom|Rillaboom, M, shiny|100\/100\n|-damage|p2a: Rillaboom|88\/100|[from] Spikes\n|-damage|p2a: Rillaboom|75\/100|[from] Stealth Rock\n|-fieldstart|move: Grassy Terrain|[from] ability: Grassy Surge|[of] p2a: Rillaboom\n|turn|14\n|\n|t:|1699718734\n|switch|p1a: Zapdos|Zapdos, shiny|34\/100\n|move|p2a: Rillaboom|Grassy Glide|p1a: Zapdos\n|-resisted|p1a: Zapdos\n|-damage|p1a: Zapdos|2\/100\n|\n|-weather|none\n|-heal|p2a: Rillaboom|82\/100|[from] Grassy Terrain\n|upkeep\n|turn|15\n|\n|t:|1699718743\n|move|p2a: Rillaboom|Grassy Glide|p1a: Zapdos\n|-resisted|p1a: Zapdos\n|-damage|p1a: Zapdos|0 fnt\n|faint|p1a: Zapdos\n|\n|-heal|p2a: Rillaboom|88\/100|[from] Grassy Terrain\n|upkeep\n|\n|t:|1699718750\n|switch|p1a: Weavile|Weavile, M|100\/100\n|-ability|p1a: Weavile|Pressure\n|turn|16\n|\n|t:|1699718764\n|move|p2a: Rillaboom|Grassy Glide|p1a: Weavile\n|-damage|p1a: Weavile|0 fnt\n|faint|p1a: Weavile\n|\n|-heal|p2a: Rillaboom|94\/100|[from] Grassy Terrain\n|upkeep\n|-message|Bolanero forfeited.\n|\n|win|MrGoddessli\n|raw|Bolanero's rating: 1523 &rarr; <strong>1496<\/strong><br \/>(-27 for losing)\n|raw|MrGoddessli's rating: 1394 &rarr; <strong>1421<\/strong><br \/>(+27 for winning)\n|l|\u2606Bolanero\n","uploadtime":1699718777,"views":4,"p1id":"bolanero","p2id":"mrgoddessli","formatid":"gen9nationaldex","rating":1421,"private":0,"password":""}