{"id":"gen9nationaldex-1988409914","p1":"yueyibu","p2":"JeanPoche","format":"[Gen 9] National Dex","log":"|j|\u2606yueyibu\n|j|\u2606JeanPoche\n|t:|1699719845\n|gametype|singles\n|player|p1|yueyibu|n|1345\n|player|p2|JeanPoche|266|1295\n|teamsize|p1|6\n|teamsize|p2|6\n|gen|9\n|tier|[Gen 9] National Dex\n|rated|\n|rule|HP Percentage Mod: HP is shown in percentages\n|rule|Endless Battle Clause: Forcing endless battles is banned\n|rule|OHKO Clause: OHKO moves are banned\n|rule|Evasion Clause: Evasion abilities, items, and moves are banned\n|rule|Evasion Abilities Clause: Evasion abilities are banned\n|rule|Evasion Items Clause: Evasion items are banned\n|rule|Evasion Moves Clause: Evasion moves are banned\n|rule|Species Clause: Limit one of each Pok\u00e9mon\n|rule|Sleep Clause Mod: Limit one foe put to sleep\n|clearpoke\n|poke|p1|Sawsbuck-Winter, M|\n|poke|p1|Hitmonlee, M|\n|poke|p1|Araquanid, F|\n|poke|p1|Diancie|\n|poke|p1|Cinccino, F|\n|poke|p1|Infernape, F|\n|poke|p2|Gastrodon-East, M|\n|poke|p2|Corviknight, M|\n|poke|p2|Rhyperior, F|\n|poke|p2|Mimikyu, M|\n|poke|p2|Goodra-Hisui, F|\n|poke|p2|Tapu Koko|\n|teampreview\n|inactive|Battle timer is ON: inactive players will automatically lose when time's up. (requested by JeanPoche)\n|\n|t:|1699719911\n|start\n|switch|p1a: Infernape|Infernape, F|100\/100\n|switch|p2a: Tapu Koko|Tapu Koko|100\/100\n|-fieldstart|move: Electric Terrain|[from] ability: Electric Surge|[of] p2a: Tapu Koko\n|turn|1\n|\n|t:|1699719917\n|move|p2a: Tapu Koko|Thunderbolt|p1a: Infernape\n|-enditem|p1a: Infernape|Focus Sash\n|-damage|p1a: Infernape|1\/100\n|move|p1a: Infernape|Taunt|p2a: Tapu Koko\n|-start|p2a: Tapu Koko|move: Taunt\n|\n|upkeep\n|turn|2\n|\n|t:|1699719924\n|move|p2a: Tapu Koko|Thunderbolt|p1a: Infernape\n|-damage|p1a: Infernape|0 fnt\n|faint|p1a: Infernape\n|\n|upkeep\n|\n|t:|1699719929\n|switch|p1a: Diancie|Diancie|100\/100\n|turn|3\n|\n|t:|1699719937\n|switch|p2a: Rhyperior|Rhyperior, F|100\/100\n|detailschange|p1a: Diancie|Diancie-Mega\n|-mega|p1a: Diancie|Diancie|Diancite\n|move|p1a: Diancie|Diamond Storm|p2a: Rhyperior\n|-resisted|p2a: Rhyperior\n|-damage|p2a: Rhyperior|80\/100\n|\n|upkeep\n|turn|4\n|\n|t:|1699719948\n|switch|p1a: Araquanid|Araquanid, F|100\/100\n|move|p2a: Rhyperior|Earthquake|p1a: Araquanid\n|-resisted|p1a: Araquanid\n|-damage|p1a: Araquanid|65\/100\n|\n|upkeep\n|turn|5\n|\n|t:|1699719954\n|switch|p2a: Gastrodon|Gastrodon-East, M|100\/100\n|move|p1a: Araquanid|Scald|p2a: Gastrodon\n|-ability|p2a: Gastrodon|Storm Drain|boost\n|-boost|p2a: Gastrodon|spa|1\n|\n|-fieldend|move: Electric Terrain\n|upkeep\n|turn|6\n|\n|t:|1699719963\n|move|p1a: Araquanid|Toxic|p2a: Gastrodon\n|-status|p2a: Gastrodon|tox\n|move|p2a: Gastrodon|Toxic|p1a: Araquanid\n|-status|p1a: Araquanid|tox\n|\n|-damage|p1a: Araquanid|59\/100 tox|[from] psn\n|-damage|p2a: Gastrodon|94\/100 tox|[from] psn\n|upkeep\n|turn|7\n|\n|t:|1699719979\n|move|p1a: Araquanid|Infestation|p2a: Gastrodon\n|-damage|p2a: Gastrodon|88\/100 tox\n|-activate|p2a: Gastrodon|move: Infestation|[of] p1a: Araquanid\n|move|p2a: Gastrodon|Recover|p2a: Gastrodon\n|-heal|p2a: Gastrodon|100\/100 tox\n|\n|-damage|p1a: Araquanid|47\/100 tox|[from] psn\n|-damage|p2a: Gastrodon|88\/100 tox|[from] psn\n|-damage|p2a: Gastrodon|76\/100 tox|[from] move: Infestation|[partiallytrapped]\n|upkeep\n|turn|8\n|\n|t:|1699719984\n|move|p1a: Araquanid|Sticky Web|p2a: Gastrodon\n|-sidestart|p2: JeanPoche|move: Sticky Web\n|move|p2a: Gastrodon|Recover|p2a: Gastrodon\n|-heal|p2a: Gastrodon|100\/100 tox\n|\n|-damage|p1a: Araquanid|28\/100 tox|[from] psn\n|-damage|p2a: Gastrodon|82\/100 tox|[from] psn\n|-damage|p2a: Gastrodon|70\/100 tox|[from] move: Infestation|[partiallytrapped]\n|upkeep\n|turn|9\n|\n|t:|1699719991\n|move|p1a: Araquanid|Infestation|p2a: Gastrodon\n|-damage|p2a: Gastrodon|63\/100 tox\n|move|p2a: Gastrodon|Recover|p2a: Gastrodon\n|-heal|p2a: Gastrodon|100\/100 tox\n|\n|-damage|p1a: Araquanid|3\/100 tox|[from] psn\n|-damage|p2a: Gastrodon|76\/100 tox|[from] psn\n|-damage|p2a: Gastrodon|64\/100 tox|[from] move: Infestation|[partiallytrapped]\n|upkeep\n|turn|10\n|\n|t:|1699719997\n|move|p1a: Araquanid|Infestation|p2a: Gastrodon\n|-damage|p2a: Gastrodon|58\/100 tox\n|move|p2a: Gastrodon|Recover|p2a: Gastrodon\n|-heal|p2a: Gastrodon|100\/100 tox\n|\n|-damage|p1a: Araquanid|0 fnt|[from] psn\n|faint|p1a: Araquanid\n|-damage|p2a: Gastrodon|70\/100 tox|[from] psn\n|-end|p2a: Gastrodon|Infestation|[partiallytrapped]|[silent]\n|upkeep\n|\n|t:|1699720001\n|switch|p1a: Cinccino|Cinccino, F|100\/100\n|turn|11\n|\n|t:|1699720005\n|switch|p2a: Mimikyu|Mimikyu, M|100\/100\n|-activate|p2a: Mimikyu|move: Sticky Web\n|-unboost|p2a: Mimikyu|spe|1\n|move|p1a: Cinccino|Triple Axel|p2a: Mimikyu\n|-activate|p2a: Mimikyu|ability: Disguise\n|-damage|p2a: Mimikyu|100\/100\n|detailschange|p2a: Mimikyu|Mimikyu-Busted, M\n|-damage|p2a: Mimikyu|88\/100|[from] pokemon: Mimikyu-Busted\n|-damage|p2a: Mimikyu|58\/100\n|-damage|p2a: Mimikyu|13\/100\n|-hitcount|p2a: Mimikyu|3\n|\n|upkeep\n|turn|12\n|\n|t:|1699720018\n|move|p1a: Cinccino|Bullet Seed|p2a: Mimikyu\n|-damage|p2a: Mimikyu|0 fnt\n|faint|p2a: Mimikyu\n|-hitcount|p2: Mimikyu|1\n|\n|upkeep\n|\n|t:|1699720021\n|switch|p2a: Corviknight|Corviknight, M|100\/100\n|turn|13\n|\n|t:|1699720025\n|move|p1a: Cinccino|Thunder Wave|p2a: Corviknight\n|-status|p2a: Corviknight|par\n|move|p2a: Corviknight|Defog|p1a: Cinccino\n|-unboost|p1a: Cinccino|evasion|1\n|-sideend|p2: JeanPoche|Sticky Web|[from] move: Defog|[of] p2a: Corviknight\n|\n|upkeep\n|turn|14\n|\n|t:|1699720033\n|switch|p1a: Hitmonlee|Hitmonlee, M|100\/100\n|move|p2a: Corviknight|Body Press|p1a: Hitmonlee\n|-crit|p1a: Hitmonlee\n|-damage|p1a: Hitmonlee|12\/100\n|\n|upkeep\n|turn|15\n|\n|t:|1699720038\n|move|p1a: Hitmonlee|Swagger|p2a: Corviknight\n|-boost|p2a: Corviknight|atk|2\n|-enditem|p1a: Hitmonlee|Mirror Herb\n|-boost|p1a: Hitmonlee|atk|2|[from] item: Mirror Herb\n|-start|p2a: Corviknight|confusion\n|-activate|p2a: Corviknight|confusion\n|move|p2a: Corviknight|Body Press|p1a: Hitmonlee\n|-damage|p1a: Hitmonlee|0 fnt\n|faint|p1a: Hitmonlee\n|\n|upkeep\n|\n|t:|1699720052\n|switch|p1a: Sawsbuck|Sawsbuck-Winter, M, shiny|100\/100\n|turn|16\n|\n|t:|1699720055\n|move|p1a: Sawsbuck|Swords Dance|p1a: Sawsbuck\n|-boost|p1a: Sawsbuck|atk|2\n|-end|p2a: Corviknight|confusion\n|move|p2a: Corviknight|U-turn|p1a: Sawsbuck\n|-supereffective|p1a: Sawsbuck\n|-damage|p1a: Sawsbuck|26\/100\n|\n|t:|1699720058\n|switch|p2a: Tapu Koko|Tapu Koko|100\/100|[from] U-turn\n|-fieldstart|move: Electric Terrain|[from] ability: Electric Surge|[of] p2a: Tapu Koko\n|\n|upkeep\n|turn|17\n|\n|t:|1699720065\n|move|p2a: Tapu Koko|Dazzling Gleam|p1a: Sawsbuck\n|-damage|p1a: Sawsbuck|0 fnt\n|faint|p1a: Sawsbuck\n|\n|upkeep\n|-message|yueyibu forfeited.\n|\n|win|JeanPoche\n|raw|yueyibu's rating: 1318 &rarr; <strong>1297<\/strong><br \/>(-21 for losing)\n|raw|JeanPoche's rating: 1295 &rarr; <strong>1322<\/strong><br \/>(+27 for winning)\n|l|\u2606yueyibu\n","uploadtime":1699720080,"views":13,"p1id":"yueyibu","p2id":"jeanpoche","formatid":"gen9nationaldex","rating":1297,"private":0,"password":""}