{"id":"gen9nationaldex-1990558231","p1":"NahImtheotherguy","p2":"nekroticvamp","format":"[Gen 9] National Dex","log":"|j|\u203dNahImtheotherguy\n|j|\u2606nekroticvamp\n|t:|1699981317\n|gametype|singles\n|player|p1|NahImtheotherguy|bea|1094\n|player|p2|nekroticvamp|n|1104\n|teamsize|p1|6\n|teamsize|p2|6\n|gen|9\n|tier|[Gen 9] National Dex\n|rated|\n|rule|HP Percentage Mod: HP is shown in percentages\n|rule|Endless Battle Clause: Forcing endless battles is banned\n|rule|OHKO Clause: OHKO moves are banned\n|rule|Evasion Clause: Evasion abilities, items, and moves are banned\n|rule|Evasion Abilities Clause: Evasion abilities are banned\n|rule|Evasion Items Clause: Evasion items are banned\n|rule|Evasion Moves Clause: Evasion moves are banned\n|rule|Species Clause: Limit one of each Pok\u00e9mon\n|rule|Sleep Clause Mod: Limit one foe put to sleep\n|clearpoke\n|poke|p1|Scizor, F|\n|poke|p1|Pelipper, F|\n|poke|p1|Barraskewda, M|\n|poke|p1|Clodsire, M|\n|poke|p1|Dragonite, F|\n|poke|p1|Ogerpon-Wellspring, F|\n|poke|p2|Dragonite, M|\n|poke|p2|Dudunsparce-*, F|\n|poke|p2|Garchomp, F|\n|poke|p2|Tapu Koko|\n|poke|p2|Hoopa-Unbound|\n|poke|p2|Ferrothorn, M|\n|teampreview\n|inactive|Battle timer is ON: inactive players will automatically lose when time's up. (requested by NahImtheotherguy)\n|\n|t:|1699981347\n|start\n|switch|p1a: Pelipper|Pelipper, F|100\/100\n|switch|p2a: Ferrothorn|Ferrothorn, M, shiny|100\/100\n|-weather|RainDance|[from] ability: Drizzle|[of] p1a: Pelipper\n|turn|1\n|\n|t:|1699981358\n|move|p1a: Pelipper|U-turn|p2a: Ferrothorn\n|-damage|p2a: Ferrothorn|95\/100\n|-damage|p1a: Pelipper|88\/100|[from] ability: Iron Barbs|[of] p2a: Ferrothorn\n|\n|t:|1699981365\n|switch|p1a: Scizor|Scizor, F|100\/100|[from] U-turn\n|move|p2a: Ferrothorn|Spikes|p1a: Scizor\n|-sidestart|p1: NahImtheotherguy|Spikes\n|\n|-weather|RainDance|[upkeep]\n|upkeep\n|turn|2\n|\n|t:|1699981376\n|detailschange|p1a: Scizor|Scizor-Mega, F\n|-mega|p1a: Scizor|Scizor|Scizorite\n|move|p1a: Scizor|Swords Dance|p1a: Scizor\n|-boost|p1a: Scizor|atk|2\n|move|p2a: Ferrothorn|Rock Climb|p1a: Scizor\n|-resisted|p1a: Scizor\n|-damage|p1a: Scizor|93\/100\n|\n|-weather|RainDance|[upkeep]\n|upkeep\n|turn|3\n|\n|t:|1699981396\n|move|p1a: Scizor|Swords Dance|p1a: Scizor\n|-boost|p1a: Scizor|atk|2\n|move|p2a: Ferrothorn|Energy Ball|p1a: Scizor\n|-resisted|p1a: Scizor\n|-damage|p1a: Scizor|89\/100\n|-unboost|p1a: Scizor|spd|1\n|\n|-weather|RainDance|[upkeep]\n|upkeep\n|turn|4\n|\n|t:|1699981406\n|move|p1a: Scizor|Swords Dance|p1a: Scizor\n|-boost|p1a: Scizor|atk|2\n|move|p2a: Ferrothorn|Spikes|p1a: Scizor\n|-sidestart|p1: NahImtheotherguy|Spikes\n|\n|-weather|RainDance|[upkeep]\n|upkeep\n|turn|5\n|\n|t:|1699981418\n|move|p1a: Scizor|Close Combat|p2a: Ferrothorn\n|-supereffective|p2a: Ferrothorn\n|-damage|p2a: Ferrothorn|0 fnt\n|-unboost|p1a: Scizor|def|1\n|-unboost|p1a: Scizor|spd|1\n|-damage|p1a: Scizor|77\/100|[from] ability: Iron Barbs|[of] p2a: Ferrothorn\n|faint|p2a: Ferrothorn\n|\n|-weather|RainDance|[upkeep]\n|upkeep\n|\n|t:|1699981439\n|switch|p2a: Garchomp|Garchomp, F, shiny|100\/100\n|turn|6\n|\n|t:|1699981446\n|detailschange|p2a: Garchomp|Garchomp-Mega, F, shiny\n|-mega|p2a: Garchomp|Garchomp|Garchompite\n|move|p1a: Scizor|Bullet Punch|p2a: Garchomp\n|-damage|p2a: Garchomp|0 fnt\n|faint|p2a: Garchomp\n|\n|-weather|RainDance|[upkeep]\n|upkeep\n|\n|t:|1699981454\n|switch|p2a: almost sweeps|Dudunsparce-Three-Segment, F|100\/100\n|turn|7\n|\n|t:|1699981470\n|-terastallize|p2a: almost sweeps|Fairy\n|move|p1a: Scizor|Close Combat|p2a: almost sweeps\n|-resisted|p2a: almost sweeps\n|-damage|p2a: almost sweeps|11\/100\n|-unboost|p1a: Scizor|def|1\n|-unboost|p1a: Scizor|spd|1\n|move|p2a: almost sweeps|Boomburst|p1a: Scizor\n|-resisted|p1a: Scizor\n|-damage|p1a: Scizor|2\/100\n|\n|-weather|RainDance|[upkeep]\n|upkeep\n|turn|8\n|inactive|nekroticvamp has 120 seconds left.\n|\n|t:|1699981500\n|move|p1a: Scizor|Bullet Punch|p2a: almost sweeps\n|-supereffective|p2a: almost sweeps\n|-damage|p2a: almost sweeps|0 fnt\n|faint|p2a: almost sweeps\n|\n|-weather|none\n|upkeep\n|\n|t:|1699981507\n|switch|p2a: Hoopa|Hoopa-Unbound|100\/100\n|turn|9\n|\n|t:|1699981517\n|move|p1a: Scizor|Bullet Punch|p2a: Hoopa\n|-damage|p2a: Hoopa|0 fnt\n|faint|p2a: Hoopa\n|\n|upkeep\n|\n|t:|1699981536\n|switch|p2a: green machine|Dragonite, M, shiny|100\/100\n|turn|10\n|\n|t:|1699981545\n|move|p1a: Scizor|Bullet Punch|p2a: green machine\n|-damage|p2a: green machine|0 fnt\n|faint|p2a: green machine\n|\n|upkeep\n|\n|t:|1699981549\n|switch|p2a: Tapu Koko|Tapu Koko, shiny|100\/100\n|-fieldstart|move: Electric Terrain|[from] ability: Electric Surge|[of] p2a: Tapu Koko\n|turn|11\n|\n|t:|1699981564\n|move|p1a: Scizor|Bullet Punch|p2a: Tapu Koko\n|-damage|p2a: Tapu Koko|0 fnt\n|faint|p2a: Tapu Koko\n|\n|win|NahImtheotherguy\n|raw|NahImtheotherguy's rating: 1094 &rarr; <strong>1121<\/strong><br \/>(+27 for winning)\n|raw|nekroticvamp's rating: 1104 &rarr; <strong>1078<\/strong><br \/>(-26 for losing)\n|l|\u203dNahImtheotherguy\n|l|\u2606nekroticvamp\n|j|\u203dNahImtheotherguy\n|player|p1|NahImtheotherguy|bea\n","uploadtime":1699981592,"views":3,"p1id":"nahimtheotherguy","p2id":"nekroticvamp","formatid":"gen9nationaldex","rating":1078,"private":0,"password":""}