{"id":"gen9nationaldex-1998597306","p1":"Guak Guak 30O0","p2":"butislayer69","format":"[Gen 9] National Dex","log":"|html|<div class=\"broadcast-blue\"><strong>[Gen 9] National Dex is currently suspecting Sneasler! For information on how to participate check out the <a href=\"https:\/\/www.smogon.com\/forums\/threads\/sv-national-dex-suspect-8-just-dance.3731534\/\">suspect thread<\/a>.<\/strong><\/div>\n|j|\u2606Guak Guak 30O0\n|j|\u2606butislayer69\n|t:|1700961017\n|gametype|singles\n|player|p1|Guak Guak 30O0|265|\n|player|p2|butislayer69|li|\n|teamsize|p1|6\n|teamsize|p2|6\n|gen|9\n|tier|[Gen 9] National Dex\n|rule|HP Percentage Mod: HP is shown in percentages\n|rule|Endless Battle Clause: Forcing endless battles is banned\n|rule|OHKO Clause: OHKO moves are banned\n|rule|Evasion Clause: Evasion abilities, items, and moves are banned\n|rule|Evasion Abilities Clause: Evasion abilities are banned\n|rule|Evasion Items Clause: Evasion items are banned\n|rule|Evasion Moves Clause: Evasion moves are banned\n|rule|Species Clause: Limit one of each Pok\u00e9mon\n|rule|Sleep Clause Mod: Limit one foe put to sleep\n|clearpoke\n|poke|p1|Slowbro, F|\n|poke|p1|Snorlax, M|\n|poke|p1|Jirachi|\n|poke|p1|Clodsire, M|\n|poke|p1|Lurantis, F|\n|poke|p1|Slither Wing|\n|poke|p2|Garchomp, M|\n|poke|p2|Dragonite, M|\n|poke|p2|Tyranitar, M|\n|poke|p2|Ninetales-Alola, F|\n|poke|p2|Charizard, M|\n|poke|p2|Zapdos|\n|teampreview\n|j| Gk_34\n|c|\u2606Guak Guak 30O0|hii\n|c|\u2606butislayer69|yooo\n|\n|t:|1700961037\n|start\n|switch|p1a: Problem|Jirachi|100\/100\n|switch|p2a: \u0413\u0418\u0413\u0410 \u041d\u0415\u0413\u0410|Garchomp, M|100\/100\n|turn|1\n|c|\u2606butislayer69|gg wp good game congrats on the win\n|c|\u2606Guak Guak 30O0|ty! :>\n|c| Gk_34|GGs\n|\n|t:|1700961055\n|detailschange|p2a: \u0413\u0418\u0413\u0410 \u041d\u0415\u0413\u0410|Garchomp-Mega, M\n|-mega|p2a: \u0413\u0418\u0413\u0410 \u041d\u0415\u0413\u0410|Garchomp|Garchompite\n|move|p2a: \u0413\u0418\u0413\u0410 \u041d\u0415\u0413\u0410|Earthquake|p1a: Problem\n|-supereffective|p1a: Problem\n|-damage|p1a: Problem|0 fnt\n|faint|p1a: Problem\n|\n|upkeep\n|c| Gk_34|Mega Garchomp is insane\n|c|\u2606Guak Guak 30O0|Im actually nervous\n|\n|t:|1700961074\n|switch|p1a: Catalina|Slowbro, F|100\/100\n|turn|2\n|c|\u2606butislayer69|me too lol\n|\n|t:|1700961082\n|switch|p2a: Elektrotehnichar|Zapdos, shiny|100\/100\n|move|p1a: Catalina|Avalanche|p2a: Elektrotehnichar\n|-supereffective|p2a: Elektrotehnichar\n|-damage|p2a: Elektrotehnichar|60\/100\n|-damage|p1a: Catalina|91\/100|[from] item: Life Orb\n|\n|upkeep\n|turn|3\n|\n|t:|1700961092\n|-terastallize|p2a: Elektrotehnichar|Electric\n|move|p2a: Elektrotehnichar|Thunder|p1a: Catalina\n|-supereffective|p1a: Catalina\n|-damage|p1a: Catalina|0 fnt\n|faint|p1a: Catalina\n|\n|upkeep\n|c|\u2606butislayer69|suiiiiiiii\n|\n|t:|1700961106\n|switch|p1a: FUDGE|Clodsire, M|100\/100\n|turn|4\n|c|\u2606butislayer69|FUDGEEEE\n|\n|t:|1700961130\n|switch|p2a: Ahri|Ninetales-Alola, F|100\/100\n|-weather|Snow|[from] ability: Snow Warning|[of] p2a: Ahri\n|move|p1a: FUDGE|Stealth Rock|p2a: Ahri\n|-sidestart|p2: butislayer69|move: Stealth Rock\n|\n|-weather|Snow|[upkeep]\n|upkeep\n|turn|5\n|\n|t:|1700961144\n|switch|p1a: Chonk|Snorlax, M, shiny|100\/100\n|move|p2a: Ahri|Blizzard|p1a: Chonk\n|-damage|p1a: Chonk|88\/100\n|\n|-weather|Snow|[upkeep]\n|upkeep\n|turn|6\n|c|\u2606butislayer69|:(\n|\n|t:|1700961161\n|move|p2a: Ahri|Moonblast|p1a: Chonk\n|-damage|p1a: Chonk|66\/100\n|move|p1a: Chonk|Belly Drum|p1a: Chonk\n|-damage|p1a: Chonk|16\/100\n|-setboost|p1a: Chonk|atk|6|[from] move: Belly Drum\n|\n|-weather|Snow|[upkeep]\n|upkeep\n|turn|7\n|c|\u2606butislayer69|fuck\n|c|\u2606butislayer69|im screwed\n|\n|t:|1700961174\n|move|p2a: Ahri|Moonblast|p1a: Chonk\n|-damage|p1a: Chonk|0 fnt\n|faint|p1a: Chonk\n|\n|-weather|Snow|[upkeep]\n|upkeep\n|c|\u2606Guak Guak 30O0|I knew it bro\n|c|\u2606butislayer69|ok nvm\n|\n|t:|1700961184\n|switch|p1a: Better Volcarona|Slither Wing|100\/100\n|turn|8\n|\n|t:|1700961191\n|switch|p2a: Donovan|Charizard, M, shiny|100\/100\n|-damage|p2a: Donovan|51\/100|[from] Stealth Rock\n|move|p1a: Better Volcarona|Bulk Up|p1a: Better Volcarona\n|-boost|p1a: Better Volcarona|atk|1\n|-boost|p1a: Better Volcarona|def|1\n|\n|-weather|none\n|upkeep\n|turn|9\n|c|\u2606butislayer69|is it bad that im shaking\n|\n|t:|1700961207\n|move|p2a: Donovan|Overheat|p1a: Better Volcarona\n|-supereffective|p1a: Better Volcarona\n|-damage|p1a: Better Volcarona|0 fnt\n|-unboost|p2a: Donovan|spa|2\n|faint|p1a: Better Volcarona\n|-end|p1a: Better Volcarona|Protosynthesis|[silent]\n|\n|upkeep\n|c|\u2606Guak Guak 30O0|dude\n|\n|t:|1700961221\n|switch|p1a: FUDGE|Clodsire, M|100\/100\n|turn|10\n|\n|t:|1700961239\n|switch|p2a: Ahri|Ninetales-Alola, F|100\/100\n|-damage|p2a: Ahri|76\/100|[from] Stealth Rock\n|-weather|Snow|[from] ability: Snow Warning|[of] p2a: Ahri\n|move|p1a: FUDGE|Venoshock|p2a: Ahri\n|-supereffective|p2a: Ahri\n|-damage|p2a: Ahri|30\/100\n|\n|-weather|Snow|[upkeep]\n|upkeep\n|turn|11\n|c|\u2606butislayer69|shit\n|\n|t:|1700961248\n|move|p2a: Ahri|Blizzard|p1a: FUDGE\n|-supereffective|p1a: FUDGE\n|-damage|p1a: FUDGE|36\/100\n|move|p1a: FUDGE|Venoshock|p2a: Ahri\n|-supereffective|p2a: Ahri\n|-damage|p2a: Ahri|0 fnt\n|faint|p2a: Ahri\n|\n|-weather|Snow|[upkeep]\n|upkeep\n|\n|t:|1700961264\n|switch|p2a: \u0413\u0418\u0413\u0410 \u041d\u0415\u0413\u0410|Garchomp-Mega, M|100\/100\n|-damage|p2a: \u0413\u0418\u0413\u0410 \u041d\u0415\u0413\u0410|94\/100|[from] Stealth Rock\n|turn|12\n|c| Gk_34|Reverse sweep incoming\n|\n|t:|1700961272\n|move|p2a: \u0413\u0418\u0413\u0410 \u041d\u0415\u0413\u0410|Earthquake|p1a: FUDGE\n|-supereffective|p1a: FUDGE\n|-damage|p1a: FUDGE|0 fnt\n|faint|p1a: FUDGE\n|\n|-weather|Snow|[upkeep]\n|upkeep\n|c|\u2606butislayer69|bro ik im loosing\n|c|\u2606butislayer69|someway\n|c|\u2606butislayer69|somehow\n|c|\u2606butislayer69|ill fumble\n|j| SlimeSt3ak\n|c|\u2606Guak Guak 30O0|dude wtf is all this \"Idk anything ab this game\"\n|c| Gk_34|You're what \ud83e\udd28\n|c|\u2606butislayer69|I SWEAR\n|c|\u2606Guak Guak 30O0|bro really studied\n|\n|t:|1700961299\n|switch|p1a: Kamakiri|Lurantis, F|100\/100\n|turn|13\n|\n|t:|1700961304\n|move|p2a: \u0413\u0418\u0413\u0410 \u041d\u0415\u0413\u0410|Earthquake|p1a: Kamakiri\n|-resisted|p1a: Kamakiri\n|-damage|p1a: Kamakiri|57\/100\n|move|p1a: Kamakiri|Weather Ball|p2a: \u0413\u0418\u0413\u0410 \u041d\u0415\u0413\u0410\n|-supereffective|p2a: \u0413\u0418\u0413\u0410 \u041d\u0415\u0413\u0410\n|-damage|p2a: \u0413\u0418\u0413\u0410 \u041d\u0415\u0413\u0410|5\/100\n|\n|-weather|Snow|[upkeep]\n|upkeep\n|turn|14\n|c|\u2606butislayer69|BROOOOOOOOOOOOOOOOO\n|c|\u2606butislayer69|WHATTTTTTTTTTTTTTTTTTTT\n|\n|t:|1700961318\n|move|p2a: \u0413\u0418\u0413\u0410 \u041d\u0415\u0413\u0410|Earthquake|p1a: Kamakiri\n|-resisted|p1a: Kamakiri\n|-damage|p1a: Kamakiri|12\/100\n|move|p1a: Kamakiri|Weather Ball|p2a: \u0413\u0418\u0413\u0410 \u041d\u0415\u0413\u0410\n|-supereffective|p2a: \u0413\u0418\u0413\u0410 \u041d\u0415\u0413\u0410\n|-damage|p2a: \u0413\u0418\u0413\u0410 \u041d\u0415\u0413\u0410|0 fnt\n|faint|p2a: \u0413\u0418\u0413\u0410 \u041d\u0415\u0413\u0410\n|\n|-weather|none\n|upkeep\n|c| Gk_34|Tbf, mega Garchomp arguably makes Garchomp worse (in some ways), so clearly they don't know everything\n|\n|t:|1700961327\n|switch|p2a: piss|Tyranitar, M, shiny|100\/100\n|-damage|p2a: piss|88\/100|[from] Stealth Rock\n|-weather|Sandstorm|[from] ability: Sand Stream|[of] p2a: piss\n|turn|15\n|\n|t:|1700961344\n|move|p1a: Kamakiri|Solar Blade||[still]\n|-prepare|p1a: Kamakiri|Solar Blade\n|move|p2a: piss|Earthquake|p1a: Kamakiri\n|-resisted|p1a: Kamakiri\n|-damage|p1a: Kamakiri|0 fnt\n|faint|p1a: Kamakiri\n|\n|win|butislayer69\n|c|\u2606Guak Guak 30O0|MAN\n|c|\u2606Guak Guak 30O0|ggs\n|c|\u2606butislayer69|HOLY SHIT\n|c|\u2606butislayer69|NO WAY\n|c|\u2606butislayer69|gg\n|c| Gk_34|GGs\n|c| SlimeSt3ak|gg\n|c|\u2606butislayer69|THE YUGOSLAV SONGS GIVE ME POWERRRRRRRRR\n|c|\u2606Guak Guak 30O0|okok\n|c|\u2606Guak Guak 30O0|now time for round two!\n|c| Gk_34|Who's next?\n","uploadtime":1700961386,"views":11,"p1id":"guakguak30o0","p2id":"butislayer69","formatid":"gen9nationaldex","rating":0,"private":0,"password":""}