{"id":"gen9nationaldex-1989236580","p1":"Advt","p2":"Ainzcrad","format":"[Gen 9] National Dex","log":"|j|\u2606Advt\n|j|\u2606Ainzcrad\n|t:|1699826547\n|gametype|singles\n|player|p1|Advt|twins-gen4dp|\n|player|p2|Ainzcrad|winona-gen6|\n|teamsize|p1|6\n|teamsize|p2|6\n|gen|9\n|tier|[Gen 9] National Dex\n|rule|HP Percentage Mod: HP is shown in percentages\n|rule|Endless Battle Clause: Forcing endless battles is banned\n|rule|OHKO Clause: OHKO moves are banned\n|rule|Evasion Clause: Evasion abilities, items, and moves are banned\n|rule|Evasion Abilities Clause: Evasion abilities are banned\n|rule|Evasion Items Clause: Evasion items are banned\n|rule|Evasion Moves Clause: Evasion moves are banned\n|rule|Species Clause: Limit one of each Pok\u00e9mon\n|rule|Sleep Clause Mod: Limit one foe put to sleep\n|rule|Sleep Moves Clause: Sleep-inducing moves are banned\n|rule|Terastal Clause: You cannot Terastallize\n|clearpoke\n|poke|p1|Aerodactyl, F|\n|poke|p1|Hoopa-Unbound|\n|poke|p1|Roaring Moon|\n|poke|p1|Corviknight, F|\n|poke|p1|Toxapex, M|\n|poke|p1|Gliscor, F|\n|poke|p2|Aerodactyl, M|\n|poke|p2|Magnezone|\n|poke|p2|Toxapex, F|\n|poke|p2|Ting-Lu|\n|poke|p2|Ogerpon-Wellspring, F|\n|poke|p2|Lopunny, M|\n|teampreview\n|c|\u2606Ainzcrad|hf\n|j| setset77\n|\n|t:|1699826590\n|start\n|switch|p1a: Roaring Moon|Roaring Moon|100\/100\n|switch|p2a: Lopunny|Lopunny, M|100\/100\n|turn|1\n|j| Velcroc\n|j| sealoo\n|j| Orangex733\n|j| Maybca\n|\n|t:|1699826620\n|-end|p1a: Roaring Moon|Protosynthesis|[silent]\n|switch|p1a: Toxapex|Toxapex, M|100\/100\n|switch|p2a: Ting-Lu|Ting-Lu|100\/100\n|-ability|p2a: Ting-Lu|Vessel of Ruin\n|\n|upkeep\n|turn|2\n|\n|t:|1699826627\n|move|p2a: Ting-Lu|Parting Shot|p1a: Toxapex\n|-unboost|p1a: Toxapex|atk|1\n|-unboost|p1a: Toxapex|spa|1\n|\n|t:|1699826629\n|switch|p2a: Magnezone|Magnezone|100\/100|[from] Parting Shot\n|move|p1a: Toxapex|Mortal Spin|p2a: Magnezone\n|-immune|p2a: Magnezone\n|\n|upkeep\n|turn|3\n|l| Maybca\n|l| Orangex733\n|\n|t:|1699826636\n|switch|p2a: Aerodactyl|Aerodactyl, M|100\/100\n|switch|p1a: Gliscor|Gliscor, F|100\/100\n|\n|-status|p1a: Gliscor|tox|[from] item: Toxic Orb\n|upkeep\n|turn|4\n|\n|t:|1699826639\n|move|p2a: Aerodactyl|Head Smash|p1a: Gliscor\n|-damage|p1a: Gliscor|18\/100 tox\n|move|p1a: Gliscor|U-turn|p2a: Aerodactyl\n|-resisted|p2a: Aerodactyl\n|-damage|p2a: Aerodactyl|88\/100\n|\n|t:|1699826650\n|switch|p1a: Corviknight|Corviknight, F|100\/100|[from] U-turn\n|-ability|p1a: Corviknight|Pressure\n|\n|upkeep\n|turn|5\n|j| Orangex733\n|\n|t:|1699826655\n|move|p2a: Aerodactyl|Head Smash|p1a: Corviknight|[miss]\n|-miss|p2a: Aerodactyl|p1a: Corviknight\n|move|p1a: Corviknight|Iron Defense|p1a: Corviknight\n|-boost|p1a: Corviknight|def|2\n|\n|upkeep\n|turn|6\n|\n|t:|1699826658\n|switch|p2a: Magnezone|Magnezone|100\/100\n|move|p1a: Corviknight|U-turn|p2a: Magnezone\n|-resisted|p2a: Magnezone\n|-damage|p2a: Magnezone|93\/100\n|\n|t:|1699826662\n|switch|p1a: Hoopa|Hoopa-Unbound|100\/100|[from] U-turn\n|\n|upkeep\n|turn|7\n|j| Maybca\n|\n|t:|1699826668\n|switch|p2a: Toxapex|Toxapex, F|100\/100\n|move|p1a: Hoopa|Nasty Plot|p1a: Hoopa\n|-boost|p1a: Hoopa|spa|2\n|\n|upkeep\n|turn|8\n|\n|t:|1699826671\n|move|p1a: Hoopa|Esper Wing|p2a: Toxapex\n|-supereffective|p2a: Toxapex\n|-damage|p2a: Toxapex|0 fnt\n|-boost|p1a: Hoopa|spe|1\n|faint|p2a: Toxapex\n|\n|upkeep\n|\n|t:|1699826675\n|switch|p2a: Lopunny|Lopunny, M|100\/100\n|turn|9\n|\n|t:|1699826680\n|detailschange|p2a: Lopunny|Lopunny-Mega, M\n|-mega|p2a: Lopunny|Lopunny|Lopunnite\n|move|p1a: Hoopa|Esper Wing|p2a: Lopunny\n|-supereffective|p2a: Lopunny\n|-damage|p2a: Lopunny|0 fnt\n|-boost|p1a: Hoopa|spe|1\n|faint|p2a: Lopunny\n|\n|upkeep\n|l| Maybca\n|\n|t:|1699826688\n|switch|p2a: Ting-Lu|Ting-Lu|100\/100\n|-ability|p2a: Ting-Lu|Vessel of Ruin\n|turn|10\n|\n|t:|1699826709\n|-zpower|p1a: Hoopa\n|move|p1a: Hoopa|All-Out Pummeling|p2a: Ting-Lu|[zeffect]\n|-supereffective|p2a: Ting-Lu\n|-damage|p2a: Ting-Lu|0 fnt\n|faint|p2a: Ting-Lu\n|\n|upkeep\n|\n|t:|1699826727\n|switch|p2a: Aerodactyl|Aerodactyl, M|88\/100\n|turn|11\n|\n|t:|1699826736\n|move|p2a: Aerodactyl|Accelerock|p1a: Hoopa\n|-damage|p1a: Hoopa|52\/100\n|move|p1a: Hoopa|Fiery Wrath|p2a: Aerodactyl\n|-damage|p2a: Aerodactyl|0 fnt\n|faint|p2a: Aerodactyl\n|\n|upkeep\n|\n|t:|1699826740\n|switch|p2a: Ogerpon|Ogerpon-Wellspring, F|100\/100\n|turn|12\n|l| Orangex733\n|\n|t:|1699826744\n|move|p2a: Ogerpon|Jet Punch|p1a: Hoopa\n|-damage|p1a: Hoopa|0 fnt\n|faint|p1a: Hoopa\n|\n|upkeep\n|\n|t:|1699826749\n|switch|p1a: Roaring Moon|Roaring Moon|100\/100\n|turn|13\n|\n|t:|1699826754\n|switch|p2a: Magnezone|Magnezone|93\/100\n|move|p1a: Roaring Moon|Glaive Rush|p2a: Magnezone\n|-resisted|p2a: Magnezone\n|-damage|p2a: Magnezone|42\/100\n|-singlemove|p1a: Roaring Moon|Glaive Rush|[silent]\n|\n|upkeep\n|turn|14\n|\n|t:|1699826756\n|move|p1a: Roaring Moon|Glaive Rush|p2a: Magnezone\n|-resisted|p2a: Magnezone\n|-damage|p2a: Magnezone|0 fnt\n|-singlemove|p1a: Roaring Moon|Glaive Rush|[silent]\n|faint|p2a: Magnezone\n|\n|upkeep\n|\n|t:|1699826758\n|switch|p2a: Ogerpon|Ogerpon-Wellspring, F|100\/100\n|turn|15\n|\n|t:|1699826762\n|-end|p1a: Roaring Moon|Protosynthesis|[silent]\n|switch|p1a: Gliscor|Gliscor, F|18\/100 tox\n|move|p2a: Ogerpon|Swords Dance|p2a: Ogerpon\n|-boost|p2a: Ogerpon|atk|2\n|\n|-heal|p1a: Gliscor|30\/100 tox|[from] ability: Poison Heal\n|upkeep\n|turn|16\n|\n|t:|1699826786\n|move|p2a: Ogerpon|Swords Dance|p2a: Ogerpon\n|-boost|p2a: Ogerpon|atk|2\n|move|p1a: Gliscor|Thousand Waves|p2a: Ogerpon\n|-resisted|p2a: Ogerpon\n|-damage|p2a: Ogerpon|80\/100\n|-activate|p2a: Ogerpon|trapped\n|\n|-heal|p1a: Gliscor|43\/100 tox|[from] ability: Poison Heal\n|upkeep\n|turn|17\n|\n|t:|1699826791\n|move|p2a: Ogerpon|Swords Dance|p2a: Ogerpon\n|-boost|p2a: Ogerpon|atk|2\n|move|p1a: Gliscor|U-turn|p2a: Ogerpon\n|-supereffective|p2a: Ogerpon\n|-damage|p2a: Ogerpon|39\/100\n|\n|t:|1699826797\n|switch|p1a: Corviknight|Corviknight, F|100\/100|[from] U-turn\n|-ability|p1a: Corviknight|Pressure\n|\n|upkeep\n|turn|18\n|\n|t:|1699826799\n|move|p2a: Ogerpon|Bitter Blade|p1a: Corviknight\n|-supereffective|p1a: Corviknight\n|-damage|p1a: Corviknight|0 fnt\n|-heal|p2a: Ogerpon|100\/100|[from] drain|[of] p1a: Corviknight\n|faint|p1a: Corviknight\n|\n|upkeep\n|\n|t:|1699826802\n|switch|p1a: Toxapex|Toxapex, M|100\/100\n|turn|19\n|\n|t:|1699826803\n|move|p2a: Ogerpon|Flower Trick|p1a: Toxapex\n|-crit|p1a: Toxapex\n|-damage|p1a: Toxapex|0 fnt\n|faint|p1a: Toxapex\n|\n|upkeep\n|c|\u2606Advt|Gg\n|-message|Advt forfeited.\n|\n|win|Ainzcrad\n|l|\u2606Advt\n|c|\u2606Ainzcrad|gg\n|l| sealoo\n|l| setset77\n|j| Orangex733\n|j| Maybca\n","uploadtime":1699826817,"views":81,"p1id":"advt","p2id":"ainzcrad","formatid":"gen9nationaldex","rating":0,"private":0,"password":""}