{"id":"gen9nationaldex-1997855831","p1":"830r","p2":"Gloryus Day","format":"[Gen 9] National Dex","log":"|html|<div class=\"broadcast-blue\"><strong>[Gen 9] National Dex is currently suspecting Sneasler! For information on how to participate check out the <a href=\"https:\/\/www.smogon.com\/forums\/threads\/sv-national-dex-suspect-8-just-dance.3731534\/\">suspect thread<\/a>.<\/strong><\/div>\n|j|\u2606830r\n|j|\u2606Gloryus Day\n|t:|1700860223\n|gametype|singles\n|player|p1|830r|veteran|1387\n|player|p2|Gloryus Day|swimmer-gen4|1307\n|teamsize|p1|6\n|teamsize|p2|6\n|gen|9\n|tier|[Gen 9] National Dex\n|rated|\n|rule|HP Percentage Mod: HP is shown in percentages\n|rule|Endless Battle Clause: Forcing endless battles is banned\n|rule|OHKO Clause: OHKO moves are banned\n|rule|Evasion Clause: Evasion abilities, items, and moves are banned\n|rule|Evasion Abilities Clause: Evasion abilities are banned\n|rule|Evasion Items Clause: Evasion items are banned\n|rule|Evasion Moves Clause: Evasion moves are banned\n|rule|Species Clause: Limit one of each Pok\u00e9mon\n|rule|Sleep Clause Mod: Limit one foe put to sleep\n|clearpoke\n|poke|p1|Toxapex, F|\n|poke|p1|Celesteela|\n|poke|p1|Garganacl, M|\n|poke|p1|Great Tusk|\n|poke|p1|Gliscor, M|\n|poke|p1|Rillaboom, F|\n|poke|p2|Glimmora, M|\n|poke|p2|Kleavor, M|\n|poke|p2|Diancie|\n|poke|p2|Ogerpon-Cornerstone, F|\n|poke|p2|Cradily, M|\n|poke|p2|Lunatone|\n|teampreview\n|inactive|Battle timer is ON: inactive players will automatically lose when time's up. (requested by 830r)\n|\n|t:|1700860238\n|start\n|switch|p1a: Great Tusk|Great Tusk|100\/100\n|switch|p2a: Diancie|Diancie|100\/100\n|-enditem|p1a: Great Tusk|Booster Energy\n|-activate|p1a: Great Tusk|ability: Protosynthesis|[fromitem]\n|-start|p1a: Great Tusk|protosynthesisatk\n|turn|1\n|\n|t:|1700860246\n|detailschange|p2a: Diancie|Diancie-Mega\n|-mega|p2a: Diancie|Diancie|Diancite\n|move|p2a: Diancie|Moonblast|p1a: Great Tusk\n|-supereffective|p1a: Great Tusk\n|-damage|p1a: Great Tusk|0 fnt\n|faint|p1a: Great Tusk\n|-end|p1a: Great Tusk|Protosynthesis|[silent]\n|\n|upkeep\n|\n|t:|1700860258\n|switch|p1a: Rillaboom|Rillaboom, F, shiny|100\/100\n|-fieldstart|move: Grassy Terrain|[from] ability: Grassy Surge|[of] p1a: Rillaboom\n|-enditem|p1a: Rillaboom|Grassy Seed\n|-boost|p1a: Rillaboom|def|1|[from] item: Grassy Seed\n|turn|2\n|\n|t:|1700860261\n|switch|p2a: Glimmora|Glimmora, M|100\/100\n|-item|p2a: Glimmora|Air Balloon\n|move|p1a: Rillaboom|Fake Out|p2a: Glimmora\n|-resisted|p2a: Glimmora\n|-damage|p2a: Glimmora|91\/100\n|-activate|p2a: Glimmora|ability: Toxic Debris\n|-sidestart|p1: 830r|move: Toxic Spikes\n|-enditem|p2a: Glimmora|Air Balloon\n|\n|-heal|p2a: Glimmora|97\/100|[from] Grassy Terrain\n|upkeep\n|turn|3\n|\n|t:|1700860266\n|move|p2a: Glimmora|Spiky Shield|p2a: Glimmora\n|-singleturn|p2a: Glimmora|move: Protect\n|move|p1a: Rillaboom|Grassy Glide|p2a: Glimmora\n|-activate|p2a: Glimmora|move: Protect\n|-damage|p1a: Rillaboom|88\/100|[from] Spiky Shield|[of] p2a: Glimmora\n|\n|-heal|p2a: Glimmora|100\/100|[from] Grassy Terrain\n|-heal|p1a: Rillaboom|94\/100|[from] Grassy Terrain\n|upkeep\n|turn|4\n|\n|t:|1700860270\n|move|p1a: Rillaboom|Grassy Glide|p2a: Glimmora\n|-damage|p2a: Glimmora|54\/100\n|-activate|p2a: Glimmora|ability: Toxic Debris\n|-sidestart|p1: 830r|move: Toxic Spikes\n|move|p2a: Glimmora|Power Gem|p1a: Rillaboom\n|-damage|p1a: Rillaboom|39\/100\n|\n|-heal|p2a: Glimmora|61\/100|[from] Grassy Terrain\n|-heal|p1a: Rillaboom|45\/100|[from] Grassy Terrain\n|upkeep\n|turn|5\n|\n|t:|1700860274\n|move|p2a: Glimmora|Power Gem|p1a: Rillaboom\n|-damage|p1a: Rillaboom|0 fnt\n|faint|p1a: Rillaboom\n|\n|-heal|p2a: Glimmora|67\/100|[from] Grassy Terrain\n|upkeep\n|\n|t:|1700860280\n|switch|p1a: Toxapex|Toxapex, F, shiny|100\/100\n|-sideend|p1: 830r|move: Toxic Spikes|[of] p1a: Toxapex\n|turn|6\n|\n|t:|1700860284\n|move|p2a: Glimmora|Power Gem|p1a: Toxapex\n|-damage|p1a: Toxapex|73\/100\n|move|p1a: Toxapex|Infestation|p2a: Glimmora\n|-resisted|p2a: Glimmora\n|-crit|p2a: Glimmora\n|-damage|p2a: Glimmora|64\/100\n|-activate|p2a: Glimmora|move: Infestation|[of] p1a: Toxapex\n|\n|-heal|p2a: Glimmora|70\/100|[from] Grassy Terrain\n|-heal|p1a: Toxapex|79\/100|[from] Grassy Terrain\n|-heal|p1a: Toxapex|85\/100|[from] item: Black Sludge\n|-damage|p2a: Glimmora|58\/100|[from] move: Infestation|[partiallytrapped]\n|-fieldend|move: Grassy Terrain\n|upkeep\n|turn|7\n|\n|t:|1700860290\n|switch|p1a: Garganacl|Garganacl, M|100\/100\n|move|p2a: Glimmora|Earth Power|p1a: Garganacl\n|-supereffective|p1a: Garganacl\n|-damage|p1a: Garganacl|59\/100\n|\n|-heal|p1a: Garganacl|66\/100|[from] item: Leftovers\n|-end|p2a: Glimmora|Infestation|[partiallytrapped]|[silent]\n|upkeep\n|turn|8\n|\n|t:|1700860295\n|switch|p2a: Lunatone|Lunatone, shiny|100\/100\n|-terastallize|p1a: Garganacl|Ghost\n|move|p1a: Garganacl|Substitute|p1a: Garganacl\n|-start|p1a: Garganacl|Substitute\n|-damage|p1a: Garganacl|41\/100\n|\n|-heal|p1a: Garganacl|47\/100|[from] item: Leftovers\n|upkeep\n|turn|9\n|\n|t:|1700860300\n|move|p2a: Lunatone|Charge Beam|p1a: Garganacl\n|-activate|p1a: Garganacl|move: Substitute|[damage]\n|-boost|p2a: Lunatone|spa|1\n|move|p1a: Garganacl|Recover|p1a: Garganacl\n|-heal|p1a: Garganacl|97\/100\n|\n|-heal|p1a: Garganacl|100\/100|[from] item: Leftovers\n|upkeep\n|turn|10\n|\n|t:|1700860302\n|move|p2a: Lunatone|Charge Beam|p1a: Garganacl\n|-activate|p1a: Garganacl|move: Substitute|[damage]\n|-boost|p2a: Lunatone|spa|1\n|move|p1a: Garganacl|Body Press|p2a: Lunatone\n|-damage|p2a: Lunatone|82\/100\n|\n|upkeep\n|turn|11\n|\n|t:|1700860307\n|move|p2a: Lunatone|Charge Beam|p1a: Garganacl\n|-end|p1a: Garganacl|Substitute\n|-boost|p2a: Lunatone|spa|1\n|move|p1a: Garganacl|Substitute|p1a: Garganacl\n|-start|p1a: Garganacl|Substitute\n|-damage|p1a: Garganacl|75\/100\n|\n|-heal|p1a: Garganacl|82\/100|[from] item: Leftovers\n|upkeep\n|turn|12\n|\n|t:|1700860313\n|move|p2a: Lunatone|Charge Beam|p1a: Garganacl\n|-activate|p1a: Garganacl|move: Substitute|[damage]\n|-boost|p2a: Lunatone|spa|1\n|move|p1a: Garganacl|Salt Cure|p2a: Lunatone\n|-damage|p2a: Lunatone|70\/100\n|-start|p2a: Lunatone|Salt Cure\n|\n|-heal|p1a: Garganacl|88\/100|[from] item: Leftovers\n|-damage|p2a: Lunatone|57\/100|[from] Salt Cure\n|upkeep\n|turn|13\n|\n|t:|1700860320\n|move|p2a: Lunatone|Charge Beam|p1a: Garganacl\n|-end|p1a: Garganacl|Substitute\n|-boost|p2a: Lunatone|spa|1\n|move|p1a: Garganacl|Substitute|p1a: Garganacl\n|-start|p1a: Garganacl|Substitute\n|-damage|p1a: Garganacl|63\/100\n|\n|-heal|p1a: Garganacl|69\/100|[from] item: Leftovers\n|-damage|p2a: Lunatone|45\/100|[from] Salt Cure\n|upkeep\n|turn|14\n|\n|t:|1700860323\n|move|p2a: Lunatone|Charge Beam|p1a: Garganacl\n|-end|p1a: Garganacl|Substitute\n|-boost|p2a: Lunatone|spa|1\n|move|p1a: Garganacl|Body Press|p2a: Lunatone\n|-damage|p2a: Lunatone|24\/100\n|\n|-heal|p1a: Garganacl|75\/100|[from] item: Leftovers\n|-damage|p2a: Lunatone|11\/100|[from] Salt Cure\n|upkeep\n|turn|15\n|\n|t:|1700860330\n|switch|p1a: Toxapex|Toxapex, F, shiny|100\/100\n|move|p2a: Lunatone|Skill Swap|p1a: Toxapex\n|-activate|p2a: Lunatone|move: Skill Swap|Regenerator|Levitate|[of] p1a: Toxapex\n|\n|-damage|p2a: Lunatone|0 fnt|[from] Salt Cure\n|faint|p2a: Lunatone\n|upkeep\n|\n|t:|1700860335\n|switch|p2a: Cradily|Cradily, M, shiny|100\/100\n|turn|16\n|\n|t:|1700860342\n|move|p2a: Cradily|Meteor Beam||[still]\n|-prepare|p2a: Cradily|Meteor Beam\n|-boost|p2a: Cradily|spa|1\n|-enditem|p2a: Cradily|Power Herb\n|-anim|p2a: Cradily|Meteor Beam|p1a: Toxapex\n|-damage|p1a: Toxapex|52\/100\n|move|p1a: Toxapex|Toxic|p2a: Cradily\n|-status|p2a: Cradily|tox\n|\n|-heal|p1a: Toxapex|58\/100|[from] item: Black Sludge\n|-damage|p2a: Cradily|94\/100 tox|[from] psn\n|upkeep\n|turn|17\n|\n|t:|1700860349\n|move|p2a: Cradily|Earth Power|p1a: Toxapex\n|-immune|p1a: Toxapex|[from] ability: Levitate\n|move|p1a: Toxapex|Recover|p1a: Toxapex\n|-heal|p1a: Toxapex|100\/100\n|\n|-damage|p2a: Cradily|82\/100 tox|[from] psn\n|upkeep\n|turn|18\n|l|\u2606Gloryus Day\n|inactive|Gloryus Day disconnected and has a minute to reconnect!\n|player|p2|\n|c|\u2606830r|HAHAHA\n|\n|t:|1700860361\n|move|p2a: Cradily|Meteor Beam||[still]\n|-prepare|p2a: Cradily|Meteor Beam\n|-boost|p2a: Cradily|spa|1\n|move|p1a: Toxapex|Infestation|p2a: Cradily\n|-supereffective|p2a: Cradily\n|-damage|p2a: Cradily|77\/100 tox\n|-activate|p2a: Cradily|move: Infestation|[of] p1a: Toxapex\n|\n|-damage|p2a: Cradily|59\/100 tox|[from] psn\n|-damage|p2a: Cradily|47\/100 tox|[from] move: Infestation|[partiallytrapped]\n|upkeep\n|turn|19\n|inactive|Gloryus Day has 30 seconds to reconnect!\n|inactive|Gloryus Day has 20 seconds to reconnect!\n|inactive|Gloryus Day has 15 seconds to reconnect!\n|inactive|Gloryus Day has 10 seconds to reconnect!\n|inactive|Gloryus Day has 5 seconds to reconnect!\n|-message|Gloryus Day lost due to inactivity.\n|\n|win|830r\n|raw|830r's rating: 1387 &rarr; <strong>1402<\/strong><br \/>(+15 for winning)\n|raw|Gloryus Day's rating: 1307 &rarr; <strong>1292<\/strong><br \/>(-15 for losing)\n","uploadtime":1700860427,"views":1,"p1id":"830r","p2id":"gloryusday","formatid":"gen9nationaldex","rating":1292,"private":0,"password":""}