{"id":"gen9nationaldex-1996630604","p1":"Richie2016","p2":"arbitrion","format":"[Gen 9] National Dex","log":"|html|<div class=\"broadcast-blue\"><strong>[Gen 9] National Dex is currently suspecting Sneasler! For information on how to participate check out the <a href=\"https:\/\/www.smogon.com\/forums\/threads\/sv-national-dex-suspect-8-just-dance.3731534\/\">suspect thread<\/a>.<\/strong><\/div>\n|j|\u2606Richie2016\n|j|\u2606arbitrion\n|t:|1700702758\n|gametype|singles\n|player|p1|Richie2016|cynthia|1521\n|player|p2|arbitrion|2|1406\n|teamsize|p1|6\n|teamsize|p2|6\n|gen|9\n|tier|[Gen 9] National Dex\n|rated|\n|rule|HP Percentage Mod: HP is shown in percentages\n|rule|Endless Battle Clause: Forcing endless battles is banned\n|rule|OHKO Clause: OHKO moves are banned\n|rule|Evasion Clause: Evasion abilities, items, and moves are banned\n|rule|Evasion Abilities Clause: Evasion abilities are banned\n|rule|Evasion Items Clause: Evasion items are banned\n|rule|Evasion Moves Clause: Evasion moves are banned\n|rule|Species Clause: Limit one of each Pok\u00e9mon\n|rule|Sleep Clause Mod: Limit one foe put to sleep\n|clearpoke\n|poke|p1|Lopunny, F|\n|poke|p1|Alomomola, F|\n|poke|p1|Moltres|\n|poke|p1|Ferrothorn, F|\n|poke|p1|Gliscor, F|\n|poke|p1|Greninja-*, M|\n|poke|p2|Charizard, M|\n|poke|p2|Hatterene, F|\n|poke|p2|Moltres-Galar|\n|poke|p2|Tapu Koko|\n|poke|p2|Breloom, M|\n|poke|p2|Manaphy|\n|teampreview\n|\n|t:|1700702769\n|start\n|switch|p1a: Gliscor|Gliscor, F, shiny|100\/100\n|switch|p2a: Manaphy|Manaphy|100\/100\n|turn|1\n|\n|t:|1700702777\n|-zpower|p2a: Manaphy\n|move|p2a: Manaphy|Z-Rain Dance|p2a: Manaphy|[anim]Rain Dance\n|-boost|p2a: Manaphy|spe|1|[zeffect]\n|-weather|RainDance\n|move|p1a: Gliscor|Toxic|p2a: Manaphy\n|-status|p2a: Manaphy|tox\n|\n|-weather|RainDance|[upkeep]\n|-activate|p2a: Manaphy|ability: Hydration\n|-curestatus|p2a: Manaphy|tox|[msg]\n|-status|p1a: Gliscor|tox|[from] item: Toxic Orb\n|upkeep\n|turn|2\n|\n|t:|1700702796\n|switch|p1a: Ferrothorn|Ferrothorn, F, shiny|100\/100\n|move|p2a: Manaphy|Tail Glow|p2a: Manaphy\n|-boost|p2a: Manaphy|spa|3\n|\n|-weather|RainDance|[upkeep]\n|upkeep\n|turn|3\n|\n|t:|1700702803\n|move|p2a: Manaphy|Tail Glow|p2a: Manaphy\n|-boost|p2a: Manaphy|spa|3\n|move|p1a: Ferrothorn|Leech Seed|p2a: Manaphy\n|-start|p2a: Manaphy|move: Leech Seed\n|\n|-weather|RainDance|[upkeep]\n|-damage|p2a: Manaphy|88\/100|[from] Leech Seed|[of] p1a: Ferrothorn\n|upkeep\n|turn|4\n|\n|t:|1700702811\n|move|p1a: Ferrothorn|Protect|p1a: Ferrothorn\n|-singleturn|p1a: Ferrothorn|Protect\n|move|p2a: Manaphy|Surf|p1a: Ferrothorn\n|-activate|p1a: Ferrothorn|move: Protect\n|\n|-weather|RainDance|[upkeep]\n|-damage|p2a: Manaphy|76\/100|[from] Leech Seed|[of] p1a: Ferrothorn\n|upkeep\n|turn|5\n|\n|t:|1700702817\n|move|p2a: Manaphy|Surf|p1a: Ferrothorn\n|-resisted|p1a: Ferrothorn\n|-damage|p1a: Ferrothorn|19\/100\n|move|p1a: Ferrothorn|Power Whip|p2a: Manaphy\n|-supereffective|p2a: Manaphy\n|-damage|p2a: Manaphy|0 fnt\n|faint|p2a: Manaphy\n|\n|-weather|none\n|-heal|p1a: Ferrothorn|25\/100|[from] item: Leftovers\n|upkeep\n|\n|t:|1700702824\n|switch|p2a: Hatterene|Hatterene, F|100\/100\n|turn|6\n|inactive|Battle timer is ON: inactive players will automatically lose when time's up. (requested by Richie2016)\n|\n|t:|1700702836\n|switch|p1a: Moltres|Moltres|100\/100\n|move|p2a: Hatterene|Reflect|p2a: Hatterene\n|-sidestart|p2: arbitrion|Reflect\n|\n|upkeep\n|turn|7\n|\n|t:|1700702841\n|move|p1a: Moltres|Mystical Fire|p2a: Hatterene\n|-damage|p2a: Hatterene|74\/100\n|-unboost|p2a: Hatterene|spa|1\n|move|p2a: Hatterene|Light Screen|p2a: Hatterene\n|-sidestart|p2: arbitrion|move: Light Screen\n|\n|upkeep\n|turn|8\n|\n|t:|1700702849\n|move|p1a: Moltres|Defog|p2a: Hatterene\n|move|p2a: Hatterene|Defog|p1a: Moltres|[from]ability: Magic Bounce\n|-unboost|p1a: Moltres|evasion|1\n|move|p2a: Hatterene|Future Sight|p1a: Moltres\n|-start|p2a: Hatterene|move: Future Sight\n|\n|upkeep\n|turn|9\n|\n|t:|1700702857\n|move|p1a: Moltres|Mystical Fire|p2a: Hatterene\n|-damage|p2a: Hatterene|59\/100\n|-unboost|p2a: Hatterene|spa|1\n|move|p2a: Hatterene|Misty Explosion|p1a: Moltres\n|-resisted|p1a: Moltres\n|-damage|p1a: Moltres|90\/100\n|faint|p2a: Hatterene\n|\n|upkeep\n|\n|t:|1700702861\n|switch|p2a: Charizard|Charizard, M|100\/100\n|turn|10\n|\n|t:|1700702879\n|detailschange|p2a: Charizard|Charizard-Mega-X, M\n|-mega|p2a: Charizard|Charizard|Charizardite X\n|move|p2a: Charizard|Belly Drum|p2a: Charizard\n|-damage|p2a: Charizard|51\/100\n|-setboost|p2a: Charizard|atk|6|[from] move: Belly Drum\n|move|p1a: Moltres|Mystical Fire|p2a: Charizard\n|-resisted|p2a: Charizard\n|-damage|p2a: Charizard|45\/100\n|-unboost|p2a: Charizard|spa|1\n|\n|-end|p1a: Moltres|move: Future Sight\n|-damage|p1a: Moltres|36\/100\n|upkeep\n|turn|11\n|\n|t:|1700702894\n|switch|p1a: Alomomola|Alomomola, F|100\/100\n|move|p2a: Charizard|Flame Charge|p1a: Alomomola\n|-resisted|p1a: Alomomola\n|-damage|p1a: Alomomola|59\/100\n|-boost|p2a: Charizard|spe|1\n|\n|upkeep\n|turn|12\n|\n|t:|1700702907\n|switch|p1a: Ferrothorn|Ferrothorn, F, shiny|25\/100\n|move|p2a: Charizard|Dual Wingbeat|p1a: Ferrothorn\n|-damage|p1a: Ferrothorn|0 fnt\n|-damage|p2a: Charizard|33\/100|[from] ability: Iron Barbs|[of] p1a: Ferrothorn\n|faint|p1a: Ferrothorn\n|-hitcount|p1: Ferrothorn|1\n|\n|upkeep\n|\n|t:|1700702916\n|switch|p1a: Lopunny|Lopunny, F, shiny|100\/100\n|turn|13\n|\n|t:|1700702920\n|detailschange|p1a: Lopunny|Lopunny-Mega, F, shiny\n|-mega|p1a: Lopunny|Lopunny|Lopunnite\n|move|p1a: Lopunny|Fake Out|p2a: Charizard\n|-damage|p2a: Charizard|21\/100\n|cant|p2a: Charizard|flinch\n|\n|-sideend|p2: arbitrion|Reflect\n|upkeep\n|turn|14\n|\n|t:|1700702932\n|switch|p1a: Alomomola|Alomomola, F|92\/100\n|move|p2a: Charizard|Dual Wingbeat|p1a: Alomomola\n|-damage|p1a: Alomomola|42\/100\n|-damage|p1a: Alomomola|0 fnt\n|faint|p1a: Alomomola\n|-hitcount|p1: Alomomola|2\n|\n|-sideend|p2: arbitrion|move: Light Screen\n|upkeep\n|\n|t:|1700702938\n|switch|p1a: Lopunny|Lopunny-Mega, F, shiny|100\/100\n|turn|15\n|\n|t:|1700702942\n|move|p1a: Lopunny|Fake Out|p2a: Charizard\n|-damage|p2a: Charizard|0 fnt\n|faint|p2a: Charizard\n|\n|upkeep\n|\n|t:|1700702947\n|switch|p2a: Moltres|Moltres-Galar|100\/100\n|turn|16\n|\n|t:|1700702956\n|move|p1a: Lopunny|U-turn|p2a: Moltres\n|-damage|p2a: Moltres|75\/100\n|\n|t:|1700702959\n|switch|p1a: Gliscor|Gliscor, F, shiny|100\/100 tox|[from] U-turn\n|move|p2a: Moltres|Agility|p2a: Moltres\n|-boost|p2a: Moltres|spe|2\n|\n|upkeep\n|turn|17\n|\n|t:|1700702973\n|switch|p1a: Lopunny|Lopunny-Mega, F, shiny|100\/100\n|move|p2a: Moltres|Fiery Wrath|p1a: Lopunny\n|-resisted|p1a: Lopunny\n|-damage|p1a: Lopunny|74\/100\n|\n|upkeep\n|turn|18\n|\n|t:|1700703000\n|move|p1a: Lopunny|Fake Out|p2a: Moltres\n|-damage|p2a: Moltres|54\/100\n|cant|p2a: Moltres|flinch\n|\n|upkeep\n|turn|19\n|\n|t:|1700703009\n|switch|p1a: Gliscor|Gliscor, F, shiny|100\/100 tox\n|move|p2a: Moltres|Air Slash|p1a: Gliscor\n|-damage|p1a: Gliscor|68\/100 tox\n|\n|-heal|p1a: Gliscor|80\/100 tox|[from] ability: Poison Heal\n|upkeep\n|turn|20\n|\n|t:|1700703018\n|-terastallize|p1a: Gliscor|Fairy\n|move|p2a: Moltres|Air Slash|p1a: Gliscor\n|-damage|p1a: Gliscor|51\/100 tox\n|move|p1a: Gliscor|Toxic|p2a: Moltres\n|-status|p2a: Moltres|tox\n|\n|-damage|p2a: Moltres|48\/100 tox|[from] psn\n|-heal|p1a: Gliscor|64\/100 tox|[from] ability: Poison Heal\n|upkeep\n|turn|21\n|\n|t:|1700703027\n|move|p2a: Moltres|Air Slash|p1a: Gliscor\n|-damage|p1a: Gliscor|36\/100 tox\n|move|p1a: Gliscor|Roost|p1a: Gliscor\n|-heal|p1a: Gliscor|86\/100 tox\n|\n|-damage|p2a: Moltres|35\/100 tox|[from] psn\n|-heal|p1a: Gliscor|99\/100 tox|[from] ability: Poison Heal\n|upkeep\n|turn|22\n|\n|t:|1700703031\n|move|p2a: Moltres|Air Slash|p1a: Gliscor\n|-damage|p1a: Gliscor|69\/100 tox\n|cant|p1a: Gliscor|flinch\n|\n|-damage|p2a: Moltres|17\/100 tox|[from] psn\n|-heal|p1a: Gliscor|81\/100 tox|[from] ability: Poison Heal\n|upkeep\n|turn|23\n|\n|t:|1700703039\n|move|p2a: Moltres|Air Slash|p1a: Gliscor\n|-damage|p1a: Gliscor|49\/100 tox\n|move|p1a: Gliscor|Stealth Rock|p2a: Moltres\n|-sidestart|p2: arbitrion|move: Stealth Rock\n|\n|-damage|p2a: Moltres|0 fnt|[from] psn\n|faint|p2a: Moltres\n|-heal|p1a: Gliscor|61\/100 tox|[from] ability: Poison Heal\n|upkeep\n|\n|t:|1700703043\n|switch|p2a: Tapu Koko|Tapu Koko|100\/100\n|-damage|p2a: Tapu Koko|88\/100|[from] Stealth Rock\n|-fieldstart|move: Electric Terrain|[from] ability: Electric Surge|[of] p2a: Tapu Koko\n|turn|24\n|\n|t:|1700703054\n|move|p2a: Tapu Koko|Swagger|p1a: Gliscor\n|-boost|p1a: Gliscor|atk|2\n|-enditem|p2a: Tapu Koko|Mirror Herb\n|-boost|p2a: Tapu Koko|atk|2|[from] item: Mirror Herb\n|-start|p1a: Gliscor|confusion\n|-activate|p1a: Gliscor|confusion\n|move|p1a: Gliscor|Earthquake|p2a: Tapu Koko\n|-supereffective|p2a: Tapu Koko\n|-damage|p2a: Tapu Koko|0 fnt\n|faint|p2a: Tapu Koko\n|\n|-heal|p1a: Gliscor|74\/100 tox|[from] ability: Poison Heal\n|upkeep\n|\n|t:|1700703063\n|switch|p2a: Breloom|Breloom, M|100\/100\n|-damage|p2a: Breloom|94\/100|[from] Stealth Rock\n|turn|25\n|\n|t:|1700703077\n|move|p2a: Breloom|Swords Dance|p2a: Breloom\n|-boost|p2a: Breloom|atk|2\n|-activate|p1a: Gliscor|confusion\n|-damage|p1a: Gliscor|59\/100 tox|[from] confusion\n|\n|-heal|p1a: Gliscor|71\/100 tox|[from] ability: Poison Heal\n|upkeep\n|turn|26\n|\n|t:|1700703095\n|move|p2a: Breloom|Bullet Seed|p1a: Gliscor\n|-damage|p1a: Gliscor|38\/100 tox\n|-damage|p1a: Gliscor|7\/100 tox\n|-hitcount|p1a: Gliscor|2\n|-end|p1a: Gliscor|confusion\n|move|p1a: Gliscor|Toxic|p2a: Breloom\n|-status|p2a: Breloom|tox\n|\n|-damage|p2a: Breloom|88\/100 tox|[from] psn\n|-heal|p1a: Gliscor|20\/100 tox|[from] ability: Poison Heal\n|upkeep\n|turn|27\n|\n|t:|1700703110\n|move|p2a: Breloom|Mach Punch|p1a: Gliscor\n|-resisted|p1a: Gliscor\n|-damage|p1a: Gliscor|0 fnt\n|faint|p1a: Gliscor\n|\n|-damage|p2a: Breloom|76\/100 tox|[from] psn\n|upkeep\n|\n|t:|1700703121\n|switch|p1a: Lopunny|Lopunny-Mega, F, shiny|74\/100\n|turn|28\n|\n|t:|1700703127\n|move|p1a: Lopunny|Fake Out|p2a: Breloom\n|-damage|p2a: Breloom|40\/100 tox\n|cant|p2a: Breloom|flinch\n|\n|-damage|p2a: Breloom|22\/100 tox|[from] psn\n|-fieldend|move: Electric Terrain\n|upkeep\n|turn|29\n|\n|t:|1700703131\n|switch|p1a: Moltres|Moltres|36\/100\n|move|p2a: Breloom|Mach Punch|p1a: Moltres\n|-resisted|p1a: Moltres\n|-damage|p1a: Moltres|8\/100\n|\n|-damage|p2a: Breloom|0 fnt|[from] psn\n|faint|p2a: Breloom\n|\n|win|Richie2016\n|upkeep\n|raw|Richie2016's rating: 1521 &rarr; <strong>1535<\/strong><br \/>(+14 for winning)\n|raw|arbitrion's rating: 1406 &rarr; <strong>1392<\/strong><br \/>(-14 for losing)\n|l|\u2606arbitrion\n","uploadtime":1700703145,"views":1,"p1id":"richie2016","p2id":"arbitrion","formatid":"gen9nationaldex","rating":1392,"private":0,"password":""}