{"id":"gen9nationaldex-1997203774","p1":"ScootDDuck","p2":"iamjustanillusion","format":"[Gen 9] National Dex","log":"|html|<div class=\"broadcast-blue\"><strong>[Gen 9] National Dex is currently suspecting Sneasler! For information on how to participate check out the <a href=\"https:\/\/www.smogon.com\/forums\/threads\/sv-national-dex-suspect-8-just-dance.3731534\/\">suspect thread<\/a>.<\/strong><\/div>\n|j|\u2606ScootDDuck\n|j|\u2606iamjustanillusion\n|t:|1700775230\n|gametype|singles\n|player|p1|ScootDDuck|falkner|\n|player|p2|iamjustanillusion|winona|\n|teamsize|p1|6\n|teamsize|p2|6\n|gen|9\n|tier|[Gen 9] National Dex\n|rule|HP Percentage Mod: HP is shown in percentages\n|rule|Endless Battle Clause: Forcing endless battles is banned\n|rule|OHKO Clause: OHKO moves are banned\n|rule|Evasion Clause: Evasion abilities, items, and moves are banned\n|rule|Evasion Abilities Clause: Evasion abilities are banned\n|rule|Evasion Items Clause: Evasion items are banned\n|rule|Evasion Moves Clause: Evasion moves are banned\n|rule|Species Clause: Limit one of each Pok\u00e9mon\n|rule|Sleep Clause Mod: Limit one foe put to sleep\n|clearpoke\n|poke|p1|Hippowdon, M|\n|poke|p1|Minior|\n|poke|p1|Excadrill, M|\n|poke|p1|Garchomp, M|\n|poke|p1|Nidoking, M|\n|poke|p1|Gastrodon, F|\n|poke|p2|Minior|\n|poke|p2|Flygon, M|\n|poke|p2|Gliscor, F|\n|poke|p2|Aerodactyl, F|\n|poke|p2|Latios, M|\n|poke|p2|Dragonite, F|\n|teampreview\n|c|\u2606iamjustanillusion|my challenger team\n|c|\u2606iamjustanillusion|is my gym team\n|c|\u2606iamjustanillusion|:D\n|c|\u2606ScootDDuck|It's perfect\n|\n|t:|1700775256\n|start\n|switch|p1a: Whitebeard|Hippowdon, M|100\/100\n|switch|p2a: Minior|Minior|100\/100\n|-formechange|p2a: Minior|Minior-Meteor||[from] ability: Shields Down\n|-weather|Sandstorm|[from] ability: Sand Stream|[of] p1a: Whitebeard\n|turn|1\n|c|\u2606ScootDDuck|I love how you incorporated minior into it\n|\n|t:|1700775270\n|move|p2a: Minior|Shell Smash|p2a: Minior\n|-unboost|p2a: Minior|def|1\n|-unboost|p2a: Minior|spd|1\n|-boost|p2a: Minior|atk|2\n|-boost|p2a: Minior|spa|2\n|-boost|p2a: Minior|spe|2\n|move|p1a: Whitebeard|Stealth Rock|p2a: Minior\n|-sidestart|p2: iamjustanillusion|move: Stealth Rock\n|\n|-weather|Sandstorm|[upkeep]\n|upkeep\n|turn|2\n|c|\u2606iamjustanillusion|latios is goofy and i like him\n|\n|t:|1700775279\n|move|p2a: Minior|Earthquake|p1a: Whitebeard\n|-damage|p1a: Whitebeard|76\/100\n|move|p1a: Whitebeard|Whirlwind|p2a: Minior\n|drag|p2a: Aerodactyl|Aerodactyl, F|100\/100\n|-ability|p2a: Aerodactyl|Unnerve\n|-damage|p2a: Aerodactyl|76\/100|[from] Stealth Rock\n|\n|-weather|Sandstorm|[upkeep]\n|upkeep\n|turn|3\n|c|\u2606iamjustanillusion|uncool\n|c|\u2606ScootDDuck|No minior for you\n|\n|t:|1700775292\n|detailschange|p2a: Aerodactyl|Aerodactyl-Mega, F\n|-mega|p2a: Aerodactyl|Aerodactyl|Aerodactylite\n|move|p2a: Aerodactyl|Dual Wingbeat|p1a: Whitebeard\n|-damage|p1a: Whitebeard|59\/100\n|-damage|p1a: Whitebeard|42\/100\n|-hitcount|p1a: Whitebeard|2\n|move|p1a: Whitebeard|Toxic|p2a: Aerodactyl\n|-status|p2a: Aerodactyl|tox\n|\n|-weather|Sandstorm|[upkeep]\n|-damage|p2a: Aerodactyl|70\/100 tox|[from] psn\n|upkeep\n|turn|4\n|\n|t:|1700775301\n|switch|p1a: Zoro|Excadrill, M, shiny|100\/100\n|move|p2a: Aerodactyl|Dual Wingbeat|p1a: Zoro\n|-resisted|p1a: Zoro\n|-damage|p1a: Zoro|78\/100\n|-resisted|p1a: Zoro\n|-damage|p1a: Zoro|55\/100\n|-hitcount|p1a: Zoro|2\n|\n|-weather|Sandstorm|[upkeep]\n|-damage|p2a: Aerodactyl|58\/100 tox|[from] psn\n|upkeep\n|turn|5\n|\n|t:|1700775310\n|move|p1a: Zoro|Iron Head|p2a: Aerodactyl\n|-supereffective|p2a: Aerodactyl\n|-damage|p2a: Aerodactyl|0 fnt\n|faint|p2a: Aerodactyl\n|\n|-weather|Sandstorm|[upkeep]\n|upkeep\n|\n|t:|1700775316\n|switch|p2a: Gliscor|Gliscor, F|100\/100\n|-damage|p2a: Gliscor|88\/100|[from] Stealth Rock\n|turn|6\n|\n|t:|1700775320\n|move|p1a: Zoro|Iron Head|p2a: Gliscor\n|-damage|p2a: Gliscor|47\/100\n|move|p2a: Gliscor|Earthquake|p1a: Zoro\n|-supereffective|p1a: Zoro\n|-crit|p1a: Zoro\n|-damage|p1a: Zoro|0 fnt\n|faint|p1a: Zoro\n|\n|-weather|Sandstorm|[upkeep]\n|-status|p2a: Gliscor|tox|[from] item: Toxic Orb\n|upkeep\n|\n|t:|1700775324\n|switch|p1a: Doku Doku|Nidoking, M|100\/100\n|turn|7\n|c|\u2606ScootDDuck|Uh oh\n|\n|t:|1700775336\n|switch|p1a: Sabo|Minior, shiny|100\/100\n|-formechange|p1a: Sabo|Minior-Meteor||[from] ability: Shields Down\n|move|p2a: Gliscor|Protect||[still]\n|-fail|p2a: Gliscor\n|\n|-weather|Sandstorm|[upkeep]\n|-heal|p2a: Gliscor|60\/100 tox|[from] ability: Poison Heal\n|upkeep\n|turn|8\n|\n|t:|1700775345\n|move|p2a: Gliscor|Toxic|p1a: Sabo\n|-immune|p1a: Sabo|[from] ability: Shields Down\n|move|p1a: Sabo|Shell Smash|p1a: Sabo\n|-unboost|p1a: Sabo|def|1\n|-unboost|p1a: Sabo|spd|1\n|-boost|p1a: Sabo|atk|2\n|-boost|p1a: Sabo|spa|2\n|-boost|p1a: Sabo|spe|2\n|\n|-weather|none\n|-heal|p2a: Gliscor|72\/100 tox|[from] ability: Poison Heal\n|upkeep\n|turn|9\n|c|\u2606ScootDDuck|Gotcha :3\n|c|\u2606iamjustanillusion|i forgor\n|c|\u2606iamjustanillusion|:(\n|\n|t:|1700775367\n|switch|p2a: Flygon|Flygon, M|100\/100\n|-damage|p2a: Flygon|95\/100|[from] Stealth Rock\n|move|p1a: Sabo|Shell Smash|p1a: Sabo\n|-unboost|p1a: Sabo|def|1\n|-unboost|p1a: Sabo|spd|1\n|-boost|p1a: Sabo|atk|2\n|-boost|p1a: Sabo|spa|2\n|-boost|p1a: Sabo|spe|2\n|\n|upkeep\n|turn|10\n|\n|t:|1700775377\n|move|p1a: Sabo|Rock Slide|p2a: Flygon\n|-resisted|p2a: Flygon\n|-damage|p2a: Flygon|41\/100\n|cant|p2a: Flygon|flinch\n|\n|upkeep\n|turn|11\n|c|\u2606iamjustanillusion|bruh\n|\n|t:|1700775383\n|move|p1a: Sabo|Rock Slide|p2a: Flygon\n|-resisted|p2a: Flygon\n|-damage|p2a: Flygon|0 fnt\n|faint|p2a: Flygon\n|\n|upkeep\n|c|\u2606ScootDDuck|Silly\n|c|\u2606iamjustanillusion|actual bruh moment\n|\n|t:|1700775393\n|switch|p2a: Latios|Latios, M|100\/100\n|-damage|p2a: Latios|88\/100|[from] Stealth Rock\n|turn|12\n|\n|t:|1700775399\n|move|p1a: Sabo|Rock Slide|p2a: Latios\n|-damage|p2a: Latios|0 fnt\n|faint|p2a: Latios\n|\n|upkeep\n|\n|t:|1700775404\n|switch|p2a: Dragonite|Dragonite, F|100\/100\n|turn|13\n|\n|t:|1700775411\n|-terastallize|p2a: Dragonite|Normal\n|move|p2a: Dragonite|Extreme Speed|p1a: Sabo\n|-resisted|p1a: Sabo\n|-damage|p1a: Sabo|36\/100\n|move|p1a: Sabo|Rock Slide|p2a: Dragonite\n|-damage|p2a: Dragonite|59\/100\n|\n|-formechange|p1a: Sabo|Minior||[from] ability: Shields Down\n|upkeep\n|turn|14\n|\n|t:|1700775421\n|move|p2a: Dragonite|Extreme Speed|p1a: Sabo\n|-resisted|p1a: Sabo\n|-damage|p1a: Sabo|0 fnt\n|faint|p1a: Sabo\n|\n|upkeep\n|\n|t:|1700775425\n|switch|p1a: Whitebeard|Hippowdon, M|42\/100\n|-weather|Sandstorm|[from] ability: Sand Stream|[of] p1a: Whitebeard\n|turn|15\n|\n|t:|1700775431\n|switch|p1a: Pudding|Gastrodon, F|100\/100\n|move|p2a: Dragonite|Extreme Speed|p1a: Pudding\n|-damage|p1a: Pudding|66\/100\n|\n|-weather|Sandstorm|[upkeep]\n|-damage|p2a: Dragonite|53\/100|[from] Sandstorm\n|-heal|p1a: Pudding|72\/100|[from] item: Leftovers\n|upkeep\n|turn|16\n|c|\u2606ScootDDuck|Ril Sabo\n|\n|t:|1700775441\n|move|p2a: Dragonite|Extreme Speed|p1a: Pudding\n|-damage|p1a: Pudding|39\/100\n|move|p1a: Pudding|Scald|p2a: Dragonite\n|-damage|p2a: Dragonite|27\/100\n|\n|-weather|Sandstorm|[upkeep]\n|-damage|p2a: Dragonite|21\/100|[from] Sandstorm\n|-heal|p1a: Pudding|45\/100|[from] item: Leftovers\n|upkeep\n|turn|17\n|\n|t:|1700775450\n|move|p2a: Dragonite|Extreme Speed|p1a: Pudding\n|-damage|p1a: Pudding|11\/100\n|move|p1a: Pudding|Scald|p2a: Dragonite\n|-damage|p2a: Dragonite|0 fnt\n|faint|p2a: Dragonite\n|\n|-weather|Sandstorm|[upkeep]\n|-heal|p1a: Pudding|17\/100|[from] item: Leftovers\n|upkeep\n|\n|t:|1700775458\n|switch|p2a: Minior|Minior|100\/100\n|-damage|p2a: Minior|76\/100|[from] Stealth Rock\n|-formechange|p2a: Minior|Minior-Meteor||[from] ability: Shields Down\n|turn|18\n|\n|t:|1700775466\n|move|p2a: Minior|Earthquake|p1a: Pudding\n|-damage|p1a: Pudding|1\/100\n|move|p1a: Pudding|Scald|p2a: Minior\n|-supereffective|p2a: Minior\n|-damage|p2a: Minior|27\/100\n|\n|-weather|Sandstorm|[upkeep]\n|-heal|p1a: Pudding|7\/100|[from] item: Leftovers\n|-formechange|p2a: Minior|Minior||[from] ability: Shields Down\n|upkeep\n|turn|19\n|\n|t:|1700775477\n|move|p2a: Minior|Earthquake|p1a: Pudding\n|-damage|p1a: Pudding|0 fnt\n|faint|p1a: Pudding\n|\n|-weather|Sandstorm|[upkeep]\n|upkeep\n|\n|t:|1700775485\n|switch|p1a: Doku Doku|Nidoking, M|100\/100\n|turn|20\n|\n|t:|1700775493\n|-terastallize|p1a: Doku Doku|Poison\n|move|p2a: Minior|Earthquake|p1a: Doku Doku\n|-supereffective|p1a: Doku Doku\n|-damage|p1a: Doku Doku|12\/100\n|move|p1a: Doku Doku|Sludge Wave|p2a: Minior\n|-resisted|p2a: Minior\n|-damage|p2a: Minior|0 fnt\n|faint|p2a: Minior\n|\n|-weather|Sandstorm|[upkeep]\n|-damage|p1a: Doku Doku|6\/100|[from] Sandstorm\n|upkeep\n|\n|t:|1700775507\n|switch|p2a: Gliscor|Gliscor, F|72\/100 tox\n|-damage|p2a: Gliscor|60\/100 tox|[from] Stealth Rock\n|turn|21\n|\n|t:|1700775512\n|move|p1a: Doku Doku|Sludge Wave|p2a: Gliscor\n|-resisted|p2a: Gliscor\n|-damage|p2a: Gliscor|9\/100 tox\n|move|p2a: Gliscor|Roost|p2a: Gliscor\n|-heal|p2a: Gliscor|59\/100 tox\n|-singleturn|p2a: Gliscor|move: Roost\n|\n|-weather|Sandstorm|[upkeep]\n|-damage|p1a: Doku Doku|0 fnt|[from] Sandstorm\n|faint|p1a: Doku Doku\n|-heal|p2a: Gliscor|72\/100 tox|[from] ability: Poison Heal\n|upkeep\n|\n|t:|1700775515\n|switch|p1a: Monkey D. Dragon|Garchomp, M, shiny|100\/100\n|turn|22\n|\n|t:|1700775524\n|detailschange|p1a: Monkey D. Dragon|Garchomp-Mega, M, shiny\n|-mega|p1a: Monkey D. Dragon|Garchomp|Garchompite\n|move|p1a: Monkey D. Dragon|Dragon Claw|p2a: Gliscor\n|-damage|p2a: Gliscor|41\/100 tox\n|move|p2a: Gliscor|Toxic|p1a: Monkey D. Dragon\n|-status|p1a: Monkey D. Dragon|tox\n|\n|-weather|none\n|-damage|p1a: Monkey D. Dragon|94\/100 tox|[from] psn\n|-heal|p2a: Gliscor|53\/100 tox|[from] ability: Poison Heal\n|upkeep\n|turn|23\n|\n|t:|1700775534\n|move|p1a: Monkey D. Dragon|Dragon Claw|p2a: Gliscor\n|-damage|p2a: Gliscor|21\/100 tox\n|move|p2a: Gliscor|Roost|p2a: Gliscor\n|-heal|p2a: Gliscor|71\/100 tox\n|-singleturn|p2a: Gliscor|move: Roost\n|\n|-damage|p1a: Monkey D. Dragon|82\/100 tox|[from] psn\n|-heal|p2a: Gliscor|84\/100 tox|[from] ability: Poison Heal\n|upkeep\n|turn|24\n|\n|t:|1700775544\n|move|p2a: Gliscor|Protect|p2a: Gliscor\n|-singleturn|p2a: Gliscor|Protect\n|move|p1a: Monkey D. Dragon|Swords Dance|p1a: Monkey D. Dragon\n|-boost|p1a: Monkey D. Dragon|atk|2\n|\n|-damage|p1a: Monkey D. Dragon|64\/100 tox|[from] psn\n|-heal|p2a: Gliscor|96\/100 tox|[from] ability: Poison Heal\n|upkeep\n|turn|25\n|\n|t:|1700775557\n|move|p1a: Monkey D. Dragon|Swords Dance|p1a: Monkey D. Dragon\n|-boost|p1a: Monkey D. Dragon|atk|2\n|move|p2a: Gliscor|Earthquake|p1a: Monkey D. Dragon\n|-damage|p1a: Monkey D. Dragon|34\/100 tox\n|\n|-damage|p1a: Monkey D. Dragon|9\/100 tox|[from] psn\n|-heal|p2a: Gliscor|100\/100 tox|[from] ability: Poison Heal\n|upkeep\n|turn|26\n|\n|t:|1700775565\n|move|p2a: Gliscor|Protect|p2a: Gliscor\n|-singleturn|p2a: Gliscor|Protect\n|move|p1a: Monkey D. Dragon|Dragon Claw|p2a: Gliscor\n|-activate|p2a: Gliscor|move: Protect\n|\n|-damage|p1a: Monkey D. Dragon|0 fnt|[from] psn\n|faint|p1a: Monkey D. Dragon\n|upkeep\n|\n|t:|1700775568\n|switch|p1a: Whitebeard|Hippowdon, M|42\/100\n|-weather|Sandstorm|[from] ability: Sand Stream|[of] p1a: Whitebeard\n|turn|27\n|\n|t:|1700775576\n|move|p2a: Gliscor|Roost||[still]\n|-fail|p2a: Gliscor|heal\n|move|p1a: Whitebeard|Whirlwind||[still]\n|-fail|p1a: Whitebeard\n|\n|-weather|Sandstorm|[upkeep]\n|upkeep\n|turn|28\n|c|\u2606ScootDDuck|Gliscor loves ruining my day\n|\n|t:|1700775582\n|move|p2a: Gliscor|Toxic|p1a: Whitebeard\n|-status|p1a: Whitebeard|tox\n|move|p1a: Whitebeard|Earthquake|p2a: Gliscor\n|-immune|p2a: Gliscor\n|\n|-weather|Sandstorm|[upkeep]\n|-damage|p1a: Whitebeard|36\/100 tox|[from] psn\n|upkeep\n|turn|29\n|c|\u2606iamjustanillusion|wait can you not hit him\n|c|\u2606iamjustanillusion|LMAO\n|c|\u2606ScootDDuck|Finish it plz\n|c|\u2606iamjustanillusion|gg\n|c|\u2606ScootDDuck|GG lol\n|\n|t:|1700775597\n|move|p2a: Gliscor|Earthquake|p1a: Whitebeard\n|-damage|p1a: Whitebeard|19\/100 tox\n|move|p1a: Whitebeard|Stealth Rock||[still]\n|-fail|p1a: Whitebeard\n|\n|-weather|Sandstorm|[upkeep]\n|-damage|p1a: Whitebeard|7\/100 tox|[from] psn\n|upkeep\n|turn|30\n|c|\u2606iamjustanillusion|i got dat ground badge now\n|c|\u2606iamjustanillusion|yay\n|\n|t:|1700775603\n|move|p2a: Gliscor|Earthquake|p1a: Whitebeard\n|-damage|p1a: Whitebeard|0 fnt\n|faint|p1a: Whitebeard\n|\n|win|iamjustanillusion\n|l|\u2606iamjustanillusion\n|c|\u2606ScootDDuck|I'll get a flying badge soon enough...\n","uploadtime":1700775617,"views":20,"p1id":"scootdduck","p2id":"iamjustanillusion","formatid":"gen9nationaldex","rating":0,"private":0,"password":""}