{"id":"gen9nationaldex-1987084719","p1":"AzulRadical","p2":"hightopfade69","format":"[Gen 9] National Dex","log":"|j|\u2606AzulRadical\n|j|\u203dhightopfade69\n|t:|1699554804\n|gametype|singles\n|player|p1|AzulRadical|hugh|1231\n|player|p2|hightopfade69|102|1122\n|teamsize|p1|6\n|teamsize|p2|6\n|gen|9\n|tier|[Gen 9] National Dex\n|rated|\n|rule|HP Percentage Mod: HP is shown in percentages\n|rule|Endless Battle Clause: Forcing endless battles is banned\n|rule|OHKO Clause: OHKO moves are banned\n|rule|Evasion Clause: Evasion abilities, items, and moves are banned\n|rule|Evasion Abilities Clause: Evasion abilities are banned\n|rule|Evasion Items Clause: Evasion items are banned\n|rule|Evasion Moves Clause: Evasion moves are banned\n|rule|Species Clause: Limit one of each Pok\u00e9mon\n|rule|Sleep Clause Mod: Limit one foe put to sleep\n|clearpoke\n|poke|p1|Charizard, M|\n|poke|p1|Torkoal, M|\n|poke|p1|Lilligant-Hisui, F|\n|poke|p1|Wishiwashi, M|\n|poke|p1|Iron Thorns|\n|poke|p1|Latios, M|\n|poke|p2|Druddigon, F|\n|poke|p2|Banette, F|\n|poke|p2|Tapu Koko|\n|poke|p2|Iron Moth|\n|poke|p2|Dondozo, F|\n|poke|p2|Iron Valiant|\n|teampreview\n|inactive|Battle timer is ON: inactive players will automatically lose when time's up. (requested by AzulRadical)\n|\n|t:|1699554816\n|start\n|switch|p1a: Torkoal|Torkoal, M|100\/100\n|switch|p2a: Druddigon|Druddigon, F|100\/100\n|-weather|SunnyDay|[from] ability: Drought|[of] p1a: Torkoal\n|turn|1\n|\n|t:|1699554820\n|move|p2a: Druddigon|Taunt|p1a: Torkoal\n|-start|p1a: Torkoal|move: Taunt\n|cant|p1a: Torkoal|move: Taunt|Stealth Rock\n|\n|-weather|SunnyDay|[upkeep]\n|upkeep\n|turn|2\n|\n|t:|1699554828\n|move|p2a: Druddigon|Glare|p1a: Torkoal\n|-status|p1a: Torkoal|par\n|cant|p1a: Torkoal|par\n|\n|-weather|SunnyDay|[upkeep]\n|upkeep\n|turn|3\n|\n|t:|1699554835\n|move|p2a: Druddigon|Stealth Rock|p1a: Torkoal\n|-sidestart|p1: AzulRadical|move: Stealth Rock\n|move|p1a: Torkoal|Explosion|p2a: Druddigon\n|-damage|p2a: Druddigon|52\/100\n|faint|p1a: Torkoal\n|\n|-weather|SunnyDay|[upkeep]\n|upkeep\n|\n|t:|1699554837\n|switch|p1a: Charizard|Charizard, M|100\/100\n|-damage|p1a: Charizard|51\/100|[from] Stealth Rock\n|turn|4\n|\n|t:|1699554848\n|move|p1a: Charizard|Weather Ball|p2a: Druddigon\n|-resisted|p2a: Druddigon\n|-damage|p2a: Druddigon|0 fnt\n|faint|p2a: Druddigon\n|\n|-weather|SunnyDay|[upkeep]\n|-damage|p1a: Charizard|38\/100|[from] ability: Solar Power|[of] p1a: Charizard\n|upkeep\n|\n|t:|1699554858\n|switch|p2a: Tapu Koko|Tapu Koko|100\/100\n|-fieldstart|move: Electric Terrain|[from] ability: Electric Surge|[of] p2a: Tapu Koko\n|turn|5\n|\n|t:|1699554870\n|move|p2a: Tapu Koko|Light Screen|p2a: Tapu Koko\n|-sidestart|p2: hightopfade69|move: Light Screen\n|move|p1a: Charizard|Weather Ball|p2a: Tapu Koko\n|-damage|p2a: Tapu Koko|0 fnt\n|faint|p2a: Tapu Koko\n|\n|-weather|SunnyDay|[upkeep]\n|-damage|p1a: Charizard|26\/100|[from] ability: Solar Power|[of] p1a: Charizard\n|upkeep\n|\n|t:|1699554880\n|switch|p2a: Iron Moth|Iron Moth|100\/100\n|-activate|p2a: Iron Moth|ability: Quark Drive\n|-start|p2a: Iron Moth|quarkdrivespe\n|turn|6\n|\n|t:|1699554888\n|move|p2a: Iron Moth|Sludge Wave|p1a: Charizard\n|-damage|p1a: Charizard|0 fnt\n|faint|p1a: Charizard\n|\n|-weather|SunnyDay|[upkeep]\n|upkeep\n|\n|t:|1699554902\n|switch|p1a: Latios|Latios, M|100\/100\n|-damage|p1a: Latios|88\/100|[from] Stealth Rock\n|turn|7\n|\n|t:|1699554907\n|detailschange|p1a: Latios|Latios-Mega, M\n|-mega|p1a: Latios|Latios|Latiosite\n|move|p2a: Iron Moth|Sludge Wave|p1a: Latios\n|-damage|p1a: Latios|35\/100\n|move|p1a: Latios|Calm Mind|p1a: Latios\n|-boost|p1a: Latios|spa|1\n|-boost|p1a: Latios|spd|1\n|\n|-weather|SunnyDay|[upkeep]\n|upkeep\n|turn|8\n|\n|t:|1699554917\n|move|p2a: Iron Moth|Sludge Wave|p1a: Latios\n|-damage|p1a: Latios|0 fnt\n|faint|p1a: Latios\n|\n|-weather|none\n|upkeep\n|\n|t:|1699554927\n|switch|p1a: Wishiwashi|Wishiwashi, M|100\/100\n|-damage|p1a: Wishiwashi|88\/100|[from] Stealth Rock\n|-formechange|p1a: Wishiwashi|Wishiwashi-School||[from] ability: Schooling\n|turn|9\n|\n|t:|1699554937\n|move|p2a: Iron Moth|Sludge Wave|p1a: Wishiwashi\n|-damage|p1a: Wishiwashi|47\/100\n|move|p1a: Wishiwashi|Hydro Pump|p2a: Iron Moth|[miss]\n|-miss|p1a: Wishiwashi|p2a: Iron Moth\n|\n|-sideend|p2: hightopfade69|move: Light Screen\n|upkeep\n|turn|10\n|\n|t:|1699554942\n|move|p2a: Iron Moth|Sludge Wave|p1a: Wishiwashi\n|-damage|p1a: Wishiwashi|3\/100\n|move|p1a: Wishiwashi|Hydro Pump|p2a: Iron Moth|[miss]\n|-miss|p1a: Wishiwashi|p2a: Iron Moth\n|\n|-formechange|p1a: Wishiwashi|Wishiwashi||[from] ability: Schooling\n|upkeep\n|turn|11\n|\n|t:|1699554947\n|move|p2a: Iron Moth|Sludge Wave|p1a: Wishiwashi\n|-damage|p1a: Wishiwashi|0 fnt\n|faint|p1a: Wishiwashi\n|\n|upkeep\n|\n|t:|1699554949\n|switch|p1a: Iron Thorns|Iron Thorns|100\/100\n|-damage|p1a: Iron Thorns|88\/100|[from] Stealth Rock\n|-activate|p1a: Iron Thorns|ability: Quark Drive\n|-start|p1a: Iron Thorns|quarkdriveatk\n|turn|12\n|\n|t:|1699554958\n|move|p2a: Iron Moth|Sludge Wave|p1a: Iron Thorns\n|-resisted|p1a: Iron Thorns\n|-damage|p1a: Iron Thorns|51\/100\n|-status|p1a: Iron Thorns|psn\n|move|p1a: Iron Thorns|Earthquake|p2a: Iron Moth\n|-supereffective|p2a: Iron Moth\n|-damage|p2a: Iron Moth|0 fnt\n|faint|p2a: Iron Moth\n|-end|p2a: Iron Moth|Quark Drive|[silent]\n|\n|-damage|p1a: Iron Thorns|39\/100 psn|[from] psn\n|-fieldend|move: Electric Terrain\n|-end|p1a: Iron Thorns|Quark Drive\n|upkeep\n|-enditem|p1a: Iron Thorns|Booster Energy\n|-activate|p1a: Iron Thorns|ability: Quark Drive|[fromitem]\n|-start|p1a: Iron Thorns|quarkdriveatk\n|\n|t:|1699554975\n|switch|p2a: Dondozo|Dondozo, F|100\/100\n|turn|13\n|\n|t:|1699554984\n|move|p1a: Iron Thorns|Wild Charge|p2a: Dondozo\n|-supereffective|p2a: Dondozo\n|-damage|p2a: Dondozo|25\/100\n|-damage|p1a: Iron Thorns|11\/100 psn|[from] Recoil\n|move|p2a: Dondozo|Liquidation|p1a: Iron Thorns\n|-supereffective|p1a: Iron Thorns\n|-damage|p1a: Iron Thorns|0 fnt\n|faint|p1a: Iron Thorns\n|-end|p1a: Iron Thorns|Quark Drive|[silent]\n|\n|-heal|p2a: Dondozo|31\/100|[from] item: Leftovers\n|upkeep\n|\n|t:|1699554987\n|switch|p1a: Lilligant|Lilligant-Hisui, F|100\/100\n|-damage|p1a: Lilligant|94\/100|[from] Stealth Rock\n|turn|14\n|\n|t:|1699554996\n|switch|p2a: Banette|Banette, F|100\/100\n|-item|p1a: Lilligant|Life Orb|[from] ability: Frisk|[of] p2a: Banette|[identify]\n|move|p1a: Lilligant|Swords Dance|p1a: Lilligant\n|-boost|p1a: Lilligant|atk|2\n|\n|upkeep\n|turn|15\n|\n|t:|1699555003\n|detailschange|p2a: Banette|Banette-Mega, F\n|-mega|p2a: Banette|Banette|Banettite\n|-terastallize|p1a: Lilligant|Grass\n|move|p2a: Banette|Encore|p1a: Lilligant\n|-start|p1a: Lilligant|Encore\n|move|p1a: Lilligant|Swords Dance|p1a: Lilligant\n|-boost|p1a: Lilligant|atk|2\n|\n|upkeep\n|turn|16\n|\n|t:|1699555011\n|move|p1a: Lilligant|Swords Dance|p1a: Lilligant\n|-boost|p1a: Lilligant|atk|2\n|move|p2a: Banette|Knock Off|p1a: Lilligant\n|-damage|p1a: Lilligant|27\/100\n|-enditem|p1a: Lilligant|Life Orb|[from] move: Knock Off|[of] p2a: Banette\n|\n|upkeep\n|turn|17\n|\n|t:|1699555013\n|move|p2a: Banette|Destiny Bond|p2a: Banette\n|-singlemove|p2a: Banette|Destiny Bond\n|move|p1a: Lilligant|Swords Dance|p1a: Lilligant\n|-boost|p1a: Lilligant|atk|0\n|\n|-end|p1a: Lilligant|Encore\n|upkeep\n|turn|18\n|\n|t:|1699555019\n|move|p1a: Lilligant|Solar Blade||[still]\n|-prepare|p1a: Lilligant|Solar Blade\n|move|p2a: Banette|Poltergeist||[still]\n|-fail|p2a: Banette\n|\n|upkeep\n|turn|19\n|\n|t:|1699555025\n|move|p2a: Banette|Destiny Bond|p2a: Banette\n|-singlemove|p2a: Banette|Destiny Bond\n|move|p1a: Lilligant|Solar Blade|p2a: Banette|[from]lockedmove\n|-damage|p2a: Banette|0 fnt\n|faint|p2a: Banette\n|-activate|p2a: Banette|move: Destiny Bond\n|faint|p1a: Lilligant\n|\n|win|hightopfade69\n|raw|AzulRadical's rating: 1231 &rarr; <strong>1198<\/strong><br \/>(-33 for losing)\n|raw|hightopfade69's rating: 1122 &rarr; <strong>1155<\/strong><br \/>(+33 for winning)\n","uploadtime":1699555041,"views":17,"p1id":"azulradical","p2id":"hightopfade69","formatid":"gen9nationaldex","rating":1155,"private":0,"password":""}