{"id":"gen9nationaldex-1987042469","p1":"Honwave59","p2":"ShelmetSoup","format":"[Gen 9] National Dex","log":"|j|\u2606Honwave59\n|j|\u2606ShelmetSoup\n|t:|1699551384\n|gametype|singles\n|player|p1|Honwave59|pilot|1311\n|player|p2|ShelmetSoup|266|1353\n|teamsize|p1|6\n|teamsize|p2|6\n|gen|9\n|tier|[Gen 9] National Dex\n|rated|\n|rule|HP Percentage Mod: HP is shown in percentages\n|rule|Endless Battle Clause: Forcing endless battles is banned\n|rule|OHKO Clause: OHKO moves are banned\n|rule|Evasion Clause: Evasion abilities, items, and moves are banned\n|rule|Evasion Abilities Clause: Evasion abilities are banned\n|rule|Evasion Items Clause: Evasion items are banned\n|rule|Evasion Moves Clause: Evasion moves are banned\n|rule|Species Clause: Limit one of each Pok\u00e9mon\n|rule|Sleep Clause Mod: Limit one foe put to sleep\n|clearpoke\n|poke|p1|Tapu Lele|\n|poke|p1|Torterra, M|\n|poke|p1|Durant, M|\n|poke|p1|Sinistcha-Masterpiece|\n|poke|p1|Darmanitan, M|\n|poke|p1|Rabsca, F|\n|poke|p2|Tangrowth, F|\n|poke|p2|Ferrothorn, M|\n|poke|p2|Tapu Koko|\n|poke|p2|Iron Moth|\n|poke|p2|Gliscor, F|\n|poke|p2|Gyarados, M|\n|teampreview\n|inactive|Battle timer is ON: inactive players will automatically lose when time's up. (requested by Honwave59)\n|\n|t:|1699551405\n|start\n|switch|p1a: Kachigga my|Darmanitan, M, shiny|100\/100\n|switch|p2a: Tapu Koko|Tapu Koko|100\/100\n|-fieldstart|move: Electric Terrain|[from] ability: Electric Surge|[of] p2a: Tapu Koko\n|turn|1\n|\n|t:|1699551408\n|move|p1a: Kachigga my|Flare Blitz|p2a: Tapu Koko\n|-damage|p2a: Tapu Koko|0 fnt\n|faint|p2a: Tapu Koko\n|-damage|p1a: Kachigga my|74\/100|[from] Recoil\n|\n|upkeep\n|\n|t:|1699551414\n|switch|p2a: Gyarados|Gyarados, M|100\/100\n|-ability|p2a: Gyarados|Intimidate|boost\n|-unboost|p1a: Kachigga my|atk|1\n|turn|2\n|\n|t:|1699551421\n|switch|p1a: Sinistcha|Sinistcha-Masterpiece|100\/100\n|move|p2a: Gyarados|Substitute|p2a: Gyarados\n|-start|p2a: Gyarados|Substitute\n|-damage|p2a: Gyarados|76\/100\n|\n|upkeep\n|turn|3\n|inactive|Honwave59 has 120 seconds left.\n|\n|t:|1699551452\n|detailschange|p2a: Gyarados|Gyarados-Mega, M\n|-mega|p2a: Gyarados|Gyarados|Gyaradosite\n|-ability|p2a: Gyarados|Mold Breaker\n|move|p2a: Gyarados|Crunch|p1a: Sinistcha\n|-supereffective|p1a: Sinistcha\n|-damage|p1a: Sinistcha|1\/100\n|move|p1a: Sinistcha|Matcha Gotcha|p2a: Gyarados\n|-supereffective|p2a: Gyarados\n|-end|p2a: Gyarados|Substitute\n|-heal|p1a: Sinistcha|13\/100|[from] drain|[of] p2a: Gyarados\n|\n|upkeep\n|turn|4\n|inactive|Honwave59 has 120 seconds left.\n|\n|t:|1699551463\n|move|p2a: Gyarados|Crunch|p1a: Sinistcha\n|-supereffective|p1a: Sinistcha\n|-damage|p1a: Sinistcha|0 fnt\n|faint|p1a: Sinistcha\n|\n|upkeep\n|\n|t:|1699551465\n|switch|p1a: John Xina|Durant, M|100\/100\n|turn|5\n|\n|t:|1699551471\n|switch|p2a: Gliscor|Gliscor, F|100\/100\n|move|p1a: John Xina|First Impression|p2a: Gliscor|[miss]\n|-miss|p1a: John Xina|p2a: Gliscor\n|\n|-fieldend|move: Electric Terrain\n|-status|p2a: Gliscor|tox|[from] item: Toxic Orb\n|upkeep\n|turn|6\n|\n|t:|1699551480\n|switch|p1a: Karl Marx|Rabsca, F|100\/100\n|move|p2a: Gliscor|Earthquake|p1a: Karl Marx\n|-resisted|p1a: Karl Marx\n|-damage|p1a: Karl Marx|82\/100\n|\n|upkeep\n|turn|7\n|\n|t:|1699551490\n|move|p2a: Gliscor|Toxic|p1a: Karl Marx|[miss]\n|-miss|p2a: Gliscor|p1a: Karl Marx\n|move|p1a: Karl Marx|Revival Blessing|p1a: Karl Marx\n|\n|t:|1699551493\n|-heal|p1: Sinistcha|50\/100|[from] move: Revival Blessing\n|\n|upkeep\n|turn|8\n|\n|t:|1699551498\n|switch|p1a: John Xina|Durant, M|100\/100\n|move|p2a: Gliscor|Toxic|p1a: John Xina\n|-immune|p1a: John Xina\n|\n|upkeep\n|turn|9\n|c|\u2606ShelmetSoup|wow\n|\n|t:|1699551506\n|move|p1a: John Xina|Iron Head|p2a: Gliscor\n|-damage|p2a: Gliscor|34\/100 tox\n|cant|p2a: Gliscor|flinch\n|\n|-heal|p2a: Gliscor|46\/100 tox|[from] ability: Poison Heal\n|upkeep\n|turn|10\n|c|\u2606ShelmetSoup|gonna be one of those games\n|\n|t:|1699551514\n|switch|p1a: Kachigga my|Darmanitan, M, shiny|74\/100\n|switch|p2a: Ferrothorn|Ferrothorn, M|100\/100\n|\n|upkeep\n|turn|11\n|c|\u2606ShelmetSoup|smh\n|\n|t:|1699551523\n|-terastallize|p2a: Ferrothorn|Ghost\n|move|p1a: Kachigga my|U-turn|p2a: Ferrothorn\n|-resisted|p2a: Ferrothorn\n|-damage|p2a: Ferrothorn|90\/100\n|-damage|p1a: Kachigga my|62\/100|[from] ability: Iron Barbs|[of] p2a: Ferrothorn\n|\n|t:|1699551528\n|switch|p1a: Sinistcha|Sinistcha-Masterpiece|50\/100|[from] U-turn\n|move|p2a: Ferrothorn|Stealth Rock|p1a: Sinistcha\n|-sidestart|p1: Honwave59|move: Stealth Rock\n|\n|-heal|p2a: Ferrothorn|96\/100|[from] item: Leftovers\n|upkeep\n|turn|12\n|\n|t:|1699551531\n|switch|p2a: Gyarados|Gyarados-Mega, M|76\/100\n|-ability|p2a: Gyarados|Mold Breaker\n|move|p1a: Sinistcha|Strength Sap|p2a: Gyarados\n|-unboost|p2a: Gyarados|atk|1\n|-heal|p1a: Sinistcha|100\/100\n|\n|upkeep\n|turn|13\n|\n|t:|1699551550\n|switch|p2a: Iron Moth|Iron Moth|100\/100\n|move|p1a: Sinistcha|Matcha Gotcha|p2a: Iron Moth\n|-resisted|p2a: Iron Moth\n|-damage|p2a: Iron Moth|89\/100\n|\n|upkeep\n|turn|14\n|\n|t:|1699551560\n|switch|p1a: Karl Marx|Rabsca, F|82\/100\n|-damage|p1a: Karl Marx|57\/100|[from] Stealth Rock\n|move|p2a: Iron Moth|Fiery Dance|p1a: Karl Marx\n|-supereffective|p1a: Karl Marx\n|-damage|p1a: Karl Marx|0 fnt\n|faint|p1a: Karl Marx\n|\n|upkeep\n|\n|t:|1699551565\n|switch|p1a: Little boy|Tapu Lele|100\/100\n|-damage|p1a: Little boy|88\/100|[from] Stealth Rock\n|-fieldstart|move: Psychic Terrain|[from] ability: Psychic Surge|[of] p1a: Little boy\n|turn|15\n|\n|t:|1699551570\n|-end|p2a: Iron Moth|Quark Drive|[silent]\n|switch|p2a: Ferrothorn|Ferrothorn, M, tera:Ghost|96\/100\n|move|p1a: Little boy|Psychic|p2a: Ferrothorn\n|-damage|p2a: Ferrothorn|40\/100\n|\n|-heal|p2a: Ferrothorn|46\/100|[from] item: Leftovers\n|upkeep\n|turn|16\n|\n|t:|1699551579\n|switch|p1a: John Xina|Durant, M|100\/100\n|-damage|p1a: John Xina|88\/100|[from] Stealth Rock\n|switch|p2a: Gyarados|Gyarados-Mega, M|76\/100\n|-ability|p2a: Gyarados|Mold Breaker\n|\n|upkeep\n|turn|17\n|c|\u2606ShelmetSoup|mega specs\n|\n|t:|1699551608\n|switch|p2a: Ferrothorn|Ferrothorn, M, tera:Ghost|46\/100\n|move|p1a: John Xina|X-Scissor|p2a: Ferrothorn\n|-resisted|p2a: Ferrothorn\n|-crit|p2a: Ferrothorn\n|-damage|p2a: Ferrothorn|0 fnt\n|-damage|p1a: John Xina|76\/100|[from] ability: Iron Barbs|[of] p2a: Ferrothorn\n|faint|p2a: Ferrothorn\n|\n|upkeep\n|\n|t:|1699551614\n|switch|p2a: Iron Moth|Iron Moth|89\/100\n|turn|18\n|c|\u2606ShelmetSoup|ah\n|c|\u2606Honwave59|Mega specs?\n|\n|t:|1699551624\n|switch|p1a: Kachigga my|Darmanitan, M, shiny|62\/100\n|-damage|p1a: Kachigga my|37\/100|[from] Stealth Rock\n|move|p2a: Iron Moth|Fiery Dance|p1a: Kachigga my\n|-resisted|p1a: Kachigga my\n|-damage|p1a: Kachigga my|5\/100\n|\n|upkeep\n|turn|19\n|\n|t:|1699551633\n|-end|p2a: Iron Moth|Quark Drive|[silent]\n|switch|p2a: Gliscor|Gliscor, F|46\/100 tox\n|move|p1a: Kachigga my|Flare Blitz|p2a: Gliscor\n|-damage|p2a: Gliscor|0 fnt\n|faint|p2a: Gliscor\n|-damage|p1a: Kachigga my|0 fnt|[from] Recoil\n|faint|p1a: Kachigga my\n|\n|-fieldend|move: Psychic Terrain\n|upkeep\n|c|\u2606ShelmetSoup|u might be slow\n|c|\u2606ShelmetSoup|lets see if ur hax paid off\n|\n|t:|1699551657\n|switch|p1a: Geneva Suggestion|Torterra, M|100\/100\n|switch|p2a: Iron Moth|Iron Moth|89\/100\n|-damage|p1a: Geneva Suggestion|94\/100|[from] Stealth Rock\n|turn|20\n|c|\u2606Honwave59|Bro are you being toxic in a pokemon match?\n|c|\u2606Honwave59|Lmao\n|c|\u2606ShelmetSoup|am I?\n|c|\u2606ShelmetSoup|I didn't mean to hurt your feelings mb\n|c|\u2606Honwave59|It's literally a kids game, relax\n|inactive|Honwave59 has 120 seconds left.\n|c|\u2606Honwave59|No problem cutie\n|c|\u2606ShelmetSoup|Sorry if u got offended\n|c|\u2606Honwave59|It's fine darling\n|\n|t:|1699551703\n|move|p2a: Iron Moth|Fiery Dance|p1a: Geneva Suggestion\n|-supereffective|p1a: Geneva Suggestion\n|-damage|p1a: Geneva Suggestion|0 fnt\n|-boost|p2a: Iron Moth|spa|1\n|faint|p1a: Geneva Suggestion\n|\n|upkeep\n|c|\u2606ShelmetSoup|if we locked in aint no switching up\n|\n|t:|1699551706\n|switch|p1a: Sinistcha|Sinistcha-Masterpiece|100\/100\n|-damage|p1a: Sinistcha|88\/100|[from] Stealth Rock\n|turn|21\n|\n|t:|1699551713\n|move|p2a: Iron Moth|Fiery Dance|p1a: Sinistcha\n|-supereffective|p1a: Sinistcha\n|-damage|p1a: Sinistcha|10\/100\n|-boost|p2a: Iron Moth|spa|1\n|move|p1a: Sinistcha|Scald|p2a: Iron Moth\n|-supereffective|p2a: Iron Moth\n|-damage|p2a: Iron Moth|28\/100\n|\n|upkeep\n|turn|22\n|inactive|Honwave59 has 120 seconds left.\n|\n|t:|1699551720\n|move|p2a: Iron Moth|Sludge Wave|p1a: Sinistcha\n|-damage|p1a: Sinistcha|0 fnt\n|faint|p1a: Sinistcha\n|\n|upkeep\n|\n|t:|1699551721\n|switch|p1a: John Xina|Durant, M|76\/100\n|-damage|p1a: John Xina|63\/100|[from] Stealth Rock\n|turn|23\n|\n|t:|1699551728\n|-end|p2a: Iron Moth|Quark Drive|[silent]\n|switch|p2a: Tangrowth|Tangrowth, F|100\/100\n|-terastallize|p1a: John Xina|Bug\n|move|p1a: John Xina|First Impression|p2a: Tangrowth\n|-supereffective|p2a: Tangrowth\n|-damage|p2a: Tangrowth|0 fnt\n|-damage|p1a: John Xina|47\/100|[from] item: Rocky Helmet|[of] p2a: Tangrowth\n|faint|p2a: Tangrowth\n|\n|upkeep\n|\n|t:|1699551731\n|switch|p2a: Iron Moth|Iron Moth|28\/100\n|turn|24\n|\n|t:|1699551738\n|switch|p1a: Little boy|Tapu Lele|88\/100\n|-damage|p1a: Little boy|76\/100|[from] Stealth Rock\n|-fieldstart|move: Psychic Terrain|[from] ability: Psychic Surge|[of] p1a: Little boy\n|move|p2a: Iron Moth|Sludge Wave|p1a: Little boy\n|-supereffective|p1a: Little boy\n|-damage|p1a: Little boy|0 fnt\n|faint|p1a: Little boy\n|\n|upkeep\n|c|\u2606ShelmetSoup|gg\n|\n|t:|1699551741\n|switch|p1a: John Xina|Durant, M, tera:Bug|47\/100\n|-damage|p1a: John Xina|22\/100|[from] Stealth Rock\n|turn|25\n|\n|t:|1699551744\n|move|p2a: Iron Moth|Fiery Dance|p1a: John Xina\n|-supereffective|p1a: John Xina\n|-damage|p1a: John Xina|0 fnt\n|faint|p1a: John Xina\n|\n|win|ShelmetSoup\n|raw|Honwave59's rating: 1311 &rarr; <strong>1293<\/strong><br \/>(-18 for losing)\n|raw|ShelmetSoup's rating: 1353 &rarr; <strong>1371<\/strong><br \/>(+18 for winning)\n|l|\u2606Honwave59\n","uploadtime":1699551754,"views":11,"p1id":"honwave59","p2id":"shelmetsoup","formatid":"gen9nationaldex","rating":1293,"private":0,"password":""}