{"id":"gen9nationaldex-1997393633","p1":"PointedRanger11","p2":"trix_n_trsh","format":"[Gen 9] National Dex","log":"|html|<div class=\"broadcast-blue\"><strong>[Gen 9] National Dex is currently suspecting Sneasler! For information on how to participate check out the <a href=\"https:\/\/www.smogon.com\/forums\/threads\/sv-national-dex-suspect-8-just-dance.3731534\/\">suspect thread<\/a>.<\/strong><\/div>\n|j|\u2606PointedRanger11\n|j|\u2606trix_n_trsh\n|t:|1700798398\n|gametype|singles\n|player|p1|PointedRanger11|n|1412\n|player|p2|trix_n_trsh|pokemonbreeder-gen4|1351\n|teamsize|p1|6\n|teamsize|p2|6\n|gen|9\n|tier|[Gen 9] National Dex\n|rated|\n|rule|HP Percentage Mod: HP is shown in percentages\n|rule|Endless Battle Clause: Forcing endless battles is banned\n|rule|OHKO Clause: OHKO moves are banned\n|rule|Evasion Clause: Evasion abilities, items, and moves are banned\n|rule|Evasion Abilities Clause: Evasion abilities are banned\n|rule|Evasion Items Clause: Evasion items are banned\n|rule|Evasion Moves Clause: Evasion moves are banned\n|rule|Species Clause: Limit one of each Pok\u00e9mon\n|rule|Sleep Clause Mod: Limit one foe put to sleep\n|clearpoke\n|poke|p1|Aerodactyl, F|\n|poke|p1|Zoroark-Hisui, M|\n|poke|p1|Kyurem|\n|poke|p1|Hawlucha, F|\n|poke|p1|Iron Valiant|\n|poke|p1|Heatran, F|\n|poke|p2|Sceptile, M|\n|poke|p2|Tapu Lele|\n|poke|p2|Maushold|\n|poke|p2|Iron Jugulis|\n|poke|p2|Sharpedo, F|\n|poke|p2|Runerigus, F|\n|teampreview\n|inactive|Battle timer is ON: inactive players will automatically lose when time's up. (requested by trix_n_trsh)\n|\n|t:|1700798413\n|start\n|switch|p1a: MELTED METAL|Heatran, F|100\/100\n|switch|p2a: Tapu Lele|Tapu Lele|100\/100\n|-fieldstart|move: Psychic Terrain|[from] ability: Psychic Surge|[of] p2a: Tapu Lele\n|turn|1\n|\n|t:|1700798420\n|switch|p2a: Maushold|Maushold|100\/100\n|move|p1a: MELTED METAL|Stealth Rock|p2a: Maushold\n|-sidestart|p2: trix_n_trsh|move: Stealth Rock\n|\n|upkeep\n|turn|2\n|\n|t:|1700798426\n|move|p2a: Maushold|Tidy Up|p2a: Maushold\n|-sideend|p2: trix_n_trsh|Stealth Rock\n|-activate|p2a: Maushold|move: Tidy Up\n|-boost|p2a: Maushold|atk|1\n|-boost|p2a: Maushold|spe|1\n|move|p1a: MELTED METAL|Magma Storm|p2a: Maushold|[miss]\n|-miss|p1a: MELTED METAL|p2a: Maushold\n|\n|upkeep\n|turn|3\n|\n|t:|1700798436\n|move|p2a: Maushold|U-turn|p1a: MELTED METAL\n|-resisted|p1a: MELTED METAL\n|-damage|p1a: MELTED METAL|95\/100\n|\n|t:|1700798439\n|switch|p2a: Runerigus|Runerigus, F|100\/100|[from] U-turn\n|move|p1a: MELTED METAL|Magma Storm|p2a: Runerigus\n|-damage|p2a: Runerigus|59\/100\n|-activate|p2a: Runerigus|move: Magma Storm|[of] p1a: MELTED METAL\n|\n|-heal|p1a: MELTED METAL|100\/100|[from] item: Leftovers\n|-heal|p2a: Runerigus|65\/100|[from] item: Leftovers\n|-damage|p2a: Runerigus|53\/100|[from] move: Magma Storm|[partiallytrapped]\n|upkeep\n|turn|4\n|\n|t:|1700798450\n|-terastallize|p1a: MELTED METAL|Grass\n|move|p1a: MELTED METAL|Stealth Rock|p2a: Runerigus\n|-sidestart|p2: trix_n_trsh|move: Stealth Rock\n|move|p2a: Runerigus|Earthquake|p1a: MELTED METAL\n|-resisted|p1a: MELTED METAL\n|-damage|p1a: MELTED METAL|88\/100\n|\n|-heal|p1a: MELTED METAL|94\/100|[from] item: Leftovers\n|-heal|p2a: Runerigus|59\/100|[from] item: Leftovers\n|-damage|p2a: Runerigus|47\/100|[from] move: Magma Storm|[partiallytrapped]\n|upkeep\n|turn|5\n|\n|t:|1700798462\n|move|p1a: MELTED METAL|Flash Cannon|p2a: Runerigus\n|-damage|p2a: Runerigus|15\/100\n|move|p2a: Runerigus|Hex|p1a: MELTED METAL\n|-crit|p1a: MELTED METAL\n|-damage|p1a: MELTED METAL|79\/100\n|\n|-heal|p1a: MELTED METAL|85\/100|[from] item: Leftovers\n|-heal|p2a: Runerigus|21\/100|[from] item: Leftovers\n|-damage|p2a: Runerigus|9\/100|[from] move: Magma Storm|[partiallytrapped]\n|-fieldend|move: Psychic Terrain\n|upkeep\n|turn|6\n|\n|t:|1700798471\n|move|p1a: MELTED METAL|Flash Cannon|p2a: Runerigus\n|-damage|p2a: Runerigus|0 fnt\n|faint|p2a: Runerigus\n|\n|-heal|p1a: MELTED METAL|91\/100|[from] item: Leftovers\n|upkeep\n|\n|t:|1700798478\n|switch|p2a: Maushold|Maushold|100\/100\n|turn|7\n|\n|t:|1700798481\n|move|p2a: Maushold|Tidy Up|p2a: Maushold\n|-sideend|p2: trix_n_trsh|Stealth Rock\n|-activate|p2a: Maushold|move: Tidy Up\n|-boost|p2a: Maushold|atk|1\n|-boost|p2a: Maushold|spe|1\n|move|p1a: MELTED METAL|Magma Storm|p2a: Maushold\n|-damage|p2a: Maushold|9\/100\n|-activate|p2a: Maushold|move: Magma Storm|[of] p1a: MELTED METAL\n|\n|-heal|p1a: MELTED METAL|97\/100|[from] item: Leftovers\n|-damage|p2a: Maushold|0 fnt|[from] move: Magma Storm|[partiallytrapped]\n|faint|p2a: Maushold\n|upkeep\n|\n|t:|1700798487\n|switch|p2a: Iron Jugulis|Iron Jugulis|100\/100\n|-enditem|p2a: Iron Jugulis|Booster Energy\n|-activate|p2a: Iron Jugulis|ability: Quark Drive|[fromitem]\n|-start|p2a: Iron Jugulis|quarkdrivespe\n|turn|8\n|\n|t:|1700798495\n|move|p2a: Iron Jugulis|Work Up|p2a: Iron Jugulis\n|-boost|p2a: Iron Jugulis|atk|1\n|-boost|p2a: Iron Jugulis|spa|1\n|move|p1a: MELTED METAL|Stealth Rock|p2a: Iron Jugulis\n|-sidestart|p2: trix_n_trsh|move: Stealth Rock\n|\n|-heal|p1a: MELTED METAL|100\/100|[from] item: Leftovers\n|upkeep\n|turn|9\n|\n|t:|1700798501\n|move|p2a: Iron Jugulis|Air Slash|p1a: MELTED METAL\n|-supereffective|p1a: MELTED METAL\n|-damage|p1a: MELTED METAL|9\/100\n|move|p1a: MELTED METAL|Magma Storm|p2a: Iron Jugulis\n|-damage|p2a: Iron Jugulis|33\/100\n|-activate|p2a: Iron Jugulis|move: Magma Storm|[of] p1a: MELTED METAL\n|\n|-heal|p1a: MELTED METAL|15\/100|[from] item: Leftovers\n|-damage|p2a: Iron Jugulis|20\/100|[from] move: Magma Storm|[partiallytrapped]\n|upkeep\n|turn|10\n|\n|t:|1700798512\n|move|p2a: Iron Jugulis|Dark Pulse|p1a: MELTED METAL\n|-damage|p1a: MELTED METAL|0 fnt\n|faint|p1a: MELTED METAL\n|\n|-end|p2a: Iron Jugulis|Magma Storm|[partiallytrapped]|[silent]\n|upkeep\n|\n|t:|1700798517\n|switch|p1a: ROBO BIMBO|Iron Valiant|100\/100\n|-enditem|p1a: ROBO BIMBO|Booster Energy\n|-activate|p1a: ROBO BIMBO|ability: Quark Drive|[fromitem]\n|-start|p1a: ROBO BIMBO|quarkdrivespe\n|turn|11\n|\n|t:|1700798525\n|move|p1a: ROBO BIMBO|Moonblast|p2a: Iron Jugulis\n|-supereffective|p2a: Iron Jugulis\n|-damage|p2a: Iron Jugulis|0 fnt\n|faint|p2a: Iron Jugulis\n|-end|p2a: Iron Jugulis|Quark Drive|[silent]\n|\n|upkeep\n|\n|t:|1700798529\n|switch|p2a: Tapu Lele|Tapu Lele|100\/100\n|-damage|p2a: Tapu Lele|88\/100|[from] Stealth Rock\n|-fieldstart|move: Psychic Terrain|[from] ability: Psychic Surge|[of] p2a: Tapu Lele\n|turn|12\n|\n|t:|1700798543\n|-end|p1a: ROBO BIMBO|Quark Drive|[silent]\n|switch|p1a: WHAT KILLED DINO?|Kyurem|100\/100\n|move|p2a: Tapu Lele|Moonblast|p1a: WHAT KILLED DINO?\n|-damage|p1a: WHAT KILLED DINO?|2\/100\n|replace|p1a: lol|Zoroark-Hisui, M\n|-end|p1a: lol|Illusion\n|\n|upkeep\n|turn|13\n|\n|t:|1700798550\n|move|p2a: Tapu Lele|Moonblast|p1a: lol\n|-damage|p1a: lol|0 fnt\n|faint|p1a: lol\n|\n|upkeep\n|\n|t:|1700798555\n|switch|p1a: AAAAAAAAAAAAAA|Aerodactyl, F|100\/100\n|turn|14\n|\n|t:|1700798560\n|detailschange|p1a: AAAAAAAAAAAAAA|Aerodactyl-Mega, F\n|-mega|p1a: AAAAAAAAAAAAAA|Aerodactyl|Aerodactylite\n|move|p2a: Tapu Lele|Moonblast|p1a: AAAAAAAAAAAAAA\n|-damage|p1a: AAAAAAAAAAAAAA|41\/100\n|move|p1a: AAAAAAAAAAAAAA|Iron Head|p2a: Tapu Lele\n|-supereffective|p2a: Tapu Lele\n|-damage|p2a: Tapu Lele|0 fnt\n|faint|p2a: Tapu Lele\n|\n|upkeep\n|\n|t:|1700798575\n|switch|p2a: Sceptile|Sceptile, M|100\/100\n|-damage|p2a: Sceptile|88\/100|[from] Stealth Rock\n|-enditem|p2a: Sceptile|Psychic Seed\n|-boost|p2a: Sceptile|spd|1|[from] item: Psychic Seed\n|turn|15\n|\n|t:|1700798580\n|move|p2a: Sceptile|Leaf Blade|p1a: AAAAAAAAAAAAAA\n|-damage|p1a: AAAAAAAAAAAAAA|0 fnt\n|faint|p1a: AAAAAAAAAAAAAA\n|\n|upkeep\n|\n|t:|1700798586\n|switch|p1a: WHAT KILLED DINO?|Kyurem|100\/100\n|-ability|p1a: WHAT KILLED DINO?|Pressure\n|turn|16\n|\n|t:|1700798591\n|move|p2a: Sceptile|Brick Break|p1a: WHAT KILLED DINO?\n|-supereffective|p1a: WHAT KILLED DINO?\n|-damage|p1a: WHAT KILLED DINO?|63\/100\n|move|p1a: WHAT KILLED DINO?|Substitute|p1a: WHAT KILLED DINO?\n|-start|p1a: WHAT KILLED DINO?|Substitute\n|-damage|p1a: WHAT KILLED DINO?|39\/100\n|\n|-heal|p1a: WHAT KILLED DINO?|45\/100|[from] item: Leftovers\n|-fieldend|move: Psychic Terrain\n|upkeep\n|turn|17\n|\n|t:|1700798599\n|move|p2a: Sceptile|Brick Break|p1a: WHAT KILLED DINO?\n|-supereffective|p1a: WHAT KILLED DINO?\n|-end|p1a: WHAT KILLED DINO?|Substitute\n|move|p1a: WHAT KILLED DINO?|Freeze-Dry|p2a: Sceptile\n|-supereffective|p2a: Sceptile\n|-damage|p2a: Sceptile|7\/100\n|\n|-heal|p1a: WHAT KILLED DINO?|51\/100|[from] item: Leftovers\n|upkeep\n|turn|18\n|\n|t:|1700798609\n|switch|p1a: ROBO BIMBO|Iron Valiant|100\/100\n|move|p2a: Sceptile|Brick Break|p1a: ROBO BIMBO\n|-resisted|p1a: ROBO BIMBO\n|-damage|p1a: ROBO BIMBO|87\/100\n|\n|upkeep\n|turn|19\n|\n|t:|1700798615\n|move|p2a: Sceptile|Leaf Blade|p1a: ROBO BIMBO\n|-damage|p1a: ROBO BIMBO|34\/100\n|move|p1a: ROBO BIMBO|Moonblast|p2a: Sceptile\n|-damage|p2a: Sceptile|0 fnt\n|faint|p2a: Sceptile\n|\n|upkeep\n|\n|t:|1700798620\n|switch|p2a: Sharpedo|Sharpedo, F|100\/100\n|-damage|p2a: Sharpedo|88\/100|[from] Stealth Rock\n|turn|20\n|\n|t:|1700798625\n|move|p2a: Sharpedo|Protect|p2a: Sharpedo\n|-singleturn|p2a: Sharpedo|Protect\n|move|p1a: ROBO BIMBO|Moonblast|p2a: Sharpedo\n|-activate|p2a: Sharpedo|move: Protect\n|\n|-ability|p2a: Sharpedo|Speed Boost|boost\n|-boost|p2a: Sharpedo|spe|1\n|upkeep\n|turn|21\n|\n|t:|1700798636\n|move|p2a: Sharpedo|Liquidation|p1a: ROBO BIMBO\n|-damage|p1a: ROBO BIMBO|0 fnt\n|faint|p1a: ROBO BIMBO\n|-end|p1a: ROBO BIMBO|Quark Drive|[silent]\n|\n|-ability|p2a: Sharpedo|Speed Boost|boost\n|-boost|p2a: Sharpedo|spe|1\n|upkeep\n|\n|t:|1700798641\n|switch|p1a: WHAT KILLED DINO?|Kyurem|51\/100\n|-ability|p1a: WHAT KILLED DINO?|Pressure\n|turn|22\n|\n|t:|1700798645\n|detailschange|p2a: Sharpedo|Sharpedo-Mega, F\n|-mega|p2a: Sharpedo|Sharpedo|Sharpedonite\n|move|p2a: Sharpedo|Crunch|p1a: WHAT KILLED DINO?\n|-damage|p1a: WHAT KILLED DINO?|0 fnt\n|faint|p1a: WHAT KILLED DINO?\n|\n|upkeep\n|\n|t:|1700798650\n|switch|p1a: BIRD UP|Hawlucha, F|100\/100\n|-ability|p1a: BIRD UP|Mold Breaker\n|turn|23\n|\n|t:|1700798658\n|move|p2a: Sharpedo|Psychic Fangs|p1a: BIRD UP\n|-supereffective|p1a: BIRD UP\n|-crit|p1a: BIRD UP\n|-damage|p1a: BIRD UP|0 fnt\n|faint|p1a: BIRD UP\n|\n|win|trix_n_trsh\n|raw|PointedRanger11's rating: 1412 &rarr; <strong>1389<\/strong><br \/>(-23 for losing)\n|raw|trix_n_trsh's rating: 1351 &rarr; <strong>1374<\/strong><br \/>(+23 for winning)\n|c|\u2606trix_n_trsh|gg\n","uploadtime":1700798668,"views":3,"p1id":"pointedranger11","p2id":"trixntrsh","formatid":"gen9nationaldex","rating":1374,"private":0,"password":""}