{"id":"gen9nationaldex-1994695964","p1":"RoadPizza","p2":"CapMyster","format":"[Gen 9] National Dex","log":"|html|<div class=\"broadcast-blue\"><strong>[Gen 9] National Dex is currently suspecting Sneasler! For information on how to participate check out the <a href=\"https:\/\/www.smogon.com\/forums\/threads\/sv-national-dex-suspect-8-just-dance.3731534\/\">suspect thread<\/a>.<\/strong><\/div>\n|j|\u2606RoadPizza\n|j|\u2606CapMyster\n|t:|1700482339\n|gametype|singles\n|player|p1|RoadPizza|gambler|1228\n|player|p2|CapMyster|steven|1315\n|teamsize|p1|6\n|teamsize|p2|6\n|gen|9\n|tier|[Gen 9] National Dex\n|rated|\n|rule|HP Percentage Mod: HP is shown in percentages\n|rule|Endless Battle Clause: Forcing endless battles is banned\n|rule|OHKO Clause: OHKO moves are banned\n|rule|Evasion Clause: Evasion abilities, items, and moves are banned\n|rule|Evasion Abilities Clause: Evasion abilities are banned\n|rule|Evasion Items Clause: Evasion items are banned\n|rule|Evasion Moves Clause: Evasion moves are banned\n|rule|Species Clause: Limit one of each Pok\u00e9mon\n|rule|Sleep Clause Mod: Limit one foe put to sleep\n|clearpoke\n|poke|p1|Bombirdier, M|\n|poke|p1|Galvantula, F|\n|poke|p1|Gallade, M|\n|poke|p1|Arcanine-Hisui, M|\n|poke|p1|Latios, M|\n|poke|p1|Corviknight, F|\n|poke|p2|Lopunny, F|\n|poke|p2|Landorus-Therian, M|\n|poke|p2|Ferrothorn, F|\n|poke|p2|Tapu Lele|\n|poke|p2|Rotom-Wash|\n|poke|p2|Salazzle, F|\n|teampreview\n|inactive|Battle timer is ON: inactive players will automatically lose when time's up. (requested by CapMyster)\n|inactive|RoadPizza also wants the timer to be on.\n|\n|t:|1700482358\n|start\n|switch|p1a: Latios|Latios, M|100\/100\n|switch|p2a: Lips|Salazzle, F|100\/100\n|turn|1\n|\n|t:|1700482369\n|detailschange|p1a: Latios|Latios-Mega, M\n|-mega|p1a: Latios|Latios|Latiosite\n|move|p2a: Lips|Substitute|p2a: Lips\n|-start|p2a: Lips|Substitute\n|-damage|p2a: Lips|76\/100\n|move|p1a: Latios|Future Sight|p2a: Lips\n|-start|p1a: Latios|move: Future Sight\n|\n|-heal|p2a: Lips|82\/100|[from] item: Leftovers\n|upkeep\n|turn|2\n|\n|t:|1700482378\n|move|p2a: Lips|Toxic|p1a: Latios\n|-status|p1a: Latios|tox\n|move|p1a: Latios|Ice Beam|p2a: Lips\n|-resisted|p2a: Lips\n|-end|p2a: Lips|Substitute\n|\n|-heal|p2a: Lips|88\/100|[from] item: Leftovers\n|-damage|p1a: Latios|95\/100 tox|[from] psn\n|upkeep\n|turn|3\n|\n|t:|1700482387\n|switch|p1a: Galvantula|Galvantula, F, shiny|100\/100\n|move|p2a: Lips|Protect||[still]\n|-fail|p2a: Lips\n|\n|-end|p2a: Lips|move: Future Sight\n|-supereffective|p2a: Lips\n|-damage|p2a: Lips|0 fnt\n|faint|p2a: Lips\n|upkeep\n|\n|t:|1700482400\n|switch|p2a: Spinner|Ferrothorn, F|100\/100\n|turn|4\n|\n|t:|1700482408\n|move|p1a: Galvantula|Sticky Web|p2a: Spinner\n|-sidestart|p2: CapMyster|move: Sticky Web\n|move|p2a: Spinner|Leech Seed|p1a: Galvantula\n|-start|p1a: Galvantula|move: Leech Seed\n|\n|-damage|p1a: Galvantula|88\/100|[from] Leech Seed|[of] p2a: Spinner\n|upkeep\n|turn|5\n|\n|t:|1700482420\n|switch|p1a: Latios|Latios-Mega, M|95\/100 tox\n|move|p2a: Spinner|Spikes|p1a: Latios\n|-sidestart|p1: RoadPizza|Spikes\n|\n|-damage|p1a: Latios|89\/100 tox|[from] psn\n|upkeep\n|turn|6\n|\n|t:|1700482429\n|move|p1a: Latios|Mystical Fire|p2a: Spinner\n|-supereffective|p2a: Spinner\n|-damage|p2a: Spinner|0 fnt\n|faint|p2a: Spinner\n|\n|-damage|p1a: Latios|77\/100 tox|[from] psn\n|upkeep\n|\n|t:|1700482442\n|switch|p2a: Darude|Landorus-Therian, M|100\/100\n|-ability|p2a: Darude|Intimidate|boost\n|-unboost|p1a: Latios|atk|1\n|turn|7\n|\n|t:|1700482451\n|move|p1a: Latios|Ice Beam|p2a: Darude\n|-supereffective|p2a: Darude\n|-damage|p2a: Darude|0 fnt\n|faint|p2a: Darude\n|\n|-damage|p1a: Latios|59\/100 tox|[from] psn\n|upkeep\n|\n|t:|1700482457\n|switch|p2a: PlayBoy|Lopunny, F|100\/100\n|-activate|p2a: PlayBoy|move: Sticky Web\n|-unboost|p2a: PlayBoy|spe|1\n|turn|8\n|\n|t:|1700482466\n|switch|p1a: Corviknight|Corviknight, F|100\/100\n|detailschange|p2a: PlayBoy|Lopunny-Mega, F\n|-mega|p2a: PlayBoy|Lopunny|Lopunnite\n|move|p2a: PlayBoy|Fake Out|p1a: Corviknight\n|-resisted|p1a: Corviknight\n|-damage|p1a: Corviknight|94\/100\n|-damage|p2a: PlayBoy|84\/100|[from] item: Rocky Helmet|[of] p1a: Corviknight\n|\n|upkeep\n|turn|9\n|\n|t:|1700482478\n|switch|p2a: Samsung|Rotom-Wash|100\/100\n|move|p1a: Corviknight|Roost|p1a: Corviknight\n|-heal|p1a: Corviknight|100\/100\n|-singleturn|p1a: Corviknight|move: Roost\n|\n|upkeep\n|turn|10\n|\n|t:|1700482488\n|switch|p1a: Arcanine|Arcanine-Hisui, M|100\/100\n|-damage|p1a: Arcanine|88\/100|[from] Spikes\n|move|p2a: Samsung|Thunderbolt|p1a: Arcanine\n|-damage|p1a: Arcanine|38\/100\n|\n|upkeep\n|turn|11\n|\n|t:|1700482504\n|switch|p1a: Galvantula|Galvantula, F, shiny|88\/100\n|-damage|p1a: Galvantula|76\/100|[from] Spikes\n|move|p2a: Samsung|Thunderbolt|p1a: Galvantula\n|-resisted|p1a: Galvantula\n|-damage|p1a: Galvantula|38\/100\n|\n|upkeep\n|turn|12\n|\n|t:|1700482516\n|-terastallize|p2a: Samsung|Electric\n|move|p1a: Galvantula|Bug Buzz|p2a: Samsung\n|-damage|p2a: Samsung|51\/100\n|move|p2a: Samsung|Thunderbolt|p1a: Galvantula\n|-resisted|p1a: Galvantula\n|-damage|p1a: Galvantula|0 fnt\n|faint|p1a: Galvantula\n|\n|-heal|p2a: Samsung|57\/100|[from] item: Leftovers\n|upkeep\n|\n|t:|1700482526\n|switch|p1a: Latios|Latios-Mega, M|59\/100 tox\n|turn|13\n|\n|t:|1700482531\n|move|p2a: Samsung|Protect|p2a: Samsung\n|-singleturn|p2a: Samsung|Protect\n|move|p1a: Latios|Draco Meteor|p2a: Samsung\n|-activate|p2a: Samsung|move: Protect\n|\n|-heal|p2a: Samsung|63\/100|[from] item: Leftovers\n|-damage|p1a: Latios|53\/100 tox|[from] psn\n|upkeep\n|turn|14\n|\n|t:|1700482540\n|switch|p2a: Tops|Tapu Lele|100\/100\n|-activate|p2a: Tops|move: Sticky Web\n|-unboost|p2a: Tops|spe|1\n|-fieldstart|move: Psychic Terrain|[from] ability: Psychic Surge|[of] p2a: Tops\n|move|p1a: Latios|Mystical Fire|p2a: Tops\n|-damage|p2a: Tops|69\/100\n|-unboost|p2a: Tops|spa|1\n|\n|-damage|p1a: Latios|41\/100 tox|[from] psn\n|upkeep\n|turn|15\n|\n|t:|1700482556\n|switch|p1a: Arcanine|Arcanine-Hisui, M|38\/100\n|-damage|p1a: Arcanine|26\/100|[from] Spikes\n|move|p2a: Tops|Psychic|p1a: Arcanine\n|-damage|p1a: Arcanine|0 fnt\n|faint|p1a: Arcanine\n|\n|upkeep\n|\n|t:|1700482567\n|switch|p1a: Bombirdier|Bombirdier, M|100\/100\n|turn|16\n|\n|t:|1700482572\n|switch|p2a: Samsung|Rotom-Wash, tera:Electric|63\/100\n|-terastallize|p1a: Bombirdier|Rock\n|move|p1a: Bombirdier|Hone Claws|p1a: Bombirdier\n|-boost|p1a: Bombirdier|atk|1\n|-boost|p1a: Bombirdier|accuracy|1\n|\n|-heal|p2a: Samsung|69\/100|[from] item: Leftovers\n|upkeep\n|turn|17\n|\n|t:|1700482585\n|move|p2a: Samsung|Hydro Pump|p1a: Bombirdier\n|-supereffective|p1a: Bombirdier\n|-damage|p1a: Bombirdier|0 fnt\n|faint|p1a: Bombirdier\n|\n|-heal|p2a: Samsung|76\/100|[from] item: Leftovers\n|upkeep\n|\n|t:|1700482594\n|switch|p1a: Gallade|Gallade, M, shiny|100\/100\n|-damage|p1a: Gallade|88\/100|[from] Spikes\n|turn|18\n|\n|t:|1700482601\n|move|p2a: Samsung|Protect|p2a: Samsung\n|-singleturn|p2a: Samsung|Protect\n|move|p1a: Gallade|Psycho Cut|p2a: Samsung\n|-activate|p2a: Samsung|move: Protect\n|\n|-heal|p2a: Samsung|82\/100|[from] item: Leftovers\n|-fieldend|move: Psychic Terrain\n|upkeep\n|turn|19\n|\n|t:|1700482628\n|move|p1a: Gallade|Psycho Cut|p2a: Samsung\n|-damage|p2a: Samsung|9\/100\n|move|p2a: Samsung|Shadow Ball|p1a: Gallade\n|-supereffective|p1a: Gallade\n|-damage|p1a: Gallade|39\/100\n|\n|-heal|p2a: Samsung|15\/100|[from] item: Leftovers\n|upkeep\n|turn|20\n|\n|t:|1700482640\n|move|p1a: Gallade|Psycho Cut|p2a: Samsung\n|-damage|p2a: Samsung|0 fnt\n|faint|p2a: Samsung\n|\n|upkeep\n|\n|t:|1700482648\n|switch|p2a: Tops|Tapu Lele|69\/100\n|-activate|p2a: Tops|move: Sticky Web\n|-unboost|p2a: Tops|spe|1\n|-fieldstart|move: Psychic Terrain|[from] ability: Psychic Surge|[of] p2a: Tops\n|turn|21\n|\n|t:|1700482667\n|switch|p1a: Latios|Latios-Mega, M|41\/100 tox\n|move|p2a: Tops|Psychic|p1a: Latios\n|-resisted|p1a: Latios\n|-damage|p1a: Latios|13\/100 tox\n|\n|-damage|p1a: Latios|7\/100 tox|[from] psn\n|upkeep\n|turn|22\n|\n|t:|1700482677\n|move|p1a: Latios|Future Sight|p2a: Tops\n|-start|p1a: Latios|move: Future Sight\n|move|p2a: Tops|Psychic|p1a: Latios\n|-resisted|p1a: Latios\n|-damage|p1a: Latios|0 fnt\n|faint|p1a: Latios\n|\n|upkeep\n|\n|t:|1700482681\n|switch|p1a: Gallade|Gallade, M, shiny|39\/100\n|-damage|p1a: Gallade|27\/100|[from] Spikes\n|turn|23\n|\n|t:|1700482689\n|switch|p2a: PlayBoy|Lopunny-Mega, F|84\/100\n|-activate|p2a: PlayBoy|move: Sticky Web\n|-unboost|p2a: PlayBoy|spe|1\n|move|p1a: Gallade|Aqua Cutter|p2a: PlayBoy\n|-damage|p2a: PlayBoy|36\/100\n|\n|upkeep\n|turn|24\n|\n|t:|1700482701\n|switch|p1a: Corviknight|Corviknight, F|100\/100\n|move|p2a: PlayBoy|Return|p1a: Corviknight\n|-resisted|p1a: Corviknight\n|-damage|p1a: Corviknight|83\/100\n|-damage|p2a: PlayBoy|20\/100|[from] item: Rocky Helmet|[of] p1a: Corviknight\n|\n|-end|p2a: PlayBoy|move: Future Sight\n|-supereffective|p2a: PlayBoy\n|-damage|p2a: PlayBoy|0 fnt\n|faint|p2a: PlayBoy\n|upkeep\n|\n|t:|1700482710\n|switch|p2a: Tops|Tapu Lele|69\/100\n|-activate|p2a: Tops|move: Sticky Web\n|-unboost|p2a: Tops|spe|1\n|turn|25\n|\n|t:|1700482719\n|move|p2a: Tops|Psychic|p1a: Corviknight\n|-resisted|p1a: Corviknight\n|-damage|p1a: Corviknight|54\/100\n|move|p1a: Corviknight|U-turn|p2a: Tops\n|-damage|p2a: Tops|45\/100\n|\n|t:|1700482724\n|switch|p1a: Gallade|Gallade, M, shiny|27\/100|[from] U-turn\n|-damage|p1a: Gallade|15\/100|[from] Spikes\n|\n|-fieldend|move: Psychic Terrain\n|upkeep\n|turn|26\n|\n|t:|1700482741\n|move|p1a: Gallade|Night Slash|p2a: Tops\n|-damage|p2a: Tops|0 fnt\n|faint|p2a: Tops\n|\n|win|RoadPizza\n|raw|RoadPizza's rating: 1228 &rarr; <strong>1259<\/strong><br \/>(+31 for winning)\n|raw|CapMyster's rating: 1315 &rarr; <strong>1290<\/strong><br \/>(-25 for losing)\n|l|\u2606CapMyster\n","uploadtime":1700482747,"views":3,"p1id":"roadpizza","p2id":"capmyster","formatid":"gen9nationaldex","rating":1259,"private":0,"password":""}