{"id":"gen9nationaldex-1997580408","p1":"hurenkebi","p2":"ndsnez broJoganExp","format":"[Gen 9] National Dex","log":"|html|<div class=\"broadcast-blue\"><strong>[Gen 9] National Dex is currently suspecting Sneasler! For information on how to participate check out the <a href=\"https:\/\/www.smogon.com\/forums\/threads\/sv-national-dex-suspect-8-just-dance.3731534\/\">suspect thread<\/a>.<\/strong><\/div>\n|j|\u2606hurenkebi\n|j|\u2606ndsnez broJoganExp\n|t:|1700828564\n|gametype|singles\n|player|p1|hurenkebi|kimonogirl|1416\n|player|p2|ndsnez broJoganExp|169|1351\n|teamsize|p1|6\n|teamsize|p2|6\n|gen|9\n|tier|[Gen 9] National Dex\n|rated|\n|rule|HP Percentage Mod: HP is shown in percentages\n|rule|Endless Battle Clause: Forcing endless battles is banned\n|rule|OHKO Clause: OHKO moves are banned\n|rule|Evasion Clause: Evasion abilities, items, and moves are banned\n|rule|Evasion Abilities Clause: Evasion abilities are banned\n|rule|Evasion Items Clause: Evasion items are banned\n|rule|Evasion Moves Clause: Evasion moves are banned\n|rule|Species Clause: Limit one of each Pok\u00e9mon\n|rule|Sleep Clause Mod: Limit one foe put to sleep\n|clearpoke\n|poke|p1|Heatran, M|\n|poke|p1|Corviknight, F|\n|poke|p1|Ferrothorn, F|\n|poke|p1|Grimmsnarl, M|\n|poke|p1|Garganacl, F|\n|poke|p1|Skeledirge, M|\n|poke|p2|Iron Valiant|\n|poke|p2|Diancie|\n|poke|p2|Great Tusk|\n|poke|p2|Iron Moth|\n|poke|p2|Ogerpon-Wellspring, F|\n|poke|p2|Dragonite, F|\n|teampreview\n|inactive|Battle timer is ON: inactive players will automatically lose when time's up. (requested by ndsnez broJoganExp)\n|inactive|hurenkebi has 120 seconds left.\n|\n|t:|1700828595\n|start\n|switch|p1a: Heatran|Heatran, M|100\/100\n|switch|p2a: Diancie|Diancie|100\/100\n|turn|1\n|\n|t:|1700828607\n|detailschange|p2a: Diancie|Diancie-Mega\n|-mega|p2a: Diancie|Diancie|Diancite\n|-terastallize|p1a: Heatran|Grass\n|move|p2a: Diancie|Earth Power|p1a: Heatran\n|-resisted|p1a: Heatran\n|-crit|p1a: Heatran\n|-damage|p1a: Heatran|74\/100\n|move|p1a: Heatran|Steel Beam|p2a: Diancie\n|-supereffective|p2a: Diancie\n|-damage|p2a: Diancie|0 fnt\n|-damage|p1a: Heatran|24\/100|[from] steelbeam\n|faint|p2a: Diancie\n|\n|upkeep\n|c|\u2606hurenkebi|hhhhhhhh\n|\n|t:|1700828623\n|switch|p2a: Ogerpon|Ogerpon-Wellspring, F|100\/100\n|turn|2\n|\n|t:|1700828628\n|switch|p1a: Ferrothorn|Ferrothorn, F|100\/100\n|move|p2a: Ogerpon|Knock Off|p1a: Ferrothorn\n|-damage|p1a: Ferrothorn|70\/100\n|-enditem|p1a: Ferrothorn|Choice Band|[from] move: Knock Off|[of] p2a: Ogerpon\n|\n|upkeep\n|turn|3\n|\n|t:|1700828635\n|move|p2a: Ogerpon|Swords Dance|p2a: Ogerpon\n|-boost|p2a: Ogerpon|atk|2\n|move|p1a: Ferrothorn|Power Whip|p2a: Ogerpon\n|-damage|p2a: Ogerpon|25\/100\n|\n|upkeep\n|turn|4\n|\n|t:|1700828651\n|switch|p2a: Iron Moth|Iron Moth|100\/100\n|-enditem|p2a: Iron Moth|Booster Energy\n|-activate|p2a: Iron Moth|ability: Quark Drive|[fromitem]\n|-start|p2a: Iron Moth|quarkdrivespe\n|move|p1a: Ferrothorn|Gyro Ball|p2a: Iron Moth\n|-resisted|p2a: Iron Moth\n|-damage|p2a: Iron Moth|52\/100\n|\n|upkeep\n|turn|5\n|\n|t:|1700828662\n|switch|p1a: Garganacl|Garganacl, F|100\/100\n|move|p2a: Iron Moth|Fiery Dance|p1a: Garganacl\n|-resisted|p1a: Garganacl\n|-damage|p1a: Garganacl|86\/100\n|-boost|p2a: Iron Moth|spa|1\n|\n|-heal|p1a: Garganacl|93\/100|[from] item: Leftovers\n|upkeep\n|turn|6\n|\n|t:|1700828675\n|-terastallize|p2a: Iron Moth|Ground\n|move|p2a: Iron Moth|Tera Blast|p1a: Garganacl|[anim] Tera Blast Ground\n|-supereffective|p1a: Garganacl\n|-damage|p1a: Garganacl|10\/100\n|move|p1a: Garganacl|Salt Cure|p2a: Iron Moth\n|-resisted|p2a: Iron Moth\n|-damage|p2a: Iron Moth|43\/100\n|-start|p2a: Iron Moth|Salt Cure\n|\n|-heal|p1a: Garganacl|17\/100|[from] item: Leftovers\n|-damage|p2a: Iron Moth|30\/100|[from] Salt Cure\n|upkeep\n|turn|7\n|\n|t:|1700828692\n|move|p1a: Garganacl|Protect|p1a: Garganacl\n|-singleturn|p1a: Garganacl|Protect\n|move|p2a: Iron Moth|Dazzling Gleam|p1a: Garganacl\n|-activate|p1a: Garganacl|move: Protect\n|\n|-heal|p1a: Garganacl|23\/100|[from] item: Leftovers\n|-damage|p2a: Iron Moth|18\/100|[from] Salt Cure\n|upkeep\n|turn|8\n|\n|t:|1700828706\n|move|p1a: Garganacl|Protect||[still]\n|-fail|p1a: Garganacl\n|move|p2a: Iron Moth|Tera Blast|p1a: Garganacl|[anim] Tera Blast Ground\n|-supereffective|p1a: Garganacl\n|-damage|p1a: Garganacl|0 fnt\n|faint|p1a: Garganacl\n|\n|-damage|p2a: Iron Moth|6\/100|[from] Salt Cure\n|upkeep\n|\n|t:|1700828725\n|switch|p1a: Skeledirge|Skeledirge, M|100\/100\n|turn|9\n|\n|t:|1700828732\n|-end|p2a: Iron Moth|Quark Drive|[silent]\n|switch|p2a: Ogerpon|Ogerpon-Wellspring, F|25\/100\n|move|p1a: Skeledirge|Slack Off||[still]\n|-fail|p1a: Skeledirge|heal\n|\n|upkeep\n|turn|10\n|\n|t:|1700828742\n|switch|p2a: Iron Moth|Iron Moth, tera:Ground|6\/100\n|switch|p1a: Corviknight|Corviknight, F|100\/100\n|-ability|p1a: Corviknight|Pressure\n|\n|upkeep\n|turn|11\n|\n|t:|1700828755\n|switch|p1a: Heatran|Heatran, M, tera:Grass|24\/100\n|move|p2a: Iron Moth|Fiery Dance|p1a: Heatran\n|-start|p1a: Heatran|ability: Flash Fire\n|\n|upkeep\n|turn|12\n|\n|t:|1700828776\n|-end|p1a: Heatran|ability: Flash Fire|[silent]\n|switch|p1a: Skeledirge|Skeledirge, M|100\/100\n|move|p2a: Iron Moth|Sludge Wave|p1a: Skeledirge\n|-resisted|p1a: Skeledirge\n|-damage|p1a: Skeledirge|76\/100\n|\n|upkeep\n|turn|13\n|\n|t:|1700828782\n|move|p2a: Iron Moth|Tera Blast|p1a: Skeledirge|[anim] Tera Blast Ground\n|-supereffective|p1a: Skeledirge\n|-damage|p1a: Skeledirge|0 fnt\n|faint|p1a: Skeledirge\n|\n|upkeep\n|\n|t:|1700828788\n|switch|p1a: Grimmsnarl|Grimmsnarl, M|100\/100\n|turn|14\n|c|\u2606ndsnez broJoganExp|Hhhhhhhhhhhhh\n|\n|t:|1700828796\n|move|p1a: Grimmsnarl|Light Screen|p1a: Grimmsnarl\n|-sidestart|p1: hurenkebi|move: Light Screen\n|move|p2a: Iron Moth|Sludge Wave|p1a: Grimmsnarl\n|-supereffective|p1a: Grimmsnarl\n|-damage|p1a: Grimmsnarl|45\/100\n|\n|upkeep\n|turn|15\n|c|\u2606hurenkebi|\u8fd9\u4e48\u9a9a\n|inactive|ndsnez broJoganExp has 120 seconds left.\n|\n|t:|1700828843\n|-end|p2a: Iron Moth|Quark Drive|[silent]\n|switch|p2a: Ogerpon|Ogerpon-Wellspring, F|25\/100\n|move|p1a: Grimmsnarl|Parting Shot|p2a: Ogerpon\n|-unboost|p2a: Ogerpon|atk|1\n|-unboost|p2a: Ogerpon|spa|1\n|\n|t:|1700828849\n|switch|p1a: Corviknight|Corviknight, F|100\/100|[from] Parting Shot\n|-ability|p1a: Corviknight|Pressure\n|\n|upkeep\n|turn|16\n|inactive|ndsnez broJoganExp has 120 seconds left.\n|\n|t:|1700828871\n|switch|p2a: Great Tusk|Great Tusk|100\/100\n|move|p1a: Corviknight|Agility|p1a: Corviknight\n|-boost|p1a: Corviknight|spe|2\n|\n|upkeep\n|turn|17\n|\n|t:|1700828878\n|move|p1a: Corviknight|Bulk Up|p1a: Corviknight\n|-boost|p1a: Corviknight|atk|1\n|-boost|p1a: Corviknight|def|1\n|move|p2a: Great Tusk|Bulk Up|p2a: Great Tusk\n|-boost|p2a: Great Tusk|atk|1\n|-boost|p2a: Great Tusk|def|1\n|\n|upkeep\n|turn|18\n|inactive|ndsnez broJoganExp has 120 seconds left.\n|\n|t:|1700828886\n|move|p1a: Corviknight|Bulk Up|p1a: Corviknight\n|-boost|p1a: Corviknight|atk|1\n|-boost|p1a: Corviknight|def|1\n|move|p2a: Great Tusk|Bulk Up|p2a: Great Tusk\n|-boost|p2a: Great Tusk|atk|1\n|-boost|p2a: Great Tusk|def|1\n|\n|upkeep\n|turn|19\n|\n|t:|1700828893\n|move|p1a: Corviknight|Bulk Up|p1a: Corviknight\n|-boost|p1a: Corviknight|atk|1\n|-boost|p1a: Corviknight|def|1\n|move|p2a: Great Tusk|Bulk Up|p2a: Great Tusk\n|-boost|p2a: Great Tusk|atk|1\n|-boost|p2a: Great Tusk|def|1\n|\n|upkeep\n|turn|20\n|\n|t:|1700828901\n|move|p1a: Corviknight|Bulk Up|p1a: Corviknight\n|-boost|p1a: Corviknight|atk|1\n|-boost|p1a: Corviknight|def|1\n|move|p2a: Great Tusk|Bulk Up|p2a: Great Tusk\n|-boost|p2a: Great Tusk|atk|1\n|-boost|p2a: Great Tusk|def|1\n|\n|upkeep\n|turn|21\n|\n|t:|1700828905\n|-end|p2a: Great Tusk|Protosynthesis|[silent]\n|switch|p2a: Iron Valiant|Iron Valiant|100\/100\n|-enditem|p2a: Iron Valiant|Booster Energy\n|-activate|p2a: Iron Valiant|ability: Quark Drive|[fromitem]\n|-start|p2a: Iron Valiant|quarkdrivespe\n|move|p1a: Corviknight|Bulk Up|p1a: Corviknight\n|-boost|p1a: Corviknight|atk|1\n|-boost|p1a: Corviknight|def|1\n|\n|-sideend|p1: hurenkebi|move: Light Screen\n|upkeep\n|turn|22\n|\n|t:|1700828916\n|move|p2a: Iron Valiant|Encore|p1a: Corviknight\n|-start|p1a: Corviknight|Encore\n|move|p1a: Corviknight|Bulk Up|p1a: Corviknight\n|-boost|p1a: Corviknight|atk|1\n|-boost|p1a: Corviknight|def|1\n|\n|upkeep\n|turn|23\n|\n|t:|1700828924\n|move|p2a: Iron Valiant|Calm Mind|p2a: Iron Valiant\n|-boost|p2a: Iron Valiant|spa|1\n|-boost|p2a: Iron Valiant|spd|1\n|move|p1a: Corviknight|Bulk Up|p1a: Corviknight\n|-boost|p1a: Corviknight|atk|0\n|-boost|p1a: Corviknight|def|0\n|\n|upkeep\n|turn|24\n|\n|t:|1700828931\n|move|p2a: Iron Valiant|Moonblast|p1a: Corviknight\n|-resisted|p1a: Corviknight\n|-damage|p1a: Corviknight|75\/100\n|move|p1a: Corviknight|Bulk Up|p1a: Corviknight\n|-boost|p1a: Corviknight|atk|0\n|-boost|p1a: Corviknight|def|0\n|\n|-heal|p1a: Corviknight|81\/100|[from] item: Leftovers\n|-end|p1a: Corviknight|Encore\n|upkeep\n|turn|25\n|\n|t:|1700828941\n|move|p2a: Iron Valiant|Calm Mind|p2a: Iron Valiant\n|-boost|p2a: Iron Valiant|spa|1\n|-boost|p2a: Iron Valiant|spd|1\n|move|p1a: Corviknight|Power Trip|p2a: Iron Valiant\n|-resisted|p2a: Iron Valiant\n|-damage|p2a: Iron Valiant|22\/100\n|\n|-heal|p1a: Corviknight|87\/100|[from] item: Leftovers\n|upkeep\n|turn|26\n|\n|t:|1700828949\n|move|p2a: Iron Valiant|Moonblast|p1a: Corviknight\n|-resisted|p1a: Corviknight\n|-damage|p1a: Corviknight|57\/100\n|move|p1a: Corviknight|Agility|p1a: Corviknight\n|-boost|p1a: Corviknight|spe|2\n|\n|-heal|p1a: Corviknight|63\/100|[from] item: Leftovers\n|upkeep\n|turn|27\n|\n|t:|1700828957\n|move|p2a: Iron Valiant|Encore|p1a: Corviknight\n|-start|p1a: Corviknight|Encore\n|move|p1a: Corviknight|Agility|p1a: Corviknight\n|-boost|p1a: Corviknight|spe|2\n|\n|-heal|p1a: Corviknight|69\/100|[from] item: Leftovers\n|upkeep\n|turn|28\n|\n|t:|1700828966\n|-end|p2a: Iron Valiant|Quark Drive|[silent]\n|switch|p2a: Iron Moth|Iron Moth, tera:Ground|6\/100\n|move|p1a: Corviknight|Agility|p1a: Corviknight\n|-boost|p1a: Corviknight|spe|0\n|\n|-heal|p1a: Corviknight|75\/100|[from] item: Leftovers\n|upkeep\n|turn|29\n|\n|t:|1700828974\n|move|p1a: Corviknight|Agility|p1a: Corviknight\n|-boost|p1a: Corviknight|spe|0\n|move|p2a: Iron Moth|Fiery Dance|p1a: Corviknight\n|-supereffective|p1a: Corviknight\n|-damage|p1a: Corviknight|21\/100\n|\n|-heal|p1a: Corviknight|28\/100|[from] item: Leftovers\n|-end|p1a: Corviknight|Encore\n|upkeep\n|turn|30\n|\n|t:|1700828982\n|move|p1a: Corviknight|Power Trip|p2a: Iron Moth\n|-damage|p2a: Iron Moth|0 fnt\n|faint|p2a: Iron Moth\n|-end|p2a: Iron Moth|Quark Drive|[silent]\n|\n|-heal|p1a: Corviknight|34\/100|[from] item: Leftovers\n|upkeep\n|c|\u2606hurenkebi|hhhhhhhh\n|c|\u2606hurenkebi|hhhhhhhhhhh\n|c|\u2606hurenkebi|hhhhhhhhhhhhhhh\n|\n|t:|1700829000\n|switch|p2a: Iron Valiant|Iron Valiant|22\/100\n|turn|31\n|c|\u2606hurenkebi|hhhhhhhhhhhhhhhhhhhhhh\n|\n|t:|1700829002\n|move|p1a: Corviknight|Power Trip|p2a: Iron Valiant\n|-resisted|p2a: Iron Valiant\n|-damage|p2a: Iron Valiant|0 fnt\n|faint|p2a: Iron Valiant\n|-end|p2a: Iron Valiant|Quark Drive|[silent]\n|\n|-heal|p1a: Corviknight|40\/100|[from] item: Leftovers\n|upkeep\n|\n|t:|1700829007\n|switch|p2a: Great Tusk|Great Tusk|100\/100\n|turn|32\n|\n|t:|1700829011\n|move|p1a: Corviknight|Power Trip|p2a: Great Tusk\n|-resisted|p2a: Great Tusk\n|-damage|p2a: Great Tusk|9\/100\n|move|p2a: Great Tusk|Bulk Up|p2a: Great Tusk\n|-boost|p2a: Great Tusk|atk|1\n|-boost|p2a: Great Tusk|def|1\n|\n|-heal|p1a: Corviknight|46\/100|[from] item: Leftovers\n|-heal|p2a: Great Tusk|15\/100|[from] item: Leftovers\n|upkeep\n|turn|33\n|\n|t:|1700829017\n|move|p1a: Corviknight|Power Trip|p2a: Great Tusk\n|-resisted|p2a: Great Tusk\n|-crit|p2a: Great Tusk\n|-damage|p2a: Great Tusk|0 fnt\n|faint|p2a: Great Tusk\n|-end|p2a: Great Tusk|Protosynthesis|[silent]\n|\n|-heal|p1a: Corviknight|53\/100|[from] item: Leftovers\n|upkeep\n|\n|t:|1700829022\n|switch|p2a: Dragonite|Dragonite, F|100\/100\n|turn|34\n|\n|t:|1700829035\n|move|p1a: Corviknight|Power Trip|p2a: Dragonite\n|-damage|p2a: Dragonite|0 fnt\n|faint|p2a: Dragonite\n|\n|-heal|p1a: Corviknight|59\/100|[from] item: Leftovers\n|upkeep\n|\n|t:|1700829038\n|switch|p2a: Ogerpon|Ogerpon-Wellspring, F|25\/100\n|turn|35\n|\n|t:|1700829043\n|move|p1a: Corviknight|Power Trip|p2a: Ogerpon\n|-damage|p2a: Ogerpon|0 fnt\n|faint|p2a: Ogerpon\n|\n|win|hurenkebi\n|raw|hurenkebi's rating: 1416 &rarr; <strong>1432<\/strong><br \/>(+16 for winning)\n|raw|ndsnez broJoganExp's rating: 1351 &rarr; <strong>1335<\/strong><br \/>(-16 for losing)\n|l|\u2606ndsnez broJoganExp\n","uploadtime":1700829049,"views":6,"p1id":"hurenkebi","p2id":"ndsnezbrojoganexp","formatid":"gen9nationaldex","rating":1335,"private":0,"password":""}