{"id":"gen9nationaldex-1999828924","p1":"MikazukiRex_","p2":"MarcusTalks","format":"[Gen 9] National Dex","log":"|html|<div class=\"broadcast-blue\"><strong>[Gen 9] National Dex is currently suspecting Sneasler! For information on how to participate check out the <a href=\"https:\/\/www.smogon.com\/forums\/threads\/sv-national-dex-suspect-8-just-dance.3731534\/\">suspect thread<\/a>.<\/strong><\/div>\n|j|\u2606MikazukiRex_\n|j|\u2606MarcusTalks\n|t:|1701120568\n|gametype|singles\n|player|p1|MikazukiRex_|wallace|\n|player|p2|MarcusTalks|steven|\n|teamsize|p1|6\n|teamsize|p2|6\n|gen|9\n|tier|[Gen 9] National Dex\n|rule|HP Percentage Mod: HP is shown in percentages\n|rule|Endless Battle Clause: Forcing endless battles is banned\n|rule|OHKO Clause: OHKO moves are banned\n|rule|Evasion Clause: Evasion abilities, items, and moves are banned\n|rule|Evasion Abilities Clause: Evasion abilities are banned\n|rule|Evasion Items Clause: Evasion items are banned\n|rule|Evasion Moves Clause: Evasion moves are banned\n|rule|Species Clause: Limit one of each Pok\u00e9mon\n|rule|Sleep Clause Mod: Limit one foe put to sleep\n|clearpoke\n|poke|p1|Arcanine-Hisui, F|\n|poke|p1|Slowking-Galar, M|\n|poke|p1|Great Tusk|\n|poke|p1|Hoopa-Unbound|\n|poke|p1|Ribombee, F|\n|poke|p1|Lopunny, M|\n|poke|p2|Aegislash, M|\n|poke|p2|Ceruledge, M|\n|poke|p2|Sinistcha-Masterpiece|\n|poke|p2|Cofagrigus, M|\n|poke|p2|Rotom|\n|poke|p2|Lopunny, F|\n|teampreview\n|c|\u2606MarcusTalks|Really, you brought one to counter mine\n|c|\u2606MarcusTalks|Hmm, I gotta get rid of Slowking there\n|\n|t:|1701120645\n|start\n|switch|p1a: Lopunny|Lopunny, M|100\/100\n|switch|p2a: Cofagrigus|Cofagrigus, M|100\/100\n|turn|1\n|\n|t:|1701120659\n|detailschange|p1a: Lopunny|Lopunny-Mega, M\n|-mega|p1a: Lopunny|Lopunny|Lopunnite\n|move|p1a: Lopunny|Fake Out|p2a: Cofagrigus\n|-damage|p2a: Cofagrigus|86\/100\n|-activate|p2a: Cofagrigus|ability: Mummy|Scrappy|[of] p1a: Lopunny\n|cant|p2a: Cofagrigus|flinch\n|\n|-heal|p2a: Cofagrigus|92\/100|[from] item: Leftovers\n|upkeep\n|turn|2\n|\n|t:|1701120669\n|switch|p1a: Hoopa|Hoopa-Unbound|100\/100\n|move|p2a: Cofagrigus|Substitute|p2a: Cofagrigus\n|-start|p2a: Cofagrigus|Substitute\n|-damage|p2a: Cofagrigus|67\/100\n|\n|-heal|p2a: Cofagrigus|73\/100|[from] item: Leftovers\n|upkeep\n|turn|3\n|\n|t:|1701120688\n|move|p1a: Hoopa|Dark Pulse|p2a: Cofagrigus\n|-supereffective|p2a: Cofagrigus\n|-end|p2a: Cofagrigus|Substitute\n|move|p2a: Cofagrigus|Knock Off|p1a: Hoopa\n|-crit|p1a: Hoopa\n|-damage|p1a: Hoopa|73\/100\n|-enditem|p1a: Hoopa|Choice Specs|[from] move: Knock Off|[of] p2a: Cofagrigus\n|\n|-heal|p2a: Cofagrigus|79\/100|[from] item: Leftovers\n|upkeep\n|turn|4\n|c|\u2606MarcusTalks|You like that trick\n|\n|t:|1701120711\n|move|p1a: Hoopa|Dark Pulse|p2a: Cofagrigus\n|-supereffective|p2a: Cofagrigus\n|-damage|p2a: Cofagrigus|0 fnt\n|faint|p2a: Cofagrigus\n|\n|upkeep\n|\n|t:|1701120717\n|switch|p2a: Lopunny|Lopunny, F, shiny|100\/100\n|turn|5\n|\n|t:|1701120745\n|detailschange|p2a: Lopunny|Lopunny-Mega, F, shiny\n|-mega|p2a: Lopunny|Lopunny|Lopunnite\n|move|p2a: Lopunny|High Jump Kick|p1a: Hoopa\n|-damage|p1a: Hoopa|0 fnt\n|faint|p1a: Hoopa\n|\n|upkeep\n|\n|t:|1701120757\n|switch|p1a: Ribombee|Ribombee, F|100\/100\n|turn|6\n|\n|t:|1701120768\n|switch|p2a: Aegislash|Aegislash, M, shiny|100\/100\n|move|p1a: Ribombee|Moonblast|p2a: Aegislash\n|-resisted|p2a: Aegislash\n|-damage|p2a: Aegislash|88\/100\n|\n|-heal|p2a: Aegislash|95\/100|[from] item: Leftovers\n|upkeep\n|turn|7\n|\n|t:|1701120786\n|switch|p1a: Slowking|Slowking-Galar, M|100\/100\n|-formechange|p2a: Aegislash|Aegislash-Blade||[from] ability: Stance Change\n|move|p2a: Aegislash|Sacred Sword|p1a: Slowking\n|-resisted|p1a: Slowking\n|-damage|p1a: Slowking|93\/100\n|\n|-heal|p2a: Aegislash|100\/100|[from] item: Leftovers\n|upkeep\n|turn|8\n|\n|t:|1701120810\n|move|p2a: Aegislash|Shadow Ball|p1a: Slowking\n|-supereffective|p1a: Slowking\n|-damage|p1a: Slowking|49\/100\n|move|p1a: Slowking|Future Sight|p2a: Aegislash\n|-start|p1a: Slowking|move: Future Sight\n|\n|upkeep\n|turn|9\n|\n|t:|1701120823\n|move|p2a: Aegislash|Shadow Ball|p1a: Slowking\n|-supereffective|p1a: Slowking\n|-damage|p1a: Slowking|6\/100\n|-unboost|p1a: Slowking|spd|1\n|move|p1a: Slowking|Flamethrower|p2a: Aegislash\n|-supereffective|p2a: Aegislash\n|-damage|p2a: Aegislash|26\/100\n|\n|-heal|p2a: Aegislash|33\/100|[from] item: Leftovers\n|upkeep\n|turn|10\n|\n|t:|1701120834\n|-formechange|p2a: Aegislash|Aegislash||[from] ability: Stance Change\n|move|p2a: Aegislash|King's Shield|p2a: Aegislash\n|-singleturn|p2a: Aegislash|Protect\n|move|p1a: Slowking|Flamethrower|p2a: Aegislash\n|-activate|p2a: Aegislash|move: Protect\n|\n|-end|p2a: Aegislash|move: Future Sight\n|-resisted|p2a: Aegislash\n|-damage|p2a: Aegislash|15\/100\n|-heal|p2a: Aegislash|21\/100|[from] item: Leftovers\n|upkeep\n|turn|11\n|\n|t:|1701120848\n|switch|p2a: Ceruledge|Ceruledge, M|100\/100\n|move|p1a: Slowking|Flamethrower|p2a: Ceruledge\n|-resisted|p2a: Ceruledge\n|-damage|p2a: Ceruledge|82\/100\n|\n|upkeep\n|turn|12\n|\n|t:|1701120855\n|move|p2a: Ceruledge|Shadow Sneak|p1a: Slowking\n|-supereffective|p1a: Slowking\n|-damage|p1a: Slowking|0 fnt\n|faint|p1a: Slowking\n|\n|upkeep\n|\n|t:|1701120879\n|switch|p1a: Lopunny|Lopunny-Mega, M|100\/100\n|turn|13\n|\n|t:|1701120898\n|move|p1a: Lopunny|Return|p2a: Ceruledge\n|-damage|p2a: Ceruledge|5\/100\n|-ability|p2a: Ceruledge|Weak Armor|boost\n|-unboost|p2a: Ceruledge|def|1\n|-boost|p2a: Ceruledge|spe|2\n|move|p2a: Ceruledge|Bitter Blade|p1a: Lopunny\n|-damage|p1a: Lopunny|43\/100\n|-heal|p2a: Ceruledge|32\/100|[from] drain|[of] p1a: Lopunny\n|\n|upkeep\n|turn|14\n|c|\u2606MikazukiRex_|no way\n|c|\u2606MikazukiRex_|that didn't kill\n|c|\u2606MikazukiRex_|stupid low roll\n|c|\u2606MarcusTalks|Shoulda used SD there\n|\n|t:|1701120929\n|move|p2a: Ceruledge|Bitter Blade|p1a: Lopunny\n|-damage|p1a: Lopunny|0 fnt\n|-heal|p2a: Ceruledge|52\/100|[from] drain|[of] p1a: Lopunny\n|faint|p1a: Lopunny\n|\n|upkeep\n|\n|t:|1701120935\n|switch|p1a: Arcanine|Arcanine-Hisui, F|100\/100\n|turn|15\n|\n|t:|1701120957\n|move|p2a: Ceruledge|Poison Jab|p1a: Arcanine\n|-resisted|p1a: Arcanine\n|-damage|p1a: Arcanine|84\/100\n|move|p1a: Arcanine|Flare Blitz|p2a: Ceruledge\n|-resisted|p2a: Ceruledge\n|-damage|p2a: Ceruledge|0 fnt\n|faint|p2a: Ceruledge\n|\n|upkeep\n|\n|t:|1701120966\n|switch|p2a: Sinistcha|Sinistcha-Masterpiece, shiny|100\/100\n|turn|16\n|\n|t:|1701120979\n|-terastallize|p2a: Sinistcha|Water\n|move|p1a: Arcanine|Flare Blitz|p2a: Sinistcha\n|-resisted|p2a: Sinistcha\n|-damage|p2a: Sinistcha|81\/100\n|move|p2a: Sinistcha|Tera Blast|p1a: Arcanine|[anim] Tera Blast Water\n|-supereffective|p1a: Arcanine\n|-damage|p1a: Arcanine|0 fnt\n|faint|p1a: Arcanine\n|\n|-heal|p2a: Sinistcha|87\/100|[from] item: Leftovers\n|upkeep\n|\n|t:|1701120989\n|switch|p1a: Ribombee|Ribombee, F|100\/100\n|turn|17\n|c|\u2606MarcusTalks|Resist plus heatproof. Ooo\n|\n|t:|1701121006\n|move|p1a: Ribombee|Energy Ball|p2a: Sinistcha\n|-supereffective|p2a: Sinistcha\n|-damage|p2a: Sinistcha|29\/100\n|move|p2a: Sinistcha|Calm Mind|p2a: Sinistcha\n|-boost|p2a: Sinistcha|spa|1\n|-boost|p2a: Sinistcha|spd|1\n|\n|-heal|p2a: Sinistcha|35\/100|[from] item: Leftovers\n|upkeep\n|turn|18\n|\n|t:|1701121026\n|move|p1a: Ribombee|Energy Ball|p2a: Sinistcha\n|-supereffective|p2a: Sinistcha\n|-damage|p2a: Sinistcha|0 fnt\n|faint|p2a: Sinistcha\n|\n|upkeep\n|\n|t:|1701121032\n|switch|p2a: Aegislash|Aegislash, M, shiny|21\/100\n|turn|19\n|\n|t:|1701121047\n|move|p2a: Aegislash|King's Shield|p2a: Aegislash\n|-singleturn|p2a: Aegislash|Protect\n|move|p1a: Ribombee|Bug Buzz|p2a: Aegislash\n|-activate|p2a: Aegislash|move: Protect\n|\n|-heal|p2a: Aegislash|28\/100|[from] item: Leftovers\n|upkeep\n|turn|20\n|\n|t:|1701121054\n|move|p1a: Ribombee|Bug Buzz|p2a: Aegislash\n|-resisted|p2a: Aegislash\n|-damage|p2a: Aegislash|22\/100\n|-formechange|p2a: Aegislash|Aegislash-Blade||[from] ability: Stance Change\n|move|p2a: Aegislash|Flash Cannon|p1a: Ribombee\n|-supereffective|p1a: Ribombee\n|-enditem|p1a: Ribombee|Focus Sash\n|-damage|p1a: Ribombee|1\/100\n|\n|-heal|p2a: Aegislash|28\/100|[from] item: Leftovers\n|upkeep\n|turn|21\n|\n|t:|1701121066\n|-formechange|p2a: Aegislash|Aegislash||[from] ability: Stance Change\n|move|p2a: Aegislash|King's Shield|p2a: Aegislash\n|-singleturn|p2a: Aegislash|Protect\n|move|p1a: Ribombee|Energy Ball|p2a: Aegislash\n|-activate|p2a: Aegislash|move: Protect\n|\n|-heal|p2a: Aegislash|34\/100|[from] item: Leftovers\n|upkeep\n|turn|22\n|\n|t:|1701121077\n|move|p1a: Ribombee|Energy Ball|p2a: Aegislash\n|-resisted|p2a: Aegislash\n|-damage|p2a: Aegislash|26\/100\n|-formechange|p2a: Aegislash|Aegislash-Blade||[from] ability: Stance Change\n|move|p2a: Aegislash|Shadow Ball|p1a: Ribombee\n|-damage|p1a: Ribombee|0 fnt\n|faint|p1a: Ribombee\n|\n|-heal|p2a: Aegislash|32\/100|[from] item: Leftovers\n|upkeep\n|\n|t:|1701121087\n|switch|p1a: Great Tusk|Great Tusk|100\/100\n|turn|23\n|\n|t:|1701121111\n|-terastallize|p1a: Great Tusk|Water\n|move|p1a: Great Tusk|Headlong Rush|p2a: Aegislash\n|-supereffective|p2a: Aegislash\n|-damage|p2a: Aegislash|0 fnt\n|-unboost|p1a: Great Tusk|def|1\n|-unboost|p1a: Great Tusk|spd|1\n|faint|p2a: Aegislash\n|\n|upkeep\n|\n|t:|1701121120\n|switch|p2a: Lopunny|Lopunny-Mega, F, shiny|100\/100\n|turn|24\n|\n|t:|1701121124\n|move|p2a: Lopunny|Fake Out|p1a: Great Tusk\n|-damage|p1a: Great Tusk|77\/100\n|cant|p1a: Great Tusk|flinch\n|\n|upkeep\n|turn|25\n|\n|t:|1701121129\n|switch|p2a: Rotom|Rotom, shiny|100\/100\n|move|p1a: Great Tusk|Rapid Spin|p2a: Rotom\n|-immune|p2a: Rotom\n|\n|upkeep\n|turn|26\n|\n|t:|1701121141\n|move|p2a: Rotom|Thunder|p1a: Great Tusk|[miss]\n|-miss|p2a: Rotom|p1a: Great Tusk\n|move|p1a: Great Tusk|Ice Spinner|p2a: Rotom\n|-damage|p2a: Rotom|52\/100\n|\n|upkeep\n|turn|27\n|\n|t:|1701121147\n|move|p2a: Rotom|Defog|p1a: Great Tusk\n|-unboost|p1a: Great Tusk|evasion|1\n|move|p1a: Great Tusk|Ice Spinner|p2a: Rotom\n|-damage|p2a: Rotom|0 fnt\n|faint|p2a: Rotom\n|\n|upkeep\n|c|\u2606MarcusTalks|I think I lost\n|\n|t:|1701121160\n|switch|p2a: Lopunny|Lopunny-Mega, F, shiny|100\/100\n|turn|28\n|c|\u2606MikazukiRex_|no\n|c|\u2606MikazukiRex_|im minus -1\n|c|\u2606MarcusTalks|True\n|\n|t:|1701121178\n|move|p2a: Lopunny|Fake Out|p1a: Great Tusk\n|-damage|p1a: Great Tusk|52\/100\n|cant|p1a: Great Tusk|flinch\n|\n|upkeep\n|turn|29\n|\n|t:|1701121184\n|move|p2a: Lopunny|Return|p1a: Great Tusk\n|-damage|p1a: Great Tusk|0 fnt\n|faint|p1a: Great Tusk\n|-end|p1a: Great Tusk|Protosynthesis|[silent]\n|\n|win|MarcusTalks\n|c|\u2606MarcusTalks|Gg\n|l|\u2606MikazukiRex_\n","uploadtime":1701121199,"views":2,"p1id":"mikazukirex","p2id":"marcustalks","formatid":"gen9nationaldex","rating":0,"private":0,"password":""}