{"id":"gen9nationaldex-1987659412","p1":"Legendaries_$uck","p2":"super9800","format":"[Gen 9] National Dex","log":"|j|\u2606Legendaries_$uck\n|j|\u2606super9800\n|t:|1699624952\n|gametype|singles\n|player|p1|Legendaries_$uck|lucas|1367\n|player|p2|super9800|n|1275\n|teamsize|p1|6\n|teamsize|p2|6\n|gen|9\n|tier|[Gen 9] National Dex\n|rated|\n|rule|HP Percentage Mod: HP is shown in percentages\n|rule|Endless Battle Clause: Forcing endless battles is banned\n|rule|OHKO Clause: OHKO moves are banned\n|rule|Evasion Clause: Evasion abilities, items, and moves are banned\n|rule|Evasion Abilities Clause: Evasion abilities are banned\n|rule|Evasion Items Clause: Evasion items are banned\n|rule|Evasion Moves Clause: Evasion moves are banned\n|rule|Species Clause: Limit one of each Pok\u00e9mon\n|rule|Sleep Clause Mod: Limit one foe put to sleep\n|clearpoke\n|poke|p1|Hoopa-Unbound|\n|poke|p1|Ursaluna, M|\n|poke|p1|Cresselia, F|\n|poke|p1|Stakataka|\n|poke|p1|Xurkitree|\n|poke|p1|Hatterene, F|\n|poke|p2|Ogerpon, F|\n|poke|p2|Mienshao, F|\n|poke|p2|Banette, M|\n|poke|p2|Rotom-Heat|\n|poke|p2|Polteageist-Antique|\n|poke|p2|Volcanion|\n|teampreview\n|inactive|Battle timer is ON: inactive players will automatically lose when time's up. (requested by super9800)\n|\n|t:|1699624958\n|start\n|switch|p1a: Hatterene|Hatterene, F|100\/100\n|switch|p2a: Banette|Banette, M|100\/100\n|-item|p1a: Hatterene|Focus Sash|[from] ability: Frisk|[of] p2a: Banette|[identify]\n|turn|1\n|c|\u2606Legendaries_$uck|Glhd\n|c|\u2606Legendaries_$uck|Glhf\n|\n|t:|1699624971\n|detailschange|p2a: Banette|Banette-Mega, M\n|-mega|p2a: Banette|Banette|Banettite\n|move|p2a: Banette|Poltergeist|p1a: Hatterene\n|-activate|p1a: Hatterene|move: Poltergeist|Focus Sash\n|-supereffective|p1a: Hatterene\n|-crit|p1a: Hatterene\n|-enditem|p1a: Hatterene|Focus Sash\n|-damage|p1a: Hatterene|1\/100\n|move|p1a: Hatterene|Trick Room|p1a: Hatterene\n|-fieldstart|move: Trick Room|[of] p1a: Hatterene\n|\n|upkeep\n|turn|2\n|c|\u2606super9800|me to\n|\n|t:|1699624981\n|move|p1a: Hatterene|Healing Wish|p1a: Hatterene\n|faint|p1a: Hatterene\n|move|p2a: Banette|Poltergeist|p1: Hatterene|[notarget]\n|-fail|p2a: Banette\n|\n|upkeep\n|\n|t:|1699624997\n|switch|p1a: Xurkitree|Xurkitree|100\/100\n|turn|3\n|\n|t:|1699625000\n|move|p2a: Banette|Taunt|p1a: Xurkitree\n|-start|p1a: Xurkitree|move: Taunt\n|move|p1a: Xurkitree|Thunderbolt|p2a: Banette\n|-damage|p2a: Banette|0 fnt\n|faint|p2a: Banette\n|-ability|p1a: Xurkitree|Beast Boost|boost\n|-boost|p1a: Xurkitree|spa|1\n|\n|upkeep\n|\n|t:|1699625014\n|switch|p2a: wifu|Ogerpon, F|100\/100\n|turn|4\n|\n|t:|1699625016\n|move|p2a: wifu|Spiky Shield|p2a: wifu\n|-singleturn|p2a: wifu|move: Protect\n|move|p1a: Xurkitree|Thunderbolt|p2a: wifu\n|-activate|p2a: wifu|move: Protect\n|\n|upkeep\n|turn|5\n|\n|t:|1699625022\n|move|p1a: Xurkitree|Thunderbolt|p2a: wifu\n|-resisted|p2a: wifu\n|-damage|p2a: wifu|16\/100\n|move|p2a: wifu|Swords Dance|p2a: wifu\n|-boost|p2a: wifu|atk|2\n|\n|-end|p1a: Xurkitree|move: Taunt\n|-fieldend|move: Trick Room\n|upkeep\n|turn|6\n|\n|t:|1699625028\n|move|p2a: wifu|Ivy Cudgel|p1a: Xurkitree\n|-damage|p1a: Xurkitree|0 fnt\n|faint|p1a: Xurkitree\n|\n|upkeep\n|\n|t:|1699625032\n|switch|p1a: Stakataka|Stakataka|100\/100\n|turn|7\n|\n|t:|1699625038\n|-terastallize|p1a: Stakataka|Flying\n|move|p2a: wifu|Throat Chop|p1a: Stakataka\n|-damage|p1a: Stakataka|65\/100\n|-start|p1a: Stakataka|Throat Chop|[silent]\n|move|p1a: Stakataka|Trick Room|p1a: Stakataka\n|-fieldstart|move: Trick Room|[of] p1a: Stakataka\n|\n|upkeep\n|turn|8\n|\n|t:|1699625045\n|move|p2a: wifu|Spiky Shield|p2a: wifu\n|-singleturn|p2a: wifu|move: Protect\n|move|p1a: Stakataka|Gyro Ball|p2a: wifu\n|-activate|p2a: wifu|move: Protect\n|-damage|p1a: Stakataka|52\/100|[from] Spiky Shield|[of] p2a: wifu\n|\n|-end|p1a: Stakataka|Throat Chop|[silent]\n|upkeep\n|turn|9\n|\n|t:|1699625052\n|move|p1a: Stakataka|Stone Edge|p2a: wifu|[miss]\n|-miss|p1a: Stakataka|p2a: wifu\n|move|p2a: wifu|Throat Chop|p1a: Stakataka\n|-damage|p1a: Stakataka|21\/100\n|-start|p1a: Stakataka|Throat Chop|[silent]\n|\n|upkeep\n|turn|10\n|\n|t:|1699625056\n|move|p2a: wifu|Spiky Shield|p2a: wifu\n|-singleturn|p2a: wifu|move: Protect\n|move|p1a: Stakataka|Gyro Ball|p2a: wifu\n|-activate|p2a: wifu|move: Protect\n|-damage|p1a: Stakataka|9\/100|[from] Spiky Shield|[of] p2a: wifu\n|\n|-end|p1a: Stakataka|Throat Chop|[silent]\n|upkeep\n|turn|11\n|\n|t:|1699625061\n|move|p2a: wifu|Spiky Shield|p2a: wifu\n|-singleturn|p2a: wifu|move: Protect\n|move|p1a: Stakataka|Gyro Ball|p2a: wifu\n|-activate|p2a: wifu|move: Protect\n|-damage|p1a: Stakataka|0 fnt|[from] Spiky Shield|[of] p2a: wifu\n|faint|p1a: Stakataka\n|\n|-fieldend|move: Trick Room\n|upkeep\n|-message|Legendaries_$uck forfeited.\n|\n|win|super9800\n|raw|Legendaries_$uck's rating: 1367 &rarr; <strong>1342<\/strong><br \/>(-25 for losing)\n|raw|super9800's rating: 1275 &rarr; <strong>1306<\/strong><br \/>(+31 for winning)\n|l|\u2606Legendaries_$uck\n","uploadtime":1699625074,"views":15,"p1id":"legendariesuck","p2id":"super9800","formatid":"gen9nationaldex","rating":1306,"private":0,"password":""}