{"id":"gen9nationaldex-1992986414","p1":"Sr. Fisioterapia","p2":"hackilla15","format":"[Gen 9] National Dex","log":"|j|\u2606Sr. Fisioterapia\n|j|\u2606hackilla15\n|t:|1700252914\n|gametype|singles\n|player|p1|Sr. Fisioterapia|102|1372\n|player|p2|hackilla15|ethan|1310\n|teamsize|p1|6\n|teamsize|p2|6\n|gen|9\n|tier|[Gen 9] National Dex\n|rated|\n|rule|HP Percentage Mod: HP is shown in percentages\n|rule|Endless Battle Clause: Forcing endless battles is banned\n|rule|OHKO Clause: OHKO moves are banned\n|rule|Evasion Clause: Evasion abilities, items, and moves are banned\n|rule|Evasion Abilities Clause: Evasion abilities are banned\n|rule|Evasion Items Clause: Evasion items are banned\n|rule|Evasion Moves Clause: Evasion moves are banned\n|rule|Species Clause: Limit one of each Pok\u00e9mon\n|rule|Sleep Clause Mod: Limit one foe put to sleep\n|clearpoke\n|poke|p1|Corviknight, F|\n|poke|p1|Gliscor, F|\n|poke|p1|Tapu Fini|\n|poke|p1|Conkeldurr, F|\n|poke|p1|Serperior, F|\n|poke|p1|Scizor, M|\n|poke|p2|Zoroark-Hisui, F|\n|poke|p2|Venusaur, F|\n|poke|p2|Ceruledge, M|\n|poke|p2|Muk-Alola, F|\n|poke|p2|Corviknight, M|\n|poke|p2|Dragonite, M|\n|teampreview\n|\n|t:|1700252932\n|start\n|switch|p1a: Conkeldurr|Conkeldurr, F|100\/100\n|switch|p2a: M.J. Watson|Venusaur, F, shiny|100\/100\n|turn|1\n|inactive|Battle timer is ON: inactive players will automatically lose when time's up. (requested by hackilla15)\n|\n|t:|1700252938\n|detailschange|p2a: M.J. Watson|Venusaur-Mega, F, shiny\n|-mega|p2a: M.J. Watson|Venusaur|Venusaurite\n|move|p2a: M.J. Watson|Leech Seed|p1a: Conkeldurr\n|-start|p1a: Conkeldurr|move: Leech Seed\n|move|p1a: Conkeldurr|Ice Punch|p2a: M.J. Watson\n|-supereffective|p2a: M.J. Watson\n|-damage|p2a: M.J. Watson|77\/100\n|\n|-damage|p1a: Conkeldurr|88\/100|[from] Leech Seed|[of] p2a: M.J. Watson\n|-heal|p2a: M.J. Watson|92\/100|[silent]\n|upkeep\n|turn|2\n|\n|t:|1700252951\n|switch|p1a: Scizor|Scizor, M|100\/100\n|move|p2a: M.J. Watson|Giga Drain|p1a: Scizor\n|-resisted|p1a: Scizor\n|-damage|p1a: Scizor|91\/100\n|-heal|p2a: M.J. Watson|97\/100|[from] drain|[of] p1a: Scizor\n|\n|upkeep\n|turn|3\n|\n|t:|1700252961\n|switch|p2a: BIG BERTHA|Muk-Alola, F|100\/100\n|detailschange|p1a: Scizor|Scizor-Mega, M\n|-mega|p1a: Scizor|Scizor|Scizorite\n|move|p1a: Scizor|Swords Dance|p1a: Scizor\n|-boost|p1a: Scizor|atk|2\n|\n|upkeep\n|turn|4\n|\n|t:|1700252971\n|switch|p1a: Conkeldurr|Conkeldurr, F|88\/100\n|move|p2a: BIG BERTHA|Haze|p2a: BIG BERTHA\n|-clearallboost\n|\n|upkeep\n|turn|5\n|\n|t:|1700252980\n|move|p2a: BIG BERTHA|Knock Off|p1a: Conkeldurr\n|-resisted|p1a: Conkeldurr\n|-damage|p1a: Conkeldurr|68\/100\n|-enditem|p1a: Conkeldurr|Assault Vest|[from] move: Knock Off|[of] p2a: BIG BERTHA\n|move|p1a: Conkeldurr|Close Combat|p2a: BIG BERTHA\n|-damage|p2a: BIG BERTHA|29\/100\n|-unboost|p1a: Conkeldurr|def|1\n|-unboost|p1a: Conkeldurr|spd|1\n|-enditem|p2a: BIG BERTHA|Iapapa Berry|[eat]\n|-heal|p2a: BIG BERTHA|62\/100|[from] item: Iapapa Berry\n|\n|upkeep\n|turn|6\n|\n|t:|1700253004\n|switch|p2a: Moody Edge|Ceruledge, M, shiny|100\/100\n|switch|p1a: Corviknight|Corviknight, F|100\/100\n|\n|upkeep\n|turn|7\n|\n|t:|1700253014\n|-terastallize|p1a: Corviknight|Dragon\n|move|p2a: Moody Edge|Swords Dance|p2a: Moody Edge\n|-boost|p2a: Moody Edge|atk|2\n|move|p1a: Corviknight|Bulk Up|p1a: Corviknight\n|-boost|p1a: Corviknight|atk|1\n|-boost|p1a: Corviknight|def|1\n|\n|upkeep\n|turn|8\n|\n|t:|1700253041\n|switch|p2a: Lancelot|Corviknight, M, shiny|100\/100\n|move|p1a: Corviknight|Bulk Up|p1a: Corviknight\n|-boost|p1a: Corviknight|atk|1\n|-boost|p1a: Corviknight|def|1\n|\n|upkeep\n|turn|9\n|\n|t:|1700253051\n|move|p2a: Lancelot|Reflect|p2a: Lancelot\n|-sidestart|p2: hackilla15|Reflect\n|move|p1a: Corviknight|Power Trip|p2a: Lancelot\n|-damage|p2a: Lancelot|87\/100\n|\n|upkeep\n|turn|10\n|\n|t:|1700253055\n|move|p1a: Corviknight|Bulk Up|p1a: Corviknight\n|-boost|p1a: Corviknight|atk|1\n|-boost|p1a: Corviknight|def|1\n|move|p2a: Lancelot|Light Screen|p2a: Lancelot\n|-sidestart|p2: hackilla15|move: Light Screen\n|\n|upkeep\n|turn|11\n|\n|t:|1700253059\n|switch|p2a: BIG BERTHA|Muk-Alola, F|62\/100\n|move|p1a: Corviknight|Bulk Up|p1a: Corviknight\n|-boost|p1a: Corviknight|atk|1\n|-boost|p1a: Corviknight|def|1\n|\n|upkeep\n|turn|12\n|\n|t:|1700253065\n|move|p1a: Corviknight|Brave Bird|p2a: BIG BERTHA\n|-damage|p2a: BIG BERTHA|0 fnt\n|faint|p2a: BIG BERTHA\n|-damage|p1a: Corviknight|80\/100|[from] Recoil\n|\n|-heal|p1a: Corviknight|86\/100|[from] item: Leftovers\n|upkeep\n|\n|t:|1700253069\n|switch|p2a: M.J. Watson|Venusaur-Mega, F, shiny|100\/100\n|turn|13\n|\n|t:|1700253074\n|-terastallize|p2a: M.J. Watson|Fairy\n|move|p2a: M.J. Watson|Tera Blast|p1a: Corviknight|[anim] Tera Blast Fairy\n|-supereffective|p1a: Corviknight\n|-crit|p1a: Corviknight\n|-damage|p1a: Corviknight|0 fnt\n|faint|p1a: Corviknight\n|\n|upkeep\n|\n|t:|1700253084\n|switch|p1a: Scizor|Scizor-Mega, M|91\/100\n|turn|14\n|\n|t:|1700253097\n|switch|p2a: Moody Edge|Ceruledge, M, shiny|100\/100\n|move|p1a: Scizor|Knock Off|p2a: Moody Edge\n|-supereffective|p2a: Moody Edge\n|-damage|p2a: Moody Edge|44\/100\n|-ability|p2a: Moody Edge|Weak Armor|boost\n|-unboost|p2a: Moody Edge|def|1\n|-boost|p2a: Moody Edge|spe|2\n|-enditem|p2a: Moody Edge|Focus Sash|[from] move: Knock Off|[of] p1a: Scizor\n|\n|upkeep\n|turn|15\n|\n|t:|1700253107\n|move|p2a: Moody Edge|Bitter Blade|p1a: Scizor\n|-supereffective|p1a: Scizor\n|-damage|p1a: Scizor|0 fnt\n|-heal|p2a: Moody Edge|97\/100|[from] drain|[of] p1a: Scizor\n|faint|p1a: Scizor\n|\n|upkeep\n|\n|t:|1700253113\n|switch|p1a: Gliscor|Gliscor, F|100\/100\n|turn|16\n|\n|t:|1700253126\n|switch|p2a: Alduin|Dragonite, M|100\/100\n|move|p1a: Gliscor|Toxic|p2a: Alduin\n|-status|p2a: Alduin|tox\n|\n|-damage|p2a: Alduin|94\/100 tox|[from] psn\n|-sideend|p2: hackilla15|Reflect\n|-status|p1a: Gliscor|tox|[from] item: Toxic Orb\n|upkeep\n|turn|17\n|\n|t:|1700253134\n|move|p1a: Gliscor|Stealth Rock|p2a: Alduin\n|-sidestart|p2: hackilla15|move: Stealth Rock\n|move|p2a: Alduin|Curse|p2a: Alduin\n|-unboost|p2a: Alduin|spe|1\n|-boost|p2a: Alduin|atk|1\n|-boost|p2a: Alduin|def|1\n|\n|-damage|p2a: Alduin|82\/100 tox|[from] psn\n|-sideend|p2: hackilla15|move: Light Screen\n|upkeep\n|turn|18\n|\n|t:|1700253162\n|switch|p1a: Tapu Fini|Tapu Fini|100\/100\n|-fieldstart|move: Misty Terrain|[from] ability: Misty Surge|[of] p1a: Tapu Fini\n|move|p2a: Alduin|Curse|p2a: Alduin\n|-unboost|p2a: Alduin|spe|1\n|-boost|p2a: Alduin|atk|1\n|-boost|p2a: Alduin|def|1\n|\n|-damage|p2a: Alduin|64\/100 tox|[from] psn\n|upkeep\n|turn|19\n|\n|t:|1700253169\n|move|p1a: Tapu Fini|Haze|p1a: Tapu Fini\n|-clearallboost\n|move|p2a: Alduin|Earthquake|p1a: Tapu Fini\n|-damage|p1a: Tapu Fini|73\/100\n|\n|-heal|p1a: Tapu Fini|79\/100|[from] item: Leftovers\n|-damage|p2a: Alduin|39\/100 tox|[from] psn\n|upkeep\n|turn|20\n|\n|t:|1700253183\n|switch|p2a: Lancelot|Corviknight, M, shiny|87\/100\n|-damage|p2a: Lancelot|74\/100|[from] Stealth Rock\n|move|p1a: Tapu Fini|Moonblast|p2a: Lancelot\n|-resisted|p2a: Lancelot\n|-damage|p2a: Lancelot|61\/100\n|\n|-heal|p1a: Tapu Fini|85\/100|[from] item: Leftovers\n|upkeep\n|turn|21\n|\n|t:|1700253205\n|move|p1a: Tapu Fini|Surf|p2a: Lancelot\n|-damage|p2a: Lancelot|37\/100\n|move|p2a: Lancelot|Defog|p1a: Tapu Fini\n|-unboost|p1a: Tapu Fini|evasion|1\n|-sideend|p2: hackilla15|Stealth Rock|[from] move: Defog|[of] p2a: Lancelot\n|-fieldend|Misty Terrain\n|\n|-heal|p1a: Tapu Fini|91\/100|[from] item: Leftovers\n|upkeep\n|turn|22\n|\n|t:|1700253211\n|switch|p1a: Gliscor|Gliscor, F|100\/100 tox\n|move|p2a: Lancelot|Light Screen|p2a: Lancelot\n|-sidestart|p2: hackilla15|move: Light Screen\n|\n|upkeep\n|turn|23\n|\n|t:|1700253214\n|move|p1a: Gliscor|Stealth Rock|p2a: Lancelot\n|-sidestart|p2: hackilla15|move: Stealth Rock\n|move|p2a: Lancelot|Reflect|p2a: Lancelot\n|-sidestart|p2: hackilla15|Reflect\n|\n|upkeep\n|turn|24\n|\n|t:|1700253224\n|move|p1a: Gliscor|Stealth Rock||[still]\n|-fail|p1a: Gliscor\n|move|p2a: Lancelot|Defog|p1a: Gliscor\n|-unboost|p1a: Gliscor|evasion|1\n|-sideend|p2: hackilla15|Stealth Rock|[from] move: Defog|[of] p2a: Lancelot\n|\n|upkeep\n|turn|25\n|\n|t:|1700253230\n|move|p1a: Gliscor|Stealth Rock|p2a: Lancelot\n|-sidestart|p2: hackilla15|move: Stealth Rock\n|move|p2a: Lancelot|Iron Head|p1a: Gliscor\n|-damage|p1a: Gliscor|82\/100 tox\n|\n|-heal|p1a: Gliscor|94\/100 tox|[from] ability: Poison Heal\n|upkeep\n|turn|26\n|\n|t:|1700253249\n|switch|p1a: Tapu Fini|Tapu Fini|91\/100\n|-fieldstart|move: Misty Terrain|[from] ability: Misty Surge|[of] p1a: Tapu Fini\n|move|p2a: Lancelot|Iron Head|p1a: Tapu Fini\n|-damage|p1a: Tapu Fini|69\/100\n|\n|-heal|p1a: Tapu Fini|75\/100|[from] item: Leftovers\n|upkeep\n|turn|27\n|\n|t:|1700253258\n|move|p1a: Tapu Fini|Surf|p2a: Lancelot\n|-damage|p2a: Lancelot|25\/100\n|move|p2a: Lancelot|Defog|p1a: Tapu Fini\n|-unboost|p1a: Tapu Fini|evasion|1\n|-sideend|p2: hackilla15|Stealth Rock|[from] move: Defog|[of] p2a: Lancelot\n|-fieldend|Misty Terrain\n|\n|-heal|p1a: Tapu Fini|81\/100|[from] item: Leftovers\n|upkeep\n|turn|28\n|\n|t:|1700253261\n|switch|p1a: Gliscor|Gliscor, F|94\/100 tox\n|switch|p2a: M.J. Watson|Venusaur-Mega, F, shiny|97\/100\n|\n|-heal|p1a: Gliscor|100\/100 tox|[from] ability: Poison Heal\n|upkeep\n|turn|29\n|\n|t:|1700253265\n|move|p1a: Gliscor|Stealth Rock|p2a: M.J. Watson\n|-sidestart|p2: hackilla15|move: Stealth Rock\n|move|p2a: M.J. Watson|Leech Seed|p1a: Gliscor\n|-start|p1a: Gliscor|move: Leech Seed\n|\n|-damage|p1a: Gliscor|88\/100 tox|[from] Leech Seed|[of] p2a: M.J. Watson\n|-heal|p2a: M.J. Watson|100\/100|[silent]\n|-heal|p1a: Gliscor|100\/100 tox|[from] ability: Poison Heal\n|-sideend|p2: hackilla15|move: Light Screen\n|upkeep\n|turn|30\n|\n|t:|1700253279\n|move|p1a: Gliscor|Protect|p1a: Gliscor\n|-singleturn|p1a: Gliscor|Protect\n|move|p2a: M.J. Watson|Giga Drain|p1a: Gliscor\n|-activate|p1a: Gliscor|move: Protect\n|\n|-damage|p1a: Gliscor|88\/100 tox|[from] Leech Seed|[of] p2a: M.J. Watson\n|-heal|p1a: Gliscor|100\/100 tox|[from] ability: Poison Heal\n|-sideend|p2: hackilla15|Reflect\n|upkeep\n|turn|31\n|\n|t:|1700253289\n|switch|p1a: Serperior|Serperior, F|100\/100\n|move|p2a: M.J. Watson|Giga Drain|p1a: Serperior\n|-resisted|p1a: Serperior\n|-damage|p1a: Serperior|79\/100\n|\n|upkeep\n|turn|32\n|\n|t:|1700253292\n|move|p1a: Serperior|Glare|p2a: M.J. Watson\n|-status|p2a: M.J. Watson|par\n|move|p2a: M.J. Watson|Sludge Bomb|p1a: Serperior\n|-supereffective|p1a: Serperior\n|-damage|p1a: Serperior|0 fnt\n|faint|p1a: Serperior\n|\n|upkeep\n|\n|t:|1700253296\n|switch|p1a: Gliscor|Gliscor, F|100\/100 tox\n|turn|33\n|\n|t:|1700253298\n|move|p1a: Gliscor|Earthquake|p2a: M.J. Watson\n|-damage|p2a: M.J. Watson|76\/100 par\n|move|p2a: M.J. Watson|Leech Seed|p1a: Gliscor\n|-start|p1a: Gliscor|move: Leech Seed\n|\n|-damage|p1a: Gliscor|88\/100 tox|[from] Leech Seed|[of] p2a: M.J. Watson\n|-heal|p2a: M.J. Watson|89\/100 par|[silent]\n|-heal|p1a: Gliscor|100\/100 tox|[from] ability: Poison Heal\n|upkeep\n|turn|34\n|\n|t:|1700253301\n|move|p1a: Gliscor|Earthquake|p2a: M.J. Watson\n|-damage|p2a: M.J. Watson|67\/100 par\n|move|p2a: M.J. Watson|Giga Drain|p1a: Gliscor\n|-damage|p1a: Gliscor|72\/100 tox\n|-heal|p2a: M.J. Watson|81\/100 par|[from] drain|[of] p1a: Gliscor\n|\n|-damage|p1a: Gliscor|60\/100 tox|[from] Leech Seed|[of] p2a: M.J. Watson\n|-heal|p2a: M.J. Watson|93\/100 par|[silent]\n|-heal|p1a: Gliscor|72\/100 tox|[from] ability: Poison Heal\n|upkeep\n|turn|35\n|\n|t:|1700253304\n|move|p1a: Gliscor|Earthquake|p2a: M.J. Watson\n|-damage|p2a: M.J. Watson|70\/100 par\n|move|p2a: M.J. Watson|Giga Drain|p1a: Gliscor\n|-damage|p1a: Gliscor|41\/100 tox\n|-heal|p2a: M.J. Watson|86\/100 par|[from] drain|[of] p1a: Gliscor\n|\n|-damage|p1a: Gliscor|28\/100 tox|[from] Leech Seed|[of] p2a: M.J. Watson\n|-heal|p2a: M.J. Watson|99\/100 par|[silent]\n|-heal|p1a: Gliscor|41\/100 tox|[from] ability: Poison Heal\n|upkeep\n|turn|36\n|-message|Sr. Fisioterapia forfeited.\n|\n|win|hackilla15\n|raw|Sr. Fisioterapia's rating: 1372 &rarr; <strong>1348<\/strong><br \/>(-24 for losing)\n|raw|hackilla15's rating: 1310 &rarr; <strong>1334<\/strong><br \/>(+24 for winning)\n|l|\u2606Sr. Fisioterapia\n","uploadtime":1700253313,"views":16,"p1id":"srfisioterapia","p2id":"hackilla15","formatid":"gen9nationaldex","rating":1334,"private":0,"password":""}