{"id":"gen9nationaldex-1997319614","p1":"Martu2863","p2":"Void280","format":"[Gen 9] National Dex","log":"|html|<div class=\"broadcast-blue\"><strong>[Gen 9] National Dex is currently suspecting Sneasler! For information on how to participate check out the <a href=\"https:\/\/www.smogon.com\/forums\/threads\/sv-national-dex-suspect-8-just-dance.3731534\/\">suspect thread<\/a>.<\/strong><\/div>\n|j|\u2606Martu2863\n|j|\u2606Void280\n|t:|1700788931\n|gametype|singles\n|player|p1|Martu2863|cynthia-gen7|\n|player|p2|Void280|hilbert|\n|teamsize|p1|6\n|teamsize|p2|6\n|gen|9\n|tier|[Gen 9] National Dex\n|rule|HP Percentage Mod: HP is shown in percentages\n|rule|Endless Battle Clause: Forcing endless battles is banned\n|rule|OHKO Clause: OHKO moves are banned\n|rule|Evasion Clause: Evasion abilities, items, and moves are banned\n|rule|Evasion Abilities Clause: Evasion abilities are banned\n|rule|Evasion Items Clause: Evasion items are banned\n|rule|Evasion Moves Clause: Evasion moves are banned\n|rule|Species Clause: Limit one of each Pok\u00e9mon\n|rule|Sleep Clause Mod: Limit one foe put to sleep\n|clearpoke\n|poke|p1|Krookodile, F|\n|poke|p1|Moltres|\n|poke|p1|Tapu Fini|\n|poke|p1|Rillaboom, F|\n|poke|p1|Kartana|\n|poke|p1|Manectric, M|\n|poke|p2|Lopunny, F|\n|poke|p2|Iron Valiant|\n|poke|p2|Slither Wing|\n|poke|p2|Pawmot, M|\n|poke|p2|Urshifu-*, M|\n|poke|p2|Klefki, M|\n|teampreview\n|c|\u2606Martu2863|Suerte\n|j| Sylveon(404)\n|j| RARMolina\n|j| insipido\n|\n|t:|1700788955\n|start\n|switch|p1a: Fenix|Moltres|100\/100\n|switch|p2a: \"Lock & Key\"|Klefki, M, shiny|100\/100\n|turn|1\n|c|\u2606Void280|Igualmente\n|\n|t:|1700788963\n|move|p2a: \"Lock & Key\"|Thunder Wave|p1a: Fenix\n|-status|p1a: Fenix|par\n|move|p1a: Fenix|Flamethrower|p2a: \"Lock & Key\"\n|-supereffective|p2a: \"Lock & Key\"\n|-damage|p2a: \"Lock & Key\"|34\/100\n|\n|upkeep\n|turn|2\n|c| RARMolina|Vamos void como practicamos\n|\n|t:|1700788980\n|move|p2a: \"Lock & Key\"|Reflect|p2a: \"Lock & Key\"\n|-sidestart|p2: Void280|Reflect\n|move|p1a: Fenix|Flamethrower|p2a: \"Lock & Key\"\n|-supereffective|p2a: \"Lock & Key\"\n|-damage|p2a: \"Lock & Key\"|0 fnt\n|faint|p2a: \"Lock & Key\"\n|\n|upkeep\n|c| insipido|Vamos Maxi\n|\n|t:|1700788998\n|switch|p2a: First Time v2|Urshifu-Rapid-Strike, M|100\/100\n|turn|3\n|\n|t:|1700789013\n|switch|p1a: Kanaloa|Tapu Fini|100\/100\n|-fieldstart|move: Misty Terrain|[from] ability: Misty Surge|[of] p1a: Kanaloa\n|move|p2a: First Time v2|Poison Jab|p1a: Kanaloa\n|-supereffective|p1a: Kanaloa\n|-damage|p1a: Kanaloa|48\/100\n|\n|-heal|p1a: Kanaloa|54\/100|[from] item: Leftovers\n|upkeep\n|turn|4\n|c| Sylveon(404)|wa\n|c| RARMolina|Buena predic\n|\n|t:|1700789044\n|switch|p2a: Lopus|Lopunny, F|100\/100\n|move|p1a: Kanaloa|Draining Kiss|p2a: Lopus\n|-damage|p2a: Lopus|78\/100\n|-heal|p1a: Kanaloa|68\/100|[from] drain|[of] p2a: Lopus\n|\n|-heal|p1a: Kanaloa|74\/100|[from] item: Leftovers\n|upkeep\n|turn|5\n|\n|t:|1700789057\n|switch|p1a: Tarzan|Rillaboom, F|100\/100\n|-fieldstart|move: Grassy Terrain|[from] ability: Grassy Surge|[of] p1a: Tarzan\n|detailschange|p2a: Lopus|Lopunny-Mega, F\n|-mega|p2a: Lopus|Lopunny|Lopunnite\n|move|p2a: Lopus|Thunder Punch|p1a: Tarzan\n|-resisted|p1a: Tarzan\n|-damage|p1a: Tarzan|86\/100\n|\n|-heal|p2a: Lopus|84\/100|[from] Grassy Terrain\n|-heal|p1a: Tarzan|92\/100|[from] Grassy Terrain\n|upkeep\n|turn|6\n|\n|t:|1700789068\n|move|p1a: Tarzan|Grassy Glide|p2a: Lopus\n|-damage|p2a: Lopus|47\/100\n|move|p2a: Lopus|Triple Axel|p1a: Tarzan\n|-supereffective|p1a: Tarzan\n|-damage|p1a: Tarzan|76\/100\n|-supereffective|p1a: Tarzan\n|-damage|p1a: Tarzan|45\/100\n|-supereffective|p1a: Tarzan\n|-damage|p1a: Tarzan|0 fnt\n|faint|p1a: Tarzan\n|-hitcount|p1: Tarzan|3\n|\n|-heal|p2a: Lopus|53\/100|[from] Grassy Terrain\n|upkeep\n|\n|t:|1700789077\n|switch|p1a: Gavial|Krookodile, F|100\/100\n|-ability|p1a: Gavial|Intimidate|boost\n|-fail|p2a: Lopus|unboost|Attack|[from] ability: Scrappy|[of] p2a: Lopus\n|turn|7\n|c| Sylveon(404)|vamo maxi\n|c| Sylveon(404)|vo podes\n|\n|t:|1700789088\n|switch|p2a: First Time v2|Urshifu-Rapid-Strike, M|100\/100\n|-terastallize|p1a: Gavial|Fighting\n|move|p1a: Gavial|Close Combat|p2a: First Time v2\n|-damage|p2a: First Time v2|70\/100\n|-unboost|p1a: Gavial|def|1\n|-unboost|p1a: Gavial|spd|1\n|\n|-heal|p2a: First Time v2|76\/100|[from] Grassy Terrain\n|upkeep\n|turn|8\n|\n|t:|1700789103\n|switch|p1a: Kami|Kartana|100\/100\n|move|p2a: First Time v2|Surging Strikes|p1a: Kami\n|-resisted|p1a: Kami\n|-crit|p1a: Kami\n|-damage|p1a: Kami|90\/100\n|-resisted|p1a: Kami\n|-crit|p1a: Kami\n|-damage|p1a: Kami|80\/100\n|-resisted|p1a: Kami\n|-crit|p1a: Kami\n|-damage|p1a: Kami|69\/100\n|-hitcount|p1a: Kami|3\n|\n|-heal|p2a: First Time v2|83\/100|[from] Grassy Terrain\n|-heal|p1a: Kami|75\/100|[from] Grassy Terrain\n|upkeep\n|turn|9\n|j| WSoldat\n|l| Sylveon(404)\n|j| Sylveon(404)\n|c| RARMolina|Dale con la silla\n|\n|t:|1700789148\n|switch|p2a: Silky|Slither Wing|100\/100\n|-enditem|p2a: Silky|Booster Energy\n|-activate|p2a: Silky|ability: Protosynthesis|[fromitem]\n|-start|p2a: Silky|protosynthesisatk\n|switch|p1a: Fenix|Moltres|100\/100 par\n|\n|-sideend|p2: Void280|Reflect\n|-fieldend|move: Grassy Terrain\n|upkeep\n|turn|10\n|c| WSoldat|Se imaginan kartana con liviano?\n|\n|t:|1700789175\n|-end|p2a: Silky|Protosynthesis|[silent]\n|switch|p2a: Pawmot|Pawmot, M|100\/100\n|move|p1a: Fenix|Will-O-Wisp|p2a: Pawmot\n|-status|p2a: Pawmot|brn\n|\n|-damage|p2a: Pawmot|94\/100 brn|[from] brn\n|upkeep\n|turn|11\n|c| Sylveon(404)|PF\n|c| RARMolina|No mames wey\n|c| Sylveon(404)|mejor es con ultra impulso\n|\n|t:|1700789196\n|switch|p1a: Gavial|Krookodile, F, tera:Fighting|100\/100\n|-ability|p1a: Gavial|Intimidate|boost\n|-unboost|p2a: Pawmot|atk|1\n|move|p2a: Pawmot|Fake Out|p1a: Gavial\n|-damage|p1a: Gavial|96\/100\n|\n|-damage|p2a: Pawmot|88\/100 brn|[from] brn\n|upkeep\n|turn|12\n|c| insipido|Con Danza dragon pa\n|\n|t:|1700789218\n|move|p1a: Gavial|Earthquake|p2a: Pawmot\n|-supereffective|p2a: Pawmot\n|-damage|p2a: Pawmot|0 fnt\n|faint|p2a: Pawmot\n|\n|upkeep\n|\n|t:|1700789227\n|switch|p2a: Silky|Slither Wing|100\/100\n|turn|13\n|\n|t:|1700789236\n|switch|p1a: Fenix|Moltres|100\/100 par\n|move|p2a: Silky|Trailblaze|p1a: Fenix\n|-resisted|p1a: Fenix\n|-damage|p1a: Fenix|97\/100 par\n|-boost|p2a: Silky|spe|1\n|\n|upkeep\n|turn|14\n|\n|t:|1700789254\n|-end|p2a: Silky|Protosynthesis|[silent]\n|switch|p2a: Cyber Ange|Iron Valiant|100\/100\n|-enditem|p2a: Cyber Ange|Booster Energy\n|-activate|p2a: Cyber Ange|ability: Quark Drive|[fromitem]\n|-start|p2a: Cyber Ange|quarkdrivespe\n|cant|p1a: Fenix|par\n|\n|upkeep\n|turn|15\n|c| Sylveon(404)|slither wing con danza dragon\n|c| RARMolina|Alv\n|c| WSoldat|Uff seria goty\n|\n|t:|1700789280\n|switch|p1a: Kanaloa|Tapu Fini|74\/100\n|-fieldstart|move: Misty Terrain|[from] ability: Misty Surge|[of] p1a: Kanaloa\n|move|p2a: Cyber Ange|Calm Mind|p2a: Cyber Ange\n|-boost|p2a: Cyber Ange|spa|1\n|-boost|p2a: Cyber Ange|spd|1\n|\n|-heal|p1a: Kanaloa|80\/100|[from] item: Leftovers\n|upkeep\n|turn|16\n|c| RARMolina|Bueno tiene una cola de reptil\n|\n|t:|1700789299\n|move|p2a: Cyber Ange|Moonblast|p1a: Kanaloa\n|-damage|p1a: Kanaloa|41\/100\n|move|p1a: Kanaloa|Draining Kiss|p2a: Cyber Ange\n|-supereffective|p2a: Cyber Ange\n|-damage|p2a: Cyber Ange|61\/100\n|-heal|p1a: Kanaloa|66\/100|[from] drain|[of] p2a: Cyber Ange\n|\n|-heal|p1a: Kanaloa|73\/100|[from] item: Leftovers\n|upkeep\n|turn|17\n|c| RARMolina|De hecho reptalada debi\u00f3 ser bicho dragon\n|\n|t:|1700789316\n|-terastallize|p2a: Cyber Ange|Fairy\n|move|p2a: Cyber Ange|Calm Mind|p2a: Cyber Ange\n|-boost|p2a: Cyber Ange|spa|1\n|-boost|p2a: Cyber Ange|spd|1\n|move|p1a: Kanaloa|Draining Kiss|p2a: Cyber Ange\n|-damage|p2a: Cyber Ange|45\/100\n|-heal|p1a: Kanaloa|82\/100|[from] drain|[of] p2a: Cyber Ange\n|\n|-heal|p1a: Kanaloa|89\/100|[from] item: Leftovers\n|upkeep\n|turn|18\n|\n|t:|1700789328\n|move|p2a: Cyber Ange|Moonblast|p1a: Kanaloa\n|-damage|p1a: Kanaloa|12\/100\n|move|p1a: Kanaloa|Nature's Madness|p2a: Cyber Ange\n|-damage|p2a: Cyber Ange|23\/100\n|\n|-heal|p1a: Kanaloa|18\/100|[from] item: Leftovers\n|upkeep\n|turn|19\n|\n|t:|1700789335\n|move|p2a: Cyber Ange|Moonblast|p1a: Kanaloa\n|-damage|p1a: Kanaloa|0 fnt\n|faint|p1a: Kanaloa\n|\n|-fieldend|Misty Terrain\n|upkeep\n|\n|t:|1700789342\n|switch|p1a: Fenix|Moltres|97\/100 par\n|turn|20\n|c| WSoldat|Rar le sabe\n|c| Sylveon(404)|dragon bicho flygon\n|c| RARMolina|Xd\n|\n|t:|1700789382\n|move|p2a: Cyber Ange|Psychic|p1a: Fenix\n|-damage|p1a: Fenix|41\/100 par\n|move|p1a: Fenix|Toxic|p2a: Cyber Ange\n|-status|p2a: Cyber Ange|tox\n|\n|-damage|p2a: Cyber Ange|17\/100 tox|[from] psn\n|upkeep\n|turn|21\n|c| Sylveon(404)|slither wing ya es perfecto con el lucha\n|\n|t:|1700789396\n|move|p2a: Cyber Ange|Psychic|p1a: Fenix\n|-damage|p1a: Fenix|0 fnt\n|faint|p1a: Fenix\n|\n|-damage|p2a: Cyber Ange|4\/100 tox|[from] psn\n|upkeep\n|\n|t:|1700789405\n|switch|p1a: Kami|Kartana|75\/100\n|turn|22\n|\n|t:|1700789408\n|move|p2a: Cyber Ange|Aura Sphere|p1a: Kami\n|-supereffective|p1a: Kami\n|-damage|p1a: Kami|0 fnt\n|faint|p1a: Kami\n|\n|-damage|p2a: Cyber Ange|0 fnt|[from] psn\n|faint|p2a: Cyber Ange\n|-end|p2a: Cyber Ange|Quark Drive|[silent]\n|upkeep\n|\n|t:|1700789423\n|switch|p2a: Lopus|Lopunny-Mega, F|53\/100\n|switch|p1a: Zen|Manectric, M|100\/100\n|turn|23\n|c| RARMolina|Ufff\n|\n|t:|1700789430\n|detailschange|p1a: Zen|Manectric-Mega, M\n|-mega|p1a: Zen|Manectric|Manectite\n|-ability|p1a: Zen|Intimidate|boost\n|-fail|p2a: Lopus|unboost|Attack|[from] ability: Scrappy|[of] p2a: Lopus\n|move|p2a: Lopus|Fake Out|p1a: Zen\n|-damage|p1a: Zen|67\/100\n|cant|p1a: Zen|flinch\n|\n|upkeep\n|turn|24\n|\n|t:|1700789444\n|move|p1a: Zen|Thunderbolt|p2a: Lopus\n|-damage|p2a: Lopus|0 fnt\n|faint|p2a: Lopus\n|\n|upkeep\n|\n|t:|1700789448\n|switch|p2a: First Time v2|Urshifu-Rapid-Strike, M|83\/100\n|turn|25\n|\n|t:|1700789455\n|move|p2a: First Time v2|Close Combat|p1a: Zen\n|-damage|p1a: Zen|0 fnt\n|-unboost|p2a: First Time v2|def|1\n|-unboost|p2a: First Time v2|spd|1\n|faint|p1a: Zen\n|\n|upkeep\n|\n|t:|1700789458\n|switch|p1a: Gavial|Krookodile, F, tera:Fighting|96\/100\n|-ability|p1a: Gavial|Intimidate|boost\n|-unboost|p2a: First Time v2|atk|1\n|turn|26\n|c| Sylveon(404)|gg\n|c| RARMolina|Dios\n|\n|t:|1700789472\n|move|p2a: First Time v2|Close Combat|p1a: Gavial\n|-damage|p1a: Gavial|47\/100\n|-unboost|p2a: First Time v2|def|1\n|-unboost|p2a: First Time v2|spd|1\n|move|p1a: Gavial|Close Combat|p2a: First Time v2\n|-damage|p2a: First Time v2|0 fnt\n|-unboost|p1a: Gavial|def|1\n|-unboost|p1a: Gavial|spd|1\n|faint|p2a: First Time v2\n|\n|upkeep\n|\n|t:|1700789482\n|switch|p2a: Silky|Slither Wing|100\/100\n|turn|27\n|\n|t:|1700789487\n|move|p2a: Silky|First Impression|p1a: Gavial\n|-resisted|p1a: Gavial\n|-damage|p1a: Gavial|0 fnt\n|faint|p1a: Gavial\n|\n|win|Void280\n|c|\u2606Void280|gg\n|c|\u2606Martu2863|Gg\n|c| RARMolina|Gg\n|l| Sylveon(404)\n|c| WSoldat|Lo logro?\n|l| RARMolina\n","uploadtime":1700789493,"views":9,"p1id":"martu2863","p2id":"void280","formatid":"gen9nationaldex","rating":0,"private":0,"password":""}