{"id":"gen9nationaldex-1993311353","p1":"Tank Tests","p2":"iil0","format":"[Gen 9] National Dex","log":"|j|\u2606Tank Tests\n|j|\u2606iil0\n|t:|1700295716\n|gametype|singles\n|player|p1|Tank Tests|170|1336\n|player|p2|iil0|riley|1233\n|teamsize|p1|6\n|teamsize|p2|6\n|gen|9\n|tier|[Gen 9] National Dex\n|rated|\n|rule|HP Percentage Mod: HP is shown in percentages\n|rule|Endless Battle Clause: Forcing endless battles is banned\n|rule|OHKO Clause: OHKO moves are banned\n|rule|Evasion Clause: Evasion abilities, items, and moves are banned\n|rule|Evasion Abilities Clause: Evasion abilities are banned\n|rule|Evasion Items Clause: Evasion items are banned\n|rule|Evasion Moves Clause: Evasion moves are banned\n|rule|Species Clause: Limit one of each Pok\u00e9mon\n|rule|Sleep Clause Mod: Limit one foe put to sleep\n|clearpoke\n|poke|p1|Pawmot, F|\n|poke|p1|Rabsca, F|\n|poke|p1|Banette, M|\n|poke|p1|Victini|\n|poke|p1|Dragonite, M|\n|poke|p1|Forretress, F|\n|poke|p2|Samurott-Hisui, M|\n|poke|p2|Volcarona, M|\n|poke|p2|Serperior, F|\n|poke|p2|Banette, F|\n|poke|p2|Garchomp, M|\n|poke|p2|Corviknight, M|\n|teampreview\n|\n|t:|1700295731\n|start\n|switch|p1a: Victini|Victini|100\/100\n|switch|p2a: Volcarona|Volcarona, M|100\/100\n|turn|1\n|\n|t:|1700295737\n|move|p1a: Victini|V-create|p2a: Volcarona\n|-damage|p2a: Volcarona|3\/100\n|-unboost|p1a: Victini|spe|1\n|-unboost|p1a: Victini|def|1\n|-unboost|p1a: Victini|spd|1\n|move|p2a: Volcarona|Quiver Dance|p2a: Volcarona\n|-boost|p2a: Volcarona|spa|1\n|-boost|p2a: Volcarona|spd|1\n|-boost|p2a: Volcarona|spe|1\n|\n|upkeep\n|turn|2\n|\n|t:|1700295748\n|switch|p1a: Dragonite|Dragonite, M|100\/100\n|move|p2a: Volcarona|Morning Sun|p2a: Volcarona\n|-heal|p2a: Volcarona|53\/100\n|\n|upkeep\n|turn|3\n|\n|t:|1700295765\n|move|p2a: Volcarona|Fiery Dance|p1a: Dragonite\n|-resisted|p1a: Dragonite\n|-damage|p1a: Dragonite|85\/100\n|-boost|p2a: Volcarona|spa|1\n|move|p1a: Dragonite|Dragon Dance|p1a: Dragonite\n|-boost|p1a: Dragonite|atk|1\n|-boost|p1a: Dragonite|spe|1\n|\n|upkeep\n|turn|4\n|\n|t:|1700295791\n|-terastallize|p2a: Volcarona|Water\n|move|p1a: Dragonite|Extreme Speed|p2a: Volcarona\n|-damage|p2a: Volcarona|0 fnt\n|faint|p2a: Volcarona\n|\n|upkeep\n|\n|t:|1700295816\n|switch|p2a: Garchomp|Garchomp, M|100\/100\n|turn|5\n|\n|t:|1700295824\n|move|p1a: Dragonite|Dragon Claw|p2a: Garchomp\n|-supereffective|p2a: Garchomp\n|-damage|p2a: Garchomp|0 fnt\n|-damage|p1a: Dragonite|73\/100|[from] ability: Rough Skin|[of] p2a: Garchomp\n|faint|p2a: Garchomp\n|\n|upkeep\n|\n|t:|1700295837\n|switch|p2a: Corviknight|Corviknight, M, shiny|100\/100\n|-ability|p2a: Corviknight|Pressure\n|turn|6\n|\n|t:|1700295843\n|switch|p1a: Victini|Victini|100\/100\n|move|p2a: Corviknight|Iron Defense|p2a: Corviknight\n|-boost|p2a: Corviknight|def|2\n|\n|upkeep\n|turn|7\n|\n|t:|1700295852\n|move|p1a: Victini|Final Gambit|p2a: Corviknight\n|-damage|p2a: Corviknight|15\/100\n|faint|p1a: Victini\n|move|p2a: Corviknight|Iron Defense|p2a: Corviknight\n|-boost|p2a: Corviknight|def|2\n|\n|-heal|p2a: Corviknight|21\/100|[from] item: Leftovers\n|upkeep\n|\n|t:|1700295857\n|switch|p1a: Pawmot|Pawmot, F|100\/100\n|turn|8\n|\n|t:|1700295864\n|switch|p2a: Serperior|Serperior, F, shiny|100\/100\n|move|p1a: Pawmot|Double Shock|p2a: Serperior\n|-resisted|p2a: Serperior\n|-damage|p2a: Serperior|73\/100\n|-start|p1a: Pawmot|typechange|???\/Fighting|[from] move: Double Shock\n|\n|-heal|p2a: Serperior|79\/100|[from] item: Leftovers\n|upkeep\n|turn|9\n|\n|t:|1700295875\n|switch|p1a: Forretress|Forretress, F|100\/100\n|move|p2a: Serperior|Leaf Storm|p1a: Forretress\n|-resisted|p1a: Forretress\n|-damage|p1a: Forretress|91\/100\n|-boost|p2a: Serperior|spa|2\n|\n|-heal|p2a: Serperior|85\/100|[from] item: Leftovers\n|upkeep\n|turn|10\n|\n|t:|1700295890\n|move|p2a: Serperior|Glare|p1a: Forretress\n|-status|p1a: Forretress|par\n|move|p1a: Forretress|Thunder Wave|p2a: Serperior\n|-status|p2a: Serperior|par\n|\n|-heal|p2a: Serperior|91\/100 par|[from] item: Leftovers\n|upkeep\n|turn|11\n|\n|t:|1700295899\n|move|p2a: Serperior|Leech Seed|p1a: Forretress\n|-start|p1a: Forretress|move: Leech Seed\n|move|p1a: Forretress|Stealth Rock|p2a: Serperior\n|-sidestart|p2: iil0|move: Stealth Rock\n|\n|-heal|p2a: Serperior|97\/100 par|[from] item: Leftovers\n|-damage|p1a: Forretress|79\/100 par|[from] Leech Seed|[of] p2a: Serperior\n|-heal|p2a: Serperior|100\/100 par|[silent]\n|upkeep\n|turn|12\n|\n|t:|1700295908\n|move|p2a: Serperior|Substitute|p2a: Serperior\n|-start|p2a: Serperior|Substitute\n|-damage|p2a: Serperior|76\/100 par\n|move|p1a: Forretress|Explosion|p2a: Serperior\n|-end|p2a: Serperior|Substitute\n|faint|p1a: Forretress\n|\n|-heal|p2a: Serperior|82\/100 par|[from] item: Leftovers\n|upkeep\n|\n|t:|1700295912\n|switch|p1a: Banette|Banette, M|100\/100\n|turn|13\n|\n|t:|1700295923\n|switch|p2a: Samurott|Samurott-Hisui, M, shiny|100\/100\n|-damage|p2a: Samurott|88\/100|[from] Stealth Rock\n|detailschange|p1a: Banette|Banette-Mega, M\n|-mega|p1a: Banette|Banette|Banettite\n|move|p1a: Banette|Encore|p2a: Samurott\n|-hint|Since gen 7, Dark is immune to Prankster moves.\n|-immune|p2a: Samurott\n|\n|-heal|p2a: Samurott|94\/100|[from] item: Leftovers\n|upkeep\n|turn|14\n|\n|t:|1700295935\n|move|p1a: Banette|Destiny Bond|p1a: Banette\n|-singlemove|p1a: Banette|Destiny Bond\n|move|p2a: Samurott|Ceaseless Edge|p1a: Banette\n|-supereffective|p1a: Banette\n|-damage|p1a: Banette|0 fnt\n|-sidestart|p1: Tank Tests|Spikes\n|faint|p1a: Banette\n|-activate|p1a: Banette|move: Destiny Bond\n|faint|p2a: Samurott\n|\n|upkeep\n|\n|t:|1700295952\n|switch|p1a: Rabsca|Rabsca, F|100\/100\n|switch|p2a: Corviknight|Corviknight, M, shiny|21\/100\n|-damage|p2a: Corviknight|9\/100|[from] Stealth Rock\n|-ability|p2a: Corviknight|Pressure\n|-damage|p1a: Rabsca|88\/100|[from] Spikes\n|turn|15\n|\n|t:|1700295961\n|move|p2a: Corviknight|Defog|p1a: Rabsca\n|-unboost|p1a: Rabsca|evasion|1\n|-sideend|p1: Tank Tests|Spikes|[from] move: Defog|[of] p2a: Corviknight\n|-sideend|p2: iil0|Stealth Rock|[from] move: Defog|[of] p2a: Corviknight\n|move|p1a: Rabsca|Revival Blessing|p1a: Rabsca\n|-enditem|p1a: Rabsca|Leppa Berry|[eat]\n|-activate|p1a: Rabsca|item: Leppa Berry|Revival Blessing|[consumed]\n|\n|t:|1700295965\n|-heal|p1: Banette|50\/100|[from] move: Revival Blessing\n|\n|-heal|p2a: Corviknight|15\/100|[from] item: Leftovers\n|upkeep\n|turn|16\n|\n|t:|1700295979\n|move|p2a: Corviknight|Roost|p2a: Corviknight\n|-heal|p2a: Corviknight|65\/100\n|-singleturn|p2a: Corviknight|move: Roost\n|move|p1a: Rabsca|Revival Blessing|p1a: Rabsca\n|\n|t:|1700295982\n|-heal|p1: Victini|50\/100|[from] move: Revival Blessing\n|\n|-heal|p2a: Corviknight|71\/100|[from] item: Leftovers\n|upkeep\n|turn|17\n|\n|t:|1700295993\n|switch|p2a: Banette|Banette, F|100\/100\n|switch|p1a: Banette|Banette-Mega, M|50\/100\n|\n|upkeep\n|turn|18\n|\n|t:|1700296004\n|detailschange|p2a: Banette|Banette-Mega, F\n|-mega|p2a: Banette|Banette|Banettite\n|move|p1a: Banette|Poltergeist|p2a: Banette\n|-activate|p2a: Banette|move: Poltergeist|Banettite\n|-supereffective|p2a: Banette\n|-damage|p2a: Banette|0 fnt\n|faint|p2a: Banette\n|\n|upkeep\n|-message|iil0 forfeited.\n|\n|win|Tank Tests\n|raw|Tank Tests's rating: 1336 &rarr; <strong>1350<\/strong><br \/>(+14 for winning)\n|raw|iil0's rating: 1233 &rarr; <strong>1215<\/strong><br \/>(-18 for losing)\n|l|\u2606iil0\n","uploadtime":1700296021,"views":24,"p1id":"tanktests","p2id":"iil0","formatid":"gen9nationaldex","rating":1215,"private":0,"password":""}