{"id":"gen9nationaldex-1987783606","p1":"Nerdygolem513","p2":"wolfizin","format":"[Gen 9] National Dex","log":"|j|\u2606Nerdygolem513\n|j|\u2606wolfizin\n|t:|1699636522\n|gametype|singles\n|player|p1|Nerdygolem513|burglar|1080\n|player|p2|wolfizin|n|1175\n|teamsize|p1|6\n|teamsize|p2|6\n|gen|9\n|tier|[Gen 9] National Dex\n|rated|\n|rule|HP Percentage Mod: HP is shown in percentages\n|rule|Endless Battle Clause: Forcing endless battles is banned\n|rule|OHKO Clause: OHKO moves are banned\n|rule|Evasion Clause: Evasion abilities, items, and moves are banned\n|rule|Evasion Abilities Clause: Evasion abilities are banned\n|rule|Evasion Items Clause: Evasion items are banned\n|rule|Evasion Moves Clause: Evasion moves are banned\n|rule|Species Clause: Limit one of each Pok\u00e9mon\n|rule|Sleep Clause Mod: Limit one foe put to sleep\n|clearpoke\n|poke|p1|Shuckle, M|\n|poke|p1|Serperior, M|\n|poke|p1|Malamar, F|\n|poke|p1|Aerodactyl, F|\n|poke|p1|Landorus-Therian, M|\n|poke|p1|Rotom|\n|poke|p2|Grimmsnarl, M|\n|poke|p2|Hatterene, F|\n|poke|p2|Ferrothorn, M|\n|poke|p2|Lopunny, M|\n|poke|p2|Ambipom, F|\n|poke|p2|Garchomp, M|\n|teampreview\n|\n|t:|1699636526\n|start\n|switch|p1a: 17 inches|Shuckle, M, shiny|100\/100\n|switch|p2a: Grimmsnarl|Grimmsnarl, M, shiny|100\/100\n|turn|1\n|inactive|Battle timer is ON: inactive players will automatically lose when time's up. (requested by wolfizin)\n|\n|t:|1699636531\n|move|p2a: Grimmsnarl|Reflect|p2a: Grimmsnarl\n|-sidestart|p2: wolfizin|Reflect\n|move|p1a: 17 inches|Sticky Web|p2a: Grimmsnarl\n|-sidestart|p2: wolfizin|move: Sticky Web\n|\n|upkeep\n|turn|2\n|\n|t:|1699636535\n|switch|p2a: Hatterene|Hatterene, F, shiny|100\/100\n|-activate|p2a: Hatterene|move: Sticky Web\n|-unboost|p2a: Hatterene|spe|1\n|move|p1a: 17 inches|Toxic|p2a: Hatterene\n|move|p2a: Hatterene|Toxic|p1a: 17 inches|[from]ability: Magic Bounce\n|-status|p1a: 17 inches|tox\n|\n|-damage|p1a: 17 inches|94\/100 tox|[from] psn\n|upkeep\n|turn|3\n|\n|t:|1699636541\n|move|p2a: Hatterene|Calm Mind|p2a: Hatterene\n|-boost|p2a: Hatterene|spa|1\n|-boost|p2a: Hatterene|spd|1\n|move|p1a: 17 inches|Sticky Web|p2a: Hatterene\n|move|p2a: Hatterene|Sticky Web|p1a: 17 inches|[from]ability: Magic Bounce\n|-sidestart|p1: Nerdygolem513|move: Sticky Web\n|\n|-damage|p1a: 17 inches|82\/100 tox|[from] psn\n|upkeep\n|turn|4\n|\n|t:|1699636546\n|move|p2a: Hatterene|Calm Mind|p2a: Hatterene\n|-boost|p2a: Hatterene|spa|1\n|-boost|p2a: Hatterene|spd|1\n|move|p1a: 17 inches|Knock Off|p2a: Hatterene\n|-damage|p2a: Hatterene|98\/100\n|-enditem|p2a: Hatterene|Leftovers|[from] move: Knock Off|[of] p1a: 17 inches\n|\n|-damage|p1a: 17 inches|63\/100 tox|[from] psn\n|upkeep\n|turn|5\n|\n|t:|1699636554\n|switch|p1a: The T sis|Landorus-Therian, M|100\/100\n|-ability|p1a: The T sis|Intimidate|boost\n|-unboost|p2a: Hatterene|atk|1\n|move|p2a: Hatterene|Calm Mind|p2a: Hatterene\n|-boost|p2a: Hatterene|spa|1\n|-boost|p2a: Hatterene|spd|1\n|\n|upkeep\n|turn|6\n|\n|t:|1699636559\n|move|p1a: The T sis|Earthquake|p2a: Hatterene\n|-damage|p2a: Hatterene|72\/100\n|move|p2a: Hatterene|Stored Power|p1a: The T sis\n|-damage|p1a: The T sis|0 fnt\n|faint|p1a: The T sis\n|\n|upkeep\n|\n|t:|1699636580\n|switch|p1a: Aerodactyl|Aerodactyl, F|100\/100\n|turn|7\n|\n|t:|1699636585\n|detailschange|p1a: Aerodactyl|Aerodactyl-Mega, F\n|-mega|p1a: Aerodactyl|Aerodactyl|Aerodactylite\n|move|p1a: Aerodactyl|Iron Head|p2a: Hatterene\n|-supereffective|p2a: Hatterene\n|-damage|p2a: Hatterene|39\/100\n|cant|p2a: Hatterene|flinch\n|\n|upkeep\n|turn|8\n|\n|t:|1699636591\n|switch|p2a: Ferrothorn|Ferrothorn, M, shiny|100\/100\n|-activate|p2a: Ferrothorn|move: Sticky Web\n|-unboost|p2a: Ferrothorn|spe|1\n|move|p1a: Aerodactyl|Iron Head|p2a: Ferrothorn\n|-resisted|p2a: Ferrothorn\n|-damage|p2a: Ferrothorn|95\/100\n|-damage|p1a: Aerodactyl|88\/100|[from] ability: Iron Barbs|[of] p2a: Ferrothorn\n|-damage|p1a: Aerodactyl|72\/100|[from] item: Rocky Helmet|[of] p2a: Ferrothorn\n|\n|-sideend|p2: wolfizin|Reflect\n|upkeep\n|turn|9\n|\n|t:|1699636597\n|move|p1a: Aerodactyl|Fire Fang|p2a: Ferrothorn\n|-supereffective|p2a: Ferrothorn\n|-damage|p2a: Ferrothorn|17\/100\n|-damage|p1a: Aerodactyl|59\/100|[from] ability: Iron Barbs|[of] p2a: Ferrothorn\n|-damage|p1a: Aerodactyl|43\/100|[from] item: Rocky Helmet|[of] p2a: Ferrothorn\n|move|p2a: Ferrothorn|Leech Seed|p1a: Aerodactyl\n|-start|p1a: Aerodactyl|move: Leech Seed\n|\n|-damage|p1a: Aerodactyl|30\/100|[from] Leech Seed|[of] p2a: Ferrothorn\n|-heal|p2a: Ferrothorn|28\/100|[silent]\n|upkeep\n|turn|10\n|\n|t:|1699636605\n|switch|p1a: Sirperior|Serperior, M|100\/100\n|-activate|p1a: Sirperior|move: Sticky Web\n|-boost|p1a: Sirperior|spe|1\n|move|p2a: Ferrothorn|Protect||[still]\n|-fail|p2a: Ferrothorn\n|\n|upkeep\n|turn|11\n|\n|t:|1699636613\n|switch|p2a: Grimmsnarl|Grimmsnarl, M, shiny|100\/100\n|-activate|p2a: Grimmsnarl|move: Sticky Web\n|-unboost|p2a: Grimmsnarl|spe|1\n|move|p1a: Sirperior|Leaf Storm|p2a: Grimmsnarl\n|-damage|p2a: Grimmsnarl|67\/100\n|-boost|p1a: Sirperior|spa|2\n|\n|upkeep\n|turn|12\n|\n|t:|1699636617\n|move|p2a: Grimmsnarl|Light Screen|p2a: Grimmsnarl\n|-sidestart|p2: wolfizin|move: Light Screen\n|move|p1a: Sirperior|Leaf Storm|p2a: Grimmsnarl\n|-damage|p2a: Grimmsnarl|35\/100\n|-boost|p1a: Sirperior|spa|2\n|\n|upkeep\n|turn|13\n|\n|t:|1699636623\n|move|p2a: Grimmsnarl|Reflect|p2a: Grimmsnarl\n|-sidestart|p2: wolfizin|Reflect\n|move|p1a: Sirperior|Leaf Storm|p2a: Grimmsnarl\n|-damage|p2a: Grimmsnarl|0 fnt\n|-boost|p1a: Sirperior|spa|2\n|faint|p2a: Grimmsnarl\n|\n|upkeep\n|\n|t:|1699636629\n|switch|p2a: Lopunny|Lopunny, M, shiny|100\/100\n|-activate|p2a: Lopunny|move: Sticky Web\n|-unboost|p2a: Lopunny|spe|1\n|turn|14\n|\n|t:|1699636638\n|detailschange|p2a: Lopunny|Lopunny-Mega, M, shiny\n|-mega|p2a: Lopunny|Lopunny|Lopunnite\n|move|p2a: Lopunny|Fake Out|p1a: Sirperior\n|-damage|p1a: Sirperior|71\/100\n|cant|p1a: Sirperior|flinch\n|\n|upkeep\n|turn|15\n|\n|t:|1699636644\n|move|p1a: Sirperior|Leaf Storm|p2a: Lopunny\n|-crit|p2a: Lopunny\n|-damage|p2a: Lopunny|0 fnt\n|faint|p2a: Lopunny\n|\n|upkeep\n|\n|t:|1699636650\n|switch|p2a: Ambipom|Ambipom, F|100\/100\n|-activate|p2a: Ambipom|move: Sticky Web\n|-unboost|p2a: Ambipom|spe|1\n|turn|16\n|\n|t:|1699636657\n|switch|p1a: Tom|Rotom|100\/100\n|move|p2a: Ambipom|Fake Out|p1a: Tom\n|-immune|p1a: Tom\n|\n|upkeep\n|turn|17\n|\n|t:|1699636661\n|move|p1a: Tom|Will-O-Wisp|p2a: Ambipom\n|-status|p2a: Ambipom|brn\n|move|p2a: Ambipom|Knock Off|p1a: Tom\n|-supereffective|p1a: Tom\n|-damage|p1a: Tom|50\/100\n|-enditem|p1a: Tom|Focus Sash|[from] move: Knock Off|[of] p2a: Ambipom\n|\n|-damage|p2a: Ambipom|94\/100 brn|[from] brn\n|upkeep\n|turn|18\n|\n|t:|1699636672\n|move|p1a: Tom|Volt Switch|p2a: Ambipom\n|-damage|p2a: Ambipom|68\/100 brn\n|\n|t:|1699636675\n|switch|p1a: 17 inches|Shuckle, M, shiny|63\/100 tox|[from] Volt Switch\n|-activate|p1a: 17 inches|move: Sticky Web\n|-unboost|p1a: 17 inches|spe|1\n|move|p2a: Ambipom|Knock Off|p1a: 17 inches\n|-damage|p1a: 17 inches|54\/100 tox\n|-enditem|p1a: 17 inches|Red Card|[from] move: Knock Off|[of] p2a: Ambipom\n|\n|-damage|p1a: 17 inches|47\/100 tox|[from] psn\n|-damage|p2a: Ambipom|62\/100 brn|[from] brn\n|upkeep\n|turn|19\n|\n|t:|1699636686\n|switch|p2a: Garchomp|Garchomp, M|100\/100\n|-activate|p2a: Garchomp|move: Sticky Web\n|-unboost|p2a: Garchomp|spe|1\n|move|p1a: 17 inches|Knock Off|p2a: Garchomp\n|-damage|p2a: Garchomp|98\/100\n|-damage|p1a: 17 inches|35\/100 tox|[from] ability: Rough Skin|[of] p2a: Garchomp\n|-enditem|p2a: Garchomp|Loaded Dice|[from] move: Knock Off|[of] p1a: 17 inches\n|\n|-damage|p1a: 17 inches|23\/100 tox|[from] psn\n|-sideend|p2: wolfizin|move: Light Screen\n|upkeep\n|turn|20\n|\n|t:|1699636695\n|switch|p1a: Sirperior|Serperior, M|71\/100\n|-activate|p1a: Sirperior|move: Sticky Web\n|-boost|p1a: Sirperior|spe|1\n|move|p2a: Garchomp|Iron Head|p1a: Sirperior\n|-damage|p1a: Sirperior|34\/100\n|\n|-sideend|p2: wolfizin|Reflect\n|upkeep\n|turn|21\n|\n|t:|1699636699\n|move|p1a: Sirperior|Dragon Pulse|p2a: Garchomp\n|-supereffective|p2a: Garchomp\n|-damage|p2a: Garchomp|41\/100\n|move|p2a: Garchomp|Scale Shot|p1a: Sirperior\n|-damage|p1a: Sirperior|18\/100\n|-damage|p1a: Sirperior|0 fnt\n|faint|p1a: Sirperior\n|-hitcount|p1: Sirperior|2\n|-unboost|p2a: Garchomp|def|1\n|-boost|p2a: Garchomp|spe|1\n|\n|upkeep\n|\n|t:|1699636703\n|switch|p1a: Aerodactyl|Aerodactyl-Mega, F|30\/100\n|turn|22\n|\n|t:|1699636714\n|move|p1a: Aerodactyl|Earthquake|p2a: Garchomp\n|-damage|p2a: Garchomp|0 fnt\n|faint|p2a: Garchomp\n|\n|upkeep\n|\n|t:|1699636718\n|switch|p2a: Ferrothorn|Ferrothorn, M, shiny|28\/100\n|-activate|p2a: Ferrothorn|move: Sticky Web\n|-unboost|p2a: Ferrothorn|spe|1\n|turn|23\n|\n|t:|1699636724\n|switch|p2a: Ambipom|Ambipom, F|62\/100 brn\n|-activate|p2a: Ambipom|move: Sticky Web\n|-unboost|p2a: Ambipom|spe|1\n|move|p1a: Aerodactyl|Earthquake|p2a: Ambipom\n|-damage|p2a: Ambipom|0 fnt\n|faint|p2a: Ambipom\n|\n|upkeep\n|-message|wolfizin forfeited.\n|\n|win|Nerdygolem513\n|raw|Nerdygolem513's rating: 1080 &rarr; <strong>1115<\/strong><br \/>(+35 for winning)\n|raw|wolfizin's rating: 1175 &rarr; <strong>1143<\/strong><br \/>(-32 for losing)\n|l|\u2606wolfizin\n","uploadtime":1699636737,"views":16,"p1id":"nerdygolem513","p2id":"wolfizin","formatid":"gen9nationaldex","rating":1115,"private":0,"password":""}