{"id":"gen9nationaldex-1991961544","p1":"AesirEcho","p2":"Bulka4000","format":"[Gen 9] National Dex","log":"|j|\u2606AesirEcho\n|j|\u2606Bulka4000\n|t:|1700142879\n|gametype|singles\n|player|p1|AesirEcho|ethan-masters|\n|player|p2|Bulka4000|1|\n|teamsize|p1|6\n|teamsize|p2|6\n|gen|9\n|tier|[Gen 9] National Dex\n|rule|HP Percentage Mod: HP is shown in percentages\n|rule|Endless Battle Clause: Forcing endless battles is banned\n|rule|OHKO Clause: OHKO moves are banned\n|rule|Evasion Clause: Evasion abilities, items, and moves are banned\n|rule|Evasion Abilities Clause: Evasion abilities are banned\n|rule|Evasion Items Clause: Evasion items are banned\n|rule|Evasion Moves Clause: Evasion moves are banned\n|rule|Species Clause: Limit one of each Pok\u00e9mon\n|rule|Sleep Clause Mod: Limit one foe put to sleep\n|clearpoke\n|poke|p1|Kyurem|\n|poke|p1|Lopunny, F|\n|poke|p1|Tapu Lele|\n|poke|p1|Moltres|\n|poke|p1|Ting-Lu|\n|poke|p1|Landorus-Therian, M|\n|poke|p2|Gengar, F|\n|poke|p2|Zamazenta-*|\n|poke|p2|Garchomp, F|\n|poke|p2|Ting-Lu|\n|poke|p2|Skeledirge, F|\n|poke|p2|Rotom-Wash|\n|teampreview\n|\n|t:|1700142891\n|start\n|switch|p1a: Alces|Ting-Lu|100\/100\n|switch|p2a: Rotom|Rotom-Wash|100\/100\n|-ability|p1a: Alces|Vessel of Ruin\n|turn|1\n|\n|t:|1700142898\n|move|p2a: Rotom|Hydro Pump|p1a: Alces|[miss]\n|-miss|p2a: Rotom|p1a: Alces\n|move|p1a: Alces|Stealth Rock|p2a: Rotom\n|-sidestart|p2: Bulka4000|move: Stealth Rock\n|\n|upkeep\n|turn|2\n|\n|t:|1700142904\n|move|p2a: Rotom|Hydro Pump|p1a: Alces\n|-supereffective|p1a: Alces\n|-damage|p1a: Alces|70\/100\n|move|p1a: Alces|Whirlwind|p2a: Rotom\n|drag|p2a: Skeledirge|Skeledirge, F|100\/100\n|\n|-heal|p1a: Alces|76\/100|[from] item: Leftovers\n|upkeep\n|turn|3\n|\n|t:|1700142915\n|move|p2a: Skeledirge|Hex|p1a: Alces\n|-resisted|p1a: Alces\n|-damage|p1a: Alces|71\/100\n|move|p1a: Alces|Whirlwind|p2a: Skeledirge\n|drag|p2a: Rotom|Rotom-Wash|100\/100\n|-damage|p2a: Rotom|88\/100|[from] Stealth Rock\n|\n|-heal|p2a: Rotom|94\/100|[from] item: Leftovers\n|-heal|p1a: Alces|78\/100|[from] item: Leftovers\n|upkeep\n|turn|4\n|\n|t:|1700142927\n|move|p2a: Rotom|Hydro Pump|p1a: Alces\n|-supereffective|p1a: Alces\n|-damage|p1a: Alces|46\/100\n|move|p1a: Alces|Whirlwind|p2a: Rotom\n|drag|p2a: Zamazenta|Zamazenta|100\/100\n|-damage|p2a: Zamazenta|94\/100|[from] Stealth Rock\n|-ability|p2a: Zamazenta|Dauntless Shield|boost\n|-boost|p2a: Zamazenta|def|1\n|\n|-heal|p1a: Alces|52\/100|[from] item: Leftovers\n|upkeep\n|turn|5\n|c|\u2606Bulka4000|k\n|\n|t:|1700142939\n|switch|p1a: Vultur Volans|Moltres|100\/100\n|move|p2a: Zamazenta|Close Combat|p1a: Vultur Volans\n|-resisted|p1a: Vultur Volans\n|-damage|p1a: Vultur Volans|66\/100\n|-unboost|p2a: Zamazenta|def|1\n|-unboost|p2a: Zamazenta|spd|1\n|\n|upkeep\n|turn|6\n|\n|t:|1700142957\n|switch|p2a: Rotom|Rotom-Wash|94\/100\n|-damage|p2a: Rotom|82\/100|[from] Stealth Rock\n|move|p1a: Vultur Volans|Roost|p1a: Vultur Volans\n|-heal|p1a: Vultur Volans|100\/100\n|-singleturn|p1a: Vultur Volans|move: Roost\n|\n|-heal|p2a: Rotom|88\/100|[from] item: Leftovers\n|upkeep\n|turn|7\n|\n|t:|1700142967\n|switch|p1a: Alces|Ting-Lu|52\/100\n|-ability|p1a: Alces|Vessel of Ruin\n|move|p2a: Rotom|Hydro Pump|p1a: Alces\n|-supereffective|p1a: Alces\n|-damage|p1a: Alces|20\/100\n|\n|-heal|p2a: Rotom|94\/100|[from] item: Leftovers\n|-heal|p1a: Alces|27\/100|[from] item: Leftovers\n|upkeep\n|turn|8\n|\n|t:|1700142982\n|switch|p1a: Gelida Vagus|Kyurem, shiny|100\/100\n|-ability|p1a: Gelida Vagus|Pressure\n|move|p2a: Rotom|Hydro Pump|p1a: Gelida Vagus\n|-resisted|p1a: Gelida Vagus\n|-damage|p1a: Gelida Vagus|81\/100\n|\n|-heal|p2a: Rotom|100\/100|[from] item: Leftovers\n|upkeep\n|turn|9\n|\n|t:|1700142991\n|move|p1a: Gelida Vagus|Substitute|p1a: Gelida Vagus\n|-start|p1a: Gelida Vagus|Substitute\n|-damage|p1a: Gelida Vagus|56\/100\n|move|p2a: Rotom|Will-O-Wisp||[still]\n|-fail|p2a: Rotom\n|\n|upkeep\n|turn|10\n|\n|t:|1700142998\n|move|p1a: Gelida Vagus|Freeze-Dry|p2a: Rotom\n|-supereffective|p2a: Rotom\n|-damage|p2a: Rotom|19\/100\n|move|p2a: Rotom|Volt Switch|p1a: Gelida Vagus\n|-resisted|p1a: Gelida Vagus\n|-activate|p1a: Gelida Vagus|move: Substitute|[damage]\n|\n|t:|1700143007\n|switch|p2a: Skeledirge|Skeledirge, F|100\/100|[from] Volt Switch\n|\n|upkeep\n|turn|11\n|\n|t:|1700143012\n|move|p1a: Gelida Vagus|Earth Power|p2a: Skeledirge\n|-supereffective|p2a: Skeledirge\n|-damage|p2a: Skeledirge|34\/100\n|-unboost|p2a: Skeledirge|spd|1\n|move|p2a: Skeledirge|Torch Song|p1a: Gelida Vagus\n|-damage|p1a: Gelida Vagus|28\/100\n|-boost|p2a: Skeledirge|spa|1\n|\n|upkeep\n|turn|12\n|\n|t:|1700143021\n|move|p1a: Gelida Vagus|Earth Power|p2a: Skeledirge\n|-supereffective|p2a: Skeledirge\n|-damage|p2a: Skeledirge|0 fnt\n|faint|p2a: Skeledirge\n|\n|upkeep\n|\n|t:|1700143033\n|switch|p2a: Ting-Lu|Ting-Lu|100\/100\n|-damage|p2a: Ting-Lu|94\/100|[from] Stealth Rock\n|-ability|p2a: Ting-Lu|Vessel of Ruin\n|turn|13\n|\n|t:|1700143039\n|move|p1a: Gelida Vagus|Roost|p1a: Gelida Vagus\n|-heal|p1a: Gelida Vagus|78\/100\n|-singleturn|p1a: Gelida Vagus|move: Roost\n|move|p2a: Ting-Lu|Earthquake|p1a: Gelida Vagus\n|-end|p1a: Gelida Vagus|Substitute\n|\n|-heal|p2a: Ting-Lu|100\/100|[from] item: Leftovers\n|upkeep\n|turn|14\n|\n|t:|1700143051\n|switch|p1a: Terra Tigris|Landorus-Therian, M|100\/100\n|-ability|p1a: Terra Tigris|Intimidate|boost\n|-unboost|p2a: Ting-Lu|atk|1\n|move|p2a: Ting-Lu|Earthquake|p1a: Terra Tigris\n|-immune|p1a: Terra Tigris\n|\n|upkeep\n|turn|15\n|\n|t:|1700143058\n|move|p1a: Terra Tigris|Toxic|p2a: Ting-Lu\n|-status|p2a: Ting-Lu|tox\n|move|p2a: Ting-Lu|Whirlwind|p1a: Terra Tigris\n|drag|p1a: Rixator|Lopunny, F|100\/100\n|\n|-damage|p2a: Ting-Lu|94\/100 tox|[from] psn\n|upkeep\n|turn|16\n|\n|t:|1700143074\n|detailschange|p1a: Rixator|Lopunny-Mega, F\n|-mega|p1a: Rixator|Lopunny|Lopunnite\n|move|p1a: Rixator|Fake Out|p2a: Ting-Lu\n|-damage|p2a: Ting-Lu|83\/100 tox\n|cant|p2a: Ting-Lu|flinch\n|\n|-heal|p2a: Ting-Lu|89\/100 tox|[from] item: Leftovers\n|-damage|p2a: Ting-Lu|76\/100 tox|[from] psn\n|upkeep\n|turn|17\n|\n|t:|1700143083\n|switch|p2a: Zamazenta|Zamazenta|94\/100\n|-damage|p2a: Zamazenta|88\/100|[from] Stealth Rock\n|move|p1a: Rixator|Close Combat|p2a: Zamazenta\n|-damage|p2a: Zamazenta|24\/100\n|-unboost|p1a: Rixator|def|1\n|-unboost|p1a: Rixator|spd|1\n|\n|upkeep\n|turn|18\n|\n|t:|1700143092\n|switch|p1a: Vultur Volans|Moltres|100\/100\n|move|p2a: Zamazenta|Close Combat|p1a: Vultur Volans\n|-resisted|p1a: Vultur Volans\n|-damage|p1a: Vultur Volans|62\/100\n|-unboost|p2a: Zamazenta|def|1\n|-unboost|p2a: Zamazenta|spd|1\n|\n|upkeep\n|turn|19\n|\n|t:|1700143103\n|switch|p2a: Garchomp|Garchomp, F|100\/100\n|-damage|p2a: Garchomp|94\/100|[from] Stealth Rock\n|move|p1a: Vultur Volans|U-turn|p2a: Garchomp\n|-damage|p2a: Garchomp|78\/100\n|-damage|p1a: Vultur Volans|50\/100|[from] ability: Rough Skin|[of] p2a: Garchomp\n|-damage|p1a: Vultur Volans|33\/100|[from] item: Rocky Helmet|[of] p2a: Garchomp\n|\n|t:|1700143112\n|switch|p1a: Luna Cantor|Tapu Lele, shiny|100\/100|[from] U-turn\n|-fieldstart|move: Psychic Terrain|[from] ability: Psychic Surge|[of] p1a: Luna Cantor\n|\n|upkeep\n|turn|20\n|\n|t:|1700143119\n|move|p1a: Luna Cantor|Moonblast|p2a: Garchomp\n|-supereffective|p2a: Garchomp\n|-damage|p2a: Garchomp|0 fnt\n|faint|p2a: Garchomp\n|\n|upkeep\n|\n|t:|1700143129\n|switch|p2a: Ting-Lu|Ting-Lu|76\/100 tox\n|-damage|p2a: Ting-Lu|70\/100 tox|[from] Stealth Rock\n|-ability|p2a: Ting-Lu|Vessel of Ruin\n|turn|21\n|\n|t:|1700143139\n|move|p1a: Luna Cantor|Moonblast|p2a: Ting-Lu\n|-supereffective|p2a: Ting-Lu\n|-damage|p2a: Ting-Lu|27\/100 tox\n|move|p2a: Ting-Lu|Ruination|p1a: Luna Cantor\n|-damage|p1a: Luna Cantor|51\/100\n|\n|-heal|p2a: Ting-Lu|33\/100 tox|[from] item: Leftovers\n|-damage|p2a: Ting-Lu|27\/100 tox|[from] psn\n|upkeep\n|turn|22\n|\n|t:|1700143151\n|switch|p2a: Gengar|Gengar, F|100\/100\n|-damage|p2a: Gengar|88\/100|[from] Stealth Rock\n|move|p1a: Luna Cantor|Moonblast|p2a: Gengar\n|-resisted|p2a: Gengar\n|-damage|p2a: Gengar|47\/100\n|\n|upkeep\n|turn|23\n|\n|t:|1700143165\n|switch|p1a: Alces|Ting-Lu|27\/100\n|-ability|p1a: Alces|Vessel of Ruin\n|move|p2a: Gengar|Shadow Ball|p1a: Alces\n|-resisted|p1a: Alces\n|-damage|p1a: Alces|18\/100\n|-unboost|p1a: Alces|spd|1\n|\n|-heal|p1a: Alces|24\/100|[from] item: Leftovers\n|-fieldend|move: Psychic Terrain\n|upkeep\n|turn|24\n|\n|t:|1700143178\n|switch|p2a: Ting-Lu|Ting-Lu|27\/100 tox\n|-damage|p2a: Ting-Lu|20\/100 tox|[from] Stealth Rock\n|-ability|p2a: Ting-Lu|Vessel of Ruin\n|move|p1a: Alces|Earthquake|p2a: Ting-Lu\n|-damage|p2a: Ting-Lu|0 fnt\n|faint|p2a: Ting-Lu\n|\n|-heal|p1a: Alces|30\/100|[from] item: Leftovers\n|upkeep\n|\n|t:|1700143188\n|switch|p2a: Rotom|Rotom-Wash|19\/100\n|-damage|p2a: Rotom|6\/100|[from] Stealth Rock\n|turn|25\n|\n|t:|1700143194\n|switch|p1a: Gelida Vagus|Kyurem, shiny|78\/100\n|-ability|p1a: Gelida Vagus|Pressure\n|move|p2a: Rotom|Hydro Pump|p1a: Gelida Vagus\n|-resisted|p1a: Gelida Vagus\n|-crit|p1a: Gelida Vagus\n|-damage|p1a: Gelida Vagus|52\/100\n|\n|-heal|p2a: Rotom|13\/100|[from] item: Leftovers\n|upkeep\n|turn|26\n|\n|t:|1700143204\n|move|p1a: Gelida Vagus|Substitute|p1a: Gelida Vagus\n|-start|p1a: Gelida Vagus|Substitute\n|-damage|p1a: Gelida Vagus|27\/100\n|move|p2a: Rotom|Will-O-Wisp||[still]\n|-fail|p2a: Rotom\n|\n|-heal|p2a: Rotom|19\/100|[from] item: Leftovers\n|upkeep\n|turn|27\n|\n|t:|1700143213\n|switch|p2a: Zamazenta|Zamazenta|24\/100\n|-damage|p2a: Zamazenta|18\/100|[from] Stealth Rock\n|move|p1a: Gelida Vagus|Roost|p1a: Gelida Vagus\n|-heal|p1a: Gelida Vagus|77\/100\n|-singleturn|p1a: Gelida Vagus|move: Roost\n|\n|upkeep\n|turn|28\n|\n|t:|1700143223\n|move|p2a: Zamazenta|Close Combat|p1a: Gelida Vagus\n|-supereffective|p1a: Gelida Vagus\n|-end|p1a: Gelida Vagus|Substitute\n|-unboost|p2a: Zamazenta|def|1\n|-unboost|p2a: Zamazenta|spd|1\n|move|p1a: Gelida Vagus|Freeze-Dry|p2a: Zamazenta\n|-damage|p2a: Zamazenta|0 fnt\n|faint|p2a: Zamazenta\n|\n|upkeep\n|\n|t:|1700143256\n|switch|p2a: Gengar|Gengar, F|47\/100\n|-damage|p2a: Gengar|35\/100|[from] Stealth Rock\n|turn|29\n|\n|t:|1700143264\n|-terastallize|p1a: Gelida Vagus|Steel\n|move|p2a: Gengar|Sludge Bomb|p1a: Gelida Vagus\n|-immune|p1a: Gelida Vagus\n|move|p1a: Gelida Vagus|Substitute|p1a: Gelida Vagus\n|-start|p1a: Gelida Vagus|Substitute\n|-damage|p1a: Gelida Vagus|52\/100\n|\n|upkeep\n|turn|30\n|\n|t:|1700143272\n|switch|p2a: Rotom|Rotom-Wash|19\/100\n|-damage|p2a: Rotom|6\/100|[from] Stealth Rock\n|move|p1a: Gelida Vagus|Freeze-Dry|p2a: Rotom\n|-supereffective|p2a: Rotom\n|-damage|p2a: Rotom|0 fnt\n|faint|p2a: Rotom\n|\n|upkeep\n|\n|t:|1700143282\n|switch|p2a: Gengar|Gengar, F|35\/100\n|-damage|p2a: Gengar|22\/100|[from] Stealth Rock\n|turn|31\n|\n|t:|1700143287\n|move|p2a: Gengar|Shadow Ball|p1a: Gelida Vagus\n|-end|p1a: Gelida Vagus|Substitute\n|move|p1a: Gelida Vagus|Earth Power|p2a: Gengar\n|-supereffective|p2a: Gengar\n|-damage|p2a: Gengar|0 fnt\n|faint|p2a: Gengar\n|\n|win|AesirEcho\n","uploadtime":1700143295,"views":4,"p1id":"aesirecho","p2id":"bulka4000","formatid":"gen9nationaldex","rating":0,"private":0,"password":""}