{"id":"gen9nationaldex-1998209368","p1":"gargoyle76","p2":"dhxjsk","format":"[Gen 9] National Dex","log":"|html|<div class=\"broadcast-blue\"><strong>[Gen 9] National Dex is currently suspecting Sneasler! For information on how to participate check out the <a href=\"https:\/\/www.smogon.com\/forums\/threads\/sv-national-dex-suspect-8-just-dance.3731534\/\">suspect thread<\/a>.<\/strong><\/div>\n|j|\u2606gargoyle76\n|j|\u2606dhxjsk\n|t:|1700913058\n|gametype|singles\n|player|p1|gargoyle76|beauty-gen4dp|1067\n|player|p2|dhxjsk|ingo|1081\n|teamsize|p1|6\n|teamsize|p2|6\n|gen|9\n|tier|[Gen 9] National Dex\n|rated|\n|rule|HP Percentage Mod: HP is shown in percentages\n|rule|Endless Battle Clause: Forcing endless battles is banned\n|rule|OHKO Clause: OHKO moves are banned\n|rule|Evasion Clause: Evasion abilities, items, and moves are banned\n|rule|Evasion Abilities Clause: Evasion abilities are banned\n|rule|Evasion Items Clause: Evasion items are banned\n|rule|Evasion Moves Clause: Evasion moves are banned\n|rule|Species Clause: Limit one of each Pok\u00e9mon\n|rule|Sleep Clause Mod: Limit one foe put to sleep\n|clearpoke\n|poke|p1|Garbodor, M|\n|poke|p1|Sharpedo, F|\n|poke|p1|Alakazam, F|\n|poke|p1|Weavile, F|\n|poke|p1|Toxicroak, F|\n|poke|p1|Leafeon, F|\n|poke|p2|Dondozo, F|\n|poke|p2|Skarmory, M|\n|poke|p2|Garganacl, F|\n|poke|p2|Gliscor, M|\n|poke|p2|Slowking-Galar, M|\n|poke|p2|Blissey, F|\n|teampreview\n|\n|t:|1700913067\n|start\n|switch|p1a: gremlin|Weavile, F|100\/100\n|switch|p2a: Gliscor|Gliscor, M|100\/100\n|-ability|p1a: gremlin|Pressure\n|turn|1\n|\n|t:|1700913073\n|move|p2a: Gliscor|Protect|p2a: Gliscor\n|-singleturn|p2a: Gliscor|Protect\n|move|p1a: gremlin|Fake Out|p2a: Gliscor\n|-activate|p2a: Gliscor|move: Protect\n|\n|-status|p2a: Gliscor|tox|[from] item: Toxic Orb\n|upkeep\n|turn|2\n|\n|t:|1700913081\n|switch|p2a: Dondozo|Dondozo, F|100\/100\n|move|p1a: gremlin|Ice Spinner|p2a: Dondozo\n|-resisted|p2a: Dondozo\n|-damage|p2a: Dondozo|91\/100\n|\n|-heal|p2a: Dondozo|97\/100|[from] item: Leftovers\n|upkeep\n|turn|3\n|\n|t:|1700913087\n|move|p1a: gremlin|Knock Off|p2a: Dondozo\n|-damage|p2a: Dondozo|76\/100\n|-enditem|p2a: Dondozo|Leftovers|[from] move: Knock Off|[of] p1a: gremlin\n|move|p2a: Dondozo|Yawn|p1a: gremlin\n|-start|p1a: gremlin|move: Yawn|[of] p2a: Dondozo\n|\n|upkeep\n|turn|4\n|\n|t:|1700913099\n|switch|p1a: Leaf|Leafeon, F|100\/100\n|move|p2a: Dondozo|Curse|p2a: Dondozo\n|-unboost|p2a: Dondozo|spe|1\n|-boost|p2a: Dondozo|atk|1\n|-boost|p2a: Dondozo|def|1\n|\n|upkeep\n|turn|5\n|\n|t:|1700913106\n|switch|p2a: Slowking|Slowking-Galar, M|100\/100\n|move|p1a: Leaf|Leaf Blade|p2a: Slowking\n|-resisted|p2a: Slowking\n|-damage|p2a: Slowking|78\/100\n|\n|-heal|p2a: Slowking|84\/100|[from] item: Black Sludge\n|upkeep\n|turn|6\n|\n|t:|1700913114\n|switch|p1a: gremlin|Weavile, F|100\/100\n|-ability|p1a: gremlin|Pressure\n|move|p2a: Slowking|Toxic|p1a: gremlin\n|-status|p1a: gremlin|tox\n|\n|-heal|p2a: Slowking|90\/100|[from] item: Black Sludge\n|-damage|p1a: gremlin|94\/100 tox|[from] psn\n|upkeep\n|turn|7\n|\n|t:|1700913122\n|switch|p2a: Skarmory|Skarmory, M|100\/100\n|move|p1a: gremlin|Knock Off|p2a: Skarmory\n|-damage|p2a: Skarmory|73\/100\n|-damage|p1a: gremlin|78\/100 tox|[from] item: Rocky Helmet|[of] p2a: Skarmory\n|-enditem|p2a: Skarmory|Rocky Helmet|[from] move: Knock Off|[of] p1a: gremlin\n|\n|-damage|p1a: gremlin|66\/100 tox|[from] psn\n|upkeep\n|turn|8\n|\n|t:|1700913145\n|move|p1a: gremlin|Ice Spinner|p2a: Skarmory\n|-damage|p2a: Skarmory|48\/100\n|move|p2a: Skarmory|Roost|p2a: Skarmory\n|-heal|p2a: Skarmory|98\/100\n|-singleturn|p2a: Skarmory|move: Roost\n|\n|-damage|p1a: gremlin|48\/100 tox|[from] psn\n|upkeep\n|turn|9\n|\n|t:|1700913171\n|switch|p2a: Slowking|Slowking-Galar, M|100\/100\n|move|p1a: gremlin|Ice Spinner|p2a: Slowking\n|-damage|p2a: Slowking|60\/100\n|\n|-heal|p2a: Slowking|66\/100|[from] item: Black Sludge\n|-damage|p1a: gremlin|24\/100 tox|[from] psn\n|upkeep\n|turn|10\n|\n|t:|1700913181\n|switch|p2a: Skarmory|Skarmory, M|98\/100\n|move|p1a: gremlin|Knock Off|p2a: Skarmory\n|-damage|p2a: Skarmory|80\/100\n|\n|-damage|p1a: gremlin|0 fnt|[from] psn\n|faint|p1a: gremlin\n|upkeep\n|inactive|Battle timer is ON: inactive players will automatically lose when time's up. (requested by dhxjsk)\n|\n|t:|1700913192\n|switch|p1a: Shark|Sharpedo, F|100\/100\n|turn|11\n|\n|t:|1700913203\n|detailschange|p1a: Shark|Sharpedo-Mega, F\n|-mega|p1a: Shark|Sharpedo|Sharpedonite\n|move|p1a: Shark|Waterfall|p2a: Skarmory\n|-damage|p2a: Skarmory|53\/100\n|move|p2a: Skarmory|Toxic|p1a: Shark\n|-status|p1a: Shark|tox\n|\n|-damage|p1a: Shark|94\/100 tox|[from] psn\n|upkeep\n|turn|12\n|\n|t:|1700913214\n|move|p1a: Shark|Crunch|p2a: Skarmory\n|-damage|p2a: Skarmory|10\/100\n|move|p2a: Skarmory|Roost|p2a: Skarmory\n|-heal|p2a: Skarmory|60\/100\n|-singleturn|p2a: Skarmory|move: Roost\n|\n|-damage|p1a: Shark|82\/100 tox|[from] psn\n|upkeep\n|turn|13\n|\n|t:|1700913229\n|switch|p2a: Garganacl|Garganacl, F|100\/100\n|move|p1a: Shark|Crunch|p2a: Garganacl\n|-damage|p2a: Garganacl|65\/100\n|\n|-heal|p2a: Garganacl|72\/100|[from] item: Leftovers\n|-damage|p1a: Shark|64\/100 tox|[from] psn\n|upkeep\n|turn|14\n|\n|t:|1700913237\n|switch|p1a: Leaf|Leafeon, F|100\/100\n|-terastallize|p2a: Garganacl|Grass\n|move|p2a: Garganacl|Salt Cure|p1a: Leaf\n|-damage|p1a: Leaf|87\/100\n|-start|p1a: Leaf|Salt Cure\n|\n|-heal|p1a: Leaf|93\/100|[from] item: Leftovers\n|-heal|p2a: Garganacl|78\/100|[from] item: Leftovers\n|-damage|p1a: Leaf|81\/100|[from] Salt Cure\n|upkeep\n|turn|15\n|\n|t:|1700913243\n|move|p1a: Leaf|Heal Bell|p1a: Leaf\n|-activate|p1a: Leaf|move: Heal Bell\n|-curestatus|p1: Shark|tox|[msg]\n|move|p2a: Garganacl|Stealth Rock|p1a: Leaf\n|-sidestart|p1: gargoyle76|move: Stealth Rock\n|\n|-heal|p1a: Leaf|86\/100|[from] item: Leftovers\n|-heal|p2a: Garganacl|84\/100|[from] item: Leftovers\n|-damage|p1a: Leaf|74\/100|[from] Salt Cure\n|upkeep\n|turn|16\n|\n|t:|1700913249\n|switch|p1a: my trash baby|Garbodor, M|100\/100\n|-damage|p1a: my trash baby|88\/100|[from] Stealth Rock\n|move|p2a: Garganacl|Salt Cure|p1a: my trash baby\n|-crit|p1a: my trash baby\n|-damage|p1a: my trash baby|65\/100\n|-start|p1a: my trash baby|Salt Cure\n|\n|-heal|p1a: my trash baby|71\/100|[from] item: Leftovers\n|-heal|p2a: Garganacl|90\/100|[from] item: Leftovers\n|-damage|p1a: my trash baby|59\/100|[from] Salt Cure\n|upkeep\n|turn|17\n|\n|t:|1700913262\n|move|p2a: Garganacl|Protect|p2a: Garganacl\n|-singleturn|p2a: Garganacl|Protect\n|move|p1a: my trash baby|Toxic|p2a: Garganacl\n|-activate|p2a: Garganacl|move: Protect\n|\n|-heal|p1a: my trash baby|65\/100|[from] item: Leftovers\n|-heal|p2a: Garganacl|96\/100|[from] item: Leftovers\n|-damage|p1a: my trash baby|52\/100|[from] Salt Cure\n|upkeep\n|turn|18\n|\n|t:|1700913267\n|switch|p2a: Slowking|Slowking-Galar, M|99\/100\n|move|p1a: my trash baby|Toxic|p2a: Slowking\n|-immune|p2a: Slowking\n|\n|-heal|p1a: my trash baby|58\/100|[from] item: Leftovers\n|-heal|p2a: Slowking|100\/100|[from] item: Black Sludge\n|-damage|p1a: my trash baby|46\/100|[from] Salt Cure\n|upkeep\n|turn|19\n|\n|t:|1700913277\n|move|p1a: my trash baby|Stomping Tantrum|p2a: Slowking\n|-supereffective|p2a: Slowking\n|-damage|p2a: Slowking|30\/100\n|move|p2a: Slowking|Toxic|p1a: my trash baby\n|-immune|p1a: my trash baby\n|\n|-heal|p1a: my trash baby|52\/100|[from] item: Leftovers\n|-heal|p2a: Slowking|37\/100|[from] item: Black Sludge\n|-damage|p1a: my trash baby|40\/100|[from] Salt Cure\n|upkeep\n|turn|20\n|\n|t:|1700913282\n|switch|p2a: Gliscor|Gliscor, M|100\/100 tox\n|move|p1a: my trash baby|Stomping Tantrum|p2a: Gliscor\n|-immune|p2a: Gliscor\n|\n|-heal|p1a: my trash baby|46\/100|[from] item: Leftovers\n|-damage|p1a: my trash baby|33\/100|[from] Salt Cure\n|upkeep\n|turn|21\n|\n|t:|1700913307\n|move|p2a: Gliscor|Earthquake|p1a: my trash baby\n|-supereffective|p1a: my trash baby\n|-damage|p1a: my trash baby|0 fnt\n|faint|p1a: my trash baby\n|\n|upkeep\n|\n|t:|1700913312\n|switch|p1a: SPOON|Alakazam, F|100\/100\n|turn|22\n|\n|t:|1700913322\n|switch|p2a: Blissey|Blissey, F|100\/100\n|move|p1a: SPOON|Energy Ball|p2a: Blissey\n|-damage|p2a: Blissey|92\/100\n|\n|-heal|p2a: Blissey|98\/100|[from] item: Leftovers\n|upkeep\n|turn|23\n|\n|t:|1700913342\n|move|p1a: SPOON|Calm Mind|p1a: SPOON\n|-boost|p1a: SPOON|spa|1\n|-boost|p1a: SPOON|spd|1\n|move|p2a: Blissey|Seismic Toss|p1a: SPOON\n|-damage|p1a: SPOON|61\/100\n|\n|-heal|p2a: Blissey|100\/100|[from] item: Leftovers\n|upkeep\n|turn|24\n|\n|t:|1700913345\n|move|p1a: SPOON|Calm Mind|p1a: SPOON\n|-boost|p1a: SPOON|spa|1\n|-boost|p1a: SPOON|spd|1\n|move|p2a: Blissey|Seismic Toss|p1a: SPOON\n|-damage|p1a: SPOON|21\/100\n|\n|upkeep\n|turn|25\n|\n|t:|1700913348\n|move|p1a: SPOON|Expanding Force|p2a: Blissey\n|-damage|p2a: Blissey|75\/100\n|move|p2a: Blissey|Seismic Toss|p1a: SPOON\n|-damage|p1a: SPOON|0 fnt\n|faint|p1a: SPOON\n|\n|-heal|p2a: Blissey|81\/100|[from] item: Leftovers\n|upkeep\n|\n|t:|1700913354\n|switch|p1a: frog|Toxicroak, F|100\/100\n|-damage|p1a: frog|94\/100|[from] Stealth Rock\n|turn|26\n|\n|t:|1700913365\n|switch|p2a: Skarmory|Skarmory, M|60\/100\n|move|p1a: frog|Poison Jab|p2a: Skarmory\n|-immune|p2a: Skarmory\n|\n|-heal|p1a: frog|100\/100|[from] item: Leftovers\n|upkeep\n|turn|27\n|\n|t:|1700913374\n|-terastallize|p1a: frog|Poison\n|move|p1a: frog|Low Kick|p2a: Skarmory\n|-damage|p2a: Skarmory|39\/100\n|move|p2a: Skarmory|Whirlwind|p1a: frog\n|drag|p1a: Leaf|Leafeon, F|74\/100\n|-damage|p1a: Leaf|62\/100|[from] Stealth Rock\n|\n|-heal|p1a: Leaf|68\/100|[from] item: Leftovers\n|upkeep\n|turn|28\n|\n|t:|1700913380\n|move|p1a: Leaf|Leaf Blade|p2a: Skarmory\n|-resisted|p2a: Skarmory\n|-damage|p2a: Skarmory|32\/100\n|move|p2a: Skarmory|Toxic|p1a: Leaf\n|-status|p1a: Leaf|tox\n|\n|-heal|p1a: Leaf|74\/100 tox|[from] item: Leftovers\n|-damage|p1a: Leaf|68\/100 tox|[from] psn\n|upkeep\n|turn|29\n|\n|t:|1700913385\n|move|p1a: Leaf|Heal Bell|p1a: Leaf\n|-activate|p1a: Leaf|move: Heal Bell\n|-curestatus|p1a: Leaf|tox|[msg]\n|move|p2a: Skarmory|Roost|p2a: Skarmory\n|-heal|p2a: Skarmory|82\/100\n|-singleturn|p2a: Skarmory|move: Roost\n|\n|-heal|p1a: Leaf|74\/100|[from] item: Leftovers\n|upkeep\n|turn|30\n|\n|t:|1700913390\n|move|p1a: Leaf|Swords Dance|p1a: Leaf\n|-boost|p1a: Leaf|atk|2\n|move|p2a: Skarmory|Toxic|p1a: Leaf\n|-status|p1a: Leaf|tox\n|\n|-heal|p1a: Leaf|80\/100 tox|[from] item: Leftovers\n|-damage|p1a: Leaf|74\/100 tox|[from] psn\n|upkeep\n|turn|31\n|\n|t:|1700913395\n|move|p1a: Leaf|Leaf Blade|p2a: Skarmory\n|-resisted|p2a: Skarmory\n|-damage|p2a: Skarmory|71\/100\n|move|p2a: Skarmory|Whirlwind|p1a: Leaf\n|drag|p1a: frog|Toxicroak, F, tera:Poison|100\/100\n|-damage|p1a: frog|88\/100|[from] Stealth Rock\n|\n|-heal|p1a: frog|94\/100|[from] item: Leftovers\n|upkeep\n|turn|32\n|\n|t:|1700913405\n|switch|p2a: Slowking|Slowking-Galar, M|70\/100\n|move|p1a: frog|Bulk Up|p1a: frog\n|-boost|p1a: frog|atk|1\n|-boost|p1a: frog|def|1\n|\n|-heal|p1a: frog|100\/100|[from] item: Leftovers\n|-heal|p2a: Slowking|76\/100|[from] item: Black Sludge\n|upkeep\n|turn|33\n|\n|t:|1700913411\n|move|p1a: frog|Low Kick|p2a: Slowking\n|-resisted|p2a: Slowking\n|-damage|p2a: Slowking|61\/100\n|move|p2a: Slowking|Scald|p1a: frog\n|-damage|p1a: frog|68\/100\n|\n|-heal|p1a: frog|74\/100|[from] item: Leftovers\n|-heal|p2a: Slowking|67\/100|[from] item: Black Sludge\n|upkeep\n|turn|34\n|\n|t:|1700913417\n|move|p1a: frog|Low Kick|p2a: Slowking\n|-resisted|p2a: Slowking\n|-damage|p2a: Slowking|53\/100\n|move|p2a: Slowking|Yawn|p1a: frog\n|-start|p1a: frog|move: Yawn|[of] p2a: Slowking\n|\n|-heal|p1a: frog|80\/100|[from] item: Leftovers\n|-heal|p2a: Slowking|59\/100|[from] item: Black Sludge\n|upkeep\n|turn|35\n|-message|gargoyle76 forfeited.\n|\n|win|dhxjsk\n|raw|gargoyle76's rating: 1067 &rarr; <strong>1048<\/strong><br \/>(-19 for losing)\n|raw|dhxjsk's rating: 1081 &rarr; <strong>1108<\/strong><br \/>(+27 for winning)\n|l|\u2606gargoyle76\n","uploadtime":1700913441,"views":7,"p1id":"gargoyle76","p2id":"dhxjsk","formatid":"gen9nationaldex","rating":1048,"private":0,"password":""}