{"id":"gen9nationaldex-1991449181","p1":"Tank Tests","p2":"DrKanye Jr","format":"[Gen 9] National Dex","log":"|j|\u2606Tank Tests\n|j|\u2606DrKanye Jr\n|t:|1700078042\n|gametype|singles\n|player|p1|Tank Tests|2|1348\n|player|p2|DrKanye Jr|shadowtriad|1407\n|teamsize|p1|6\n|teamsize|p2|6\n|gen|9\n|tier|[Gen 9] National Dex\n|rated|\n|rule|HP Percentage Mod: HP is shown in percentages\n|rule|Endless Battle Clause: Forcing endless battles is banned\n|rule|OHKO Clause: OHKO moves are banned\n|rule|Evasion Clause: Evasion abilities, items, and moves are banned\n|rule|Evasion Abilities Clause: Evasion abilities are banned\n|rule|Evasion Items Clause: Evasion items are banned\n|rule|Evasion Moves Clause: Evasion moves are banned\n|rule|Species Clause: Limit one of each Pok\u00e9mon\n|rule|Sleep Clause Mod: Limit one foe put to sleep\n|clearpoke\n|poke|p1|Pawmot, M|\n|poke|p1|Rabsca, F|\n|poke|p1|Banette, F|\n|poke|p1|Victini|\n|poke|p1|Dragonite, M|\n|poke|p1|Forretress, F|\n|poke|p2|Aerodactyl, M|\n|poke|p2|Nidoking, M|\n|poke|p2|Tornadus-Therian, M|\n|poke|p2|Tapu Lele|\n|poke|p2|Sneasler, F|\n|poke|p2|Alomomola, F|\n|teampreview\n|inactive|Battle timer is ON: inactive players will automatically lose when time's up. (requested by DrKanye Jr)\n|inactive|DrKanye Jr has 120 seconds left.\n|\n|t:|1700078080\n|start\n|switch|p1a: Victini|Victini|100\/100\n|switch|p2a: Nidoking|Nidoking, M, shiny|100\/100\n|turn|1\n|\n|t:|1700078083\n|move|p1a: Victini|Zen Headbutt|p2a: Nidoking\n|-supereffective|p2a: Nidoking\n|-enditem|p2a: Nidoking|Focus Sash\n|-damage|p2a: Nidoking|1\/100\n|move|p2a: Nidoking|Stealth Rock|p1a: Victini\n|-sidestart|p1: Tank Tests|move: Stealth Rock\n|\n|upkeep\n|turn|2\n|\n|t:|1700078091\n|switch|p1a: Forretress|Forretress, F|100\/100\n|switch|p2a: Alomomola|Alomomola, F|100\/100\n|\n|upkeep\n|turn|3\n|\n|t:|1700078094\n|move|p2a: Alomomola|Knock Off|p1a: Forretress\n|-damage|p1a: Forretress|87\/100\n|-enditem|p1a: Forretress|Heavy-Duty Boots|[from] move: Knock Off|[of] p2a: Alomomola\n|move|p1a: Forretress|Thunder Wave|p2a: Alomomola\n|-status|p2a: Alomomola|par\n|\n|upkeep\n|turn|4\n|\n|t:|1700078100\n|move|p1a: Forretress|Rapid Spin|p2a: Alomomola\n|-damage|p2a: Alomomola|94\/100 par\n|-boost|p1a: Forretress|spe|1\n|-damage|p1a: Forretress|70\/100|[from] item: Rocky Helmet|[of] p2a: Alomomola\n|-sideend|p1: Tank Tests|Stealth Rock|[from] move: Rapid Spin|[of] p1a: Forretress\n|move|p2a: Alomomola|Wish|p2a: Alomomola\n|\n|upkeep\n|turn|5\n|\n|t:|1700078104\n|move|p1a: Forretress|Stealth Rock|p2a: Alomomola\n|-sidestart|p2: DrKanye Jr|move: Stealth Rock\n|move|p2a: Alomomola|Flip Turn|p1a: Forretress\n|-damage|p1a: Forretress|59\/100\n|\n|t:|1700078110\n|switch|p2a: Jersey Airlines|Tornadus-Therian, M|100\/100|[from] Flip Turn\n|-damage|p2a: Jersey Airlines|75\/100|[from] Stealth Rock\n|\n|-heal|p2a: Jersey Airlines|100\/100|[from] move: Wish|[wisher] Alomomola\n|upkeep\n|turn|6\n|\n|t:|1700078118\n|move|p2a: Jersey Airlines|Heat Wave|p1a: Forretress\n|-supereffective|p1a: Forretress\n|-damage|p1a: Forretress|0 fnt\n|faint|p1a: Forretress\n|\n|upkeep\n|\n|t:|1700078123\n|switch|p1a: Victini|Victini|100\/100\n|turn|7\n|\n|t:|1700078140\n|switch|p2a: Alomomola|Alomomola, F|100\/100 par\n|-damage|p2a: Alomomola|88\/100 par|[from] Stealth Rock\n|move|p1a: Victini|Bolt Strike|p2a: Alomomola\n|-supereffective|p2a: Alomomola\n|-damage|p2a: Alomomola|39\/100 par\n|-damage|p1a: Victini|84\/100|[from] item: Rocky Helmet|[of] p2a: Alomomola\n|\n|upkeep\n|turn|8\n|\n|t:|1700078149\n|switch|p2a: Tapu Lele|Tapu Lele|100\/100\n|-damage|p2a: Tapu Lele|88\/100|[from] Stealth Rock\n|-fieldstart|move: Psychic Terrain|[from] ability: Psychic Surge|[of] p2a: Tapu Lele\n|move|p1a: Victini|Bolt Strike|p2a: Tapu Lele\n|-damage|p2a: Tapu Lele|32\/100\n|\n|upkeep\n|turn|9\n|\n|t:|1700078161\n|move|p1a: Victini|Bolt Strike|p2a: Tapu Lele\n|-damage|p2a: Tapu Lele|0 fnt\n|faint|p2a: Tapu Lele\n|\n|upkeep\n|\n|t:|1700078170\n|switch|p2a: Alomomola|Alomomola, F|72\/100 par\n|-damage|p2a: Alomomola|60\/100 par|[from] Stealth Rock\n|turn|10\n|\n|t:|1700078172\n|move|p1a: Victini|Bolt Strike|p2a: Alomomola|[miss]\n|-miss|p1a: Victini|p2a: Alomomola\n|move|p2a: Alomomola|Toxic|p1a: Victini\n|-status|p1a: Victini|tox\n|\n|-damage|p1a: Victini|78\/100 tox|[from] psn\n|upkeep\n|turn|11\n|\n|t:|1700078179\n|move|p1a: Victini|Bolt Strike|p2a: Alomomola\n|-supereffective|p2a: Alomomola\n|-damage|p2a: Alomomola|13\/100 par\n|-damage|p1a: Victini|61\/100 tox|[from] item: Rocky Helmet|[of] p2a: Alomomola\n|cant|p2a: Alomomola|par\n|\n|-damage|p1a: Victini|49\/100 tox|[from] psn\n|upkeep\n|turn|12\n|inactive|DrKanye Jr has 120 seconds left.\n|\n|t:|1700078218\n|switch|p2a: Nidoking|Nidoking, M, shiny|1\/100\n|-damage|p2a: Nidoking|0 fnt|[from] Stealth Rock\n|faint|p2a: Nidoking\n|move|p1a: Victini|Bolt Strike|p2: Nidoking|[notarget]\n|-fail|p1a: Victini\n|\n|-damage|p1a: Victini|31\/100 tox|[from] psn\n|-fieldend|move: Psychic Terrain\n|upkeep\n|\n|t:|1700078235\n|switch|p2a: Alomomola|Alomomola, F|47\/100 par\n|-damage|p2a: Alomomola|34\/100 par|[from] Stealth Rock\n|turn|13\n|\n|t:|1700078238\n|-terastallize|p2a: Alomomola|Dragon\n|move|p1a: Victini|Bolt Strike|p2a: Alomomola\n|-resisted|p2a: Alomomola\n|-damage|p2a: Alomomola|23\/100 par\n|-damage|p1a: Victini|14\/100 tox|[from] item: Rocky Helmet|[of] p2a: Alomomola\n|move|p2a: Alomomola|Wish|p2a: Alomomola\n|\n|-damage|p1a: Victini|0 fnt|[from] psn\n|faint|p1a: Victini\n|upkeep\n|\n|t:|1700078245\n|switch|p1a: Dragonite|Dragonite, M|100\/100\n|turn|14\n|inactive|DrKanye Jr has 120 seconds left.\n|\n|t:|1700078257\n|switch|p2a: Jersey Airlines|Tornadus-Therian, M|100\/100\n|-damage|p2a: Jersey Airlines|75\/100|[from] Stealth Rock\n|move|p1a: Dragonite|Dragon Claw|p2a: Jersey Airlines\n|-damage|p2a: Jersey Airlines|15\/100\n|\n|-heal|p2a: Jersey Airlines|94\/100|[from] move: Wish|[wisher] Alomomola\n|upkeep\n|turn|15\n|inactive|DrKanye Jr has 120 seconds left.\n|inactive|DrKanye Jr has 90 seconds left.\n|inactive|DrKanye Jr has 60 seconds left.\n|\n|t:|1700078343\n|move|p2a: Jersey Airlines|Hurricane|p1a: Dragonite\n|-damage|p1a: Dragonite|74\/100\n|move|p1a: Dragonite|Dragon Dance|p1a: Dragonite\n|-boost|p1a: Dragonite|atk|1\n|-boost|p1a: Dragonite|spe|1\n|\n|upkeep\n|turn|16\n|inactive|DrKanye Jr has 30 seconds left.\n|\n|t:|1700078371\n|move|p1a: Dragonite|Dragon Claw|p2a: Jersey Airlines\n|-crit|p2a: Jersey Airlines\n|-damage|p2a: Jersey Airlines|0 fnt\n|faint|p2a: Jersey Airlines\n|\n|upkeep\n|inactive|DrKanye Jr has 30 seconds left.\n|\n|t:|1700078380\n|switch|p2a: Alomomola|Alomomola, F, tera:Dragon|56\/100 par\n|-damage|p2a: Alomomola|44\/100 par|[from] Stealth Rock\n|turn|17\n|\n|t:|1700078383\n|move|p1a: Dragonite|Dragon Claw|p2a: Alomomola\n|-supereffective|p2a: Alomomola\n|-damage|p2a: Alomomola|0 fnt\n|-damage|p1a: Dragonite|58\/100|[from] item: Rocky Helmet|[of] p2a: Alomomola\n|faint|p2a: Alomomola\n|\n|upkeep\n|-message|DrKanye Jr forfeited.\n|\n|win|Tank Tests\n|raw|Tank Tests's rating: 1348 &rarr; <strong>1371<\/strong><br \/>(+23 for winning)\n|raw|DrKanye Jr's rating: 1407 &rarr; <strong>1384<\/strong><br \/>(-23 for losing)\n|l|\u2606DrKanye Jr\n","uploadtime":1700078395,"views":12,"p1id":"tanktests","p2id":"drkanyejr","formatid":"gen9nationaldex","rating":1371,"private":0,"password":""}