{"id":"gen9nationaldex-2000027499","p1":"Day in Australia","p2":"ALostSoul123","format":"[Gen 9] National Dex","log":"|html|<div class=\"broadcast-blue\"><strong>[Gen 9] National Dex is currently suspecting Sneasler! For information on how to participate check out the <a href=\"https:\/\/www.smogon.com\/forums\/threads\/sv-national-dex-suspect-8-just-dance.3731534\/\">suspect thread<\/a>.<\/strong><\/div>\n|j|\u2606Day in Australia\n|j|\u2606ALostSoul123\n|t:|1701142995\n|gametype|singles\n|player|p1|Day in Australia|burgh|1189\n|player|p2|ALostSoul123|101|1112\n|teamsize|p1|6\n|teamsize|p2|6\n|gen|9\n|tier|[Gen 9] National Dex\n|rated|\n|rule|HP Percentage Mod: HP is shown in percentages\n|rule|Endless Battle Clause: Forcing endless battles is banned\n|rule|OHKO Clause: OHKO moves are banned\n|rule|Evasion Clause: Evasion abilities, items, and moves are banned\n|rule|Evasion Abilities Clause: Evasion abilities are banned\n|rule|Evasion Items Clause: Evasion items are banned\n|rule|Evasion Moves Clause: Evasion moves are banned\n|rule|Species Clause: Limit one of each Pok\u00e9mon\n|rule|Sleep Clause Mod: Limit one foe put to sleep\n|clearpoke\n|poke|p1|Volcarona, F|\n|poke|p1|Scizor, M|\n|poke|p1|Galvantula, F|\n|poke|p1|Golisopod, M|\n|poke|p1|Scolipede, M|\n|poke|p1|Kleavor, M|\n|poke|p2|Lopunny, M|\n|poke|p2|Maushold-Four|\n|poke|p2|Primarina, M|\n|poke|p2|Aerodactyl, F|\n|poke|p2|Alomomola, M|\n|poke|p2|Indeedee, M|\n|teampreview\n|c|\u2606Day in Australia|Glhf\n|\n|t:|1701143005\n|start\n|switch|p1a: Spark|Galvantula, F, shiny|100\/100\n|switch|p2a: Maushold|Maushold-Four|100\/100\n|turn|1\n|\n|t:|1701143012\n|move|p2a: Maushold|Population Bomb|p1a: Spark\n|-damage|p1a: Spark|78\/100\n|-damage|p1a: Spark|56\/100\n|-damage|p1a: Spark|34\/100\n|-damage|p1a: Spark|13\/100\n|-hitcount|p1a: Spark|4\n|move|p1a: Spark|Thunder Wave|p2a: Maushold\n|-status|p2a: Maushold|par\n|\n|upkeep\n|turn|2\n|\n|t:|1701143023\n|move|p1a: Spark|Sticky Web|p2a: Maushold\n|-sidestart|p2: ALostSoul123|move: Sticky Web\n|move|p2a: Maushold|Tidy Up|p2a: Maushold\n|-sideend|p2: ALostSoul123|Sticky Web\n|-activate|p2a: Maushold|move: Tidy Up\n|-boost|p2a: Maushold|atk|1\n|-boost|p2a: Maushold|spe|1\n|\n|upkeep\n|turn|3\n|\n|t:|1701143033\n|move|p1a: Spark|Thunder|p2a: Maushold\n|-damage|p2a: Maushold|26\/100 par\n|move|p2a: Maushold|Tidy Up|p2a: Maushold\n|-boost|p2a: Maushold|atk|1\n|-boost|p2a: Maushold|spe|1\n|\n|upkeep\n|turn|4\n|\n|t:|1701143043\n|move|p2a: Maushold|Population Bomb|p1a: Spark\n|-damage|p1a: Spark|0 fnt\n|faint|p1a: Spark\n|-hitcount|p1: Spark|1\n|\n|upkeep\n|\n|t:|1701143049\n|switch|p1a: Samurai|Golisopod, M, shiny|100\/100\n|turn|5\n|\n|t:|1701143057\n|switch|p2a: Indeedee|Indeedee, M|100\/100\n|-fieldstart|move: Psychic Terrain|[from] ability: Psychic Surge|[of] p2a: Indeedee\n|move|p1a: Samurai|First Impression|p2a: Indeedee\n|-activate|p2a: Indeedee|move: Psychic Terrain\n|\n|upkeep\n|turn|6\n|\n|t:|1701143067\n|switch|p2a: Maushold|Maushold-Four|26\/100 par\n|move|p1a: Samurai|Leech Life|p2a: Maushold\n|-damage|p2a: Maushold|0 fnt\n|faint|p2a: Maushold\n|\n|upkeep\n|\n|t:|1701143074\n|switch|p2a: Aerodactyl|Aerodactyl, F|100\/100\n|turn|7\n|\n|t:|1701143078\n|detailschange|p2a: Aerodactyl|Aerodactyl-Mega, F\n|-mega|p2a: Aerodactyl|Aerodactyl|Aerodactylite\n|-terastallize|p1a: Samurai|Ground\n|move|p2a: Aerodactyl|Dual Wingbeat|p1a: Samurai\n|-damage|p1a: Samurai|80\/100\n|-damage|p1a: Samurai|60\/100\n|-hitcount|p1a: Samurai|2\n|move|p1a: Samurai|Liquidation|p2a: Aerodactyl\n|-supereffective|p2a: Aerodactyl\n|-damage|p2a: Aerodactyl|0 fnt\n|faint|p2a: Aerodactyl\n|\n|-heal|p1a: Samurai|66\/100|[from] item: Leftovers\n|upkeep\n|\n|t:|1701143087\n|switch|p2a: Primarina|Primarina, M|100\/100\n|turn|8\n|\n|t:|1701143098\n|switch|p1a: One punch|Scizor, M|100\/100\n|move|p2a: Primarina|Hydro Pump|p1a: One punch\n|-damage|p1a: One punch|0 fnt\n|faint|p1a: One punch\n|\n|upkeep\n|\n|t:|1701143107\n|switch|p1a: Scoliosis|Scolipede, M, shiny|100\/100\n|turn|9\n|\n|t:|1701143114\n|-terastallize|p2a: Primarina|Water\n|move|p1a: Scoliosis|Swords Dance|p1a: Scoliosis\n|-boost|p1a: Scoliosis|atk|2\n|move|p2a: Primarina|Hydro Pump|p1a: Scoliosis|[miss]\n|-miss|p2a: Primarina|p1a: Scoliosis\n|\n|-ability|p1a: Scoliosis|Speed Boost|boost\n|-boost|p1a: Scoliosis|spe|1\n|upkeep\n|turn|10\n|\n|t:|1701143124\n|switch|p2a: Alomomola|Alomomola, M|100\/100\n|move|p1a: Scoliosis|Megahorn|p2a: Alomomola\n|-damage|p2a: Alomomola|38\/100\n|\n|-heal|p2a: Alomomola|44\/100|[from] item: Leftovers\n|-ability|p1a: Scoliosis|Speed Boost|boost\n|-boost|p1a: Scoliosis|spe|1\n|upkeep\n|turn|11\n|\n|t:|1701143133\n|move|p2a: Alomomola|Protect|p2a: Alomomola\n|-singleturn|p2a: Alomomola|Protect\n|move|p1a: Scoliosis|Megahorn|p2a: Alomomola\n|-activate|p2a: Alomomola|move: Protect\n|\n|-heal|p2a: Alomomola|50\/100|[from] item: Leftovers\n|-ability|p1a: Scoliosis|Speed Boost|boost\n|-boost|p1a: Scoliosis|spe|1\n|upkeep\n|turn|12\n|\n|t:|1701143147\n|switch|p2a: Lopunny|Lopunny, M|100\/100\n|move|p1a: Scoliosis|Megahorn|p2a: Lopunny|[miss]\n|-miss|p1a: Scoliosis|p2a: Lopunny\n|\n|-fieldend|move: Psychic Terrain\n|-ability|p1a: Scoliosis|Speed Boost|boost\n|-boost|p1a: Scoliosis|spe|1\n|upkeep\n|turn|13\n|\n|t:|1701143156\n|move|p1a: Scoliosis|Swords Dance|p1a: Scoliosis\n|-boost|p1a: Scoliosis|atk|2\n|move|p2a: Lopunny|Switcheroo|p1a: Scoliosis\n|-activate|p2a: Lopunny|move: Trick|[of] p1a: Scoliosis\n|-item|p1a: Scoliosis|Lagging Tail|[from] move: Switcheroo\n|-item|p2a: Lopunny|Focus Sash|[from] move: Switcheroo\n|\n|-ability|p1a: Scoliosis|Speed Boost|boost\n|-boost|p1a: Scoliosis|spe|1\n|upkeep\n|turn|14\n|\n|t:|1701143168\n|move|p2a: Lopunny|Encore|p1a: Scoliosis\n|-start|p1a: Scoliosis|Encore\n|move|p1a: Scoliosis|Swords Dance|p1a: Scoliosis\n|-boost|p1a: Scoliosis|atk|2\n|\n|-ability|p1a: Scoliosis|Speed Boost|boost\n|-boost|p1a: Scoliosis|spe|1\n|upkeep\n|turn|15\n|c|\u2606ALostSoul123|gotcha bitch\n|c|\u2606Day in Australia|You little shit\n|\n|t:|1701143182\n|switch|p2a: Primarina|Primarina, M, tera:Water|100\/100\n|move|p1a: Scoliosis|Swords Dance|p1a: Scoliosis\n|-boost|p1a: Scoliosis|atk|0\n|\n|upkeep\n|turn|16\n|\n|t:|1701143189\n|move|p2a: Primarina|Hydro Pump|p1a: Scoliosis\n|-damage|p1a: Scoliosis|0 fnt\n|faint|p1a: Scoliosis\n|\n|upkeep\n|\n|t:|1701143199\n|switch|p1a: Radiance|Volcarona, F, shiny|100\/100\n|turn|17\n|\n|t:|1701143202\n|move|p1a: Radiance|Giga Drain|p2a: Primarina\n|-supereffective|p2a: Primarina\n|-damage|p2a: Primarina|50\/100\n|move|p2a: Primarina|Hydro Pump|p1a: Radiance\n|-supereffective|p1a: Radiance\n|-damage|p1a: Radiance|0 fnt\n|faint|p1a: Radiance\n|\n|upkeep\n|\n|t:|1701143211\n|switch|p1a: Samurai|Golisopod, M, shiny, tera:Ground|66\/100\n|turn|18\n|\n|t:|1701143216\n|switch|p2a: Lopunny|Lopunny, M|100\/100\n|move|p1a: Samurai|First Impression|p2a: Lopunny\n|-damage|p2a: Lopunny|32\/100\n|\n|-heal|p1a: Samurai|72\/100|[from] item: Leftovers\n|upkeep\n|turn|19\n|\n|t:|1701143224\n|move|p2a: Lopunny|Fake Out|p1a: Samurai\n|-damage|p1a: Samurai|61\/100\n|cant|p1a: Samurai|flinch\n|\n|-heal|p1a: Samurai|67\/100|[from] item: Leftovers\n|upkeep\n|turn|20\n|\n|t:|1701143233\n|move|p2a: Lopunny|Encore|p1a: Samurai\n|-start|p1a: Samurai|Encore\n|move|p1a: Samurai|First Impression||[still]\n|-hint|First Impression only works on your first turn out.\n|-fail|p1a: Samurai\n|\n|-heal|p1a: Samurai|73\/100|[from] item: Leftovers\n|upkeep\n|turn|21\n|\n|t:|1701143241\n|switch|p2a: Alomomola|Alomomola, M|83\/100\n|switch|p1a: Lumberjack|Kleavor, M, shiny|100\/100\n|\n|-heal|p2a: Alomomola|89\/100|[from] item: Leftovers\n|upkeep\n|turn|22\n|\n|t:|1701143250\n|move|p1a: Lumberjack|Stone Axe|p2a: Alomomola\n|-damage|p2a: Alomomola|62\/100\n|-sidestart|p2: ALostSoul123|move: Stealth Rock\n|move|p2a: Alomomola|Wish|p2a: Alomomola\n|\n|-heal|p2a: Alomomola|69\/100|[from] item: Leftovers\n|upkeep\n|turn|23\n|\n|t:|1701143259\n|move|p1a: Lumberjack|X-Scissor|p2a: Alomomola\n|-damage|p2a: Alomomola|34\/100\n|move|p2a: Alomomola|Flip Turn|p1a: Lumberjack\n|-supereffective|p1a: Lumberjack\n|-damage|p1a: Lumberjack|62\/100\n|\n|t:|1701143266\n|switch|p2a: Primarina|Primarina, M, tera:Water|50\/100|[from] Flip Turn\n|-damage|p2a: Primarina|37\/100|[from] Stealth Rock\n|\n|-heal|p2a: Primarina|100\/100|[from] move: Wish|[wisher] Alomomola\n|upkeep\n|turn|24\n|\n|t:|1701143274\n|move|p1a: Lumberjack|X-Scissor|p2a: Primarina\n|-damage|p2a: Primarina|26\/100\n|move|p2a: Primarina|Hydro Pump|p1a: Lumberjack\n|-supereffective|p1a: Lumberjack\n|-damage|p1a: Lumberjack|0 fnt\n|faint|p1a: Lumberjack\n|\n|upkeep\n|\n|t:|1701143282\n|switch|p1a: Samurai|Golisopod, M, shiny, tera:Ground|73\/100\n|turn|25\n|\n|t:|1701143287\n|switch|p2a: Indeedee|Indeedee, M|100\/100\n|-damage|p2a: Indeedee|88\/100|[from] Stealth Rock\n|-fieldstart|move: Psychic Terrain|[from] ability: Psychic Surge|[of] p2a: Indeedee\n|move|p1a: Samurai|Close Combat|p2a: Indeedee\n|-damage|p2a: Indeedee|13\/100\n|-unboost|p1a: Samurai|def|1\n|-unboost|p1a: Samurai|spd|1\n|\n|-heal|p1a: Samurai|80\/100|[from] item: Leftovers\n|upkeep\n|turn|26\n|\n|t:|1701143302\n|move|p2a: Indeedee|Healing Wish|p2a: Indeedee\n|faint|p2a: Indeedee\n|move|p1a: Samurai|Leech Life|p2: Indeedee|[notarget]\n|-fail|p1a: Samurai\n|\n|-heal|p1a: Samurai|86\/100|[from] item: Leftovers\n|upkeep\n|\n|t:|1701143304\n|switch|p2a: Primarina|Primarina, M, tera:Water|26\/100\n|-heal|p2a: Primarina|100\/100|[from] move: Healing Wish\n|-damage|p2a: Primarina|88\/100|[from] Stealth Rock\n|turn|27\n|c|\u2606Day in Australia|This is bs\n|\n|t:|1701143320\n|move|p2a: Primarina|Sparkling Aria|p1a: Samurai\n|-supereffective|p1a: Samurai\n|-damage|p1a: Samurai|0 fnt\n|faint|p1a: Samurai\n|\n|win|ALostSoul123\n|raw|Day in Australia's rating: 1189 &rarr; <strong>1159<\/strong><br \/>(-30 for losing)\n|raw|ALostSoul123's rating: 1112 &rarr; <strong>1142<\/strong><br \/>(+30 for winning)\n","uploadtime":1701143327,"views":14,"p1id":"dayinaustralia","p2id":"alostsoul123","formatid":"gen9nationaldex","rating":1142,"private":0,"password":""}