{"id":"gen9nationaldex-1987398439","p1":"copperbrick","p2":"NovembersEve","format":"[Gen 9] National Dex","log":"|j|\u203dcopperbrick\n|j|\u2606NovembersEve\n|t:|1699586217\n|gametype|singles\n|player|p1|copperbrick|266|1092\n|player|p2|NovembersEve|dawn|1173\n|teamsize|p1|6\n|teamsize|p2|6\n|gen|9\n|tier|[Gen 9] National Dex\n|rated|\n|rule|HP Percentage Mod: HP is shown in percentages\n|rule|Endless Battle Clause: Forcing endless battles is banned\n|rule|OHKO Clause: OHKO moves are banned\n|rule|Evasion Clause: Evasion abilities, items, and moves are banned\n|rule|Evasion Abilities Clause: Evasion abilities are banned\n|rule|Evasion Items Clause: Evasion items are banned\n|rule|Evasion Moves Clause: Evasion moves are banned\n|rule|Species Clause: Limit one of each Pok\u00e9mon\n|rule|Sleep Clause Mod: Limit one foe put to sleep\n|clearpoke\n|poke|p1|Mothim, M|\n|poke|p1|Sandslash-Alola, M|\n|poke|p1|Breloom, F|\n|poke|p1|Chandelure, M|\n|poke|p1|Quagsire, F|\n|poke|p1|Glimmora, F|\n|poke|p2|Vaporeon, F|\n|poke|p2|Cradily, F|\n|poke|p2|Arcanine, F|\n|poke|p2|Skarmory, F|\n|poke|p2|Gliscor, F|\n|poke|p2|Toedscruel, M|\n|teampreview\n|inactive|Battle timer is ON: inactive players will automatically lose when time's up. (requested by NovembersEve)\n|inactive|copperbrick also wants the timer to be on.\n|\n|t:|1699586223\n|start\n|switch|p1a: Glimmora|Glimmora, F|100\/100\n|switch|p2a: birb|Skarmory, F|100\/100\n|turn|1\n|\n|t:|1699586229\n|move|p1a: Glimmora|Stealth Rock|p2a: birb\n|-sidestart|p2: NovembersEve|move: Stealth Rock\n|move|p2a: birb|Stealth Rock|p1a: Glimmora\n|-sidestart|p1: copperbrick|move: Stealth Rock\n|\n|upkeep\n|turn|2\n|\n|t:|1699586238\n|move|p1a: Glimmora|Energy Ball|p2a: birb\n|-resisted|p2a: birb\n|-damage|p2a: birb|91\/100\n|move|p2a: birb|Spikes|p1a: Glimmora\n|-sidestart|p1: copperbrick|Spikes\n|\n|-heal|p2a: birb|97\/100|[from] item: Leftovers\n|upkeep\n|turn|3\n|\n|t:|1699586245\n|move|p1a: Glimmora|Energy Ball|p2a: birb\n|-resisted|p2a: birb\n|-damage|p2a: birb|88\/100\n|move|p2a: birb|Spikes|p1a: Glimmora\n|-sidestart|p1: copperbrick|Spikes\n|\n|-heal|p2a: birb|94\/100|[from] item: Leftovers\n|upkeep\n|turn|4\n|\n|t:|1699586251\n|move|p1a: Glimmora|Energy Ball|p2a: birb\n|-resisted|p2a: birb\n|-damage|p2a: birb|84\/100\n|move|p2a: birb|Spikes|p1a: Glimmora\n|-sidestart|p1: copperbrick|Spikes\n|\n|-heal|p2a: birb|90\/100|[from] item: Leftovers\n|upkeep\n|turn|5\n|\n|t:|1699586258\n|move|p1a: Glimmora|Mortal Spin|p2a: birb\n|-immune|p2a: birb\n|move|p2a: birb|Whirlwind|p1a: Glimmora\n|drag|p1a: Breloom|Breloom, F|100\/100\n|-damage|p1a: Breloom|94\/100|[from] Stealth Rock\n|-damage|p1a: Breloom|70\/100|[from] Spikes\n|\n|-heal|p2a: birb|96\/100|[from] item: Leftovers\n|upkeep\n|turn|6\n|\n|t:|1699586267\n|move|p1a: Breloom|Spore|p2a: birb\n|-status|p2a: birb|slp|[from] move: Spore\n|cant|p2a: birb|slp\n|\n|-heal|p2a: birb|100\/100 slp|[from] item: Leftovers\n|upkeep\n|turn|7\n|\n|t:|1699586273\n|move|p1a: Breloom|Bulk Up|p1a: Breloom\n|-boost|p1a: Breloom|atk|1\n|-boost|p1a: Breloom|def|1\n|cant|p2a: birb|slp\n|\n|upkeep\n|turn|8\n|\n|t:|1699586279\n|move|p1a: Breloom|Bulk Up|p1a: Breloom\n|-boost|p1a: Breloom|atk|1\n|-boost|p1a: Breloom|def|1\n|-curestatus|p2a: birb|slp|[msg]\n|move|p2a: birb|Whirlwind|p1a: Breloom\n|drag|p1a: Quagsire|Quagsire, F|100\/100\n|-damage|p1a: Quagsire|94\/100|[from] Stealth Rock\n|-damage|p1a: Quagsire|70\/100|[from] Spikes\n|\n|upkeep\n|turn|9\n|\n|t:|1699586289\n|move|p1a: Quagsire|Spikes|p2a: birb\n|-sidestart|p2: NovembersEve|Spikes\n|move|p2a: birb|Whirlwind|p1a: Quagsire\n|drag|p1a: Chandelure|Chandelure, M|100\/100\n|-damage|p1a: Chandelure|76\/100|[from] Stealth Rock\n|-damage|p1a: Chandelure|51\/100|[from] Spikes\n|\n|-heal|p1a: Chandelure|57\/100|[from] item: Leftovers\n|upkeep\n|turn|10\n|\n|t:|1699586297\n|move|p1a: Chandelure|Flamethrower|p2a: birb\n|-supereffective|p2a: birb\n|-ability|p2a: birb|Sturdy\n|-damage|p2a: birb|1\/100\n|move|p2a: birb|Whirlwind|p1a: Chandelure\n|drag|p1a: Breloom|Breloom, F|70\/100\n|-damage|p1a: Breloom|63\/100|[from] Stealth Rock\n|-damage|p1a: Breloom|39\/100|[from] Spikes\n|\n|-heal|p2a: birb|7\/100|[from] item: Leftovers\n|upkeep\n|turn|11\n|\n|t:|1699586307\n|move|p1a: Breloom|Mach Punch|p2a: birb\n|-damage|p2a: birb|0 fnt\n|faint|p2a: birb\n|\n|upkeep\n|\n|t:|1699586313\n|switch|p2a: Shroom|Toedscruel, M|100\/100\n|turn|12\n|\n|t:|1699586320\n|move|p2a: Shroom|Rapid Spin|p1a: Breloom\n|-damage|p1a: Breloom|27\/100\n|-boost|p2a: Shroom|spe|1\n|-sideend|p2: NovembersEve|Spikes|[from] move: Rapid Spin|[of] p2a: Shroom\n|-sideend|p2: NovembersEve|Stealth Rock|[from] move: Rapid Spin|[of] p2a: Shroom\n|move|p1a: Breloom|Aerial Ace|p2a: Shroom\n|-supereffective|p2a: Shroom\n|-damage|p2a: Shroom|9\/100\n|\n|upkeep\n|turn|13\n|\n|t:|1699586332\n|move|p1a: Breloom|Mach Punch|p2a: Shroom\n|-damage|p2a: Shroom|0 fnt\n|faint|p2a: Shroom\n|\n|upkeep\n|\n|t:|1699586340\n|switch|p2a: Not birb|Gliscor, F|100\/100\n|turn|14\n|\n|t:|1699586350\n|move|p1a: Breloom|Mach Punch|p2a: Not birb\n|-resisted|p2a: Not birb\n|-crit|p2a: Not birb\n|-damage|p2a: Not birb|87\/100\n|move|p2a: Not birb|Ice Fang|p1a: Breloom\n|-supereffective|p1a: Breloom\n|-damage|p1a: Breloom|0 fnt\n|faint|p1a: Breloom\n|\n|-status|p2a: Not birb|tox|[from] item: Toxic Orb\n|upkeep\n|\n|t:|1699586363\n|switch|p1a: Quagsire|Quagsire, F|70\/100\n|-damage|p1a: Quagsire|63\/100|[from] Stealth Rock\n|-damage|p1a: Quagsire|39\/100|[from] Spikes\n|turn|15\n|\n|t:|1699586383\n|move|p2a: Not birb|Toxic|p1a: Quagsire\n|-status|p1a: Quagsire|tox\n|move|p1a: Quagsire|Snowscape|p1a: Quagsire\n|-weather|Snow\n|\n|-weather|Snow|[upkeep]\n|-heal|p2a: Not birb|99\/100 tox|[from] ability: Poison Heal\n|-damage|p1a: Quagsire|32\/100 tox|[from] psn\n|upkeep\n|turn|16\n|\n|t:|1699586409\n|move|p2a: Not birb|Knock Off|p1a: Quagsire\n|-damage|p1a: Quagsire|16\/100 tox\n|-enditem|p1a: Quagsire|Icy Rock|[from] move: Knock Off|[of] p2a: Not birb\n|move|p1a: Quagsire|Spikes|p2a: Not birb\n|-sidestart|p2: NovembersEve|Spikes\n|\n|-weather|Snow|[upkeep]\n|-heal|p2a: Not birb|100\/100 tox|[from] ability: Poison Heal\n|-damage|p1a: Quagsire|4\/100 tox|[from] psn\n|upkeep\n|turn|17\n|\n|t:|1699586418\n|move|p2a: Not birb|Knock Off|p1a: Quagsire\n|-damage|p1a: Quagsire|0 fnt\n|faint|p1a: Quagsire\n|\n|-weather|Snow|[upkeep]\n|upkeep\n|\n|t:|1699586422\n|switch|p1a: Sandslash|Sandslash-Alola, M|100\/100\n|-damage|p1a: Sandslash|88\/100|[from] Stealth Rock\n|-damage|p1a: Sandslash|63\/100|[from] Spikes\n|turn|18\n|\n|t:|1699586426\n|move|p1a: Sandslash|Icicle Crash|p2a: Not birb|[miss]\n|-miss|p1a: Sandslash|p2a: Not birb\n|move|p2a: Not birb|Knock Off|p1a: Sandslash\n|-damage|p1a: Sandslash|48\/100\n|-enditem|p1a: Sandslash|Focus Sash|[from] move: Knock Off|[of] p2a: Not birb\n|\n|-weather|Snow|[upkeep]\n|upkeep\n|turn|19\n|\n|t:|1699586435\n|switch|p2a: Rawr|Arcanine, F|100\/100\n|move|p1a: Sandslash|Icicle Crash|p2a: Rawr\n|-resisted|p2a: Rawr\n|-damage|p2a: Rawr|86\/100\n|\n|-weather|Snow|[upkeep]\n|upkeep\n|turn|20\n|\n|t:|1699586441\n|move|p1a: Sandslash|Earthquake|p2a: Rawr\n|-supereffective|p2a: Rawr\n|-damage|p2a: Rawr|41\/100\n|move|p2a: Rawr|Flamethrower|p1a: Sandslash\n|-supereffective|p1a: Sandslash\n|-damage|p1a: Sandslash|0 fnt\n|faint|p1a: Sandslash\n|\n|-weather|Snow|[upkeep]\n|upkeep\n|-message|copperbrick forfeited.\n|\n|win|NovembersEve\n|raw|copperbrick's rating: 1092 &rarr; <strong>1074<\/strong><br \/>(-18 for losing)\n|raw|NovembersEve's rating: 1173 &rarr; <strong>1192<\/strong><br \/>(+19 for winning)\n|l|\u203dcopperbrick\n","uploadtime":1699586454,"views":4,"p1id":"copperbrick","p2id":"novemberseve","formatid":"gen9nationaldex","rating":1074,"private":0,"password":""}