{"id":"gen9nationaldex-1987117678","p1":"Albadon","p2":"Zera & Lucy","format":"[Gen 9] National Dex","log":"|j|\u2606Albadon\n|j|\u2606Zera & Lucy\n|t:|1699557499\n|gametype|singles\n|player|p1|Albadon|2|1047\n|player|p2|Zera & Lucy|cynthia|1018\n|teamsize|p1|6\n|teamsize|p2|6\n|gen|9\n|tier|[Gen 9] National Dex\n|rated|\n|rule|HP Percentage Mod: HP is shown in percentages\n|rule|Endless Battle Clause: Forcing endless battles is banned\n|rule|OHKO Clause: OHKO moves are banned\n|rule|Evasion Clause: Evasion abilities, items, and moves are banned\n|rule|Evasion Abilities Clause: Evasion abilities are banned\n|rule|Evasion Items Clause: Evasion items are banned\n|rule|Evasion Moves Clause: Evasion moves are banned\n|rule|Species Clause: Limit one of each Pok\u00e9mon\n|rule|Sleep Clause Mod: Limit one foe put to sleep\n|clearpoke\n|poke|p1|Charizard, F|\n|poke|p1|Armaldo, F|\n|poke|p1|Beartic, F|\n|poke|p1|Pelipper, M|\n|poke|p1|Zapdos|\n|poke|p1|Arboliva, F|\n|poke|p2|Ambipom, M|\n|poke|p2|Zoroark-Hisui, M|\n|poke|p2|Cinccino, F|\n|poke|p2|Indeedee, M|\n|poke|p2|Cyclizar, M|\n|poke|p2|Heliolisk, M|\n|teampreview\n|inactive|Battle timer is ON: inactive players will automatically lose when time's up. (requested by Zera & Lucy)\n|\n|t:|1699557509\n|start\n|switch|p1a: Pelipper|Pelipper, M|100\/100\n|switch|p2a: Ambipom|Ambipom, M|100\/100\n|-weather|RainDance|[from] ability: Drizzle|[of] p1a: Pelipper\n|turn|1\n|\n|t:|1699557513\n|-terastallize|p2a: Ambipom|Normal\n|move|p2a: Ambipom|Fake Out|p1a: Pelipper\n|-damage|p1a: Pelipper|56\/100\n|cant|p1a: Pelipper|flinch\n|\n|-weather|RainDance|[upkeep]\n|upkeep\n|turn|2\n|\n|t:|1699557520\n|move|p2a: Ambipom|U-turn|p1a: Pelipper\n|-resisted|p1a: Pelipper\n|-damage|p1a: Pelipper|45\/100\n|\n|t:|1699557522\n|switch|p2a: Cyclizar|Cyclizar, M|100\/100|[from] U-turn\n|move|p1a: Pelipper|Hurricane|p2a: Cyclizar\n|-damage|p2a: Cyclizar|19\/100\n|\n|-weather|RainDance|[upkeep]\n|upkeep\n|turn|3\n|\n|t:|1699557530\n|move|p2a: Cyclizar|Knock Off|p1a: Pelipper\n|-damage|p1a: Pelipper|14\/100\n|-enditem|p1a: Pelipper|Damp Rock|[from] move: Knock Off|[of] p2a: Cyclizar\n|move|p1a: Pelipper|Hurricane|p2a: Cyclizar\n|-damage|p2a: Cyclizar|0 fnt\n|faint|p2a: Cyclizar\n|\n|-weather|RainDance|[upkeep]\n|upkeep\n|\n|t:|1699557536\n|switch|p2a: Ambipom|Ambipom, M, tera:Normal|100\/100\n|turn|4\n|\n|t:|1699557539\n|move|p2a: Ambipom|Fake Out|p1a: Pelipper\n|-damage|p1a: Pelipper|0 fnt\n|faint|p1a: Pelipper\n|\n|-weather|RainDance|[upkeep]\n|upkeep\n|\n|t:|1699557544\n|switch|p1a: Beartic|Beartic, F|100\/100\n|turn|5\n|\n|t:|1699557551\n|switch|p2a: Heliolisk|Heliolisk, M|100\/100\n|move|p1a: Beartic|Bulk Up|p1a: Beartic\n|-boost|p1a: Beartic|atk|1\n|-boost|p1a: Beartic|def|1\n|\n|-weather|RainDance|[upkeep]\n|upkeep\n|turn|6\n|\n|t:|1699557557\n|move|p1a: Beartic|Brick Break|p2a: Heliolisk\n|-supereffective|p2a: Heliolisk\n|-damage|p2a: Heliolisk|0 fnt\n|faint|p2a: Heliolisk\n|-damage|p1a: Beartic|91\/100|[from] item: Life Orb\n|\n|-weather|RainDance|[upkeep]\n|upkeep\n|\n|t:|1699557561\n|switch|p2a: Ambipom|Ambipom, M, tera:Normal|100\/100\n|turn|7\n|\n|t:|1699557565\n|move|p2a: Ambipom|Fake Out|p1a: Beartic\n|-damage|p1a: Beartic|58\/100\n|cant|p1a: Beartic|flinch\n|\n|-weather|RainDance|[upkeep]\n|upkeep\n|turn|8\n|\n|t:|1699557571\n|switch|p2a: Indeedee|Indeedee, M|100\/100\n|move|p1a: Beartic|Brick Break|p2a: Indeedee\n|-immune|p2a: Indeedee\n|\n|-weather|none\n|upkeep\n|turn|9\n|\n|t:|1699557579\n|move|p2a: Indeedee|Flamethrower|p1a: Beartic\n|-supereffective|p1a: Beartic\n|-damage|p1a: Beartic|0 fnt\n|faint|p1a: Beartic\n|\n|upkeep\n|\n|t:|1699557591\n|switch|p1a: Armaldo|Armaldo, F|100\/100\n|turn|10\n|\n|t:|1699557599\n|switch|p2a: Cinccino|Cinccino, F|100\/100\n|move|p1a: Armaldo|Knock Off|p2a: Cinccino\n|-damage|p2a: Cinccino|31\/100\n|-enditem|p2a: Cinccino|Loaded Dice|[from] move: Knock Off|[of] p1a: Armaldo\n|\n|upkeep\n|turn|11\n|\n|t:|1699557626\n|switch|p1a: Arboliva|Arboliva, F|100\/100\n|move|p2a: Cinccino|Rock Blast|p1a: Arboliva\n|-damage|p1a: Arboliva|90\/100\n|-fieldstart|move: Grassy Terrain|[from] ability: Seed Sower|[of] p1a: Arboliva\n|-damage|p1a: Arboliva|78\/100\n|-damage|p1a: Arboliva|68\/100\n|-hitcount|p1a: Arboliva|3\n|\n|-heal|p2a: Cinccino|37\/100|[from] Grassy Terrain\n|-heal|p1a: Arboliva|74\/100|[from] Grassy Terrain\n|-heal|p1a: Arboliva|80\/100|[from] item: Leftovers\n|upkeep\n|turn|12\n|\n|t:|1699557630\n|move|p2a: Cinccino|Triple Axel|p1a: Arboliva\n|-supereffective|p1a: Arboliva\n|-crit|p1a: Arboliva\n|-damage|p1a: Arboliva|54\/100\n|-supereffective|p1a: Arboliva\n|-damage|p1a: Arboliva|20\/100\n|-supereffective|p1a: Arboliva\n|-damage|p1a: Arboliva|0 fnt\n|faint|p1a: Arboliva\n|-hitcount|p1: Arboliva|3\n|\n|-heal|p2a: Cinccino|43\/100|[from] Grassy Terrain\n|upkeep\n|\n|t:|1699557637\n|switch|p1a: Armaldo|Armaldo, F|100\/100\n|turn|13\n|\n|t:|1699557640\n|move|p2a: Cinccino|Rock Blast|p1a: Armaldo\n|-supereffective|p1a: Armaldo\n|-damage|p1a: Armaldo|77\/100\n|-supereffective|p1a: Armaldo\n|-damage|p1a: Armaldo|52\/100\n|-supereffective|p1a: Armaldo\n|-damage|p1a: Armaldo|28\/100\n|-supereffective|p1a: Armaldo\n|-damage|p1a: Armaldo|4\/100\n|-hitcount|p1a: Armaldo|4\n|move|p1a: Armaldo|Liquidation|p2a: Cinccino\n|-damage|p2a: Cinccino|0 fnt\n|faint|p2a: Cinccino\n|\n|-heal|p1a: Armaldo|10\/100|[from] Grassy Terrain\n|upkeep\n|\n|t:|1699557651\n|switch|p2a: Indeedee|Indeedee, M|100\/100\n|-fieldstart|move: Psychic Terrain|[from] ability: Psychic Surge|[of] p2a: Indeedee\n|turn|14\n|\n|t:|1699557656\n|move|p1a: Armaldo|Aqua Jet|p2a: Indeedee\n|-activate|p2a: Indeedee|move: Psychic Terrain\n|move|p2a: Indeedee|Expanding Force|p1a: Armaldo\n|-damage|p1a: Armaldo|0 fnt\n|faint|p1a: Armaldo\n|\n|upkeep\n|\n|t:|1699557663\n|switch|p1a: Zapdos|Zapdos|100\/100\n|-ability|p1a: Zapdos|Pressure\n|turn|15\n|\n|t:|1699557665\n|move|p2a: Indeedee|Expanding Force|p1a: Zapdos\n|-damage|p1a: Zapdos|16\/100\n|move|p1a: Zapdos|Tailwind|p1a: Zapdos\n|-sidestart|p1: Albadon|move: Tailwind\n|\n|upkeep\n|turn|16\n|\n|t:|1699557668\n|move|p1a: Zapdos|Thunderbolt|p2a: Indeedee\n|-damage|p2a: Indeedee|38\/100\n|move|p2a: Indeedee|Expanding Force|p1a: Zapdos\n|-damage|p1a: Zapdos|0 fnt\n|faint|p1a: Zapdos\n|\n|upkeep\n|\n|t:|1699557671\n|switch|p1a: Charizard|Charizard, F|100\/100\n|turn|17\n|\n|t:|1699557681\n|move|p1a: Charizard|Scorching Sands|p2a: Indeedee\n|-damage|p2a: Indeedee|6\/100\n|move|p2a: Indeedee|Expanding Force|p1a: Charizard\n|-damage|p1a: Charizard|0 fnt\n|faint|p1a: Charizard\n|\n|win|Zera & Lucy\n|raw|Albadon's rating: 1047 &rarr; <strong>1029<\/strong><br \/>(-18 for losing)\n|raw|Zera &amp; Lucy's rating: 1018 &rarr; <strong>1058<\/strong><br \/>(+40 for winning)\n|l|\u2606Albadon\n","uploadtime":1699557700,"views":7,"p1id":"albadon","p2id":"zeralucy","formatid":"gen9nationaldex","rating":1029,"private":0,"password":""}