{"id":"gen9nationaldex-1998576647","p1":"ringuwu","p2":"AliceWolfx","format":"[Gen 9] National Dex","log":"|html|<div class=\"broadcast-blue\"><strong>[Gen 9] National Dex is currently suspecting Sneasler! For information on how to participate check out the <a href=\"https:\/\/www.smogon.com\/forums\/threads\/sv-national-dex-suspect-8-just-dance.3731534\/\">suspect thread<\/a>.<\/strong><\/div>\n|j|\u2606ringuwu\n|j|\u2606AliceWolfx\n|t:|1700958440\n|gametype|singles\n|player|p1|ringuwu|larry|\n|player|p2|AliceWolfx|cynthia-gen4|\n|teamsize|p1|6\n|teamsize|p2|6\n|gen|9\n|tier|[Gen 9] National Dex\n|rule|HP Percentage Mod: HP is shown in percentages\n|rule|Endless Battle Clause: Forcing endless battles is banned\n|rule|OHKO Clause: OHKO moves are banned\n|rule|Evasion Clause: Evasion abilities, items, and moves are banned\n|rule|Evasion Abilities Clause: Evasion abilities are banned\n|rule|Evasion Items Clause: Evasion items are banned\n|rule|Evasion Moves Clause: Evasion moves are banned\n|rule|Species Clause: Limit one of each Pok\u00e9mon\n|rule|Sleep Clause Mod: Limit one foe put to sleep\n|clearpoke\n|poke|p1|Toxapex, F|\n|poke|p1|Muk-Alola, M|\n|poke|p1|Nidoking, M|\n|poke|p1|Glimmora, F|\n|poke|p1|Crobat, M|\n|poke|p1|Overqwil, M|\n|poke|p2|Indeedee, M|\n|poke|p2|Armarouge, F|\n|poke|p2|Latios, M|\n|poke|p2|Slowbro, F|\n|poke|p2|Gallade, M|\n|poke|p2|Scream Tail|\n|teampreview\n|j| LazuIi\n|\n|t:|1700958455\n|start\n|switch|p1a: Brian Quinn|Overqwil, M|100\/100\n|switch|p2a: The Moncher|Scream Tail|100\/100\n|-ability|p1a: Brian Quinn|Intimidate|boost\n|-unboost|p2a: The Moncher|atk|1\n|turn|1\n|\n|t:|1700958475\n|move|p2a: The Moncher|Stealth Rock|p1a: Brian Quinn\n|-sidestart|p1: ringuwu|move: Stealth Rock\n|move|p1a: Brian Quinn|Taunt|p2a: The Moncher\n|-start|p2a: The Moncher|move: Taunt\n|\n|upkeep\n|turn|2\n|\n|t:|1700958488\n|-end|p2a: The Moncher|Protosynthesis|[silent]\n|switch|p2a: Slay Queen|Indeedee, M|100\/100\n|-fieldstart|move: Psychic Terrain|[from] ability: Psychic Surge|[of] p2a: Slay Queen\n|move|p1a: Brian Quinn|Toxic Spikes|p2a: Slay Queen\n|-sidestart|p2: AliceWolfx|move: Toxic Spikes\n|\n|upkeep\n|turn|3\n|\n|t:|1700958499\n|move|p1a: Brian Quinn|Barb Barrage|p2a: Slay Queen\n|-damage|p2a: Slay Queen|67\/100\n|-status|p2a: Slay Queen|psn\n|-enditem|p2a: Slay Queen|Eject Button\n|\n|t:|1700958508\n|switch|p2a: Zooooom|Latios, M, shiny|100\/100\n|\n|upkeep\n|turn|4\n|\n|t:|1700958519\n|move|p2a: Zooooom|Defog|p1a: Brian Quinn\n|-unboost|p1a: Brian Quinn|evasion|1\n|-sideend|p1: ringuwu|Stealth Rock|[from] move: Defog|[of] p2a: Zooooom\n|-sideend|p2: AliceWolfx|Toxic Spikes|[from] move: Defog|[of] p2a: Zooooom\n|-fieldend|move: Psychic Terrain\n|move|p1a: Brian Quinn|Barb Barrage|p2a: Zooooom\n|-crit|p2a: Zooooom\n|-damage|p2a: Zooooom|67\/100\n|\n|-heal|p2a: Zooooom|74\/100|[from] item: Leftovers\n|upkeep\n|turn|5\n|\n|t:|1700958543\n|switch|p2a: My Tail Hurts|Slowbro, F|100\/100\n|switch|p1a: THE BLOB|Muk-Alola, M|100\/100\n|\n|upkeep\n|turn|6\n|\n|t:|1700958551\n|move|p1a: THE BLOB|Knock Off|p2a: My Tail Hurts\n|-supereffective|p2a: My Tail Hurts\n|-damage|p2a: My Tail Hurts|20\/100\n|-enditem|p2a: My Tail Hurts|Heavy-Duty Boots|[from] move: Knock Off|[of] p1a: THE BLOB\n|move|p2a: My Tail Hurts|Iron Defense|p2a: My Tail Hurts\n|-boost|p2a: My Tail Hurts|def|2\n|\n|upkeep\n|turn|7\n|\n|t:|1700958568\n|switch|p2a: Slay Queen|Indeedee, M|67\/100 psn\n|-fieldstart|move: Psychic Terrain|[from] ability: Psychic Surge|[of] p2a: Slay Queen\n|move|p1a: THE BLOB|Knock Off|p2a: Slay Queen\n|-supereffective|p2a: Slay Queen\n|-damage|p2a: Slay Queen|0 fnt\n|faint|p2a: Slay Queen\n|\n|upkeep\n|\n|t:|1700958575\n|switch|p2a: Slice n' Dice|Gallade, M|100\/100\n|turn|8\n|\n|t:|1700958600\n|switch|p1a: Circus Baby|Glimmora, F|100\/100\n|-item|p1a: Circus Baby|Air Balloon\n|-terastallize|p2a: Slice n' Dice|Fighting\n|move|p2a: Slice n' Dice|Sacred Sword|p1a: Circus Baby\n|-damage|p1a: Circus Baby|9\/100\n|-activate|p1a: Circus Baby|ability: Toxic Debris\n|-sidestart|p2: AliceWolfx|move: Toxic Spikes\n|-enditem|p1a: Circus Baby|Air Balloon\n|\n|upkeep\n|turn|9\n|\n|t:|1700958618\n|move|p2a: Slice n' Dice|Sacred Sword|p1a: Circus Baby\n|-damage|p1a: Circus Baby|0 fnt\n|-activate|p1a: Circus Baby|ability: Toxic Debris\n|-sidestart|p2: AliceWolfx|move: Toxic Spikes\n|faint|p1a: Circus Baby\n|\n|upkeep\n|\n|t:|1700958663\n|switch|p1a: The Big Mammal|Crobat, M|100\/100\n|turn|10\n|\n|t:|1700958690\n|switch|p2a: Zooooom|Latios, M, shiny|74\/100\n|move|p1a: The Big Mammal|Nasty Plot|p1a: The Big Mammal\n|-boost|p1a: The Big Mammal|spa|2\n|\n|-heal|p2a: Zooooom|80\/100|[from] item: Leftovers\n|upkeep\n|turn|11\n|\n|t:|1700958720\n|move|p1a: The Big Mammal|Sludge Bomb|p2a: Zooooom\n|-damage|p2a: Zooooom|22\/100\n|move|p2a: Zooooom|Defog|p1a: The Big Mammal\n|-unboost|p1a: The Big Mammal|evasion|1\n|-sideend|p2: AliceWolfx|Toxic Spikes|[from] move: Defog|[of] p2a: Zooooom\n|-fieldend|move: Psychic Terrain\n|\n|-heal|p2a: Zooooom|28\/100|[from] item: Leftovers\n|upkeep\n|turn|12\n|\n|t:|1700958775\n|switch|p2a: My Tail Hurts|Slowbro, F|53\/100\n|move|p1a: The Big Mammal|Sludge Bomb|p2a: My Tail Hurts\n|-damage|p2a: My Tail Hurts|0 fnt\n|faint|p2a: My Tail Hurts\n|\n|upkeep\n|\n|t:|1700958780\n|switch|p2a: Exterminate|Armarouge, F|100\/100\n|turn|13\n|\n|t:|1700958801\n|-terastallize|p1a: The Big Mammal|Grass\n|move|p1a: The Big Mammal|Sludge Bomb|p2a: Exterminate\n|-damage|p2a: Exterminate|24\/100\n|move|p2a: Exterminate|Expanding Force|p1a: The Big Mammal\n|-damage|p1a: The Big Mammal|25\/100\n|-damage|p2a: Exterminate|14\/100|[from] item: Life Orb\n|\n|upkeep\n|turn|14\n|\n|t:|1700958815\n|switch|p2a: The Moncher|Scream Tail|100\/100\n|move|p1a: The Big Mammal|Sludge Bomb|p2a: The Moncher\n|-supereffective|p2a: The Moncher\n|-crit|p2a: The Moncher\n|-damage|p2a: The Moncher|0 fnt\n|faint|p2a: The Moncher\n|-end|p2a: The Moncher|Protosynthesis|[silent]\n|\n|upkeep\n|\n|t:|1700958824\n|switch|p2a: Slice n' Dice|Gallade, M, tera:Fighting|100\/100\n|turn|15\n|\n|t:|1700958856\n|move|p2a: Slice n' Dice|Night Slash|p1a: The Big Mammal\n|-damage|p1a: The Big Mammal|0 fnt\n|faint|p1a: The Big Mammal\n|\n|upkeep\n|\n|t:|1700958881\n|switch|p1a: THE BLOB|Muk-Alola, M|100\/100\n|turn|16\n|\n|t:|1700958904\n|switch|p2a: Zooooom|Latios, M, shiny|28\/100\n|move|p1a: THE BLOB|Knock Off|p2a: Zooooom\n|-supereffective|p2a: Zooooom\n|-damage|p2a: Zooooom|0 fnt\n|-enditem|p2a: Zooooom|Leftovers|[from] move: Knock Off|[of] p1a: THE BLOB\n|faint|p2a: Zooooom\n|\n|upkeep\n|\n|t:|1700958912\n|switch|p2a: Slice n' Dice|Gallade, M, tera:Fighting|100\/100\n|turn|17\n|\n|t:|1700958928\n|switch|p1a: ThatWretchedThing|Toxapex, F|100\/100\n|move|p2a: Slice n' Dice|Sacred Sword|p1a: ThatWretchedThing\n|-resisted|p1a: ThatWretchedThing\n|-damage|p1a: ThatWretchedThing|62\/100\n|\n|upkeep\n|turn|18\n|\n|t:|1700958936\n|move|p2a: Slice n' Dice|Sacred Sword|p1a: ThatWretchedThing\n|-resisted|p1a: ThatWretchedThing\n|-damage|p1a: ThatWretchedThing|27\/100\n|move|p1a: ThatWretchedThing|Surf|p2a: Slice n' Dice\n|-damage|p2a: Slice n' Dice|67\/100\n|\n|upkeep\n|turn|19\n|\n|t:|1700958943\n|move|p2a: Slice n' Dice|Sacred Sword|p1a: ThatWretchedThing\n|-resisted|p1a: ThatWretchedThing\n|-damage|p1a: ThatWretchedThing|0 fnt\n|faint|p1a: ThatWretchedThing\n|\n|upkeep\n|\n|t:|1700958952\n|switch|p1a: Mr.KingsportKaiju|Nidoking, M|100\/100\n|turn|20\n|\n|t:|1700958962\n|move|p2a: Slice n' Dice|Sacred Sword|p1a: Mr.KingsportKaiju\n|-resisted|p1a: Mr.KingsportKaiju\n|-damage|p1a: Mr.KingsportKaiju|41\/100\n|move|p1a: Mr.KingsportKaiju|Earth Power|p2a: Slice n' Dice\n|-damage|p2a: Slice n' Dice|6\/100\n|\n|upkeep\n|turn|21\n|\n|t:|1700958973\n|move|p2a: Slice n' Dice|Sacred Sword|p1a: Mr.KingsportKaiju\n|-resisted|p1a: Mr.KingsportKaiju\n|-damage|p1a: Mr.KingsportKaiju|0 fnt\n|faint|p1a: Mr.KingsportKaiju\n|\n|upkeep\n|\n|t:|1700958982\n|switch|p1a: THE BLOB|Muk-Alola, M|100\/100\n|turn|22\n|\n|t:|1700958986\n|move|p1a: THE BLOB|Shadow Sneak|p2a: Slice n' Dice\n|-crit|p2a: Slice n' Dice\n|-damage|p2a: Slice n' Dice|0 fnt\n|faint|p2a: Slice n' Dice\n|\n|upkeep\n|\n|t:|1700958991\n|switch|p2a: Exterminate|Armarouge, F|14\/100\n|turn|23\n|\n|t:|1700958994\n|move|p1a: THE BLOB|Shadow Sneak|p2a: Exterminate\n|-supereffective|p2a: Exterminate\n|-damage|p2a: Exterminate|0 fnt\n|faint|p2a: Exterminate\n|\n|win|ringuwu\n","uploadtime":1700959003,"views":6,"p1id":"ringuwu","p2id":"alicewolfx","formatid":"gen9nationaldex","rating":0,"private":0,"password":""}