{"id":"gen9nationaldex-1999122967","p1":"TheIllustriousYUBI","p2":"wildflower13","format":"[Gen 9] National Dex","log":"|html|<div class=\"broadcast-blue\"><strong>[Gen 9] National Dex is currently suspecting Sneasler! For information on how to participate check out the <a href=\"https:\/\/www.smogon.com\/forums\/threads\/sv-national-dex-suspect-8-just-dance.3731534\/\">suspect thread<\/a>.<\/strong><\/div>\n|j|\u2606TheIllustriousYUBI\n|j|\u2606wildflower13\n|t:|1701035596\n|gametype|singles\n|player|p1|TheIllustriousYUBI|brycenman|1527\n|player|p2|wildflower13|wallace|1742\n|teamsize|p1|6\n|teamsize|p2|6\n|gen|9\n|tier|[Gen 9] National Dex\n|rated|\n|rule|HP Percentage Mod: HP is shown in percentages\n|rule|Endless Battle Clause: Forcing endless battles is banned\n|rule|OHKO Clause: OHKO moves are banned\n|rule|Evasion Clause: Evasion abilities, items, and moves are banned\n|rule|Evasion Abilities Clause: Evasion abilities are banned\n|rule|Evasion Items Clause: Evasion items are banned\n|rule|Evasion Moves Clause: Evasion moves are banned\n|rule|Species Clause: Limit one of each Pok\u00e9mon\n|rule|Sleep Clause Mod: Limit one foe put to sleep\n|clearpoke\n|poke|p1|Ceruledge, M|\n|poke|p1|Urshifu-*, M|\n|poke|p1|Heatran, M|\n|poke|p1|Ferrothorn, M|\n|poke|p1|Tapu Fini|\n|poke|p1|Thundurus-Therian, M|\n|poke|p2|Ferrothorn, M|\n|poke|p2|Primarina, M|\n|poke|p2|Iron Valiant|\n|poke|p2|Mawile, M|\n|poke|p2|Landorus-Therian, M|\n|poke|p2|Latias, F|\n|teampreview\n|inactive|Battle timer is ON: inactive players will automatically lose when time's up. (requested by TheIllustriousYUBI)\n|inactive|wildflower13 also wants the timer to be on.\n|\n|t:|1701035612\n|start\n|switch|p1a: Thundurus|Thundurus-Therian, M|100\/100\n|switch|p2a: Latias|Latias, F|100\/100\n|turn|1\n|\n|t:|1701035618\n|move|p2a: Latias|Mystical Fire|p1a: Thundurus\n|-damage|p1a: Thundurus|69\/100\n|-unboost|p1a: Thundurus|spa|1\n|move|p1a: Thundurus|Volt Switch|p2a: Latias\n|-resisted|p2a: Latias\n|-damage|p2a: Latias|81\/100\n|\n|t:|1701035628\n|switch|p1a: Urshifu|Urshifu-Rapid-Strike, M|100\/100|[from] Volt Switch\n|\n|upkeep\n|turn|2\n|\n|t:|1701035633\n|switch|p2a: Landorus|Landorus-Therian, M|100\/100\n|-ability|p2a: Landorus|Intimidate|boost\n|-unboost|p1a: Urshifu|atk|1\n|move|p1a: Urshifu|U-turn|p2a: Landorus\n|-resisted|p2a: Landorus\n|-damage|p2a: Landorus|95\/100\n|-damage|p1a: Urshifu|84\/100|[from] item: Rocky Helmet|[of] p2a: Landorus\n|j| NicksRokaya\n|\n|t:|1701035640\n|switch|p1a: Thundurus|Thundurus-Therian, M|69\/100|[from] U-turn\n|\n|upkeep\n|turn|3\n|\n|t:|1701035645\n|switch|p2a: Ferrothorn|Ferrothorn, M|100\/100\n|move|p1a: Thundurus|Hidden Power|p2a: Ferrothorn\n|-damage|p2a: Ferrothorn|79\/100\n|\n|-heal|p2a: Ferrothorn|86\/100|[from] item: Leftovers\n|upkeep\n|turn|4\n|\n|t:|1701035657\n|switch|p1a: Heatran|Heatran, M|100\/100\n|-item|p1a: Heatran|Air Balloon\n|move|p2a: Ferrothorn|Stealth Rock|p1a: Heatran\n|-sidestart|p1: TheIllustriousYUBI|move: Stealth Rock\n|\n|-heal|p2a: Ferrothorn|92\/100|[from] item: Leftovers\n|upkeep\n|turn|5\n|\n|t:|1701035665\n|switch|p2a: Primarina|Primarina, M|100\/100\n|move|p1a: Heatran|Stealth Rock|p2a: Primarina\n|-sidestart|p2: wildflower13|move: Stealth Rock\n|\n|upkeep\n|turn|6\n|inactive|TheIllustriousYUBI has 120 seconds left.\n|l| NicksRokaya\n|\n|t:|1701035716\n|switch|p1a: Tapu Fini|Tapu Fini|100\/100\n|-damage|p1a: Tapu Fini|88\/100|[from] Stealth Rock\n|-fieldstart|move: Misty Terrain|[from] ability: Misty Surge|[of] p1a: Tapu Fini\n|move|p2a: Primarina|Sparkling Aria|p1a: Tapu Fini\n|-resisted|p1a: Tapu Fini\n|-damage|p1a: Tapu Fini|67\/100\n|\n|upkeep\n|turn|7\n|\n|t:|1701035735\n|move|p1a: Tapu Fini|Calm Mind|p1a: Tapu Fini\n|-boost|p1a: Tapu Fini|spa|1\n|-boost|p1a: Tapu Fini|spd|1\n|move|p2a: Primarina|Sparkling Aria|p1a: Tapu Fini\n|-resisted|p1a: Tapu Fini\n|-damage|p1a: Tapu Fini|53\/100\n|\n|upkeep\n|turn|8\n|\n|t:|1701035743\n|switch|p2a: Ferrothorn|Ferrothorn, M|92\/100\n|-damage|p2a: Ferrothorn|86\/100|[from] Stealth Rock\n|move|p1a: Tapu Fini|Calm Mind|p1a: Tapu Fini\n|-boost|p1a: Tapu Fini|spa|1\n|-boost|p1a: Tapu Fini|spd|1\n|\n|-heal|p2a: Ferrothorn|92\/100|[from] item: Leftovers\n|upkeep\n|turn|9\n|\n|t:|1701035756\n|move|p1a: Tapu Fini|Defog|p2a: Ferrothorn\n|-unboost|p2a: Ferrothorn|evasion|1\n|-sideend|p2: wildflower13|Stealth Rock|[from] move: Defog|[of] p1a: Tapu Fini\n|-sideend|p1: TheIllustriousYUBI|Stealth Rock|[from] move: Defog|[of] p1a: Tapu Fini\n|-fieldend|Misty Terrain\n|move|p2a: Ferrothorn|Knock Off|p1a: Tapu Fini\n|-resisted|p1a: Tapu Fini\n|-damage|p1a: Tapu Fini|43\/100\n|-enditem|p1a: Tapu Fini|Covert Cloak|[from] move: Knock Off|[of] p2a: Ferrothorn\n|\n|-heal|p2a: Ferrothorn|98\/100|[from] item: Leftovers\n|upkeep\n|turn|10\n|\n|t:|1701035772\n|switch|p1a: Thundurus|Thundurus-Therian, M|69\/100\n|move|p2a: Ferrothorn|Leech Seed|p1a: Thundurus\n|-start|p1a: Thundurus|move: Leech Seed\n|\n|-heal|p2a: Ferrothorn|100\/100|[from] item: Leftovers\n|-damage|p1a: Thundurus|56\/100|[from] Leech Seed|[of] p2a: Ferrothorn\n|upkeep\n|turn|11\n|\n|t:|1701035782\n|switch|p2a: Latias|Latias, F|81\/100\n|move|p1a: Thundurus|Focus Blast|p2a: Latias\n|-resisted|p2a: Latias\n|-damage|p2a: Latias|49\/100\n|\n|-damage|p1a: Thundurus|44\/100|[from] Leech Seed|[of] p2a: Latias\n|-heal|p2a: Latias|62\/100|[silent]\n|upkeep\n|turn|12\n|\n|t:|1701035791\n|switch|p1a: Tapu Fini|Tapu Fini|43\/100\n|-fieldstart|move: Misty Terrain|[from] ability: Misty Surge|[of] p1a: Tapu Fini\n|move|p2a: Latias|Surf|p1a: Tapu Fini\n|-resisted|p1a: Tapu Fini\n|-damage|p1a: Tapu Fini|34\/100\n|\n|upkeep\n|turn|13\n|inactive|TheIllustriousYUBI has 90 seconds left.\n|\n|t:|1701035823\n|switch|p2a: Ferrothorn|Ferrothorn, M|100\/100\n|switch|p1a: Heatran|Heatran, M|100\/100\n|-item|p1a: Heatran|Air Balloon\n|\n|upkeep\n|turn|14\n|\n|t:|1701035832\n|switch|p2a: Primarina|Primarina, M|100\/100\n|move|p1a: Heatran|Magma Storm|p2a: Primarina|[miss]\n|-miss|p1a: Heatran|p2a: Primarina\n|\n|upkeep\n|turn|15\n|\n|t:|1701035839\n|switch|p1a: Ferrothorn|Ferrothorn, M|100\/100\n|move|p2a: Primarina|Hidden Power|p1a: Ferrothorn\n|-supereffective|p1a: Ferrothorn\n|-damage|p1a: Ferrothorn|0 fnt\n|faint|p1a: Ferrothorn\n|\n|upkeep\n|\n|t:|1701035844\n|switch|p1a: Thundurus|Thundurus-Therian, M|44\/100\n|turn|16\n|\n|t:|1701035848\n|switch|p2a: Ferrothorn|Ferrothorn, M|100\/100\n|move|p1a: Thundurus|Hidden Power|p2a: Ferrothorn\n|-damage|p2a: Ferrothorn|79\/100\n|\n|-heal|p2a: Ferrothorn|85\/100|[from] item: Leftovers\n|-fieldend|Misty Terrain\n|upkeep\n|turn|17\n|\n|t:|1701035856\n|switch|p1a: Tapu Fini|Tapu Fini|34\/100\n|-fieldstart|move: Misty Terrain|[from] ability: Misty Surge|[of] p1a: Tapu Fini\n|move|p2a: Ferrothorn|Leech Seed|p1a: Tapu Fini|[miss]\n|-miss|p2a: Ferrothorn|p1a: Tapu Fini\n|\n|-heal|p2a: Ferrothorn|91\/100|[from] item: Leftovers\n|upkeep\n|turn|18\n|\n|t:|1701035865\n|move|p1a: Tapu Fini|Whirlpool|p2a: Ferrothorn\n|-resisted|p2a: Ferrothorn\n|-damage|p2a: Ferrothorn|87\/100\n|-activate|p2a: Ferrothorn|move: Whirlpool|[of] p1a: Tapu Fini\n|move|p2a: Ferrothorn|Leech Seed|p1a: Tapu Fini\n|-start|p1a: Tapu Fini|move: Leech Seed\n|\n|-heal|p2a: Ferrothorn|93\/100|[from] item: Leftovers\n|-damage|p1a: Tapu Fini|22\/100|[from] Leech Seed|[of] p2a: Ferrothorn\n|-heal|p2a: Ferrothorn|100\/100|[silent]\n|-damage|p2a: Ferrothorn|88\/100|[from] move: Whirlpool|[partiallytrapped]\n|upkeep\n|turn|19\n|\n|t:|1701035875\n|move|p1a: Tapu Fini|Calm Mind|p1a: Tapu Fini\n|-boost|p1a: Tapu Fini|spa|1\n|-boost|p1a: Tapu Fini|spd|1\n|move|p2a: Ferrothorn|Stealth Rock|p1a: Tapu Fini\n|-sidestart|p1: TheIllustriousYUBI|move: Stealth Rock\n|\n|-heal|p2a: Ferrothorn|94\/100|[from] item: Leftovers\n|-damage|p1a: Tapu Fini|9\/100|[from] Leech Seed|[of] p2a: Ferrothorn\n|-heal|p2a: Ferrothorn|100\/100|[silent]\n|-damage|p2a: Ferrothorn|88\/100|[from] move: Whirlpool|[partiallytrapped]\n|upkeep\n|turn|20\n|\n|t:|1701035884\n|move|p1a: Tapu Fini|Defog|p2a: Ferrothorn\n|-unboost|p2a: Ferrothorn|evasion|1\n|-sideend|p1: TheIllustriousYUBI|Stealth Rock|[from] move: Defog|[of] p1a: Tapu Fini\n|-fieldend|Misty Terrain\n|move|p2a: Ferrothorn|Stealth Rock|p1a: Tapu Fini\n|-sidestart|p1: TheIllustriousYUBI|move: Stealth Rock\n|\n|-heal|p2a: Ferrothorn|94\/100|[from] item: Leftovers\n|-damage|p1a: Tapu Fini|0 fnt|[from] Leech Seed|[of] p2a: Ferrothorn\n|-heal|p2a: Ferrothorn|100\/100|[silent]\n|faint|p1a: Tapu Fini\n|-end|p2a: Ferrothorn|Whirlpool|[partiallytrapped]|[silent]\n|upkeep\n|\n|t:|1701035903\n|switch|p1a: Thundurus|Thundurus-Therian, M|44\/100\n|-damage|p1a: Thundurus|19\/100|[from] Stealth Rock\n|turn|21\n|\n|t:|1701035911\n|move|p1a: Thundurus|Focus Blast|p2a: Ferrothorn\n|-supereffective|p2a: Ferrothorn\n|-damage|p2a: Ferrothorn|10\/100\n|move|p2a: Ferrothorn|Knock Off|p1a: Thundurus\n|-damage|p1a: Thundurus|0 fnt\n|-enditem|p1a: Thundurus|Choice Specs|[from] move: Knock Off|[of] p2a: Ferrothorn\n|faint|p1a: Thundurus\n|\n|-heal|p2a: Ferrothorn|16\/100|[from] item: Leftovers\n|upkeep\n|\n|t:|1701035917\n|switch|p1a: Urshifu|Urshifu-Rapid-Strike, M|84\/100\n|-damage|p1a: Urshifu|78\/100|[from] Stealth Rock\n|turn|22\n|\n|t:|1701035925\n|move|p1a: Urshifu|U-turn|p2a: Ferrothorn\n|-damage|p2a: Ferrothorn|0 fnt\n|-damage|p1a: Urshifu|66\/100|[from] ability: Iron Barbs|[of] p2a: Ferrothorn\n|faint|p2a: Ferrothorn\n|\n|t:|1701035929\n|switch|p1a: Heatran|Heatran, M|100\/100|[from] U-turn\n|-damage|p1a: Heatran|88\/100|[from] Stealth Rock\n|-item|p1a: Heatran|Air Balloon\n|\n|upkeep\n|\n|t:|1701035936\n|switch|p2a: Primarina|Primarina, M|100\/100\n|turn|23\n|\n|t:|1701035946\n|-terastallize|p1a: Heatran|Grass\n|move|p1a: Heatran|Magma Storm|p2a: Primarina|[miss]\n|-miss|p1a: Heatran|p2a: Primarina\n|move|p2a: Primarina|Sparkling Aria|p1a: Heatran\n|-resisted|p1a: Heatran\n|-damage|p1a: Heatran|55\/100\n|-enditem|p1a: Heatran|Air Balloon\n|\n|upkeep\n|turn|24\n|\n|t:|1701035956\n|move|p1a: Heatran|Magma Storm|p2a: Primarina\n|-resisted|p2a: Primarina\n|-damage|p2a: Primarina|80\/100\n|-activate|p2a: Primarina|move: Magma Storm|[of] p1a: Heatran\n|move|p2a: Primarina|Sparkling Aria|p1a: Heatran\n|-resisted|p1a: Heatran\n|-damage|p1a: Heatran|24\/100\n|\n|-damage|p2a: Primarina|67\/100|[from] move: Magma Storm|[partiallytrapped]\n|upkeep\n|turn|25\n|-message|TheIllustriousYUBI forfeited.\n|\n|win|wildflower13\n|raw|TheIllustriousYUBI's rating: 1527 &rarr; <strong>1518<\/strong><br \/>(-9 for losing)\n|raw|wildflower13's rating: 1742 &rarr; <strong>1751<\/strong><br \/>(+9 for winning)\n|l|\u2606TheIllustriousYUBI\n","uploadtime":1701036370,"views":6,"p1id":"theillustriousyubi","p2id":"wildflower13","formatid":"gen9nationaldex","rating":1518,"private":0,"password":""}