{"id":"gen9nationaldex-1990992908","p1":"Tometozrbad","p2":"Krokorockin","format":"[Gen 9] National Dex","log":"|j|\u2606Tometozrbad\n|j|\u2606Krokorockin\n|t:|1700024633\n|gametype|singles\n|player|p1|Tometozrbad|170|1227\n|player|p2|Krokorockin|guitarist-gen4|1163\n|teamsize|p1|6\n|teamsize|p2|6\n|gen|9\n|tier|[Gen 9] National Dex\n|rated|\n|rule|HP Percentage Mod: HP is shown in percentages\n|rule|Endless Battle Clause: Forcing endless battles is banned\n|rule|OHKO Clause: OHKO moves are banned\n|rule|Evasion Clause: Evasion abilities, items, and moves are banned\n|rule|Evasion Abilities Clause: Evasion abilities are banned\n|rule|Evasion Items Clause: Evasion items are banned\n|rule|Evasion Moves Clause: Evasion moves are banned\n|rule|Species Clause: Limit one of each Pok\u00e9mon\n|rule|Sleep Clause Mod: Limit one foe put to sleep\n|clearpoke\n|poke|p1|Ambipom, F|\n|poke|p1|Infernape, F|\n|poke|p1|Simipour, M|\n|poke|p1|Rillaboom, M|\n|poke|p1|Darmanitan, F|\n|poke|p1|Passimian, M|\n|poke|p2|Gogoat, M|\n|poke|p2|Rillaboom, M|\n|poke|p2|Ogerpon-Wellspring, F|\n|poke|p2|Sinistcha-Masterpiece|\n|poke|p2|Breloom, M|\n|poke|p2|Toedscruel, M|\n|teampreview\n|inactive|Battle timer is ON: inactive players will automatically lose when time's up. (requested by Tometozrbad)\n|\n|t:|1700024651\n|start\n|switch|p1a: Ambipom|Ambipom, F|100\/100\n|switch|p2a: Breloom|Breloom, M|100\/100\n|turn|1\n|c|\u2606Tometozrbad|Mono monkey\n|\n|t:|1700024656\n|move|p1a: Ambipom|Fake Out|p2a: Breloom\n|-damage|p2a: Breloom|51\/100\n|-damage|p1a: Ambipom|91\/100|[from] item: Life Orb\n|cant|p2a: Breloom|flinch\n|\n|upkeep\n|turn|2\n|\n|t:|1700024664\n|move|p2a: Breloom|Mach Punch|p1a: Ambipom\n|-supereffective|p1a: Ambipom\n|-damage|p1a: Ambipom|0 fnt\n|faint|p1a: Ambipom\n|\n|upkeep\n|\n|t:|1700024671\n|switch|p1a: Infernape|Infernape, F|100\/100\n|turn|3\n|\n|t:|1700024680\n|move|p1a: Infernape|Flame Charge|p2a: Breloom\n|-supereffective|p2a: Breloom\n|-damage|p2a: Breloom|0 fnt\n|-boost|p1a: Infernape|spe|1\n|faint|p2a: Breloom\n|-damage|p1a: Infernape|91\/100|[from] item: Life Orb\n|\n|upkeep\n|\n|t:|1700024691\n|switch|p2a: Sinistcha|Sinistcha-Masterpiece|100\/100\n|turn|4\n|l|\u2606Tometozrbad\n|inactive|Tometozrbad disconnected and has a minute to reconnect!\n|player|p1|\n|j|\u2606Tometozrbad\n|inactive|Tometozrbad reconnected and has 120 seconds left.\n|player|p1|Tometozrbad|170\n|\n|t:|1700024724\n|switch|p1a: Passimian|Passimian, M|100\/100\n|-terastallize|p2a: Sinistcha|Water\n|move|p2a: Sinistcha|Strength Sap|p1a: Passimian\n|-unboost|p1a: Passimian|atk|1\n|-ability|p1a: Passimian|Defiant|boost\n|-boost|p1a: Passimian|atk|2\n|\n|upkeep\n|turn|5\n|\n|t:|1700024747\n|move|p1a: Passimian|Trailblaze|p2a: Sinistcha\n|-supereffective|p2a: Sinistcha\n|-damage|p2a: Sinistcha|53\/100\n|-boost|p1a: Passimian|spe|1\n|move|p2a: Sinistcha|Matcha Gotcha|p1a: Passimian\n|-damage|p1a: Passimian|31\/100\n|-heal|p2a: Sinistcha|87\/100|[from] drain|[of] p1a: Passimian\n|\n|-heal|p1a: Passimian|37\/100|[from] item: Leftovers\n|-heal|p2a: Sinistcha|93\/100|[from] item: Leftovers\n|upkeep\n|turn|6\n|\n|t:|1700024757\n|move|p1a: Passimian|Close Combat|p2a: Sinistcha\n|-damage|p2a: Sinistcha|10\/100\n|-unboost|p1a: Passimian|def|1\n|-unboost|p1a: Passimian|spd|1\n|move|p2a: Sinistcha|Matcha Gotcha|p1a: Passimian\n|-damage|p1a: Passimian|0 fnt\n|-heal|p2a: Sinistcha|29\/100|[from] drain|[of] p1a: Passimian\n|faint|p1a: Passimian\n|\n|-heal|p2a: Sinistcha|35\/100|[from] item: Leftovers\n|upkeep\n|\n|t:|1700024769\n|switch|p1a: Rillaboom|Rillaboom, M|100\/100\n|-fieldstart|move: Grassy Terrain|[from] ability: Grassy Surge|[of] p1a: Rillaboom\n|-enditem|p1a: Rillaboom|Grassy Seed\n|-boost|p1a: Rillaboom|def|1|[from] item: Grassy Seed\n|turn|7\n|\n|t:|1700024776\n|switch|p2a: Gogoat|Gogoat, M|100\/100\n|-enditem|p2a: Gogoat|Grassy Seed\n|-boost|p2a: Gogoat|def|1|[from] item: Grassy Seed\n|move|p1a: Rillaboom|Swords Dance|p1a: Rillaboom\n|-boost|p1a: Rillaboom|atk|2\n|\n|upkeep\n|turn|8\n|\n|t:|1700024782\n|move|p1a: Rillaboom|Acrobatics|p2a: Gogoat\n|-supereffective|p2a: Gogoat\n|-damage|p2a: Gogoat|24\/100\n|move|p2a: Gogoat|Rock Slide|p1a: Rillaboom\n|-damage|p1a: Rillaboom|84\/100\n|\n|-heal|p1a: Rillaboom|91\/100|[from] Grassy Terrain\n|-heal|p2a: Gogoat|31\/100|[from] Grassy Terrain\n|upkeep\n|turn|9\n|\n|t:|1700024790\n|move|p1a: Rillaboom|Acrobatics|p2a: Gogoat\n|-supereffective|p2a: Gogoat\n|-damage|p2a: Gogoat|0 fnt\n|faint|p2a: Gogoat\n|\n|-heal|p1a: Rillaboom|97\/100|[from] Grassy Terrain\n|upkeep\n|\n|t:|1700024794\n|switch|p2a: Ogerpon|Ogerpon-Wellspring, F|100\/100\n|turn|10\n|\n|t:|1700024798\n|move|p2a: Ogerpon|U-turn|p1a: Rillaboom\n|-supereffective|p1a: Rillaboom\n|-damage|p1a: Rillaboom|56\/100\n|\n|t:|1700024802\n|switch|p2a: Toedscruel|Toedscruel, M|100\/100|[from] U-turn\n|move|p1a: Rillaboom|Acrobatics|p2a: Toedscruel\n|-supereffective|p2a: Toedscruel\n|-damage|p2a: Toedscruel|0 fnt\n|faint|p2a: Toedscruel\n|\n|-heal|p1a: Rillaboom|62\/100|[from] Grassy Terrain\n|upkeep\n|\n|t:|1700024808\n|switch|p2a: Ogerpon|Ogerpon-Wellspring, F|100\/100\n|turn|11\n|\n|t:|1700024812\n|move|p2a: Ogerpon|U-turn|p1a: Rillaboom\n|-supereffective|p1a: Rillaboom\n|-damage|p1a: Rillaboom|24\/100\n|\n|t:|1700024816\n|switch|p2a: Rillaboom|Rillaboom, M|100\/100|[from] U-turn\n|move|p1a: Rillaboom|Acrobatics|p2a: Rillaboom\n|-supereffective|p2a: Rillaboom\n|-damage|p2a: Rillaboom|0 fnt\n|faint|p2a: Rillaboom\n|\n|-heal|p1a: Rillaboom|30\/100|[from] Grassy Terrain\n|-fieldend|move: Grassy Terrain\n|upkeep\n|\n|t:|1700024823\n|switch|p2a: Ogerpon|Ogerpon-Wellspring, F|100\/100\n|turn|12\n|\n|t:|1700024832\n|switch|p1a: Darmanitan|Darmanitan, F|100\/100\n|move|p2a: Ogerpon|U-turn|p1a: Darmanitan\n|-resisted|p1a: Darmanitan\n|-damage|p1a: Darmanitan|80\/100\n|\n|t:|1700024837\n|switch|p2a: Sinistcha|Sinistcha-Masterpiece, tera:Water|35\/100|[from] U-turn\n|\n|-heal|p2a: Sinistcha|41\/100|[from] item: Leftovers\n|upkeep\n|turn|13\n|\n|t:|1700024846\n|move|p1a: Darmanitan|Earthquake|p2a: Sinistcha\n|-damage|p2a: Sinistcha|9\/100\n|move|p2a: Sinistcha|Strength Sap|p1a: Darmanitan\n|-unboost|p1a: Darmanitan|atk|1\n|-heal|p2a: Sinistcha|100\/100\n|\n|upkeep\n|turn|14\n|\n|t:|1700024858\n|move|p1a: Darmanitan|Earthquake|p2a: Sinistcha\n|-damage|p2a: Sinistcha|77\/100\n|move|p2a: Sinistcha|Scald|p1a: Darmanitan\n|-supereffective|p1a: Darmanitan\n|-damage|p1a: Darmanitan|0 fnt\n|faint|p1a: Darmanitan\n|\n|-heal|p2a: Sinistcha|83\/100|[from] item: Leftovers\n|upkeep\n|\n|t:|1700024863\n|switch|p1a: Infernape|Infernape, F|91\/100\n|turn|15\n|\n|t:|1700024867\n|-terastallize|p1a: Infernape|Fighting\n|move|p1a: Infernape|Swords Dance|p1a: Infernape\n|-boost|p1a: Infernape|atk|2\n|move|p2a: Sinistcha|Strength Sap|p1a: Infernape\n|-unboost|p1a: Infernape|atk|1\n|-heal|p2a: Sinistcha|100\/100\n|\n|upkeep\n|turn|16\n|\n|t:|1700024876\n|move|p1a: Infernape|Flame Charge|p2a: Sinistcha\n|-resisted|p2a: Sinistcha\n|-damage|p2a: Sinistcha|89\/100\n|-boost|p1a: Infernape|spe|1\n|-damage|p1a: Infernape|81\/100|[from] item: Life Orb\n|move|p2a: Sinistcha|Scald|p1a: Infernape\n|-damage|p1a: Infernape|8\/100\n|\n|-heal|p2a: Sinistcha|95\/100|[from] item: Leftovers\n|upkeep\n|turn|17\n|\n|t:|1700024881\n|move|p1a: Infernape|Thunder Punch|p2a: Sinistcha\n|-supereffective|p2a: Sinistcha\n|-damage|p2a: Sinistcha|0 fnt\n|faint|p2a: Sinistcha\n|-damage|p1a: Infernape|0 fnt|[from] item: Life Orb\n|faint|p1a: Infernape\n|\n|upkeep\n|\n|t:|1700024885\n|switch|p1a: Simipour|Simipour, M|100\/100\n|switch|p2a: Ogerpon|Ogerpon-Wellspring, F|100\/100\n|turn|18\n|\n|t:|1700024890\n|move|p2a: Ogerpon|Horn Leech|p1a: Simipour\n|-supereffective|p1a: Simipour\n|-enditem|p1a: Simipour|Focus Sash\n|-damage|p1a: Simipour|1\/100\n|move|p1a: Simipour|Ice Beam|p2a: Ogerpon\n|-damage|p2a: Ogerpon|69\/100\n|\n|upkeep\n|turn|19\n|\n|t:|1700024898\n|move|p2a: Ogerpon|Horn Leech|p1a: Simipour\n|-supereffective|p1a: Simipour\n|-damage|p1a: Simipour|0 fnt\n|-heal|p2a: Ogerpon|70\/100|[from] drain|[of] p1a: Simipour\n|faint|p1a: Simipour\n|\n|upkeep\n|\n|t:|1700024901\n|switch|p1a: Rillaboom|Rillaboom, M|30\/100\n|-fieldstart|move: Grassy Terrain|[from] ability: Grassy Surge|[of] p1a: Rillaboom\n|turn|20\n|\n|t:|1700024904\n|move|p1a: Rillaboom|Grassy Glide|p2a: Ogerpon\n|-damage|p2a: Ogerpon|25\/100\n|move|p2a: Ogerpon|U-turn|p1a: Rillaboom\n|-supereffective|p1a: Rillaboom\n|-damage|p1a: Rillaboom|0 fnt\n|faint|p1a: Rillaboom\n|\n|win|Krokorockin\n|raw|Tometozrbad's rating: 1227 &rarr; <strong>1197<\/strong><br \/>(-30 for losing)\n|raw|Krokorockin's rating: 1163 &rarr; <strong>1193<\/strong><br \/>(+30 for winning)\n|l|\u2606Tometozrbad\n","uploadtime":1700024916,"views":33,"p1id":"tometozrbad","p2id":"krokorockin","formatid":"gen9nationaldex","rating":1193,"private":0,"password":""}