{"id":"gen9nationaldex-1991739679","p1":"oodinosaurking","p2":"loch2009","format":"[Gen 9] National Dex","log":"|j|\u2606oodinosaurking\n|j|\u2606loch2009\n|t:|1700109296\n|gametype|singles\n|player|p1|oodinosaurking|265|1094\n|player|p2|loch2009|lance|1198\n|teamsize|p1|6\n|teamsize|p2|6\n|gen|9\n|tier|[Gen 9] National Dex\n|rated|\n|rule|HP Percentage Mod: HP is shown in percentages\n|rule|Endless Battle Clause: Forcing endless battles is banned\n|rule|OHKO Clause: OHKO moves are banned\n|rule|Evasion Clause: Evasion abilities, items, and moves are banned\n|rule|Evasion Abilities Clause: Evasion abilities are banned\n|rule|Evasion Items Clause: Evasion items are banned\n|rule|Evasion Moves Clause: Evasion moves are banned\n|rule|Species Clause: Limit one of each Pok\u00e9mon\n|rule|Sleep Clause Mod: Limit one foe put to sleep\n|clearpoke\n|poke|p1|Serperior, F|\n|poke|p1|Krookodile, M|\n|poke|p1|Carracosta, M|\n|poke|p1|Eelektross, M|\n|poke|p1|Mienshao, F|\n|poke|p1|Haxorus, M|\n|poke|p2|Zapdos|\n|poke|p2|Gliscor, F|\n|poke|p2|Celebi|\n|poke|p2|Heatran, F|\n|poke|p2|Weavile, F|\n|poke|p2|Slowbro, F|\n|teampreview\n|inactive|Battle timer is ON: inactive players will automatically lose when time's up. (requested by oodinosaurking)\n|inactive|loch2009 has 120 seconds left.\n|j| TruBlu3Blur\n|\n|t:|1700109343\n|start\n|switch|p1a: Mienshao|Mienshao, F|100\/100\n|switch|p2a: Weavile|Weavile, F|100\/100\n|-ability|p2a: Weavile|Pressure\n|turn|1\n|l| TruBlu3Blur\n|\n|t:|1700109354\n|switch|p2a: Gliscor|Gliscor, F|100\/100\n|move|p1a: Mienshao|U-turn|p2a: Gliscor\n|-resisted|p2a: Gliscor\n|-crit|p2a: Gliscor\n|-damage|p2a: Gliscor|87\/100\n|\n|t:|1700109360\n|switch|p1a: Carracosta|Carracosta, M|100\/100|[from] U-turn\n|\n|-status|p2a: Gliscor|tox|[from] item: Toxic Orb\n|upkeep\n|turn|2\n|\n|t:|1700109366\n|move|p2a: Gliscor|Toxic|p1a: Carracosta\n|-status|p1a: Carracosta|tox\n|move|p1a: Carracosta|Shell Smash|p1a: Carracosta\n|-unboost|p1a: Carracosta|def|1\n|-unboost|p1a: Carracosta|spd|1\n|-boost|p1a: Carracosta|atk|2\n|-boost|p1a: Carracosta|spa|2\n|-boost|p1a: Carracosta|spe|2\n|-enditem|p1a: Carracosta|White Herb\n|-clearnegativeboost|p1a: Carracosta|[silent]\n|\n|-damage|p1a: Carracosta|94\/100 tox|[from] psn\n|-heal|p2a: Gliscor|99\/100 tox|[from] ability: Poison Heal\n|upkeep\n|turn|3\n|\n|t:|1700109381\n|move|p2a: Gliscor|Protect|p2a: Gliscor\n|-singleturn|p2a: Gliscor|Protect\n|move|p1a: Carracosta|Blizzard|p2a: Gliscor\n|-activate|p2a: Gliscor|move: Protect\n|\n|-damage|p1a: Carracosta|82\/100 tox|[from] psn\n|-heal|p2a: Gliscor|100\/100 tox|[from] ability: Poison Heal\n|upkeep\n|turn|4\n|\n|t:|1700109402\n|move|p1a: Carracosta|Waterfall|p2a: Gliscor\n|-supereffective|p2a: Gliscor\n|-damage|p2a: Gliscor|0 fnt\n|faint|p2a: Gliscor\n|\n|-damage|p1a: Carracosta|63\/100 tox|[from] psn\n|upkeep\n|inactive|loch2009 has 120 seconds left.\n|\n|t:|1700109423\n|switch|p2a: Celebi|Celebi|100\/100\n|turn|5\n|inactive|loch2009 has 120 seconds left.\n|\n|t:|1700109430\n|move|p1a: Carracosta|Blizzard|p2a: Celebi|[miss]\n|-miss|p1a: Carracosta|p2a: Celebi\n|move|p2a: Celebi|Energy Ball|p1a: Carracosta\n|-supereffective|p1a: Carracosta\n|-damage|p1a: Carracosta|0 fnt\n|faint|p1a: Carracosta\n|\n|upkeep\n|\n|t:|1700109439\n|switch|p1a: Krookodile|Krookodile, M|100\/100\n|turn|6\n|\n|t:|1700109445\n|move|p1a: Krookodile|Pursuit|p2a: Celebi\n|-supereffective|p2a: Celebi\n|-damage|p2a: Celebi|72\/100\n|move|p2a: Celebi|Energy Ball|p1a: Krookodile\n|-supereffective|p1a: Krookodile\n|-damage|p1a: Krookodile|12\/100\n|\n|-heal|p2a: Celebi|78\/100|[from] item: Leftovers\n|upkeep\n|turn|7\n|\n|t:|1700109461\n|switch|p1a: Eelektross|Eelektross, M|100\/100\n|move|p2a: Celebi|U-turn|p1a: Eelektross\n|-damage|p1a: Eelektross|83\/100\n|\n|t:|1700109471\n|switch|p2a: Weavile|Weavile, F|100\/100|[from] U-turn\n|-ability|p2a: Weavile|Pressure\n|\n|upkeep\n|turn|8\n|\n|t:|1700109479\n|move|p2a: Weavile|Triple Axel|p1a: Eelektross\n|-crit|p1a: Eelektross\n|-damage|p1a: Eelektross|59\/100\n|-hitcount|p1a: Eelektross|1\n|move|p1a: Eelektross|Superpower|p2a: Weavile\n|-supereffective|p2a: Weavile\n|-damage|p2a: Weavile|0 fnt\n|-unboost|p1a: Eelektross|atk|1\n|-unboost|p1a: Eelektross|def|1\n|faint|p2a: Weavile\n|\n|upkeep\n|\n|t:|1700109509\n|switch|p2a: Zapdos|Zapdos|100\/100\n|turn|9\n|\n|t:|1700109520\n|move|p2a: Zapdos|Thunderbolt|p1a: Eelektross\n|-resisted|p1a: Eelektross\n|-damage|p1a: Eelektross|35\/100\n|move|p1a: Eelektross|Thunderbolt|p2a: Zapdos\n|-damage|p2a: Zapdos|53\/100\n|\n|upkeep\n|turn|10\n|inactive|loch2009 has 120 seconds left.\n|\n|t:|1700109536\n|move|p2a: Zapdos|Roost|p2a: Zapdos\n|-heal|p2a: Zapdos|100\/100\n|-singleturn|p2a: Zapdos|move: Roost\n|move|p1a: Eelektross|Thunderbolt|p2a: Zapdos\n|-resisted|p2a: Zapdos\n|-damage|p2a: Zapdos|77\/100\n|\n|upkeep\n|turn|11\n|\n|t:|1700109545\n|move|p2a: Zapdos|Volt Switch|p1a: Eelektross\n|-resisted|p1a: Eelektross\n|-damage|p1a: Eelektross|15\/100\n|\n|t:|1700109550\n|switch|p2a: Celebi|Celebi|78\/100|[from] Volt Switch\n|move|p1a: Eelektross|Thunderbolt|p2a: Celebi\n|-resisted|p2a: Celebi\n|-crit|p2a: Celebi\n|-damage|p2a: Celebi|52\/100\n|\n|-heal|p2a: Celebi|58\/100|[from] item: Leftovers\n|upkeep\n|turn|12\n|\n|t:|1700109566\n|move|p2a: Celebi|Recover|p2a: Celebi\n|-heal|p2a: Celebi|100\/100\n|move|p1a: Eelektross|Flamethrower|p2a: Celebi\n|-supereffective|p2a: Celebi\n|-damage|p2a: Celebi|47\/100\n|\n|-heal|p2a: Celebi|53\/100|[from] item: Leftovers\n|upkeep\n|turn|13\n|\n|t:|1700109575\n|move|p2a: Celebi|U-turn|p1a: Eelektross\n|-damage|p1a: Eelektross|0 fnt\n|faint|p1a: Eelektross\n|\n|t:|1700109582\n|switch|p2a: Zapdos|Zapdos|77\/100|[from] U-turn\n|\n|upkeep\n|\n|t:|1700109588\n|switch|p1a: Krookodile|Krookodile, M|12\/100\n|turn|14\n|\n|t:|1700109595\n|-terastallize|p1a: Krookodile|Dark\n|move|p1a: Krookodile|Crunch|p2a: Zapdos\n|-damage|p2a: Zapdos|22\/100\n|move|p2a: Zapdos|Hurricane|p1a: Krookodile\n|-damage|p1a: Krookodile|0 fnt\n|faint|p1a: Krookodile\n|\n|upkeep\n|\n|t:|1700109607\n|switch|p1a: Haxorus|Haxorus, M, shiny|100\/100\n|-ability|p1a: Haxorus|Mold Breaker\n|turn|15\n|\n|t:|1700109614\n|-zpower|p2a: Zapdos\n|move|p2a: Zapdos|Supersonic Skystrike|p1a: Haxorus|[zeffect]\n|-damage|p1a: Haxorus|0 fnt\n|faint|p1a: Haxorus\n|\n|upkeep\n|\n|t:|1700109622\n|switch|p1a: Serperior|Serperior, F|100\/100\n|turn|16\n|\n|t:|1700109627\n|move|p1a: Serperior|Leaf Storm|p2a: Zapdos\n|-resisted|p2a: Zapdos\n|-damage|p2a: Zapdos|0 fnt\n|-boost|p1a: Serperior|spa|2\n|faint|p2a: Zapdos\n|\n|upkeep\n|\n|t:|1700109631\n|switch|p2a: Heatran|Heatran, F|100\/100\n|turn|17\n|\n|t:|1700109637\n|move|p1a: Serperior|Leaf Storm|p2a: Heatran\n|-resisted|p2a: Heatran\n|-damage|p2a: Heatran|81\/100\n|-boost|p1a: Serperior|spa|2\n|move|p2a: Heatran|Magma Storm|p1a: Serperior\n|-supereffective|p1a: Serperior\n|-damage|p1a: Serperior|0 fnt\n|faint|p1a: Serperior\n|\n|-heal|p2a: Heatran|88\/100|[from] item: Leftovers\n|upkeep\n|\n|t:|1700109649\n|switch|p1a: Mienshao|Mienshao, F|100\/100\n|turn|18\n|inactive|loch2009 has 120 seconds left.\n|\n|t:|1700109692\n|-terastallize|p2a: Heatran|Ghost\n|-zpower|p1a: Mienshao\n|move|p1a: Mienshao|All-Out Pummeling|p2a: Heatran|[zeffect]\n|-immune|p2a: Heatran\n|move|p2a: Heatran|Magma Storm|p1a: Mienshao\n|-damage|p1a: Mienshao|0 fnt\n|faint|p1a: Mienshao\n|\n|win|loch2009\n|raw|oodinosaurking's rating: 1094 &rarr; <strong>1077<\/strong><br \/>(-17 for losing)\n|raw|loch2009's rating: 1198 &rarr; <strong>1216<\/strong><br \/>(+18 for winning)\n|c|\u2606loch2009|gg\n","uploadtime":1700109701,"views":4,"p1id":"oodinosaurking","p2id":"loch2009","formatid":"gen9nationaldex","rating":1077,"private":0,"password":""}