{"id":"gen9nationaldex-1998856423","p1":"crobat130803","p2":"221savage","format":"[Gen 9] National Dex","log":"|html|<div class=\"broadcast-blue\"><strong>[Gen 9] National Dex is currently suspecting Sneasler! For information on how to participate check out the <a href=\"https:\/\/www.smogon.com\/forums\/threads\/sv-national-dex-suspect-8-just-dance.3731534\/\">suspect thread<\/a>.<\/strong><\/div>\n|j|\u2606crobat130803\n|j|\u2606221savage\n|t:|1701003982\n|gametype|singles\n|player|p1|crobat130803|170|1509\n|player|p2|221savage|169|1404\n|teamsize|p1|6\n|teamsize|p2|6\n|gen|9\n|tier|[Gen 9] National Dex\n|rated|\n|rule|HP Percentage Mod: HP is shown in percentages\n|rule|Endless Battle Clause: Forcing endless battles is banned\n|rule|OHKO Clause: OHKO moves are banned\n|rule|Evasion Clause: Evasion abilities, items, and moves are banned\n|rule|Evasion Abilities Clause: Evasion abilities are banned\n|rule|Evasion Items Clause: Evasion items are banned\n|rule|Evasion Moves Clause: Evasion moves are banned\n|rule|Species Clause: Limit one of each Pok\u00e9mon\n|rule|Sleep Clause Mod: Limit one foe put to sleep\n|clearpoke\n|poke|p1|Ferrothorn, M|\n|poke|p1|Great Tusk|\n|poke|p1|Rotom-Wash|\n|poke|p1|Dragonite, M|\n|poke|p1|Volcarona, M|\n|poke|p1|Ninetales-Alola, M|\n|poke|p2|Blastoise, F|\n|poke|p2|Banette, F|\n|poke|p2|Machamp, M|\n|poke|p2|Darmanitan, F|\n|poke|p2|Tsareena, F|\n|poke|p2|Toxtricity, F|\n|teampreview\n|inactive|Battle timer is ON: inactive players will automatically lose when time's up. (requested by crobat130803)\n|\n|t:|1701004009\n|start\n|switch|p1a: Ferrothorn|Ferrothorn, M, shiny|100\/100\n|switch|p2a: Darmanitan|Darmanitan, F|100\/100\n|turn|1\n|\n|t:|1701004014\n|-terastallize|p1a: Ferrothorn|Water\n|move|p2a: Darmanitan|Flare Blitz|p1a: Ferrothorn\n|-resisted|p1a: Ferrothorn\n|-damage|p1a: Ferrothorn|75\/100\n|-damage|p2a: Darmanitan|88\/100|[from] ability: Iron Barbs|[of] p1a: Ferrothorn\n|-damage|p2a: Darmanitan|79\/100|[from] Recoil\n|move|p1a: Ferrothorn|Stealth Rock|p2a: Darmanitan\n|-sidestart|p2: 221savage|move: Stealth Rock\n|\n|-heal|p1a: Ferrothorn|81\/100|[from] item: Leftovers\n|upkeep\n|turn|2\n|\n|t:|1701004023\n|switch|p2a: Toxtricity|Toxtricity, F|100\/100\n|-damage|p2a: Toxtricity|88\/100|[from] Stealth Rock\n|move|p1a: Ferrothorn|Leech Seed|p2a: Toxtricity\n|-start|p2a: Toxtricity|move: Leech Seed\n|\n|-heal|p1a: Ferrothorn|87\/100|[from] item: Leftovers\n|-damage|p2a: Toxtricity|76\/100|[from] Leech Seed|[of] p1a: Ferrothorn\n|-heal|p1a: Ferrothorn|99\/100|[silent]\n|upkeep\n|turn|3\n|\n|t:|1701004035\n|switch|p1a: Great Tusk|Great Tusk, shiny|100\/100\n|move|p2a: Toxtricity|Boomburst|p1a: Great Tusk\n|-damage|p1a: Great Tusk|0 fnt\n|faint|p1a: Great Tusk\n|-end|p1a: Great Tusk|Protosynthesis|[silent]\n|\n|upkeep\n|\n|t:|1701004057\n|switch|p1a: Rotom|Rotom-Wash, shiny|100\/100\n|turn|4\n|\n|t:|1701004063\n|move|p1a: Rotom|Hydro Pump|p2a: Toxtricity\n|-damage|p2a: Toxtricity|6\/100\n|move|p2a: Toxtricity|Boomburst|p1a: Rotom\n|-damage|p1a: Rotom|0 fnt\n|faint|p1a: Rotom\n|\n|upkeep\n|\n|t:|1701004069\n|switch|p1a: Dragonite|Dragonite, M, shiny|100\/100\n|turn|5\n|\n|t:|1701004074\n|switch|p2a: Banette|Banette, F|100\/100\n|-damage|p2a: Banette|88\/100|[from] Stealth Rock\n|move|p1a: Dragonite|Extreme Speed|p2a: Banette\n|-immune|p2a: Banette\n|\n|upkeep\n|turn|6\n|\n|t:|1701004079\n|switch|p1a: Ferrothorn|Ferrothorn, M, shiny, tera:Water|99\/100\n|detailschange|p2a: Banette|Banette-Mega, F\n|-mega|p2a: Banette|Banette|Banettite\n|move|p2a: Banette|Poltergeist|p1a: Ferrothorn\n|-activate|p1a: Ferrothorn|move: Poltergeist|Leftovers\n|-damage|p1a: Ferrothorn|56\/100\n|\n|-heal|p1a: Ferrothorn|62\/100|[from] item: Leftovers\n|upkeep\n|turn|7\n|\n|t:|1701004088\n|move|p2a: Banette|Taunt|p1a: Ferrothorn\n|-start|p1a: Ferrothorn|move: Taunt\n|cant|p1a: Ferrothorn|move: Taunt|Leech Seed\n|\n|-heal|p1a: Ferrothorn|68\/100|[from] item: Leftovers\n|upkeep\n|turn|8\n|\n|t:|1701004095\n|move|p2a: Banette|Poltergeist|p1a: Ferrothorn\n|-activate|p1a: Ferrothorn|move: Poltergeist|Leftovers\n|-damage|p1a: Ferrothorn|22\/100\n|move|p1a: Ferrothorn|Gyro Ball|p2a: Banette\n|-damage|p2a: Banette|54\/100\n|\n|-heal|p1a: Ferrothorn|28\/100|[from] item: Leftovers\n|upkeep\n|turn|9\n|\n|t:|1701004107\n|switch|p1a: Ninetales|Ninetales-Alola, M, shiny|100\/100\n|-weather|Snow|[from] ability: Snow Warning|[of] p1a: Ninetales\n|move|p2a: Banette|Poltergeist|p1a: Ninetales\n|-activate|p1a: Ninetales|move: Poltergeist|Heavy-Duty Boots\n|-damage|p1a: Ninetales|26\/100\n|\n|-weather|Snow|[upkeep]\n|upkeep\n|turn|10\n|\n|t:|1701004116\n|move|p2a: Banette|Taunt|p1a: Ninetales\n|-start|p1a: Ninetales|move: Taunt\n|move|p1a: Ninetales|Moonblast|p2a: Banette\n|-damage|p2a: Banette|10\/100\n|-unboost|p2a: Banette|spa|1\n|\n|-weather|Snow|[upkeep]\n|upkeep\n|turn|11\n|\n|t:|1701004124\n|move|p2a: Banette|Destiny Bond|p2a: Banette\n|-singlemove|p2a: Banette|Destiny Bond\n|move|p1a: Ninetales|Dark Pulse|p2a: Banette\n|-supereffective|p2a: Banette\n|-damage|p2a: Banette|0 fnt\n|faint|p2a: Banette\n|-activate|p2a: Banette|move: Destiny Bond\n|faint|p1a: Ninetales\n|\n|-weather|Snow|[upkeep]\n|upkeep\n|\n|t:|1701004142\n|switch|p1a: Volcarona|Volcarona, M, shiny|100\/100\n|switch|p2a: Blastoise|Blastoise, F|100\/100\n|-damage|p2a: Blastoise|88\/100|[from] Stealth Rock\n|turn|12\n|\n|t:|1701004147\n|move|p1a: Volcarona|Quiver Dance|p1a: Volcarona\n|-boost|p1a: Volcarona|spa|1\n|-boost|p1a: Volcarona|spd|1\n|-boost|p1a: Volcarona|spe|1\n|move|p2a: Blastoise|Shell Smash|p2a: Blastoise\n|-unboost|p2a: Blastoise|def|1\n|-unboost|p2a: Blastoise|spd|1\n|-boost|p2a: Blastoise|atk|2\n|-boost|p2a: Blastoise|spa|2\n|-boost|p2a: Blastoise|spe|2\n|\n|-weather|Snow|[upkeep]\n|upkeep\n|turn|13\n|\n|t:|1701004154\n|move|p2a: Blastoise|Hydro Pump|p1a: Volcarona\n|-supereffective|p1a: Volcarona\n|-damage|p1a: Volcarona|0 fnt\n|faint|p1a: Volcarona\n|\n|-weather|none\n|upkeep\n|-message|crobat130803 forfeited.\n|\n|win|221savage\n|raw|crobat130803's rating: 1509 &rarr; <strong>1482<\/strong><br \/>(-27 for losing)\n|raw|221savage's rating: 1384 &rarr; <strong>1411<\/strong><br \/>(+27 for winning)\n|l|\u2606crobat130803\n","uploadtime":1701004181,"views":4,"p1id":"crobat130803","p2id":"221savage","formatid":"gen9nationaldex","rating":1411,"private":0,"password":""}