{"id":"gen9nationaldex-1999040658","p1":"kertay","p2":"famus123","format":"[Gen 9] National Dex","log":"|html|<div class=\"broadcast-blue\"><strong>[Gen 9] National Dex is currently suspecting Sneasler! For information on how to participate check out the <a href=\"https:\/\/www.smogon.com\/forums\/threads\/sv-national-dex-suspect-8-just-dance.3731534\/\">suspect thread<\/a>.<\/strong><\/div>\n|j|\u2606kertay\n|j|\u2606famus123\n|t:|1701026797\n|gametype|singles\n|player|p1|kertay|palmer|\n|player|p2|famus123|kukui|\n|teamsize|p1|6\n|teamsize|p2|6\n|gen|9\n|tier|[Gen 9] National Dex\n|rule|HP Percentage Mod: HP is shown in percentages\n|rule|Endless Battle Clause: Forcing endless battles is banned\n|rule|OHKO Clause: OHKO moves are banned\n|rule|Evasion Clause: Evasion abilities, items, and moves are banned\n|rule|Evasion Abilities Clause: Evasion abilities are banned\n|rule|Evasion Items Clause: Evasion items are banned\n|rule|Evasion Moves Clause: Evasion moves are banned\n|rule|Species Clause: Limit one of each Pok\u00e9mon\n|rule|Sleep Clause Mod: Limit one foe put to sleep\n|clearpoke\n|poke|p1|Serperior, M|\n|poke|p1|Torterra, M|\n|poke|p1|Torkoal, F|\n|poke|p1|Heliolisk, M|\n|poke|p1|Skeledirge, F|\n|poke|p1|Dudunsparce-*, M|\n|poke|p2|Weavile, M|\n|poke|p2|Landorus-Therian, M|\n|poke|p2|Suicune|\n|poke|p2|Mew|\n|poke|p2|Zeraora|\n|poke|p2|Incineroar, F|\n|teampreview\n|\n|t:|1701026815\n|start\n|switch|p1a: Torkoal|Torkoal, F|100\/100\n|switch|p2a: Dirty Daddy|Landorus-Therian, M|100\/100\n|-ability|p2a: Dirty Daddy|Intimidate|boost\n|-unboost|p1a: Torkoal|atk|1\n|-weather|SunnyDay|[from] ability: Drought|[of] p1a: Torkoal\n|turn|1\n|\n|t:|1701026825\n|move|p2a: Dirty Daddy|U-turn|p1a: Torkoal\n|-resisted|p1a: Torkoal\n|-damage|p1a: Torkoal|93\/100\n|\n|t:|1701026828\n|switch|p2a: Suicune|Suicune|100\/100|[from] U-turn\n|-ability|p2a: Suicune|Pressure\n|move|p1a: Torkoal|Toxic|p2a: Suicune\n|-status|p2a: Suicune|tox\n|\n|-weather|SunnyDay|[upkeep]\n|-damage|p2a: Suicune|94\/100 tox|[from] psn\n|upkeep\n|turn|2\n|\n|t:|1701026843\n|switch|p1a: Heliolisk|Heliolisk, M|100\/100\n|move|p2a: Suicune|Scald|p1a: Heliolisk\n|-damage|p1a: Heliolisk|84\/100\n|\n|-weather|SunnyDay|[upkeep]\n|-damage|p1a: Heliolisk|71\/100|[from] ability: Solar Power|[of] p1a: Heliolisk\n|-heal|p2a: Suicune|100\/100 tox|[from] item: Leftovers\n|-damage|p2a: Suicune|88\/100 tox|[from] psn\n|upkeep\n|turn|3\n|\n|t:|1701026859\n|move|p1a: Heliolisk|Weather Ball|p2a: Suicune\n|-resisted|p2a: Suicune\n|-damage|p2a: Suicune|58\/100 tox\n|move|p2a: Suicune|Calm Mind|p2a: Suicune\n|-boost|p2a: Suicune|spa|1\n|-boost|p2a: Suicune|spd|1\n|\n|-weather|SunnyDay|[upkeep]\n|-damage|p1a: Heliolisk|59\/100|[from] ability: Solar Power|[of] p1a: Heliolisk\n|-heal|p2a: Suicune|64\/100 tox|[from] item: Leftovers\n|-damage|p2a: Suicune|46\/100 tox|[from] psn\n|upkeep\n|turn|4\n|\n|t:|1701026871\n|move|p1a: Heliolisk|Discharge|p2a: Suicune\n|-supereffective|p2a: Suicune\n|-damage|p2a: Suicune|0 fnt\n|faint|p2a: Suicune\n|\n|-weather|SunnyDay|[upkeep]\n|-damage|p1a: Heliolisk|46\/100|[from] ability: Solar Power|[of] p1a: Heliolisk\n|upkeep\n|\n|t:|1701026894\n|switch|p2a: Weavile|Weavile, M|100\/100\n|-ability|p2a: Weavile|Pressure\n|turn|5\n|\n|t:|1701026901\n|move|p2a: Weavile|Knock Off|p1a: Heliolisk\n|-damage|p1a: Heliolisk|0 fnt\n|-enditem|p1a: Heliolisk|Expert Belt|[from] move: Knock Off|[of] p2a: Weavile\n|faint|p1a: Heliolisk\n|\n|-weather|none\n|upkeep\n|\n|t:|1701026916\n|switch|p1a: Dudunsparce|Dudunsparce, M|100\/100\n|turn|6\n|\n|t:|1701026933\n|move|p2a: Weavile|Knock Off|p1a: Dudunsparce\n|-damage|p1a: Dudunsparce|51\/100\n|-enditem|p1a: Dudunsparce|Leftovers|[from] move: Knock Off|[of] p2a: Weavile\n|move|p1a: Dudunsparce|Yawn|p2a: Weavile\n|-start|p2a: Weavile|move: Yawn|[of] p1a: Dudunsparce\n|\n|upkeep\n|turn|7\n|\n|t:|1701026943\n|switch|p2a: Dirty Daddy|Landorus-Therian, M|100\/100\n|-ability|p2a: Dirty Daddy|Intimidate|boost\n|-unboost|p1a: Dudunsparce|atk|1\n|move|p1a: Dudunsparce|Secret Power|p2a: Dirty Daddy\n|-damage|p2a: Dirty Daddy|82\/100\n|-status|p2a: Dirty Daddy|par\n|\n|upkeep\n|turn|8\n|\n|t:|1701026954\n|move|p2a: Dirty Daddy|U-turn|p1a: Dudunsparce\n|-damage|p1a: Dudunsparce|33\/100\n|\n|t:|1701026957\n|switch|p2a: Incineroar|Incineroar, F|100\/100|[from] U-turn\n|-ability|p2a: Incineroar|Intimidate|boost\n|-unboost|p1a: Dudunsparce|atk|1\n|move|p1a: Dudunsparce|Stealth Rock|p2a: Incineroar\n|-sidestart|p2: famus123|move: Stealth Rock\n|\n|upkeep\n|turn|9\n|\n|t:|1701026964\n|move|p2a: Incineroar|Parting Shot|p1a: Dudunsparce\n|-unboost|p1a: Dudunsparce|atk|1\n|-unboost|p1a: Dudunsparce|spa|1\n|\n|t:|1701026966\n|switch|p2a: Dirty Daddy|Landorus-Therian, M|82\/100 par|[from] Parting Shot\n|-damage|p2a: Dirty Daddy|70\/100 par|[from] Stealth Rock\n|-ability|p2a: Dirty Daddy|Intimidate|boost\n|-unboost|p1a: Dudunsparce|atk|1\n|move|p1a: Dudunsparce|Secret Power|p2a: Dirty Daddy\n|-damage|p2a: Dirty Daddy|61\/100 par\n|\n|upkeep\n|turn|10\n|\n|t:|1701026975\n|cant|p2a: Dirty Daddy|par\n|move|p1a: Dudunsparce|Tailwind|p1a: Dudunsparce\n|-sidestart|p1: kertay|move: Tailwind\n|\n|upkeep\n|turn|11\n|\n|t:|1701026990\n|move|p1a: Dudunsparce|Yawn||[still]\n|-fail|p1a: Dudunsparce\n|move|p2a: Dirty Daddy|Defog|p1a: Dudunsparce\n|-unboost|p1a: Dudunsparce|evasion|1\n|-sideend|p2: famus123|Stealth Rock|[from] move: Defog|[of] p2a: Dirty Daddy\n|\n|upkeep\n|turn|12\n|\n|t:|1701026997\n|switch|p2a: Zeraora|Zeraora|100\/100\n|move|p1a: Dudunsparce|Stealth Rock|p2a: Zeraora\n|-sidestart|p2: famus123|move: Stealth Rock\n|\n|upkeep\n|turn|13\n|\n|t:|1701027006\n|switch|p1a: Torterra|Torterra, M|100\/100\n|move|p2a: Zeraora|Plasma Fists|p1a: Torterra\n|-immune|p1a: Torterra\n|\n|-sideend|p1: kertay|move: Tailwind\n|upkeep\n|turn|14\n|\n|t:|1701027028\n|move|p2a: Zeraora|Toxic|p1a: Torterra\n|-status|p1a: Torterra|tox\n|move|p1a: Torterra|Wood Hammer|p2a: Zeraora\n|-damage|p2a: Zeraora|23\/100\n|-damage|p1a: Torterra|76\/100 tox|[from] Recoil\n|\n|-damage|p1a: Torterra|70\/100 tox|[from] psn\n|upkeep\n|turn|15\n|\n|t:|1701027037\n|switch|p2a: Incineroar|Incineroar, F|100\/100\n|-ability|p2a: Incineroar|Intimidate|boost\n|-unboost|p1a: Torterra|atk|1\n|move|p1a: Torterra|Rock Blast|p2a: Incineroar\n|-supereffective|p2a: Incineroar\n|-damage|p2a: Incineroar|90\/100\n|-supereffective|p2a: Incineroar\n|-damage|p2a: Incineroar|78\/100\n|-hitcount|p2a: Incineroar|2\n|\n|-damage|p1a: Torterra|58\/100 tox|[from] psn\n|upkeep\n|turn|16\n|\n|t:|1701027050\n|switch|p1a: Torkoal|Torkoal, F|93\/100\n|-weather|SunnyDay|[from] ability: Drought|[of] p1a: Torkoal\n|move|p2a: Incineroar|Parting Shot|p1a: Torkoal\n|-unboost|p1a: Torkoal|atk|1\n|-unboost|p1a: Torkoal|spa|1\n|\n|t:|1701027053\n|switch|p2a: Dirty Daddy|Landorus-Therian, M|61\/100 par|[from] Parting Shot\n|-damage|p2a: Dirty Daddy|49\/100 par|[from] Stealth Rock\n|-ability|p2a: Dirty Daddy|Intimidate|boost\n|-unboost|p1a: Torkoal|atk|1\n|\n|-weather|SunnyDay|[upkeep]\n|upkeep\n|turn|17\n|\n|t:|1701027066\n|move|p2a: Dirty Daddy|Defog|p1a: Torkoal\n|-unboost|p1a: Torkoal|evasion|1\n|-sideend|p2: famus123|Stealth Rock|[from] move: Defog|[of] p2a: Dirty Daddy\n|move|p1a: Torkoal|Ancient Power|p2a: Dirty Daddy\n|-damage|p2a: Dirty Daddy|39\/100 par\n|-boost|p1a: Torkoal|atk|1\n|-boost|p1a: Torkoal|def|1\n|-boost|p1a: Torkoal|spa|1\n|-boost|p1a: Torkoal|spd|1\n|-boost|p1a: Torkoal|spe|1\n|\n|-weather|SunnyDay|[upkeep]\n|upkeep\n|turn|18\n|\n|t:|1701027098\n|switch|p2a: Zeraora|Zeraora|23\/100\n|move|p1a: Torkoal|Ancient Power|p2a: Zeraora\n|-damage|p2a: Zeraora|6\/100\n|\n|-weather|SunnyDay|[upkeep]\n|upkeep\n|turn|19\n|\n|t:|1701027104\n|move|p2a: Zeraora|Toxic|p1a: Torkoal\n|-status|p1a: Torkoal|tox\n|move|p1a: Torkoal|Ancient Power|p2a: Zeraora\n|-damage|p2a: Zeraora|0 fnt\n|faint|p2a: Zeraora\n|\n|-weather|SunnyDay|[upkeep]\n|-damage|p1a: Torkoal|87\/100 tox|[from] psn\n|upkeep\n|\n|t:|1701027107\n|switch|p2a: Mew|Mew|100\/100\n|turn|20\n|\n|t:|1701027114\n|-terastallize|p2a: Mew|Poison\n|move|p2a: Mew|Cosmic Power|p2a: Mew\n|-boost|p2a: Mew|def|1\n|-boost|p2a: Mew|spd|1\n|move|p1a: Torkoal|Toxic|p2a: Mew\n|-immune|p2a: Mew\n|\n|-weather|none\n|-damage|p1a: Torkoal|75\/100 tox|[from] psn\n|upkeep\n|turn|21\n|\n|t:|1701027124\n|move|p2a: Mew|Cosmic Power|p2a: Mew\n|-boost|p2a: Mew|def|1\n|-boost|p2a: Mew|spd|1\n|move|p1a: Torkoal|Clear Smog|p2a: Mew\n|-resisted|p2a: Mew\n|-damage|p2a: Mew|99\/100\n|-clearboost|p2a: Mew\n|\n|-damage|p1a: Torkoal|56\/100 tox|[from] psn\n|upkeep\n|turn|22\n|\n|t:|1701027144\n|move|p2a: Mew|Cosmic Power|p2a: Mew\n|-boost|p2a: Mew|def|1\n|-boost|p2a: Mew|spd|1\n|move|p1a: Torkoal|Ancient Power|p2a: Mew\n|-damage|p2a: Mew|92\/100\n|\n|-damage|p1a: Torkoal|32\/100 tox|[from] psn\n|upkeep\n|turn|23\n|\n|t:|1701027153\n|switch|p1a: Torterra|Torterra, M|58\/100 tox\n|move|p2a: Mew|Stored Power|p1a: Torterra\n|-damage|p1a: Torterra|32\/100 tox\n|\n|-damage|p1a: Torterra|26\/100 tox|[from] psn\n|upkeep\n|turn|24\n|\n|t:|1701027166\n|move|p2a: Mew|Cosmic Power|p2a: Mew\n|-boost|p2a: Mew|def|1\n|-boost|p2a: Mew|spd|1\n|move|p1a: Torterra|Earthquake|p2a: Mew\n|-supereffective|p2a: Mew\n|-damage|p2a: Mew|47\/100\n|\n|-damage|p1a: Torterra|14\/100 tox|[from] psn\n|upkeep\n|turn|25\n|\n|t:|1701027178\n|move|p2a: Mew|Cosmic Power|p2a: Mew\n|-boost|p2a: Mew|def|1\n|-boost|p2a: Mew|spd|1\n|move|p1a: Torterra|Rock Blast|p2a: Mew\n|-damage|p2a: Mew|44\/100\n|-damage|p2a: Mew|41\/100\n|-damage|p2a: Mew|38\/100\n|-damage|p2a: Mew|35\/100\n|-damage|p2a: Mew|32\/100\n|-hitcount|p2a: Mew|5\n|\n|-damage|p1a: Torterra|0 fnt|[from] psn\n|faint|p1a: Torterra\n|upkeep\n|\n|t:|1701027216\n|switch|p1a: Skeledirge|Skeledirge, F|100\/100\n|turn|26\n|\n|t:|1701027229\n|move|p2a: Mew|Roost|p2a: Mew\n|-heal|p2a: Mew|82\/100\n|move|p1a: Skeledirge|Earth Power|p2a: Mew\n|-supereffective|p2a: Mew\n|-damage|p2a: Mew|40\/100\n|\n|upkeep\n|turn|27\n|j| GabrieLopez\n|\n|t:|1701027242\n|switch|p2a: Dirty Daddy|Landorus-Therian, M|39\/100 par\n|-ability|p2a: Dirty Daddy|Intimidate|boost\n|-unboost|p1a: Skeledirge|atk|1\n|switch|p1a: Dudunsparce|Dudunsparce, M|33\/100\n|\n|upkeep\n|turn|28\n|\n|t:|1701027253\n|cant|p2a: Dirty Daddy|par\n|move|p1a: Dudunsparce|Tailwind|p1a: Dudunsparce\n|-sidestart|p1: kertay|move: Tailwind\n|\n|upkeep\n|turn|29\n|\n|t:|1701027259\n|move|p1a: Dudunsparce|Yawn||[still]\n|-fail|p1a: Dudunsparce\n|move|p2a: Dirty Daddy|U-turn|p1a: Dudunsparce\n|-damage|p1a: Dudunsparce|17\/100\n|\n|t:|1701027262\n|switch|p2a: Mew|Mew, tera:Poison|40\/100|[from] U-turn\n|\n|upkeep\n|turn|30\n|\n|t:|1701027269\n|move|p2a: Mew|Roost|p2a: Mew\n|-heal|p2a: Mew|90\/100\n|move|p1a: Dudunsparce|Secret Power|p2a: Mew\n|-damage|p2a: Mew|70\/100\n|\n|upkeep\n|turn|31\n|\n|t:|1701027274\n|switch|p2a: Dirty Daddy|Landorus-Therian, M|39\/100 par\n|-ability|p2a: Dirty Daddy|Intimidate|boost\n|-unboost|p1a: Dudunsparce|atk|1\n|move|p1a: Dudunsparce|Secret Power|p2a: Dirty Daddy\n|-damage|p2a: Dirty Daddy|21\/100 par\n|\n|-sideend|p1: kertay|move: Tailwind\n|upkeep\n|turn|32\n|\n|t:|1701027283\n|move|p2a: Dirty Daddy|U-turn|p1a: Dudunsparce\n|-damage|p1a: Dudunsparce|0 fnt\n|faint|p1a: Dudunsparce\n|\n|t:|1701027287\n|switch|p2a: Weavile|Weavile, M|100\/100|[from] U-turn\n|-ability|p2a: Weavile|Pressure\n|\n|upkeep\n|\n|t:|1701027293\n|switch|p1a: Torkoal|Torkoal, F|32\/100 tox\n|-weather|SunnyDay|[from] ability: Drought|[of] p1a: Torkoal\n|turn|33\n|\n|t:|1701027301\n|move|p2a: Weavile|Knock Off|p1a: Torkoal\n|-damage|p1a: Torkoal|0 fnt\n|-enditem|p1a: Torkoal|Mental Herb|[from] move: Knock Off|[of] p2a: Weavile\n|faint|p1a: Torkoal\n|\n|-weather|SunnyDay|[upkeep]\n|upkeep\n|\n|t:|1701027308\n|switch|p1a: Skeledirge|Skeledirge, F|100\/100\n|turn|34\n|\n|t:|1701027312\n|-terastallize|p1a: Skeledirge|Dark\n|move|p2a: Weavile|Knock Off|p1a: Skeledirge\n|-resisted|p1a: Skeledirge\n|-damage|p1a: Skeledirge|77\/100\n|-enditem|p1a: Skeledirge|Leftovers|[from] move: Knock Off|[of] p2a: Weavile\n|move|p1a: Skeledirge|Torch Song|p2a: Weavile\n|-supereffective|p2a: Weavile\n|-damage|p2a: Weavile|0 fnt\n|-boost|p1a: Skeledirge|spa|1\n|faint|p2a: Weavile\n|\n|-weather|SunnyDay|[upkeep]\n|upkeep\n|\n|t:|1701027317\n|switch|p2a: Incineroar|Incineroar, F|78\/100\n|-ability|p2a: Incineroar|Intimidate|boost\n|-unboost|p1a: Skeledirge|atk|1\n|turn|35\n|\n|t:|1701027327\n|move|p1a: Skeledirge|Earth Power|p2a: Incineroar\n|-supereffective|p2a: Incineroar\n|-damage|p2a: Incineroar|17\/100\n|move|p2a: Incineroar|Toxic|p1a: Skeledirge\n|-status|p1a: Skeledirge|tox\n|\n|-weather|SunnyDay|[upkeep]\n|-damage|p1a: Skeledirge|71\/100 tox|[from] psn\n|upkeep\n|turn|36\n|\n|t:|1701027337\n|switch|p2a: Dirty Daddy|Landorus-Therian, M|21\/100 par\n|-ability|p2a: Dirty Daddy|Intimidate|boost\n|-unboost|p1a: Skeledirge|atk|1\n|move|p1a: Skeledirge|Torch Song|p2a: Dirty Daddy\n|-damage|p2a: Dirty Daddy|0 fnt\n|-boost|p1a: Skeledirge|spa|1\n|faint|p2a: Dirty Daddy\n|\n|-weather|SunnyDay|[upkeep]\n|-damage|p1a: Skeledirge|59\/100 tox|[from] psn\n|upkeep\n|\n|t:|1701027342\n|switch|p2a: Incineroar|Incineroar, F|17\/100\n|-ability|p2a: Incineroar|Intimidate|boost\n|-unboost|p1a: Skeledirge|atk|1\n|turn|37\n|\n|t:|1701027353\n|move|p1a: Skeledirge|Torch Song|p2a: Incineroar\n|-resisted|p2a: Incineroar\n|-damage|p2a: Incineroar|0 fnt\n|-boost|p1a: Skeledirge|spa|1\n|faint|p2a: Incineroar\n|\n|-weather|none\n|-damage|p1a: Skeledirge|40\/100 tox|[from] psn\n|upkeep\n|\n|t:|1701027354\n|switch|p2a: Mew|Mew, tera:Poison|70\/100\n|turn|38\n|\n|t:|1701027365\n|move|p2a: Mew|Body Press|p1a: Skeledirge\n|-supereffective|p1a: Skeledirge\n|-damage|p1a: Skeledirge|11\/100 tox\n|move|p1a: Skeledirge|Torch Song|p2a: Mew\n|-damage|p2a: Mew|0 fnt\n|-boost|p1a: Skeledirge|spa|1\n|faint|p2a: Mew\n|\n|win|kertay\n|c|\u2606famus123|gg\n|l| GabrieLopez\n|c|\u2606kertay|gg\n|l|\u2606famus123\n","uploadtime":1701028030,"views":1,"p1id":"kertay","p2id":"famus123","formatid":"gen9nationaldex","rating":0,"private":0,"password":""}