{"id":"gen9nationaldex-1998871124","p1":"Simeon2004","p2":"Donato Fallito","format":"[Gen 9] National Dex","log":"|html|<div class=\"broadcast-blue\"><strong>[Gen 9] National Dex is currently suspecting Sneasler! For information on how to participate check out the <a href=\"https:\/\/www.smogon.com\/forums\/threads\/sv-national-dex-suspect-8-just-dance.3731534\/\">suspect thread<\/a>.<\/strong><\/div>\n|j|\u2606Simeon2004\n|j|\u2606Donato Fallito\n|t:|1701006346\n|gametype|singles\n|player|p1|Simeon2004|hilbert-wonderlauncher|1366\n|player|p2|Donato Fallito|hiker-gen4|1310\n|teamsize|p1|6\n|teamsize|p2|6\n|gen|9\n|tier|[Gen 9] National Dex\n|rated|\n|rule|HP Percentage Mod: HP is shown in percentages\n|rule|Endless Battle Clause: Forcing endless battles is banned\n|rule|OHKO Clause: OHKO moves are banned\n|rule|Evasion Clause: Evasion abilities, items, and moves are banned\n|rule|Evasion Abilities Clause: Evasion abilities are banned\n|rule|Evasion Items Clause: Evasion items are banned\n|rule|Evasion Moves Clause: Evasion moves are banned\n|rule|Species Clause: Limit one of each Pok\u00e9mon\n|rule|Sleep Clause Mod: Limit one foe put to sleep\n|clearpoke\n|poke|p1|Greninja-*, M|\n|poke|p1|Charizard, M|\n|poke|p1|Lilligant-Hisui, F|\n|poke|p1|Gliscor, M|\n|poke|p1|Tapu Koko|\n|poke|p1|Glimmora, M|\n|poke|p2|Garganacl, M|\n|poke|p2|Dachsbun, M|\n|poke|p2|Drednaw, M|\n|poke|p2|Tornadus, M|\n|poke|p2|Hawlucha, M|\n|poke|p2|Victini|\n|teampreview\n|inactive|Battle timer is ON: inactive players will automatically lose when time's up. (requested by Donato Fallito)\n|inactive|Simeon2004 has 120 seconds left.\n|inactive|Simeon2004 has 90 seconds left.\n|inactive|Simeon2004 has 60 seconds left.\n|\n|t:|1701006469\n|start\n|switch|p1a: Tapu Koko|Tapu Koko|100\/100\n|switch|p2a: You cannot beat us|Victini|100\/100\n|-fieldstart|move: Electric Terrain|[from] ability: Electric Surge|[of] p1a: Tapu Koko\n|turn|1\n|\n|t:|1701006479\n|move|p2a: You cannot beat us|Final Gambit|p1a: Tapu Koko\n|-damage|p1a: Tapu Koko|0 fnt\n|faint|p2a: You cannot beat us\n|faint|p1a: Tapu Koko\n|\n|upkeep\n|\n|t:|1701006492\n|switch|p1a: Glimmora|Glimmora, M|100\/100\n|switch|p2a: Smick|Hawlucha, M|100\/100\n|turn|2\n|\n|t:|1701006501\n|move|p2a: Smick|Close Combat|p1a: Glimmora\n|-damage|p1a: Glimmora|47\/100\n|-unboost|p2a: Smick|def|1\n|-unboost|p2a: Smick|spd|1\n|-activate|p1a: Glimmora|ability: Toxic Debris\n|-sidestart|p2: Donato Fallito|move: Toxic Spikes\n|-enditem|p2a: Smick|White Herb\n|-clearnegativeboost|p2a: Smick|[silent]\n|-enditem|p1a: Glimmora|Red Card|[of] p2a: Smick\n|drag|p2a: We are Nintendo|Garganacl, M|100\/100\n|move|p1a: Glimmora|Stealth Rock|p2a: We are Nintendo\n|-sidestart|p2: Donato Fallito|move: Stealth Rock\n|\n|upkeep\n|turn|3\n|inactive|Simeon2004 has 120 seconds left.\n|\n|t:|1701006528\n|move|p1a: Glimmora|Earth Power|p2a: We are Nintendo\n|-supereffective|p2a: We are Nintendo\n|-damage|p2a: We are Nintendo|54\/100\n|move|p2a: We are Nintendo|Iron Defense|p2a: We are Nintendo\n|-boost|p2a: We are Nintendo|def|2\n|\n|-heal|p2a: We are Nintendo|61\/100|[from] item: Leftovers\n|upkeep\n|turn|4\n|\n|t:|1701006541\n|move|p1a: Glimmora|Earth Power|p2a: We are Nintendo\n|-supereffective|p2a: We are Nintendo\n|-damage|p2a: We are Nintendo|15\/100\n|move|p2a: We are Nintendo|Recover|p2a: We are Nintendo\n|-heal|p2a: We are Nintendo|65\/100\n|\n|-heal|p2a: We are Nintendo|71\/100|[from] item: Leftovers\n|upkeep\n|turn|5\n|\n|t:|1701006548\n|-terastallize|p2a: We are Nintendo|Ghost\n|move|p1a: Glimmora|Earth Power|p2a: We are Nintendo\n|-damage|p2a: We are Nintendo|48\/100\n|move|p2a: We are Nintendo|Salt Cure|p1a: Glimmora\n|-damage|p1a: Glimmora|32\/100\n|-start|p1a: Glimmora|Salt Cure\n|-activate|p1a: Glimmora|ability: Toxic Debris\n|-sidestart|p2: Donato Fallito|move: Toxic Spikes\n|\n|-heal|p2a: We are Nintendo|54\/100|[from] item: Leftovers\n|-damage|p1a: Glimmora|20\/100|[from] Salt Cure\n|-fieldend|move: Electric Terrain\n|upkeep\n|turn|6\n|\n|t:|1701006558\n|switch|p1a: Greninja|Greninja, M|100\/100\n|move|p2a: We are Nintendo|Recover|p2a: We are Nintendo\n|-heal|p2a: We are Nintendo|100\/100\n|\n|upkeep\n|turn|7\n|\n|t:|1701006563\n|move|p1a: Greninja|Dark Pulse|p2a: We are Nintendo\n|-supereffective|p2a: We are Nintendo\n|-damage|p2a: We are Nintendo|50\/100\n|cant|p2a: We are Nintendo|flinch\n|\n|-heal|p2a: We are Nintendo|56\/100|[from] item: Leftovers\n|upkeep\n|turn|8\n|\n|t:|1701006573\n|move|p1a: Greninja|Dark Pulse|p2a: We are Nintendo\n|-supereffective|p2a: We are Nintendo\n|-damage|p2a: We are Nintendo|10\/100\n|move|p2a: We are Nintendo|Body Press|p1a: Greninja\n|-supereffective|p1a: Greninja\n|-damage|p1a: Greninja|0 fnt\n|faint|p1a: Greninja\n|\n|-heal|p2a: We are Nintendo|16\/100|[from] item: Leftovers\n|upkeep\n|\n|t:|1701006591\n|switch|p1a: Charizard|Charizard, M|100\/100\n|turn|9\n|\n|t:|1701006597\n|detailschange|p1a: Charizard|Charizard-Mega-Y, M\n|-mega|p1a: Charizard|Charizard|Charizardite Y\n|-weather|SunnyDay|[from] ability: Drought|[of] p1a: Charizard\n|move|p1a: Charizard|Scorching Sands|p2a: We are Nintendo\n|-damage|p2a: We are Nintendo|0 fnt\n|faint|p2a: We are Nintendo\n|\n|-weather|SunnyDay|[upkeep]\n|upkeep\n|\n|t:|1701006610\n|switch|p2a: Duck Hunt|Dachsbun, M|100\/100\n|-status|p2a: Duck Hunt|tox\n|-damage|p2a: Duck Hunt|88\/100 tox|[from] Stealth Rock\n|turn|10\n|\n|t:|1701006616\n|switch|p1a: Glimmora|Glimmora, M|20\/100\n|move|p2a: Duck Hunt|Play Rough|p1a: Glimmora\n|-resisted|p1a: Glimmora\n|-damage|p1a: Glimmora|7\/100\n|\n|-weather|SunnyDay|[upkeep]\n|-heal|p2a: Duck Hunt|94\/100 tox|[from] item: Leftovers\n|-damage|p2a: Duck Hunt|88\/100 tox|[from] psn\n|upkeep\n|turn|11\n|\n|t:|1701006624\n|move|p2a: Duck Hunt|Body Press|p1a: Glimmora\n|-damage|p1a: Glimmora|0 fnt\n|faint|p1a: Glimmora\n|\n|-weather|SunnyDay|[upkeep]\n|-heal|p2a: Duck Hunt|94\/100 tox|[from] item: Leftovers\n|-damage|p2a: Duck Hunt|82\/100 tox|[from] psn\n|upkeep\n|\n|t:|1701006629\n|switch|p1a: Gliscor|Gliscor, M|100\/100\n|turn|12\n|\n|t:|1701006635\n|move|p1a: Gliscor|Knock Off|p2a: Duck Hunt\n|-resisted|p2a: Duck Hunt\n|-damage|p2a: Duck Hunt|74\/100 tox\n|-enditem|p2a: Duck Hunt|Leftovers|[from] move: Knock Off|[of] p1a: Gliscor\n|move|p2a: Duck Hunt|Wish|p2a: Duck Hunt\n|\n|-weather|SunnyDay|[upkeep]\n|-damage|p2a: Duck Hunt|56\/100 tox|[from] psn\n|-status|p1a: Gliscor|tox|[from] item: Toxic Orb\n|upkeep\n|turn|13\n|\n|t:|1701006640\n|switch|p2a: Smick|Hawlucha, M|100\/100\n|-damage|p2a: Smick|88\/100|[from] Stealth Rock\n|move|p1a: Gliscor|Toxic|p2a: Smick\n|-status|p2a: Smick|tox\n|\n|-weather|none\n|-heal|p2a: Smick|100\/100 tox|[from] move: Wish|[wisher] Duck Hunt\n|-damage|p2a: Smick|94\/100 tox|[from] psn\n|upkeep\n|turn|14\n|\n|t:|1701006646\n|move|p2a: Smick|Swords Dance|p2a: Smick\n|-boost|p2a: Smick|atk|2\n|move|p1a: Gliscor|Spikes|p2a: Smick\n|-sidestart|p2: Donato Fallito|Spikes\n|\n|-damage|p2a: Smick|82\/100 tox|[from] psn\n|upkeep\n|turn|15\n|\n|t:|1701006651\n|move|p2a: Smick|Acrobatics|p1a: Gliscor\n|-damage|p1a: Gliscor|34\/100 tox\n|move|p1a: Gliscor|Spikes|p2a: Smick\n|-sidestart|p2: Donato Fallito|Spikes\n|\n|-damage|p2a: Smick|64\/100 tox|[from] psn\n|-heal|p1a: Gliscor|47\/100 tox|[from] ability: Poison Heal\n|upkeep\n|turn|16\n|\n|t:|1701006654\n|move|p2a: Smick|Acrobatics|p1a: Gliscor\n|-damage|p1a: Gliscor|0 fnt\n|faint|p1a: Gliscor\n|\n|-damage|p2a: Smick|40\/100 tox|[from] psn\n|upkeep\n|\n|t:|1701006657\n|switch|p1a: Charizard|Charizard-Mega-Y, M|100\/100\n|-weather|SunnyDay|[from] ability: Drought|[of] p1a: Charizard\n|turn|17\n|\n|t:|1701006661\n|move|p2a: Smick|Acrobatics|p1a: Charizard\n|-damage|p1a: Charizard|0 fnt\n|faint|p1a: Charizard\n|\n|-weather|SunnyDay|[upkeep]\n|-damage|p2a: Smick|10\/100 tox|[from] psn\n|upkeep\n|\n|t:|1701006665\n|switch|p1a: Lilligant|Lilligant-Hisui, F|100\/100\n|turn|18\n|\n|t:|1701006667\n|move|p1a: Lilligant|Leaf Blade|p2a: Smick\n|-resisted|p2a: Smick\n|-damage|p2a: Smick|0 fnt\n|faint|p2a: Smick\n|\n|-weather|SunnyDay|[upkeep]\n|upkeep\n|\n|t:|1701006677\n|switch|p2a: Lakitu|Tornadus, M|100\/100\n|turn|19\n|\n|t:|1701006681\n|-terastallize|p1a: Lilligant|Flying\n|move|p1a: Lilligant|Victory Dance|p1a: Lilligant\n|-boost|p1a: Lilligant|atk|1\n|-boost|p1a: Lilligant|def|1\n|-boost|p1a: Lilligant|spe|1\n|move|p2a: Lakitu|Heat Wave|p1a: Lilligant\n|-damage|p1a: Lilligant|23\/100\n|\n|-weather|SunnyDay|[upkeep]\n|upkeep\n|turn|20\n|\n|t:|1701006690\n|move|p1a: Lilligant|Acrobatics|p2a: Lakitu\n|-damage|p2a: Lakitu|43\/100\n|move|p2a: Lakitu|Sludge Bomb|p1a: Lilligant\n|-damage|p1a: Lilligant|0 fnt\n|faint|p1a: Lilligant\n|\n|win|Donato Fallito\n|raw|Simeon2004's rating: 1387 &rarr; <strong>1363<\/strong><br \/>(-24 for losing)\n|raw|Donato Fallito's rating: 1310 &rarr; <strong>1334<\/strong><br \/>(+24 for winning)\n|l|\u2606Simeon2004\n","uploadtime":1701006700,"views":2,"p1id":"simeon2004","p2id":"donatofallito","formatid":"gen9nationaldex","rating":1334,"private":0,"password":""}