{"id":"gen9nationaldex-1989958629","p1":"hooyeaauuhhh","p2":"Theadonia","format":"[Gen 9] National Dex","log":"|j|\u203dhooyeaauuhhh\n|j|\u2606Theadonia\n|t:|1699910217\n|gametype|singles\n|player|p1|hooyeaauuhhh|li|1172\n|player|p2|Theadonia|roxie|1198\n|teamsize|p1|6\n|teamsize|p2|6\n|gen|9\n|tier|[Gen 9] National Dex\n|rated|\n|rule|HP Percentage Mod: HP is shown in percentages\n|rule|Endless Battle Clause: Forcing endless battles is banned\n|rule|OHKO Clause: OHKO moves are banned\n|rule|Evasion Clause: Evasion abilities, items, and moves are banned\n|rule|Evasion Abilities Clause: Evasion abilities are banned\n|rule|Evasion Items Clause: Evasion items are banned\n|rule|Evasion Moves Clause: Evasion moves are banned\n|rule|Species Clause: Limit one of each Pok\u00e9mon\n|rule|Sleep Clause Mod: Limit one foe put to sleep\n|clearpoke\n|poke|p1|Zygarde-10%|\n|poke|p1|Arbok, M|\n|poke|p1|Rhydon, F|\n|poke|p1|Nidoking, M|\n|poke|p1|Nidoqueen, F|\n|poke|p1|Blastoise, M|\n|poke|p2|Torterra, F|\n|poke|p2|Furret, M|\n|poke|p2|Ribombee, M|\n|poke|p2|Arcanine-Hisui, F|\n|poke|p2|Gyarados, F|\n|poke|p2|Muk-Alola, F|\n|teampreview\n|inactive|Battle timer is ON: inactive players will automatically lose when time's up. (requested by hooyeaauuhhh)\n|\n|t:|1699910226\n|start\n|switch|p1a: Arbok|Arbok, M, shiny|100\/100\n|switch|p2a: Ribombee|Ribombee, M|100\/100\n|-ability|p1a: Arbok|Intimidate|boost\n|-unboost|p2a: Ribombee|atk|1\n|turn|1\n|\n|t:|1699910232\n|move|p1a: Arbok|Switcheroo|p2a: Ribombee\n|-activate|p1a: Arbok|move: Trick|[of] p2a: Ribombee\n|-item|p2a: Ribombee|Choice Scarf|[from] move: Switcheroo\n|-item|p1a: Arbok|Focus Sash|[from] move: Switcheroo\n|move|p2a: Ribombee|Stun Spore|p1a: Arbok\n|-status|p1a: Arbok|par\n|\n|upkeep\n|turn|2\n|\n|t:|1699910243\n|switch|p2a: Muk|Muk-Alola, F, shiny|100\/100\n|cant|p1a: Arbok|par\n|\n|upkeep\n|turn|3\n|\n|t:|1699910248\n|move|p1a: Arbok|Coil|p1a: Arbok\n|-boost|p1a: Arbok|atk|1\n|-boost|p1a: Arbok|def|1\n|-boost|p1a: Arbok|accuracy|1\n|move|p2a: Muk|Acid Armor|p2a: Muk\n|-boost|p2a: Muk|def|2\n|\n|upkeep\n|turn|4\n|\n|t:|1699910256\n|switch|p1a: Rhydon|Rhydon, F, shiny|100\/100\n|move|p2a: Muk|Acid Armor|p2a: Muk\n|-boost|p2a: Muk|def|2\n|\n|upkeep\n|turn|5\n|\n|t:|1699910260\n|move|p2a: Muk|Drain Punch|p1a: Rhydon\n|-supereffective|p1a: Rhydon\n|-crit|p1a: Rhydon\n|-damage|p1a: Rhydon|65\/100\n|move|p1a: Rhydon|Stealth Rock|p2a: Muk\n|-sidestart|p2: Theadonia|move: Stealth Rock\n|\n|upkeep\n|turn|6\n|\n|t:|1699910266\n|move|p2a: Muk|Knock Off|p1a: Rhydon\n|-damage|p1a: Rhydon|41\/100\n|-status|p1a: Rhydon|psn|[from] ability: Poison Touch|[of] p2a: Muk\n|-enditem|p1a: Rhydon|Eviolite|[from] move: Knock Off|[of] p2a: Muk\n|move|p1a: Rhydon|Bulldoze|p2a: Muk\n|-supereffective|p2a: Muk\n|-damage|p2a: Muk|83\/100\n|-unboost|p2a: Muk|spe|1\n|\n|-heal|p2a: Muk|89\/100|[from] item: Black Sludge\n|-damage|p1a: Rhydon|29\/100 psn|[from] psn\n|upkeep\n|turn|7\n|\n|t:|1699910270\n|move|p1a: Rhydon|Bulldoze|p2a: Muk\n|-supereffective|p2a: Muk\n|-damage|p2a: Muk|70\/100\n|-unboost|p2a: Muk|spe|1\n|move|p2a: Muk|Drain Punch|p1a: Rhydon\n|-supereffective|p1a: Rhydon\n|-damage|p1a: Rhydon|0 fnt\n|-heal|p2a: Muk|85\/100|[from] drain|[of] p1a: Rhydon\n|faint|p1a: Rhydon\n|\n|-heal|p2a: Muk|91\/100|[from] item: Black Sludge\n|upkeep\n|\n|t:|1699910274\n|switch|p1a: Nidoqueen|Nidoqueen, F, shiny|100\/100\n|turn|8\n|\n|t:|1699910281\n|move|p2a: Muk|Knock Off|p1a: Nidoqueen\n|-damage|p1a: Nidoqueen|60\/100\n|-enditem|p1a: Nidoqueen|Leftovers|[from] move: Knock Off|[of] p2a: Muk\n|move|p1a: Nidoqueen|Roar|p2a: Muk\n|drag|p2a: Ribombee|Ribombee, M|100\/100\n|-damage|p2a: Ribombee|76\/100|[from] Stealth Rock\n|\n|upkeep\n|turn|9\n|\n|t:|1699910291\n|switch|p1a: Blastoise|Blastoise, M, shiny|100\/100\n|move|p2a: Ribombee|Sticky Web|p1a: Blastoise\n|-sidestart|p1: hooyeaauuhhh|move: Sticky Web\n|\n|upkeep\n|turn|10\n|\n|t:|1699910300\n|switch|p2a: Gyarados|Gyarados, F, shiny|100\/100\n|-damage|p2a: Gyarados|76\/100|[from] Stealth Rock\n|-ability|p2a: Gyarados|Intimidate|boost\n|-unboost|p1a: Blastoise|atk|1\n|move|p1a: Blastoise|Shell Smash|p1a: Blastoise\n|-unboost|p1a: Blastoise|def|1\n|-unboost|p1a: Blastoise|spd|1\n|-boost|p1a: Blastoise|atk|2\n|-boost|p1a: Blastoise|spa|2\n|-boost|p1a: Blastoise|spe|2\n|\n|upkeep\n|turn|11\n|\n|t:|1699910307\n|detailschange|p2a: Gyarados|Gyarados-Mega, F, shiny\n|-mega|p2a: Gyarados|Gyarados|Gyaradosite\n|-ability|p2a: Gyarados|Mold Breaker\n|move|p1a: Blastoise|Shell Smash|p1a: Blastoise\n|-unboost|p1a: Blastoise|def|1\n|-unboost|p1a: Blastoise|spd|1\n|-boost|p1a: Blastoise|atk|2\n|-boost|p1a: Blastoise|spa|2\n|-boost|p1a: Blastoise|spe|2\n|move|p2a: Gyarados|Crunch|p1a: Blastoise\n|-enditem|p1a: Blastoise|Focus Sash\n|-damage|p1a: Blastoise|1\/100\n|\n|upkeep\n|turn|12\n|\n|t:|1699910320\n|-terastallize|p1a: Blastoise|Water\n|move|p1a: Blastoise|Surf|p2a: Gyarados\n|-resisted|p2a: Gyarados\n|-damage|p2a: Gyarados|0 fnt\n|faint|p2a: Gyarados\n|\n|upkeep\n|\n|t:|1699910324\n|switch|p2a: Furret|Furret, M|100\/100\n|turn|13\n|\n|t:|1699910327\n|move|p2a: Furret|Sucker Punch|p1a: Blastoise\n|-damage|p1a: Blastoise|0 fnt\n|faint|p1a: Blastoise\n|\n|upkeep\n|\n|t:|1699910343\n|switch|p1a: Nidoking|Nidoking, M, shiny|100\/100\n|-activate|p1a: Nidoking|move: Sticky Web\n|-unboost|p1a: Nidoking|spe|1\n|turn|14\n|\n|t:|1699910348\n|move|p2a: Furret|Knock Off|p1a: Nidoking\n|-damage|p1a: Nidoking|69\/100\n|-enditem|p1a: Nidoking|Expert Belt|[from] move: Knock Off|[of] p2a: Furret\n|move|p1a: Nidoking|Earth Power|p2a: Furret\n|-damage|p2a: Furret|19\/100\n|\n|upkeep\n|turn|15\n|\n|t:|1699910354\n|switch|p1a: Arbok|Arbok, M, shiny|100\/100 par\n|-activate|p1a: Arbok|move: Sticky Web\n|-unboost|p1a: Arbok|spe|1\n|-ability|p1a: Arbok|Intimidate|boost\n|-unboost|p2a: Furret|atk|1\n|move|p2a: Furret|Return|p1a: Arbok\n|-damage|p1a: Arbok|58\/100 par\n|\n|upkeep\n|turn|16\n|\n|t:|1699910362\n|move|p2a: Furret|Return|p1a: Arbok\n|-damage|p1a: Arbok|15\/100 par\n|move|p1a: Arbok|Gunk Shot|p2a: Furret\n|-damage|p2a: Furret|0 fnt\n|faint|p2a: Furret\n|\n|upkeep\n|\n|t:|1699910371\n|switch|p2a: Ribombee|Ribombee, M|76\/100\n|-damage|p2a: Ribombee|51\/100|[from] Stealth Rock\n|turn|17\n|\n|t:|1699910375\n|move|p2a: Ribombee|Pollen Puff|p1a: Arbok\n|-resisted|p1a: Arbok\n|-damage|p1a: Arbok|0 fnt\n|faint|p1a: Arbok\n|\n|upkeep\n|\n|t:|1699910384\n|switch|p1a: Zygarde|Zygarde-10%, shiny|100\/100\n|-activate|p1a: Zygarde|move: Sticky Web\n|-unboost|p1a: Zygarde|spe|1\n|-ability|p1a: Zygarde|Aura Break\n|turn|18\n|\n|t:|1699910389\n|switch|p2a: Muk|Muk-Alola, F, shiny|91\/100\n|-damage|p2a: Muk|78\/100|[from] Stealth Rock\n|move|p1a: Zygarde|Dragon Dance|p1a: Zygarde\n|-boost|p1a: Zygarde|atk|1\n|-boost|p1a: Zygarde|spe|1\n|\n|-heal|p2a: Muk|84\/100|[from] item: Black Sludge\n|upkeep\n|turn|19\n|\n|t:|1699910395\n|-terastallize|p2a: Muk|Flying\n|move|p1a: Zygarde|Dragon Dance|p1a: Zygarde\n|-boost|p1a: Zygarde|atk|1\n|-boost|p1a: Zygarde|spe|1\n|move|p2a: Muk|Acid Armor|p2a: Muk\n|-boost|p2a: Muk|def|2\n|\n|-damage|p2a: Muk|72\/100|[from] item: Black Sludge\n|upkeep\n|turn|20\n|\n|t:|1699910400\n|move|p1a: Zygarde|Thousand Arrows|p2a: Muk\n|-damage|p2a: Muk|15\/100\n|-start|p2a: Muk|Smack Down\n|-damage|p1a: Zygarde|90\/100|[from] item: Life Orb\n|move|p2a: Muk|Knock Off|p1a: Zygarde\n|-damage|p1a: Zygarde|0 fnt\n|-enditem|p1a: Zygarde|Life Orb|[from] move: Knock Off|[of] p2a: Muk\n|faint|p1a: Zygarde\n|\n|-damage|p2a: Muk|3\/100|[from] item: Black Sludge\n|upkeep\n|\n|t:|1699910409\n|switch|p1a: Nidoqueen|Nidoqueen, F, shiny|60\/100\n|-activate|p1a: Nidoqueen|move: Sticky Web\n|-unboost|p1a: Nidoqueen|spe|1\n|turn|21\n|\n|t:|1699910414\n|move|p2a: Muk|Knock Off|p1a: Nidoqueen\n|-damage|p1a: Nidoqueen|36\/100\n|move|p1a: Nidoqueen|Roar|p2a: Muk\n|drag|p2a: Arcanine|Arcanine-Hisui, F, shiny|100\/100\n|-damage|p2a: Arcanine|76\/100|[from] Stealth Rock\n|\n|upkeep\n|turn|22\n|\n|t:|1699910422\n|move|p2a: Arcanine|Flare Blitz|p1a: Nidoqueen\n|-damage|p1a: Nidoqueen|0 fnt\n|-status|p2a: Arcanine|psn|[from] ability: Poison Point|[of] p1a: Nidoqueen\n|faint|p1a: Nidoqueen\n|\n|-damage|p2a: Arcanine|63\/100 psn|[from] psn\n|upkeep\n|\n|t:|1699910427\n|switch|p1a: Nidoking|Nidoking, M, shiny|69\/100\n|-activate|p1a: Nidoking|move: Sticky Web\n|-unboost|p1a: Nidoking|spe|1\n|turn|23\n|\n|t:|1699910433\n|move|p2a: Arcanine|Flare Blitz|p1a: Nidoking\n|-damage|p1a: Nidoking|0 fnt\n|faint|p1a: Nidoking\n|\n|win|Theadonia\n|raw|hooyeaauuhhh's rating: 1172 &rarr; <strong>1149<\/strong><br \/>(-23 for losing)\n|raw|Theadonia's rating: 1198 &rarr; <strong>1221<\/strong><br \/>(+23 for winning)\n|l|\u203dhooyeaauuhhh\n","uploadtime":1699910440,"views":13,"p1id":"hooyeaauuhhh","p2id":"theadonia","formatid":"gen9nationaldex","rating":1149,"private":0,"password":""}