{"id":"gen9nationaldex-1988581256","p1":"KillerZodiac03","p2":"ericmont","format":"[Gen 9] National Dex","log":"|j|\u2606KillerZodiac03\n|j|\u2606ericmont\n|t:|1699738463\n|gametype|singles\n|player|p1|KillerZodiac03|ghetsis-gen5bw|\n|player|p2|ericmont|bertha|\n|teamsize|p1|6\n|teamsize|p2|6\n|gen|9\n|tier|[Gen 9] National Dex\n|rule|HP Percentage Mod: HP is shown in percentages\n|rule|Endless Battle Clause: Forcing endless battles is banned\n|rule|OHKO Clause: OHKO moves are banned\n|rule|Evasion Clause: Evasion abilities, items, and moves are banned\n|rule|Evasion Abilities Clause: Evasion abilities are banned\n|rule|Evasion Items Clause: Evasion items are banned\n|rule|Evasion Moves Clause: Evasion moves are banned\n|rule|Species Clause: Limit one of each Pok\u00e9mon\n|rule|Sleep Clause Mod: Limit one foe put to sleep\n|clearpoke\n|poke|p1|Charizard, M|\n|poke|p1|Metagross|\n|poke|p1|Garganacl, M|\n|poke|p1|Urshifu-*, M|\n|poke|p1|Kartana|\n|poke|p1|Grimmsnarl, M|\n|poke|p2|Hippowdon, M|\n|poke|p2|Gastrodon, F|\n|poke|p2|Iron Moth|\n|poke|p2|Sandy Shocks|\n|poke|p2|Great Tusk|\n|poke|p2|Garchomp, M|\n|teampreview\n|\n|t:|1699738497\n|start\n|switch|p1a: Grimmsnarl|Grimmsnarl, M|100\/100\n|switch|p2a: Iron Moth|Iron Moth|100\/100\n|turn|1\n|\n|t:|1699738512\n|-end|p2a: Iron Moth|Quark Drive|[silent]\n|switch|p2a: Hippowdon|Hippowdon, M|100\/100\n|-weather|Sandstorm|[from] ability: Sand Stream|[of] p2a: Hippowdon\n|move|p1a: Grimmsnarl|Thunder Wave|p2a: Hippowdon\n|-immune|p2a: Hippowdon\n|\n|-weather|Sandstorm|[upkeep]\n|-damage|p1a: Grimmsnarl|94\/100|[from] Sandstorm\n|upkeep\n|turn|2\n|\n|t:|1699738521\n|move|p1a: Grimmsnarl|Reflect|p1a: Grimmsnarl\n|-sidestart|p1: KillerZodiac03|Reflect\n|move|p2a: Hippowdon|Stealth Rock|p1a: Grimmsnarl\n|-sidestart|p1: KillerZodiac03|move: Stealth Rock\n|\n|-weather|Sandstorm|[upkeep]\n|-damage|p1a: Grimmsnarl|88\/100|[from] Sandstorm\n|upkeep\n|turn|3\n|\n|t:|1699738537\n|move|p1a: Grimmsnarl|Parting Shot|p2a: Hippowdon\n|-unboost|p2a: Hippowdon|atk|1\n|-unboost|p2a: Hippowdon|spa|1\n|\n|t:|1699738542\n|switch|p1a: Garganacl|Garganacl, M, shiny|100\/100|[from] Parting Shot\n|-damage|p1a: Garganacl|88\/100|[from] Stealth Rock\n|move|p2a: Hippowdon|Whirlwind|p1a: Garganacl\n|drag|p1a: Urshifu|Urshifu-Rapid-Strike, M|100\/100\n|-damage|p1a: Urshifu|94\/100|[from] Stealth Rock\n|\n|-weather|Sandstorm|[upkeep]\n|-damage|p1a: Urshifu|88\/100|[from] Sandstorm\n|upkeep\n|turn|4\n|\n|t:|1699738552\n|switch|p2a: Gastrodon|Gastrodon, F|100\/100\n|move|p1a: Urshifu|Surging Strikes|p2a: Gastrodon\n|-ability|p2a: Gastrodon|Storm Drain|boost\n|-boost|p2a: Gastrodon|spa|1\n|\n|-weather|Sandstorm|[upkeep]\n|-damage|p1a: Urshifu|82\/100|[from] Sandstorm\n|upkeep\n|turn|5\n|\n|t:|1699738565\n|switch|p1a: Grimmsnarl|Grimmsnarl, M|88\/100\n|-damage|p1a: Grimmsnarl|76\/100|[from] Stealth Rock\n|move|p2a: Gastrodon|Scald|p1a: Grimmsnarl\n|-damage|p1a: Grimmsnarl|37\/100\n|\n|-weather|none\n|upkeep\n|turn|6\n|\n|t:|1699738573\n|move|p1a: Grimmsnarl|Parting Shot|p2a: Gastrodon\n|-unboost|p2a: Gastrodon|atk|1\n|-unboost|p2a: Gastrodon|spa|1\n|\n|t:|1699738577\n|switch|p1a: Kartana|Kartana|100\/100|[from] Parting Shot\n|-damage|p1a: Kartana|94\/100|[from] Stealth Rock\n|move|p2a: Gastrodon|Scald|p1a: Kartana\n|-resisted|p1a: Kartana\n|-damage|p1a: Kartana|51\/100\n|\n|upkeep\n|turn|7\n|\n|t:|1699738615\n|switch|p2a: Hippowdon|Hippowdon, M|100\/100\n|-weather|Sandstorm|[from] ability: Sand Stream|[of] p2a: Hippowdon\n|move|p1a: Kartana|Smart Strike|p2a: Hippowdon\n|-damage|p2a: Hippowdon|74\/100\n|\n|-weather|Sandstorm|[upkeep]\n|-heal|p2a: Hippowdon|80\/100|[from] item: Leftovers\n|upkeep\n|turn|8\n|\n|t:|1699738627\n|switch|p1a: Grimmsnarl|Grimmsnarl, M|37\/100\n|-damage|p1a: Grimmsnarl|24\/100|[from] Stealth Rock\n|move|p2a: Hippowdon|Earthquake|p1a: Grimmsnarl\n|-damage|p1a: Grimmsnarl|6\/100\n|\n|-weather|Sandstorm|[upkeep]\n|-damage|p1a: Grimmsnarl|0 fnt|[from] Sandstorm\n|faint|p1a: Grimmsnarl\n|-heal|p2a: Hippowdon|86\/100|[from] item: Leftovers\n|upkeep\n|\n|t:|1699738639\n|switch|p1a: Kartana|Kartana|51\/100\n|-damage|p1a: Kartana|45\/100|[from] Stealth Rock\n|turn|9\n|\n|t:|1699738644\n|move|p1a: Kartana|Leaf Blade|p2a: Hippowdon\n|-supereffective|p2a: Hippowdon\n|-crit|p2a: Hippowdon\n|-damage|p2a: Hippowdon|0 fnt\n|faint|p2a: Hippowdon\n|-ability|p1a: Kartana|Beast Boost|boost\n|-boost|p1a: Kartana|atk|1\n|\n|-weather|Sandstorm|[upkeep]\n|-sideend|p1: KillerZodiac03|Reflect\n|upkeep\n|\n|t:|1699738652\n|switch|p2a: Iron Moth|Iron Moth|100\/100\n|turn|10\n|\n|t:|1699738661\n|move|p1a: Kartana|Leaf Blade|p2a: Iron Moth\n|-resisted|p2a: Iron Moth\n|-damage|p2a: Iron Moth|63\/100\n|move|p2a: Iron Moth|Fiery Dance|p1a: Kartana\n|-supereffective|p1a: Kartana\n|-damage|p1a: Kartana|0 fnt\n|faint|p1a: Kartana\n|\n|-weather|Sandstorm|[upkeep]\n|-damage|p2a: Iron Moth|57\/100|[from] Sandstorm\n|upkeep\n|\n|t:|1699738677\n|switch|p1a: Charizard|Charizard, M, shiny|100\/100\n|-damage|p1a: Charizard|51\/100|[from] Stealth Rock\n|turn|11\n|\n|t:|1699738698\n|detailschange|p1a: Charizard|Charizard-Mega-Y, M, shiny\n|-mega|p1a: Charizard|Charizard|Charizardite Y\n|-weather|SunnyDay|[from] ability: Drought|[of] p1a: Charizard\n|move|p2a: Iron Moth|Sludge Wave|p1a: Charizard\n|-damage|p1a: Charizard|0 fnt\n|faint|p1a: Charizard\n|\n|-weather|SunnyDay|[upkeep]\n|upkeep\n|\n|t:|1699738710\n|switch|p1a: Garganacl|Garganacl, M, shiny|88\/100\n|-damage|p1a: Garganacl|76\/100|[from] Stealth Rock\n|turn|12\n|\n|t:|1699738741\n|move|p2a: Iron Moth|Energy Ball|p1a: Garganacl\n|-supereffective|p1a: Garganacl\n|-damage|p1a: Garganacl|21\/100\n|move|p1a: Garganacl|Salt Cure|p2a: Iron Moth\n|-supereffective|p2a: Iron Moth\n|-damage|p2a: Iron Moth|4\/100\n|-start|p2a: Iron Moth|Salt Cure\n|\n|-weather|SunnyDay|[upkeep]\n|-heal|p1a: Garganacl|27\/100|[from] item: Leftovers\n|-damage|p2a: Iron Moth|0 fnt|[from] Salt Cure\n|faint|p2a: Iron Moth\n|-end|p2a: Iron Moth|Quark Drive|[silent]\n|upkeep\n|\n|t:|1699738746\n|switch|p2a: Great Tusk|Great Tusk|100\/100\n|-activate|p2a: Great Tusk|ability: Protosynthesis\n|-start|p2a: Great Tusk|protosynthesisatk\n|turn|13\n|\n|t:|1699738755\n|-terastallize|p1a: Garganacl|Ghost\n|move|p2a: Great Tusk|Headlong Rush|p1a: Garganacl\n|-damage|p1a: Garganacl|0 fnt\n|-unboost|p2a: Great Tusk|def|1\n|-unboost|p2a: Great Tusk|spd|1\n|faint|p1a: Garganacl\n|\n|-weather|SunnyDay|[upkeep]\n|upkeep\n|\n|t:|1699738772\n|switch|p1a: Urshifu|Urshifu-Rapid-Strike, M|82\/100\n|-damage|p1a: Urshifu|76\/100|[from] Stealth Rock\n|turn|14\n|\n|t:|1699738813\n|move|p2a: Great Tusk|Headlong Rush|p1a: Urshifu\n|-damage|p1a: Urshifu|0 fnt\n|-unboost|p2a: Great Tusk|def|1\n|-unboost|p2a: Great Tusk|spd|1\n|faint|p1a: Urshifu\n|\n|-weather|SunnyDay|[upkeep]\n|upkeep\n|\n|t:|1699738822\n|switch|p1a: Metagross|Metagross, shiny|100\/100\n|-damage|p1a: Metagross|95\/100|[from] Stealth Rock\n|turn|15\n|c|\u2606KillerZodiac03|scarf no?\n|j| Sai4rr\n|c|\u2606ericmont|y\n|\n|t:|1699738873\n|move|p2a: Great Tusk|Headlong Rush|p1a: Metagross\n|-supereffective|p1a: Metagross\n|-damage|p1a: Metagross|0 fnt\n|-unboost|p2a: Great Tusk|def|1\n|-unboost|p2a: Great Tusk|spd|1\n|faint|p1a: Metagross\n|\n|win|ericmont\n|l|\u2606KillerZodiac03\n","uploadtime":1699738881,"views":6,"p1id":"killerzodiac03","p2id":"ericmont","formatid":"gen9nationaldex","rating":0,"private":0,"password":""}