{"id":"gen9nationaldex-1997636040","p1":"TexanFarmersMarket","p2":"sarahstevens2004","format":"[Gen 9] National Dex","log":"|html|<div class=\"broadcast-blue\"><strong>[Gen 9] National Dex is currently suspecting Sneasler! For information on how to participate check out the <a href=\"https:\/\/www.smogon.com\/forums\/threads\/sv-national-dex-suspect-8-just-dance.3731534\/\">suspect thread<\/a>.<\/strong><\/div>\n|j|\u2606TexanFarmersMarket\n|j|\u2606sarahstevens2004\n|t:|1700835843\n|gametype|singles\n|player|p1|TexanFarmersMarket|artist-gen4|\n|player|p2|sarahstevens2004|falkner|\n|teamsize|p1|6\n|teamsize|p2|6\n|gen|9\n|tier|[Gen 9] National Dex\n|rule|HP Percentage Mod: HP is shown in percentages\n|rule|Endless Battle Clause: Forcing endless battles is banned\n|rule|OHKO Clause: OHKO moves are banned\n|rule|Evasion Clause: Evasion abilities, items, and moves are banned\n|rule|Evasion Abilities Clause: Evasion abilities are banned\n|rule|Evasion Items Clause: Evasion items are banned\n|rule|Evasion Moves Clause: Evasion moves are banned\n|rule|Species Clause: Limit one of each Pok\u00e9mon\n|rule|Sleep Clause Mod: Limit one foe put to sleep\n|clearpoke\n|poke|p1|Farigiraf, M|\n|poke|p1|Ditto|\n|poke|p1|Swellow, F|\n|poke|p1|Ursaluna, F|\n|poke|p1|Zoroark-Hisui, M|\n|poke|p1|Lopunny, M|\n|poke|p2|Ribombee, F|\n|poke|p2|Tapu Fini|\n|poke|p2|Zamazenta-*|\n|poke|p2|Sneasler, F|\n|poke|p2|Iron Valiant|\n|poke|p2|Scizor, M|\n|teampreview\n|inactive|Battle timer is ON: inactive players will automatically lose when time's up. (requested by TexanFarmersMarket)\n|\n|t:|1700835851\n|start\n|switch|p1a: Lopunny|Lopunny, M|100\/100\n|switch|p2a: Ribombee|Ribombee, F, shiny|100\/100\n|turn|1\n|c|\u2606TexanFarmersMarket|glhf\n|\n|t:|1700835854\n|move|p2a: Ribombee|Sticky Web|p1a: Lopunny\n|-sidestart|p1: TexanFarmersMarket|move: Sticky Web\n|move|p1a: Lopunny|Taunt|p2a: Ribombee\n|-start|p2a: Ribombee|move: Taunt\n|\n|upkeep\n|turn|2\n|\n|t:|1700835860\n|switch|p1a: Ditto|Ditto|100\/100\n|-activate|p1a: Ditto|move: Sticky Web\n|-unboost|p1a: Ditto|spe|1\n|-transform|p1a: Ditto|p2a: Ribombee|[from] ability: Imposter\n|move|p2a: Ribombee|Moonblast|p1a: Ditto\n|-damage|p1a: Ditto|44\/100\n|\n|upkeep\n|turn|3\n|\n|t:|1700835868\n|move|p1a: Ditto|Sticky Web|p2a: Ribombee\n|-sidestart|p2: sarahstevens2004|move: Sticky Web\n|move|p2a: Ribombee|Moonblast|p1a: Ditto\n|-damage|p1a: Ditto|0 fnt\n|faint|p1a: Ditto\n|\n|upkeep\n|\n|t:|1700835880\n|switch|p1a: Ursaluna|Ursaluna, F|100\/100\n|-activate|p1a: Ursaluna|move: Sticky Web\n|-unboost|p1a: Ursaluna|spe|1\n|turn|4\n|c|\u2606sarahstevens2004|bye bye ditto :3\n|\n|t:|1700835886\n|move|p2a: Ribombee|Moonblast|p1a: Ursaluna\n|-damage|p1a: Ursaluna|67\/100\n|move|p1a: Ursaluna|Smack Down|p2a: Ribombee\n|-supereffective|p2a: Ribombee\n|-damage|p2a: Ribombee|25\/100\n|\n|-end|p2a: Ribombee|move: Taunt\n|-status|p1a: Ursaluna|brn|[from] item: Flame Orb\n|upkeep\n|turn|5\n|\n|t:|1700835897\n|switch|p2a: Zamazenta|Zamazenta|100\/100\n|-activate|p2a: Zamazenta|move: Sticky Web\n|-unboost|p2a: Zamazenta|spe|1\n|-ability|p2a: Zamazenta|Dauntless Shield|boost\n|-boost|p2a: Zamazenta|def|1\n|move|p1a: Ursaluna|Smack Down|p2a: Zamazenta\n|-resisted|p2a: Zamazenta\n|-damage|p2a: Zamazenta|92\/100\n|\n|-heal|p2a: Zamazenta|99\/100|[from] item: Leftovers\n|-damage|p1a: Ursaluna|61\/100 brn|[from] brn\n|upkeep\n|turn|6\n|\n|t:|1700835900\n|move|p2a: Zamazenta|Body Press|p1a: Ursaluna\n|-supereffective|p1a: Ursaluna\n|-crit|p1a: Ursaluna\n|-damage|p1a: Ursaluna|0 fnt\n|faint|p1a: Ursaluna\n|\n|-heal|p2a: Zamazenta|100\/100|[from] item: Leftovers\n|upkeep\n|\n|t:|1700835904\n|switch|p1a: Swellow|Swellow, F|100\/100\n|turn|7\n|\n|t:|1700835910\n|switch|p2a: Tapu Fini|Tapu Fini, shiny|100\/100\n|-activate|p2a: Tapu Fini|move: Sticky Web\n|-unboost|p2a: Tapu Fini|spe|1\n|-fieldstart|move: Misty Terrain|[from] ability: Misty Surge|[of] p2a: Tapu Fini\n|-terastallize|p1a: Swellow|Normal\n|move|p1a: Swellow|Boomburst|p2a: Tapu Fini\n|-damage|p2a: Tapu Fini|0 fnt\n|faint|p2a: Tapu Fini\n|\n|upkeep\n|j| Jack the Ripper21\n|\n|t:|1700835916\n|switch|p2a: Sneasler|Sneasler, F|100\/100\n|-activate|p2a: Sneasler|move: Sticky Web\n|-unboost|p2a: Sneasler|spe|1\n|-enditem|p2a: Sneasler|Misty Seed\n|-boost|p2a: Sneasler|spd|1|[from] item: Misty Seed\n|turn|8\n|c| Jack the Ripper21|IM HERE\n|\n|t:|1700835924\n|-terastallize|p2a: Sneasler|Flying\n|move|p2a: Sneasler|Acrobatics|p1a: Swellow\n|-damage|p1a: Swellow|0 fnt\n|faint|p1a: Swellow\n|\n|upkeep\n|\n|t:|1700835932\n|switch|p1a: Farigiraf|Farigiraf, M|100\/100\n|-activate|p1a: Farigiraf|move: Sticky Web\n|-unboost|p1a: Farigiraf|spe|1\n|turn|9\n|c|\u2606sarahstevens2004|Hi :3\n|\n|t:|1700835942\n|move|p2a: Sneasler|Acrobatics|p1a: Farigiraf\n|-damage|p1a: Farigiraf|41\/100\n|-enditem|p1a: Farigiraf|Sitrus Berry|[eat]\n|-heal|p1a: Farigiraf|66\/100|[from] item: Sitrus Berry\n|move|p1a: Farigiraf|Psychic|p2a: Sneasler\n|-damage|p2a: Sneasler|59\/100\n|\n|upkeep\n|turn|10\n|\n|t:|1700835951\n|move|p2a: Sneasler|Acrobatics|p1a: Farigiraf\n|-damage|p1a: Farigiraf|0 fnt\n|faint|p1a: Farigiraf\n|\n|upkeep\n|c| Jack the Ripper21|and im assuming your bout to die robert\n|\n|t:|1700835956\n|switch|p1a: Lopunny|Lopunny, M|100\/100\n|-activate|p1a: Lopunny|move: Sticky Web\n|-unboost|p1a: Lopunny|spe|1\n|turn|11\n|\n|t:|1700835961\n|move|p2a: Sneasler|Close Combat|p1a: Lopunny\n|-immune|p1a: Lopunny\n|replace|p1a: Zoroark|Zoroark-Hisui, M\n|-end|p1a: Zoroark|Illusion\n|-zpower|p1a: Zoroark\n|move|p1a: Zoroark|Never-Ending Nightmare|p2a: Sneasler|[zeffect]\n|-damage|p2a: Sneasler|0 fnt\n|faint|p2a: Sneasler\n|\n|-fieldend|Misty Terrain\n|upkeep\n|c| Jack the Ripper21|NAH\n|c|\u2606sarahstevens2004|oh\n|c|\u2606sarahstevens2004|oh :(\n|\n|t:|1700835976\n|switch|p2a: Scizor|Scizor, M|100\/100\n|-activate|p2a: Scizor|move: Sticky Web\n|-unboost|p2a: Scizor|spe|1\n|turn|12\n|c| Jack the Ripper21|no sneasler sweep\n|\n|t:|1700835981\n|detailschange|p2a: Scizor|Scizor-Mega, M\n|-mega|p2a: Scizor|Scizor|Scizorite\n|move|p1a: Zoroark|Flamethrower|p2a: Scizor\n|-supereffective|p2a: Scizor\n|-damage|p2a: Scizor|0 fnt\n|faint|p2a: Scizor\n|\n|upkeep\n|c| Jack the Ripper21|i would of went acrobatics anyways\n|\n|t:|1700835990\n|switch|p2a: Ribombee|Ribombee, F, shiny|25\/100\n|-activate|p2a: Ribombee|move: Sticky Web\n|-unboost|p2a: Ribombee|spe|1\n|turn|13\n|c| Jack the Ripper21|stab 110 base power\n|\n|t:|1700836001\n|move|p2a: Ribombee|Stun Spore|p1a: Zoroark\n|-status|p1a: Zoroark|par\n|move|p1a: Zoroark|Flamethrower|p2a: Ribombee\n|-supereffective|p2a: Ribombee\n|-damage|p2a: Ribombee|0 fnt\n|faint|p2a: Ribombee\n|\n|upkeep\n|c| Jack the Ripper21|and no way to be tricked by zora\n|\n|t:|1700836006\n|switch|p2a: Iron Valiant|Iron Valiant|100\/100\n|-activate|p2a: Iron Valiant|move: Sticky Web\n|-unboost|p2a: Iron Valiant|spe|1\n|-enditem|p2a: Iron Valiant|Booster Energy\n|-activate|p2a: Iron Valiant|ability: Quark Drive|[fromitem]\n|-start|p2a: Iron Valiant|quarkdrivespa\n|turn|14\n|\n|t:|1700836018\n|move|p2a: Iron Valiant|Thunderbolt|p1a: Zoroark\n|-damage|p1a: Zoroark|20\/100 par\n|cant|p1a: Zoroark|par\n|\n|upkeep\n|turn|15\n|\n|t:|1700836023\n|move|p2a: Iron Valiant|Moonblast|p1a: Zoroark\n|-damage|p1a: Zoroark|0 fnt\n|faint|p1a: Zoroark\n|\n|upkeep\n|\n|t:|1700836025\n|switch|p1a: Lopunny|Lopunny, M|100\/100\n|-activate|p1a: Lopunny|move: Sticky Web\n|-unboost|p1a: Lopunny|spe|1\n|turn|16\n|\n|t:|1700836028\n|detailschange|p1a: Lopunny|Lopunny-Mega, M\n|-mega|p1a: Lopunny|Lopunny|Lopunnite\n|move|p1a: Lopunny|Fake Out|p2a: Iron Valiant\n|-damage|p2a: Iron Valiant|74\/100\n|cant|p2a: Iron Valiant|flinch\n|\n|upkeep\n|turn|17\n|\n|t:|1700836034\n|move|p1a: Lopunny|Frustration|p2a: Iron Valiant\n|-damage|p2a: Iron Valiant|0 fnt\n|faint|p2a: Iron Valiant\n|-end|p2a: Iron Valiant|Quark Drive|[silent]\n|\n|upkeep\n|\n|t:|1700836040\n|switch|p2a: Zamazenta|Zamazenta|100\/100\n|-activate|p2a: Zamazenta|move: Sticky Web\n|-unboost|p2a: Zamazenta|spe|1\n|turn|18\n|\n|t:|1700836043\n|move|p2a: Zamazenta|Body Press|p1a: Lopunny\n|-supereffective|p1a: Lopunny\n|-damage|p1a: Lopunny|5\/100\n|move|p1a: Lopunny|Frustration|p2a: Zamazenta\n|-damage|p2a: Zamazenta|62\/100\n|\n|-heal|p2a: Zamazenta|68\/100|[from] item: Leftovers\n|upkeep\n|turn|19\n|\n|t:|1700836050\n|move|p2a: Zamazenta|Body Press|p1a: Lopunny\n|-supereffective|p1a: Lopunny\n|-damage|p1a: Lopunny|0 fnt\n|faint|p1a: Lopunny\n|\n|win|sarahstevens2004\n|c|\u2606sarahstevens2004|YAYYY\n|c|\u2606sarahstevens2004|GG\n|c|\u2606TexanFarmersMarket|ggwp\n|c| Jack the Ripper21|very close robert\n|c|\u2606sarahstevens2004|If I had just spammed acrobatics I woul have won\n|c| Jack the Ripper21|should of put play rough on on lopunny if it learns it\n|c| Jack the Ripper21|you still won ;-;\n|c|\u2606sarahstevens2004|well yeah\n|c|\u2606TexanFarmersMarket|illusion doing its job\n|c|\u2606sarahstevens2004|but it would have been less close\n","uploadtime":1700836105,"views":22,"p1id":"texanfarmersmarket","p2id":"sarahstevens2004","formatid":"gen9nationaldex","rating":0,"private":0,"password":""}