{"id":"gen9nationaldex-1993555935","p1":"dg8513","p2":"WinterWait","format":"[Gen 9] National Dex","log":"|j|\u2606dg8513\n|j|\u2606WinterWait\n|t:|1700331339\n|gametype|singles\n|player|p1|dg8513|winona|1089\n|player|p2|WinterWait|clerkf|1056\n|teamsize|p1|6\n|teamsize|p2|6\n|gen|9\n|tier|[Gen 9] National Dex\n|rated|\n|rule|HP Percentage Mod: HP is shown in percentages\n|rule|Endless Battle Clause: Forcing endless battles is banned\n|rule|OHKO Clause: OHKO moves are banned\n|rule|Evasion Clause: Evasion abilities, items, and moves are banned\n|rule|Evasion Abilities Clause: Evasion abilities are banned\n|rule|Evasion Items Clause: Evasion items are banned\n|rule|Evasion Moves Clause: Evasion moves are banned\n|rule|Species Clause: Limit one of each Pok\u00e9mon\n|rule|Sleep Clause Mod: Limit one foe put to sleep\n|clearpoke\n|poke|p1|Centiskorch, M|\n|poke|p1|Golisopod, F|\n|poke|p1|Vikavolt, M|\n|poke|p1|Heracross, M|\n|poke|p1|Frosmoth, M|\n|poke|p1|Kleavor, F|\n|poke|p2|Tentacruel, F|\n|poke|p2|Chandelure, F|\n|poke|p2|Farigiraf, M|\n|poke|p2|Araquanid, M|\n|poke|p2|Leavanny, F|\n|poke|p2|Cursola, F|\n|teampreview\n|\n|t:|1700331344\n|start\n|switch|p1a: Kleavor|Kleavor, F|100\/100\n|switch|p2a: Cursola|Cursola, F|100\/100\n|turn|1\n|\n|t:|1700331349\n|move|p1a: Kleavor|Swords Dance|p1a: Kleavor\n|-boost|p1a: Kleavor|atk|2\n|move|p2a: Cursola|Hydro Pump|p1a: Kleavor\n|-supereffective|p1a: Kleavor\n|-damage|p1a: Kleavor|0 fnt\n|faint|p1a: Kleavor\n|\n|upkeep\n|\n|t:|1700331366\n|switch|p1a: Frosmoth|Frosmoth, M|100\/100\n|turn|2\n|\n|t:|1700331370\n|move|p1a: Frosmoth|Quiver Dance|p1a: Frosmoth\n|-boost|p1a: Frosmoth|spa|1\n|-boost|p1a: Frosmoth|spd|1\n|-boost|p1a: Frosmoth|spe|1\n|move|p2a: Cursola|Stealth Rock|p1a: Frosmoth\n|-sidestart|p1: dg8513|move: Stealth Rock\n|\n|upkeep\n|turn|3\n|\n|t:|1700331377\n|switch|p2a: Chandelure|Chandelure, F|100\/100\n|move|p1a: Frosmoth|Quiver Dance|p1a: Frosmoth\n|-boost|p1a: Frosmoth|spa|1\n|-boost|p1a: Frosmoth|spd|1\n|-boost|p1a: Frosmoth|spe|1\n|\n|upkeep\n|turn|4\n|\n|t:|1700331388\n|-terastallize|p1a: Frosmoth|Bug\n|move|p1a: Frosmoth|Dazzling Gleam|p2a: Chandelure\n|-resisted|p2a: Chandelure\n|-damage|p2a: Chandelure|71\/100\n|move|p2a: Chandelure|Flamethrower|p1a: Frosmoth\n|-supereffective|p1a: Frosmoth\n|-damage|p1a: Frosmoth|34\/100\n|\n|upkeep\n|turn|5\n|\n|t:|1700331404\n|move|p1a: Frosmoth|Dazzling Gleam|p2a: Chandelure\n|-resisted|p2a: Chandelure\n|-damage|p2a: Chandelure|37\/100\n|move|p2a: Chandelure|Flamethrower|p1a: Frosmoth\n|-supereffective|p1a: Frosmoth\n|-damage|p1a: Frosmoth|0 fnt\n|faint|p1a: Frosmoth\n|\n|upkeep\n|\n|t:|1700331415\n|switch|p1a: Golisopod|Golisopod, F|100\/100\n|-damage|p1a: Golisopod|76\/100|[from] Stealth Rock\n|turn|6\n|\n|t:|1700331420\n|switch|p2a: Leavanny|Leavanny, F|100\/100\n|move|p1a: Golisopod|First Impression|p2a: Leavanny\n|-supereffective|p2a: Leavanny\n|-enditem|p2a: Leavanny|Focus Sash\n|-damage|p2a: Leavanny|1\/100\n|\n|upkeep\n|turn|7\n|\n|t:|1700331428\n|move|p1a: Golisopod|Aqua Jet|p2a: Leavanny\n|-resisted|p2a: Leavanny\n|-damage|p2a: Leavanny|0 fnt\n|faint|p2a: Leavanny\n|\n|upkeep\n|\n|t:|1700331434\n|switch|p2a: Farigiraf|Farigiraf, M|100\/100\n|turn|8\n|\n|t:|1700331442\n|move|p2a: Farigiraf|Nasty Plot|p2a: Farigiraf\n|-boost|p2a: Farigiraf|spa|2\n|move|p1a: Golisopod|Leech Life|p2a: Farigiraf\n|-supereffective|p2a: Farigiraf\n|-damage|p2a: Farigiraf|9\/100\n|-heal|p1a: Golisopod|100\/100|[from] drain|[of] p2a: Farigiraf\n|-enditem|p2a: Farigiraf|Weakness Policy\n|-boost|p2a: Farigiraf|atk|2|[from] item: Weakness Policy\n|-boost|p2a: Farigiraf|spa|2|[from] item: Weakness Policy\n|\n|upkeep\n|turn|9\n|\n|t:|1700331455\n|move|p1a: Golisopod|Aqua Jet||[still]\n|cant|p2a: Farigiraf|ability: Armor Tail|Aqua Jet|[of] p1a: Golisopod\n|move|p2a: Farigiraf|Energy Ball|p1a: Golisopod\n|-damage|p1a: Golisopod|30\/100\n|-unboost|p1a: Golisopod|spd|1\n|-activate|p1a: Golisopod|ability: Emergency Exit\n|\n|t:|1700331465\n|switch|p1a: Vikavolt|Vikavolt, M|100\/100\n|-damage|p1a: Vikavolt|76\/100|[from] Stealth Rock\n|\n|-heal|p1a: Vikavolt|82\/100|[from] item: Leftovers\n|upkeep\n|turn|10\n|\n|t:|1700331473\n|move|p2a: Farigiraf|Psyshock|p1a: Vikavolt\n|-damage|p1a: Vikavolt|0 fnt\n|faint|p1a: Vikavolt\n|\n|upkeep\n|\n|t:|1700331483\n|switch|p1a: Golisopod|Golisopod, F|30\/100\n|-damage|p1a: Golisopod|5\/100|[from] Stealth Rock\n|turn|11\n|\n|t:|1700331491\n|move|p2a: Farigiraf|Energy Ball|p1a: Golisopod\n|-damage|p1a: Golisopod|0 fnt\n|faint|p1a: Golisopod\n|\n|upkeep\n|\n|t:|1700331502\n|switch|p1a: Heracross|Heracross, M|100\/100\n|-damage|p1a: Heracross|88\/100|[from] Stealth Rock\n|turn|12\n|\n|t:|1700331507\n|detailschange|p1a: Heracross|Heracross-Mega, M\n|-mega|p1a: Heracross|Heracross|Heracronite\n|move|p2a: Farigiraf|Psyshock|p1a: Heracross\n|-supereffective|p1a: Heracross\n|-damage|p1a: Heracross|0 fnt\n|faint|p1a: Heracross\n|\n|upkeep\n|-message|dg8513 forfeited.\n|\n|win|WinterWait\n|raw|dg8513's rating: 1089 &rarr; <strong>1063<\/strong><br \/>(-26 for losing)\n|raw|WinterWait's rating: 1056 &rarr; <strong>1091<\/strong><br \/>(+35 for winning)\n|l|\u2606dg8513\n","uploadtime":1700331520,"views":11,"p1id":"dg8513","p2id":"winterwait","formatid":"gen9nationaldex","rating":1063,"private":0,"password":""}