{"id":"gen9nationaldex-1995149457","p1":"realnokk","p2":"SaschaCara","format":"[Gen 9] National Dex","log":"|html|<div class=\"broadcast-blue\"><strong>[Gen 9] National Dex is currently suspecting Sneasler! For information on how to participate check out the <a href=\"https:\/\/www.smogon.com\/forums\/threads\/sv-national-dex-suspect-8-just-dance.3731534\/\">suspect thread<\/a>.<\/strong><\/div>\n|j|\u2606realnokk\n|j|\u2606SaschaCara\n|t:|1700528092\n|gametype|singles\n|player|p1|realnokk|rollerskater|1257\n|player|p2|SaschaCara|youngster-gen4dp|1285\n|teamsize|p1|6\n|teamsize|p2|6\n|gen|9\n|tier|[Gen 9] National Dex\n|rated|\n|rule|HP Percentage Mod: HP is shown in percentages\n|rule|Endless Battle Clause: Forcing endless battles is banned\n|rule|OHKO Clause: OHKO moves are banned\n|rule|Evasion Clause: Evasion abilities, items, and moves are banned\n|rule|Evasion Abilities Clause: Evasion abilities are banned\n|rule|Evasion Items Clause: Evasion items are banned\n|rule|Evasion Moves Clause: Evasion moves are banned\n|rule|Species Clause: Limit one of each Pok\u00e9mon\n|rule|Sleep Clause Mod: Limit one foe put to sleep\n|clearpoke\n|poke|p1|Venusaur, M|\n|poke|p1|Gastrodon-East, F|\n|poke|p1|Arcanine-Hisui, M|\n|poke|p1|Xurkitree|\n|poke|p1|Corviknight, F|\n|poke|p1|Garganacl, F|\n|poke|p2|Pelipper, M|\n|poke|p2|Toxicroak, M|\n|poke|p2|Swampert, F|\n|poke|p2|Ludicolo, M|\n|poke|p2|Reuniclus, F|\n|poke|p2|Tornadus-Therian, M|\n|teampreview\n|\n|t:|1700528119\n|start\n|switch|p1a: Gastrodon|Gastrodon-East, F|100\/100\n|switch|p2a: Pelipper|Pelipper, M|100\/100\n|-weather|RainDance|[from] ability: Drizzle|[of] p2a: Pelipper\n|turn|1\n|\n|t:|1700528149\n|switch|p2a: Reuniclus|Reuniclus, F|100\/100\n|move|p1a: Gastrodon|Stealth Rock|p2a: Reuniclus\n|-sidestart|p2: SaschaCara|move: Stealth Rock\n|\n|-weather|RainDance|[upkeep]\n|upkeep\n|turn|2\n|\n|t:|1700528161\n|switch|p1a: Corviknight|Corviknight, F|100\/100\n|-ability|p1a: Corviknight|Pressure\n|move|p2a: Reuniclus|Acid Armor|p2a: Reuniclus\n|-boost|p2a: Reuniclus|def|2\n|\n|-weather|RainDance|[upkeep]\n|upkeep\n|turn|3\n|\n|t:|1700528169\n|move|p1a: Corviknight|U-turn|p2a: Reuniclus\n|-supereffective|p2a: Reuniclus\n|-damage|p2a: Reuniclus|89\/100\n|\n|t:|1700528184\n|switch|p1a: Venusaur|Venusaur, M|100\/100|[from] U-turn\n|move|p2a: Reuniclus|Acid Armor|p2a: Reuniclus\n|-boost|p2a: Reuniclus|def|2\n|\n|-weather|RainDance|[upkeep]\n|upkeep\n|turn|4\n|inactive|Battle timer is ON: inactive players will automatically lose when time's up. (requested by realnokk)\n|\n|t:|1700528226\n|switch|p1a: Gastrodon|Gastrodon-East, F|100\/100\n|move|p2a: Reuniclus|Recover|p2a: Reuniclus\n|-heal|p2a: Reuniclus|100\/100\n|\n|-weather|RainDance|[upkeep]\n|upkeep\n|turn|5\n|\n|t:|1700528237\n|move|p1a: Gastrodon|Scald|p2a: Reuniclus\n|-damage|p2a: Reuniclus|66\/100\n|move|p2a: Reuniclus|Calm Mind|p2a: Reuniclus\n|-boost|p2a: Reuniclus|spa|1\n|-boost|p2a: Reuniclus|spd|1\n|\n|-weather|RainDance|[upkeep]\n|upkeep\n|turn|6\n|\n|t:|1700528244\n|move|p1a: Gastrodon|Scald|p2a: Reuniclus\n|-damage|p2a: Reuniclus|43\/100\n|move|p2a: Reuniclus|Recover|p2a: Reuniclus\n|-heal|p2a: Reuniclus|93\/100\n|\n|-weather|RainDance|[upkeep]\n|upkeep\n|turn|7\n|\n|t:|1700528250\n|move|p1a: Gastrodon|Scald|p2a: Reuniclus\n|-damage|p2a: Reuniclus|71\/100\n|-status|p2a: Reuniclus|brn\n|move|p2a: Reuniclus|Calm Mind|p2a: Reuniclus\n|-boost|p2a: Reuniclus|spa|1\n|-boost|p2a: Reuniclus|spd|1\n|\n|-weather|RainDance|[upkeep]\n|upkeep\n|turn|8\n|\n|t:|1700528257\n|move|p1a: Gastrodon|Scald|p2a: Reuniclus\n|-damage|p2a: Reuniclus|53\/100 brn\n|move|p2a: Reuniclus|Recover|p2a: Reuniclus\n|-heal|p2a: Reuniclus|100\/100 brn\n|\n|-weather|none\n|upkeep\n|turn|9\n|\n|t:|1700528275\n|switch|p1a: Corviknight|Corviknight, F|100\/100\n|-ability|p1a: Corviknight|Pressure\n|move|p2a: Reuniclus|Calm Mind|p2a: Reuniclus\n|-boost|p2a: Reuniclus|spa|1\n|-boost|p2a: Reuniclus|spd|1\n|\n|upkeep\n|turn|10\n|\n|t:|1700528285\n|move|p1a: Corviknight|U-turn|p2a: Reuniclus\n|-supereffective|p2a: Reuniclus\n|-damage|p2a: Reuniclus|93\/100 brn\n|\n|t:|1700528287\n|switch|p1a: Gastrodon|Gastrodon-East, F|100\/100|[from] U-turn\n|-zpower|p2a: Reuniclus\n|move|p2a: Reuniclus|Shattered Psyche|p1a: Gastrodon|[zeffect]\n|-damage|p1a: Gastrodon|0 fnt\n|faint|p1a: Gastrodon\n|\n|upkeep\n|\n|t:|1700528289\n|switch|p1a: Corviknight|Corviknight, F|100\/100\n|-ability|p1a: Corviknight|Pressure\n|turn|11\n|\n|t:|1700528301\n|-terastallize|p1a: Corviknight|Dark\n|move|p1a: Corviknight|Brave Bird|p2a: Reuniclus\n|-damage|p2a: Reuniclus|84\/100 brn\n|-damage|p1a: Corviknight|97\/100|[from] Recoil\n|move|p2a: Reuniclus|Acid Armor|p2a: Reuniclus\n|-boost|p2a: Reuniclus|def|2\n|\n|upkeep\n|turn|12\n|-message|realnokk forfeited.\n|\n|win|SaschaCara\n|raw|realnokk's rating: 1257 &rarr; <strong>1234<\/strong><br \/>(-23 for losing)\n|raw|SaschaCara's rating: 1285 &rarr; <strong>1308<\/strong><br \/>(+23 for winning)\n|l|\u2606realnokk\n","uploadtime":1700528325,"views":4,"p1id":"realnokk","p2id":"saschacara","formatid":"gen9nationaldex","rating":1234,"private":0,"password":""}