{"id":"gen9nationaldex-1992258831","p1":"lateleepod","p2":"HighSchoolHeroine","format":"[Gen 9] National Dex","log":"|j|\u2606lateleepod\n|j|\u2606HighSchoolHeroine\n|t:|1700168472\n|gametype|singles\n|player|p1|lateleepod|juggler|1244\n|player|p2|HighSchoolHeroine|magmagruntf|1167\n|teamsize|p1|6\n|teamsize|p2|6\n|gen|9\n|tier|[Gen 9] National Dex\n|rated|\n|rule|HP Percentage Mod: HP is shown in percentages\n|rule|Endless Battle Clause: Forcing endless battles is banned\n|rule|OHKO Clause: OHKO moves are banned\n|rule|Evasion Clause: Evasion abilities, items, and moves are banned\n|rule|Evasion Abilities Clause: Evasion abilities are banned\n|rule|Evasion Items Clause: Evasion items are banned\n|rule|Evasion Moves Clause: Evasion moves are banned\n|rule|Species Clause: Limit one of each Pok\u00e9mon\n|rule|Sleep Clause Mod: Limit one foe put to sleep\n|clearpoke\n|poke|p1|Hippowdon, M|\n|poke|p1|Volcarona, F|\n|poke|p1|Togekiss, M|\n|poke|p1|Bisharp, M|\n|poke|p1|Volcanion|\n|poke|p1|Haxorus, M|\n|poke|p2|Blacephalon|\n|poke|p2|Tapu Lele|\n|poke|p2|Ribombee, F|\n|poke|p2|Great Tusk|\n|poke|p2|Beedrill, M|\n|poke|p2|Porygon-Z|\n|teampreview\n|inactive|Battle timer is ON: inactive players will automatically lose when time's up. (requested by lateleepod)\n|\n|t:|1700168483\n|start\n|switch|p1a: Hippowdon|Hippowdon, M|100\/100\n|switch|p2a: big man|Great Tusk|100\/100\n|-weather|Sandstorm|[from] ability: Sand Stream|[of] p1a: Hippowdon\n|turn|1\n|\n|t:|1700168489\n|move|p2a: big man|Ice Spinner|p1a: Hippowdon\n|-supereffective|p1a: Hippowdon\n|-crit|p1a: Hippowdon\n|-damage|p1a: Hippowdon|47\/100\n|move|p1a: Hippowdon|Stealth Rock|p2a: big man\n|-sidestart|p2: HighSchoolHeroine|move: Stealth Rock\n|\n|-weather|Sandstorm|[upkeep]\n|-heal|p1a: Hippowdon|53\/100|[from] item: Leftovers\n|upkeep\n|turn|2\n|\n|t:|1700168498\n|switch|p1a: Volcanion|Volcanion|100\/100\n|move|p2a: big man|Ice Spinner|p1a: Volcanion\n|-resisted|p1a: Volcanion\n|-damage|p1a: Volcanion|94\/100\n|\n|-weather|Sandstorm|[upkeep]\n|-damage|p1a: Volcanion|88\/100|[from] Sandstorm\n|upkeep\n|turn|3\n|\n|t:|1700168511\n|move|p2a: big man|Headlong Rush|p1a: Volcanion\n|-supereffective|p1a: Volcanion\n|-damage|p1a: Volcanion|0 fnt\n|-unboost|p2a: big man|def|1\n|-unboost|p2a: big man|spd|1\n|faint|p1a: Volcanion\n|\n|-weather|Sandstorm|[upkeep]\n|upkeep\n|\n|t:|1700168515\n|switch|p1a: Togekiss|Togekiss, M|100\/100\n|turn|4\n|inactive|HighSchoolHeroine has 120 seconds left.\n|\n|t:|1700168562\n|move|p2a: big man|Ice Spinner|p1a: Togekiss\n|-supereffective|p1a: Togekiss\n|-damage|p1a: Togekiss|58\/100\n|move|p1a: Togekiss|Air Slash|p2a: big man\n|-supereffective|p2a: big man\n|-damage|p2a: big man|0 fnt\n|faint|p2a: big man\n|-end|p2a: big man|Protosynthesis|[silent]\n|\n|-weather|Sandstorm|[upkeep]\n|-damage|p1a: Togekiss|52\/100|[from] Sandstorm\n|-heal|p1a: Togekiss|58\/100|[from] item: Leftovers\n|upkeep\n|\n|t:|1700168574\n|switch|p2a: everybody know-|Beedrill, M|100\/100\n|-damage|p2a: everybody know-|76\/100|[from] Stealth Rock\n|turn|5\n|\n|t:|1700168577\n|switch|p1a: Bisharp|Bisharp, M|100\/100\n|detailschange|p2a: everybody know-|Beedrill-Mega, M\n|-mega|p2a: everybody know-|Beedrill|Beedrillite\n|move|p2a: everybody know-|Poison Jab|p1a: Bisharp\n|-immune|p1a: Bisharp\n|\n|-weather|none\n|upkeep\n|turn|6\n|\n|t:|1700168584\n|switch|p1a: Togekiss|Togekiss, M|58\/100\n|move|p2a: everybody know-|Fell Stinger|p1a: Togekiss\n|-resisted|p1a: Togekiss\n|-damage|p1a: Togekiss|50\/100\n|\n|-heal|p1a: Togekiss|56\/100|[from] item: Leftovers\n|upkeep\n|turn|7\n|\n|t:|1700168589\n|switch|p1a: Volcarona|Volcarona, F|100\/100\n|move|p2a: everybody know-|Poison Jab|p1a: Volcarona\n|-damage|p1a: Volcarona|23\/100\n|-status|p2a: everybody know-|brn|[from] ability: Flame Body|[of] p1a: Volcarona\n|\n|-damage|p2a: everybody know-|70\/100 brn|[from] brn\n|upkeep\n|turn|8\n|c|\u2606HighSchoolHeroine|30% chance to lose the game\n|c|\u2606HighSchoolHeroine|dman\n|\n|t:|1700168603\n|switch|p1a: Bisharp|Bisharp, M|100\/100\n|move|p2a: everybody know-|Drill Run|p1a: Bisharp\n|-supereffective|p1a: Bisharp\n|-damage|p1a: Bisharp|64\/100\n|\n|-damage|p2a: everybody know-|64\/100 brn|[from] brn\n|upkeep\n|turn|9\n|\n|t:|1700168610\n|move|p2a: everybody know-|Drill Run|p1a: Bisharp\n|-supereffective|p1a: Bisharp\n|-damage|p1a: Bisharp|27\/100\n|move|p1a: Bisharp|Knock Off|p2a: everybody know-\n|-damage|p2a: everybody know-|0 fnt\n|faint|p2a: everybody know-\n|\n|upkeep\n|c|\u2606HighSchoolHeroine|this is great\n|\n|t:|1700168618\n|switch|p2a: bozo|Blacephalon, shiny|100\/100\n|-damage|p2a: bozo|76\/100|[from] Stealth Rock\n|turn|10\n|c|\u2606lateleepod|:)\n|c|\u2606lateleepod|u won gg\n|\n|t:|1700168624\n|move|p2a: bozo|Flamethrower|p1a: Bisharp\n|-supereffective|p1a: Bisharp\n|-damage|p1a: Bisharp|0 fnt\n|faint|p1a: Bisharp\n|-ability|p2a: bozo|Beast Boost|boost\n|-boost|p2a: bozo|spa|1\n|\n|upkeep\n|c|\u2606HighSchoolHeroine|no i didnt\n|c|\u2606HighSchoolHeroine|you def did\n|\n|t:|1700168630\n|switch|p1a: Haxorus|Haxorus, M, shiny|100\/100\n|-ability|p1a: Haxorus|Mold Breaker\n|turn|11\n|c|\u2606HighSchoolHeroine|my main mon got burnt\n|\n|t:|1700168639\n|-terastallize|p2a: bozo|Water\n|move|p2a: bozo|Flamethrower|p1a: Haxorus\n|-resisted|p1a: Haxorus\n|-crit|p1a: Haxorus\n|-damage|p1a: Haxorus|5\/100\n|move|p1a: Haxorus|Dragon Dance|p1a: Haxorus\n|-boost|p1a: Haxorus|atk|1\n|-boost|p1a: Haxorus|spe|1\n|\n|upkeep\n|turn|12\n|\n|t:|1700168645\n|move|p2a: bozo|Flamethrower|p1a: Haxorus\n|-resisted|p1a: Haxorus\n|-damage|p1a: Haxorus|0 fnt\n|faint|p1a: Haxorus\n|-ability|p2a: bozo|Beast Boost|boost\n|-boost|p2a: bozo|spa|1\n|\n|upkeep\n|c|\u2606lateleepod|well u got 2 crits against 2 of my mons\n|c|\u2606lateleepod|so\n|c|\u2606HighSchoolHeroine|true\n|c|\u2606lateleepod|u have a chance\n|c|\u2606HighSchoolHeroine|that was kinda lucky\n|c|\u2606HighSchoolHeroine|against that haxorus\n|\n|t:|1700168672\n|switch|p1a: Hippowdon|Hippowdon, M|53\/100\n|-weather|Sandstorm|[from] ability: Sand Stream|[of] p1a: Hippowdon\n|turn|13\n|\n|t:|1700168674\n|move|p2a: bozo|Flamethrower|p1a: Hippowdon\n|-crit|p1a: Hippowdon\n|-damage|p1a: Hippowdon|0 fnt\n|faint|p1a: Hippowdon\n|-ability|p2a: bozo|Beast Boost|boost\n|-boost|p2a: bozo|spa|1\n|\n|-weather|Sandstorm|[upkeep]\n|-damage|p2a: bozo|70\/100|[from] Sandstorm\n|upkeep\n|c|\u2606lateleepod|3\n|c|\u2606HighSchoolHeroine|:O\n|c|\u2606lateleepod|LOL\n|c|\u2606HighSchoolHeroine|omg\n|c|\u2606HighSchoolHeroine|im so sorry\n|c|\u2606lateleepod|its fine\n|\n|t:|1700168686\n|switch|p1a: Volcarona|Volcarona, F|23\/100\n|turn|14\n|\n|t:|1700168688\n|move|p2a: bozo|Flamethrower|p1a: Volcarona\n|-damage|p1a: Volcarona|0 fnt\n|faint|p1a: Volcarona\n|-ability|p2a: bozo|Beast Boost|boost\n|-boost|p2a: bozo|spa|1\n|\n|-weather|Sandstorm|[upkeep]\n|-damage|p2a: bozo|64\/100|[from] Sandstorm\n|upkeep\n|\n|t:|1700168691\n|switch|p1a: Togekiss|Togekiss, M|56\/100\n|turn|15\n|\n|t:|1700168692\n|move|p2a: bozo|Flamethrower|p1a: Togekiss\n|-damage|p1a: Togekiss|0 fnt\n|faint|p1a: Togekiss\n|\n|win|HighSchoolHeroine\n|raw|lateleepod's rating: 1244 &rarr; <strong>1214<\/strong><br \/>(-30 for losing)\n|raw|HighSchoolHeroine's rating: 1167 &rarr; <strong>1197<\/strong><br \/>(+30 for winning)\n|c|\u2606lateleepod|ggs\n|c|\u2606HighSchoolHeroine|gg\n|l|\u2606lateleepod\n","uploadtime":1700168698,"views":11,"p1id":"lateleepod","p2id":"highschoolheroine","formatid":"gen9nationaldex","rating":1197,"private":0,"password":""}