{"id":"gen9nationaldex-1995707121","p1":"PauloV.V","p2":"Will vict","format":"[Gen 9] National Dex","log":"|html|<div class=\"broadcast-blue\"><strong>[Gen 9] National Dex is currently suspecting Sneasler! For information on how to participate check out the <a href=\"https:\/\/www.smogon.com\/forums\/threads\/sv-national-dex-suspect-8-just-dance.3731534\/\">suspect thread<\/a>.<\/strong><\/div>\n|j|\u2606PauloV.V\n|j|\u2606Will vict\n|t:|1700595719\n|gametype|singles\n|player|p1|PauloV.V|iris-gen5bw2|\n|player|p2|Will vict|101|\n|teamsize|p1|6\n|teamsize|p2|6\n|gen|9\n|tier|[Gen 9] National Dex\n|rule|HP Percentage Mod: HP is shown in percentages\n|rule|Endless Battle Clause: Forcing endless battles is banned\n|rule|OHKO Clause: OHKO moves are banned\n|rule|Evasion Clause: Evasion abilities, items, and moves are banned\n|rule|Evasion Abilities Clause: Evasion abilities are banned\n|rule|Evasion Items Clause: Evasion items are banned\n|rule|Evasion Moves Clause: Evasion moves are banned\n|rule|Species Clause: Limit one of each Pok\u00e9mon\n|rule|Sleep Clause Mod: Limit one foe put to sleep\n|clearpoke\n|poke|p1|Delphox, F|\n|poke|p1|Emboar, M|\n|poke|p1|Armarouge, M|\n|poke|p1|Marowak-Alola, F|\n|poke|p1|Coalossal, F|\n|poke|p1|Chandelure, F|\n|poke|p2|Infernape, F|\n|poke|p2|Chandelure, F|\n|poke|p2|Camerupt, F|\n|poke|p2|Rotom-Heat|\n|poke|p2|Darmanitan, M|\n|poke|p2|Delphox, F|\n|teampreview\n|\n|t:|1700595749\n|start\n|switch|p1a: Chandelure|Chandelure, F|100\/100\n|switch|p2a: Delphox|Delphox, F|100\/100\n|turn|1\n|\n|t:|1700595768\n|switch|p1a: Delphox|Delphox, F|100\/100\n|move|p2a: Delphox|Encore||[still]\n|-fail|p2a: Delphox\n|\n|upkeep\n|turn|2\n|\n|t:|1700595775\n|move|p2a: Delphox|Trick Room|p2a: Delphox\n|-fieldstart|move: Trick Room|[of] p2a: Delphox\n|move|p1a: Delphox|Trick Room|p1a: Delphox\n|-fieldend|move: Trick Room\n|\n|upkeep\n|turn|3\n|\n|t:|1700595785\n|switch|p2a: Rotom|Rotom-Heat|100\/100\n|move|p1a: Delphox|Encore||[still]\n|-fail|p1a: Delphox\n|\n|upkeep\n|turn|4\n|\n|t:|1700595795\n|move|p2a: Rotom|Volt Switch|p1a: Delphox\n|-damage|p1a: Delphox|64\/100\n|\n|t:|1700595800\n|switch|p2a: Camerupt|Camerupt, F|100\/100|[from] Volt Switch\n|move|p1a: Delphox|Trick Room|p1a: Delphox\n|-fieldstart|move: Trick Room|[of] p1a: Delphox\n|\n|upkeep\n|turn|5\n|\n|t:|1700595816\n|move|p2a: Camerupt|Stealth Rock|p1a: Delphox\n|-sidestart|p1: PauloV.V|move: Stealth Rock\n|move|p1a: Delphox|Psychic|p2a: Camerupt\n|-damage|p2a: Camerupt|56\/100\n|-unboost|p2a: Camerupt|spd|1\n|\n|upkeep\n|turn|6\n|\n|t:|1700595824\n|move|p2a: Camerupt|Earth Power|p1a: Delphox\n|-supereffective|p1a: Delphox\n|-enditem|p1a: Delphox|Shuca Berry|[eat]\n|-enditem|p1a: Delphox|Shuca Berry|[weaken]\n|-damage|p1a: Delphox|37\/100\n|move|p1a: Delphox|Psychic|p2a: Camerupt\n|-damage|p2a: Camerupt|0 fnt\n|faint|p2a: Camerupt\n|\n|upkeep\n|\n|t:|1700595834\n|switch|p2a: Darmanitan|Darmanitan, M|100\/100\n|turn|7\n|\n|t:|1700595845\n|move|p1a: Delphox|Charm|p2a: Darmanitan\n|-unboost|p2a: Darmanitan|atk|2\n|move|p2a: Darmanitan|U-turn|p1a: Delphox\n|-damage|p1a: Delphox|23\/100\n|\n|t:|1700595852\n|switch|p2a: Rotom|Rotom-Heat|100\/100|[from] U-turn\n|\n|upkeep\n|turn|8\n|\n|t:|1700595866\n|move|p2a: Rotom|Volt Switch|p1a: Delphox\n|-damage|p1a: Delphox|0 fnt\n|faint|p1a: Delphox\n|\n|t:|1700595892\n|switch|p2a: Delphox|Delphox, F|100\/100|[from] Volt Switch\n|\n|-fieldend|move: Trick Room\n|upkeep\n|\n|t:|1700595905\n|switch|p1a: Chandelure|Chandelure, F|100\/100\n|-damage|p1a: Chandelure|75\/100|[from] Stealth Rock\n|turn|9\n|\n|t:|1700595916\n|move|p1a: Chandelure|Shadow Ball|p2a: Delphox\n|-supereffective|p2a: Delphox\n|-damage|p2a: Delphox|8\/100\n|-enditem|p2a: Delphox|Red Card|[of] p1a: Chandelure\n|drag|p1a: Emboar|Emboar, M, shiny|100\/100\n|-damage|p1a: Emboar|88\/100|[from] Stealth Rock\n|move|p2a: Delphox|Trick Room|p2a: Delphox\n|-fieldstart|move: Trick Room|[of] p2a: Delphox\n|\n|upkeep\n|turn|10\n|\n|t:|1700595933\n|move|p1a: Emboar|Head Smash|p2a: Delphox\n|-supereffective|p2a: Delphox\n|-damage|p2a: Delphox|0 fnt\n|faint|p2a: Delphox\n|-damage|p1a: Emboar|85\/100|[from] Recoil\n|\n|upkeep\n|\n|t:|1700595940\n|switch|p2a: Infernape|Infernape, F|100\/100\n|turn|11\n|\n|t:|1700595947\n|move|p1a: Emboar|Head Smash|p2a: Infernape\n|-enditem|p2a: Infernape|Focus Sash\n|-damage|p2a: Infernape|1\/100\n|-damage|p1a: Emboar|47\/100|[from] Recoil\n|move|p2a: Infernape|Acrobatics|p1a: Emboar\n|-supereffective|p1a: Emboar\n|-damage|p1a: Emboar|0 fnt\n|faint|p1a: Emboar\n|\n|upkeep\n|inactive|Battle timer is ON: inactive players will automatically lose when time's up. (requested by Will vict)\n|\n|t:|1700596051\n|switch|p1a: Armarouge|Armarouge, M|100\/100\n|-damage|p1a: Armarouge|76\/100|[from] Stealth Rock\n|turn|12\n|\n|t:|1700596077\n|switch|p2a: Darmanitan|Darmanitan, M|100\/100\n|move|p1a: Armarouge|Psychic|p2a: Darmanitan\n|-damage|p2a: Darmanitan|0 fnt\n|faint|p2a: Darmanitan\n|-damage|p1a: Armarouge|66\/100|[from] item: Life Orb\n|\n|upkeep\n|inactive|Will vict has 270 seconds left.\n|\n|t:|1700596088\n|switch|p2a: Rotom|Rotom-Heat|100\/100\n|turn|13\n|inactive|Will vict has 270 seconds left.\n|\n|t:|1700596117\n|move|p1a: Armarouge|Psychic|p2a: Rotom\n|-damage|p2a: Rotom|28\/100\n|-damage|p1a: Armarouge|56\/100|[from] item: Life Orb\n|move|p2a: Rotom|Volt Switch|p1a: Armarouge\n|-damage|p1a: Armarouge|1\/100\n|inactive|Will vict has 270 seconds left.\n|\n|t:|1700596125\n|switch|p2a: Chandelure|Chandelure, F|100\/100|[from] Volt Switch\n|\n|-fieldend|move: Trick Room\n|upkeep\n|turn|14\n|\n|t:|1700596141\n|move|p2a: Chandelure|Shadow Ball|p1a: Armarouge\n|-supereffective|p1a: Armarouge\n|-damage|p1a: Armarouge|0 fnt\n|faint|p1a: Armarouge\n|\n|upkeep\n|\n|t:|1700596149\n|switch|p1a: Coalossal|Coalossal, F|100\/100\n|-damage|p1a: Coalossal|76\/100|[from] Stealth Rock\n|-item|p1a: Coalossal|Air Balloon\n|turn|15\n|\n|t:|1700596163\n|move|p2a: Chandelure|Shadow Ball|p1a: Coalossal\n|-damage|p1a: Coalossal|36\/100\n|-enditem|p1a: Coalossal|Air Balloon\n|move|p1a: Coalossal|Scald|p2a: Chandelure\n|-supereffective|p2a: Chandelure\n|-damage|p2a: Chandelure|55\/100\n|\n|upkeep\n|turn|16\n|inactive|PauloV.V has 270 seconds left.\n|\n|t:|1700596184\n|move|p2a: Chandelure|Shadow Ball|p1a: Coalossal\n|-damage|p1a: Coalossal|2\/100\n|move|p1a: Coalossal|Ancient Power|p2a: Chandelure\n|-supereffective|p2a: Chandelure\n|-damage|p2a: Chandelure|3\/100\n|\n|upkeep\n|turn|17\n|inactive|PauloV.V has 270 seconds left.\n|\n|t:|1700596196\n|move|p2a: Chandelure|Shadow Ball|p1a: Coalossal\n|-crit|p1a: Coalossal\n|-damage|p1a: Coalossal|0 fnt\n|faint|p1a: Coalossal\n|\n|upkeep\n|\n|t:|1700596199\n|switch|p1a: Chandelure|Chandelure, F|75\/100\n|-damage|p1a: Chandelure|50\/100|[from] Stealth Rock\n|turn|18\n|\n|t:|1700596216\n|switch|p2a: Infernape|Infernape, F|1\/100\n|move|p1a: Chandelure|Trick Room|p1a: Chandelure\n|-fieldstart|move: Trick Room|[of] p1a: Chandelure\n|\n|upkeep\n|turn|19\n|\n|t:|1700596225\n|move|p1a: Chandelure|Shadow Ball|p2a: Infernape\n|-damage|p2a: Infernape|0 fnt\n|faint|p2a: Infernape\n|\n|upkeep\n|\n|t:|1700596230\n|switch|p2a: Chandelure|Chandelure, F|3\/100\n|turn|20\n|\n|t:|1700596239\n|move|p2a: Chandelure|Shadow Ball|p1a: Chandelure\n|-supereffective|p1a: Chandelure\n|-damage|p1a: Chandelure|0 fnt\n|faint|p1a: Chandelure\n|\n|upkeep\n|\n|t:|1700596243\n|switch|p1a: Marowak|Marowak-Alola, F|100\/100\n|-damage|p1a: Marowak|76\/100|[from] Stealth Rock\n|turn|21\n|\n|t:|1700596250\n|move|p1a: Marowak|Shadow Bone|p2a: Chandelure\n|-supereffective|p2a: Chandelure\n|-damage|p2a: Chandelure|0 fnt\n|faint|p2a: Chandelure\n|\n|upkeep\n|\n|t:|1700596254\n|switch|p2a: Rotom|Rotom-Heat|28\/100\n|turn|22\n|\n|t:|1700596260\n|move|p1a: Marowak|Shadow Bone|p2a: Rotom\n|-damage|p2a: Rotom|0 fnt\n|faint|p2a: Rotom\n|\n|win|PauloV.V\n|c|\u2606Will vict|GG\n|c|\u2606PauloV.V|Gg\n|c|\u2606Will vict|Vai enviar?\n","uploadtime":1700596291,"views":10,"p1id":"paulovv","p2id":"willvict","formatid":"gen9nationaldex","rating":0,"private":0,"password":""}