{"id":"gen9nationaldex-1987264991","p1":"Sins of Natdex","p2":"Onixisbestmon","format":"[Gen 9] National Dex","log":"|j|\u2606Sins of Natdex\n|j|\u2606Onixisbestmon\n|t:|1699570990\n|gametype|singles\n|player|p1|Sins of Natdex|juggler|1217\n|player|p2|Onixisbestmon|swimmerf|1263\n|teamsize|p1|6\n|teamsize|p2|6\n|gen|9\n|tier|[Gen 9] National Dex\n|rated|\n|rule|HP Percentage Mod: HP is shown in percentages\n|rule|Endless Battle Clause: Forcing endless battles is banned\n|rule|OHKO Clause: OHKO moves are banned\n|rule|Evasion Clause: Evasion abilities, items, and moves are banned\n|rule|Evasion Abilities Clause: Evasion abilities are banned\n|rule|Evasion Items Clause: Evasion items are banned\n|rule|Evasion Moves Clause: Evasion moves are banned\n|rule|Species Clause: Limit one of each Pok\u00e9mon\n|rule|Sleep Clause Mod: Limit one foe put to sleep\n|clearpoke\n|poke|p1|Scizor, M|\n|poke|p1|Landorus-Therian, M|\n|poke|p1|Heatran, F|\n|poke|p1|Grimmsnarl, M|\n|poke|p1|Rotom-Wash|\n|poke|p1|Kommo-o, M|\n|poke|p2|Zapdos|\n|poke|p2|Tapu Lele|\n|poke|p2|Ting-Lu|\n|poke|p2|Dondozo, F|\n|poke|p2|Rillaboom, M|\n|poke|p2|Aerodactyl, F|\n|teampreview\n|\n|t:|1699570997\n|start\n|switch|p1a: SAVE DOBBY|Grimmsnarl, M|100\/100\n|switch|p2a: Zapdos|Zapdos|100\/100\n|turn|1\n|\n|t:|1699571005\n|move|p1a: SAVE DOBBY|Light Screen|p1a: SAVE DOBBY\n|-sidestart|p1: Sins of Natdex|move: Light Screen\n|move|p2a: Zapdos|Defog|p1a: SAVE DOBBY\n|-unboost|p1a: SAVE DOBBY|evasion|1\n|-sideend|p1: Sins of Natdex|move: Light Screen\n|\n|upkeep\n|turn|2\n|\n|t:|1699571010\n|move|p1a: SAVE DOBBY|Parting Shot|p2a: Zapdos\n|-unboost|p2a: Zapdos|atk|1\n|-unboost|p2a: Zapdos|spa|1\n|\n|t:|1699571022\n|switch|p1a: INTO THE VORTEX|Rotom-Wash|100\/100|[from] Parting Shot\n|move|p2a: Zapdos|Hurricane|p1a: INTO THE VORTEX\n|-resisted|p1a: INTO THE VORTEX\n|-damage|p1a: INTO THE VORTEX|77\/100\n|\n|upkeep\n|turn|3\n|\n|t:|1699571033\n|move|p2a: Zapdos|Volt Switch|p1a: INTO THE VORTEX\n|-damage|p1a: INTO THE VORTEX|46\/100\n|\n|t:|1699571036\n|switch|p2a: Rillaboom|Rillaboom, M|100\/100|[from] Volt Switch\n|-fieldstart|move: Grassy Terrain|[from] ability: Grassy Surge|[of] p2a: Rillaboom\n|move|p1a: INTO THE VORTEX|Hydro Pump|p2a: Rillaboom\n|-resisted|p2a: Rillaboom\n|-damage|p2a: Rillaboom|54\/100\n|\n|-heal|p2a: Rillaboom|60\/100|[from] Grassy Terrain\n|upkeep\n|turn|4\n|\n|t:|1699571045\n|switch|p1a: ITS SOUP TIME BB|Heatran, F|100\/100\n|move|p2a: Rillaboom|Grassy Glide|p1a: ITS SOUP TIME BB\n|-resisted|p1a: ITS SOUP TIME BB\n|-damage|p1a: ITS SOUP TIME BB|89\/100\n|\n|-heal|p2a: Rillaboom|66\/100|[from] Grassy Terrain\n|-heal|p1a: ITS SOUP TIME BB|95\/100|[from] Grassy Terrain\n|-heal|p1a: ITS SOUP TIME BB|100\/100|[from] item: Leftovers\n|upkeep\n|turn|5\n|\n|t:|1699571056\n|switch|p2a: Zapdos|Zapdos|100\/100\n|switch|p1a: Stop&SmelltheDirt|Landorus-Therian, M|100\/100\n|-ability|p1a: Stop&SmelltheDirt|Intimidate|boost\n|-unboost|p2a: Zapdos|atk|1\n|\n|upkeep\n|turn|6\n|\n|t:|1699571060\n|move|p2a: Zapdos|Hurricane|p1a: Stop&SmelltheDirt|[miss]\n|-miss|p2a: Zapdos|p1a: Stop&SmelltheDirt\n|move|p1a: Stop&SmelltheDirt|Toxic|p2a: Zapdos\n|-status|p2a: Zapdos|tox\n|\n|-damage|p2a: Zapdos|94\/100 tox|[from] psn\n|upkeep\n|turn|7\n|\n|t:|1699571072\n|switch|p1a: ITS SOUP TIME BB|Heatran, F|100\/100\n|move|p2a: Zapdos|Hurricane|p1a: ITS SOUP TIME BB\n|-resisted|p1a: ITS SOUP TIME BB\n|-damage|p1a: ITS SOUP TIME BB|83\/100\n|\n|-heal|p1a: ITS SOUP TIME BB|89\/100|[from] Grassy Terrain\n|-heal|p1a: ITS SOUP TIME BB|96\/100|[from] item: Leftovers\n|-damage|p2a: Zapdos|82\/100 tox|[from] psn\n|-fieldend|move: Grassy Terrain\n|upkeep\n|turn|8\n|\n|t:|1699571083\n|move|p2a: Zapdos|Volt Switch|p1a: ITS SOUP TIME BB\n|-damage|p1a: ITS SOUP TIME BB|73\/100\n|\n|t:|1699571088\n|switch|p2a: Dondozo|Dondozo, F|100\/100|[from] Volt Switch\n|move|p1a: ITS SOUP TIME BB|Magma Storm|p2a: Dondozo|[miss]\n|-miss|p1a: ITS SOUP TIME BB|p2a: Dondozo\n|\n|-heal|p1a: ITS SOUP TIME BB|79\/100|[from] item: Leftovers\n|upkeep\n|turn|9\n|\n|t:|1699571097\n|switch|p1a: SAVE DOBBY|Grimmsnarl, M|100\/100\n|move|p2a: Dondozo|Curse|p2a: Dondozo\n|-unboost|p2a: Dondozo|spe|1\n|-boost|p2a: Dondozo|atk|1\n|-boost|p2a: Dondozo|def|1\n|\n|upkeep\n|turn|10\n|\n|t:|1699571108\n|move|p1a: SAVE DOBBY|Thunder Wave|p2a: Dondozo\n|-status|p2a: Dondozo|par\n|move|p2a: Dondozo|Wave Crash|p1a: SAVE DOBBY\n|-damage|p1a: SAVE DOBBY|25\/100\n|-damage|p2a: Dondozo|81\/100 par|[from] Recoil\n|\n|-heal|p2a: Dondozo|87\/100 par|[from] item: Leftovers\n|upkeep\n|turn|11\n|\n|t:|1699571123\n|move|p1a: SAVE DOBBY|Light Screen|p1a: SAVE DOBBY\n|-sidestart|p1: Sins of Natdex|move: Light Screen\n|move|p2a: Dondozo|Body Press|p1a: SAVE DOBBY\n|-damage|p1a: SAVE DOBBY|0 fnt\n|faint|p1a: SAVE DOBBY\n|\n|-heal|p2a: Dondozo|93\/100 par|[from] item: Leftovers\n|upkeep\n|\n|t:|1699571134\n|switch|p1a: INTO THE VORTEX|Rotom-Wash|46\/100\n|turn|12\n|\n|t:|1699571143\n|switch|p2a: Zapdos|Zapdos|82\/100 tox\n|move|p1a: INTO THE VORTEX|Thunderbolt|p2a: Zapdos\n|-crit|p2a: Zapdos\n|-damage|p2a: Zapdos|0 fnt\n|faint|p2a: Zapdos\n|\n|upkeep\n|\n|t:|1699571151\n|switch|p2a: Rillaboom|Rillaboom, M|66\/100\n|-fieldstart|move: Grassy Terrain|[from] ability: Grassy Surge|[of] p2a: Rillaboom\n|turn|13\n|\n|t:|1699571157\n|switch|p1a: Stop&SmelltheDirt|Landorus-Therian, M|100\/100\n|-ability|p1a: Stop&SmelltheDirt|Intimidate|boost\n|-unboost|p2a: Rillaboom|atk|1\n|move|p2a: Rillaboom|High Horsepower|p1a: Stop&SmelltheDirt\n|-immune|p1a: Stop&SmelltheDirt\n|\n|-heal|p2a: Rillaboom|73\/100|[from] Grassy Terrain\n|upkeep\n|turn|14\n|\n|t:|1699571167\n|switch|p2a: Dondozo|Dondozo, F|93\/100 par\n|move|p1a: Stop&SmelltheDirt|Toxic||[still]\n|-fail|p1a: Stop&SmelltheDirt\n|\n|-heal|p2a: Dondozo|99\/100 par|[from] Grassy Terrain\n|-heal|p2a: Dondozo|100\/100 par|[from] item: Leftovers\n|upkeep\n|turn|15\n|\n|t:|1699571174\n|move|p1a: Stop&SmelltheDirt|U-turn|p2a: Dondozo\n|-damage|p2a: Dondozo|91\/100 par\n|\n|t:|1699571177\n|switch|p1a: INTO THE VORTEX|Rotom-Wash|46\/100|[from] U-turn\n|cant|p2a: Dondozo|par\n|\n|-heal|p2a: Dondozo|97\/100 par|[from] Grassy Terrain\n|-heal|p2a: Dondozo|100\/100 par|[from] item: Leftovers\n|upkeep\n|turn|16\n|\n|t:|1699571193\n|switch|p2a: Rillaboom|Rillaboom, M|73\/100\n|move|p1a: INTO THE VORTEX|Hydro Pump|p2a: Rillaboom|[miss]\n|-miss|p1a: INTO THE VORTEX|p2a: Rillaboom\n|\n|-heal|p2a: Rillaboom|79\/100|[from] Grassy Terrain\n|upkeep\n|turn|17\n|\n|t:|1699571203\n|switch|p1a: ITS SOUP TIME BB|Heatran, F|79\/100\n|move|p2a: Rillaboom|Grassy Glide|p1a: ITS SOUP TIME BB\n|-resisted|p1a: ITS SOUP TIME BB\n|-damage|p1a: ITS SOUP TIME BB|68\/100\n|\n|-heal|p2a: Rillaboom|85\/100|[from] Grassy Terrain\n|-heal|p1a: ITS SOUP TIME BB|74\/100|[from] Grassy Terrain\n|-heal|p1a: ITS SOUP TIME BB|80\/100|[from] item: Leftovers\n|-fieldend|move: Grassy Terrain\n|upkeep\n|turn|18\n|\n|t:|1699571214\n|switch|p2a: Ting-Lu|Ting-Lu|100\/100\n|-ability|p2a: Ting-Lu|Vessel of Ruin\n|switch|p1a: Stop&SmelltheDirt|Landorus-Therian, M|100\/100\n|-ability|p1a: Stop&SmelltheDirt|Intimidate|boost\n|-unboost|p2a: Ting-Lu|atk|1\n|\n|-sideend|p1: Sins of Natdex|move: Light Screen\n|upkeep\n|turn|19\n|\n|t:|1699571220\n|switch|p2a: Dondozo|Dondozo, F|100\/100 par\n|move|p1a: Stop&SmelltheDirt|Toxic||[still]\n|-fail|p1a: Stop&SmelltheDirt\n|\n|upkeep\n|turn|20\n|\n|t:|1699571223\n|move|p1a: Stop&SmelltheDirt|Earthquake|p2a: Dondozo\n|-damage|p2a: Dondozo|81\/100 par\n|move|p2a: Dondozo|Curse|p2a: Dondozo\n|-unboost|p2a: Dondozo|spe|1\n|-boost|p2a: Dondozo|atk|1\n|-boost|p2a: Dondozo|def|1\n|\n|-heal|p2a: Dondozo|87\/100 par|[from] item: Leftovers\n|upkeep\n|turn|21\n|\n|t:|1699571228\n|move|p1a: Stop&SmelltheDirt|U-turn|p2a: Dondozo\n|-damage|p2a: Dondozo|80\/100 par\n|\n|t:|1699571233\n|switch|p1a: INTO THE VORTEX|Rotom-Wash|46\/100|[from] U-turn\n|move|p2a: Dondozo|Curse|p2a: Dondozo\n|-unboost|p2a: Dondozo|spe|1\n|-boost|p2a: Dondozo|atk|1\n|-boost|p2a: Dondozo|def|1\n|\n|-heal|p2a: Dondozo|87\/100 par|[from] item: Leftovers\n|upkeep\n|turn|22\n|\n|t:|1699571238\n|-terastallize|p2a: Dondozo|Grass\n|move|p1a: INTO THE VORTEX|Volt Switch|p2a: Dondozo\n|-resisted|p2a: Dondozo\n|-damage|p2a: Dondozo|63\/100 par\n|\n|t:|1699571249\n|switch|p1a: Stop&SmelltheDirt|Landorus-Therian, M|100\/100|[from] Volt Switch\n|-ability|p1a: Stop&SmelltheDirt|Intimidate|boost\n|-unboost|p2a: Dondozo|atk|1\n|move|p2a: Dondozo|Body Press|p1a: Stop&SmelltheDirt\n|-resisted|p1a: Stop&SmelltheDirt\n|-damage|p1a: Stop&SmelltheDirt|81\/100\n|\n|-heal|p1a: Stop&SmelltheDirt|87\/100|[from] item: Leftovers\n|-heal|p2a: Dondozo|70\/100 par|[from] item: Leftovers\n|upkeep\n|turn|23\n|\n|t:|1699571257\n|move|p1a: Stop&SmelltheDirt|U-turn|p2a: Dondozo\n|-supereffective|p2a: Dondozo\n|-damage|p2a: Dondozo|59\/100 par\n|\n|t:|1699571263\n|switch|p1a: FEEL THE POWER|Scizor, M, shiny|100\/100|[from] U-turn\n|move|p2a: Dondozo|Wave Crash|p1a: FEEL THE POWER\n|-damage|p1a: FEEL THE POWER|49\/100\n|-damage|p2a: Dondozo|48\/100 par|[from] Recoil\n|\n|-heal|p2a: Dondozo|54\/100 par|[from] item: Leftovers\n|upkeep\n|turn|24\n|\n|t:|1699571269\n|detailschange|p1a: FEEL THE POWER|Scizor-Mega, M, shiny\n|-mega|p1a: FEEL THE POWER|Scizor|Scizorite\n|move|p1a: FEEL THE POWER|U-turn|p2a: Dondozo\n|-supereffective|p2a: Dondozo\n|-damage|p2a: Dondozo|38\/100 par\n|\n|t:|1699571274\n|switch|p1a: Stop&SmelltheDirt|Landorus-Therian, M|87\/100|[from] U-turn\n|-ability|p1a: Stop&SmelltheDirt|Intimidate|boost\n|-unboost|p2a: Dondozo|atk|1\n|cant|p2a: Dondozo|par\n|\n|-heal|p1a: Stop&SmelltheDirt|93\/100|[from] item: Leftovers\n|-heal|p2a: Dondozo|45\/100 par|[from] item: Leftovers\n|upkeep\n|turn|25\n|\n|t:|1699571279\n|move|p1a: Stop&SmelltheDirt|U-turn|p2a: Dondozo\n|-supereffective|p2a: Dondozo\n|-damage|p2a: Dondozo|35\/100 par\n|\n|t:|1699571285\n|switch|p1a: FEEL THE POWER|Scizor-Mega, M, shiny|49\/100|[from] U-turn\n|move|p2a: Dondozo|Rest|p2a: Dondozo\n|-status|p2a: Dondozo|slp|[from] move: Rest\n|-heal|p2a: Dondozo|100\/100 slp|[silent]\n|\n|upkeep\n|turn|26\n|\n|t:|1699571292\n|move|p1a: FEEL THE POWER|U-turn|p2a: Dondozo\n|-supereffective|p2a: Dondozo\n|-damage|p2a: Dondozo|86\/100 slp\n|\n|t:|1699571296\n|switch|p1a: ITS SOUP TIME BB|Heatran, F|80\/100|[from] U-turn\n|cant|p2a: Dondozo|slp\n|\n|-heal|p1a: ITS SOUP TIME BB|86\/100|[from] item: Leftovers\n|-heal|p2a: Dondozo|92\/100 slp|[from] item: Leftovers\n|upkeep\n|turn|27\n|\n|t:|1699571304\n|switch|p2a: Ting-Lu|Ting-Lu|100\/100\n|-ability|p2a: Ting-Lu|Vessel of Ruin\n|move|p1a: ITS SOUP TIME BB|Magma Storm|p2a: Ting-Lu|[miss]\n|-miss|p1a: ITS SOUP TIME BB|p2a: Ting-Lu\n|\n|-heal|p1a: ITS SOUP TIME BB|92\/100|[from] item: Leftovers\n|upkeep\n|turn|28\n|\n|t:|1699571313\n|switch|p1a: Stop&SmelltheDirt|Landorus-Therian, M|93\/100\n|-ability|p1a: Stop&SmelltheDirt|Intimidate|boost\n|-unboost|p2a: Ting-Lu|atk|1\n|move|p2a: Ting-Lu|Ruination|p1a: Stop&SmelltheDirt\n|-damage|p1a: Stop&SmelltheDirt|47\/100\n|\n|-heal|p1a: Stop&SmelltheDirt|53\/100|[from] item: Leftovers\n|upkeep\n|turn|29\n|\n|t:|1699571319\n|switch|p2a: Dondozo|Dondozo, F, tera:Grass|92\/100 slp\n|move|p1a: Stop&SmelltheDirt|Toxic||[still]\n|-fail|p1a: Stop&SmelltheDirt\n|\n|-heal|p1a: Stop&SmelltheDirt|59\/100|[from] item: Leftovers\n|-heal|p2a: Dondozo|98\/100 slp|[from] item: Leftovers\n|upkeep\n|turn|30\n|\n|t:|1699571324\n|move|p1a: Stop&SmelltheDirt|U-turn|p2a: Dondozo\n|-supereffective|p2a: Dondozo\n|-damage|p2a: Dondozo|76\/100 slp\n|\n|t:|1699571326\n|switch|p1a: ITS SOUP TIME BB|Heatran, F|92\/100|[from] U-turn\n|cant|p2a: Dondozo|slp\n|\n|-heal|p1a: ITS SOUP TIME BB|99\/100|[from] item: Leftovers\n|-heal|p2a: Dondozo|82\/100 slp|[from] item: Leftovers\n|upkeep\n|turn|31\n|\n|t:|1699571331\n|move|p1a: ITS SOUP TIME BB|Magma Storm|p2a: Dondozo|[miss]\n|-miss|p1a: ITS SOUP TIME BB|p2a: Dondozo\n|-curestatus|p2a: Dondozo|slp|[msg]\n|move|p2a: Dondozo|Wave Crash|p1a: ITS SOUP TIME BB\n|-supereffective|p1a: ITS SOUP TIME BB\n|-damage|p1a: ITS SOUP TIME BB|30\/100\n|-damage|p2a: Dondozo|65\/100|[from] Recoil\n|\n|-heal|p1a: ITS SOUP TIME BB|36\/100|[from] item: Leftovers\n|-heal|p2a: Dondozo|71\/100|[from] item: Leftovers\n|upkeep\n|turn|32\n|\n|t:|1699571338\n|switch|p2a: Ting-Lu|Ting-Lu|100\/100\n|-ability|p2a: Ting-Lu|Vessel of Ruin\n|move|p1a: ITS SOUP TIME BB|Magma Storm|p2a: Ting-Lu|[miss]\n|-miss|p1a: ITS SOUP TIME BB|p2a: Ting-Lu\n|\n|-heal|p1a: ITS SOUP TIME BB|42\/100|[from] item: Leftovers\n|upkeep\n|turn|33\n|c|\u2606Sins of Natdex|0-0\n|\n|t:|1699571351\n|switch|p1a: Dragon u down|Kommo-o, M|100\/100\n|move|p2a: Ting-Lu|Ruination|p1a: Dragon u down\n|-damage|p1a: Dragon u down|50\/100\n|\n|-heal|p1a: Dragon u down|57\/100|[from] item: Leftovers\n|upkeep\n|turn|34\n|\n|t:|1699571359\n|move|p1a: Dragon u down|Iron Defense|p1a: Dragon u down\n|-boost|p1a: Dragon u down|def|2\n|move|p2a: Ting-Lu|Stomping Tantrum|p1a: Dragon u down\n|-damage|p1a: Dragon u down|41\/100\n|\n|-heal|p1a: Dragon u down|47\/100|[from] item: Leftovers\n|upkeep\n|turn|35\n|\n|t:|1699571363\n|move|p1a: Dragon u down|Iron Defense|p1a: Dragon u down\n|-boost|p1a: Dragon u down|def|2\n|move|p2a: Ting-Lu|Ruination|p1a: Dragon u down\n|-damage|p1a: Dragon u down|24\/100\n|\n|-heal|p1a: Dragon u down|30\/100|[from] item: Leftovers\n|upkeep\n|turn|36\n|\n|t:|1699571372\n|move|p1a: Dragon u down|Drain Punch|p2a: Ting-Lu\n|-supereffective|p2a: Ting-Lu\n|-damage|p2a: Ting-Lu|67\/100\n|-heal|p1a: Dragon u down|55\/100|[from] drain|[of] p2a: Ting-Lu\n|move|p2a: Ting-Lu|Ruination|p1a: Dragon u down|[miss]\n|-miss|p2a: Ting-Lu|p1a: Dragon u down\n|\n|-heal|p1a: Dragon u down|61\/100|[from] item: Leftovers\n|upkeep\n|turn|37\n|\n|t:|1699571379\n|switch|p2a: Tapu Lele|Tapu Lele|100\/100\n|-fieldstart|move: Psychic Terrain|[from] ability: Psychic Surge|[of] p2a: Tapu Lele\n|move|p1a: Dragon u down|Body Press|p2a: Tapu Lele\n|-resisted|p2a: Tapu Lele\n|-damage|p2a: Tapu Lele|65\/100\n|\n|-heal|p1a: Dragon u down|67\/100|[from] item: Leftovers\n|upkeep\n|turn|38\n|\n|t:|1699571385\n|-terastallize|p1a: Dragon u down|Steel\n|move|p2a: Tapu Lele|Moonblast|p1a: Dragon u down\n|-resisted|p1a: Dragon u down\n|-damage|p1a: Dragon u down|48\/100\n|move|p1a: Dragon u down|Iron Head|p2a: Tapu Lele\n|-supereffective|p2a: Tapu Lele\n|-damage|p2a: Tapu Lele|0 fnt\n|faint|p2a: Tapu Lele\n|\n|-heal|p1a: Dragon u down|54\/100|[from] item: Leftovers\n|upkeep\n|\n|t:|1699571389\n|switch|p2a: Rillaboom|Rillaboom, M|85\/100\n|-fieldstart|move: Grassy Terrain|[from] ability: Grassy Surge|[of] p2a: Rillaboom\n|turn|39\n|\n|t:|1699571392\n|move|p2a: Rillaboom|High Horsepower|p1a: Dragon u down\n|-supereffective|p1a: Dragon u down\n|-damage|p1a: Dragon u down|30\/100\n|move|p1a: Dragon u down|Iron Defense|p1a: Dragon u down\n|-boost|p1a: Dragon u down|def|2\n|\n|-heal|p2a: Rillaboom|91\/100|[from] Grassy Terrain\n|-heal|p1a: Dragon u down|36\/100|[from] Grassy Terrain\n|-heal|p1a: Dragon u down|42\/100|[from] item: Leftovers\n|upkeep\n|turn|40\n|\n|t:|1699571395\n|move|p2a: Rillaboom|High Horsepower|p1a: Dragon u down\n|-supereffective|p1a: Dragon u down\n|-damage|p1a: Dragon u down|22\/100\n|move|p1a: Dragon u down|Drain Punch|p2a: Rillaboom\n|-damage|p2a: Rillaboom|59\/100\n|-heal|p1a: Dragon u down|38\/100|[from] drain|[of] p2a: Rillaboom\n|\n|-heal|p2a: Rillaboom|65\/100|[from] Grassy Terrain\n|-heal|p1a: Dragon u down|44\/100|[from] Grassy Terrain\n|-heal|p1a: Dragon u down|50\/100|[from] item: Leftovers\n|upkeep\n|turn|41\n|\n|t:|1699571406\n|move|p2a: Rillaboom|High Horsepower|p1a: Dragon u down\n|-supereffective|p1a: Dragon u down\n|-crit|p1a: Dragon u down\n|-damage|p1a: Dragon u down|0 fnt\n|faint|p1a: Dragon u down\n|\n|-heal|p2a: Rillaboom|71\/100|[from] Grassy Terrain\n|upkeep\n|\n|t:|1699571413\n|switch|p1a: ITS SOUP TIME BB|Heatran, F|42\/100\n|turn|42\n|\n|t:|1699571416\n|move|p2a: Rillaboom|High Horsepower|p1a: ITS SOUP TIME BB\n|-supereffective|p1a: ITS SOUP TIME BB\n|-damage|p1a: ITS SOUP TIME BB|0 fnt\n|faint|p1a: ITS SOUP TIME BB\n|\n|-heal|p2a: Rillaboom|77\/100|[from] Grassy Terrain\n|upkeep\n|c|\u2606Sins of Natdex|Please let me play the game\n|\n|t:|1699571429\n|switch|p1a: FEEL THE POWER|Scizor-Mega, M, shiny|49\/100\n|turn|43\n|\n|t:|1699571433\n|switch|p2a: Dondozo|Dondozo, F, tera:Grass|71\/100\n|move|p1a: FEEL THE POWER|Roost|p1a: FEEL THE POWER\n|-heal|p1a: FEEL THE POWER|99\/100\n|-singleturn|p1a: FEEL THE POWER|move: Roost\n|\n|-heal|p1a: FEEL THE POWER|100\/100|[from] Grassy Terrain\n|-heal|p2a: Dondozo|77\/100|[from] Grassy Terrain\n|-heal|p2a: Dondozo|83\/100|[from] item: Leftovers\n|-fieldend|move: Grassy Terrain\n|upkeep\n|turn|44\n|\n|t:|1699571438\n|move|p1a: FEEL THE POWER|U-turn|p2a: Dondozo\n|-supereffective|p2a: Dondozo\n|-damage|p2a: Dondozo|54\/100\n|\n|t:|1699571445\n|switch|p1a: Stop&SmelltheDirt|Landorus-Therian, M|59\/100|[from] U-turn\n|-ability|p1a: Stop&SmelltheDirt|Intimidate|boost\n|-unboost|p2a: Dondozo|atk|1\n|move|p2a: Dondozo|Curse|p2a: Dondozo\n|-unboost|p2a: Dondozo|spe|1\n|-boost|p2a: Dondozo|atk|1\n|-boost|p2a: Dondozo|def|1\n|\n|-heal|p1a: Stop&SmelltheDirt|65\/100|[from] item: Leftovers\n|-heal|p2a: Dondozo|61\/100|[from] item: Leftovers\n|upkeep\n|turn|45\n|\n|t:|1699571449\n|move|p1a: Stop&SmelltheDirt|Toxic|p2a: Dondozo\n|-status|p2a: Dondozo|tox\n|move|p2a: Dondozo|Curse|p2a: Dondozo\n|-unboost|p2a: Dondozo|spe|1\n|-boost|p2a: Dondozo|atk|1\n|-boost|p2a: Dondozo|def|1\n|\n|-heal|p1a: Stop&SmelltheDirt|71\/100|[from] item: Leftovers\n|-heal|p2a: Dondozo|67\/100 tox|[from] item: Leftovers\n|-damage|p2a: Dondozo|61\/100 tox|[from] psn\n|upkeep\n|turn|46\n|\n|t:|1699571454\n|move|p1a: Stop&SmelltheDirt|U-turn|p2a: Dondozo\n|-supereffective|p2a: Dondozo\n|-damage|p2a: Dondozo|51\/100 tox\n|\n|t:|1699571462\n|switch|p1a: INTO THE VORTEX|Rotom-Wash|46\/100|[from] U-turn\n|move|p2a: Dondozo|Wave Crash|p1a: INTO THE VORTEX\n|-resisted|p1a: INTO THE VORTEX\n|-damage|p1a: INTO THE VORTEX|6\/100\n|-damage|p2a: Dondozo|45\/100 tox|[from] Recoil\n|\n|-heal|p2a: Dondozo|51\/100 tox|[from] item: Leftovers\n|-damage|p2a: Dondozo|39\/100 tox|[from] psn\n|upkeep\n|turn|47\n|\n|t:|1699571467\n|move|p1a: INTO THE VORTEX|Dark Pulse|p2a: Dondozo\n|-damage|p2a: Dondozo|6\/100 tox\n|move|p2a: Dondozo|Rest|p2a: Dondozo\n|-status|p2a: Dondozo|slp|[from] move: Rest\n|-heal|p2a: Dondozo|100\/100 slp|[silent]\n|\n|upkeep\n|turn|48\n|\n|t:|1699571475\n|switch|p2a: Rillaboom|Rillaboom, M|77\/100\n|-fieldstart|move: Grassy Terrain|[from] ability: Grassy Surge|[of] p2a: Rillaboom\n|move|p1a: INTO THE VORTEX|Dark Pulse|p2a: Rillaboom\n|-damage|p2a: Rillaboom|29\/100\n|\n|-heal|p2a: Rillaboom|35\/100|[from] Grassy Terrain\n|upkeep\n|turn|49\n|\n|t:|1699571480\n|switch|p1a: FEEL THE POWER|Scizor-Mega, M, shiny|100\/100\n|move|p2a: Rillaboom|Wood Hammer|p1a: FEEL THE POWER\n|-resisted|p1a: FEEL THE POWER\n|-damage|p1a: FEEL THE POWER|83\/100\n|-damage|p2a: Rillaboom|29\/100|[from] Recoil\n|\n|-heal|p2a: Rillaboom|35\/100|[from] Grassy Terrain\n|-heal|p1a: FEEL THE POWER|89\/100|[from] Grassy Terrain\n|upkeep\n|turn|50\n|\n|t:|1699571486\n|switch|p2a: Dondozo|Dondozo, F, tera:Grass|100\/100 slp\n|move|p1a: FEEL THE POWER|U-turn|p2a: Dondozo\n|-supereffective|p2a: Dondozo\n|-damage|p2a: Dondozo|67\/100 slp\n|\n|t:|1699571488\n|switch|p1a: INTO THE VORTEX|Rotom-Wash|6\/100|[from] U-turn\n|\n|-heal|p2a: Dondozo|73\/100 slp|[from] Grassy Terrain\n|-heal|p2a: Dondozo|79\/100 slp|[from] item: Leftovers\n|upkeep\n|turn|51\n|\n|t:|1699571492\n|switch|p2a: Ting-Lu|Ting-Lu|67\/100\n|-ability|p2a: Ting-Lu|Vessel of Ruin\n|move|p1a: INTO THE VORTEX|Dark Pulse|p2a: Ting-Lu\n|-resisted|p2a: Ting-Lu\n|-damage|p2a: Ting-Lu|59\/100\n|\n|-heal|p2a: Ting-Lu|65\/100|[from] Grassy Terrain\n|upkeep\n|turn|52\n|\n|t:|1699571496\n|switch|p1a: FEEL THE POWER|Scizor-Mega, M, shiny|89\/100\n|move|p2a: Ting-Lu|Heavy Slam|p1a: FEEL THE POWER\n|-resisted|p1a: FEEL THE POWER\n|-damage|p1a: FEEL THE POWER|77\/100\n|\n|-heal|p1a: FEEL THE POWER|83\/100|[from] Grassy Terrain\n|-heal|p2a: Ting-Lu|71\/100|[from] Grassy Terrain\n|-fieldend|move: Grassy Terrain\n|upkeep\n|turn|53\n|\n|t:|1699571500\n|move|p1a: FEEL THE POWER|U-turn|p2a: Ting-Lu\n|-supereffective|p2a: Ting-Lu\n|-damage|p2a: Ting-Lu|31\/100\n|\n|t:|1699571503\n|switch|p1a: INTO THE VORTEX|Rotom-Wash|6\/100|[from] U-turn\n|move|p2a: Ting-Lu|Ruination|p1a: INTO THE VORTEX|[miss]\n|-miss|p2a: Ting-Lu|p1a: INTO THE VORTEX\n|\n|upkeep\n|turn|54\n|\n|t:|1699571506\n|move|p1a: INTO THE VORTEX|Hydro Pump|p2a: Ting-Lu\n|-supereffective|p2a: Ting-Lu\n|-damage|p2a: Ting-Lu|0 fnt\n|faint|p2a: Ting-Lu\n|\n|upkeep\n|\n|t:|1699571515\n|switch|p2a: Aerodactyl|Aerodactyl, F|100\/100\n|-ability|p2a: Aerodactyl|Pressure\n|turn|55\n|\n|t:|1699571519\n|detailschange|p2a: Aerodactyl|Aerodactyl-Mega, F\n|-mega|p2a: Aerodactyl|Aerodactyl|Aerodactylite\n|move|p2a: Aerodactyl|Iron Head|p1a: INTO THE VORTEX\n|-resisted|p1a: INTO THE VORTEX\n|-damage|p1a: INTO THE VORTEX|0 fnt\n|faint|p1a: INTO THE VORTEX\n|\n|upkeep\n|\n|t:|1699571523\n|switch|p1a: Stop&SmelltheDirt|Landorus-Therian, M|71\/100\n|-ability|p1a: Stop&SmelltheDirt|Intimidate|boost\n|-unboost|p2a: Aerodactyl|atk|1\n|turn|56\n|\n|t:|1699571526\n|switch|p2a: Dondozo|Dondozo, F, tera:Grass|79\/100 slp\n|move|p1a: Stop&SmelltheDirt|Toxic||[still]\n|-fail|p1a: Stop&SmelltheDirt\n|\n|-heal|p1a: Stop&SmelltheDirt|77\/100|[from] item: Leftovers\n|-heal|p2a: Dondozo|86\/100 slp|[from] item: Leftovers\n|upkeep\n|turn|57\n|\n|t:|1699571528\n|move|p1a: Stop&SmelltheDirt|U-turn|p2a: Dondozo\n|-supereffective|p2a: Dondozo\n|-damage|p2a: Dondozo|67\/100 slp\n|\n|t:|1699571531\n|switch|p1a: FEEL THE POWER|Scizor-Mega, M, shiny|83\/100|[from] U-turn\n|cant|p2a: Dondozo|slp\n|\n|-heal|p2a: Dondozo|73\/100 slp|[from] item: Leftovers\n|upkeep\n|turn|58\n|\n|t:|1699571535\n|move|p1a: FEEL THE POWER|U-turn|p2a: Dondozo\n|-supereffective|p2a: Dondozo\n|-damage|p2a: Dondozo|39\/100 slp\n|\n|t:|1699571537\n|switch|p1a: Stop&SmelltheDirt|Landorus-Therian, M|77\/100|[from] U-turn\n|-ability|p1a: Stop&SmelltheDirt|Intimidate|boost\n|-unboost|p2a: Dondozo|atk|1\n|cant|p2a: Dondozo|slp\n|\n|-heal|p1a: Stop&SmelltheDirt|83\/100|[from] item: Leftovers\n|-heal|p2a: Dondozo|46\/100 slp|[from] item: Leftovers\n|upkeep\n|turn|59\n|\n|t:|1699571542\n|move|p1a: Stop&SmelltheDirt|U-turn|p2a: Dondozo\n|-supereffective|p2a: Dondozo\n|-damage|p2a: Dondozo|24\/100 slp\n|\n|t:|1699571545\n|switch|p1a: FEEL THE POWER|Scizor-Mega, M, shiny|83\/100|[from] U-turn\n|-curestatus|p2a: Dondozo|slp|[msg]\n|move|p2a: Dondozo|Curse|p2a: Dondozo\n|-unboost|p2a: Dondozo|spe|1\n|-boost|p2a: Dondozo|atk|1\n|-boost|p2a: Dondozo|def|1\n|\n|-heal|p2a: Dondozo|30\/100|[from] item: Leftovers\n|upkeep\n|turn|60\n|\n|t:|1699571552\n|move|p1a: FEEL THE POWER|U-turn|p2a: Dondozo\n|-supereffective|p2a: Dondozo\n|-damage|p2a: Dondozo|10\/100\n|\n|t:|1699571554\n|switch|p1a: Stop&SmelltheDirt|Landorus-Therian, M|83\/100|[from] U-turn\n|-ability|p1a: Stop&SmelltheDirt|Intimidate|boost\n|-unboost|p2a: Dondozo|atk|1\n|move|p2a: Dondozo|Rest|p2a: Dondozo\n|-status|p2a: Dondozo|slp|[from] move: Rest\n|-heal|p2a: Dondozo|100\/100 slp|[silent]\n|\n|-heal|p1a: Stop&SmelltheDirt|89\/100|[from] item: Leftovers\n|upkeep\n|turn|61\n|\n|t:|1699571568\n|move|p1a: Stop&SmelltheDirt|U-turn|p2a: Dondozo\n|-supereffective|p2a: Dondozo\n|-damage|p2a: Dondozo|88\/100 slp\n|\n|t:|1699571571\n|switch|p1a: FEEL THE POWER|Scizor-Mega, M, shiny|83\/100|[from] U-turn\n|cant|p2a: Dondozo|slp\n|\n|-heal|p2a: Dondozo|94\/100 slp|[from] item: Leftovers\n|upkeep\n|turn|62\n|\n|t:|1699571575\n|move|p1a: FEEL THE POWER|U-turn|p2a: Dondozo\n|-supereffective|p2a: Dondozo\n|-damage|p2a: Dondozo|73\/100 slp\n|\n|t:|1699571578\n|switch|p1a: Stop&SmelltheDirt|Landorus-Therian, M|89\/100|[from] U-turn\n|-ability|p1a: Stop&SmelltheDirt|Intimidate|boost\n|-unboost|p2a: Dondozo|atk|1\n|cant|p2a: Dondozo|slp\n|\n|-heal|p1a: Stop&SmelltheDirt|95\/100|[from] item: Leftovers\n|-heal|p2a: Dondozo|79\/100 slp|[from] item: Leftovers\n|upkeep\n|turn|63\n|\n|t:|1699571581\n|move|p1a: Stop&SmelltheDirt|U-turn|p2a: Dondozo\n|-supereffective|p2a: Dondozo\n|-damage|p2a: Dondozo|66\/100 slp\n|\n|t:|1699571583\n|switch|p1a: FEEL THE POWER|Scizor-Mega, M, shiny|83\/100|[from] U-turn\n|-curestatus|p2a: Dondozo|slp|[msg]\n|move|p2a: Dondozo|Curse|p2a: Dondozo\n|-unboost|p2a: Dondozo|spe|1\n|-boost|p2a: Dondozo|atk|1\n|-boost|p2a: Dondozo|def|1\n|\n|-heal|p2a: Dondozo|72\/100|[from] item: Leftovers\n|upkeep\n|turn|64\n|\n|t:|1699571587\n|move|p1a: FEEL THE POWER|U-turn|p2a: Dondozo\n|-supereffective|p2a: Dondozo\n|-damage|p2a: Dondozo|57\/100\n|\n|t:|1699571590\n|switch|p1a: Stop&SmelltheDirt|Landorus-Therian, M|95\/100|[from] U-turn\n|-ability|p1a: Stop&SmelltheDirt|Intimidate|boost\n|-unboost|p2a: Dondozo|atk|1\n|move|p2a: Dondozo|Curse|p2a: Dondozo\n|-unboost|p2a: Dondozo|spe|1\n|-boost|p2a: Dondozo|atk|1\n|-boost|p2a: Dondozo|def|1\n|\n|-heal|p1a: Stop&SmelltheDirt|100\/100|[from] item: Leftovers\n|-heal|p2a: Dondozo|63\/100|[from] item: Leftovers\n|upkeep\n|turn|65\n|\n|t:|1699571591\n|move|p1a: Stop&SmelltheDirt|U-turn|p2a: Dondozo\n|-supereffective|p2a: Dondozo\n|-damage|p2a: Dondozo|55\/100\n|\n|t:|1699571593\n|switch|p1a: FEEL THE POWER|Scizor-Mega, M, shiny|83\/100|[from] U-turn\n|move|p2a: Dondozo|Curse|p2a: Dondozo\n|-unboost|p2a: Dondozo|spe|1\n|-boost|p2a: Dondozo|atk|1\n|-boost|p2a: Dondozo|def|1\n|\n|-heal|p2a: Dondozo|61\/100|[from] item: Leftovers\n|upkeep\n|turn|66\n|\n|t:|1699571596\n|move|p1a: FEEL THE POWER|U-turn|p2a: Dondozo\n|-supereffective|p2a: Dondozo\n|-damage|p2a: Dondozo|51\/100\n|\n|t:|1699571597\n|switch|p1a: Stop&SmelltheDirt|Landorus-Therian, M|100\/100|[from] U-turn\n|-ability|p1a: Stop&SmelltheDirt|Intimidate|boost\n|-unboost|p2a: Dondozo|atk|1\n|move|p2a: Dondozo|Wave Crash|p1a: Stop&SmelltheDirt\n|-supereffective|p1a: Stop&SmelltheDirt\n|-damage|p1a: Stop&SmelltheDirt|62\/100\n|-damage|p2a: Dondozo|42\/100|[from] Recoil\n|\n|-heal|p1a: Stop&SmelltheDirt|68\/100|[from] item: Leftovers\n|-heal|p2a: Dondozo|48\/100|[from] item: Leftovers\n|upkeep\n|turn|67\n|\n|t:|1699571604\n|move|p1a: Stop&SmelltheDirt|U-turn|p2a: Dondozo\n|-supereffective|p2a: Dondozo\n|-damage|p2a: Dondozo|41\/100\n|\n|t:|1699571607\n|switch|p1a: FEEL THE POWER|Scizor-Mega, M, shiny|83\/100|[from] U-turn\n|move|p2a: Dondozo|Curse|p2a: Dondozo\n|-unboost|p2a: Dondozo|spe|1\n|-boost|p2a: Dondozo|atk|1\n|-boost|p2a: Dondozo|def|1\n|\n|-heal|p2a: Dondozo|48\/100|[from] item: Leftovers\n|upkeep\n|turn|68\n|\n|t:|1699571609\n|move|p1a: FEEL THE POWER|U-turn|p2a: Dondozo\n|-supereffective|p2a: Dondozo\n|-damage|p2a: Dondozo|38\/100\n|\n|t:|1699571613\n|switch|p1a: Stop&SmelltheDirt|Landorus-Therian, M|68\/100|[from] U-turn\n|-ability|p1a: Stop&SmelltheDirt|Intimidate|boost\n|-unboost|p2a: Dondozo|atk|1\n|move|p2a: Dondozo|Rest|p2a: Dondozo\n|-status|p2a: Dondozo|slp|[from] move: Rest\n|-heal|p2a: Dondozo|100\/100 slp|[silent]\n|\n|-heal|p1a: Stop&SmelltheDirt|74\/100|[from] item: Leftovers\n|upkeep\n|turn|69\n|\n|t:|1699571619\n|move|p1a: Stop&SmelltheDirt|U-turn|p2a: Dondozo\n|-supereffective|p2a: Dondozo\n|-damage|p2a: Dondozo|94\/100 slp\n|\n|t:|1699571621\n|switch|p1a: FEEL THE POWER|Scizor-Mega, M, shiny|83\/100|[from] U-turn\n|cant|p2a: Dondozo|slp\n|\n|-heal|p2a: Dondozo|99\/100 slp|[from] item: Leftovers\n|upkeep\n|turn|70\n|c|\u2606Sins of Natdex|Not a single crit\n|\n|t:|1699571631\n|move|p1a: FEEL THE POWER|U-turn|p2a: Dondozo\n|-supereffective|p2a: Dondozo\n|-damage|p2a: Dondozo|92\/100 slp\n|\n|t:|1699571634\n|switch|p1a: Stop&SmelltheDirt|Landorus-Therian, M|74\/100|[from] U-turn\n|-ability|p1a: Stop&SmelltheDirt|Intimidate|boost\n|-unboost|p2a: Dondozo|atk|1\n|cant|p2a: Dondozo|slp\n|\n|-heal|p1a: Stop&SmelltheDirt|80\/100|[from] item: Leftovers\n|-heal|p2a: Dondozo|98\/100 slp|[from] item: Leftovers\n|upkeep\n|turn|71\n|\n|t:|1699571638\n|move|p1a: Stop&SmelltheDirt|U-turn|p2a: Dondozo\n|-supereffective|p2a: Dondozo\n|-damage|p2a: Dondozo|92\/100 slp\n|\n|t:|1699571640\n|switch|p1a: FEEL THE POWER|Scizor-Mega, M, shiny|83\/100|[from] U-turn\n|-curestatus|p2a: Dondozo|slp|[msg]\n|move|p2a: Dondozo|Curse|p2a: Dondozo\n|-unboost|p2a: Dondozo|spe|1\n|-boost|p2a: Dondozo|atk|1\n|-boost|p2a: Dondozo|def|1\n|\n|-heal|p2a: Dondozo|98\/100|[from] item: Leftovers\n|upkeep\n|turn|72\n|\n|t:|1699571643\n|move|p1a: FEEL THE POWER|U-turn|p2a: Dondozo\n|-supereffective|p2a: Dondozo\n|-damage|p2a: Dondozo|91\/100\n|\n|t:|1699571646\n|switch|p1a: Stop&SmelltheDirt|Landorus-Therian, M|80\/100|[from] U-turn\n|-ability|p1a: Stop&SmelltheDirt|Intimidate|boost\n|-unboost|p2a: Dondozo|atk|1\n|move|p2a: Dondozo|Wave Crash|p1a: Stop&SmelltheDirt\n|-supereffective|p1a: Stop&SmelltheDirt\n|-damage|p1a: Stop&SmelltheDirt|50\/100\n|-damage|p2a: Dondozo|83\/100|[from] Recoil\n|\n|-heal|p1a: Stop&SmelltheDirt|56\/100|[from] item: Leftovers\n|-heal|p2a: Dondozo|89\/100|[from] item: Leftovers\n|upkeep\n|turn|73\n|\n|t:|1699571650\n|move|p1a: Stop&SmelltheDirt|Toxic|p2a: Dondozo\n|-status|p2a: Dondozo|tox\n|move|p2a: Dondozo|Body Press|p1a: Stop&SmelltheDirt\n|-resisted|p1a: Stop&SmelltheDirt\n|-damage|p1a: Stop&SmelltheDirt|17\/100\n|\n|-heal|p1a: Stop&SmelltheDirt|23\/100|[from] item: Leftovers\n|-heal|p2a: Dondozo|96\/100 tox|[from] item: Leftovers\n|-damage|p2a: Dondozo|89\/100 tox|[from] psn\n|upkeep\n|turn|74\n|\n|t:|1699571656\n|move|p1a: Stop&SmelltheDirt|U-turn|p2a: Dondozo\n|-supereffective|p2a: Dondozo\n|-damage|p2a: Dondozo|84\/100 tox\n|\n|t:|1699571658\n|switch|p1a: FEEL THE POWER|Scizor-Mega, M, shiny|83\/100|[from] U-turn\n|move|p2a: Dondozo|Wave Crash|p1a: FEEL THE POWER\n|-damage|p1a: FEEL THE POWER|69\/100\n|-damage|p2a: Dondozo|81\/100 tox|[from] Recoil\n|\n|-heal|p2a: Dondozo|87\/100 tox|[from] item: Leftovers\n|-damage|p2a: Dondozo|75\/100 tox|[from] psn\n|upkeep\n|turn|75\n|\n|t:|1699571660\n|move|p1a: FEEL THE POWER|Roost|p1a: FEEL THE POWER\n|-heal|p1a: FEEL THE POWER|100\/100\n|-singleturn|p1a: FEEL THE POWER|move: Roost\n|move|p2a: Dondozo|Curse|p2a: Dondozo\n|-boost|p2a: Dondozo|atk|1\n|\n|-heal|p2a: Dondozo|81\/100 tox|[from] item: Leftovers\n|-damage|p2a: Dondozo|63\/100 tox|[from] psn\n|upkeep\n|turn|76\n|\n|t:|1699571665\n|move|p1a: FEEL THE POWER|Swords Dance|p1a: FEEL THE POWER\n|-boost|p1a: FEEL THE POWER|atk|2\n|move|p2a: Dondozo|Curse|p2a: Dondozo\n|-boost|p2a: Dondozo|atk|1\n|\n|-heal|p2a: Dondozo|69\/100 tox|[from] item: Leftovers\n|-damage|p2a: Dondozo|44\/100 tox|[from] psn\n|upkeep\n|turn|77\n|\n|t:|1699571672\n|move|p1a: FEEL THE POWER|U-turn|p2a: Dondozo\n|-supereffective|p2a: Dondozo\n|-damage|p2a: Dondozo|36\/100 tox\n|\n|t:|1699571675\n|switch|p1a: Stop&SmelltheDirt|Landorus-Therian, M|23\/100|[from] U-turn\n|-ability|p1a: Stop&SmelltheDirt|Intimidate|boost\n|-unboost|p2a: Dondozo|atk|1\n|move|p2a: Dondozo|Rest|p2a: Dondozo\n|-status|p2a: Dondozo|slp|[from] move: Rest\n|-heal|p2a: Dondozo|100\/100 slp|[silent]\n|\n|-heal|p1a: Stop&SmelltheDirt|29\/100|[from] item: Leftovers\n|upkeep\n|turn|78\n|\n|t:|1699571686\n|move|p1a: Stop&SmelltheDirt|Earthquake|p2a: Dondozo\n|-resisted|p2a: Dondozo\n|-damage|p2a: Dondozo|98\/100 slp\n|cant|p2a: Dondozo|slp\n|\n|-heal|p1a: Stop&SmelltheDirt|35\/100|[from] item: Leftovers\n|-heal|p2a: Dondozo|100\/100 slp|[from] item: Leftovers\n|upkeep\n|turn|79\n|\n|t:|1699571688\n|move|p1a: Stop&SmelltheDirt|Earthquake|p2a: Dondozo\n|-resisted|p2a: Dondozo\n|-damage|p2a: Dondozo|98\/100 slp\n|cant|p2a: Dondozo|slp\n|\n|-heal|p1a: Stop&SmelltheDirt|41\/100|[from] item: Leftovers\n|-heal|p2a: Dondozo|100\/100 slp|[from] item: Leftovers\n|upkeep\n|turn|80\n|\n|t:|1699571691\n|move|p1a: Stop&SmelltheDirt|U-turn|p2a: Dondozo\n|-supereffective|p2a: Dondozo\n|-damage|p2a: Dondozo|95\/100 slp\n|\n|t:|1699571694\n|switch|p1a: FEEL THE POWER|Scizor-Mega, M, shiny|100\/100|[from] U-turn\n|-curestatus|p2a: Dondozo|slp|[msg]\n|move|p2a: Dondozo|Wave Crash|p1a: FEEL THE POWER\n|-damage|p1a: FEEL THE POWER|82\/100\n|-damage|p2a: Dondozo|91\/100|[from] Recoil\n|\n|-heal|p2a: Dondozo|97\/100|[from] item: Leftovers\n|upkeep\n|turn|81\n|\n|t:|1699571703\n|move|p1a: FEEL THE POWER|U-turn|p2a: Dondozo\n|-supereffective|p2a: Dondozo\n|-damage|p2a: Dondozo|90\/100\n|\n|t:|1699571706\n|switch|p1a: Stop&SmelltheDirt|Landorus-Therian, M|41\/100|[from] U-turn\n|-ability|p1a: Stop&SmelltheDirt|Intimidate|boost\n|-unboost|p2a: Dondozo|atk|1\n|move|p2a: Dondozo|Curse|p2a: Dondozo\n|-boost|p2a: Dondozo|atk|1\n|\n|-heal|p1a: Stop&SmelltheDirt|47\/100|[from] item: Leftovers\n|-heal|p2a: Dondozo|96\/100|[from] item: Leftovers\n|upkeep\n|turn|82\n|\n|t:|1699571710\n|move|p1a: Stop&SmelltheDirt|Toxic|p2a: Dondozo\n|-status|p2a: Dondozo|tox\n|move|p2a: Dondozo|Curse|p2a: Dondozo\n|-boost|p2a: Dondozo|atk|1\n|\n|-heal|p1a: Stop&SmelltheDirt|53\/100|[from] item: Leftovers\n|-heal|p2a: Dondozo|100\/100 tox|[from] item: Leftovers\n|-damage|p2a: Dondozo|94\/100 tox|[from] psn\n|upkeep\n|turn|83\n|\n|t:|1699571714\n|move|p1a: Stop&SmelltheDirt|U-turn|p2a: Dondozo\n|-supereffective|p2a: Dondozo\n|-damage|p2a: Dondozo|88\/100 tox\n|\n|t:|1699571717\n|switch|p1a: FEEL THE POWER|Scizor-Mega, M, shiny|82\/100|[from] U-turn\n|move|p2a: Dondozo|Wave Crash|p1a: FEEL THE POWER\n|-damage|p1a: FEEL THE POWER|54\/100\n|-damage|p2a: Dondozo|82\/100 tox|[from] Recoil\n|\n|-heal|p2a: Dondozo|88\/100 tox|[from] item: Leftovers\n|-damage|p2a: Dondozo|76\/100 tox|[from] psn\n|upkeep\n|turn|84\n|\n|t:|1699571724\n|move|p1a: FEEL THE POWER|U-turn|p2a: Dondozo\n|-supereffective|p2a: Dondozo\n|-damage|p2a: Dondozo|69\/100 tox\n|\n|t:|1699571728\n|switch|p1a: Stop&SmelltheDirt|Landorus-Therian, M|53\/100|[from] U-turn\n|-ability|p1a: Stop&SmelltheDirt|Intimidate|boost\n|-unboost|p2a: Dondozo|atk|1\n|move|p2a: Dondozo|Wave Crash|p1a: Stop&SmelltheDirt\n|-supereffective|p1a: Stop&SmelltheDirt\n|-damage|p1a: Stop&SmelltheDirt|15\/100\n|-damage|p2a: Dondozo|59\/100 tox|[from] Recoil\n|\n|-heal|p1a: Stop&SmelltheDirt|21\/100|[from] item: Leftovers\n|-heal|p2a: Dondozo|65\/100 tox|[from] item: Leftovers\n|-damage|p2a: Dondozo|47\/100 tox|[from] psn\n|upkeep\n|turn|85\n|\n|t:|1699571734\n|move|p1a: Stop&SmelltheDirt|U-turn|p2a: Dondozo\n|-supereffective|p2a: Dondozo\n|-damage|p2a: Dondozo|42\/100 tox\n|\n|t:|1699571737\n|switch|p1a: FEEL THE POWER|Scizor-Mega, M, shiny|54\/100|[from] U-turn\n|move|p2a: Dondozo|Wave Crash|p1a: FEEL THE POWER\n|-damage|p1a: FEEL THE POWER|34\/100\n|-damage|p2a: Dondozo|37\/100 tox|[from] Recoil\n|\n|-heal|p2a: Dondozo|44\/100 tox|[from] item: Leftovers\n|-damage|p2a: Dondozo|19\/100 tox|[from] psn\n|upkeep\n|turn|86\n|\n|t:|1699571745\n|move|p1a: FEEL THE POWER|U-turn|p2a: Dondozo\n|-supereffective|p2a: Dondozo\n|-damage|p2a: Dondozo|11\/100 tox\n|\n|t:|1699571749\n|switch|p1a: Stop&SmelltheDirt|Landorus-Therian, M|21\/100|[from] U-turn\n|-ability|p1a: Stop&SmelltheDirt|Intimidate|boost\n|-unboost|p2a: Dondozo|atk|1\n|move|p2a: Dondozo|Rest|p2a: Dondozo\n|-status|p2a: Dondozo|slp|[from] move: Rest\n|-heal|p2a: Dondozo|100\/100 slp|[silent]\n|\n|-heal|p1a: Stop&SmelltheDirt|27\/100|[from] item: Leftovers\n|upkeep\n|turn|87\n|c|\u2606Sins of Natdex|Fuuuuuu\n|\n|t:|1699571759\n|move|p1a: Stop&SmelltheDirt|U-turn|p2a: Dondozo\n|-supereffective|p2a: Dondozo\n|-damage|p2a: Dondozo|95\/100 slp\n|\n|t:|1699571763\n|switch|p1a: FEEL THE POWER|Scizor-Mega, M, shiny|34\/100|[from] U-turn\n|cant|p2a: Dondozo|slp\n|\n|-heal|p2a: Dondozo|100\/100 slp|[from] item: Leftovers\n|upkeep\n|turn|88\n|\n|t:|1699571768\n|move|p1a: FEEL THE POWER|U-turn|p2a: Dondozo\n|-supereffective|p2a: Dondozo\n|-damage|p2a: Dondozo|92\/100 slp\n|\n|t:|1699571771\n|switch|p1a: Stop&SmelltheDirt|Landorus-Therian, M|27\/100|[from] U-turn\n|-ability|p1a: Stop&SmelltheDirt|Intimidate|boost\n|-unboost|p2a: Dondozo|atk|1\n|cant|p2a: Dondozo|slp\n|\n|-heal|p1a: Stop&SmelltheDirt|33\/100|[from] item: Leftovers\n|-heal|p2a: Dondozo|98\/100 slp|[from] item: Leftovers\n|upkeep\n|turn|89\n|\n|t:|1699571775\n|move|p1a: Stop&SmelltheDirt|Earthquake|p2a: Dondozo\n|-resisted|p2a: Dondozo\n|-damage|p2a: Dondozo|95\/100 slp\n|-curestatus|p2a: Dondozo|slp|[msg]\n|move|p2a: Dondozo|Wave Crash|p1a: Stop&SmelltheDirt\n|-supereffective|p1a: Stop&SmelltheDirt\n|-damage|p1a: Stop&SmelltheDirt|11\/100\n|-damage|p2a: Dondozo|90\/100|[from] Recoil\n|\n|-heal|p1a: Stop&SmelltheDirt|17\/100|[from] item: Leftovers\n|-heal|p2a: Dondozo|96\/100|[from] item: Leftovers\n|upkeep\n|turn|90\n|\n|t:|1699571779\n|move|p1a: Stop&SmelltheDirt|U-turn|p2a: Dondozo\n|-supereffective|p2a: Dondozo\n|-damage|p2a: Dondozo|91\/100\n|\n|t:|1699571781\n|switch|p1a: FEEL THE POWER|Scizor-Mega, M, shiny|34\/100|[from] U-turn\n|move|p2a: Dondozo|Wave Crash|p1a: FEEL THE POWER\n|-damage|p1a: FEEL THE POWER|24\/100\n|-damage|p2a: Dondozo|88\/100|[from] Recoil\n|\n|-heal|p2a: Dondozo|94\/100|[from] item: Leftovers\n|upkeep\n|turn|91\n|\n|t:|1699571784\n|move|p1a: FEEL THE POWER|U-turn|p2a: Dondozo\n|-supereffective|p2a: Dondozo\n|-crit|p2a: Dondozo\n|-damage|p2a: Dondozo|48\/100\n|\n|t:|1699571787\n|switch|p1a: Stop&SmelltheDirt|Landorus-Therian, M|17\/100|[from] U-turn\n|-ability|p1a: Stop&SmelltheDirt|Intimidate|boost\n|-unboost|p2a: Dondozo|atk|1\n|move|p2a: Dondozo|Wave Crash|p1a: Stop&SmelltheDirt\n|-supereffective|p1a: Stop&SmelltheDirt\n|-damage|p1a: Stop&SmelltheDirt|0 fnt\n|faint|p1a: Stop&SmelltheDirt\n|-damage|p2a: Dondozo|44\/100|[from] Recoil\n|\n|-heal|p2a: Dondozo|50\/100|[from] item: Leftovers\n|upkeep\n|\n|t:|1699571793\n|switch|p1a: FEEL THE POWER|Scizor-Mega, M, shiny|24\/100\n|turn|92\n|\n|t:|1699571796\n|move|p1a: FEEL THE POWER|U-turn|p2a: Dondozo\n|-supereffective|p2a: Dondozo\n|-damage|p2a: Dondozo|42\/100\n|move|p2a: Dondozo|Rest|p2a: Dondozo\n|-status|p2a: Dondozo|slp|[from] move: Rest\n|-heal|p2a: Dondozo|100\/100 slp|[silent]\n|\n|upkeep\n|turn|93\n|c|\u2606Sins of Natdex|WE CAN CRIT EM AGAIN\n|\n|t:|1699571810\n|move|p1a: FEEL THE POWER|Roost|p1a: FEEL THE POWER\n|-heal|p1a: FEEL THE POWER|74\/100\n|-singleturn|p1a: FEEL THE POWER|move: Roost\n|cant|p2a: Dondozo|slp\n|\n|upkeep\n|turn|94\n|\n|t:|1699571815\n|move|p1a: FEEL THE POWER|U-turn|p2a: Dondozo\n|-supereffective|p2a: Dondozo\n|-damage|p2a: Dondozo|93\/100 slp\n|cant|p2a: Dondozo|slp\n|\n|-heal|p2a: Dondozo|99\/100 slp|[from] item: Leftovers\n|upkeep\n|turn|95\n|\n|t:|1699571821\n|move|p1a: FEEL THE POWER|U-turn|p2a: Dondozo\n|-supereffective|p2a: Dondozo\n|-damage|p2a: Dondozo|90\/100 slp\n|-curestatus|p2a: Dondozo|slp|[msg]\n|move|p2a: Dondozo|Curse|p2a: Dondozo\n|-boost|p2a: Dondozo|atk|1\n|\n|-heal|p2a: Dondozo|97\/100|[from] item: Leftovers\n|upkeep\n|turn|96\n|c|\u2606Onixisbestmon|i can finally build up my attack again\n|\n|t:|1699571837\n|move|p1a: FEEL THE POWER|U-turn|p2a: Dondozo\n|-supereffective|p2a: Dondozo\n|-damage|p2a: Dondozo|89\/100\n|move|p2a: Dondozo|Wave Crash|p1a: FEEL THE POWER\n|-damage|p1a: FEEL THE POWER|62\/100\n|-damage|p2a: Dondozo|87\/100|[from] Recoil\n|\n|-heal|p2a: Dondozo|93\/100|[from] item: Leftovers\n|upkeep\n|turn|97\n|c|\u2606Sins of Natdex|:\u2019(\n|\n|t:|1699571845\n|move|p1a: FEEL THE POWER|U-turn|p2a: Dondozo\n|-supereffective|p2a: Dondozo\n|-damage|p2a: Dondozo|84\/100\n|move|p2a: Dondozo|Wave Crash|p1a: FEEL THE POWER\n|-damage|p1a: FEEL THE POWER|51\/100\n|-damage|p2a: Dondozo|82\/100|[from] Recoil\n|\n|-heal|p2a: Dondozo|88\/100|[from] item: Leftovers\n|upkeep\n|turn|98\n|c|\u2606Onixisbestmon|nvm im out of curse\n|\n|t:|1699571854\n|move|p1a: FEEL THE POWER|Bullet Punch|p2a: Dondozo\n|-damage|p2a: Dondozo|84\/100\n|move|p2a: Dondozo|Body Press|p1a: FEEL THE POWER\n|-crit|p1a: FEEL THE POWER\n|-damage|p1a: FEEL THE POWER|0 fnt\n|faint|p1a: FEEL THE POWER\n|\n|win|Onixisbestmon\n|raw|Sins of Natdex's rating: 1217 &rarr; <strong>1195<\/strong><br \/>(-22 for losing)\n|raw|Onixisbestmon's rating: 1263 &rarr; <strong>1285<\/strong><br \/>(+22 for winning)\n|c|\u2606Sins of Natdex|Woow\n|c|\u2606Onixisbestmon|finally\n|c|\u2606Sins of Natdex|gg\n|c|\u2606Onixisbestmon|that was hell lol\n|c|\u2606Onixisbestmon|gg\n|c|\u2606Sins of Natdex|What are the odds\n|l|\u2606Onixisbestmon\n|c|\u2606Sins of Natdex|of only 1 crit\n|j| Thiagoreis3108\n|j| Ineros\n|j| Nish the Great\n","uploadtime":1699571961,"views":5,"p1id":"sinsofnatdex","p2id":"onixisbestmon","formatid":"gen9nationaldex","rating":1195,"private":0,"password":""}