{"id":"gen9nationaldex-1995380937","p1":"wwaaa","p2":"pocoYop","format":"[Gen 9] National Dex","log":"|html|<div class=\"broadcast-blue\"><strong>[Gen 9] National Dex is currently suspecting Sneasler! For information on how to participate check out the <a href=\"https:\/\/www.smogon.com\/forums\/threads\/sv-national-dex-suspect-8-just-dance.3731534\/\">suspect thread<\/a>.<\/strong><\/div>\n|j|\u2606wwaaa\n|j|\u2606pocoYop\n|t:|1700562945\n|gametype|singles\n|player|p1|wwaaa|candice|1633\n|player|p2|pocoYop|1|1479\n|teamsize|p1|6\n|teamsize|p2|6\n|gen|9\n|tier|[Gen 9] National Dex\n|rated|\n|rule|HP Percentage Mod: HP is shown in percentages\n|rule|Endless Battle Clause: Forcing endless battles is banned\n|rule|OHKO Clause: OHKO moves are banned\n|rule|Evasion Clause: Evasion abilities, items, and moves are banned\n|rule|Evasion Abilities Clause: Evasion abilities are banned\n|rule|Evasion Items Clause: Evasion items are banned\n|rule|Evasion Moves Clause: Evasion moves are banned\n|rule|Species Clause: Limit one of each Pok\u00e9mon\n|rule|Sleep Clause Mod: Limit one foe put to sleep\n|clearpoke\n|poke|p1|Weavile, F|\n|poke|p1|Zamazenta-*|\n|poke|p1|Banette, F|\n|poke|p1|Slowking-Galar, M|\n|poke|p1|Ferrothorn, F|\n|poke|p1|Polteageist|\n|poke|p2|Clefable, M|\n|poke|p2|Venusaur, F|\n|poke|p2|Chansey, F|\n|poke|p2|Slowbro, M|\n|poke|p2|Porygon2|\n|poke|p2|Skarmory, M|\n|teampreview\n|\n|t:|1700562965\n|start\n|switch|p1a: Polteageist|Polteageist|100\/100\n|switch|p2a: El Cebollita|Venusaur, F|100\/100\n|turn|1\n|\n|t:|1700562971\n|detailschange|p2a: El Cebollita|Venusaur-Mega, F\n|-mega|p2a: El Cebollita|Venusaur|Venusaurite\n|move|p1a: Polteageist|Shell Smash|p1a: Polteageist\n|-unboost|p1a: Polteageist|def|1\n|-unboost|p1a: Polteageist|spd|1\n|-boost|p1a: Polteageist|atk|2\n|-boost|p1a: Polteageist|spa|2\n|-boost|p1a: Polteageist|spe|2\n|move|p2a: El Cebollita|Leech Seed|p1a: Polteageist\n|-start|p1a: Polteageist|move: Leech Seed\n|\n|-damage|p1a: Polteageist|88\/100|[from] Leech Seed|[of] p2a: El Cebollita\n|upkeep\n|turn|2\n|\n|t:|1700562978\n|switch|p2a: Barrilete cosmico|Clefable, M|100\/100\n|move|p1a: Polteageist|Stored Power|p2a: Barrilete cosmico\n|-damage|p2a: Barrilete cosmico|60\/100\n|\n|-heal|p2a: Barrilete cosmico|66\/100|[from] item: Leftovers\n|-damage|p1a: Polteageist|76\/100|[from] Leech Seed|[of] p2a: Barrilete cosmico\n|-heal|p2a: Barrilete cosmico|74\/100|[silent]\n|upkeep\n|turn|3\n|\n|t:|1700562983\n|move|p1a: Polteageist|Shadow Ball|p2a: Barrilete cosmico\n|-damage|p2a: Barrilete cosmico|44\/100\n|move|p2a: Barrilete cosmico|Cosmic Power|p2a: Barrilete cosmico\n|-boost|p2a: Barrilete cosmico|def|1\n|-boost|p2a: Barrilete cosmico|spd|1\n|\n|-heal|p2a: Barrilete cosmico|50\/100|[from] item: Leftovers\n|-damage|p1a: Polteageist|64\/100|[from] Leech Seed|[of] p2a: Barrilete cosmico\n|-heal|p2a: Barrilete cosmico|58\/100|[silent]\n|upkeep\n|turn|4\n|\n|t:|1700562991\n|switch|p1a: Banette|Banette, F|100\/100\n|-item|p2a: Barrilete cosmico|Leftovers|[from] ability: Frisk|[of] p1a: Banette|[identify]\n|move|p2a: Barrilete cosmico|Soft-Boiled|p2a: Barrilete cosmico\n|-heal|p2a: Barrilete cosmico|100\/100\n|\n|upkeep\n|turn|5\n|\n|t:|1700562999\n|switch|p2a: Sr Pato|Porygon2|100\/100\n|-item|p1a: Banette|Banettite|[from] ability: Frisk|[of] p2a: Sr Pato|[identify]\n|-ability|p2a: Sr Pato|Frisk|[from] ability: Trace|[of] p1a: Banette\n|detailschange|p1a: Banette|Banette-Mega, F\n|-mega|p1a: Banette|Banette|Banettite\n|move|p1a: Banette|Encore||[still]\n|-fail|p1a: Banette\n|\n|upkeep\n|turn|6\n|\n|t:|1700563008\n|move|p1a: Banette|Destiny Bond|p1a: Banette\n|-singlemove|p1a: Banette|Destiny Bond\n|move|p2a: Sr Pato|Shadow Ball|p1a: Banette\n|-supereffective|p1a: Banette\n|-damage|p1a: Banette|51\/100\n|\n|upkeep\n|turn|7\n|\n|t:|1700563015\n|switch|p1a: Weavile|Weavile, F|100\/100\n|-ability|p1a: Weavile|Pressure\n|switch|p2a: El Cebollita|Venusaur-Mega, F|100\/100\n|\n|upkeep\n|turn|8\n|\n|t:|1700563020\n|switch|p2a: Skrapy|Skarmory, M|100\/100\n|move|p1a: Weavile|Triple Axel|p2a: Skrapy|[miss]\n|-miss|p1a: Weavile|p2a: Skrapy\n|\n|upkeep\n|turn|9\n|\n|t:|1700563026\n|switch|p1a: Slowking|Slowking-Galar, M|100\/100\n|move|p2a: Skrapy|Body Press|p1a: Slowking\n|-resisted|p1a: Slowking\n|-damage|p1a: Slowking|92\/100\n|\n|upkeep\n|turn|10\n|\n|t:|1700563033\n|switch|p2a: Nursita|Chansey, F|100\/100\n|move|p1a: Slowking|Chilly Reception|p1a: Slowking\n|-weather|Snow\n|\n|t:|1700563045\n|switch|p1a: Ferrothorn|Ferrothorn, F|100\/100|[from] Chilly Reception\n|\n|-weather|Snow|[upkeep]\n|upkeep\n|turn|11\n|\n|t:|1700563052\n|switch|p2a: Skrapy|Skarmory, M|100\/100\n|move|p1a: Ferrothorn|Stealth Rock|p2a: Skrapy\n|-sidestart|p2: pocoYop|move: Stealth Rock\n|\n|-weather|Snow|[upkeep]\n|upkeep\n|turn|12\n|\n|t:|1700563060\n|switch|p1a: Slowking|Slowking-Galar, M|100\/100\n|move|p2a: Skrapy|Defog|p1a: Slowking\n|-unboost|p1a: Slowking|evasion|1\n|-sideend|p2: pocoYop|Stealth Rock|[from] move: Defog|[of] p2a: Skrapy\n|\n|-weather|Snow|[upkeep]\n|upkeep\n|turn|13\n|\n|t:|1700563066\n|switch|p2a: Nursita|Chansey, F|100\/100\n|move|p1a: Slowking|Toxic Spikes|p2a: Nursita\n|-sidestart|p2: pocoYop|move: Toxic Spikes\n|\n|-weather|Snow|[upkeep]\n|upkeep\n|turn|14\n|\n|t:|1700563073\n|move|p2a: Nursita|Seismic Toss|p1a: Slowking\n|-damage|p1a: Slowking|75\/100\n|move|p1a: Slowking|Chilly Reception|p1a: Slowking\n|\n|t:|1700563086\n|switch|p1a: Polteageist|Polteageist|64\/100|[from] Chilly Reception\n|\n|-weather|none\n|upkeep\n|turn|15\n|\n|t:|1700563094\n|switch|p2a: El Cebollita|Venusaur-Mega, F|100\/100\n|-sideend|p2: pocoYop|move: Toxic Spikes|[of] p2a: El Cebollita\n|move|p1a: Polteageist|Shell Smash|p1a: Polteageist\n|-unboost|p1a: Polteageist|def|1\n|-unboost|p1a: Polteageist|spd|1\n|-boost|p1a: Polteageist|atk|2\n|-boost|p1a: Polteageist|spa|2\n|-boost|p1a: Polteageist|spe|2\n|\n|upkeep\n|turn|16\n|\n|t:|1700563103\n|switch|p2a: Barrilete cosmico|Clefable, M|100\/100\n|move|p1a: Polteageist|Shadow Ball|p2a: Barrilete cosmico\n|-damage|p2a: Barrilete cosmico|67\/100\n|\n|-heal|p2a: Barrilete cosmico|73\/100|[from] item: Leftovers\n|upkeep\n|turn|17\n|\n|t:|1700563120\n|switch|p1a: Banette|Banette-Mega, F|51\/100\n|move|p2a: Barrilete cosmico|Cosmic Power|p2a: Barrilete cosmico\n|-boost|p2a: Barrilete cosmico|def|1\n|-boost|p2a: Barrilete cosmico|spd|1\n|\n|-heal|p2a: Barrilete cosmico|79\/100|[from] item: Leftovers\n|upkeep\n|turn|18\n|\n|t:|1700563125\n|switch|p1a: Polteageist|Polteageist|64\/100\n|switch|p2a: El Cebollita|Venusaur-Mega, F|100\/100\n|\n|upkeep\n|turn|19\n|\n|t:|1700563130\n|move|p1a: Polteageist|Shell Smash|p1a: Polteageist\n|-unboost|p1a: Polteageist|def|1\n|-unboost|p1a: Polteageist|spd|1\n|-boost|p1a: Polteageist|atk|2\n|-boost|p1a: Polteageist|spa|2\n|-boost|p1a: Polteageist|spe|2\n|move|p2a: El Cebollita|Leech Seed|p1a: Polteageist\n|-start|p1a: Polteageist|move: Leech Seed\n|\n|-damage|p1a: Polteageist|51\/100|[from] Leech Seed|[of] p2a: El Cebollita\n|upkeep\n|turn|20\n|\n|t:|1700563134\n|switch|p2a: Barrilete cosmico|Clefable, M|79\/100\n|move|p1a: Polteageist|Stored Power|p2a: Barrilete cosmico\n|-damage|p2a: Barrilete cosmico|39\/100\n|\n|-heal|p2a: Barrilete cosmico|45\/100|[from] item: Leftovers\n|-damage|p1a: Polteageist|39\/100|[from] Leech Seed|[of] p2a: Barrilete cosmico\n|-heal|p2a: Barrilete cosmico|54\/100|[silent]\n|upkeep\n|turn|21\n|\n|t:|1700563140\n|move|p1a: Polteageist|Shell Smash|p1a: Polteageist\n|-unboost|p1a: Polteageist|def|1\n|-unboost|p1a: Polteageist|spd|1\n|-boost|p1a: Polteageist|atk|2\n|-boost|p1a: Polteageist|spa|2\n|-boost|p1a: Polteageist|spe|2\n|move|p2a: Barrilete cosmico|Soft-Boiled|p2a: Barrilete cosmico\n|-heal|p2a: Barrilete cosmico|100\/100\n|\n|-damage|p1a: Polteageist|27\/100|[from] Leech Seed|[of] p2a: Barrilete cosmico\n|upkeep\n|turn|22\n|\n|t:|1700563144\n|switch|p1a: Banette|Banette-Mega, F|51\/100\n|move|p2a: Barrilete cosmico|Cosmic Power|p2a: Barrilete cosmico\n|-boost|p2a: Barrilete cosmico|def|1\n|-boost|p2a: Barrilete cosmico|spd|1\n|\n|upkeep\n|turn|23\n|\n|t:|1700563148\n|move|p1a: Banette|Poltergeist|p2a: Barrilete cosmico\n|-activate|p2a: Barrilete cosmico|move: Poltergeist|Leftovers\n|-damage|p2a: Barrilete cosmico|44\/100\n|move|p2a: Barrilete cosmico|Moonblast|p1a: Banette\n|-damage|p1a: Banette|7\/100\n|\n|-heal|p2a: Barrilete cosmico|50\/100|[from] item: Leftovers\n|upkeep\n|turn|24\n|\n|t:|1700563157\n|switch|p1a: Weavile|Weavile, F|100\/100\n|-ability|p1a: Weavile|Pressure\n|switch|p2a: El Cebollita|Venusaur-Mega, F|100\/100\n|\n|upkeep\n|turn|25\n|\n|t:|1700563162\n|-activate|p2a: El Cebollita|move: Pursuit\n|move|p1a: Weavile|Pursuit|p2a: El Cebollita|[from]Pursuit\n|-damage|p2a: El Cebollita|76\/100\n|switch|p2a: Skrapy|Skarmory, M|100\/100\n|\n|upkeep\n|turn|26\n|\n|t:|1700563170\n|switch|p1a: Slowking|Slowking-Galar, M|100\/100\n|switch|p2a: Nursita|Chansey, F|100\/100\n|\n|upkeep\n|turn|27\n|\n|t:|1700563173\n|move|p2a: Nursita|Wish|p2a: Nursita\n|move|p1a: Slowking|Future Sight|p2a: Nursita\n|-start|p1a: Slowking|move: Future Sight\n|\n|upkeep\n|turn|28\n|\n|t:|1700563176\n|switch|p2a: Barrilete cosmico|Clefable, M|50\/100\n|move|p1a: Slowking|Toxic Spikes|p2a: Barrilete cosmico\n|-sidestart|p2: pocoYop|move: Toxic Spikes\n|\n|-heal|p2a: Barrilete cosmico|100\/100|[from] move: Wish|[wisher] Nursita\n|upkeep\n|turn|29\n|\n|t:|1700563184\n|move|p2a: Barrilete cosmico|Moonblast|p1a: Slowking\n|-resisted|p1a: Slowking\n|-damage|p1a: Slowking|91\/100\n|-unboost|p1a: Slowking|spa|1\n|move|p1a: Slowking|Sludge Bomb|p2a: Barrilete cosmico\n|-supereffective|p2a: Barrilete cosmico\n|-damage|p2a: Barrilete cosmico|54\/100\n|-status|p2a: Barrilete cosmico|psn\n|\n|-end|p2a: Barrilete cosmico|move: Future Sight\n|-damage|p2a: Barrilete cosmico|19\/100 psn\n|-heal|p2a: Barrilete cosmico|26\/100 psn|[from] item: Leftovers\n|-damage|p2a: Barrilete cosmico|13\/100 psn|[from] psn\n|upkeep\n|turn|30\n|\n|t:|1700563196\n|switch|p2a: El Cebollita|Venusaur-Mega, F|76\/100\n|-sideend|p2: pocoYop|move: Toxic Spikes|[of] p2a: El Cebollita\n|move|p1a: Slowking|Future Sight|p2a: El Cebollita\n|-start|p1a: Slowking|move: Future Sight\n|\n|upkeep\n|turn|31\n|\n|t:|1700563201\n|move|p2a: El Cebollita|Leech Seed|p1a: Slowking\n|-start|p1a: Slowking|move: Leech Seed\n|move|p1a: Slowking|Toxic Spikes|p2a: El Cebollita\n|-sidestart|p2: pocoYop|move: Toxic Spikes\n|\n|-damage|p1a: Slowking|79\/100|[from] Leech Seed|[of] p2a: El Cebollita\n|-heal|p2a: El Cebollita|90\/100|[silent]\n|upkeep\n|turn|32\n|\n|t:|1700563206\n|switch|p2a: Skrapy|Skarmory, M|100\/100\n|move|p1a: Slowking|Chilly Reception|p1a: Slowking\n|-weather|Snow\n|\n|t:|1700563213\n|switch|p1a: Ferrothorn|Ferrothorn, F|100\/100|[from] Chilly Reception\n|\n|-weather|Snow|[upkeep]\n|-end|p2a: Skrapy|move: Future Sight\n|-resisted|p2a: Skrapy\n|-damage|p2a: Skrapy|70\/100\n|upkeep\n|turn|33\n|\n|t:|1700563217\n|move|p2a: Skrapy|Defog|p1a: Ferrothorn\n|-unboost|p1a: Ferrothorn|evasion|1\n|-sideend|p2: pocoYop|Toxic Spikes|[from] move: Defog|[of] p2a: Skrapy\n|move|p1a: Ferrothorn|Leech Seed|p2a: Skrapy\n|-start|p2a: Skrapy|move: Leech Seed\n|\n|-weather|Snow|[upkeep]\n|-damage|p2a: Skrapy|58\/100|[from] Leech Seed|[of] p1a: Ferrothorn\n|upkeep\n|turn|34\n|\n|t:|1700563222\n|switch|p2a: Nursita|Chansey, F|100\/100\n|switch|p1a: Banette|Banette-Mega, F|7\/100\n|\n|-weather|Snow|[upkeep]\n|upkeep\n|turn|35\n|\n|t:|1700563234\n|switch|p1a: Slowking|Slowking-Galar, M|100\/100\n|move|p2a: Nursita|Wish|p2a: Nursita\n|\n|-weather|Snow|[upkeep]\n|upkeep\n|turn|36\n|\n|t:|1700563239\n|switch|p2a: Barrilete cosmico|Clefable, M|13\/100 psn\n|move|p1a: Slowking|Future Sight|p2a: Barrilete cosmico\n|-start|p1a: Slowking|move: Future Sight\n|\n|-weather|none\n|-heal|p2a: Barrilete cosmico|100\/100 psn|[from] move: Wish|[wisher] Nursita\n|-damage|p2a: Barrilete cosmico|88\/100 psn|[from] psn\n|upkeep\n|turn|37\n|\n|t:|1700563244\n|switch|p2a: Nursita|Chansey, F|100\/100\n|move|p1a: Slowking|Toxic Spikes|p2a: Nursita\n|-sidestart|p2: pocoYop|move: Toxic Spikes\n|\n|upkeep\n|turn|38\n|\n|t:|1700563250\n|move|p2a: Nursita|Heal Bell|p2a: Nursita\n|-activate|p2a: Nursita|move: Heal Bell\n|-curestatus|p2: Barrilete cosmico|psn|[msg]\n|move|p1a: Slowking|Sludge Bomb|p2a: Nursita\n|-damage|p2a: Nursita|90\/100\n|\n|-end|p2a: Nursita|move: Future Sight\n|-damage|p2a: Nursita|75\/100\n|upkeep\n|turn|39\n|\n|t:|1700563260\n|move|p2a: Nursita|Wish|p2a: Nursita\n|move|p1a: Slowking|Future Sight|p2a: Nursita\n|-start|p1a: Slowking|move: Future Sight\n|\n|upkeep\n|turn|40\n|\n|t:|1700563264\n|move|p2a: Nursita|Seismic Toss|p1a: Slowking\n|-damage|p1a: Slowking|75\/100\n|move|p1a: Slowking|Chilly Reception|p1a: Slowking\n|-weather|Snow\n|\n|t:|1700563282\n|switch|p1a: Banette|Banette-Mega, F|7\/100|[from] Chilly Reception\n|\n|-weather|Snow|[upkeep]\n|-heal|p2a: Nursita|100\/100|[from] move: Wish|[wisher] Nursita\n|upkeep\n|turn|41\n|inactive|Battle timer is ON: inactive players will automatically lose when time's up. (requested by pocoYop)\n|\n|t:|1700563292\n|switch|p2a: Skrapy|Skarmory, M|58\/100\n|move|p1a: Banette|Poltergeist|p2a: Skrapy\n|-activate|p2a: Skrapy|move: Poltergeist|Rocky Helmet\n|-damage|p2a: Skrapy|16\/100\n|\n|-weather|Snow|[upkeep]\n|-end|p2a: Skrapy|move: Future Sight\n|-resisted|p2a: Skrapy\n|-damage|p2a: Skrapy|0 fnt\n|faint|p2a: Skrapy\n|upkeep\n|\n|t:|1700563302\n|switch|p2a: El Cebollita|Venusaur-Mega, F|90\/100\n|-sideend|p2: pocoYop|move: Toxic Spikes|[of] p2a: El Cebollita\n|turn|42\n|\n|t:|1700563307\n|switch|p1a: Slowking|Slowking-Galar, M|100\/100\n|move|p2a: El Cebollita|Leech Seed|p1a: Slowking\n|-start|p1a: Slowking|move: Leech Seed\n|\n|-weather|Snow|[upkeep]\n|-damage|p1a: Slowking|88\/100|[from] Leech Seed|[of] p2a: El Cebollita\n|-heal|p2a: El Cebollita|100\/100|[silent]\n|upkeep\n|turn|43\n|\n|t:|1700563312\n|switch|p2a: Sr Pato|Porygon2|100\/100\n|-ability|p2a: Sr Pato|Regenerator|[from] ability: Trace|[of] p1a: Slowking\n|move|p1a: Slowking|Toxic Spikes|p2a: Sr Pato\n|-sidestart|p2: pocoYop|move: Toxic Spikes\n|\n|-weather|Snow|[upkeep]\n|-damage|p1a: Slowking|76\/100|[from] Leech Seed|[of] p2a: Sr Pato\n|upkeep\n|turn|44\n|\n|t:|1700563317\n|move|p2a: Sr Pato|Shadow Ball|p1a: Slowking\n|-supereffective|p1a: Slowking\n|-damage|p1a: Slowking|52\/100\n|move|p1a: Slowking|Chilly Reception|p1a: Slowking\n|\n|t:|1700563325\n|switch|p1a: Ferrothorn|Ferrothorn, F|100\/100|[from] Chilly Reception\n|\n|-weather|none\n|upkeep\n|turn|45\n|\n|t:|1700563329\n|move|p2a: Sr Pato|Tri Attack|p1a: Ferrothorn\n|-resisted|p1a: Ferrothorn\n|-damage|p1a: Ferrothorn|89\/100\n|move|p1a: Ferrothorn|Stealth Rock|p2a: Sr Pato\n|-sidestart|p2: pocoYop|move: Stealth Rock\n|\n|-heal|p1a: Ferrothorn|96\/100|[from] item: Leftovers\n|upkeep\n|turn|46\n|\n|t:|1700563345\n|move|p2a: Sr Pato|Tri Attack|p1a: Ferrothorn\n|-resisted|p1a: Ferrothorn\n|-damage|p1a: Ferrothorn|85\/100\n|move|p1a: Ferrothorn|Gyro Ball|p2a: Sr Pato\n|-damage|p2a: Sr Pato|84\/100\n|\n|-heal|p1a: Ferrothorn|92\/100|[from] item: Leftovers\n|upkeep\n|turn|47\n|\n|t:|1700563357\n|switch|p2a: El Cebollita|Venusaur-Mega, F|100\/100\n|-sideend|p2: pocoYop|move: Toxic Spikes|[of] p2a: El Cebollita\n|-damage|p2a: El Cebollita|88\/100|[from] Stealth Rock\n|switch|p1a: Slowking|Slowking-Galar, M|85\/100\n|\n|upkeep\n|turn|48\n|\n|t:|1700563361\n|move|p2a: El Cebollita|Earth Power|p1a: Slowking\n|-supereffective|p1a: Slowking\n|-damage|p1a: Slowking|57\/100\n|move|p1a: Slowking|Toxic Spikes|p2a: El Cebollita\n|-sidestart|p2: pocoYop|move: Toxic Spikes\n|\n|upkeep\n|turn|49\n|\n|t:|1700563367\n|move|p2a: El Cebollita|Earth Power|p1a: Slowking\n|-supereffective|p1a: Slowking\n|-damage|p1a: Slowking|25\/100\n|move|p1a: Slowking|Future Sight|p2a: El Cebollita\n|-start|p1a: Slowking|move: Future Sight\n|\n|upkeep\n|turn|50\n|\n|t:|1700563374\n|switch|p1a: Ferrothorn|Ferrothorn, F|92\/100\n|move|p2a: El Cebollita|Earth Power|p1a: Ferrothorn\n|-damage|p1a: Ferrothorn|73\/100\n|\n|-heal|p1a: Ferrothorn|79\/100|[from] item: Leftovers\n|upkeep\n|turn|51\n|-message|pocoYop forfeited.\n|\n|win|wwaaa\n|raw|wwaaa's rating: 1633 &rarr; <strong>1645<\/strong><br \/>(+12 for winning)\n|raw|pocoYop's rating: 1479 &rarr; <strong>1467<\/strong><br \/>(-12 for losing)\n|l|\u2606pocoYop\n","uploadtime":1700563386,"views":2,"p1id":"wwaaa","p2id":"pocoyop","formatid":"gen9nationaldex","rating":1467,"private":0,"password":""}