{"id":"gen9nationaldex-1989925985","p1":"Azu_CriticalXD","p2":"Jor99fran","format":"[Gen 9] National Dex","log":"|j|\u2606Azu_CriticalXD\n|j|\u2606Jor99fran\n|t:|1699907314\n|gametype|singles\n|player|p1|Azu_CriticalXD|ltsurge|\n|player|p2|Jor99fran|ghetsis|\n|teamsize|p1|6\n|teamsize|p2|6\n|gen|9\n|tier|[Gen 9] National Dex\n|rule|HP Percentage Mod: HP is shown in percentages\n|rule|Endless Battle Clause: Forcing endless battles is banned\n|rule|OHKO Clause: OHKO moves are banned\n|rule|Evasion Clause: Evasion abilities, items, and moves are banned\n|rule|Evasion Abilities Clause: Evasion abilities are banned\n|rule|Evasion Items Clause: Evasion items are banned\n|rule|Evasion Moves Clause: Evasion moves are banned\n|rule|Species Clause: Limit one of each Pok\u00e9mon\n|rule|Sleep Clause Mod: Limit one foe put to sleep\n|clearpoke\n|poke|p1|Regigigas|\n|poke|p1|Zoroark-Hisui, M|\n|poke|p1|Grafaiai, M|\n|poke|p1|Ursaluna, F|\n|poke|p1|Pidgeot, F|\n|poke|p1|Porygon-Z|\n|poke|p2|Basculegion-F, F|\n|poke|p2|Chandelure, M|\n|poke|p2|Gengar, F|\n|poke|p2|Decidueye, M|\n|poke|p2|Palossand, F|\n|poke|p2|Skeledirge, M|\n|teampreview\n|\n|t:|1699907331\n|start\n|switch|p1a: Urbeman|Grafaiai, M, shiny|100\/100\n|switch|p2a: Gengar|Gengar, F, shiny|100\/100\n|turn|1\n|c|\u2606Jor99fran|pq urbe es un png\n|c|\u2606Jor99fran|y los demas 3d\n|c|\u2606Azu_CriticalXD|falta de presupuesto no c XD\n|\n|t:|1699907364\n|move|p1a: Urbeman|Acrobatics|p2a: Gengar\n|-damage|p2a: Gengar|70\/100\n|-start|p1a: Urbeman|Disable|Acrobatics|[from] ability: Cursed Body|[of] p2a: Gengar\n|move|p2a: Gengar|Sludge Bomb|p1a: Urbeman\n|-resisted|p1a: Urbeman\n|-damage|p1a: Urbeman|62\/100\n|\n|-heal|p2a: Gengar|76\/100|[from] item: Leftovers\n|upkeep\n|turn|2\n|\n|t:|1699907377\n|move|p2a: Gengar|Toxic Spikes|p1a: Urbeman\n|-sidestart|p1: Azu_CriticalXD|move: Toxic Spikes\n|move|p1a: Urbeman|Cross Poison|p2a: Gengar\n|-resisted|p2a: Gengar\n|-crit|p2a: Gengar\n|-damage|p2a: Gengar|55\/100\n|\n|-heal|p2a: Gengar|61\/100|[from] item: Leftovers\n|upkeep\n|turn|3\n|\n|t:|1699907389\n|move|p1a: Urbeman|Cross Poison|p2a: Gengar\n|-resisted|p2a: Gengar\n|-damage|p2a: Gengar|45\/100\n|move|p2a: Gengar|Toxic Spikes|p1a: Urbeman\n|-sidestart|p1: Azu_CriticalXD|move: Toxic Spikes\n|\n|-heal|p2a: Gengar|51\/100|[from] item: Leftovers\n|upkeep\n|turn|4\n|\n|t:|1699907399\n|move|p1a: Urbeman|Cross Poison|p2a: Gengar\n|-resisted|p2a: Gengar\n|-damage|p2a: Gengar|36\/100\n|move|p2a: Gengar|Will-O-Wisp|p1a: Urbeman\n|-status|p1a: Urbeman|brn\n|\n|-heal|p2a: Gengar|42\/100|[from] item: Leftovers\n|-damage|p1a: Urbeman|56\/100 brn|[from] brn\n|-end|p1a: Urbeman|Disable\n|upkeep\n|turn|5\n|\n|t:|1699907409\n|move|p2a: Gengar|Sludge Bomb|p1a: Urbeman\n|-resisted|p1a: Urbeman\n|-damage|p1a: Urbeman|17\/100 brn\n|-enditem|p1a: Urbeman|Sitrus Berry|[eat]\n|-heal|p1a: Urbeman|42\/100 brn|[from] item: Sitrus Berry\n|move|p1a: Urbeman|Cross Poison|p2a: Gengar\n|-resisted|p2a: Gengar\n|-damage|p2a: Gengar|35\/100\n|-start|p1a: Urbeman|Disable|Cross Poison|[from] ability: Cursed Body|[of] p2a: Gengar\n|\n|-heal|p2a: Gengar|41\/100|[from] item: Leftovers\n|-damage|p1a: Urbeman|36\/100 brn|[from] brn\n|upkeep\n|turn|6\n|\n|t:|1699907421\n|move|p1a: Urbeman|Acrobatics|p2a: Gengar\n|-damage|p2a: Gengar|13\/100\n|move|p2a: Gengar|Sludge Bomb|p1a: Urbeman\n|-resisted|p1a: Urbeman\n|-damage|p1a: Urbeman|0 fnt\n|faint|p1a: Urbeman\n|\n|-heal|p2a: Gengar|19\/100|[from] item: Leftovers\n|upkeep\n|c|\u2606Azu_CriticalXD|no que paso se me lageo el showdown\n|c|\u2606Jor99fran|xd\n|\n|t:|1699907450\n|switch|p1a: Dashy|Pidgeot, F, shiny|100\/100\n|turn|7\n|\n|t:|1699907459\n|detailschange|p1a: Dashy|Pidgeot-Mega, F, shiny\n|-mega|p1a: Dashy|Pidgeot|Pidgeotite\n|move|p1a: Dashy|Heat Wave|p2a: Gengar\n|-damage|p2a: Gengar|0 fnt\n|faint|p2a: Gengar\n|\n|upkeep\n|\n|t:|1699907468\n|switch|p2a: Palossand|Palossand, F|100\/100\n|turn|8\n|\n|t:|1699907479\n|move|p1a: Dashy|Hurricane|p2a: Palossand\n|-damage|p2a: Palossand|30\/100\n|move|p2a: Palossand|Stealth Rock|p1a: Dashy\n|-sidestart|p1: Azu_CriticalXD|move: Stealth Rock\n|\n|upkeep\n|turn|9\n|\n|t:|1699907485\n|move|p1a: Dashy|Hurricane|p2a: Palossand\n|-damage|p2a: Palossand|0 fnt\n|faint|p2a: Palossand\n|\n|upkeep\n|c|\u2606Azu_CriticalXD|que rico que pega mi pajaro\n|c|\u2606Azu_CriticalXD|jaja\n|\n|t:|1699907499\n|switch|p2a: Basculegion|Basculegion-F, F, shiny|100\/100\n|turn|10\n|\n|t:|1699907507\n|-terastallize|p2a: Basculegion|Water\n|move|p1a: Dashy|Hurricane|p2a: Basculegion\n|-damage|p2a: Basculegion|30\/100\n|-start|p2a: Basculegion|confusion\n|-activate|p2a: Basculegion|confusion\n|move|p2a: Basculegion|Substitute|p2a: Basculegion\n|-start|p2a: Basculegion|Substitute\n|-damage|p2a: Basculegion|5\/100\n|\n|-heal|p2a: Basculegion|11\/100|[from] item: Leftovers\n|upkeep\n|turn|11\n|\n|t:|1699907517\n|move|p1a: Dashy|Hurricane|p2a: Basculegion\n|-end|p2a: Basculegion|Substitute\n|-end|p2a: Basculegion|confusion\n|move|p2a: Basculegion|Ice Beam|p1a: Dashy\n|-supereffective|p1a: Dashy\n|-damage|p1a: Dashy|34\/100\n|-status|p1a: Dashy|frz\n|\n|-heal|p2a: Basculegion|17\/100|[from] item: Leftovers\n|upkeep\n|turn|12\n|c|\u2606Jor99fran|XDDDDD\n|c|\u2606Azu_CriticalXD|eh?\n|c|\u2606Azu_CriticalXD|que mala suerte man\n|\n|t:|1699907553\n|cant|p1a: Dashy|frz\n|move|p2a: Basculegion|Ice Beam|p1a: Dashy\n|-supereffective|p1a: Dashy\n|-damage|p1a: Dashy|0 fnt\n|faint|p1a: Dashy\n|\n|-heal|p2a: Basculegion|23\/100|[from] item: Leftovers\n|upkeep\n|c|\u2606Azu_CriticalXD|que se muera lptm\n|\n|t:|1699907573\n|switch|p1a: Glitchy.exe|Porygon-Z, shiny|100\/100\n|-status|p1a: Glitchy.exe|tox\n|-damage|p1a: Glitchy.exe|88\/100 tox|[from] Stealth Rock\n|-ability|p1a: Glitchy.exe|Download|boost\n|-boost|p1a: Glitchy.exe|atk|1\n|turn|13\n|\n|t:|1699907581\n|move|p1a: Glitchy.exe|Shadow Ball|p2a: Basculegion\n|-damage|p2a: Basculegion|0 fnt\n|faint|p2a: Basculegion\n|\n|-damage|p1a: Glitchy.exe|82\/100 tox|[from] psn\n|upkeep\n|\n|t:|1699907588\n|switch|p2a: Skeledirge|Skeledirge, M|100\/100\n|turn|14\n|\n|t:|1699907596\n|switch|p1a: Fancie|Ursaluna, F, shiny|100\/100\n|-status|p1a: Fancie|tox\n|-damage|p1a: Fancie|94\/100 tox|[from] Stealth Rock\n|move|p2a: Skeledirge|Torch Song|p1a: Fancie\n|-damage|p1a: Fancie|68\/100 tox\n|-boost|p2a: Skeledirge|spa|1\n|\n|-damage|p1a: Fancie|62\/100 tox|[from] psn\n|upkeep\n|turn|15\n|\n|t:|1699907611\n|move|p2a: Skeledirge|Torch Song|p1a: Fancie\n|-damage|p1a: Fancie|19\/100 tox\n|-boost|p2a: Skeledirge|spa|1\n|move|p1a: Fancie|Earthquake|p2a: Skeledirge\n|-supereffective|p2a: Skeledirge\n|-damage|p2a: Skeledirge|0 fnt\n|faint|p2a: Skeledirge\n|\n|-damage|p1a: Fancie|7\/100 tox|[from] psn\n|upkeep\n|c|\u2606Azu_CriticalXD|U F\n|\n|t:|1699907620\n|switch|p2a: Decidueye|Decidueye, M|100\/100\n|turn|16\n|c|\u2606Azu_CriticalXD|asi la palmo\n|c|\u2606Azu_CriticalXD|casi*\n|\n|t:|1699907633\n|move|p2a: Decidueye|Leaf Blade|p1a: Fancie\n|-supereffective|p1a: Fancie\n|-damage|p1a: Fancie|0 fnt\n|faint|p1a: Fancie\n|\n|upkeep\n|\n|t:|1699907643\n|switch|p1a: Mecha|Regigigas, shiny|100\/100\n|-status|p1a: Mecha|tox\n|-damage|p1a: Mecha|88\/100 tox|[from] Stealth Rock\n|turn|17\n|c|\u2606Jor99fran|es el falso\n|c|\u2606Jor99fran|no tiene slow\n|\n|t:|1699907660\n|move|p1a: Mecha|Shadow Ball|p2a: Decidueye\n|-supereffective|p2a: Decidueye\n|-damage|p2a: Decidueye|14\/100\n|-unboost|p2a: Decidueye|spd|1\n|move|p2a: Decidueye|Leaf Blade|p1a: Mecha\n|-damage|p1a: Mecha|1\/100 tox\n|replace|p1a: Zero|Zoroark-Hisui, M, shiny\n|-end|p1a: Zero|Illusion\n|\n|-damage|p1a: Zero|0 fnt|[from] psn\n|faint|p1a: Zero\n|upkeep\n|c|\u2606Azu_CriticalXD|x D\n|\n|t:|1699907671\n|switch|p1a: Glitchy.exe|Porygon-Z, shiny|82\/100 tox\n|-damage|p1a: Glitchy.exe|70\/100 tox|[from] Stealth Rock\n|-ability|p1a: Glitchy.exe|Download|boost\n|-boost|p1a: Glitchy.exe|spa|1\n|turn|18\n|\n|t:|1699907679\n|move|p1a: Glitchy.exe|Shadow Ball|p2a: Decidueye\n|-supereffective|p2a: Decidueye\n|-damage|p2a: Decidueye|0 fnt\n|faint|p2a: Decidueye\n|\n|-damage|p1a: Glitchy.exe|64\/100 tox|[from] psn\n|upkeep\n|c|\u2606Jor99fran|se nota que me s\u00e9 las habilidades\n|c|\u2606Jor99fran|XD\n|\n|t:|1699907686\n|switch|p2a: Chandelure|Chandelure, M|100\/100\n|turn|19\n|c|\u2606Azu_CriticalXD|si me di cuenta que se nota\n|\n|t:|1699907702\n|move|p1a: Glitchy.exe|Shadow Ball|p2a: Chandelure\n|-supereffective|p2a: Chandelure\n|-damage|p2a: Chandelure|0 fnt\n|faint|p2a: Chandelure\n|\n|win|Azu_CriticalXD\n|c|\u2606Jor99fran|gg\n|c|\u2606Azu_CriticalXD|gg\n|c|\u2606Azu_CriticalXD|lo malo que me jode\n","uploadtime":1699907723,"views":7,"p1id":"azucriticalxd","p2id":"jor99fran","formatid":"gen9nationaldex","rating":0,"private":0,"password":""}