{"id":"gen9nationaldex-1995728715","p1":"Lufano5","p2":"RandoTestAccount","format":"[Gen 9] National Dex","log":"|html|<div class=\"broadcast-blue\"><strong>[Gen 9] National Dex is currently suspecting Sneasler! For information on how to participate check out the <a href=\"https:\/\/www.smogon.com\/forums\/threads\/sv-national-dex-suspect-8-just-dance.3731534\/\">suspect thread<\/a>.<\/strong><\/div>\n|j|\u2606Lufano5\n|j|\u2606RandoTestAccount\n|t:|1700597669\n|gametype|singles\n|player|p1|Lufano5|pokemaniac|1148\n|player|p2|RandoTestAccount|pokemonrangerf|1311\n|teamsize|p1|6\n|teamsize|p2|6\n|gen|9\n|tier|[Gen 9] National Dex\n|rated|\n|rule|HP Percentage Mod: HP is shown in percentages\n|rule|Endless Battle Clause: Forcing endless battles is banned\n|rule|OHKO Clause: OHKO moves are banned\n|rule|Evasion Clause: Evasion abilities, items, and moves are banned\n|rule|Evasion Abilities Clause: Evasion abilities are banned\n|rule|Evasion Items Clause: Evasion items are banned\n|rule|Evasion Moves Clause: Evasion moves are banned\n|rule|Species Clause: Limit one of each Pok\u00e9mon\n|rule|Sleep Clause Mod: Limit one foe put to sleep\n|clearpoke\n|poke|p1|Lopunny, M|\n|poke|p1|Serperior, M|\n|poke|p1|Volcanion|\n|poke|p1|Samurott-Hisui, F|\n|poke|p1|Magnezone|\n|poke|p1|Excadrill, M|\n|poke|p2|Umbreon, F|\n|poke|p2|Excadrill, F|\n|poke|p2|Corviknight, F|\n|poke|p2|Sableye, F|\n|poke|p2|Tapu Fini|\n|poke|p2|Dragalge, F|\n|teampreview\n|inactive|Battle timer is ON: inactive players will automatically lose when time's up. (requested by RandoTestAccount)\n|\n|t:|1700597692\n|start\n|switch|p1a: Volcanion|Volcanion|100\/100\n|switch|p2a: Spectre of Emerald|Sableye, F, shiny|100\/100\n|turn|1\n|\n|t:|1700597709\n|switch|p2a: The Droplet Tear|Tapu Fini, shiny|100\/100\n|-fieldstart|move: Misty Terrain|[from] ability: Misty Surge|[of] p2a: The Droplet Tear\n|move|p1a: Volcanion|Fire Blast|p2a: The Droplet Tear\n|-resisted|p2a: The Droplet Tear\n|-damage|p2a: The Droplet Tear|80\/100\n|\n|-heal|p2a: The Droplet Tear|86\/100|[from] item: Leftovers\n|upkeep\n|turn|2\n|inactive|RandoTestAccount has 120 seconds left.\n|\n|t:|1700597749\n|move|p2a: The Droplet Tear|Substitute|p2a: The Droplet Tear\n|-start|p2a: The Droplet Tear|Substitute\n|-damage|p2a: The Droplet Tear|61\/100\n|move|p1a: Volcanion|Sludge Wave|p2a: The Droplet Tear\n|-supereffective|p2a: The Droplet Tear\n|-end|p2a: The Droplet Tear|Substitute\n|\n|-heal|p2a: The Droplet Tear|67\/100|[from] item: Leftovers\n|upkeep\n|turn|3\n|inactive|RandoTestAccount has 120 seconds left.\n|\n|t:|1700597760\n|move|p2a: The Droplet Tear|Substitute|p2a: The Droplet Tear\n|-start|p2a: The Droplet Tear|Substitute\n|-damage|p2a: The Droplet Tear|42\/100\n|move|p1a: Volcanion|Fire Blast|p2a: The Droplet Tear\n|-resisted|p2a: The Droplet Tear\n|-activate|p2a: The Droplet Tear|move: Substitute|[damage]\n|\n|-heal|p2a: The Droplet Tear|48\/100|[from] item: Leftovers\n|upkeep\n|turn|4\n|\n|t:|1700597770\n|move|p2a: The Droplet Tear|Calm Mind|p2a: The Droplet Tear\n|-boost|p2a: The Droplet Tear|spa|1\n|-boost|p2a: The Droplet Tear|spd|1\n|move|p1a: Volcanion|Sludge Wave|p2a: The Droplet Tear\n|-supereffective|p2a: The Droplet Tear\n|-end|p2a: The Droplet Tear|Substitute\n|\n|-heal|p2a: The Droplet Tear|54\/100|[from] item: Leftovers\n|upkeep\n|turn|5\n|\n|t:|1700597780\n|move|p2a: The Droplet Tear|Substitute|p2a: The Droplet Tear\n|-start|p2a: The Droplet Tear|Substitute\n|-damage|p2a: The Droplet Tear|29\/100\n|move|p1a: Volcanion|Sludge Wave|p2a: The Droplet Tear\n|-supereffective|p2a: The Droplet Tear\n|-end|p2a: The Droplet Tear|Substitute\n|\n|-heal|p2a: The Droplet Tear|35\/100|[from] item: Leftovers\n|-fieldend|Misty Terrain\n|upkeep\n|turn|6\n|inactive|RandoTestAccount has 120 seconds left.\n|\n|t:|1700597805\n|switch|p2a: Agony Steelheart|Dragalge, F, shiny|100\/100\n|move|p1a: Volcanion|Sludge Wave|p2a: Agony Steelheart\n|-resisted|p2a: Agony Steelheart\n|-damage|p2a: Agony Steelheart|90\/100\n|\n|-heal|p2a: Agony Steelheart|96\/100|[from] item: Black Sludge\n|upkeep\n|turn|7\n|\n|t:|1700597820\n|switch|p1a: Magnezone|Magnezone|100\/100\n|move|p2a: Agony Steelheart|Toxic|p1a: Magnezone\n|-immune|p1a: Magnezone\n|\n|-heal|p2a: Agony Steelheart|100\/100|[from] item: Black Sludge\n|upkeep\n|turn|8\n|\n|t:|1700597839\n|move|p1a: Magnezone|Hidden Power|p2a: Agony Steelheart\n|-resisted|p2a: Agony Steelheart\n|-damage|p2a: Agony Steelheart|93\/100\n|move|p2a: Agony Steelheart|Hidden Power|p1a: Magnezone\n|-supereffective|p1a: Magnezone\n|-damage|p1a: Magnezone|66\/100\n|\n|-heal|p1a: Magnezone|72\/100|[from] item: Leftovers\n|-heal|p2a: Agony Steelheart|99\/100|[from] item: Black Sludge\n|upkeep\n|turn|9\n|\n|t:|1700597854\n|switch|p2a: Spectre of Emerald|Sableye, F, shiny|100\/100\n|move|p1a: Magnezone|Thunderbolt|p2a: Spectre of Emerald\n|-damage|p2a: Spectre of Emerald|30\/100\n|\n|-heal|p1a: Magnezone|78\/100|[from] item: Leftovers\n|upkeep\n|turn|10\n|\n|t:|1700597863\n|switch|p2a: The Lonesome One|Excadrill, F, shiny|100\/100\n|-ability|p2a: The Lonesome One|Mold Breaker\n|move|p1a: Magnezone|Thunderbolt|p2a: The Lonesome One\n|-immune|p2a: The Lonesome One\n|\n|-heal|p1a: Magnezone|84\/100|[from] item: Leftovers\n|upkeep\n|turn|11\n|\n|t:|1700597880\n|switch|p1a: Excadrill|Excadrill, M|100\/100\n|-ability|p1a: Excadrill|Mold Breaker\n|-item|p1a: Excadrill|Air Balloon\n|move|p2a: The Lonesome One|Swords Dance|p2a: The Lonesome One\n|-boost|p2a: The Lonesome One|atk|2\n|\n|upkeep\n|turn|12\n|\n|t:|1700597905\n|switch|p2a: Ephialtes Keeper|Corviknight, F, shiny|100\/100\n|-ability|p2a: Ephialtes Keeper|Pressure\n|move|p1a: Excadrill|Rapid Spin|p2a: Ephialtes Keeper\n|-resisted|p2a: Ephialtes Keeper\n|-damage|p2a: Ephialtes Keeper|93\/100\n|-boost|p1a: Excadrill|spe|1\n|-damage|p1a: Excadrill|84\/100|[from] item: Rocky Helmet|[of] p2a: Ephialtes Keeper\n|\n|upkeep\n|turn|13\n|inactive|Lufano5 has 120 seconds left.\n|\n|t:|1700597920\n|move|p1a: Excadrill|Stealth Rock|p2a: Ephialtes Keeper\n|-sidestart|p2: RandoTestAccount|move: Stealth Rock\n|move|p2a: Ephialtes Keeper|U-turn|p1a: Excadrill\n|-resisted|p1a: Excadrill\n|-damage|p1a: Excadrill|75\/100\n|-enditem|p1a: Excadrill|Air Balloon\n|\n|t:|1700597930\n|switch|p2a: Spectre of Emerald|Sableye, F, shiny|30\/100|[from] U-turn\n|-damage|p2a: Spectre of Emerald|18\/100|[from] Stealth Rock\n|\n|upkeep\n|turn|14\n|\n|t:|1700597938\n|move|p2a: Spectre of Emerald|Recover|p2a: Spectre of Emerald\n|-heal|p2a: Spectre of Emerald|68\/100\n|move|p1a: Excadrill|Iron Head|p2a: Spectre of Emerald\n|-damage|p2a: Spectre of Emerald|20\/100\n|\n|upkeep\n|turn|15\n|\n|t:|1700597949\n|move|p2a: Spectre of Emerald|Will-O-Wisp|p1a: Excadrill\n|-status|p1a: Excadrill|brn\n|move|p1a: Excadrill|Iron Head|p2a: Spectre of Emerald\n|-damage|p2a: Spectre of Emerald|0 fnt\n|faint|p2a: Spectre of Emerald\n|\n|-damage|p1a: Excadrill|69\/100 brn|[from] brn\n|upkeep\n|\n|t:|1700597956\n|switch|p2a: Ephialtes Keeper|Corviknight, F, shiny|93\/100\n|-damage|p2a: Ephialtes Keeper|80\/100|[from] Stealth Rock\n|-ability|p2a: Ephialtes Keeper|Pressure\n|turn|16\n|\n|t:|1700597972\n|switch|p1a: Volcanion|Volcanion|100\/100\n|move|p2a: Ephialtes Keeper|Defog|p1a: Volcanion\n|-unboost|p1a: Volcanion|evasion|1\n|-sideend|p2: RandoTestAccount|Stealth Rock|[from] move: Defog|[of] p2a: Ephialtes Keeper\n|\n|upkeep\n|turn|17\n|\n|t:|1700597988\n|switch|p2a: Agony Steelheart|Dragalge, F, shiny|99\/100\n|move|p1a: Volcanion|Fire Blast|p2a: Agony Steelheart\n|-resisted|p2a: Agony Steelheart\n|-damage|p2a: Agony Steelheart|81\/100\n|\n|-heal|p2a: Agony Steelheart|87\/100|[from] item: Black Sludge\n|upkeep\n|turn|18\n|\n|t:|1700598005\n|switch|p1a: Magnezone|Magnezone|84\/100\n|move|p2a: Agony Steelheart|Hidden Power|p1a: Magnezone\n|-supereffective|p1a: Magnezone\n|-damage|p1a: Magnezone|50\/100\n|\n|-heal|p1a: Magnezone|56\/100|[from] item: Leftovers\n|-heal|p2a: Agony Steelheart|93\/100|[from] item: Black Sludge\n|upkeep\n|turn|19\n|\n|t:|1700598032\n|move|p1a: Magnezone|Hidden Power|p2a: Agony Steelheart\n|-resisted|p2a: Agony Steelheart\n|-damage|p2a: Agony Steelheart|87\/100\n|move|p2a: Agony Steelheart|Hidden Power|p1a: Magnezone\n|-supereffective|p1a: Magnezone\n|-damage|p1a: Magnezone|21\/100\n|\n|-heal|p1a: Magnezone|28\/100|[from] item: Leftovers\n|-heal|p2a: Agony Steelheart|93\/100|[from] item: Black Sludge\n|upkeep\n|turn|20\n|\n|t:|1700598044\n|move|p1a: Magnezone|Thunderbolt|p2a: Agony Steelheart\n|-resisted|p2a: Agony Steelheart\n|-damage|p2a: Agony Steelheart|78\/100\n|-status|p2a: Agony Steelheart|par\n|cant|p2a: Agony Steelheart|par\n|\n|-heal|p1a: Magnezone|34\/100|[from] item: Leftovers\n|-heal|p2a: Agony Steelheart|84\/100 par|[from] item: Black Sludge\n|upkeep\n|turn|21\n|\n|t:|1700598057\n|move|p1a: Magnezone|Confuse Ray|p2a: Agony Steelheart\n|-start|p2a: Agony Steelheart|confusion\n|-activate|p2a: Agony Steelheart|confusion\n|move|p2a: Agony Steelheart|Hidden Power|p1a: Magnezone\n|-supereffective|p1a: Magnezone\n|-damage|p1a: Magnezone|0 fnt\n|faint|p1a: Magnezone\n|\n|-heal|p2a: Agony Steelheart|90\/100 par|[from] item: Black Sludge\n|upkeep\n|inactive|Lufano5 has 120 seconds left.\n|\n|t:|1700598074\n|switch|p1a: Samurott|Samurott-Hisui, F|100\/100\n|turn|22\n|inactive|Lufano5 has 120 seconds left.\n|\n|t:|1700598084\n|move|p1a: Samurott|Ceaseless Edge|p2a: Agony Steelheart\n|-damage|p2a: Agony Steelheart|35\/100 par\n|-sidestart|p2: RandoTestAccount|Spikes\n|-activate|p2a: Agony Steelheart|confusion\n|move|p2a: Agony Steelheart|Toxic|p1a: Samurott\n|-status|p1a: Samurott|tox\n|\n|-heal|p2a: Agony Steelheart|41\/100 par|[from] item: Black Sludge\n|-damage|p1a: Samurott|94\/100 tox|[from] psn\n|upkeep\n|turn|23\n|inactive|Lufano5 has 120 seconds left.\n|\n|t:|1700598097\n|move|p1a: Samurott|Knock Off|p2a: Agony Steelheart\n|-damage|p2a: Agony Steelheart|0 fnt\n|-enditem|p2a: Agony Steelheart|Black Sludge|[from] move: Knock Off|[of] p1a: Samurott\n|faint|p2a: Agony Steelheart\n|\n|-heal|p1a: Samurott|100\/100 tox|[from] item: Leftovers\n|-damage|p1a: Samurott|88\/100 tox|[from] psn\n|upkeep\n|\n|t:|1700598106\n|switch|p2a: Ephialtes Keeper|Corviknight, F, shiny|80\/100\n|-ability|p2a: Ephialtes Keeper|Pressure\n|turn|24\n|\n|t:|1700598111\n|move|p1a: Samurott|Knock Off|p2a: Ephialtes Keeper\n|-damage|p2a: Ephialtes Keeper|44\/100\n|-damage|p1a: Samurott|72\/100 tox|[from] item: Rocky Helmet|[of] p2a: Ephialtes Keeper\n|-enditem|p2a: Ephialtes Keeper|Rocky Helmet|[from] move: Knock Off|[of] p1a: Samurott\n|move|p2a: Ephialtes Keeper|Defog|p1a: Samurott\n|-unboost|p1a: Samurott|evasion|1\n|-sideend|p2: RandoTestAccount|Spikes|[from] move: Defog|[of] p2a: Ephialtes Keeper\n|\n|-heal|p1a: Samurott|78\/100 tox|[from] item: Leftovers\n|-damage|p1a: Samurott|59\/100 tox|[from] psn\n|upkeep\n|turn|25\n|\n|t:|1700598134\n|move|p1a: Samurott|Knock Off|p2a: Ephialtes Keeper\n|-damage|p2a: Ephialtes Keeper|19\/100\n|move|p2a: Ephialtes Keeper|Roost|p2a: Ephialtes Keeper\n|-heal|p2a: Ephialtes Keeper|69\/100\n|-singleturn|p2a: Ephialtes Keeper|move: Roost\n|\n|-heal|p1a: Samurott|65\/100 tox|[from] item: Leftovers\n|-damage|p1a: Samurott|40\/100 tox|[from] psn\n|upkeep\n|turn|26\n|\n|t:|1700598150\n|move|p1a: Samurott|Razor Shell|p2a: Ephialtes Keeper|[miss]\n|-miss|p1a: Samurott|p2a: Ephialtes Keeper\n|move|p2a: Ephialtes Keeper|Roost|p2a: Ephialtes Keeper\n|-heal|p2a: Ephialtes Keeper|100\/100\n|-singleturn|p2a: Ephialtes Keeper|move: Roost\n|\n|-heal|p1a: Samurott|47\/100 tox|[from] item: Leftovers\n|-damage|p1a: Samurott|15\/100 tox|[from] psn\n|upkeep\n|turn|27\n|\n|t:|1700598161\n|move|p1a: Samurott|Ceaseless Edge|p2a: Ephialtes Keeper\n|-damage|p2a: Ephialtes Keeper|66\/100\n|-sidestart|p2: RandoTestAccount|Spikes\n|move|p2a: Ephialtes Keeper|Defog|p1a: Samurott\n|-unboost|p1a: Samurott|evasion|1\n|-sideend|p2: RandoTestAccount|Spikes|[from] move: Defog|[of] p2a: Ephialtes Keeper\n|\n|-heal|p1a: Samurott|22\/100 tox|[from] item: Leftovers\n|-damage|p1a: Samurott|0 fnt|[from] psn\n|faint|p1a: Samurott\n|upkeep\n|inactive|Lufano5 has 120 seconds left.\n|\n|t:|1700598179\n|switch|p1a: Lopunny|Lopunny, M|100\/100\n|turn|28\n|inactive|Lufano5 has 120 seconds left.\n|\n|t:|1700598184\n|detailschange|p1a: Lopunny|Lopunny-Mega, M\n|-mega|p1a: Lopunny|Lopunny|Lopunnite\n|move|p1a: Lopunny|Power-Up Punch|p2a: Ephialtes Keeper\n|-damage|p2a: Ephialtes Keeper|48\/100\n|-boost|p1a: Lopunny|atk|1\n|move|p2a: Ephialtes Keeper|Roost|p2a: Ephialtes Keeper\n|-heal|p2a: Ephialtes Keeper|98\/100\n|-singleturn|p2a: Ephialtes Keeper|move: Roost\n|\n|upkeep\n|turn|29\n|inactive|Lufano5 has 120 seconds left.\n|\n|t:|1700598198\n|move|p1a: Lopunny|Power-Up Punch|p2a: Ephialtes Keeper\n|-damage|p2a: Ephialtes Keeper|72\/100\n|-boost|p1a: Lopunny|atk|1\n|move|p2a: Ephialtes Keeper|Brave Bird|p1a: Lopunny\n|-supereffective|p1a: Lopunny\n|-damage|p1a: Lopunny|0 fnt\n|faint|p1a: Lopunny\n|-damage|p2a: Ephialtes Keeper|45\/100|[from] Recoil\n|\n|upkeep\n|inactive|Lufano5 has 120 seconds left.\n|\n|t:|1700598212\n|switch|p1a: Volcanion|Volcanion|100\/100\n|turn|30\n|inactive|Lufano5 has 120 seconds left.\n|\n|t:|1700598238\n|move|p1a: Volcanion|Fire Blast|p2a: Ephialtes Keeper\n|-supereffective|p2a: Ephialtes Keeper\n|-damage|p2a: Ephialtes Keeper|0 fnt\n|faint|p2a: Ephialtes Keeper\n|\n|upkeep\n|\n|t:|1700598246\n|switch|p2a: The Droplet Tear|Tapu Fini, shiny|35\/100\n|-fieldstart|move: Misty Terrain|[from] ability: Misty Surge|[of] p2a: The Droplet Tear\n|turn|31\n|\n|t:|1700598253\n|move|p2a: The Droplet Tear|Moonblast|p1a: Volcanion\n|-resisted|p1a: Volcanion\n|-damage|p1a: Volcanion|85\/100\n|move|p1a: Volcanion|Sludge Wave|p2a: The Droplet Tear\n|-supereffective|p2a: The Droplet Tear\n|-damage|p2a: The Droplet Tear|0 fnt\n|faint|p2a: The Droplet Tear\n|\n|upkeep\n|inactive|RandoTestAccount has 120 seconds left.\n|\n|t:|1700598276\n|switch|p2a: The Lonesome One|Excadrill, F, shiny|100\/100\n|-ability|p2a: The Lonesome One|Mold Breaker\n|turn|32\n|\n|t:|1700598286\n|-terastallize|p2a: The Lonesome One|Ground\n|move|p2a: The Lonesome One|Rapid Spin|p1a: Volcanion\n|-damage|p1a: Volcanion|68\/100\n|-boost|p2a: The Lonesome One|spe|1\n|move|p1a: Volcanion|Fire Blast|p2a: The Lonesome One\n|-damage|p2a: The Lonesome One|29\/100\n|\n|-heal|p2a: The Lonesome One|35\/100|[from] item: Leftovers\n|upkeep\n|turn|33\n|inactive|RandoTestAccount has 120 seconds left.\n|\n|t:|1700598312\n|move|p2a: The Lonesome One|Earthquake|p1a: Volcanion\n|-supereffective|p1a: Volcanion\n|-damage|p1a: Volcanion|0 fnt\n|faint|p1a: Volcanion\n|\n|-heal|p2a: The Lonesome One|41\/100|[from] item: Leftovers\n|upkeep\n|\n|t:|1700598319\n|switch|p1a: Serperior|Serperior, M|100\/100\n|turn|34\n|inactive|RandoTestAccount has 120 seconds left.\n|\n|t:|1700598340\n|move|p2a: The Lonesome One|Swords Dance|p2a: The Lonesome One\n|-boost|p2a: The Lonesome One|atk|2\n|move|p1a: Serperior|Leaf Storm|p2a: The Lonesome One\n|-supereffective|p2a: The Lonesome One\n|-damage|p2a: The Lonesome One|0 fnt\n|-boost|p1a: Serperior|spa|2\n|faint|p2a: The Lonesome One\n|\n|upkeep\n|\n|t:|1700598343\n|switch|p2a: Nika Reanukko|Umbreon, F, shiny|100\/100\n|turn|35\n|\n|t:|1700598355\n|move|p1a: Serperior|Leaf Storm|p2a: Nika Reanukko\n|-damage|p2a: Nika Reanukko|46\/100\n|-boost|p1a: Serperior|spa|2\n|move|p2a: Nika Reanukko|Wish|p2a: Nika Reanukko\n|\n|-heal|p2a: Nika Reanukko|52\/100|[from] item: Leftovers\n|-fieldend|Misty Terrain\n|upkeep\n|turn|36\n|inactive|RandoTestAccount has 120 seconds left.\n|inactive|RandoTestAccount has 90 seconds left.\n|\n|t:|1700598403\n|move|p1a: Serperior|Substitute|p1a: Serperior\n|-start|p1a: Serperior|Substitute\n|-damage|p1a: Serperior|76\/100\n|move|p2a: Nika Reanukko|Payback|p1a: Serperior\n|-end|p1a: Serperior|Substitute\n|\n|-heal|p2a: Nika Reanukko|100\/100|[from] move: Wish|[wisher] Nika Reanukko\n|-heal|p1a: Serperior|82\/100|[from] item: Leftovers\n|upkeep\n|turn|37\n|\n|t:|1700598418\n|move|p1a: Serperior|Leech Seed|p2a: Nika Reanukko\n|-start|p2a: Nika Reanukko|move: Leech Seed\n|move|p2a: Nika Reanukko|Payback|p1a: Serperior\n|-damage|p1a: Serperior|54\/100\n|\n|-heal|p1a: Serperior|60\/100|[from] item: Leftovers\n|-damage|p2a: Nika Reanukko|88\/100|[from] Leech Seed|[of] p1a: Serperior\n|-heal|p1a: Serperior|77\/100|[silent]\n|upkeep\n|turn|38\n|inactive|RandoTestAccount has 90 seconds left.\n|\n|t:|1700598446\n|move|p1a: Serperior|Glare|p2a: Nika Reanukko\n|-status|p2a: Nika Reanukko|par\n|-activate|p2a: Nika Reanukko|ability: Synchronize\n|-status|p1a: Serperior|par\n|cant|p2a: Nika Reanukko|par\n|\n|-heal|p1a: Serperior|83\/100 par|[from] item: Leftovers\n|-heal|p2a: Nika Reanukko|94\/100 par|[from] item: Leftovers\n|-damage|p2a: Nika Reanukko|82\/100 par|[from] Leech Seed|[of] p1a: Serperior\n|-heal|p1a: Serperior|99\/100 par|[silent]\n|upkeep\n|turn|39\n|\n|t:|1700598462\n|move|p1a: Serperior|Substitute|p1a: Serperior\n|-start|p1a: Serperior|Substitute\n|-damage|p1a: Serperior|75\/100 par\n|cant|p2a: Nika Reanukko|par\n|\n|-heal|p1a: Serperior|82\/100 par|[from] item: Leftovers\n|-heal|p2a: Nika Reanukko|88\/100 par|[from] item: Leftovers\n|-damage|p2a: Nika Reanukko|75\/100 par|[from] Leech Seed|[of] p1a: Serperior\n|-heal|p1a: Serperior|98\/100 par|[silent]\n|upkeep\n|turn|40\n|\n|t:|1700598474\n|cant|p1a: Serperior|par\n|cant|p2a: Nika Reanukko|par\n|\n|-heal|p1a: Serperior|100\/100 par|[from] item: Leftovers\n|-heal|p2a: Nika Reanukko|81\/100 par|[from] item: Leftovers\n|-damage|p2a: Nika Reanukko|69\/100 par|[from] Leech Seed|[of] p1a: Serperior\n|upkeep\n|turn|41\n|inactive|RandoTestAccount has 90 seconds left.\n|\n|t:|1700598505\n|move|p1a: Serperior|Leaf Storm|p2a: Nika Reanukko\n|-damage|p2a: Nika Reanukko|0 fnt\n|-boost|p1a: Serperior|spa|2\n|faint|p2a: Nika Reanukko\n|\n|win|Lufano5\n|raw|Lufano5's rating: 1148 &rarr; <strong>1183<\/strong><br \/>(+35 for winning)\n|raw|RandoTestAccount's rating: 1300 &rarr; <strong>1265<\/strong><br \/>(-35 for losing)\n|l|\u2606RandoTestAccount\n|c|\u2606Lufano5|Gg\n","uploadtime":1700598535,"views":0,"p1id":"lufano5","p2id":"randotestaccount","formatid":"gen9nationaldex","rating":1183,"private":0,"password":""}