{"id":"gen9nationaldex-1998089750","p1":"LDP333","p2":"I peaked at 1266","format":"[Gen 9] National Dex","log":"|html|<div class=\"broadcast-blue\"><strong>[Gen 9] National Dex is currently suspecting Sneasler! For information on how to participate check out the <a href=\"https:\/\/www.smogon.com\/forums\/threads\/sv-national-dex-suspect-8-just-dance.3731534\/\">suspect thread<\/a>.<\/strong><\/div>\n|j|\u2606LDP333\n|j|\u2606I peaked at 1266\n|t:|1700889557\n|gametype|singles\n|player|p1|LDP333|riley|1634\n|player|p2|I peaked at 1266|elesa-masters2|1579\n|teamsize|p1|6\n|teamsize|p2|6\n|gen|9\n|tier|[Gen 9] National Dex\n|rated|\n|rule|HP Percentage Mod: HP is shown in percentages\n|rule|Endless Battle Clause: Forcing endless battles is banned\n|rule|OHKO Clause: OHKO moves are banned\n|rule|Evasion Clause: Evasion abilities, items, and moves are banned\n|rule|Evasion Abilities Clause: Evasion abilities are banned\n|rule|Evasion Items Clause: Evasion items are banned\n|rule|Evasion Moves Clause: Evasion moves are banned\n|rule|Species Clause: Limit one of each Pok\u00e9mon\n|rule|Sleep Clause Mod: Limit one foe put to sleep\n|clearpoke\n|poke|p1|Tyranitar, M|\n|poke|p1|Kommo-o, M|\n|poke|p1|Rillaboom, M|\n|poke|p1|Sneasler, F|\n|poke|p1|Ogerpon-Cornerstone, F|\n|poke|p1|Zapdos|\n|poke|p2|Charizard, M|\n|poke|p2|Ferrothorn, F|\n|poke|p2|Tyranitar, F|\n|poke|p2|Zapdos|\n|poke|p2|Toxapex, M|\n|poke|p2|Iron Valiant|\n|teampreview\n|\n|t:|1700889573\n|start\n|switch|p1a: Tyranitar|Tyranitar, M|100\/100\n|switch|p2a: Ferrothorn|Ferrothorn, F|100\/100\n|-weather|Sandstorm|[from] ability: Sand Stream|[of] p1a: Tyranitar\n|turn|1\n|\n|t:|1700889586\n|detailschange|p1a: Tyranitar|Tyranitar-Mega, M\n|-mega|p1a: Tyranitar|Tyranitar|Tyranitarite\n|move|p1a: Tyranitar|Knock Off|p2a: Ferrothorn\n|-damage|p2a: Ferrothorn|56\/100\n|-damage|p1a: Tyranitar|88\/100|[from] ability: Iron Barbs|[of] p2a: Ferrothorn\n|-enditem|p2a: Ferrothorn|Leftovers|[from] move: Knock Off|[of] p1a: Tyranitar\n|move|p2a: Ferrothorn|Leech Seed|p1a: Tyranitar\n|-start|p1a: Tyranitar|move: Leech Seed\n|\n|-weather|Sandstorm|[upkeep]\n|-damage|p1a: Tyranitar|76\/100|[from] Leech Seed|[of] p2a: Ferrothorn\n|-heal|p2a: Ferrothorn|70\/100|[silent]\n|upkeep\n|turn|2\n|\n|t:|1700889595\n|move|p1a: Tyranitar|Stealth Rock|p2a: Ferrothorn\n|-sidestart|p2: I peaked at 1266|move: Stealth Rock\n|move|p2a: Ferrothorn|Thunder Wave|p1a: Tyranitar\n|-status|p1a: Tyranitar|par\n|\n|-weather|Sandstorm|[upkeep]\n|-damage|p1a: Tyranitar|63\/100 par|[from] Leech Seed|[of] p2a: Ferrothorn\n|-heal|p2a: Ferrothorn|85\/100|[silent]\n|upkeep\n|turn|3\n|\n|t:|1700889599\n|move|p1a: Tyranitar|Fire Punch|p2a: Ferrothorn\n|-supereffective|p2a: Ferrothorn\n|-damage|p2a: Ferrothorn|0 fnt\n|-damage|p1a: Tyranitar|51\/100 par|[from] ability: Iron Barbs|[of] p2a: Ferrothorn\n|faint|p2a: Ferrothorn\n|\n|-weather|Sandstorm|[upkeep]\n|upkeep\n|\n|t:|1700889606\n|switch|p2a: Zapdos|Zapdos|100\/100\n|turn|4\n|\n|t:|1700889609\n|move|p2a: Zapdos|Defog|p1a: Tyranitar\n|-unboost|p1a: Tyranitar|evasion|1\n|-sideend|p2: I peaked at 1266|Stealth Rock|[from] move: Defog|[of] p2a: Zapdos\n|cant|p1a: Tyranitar|par\n|\n|-weather|Sandstorm|[upkeep]\n|-damage|p2a: Zapdos|94\/100|[from] Sandstorm\n|-damage|p1a: Tyranitar|39\/100 par|[from] Leech Seed|[of] p2a: Zapdos\n|-heal|p2a: Zapdos|100\/100|[silent]\n|upkeep\n|turn|5\n|\n|t:|1700889616\n|move|p2a: Zapdos|U-turn|p1a: Tyranitar\n|-supereffective|p1a: Tyranitar\n|-damage|p1a: Tyranitar|21\/100 par\n|\n|t:|1700889621\n|switch|p2a: Toxapex|Toxapex, M|100\/100|[from] U-turn\n|move|p1a: Tyranitar|Stealth Rock|p2a: Toxapex\n|-sidestart|p2: I peaked at 1266|move: Stealth Rock\n|\n|-weather|none\n|-damage|p1a: Tyranitar|9\/100 par|[from] Leech Seed|[of] p2a: Toxapex\n|upkeep\n|turn|6\n|\n|t:|1700889628\n|move|p2a: Toxapex|Scald|p1a: Tyranitar\n|-supereffective|p1a: Tyranitar\n|-damage|p1a: Tyranitar|0 fnt\n|faint|p1a: Tyranitar\n|\n|upkeep\n|\n|t:|1700889632\n|switch|p1a: Ogerpon|Ogerpon-Cornerstone, F|100\/100\n|turn|7\n|\n|t:|1700889636\n|move|p1a: Ogerpon|Swords Dance|p1a: Ogerpon\n|-boost|p1a: Ogerpon|atk|2\n|move|p2a: Toxapex|Scald|p1a: Ogerpon\n|-damage|p1a: Ogerpon|83\/100\n|\n|upkeep\n|turn|8\n|\n|t:|1700889655\n|move|p1a: Ogerpon|Ivy Cudgel|p2a: Toxapex|[anim] Ivy Cudgel Rock\n|-damage|p2a: Toxapex|8\/100\n|move|p2a: Toxapex|Toxic|p1a: Ogerpon\n|-status|p1a: Ogerpon|tox\n|\n|-heal|p2a: Toxapex|14\/100|[from] item: Black Sludge\n|-damage|p1a: Ogerpon|77\/100 tox|[from] psn\n|upkeep\n|turn|9\n|inactive|Battle timer is ON: inactive players will automatically lose when time's up. (requested by LDP333)\n|\n|t:|1700889708\n|switch|p2a: Zapdos|Zapdos|100\/100\n|move|p1a: Ogerpon|Trailblaze|p2a: Zapdos\n|-resisted|p2a: Zapdos\n|-damage|p2a: Zapdos|77\/100\n|-boost|p1a: Ogerpon|spe|1\n|\n|-damage|p1a: Ogerpon|65\/100 tox|[from] psn\n|upkeep\n|turn|10\n|\n|t:|1700889718\n|-terastallize|p2a: Zapdos|Steel\n|move|p1a: Ogerpon|Ivy Cudgel|p2a: Zapdos|[anim] Ivy Cudgel Rock\n|-resisted|p2a: Zapdos\n|-damage|p2a: Zapdos|36\/100\n|move|p2a: Zapdos|Roost|p2a: Zapdos\n|-heal|p2a: Zapdos|86\/100\n|\n|-damage|p1a: Ogerpon|47\/100 tox|[from] psn\n|upkeep\n|turn|11\n|\n|t:|1700889726\n|move|p1a: Ogerpon|Horn Leech|p2a: Zapdos\n|-resisted|p2a: Zapdos\n|-damage|p2a: Zapdos|54\/100\n|-heal|p1a: Ogerpon|67\/100 tox|[from] drain|[of] p2a: Zapdos\n|move|p2a: Zapdos|U-turn|p1a: Ogerpon\n|-supereffective|p1a: Ogerpon\n|-damage|p1a: Ogerpon|34\/100 tox\n|\n|t:|1700889732\n|switch|p2a: Toxapex|Toxapex, M|48\/100|[from] U-turn\n|-damage|p2a: Toxapex|35\/100|[from] Stealth Rock\n|\n|-heal|p2a: Toxapex|41\/100|[from] item: Black Sludge\n|-damage|p1a: Ogerpon|10\/100 tox|[from] psn\n|upkeep\n|turn|12\n|\n|t:|1700889737\n|switch|p2a: Zapdos|Zapdos, tera:Steel|54\/100\n|move|p1a: Ogerpon|Horn Leech|p2a: Zapdos\n|-resisted|p2a: Zapdos\n|-damage|p2a: Zapdos|21\/100\n|-heal|p1a: Ogerpon|31\/100 tox|[from] drain|[of] p2a: Zapdos\n|\n|-damage|p1a: Ogerpon|1\/100 tox|[from] psn\n|upkeep\n|turn|13\n|\n|t:|1700889743\n|move|p1a: Ogerpon|Ivy Cudgel|p2a: Zapdos|[anim] Ivy Cudgel Rock\n|-resisted|p2a: Zapdos\n|-damage|p2a: Zapdos|0 fnt\n|faint|p2a: Zapdos\n|\n|-damage|p1a: Ogerpon|0 fnt|[from] psn\n|faint|p1a: Ogerpon\n|upkeep\n|\n|t:|1700889752\n|switch|p1a: Zapdos|Zapdos|100\/100\n|switch|p2a: Charizard|Charizard, M, shiny|100\/100\n|-damage|p2a: Charizard|51\/100|[from] Stealth Rock\n|turn|14\n|\n|t:|1700889759\n|detailschange|p2a: Charizard|Charizard-Mega-Y, M, shiny\n|-mega|p2a: Charizard|Charizard|Charizardite Y\n|-weather|SunnyDay|[from] ability: Drought|[of] p2a: Charizard\n|move|p2a: Charizard|Weather Ball|p1a: Zapdos\n|-damage|p1a: Zapdos|7\/100\n|move|p1a: Zapdos|Volt Switch|p2a: Charizard\n|-supereffective|p2a: Charizard\n|-damage|p2a: Charizard|0 fnt\n|faint|p2a: Charizard\n|\n|t:|1700889765\n|switch|p1a: Rillaboom|Rillaboom, M|100\/100|[from] Volt Switch\n|-fieldstart|move: Grassy Terrain|[from] ability: Grassy Surge|[of] p1a: Rillaboom\n|\n|-weather|SunnyDay|[upkeep]\n|upkeep\n|\n|t:|1700889769\n|switch|p2a: Tyranitar|Tyranitar, F|100\/100\n|-damage|p2a: Tyranitar|88\/100|[from] Stealth Rock\n|-weather|Sandstorm|[from] ability: Sand Stream|[of] p2a: Tyranitar\n|turn|15\n|\n|t:|1700889775\n|move|p1a: Rillaboom|Wood Hammer|p2a: Tyranitar\n|-supereffective|p2a: Tyranitar\n|-damage|p2a: Tyranitar|0 fnt\n|faint|p2a: Tyranitar\n|-damage|p1a: Rillaboom|72\/100|[from] Recoil\n|\n|-weather|Sandstorm|[upkeep]\n|-damage|p1a: Rillaboom|66\/100|[from] Sandstorm\n|-heal|p1a: Rillaboom|72\/100|[from] Grassy Terrain\n|upkeep\n|\n|t:|1700889778\n|switch|p2a: Iron Valiant|Iron Valiant|100\/100\n|-damage|p2a: Iron Valiant|94\/100|[from] Stealth Rock\n|-enditem|p2a: Iron Valiant|Booster Energy\n|-activate|p2a: Iron Valiant|ability: Quark Drive|[fromitem]\n|-start|p2a: Iron Valiant|quarkdrivespe\n|turn|16\n|\n|t:|1700889783\n|switch|p1a: Zapdos|Zapdos|7\/100\n|move|p2a: Iron Valiant|Disable||[still]\n|-fail|p2a: Iron Valiant\n|\n|-weather|Sandstorm|[upkeep]\n|-damage|p2a: Iron Valiant|88\/100|[from] Sandstorm\n|-damage|p1a: Zapdos|0 fnt|[from] Sandstorm\n|faint|p1a: Zapdos\n|-heal|p2a: Iron Valiant|94\/100|[from] Grassy Terrain\n|upkeep\n|\n|t:|1700889789\n|switch|p1a: Sneasler|Sneasler, F|100\/100\n|-enditem|p1a: Sneasler|Grassy Seed\n|-boost|p1a: Sneasler|def|1|[from] item: Grassy Seed\n|turn|17\n|\n|t:|1700889795\n|-end|p2a: Iron Valiant|Quark Drive|[silent]\n|switch|p2a: Toxapex|Toxapex, M|75\/100\n|-damage|p2a: Toxapex|63\/100|[from] Stealth Rock\n|move|p1a: Sneasler|Dire Claw|p2a: Toxapex\n|-resisted|p2a: Toxapex\n|-damage|p2a: Toxapex|44\/100\n|\n|-weather|Sandstorm|[upkeep]\n|-damage|p1a: Sneasler|95\/100|[from] Sandstorm\n|-damage|p2a: Toxapex|38\/100|[from] Sandstorm\n|-heal|p1a: Sneasler|100\/100|[from] Grassy Terrain\n|-heal|p2a: Toxapex|44\/100|[from] Grassy Terrain\n|-heal|p2a: Toxapex|50\/100|[from] item: Black Sludge\n|upkeep\n|turn|18\n|\n|t:|1700889801\n|move|p1a: Sneasler|Swords Dance|p1a: Sneasler\n|-boost|p1a: Sneasler|atk|2\n|move|p2a: Toxapex|Recover|p2a: Toxapex\n|-heal|p2a: Toxapex|99\/100\n|\n|-weather|Sandstorm|[upkeep]\n|-damage|p1a: Sneasler|95\/100|[from] Sandstorm\n|-damage|p2a: Toxapex|94\/100|[from] Sandstorm\n|-heal|p1a: Sneasler|100\/100|[from] Grassy Terrain\n|-heal|p2a: Toxapex|99\/100|[from] Grassy Terrain\n|-heal|p2a: Toxapex|100\/100|[from] item: Black Sludge\n|-fieldend|move: Grassy Terrain\n|upkeep\n|turn|19\n|\n|t:|1700889807\n|-terastallize|p1a: Sneasler|Flying\n|move|p1a: Sneasler|Acrobatics|p2a: Toxapex\n|-damage|p2a: Toxapex|13\/100\n|move|p2a: Toxapex|Scald|p1a: Sneasler\n|-damage|p1a: Sneasler|80\/100\n|-status|p1a: Sneasler|brn\n|\n|-weather|none\n|-heal|p2a: Toxapex|19\/100|[from] item: Black Sludge\n|-damage|p1a: Sneasler|74\/100 brn|[from] brn\n|upkeep\n|turn|20\n|\n|t:|1700889813\n|move|p1a: Sneasler|Acrobatics|p2a: Toxapex\n|-damage|p2a: Toxapex|0 fnt\n|faint|p2a: Toxapex\n|\n|-damage|p1a: Sneasler|68\/100 brn|[from] brn\n|upkeep\n|\n|t:|1700889814\n|switch|p2a: Iron Valiant|Iron Valiant|94\/100\n|-damage|p2a: Iron Valiant|88\/100|[from] Stealth Rock\n|turn|21\n|-message|I peaked at 1266 forfeited.\n|\n|win|LDP333\n|raw|LDP333's rating: 1634 &rarr; <strong>1651<\/strong><br \/>(+17 for winning)\n|raw|I peaked at 1266's rating: 1579 &rarr; <strong>1562<\/strong><br \/>(-17 for losing)\n|l|\u2606I peaked at 1266\n|l|\u2606LDP333\n|j|\u2606LDP333\n|player|p1|LDP333|riley\n","uploadtime":1700890319,"views":2,"p1id":"ldp333","p2id":"ipeakedat1266","formatid":"gen9nationaldex","rating":1562,"private":0,"password":""}