{"id":"gen9nationaldex-1987126813","p1":"skalitz","p2":"ShelmetSoup","format":"[Gen 9] National Dex","log":"|j|\u2606skalitz\n|j|\u2606ShelmetSoup\n|t:|1699558264\n|gametype|singles\n|player|p1|skalitz|red|1360\n|player|p2|ShelmetSoup|266|1389\n|teamsize|p1|6\n|teamsize|p2|6\n|gen|9\n|tier|[Gen 9] National Dex\n|rated|\n|rule|HP Percentage Mod: HP is shown in percentages\n|rule|Endless Battle Clause: Forcing endless battles is banned\n|rule|OHKO Clause: OHKO moves are banned\n|rule|Evasion Clause: Evasion abilities, items, and moves are banned\n|rule|Evasion Abilities Clause: Evasion abilities are banned\n|rule|Evasion Items Clause: Evasion items are banned\n|rule|Evasion Moves Clause: Evasion moves are banned\n|rule|Species Clause: Limit one of each Pok\u00e9mon\n|rule|Sleep Clause Mod: Limit one foe put to sleep\n|clearpoke\n|poke|p1|Garchomp, M|\n|poke|p1|Lopunny, F|\n|poke|p1|Kyurem|\n|poke|p1|Tapu Koko|\n|poke|p1|Iron Moth|\n|poke|p1|Hawlucha, M|\n|poke|p2|Reuniclus, M|\n|poke|p2|Tyranitar, F|\n|poke|p2|Umbreon, M|\n|poke|p2|Zapdos|\n|poke|p2|Great Tusk|\n|poke|p2|Medicham, F|\n|teampreview\n|\n|t:|1699558279\n|start\n|switch|p1a: Kyurem|Kyurem|100\/100\n|switch|p2a: Great Tusk|Great Tusk|100\/100\n|-ability|p1a: Kyurem|Pressure\n|turn|1\n|\n|t:|1699558291\n|move|p2a: Great Tusk|Rapid Spin|p1a: Kyurem\n|-damage|p1a: Kyurem|84\/100\n|-boost|p2a: Great Tusk|spe|1\n|move|p1a: Kyurem|Ice Beam|p2a: Great Tusk\n|-supereffective|p2a: Great Tusk\n|-damage|p2a: Great Tusk|0 fnt\n|faint|p2a: Great Tusk\n|-end|p2a: Great Tusk|Protosynthesis|[silent]\n|\n|upkeep\n|\n|t:|1699558297\n|switch|p2a: Medicham|Medicham, F|100\/100\n|turn|2\n|\n|t:|1699558307\n|switch|p1a: Tapu Koko|Tapu Koko|100\/100\n|-fieldstart|move: Electric Terrain|[from] ability: Electric Surge|[of] p1a: Tapu Koko\n|detailschange|p2a: Medicham|Medicham-Mega, F\n|-mega|p2a: Medicham|Medicham|Medichamite\n|move|p2a: Medicham|Close Combat|p1a: Tapu Koko\n|-resisted|p1a: Tapu Koko\n|-damage|p1a: Tapu Koko|25\/100\n|-unboost|p2a: Medicham|def|1\n|-unboost|p2a: Medicham|spd|1\n|\n|upkeep\n|turn|3\n|\n|t:|1699558327\n|move|p2a: Medicham|Bullet Punch|p1a: Tapu Koko\n|-damage|p1a: Tapu Koko|0 fnt\n|faint|p1a: Tapu Koko\n|\n|upkeep\n|\n|t:|1699558329\n|switch|p1a: Hawlucha|Hawlucha, M|100\/100\n|-enditem|p1a: Hawlucha|Electric Seed\n|-boost|p1a: Hawlucha|def|1|[from] item: Electric Seed\n|turn|4\n|\n|t:|1699558335\n|move|p1a: Hawlucha|Swords Dance|p1a: Hawlucha\n|-boost|p1a: Hawlucha|atk|2\n|move|p2a: Medicham|Zen Headbutt|p1a: Hawlucha|[miss]\n|-miss|p2a: Medicham|p1a: Hawlucha\n|\n|upkeep\n|turn|5\n|\n|t:|1699558340\n|switch|p2a: Zapdos|Zapdos|100\/100\n|move|p1a: Hawlucha|Acrobatics|p2a: Zapdos\n|-resisted|p2a: Zapdos\n|-damage|p2a: Zapdos|42\/100\n|\n|upkeep\n|turn|6\n|c|\u2606ShelmetSoup|..\n|\n|t:|1699558351\n|move|p1a: Hawlucha|Acrobatics|p2a: Zapdos\n|-resisted|p2a: Zapdos\n|-damage|p2a: Zapdos|0 fnt\n|faint|p2a: Zapdos\n|\n|upkeep\n|c|\u2606ShelmetSoup|ofc\n|\n|t:|1699558358\n|switch|p2a: Medicham|Medicham-Mega, F|100\/100\n|turn|7\n|c|\u2606ShelmetSoup|play perfectly>lose to hax\n|\n|t:|1699558368\n|-terastallize|p1a: Hawlucha|Steel\n|move|p2a: Medicham|Fake Out|p1a: Hawlucha\n|-resisted|p1a: Hawlucha\n|-damage|p1a: Hawlucha|89\/100\n|cant|p1a: Hawlucha|flinch\n|\n|upkeep\n|turn|8\n|c|\u2606skalitz|mb\n|\n|t:|1699558401\n|switch|p2a: Reuniclus|Reuniclus, M|100\/100\n|move|p1a: Hawlucha|Acrobatics|p2a: Reuniclus\n|-damage|p2a: Reuniclus|30\/100\n|\n|upkeep\n|turn|9\n|c|\u2606ShelmetSoup|rat\n|c|\u2606skalitz|lol\n|c|\u2606ShelmetSoup|:P\n|\n|t:|1699558411\n|move|p1a: Hawlucha|Acrobatics|p2a: Reuniclus\n|-damage|p2a: Reuniclus|0 fnt\n|faint|p2a: Reuniclus\n|\n|-fieldend|move: Electric Terrain\n|upkeep\n|\n|t:|1699558415\n|switch|p2a: Umbreon|Umbreon, M|100\/100\n|turn|10\n|\n|t:|1699558418\n|-terastallize|p2a: Umbreon|Poison\n|move|p1a: Hawlucha|Close Combat|p2a: Umbreon\n|-resisted|p2a: Umbreon\n|-damage|p2a: Umbreon|71\/100\n|-unboost|p1a: Hawlucha|def|1\n|-unboost|p1a: Hawlucha|spd|1\n|move|p2a: Umbreon|Foul Play|p1a: Hawlucha\n|-damage|p1a: Hawlucha|0 fnt\n|faint|p1a: Hawlucha\n|\n|-heal|p2a: Umbreon|77\/100|[from] item: Leftovers\n|upkeep\n|c|\u2606skalitz|wp\n|\n|t:|1699558437\n|switch|p1a: Garchomp|Garchomp, M|100\/100\n|turn|11\n|c|\u2606skalitz|u still have a great chance\n|c|\u2606skalitz|dont cry\n|c|\u2606ShelmetSoup|i didn't say anything\n|\n|t:|1699558452\n|move|p1a: Garchomp|Swords Dance|p1a: Garchomp\n|-boost|p1a: Garchomp|atk|2\n|move|p2a: Umbreon|Foul Play|p1a: Garchomp\n|-enditem|p1a: Garchomp|Focus Sash\n|-damage|p1a: Garchomp|1\/100\n|-damage|p2a: Umbreon|64\/100|[from] ability: Rough Skin|[of] p1a: Garchomp\n|\n|-heal|p2a: Umbreon|71\/100|[from] item: Leftovers\n|upkeep\n|turn|12\n|c|\u2606ShelmetSoup|and I do not\n|c|\u2606ShelmetSoup|predict see\n|c|\u2606skalitz|\"lay perfectly>lose to hax\"\n|\n|t:|1699558466\n|move|p1a: Garchomp|Earthquake|p2a: Umbreon\n|-supereffective|p2a: Umbreon\n|-damage|p2a: Umbreon|0 fnt\n|faint|p2a: Umbreon\n|\n|upkeep\n|c|\u2606ShelmetSoup|not crying is fact\n|c|\u2606ShelmetSoup|making sre u know what's up\n|\n|t:|1699558477\n|switch|p2a: Medicham|Medicham-Mega, F|100\/100\n|turn|13\n|c|\u2606skalitz|just kill me lol\n|c|\u2606skalitz|u can still do it\n|c|\u2606ShelmetSoup|shutup\n|c|\u2606ShelmetSoup|there's no way\n|c|\u2606ShelmetSoup|if u use 1 nueron u win\n|\n|t:|1699558507\n|move|p2a: Medicham|Bullet Punch|p1a: Garchomp\n|-damage|p1a: Garchomp|0 fnt\n|-damage|p2a: Medicham|88\/100|[from] ability: Rough Skin|[of] p1a: Garchomp\n|faint|p1a: Garchomp\n|\n|upkeep\n|\n|t:|1699558521\n|switch|p1a: Iron Moth|Iron Moth|100\/100\n|turn|14\n|c|\u2606skalitz|lol\n|inactive|Battle timer is ON: inactive players will automatically lose when time's up. (requested by ShelmetSoup)\n|c|\u2606ShelmetSoup|i kill tho\n|c|\u2606ShelmetSoup|what\n|c|\u2606ShelmetSoup|why u throwin\n|c|\u2606skalitz|yes\n|inactive|skalitz has 120 seconds left.\n|\n|t:|1699558561\n|switch|p2a: Tyranitar|Tyranitar, F|100\/100\n|-weather|Sandstorm|[from] ability: Sand Stream|[of] p2a: Tyranitar\n|move|p1a: Iron Moth|Sludge Wave|p2a: Tyranitar\n|-resisted|p2a: Tyranitar\n|-damage|p2a: Tyranitar|85\/100\n|\n|-weather|Sandstorm|[upkeep]\n|-damage|p1a: Iron Moth|94\/100|[from] Sandstorm\n|upkeep\n|turn|15\n|\n|t:|1699558571\n|-activate|p1a: Iron Moth|move: Pursuit\n|move|p2a: Tyranitar|Pursuit|p1a: Iron Moth|[from]Pursuit\n|-damage|p1a: Iron Moth|0 fnt\n|faint|p1a: Iron Moth\n|-end|p1a: Iron Moth|Quark Drive|[silent]\n|-hint|A Pokemon can't switch between when it runs out of HP and when it faints\n|\n|-weather|Sandstorm|[upkeep]\n|upkeep\n|\n|t:|1699558577\n|switch|p1a: Lopunny|Lopunny, F|100\/100\n|turn|16\n|\n|t:|1699558580\n|detailschange|p1a: Lopunny|Lopunny-Mega, F\n|-mega|p1a: Lopunny|Lopunny|Lopunnite\n|move|p1a: Lopunny|Fake Out|p2a: Tyranitar\n|-resisted|p2a: Tyranitar\n|-damage|p2a: Tyranitar|75\/100\n|cant|p2a: Tyranitar|flinch\n|\n|-weather|Sandstorm|[upkeep]\n|-damage|p1a: Lopunny|95\/100|[from] Sandstorm\n|upkeep\n|turn|17\n|\n|t:|1699558589\n|move|p1a: Lopunny|Close Combat|p2a: Tyranitar\n|-supereffective|p2a: Tyranitar\n|-damage|p2a: Tyranitar|0 fnt\n|-unboost|p1a: Lopunny|def|1\n|-unboost|p1a: Lopunny|spd|1\n|faint|p2a: Tyranitar\n|\n|-weather|Sandstorm|[upkeep]\n|-damage|p1a: Lopunny|89\/100|[from] Sandstorm\n|upkeep\n|\n|t:|1699558594\n|switch|p2a: Medicham|Medicham-Mega, F|88\/100\n|turn|18\n|c|\u2606ShelmetSoup|pls\n|c|\u2606ShelmetSoup|stay in\n|\n|t:|1699558617\n|switch|p1a: Kyurem|Kyurem|84\/100\n|-ability|p1a: Kyurem|Pressure\n|move|p2a: Medicham|Fake Out|p1a: Kyurem\n|-damage|p1a: Kyurem|63\/100\n|\n|-weather|none\n|upkeep\n|turn|19\n|c|\u2606skalitz|gg\n|c|\u2606skalitz|u won\n|inactive|skalitz has 120 seconds left.\n|\n|t:|1699558647\n|move|p2a: Medicham|Close Combat|p1a: Kyurem\n|-supereffective|p1a: Kyurem\n|-damage|p1a: Kyurem|0 fnt\n|-unboost|p2a: Medicham|def|1\n|-unboost|p2a: Medicham|spd|1\n|faint|p1a: Kyurem\n|\n|upkeep\n|c|\u2606ShelmetSoup|no\n|\n|t:|1699558650\n|switch|p1a: Lopunny|Lopunny-Mega, F|89\/100\n|turn|20\n|\n|t:|1699558654\n|move|p1a: Lopunny|Fake Out|p2a: Medicham\n|-damage|p2a: Medicham|37\/100\n|cant|p2a: Medicham|flinch\n|\n|upkeep\n|turn|21\n|c|\u2606ShelmetSoup|hax to death\n|c|\u2606ShelmetSoup|D;\n|\n|t:|1699558665\n|move|p2a: Medicham|Bullet Punch|p1a: Lopunny\n|-damage|p1a: Lopunny|59\/100\n|move|p1a: Lopunny|Frustration|p2a: Medicham\n|-damage|p2a: Medicham|0 fnt\n|faint|p2a: Medicham\n|\n|win|skalitz\n|raw|skalitz's rating: 1360 &rarr; <strong>1382<\/strong><br \/>(+22 for winning)\n|raw|ShelmetSoup's rating: 1389 &rarr; <strong>1367<\/strong><br \/>(-22 for losing)\n|c|\u2606ShelmetSoup|play so much better\n|c|\u2606ShelmetSoup|wtv\n|c|\u2606ShelmetSoup|gg ig\n","uploadtime":1699558678,"views":4,"p1id":"skalitz","p2id":"shelmetsoup","formatid":"gen9nationaldex","rating":1367,"private":0,"password":""}