{"id":"gen9nationaldex-1994319922","p1":"A Classic Gengar","p2":"Tokiwakano","format":"[Gen 9] National Dex","log":"|j|\u2606A Classic Gengar\n|j|\u203dTokiwakano\n|t:|1700430715\n|gametype|singles\n|player|p1|A Classic Gengar|1|1467\n|player|p2|Tokiwakano|caitlin|1668\n|teamsize|p1|6\n|teamsize|p2|6\n|gen|9\n|tier|[Gen 9] National Dex\n|rated|\n|rule|HP Percentage Mod: HP is shown in percentages\n|rule|Endless Battle Clause: Forcing endless battles is banned\n|rule|OHKO Clause: OHKO moves are banned\n|rule|Evasion Clause: Evasion abilities, items, and moves are banned\n|rule|Evasion Abilities Clause: Evasion abilities are banned\n|rule|Evasion Items Clause: Evasion items are banned\n|rule|Evasion Moves Clause: Evasion moves are banned\n|rule|Species Clause: Limit one of each Pok\u00e9mon\n|rule|Sleep Clause Mod: Limit one foe put to sleep\n|clearpoke\n|poke|p1|Tapu Koko|\n|poke|p1|Charizard, M|\n|poke|p1|Gyarados, F|\n|poke|p1|Great Tusk|\n|poke|p1|Polteageist|\n|poke|p1|Volcarona, F|\n|poke|p2|Kyurem|\n|poke|p2|Clodsire, F|\n|poke|p2|Kartana|\n|poke|p2|Corviknight, F|\n|poke|p2|Ogerpon-Wellspring, F|\n|poke|p2|Heatran, M|\n|teampreview\n|inactive|Battle timer is ON: inactive players will automatically lose when time's up. (requested by Tokiwakano)\n|\n|t:|1700430726\n|start\n|switch|p1a: Tapu Koko|Tapu Koko|100\/100\n|switch|p2a: Kyurem|Kyurem|100\/100\n|-fieldstart|move: Electric Terrain|[from] ability: Electric Surge|[of] p1a: Tapu Koko\n|-ability|p2a: Kyurem|Pressure\n|turn|1\n|\n|t:|1700430730\n|move|p1a: Tapu Koko|Reflect|p1a: Tapu Koko\n|-sidestart|p1: A Classic Gengar|Reflect\n|move|p2a: Kyurem|Ice Beam|p1a: Tapu Koko\n|-damage|p1a: Tapu Koko|19\/100\n|\n|upkeep\n|turn|2\n|\n|t:|1700430734\n|move|p1a: Tapu Koko|Light Screen|p1a: Tapu Koko\n|-sidestart|p1: A Classic Gengar|move: Light Screen\n|move|p2a: Kyurem|Ice Beam|p1a: Tapu Koko\n|-damage|p1a: Tapu Koko|0 fnt\n|faint|p1a: Tapu Koko\n|\n|upkeep\n|\n|t:|1700430736\n|switch|p1a: Great Tusk|Great Tusk|100\/100\n|turn|3\n|\n|t:|1700430743\n|move|p2a: Kyurem|Ice Beam|p1a: Great Tusk\n|-supereffective|p1a: Great Tusk\n|-damage|p1a: Great Tusk|35\/100\n|move|p1a: Great Tusk|Close Combat|p2a: Kyurem\n|-supereffective|p2a: Kyurem\n|-damage|p2a: Kyurem|0 fnt\n|-unboost|p1a: Great Tusk|def|1\n|-unboost|p1a: Great Tusk|spd|1\n|faint|p2a: Kyurem\n|\n|upkeep\n|\n|t:|1700430752\n|switch|p2a: Ogerpon|Ogerpon-Wellspring, F|100\/100\n|turn|4\n|\n|t:|1700430759\n|-end|p1a: Great Tusk|Protosynthesis|[silent]\n|switch|p1a: Gyarados|Gyarados, F|100\/100\n|move|p2a: Ogerpon|Ivy Cudgel|p1a: Gyarados|[anim] Ivy Cudgel Water\n|-resisted|p1a: Gyarados\n|-damage|p1a: Gyarados|81\/100\n|\n|upkeep\n|turn|5\n|\n|t:|1700430764\n|move|p2a: Ogerpon|Swords Dance|p2a: Ogerpon\n|-boost|p2a: Ogerpon|atk|2\n|move|p1a: Gyarados|Dragon Dance|p1a: Gyarados\n|-boost|p1a: Gyarados|atk|1\n|-boost|p1a: Gyarados|spe|1\n|\n|-fieldend|move: Electric Terrain\n|upkeep\n|turn|6\n|\n|t:|1700430778\n|move|p1a: Gyarados|Bounce||[still]\n|-prepare|p1a: Gyarados|Bounce\n|move|p2a: Ogerpon|Horn Leech|p1a: Gyarados|[miss]\n|-miss|p2a: Ogerpon|p1a: Gyarados\n|\n|upkeep\n|turn|7\n|\n|t:|1700430782\n|switch|p2a: Corviknight|Corviknight, F|100\/100\n|-ability|p2a: Corviknight|Pressure\n|move|p1a: Gyarados|Bounce|p2a: Corviknight|[from]lockedmove\n|-resisted|p2a: Corviknight\n|-damage|p2a: Corviknight|79\/100\n|-damage|p1a: Gyarados|64\/100|[from] item: Rocky Helmet|[of] p2a: Corviknight\n|\n|upkeep\n|turn|8\n|\n|t:|1700430789\n|move|p1a: Gyarados|Waterfall|p2a: Corviknight\n|-damage|p2a: Corviknight|40\/100\n|-damage|p1a: Gyarados|47\/100|[from] item: Rocky Helmet|[of] p2a: Corviknight\n|move|p2a: Corviknight|U-turn|p1a: Gyarados\n|-resisted|p1a: Gyarados\n|-damage|p1a: Gyarados|43\/100\n|\n|t:|1700430794\n|switch|p2a: Kartana|Kartana|100\/100|[from] U-turn\n|\n|-sideend|p1: A Classic Gengar|Reflect\n|upkeep\n|turn|9\n|\n|t:|1700430800\n|move|p2a: Kartana|Leaf Blade|p1a: Gyarados\n|-damage|p1a: Gyarados|0 fnt\n|faint|p1a: Gyarados\n|-ability|p2a: Kartana|Beast Boost|boost\n|-boost|p2a: Kartana|atk|1\n|\n|-sideend|p1: A Classic Gengar|move: Light Screen\n|upkeep\n|\n|t:|1700430808\n|switch|p1a: Charizard|Charizard, M|100\/100\n|turn|10\n|\n|t:|1700430814\n|switch|p2a: Heatran|Heatran, M|100\/100\n|-item|p2a: Heatran|Air Balloon\n|detailschange|p1a: Charizard|Charizard-Mega-X, M\n|-mega|p1a: Charizard|Charizard|Charizardite X\n|move|p1a: Charizard|Dragon Dance|p1a: Charizard\n|-boost|p1a: Charizard|atk|1\n|-boost|p1a: Charizard|spe|1\n|\n|upkeep\n|turn|11\n|\n|t:|1700430821\n|move|p1a: Charizard|Outrage|p2a: Heatran\n|-resisted|p2a: Heatran\n|-damage|p2a: Heatran|48\/100\n|-enditem|p2a: Heatran|Air Balloon\n|move|p2a: Heatran|Toxic|p1a: Charizard\n|-status|p1a: Charizard|tox\n|\n|-damage|p1a: Charizard|94\/100 tox|[from] psn\n|upkeep\n|turn|12\n|\n|t:|1700430833\n|move|p1a: Charizard|Outrage|p2a: Heatran|[from]lockedmove\n|-resisted|p2a: Heatran\n|-damage|p2a: Heatran|0 fnt\n|faint|p2a: Heatran\n|\n|-damage|p1a: Charizard|82\/100 tox|[from] psn\n|upkeep\n|\n|t:|1700430836\n|switch|p2a: Corviknight|Corviknight, F|40\/100\n|-ability|p2a: Corviknight|Pressure\n|turn|13\n|\n|t:|1700430838\n|move|p1a: Charizard|Outrage|p2a: Corviknight|[from]lockedmove\n|-resisted|p2a: Corviknight\n|-damage|p2a: Corviknight|0 fnt\n|-damage|p1a: Charizard|66\/100 tox|[from] item: Rocky Helmet|[of] p2a: Corviknight\n|faint|p2a: Corviknight\n|-start|p1a: Charizard|confusion|[fatigue]\n|\n|-damage|p1a: Charizard|48\/100 tox|[from] psn\n|upkeep\n|\n|t:|1700430848\n|switch|p2a: Kartana|Kartana|100\/100\n|turn|14\n|\n|t:|1700430851\n|move|p2a: Kartana|Knock Off|p1a: Charizard\n|-damage|p1a: Charizard|18\/100 tox\n|-activate|p1a: Charizard|confusion\n|move|p1a: Charizard|Flare Blitz|p2a: Kartana\n|-supereffective|p2a: Kartana\n|-damage|p2a: Kartana|0 fnt\n|faint|p2a: Kartana\n|-damage|p1a: Charizard|0 fnt|[from] Recoil\n|faint|p1a: Charizard\n|\n|upkeep\n|\n|t:|1700430857\n|switch|p2a: Ogerpon|Ogerpon-Wellspring, F|100\/100\n|switch|p1a: Polteageist|Polteageist|100\/100\n|turn|15\n|\n|t:|1700430861\n|switch|p2a: Clodsire|Clodsire, F|100\/100\n|move|p1a: Polteageist|Shell Smash|p1a: Polteageist\n|-unboost|p1a: Polteageist|def|1\n|-unboost|p1a: Polteageist|spd|1\n|-boost|p1a: Polteageist|atk|2\n|-boost|p1a: Polteageist|spa|2\n|-boost|p1a: Polteageist|spe|2\n|-enditem|p1a: Polteageist|White Herb\n|-clearnegativeboost|p1a: Polteageist|[silent]\n|\n|upkeep\n|turn|16\n|\n|t:|1700430872\n|move|p1a: Polteageist|Psychic|p2a: Clodsire\n|-supereffective|p2a: Clodsire\n|-damage|p2a: Clodsire|66\/100\n|move|p2a: Clodsire|Toxic|p1a: Polteageist\n|-status|p1a: Polteageist|tox\n|\n|-damage|p1a: Polteageist|94\/100 tox|[from] psn\n|upkeep\n|turn|17\n|\n|t:|1700430887\n|-terastallize|p1a: Polteageist|Steel\n|move|p1a: Polteageist|Tera Blast|p2a: Clodsire|[anim] Tera Blast Steel\n|-crit|p2a: Clodsire\n|-damage|p2a: Clodsire|29\/100\n|move|p2a: Clodsire|Recover|p2a: Clodsire\n|-heal|p2a: Clodsire|79\/100\n|\n|-damage|p1a: Polteageist|82\/100 tox|[from] psn\n|upkeep\n|turn|18\n|\n|t:|1700430895\n|switch|p1a: Great Tusk|Great Tusk|35\/100\n|move|p2a: Clodsire|Spikes|p1a: Great Tusk\n|-sidestart|p1: A Classic Gengar|Spikes\n|\n|upkeep\n|turn|19\n|\n|t:|1700430905\n|switch|p2a: Ogerpon|Ogerpon-Wellspring, F|100\/100\n|move|p1a: Great Tusk|Headlong Rush|p2a: Ogerpon\n|-resisted|p2a: Ogerpon\n|-damage|p2a: Ogerpon|56\/100\n|-unboost|p1a: Great Tusk|def|1\n|-unboost|p1a: Great Tusk|spd|1\n|\n|upkeep\n|turn|20\n|\n|t:|1700430914\n|-end|p1a: Great Tusk|Protosynthesis|[silent]\n|switch|p1a: Polteageist|Polteageist, tera:Steel|82\/100 tox\n|-damage|p1a: Polteageist|70\/100 tox|[from] Spikes\n|move|p2a: Ogerpon|Ivy Cudgel|p1a: Polteageist|[anim] Ivy Cudgel Water\n|-damage|p1a: Polteageist|0 fnt\n|faint|p1a: Polteageist\n|\n|upkeep\n|\n|t:|1700430916\n|switch|p1a: Volcarona|Volcarona, F|100\/100\n|turn|21\n|\n|t:|1700430925\n|switch|p2a: Clodsire|Clodsire, F|79\/100\n|move|p1a: Volcarona|Quiver Dance|p1a: Volcarona\n|-boost|p1a: Volcarona|spa|1\n|-boost|p1a: Volcarona|spd|1\n|-boost|p1a: Volcarona|spe|1\n|\n|upkeep\n|turn|22\n|\n|t:|1700430930\n|move|p1a: Volcarona|Fiery Dance|p2a: Clodsire\n|-damage|p2a: Clodsire|55\/100\n|move|p2a: Clodsire|Toxic|p1a: Volcarona\n|-status|p1a: Volcarona|tox\n|\n|-damage|p1a: Volcarona|94\/100 tox|[from] psn\n|upkeep\n|turn|23\n|\n|t:|1700430933\n|move|p1a: Volcarona|Fiery Dance|p2a: Clodsire\n|-damage|p2a: Clodsire|30\/100\n|move|p2a: Clodsire|Recover|p2a: Clodsire\n|-heal|p2a: Clodsire|80\/100\n|\n|-damage|p1a: Volcarona|82\/100 tox|[from] psn\n|upkeep\n|turn|24\n|\n|t:|1700430938\n|move|p1a: Volcarona|Fiery Dance|p2a: Clodsire\n|-damage|p2a: Clodsire|56\/100\n|move|p2a: Clodsire|Spikes|p1a: Volcarona\n|-sidestart|p1: A Classic Gengar|Spikes\n|\n|-damage|p1a: Volcarona|64\/100 tox|[from] psn\n|upkeep\n|turn|25\n|-message|A Classic Gengar forfeited.\n|\n|win|Tokiwakano\n|raw|A Classic Gengar's rating: 1467 &rarr; <strong>1457<\/strong><br \/>(-10 for losing)\n|raw|Tokiwakano's rating: 1668 &rarr; <strong>1678<\/strong><br \/>(+10 for winning)\n|l|\u2606A Classic Gengar\n","uploadtime":1700430956,"views":4,"p1id":"aclassicgengar","p2id":"tokiwakano","formatid":"gen9nationaldex","rating":1457,"private":0,"password":""}