{"id":"gen9nationaldex-1991711524","p1":"GABRIEL_HU","p2":"Trainer Qrdi","format":"[Gen 9] National Dex","log":"|j|\u2606GABRIEL_HU\n|j|\u2606Trainer Qrdi\n|t:|1700105634\n|gametype|singles\n|player|p1|GABRIEL_HU|guitarist|1374\n|player|p2|Trainer Qrdi|red|1314\n|teamsize|p1|6\n|teamsize|p2|6\n|gen|9\n|tier|[Gen 9] National Dex\n|rated|\n|rule|HP Percentage Mod: HP is shown in percentages\n|rule|Endless Battle Clause: Forcing endless battles is banned\n|rule|OHKO Clause: OHKO moves are banned\n|rule|Evasion Clause: Evasion abilities, items, and moves are banned\n|rule|Evasion Abilities Clause: Evasion abilities are banned\n|rule|Evasion Items Clause: Evasion items are banned\n|rule|Evasion Moves Clause: Evasion moves are banned\n|rule|Species Clause: Limit one of each Pok\u00e9mon\n|rule|Sleep Clause Mod: Limit one foe put to sleep\n|clearpoke\n|poke|p1|Garganacl, F|\n|poke|p1|Greninja-*, M|\n|poke|p1|Zapdos|\n|poke|p1|Great Tusk|\n|poke|p1|Heatran, F|\n|poke|p1|Scizor, M|\n|poke|p2|Tyranitar, F|\n|poke|p2|Ampharos, M|\n|poke|p2|Dragonite, M|\n|poke|p2|Conkeldurr, F|\n|poke|p2|Forretress, M|\n|poke|p2|Iron Moth|\n|teampreview\n|inactive|Battle timer is ON: inactive players will automatically lose when time's up. (requested by Trainer Qrdi)\n|\n|t:|1700105652\n|start\n|switch|p1a: Heatran|Heatran, F|100\/100\n|switch|p2a: Ampharos|Ampharos, M|100\/100\n|turn|1\n|\n|t:|1700105657\n|detailschange|p2a: Ampharos|Ampharos-Mega, M\n|-mega|p2a: Ampharos|Ampharos|Ampharosite\n|-ability|p2a: Ampharos|Mold Breaker\n|move|p1a: Heatran|Stealth Rock|p2a: Ampharos\n|-sidestart|p2: Trainer Qrdi|move: Stealth Rock\n|move|p2a: Ampharos|Hidden Power|p1a: Heatran\n|-supereffective|p1a: Heatran\n|-damage|p1a: Heatran|42\/100\n|\n|upkeep\n|turn|2\n|\n|t:|1700105675\n|switch|p1a: Great Tusk|Great Tusk|100\/100\n|move|p2a: Ampharos|Thunderbolt|p1a: Great Tusk\n|-immune|p1a: Great Tusk\n|\n|upkeep\n|turn|3\n|\n|t:|1700105684\n|move|p1a: Great Tusk|Rapid Spin|p2a: Ampharos\n|-damage|p2a: Ampharos|87\/100\n|-boost|p1a: Great Tusk|spe|1\n|move|p2a: Ampharos|Dazzling Gleam|p1a: Great Tusk\n|-supereffective|p1a: Great Tusk\n|-damage|p1a: Great Tusk|12\/100\n|\n|upkeep\n|turn|4\n|\n|t:|1700105690\n|move|p1a: Great Tusk|Headlong Rush|p2a: Ampharos\n|-supereffective|p2a: Ampharos\n|-damage|p2a: Ampharos|0 fnt\n|-unboost|p1a: Great Tusk|def|1\n|-unboost|p1a: Great Tusk|spd|1\n|faint|p2a: Ampharos\n|\n|upkeep\n|\n|t:|1700105701\n|switch|p2a: Dragonite|Dragonite, M|100\/100\n|-damage|p2a: Dragonite|76\/100|[from] Stealth Rock\n|turn|5\n|\n|t:|1700105706\n|-zpower|p1a: Great Tusk\n|move|p1a: Great Tusk|Subzero Slammer|p2a: Dragonite|[zeffect]\n|-supereffective|p2a: Dragonite\n|-damage|p2a: Dragonite|0 fnt\n|faint|p2a: Dragonite\n|\n|upkeep\n|\n|t:|1700105714\n|switch|p2a: Conkeldurr|Conkeldurr, F|100\/100\n|-damage|p2a: Conkeldurr|95\/100|[from] Stealth Rock\n|turn|6\n|\n|t:|1700105720\n|move|p1a: Great Tusk|Close Combat|p2a: Conkeldurr\n|-damage|p2a: Conkeldurr|40\/100\n|-unboost|p1a: Great Tusk|def|1\n|-unboost|p1a: Great Tusk|spd|1\n|move|p2a: Conkeldurr|Drain Punch|p1a: Great Tusk\n|-damage|p1a: Great Tusk|0 fnt\n|-heal|p2a: Conkeldurr|46\/100|[from] drain|[of] p1a: Great Tusk\n|faint|p1a: Great Tusk\n|-end|p1a: Great Tusk|Protosynthesis|[silent]\n|\n|upkeep\n|\n|t:|1700105727\n|switch|p1a: Zapdos|Zapdos|100\/100\n|turn|7\n|\n|t:|1700105733\n|move|p1a: Zapdos|Discharge|p2a: Conkeldurr\n|-damage|p2a: Conkeldurr|16\/100\n|move|p2a: Conkeldurr|Stone Edge|p1a: Zapdos\n|-supereffective|p1a: Zapdos\n|-crit|p1a: Zapdos\n|-damage|p1a: Zapdos|11\/100\n|\n|upkeep\n|turn|8\n|\n|t:|1700105738\n|move|p1a: Zapdos|Discharge|p2a: Conkeldurr\n|-damage|p2a: Conkeldurr|0 fnt\n|faint|p2a: Conkeldurr\n|\n|upkeep\n|\n|t:|1700105740\n|switch|p2a: Tyranitar|Tyranitar, F|100\/100\n|-damage|p2a: Tyranitar|88\/100|[from] Stealth Rock\n|-weather|Sandstorm|[from] ability: Sand Stream|[of] p2a: Tyranitar\n|turn|9\n|\n|t:|1700105745\n|move|p1a: Zapdos|Roost|p1a: Zapdos\n|-heal|p1a: Zapdos|61\/100\n|-singleturn|p1a: Zapdos|move: Roost\n|move|p2a: Tyranitar|Stone Edge|p1a: Zapdos\n|-damage|p1a: Zapdos|23\/100\n|\n|-weather|Sandstorm|[upkeep]\n|-damage|p1a: Zapdos|17\/100|[from] Sandstorm\n|upkeep\n|turn|10\n|\n|t:|1700105753\n|switch|p1a: Garganacl|Garganacl, F, shiny|100\/100\n|move|p2a: Tyranitar|Earthquake|p1a: Garganacl\n|-supereffective|p1a: Garganacl\n|-damage|p1a: Garganacl|50\/100\n|\n|-weather|Sandstorm|[upkeep]\n|-heal|p1a: Garganacl|57\/100|[from] item: Leftovers\n|upkeep\n|turn|11\n|\n|t:|1700105757\n|-terastallize|p1a: Garganacl|Water\n|move|p2a: Tyranitar|Earthquake|p1a: Garganacl\n|-crit|p1a: Garganacl\n|-damage|p1a: Garganacl|15\/100\n|move|p1a: Garganacl|Body Press|p2a: Tyranitar\n|-supereffective|p2a: Tyranitar\n|-damage|p2a: Tyranitar|22\/100\n|\n|-weather|Sandstorm|[upkeep]\n|-damage|p1a: Garganacl|9\/100|[from] Sandstorm\n|-heal|p1a: Garganacl|15\/100|[from] item: Leftovers\n|upkeep\n|turn|12\n|\n|t:|1700105765\n|switch|p1a: Zapdos|Zapdos|17\/100\n|move|p2a: Tyranitar|Stone Edge|p1a: Zapdos\n|-supereffective|p1a: Zapdos\n|-damage|p1a: Zapdos|0 fnt\n|faint|p1a: Zapdos\n|\n|-weather|Sandstorm|[upkeep]\n|upkeep\n|\n|t:|1700105768\n|switch|p1a: Garganacl|Garganacl, F, shiny, tera:Water|15\/100\n|turn|13\n|\n|t:|1700105770\n|move|p2a: Tyranitar|Stone Edge|p1a: Garganacl\n|-damage|p1a: Garganacl|0 fnt\n|faint|p1a: Garganacl\n|\n|-weather|none\n|upkeep\n|\n|t:|1700105772\n|switch|p1a: Greninja|Greninja, M|100\/100\n|turn|14\n|\n|t:|1700105775\n|move|p1a: Greninja|Water Shuriken|p2a: Tyranitar\n|-supereffective|p2a: Tyranitar\n|-damage|p2a: Tyranitar|10\/100\n|-supereffective|p2a: Tyranitar\n|-damage|p2a: Tyranitar|0 fnt\n|faint|p2a: Tyranitar\n|-ability|p1a: Greninja|Battle Bond|boost\n|-boost|p1a: Greninja|atk|1\n|-boost|p1a: Greninja|spa|1\n|-boost|p1a: Greninja|spe|1\n|-activate|p1a: Greninja|ability: Battle Bond\n|-hitcount|p2: Tyranitar|2\n|-damage|p1a: Greninja|91\/100|[from] item: Life Orb\n|\n|upkeep\n|\n|t:|1700105778\n|switch|p2a: Forretress|Forretress, M|100\/100\n|-damage|p2a: Forretress|88\/100|[from] Stealth Rock\n|turn|15\n|\n|t:|1700105781\n|switch|p1a: Heatran|Heatran, F|42\/100\n|move|p2a: Forretress|Body Press|p1a: Heatran\n|-supereffective|p1a: Heatran\n|-damage|p1a: Heatran|0 fnt\n|-damage|p2a: Forretress|71\/100|[from] item: Rocky Helmet|[of] p1a: Heatran\n|faint|p1a: Heatran\n|\n|upkeep\n|\n|t:|1700105785\n|switch|p1a: Scizor|Scizor, M|100\/100\n|turn|16\n|\n|t:|1700105787\n|detailschange|p1a: Scizor|Scizor-Mega, M\n|-mega|p1a: Scizor|Scizor|Scizorite\n|move|p1a: Scizor|Swords Dance|p1a: Scizor\n|-boost|p1a: Scizor|atk|2\n|move|p2a: Forretress|Body Press|p1a: Scizor\n|-damage|p1a: Scizor|75\/100\n|\n|upkeep\n|turn|17\n|\n|t:|1700105793\n|switch|p2a: Iron Moth|Iron Moth|100\/100\n|-damage|p2a: Iron Moth|76\/100|[from] Stealth Rock\n|move|p1a: Scizor|Bullet Punch|p2a: Iron Moth\n|-resisted|p2a: Iron Moth\n|-damage|p2a: Iron Moth|49\/100\n|\n|upkeep\n|turn|18\n|\n|t:|1700105798\n|switch|p1a: Greninja|Greninja, M|91\/100\n|move|p2a: Iron Moth|Flamethrower|p1a: Greninja\n|-resisted|p1a: Greninja\n|-damage|p1a: Greninja|56\/100\n|\n|upkeep\n|turn|19\n|\n|t:|1700105802\n|move|p1a: Greninja|Surf|p2a: Iron Moth\n|-supereffective|p2a: Iron Moth\n|-damage|p2a: Iron Moth|0 fnt\n|faint|p2a: Iron Moth\n|-end|p2a: Iron Moth|Quark Drive|[silent]\n|-damage|p1a: Greninja|46\/100|[from] item: Life Orb\n|\n|upkeep\n|-message|Trainer Qrdi forfeited.\n|\n|win|GABRIEL_HU\n|raw|GABRIEL_HU's rating: 1374 &rarr; <strong>1391<\/strong><br \/>(+17 for winning)\n|raw|Trainer Qrdi's rating: 1314 &rarr; <strong>1297<\/strong><br \/>(-17 for losing)\n|l|\u2606Trainer Qrdi\n","uploadtime":1700105807,"views":4,"p1id":"gabrielhu","p2id":"trainerqrdi","formatid":"gen9nationaldex","rating":1297,"private":0,"password":""}