{"id":"gen9nationaldex-1988681729","p1":"lYLxuanxuan","p2":"Autumnnocap","format":"[Gen 9] National Dex","log":"|j|\u203dlYLxuanxuan\n|j|\u2606Autumnnocap\n|t:|1699750003\n|gametype|singles\n|player|p1|lYLxuanxuan|dawn|1359\n|player|p2|Autumnnocap|janitor|1351\n|teamsize|p1|6\n|teamsize|p2|6\n|gen|9\n|tier|[Gen 9] National Dex\n|rated|\n|rule|HP Percentage Mod: HP is shown in percentages\n|rule|Endless Battle Clause: Forcing endless battles is banned\n|rule|OHKO Clause: OHKO moves are banned\n|rule|Evasion Clause: Evasion abilities, items, and moves are banned\n|rule|Evasion Abilities Clause: Evasion abilities are banned\n|rule|Evasion Items Clause: Evasion items are banned\n|rule|Evasion Moves Clause: Evasion moves are banned\n|rule|Species Clause: Limit one of each Pok\u00e9mon\n|rule|Sleep Clause Mod: Limit one foe put to sleep\n|clearpoke\n|poke|p1|Landorus-Therian, M|\n|poke|p1|Kartana|\n|poke|p1|Hawlucha, F|\n|poke|p1|Tapu Koko|\n|poke|p1|Gardevoir, F|\n|poke|p1|Jirachi|\n|poke|p2|Celesteela|\n|poke|p2|Thundurus-Therian, M|\n|poke|p2|Landorus-Therian, M|\n|poke|p2|Garchomp, F|\n|poke|p2|Tyranitar, M|\n|poke|p2|Porygon-Z|\n|teampreview\n|inactive|Battle timer is ON: inactive players will automatically lose when time's up. (requested by lYLxuanxuan)\n|\n|t:|1699750017\n|start\n|switch|p1a: Kartana|Kartana, shiny|100\/100\n|switch|p2a: Garchomp|Garchomp, F|100\/100\n|turn|1\n|\n|t:|1699750024\n|switch|p1a: Landorus|Landorus-Therian, M, shiny|100\/100\n|-ability|p1a: Landorus|Intimidate|boost\n|-unboost|p2a: Garchomp|atk|1\n|detailschange|p2a: Garchomp|Garchomp-Mega, F\n|-mega|p2a: Garchomp|Garchomp|Garchompite\n|move|p2a: Garchomp|Brick Break|p1a: Landorus\n|-resisted|p1a: Landorus\n|-damage|p1a: Landorus|88\/100\n|\n|upkeep\n|turn|2\n|\n|t:|1699750036\n|switch|p2a: Landorus|Landorus-Therian, M|100\/100\n|-ability|p2a: Landorus|Intimidate|boost\n|-unboost|p1a: Landorus|atk|1\n|move|p1a: Landorus|Stealth Rock|p2a: Landorus\n|-sidestart|p2: Autumnnocap|move: Stealth Rock\n|\n|upkeep\n|turn|3\n|\n|t:|1699750043\n|move|p1a: Landorus|Explosion|p2a: Landorus\n|-damage|p2a: Landorus|41\/100\n|faint|p1a: Landorus\n|move|p2a: Landorus|Knock Off|p1: Landorus|[notarget]\n|-fail|p2a: Landorus\n|\n|upkeep\n|\n|t:|1699750047\n|switch|p1a: Kartana|Kartana, shiny|100\/100\n|turn|4\n|\n|t:|1699750053\n|move|p1a: Kartana|Leaf Blade|p2a: Landorus\n|-crit|p2a: Landorus\n|-damage|p2a: Landorus|0 fnt\n|faint|p2a: Landorus\n|-ability|p1a: Kartana|Beast Boost|boost\n|-boost|p1a: Kartana|atk|1\n|\n|upkeep\n|\n|t:|1699750063\n|switch|p2a: Celesteela|Celesteela, shiny|100\/100\n|-damage|p2a: Celesteela|88\/100|[from] Stealth Rock\n|turn|5\n|\n|t:|1699750072\n|switch|p1a: Tapu Koko|Tapu Koko, shiny|100\/100\n|-fieldstart|move: Electric Terrain|[from] ability: Electric Surge|[of] p1a: Tapu Koko\n|move|p2a: Celesteela|Heavy Slam|p1a: Tapu Koko\n|-damage|p1a: Tapu Koko|32\/100\n|\n|-heal|p2a: Celesteela|94\/100|[from] item: Leftovers\n|upkeep\n|turn|6\n|\n|t:|1699750085\n|-terastallize|p2a: Celesteela|Steel\n|move|p1a: Tapu Koko|Thunderbolt|p2a: Celesteela\n|-damage|p2a: Celesteela|56\/100\n|move|p2a: Celesteela|Heavy Slam|p1a: Tapu Koko\n|-damage|p1a: Tapu Koko|0 fnt\n|faint|p1a: Tapu Koko\n|-ability|p2a: Celesteela|Beast Boost|boost\n|-boost|p2a: Celesteela|atk|1\n|\n|-heal|p2a: Celesteela|62\/100|[from] item: Leftovers\n|upkeep\n|\n|t:|1699750094\n|switch|p1a: Kartana|Kartana, shiny|100\/100\n|turn|7\n|\n|t:|1699750101\n|move|p2a: Celesteela|Protect|p2a: Celesteela\n|-singleturn|p2a: Celesteela|Protect\n|move|p1a: Kartana|Sacred Sword|p2a: Celesteela\n|-activate|p2a: Celesteela|move: Protect\n|\n|-heal|p2a: Celesteela|68\/100|[from] item: Leftovers\n|upkeep\n|turn|8\n|\n|t:|1699750115\n|switch|p2a: Garchomp|Garchomp-Mega, F|100\/100\n|-damage|p2a: Garchomp|94\/100|[from] Stealth Rock\n|move|p1a: Kartana|Sacred Sword|p2a: Garchomp\n|-damage|p2a: Garchomp|42\/100\n|\n|upkeep\n|turn|9\n|\n|t:|1699750126\n|move|p1a: Kartana|Sacred Sword|p2a: Garchomp\n|-damage|p2a: Garchomp|0 fnt\n|faint|p2a: Garchomp\n|-ability|p1a: Kartana|Beast Boost|boost\n|-boost|p1a: Kartana|atk|1\n|\n|-fieldend|move: Electric Terrain\n|upkeep\n|\n|t:|1699750133\n|switch|p2a: Thundurus|Thundurus-Therian, M|100\/100\n|-damage|p2a: Thundurus|76\/100|[from] Stealth Rock\n|turn|10\n|\n|t:|1699750138\n|move|p1a: Kartana|Sacred Sword|p2a: Thundurus\n|-resisted|p2a: Thundurus\n|-damage|p2a: Thundurus|12\/100\n|move|p2a: Thundurus|Focus Blast|p1a: Kartana\n|-supereffective|p1a: Kartana\n|-damage|p1a: Kartana|0 fnt\n|faint|p1a: Kartana\n|\n|upkeep\n|\n|t:|1699750145\n|switch|p1a: Hawlucha|Hawlucha, F, shiny|100\/100\n|turn|11\n|\n|t:|1699750150\n|-terastallize|p1a: Hawlucha|Fighting\n|move|p1a: Hawlucha|Acrobatics|p2a: Thundurus\n|-resisted|p2a: Thundurus\n|-damage|p2a: Thundurus|0 fnt\n|faint|p2a: Thundurus\n|\n|upkeep\n|\n|t:|1699750160\n|switch|p2a: Tyranitar|Tyranitar, M|100\/100\n|-damage|p2a: Tyranitar|88\/100|[from] Stealth Rock\n|-weather|Sandstorm|[from] ability: Sand Stream|[of] p2a: Tyranitar\n|turn|12\n|\n|t:|1699750166\n|move|p1a: Hawlucha|High Jump Kick|p2a: Tyranitar\n|-supereffective|p2a: Tyranitar\n|-damage|p2a: Tyranitar|0 fnt\n|faint|p2a: Tyranitar\n|\n|-weather|Sandstorm|[upkeep]\n|-damage|p1a: Hawlucha|94\/100|[from] Sandstorm\n|upkeep\n|\n|t:|1699750185\n|switch|p2a: Celesteela|Celesteela, shiny, tera:Steel|68\/100\n|-damage|p2a: Celesteela|62\/100|[from] Stealth Rock\n|turn|13\n|\n|t:|1699750189\n|move|p2a: Celesteela|Protect|p2a: Celesteela\n|-singleturn|p2a: Celesteela|Protect\n|move|p1a: Hawlucha|High Jump Kick|p2a: Celesteela\n|-activate|p2a: Celesteela|move: Protect\n|-damage|p1a: Hawlucha|45\/100|[from] highjumpkick\n|\n|-weather|Sandstorm|[upkeep]\n|-damage|p1a: Hawlucha|39\/100|[from] Sandstorm\n|-heal|p2a: Celesteela|68\/100|[from] item: Leftovers\n|upkeep\n|turn|14\n|\n|t:|1699750200\n|move|p2a: Celesteela|Protect||[still]\n|-fail|p2a: Celesteela\n|move|p1a: Hawlucha|High Jump Kick|p2a: Celesteela\n|-supereffective|p2a: Celesteela\n|-crit|p2a: Celesteela\n|-damage|p2a: Celesteela|0 fnt\n|faint|p2a: Celesteela\n|\n|-weather|Sandstorm|[upkeep]\n|-damage|p1a: Hawlucha|32\/100|[from] Sandstorm\n|upkeep\n|\n|t:|1699750211\n|switch|p2a: Porygon-Z|Porygon-Z, shiny|100\/100\n|-damage|p2a: Porygon-Z|88\/100|[from] Stealth Rock\n|turn|15\n|inactive|Autumnnocap has 120 seconds left.\n|\n|t:|1699750254\n|move|p1a: Hawlucha|High Jump Kick|p2a: Porygon-Z\n|-supereffective|p2a: Porygon-Z\n|-damage|p2a: Porygon-Z|0 fnt\n|faint|p2a: Porygon-Z\n|\n|win|lYLxuanxuan\n|raw|lYLxuanxuan's rating: 1359 &rarr; <strong>1379<\/strong><br \/>(+20 for winning)\n|raw|Autumnnocap's rating: 1351 &rarr; <strong>1331<\/strong><br \/>(-20 for losing)\n|l|\u2606Autumnnocap\n","uploadtime":1699750265,"views":4,"p1id":"lylxuanxuan","p2id":"autumnnocap","formatid":"gen9nationaldex","rating":1331,"private":0,"password":""}