{"id":"gen9nationaldex-1999996042","p1":"ydm14","p2":"Yeah wynaut","format":"[Gen 9] National Dex","log":"|html|<div class=\"broadcast-blue\"><strong>[Gen 9] National Dex is currently suspecting Sneasler! For information on how to participate check out the <a href=\"https:\/\/www.smogon.com\/forums\/threads\/sv-national-dex-suspect-8-just-dance.3731534\/\">suspect thread<\/a>.<\/strong><\/div>\n|j|\u2606ydm14\n|j|\u2606Yeah wynaut\n|t:|1701139069\n|gametype|singles\n|player|p1|ydm14|preschoolerf|1389\n|player|p2|Yeah wynaut|chili|1420\n|teamsize|p1|6\n|teamsize|p2|6\n|gen|9\n|tier|[Gen 9] National Dex\n|rated|\n|rule|HP Percentage Mod: HP is shown in percentages\n|rule|Endless Battle Clause: Forcing endless battles is banned\n|rule|OHKO Clause: OHKO moves are banned\n|rule|Evasion Clause: Evasion abilities, items, and moves are banned\n|rule|Evasion Abilities Clause: Evasion abilities are banned\n|rule|Evasion Items Clause: Evasion items are banned\n|rule|Evasion Moves Clause: Evasion moves are banned\n|rule|Species Clause: Limit one of each Pok\u00e9mon\n|rule|Sleep Clause Mod: Limit one foe put to sleep\n|clearpoke\n|poke|p1|Gliscor, F|\n|poke|p1|Heatran, F|\n|poke|p1|Dragonite, F|\n|poke|p1|Greninja-*, M|\n|poke|p1|Lopunny, F|\n|poke|p1|Mew|\n|poke|p2|Centiskorch, F|\n|poke|p2|Ferrothorn, M|\n|poke|p2|Zapdos|\n|poke|p2|Great Tusk|\n|poke|p2|Greninja-*, M|\n|poke|p2|Latios, M|\n|teampreview\n|inactive|Battle timer is ON: inactive players will automatically lose when time's up. (requested by ydm14)\n|\n|t:|1701139083\n|start\n|switch|p1a: Mew|Mew|100\/100\n|switch|p2a: Greninja|Greninja, M|100\/100\n|turn|1\n|\n|t:|1701139091\n|switch|p1a: Heatran|Heatran, F|100\/100\n|move|p2a: Greninja|Dark Pulse|p1a: Heatran\n|-damage|p1a: Heatran|73\/100\n|-damage|p2a: Greninja|91\/100|[from] item: Life Orb\n|\n|-heal|p1a: Heatran|80\/100|[from] item: Leftovers\n|upkeep\n|turn|2\n|\n|t:|1701139096\n|move|p2a: Greninja|Surf|p1a: Heatran\n|-supereffective|p1a: Heatran\n|-damage|p1a: Heatran|20\/100\n|-damage|p2a: Greninja|81\/100|[from] item: Life Orb\n|move|p1a: Heatran|Stealth Rock|p2a: Greninja\n|-sidestart|p2: Yeah wynaut|move: Stealth Rock\n|\n|-heal|p1a: Heatran|26\/100|[from] item: Leftovers\n|upkeep\n|turn|3\n|\n|t:|1701139112\n|switch|p1a: Lopunny|Lopunny, F|100\/100\n|move|p2a: Greninja|Dark Pulse|p1a: Lopunny\n|-damage|p1a: Lopunny|43\/100\n|-damage|p2a: Greninja|71\/100|[from] item: Life Orb\n|\n|upkeep\n|turn|4\n|\n|t:|1701139122\n|switch|p2a: Zapdos|Zapdos|100\/100\n|-damage|p2a: Zapdos|76\/100|[from] Stealth Rock\n|detailschange|p1a: Lopunny|Lopunny-Mega, F\n|-mega|p1a: Lopunny|Lopunny|Lopunnite\n|move|p1a: Lopunny|Close Combat|p2a: Zapdos\n|-resisted|p2a: Zapdos\n|-damage|p2a: Zapdos|36\/100\n|-unboost|p1a: Lopunny|def|1\n|-unboost|p1a: Lopunny|spd|1\n|-status|p1a: Lopunny|par|[from] ability: Static|[of] p2a: Zapdos\n|\n|upkeep\n|turn|5\n|\n|t:|1701139130\n|switch|p1a: Greninja|Greninja, M|100\/100\n|move|p2a: Zapdos|Roost|p2a: Zapdos\n|-heal|p2a: Zapdos|86\/100\n|-singleturn|p2a: Zapdos|move: Roost\n|\n|upkeep\n|turn|6\n|inactive|Yeah wynaut has 120 seconds left.\n|\n|t:|1701139171\n|move|p1a: Greninja|Ice Beam|p2a: Zapdos\n|-supereffective|p2a: Zapdos\n|-damage|p2a: Zapdos|29\/100\n|-status|p2a: Zapdos|frz\n|cant|p2a: Zapdos|frz\n|\n|upkeep\n|turn|7\n|inactive|ydm14 has 120 seconds left.\n|\n|t:|1701139209\n|switch|p1a: Heatran|Heatran, F|26\/100\n|cant|p2a: Zapdos|frz\n|\n|-heal|p1a: Heatran|33\/100|[from] item: Leftovers\n|upkeep\n|turn|8\n|\n|t:|1701139212\n|cant|p2a: Zapdos|frz\n|move|p1a: Heatran|Stealth Rock||[still]\n|-fail|p1a: Heatran\n|\n|-heal|p1a: Heatran|39\/100|[from] item: Leftovers\n|upkeep\n|turn|9\n|\n|t:|1701139222\n|cant|p2a: Zapdos|frz\n|move|p1a: Heatran|Magma Storm|p2a: Zapdos\n|-damage|p2a: Zapdos|0 fnt\n|faint|p2a: Zapdos\n|\n|-heal|p1a: Heatran|45\/100|[from] item: Leftovers\n|upkeep\n|\n|t:|1701139229\n|switch|p2a: Great Tusk|Great Tusk|100\/100\n|turn|10\n|\n|t:|1701139243\n|switch|p1a: Gliscor|Gliscor, F|100\/100\n|move|p2a: Great Tusk|Rapid Spin|p1a: Gliscor\n|-damage|p1a: Gliscor|89\/100\n|-boost|p2a: Great Tusk|spe|1\n|-sideend|p2: Yeah wynaut|Stealth Rock|[from] move: Rapid Spin|[of] p2a: Great Tusk\n|\n|-status|p1a: Gliscor|tox|[from] item: Toxic Orb\n|upkeep\n|turn|11\n|\n|t:|1701139250\n|move|p2a: Great Tusk|Ice Spinner|p1a: Gliscor\n|-supereffective|p1a: Gliscor\n|-damage|p1a: Gliscor|16\/100 tox\n|move|p1a: Gliscor|Toxic|p2a: Great Tusk\n|-status|p2a: Great Tusk|tox\n|\n|-damage|p2a: Great Tusk|94\/100 tox|[from] psn\n|-heal|p1a: Gliscor|28\/100 tox|[from] ability: Poison Heal\n|upkeep\n|turn|12\n|\n|t:|1701139256\n|move|p2a: Great Tusk|Rapid Spin|p1a: Gliscor\n|-damage|p1a: Gliscor|19\/100 tox\n|-boost|p2a: Great Tusk|spe|1\n|move|p1a: Gliscor|Roost|p1a: Gliscor\n|-heal|p1a: Gliscor|69\/100 tox\n|-singleturn|p1a: Gliscor|move: Roost\n|\n|-damage|p2a: Great Tusk|82\/100 tox|[from] psn\n|-heal|p1a: Gliscor|81\/100 tox|[from] ability: Poison Heal\n|upkeep\n|turn|13\n|\n|t:|1701139270\n|-end|p2a: Great Tusk|Protosynthesis|[silent]\n|switch|p2a: Ferrothorn|Ferrothorn, M|100\/100\n|-terastallize|p1a: Gliscor|Water\n|move|p1a: Gliscor|Roost|p1a: Gliscor\n|-heal|p1a: Gliscor|100\/100 tox\n|\n|upkeep\n|turn|14\n|\n|t:|1701139292\n|switch|p1a: Mew|Mew|100\/100\n|move|p2a: Ferrothorn|Leech Seed|p1a: Mew\n|-start|p1a: Mew|move: Leech Seed\n|\n|-damage|p1a: Mew|88\/100|[from] Leech Seed|[of] p2a: Ferrothorn\n|upkeep\n|turn|15\n|\n|t:|1701139304\n|move|p1a: Mew|Cosmic Power|p1a: Mew\n|-boost|p1a: Mew|def|1\n|-boost|p1a: Mew|spd|1\n|move|p2a: Ferrothorn|Stealth Rock|p1a: Mew\n|-sidestart|p1: ydm14|move: Stealth Rock\n|\n|-heal|p1a: Mew|94\/100|[from] item: Leftovers\n|-damage|p1a: Mew|82\/100|[from] Leech Seed|[of] p2a: Ferrothorn\n|upkeep\n|turn|16\n|\n|t:|1701139326\n|switch|p2a: Latios|Latios, M|100\/100\n|move|p1a: Mew|Cosmic Power|p1a: Mew\n|-boost|p1a: Mew|def|1\n|-boost|p1a: Mew|spd|1\n|\n|-heal|p1a: Mew|88\/100|[from] item: Leftovers\n|-damage|p1a: Mew|76\/100|[from] Leech Seed|[of] p2a: Latios\n|upkeep\n|turn|17\n|\n|t:|1701139332\n|move|p2a: Latios|Calm Mind|p2a: Latios\n|-boost|p2a: Latios|spa|1\n|-boost|p2a: Latios|spd|1\n|move|p1a: Mew|Soft-Boiled|p1a: Mew\n|-heal|p1a: Mew|100\/100\n|\n|-damage|p1a: Mew|88\/100|[from] Leech Seed|[of] p2a: Latios\n|upkeep\n|turn|18\n|\n|t:|1701139336\n|move|p2a: Latios|Calm Mind|p2a: Latios\n|-boost|p2a: Latios|spa|1\n|-boost|p2a: Latios|spd|1\n|move|p1a: Mew|Cosmic Power|p1a: Mew\n|-boost|p1a: Mew|def|1\n|-boost|p1a: Mew|spd|1\n|\n|-heal|p1a: Mew|94\/100|[from] item: Leftovers\n|-damage|p1a: Mew|82\/100|[from] Leech Seed|[of] p2a: Latios\n|upkeep\n|turn|19\n|\n|t:|1701139338\n|move|p2a: Latios|Agility|p2a: Latios\n|-boost|p2a: Latios|spe|2\n|move|p1a: Mew|Cosmic Power|p1a: Mew\n|-boost|p1a: Mew|def|1\n|-boost|p1a: Mew|spd|1\n|\n|-heal|p1a: Mew|88\/100|[from] item: Leftovers\n|-damage|p1a: Mew|76\/100|[from] Leech Seed|[of] p2a: Latios\n|upkeep\n|turn|20\n|\n|t:|1701139342\n|move|p2a: Latios|Agility|p2a: Latios\n|-boost|p2a: Latios|spe|2\n|move|p1a: Mew|Cosmic Power|p1a: Mew\n|-boost|p1a: Mew|def|1\n|-boost|p1a: Mew|spd|1\n|\n|-heal|p1a: Mew|82\/100|[from] item: Leftovers\n|-damage|p1a: Mew|70\/100|[from] Leech Seed|[of] p2a: Latios\n|upkeep\n|turn|21\n|\n|t:|1701139344\n|move|p2a: Latios|Calm Mind|p2a: Latios\n|-boost|p2a: Latios|spa|1\n|-boost|p2a: Latios|spd|1\n|move|p1a: Mew|Cosmic Power|p1a: Mew\n|-boost|p1a: Mew|def|1\n|-boost|p1a: Mew|spd|1\n|\n|-heal|p1a: Mew|76\/100|[from] item: Leftovers\n|-damage|p1a: Mew|64\/100|[from] Leech Seed|[of] p2a: Latios\n|upkeep\n|turn|22\n|\n|t:|1701139349\n|move|p2a: Latios|Calm Mind|p2a: Latios\n|-boost|p2a: Latios|spa|1\n|-boost|p2a: Latios|spd|1\n|move|p1a: Mew|Soft-Boiled|p1a: Mew\n|-heal|p1a: Mew|100\/100\n|\n|-damage|p1a: Mew|88\/100|[from] Leech Seed|[of] p2a: Latios\n|upkeep\n|turn|23\n|\n|t:|1701139359\n|move|p2a: Latios|Calm Mind|p2a: Latios\n|-boost|p2a: Latios|spa|1\n|-boost|p2a: Latios|spd|1\n|move|p1a: Mew|Stored Power|p2a: Latios\n|-resisted|p2a: Latios\n|-damage|p2a: Latios|88\/100\n|\n|-heal|p1a: Mew|94\/100|[from] item: Leftovers\n|-damage|p1a: Mew|82\/100|[from] Leech Seed|[of] p2a: Latios\n|-heal|p2a: Latios|100\/100|[silent]\n|upkeep\n|turn|24\n|\n|t:|1701139363\n|move|p2a: Latios|Calm Mind|p2a: Latios\n|-boost|p2a: Latios|spa|1\n|-boost|p2a: Latios|spd|1\n|move|p1a: Mew|Body Press|p2a: Latios\n|-resisted|p2a: Latios\n|-damage|p2a: Latios|44\/100\n|\n|-heal|p1a: Mew|88\/100|[from] item: Leftovers\n|-damage|p1a: Mew|76\/100|[from] Leech Seed|[of] p2a: Latios\n|-heal|p2a: Latios|58\/100|[silent]\n|upkeep\n|turn|25\n|\n|t:|1701139374\n|move|p2a: Latios|Calm Mind|p2a: Latios\n|-boost|p2a: Latios|spa|0\n|-boost|p2a: Latios|spd|0\n|move|p1a: Mew|Body Press|p2a: Latios\n|-resisted|p2a: Latios\n|-damage|p2a: Latios|1\/100\n|\n|-heal|p1a: Mew|82\/100|[from] item: Leftovers\n|-damage|p1a: Mew|70\/100|[from] Leech Seed|[of] p2a: Latios\n|-heal|p2a: Latios|15\/100|[silent]\n|upkeep\n|turn|26\n|\n|t:|1701139378\n|move|p2a: Latios|Stored Power|p1a: Mew\n|-resisted|p1a: Mew\n|-damage|p1a: Mew|0 fnt\n|faint|p1a: Mew\n|\n|upkeep\n|\n|t:|1701139383\n|switch|p1a: Lopunny|Lopunny-Mega, F|43\/100 par\n|-damage|p1a: Lopunny|37\/100 par|[from] Stealth Rock\n|turn|27\n|\n|t:|1701139394\n|move|p1a: Lopunny|Fake Out|p2a: Latios\n|-damage|p2a: Latios|0 fnt\n|faint|p2a: Latios\n|\n|upkeep\n|\n|t:|1701139396\n|switch|p2a: Greninja|Greninja, M|71\/100\n|turn|28\n|\n|t:|1701139404\n|switch|p1a: Gliscor|Gliscor, F, tera:Water|100\/100 tox\n|-damage|p1a: Gliscor|88\/100 tox|[from] Stealth Rock\n|move|p2a: Greninja|Surf|p1a: Gliscor\n|-resisted|p1a: Gliscor\n|-damage|p1a: Gliscor|56\/100 tox\n|-damage|p2a: Greninja|61\/100|[from] item: Life Orb\n|\n|-heal|p1a: Gliscor|69\/100 tox|[from] ability: Poison Heal\n|upkeep\n|turn|29\n|\n|t:|1701139408\n|move|p2a: Greninja|Dark Pulse|p1a: Gliscor\n|-damage|p1a: Gliscor|16\/100 tox\n|-damage|p2a: Greninja|51\/100|[from] item: Life Orb\n|move|p1a: Gliscor|U-turn|p2a: Greninja\n|-supereffective|p2a: Greninja\n|-damage|p2a: Greninja|0 fnt\n|faint|p2a: Greninja\n|\n|t:|1701139419\n|switch|p1a: Lopunny|Lopunny-Mega, F|37\/100 par|[from] U-turn\n|-damage|p1a: Lopunny|31\/100 par|[from] Stealth Rock\n|\n|upkeep\n|\n|t:|1701139428\n|switch|p2a: Great Tusk|Great Tusk|82\/100 tox\n|turn|30\n|\n|t:|1701139432\n|move|p1a: Lopunny|Fake Out|p2a: Great Tusk\n|-damage|p2a: Great Tusk|67\/100 tox\n|cant|p2a: Great Tusk|flinch\n|\n|-damage|p2a: Great Tusk|60\/100 tox|[from] psn\n|upkeep\n|turn|31\n|\n|t:|1701139442\n|switch|p1a: Gliscor|Gliscor, F, tera:Water|16\/100 tox\n|-damage|p1a: Gliscor|3\/100 tox|[from] Stealth Rock\n|move|p2a: Great Tusk|Ice Spinner|p1a: Gliscor\n|-resisted|p1a: Gliscor\n|-damage|p1a: Gliscor|0 fnt\n|faint|p1a: Gliscor\n|\n|-damage|p2a: Great Tusk|48\/100 tox|[from] psn\n|upkeep\n|\n|t:|1701139464\n|switch|p1a: Greninja|Greninja, M|100\/100\n|-damage|p1a: Greninja|88\/100|[from] Stealth Rock\n|turn|32\n|\n|t:|1701139468\n|move|p1a: Greninja|Surf|p2a: Great Tusk\n|-supereffective|p2a: Great Tusk\n|-damage|p2a: Great Tusk|0 fnt\n|faint|p2a: Great Tusk\n|-end|p2a: Great Tusk|Protosynthesis|[silent]\n|-ability|p1a: Greninja|Battle Bond|boost\n|-boost|p1a: Greninja|atk|1\n|-boost|p1a: Greninja|spa|1\n|-boost|p1a: Greninja|spe|1\n|-activate|p1a: Greninja|ability: Battle Bond\n|\n|upkeep\n|\n|t:|1701139471\n|switch|p2a: Ferrothorn|Ferrothorn, M|100\/100\n|turn|33\n|\n|t:|1701139475\n|switch|p1a: Heatran|Heatran, F|45\/100\n|-damage|p1a: Heatran|33\/100|[from] Stealth Rock\n|move|p2a: Ferrothorn|Power Whip|p1a: Heatran\n|-resisted|p1a: Heatran\n|-damage|p1a: Heatran|25\/100\n|\n|-heal|p1a: Heatran|31\/100|[from] item: Leftovers\n|upkeep\n|turn|34\n|\n|t:|1701139488\n|switch|p2a: Centiskorch|Centiskorch, F|100\/100\n|move|p1a: Heatran|Taunt|p2a: Centiskorch\n|-start|p2a: Centiskorch|move: Taunt\n|\n|-heal|p1a: Heatran|37\/100|[from] item: Leftovers\n|upkeep\n|turn|35\n|\n|t:|1701139492\n|switch|p1a: Dragonite|Dragonite, F|100\/100\n|move|p2a: Centiskorch|Knock Off|p1a: Dragonite\n|-damage|p1a: Dragonite|90\/100\n|-enditem|p1a: Dragonite|Heavy-Duty Boots|[from] move: Knock Off|[of] p2a: Centiskorch\n|\n|upkeep\n|turn|36\n|\n|t:|1701139497\n|switch|p2a: Ferrothorn|Ferrothorn, M|100\/100\n|move|p1a: Dragonite|Curse|p1a: Dragonite\n|-unboost|p1a: Dragonite|spe|1\n|-boost|p1a: Dragonite|atk|1\n|-boost|p1a: Dragonite|def|1\n|\n|upkeep\n|turn|37\n|\n|t:|1701139501\n|move|p1a: Dragonite|Curse|p1a: Dragonite\n|-unboost|p1a: Dragonite|spe|1\n|-boost|p1a: Dragonite|atk|1\n|-boost|p1a: Dragonite|def|1\n|move|p2a: Ferrothorn|Leech Seed|p1a: Dragonite\n|-start|p1a: Dragonite|move: Leech Seed\n|\n|-damage|p1a: Dragonite|78\/100|[from] Leech Seed|[of] p2a: Ferrothorn\n|upkeep\n|turn|38\n|\n|t:|1701139505\n|move|p1a: Dragonite|Curse|p1a: Dragonite\n|-unboost|p1a: Dragonite|spe|1\n|-boost|p1a: Dragonite|atk|1\n|-boost|p1a: Dragonite|def|1\n|move|p2a: Ferrothorn|Gyro Ball|p1a: Dragonite\n|-damage|p1a: Dragonite|72\/100\n|\n|-damage|p1a: Dragonite|59\/100|[from] Leech Seed|[of] p2a: Ferrothorn\n|upkeep\n|turn|39\n|\n|t:|1701139508\n|move|p1a: Dragonite|Curse|p1a: Dragonite\n|-unboost|p1a: Dragonite|spe|1\n|-boost|p1a: Dragonite|atk|1\n|-boost|p1a: Dragonite|def|1\n|move|p2a: Ferrothorn|Power Whip|p1a: Dragonite\n|-resisted|p1a: Dragonite\n|-damage|p1a: Dragonite|57\/100\n|\n|-damage|p1a: Dragonite|44\/100|[from] Leech Seed|[of] p2a: Ferrothorn\n|upkeep\n|turn|40\n|\n|t:|1701139511\n|switch|p2a: Centiskorch|Centiskorch, F|100\/100\n|move|p1a: Dragonite|Roost|p1a: Dragonite\n|-heal|p1a: Dragonite|94\/100\n|-singleturn|p1a: Dragonite|move: Roost\n|\n|-damage|p1a: Dragonite|82\/100|[from] Leech Seed|[of] p2a: Centiskorch\n|upkeep\n|turn|41\n|\n|t:|1701139517\n|move|p1a: Dragonite|Extreme Speed|p2a: Centiskorch\n|-damage|p2a: Centiskorch|0 fnt\n|faint|p2a: Centiskorch\n|\n|upkeep\n|\n|t:|1701139520\n|switch|p2a: Ferrothorn|Ferrothorn, M|100\/100\n|turn|42\n|\n|t:|1701139526\n|move|p1a: Dragonite|Earthquake|p2a: Ferrothorn\n|-damage|p2a: Ferrothorn|27\/100\n|move|p2a: Ferrothorn|Gyro Ball|p1a: Dragonite\n|-damage|p1a: Dragonite|78\/100\n|\n|-heal|p2a: Ferrothorn|33\/100|[from] item: Leftovers\n|-damage|p1a: Dragonite|66\/100|[from] Leech Seed|[of] p2a: Ferrothorn\n|-heal|p2a: Ferrothorn|45\/100|[silent]\n|upkeep\n|turn|43\n|\n|t:|1701139532\n|move|p1a: Dragonite|Earthquake|p2a: Ferrothorn\n|-crit|p2a: Ferrothorn\n|-damage|p2a: Ferrothorn|0 fnt\n|faint|p2a: Ferrothorn\n|\n|win|ydm14\n|raw|ydm14's rating: 1389 &rarr; <strong>1411<\/strong><br \/>(+22 for winning)\n|raw|Yeah wynaut's rating: 1420 &rarr; <strong>1398<\/strong><br \/>(-22 for losing)\n|l|\u2606Yeah wynaut\n","uploadtime":1701139539,"views":1,"p1id":"ydm14","p2id":"yeahwynaut","formatid":"gen9nationaldex","rating":1398,"private":0,"password":""}