{"id":"gen9nationaldex-1997221374","p1":"fywoo","p2":"dragapultbestmon","format":"[Gen 9] National Dex","log":"|html|<div class=\"broadcast-blue\"><strong>[Gen 9] National Dex is currently suspecting Sneasler! For information on how to participate check out the <a href=\"https:\/\/www.smogon.com\/forums\/threads\/sv-national-dex-suspect-8-just-dance.3731534\/\">suspect thread<\/a>.<\/strong><\/div>\n|j|\u2606fywoo\n|j|\u2606dragapultbestmon\n|inactive|Battle timer is ON: inactive players will automatically lose when time's up.\n|t:|1700777137\n|gametype|singles\n|player|p1|fywoo|teamrocket|\n|player|p2|dragapultbestmon|raihan|\n|teamsize|p1|6\n|teamsize|p2|6\n|gen|9\n|tier|[Gen 9] National Dex\n|rated|Tournament battle\n|rule|HP Percentage Mod: HP is shown in percentages\n|rule|Endless Battle Clause: Forcing endless battles is banned\n|rule|OHKO Clause: OHKO moves are banned\n|rule|Evasion Clause: Evasion abilities, items, and moves are banned\n|rule|Evasion Abilities Clause: Evasion abilities are banned\n|rule|Evasion Items Clause: Evasion items are banned\n|rule|Evasion Moves Clause: Evasion moves are banned\n|rule|Species Clause: Limit one of each Pok\u00e9mon\n|rule|Sleep Clause Mod: Limit one foe put to sleep\n|clearpoke\n|poke|p1|Dondozo, F|\n|poke|p1|Mew|\n|poke|p1|Alomomola, M|\n|poke|p1|Lopunny, F|\n|poke|p1|Ferrothorn, M|\n|poke|p1|Garganacl, F|\n|poke|p2|Weavile, M|\n|poke|p2|Iron Valiant|\n|poke|p2|Blacephalon|\n|poke|p2|Shuckle, F|\n|poke|p2|Beedrill, F|\n|poke|p2|Kommo-o, F|\n|teampreview\n|inactive|dragapultbestmon also wants the timer to be on.\n|\n|t:|1700777161\n|start\n|switch|p1a: Lopunny|Lopunny, F|100\/100\n|switch|p2a: Blacephalon|Blacephalon|100\/100\n|turn|1\n|\n|t:|1700777174\n|detailschange|p1a: Lopunny|Lopunny-Mega, F\n|-mega|p1a: Lopunny|Lopunny|Lopunnite\n|move|p1a: Lopunny|Fake Out|p2a: Blacephalon\n|-damage|p2a: Blacephalon|52\/100\n|cant|p2a: Blacephalon|flinch\n|\n|upkeep\n|turn|2\n|\n|t:|1700777183\n|move|p1a: Lopunny|Return|p2a: Blacephalon\n|-crit|p2a: Blacephalon\n|-damage|p2a: Blacephalon|0 fnt\n|faint|p2a: Blacephalon\n|\n|upkeep\n|inactive|dragapultbestmon has 120 seconds left.\n|\n|t:|1700777221\n|switch|p2a: Weavile|Weavile, M|100\/100\n|-ability|p2a: Weavile|Pressure\n|turn|3\n|\n|t:|1700777229\n|switch|p1a: Dondozo|Dondozo, F|100\/100\n|switch|p2a: Iron Valiant|Iron Valiant|100\/100\n|\n|upkeep\n|turn|4\n|\n|t:|1700777249\n|switch|p1a: Ferrothorn|Ferrothorn, M|100\/100\n|move|p2a: Iron Valiant|Calm Mind|p2a: Iron Valiant\n|-boost|p2a: Iron Valiant|spa|1\n|-boost|p2a: Iron Valiant|spd|1\n|\n|upkeep\n|turn|5\n|\n|t:|1700777254\n|move|p2a: Iron Valiant|Aura Sphere|p1a: Ferrothorn\n|-supereffective|p1a: Ferrothorn\n|-damage|p1a: Ferrothorn|11\/100\n|move|p1a: Ferrothorn|Leech Seed|p2a: Iron Valiant\n|-start|p2a: Iron Valiant|move: Leech Seed\n|\n|-heal|p1a: Ferrothorn|18\/100|[from] item: Leftovers\n|-damage|p2a: Iron Valiant|88\/100|[from] Leech Seed|[of] p1a: Ferrothorn\n|-heal|p1a: Ferrothorn|28\/100|[silent]\n|upkeep\n|turn|6\n|\n|t:|1700777258\n|-terastallize|p1a: Ferrothorn|Ghost\n|move|p2a: Iron Valiant|Aura Sphere|p1a: Ferrothorn\n|-immune|p1a: Ferrothorn\n|move|p1a: Ferrothorn|Gyro Ball|p2a: Iron Valiant\n|-supereffective|p2a: Iron Valiant\n|-damage|p2a: Iron Valiant|0 fnt\n|faint|p2a: Iron Valiant\n|-end|p2a: Iron Valiant|Quark Drive|[silent]\n|\n|-heal|p1a: Ferrothorn|34\/100|[from] item: Leftovers\n|upkeep\n|\n|t:|1700777265\n|switch|p2a: Beedrill|Beedrill, F|100\/100\n|turn|7\n|\n|t:|1700777268\n|switch|p1a: Dondozo|Dondozo, F|100\/100\n|detailschange|p2a: Beedrill|Beedrill-Mega, F\n|-mega|p2a: Beedrill|Beedrill|Beedrillite\n|move|p2a: Beedrill|Fell Stinger|p1a: Dondozo\n|-damage|p1a: Dondozo|84\/100\n|\n|upkeep\n|turn|8\n|\n|t:|1700777274\n|move|p2a: Beedrill|Knock Off|p1a: Dondozo\n|-damage|p1a: Dondozo|67\/100\n|-enditem|p1a: Dondozo|Heavy-Duty Boots|[from] move: Knock Off|[of] p2a: Beedrill\n|move|p1a: Dondozo|Curse|p1a: Dondozo\n|-unboost|p1a: Dondozo|spe|1\n|-boost|p1a: Dondozo|atk|1\n|-boost|p1a: Dondozo|def|1\n|\n|upkeep\n|turn|9\n|\n|t:|1700777279\n|move|p2a: Beedrill|Poison Jab|p1a: Dondozo\n|-damage|p1a: Dondozo|48\/100\n|move|p1a: Dondozo|Curse|p1a: Dondozo\n|-unboost|p1a: Dondozo|spe|1\n|-boost|p1a: Dondozo|atk|1\n|-boost|p1a: Dondozo|def|1\n|\n|upkeep\n|turn|10\n|\n|t:|1700777282\n|move|p2a: Beedrill|Poison Jab|p1a: Dondozo\n|-damage|p1a: Dondozo|34\/100\n|move|p1a: Dondozo|Curse|p1a: Dondozo\n|-unboost|p1a: Dondozo|spe|1\n|-boost|p1a: Dondozo|atk|1\n|-boost|p1a: Dondozo|def|1\n|\n|upkeep\n|turn|11\n|\n|t:|1700777288\n|move|p2a: Beedrill|Poison Jab|p1a: Dondozo\n|-damage|p1a: Dondozo|23\/100\n|-status|p1a: Dondozo|psn\n|move|p1a: Dondozo|Curse|p1a: Dondozo\n|-unboost|p1a: Dondozo|spe|1\n|-boost|p1a: Dondozo|atk|1\n|-boost|p1a: Dondozo|def|1\n|\n|-damage|p1a: Dondozo|10\/100 psn|[from] psn\n|upkeep\n|turn|12\n|\n|t:|1700777297\n|move|p2a: Beedrill|Fell Stinger|p1a: Dondozo\n|-damage|p1a: Dondozo|4\/100 psn\n|move|p1a: Dondozo|Rest|p1a: Dondozo\n|-status|p1a: Dondozo|slp|[from] move: Rest\n|-heal|p1a: Dondozo|100\/100 slp|[silent]\n|\n|upkeep\n|turn|13\n|\n|t:|1700777303\n|move|p2a: Beedrill|U-turn|p1a: Dondozo\n|-damage|p1a: Dondozo|92\/100 slp\n|\n|t:|1700777306\n|switch|p2a: Kommo-o|Kommo-o, F|100\/100|[from] U-turn\n|cant|p1a: Dondozo|slp\n|move|p1a: Dondozo|Sleep Talk|p1a: Dondozo\n|move|p1a: Dondozo|Rest||[from]move: Sleep Talk|[still]\n|-fail|p1a: Dondozo\n|\n|upkeep\n|turn|14\n|\n|t:|1700777312\n|-zpower|p2a: Kommo-o\n|move|p2a: Kommo-o|Clangorous Soulblaze|p1a: Dondozo|[zeffect]\n|-damage|p1a: Dondozo|31\/100 slp\n|-boost|p2a: Kommo-o|atk|1\n|-boost|p2a: Kommo-o|def|1\n|-boost|p2a: Kommo-o|spa|1\n|-boost|p2a: Kommo-o|spd|1\n|-boost|p2a: Kommo-o|spe|1\n|cant|p1a: Dondozo|slp\n|move|p1a: Dondozo|Sleep Talk|p1a: Dondozo\n|move|p1a: Dondozo|Liquidation|p2a: Kommo-o|[from]move: Sleep Talk\n|-resisted|p2a: Kommo-o\n|-damage|p2a: Kommo-o|60\/100\n|\n|upkeep\n|turn|15\n|\n|t:|1700777323\n|move|p2a: Kommo-o|Drain Punch|p1a: Dondozo\n|-damage|p1a: Dondozo|25\/100 slp\n|-heal|p2a: Kommo-o|65\/100|[from] drain|[of] p1a: Dondozo\n|-curestatus|p1a: Dondozo|slp|[msg]\n|move|p1a: Dondozo|Sleep Talk||[still]\n|-fail|p1a: Dondozo\n|\n|upkeep\n|turn|16\n|\n|t:|1700777329\n|move|p2a: Kommo-o|Drain Punch|p1a: Dondozo\n|-damage|p1a: Dondozo|20\/100\n|-heal|p2a: Kommo-o|70\/100|[from] drain|[of] p1a: Dondozo\n|move|p1a: Dondozo|Rest|p1a: Dondozo\n|-status|p1a: Dondozo|slp|[from] move: Rest\n|-heal|p1a: Dondozo|100\/100 slp|[silent]\n|\n|upkeep\n|turn|17\n|\n|t:|1700777331\n|move|p2a: Kommo-o|Clanging Scales|p1a: Dondozo\n|-damage|p1a: Dondozo|65\/100 slp\n|-unboost|p2a: Kommo-o|def|1\n|cant|p1a: Dondozo|slp\n|move|p1a: Dondozo|Sleep Talk|p1a: Dondozo\n|move|p1a: Dondozo|Curse|p1a: Dondozo|[from]move: Sleep Talk\n|-unboost|p1a: Dondozo|spe|1\n|-boost|p1a: Dondozo|atk|1\n|-boost|p1a: Dondozo|def|1\n|\n|upkeep\n|turn|18\n|\n|t:|1700777339\n|move|p2a: Kommo-o|Clanging Scales|p1a: Dondozo\n|-damage|p1a: Dondozo|26\/100 slp\n|-unboost|p2a: Kommo-o|def|1\n|cant|p1a: Dondozo|slp\n|move|p1a: Dondozo|Sleep Talk|p1a: Dondozo\n|move|p1a: Dondozo|Rest||[from]move: Sleep Talk|[still]\n|-fail|p1a: Dondozo\n|\n|upkeep\n|turn|19\n|\n|t:|1700777346\n|move|p2a: Kommo-o|Clanging Scales|p1a: Dondozo\n|-damage|p1a: Dondozo|0 fnt\n|faint|p1a: Dondozo\n|-unboost|p2a: Kommo-o|def|1\n|\n|upkeep\n|\n|t:|1700777349\n|switch|p1a: Lopunny|Lopunny-Mega, F|100\/100\n|turn|20\n|\n|t:|1700777353\n|move|p1a: Lopunny|Fake Out|p2a: Kommo-o\n|-damage|p2a: Kommo-o|29\/100\n|cant|p2a: Kommo-o|flinch\n|\n|upkeep\n|turn|21\n|\n|t:|1700777373\n|switch|p1a: Ferrothorn|Ferrothorn, M, tera:Ghost|34\/100\n|move|p2a: Kommo-o|Drain Punch|p1a: Ferrothorn\n|-immune|p1a: Ferrothorn\n|\n|-heal|p1a: Ferrothorn|40\/100|[from] item: Leftovers\n|upkeep\n|turn|22\n|\n|t:|1700777378\n|move|p2a: Kommo-o|Fire Punch|p1a: Ferrothorn\n|-damage|p1a: Ferrothorn|18\/100\n|-damage|p2a: Kommo-o|16\/100|[from] ability: Iron Barbs|[of] p1a: Ferrothorn\n|move|p1a: Ferrothorn|Leech Seed|p2a: Kommo-o\n|-start|p2a: Kommo-o|move: Leech Seed\n|\n|-heal|p1a: Ferrothorn|24\/100|[from] item: Leftovers\n|-damage|p2a: Kommo-o|4\/100|[from] Leech Seed|[of] p1a: Ferrothorn\n|-heal|p1a: Ferrothorn|35\/100|[silent]\n|upkeep\n|turn|23\n|\n|t:|1700777382\n|move|p2a: Kommo-o|Poison Jab|p1a: Ferrothorn\n|-resisted|p1a: Ferrothorn\n|-damage|p1a: Ferrothorn|23\/100\n|-damage|p2a: Kommo-o|0 fnt|[from] ability: Iron Barbs|[of] p1a: Ferrothorn\n|faint|p2a: Kommo-o\n|move|p1a: Ferrothorn|Gyro Ball|p2: Kommo-o|[notarget]\n|-fail|p1a: Ferrothorn\n|\n|-heal|p1a: Ferrothorn|29\/100|[from] item: Leftovers\n|upkeep\n|\n|t:|1700777385\n|switch|p2a: Beedrill|Beedrill-Mega, F|100\/100\n|turn|24\n|\n|t:|1700777389\n|move|p2a: Beedrill|Fell Stinger|p1a: Ferrothorn\n|-resisted|p1a: Ferrothorn\n|-damage|p1a: Ferrothorn|16\/100\n|-damage|p2a: Beedrill|88\/100|[from] ability: Iron Barbs|[of] p1a: Ferrothorn\n|move|p1a: Ferrothorn|Leech Seed|p2a: Beedrill\n|-start|p2a: Beedrill|move: Leech Seed\n|\n|-heal|p1a: Ferrothorn|22\/100|[from] item: Leftovers\n|-damage|p2a: Beedrill|75\/100|[from] Leech Seed|[of] p1a: Ferrothorn\n|-heal|p1a: Ferrothorn|32\/100|[silent]\n|upkeep\n|turn|25\n|\n|t:|1700777393\n|move|p2a: Beedrill|Knock Off|p1a: Ferrothorn\n|-supereffective|p1a: Ferrothorn\n|-damage|p1a: Ferrothorn|0 fnt\n|-damage|p2a: Beedrill|63\/100|[from] ability: Iron Barbs|[of] p1a: Ferrothorn\n|-enditem|p1a: Ferrothorn|Leftovers|[from] move: Knock Off|[of] p2a: Beedrill\n|faint|p1a: Ferrothorn\n|\n|upkeep\n|\n|t:|1700777396\n|switch|p1a: Lopunny|Lopunny-Mega, F|100\/100\n|turn|26\n|\n|t:|1700777399\n|switch|p2a: Shuckle|Shuckle, F|100\/100\n|move|p1a: Lopunny|Fake Out|p2a: Shuckle\n|-resisted|p2a: Shuckle\n|-damage|p2a: Shuckle|93\/100\n|-damage|p1a: Lopunny|84\/100|[from] item: Rocky Helmet|[of] p2a: Shuckle\n|\n|upkeep\n|turn|27\n|\n|t:|1700777405\n|switch|p1a: Alomomola|Alomomola, M|100\/100\n|move|p2a: Shuckle|Shell Smash|p2a: Shuckle\n|-boost|p2a: Shuckle|def|1\n|-boost|p2a: Shuckle|spd|1\n|-unboost|p2a: Shuckle|atk|2\n|-unboost|p2a: Shuckle|spa|2\n|-unboost|p2a: Shuckle|spe|2\n|\n|upkeep\n|turn|28\n|\n|t:|1700777410\n|move|p1a: Alomomola|Toxic|p2a: Shuckle|[miss]\n|-miss|p1a: Alomomola|p2a: Shuckle\n|move|p2a: Shuckle|Shell Smash|p2a: Shuckle\n|-boost|p2a: Shuckle|def|1\n|-boost|p2a: Shuckle|spd|1\n|-unboost|p2a: Shuckle|atk|2\n|-unboost|p2a: Shuckle|spa|2\n|-unboost|p2a: Shuckle|spe|2\n|\n|upkeep\n|turn|29\n|\n|t:|1700777414\n|-terastallize|p2a: Shuckle|Steel\n|move|p1a: Alomomola|Toxic|p2a: Shuckle\n|-immune|p2a: Shuckle\n|move|p2a: Shuckle|Shell Smash|p2a: Shuckle\n|-boost|p2a: Shuckle|def|1\n|-boost|p2a: Shuckle|spd|1\n|-unboost|p2a: Shuckle|atk|2\n|-unboost|p2a: Shuckle|spa|2\n|-unboost|p2a: Shuckle|spe|2\n|\n|upkeep\n|turn|30\n|\n|t:|1700777420\n|move|p1a: Alomomola|Flip Turn|p2a: Shuckle\n|-damage|p2a: Shuckle|88\/100\n|-damage|p1a: Alomomola|84\/100|[from] item: Rocky Helmet|[of] p2a: Shuckle\n|\n|t:|1700777422\n|switch|p1a: Garganacl|Garganacl, F|100\/100|[from] Flip Turn\n|move|p2a: Shuckle|Shell Smash|p2a: Shuckle\n|-boost|p2a: Shuckle|def|1\n|-boost|p2a: Shuckle|spd|1\n|-unboost|p2a: Shuckle|atk|0\n|-unboost|p2a: Shuckle|spa|0\n|-unboost|p2a: Shuckle|spe|0\n|\n|upkeep\n|turn|31\n|\n|t:|1700777426\n|move|p1a: Garganacl|Salt Cure|p2a: Shuckle\n|-resisted|p2a: Shuckle\n|-crit|p2a: Shuckle\n|-damage|p2a: Shuckle|80\/100\n|-start|p2a: Shuckle|Salt Cure\n|move|p2a: Shuckle|Stealth Rock|p1a: Garganacl\n|-sidestart|p1: fywoo|move: Stealth Rock\n|\n|-damage|p2a: Shuckle|55\/100|[from] Salt Cure\n|upkeep\n|turn|32\n|\n|t:|1700777433\n|move|p1a: Garganacl|Iron Defense|p1a: Garganacl\n|-boost|p1a: Garganacl|def|2\n|move|p2a: Shuckle|Gyro Ball|p1a: Garganacl\n|-supereffective|p1a: Garganacl\n|-damage|p1a: Garganacl|99\/100\n|\n|-heal|p1a: Garganacl|100\/100|[from] item: Leftovers\n|-damage|p2a: Shuckle|30\/100|[from] Salt Cure\n|upkeep\n|turn|33\n|\n|t:|1700777436\n|move|p1a: Garganacl|Iron Defense|p1a: Garganacl\n|-boost|p1a: Garganacl|def|2\n|move|p2a: Shuckle|Gyro Ball|p1a: Garganacl\n|-supereffective|p1a: Garganacl\n|-damage|p1a: Garganacl|99\/100\n|\n|-heal|p1a: Garganacl|100\/100|[from] item: Leftovers\n|-damage|p2a: Shuckle|5\/100|[from] Salt Cure\n|upkeep\n|turn|34\n|\n|t:|1700777441\n|move|p1a: Garganacl|Iron Defense|p1a: Garganacl\n|-boost|p1a: Garganacl|def|2\n|move|p2a: Shuckle|Sticky Web|p1a: Garganacl\n|-sidestart|p1: fywoo|move: Sticky Web\n|\n|-damage|p2a: Shuckle|0 fnt|[from] Salt Cure\n|faint|p2a: Shuckle\n|upkeep\n|\n|t:|1700777445\n|switch|p2a: Weavile|Weavile, M|100\/100\n|-ability|p2a: Weavile|Pressure\n|turn|35\n|\n|t:|1700777448\n|move|p2a: Weavile|Knock Off|p1a: Garganacl\n|-damage|p1a: Garganacl|89\/100\n|-enditem|p1a: Garganacl|Leftovers|[from] move: Knock Off|[of] p2a: Weavile\n|move|p1a: Garganacl|Body Press|p2a: Weavile\n|-supereffective|p2a: Weavile\n|-damage|p2a: Weavile|0 fnt\n|faint|p2a: Weavile\n|\n|upkeep\n|-message|dragapultbestmon forfeited.\n|\n|win|fywoo\n|n|\u2606fywoo|fywoo\n|n|\u2606dragapultbestmon|dragapultbestmon\n","uploadtime":1700777456,"views":3,"p1id":"fywoo","p2id":"dragapultbestmon","formatid":"gen9nationaldex","rating":0,"private":0,"password":""}