{"id":"gen9nationaldex-1987710917","p1":"LukeJW05","p2":"BackDeckAtClubAqua","format":"[Gen 9] National Dex","log":"|j|\u2606LukeJW05\n|j|\u2606BackDeckAtClubAqua\n|t:|1699629904\n|gametype|singles\n|player|p1|LukeJW05|lucas-gen4pt|1000\n|player|p2|BackDeckAtClubAqua|169|1057\n|teamsize|p1|6\n|teamsize|p2|6\n|gen|9\n|tier|[Gen 9] National Dex\n|rated|\n|rule|HP Percentage Mod: HP is shown in percentages\n|rule|Endless Battle Clause: Forcing endless battles is banned\n|rule|OHKO Clause: OHKO moves are banned\n|rule|Evasion Clause: Evasion abilities, items, and moves are banned\n|rule|Evasion Abilities Clause: Evasion abilities are banned\n|rule|Evasion Items Clause: Evasion items are banned\n|rule|Evasion Moves Clause: Evasion moves are banned\n|rule|Species Clause: Limit one of each Pok\u00e9mon\n|rule|Sleep Clause Mod: Limit one foe put to sleep\n|clearpoke\n|poke|p1|Swampert, M|\n|poke|p1|Krookodile, M|\n|poke|p1|Chandelure, M|\n|poke|p1|Orbeetle, M|\n|poke|p1|Lucario, M|\n|poke|p1|Dipplin, M|\n|poke|p2|Zapdos|\n|poke|p2|Pelipper, F|\n|poke|p2|Cloyster, F|\n|poke|p2|Ferrothorn, F|\n|poke|p2|Scizor, F|\n|poke|p2|Barraskewda, F|\n|teampreview\n|inactive|Battle timer is ON: inactive players will automatically lose when time's up. (requested by LukeJW05)\n|\n|t:|1699629921\n|start\n|switch|p1a: Orbeetle|Orbeetle, M|100\/100\n|switch|p2a: Nigel|Pelipper, F|100\/100\n|-weather|RainDance|[from] ability: Drizzle|[of] p2a: Nigel\n|turn|1\n|\n|t:|1699629951\n|move|p1a: Orbeetle|Sticky Web|p2a: Nigel\n|-sidestart|p2: BackDeckAtClubAqua|move: Sticky Web\n|move|p2a: Nigel|Tailwind|p2a: Nigel\n|-sidestart|p2: BackDeckAtClubAqua|move: Tailwind\n|\n|-weather|RainDance|[upkeep]\n|upkeep\n|turn|2\n|\n|t:|1699629964\n|switch|p1a: Lucario|Lucario, M|100\/100\n|move|p2a: Nigel|Tailwind||[still]\n|-fail|p2a: Nigel\n|\n|-weather|RainDance|[upkeep]\n|upkeep\n|turn|3\n|\n|t:|1699629976\n|switch|p2a: Zap Brannigan|Zapdos|100\/100\n|move|p1a: Lucario|Stone Edge|p2a: Zap Brannigan\n|-supereffective|p2a: Zap Brannigan\n|-damage|p2a: Zap Brannigan|40\/100\n|\n|-weather|RainDance|[upkeep]\n|upkeep\n|turn|4\n|inactive|BackDeckAtClubAqua has 120 seconds left.\n|\n|t:|1699630013\n|switch|p1a: Swampert|Swampert, M|100\/100\n|move|p2a: Zap Brannigan|Weather Ball|p1a: Swampert\n|-damage|p1a: Swampert|54\/100\n|\n|-weather|RainDance|[upkeep]\n|-sideend|p2: BackDeckAtClubAqua|move: Tailwind\n|upkeep\n|turn|5\n|\n|t:|1699630023\n|detailschange|p1a: Swampert|Swampert-Mega, M\n|-mega|p1a: Swampert|Swampert|Swampertite\n|move|p1a: Swampert|Double-Edge|p2a: Zap Brannigan\n|-damage|p2a: Zap Brannigan|0 fnt\n|-status|p1a: Swampert|par|[from] ability: Static|[of] p2a: Zap Brannigan\n|faint|p2a: Zap Brannigan\n|-damage|p1a: Swampert|40\/100 par|[from] Recoil\n|\n|-weather|RainDance|[upkeep]\n|upkeep\n|inactive|BackDeckAtClubAqua has 90 seconds left.\n|\n|t:|1699630045\n|switch|p2a: Robo-Crop|Ferrothorn, F|100\/100\n|-activate|p2a: Robo-Crop|move: Sticky Web\n|-unboost|p2a: Robo-Crop|spe|1\n|turn|6\n|\n|t:|1699630058\n|switch|p1a: Chandelure|Chandelure, M|100\/100\n|move|p2a: Robo-Crop|Leech Seed|p1a: Chandelure\n|-start|p1a: Chandelure|move: Leech Seed\n|\n|-weather|RainDance|[upkeep]\n|-damage|p1a: Chandelure|88\/100|[from] Leech Seed|[of] p2a: Robo-Crop\n|upkeep\n|turn|7\n|\n|t:|1699630076\n|move|p2a: Robo-Crop|Protect|p2a: Robo-Crop\n|-singleturn|p2a: Robo-Crop|Protect\n|move|p1a: Chandelure|Flamethrower|p2a: Robo-Crop\n|-activate|p2a: Robo-Crop|move: Protect\n|\n|-weather|RainDance|[upkeep]\n|-damage|p1a: Chandelure|76\/100|[from] Leech Seed|[of] p2a: Robo-Crop\n|upkeep\n|turn|8\n|inactive|BackDeckAtClubAqua has 90 seconds left.\n|\n|t:|1699630117\n|move|p1a: Chandelure|Flamethrower|p2a: Robo-Crop\n|-supereffective|p2a: Robo-Crop\n|-damage|p2a: Robo-Crop|25\/100\n|-status|p2a: Robo-Crop|brn\n|move|p2a: Robo-Crop|Body Press|p1a: Chandelure\n|-immune|p1a: Chandelure\n|\n|-weather|none\n|-damage|p1a: Chandelure|64\/100|[from] Leech Seed|[of] p2a: Robo-Crop\n|-heal|p2a: Robo-Crop|35\/100 brn|[silent]\n|-damage|p2a: Robo-Crop|28\/100 brn|[from] brn\n|upkeep\n|turn|9\n|\n|t:|1699630129\n|switch|p1a: Swampert|Swampert-Mega, M|40\/100 par\n|move|p2a: Robo-Crop|Protect||[still]\n|-fail|p2a: Robo-Crop\n|\n|-damage|p2a: Robo-Crop|22\/100 brn|[from] brn\n|upkeep\n|turn|10\n|inactive|BackDeckAtClubAqua has 60 seconds left.\n|\n|t:|1699630145\n|move|p2a: Robo-Crop|Protect|p2a: Robo-Crop\n|-singleturn|p2a: Robo-Crop|Protect\n|move|p1a: Swampert|Earthquake|p2a: Robo-Crop\n|-activate|p2a: Robo-Crop|move: Protect\n|\n|-damage|p2a: Robo-Crop|16\/100 brn|[from] brn\n|upkeep\n|turn|11\n|\n|t:|1699630151\n|move|p1a: Swampert|Earthquake|p2a: Robo-Crop\n|-damage|p2a: Robo-Crop|0 fnt\n|faint|p2a: Robo-Crop\n|\n|upkeep\n|\n|t:|1699630155\n|switch|p2a: Nigel|Pelipper, F|100\/100\n|-weather|RainDance|[from] ability: Drizzle|[of] p2a: Nigel\n|turn|12\n|\n|t:|1699630167\n|cant|p1a: Swampert|par\n|move|p2a: Nigel|Defog|p1a: Swampert\n|-unboost|p1a: Swampert|evasion|1\n|-sideend|p2: BackDeckAtClubAqua|Sticky Web|[from] move: Defog|[of] p2a: Nigel\n|\n|-weather|RainDance|[upkeep]\n|upkeep\n|turn|13\n|\n|t:|1699630174\n|move|p1a: Swampert|Double-Edge|p2a: Nigel\n|-damage|p2a: Nigel|64\/100\n|-damage|p1a: Swampert|28\/100 par|[from] Recoil\n|move|p2a: Nigel|Tailwind|p2a: Nigel\n|-sidestart|p2: BackDeckAtClubAqua|move: Tailwind\n|\n|-weather|RainDance|[upkeep]\n|upkeep\n|turn|14\n|\n|t:|1699630195\n|switch|p2a: Ann Wilson|Barraskewda, F|100\/100\n|move|p1a: Swampert|Double-Edge|p2a: Ann Wilson\n|-damage|p2a: Ann Wilson|4\/100\n|-damage|p1a: Swampert|4\/100 par|[from] Recoil\n|\n|-weather|RainDance|[upkeep]\n|upkeep\n|turn|15\n|\n|t:|1699630204\n|move|p2a: Ann Wilson|Psychic Fangs|p1a: Swampert\n|-damage|p1a: Swampert|0 fnt\n|faint|p1a: Swampert\n|\n|-weather|RainDance|[upkeep]\n|upkeep\n|\n|t:|1699630215\n|switch|p1a: Lucario|Lucario, M|100\/100\n|turn|16\n|\n|t:|1699630242\n|move|p1a: Lucario|Bullet Punch|p2a: Ann Wilson\n|-resisted|p2a: Ann Wilson\n|-damage|p2a: Ann Wilson|0 fnt\n|faint|p2a: Ann Wilson\n|\n|-weather|RainDance|[upkeep]\n|-sideend|p2: BackDeckAtClubAqua|move: Tailwind\n|upkeep\n|inactive|BackDeckAtClubAqua has 60 seconds left.\n|\n|t:|1699630253\n|switch|p2a: Rock Paper|Scizor, F|100\/100\n|turn|17\n|\n|t:|1699630262\n|move|p1a: Lucario|Close Combat|p2a: Rock Paper\n|-damage|p2a: Rock Paper|45\/100\n|-unboost|p1a: Lucario|def|1\n|-unboost|p1a: Lucario|spd|1\n|move|p2a: Rock Paper|Swords Dance|p2a: Rock Paper\n|-boost|p2a: Rock Paper|atk|2\n|\n|-weather|RainDance|[upkeep]\n|-heal|p2a: Rock Paper|51\/100|[from] item: Leftovers\n|upkeep\n|turn|18\n|\n|t:|1699630272\n|move|p2a: Rock Paper|Bullet Punch|p1a: Lucario\n|-resisted|p1a: Lucario\n|-damage|p1a: Lucario|16\/100\n|move|p1a: Lucario|Close Combat|p2a: Rock Paper\n|-damage|p2a: Rock Paper|0 fnt\n|-unboost|p1a: Lucario|def|1\n|-unboost|p1a: Lucario|spd|1\n|faint|p2a: Rock Paper\n|\n|-weather|RainDance|[upkeep]\n|upkeep\n|\n|t:|1699630283\n|switch|p2a: The World|Cloyster, F|100\/100\n|turn|19\n|\n|t:|1699630291\n|move|p1a: Lucario|Close Combat|p2a: The World\n|-supereffective|p2a: The World\n|-damage|p2a: The World|5\/100\n|-unboost|p1a: Lucario|def|1\n|-unboost|p1a: Lucario|spd|1\n|move|p2a: The World|Shell Smash|p2a: The World\n|-unboost|p2a: The World|def|1\n|-unboost|p2a: The World|spd|1\n|-boost|p2a: The World|atk|2\n|-boost|p2a: The World|spa|2\n|-boost|p2a: The World|spe|2\n|\n|-weather|none\n|upkeep\n|turn|20\n|\n|t:|1699630315\n|move|p1a: Lucario|Bullet Punch|p2a: The World\n|-damage|p2a: The World|0 fnt\n|faint|p2a: The World\n|\n|upkeep\n|-message|BackDeckAtClubAqua forfeited.\n|\n|win|LukeJW05\n|raw|LukeJW05's rating: 1000 &rarr; <strong>1047<\/strong><br \/>(+47 for winning)\n|raw|BackDeckAtClubAqua's rating: 1057 &rarr; <strong>1035<\/strong><br \/>(-22 for losing)\n|l|\u2606BackDeckAtClubAqua\n","uploadtime":1699630326,"views":5,"p1id":"lukejw05","p2id":"backdeckatclubaqua","formatid":"gen9nationaldex","rating":1035,"private":0,"password":""}