{"id":"gen9nationaldex-1996610744","p1":"TheMuj","p2":"ayyyy mah dude","format":"[Gen 9] National Dex","log":"|html|<div class=\"broadcast-blue\"><strong>[Gen 9] National Dex is currently suspecting Sneasler! For information on how to participate check out the <a href=\"https:\/\/www.smogon.com\/forums\/threads\/sv-national-dex-suspect-8-just-dance.3731534\/\">suspect thread<\/a>.<\/strong><\/div>\n|j|\u2606TheMuj\n|j|\u2606ayyyy mah dude\n|t:|1700700355\n|gametype|singles\n|player|p1|TheMuj|steven|1195\n|player|p2|ayyyy mah dude|palmer|1241\n|teamsize|p1|6\n|teamsize|p2|6\n|gen|9\n|tier|[Gen 9] National Dex\n|rated|\n|rule|HP Percentage Mod: HP is shown in percentages\n|rule|Endless Battle Clause: Forcing endless battles is banned\n|rule|OHKO Clause: OHKO moves are banned\n|rule|Evasion Clause: Evasion abilities, items, and moves are banned\n|rule|Evasion Abilities Clause: Evasion abilities are banned\n|rule|Evasion Items Clause: Evasion items are banned\n|rule|Evasion Moves Clause: Evasion moves are banned\n|rule|Species Clause: Limit one of each Pok\u00e9mon\n|rule|Sleep Clause Mod: Limit one foe put to sleep\n|clearpoke\n|poke|p1|Beedrill, M|\n|poke|p1|Iron Moth|\n|poke|p1|Dracozolt|\n|poke|p1|Great Tusk|\n|poke|p1|Sneasler, F|\n|poke|p1|Iron Valiant|\n|poke|p2|Landorus-Therian, M|\n|poke|p2|Rotom-Wash|\n|poke|p2|Heatran, M|\n|poke|p2|Iron Valiant|\n|poke|p2|Kartana|\n|poke|p2|Dragonite, F|\n|teampreview\n|inactive|Battle timer is ON: inactive players will automatically lose when time's up. (requested by TheMuj)\n|\n|t:|1700700360\n|start\n|switch|p1a: Dracozolt|Dracozolt|100\/100\n|switch|p2a: Landorus|Landorus-Therian, M|100\/100\n|-ability|p2a: Landorus|Intimidate|boost\n|-unboost|p1a: Dracozolt|atk|1\n|turn|1\n|\n|t:|1700700373\n|move|p2a: Landorus|Earthquake|p1a: Dracozolt\n|-supereffective|p1a: Dracozolt\n|-damage|p1a: Dracozolt|0 fnt\n|faint|p1a: Dracozolt\n|\n|upkeep\n|\n|t:|1700700377\n|switch|p1a: Great Tusk|Great Tusk|100\/100\n|-enditem|p1a: Great Tusk|Booster Energy\n|-activate|p1a: Great Tusk|ability: Protosynthesis|[fromitem]\n|-start|p1a: Great Tusk|protosynthesisatk\n|turn|2\n|\n|t:|1700700382\n|switch|p2a: Rotom|Rotom-Wash|100\/100\n|move|p1a: Great Tusk|Ice Spinner|p2a: Rotom\n|-resisted|p2a: Rotom\n|-damage|p2a: Rotom|81\/100\n|\n|-heal|p2a: Rotom|88\/100|[from] item: Leftovers\n|upkeep\n|turn|3\n|\n|t:|1700700398\n|move|p1a: Great Tusk|Close Combat|p2a: Rotom\n|-damage|p2a: Rotom|10\/100\n|-unboost|p1a: Great Tusk|def|1\n|-unboost|p1a: Great Tusk|spd|1\n|move|p2a: Rotom|Will-O-Wisp|p1a: Great Tusk\n|-status|p1a: Great Tusk|brn\n|\n|-heal|p2a: Rotom|17\/100|[from] item: Leftovers\n|-damage|p1a: Great Tusk|94\/100 brn|[from] brn\n|upkeep\n|turn|4\n|\n|t:|1700700413\n|switch|p2a: Landorus|Landorus-Therian, M|100\/100\n|-ability|p2a: Landorus|Intimidate|boost\n|-unboost|p1a: Great Tusk|atk|1\n|move|p1a: Great Tusk|Rapid Spin|p2a: Landorus\n|-damage|p2a: Landorus|92\/100\n|-boost|p1a: Great Tusk|spe|1\n|\n|-damage|p1a: Great Tusk|88\/100 brn|[from] brn\n|upkeep\n|turn|5\n|\n|t:|1700700440\n|move|p2a: Landorus|Earthquake|p1a: Great Tusk\n|-damage|p1a: Great Tusk|26\/100 brn\n|move|p1a: Great Tusk|Ice Spinner|p2a: Landorus\n|-supereffective|p2a: Landorus\n|-damage|p2a: Landorus|36\/100\n|\n|-damage|p1a: Great Tusk|20\/100 brn|[from] brn\n|upkeep\n|turn|6\n|\n|t:|1700700462\n|move|p2a: Landorus|Earthquake|p1a: Great Tusk\n|-damage|p1a: Great Tusk|0 fnt\n|faint|p1a: Great Tusk\n|-end|p1a: Great Tusk|Protosynthesis|[silent]\n|\n|upkeep\n|\n|t:|1700700470\n|switch|p1a: Iron Valiant|Iron Valiant|100\/100\n|-enditem|p1a: Iron Valiant|Booster Energy\n|-activate|p1a: Iron Valiant|ability: Quark Drive|[fromitem]\n|-start|p1a: Iron Valiant|quarkdrivespe\n|turn|7\n|\n|t:|1700700477\n|switch|p2a: Rotom|Rotom-Wash|17\/100\n|move|p1a: Iron Valiant|Moonblast|p2a: Rotom\n|-damage|p2a: Rotom|0 fnt\n|faint|p2a: Rotom\n|\n|upkeep\n|\n|t:|1700700484\n|switch|p2a: Heatran|Heatran, M|100\/100\n|-item|p2a: Heatran|Air Balloon\n|turn|8\n|\n|t:|1700700509\n|move|p1a: Iron Valiant|Focus Blast|p2a: Heatran\n|-supereffective|p2a: Heatran\n|-damage|p2a: Heatran|24\/100\n|-enditem|p2a: Heatran|Air Balloon\n|move|p2a: Heatran|Magma Storm|p1a: Iron Valiant\n|-damage|p1a: Iron Valiant|29\/100\n|-activate|p1a: Iron Valiant|move: Magma Storm|[of] p2a: Heatran\n|\n|-damage|p1a: Iron Valiant|16\/100|[from] move: Magma Storm|[partiallytrapped]\n|upkeep\n|turn|9\n|\n|t:|1700700536\n|move|p1a: Iron Valiant|Focus Blast|p2a: Heatran\n|-supereffective|p2a: Heatran\n|-damage|p2a: Heatran|0 fnt\n|faint|p2a: Heatran\n|\n|-end|p1a: Iron Valiant|Magma Storm|[partiallytrapped]|[silent]\n|upkeep\n|\n|t:|1700700540\n|switch|p2a: Dragonite|Dragonite, F|100\/100\n|turn|10\n|\n|t:|1700700562\n|move|p2a: Dragonite|Extreme Speed|p1a: Iron Valiant\n|-damage|p1a: Iron Valiant|0 fnt\n|faint|p1a: Iron Valiant\n|-end|p1a: Iron Valiant|Quark Drive|[silent]\n|\n|upkeep\n|\n|t:|1700700568\n|switch|p1a: Iron Moth|Iron Moth|100\/100\n|-enditem|p1a: Iron Moth|Booster Energy\n|-activate|p1a: Iron Moth|ability: Quark Drive|[fromitem]\n|-start|p1a: Iron Moth|quarkdrivespa\n|turn|11\n|\n|t:|1700700574\n|-terastallize|p1a: Iron Moth|Flying\n|move|p1a: Iron Moth|Fiery Dance|p2a: Dragonite\n|-resisted|p2a: Dragonite\n|-damage|p2a: Dragonite|87\/100\n|move|p2a: Dragonite|Earthquake|p1a: Iron Moth\n|-immune|p1a: Iron Moth\n|\n|upkeep\n|turn|12\n|\n|t:|1700700582\n|move|p2a: Dragonite|Extreme Speed|p1a: Iron Moth\n|-damage|p1a: Iron Moth|54\/100\n|move|p1a: Iron Moth|Sludge Wave|p2a: Dragonite\n|-crit|p2a: Dragonite\n|-damage|p2a: Dragonite|0 fnt\n|faint|p2a: Dragonite\n|\n|upkeep\n|c|\u2606TheMuj|oop\n|c|\u2606TheMuj|s\n|inactive|ayyyy mah dude has 120 seconds left.\n|\n|t:|1700700619\n|switch|p2a: Kartana|Kartana|100\/100\n|turn|13\n|\n|t:|1700700624\n|move|p2a: Kartana|Knock Off|p1a: Iron Moth\n|-damage|p1a: Iron Moth|2\/100\n|move|p1a: Iron Moth|Fiery Dance|p2a: Kartana\n|-supereffective|p2a: Kartana\n|-damage|p2a: Kartana|0 fnt\n|faint|p2a: Kartana\n|\n|upkeep\n|c|\u2606TheMuj|oops\n|l|\u2606ayyyy mah dude\n|inactive|ayyyy mah dude disconnected and has a minute to reconnect!\n|player|p2|\n|inactive|ayyyy mah dude has 30 seconds to reconnect!\n|inactive|ayyyy mah dude has 20 seconds to reconnect!\n|inactive|ayyyy mah dude has 15 seconds to reconnect!\n|inactive|ayyyy mah dude has 10 seconds to reconnect!\n|inactive|ayyyy mah dude has 5 seconds to reconnect!\n|-message|ayyyy mah dude lost due to inactivity.\n|\n|win|TheMuj\n|raw|TheMuj's rating: 1195 &rarr; <strong>1223<\/strong><br \/>(+28 for winning)\n|raw|ayyyy mah dude's rating: 1241 &rarr; <strong>1213<\/strong><br \/>(-28 for losing)\n","uploadtime":1700700695,"views":2,"p1id":"themuj","p2id":"ayyyymahdude","formatid":"gen9nationaldex","rating":1213,"private":0,"password":""}