{"id":"gen9nationaldex-1998775456","p1":"Sleepinghhxh","p2":"rja89","format":"[Gen 9] National Dex","log":"|html|<div class=\"broadcast-blue\"><strong>[Gen 9] National Dex is currently suspecting Sneasler! For information on how to participate check out the <a href=\"https:\/\/www.smogon.com\/forums\/threads\/sv-national-dex-suspect-8-just-dance.3731534\/\">suspect thread<\/a>.<\/strong><\/div>\n|j|\u2606Sleepinghhxh\n|j|\u2606rja89\n|t:|1700988306\n|gametype|singles\n|player|p1|Sleepinghhxh|penny|1183\n|player|p2|rja89|102|1230\n|teamsize|p1|6\n|teamsize|p2|6\n|gen|9\n|tier|[Gen 9] National Dex\n|rated|\n|rule|HP Percentage Mod: HP is shown in percentages\n|rule|Endless Battle Clause: Forcing endless battles is banned\n|rule|OHKO Clause: OHKO moves are banned\n|rule|Evasion Clause: Evasion abilities, items, and moves are banned\n|rule|Evasion Abilities Clause: Evasion abilities are banned\n|rule|Evasion Items Clause: Evasion items are banned\n|rule|Evasion Moves Clause: Evasion moves are banned\n|rule|Species Clause: Limit one of each Pok\u00e9mon\n|rule|Sleep Clause Mod: Limit one foe put to sleep\n|clearpoke\n|poke|p1|Zamazenta-*|\n|poke|p1|Zapdos|\n|poke|p1|Ceruledge, F|\n|poke|p1|Bisharp, F|\n|poke|p1|Ogerpon-Wellspring, F|\n|poke|p1|Banette, M|\n|poke|p2|Absol, M|\n|poke|p2|Zapdos|\n|poke|p2|Ceruledge, M|\n|poke|p2|Azumarill, M|\n|poke|p2|Flygon, M|\n|poke|p2|Umbreon, F|\n|teampreview\n|c|\u2606Sleepinghhxh|hf\n|\n|t:|1700988320\n|start\n|switch|p1a: Banette|Banette, M|100\/100\n|switch|p2a: Estarossa|Absol, M|100\/100\n|-item|p2a: Estarossa|Absolite|[from] ability: Frisk|[of] p1a: Banette|[identify]\n|turn|1\n|inactive|Battle timer is ON: inactive players will automatically lose when time's up. (requested by Sleepinghhxh)\n|\n|t:|1700988330\n|detailschange|p2a: Estarossa|Absol-Mega, M\n|-mega|p2a: Estarossa|Absol|Absolite\n|detailschange|p1a: Banette|Banette-Mega, M\n|-mega|p1a: Banette|Banette|Banettite\n|move|p1a: Banette|Destiny Bond|p1a: Banette\n|-singlemove|p1a: Banette|Destiny Bond\n|move|p2a: Estarossa|Knock Off|p1a: Banette\n|-supereffective|p1a: Banette\n|-damage|p1a: Banette|16\/100\n|\n|upkeep\n|turn|2\n|\n|t:|1700988344\n|switch|p2a: Ring|Umbreon, F|100\/100\n|move|p1a: Banette|Poltergeist|p2a: Ring\n|-activate|p2a: Ring|move: Poltergeist|Leftovers\n|-resisted|p2a: Ring\n|-damage|p2a: Ring|72\/100\n|\n|-heal|p2a: Ring|78\/100|[from] item: Leftovers\n|upkeep\n|turn|3\n|\n|t:|1700988357\n|switch|p1a: Bisharp|Bisharp, F, shiny|100\/100\n|move|p2a: Ring|Wish|p2a: Ring\n|\n|-heal|p2a: Ring|84\/100|[from] item: Leftovers\n|upkeep\n|turn|4\n|\n|t:|1700988368\n|move|p1a: Bisharp|Swords Dance|p1a: Bisharp\n|-boost|p1a: Bisharp|atk|2\n|move|p2a: Ring|Foul Play|p1a: Bisharp\n|-resisted|p1a: Bisharp\n|-damage|p1a: Bisharp|64\/100\n|\n|-heal|p2a: Ring|100\/100|[from] move: Wish|[wisher] Ring\n|upkeep\n|turn|5\n|inactive|rja89 has 120 seconds left.\n|inactive|rja89 has 90 seconds left.\n|\n|t:|1700988428\n|switch|p2a: Zapdos|Zapdos|100\/100\n|-terastallize|p1a: Bisharp|Fairy\n|move|p1a: Bisharp|Tera Blast|p2a: Zapdos|[anim] Tera Blast Fairy\n|-damage|p2a: Zapdos|36\/100\n|\n|upkeep\n|turn|6\n|inactive|rja89 has 90 seconds left.\n|\n|t:|1700988452\n|move|p1a: Bisharp|Sucker Punch||[still]\n|-fail|p1a: Bisharp\n|move|p2a: Zapdos|Roost|p2a: Zapdos\n|-heal|p2a: Zapdos|86\/100\n|-singleturn|p2a: Zapdos|move: Roost\n|\n|upkeep\n|turn|7\n|\n|t:|1700988459\n|move|p2a: Zapdos|Volt Switch|p1a: Bisharp\n|-damage|p1a: Bisharp|36\/100\n|\n|t:|1700988469\n|switch|p2a: Azula|Azumarill, M|100\/100|[from] Volt Switch\n|move|p1a: Bisharp|Knock Off|p2a: Azula\n|-resisted|p2a: Azula\n|-damage|p2a: Azula|64\/100\n|\n|upkeep\n|turn|8\n|\n|t:|1700988478\n|switch|p2a: Zapdos|Zapdos|86\/100\n|move|p1a: Bisharp|Tera Blast|p2a: Zapdos|[anim] Tera Blast Fairy\n|-damage|p2a: Zapdos|21\/100\n|\n|upkeep\n|turn|9\n|\n|t:|1700988484\n|move|p2a: Zapdos|Roost|p2a: Zapdos\n|-heal|p2a: Zapdos|71\/100\n|-singleturn|p2a: Zapdos|move: Roost\n|move|p1a: Bisharp|Knock Off|p2a: Zapdos\n|-damage|p2a: Zapdos|0 fnt\n|-damage|p1a: Bisharp|20\/100|[from] item: Rocky Helmet|[of] p2a: Zapdos\n|-enditem|p2a: Zapdos|Rocky Helmet|[from] move: Knock Off|[of] p1a: Bisharp\n|faint|p2a: Zapdos\n|\n|upkeep\n|\n|t:|1700988495\n|switch|p2a: Tempest|Flygon, M|100\/100\n|turn|10\n|\n|t:|1700988501\n|-terastallize|p2a: Tempest|Steel\n|move|p1a: Bisharp|Sucker Punch||[still]\n|-fail|p1a: Bisharp\n|move|p2a: Tempest|Dragon Dance|p2a: Tempest\n|-boost|p2a: Tempest|atk|1\n|-boost|p2a: Tempest|spe|1\n|\n|upkeep\n|turn|11\n|\n|t:|1700988510\n|move|p1a: Bisharp|Sucker Punch|p2a: Tempest\n|-damage|p2a: Tempest|0 fnt\n|faint|p2a: Tempest\n|\n|upkeep\n|\n|t:|1700988526\n|switch|p2a: Azula|Azumarill, M|64\/100\n|turn|12\n|\n|t:|1700988533\n|move|p2a: Azula|Aqua Jet|p1a: Bisharp\n|-damage|p1a: Bisharp|2\/100\n|move|p1a: Bisharp|Tera Blast|p2a: Azula|[anim] Tera Blast Fairy\n|-damage|p2a: Azula|0 fnt\n|faint|p2a: Azula\n|\n|upkeep\n|\n|t:|1700988552\n|switch|p2a: Estarossa|Absol-Mega, M|100\/100\n|turn|13\n|-message|rja89 forfeited.\n|\n|win|Sleepinghhxh\n|raw|Sleepinghhxh's rating: 1183 &rarr; <strong>1211<\/strong><br \/>(+28 for winning)\n|raw|rja89's rating: 1230 &rarr; <strong>1202<\/strong><br \/>(-28 for losing)\n|l|\u2606rja89\n","uploadtime":1700988576,"views":1,"p1id":"sleepinghhxh","p2id":"rja89","formatid":"gen9nationaldex","rating":1202,"private":0,"password":""}