{"id":"gen9nationaldex-1994383611","p1":"NotASwiftie","p2":"NotAmazingYT","format":"[Gen 9] National Dex","log":"|j|\u2606NotASwiftie\n|j|\u2606NotAmazingYT\n|t:|1700437679\n|gametype|singles\n|player|p1|NotASwiftie|serena-masters3|1185\n|player|p2|NotAmazingYT|cynthia-gen4|1293\n|teamsize|p1|6\n|teamsize|p2|6\n|gen|9\n|tier|[Gen 9] National Dex\n|rated|\n|rule|HP Percentage Mod: HP is shown in percentages\n|rule|Endless Battle Clause: Forcing endless battles is banned\n|rule|OHKO Clause: OHKO moves are banned\n|rule|Evasion Clause: Evasion abilities, items, and moves are banned\n|rule|Evasion Abilities Clause: Evasion abilities are banned\n|rule|Evasion Items Clause: Evasion items are banned\n|rule|Evasion Moves Clause: Evasion moves are banned\n|rule|Species Clause: Limit one of each Pok\u00e9mon\n|rule|Sleep Clause Mod: Limit one foe put to sleep\n|clearpoke\n|poke|p1|Volcarona, M|\n|poke|p1|Alomomola, M|\n|poke|p1|Aegislash, M|\n|poke|p1|Diancie|\n|poke|p1|Landorus-Therian, M|\n|poke|p1|Rotom-Wash|\n|poke|p2|Garchomp, F|\n|poke|p2|Gliscor, M|\n|poke|p2|Heatran, M|\n|poke|p2|Manaphy|\n|poke|p2|Zoroark-Hisui, M|\n|poke|p2|Weavile, M|\n|teampreview\n|\n|t:|1700437705\n|start\n|switch|p1a: Diancie|Diancie, shiny|100\/100\n|switch|p2a: DeepDish|Heatran, M|100\/100\n|turn|1\n|\n|t:|1700437723\n|switch|p1a: Alomomola|Alomomola, M|100\/100\n|move|p2a: DeepDish|Magma Storm|p1a: Alomomola\n|-resisted|p1a: Alomomola\n|-crit|p1a: Alomomola\n|-damage|p1a: Alomomola|70\/100\n|-activate|p1a: Alomomola|move: Magma Storm|[of] p2a: DeepDish\n|\n|-heal|p1a: Alomomola|76\/100|[from] item: Leftovers\n|-damage|p1a: Alomomola|64\/100|[from] move: Magma Storm|[partiallytrapped]\n|upkeep\n|turn|2\n|\n|t:|1700437734\n|move|p2a: DeepDish|Taunt|p1a: Alomomola\n|-start|p1a: Alomomola|move: Taunt\n|move|p1a: Alomomola|Flip Turn|p2a: DeepDish\n|-supereffective|p2a: DeepDish\n|-damage|p2a: DeepDish|69\/100\n|\n|t:|1700437750\n|switch|p1a: Landorus|Landorus-Therian, M|100\/100|[from] Flip Turn\n|-ability|p1a: Landorus|Intimidate|boost\n|-unboost|p2a: DeepDish|atk|1\n|\n|-heal|p2a: DeepDish|76\/100|[from] item: Leftovers\n|upkeep\n|turn|3\n|inactive|Battle timer is ON: inactive players will automatically lose when time's up. (requested by NotASwiftie)\n|\n|t:|1700437761\n|switch|p2a: Twilight|Gliscor, M|100\/100\n|move|p1a: Landorus|Earthquake|p2a: Twilight\n|-immune|p2a: Twilight\n|\n|-status|p2a: Twilight|tox|[from] item: Toxic Orb\n|upkeep\n|turn|4\n|inactive|NotASwiftie has 120 seconds left.\n|\n|t:|1700437795\n|switch|p1a: Rotom|Rotom-Wash|100\/100\n|move|p2a: Twilight|Toxic|p1a: Rotom\n|-status|p1a: Rotom|tox\n|\n|-damage|p1a: Rotom|94\/100 tox|[from] psn\n|upkeep\n|turn|5\n|\n|t:|1700437804\n|switch|p2a: Gummis|Manaphy|100\/100\n|move|p1a: Rotom|Hydro Pump|p2a: Gummis\n|-resisted|p2a: Gummis\n|-damage|p2a: Gummis|84\/100\n|\n|-heal|p1a: Rotom|100\/100 tox|[from] item: Leftovers\n|-damage|p1a: Rotom|88\/100 tox|[from] psn\n|upkeep\n|turn|6\n|\n|t:|1700437819\n|switch|p2a: Cynthia|Garchomp, F|100\/100\n|switch|p1a: Alomomola|Alomomola, M|97\/100\n|\n|-heal|p1a: Alomomola|100\/100|[from] item: Leftovers\n|upkeep\n|turn|7\n|\n|t:|1700437835\n|switch|p2a: Gummis|Manaphy|84\/100\n|move|p1a: Alomomola|Toxic|p2a: Gummis\n|-status|p2a: Gummis|tox\n|\n|-damage|p2a: Gummis|78\/100 tox|[from] psn\n|upkeep\n|turn|8\n|\n|t:|1700437847\n|switch|p1a: Rotom|Rotom-Wash|88\/100 tox\n|move|p2a: Gummis|Tail Glow|p2a: Gummis\n|-boost|p2a: Gummis|spa|3\n|\n|-heal|p1a: Rotom|94\/100 tox|[from] item: Leftovers\n|-damage|p2a: Gummis|66\/100 tox|[from] psn\n|-damage|p1a: Rotom|88\/100 tox|[from] psn\n|upkeep\n|turn|9\n|\n|t:|1700437857\n|-terastallize|p2a: Gummis|Grass\n|move|p2a: Gummis|Energy Ball|p1a: Rotom\n|-supereffective|p1a: Rotom\n|-damage|p1a: Rotom|0 fnt\n|faint|p1a: Rotom\n|\n|-damage|p2a: Gummis|47\/100 tox|[from] psn\n|upkeep\n|inactive|NotASwiftie has 120 seconds left.\n|\n|t:|1700437876\n|switch|p1a: Alomomola|Alomomola, M|100\/100\n|turn|10\n|inactive|NotASwiftie has 120 seconds left.\n|\n|t:|1700437900\n|-terastallize|p1a: Alomomola|Dragon\n|move|p2a: Gummis|Energy Ball|p1a: Alomomola\n|-resisted|p1a: Alomomola\n|-damage|p1a: Alomomola|64\/100\n|move|p1a: Alomomola|Wish|p1a: Alomomola\n|\n|-heal|p1a: Alomomola|70\/100|[from] item: Leftovers\n|-damage|p2a: Gummis|22\/100 tox|[from] psn\n|upkeep\n|-enditem|p2a: Gummis|Salac Berry|[eat]\n|-boost|p2a: Gummis|spe|1|[from] item: Salac Berry\n|turn|11\n|\n|t:|1700437911\n|move|p1a: Alomomola|Protect|p1a: Alomomola\n|-singleturn|p1a: Alomomola|Protect\n|move|p2a: Gummis|Dazzling Gleam|p1a: Alomomola\n|-activate|p1a: Alomomola|move: Protect\n|\n|-heal|p1a: Alomomola|100\/100|[from] move: Wish|[wisher] Alomomola\n|-damage|p2a: Gummis|0 fnt|[from] psn\n|faint|p2a: Gummis\n|upkeep\n|\n|t:|1700437934\n|switch|p2a: Cyrus|Weavile, M|100\/100\n|-ability|p2a: Cyrus|Pressure\n|turn|12\n|inactive|NotASwiftie has 120 seconds left.\n|\n|t:|1700437944\n|switch|p1a: Aegislash|Aegislash, M|100\/100\n|move|p2a: Cyrus|Triple Axel|p1a: Aegislash\n|-resisted|p1a: Aegislash\n|-damage|p1a: Aegislash|95\/100\n|-resisted|p1a: Aegislash\n|-damage|p1a: Aegislash|83\/100\n|-resisted|p1a: Aegislash\n|-damage|p1a: Aegislash|66\/100\n|-hitcount|p1a: Aegislash|3\n|\n|-heal|p1a: Aegislash|72\/100|[from] item: Leftovers\n|upkeep\n|turn|13\n|\n|t:|1700437953\n|switch|p2a: Twilight|Gliscor, M|100\/100 tox\n|move|p1a: Aegislash|King's Shield||[still]\n|-fail|p1a: Aegislash\n|\n|-heal|p1a: Aegislash|79\/100|[from] item: Leftovers\n|upkeep\n|turn|14\n|\n|t:|1700437962\n|move|p2a: Twilight|Earthquake|p1a: Aegislash\n|-supereffective|p1a: Aegislash\n|-damage|p1a: Aegislash|29\/100\n|-formechange|p1a: Aegislash|Aegislash-Blade||[from] ability: Stance Change\n|move|p1a: Aegislash|Shadow Ball|p2a: Twilight\n|-damage|p2a: Twilight|38\/100 tox\n|-unboost|p2a: Twilight|spd|1\n|\n|-heal|p1a: Aegislash|35\/100|[from] item: Leftovers\n|-heal|p2a: Twilight|51\/100 tox|[from] ability: Poison Heal\n|upkeep\n|turn|15\n|\n|t:|1700437974\n|switch|p2a: Twilight|Gliscor, M|100\/100\n|switch|p1a: Landorus|Landorus-Therian, M|100\/100\n|-ability|p1a: Landorus|Intimidate|boost\n|-unboost|p2a: Twilight|atk|1\n|\n|upkeep\n|turn|16\n|\n|t:|1700438003\n|switch|p2a: DeepDish|Heatran, M|76\/100\n|move|p1a: Landorus|Earthquake|p2a: DeepDish\n|-supereffective|p2a: DeepDish\n|-damage|p2a: DeepDish|0 fnt\n|faint|p2a: DeepDish\n|\n|upkeep\n|inactive|NotAmazingYT has 120 seconds left.\n|\n|t:|1700438021\n|switch|p2a: Cyrus|Weavile, M|100\/100\n|-ability|p2a: Cyrus|Pressure\n|turn|17\n|inactive|NotASwiftie has 120 seconds left.\n|\n|t:|1700438046\n|switch|p1a: Diancie|Diancie, shiny|100\/100\n|move|p2a: Cyrus|Triple Axel|p1a: Diancie\n|-damage|p1a: Diancie|86\/100\n|-damage|p1a: Diancie|59\/100\n|-damage|p1a: Diancie|18\/100\n|-hitcount|p1a: Diancie|3\n|\n|upkeep\n|turn|18\n|inactive|NotASwiftie has 120 seconds left.\n|\n|t:|1700438071\n|move|p2a: Cyrus|Triple Axel|p1a: Diancie\n|-damage|p1a: Diancie|1\/100\n|-damage|p1a: Diancie|0 fnt\n|faint|p1a: Diancie\n|-hitcount|p1: Diancie|2\n|\n|upkeep\n|\n|t:|1700438085\n|switch|p1a: Aegislash|Aegislash, M|35\/100\n|turn|19\n|\n|t:|1700438091\n|move|p1a: Aegislash|King's Shield|p1a: Aegislash\n|-singleturn|p1a: Aegislash|Protect\n|move|p2a: Cyrus|Triple Axel|p1a: Aegislash\n|-activate|p1a: Aegislash|move: Protect\n|-unboost|p2a: Cyrus|atk|1\n|\n|-heal|p1a: Aegislash|41\/100|[from] item: Leftovers\n|upkeep\n|turn|20\n|\n|t:|1700438104\n|switch|p2a: Cynthia|Garchomp, F|100\/100\n|switch|p1a: Alomomola|Alomomola, M, tera:Dragon|100\/100\n|\n|upkeep\n|turn|21\n|\n|t:|1700438116\n|detailschange|p2a: Cynthia|Garchomp-Mega, F\n|-mega|p2a: Cynthia|Garchomp|Garchompite\n|move|p2a: Cynthia|Scale Shot|p1a: Alomomola\n|-supereffective|p1a: Alomomola\n|-damage|p1a: Alomomola|78\/100\n|-supereffective|p1a: Alomomola\n|-damage|p1a: Alomomola|57\/100\n|-supereffective|p1a: Alomomola\n|-crit|p1a: Alomomola\n|-damage|p1a: Alomomola|23\/100\n|-hitcount|p1a: Alomomola|3\n|-unboost|p2a: Cynthia|def|1\n|-boost|p2a: Cynthia|spe|1\n|move|p1a: Alomomola|Toxic|p2a: Cynthia\n|-status|p2a: Cynthia|tox\n|\n|-heal|p1a: Alomomola|30\/100|[from] item: Leftovers\n|-damage|p2a: Cynthia|94\/100 tox|[from] psn\n|upkeep\n|turn|22\n|inactive|NotASwiftie has 120 seconds left.\n|\n|t:|1700438138\n|switch|p1a: Landorus|Landorus-Therian, M|100\/100\n|-ability|p1a: Landorus|Intimidate|boost\n|-unboost|p2a: Cynthia|atk|1\n|move|p2a: Cynthia|Scale Shot|p1a: Landorus\n|-damage|p1a: Landorus|85\/100\n|-damage|p1a: Landorus|70\/100\n|-damage|p1a: Landorus|56\/100\n|-hitcount|p1a: Landorus|3\n|-unboost|p2a: Cynthia|def|1\n|-boost|p2a: Cynthia|spe|1\n|\n|-damage|p2a: Cynthia|82\/100 tox|[from] psn\n|upkeep\n|turn|23\n|inactive|NotASwiftie has 90 seconds left.\n|\n|t:|1700438164\n|switch|p2a: Twilight|Gliscor, M|51\/100 tox\n|move|p1a: Landorus|Earthquake|p2a: Twilight\n|-immune|p2a: Twilight\n|\n|-heal|p2a: Twilight|63\/100 tox|[from] ability: Poison Heal\n|upkeep\n|turn|24\n|inactive|NotASwiftie has 90 seconds left.\n|\n|t:|1700438192\n|switch|p1a: Alomomola|Alomomola, M, tera:Dragon|63\/100\n|move|p2a: Twilight|Toxic|p1a: Alomomola|[miss]\n|-miss|p2a: Twilight|p1a: Alomomola\n|\n|-heal|p1a: Alomomola|69\/100|[from] item: Leftovers\n|-heal|p2a: Twilight|76\/100 tox|[from] ability: Poison Heal\n|upkeep\n|turn|25\n|\n|t:|1700438208\n|move|p2a: Twilight|Toxic|p1a: Alomomola\n|-status|p1a: Alomomola|tox\n|move|p1a: Alomomola|Wish|p1a: Alomomola\n|\n|-heal|p1a: Alomomola|75\/100 tox|[from] item: Leftovers\n|-heal|p2a: Twilight|88\/100 tox|[from] ability: Poison Heal\n|-damage|p1a: Alomomola|69\/100 tox|[from] psn\n|upkeep\n|turn|26\n|\n|t:|1700438216\n|switch|p2a: Cynthia|Garchomp-Mega, F|82\/100 tox\n|switch|p1a: Aegislash|Aegislash, M|41\/100\n|\n|-heal|p1a: Aegislash|100\/100|[from] move: Wish|[wisher] Alomomola\n|-damage|p2a: Cynthia|76\/100 tox|[from] psn\n|upkeep\n|turn|27\n|\n|t:|1700438228\n|switch|p1a: Landorus|Landorus-Therian, M|56\/100\n|-ability|p1a: Landorus|Intimidate|boost\n|-unboost|p2a: Cynthia|atk|1\n|move|p2a: Cynthia|Swords Dance|p2a: Cynthia\n|-boost|p2a: Cynthia|atk|2\n|\n|-damage|p2a: Cynthia|64\/100 tox|[from] psn\n|upkeep\n|turn|28\n|\n|t:|1700438252\n|switch|p1a: Alomomola|Alomomola, M, tera:Dragon|100\/100 tox\n|move|p2a: Cynthia|Scale Shot|p1a: Alomomola\n|-supereffective|p1a: Alomomola\n|-damage|p1a: Alomomola|67\/100 tox\n|-supereffective|p1a: Alomomola\n|-damage|p1a: Alomomola|37\/100 tox\n|-hitcount|p1a: Alomomola|2\n|-unboost|p2a: Cynthia|def|1\n|-boost|p2a: Cynthia|spe|1\n|\n|-heal|p1a: Alomomola|43\/100 tox|[from] item: Leftovers\n|-damage|p2a: Cynthia|45\/100 tox|[from] psn\n|-damage|p1a: Alomomola|37\/100 tox|[from] psn\n|upkeep\n|turn|29\n|\n|t:|1700438271\n|switch|p2a: Cyrus|Weavile, M|100\/100\n|-ability|p2a: Cyrus|Pressure\n|move|p1a: Alomomola|Protect||[still]\n|-fail|p1a: Alomomola\n|\n|-heal|p1a: Alomomola|43\/100 tox|[from] item: Leftovers\n|-damage|p1a: Alomomola|30\/100 tox|[from] psn\n|upkeep\n|turn|30\n|\n|t:|1700438280\n|switch|p1a: Aegislash|Aegislash, M|100\/100\n|move|p2a: Cyrus|Triple Axel|p1a: Aegislash\n|-resisted|p1a: Aegislash\n|-damage|p1a: Aegislash|94\/100\n|-resisted|p1a: Aegislash\n|-damage|p1a: Aegislash|82\/100\n|-hitcount|p1a: Aegislash|2\n|\n|-heal|p1a: Aegislash|88\/100|[from] item: Leftovers\n|upkeep\n|turn|31\n|\n|t:|1700438297\n|switch|p2a: Twilight|Gliscor, M|100\/100\n|move|p1a: Aegislash|King's Shield||[still]\n|-fail|p1a: Aegislash\n|\n|-heal|p1a: Aegislash|94\/100|[from] item: Leftovers\n|upkeep\n|turn|32\n|\n|t:|1700438312\n|move|p2a: Twilight|Trick|p1a: Aegislash\n|-activate|p2a: Twilight|move: Trick|[of] p1a: Aegislash\n|-item|p1a: Aegislash|Choice Scarf|[from] move: Trick\n|-item|p2a: Twilight|Leftovers|[from] move: Trick\n|move|p1a: Aegislash|Toxic|p2a: Twilight|[miss]\n|-miss|p1a: Aegislash|p2a: Twilight\n|\n|upkeep\n|turn|33\n|\n|t:|1700438336\n|switch|p2a: Cyrus|Weavile, M|100\/100\n|-ability|p2a: Cyrus|Pressure\n|switch|p1a: Alomomola|Alomomola, M, tera:Dragon|64\/100 tox\n|\n|-heal|p1a: Alomomola|70\/100 tox|[from] item: Leftovers\n|-damage|p1a: Alomomola|64\/100 tox|[from] psn\n|upkeep\n|turn|34\n|\n|t:|1700438351\n|move|p2a: Cyrus|Pursuit|p1a: Alomomola\n|-damage|p1a: Alomomola|44\/100 tox\n|move|p1a: Alomomola|Toxic|p2a: Cyrus\n|-status|p2a: Cyrus|tox\n|\n|-heal|p1a: Alomomola|50\/100 tox|[from] item: Leftovers\n|-damage|p2a: Cyrus|94\/100 tox|[from] psn\n|-damage|p1a: Alomomola|38\/100 tox|[from] psn\n|upkeep\n|turn|35\n|\n|t:|1700438360\n|switch|p2a: Cynthia|Garchomp-Mega, F|45\/100 tox\n|move|p1a: Alomomola|Wish|p1a: Alomomola\n|\n|-heal|p1a: Alomomola|44\/100 tox|[from] item: Leftovers\n|-damage|p2a: Cynthia|39\/100 tox|[from] psn\n|-damage|p1a: Alomomola|26\/100 tox|[from] psn\n|upkeep\n|turn|36\n|\n|t:|1700438371\n|switch|p1a: Landorus|Landorus-Therian, M|56\/100\n|-ability|p1a: Landorus|Intimidate|boost\n|-unboost|p2a: Cynthia|atk|1\n|move|p2a: Cynthia|Earthquake|p1a: Landorus\n|-immune|p1a: Landorus\n|\n|-heal|p1a: Landorus|100\/100|[from] move: Wish|[wisher] Alomomola\n|-damage|p2a: Cynthia|27\/100 tox|[from] psn\n|upkeep\n|turn|37\n|\n|t:|1700438391\n|switch|p1a: Alomomola|Alomomola, M, tera:Dragon|59\/100 tox\n|switch|p2a: Twilight|Gliscor, M|88\/100 tox\n|\n|-heal|p1a: Alomomola|65\/100 tox|[from] item: Leftovers\n|-heal|p2a: Twilight|100\/100 tox|[from] ability: Poison Heal\n|-damage|p1a: Alomomola|59\/100 tox|[from] psn\n|upkeep\n|turn|38\n|\n|t:|1700438401\n|move|p2a: Twilight|Earthquake|p1a: Alomomola\n|-damage|p1a: Alomomola|41\/100 tox\n|move|p1a: Alomomola|Wish|p1a: Alomomola\n|\n|-heal|p1a: Alomomola|47\/100 tox|[from] item: Leftovers\n|-damage|p1a: Alomomola|34\/100 tox|[from] psn\n|upkeep\n|turn|39\n|\n|t:|1700438429\n|move|p2a: Twilight|Toxic|p1a: Alomomola\n|-fail|p1a: Alomomola|tox\n|move|p1a: Alomomola|Flip Turn|p2a: Twilight\n|-supereffective|p2a: Twilight\n|-damage|p2a: Twilight|82\/100 tox\n|inactive|NotASwiftie has 60 seconds left.\n|\n|t:|1700438448\n|switch|p1a: Landorus|Landorus-Therian, M|100\/100|[from] Flip Turn\n|-ability|p1a: Landorus|Intimidate|boost\n|-unboost|p2a: Twilight|atk|1\n|\n|-heal|p2a: Twilight|94\/100 tox|[from] ability: Poison Heal\n|upkeep\n|turn|40\n|inactive|NotASwiftie has 60 seconds left.\n|\n|t:|1700438458\n|move|p1a: Landorus|Swords Dance|p1a: Landorus\n|-boost|p1a: Landorus|atk|2\n|move|p2a: Twilight|Toxic|p1a: Landorus\n|-status|p1a: Landorus|tox\n|\n|-damage|p1a: Landorus|95\/100 tox|[from] psn\n|-heal|p2a: Twilight|100\/100 tox|[from] ability: Poison Heal\n|upkeep\n|turn|41\n|inactive|NotASwiftie has 60 seconds left.\n|\n|t:|1700438472\n|-zpower|p1a: Landorus\n|move|p1a: Landorus|Continental Crush|p2a: Twilight|[zeffect]\n|-damage|p2a: Twilight|26\/100 tox\n|move|p2a: Twilight|Defog|p1a: Landorus\n|-unboost|p1a: Landorus|evasion|1\n|\n|-damage|p1a: Landorus|83\/100 tox|[from] psn\n|-heal|p2a: Twilight|38\/100 tox|[from] ability: Poison Heal\n|upkeep\n|turn|42\n|inactive|NotASwiftie has 60 seconds left.\n|\n|t:|1700438495\n|move|p1a: Landorus|Stone Edge|p2a: Twilight\n|-damage|p2a: Twilight|0 fnt\n|faint|p2a: Twilight\n|\n|-damage|p1a: Landorus|65\/100 tox|[from] psn\n|upkeep\n|\n|t:|1700438504\n|switch|p2a: Cyrus|Weavile, M|94\/100 tox\n|-ability|p2a: Cyrus|Pressure\n|turn|43\n|inactive|NotASwiftie has 60 seconds left.\n|\n|t:|1700438538\n|switch|p1a: Alomomola|Alomomola, M, tera:Dragon|68\/100 tox\n|move|p2a: Cyrus|Triple Axel|p1a: Alomomola\n|-supereffective|p1a: Alomomola\n|-damage|p1a: Alomomola|48\/100 tox\n|-supereffective|p1a: Alomomola\n|-damage|p1a: Alomomola|11\/100 tox\n|-supereffective|p1a: Alomomola\n|-damage|p1a: Alomomola|0 fnt\n|faint|p1a: Alomomola\n|-hitcount|p1: Alomomola|3\n|\n|-damage|p2a: Cyrus|88\/100 tox|[from] psn\n|upkeep\n|\n|t:|1700438549\n|switch|p1a: Aegislash|Aegislash, M|94\/100\n|turn|44\n|\n|t:|1700438552\n|switch|p2a: Cynthia|Garchomp-Mega, F|100\/100\n|move|p1a: Aegislash|King's Shield||[still]\n|-fail|p1a: Aegislash\n|\n|upkeep\n|turn|45\n|\n|t:|1700438565\n|switch|p1a: Landorus|Landorus-Therian, M|65\/100 tox\n|-ability|p1a: Landorus|Intimidate|boost\n|-unboost|p2a: Cynthia|atk|1\n|move|p2a: Cynthia|Shadow Ball|p1a: Landorus\n|-damage|p1a: Landorus|12\/100 tox\n|\n|-damage|p1a: Landorus|6\/100 tox|[from] psn\n|upkeep\n|turn|46\n|inactive|NotASwiftie has 60 seconds left.\n|\n|t:|1700438574\n|move|p2a: Cynthia|Shadow Ball|p1a: Landorus\n|-damage|p1a: Landorus|0 fnt\n|faint|p1a: Landorus\n|\n|upkeep\n|\n|t:|1700438578\n|switch|p1a: Volcarona|Volcarona, M|100\/100\n|turn|47\n|\n|t:|1700438594\n|move|p2a: Cynthia|Shadow Ball|p1a: Volcarona\n|-damage|p1a: Volcarona|57\/100\n|-unboost|p1a: Volcarona|spd|1\n|move|p1a: Volcarona|Quiver Dance|p1a: Volcarona\n|-boost|p1a: Volcarona|spa|1\n|-boost|p1a: Volcarona|spd|1\n|-boost|p1a: Volcarona|spe|1\n|\n|upkeep\n|turn|48\n|inactive|NotASwiftie has 60 seconds left.\n|\n|t:|1700438621\n|move|p1a: Volcarona|Flamethrower|p2a: Cynthia\n|-damage|p2a: Cynthia|0 fnt\n|replace|p2a: N-Hisui|Zoroark-Hisui, M\n|-end|p2a: N-Hisui|Illusion\n|faint|p2a: N-Hisui\n|\n|upkeep\n|\n|t:|1700438628\n|switch|p2a: Cynthia|Garchomp-Mega, F|27\/100 tox\n|turn|49\n|\n|t:|1700438633\n|move|p1a: Volcarona|Giga Drain|p2a: Cynthia\n|-damage|p2a: Cynthia|0 fnt\n|-heal|p1a: Volcarona|72\/100|[from] drain|[of] p2a: Cynthia\n|faint|p2a: Cynthia\n|\n|upkeep\n|\n|t:|1700438636\n|switch|p2a: Cyrus|Weavile, M|88\/100 tox\n|-ability|p2a: Cyrus|Pressure\n|turn|50\n|\n|t:|1700438649\n|move|p1a: Volcarona|Flamethrower|p2a: Cyrus\n|-supereffective|p2a: Cyrus\n|-crit|p2a: Cyrus\n|-damage|p2a: Cyrus|0 fnt\n|faint|p2a: Cyrus\n|\n|win|NotASwiftie\n|raw|NotASwiftie's rating: 1185 &rarr; <strong>1218<\/strong><br \/>(+33 for winning)\n|raw|NotAmazingYT's rating: 1293 &rarr; <strong>1260<\/strong><br \/>(-33 for losing)\n|c|\u2606NotAmazingYT|gg\n|c|\u2606NotASwiftie|gg\n|c|\u2606NotASwiftie|wp\n|c|\u2606NotAmazingYT|u too\n","uploadtime":1700438661,"views":3,"p1id":"notaswiftie","p2id":"notamazingyt","formatid":"gen9nationaldex","rating":1218,"private":0,"password":""}