{"id":"gen9nationaldex-1994542187","p1":"Zaread","p2":"Drop A 5ive","format":"[Gen 9] National Dex","log":"|j|\u2606Zaread\n|j|\u2606Drop A 5ive\n|t:|1700457013\n|gametype|singles\n|player|p1|Zaread|102|1224\n|player|p2|Drop A 5ive|lusamine-nihilego|1233\n|teamsize|p1|6\n|teamsize|p2|6\n|gen|9\n|tier|[Gen 9] National Dex\n|rated|\n|rule|HP Percentage Mod: HP is shown in percentages\n|rule|Endless Battle Clause: Forcing endless battles is banned\n|rule|OHKO Clause: OHKO moves are banned\n|rule|Evasion Clause: Evasion abilities, items, and moves are banned\n|rule|Evasion Abilities Clause: Evasion abilities are banned\n|rule|Evasion Items Clause: Evasion items are banned\n|rule|Evasion Moves Clause: Evasion moves are banned\n|rule|Species Clause: Limit one of each Pok\u00e9mon\n|rule|Sleep Clause Mod: Limit one foe put to sleep\n|clearpoke\n|poke|p1|Primarina, F|\n|poke|p1|Exeggutor-Alola, M|\n|poke|p1|Mamoswine, M|\n|poke|p1|Golisopod, F|\n|poke|p1|Reuniclus, M|\n|poke|p1|Mawile, F|\n|poke|p2|Zeraora|\n|poke|p2|Medicham, M|\n|poke|p2|Cinderace, M|\n|poke|p2|Blacephalon|\n|poke|p2|Heatran, M|\n|poke|p2|Ferrothorn, M|\n|teampreview\n|\n|t:|1700457032\n|start\n|switch|p1a: Golisopod|Golisopod, F|100\/100\n|switch|p2a: Medicham|Medicham, M, shiny|100\/100\n|turn|1\n|\n|t:|1700457038\n|detailschange|p2a: Medicham|Medicham-Mega, M, shiny\n|-mega|p2a: Medicham|Medicham|Medichamite\n|move|p2a: Medicham|Fake Out|p1a: Golisopod\n|-damage|p1a: Golisopod|84\/100\n|cant|p1a: Golisopod|flinch\n|\n|upkeep\n|turn|2\n|\n|t:|1700457060\n|move|p2a: Medicham|Zen Headbutt|p1a: Golisopod\n|-damage|p1a: Golisopod|32\/100\n|-activate|p1a: Golisopod|ability: Emergency Exit\n|\n|t:|1700457065\n|switch|p1a: Reuniclus|Reuniclus, M|100\/100\n|\n|upkeep\n|turn|3\n|\n|t:|1700457106\n|switch|p2a: Ferrothorn|Ferrothorn, M|100\/100\n|move|p1a: Reuniclus|Trick Room|p1a: Reuniclus\n|-fieldstart|move: Trick Room|[of] p1a: Reuniclus\n|\n|upkeep\n|turn|4\n|\n|t:|1700457112\n|move|p2a: Ferrothorn|Leech Seed|p1a: Reuniclus\n|-start|p1a: Reuniclus|move: Leech Seed\n|move|p1a: Reuniclus|Focus Blast|p2a: Ferrothorn\n|-supereffective|p2a: Ferrothorn\n|-damage|p2a: Ferrothorn|0 fnt\n|faint|p2a: Ferrothorn\n|\n|upkeep\n|\n|t:|1700457121\n|switch|p2a: Blacephalon|Blacephalon, shiny|100\/100\n|turn|5\n|\n|t:|1700457126\n|move|p1a: Reuniclus|Shadow Ball|p2a: Blacephalon\n|-supereffective|p2a: Blacephalon\n|-damage|p2a: Blacephalon|0 fnt\n|faint|p2a: Blacephalon\n|\n|upkeep\n|\n|t:|1700457133\n|switch|p2a: Zeraora|Zeraora|100\/100\n|turn|6\n|\n|t:|1700457137\n|-terastallize|p1a: Reuniclus|Fighting\n|move|p1a: Reuniclus|Focus Blast|p2a: Zeraora\n|-damage|p2a: Zeraora|0 fnt\n|faint|p2a: Zeraora\n|\n|upkeep\n|\n|t:|1700457145\n|switch|p2a: Medicham|Medicham-Mega, M, shiny|100\/100\n|turn|7\n|\n|t:|1700457148\n|switch|p1a: Golisopod|Golisopod, F|32\/100\n|move|p2a: Medicham|Fake Out|p1a: Golisopod\n|-damage|p1a: Golisopod|14\/100\n|\n|-fieldend|move: Trick Room\n|upkeep\n|turn|8\n|\n|t:|1700457154\n|move|p1a: Golisopod|First Impression|p2a: Medicham\n|-damage|p2a: Medicham|0 fnt\n|faint|p2a: Medicham\n|-damage|p1a: Golisopod|4\/100|[from] item: Life Orb\n|\n|upkeep\n|\n|t:|1700457160\n|switch|p2a: Cinderace|Cinderace, M, shiny|100\/100\n|turn|9\n|\n|t:|1700457162\n|move|p2a: Cinderace|Iron Head|p1a: Golisopod\n|-start|p2a: Cinderace|typechange|Steel|[from] ability: Libero\n|-resisted|p1a: Golisopod\n|-damage|p1a: Golisopod|0 fnt\n|faint|p1a: Golisopod\n|-damage|p2a: Cinderace|91\/100|[from] item: Life Orb\n|\n|upkeep\n|\n|t:|1700457167\n|switch|p1a: Reuniclus|Reuniclus, M, tera:Fighting|100\/100\n|turn|10\n|\n|t:|1700457188\n|move|p2a: Cinderace|High Jump Kick|p1a: Reuniclus\n|-damage|p1a: Reuniclus|38\/100\n|-damage|p2a: Cinderace|81\/100|[from] item: Life Orb\n|move|p1a: Reuniclus|Trick Room|p1a: Reuniclus\n|-fieldstart|move: Trick Room|[of] p1a: Reuniclus\n|\n|upkeep\n|turn|11\n|\n|t:|1700457192\n|move|p1a: Reuniclus|Focus Blast|p2a: Cinderace|[miss]\n|-miss|p1a: Reuniclus|p2a: Cinderace\n|move|p2a: Cinderace|High Jump Kick|p1a: Reuniclus\n|-damage|p1a: Reuniclus|0 fnt\n|faint|p1a: Reuniclus\n|-damage|p2a: Cinderace|71\/100|[from] item: Life Orb\n|\n|upkeep\n|\n|t:|1700457199\n|switch|p1a: Mamoswine|Mamoswine, M|100\/100\n|turn|12\n|\n|t:|1700457215\n|move|p1a: Mamoswine|Earthquake|p2a: Cinderace\n|-supereffective|p2a: Cinderace\n|-damage|p2a: Cinderace|0 fnt\n|faint|p2a: Cinderace\n|\n|upkeep\n|\n|t:|1700457220\n|switch|p2a: Heatran|Heatran, M|100\/100\n|turn|13\n|\n|t:|1700457223\n|move|p2a: Heatran|Magma Storm|p1a: Mamoswine|[miss]\n|-miss|p2a: Heatran|p1a: Mamoswine\n|move|p1a: Mamoswine|Earthquake|p2a: Heatran\n|-supereffective|p2a: Heatran\n|-damage|p2a: Heatran|0 fnt\n|faint|p2a: Heatran\n|\n|win|Zaread\n|raw|Zaread's rating: 1224 &rarr; <strong>1250<\/strong><br \/>(+26 for winning)\n|raw|Drop A 5ive's rating: 1233 &rarr; <strong>1207<\/strong><br \/>(-26 for losing)\n","uploadtime":1700457233,"views":12,"p1id":"zaread","p2id":"dropa5ive","formatid":"gen9nationaldex","rating":1207,"private":0,"password":""}