{"id":"gen9nationaldex-1989929917","p1":"wambob","p2":"PearlHarbor1996","format":"[Gen 9] National Dex","log":"|j|\u2606wambob\n|j|\u2606PearlHarbor1996\n|t:|1699907659\n|gametype|singles\n|player|p1|wambob|lucas|1235\n|player|p2|PearlHarbor1996|rocketgrunt|1299\n|teamsize|p1|6\n|teamsize|p2|6\n|gen|9\n|tier|[Gen 9] National Dex\n|rated|\n|rule|HP Percentage Mod: HP is shown in percentages\n|rule|Endless Battle Clause: Forcing endless battles is banned\n|rule|OHKO Clause: OHKO moves are banned\n|rule|Evasion Clause: Evasion abilities, items, and moves are banned\n|rule|Evasion Abilities Clause: Evasion abilities are banned\n|rule|Evasion Items Clause: Evasion items are banned\n|rule|Evasion Moves Clause: Evasion moves are banned\n|rule|Species Clause: Limit one of each Pok\u00e9mon\n|rule|Sleep Clause Mod: Limit one foe put to sleep\n|clearpoke\n|poke|p1|Gliscor, F|\n|poke|p1|Tyranitar, F|\n|poke|p1|Excadrill, M|\n|poke|p1|Doublade, F|\n|poke|p1|Ferrothorn, F|\n|poke|p1|Glimmora, M|\n|poke|p2|Magnezone|\n|poke|p2|Hydreigon, M|\n|poke|p2|Gardevoir, F|\n|poke|p2|Roserade, F|\n|poke|p2|Gastrodon, M|\n|poke|p2|Gliscor, M|\n|teampreview\n|inactive|Battle timer is ON: inactive players will automatically lose when time's up. (requested by PearlHarbor1996)\n|\n|t:|1699907679\n|start\n|switch|p1a: Gliscor|Gliscor, F, shiny|100\/100\n|switch|p2a: Hydreigon|Hydreigon, M|100\/100\n|turn|1\n|\n|t:|1699907705\n|switch|p1a: Tyranitar|Tyranitar, F|100\/100\n|-weather|Sandstorm|[from] ability: Sand Stream|[of] p1a: Tyranitar\n|-terastallize|p2a: Hydreigon|Poison\n|move|p2a: Hydreigon|Dragon Dance|p2a: Hydreigon\n|-boost|p2a: Hydreigon|atk|1\n|-boost|p2a: Hydreigon|spe|1\n|\n|-weather|Sandstorm|[upkeep]\n|-damage|p2a: Hydreigon|94\/100|[from] Sandstorm\n|-heal|p2a: Hydreigon|100\/100|[from] item: Leftovers\n|upkeep\n|turn|2\n|\n|t:|1699907718\n|move|p2a: Hydreigon|Dragon Dance|p2a: Hydreigon\n|-boost|p2a: Hydreigon|atk|1\n|-boost|p2a: Hydreigon|spe|1\n|move|p1a: Tyranitar|Earthquake|p2a: Hydreigon\n|-immune|p2a: Hydreigon|[from] ability: Levitate\n|\n|-weather|Sandstorm|[upkeep]\n|-damage|p2a: Hydreigon|94\/100|[from] Sandstorm\n|-heal|p2a: Hydreigon|100\/100|[from] item: Leftovers\n|upkeep\n|turn|3\n|c|\u2606wambob|physical?\n|\n|t:|1699907728\n|move|p2a: Hydreigon|Earthquake|p1a: Tyranitar\n|-supereffective|p1a: Tyranitar\n|-damage|p1a: Tyranitar|1\/100\n|move|p1a: Tyranitar|Knock Off|p2a: Hydreigon\n|-damage|p2a: Hydreigon|37\/100\n|-enditem|p2a: Hydreigon|Leftovers|[from] move: Knock Off|[of] p1a: Tyranitar\n|\n|-weather|Sandstorm|[upkeep]\n|-damage|p2a: Hydreigon|31\/100|[from] Sandstorm\n|upkeep\n|turn|4\n|\n|t:|1699907741\n|switch|p1a: Gliscor|Gliscor, F, shiny|100\/100\n|move|p2a: Hydreigon|Crunch|p1a: Gliscor\n|-damage|p1a: Gliscor|54\/100\n|\n|-weather|Sandstorm|[upkeep]\n|-damage|p2a: Hydreigon|25\/100|[from] Sandstorm\n|-status|p1a: Gliscor|tox|[from] item: Toxic Orb\n|upkeep\n|turn|5\n|\n|t:|1699907757\n|move|p2a: Hydreigon|Outrage|p1a: Gliscor\n|-damage|p1a: Gliscor|0 fnt\n|faint|p1a: Gliscor\n|\n|-weather|Sandstorm|[upkeep]\n|-damage|p2a: Hydreigon|19\/100|[from] Sandstorm\n|upkeep\n|\n|t:|1699907762\n|switch|p1a: Ferrothorn|Ferrothorn, F|100\/100\n|turn|6\n|\n|t:|1699907767\n|move|p2a: Hydreigon|Outrage|p1a: Ferrothorn|[from]lockedmove\n|-resisted|p1a: Ferrothorn\n|-damage|p1a: Ferrothorn|57\/100\n|-damage|p2a: Hydreigon|7\/100|[from] ability: Iron Barbs|[of] p1a: Ferrothorn\n|-damage|p2a: Hydreigon|0 fnt|[from] item: Rocky Helmet|[of] p1a: Ferrothorn\n|faint|p2a: Hydreigon\n|move|p1a: Ferrothorn|Gyro Ball|p2: Hydreigon|[notarget]\n|-fail|p1a: Ferrothorn\n|\n|-weather|Sandstorm|[upkeep]\n|upkeep\n|\n|t:|1699907771\n|switch|p2a: Magnezone|Magnezone|100\/100\n|turn|7\n|\n|t:|1699907785\n|switch|p2a: Gliscor|Gliscor, M|100\/100\n|move|p1a: Ferrothorn|Knock Off|p2a: Gliscor\n|-damage|p2a: Gliscor|84\/100\n|-enditem|p2a: Gliscor|Toxic Orb|[from] move: Knock Off|[of] p1a: Ferrothorn\n|\n|-weather|Sandstorm|[upkeep]\n|upkeep\n|turn|8\n|\n|t:|1699907796\n|move|p2a: Gliscor|Earthquake|p1a: Ferrothorn\n|-damage|p1a: Ferrothorn|33\/100\n|move|p1a: Ferrothorn|Leech Seed|p2a: Gliscor\n|-start|p2a: Gliscor|move: Leech Seed\n|\n|-weather|none\n|-damage|p2a: Gliscor|71\/100|[from] Leech Seed|[of] p1a: Ferrothorn\n|-heal|p1a: Ferrothorn|48\/100|[silent]\n|upkeep\n|turn|9\n|\n|t:|1699907804\n|switch|p2a: Gardevoir|Gardevoir, F, shiny|100\/100\n|-ability|p2a: Gardevoir|Iron Barbs|[from] ability: Trace|[of] p1a: Ferrothorn\n|switch|p1a: Glimmora|Glimmora, M|100\/100\n|\n|upkeep\n|turn|10\n|\n|t:|1699907808\n|move|p2a: Gardevoir|Psychic|p1a: Glimmora\n|-supereffective|p1a: Glimmora\n|-damage|p1a: Glimmora|9\/100\n|move|p1a: Glimmora|Sludge Bomb|p2a: Gardevoir\n|-supereffective|p2a: Gardevoir\n|-damage|p2a: Gardevoir|12\/100\n|\n|upkeep\n|turn|11\n|\n|t:|1699907814\n|switch|p1a: Tyranitar|Tyranitar, F|1\/100\n|-weather|Sandstorm|[from] ability: Sand Stream|[of] p1a: Tyranitar\n|move|p2a: Gardevoir|Aura Sphere|p1a: Tyranitar\n|-supereffective|p1a: Tyranitar\n|-damage|p1a: Tyranitar|0 fnt\n|faint|p1a: Tyranitar\n|\n|-weather|Sandstorm|[upkeep]\n|-damage|p2a: Gardevoir|6\/100|[from] Sandstorm\n|upkeep\n|\n|t:|1699907818\n|switch|p1a: Excadrill|Excadrill, M|100\/100\n|turn|12\n|\n|t:|1699907825\n|switch|p2a: Gastrodon|Gastrodon, M|100\/100\n|move|p1a: Excadrill|Iron Head|p2a: Gastrodon\n|-resisted|p2a: Gastrodon\n|-damage|p2a: Gastrodon|78\/100\n|-damage|p1a: Excadrill|91\/100|[from] item: Life Orb\n|\n|-weather|Sandstorm|[upkeep]\n|-heal|p2a: Gastrodon|85\/100|[from] item: Leftovers\n|upkeep\n|turn|13\n|\n|t:|1699907831\n|switch|p1a: Ferrothorn|Ferrothorn, F|48\/100\n|move|p2a: Gastrodon|Scald|p1a: Ferrothorn\n|-resisted|p1a: Ferrothorn\n|-damage|p1a: Ferrothorn|37\/100\n|\n|-weather|Sandstorm|[upkeep]\n|-heal|p2a: Gastrodon|91\/100|[from] item: Leftovers\n|upkeep\n|turn|14\n|\n|t:|1699907850\n|move|p2a: Gastrodon|Earthquake|p1a: Ferrothorn\n|-damage|p1a: Ferrothorn|13\/100\n|move|p1a: Ferrothorn|Knock Off|p2a: Gastrodon\n|-damage|p2a: Gastrodon|74\/100\n|-enditem|p2a: Gastrodon|Leftovers|[from] move: Knock Off|[of] p1a: Ferrothorn\n|\n|-weather|Sandstorm|[upkeep]\n|upkeep\n|turn|15\n|\n|t:|1699907857\n|switch|p1a: Glimmora|Glimmora, M|9\/100\n|move|p2a: Gastrodon|Earthquake|p1a: Glimmora\n|-supereffective|p1a: Glimmora\n|-damage|p1a: Glimmora|0 fnt\n|-activate|p1a: Glimmora|ability: Toxic Debris\n|-sidestart|p2: PearlHarbor1996|move: Toxic Spikes\n|faint|p1a: Glimmora\n|\n|-weather|Sandstorm|[upkeep]\n|upkeep\n|\n|t:|1699907868\n|switch|p1a: Excadrill|Excadrill, M|91\/100\n|turn|16\n|\n|t:|1699907871\n|-terastallize|p1a: Excadrill|Flying\n|move|p1a: Excadrill|Earthquake|p2a: Gastrodon\n|-damage|p2a: Gastrodon|15\/100\n|-damage|p1a: Excadrill|81\/100|[from] item: Life Orb\n|move|p2a: Gastrodon|Recover|p2a: Gastrodon\n|-heal|p2a: Gastrodon|65\/100\n|\n|-weather|Sandstorm|[upkeep]\n|upkeep\n|turn|17\n|\n|t:|1699907880\n|move|p1a: Excadrill|Earthquake|p2a: Gastrodon\n|-damage|p2a: Gastrodon|11\/100\n|-damage|p1a: Excadrill|71\/100|[from] item: Life Orb\n|move|p2a: Gastrodon|Recover|p2a: Gastrodon\n|-heal|p2a: Gastrodon|61\/100\n|\n|-weather|Sandstorm|[upkeep]\n|upkeep\n|turn|18\n|inactive|wambob has 120 seconds left.\n|\n|t:|1699907920\n|move|p1a: Excadrill|Earthquake|p2a: Gastrodon\n|-damage|p2a: Gastrodon|5\/100\n|-damage|p1a: Excadrill|61\/100|[from] item: Life Orb\n|move|p2a: Gastrodon|Curse|p2a: Gastrodon\n|-unboost|p2a: Gastrodon|spe|1\n|-boost|p2a: Gastrodon|atk|1\n|-boost|p2a: Gastrodon|def|1\n|\n|-weather|none\n|upkeep\n|turn|19\n|\n|t:|1699907924\n|move|p1a: Excadrill|Earthquake|p2a: Gastrodon\n|-damage|p2a: Gastrodon|0 fnt\n|faint|p2a: Gastrodon\n|-damage|p1a: Excadrill|51\/100|[from] item: Life Orb\n|\n|upkeep\n|\n|t:|1699907927\n|switch|p2a: Roserade|Roserade, F|100\/100\n|-sideend|p2: PearlHarbor1996|move: Toxic Spikes|[of] p2a: Roserade\n|turn|20\n|j| SkySkys\n|\n|t:|1699907934\n|move|p1a: Excadrill|Earthquake|p2a: Roserade\n|-damage|p2a: Roserade|0 fnt\n|faint|p2a: Roserade\n|-damage|p1a: Excadrill|41\/100|[from] item: Life Orb\n|\n|upkeep\n|\n|t:|1699907939\n|switch|p2a: Gliscor|Gliscor, M|71\/100\n|turn|21\n|\n|t:|1699907947\n|switch|p1a: Ferrothorn|Ferrothorn, F|13\/100\n|move|p2a: Gliscor|Toxic|p1a: Ferrothorn\n|-immune|p1a: Ferrothorn\n|\n|upkeep\n|turn|22\n|\n|t:|1699907952\n|move|p2a: Gliscor|Earthquake|p1a: Ferrothorn\n|-damage|p1a: Ferrothorn|0 fnt\n|faint|p1a: Ferrothorn\n|\n|upkeep\n|\n|t:|1699907957\n|switch|p1a: Doublade|Doublade, F|100\/100\n|turn|23\n|\n|t:|1699907965\n|switch|p2a: Magnezone|Magnezone|100\/100\n|move|p1a: Doublade|Swords Dance|p1a: Doublade\n|-boost|p1a: Doublade|atk|2\n|\n|upkeep\n|turn|24\n|\n|t:|1699907969\n|move|p2a: Magnezone|Thunderbolt|p1a: Doublade\n|-damage|p1a: Doublade|32\/100\n|move|p1a: Doublade|Shadow Claw|p2a: Magnezone\n|-damage|p2a: Magnezone|42\/100\n|\n|-heal|p2a: Magnezone|48\/100|[from] item: Leftovers\n|upkeep\n|turn|25\n|\n|t:|1699907976\n|move|p1a: Doublade|Shadow Sneak|p2a: Magnezone\n|-damage|p2a: Magnezone|9\/100\n|move|p2a: Magnezone|Thunderbolt|p1a: Doublade\n|-damage|p1a: Doublade|0 fnt\n|faint|p1a: Doublade\n|\n|-heal|p2a: Magnezone|15\/100|[from] item: Leftovers\n|upkeep\n|\n|t:|1699907978\n|switch|p1a: Excadrill|Excadrill, M, tera:Flying|41\/100\n|turn|26\n|\n|t:|1699907982\n|move|p1a: Excadrill|Earthquake|p2a: Magnezone\n|-supereffective|p2a: Magnezone\n|-damage|p2a: Magnezone|0 fnt\n|faint|p2a: Magnezone\n|-damage|p1a: Excadrill|31\/100|[from] item: Life Orb\n|\n|upkeep\n|\n|t:|1699907984\n|switch|p2a: Gliscor|Gliscor, M|71\/100\n|turn|27\n|\n|t:|1699907987\n|move|p1a: Excadrill|Rock Slide|p2a: Gliscor\n|-crit|p2a: Gliscor\n|-damage|p2a: Gliscor|32\/100\n|-damage|p1a: Excadrill|21\/100|[from] item: Life Orb\n|cant|p2a: Gliscor|flinch\n|\n|upkeep\n|turn|28\n|\n|t:|1699907995\n|move|p1a: Excadrill|Iron Head|p2a: Gliscor\n|-damage|p2a: Gliscor|0 fnt\n|faint|p2a: Gliscor\n|-damage|p1a: Excadrill|11\/100|[from] item: Life Orb\n|\n|upkeep\n|\n|t:|1699908000\n|switch|p2a: Gardevoir|Gardevoir, F, shiny|6\/100\n|-ability|p2a: Gardevoir|Sand Rush|[from] ability: Trace|[of] p1a: Excadrill\n|turn|29\n|\n|t:|1699908003\n|detailschange|p2a: Gardevoir|Gardevoir-Mega, F, shiny\n|-mega|p2a: Gardevoir|Gardevoir|Gardevoirite\n|move|p2a: Gardevoir|Hyper Voice|p1a: Excadrill\n|-damage|p1a: Excadrill|0 fnt\n|faint|p1a: Excadrill\n|\n|win|PearlHarbor1996\n|raw|wambob's rating: 1235 &rarr; <strong>1215<\/strong><br \/>(-20 for losing)\n|raw|PearlHarbor1996's rating: 1299 &rarr; <strong>1319<\/strong><br \/>(+20 for winning)\n|c|\u2606PearlHarbor1996|gg\n|c|\u2606wambob|NOOOOO\n|c|\u2606wambob|gg\n|c|\u2606wambob|close one\n|c|\u2606PearlHarbor1996|yeah\n|c|\u2606PearlHarbor1996|not my day today\n|c| SkySkys|Very close\n|c| SkySkys|Good job to both of yo\n|c| SkySkys|*you\n|l|\u2606wambob\n|c|\u2606PearlHarbor1996|fancy seeing you here Sky\n|c| SkySkys|Psh, you know I'm here\n|c| SkySkys|Trying to steal your strategies\n|c|\u2606PearlHarbor1996|i had a Tera Fire Mag\n|c|\u2606PearlHarbor1996|And a physical Hydreigin that caught him off guard\n|c|\u2606PearlHarbor1996|*hydreigon\n|c| SkySkys|Physical hydreigon?\n|c| SkySkys|That's\n|c| SkySkys|Interesting\n|c|\u2606PearlHarbor1996|mhm. Its fairly strong.\n|c|\u2606PearlHarbor1996|I could make use of a mixed set.\n|c|\u2606PearlHarbor1996|for steels like Ferrothorn\n|c| SkySkys|Also do excuse me but\n|c|\u2606PearlHarbor1996|i can run Flamethrower or EQ, DDance, Crunch and Draco meteor\/outrage\n|c|\u2606PearlHarbor1996|?\n|c| SkySkys|Stuff is happening\n|c|\u2606PearlHarbor1996|oh.\n|c|\u2606PearlHarbor1996|Well take your time\n|c|\u2606PearlHarbor1996|ill talk to you in pms\n","uploadtime":1699908266,"views":4,"p1id":"wambob","p2id":"pearlharbor1996","formatid":"gen9nationaldex","rating":1215,"private":0,"password":""}