{"id":"gen9nationaldex-2000454528","p1":"s vseve","p2":"NotMystery","format":"[Gen 9] National Dex","log":"|html|<div class=\"broadcast-blue\"><strong>[Gen 9] National Dex is currently suspecting Sneasler! For information on how to participate check out the <a href=\"https:\/\/www.smogon.com\/forums\/threads\/sv-national-dex-suspect-8-just-dance.3731534\/\">suspect thread<\/a>.<\/strong><\/div>\n|j|\u2606s vseve\n|j|\u203dNotMystery\n|t:|1701196195\n|gametype|singles\n|player|p1|s vseve|1|1081\n|player|p2|NotMystery|skyla-masters2|1181\n|teamsize|p1|6\n|teamsize|p2|6\n|gen|9\n|tier|[Gen 9] National Dex\n|rated|\n|rule|HP Percentage Mod: HP is shown in percentages\n|rule|Endless Battle Clause: Forcing endless battles is banned\n|rule|OHKO Clause: OHKO moves are banned\n|rule|Evasion Clause: Evasion abilities, items, and moves are banned\n|rule|Evasion Abilities Clause: Evasion abilities are banned\n|rule|Evasion Items Clause: Evasion items are banned\n|rule|Evasion Moves Clause: Evasion moves are banned\n|rule|Species Clause: Limit one of each Pok\u00e9mon\n|rule|Sleep Clause Mod: Limit one foe put to sleep\n|clearpoke\n|poke|p1|Blastoise, F|\n|poke|p1|Alomomola, M|\n|poke|p1|Greninja-*, F|\n|poke|p1|Basculegion, M|\n|poke|p1|Ogerpon-Wellspring, F|\n|poke|p1|Cramorant, F|\n|poke|p2|Galvantula, F|\n|poke|p2|Tapu Bulu|\n|poke|p2|Banette, M|\n|poke|p2|Amoonguss, M|\n|poke|p2|Urshifu-*, M|\n|poke|p2|Morpeko, F|\n|teampreview\n|inactive|Battle timer is ON: inactive players will automatically lose when time's up. (requested by NotMystery)\n|inactive|s vseve also wants the timer to be on.\n|\n|t:|1701196203\n|start\n|switch|p1a: Cramorant|Cramorant, F|100\/100\n|switch|p2a: Galvantula|Galvantula, F|100\/100\n|turn|1\n|\n|t:|1701196210\n|move|p2a: Galvantula|Thunder|p1a: Cramorant\n|-supereffective|p1a: Cramorant\n|-damage|p1a: Cramorant|0 fnt\n|faint|p1a: Cramorant\n|\n|upkeep\n|\n|t:|1701196215\n|switch|p1a: Blastoise|Blastoise, F|100\/100\n|turn|2\n|\n|t:|1701196218\n|move|p2a: Galvantula|Thunder Wave|p1a: Blastoise\n|-status|p1a: Blastoise|par\n|move|p1a: Blastoise|Shell Smash|p1a: Blastoise\n|-unboost|p1a: Blastoise|def|1\n|-unboost|p1a: Blastoise|spd|1\n|-boost|p1a: Blastoise|atk|2\n|-boost|p1a: Blastoise|spa|2\n|-boost|p1a: Blastoise|spe|2\n|-enditem|p1a: Blastoise|White Herb\n|-clearnegativeboost|p1a: Blastoise|[silent]\n|\n|upkeep\n|turn|3\n|\n|t:|1701196221\n|move|p2a: Galvantula|Sticky Web|p1a: Blastoise\n|-sidestart|p1: s vseve|move: Sticky Web\n|cant|p1a: Blastoise|par\n|\n|upkeep\n|turn|4\n|\n|t:|1701196224\n|move|p2a: Galvantula|Thunder|p1a: Blastoise\n|-supereffective|p1a: Blastoise\n|-damage|p1a: Blastoise|0 fnt\n|faint|p1a: Blastoise\n|\n|upkeep\n|\n|t:|1701196227\n|switch|p1a: Basculegion|Basculegion, M|100\/100\n|-activate|p1a: Basculegion|move: Sticky Web\n|-unboost|p1a: Basculegion|spe|1\n|turn|5\n|\n|t:|1701196229\n|move|p1a: Basculegion|Aqua Jet|p2a: Galvantula\n|-damage|p2a: Galvantula|51\/100\n|-damage|p1a: Basculegion|91\/100|[from] item: Life Orb\n|move|p2a: Galvantula|Thunder|p1a: Basculegion\n|-supereffective|p1a: Basculegion\n|-damage|p1a: Basculegion|0 fnt\n|faint|p1a: Basculegion\n|\n|upkeep\n|\n|t:|1701196236\n|switch|p1a: Alomomola|Alomomola, M|100\/100\n|-activate|p1a: Alomomola|move: Sticky Web\n|-unboost|p1a: Alomomola|spe|1\n|turn|6\n|\n|t:|1701196239\n|move|p2a: Galvantula|Thunder|p1a: Alomomola\n|-supereffective|p1a: Alomomola\n|-damage|p1a: Alomomola|0 fnt\n|faint|p1a: Alomomola\n|\n|upkeep\n|\n|t:|1701196242\n|switch|p1a: Ogerpon|Ogerpon-Wellspring, F|100\/100\n|-activate|p1a: Ogerpon|move: Sticky Web\n|-unboost|p1a: Ogerpon|spe|1\n|turn|7\n|\n|t:|1701196244\n|move|p2a: Galvantula|Thunder Wave|p1a: Ogerpon\n|-status|p1a: Ogerpon|par\n|move|p1a: Ogerpon|Ivy Cudgel|p2a: Galvantula|[anim] Ivy Cudgel Water\n|-damage|p2a: Galvantula|0 fnt\n|faint|p2a: Galvantula\n|\n|upkeep\n|\n|t:|1701196254\n|switch|p2a: Tapu Bulu|Tapu Bulu|100\/100\n|-fieldstart|move: Grassy Terrain|[from] ability: Grassy Surge|[of] p2a: Tapu Bulu\n|turn|8\n|\n|t:|1701196259\n|move|p2a: Tapu Bulu|Wood Hammer|p1a: Ogerpon\n|-damage|p1a: Ogerpon|0 fnt\n|faint|p1a: Ogerpon\n|-damage|p2a: Tapu Bulu|65\/100|[from] Recoil\n|\n|-heal|p2a: Tapu Bulu|71\/100|[from] Grassy Terrain\n|-heal|p2a: Tapu Bulu|77\/100|[from] item: Leftovers\n|upkeep\n|\n|t:|1701196262\n|switch|p1a: Greninja|Greninja, F|100\/100\n|-activate|p1a: Greninja|move: Sticky Web\n|-unboost|p1a: Greninja|spe|1\n|turn|9\n|\n|t:|1701196266\n|move|p2a: Tapu Bulu|Wood Hammer|p1a: Greninja\n|-supereffective|p1a: Greninja\n|-damage|p1a: Greninja|0 fnt\n|faint|p1a: Greninja\n|-damage|p2a: Tapu Bulu|44\/100|[from] Recoil\n|\n|win|NotMystery\n|raw|s vseve's rating: 1081 &rarr; <strong>1065<\/strong><br \/>(-16 for losing)\n|raw|NotMystery's rating: 1181 &rarr; <strong>1199<\/strong><br \/>(+18 for winning)\n|l|\u2606s vseve\n","uploadtime":1701196272,"views":9,"p1id":"svseve","p2id":"notmystery","formatid":"gen9nationaldex","rating":1065,"private":0,"password":""}