{"id":"gen9nationaldex-1989655809","p1":"CheckPlease077","p2":"GenericEdgeLrd","format":"[Gen 9] National Dex","log":"|j|\u2606CheckPlease077\n|j|\u2606GenericEdgeLrd\n|t:|1699883794\n|gametype|singles\n|player|p1|CheckPlease077|clair|1431\n|player|p2|GenericEdgeLrd|170|1358\n|teamsize|p1|6\n|teamsize|p2|6\n|gen|9\n|tier|[Gen 9] National Dex\n|rated|\n|rule|HP Percentage Mod: HP is shown in percentages\n|rule|Endless Battle Clause: Forcing endless battles is banned\n|rule|OHKO Clause: OHKO moves are banned\n|rule|Evasion Clause: Evasion abilities, items, and moves are banned\n|rule|Evasion Abilities Clause: Evasion abilities are banned\n|rule|Evasion Items Clause: Evasion items are banned\n|rule|Evasion Moves Clause: Evasion moves are banned\n|rule|Species Clause: Limit one of each Pok\u00e9mon\n|rule|Sleep Clause Mod: Limit one foe put to sleep\n|clearpoke\n|poke|p1|Kyurem|\n|poke|p1|Slowking-Galar, F|\n|poke|p1|Diancie|\n|poke|p1|Moltres|\n|poke|p1|Ogerpon-Wellspring, F|\n|poke|p1|Great Tusk|\n|poke|p2|Pelipper, F|\n|poke|p2|Barraskewda, F|\n|poke|p2|Azumarill, F|\n|poke|p2|Zapdos|\n|poke|p2|Gyarados, M|\n|poke|p2|Overqwil, M|\n|teampreview\n|inactive|Battle timer is ON: inactive players will automatically lose when time's up. (requested by GenericEdgeLrd)\n|\n|t:|1699883800\n|start\n|switch|p1a: Slowking|Slowking-Galar, F|100\/100\n|switch|p2a: Zapdos|Zapdos|100\/100\n|turn|1\n|\n|t:|1699883807\n|move|p2a: Zapdos|Hurricane|p1a: Slowking\n|-damage|p1a: Slowking|65\/100\n|move|p1a: Slowking|Trick|p2a: Zapdos\n|-activate|p1a: Slowking|move: Trick|[of] p2a: Zapdos\n|-item|p2a: Zapdos|Black Sludge|[from] move: Trick\n|-item|p1a: Slowking|Leftovers|[from] move: Trick\n|\n|-damage|p2a: Zapdos|88\/100|[from] item: Black Sludge\n|-heal|p1a: Slowking|71\/100|[from] item: Leftovers\n|upkeep\n|turn|2\n|\n|t:|1699883817\n|switch|p2a: Pelipper|Pelipper, F|100\/100\n|-weather|RainDance|[from] ability: Drizzle|[of] p2a: Pelipper\n|move|p1a: Slowking|Chilly Reception|p1a: Slowking\n|-weather|Snow\n|\n|t:|1699883821\n|switch|p1a: Kyurem|Kyurem|100\/100|[from] Chilly Reception\n|-ability|p1a: Kyurem|Pressure\n|\n|-weather|Snow|[upkeep]\n|upkeep\n|turn|3\n|\n|t:|1699883828\n|switch|p2a: Overqwil|Overqwil, M|100\/100\n|move|p1a: Kyurem|Freeze-Dry|p2a: Overqwil\n|-damage|p2a: Overqwil|19\/100\n|\n|-weather|Snow|[upkeep]\n|-heal|p2a: Overqwil|25\/100|[from] item: Black Sludge\n|upkeep\n|turn|4\n|\n|t:|1699883834\n|switch|p2a: Pelipper|Pelipper, F|100\/100\n|-weather|RainDance|[from] ability: Drizzle|[of] p2a: Pelipper\n|move|p1a: Kyurem|Freeze-Dry|p2a: Pelipper\n|-supereffective|p2a: Pelipper\n|-damage|p2a: Pelipper|0 fnt\n|faint|p2a: Pelipper\n|\n|-weather|RainDance|[upkeep]\n|upkeep\n|\n|t:|1699883836\n|switch|p2a: Overqwil|Overqwil, M|25\/100\n|turn|5\n|\n|t:|1699883839\n|move|p2a: Overqwil|Barb Barrage|p1a: Kyurem\n|-damage|p1a: Kyurem|70\/100\n|move|p1a: Kyurem|Freeze-Dry|p2a: Overqwil\n|-damage|p2a: Overqwil|0 fnt\n|faint|p2a: Overqwil\n|\n|-weather|RainDance|[upkeep]\n|upkeep\n|\n|t:|1699883845\n|switch|p2a: Gyarados|Gyarados, M|100\/100\n|-ability|p2a: Gyarados|Intimidate|boost\n|-unboost|p1a: Kyurem|atk|1\n|turn|6\n|\n|t:|1699883848\n|detailschange|p2a: Gyarados|Gyarados-Mega, M\n|-mega|p2a: Gyarados|Gyarados|Gyaradosite\n|-ability|p2a: Gyarados|Mold Breaker\n|move|p1a: Kyurem|Freeze-Dry|p2a: Gyarados\n|-supereffective|p2a: Gyarados\n|-crit|p2a: Gyarados\n|-damage|p2a: Gyarados|0 fnt\n|faint|p2a: Gyarados\n|\n|-weather|RainDance|[upkeep]\n|upkeep\n|\n|t:|1699883858\n|switch|p2a: Azumarill|Azumarill, F|100\/100\n|turn|7\n|\n|t:|1699883860\n|move|p1a: Kyurem|Freeze-Dry|p2a: Azumarill\n|-supereffective|p2a: Azumarill\n|-damage|p2a: Azumarill|0 fnt\n|faint|p2a: Azumarill\n|\n|-weather|RainDance|[upkeep]\n|upkeep\n|\n|t:|1699883865\n|switch|p2a: Zapdos|Zapdos|88\/100\n|turn|8\n|\n|t:|1699883868\n|move|p1a: Kyurem|Freeze-Dry|p2a: Zapdos\n|-supereffective|p2a: Zapdos\n|-damage|p2a: Zapdos|0 fnt\n|faint|p2a: Zapdos\n|\n|-weather|RainDance|[upkeep]\n|upkeep\n|\n|t:|1699883870\n|switch|p2a: Barraskewda|Barraskewda, F|100\/100\n|turn|9\n|\n|t:|1699883878\n|move|p2a: Barraskewda|Liquidation|p1a: Kyurem\n|-resisted|p1a: Kyurem\n|-damage|p1a: Kyurem|31\/100\n|-unboost|p1a: Kyurem|def|1\n|-damage|p2a: Barraskewda|91\/100|[from] item: Life Orb\n|move|p1a: Kyurem|Freeze-Dry|p2a: Barraskewda\n|-supereffective|p2a: Barraskewda\n|-damage|p2a: Barraskewda|0 fnt\n|faint|p2a: Barraskewda\n|\n|win|CheckPlease077\n|raw|CheckPlease077's rating: 1431 &rarr; <strong>1447<\/strong><br \/>(+16 for winning)\n|raw|GenericEdgeLrd's rating: 1358 &rarr; <strong>1342<\/strong><br \/>(-16 for losing)\n|l|\u2606GenericEdgeLrd\n","uploadtime":1699883895,"views":14,"p1id":"checkplease077","p2id":"genericedgelrd","formatid":"gen9nationaldex","rating":1342,"private":0,"password":""}