{"id":"gen9nationaldex-1988205843","p1":"dehuang2008","p2":"Freezybreezy","format":"[Gen 9] National Dex","log":"|j|\u2606dehuang2008\n|j|\u2606Freezybreezy\n|t:|1699685031\n|gametype|singles\n|player|p1|dehuang2008|colress|1159\n|player|p2|Freezybreezy|sabrina|1267\n|teamsize|p1|6\n|teamsize|p2|6\n|gen|9\n|tier|[Gen 9] National Dex\n|rated|\n|rule|HP Percentage Mod: HP is shown in percentages\n|rule|Endless Battle Clause: Forcing endless battles is banned\n|rule|OHKO Clause: OHKO moves are banned\n|rule|Evasion Clause: Evasion abilities, items, and moves are banned\n|rule|Evasion Abilities Clause: Evasion abilities are banned\n|rule|Evasion Items Clause: Evasion items are banned\n|rule|Evasion Moves Clause: Evasion moves are banned\n|rule|Species Clause: Limit one of each Pok\u00e9mon\n|rule|Sleep Clause Mod: Limit one foe put to sleep\n|clearpoke\n|poke|p1|Pelipper, M|\n|poke|p1|Swampert, F|\n|poke|p1|Kingdra, M|\n|poke|p1|Ferrothorn, F|\n|poke|p1|Barraskewda, M|\n|poke|p1|Tornadus-Therian, M|\n|poke|p2|Typhlosion-Hisui, M|\n|poke|p2|Infernape, F|\n|poke|p2|Arcanine-Hisui, M|\n|poke|p2|Volcanion|\n|poke|p2|Skeledirge, M|\n|poke|p2|Blacephalon|\n|teampreview\n|\n|t:|1699685045\n|start\n|switch|p1a: Pelipper|Pelipper, M|100\/100\n|switch|p2a: Infernape|Infernape, F|100\/100\n|-weather|RainDance|[from] ability: Drizzle|[of] p1a: Pelipper\n|turn|1\n|inactive|Battle timer is ON: inactive players will automatically lose when time's up. (requested by Freezybreezy)\n|\n|t:|1699685049\n|move|p2a: Infernape|Stealth Rock|p1a: Pelipper\n|-sidestart|p1: dehuang2008|move: Stealth Rock\n|move|p1a: Pelipper|U-turn|p2a: Infernape\n|-resisted|p2a: Infernape\n|-damage|p2a: Infernape|97\/100\n|\n|t:|1699685058\n|switch|p1a: Swampert|Swampert, F|100\/100|[from] U-turn\n|-damage|p1a: Swampert|94\/100|[from] Stealth Rock\n|\n|-weather|RainDance|[upkeep]\n|upkeep\n|turn|2\n|\n|t:|1699685064\n|detailschange|p1a: Swampert|Swampert-Mega, F\n|-mega|p1a: Swampert|Swampert|Swampertite\n|move|p1a: Swampert|Earthquake|p2a: Infernape\n|-supereffective|p2a: Infernape\n|-damage|p2a: Infernape|0 fnt\n|faint|p2a: Infernape\n|\n|-weather|RainDance|[upkeep]\n|upkeep\n|\n|t:|1699685075\n|switch|p2a: Volcanion|Volcanion|100\/100\n|turn|3\n|\n|t:|1699685080\n|move|p1a: Swampert|Earthquake|p2a: Volcanion\n|-supereffective|p2a: Volcanion\n|-damage|p2a: Volcanion|0 fnt\n|faint|p2a: Volcanion\n|\n|-weather|RainDance|[upkeep]\n|upkeep\n|\n|t:|1699685096\n|switch|p2a: Typhlosion|Typhlosion-Hisui, M|100\/100\n|turn|4\n|\n|t:|1699685103\n|move|p1a: Swampert|Earthquake|p2a: Typhlosion\n|-supereffective|p2a: Typhlosion\n|-damage|p2a: Typhlosion|0 fnt\n|faint|p2a: Typhlosion\n|\n|-weather|RainDance|[upkeep]\n|upkeep\n|\n|t:|1699685109\n|switch|p2a: Arcanine|Arcanine-Hisui, M|100\/100\n|turn|5\n|\n|t:|1699685130\n|move|p2a: Arcanine|Extreme Speed|p1a: Swampert\n|-damage|p1a: Swampert|66\/100\n|-damage|p2a: Arcanine|91\/100|[from] item: Life Orb\n|move|p1a: Swampert|Earthquake|p2a: Arcanine\n|-supereffective|p2a: Arcanine\n|-damage|p2a: Arcanine|0 fnt\n|faint|p2a: Arcanine\n|\n|-weather|RainDance|[upkeep]\n|upkeep\n|\n|t:|1699685134\n|switch|p2a: Skeledirge|Skeledirge, M|100\/100\n|turn|6\n|\n|t:|1699685143\n|move|p1a: Swampert|Earthquake|p2a: Skeledirge\n|-supereffective|p2a: Skeledirge\n|-damage|p2a: Skeledirge|17\/100\n|move|p2a: Skeledirge|Will-O-Wisp|p1a: Swampert\n|-status|p1a: Swampert|brn\n|\n|-weather|RainDance|[upkeep]\n|-heal|p2a: Skeledirge|24\/100|[from] item: Leftovers\n|-damage|p1a: Swampert|60\/100 brn|[from] brn\n|upkeep\n|turn|7\n|\n|t:|1699685151\n|move|p1a: Swampert|Waterfall|p2a: Skeledirge\n|-supereffective|p2a: Skeledirge\n|-damage|p2a: Skeledirge|0 fnt\n|faint|p2a: Skeledirge\n|\n|-weather|RainDance|[upkeep]\n|-damage|p1a: Swampert|54\/100 brn|[from] brn\n|upkeep\n|\n|t:|1699685153\n|switch|p2a: Blacephalon|Blacephalon|100\/100\n|turn|8\n|\n|t:|1699685158\n|move|p2a: Blacephalon|Shadow Ball|p1a: Swampert\n|-damage|p1a: Swampert|8\/100 brn\n|move|p1a: Swampert|Waterfall|p2a: Blacephalon\n|-supereffective|p2a: Blacephalon\n|-damage|p2a: Blacephalon|0 fnt\n|faint|p2a: Blacephalon\n|\n|win|dehuang2008\n|raw|dehuang2008's rating: 1159 &rarr; <strong>1192<\/strong><br \/>(+33 for winning)\n|raw|Freezybreezy's rating: 1267 &rarr; <strong>1234<\/strong><br \/>(-33 for losing)\n|l|\u2606Freezybreezy\n","uploadtime":1699685168,"views":8,"p1id":"dehuang2008","p2id":"freezybreezy","formatid":"gen9nationaldex","rating":1192,"private":0,"password":""}