{"id":"gen9nationaldex-1989410737","p1":"JuzOzuj","p2":"Corazonmorado27","format":"[Gen 9] National Dex","log":"|j|\u2606JuzOzuj\n|j|\u2606Corazonmorado27\n|t:|1699846719\n|gametype|singles\n|player|p1|JuzOzuj|1|\n|player|p2|Corazonmorado27|parasollady|\n|teamsize|p1|6\n|teamsize|p2|6\n|gen|9\n|tier|[Gen 9] National Dex\n|rule|HP Percentage Mod: HP is shown in percentages\n|rule|Endless Battle Clause: Forcing endless battles is banned\n|rule|OHKO Clause: OHKO moves are banned\n|rule|Evasion Clause: Evasion abilities, items, and moves are banned\n|rule|Evasion Abilities Clause: Evasion abilities are banned\n|rule|Evasion Items Clause: Evasion items are banned\n|rule|Evasion Moves Clause: Evasion moves are banned\n|rule|Species Clause: Limit one of each Pok\u00e9mon\n|rule|Sleep Clause Mod: Limit one foe put to sleep\n|clearpoke\n|poke|p1|Leafeon, M|\n|poke|p1|Empoleon, M|\n|poke|p1|Garchomp, M|\n|poke|p1|Yanmega, F|\n|poke|p1|Electivire, M|\n|poke|p1|Floatzel, F|\n|poke|p2|Typhlosion, F|\n|poke|p2|Jumpluff, F|\n|poke|p2|Quagsire, F|\n|poke|p2|Espeon, M|\n|poke|p2|Heracross, M|\n|poke|p2|Weavile, M|\n|teampreview\n|j| mixco\n|\n|t:|1699846772\n|start\n|switch|p1a: Denryoku|Electivire, M|100\/100\n|switch|p2a: Miss. Typhlosion|Typhlosion, F|100\/100\n|turn|1\n|\n|t:|1699846788\n|move|p1a: Denryoku|Earthquake|p2a: Miss. Typhlosion\n|-supereffective|p2a: Miss. Typhlosion\n|-damage|p2a: Miss. Typhlosion|11\/100\n|move|p2a: Miss. Typhlosion|Eruption|p1a: Denryoku\n|-damage|p1a: Denryoku|85\/100\n|\n|upkeep\n|turn|2\n|\n|t:|1699846797\n|switch|p2a: Miss. Jumpluff|Jumpluff, F|100\/100\n|move|p1a: Denryoku|Earthquake|p2a: Miss. Jumpluff\n|-immune|p2a: Miss. Jumpluff\n|\n|upkeep\n|turn|3\n|\n|t:|1699846807\n|switch|p1a: Constantine|Empoleon, M|100\/100\n|move|p2a: Miss. Jumpluff|Infestation|p1a: Constantine\n|-resisted|p1a: Constantine\n|-damage|p1a: Constantine|99\/100\n|-activate|p1a: Constantine|move: Infestation|[of] p2a: Miss. Jumpluff\n|\n|-heal|p1a: Constantine|100\/100|[from] item: Leftovers\n|-damage|p1a: Constantine|88\/100|[from] move: Infestation|[partiallytrapped]\n|upkeep\n|turn|4\n|\n|t:|1699846816\n|move|p2a: Miss. Jumpluff|Sleep Powder|p1a: Constantine\n|-status|p1a: Constantine|slp|[from] move: Sleep Powder\n|cant|p1a: Constantine|slp\n|\n|-heal|p1a: Constantine|94\/100 slp|[from] item: Leftovers\n|-damage|p1a: Constantine|82\/100 slp|[from] move: Infestation|[partiallytrapped]\n|upkeep\n|turn|5\n|\n|t:|1699846823\n|move|p2a: Miss. Jumpluff|Leech Seed|p1a: Constantine\n|-start|p1a: Constantine|move: Leech Seed\n|cant|p1a: Constantine|slp\n|\n|-heal|p1a: Constantine|88\/100 slp|[from] item: Leftovers\n|-damage|p1a: Constantine|76\/100 slp|[from] Leech Seed|[of] p2a: Miss. Jumpluff\n|-damage|p1a: Constantine|63\/100 slp|[from] move: Infestation|[partiallytrapped]\n|upkeep\n|turn|6\n|\n|t:|1699846835\n|switch|p2a: Miss. Typhlosion|Typhlosion, F|11\/100\n|-curestatus|p1a: Constantine|slp|[msg]\n|move|p1a: Constantine|Roost|p1a: Constantine\n|-heal|p1a: Constantine|100\/100\n|-singleturn|p1a: Constantine|move: Roost\n|\n|-damage|p1a: Constantine|88\/100|[from] Leech Seed|[of] p2a: Miss. Typhlosion\n|-heal|p2a: Miss. Typhlosion|26\/100|[silent]\n|-end|p1a: Constantine|Infestation|[partiallytrapped]|[silent]\n|upkeep\n|turn|7\n|\n|t:|1699846847\n|switch|p2a: Miss. Quagsire|Quagsire, F|100\/100\n|move|p1a: Constantine|Scald|p2a: Miss. Quagsire\n|-damage|p2a: Miss. Quagsire|73\/100\n|\n|-heal|p1a: Constantine|94\/100|[from] item: Leftovers\n|-heal|p2a: Miss. Quagsire|79\/100|[from] item: Leftovers\n|-damage|p1a: Constantine|82\/100|[from] Leech Seed|[of] p2a: Miss. Quagsire\n|-heal|p2a: Miss. Quagsire|93\/100|[silent]\n|upkeep\n|turn|8\n|\n|t:|1699846859\n|switch|p1a: Dakari|Leafeon, M|100\/100\n|move|p2a: Miss. Quagsire|Stealth Rock|p1a: Dakari\n|-sidestart|p1: JuzOzuj|move: Stealth Rock\n|\n|-heal|p2a: Miss. Quagsire|99\/100|[from] item: Leftovers\n|upkeep\n|turn|9\n|\n|t:|1699846878\n|switch|p2a: Miss. Jumpluff|Jumpluff, F|100\/100\n|move|p1a: Dakari|Toxic|p2a: Miss. Jumpluff\n|-status|p2a: Miss. Jumpluff|tox\n|\n|-damage|p2a: Miss. Jumpluff|94\/100 tox|[from] psn\n|upkeep\n|turn|10\n|\n|t:|1699846922\n|switch|p1a: Constantine|Empoleon, M|82\/100\n|-damage|p1a: Constantine|76\/100|[from] Stealth Rock\n|move|p2a: Miss. Jumpluff|Strength Sap|p1a: Constantine\n|-unboost|p1a: Constantine|atk|1\n|-ability|p1a: Constantine|Competitive|boost\n|-boost|p1a: Constantine|spa|2\n|-heal|p2a: Miss. Jumpluff|100\/100 tox\n|\n|-heal|p1a: Constantine|82\/100|[from] item: Leftovers\n|-damage|p2a: Miss. Jumpluff|88\/100 tox|[from] psn\n|upkeep\n|turn|11\n|\n|t:|1699846937\n|move|p2a: Miss. Jumpluff|Sleep Powder|p1a: Constantine\n|-status|p1a: Constantine|slp|[from] move: Sleep Powder\n|cant|p1a: Constantine|slp\n|\n|-heal|p2a: Miss. Jumpluff|94\/100 tox|[from] item: Leftovers\n|-heal|p1a: Constantine|88\/100 slp|[from] item: Leftovers\n|-damage|p2a: Miss. Jumpluff|76\/100 tox|[from] psn\n|upkeep\n|turn|12\n|\n|t:|1699846945\n|move|p2a: Miss. Jumpluff|Leech Seed|p1a: Constantine|[miss]\n|-miss|p2a: Miss. Jumpluff|p1a: Constantine\n|cant|p1a: Constantine|slp\n|\n|-heal|p2a: Miss. Jumpluff|82\/100 tox|[from] item: Leftovers\n|-heal|p1a: Constantine|94\/100 slp|[from] item: Leftovers\n|-damage|p2a: Miss. Jumpluff|57\/100 tox|[from] psn\n|upkeep\n|turn|13\n|\n|t:|1699846953\n|move|p2a: Miss. Jumpluff|Leech Seed|p1a: Constantine\n|-start|p1a: Constantine|move: Leech Seed\n|cant|p1a: Constantine|slp\n|\n|-heal|p2a: Miss. Jumpluff|63\/100 tox|[from] item: Leftovers\n|-heal|p1a: Constantine|100\/100 slp|[from] item: Leftovers\n|-damage|p1a: Constantine|88\/100 slp|[from] Leech Seed|[of] p2a: Miss. Jumpluff\n|-heal|p2a: Miss. Jumpluff|76\/100 tox|[silent]\n|-damage|p2a: Miss. Jumpluff|45\/100 tox|[from] psn\n|upkeep\n|turn|14\n|\n|t:|1699846969\n|move|p2a: Miss. Jumpluff|Infestation|p1a: Constantine\n|-resisted|p1a: Constantine\n|-damage|p1a: Constantine|87\/100 slp\n|-activate|p1a: Constantine|move: Infestation|[of] p2a: Miss. Jumpluff\n|-curestatus|p1a: Constantine|slp|[msg]\n|move|p1a: Constantine|Defog|p2a: Miss. Jumpluff\n|-unboost|p2a: Miss. Jumpluff|evasion|1\n|-sideend|p1: JuzOzuj|Stealth Rock|[from] move: Defog|[of] p1a: Constantine\n|\n|-heal|p2a: Miss. Jumpluff|51\/100 tox|[from] item: Leftovers\n|-heal|p1a: Constantine|93\/100|[from] item: Leftovers\n|-damage|p1a: Constantine|81\/100|[from] Leech Seed|[of] p2a: Miss. Jumpluff\n|-heal|p2a: Miss. Jumpluff|64\/100 tox|[silent]\n|-damage|p2a: Miss. Jumpluff|27\/100 tox|[from] psn\n|-damage|p1a: Constantine|69\/100|[from] move: Infestation|[partiallytrapped]\n|upkeep\n|turn|15\n|\n|t:|1699846983\n|move|p2a: Miss. Jumpluff|Sleep Powder|p1a: Constantine\n|-status|p1a: Constantine|slp|[from] move: Sleep Powder\n|cant|p1a: Constantine|slp\n|\n|-heal|p2a: Miss. Jumpluff|33\/100 tox|[from] item: Leftovers\n|-heal|p1a: Constantine|75\/100 slp|[from] item: Leftovers\n|-damage|p1a: Constantine|62\/100 slp|[from] Leech Seed|[of] p2a: Miss. Jumpluff\n|-heal|p2a: Miss. Jumpluff|46\/100 tox|[silent]\n|-damage|p2a: Miss. Jumpluff|3\/100 tox|[from] psn\n|-damage|p1a: Constantine|50\/100 slp|[from] move: Infestation|[partiallytrapped]\n|upkeep\n|turn|16\n|\n|t:|1699846996\n|move|p2a: Miss. Jumpluff|Infestation|p1a: Constantine\n|-resisted|p1a: Constantine\n|-damage|p1a: Constantine|49\/100 slp\n|cant|p1a: Constantine|slp\n|\n|-heal|p2a: Miss. Jumpluff|9\/100 tox|[from] item: Leftovers\n|-heal|p1a: Constantine|55\/100 slp|[from] item: Leftovers\n|-damage|p1a: Constantine|43\/100 slp|[from] Leech Seed|[of] p2a: Miss. Jumpluff\n|-heal|p2a: Miss. Jumpluff|22\/100 tox|[silent]\n|-damage|p2a: Miss. Jumpluff|0 fnt|[from] psn\n|faint|p2a: Miss. Jumpluff\n|-end|p1a: Constantine|Infestation|[partiallytrapped]|[silent]\n|upkeep\n|\n|t:|1699847011\n|switch|p2a: Mr. Espeon|Espeon, M|100\/100\n|turn|17\n|\n|t:|1699847019\n|-zpower|p2a: Mr. Espeon\n|move|p2a: Mr. Espeon|Z-Celebrate|p2a: Mr. Espeon|[anim]Celebrate\n|-boost|p2a: Mr. Espeon|atk|1|[zeffect]\n|-boost|p2a: Mr. Espeon|def|1|[zeffect]\n|-boost|p2a: Mr. Espeon|spa|1|[zeffect]\n|-boost|p2a: Mr. Espeon|spd|1|[zeffect]\n|-boost|p2a: Mr. Espeon|spe|1|[zeffect]\n|-activate|p2a: Mr. Espeon|move: Celebrate\n|cant|p1a: Constantine|slp\n|\n|-heal|p1a: Constantine|49\/100 slp|[from] item: Leftovers\n|-damage|p1a: Constantine|37\/100 slp|[from] Leech Seed|[of] p2a: Mr. Espeon\n|upkeep\n|turn|18\n|\n|t:|1699847037\n|move|p2a: Mr. Espeon|Stored Power|p1a: Constantine\n|-resisted|p1a: Constantine\n|-damage|p1a: Constantine|8\/100 slp\n|-curestatus|p1a: Constantine|slp|[msg]\n|move|p1a: Constantine|Roost|p1a: Constantine\n|-heal|p1a: Constantine|58\/100\n|-singleturn|p1a: Constantine|move: Roost\n|\n|-heal|p1a: Constantine|64\/100|[from] item: Leftovers\n|-damage|p1a: Constantine|52\/100|[from] Leech Seed|[of] p2a: Mr. Espeon\n|upkeep\n|turn|19\n|\n|t:|1699847062\n|move|p2a: Mr. Espeon|Psyshock|p1a: Constantine\n|-resisted|p1a: Constantine\n|-damage|p1a: Constantine|19\/100\n|move|p1a: Constantine|Roost|p1a: Constantine\n|-heal|p1a: Constantine|69\/100\n|-singleturn|p1a: Constantine|move: Roost\n|\n|-heal|p1a: Constantine|75\/100|[from] item: Leftovers\n|-damage|p1a: Constantine|63\/100|[from] Leech Seed|[of] p2a: Mr. Espeon\n|upkeep\n|turn|20\n|\n|t:|1699847089\n|move|p2a: Mr. Espeon|Psyshock|p1a: Constantine\n|-resisted|p1a: Constantine\n|-damage|p1a: Constantine|32\/100\n|move|p1a: Constantine|Scald|p2a: Mr. Espeon\n|-damage|p2a: Mr. Espeon|44\/100\n|\n|-heal|p1a: Constantine|38\/100|[from] item: Leftovers\n|-damage|p1a: Constantine|25\/100|[from] Leech Seed|[of] p2a: Mr. Espeon\n|-heal|p2a: Mr. Espeon|61\/100|[silent]\n|upkeep\n|turn|21\n|\n|t:|1699847110\n|move|p2a: Mr. Espeon|Psyshock|p1a: Constantine\n|-resisted|p1a: Constantine\n|-damage|p1a: Constantine|0 fnt\n|faint|p1a: Constantine\n|\n|upkeep\n|\n|t:|1699847121\n|switch|p1a: Yul|Floatzel, F|100\/100\n|turn|22\n|\n|t:|1699847127\n|move|p2a: Mr. Espeon|Stored Power|p1a: Yul\n|-damage|p1a: Yul|0 fnt\n|faint|p1a: Yul\n|\n|upkeep\n|\n|t:|1699847136\n|switch|p1a: Denryoku|Electivire, M|85\/100\n|turn|23\n|\n|t:|1699847141\n|move|p2a: Mr. Espeon|Stored Power|p1a: Denryoku\n|-damage|p1a: Denryoku|0 fnt\n|faint|p1a: Denryoku\n|\n|upkeep\n|-message|JuzOzuj forfeited.\n|\n|win|Corazonmorado27\n|l|\u2606JuzOzuj\n","uploadtime":1699847154,"views":4,"p1id":"juzozuj","p2id":"corazonmorado27","formatid":"gen9nationaldex","rating":0,"private":0,"password":""}