{"id":"gen9nationaldex-1994229537","p1":"PikachuXD317878","p2":"FdePerro28","format":"[Gen 9] National Dex","log":"|j|\u2606PikachuXD317878\n|j|\u2606FdePerro28\n|t:|1700421284\n|gametype|singles\n|player|p1|PikachuXD317878|rye|\n|player|p2|FdePerro28|bugcatcher-gen4dp|\n|teamsize|p1|6\n|teamsize|p2|6\n|gen|9\n|tier|[Gen 9] National Dex\n|rule|HP Percentage Mod: HP is shown in percentages\n|rule|Endless Battle Clause: Forcing endless battles is banned\n|rule|OHKO Clause: OHKO moves are banned\n|rule|Evasion Clause: Evasion abilities, items, and moves are banned\n|rule|Evasion Abilities Clause: Evasion abilities are banned\n|rule|Evasion Items Clause: Evasion items are banned\n|rule|Evasion Moves Clause: Evasion moves are banned\n|rule|Species Clause: Limit one of each Pok\u00e9mon\n|rule|Sleep Clause Mod: Limit one foe put to sleep\n|clearpoke\n|poke|p1|Empoleon, F|\n|poke|p1|Ninetales-Alola, F|\n|poke|p1|Kommo-o, F|\n|poke|p1|Cinderace, F|\n|poke|p1|Gliscor, M|\n|poke|p1|Hydreigon, M|\n|poke|p2|Skeledirge, F|\n|poke|p2|Wugtrio, M|\n|poke|p2|Farigiraf, F|\n|poke|p2|Spidops, F|\n|poke|p2|Flamigo, F|\n|poke|p2|Cetitan, F|\n|teampreview\n|c|\u2606FdePerro28|glhf\n|l|\u2606PikachuXD317878\n|player|p1|\n|j|\u2606PikachuXD317878\n|player|p1|PikachuXD317878|rye\n|c|\u2606PikachuXD317878|Suerte\n|\n|t:|1700421326\n|start\n|switch|p1a: Ninetales|Ninetales-Alola, F|100\/100\n|switch|p2a: ElBichoPelao|Spidops, F|100\/100\n|-weather|Snow|[from] ability: Snow Warning|[of] p1a: Ninetales\n|turn|1\n|\n|t:|1700421333\n|move|p1a: Ninetales|Aurora Veil|p1a: Ninetales\n|-sidestart|p1: PikachuXD317878|move: Aurora Veil\n|move|p2a: ElBichoPelao|Sticky Web|p1a: Ninetales\n|-sidestart|p1: PikachuXD317878|move: Sticky Web\n|\n|-weather|Snow|[upkeep]\n|upkeep\n|turn|2\n|c|\u2606FdePerro28|de que juego es tu team?\n|\n|t:|1700421349\n|switch|p2a: K.Rool|Skeledirge, F|100\/100\n|move|p1a: Ninetales|Encore||[still]\n|-fail|p1a: Ninetales\n|\n|-weather|Snow|[upkeep]\n|upkeep\n|turn|3\n|c|\u2606PikachuXD317878|SV DLC\n|c|\u2606FdePerro28|aaa ta cheto\n|\n|t:|1700421366\n|move|p1a: Ninetales|Freeze-Dry|p2a: K.Rool\n|-resisted|p2a: K.Rool\n|-damage|p2a: K.Rool|87\/100\n|move|p2a: K.Rool|Substitute|p2a: K.Rool\n|-start|p2a: K.Rool|Substitute\n|-damage|p2a: K.Rool|62\/100\n|\n|-weather|Snow|[upkeep]\n|-heal|p2a: K.Rool|68\/100|[from] item: Leftovers\n|upkeep\n|turn|4\n|\n|t:|1700421369\n|move|p1a: Ninetales|Encore|p2a: K.Rool\n|-start|p2a: K.Rool|Encore\n|move|p2a: K.Rool|Substitute|p2a: K.Rool\n|-fail|p2a: K.Rool|move: Substitute\n|\n|-weather|Snow|[upkeep]\n|-heal|p2a: K.Rool|74\/100|[from] item: Leftovers\n|upkeep\n|turn|5\n|\n|t:|1700421373\n|switch|p1a: Hydreigon|Hydreigon, M|100\/100\n|move|p2a: K.Rool|Substitute|p2a: K.Rool\n|-fail|p2a: K.Rool|move: Substitute\n|\n|-weather|none\n|-heal|p2a: K.Rool|80\/100|[from] item: Leftovers\n|upkeep\n|turn|6\n|\n|t:|1700421386\n|switch|p2a: Jacky|Flamigo, F|100\/100\n|move|p1a: Hydreigon|Substitute|p1a: Hydreigon\n|-start|p1a: Hydreigon|Substitute\n|-damage|p1a: Hydreigon|76\/100\n|\n|upkeep\n|turn|7\n|\n|t:|1700421394\n|move|p1a: Hydreigon|Nasty Plot|p1a: Hydreigon\n|-boost|p1a: Hydreigon|spa|2\n|move|p2a: Jacky|U-turn|p1a: Hydreigon\n|-supereffective|p1a: Hydreigon\n|-end|p1a: Hydreigon|Substitute\n|\n|t:|1700421405\n|switch|p2a: Catleya|Farigiraf, F|100\/100|[from] U-turn\n|\n|upkeep\n|turn|8\n|\n|t:|1700421408\n|-terastallize|p2a: Catleya|Fairy\n|move|p1a: Hydreigon|Substitute|p1a: Hydreigon\n|-start|p1a: Hydreigon|Substitute\n|-damage|p1a: Hydreigon|51\/100\n|move|p2a: Catleya|Dazzling Gleam|p1a: Hydreigon\n|-supereffective|p1a: Hydreigon\n|-end|p1a: Hydreigon|Substitute\n|\n|-sideend|p1: PikachuXD317878|move: Aurora Veil\n|upkeep\n|turn|9\n|\n|t:|1700421412\n|move|p1a: Hydreigon|Substitute|p1a: Hydreigon\n|-start|p1a: Hydreigon|Substitute\n|-damage|p1a: Hydreigon|26\/100\n|move|p2a: Catleya|Dazzling Gleam|p1a: Hydreigon\n|-supereffective|p1a: Hydreigon\n|-end|p1a: Hydreigon|Substitute\n|\n|upkeep\n|turn|10\n|\n|t:|1700421414\n|move|p1a: Hydreigon|Substitute|p1a: Hydreigon\n|-start|p1a: Hydreigon|Substitute\n|-damage|p1a: Hydreigon|1\/100\n|-enditem|p1a: Hydreigon|Salac Berry|[eat]\n|-boost|p1a: Hydreigon|spe|1|[from] item: Salac Berry\n|move|p2a: Catleya|Dazzling Gleam|p1a: Hydreigon\n|-supereffective|p1a: Hydreigon\n|-end|p1a: Hydreigon|Substitute\n|\n|upkeep\n|turn|11\n|\n|t:|1700421417\n|move|p1a: Hydreigon|Belch|p2a: Catleya\n|-supereffective|p2a: Catleya\n|-damage|p2a: Catleya|25\/100\n|move|p2a: Catleya|Dazzling Gleam|p1a: Hydreigon\n|-supereffective|p1a: Hydreigon\n|-damage|p1a: Hydreigon|0 fnt\n|faint|p1a: Hydreigon\n|\n|upkeep\n|c|\u2606PikachuXD317878|Oof\n|c|\u2606FdePerro28|ok esa estrategia es god\n|c|\u2606PikachuXD317878|Esa cosa es bulky\n|c|\u2606FdePerro28|mis dieces\n|\n|t:|1700421437\n|switch|p1a: Gliscor|Gliscor, M|100\/100\n|turn|12\n|c|\u2606FdePerro28|nunca se me hubiera ocurrido\n|\n|t:|1700421447\n|switch|p2a: Pepe :3|Wugtrio, M|100\/100\n|move|p1a: Gliscor|Swords Dance|p1a: Gliscor\n|-boost|p1a: Gliscor|atk|2\n|\n|-status|p1a: Gliscor|tox|[from] item: Toxic Orb\n|upkeep\n|turn|13\n|c|\u2606PikachuXD317878|Xd\n|c|\u2606PikachuXD317878|Le llamo\n|c|\u2606PikachuXD317878|La pesadilla de Mixco\n|\n|t:|1700421460\n|move|p2a: Pepe :3|Triple Dive|p1a: Gliscor\n|-supereffective|p1a: Gliscor\n|-crit|p1a: Gliscor\n|-damage|p1a: Gliscor|40\/100 tox\n|-supereffective|p1a: Gliscor\n|-damage|p1a: Gliscor|3\/100 tox\n|-supereffective|p1a: Gliscor\n|-damage|p1a: Gliscor|0 fnt\n|faint|p1a: Gliscor\n|-hitcount|p1: Gliscor|3\n|\n|upkeep\n|c|\u2606FdePerro28|xdddddd\n|c|\u2606FdePerro28|buen nombre\n|\n|t:|1700421471\n|switch|p1a: Kommo-o|Kommo-o, F|100\/100\n|-activate|p1a: Kommo-o|move: Sticky Web\n|-unboost|p1a: Kommo-o|spe|1\n|turn|14\n|c|\u2606PikachuXD317878|Alv estoy jugando re mal\n|\n|t:|1700421481\n|switch|p2a: Catleya|Farigiraf, F, tera:Fairy|25\/100\n|-zpower|p1a: Kommo-o\n|move|p1a: Kommo-o|Clangorous Soulblaze|p2a: Catleya|[zeffect]\n|-immune|p2a: Catleya\n|\n|upkeep\n|turn|15\n|\n|t:|1700421484\n|move|p1a: Kommo-o|Flash Cannon|p2a: Catleya\n|-supereffective|p2a: Catleya\n|-damage|p2a: Catleya|1\/100\n|move|p2a: Catleya|Dazzling Gleam|p1a: Kommo-o\n|-supereffective|p1a: Kommo-o\n|-crit|p1a: Kommo-o\n|-damage|p1a: Kommo-o|0 fnt\n|faint|p1a: Kommo-o\n|\n|upkeep\n|\n|t:|1700421486\n|switch|p1a: Cinderace|Cinderace, F|100\/100\n|turn|16\n|\n|t:|1700421490\n|move|p1a: Cinderace|Pyro Ball|p2a: Catleya\n|-damage|p2a: Catleya|0 fnt\n|faint|p2a: Catleya\n|\n|upkeep\n|\n|t:|1700421494\n|switch|p2a: Pepe :3|Wugtrio, M|100\/100\n|turn|17\n|\n|t:|1700421499\n|switch|p1a: Empoleon|Empoleon, F|100\/100\n|-activate|p1a: Empoleon|move: Sticky Web\n|-unboost|p1a: Empoleon|spe|1\n|-ability|p1a: Empoleon|Competitive|boost\n|-boost|p1a: Empoleon|spa|2\n|move|p2a: Pepe :3|Triple Dive|p1a: Empoleon|[miss]\n|-miss|p2a: Pepe :3|p1a: Empoleon\n|\n|upkeep\n|turn|18\n|\n|t:|1700421513\n|switch|p2a: C-Titan|Cetitan, F|100\/100\n|move|p1a: Empoleon|Scald|p2a: C-Titan\n|-damage|p2a: C-Titan|43\/100\n|-status|p2a: C-Titan|brn\n|-enditem|p2a: C-Titan|Sitrus Berry|[eat]\n|-heal|p2a: C-Titan|68\/100 brn|[from] item: Sitrus Berry\n|\n|-damage|p2a: C-Titan|62\/100 brn|[from] brn\n|upkeep\n|turn|19\n|\n|t:|1700421518\n|move|p2a: C-Titan|Knock Off|p1a: Empoleon\n|-damage|p1a: Empoleon|92\/100\n|-enditem|p1a: Empoleon|Leftovers|[from] move: Knock Off|[of] p2a: C-Titan\n|move|p1a: Empoleon|Scald|p2a: C-Titan\n|-damage|p2a: C-Titan|5\/100 brn\n|\n|-damage|p2a: C-Titan|0 fnt|[from] brn\n|faint|p2a: C-Titan\n|upkeep\n|\n|t:|1700421524\n|switch|p2a: Jacky|Flamigo, F|100\/100\n|turn|20\n|\n|t:|1700421527\n|-terastallize|p1a: Empoleon|Fairy\n|move|p2a: Jacky|Close Combat|p1a: Empoleon\n|-resisted|p1a: Empoleon\n|-damage|p1a: Empoleon|71\/100\n|-unboost|p2a: Jacky|def|1\n|-unboost|p2a: Jacky|spd|1\n|move|p1a: Empoleon|Scald|p2a: Jacky\n|-damage|p2a: Jacky|0 fnt\n|faint|p2a: Jacky\n|\n|upkeep\n|\n|t:|1700421534\n|switch|p2a: Pepe :3|Wugtrio, M|100\/100\n|turn|21\n|\n|t:|1700421541\n|move|p2a: Pepe :3|Triple Dive|p1a: Empoleon\n|-damage|p1a: Empoleon|57\/100\n|-damage|p1a: Empoleon|43\/100\n|-damage|p1a: Empoleon|29\/100\n|-hitcount|p1a: Empoleon|3\n|move|p1a: Empoleon|Scald|p2a: Pepe :3\n|-resisted|p2a: Pepe :3\n|-damage|p2a: Pepe :3|34\/100\n|-status|p2a: Pepe :3|brn\n|\n|-damage|p2a: Pepe :3|28\/100 brn|[from] brn\n|upkeep\n|turn|22\n|\n|t:|1700421545\n|move|p2a: Pepe :3|Triple Dive|p1a: Empoleon\n|-damage|p1a: Empoleon|23\/100\n|-damage|p1a: Empoleon|16\/100\n|-damage|p1a: Empoleon|8\/100\n|-hitcount|p1a: Empoleon|3\n|move|p1a: Empoleon|Roost|p1a: Empoleon\n|-heal|p1a: Empoleon|58\/100\n|\n|-damage|p2a: Pepe :3|22\/100 brn|[from] brn\n|upkeep\n|turn|23\n|c|\u2606FdePerro28|perdi xd\n|\n|t:|1700421554\n|move|p2a: Pepe :3|Triple Dive|p1a: Empoleon\n|-damage|p1a: Empoleon|51\/100\n|-damage|p1a: Empoleon|43\/100\n|-damage|p1a: Empoleon|37\/100\n|-hitcount|p1a: Empoleon|3\n|move|p1a: Empoleon|Roost|p1a: Empoleon\n|-heal|p1a: Empoleon|87\/100\n|\n|-damage|p2a: Pepe :3|16\/100 brn|[from] brn\n|upkeep\n|turn|24\n|c|\u2606FdePerro28|ggwp\n|c|\u2606FdePerro28|que tanquea el empoleon\n|\n|t:|1700421570\n|move|p2a: Pepe :3|Triple Dive|p1a: Empoleon\n|-damage|p1a: Empoleon|79\/100\n|-damage|p1a: Empoleon|72\/100\n|-damage|p1a: Empoleon|65\/100\n|-hitcount|p1a: Empoleon|3\n|move|p1a: Empoleon|Stealth Rock|p2a: Pepe :3\n|-sidestart|p2: FdePerro28|move: Stealth Rock\n|\n|-damage|p2a: Pepe :3|10\/100 brn|[from] brn\n|upkeep\n|turn|25\n|\n|t:|1700421574\n|move|p2a: Pepe :3|Triple Dive|p1a: Empoleon\n|-damage|p1a: Empoleon|57\/100\n|-damage|p1a: Empoleon|50\/100\n|-damage|p1a: Empoleon|43\/100\n|-hitcount|p1a: Empoleon|3\n|move|p1a: Empoleon|Roost|p1a: Empoleon\n|-heal|p1a: Empoleon|93\/100\n|\n|-damage|p2a: Pepe :3|3\/100 brn|[from] brn\n|upkeep\n|turn|26\n|\n|t:|1700421578\n|move|p2a: Pepe :3|Triple Dive|p1a: Empoleon\n|-damage|p1a: Empoleon|87\/100\n|-damage|p1a: Empoleon|79\/100\n|-damage|p1a: Empoleon|72\/100\n|-hitcount|p1a: Empoleon|3\n|move|p1a: Empoleon|Roost|p1a: Empoleon\n|-heal|p1a: Empoleon|100\/100\n|\n|-damage|p2a: Pepe :3|0 fnt|[from] brn\n|faint|p2a: Pepe :3\n|upkeep\n|\n|t:|1700421584\n|switch|p2a: ElBichoPelao|Spidops, F|100\/100\n|-damage|p2a: ElBichoPelao|75\/100|[from] Stealth Rock\n|turn|27\n|c|\u2606PikachuXD317878|A?\n|\n|t:|1700421598\n|move|p2a: ElBichoPelao|Silk Trap|p2a: ElBichoPelao\n|-singleturn|p2a: ElBichoPelao|Protect\n|move|p1a: Empoleon|Scald|p2a: ElBichoPelao\n|-activate|p2a: ElBichoPelao|move: Protect\n|\n|upkeep\n|turn|28\n|c|\u2606FdePerro28|es gg ya\n|\n|t:|1700421605\n|move|p2a: ElBichoPelao|Leech Life|p1a: Empoleon\n|-resisted|p1a: Empoleon\n|-damage|p1a: Empoleon|92\/100\n|-heal|p2a: ElBichoPelao|80\/100|[from] drain|[of] p1a: Empoleon\n|move|p1a: Empoleon|Scald|p2a: ElBichoPelao\n|-damage|p2a: ElBichoPelao|13\/100\n|-status|p2a: ElBichoPelao|brn\n|-enditem|p2a: ElBichoPelao|Iapapa Berry|[eat]\n|-heal|p2a: ElBichoPelao|46\/100 brn|[from] item: Iapapa Berry\n|\n|-damage|p2a: ElBichoPelao|40\/100 brn|[from] brn\n|upkeep\n|turn|29\n|\n|t:|1700421621\n|move|p2a: ElBichoPelao|Silk Trap|p2a: ElBichoPelao\n|-singleturn|p2a: ElBichoPelao|Protect\n|move|p1a: Empoleon|Scald|p2a: ElBichoPelao\n|-activate|p2a: ElBichoPelao|move: Protect\n|\n|-damage|p2a: ElBichoPelao|34\/100 brn|[from] brn\n|upkeep\n|turn|30\n|\n|t:|1700421629\n|move|p2a: ElBichoPelao|Leech Life|p1a: Empoleon\n|-resisted|p1a: Empoleon\n|-crit|p1a: Empoleon\n|-damage|p1a: Empoleon|87\/100\n|-heal|p2a: ElBichoPelao|38\/100 brn|[from] drain|[of] p1a: Empoleon\n|move|p1a: Empoleon|Scald|p2a: ElBichoPelao\n|-damage|p2a: ElBichoPelao|0 fnt\n|faint|p2a: ElBichoPelao\n|\n|upkeep\n|\n|t:|1700421631\n|switch|p2a: K.Rool|Skeledirge, F|80\/100\n|-damage|p2a: K.Rool|55\/100|[from] Stealth Rock\n|turn|31\n|\n|t:|1700421634\n|move|p2a: K.Rool|Slack Off|p2a: K.Rool\n|-heal|p2a: K.Rool|100\/100\n|move|p1a: Empoleon|Scald|p2a: K.Rool\n|-supereffective|p2a: K.Rool\n|-damage|p2a: K.Rool|37\/100\n|\n|-heal|p2a: K.Rool|43\/100|[from] item: Leftovers\n|upkeep\n|turn|32\n|\n|t:|1700421637\n|move|p2a: K.Rool|Slack Off|p2a: K.Rool\n|-heal|p2a: K.Rool|93\/100\n|move|p1a: Empoleon|Scald|p2a: K.Rool\n|-supereffective|p2a: K.Rool\n|-damage|p2a: K.Rool|28\/100\n|\n|-heal|p2a: K.Rool|34\/100|[from] item: Leftovers\n|upkeep\n|turn|33\n|\n|t:|1700421642\n|move|p2a: K.Rool|Slack Off|p2a: K.Rool\n|-heal|p2a: K.Rool|84\/100\n|move|p1a: Empoleon|Scald|p2a: K.Rool\n|-supereffective|p2a: K.Rool\n|-damage|p2a: K.Rool|17\/100\n|\n|-heal|p2a: K.Rool|23\/100|[from] item: Leftovers\n|upkeep\n|turn|34\n|c|\u2606PikachuXD317878|No me imagin\u00e9 que empoleon har\u00eda un sweep as\u00ed xd\n|\n|t:|1700421655\n|move|p2a: K.Rool|Slack Off|p2a: K.Rool\n|-heal|p2a: K.Rool|73\/100\n|move|p1a: Empoleon|Scald|p2a: K.Rool\n|-supereffective|p2a: K.Rool\n|-damage|p2a: K.Rool|6\/100\n|\n|-heal|p2a: K.Rool|12\/100|[from] item: Leftovers\n|upkeep\n|turn|35\n|c|\u2606FdePerro28|que tanquea ese bicho pense que pepe lo mataba ez\n|\n|t:|1700421668\n|move|p2a: K.Rool|Slack Off|p2a: K.Rool\n|-heal|p2a: K.Rool|62\/100\n|move|p1a: Empoleon|Scald|p2a: K.Rool\n|-supereffective|p2a: K.Rool\n|-damage|p2a: K.Rool|0 fnt\n|faint|p2a: K.Rool\n|\n|win|PikachuXD317878\n|c|\u2606FdePerro28|ggwp\n|c|\u2606PikachuXD317878|gg\n|c|\u2606FdePerro28|remontadi\u00f1a\n|l|\u2606PikachuXD317878\n|j|\u2606PikachuXD317878\n|player|p1|PikachuXD317878|rye\n","uploadtime":1700421701,"views":24,"p1id":"pikachuxd317878","p2id":"fdeperro28","formatid":"gen9nationaldex","rating":0,"private":0,"password":""}