{"id":"gen9nationaldex-1988682038","p1":"Illusory_Deluge","p2":"Reggie Gluten","format":"[Gen 9] National Dex","log":"|j|\u2606Illusory_Deluge\n|j|\u2606Reggie Gluten\n|t:|1699750040\n|gametype|singles\n|player|p1|Illusory_Deluge|colress|\n|player|p2|Reggie Gluten|larry|\n|teamsize|p1|6\n|teamsize|p2|6\n|gen|9\n|tier|[Gen 9] National Dex\n|rule|HP Percentage Mod: HP is shown in percentages\n|rule|Endless Battle Clause: Forcing endless battles is banned\n|rule|OHKO Clause: OHKO moves are banned\n|rule|Evasion Clause: Evasion abilities, items, and moves are banned\n|rule|Evasion Abilities Clause: Evasion abilities are banned\n|rule|Evasion Items Clause: Evasion items are banned\n|rule|Evasion Moves Clause: Evasion moves are banned\n|rule|Species Clause: Limit one of each Pok\u00e9mon\n|rule|Sleep Clause Mod: Limit one foe put to sleep\n|clearpoke\n|poke|p1|Empoleon, F|\n|poke|p1|Ceruledge, M|\n|poke|p1|Sunflora, M|\n|poke|p1|Heracross, F|\n|poke|p1|Slither Wing|\n|poke|p1|Vaporeon, M|\n|poke|p2|Copperajah, M|\n|poke|p2|Kingdra, M|\n|poke|p2|Thievul, M|\n|poke|p2|Clodsire, M|\n|poke|p2|Mawile, F|\n|poke|p2|Illumise, F|\n|teampreview\n|\n|t:|1699750053\n|start\n|switch|p1a: Sacrifical Flower|Sunflora, M|100\/100\n|switch|p2a: Whang!|Illumise, F|100\/100\n|turn|1\n|\n|t:|1699750063\n|move|p2a: Whang!|Bug Buzz|p1a: Sacrifical Flower\n|-supereffective|p1a: Sacrifical Flower\n|-damage|p1a: Sacrifical Flower|36\/100\n|move|p1a: Sacrifical Flower|Sludge Bomb|p2a: Whang!\n|-damage|p2a: Whang!|77\/100\n|\n|upkeep\n|turn|2\n|\n|t:|1699750082\n|switch|p1a: OG Fighting\/Bug|Heracross, F|100\/100\n|move|p2a: Whang!|Rain Dance|p2a: Whang!\n|-weather|RainDance\n|\n|-weather|RainDance|[upkeep]\n|-status|p1a: OG Fighting\/Bug|brn|[from] item: Flame Orb\n|upkeep\n|turn|3\n|l|\u2606Illusory_Deluge\n|player|p1|\n|j|\u2606Illusory_Deluge\n|player|p1|Illusory_Deluge|colress\n|\n|t:|1699750096\n|move|p1a: OG Fighting\/Bug|Lunge|p2a: Whang!\n|-damage|p2a: Whang!|0 fnt\n|faint|p2a: Whang!\n|\n|-weather|RainDance|[upkeep]\n|-damage|p1a: OG Fighting\/Bug|95\/100 brn|[from] brn\n|upkeep\n|\n|t:|1699750103\n|switch|p2a: Kingda|Kingdra, M|100\/100\n|turn|4\n|\n|t:|1699750113\n|switch|p1a: Sacrifical Flower|Sunflora, M|36\/100\n|-terastallize|p2a: Kingda|Water\n|move|p2a: Kingda|Hydro Pump|p1a: Sacrifical Flower\n|-resisted|p1a: Sacrifical Flower\n|-damage|p1a: Sacrifical Flower|0 fnt\n|faint|p1a: Sacrifical Flower\n|\n|-weather|RainDance|[upkeep]\n|upkeep\n|\n|t:|1699750128\n|switch|p1a: Napoleon|Empoleon, F|100\/100\n|turn|5\n|\n|t:|1699750146\n|switch|p2a: Junk In The Trunk|Copperajah, M|100\/100\n|switch|p1a: No.|Vaporeon, M|100\/100\n|\n|-weather|RainDance|[upkeep]\n|upkeep\n|turn|6\n|\n|t:|1699750159\n|switch|p1a: OG Fighting\/Bug|Heracross, F|95\/100 brn\n|move|p2a: Junk In The Trunk|Heavy Slam|p1a: OG Fighting\/Bug\n|-damage|p1a: OG Fighting\/Bug|0 fnt\n|faint|p1a: OG Fighting\/Bug\n|\n|-weather|none\n|upkeep\n|\n|t:|1699750173\n|switch|p1a: B u g|Slither Wing|100\/100\n|-enditem|p1a: B u g|Booster Energy\n|-activate|p1a: B u g|ability: Protosynthesis|[fromitem]\n|-start|p1a: B u g|protosynthesisatk\n|turn|7\n|\n|t:|1699750214\n|switch|p2a: The Boosie Fade|Mawile, F|100\/100\n|-ability|p2a: The Boosie Fade|Intimidate|boost\n|-unboost|p1a: B u g|atk|1\n|move|p1a: B u g|Earthquake|p2a: The Boosie Fade\n|-supereffective|p2a: The Boosie Fade\n|-damage|p2a: The Boosie Fade|0 fnt\n|faint|p2a: The Boosie Fade\n|\n|upkeep\n|j| Fabu-Jim\n|l|\u2606Illusory_Deluge\n|player|p1|\n|j|\u2606Illusory_Deluge\n|player|p1|Illusory_Deluge|colress\n|\n|t:|1699750241\n|switch|p2a: Smash Bros Melee|Thievul, M|100\/100\n|turn|8\n|\n|t:|1699750252\n|move|p1a: B u g|Leech Life|p2a: Smash Bros Melee\n|-supereffective|p2a: Smash Bros Melee\n|-damage|p2a: Smash Bros Melee|0 fnt\n|faint|p2a: Smash Bros Melee\n|\n|upkeep\n|\n|t:|1699750268\n|switch|p2a: Baby Gronk|Clodsire, M|100\/100\n|turn|9\n|\n|t:|1699750285\n|move|p1a: B u g|Earthquake|p2a: Baby Gronk\n|-supereffective|p2a: Baby Gronk\n|-damage|p2a: Baby Gronk|0 fnt\n|faint|p2a: Baby Gronk\n|\n|upkeep\n|\n|t:|1699750290\n|switch|p2a: Kingda|Kingdra, M, tera:Water|100\/100\n|turn|10\n|\n|t:|1699750297\n|move|p1a: B u g|Leech Life|p2a: Kingda\n|-damage|p2a: Kingda|58\/100\n|move|p2a: Kingda|Hydro Pump|p1a: B u g\n|-crit|p1a: B u g\n|-damage|p1a: B u g|0 fnt\n|faint|p1a: B u g\n|-end|p1a: B u g|Protosynthesis|[silent]\n|\n|upkeep\n|\n|t:|1699750336\n|switch|p1a: Napoleon|Empoleon, F|100\/100\n|turn|11\n|\n|t:|1699750341\n|switch|p2a: Junk In The Trunk|Copperajah, M|100\/100\n|move|p1a: Napoleon|Ice Beam|p2a: Junk In The Trunk\n|-resisted|p2a: Junk In The Trunk\n|-damage|p2a: Junk In The Trunk|89\/100\n|\n|upkeep\n|turn|12\n|\n|t:|1699750362\n|move|p1a: Napoleon|Flash Cannon|p2a: Junk In The Trunk\n|-resisted|p2a: Junk In The Trunk\n|-damage|p2a: Junk In The Trunk|76\/100\n|move|p2a: Junk In The Trunk|Earthquake|p1a: Napoleon\n|-supereffective|p1a: Napoleon\n|-damage|p1a: Napoleon|20\/100\n|\n|-heal|p1a: Napoleon|26\/100|[from] item: Leftovers\n|upkeep\n|turn|13\n|\n|t:|1699750373\n|move|p1a: Napoleon|Aqua Jet|p2a: Junk In The Trunk\n|-damage|p2a: Junk In The Trunk|64\/100\n|move|p2a: Junk In The Trunk|Knock Off|p1a: Napoleon\n|-damage|p1a: Napoleon|0 fnt\n|-enditem|p1a: Napoleon|Leftovers|[from] move: Knock Off|[of] p2a: Junk In The Trunk\n|faint|p1a: Napoleon\n|\n|upkeep\n|\n|t:|1699750383\n|switch|p1a: Phantasm|Ceruledge, M, shiny|100\/100\n|turn|14\n|\n|t:|1699750392\n|move|p1a: Phantasm|Bitter Blade|p2a: Junk In The Trunk\n|-supereffective|p2a: Junk In The Trunk\n|-damage|p2a: Junk In The Trunk|0 fnt\n|faint|p2a: Junk In The Trunk\n|-damage|p1a: Phantasm|91\/100|[from] item: Life Orb\n|\n|upkeep\n|\n|t:|1699750398\n|switch|p2a: Kingda|Kingdra, M, tera:Water|58\/100\n|turn|15\n|\n|t:|1699750401\n|move|p1a: Phantasm|Dragon Claw|p2a: Kingda\n|-damage|p2a: Kingda|15\/100\n|-damage|p1a: Phantasm|81\/100|[from] item: Life Orb\n|move|p2a: Kingda|Hydro Pump|p1a: Phantasm|[miss]\n|-miss|p2a: Kingda|p1a: Phantasm\n|\n|upkeep\n|turn|16\n|\n|t:|1699750412\n|-terastallize|p1a: Phantasm|Fire\n|move|p1a: Phantasm|Bitter Blade|p2a: Kingda\n|-resisted|p2a: Kingda\n|-damage|p2a: Kingda|0 fnt\n|-heal|p1a: Phantasm|88\/100|[from] drain|[of] p2a: Kingda\n|faint|p2a: Kingda\n|-damage|p1a: Phantasm|78\/100|[from] item: Life Orb\n|\n|win|Illusory_Deluge\n|l|\u2606Reggie Gluten\n|l| Fabu-Jim\n|l|\u2606Illusory_Deluge\n|j|\u2606Illusory_Deluge\n|player|p1|Illusory_Deluge|colress\n","uploadtime":1699750674,"views":9,"p1id":"illusorydeluge","p2id":"reggiegluten","formatid":"gen9nationaldex","rating":0,"private":0,"password":""}