{"id":"gen9nationaldex-1997856511","p1":"drossito pambisito","p2":"Splix-Nation","format":"[Gen 9] National Dex","log":"|html|<div class=\"broadcast-blue\"><strong>[Gen 9] National Dex is currently suspecting Sneasler! For information on how to participate check out the <a href=\"https:\/\/www.smogon.com\/forums\/threads\/sv-national-dex-suspect-8-just-dance.3731534\/\">suspect thread<\/a>.<\/strong><\/div>\n|j|\u2606drossito pambisito\n|j|\u2606Splix-Nation\n|t:|1700860298\n|gametype|singles\n|player|p1|drossito pambisito|265|1385\n|player|p2|Splix-Nation|ruinmaniac|1439\n|teamsize|p1|6\n|teamsize|p2|6\n|gen|9\n|tier|[Gen 9] National Dex\n|rated|\n|rule|HP Percentage Mod: HP is shown in percentages\n|rule|Endless Battle Clause: Forcing endless battles is banned\n|rule|OHKO Clause: OHKO moves are banned\n|rule|Evasion Clause: Evasion abilities, items, and moves are banned\n|rule|Evasion Abilities Clause: Evasion abilities are banned\n|rule|Evasion Items Clause: Evasion items are banned\n|rule|Evasion Moves Clause: Evasion moves are banned\n|rule|Species Clause: Limit one of each Pok\u00e9mon\n|rule|Sleep Clause Mod: Limit one foe put to sleep\n|clearpoke\n|poke|p1|Victini|\n|poke|p1|Excadrill, M|\n|poke|p1|Keldeo-Resolute|\n|poke|p1|Serperior, M|\n|poke|p1|Altaria, F|\n|poke|p1|Galvantula, M|\n|poke|p2|Blissey, F|\n|poke|p2|Skarmory, M|\n|poke|p2|Ferrothorn, F|\n|poke|p2|Volcarona, F|\n|poke|p2|Cresselia, F|\n|poke|p2|Aggron, F|\n|teampreview\n|inactive|Battle timer is ON: inactive players will automatically lose when time's up. (requested by drossito pambisito)\n|\n|t:|1700860305\n|start\n|switch|p1a: Galvantula|Galvantula, M|100\/100\n|switch|p2a: Aggron|Aggron, F|100\/100\n|turn|1\n|\n|t:|1700860321\n|detailschange|p2a: Aggron|Aggron-Mega, F\n|-mega|p2a: Aggron|Aggron|Aggronite\n|move|p1a: Galvantula|Sticky Web|p2a: Aggron\n|-sidestart|p2: Splix-Nation|move: Sticky Web\n|move|p2a: Aggron|Curse|p2a: Aggron\n|-unboost|p2a: Aggron|spe|1\n|-boost|p2a: Aggron|atk|1\n|-boost|p2a: Aggron|def|1\n|\n|upkeep\n|turn|2\n|\n|t:|1700860333\n|move|p1a: Galvantula|Thunder|p2a: Aggron\n|-damage|p2a: Aggron|44\/100\n|-status|p2a: Aggron|par\n|cant|p2a: Aggron|par\n|\n|upkeep\n|turn|3\n|\n|t:|1700860344\n|switch|p2a: Blissey|Blissey, F|100\/100\n|-activate|p2a: Blissey|move: Sticky Web\n|-unboost|p2a: Blissey|spe|1\n|move|p1a: Galvantula|Thunder|p2a: Blissey|[miss]\n|-miss|p1a: Galvantula|p2a: Blissey\n|\n|upkeep\n|turn|4\n|\n|t:|1700860355\n|switch|p1a: Keldeo|Keldeo-Resolute|100\/100\n|move|p2a: Blissey|Stealth Rock|p1a: Keldeo\n|-sidestart|p1: drossito pambisito|move: Stealth Rock\n|\n|upkeep\n|turn|5\n|\n|t:|1700860363\n|switch|p2a: Cresselia|Cresselia, F, shiny|100\/100\n|move|p1a: Keldeo|Scald|p2a: Cresselia\n|-damage|p2a: Cresselia|60\/100\n|\n|-status|p2a: Cresselia|brn|[from] item: Flame Orb\n|upkeep\n|turn|6\n|\n|t:|1700860373\n|-terastallize|p1a: Keldeo|Water\n|move|p1a: Keldeo|Scald|p2a: Cresselia\n|-damage|p2a: Cresselia|3\/100 brn\n|move|p2a: Cresselia|Moonlight|p2a: Cresselia\n|-heal|p2a: Cresselia|53\/100 brn\n|\n|-damage|p2a: Cresselia|47\/100 brn|[from] brn\n|upkeep\n|turn|7\n|\n|t:|1700860385\n|switch|p2a: Blissey|Blissey, F|100\/100\n|-activate|p2a: Blissey|move: Sticky Web\n|-unboost|p2a: Blissey|spe|1\n|move|p1a: Keldeo|Scald|p2a: Blissey\n|-damage|p2a: Blissey|70\/100\n|\n|-heal|p2a: Blissey|76\/100|[from] item: Leftovers\n|upkeep\n|turn|8\n|\n|t:|1700860395\n|move|p1a: Keldeo|Scald|p2a: Blissey\n|-damage|p2a: Blissey|44\/100\n|-status|p2a: Blissey|brn\n|move|p2a: Blissey|Toxic|p1a: Keldeo\n|-status|p1a: Keldeo|tox\n|\n|-heal|p2a: Blissey|50\/100 brn|[from] item: Leftovers\n|-damage|p1a: Keldeo|94\/100 tox|[from] psn\n|-damage|p2a: Blissey|44\/100 brn|[from] brn\n|upkeep\n|turn|9\n|\n|t:|1700860408\n|move|p1a: Keldeo|Scald|p2a: Blissey\n|-damage|p2a: Blissey|13\/100 brn\n|move|p2a: Blissey|Soft-Boiled|p2a: Blissey\n|-heal|p2a: Blissey|63\/100 brn\n|\n|-heal|p2a: Blissey|70\/100 brn|[from] item: Leftovers\n|-damage|p1a: Keldeo|82\/100 tox|[from] psn\n|-damage|p2a: Blissey|63\/100 brn|[from] brn\n|upkeep\n|turn|10\n|\n|t:|1700860418\n|switch|p1a: Excadrill|Excadrill, M|100\/100\n|-damage|p1a: Excadrill|97\/100|[from] Stealth Rock\n|-ability|p1a: Excadrill|Mold Breaker\n|-item|p1a: Excadrill|Air Balloon\n|move|p2a: Blissey|Soft-Boiled|p2a: Blissey\n|-heal|p2a: Blissey|100\/100 brn\n|\n|-damage|p2a: Blissey|94\/100 brn|[from] brn\n|upkeep\n|turn|11\n|\n|t:|1700860430\n|-curestatus|p2a: Blissey|brn|[from] ability: Natural Cure\n|switch|p2a: Skarmory|Skarmory, M, shiny|100\/100\n|move|p1a: Excadrill|Rapid Spin|p2a: Skarmory\n|-resisted|p2a: Skarmory\n|-damage|p2a: Skarmory|95\/100\n|-boost|p1a: Excadrill|spe|1\n|-sideend|p1: drossito pambisito|Stealth Rock|[from] move: Rapid Spin|[of] p1a: Excadrill\n|\n|-heal|p2a: Skarmory|100\/100|[from] item: Leftovers\n|upkeep\n|turn|12\n|\n|t:|1700860446\n|switch|p1a: Galvantula|Galvantula, M|100\/100\n|move|p2a: Skarmory|Defog|p1a: Galvantula\n|-unboost|p1a: Galvantula|evasion|1\n|-sideend|p2: Splix-Nation|Sticky Web|[from] move: Defog|[of] p2a: Skarmory\n|\n|upkeep\n|turn|13\n|\n|t:|1700860455\n|switch|p2a: Blissey|Blissey, F|94\/100\n|move|p1a: Galvantula|Thunder|p2a: Blissey\n|-damage|p2a: Blissey|77\/100\n|-status|p2a: Blissey|par\n|\n|-heal|p2a: Blissey|83\/100 par|[from] item: Leftovers\n|upkeep\n|turn|14\n|inactive|drossito pambisito has 120 seconds left.\n|\n|t:|1700860486\n|move|p1a: Galvantula|Sticky Web|p2a: Blissey\n|-sidestart|p2: Splix-Nation|move: Sticky Web\n|cant|p2a: Blissey|par\n|\n|-heal|p2a: Blissey|89\/100 par|[from] item: Leftovers\n|upkeep\n|turn|15\n|inactive|drossito pambisito has 120 seconds left.\n|\n|t:|1700860509\n|switch|p1a: Excadrill|Excadrill, M|97\/100\n|-ability|p1a: Excadrill|Mold Breaker\n|-item|p1a: Excadrill|Air Balloon\n|move|p2a: Blissey|Stealth Rock|p1a: Excadrill\n|-sidestart|p1: drossito pambisito|move: Stealth Rock\n|\n|-heal|p2a: Blissey|95\/100 par|[from] item: Leftovers\n|upkeep\n|turn|16\n|\n|t:|1700860523\n|move|p1a: Excadrill|Rapid Spin|p2a: Blissey\n|-damage|p2a: Blissey|79\/100 par\n|-boost|p1a: Excadrill|spe|1\n|-sideend|p1: drossito pambisito|Stealth Rock|[from] move: Rapid Spin|[of] p1a: Excadrill\n|move|p2a: Blissey|Seismic Toss|p1a: Excadrill\n|-damage|p1a: Excadrill|70\/100\n|-enditem|p1a: Excadrill|Air Balloon\n|\n|-heal|p2a: Blissey|86\/100 par|[from] item: Leftovers\n|upkeep\n|turn|17\n|inactive|drossito pambisito has 120 seconds left.\n|\n|t:|1700860535\n|-curestatus|p2a: Blissey|par|[from] ability: Natural Cure\n|switch|p2a: Skarmory|Skarmory, M, shiny|100\/100\n|move|p1a: Excadrill|Iron Head|p2a: Skarmory\n|-resisted|p2a: Skarmory\n|-damage|p2a: Skarmory|89\/100\n|\n|-heal|p2a: Skarmory|95\/100|[from] item: Leftovers\n|upkeep\n|turn|18\n|\n|t:|1700860544\n|switch|p1a: Keldeo|Keldeo-Resolute, tera:Water|82\/100 tox\n|move|p2a: Skarmory|Body Press|p1a: Keldeo\n|-damage|p1a: Keldeo|43\/100 tox\n|\n|-heal|p2a: Skarmory|100\/100|[from] item: Leftovers\n|-damage|p1a: Keldeo|37\/100 tox|[from] psn\n|upkeep\n|turn|19\n|\n|t:|1700860557\n|switch|p2a: Ferrothorn|Ferrothorn, F|100\/100\n|-activate|p2a: Ferrothorn|move: Sticky Web\n|-unboost|p2a: Ferrothorn|spe|1\n|move|p1a: Keldeo|Scald|p2a: Ferrothorn\n|-resisted|p2a: Ferrothorn\n|-damage|p2a: Ferrothorn|66\/100\n|\n|-heal|p2a: Ferrothorn|72\/100|[from] item: Leftovers\n|-damage|p1a: Keldeo|25\/100 tox|[from] psn\n|upkeep\n|turn|20\n|\n|t:|1700860569\n|move|p1a: Keldeo|Scald|p2a: Ferrothorn\n|-resisted|p2a: Ferrothorn\n|-damage|p2a: Ferrothorn|40\/100\n|move|p2a: Ferrothorn|Spikes|p1a: Keldeo\n|-sidestart|p1: drossito pambisito|Spikes\n|\n|-heal|p2a: Ferrothorn|46\/100|[from] item: Leftovers\n|-damage|p1a: Keldeo|6\/100 tox|[from] psn\n|upkeep\n|turn|21\n|\n|t:|1700860580\n|move|p1a: Keldeo|Scald|p2a: Ferrothorn\n|-resisted|p2a: Ferrothorn\n|-crit|p2a: Ferrothorn\n|-damage|p2a: Ferrothorn|0 fnt\n|faint|p2a: Ferrothorn\n|\n|-damage|p1a: Keldeo|0 fnt|[from] psn\n|faint|p1a: Keldeo\n|upkeep\n|\n|t:|1700860593\n|switch|p1a: Victini|Victini|100\/100\n|switch|p2a: Skarmory|Skarmory, M, shiny|100\/100\n|-damage|p1a: Victini|88\/100|[from] Spikes\n|turn|22\n|\n|t:|1700860609\n|-zpower|p1a: Victini\n|move|p1a: Victini|Z-Celebrate|p1a: Victini|[anim]Celebrate\n|-boost|p1a: Victini|atk|1|[zeffect]\n|-boost|p1a: Victini|def|1|[zeffect]\n|-boost|p1a: Victini|spa|1|[zeffect]\n|-boost|p1a: Victini|spd|1|[zeffect]\n|-boost|p1a: Victini|spe|1|[zeffect]\n|-activate|p1a: Victini|move: Celebrate\n|move|p2a: Skarmory|Iron Defense|p2a: Skarmory\n|-boost|p2a: Skarmory|def|2\n|\n|upkeep\n|turn|23\n|\n|t:|1700860633\n|move|p1a: Victini|Searing Shot|p2a: Skarmory\n|-supereffective|p2a: Skarmory\n|-ability|p2a: Skarmory|Sturdy\n|-damage|p2a: Skarmory|1\/100\n|move|p2a: Skarmory|Body Press|p1a: Victini\n|-resisted|p1a: Victini\n|-damage|p1a: Victini|68\/100\n|\n|-heal|p2a: Skarmory|7\/100|[from] item: Leftovers\n|upkeep\n|turn|24\n|inactive|drossito pambisito has 120 seconds left.\n|\n|t:|1700860655\n|move|p1a: Victini|Stored Power|p2a: Skarmory\n|-resisted|p2a: Skarmory\n|-damage|p2a: Skarmory|0 fnt\n|faint|p2a: Skarmory\n|\n|upkeep\n|\n|t:|1700860660\n|switch|p2a: Blissey|Blissey, F|86\/100\n|-activate|p2a: Blissey|move: Sticky Web\n|-unboost|p2a: Blissey|spe|1\n|turn|25\n|inactive|drossito pambisito has 120 seconds left.\n|\n|t:|1700860673\n|move|p1a: Victini|Stored Power|p2a: Blissey\n|-damage|p2a: Blissey|55\/100\n|move|p2a: Blissey|Toxic|p1a: Victini\n|-status|p1a: Victini|tox\n|\n|-heal|p2a: Blissey|61\/100|[from] item: Leftovers\n|-damage|p1a: Victini|62\/100 tox|[from] psn\n|upkeep\n|turn|26\n|\n|t:|1700860683\n|move|p1a: Victini|Stored Power|p2a: Blissey\n|-damage|p2a: Blissey|34\/100\n|move|p2a: Blissey|Soft-Boiled|p2a: Blissey\n|-heal|p2a: Blissey|84\/100\n|\n|-heal|p2a: Blissey|90\/100|[from] item: Leftovers\n|-damage|p1a: Victini|50\/100 tox|[from] psn\n|upkeep\n|turn|27\n|inactive|drossito pambisito has 120 seconds left.\n|\n|t:|1700860717\n|move|p1a: Victini|Stored Power|p2a: Blissey\n|-damage|p2a: Blissey|62\/100\n|move|p2a: Blissey|Stealth Rock|p1a: Victini\n|-sidestart|p1: drossito pambisito|move: Stealth Rock\n|\n|-heal|p2a: Blissey|68\/100|[from] item: Leftovers\n|-damage|p1a: Victini|31\/100 tox|[from] psn\n|upkeep\n|turn|28\n|\n|t:|1700860736\n|move|p1a: Victini|Stored Power|p2a: Blissey\n|-damage|p2a: Blissey|41\/100\n|move|p2a: Blissey|Soft-Boiled|p2a: Blissey\n|-heal|p2a: Blissey|91\/100\n|\n|-heal|p2a: Blissey|97\/100|[from] item: Leftovers\n|-damage|p1a: Victini|7\/100 tox|[from] psn\n|upkeep\n|turn|29\n|\n|t:|1700860761\n|move|p1a: Victini|Searing Shot|p2a: Blissey\n|-damage|p2a: Blissey|71\/100\n|move|p2a: Blissey|Seismic Toss|p1a: Victini\n|-damage|p1a: Victini|0 fnt\n|faint|p1a: Victini\n|\n|-heal|p2a: Blissey|77\/100|[from] item: Leftovers\n|upkeep\n|\n|t:|1700860763\n|switch|p1a: Excadrill|Excadrill, M|70\/100\n|-damage|p1a: Excadrill|57\/100|[from] Spikes\n|-damage|p1a: Excadrill|54\/100|[from] Stealth Rock\n|-ability|p1a: Excadrill|Mold Breaker\n|turn|30\n|\n|t:|1700860777\n|switch|p2a: Aggron|Aggron-Mega, F|44\/100 par\n|-activate|p2a: Aggron|move: Sticky Web\n|-unboost|p2a: Aggron|spe|1\n|move|p1a: Excadrill|Rapid Spin|p2a: Aggron\n|-resisted|p2a: Aggron\n|-damage|p2a: Aggron|40\/100 par\n|-boost|p1a: Excadrill|spe|1\n|-sideend|p1: drossito pambisito|Spikes|[from] move: Rapid Spin|[of] p1a: Excadrill\n|-sideend|p1: drossito pambisito|Stealth Rock|[from] move: Rapid Spin|[of] p1a: Excadrill\n|\n|upkeep\n|turn|31\n|\n|t:|1700860788\n|move|p1a: Excadrill|Earthquake|p2a: Aggron\n|-supereffective|p2a: Aggron\n|-damage|p2a: Aggron|0 fnt\n|faint|p2a: Aggron\n|\n|upkeep\n|\n|t:|1700860794\n|switch|p2a: Volcarona|Volcarona, F|100\/100\n|turn|32\n|\n|t:|1700860806\n|move|p1a: Excadrill|Earthquake|p2a: Volcarona\n|-damage|p2a: Volcarona|24\/100\n|move|p2a: Volcarona|Quiver Dance|p2a: Volcarona\n|-boost|p2a: Volcarona|spa|1\n|-boost|p2a: Volcarona|spd|1\n|-boost|p2a: Volcarona|spe|1\n|\n|upkeep\n|turn|33\n|\n|t:|1700860814\n|move|p2a: Volcarona|Fiery Dance|p1a: Excadrill\n|-supereffective|p1a: Excadrill\n|-damage|p1a: Excadrill|0 fnt\n|-boost|p2a: Volcarona|spa|1\n|faint|p1a: Excadrill\n|\n|upkeep\n|\n|t:|1700860821\n|switch|p1a: Galvantula|Galvantula, M|100\/100\n|turn|34\n|\n|t:|1700860839\n|move|p2a: Volcarona|Fiery Dance|p1a: Galvantula\n|-supereffective|p1a: Galvantula\n|-enditem|p1a: Galvantula|Focus Sash\n|-damage|p1a: Galvantula|1\/100\n|-boost|p2a: Volcarona|spa|1\n|move|p1a: Galvantula|Thunder|p2a: Volcarona\n|-crit|p2a: Volcarona\n|-damage|p2a: Volcarona|0 fnt\n|faint|p2a: Volcarona\n|\n|upkeep\n|\n|t:|1700860851\n|switch|p2a: Blissey|Blissey, F|77\/100\n|-activate|p2a: Blissey|move: Sticky Web\n|-unboost|p2a: Blissey|spe|1\n|turn|35\n|\n|t:|1700860856\n|move|p1a: Galvantula|Thunder|p2a: Blissey|[miss]\n|-miss|p1a: Galvantula|p2a: Blissey\n|move|p2a: Blissey|Stealth Rock|p1a: Galvantula\n|-sidestart|p1: drossito pambisito|move: Stealth Rock\n|\n|-heal|p2a: Blissey|84\/100|[from] item: Leftovers\n|upkeep\n|turn|36\n|\n|t:|1700860864\n|move|p1a: Galvantula|Thunder|p2a: Blissey\n|-damage|p2a: Blissey|67\/100\n|move|p2a: Blissey|Seismic Toss|p1a: Galvantula\n|-damage|p1a: Galvantula|0 fnt\n|faint|p1a: Galvantula\n|\n|-heal|p2a: Blissey|73\/100|[from] item: Leftovers\n|upkeep\n|\n|t:|1700860894\n|switch|p1a: Altaria|Altaria, F|100\/100\n|-damage|p1a: Altaria|76\/100|[from] Stealth Rock\n|turn|37\n|\n|t:|1700860903\n|detailschange|p1a: Altaria|Altaria-Mega, F\n|-mega|p1a: Altaria|Altaria|Altarianite\n|move|p1a: Altaria|Dragon Dance|p1a: Altaria\n|-boost|p1a: Altaria|atk|1\n|-boost|p1a: Altaria|spe|1\n|move|p2a: Blissey|Toxic|p1a: Altaria\n|-status|p1a: Altaria|tox\n|\n|-heal|p2a: Blissey|79\/100|[from] item: Leftovers\n|-damage|p1a: Altaria|69\/100 tox|[from] psn\n|upkeep\n|turn|38\n|\n|t:|1700860915\n|switch|p2a: Cresselia|Cresselia, F, shiny|47\/100 brn\n|move|p1a: Altaria|Facade|p2a: Cresselia\n|-damage|p2a: Cresselia|0 fnt\n|faint|p2a: Cresselia\n|\n|-damage|p1a: Altaria|57\/100 tox|[from] psn\n|upkeep\n|\n|t:|1700860924\n|switch|p2a: Blissey|Blissey, F|79\/100\n|-activate|p2a: Blissey|move: Sticky Web\n|-unboost|p2a: Blissey|spe|1\n|turn|39\n|\n|t:|1700860929\n|move|p1a: Altaria|Facade|p2a: Blissey\n|-damage|p2a: Blissey|0 fnt\n|faint|p2a: Blissey\n|\n|win|drossito pambisito\n|raw|drossito pambisito's rating: 1385 &rarr; <strong>1408<\/strong><br \/>(+23 for winning)\n|raw|Splix-Nation's rating: 1439 &rarr; <strong>1416<\/strong><br \/>(-23 for losing)\n","uploadtime":1700860936,"views":8,"p1id":"drossitopambisito","p2id":"splixnation","formatid":"gen9nationaldex","rating":1408,"private":0,"password":""}