{"id":"gen9nationaldex-1991761192","p1":"JuzOzuj","p2":"mixco","format":"[Gen 9] National Dex","log":"|j|\u2606JuzOzuj\n|j|\u2606mixco\n|t:|1700112619\n|gametype|singles\n|player|p1|JuzOzuj|1|\n|player|p2|mixco|penny|\n|teamsize|p1|6\n|teamsize|p2|6\n|gen|9\n|tier|[Gen 9] National Dex\n|rule|HP Percentage Mod: HP is shown in percentages\n|rule|Endless Battle Clause: Forcing endless battles is banned\n|rule|OHKO Clause: OHKO moves are banned\n|rule|Evasion Clause: Evasion abilities, items, and moves are banned\n|rule|Evasion Abilities Clause: Evasion abilities are banned\n|rule|Evasion Items Clause: Evasion items are banned\n|rule|Evasion Moves Clause: Evasion moves are banned\n|rule|Species Clause: Limit one of each Pok\u00e9mon\n|rule|Sleep Clause Mod: Limit one foe put to sleep\n|clearpoke\n|poke|p1|Indeedee, M|\n|poke|p1|Hatterene, F|\n|poke|p1|Polteageist|\n|poke|p1|Sneasler, F|\n|poke|p1|Cinderace, M|\n|poke|p1|Beedrill, M|\n|poke|p2|Ribombee, F|\n|poke|p2|Ting-Lu|\n|poke|p2|Iron Treads|\n|poke|p2|Sinistcha-Masterpiece|\n|poke|p2|Zapdos-Galar|\n|poke|p2|Heatran, F|\n|teampreview\n|c|\u2606JuzOzuj|Guena\n|c|\u2606JuzOzuj|zuelte\n|\n|t:|1700112634\n|start\n|switch|p1a: Cinderace|Cinderace, M|100\/100\n|switch|p2a: Hokae|Ribombee, F|100\/100\n|turn|1\n|\n|t:|1700112645\n|move|p2a: Hokae|Sticky Web|p1a: Cinderace\n|-sidestart|p1: JuzOzuj|move: Sticky Web\n|move|p1a: Cinderace|Pyro Ball|p2a: Hokae\n|-supereffective|p2a: Hokae\n|-enditem|p2a: Hokae|Focus Sash\n|-damage|p2a: Hokae|1\/100\n|\n|upkeep\n|turn|2\n|\n|t:|1700112664\n|move|p2a: Hokae|Stun Spore|p1a: Cinderace\n|-status|p1a: Cinderace|par\n|cant|p1a: Cinderace|par\n|\n|upkeep\n|turn|3\n|\n|t:|1700112679\n|switch|p2a: Iron Treads|Iron Treads|100\/100\n|move|p1a: Cinderace|Court Change|p1a: Cinderace\n|-start|p1a: Cinderace|typechange|Normal|[from] ability: Libero\n|-swapsideconditions\n|-activate|p1a: Cinderace|move: Court Change\n|\n|upkeep\n|turn|4\n|\n|t:|1700112693\n|move|p2a: Iron Treads|Volt Switch|p1a: Cinderace\n|-damage|p1a: Cinderace|83\/100 par\n|\n|t:|1700112696\n|-end|p2a: Iron Treads|Quark Drive|[silent]\n|switch|p2a: Heatran|Heatran, F|100\/100|[from] Volt Switch\n|-activate|p2a: Heatran|move: Sticky Web\n|-unboost|p2a: Heatran|spe|1\n|move|p1a: Cinderace|Pyro Ball|p2a: Heatran\n|-start|p2a: Heatran|ability: Flash Fire\n|\n|upkeep\n|turn|5\n|\n|t:|1700112705\n|switch|p1a: Hatterene|Hatterene, F|100\/100\n|move|p2a: Heatran|Magma Storm|p1a: Hatterene\n|-damage|p1a: Hatterene|34\/100\n|-activate|p1a: Hatterene|move: Magma Storm|[of] p2a: Heatran\n|-enditem|p1a: Hatterene|Eject Button\n|\n|t:|1700112714\n|switch|p1a: Beedrill|Beedrill, M|100\/100\n|\n|upkeep\n|turn|6\n|\n|t:|1700112719\n|-end|p2a: Heatran|ability: Flash Fire|[silent]\n|switch|p2a: Sinistcha|Sinistcha-Masterpiece|100\/100\n|-activate|p2a: Sinistcha|move: Sticky Web\n|-unboost|p2a: Sinistcha|spe|1\n|detailschange|p1a: Beedrill|Beedrill-Mega, M\n|-mega|p1a: Beedrill|Beedrill|Beedrillite\n|move|p1a: Beedrill|Drill Run|p2a: Sinistcha\n|-resisted|p2a: Sinistcha\n|-damage|p2a: Sinistcha|90\/100\n|\n|upkeep\n|turn|7\n|\n|t:|1700112730\n|switch|p1a: Indeedee|Indeedee, M|100\/100\n|-fieldstart|move: Psychic Terrain|[from] ability: Psychic Surge|[of] p1a: Indeedee\n|move|p2a: Sinistcha|Shadow Ball|p1a: Indeedee\n|-immune|p1a: Indeedee\n|\n|upkeep\n|turn|8\n|\n|t:|1700112741\n|switch|p2a: Chef-lu|Ting-Lu|100\/100\n|-activate|p2a: Chef-lu|move: Sticky Web\n|-unboost|p2a: Chef-lu|spe|1\n|-ability|p2a: Chef-lu|Vessel of Ruin\n|move|p1a: Indeedee|Expanding Force|p2a: Chef-lu\n|-immune|p2a: Chef-lu\n|\n|upkeep\n|turn|9\n|\n|t:|1700112754\n|switch|p1a: Hatterene|Hatterene, F|34\/100\n|move|p2a: Chef-lu|Ruination|p1a: Hatterene\n|-damage|p1a: Hatterene|17\/100\n|\n|upkeep\n|turn|10\n|\n|t:|1700112761\n|switch|p2a: Iron Treads|Iron Treads|100\/100\n|-activate|p2a: Iron Treads|move: Sticky Web\n|-unboost|p2a: Iron Treads|spe|1\n|move|p1a: Hatterene|Healing Wish|p1a: Hatterene\n|faint|p1a: Hatterene\n|\n|upkeep\n|\n|t:|1700112766\n|switch|p1a: Cinderace|Cinderace, M|83\/100 par\n|-heal|p1a: Cinderace|100\/100|[from] move: Healing Wish\n|turn|11\n|\n|t:|1700112804\n|-end|p2a: Iron Treads|Quark Drive|[silent]\n|switch|p2a: Heatran|Heatran, F|100\/100\n|-activate|p2a: Heatran|move: Sticky Web\n|-unboost|p2a: Heatran|spe|1\n|move|p1a: Cinderace|Pyro Ball|p2a: Heatran\n|-start|p2a: Heatran|ability: Flash Fire\n|\n|upkeep\n|turn|12\n|\n|t:|1700112848\n|move|p1a: Cinderace|Sucker Punch|p2a: Heatran\n|-start|p1a: Cinderace|typechange|Dark|[from] ability: Libero\n|-activate|p2a: Heatran|move: Psychic Terrain\n|move|p2a: Heatran|Magma Storm|p1a: Cinderace\n|-damage|p1a: Cinderace|5\/100\n|-activate|p1a: Cinderace|move: Magma Storm|[of] p2a: Heatran\n|\n|-damage|p1a: Cinderace|0 fnt|[from] move: Magma Storm|[partiallytrapped]\n|faint|p1a: Cinderace\n|upkeep\n|\n|t:|1700112860\n|switch|p1a: Beedrill|Beedrill-Mega, M|100\/100\n|turn|13\n|\n|t:|1700112872\n|-end|p2a: Heatran|ability: Flash Fire|[silent]\n|switch|p2a: Sinistcha|Sinistcha-Masterpiece|90\/100\n|-activate|p2a: Sinistcha|move: Sticky Web\n|-unboost|p2a: Sinistcha|spe|1\n|move|p1a: Beedrill|Poison Jab|p2a: Sinistcha\n|-damage|p2a: Sinistcha|49\/100\n|\n|upkeep\n|turn|14\n|\n|t:|1700112885\n|move|p1a: Beedrill|Poison Jab|p2a: Sinistcha\n|-damage|p2a: Sinistcha|9\/100\n|move|p2a: Sinistcha|Strength Sap|p1a: Beedrill\n|-unboost|p1a: Beedrill|atk|1\n|-heal|p2a: Sinistcha|100\/100\n|\n|-fieldend|move: Psychic Terrain\n|upkeep\n|turn|15\n|\n|t:|1700112902\n|switch|p2a: Chef-lu|Ting-Lu|100\/100\n|-activate|p2a: Chef-lu|move: Sticky Web\n|-unboost|p2a: Chef-lu|spe|1\n|-ability|p2a: Chef-lu|Vessel of Ruin\n|move|p1a: Beedrill|Drill Run|p2a: Chef-lu\n|-damage|p2a: Chef-lu|90\/100\n|\n|-heal|p2a: Chef-lu|96\/100|[from] item: Leftovers\n|upkeep\n|turn|16\n|\n|t:|1700112914\n|switch|p1a: Indeedee|Indeedee, M|100\/100\n|-fieldstart|move: Psychic Terrain|[from] ability: Psychic Surge|[of] p1a: Indeedee\n|move|p2a: Chef-lu|Stealth Rock|p1a: Indeedee\n|-sidestart|p1: JuzOzuj|move: Stealth Rock\n|\n|-heal|p2a: Chef-lu|100\/100|[from] item: Leftovers\n|upkeep\n|turn|17\n|\n|t:|1700112922\n|move|p1a: Indeedee|Encore|p2a: Chef-lu\n|-start|p2a: Chef-lu|Encore\n|move|p2a: Chef-lu|Stealth Rock||[still]\n|-fail|p2a: Chef-lu\n|\n|upkeep\n|turn|18\n|\n|t:|1700112939\n|move|p1a: Indeedee|Mystical Fire|p2a: Chef-lu\n|-damage|p2a: Chef-lu|91\/100\n|-unboost|p2a: Chef-lu|spa|1\n|move|p2a: Chef-lu|Stealth Rock||[still]\n|-fail|p2a: Chef-lu\n|\n|-heal|p2a: Chef-lu|98\/100|[from] item: Leftovers\n|upkeep\n|turn|19\n|\n|t:|1700112945\n|switch|p1a: Reixo|Sneasler, F|100\/100\n|-damage|p1a: Reixo|95\/100|[from] Stealth Rock\n|-enditem|p1a: Reixo|Psychic Seed\n|-boost|p1a: Reixo|spd|1|[from] item: Psychic Seed\n|move|p2a: Chef-lu|Stealth Rock||[still]\n|-fail|p2a: Chef-lu\n|\n|-heal|p2a: Chef-lu|100\/100|[from] item: Leftovers\n|-end|p2a: Chef-lu|Encore\n|upkeep\n|turn|20\n|\n|t:|1700112957\n|-terastallize|p2a: Chef-lu|Poison\n|move|p1a: Reixo|Swords Dance|p1a: Reixo\n|-boost|p1a: Reixo|atk|2\n|move|p2a: Chef-lu|Whirlwind|p1a: Reixo\n|drag|p1a: Indeedee|Indeedee, M|100\/100\n|-damage|p1a: Indeedee|88\/100|[from] Stealth Rock\n|\n|upkeep\n|turn|21\n|c|\u2606JuzOzuj|cuando se te quito el encore\n|c|\u2606JuzOzuj|dafuck\n|\n|t:|1700112979\n|switch|p2a: Heatran|Heatran, F|100\/100\n|-activate|p2a: Heatran|move: Sticky Web\n|-unboost|p2a: Heatran|spe|1\n|move|p1a: Indeedee|Expanding Force|p2a: Heatran\n|-resisted|p2a: Heatran\n|-damage|p2a: Heatran|68\/100\n|\n|-heal|p2a: Heatran|74\/100|[from] item: Leftovers\n|upkeep\n|turn|22\n|\n|t:|1700112990\n|switch|p1a: Reixo|Sneasler, F|95\/100\n|-damage|p1a: Reixo|89\/100|[from] Stealth Rock\n|move|p2a: Heatran|Magma Storm|p1a: Reixo\n|-damage|p1a: Reixo|26\/100\n|-activate|p1a: Reixo|move: Magma Storm|[of] p2a: Heatran\n|\n|-heal|p2a: Heatran|80\/100|[from] item: Leftovers\n|-damage|p1a: Reixo|14\/100|[from] move: Magma Storm|[partiallytrapped]\n|upkeep\n|turn|23\n|\n|t:|1700113002\n|switch|p2a: Sinistcha|Sinistcha-Masterpiece|100\/100\n|-activate|p2a: Sinistcha|move: Sticky Web\n|-unboost|p2a: Sinistcha|spe|1\n|move|p1a: Reixo|Close Combat|p2a: Sinistcha\n|-immune|p2a: Sinistcha\n|\n|-end|p1a: Reixo|Magma Storm|[partiallytrapped]|[silent]\n|-fieldend|move: Psychic Terrain\n|upkeep\n|turn|24\n|\n|t:|1700113018\n|switch|p2a: Chef-lu|Ting-Lu, tera:Poison|100\/100\n|-activate|p2a: Chef-lu|move: Sticky Web\n|-unboost|p2a: Chef-lu|spe|1\n|-ability|p2a: Chef-lu|Vessel of Ruin\n|move|p1a: Reixo|Acrobatics|p2a: Chef-lu\n|-damage|p2a: Chef-lu|78\/100\n|\n|-heal|p2a: Chef-lu|84\/100|[from] item: Leftovers\n|upkeep\n|turn|25\n|\n|t:|1700113028\n|move|p1a: Reixo|Dire Claw|p2a: Chef-lu\n|-resisted|p2a: Chef-lu\n|-damage|p2a: Chef-lu|73\/100\n|move|p2a: Chef-lu|Whirlwind|p1a: Reixo\n|drag|p1a: Beedrill|Beedrill-Mega, M|100\/100\n|-damage|p1a: Beedrill|76\/100|[from] Stealth Rock\n|\n|-heal|p2a: Chef-lu|79\/100|[from] item: Leftovers\n|upkeep\n|turn|26\n|\n|t:|1700113040\n|switch|p1a: Reixo|Sneasler, F|14\/100\n|-damage|p1a: Reixo|8\/100|[from] Stealth Rock\n|switch|p2a: Sinistcha|Sinistcha-Masterpiece|100\/100\n|-activate|p2a: Sinistcha|move: Sticky Web\n|-unboost|p2a: Sinistcha|spe|1\n|\n|upkeep\n|turn|27\n|\n|t:|1700113051\n|switch|p2a: Chef-lu|Ting-Lu, tera:Poison|79\/100\n|-activate|p2a: Chef-lu|move: Sticky Web\n|-unboost|p2a: Chef-lu|spe|1\n|-ability|p2a: Chef-lu|Vessel of Ruin\n|move|p1a: Reixo|Dire Claw|p2a: Chef-lu\n|-resisted|p2a: Chef-lu\n|-damage|p2a: Chef-lu|67\/100\n|\n|-heal|p2a: Chef-lu|73\/100|[from] item: Leftovers\n|upkeep\n|turn|28\n|\n|t:|1700113071\n|move|p1a: Reixo|Dire Claw|p2a: Chef-lu\n|-resisted|p2a: Chef-lu\n|-damage|p2a: Chef-lu|62\/100\n|move|p2a: Chef-lu|Whirlwind|p1a: Reixo\n|drag|p1a: Indeedee|Indeedee, M|88\/100\n|-damage|p1a: Indeedee|76\/100|[from] Stealth Rock\n|-fieldstart|move: Psychic Terrain|[from] ability: Psychic Surge|[of] p1a: Indeedee\n|\n|-heal|p2a: Chef-lu|68\/100|[from] item: Leftovers\n|upkeep\n|turn|29\n|\n|t:|1700113085\n|switch|p2a: Heatran|Heatran, F|80\/100\n|-activate|p2a: Heatran|move: Sticky Web\n|-unboost|p2a: Heatran|spe|1\n|move|p1a: Indeedee|Expanding Force|p2a: Heatran\n|-resisted|p2a: Heatran\n|-damage|p2a: Heatran|51\/100\n|\n|-heal|p2a: Heatran|57\/100|[from] item: Leftovers\n|upkeep\n|turn|30\n|\n|t:|1700113102\n|switch|p1a: Reixo|Sneasler, F|8\/100\n|-damage|p1a: Reixo|2\/100|[from] Stealth Rock\n|switch|p2a: Iron Treads|Iron Treads|100\/100\n|-activate|p2a: Iron Treads|move: Sticky Web\n|-unboost|p2a: Iron Treads|spe|1\n|\n|upkeep\n|turn|31\n|\n|t:|1700113122\n|move|p1a: Reixo|Close Combat|p2a: Iron Treads\n|-supereffective|p2a: Iron Treads\n|-damage|p2a: Iron Treads|0 fnt\n|-unboost|p1a: Reixo|def|1\n|-unboost|p1a: Reixo|spd|1\n|faint|p2a: Iron Treads\n|-end|p2a: Iron Treads|Quark Drive|[silent]\n|\n|upkeep\n|c|\u2606mixco|Missclick\n|\n|t:|1700113146\n|switch|p2a: Chef-lu|Ting-Lu, tera:Poison|68\/100\n|-activate|p2a: Chef-lu|move: Sticky Web\n|-unboost|p2a: Chef-lu|spe|1\n|-ability|p2a: Chef-lu|Vessel of Ruin\n|turn|32\n|\n|t:|1700113160\n|move|p1a: Reixo|Dire Claw|p2a: Chef-lu\n|-resisted|p2a: Chef-lu\n|-crit|p2a: Chef-lu\n|-damage|p2a: Chef-lu|51\/100\n|-status|p2a: Chef-lu|slp\n|cant|p2a: Chef-lu|slp\n|\n|-heal|p2a: Chef-lu|57\/100 slp|[from] item: Leftovers\n|upkeep\n|turn|33\n|\n|t:|1700113180\n|move|p1a: Reixo|Acrobatics|p2a: Chef-lu\n|-damage|p2a: Chef-lu|34\/100 slp\n|cant|p2a: Chef-lu|slp\n|\n|-heal|p2a: Chef-lu|40\/100 slp|[from] item: Leftovers\n|upkeep\n|turn|34\n|\n|t:|1700113187\n|move|p1a: Reixo|Swords Dance|p1a: Reixo\n|-boost|p1a: Reixo|atk|2\n|cant|p2a: Chef-lu|slp\n|\n|-heal|p2a: Chef-lu|46\/100 slp|[from] item: Leftovers\n|upkeep\n|turn|35\n|\n|t:|1700113193\n|move|p1a: Reixo|Acrobatics|p2a: Chef-lu\n|-damage|p2a: Chef-lu|6\/100 slp\n|-curestatus|p2a: Chef-lu|slp|[msg]\n|move|p2a: Chef-lu|Whirlwind|p1a: Reixo\n|drag|p1a: Indeedee|Indeedee, M|76\/100\n|-damage|p1a: Indeedee|64\/100|[from] Stealth Rock\n|\n|-heal|p2a: Chef-lu|12\/100|[from] item: Leftovers\n|-fieldend|move: Psychic Terrain\n|upkeep\n|turn|36\n|\n|t:|1700113232\n|switch|p1a: Reixo|Sneasler, F|2\/100\n|-damage|p1a: Reixo|0 fnt|[from] Stealth Rock\n|faint|p1a: Reixo\n|move|p2a: Chef-lu|Spikes|p1: Reixo\n|-sidestart|p1: JuzOzuj|Spikes\n|\n|-heal|p2a: Chef-lu|18\/100|[from] item: Leftovers\n|upkeep\n|\n|t:|1700113243\n|switch|p1a: Indeedee|Indeedee, M|64\/100\n|-damage|p1a: Indeedee|52\/100|[from] Stealth Rock\n|-damage|p1a: Indeedee|39\/100|[from] Spikes\n|-fieldstart|move: Psychic Terrain|[from] ability: Psychic Surge|[of] p1a: Indeedee\n|turn|37\n|\n|t:|1700113255\n|move|p1a: Indeedee|Expanding Force|p2a: Chef-lu\n|-supereffective|p2a: Chef-lu\n|-damage|p2a: Chef-lu|0 fnt\n|faint|p2a: Chef-lu\n|\n|upkeep\n|\n|t:|1700113263\n|switch|p2a: Zapatos|Zapdos-Galar|100\/100\n|turn|38\n|c|\u2606JuzOzuj|la cague\n|c|\u2606JuzOzuj|era healing wish ahi\n|c|\u2606JuzOzuj|pude aver remontado\n|c|\u2606JuzOzuj|chales\n|c|\u2606JuzOzuj|Gg\n|\n|t:|1700113343\n|move|p2a: Zapatos|Brave Bird|p1a: Indeedee\n|-crit|p1a: Indeedee\n|-damage|p1a: Indeedee|0 fnt\n|faint|p1a: Indeedee\n|-damage|p2a: Zapatos|90\/100|[from] Recoil\n|\n|upkeep\n|\n|t:|1700113347\n|switch|p1a: Polteageist|Polteageist|100\/100\n|-damage|p1a: Polteageist|88\/100|[from] Stealth Rock\n|-damage|p1a: Polteageist|76\/100|[from] Spikes\n|turn|39\n|\n|t:|1700113354\n|move|p2a: Zapatos|Brave Bird|p1a: Polteageist\n|-damage|p1a: Polteageist|0 fnt\n|faint|p1a: Polteageist\n|-damage|p2a: Zapatos|70\/100|[from] Recoil\n|\n|upkeep\n|\n|t:|1700113359\n|switch|p1a: Beedrill|Beedrill-Mega, M|76\/100\n|-damage|p1a: Beedrill|51\/100|[from] Stealth Rock\n|-damage|p1a: Beedrill|39\/100|[from] Spikes\n|turn|40\n|\n|t:|1700113364\n|move|p1a: Beedrill|Poison Jab|p2a: Zapatos\n|-damage|p2a: Zapatos|0 fnt\n|faint|p2a: Zapatos\n|\n|upkeep\n|\n|t:|1700113367\n|switch|p2a: Sinistcha|Sinistcha-Masterpiece|100\/100\n|-activate|p2a: Sinistcha|move: Sticky Web\n|-unboost|p2a: Sinistcha|spe|1\n|turn|41\n|c|\u2606JuzOzuj|CO\u00d1O\n|c|\u2606JuzOzuj|Y YO JUGANDO\n|c|\u2606JuzOzuj|EN BASE\n|c|\u2606JuzOzuj|A QUE ERA SCARF\n|c|\u2606JuzOzuj|LPM\n|c|\u2606JuzOzuj|CIERTO\n|c|\u2606mixco|UwU\n|c|\u2606JuzOzuj|Dios\n|c|\u2606JuzOzuj|esto era mas facil de ganar\n|c|\u2606JuzOzuj|de lo que crei\n|c|\u2606JuzOzuj|y me super autosugestione\n|c|\u2606JuzOzuj|LPM\n|c|\u2606JuzOzuj|xDDDDDDDDDDDD\n|c|\u2606JuzOzuj|buena ahi\n|c|\u2606mixco|Sabiendote los items obvio que es mas f\u00e1cil no te jode\n|c|\u2606JuzOzuj|ggs\n|c|\u2606JuzOzuj|sabes lo peor\n|c|\u2606JuzOzuj|es que si me lo sabia\n|c|\u2606JuzOzuj|por que ya te habia visto jugar\n|c|\u2606JuzOzuj|solo que se me fue la flapa\n|c|\u2606JuzOzuj|y no lo recorde XDDDD\n|\n|t:|1700113444\n|move|p1a: Beedrill|Poison Jab|p2a: Sinistcha\n|-damage|p2a: Sinistcha|55\/100\n|move|p2a: Sinistcha|Strength Sap|p1a: Beedrill\n|-unboost|p1a: Beedrill|atk|1\n|-heal|p2a: Sinistcha|100\/100\n|\n|upkeep\n|turn|42\n|\n|t:|1700113451\n|move|p1a: Beedrill|Poison Jab|p2a: Sinistcha\n|-damage|p2a: Sinistcha|70\/100\n|move|p2a: Sinistcha|Shadow Ball|p1a: Beedrill\n|-damage|p1a: Beedrill|0 fnt\n|faint|p1a: Beedrill\n|\n|win|mixco\n","uploadtime":1700113466,"views":8,"p1id":"juzozuj","p2id":"mixco","formatid":"gen9nationaldex","rating":0,"private":0,"password":""}