{"id":"gen9nationaldex-1990259385","p1":"wudiace","p2":"DivineFailure","format":"[Gen 9] National Dex","log":"|j|\u2606wudiace\n|j|\u2606DivineFailure\n|t:|1699946264\n|gametype|singles\n|player|p1|wudiace|cynthia|1601\n|player|p2|DivineFailure|2|1662\n|teamsize|p1|6\n|teamsize|p2|6\n|gen|9\n|tier|[Gen 9] National Dex\n|rated|\n|rule|HP Percentage Mod: HP is shown in percentages\n|rule|Endless Battle Clause: Forcing endless battles is banned\n|rule|OHKO Clause: OHKO moves are banned\n|rule|Evasion Clause: Evasion abilities, items, and moves are banned\n|rule|Evasion Abilities Clause: Evasion abilities are banned\n|rule|Evasion Items Clause: Evasion items are banned\n|rule|Evasion Moves Clause: Evasion moves are banned\n|rule|Species Clause: Limit one of each Pok\u00e9mon\n|rule|Sleep Clause Mod: Limit one foe put to sleep\n|clearpoke\n|poke|p1|Great Tusk|\n|poke|p1|Moltres|\n|poke|p1|Sinistcha|\n|poke|p1|Banette, F|\n|poke|p1|Slowking-Galar, M|\n|poke|p1|Ogerpon-Wellspring, F|\n|poke|p2|Scolipede, F|\n|poke|p2|Blaziken, M|\n|poke|p2|Gyarados, F|\n|poke|p2|Ogerpon-Wellspring, F|\n|poke|p2|Tapu Lele|\n|poke|p2|Landorus-Therian, M|\n|teampreview\n|\n|t:|1699946279\n|start\n|switch|p1a: Moltres|Moltres|100\/100\n|switch|p2a: Scolipede|Scolipede, F|100\/100\n|turn|1\n|\n|t:|1699946285\n|move|p2a: Scolipede|Spikes|p1a: Moltres\n|-sidestart|p1: wudiace|Spikes\n|move|p1a: Moltres|Flamethrower|p2a: Scolipede\n|-supereffective|p2a: Scolipede\n|-enditem|p2a: Scolipede|Focus Sash\n|-damage|p2a: Scolipede|1\/100\n|\n|-ability|p2a: Scolipede|Speed Boost|boost\n|-boost|p2a: Scolipede|spe|1\n|upkeep\n|turn|2\n|\n|t:|1699946297\n|move|p2a: Scolipede|Double-Edge|p1a: Moltres\n|-damage|p1a: Moltres|75\/100\n|-status|p2a: Scolipede|brn|[from] ability: Flame Body|[of] p1a: Moltres\n|-damage|p2a: Scolipede|0 fnt|[from] Recoil\n|faint|p2a: Scolipede\n|move|p1a: Moltres|Flamethrower|p2: Scolipede|[notarget]\n|-fail|p1a: Moltres\n|\n|upkeep\n|\n|t:|1699946301\n|switch|p2a: Gyarados|Gyarados, F|100\/100\n|-ability|p2a: Gyarados|Intimidate|boost\n|-unboost|p1a: Moltres|atk|1\n|turn|3\n|\n|t:|1699946313\n|move|p2a: Gyarados|Substitute|p2a: Gyarados\n|-start|p2a: Gyarados|Substitute\n|-damage|p2a: Gyarados|76\/100\n|move|p1a: Moltres|U-turn|p2a: Gyarados\n|-resisted|p2a: Gyarados\n|-activate|p2a: Gyarados|move: Substitute|[damage]\n|\n|t:|1699946318\n|switch|p1a: Banette|Banette, F|100\/100|[from] U-turn\n|-damage|p1a: Banette|88\/100|[from] Spikes\n|\n|upkeep\n|turn|4\n|\n|t:|1699946324\n|detailschange|p2a: Gyarados|Gyarados-Mega, F\n|-mega|p2a: Gyarados|Gyarados|Gyaradosite\n|-ability|p2a: Gyarados|Mold Breaker\n|detailschange|p1a: Banette|Banette-Mega, F\n|-mega|p1a: Banette|Banette|Banettite\n|move|p1a: Banette|Encore|p2a: Gyarados\n|-hint|Since gen 7, Dark is immune to Prankster moves.\n|-immune|p2a: Gyarados\n|move|p2a: Gyarados|Crunch|p1a: Banette\n|-supereffective|p1a: Banette\n|-damage|p1a: Banette|0 fnt\n|faint|p1a: Banette\n|\n|upkeep\n|\n|t:|1699946340\n|switch|p1a: Ogerpon|Ogerpon-Wellspring, F|100\/100\n|-damage|p1a: Ogerpon|88\/100|[from] Spikes\n|turn|5\n|\n|t:|1699946374\n|move|p1a: Ogerpon|Horn Leech|p2a: Gyarados\n|-supereffective|p2a: Gyarados\n|-end|p2a: Gyarados|Substitute\n|-heal|p1a: Ogerpon|99\/100|[from] drain|[of] p2a: Gyarados\n|move|p2a: Gyarados|Dragon Dance|p2a: Gyarados\n|-boost|p2a: Gyarados|atk|1\n|-boost|p2a: Gyarados|spe|1\n|\n|upkeep\n|turn|6\n|\n|t:|1699946385\n|move|p2a: Gyarados|Crunch|p1a: Ogerpon\n|-damage|p1a: Ogerpon|0 fnt\n|faint|p1a: Ogerpon\n|\n|upkeep\n|\n|t:|1699946395\n|switch|p1a: Sinistcha|Sinistcha|100\/100\n|-damage|p1a: Sinistcha|88\/100|[from] Spikes\n|turn|7\n|\n|t:|1699946403\n|-terastallize|p1a: Sinistcha|Poison\n|move|p2a: Gyarados|Substitute|p2a: Gyarados\n|-start|p2a: Gyarados|Substitute\n|-damage|p2a: Gyarados|51\/100\n|move|p1a: Sinistcha|Matcha Gotcha|p2a: Gyarados\n|-supereffective|p2a: Gyarados\n|-end|p2a: Gyarados|Substitute\n|-heal|p1a: Sinistcha|99\/100|[from] drain|[of] p2a: Gyarados\n|\n|-heal|p1a: Sinistcha|100\/100|[from] item: Leftovers\n|upkeep\n|turn|8\n|inactive|Battle timer is ON: inactive players will automatically lose when time's up. (requested by DivineFailure)\n|\n|t:|1699946412\n|move|p2a: Gyarados|Waterfall|p1a: Sinistcha\n|-damage|p1a: Sinistcha|52\/100\n|move|p1a: Sinistcha|Matcha Gotcha|p2a: Gyarados\n|-supereffective|p2a: Gyarados\n|-damage|p2a: Gyarados|0 fnt\n|-heal|p1a: Sinistcha|77\/100|[from] drain|[of] p2a: Gyarados\n|faint|p2a: Gyarados\n|\n|-heal|p1a: Sinistcha|84\/100|[from] item: Leftovers\n|upkeep\n|\n|t:|1699946416\n|switch|p2a: Blaziken|Blaziken, M|100\/100\n|turn|9\n|\n|t:|1699946426\n|move|p2a: Blaziken|Swords Dance|p2a: Blaziken\n|-boost|p2a: Blaziken|atk|2\n|move|p1a: Sinistcha|Calm Mind|p1a: Sinistcha\n|-boost|p1a: Sinistcha|spa|1\n|-boost|p1a: Sinistcha|spd|1\n|\n|-heal|p1a: Sinistcha|90\/100|[from] item: Leftovers\n|-ability|p2a: Blaziken|Speed Boost|boost\n|-boost|p2a: Blaziken|spe|1\n|upkeep\n|turn|10\n|\n|t:|1699946435\n|move|p2a: Blaziken|Earthquake|p1a: Sinistcha\n|-supereffective|p1a: Sinistcha\n|-damage|p1a: Sinistcha|0 fnt\n|faint|p1a: Sinistcha\n|\n|-ability|p2a: Blaziken|Speed Boost|boost\n|-boost|p2a: Blaziken|spe|1\n|upkeep\n|\n|t:|1699946444\n|switch|p1a: Great Tusk|Great Tusk|100\/100\n|-damage|p1a: Great Tusk|88\/100|[from] Spikes\n|turn|11\n|\n|t:|1699946447\n|-zpower|p2a: Blaziken\n|move|p2a: Blaziken|Inferno Overdrive|p1a: Great Tusk|[zeffect]\n|-damage|p1a: Great Tusk|0 fnt\n|faint|p1a: Great Tusk\n|-end|p1a: Great Tusk|Protosynthesis|[silent]\n|\n|-ability|p2a: Blaziken|Speed Boost|boost\n|-boost|p2a: Blaziken|spe|1\n|upkeep\n|-message|wudiace forfeited.\n|\n|win|DivineFailure\n|raw|wudiace's rating: 1601 &rarr; <strong>1584<\/strong><br \/>(-17 for losing)\n|raw|DivineFailure's rating: 1662 &rarr; <strong>1679<\/strong><br \/>(+17 for winning)\n|l|\u2606wudiace\n","uploadtime":1699946458,"views":9,"p1id":"wudiace","p2id":"divinefailure","formatid":"gen9nationaldex","rating":1584,"private":0,"password":""}