{"id":"gen9nationaldex-1987172986","p1":"Munchback","p2":"Fallout 3 Enjoyer","format":"[Gen 9] National Dex","log":"|j|\u2606Munchback\n|j|\u2606Fallout 3 Enjoyer\n|t:|1699562215\n|gametype|singles\n|player|p1|Munchback|veteran|1046\n|player|p2|Fallout 3 Enjoyer|caitlin|1103\n|teamsize|p1|6\n|teamsize|p2|6\n|gen|9\n|tier|[Gen 9] National Dex\n|rated|\n|rule|HP Percentage Mod: HP is shown in percentages\n|rule|Endless Battle Clause: Forcing endless battles is banned\n|rule|OHKO Clause: OHKO moves are banned\n|rule|Evasion Clause: Evasion abilities, items, and moves are banned\n|rule|Evasion Abilities Clause: Evasion abilities are banned\n|rule|Evasion Items Clause: Evasion items are banned\n|rule|Evasion Moves Clause: Evasion moves are banned\n|rule|Species Clause: Limit one of each Pok\u00e9mon\n|rule|Sleep Clause Mod: Limit one foe put to sleep\n|clearpoke\n|poke|p1|Sharpedo, M|\n|poke|p1|Great Tusk|\n|poke|p1|Emboar, M|\n|poke|p1|Dragonite, M|\n|poke|p1|Arbok, F|\n|poke|p1|Tentacruel, M|\n|poke|p2|Clodsire, F|\n|poke|p2|Bellibolt, F|\n|poke|p2|Poliwrath, M|\n|poke|p2|Politoed, F|\n|poke|p2|Swampert, M|\n|poke|p2|Toxicroak, M|\n|teampreview\n|inactive|Battle timer is ON: inactive players will automatically lose when time's up. (requested by Fallout 3 Enjoyer)\n|\n|t:|1699562227\n|start\n|switch|p1a: Tentacruel|Tentacruel, M|100\/100\n|switch|p2a: Forg Two|Politoed, F, shiny|100\/100\n|-weather|RainDance|[from] ability: Drizzle|[of] p2a: Forg Two\n|turn|1\n|\n|t:|1699562236\n|move|p1a: Tentacruel|Knock Off|p2a: Forg Two\n|-crit|p2a: Forg Two\n|-damage|p2a: Forg Two|72\/100\n|-enditem|p2a: Forg Two|Damp Rock|[from] move: Knock Off|[of] p1a: Tentacruel\n|move|p2a: Forg Two|Earth Power|p1a: Tentacruel\n|-supereffective|p1a: Tentacruel\n|-damage|p1a: Tentacruel|72\/100\n|\n|-weather|RainDance|[upkeep]\n|upkeep\n|turn|2\n|\n|t:|1699562245\n|switch|p2a: Chunky Fuck|Clodsire, F|100\/100\n|move|p1a: Tentacruel|Toxic Spikes|p2a: Chunky Fuck\n|-sidestart|p2: Fallout 3 Enjoyer|move: Toxic Spikes\n|\n|-weather|RainDance|[upkeep]\n|upkeep\n|turn|3\n|\n|t:|1699562253\n|move|p1a: Tentacruel|Magic Coat|p1a: Tentacruel\n|-singleturn|p1a: Tentacruel|move: Magic Coat\n|move|p2a: Chunky Fuck|Curse|p2a: Chunky Fuck\n|-unboost|p2a: Chunky Fuck|spe|1\n|-boost|p2a: Chunky Fuck|atk|1\n|-boost|p2a: Chunky Fuck|def|1\n|\n|-weather|RainDance|[upkeep]\n|upkeep\n|turn|4\n|\n|t:|1699562258\n|move|p1a: Tentacruel|Haze|p1a: Tentacruel\n|-clearallboost\n|move|p2a: Chunky Fuck|Earthquake|p1a: Tentacruel\n|-supereffective|p1a: Tentacruel\n|-damage|p1a: Tentacruel|0 fnt\n|faint|p1a: Tentacruel\n|\n|-weather|RainDance|[upkeep]\n|upkeep\n|\n|t:|1699562262\n|switch|p1a: Sharpedo|Sharpedo, M|100\/100\n|turn|5\n|\n|t:|1699562265\n|switch|p2a: Toxicroak|Toxicroak, M|100\/100\n|-sideend|p2: Fallout 3 Enjoyer|move: Toxic Spikes|[of] p2a: Toxicroak\n|move|p1a: Sharpedo|Protect||[still]\n|-fail|p1a: Sharpedo\n|\n|-weather|RainDance|[upkeep]\n|-ability|p1a: Sharpedo|Speed Boost|boost\n|-boost|p1a: Sharpedo|spe|1\n|upkeep\n|turn|6\n|\n|t:|1699562270\n|detailschange|p1a: Sharpedo|Sharpedo-Mega, M\n|-mega|p1a: Sharpedo|Sharpedo|Sharpedonite\n|move|p2a: Toxicroak|Fake Out|p1a: Sharpedo\n|-crit|p1a: Sharpedo\n|-damage|p1a: Sharpedo|63\/100\n|-damage|p2a: Toxicroak|91\/100|[from] item: Life Orb\n|cant|p1a: Sharpedo|flinch\n|\n|-weather|RainDance|[upkeep]\n|-heal|p2a: Toxicroak|100\/100|[from] ability: Dry Skin\n|upkeep\n|turn|7\n|\n|t:|1699562277\n|move|p1a: Sharpedo|Psychic Fangs|p2a: Toxicroak\n|-supereffective|p2a: Toxicroak\n|-damage|p2a: Toxicroak|0 fnt\n|faint|p2a: Toxicroak\n|\n|-weather|RainDance|[upkeep]\n|upkeep\n|\n|t:|1699562282\n|switch|p2a: Big Guy|Bellibolt, F|100\/100\n|turn|8\n|\n|t:|1699562287\n|-terastallize|p2a: Big Guy|Water\n|move|p1a: Sharpedo|Crunch|p2a: Big Guy\n|-damage|p2a: Big Guy|53\/100\n|-start|p2a: Big Guy|Charge|Crunch|[from] ability: Electromorphosis\n|move|p2a: Big Guy|Charge Beam|p1a: Sharpedo|[miss]\n|-miss|p2a: Big Guy|p1a: Sharpedo\n|-end|p2a: Big Guy|Charge|[silent]\n|\n|-weather|none\n|-heal|p2a: Big Guy|59\/100|[from] item: Leftovers\n|upkeep\n|turn|9\n|\n|t:|1699562298\n|switch|p2a: Forg Two|Politoed, F, shiny|72\/100\n|-weather|RainDance|[from] ability: Drizzle|[of] p2a: Forg Two\n|move|p1a: Sharpedo|Protect||[still]\n|-fail|p1a: Sharpedo\n|\n|-weather|RainDance|[upkeep]\n|upkeep\n|turn|10\n|\n|t:|1699562304\n|move|p1a: Sharpedo|Crunch|p2a: Forg Two\n|-damage|p2a: Forg Two|0 fnt\n|faint|p2a: Forg Two\n|\n|-weather|RainDance|[upkeep]\n|upkeep\n|\n|t:|1699562313\n|switch|p2a: Chunky Fuck|Clodsire, F|100\/100\n|turn|11\n|\n|t:|1699562316\n|move|p1a: Sharpedo|Ice Fang|p2a: Chunky Fuck\n|-supereffective|p2a: Chunky Fuck\n|-damage|p2a: Chunky Fuck|41\/100\n|move|p2a: Chunky Fuck|Body Press|p1a: Sharpedo\n|-supereffective|p1a: Sharpedo\n|-damage|p1a: Sharpedo|4\/100\n|\n|-weather|RainDance|[upkeep]\n|-heal|p2a: Chunky Fuck|48\/100|[from] item: Black Sludge\n|upkeep\n|turn|12\n|\n|t:|1699562323\n|move|p1a: Sharpedo|Ice Fang|p2a: Chunky Fuck\n|-supereffective|p2a: Chunky Fuck\n|-damage|p2a: Chunky Fuck|0 fnt\n|faint|p2a: Chunky Fuck\n|\n|-weather|RainDance|[upkeep]\n|upkeep\n|\n|t:|1699562328\n|switch|p2a: Big Guy|Bellibolt, F, tera:Water|59\/100\n|turn|13\n|\n|t:|1699562339\n|move|p1a: Sharpedo|Crunch|p2a: Big Guy\n|-damage|p2a: Big Guy|18\/100\n|-start|p2a: Big Guy|Charge|Crunch|[from] ability: Electromorphosis\n|move|p2a: Big Guy|Charge Beam|p1a: Sharpedo\n|-supereffective|p1a: Sharpedo\n|-damage|p1a: Sharpedo|0 fnt\n|-boost|p2a: Big Guy|spa|1\n|faint|p1a: Sharpedo\n|-end|p2a: Big Guy|Charge|[silent]\n|\n|-weather|none\n|-heal|p2a: Big Guy|24\/100|[from] item: Leftovers\n|upkeep\n|\n|t:|1699562350\n|switch|p1a: Dragonite|Dragonite, M|100\/100\n|turn|14\n|\n|t:|1699562355\n|move|p1a: Dragonite|Dragon Dance|p1a: Dragonite\n|-boost|p1a: Dragonite|atk|1\n|-boost|p1a: Dragonite|spe|1\n|move|p2a: Big Guy|Volt Switch|p1a: Dragonite\n|-damage|p1a: Dragonite|82\/100\n|\n|t:|1699562358\n|switch|p2a: Roid Monster|Swampert, M|100\/100|[from] Volt Switch\n|\n|upkeep\n|turn|15\n|\n|t:|1699562367\n|detailschange|p2a: Roid Monster|Swampert-Mega, M\n|-mega|p2a: Roid Monster|Swampert|Swampertite\n|move|p1a: Dragonite|Dual Wingbeat|p2a: Roid Monster\n|-damage|p2a: Roid Monster|66\/100\n|-damage|p2a: Roid Monster|32\/100\n|-hitcount|p2a: Roid Monster|2\n|move|p2a: Roid Monster|Ice Punch|p1a: Dragonite\n|-supereffective|p1a: Dragonite\n|-damage|p1a: Dragonite|0 fnt\n|faint|p1a: Dragonite\n|\n|upkeep\n|\n|t:|1699562375\n|switch|p1a: Arbok|Arbok, F|100\/100\n|-ability|p1a: Arbok|Intimidate|boost\n|-unboost|p2a: Roid Monster|atk|1\n|turn|16\n|\n|t:|1699562380\n|move|p1a: Arbok|Toxic|p2a: Roid Monster\n|-status|p2a: Roid Monster|tox\n|move|p2a: Roid Monster|Earthquake|p1a: Arbok\n|-supereffective|p1a: Arbok\n|-damage|p1a: Arbok|0 fnt\n|faint|p1a: Arbok\n|\n|-damage|p2a: Roid Monster|26\/100 tox|[from] psn\n|upkeep\n|\n|t:|1699562383\n|switch|p1a: Great Tusk|Great Tusk|100\/100\n|turn|17\n|\n|t:|1699562387\n|move|p1a: Great Tusk|Rapid Spin|p2a: Roid Monster\n|-damage|p2a: Roid Monster|13\/100 tox\n|-boost|p1a: Great Tusk|spe|1\n|move|p2a: Roid Monster|Liquidation|p1a: Great Tusk\n|-supereffective|p1a: Great Tusk\n|-damage|p1a: Great Tusk|55\/100\n|\n|-damage|p2a: Roid Monster|0 fnt|[from] psn\n|faint|p2a: Roid Monster\n|upkeep\n|\n|t:|1699562392\n|switch|p2a: Big Guy|Bellibolt, F, tera:Water|24\/100\n|turn|18\n|\n|t:|1699562400\n|move|p1a: Great Tusk|Earthquake|p2a: Big Guy\n|-damage|p2a: Big Guy|0 fnt\n|faint|p2a: Big Guy\n|\n|upkeep\n|\n|t:|1699562402\n|switch|p2a: Forg One|Poliwrath, M|100\/100\n|turn|19\n|\n|t:|1699562410\n|-terastallize|p1a: Great Tusk|Ground\n|move|p1a: Great Tusk|Earthquake|p2a: Forg One\n|-damage|p2a: Forg One|40\/100\n|move|p2a: Forg One|Waterfall|p1a: Great Tusk\n|-supereffective|p1a: Great Tusk\n|-damage|p1a: Great Tusk|0 fnt\n|faint|p1a: Great Tusk\n|-end|p1a: Great Tusk|Protosynthesis|[silent]\n|\n|upkeep\n|\n|t:|1699562415\n|switch|p1a: Emboar|Emboar, M|100\/100\n|turn|20\n|\n|t:|1699562420\n|move|p2a: Forg One|Waterfall|p1a: Emboar\n|-supereffective|p1a: Emboar\n|-damage|p1a: Emboar|0 fnt\n|faint|p1a: Emboar\n|\n|win|Fallout 3 Enjoyer\n|raw|Munchback's rating: 1046 &rarr; <strong>1032<\/strong><br \/>(-14 for losing)\n|raw|Fallout 3 Enjoyer's rating: 1103 &rarr; <strong>1124<\/strong><br \/>(+21 for winning)\n|l|\u2606Munchback\n|c|\u2606Fallout 3 Enjoyer|gg\n","uploadtime":1699562425,"views":16,"p1id":"munchback","p2id":"fallout3enjoyer","formatid":"gen9nationaldex","rating":1032,"private":0,"password":""}