{"id":"gen9nationaldex-1991540446","p1":"CrispyBacon5093","p2":"asoespresso","format":"[Gen 9] National Dex","log":"|j|\u2606CrispyBacon5093\n|j|\u2606asoespresso\n|inactive|Battle timer is ON: inactive players will automatically lose when time's up.\n|t:|1700086439\n|gametype|singles\n|player|p1|CrispyBacon5093|red|\n|player|p2|asoespresso|bede|\n|teamsize|p1|6\n|teamsize|p2|6\n|gen|9\n|tier|[Gen 9] National Dex\n|rated|Tournament battle\n|rule|HP Percentage Mod: HP is shown in percentages\n|rule|Endless Battle Clause: Forcing endless battles is banned\n|rule|OHKO Clause: OHKO moves are banned\n|rule|Evasion Clause: Evasion abilities, items, and moves are banned\n|rule|Evasion Abilities Clause: Evasion abilities are banned\n|rule|Evasion Items Clause: Evasion items are banned\n|rule|Evasion Moves Clause: Evasion moves are banned\n|rule|Species Clause: Limit one of each Pok\u00e9mon\n|rule|Sleep Clause Mod: Limit one foe put to sleep\n|clearpoke\n|poke|p1|Toxapex, F|\n|poke|p1|Swampert, F|\n|poke|p1|Pelipper, F|\n|poke|p1|Urshifu-*, M|\n|poke|p1|Greninja-*, M|\n|poke|p1|Kingdra, F|\n|poke|p2|Magnezone|\n|poke|p2|Ogerpon-Wellspring, F|\n|poke|p2|Gliscor, M|\n|poke|p2|Skarmory, F|\n|poke|p2|Alomomola, M|\n|poke|p2|Slowking-Galar, F|\n|teampreview\n|c|\u2606asoespresso|hf\n|j| XXMurdrXX\n|j|+sealoo\n|\n|t:|1700086460\n|start\n|switch|p1a: Spike Factory|Toxapex, F|100\/100\n|switch|p2a: ALL I NEED|Alomomola, M, shiny|100\/100\n|turn|1\n|\n|t:|1700086470\n|switch|p2a: STAYWITHMEEE|Magnezone, shiny|100\/100\n|move|p1a: Spike Factory|Toxic Spikes|p2a: STAYWITHMEEE\n|-sidestart|p2: asoespresso|move: Toxic Spikes\n|\n|upkeep\n|turn|2\n|\n|t:|1700086478\n|switch|p2a: UAREMYSPECIAL|Gliscor, M, shiny|100\/100\n|switch|p1a: Mister Fister|Swampert, F|100\/100\n|\n|-status|p2a: UAREMYSPECIAL|tox|[from] item: Toxic Orb\n|upkeep\n|turn|3\n|\n|t:|1700086488\n|switch|p2a: ALL I NEED|Alomomola, M, shiny|100\/100\n|detailschange|p1a: Mister Fister|Swampert-Mega, F\n|-mega|p1a: Mister Fister|Swampert|Swampertite\n|move|p1a: Mister Fister|Ice Punch|p2a: ALL I NEED\n|-resisted|p2a: ALL I NEED\n|-damage|p2a: ALL I NEED|92\/100\n|\n|upkeep\n|turn|4\n|\n|t:|1700086511\n|switch|p1a: Beaky|Pelipper, F|100\/100\n|-weather|RainDance|[from] ability: Drizzle|[of] p1a: Beaky\n|move|p2a: ALL I NEED|Flip Turn|p1a: Beaky\n|-resisted|p1a: Beaky\n|-damage|p1a: Beaky|90\/100\n|\n|t:|1700086515\n|switch|p2a: Cursed Night|Slowking-Galar, F, shiny|100\/100|[from] Flip Turn\n|-sideend|p2: asoespresso|move: Toxic Spikes|[of] p2a: Cursed Night\n|\n|-weather|RainDance|[upkeep]\n|upkeep\n|turn|5\n|j| Aera29\n|c|\u2606asoespresso|i dont like that swamperts nickname\n|\n|t:|1700086539\n|move|p1a: Beaky|Weather Ball|p2a: Cursed Night\n|-damage|p2a: Cursed Night|67\/100\n|move|p2a: Cursed Night|Chilly Reception|p2a: Cursed Night\n|-weather|Snow\n|inactive|asoespresso has 120 seconds left.\n|\n|t:|1700086580\n|switch|p2a: ALL I NEED|Alomomola, M, shiny|100\/100|[from] Chilly Reception\n|\n|-weather|Snow|[upkeep]\n|upkeep\n|turn|6\n|inactive|CrispyBacon5093 has 120 seconds left.\n|\n|t:|1700086600\n|switch|p1a: Spike Factory|Toxapex, F|100\/100\n|move|p2a: ALL I NEED|Flip Turn|p1a: Spike Factory\n|-resisted|p1a: Spike Factory\n|-damage|p1a: Spike Factory|96\/100\n|-damage|p2a: ALL I NEED|84\/100|[from] item: Rocky Helmet|[of] p1a: Spike Factory\n|\n|t:|1700086606\n|switch|p2a: Phoenix|Skarmory, F|100\/100|[from] Flip Turn\n|\n|-weather|Snow|[upkeep]\n|upkeep\n|turn|7\n|inactive|CrispyBacon5093 has 120 seconds left.\n|\n|t:|1700086644\n|move|p2a: Phoenix|Stealth Rock|p1a: Spike Factory\n|-sidestart|p1: CrispyBacon5093|move: Stealth Rock\n|move|p1a: Spike Factory|Scald|p2a: Phoenix\n|-damage|p2a: Phoenix|80\/100\n|-status|p2a: Phoenix|brn\n|\n|-weather|Snow|[upkeep]\n|-damage|p2a: Phoenix|74\/100 brn|[from] brn\n|upkeep\n|turn|8\n|\n|t:|1700086656\n|move|p2a: Phoenix|Roost|p2a: Phoenix\n|-heal|p2a: Phoenix|100\/100 brn\n|-singleturn|p2a: Phoenix|move: Roost\n|move|p1a: Spike Factory|Toxic Spikes|p2a: Phoenix\n|-sidestart|p2: asoespresso|move: Toxic Spikes\n|\n|-weather|Snow|[upkeep]\n|-damage|p2a: Phoenix|95\/100 brn|[from] brn\n|upkeep\n|turn|9\n|inactive|CrispyBacon5093 has 90 seconds left.\n|\n|t:|1700086701\n|switch|p2a: Cursed Night|Slowking-Galar, F, shiny|99\/100\n|-sideend|p2: asoespresso|move: Toxic Spikes|[of] p2a: Cursed Night\n|move|p1a: Spike Factory|Scald|p2a: Cursed Night\n|-damage|p2a: Cursed Night|90\/100\n|-status|p2a: Cursed Night|brn\n|\n|-weather|none\n|-damage|p2a: Cursed Night|84\/100 brn|[from] brn\n|upkeep\n|turn|10\n|\n|t:|1700086709\n|move|p1a: Spike Factory|Scald|p2a: Cursed Night\n|-crit|p2a: Cursed Night\n|-damage|p2a: Cursed Night|69\/100 brn\n|move|p2a: Cursed Night|Future Sight|p1a: Spike Factory\n|-start|p2a: Cursed Night|move: Future Sight\n|\n|-damage|p2a: Cursed Night|63\/100 brn|[from] brn\n|upkeep\n|turn|11\n|inactive|CrispyBacon5093 has 60 seconds left.\n|\n|t:|1700086736\n|move|p1a: Spike Factory|Scald|p2a: Cursed Night\n|-damage|p2a: Cursed Night|52\/100 brn\n|move|p2a: Cursed Night|Chilly Reception|p2a: Cursed Night\n|-weather|Snow\n|\n|t:|1700086752\n|switch|p2a: WaVyyyy|Ogerpon-Wellspring, F|100\/100|[from] Chilly Reception\n|\n|-weather|Snow|[upkeep]\n|upkeep\n|turn|12\n|inactive|CrispyBacon5093 has 60 seconds left.\n|\n|t:|1700086773\n|move|p2a: WaVyyyy|Swords Dance|p2a: WaVyyyy\n|-boost|p2a: WaVyyyy|atk|2\n|move|p1a: Spike Factory|Toxic Spikes|p2a: WaVyyyy\n|-sidestart|p2: asoespresso|move: Toxic Spikes\n|\n|-weather|Snow|[upkeep]\n|-end|p1a: Spike Factory|move: Future Sight\n|-supereffective|p1a: Spike Factory\n|-damage|p1a: Spike Factory|20\/100\n|upkeep\n|turn|13\n|inactive|CrispyBacon5093 has 60 seconds left.\n|inactive|asoespresso has 120 seconds left.\n|inactive|asoespresso has 90 seconds left.\n|\n|t:|1700086830\n|switch|p1a: Beaky|Pelipper, F|90\/100\n|-weather|RainDance|[from] ability: Drizzle|[of] p1a: Beaky\n|move|p2a: WaVyyyy|Horn Leech|p1a: Beaky\n|-damage|p1a: Beaky|24\/100\n|\n|-weather|RainDance|[upkeep]\n|upkeep\n|turn|14\n|inactive|CrispyBacon5093 has 60 seconds left.\n|inactive|asoespresso has 90 seconds left.\n|\n|t:|1700086864\n|switch|p1a: Narutoad|Greninja, M|100\/100\n|-damage|p1a: Narutoad|88\/100|[from] Stealth Rock\n|move|p2a: WaVyyyy|Ivy Cudgel|p1a: Narutoad|[anim] Ivy Cudgel Water\n|-resisted|p1a: Narutoad\n|-damage|p1a: Narutoad|0 fnt\n|faint|p1a: Narutoad\n|\n|-weather|RainDance|[upkeep]\n|upkeep\n|\n|t:|1700086868\n|switch|p1a: Mister Fister|Swampert-Mega, F|100\/100\n|-damage|p1a: Mister Fister|94\/100|[from] Stealth Rock\n|turn|15\n|inactive|asoespresso has 90 seconds left.\n|\n|t:|1700086900\n|move|p1a: Mister Fister|Ice Punch|p2a: WaVyyyy\n|-damage|p2a: WaVyyyy|62\/100\n|move|p2a: WaVyyyy|Horn Leech|p1a: Mister Fister\n|-supereffective|p1a: Mister Fister\n|-damage|p1a: Mister Fister|0 fnt\n|-heal|p2a: WaVyyyy|100\/100|[from] drain|[of] p1a: Mister Fister\n|faint|p1a: Mister Fister\n|\n|-weather|RainDance|[upkeep]\n|upkeep\n|\n|t:|1700086915\n|switch|p1a: Spike Factory|Toxapex, F|53\/100\n|-damage|p1a: Spike Factory|41\/100|[from] Stealth Rock\n|turn|16\n|\n|t:|1700086924\n|move|p2a: WaVyyyy|Ivy Cudgel|p1a: Spike Factory|[anim] Ivy Cudgel Water\n|-resisted|p1a: Spike Factory\n|-damage|p1a: Spike Factory|0 fnt\n|faint|p1a: Spike Factory\n|\n|-weather|RainDance|[upkeep]\n|upkeep\n|j| KoraiDonaldTrump\n|\n|t:|1700086935\n|switch|p1a: Kingdra|Kingdra, F|100\/100\n|-damage|p1a: Kingdra|88\/100|[from] Stealth Rock\n|turn|17\n|c|\u2606asoespresso|fair and balanced no suspect needed\n|j| Potatofromsinnoh\n|c|\u2606CrispyBacon5093|lol\n|inactive|asoespresso has 90 seconds left.\n|\n|t:|1700086955\n|switch|p2a: Cursed Night|Slowking-Galar, F, shiny|86\/100 brn\n|-sideend|p2: asoespresso|move: Toxic Spikes|[of] p2a: Cursed Night\n|move|p1a: Kingdra|Hurricane|p2a: Cursed Night\n|-damage|p2a: Cursed Night|53\/100 brn\n|\n|-weather|none\n|-damage|p2a: Cursed Night|47\/100 brn|[from] brn\n|upkeep\n|turn|18\n|inactive|CrispyBacon5093 has 60 seconds left.\n|\n|t:|1700086962\n|move|p1a: Kingdra|Hurricane|p2a: Cursed Night\n|-damage|p2a: Cursed Night|13\/100 brn\n|move|p2a: Cursed Night|Chilly Reception|p2a: Cursed Night\n|-weather|Snow\n|\n|t:|1700086968\n|switch|p2a: STAYWITHMEEE|Magnezone, shiny|100\/100|[from] Chilly Reception\n|\n|-weather|Snow|[upkeep]\n|upkeep\n|turn|19\n|inactive|asoespresso has 90 seconds left.\n|\n|t:|1700086981\n|switch|p1a: Beaky|Pelipper, F|24\/100\n|-weather|RainDance|[from] ability: Drizzle|[of] p1a: Beaky\n|move|p2a: STAYWITHMEEE|Thunderbolt|p1a: Beaky\n|-supereffective|p1a: Beaky\n|-damage|p1a: Beaky|0 fnt\n|faint|p1a: Beaky\n|\n|-weather|RainDance|[upkeep]\n|upkeep\n|c|\u2606CrispyBacon5093|maybe i shouldnt have used my monotype team\n|inactive|CrispyBacon5093 has 60 seconds left.\n|\n|t:|1700087000\n|switch|p1a: Urshifu|Urshifu-Rapid-Strike, M|100\/100\n|-damage|p1a: Urshifu|94\/100|[from] Stealth Rock\n|turn|20\n|\n|t:|1700087007\n|move|p2a: STAYWITHMEEE|Thunderbolt|p1a: Urshifu\n|-supereffective|p1a: Urshifu\n|-damage|p1a: Urshifu|0 fnt\n|faint|p1a: Urshifu\n|\n|-weather|RainDance|[upkeep]\n|upkeep\n|\n|t:|1700087009\n|switch|p1a: Kingdra|Kingdra, F|88\/100\n|-damage|p1a: Kingdra|76\/100|[from] Stealth Rock\n|turn|21\n|c|\u2606asoespresso|maybe\n|\n|t:|1700087016\n|switch|p2a: WaVyyyy|Ogerpon-Wellspring, F|100\/100\n|move|p1a: Kingdra|Draco Meteor|p2a: WaVyyyy\n|-damage|p2a: WaVyyyy|0 fnt\n|-unboost|p1a: Kingdra|spa|2\n|faint|p2a: WaVyyyy\n|\n|-weather|RainDance|[upkeep]\n|upkeep\n|\n|t:|1700087022\n|switch|p2a: UAREMYSPECIAL|Gliscor, M, shiny|100\/100 tox\n|turn|22\n|c|\u2606asoespresso|ggs\n|\n|t:|1700087028\n|-terastallize|p2a: UAREMYSPECIAL|Fairy\n|move|p1a: Kingdra|Draco Meteor|p2a: UAREMYSPECIAL\n|-immune|p2a: UAREMYSPECIAL\n|move|p2a: UAREMYSPECIAL|Earthquake|p1a: Kingdra\n|-damage|p1a: Kingdra|32\/100\n|\n|-weather|RainDance|[upkeep]\n|upkeep\n|turn|23\n|-message|CrispyBacon5093 forfeited.\n|\n|win|asoespresso\n|n|\u2606CrispyBacon5093|crispybacon5093\n|n|\u2606asoespresso|asoespresso\n|n| XXMurdrXX|xxmurdrxx\n|n| sealoo|sealoo\n|n| Aera29|aera29\n|n| KoraiDonaldTrump|koraidonaldtrump\n|n| Potatofromsinnoh|potatofromsinnoh\n|l|\u2606CrispyBacon5093\n|c| KoraiDonaldTrump|gg\n|l| KoraiDonaldTrump\n|l| Potatofromsinnoh\n|l| sealoo\n|l|\u2606asoespresso\n|l| XXMurdrXX\n|j|\u2606asoespresso\n|player|p2|asoespresso|bede\n","uploadtime":1700087535,"views":5,"p1id":"crispybacon5093","p2id":"asoespresso","formatid":"gen9nationaldex","rating":0,"private":0,"password":""}