{"id":"gen9nationaldex-1996488954","p1":"FailingFiat","p2":"Gaia Platinum2","format":"[Gen 9] National Dex","log":"|html|<div class=\"broadcast-blue\"><strong>[Gen 9] National Dex is currently suspecting Sneasler! For information on how to participate check out the <a href=\"https:\/\/www.smogon.com\/forums\/threads\/sv-national-dex-suspect-8-just-dance.3731534\/\">suspect thread<\/a>.<\/strong><\/div>\n|j|\u203dFailingFiat\n|j|\u2606Gaia Platinum2\n|t:|1700686944\n|gametype|singles\n|player|p1|FailingFiat|valerie|1084\n|player|p2|Gaia Platinum2|madame-gen4|1080\n|teamsize|p1|6\n|teamsize|p2|6\n|gen|9\n|tier|[Gen 9] National Dex\n|rated|\n|rule|HP Percentage Mod: HP is shown in percentages\n|rule|Endless Battle Clause: Forcing endless battles is banned\n|rule|OHKO Clause: OHKO moves are banned\n|rule|Evasion Clause: Evasion abilities, items, and moves are banned\n|rule|Evasion Abilities Clause: Evasion abilities are banned\n|rule|Evasion Items Clause: Evasion items are banned\n|rule|Evasion Moves Clause: Evasion moves are banned\n|rule|Species Clause: Limit one of each Pok\u00e9mon\n|rule|Sleep Clause Mod: Limit one foe put to sleep\n|clearpoke\n|poke|p1|Meloetta|\n|poke|p1|Ursaluna, M|\n|poke|p1|Pidgeot, F|\n|poke|p1|Krookodile, M|\n|poke|p1|Brambleghast, M|\n|poke|p1|Metagross|\n|poke|p2|Torterra, M|\n|poke|p2|Hippowdon, M|\n|poke|p2|Garchomp, M|\n|poke|p2|Gliscor, M|\n|poke|p2|Gastrodon-East, F|\n|poke|p2|Mamoswine, M|\n|teampreview\n|\n|t:|1700686953\n|start\n|switch|p1a: Metagross|Metagross|100\/100\n|switch|p2a: Hippowdon|Hippowdon, M|100\/100\n|-item|p1a: Metagross|Air Balloon\n|-weather|Sandstorm|[from] ability: Sand Stream|[of] p2a: Hippowdon\n|turn|1\n|\n|t:|1700686961\n|move|p1a: Metagross|Agility|p1a: Metagross\n|-boost|p1a: Metagross|spe|2\n|move|p2a: Hippowdon|Stealth Rock|p1a: Metagross\n|-sidestart|p1: FailingFiat|move: Stealth Rock\n|\n|-weather|Sandstorm|[upkeep]\n|upkeep\n|turn|2\n|\n|t:|1700686965\n|switch|p2a: Gliscor|Gliscor, M|100\/100\n|move|p1a: Metagross|Meteor Mash|p2a: Gliscor\n|-damage|p2a: Gliscor|56\/100\n|-boost|p1a: Metagross|atk|1\n|\n|-weather|Sandstorm|[upkeep]\n|-status|p2a: Gliscor|tox|[from] item: Toxic Orb\n|upkeep\n|turn|3\n|\n|t:|1700686971\n|move|p1a: Metagross|Meteor Mash|p2a: Gliscor\n|-damage|p2a: Gliscor|0 fnt\n|faint|p2a: Gliscor\n|\n|-weather|Sandstorm|[upkeep]\n|upkeep\n|\n|t:|1700686978\n|switch|p2a: Gastrodon|Gastrodon-East, F|100\/100\n|turn|4\n|\n|t:|1700686991\n|move|p1a: Metagross|Meteor Mash|p2a: Gastrodon\n|-resisted|p2a: Gastrodon\n|-damage|p2a: Gastrodon|59\/100\n|move|p2a: Gastrodon|Scald|p1a: Metagross\n|-damage|p1a: Metagross|75\/100\n|-enditem|p1a: Metagross|Air Balloon\n|\n|-weather|Sandstorm|[upkeep]\n|-heal|p2a: Gastrodon|65\/100|[from] item: Leftovers\n|upkeep\n|turn|5\n|\n|t:|1700686999\n|move|p1a: Metagross|Meteor Mash|p2a: Gastrodon\n|-resisted|p2a: Gastrodon\n|-damage|p2a: Gastrodon|26\/100\n|move|p2a: Gastrodon|Scald|p1a: Metagross\n|-damage|p1a: Metagross|47\/100\n|\n|-weather|Sandstorm|[upkeep]\n|-heal|p2a: Gastrodon|32\/100|[from] item: Leftovers\n|upkeep\n|turn|6\n|j| Battle B0i\n|\n|t:|1700687011\n|switch|p2a: Hippowdon|Hippowdon, M|100\/100\n|move|p1a: Metagross|Meteor Mash|p2a: Hippowdon\n|-damage|p2a: Hippowdon|63\/100\n|\n|-weather|Sandstorm|[upkeep]\n|upkeep\n|turn|7\n|l| Battle B0i\n|\n|t:|1700687027\n|move|p1a: Metagross|Meteor Mash|p2a: Hippowdon\n|-damage|p2a: Hippowdon|26\/100\n|-boost|p1a: Metagross|atk|1\n|move|p2a: Hippowdon|Slack Off|p2a: Hippowdon\n|-heal|p2a: Hippowdon|76\/100\n|\n|-weather|Sandstorm|[upkeep]\n|upkeep\n|turn|8\n|\n|t:|1700687035\n|-terastallize|p1a: Metagross|Steel\n|move|p1a: Metagross|Meteor Mash|p2a: Hippowdon\n|-damage|p2a: Hippowdon|9\/100\n|move|p2a: Hippowdon|Earthquake|p1a: Metagross\n|-supereffective|p1a: Metagross\n|-damage|p1a: Metagross|0 fnt\n|faint|p1a: Metagross\n|\n|-weather|none\n|upkeep\n|\n|t:|1700687039\n|switch|p1a: Brambleghast|Brambleghast, M|100\/100\n|-damage|p1a: Brambleghast|88\/100|[from] Stealth Rock\n|turn|9\n|inactive|Battle timer is ON: inactive players will automatically lose when time's up. (requested by FailingFiat)\n|\n|t:|1700687050\n|move|p1a: Brambleghast|Rapid Spin|p2a: Hippowdon\n|-damage|p2a: Hippowdon|0 fnt\n|-boost|p1a: Brambleghast|spe|1\n|-sideend|p1: FailingFiat|Stealth Rock|[from] move: Rapid Spin|[of] p1a: Brambleghast\n|faint|p2a: Hippowdon\n|\n|upkeep\n|\n|t:|1700687062\n|switch|p2a: Torterra|Torterra, M|100\/100\n|turn|10\n|\n|t:|1700687065\n|move|p1a: Brambleghast|Poltergeist|p2a: Torterra\n|-activate|p2a: Torterra|move: Poltergeist|Groundium Z\n|-damage|p2a: Torterra|39\/100\n|move|p2a: Torterra|Shell Smash|p2a: Torterra\n|-unboost|p2a: Torterra|def|1\n|-unboost|p2a: Torterra|spd|1\n|-boost|p2a: Torterra|atk|2\n|-boost|p2a: Torterra|spa|2\n|-boost|p2a: Torterra|spe|2\n|\n|upkeep\n|turn|11\n|\n|t:|1700687071\n|move|p1a: Brambleghast|Shadow Sneak|p2a: Torterra\n|-damage|p2a: Torterra|11\/100\n|-zpower|p2a: Torterra\n|move|p2a: Torterra|Tectonic Rage|p1a: Brambleghast|[zeffect]\n|-resisted|p1a: Brambleghast\n|-damage|p1a: Brambleghast|0 fnt\n|faint|p1a: Brambleghast\n|\n|upkeep\n|\n|t:|1700687082\n|switch|p1a: Meloetta|Meloetta|100\/100\n|turn|12\n|\n|t:|1700687088\n|move|p2a: Torterra|Headlong Rush|p1a: Meloetta\n|-damage|p1a: Meloetta|0 fnt\n|-unboost|p2a: Torterra|def|1\n|-unboost|p2a: Torterra|spd|1\n|faint|p1a: Meloetta\n|\n|upkeep\n|-message|FailingFiat forfeited.\n|\n|win|Gaia Platinum2\n|raw|FailingFiat's rating: 1084 &rarr; <strong>1061<\/strong><br \/>(-23 for losing)\n|raw|Gaia Platinum2's rating: 1080 &rarr; <strong>1108<\/strong><br \/>(+28 for winning)\n|l|\u203dFailingFiat\n","uploadtime":1700687109,"views":9,"p1id":"failingfiat","p2id":"gaiaplatinum2","formatid":"gen9nationaldex","rating":1061,"private":0,"password":""}