{"id":"gen9nationaldex-1994061348","p1":"Percy_Valdez","p2":"hash browne","format":"[Gen 9] National Dex","log":"|j|\u2606Percy_Valdez\n|j|\u2606hash browne\n|t:|1700401646\n|gametype|singles\n|player|p1|Percy_Valdez|lucas|1071\n|player|p2|hash browne|ltsurge|1104\n|teamsize|p1|6\n|teamsize|p2|6\n|gen|9\n|tier|[Gen 9] National Dex\n|rated|\n|rule|HP Percentage Mod: HP is shown in percentages\n|rule|Endless Battle Clause: Forcing endless battles is banned\n|rule|OHKO Clause: OHKO moves are banned\n|rule|Evasion Clause: Evasion abilities, items, and moves are banned\n|rule|Evasion Abilities Clause: Evasion abilities are banned\n|rule|Evasion Items Clause: Evasion items are banned\n|rule|Evasion Moves Clause: Evasion moves are banned\n|rule|Species Clause: Limit one of each Pok\u00e9mon\n|rule|Sleep Clause Mod: Limit one foe put to sleep\n|clearpoke\n|poke|p1|Mimikyu, M|\n|poke|p1|Urshifu-*, F|\n|poke|p1|Zeraora|\n|poke|p1|Latias, F|\n|poke|p1|Gliscor, M|\n|poke|p1|Charizard, F|\n|poke|p2|Noivern, M|\n|poke|p2|Raichu, F|\n|poke|p2|Tornadus, M|\n|poke|p2|Glaceon, F|\n|poke|p2|Sirfetch\u2019d, M|\n|poke|p2|Goodra-Hisui, M|\n|teampreview\n|\n|t:|1700401654\n|start\n|switch|p1a: Charizard|Charizard, F|100\/100\n|switch|p2a: Remy|Raichu, F|100\/100\n|turn|1\n|\n|t:|1700401664\n|move|p2a: Remy|Fake Out|p1a: Charizard\n|-damage|p1a: Charizard|80\/100\n|cant|p1a: Charizard|flinch\n|\n|upkeep\n|turn|2\n|\n|t:|1700401670\n|move|p2a: Remy|Nuzzle|p1a: Charizard\n|-supereffective|p1a: Charizard\n|-damage|p1a: Charizard|58\/100\n|-status|p1a: Charizard|par\n|cant|p1a: Charizard|par\n|\n|upkeep\n|turn|3\n|\n|t:|1700401681\n|move|p2a: Remy|Body Slam|p1a: Charizard\n|-damage|p1a: Charizard|19\/100 par\n|move|p1a: Charizard|Earthquake|p2a: Remy\n|-supereffective|p2a: Remy\n|-damage|p2a: Remy|0 fnt\n|faint|p2a: Remy\n|\n|upkeep\n|\n|t:|1700401689\n|switch|p2a: Aladin deez nuts|Tornadus, M, shiny|100\/100\n|turn|4\n|\n|t:|1700401697\n|move|p2a: Aladin deez nuts|Knock Off|p1a: Charizard\n|-damage|p1a: Charizard|0 fnt\n|faint|p1a: Charizard\n|\n|upkeep\n|\n|t:|1700401702\n|switch|p1a: Zeraora|Zeraora|100\/100\n|turn|5\n|\n|t:|1700401710\n|switch|p2a: Goober|Goodra-Hisui, M, shiny|100\/100\n|-terastallize|p1a: Zeraora|Electric\n|move|p1a: Zeraora|Plasma Fists|p2a: Goober\n|-resisted|p2a: Goober\n|-damage|p2a: Goober|69\/100\n|-fieldactivate|move: Ion Deluge\n|-hint|Normal-type moves become Electric-type after using Plasma Fists.\n|-ability|p2a: Goober|Gooey\n|-unboost|p1a: Zeraora|spe|1\n|\n|upkeep\n|turn|6\n|\n|t:|1700401726\n|move|p1a: Zeraora|Drain Punch|p2a: Goober\n|-supereffective|p2a: Goober\n|-damage|p2a: Goober|26\/100\n|-ability|p2a: Goober|Gooey\n|-unboost|p1a: Zeraora|spe|1\n|move|p2a: Goober|Acid Spray|p1a: Zeraora\n|-damage|p1a: Zeraora|83\/100\n|-unboost|p1a: Zeraora|spd|2\n|\n|-heal|p1a: Zeraora|89\/100|[from] item: Leftovers\n|upkeep\n|turn|7\n|\n|t:|1700401738\n|move|p1a: Zeraora|Drain Punch|p2a: Goober\n|-supereffective|p2a: Goober\n|-damage|p2a: Goober|0 fnt\n|-heal|p1a: Zeraora|100\/100|[from] drain|[of] p2a: Goober\n|-ability|p2a: Goober|Gooey\n|-unboost|p1a: Zeraora|spe|1\n|faint|p2a: Goober\n|\n|upkeep\n|\n|t:|1700401747\n|switch|p2a: Albert|Sirfetch\u2019d, M|100\/100\n|turn|8\n|\n|t:|1700401755\n|switch|p1a: Urshifu|Urshifu-Rapid-Strike, F|100\/100\n|move|p2a: Albert|Swords Dance|p2a: Albert\n|-boost|p2a: Albert|atk|2\n|\n|upkeep\n|turn|9\n|\n|t:|1700401762\n|move|p1a: Urshifu|Surging Strikes|p2a: Albert\n|-crit|p2a: Albert\n|-damage|p2a: Albert|71\/100\n|-crit|p2a: Albert\n|-damage|p2a: Albert|41\/100\n|-crit|p2a: Albert\n|-damage|p2a: Albert|9\/100\n|-hitcount|p2a: Albert|3\n|move|p2a: Albert|Dual Wingbeat|p1a: Urshifu\n|-supereffective|p1a: Urshifu\n|-damage|p1a: Urshifu|36\/100\n|-supereffective|p1a: Urshifu\n|-crit|p1a: Urshifu\n|-damage|p1a: Urshifu|0 fnt\n|faint|p1a: Urshifu\n|-hitcount|p1: Urshifu|2\n|\n|upkeep\n|\n|t:|1700401776\n|switch|p1a: Mimikyu|Mimikyu, M|100\/100\n|turn|10\n|\n|t:|1700401781\n|move|p1a: Mimikyu|Swords Dance|p1a: Mimikyu\n|-boost|p1a: Mimikyu|atk|2\n|move|p2a: Albert|Dual Wingbeat|p1a: Mimikyu\n|-activate|p1a: Mimikyu|ability: Disguise\n|-damage|p1a: Mimikyu|100\/100\n|detailschange|p1a: Mimikyu|Mimikyu-Busted, M\n|-damage|p1a: Mimikyu|88\/100|[from] pokemon: Mimikyu-Busted\n|-damage|p1a: Mimikyu|33\/100\n|-hitcount|p1a: Mimikyu|2\n|\n|upkeep\n|turn|11\n|\n|t:|1700401793\n|move|p1a: Mimikyu|Shadow Sneak|p2a: Albert\n|-damage|p2a: Albert|0 fnt\n|faint|p2a: Albert\n|\n|upkeep\n|inactive|Battle timer is ON: inactive players will automatically lose when time's up. (requested by Percy_Valdez)\n|\n|t:|1700401802\n|switch|p2a: Aladin deez nuts|Tornadus, M, shiny|100\/100\n|turn|12\n|\n|t:|1700401807\n|-zpower|p1a: Mimikyu\n|move|p1a: Mimikyu|Let's Snuggle Forever|p2a: Aladin deez nuts|[zeffect]\n|-damage|p2a: Aladin deez nuts|0 fnt\n|faint|p2a: Aladin deez nuts\n|\n|upkeep\n|\n|t:|1700401814\n|switch|p2a: Batman|Noivern, M|100\/100\n|turn|13\n|\n|t:|1700401821\n|move|p2a: Batman|Air Slash|p1a: Mimikyu\n|-damage|p1a: Mimikyu|0 fnt\n|faint|p1a: Mimikyu\n|\n|upkeep\n|\n|t:|1700401828\n|switch|p1a: Gliscor|Gliscor, M|100\/100\n|turn|14\n|\n|t:|1700401834\n|move|p2a: Batman|Boomburst|p1a: Gliscor\n|-damage|p1a: Gliscor|46\/100\n|move|p1a: Gliscor|Return|p2a: Batman\n|-damage|p2a: Batman|62\/100\n|\n|-status|p1a: Gliscor|tox|[from] item: Toxic Orb\n|upkeep\n|turn|15\n|\n|t:|1700401843\n|move|p2a: Batman|Boomburst|p1a: Gliscor\n|-damage|p1a: Gliscor|0 fnt\n|faint|p1a: Gliscor\n|\n|upkeep\n|\n|t:|1700401854\n|switch|p1a: Zeraora|Zeraora, tera:Electric|100\/100\n|turn|16\n|\n|t:|1700401862\n|-terastallize|p2a: Batman|Fire\n|move|p1a: Zeraora|Plasma Fists|p2a: Batman\n|-damage|p2a: Batman|0 fnt\n|-fieldactivate|move: Ion Deluge\n|-hint|Normal-type moves become Electric-type after using Plasma Fists.\n|faint|p2a: Batman\n|\n|upkeep\n|\n|t:|1700401868\n|switch|p2a: Cold Kitty|Glaceon, F, shiny|100\/100\n|turn|17\n|\n|t:|1700401876\n|move|p1a: Zeraora|Bulk Up|p1a: Zeraora\n|-boost|p1a: Zeraora|atk|1\n|-boost|p1a: Zeraora|def|1\n|move|p2a: Cold Kitty|Wish|p2a: Cold Kitty\n|\n|upkeep\n|turn|18\n|\n|t:|1700401883\n|move|p1a: Zeraora|Plasma Fists|p2a: Cold Kitty\n|-damage|p2a: Cold Kitty|40\/100\n|-fieldactivate|move: Ion Deluge\n|-hint|Normal-type moves become Electric-type after using Plasma Fists.\n|move|p2a: Cold Kitty|Chilling Water|p1a: Zeraora\n|-damage|p1a: Zeraora|81\/100\n|-unboost|p1a: Zeraora|atk|1\n|\n|-heal|p2a: Cold Kitty|90\/100|[from] move: Wish|[wisher] Cold Kitty\n|-heal|p1a: Zeraora|87\/100|[from] item: Leftovers\n|-heal|p2a: Cold Kitty|96\/100|[from] item: Leftovers\n|upkeep\n|turn|19\n|\n|t:|1700401897\n|move|p1a: Zeraora|Plasma Fists|p2a: Cold Kitty\n|-damage|p2a: Cold Kitty|52\/100\n|-fieldactivate|move: Ion Deluge\n|-hint|Normal-type moves become Electric-type after using Plasma Fists.\n|move|p2a: Cold Kitty|Chilling Water|p1a: Zeraora\n|-damage|p1a: Zeraora|68\/100\n|-unboost|p1a: Zeraora|atk|1\n|\n|-heal|p1a: Zeraora|74\/100|[from] item: Leftovers\n|-heal|p2a: Cold Kitty|58\/100|[from] item: Leftovers\n|upkeep\n|turn|20\n|\n|t:|1700401910\n|move|p1a: Zeraora|Plasma Fists|p2a: Cold Kitty\n|-damage|p2a: Cold Kitty|28\/100\n|-fieldactivate|move: Ion Deluge\n|-hint|Normal-type moves become Electric-type after using Plasma Fists.\n|move|p2a: Cold Kitty|Chilling Water|p1a: Zeraora\n|-damage|p1a: Zeraora|56\/100\n|-unboost|p1a: Zeraora|atk|1\n|\n|-heal|p1a: Zeraora|62\/100|[from] item: Leftovers\n|-heal|p2a: Cold Kitty|34\/100|[from] item: Leftovers\n|upkeep\n|turn|21\n|\n|t:|1700401922\n|move|p1a: Zeraora|Plasma Fists|p2a: Cold Kitty\n|-damage|p2a: Cold Kitty|14\/100\n|-fieldactivate|move: Ion Deluge\n|-hint|Normal-type moves become Electric-type after using Plasma Fists.\n|move|p2a: Cold Kitty|Wish|p2a: Cold Kitty\n|\n|-heal|p1a: Zeraora|68\/100|[from] item: Leftovers\n|-heal|p2a: Cold Kitty|20\/100|[from] item: Leftovers\n|upkeep\n|turn|22\n|\n|t:|1700401932\n|move|p1a: Zeraora|Bulk Up|p1a: Zeraora\n|-boost|p1a: Zeraora|atk|1\n|-boost|p1a: Zeraora|def|1\n|move|p2a: Cold Kitty|Chilling Water|p1a: Zeraora\n|-damage|p1a: Zeraora|49\/100\n|-unboost|p1a: Zeraora|atk|1\n|\n|-heal|p2a: Cold Kitty|70\/100|[from] move: Wish|[wisher] Cold Kitty\n|-heal|p1a: Zeraora|55\/100|[from] item: Leftovers\n|-heal|p2a: Cold Kitty|76\/100|[from] item: Leftovers\n|upkeep\n|turn|23\n|\n|t:|1700401945\n|move|p1a: Zeraora|Plasma Fists|p2a: Cold Kitty\n|-crit|p2a: Cold Kitty\n|-damage|p2a: Cold Kitty|10\/100\n|-fieldactivate|move: Ion Deluge\n|-hint|Normal-type moves become Electric-type after using Plasma Fists.\n|move|p2a: Cold Kitty|Chilling Water|p1a: Zeraora\n|-damage|p1a: Zeraora|37\/100\n|-unboost|p1a: Zeraora|atk|1\n|\n|-heal|p1a: Zeraora|43\/100|[from] item: Leftovers\n|-heal|p2a: Cold Kitty|16\/100|[from] item: Leftovers\n|upkeep\n|turn|24\n|\n|t:|1700401957\n|move|p1a: Zeraora|Plasma Fists|p2a: Cold Kitty\n|-damage|p2a: Cold Kitty|0 fnt\n|-fieldactivate|move: Ion Deluge\n|-hint|Normal-type moves become Electric-type after using Plasma Fists.\n|faint|p2a: Cold Kitty\n|\n|win|Percy_Valdez\n|raw|Percy_Valdez's rating: 1071 &rarr; <strong>1103<\/strong><br \/>(+32 for winning)\n|raw|hash browne's rating: 1104 &rarr; <strong>1077<\/strong><br \/>(-27 for losing)\n|c|\u2606hash browne|Gg\n|c|\u2606Percy_Valdez|Gg\n|l|\u2606hash browne\n","uploadtime":1700401973,"views":15,"p1id":"percyvaldez","p2id":"hashbrowne","formatid":"gen9nationaldex","rating":1077,"private":0,"password":""}