{"id":"gen9nationaldex-1997963951","p1":"testin5ever","p2":"Gfjwvc","format":"[Gen 9] National Dex","log":"|html|<div class=\"broadcast-blue\"><strong>[Gen 9] National Dex is currently suspecting Sneasler! For information on how to participate check out the <a href=\"https:\/\/www.smogon.com\/forums\/threads\/sv-national-dex-suspect-8-just-dance.3731534\/\">suspect thread<\/a>.<\/strong><\/div>\n|j|\u2606testin5ever\n|j|\u2606Gfjwvc\n|t:|1700872861\n|gametype|singles\n|player|p1|testin5ever|265|1418\n|player|p2|Gfjwvc|2|1521\n|teamsize|p1|6\n|teamsize|p2|6\n|gen|9\n|tier|[Gen 9] National Dex\n|rated|\n|rule|HP Percentage Mod: HP is shown in percentages\n|rule|Endless Battle Clause: Forcing endless battles is banned\n|rule|OHKO Clause: OHKO moves are banned\n|rule|Evasion Clause: Evasion abilities, items, and moves are banned\n|rule|Evasion Abilities Clause: Evasion abilities are banned\n|rule|Evasion Items Clause: Evasion items are banned\n|rule|Evasion Moves Clause: Evasion moves are banned\n|rule|Species Clause: Limit one of each Pok\u00e9mon\n|rule|Sleep Clause Mod: Limit one foe put to sleep\n|clearpoke\n|poke|p1|Lopunny, F|\n|poke|p1|Clefable, M|\n|poke|p1|Ninetales-Alola, F|\n|poke|p1|Arctozolt|\n|poke|p1|Slowking-Galar, M|\n|poke|p1|Tornadus-Therian, M|\n|poke|p2|Gyarados, M|\n|poke|p2|Cresselia, F|\n|poke|p2|Tapu Lele|\n|poke|p2|Kommo-o, F|\n|poke|p2|Cinderace, M|\n|poke|p2|Great Tusk|\n|teampreview\n|\n|t:|1700872875\n|start\n|switch|p1a: Lopunny|Lopunny, F|100\/100\n|switch|p2a: Kommo-o|Kommo-o, F|100\/100\n|turn|1\n|inactive|Battle timer is ON: inactive players will automatically lose when time's up. (requested by Gfjwvc)\n|\n|t:|1700872882\n|detailschange|p1a: Lopunny|Lopunny-Mega, F\n|-mega|p1a: Lopunny|Lopunny|Lopunnite\n|move|p1a: Lopunny|Fake Out|p2a: Kommo-o\n|-damage|p2a: Kommo-o|80\/100\n|cant|p2a: Kommo-o|flinch\n|\n|upkeep\n|turn|2\n|\n|t:|1700872890\n|move|p1a: Lopunny|U-turn|p2a: Kommo-o\n|-resisted|p2a: Kommo-o\n|-damage|p2a: Kommo-o|68\/100\n|\n|t:|1700872893\n|switch|p1a: Clefable|Clefable, M|100\/100|[from] U-turn\n|move|p2a: Kommo-o|Clangorous Soul|p2a: Kommo-o\n|-boost|p2a: Kommo-o|atk|1\n|-boost|p2a: Kommo-o|def|1\n|-boost|p2a: Kommo-o|spa|1\n|-boost|p2a: Kommo-o|spd|1\n|-boost|p2a: Kommo-o|spe|1\n|-damage|p2a: Kommo-o|35\/100\n|-enditem|p2a: Kommo-o|Throat Spray\n|-boost|p2a: Kommo-o|spa|1|[from] item: Throat Spray\n|\n|upkeep\n|turn|3\n|\n|t:|1700872905\n|-terastallize|p2a: Kommo-o|Steel\n|-terastallize|p1a: Clefable|Water\n|move|p2a: Kommo-o|Flash Cannon|p1a: Clefable\n|-resisted|p1a: Clefable\n|-damage|p1a: Clefable|68\/100\n|move|p1a: Clefable|Moonblast|p2a: Kommo-o\n|-resisted|p2a: Kommo-o\n|-damage|p2a: Kommo-o|22\/100\n|\n|-heal|p1a: Clefable|74\/100|[from] item: Leftovers\n|upkeep\n|turn|4\n|\n|t:|1700872921\n|move|p2a: Kommo-o|Clanging Scales|p1a: Clefable\n|-damage|p1a: Clefable|0 fnt\n|faint|p1a: Clefable\n|-unboost|p2a: Kommo-o|def|1\n|\n|upkeep\n|\n|t:|1700872929\n|switch|p1a: Slowking|Slowking-Galar, M|100\/100\n|turn|5\n|\n|t:|1700872937\n|move|p2a: Kommo-o|Clanging Scales|p1a: Slowking\n|-damage|p1a: Slowking|49\/100\n|-unboost|p2a: Kommo-o|def|1\n|move|p1a: Slowking|Thunder Wave|p2a: Kommo-o\n|-status|p2a: Kommo-o|par\n|\n|upkeep\n|turn|6\n|\n|t:|1700872944\n|switch|p1a: Ninetales|Ninetales-Alola, F|100\/100\n|-weather|Snow|[from] ability: Snow Warning|[of] p1a: Ninetales\n|cant|p2a: Kommo-o|par\n|\n|-weather|Snow|[upkeep]\n|upkeep\n|turn|7\n|\n|t:|1700872954\n|switch|p1a: Slowking|Slowking-Galar, M|82\/100\n|move|p2a: Kommo-o|Flash Cannon|p1a: Slowking\n|-damage|p1a: Slowking|44\/100\n|-unboost|p1a: Slowking|spd|1\n|\n|-weather|Snow|[upkeep]\n|upkeep\n|turn|8\n|\n|t:|1700872981\n|switch|p1a: Tornadus|Tornadus-Therian, M|100\/100\n|move|p2a: Kommo-o|Flash Cannon|p1a: Tornadus\n|-damage|p1a: Tornadus|26\/100\n|-unboost|p1a: Tornadus|spd|1\n|\n|-weather|Snow|[upkeep]\n|upkeep\n|turn|9\n|\n|t:|1700872988\n|move|p1a: Tornadus|Heat Wave|p2a: Kommo-o\n|-supereffective|p2a: Kommo-o\n|-damage|p2a: Kommo-o|0 fnt\n|faint|p2a: Kommo-o\n|\n|-weather|Snow|[upkeep]\n|upkeep\n|\n|t:|1700872993\n|switch|p2a: Gyarados|Gyarados, M|100\/100\n|-ability|p2a: Gyarados|Intimidate|boost\n|-unboost|p1a: Tornadus|atk|1\n|turn|10\n|\n|t:|1700873003\n|detailschange|p2a: Gyarados|Gyarados-Mega, M\n|-mega|p2a: Gyarados|Gyarados|Gyaradosite\n|-ability|p2a: Gyarados|Mold Breaker\n|move|p1a: Tornadus|U-turn|p2a: Gyarados\n|-supereffective|p2a: Gyarados\n|-damage|p2a: Gyarados|82\/100\n|\n|t:|1700873007\n|switch|p1a: Arctozolt|Arctozolt|100\/100|[from] U-turn\n|move|p2a: Gyarados|Dragon Dance|p2a: Gyarados\n|-boost|p2a: Gyarados|atk|1\n|-boost|p2a: Gyarados|spe|1\n|\n|-weather|Snow|[upkeep]\n|upkeep\n|turn|11\n|\n|t:|1700873015\n|move|p1a: Arctozolt|Bolt Beak|p2a: Gyarados\n|-supereffective|p2a: Gyarados\n|-crit|p2a: Gyarados\n|-damage|p2a: Gyarados|0 fnt\n|faint|p2a: Gyarados\n|\n|-weather|Snow|[upkeep]\n|upkeep\n|\n|t:|1700873021\n|switch|p2a: Great Tusk|Great Tusk|100\/100\n|-enditem|p2a: Great Tusk|Booster Energy\n|-activate|p2a: Great Tusk|ability: Protosynthesis|[fromitem]\n|-start|p2a: Great Tusk|protosynthesisatk\n|turn|12\n|\n|t:|1700873027\n|move|p1a: Arctozolt|Blizzard|p2a: Great Tusk\n|-supereffective|p2a: Great Tusk\n|-damage|p2a: Great Tusk|0 fnt\n|faint|p2a: Great Tusk\n|-end|p2a: Great Tusk|Protosynthesis|[silent]\n|\n|-weather|Snow|[upkeep]\n|upkeep\n|\n|t:|1700873031\n|switch|p2a: Tapu Lele|Tapu Lele|100\/100\n|-fieldstart|move: Psychic Terrain|[from] ability: Psychic Surge|[of] p2a: Tapu Lele\n|turn|13\n|\n|t:|1700873039\n|move|p2a: Tapu Lele|Psychic|p1a: Arctozolt\n|-damage|p1a: Arctozolt|11\/100\n|move|p1a: Arctozolt|Bolt Beak|p2a: Tapu Lele\n|-damage|p2a: Tapu Lele|45\/100\n|\n|-weather|none\n|upkeep\n|turn|14\n|inactive|testin5ever has 120 seconds left.\n|inactive|testin5ever has 90 seconds left.\n|\n|t:|1700873113\n|switch|p1a: Slowking|Slowking-Galar, M|77\/100\n|move|p2a: Tapu Lele|Psychic|p1a: Slowking\n|-damage|p1a: Slowking|41\/100\n|\n|upkeep\n|turn|15\n|\n|t:|1700873127\n|switch|p2a: Cinderace|Cinderace, M|100\/100\n|move|p1a: Slowking|Thunder Wave|p2a: Cinderace\n|-status|p2a: Cinderace|par\n|\n|upkeep\n|turn|16\n|\n|t:|1700873135\n|switch|p1a: Ninetales|Ninetales-Alola, F|100\/100\n|-weather|Snow|[from] ability: Snow Warning|[of] p1a: Ninetales\n|move|p2a: Cinderace|Zen Headbutt|p1a: Ninetales\n|-start|p2a: Cinderace|typechange|Psychic|[from] ability: Libero\n|-damage|p1a: Ninetales|51\/100\n|-damage|p2a: Cinderace|91\/100 par|[from] item: Life Orb\n|\n|-weather|Snow|[upkeep]\n|upkeep\n|turn|17\n|inactive|testin5ever has 90 seconds left.\n|\n|t:|1700873142\n|move|p1a: Ninetales|Aurora Veil|p1a: Ninetales\n|-sidestart|p1: testin5ever|move: Aurora Veil\n|move|p2a: Cinderace|Pyro Ball|p1a: Ninetales\n|-supereffective|p1a: Ninetales\n|-damage|p1a: Ninetales|13\/100\n|-damage|p2a: Cinderace|81\/100 par|[from] item: Life Orb\n|\n|-weather|Snow|[upkeep]\n|-fieldend|move: Psychic Terrain\n|upkeep\n|turn|18\n|inactive|testin5ever has 90 seconds left.\n|\n|t:|1700873153\n|switch|p1a: Tornadus|Tornadus-Therian, M|59\/100\n|cant|p2a: Cinderace|par\n|\n|-weather|Snow|[upkeep]\n|upkeep\n|turn|19\n|\n|t:|1700873155\n|move|p1a: Tornadus|Knock Off|p2a: Cinderace\n|-supereffective|p2a: Cinderace\n|-damage|p2a: Cinderace|26\/100 par\n|-enditem|p2a: Cinderace|Life Orb|[from] move: Knock Off|[of] p1a: Tornadus\n|move|p2a: Cinderace|Zen Headbutt|p1a: Tornadus\n|-damage|p1a: Tornadus|39\/100\n|\n|-weather|Snow|[upkeep]\n|upkeep\n|turn|20\n|\n|t:|1700873158\n|move|p1a: Tornadus|U-turn|p2a: Cinderace\n|-supereffective|p2a: Cinderace\n|-damage|p2a: Cinderace|0 fnt\n|faint|p2a: Cinderace\n|\n|t:|1700873167\n|switch|p1a: Lopunny|Lopunny-Mega, F|100\/100|[from] U-turn\n|\n|-weather|Snow|[upkeep]\n|upkeep\n|\n|t:|1700873171\n|switch|p2a: Cresselia|Cresselia, F|100\/100\n|turn|21\n|\n|t:|1700873176\n|move|p1a: Lopunny|U-turn|p2a: Cresselia\n|-supereffective|p2a: Cresselia\n|-damage|p2a: Cresselia|68\/100\n|\n|t:|1700873177\n|switch|p1a: Ninetales|Ninetales-Alola, F|13\/100|[from] U-turn\n|move|p2a: Cresselia|Psychic|p1a: Ninetales\n|-damage|p1a: Ninetales|0 fnt\n|faint|p1a: Ninetales\n|\n|-weather|Snow|[upkeep]\n|-heal|p2a: Cresselia|74\/100|[from] item: Leftovers\n|-sideend|p1: testin5ever|move: Aurora Veil\n|upkeep\n|\n|t:|1700873182\n|switch|p1a: Arctozolt|Arctozolt|11\/100\n|turn|22\n|\n|t:|1700873187\n|move|p1a: Arctozolt|Bolt Beak|p2a: Cresselia\n|-damage|p2a: Cresselia|24\/100\n|move|p2a: Cresselia|Psychic|p1a: Arctozolt\n|-damage|p1a: Arctozolt|0 fnt\n|faint|p1a: Arctozolt\n|\n|-weather|Snow|[upkeep]\n|-heal|p2a: Cresselia|30\/100|[from] item: Leftovers\n|upkeep\n|\n|t:|1700873190\n|switch|p1a: Lopunny|Lopunny-Mega, F|100\/100\n|turn|23\n|\n|t:|1700873199\n|move|p1a: Lopunny|Frustration|p2a: Cresselia\n|-damage|p2a: Cresselia|0 fnt\n|faint|p2a: Cresselia\n|\n|-weather|none\n|upkeep\n|\n|t:|1700873202\n|switch|p2a: Tapu Lele|Tapu Lele|45\/100\n|-fieldstart|move: Psychic Terrain|[from] ability: Psychic Surge|[of] p2a: Tapu Lele\n|turn|24\n|\n|t:|1700873207\n|move|p2a: Tapu Lele|Psychic|p1a: Lopunny\n|-supereffective|p1a: Lopunny\n|-damage|p1a: Lopunny|0 fnt\n|faint|p1a: Lopunny\n|\n|upkeep\n|\n|t:|1700873209\n|switch|p1a: Slowking|Slowking-Galar, M|74\/100\n|turn|25\n|\n|t:|1700873211\n|move|p2a: Tapu Lele|Psychic|p1a: Slowking\n|-damage|p1a: Slowking|41\/100\n|move|p1a: Slowking|Sludge Bomb|p2a: Tapu Lele\n|-supereffective|p2a: Tapu Lele\n|-damage|p2a: Tapu Lele|0 fnt\n|faint|p2a: Tapu Lele\n|\n|win|testin5ever\n|raw|testin5ever's rating: 1418 &rarr; <strong>1444<\/strong><br \/>(+26 for winning)\n|raw|Gfjwvc's rating: 1521 &rarr; <strong>1495<\/strong><br \/>(-26 for losing)\n","uploadtime":1700873224,"views":3,"p1id":"testin5ever","p2id":"gfjwvc","formatid":"gen9nationaldex","rating":1444,"private":0,"password":""}