{"id":"gen9nationaldex-1989659298","p1":"runeatest","p2":"fanmashili","format":"[Gen 9] National Dex","log":"|j|\u2606runeatest\n|j|\u2606fanmashili\n|t:|1699884163\n|gametype|singles\n|player|p1|runeatest|265|1262\n|player|p2|fanmashili|volkner|1330\n|teamsize|p1|6\n|teamsize|p2|6\n|gen|9\n|tier|[Gen 9] National Dex\n|rated|\n|rule|HP Percentage Mod: HP is shown in percentages\n|rule|Endless Battle Clause: Forcing endless battles is banned\n|rule|OHKO Clause: OHKO moves are banned\n|rule|Evasion Clause: Evasion abilities, items, and moves are banned\n|rule|Evasion Abilities Clause: Evasion abilities are banned\n|rule|Evasion Items Clause: Evasion items are banned\n|rule|Evasion Moves Clause: Evasion moves are banned\n|rule|Species Clause: Limit one of each Pok\u00e9mon\n|rule|Sleep Clause Mod: Limit one foe put to sleep\n|clearpoke\n|poke|p1|Glaceon, M|\n|poke|p1|Flygon, M|\n|poke|p1|Emolga, M|\n|poke|p1|Marowak-Alola, M|\n|poke|p1|Sirfetch\u2019d, M|\n|poke|p1|Lapras, M|\n|poke|p2|Scizor, F|\n|poke|p2|Garganacl, F|\n|poke|p2|Dragonite, M|\n|poke|p2|Corviknight, F|\n|poke|p2|Toxapex, M|\n|poke|p2|Gliscor, F|\n|teampreview\n|inactive|Battle timer is ON: inactive players will automatically lose when time's up. (requested by fanmashili)\n|inactive|runeatest also wants the timer to be on.\n|\n|t:|1699884172\n|start\n|switch|p1a: Marowak|Marowak-Alola, M|100\/100\n|switch|p2a: Scizor|Scizor, F|100\/100\n|turn|1\n|\n|t:|1699884182\n|switch|p2a: Toxapex|Toxapex, M|100\/100\n|move|p1a: Marowak|Bonemerang|p2a: Toxapex\n|-supereffective|p2a: Toxapex\n|-damage|p2a: Toxapex|56\/100\n|-supereffective|p2a: Toxapex\n|-damage|p2a: Toxapex|16\/100\n|-hitcount|p2a: Toxapex|2\n|\n|-heal|p2a: Toxapex|22\/100|[from] item: Black Sludge\n|upkeep\n|turn|2\n|\n|t:|1699884191\n|move|p2a: Toxapex|Baneful Bunker|p2a: Toxapex\n|-singleturn|p2a: Toxapex|move: Protect\n|move|p1a: Marowak|Bonemerang|p2a: Toxapex\n|-activate|p2a: Toxapex|move: Protect\n|\n|-heal|p2a: Toxapex|28\/100|[from] item: Black Sludge\n|upkeep\n|turn|3\n|\n|t:|1699884203\n|switch|p2a: Dragonite|Dragonite, M|100\/100\n|move|p1a: Marowak|Poltergeist|p2a: Dragonite\n|-activate|p2a: Dragonite|move: Poltergeist|Leftovers\n|-damage|p2a: Dragonite|61\/100\n|\n|-heal|p2a: Dragonite|67\/100|[from] item: Leftovers\n|upkeep\n|turn|4\n|\n|t:|1699884235\n|move|p2a: Dragonite|Dual Wingbeat|p1a: Marowak\n|-damage|p1a: Marowak|79\/100\n|-damage|p1a: Marowak|55\/100\n|-hitcount|p1a: Marowak|2\n|move|p1a: Marowak|Stone Edge|p2a: Dragonite\n|-supereffective|p2a: Dragonite\n|-damage|p2a: Dragonite|0 fnt\n|faint|p2a: Dragonite\n|\n|upkeep\n|inactive|fanmashili has 120 seconds left.\n|\n|t:|1699884249\n|switch|p2a: \u7231\u54ed\u7684\u5929\u874e|Gliscor, F|100\/100\n|turn|5\n|\n|t:|1699884256\n|switch|p1a: Flygon|Flygon, M|100\/100\n|move|p2a: \u7231\u54ed\u7684\u5929\u874e|Protect||[still]\n|-fail|p2a: \u7231\u54ed\u7684\u5929\u874e\n|\n|-status|p2a: \u7231\u54ed\u7684\u5929\u874e|tox|[from] item: Toxic Orb\n|upkeep\n|turn|6\n|\n|t:|1699884263\n|move|p1a: Flygon|Dragon Dance|p1a: Flygon\n|-boost|p1a: Flygon|atk|1\n|-boost|p1a: Flygon|spe|1\n|move|p2a: \u7231\u54ed\u7684\u5929\u874e|Swords Dance|p2a: \u7231\u54ed\u7684\u5929\u874e\n|-boost|p2a: \u7231\u54ed\u7684\u5929\u874e|atk|2\n|\n|upkeep\n|turn|7\n|\n|t:|1699884270\n|move|p1a: Flygon|Dragon Dance|p1a: Flygon\n|-boost|p1a: Flygon|atk|1\n|-boost|p1a: Flygon|spe|1\n|move|p2a: \u7231\u54ed\u7684\u5929\u874e|Crabhammer|p1a: Flygon\n|-damage|p1a: Flygon|30\/100\n|\n|upkeep\n|turn|8\n|\n|t:|1699884276\n|move|p1a: Flygon|Stone Edge|p2a: \u7231\u54ed\u7684\u5929\u874e\n|-damage|p2a: \u7231\u54ed\u7684\u5929\u874e|45\/100 tox\n|move|p2a: \u7231\u54ed\u7684\u5929\u874e|Crabhammer|p1a: Flygon\n|-damage|p1a: Flygon|0 fnt\n|faint|p1a: Flygon\n|\n|-heal|p2a: \u7231\u54ed\u7684\u5929\u874e|57\/100 tox|[from] ability: Poison Heal\n|upkeep\n|\n|t:|1699884291\n|switch|p1a: Lapras|Lapras, M|100\/100\n|turn|9\n|\n|t:|1699884299\n|move|p2a: \u7231\u54ed\u7684\u5929\u874e|Protect|p2a: \u7231\u54ed\u7684\u5929\u874e\n|-singleturn|p2a: \u7231\u54ed\u7684\u5929\u874e|Protect\n|move|p1a: Lapras|Freeze-Dry|p2a: \u7231\u54ed\u7684\u5929\u874e\n|-activate|p2a: \u7231\u54ed\u7684\u5929\u874e|move: Protect\n|\n|-heal|p2a: \u7231\u54ed\u7684\u5929\u874e|70\/100 tox|[from] ability: Poison Heal\n|upkeep\n|turn|10\n|\n|t:|1699884308\n|-terastallize|p2a: \u7231\u54ed\u7684\u5929\u874e|Steel\n|move|p2a: \u7231\u54ed\u7684\u5929\u874e|Swords Dance|p2a: \u7231\u54ed\u7684\u5929\u874e\n|-boost|p2a: \u7231\u54ed\u7684\u5929\u874e|atk|2\n|move|p1a: Lapras|Freeze-Dry|p2a: \u7231\u54ed\u7684\u5929\u874e\n|-resisted|p2a: \u7231\u54ed\u7684\u5929\u874e\n|-damage|p2a: \u7231\u54ed\u7684\u5929\u874e|49\/100 tox\n|\n|-heal|p2a: \u7231\u54ed\u7684\u5929\u874e|61\/100 tox|[from] ability: Poison Heal\n|upkeep\n|turn|11\n|\n|t:|1699884320\n|switch|p1a: Marowak|Marowak-Alola, M|55\/100\n|move|p2a: \u7231\u54ed\u7684\u5929\u874e|Protect||[still]\n|-fail|p2a: \u7231\u54ed\u7684\u5929\u874e\n|\n|-heal|p2a: \u7231\u54ed\u7684\u5929\u874e|74\/100 tox|[from] ability: Poison Heal\n|upkeep\n|turn|12\n|\n|t:|1699884326\n|move|p2a: \u7231\u54ed\u7684\u5929\u874e|Crabhammer|p1a: Marowak|[miss]\n|-miss|p2a: \u7231\u54ed\u7684\u5929\u874e|p1a: Marowak\n|move|p1a: Marowak|Flare Blitz|p2a: \u7231\u54ed\u7684\u5929\u874e\n|-supereffective|p2a: \u7231\u54ed\u7684\u5929\u874e\n|-damage|p2a: \u7231\u54ed\u7684\u5929\u874e|0 fnt\n|faint|p2a: \u7231\u54ed\u7684\u5929\u874e\n|\n|upkeep\n|\n|t:|1699884337\n|switch|p2a: Garganacl|Garganacl, F|100\/100\n|turn|13\n|inactive|runeatest has 120 seconds left.\n|\n|t:|1699884368\n|move|p1a: Marowak|Bonemerang|p2a: Garganacl\n|-supereffective|p2a: Garganacl\n|-damage|p2a: Garganacl|72\/100\n|-supereffective|p2a: Garganacl\n|-crit|p2a: Garganacl\n|-damage|p2a: Garganacl|31\/100\n|-hitcount|p2a: Garganacl|2\n|move|p2a: Garganacl|Curse|p2a: Garganacl\n|-unboost|p2a: Garganacl|spe|1\n|-boost|p2a: Garganacl|atk|1\n|-boost|p2a: Garganacl|def|1\n|\n|-heal|p2a: Garganacl|37\/100|[from] item: Leftovers\n|upkeep\n|turn|14\n|inactive|runeatest has 120 seconds left.\n|\n|t:|1699884384\n|move|p1a: Marowak|Bonemerang|p2a: Garganacl\n|-supereffective|p2a: Garganacl\n|-damage|p2a: Garganacl|17\/100\n|-supereffective|p2a: Garganacl\n|-damage|p2a: Garganacl|0 fnt\n|faint|p2a: Garganacl\n|-hitcount|p2: Garganacl|2\n|\n|upkeep\n|-message|fanmashili forfeited.\n|\n|win|runeatest\n|raw|runeatest's rating: 1262 &rarr; <strong>1292<\/strong><br \/>(+30 for winning)\n|raw|fanmashili's rating: 1330 &rarr; <strong>1306<\/strong><br \/>(-24 for losing)\n|l|\u2606fanmashili\n","uploadtime":1699884402,"views":4,"p1id":"runeatest","p2id":"fanmashili","formatid":"gen9nationaldex","rating":1292,"private":0,"password":""}