{"id":"gen9nationaldex-1987757120","p1":"magumomos","p2":"Blake-Mamba","format":"[Gen 9] National Dex","log":"|j|\u2606magumomos\n|j|\u2606Blake-Mamba\n|t:|1699634145\n|gametype|singles\n|player|p1|magumomos|red|1217\n|player|p2|Blake-Mamba|juan|1339\n|teamsize|p1|6\n|teamsize|p2|6\n|gen|9\n|tier|[Gen 9] National Dex\n|rated|\n|rule|HP Percentage Mod: HP is shown in percentages\n|rule|Endless Battle Clause: Forcing endless battles is banned\n|rule|OHKO Clause: OHKO moves are banned\n|rule|Evasion Clause: Evasion abilities, items, and moves are banned\n|rule|Evasion Abilities Clause: Evasion abilities are banned\n|rule|Evasion Items Clause: Evasion items are banned\n|rule|Evasion Moves Clause: Evasion moves are banned\n|rule|Species Clause: Limit one of each Pok\u00e9mon\n|rule|Sleep Clause Mod: Limit one foe put to sleep\n|clearpoke\n|poke|p1|Meowscarada, M|\n|poke|p1|Tinkaton, F|\n|poke|p1|Empoleon, M|\n|poke|p1|Delphox, F|\n|poke|p1|Zeraora|\n|poke|p1|Pangoro, F|\n|poke|p2|Cinccino, M|\n|poke|p2|Zebstrika, F|\n|poke|p2|Ferrothorn, F|\n|poke|p2|Seismitoad, F|\n|poke|p2|Krookodile, M|\n|poke|p2|Emboar, F|\n|teampreview\n|\n|t:|1699634151\n|start\n|switch|p1a: Fox|Empoleon, M|100\/100\n|switch|p2a: Cinccino|Cinccino, M|100\/100\n|turn|1\n|\n|t:|1699634159\n|switch|p2a: Ferrothorn|Ferrothorn, F|100\/100\n|move|p1a: Fox|Stealth Rock|p2a: Ferrothorn\n|-sidestart|p2: Blake-Mamba|move: Stealth Rock\n|\n|upkeep\n|turn|2\n|\n|t:|1699634165\n|switch|p1a: Panther|Delphox, F|100\/100\n|move|p2a: Ferrothorn|Leech Seed|p1a: Panther\n|-start|p1a: Panther|move: Leech Seed\n|\n|-damage|p1a: Panther|88\/100|[from] Leech Seed|[of] p2a: Ferrothorn\n|upkeep\n|turn|3\n|\n|t:|1699634173\n|switch|p1a: Queen|Pangoro, F|100\/100\n|switch|p2a: Seismitoad|Seismitoad, F|100\/100\n|-damage|p2a: Seismitoad|94\/100|[from] Stealth Rock\n|\n|upkeep\n|turn|4\n|\n|t:|1699634187\n|move|p2a: Seismitoad|Hydro Pump|p1a: Queen\n|-damage|p1a: Queen|47\/100\n|move|p1a: Queen|Drain Punch|p2a: Seismitoad\n|-damage|p2a: Seismitoad|47\/100\n|-heal|p1a: Queen|72\/100|[from] drain|[of] p2a: Seismitoad\n|\n|upkeep\n|turn|5\n|\n|t:|1699634196\n|switch|p2a: Ferrothorn|Ferrothorn, F|100\/100\n|-damage|p2a: Ferrothorn|94\/100|[from] Stealth Rock\n|move|p1a: Queen|Drain Punch|p2a: Ferrothorn\n|-supereffective|p2a: Ferrothorn\n|-damage|p2a: Ferrothorn|34\/100\n|-heal|p1a: Queen|99\/100|[from] drain|[of] p2a: Ferrothorn\n|-damage|p1a: Queen|87\/100|[from] ability: Iron Barbs|[of] p2a: Ferrothorn\n|-damage|p1a: Queen|70\/100|[from] item: Rocky Helmet|[of] p2a: Ferrothorn\n|\n|upkeep\n|turn|6\n|\n|t:|1699634209\n|-terastallize|p2a: Ferrothorn|Ghost\n|move|p1a: Queen|Fire Punch|p2a: Ferrothorn\n|-damage|p2a: Ferrothorn|14\/100\n|-damage|p1a: Queen|58\/100|[from] ability: Iron Barbs|[of] p2a: Ferrothorn\n|-damage|p1a: Queen|41\/100|[from] item: Rocky Helmet|[of] p2a: Ferrothorn\n|move|p2a: Ferrothorn|Leech Seed|p1a: Queen\n|-start|p1a: Queen|move: Leech Seed\n|\n|-damage|p1a: Queen|29\/100|[from] Leech Seed|[of] p2a: Ferrothorn\n|-heal|p2a: Ferrothorn|28\/100|[silent]\n|upkeep\n|turn|7\n|\n|t:|1699634234\n|switch|p1a: Joker|Meowscarada, M, shiny|100\/100\n|switch|p2a: Krookodile|Krookodile, M|100\/100\n|-damage|p2a: Krookodile|94\/100|[from] Stealth Rock\n|\n|upkeep\n|turn|8\n|\n|t:|1699634242\n|switch|p2a: Ferrothorn|Ferrothorn, F, tera:Ghost|28\/100\n|-damage|p2a: Ferrothorn|16\/100|[from] Stealth Rock\n|move|p1a: Joker|Flower Trick|p2a: Ferrothorn\n|-start|p1a: Joker|typechange|Grass|[from] ability: Protean\n|-crit|p2a: Ferrothorn\n|-damage|p2a: Ferrothorn|0 fnt\n|faint|p2a: Ferrothorn\n|\n|upkeep\n|\n|t:|1699634254\n|switch|p2a: Zebstrika|Zebstrika, F, shiny|100\/100\n|-damage|p2a: Zebstrika|88\/100|[from] Stealth Rock\n|turn|9\n|\n|t:|1699634262\n|move|p1a: Joker|Flower Trick|p2a: Zebstrika\n|-ability|p2a: Zebstrika|Sap Sipper|boost\n|-boost|p2a: Zebstrika|atk|1\n|move|p2a: Zebstrika|Flame Charge|p1a: Joker\n|-supereffective|p1a: Joker\n|-damage|p1a: Joker|27\/100\n|-boost|p2a: Zebstrika|spe|1\n|\n|upkeep\n|turn|10\n|\n|t:|1699634270\n|switch|p1a: Skull|Zeraora|100\/100\n|move|p2a: Zebstrika|Flame Charge|p1a: Skull\n|-damage|p1a: Skull|66\/100\n|-boost|p2a: Zebstrika|spe|1\n|\n|upkeep\n|turn|11\n|\n|t:|1699634283\n|move|p2a: Zebstrika|Low Kick|p1a: Skull\n|-damage|p1a: Skull|30\/100\n|move|p1a: Skull|Close Combat|p2a: Zebstrika\n|-damage|p2a: Zebstrika|10\/100\n|-unboost|p1a: Skull|def|1\n|-unboost|p1a: Skull|spd|1\n|-damage|p1a: Skull|20\/100|[from] item: Life Orb\n|\n|upkeep\n|turn|12\n|\n|t:|1699634302\n|move|p2a: Zebstrika|Flame Charge|p1a: Skull\n|-damage|p1a: Skull|0 fnt\n|-boost|p2a: Zebstrika|spe|1\n|faint|p1a: Skull\n|\n|upkeep\n|\n|t:|1699634304\n|switch|p1a: Queen|Pangoro, F|29\/100\n|turn|13\n|\n|t:|1699634310\n|move|p1a: Queen|Bullet Punch|p2a: Zebstrika\n|-resisted|p2a: Zebstrika\n|-damage|p2a: Zebstrika|0 fnt\n|faint|p2a: Zebstrika\n|\n|upkeep\n|\n|t:|1699634316\n|switch|p2a: Krookodile|Krookodile, M|94\/100\n|-damage|p2a: Krookodile|88\/100|[from] Stealth Rock\n|turn|14\n|\n|t:|1699634325\n|move|p2a: Krookodile|Scale Shot|p1a: Queen\n|-crit|p1a: Queen\n|-damage|p1a: Queen|13\/100\n|-damage|p1a: Queen|4\/100\n|-damage|p1a: Queen|0 fnt\n|faint|p1a: Queen\n|-ability|p2a: Krookodile|Moxie|boost\n|-boost|p2a: Krookodile|atk|1\n|-hitcount|p1: Queen|3\n|-unboost|p2a: Krookodile|def|1\n|-boost|p2a: Krookodile|spe|1\n|\n|upkeep\n|\n|t:|1699634342\n|switch|p1a: Noir|Tinkaton, F|100\/100\n|-ability|p1a: Noir|Mold Breaker\n|turn|15\n|inactive|Battle timer is ON: inactive players will automatically lose when time's up. (requested by Blake-Mamba)\n|\n|t:|1699634369\n|move|p2a: Krookodile|Earthquake|p1a: Noir\n|-supereffective|p1a: Noir\n|-damage|p1a: Noir|0 fnt\n|faint|p1a: Noir\n|-ability|p2a: Krookodile|Moxie|boost\n|-boost|p2a: Krookodile|atk|1\n|\n|upkeep\n|\n|t:|1699634372\n|switch|p1a: Panther|Delphox, F|88\/100\n|turn|16\n|\n|t:|1699634378\n|-terastallize|p1a: Panther|Grass\n|move|p2a: Krookodile|Earthquake|p1a: Panther\n|-resisted|p1a: Panther\n|-damage|p1a: Panther|9\/100\n|move|p1a: Panther|Grass Knot|p2a: Krookodile\n|-supereffective|p2a: Krookodile\n|-damage|p2a: Krookodile|0 fnt\n|faint|p2a: Krookodile\n|\n|upkeep\n|\n|t:|1699634391\n|switch|p2a: Emboar|Emboar, F, shiny|100\/100\n|-damage|p2a: Emboar|88\/100|[from] Stealth Rock\n|turn|17\n|\n|t:|1699634395\n|move|p2a: Emboar|Flare Blitz|p1a: Panther\n|-supereffective|p1a: Panther\n|-damage|p1a: Panther|0 fnt\n|faint|p1a: Panther\n|-damage|p2a: Emboar|86\/100|[from] Recoil\n|\n|upkeep\n|\n|t:|1699634404\n|switch|p1a: Fox|Empoleon, M|100\/100\n|turn|18\n|\n|t:|1699634413\n|switch|p2a: Seismitoad|Seismitoad, F|47\/100\n|-damage|p2a: Seismitoad|41\/100|[from] Stealth Rock\n|move|p1a: Fox|Surf|p2a: Seismitoad\n|-heal|p2a: Seismitoad|65\/100|[from] ability: Water Absorb|[of] p1a: Fox\n|\n|upkeep\n|turn|19\n|inactive|magumomos has 120 seconds left.\n|-message|magumomos forfeited.\n|\n|win|Blake-Mamba\n|raw|magumomos's rating: 1217 &rarr; <strong>1200<\/strong><br \/>(-17 for losing)\n|raw|Blake-Mamba's rating: 1339 &rarr; <strong>1352<\/strong><br \/>(+13 for winning)\n|l|\u2606magumomos\n","uploadtime":1699634459,"views":4,"p1id":"magumomos","p2id":"blakemamba","formatid":"gen9nationaldex","rating":1200,"private":0,"password":""}