{"id":"gen9nationaldex-1999974766","p1":"Vvbttij","p2":"shura1899","format":"[Gen 9] National Dex","log":"|html|<div class=\"broadcast-blue\"><strong>[Gen 9] National Dex is currently suspecting Sneasler! For information on how to participate check out the <a href=\"https:\/\/www.smogon.com\/forums\/threads\/sv-national-dex-suspect-8-just-dance.3731534\/\">suspect thread<\/a>.<\/strong><\/div>\n|j|\u2606Vvbttij\n|j|\u2606shura1899\n|t:|1701136525\n|gametype|singles\n|player|p1|Vvbttij|red|1070\n|player|p2|shura1899|pokemonranger-gen4|1032\n|teamsize|p1|6\n|teamsize|p2|6\n|gen|9\n|tier|[Gen 9] National Dex\n|rated|\n|rule|HP Percentage Mod: HP is shown in percentages\n|rule|Endless Battle Clause: Forcing endless battles is banned\n|rule|OHKO Clause: OHKO moves are banned\n|rule|Evasion Clause: Evasion abilities, items, and moves are banned\n|rule|Evasion Abilities Clause: Evasion abilities are banned\n|rule|Evasion Items Clause: Evasion items are banned\n|rule|Evasion Moves Clause: Evasion moves are banned\n|rule|Species Clause: Limit one of each Pok\u00e9mon\n|rule|Sleep Clause Mod: Limit one foe put to sleep\n|clearpoke\n|poke|p1|Charizard, M|\n|poke|p1|Blastoise, F|\n|poke|p1|Venusaur, F|\n|poke|p1|Snorlax, M|\n|poke|p1|Lapras, M|\n|poke|p1|Pikachu, F|\n|poke|p2|Mawile, F|\n|poke|p2|Greninja-*, M|\n|poke|p2|Ferrothorn, M|\n|poke|p2|Tapu Koko|\n|poke|p2|Mamoswine, M|\n|poke|p2|Mew|\n|teampreview\n|\n|t:|1701136531\n|start\n|switch|p1a: Blastoise|Blastoise, F|100\/100\n|switch|p2a: Ferrothorn|Ferrothorn, M|100\/100\n|turn|1\n|\n|t:|1701136535\n|move|p1a: Blastoise|Shell Smash|p1a: Blastoise\n|-unboost|p1a: Blastoise|def|1\n|-unboost|p1a: Blastoise|spd|1\n|-boost|p1a: Blastoise|atk|2\n|-boost|p1a: Blastoise|spa|2\n|-boost|p1a: Blastoise|spe|2\n|move|p2a: Ferrothorn|Stealth Rock|p1a: Blastoise\n|-sidestart|p1: Vvbttij|move: Stealth Rock\n|\n|upkeep\n|turn|2\n|\n|t:|1701136542\n|move|p1a: Blastoise|Focus Blast|p2a: Ferrothorn\n|-supereffective|p2a: Ferrothorn\n|-crit|p2a: Ferrothorn\n|-damage|p2a: Ferrothorn|0 fnt\n|faint|p2a: Ferrothorn\n|\n|upkeep\n|\n|t:|1701136546\n|switch|p2a: Tapu Koko|Tapu Koko|100\/100\n|-fieldstart|move: Electric Terrain|[from] ability: Electric Surge|[of] p2a: Tapu Koko\n|turn|3\n|\n|t:|1701136562\n|move|p1a: Blastoise|Scald|p2a: Tapu Koko\n|-damage|p2a: Tapu Koko|3\/100\n|move|p2a: Tapu Koko|Wild Charge|p1a: Blastoise\n|-supereffective|p1a: Blastoise\n|-damage|p1a: Blastoise|0 fnt\n|faint|p1a: Blastoise\n|-damage|p2a: Tapu Koko|0 fnt|[from] Recoil\n|faint|p2a: Tapu Koko\n|\n|upkeep\n|\n|t:|1701136573\n|switch|p2a: Mew|Mew|100\/100\n|switch|p1a: Snorlax|Snorlax, M, shiny|100\/100\n|-damage|p1a: Snorlax|88\/100|[from] Stealth Rock\n|turn|4\n|\n|t:|1701136578\n|move|p2a: Mew|Psychic|p1a: Snorlax\n|-damage|p1a: Snorlax|68\/100\n|move|p1a: Snorlax|Power-Up Punch|p2a: Mew\n|-resisted|p2a: Mew\n|-damage|p2a: Mew|93\/100\n|-boost|p1a: Snorlax|atk|1\n|-damage|p1a: Snorlax|58\/100|[from] item: Life Orb\n|\n|-heal|p2a: Mew|99\/100|[from] item: Leftovers\n|upkeep\n|turn|5\n|\n|t:|1701136582\n|move|p2a: Mew|Will-O-Wisp|p1a: Snorlax\n|-status|p1a: Snorlax|brn\n|move|p1a: Snorlax|Crunch|p2a: Mew\n|-supereffective|p2a: Mew\n|-damage|p2a: Mew|62\/100\n|-damage|p1a: Snorlax|48\/100 brn|[from] item: Life Orb\n|\n|-heal|p2a: Mew|68\/100|[from] item: Leftovers\n|-damage|p1a: Snorlax|42\/100 brn|[from] brn\n|upkeep\n|turn|6\n|\n|t:|1701136589\n|move|p2a: Mew|Defog|p1a: Snorlax\n|-unboost|p1a: Snorlax|evasion|1\n|-sideend|p1: Vvbttij|Stealth Rock|[from] move: Defog|[of] p2a: Mew\n|-fieldend|move: Electric Terrain\n|move|p1a: Snorlax|Body Slam||[still]\n|-damage|p2a: Mew|35\/100\n|-status|p2a: Mew|par\n|-activate|p2a: Mew|ability: Synchronize\n|-fail|p2a: Mew\n|-damage|p1a: Snorlax|32\/100 brn|[from] item: Life Orb\n|\n|-heal|p2a: Mew|41\/100 par|[from] item: Leftovers\n|-damage|p1a: Snorlax|26\/100 brn|[from] brn\n|upkeep\n|turn|7\n|c|\u2606Vvbttij|Thx\n|\n|t:|1701136605\n|cant|p2a: Mew|par\n|move|p1a: Snorlax|Body Slam|p2a: Mew\n|-damage|p2a: Mew|11\/100 par\n|-damage|p1a: Snorlax|16\/100 brn|[from] item: Life Orb\n|\n|-heal|p2a: Mew|18\/100 par|[from] item: Leftovers\n|-damage|p1a: Snorlax|10\/100 brn|[from] brn\n|upkeep\n|turn|8\n|\n|t:|1701136612\n|cant|p2a: Mew|par\n|move|p1a: Snorlax|Crunch|p2a: Mew\n|-supereffective|p2a: Mew\n|-damage|p2a: Mew|0 fnt\n|faint|p2a: Mew\n|-damage|p1a: Snorlax|0 fnt|[from] item: Life Orb\n|faint|p1a: Snorlax\n|\n|upkeep\n|\n|t:|1701136619\n|switch|p2a: Mawile|Mawile, F|100\/100\n|switch|p1a: Pikachu|Pikachu, F|100\/100\n|turn|9\n|\n|t:|1701136628\n|detailschange|p2a: Mawile|Mawile-Mega, F\n|-mega|p2a: Mawile|Mawile|Mawilite\n|-singleturn|p2a: Mawile|move: Focus Punch\n|move|p1a: Pikachu|Nuzzle|p2a: Mawile\n|-damage|p2a: Mawile|97\/100\n|-status|p2a: Mawile|par\n|cant|p2a: Mawile|Focus Punch|Focus Punch\n|\n|upkeep\n|turn|10\n|\n|t:|1701136634\n|move|p1a: Pikachu|Nuzzle|p2a: Mawile\n|-damage|p2a: Mawile|93\/100 par\n|move|p2a: Mawile|Substitute|p2a: Mawile\n|-start|p2a: Mawile|Substitute\n|-damage|p2a: Mawile|68\/100 par\n|\n|upkeep\n|turn|11\n|\n|t:|1701136641\n|switch|p1a: Charizard|Charizard, M|100\/100\n|-singleturn|p2a: Mawile|move: Focus Punch\n|cant|p2a: Mawile|par\n|\n|upkeep\n|turn|12\n|\n|t:|1701136648\n|move|p1a: Charizard|Fire Punch|p2a: Mawile\n|-supereffective|p2a: Mawile\n|-end|p2a: Mawile|Substitute\n|move|p2a: Mawile|Play Rough|p1a: Charizard\n|-resisted|p1a: Charizard\n|-damage|p1a: Charizard|39\/100\n|\n|upkeep\n|turn|13\n|\n|t:|1701136657\n|move|p1a: Charizard|Fire Punch|p2a: Mawile\n|-supereffective|p2a: Mawile\n|-damage|p2a: Mawile|17\/100 par\n|move|p2a: Mawile|Substitute|p2a: Mawile\n|-fail|p2a: Mawile|move: Substitute|[weak]\n|\n|upkeep\n|turn|14\n|\n|t:|1701136662\n|move|p1a: Charizard|Fire Punch|p2a: Mawile\n|-supereffective|p2a: Mawile\n|-damage|p2a: Mawile|0 fnt\n|faint|p2a: Mawile\n|\n|upkeep\n|\n|t:|1701136665\n|switch|p2a: Greninja|Greninja, M|100\/100\n|turn|15\n|\n|t:|1701136670\n|move|p2a: Greninja|Water Shuriken|p1a: Charizard\n|-supereffective|p1a: Charizard\n|-damage|p1a: Charizard|13\/100\n|-enditem|p1a: Charizard|Salac Berry|[eat]\n|-boost|p1a: Charizard|spe|1|[from] item: Salac Berry\n|-supereffective|p1a: Charizard\n|-damage|p1a: Charizard|0 fnt\n|faint|p1a: Charizard\n|-ability|p2a: Greninja|Battle Bond|boost\n|-boost|p2a: Greninja|atk|1\n|-boost|p2a: Greninja|spa|1\n|-boost|p2a: Greninja|spe|1\n|-activate|p2a: Greninja|ability: Battle Bond\n|-hitcount|p1: Charizard|2\n|\n|upkeep\n|\n|t:|1701136673\n|switch|p1a: Venusaur|Venusaur, F|100\/100\n|turn|16\n|\n|t:|1701136682\n|switch|p2a: Mamoswine|Mamoswine, M|100\/100\n|detailschange|p1a: Venusaur|Venusaur-Mega, F\n|-mega|p1a: Venusaur|Venusaur|Venusaurite\n|move|p1a: Venusaur|Toxic|p2a: Mamoswine\n|-status|p2a: Mamoswine|tox\n|\n|-damage|p2a: Mamoswine|94\/100 tox|[from] psn\n|upkeep\n|turn|17\n|\n|t:|1701136689\n|-terastallize|p2a: Mamoswine|Ice\n|move|p2a: Mamoswine|Freeze-Dry|p1a: Venusaur\n|-supereffective|p1a: Venusaur\n|-damage|p1a: Venusaur|76\/100\n|-damage|p2a: Mamoswine|84\/100 tox|[from] item: Life Orb\n|move|p1a: Venusaur|Curse|p1a: Venusaur\n|-unboost|p1a: Venusaur|spe|1\n|-boost|p1a: Venusaur|atk|1\n|-boost|p1a: Venusaur|def|1\n|\n|-damage|p2a: Mamoswine|72\/100 tox|[from] psn\n|upkeep\n|turn|18\n|\n|t:|1701136700\n|move|p2a: Mamoswine|Icicle Spear|p1a: Venusaur\n|-supereffective|p1a: Venusaur\n|-damage|p1a: Venusaur|66\/100\n|-supereffective|p1a: Venusaur\n|-damage|p1a: Venusaur|57\/100\n|-hitcount|p1a: Venusaur|2\n|-damage|p2a: Mamoswine|62\/100 tox|[from] item: Life Orb\n|move|p1a: Venusaur|Curse|p1a: Venusaur\n|-unboost|p1a: Venusaur|spe|1\n|-boost|p1a: Venusaur|atk|1\n|-boost|p1a: Venusaur|def|1\n|\n|-damage|p2a: Mamoswine|44\/100 tox|[from] psn\n|upkeep\n|turn|19\n|\n|t:|1701136707\n|move|p2a: Mamoswine|Ice Shard|p1a: Venusaur\n|-supereffective|p1a: Venusaur\n|-damage|p1a: Venusaur|47\/100\n|-damage|p2a: Mamoswine|34\/100 tox|[from] item: Life Orb\n|move|p1a: Venusaur|Leech Seed|p2a: Mamoswine\n|-start|p2a: Mamoswine|move: Leech Seed\n|\n|-damage|p2a: Mamoswine|22\/100 tox|[from] Leech Seed|[of] p1a: Venusaur\n|-heal|p1a: Venusaur|59\/100|[silent]\n|-damage|p2a: Mamoswine|0 fnt|[from] psn\n|faint|p2a: Mamoswine\n|upkeep\n|\n|t:|1701136712\n|switch|p2a: Greninja|Greninja, M|100\/100\n|turn|20\n|\n|t:|1701136715\n|move|p2a: Greninja|Dark Pulse|p1a: Venusaur\n|-damage|p1a: Venusaur|13\/100\n|move|p1a: Venusaur|Synthesis|p1a: Venusaur\n|-heal|p1a: Venusaur|63\/100\n|\n|upkeep\n|turn|21\n|\n|t:|1701136719\n|move|p2a: Greninja|Dark Pulse|p1a: Venusaur\n|-damage|p1a: Venusaur|18\/100\n|move|p1a: Venusaur|Synthesis|p1a: Venusaur\n|-heal|p1a: Venusaur|68\/100\n|\n|upkeep\n|turn|22\n|\n|t:|1701136723\n|move|p2a: Greninja|Dark Pulse|p1a: Venusaur\n|-damage|p1a: Venusaur|25\/100\n|move|p1a: Venusaur|Synthesis|p1a: Venusaur\n|-heal|p1a: Venusaur|75\/100\n|\n|upkeep\n|turn|23\n|\n|t:|1701136728\n|move|p2a: Greninja|Dark Pulse|p1a: Venusaur\n|-damage|p1a: Venusaur|36\/100\n|move|p1a: Venusaur|Toxic|p2a: Greninja\n|-status|p2a: Greninja|tox\n|\n|-damage|p2a: Greninja|95\/100 tox|[from] psn\n|upkeep\n|turn|24\n|\n|t:|1701136733\n|move|p2a: Greninja|Dark Pulse|p1a: Venusaur\n|-damage|p1a: Venusaur|0 fnt\n|faint|p1a: Venusaur\n|\n|-damage|p2a: Greninja|83\/100 tox|[from] psn\n|upkeep\n|\n|t:|1701136737\n|switch|p1a: Lapras|Lapras, M|100\/100\n|turn|25\n|\n|t:|1701136745\n|-terastallize|p1a: Lapras|Ground\n|move|p2a: Greninja|Dark Pulse|p1a: Lapras\n|-damage|p1a: Lapras|53\/100\n|move|p1a: Lapras|Dragon Dance|p1a: Lapras\n|-boost|p1a: Lapras|atk|1\n|-boost|p1a: Lapras|spe|1\n|\n|-damage|p2a: Greninja|65\/100 tox|[from] psn\n|upkeep\n|turn|26\n|\n|t:|1701136751\n|move|p2a: Greninja|Dark Pulse|p1a: Lapras\n|-damage|p1a: Lapras|3\/100\n|move|p1a: Lapras|Waterfall|p2a: Greninja\n|-resisted|p2a: Greninja\n|-damage|p2a: Greninja|13\/100 tox\n|\n|-damage|p2a: Greninja|0 fnt|[from] psn\n|faint|p2a: Greninja\n|\n|win|Vvbttij\n|upkeep\n|raw|Vvbttij's rating: 1070 &rarr; <strong>1096<\/strong><br \/>(+26 for winning)\n|raw|shura1899's rating: 1032 &rarr; <strong>1019<\/strong><br \/>(-13 for losing)\n|c|\u2606Vvbttij|Gg\n|l|\u2606shura1899\n","uploadtime":1701136760,"views":1,"p1id":"vvbttij","p2id":"shura1899","formatid":"gen9nationaldex","rating":1019,"private":0,"password":""}