{"id":"gen9nationaldex-1989096123","p1":"Thom.zip","p2":"Shade Tatsu","format":"[Gen 9] National Dex","log":"|j|\u2606Thom.zip\n|j|\u2606Shade Tatsu\n|t:|1699811715\n|gametype|singles\n|player|p1|Thom.zip|acetrainer-gen4|1127\n|player|p2|Shade Tatsu|169|1178\n|teamsize|p1|6\n|teamsize|p2|6\n|gen|9\n|tier|[Gen 9] National Dex\n|rated|\n|rule|HP Percentage Mod: HP is shown in percentages\n|rule|Endless Battle Clause: Forcing endless battles is banned\n|rule|OHKO Clause: OHKO moves are banned\n|rule|Evasion Clause: Evasion abilities, items, and moves are banned\n|rule|Evasion Abilities Clause: Evasion abilities are banned\n|rule|Evasion Items Clause: Evasion items are banned\n|rule|Evasion Moves Clause: Evasion moves are banned\n|rule|Species Clause: Limit one of each Pok\u00e9mon\n|rule|Sleep Clause Mod: Limit one foe put to sleep\n|clearpoke\n|poke|p1|Sceptile, M|\n|poke|p1|Aggron, M|\n|poke|p1|Manectric, M|\n|poke|p1|Torkoal, M|\n|poke|p1|Milotic, F|\n|poke|p1|Salamence, M|\n|poke|p2|Altaria, F|\n|poke|p2|Cramorant, M|\n|poke|p2|Toxicroak, F|\n|poke|p2|Eelektross, M|\n|poke|p2|Malamar, M|\n|poke|p2|Tentacruel, F|\n|teampreview\n|inactive|Battle timer is ON: inactive players will automatically lose when time's up. (requested by Thom.zip)\n|inactive|Shade Tatsu also wants the timer to be on.\n|\n|t:|1699811722\n|start\n|switch|p1a: Sceptile|Sceptile, M|100\/100\n|switch|p2a: Blue Lead|Cramorant, M|100\/100\n|turn|1\n|\n|t:|1699811727\n|move|p1a: Sceptile|Swords Dance|p1a: Sceptile\n|-boost|p1a: Sceptile|atk|2\n|move|p2a: Blue Lead|Surf|p1a: Sceptile\n|-formechange|p2a: Blue Lead|Cramorant-Gulping|\n|-resisted|p1a: Sceptile\n|-damage|p1a: Sceptile|74\/100\n|\n|upkeep\n|turn|2\n|\n|t:|1699811735\n|move|p1a: Sceptile|Leaf Blade|p2a: Blue Lead\n|-crit|p2a: Blue Lead\n|-enditem|p2a: Blue Lead|Focus Sash\n|-damage|p2a: Blue Lead|1\/100\n|-damage|p1a: Sceptile|49\/100|[from] ability: Gulp Missile|[of] p2a: Blue Lead\n|-unboost|p1a: Sceptile|def|1\n|-formechange|p2a: Blue Lead|Cramorant|\n|-enditem|p1a: Sceptile|Sitrus Berry|[eat]\n|-heal|p1a: Sceptile|74\/100|[from] item: Sitrus Berry\n|move|p2a: Blue Lead|Surf|p1a: Sceptile\n|-formechange|p2a: Blue Lead|Cramorant-Gorging|\n|-resisted|p1a: Sceptile\n|-crit|p1a: Sceptile\n|-damage|p1a: Sceptile|32\/100\n|\n|upkeep\n|turn|3\n|\n|t:|1699811752\n|move|p1a: Sceptile|Leaf Blade|p2a: Blue Lead\n|-crit|p2a: Blue Lead\n|-damage|p2a: Blue Lead|0 fnt\n|-damage|p1a: Sceptile|7\/100|[from] ability: Gulp Missile|[of] p2a: Blue Lead\n|-status|p1a: Sceptile|par\n|-formechange|p2a: Blue Lead|Cramorant|\n|faint|p2a: Blue Lead\n|\n|upkeep\n|\n|t:|1699811759\n|switch|p2a: Blue Reverse|Malamar, M|100\/100\n|turn|4\n|\n|t:|1699811762\n|move|p1a: Sceptile|Drain Punch|p2a: Blue Reverse\n|-damage|p2a: Blue Reverse|68\/100\n|-heal|p1a: Sceptile|29\/100 par|[from] drain|[of] p2a: Blue Reverse\n|move|p2a: Blue Reverse|Superpower|p1a: Sceptile\n|-damage|p1a: Sceptile|0 fnt\n|-boost|p2a: Blue Reverse|atk|1\n|-boost|p2a: Blue Reverse|def|1\n|faint|p1a: Sceptile\n|\n|upkeep\n|\n|t:|1699811776\n|switch|p1a: Milotic|Milotic, F|100\/100\n|turn|5\n|\n|t:|1699811783\n|-terastallize|p1a: Milotic|Fairy\n|move|p1a: Milotic|Toxic|p2a: Blue Reverse\n|-status|p2a: Blue Reverse|tox\n|move|p2a: Blue Reverse|Knock Off|p1a: Milotic\n|-resisted|p1a: Milotic\n|-damage|p1a: Milotic|75\/100\n|-enditem|p1a: Milotic|Flame Orb|[from] move: Knock Off|[of] p2a: Blue Reverse\n|\n|-damage|p2a: Blue Reverse|62\/100 tox|[from] psn\n|upkeep\n|turn|6\n|\n|t:|1699811794\n|move|p1a: Milotic|Hydro Pump|p2a: Blue Reverse|[miss]\n|-miss|p1a: Milotic|p2a: Blue Reverse\n|move|p2a: Blue Reverse|Facade|p1a: Milotic\n|-damage|p1a: Milotic|28\/100\n|\n|-damage|p2a: Blue Reverse|50\/100 tox|[from] psn\n|upkeep\n|turn|7\n|\n|t:|1699811803\n|move|p1a: Milotic|Hydro Pump|p2a: Blue Reverse\n|-damage|p2a: Blue Reverse|21\/100 tox\n|move|p2a: Blue Reverse|Superpower|p1a: Milotic\n|-resisted|p1a: Milotic\n|-damage|p1a: Milotic|8\/100\n|-boost|p2a: Blue Reverse|atk|1\n|-boost|p2a: Blue Reverse|def|1\n|\n|-damage|p2a: Blue Reverse|3\/100 tox|[from] psn\n|upkeep\n|turn|8\n|\n|t:|1699811808\n|move|p1a: Milotic|Recover|p1a: Milotic\n|-heal|p1a: Milotic|58\/100\n|move|p2a: Blue Reverse|Facade|p1a: Milotic\n|-damage|p1a: Milotic|0 fnt\n|faint|p1a: Milotic\n|\n|-damage|p2a: Blue Reverse|0 fnt|[from] psn\n|faint|p2a: Blue Reverse\n|upkeep\n|\n|t:|1699811821\n|switch|p1a: Manectric|Manectric, M|100\/100\n|switch|p2a: Blue Zap|Eelektross, M|100\/100\n|turn|9\n|\n|t:|1699811831\n|detailschange|p1a: Manectric|Manectric-Mega, M\n|-mega|p1a: Manectric|Manectric|Manectite\n|-ability|p1a: Manectric|Intimidate|boost\n|-unboost|p2a: Blue Zap|atk|1\n|move|p1a: Manectric|Overheat|p2a: Blue Zap\n|-damage|p2a: Blue Zap|65\/100\n|-unboost|p1a: Manectric|spa|2\n|move|p2a: Blue Zap|Bulldoze|p1a: Manectric\n|-supereffective|p1a: Manectric\n|-damage|p1a: Manectric|53\/100\n|-unboost|p1a: Manectric|spe|1\n|\n|upkeep\n|turn|10\n|\n|t:|1699811840\n|move|p1a: Manectric|Volt Switch|p2a: Blue Zap\n|-resisted|p2a: Blue Zap\n|-damage|p2a: Blue Zap|58\/100\n|\n|t:|1699811844\n|switch|p1a: Aggron|Aggron, M|100\/100|[from] Volt Switch\n|-item|p1a: Aggron|Air Balloon\n|move|p2a: Blue Zap|U-turn|p1a: Aggron\n|-resisted|p1a: Aggron\n|-damage|p1a: Aggron|96\/100\n|-enditem|p1a: Aggron|Air Balloon\n|\n|t:|1699811852\n|switch|p2a: Blue Speed|Tentacruel, F|100\/100|[from] U-turn\n|\n|upkeep\n|turn|11\n|\n|t:|1699811858\n|move|p2a: Blue Speed|Toxic Spikes|p1a: Aggron\n|-sidestart|p1: Thom.zip|move: Toxic Spikes\n|move|p1a: Aggron|Head Smash|p2a: Blue Speed\n|-damage|p2a: Blue Speed|0 fnt\n|faint|p2a: Blue Speed\n|\n|upkeep\n|\n|t:|1699811866\n|switch|p2a: Blue Zap|Eelektross, M|58\/100\n|turn|12\n|\n|t:|1699811869\n|move|p2a: Blue Zap|Bulldoze|p1a: Aggron\n|-supereffective|p1a: Aggron\n|-damage|p1a: Aggron|50\/100\n|-unboost|p1a: Aggron|spe|1\n|move|p1a: Aggron|Head Smash|p2a: Blue Zap|[miss]\n|-miss|p1a: Aggron|p2a: Blue Zap\n|\n|upkeep\n|turn|13\n|\n|t:|1699811876\n|move|p2a: Blue Zap|Lunge|p1a: Aggron\n|-resisted|p1a: Aggron\n|-damage|p1a: Aggron|42\/100\n|-unboost|p1a: Aggron|atk|1\n|move|p1a: Aggron|Head Smash|p2a: Blue Zap\n|-damage|p2a: Blue Zap|4\/100\n|\n|upkeep\n|turn|14\n|\n|t:|1699811886\n|move|p2a: Blue Zap|Bulldoze|p1a: Aggron\n|-supereffective|p1a: Aggron\n|-damage|p1a: Aggron|0 fnt\n|faint|p1a: Aggron\n|\n|upkeep\n|\n|t:|1699811890\n|switch|p1a: Salamence|Salamence, M|100\/100\n|-ability|p1a: Salamence|Intimidate|boost\n|-unboost|p2a: Blue Zap|atk|1\n|turn|15\n|\n|t:|1699811896\n|move|p1a: Salamence|Dragon Claw|p2a: Blue Zap\n|-damage|p2a: Blue Zap|0 fnt\n|faint|p2a: Blue Zap\n|-damage|p1a: Salamence|91\/100|[from] item: Life Orb\n|\n|upkeep\n|\n|t:|1699811898\n|switch|p2a: Blue Power|Altaria, F|100\/100\n|-ability|p2a: Blue Power|Cloud Nine\n|turn|16\n|\n|t:|1699811906\n|detailschange|p2a: Blue Power|Altaria-Mega, F\n|-mega|p2a: Blue Power|Altaria|Altarianite\n|move|p1a: Salamence|Dragon Claw|p2a: Blue Power\n|-immune|p2a: Blue Power\n|move|p2a: Blue Power|Cotton Guard|p2a: Blue Power\n|-boost|p2a: Blue Power|def|3\n|\n|upkeep\n|turn|17\n|\n|t:|1699811913\n|move|p1a: Salamence|Dragon Dance|p1a: Salamence\n|-boost|p1a: Salamence|atk|1\n|-boost|p1a: Salamence|spe|1\n|move|p2a: Blue Power|Dragon Dance|p2a: Blue Power\n|-boost|p2a: Blue Power|atk|1\n|-boost|p2a: Blue Power|spe|1\n|\n|upkeep\n|turn|18\n|\n|t:|1699811917\n|move|p1a: Salamence|Dual Wingbeat|p2a: Blue Power\n|-damage|p2a: Blue Power|85\/100\n|-damage|p2a: Blue Power|69\/100\n|-hitcount|p2a: Blue Power|2\n|-damage|p1a: Salamence|81\/100|[from] item: Life Orb\n|move|p2a: Blue Power|Dragon Dance|p2a: Blue Power\n|-boost|p2a: Blue Power|atk|1\n|-boost|p2a: Blue Power|spe|1\n|\n|upkeep\n|turn|19\n|\n|t:|1699811923\n|move|p1a: Salamence|Dragon Dance|p1a: Salamence\n|-boost|p1a: Salamence|atk|1\n|-boost|p1a: Salamence|spe|1\n|move|p2a: Blue Power|Cotton Guard|p2a: Blue Power\n|-boost|p2a: Blue Power|def|3\n|\n|upkeep\n|turn|20\n|\n|t:|1699811928\n|move|p1a: Salamence|Dragon Dance|p1a: Salamence\n|-boost|p1a: Salamence|atk|1\n|-boost|p1a: Salamence|spe|1\n|move|p2a: Blue Power|Dragon Dance|p2a: Blue Power\n|-boost|p2a: Blue Power|atk|1\n|-boost|p2a: Blue Power|spe|1\n|\n|upkeep\n|turn|21\n|\n|t:|1699811934\n|move|p1a: Salamence|Dual Wingbeat|p2a: Blue Power|[miss]\n|-miss|p1a: Salamence|p2a: Blue Power\n|move|p2a: Blue Power|Facade|p1a: Salamence\n|-supereffective|p1a: Salamence\n|-damage|p1a: Salamence|0 fnt\n|faint|p1a: Salamence\n|\n|upkeep\n|\n|t:|1699811937\n|switch|p1a: Manectric|Manectric-Mega, M|53\/100\n|-status|p1a: Manectric|psn\n|-ability|p1a: Manectric|Intimidate|boost\n|-unboost|p2a: Blue Power|atk|1\n|turn|22\n|\n|t:|1699811942\n|move|p2a: Blue Power|Facade|p1a: Manectric\n|-damage|p1a: Manectric|0 fnt\n|faint|p1a: Manectric\n|\n|upkeep\n|\n|t:|1699811944\n|switch|p1a: Torkoal|Torkoal, M|100\/100\n|-status|p1a: Torkoal|psn\n|-weather|SunnyDay|[from] ability: Drought|[of] p1a: Torkoal\n|turn|23\n|\n|t:|1699811949\n|move|p2a: Blue Power|Roost|p2a: Blue Power\n|-heal|p2a: Blue Power|100\/100\n|-singleturn|p2a: Blue Power|move: Roost\n|move|p1a: Torkoal|Eruption|p2a: Blue Power\n|-resisted|p2a: Blue Power\n|-damage|p2a: Blue Power|65\/100\n|\n|-weather|SunnyDay|[upkeep]\n|-damage|p1a: Torkoal|88\/100 psn|[from] psn\n|upkeep\n|turn|24\n|\n|t:|1699811957\n|move|p2a: Blue Power|Facade|p1a: Torkoal\n|-resisted|p1a: Torkoal\n|-damage|p1a: Torkoal|58\/100 psn\n|move|p1a: Torkoal|Shell Smash|p1a: Torkoal\n|-unboost|p1a: Torkoal|def|1\n|-unboost|p1a: Torkoal|spd|1\n|-boost|p1a: Torkoal|atk|2\n|-boost|p1a: Torkoal|spa|2\n|-boost|p1a: Torkoal|spe|2\n|-enditem|p1a: Torkoal|White Herb\n|-clearnegativeboost|p1a: Torkoal|[silent]\n|\n|-weather|SunnyDay|[upkeep]\n|-damage|p1a: Torkoal|45\/100 psn|[from] psn\n|upkeep\n|turn|25\n|\n|t:|1699811967\n|move|p2a: Blue Power|Facade|p1a: Torkoal\n|-resisted|p1a: Torkoal\n|-damage|p1a: Torkoal|16\/100 psn\n|move|p1a: Torkoal|Earth Power|p2a: Blue Power\n|-damage|p2a: Blue Power|31\/100\n|\n|-weather|SunnyDay|[upkeep]\n|-damage|p1a: Torkoal|4\/100 psn|[from] psn\n|upkeep\n|turn|26\n|-message|Thom.zip forfeited.\n|\n|win|Shade Tatsu\n|raw|Thom.zip's rating: 1127 &rarr; <strong>1106<\/strong><br \/>(-21 for losing)\n|raw|Shade Tatsu's rating: 1178 &rarr; <strong>1199<\/strong><br \/>(+21 for winning)\n|l|\u2606Thom.zip\n","uploadtime":1699812379,"views":5,"p1id":"thomzip","p2id":"shadetatsu","formatid":"gen9nationaldex","rating":1106,"private":0,"password":""}