{"id":"gen9nationaldex-1995253246","p1":"GHollow","p2":"Agricultural X-ray","format":"[Gen 9] National Dex","log":"|html|<div class=\"broadcast-blue\"><strong>[Gen 9] National Dex is currently suspecting Sneasler! For information on how to participate check out the <a href=\"https:\/\/www.smogon.com\/forums\/threads\/sv-national-dex-suspect-8-just-dance.3731534\/\">suspect thread<\/a>.<\/strong><\/div>\n|j|\u2606GHollow\n|j|\u2606Agricultural X-ray\n|t:|1700540618\n|gametype|singles\n|player|p1|GHollow|shadowtriad|1214\n|player|p2|Agricultural X-ray|psychic|1060\n|teamsize|p1|6\n|teamsize|p2|6\n|gen|9\n|tier|[Gen 9] National Dex\n|rated|\n|rule|HP Percentage Mod: HP is shown in percentages\n|rule|Endless Battle Clause: Forcing endless battles is banned\n|rule|OHKO Clause: OHKO moves are banned\n|rule|Evasion Clause: Evasion abilities, items, and moves are banned\n|rule|Evasion Abilities Clause: Evasion abilities are banned\n|rule|Evasion Items Clause: Evasion items are banned\n|rule|Evasion Moves Clause: Evasion moves are banned\n|rule|Species Clause: Limit one of each Pok\u00e9mon\n|rule|Sleep Clause Mod: Limit one foe put to sleep\n|clearpoke\n|poke|p1|Pelipper, F|\n|poke|p1|Gyarados, M|\n|poke|p1|Primarina, F|\n|poke|p1|Kingler, M|\n|poke|p1|Garchomp, M|\n|poke|p1|Samurott-Hisui, M|\n|poke|p2|Dhelmise|\n|poke|p2|Kilowattrel, M|\n|poke|p2|Persian-Alola, M|\n|poke|p2|Grapploct, M|\n|poke|p2|Cinccino, M|\n|poke|p2|Illumise, F|\n|teampreview\n|\n|t:|1700540639\n|start\n|switch|p1a: Kingler|Kingler, M|100\/100\n|switch|p2a: Kilowattrel|Kilowattrel, M|100\/100\n|turn|1\n|\n|t:|1700540645\n|switch|p1a: Garchomp|Garchomp, M|100\/100\n|move|p2a: Kilowattrel|Charge Beam|p1a: Garchomp\n|-immune|p1a: Garchomp\n|\n|upkeep\n|turn|2\n|\n|t:|1700540656\n|switch|p2a: Persian|Persian-Alola, M|100\/100\n|move|p1a: Garchomp|Swords Dance|p1a: Garchomp\n|-boost|p1a: Garchomp|atk|2\n|\n|upkeep\n|turn|3\n|\n|t:|1700540665\n|move|p2a: Persian|Nasty Plot|p2a: Persian\n|-boost|p2a: Persian|spa|2\n|move|p1a: Garchomp|Earthquake|p2a: Persian\n|-damage|p2a: Persian|8\/100\n|-enditem|p2a: Persian|Aguav Berry|[eat]\n|-heal|p2a: Persian|41\/100|[from] item: Aguav Berry\n|\n|upkeep\n|turn|4\n|\n|t:|1700540673\n|move|p2a: Persian|Dark Pulse|p1a: Garchomp\n|-damage|p1a: Garchomp|36\/100\n|move|p1a: Garchomp|Earthquake|p2a: Persian\n|-damage|p2a: Persian|0 fnt\n|faint|p2a: Persian\n|\n|upkeep\n|\n|t:|1700540680\n|switch|p2a: Grapploct|Grapploct, M|100\/100\n|turn|5\n|\n|t:|1700540687\n|-terastallize|p1a: Garchomp|Water\n|move|p1a: Garchomp|Earthquake|p2a: Grapploct\n|-damage|p2a: Grapploct|25\/100\n|move|p2a: Grapploct|Ice Punch|p1a: Garchomp\n|-resisted|p1a: Garchomp\n|-damage|p1a: Garchomp|25\/100\n|-damage|p2a: Grapploct|13\/100|[from] ability: Rough Skin|[of] p1a: Garchomp\n|-damage|p2a: Grapploct|0 fnt|[from] item: Rocky Helmet|[of] p1a: Garchomp\n|faint|p2a: Grapploct\n|\n|upkeep\n|\n|t:|1700540693\n|switch|p2a: Kilowattrel|Kilowattrel, M|100\/100\n|turn|6\n|\n|t:|1700540700\n|move|p2a: Kilowattrel|Charge Beam|p1a: Garchomp\n|-supereffective|p1a: Garchomp\n|-damage|p1a: Garchomp|0 fnt\n|-boost|p2a: Kilowattrel|spa|1\n|faint|p1a: Garchomp\n|\n|upkeep\n|\n|t:|1700540722\n|switch|p1a: Pelipper|Pelipper, F|100\/100\n|-weather|RainDance|[from] ability: Drizzle|[of] p1a: Pelipper\n|turn|7\n|\n|t:|1700540727\n|move|p2a: Kilowattrel|Charge Beam|p1a: Pelipper\n|-supereffective|p1a: Pelipper\n|-damage|p1a: Pelipper|0 fnt\n|-boost|p2a: Kilowattrel|spa|1\n|faint|p1a: Pelipper\n|\n|-weather|RainDance|[upkeep]\n|upkeep\n|\n|t:|1700540733\n|switch|p1a: Samurott|Samurott-Hisui, M|100\/100\n|turn|8\n|\n|t:|1700540736\n|move|p1a: Samurott|Razor Shell|p2a: Kilowattrel\n|-crit|p2a: Kilowattrel\n|-damage|p2a: Kilowattrel|0 fnt\n|faint|p2a: Kilowattrel\n|\n|-weather|RainDance|[upkeep]\n|upkeep\n|\n|t:|1700540745\n|switch|p2a: Dhelmise|Dhelmise|100\/100\n|turn|9\n|\n|t:|1700540751\n|switch|p1a: Gyarados|Gyarados, M, shiny|100\/100\n|-ability|p1a: Gyarados|Intimidate|boost\n|-unboost|p2a: Dhelmise|atk|1\n|move|p2a: Dhelmise|Power Whip|p1a: Gyarados\n|-damage|p1a: Gyarados|45\/100\n|\n|-weather|RainDance|[upkeep]\n|upkeep\n|turn|10\n|\n|t:|1700540762\n|detailschange|p1a: Gyarados|Gyarados-Mega, M, shiny\n|-mega|p1a: Gyarados|Gyarados|Gyaradosite\n|-ability|p1a: Gyarados|Mold Breaker\n|move|p1a: Gyarados|Crunch|p2a: Dhelmise\n|-supereffective|p2a: Dhelmise\n|-damage|p2a: Dhelmise|0 fnt\n|faint|p2a: Dhelmise\n|\n|-weather|RainDance|[upkeep]\n|upkeep\n|raw|<div class=\"broadcast-red\"><b>The server is restarting soon.<\/b><br \/>Please finish your battles quickly. No new battles can be started until the server resets in a few minutes.<\/div>\n|inactive|Battle timer is ON: inactive players will automatically lose when time's up.\n|raw|<div class=\"broadcast-red\"><b>Moderated chat was set to +!<\/b><br \/>Only users of rank + and higher can talk.<\/div>\n|\n|t:|1700540770\n|switch|p2a: Cinccino|Cinccino, M|100\/100\n|turn|11\n|\n|t:|1700540776\n|move|p2a: Cinccino|Bullet Seed|p1a: Gyarados\n|-supereffective|p1a: Gyarados\n|-damage|p1a: Gyarados|25\/100\n|-supereffective|p1a: Gyarados\n|-crit|p1a: Gyarados\n|-damage|p1a: Gyarados|0 fnt\n|faint|p1a: Gyarados\n|-hitcount|p1: Gyarados|2\n|\n|-weather|RainDance|[upkeep]\n|upkeep\n|\n|t:|1700540784\n|switch|p1a: Samurott|Samurott-Hisui, M|100\/100\n|turn|12\n|\n|t:|1700540790\n|move|p1a: Samurott|Sacred Sword|p2a: Cinccino\n|-supereffective|p2a: Cinccino\n|-damage|p2a: Cinccino|0 fnt\n|faint|p2a: Cinccino\n|\n|-weather|RainDance|[upkeep]\n|upkeep\n|\n|t:|1700540793\n|switch|p2a: Illumise|Illumise, F|100\/100\n|turn|13\n|\n|t:|1700540798\n|switch|p1a: Primarina|Primarina, F|100\/100\n|move|p2a: Illumise|Counter||[still]\n|-fail|p2a: Illumise\n|\n|-weather|RainDance|[upkeep]\n|upkeep\n|turn|14\n|\n|t:|1700540804\n|move|p2a: Illumise|Seismic Toss|p1a: Primarina\n|-damage|p1a: Primarina|73\/100\n|-zpower|p1a: Primarina\n|move|p1a: Primarina|Oceanic Operetta|p2a: Illumise|[zeffect]\n|-damage|p2a: Illumise|0 fnt\n|faint|p2a: Illumise\n|\n|win|GHollow\n|raw|GHollow's rating: 1214 &rarr; <strong>1229<\/strong><br \/>(+15 for winning)\n|raw|Agricultural X-ray's rating: 1060 &rarr; <strong>1049<\/strong><br \/>(-11 for losing)\n|l|\u2606Agricultural X-ray\n","uploadtime":1700540816,"views":2,"p1id":"ghollow","p2id":"agriculturalxray","formatid":"gen9nationaldex","rating":1049,"private":0,"password":""}