{"id":"gen9nationaldex-1988358360","p1":"pikaplayer1001000","p2":"Cinajds","format":"[Gen 9] National Dex","log":"|j|\u2606pikaplayer1001000\n|j|\u2606Cinajds\n|t:|1699713547\n|gametype|singles\n|player|p1|pikaplayer1001000|red-gen2|1276\n|player|p2|Cinajds|cynthia-gen4|1172\n|teamsize|p1|6\n|teamsize|p2|6\n|gen|9\n|tier|[Gen 9] National Dex\n|rated|\n|rule|HP Percentage Mod: HP is shown in percentages\n|rule|Endless Battle Clause: Forcing endless battles is banned\n|rule|OHKO Clause: OHKO moves are banned\n|rule|Evasion Clause: Evasion abilities, items, and moves are banned\n|rule|Evasion Abilities Clause: Evasion abilities are banned\n|rule|Evasion Items Clause: Evasion items are banned\n|rule|Evasion Moves Clause: Evasion moves are banned\n|rule|Species Clause: Limit one of each Pok\u00e9mon\n|rule|Sleep Clause Mod: Limit one foe put to sleep\n|clearpoke\n|poke|p1|Kricketune, F|\n|poke|p1|Mawile, F|\n|poke|p1|Ninetales-Alola, M|\n|poke|p1|Ribombee, F|\n|poke|p1|Pawmot, M|\n|poke|p1|Tsareena, F|\n|poke|p2|Inteleon, F|\n|poke|p2|Corviknight, M|\n|poke|p2|Dubwool, F|\n|poke|p2|Obstagoon, F|\n|poke|p2|Coalossal, M|\n|poke|p2|Morpeko, F|\n|teampreview\n|inactive|Battle timer is ON: inactive players will automatically lose when time's up. (requested by pikaplayer1001000)\n|\n|t:|1699713561\n|start\n|switch|p1a: Ribombee|Ribombee, F|100\/100\n|switch|p2a: Corviknight|Corviknight, M|100\/100\n|turn|1\n|\n|t:|1699713564\n|move|p1a: Ribombee|Sticky Web|p2a: Corviknight\n|-sidestart|p2: Cinajds|move: Sticky Web\n|move|p2a: Corviknight|Iron Head|p1a: Ribombee\n|-supereffective|p1a: Ribombee\n|-enditem|p1a: Ribombee|Focus Sash\n|-damage|p1a: Ribombee|1\/100\n|\n|upkeep\n|turn|2\n|\n|t:|1699713566\n|move|p1a: Ribombee|Stun Spore|p2a: Corviknight\n|-status|p2a: Corviknight|par\n|cant|p2a: Corviknight|par\n|\n|upkeep\n|turn|3\n|\n|t:|1699713570\n|switch|p1a: Pawmot|Pawmot, M|100\/100\n|move|p2a: Corviknight|Iron Head|p1a: Pawmot\n|-resisted|p1a: Pawmot\n|-damage|p1a: Pawmot|70\/100\n|\n|upkeep\n|turn|4\n|\n|t:|1699713573\n|move|p1a: Pawmot|Double Shock|p2a: Corviknight\n|-supereffective|p2a: Corviknight\n|-damage|p2a: Corviknight|9\/100 par\n|-start|p1a: Pawmot|typechange|???\/Fighting|[from] move: Double Shock\n|cant|p2a: Corviknight|par\n|\n|upkeep\n|turn|5\n|\n|t:|1699713576\n|move|p1a: Pawmot|Close Combat|p2a: Corviknight\n|-crit|p2a: Corviknight\n|-damage|p2a: Corviknight|0 fnt\n|-unboost|p1a: Pawmot|def|1\n|-unboost|p1a: Pawmot|spd|1\n|faint|p2a: Corviknight\n|\n|upkeep\n|\n|t:|1699713588\n|switch|p2a: Morpeko|Morpeko, F|100\/100\n|-activate|p2a: Morpeko|move: Sticky Web\n|-unboost|p2a: Morpeko|spe|1\n|turn|6\n|\n|t:|1699713596\n|switch|p1a: Ninetales|Ninetales-Alola, M|100\/100\n|-weather|Snow|[from] ability: Snow Warning|[of] p1a: Ninetales\n|move|p2a: Morpeko|Aura Wheel|p1a: Ninetales\n|-damage|p1a: Ninetales|26\/100\n|-boost|p2a: Morpeko|spe|1\n|\n|-weather|Snow|[upkeep]\n|-formechange|p2a: Morpeko|Morpeko-Hangry||[from] ability: Hunger Switch\n|upkeep\n|turn|7\n|\n|t:|1699713599\n|move|p1a: Ninetales|Aurora Veil|p1a: Ninetales\n|-sidestart|p1: pikaplayer1001000|move: Aurora Veil\n|move|p2a: Morpeko|Aura Wheel|p1a: Ninetales\n|-resisted|p1a: Ninetales\n|-damage|p1a: Ninetales|9\/100\n|-boost|p2a: Morpeko|spe|1\n|\n|-weather|Snow|[upkeep]\n|-formechange|p2a: Morpeko|Morpeko||[from] ability: Hunger Switch\n|upkeep\n|turn|8\n|\n|t:|1699713604\n|move|p2a: Morpeko|Aura Wheel|p1a: Ninetales\n|-damage|p1a: Ninetales|0 fnt\n|-boost|p2a: Morpeko|spe|1\n|faint|p1a: Ninetales\n|\n|-weather|Snow|[upkeep]\n|-formechange|p2a: Morpeko|Morpeko-Hangry||[from] ability: Hunger Switch\n|upkeep\n|\n|t:|1699713605\n|switch|p1a: Tsareena|Tsareena, F|100\/100\n|turn|9\n|\n|t:|1699713608\n|move|p2a: Morpeko|Aura Wheel|p1a: Tsareena\n|-damage|p1a: Tsareena|59\/100\n|-boost|p2a: Morpeko|spe|1\n|-zpower|p1a: Tsareena\n|move|p1a: Tsareena|Z-Splash|p1a: Tsareena|[anim]Splash\n|-boost|p1a: Tsareena|atk|3|[zeffect]\n|-nothing\n|\n|-weather|Snow|[upkeep]\n|-formechange|p2a: Morpeko|Morpeko||[from] ability: Hunger Switch\n|upkeep\n|turn|10\n|\n|t:|1699713615\n|move|p2a: Morpeko|Aura Wheel|p1a: Tsareena\n|-resisted|p1a: Tsareena\n|-damage|p1a: Tsareena|40\/100\n|-boost|p2a: Morpeko|spe|1\n|move|p1a: Tsareena|Power Whip|p2a: Morpeko\n|-damage|p2a: Morpeko|0 fnt\n|faint|p2a: Morpeko\n|\n|-weather|none\n|upkeep\n|\n|t:|1699713619\n|switch|p2a: Inteleon|Inteleon, F|100\/100\n|-activate|p2a: Inteleon|move: Sticky Web\n|-unboost|p2a: Inteleon|spe|1\n|turn|11\n|\n|t:|1699713623\n|move|p1a: Tsareena|Power Whip|p2a: Inteleon|[miss]\n|-miss|p1a: Tsareena|p2a: Inteleon\n|move|p2a: Inteleon|Air Slash|p1a: Tsareena|[miss]\n|-miss|p2a: Inteleon|p1a: Tsareena\n|\n|upkeep\n|turn|12\n|\n|t:|1699713630\n|move|p1a: Tsareena|Power Whip|p2a: Inteleon\n|-supereffective|p2a: Inteleon\n|-enditem|p2a: Inteleon|Focus Sash\n|-damage|p2a: Inteleon|1\/100\n|move|p2a: Inteleon|Ice Beam|p1a: Tsareena\n|-supereffective|p1a: Tsareena\n|-crit|p1a: Tsareena\n|-damage|p1a: Tsareena|0 fnt\n|faint|p1a: Tsareena\n|\n|upkeep\n|\n|t:|1699713634\n|switch|p1a: Pawmot|Pawmot, M|70\/100\n|turn|13\n|\n|t:|1699713640\n|move|p1a: Pawmot|Mach Punch|p2a: Inteleon\n|-damage|p2a: Inteleon|0 fnt\n|faint|p2a: Inteleon\n|\n|upkeep\n|\n|t:|1699713648\n|switch|p2a: Dubwool|Dubwool, F|100\/100\n|-activate|p2a: Dubwool|move: Sticky Web\n|-unboost|p2a: Dubwool|spe|1\n|turn|14\n|\n|t:|1699713650\n|move|p1a: Pawmot|Close Combat|p2a: Dubwool\n|-supereffective|p2a: Dubwool\n|-enditem|p2a: Dubwool|Focus Sash\n|-damage|p2a: Dubwool|1\/100\n|-unboost|p1a: Pawmot|def|1\n|-unboost|p1a: Pawmot|spd|1\n|move|p2a: Dubwool|Zen Headbutt|p1a: Pawmot\n|-supereffective|p1a: Pawmot\n|-damage|p1a: Pawmot|17\/100\n|\n|-sideend|p1: pikaplayer1001000|move: Aurora Veil\n|upkeep\n|turn|15\n|\n|t:|1699713653\n|move|p1a: Pawmot|Revival Blessing|p1a: Pawmot\n|-enditem|p1a: Pawmot|Leppa Berry|[eat]\n|-activate|p1a: Pawmot|item: Leppa Berry|Revival Blessing|[consumed]\n|\n|t:|1699713655\n|-heal|p1: Tsareena|50\/100|[from] move: Revival Blessing\n|move|p2a: Dubwool|Zen Headbutt|p1a: Pawmot\n|-supereffective|p1a: Pawmot\n|-damage|p1a: Pawmot|0 fnt\n|faint|p1a: Pawmot\n|\n|upkeep\n|\n|t:|1699713657\n|switch|p1a: Tsareena|Tsareena, F|50\/100\n|turn|16\n|\n|t:|1699713662\n|move|p1a: Tsareena|Triple Axel|p2a: Dubwool\n|-damage|p2a: Dubwool|0 fnt\n|faint|p2a: Dubwool\n|-hitcount|p2: Dubwool|1\n|\n|upkeep\n|\n|t:|1699713666\n|switch|p2a: Obstagoon|Obstagoon, F|100\/100\n|-activate|p2a: Obstagoon|move: Sticky Web\n|-unboost|p2a: Obstagoon|spe|1\n|turn|17\n|\n|t:|1699713671\n|move|p1a: Tsareena|High Jump Kick|p2a: Obstagoon\n|-supereffective|p2a: Obstagoon\n|-damage|p2a: Obstagoon|0 fnt\n|faint|p2a: Obstagoon\n|\n|upkeep\n|\n|t:|1699713674\n|switch|p2a: Coalossal|Coalossal, M|100\/100\n|-activate|p2a: Coalossal|move: Sticky Web\n|-unboost|p2a: Coalossal|spe|1\n|turn|18\n|\n|t:|1699713683\n|-terastallize|p2a: Coalossal|Dragon\n|move|p1a: Tsareena|High Jump Kick|p2a: Coalossal\n|-damage|p2a: Coalossal|74\/100\n|move|p2a: Coalossal|Flamethrower|p1a: Tsareena\n|-supereffective|p1a: Tsareena\n|-damage|p1a: Tsareena|0 fnt\n|faint|p1a: Tsareena\n|\n|upkeep\n|\n|t:|1699713686\n|switch|p1a: Mawile|Mawile, F|100\/100\n|turn|19\n|\n|t:|1699713691\n|detailschange|p1a: Mawile|Mawile-Mega, F\n|-mega|p1a: Mawile|Mawile|Mawilite\n|move|p1a: Mawile|Play Rough|p2a: Coalossal\n|-supereffective|p2a: Coalossal\n|-damage|p2a: Coalossal|0 fnt\n|faint|p2a: Coalossal\n|\n|win|pikaplayer1001000\n|raw|pikaplayer1001000's rating: 1276 &rarr; <strong>1294<\/strong><br \/>(+18 for winning)\n|raw|Cinajds's rating: 1172 &rarr; <strong>1154<\/strong><br \/>(-18 for losing)\n","uploadtime":1699713693,"views":20,"p1id":"pikaplayer1001000","p2id":"cinajds","formatid":"gen9nationaldex","rating":1154,"private":0,"password":""}