{"id":"gen9nationaldex-1993418169","p1":"jky666","p2":"try try something","format":"[Gen 9] National Dex","log":"|j|\u2606jky666\n|j|\u2606try try something\n|t:|1700315254\n|gametype|singles\n|player|p1|jky666|266|1418\n|player|p2|try try something|red|1406\n|teamsize|p1|6\n|teamsize|p2|6\n|gen|9\n|tier|[Gen 9] National Dex\n|rated|\n|rule|HP Percentage Mod: HP is shown in percentages\n|rule|Endless Battle Clause: Forcing endless battles is banned\n|rule|OHKO Clause: OHKO moves are banned\n|rule|Evasion Clause: Evasion abilities, items, and moves are banned\n|rule|Evasion Abilities Clause: Evasion abilities are banned\n|rule|Evasion Items Clause: Evasion items are banned\n|rule|Evasion Moves Clause: Evasion moves are banned\n|rule|Species Clause: Limit one of each Pok\u00e9mon\n|rule|Sleep Clause Mod: Limit one foe put to sleep\n|clearpoke\n|poke|p1|Glimmora, F|\n|poke|p1|Great Tusk|\n|poke|p1|Moltres|\n|poke|p1|Alomomola, F|\n|poke|p1|Banette, F|\n|poke|p1|Tapu Lele|\n|poke|p2|Latias, F|\n|poke|p2|Ogerpon-Wellspring, F|\n|poke|p2|Samurott-Hisui, M|\n|poke|p2|Skeledirge, F|\n|poke|p2|Diancie|\n|poke|p2|Goodra-Hisui, F|\n|teampreview\n|inactive|Battle timer is ON: inactive players will automatically lose when time's up. (requested by try try something)\n|\n|t:|1700315263\n|start\n|switch|p1a: Glimmora|Glimmora, F|100\/100\n|switch|p2a: \u9b54\u6cd5\u516c\u4e3b\uff0c\u94bb\u77f3\u7f24\u7eb7|Diancie|100\/100\n|turn|1\n|\n|t:|1700315275\n|move|p1a: Glimmora|Earth Power|p2a: \u9b54\u6cd5\u516c\u4e3b\uff0c\u94bb\u77f3\u7f24\u7eb7\n|-supereffective|p2a: \u9b54\u6cd5\u516c\u4e3b\uff0c\u94bb\u77f3\u7f24\u7eb7\n|-damage|p2a: \u9b54\u6cd5\u516c\u4e3b\uff0c\u94bb\u77f3\u7f24\u7eb7|37\/100\n|move|p2a: \u9b54\u6cd5\u516c\u4e3b\uff0c\u94bb\u77f3\u7f24\u7eb7|Earth Power|p1a: Glimmora\n|-supereffective|p1a: Glimmora\n|-enditem|p1a: Glimmora|Focus Sash\n|-damage|p1a: Glimmora|1\/100\n|\n|upkeep\n|turn|2\n|\n|t:|1700315284\n|detailschange|p2a: \u9b54\u6cd5\u516c\u4e3b\uff0c\u94bb\u77f3\u7f24\u7eb7|Diancie-Mega\n|-mega|p2a: \u9b54\u6cd5\u516c\u4e3b\uff0c\u94bb\u77f3\u7f24\u7eb7|Diancie|Diancite\n|move|p2a: \u9b54\u6cd5\u516c\u4e3b\uff0c\u94bb\u77f3\u7f24\u7eb7|Earth Power|p1a: Glimmora\n|-supereffective|p1a: Glimmora\n|-damage|p1a: Glimmora|0 fnt\n|faint|p1a: Glimmora\n|\n|upkeep\n|\n|t:|1700315293\n|switch|p1a: Tapu Lele|Tapu Lele|100\/100\n|-fieldstart|move: Psychic Terrain|[from] ability: Psychic Surge|[of] p1a: Tapu Lele\n|turn|3\n|\n|t:|1700315301\n|switch|p2a: \u950b\u5229\u5251\u9b3c\uff0c\u79d8\u5251\u65a9\u6076|Samurott-Hisui, M, shiny|100\/100\n|move|p1a: Tapu Lele|Moonblast|p2a: \u950b\u5229\u5251\u9b3c\uff0c\u79d8\u5251\u65a9\u6076\n|-supereffective|p2a: \u950b\u5229\u5251\u9b3c\uff0c\u79d8\u5251\u65a9\u6076\n|-crit|p2a: \u950b\u5229\u5251\u9b3c\uff0c\u79d8\u5251\u65a9\u6076\n|-damage|p2a: \u950b\u5229\u5251\u9b3c\uff0c\u79d8\u5251\u65a9\u6076|0 fnt\n|faint|p2a: \u950b\u5229\u5251\u9b3c\uff0c\u79d8\u5251\u65a9\u6076\n|\n|upkeep\n|\n|t:|1700315309\n|switch|p2a: \u786c\u7532\u9732\u9f99\uff0c\u94dc\u5899\u94c1\u58c1|Goodra-Hisui, F|100\/100\n|turn|4\n|\n|t:|1700315318\n|switch|p1a: Alomomola|Alomomola, F|100\/100\n|move|p2a: \u786c\u7532\u9732\u9f99\uff0c\u94dc\u5899\u94c1\u58c1|Flash Cannon|p1a: Alomomola\n|-resisted|p1a: Alomomola\n|-damage|p1a: Alomomola|75\/100\n|\n|upkeep\n|turn|5\n|\n|t:|1700315324\n|move|p1a: Alomomola|Scald|p2a: \u786c\u7532\u9732\u9f99\uff0c\u94dc\u5899\u94c1\u58c1\n|-resisted|p2a: \u786c\u7532\u9732\u9f99\uff0c\u94dc\u5899\u94c1\u58c1\n|-damage|p2a: \u786c\u7532\u9732\u9f99\uff0c\u94dc\u5899\u94c1\u58c1|97\/100\n|move|p2a: \u786c\u7532\u9732\u9f99\uff0c\u94dc\u5899\u94c1\u58c1|Thunder|p1a: Alomomola\n|-supereffective|p1a: Alomomola\n|-damage|p1a: Alomomola|0 fnt\n|faint|p1a: Alomomola\n|\n|upkeep\n|\n|t:|1700315331\n|switch|p1a: Great Tusk|Great Tusk|100\/100\n|turn|6\n|\n|t:|1700315338\n|switch|p2a: \u98d8\u6d6e\u59b9\u59b9\uff0c\u666e\u6d4e\u4f17\u751f|Latias, F|100\/100\n|move|p1a: Great Tusk|Earthquake|p2a: \u98d8\u6d6e\u59b9\u59b9\uff0c\u666e\u6d4e\u4f17\u751f\n|-immune|p2a: \u98d8\u6d6e\u59b9\u59b9\uff0c\u666e\u6d4e\u4f17\u751f|[from] ability: Levitate\n|\n|upkeep\n|turn|7\n|\n|t:|1700315347\n|-end|p1a: Great Tusk|Protosynthesis|[silent]\n|switch|p1a: Moltres|Moltres|100\/100\n|move|p2a: \u98d8\u6d6e\u59b9\u59b9\uff0c\u666e\u6d4e\u4f17\u751f|Psychic|p1a: Moltres\n|-damage|p1a: Moltres|70\/100\n|\n|-fieldend|move: Psychic Terrain\n|upkeep\n|turn|8\n|\n|t:|1700315356\n|move|p2a: \u98d8\u6d6e\u59b9\u59b9\uff0c\u666e\u6d4e\u4f17\u751f|Psychic|p1a: Moltres\n|-crit|p1a: Moltres\n|-damage|p1a: Moltres|22\/100\n|move|p1a: Moltres|U-turn|p2a: \u98d8\u6d6e\u59b9\u59b9\uff0c\u666e\u6d4e\u4f17\u751f\n|-supereffective|p2a: \u98d8\u6d6e\u59b9\u59b9\uff0c\u666e\u6d4e\u4f17\u751f\n|-damage|p2a: \u98d8\u6d6e\u59b9\u59b9\uff0c\u666e\u6d4e\u4f17\u751f|61\/100\n|\n|t:|1700315360\n|switch|p1a: Banette|Banette, F|100\/100|[from] U-turn\n|\n|-heal|p2a: \u98d8\u6d6e\u59b9\u59b9\uff0c\u666e\u6d4e\u4f17\u751f|67\/100|[from] item: Leftovers\n|upkeep\n|turn|9\n|\n|t:|1700315373\n|detailschange|p1a: Banette|Banette-Mega, F\n|-mega|p1a: Banette|Banette|Banettite\n|move|p2a: \u98d8\u6d6e\u59b9\u59b9\uff0c\u666e\u6d4e\u4f17\u751f|Draco Meteor|p1a: Banette\n|-damage|p1a: Banette|34\/100\n|-unboost|p2a: \u98d8\u6d6e\u59b9\u59b9\uff0c\u666e\u6d4e\u4f17\u751f|spa|2\n|move|p1a: Banette|Knock Off|p2a: \u98d8\u6d6e\u59b9\u59b9\uff0c\u666e\u6d4e\u4f17\u751f\n|-supereffective|p2a: \u98d8\u6d6e\u59b9\u59b9\uff0c\u666e\u6d4e\u4f17\u751f\n|-damage|p2a: \u98d8\u6d6e\u59b9\u59b9\uff0c\u666e\u6d4e\u4f17\u751f|0 fnt\n|-enditem|p2a: \u98d8\u6d6e\u59b9\u59b9\uff0c\u666e\u6d4e\u4f17\u751f|Leftovers|[from] move: Knock Off|[of] p1a: Banette\n|faint|p2a: \u98d8\u6d6e\u59b9\u59b9\uff0c\u666e\u6d4e\u4f17\u751f\n|\n|upkeep\n|\n|t:|1700315383\n|switch|p2a: \u9b54\u6cd5\u516c\u4e3b\uff0c\u94bb\u77f3\u7f24\u7eb7|Diancie-Mega|37\/100\n|turn|10\n|\n|t:|1700315389\n|move|p1a: Banette|Destiny Bond|p1a: Banette\n|-singlemove|p1a: Banette|Destiny Bond\n|move|p2a: \u9b54\u6cd5\u516c\u4e3b\uff0c\u94bb\u77f3\u7f24\u7eb7|Moonblast|p1a: Banette\n|-damage|p1a: Banette|0 fnt\n|faint|p1a: Banette\n|-activate|p1a: Banette|move: Destiny Bond\n|faint|p2a: \u9b54\u6cd5\u516c\u4e3b\uff0c\u94bb\u77f3\u7f24\u7eb7\n|\n|upkeep\n|\n|t:|1700315403\n|switch|p2a: \u8f89\u6620\u692a\u692a\uff0c\u68d2\u5f11\u4f17\u795e|Ogerpon-Wellspring, F|100\/100\n|switch|p1a: Great Tusk|Great Tusk|100\/100\n|turn|11\n|\n|t:|1700315416\n|move|p2a: \u8f89\u6620\u692a\u692a\uff0c\u68d2\u5f11\u4f17\u795e|Trailblaze|p1a: Great Tusk\n|-supereffective|p1a: Great Tusk\n|-damage|p1a: Great Tusk|60\/100\n|-boost|p2a: \u8f89\u6620\u692a\u692a\uff0c\u68d2\u5f11\u4f17\u795e|spe|1\n|move|p1a: Great Tusk|Rapid Spin|p2a: \u8f89\u6620\u692a\u692a\uff0c\u68d2\u5f11\u4f17\u795e\n|-damage|p2a: \u8f89\u6620\u692a\u692a\uff0c\u68d2\u5f11\u4f17\u795e|77\/100\n|-boost|p1a: Great Tusk|spe|1\n|\n|upkeep\n|turn|12\n|\n|t:|1700315426\n|-end|p1a: Great Tusk|Protosynthesis|[silent]\n|switch|p1a: Moltres|Moltres|22\/100\n|move|p2a: \u8f89\u6620\u692a\u692a\uff0c\u68d2\u5f11\u4f17\u795e|Horn Leech|p1a: Moltres\n|-resisted|p1a: Moltres\n|-damage|p1a: Moltres|10\/100\n|-heal|p2a: \u8f89\u6620\u692a\u692a\uff0c\u68d2\u5f11\u4f17\u795e|85\/100|[from] drain|[of] p1a: Moltres\n|\n|upkeep\n|turn|13\n|\n|t:|1700315437\n|-terastallize|p2a: \u8f89\u6620\u692a\u692a\uff0c\u68d2\u5f11\u4f17\u795e|Water\n|detailschange|p2a: \u8f89\u6620\u692a\u692a\uff0c\u68d2\u5f11\u4f17\u795e|Ogerpon-Wellspring-Tera, F, tera:Water\n|-ability|p2a: \u8f89\u6620\u692a\u692a\uff0c\u68d2\u5f11\u4f17\u795e|Embody Aspect (Wellspring)|boost\n|-boost|p2a: \u8f89\u6620\u692a\u692a\uff0c\u68d2\u5f11\u4f17\u795e|spd|1\n|move|p2a: \u8f89\u6620\u692a\u692a\uff0c\u68d2\u5f11\u4f17\u795e|Ivy Cudgel|p1a: Moltres|[anim] Ivy Cudgel Water\n|-supereffective|p1a: Moltres\n|-damage|p1a: Moltres|0 fnt\n|faint|p1a: Moltres\n|\n|upkeep\n|\n|t:|1700315444\n|switch|p1a: Tapu Lele|Tapu Lele|100\/100\n|-fieldstart|move: Psychic Terrain|[from] ability: Psychic Surge|[of] p1a: Tapu Lele\n|turn|14\n|inactive|try try something has 120 seconds left.\n|\n|t:|1700315483\n|-terastallize|p1a: Tapu Lele|Psychic\n|move|p2a: \u8f89\u6620\u692a\u692a\uff0c\u68d2\u5f11\u4f17\u795e|Ivy Cudgel|p1a: Tapu Lele|[anim] Ivy Cudgel Water\n|-damage|p1a: Tapu Lele|0 fnt\n|faint|p1a: Tapu Lele\n|\n|upkeep\n|-message|jky666 forfeited.\n|\n|win|try try something\n|raw|jky666's rating: 1418 &rarr; <strong>1397<\/strong><br \/>(-21 for losing)\n|raw|try try something's rating: 1406 &rarr; <strong>1427<\/strong><br \/>(+21 for winning)\n|l|\u2606jky666\n|j| aokong\n|l| aokong\n|j| aokong\n","uploadtime":1700316105,"views":13,"p1id":"jky666","p2id":"trytrysomething","formatid":"gen9nationaldex","rating":1397,"private":0,"password":""}