{"id":"gen9nationaldex-1997105229","p1":"Showdown-Shelgon","p2":"JJLaughs","format":"[Gen 9] National Dex","log":"|html|<div class=\"broadcast-blue\"><strong>[Gen 9] National Dex is currently suspecting Sneasler! For information on how to participate check out the <a href=\"https:\/\/www.smogon.com\/forums\/threads\/sv-national-dex-suspect-8-just-dance.3731534\/\">suspect thread<\/a>.<\/strong><\/div>\n|j|\u2606Showdown-Shelgon\n|j|\u2606JJLaughs\n|t:|1700765017\n|gametype|singles\n|player|p1|Showdown-Shelgon|unknown|1029\n|player|p2|JJLaughs|1|1000\n|teamsize|p1|6\n|teamsize|p2|6\n|gen|9\n|tier|[Gen 9] National Dex\n|rated|\n|rule|HP Percentage Mod: HP is shown in percentages\n|rule|Endless Battle Clause: Forcing endless battles is banned\n|rule|OHKO Clause: OHKO moves are banned\n|rule|Evasion Clause: Evasion abilities, items, and moves are banned\n|rule|Evasion Abilities Clause: Evasion abilities are banned\n|rule|Evasion Items Clause: Evasion items are banned\n|rule|Evasion Moves Clause: Evasion moves are banned\n|rule|Species Clause: Limit one of each Pok\u00e9mon\n|rule|Sleep Clause Mod: Limit one foe put to sleep\n|clearpoke\n|poke|p1|Jolteon, M|\n|poke|p1|Umbreon, F|\n|poke|p1|Vaporeon, M|\n|poke|p1|Sylveon, F|\n|poke|p1|Espeon, F|\n|poke|p1|Leafeon, F|\n|poke|p2|Tentacruel, F|\n|poke|p2|Beedrill, F|\n|poke|p2|Roserade, F|\n|poke|p2|Garbodor, M|\n|poke|p2|Nidoqueen, F|\n|poke|p2|Toxtricity, M|\n|teampreview\n|\n|t:|1700765023\n|start\n|switch|p1a: Blitzeinschlag|Jolteon, M|100\/100\n|switch|p2a: Tentacruel|Tentacruel, F|100\/100\n|turn|1\n|inactive|Battle timer is ON: inactive players will automatically lose when time's up. (requested by Showdown-Shelgon)\n|\n|t:|1700765033\n|move|p1a: Blitzeinschlag|Volt Switch|p2a: Tentacruel\n|-supereffective|p2a: Tentacruel\n|-damage|p2a: Tentacruel|24\/100\n|c|\u2606Showdown-Shelgon|Hey \ud83d\ude01 a good friend of mine has a small YT channel where there are Pok\u00e9mon videos. I would be happy if you take a look \u263a\ufe0f\n|c|\u2606Showdown-Shelgon|https:\/\/youtu.be\/g0JrcNRKkYY?si=HKCdwIw1a-GVcdzj\n|\n|t:|1700765040\n|switch|p1a: Psychopathin|Espeon, F|100\/100|[from] Volt Switch\n|move|p2a: Tentacruel|Reflect|p2a: Tentacruel\n|-sidestart|p2: JJLaughs|Reflect\n|\n|upkeep\n|turn|2\n|\n|t:|1700765048\n|move|p2a: Tentacruel|Toxic|p1a: Psychopathin\n|move|p1a: Psychopathin|Toxic|p2a: Tentacruel|[from]ability: Magic Bounce\n|-immune|p2a: Tentacruel\n|move|p1a: Psychopathin|Light Screen|p1a: Psychopathin\n|-sidestart|p1: Showdown-Shelgon|move: Light Screen\n|\n|upkeep\n|turn|3\n|\n|t:|1700765063\n|move|p2a: Tentacruel|Acid Spray|p1a: Psychopathin\n|-damage|p1a: Psychopathin|95\/100\n|-unboost|p1a: Psychopathin|spd|2\n|move|p1a: Psychopathin|Reflect|p1a: Psychopathin\n|-sidestart|p1: Showdown-Shelgon|Reflect\n|\n|upkeep\n|turn|4\n|inactive|Showdown-Shelgon has 120 seconds left.\n|\n|t:|1700765095\n|switch|p2a: Beedrill|Beedrill, F|100\/100\n|move|p1a: Psychopathin|Psyshock|p2a: Beedrill\n|-supereffective|p2a: Beedrill\n|-damage|p2a: Beedrill|0 fnt\n|faint|p2a: Beedrill\n|\n|upkeep\n|inactive|JJLaughs has 120 seconds left.\n|\n|t:|1700765124\n|switch|p2a: Garbodor|Garbodor, M|100\/100\n|turn|5\n|\n|t:|1700765129\n|move|p1a: Psychopathin|Psyshock|p2a: Garbodor\n|-supereffective|p2a: Garbodor\n|-damage|p2a: Garbodor|13\/100\n|move|p2a: Garbodor|Stockpile|p2a: Garbodor\n|-start|p2a: Garbodor|stockpile1\n|-boost|p2a: Garbodor|def|1\n|-boost|p2a: Garbodor|spd|1\n|\n|upkeep\n|turn|6\n|inactive|JJLaughs has 120 seconds left.\n|\n|t:|1700765141\n|move|p1a: Psychopathin|Psyshock|p2a: Garbodor\n|-supereffective|p2a: Garbodor\n|-crit|p2a: Garbodor\n|-damage|p2a: Garbodor|0 fnt\n|faint|p2a: Garbodor\n|\n|upkeep\n|\n|t:|1700765146\n|switch|p2a: Tentacruel|Tentacruel, F|24\/100\n|turn|7\n|\n|t:|1700765148\n|move|p2a: Tentacruel|Toxic|p1a: Psychopathin\n|move|p1a: Psychopathin|Toxic|p2a: Tentacruel|[from]ability: Magic Bounce\n|-immune|p2a: Tentacruel\n|move|p1a: Psychopathin|Psyshock|p2a: Tentacruel\n|-supereffective|p2a: Tentacruel\n|-damage|p2a: Tentacruel|0 fnt\n|faint|p2a: Tentacruel\n|\n|upkeep\n|inactive|JJLaughs has 120 seconds left.\n|\n|t:|1700765168\n|switch|p2a: Nidoqueen|Nidoqueen, F|100\/100\n|turn|8\n|inactive|JJLaughs has 120 seconds left.\n|\n|t:|1700765193\n|move|p1a: Psychopathin|Psyshock|p2a: Nidoqueen\n|-supereffective|p2a: Nidoqueen\n|-damage|p2a: Nidoqueen|47\/100\n|move|p2a: Nidoqueen|Shadow Claw|p1a: Psychopathin\n|-supereffective|p1a: Psychopathin\n|-crit|p1a: Psychopathin\n|-damage|p1a: Psychopathin|29\/100\n|\n|-sideend|p2: JJLaughs|Reflect\n|upkeep\n|turn|9\n|\n|t:|1700765202\n|move|p1a: Psychopathin|Psyshock|p2a: Nidoqueen\n|-supereffective|p2a: Nidoqueen\n|-damage|p2a: Nidoqueen|0 fnt\n|faint|p2a: Nidoqueen\n|\n|-sideend|p1: Showdown-Shelgon|move: Light Screen\n|upkeep\n|\n|t:|1700765213\n|switch|p2a: Toxtricity|Toxtricity, M|100\/100\n|-item|p2a: Toxtricity|Air Balloon\n|turn|10\n|\n|t:|1700765218\n|move|p1a: Psychopathin|Psyshock|p2a: Toxtricity\n|-supereffective|p2a: Toxtricity\n|-damage|p2a: Toxtricity|0 fnt\n|-enditem|p2a: Toxtricity|Air Balloon\n|faint|p2a: Toxtricity\n|\n|-sideend|p1: Showdown-Shelgon|Reflect\n|upkeep\n|inactive|JJLaughs has 120 seconds left.\n|\n|t:|1700765224\n|switch|p2a: Roserade|Roserade, F|100\/100\n|turn|11\n|\n|t:|1700765229\n|move|p1a: Psychopathin|Psyshock|p2a: Roserade\n|-supereffective|p2a: Roserade\n|-damage|p2a: Roserade|0 fnt\n|faint|p2a: Roserade\n|\n|win|Showdown-Shelgon\n|raw|Showdown-Shelgon's rating: 1029 &rarr; <strong>1062<\/strong><br \/>(+33 for winning)\n|raw|JJLaughs's rating: 1000 &rarr; <strong>1000<\/strong><br \/>(+0 for losing)\n|l|\u2606JJLaughs\n","uploadtime":1700765242,"views":3,"p1id":"showdownshelgon","p2id":"jjlaughs","formatid":"gen9nationaldex","rating":1000,"private":0,"password":""}