{"id":"gen9nationaldex-1992328123","p1":"jgjvg","p2":"Kerbecs Adiot","format":"[Gen 9] National Dex","log":"|j|\u2606jgjvg\n|j|\u2606Kerbecs Adiot\n|t:|1700175156\n|gametype|singles\n|player|p1|jgjvg|veteran|1046\n|player|p2|Kerbecs Adiot|grimsley|1108\n|teamsize|p1|6\n|teamsize|p2|6\n|gen|9\n|tier|[Gen 9] National Dex\n|rated|\n|rule|HP Percentage Mod: HP is shown in percentages\n|rule|Endless Battle Clause: Forcing endless battles is banned\n|rule|OHKO Clause: OHKO moves are banned\n|rule|Evasion Clause: Evasion abilities, items, and moves are banned\n|rule|Evasion Abilities Clause: Evasion abilities are banned\n|rule|Evasion Items Clause: Evasion items are banned\n|rule|Evasion Moves Clause: Evasion moves are banned\n|rule|Species Clause: Limit one of each Pok\u00e9mon\n|rule|Sleep Clause Mod: Limit one foe put to sleep\n|clearpoke\n|poke|p1|Pyukumuku, M|\n|poke|p1|Aron, L1, F|\n|poke|p1|Slurpuff, M|\n|poke|p1|Kommo-o, M|\n|poke|p1|Pineco, L1, M|\n|poke|p1|Eiscue, F|\n|poke|p2|Zoroark, M|\n|poke|p2|Krookodile, M|\n|poke|p2|Scrafty, F|\n|poke|p2|Bisharp, F|\n|poke|p2|Mandibuzz, F|\n|poke|p2|Hydreigon, M|\n|teampreview\n|inactive|Battle timer is ON: inactive players will automatically lose when time's up. (requested by Kerbecs Adiot)\n|\n|t:|1700175163\n|start\n|switch|p1a: Pineco|Pineco, L1, M|100\/100\n|switch|p2a: Hydreigon|Hydreigon, M|100\/100\n|turn|1\n|\n|t:|1700175170\n|move|p2a: Hydreigon|Dragon Dance|p2a: Hydreigon\n|-boost|p2a: Hydreigon|atk|1\n|-boost|p2a: Hydreigon|spe|1\n|move|p1a: Pineco|Toxic Spikes|p2a: Hydreigon\n|-sidestart|p2: Kerbecs Adiot|move: Toxic Spikes\n|\n|upkeep\n|turn|2\n|\n|t:|1700175174\n|move|p2a: Hydreigon|Earthquake|p1a: Pineco\n|-resisted|p1a: Pineco\n|-ability|p1a: Pineco|Sturdy\n|-damage|p1a: Pineco|9\/100\n|-enditem|p1a: Pineco|Berry Juice\n|-heal|p1a: Pineco|100\/100|[from] item: Berry Juice\n|move|p1a: Pineco|Toxic|p2a: Hydreigon\n|-status|p2a: Hydreigon|tox\n|\n|-damage|p2a: Hydreigon|94\/100 tox|[from] psn\n|upkeep\n|turn|3\n|\n|t:|1700175187\n|move|p2a: Hydreigon|Earthquake|p1a: Pineco\n|-resisted|p1a: Pineco\n|-ability|p1a: Pineco|Sturdy\n|-damage|p1a: Pineco|9\/100\n|move|p1a: Pineco|Toxic Spikes|p2a: Hydreigon\n|-sidestart|p2: Kerbecs Adiot|move: Toxic Spikes\n|\n|-damage|p2a: Hydreigon|82\/100 tox|[from] psn\n|upkeep\n|turn|4\n|\n|t:|1700175193\n|move|p2a: Hydreigon|Earthquake|p1a: Pineco\n|-resisted|p1a: Pineco\n|-damage|p1a: Pineco|0 fnt\n|faint|p1a: Pineco\n|\n|-damage|p2a: Hydreigon|64\/100 tox|[from] psn\n|upkeep\n|\n|t:|1700175197\n|switch|p1a: Aron|Aron, L1, F|100\/100\n|turn|5\n|\n|t:|1700175201\n|move|p2a: Hydreigon|Thunder Wave|p1a: Aron\n|-status|p1a: Aron|par\n|cant|p1a: Aron|par\n|\n|-damage|p2a: Hydreigon|39\/100 tox|[from] psn\n|upkeep\n|turn|6\n|\n|t:|1700175207\n|move|p2a: Hydreigon|Earthquake|p1a: Aron\n|-supereffective|p1a: Aron\n|-ability|p1a: Aron|Sturdy\n|-damage|p1a: Aron|9\/100 par\n|move|p1a: Aron|Endeavor|p2a: Hydreigon\n|-damage|p2a: Hydreigon|1\/100 tox\n|-heal|p1a: Aron|100\/100 par|[from] item: Shell Bell|[of] p2a: Hydreigon\n|\n|-damage|p2a: Hydreigon|0 fnt|[from] psn\n|faint|p2a: Hydreigon\n|upkeep\n|\n|t:|1700175210\n|switch|p2a: Mandibuzz|Mandibuzz, F|100\/100\n|turn|7\n|\n|t:|1700175220\n|switch|p1a: Pyukumuku|Pyukumuku, M|100\/100\n|move|p2a: Mandibuzz|Defog|p1a: Pyukumuku\n|-unboost|p1a: Pyukumuku|evasion|1\n|-sideend|p2: Kerbecs Adiot|Toxic Spikes|[from] move: Defog|[of] p2a: Mandibuzz\n|\n|upkeep\n|turn|8\n|\n|t:|1700175233\n|switch|p2a: Krookodile|Krookodile, M|100\/100\n|move|p1a: Pyukumuku|Toxic|p2a: Krookodile|[miss]\n|-miss|p1a: Pyukumuku|p2a: Krookodile\n|\n|upkeep\n|turn|9\n|\n|t:|1700175241\n|move|p2a: Krookodile|Body Slam|p1a: Pyukumuku\n|-crit|p1a: Pyukumuku\n|-damage|p1a: Pyukumuku|70\/100\n|move|p1a: Pyukumuku|Toxic|p2a: Krookodile|[miss]\n|-miss|p1a: Pyukumuku|p2a: Krookodile\n|\n|-heal|p1a: Pyukumuku|76\/100|[from] item: Leftovers\n|upkeep\n|turn|10\n|\n|t:|1700175247\n|move|p2a: Krookodile|Body Slam|p1a: Pyukumuku\n|-damage|p1a: Pyukumuku|57\/100\n|move|p1a: Pyukumuku|Toxic|p2a: Krookodile\n|-status|p2a: Krookodile|tox\n|\n|-heal|p1a: Pyukumuku|63\/100|[from] item: Leftovers\n|-damage|p2a: Krookodile|94\/100 tox|[from] psn\n|upkeep\n|turn|11\n|\n|t:|1700175255\n|move|p2a: Krookodile|Body Slam|p1a: Pyukumuku\n|-damage|p1a: Pyukumuku|44\/100\n|-status|p1a: Pyukumuku|par\n|move|p1a: Pyukumuku|Recover|p1a: Pyukumuku\n|-heal|p1a: Pyukumuku|94\/100 par\n|\n|-heal|p1a: Pyukumuku|99\/100 par|[from] item: Leftovers\n|-damage|p2a: Krookodile|82\/100 tox|[from] psn\n|upkeep\n|turn|12\n|\n|t:|1700175265\n|move|p2a: Krookodile|Earthquake|p1a: Pyukumuku\n|-damage|p1a: Pyukumuku|65\/100 par\n|move|p1a: Pyukumuku|Counter|p2a: Krookodile\n|-damage|p2a: Krookodile|15\/100 tox\n|\n|-heal|p1a: Pyukumuku|71\/100 par|[from] item: Leftovers\n|-damage|p2a: Krookodile|0 fnt|[from] psn\n|faint|p2a: Krookodile\n|upkeep\n|\n|t:|1700175270\n|switch|p2a: Bisharp|Bisharp, F|100\/100\n|turn|13\n|\n|t:|1700175279\n|move|p2a: Bisharp|Trick|p1a: Pyukumuku\n|-activate|p2a: Bisharp|move: Trick|[of] p1a: Pyukumuku\n|-item|p1a: Pyukumuku|Choice Specs|[from] move: Trick\n|-item|p2a: Bisharp|Leftovers|[from] move: Trick\n|move|p1a: Pyukumuku|Recover|p1a: Pyukumuku\n|-heal|p1a: Pyukumuku|100\/100 par\n|\n|upkeep\n|turn|14\n|\n|t:|1700175295\n|switch|p1a: Slurpuff|Slurpuff, M|100\/100\n|move|p2a: Bisharp|Calm Mind|p2a: Bisharp\n|-boost|p2a: Bisharp|spa|1\n|-boost|p2a: Bisharp|spd|1\n|\n|upkeep\n|turn|15\n|\n|t:|1700175307\n|move|p2a: Bisharp|Flamethrower|p1a: Slurpuff\n|-damage|p1a: Slurpuff|50\/100\n|move|p1a: Slurpuff|Yawn|p2a: Bisharp\n|-start|p2a: Bisharp|move: Yawn|[of] p1a: Slurpuff\n|\n|upkeep\n|turn|16\n|\n|t:|1700175315\n|move|p2a: Bisharp|Flamethrower|p1a: Slurpuff\n|-crit|p1a: Slurpuff\n|-damage|p1a: Slurpuff|0 fnt\n|faint|p1a: Slurpuff\n|\n|-end|p2a: Bisharp|move: Yawn|[silent]\n|-status|p2a: Bisharp|slp\n|upkeep\n|\n|t:|1700175320\n|switch|p1a: Eiscue|Eiscue, F|100\/100\n|turn|17\n|\n|t:|1700175330\n|cant|p2a: Bisharp|slp\n|move|p1a: Eiscue|Substitute|p1a: Eiscue\n|-start|p1a: Eiscue|Substitute\n|-damage|p1a: Eiscue|75\/100\n|\n|upkeep\n|turn|18\n|\n|t:|1700175334\n|cant|p2a: Bisharp|slp\n|move|p1a: Eiscue|Belly Drum|p1a: Eiscue\n|-damage|p1a: Eiscue|25\/100\n|-setboost|p1a: Eiscue|atk|6|[from] move: Belly Drum\n|-enditem|p1a: Eiscue|Salac Berry|[eat]\n|-boost|p1a: Eiscue|spe|1|[from] item: Salac Berry\n|\n|upkeep\n|turn|19\n|\n|t:|1700175343\n|cant|p2a: Bisharp|slp\n|move|p1a: Eiscue|Reversal|p2a: Bisharp\n|-supereffective|p2a: Bisharp\n|-damage|p2a: Bisharp|0 fnt\n|replace|p2a: Zoroark|Zoroark, M\n|-end|p2a: Zoroark|Illusion\n|faint|p2a: Zoroark\n|\n|upkeep\n|\n|t:|1700175346\n|switch|p2a: Scrafty|Scrafty, F|100\/100\n|turn|20\n|\n|t:|1700175363\n|move|p2a: Scrafty|Fake Out|p1a: Eiscue\n|-activate|p1a: Eiscue|move: Substitute|[damage]\n|move|p1a: Eiscue|Reversal|p2a: Scrafty\n|-supereffective|p2a: Scrafty\n|-crit|p2a: Scrafty\n|-enditem|p2a: Scrafty|Focus Sash\n|-damage|p2a: Scrafty|1\/100\n|\n|upkeep\n|turn|21\n|\n|t:|1700175374\n|move|p1a: Eiscue|Ice Spinner|p2a: Scrafty\n|-damage|p2a: Scrafty|0 fnt\n|faint|p2a: Scrafty\n|\n|upkeep\n|\n|t:|1700175379\n|switch|p2a: Bisharp|Bisharp, F|100\/100\n|turn|22\n|\n|t:|1700175389\n|-terastallize|p2a: Bisharp|Ghost\n|move|p1a: Eiscue|Reversal|p2a: Bisharp\n|-immune|p2a: Bisharp\n|move|p2a: Bisharp|Power-Up Punch|p1a: Eiscue\n|-supereffective|p1a: Eiscue\n|-end|p1a: Eiscue|Substitute\n|-boost|p2a: Bisharp|atk|1\n|\n|upkeep\n|turn|23\n|\n|t:|1700175399\n|move|p1a: Eiscue|Ice Spinner|p2a: Bisharp\n|-damage|p2a: Bisharp|22\/100\n|move|p2a: Bisharp|Rock Polish|p2a: Bisharp\n|-boost|p2a: Bisharp|spe|2\n|\n|upkeep\n|turn|24\n|\n|t:|1700175404\n|move|p2a: Bisharp|Iron Head|p1a: Eiscue\n|-activate|p1a: Eiscue|ability: Ice Face\n|-damage|p1a: Eiscue|25\/100\n|detailschange|p1a: Eiscue|Eiscue-Noice, F\n|move|p1a: Eiscue|Ice Spinner|p2a: Bisharp\n|-damage|p2a: Bisharp|0 fnt\n|faint|p2a: Bisharp\n|\n|upkeep\n|\n|t:|1700175408\n|switch|p2a: Mandibuzz|Mandibuzz, F|100\/100\n|turn|25\n|\n|t:|1700175415\n|move|p1a: Eiscue|Ice Spinner|p2a: Mandibuzz\n|-supereffective|p2a: Mandibuzz\n|-damage|p2a: Mandibuzz|0 fnt\n|faint|p2a: Mandibuzz\n|\n|win|jgjvg\n|raw|jgjvg's rating: 1046 &rarr; <strong>1085<\/strong><br \/>(+39 for winning)\n|raw|Kerbecs Adiot's rating: 1108 &rarr; <strong>1079<\/strong><br \/>(-29 for losing)\n|l|\u2606Kerbecs Adiot\n|c|\u2606jgjvg|Gg\n","uploadtime":1700175428,"views":4,"p1id":"jgjvg","p2id":"kerbecsadiot","formatid":"gen9nationaldex","rating":1079,"private":0,"password":""}