{"id":"gen9nationaldex-1997263088","p1":"Dinumata","p2":"ElAlvaroNFT","format":"[Gen 9] National Dex","log":"|html|<div class=\"broadcast-blue\"><strong>[Gen 9] National Dex is currently suspecting Sneasler! For information on how to participate check out the <a href=\"https:\/\/www.smogon.com\/forums\/threads\/sv-national-dex-suspect-8-just-dance.3731534\/\">suspect thread<\/a>.<\/strong><\/div>\n|j|\u2606Dinumata\n|j|\u2606ElAlvaroNFT\n|t:|1700781949\n|gametype|singles\n|player|p1|Dinumata|red|\n|player|p2|ElAlvaroNFT|ghetsis|\n|teamsize|p1|6\n|teamsize|p2|6\n|gen|9\n|tier|[Gen 9] National Dex\n|rule|HP Percentage Mod: HP is shown in percentages\n|rule|Endless Battle Clause: Forcing endless battles is banned\n|rule|OHKO Clause: OHKO moves are banned\n|rule|Evasion Clause: Evasion abilities, items, and moves are banned\n|rule|Evasion Abilities Clause: Evasion abilities are banned\n|rule|Evasion Items Clause: Evasion items are banned\n|rule|Evasion Moves Clause: Evasion moves are banned\n|rule|Species Clause: Limit one of each Pok\u00e9mon\n|rule|Sleep Clause Mod: Limit one foe put to sleep\n|clearpoke\n|poke|p1|Lopunny, F|\n|poke|p1|Nihilego|\n|poke|p1|Goodra-Hisui, M|\n|poke|p1|Typhlosion, F|\n|poke|p1|Corviknight, F|\n|poke|p1|Sylveon, M|\n|poke|p2|Charizard, M|\n|poke|p2|Gliscor, M|\n|poke|p2|Hydreigon, M|\n|poke|p2|Weavile, M|\n|poke|p2|Xurkitree|\n|poke|p2|Volcarona, F|\n|teampreview\n|\n|t:|1700781981\n|start\n|switch|p1a: Lopunny|Lopunny, F|100\/100\n|switch|p2a: Charizard|Charizard, M|100\/100\n|turn|1\n|\n|t:|1700781989\n|switch|p2a: Volcarona|Volcarona, F|100\/100\n|detailschange|p1a: Lopunny|Lopunny-Mega, F\n|-mega|p1a: Lopunny|Lopunny|Lopunnite\n|move|p1a: Lopunny|Fake Out|p2a: Volcarona\n|-damage|p2a: Volcarona|68\/100\n|-status|p1a: Lopunny|brn|[from] ability: Flame Body|[of] p2a: Volcarona\n|\n|-damage|p1a: Lopunny|95\/100 brn|[from] brn\n|upkeep\n|turn|2\n|\n|t:|1700782003\n|move|p1a: Lopunny|U-turn|p2a: Volcarona\n|-resisted|p2a: Volcarona\n|-damage|p2a: Volcarona|59\/100\n|\n|t:|1700782011\n|switch|p1a: Typhlosion|Typhlosion, F|100\/100|[from] U-turn\n|move|p2a: Volcarona|Quiver Dance|p2a: Volcarona\n|-boost|p2a: Volcarona|spa|1\n|-boost|p2a: Volcarona|spd|1\n|-boost|p2a: Volcarona|spe|1\n|\n|upkeep\n|turn|3\n|\n|t:|1700782034\n|-terastallize|p1a: Typhlosion|Ground\n|move|p2a: Volcarona|Fiery Dance|p1a: Typhlosion\n|-start|p1a: Typhlosion|ability: Flash Fire\n|move|p1a: Typhlosion|Tera Blast|p2a: Volcarona|[anim] Tera Blast Ground\n|-damage|p2a: Volcarona|29\/100\n|\n|upkeep\n|turn|4\n|\n|t:|1700782043\n|move|p1a: Typhlosion|Tera Blast|p2a: Volcarona|[anim] Tera Blast Ground\n|-damage|p2a: Volcarona|0 fnt\n|faint|p2a: Volcarona\n|\n|upkeep\n|\n|t:|1700782050\n|switch|p2a: Hydreigon|Hydreigon, M|100\/100\n|turn|5\n|\n|t:|1700782056\n|-end|p1a: Typhlosion|ability: Flash Fire|[silent]\n|switch|p1a: Sylveon|Sylveon, M|100\/100\n|move|p2a: Hydreigon|Nasty Plot|p2a: Hydreigon\n|-boost|p2a: Hydreigon|spa|2\n|\n|upkeep\n|turn|6\n|\n|t:|1700782064\n|-terastallize|p2a: Hydreigon|Steel\n|move|p2a: Hydreigon|Flash Cannon|p1a: Sylveon\n|-supereffective|p1a: Sylveon\n|-damage|p1a: Sylveon|21\/100\n|move|p1a: Sylveon|Hyper Voice|p2a: Hydreigon\n|-resisted|p2a: Hydreigon\n|-damage|p2a: Hydreigon|78\/100\n|\n|-heal|p2a: Hydreigon|84\/100|[from] item: Leftovers\n|-heal|p1a: Sylveon|27\/100|[from] item: Leftovers\n|upkeep\n|turn|7\n|\n|t:|1700782081\n|move|p2a: Hydreigon|Flash Cannon|p1a: Sylveon\n|-supereffective|p1a: Sylveon\n|-damage|p1a: Sylveon|0 fnt\n|faint|p1a: Sylveon\n|\n|-heal|p2a: Hydreigon|90\/100|[from] item: Leftovers\n|upkeep\n|\n|t:|1700782083\n|switch|p1a: Typhlosion|Typhlosion, F, tera:Ground|100\/100\n|turn|8\n|\n|t:|1700782091\n|switch|p2a: Charizard|Charizard, M|100\/100\n|move|p1a: Typhlosion|Eruption|p2a: Charizard\n|-resisted|p2a: Charizard\n|-damage|p2a: Charizard|52\/100\n|\n|upkeep\n|turn|9\n|\n|t:|1700782103\n|switch|p1a: Lopunny|Lopunny-Mega, F|95\/100 brn\n|move|p2a: Charizard|Dragon Dance|p2a: Charizard\n|-boost|p2a: Charizard|atk|1\n|-boost|p2a: Charizard|spe|1\n|\n|-damage|p1a: Lopunny|89\/100 brn|[from] brn\n|upkeep\n|turn|10\n|\n|t:|1700782113\n|detailschange|p2a: Charizard|Charizard-Mega-X, M\n|-mega|p2a: Charizard|Charizard|Charizardite X\n|move|p1a: Lopunny|Fake Out|p2a: Charizard\n|-damage|p2a: Charizard|41\/100\n|cant|p2a: Charizard|flinch\n|\n|-damage|p1a: Lopunny|83\/100 brn|[from] brn\n|upkeep\n|turn|11\n|\n|t:|1700782123\n|move|p2a: Charizard|Dragon Claw|p1a: Lopunny\n|-damage|p1a: Lopunny|0 fnt\n|faint|p1a: Lopunny\n|\n|upkeep\n|\n|t:|1700782132\n|switch|p1a: Typhlosion|Typhlosion, F, tera:Ground|100\/100\n|turn|12\n|\n|t:|1700782146\n|switch|p2a: Gliscor|Gliscor, M|100\/100\n|move|p1a: Typhlosion|Tera Blast|p2a: Gliscor|[anim] Tera Blast Ground\n|-immune|p2a: Gliscor\n|\n|-status|p2a: Gliscor|tox|[from] item: Toxic Orb\n|upkeep\n|turn|13\n|\n|t:|1700782155\n|switch|p1a: Goodra|Goodra-Hisui, M|100\/100\n|switch|p2a: Xurkitree|Xurkitree|100\/100\n|\n|upkeep\n|turn|14\n|\n|t:|1700782169\n|switch|p2a: Hydreigon|Hydreigon, M, tera:Steel|90\/100\n|move|p1a: Goodra|Draco Meteor|p2a: Hydreigon\n|-resisted|p2a: Hydreigon\n|-damage|p2a: Hydreigon|55\/100\n|-unboost|p1a: Goodra|spa|2\n|\n|-heal|p2a: Hydreigon|61\/100|[from] item: Leftovers\n|upkeep\n|turn|15\n|\n|t:|1700782180\n|switch|p1a: Typhlosion|Typhlosion, F, tera:Ground|100\/100\n|move|p2a: Hydreigon|Dark Pulse|p1a: Typhlosion\n|-damage|p1a: Typhlosion|43\/100\n|\n|-heal|p2a: Hydreigon|67\/100|[from] item: Leftovers\n|upkeep\n|turn|16\n|\n|t:|1700782200\n|switch|p2a: Charizard|Charizard-Mega-X, M|41\/100\n|move|p1a: Typhlosion|Shadow Ball|p2a: Charizard\n|-crit|p2a: Charizard\n|-damage|p2a: Charizard|0 fnt\n|faint|p2a: Charizard\n|\n|upkeep\n|\n|t:|1700782207\n|switch|p2a: Weavile|Weavile, M|100\/100\n|-ability|p2a: Weavile|Pressure\n|turn|17\n|\n|t:|1700782217\n|move|p1a: Typhlosion|Shadow Ball|p2a: Weavile\n|-resisted|p2a: Weavile\n|-damage|p2a: Weavile|81\/100\n|move|p2a: Weavile|Swords Dance|p2a: Weavile\n|-boost|p2a: Weavile|atk|2\n|\n|upkeep\n|turn|18\n|\n|t:|1700782225\n|move|p2a: Weavile|Ice Shard|p1a: Typhlosion\n|-supereffective|p1a: Typhlosion\n|-damage|p1a: Typhlosion|0 fnt\n|faint|p1a: Typhlosion\n|\n|upkeep\n|\n|t:|1700782237\n|switch|p1a: Corviknight|Corviknight, F|100\/100\n|-ability|p1a: Corviknight|Pressure\n|turn|19\n|\n|t:|1700782242\n|move|p2a: Weavile|Triple Axel|p1a: Corviknight\n|-damage|p1a: Corviknight|87\/100\n|-damage|p2a: Weavile|64\/100|[from] item: Rocky Helmet|[of] p1a: Corviknight\n|-damage|p1a: Corviknight|63\/100\n|-damage|p2a: Weavile|48\/100|[from] item: Rocky Helmet|[of] p1a: Corviknight\n|-damage|p1a: Corviknight|26\/100\n|-damage|p2a: Weavile|31\/100|[from] item: Rocky Helmet|[of] p1a: Corviknight\n|-hitcount|p1a: Corviknight|3\n|move|p1a: Corviknight|Body Press|p2a: Weavile\n|-supereffective|p2a: Weavile\n|-damage|p2a: Weavile|0 fnt\n|faint|p2a: Weavile\n|\n|upkeep\n|\n|t:|1700782256\n|switch|p2a: Hydreigon|Hydreigon, M, tera:Steel|67\/100\n|turn|20\n|\n|t:|1700782266\n|move|p2a: Hydreigon|Dark Pulse|p1a: Corviknight\n|-damage|p1a: Corviknight|0 fnt\n|faint|p1a: Corviknight\n|\n|-heal|p2a: Hydreigon|73\/100|[from] item: Leftovers\n|upkeep\n|\n|t:|1700782271\n|switch|p1a: Goodra|Goodra-Hisui, M|100\/100\n|turn|21\n|\n|t:|1700782275\n|move|p2a: Hydreigon|Nasty Plot|p2a: Hydreigon\n|-boost|p2a: Hydreigon|spa|2\n|move|p1a: Goodra|Flamethrower|p2a: Hydreigon\n|-supereffective|p2a: Hydreigon\n|-damage|p2a: Hydreigon|0 fnt\n|faint|p2a: Hydreigon\n|\n|upkeep\n|\n|t:|1700782288\n|switch|p2a: Gliscor|Gliscor, M|100\/100 tox\n|turn|22\n|\n|t:|1700782292\n|move|p2a: Gliscor|Sand Tomb|p1a: Goodra\n|-supereffective|p1a: Goodra\n|-damage|p1a: Goodra|78\/100\n|-activate|p1a: Goodra|move: Sand Tomb|[of] p2a: Gliscor\n|move|p1a: Goodra|Ice Beam|p2a: Gliscor\n|-supereffective|p2a: Gliscor\n|-damage|p2a: Gliscor|0 fnt\n|faint|p2a: Gliscor\n|\n|-end|p1a: Goodra|Sand Tomb|[partiallytrapped]|[silent]\n|upkeep\n|\n|t:|1700782300\n|switch|p2a: Xurkitree|Xurkitree|100\/100\n|turn|23\n|\n|t:|1700782309\n|move|p2a: Xurkitree|Hidden Power|p1a: Goodra\n|-damage|p1a: Goodra|64\/100\n|move|p1a: Goodra|Draco Meteor|p2a: Xurkitree\n|-damage|p2a: Xurkitree|5\/100\n|-unboost|p1a: Goodra|spa|2\n|\n|upkeep\n|turn|24\n|\n|t:|1700782317\n|move|p2a: Xurkitree|Hidden Power|p1a: Goodra\n|-damage|p1a: Goodra|51\/100\n|move|p1a: Goodra|Sludge Bomb|p2a: Xurkitree\n|-damage|p2a: Xurkitree|0 fnt\n|faint|p2a: Xurkitree\n|\n|win|Dinumata\n|c|\u2606Dinumata|gg\n","uploadtime":1700782325,"views":14,"p1id":"dinumata","p2id":"elalvaronft","formatid":"gen9nationaldex","rating":0,"private":0,"password":""}