{"id":"gen9nationaldex-1990478448","p1":"bao26062002","p2":"elvisma","format":"[Gen 9] National Dex","log":"|j|\u2606bao26062002\n|j|\u2606elvisma\n|t:|1699974680\n|gametype|singles\n|player|p1|bao26062002|265|1698\n|player|p2|elvisma|red-masters|1707\n|teamsize|p1|6\n|teamsize|p2|6\n|gen|9\n|tier|[Gen 9] National Dex\n|rated|\n|rule|HP Percentage Mod: HP is shown in percentages\n|rule|Endless Battle Clause: Forcing endless battles is banned\n|rule|OHKO Clause: OHKO moves are banned\n|rule|Evasion Clause: Evasion abilities, items, and moves are banned\n|rule|Evasion Abilities Clause: Evasion abilities are banned\n|rule|Evasion Items Clause: Evasion items are banned\n|rule|Evasion Moves Clause: Evasion moves are banned\n|rule|Species Clause: Limit one of each Pok\u00e9mon\n|rule|Sleep Clause Mod: Limit one foe put to sleep\n|clearpoke\n|poke|p1|Ogerpon-Wellspring, F|\n|poke|p1|Clodsire, F|\n|poke|p1|Alomomola, F|\n|poke|p1|Ceruledge, F|\n|poke|p1|Tapu Lele|\n|poke|p1|Scizor, F|\n|poke|p2|Azelf|\n|poke|p2|Charizard, F|\n|poke|p2|Ribombee, F|\n|poke|p2|Great Tusk|\n|poke|p2|Ogerpon-Wellspring, F|\n|poke|p2|Victini|\n|teampreview\n|inactive|Battle timer is ON: inactive players will automatically lose when time's up. (requested by bao26062002)\n|inactive|elvisma has 120 seconds left.\n|\n|t:|1699974717\n|start\n|switch|p1a: Clodsire|Clodsire, F|100\/100\n|switch|p2a: ZA BEE|Ribombee, F|100\/100\n|turn|1\n|\n|t:|1699974734\n|move|p2a: ZA BEE|Sticky Web|p1a: Clodsire\n|-sidestart|p1: bao26062002|move: Sticky Web\n|move|p1a: Clodsire|Stealth Rock|p2a: ZA BEE\n|-sidestart|p2: elvisma|move: Stealth Rock\n|\n|upkeep\n|turn|2\n|\n|t:|1699974741\n|switch|p2a: V create spam|Victini|100\/100\n|-damage|p2a: V create spam|76\/100|[from] Stealth Rock\n|move|p1a: Clodsire|Toxic|p2a: V create spam\n|-status|p2a: V create spam|tox\n|\n|-damage|p2a: V create spam|69\/100 tox|[from] psn\n|upkeep\n|turn|3\n|\n|t:|1699974751\n|-zpower|p2a: V create spam\n|move|p2a: V create spam|Z-Celebrate|p2a: V create spam|[anim]Celebrate\n|-boost|p2a: V create spam|atk|1|[zeffect]\n|-boost|p2a: V create spam|def|1|[zeffect]\n|-boost|p2a: V create spam|spa|1|[zeffect]\n|-boost|p2a: V create spam|spd|1|[zeffect]\n|-boost|p2a: V create spam|spe|1|[zeffect]\n|-activate|p2a: V create spam|move: Celebrate\n|move|p1a: Clodsire|Earthquake|p2a: V create spam\n|-supereffective|p2a: V create spam\n|-damage|p2a: V create spam|16\/100 tox\n|\n|-damage|p2a: V create spam|4\/100 tox|[from] psn\n|upkeep\n|turn|4\n|\n|t:|1699974764\n|move|p2a: V create spam|Searing Shot|p1a: Clodsire\n|-damage|p1a: Clodsire|78\/100\n|-status|p1a: Clodsire|brn\n|move|p1a: Clodsire|Recover|p1a: Clodsire\n|-heal|p1a: Clodsire|100\/100 brn\n|\n|-damage|p2a: V create spam|0 fnt|[from] psn\n|faint|p2a: V create spam\n|-damage|p1a: Clodsire|94\/100 brn|[from] brn\n|upkeep\n|\n|t:|1699974767\n|switch|p2a: touchgrassdrinkH2O|Ogerpon-Wellspring, F|100\/100\n|-damage|p2a: touchgrassdrinkH2O|88\/100|[from] Stealth Rock\n|turn|5\n|\n|t:|1699974772\n|move|p2a: touchgrassdrinkH2O|Swords Dance|p2a: touchgrassdrinkH2O\n|-boost|p2a: touchgrassdrinkH2O|atk|2\n|move|p1a: Clodsire|Toxic|p2a: touchgrassdrinkH2O\n|-status|p2a: touchgrassdrinkH2O|tox\n|\n|-heal|p1a: Clodsire|100\/100 brn|[from] item: Leftovers\n|-damage|p2a: touchgrassdrinkH2O|82\/100 tox|[from] psn\n|-damage|p1a: Clodsire|94\/100 brn|[from] brn\n|upkeep\n|turn|6\n|\n|t:|1699974776\n|switch|p1a: Alomomola|Alomomola, F|100\/100\n|-activate|p1a: Alomomola|move: Sticky Web\n|-unboost|p1a: Alomomola|spe|1\n|move|p2a: touchgrassdrinkH2O|Horn Leech|p1a: Alomomola\n|-supereffective|p1a: Alomomola\n|-damage|p1a: Alomomola|0 fnt\n|-heal|p2a: touchgrassdrinkH2O|100\/100 tox|[from] drain|[of] p1a: Alomomola\n|-damage|p2a: touchgrassdrinkH2O|84\/100 tox|[from] item: Rocky Helmet|[of] p1a: Alomomola\n|faint|p1a: Alomomola\n|\n|-damage|p2a: touchgrassdrinkH2O|72\/100 tox|[from] psn\n|upkeep\n|\n|t:|1699974784\n|switch|p1a: Ceruledge|Ceruledge, F|100\/100\n|-activate|p1a: Ceruledge|move: Sticky Web\n|-unboost|p1a: Ceruledge|spe|1\n|turn|7\n|\n|t:|1699974790\n|move|p1a: Ceruledge|Endure|p1a: Ceruledge\n|-singleturn|p1a: Ceruledge|move: Endure\n|move|p2a: touchgrassdrinkH2O|Horn Leech|p1a: Ceruledge\n|-resisted|p1a: Ceruledge\n|-damage|p1a: Ceruledge|40\/100\n|-heal|p2a: touchgrassdrinkH2O|100\/100 tox|[from] drain|[of] p1a: Ceruledge\n|-ability|p1a: Ceruledge|Weak Armor|boost\n|-unboost|p1a: Ceruledge|def|1\n|-boost|p1a: Ceruledge|spe|2\n|\n|-damage|p2a: touchgrassdrinkH2O|83\/100 tox|[from] psn\n|upkeep\n|turn|8\n|j| KoKohs\n|\n|t:|1699974818\n|move|p1a: Ceruledge|Bitter Blade|p2a: touchgrassdrinkH2O\n|-damage|p2a: touchgrassdrinkH2O|19\/100 tox\n|-heal|p1a: Ceruledge|73\/100|[from] drain|[of] p2a: touchgrassdrinkH2O\n|move|p2a: touchgrassdrinkH2O|Horn Leech|p1a: Ceruledge\n|-resisted|p1a: Ceruledge\n|-damage|p1a: Ceruledge|0 fnt\n|-heal|p2a: touchgrassdrinkH2O|54\/100 tox|[from] drain|[of] p1a: Ceruledge\n|faint|p1a: Ceruledge\n|\n|-damage|p2a: touchgrassdrinkH2O|30\/100 tox|[from] psn\n|upkeep\n|\n|t:|1699974824\n|switch|p1a: Scizor|Scizor, F|100\/100\n|-activate|p1a: Scizor|move: Sticky Web\n|-unboost|p1a: Scizor|spe|1\n|turn|9\n|inactive|elvisma has 120 seconds left.\n|j| Kawaii Irene\n|inactive|elvisma has 90 seconds left.\n|inactive|elvisma has 60 seconds left.\n|\n|t:|1699974919\n|detailschange|p1a: Scizor|Scizor-Mega, F\n|-mega|p1a: Scizor|Scizor|Scizorite\n|move|p1a: Scizor|Bullet Punch|p2a: touchgrassdrinkH2O\n|-resisted|p2a: touchgrassdrinkH2O\n|-damage|p2a: touchgrassdrinkH2O|5\/100 tox\n|move|p2a: touchgrassdrinkH2O|Horn Leech|p1a: Scizor\n|-resisted|p1a: Scizor\n|-damage|p1a: Scizor|85\/100\n|-heal|p2a: touchgrassdrinkH2O|13\/100 tox|[from] drain|[of] p1a: Scizor\n|\n|-damage|p2a: touchgrassdrinkH2O|0 fnt|[from] psn\n|faint|p2a: touchgrassdrinkH2O\n|upkeep\n|\n|t:|1699974928\n|switch|p2a: pls dont u-turn|Azelf|100\/100\n|-damage|p2a: pls dont u-turn|88\/100|[from] Stealth Rock\n|turn|10\n|\n|t:|1699974932\n|move|p2a: pls dont u-turn|Flamethrower|p1a: Scizor\n|-supereffective|p1a: Scizor\n|-damage|p1a: Scizor|0 fnt\n|faint|p1a: Scizor\n|\n|upkeep\n|\n|t:|1699974936\n|switch|p1a: Ogerpon|Ogerpon-Wellspring, F|100\/100\n|-activate|p1a: Ogerpon|move: Sticky Web\n|-unboost|p1a: Ogerpon|spe|1\n|turn|11\n|\n|t:|1699974942\n|switch|p2a: ZA BEE|Ribombee, F|100\/100\n|-damage|p2a: ZA BEE|76\/100|[from] Stealth Rock\n|move|p1a: Ogerpon|Swords Dance|p1a: Ogerpon\n|-boost|p1a: Ogerpon|atk|2\n|\n|upkeep\n|turn|12\n|\n|t:|1699974946\n|move|p2a: ZA BEE|Bug Buzz|p1a: Ogerpon\n|-supereffective|p1a: Ogerpon\n|-damage|p1a: Ogerpon|0 fnt\n|faint|p1a: Ogerpon\n|\n|upkeep\n|-message|bao26062002 forfeited.\n|\n|win|elvisma\n|raw|bao26062002's rating: 1698 &rarr; <strong>1679<\/strong><br \/>(-19 for losing)\n|raw|elvisma's rating: 1707 &rarr; <strong>1726<\/strong><br \/>(+19 for winning)\n|l|\u2606bao26062002\n","uploadtime":1699974967,"views":4,"p1id":"bao26062002","p2id":"elvisma","formatid":"gen9nationaldex","rating":1679,"private":0,"password":""}