{"id":"gen9nationaldex-1998581701","p1":"The Rat Person","p2":"Maeby Mitenaut","format":"[Gen 9] National Dex","log":"|html|<div class=\"broadcast-blue\"><strong>[Gen 9] National Dex is currently suspecting Sneasler! For information on how to participate check out the <a href=\"https:\/\/www.smogon.com\/forums\/threads\/sv-national-dex-suspect-8-just-dance.3731534\/\">suspect thread<\/a>.<\/strong><\/div>\n|j|\u2606The Rat Person\n|j|\u2606Maeby Mitenaut\n|t:|1700959073\n|gametype|singles\n|player|p1|The Rat Person|iris-gen5bw2|\n|player|p2|Maeby Mitenaut|dahlia|\n|teamsize|p1|6\n|teamsize|p2|6\n|gen|9\n|tier|[Gen 9] National Dex\n|rule|HP Percentage Mod: HP is shown in percentages\n|rule|Endless Battle Clause: Forcing endless battles is banned\n|rule|OHKO Clause: OHKO moves are banned\n|rule|Evasion Clause: Evasion abilities, items, and moves are banned\n|rule|Evasion Abilities Clause: Evasion abilities are banned\n|rule|Evasion Items Clause: Evasion items are banned\n|rule|Evasion Moves Clause: Evasion moves are banned\n|rule|Species Clause: Limit one of each Pok\u00e9mon\n|rule|Sleep Clause Mod: Limit one foe put to sleep\n|clearpoke\n|poke|p1|Raticate-Alola-Totem, M|\n|poke|p1|Emolga, F|\n|poke|p1|Mimikyu, F|\n|poke|p1|Togedemaru, L1, M|\n|poke|p1|Morpeko, M|\n|poke|p1|Cinccino, F|\n|poke|p2|Raichu-Alola, F|\n|poke|p2|Clodsire, F|\n|poke|p2|Tapu Koko|\n|poke|p2|Arctozolt|\n|poke|p2|Iron Hands|\n|poke|p2|Ninetales-Alola, F|\n|teampreview\n|c|\u2606Maeby Mitenaut|lmaooooooooo\n|c|\u2606The Rat Person|beware\n|c|\u2606The Rat Person|THE RAT GANG\n|inactive|Battle timer is ON: inactive players will automatically lose when time's up. (requested by The Rat Person)\n|c|\u2606Maeby Mitenaut|i am saving this\n|c|\u2606Maeby Mitenaut|ya just made my night lolll\n|\n|t:|1700959108\n|start\n|switch|p1a: Kite Rat|Emolga, F|100\/100\n|switch|p2a: Bluck Buck|Tapu Koko, shiny|100\/100\n|-fieldstart|move: Electric Terrain|[from] ability: Electric Surge|[of] p2a: Bluck Buck\n|turn|1\n|\n|t:|1700959116\n|move|p2a: Bluck Buck|U-turn|p1a: Kite Rat\n|-resisted|p1a: Kite Rat\n|-damage|p1a: Kite Rat|83\/100\n|\n|t:|1700959118\n|switch|p2a: Ice Spice|Ninetales-Alola, F, shiny|100\/100|[from] U-turn\n|-weather|Snow|[from] ability: Snow Warning|[of] p2a: Ice Spice\n|move|p1a: Kite Rat|Tailwind|p1a: Kite Rat\n|-sidestart|p1: The Rat Person|move: Tailwind\n|\n|-weather|Snow|[upkeep]\n|upkeep\n|turn|2\n|\n|t:|1700959126\n|move|p1a: Kite Rat|Taunt|p2a: Ice Spice\n|-start|p2a: Ice Spice|move: Taunt\n|cant|p2a: Ice Spice|move: Taunt|Aurora Veil\n|\n|-weather|Snow|[upkeep]\n|upkeep\n|turn|3\n|c|\u2606The Rat Person|i have a paste\n|c|\u2606The Rat Person|https:\/\/pokepast.es\/d176cc89a4073c98\n|\n|t:|1700959139\n|switch|p2a: Gritty|Arctozolt, shiny|100\/100\n|move|p1a: Kite Rat|Nuzzle|p2a: Gritty\n|-resisted|p2a: Gritty\n|-damage|p2a: Gritty|98\/100\n|\n|-weather|Snow|[upkeep]\n|upkeep\n|turn|4\n|c|\u2606Maeby Mitenaut|thank you xxxxxx\n|\n|t:|1700959154\n|switch|p1a: Beeg Rat|Raticate-Alola-Totem, M|100\/100\n|move|p2a: Gritty|Blizzard|p1a: Beeg Rat\n|-damage|p1a: Beeg Rat|76\/100\n|\n|-weather|Snow|[upkeep]\n|-sideend|p1: The Rat Person|move: Tailwind\n|upkeep\n|turn|5\n|\n|t:|1700959161\n|move|p2a: Gritty|Bolt Beak|p1a: Beeg Rat\n|-damage|p1a: Beeg Rat|0 fnt\n|faint|p1a: Beeg Rat\n|\n|-weather|Snow|[upkeep]\n|upkeep\n|\n|t:|1700959164\n|switch|p1a: GOD Rat|Togedemaru, L1, M, shiny|100\/100\n|turn|6\n|c|\u2606Maeby Mitenaut|half electric tooo\n|c|\u2606The Rat Person|yeaaaah\n|c|\u2606Maeby Mitenaut|a rat team made for my heart\n|\n|t:|1700959191\n|move|p2a: Gritty|Bolt Beak|p1a: GOD Rat\n|-resisted|p1a: GOD Rat\n|-ability|p1a: GOD Rat|Sturdy\n|-damage|p1a: GOD Rat|9\/100\n|move|p1a: GOD Rat|Endeavor|p2a: Gritty\n|-damage|p2a: Gritty|1\/100\n|-enditem|p2a: Gritty|Aguav Berry|[eat]\n|-heal|p2a: Gritty|34\/100|[from] item: Aguav Berry\n|-heal|p1a: GOD Rat|100\/100|[from] item: Shell Bell|[of] p2a: Gritty\n|\n|-weather|Snow|[upkeep]\n|upkeep\n|turn|7\n|inactive|Maeby Mitenaut has 270 seconds left.\n|c|\u2606Maeby Mitenaut|god rat lmaoooo\n|c|\u2606Maeby Mitenaut|fr tho\n|c|\u2606Maeby Mitenaut|i just saw the face of god\n|c|\u2606Maeby Mitenaut|and it was glorious\n|\n|t:|1700959231\n|move|p2a: Gritty|Stomping Tantrum|p1a: GOD Rat\n|-supereffective|p1a: GOD Rat\n|-ability|p1a: GOD Rat|Sturdy\n|-damage|p1a: GOD Rat|9\/100\n|move|p1a: GOD Rat|Endeavor|p2a: Gritty\n|-damage|p2a: Gritty|1\/100\n|-heal|p1a: GOD Rat|100\/100|[from] item: Shell Bell|[of] p2a: Gritty\n|\n|-weather|Snow|[upkeep]\n|upkeep\n|turn|8\n|\n|t:|1700959240\n|move|p1a: GOD Rat|Spiky Shield|p1a: GOD Rat\n|-singleturn|p1a: GOD Rat|move: Protect\n|move|p2a: Gritty|Stomping Tantrum|p1a: GOD Rat\n|-activate|p1a: GOD Rat|move: Protect\n|-damage|p2a: Gritty|0 fnt|[from] Spiky Shield|[of] p1a: GOD Rat\n|faint|p2a: Gritty\n|\n|-weather|none\n|-fieldend|move: Electric Terrain\n|upkeep\n|c|\u2606The Rat Person|it is powerful\n|\n|t:|1700959249\n|switch|p2a: Muddy Buddy|Clodsire, F|100\/100\n|turn|9\n|\n|t:|1700959253\n|move|p2a: Muddy Buddy|Toxic|p1a: GOD Rat\n|-immune|p1a: GOD Rat\n|move|p1a: GOD Rat|Endeavor|p2a: Muddy Buddy\n|-damage|p2a: Muddy Buddy|3\/100\n|\n|-heal|p2a: Muddy Buddy|9\/100|[from] item: Leftovers\n|upkeep\n|turn|10\n|c|\u2606Maeby Mitenaut|omg\n|c|\u2606The Rat Person|the steel power\n|c|\u2606Maeby Mitenaut|omgr*\n|\n|t:|1700959280\n|switch|p1a: Kite Rat|Emolga, F|83\/100\n|move|p2a: Muddy Buddy|Body Press|p1a: Kite Rat\n|-resisted|p1a: Kite Rat\n|-damage|p1a: Kite Rat|69\/100\n|\n|-heal|p2a: Muddy Buddy|16\/100|[from] item: Leftovers\n|upkeep\n|turn|11\n|\n|t:|1700959287\n|move|p1a: Kite Rat|Taunt|p2a: Muddy Buddy\n|-start|p2a: Muddy Buddy|move: Taunt\n|cant|p2a: Muddy Buddy|move: Taunt|Toxic\n|\n|-heal|p2a: Muddy Buddy|22\/100|[from] item: Leftovers\n|upkeep\n|turn|12\n|\n|t:|1700959297\n|switch|p1a: Not a Rat|Mimikyu, F, shiny|100\/100\n|switch|p2a: Bluck Buck|Tapu Koko, shiny|100\/100\n|-fieldstart|move: Electric Terrain|[from] ability: Electric Surge|[of] p2a: Bluck Buck\n|\n|upkeep\n|turn|13\n|\n|t:|1700959305\n|switch|p2a: Big Pap\u00ed|Iron Hands|100\/100\n|-activate|p2a: Big Pap\u00ed|ability: Quark Drive\n|-start|p2a: Big Pap\u00ed|quarkdriveatk\n|move|p1a: Not a Rat|Play Rough|p2a: Big Pap\u00ed\n|-supereffective|p2a: Big Pap\u00ed\n|-damage|p2a: Big Pap\u00ed|36\/100\n|-damage|p1a: Not a Rat|91\/100|[from] item: Life Orb\n|\n|upkeep\n|turn|14\n|\n|t:|1700959315\n|move|p1a: Not a Rat|Play Rough|p2a: Big Pap\u00ed\n|-supereffective|p2a: Big Pap\u00ed\n|-damage|p2a: Big Pap\u00ed|0 fnt\n|faint|p2a: Big Pap\u00ed\n|-end|p2a: Big Pap\u00ed|Quark Drive|[silent]\n|-damage|p1a: Not a Rat|81\/100|[from] item: Life Orb\n|\n|upkeep\n|\n|t:|1700959321\n|switch|p2a: Aloha Broha|Raichu-Alola, F, shiny|100\/100\n|turn|15\n|inactiveoff|Battle timer is now OFF.\n|\n|t:|1700959337\n|-zpower|p2a: Aloha Broha\n|move|p2a: Aloha Broha|Stoked Sparksurfer|p1a: Not a Rat|[zeffect]\n|-activate|p1a: Not a Rat|ability: Disguise\n|-damage|p1a: Not a Rat|81\/100\n|-status|p1a: Not a Rat|par\n|detailschange|p1a: Not a Rat|Mimikyu-Busted, F, shiny\n|-damage|p1a: Not a Rat|68\/100 par|[from] pokemon: Mimikyu-Busted\n|cant|p1a: Not a Rat|par\n|\n|upkeep\n|turn|16\n|c|\u2606The Rat Person|mimikyu is my favorite mon\n|c|\u2606The Rat Person|i love it\n|\n|t:|1700959350\n|cant|p1a: Not a Rat|par\n|move|p2a: Aloha Broha|Rising Voltage|p1a: Not a Rat\n|-hint|Rising Voltage's BP doubled on grounded target.\n|-crit|p1a: Not a Rat\n|-damage|p1a: Not a Rat|0 fnt\n|faint|p1a: Not a Rat\n|\n|upkeep\n|\n|t:|1700959355\n|switch|p1a: GOD Rat|Togedemaru, L1, M, shiny|100\/100\n|turn|17\n|c|\u2606Maeby Mitenaut|yeah its so adorable to me\n|c|\u2606Maeby Mitenaut|just a lil puppet of a pokemon\n|c|\u2606Maeby Mitenaut|god rat is going to give me nightmares\n|c|\u2606The Rat Person|lmao\n|c|\u2606The Rat Person|i only got 5 more endeavors\n|\n|t:|1700959404\n|move|p2a: Aloha Broha|Surf|p1a: GOD Rat\n|-ability|p1a: GOD Rat|Sturdy\n|-damage|p1a: GOD Rat|9\/100\n|move|p1a: GOD Rat|Endeavor|p2a: Aloha Broha\n|-damage|p2a: Aloha Broha|1\/100\n|-heal|p1a: GOD Rat|100\/100|[from] item: Shell Bell|[of] p2a: Aloha Broha\n|\n|upkeep\n|turn|18\n|\n|t:|1700959416\n|move|p2a: Aloha Broha|Psychic|p1a: GOD Rat\n|-resisted|p1a: GOD Rat\n|-ability|p1a: GOD Rat|Sturdy\n|-damage|p1a: GOD Rat|9\/100\n|move|p1a: GOD Rat|Toxic|p2a: Aloha Broha\n|-status|p2a: Aloha Broha|tox\n|\n|-damage|p2a: Aloha Broha|0 fnt|[from] psn\n|faint|p2a: Aloha Broha\n|upkeep\n|\n|t:|1700959428\n|switch|p2a: Ice Spice|Ninetales-Alola, F, shiny|100\/100\n|-weather|Snow|[from] ability: Snow Warning|[of] p2a: Ice Spice\n|turn|19\n|\n|t:|1700959432\n|move|p2a: Ice Spice|Blizzard|p1a: GOD Rat\n|-resisted|p1a: GOD Rat\n|-damage|p1a: GOD Rat|0 fnt\n|faint|p1a: GOD Rat\n|\n|-weather|Snow|[upkeep]\n|-fieldend|move: Electric Terrain\n|upkeep\n|\n|t:|1700959440\n|switch|p1a: Kite Rat|Emolga, F|69\/100\n|turn|20\n|c|\u2606Maeby Mitenaut|speed was my only hope\n|\n|t:|1700959453\n|move|p2a: Ice Spice|Blizzard|p1a: Kite Rat\n|-supereffective|p1a: Kite Rat\n|-damage|p1a: Kite Rat|0 fnt\n|faint|p1a: Kite Rat\n|\n|-weather|Snow|[upkeep]\n|upkeep\n|\n|t:|1700959468\n|switch|p1a: Bipolar Rat|Morpeko, M, shiny|100\/100\n|turn|21\n|c|\u2606The Rat Person|hmmm\n|c|\u2606Maeby Mitenaut|morpeko is deffff a bipolar rat hahahaha\n|c|\u2606The Rat Person|hahaha\n|\n|t:|1700959492\n|-terastallize|p1a: Bipolar Rat|Psychic\n|move|p1a: Bipolar Rat|Aura Wheel|p2a: Ice Spice\n|-damage|p2a: Ice Spice|44\/100\n|-boost|p1a: Bipolar Rat|spe|1\n|move|p2a: Ice Spice|Blizzard|p1a: Bipolar Rat\n|-damage|p1a: Bipolar Rat|30\/100\n|\n|-weather|Snow|[upkeep]\n|upkeep\n|turn|22\n|c|\u2606The Rat Person|i have few options\n|\n|t:|1700959510\n|switch|p2a: Bluck Buck|Tapu Koko, shiny|100\/100\n|-fieldstart|move: Electric Terrain|[from] ability: Electric Surge|[of] p2a: Bluck Buck\n|move|p1a: Bipolar Rat|Aura Wheel|p2a: Bluck Buck\n|-resisted|p2a: Bluck Buck\n|-damage|p2a: Bluck Buck|49\/100\n|-boost|p1a: Bipolar Rat|spe|1\n|\n|-weather|Snow|[upkeep]\n|upkeep\n|turn|23\n|\n|t:|1700959519\n|move|p1a: Bipolar Rat|Aura Wheel|p2a: Bluck Buck\n|-resisted|p2a: Bluck Buck\n|-damage|p2a: Bluck Buck|2\/100\n|-boost|p1a: Bipolar Rat|spe|1\n|move|p2a: Bluck Buck|U-turn|p1a: Bipolar Rat\n|-supereffective|p1a: Bipolar Rat\n|-damage|p1a: Bipolar Rat|0 fnt\n|faint|p1a: Bipolar Rat\n|c|\u2606The Rat Person|nooooooooooo\n|\n|t:|1700959528\n|switch|p2a: Muddy Buddy|Clodsire, F|22\/100|[from] U-turn\n|\n|-weather|Snow|[upkeep]\n|-heal|p2a: Muddy Buddy|28\/100|[from] item: Leftovers\n|upkeep\n|\n|t:|1700959531\n|switch|p1a: Assault Rat|Cinccino, F|100\/100\n|turn|24\n|\n|t:|1700959537\n|move|p1a: Assault Rat|Rock Blast|p2a: Muddy Buddy\n|-resisted|p2a: Muddy Buddy\n|-damage|p2a: Muddy Buddy|22\/100\n|-resisted|p2a: Muddy Buddy\n|-damage|p2a: Muddy Buddy|17\/100\n|-resisted|p2a: Muddy Buddy\n|-damage|p2a: Muddy Buddy|11\/100\n|-resisted|p2a: Muddy Buddy\n|-damage|p2a: Muddy Buddy|5\/100\n|-resisted|p2a: Muddy Buddy\n|-damage|p2a: Muddy Buddy|0 fnt\n|faint|p2a: Muddy Buddy\n|-hitcount|p2: Muddy Buddy|5\n|\n|-weather|Snow|[upkeep]\n|upkeep\n|c|\u2606Maeby Mitenaut|zangggggg\n|\n|t:|1700959552\n|switch|p2a: Bluck Buck|Tapu Koko, shiny|2\/100\n|turn|25\n|\n|t:|1700959558\n|move|p2a: Bluck Buck|Thunder Wave|p1a: Assault Rat\n|-status|p1a: Assault Rat|par\n|move|p1a: Assault Rat|Rock Blast|p2a: Bluck Buck\n|-damage|p2a: Bluck Buck|0 fnt\n|faint|p2a: Bluck Buck\n|-hitcount|p2: Bluck Buck|1\n|\n|-weather|Snow|[upkeep]\n|upkeep\n|c|\u2606The Rat Person|damn\n|\n|t:|1700959571\n|switch|p2a: Ice Spice|Ninetales-Alola, F, shiny|44\/100\n|turn|26\n|c|\u2606The Rat Person|i dont know if she can take the hit\n|\n|t:|1700959579\n|move|p2a: Ice Spice|Blizzard|p1a: Assault Rat\n|-damage|p1a: Assault Rat|44\/100 par\n|move|p1a: Assault Rat|Rock Blast|p2a: Ice Spice\n|-supereffective|p2a: Ice Spice\n|-damage|p2a: Ice Spice|27\/100\n|-supereffective|p2a: Ice Spice\n|-damage|p2a: Ice Spice|7\/100\n|-supereffective|p2a: Ice Spice\n|-damage|p2a: Ice Spice|0 fnt\n|faint|p2a: Ice Spice\n|-hitcount|p2: Ice Spice|3\n|\n|win|The Rat Person\n|c|\u2606The Rat Person|yeaaaah\n|c|\u2606The Rat Person|ggs\n|c|\u2606Maeby Mitenaut|ggzzzzz\n|c|\u2606Maeby Mitenaut|you rock\n|c|\u2606The Rat Person|you too\n|c|\u2606The Rat Person|have a great night\n|c|\u2606Maeby Mitenaut|im sending a friend requestttt hmu if ya ever run a team tester\n|c|\u2606Maeby Mitenaut|you too!!\n|c|\u2606Maeby Mitenaut|stay safe, stay hydrated, stay you!\n|c|\u2606The Rat Person|sure id love that\n|c|\u2606The Rat Person|<3\n|l|\u2606The Rat Person\n","uploadtime":1700959638,"views":1,"p1id":"theratperson","p2id":"maebymitenaut","formatid":"gen9nationaldex","rating":0,"private":0,"password":""}