{"id":"gen9nationaldex-1987954589","p1":"EABL XD","p2":"tw45terg","format":"[Gen 9] National Dex","log":"|j|\u2606EABL XD\n|j|\u2606tw45terg\n|t:|1699652752\n|gametype|singles\n|player|p1|EABL XD|gambler|1356\n|player|p2|tw45terg|li|1344\n|teamsize|p1|6\n|teamsize|p2|6\n|gen|9\n|tier|[Gen 9] National Dex\n|rated|\n|rule|HP Percentage Mod: HP is shown in percentages\n|rule|Endless Battle Clause: Forcing endless battles is banned\n|rule|OHKO Clause: OHKO moves are banned\n|rule|Evasion Clause: Evasion abilities, items, and moves are banned\n|rule|Evasion Abilities Clause: Evasion abilities are banned\n|rule|Evasion Items Clause: Evasion items are banned\n|rule|Evasion Moves Clause: Evasion moves are banned\n|rule|Species Clause: Limit one of each Pok\u00e9mon\n|rule|Sleep Clause Mod: Limit one foe put to sleep\n|clearpoke\n|poke|p1|Garganacl, F|\n|poke|p1|Galvantula, M|\n|poke|p1|Great Tusk|\n|poke|p1|Greninja-*, M|\n|poke|p1|Garchomp, F|\n|poke|p1|Meloetta|\n|poke|p2|Garganacl, M|\n|poke|p2|Sinistcha|\n|poke|p2|Great Tusk|\n|poke|p2|Scizor, M|\n|poke|p2|Rotom-Wash|\n|poke|p2|Ferrothorn, M|\n|teampreview\n|inactive|Battle timer is ON: inactive players will automatically lose when time's up. (requested by tw45terg)\n|\n|t:|1699652763\n|start\n|switch|p1a: La Gran Tula|Galvantula, M, shiny|100\/100\n|switch|p2a: Garganacl|Garganacl, M|100\/100\n|turn|1\n|\n|t:|1699652771\n|move|p1a: La Gran Tula|Sticky Web|p2a: Garganacl\n|-sidestart|p2: tw45terg|move: Sticky Web\n|move|p2a: Garganacl|Stealth Rock|p1a: La Gran Tula\n|-sidestart|p1: EABL XD|move: Stealth Rock\n|\n|upkeep\n|turn|2\n|\n|t:|1699652794\n|switch|p1a: Manny|Great Tusk, shiny|100\/100\n|-damage|p1a: Manny|98\/100|[from] Stealth Rock\n|-enditem|p1a: Manny|Booster Energy\n|-activate|p1a: Manny|ability: Protosynthesis|[fromitem]\n|-start|p1a: Manny|protosynthesisatk\n|move|p2a: Garganacl|Salt Cure|p1a: Manny\n|-resisted|p1a: Manny\n|-damage|p1a: Manny|95\/100\n|-start|p1a: Manny|Salt Cure\n|\n|-damage|p1a: Manny|83\/100|[from] Salt Cure\n|upkeep\n|turn|3\n|\n|t:|1699652808\n|switch|p2a: Sinistcha|Sinistcha|100\/100\n|-activate|p2a: Sinistcha|move: Sticky Web\n|-unboost|p2a: Sinistcha|spe|1\n|move|p1a: Manny|Rapid Spin|p2a: Sinistcha\n|-immune|p2a: Sinistcha\n|\n|-damage|p1a: Manny|70\/100|[from] Salt Cure\n|upkeep\n|turn|4\n|\n|t:|1699652819\n|-end|p1a: Manny|Protosynthesis|[silent]\n|switch|p1a: Garchomp|Garchomp, F|100\/100\n|-damage|p1a: Garchomp|94\/100|[from] Stealth Rock\n|move|p2a: Sinistcha|Matcha Gotcha|p1a: Garchomp\n|-damage|p1a: Garchomp|57\/100\n|\n|upkeep\n|turn|5\n|\n|t:|1699652831\n|switch|p2a: Rotom|Rotom-Wash|100\/100\n|detailschange|p1a: Garchomp|Garchomp-Mega, F\n|-mega|p1a: Garchomp|Garchomp|Garchompite\n|move|p1a: Garchomp|Outrage|p2a: Rotom\n|-damage|p2a: Rotom|11\/100\n|\n|upkeep\n|turn|6\n|\n|t:|1699652853\n|move|p2a: Rotom|Hydro Pump|p1a: Garchomp\n|-damage|p1a: Garchomp|20\/100\n|move|p1a: Garchomp|Outrage|p2a: Rotom|[from]lockedmove\n|-damage|p2a: Rotom|0 fnt\n|faint|p2a: Rotom\n|-start|p1a: Garchomp|confusion|[fatigue]\n|\n|upkeep\n|\n|t:|1699652861\n|switch|p2a: Scizor|Scizor, M|100\/100\n|-activate|p2a: Scizor|move: Sticky Web\n|-unboost|p2a: Scizor|spe|1\n|turn|7\n|\n|t:|1699652865\n|detailschange|p2a: Scizor|Scizor-Mega, M\n|-mega|p2a: Scizor|Scizor|Scizorite\n|move|p2a: Scizor|Bullet Punch|p1a: Garchomp\n|-damage|p1a: Garchomp|0 fnt\n|faint|p1a: Garchomp\n|\n|upkeep\n|\n|t:|1699652870\n|switch|p1a: Manny|Great Tusk, shiny|70\/100\n|-damage|p1a: Manny|67\/100|[from] Stealth Rock\n|turn|8\n|\n|t:|1699652876\n|switch|p2a: Sinistcha|Sinistcha|100\/100\n|-activate|p2a: Sinistcha|move: Sticky Web\n|-unboost|p2a: Sinistcha|spe|1\n|move|p1a: Manny|Ice Spinner|p2a: Sinistcha\n|-supereffective|p2a: Sinistcha\n|-damage|p2a: Sinistcha|64\/100\n|\n|-heal|p2a: Sinistcha|70\/100|[from] item: Leftovers\n|upkeep\n|turn|9\n|\n|t:|1699652887\n|-end|p1a: Manny|Protosynthesis|[silent]\n|switch|p1a: La Gran Tula|Galvantula, M, shiny|100\/100\n|-damage|p1a: La Gran Tula|76\/100|[from] Stealth Rock\n|move|p2a: Sinistcha|Matcha Gotcha|p1a: La Gran Tula\n|-resisted|p1a: La Gran Tula\n|-damage|p1a: La Gran Tula|49\/100\n|-heal|p2a: Sinistcha|81\/100|[from] drain|[of] p1a: La Gran Tula\n|\n|-heal|p2a: Sinistcha|87\/100|[from] item: Leftovers\n|upkeep\n|turn|10\n|\n|t:|1699652904\n|switch|p2a: Great Tusk|Great Tusk|100\/100\n|move|p1a: La Gran Tula|Thunder Wave|p2a: Great Tusk\n|-immune|p2a: Great Tusk\n|\n|upkeep\n|turn|11\n|\n|t:|1699652915\n|switch|p1a: El Ninja|Greninja, M|100\/100\n|-damage|p1a: El Ninja|88\/100|[from] Stealth Rock\n|move|p2a: Great Tusk|Rapid Spin|p1a: El Ninja\n|-crit|p1a: El Ninja\n|-damage|p1a: El Ninja|44\/100\n|-boost|p2a: Great Tusk|spe|1\n|-sideend|p2: tw45terg|Sticky Web|[from] move: Rapid Spin|[of] p2a: Great Tusk\n|\n|upkeep\n|turn|12\n|\n|t:|1699652925\n|-terastallize|p1a: El Ninja|Water\n|move|p1a: El Ninja|Water Shuriken|p2a: Great Tusk\n|-supereffective|p2a: Great Tusk\n|-damage|p2a: Great Tusk|61\/100\n|-supereffective|p2a: Great Tusk\n|-damage|p2a: Great Tusk|20\/100\n|-supereffective|p2a: Great Tusk\n|-damage|p2a: Great Tusk|0 fnt\n|faint|p2a: Great Tusk\n|-end|p2a: Great Tusk|Protosynthesis|[silent]\n|-ability|p1a: El Ninja|Battle Bond|boost\n|-boost|p1a: El Ninja|atk|1\n|-boost|p1a: El Ninja|spa|1\n|-boost|p1a: El Ninja|spe|1\n|-activate|p1a: El Ninja|ability: Battle Bond\n|-hitcount|p2: Great Tusk|3\n|-damage|p1a: El Ninja|35\/100|[from] item: Life Orb\n|\n|upkeep\n|\n|t:|1699652943\n|switch|p2a: Scizor|Scizor-Mega, M|100\/100\n|turn|13\n|\n|t:|1699652947\n|move|p2a: Scizor|Bullet Punch|p1a: El Ninja\n|-resisted|p1a: El Ninja\n|-damage|p1a: El Ninja|1\/100\n|move|p1a: El Ninja|Dark Pulse|p2a: Scizor\n|-damage|p2a: Scizor|21\/100\n|-damage|p1a: El Ninja|0 fnt|[from] item: Life Orb\n|faint|p1a: El Ninja\n|\n|upkeep\n|\n|t:|1699652955\n|switch|p1a: Manny|Great Tusk, shiny|67\/100\n|-damage|p1a: Manny|64\/100|[from] Stealth Rock\n|turn|14\n|\n|t:|1699652959\n|switch|p2a: Sinistcha|Sinistcha|87\/100\n|move|p1a: Manny|Ice Spinner|p2a: Sinistcha\n|-supereffective|p2a: Sinistcha\n|-crit|p2a: Sinistcha\n|-damage|p2a: Sinistcha|27\/100\n|\n|-heal|p2a: Sinistcha|33\/100|[from] item: Leftovers\n|upkeep\n|turn|15\n|\n|t:|1699652977\n|-terastallize|p2a: Sinistcha|Fire\n|move|p1a: Manny|Ice Spinner|p2a: Sinistcha\n|-resisted|p2a: Sinistcha\n|-damage|p2a: Sinistcha|24\/100\n|move|p2a: Sinistcha|Matcha Gotcha|p1a: Manny\n|-supereffective|p1a: Manny\n|-damage|p1a: Manny|0 fnt\n|-heal|p2a: Sinistcha|58\/100|[from] drain|[of] p1a: Manny\n|faint|p1a: Manny\n|-end|p1a: Manny|Protosynthesis|[silent]\n|\n|-heal|p2a: Sinistcha|64\/100|[from] item: Leftovers\n|upkeep\n|\n|t:|1699652984\n|switch|p1a: La Gran Tula|Galvantula, M, shiny|49\/100\n|-damage|p1a: La Gran Tula|24\/100|[from] Stealth Rock\n|turn|16\n|\n|t:|1699652990\n|switch|p2a: Ferrothorn|Ferrothorn, M|100\/100\n|move|p1a: La Gran Tula|Sticky Web|p2a: Ferrothorn\n|-sidestart|p2: tw45terg|move: Sticky Web\n|\n|upkeep\n|turn|17\n|\n|t:|1699652999\n|move|p1a: La Gran Tula|Thunder Wave|p2a: Ferrothorn\n|-status|p2a: Ferrothorn|par\n|cant|p2a: Ferrothorn|par\n|\n|upkeep\n|turn|18\n|\n|t:|1699653007\n|move|p1a: La Gran Tula|Bug Buzz|p2a: Ferrothorn\n|-damage|p2a: Ferrothorn|75\/100 par\n|move|p2a: Ferrothorn|Leech Seed|p1a: La Gran Tula\n|-start|p1a: La Gran Tula|move: Leech Seed\n|\n|-heal|p2a: Ferrothorn|81\/100 par|[from] item: Leftovers\n|-damage|p1a: La Gran Tula|11\/100|[from] Leech Seed|[of] p2a: Ferrothorn\n|-heal|p2a: Ferrothorn|91\/100 par|[silent]\n|upkeep\n|turn|19\n|\n|t:|1699653015\n|switch|p1a: Golem del Maincra|Garganacl, F|100\/100\n|-damage|p1a: Golem del Maincra|88\/100|[from] Stealth Rock\n|move|p2a: Ferrothorn|Spikes|p1a: Golem del Maincra\n|-sidestart|p1: EABL XD|Spikes\n|\n|-heal|p2a: Ferrothorn|97\/100 par|[from] item: Leftovers\n|upkeep\n|turn|20\n|\n|t:|1699653030\n|move|p1a: Golem del Maincra|Fire Punch|p2a: Ferrothorn\n|-supereffective|p2a: Ferrothorn\n|-damage|p2a: Ferrothorn|44\/100 par\n|-damage|p1a: Golem del Maincra|76\/100|[from] ability: Iron Barbs|[of] p2a: Ferrothorn\n|move|p2a: Ferrothorn|Knock Off|p1a: Golem del Maincra\n|-damage|p1a: Golem del Maincra|62\/100\n|-enditem|p1a: Golem del Maincra|Assault Vest|[from] move: Knock Off|[of] p2a: Ferrothorn\n|\n|-heal|p2a: Ferrothorn|50\/100 par|[from] item: Leftovers\n|upkeep\n|turn|21\n|\n|t:|1699653044\n|switch|p2a: Garganacl|Garganacl, M|100\/100\n|-activate|p2a: Garganacl|move: Sticky Web\n|-unboost|p2a: Garganacl|spe|1\n|move|p1a: Golem del Maincra|Fire Punch|p2a: Garganacl\n|-resisted|p2a: Garganacl\n|-damage|p2a: Garganacl|95\/100\n|\n|-heal|p2a: Garganacl|100\/100|[from] item: Leftovers\n|upkeep\n|turn|22\n|\n|t:|1699653054\n|move|p1a: Golem del Maincra|Earthquake|p2a: Garganacl\n|-supereffective|p2a: Garganacl\n|-damage|p2a: Garganacl|72\/100\n|move|p2a: Garganacl|Salt Cure|p1a: Golem del Maincra\n|-damage|p1a: Golem del Maincra|53\/100\n|-start|p1a: Golem del Maincra|Salt Cure\n|\n|-heal|p2a: Garganacl|78\/100|[from] item: Leftovers\n|-damage|p1a: Golem del Maincra|41\/100|[from] Salt Cure\n|upkeep\n|turn|23\n|\n|t:|1699653073\n|move|p2a: Garganacl|Protect|p2a: Garganacl\n|-singleturn|p2a: Garganacl|Protect\n|move|p1a: Golem del Maincra|Salt Cure|p2a: Garganacl\n|-activate|p2a: Garganacl|move: Protect\n|\n|-heal|p2a: Garganacl|85\/100|[from] item: Leftovers\n|-damage|p1a: Golem del Maincra|28\/100|[from] Salt Cure\n|upkeep\n|turn|24\n|\n|t:|1699653092\n|move|p1a: Golem del Maincra|Salt Cure|p2a: Garganacl\n|-damage|p2a: Garganacl|76\/100\n|-start|p2a: Garganacl|Salt Cure\n|move|p2a: Garganacl|Recover|p2a: Garganacl\n|-heal|p2a: Garganacl|100\/100\n|\n|-damage|p1a: Golem del Maincra|16\/100|[from] Salt Cure\n|-damage|p2a: Garganacl|88\/100|[from] Salt Cure\n|upkeep\n|turn|25\n|inactive|tw45terg has 120 seconds left.\n|\n|t:|1699653114\n|switch|p2a: Scizor|Scizor-Mega, M|21\/100\n|-activate|p2a: Scizor|move: Sticky Web\n|-unboost|p2a: Scizor|spe|1\n|move|p1a: Golem del Maincra|Explosion|p2a: Scizor\n|-resisted|p2a: Scizor\n|-damage|p2a: Scizor|0 fnt\n|faint|p1a: Golem del Maincra\n|faint|p2a: Scizor\n|\n|upkeep\n|inactive|tw45terg has 120 seconds left.\n|\n|t:|1699653125\n|switch|p2a: Garganacl|Garganacl, M|88\/100\n|switch|p1a: Palutena|Meloetta|100\/100\n|-damage|p1a: Palutena|88\/100|[from] Stealth Rock\n|-damage|p1a: Palutena|76\/100|[from] Spikes\n|-activate|p2a: Garganacl|move: Sticky Web\n|-unboost|p2a: Garganacl|spe|1\n|turn|26\n|inactive|tw45terg has 120 seconds left.\n|\n|t:|1699653136\n|-zpower|p1a: Palutena\n|move|p1a: Palutena|Z-Celebrate|p1a: Palutena|[anim]Celebrate\n|-boost|p1a: Palutena|atk|1|[zeffect]\n|-boost|p1a: Palutena|def|1|[zeffect]\n|-boost|p1a: Palutena|spa|1|[zeffect]\n|-boost|p1a: Palutena|spd|1|[zeffect]\n|-boost|p1a: Palutena|spe|1|[zeffect]\n|-activate|p1a: Palutena|move: Celebrate\n|move|p2a: Garganacl|Salt Cure|p1a: Palutena\n|-damage|p1a: Palutena|65\/100\n|-start|p1a: Palutena|Salt Cure\n|\n|-heal|p2a: Garganacl|94\/100|[from] item: Leftovers\n|-damage|p1a: Palutena|53\/100|[from] Salt Cure\n|upkeep\n|turn|27\n|inactive|tw45terg has 120 seconds left.\n|\n|t:|1699653152\n|move|p2a: Garganacl|Protect|p2a: Garganacl\n|-singleturn|p2a: Garganacl|Protect\n|move|p1a: Palutena|Relic Song|p2a: Garganacl\n|-activate|p2a: Garganacl|move: Protect\n|\n|-heal|p2a: Garganacl|100\/100|[from] item: Leftovers\n|-damage|p1a: Palutena|40\/100|[from] Salt Cure\n|upkeep\n|turn|28\n|inactive|tw45terg has 120 seconds left.\n|\n|t:|1699653166\n|move|p1a: Palutena|Relic Song|p2a: Garganacl\n|-resisted|p2a: Garganacl\n|-damage|p2a: Garganacl|85\/100\n|-formechange|p1a: Palutena|Meloetta-Pirouette|[msg]\n|move|p2a: Garganacl|Recover|p2a: Garganacl\n|-heal|p2a: Garganacl|100\/100\n|\n|-damage|p1a: Palutena|28\/100|[from] Salt Cure\n|upkeep\n|turn|29\n|inactive|tw45terg has 120 seconds left.\n|\n|t:|1699653179\n|move|p2a: Garganacl|Protect|p2a: Garganacl\n|-singleturn|p2a: Garganacl|Protect\n|move|p1a: Palutena|Drain Punch|p2a: Garganacl\n|-activate|p2a: Garganacl|move: Protect\n|\n|-damage|p1a: Palutena|16\/100|[from] Salt Cure\n|upkeep\n|turn|30\n|inactive|tw45terg has 120 seconds left.\n|\n|t:|1699653187\n|switch|p2a: Sinistcha|Sinistcha, tera:Fire|64\/100\n|-activate|p2a: Sinistcha|move: Sticky Web\n|-unboost|p2a: Sinistcha|spe|1\n|move|p1a: Palutena|Drain Punch|p2a: Sinistcha\n|-damage|p2a: Sinistcha|22\/100\n|-heal|p1a: Palutena|37\/100|[from] drain|[of] p2a: Sinistcha\n|\n|-heal|p2a: Sinistcha|28\/100|[from] item: Leftovers\n|-damage|p1a: Palutena|25\/100|[from] Salt Cure\n|upkeep\n|turn|31\n|inactive|tw45terg has 120 seconds left.\n|\n|t:|1699653207\n|switch|p2a: Ferrothorn|Ferrothorn, M|50\/100 par\n|-activate|p2a: Ferrothorn|move: Sticky Web\n|-unboost|p2a: Ferrothorn|spe|1\n|move|p1a: Palutena|Drain Punch|p2a: Ferrothorn\n|-supereffective|p2a: Ferrothorn\n|-damage|p2a: Ferrothorn|0 fnt\n|-heal|p1a: Palutena|51\/100|[from] drain|[of] p2a: Ferrothorn\n|-damage|p1a: Palutena|38\/100|[from] ability: Iron Barbs|[of] p2a: Ferrothorn\n|faint|p2a: Ferrothorn\n|\n|-damage|p1a: Palutena|26\/100|[from] Salt Cure\n|upkeep\n|\n|t:|1699653220\n|switch|p2a: Sinistcha|Sinistcha, tera:Fire|28\/100\n|-activate|p2a: Sinistcha|move: Sticky Web\n|-unboost|p2a: Sinistcha|spe|1\n|turn|32\n|\n|t:|1699653227\n|move|p1a: Palutena|Drain Punch|p2a: Sinistcha\n|-damage|p2a: Sinistcha|0 fnt\n|-heal|p1a: Palutena|40\/100|[from] drain|[of] p2a: Sinistcha\n|faint|p2a: Sinistcha\n|\n|-damage|p1a: Palutena|28\/100|[from] Salt Cure\n|upkeep\n|\n|t:|1699653234\n|switch|p2a: Garganacl|Garganacl, M|100\/100\n|-activate|p2a: Garganacl|move: Sticky Web\n|-unboost|p2a: Garganacl|spe|1\n|turn|33\n|\n|t:|1699653240\n|move|p2a: Garganacl|Protect|p2a: Garganacl\n|-singleturn|p2a: Garganacl|Protect\n|move|p1a: Palutena|Drain Punch|p2a: Garganacl\n|-activate|p2a: Garganacl|move: Protect\n|\n|-damage|p1a: Palutena|15\/100|[from] Salt Cure\n|upkeep\n|turn|34\n|inactive|tw45terg has 120 seconds left.\n|\n|t:|1699653249\n|move|p1a: Palutena|Drain Punch|p2a: Garganacl\n|-supereffective|p2a: Garganacl\n|-damage|p2a: Garganacl|21\/100\n|-heal|p1a: Palutena|62\/100|[from] drain|[of] p2a: Garganacl\n|move|p2a: Garganacl|Recover|p2a: Garganacl\n|-heal|p2a: Garganacl|71\/100\n|\n|-heal|p2a: Garganacl|77\/100|[from] item: Leftovers\n|-damage|p1a: Palutena|50\/100|[from] Salt Cure\n|upkeep\n|turn|35\n|-message|tw45terg forfeited.\n|\n|win|EABL XD\n|raw|EABL XD's rating: 1356 &rarr; <strong>1375<\/strong><br \/>(+19 for winning)\n|raw|tw45terg's rating: 1344 &rarr; <strong>1325<\/strong><br \/>(-19 for losing)\n|l|\u2606tw45terg\n","uploadtime":1699653259,"views":9,"p1id":"eablxd","p2id":"tw45terg","formatid":"gen9nationaldex","rating":1325,"private":0,"password":""}