{"id":"gen9nationaldex-1988012907","p1":"Blake-Mamba","p2":"Lucas Platino","format":"[Gen 9] National Dex","log":"|j|\u2606Blake-Mamba\n|j|\u2606Lucas Platino\n|t:|1699659099\n|gametype|singles\n|player|p1|Blake-Mamba|juan|1367\n|player|p2|Lucas Platino|turo|1299\n|teamsize|p1|6\n|teamsize|p2|6\n|gen|9\n|tier|[Gen 9] National Dex\n|rated|\n|rule|HP Percentage Mod: HP is shown in percentages\n|rule|Endless Battle Clause: Forcing endless battles is banned\n|rule|OHKO Clause: OHKO moves are banned\n|rule|Evasion Clause: Evasion abilities, items, and moves are banned\n|rule|Evasion Abilities Clause: Evasion abilities are banned\n|rule|Evasion Items Clause: Evasion items are banned\n|rule|Evasion Moves Clause: Evasion moves are banned\n|rule|Species Clause: Limit one of each Pok\u00e9mon\n|rule|Sleep Clause Mod: Limit one foe put to sleep\n|clearpoke\n|poke|p1|Cinccino, F|\n|poke|p1|Zebstrika, F|\n|poke|p1|Ferrothorn, F|\n|poke|p1|Seismitoad, F|\n|poke|p1|Krookodile, M|\n|poke|p1|Emboar, F|\n|poke|p2|Greninja-*, M|\n|poke|p2|Aegislash, M|\n|poke|p2|Heliolisk, M|\n|poke|p2|Tyrantrum, M|\n|poke|p2|Sylveon, F|\n|poke|p2|Hawlucha, M|\n|teampreview\n|c|\u2606Lucas Platino|i love unova\n|\n|t:|1699659115\n|start\n|switch|p1a: Cinccino|Cinccino, F|100\/100\n|switch|p2a: Tyrantrum|Tyrantrum, M|100\/100\n|turn|1\n|c|\u2606Blake-Mamba|Me too ^_^. It\u2019s my old play through team\n|\n|t:|1699659130\n|move|p1a: Cinccino|Triple Axel|p2a: Tyrantrum\n|-supereffective|p2a: Tyrantrum\n|-damage|p2a: Tyrantrum|75\/100\n|-supereffective|p2a: Tyrantrum\n|-crit|p2a: Tyrantrum\n|-damage|p2a: Tyrantrum|6\/100\n|-supereffective|p2a: Tyrantrum\n|-damage|p2a: Tyrantrum|0 fnt\n|faint|p2a: Tyrantrum\n|-hitcount|p2: Tyrantrum|3\n|-damage|p1a: Cinccino|91\/100|[from] item: Life Orb\n|\n|upkeep\n|\n|t:|1699659139\n|switch|p2a: Aegislash|Aegislash, M|100\/100\n|turn|2\n|\n|t:|1699659144\n|switch|p1a: Ferrothorn|Ferrothorn, F|100\/100\n|move|p2a: Aegislash|Swords Dance|p2a: Aegislash\n|-boost|p2a: Aegislash|atk|2\n|\n|upkeep\n|turn|3\n|\n|t:|1699659157\n|-terastallize|p1a: Ferrothorn|Ghost\n|move|p2a: Aegislash|King's Shield|p2a: Aegislash\n|-singleturn|p2a: Aegislash|Protect\n|move|p1a: Ferrothorn|Iron Defense|p1a: Ferrothorn\n|-boost|p1a: Ferrothorn|def|2\n|\n|upkeep\n|turn|4\n|\n|t:|1699659165\n|move|p2a: Aegislash|Swords Dance|p2a: Aegislash\n|-boost|p2a: Aegislash|atk|2\n|move|p1a: Ferrothorn|Leech Seed|p2a: Aegislash\n|-start|p2a: Aegislash|move: Leech Seed\n|\n|-damage|p2a: Aegislash|88\/100|[from] Leech Seed|[of] p1a: Ferrothorn\n|upkeep\n|turn|5\n|\n|t:|1699659173\n|-formechange|p2a: Aegislash|Aegislash-Blade||[from] ability: Stance Change\n|move|p2a: Aegislash|Shadow Sneak|p1a: Ferrothorn\n|-supereffective|p1a: Ferrothorn\n|-damage|p1a: Ferrothorn|65\/100\n|-damage|p2a: Aegislash|76\/100|[from] ability: Iron Barbs|[of] p1a: Ferrothorn\n|-damage|p2a: Aegislash|60\/100|[from] item: Rocky Helmet|[of] p1a: Ferrothorn\n|move|p1a: Ferrothorn|Iron Defense|p1a: Ferrothorn\n|-boost|p1a: Ferrothorn|def|2\n|\n|-damage|p2a: Aegislash|47\/100|[from] Leech Seed|[of] p1a: Ferrothorn\n|-heal|p1a: Ferrothorn|74\/100|[silent]\n|upkeep\n|turn|6\n|\n|t:|1699659186\n|switch|p2a: Greninja|Greninja, M|100\/100\n|move|p1a: Ferrothorn|Body Press|p2a: Greninja\n|-supereffective|p2a: Greninja\n|-damage|p2a: Greninja|0 fnt\n|faint|p2a: Greninja\n|\n|upkeep\n|-message|Lucas Platino forfeited.\n|\n|win|Blake-Mamba\n|raw|Blake-Mamba's rating: 1367 &rarr; <strong>1383<\/strong><br \/>(+16 for winning)\n|raw|Lucas Platino's rating: 1299 &rarr; <strong>1279<\/strong><br \/>(-20 for losing)\n|l|\u2606Lucas Platino\n","uploadtime":1699659211,"views":20,"p1id":"blakemamba","p2id":"lucasplatino","formatid":"gen9nationaldex","rating":1279,"private":0,"password":""}