{"id":"gen9nationaldex-1991577992","p1":"lemur8888","p2":"enderiscool)","format":"[Gen 9] National Dex","log":"|j|\u2606lemur8888\n|j|\u2606enderiscool)\n|t:|1700090323\n|gametype|singles\n|player|p1|lemur8888|lucas|1070\n|player|p2|enderiscool)|266|1000\n|teamsize|p1|4\n|teamsize|p2|6\n|gen|9\n|tier|[Gen 9] National Dex\n|rated|\n|rule|HP Percentage Mod: HP is shown in percentages\n|rule|Endless Battle Clause: Forcing endless battles is banned\n|rule|OHKO Clause: OHKO moves are banned\n|rule|Evasion Clause: Evasion abilities, items, and moves are banned\n|rule|Evasion Abilities Clause: Evasion abilities are banned\n|rule|Evasion Items Clause: Evasion items are banned\n|rule|Evasion Moves Clause: Evasion moves are banned\n|rule|Species Clause: Limit one of each Pok\u00e9mon\n|rule|Sleep Clause Mod: Limit one foe put to sleep\n|clearpoke\n|poke|p1|Glimmora, M|\n|poke|p1|Meganium, F|\n|poke|p1|Tropius, M|\n|poke|p1|Haxorus, M|\n|poke|p2|Charizard, F|\n|poke|p2|Gengar, M|\n|poke|p2|Machamp, F|\n|poke|p2|Zoroark, M|\n|poke|p2|Toxtricity, F|\n|poke|p2|Great Tusk|\n|teampreview\n|inactive|Battle timer is ON: inactive players will automatically lose when time's up. (requested by lemur8888)\n|\n|t:|1700090365\n|start\n|switch|p1a: Luma|Glimmora, M|100\/100\n|switch|p2a: Great Tusk|Great Tusk|100\/100\n|turn|1\n|inactiveoff|Battle timer is now OFF.\n|\n|t:|1700090381\n|move|p2a: Great Tusk|Night Slash|p1a: Luma\n|-damage|p1a: Luma|62\/100\n|-activate|p1a: Luma|ability: Toxic Debris\n|-sidestart|p2: enderiscool)|move: Toxic Spikes\n|move|p1a: Luma|Stealth Rock|p2a: Great Tusk\n|-sidestart|p2: enderiscool)|move: Stealth Rock\n|\n|upkeep\n|turn|2\n|\n|t:|1700090393\n|move|p2a: Great Tusk|Night Slash|p1a: Luma\n|-damage|p1a: Luma|24\/100\n|-activate|p1a: Luma|ability: Toxic Debris\n|-sidestart|p2: enderiscool)|move: Toxic Spikes\n|move|p1a: Luma|Toxic Spikes||[still]\n|-fail|p1a: Luma\n|\n|upkeep\n|turn|3\n|\n|t:|1700090405\n|move|p2a: Great Tusk|Night Slash|p1a: Luma\n|-damage|p1a: Luma|0 fnt\n|faint|p1a: Luma\n|\n|upkeep\n|\n|t:|1700090421\n|switch|p1a: apple|Meganium, F|100\/100\n|turn|4\n|\n|t:|1700090428\n|move|p2a: Great Tusk|Night Slash|p1a: apple\n|-crit|p1a: apple\n|-damage|p1a: apple|47\/100\n|move|p1a: apple|Leech Seed|p2a: Great Tusk\n|-start|p2a: Great Tusk|move: Leech Seed\n|\n|-heal|p1a: apple|54\/100|[from] item: Leftovers\n|-damage|p2a: Great Tusk|88\/100|[from] Leech Seed|[of] p1a: apple\n|-heal|p1a: apple|63\/100|[silent]\n|upkeep\n|turn|5\n|\n|t:|1700090439\n|move|p1a: apple|Protect|p1a: apple\n|-singleturn|p1a: apple|Protect\n|move|p2a: Great Tusk|Night Slash|p1a: apple\n|-activate|p1a: apple|move: Protect\n|\n|-heal|p1a: apple|69\/100|[from] item: Leftovers\n|-damage|p2a: Great Tusk|76\/100|[from] Leech Seed|[of] p1a: apple\n|-heal|p1a: apple|79\/100|[silent]\n|upkeep\n|turn|6\n|\n|t:|1700090452\n|move|p2a: Great Tusk|Night Slash|p1a: apple\n|-crit|p1a: apple\n|-damage|p1a: apple|23\/100\n|move|p1a: apple|Giga Drain|p2a: Great Tusk\n|-damage|p2a: Great Tusk|24\/100\n|-heal|p1a: apple|44\/100|[from] drain|[of] p2a: Great Tusk\n|replace|p2a: Zoroark|Zoroark, M\n|-end|p2a: Zoroark|Illusion\n|\n|-heal|p1a: apple|50\/100|[from] item: Leftovers\n|-damage|p2a: Zoroark|12\/100|[from] Leech Seed|[of] p1a: apple\n|-heal|p1a: apple|59\/100|[silent]\n|upkeep\n|turn|7\n|\n|t:|1700090469\n|switch|p2a: Toxtricity|Toxtricity, F|100\/100\n|-sideend|p2: enderiscool)|move: Toxic Spikes|[of] p2a: Toxtricity\n|move|p1a: apple|Protect||[still]\n|-fail|p1a: apple\n|\n|-heal|p1a: apple|65\/100|[from] item: Leftovers\n|upkeep\n|turn|8\n|\n|t:|1700090480\n|move|p1a: apple|Protect|p1a: apple\n|-singleturn|p1a: apple|Protect\n|move|p2a: Toxtricity|Sludge Bomb|p1a: apple\n|-activate|p1a: apple|move: Protect\n|\n|-heal|p1a: apple|71\/100|[from] item: Leftovers\n|upkeep\n|turn|9\n|\n|t:|1700090491\n|-terastallize|p1a: apple|Dragon\n|move|p2a: Toxtricity|Sludge Bomb|p1a: apple\n|-damage|p1a: apple|41\/100\n|-status|p1a: apple|psn\n|move|p1a: apple|Substitute|p1a: apple\n|-start|p1a: apple|Substitute\n|-damage|p1a: apple|16\/100 psn\n|\n|-heal|p1a: apple|22\/100 psn|[from] item: Leftovers\n|-damage|p1a: apple|10\/100 psn|[from] psn\n|upkeep\n|turn|10\n|\n|t:|1700090505\n|move|p2a: Toxtricity|Sludge Bomb|p1a: apple\n|-end|p1a: apple|Substitute\n|move|p1a: apple|Leech Seed|p2a: Toxtricity\n|-start|p2a: Toxtricity|move: Leech Seed\n|\n|-heal|p1a: apple|16\/100 psn|[from] item: Leftovers\n|-damage|p2a: Toxtricity|88\/100|[from] Leech Seed|[of] p1a: apple\n|-heal|p1a: apple|26\/100 psn|[silent]\n|-damage|p1a: apple|14\/100 psn|[from] psn\n|upkeep\n|turn|11\n|\n|t:|1700090515\n|move|p1a: apple|Protect|p1a: apple\n|-singleturn|p1a: apple|Protect\n|move|p2a: Toxtricity|Discharge|p1a: apple\n|-activate|p1a: apple|move: Protect\n|\n|-heal|p1a: apple|20\/100 psn|[from] item: Leftovers\n|-damage|p2a: Toxtricity|76\/100|[from] Leech Seed|[of] p1a: apple\n|-heal|p1a: apple|30\/100 psn|[silent]\n|-damage|p1a: apple|18\/100 psn|[from] psn\n|upkeep\n|turn|12\n|\n|t:|1700090527\n|move|p2a: Toxtricity|Poison Jab|p1a: apple\n|-damage|p1a: apple|0 fnt\n|faint|p1a: apple\n|\n|upkeep\n|\n|t:|1700090532\n|switch|p1a: green bird|Tropius, M|100\/100\n|turn|13\n|\n|t:|1700090541\n|move|p2a: Toxtricity|Discharge|p1a: green bird\n|-damage|p1a: green bird|72\/100\n|-status|p1a: green bird|par\n|move|p1a: green bird|Leech Seed|p2a: Toxtricity|[miss]\n|-miss|p1a: green bird|p2a: Toxtricity\n|\n|-damage|p2a: Toxtricity|64\/100|[from] Leech Seed|[of] p1a: green bird\n|-heal|p1a: green bird|83\/100 par|[silent]\n|upkeep\n|turn|14\n|\n|t:|1700090559\n|cant|p1a: green bird|par\n|move|p2a: Toxtricity|Sludge Bomb|p1a: green bird\n|-supereffective|p1a: green bird\n|-damage|p1a: green bird|19\/100 par\n|-enditem|p1a: green bird|Aguav Berry|[eat]\n|-heal|p1a: green bird|52\/100 par|[from] item: Aguav Berry\n|\n|-damage|p2a: Toxtricity|52\/100|[from] Leech Seed|[of] p1a: green bird\n|-heal|p1a: green bird|63\/100 par|[silent]\n|-item|p1a: green bird|Aguav Berry|[from] ability: Harvest\n|upkeep\n|turn|15\n|\n|t:|1700090570\n|move|p1a: green bird|Protect|p1a: green bird\n|-singleturn|p1a: green bird|Protect\n|move|p2a: Toxtricity|Sludge Bomb|p1a: green bird\n|-activate|p1a: green bird|move: Protect\n|\n|-damage|p2a: Toxtricity|39\/100|[from] Leech Seed|[of] p1a: green bird\n|-heal|p1a: green bird|75\/100 par|[silent]\n|upkeep\n|turn|16\n|\n|t:|1700090580\n|move|p1a: green bird|Endure||[still]\n|-fail|p1a: green bird\n|move|p2a: Toxtricity|Sludge Bomb|p1a: green bird\n|-supereffective|p1a: green bird\n|-damage|p1a: green bird|2\/100 par\n|-enditem|p1a: green bird|Aguav Berry|[eat]\n|-heal|p1a: green bird|35\/100 par|[from] item: Aguav Berry\n|\n|-damage|p2a: Toxtricity|27\/100|[from] Leech Seed|[of] p1a: green bird\n|-heal|p1a: green bird|47\/100 par|[silent]\n|-item|p1a: green bird|Aguav Berry|[from] ability: Harvest\n|upkeep\n|turn|17\n|\n|t:|1700090592\n|move|p2a: Toxtricity|Sludge Bomb|p1a: green bird\n|-supereffective|p1a: green bird\n|-damage|p1a: green bird|0 fnt\n|faint|p1a: green bird\n|\n|upkeep\n|\n|t:|1700090597\n|switch|p1a: ark survival evol|Haxorus, M, shiny|100\/100\n|-ability|p1a: ark survival evol|Mold Breaker\n|turn|18\n|\n|t:|1700090604\n|switch|p2a: Charizard|Charizard, F|100\/100\n|-damage|p2a: Charizard|50\/100|[from] Stealth Rock\n|move|p1a: ark survival evol|Earthquake|p2a: Charizard\n|-immune|p2a: Charizard\n|\n|upkeep\n|turn|19\n|\n|t:|1700090619\n|switch|p2a: Machamp|Machamp, F|100\/100\n|-damage|p2a: Machamp|94\/100|[from] Stealth Rock\n|move|p1a: ark survival evol|Swords Dance|p1a: ark survival evol\n|-boost|p1a: ark survival evol|atk|2\n|\n|-heal|p2a: Machamp|100\/100|[from] item: Leftovers\n|upkeep\n|turn|20\n|\n|t:|1700090644\n|move|p1a: ark survival evol|Swords Dance|p1a: ark survival evol\n|-boost|p1a: ark survival evol|atk|2\n|move|p2a: Machamp|Ice Punch|p1a: ark survival evol\n|-supereffective|p1a: ark survival evol\n|-damage|p1a: ark survival evol|42\/100\n|\n|upkeep\n|turn|21\n|\n|t:|1700090651\n|move|p1a: ark survival evol|Earthquake|p2a: Machamp\n|-damage|p2a: Machamp|0 fnt\n|faint|p2a: Machamp\n|-damage|p1a: ark survival evol|32\/100|[from] item: Life Orb\n|\n|upkeep\n|\n|t:|1700090657\n|switch|p2a: Gengar|Gengar, M|100\/100\n|-damage|p2a: Gengar|88\/100|[from] Stealth Rock\n|turn|22\n|\n|t:|1700090662\n|move|p1a: ark survival evol|Earthquake|p2a: Gengar\n|-supereffective|p2a: Gengar\n|-damage|p2a: Gengar|0 fnt\n|faint|p2a: Gengar\n|-damage|p1a: ark survival evol|22\/100|[from] item: Life Orb\n|\n|upkeep\n|\n|t:|1700090671\n|switch|p2a: Great Tusk|Great Tusk|100\/100\n|-damage|p2a: Great Tusk|97\/100|[from] Stealth Rock\n|turn|23\n|\n|t:|1700090687\n|move|p1a: ark survival evol|Earthquake|p2a: Great Tusk\n|-crit|p2a: Great Tusk\n|-damage|p2a: Great Tusk|0 fnt\n|faint|p2a: Great Tusk\n|-end|p2a: Great Tusk|Protosynthesis|[silent]\n|-damage|p1a: ark survival evol|12\/100|[from] item: Life Orb\n|\n|upkeep\n|\n|t:|1700090700\n|switch|p2a: Charizard|Charizard, F|50\/100\n|-damage|p2a: Charizard|0 fnt|[from] Stealth Rock\n|faint|p2a: Charizard\n|\n|t:|1700090705\n|switch|p2a: Toxtricity|Toxtricity, F|12\/100\n|-damage|p2a: Toxtricity|0 fnt|[from] Stealth Rock\n|faint|p2a: Toxtricity\n|\n|t:|1700090717\n|switch|p2a: Toxtricity|Toxtricity, F|27\/100\n|turn|24\n|\n|t:|1700090730\n|move|p1a: ark survival evol|Earthquake|p2a: Toxtricity\n|-supereffective|p2a: Toxtricity\n|-crit|p2a: Toxtricity\n|-damage|p2a: Toxtricity|0 fnt\n|faint|p2a: Toxtricity\n|-damage|p1a: ark survival evol|2\/100|[from] item: Life Orb\n|\n|win|lemur8888\n|raw|lemur8888's rating: 1070 &rarr; <strong>1094<\/strong><br \/>(+24 for winning)\n|raw|enderiscool)'s rating: 1000 &rarr; <strong>1000<\/strong><br \/>(+0 for losing)\n|l|\u2606enderiscool)\n","uploadtime":1700090984,"views":5,"p1id":"lemur8888","p2id":"enderiscool","formatid":"gen9nationaldex","rating":1000,"private":0,"password":""}