{"id":"gen9nationaldex-1999876235","p1":"DuxPraetorRex","p2":"LePokeRoi","format":"[Gen 9] National Dex","log":"|html|<div class=\"broadcast-blue\"><strong>[Gen 9] National Dex is currently suspecting Sneasler! For information on how to participate check out the <a href=\"https:\/\/www.smogon.com\/forums\/threads\/sv-national-dex-suspect-8-just-dance.3731534\/\">suspect thread<\/a>.<\/strong><\/div>\n|j|\u2606DuxPraetorRex\n|j|\u2606LePokeRoi\n|t:|1701125315\n|gametype|singles\n|player|p1|DuxPraetorRex|170|\n|player|p2|LePokeRoi|giovanni|\n|teamsize|p1|6\n|teamsize|p2|6\n|gen|9\n|tier|[Gen 9] National Dex\n|rule|HP Percentage Mod: HP is shown in percentages\n|rule|Endless Battle Clause: Forcing endless battles is banned\n|rule|OHKO Clause: OHKO moves are banned\n|rule|Evasion Clause: Evasion abilities, items, and moves are banned\n|rule|Evasion Abilities Clause: Evasion abilities are banned\n|rule|Evasion Items Clause: Evasion items are banned\n|rule|Evasion Moves Clause: Evasion moves are banned\n|rule|Species Clause: Limit one of each Pok\u00e9mon\n|rule|Sleep Clause Mod: Limit one foe put to sleep\n|clearpoke\n|poke|p1|Zoroark-Hisui, F|\n|poke|p1|Scream Tail|\n|poke|p1|Ting-Lu|\n|poke|p1|Zamazenta-*|\n|poke|p1|Volcarona, F|\n|poke|p1|Skeledirge, F|\n|poke|p2|Samurott-Hisui, M|\n|poke|p2|Slowking-Galar, M|\n|poke|p2|Scizor, F|\n|poke|p2|Cinderace, F|\n|poke|p2|Serperior, M|\n|poke|p2|Rotom-Wash|\n|teampreview\n|j| Nman423\n|c| Nman423|Good luck guys!\n|c|\u2606LePokeRoi|ty\n|\n|t:|1701125420\n|start\n|switch|p1a: Ting-Lu|Ting-Lu|100\/100\n|switch|p2a: GE|Rotom-Wash|100\/100\n|-ability|p1a: Ting-Lu|Vessel of Ruin\n|turn|1\n|\n|t:|1701125446\n|move|p2a: GE|Hydro Pump|p1a: Ting-Lu\n|-supereffective|p1a: Ting-Lu\n|-damage|p1a: Ting-Lu|61\/100\n|move|p1a: Ting-Lu|Taunt|p2a: GE\n|-start|p2a: GE|move: Taunt\n|\n|upkeep\n|turn|2\n|\n|t:|1701125481\n|move|p2a: GE|Hydro Pump|p1a: Ting-Lu\n|-supereffective|p1a: Ting-Lu\n|-damage|p1a: Ting-Lu|18\/100\n|move|p1a: Ting-Lu|Sunny Day|p1a: Ting-Lu\n|-weather|SunnyDay\n|\n|-weather|SunnyDay|[upkeep]\n|upkeep\n|turn|3\n|\n|t:|1701125497\n|switch|p1a: Scream Tail|Scream Tail|100\/100\n|-activate|p1a: Scream Tail|ability: Protosynthesis\n|-start|p1a: Scream Tail|protosynthesisspe\n|move|p2a: GE|Volt Switch|p1a: Scream Tail\n|-damage|p1a: Scream Tail|84\/100\n|\n|t:|1701125544\n|switch|p2a: Viscera|Scizor, F|100\/100|[from] Volt Switch\n|\n|-weather|SunnyDay|[upkeep]\n|upkeep\n|turn|4\n|\n|t:|1701125562\n|move|p2a: Viscera|Bullet Punch|p1a: Scream Tail\n|-supereffective|p1a: Scream Tail\n|-damage|p1a: Scream Tail|22\/100\n|-damage|p2a: Viscera|91\/100|[from] item: Life Orb\n|move|p1a: Scream Tail|Stealth Rock|p2a: Viscera\n|-sidestart|p2: LePokeRoi|move: Stealth Rock\n|\n|-weather|SunnyDay|[upkeep]\n|upkeep\n|turn|5\n|\n|t:|1701125583\n|-end|p1a: Scream Tail|Protosynthesis|[silent]\n|switch|p1a: Zamazenta|Zamazenta|100\/100\n|-ability|p1a: Zamazenta|Dauntless Shield|boost\n|-boost|p1a: Zamazenta|def|1\n|move|p2a: Viscera|Knock Off|p1a: Zamazenta\n|-resisted|p1a: Zamazenta\n|-damage|p1a: Zamazenta|89\/100\n|-enditem|p1a: Zamazenta|Leftovers|[from] move: Knock Off|[of] p2a: Viscera\n|-damage|p2a: Viscera|81\/100|[from] item: Life Orb\n|\n|-weather|SunnyDay|[upkeep]\n|upkeep\n|turn|6\n|\n|t:|1701125597\n|switch|p2a: I'm Joe-King|Slowking-Galar, M|100\/100\n|-damage|p2a: I'm Joe-King|88\/100|[from] Stealth Rock\n|move|p1a: Zamazenta|Iron Defense|p1a: Zamazenta\n|-boost|p1a: Zamazenta|def|2\n|\n|-weather|none\n|upkeep\n|turn|7\n|\n|t:|1701125619\n|move|p1a: Zamazenta|Substitute|p1a: Zamazenta\n|-start|p1a: Zamazenta|Substitute\n|-damage|p1a: Zamazenta|64\/100\n|move|p2a: I'm Joe-King|Toxic Spikes|p1a: Zamazenta\n|-sidestart|p1: DuxPraetorRex|move: Toxic Spikes\n|\n|upkeep\n|turn|8\n|\n|t:|1701125634\n|move|p1a: Zamazenta|Crunch|p2a: I'm Joe-King\n|-supereffective|p2a: I'm Joe-King\n|-damage|p2a: I'm Joe-King|59\/100\n|-damage|p1a: Zamazenta|48\/100|[from] item: Rocky Helmet|[of] p2a: I'm Joe-King\n|move|p2a: I'm Joe-King|Toxic Spikes|p1a: Zamazenta\n|-sidestart|p1: DuxPraetorRex|move: Toxic Spikes\n|\n|upkeep\n|turn|9\n|\n|t:|1701125660\n|move|p1a: Zamazenta|Crunch|p2a: I'm Joe-King\n|-supereffective|p2a: I'm Joe-King\n|-damage|p2a: I'm Joe-King|29\/100\n|-damage|p1a: Zamazenta|31\/100|[from] item: Rocky Helmet|[of] p2a: I'm Joe-King\n|move|p2a: I'm Joe-King|Slack Off|p2a: I'm Joe-King\n|-heal|p2a: I'm Joe-King|79\/100\n|\n|upkeep\n|turn|10\n|\n|t:|1701125679\n|move|p1a: Zamazenta|Iron Defense|p1a: Zamazenta\n|-boost|p1a: Zamazenta|def|2\n|move|p2a: I'm Joe-King|Slack Off|p2a: I'm Joe-King\n|-heal|p2a: I'm Joe-King|100\/100\n|\n|upkeep\n|turn|11\n|\n|t:|1701125722\n|switch|p1a: Volcarona|Volcarona, F|100\/100\n|-status|p1a: Volcarona|tox\n|move|p2a: I'm Joe-King|Eerie Spell|p1a: Volcarona\n|-damage|p1a: Volcarona|71\/100 tox\n|\n|-damage|p1a: Volcarona|65\/100 tox|[from] psn\n|upkeep\n|turn|12\n|\n|t:|1701125739\n|move|p1a: Volcarona|Giga Drain|p2a: I'm Joe-King\n|-resisted|p2a: I'm Joe-King\n|-damage|p2a: I'm Joe-King|90\/100\n|-heal|p1a: Volcarona|72\/100 tox|[from] drain|[of] p2a: I'm Joe-King\n|move|p2a: I'm Joe-King|Scald|p1a: Volcarona\n|-supereffective|p1a: Volcarona\n|-damage|p1a: Volcarona|26\/100 tox\n|\n|-damage|p1a: Volcarona|14\/100 tox|[from] psn\n|upkeep\n|turn|13\n|\n|t:|1701125759\n|move|p1a: Volcarona|Defog|p2a: I'm Joe-King\n|-unboost|p2a: I'm Joe-King|evasion|1\n|-sideend|p2: LePokeRoi|Stealth Rock|[from] move: Defog|[of] p1a: Volcarona\n|-sideend|p1: DuxPraetorRex|Toxic Spikes|[from] move: Defog|[of] p1a: Volcarona\n|move|p2a: I'm Joe-King|Scald|p1a: Volcarona\n|-supereffective|p1a: Volcarona\n|-damage|p1a: Volcarona|0 fnt\n|faint|p1a: Volcarona\n|\n|upkeep\n|\n|t:|1701125790\n|switch|p1a: Skeledirge|Skeledirge, F|100\/100\n|turn|14\n|\n|t:|1701125805\n|switch|p2a: Pheonix|Samurott-Hisui, M|100\/100\n|move|p1a: Skeledirge|Sing|p2a: Pheonix\n|-status|p2a: Pheonix|slp|[from] move: Sing\n|\n|upkeep\n|turn|15\n|\n|t:|1701125820\n|switch|p2a: GE|Rotom-Wash|100\/100\n|move|p1a: Skeledirge|Torch Song|p2a: GE\n|-resisted|p2a: GE\n|-damage|p2a: GE|88\/100\n|-boost|p1a: Skeledirge|spa|1\n|\n|-heal|p2a: GE|94\/100|[from] item: Leftovers\n|upkeep\n|turn|16\n|\n|t:|1701125834\n|move|p2a: GE|Hydro Pump|p1a: Skeledirge|[miss]\n|-miss|p2a: GE|p1a: Skeledirge\n|move|p1a: Skeledirge|Shadow Ball|p2a: GE\n|-damage|p2a: GE|61\/100\n|\n|-heal|p2a: GE|67\/100|[from] item: Leftovers\n|upkeep\n|turn|17\n|\n|t:|1701125847\n|move|p2a: GE|Hydro Pump|p1a: Skeledirge\n|-supereffective|p1a: Skeledirge\n|-damage|p1a: Skeledirge|19\/100\n|move|p1a: Skeledirge|Shadow Ball|p2a: GE\n|-damage|p2a: GE|31\/100\n|\n|-heal|p2a: GE|37\/100|[from] item: Leftovers\n|upkeep\n|turn|18\n|\n|t:|1701125866\n|-terastallize|p1a: Skeledirge|Grass\n|move|p2a: GE|Volt Switch|p1a: Skeledirge\n|-resisted|p1a: Skeledirge\n|-damage|p1a: Skeledirge|6\/100\n|j| rhinoo58\n|\n|t:|1701125897\n|switch|p2a: Majesty|Serperior, M|100\/100|[from] Volt Switch\n|move|p1a: Skeledirge|Shadow Ball|p2a: Majesty\n|-damage|p2a: Majesty|47\/100\n|\n|upkeep\n|turn|19\n|j| Guhlendemn\n|\n|t:|1701125949\n|move|p2a: Majesty|Leaf Storm|p1a: Skeledirge\n|-resisted|p1a: Skeledirge\n|-damage|p1a: Skeledirge|0 fnt\n|-boost|p2a: Majesty|spa|2\n|faint|p1a: Skeledirge\n|\n|upkeep\n|\n|t:|1701125980\n|switch|p1a: Zamazenta|Zamazenta|31\/100\n|turn|20\n|\n|t:|1701125988\n|move|p2a: Majesty|Leaf Storm|p1a: Zamazenta\n|-damage|p1a: Zamazenta|0 fnt\n|-boost|p2a: Majesty|spa|2\n|faint|p1a: Zamazenta\n|\n|upkeep\n|\n|t:|1701125998\n|switch|p1a: Scream Tail|Scream Tail|22\/100\n|-enditem|p1a: Scream Tail|Booster Energy\n|-activate|p1a: Scream Tail|ability: Protosynthesis|[fromitem]\n|-start|p1a: Scream Tail|protosynthesisspe\n|turn|21\n|\n|t:|1701126019\n|move|p2a: Majesty|Leaf Storm|p1a: Scream Tail\n|-damage|p1a: Scream Tail|0 fnt\n|-boost|p2a: Majesty|spa|2\n|faint|p1a: Scream Tail\n|-end|p1a: Scream Tail|Protosynthesis|[silent]\n|\n|upkeep\n|\n|t:|1701126027\n|switch|p1a: Ting-Lu|Ting-Lu|100\/100\n|turn|22\n|\n|t:|1701126035\n|move|p2a: Majesty|Leaf Storm|p1a: Ting-Lu\n|-damage|p1a: Ting-Lu|0 fnt\n|replace|p1a: Zoroark|Zoroark-Hisui, F\n|-end|p1a: Zoroark|Illusion\n|faint|p1a: Zoroark\n|\n|upkeep\n|\n|t:|1701126040\n|switch|p1a: Ting-Lu|Ting-Lu|18\/100\n|-ability|p1a: Ting-Lu|Vessel of Ruin\n|turn|23\n|\n|t:|1701126045\n|move|p2a: Majesty|Leaf Storm|p1a: Ting-Lu\n|-supereffective|p1a: Ting-Lu\n|-damage|p1a: Ting-Lu|0 fnt\n|faint|p1a: Ting-Lu\n|\n|win|LePokeRoi\n","uploadtime":1701126052,"views":7,"p1id":"duxpraetorrex","p2id":"lepokeroi","formatid":"gen9nationaldex","rating":0,"private":0,"password":""}