{"id":"gen9nationaldex-1992119182","p1":"QSR-ZY","p2":"Droom Droom","format":"[Gen 9] National Dex","log":"|j|\u2606QSR-ZY\n|j|\u2606Droom Droom\n|t:|1700156659\n|gametype|singles\n|player|p1|QSR-ZY|hilda|1090\n|player|p2|Droom Droom|zinzolin|1101\n|teamsize|p1|6\n|teamsize|p2|6\n|gen|9\n|tier|[Gen 9] National Dex\n|rated|\n|rule|HP Percentage Mod: HP is shown in percentages\n|rule|Endless Battle Clause: Forcing endless battles is banned\n|rule|OHKO Clause: OHKO moves are banned\n|rule|Evasion Clause: Evasion abilities, items, and moves are banned\n|rule|Evasion Abilities Clause: Evasion abilities are banned\n|rule|Evasion Items Clause: Evasion items are banned\n|rule|Evasion Moves Clause: Evasion moves are banned\n|rule|Species Clause: Limit one of each Pok\u00e9mon\n|rule|Sleep Clause Mod: Limit one foe put to sleep\n|clearpoke\n|poke|p1|Kartana|\n|poke|p1|Swampert, M|\n|poke|p1|Pelipper, F|\n|poke|p1|Zapdos|\n|poke|p1|Scizor, F|\n|poke|p1|Kingdra, F|\n|poke|p2|Iron Valiant|\n|poke|p2|Mew|\n|poke|p2|Lopunny, F|\n|poke|p2|Samurott-Hisui, M|\n|poke|p2|Ferrothorn, M|\n|poke|p2|Dragonite, F|\n|teampreview\n|c|\u2606Droom Droom|Rain rain go away qwq\n|\n|t:|1700156684\n|start\n|switch|p1a: Pelipper|Pelipper, F|100\/100\n|switch|p2a: Samurott|Samurott-Hisui, M|100\/100\n|-weather|RainDance|[from] ability: Drizzle|[of] p1a: Pelipper\n|turn|1\n|\n|t:|1700156697\n|switch|p1a: Scizor|Scizor, F|100\/100\n|move|p2a: Samurott|Ceaseless Edge|p1a: Scizor\n|-damage|p1a: Scizor|59\/100\n|-damage|p2a: Samurott|84\/100|[from] item: Rocky Helmet|[of] p1a: Scizor\n|-sidestart|p1: QSR-ZY|Spikes\n|\n|-weather|RainDance|[upkeep]\n|upkeep\n|turn|2\n|\n|t:|1700156714\n|move|p2a: Samurott|Flip Turn|p1a: Scizor\n|-damage|p1a: Scizor|17\/100\n|-damage|p2a: Samurott|67\/100|[from] item: Rocky Helmet|[of] p1a: Scizor\n|\n|t:|1700156720\n|switch|p2a: Ferrothorn|Ferrothorn, M|100\/100|[from] Flip Turn\n|move|p1a: Scizor|Roost|p1a: Scizor\n|-heal|p1a: Scizor|67\/100\n|-singleturn|p1a: Scizor|move: Roost\n|\n|-weather|RainDance|[upkeep]\n|upkeep\n|turn|3\n|\n|t:|1700156740\n|switch|p1a: Kartana|Kartana|100\/100\n|-damage|p1a: Kartana|88\/100|[from] Spikes\n|move|p2a: Ferrothorn|Leech Seed|p1a: Kartana\n|-immune|p1a: Kartana\n|\n|-weather|RainDance|[upkeep]\n|upkeep\n|turn|4\n|\n|t:|1700156773\n|move|p1a: Kartana|Swords Dance|p1a: Kartana\n|-boost|p1a: Kartana|atk|2\n|move|p2a: Ferrothorn|Stealth Rock|p1a: Kartana\n|-sidestart|p1: QSR-ZY|move: Stealth Rock\n|\n|-weather|RainDance|[upkeep]\n|upkeep\n|turn|5\n|\n|t:|1700156781\n|move|p1a: Kartana|Swords Dance|p1a: Kartana\n|-boost|p1a: Kartana|atk|2\n|move|p2a: Ferrothorn|Gyro Ball|p1a: Kartana\n|-resisted|p1a: Kartana\n|-damage|p1a: Kartana|62\/100\n|\n|-weather|RainDance|[upkeep]\n|upkeep\n|turn|6\n|\n|t:|1700156788\n|move|p1a: Kartana|Sacred Sword|p2a: Ferrothorn\n|-supereffective|p2a: Ferrothorn\n|-damage|p2a: Ferrothorn|0 fnt\n|-damage|p1a: Kartana|49\/100|[from] ability: Iron Barbs|[of] p2a: Ferrothorn\n|faint|p2a: Ferrothorn\n|-ability|p1a: Kartana|Beast Boost|boost\n|-boost|p1a: Kartana|atk|1\n|-damage|p1a: Kartana|39\/100|[from] item: Life Orb\n|\n|-weather|RainDance|[upkeep]\n|upkeep\n|\n|t:|1700156798\n|switch|p2a: Lopunny|Lopunny, F|100\/100\n|turn|7\n|\n|t:|1700156802\n|detailschange|p2a: Lopunny|Lopunny-Mega, F\n|-mega|p2a: Lopunny|Lopunny|Lopunnite\n|move|p2a: Lopunny|Fake Out|p1a: Kartana\n|-resisted|p1a: Kartana\n|-damage|p1a: Kartana|28\/100\n|cant|p1a: Kartana|flinch\n|\n|-weather|RainDance|[upkeep]\n|upkeep\n|turn|8\n|\n|t:|1700156810\n|move|p2a: Lopunny|Close Combat|p1a: Kartana\n|-supereffective|p1a: Kartana\n|-damage|p1a: Kartana|0 fnt\n|-unboost|p2a: Lopunny|def|1\n|-unboost|p2a: Lopunny|spd|1\n|faint|p1a: Kartana\n|\n|-weather|none\n|upkeep\n|\n|t:|1700156819\n|switch|p1a: Pelipper|Pelipper, F|100\/100\n|-damage|p1a: Pelipper|75\/100|[from] Stealth Rock\n|-weather|RainDance|[from] ability: Drizzle|[of] p1a: Pelipper\n|turn|9\n|\n|t:|1700156835\n|move|p2a: Lopunny|Frustration|p1a: Pelipper\n|-damage|p1a: Pelipper|21\/100\n|move|p1a: Pelipper|Tailwind|p1a: Pelipper\n|-sidestart|p1: QSR-ZY|move: Tailwind\n|\n|-weather|RainDance|[upkeep]\n|upkeep\n|turn|10\n|\n|t:|1700156846\n|switch|p2a: Samurott|Samurott-Hisui, M|67\/100\n|move|p1a: Pelipper|Scald|p2a: Samurott\n|-resisted|p2a: Samurott\n|-damage|p2a: Samurott|23\/100\n|-status|p2a: Samurott|brn\n|\n|-weather|RainDance|[upkeep]\n|-damage|p2a: Samurott|16\/100 brn|[from] brn\n|upkeep\n|turn|11\n|\n|t:|1700156857\n|move|p1a: Pelipper|Hurricane|p2a: Samurott\n|-damage|p2a: Samurott|0 fnt\n|faint|p2a: Samurott\n|\n|-weather|RainDance|[upkeep]\n|upkeep\n|\n|t:|1700156862\n|switch|p2a: Lopunny|Lopunny-Mega, F|100\/100\n|turn|12\n|\n|t:|1700156866\n|move|p2a: Lopunny|Fake Out|p1a: Pelipper\n|-damage|p1a: Pelipper|0 fnt\n|faint|p1a: Pelipper\n|\n|-weather|RainDance|[upkeep]\n|-sideend|p1: QSR-ZY|move: Tailwind\n|upkeep\n|\n|t:|1700156878\n|switch|p1a: Swampert|Swampert, M|100\/100\n|-damage|p1a: Swampert|88\/100|[from] Spikes\n|-damage|p1a: Swampert|82\/100|[from] Stealth Rock\n|turn|13\n|\n|t:|1700156888\n|detailschange|p1a: Swampert|Swampert-Mega, M\n|-mega|p1a: Swampert|Swampert|Swampertite\n|move|p1a: Swampert|Liquidation|p2a: Lopunny\n|-damage|p2a: Lopunny|0 fnt\n|faint|p2a: Lopunny\n|\n|-weather|RainDance|[upkeep]\n|upkeep\n|\n|t:|1700156898\n|switch|p2a: Dragonite|Dragonite, F|100\/100\n|turn|14\n|\n|t:|1700156907\n|move|p1a: Swampert|Ice Punch|p2a: Dragonite\n|-supereffective|p2a: Dragonite\n|-damage|p2a: Dragonite|41\/100\n|move|p2a: Dragonite|Curse|p2a: Dragonite\n|-unboost|p2a: Dragonite|spe|1\n|-boost|p2a: Dragonite|atk|1\n|-boost|p2a: Dragonite|def|1\n|\n|-weather|RainDance|[upkeep]\n|upkeep\n|turn|15\n|\n|t:|1700156922\n|-terastallize|p2a: Dragonite|Normal\n|move|p1a: Swampert|Ice Punch|p2a: Dragonite\n|-damage|p2a: Dragonite|21\/100\n|move|p2a: Dragonite|Roost|p2a: Dragonite\n|-heal|p2a: Dragonite|71\/100\n|\n|-weather|RainDance|[upkeep]\n|upkeep\n|turn|16\n|\n|t:|1700156932\n|move|p1a: Swampert|Earthquake|p2a: Dragonite\n|-damage|p2a: Dragonite|30\/100\n|move|p2a: Dragonite|Curse|p2a: Dragonite\n|-unboost|p2a: Dragonite|spe|1\n|-boost|p2a: Dragonite|atk|1\n|-boost|p2a: Dragonite|def|1\n|\n|-weather|none\n|upkeep\n|turn|17\n|\n|t:|1700156941\n|move|p1a: Swampert|Earthquake|p2a: Dragonite\n|-damage|p2a: Dragonite|0 fnt\n|faint|p2a: Dragonite\n|\n|upkeep\n|\n|t:|1700156946\n|switch|p2a: Iron Valiant|Iron Valiant|100\/100\n|-enditem|p2a: Iron Valiant|Booster Energy\n|-activate|p2a: Iron Valiant|ability: Quark Drive|[fromitem]\n|-start|p2a: Iron Valiant|quarkdrivespe\n|turn|18\n|\n|t:|1700156964\n|switch|p1a: Zapdos|Zapdos|100\/100\n|-damage|p1a: Zapdos|76\/100|[from] Stealth Rock\n|move|p2a: Iron Valiant|Close Combat|p1a: Zapdos\n|-resisted|p1a: Zapdos\n|-damage|p1a: Zapdos|45\/100\n|-unboost|p2a: Iron Valiant|def|1\n|-unboost|p2a: Iron Valiant|spd|1\n|\n|upkeep\n|turn|19\n|\n|t:|1700156975\n|move|p2a: Iron Valiant|Dazzling Gleam|p1a: Zapdos\n|-damage|p1a: Zapdos|0 fnt\n|faint|p1a: Zapdos\n|\n|upkeep\n|\n|t:|1700156981\n|switch|p1a: Scizor|Scizor, F|67\/100\n|-damage|p1a: Scizor|54\/100|[from] Spikes\n|-damage|p1a: Scizor|42\/100|[from] Stealth Rock\n|turn|20\n|\n|t:|1700156988\n|move|p1a: Scizor|Bullet Punch|p2a: Iron Valiant\n|-supereffective|p2a: Iron Valiant\n|-damage|p2a: Iron Valiant|0 fnt\n|faint|p2a: Iron Valiant\n|-end|p2a: Iron Valiant|Quark Drive|[silent]\n|\n|upkeep\n|\n|t:|1700156993\n|switch|p2a: Mew|Mew|100\/100\n|turn|21\n|\n|t:|1700157002\n|move|p1a: Scizor|Bullet Punch|p2a: Mew\n|-damage|p2a: Mew|75\/100\n|move|p2a: Mew|Iron Defense|p2a: Mew\n|-boost|p2a: Mew|def|2\n|\n|upkeep\n|turn|22\n|\n|t:|1700157007\n|move|p1a: Scizor|Bullet Punch|p2a: Mew\n|-damage|p2a: Mew|60\/100\n|move|p2a: Mew|Iron Defense|p2a: Mew\n|-boost|p2a: Mew|def|2\n|\n|upkeep\n|turn|23\n|\n|t:|1700157014\n|move|p1a: Scizor|Bullet Punch|p2a: Mew\n|-damage|p2a: Mew|50\/100\n|move|p2a: Mew|Iron Defense|p2a: Mew\n|-boost|p2a: Mew|def|2\n|\n|upkeep\n|turn|24\n|\n|t:|1700157019\n|switch|p1a: Kingdra|Kingdra, F|100\/100\n|-damage|p1a: Kingdra|88\/100|[from] Spikes\n|-damage|p1a: Kingdra|76\/100|[from] Stealth Rock\n|move|p2a: Mew|Leech Life|p1a: Kingdra\n|-damage|p1a: Kingdra|50\/100\n|-heal|p2a: Mew|59\/100|[from] drain|[of] p1a: Kingdra\n|\n|upkeep\n|turn|25\n|\n|t:|1700157035\n|-zpower|p2a: Mew\n|move|p2a: Mew|Genesis Supernova|p1a: Kingdra|[zeffect]\n|-damage|p1a: Kingdra|0 fnt\n|-fieldstart|move: Psychic Terrain\n|faint|p1a: Kingdra\n|\n|upkeep\n|\n|t:|1700157042\n|switch|p1a: Swampert|Swampert-Mega, M|82\/100\n|-damage|p1a: Swampert|70\/100|[from] Spikes\n|-damage|p1a: Swampert|64\/100|[from] Stealth Rock\n|turn|26\n|\n|t:|1700157052\n|move|p1a: Swampert|Liquidation|p2a: Mew\n|-damage|p2a: Mew|48\/100\n|move|p2a: Mew|Psychic|p1a: Swampert\n|-damage|p1a: Swampert|25\/100\n|\n|upkeep\n|turn|27\n|\n|t:|1700157058\n|move|p1a: Swampert|Earthquake|p2a: Mew\n|-damage|p2a: Mew|34\/100\n|move|p2a: Mew|Psychic|p1a: Swampert\n|-damage|p1a: Swampert|0 fnt\n|faint|p1a: Swampert\n|\n|upkeep\n|\n|t:|1700157064\n|switch|p1a: Scizor|Scizor, F|42\/100\n|-damage|p1a: Scizor|29\/100|[from] Spikes\n|-damage|p1a: Scizor|17\/100|[from] Stealth Rock\n|turn|28\n|\n|t:|1700157070\n|move|p2a: Mew|Psychic|p1a: Scizor\n|-resisted|p1a: Scizor\n|-damage|p1a: Scizor|0 fnt\n|faint|p1a: Scizor\n|\n|win|Droom Droom\n|raw|QSR-ZY's rating: 1090 &rarr; <strong>1067<\/strong><br \/>(-23 for losing)\n|raw|Droom Droom's rating: 1101 &rarr; <strong>1125<\/strong><br \/>(+24 for winning)\n|c|\u2606Droom Droom|gg\n|l|\u2606QSR-ZY\n","uploadtime":1700157096,"views":6,"p1id":"qsrzy","p2id":"droomdroom","formatid":"gen9nationaldex","rating":1067,"private":0,"password":""}