{"id":"gen9nationaldex-1999961327","p1":"carasalazar","p2":"sumperkenny","format":"[Gen 9] National Dex","log":"|html|<div class=\"broadcast-blue\"><strong>[Gen 9] National Dex is currently suspecting Sneasler! For information on how to participate check out the <a href=\"https:\/\/www.smogon.com\/forums\/threads\/sv-national-dex-suspect-8-just-dance.3731534\/\">suspect thread<\/a>.<\/strong><\/div>\n|j|\u2606carasalazar\n|j|\u2606sumperkenny\n|t:|1701134948\n|gametype|singles\n|player|p1|carasalazar|firebreather|1122\n|player|p2|sumperkenny|fisherman-gen4|1207\n|teamsize|p1|6\n|teamsize|p2|6\n|gen|9\n|tier|[Gen 9] National Dex\n|rated|\n|rule|HP Percentage Mod: HP is shown in percentages\n|rule|Endless Battle Clause: Forcing endless battles is banned\n|rule|OHKO Clause: OHKO moves are banned\n|rule|Evasion Clause: Evasion abilities, items, and moves are banned\n|rule|Evasion Abilities Clause: Evasion abilities are banned\n|rule|Evasion Items Clause: Evasion items are banned\n|rule|Evasion Moves Clause: Evasion moves are banned\n|rule|Species Clause: Limit one of each Pok\u00e9mon\n|rule|Sleep Clause Mod: Limit one foe put to sleep\n|clearpoke\n|poke|p1|Pelipper, F|\n|poke|p1|Starmie|\n|poke|p1|Kingdra, M|\n|poke|p1|Swampert, M|\n|poke|p1|Ferrothorn, M|\n|poke|p1|Rotom-Wash|\n|poke|p2|Latias, F|\n|poke|p2|Skeledirge, F|\n|poke|p2|Clefable, M|\n|poke|p2|Ferrothorn, F|\n|poke|p2|Gliscor, F|\n|poke|p2|Tornadus-Therian, M|\n|teampreview\n|inactive|Battle timer is ON: inactive players will automatically lose when time's up. (requested by sumperkenny)\n|\n|t:|1701134956\n|start\n|switch|p1a: Ferrothorn|Ferrothorn, M, shiny|100\/100\n|switch|p2a: Ferrothorn|Ferrothorn, F|100\/100\n|turn|1\n|\n|t:|1701134967\n|move|p2a: Ferrothorn|Stealth Rock|p1a: Ferrothorn\n|-sidestart|p1: carasalazar|move: Stealth Rock\n|move|p1a: Ferrothorn|Stealth Rock|p2a: Ferrothorn\n|-sidestart|p2: sumperkenny|move: Stealth Rock\n|\n|upkeep\n|turn|2\n|\n|t:|1701134974\n|switch|p1a: Starmie|Starmie, shiny|100\/100\n|-damage|p1a: Starmie|88\/100|[from] Stealth Rock\n|move|p2a: Ferrothorn|Knock Off|p1a: Starmie\n|-supereffective|p1a: Starmie\n|-damage|p1a: Starmie|30\/100\n|-enditem|p1a: Starmie|Leftovers|[from] move: Knock Off|[of] p2a: Ferrothorn\n|\n|upkeep\n|turn|3\n|\n|t:|1701134980\n|move|p1a: Starmie|Rapid Spin|p2a: Ferrothorn\n|-resisted|p2a: Ferrothorn\n|-damage|p2a: Ferrothorn|97\/100\n|-boost|p1a: Starmie|spe|1\n|-damage|p1a: Starmie|18\/100|[from] ability: Iron Barbs|[of] p2a: Ferrothorn\n|-sideend|p1: carasalazar|Stealth Rock|[from] move: Rapid Spin|[of] p1a: Starmie\n|move|p2a: Ferrothorn|Power Whip|p1a: Starmie\n|-supereffective|p1a: Starmie\n|-damage|p1a: Starmie|0 fnt\n|faint|p1a: Starmie\n|\n|-heal|p2a: Ferrothorn|100\/100|[from] item: Leftovers\n|upkeep\n|\n|t:|1701134989\n|switch|p1a: Pelipper|Pelipper, F|100\/100\n|-weather|RainDance|[from] ability: Drizzle|[of] p1a: Pelipper\n|turn|4\n|\n|t:|1701134992\n|move|p1a: Pelipper|Scald|p2a: Ferrothorn\n|-resisted|p2a: Ferrothorn\n|-damage|p2a: Ferrothorn|89\/100\n|-status|p2a: Ferrothorn|brn\n|move|p2a: Ferrothorn|Stealth Rock|p1a: Pelipper\n|-sidestart|p1: carasalazar|move: Stealth Rock\n|\n|-weather|RainDance|[upkeep]\n|-heal|p2a: Ferrothorn|95\/100 brn|[from] item: Leftovers\n|-damage|p2a: Ferrothorn|89\/100 brn|[from] brn\n|upkeep\n|turn|5\n|\n|t:|1701135008\n|switch|p1a: Swampert|Swampert, M|100\/100\n|-damage|p1a: Swampert|94\/100|[from] Stealth Rock\n|move|p2a: Ferrothorn|Leech Seed|p1a: Swampert\n|-start|p1a: Swampert|move: Leech Seed\n|\n|-weather|RainDance|[upkeep]\n|-heal|p2a: Ferrothorn|95\/100 brn|[from] item: Leftovers\n|-damage|p1a: Swampert|82\/100|[from] Leech Seed|[of] p2a: Ferrothorn\n|-heal|p2a: Ferrothorn|100\/100 brn|[silent]\n|-damage|p2a: Ferrothorn|95\/100 brn|[from] brn\n|upkeep\n|turn|6\n|\n|t:|1701135015\n|detailschange|p1a: Swampert|Swampert-Mega, M\n|-mega|p1a: Swampert|Swampert|Swampertite\n|move|p1a: Swampert|Earthquake|p2a: Ferrothorn\n|-damage|p2a: Ferrothorn|42\/100 brn\n|move|p2a: Ferrothorn|Power Whip|p1a: Swampert\n|-supereffective|p1a: Swampert\n|-damage|p1a: Swampert|13\/100\n|\n|-weather|RainDance|[upkeep]\n|-heal|p2a: Ferrothorn|48\/100 brn|[from] item: Leftovers\n|-damage|p1a: Swampert|1\/100|[from] Leech Seed|[of] p2a: Ferrothorn\n|-heal|p2a: Ferrothorn|60\/100 brn|[silent]\n|-damage|p2a: Ferrothorn|54\/100 brn|[from] brn\n|upkeep\n|turn|7\n|\n|t:|1701135038\n|switch|p2a: Gliscor|Gliscor, F|100\/100\n|-damage|p2a: Gliscor|88\/100|[from] Stealth Rock\n|move|p1a: Swampert|Earthquake|p2a: Gliscor\n|-immune|p2a: Gliscor\n|\n|-weather|RainDance|[upkeep]\n|-damage|p1a: Swampert|0 fnt|[from] Leech Seed|[of] p2a: Gliscor\n|-heal|p2a: Gliscor|88\/100|[silent]\n|faint|p1a: Swampert\n|-status|p2a: Gliscor|tox|[from] item: Toxic Orb\n|upkeep\n|\n|t:|1701135046\n|switch|p1a: Rotom|Rotom-Wash, shiny|100\/100\n|-damage|p1a: Rotom|88\/100|[from] Stealth Rock\n|turn|8\n|\n|t:|1701135060\n|switch|p2a: Latias|Latias, F|100\/100\n|-damage|p2a: Latias|88\/100|[from] Stealth Rock\n|move|p1a: Rotom|Volt Switch|p2a: Latias\n|-resisted|p2a: Latias\n|-damage|p2a: Latias|68\/100\n|\n|t:|1701135073\n|switch|p1a: Kingdra|Kingdra, M|100\/100|[from] Volt Switch\n|-damage|p1a: Kingdra|88\/100|[from] Stealth Rock\n|\n|-weather|RainDance|[upkeep]\n|upkeep\n|turn|9\n|\n|t:|1701135078\n|switch|p2a: Clefable|Clefable, M|100\/100\n|move|p1a: Kingdra|Ice Beam|p2a: Clefable\n|-damage|p2a: Clefable|75\/100\n|\n|-weather|RainDance|[upkeep]\n|upkeep\n|turn|10\n|\n|t:|1701135096\n|switch|p1a: Rotom|Rotom-Wash, shiny|88\/100\n|-damage|p1a: Rotom|76\/100|[from] Stealth Rock\n|move|p2a: Clefable|Calm Mind|p2a: Clefable\n|-boost|p2a: Clefable|spa|1\n|-boost|p2a: Clefable|spd|1\n|\n|-weather|RainDance|[upkeep]\n|upkeep\n|turn|11\n|\n|t:|1701135110\n|move|p1a: Rotom|Volt Switch|p2a: Clefable\n|-damage|p2a: Clefable|44\/100\n|\n|t:|1701135114\n|switch|p1a: Pelipper|Pelipper, F|100\/100|[from] Volt Switch\n|-damage|p1a: Pelipper|75\/100|[from] Stealth Rock\n|move|p2a: Clefable|Calm Mind|p2a: Clefable\n|-boost|p2a: Clefable|spa|1\n|-boost|p2a: Clefable|spd|1\n|\n|-weather|none\n|upkeep\n|turn|12\n|\n|t:|1701135118\n|move|p1a: Pelipper|Toxic|p2a: Clefable\n|-status|p2a: Clefable|tox\n|move|p2a: Clefable|Soft-Boiled|p2a: Clefable\n|-heal|p2a: Clefable|94\/100 tox\n|\n|upkeep\n|turn|13\n|\n|t:|1701135127\n|switch|p1a: Ferrothorn|Ferrothorn, M, shiny|100\/100\n|-damage|p1a: Ferrothorn|94\/100|[from] Stealth Rock\n|move|p2a: Clefable|Moonblast|p1a: Ferrothorn\n|-resisted|p1a: Ferrothorn\n|-damage|p1a: Ferrothorn|70\/100\n|\n|upkeep\n|turn|14\n|\n|t:|1701135130\n|switch|p1a: Pelipper|Pelipper, F|75\/100\n|-damage|p1a: Pelipper|50\/100|[from] Stealth Rock\n|-weather|RainDance|[from] ability: Drizzle|[of] p1a: Pelipper\n|move|p2a: Clefable|Calm Mind|p2a: Clefable\n|-boost|p2a: Clefable|spa|1\n|-boost|p2a: Clefable|spd|1\n|\n|-weather|RainDance|[upkeep]\n|upkeep\n|turn|15\n|\n|t:|1701135136\n|move|p1a: Pelipper|Roost|p1a: Pelipper\n|-heal|p1a: Pelipper|100\/100\n|-singleturn|p1a: Pelipper|move: Roost\n|move|p2a: Clefable|Knock Off|p1a: Pelipper\n|-damage|p1a: Pelipper|85\/100\n|-enditem|p1a: Pelipper|Damp Rock|[from] move: Knock Off|[of] p2a: Clefable\n|\n|-weather|RainDance|[upkeep]\n|upkeep\n|turn|16\n|\n|t:|1701135143\n|switch|p1a: Rotom|Rotom-Wash, shiny|76\/100\n|-damage|p1a: Rotom|63\/100|[from] Stealth Rock\n|move|p2a: Clefable|Calm Mind|p2a: Clefable\n|-boost|p2a: Clefable|spa|1\n|-boost|p2a: Clefable|spd|1\n|\n|-weather|RainDance|[upkeep]\n|upkeep\n|turn|17\n|\n|t:|1701135146\n|move|p1a: Rotom|Volt Switch|p2a: Clefable\n|-damage|p2a: Clefable|78\/100 tox\n|\n|t:|1701135150\n|switch|p1a: Kingdra|Kingdra, M|88\/100|[from] Volt Switch\n|-damage|p1a: Kingdra|76\/100|[from] Stealth Rock\n|move|p2a: Clefable|Moonblast|p1a: Kingdra\n|-supereffective|p1a: Kingdra\n|-damage|p1a: Kingdra|0 fnt\n|faint|p1a: Kingdra\n|\n|-weather|RainDance|[upkeep]\n|upkeep\n|\n|t:|1701135160\n|switch|p1a: Ferrothorn|Ferrothorn, M, shiny|70\/100\n|-damage|p1a: Ferrothorn|64\/100|[from] Stealth Rock\n|turn|18\n|\n|t:|1701135177\n|move|p2a: Clefable|Soft-Boiled|p2a: Clefable\n|-heal|p2a: Clefable|100\/100 tox\n|move|p1a: Ferrothorn|Leech Seed|p2a: Clefable\n|-start|p2a: Clefable|move: Leech Seed\n|\n|-weather|RainDance|[upkeep]\n|upkeep\n|turn|19\n|\n|t:|1701135186\n|move|p2a: Clefable|Moonblast|p1a: Ferrothorn\n|-resisted|p1a: Ferrothorn\n|-damage|p1a: Ferrothorn|28\/100\n|move|p1a: Ferrothorn|Gyro Ball|p2a: Clefable\n|-supereffective|p2a: Clefable\n|-damage|p2a: Clefable|52\/100 tox\n|-damage|p1a: Ferrothorn|12\/100|[from] item: Rocky Helmet|[of] p2a: Clefable\n|\n|-weather|RainDance|[upkeep]\n|upkeep\n|turn|20\n|\n|t:|1701135201\n|switch|p1a: Pelipper|Pelipper, F|85\/100\n|-damage|p1a: Pelipper|60\/100|[from] Stealth Rock\n|move|p2a: Clefable|Soft-Boiled|p2a: Clefable\n|-heal|p2a: Clefable|100\/100 tox\n|\n|-weather|RainDance|[upkeep]\n|upkeep\n|turn|21\n|\n|t:|1701135208\n|move|p1a: Pelipper|Scald|p2a: Clefable\n|-damage|p2a: Clefable|87\/100 tox\n|move|p2a: Clefable|Moonblast|p1a: Pelipper\n|-damage|p1a: Pelipper|0 fnt\n|faint|p1a: Pelipper\n|\n|-weather|none\n|upkeep\n|\n|t:|1701135213\n|switch|p1a: Rotom|Rotom-Wash, shiny|63\/100\n|-damage|p1a: Rotom|51\/100|[from] Stealth Rock\n|turn|22\n|\n|t:|1701135217\n|move|p1a: Rotom|Hidden Power|p2a: Clefable\n|-damage|p2a: Clefable|77\/100 tox\n|move|p2a: Clefable|Moonblast|p1a: Rotom\n|-damage|p1a: Rotom|0 fnt\n|faint|p1a: Rotom\n|\n|upkeep\n|\n|t:|1701135220\n|switch|p1a: Ferrothorn|Ferrothorn, M, shiny|12\/100\n|-damage|p1a: Ferrothorn|6\/100|[from] Stealth Rock\n|turn|23\n|\n|t:|1701135223\n|move|p2a: Clefable|Moonblast|p1a: Ferrothorn\n|-resisted|p1a: Ferrothorn\n|-damage|p1a: Ferrothorn|0 fnt\n|faint|p1a: Ferrothorn\n|\n|win|sumperkenny\n|raw|carasalazar's rating: 1122 &rarr; <strong>1103<\/strong><br \/>(-19 for losing)\n|raw|sumperkenny's rating: 1207 &rarr; <strong>1226<\/strong><br \/>(+19 for winning)\n","uploadtime":1701135226,"views":2,"p1id":"carasalazar","p2id":"sumperkenny","formatid":"gen9nationaldex","rating":1103,"private":0,"password":""}