{"id":"gen9nationaldex-2000606775","p1":"BurningPizza11","p2":"The Fork of Life","format":"[Gen 9] National Dex","log":"|html|<div class=\"broadcast-blue\"><strong>[Gen 9] National Dex is currently suspecting Sneasler! For information on how to participate check out the <a href=\"https:\/\/www.smogon.com\/forums\/threads\/sv-national-dex-suspect-8-just-dance.3731534\/\">suspect thread<\/a>.<\/strong><\/div>\n|j|\u2606BurningPizza11\n|j|\u2606The Fork of Life\n|t:|1701209906\n|gametype|singles\n|player|p1|BurningPizza11|firebreather|1370\n|player|p2|The Fork of Life|gentleman-gen4dp|1465\n|teamsize|p1|6\n|teamsize|p2|6\n|gen|9\n|tier|[Gen 9] National Dex\n|rated|\n|rule|HP Percentage Mod: HP is shown in percentages\n|rule|Endless Battle Clause: Forcing endless battles is banned\n|rule|OHKO Clause: OHKO moves are banned\n|rule|Evasion Clause: Evasion abilities, items, and moves are banned\n|rule|Evasion Abilities Clause: Evasion abilities are banned\n|rule|Evasion Items Clause: Evasion items are banned\n|rule|Evasion Moves Clause: Evasion moves are banned\n|rule|Species Clause: Limit one of each Pok\u00e9mon\n|rule|Sleep Clause Mod: Limit one foe put to sleep\n|clearpoke\n|poke|p1|Charizard, F|\n|poke|p1|Victini|\n|poke|p1|Iron Treads|\n|poke|p1|Grimmsnarl, M|\n|poke|p1|Linoone, M|\n|poke|p1|Haxorus, M|\n|poke|p2|Tapu Koko|\n|poke|p2|Iron Valiant|\n|poke|p2|Sneasler, M|\n|poke|p2|Iron Moth|\n|poke|p2|Landorus-Therian, M|\n|poke|p2|Scizor, F|\n|teampreview\n|inactive|Battle timer is ON: inactive players will automatically lose when time's up. (requested by BurningPizza11)\n|\n|t:|1701209913\n|start\n|switch|p1a: Iron Treads|Iron Treads|100\/100\n|switch|p2a: Landorus|Landorus-Therian, M|100\/100\n|-ability|p2a: Landorus|Intimidate|boost\n|-unboost|p1a: Iron Treads|atk|1\n|-enditem|p1a: Iron Treads|Booster Energy\n|-activate|p1a: Iron Treads|ability: Quark Drive|[fromitem]\n|-start|p1a: Iron Treads|quarkdrivespe\n|turn|1\n|\n|t:|1701209919\n|move|p1a: Iron Treads|Stealth Rock|p2a: Landorus\n|-sidestart|p2: The Fork of Life|move: Stealth Rock\n|move|p2a: Landorus|Swords Dance|p2a: Landorus\n|-boost|p2a: Landorus|atk|2\n|\n|upkeep\n|turn|2\n|\n|t:|1701209923\n|move|p1a: Iron Treads|Steel Beam|p2a: Landorus\n|-damage|p2a: Landorus|51\/100\n|-damage|p1a: Iron Treads|50\/100|[from] steelbeam\n|move|p2a: Landorus|Earthquake|p1a: Iron Treads\n|-supereffective|p1a: Iron Treads\n|-damage|p1a: Iron Treads|0 fnt\n|faint|p1a: Iron Treads\n|-end|p1a: Iron Treads|Quark Drive|[silent]\n|\n|upkeep\n|\n|t:|1701209929\n|switch|p1a: Charizard|Charizard, F|100\/100\n|turn|3\n|\n|t:|1701209932\n|detailschange|p1a: Charizard|Charizard-Mega-Y, F\n|-mega|p1a: Charizard|Charizard|Charizardite Y\n|-weather|SunnyDay|[from] ability: Drought|[of] p1a: Charizard\n|move|p1a: Charizard|Weather Ball|p2a: Landorus\n|-damage|p2a: Landorus|0 fnt\n|faint|p2a: Landorus\n|\n|-weather|SunnyDay|[upkeep]\n|upkeep\n|\n|t:|1701209936\n|switch|p2a: Tapu Koko|Tapu Koko|100\/100\n|-damage|p2a: Tapu Koko|88\/100|[from] Stealth Rock\n|-fieldstart|move: Electric Terrain|[from] ability: Electric Surge|[of] p2a: Tapu Koko\n|turn|4\n|\n|t:|1701209940\n|move|p2a: Tapu Koko|Thunderbolt|p1a: Charizard\n|-supereffective|p1a: Charizard\n|-damage|p1a: Charizard|1\/100\n|move|p1a: Charizard|Weather Ball|p2a: Tapu Koko\n|-damage|p2a: Tapu Koko|0 fnt\n|faint|p2a: Tapu Koko\n|\n|-weather|SunnyDay|[upkeep]\n|upkeep\n|\n|t:|1701209946\n|switch|p2a: Sneasler|Sneasler, M|100\/100\n|-damage|p2a: Sneasler|95\/100|[from] Stealth Rock\n|-enditem|p2a: Sneasler|Electric Seed\n|-boost|p2a: Sneasler|def|1|[from] item: Electric Seed\n|turn|5\n|\n|t:|1701209953\n|move|p2a: Sneasler|Dire Claw|p1a: Charizard\n|-damage|p1a: Charizard|0 fnt\n|faint|p1a: Charizard\n|\n|-weather|SunnyDay|[upkeep]\n|upkeep\n|\n|t:|1701209954\n|switch|p1a: Grimmsnarl|Grimmsnarl, M|100\/100\n|turn|6\n|\n|t:|1701209962\n|-terastallize|p1a: Grimmsnarl|Steel\n|move|p1a: Grimmsnarl|Taunt|p2a: Sneasler\n|-start|p2a: Sneasler|move: Taunt\n|cant|p2a: Sneasler|move: Taunt|Swords Dance\n|\n|-weather|SunnyDay|[upkeep]\n|upkeep\n|turn|7\n|\n|t:|1701209968\n|move|p1a: Grimmsnarl|Reflect|p1a: Grimmsnarl\n|-sidestart|p1: BurningPizza11|Reflect\n|move|p2a: Sneasler|Close Combat|p1a: Grimmsnarl\n|-supereffective|p1a: Grimmsnarl\n|-damage|p1a: Grimmsnarl|17\/100\n|-unboost|p2a: Sneasler|def|1\n|-unboost|p2a: Sneasler|spd|1\n|\n|-weather|none\n|upkeep\n|turn|8\n|\n|t:|1701209971\n|move|p1a: Grimmsnarl|Light Screen|p1a: Grimmsnarl\n|-sidestart|p1: BurningPizza11|move: Light Screen\n|move|p2a: Sneasler|Close Combat|p1a: Grimmsnarl\n|-supereffective|p1a: Grimmsnarl\n|-damage|p1a: Grimmsnarl|0 fnt\n|-unboost|p2a: Sneasler|def|1\n|-unboost|p2a: Sneasler|spd|1\n|faint|p1a: Grimmsnarl\n|\n|-end|p2a: Sneasler|move: Taunt\n|upkeep\n|\n|t:|1701209973\n|switch|p1a: Victini|Victini|100\/100\n|turn|9\n|\n|t:|1701209992\n|move|p2a: Sneasler|Dire Claw|p1a: Victini\n|-damage|p1a: Victini|77\/100\n|-zpower|p1a: Victini\n|move|p1a: Victini|Z-Celebrate|p1a: Victini|[anim]Celebrate\n|-boost|p1a: Victini|atk|1|[zeffect]\n|-boost|p1a: Victini|def|1|[zeffect]\n|-boost|p1a: Victini|spa|1|[zeffect]\n|-boost|p1a: Victini|spd|1|[zeffect]\n|-boost|p1a: Victini|spe|1|[zeffect]\n|-activate|p1a: Victini|move: Celebrate\n|\n|upkeep\n|turn|10\n|\n|t:|1701209996\n|move|p2a: Sneasler|Dire Claw|p1a: Victini\n|-crit|p1a: Victini\n|-damage|p1a: Victini|13\/100\n|move|p1a: Victini|Stored Power|p2a: Sneasler\n|-supereffective|p2a: Sneasler\n|-damage|p2a: Sneasler|0 fnt\n|faint|p2a: Sneasler\n|\n|upkeep\n|\n|t:|1701210007\n|switch|p2a: Iron Valiant|Iron Valiant|100\/100\n|-damage|p2a: Iron Valiant|94\/100|[from] Stealth Rock\n|-activate|p2a: Iron Valiant|ability: Quark Drive\n|-start|p2a: Iron Valiant|quarkdrivespe\n|turn|11\n|\n|t:|1701210012\n|move|p2a: Iron Valiant|Thunderbolt|p1a: Victini\n|-damage|p1a: Victini|0 fnt\n|faint|p1a: Victini\n|-damage|p2a: Iron Valiant|85\/100|[from] item: Life Orb\n|\n|-fieldend|move: Electric Terrain\n|-end|p2a: Iron Valiant|Quark Drive\n|upkeep\n|inactive|BurningPizza11 has 120 seconds left.\n|inactive|BurningPizza11 has 90 seconds left.\n|\n|t:|1701210081\n|switch|p1a: Linoone|Linoone, M, shiny|100\/100\n|turn|12\n|\n|t:|1701210084\n|move|p2a: Iron Valiant|Close Combat|p1a: Linoone\n|-supereffective|p1a: Linoone\n|-crit|p1a: Linoone\n|-damage|p1a: Linoone|0 fnt\n|-unboost|p2a: Iron Valiant|def|1\n|-unboost|p2a: Iron Valiant|spd|1\n|faint|p1a: Linoone\n|-damage|p2a: Iron Valiant|75\/100|[from] item: Life Orb\n|\n|upkeep\n|\n|t:|1701210086\n|switch|p1a: Haxorus|Haxorus, M, shiny|100\/100\n|-ability|p1a: Haxorus|Mold Breaker\n|turn|13\n|\n|t:|1701210090\n|move|p2a: Iron Valiant|Moonblast|p1a: Haxorus\n|-supereffective|p1a: Haxorus\n|-damage|p1a: Haxorus|12\/100\n|-unboost|p1a: Haxorus|spa|1\n|-damage|p2a: Iron Valiant|65\/100|[from] item: Life Orb\n|move|p1a: Haxorus|Dragon Dance|p1a: Haxorus\n|-boost|p1a: Haxorus|atk|1\n|-boost|p1a: Haxorus|spe|1\n|\n|upkeep\n|turn|14\n|\n|t:|1701210096\n|move|p1a: Haxorus|Earthquake|p2a: Iron Valiant\n|-damage|p2a: Iron Valiant|0 fnt\n|faint|p2a: Iron Valiant\n|-end|p2a: Iron Valiant|Quark Drive|[silent]\n|\n|-sideend|p1: BurningPizza11|Reflect\n|upkeep\n|\n|t:|1701210098\n|switch|p2a: Scizor|Scizor, F|100\/100\n|-damage|p2a: Scizor|88\/100|[from] Stealth Rock\n|turn|15\n|\n|t:|1701210101\n|detailschange|p2a: Scizor|Scizor-Mega, F\n|-mega|p2a: Scizor|Scizor|Scizorite\n|move|p2a: Scizor|Bullet Punch|p1a: Haxorus\n|-damage|p1a: Haxorus|0 fnt\n|faint|p1a: Haxorus\n|\n|win|The Fork of Life\n|raw|BurningPizza11's rating: 1370 &rarr; <strong>1355<\/strong><br \/>(-15 for losing)\n|raw|The Fork of Life's rating: 1465 &rarr; <strong>1480<\/strong><br \/>(+15 for winning)\n","uploadtime":1701210107,"views":0,"p1id":"burningpizza11","p2id":"theforkoflife","formatid":"gen9nationaldex","rating":1355,"private":0,"password":""}