{"id":"gen9nationaldex-1989296647","p1":"I am Useless Meta","p2":"devious fearvg","format":"[Gen 9] National Dex","log":"|j|\u2606I am Useless Meta\n|j|\u2606devious fearvg\n|t:|1699833218\n|gametype|singles\n|player|p1|I am Useless Meta|kieran-festival|\n|player|p2|devious fearvg|alec-anime|\n|teamsize|p1|6\n|teamsize|p2|6\n|gen|9\n|tier|[Gen 9] National Dex\n|rule|HP Percentage Mod: HP is shown in percentages\n|rule|Endless Battle Clause: Forcing endless battles is banned\n|rule|OHKO Clause: OHKO moves are banned\n|rule|Evasion Clause: Evasion abilities, items, and moves are banned\n|rule|Evasion Abilities Clause: Evasion abilities are banned\n|rule|Evasion Items Clause: Evasion items are banned\n|rule|Evasion Moves Clause: Evasion moves are banned\n|rule|Species Clause: Limit one of each Pok\u00e9mon\n|rule|Sleep Clause Mod: Limit one foe put to sleep\n|clearpoke\n|poke|p1|Celesteela|\n|poke|p1|Hariyama, M|\n|poke|p1|Altaria, F|\n|poke|p1|Toxtricity, M|\n|poke|p1|Crawdaunt, M|\n|poke|p1|Jynx, F|\n|poke|p2|Manaphy|\n|poke|p2|Skeledirge, M|\n|poke|p2|Iron Treads|\n|poke|p2|Pidgeot, M|\n|poke|p2|Gallade, M|\n|poke|p2|Sableye, F|\n|teampreview\n|inactive|Battle timer is ON: inactive players will automatically lose when time's up. (requested by I am Useless Meta)\n|c|\u2606I am Useless Meta|glhf\n|c|\u2606I am Useless Meta|1-0\n|c|\u2606devious fearvg|have fun mate\n|inactive|I am Useless Meta has 270 seconds left.\n|c|\u2606devious fearvg|I sure hope to god we don't get another 70+ rounds\n|\n|t:|1699833254\n|start\n|switch|p1a: Altaria|Altaria, F|100\/100\n|switch|p2a: Iron Treads|Iron Treads|100\/100\n|turn|1\n|c|\u2606I am Useless Meta|yup\n|c|\u2606devious fearvg|but am prob forshadowing it\n|inactiveoff|Battle timer is now OFF.\n|inactive|Battle timer is ON: inactive players will automatically lose when time's up. (requested by devious fearvg)\n|c|\u2606devious fearvg|nuh uh\n|c|\u2606devious fearvg|we put the pressure on\n|c|\u2606I am Useless Meta|okay\n|inactive|I am Useless Meta has 270 seconds left.\n|\n|t:|1699833321\n|switch|p1a: Celesteela|Celesteela|100\/100\n|move|p2a: Iron Treads|Knock Off|p1a: Celesteela\n|-damage|p1a: Celesteela|81\/100\n|-enditem|p1a: Celesteela|Leftovers|[from] move: Knock Off|[of] p2a: Iron Treads\n|\n|upkeep\n|turn|2\n|inactive|I am Useless Meta has 270 seconds left.\n|\n|t:|1699833345\n|move|p2a: Iron Treads|Iron Head|p1a: Celesteela\n|-resisted|p1a: Celesteela\n|-damage|p1a: Celesteela|70\/100\n|move|p1a: Celesteela|Leech Seed|p2a: Iron Treads\n|-start|p2a: Iron Treads|move: Leech Seed\n|\n|-damage|p2a: Iron Treads|88\/100|[from] Leech Seed|[of] p1a: Celesteela\n|-heal|p1a: Celesteela|80\/100|[silent]\n|upkeep\n|turn|3\n|c|\u2606devious fearvg|oh boi\n|\n|t:|1699833359\n|-end|p2a: Iron Treads|Quark Drive|[silent]\n|switch|p2a: Pidgeot|Pidgeot, M|100\/100\n|move|p1a: Celesteela|Protect||[still]\n|-fail|p1a: Celesteela\n|\n|upkeep\n|turn|4\n|inactive|I am Useless Meta has 270 seconds left.\n|\n|t:|1699833402\n|switch|p1a: Toxtricity|Toxtricity, M|100\/100\n|move|p2a: Pidgeot|U-turn|p1a: Toxtricity\n|-resisted|p1a: Toxtricity\n|-damage|p1a: Toxtricity|90\/100\n|\n|t:|1699833421\n|switch|p2a: Iron Treads|Iron Treads|88\/100|[from] U-turn\n|\n|upkeep\n|turn|5\n|inactive|devious fearvg has 270 seconds left.\n|\n|t:|1699833447\n|switch|p1a: Celesteela|Celesteela|80\/100\n|move|p2a: Iron Treads|Knock Off|p1a: Celesteela\n|-damage|p1a: Celesteela|68\/100\n|\n|upkeep\n|turn|6\n|\n|t:|1699833459\n|move|p2a: Iron Treads|Volt Switch|p1a: Celesteela\n|-supereffective|p1a: Celesteela\n|-damage|p1a: Celesteela|44\/100\n|\n|t:|1699833464\n|-end|p2a: Iron Treads|Quark Drive|[silent]\n|switch|p2a: Pidgeot|Pidgeot, M|100\/100|[from] Volt Switch\n|move|p1a: Celesteela|Leech Seed|p2a: Pidgeot\n|-start|p2a: Pidgeot|move: Leech Seed\n|\n|-damage|p2a: Pidgeot|88\/100|[from] Leech Seed|[of] p1a: Celesteela\n|-heal|p1a: Celesteela|56\/100|[silent]\n|upkeep\n|turn|7\n|\n|t:|1699833470\n|move|p2a: Pidgeot|U-turn|p1a: Celesteela\n|-resisted|p1a: Celesteela\n|-damage|p1a: Celesteela|53\/100\n|\n|t:|1699833473\n|switch|p2a: Iron Treads|Iron Treads|88\/100|[from] U-turn\n|move|p1a: Celesteela|Air Slash|p2a: Iron Treads\n|-resisted|p2a: Iron Treads\n|-damage|p2a: Iron Treads|75\/100\n|\n|upkeep\n|turn|8\n|\n|t:|1699833481\n|move|p1a: Celesteela|Protect|p1a: Celesteela\n|-singleturn|p1a: Celesteela|Protect\n|move|p2a: Iron Treads|Volt Switch|p1a: Celesteela\n|-activate|p1a: Celesteela|move: Protect\n|\n|upkeep\n|turn|9\n|\n|t:|1699833485\n|move|p2a: Iron Treads|Volt Switch|p1a: Celesteela\n|-supereffective|p1a: Celesteela\n|-damage|p1a: Celesteela|29\/100\n|\n|t:|1699833498\n|-end|p2a: Iron Treads|Quark Drive|[silent]\n|switch|p2a: Gallade|Gallade, M|100\/100|[from] Volt Switch\n|move|p1a: Celesteela|Flamethrower|p2a: Gallade\n|-damage|p2a: Gallade|77\/100\n|-status|p2a: Gallade|brn\n|\n|-damage|p2a: Gallade|71\/100 brn|[from] brn\n|upkeep\n|turn|10\n|c|\u2606devious fearvg|BRU\n|c|\u2606I am Useless Meta|thank god\n|c|\u2606devious fearvg|that's very unfortunate\n|c|\u2606I am Useless Meta|yes\n|c|\u2606devious fearvg|and am ngl I kinda sensed it coming\n|inactive|devious fearvg has 270 seconds left.\n|\n|t:|1699833535\n|move|p2a: Gallade|Psycho Cut|p1a: Celesteela\n|-resisted|p1a: Celesteela\n|-crit|p1a: Celesteela\n|-damage|p1a: Celesteela|12\/100\n|move|p1a: Celesteela|Leech Seed|p2a: Gallade\n|-start|p2a: Gallade|move: Leech Seed\n|\n|-damage|p2a: Gallade|59\/100 brn|[from] Leech Seed|[of] p1a: Celesteela\n|-heal|p1a: Celesteela|21\/100|[silent]\n|-damage|p2a: Gallade|53\/100 brn|[from] brn\n|upkeep\n|turn|11\n|inactive|devious fearvg has 270 seconds left.\n|\n|t:|1699833543\n|switch|p2a: Sableye|Sableye, F|100\/100\n|move|p1a: Celesteela|Flamethrower|p2a: Sableye\n|-damage|p2a: Sableye|76\/100\n|\n|upkeep\n|turn|12\n|inactive|devious fearvg has 270 seconds left.\n|\n|t:|1699833562\n|switch|p1a: Altaria|Altaria, F|100\/100\n|detailschange|p2a: Sableye|Sableye-Mega, F\n|-mega|p2a: Sableye|Sableye|Sablenite\n|move|p2a: Sableye|Shadow Sneak|p1a: Altaria\n|-damage|p1a: Altaria|85\/100\n|\n|upkeep\n|turn|13\n|inactive|devious fearvg has 270 seconds left.\n|\n|t:|1699833574\n|switch|p2a: Iron Treads|Iron Treads|75\/100\n|move|p1a: Altaria|Dragon Dance|p1a: Altaria\n|-boost|p1a: Altaria|atk|1\n|-boost|p1a: Altaria|spe|1\n|\n|upkeep\n|turn|14\n|inactive|devious fearvg has 270 seconds left.\n|inactive|I am Useless Meta has 270 seconds left.\n|inactive|devious fearvg has 240 seconds left.\n|inactive|I am Useless Meta has 240 seconds left.\n|\n|t:|1699833639\n|-end|p2a: Iron Treads|Quark Drive|[silent]\n|switch|p2a: Gallade|Gallade, M|53\/100 brn\n|detailschange|p1a: Altaria|Altaria-Mega, F\n|-mega|p1a: Altaria|Altaria|Altarianite\n|move|p1a: Altaria|Earthquake|p2a: Gallade\n|-damage|p2a: Gallade|0 fnt\n|faint|p2a: Gallade\n|\n|upkeep\n|\n|t:|1699833664\n|switch|p2a: Skeledirge|Skeledirge, M|100\/100\n|turn|15\n|\n|t:|1699833670\n|move|p1a: Altaria|Toxic|p2a: Skeledirge\n|-status|p2a: Skeledirge|tox\n|move|p2a: Skeledirge|Will-O-Wisp|p1a: Altaria\n|-status|p1a: Altaria|brn\n|\n|-damage|p2a: Skeledirge|94\/100 tox|[from] psn\n|-damage|p1a: Altaria|79\/100 brn|[from] brn\n|upkeep\n|turn|16\n|c|\u2606I am Useless Meta|nuh uh\n|c|\u2606devious fearvg|yuh uh\n|inactive|devious fearvg has 210 seconds left.\n|\n|t:|1699833699\n|switch|p2a: Iron Treads|Iron Treads|75\/100\n|move|p1a: Altaria|Earthquake|p2a: Iron Treads\n|-supereffective|p2a: Iron Treads\n|-damage|p2a: Iron Treads|34\/100\n|\n|-damage|p1a: Altaria|72\/100 brn|[from] brn\n|upkeep\n|turn|17\n|inactive|devious fearvg has 210 seconds left.\n|\n|t:|1699833709\n|-end|p2a: Iron Treads|Quark Drive|[silent]\n|switch|p2a: Pidgeot|Pidgeot, M|88\/100\n|move|p1a: Altaria|Earthquake|p2a: Pidgeot\n|-immune|p2a: Pidgeot\n|\n|-damage|p1a: Altaria|66\/100 brn|[from] brn\n|upkeep\n|turn|18\n|\n|t:|1699833715\n|move|p1a: Altaria|Toxic|p2a: Pidgeot\n|-status|p2a: Pidgeot|tox\n|move|p2a: Pidgeot|U-turn|p1a: Altaria\n|-resisted|p1a: Altaria\n|-damage|p1a: Altaria|59\/100 brn\n|\n|t:|1699833723\n|switch|p2a: Sableye|Sableye-Mega, F|76\/100|[from] U-turn\n|\n|-damage|p1a: Altaria|53\/100 brn|[from] brn\n|upkeep\n|turn|19\n|\n|t:|1699833726\n|move|p1a: Altaria|Return|p2a: Sableye\n|-supereffective|p2a: Sableye\n|-crit|p2a: Sableye\n|-damage|p2a: Sableye|0 fnt\n|faint|p2a: Sableye\n|\n|-damage|p1a: Altaria|47\/100 brn|[from] brn\n|upkeep\n|c|\u2606devious fearvg|BRO\n|c|\u2606I am Useless Meta|unfort\n|c|\u2606devious fearvg|Man you're getting very lucky\n|\n|t:|1699833745\n|switch|p2a: Manaphy|Manaphy|100\/100\n|turn|20\n|c|\u2606I am Useless Meta|altaria spreading the toxins\n|\n|t:|1699833761\n|move|p1a: Altaria|Toxic|p2a: Manaphy\n|-status|p2a: Manaphy|tox\n|move|p2a: Manaphy|Ice Beam|p1a: Altaria\n|-supereffective|p1a: Altaria\n|-damage|p1a: Altaria|0 fnt\n|faint|p1a: Altaria\n|\n|-damage|p2a: Manaphy|94\/100 tox|[from] psn\n|upkeep\n|\n|t:|1699833767\n|switch|p1a: Toxtricity|Toxtricity, M|90\/100\n|turn|21\n|inactive|I am Useless Meta has 270 seconds left.\n|inactive|devious fearvg has 210 seconds left.\n|\n|t:|1699833796\n|switch|p2a: Iron Treads|Iron Treads|34\/100\n|move|p1a: Toxtricity|Overdrive|p2a: Iron Treads\n|-immune|p2a: Iron Treads\n|\n|upkeep\n|turn|22\n|inactive|I am Useless Meta has 270 seconds left.\n|\n|t:|1699833807\n|switch|p1a: Celesteela|Celesteela|21\/100\n|move|p2a: Iron Treads|Knock Off|p1a: Celesteela\n|-damage|p1a: Celesteela|8\/100\n|\n|upkeep\n|turn|23\n|\n|t:|1699833818\n|move|p2a: Iron Treads|Volt Switch|p1a: Celesteela\n|-supereffective|p1a: Celesteela\n|-damage|p1a: Celesteela|0 fnt\n|faint|p1a: Celesteela\n|\n|t:|1699833821\n|-end|p2a: Iron Treads|Quark Drive|[silent]\n|switch|p2a: Pidgeot|Pidgeot, M|88\/100 tox|[from] Volt Switch\n|\n|-damage|p2a: Pidgeot|82\/100 tox|[from] psn\n|upkeep\n|\n|t:|1699833830\n|switch|p1a: Toxtricity|Toxtricity, M|90\/100\n|turn|24\n|\n|t:|1699833841\n|switch|p2a: Skeledirge|Skeledirge, M|94\/100 tox\n|move|p1a: Toxtricity|Boomburst|p2a: Skeledirge\n|-immune|p2a: Skeledirge\n|\n|-heal|p2a: Skeledirge|100\/100 tox|[from] item: Leftovers\n|-damage|p2a: Skeledirge|94\/100 tox|[from] psn\n|upkeep\n|turn|25\n|c|\u2606devious fearvg|at least now I know what to prepare for in game 3\n|inactive|devious fearvg has 210 seconds left.\n|\n|t:|1699833871\n|switch|p1a: Hariyama|Hariyama, M|100\/100\n|move|p2a: Skeledirge|Torch Song|p1a: Hariyama\n|-damage|p1a: Hariyama|72\/100\n|-boost|p2a: Skeledirge|spa|1\n|\n|-heal|p2a: Skeledirge|100\/100 tox|[from] item: Leftovers\n|-damage|p2a: Skeledirge|88\/100 tox|[from] psn\n|upkeep\n|turn|26\n|\n|t:|1699833879\n|move|p1a: Hariyama|Earthquake|p2a: Skeledirge\n|-supereffective|p2a: Skeledirge\n|-damage|p2a: Skeledirge|44\/100 tox\n|move|p2a: Skeledirge|Will-O-Wisp|p1a: Hariyama\n|-status|p1a: Hariyama|brn\n|\n|-heal|p2a: Skeledirge|50\/100 tox|[from] item: Leftovers\n|-damage|p2a: Skeledirge|32\/100 tox|[from] psn\n|-damage|p1a: Hariyama|66\/100 brn|[from] brn\n|upkeep\n|turn|27\n|\n|t:|1699833884\n|switch|p2a: Pidgeot|Pidgeot, M|82\/100 tox\n|move|p1a: Hariyama|Earthquake|p2a: Pidgeot\n|-immune|p2a: Pidgeot\n|\n|-damage|p2a: Pidgeot|76\/100 tox|[from] psn\n|-damage|p1a: Hariyama|60\/100 brn|[from] brn\n|upkeep\n|turn|28\n|\n|t:|1699833889\n|move|p2a: Pidgeot|U-turn|p1a: Hariyama\n|-resisted|p1a: Hariyama\n|-damage|p1a: Hariyama|53\/100 brn\n|\n|t:|1699833894\n|switch|p2a: Manaphy|Manaphy|94\/100 tox|[from] U-turn\n|move|p1a: Hariyama|Drain Punch|p2a: Manaphy\n|-damage|p2a: Manaphy|50\/100 tox\n|-heal|p1a: Hariyama|71\/100 brn|[from] drain|[of] p2a: Manaphy\n|\n|-heal|p2a: Manaphy|56\/100 tox|[from] item: Leftovers\n|-damage|p2a: Manaphy|50\/100 tox|[from] psn\n|-damage|p1a: Hariyama|65\/100 brn|[from] brn\n|upkeep\n|turn|29\n|c|\u2606I am Useless Meta|thanks for the guts boost\n|\n|t:|1699833907\n|move|p2a: Manaphy|Scald|p1a: Hariyama\n|-damage|p1a: Hariyama|39\/100 brn\n|-enditem|p1a: Hariyama|Sitrus Berry|[eat]\n|-heal|p1a: Hariyama|64\/100 brn|[from] item: Sitrus Berry\n|move|p1a: Hariyama|Drain Punch|p2a: Manaphy\n|-crit|p2a: Manaphy\n|-damage|p2a: Manaphy|0 fnt\n|-heal|p1a: Hariyama|84\/100 brn|[from] drain|[of] p2a: Manaphy\n|faint|p2a: Manaphy\n|\n|-damage|p1a: Hariyama|78\/100 brn|[from] brn\n|upkeep\n|c|\u2606devious fearvg|yea I was about to say\n|\n|t:|1699833927\n|switch|p2a: Skeledirge|Skeledirge, M|32\/100 tox\n|turn|30\n|\n|t:|1699833936\n|-terastallize|p2a: Skeledirge|Water\n|move|p1a: Hariyama|Drain Punch|p2a: Skeledirge\n|-damage|p2a: Skeledirge|0 fnt\n|-heal|p1a: Hariyama|92\/100 brn|[from] drain|[of] p2a: Skeledirge\n|faint|p2a: Skeledirge\n|\n|-damage|p1a: Hariyama|86\/100 brn|[from] brn\n|upkeep\n|c|\u2606devious fearvg|ggs\n|c|\u2606I am Useless Meta|gg\n|c|\u2606devious fearvg|send the replay to miz\n|c|\u2606I am Useless Meta|I know im saving them\n|inactive|devious fearvg has 210 seconds left.\n|-message|devious fearvg forfeited.\n|\n|win|I am Useless Meta\n|l|\u2606devious fearvg\n","uploadtime":1699833978,"views":12,"p1id":"iamuselessmeta","p2id":"deviousfearvg","formatid":"gen9nationaldex","rating":0,"private":0,"password":""}