{"id":"gen9nationaldex-1999401172","p1":"ikun321","p2":"qing1fan","format":"[Gen 9] National Dex","log":"|html|<div class=\"broadcast-blue\"><strong>[Gen 9] National Dex is currently suspecting Sneasler! For information on how to participate check out the <a href=\"https:\/\/www.smogon.com\/forums\/threads\/sv-national-dex-suspect-8-just-dance.3731534\/\">suspect thread<\/a>.<\/strong><\/div>\n|j|\u2606ikun321\n|j|\u2606qing1fan\n|t:|1701074223\n|gametype|singles\n|player|p1|ikun321|266|1392\n|player|p2|qing1fan|dawn|1548\n|teamsize|p1|6\n|teamsize|p2|6\n|gen|9\n|tier|[Gen 9] National Dex\n|rated|\n|rule|HP Percentage Mod: HP is shown in percentages\n|rule|Endless Battle Clause: Forcing endless battles is banned\n|rule|OHKO Clause: OHKO moves are banned\n|rule|Evasion Clause: Evasion abilities, items, and moves are banned\n|rule|Evasion Abilities Clause: Evasion abilities are banned\n|rule|Evasion Items Clause: Evasion items are banned\n|rule|Evasion Moves Clause: Evasion moves are banned\n|rule|Species Clause: Limit one of each Pok\u00e9mon\n|rule|Sleep Clause Mod: Limit one foe put to sleep\n|clearpoke\n|poke|p1|Corviknight, M|\n|poke|p1|Banette, M|\n|poke|p1|Rillaboom, M|\n|poke|p1|Slowking-Galar, F|\n|poke|p1|Garganacl, F|\n|poke|p1|Great Tusk|\n|poke|p2|Garganacl, F|\n|poke|p2|Great Tusk|\n|poke|p2|Rillaboom, F|\n|poke|p2|Sneasler, M|\n|poke|p2|Heatran, M|\n|poke|p2|Lopunny, M|\n|teampreview\n|inactive|Battle timer is ON: inactive players will automatically lose when time's up. (requested by ikun321)\n|\n|t:|1701074243\n|start\n|switch|p1a: Corviknight|Corviknight, M|100\/100\n|switch|p2a: Great Tusk|Great Tusk|100\/100\n|-ability|p1a: Corviknight|Pressure\n|turn|1\n|\n|t:|1701074258\n|move|p2a: Great Tusk|Stealth Rock|p1a: Corviknight\n|-sidestart|p1: ikun321|move: Stealth Rock\n|move|p1a: Corviknight|U-turn|p2a: Great Tusk\n|-resisted|p2a: Great Tusk\n|-damage|p2a: Great Tusk|97\/100\n|\n|t:|1701074261\n|switch|p1a: Rillaboom|Rillaboom, M|100\/100|[from] U-turn\n|-damage|p1a: Rillaboom|88\/100|[from] Stealth Rock\n|-fieldstart|move: Grassy Terrain|[from] ability: Grassy Surge|[of] p1a: Rillaboom\n|\n|-heal|p1a: Rillaboom|94\/100|[from] Grassy Terrain\n|-heal|p2a: Great Tusk|100\/100|[from] Grassy Terrain\n|upkeep\n|turn|2\n|\n|t:|1701074268\n|-end|p2a: Great Tusk|Protosynthesis|[silent]\n|switch|p2a: Heatran|Heatran, M|100\/100\n|move|p1a: Rillaboom|Superpower|p2a: Heatran\n|-supereffective|p2a: Heatran\n|-damage|p2a: Heatran|0 fnt\n|-unboost|p1a: Rillaboom|atk|1\n|-unboost|p1a: Rillaboom|def|1\n|faint|p2a: Heatran\n|\n|-heal|p1a: Rillaboom|99\/100|[from] Grassy Terrain\n|upkeep\n|\n|t:|1701074279\n|switch|p2a: Lopunny|Lopunny, M|100\/100\n|turn|3\n|\n|t:|1701074285\n|switch|p1a: Corviknight|Corviknight, M|100\/100\n|-damage|p1a: Corviknight|88\/100|[from] Stealth Rock\n|-ability|p1a: Corviknight|Pressure\n|detailschange|p2a: Lopunny|Lopunny-Mega, M\n|-mega|p2a: Lopunny|Lopunny|Lopunnite\n|move|p2a: Lopunny|Fake Out|p1a: Corviknight\n|-resisted|p1a: Corviknight\n|-damage|p1a: Corviknight|81\/100\n|\n|upkeep\n|turn|4\n|\n|t:|1701074295\n|move|p2a: Lopunny|U-turn|p1a: Corviknight\n|-resisted|p1a: Corviknight\n|-damage|p1a: Corviknight|78\/100\n|\n|t:|1701074298\n|switch|p2a: Garganacl|Garganacl, F|100\/100|[from] U-turn\n|move|p1a: Corviknight|Roost|p1a: Corviknight\n|-heal|p1a: Corviknight|100\/100\n|-singleturn|p1a: Corviknight|move: Roost\n|\n|upkeep\n|turn|5\n|\n|t:|1701074302\n|move|p1a: Corviknight|Iron Defense|p1a: Corviknight\n|-boost|p1a: Corviknight|def|2\n|move|p2a: Garganacl|Salt Cure|p1a: Corviknight\n|-damage|p1a: Corviknight|96\/100\n|\n|-fieldend|move: Grassy Terrain\n|upkeep\n|turn|6\n|\n|t:|1701074304\n|move|p1a: Corviknight|Iron Defense|p1a: Corviknight\n|-boost|p1a: Corviknight|def|2\n|move|p2a: Garganacl|Iron Defense|p2a: Garganacl\n|-boost|p2a: Garganacl|def|2\n|\n|upkeep\n|turn|7\n|\n|t:|1701074311\n|move|p1a: Corviknight|Iron Defense|p1a: Corviknight\n|-boost|p1a: Corviknight|def|2\n|move|p2a: Garganacl|Iron Defense|p2a: Garganacl\n|-boost|p2a: Garganacl|def|2\n|\n|upkeep\n|turn|8\n|\n|t:|1701074314\n|move|p1a: Corviknight|Body Press|p2a: Garganacl\n|-supereffective|p2a: Garganacl\n|-damage|p2a: Garganacl|52\/100\n|move|p2a: Garganacl|Iron Defense|p2a: Garganacl\n|-boost|p2a: Garganacl|def|2\n|\n|-heal|p2a: Garganacl|59\/100|[from] item: Leftovers\n|upkeep\n|turn|9\n|\n|t:|1701074323\n|-terastallize|p2a: Garganacl|Ghost\n|move|p1a: Corviknight|Body Press|p2a: Garganacl\n|-immune|p2a: Garganacl\n|move|p2a: Garganacl|Body Press|p1a: Corviknight\n|-damage|p1a: Corviknight|81\/100\n|\n|-heal|p2a: Garganacl|65\/100|[from] item: Leftovers\n|upkeep\n|turn|10\n|c|\u2606ikun321|GG\n|\n|t:|1701074334\n|move|p1a: Corviknight|Iron Defense|p1a: Corviknight\n|-boost|p1a: Corviknight|def|0\n|move|p2a: Garganacl|Body Press|p1a: Corviknight\n|-damage|p1a: Corviknight|68\/100\n|\n|-heal|p2a: Garganacl|71\/100|[from] item: Leftovers\n|upkeep\n|turn|11\n|\n|t:|1701074344\n|move|p1a: Corviknight|Iron Defense|p1a: Corviknight\n|-boost|p1a: Corviknight|def|0\n|move|p2a: Garganacl|Body Press|p1a: Corviknight\n|-damage|p1a: Corviknight|53\/100\n|\n|-heal|p2a: Garganacl|77\/100|[from] item: Leftovers\n|upkeep\n|turn|12\n|\n|t:|1701074353\n|move|p1a: Corviknight|Body Press|p2a: Garganacl\n|-immune|p2a: Garganacl\n|move|p2a: Garganacl|Salt Cure|p1a: Corviknight\n|-damage|p1a: Corviknight|50\/100\n|\n|-heal|p2a: Garganacl|83\/100|[from] item: Leftovers\n|upkeep\n|turn|13\n|\n|t:|1701074360\n|move|p1a: Corviknight|Roost|p1a: Corviknight\n|-heal|p1a: Corviknight|100\/100\n|-singleturn|p1a: Corviknight|move: Roost\n|move|p2a: Garganacl|Iron Defense|p2a: Garganacl\n|-boost|p2a: Garganacl|def|0\n|\n|-heal|p2a: Garganacl|90\/100|[from] item: Leftovers\n|upkeep\n|turn|14\n|l|\u2606ikun321\n|inactive|ikun321 disconnected and has a minute to reconnect!\n|player|p1|\n|-message|qing1fan forfeited.\n|\n|win|ikun321\n|raw|ikun321's rating: 1392 &rarr; <strong>1420<\/strong><br \/>(+28 for winning)\n|raw|qing1fan's rating: 1548 &rarr; <strong>1520<\/strong><br \/>(-28 for losing)\n|l|\u2606qing1fan\n|j|\u2606ikun321\n|player|p1|ikun321|266\n","uploadtime":1701074394,"views":11,"p1id":"ikun321","p2id":"qing1fan","formatid":"gen9nationaldex","rating":1420,"private":0,"password":""}