{"id":"gen9nationaldex-1993958442","p1":"daybreak wave2","p2":"YiNai","format":"[Gen 9] National Dex","log":"|j|\u2606daybreak wave2\n|j|\u2606YiNai\n|t:|1700382855\n|gametype|singles\n|player|p1|daybreak wave2|lillie-masters2|1528\n|player|p2|YiNai|265|1426\n|teamsize|p1|6\n|teamsize|p2|6\n|gen|9\n|tier|[Gen 9] National Dex\n|rated|\n|rule|HP Percentage Mod: HP is shown in percentages\n|rule|Endless Battle Clause: Forcing endless battles is banned\n|rule|OHKO Clause: OHKO moves are banned\n|rule|Evasion Clause: Evasion abilities, items, and moves are banned\n|rule|Evasion Abilities Clause: Evasion abilities are banned\n|rule|Evasion Items Clause: Evasion items are banned\n|rule|Evasion Moves Clause: Evasion moves are banned\n|rule|Species Clause: Limit one of each Pok\u00e9mon\n|rule|Sleep Clause Mod: Limit one foe put to sleep\n|clearpoke\n|poke|p1|Pinsir, F|\n|poke|p1|Aegislash, F|\n|poke|p1|Ogerpon-Wellspring, F|\n|poke|p1|Moltres|\n|poke|p1|Electrode-Hisui|\n|poke|p1|Clodsire, M|\n|poke|p2|Zamazenta-*|\n|poke|p2|Slowbro, F|\n|poke|p2|Nidoking, M|\n|poke|p2|Bisharp, F|\n|poke|p2|Latias, F|\n|poke|p2|Aegislash, F|\n|teampreview\n|\n|t:|1700382862\n|start\n|switch|p1a: \u6d1b\u6258\u59c6-\u5207\u5272|Electrode-Hisui|100\/100\n|switch|p2a: Bisharp|Bisharp, F|100\/100\n|turn|1\n|\n|t:|1700382871\n|move|p1a: \u6d1b\u6258\u59c6-\u5207\u5272|Volt Switch|p2a: Bisharp\n|-damage|p2a: Bisharp|33\/100\n|\n|t:|1700382875\n|switch|p1a: \u70c8\u7bad\u9e70|Moltres|100\/100|[from] Volt Switch\n|move|p2a: Bisharp|Knock Off|p1a: \u70c8\u7bad\u9e70\n|-damage|p1a: \u70c8\u7bad\u9e70|61\/100\n|-status|p2a: Bisharp|brn|[from] ability: Flame Body|[of] p1a: \u70c8\u7bad\u9e70\n|-enditem|p1a: \u70c8\u7bad\u9e70|Heavy-Duty Boots|[from] move: Knock Off|[of] p2a: Bisharp\n|\n|-damage|p2a: Bisharp|27\/100 brn|[from] brn\n|upkeep\n|turn|2\n|\n|t:|1700382887\n|move|p2a: Bisharp|Knock Off|p1a: \u70c8\u7bad\u9e70\n|-crit|p1a: \u70c8\u7bad\u9e70\n|-damage|p1a: \u70c8\u7bad\u9e70|40\/100\n|move|p1a: \u70c8\u7bad\u9e70|Roost|p1a: \u70c8\u7bad\u9e70\n|-heal|p1a: \u70c8\u7bad\u9e70|90\/100\n|-singleturn|p1a: \u70c8\u7bad\u9e70|move: Roost\n|\n|-damage|p2a: Bisharp|21\/100 brn|[from] brn\n|upkeep\n|turn|3\n|\n|t:|1700382891\n|move|p2a: Bisharp|Knock Off|p1a: \u70c8\u7bad\u9e70\n|-damage|p1a: \u70c8\u7bad\u9e70|79\/100\n|move|p1a: \u70c8\u7bad\u9e70|Flamethrower|p2a: Bisharp\n|-supereffective|p2a: Bisharp\n|-damage|p2a: Bisharp|0 fnt\n|faint|p2a: Bisharp\n|\n|upkeep\n|\n|t:|1700382895\n|switch|p2a: Nidoking|Nidoking, M|100\/100\n|turn|4\n|\n|t:|1700382918\n|move|p2a: Nidoking|Sludge Wave|p1a: \u70c8\u7bad\u9e70\n|-damage|p1a: \u70c8\u7bad\u9e70|14\/100\n|move|p1a: \u70c8\u7bad\u9e70|Flamethrower|p2a: Nidoking\n|-damage|p2a: Nidoking|45\/100\n|\n|upkeep\n|turn|5\n|\n|t:|1700382937\n|move|p2a: Nidoking|Flamethrower|p1a: \u70c8\u7bad\u9e70\n|-resisted|p1a: \u70c8\u7bad\u9e70\n|-damage|p1a: \u70c8\u7bad\u9e70|0 fnt\n|faint|p1a: \u70c8\u7bad\u9e70\n|\n|upkeep\n|\n|t:|1700382951\n|switch|p1a: \u6c34\u72f1\u5352|Ogerpon-Wellspring, F|100\/100\n|turn|6\n|\n|t:|1700382964\n|switch|p2a: Aegislash|Aegislash, F|100\/100\n|move|p1a: \u6c34\u72f1\u5352|Ivy Cudgel|p2a: Aegislash|[anim] Ivy Cudgel Water\n|-damage|p2a: Aegislash|58\/100\n|\n|-heal|p2a: Aegislash|64\/100|[from] item: Leftovers\n|upkeep\n|turn|7\n|\n|t:|1700382974\n|move|p2a: Aegislash|King's Shield|p2a: Aegislash\n|-singleturn|p2a: Aegislash|Protect\n|move|p1a: \u6c34\u72f1\u5352|Swords Dance|p1a: \u6c34\u72f1\u5352\n|-boost|p1a: \u6c34\u72f1\u5352|atk|2\n|\n|-heal|p2a: Aegislash|70\/100|[from] item: Leftovers\n|upkeep\n|turn|8\n|\n|t:|1700382987\n|move|p1a: \u6c34\u72f1\u5352|Ivy Cudgel|p2a: Aegislash|[anim] Ivy Cudgel Water\n|-damage|p2a: Aegislash|0 fnt\n|faint|p2a: Aegislash\n|\n|upkeep\n|\n|t:|1700382992\n|switch|p2a: Zamazenta|Zamazenta|100\/100\n|-ability|p2a: Zamazenta|Dauntless Shield|boost\n|-boost|p2a: Zamazenta|def|1\n|turn|9\n|\n|t:|1700383005\n|-zpower|p2a: Zamazenta\n|move|p2a: Zamazenta|Gigavolt Havoc|p1a: \u6c34\u72f1\u5352|[zeffect]\n|-damage|p1a: \u6c34\u72f1\u5352|29\/100\n|move|p1a: \u6c34\u72f1\u5352|Ivy Cudgel|p2a: Zamazenta|[anim] Ivy Cudgel Water\n|-damage|p2a: Zamazenta|30\/100\n|\n|upkeep\n|turn|10\n|\n|t:|1700383015\n|switch|p1a: \u585e\u8c6a\u5bcc|Aegislash, F, shiny|100\/100\n|move|p2a: Zamazenta|Close Combat|p1a: \u585e\u8c6a\u5bcc\n|-immune|p1a: \u585e\u8c6a\u5bcc\n|\n|upkeep\n|turn|11\n|\n|t:|1700383024\n|switch|p2a: Nidoking|Nidoking, M|45\/100\n|-formechange|p1a: \u585e\u8c6a\u5bcc|Aegislash-Blade||[from] ability: Stance Change\n|move|p1a: \u585e\u8c6a\u5bcc|Shadow Ball|p2a: Nidoking\n|-damage|p2a: Nidoking|0 fnt\n|faint|p2a: Nidoking\n|\n|upkeep\n|\n|t:|1700383029\n|switch|p2a: Latias|Latias, F|100\/100\n|turn|12\n|-message|YiNai forfeited.\n|\n|win|daybreak wave2\n|raw|daybreak wave2's rating: 1528 &rarr; <strong>1542<\/strong><br \/>(+14 for winning)\n|raw|YiNai's rating: 1426 &rarr; <strong>1412<\/strong><br \/>(-14 for losing)\n|l|\u2606YiNai\n","uploadtime":1700383042,"views":6,"p1id":"daybreakwave2","p2id":"yinai","formatid":"gen9nationaldex","rating":1412,"private":0,"password":""}