{"id":"gen9nationaldex-1993782872","p1":"expressyst","p2":"6AwA9","format":"[Gen 9] National Dex","log":"|j|\u2606expressyst\n|j|\u26066AwA9\n|t:|1700356686\n|gametype|singles\n|player|p1|expressyst|dawn|1411\n|player|p2|6AwA9|guzma|1321\n|teamsize|p1|6\n|teamsize|p2|6\n|gen|9\n|tier|[Gen 9] National Dex\n|rated|\n|rule|HP Percentage Mod: HP is shown in percentages\n|rule|Endless Battle Clause: Forcing endless battles is banned\n|rule|OHKO Clause: OHKO moves are banned\n|rule|Evasion Clause: Evasion abilities, items, and moves are banned\n|rule|Evasion Abilities Clause: Evasion abilities are banned\n|rule|Evasion Items Clause: Evasion items are banned\n|rule|Evasion Moves Clause: Evasion moves are banned\n|rule|Species Clause: Limit one of each Pok\u00e9mon\n|rule|Sleep Clause Mod: Limit one foe put to sleep\n|clearpoke\n|poke|p1|Banette, F|\n|poke|p1|Aegislash, M|\n|poke|p1|Alomomola, F|\n|poke|p1|Ting-Lu|\n|poke|p1|Heracross, F|\n|poke|p1|Slowking-Galar, M|\n|poke|p2|Tapu Koko|\n|poke|p2|Iron Valiant|\n|poke|p2|Hawlucha, M|\n|poke|p2|Iron Moth|\n|poke|p2|Dragonite, F|\n|poke|p2|Lopunny, M|\n|teampreview\n|inactive|Battle timer is ON: inactive players will automatically lose when time's up. (requested by expressyst)\n|\n|t:|1700356699\n|start\n|switch|p1a: Slowking|Slowking-Galar, M|100\/100\n|switch|p2a: Tapu Koko|Tapu Koko|100\/100\n|-fieldstart|move: Electric Terrain|[from] ability: Electric Surge|[of] p2a: Tapu Koko\n|turn|1\n|\n|t:|1700356709\n|move|p2a: Tapu Koko|U-turn|p1a: Slowking\n|-damage|p1a: Slowking|82\/100\n|\n|t:|1700356714\n|switch|p2a: Iron Moth|Iron Moth|100\/100|[from] U-turn\n|-activate|p2a: Iron Moth|ability: Quark Drive\n|-start|p2a: Iron Moth|quarkdrivespe\n|move|p1a: Slowking|Future Sight|p2a: Iron Moth\n|-start|p1a: Slowking|move: Future Sight\n|\n|-heal|p1a: Slowking|88\/100|[from] item: Leftovers\n|upkeep\n|turn|2\n|\n|t:|1700356725\n|-terastallize|p2a: Iron Moth|Ground\n|move|p2a: Iron Moth|Tera Blast|p1a: Slowking|[anim] Tera Blast Ground\n|-supereffective|p1a: Slowking\n|-damage|p1a: Slowking|42\/100\n|move|p1a: Slowking|Chilly Reception|p1a: Slowking\n|-weather|Snow\n|\n|t:|1700356735\n|switch|p1a: Heracross|Heracross, F|100\/100|[from] Chilly Reception\n|\n|-weather|Snow|[upkeep]\n|upkeep\n|turn|3\n|\n|t:|1700356746\n|move|p2a: Iron Moth|Fiery Dance|p1a: Heracross\n|-supereffective|p1a: Heracross\n|-damage|p1a: Heracross|2\/100\n|move|p1a: Heracross|Close Combat|p2a: Iron Moth\n|-damage|p2a: Iron Moth|0 fnt\n|-unboost|p1a: Heracross|def|1\n|-unboost|p1a: Heracross|spd|1\n|faint|p2a: Iron Moth\n|-end|p2a: Iron Moth|Quark Drive|[silent]\n|-ability|p1a: Heracross|Moxie|boost\n|-boost|p1a: Heracross|atk|1\n|\n|-weather|Snow|[upkeep]\n|-hint|Future Sight did not hit because the target is fainted.\n|upkeep\n|\n|t:|1700356761\n|switch|p2a: Tapu Koko|Tapu Koko|100\/100\n|turn|4\n|\n|t:|1700356775\n|switch|p1a: Ting-Lu|Ting-Lu|100\/100\n|-ability|p1a: Ting-Lu|Vessel of Ruin\n|move|p2a: Tapu Koko|U-turn|p1a: Ting-Lu\n|-supereffective|p1a: Ting-Lu\n|-crit|p1a: Ting-Lu\n|-damage|p1a: Ting-Lu|72\/100\n|\n|t:|1700356784\n|switch|p2a: Iron Valiant|Iron Valiant|100\/100|[from] U-turn\n|-activate|p2a: Iron Valiant|ability: Quark Drive\n|-start|p2a: Iron Valiant|quarkdrivespe\n|\n|-weather|Snow|[upkeep]\n|-heal|p1a: Ting-Lu|79\/100|[from] item: Leftovers\n|upkeep\n|turn|5\n|\n|t:|1700356798\n|switch|p1a: Aegislash|Aegislash, M|100\/100\n|move|p2a: Iron Valiant|Moonblast|p1a: Aegislash\n|-resisted|p1a: Aegislash\n|-damage|p1a: Aegislash|78\/100\n|-unboost|p1a: Aegislash|spa|1\n|-damage|p2a: Iron Valiant|91\/100|[from] item: Life Orb\n|\n|-weather|Snow|[upkeep]\n|-heal|p1a: Aegislash|84\/100|[from] item: Leftovers\n|upkeep\n|turn|6\n|inactive|6AwA9 has 120 seconds left.\n|\n|t:|1700356850\n|-end|p2a: Iron Valiant|Quark Drive|[silent]\n|switch|p2a: Dragonite|Dragonite, F, shiny|100\/100\n|-formechange|p1a: Aegislash|Aegislash-Blade||[from] ability: Stance Change\n|move|p1a: Aegislash|Iron Head|p2a: Dragonite\n|-damage|p2a: Dragonite|72\/100\n|\n|-weather|none\n|-heal|p1a: Aegislash|90\/100|[from] item: Leftovers\n|upkeep\n|turn|7\n|\n|t:|1700356866\n|move|p2a: Dragonite|Earthquake|p1a: Aegislash\n|-supereffective|p1a: Aegislash\n|-damage|p1a: Aegislash|0 fnt\n|faint|p1a: Aegislash\n|\n|upkeep\n|\n|t:|1700356876\n|switch|p1a: Banette|Banette, F|100\/100\n|-item|p2a: Dragonite|Dragonium Z|[from] ability: Frisk|[of] p1a: Banette|[identify]\n|turn|8\n|inactive|6AwA9 has 120 seconds left.\n|\n|t:|1700356889\n|detailschange|p1a: Banette|Banette-Mega, F\n|-mega|p1a: Banette|Banette|Banettite\n|-zpower|p2a: Dragonite\n|move|p2a: Dragonite|Devastating Drake|p1a: Banette|[zeffect]\n|-damage|p1a: Banette|0 fnt\n|faint|p1a: Banette\n|\n|-fieldend|move: Electric Terrain\n|upkeep\n|\n|t:|1700356901\n|switch|p1a: Alomomola|Alomomola, F|100\/100\n|turn|9\n|-message|expressyst forfeited.\n|\n|win|6AwA9\n|raw|expressyst's rating: 1411 &rarr; <strong>1386<\/strong><br \/>(-25 for losing)\n|raw|6AwA9's rating: 1321 &rarr; <strong>1346<\/strong><br \/>(+25 for winning)\n|l|\u2606expressyst\n|l|\u26066AwA9\n|j|\u26066AwA9\n|player|p2|6AwA9|guzma\n","uploadtime":1700356919,"views":16,"p1id":"expressyst","p2id":"6awa9","formatid":"gen9nationaldex","rating":1346,"private":0,"password":""}