{"id":"gen9nationaldex-1998067288","p1":"dinosrrcool","p2":"Hud015","format":"[Gen 9] National Dex","log":"|html|<div class=\"broadcast-blue\"><strong>[Gen 9] National Dex is currently suspecting Sneasler! For information on how to participate check out the <a href=\"https:\/\/www.smogon.com\/forums\/threads\/sv-national-dex-suspect-8-just-dance.3731534\/\">suspect thread<\/a>.<\/strong><\/div>\n|j|\u2606dinosrrcool\n|j|\u2606Hud015\n|t:|1700886187\n|gametype|singles\n|player|p1|dinosrrcool|lady|\n|player|p2|Hud015|n|\n|teamsize|p1|6\n|teamsize|p2|6\n|gen|9\n|tier|[Gen 9] National Dex\n|rule|HP Percentage Mod: HP is shown in percentages\n|rule|Endless Battle Clause: Forcing endless battles is banned\n|rule|OHKO Clause: OHKO moves are banned\n|rule|Evasion Clause: Evasion abilities, items, and moves are banned\n|rule|Evasion Abilities Clause: Evasion abilities are banned\n|rule|Evasion Items Clause: Evasion items are banned\n|rule|Evasion Moves Clause: Evasion moves are banned\n|rule|Species Clause: Limit one of each Pok\u00e9mon\n|rule|Sleep Clause Mod: Limit one foe put to sleep\n|clearpoke\n|poke|p1|Hatterene, F|\n|poke|p1|Breloom, F|\n|poke|p1|Jirachi|\n|poke|p1|Ampharos, M|\n|poke|p1|Weezing-Galar, F|\n|poke|p1|Samurott, F|\n|poke|p2|Scyther, M|\n|poke|p2|Azumarill, F|\n|poke|p2|Latias, F|\n|poke|p2|Ting-Lu|\n|poke|p2|Kyurem|\n|poke|p2|Heatran, M|\n|teampreview\n|\n|t:|1700886234\n|start\n|switch|p1a: Roosevelt|Weezing-Galar, F|100\/100\n|switch|p2a: Hotdog|Ting-Lu|100\/100\n|-ability|p2a: Hotdog|Vessel of Ruin\n|turn|1\n|j| raynee22\n|c| raynee22|me\n|\n|t:|1700886273\n|move|p1a: Roosevelt|Toxic Spikes|p2a: Hotdog\n|-sidestart|p2: Hud015|move: Toxic Spikes\n|move|p2a: Hotdog|Substitute|p2a: Hotdog\n|-start|p2a: Hotdog|Substitute\n|-damage|p2a: Hotdog|76\/100\n|\n|-heal|p2a: Hotdog|82\/100|[from] item: Leftovers\n|upkeep\n|turn|2\n|\n|t:|1700886281\n|move|p1a: Roosevelt|Strange Steam|p2a: Hotdog\n|-supereffective|p2a: Hotdog\n|-end|p2a: Hotdog|Substitute\n|move|p2a: Hotdog|Stealth Rock|p1a: Roosevelt\n|-sidestart|p1: dinosrrcool|move: Stealth Rock\n|\n|-heal|p2a: Hotdog|88\/100|[from] item: Leftovers\n|upkeep\n|turn|3\n|\n|t:|1700886293\n|switch|p2a: Alt|Heatran, M|100\/100\n|move|p1a: Roosevelt|Strange Steam|p2a: Alt\n|-resisted|p2a: Alt\n|-damage|p2a: Alt|91\/100\n|\n|upkeep\n|turn|4\n|\n|t:|1700886326\n|switch|p1a: Bungums|Samurott, F|100\/100\n|-damage|p1a: Bungums|88\/100|[from] Stealth Rock\n|-terastallize|p2a: Alt|Fire\n|move|p2a: Alt|Eruption|p1a: Bungums\n|-resisted|p1a: Bungums\n|-damage|p1a: Bungums|36\/100\n|\n|-heal|p1a: Bungums|42\/100|[from] item: Leftovers\n|upkeep\n|turn|5\n|j| dunsparcedingo\n|\n|t:|1700886342\n|move|p2a: Alt|Eruption|p1a: Bungums\n|-resisted|p1a: Bungums\n|-damage|p1a: Bungums|0 fnt\n|faint|p1a: Bungums\n|\n|upkeep\n|\n|t:|1700886367\n|switch|p1a: Willow|Hatterene, F|100\/100\n|-damage|p1a: Willow|88\/100|[from] Stealth Rock\n|turn|6\n|j| RealJakePaulVEVO\n|c| RealJakePaulVEVO|am I unbanned yet\n|c| RealJakePaulVEVO|I am\n|c| RealJakePaulVEVO|yay\n|\n|t:|1700886412\n|move|p2a: Alt|Eruption|p1a: Willow\n|-damage|p1a: Willow|0 fnt\n|faint|p1a: Willow\n|\n|upkeep\n|j| DingusMcRingus\n|l| DingusMcRingus\n|\n|t:|1700886453\n|switch|p1a: Charlie|Breloom, F, shiny|100\/100\n|-damage|p1a: Charlie|94\/100|[from] Stealth Rock\n|turn|7\n|\n|t:|1700886459\n|-terastallize|p1a: Charlie|Fighting\n|move|p1a: Charlie|Mach Punch|p2a: Alt\n|-damage|p2a: Alt|42\/100\n|move|p2a: Alt|Eruption|p1a: Charlie\n|-damage|p1a: Charlie|5\/100\n|\n|upkeep\n|turn|8\n|j| DingusMcRingus\n|j| TheRicoSuave\n|c| RealJakePaulVEVO|we did it joe\n|\n|t:|1700886480\n|switch|p2a: 15th st|Latias, F|100\/100\n|move|p1a: Charlie|Mach Punch|p2a: 15th st\n|-resisted|p2a: 15th st\n|-damage|p2a: 15th st|76\/100\n|\n|upkeep\n|turn|9\n|\n|t:|1700886502\n|switch|p1a: Roosevelt|Weezing-Galar, F|100\/100\n|-damage|p1a: Roosevelt|88\/100|[from] Stealth Rock\n|detailschange|p2a: 15th st|Latias-Mega, F\n|-mega|p2a: 15th st|Latias|Latiasite\n|move|p2a: 15th st|Recover|p2a: 15th st\n|-heal|p2a: 15th st|100\/100\n|\n|-heal|p1a: Roosevelt|94\/100|[from] item: Black Sludge\n|upkeep\n|turn|10\n|\n|t:|1700886514\n|move|p2a: 15th st|Psychic|p1a: Roosevelt\n|-supereffective|p1a: Roosevelt\n|-damage|p1a: Roosevelt|0 fnt\n|faint|p1a: Roosevelt\n|\n|upkeep\n|\n|t:|1700886535\n|switch|p1a: Cool Whip|Jirachi, shiny|100\/100\n|-damage|p1a: Cool Whip|94\/100|[from] Stealth Rock\n|turn|11\n|\n|t:|1700886541\n|move|p2a: 15th st|Substitute|p2a: 15th st\n|-start|p2a: 15th st|Substitute\n|-damage|p2a: 15th st|76\/100\n|move|p1a: Cool Whip|Moonblast|p2a: 15th st\n|-supereffective|p2a: 15th st\n|-end|p2a: 15th st|Substitute\n|\n|-heal|p1a: Cool Whip|100\/100|[from] item: Leftovers\n|upkeep\n|turn|12\n|\n|t:|1700886571\n|move|p1a: Cool Whip|Protect|p1a: Cool Whip\n|-singleturn|p1a: Cool Whip|Protect\n|move|p2a: 15th st|Draco Meteor|p1a: Cool Whip\n|-activate|p1a: Cool Whip|move: Protect\n|\n|upkeep\n|turn|13\n|\n|t:|1700886580\n|move|p1a: Cool Whip|Protect||[still]\n|-fail|p1a: Cool Whip\n|move|p2a: 15th st|Draco Meteor|p1a: Cool Whip\n|-resisted|p1a: Cool Whip\n|-damage|p1a: Cool Whip|68\/100\n|-unboost|p2a: 15th st|spa|2\n|\n|-heal|p1a: Cool Whip|74\/100|[from] item: Leftovers\n|upkeep\n|turn|14\n|\n|t:|1700886594\n|switch|p2a: Hotdog|Ting-Lu|88\/100\n|-status|p2a: Hotdog|psn\n|-ability|p2a: Hotdog|Vessel of Ruin\n|move|p1a: Cool Whip|Moonblast|p2a: Hotdog\n|-supereffective|p2a: Hotdog\n|-damage|p2a: Hotdog|60\/100 psn\n|-unboost|p2a: Hotdog|spa|1\n|\n|-heal|p1a: Cool Whip|80\/100|[from] item: Leftovers\n|-heal|p2a: Hotdog|67\/100 psn|[from] item: Leftovers\n|-damage|p2a: Hotdog|54\/100 psn|[from] psn\n|upkeep\n|turn|15\n|\n|t:|1700886633\n|move|p1a: Cool Whip|Moonblast|p2a: Hotdog\n|-supereffective|p2a: Hotdog\n|-damage|p2a: Hotdog|29\/100 psn\n|-unboost|p2a: Hotdog|spa|1\n|move|p2a: Hotdog|Earthquake|p1a: Cool Whip\n|-supereffective|p1a: Cool Whip\n|-damage|p1a: Cool Whip|21\/100\n|\n|-heal|p1a: Cool Whip|27\/100|[from] item: Leftovers\n|-heal|p2a: Hotdog|36\/100 psn|[from] item: Leftovers\n|-damage|p2a: Hotdog|23\/100 psn|[from] psn\n|upkeep\n|turn|16\n|\n|t:|1700886644\n|move|p1a: Cool Whip|Moonblast|p2a: Hotdog\n|-supereffective|p2a: Hotdog\n|-damage|p2a: Hotdog|0 fnt\n|faint|p2a: Hotdog\n|\n|-heal|p1a: Cool Whip|33\/100|[from] item: Leftovers\n|upkeep\n|\n|t:|1700886650\n|switch|p2a: Alt|Heatran, M, tera:Fire|42\/100\n|-status|p2a: Alt|psn\n|turn|17\n|\n|t:|1700886656\n|move|p1a: Cool Whip|Protect|p1a: Cool Whip\n|-singleturn|p1a: Cool Whip|Protect\n|move|p2a: Alt|Overheat|p1a: Cool Whip\n|-activate|p1a: Cool Whip|move: Protect\n|\n|-heal|p1a: Cool Whip|39\/100|[from] item: Leftovers\n|-damage|p2a: Alt|29\/100 psn|[from] psn\n|upkeep\n|turn|18\n|\n|t:|1700886674\n|move|p1a: Cool Whip|Protect||[still]\n|-fail|p1a: Cool Whip\n|move|p2a: Alt|Overheat|p1a: Cool Whip\n|-supereffective|p1a: Cool Whip\n|-damage|p1a: Cool Whip|0 fnt\n|-unboost|p2a: Alt|spa|2\n|faint|p1a: Cool Whip\n|\n|-damage|p2a: Alt|17\/100 psn|[from] psn\n|upkeep\n|\n|t:|1700886709\n|switch|p1a: Trixie|Ampharos, M, shiny|100\/100\n|-damage|p1a: Trixie|88\/100|[from] Stealth Rock\n|turn|19\n|\n|t:|1700886714\n|detailschange|p1a: Trixie|Ampharos-Mega, M, shiny\n|-mega|p1a: Trixie|Ampharos|Ampharosite\n|-ability|p1a: Trixie|Mold Breaker\n|move|p2a: Alt|Overheat|p1a: Trixie\n|-resisted|p1a: Trixie\n|-damage|p1a: Trixie|70\/100\n|-unboost|p2a: Alt|spa|2\n|move|p1a: Trixie|Dragon Pulse|p2a: Alt\n|-damage|p2a: Alt|0 fnt\n|faint|p2a: Alt\n|\n|upkeep\n|l| dunsparcedingo\n|\n|t:|1700886730\n|switch|p2a: 15th st|Latias-Mega, F|76\/100\n|turn|20\n|\n|t:|1700886734\n|move|p2a: 15th st|Draco Meteor|p1a: Trixie\n|-supereffective|p1a: Trixie\n|-damage|p1a: Trixie|0 fnt\n|-unboost|p2a: 15th st|spa|2\n|faint|p1a: Trixie\n|\n|upkeep\n|\n|t:|1700886740\n|switch|p1a: Charlie|Breloom, F, shiny, tera:Fighting|5\/100\n|-damage|p1a: Charlie|0 fnt|[from] Stealth Rock\n|faint|p1a: Charlie\n|\n|win|Hud015\n","uploadtime":1700886747,"views":4,"p1id":"dinosrrcool","p2id":"hud015","formatid":"gen9nationaldex","rating":0,"private":0,"password":""}