{"id":"gen9nationaldex-1998652049","p1":"milizuishuai","p2":"lifegoeson123","format":"[Gen 9] National Dex","log":"|html|<div class=\"broadcast-blue\"><strong>[Gen 9] National Dex is currently suspecting Sneasler! For information on how to participate check out the <a href=\"https:\/\/www.smogon.com\/forums\/threads\/sv-national-dex-suspect-8-just-dance.3731534\/\">suspect thread<\/a>.<\/strong><\/div>\n|j|\u2606milizuishuai\n|j|\u2606lifegoeson123\n|t:|1700967846\n|gametype|singles\n|player|p1|milizuishuai|n|1427\n|player|p2|lifegoeson123|richboy|1422\n|teamsize|p1|6\n|teamsize|p2|6\n|gen|9\n|tier|[Gen 9] National Dex\n|rated|\n|rule|HP Percentage Mod: HP is shown in percentages\n|rule|Endless Battle Clause: Forcing endless battles is banned\n|rule|OHKO Clause: OHKO moves are banned\n|rule|Evasion Clause: Evasion abilities, items, and moves are banned\n|rule|Evasion Abilities Clause: Evasion abilities are banned\n|rule|Evasion Items Clause: Evasion items are banned\n|rule|Evasion Moves Clause: Evasion moves are banned\n|rule|Species Clause: Limit one of each Pok\u00e9mon\n|rule|Sleep Clause Mod: Limit one foe put to sleep\n|clearpoke\n|poke|p1|Nidoking, M|\n|poke|p1|Ribombee, M|\n|poke|p1|Greninja-*, M|\n|poke|p1|Salamence, M|\n|poke|p1|Great Tusk|\n|poke|p1|Banette, M|\n|poke|p2|Pelipper, F|\n|poke|p2|Swampert, M|\n|poke|p2|Kingdra, M|\n|poke|p2|Ferrothorn, M|\n|poke|p2|Zapdos|\n|poke|p2|Hatterene, F|\n|teampreview\n|inactive|Battle timer is ON: inactive players will automatically lose when time's up. (requested by milizuishuai)\n|\n|t:|1700967853\n|start\n|switch|p1a: Ribombee|Ribombee, M, shiny|100\/100\n|switch|p2a: Hatterene|Hatterene, F|100\/100\n|turn|1\n|\n|t:|1700967862\n|move|p1a: Ribombee|Skill Swap|p2a: Hatterene\n|-activate|p1a: Ribombee|move: Skill Swap|Magic Bounce|Shield Dust|[of] p2a: Hatterene\n|move|p2a: Hatterene|Mystical Fire|p1a: Ribombee\n|-supereffective|p1a: Ribombee\n|-damage|p1a: Ribombee|15\/100\n|-unboost|p1a: Ribombee|spa|1\n|\n|upkeep\n|turn|2\n|\n|t:|1700967887\n|move|p1a: Ribombee|Sticky Web|p2a: Hatterene\n|-sidestart|p2: lifegoeson123|move: Sticky Web\n|move|p2a: Hatterene|Mystical Fire|p1a: Ribombee\n|-supereffective|p1a: Ribombee\n|-damage|p1a: Ribombee|0 fnt\n|faint|p1a: Ribombee\n|\n|upkeep\n|\n|t:|1700967893\n|switch|p1a: Nidoking|Nidoking, M, shiny|100\/100\n|turn|3\n|\n|t:|1700967903\n|move|p1a: Nidoking|Sludge Wave|p2a: Hatterene\n|-supereffective|p2a: Hatterene\n|-damage|p2a: Hatterene|0 fnt\n|faint|p2a: Hatterene\n|\n|upkeep\n|\n|t:|1700967907\n|switch|p2a: Pelipper|Pelipper, F|100\/100\n|-weather|RainDance|[from] ability: Drizzle|[of] p2a: Pelipper\n|turn|4\n|\n|t:|1700967916\n|switch|p1a: Salamence|Salamence, M, shiny|100\/100\n|switch|p2a: Zapdos|Zapdos|100\/100\n|\n|-weather|RainDance|[upkeep]\n|upkeep\n|turn|5\n|\n|t:|1700967924\n|move|p1a: Salamence|Dragon Dance|p1a: Salamence\n|-boost|p1a: Salamence|atk|1\n|-boost|p1a: Salamence|spe|1\n|move|p2a: Zapdos|Defog|p1a: Salamence\n|-unboost|p1a: Salamence|evasion|1\n|-sideend|p2: lifegoeson123|Sticky Web|[from] move: Defog|[of] p2a: Zapdos\n|\n|-weather|RainDance|[upkeep]\n|upkeep\n|turn|6\n|\n|t:|1700967929\n|move|p1a: Salamence|Dragon Dance|p1a: Salamence\n|-boost|p1a: Salamence|atk|1\n|-boost|p1a: Salamence|spe|1\n|move|p2a: Zapdos|Thunder|p1a: Salamence\n|-damage|p1a: Salamence|47\/100\n|\n|-weather|RainDance|[upkeep]\n|upkeep\n|turn|7\n|\n|t:|1700967937\n|-zpower|p1a: Salamence\n|move|p1a: Salamence|Devastating Drake|p2a: Zapdos|[zeffect]\n|-damage|p2a: Zapdos|0 fnt\n|faint|p2a: Zapdos\n|-ability|p1a: Salamence|Moxie|boost\n|-boost|p1a: Salamence|atk|1\n|\n|-weather|RainDance|[upkeep]\n|upkeep\n|\n|t:|1700967945\n|switch|p2a: Ferrothorn|Ferrothorn, M|100\/100\n|turn|8\n|\n|t:|1700967961\n|move|p1a: Salamence|Outrage|p2a: Ferrothorn\n|-resisted|p2a: Ferrothorn\n|-damage|p2a: Ferrothorn|43\/100\n|-damage|p1a: Salamence|34\/100|[from] ability: Iron Barbs|[of] p2a: Ferrothorn\n|move|p2a: Ferrothorn|Gyro Ball|p1a: Salamence\n|-damage|p1a: Salamence|0 fnt\n|faint|p1a: Salamence\n|\n|-weather|RainDance|[upkeep]\n|upkeep\n|\n|t:|1700967981\n|switch|p1a: Greninja|Greninja, M|100\/100\n|turn|9\n|\n|t:|1700967988\n|move|p2a: Ferrothorn|Protect|p2a: Ferrothorn\n|-singleturn|p2a: Ferrothorn|Protect\n|move|p1a: Greninja|Dark Pulse|p2a: Ferrothorn\n|-activate|p2a: Ferrothorn|move: Protect\n|\n|-weather|RainDance|[upkeep]\n|upkeep\n|turn|10\n|\n|t:|1700968012\n|move|p1a: Greninja|Dark Pulse|p2a: Ferrothorn\n|-damage|p2a: Ferrothorn|12\/100\n|-damage|p1a: Greninja|91\/100|[from] item: Life Orb\n|move|p2a: Ferrothorn|Leech Seed|p1a: Greninja\n|-start|p1a: Greninja|move: Leech Seed\n|\n|-weather|RainDance|[upkeep]\n|-damage|p1a: Greninja|78\/100|[from] Leech Seed|[of] p2a: Ferrothorn\n|-heal|p2a: Ferrothorn|22\/100|[silent]\n|upkeep\n|turn|11\n|\n|t:|1700968038\n|switch|p1a: Banette|Banette, M|100\/100\n|switch|p2a: Swampert|Swampert, M|100\/100\n|\n|-weather|none\n|upkeep\n|turn|12\n|\n|t:|1700968046\n|detailschange|p2a: Swampert|Swampert-Mega, M\n|-mega|p2a: Swampert|Swampert|Swampertite\n|detailschange|p1a: Banette|Banette-Mega, M\n|-mega|p1a: Banette|Banette|Banettite\n|move|p2a: Swampert|Flip Turn|p1a: Banette\n|-damage|p1a: Banette|48\/100\n|\n|t:|1700968052\n|switch|p2a: Pelipper|Pelipper, F|100\/100|[from] Flip Turn\n|-weather|RainDance|[from] ability: Drizzle|[of] p2a: Pelipper\n|move|p1a: Banette|Poltergeist|p2a: Pelipper\n|-activate|p2a: Pelipper|move: Poltergeist|Damp Rock\n|-damage|p2a: Pelipper|41\/100\n|\n|-weather|RainDance|[upkeep]\n|upkeep\n|turn|13\n|inactive|lifegoeson123 has 120 seconds left.\n|\n|t:|1700968082\n|-activate|p2a: Pelipper|move: Pursuit\n|move|p1a: Banette|Pursuit|p2a: Pelipper|[from]Pursuit\n|-damage|p2a: Pelipper|13\/100\n|switch|p2a: Swampert|Swampert-Mega, M|100\/100\n|\n|-weather|RainDance|[upkeep]\n|upkeep\n|turn|14\n|\n|t:|1700968093\n|move|p1a: Banette|Destiny Bond|p1a: Banette\n|-singlemove|p1a: Banette|Destiny Bond\n|move|p2a: Swampert|Liquidation|p1a: Banette\n|-damage|p1a: Banette|0 fnt\n|faint|p1a: Banette\n|-activate|p1a: Banette|move: Destiny Bond\n|faint|p2a: Swampert\n|\n|-weather|RainDance|[upkeep]\n|upkeep\n|\n|t:|1700968105\n|switch|p2a: Kingdra|Kingdra, M|100\/100\n|switch|p1a: Great Tusk|Great Tusk|100\/100\n|turn|15\n|\n|t:|1700968113\n|-terastallize|p2a: Kingdra|Water\n|-terastallize|p1a: Great Tusk|Steel\n|move|p2a: Kingdra|Hydro Pump|p1a: Great Tusk\n|-damage|p1a: Great Tusk|0 fnt\n|faint|p1a: Great Tusk\n|-end|p1a: Great Tusk|Protosynthesis|[silent]\n|\n|-weather|RainDance|[upkeep]\n|upkeep\n|\n|t:|1700968122\n|switch|p1a: Greninja|Greninja, M|78\/100\n|turn|16\n|\n|t:|1700968127\n|move|p2a: Kingdra|Hydro Pump|p1a: Greninja\n|-resisted|p1a: Greninja\n|-damage|p1a: Greninja|0 fnt\n|faint|p1a: Greninja\n|\n|-weather|RainDance|[upkeep]\n|upkeep\n|\n|t:|1700968130\n|switch|p1a: Nidoking|Nidoking, M, shiny|100\/100\n|turn|17\n|\n|t:|1700968136\n|move|p2a: Kingdra|Hydro Pump|p1a: Nidoking\n|-supereffective|p1a: Nidoking\n|-damage|p1a: Nidoking|0 fnt\n|faint|p1a: Nidoking\n|\n|win|lifegoeson123\n|raw|milizuishuai's rating: 1427 &rarr; <strong>1407<\/strong><br \/>(-20 for losing)\n|raw|lifegoeson123's rating: 1422 &rarr; <strong>1442<\/strong><br \/>(+20 for winning)\n|l|\u2606milizuishuai\n","uploadtime":1700968150,"views":1,"p1id":"milizuishuai","p2id":"lifegoeson123","formatid":"gen9nationaldex","rating":1407,"private":0,"password":""}