{"id":"gen9nationaldex-1999131108","p1":"Ursustesemiliax","p2":"The Brocha","format":"[Gen 9] National Dex","log":"|html|<div class=\"broadcast-blue\"><strong>[Gen 9] National Dex is currently suspecting Sneasler! For information on how to participate check out the <a href=\"https:\/\/www.smogon.com\/forums\/threads\/sv-national-dex-suspect-8-just-dance.3731534\/\">suspect thread<\/a>.<\/strong><\/div>\n|j|\u2606Ursustesemiliax\n|j|\u2606The Brocha\n|t:|1701036496\n|gametype|singles\n|player|p1|Ursustesemiliax|worker|1408\n|player|p2|The Brocha|ninjaboy|1503\n|teamsize|p1|6\n|teamsize|p2|6\n|gen|9\n|tier|[Gen 9] National Dex\n|rated|\n|rule|HP Percentage Mod: HP is shown in percentages\n|rule|Endless Battle Clause: Forcing endless battles is banned\n|rule|OHKO Clause: OHKO moves are banned\n|rule|Evasion Clause: Evasion abilities, items, and moves are banned\n|rule|Evasion Abilities Clause: Evasion abilities are banned\n|rule|Evasion Items Clause: Evasion items are banned\n|rule|Evasion Moves Clause: Evasion moves are banned\n|rule|Species Clause: Limit one of each Pok\u00e9mon\n|rule|Sleep Clause Mod: Limit one foe put to sleep\n|clearpoke\n|poke|p1|Scizor, M|\n|poke|p1|Thundurus-Therian, M|\n|poke|p1|Urshifu-*, M|\n|poke|p1|Skeledirge, M|\n|poke|p1|Ting-Lu|\n|poke|p1|Kyurem|\n|poke|p2|Rillaboom, F|\n|poke|p2|Aegislash, F|\n|poke|p2|Alomomola, F|\n|poke|p2|Hawlucha, M|\n|poke|p2|Nidoking, M|\n|poke|p2|Kleavor, F|\n|teampreview\n|c|\u2606The Brocha|Glhf\n|\n|t:|1701036544\n|start\n|switch|p1a: Garre|Thundurus-Therian, M|100\/100\n|switch|p2a: Nidoking|Nidoking, M, shiny|100\/100\n|turn|1\n|\n|t:|1701036549\n|switch|p1a: Beckhem|Ting-Lu|100\/100\n|-ability|p1a: Beckhem|Vessel of Ruin\n|move|p2a: Nidoking|Ice Beam|p1a: Beckhem\n|-supereffective|p1a: Beckhem\n|-damage|p1a: Beckhem|65\/100\n|\n|-heal|p1a: Beckhem|71\/100|[from] item: Leftovers\n|upkeep\n|turn|2\n|\n|t:|1701036561\n|switch|p2a: Alomomola|Alomomola, F|100\/100\n|move|p1a: Beckhem|Stealth Rock|p2a: Alomomola\n|-sidestart|p2: The Brocha|move: Stealth Rock\n|\n|-heal|p1a: Beckhem|78\/100|[from] item: Leftovers\n|upkeep\n|turn|3\n|\n|t:|1701036565\n|switch|p1a: Zan|Scizor, M|100\/100\n|move|p2a: Alomomola|Toxic|p1a: Zan\n|-immune|p1a: Zan\n|\n|upkeep\n|turn|4\n|\n|t:|1701036571\n|detailschange|p1a: Zan|Scizor-Mega, M\n|-mega|p1a: Zan|Scizor|Scizorite\n|move|p1a: Zan|U-turn|p2a: Alomomola\n|-damage|p2a: Alomomola|83\/100\n|-enditem|p2a: Alomomola|Eject Button\n|\n|t:|1701036577\n|switch|p2a: Nidoking|Nidoking, M, shiny|100\/100\n|-damage|p2a: Nidoking|95\/100|[from] Stealth Rock\n|\n|upkeep\n|turn|5\n|\n|t:|1701036583\n|switch|p1a: Beckhem|Ting-Lu|78\/100\n|-ability|p1a: Beckhem|Vessel of Ruin\n|move|p2a: Nidoking|Flamethrower|p1a: Beckhem\n|-damage|p1a: Beckhem|60\/100\n|\n|-heal|p1a: Beckhem|66\/100|[from] item: Leftovers\n|upkeep\n|turn|6\n|\n|t:|1701036604\n|switch|p2a: Alomomola|Alomomola, F|100\/100\n|-damage|p2a: Alomomola|88\/100|[from] Stealth Rock\n|switch|p1a: Garre|Thundurus-Therian, M|100\/100\n|\n|upkeep\n|turn|7\n|\n|t:|1701036609\n|switch|p1a: Doom|Urshifu-Rapid-Strike, M|100\/100\n|switch|p2a: Aegislash|Aegislash, F, shiny|100\/100\n|-damage|p2a: Aegislash|94\/100|[from] Stealth Rock\n|\n|-heal|p2a: Aegislash|100\/100|[from] item: Leftovers\n|upkeep\n|turn|8\n|\n|t:|1701036618\n|move|p1a: Doom|Surging Strikes|p2a: Aegislash\n|-crit|p2a: Aegislash\n|-damage|p2a: Aegislash|76\/100\n|-crit|p2a: Aegislash\n|-damage|p2a: Aegislash|52\/100\n|-crit|p2a: Aegislash\n|-damage|p2a: Aegislash|29\/100\n|-hitcount|p2a: Aegislash|3\n|-formechange|p2a: Aegislash|Aegislash-Blade||[from] ability: Stance Change\n|move|p2a: Aegislash|Shadow Ball|p1a: Doom\n|-damage|p1a: Doom|26\/100\n|\n|-heal|p2a: Aegislash|36\/100|[from] item: Leftovers\n|upkeep\n|turn|9\n|\n|t:|1701036624\n|switch|p2a: Alomomola|Alomomola, F|100\/100\n|-damage|p2a: Alomomola|88\/100|[from] Stealth Rock\n|move|p1a: Doom|Surging Strikes|p2a: Alomomola\n|-resisted|p2a: Alomomola\n|-crit|p2a: Alomomola\n|-damage|p2a: Alomomola|81\/100\n|-resisted|p2a: Alomomola\n|-crit|p2a: Alomomola\n|-damage|p2a: Alomomola|72\/100\n|-resisted|p2a: Alomomola\n|-crit|p2a: Alomomola\n|-damage|p2a: Alomomola|64\/100\n|-hitcount|p2a: Alomomola|3\n|\n|upkeep\n|turn|10\n|\n|t:|1701036628\n|switch|p1a: Garre|Thundurus-Therian, M|100\/100\n|move|p2a: Alomomola|Flip Turn|p1a: Garre\n|-damage|p1a: Garre|76\/100\n|\n|t:|1701036632\n|switch|p2a: Kleavor|Kleavor, F|100\/100|[from] Flip Turn\n|-damage|p2a: Kleavor|76\/100|[from] Stealth Rock\n|\n|upkeep\n|turn|11\n|\n|t:|1701036638\n|move|p1a: Garre|Volt Switch|p2a: Kleavor\n|-damage|p2a: Kleavor|14\/100\n|\n|t:|1701036642\n|switch|p1a: Zan|Scizor-Mega, M|100\/100|[from] Volt Switch\n|move|p2a: Kleavor|Stone Axe|p1a: Zan\n|-damage|p1a: Zan|65\/100\n|-sidestart|p1: Ursustesemiliax|move: Stealth Rock\n|\n|upkeep\n|turn|12\n|\n|t:|1701036652\n|switch|p2a: Alomomola|Alomomola, F|98\/100\n|-damage|p2a: Alomomola|85\/100|[from] Stealth Rock\n|move|p1a: Zan|Defog|p2a: Alomomola\n|-unboost|p2a: Alomomola|evasion|1\n|-sideend|p2: The Brocha|Stealth Rock|[from] move: Defog|[of] p1a: Zan\n|-sideend|p1: Ursustesemiliax|Stealth Rock|[from] move: Defog|[of] p1a: Zan\n|\n|upkeep\n|turn|13\n|\n|t:|1701036660\n|move|p1a: Zan|U-turn|p2a: Alomomola\n|-crit|p2a: Alomomola\n|-damage|p2a: Alomomola|55\/100\n|\n|t:|1701036663\n|switch|p1a: Garre|Thundurus-Therian, M|76\/100|[from] U-turn\n|move|p2a: Alomomola|Flip Turn|p1a: Garre\n|-damage|p1a: Garre|50\/100\n|\n|t:|1701036682\n|switch|p2a: Kleavor|Kleavor, F|14\/100|[from] Flip Turn\n|\n|upkeep\n|turn|14\n|\n|t:|1701036689\n|switch|p2a: Nidoking|Nidoking, M, shiny|95\/100\n|move|p1a: Garre|Grass Knot|p2a: Nidoking\n|-damage|p2a: Nidoking|52\/100\n|\n|upkeep\n|turn|15\n|\n|t:|1701036695\n|move|p1a: Garre|Grass Knot|p2a: Nidoking\n|-damage|p2a: Nidoking|9\/100\n|move|p2a: Nidoking|Ice Beam|p1a: Garre\n|-supereffective|p1a: Garre\n|-damage|p1a: Garre|0 fnt\n|faint|p1a: Garre\n|\n|upkeep\n|\n|t:|1701036698\n|switch|p1a: Doom|Urshifu-Rapid-Strike, M|26\/100\n|turn|16\n|\n|t:|1701036706\n|switch|p2a: Alomomola|Alomomola, F|89\/100\n|move|p1a: Doom|U-turn|p2a: Alomomola\n|-damage|p2a: Alomomola|69\/100\n|\n|t:|1701036711\n|switch|p1a: Tahelyon|Kyurem, shiny|100\/100|[from] U-turn\n|-ability|p1a: Tahelyon|Pressure\n|\n|upkeep\n|turn|17\n|\n|t:|1701036719\n|move|p1a: Tahelyon|Freeze-Dry|p2a: Alomomola\n|-supereffective|p2a: Alomomola\n|-damage|p2a: Alomomola|0 fnt\n|faint|p2a: Alomomola\n|\n|upkeep\n|\n|t:|1701036725\n|switch|p2a: Kleavor|Kleavor, F|14\/100\n|turn|18\n|\n|t:|1701036736\n|move|p2a: Kleavor|X-Scissor|p1a: Tahelyon\n|-damage|p1a: Tahelyon|35\/100\n|move|p1a: Tahelyon|Freeze-Dry|p2a: Kleavor\n|-damage|p2a: Kleavor|0 fnt\n|faint|p2a: Kleavor\n|\n|upkeep\n|\n|t:|1701036752\n|switch|p2a: Aegislash|Aegislash, F, shiny|36\/100\n|turn|19\n|\n|t:|1701036757\n|switch|p1a: Sariel|Skeledirge, M|100\/100\n|-formechange|p2a: Aegislash|Aegislash-Blade||[from] ability: Stance Change\n|move|p2a: Aegislash|Shadow Ball|p1a: Sariel\n|-supereffective|p1a: Sariel\n|-damage|p1a: Sariel|6\/100\n|\n|-heal|p1a: Sariel|12\/100|[from] item: Leftovers\n|-heal|p2a: Aegislash|42\/100|[from] item: Leftovers\n|upkeep\n|turn|20\n|\n|t:|1701036765\n|move|p1a: Sariel|Torch Song|p2a: Aegislash\n|-supereffective|p2a: Aegislash\n|-damage|p2a: Aegislash|0 fnt\n|-boost|p1a: Sariel|spa|1\n|faint|p2a: Aegislash\n|\n|-heal|p1a: Sariel|18\/100|[from] item: Leftovers\n|upkeep\n|\n|t:|1701036777\n|switch|p2a: Nidoking|Nidoking, M, shiny|9\/100\n|turn|21\n|\n|t:|1701036785\n|switch|p1a: Beckhem|Ting-Lu|66\/100\n|-ability|p1a: Beckhem|Vessel of Ruin\n|move|p2a: Nidoking|Ice Beam|p1a: Beckhem\n|-supereffective|p1a: Beckhem\n|-damage|p1a: Beckhem|34\/100\n|\n|-heal|p1a: Beckhem|40\/100|[from] item: Leftovers\n|upkeep\n|turn|22\n|\n|t:|1701036792\n|switch|p2a: Rillaboom|Rillaboom, F|100\/100\n|-fieldstart|move: Grassy Terrain|[from] ability: Grassy Surge|[of] p2a: Rillaboom\n|move|p1a: Beckhem|Stealth Rock|p2a: Rillaboom\n|-sidestart|p2: The Brocha|move: Stealth Rock\n|\n|-heal|p1a: Beckhem|46\/100|[from] Grassy Terrain\n|-heal|p1a: Beckhem|53\/100|[from] item: Leftovers\n|upkeep\n|turn|23\n|\n|t:|1701036795\n|switch|p1a: Zan|Scizor-Mega, M|65\/100\n|move|p2a: Rillaboom|U-turn|p1a: Zan\n|-resisted|p1a: Zan\n|-damage|p1a: Zan|50\/100\n|\n|t:|1701036819\n|switch|p2a: Hawlucha|Hawlucha, M|100\/100|[from] U-turn\n|-damage|p2a: Hawlucha|88\/100|[from] Stealth Rock\n|-enditem|p2a: Hawlucha|Grassy Seed\n|-boost|p2a: Hawlucha|def|1|[from] item: Grassy Seed\n|\n|-heal|p1a: Zan|56\/100|[from] Grassy Terrain\n|upkeep\n|turn|24\n|\n|t:|1701036830\n|move|p2a: Hawlucha|Swords Dance|p2a: Hawlucha\n|-boost|p2a: Hawlucha|atk|2\n|move|p1a: Zan|U-turn|p2a: Hawlucha\n|-resisted|p2a: Hawlucha\n|-damage|p2a: Hawlucha|81\/100\n|\n|t:|1701036835\n|switch|p1a: Sariel|Skeledirge, M|18\/100|[from] U-turn\n|\n|-heal|p1a: Sariel|24\/100|[from] Grassy Terrain\n|-heal|p1a: Sariel|30\/100|[from] item: Leftovers\n|upkeep\n|turn|25\n|\n|t:|1701036840\n|move|p2a: Hawlucha|Stone Edge|p1a: Sariel\n|-supereffective|p1a: Sariel\n|-damage|p1a: Sariel|0 fnt\n|faint|p1a: Sariel\n|\n|upkeep\n|\n|t:|1701036845\n|switch|p1a: Zan|Scizor-Mega, M|56\/100\n|turn|26\n|inactive|Battle timer is ON: inactive players will automatically lose when time's up. (requested by The Brocha)\n|\n|t:|1701036849\n|move|p1a: Zan|Bullet Punch|p2a: Hawlucha\n|-damage|p2a: Hawlucha|54\/100\n|move|p2a: Hawlucha|Acrobatics|p1a: Zan\n|-damage|p1a: Zan|0 fnt\n|faint|p1a: Zan\n|\n|-fieldend|move: Grassy Terrain\n|upkeep\n|\n|t:|1701036853\n|switch|p1a: Tahelyon|Kyurem, shiny|35\/100\n|-ability|p1a: Tahelyon|Pressure\n|turn|27\n|\n|t:|1701036860\n|move|p2a: Hawlucha|Acrobatics|p1a: Tahelyon\n|-damage|p1a: Tahelyon|0 fnt\n|faint|p1a: Tahelyon\n|\n|upkeep\n|\n|t:|1701036864\n|switch|p1a: Doom|Urshifu-Rapid-Strike, M|26\/100\n|turn|28\n|\n|t:|1701036873\n|-terastallize|p1a: Doom|Water\n|move|p1a: Doom|Aqua Jet|p2a: Hawlucha\n|-crit|p2a: Hawlucha\n|-damage|p2a: Hawlucha|0 fnt\n|faint|p2a: Hawlucha\n|\n|upkeep\n|\n|t:|1701036882\n|switch|p2a: Rillaboom|Rillaboom, F|100\/100\n|-damage|p2a: Rillaboom|88\/100|[from] Stealth Rock\n|-fieldstart|move: Grassy Terrain|[from] ability: Grassy Surge|[of] p2a: Rillaboom\n|turn|29\n|\n|t:|1701036885\n|switch|p1a: Beckhem|Ting-Lu|53\/100\n|-ability|p1a: Beckhem|Vessel of Ruin\n|move|p2a: Rillaboom|Grassy Glide|p1a: Beckhem\n|-supereffective|p1a: Beckhem\n|-damage|p1a: Beckhem|0 fnt\n|faint|p1a: Beckhem\n|\n|-heal|p2a: Rillaboom|94\/100|[from] Grassy Terrain\n|upkeep\n|\n|t:|1701036888\n|switch|p1a: Doom|Urshifu-Rapid-Strike, M, tera:Water|26\/100\n|turn|30\n|\n|t:|1701036892\n|move|p2a: Rillaboom|Grassy Glide|p1a: Doom\n|-supereffective|p1a: Doom\n|-damage|p1a: Doom|0 fnt\n|faint|p1a: Doom\n|\n|win|The Brocha\n|raw|Ursustesemiliax's rating: 1408 &rarr; <strong>1393<\/strong><br \/>(-15 for losing)\n|raw|The Brocha's rating: 1503 &rarr; <strong>1518<\/strong><br \/>(+15 for winning)\n|l|\u2606Ursustesemiliax\n","uploadtime":1701037217,"views":4,"p1id":"ursustesemiliax","p2id":"thebrocha","formatid":"gen9nationaldex","rating":1393,"private":0,"password":""}