{"id":"gen9nationaldex-1997482973","p1":"wwwkp","p2":"MyStaT","format":"[Gen 9] National Dex","log":"|html|<div class=\"broadcast-blue\"><strong>[Gen 9] National Dex is currently suspecting Sneasler! For information on how to participate check out the <a href=\"https:\/\/www.smogon.com\/forums\/threads\/sv-national-dex-suspect-8-just-dance.3731534\/\">suspect thread<\/a>.<\/strong><\/div>\n|j|\u2606wwwkp\n|j|\u2606MyStaT\n|t:|1700813218\n|gametype|singles\n|player|p1|wwwkp|bugcatcher-gen4dp|1396\n|player|p2|MyStaT|harlequin|1389\n|teamsize|p1|6\n|teamsize|p2|6\n|gen|9\n|tier|[Gen 9] National Dex\n|rated|\n|rule|HP Percentage Mod: HP is shown in percentages\n|rule|Endless Battle Clause: Forcing endless battles is banned\n|rule|OHKO Clause: OHKO moves are banned\n|rule|Evasion Clause: Evasion abilities, items, and moves are banned\n|rule|Evasion Abilities Clause: Evasion abilities are banned\n|rule|Evasion Items Clause: Evasion items are banned\n|rule|Evasion Moves Clause: Evasion moves are banned\n|rule|Species Clause: Limit one of each Pok\u00e9mon\n|rule|Sleep Clause Mod: Limit one foe put to sleep\n|clearpoke\n|poke|p1|Toxapex, F|\n|poke|p1|Dondozo, M|\n|poke|p1|Garganacl, F|\n|poke|p1|Sableye, M|\n|poke|p1|Gliscor, F|\n|poke|p1|Mew|\n|poke|p2|Tapu Lele|\n|poke|p2|Charizard, M|\n|poke|p2|Chansey, F|\n|poke|p2|Gengar, F|\n|poke|p2|Iron Treads|\n|poke|p2|Thundurus-Therian, M|\n|teampreview\n|c|\u2606MyStaT|Ew, disgusting\n|c|\u2606MyStaT|Gl\n|\n|t:|1700813246\n|start\n|switch|p1a: Garganacl|Garganacl, F|100\/100\n|switch|p2a: Cloudian Acidcloud|Thundurus-Therian, M|100\/100\n|turn|1\n|\n|t:|1700813252\n|move|p2a: Cloudian Acidcloud|Grass Knot|p1a: Garganacl\n|-supereffective|p1a: Garganacl\n|-damage|p1a: Garganacl|9\/100\n|move|p1a: Garganacl|Stealth Rock|p2a: Cloudian Acidcloud\n|-sidestart|p2: MyStaT|move: Stealth Rock\n|\n|-heal|p1a: Garganacl|15\/100|[from] item: Leftovers\n|upkeep\n|turn|2\n|\n|t:|1700813260\n|move|p1a: Garganacl|Protect|p1a: Garganacl\n|-singleturn|p1a: Garganacl|Protect\n|move|p2a: Cloudian Acidcloud|Grass Knot|p1a: Garganacl\n|-activate|p1a: Garganacl|move: Protect\n|\n|-heal|p1a: Garganacl|21\/100|[from] item: Leftovers\n|upkeep\n|turn|3\n|\n|t:|1700813269\n|switch|p2a: TrevorOneTread|Iron Treads|100\/100\n|-damage|p2a: TrevorOneTread|97\/100|[from] Stealth Rock\n|switch|p1a: Toxapex|Toxapex, F|100\/100\n|\n|-heal|p2a: TrevorOneTread|100\/100|[from] item: Leftovers\n|upkeep\n|turn|4\n|\n|t:|1700813283\n|move|p2a: TrevorOneTread|Volt Switch|p1a: Toxapex\n|-supereffective|p1a: Toxapex\n|-damage|p1a: Toxapex|87\/100\n|\n|t:|1700813288\n|-end|p2a: TrevorOneTread|Quark Drive|[silent]\n|switch|p2a: Plump|Chansey, F|100\/100|[from] Volt Switch\n|-damage|p2a: Plump|88\/100|[from] Stealth Rock\n|move|p1a: Toxapex|Scald|p2a: Plump\n|-crit|p2a: Plump\n|-damage|p2a: Plump|80\/100\n|\n|upkeep\n|turn|5\n|\n|t:|1700813299\n|move|p1a: Toxapex|Toxic|p2a: Plump\n|-status|p2a: Plump|tox\n|move|p2a: Plump|Teleport|p2a: Plump\n|\n|t:|1700813305\n|-curestatus|p2a: Plump|tox|[from] ability: Natural Cure\n|switch|p2a: TrevorOneTread|Iron Treads|100\/100|[from] Teleport\n|-damage|p2a: TrevorOneTread|97\/100|[from] Stealth Rock\n|\n|-heal|p2a: TrevorOneTread|100\/100|[from] item: Leftovers\n|upkeep\n|turn|6\n|\n|t:|1700813314\n|move|p2a: TrevorOneTread|Stealth Rock|p1a: Toxapex\n|-sidestart|p1: wwwkp|move: Stealth Rock\n|move|p1a: Toxapex|Scald|p2a: TrevorOneTread\n|-supereffective|p2a: TrevorOneTread\n|-damage|p2a: TrevorOneTread|60\/100\n|-status|p2a: TrevorOneTread|brn\n|\n|-heal|p2a: TrevorOneTread|66\/100 brn|[from] item: Leftovers\n|-damage|p2a: TrevorOneTread|60\/100 brn|[from] brn\n|upkeep\n|turn|7\n|\n|t:|1700813325\n|move|p2a: TrevorOneTread|Stealth Rock||[still]\n|-fail|p2a: TrevorOneTread\n|move|p1a: Toxapex|Scald|p2a: TrevorOneTread\n|-supereffective|p2a: TrevorOneTread\n|-damage|p2a: TrevorOneTread|22\/100 brn\n|\n|-heal|p2a: TrevorOneTread|28\/100 brn|[from] item: Leftovers\n|-damage|p2a: TrevorOneTread|22\/100 brn|[from] brn\n|upkeep\n|turn|8\n|\n|t:|1700813337\n|switch|p1a: Garganacl|Garganacl, F|21\/100\n|-damage|p1a: Garganacl|9\/100|[from] Stealth Rock\n|move|p2a: TrevorOneTread|Rapid Spin|p1a: Garganacl\n|-resisted|p1a: Garganacl\n|-damage|p1a: Garganacl|7\/100\n|-boost|p2a: TrevorOneTread|spe|1\n|-sideend|p2: MyStaT|Stealth Rock|[from] move: Rapid Spin|[of] p2a: TrevorOneTread\n|\n|-heal|p2a: TrevorOneTread|28\/100 brn|[from] item: Leftovers\n|-heal|p1a: Garganacl|13\/100|[from] item: Leftovers\n|-damage|p2a: TrevorOneTread|22\/100 brn|[from] brn\n|upkeep\n|turn|9\n|\n|t:|1700813352\n|move|p2a: TrevorOneTread|Volt Switch|p1a: Garganacl\n|-damage|p1a: Garganacl|6\/100\n|\n|t:|1700813356\n|-end|p2a: TrevorOneTread|Quark Drive|[silent]\n|switch|p2a: Plump|Chansey, F|80\/100|[from] Volt Switch\n|move|p1a: Garganacl|Recover|p1a: Garganacl\n|-heal|p1a: Garganacl|56\/100\n|\n|-heal|p1a: Garganacl|62\/100|[from] item: Leftovers\n|upkeep\n|turn|10\n|\n|t:|1700813367\n|move|p1a: Garganacl|Protect|p1a: Garganacl\n|-singleturn|p1a: Garganacl|Protect\n|move|p2a: Plump|Teleport|p2a: Plump\n|\n|t:|1700813381\n|switch|p2a: Cloudian Acidcloud|Thundurus-Therian, M|100\/100|[from] Teleport\n|\n|-heal|p1a: Garganacl|68\/100|[from] item: Leftovers\n|upkeep\n|turn|11\n|\n|t:|1700813387\n|switch|p1a: Toxapex|Toxapex, F|100\/100\n|move|p2a: Cloudian Acidcloud|Grass Knot|p1a: Toxapex\n|-damage|p1a: Toxapex|87\/100\n|\n|upkeep\n|turn|12\n|\n|t:|1700813394\n|switch|p2a: Plump|Chansey, F|80\/100\n|move|p1a: Toxapex|Scald|p2a: Plump\n|-damage|p2a: Plump|74\/100\n|\n|upkeep\n|turn|13\n|\n|t:|1700813402\n|move|p2a: Plump|Thunder Wave|p1a: Toxapex\n|-status|p1a: Toxapex|par\n|cant|p1a: Toxapex|par\n|\n|upkeep\n|turn|14\n|inactive|Battle timer is ON: inactive players will automatically lose when time's up. (requested by MyStaT)\n|\n|t:|1700813415\n|switch|p1a: Gliscor|Gliscor, F|100\/100\n|-damage|p1a: Gliscor|88\/100|[from] Stealth Rock\n|move|p2a: Plump|Teleport|p2a: Plump\n|\n|t:|1700813433\n|switch|p2a: Cloudian Acidcloud|Thundurus-Therian, M|100\/100|[from] Teleport\n|\n|-status|p1a: Gliscor|tox|[from] item: Toxic Orb\n|upkeep\n|turn|15\n|\n|t:|1700813440\n|switch|p1a: Toxapex|Toxapex, F|100\/100 par\n|move|p2a: Cloudian Acidcloud|Hidden Power|p1a: Toxapex\n|-resisted|p1a: Toxapex\n|-damage|p1a: Toxapex|90\/100 par\n|\n|upkeep\n|turn|16\n|\n|t:|1700813448\n|switch|p2a: Plump|Chansey, F|74\/100\n|move|p1a: Toxapex|Toxic|p2a: Plump\n|-status|p2a: Plump|tox\n|\n|-damage|p2a: Plump|68\/100 tox|[from] psn\n|upkeep\n|turn|17\n|\n|t:|1700813458\n|move|p1a: Toxapex|Scald|p2a: Plump\n|-damage|p2a: Plump|63\/100 tox\n|move|p2a: Plump|Teleport|p2a: Plump\n|\n|t:|1700813463\n|-curestatus|p2a: Plump|tox|[from] ability: Natural Cure\n|switch|p2a: Watch me lele|Tapu Lele|100\/100|[from] Teleport\n|-fieldstart|move: Psychic Terrain|[from] ability: Psychic Surge|[of] p2a: Watch me lele\n|\n|upkeep\n|turn|18\n|\n|t:|1700813480\n|switch|p1a: Mew|Mew|100\/100\n|-damage|p1a: Mew|88\/100|[from] Stealth Rock\n|move|p2a: Watch me lele|Psyshock|p1a: Mew\n|-resisted|p1a: Mew\n|-damage|p1a: Mew|64\/100\n|\n|upkeep\n|turn|19\n|\n|t:|1700813489\n|switch|p2a: Plump|Chansey, F|63\/100\n|move|p1a: Mew|Cosmic Power|p1a: Mew\n|-boost|p1a: Mew|def|1\n|-boost|p1a: Mew|spd|1\n|\n|upkeep\n|turn|20\n|\n|t:|1700813503\n|move|p1a: Mew|Roost|p1a: Mew\n|-heal|p1a: Mew|100\/100\n|-singleturn|p1a: Mew|move: Roost\n|move|p2a: Plump|Seismic Toss|p1a: Mew\n|-damage|p1a: Mew|76\/100\n|\n|upkeep\n|turn|21\n|\n|t:|1700813511\n|move|p1a: Mew|Cosmic Power|p1a: Mew\n|-boost|p1a: Mew|def|1\n|-boost|p1a: Mew|spd|1\n|move|p2a: Plump|Thunder Wave|p1a: Mew\n|-status|p1a: Mew|par\n|-activate|p1a: Mew|ability: Synchronize\n|-status|p2a: Plump|par\n|\n|-fieldend|move: Psychic Terrain\n|upkeep\n|turn|22\n|\n|t:|1700813522\n|move|p1a: Mew|Cosmic Power|p1a: Mew\n|-boost|p1a: Mew|def|1\n|-boost|p1a: Mew|spd|1\n|move|p2a: Plump|Teleport|p2a: Plump\n|\n|t:|1700813531\n|-curestatus|p2a: Plump|par|[from] ability: Natural Cure\n|switch|p2a: pmulP|Gengar, F|100\/100|[from] Teleport\n|\n|upkeep\n|turn|23\n|\n|t:|1700813557\n|-terastallize|p1a: Mew|Poison\n|move|p2a: pmulP|Nasty Plot|p2a: pmulP\n|-boost|p2a: pmulP|spa|2\n|move|p1a: Mew|Stored Power|p2a: pmulP\n|-supereffective|p2a: pmulP\n|-enditem|p2a: pmulP|Focus Sash\n|-damage|p2a: pmulP|1\/100\n|-start|p1a: Mew|Disable|Stored Power|[from] ability: Cursed Body|[of] p2a: pmulP\n|\n|upkeep\n|turn|24\n|\n|t:|1700813570\n|move|p2a: pmulP|Shadow Ball|p1a: Mew\n|-damage|p1a: Mew|47\/100 par\n|cant|p1a: Mew|par\n|\n|upkeep\n|turn|25\n|\n|t:|1700813578\n|move|p2a: pmulP|Shadow Ball|p1a: Mew\n|-damage|p1a: Mew|18\/100 par\n|move|p1a: Mew|Roost|p1a: Mew\n|-heal|p1a: Mew|68\/100 par\n|\n|upkeep\n|turn|26\n|\n|t:|1700813601\n|move|p2a: pmulP|Shadow Ball|p1a: Mew\n|-damage|p1a: Mew|39\/100 par\n|move|p1a: Mew|Roost|p1a: Mew\n|-heal|p1a: Mew|89\/100 par\n|\n|-end|p1a: Mew|Disable\n|upkeep\n|turn|27\n|\n|t:|1700813611\n|move|p2a: pmulP|Shadow Ball|p1a: Mew\n|-damage|p1a: Mew|63\/100 par\n|move|p1a: Mew|Stored Power|p2a: pmulP\n|-supereffective|p2a: pmulP\n|-damage|p2a: pmulP|0 fnt\n|-start|p1a: Mew|Disable|Stored Power|[from] ability: Cursed Body|[of] p2a: pmulP\n|faint|p2a: pmulP\n|\n|upkeep\n|\n|t:|1700813623\n|switch|p2a: HE STILL HAS FEET|Charizard, M|100\/100\n|turn|28\n|\n|t:|1700813630\n|detailschange|p2a: HE STILL HAS FEET|Charizard-Mega-X, M\n|-mega|p2a: HE STILL HAS FEET|Charizard|Charizardite X\n|move|p2a: HE STILL HAS FEET|Dragon Dance|p2a: HE STILL HAS FEET\n|-boost|p2a: HE STILL HAS FEET|atk|1\n|-boost|p2a: HE STILL HAS FEET|spe|1\n|cant|p1a: Mew|par\n|\n|upkeep\n|turn|29\n|\n|t:|1700813646\n|move|p2a: HE STILL HAS FEET|Dragon Dance|p2a: HE STILL HAS FEET\n|-boost|p2a: HE STILL HAS FEET|atk|1\n|-boost|p2a: HE STILL HAS FEET|spe|1\n|move|p1a: Mew|Roost|p1a: Mew\n|-heal|p1a: Mew|100\/100 par\n|\n|upkeep\n|turn|30\n|\n|t:|1700813656\n|switch|p1a: Dondozo|Dondozo, M|100\/100\n|-damage|p1a: Dondozo|88\/100|[from] Stealth Rock\n|move|p2a: HE STILL HAS FEET|Dragon Dance|p2a: HE STILL HAS FEET\n|-boost|p2a: HE STILL HAS FEET|atk|1\n|-boost|p2a: HE STILL HAS FEET|spe|1\n|\n|-heal|p1a: Dondozo|94\/100|[from] item: Leftovers\n|upkeep\n|turn|31\n|\n|t:|1700813668\n|move|p2a: HE STILL HAS FEET|Dragon Claw|p1a: Dondozo\n|-damage|p1a: Dondozo|66\/100\n|move|p1a: Dondozo|Liquidation|p2a: HE STILL HAS FEET\n|-damage|p2a: HE STILL HAS FEET|64\/100\n|\n|-heal|p1a: Dondozo|73\/100|[from] item: Leftovers\n|upkeep\n|turn|32\n|\n|t:|1700813681\n|move|p2a: HE STILL HAS FEET|Dragon Claw|p1a: Dondozo\n|-damage|p1a: Dondozo|46\/100\n|move|p1a: Dondozo|Liquidation|p2a: HE STILL HAS FEET\n|-damage|p2a: HE STILL HAS FEET|28\/100\n|-unboost|p2a: HE STILL HAS FEET|def|1\n|\n|-heal|p1a: Dondozo|52\/100|[from] item: Leftovers\n|upkeep\n|turn|33\n|\n|t:|1700813691\n|move|p2a: HE STILL HAS FEET|Dragon Claw|p1a: Dondozo\n|-damage|p1a: Dondozo|25\/100\n|move|p1a: Dondozo|Liquidation|p2a: HE STILL HAS FEET\n|-damage|p2a: HE STILL HAS FEET|0 fnt\n|faint|p2a: HE STILL HAS FEET\n|\n|-heal|p1a: Dondozo|31\/100|[from] item: Leftovers\n|upkeep\n|\n|t:|1700813702\n|switch|p2a: Cloudian Acidcloud|Thundurus-Therian, M|100\/100\n|turn|34\n|\n|t:|1700813707\n|switch|p1a: Toxapex|Toxapex, F|100\/100 par\n|move|p2a: Cloudian Acidcloud|Hidden Power|p1a: Toxapex\n|-resisted|p1a: Toxapex\n|-damage|p1a: Toxapex|91\/100 par\n|\n|upkeep\n|turn|35\n|\n|t:|1700813716\n|switch|p2a: Plump|Chansey, F|63\/100\n|move|p1a: Toxapex|Scald|p2a: Plump\n|-damage|p2a: Plump|58\/100\n|-status|p2a: Plump|brn\n|\n|-damage|p2a: Plump|52\/100 brn|[from] brn\n|upkeep\n|turn|36\n|c|\u2606MyStaT|I wish you pain and suffering\n|c|\u2606MyStaT|Ggs\n|-message|MyStaT forfeited.\n|\n|win|wwwkp\n|raw|wwwkp's rating: 1396 &rarr; <strong>1416<\/strong><br \/>(+20 for winning)\n|raw|MyStaT's rating: 1389 &rarr; <strong>1369<\/strong><br \/>(-20 for losing)\n|l|\u2606MyStaT\n","uploadtime":1700813733,"views":3,"p1id":"wwwkp","p2id":"mystat","formatid":"gen9nationaldex","rating":1369,"private":0,"password":""}