{"id":"gen9nationaldex-1999050625","p1":"Will55555","p2":"Chaoss150","format":"[Gen 9] National Dex","log":"|html|<div class=\"broadcast-blue\"><strong>[Gen 9] National Dex is currently suspecting Sneasler! For information on how to participate check out the <a href=\"https:\/\/www.smogon.com\/forums\/threads\/sv-national-dex-suspect-8-just-dance.3731534\/\">suspect thread<\/a>.<\/strong><\/div>\n|j|\u2606Will55555\n|j|\u2606Chaoss150\n|t:|1701027844\n|gametype|singles\n|player|p1|Will55555|169|\n|player|p2|Chaoss150|hugh|\n|teamsize|p1|6\n|teamsize|p2|6\n|gen|9\n|tier|[Gen 9] National Dex\n|rule|HP Percentage Mod: HP is shown in percentages\n|rule|Endless Battle Clause: Forcing endless battles is banned\n|rule|OHKO Clause: OHKO moves are banned\n|rule|Evasion Clause: Evasion abilities, items, and moves are banned\n|rule|Evasion Abilities Clause: Evasion abilities are banned\n|rule|Evasion Items Clause: Evasion items are banned\n|rule|Evasion Moves Clause: Evasion moves are banned\n|rule|Species Clause: Limit one of each Pok\u00e9mon\n|rule|Sleep Clause Mod: Limit one foe put to sleep\n|clearpoke\n|poke|p1|Pawmot, M|\n|poke|p1|Blissey, F|\n|poke|p1|Alomomola, F|\n|poke|p1|Iron Valiant|\n|poke|p1|Landorus-Therian, M|\n|poke|p1|Dragonite, M|\n|poke|p2|Hatterene, F|\n|poke|p2|Clefable, F|\n|poke|p2|Ninetales-Alola, M|\n|poke|p2|Iron Valiant|\n|poke|p2|Tapu Koko|\n|poke|p2|Azumarill, M|\n|teampreview\n|inactive|Battle timer is ON: inactive players will automatically lose when time's up. (requested by Chaoss150)\n|inactive|Chaoss150 has 270 seconds left.\n|c|\u2606Chaoss150|glhf\n|\n|t:|1701027887\n|start\n|switch|p1a: Landorus|Landorus-Therian, M|100\/100\n|switch|p2a: Ninetales|Ninetales-Alola, M|100\/100\n|-weather|Snow|[from] ability: Snow Warning|[of] p2a: Ninetales\n|-ability|p1a: Landorus|Intimidate|boost\n|-unboost|p2a: Ninetales|atk|1\n|turn|1\n|c|\u2606Will55555|u2\n|\n|t:|1701027906\n|-terastallize|p1a: Landorus|Steel\n|move|p2a: Ninetales|Aurora Veil|p2a: Ninetales\n|-sidestart|p2: Chaoss150|move: Aurora Veil\n|move|p1a: Landorus|Stealth Rock|p2a: Ninetales\n|-sidestart|p2: Chaoss150|move: Stealth Rock\n|\n|-weather|Snow|[upkeep]\n|upkeep\n|turn|2\n|\n|t:|1701027925\n|move|p2a: Ninetales|Encore|p1a: Landorus\n|-start|p1a: Landorus|Encore\n|move|p1a: Landorus|Stealth Rock||[still]\n|-fail|p1a: Landorus\n|\n|-weather|Snow|[upkeep]\n|upkeep\n|turn|3\n|\n|t:|1701027942\n|switch|p2a: Hatterene|Hatterene, F|100\/100\n|-damage|p2a: Hatterene|88\/100|[from] Stealth Rock\n|switch|p1a: Blissey|Blissey, F|100\/100\n|\n|-weather|Snow|[upkeep]\n|upkeep\n|turn|4\n|j| TexanFarmersMarket\n|\n|t:|1701027957\n|move|p1a: Blissey|Seismic Toss|p2a: Hatterene\n|-damage|p2a: Hatterene|57\/100\n|-enditem|p2a: Hatterene|Kee Berry|[eat]\n|-boost|p2a: Hatterene|def|1|[from] item: Kee Berry\n|move|p2a: Hatterene|Calm Mind|p2a: Hatterene\n|-boost|p2a: Hatterene|spa|1\n|-boost|p2a: Hatterene|spd|1\n|\n|-weather|Snow|[upkeep]\n|upkeep\n|turn|5\n|\n|t:|1701027965\n|move|p1a: Blissey|Seismic Toss|p2a: Hatterene\n|-damage|p2a: Hatterene|25\/100\n|move|p2a: Hatterene|Agility|p2a: Hatterene\n|-boost|p2a: Hatterene|spe|2\n|\n|-weather|none\n|upkeep\n|turn|6\n|\n|t:|1701027973\n|move|p2a: Hatterene|Draining Kiss|p1a: Blissey\n|-damage|p1a: Blissey|92\/100\n|-heal|p2a: Hatterene|40\/100|[from] drain|[of] p1a: Blissey\n|move|p1a: Blissey|Seismic Toss|p2a: Hatterene\n|-damage|p2a: Hatterene|9\/100\n|\n|-heal|p1a: Blissey|98\/100|[from] item: Leftovers\n|upkeep\n|turn|7\n|\n|t:|1701027982\n|move|p2a: Hatterene|Stored Power|p1a: Blissey\n|-damage|p1a: Blissey|76\/100\n|move|p1a: Blissey|Seismic Toss|p2a: Hatterene\n|-damage|p2a: Hatterene|0 fnt\n|faint|p2a: Hatterene\n|\n|-heal|p1a: Blissey|82\/100|[from] item: Leftovers\n|upkeep\n|\n|t:|1701027987\n|switch|p2a: Azumarill|Azumarill, M|100\/100\n|-damage|p2a: Azumarill|88\/100|[from] Stealth Rock\n|turn|8\n|c|\u2606Chaoss150|your team is annoying af lol\n|\n|t:|1701027998\n|switch|p1a: Alomomola|Alomomola, F|100\/100\n|move|p2a: Azumarill|Play Rough|p1a: Alomomola\n|-damage|p1a: Alomomola|53\/100\n|\n|-sideend|p2: Chaoss150|move: Aurora Veil\n|upkeep\n|turn|9\n|\n|t:|1701028015\n|move|p1a: Alomomola|Toxic|p2a: Azumarill|[miss]\n|-miss|p1a: Alomomola|p2a: Azumarill\n|move|p2a: Azumarill|Play Rough|p1a: Alomomola|[miss]\n|-miss|p2a: Azumarill|p1a: Alomomola\n|\n|upkeep\n|turn|10\n|\n|t:|1701028023\n|move|p1a: Alomomola|Toxic|p2a: Azumarill\n|-status|p2a: Azumarill|tox\n|move|p2a: Azumarill|Play Rough|p1a: Alomomola\n|-damage|p1a: Alomomola|8\/100\n|\n|-damage|p2a: Azumarill|82\/100 tox|[from] psn\n|upkeep\n|turn|11\n|\n|t:|1701028030\n|switch|p1a: Landorus|Landorus-Therian, M, tera:Steel|100\/100\n|-ability|p1a: Landorus|Intimidate|boost\n|-unboost|p2a: Azumarill|atk|1\n|move|p2a: Azumarill|Play Rough|p1a: Landorus\n|-resisted|p1a: Landorus\n|-damage|p1a: Landorus|75\/100\n|-damage|p2a: Azumarill|65\/100 tox|[from] item: Rocky Helmet|[of] p1a: Landorus\n|\n|-damage|p2a: Azumarill|53\/100 tox|[from] psn\n|upkeep\n|turn|12\n|\n|t:|1701028052\n|switch|p2a: Tapu Koko|Tapu Koko|100\/100\n|-fieldstart|move: Electric Terrain|[from] ability: Electric Surge|[of] p2a: Tapu Koko\n|move|p1a: Landorus|Earthquake|p2a: Tapu Koko\n|-supereffective|p2a: Tapu Koko\n|-damage|p2a: Tapu Koko|0 fnt\n|faint|p2a: Tapu Koko\n|\n|upkeep\n|\n|t:|1701028056\n|switch|p2a: Iron Valiant|Iron Valiant|100\/100\n|-damage|p2a: Iron Valiant|94\/100|[from] Stealth Rock\n|-activate|p2a: Iron Valiant|ability: Quark Drive\n|-start|p2a: Iron Valiant|quarkdrivespe\n|turn|13\n|inactive|Will55555 has 270 seconds left.\n|inactive|Will55555 has 240 seconds left.\n|\n|t:|1701028112\n|switch|p1a: Dragonite|Dragonite, M|100\/100\n|move|p2a: Iron Valiant|Focus Blast|p1a: Dragonite|[miss]\n|-miss|p2a: Iron Valiant|p1a: Dragonite\n|\n|upkeep\n|turn|14\n|inactive|Will55555 has 240 seconds left.\n|\n|t:|1701028129\n|-end|p2a: Iron Valiant|Quark Drive|[silent]\n|switch|p2a: Ninetales|Ninetales-Alola, M|100\/100\n|-damage|p2a: Ninetales|76\/100|[from] Stealth Rock\n|-weather|Snow|[from] ability: Snow Warning|[of] p2a: Ninetales\n|move|p1a: Dragonite|Earthquake|p2a: Ninetales\n|-damage|p2a: Ninetales|38\/100\n|\n|-weather|Snow|[upkeep]\n|upkeep\n|turn|15\n|inactive|Will55555 has 240 seconds left.\n|\n|t:|1701028144\n|switch|p1a: Blissey|Blissey, F|82\/100\n|move|p2a: Ninetales|Freeze-Dry|p1a: Blissey\n|-crit|p1a: Blissey\n|-damage|p1a: Blissey|71\/100\n|\n|-weather|Snow|[upkeep]\n|-heal|p1a: Blissey|77\/100|[from] item: Leftovers\n|upkeep\n|turn|16\n|inactive|Will55555 has 240 seconds left.\n|\n|t:|1701028160\n|move|p2a: Ninetales|Moonblast|p1a: Blissey\n|-damage|p1a: Blissey|67\/100\n|move|p1a: Blissey|Wish|p1a: Blissey\n|\n|-weather|Snow|[upkeep]\n|-heal|p1a: Blissey|73\/100|[from] item: Leftovers\n|-fieldend|move: Electric Terrain\n|upkeep\n|turn|17\n|c|\u2606Chaoss150|nope not doing this gg\n|inactive|Will55555 has 240 seconds left.\n|-message|Chaoss150 forfeited.\n|\n|win|Will55555\n","uploadtime":1701028168,"views":19,"p1id":"will55555","p2id":"chaoss150","formatid":"gen9nationaldex","rating":0,"private":0,"password":""}