{"id":"gen9nationaldex-1997601591","p1":"peopleselfmc","p2":"YSXF","format":"[Gen 9] National Dex","log":"|html|<div class=\"broadcast-blue\"><strong>[Gen 9] National Dex is currently suspecting Sneasler! For information on how to participate check out the <a href=\"https:\/\/www.smogon.com\/forums\/threads\/sv-national-dex-suspect-8-just-dance.3731534\/\">suspect thread<\/a>.<\/strong><\/div>\n|j|\u2606peopleselfmc\n|j|\u2606YSXF\n|t:|1700831493\n|gametype|singles\n|player|p1|peopleselfmc|2|1358\n|player|p2|YSXF|266|1365\n|teamsize|p1|6\n|teamsize|p2|6\n|gen|9\n|tier|[Gen 9] National Dex\n|rated|\n|rule|HP Percentage Mod: HP is shown in percentages\n|rule|Endless Battle Clause: Forcing endless battles is banned\n|rule|OHKO Clause: OHKO moves are banned\n|rule|Evasion Clause: Evasion abilities, items, and moves are banned\n|rule|Evasion Abilities Clause: Evasion abilities are banned\n|rule|Evasion Items Clause: Evasion items are banned\n|rule|Evasion Moves Clause: Evasion moves are banned\n|rule|Species Clause: Limit one of each Pok\u00e9mon\n|rule|Sleep Clause Mod: Limit one foe put to sleep\n|clearpoke\n|poke|p1|Ursaluna, F|\n|poke|p1|Alomomola, F|\n|poke|p1|Tapu Koko|\n|poke|p1|Glimmora, F|\n|poke|p1|Scizor, M|\n|poke|p1|Kyurem|\n|poke|p2|Pelipper, F|\n|poke|p2|Swampert, F|\n|poke|p2|Ferrothorn, M|\n|poke|p2|Zapdos|\n|poke|p2|Kommo-o, F|\n|poke|p2|Basculegion, M|\n|teampreview\n|inactive|Battle timer is ON: inactive players will automatically lose when time's up. (requested by YSXF)\n|inactive|peopleselfmc also wants the timer to be on.\n|\n|t:|1700831502\n|start\n|switch|p1a: \u82b1\u82b1|Glimmora, F|100\/100\n|switch|p2a: Pelipper|Pelipper, F, shiny|100\/100\n|-weather|RainDance|[from] ability: Drizzle|[of] p2a: Pelipper\n|turn|1\n|\n|t:|1700831508\n|move|p1a: \u82b1\u82b1|Power Gem|p2a: Pelipper\n|-supereffective|p2a: Pelipper\n|-damage|p2a: Pelipper|0 fnt\n|faint|p2a: Pelipper\n|\n|-weather|RainDance|[upkeep]\n|upkeep\n|\n|t:|1700831512\n|switch|p2a: Kommo-o|Kommo-o, F|100\/100\n|turn|2\n|\n|t:|1700831517\n|move|p1a: \u82b1\u82b1|Spikes|p2a: Kommo-o\n|-sidestart|p2: YSXF|Spikes\n|-zpower|p2a: Kommo-o\n|move|p2a: Kommo-o|Clangorous Soulblaze|p1a: \u82b1\u82b1|[zeffect]\n|-enditem|p1a: \u82b1\u82b1|Focus Sash\n|-damage|p1a: \u82b1\u82b1|1\/100\n|-boost|p2a: Kommo-o|atk|1\n|-boost|p2a: Kommo-o|def|1\n|-boost|p2a: Kommo-o|spa|1\n|-boost|p2a: Kommo-o|spd|1\n|-boost|p2a: Kommo-o|spe|1\n|\n|-weather|RainDance|[upkeep]\n|upkeep\n|turn|3\n|\n|t:|1700831522\n|move|p2a: Kommo-o|Boomburst|p1a: \u82b1\u82b1\n|-resisted|p1a: \u82b1\u82b1\n|-damage|p1a: \u82b1\u82b1|0 fnt\n|faint|p1a: \u82b1\u82b1\n|\n|-weather|RainDance|[upkeep]\n|upkeep\n|\n|t:|1700831525\n|switch|p1a: \u5b9d\u5c06\u519b|Alomomola, F, shiny|100\/100\n|turn|4\n|\n|t:|1700831531\n|-terastallize|p1a: \u5b9d\u5c06\u519b|Steel\n|move|p2a: Kommo-o|Clanging Scales|p1a: \u5b9d\u5c06\u519b\n|-resisted|p1a: \u5b9d\u5c06\u519b\n|-damage|p1a: \u5b9d\u5c06\u519b|56\/100\n|-unboost|p2a: Kommo-o|def|1\n|move|p1a: \u5b9d\u5c06\u519b|Toxic|p2a: Kommo-o\n|-status|p2a: Kommo-o|tox\n|\n|-weather|RainDance|[upkeep]\n|-damage|p2a: Kommo-o|94\/100 tox|[from] psn\n|upkeep\n|turn|5\n|\n|t:|1700831538\n|switch|p2a: Basculegion|Basculegion, M|100\/100\n|-damage|p2a: Basculegion|88\/100|[from] Spikes\n|move|p1a: \u5b9d\u5c06\u519b|Protect||[still]\n|-fail|p1a: \u5b9d\u5c06\u519b\n|\n|-weather|RainDance|[upkeep]\n|upkeep\n|turn|6\n|\n|t:|1700831544\n|move|p2a: Basculegion|Wave Crash|p1a: \u5b9d\u5c06\u519b\n|-damage|p1a: \u5b9d\u5c06\u519b|0 fnt\n|-damage|p2a: Basculegion|72\/100|[from] item: Rocky Helmet|[of] p1a: \u5b9d\u5c06\u519b\n|faint|p1a: \u5b9d\u5c06\u519b\n|-damage|p2a: Basculegion|46\/100|[from] Recoil\n|\n|-weather|RainDance|[upkeep]\n|upkeep\n|\n|t:|1700831549\n|switch|p1a: \u51b0\u9f99|Kyurem, shiny|100\/100\n|-ability|p1a: \u51b0\u9f99|Pressure\n|turn|7\n|\n|t:|1700831554\n|switch|p2a: Ferrothorn|Ferrothorn, M, shiny|100\/100\n|-damage|p2a: Ferrothorn|88\/100|[from] Spikes\n|move|p1a: \u51b0\u9f99|Substitute|p1a: \u51b0\u9f99\n|-start|p1a: \u51b0\u9f99|Substitute\n|-damage|p1a: \u51b0\u9f99|76\/100\n|\n|-weather|RainDance|[upkeep]\n|-heal|p1a: \u51b0\u9f99|82\/100|[from] item: Leftovers\n|-heal|p2a: Ferrothorn|94\/100|[from] item: Leftovers\n|upkeep\n|turn|8\n|\n|t:|1700831560\n|move|p1a: \u51b0\u9f99|Focus Blast|p2a: Ferrothorn\n|-supereffective|p2a: Ferrothorn\n|-damage|p2a: Ferrothorn|10\/100\n|move|p2a: Ferrothorn|Gyro Ball|p1a: \u51b0\u9f99\n|-supereffective|p1a: \u51b0\u9f99\n|-end|p1a: \u51b0\u9f99|Substitute\n|\n|-weather|none\n|-heal|p1a: \u51b0\u9f99|88\/100|[from] item: Leftovers\n|-heal|p2a: Ferrothorn|16\/100|[from] item: Leftovers\n|upkeep\n|turn|9\n|\n|t:|1700831563\n|-terastallize|p2a: Ferrothorn|Ghost\n|move|p1a: \u51b0\u9f99|Focus Blast|p2a: Ferrothorn\n|-immune|p2a: Ferrothorn\n|move|p2a: Ferrothorn|Gyro Ball|p1a: \u51b0\u9f99\n|-supereffective|p1a: \u51b0\u9f99\n|-damage|p1a: \u51b0\u9f99|17\/100\n|\n|-heal|p1a: \u51b0\u9f99|24\/100|[from] item: Leftovers\n|-heal|p2a: Ferrothorn|22\/100|[from] item: Leftovers\n|upkeep\n|turn|10\n|\n|t:|1700831567\n|move|p1a: \u51b0\u9f99|Freeze-Dry|p2a: Ferrothorn\n|-damage|p2a: Ferrothorn|0 fnt\n|faint|p2a: Ferrothorn\n|\n|-heal|p1a: \u51b0\u9f99|30\/100|[from] item: Leftovers\n|upkeep\n|\n|t:|1700831570\n|switch|p2a: Kommo-o|Kommo-o, F|94\/100 tox\n|-damage|p2a: Kommo-o|82\/100 tox|[from] Spikes\n|turn|11\n|\n|t:|1700831573\n|move|p2a: Kommo-o|Clanging Scales|p1a: \u51b0\u9f99\n|-supereffective|p1a: \u51b0\u9f99\n|-damage|p1a: \u51b0\u9f99|0 fnt\n|faint|p1a: \u51b0\u9f99\n|-unboost|p2a: Kommo-o|def|1\n|\n|-damage|p2a: Kommo-o|76\/100 tox|[from] psn\n|upkeep\n|\n|t:|1700831576\n|switch|p1a: \u5361\u5c06\u519b|Tapu Koko, shiny|100\/100\n|-fieldstart|move: Electric Terrain|[from] ability: Electric Surge|[of] p1a: \u5361\u5c06\u519b\n|turn|12\n|\n|t:|1700831579\n|switch|p2a: Zapdos|Zapdos, shiny|100\/100\n|move|p1a: \u5361\u5c06\u519b|Dazzling Gleam|p2a: Zapdos\n|-damage|p2a: Zapdos|51\/100\n|\n|upkeep\n|turn|13\n|\n|t:|1700831587\n|move|p1a: \u5361\u5c06\u519b|Dazzling Gleam|p2a: Zapdos\n|-damage|p2a: Zapdos|0 fnt\n|faint|p2a: Zapdos\n|\n|upkeep\n|\n|t:|1700831591\n|switch|p2a: Swampert|Swampert, F, shiny|100\/100\n|-damage|p2a: Swampert|88\/100|[from] Spikes\n|turn|14\n|\n|t:|1700831594\n|switch|p1a: \u5cb3\u5c06\u519b|Ursaluna, F, shiny|100\/100\n|detailschange|p2a: Swampert|Swampert-Mega, F, shiny\n|-mega|p2a: Swampert|Swampert|Swampertite\n|move|p2a: Swampert|Earthquake|p1a: \u5cb3\u5c06\u519b\n|-damage|p1a: \u5cb3\u5c06\u519b|61\/100\n|\n|-status|p1a: \u5cb3\u5c06\u519b|brn|[from] item: Flame Orb\n|upkeep\n|turn|15\n|\n|t:|1700831597\n|move|p2a: Swampert|Waterfall|p1a: \u5cb3\u5c06\u519b\n|-supereffective|p1a: \u5cb3\u5c06\u519b\n|-damage|p1a: \u5cb3\u5c06\u519b|0 fnt\n|faint|p1a: \u5cb3\u5c06\u519b\n|\n|upkeep\n|\n|t:|1700831599\n|switch|p1a: \u7eff\u8272\u87b3\u8782|Scizor, M, shiny|100\/100\n|turn|16\n|\n|t:|1700831601\n|detailschange|p1a: \u7eff\u8272\u87b3\u8782|Scizor-Mega, M, shiny\n|-mega|p1a: \u7eff\u8272\u87b3\u8782|Scizor|Scizorite\n|move|p2a: Swampert|Waterfall|p1a: \u7eff\u8272\u87b3\u8782\n|-damage|p1a: \u7eff\u8272\u87b3\u8782|70\/100\n|move|p1a: \u7eff\u8272\u87b3\u8782|Swords Dance|p1a: \u7eff\u8272\u87b3\u8782\n|-boost|p1a: \u7eff\u8272\u87b3\u8782|atk|2\n|\n|-fieldend|move: Electric Terrain\n|upkeep\n|turn|17\n|\n|t:|1700831607\n|move|p2a: Swampert|Earthquake|p1a: \u7eff\u8272\u87b3\u8782\n|-damage|p1a: \u7eff\u8272\u87b3\u8782|36\/100\n|move|p1a: \u7eff\u8272\u87b3\u8782|Roost|p1a: \u7eff\u8272\u87b3\u8782\n|-heal|p1a: \u7eff\u8272\u87b3\u8782|87\/100\n|-singleturn|p1a: \u7eff\u8272\u87b3\u8782|move: Roost\n|\n|upkeep\n|turn|18\n|\n|t:|1700831611\n|move|p2a: Swampert|Earthquake|p1a: \u7eff\u8272\u87b3\u8782\n|-damage|p1a: \u7eff\u8272\u87b3\u8782|52\/100\n|move|p1a: \u7eff\u8272\u87b3\u8782|Swords Dance|p1a: \u7eff\u8272\u87b3\u8782\n|-boost|p1a: \u7eff\u8272\u87b3\u8782|atk|2\n|\n|upkeep\n|turn|19\n|\n|t:|1700831614\n|switch|p2a: Kommo-o|Kommo-o, F|76\/100 tox\n|-damage|p2a: Kommo-o|63\/100 tox|[from] Spikes\n|move|p1a: \u7eff\u8272\u87b3\u8782|Roost|p1a: \u7eff\u8272\u87b3\u8782\n|-heal|p1a: \u7eff\u8272\u87b3\u8782|100\/100\n|-singleturn|p1a: \u7eff\u8272\u87b3\u8782|move: Roost\n|\n|-damage|p2a: Kommo-o|57\/100 tox|[from] psn\n|upkeep\n|turn|20\n|\n|t:|1700831615\n|move|p1a: \u7eff\u8272\u87b3\u8782|Bullet Punch|p2a: Kommo-o\n|-damage|p2a: Kommo-o|0 fnt\n|faint|p2a: Kommo-o\n|\n|upkeep\n|\n|t:|1700831618\n|switch|p2a: Swampert|Swampert-Mega, F, shiny|88\/100\n|-damage|p2a: Swampert|76\/100|[from] Spikes\n|turn|21\n|-message|YSXF forfeited.\n|\n|win|peopleselfmc\n|raw|peopleselfmc's rating: 1358 &rarr; <strong>1378<\/strong><br \/>(+20 for winning)\n|raw|YSXF's rating: 1365 &rarr; <strong>1345<\/strong><br \/>(-20 for losing)\n|l|\u2606YSXF\n","uploadtime":1700831627,"views":4,"p1id":"peopleselfmc","p2id":"ysxf","formatid":"gen9nationaldex","rating":1345,"private":0,"password":""}