{"id":"gen9nationaldex-2000477325","p1":"Senhuder","p2":"Fedepoketrainer","format":"[Gen 9] National Dex","log":"|html|<div class=\"broadcast-blue\"><strong>[Gen 9] National Dex is currently suspecting Sneasler! For information on how to participate check out the <a href=\"https:\/\/www.smogon.com\/forums\/threads\/sv-national-dex-suspect-8-just-dance.3731534\/\">suspect thread<\/a>.<\/strong><\/div>\n|j|\u2606Senhuder\n|j|\u2606Fedepoketrainer\n|t:|1701198088\n|gametype|singles\n|player|p1|Senhuder|ash-kalos|\n|player|p2|Fedepoketrainer|ash-kalos|\n|teamsize|p1|6\n|teamsize|p2|6\n|gen|9\n|tier|[Gen 9] National Dex\n|rule|HP Percentage Mod: HP is shown in percentages\n|rule|Endless Battle Clause: Forcing endless battles is banned\n|rule|OHKO Clause: OHKO moves are banned\n|rule|Evasion Clause: Evasion abilities, items, and moves are banned\n|rule|Evasion Abilities Clause: Evasion abilities are banned\n|rule|Evasion Items Clause: Evasion items are banned\n|rule|Evasion Moves Clause: Evasion moves are banned\n|rule|Species Clause: Limit one of each Pok\u00e9mon\n|rule|Sleep Clause Mod: Limit one foe put to sleep\n|clearpoke\n|poke|p1|Magnezone|\n|poke|p1|Rotom-Wash|\n|poke|p1|Breloom, F|\n|poke|p1|Tyranitar, F|\n|poke|p1|Skeledirge, F|\n|poke|p1|Excadrill, F|\n|poke|p2|Greninja-*, M|\n|poke|p2|Garganacl, M|\n|poke|p2|Grimmsnarl, M|\n|poke|p2|Kommo-o, M|\n|poke|p2|Gardevoir, F|\n|poke|p2|Landorus-Therian, M|\n|teampreview\n|\n|t:|1701198125\n|start\n|switch|p1a: Excadrill|Excadrill, F|100\/100\n|switch|p2a: Grimmsnarl|Grimmsnarl, M|100\/100\n|turn|1\n|\n|t:|1701198133\n|move|p2a: Grimmsnarl|Reflect|p2a: Grimmsnarl\n|-sidestart|p2: Fedepoketrainer|Reflect\n|move|p1a: Excadrill|Iron Head|p2a: Grimmsnarl\n|-supereffective|p2a: Grimmsnarl\n|-damage|p2a: Grimmsnarl|47\/100\n|\n|upkeep\n|turn|2\n|\n|t:|1701198138\n|move|p2a: Grimmsnarl|Light Screen|p2a: Grimmsnarl\n|-sidestart|p2: Fedepoketrainer|move: Light Screen\n|move|p1a: Excadrill|Iron Head|p2a: Grimmsnarl\n|-supereffective|p2a: Grimmsnarl\n|-damage|p2a: Grimmsnarl|0 fnt\n|faint|p2a: Grimmsnarl\n|\n|upkeep\n|\n|t:|1701198142\n|switch|p2a: Greninja|Greninja, M|100\/100\n|turn|3\n|\n|t:|1701198170\n|switch|p1a: Breloom|Breloom, F|100\/100\n|move|p2a: Greninja|Hydro Pump|p1a: Breloom\n|-resisted|p1a: Breloom\n|-damage|p1a: Breloom|39\/100\n|-damage|p2a: Greninja|91\/100|[from] item: Life Orb\n|\n|upkeep\n|turn|4\n|\n|t:|1701198183\n|move|p1a: Breloom|Mach Punch|p2a: Greninja\n|-supereffective|p2a: Greninja\n|-damage|p2a: Greninja|24\/100\n|-damage|p1a: Breloom|29\/100|[from] item: Life Orb\n|move|p2a: Greninja|Dark Pulse|p1a: Breloom\n|-resisted|p1a: Breloom\n|-damage|p1a: Breloom|0 fnt\n|faint|p1a: Breloom\n|-ability|p2a: Greninja|Battle Bond|boost\n|-boost|p2a: Greninja|atk|1\n|-boost|p2a: Greninja|spa|1\n|-boost|p2a: Greninja|spe|1\n|-activate|p2a: Greninja|ability: Battle Bond\n|-damage|p2a: Greninja|14\/100|[from] item: Life Orb\n|\n|upkeep\n|\n|t:|1701198196\n|switch|p1a: Rotom|Rotom-Wash|100\/100\n|turn|5\n|\n|t:|1701198201\n|move|p2a: Greninja|Dark Pulse|p1a: Rotom\n|-damage|p1a: Rotom|50\/100\n|-damage|p2a: Greninja|4\/100|[from] item: Life Orb\n|cant|p1a: Rotom|flinch\n|\n|-heal|p1a: Rotom|56\/100|[from] item: Leftovers\n|upkeep\n|turn|6\n|\n|t:|1701198211\n|move|p2a: Greninja|Dark Pulse|p1a: Rotom\n|-damage|p1a: Rotom|0 fnt\n|faint|p1a: Rotom\n|-damage|p2a: Greninja|0 fnt|[from] item: Life Orb\n|faint|p2a: Greninja\n|\n|upkeep\n|\n|t:|1701198224\n|switch|p2a: Garganacl|Garganacl, M|100\/100\n|switch|p1a: Tyranitar|Tyranitar, F|100\/100\n|-weather|Sandstorm|[from] ability: Sand Stream|[of] p1a: Tyranitar\n|turn|7\n|\n|t:|1701198255\n|detailschange|p1a: Tyranitar|Tyranitar-Mega, F\n|-mega|p1a: Tyranitar|Tyranitar|Tyranitarite\n|move|p1a: Tyranitar|Brick Break|p2a: Garganacl\n|-sideend|p2: Fedepoketrainer|Reflect\n|-sideend|p2: Fedepoketrainer|move: Light Screen\n|-supereffective|p2a: Garganacl\n|-damage|p2a: Garganacl|54\/100\n|move|p2a: Garganacl|Iron Defense|p2a: Garganacl\n|-boost|p2a: Garganacl|def|2\n|\n|-weather|Sandstorm|[upkeep]\n|-heal|p2a: Garganacl|60\/100|[from] item: Leftovers\n|upkeep\n|turn|8\n|\n|t:|1701198269\n|move|p1a: Tyranitar|Brick Break|p2a: Garganacl\n|-supereffective|p2a: Garganacl\n|-damage|p2a: Garganacl|38\/100\n|move|p2a: Garganacl|Body Press|p1a: Tyranitar\n|-supereffective|p1a: Tyranitar\n|-damage|p1a: Tyranitar|0 fnt\n|faint|p1a: Tyranitar\n|\n|-weather|Sandstorm|[upkeep]\n|-heal|p2a: Garganacl|44\/100|[from] item: Leftovers\n|upkeep\n|\n|t:|1701198275\n|switch|p1a: Excadrill|Excadrill, F|100\/100\n|turn|9\n|\n|t:|1701198335\n|-terastallize|p1a: Excadrill|Ground\n|move|p1a: Excadrill|Earthquake|p2a: Garganacl\n|-supereffective|p2a: Garganacl\n|-damage|p2a: Garganacl|0 fnt\n|faint|p2a: Garganacl\n|\n|-weather|Sandstorm|[upkeep]\n|upkeep\n|\n|t:|1701198347\n|switch|p2a: Kommo-o|Kommo-o, M|100\/100\n|turn|10\n|\n|t:|1701198351\n|switch|p1a: Skeledirge|Skeledirge, F|100\/100\n|-zpower|p2a: Kommo-o\n|move|p2a: Kommo-o|Clangorous Soulblaze|p1a: Skeledirge|[zeffect]\n|-damage|p1a: Skeledirge|41\/100\n|-boost|p2a: Kommo-o|atk|1\n|-boost|p2a: Kommo-o|def|1\n|-boost|p2a: Kommo-o|spa|1\n|-boost|p2a: Kommo-o|spd|1\n|-boost|p2a: Kommo-o|spe|1\n|\n|-weather|Sandstorm|[upkeep]\n|-damage|p2a: Kommo-o|94\/100|[from] Sandstorm\n|-damage|p1a: Skeledirge|35\/100|[from] Sandstorm\n|-heal|p1a: Skeledirge|41\/100|[from] item: Leftovers\n|upkeep\n|turn|11\n|\n|t:|1701198366\n|move|p2a: Kommo-o|Clanging Scales|p1a: Skeledirge\n|-damage|p1a: Skeledirge|8\/100\n|-unboost|p2a: Kommo-o|def|1\n|move|p1a: Skeledirge|Slack Off|p1a: Skeledirge\n|-heal|p1a: Skeledirge|58\/100\n|\n|-weather|none\n|-heal|p1a: Skeledirge|64\/100|[from] item: Leftovers\n|upkeep\n|turn|12\n|\n|t:|1701198376\n|move|p2a: Kommo-o|Clangorous Soul|p2a: Kommo-o\n|-boost|p2a: Kommo-o|atk|1\n|-boost|p2a: Kommo-o|def|1\n|-boost|p2a: Kommo-o|spa|1\n|-boost|p2a: Kommo-o|spd|1\n|-boost|p2a: Kommo-o|spe|1\n|-damage|p2a: Kommo-o|61\/100\n|move|p1a: Skeledirge|Slack Off|p1a: Skeledirge\n|-heal|p1a: Skeledirge|100\/100\n|\n|upkeep\n|turn|13\n|\n|t:|1701198393\n|move|p2a: Kommo-o|Clanging Scales|p1a: Skeledirge\n|-damage|p1a: Skeledirge|65\/100\n|-unboost|p2a: Kommo-o|def|1\n|move|p1a: Skeledirge|Shadow Ball|p2a: Kommo-o\n|-immune|p2a: Kommo-o|[from] ability: Bulletproof\n|\n|-heal|p1a: Skeledirge|71\/100|[from] item: Leftovers\n|upkeep\n|turn|14\n|\n|t:|1701198418\n|move|p2a: Kommo-o|Clanging Scales|p1a: Skeledirge\n|-damage|p1a: Skeledirge|36\/100\n|-unboost|p2a: Kommo-o|def|1\n|move|p1a: Skeledirge|Slack Off|p1a: Skeledirge\n|-heal|p1a: Skeledirge|86\/100\n|\n|-heal|p1a: Skeledirge|92\/100|[from] item: Leftovers\n|upkeep\n|turn|15\n|\n|t:|1701198423\n|move|p2a: Kommo-o|Clangorous Soul|p2a: Kommo-o\n|-boost|p2a: Kommo-o|atk|1\n|-boost|p2a: Kommo-o|def|1\n|-boost|p2a: Kommo-o|spa|1\n|-boost|p2a: Kommo-o|spd|1\n|-boost|p2a: Kommo-o|spe|1\n|-damage|p2a: Kommo-o|28\/100\n|move|p1a: Skeledirge|Torch Song|p2a: Kommo-o\n|-resisted|p2a: Kommo-o\n|-damage|p2a: Kommo-o|11\/100\n|-boost|p1a: Skeledirge|spa|1\n|\n|-heal|p1a: Skeledirge|99\/100|[from] item: Leftovers\n|upkeep\n|turn|16\n|\n|t:|1701198445\n|move|p2a: Kommo-o|Clanging Scales|p1a: Skeledirge\n|-damage|p1a: Skeledirge|65\/100\n|-unboost|p2a: Kommo-o|def|1\n|move|p1a: Skeledirge|Tera Blast|p2a: Kommo-o\n|-damage|p2a: Kommo-o|0 fnt\n|faint|p2a: Kommo-o\n|\n|-heal|p1a: Skeledirge|71\/100|[from] item: Leftovers\n|upkeep\n|\n|t:|1701198450\n|switch|p2a: Landorus|Landorus-Therian, M|100\/100\n|-ability|p2a: Landorus|Intimidate|boost\n|-unboost|p1a: Skeledirge|atk|1\n|turn|17\n|\n|t:|1701198473\n|switch|p1a: Excadrill|Excadrill, F, tera:Ground|100\/100\n|move|p2a: Landorus|Toxic|p1a: Excadrill\n|-status|p1a: Excadrill|tox\n|\n|-damage|p1a: Excadrill|94\/100 tox|[from] psn\n|upkeep\n|turn|18\n|\n|t:|1701198485\n|move|p1a: Excadrill|Iron Head|p2a: Landorus\n|-damage|p2a: Landorus|71\/100\n|-damage|p1a: Excadrill|78\/100 tox|[from] item: Rocky Helmet|[of] p2a: Landorus\n|move|p2a: Landorus|Earthquake|p1a: Excadrill\n|-damage|p1a: Excadrill|8\/100 tox\n|\n|-damage|p1a: Excadrill|0 fnt|[from] psn\n|faint|p1a: Excadrill\n|upkeep\n|\n|t:|1701198496\n|switch|p1a: Magnezone|Magnezone|100\/100\n|turn|19\n|\n|t:|1701198504\n|move|p1a: Magnezone|Flash Cannon|p2a: Landorus\n|-damage|p2a: Landorus|31\/100\n|move|p2a: Landorus|Earthquake|p1a: Magnezone\n|-supereffective|p1a: Magnezone\n|-damage|p1a: Magnezone|0 fnt\n|faint|p1a: Magnezone\n|\n|upkeep\n|\n|t:|1701198507\n|switch|p1a: Skeledirge|Skeledirge, F|71\/100\n|turn|20\n|\n|t:|1701198512\n|move|p2a: Landorus|Toxic|p1a: Skeledirge\n|-status|p1a: Skeledirge|tox\n|move|p1a: Skeledirge|Torch Song|p2a: Landorus\n|-damage|p2a: Landorus|1\/100\n|-boost|p1a: Skeledirge|spa|1\n|\n|-heal|p1a: Skeledirge|77\/100 tox|[from] item: Leftovers\n|-damage|p1a: Skeledirge|71\/100 tox|[from] psn\n|upkeep\n|turn|21\n|\n|t:|1701198516\n|move|p2a: Landorus|Earthquake|p1a: Skeledirge\n|-supereffective|p1a: Skeledirge\n|-damage|p1a: Skeledirge|0 fnt\n|faint|p1a: Skeledirge\n|\n|win|Fedepoketrainer\n|c|\u2606Senhuder|gg\n|player|p1|Senhuder|ash-kalos\n","uploadtime":1701198532,"views":3,"p1id":"senhuder","p2id":"fedepoketrainer","formatid":"gen9nationaldex","rating":0,"private":0,"password":""}