{"id":"gen9nationaldex-1992700143","p1":"ouxiaonengshou","p2":"YoBud","format":"[Gen 9] National Dex","log":"|j|\u2606ouxiaonengshou\n|j|\u2606YoBud\n|t:|1700226772\n|gametype|singles\n|player|p1|ouxiaonengshou|iris-gen5bw2|1221\n|player|p2|YoBud|sabrina|1142\n|teamsize|p1|6\n|teamsize|p2|6\n|gen|9\n|tier|[Gen 9] National Dex\n|rated|\n|rule|HP Percentage Mod: HP is shown in percentages\n|rule|Endless Battle Clause: Forcing endless battles is banned\n|rule|OHKO Clause: OHKO moves are banned\n|rule|Evasion Clause: Evasion abilities, items, and moves are banned\n|rule|Evasion Abilities Clause: Evasion abilities are banned\n|rule|Evasion Items Clause: Evasion items are banned\n|rule|Evasion Moves Clause: Evasion moves are banned\n|rule|Species Clause: Limit one of each Pok\u00e9mon\n|rule|Sleep Clause Mod: Limit one foe put to sleep\n|clearpoke\n|poke|p1|Sudowoodo, M|\n|poke|p1|Shiftry, F|\n|poke|p1|Corviknight, F|\n|poke|p1|Swampert, M|\n|poke|p1|Pelipper, M|\n|poke|p1|Ogerpon, F|\n|poke|p2|Gliscor, F|\n|poke|p2|Clefable, F|\n|poke|p2|Toxapex, F|\n|poke|p2|Corviknight, M|\n|poke|p2|Magnezone|\n|poke|p2|Garganacl, F|\n|teampreview\n|\n|t:|1700226776\n|start\n|switch|p1a: Ogerpon|Ogerpon, F|100\/100\n|switch|p2a: Toxapex|Toxapex, F|100\/100\n|turn|1\n|\n|t:|1700226781\n|move|p1a: Ogerpon|U-turn|p2a: Toxapex\n|-resisted|p2a: Toxapex\n|-damage|p2a: Toxapex|94\/100\n|\n|t:|1700226785\n|switch|p1a: Sudowoodo|Sudowoodo, M, shiny|100\/100|[from] U-turn\n|move|p2a: Toxapex|Toxic Spikes|p1a: Sudowoodo\n|-sidestart|p1: ouxiaonengshou|move: Toxic Spikes\n|\n|-heal|p2a: Toxapex|100\/100|[from] item: Black Sludge\n|upkeep\n|turn|2\n|\n|t:|1700226791\n|move|p1a: Sudowoodo|Taunt|p2a: Toxapex\n|-start|p2a: Toxapex|move: Taunt\n|cant|p2a: Toxapex|move: Taunt|Toxic Spikes\n|\n|upkeep\n|turn|3\n|\n|t:|1700226797\n|switch|p1a: Pelipper|Pelipper, M|100\/100\n|-weather|RainDance|[from] ability: Drizzle|[of] p1a: Pelipper\n|switch|p2a: Gliscor|Gliscor, F|100\/100\n|\n|-weather|RainDance|[upkeep]\n|-status|p2a: Gliscor|tox|[from] item: Toxic Orb\n|upkeep\n|turn|4\n|\n|t:|1700226806\n|move|p2a: Gliscor|Facade|p1a: Pelipper\n|-damage|p1a: Pelipper|76\/100\n|move|p1a: Pelipper|Weather Ball|p2a: Gliscor\n|-supereffective|p2a: Gliscor\n|-damage|p2a: Gliscor|0 fnt\n|faint|p2a: Gliscor\n|\n|-weather|RainDance|[upkeep]\n|upkeep\n|\n|t:|1700226815\n|switch|p2a: Toxapex|Toxapex, F|100\/100\n|turn|5\n|\n|t:|1700226819\n|move|p1a: Pelipper|U-turn|p2a: Toxapex\n|-resisted|p2a: Toxapex\n|-damage|p2a: Toxapex|98\/100\n|\n|t:|1700226826\n|switch|p1a: Shiftry|Shiftry, F, shiny|100\/100|[from] U-turn\n|-status|p1a: Shiftry|psn\n|move|p2a: Toxapex|Toxic Spikes|p1a: Shiftry\n|-sidestart|p1: ouxiaonengshou|move: Toxic Spikes\n|\n|-weather|RainDance|[upkeep]\n|-heal|p2a: Toxapex|100\/100|[from] item: Black Sludge\n|-damage|p1a: Shiftry|88\/100 psn|[from] psn\n|upkeep\n|turn|6\n|\n|t:|1700226834\n|switch|p2a: Magnezone|Magnezone|100\/100\n|move|p1a: Shiftry|Tailwind|p1a: Shiftry\n|-sidestart|p1: ouxiaonengshou|move: Tailwind\n|-ability|p1a: Shiftry|Wind Rider|boost\n|-boost|p1a: Shiftry|atk|1\n|\n|-weather|RainDance|[upkeep]\n|-damage|p1a: Shiftry|76\/100 psn|[from] psn\n|upkeep\n|turn|7\n|\n|t:|1700226842\n|move|p1a: Shiftry|Knock Off|p2a: Magnezone\n|-damage|p2a: Magnezone|46\/100\n|-enditem|p2a: Magnezone|Choice Specs|[from] move: Knock Off|[of] p1a: Shiftry\n|move|p2a: Magnezone|Hidden Power|p1a: Shiftry\n|-supereffective|p1a: Shiftry\n|-damage|p1a: Shiftry|32\/100 psn\n|\n|-weather|none\n|-damage|p1a: Shiftry|20\/100 psn|[from] psn\n|upkeep\n|turn|8\n|\n|t:|1700226854\n|move|p1a: Shiftry|Heat Wave|p2a: Magnezone\n|-supereffective|p2a: Magnezone\n|-damage|p2a: Magnezone|0 fnt\n|faint|p2a: Magnezone\n|\n|-damage|p1a: Shiftry|7\/100 psn|[from] psn\n|upkeep\n|\n|t:|1700226858\n|switch|p2a: Corviknight|Corviknight, M|100\/100\n|-ability|p2a: Corviknight|Pressure\n|turn|9\n|\n|t:|1700226866\n|move|p1a: Shiftry|Knock Off|p2a: Corviknight\n|-damage|p2a: Corviknight|64\/100\n|-damage|p1a: Shiftry|0 fnt|[from] item: Rocky Helmet|[of] p2a: Corviknight\n|faint|p1a: Shiftry\n|move|p2a: Corviknight|Brave Bird|p1: Shiftry|[notarget]\n|-fail|p2a: Corviknight\n|\n|-sideend|p1: ouxiaonengshou|move: Tailwind\n|upkeep\n|\n|t:|1700226873\n|switch|p1a: Pelipper|Pelipper, M|76\/100\n|-weather|RainDance|[from] ability: Drizzle|[of] p1a: Pelipper\n|turn|10\n|\n|t:|1700226883\n|move|p1a: Pelipper|Defog|p2a: Corviknight\n|-unboost|p2a: Corviknight|evasion|1\n|-sideend|p1: ouxiaonengshou|Toxic Spikes|[from] move: Defog|[of] p1a: Pelipper\n|move|p2a: Corviknight|Roost|p2a: Corviknight\n|-heal|p2a: Corviknight|100\/100\n|-singleturn|p2a: Corviknight|move: Roost\n|\n|-weather|RainDance|[upkeep]\n|upkeep\n|turn|11\n|\n|t:|1700226892\n|switch|p2a: Clefable|Clefable, F|100\/100\n|move|p1a: Pelipper|U-turn|p2a: Clefable\n|-resisted|p2a: Clefable\n|-damage|p2a: Clefable|97\/100\n|\n|t:|1700226897\n|switch|p1a: Sudowoodo|Sudowoodo, M, shiny|100\/100|[from] U-turn\n|\n|-weather|RainDance|[upkeep]\n|-heal|p2a: Clefable|100\/100|[from] item: Leftovers\n|upkeep\n|turn|12\n|\n|t:|1700226903\n|move|p1a: Sudowoodo|Stealth Rock|p2a: Clefable\n|-sidestart|p2: YoBud|move: Stealth Rock\n|move|p2a: Clefable|Stealth Rock|p1a: Sudowoodo\n|-sidestart|p1: ouxiaonengshou|move: Stealth Rock\n|\n|-weather|RainDance|[upkeep]\n|upkeep\n|turn|13\n|\n|t:|1700226910\n|switch|p1a: Pelipper|Pelipper, M|76\/100\n|move|p2a: Clefable|Calm Mind|p2a: Clefable\n|-boost|p2a: Clefable|spa|1\n|-boost|p2a: Clefable|spd|1\n|\n|-weather|RainDance|[upkeep]\n|upkeep\n|turn|14\n|\n|t:|1700226917\n|move|p1a: Pelipper|Defog|p2a: Clefable\n|-unboost|p2a: Clefable|evasion|1\n|-sideend|p2: YoBud|Stealth Rock|[from] move: Defog|[of] p1a: Pelipper\n|-sideend|p1: ouxiaonengshou|Stealth Rock|[from] move: Defog|[of] p1a: Pelipper\n|move|p2a: Clefable|Moonblast|p1a: Pelipper\n|-damage|p1a: Pelipper|10\/100\n|\n|-weather|none\n|upkeep\n|turn|15\n|\n|t:|1700226927\n|move|p1a: Pelipper|U-turn|p2a: Clefable\n|-resisted|p2a: Clefable\n|-damage|p2a: Clefable|97\/100\n|\n|t:|1700226931\n|switch|p1a: Sudowoodo|Sudowoodo, M, shiny|100\/100|[from] U-turn\n|move|p2a: Clefable|Moonblast|p1a: Sudowoodo\n|-damage|p1a: Sudowoodo|12\/100\n|-unboost|p1a: Sudowoodo|spa|1\n|\n|-heal|p2a: Clefable|100\/100|[from] item: Leftovers\n|upkeep\n|turn|16\n|-enditem|p1a: Sudowoodo|Custap Berry|[eat]\n|-activate|p1a: Sudowoodo|item: Custap Berry|[consumed]\n|\n|t:|1700226947\n|move|p1a: Sudowoodo|Explosion|p2a: Clefable\n|-damage|p2a: Clefable|37\/100\n|faint|p1a: Sudowoodo\n|move|p2a: Clefable|Moonblast|p1: Sudowoodo|[notarget]\n|-fail|p2a: Clefable\n|\n|-heal|p2a: Clefable|43\/100|[from] item: Leftovers\n|upkeep\n|\n|t:|1700226956\n|switch|p1a: Ogerpon|Ogerpon, F|100\/100\n|turn|17\n|\n|t:|1700226961\n|move|p1a: Ogerpon|Ivy Cudgel|p2a: Clefable\n|-damage|p2a: Clefable|8\/100\n|move|p2a: Clefable|Wish|p2a: Clefable\n|\n|-heal|p2a: Clefable|14\/100|[from] item: Leftovers\n|upkeep\n|turn|18\n|\n|t:|1700226976\n|switch|p2a: Toxapex|Toxapex, F|100\/100\n|move|p1a: Ogerpon|Swords Dance|p1a: Ogerpon\n|-boost|p1a: Ogerpon|atk|2\n|\n|upkeep\n|turn|19\n|\n|t:|1700226985\n|-zpower|p1a: Ogerpon\n|move|p1a: Ogerpon|Bloom Doom|p2a: Toxapex|[zeffect]\n|-damage|p2a: Toxapex|3\/100\n|move|p2a: Toxapex|Toxic Spikes|p1a: Ogerpon\n|-sidestart|p1: ouxiaonengshou|move: Toxic Spikes\n|\n|-heal|p2a: Toxapex|9\/100|[from] item: Black Sludge\n|upkeep\n|turn|20\n|\n|t:|1700226996\n|move|p1a: Ogerpon|Ivy Cudgel|p2a: Toxapex\n|-damage|p2a: Toxapex|0 fnt\n|faint|p2a: Toxapex\n|\n|upkeep\n|\n|t:|1700227003\n|switch|p2a: Corviknight|Corviknight, M|100\/100\n|-ability|p2a: Corviknight|Pressure\n|turn|21\n|\n|t:|1700227007\n|move|p1a: Ogerpon|U-turn|p2a: Corviknight\n|-resisted|p2a: Corviknight\n|-damage|p2a: Corviknight|94\/100\n|-damage|p1a: Ogerpon|84\/100|[from] item: Rocky Helmet|[of] p2a: Corviknight\n|\n|t:|1700227012\n|switch|p1a: Corviknight|Corviknight, F, shiny|100\/100|[from] U-turn\n|move|p2a: Corviknight|Brave Bird|p1a: Corviknight\n|-resisted|p1a: Corviknight\n|-damage|p1a: Corviknight|86\/100\n|-damage|p2a: Corviknight|77\/100|[from] item: Rocky Helmet|[of] p1a: Corviknight\n|-damage|p2a: Corviknight|72\/100|[from] Recoil\n|\n|upkeep\n|turn|22\n|\n|t:|1700227020\n|switch|p2a: Garganacl|Garganacl, F|100\/100\n|move|p1a: Corviknight|Iron Defense|p1a: Corviknight\n|-boost|p1a: Corviknight|def|2\n|\n|upkeep\n|turn|23\n|\n|t:|1700227031\n|-terastallize|p2a: Garganacl|Rock\n|move|p1a: Corviknight|Body Press|p2a: Garganacl\n|-supereffective|p2a: Garganacl\n|-damage|p2a: Garganacl|64\/100\n|move|p2a: Garganacl|Rock Slide|p1a: Corviknight\n|-damage|p1a: Corviknight|72\/100\n|\n|upkeep\n|turn|24\n|\n|t:|1700227040\n|move|p1a: Corviknight|Body Press|p2a: Garganacl\n|-supereffective|p2a: Garganacl\n|-damage|p2a: Garganacl|23\/100\n|move|p2a: Garganacl|Salt Cure|p1a: Corviknight\n|-damage|p1a: Corviknight|60\/100\n|-start|p1a: Corviknight|Salt Cure\n|\n|-damage|p1a: Corviknight|35\/100|[from] Salt Cure\n|upkeep\n|turn|25\n|\n|t:|1700227053\n|switch|p1a: Pelipper|Pelipper, M|10\/100\n|-weather|RainDance|[from] ability: Drizzle|[of] p1a: Pelipper\n|switch|p2a: Corviknight|Corviknight, M|72\/100\n|-ability|p2a: Corviknight|Pressure\n|\n|-weather|RainDance|[upkeep]\n|upkeep\n|turn|26\n|\n|t:|1700227062\n|move|p1a: Pelipper|Defog|p2a: Corviknight\n|-unboost|p2a: Corviknight|evasion|1\n|-sideend|p1: ouxiaonengshou|Toxic Spikes|[from] move: Defog|[of] p1a: Pelipper\n|move|p2a: Corviknight|Brave Bird|p1a: Pelipper\n|-damage|p1a: Pelipper|0 fnt\n|faint|p1a: Pelipper\n|-damage|p2a: Corviknight|70\/100|[from] Recoil\n|\n|-weather|RainDance|[upkeep]\n|upkeep\n|\n|t:|1700227071\n|switch|p1a: Corviknight|Corviknight, F, shiny|35\/100\n|turn|27\n|\n|t:|1700227075\n|move|p1a: Corviknight|Roost|p1a: Corviknight\n|-heal|p1a: Corviknight|85\/100\n|-singleturn|p1a: Corviknight|move: Roost\n|move|p2a: Corviknight|Brave Bird|p1a: Corviknight\n|-resisted|p1a: Corviknight\n|-damage|p1a: Corviknight|69\/100\n|-damage|p2a: Corviknight|53\/100|[from] item: Rocky Helmet|[of] p1a: Corviknight\n|-damage|p2a: Corviknight|48\/100|[from] Recoil\n|\n|-weather|RainDance|[upkeep]\n|upkeep\n|turn|28\n|\n|t:|1700227086\n|move|p2a: Corviknight|Roost|p2a: Corviknight\n|-heal|p2a: Corviknight|98\/100\n|-singleturn|p2a: Corviknight|move: Roost\n|move|p1a: Corviknight|Iron Defense|p1a: Corviknight\n|-boost|p1a: Corviknight|def|2\n|\n|-weather|RainDance|[upkeep]\n|upkeep\n|turn|29\n|\n|t:|1700227097\n|switch|p2a: Clefable|Clefable, F|14\/100\n|move|p1a: Corviknight|Iron Defense|p1a: Corviknight\n|-boost|p1a: Corviknight|def|2\n|\n|-weather|none\n|-heal|p2a: Clefable|21\/100|[from] item: Leftovers\n|upkeep\n|turn|30\n|\n|t:|1700227104\n|move|p1a: Corviknight|Iron Head|p2a: Clefable\n|-supereffective|p2a: Clefable\n|-damage|p2a: Clefable|0 fnt\n|faint|p2a: Clefable\n|\n|upkeep\n|\n|t:|1700227108\n|switch|p2a: Garganacl|Garganacl, F, tera:Rock|23\/100\n|turn|31\n|\n|t:|1700227112\n|move|p1a: Corviknight|Body Press|p2a: Garganacl\n|-supereffective|p2a: Garganacl\n|-damage|p2a: Garganacl|0 fnt\n|faint|p2a: Garganacl\n|\n|upkeep\n|\n|t:|1700227114\n|switch|p2a: Corviknight|Corviknight, M|98\/100\n|-ability|p2a: Corviknight|Pressure\n|turn|32\n|-message|YoBud forfeited.\n|\n|win|ouxiaonengshou\n|raw|ouxiaonengshou's rating: 1221 &rarr; <strong>1240<\/strong><br \/>(+19 for winning)\n|raw|YoBud's rating: 1142 &rarr; <strong>1123<\/strong><br \/>(-19 for losing)\n|l|\u2606YoBud\n","uploadtime":1700227121,"views":5,"p1id":"ouxiaonengshou","p2id":"yobud","formatid":"gen9nationaldex","rating":1123,"private":0,"password":""}