{"id":"gen9nationaldex-1999513964","p1":"ssd112","p2":"MHW0721","format":"[Gen 9] National Dex","log":"|html|<div class=\"broadcast-blue\"><strong>[Gen 9] National Dex is currently suspecting Sneasler! For information on how to participate check out the <a href=\"https:\/\/www.smogon.com\/forums\/threads\/sv-national-dex-suspect-8-just-dance.3731534\/\">suspect thread<\/a>.<\/strong><\/div>\n|j|\u2606ssd112\n|j|\u2606MHW0721\n|t:|1701091209\n|gametype|singles\n|player|p1|ssd112|2|1210\n|player|p2|MHW0721|mira|1110\n|teamsize|p1|6\n|teamsize|p2|6\n|gen|9\n|tier|[Gen 9] National Dex\n|rated|\n|rule|HP Percentage Mod: HP is shown in percentages\n|rule|Endless Battle Clause: Forcing endless battles is banned\n|rule|OHKO Clause: OHKO moves are banned\n|rule|Evasion Clause: Evasion abilities, items, and moves are banned\n|rule|Evasion Abilities Clause: Evasion abilities are banned\n|rule|Evasion Items Clause: Evasion items are banned\n|rule|Evasion Moves Clause: Evasion moves are banned\n|rule|Species Clause: Limit one of each Pok\u00e9mon\n|rule|Sleep Clause Mod: Limit one foe put to sleep\n|clearpoke\n|poke|p1|Zapdos|\n|poke|p1|Moltres|\n|poke|p1|Scizor, M|\n|poke|p1|Heatran, F|\n|poke|p1|Iron Treads|\n|poke|p1|Empoleon, M|\n|poke|p2|Iron Treads|\n|poke|p2|Arcanine, F|\n|poke|p2|Terrakion|\n|poke|p2|Salamence, F|\n|poke|p2|Pidgeot, M|\n|poke|p2|Starmie|\n|teampreview\n|inactive|Battle timer is ON: inactive players will automatically lose when time's up. (requested by ssd112)\n|\n|t:|1701091221\n|start\n|switch|p1a: Iron Treads|Iron Treads, shiny|100\/100\n|switch|p2a: Iron Treads|Iron Treads|100\/100\n|-enditem|p1a: Iron Treads|Booster Energy\n|-activate|p1a: Iron Treads|ability: Quark Drive|[fromitem]\n|-start|p1a: Iron Treads|quarkdrivespe\n|turn|1\n|\n|t:|1701091242\n|-end|p2a: Iron Treads|Quark Drive|[silent]\n|switch|p2a: Arcanine|Arcanine, F|100\/100\n|-ability|p2a: Arcanine|Intimidate|boost\n|-unboost|p1a: Iron Treads|atk|1\n|move|p1a: Iron Treads|Earthquake|p2a: Arcanine\n|-supereffective|p2a: Arcanine\n|-damage|p2a: Arcanine|44\/100\n|\n|upkeep\n|turn|2\n|\n|t:|1701091255\n|switch|p2a: Pidgeot|Pidgeot, M|100\/100\n|move|p1a: Iron Treads|Stealth Rock|p2a: Pidgeot\n|-sidestart|p2: MHW0721|move: Stealth Rock\n|\n|upkeep\n|turn|3\n|\n|t:|1701091277\n|-end|p1a: Iron Treads|Quark Drive|[silent]\n|switch|p1a: Empoleon|Empoleon, M, shiny|100\/100\n|detailschange|p2a: Pidgeot|Pidgeot-Mega, M\n|-mega|p2a: Pidgeot|Pidgeot|Pidgeotite\n|move|p2a: Pidgeot|U-turn|p1a: Empoleon\n|-resisted|p1a: Empoleon\n|-damage|p1a: Empoleon|94\/100\n|\n|t:|1701091290\n|switch|p2a: Iron Treads|Iron Treads|100\/100|[from] U-turn\n|-damage|p2a: Iron Treads|97\/100|[from] Stealth Rock\n|\n|upkeep\n|turn|4\n|\n|t:|1701091307\n|move|p2a: Iron Treads|Stealth Rock|p1a: Empoleon\n|-sidestart|p1: ssd112|move: Stealth Rock\n|move|p1a: Empoleon|Hydro Pump|p2a: Iron Treads\n|-supereffective|p2a: Iron Treads\n|-damage|p2a: Iron Treads|0 fnt\n|faint|p2a: Iron Treads\n|-end|p2a: Iron Treads|Quark Drive|[silent]\n|-damage|p1a: Empoleon|84\/100|[from] item: Life Orb\n|\n|upkeep\n|\n|t:|1701091321\n|switch|p2a: Terrakion|Terrakion|100\/100\n|-damage|p2a: Terrakion|94\/100|[from] Stealth Rock\n|turn|5\n|inactive|ssd112 has 120 seconds left.\n|\n|t:|1701091359\n|-terastallize|p1a: Empoleon|Water\n|move|p2a: Terrakion|Stone Edge|p1a: Empoleon\n|-damage|p1a: Empoleon|0 fnt\n|faint|p1a: Empoleon\n|\n|upkeep\n|\n|t:|1701091366\n|switch|p1a: Iron Treads|Iron Treads, shiny|100\/100\n|-damage|p1a: Iron Treads|97\/100|[from] Stealth Rock\n|turn|6\n|\n|t:|1701091390\n|switch|p2a: Arcanine|Arcanine, F|44\/100\n|-ability|p2a: Arcanine|Intimidate|boost\n|-unboost|p1a: Iron Treads|atk|1\n|move|p1a: Iron Treads|Rapid Spin|p2a: Arcanine\n|-damage|p2a: Arcanine|35\/100\n|-boost|p1a: Iron Treads|spe|1\n|-sideend|p1: ssd112|Stealth Rock|[from] move: Rapid Spin|[of] p1a: Iron Treads\n|\n|upkeep\n|turn|7\n|\n|t:|1701091398\n|move|p1a: Iron Treads|Earthquake|p2a: Arcanine\n|-supereffective|p2a: Arcanine\n|-damage|p2a: Arcanine|0 fnt\n|faint|p2a: Arcanine\n|\n|upkeep\n|\n|t:|1701091400\n|switch|p2a: Salamence|Salamence, F|100\/100\n|-damage|p2a: Salamence|76\/100|[from] Stealth Rock\n|turn|8\n|inactive|ssd112 has 120 seconds left.\n|\n|t:|1701091439\n|-end|p1a: Iron Treads|Quark Drive|[silent]\n|switch|p1a: Zapdos|Zapdos, shiny|100\/100\n|move|p2a: Salamence|Dragon Dance|p2a: Salamence\n|-boost|p2a: Salamence|atk|1\n|-boost|p2a: Salamence|spe|1\n|\n|upkeep\n|turn|9\n|\n|t:|1701091451\n|-zpower|p2a: Salamence\n|move|p2a: Salamence|Devastating Drake|p1a: Zapdos|[zeffect]\n|-damage|p1a: Zapdos|0 fnt\n|faint|p1a: Zapdos\n|-ability|p2a: Salamence|Moxie|boost\n|-boost|p2a: Salamence|atk|1\n|\n|upkeep\n|inactive|ssd112 has 90 seconds left.\n|\n|t:|1701091490\n|switch|p1a: Scizor|Scizor, M|100\/100\n|turn|10\n|\n|t:|1701091506\n|detailschange|p1a: Scizor|Scizor-Mega, M\n|-mega|p1a: Scizor|Scizor|Scizorite\n|move|p2a: Salamence|Dragon Dance|p2a: Salamence\n|-boost|p2a: Salamence|atk|1\n|-boost|p2a: Salamence|spe|1\n|move|p1a: Scizor|Swords Dance|p1a: Scizor\n|-boost|p1a: Scizor|atk|2\n|\n|upkeep\n|turn|11\n|\n|t:|1701091510\n|move|p1a: Scizor|Bullet Punch|p2a: Salamence\n|-damage|p2a: Salamence|0 fnt\n|faint|p2a: Salamence\n|\n|upkeep\n|\n|t:|1701091514\n|switch|p2a: Pidgeot|Pidgeot-Mega, M|100\/100\n|-damage|p2a: Pidgeot|76\/100|[from] Stealth Rock\n|turn|12\n|\n|t:|1701091519\n|move|p1a: Scizor|Bullet Punch|p2a: Pidgeot\n|-damage|p2a: Pidgeot|0 fnt\n|faint|p2a: Pidgeot\n|\n|upkeep\n|-message|MHW0721 forfeited.\n|\n|win|ssd112\n|raw|ssd112's rating: 1210 &rarr; <strong>1228<\/strong><br \/>(+18 for winning)\n|raw|MHW0721's rating: 1110 &rarr; <strong>1092<\/strong><br \/>(-18 for losing)\n|l|\u2606MHW0721\n","uploadtime":1701091532,"views":2,"p1id":"ssd112","p2id":"mhw0721","formatid":"gen9nationaldex","rating":1092,"private":0,"password":""}