{"id":"gen9nationaldex-1987911409","p1":"Alexander90281","p2":"mmm5","format":"[Gen 9] National Dex","log":"|j|\u2606Alexander90281\n|j|\u2606mmm5\n|t:|1699648381\n|gametype|singles\n|player|p1|Alexander90281|tateandliza-gen6|1739\n|player|p2|mmm5|ghetsis|1683\n|teamsize|p1|6\n|teamsize|p2|6\n|gen|9\n|tier|[Gen 9] National Dex\n|rated|\n|rule|HP Percentage Mod: HP is shown in percentages\n|rule|Endless Battle Clause: Forcing endless battles is banned\n|rule|OHKO Clause: OHKO moves are banned\n|rule|Evasion Clause: Evasion abilities, items, and moves are banned\n|rule|Evasion Abilities Clause: Evasion abilities are banned\n|rule|Evasion Items Clause: Evasion items are banned\n|rule|Evasion Moves Clause: Evasion moves are banned\n|rule|Species Clause: Limit one of each Pok\u00e9mon\n|rule|Sleep Clause Mod: Limit one foe put to sleep\n|clearpoke\n|poke|p1|Galvantula, M|\n|poke|p1|Thundurus-Therian, M|\n|poke|p1|Tapu Lele|\n|poke|p1|Ogerpon-Wellspring, F|\n|poke|p1|Gallade, M|\n|poke|p1|Victini|\n|poke|p2|Ribombee, F|\n|poke|p2|Grimmsnarl, M|\n|poke|p2|Great Tusk|\n|poke|p2|Dragonite, M|\n|poke|p2|Rillaboom, M|\n|poke|p2|Ogerpon-Wellspring, F|\n|teampreview\n|\n|t:|1699648400\n|start\n|switch|p1a: Victini|Victini|100\/100\n|switch|p2a: Great Tusk|Great Tusk|100\/100\n|-enditem|p2a: Great Tusk|Booster Energy\n|-activate|p2a: Great Tusk|ability: Protosynthesis|[fromitem]\n|-start|p2a: Great Tusk|protosynthesisspe\n|turn|1\n|\n|t:|1699648405\n|move|p1a: Victini|Final Gambit|p2a: Great Tusk\n|-damage|p2a: Great Tusk|7\/100\n|faint|p1a: Victini\n|move|p2a: Great Tusk|Stealth Rock|p1: Victini\n|-sidestart|p1: Alexander90281|move: Stealth Rock\n|\n|upkeep\n|\n|t:|1699648410\n|switch|p1a: Galvantula|Galvantula, M|100\/100\n|-damage|p1a: Galvantula|76\/100|[from] Stealth Rock\n|turn|2\n|\n|t:|1699648415\n|move|p2a: Great Tusk|Taunt|p1a: Galvantula\n|-start|p1a: Galvantula|move: Taunt\n|move|p1a: Galvantula|Hidden Power|p2a: Great Tusk\n|-supereffective|p2a: Great Tusk\n|-damage|p2a: Great Tusk|0 fnt\n|faint|p2a: Great Tusk\n|-end|p2a: Great Tusk|Protosynthesis|[silent]\n|\n|upkeep\n|\n|t:|1699648434\n|switch|p2a: Grimmsnarl|Grimmsnarl, M, shiny|100\/100\n|turn|3\n|\n|t:|1699648438\n|move|p2a: Grimmsnarl|Light Screen|p2a: Grimmsnarl\n|-sidestart|p2: mmm5|move: Light Screen\n|move|p1a: Galvantula|Thunder|p2a: Grimmsnarl\n|-damage|p2a: Grimmsnarl|81\/100\n|\n|upkeep\n|turn|4\n|\n|t:|1699648441\n|move|p2a: Grimmsnarl|Parting Shot|p1a: Galvantula\n|-unboost|p1a: Galvantula|atk|1\n|-unboost|p1a: Galvantula|spa|1\n|\n|t:|1699648445\n|switch|p2a: Ribombee|Ribombee, F|100\/100|[from] Parting Shot\n|move|p1a: Galvantula|Thunder|p2a: Ribombee\n|-damage|p2a: Ribombee|81\/100\n|\n|-end|p1a: Galvantula|move: Taunt\n|upkeep\n|turn|5\n|j| YJLF2\n|\n|t:|1699648451\n|move|p1a: Galvantula|Thunder Wave|p2a: Ribombee\n|-status|p2a: Ribombee|par\n|move|p2a: Ribombee|Quiver Dance|p2a: Ribombee\n|-boost|p2a: Ribombee|spa|1\n|-boost|p2a: Ribombee|spd|1\n|-boost|p2a: Ribombee|spe|1\n|\n|upkeep\n|turn|6\n|\n|t:|1699648458\n|move|p1a: Galvantula|Sticky Web|p2a: Ribombee\n|-sidestart|p2: mmm5|move: Sticky Web\n|move|p2a: Ribombee|Quiver Dance|p2a: Ribombee\n|-boost|p2a: Ribombee|spa|1\n|-boost|p2a: Ribombee|spd|1\n|-boost|p2a: Ribombee|spe|1\n|\n|upkeep\n|turn|7\n|\n|t:|1699648462\n|move|p1a: Galvantula|Thunder|p2a: Ribombee\n|-damage|p2a: Ribombee|72\/100 par\n|move|p2a: Ribombee|Quiver Dance|p2a: Ribombee\n|-boost|p2a: Ribombee|spa|1\n|-boost|p2a: Ribombee|spd|1\n|-boost|p2a: Ribombee|spe|1\n|\n|upkeep\n|turn|8\n|\n|t:|1699648468\n|move|p2a: Ribombee|Quiver Dance|p2a: Ribombee\n|-boost|p2a: Ribombee|spa|1\n|-boost|p2a: Ribombee|spd|1\n|-boost|p2a: Ribombee|spe|1\n|move|p1a: Galvantula|Thunder|p2a: Ribombee\n|-damage|p2a: Ribombee|65\/100 par\n|\n|upkeep\n|turn|9\n|\n|t:|1699648471\n|move|p2a: Ribombee|Quiver Dance|p2a: Ribombee\n|-boost|p2a: Ribombee|spa|1\n|-boost|p2a: Ribombee|spd|1\n|-boost|p2a: Ribombee|spe|1\n|move|p1a: Galvantula|Thunder|p2a: Ribombee\n|-damage|p2a: Ribombee|59\/100 par\n|\n|upkeep\n|turn|10\n|\n|t:|1699648475\n|move|p2a: Ribombee|Quiver Dance|p2a: Ribombee\n|-boost|p2a: Ribombee|spa|1\n|-boost|p2a: Ribombee|spd|1\n|-boost|p2a: Ribombee|spe|1\n|move|p1a: Galvantula|Thunder|p2a: Ribombee\n|-damage|p2a: Ribombee|54\/100 par\n|\n|-sideend|p2: mmm5|move: Light Screen\n|upkeep\n|turn|11\n|\n|t:|1699648479\n|move|p2a: Ribombee|Draining Kiss|p1a: Galvantula\n|-damage|p1a: Galvantula|0 fnt\n|-heal|p2a: Ribombee|100\/100 par|[from] drain|[of] p1a: Galvantula\n|faint|p1a: Galvantula\n|-damage|p2a: Ribombee|91\/100 par|[from] item: Life Orb\n|\n|upkeep\n|\n|t:|1699648482\n|switch|p1a: Ogerpon|Ogerpon-Wellspring, F|100\/100\n|-damage|p1a: Ogerpon|88\/100|[from] Stealth Rock\n|turn|12\n|\n|t:|1699648486\n|-terastallize|p1a: Ogerpon|Water\n|detailschange|p1a: Ogerpon|Ogerpon-Wellspring-Tera, F, tera:Water\n|-ability|p1a: Ogerpon|Embody Aspect (Wellspring)|boost\n|-boost|p1a: Ogerpon|spd|1\n|move|p2a: Ribombee|Stored Power|p1a: Ogerpon\n|-damage|p1a: Ogerpon|0 fnt\n|faint|p1a: Ogerpon\n|-damage|p2a: Ribombee|81\/100 par|[from] item: Life Orb\n|\n|upkeep\n|\n|t:|1699648495\n|switch|p1a: Tapu Lele|Tapu Lele|100\/100\n|-damage|p1a: Tapu Lele|88\/100|[from] Stealth Rock\n|-fieldstart|move: Psychic Terrain|[from] ability: Psychic Surge|[of] p1a: Tapu Lele\n|turn|13\n|\n|t:|1699648498\n|move|p2a: Ribombee|Draining Kiss|p1a: Tapu Lele\n|-damage|p1a: Tapu Lele|0 fnt\n|-heal|p2a: Ribombee|100\/100 par|[from] drain|[of] p1a: Tapu Lele\n|faint|p1a: Tapu Lele\n|-damage|p2a: Ribombee|91\/100 par|[from] item: Life Orb\n|\n|upkeep\n|\n|t:|1699648502\n|switch|p1a: Gallade|Gallade, M|100\/100\n|-damage|p1a: Gallade|94\/100|[from] Stealth Rock\n|turn|14\n|\n|t:|1699648507\n|detailschange|p1a: Gallade|Gallade-Mega, M\n|-mega|p1a: Gallade|Gallade|Galladite\n|move|p2a: Ribombee|Stored Power|p1a: Gallade\n|-damage|p1a: Gallade|0 fnt\n|faint|p1a: Gallade\n|-damage|p2a: Ribombee|81\/100 par|[from] item: Life Orb\n|\n|upkeep\n|\n|t:|1699648511\n|switch|p1a: Thundurus|Thundurus-Therian, M|100\/100\n|-damage|p1a: Thundurus|75\/100|[from] Stealth Rock\n|turn|15\n|\n|t:|1699648516\n|move|p2a: Ribombee|Draining Kiss|p1a: Thundurus\n|-crit|p1a: Thundurus\n|-damage|p1a: Thundurus|0 fnt\n|-heal|p2a: Ribombee|100\/100 par|[from] drain|[of] p1a: Thundurus\n|faint|p1a: Thundurus\n|-damage|p2a: Ribombee|91\/100 par|[from] item: Life Orb\n|\n|win|mmm5\n|raw|Alexander90281's rating: 1739 &rarr; <strong>1716<\/strong><br \/>(-23 for losing)\n|raw|mmm5's rating: 1683 &rarr; <strong>1706<\/strong><br \/>(+23 for winning)\n|l|\u2606Alexander90281\n","uploadtime":1699648527,"views":4,"p1id":"alexander90281","p2id":"mmm5","formatid":"gen9nationaldex","rating":1706,"private":0,"password":""}