{"id":"gen9nationaldex-1998014355","p1":"QIxhQI","p2":"Autistic_Rabbit","format":"[Gen 9] National Dex","log":"|html|<div class=\"broadcast-blue\"><strong>[Gen 9] National Dex is currently suspecting Sneasler! For information on how to participate check out the <a href=\"https:\/\/www.smogon.com\/forums\/threads\/sv-national-dex-suspect-8-just-dance.3731534\/\">suspect thread<\/a>.<\/strong><\/div>\n|j|\u2606QIxhQI\n|j|\u2606Autistic_Rabbit\n|t:|1700879100\n|gametype|singles\n|player|p1|QIxhQI|1|1645\n|player|p2|Autistic_Rabbit|dawn|1598\n|teamsize|p1|6\n|teamsize|p2|6\n|gen|9\n|tier|[Gen 9] National Dex\n|rated|\n|rule|HP Percentage Mod: HP is shown in percentages\n|rule|Endless Battle Clause: Forcing endless battles is banned\n|rule|OHKO Clause: OHKO moves are banned\n|rule|Evasion Clause: Evasion abilities, items, and moves are banned\n|rule|Evasion Abilities Clause: Evasion abilities are banned\n|rule|Evasion Items Clause: Evasion items are banned\n|rule|Evasion Moves Clause: Evasion moves are banned\n|rule|Species Clause: Limit one of each Pok\u00e9mon\n|rule|Sleep Clause Mod: Limit one foe put to sleep\n|clearpoke\n|poke|p1|Mawile, M|\n|poke|p1|Marowak-Alola, M|\n|poke|p1|Hatterene, F|\n|poke|p1|Cresselia, F|\n|poke|p1|Porygon2|\n|poke|p1|Ursaluna, M|\n|poke|p2|Mawile, M|\n|poke|p2|Marowak-Alola, F|\n|poke|p2|Hatterene, F|\n|poke|p2|Cresselia, F|\n|poke|p2|Porygon2|\n|poke|p2|Ursaluna, F|\n|teampreview\n|\n|t:|1700879115\n|start\n|switch|p1a: Porygon2|Porygon2|100\/100\n|switch|p2a: Ursaluna|Ursaluna, F|100\/100\n|-ability|p1a: Porygon2|Guts|[from] ability: Trace|[of] p2a: Ursaluna\n|turn|1\n|inactive|Battle timer is ON: inactive players will automatically lose when time's up. (requested by QIxhQI)\n|\n|t:|1700879133\n|move|p1a: Porygon2|Ice Beam|p2a: Ursaluna\n|-supereffective|p2a: Ursaluna\n|-damage|p2a: Ursaluna|60\/100\n|move|p2a: Ursaluna|Swords Dance|p2a: Ursaluna\n|-boost|p2a: Ursaluna|atk|2\n|\n|-status|p2a: Ursaluna|brn|[from] item: Flame Orb\n|upkeep\n|turn|2\n|\n|t:|1700879142\n|move|p1a: Porygon2|Ice Beam|p2a: Ursaluna\n|-supereffective|p2a: Ursaluna\n|-damage|p2a: Ursaluna|23\/100 brn\n|move|p2a: Ursaluna|Facade|p1a: Porygon2\n|-damage|p1a: Porygon2|0 fnt\n|faint|p1a: Porygon2\n|\n|-damage|p2a: Ursaluna|17\/100 brn|[from] brn\n|upkeep\n|\n|t:|1700879151\n|switch|p1a: Cresselia|Cresselia, F|100\/100\n|turn|3\n|\n|t:|1700879166\n|switch|p2a: Porygon2|Porygon2|100\/100\n|-ability|p2a: Porygon2|Levitate|[from] ability: Trace|[of] p1a: Cresselia\n|move|p1a: Cresselia|Ice Beam|p2a: Porygon2\n|-damage|p2a: Porygon2|90\/100\n|\n|upkeep\n|turn|4\n|\n|t:|1700879179\n|move|p1a: Cresselia|Psychic|p2a: Porygon2\n|-damage|p2a: Porygon2|76\/100\n|-unboost|p2a: Porygon2|spd|1\n|move|p2a: Porygon2|Teleport|p2a: Porygon2\n|\n|t:|1700879184\n|switch|p2a: Marowak|Marowak-Alola, F|100\/100|[from] Teleport\n|\n|upkeep\n|turn|5\n|\n|t:|1700879200\n|switch|p1a: Ursaluna|Ursaluna, M|100\/100\n|move|p2a: Marowak|Flare Blitz|p1a: Ursaluna\n|-damage|p1a: Ursaluna|29\/100\n|\n|-status|p1a: Ursaluna|brn|[from] item: Flame Orb\n|upkeep\n|turn|6\n|\n|t:|1700879208\n|switch|p2a: Cresselia|Cresselia, F|100\/100\n|move|p1a: Ursaluna|Earthquake|p2a: Cresselia\n|-immune|p2a: Cresselia|[from] ability: Levitate\n|\n|-damage|p1a: Ursaluna|23\/100 brn|[from] brn\n|upkeep\n|turn|7\n|\n|t:|1700879223\n|move|p1a: Ursaluna|Facade|p2a: Cresselia\n|-damage|p2a: Cresselia|33\/100\n|move|p2a: Cresselia|Trick Room|p2a: Cresselia\n|-fieldstart|move: Trick Room|[of] p2a: Cresselia\n|\n|-damage|p1a: Ursaluna|17\/100 brn|[from] brn\n|upkeep\n|turn|8\n|\n|t:|1700879238\n|switch|p2a: Marowak|Marowak-Alola, F|100\/100\n|move|p1a: Ursaluna|Facade|p2a: Marowak\n|-immune|p2a: Marowak\n|\n|-damage|p1a: Ursaluna|11\/100 brn|[from] brn\n|upkeep\n|turn|9\n|\n|t:|1700879244\n|move|p2a: Marowak|Flare Blitz|p1a: Ursaluna\n|-damage|p1a: Ursaluna|0 fnt\n|faint|p1a: Ursaluna\n|\n|upkeep\n|\n|t:|1700879246\n|switch|p1a: Mawile|Mawile, M|100\/100\n|-ability|p1a: Mawile|Intimidate|boost\n|-unboost|p2a: Marowak|atk|1\n|turn|10\n|\n|t:|1700879251\n|detailschange|p1a: Mawile|Mawile-Mega, M\n|-mega|p1a: Mawile|Mawile|Mawilite\n|move|p1a: Mawile|Sucker Punch|p2a: Marowak\n|-supereffective|p2a: Marowak\n|-damage|p2a: Marowak|4\/100\n|move|p2a: Marowak|Flare Blitz|p1a: Mawile\n|-supereffective|p1a: Mawile\n|-damage|p1a: Mawile|0 fnt\n|faint|p1a: Mawile\n|\n|upkeep\n|\n|t:|1700879263\n|switch|p1a: Marowak|Marowak-Alola, M|100\/100\n|turn|11\n|\n|t:|1700879270\n|switch|p2a: Porygon2|Porygon2|76\/100\n|-ability|p2a: Porygon2|Rock Head|[from] ability: Trace|[of] p1a: Marowak\n|move|p1a: Marowak|Flare Blitz|p2a: Porygon2\n|-damage|p2a: Porygon2|23\/100\n|\n|-fieldend|move: Trick Room\n|upkeep\n|turn|12\n|\n|t:|1700879283\n|switch|p1a: Hatterene|Hatterene, F|100\/100\n|move|p2a: Porygon2|Thunderbolt|p1a: Hatterene\n|-damage|p1a: Hatterene|78\/100\n|\n|upkeep\n|turn|13\n|\n|t:|1700879292\n|move|p1a: Hatterene|Mystical Fire|p2a: Porygon2\n|-damage|p2a: Porygon2|5\/100\n|-unboost|p2a: Porygon2|spa|1\n|move|p2a: Porygon2|Teleport|p2a: Porygon2\n|\n|t:|1700879297\n|switch|p2a: Cresselia|Cresselia, F|33\/100|[from] Teleport\n|\n|upkeep\n|turn|14\n|\n|t:|1700879302\n|move|p2a: Cresselia|Lunar Dance|p2a: Cresselia\n|faint|p2a: Cresselia\n|move|p1a: Hatterene|Mystical Fire|p2: Cresselia|[notarget]\n|-fail|p1a: Hatterene\n|\n|upkeep\n|\n|t:|1700879308\n|switch|p2a: Ursaluna|Ursaluna, F|17\/100 brn\n|-heal|p2a: Ursaluna|100\/100|[from] move: Lunar Dance\n|turn|15\n|\n|t:|1700879324\n|move|p2a: Ursaluna|Headlong Rush|p1a: Hatterene\n|-damage|p1a: Hatterene|0 fnt\n|-unboost|p2a: Ursaluna|def|1\n|-unboost|p2a: Ursaluna|spd|1\n|faint|p1a: Hatterene\n|\n|-status|p2a: Ursaluna|brn|[from] item: Flame Orb\n|upkeep\n|\n|t:|1700879327\n|switch|p1a: Cresselia|Cresselia, F|100\/100\n|turn|16\n|\n|t:|1700879333\n|-terastallize|p2a: Ursaluna|Normal\n|move|p1a: Cresselia|Ice Beam|p2a: Ursaluna\n|-damage|p2a: Ursaluna|79\/100 brn\n|move|p2a: Ursaluna|Facade|p1a: Cresselia\n|-damage|p1a: Cresselia|13\/100\n|\n|-damage|p2a: Ursaluna|73\/100 brn|[from] brn\n|upkeep\n|turn|17\n|inactive|Autistic_Rabbit has 120 seconds left.\n|\n|t:|1700879390\n|move|p1a: Cresselia|Psychic|p2a: Ursaluna\n|-damage|p2a: Ursaluna|40\/100 brn\n|move|p2a: Ursaluna|Facade|p1a: Cresselia\n|-damage|p1a: Cresselia|0 fnt\n|faint|p1a: Cresselia\n|\n|-damage|p2a: Ursaluna|34\/100 brn|[from] brn\n|upkeep\n|\n|t:|1700879396\n|switch|p1a: Marowak|Marowak-Alola, M|100\/100\n|turn|18\n|\n|t:|1700879401\n|move|p2a: Ursaluna|Headlong Rush|p1a: Marowak\n|-supereffective|p1a: Marowak\n|-damage|p1a: Marowak|0 fnt\n|-unboost|p2a: Ursaluna|def|1\n|-unboost|p2a: Ursaluna|spd|1\n|faint|p1a: Marowak\n|\n|win|Autistic_Rabbit\n|raw|QIxhQI's rating: 1645 &rarr; <strong>1622<\/strong><br \/>(-23 for losing)\n|raw|Autistic_Rabbit's rating: 1598 &rarr; <strong>1621<\/strong><br \/>(+23 for winning)\n","uploadtime":1700879405,"views":1,"p1id":"qixhqi","p2id":"autisticrabbit","formatid":"gen9nationaldex","rating":1621,"private":0,"password":""}