{"id":"gen9nationaldex-1988283438","p1":"Tyrus23","p2":"Ayami77","format":"[Gen 9] National Dex","log":"|j|\u2606Tyrus23\n|j|\u2606Ayami77\n|t:|1699701339\n|gametype|singles\n|player|p1|Tyrus23|cynthia|1344\n|player|p2|Ayami77|lillie|1493\n|teamsize|p1|6\n|teamsize|p2|6\n|gen|9\n|tier|[Gen 9] National Dex\n|rated|\n|rule|HP Percentage Mod: HP is shown in percentages\n|rule|Endless Battle Clause: Forcing endless battles is banned\n|rule|OHKO Clause: OHKO moves are banned\n|rule|Evasion Clause: Evasion abilities, items, and moves are banned\n|rule|Evasion Abilities Clause: Evasion abilities are banned\n|rule|Evasion Items Clause: Evasion items are banned\n|rule|Evasion Moves Clause: Evasion moves are banned\n|rule|Species Clause: Limit one of each Pok\u00e9mon\n|rule|Sleep Clause Mod: Limit one foe put to sleep\n|clearpoke\n|poke|p1|Arcanine-Hisui, M|\n|poke|p1|Gardevoir, F|\n|poke|p1|Galvantula, M|\n|poke|p1|Hydreigon, F|\n|poke|p1|Mimikyu, M|\n|poke|p1|Mienshao, F|\n|poke|p2|Kyurem|\n|poke|p2|Ninetales-Alola, M|\n|poke|p2|Rillaboom, M|\n|poke|p2|Sneasler, M|\n|poke|p2|Great Tusk|\n|poke|p2|Moltres|\n|teampreview\n|inactive|Battle timer is ON: inactive players will automatically lose when time's up. (requested by Tyrus23)\n|inactive|Ayami77 also wants the timer to be on.\n|\n|t:|1699701351\n|start\n|switch|p1a: Galvantula|Galvantula, M, shiny|100\/100\n|switch|p2a: Great Tusk|Great Tusk|100\/100\n|turn|1\n|\n|t:|1699701361\n|move|p1a: Galvantula|Sticky Web|p2a: Great Tusk\n|-sidestart|p2: Ayami77|move: Sticky Web\n|move|p2a: Great Tusk|Rapid Spin|p1a: Galvantula\n|-damage|p1a: Galvantula|65\/100\n|-boost|p2a: Great Tusk|spe|1\n|-sideend|p2: Ayami77|Sticky Web|[from] move: Rapid Spin|[of] p2a: Great Tusk\n|\n|upkeep\n|turn|2\n|\n|t:|1699701371\n|move|p2a: Great Tusk|Stealth Rock|p1a: Galvantula\n|-sidestart|p1: Tyrus23|move: Stealth Rock\n|move|p1a: Galvantula|Sticky Web|p2a: Great Tusk\n|-sidestart|p2: Ayami77|move: Sticky Web\n|\n|upkeep\n|turn|3\n|\n|t:|1699701375\n|switch|p1a: Mimikyu|Mimikyu, M, shiny|100\/100\n|-damage|p1a: Mimikyu|88\/100|[from] Stealth Rock\n|move|p2a: Great Tusk|Rapid Spin|p1a: Mimikyu\n|-immune|p1a: Mimikyu\n|\n|upkeep\n|turn|4\n|\n|t:|1699701384\n|move|p2a: Great Tusk|Headlong Rush|p1a: Mimikyu\n|-activate|p1a: Mimikyu|ability: Disguise\n|-damage|p1a: Mimikyu|88\/100\n|-unboost|p2a: Great Tusk|def|1\n|-unboost|p2a: Great Tusk|spd|1\n|detailschange|p1a: Mimikyu|Mimikyu-Busted, M, shiny\n|-damage|p1a: Mimikyu|76\/100|[from] pokemon: Mimikyu-Busted\n|-zpower|p1a: Mimikyu\n|move|p1a: Mimikyu|Let's Snuggle Forever|p2a: Great Tusk|[zeffect]\n|-supereffective|p2a: Great Tusk\n|-damage|p2a: Great Tusk|0 fnt\n|faint|p2a: Great Tusk\n|-end|p2a: Great Tusk|Protosynthesis|[silent]\n|\n|upkeep\n|\n|t:|1699701393\n|switch|p2a: Ninetales|Ninetales-Alola, M|100\/100\n|-activate|p2a: Ninetales|move: Sticky Web\n|-unboost|p2a: Ninetales|spe|1\n|-weather|Snow|[from] ability: Snow Warning|[of] p2a: Ninetales\n|turn|5\n|\n|t:|1699701408\n|move|p1a: Mimikyu|Swords Dance|p1a: Mimikyu\n|-boost|p1a: Mimikyu|atk|2\n|move|p2a: Ninetales|Aurora Veil|p2a: Ninetales\n|-sidestart|p2: Ayami77|move: Aurora Veil\n|\n|-weather|Snow|[upkeep]\n|upkeep\n|turn|6\n|\n|t:|1699701414\n|move|p1a: Mimikyu|Play Rough|p2a: Ninetales\n|-damage|p2a: Ninetales|70\/100\n|move|p2a: Ninetales|Encore|p1a: Mimikyu\n|-start|p1a: Mimikyu|Encore\n|\n|-weather|Snow|[upkeep]\n|upkeep\n|turn|7\n|\n|t:|1699701420\n|move|p1a: Mimikyu|Play Rough|p2a: Ninetales\n|-damage|p2a: Ninetales|38\/100\n|move|p2a: Ninetales|Blizzard|p1a: Mimikyu\n|-damage|p1a: Mimikyu|33\/100\n|\n|-weather|Snow|[upkeep]\n|upkeep\n|turn|8\n|\n|t:|1699701427\n|move|p1a: Mimikyu|Play Rough|p2a: Ninetales\n|-damage|p2a: Ninetales|7\/100\n|move|p2a: Ninetales|Blizzard|p1a: Mimikyu\n|-damage|p1a: Mimikyu|0 fnt\n|faint|p1a: Mimikyu\n|\n|-weather|Snow|[upkeep]\n|upkeep\n|\n|t:|1699701439\n|switch|p1a: Arcanine|Arcanine-Hisui, M, shiny|100\/100\n|-damage|p1a: Arcanine|75\/100|[from] Stealth Rock\n|turn|9\n|\n|t:|1699701444\n|move|p1a: Arcanine|Flame Charge|p2a: Ninetales\n|-supereffective|p2a: Ninetales\n|-damage|p2a: Ninetales|0 fnt\n|-boost|p1a: Arcanine|spe|1\n|faint|p2a: Ninetales\n|-damage|p1a: Arcanine|66\/100|[from] item: Life Orb\n|\n|-weather|none\n|upkeep\n|\n|t:|1699701451\n|switch|p2a: Rillaboom|Rillaboom, M|100\/100\n|-activate|p2a: Rillaboom|move: Sticky Web\n|-unboost|p2a: Rillaboom|spe|1\n|-fieldstart|move: Grassy Terrain|[from] ability: Grassy Surge|[of] p2a: Rillaboom\n|turn|10\n|\n|t:|1699701456\n|move|p2a: Rillaboom|Grassy Glide|p1a: Arcanine\n|-damage|p1a: Arcanine|0 fnt\n|faint|p1a: Arcanine\n|\n|upkeep\n|\n|t:|1699701462\n|switch|p1a: Galvantula|Galvantula, M, shiny|65\/100\n|-damage|p1a: Galvantula|40\/100|[from] Stealth Rock\n|turn|11\n|\n|t:|1699701467\n|move|p2a: Rillaboom|Grassy Glide|p1a: Galvantula\n|-resisted|p1a: Galvantula\n|-damage|p1a: Galvantula|0 fnt\n|faint|p1a: Galvantula\n|\n|upkeep\n|\n|t:|1699701472\n|switch|p1a: Hydreigon|Hydreigon, F|100\/100\n|-damage|p1a: Hydreigon|88\/100|[from] Stealth Rock\n|turn|12\n|\n|t:|1699701478\n|move|p2a: Rillaboom|Grassy Glide|p1a: Hydreigon\n|-resisted|p1a: Hydreigon\n|-damage|p1a: Hydreigon|52\/100\n|move|p1a: Hydreigon|Nasty Plot|p1a: Hydreigon\n|-boost|p1a: Hydreigon|spa|2\n|\n|-heal|p1a: Hydreigon|59\/100|[from] item: Leftovers\n|-sideend|p2: Ayami77|move: Aurora Veil\n|upkeep\n|turn|13\n|\n|t:|1699701486\n|move|p2a: Rillaboom|Grassy Glide|p1a: Hydreigon\n|-resisted|p1a: Hydreigon\n|-damage|p1a: Hydreigon|25\/100\n|move|p1a: Hydreigon|Flamethrower|p2a: Rillaboom\n|-supereffective|p2a: Rillaboom\n|-damage|p2a: Rillaboom|0 fnt\n|faint|p2a: Rillaboom\n|\n|-heal|p1a: Hydreigon|32\/100|[from] item: Leftovers\n|upkeep\n|\n|t:|1699701491\n|switch|p2a: Sneasler|Sneasler, M|100\/100\n|-activate|p2a: Sneasler|move: Sticky Web\n|-unboost|p2a: Sneasler|spe|1\n|-enditem|p2a: Sneasler|Grassy Seed\n|-boost|p2a: Sneasler|def|1|[from] item: Grassy Seed\n|turn|14\n|\n|t:|1699701502\n|move|p2a: Sneasler|Dire Claw|p1a: Hydreigon\n|-damage|p1a: Hydreigon|0 fnt\n|faint|p1a: Hydreigon\n|\n|-fieldend|move: Grassy Terrain\n|upkeep\n|\n|t:|1699701507\n|switch|p1a: Mienshao|Mienshao, F, shiny|100\/100\n|-damage|p1a: Mienshao|95\/100|[from] Stealth Rock\n|turn|15\n|\n|t:|1699701515\n|move|p1a: Mienshao|Fake Out|p2a: Sneasler\n|-damage|p2a: Sneasler|86\/100\n|cant|p2a: Sneasler|flinch\n|\n|upkeep\n|turn|16\n|\n|t:|1699701522\n|-terastallize|p1a: Mienshao|Fire\n|move|p2a: Sneasler|Acrobatics|p1a: Mienshao\n|-damage|p1a: Mienshao|19\/100\n|move|p1a: Mienshao|Blaze Kick|p2a: Sneasler\n|-damage|p2a: Sneasler|41\/100\n|-status|p2a: Sneasler|brn\n|\n|-damage|p2a: Sneasler|35\/100 brn|[from] brn\n|upkeep\n|turn|17\n|\n|t:|1699701533\n|move|p2a: Sneasler|Acrobatics|p1a: Mienshao\n|-damage|p1a: Mienshao|0 fnt\n|faint|p1a: Mienshao\n|\n|-damage|p2a: Sneasler|28\/100 brn|[from] brn\n|upkeep\n|\n|t:|1699701538\n|switch|p1a: Gardevoir|Gardevoir, F, shiny|100\/100\n|-damage|p1a: Gardevoir|88\/100|[from] Stealth Rock\n|-ability|p1a: Gardevoir|Unburden|[from] ability: Trace|[of] p2a: Sneasler\n|turn|18\n|\n|t:|1699701550\n|detailschange|p1a: Gardevoir|Gardevoir-Mega, F, shiny\n|-mega|p1a: Gardevoir|Gardevoir|Gardevoirite\n|move|p2a: Sneasler|Dire Claw|p1a: Gardevoir\n|-supereffective|p1a: Gardevoir\n|-damage|p1a: Gardevoir|10\/100\n|-status|p1a: Gardevoir|slp\n|cant|p1a: Gardevoir|slp\n|\n|-damage|p2a: Sneasler|22\/100 brn|[from] brn\n|upkeep\n|turn|19\n|-message|Tyrus23 forfeited.\n|\n|win|Ayami77\n|raw|Tyrus23's rating: 1344 &rarr; <strong>1332<\/strong><br \/>(-12 for losing)\n|raw|Ayami77's rating: 1493 &rarr; <strong>1505<\/strong><br \/>(+12 for winning)\n|l|\u2606Tyrus23\n","uploadtime":1699701565,"views":5,"p1id":"tyrus23","p2id":"ayami77","formatid":"gen9nationaldex","rating":1332,"private":0,"password":""}