{"id":"gen9nationaldex-2000675341","p1":"ActionReplayer","p2":"MikazukiRex_","format":"[Gen 9] National Dex","log":"|html|<div class=\"broadcast-blue\"><strong>[Gen 9] National Dex is currently suspecting Sneasler! For information on how to participate check out the <a href=\"https:\/\/www.smogon.com\/forums\/threads\/sv-national-dex-suspect-8-just-dance.3731534\/\">suspect thread<\/a>.<\/strong><\/div>\n|j|\u2606ActionReplayer\n|j|\u2606MikazukiRex_\n|t:|1701217462\n|gametype|singles\n|player|p1|ActionReplayer|169|1252\n|player|p2|MikazukiRex_|ltsurge|1337\n|teamsize|p1|6\n|teamsize|p2|6\n|gen|9\n|tier|[Gen 9] National Dex\n|rated|\n|rule|HP Percentage Mod: HP is shown in percentages\n|rule|Endless Battle Clause: Forcing endless battles is banned\n|rule|OHKO Clause: OHKO moves are banned\n|rule|Evasion Clause: Evasion abilities, items, and moves are banned\n|rule|Evasion Abilities Clause: Evasion abilities are banned\n|rule|Evasion Items Clause: Evasion items are banned\n|rule|Evasion Moves Clause: Evasion moves are banned\n|rule|Species Clause: Limit one of each Pok\u00e9mon\n|rule|Sleep Clause Mod: Limit one foe put to sleep\n|clearpoke\n|poke|p1|Porygon2|\n|poke|p1|Zoroark-Hisui, M|\n|poke|p1|Linoone, M|\n|poke|p1|Tapu Koko|\n|poke|p1|Diancie|\n|poke|p1|Greninja-*, M|\n|poke|p2|Garganacl, M|\n|poke|p2|Tapu Lele|\n|poke|p2|Clodsire, F|\n|poke|p2|Conkeldurr, F|\n|poke|p2|Bronzong|\n|poke|p2|Charizard, F|\n|teampreview\n|inactive|Battle timer is ON: inactive players will automatically lose when time's up. (requested by ActionReplayer)\n|c|\u2606MikazukiRex_|gl hf bro\n|\n|t:|1701217480\n|start\n|switch|p1a: Diancie|Diancie, shiny|100\/100\n|switch|p2a: Tapu Lele|Tapu Lele, shiny|100\/100\n|-fieldstart|move: Psychic Terrain|[from] ability: Psychic Surge|[of] p2a: Tapu Lele\n|turn|1\n|\n|t:|1701217504\n|detailschange|p1a: Diancie|Diancie-Mega, shiny\n|-mega|p1a: Diancie|Diancie|Diancite\n|move|p2a: Tapu Lele|Future Sight|p1a: Diancie\n|-start|p2a: Tapu Lele|move: Future Sight\n|move|p1a: Diancie|Flash Cannon|p2a: Tapu Lele\n|-supereffective|p2a: Tapu Lele\n|-damage|p2a: Tapu Lele|31\/100\n|\n|upkeep\n|turn|2\n|inactive|MikazukiRex_ has 120 seconds left.\n|\n|t:|1701217530\n|switch|p2a: Clodsire|Clodsire, F|100\/100\n|move|p1a: Diancie|Flash Cannon|p2a: Clodsire\n|-damage|p2a: Clodsire|83\/100\n|\n|upkeep\n|turn|3\n|inactive|MikazukiRex_ has 120 seconds left.\n|\n|t:|1701217540\n|move|p1a: Diancie|Stealth Rock|p2a: Clodsire\n|-sidestart|p2: MikazukiRex_|move: Stealth Rock\n|move|p2a: Clodsire|Earthquake|p1a: Diancie\n|-supereffective|p1a: Diancie\n|-damage|p1a: Diancie|18\/100\n|\n|-end|p1a: Diancie|move: Future Sight\n|-damage|p1a: Diancie|0 fnt\n|faint|p1a: Diancie\n|upkeep\n|\n|t:|1701217550\n|switch|p1a: Greninja|Greninja, M, shiny|100\/100\n|turn|4\n|inactive|MikazukiRex_ has 120 seconds left.\n|\n|t:|1701217566\n|switch|p2a: Bronzong|Bronzong, shiny|100\/100\n|-damage|p2a: Bronzong|94\/100|[from] Stealth Rock\n|move|p1a: Greninja|Ice Beam|p2a: Bronzong\n|-start|p1a: Greninja|typechange|Ice|[from] ability: Protean\n|-resisted|p2a: Bronzong\n|-damage|p2a: Bronzong|77\/100\n|-damage|p1a: Greninja|91\/100|[from] item: Life Orb\n|\n|upkeep\n|turn|5\n|inactive|MikazukiRex_ has 120 seconds left.\n|\n|t:|1701217577\n|move|p1a: Greninja|U-turn|p2a: Bronzong\n|-damage|p2a: Bronzong|61\/100\n|-damage|p1a: Greninja|74\/100|[from] item: Rocky Helmet|[of] p2a: Bronzong\n|-damage|p1a: Greninja|64\/100|[from] item: Life Orb\n|\n|t:|1701217585\n|switch|p1a: Tapu Koko|Tapu Koko, shiny|100\/100|[from] U-turn\n|-fieldstart|move: Electric Terrain|[from] ability: Electric Surge|[of] p1a: Tapu Koko\n|move|p2a: Bronzong|Stealth Rock|p1a: Tapu Koko\n|-sidestart|p1: ActionReplayer|move: Stealth Rock\n|\n|upkeep\n|turn|6\n|\n|t:|1701217592\n|move|p1a: Tapu Koko|Thunderbolt|p2a: Bronzong\n|-damage|p2a: Bronzong|8\/100\n|move|p2a: Bronzong|Toxic|p1a: Tapu Koko\n|-status|p1a: Tapu Koko|tox\n|\n|-damage|p1a: Tapu Koko|94\/100 tox|[from] psn\n|upkeep\n|turn|7\n|\n|t:|1701217599\n|move|p2a: Bronzong|Protect|p2a: Bronzong\n|-singleturn|p2a: Bronzong|Protect\n|move|p1a: Tapu Koko|Thunderbolt|p2a: Bronzong\n|-activate|p2a: Bronzong|move: Protect\n|\n|-damage|p1a: Tapu Koko|82\/100 tox|[from] psn\n|upkeep\n|turn|8\n|\n|t:|1701217609\n|switch|p2a: Clodsire|Clodsire, F|83\/100\n|move|p1a: Tapu Koko|Thunderbolt|p2a: Clodsire\n|-immune|p2a: Clodsire\n|\n|-damage|p1a: Tapu Koko|64\/100 tox|[from] psn\n|upkeep\n|turn|9\n|\n|t:|1701217617\n|switch|p1a: Porygon2|Porygon2, shiny|100\/100\n|-damage|p1a: Porygon2|88\/100|[from] Stealth Rock\n|move|p2a: Clodsire|Spikes|p1a: Porygon2\n|-sidestart|p1: ActionReplayer|Spikes\n|\n|-fieldend|move: Electric Terrain\n|upkeep\n|turn|10\n|\n|t:|1701217629\n|move|p1a: Porygon2|Ice Beam|p2a: Clodsire\n|-supereffective|p2a: Clodsire\n|-damage|p2a: Clodsire|52\/100\n|move|p2a: Clodsire|Toxic|p1a: Porygon2\n|-status|p1a: Porygon2|tox\n|\n|-damage|p1a: Porygon2|82\/100 tox|[from] psn\n|upkeep\n|turn|11\n|c|\u2606ActionReplayer|jesus things a tank\n|\n|t:|1701217638\n|move|p1a: Porygon2|Ice Beam|p2a: Clodsire\n|-supereffective|p2a: Clodsire\n|-damage|p2a: Clodsire|23\/100\n|move|p2a: Clodsire|Recover|p2a: Clodsire\n|-heal|p2a: Clodsire|73\/100\n|\n|-damage|p1a: Porygon2|70\/100 tox|[from] psn\n|upkeep\n|turn|12\n|c|\u2606MikazukiRex_|fr\n|\n|t:|1701217654\n|switch|p1a: Tapu Koko|Tapu Koko, shiny|64\/100 tox\n|-damage|p1a: Tapu Koko|52\/100 tox|[from] Stealth Rock\n|-damage|p1a: Tapu Koko|39\/100 tox|[from] Spikes\n|-fieldstart|move: Electric Terrain|[from] ability: Electric Surge|[of] p1a: Tapu Koko\n|move|p2a: Clodsire|Recover|p2a: Clodsire\n|-heal|p2a: Clodsire|100\/100\n|\n|-damage|p1a: Tapu Koko|33\/100 tox|[from] psn\n|upkeep\n|turn|13\n|\n|t:|1701217664\n|move|p1a: Tapu Koko|Thunderbolt|p2a: Clodsire\n|-immune|p2a: Clodsire\n|move|p2a: Clodsire|Earthquake|p1a: Tapu Koko\n|-supereffective|p1a: Tapu Koko\n|-damage|p1a: Tapu Koko|0 fnt\n|faint|p1a: Tapu Koko\n|\n|upkeep\n|\n|t:|1701217667\n|switch|p1a: Porygon2|Porygon2, shiny|100\/100\n|-damage|p1a: Porygon2|88\/100|[from] Stealth Rock\n|-damage|p1a: Porygon2|76\/100|[from] Spikes\n|turn|14\n|\n|t:|1701217681\n|move|p1a: Porygon2|Hyper Voice|p2a: Clodsire\n|-damage|p2a: Clodsire|75\/100\n|move|p2a: Clodsire|Toxic|p1a: Porygon2\n|-status|p1a: Porygon2|tox\n|\n|-damage|p1a: Porygon2|70\/100 tox|[from] psn\n|upkeep\n|turn|15\n|\n|t:|1701217689\n|move|p1a: Porygon2|Memento|p2a: Clodsire\n|-unboost|p2a: Clodsire|atk|2\n|-unboost|p2a: Clodsire|spa|2\n|faint|p1a: Porygon2\n|move|p2a: Clodsire|Spikes|p1: Zoroark\n|-sidestart|p1: ActionReplayer|Spikes\n|\n|upkeep\n|\n|t:|1701217694\n|switch|p1a: Linoone|Linoone, M, shiny|100\/100\n|-damage|p1a: Linoone|88\/100|[from] Stealth Rock\n|-damage|p1a: Linoone|72\/100|[from] Spikes\n|turn|16\n|\n|t:|1701217701\n|move|p1a: Linoone|Belly Drum|p1a: Linoone\n|-damage|p1a: Linoone|22\/100\n|-setboost|p1a: Linoone|atk|6|[from] move: Belly Drum\n|-enditem|p1a: Linoone|Sitrus Berry|[eat]\n|-heal|p1a: Linoone|46\/100|[from] item: Sitrus Berry\n|move|p2a: Clodsire|Earthquake|p1a: Linoone\n|-damage|p1a: Linoone|24\/100\n|\n|-fieldend|move: Electric Terrain\n|upkeep\n|turn|17\n|-message|ActionReplayer forfeited.\n|\n|win|MikazukiRex_\n|raw|ActionReplayer's rating: 1252 &rarr; <strong>1233<\/strong><br \/>(-19 for losing)\n|raw|MikazukiRex_'s rating: 1337 &rarr; <strong>1352<\/strong><br \/>(+15 for winning)\n|l|\u2606ActionReplayer\n","uploadtime":1701217719,"views":17,"p1id":"actionreplayer","p2id":"mikazukirex","formatid":"gen9nationaldex","rating":1233,"private":0,"password":""}