{"id":"gen9nationaldex-1997791350","p1":"Pienstaton","p2":"PaleSwordsman_666","format":"[Gen 9] National Dex","log":"|html|<div class=\"broadcast-blue\"><strong>[Gen 9] National Dex is currently suspecting Sneasler! For information on how to participate check out the <a href=\"https:\/\/www.smogon.com\/forums\/threads\/sv-national-dex-suspect-8-just-dance.3731534\/\">suspect thread<\/a>.<\/strong><\/div>\n|j|\u2606Pienstaton\n|j|\u2606PaleSwordsman_666\n|t:|1700853090\n|gametype|singles\n|player|p1|Pienstaton|steven-masters4|1233\n|player|p2|PaleSwordsman_666|cynthia-gen4|1227\n|teamsize|p1|6\n|teamsize|p2|6\n|gen|9\n|tier|[Gen 9] National Dex\n|rated|\n|rule|HP Percentage Mod: HP is shown in percentages\n|rule|Endless Battle Clause: Forcing endless battles is banned\n|rule|OHKO Clause: OHKO moves are banned\n|rule|Evasion Clause: Evasion abilities, items, and moves are banned\n|rule|Evasion Abilities Clause: Evasion abilities are banned\n|rule|Evasion Items Clause: Evasion items are banned\n|rule|Evasion Moves Clause: Evasion moves are banned\n|rule|Species Clause: Limit one of each Pok\u00e9mon\n|rule|Sleep Clause Mod: Limit one foe put to sleep\n|clearpoke\n|poke|p1|Incineroar, F|\n|poke|p1|Gallade, M|\n|poke|p1|Landorus-Therian, M|\n|poke|p1|Tornadus-Therian, M|\n|poke|p1|Ferrothorn, F|\n|poke|p1|Manaphy|\n|poke|p2|Garchomp, F|\n|poke|p2|Blissey, F|\n|poke|p2|Golurk|\n|poke|p2|Salazzle, F|\n|poke|p2|Hawlucha, M|\n|poke|p2|Tornadus-Therian, M|\n|teampreview\n|inactive|Battle timer is ON: inactive players will automatically lose when time's up. (requested by PaleSwordsman_666)\n|\n|t:|1700853102\n|start\n|switch|p1a: Incineroar|Incineroar, F|100\/100\n|switch|p2a: Garchomp|Garchomp, F|100\/100\n|-ability|p1a: Incineroar|Intimidate|boost\n|-unboost|p2a: Garchomp|atk|1\n|turn|1\n|\n|t:|1700853106\n|move|p2a: Garchomp|Stealth Rock|p1a: Incineroar\n|-sidestart|p1: Pienstaton|move: Stealth Rock\n|move|p1a: Incineroar|Knock Off|p2a: Garchomp\n|-damage|p2a: Garchomp|72\/100\n|-damage|p1a: Incineroar|88\/100|[from] ability: Rough Skin|[of] p2a: Garchomp\n|-damage|p1a: Incineroar|72\/100|[from] item: Rocky Helmet|[of] p2a: Garchomp\n|-enditem|p2a: Garchomp|Rocky Helmet|[from] move: Knock Off|[of] p1a: Incineroar\n|\n|upkeep\n|turn|2\n|\n|t:|1700853113\n|switch|p1a: Tornadus|Tornadus-Therian, M|100\/100\n|move|p2a: Garchomp|Toxic|p1a: Tornadus\n|-status|p1a: Tornadus|tox\n|\n|-damage|p1a: Tornadus|94\/100 tox|[from] psn\n|upkeep\n|turn|3\n|\n|t:|1700853120\n|move|p2a: Garchomp|Protect|p2a: Garchomp\n|-singleturn|p2a: Garchomp|Protect\n|move|p1a: Tornadus|Bleakwind Storm|p2a: Garchomp\n|-activate|p2a: Garchomp|move: Protect\n|\n|-damage|p1a: Tornadus|82\/100 tox|[from] psn\n|upkeep\n|turn|4\n|\n|t:|1700853129\n|switch|p2a: Blissey|Blissey, F|100\/100\n|move|p1a: Tornadus|Defog|p2a: Blissey\n|-unboost|p2a: Blissey|evasion|1\n|-sideend|p1: Pienstaton|Stealth Rock|[from] move: Defog|[of] p1a: Tornadus\n|\n|-damage|p1a: Tornadus|64\/100 tox|[from] psn\n|upkeep\n|turn|5\n|\n|t:|1700853134\n|move|p1a: Tornadus|U-turn|p2a: Blissey\n|-damage|p2a: Blissey|86\/100\n|\n|t:|1700853136\n|switch|p1a: Ferrothorn|Ferrothorn, F|100\/100|[from] U-turn\n|move|p2a: Blissey|Teleport|p2a: Blissey\n|\n|t:|1700853142\n|switch|p2a: Salazzle|Salazzle, F|100\/100|[from] Teleport\n|\n|upkeep\n|turn|6\n|\n|t:|1700853160\n|switch|p1a: Tornadus|Tornadus-Therian, M|97\/100 tox\n|move|p2a: Salazzle|Nasty Plot|p2a: Salazzle\n|-boost|p2a: Salazzle|spa|2\n|\n|-damage|p1a: Tornadus|91\/100 tox|[from] psn\n|upkeep\n|turn|7\n|\n|t:|1700853167\n|move|p1a: Tornadus|Bleakwind Storm|p2a: Salazzle|[miss]\n|-miss|p1a: Tornadus|p2a: Salazzle\n|move|p2a: Salazzle|Flamethrower|p1a: Tornadus\n|-damage|p1a: Tornadus|0 fnt\n|faint|p1a: Tornadus\n|\n|upkeep\n|\n|t:|1700853173\n|switch|p1a: Landorus|Landorus-Therian, M|100\/100\n|-ability|p1a: Landorus|Intimidate|boost\n|-fail|p2a: Salazzle|unboost|Attack|[from] ability: Oblivious|[of] p2a: Salazzle\n|turn|8\n|\n|t:|1700853178\n|move|p2a: Salazzle|Overheat|p1a: Landorus\n|-damage|p1a: Landorus|0 fnt\n|-unboost|p2a: Salazzle|spa|2\n|faint|p1a: Landorus\n|\n|upkeep\n|\n|t:|1700853191\n|switch|p1a: Gallade|Gallade, M|100\/100\n|turn|9\n|\n|t:|1700853196\n|detailschange|p1a: Gallade|Gallade-Mega, M\n|-mega|p1a: Gallade|Gallade|Galladite\n|move|p2a: Salazzle|Overheat|p1a: Gallade\n|-crit|p1a: Gallade\n|-damage|p1a: Gallade|7\/100\n|-unboost|p2a: Salazzle|spa|2\n|move|p1a: Gallade|Psycho Cut|p2a: Salazzle\n|-supereffective|p2a: Salazzle\n|-enditem|p2a: Salazzle|Focus Sash\n|-damage|p2a: Salazzle|1\/100\n|\n|upkeep\n|turn|10\n|\n|t:|1700853204\n|move|p2a: Salazzle|Flamethrower|p1a: Gallade\n|-damage|p1a: Gallade|0 fnt\n|faint|p1a: Gallade\n|\n|upkeep\n|\n|t:|1700853206\n|switch|p1a: Incineroar|Incineroar, F|72\/100\n|-ability|p1a: Incineroar|Intimidate|boost\n|-fail|p2a: Salazzle|unboost|Attack|[from] ability: Oblivious|[of] p2a: Salazzle\n|turn|11\n|\n|t:|1700853213\n|switch|p2a: Garchomp|Garchomp, F|72\/100\n|move|p1a: Incineroar|Swords Dance|p1a: Incineroar\n|-boost|p1a: Incineroar|atk|2\n|\n|upkeep\n|turn|12\n|\n|t:|1700853219\n|move|p2a: Garchomp|Earthquake|p1a: Incineroar\n|-supereffective|p1a: Incineroar\n|-damage|p1a: Incineroar|12\/100\n|move|p1a: Incineroar|Flame Charge|p2a: Garchomp\n|-resisted|p2a: Garchomp\n|-damage|p2a: Garchomp|59\/100\n|-boost|p1a: Incineroar|spe|1\n|-damage|p1a: Incineroar|0 fnt|[from] ability: Rough Skin|[of] p2a: Garchomp\n|faint|p1a: Incineroar\n|\n|upkeep\n|\n|t:|1700853221\n|switch|p1a: Ferrothorn|Ferrothorn, F|100\/100\n|turn|13\n|\n|t:|1700853228\n|move|p2a: Garchomp|Stealth Rock|p1a: Ferrothorn\n|-sidestart|p1: Pienstaton|move: Stealth Rock\n|move|p1a: Ferrothorn|Thunder Wave|p2a: Garchomp\n|-immune|p2a: Garchomp\n|\n|upkeep\n|turn|14\n|\n|t:|1700853233\n|switch|p2a: Golurk|Golurk|100\/100\n|move|p1a: Ferrothorn|Thunder Wave|p2a: Golurk\n|-immune|p2a: Golurk\n|\n|upkeep\n|turn|15\n|\n|t:|1700853237\n|move|p2a: Golurk|Poltergeist|p1a: Ferrothorn\n|-activate|p1a: Ferrothorn|move: Poltergeist|Leftovers\n|-damage|p1a: Ferrothorn|51\/100\n|move|p1a: Ferrothorn|Power Whip|p2a: Golurk\n|-supereffective|p2a: Golurk\n|-damage|p2a: Golurk|1\/100\n|\n|-heal|p1a: Ferrothorn|57\/100|[from] item: Leftovers\n|upkeep\n|turn|16\n|\n|t:|1700853243\n|move|p2a: Golurk|Poltergeist|p1a: Ferrothorn\n|-activate|p1a: Ferrothorn|move: Poltergeist|Leftovers\n|-damage|p1a: Ferrothorn|7\/100\n|move|p1a: Ferrothorn|Power Whip|p2a: Golurk\n|-supereffective|p2a: Golurk\n|-damage|p2a: Golurk|0 fnt\n|faint|p2a: Golurk\n|\n|-heal|p1a: Ferrothorn|13\/100|[from] item: Leftovers\n|upkeep\n|\n|t:|1700853249\n|switch|p2a: Hawlucha|Hawlucha, M|100\/100\n|turn|17\n|\n|t:|1700853253\n|move|p2a: Hawlucha|Swords Dance|p2a: Hawlucha\n|-boost|p2a: Hawlucha|atk|2\n|move|p1a: Ferrothorn|Thunder Wave|p2a: Hawlucha\n|-status|p2a: Hawlucha|par\n|\n|-heal|p1a: Ferrothorn|19\/100|[from] item: Leftovers\n|upkeep\n|turn|18\n|\n|t:|1700853255\n|cant|p2a: Hawlucha|par\n|move|p1a: Ferrothorn|Leech Seed|p2a: Hawlucha\n|-start|p2a: Hawlucha|move: Leech Seed\n|\n|-heal|p1a: Ferrothorn|25\/100|[from] item: Leftovers\n|-damage|p2a: Hawlucha|88\/100 par|[from] Leech Seed|[of] p1a: Ferrothorn\n|-heal|p1a: Ferrothorn|36\/100|[silent]\n|upkeep\n|turn|19\n|\n|t:|1700853257\n|move|p2a: Hawlucha|Sky Attack||[still]\n|-prepare|p2a: Hawlucha|Sky Attack\n|-enditem|p2a: Hawlucha|Power Herb\n|-anim|p2a: Hawlucha|Sky Attack|p1a: Ferrothorn\n|-damage|p1a: Ferrothorn|0 fnt\n|faint|p1a: Ferrothorn\n|\n|upkeep\n|\n|t:|1700853259\n|switch|p1a: Manaphy|Manaphy|100\/100\n|-damage|p1a: Manaphy|88\/100|[from] Stealth Rock\n|turn|20\n|\n|t:|1700853266\n|-terastallize|p2a: Hawlucha|Fighting\n|cant|p2a: Hawlucha|par\n|move|p1a: Manaphy|Take Heart|p1a: Manaphy\n|-boost|p1a: Manaphy|spa|1\n|-boost|p1a: Manaphy|spd|1\n|\n|-damage|p2a: Hawlucha|76\/100 par|[from] Leech Seed|[of] p1a: Manaphy\n|-heal|p1a: Manaphy|97\/100|[silent]\n|upkeep\n|turn|21\n|\n|t:|1700853270\n|move|p2a: Hawlucha|Close Combat|p1a: Manaphy\n|-damage|p1a: Manaphy|0 fnt\n|-unboost|p2a: Hawlucha|def|1\n|-unboost|p2a: Hawlucha|spd|1\n|faint|p1a: Manaphy\n|\n|win|PaleSwordsman_666\n|raw|Pienstaton's rating: 1233 &rarr; <strong>1208<\/strong><br \/>(-25 for losing)\n|raw|PaleSwordsman_666's rating: 1227 &rarr; <strong>1252<\/strong><br \/>(+25 for winning)\n","uploadtime":1700853275,"views":6,"p1id":"pienstaton","p2id":"paleswordsman666","formatid":"gen9nationaldex","rating":1208,"private":0,"password":""}