{"id":"gen9nationaldex-1998272959","p1":"lolose","p2":"wildflower13","format":"[Gen 9] National Dex","log":"|html|<div class=\"broadcast-blue\"><strong>[Gen 9] National Dex is currently suspecting Sneasler! For information on how to participate check out the <a href=\"https:\/\/www.smogon.com\/forums\/threads\/sv-national-dex-suspect-8-just-dance.3731534\/\">suspect thread<\/a>.<\/strong><\/div>\n|j|\u2606lolose\n|j|\u2606wildflower13\n|t:|1700923085\n|gametype|singles\n|player|p1|lolose|102|1591\n|player|p2|wildflower13|wallace|1728\n|teamsize|p1|6\n|teamsize|p2|6\n|gen|9\n|tier|[Gen 9] National Dex\n|rated|\n|rule|HP Percentage Mod: HP is shown in percentages\n|rule|Endless Battle Clause: Forcing endless battles is banned\n|rule|OHKO Clause: OHKO moves are banned\n|rule|Evasion Clause: Evasion abilities, items, and moves are banned\n|rule|Evasion Abilities Clause: Evasion abilities are banned\n|rule|Evasion Items Clause: Evasion items are banned\n|rule|Evasion Moves Clause: Evasion moves are banned\n|rule|Species Clause: Limit one of each Pok\u00e9mon\n|rule|Sleep Clause Mod: Limit one foe put to sleep\n|clearpoke\n|poke|p1|Scizor, F|\n|poke|p1|Dragonite, F|\n|poke|p1|Pelipper, F|\n|poke|p1|Floatzel, F|\n|poke|p1|Ferrothorn, F|\n|poke|p1|Basculegion-F, F|\n|poke|p2|Ferrothorn, F|\n|poke|p2|Primarina, M|\n|poke|p2|Iron Valiant|\n|poke|p2|Mawile, M|\n|poke|p2|Landorus-Therian, M|\n|poke|p2|Latias, F|\n|teampreview\n|inactive|Battle timer is ON: inactive players will automatically lose when time's up. (requested by wildflower13)\n|\n|t:|1700923119\n|start\n|switch|p1a: Pelipper|Pelipper, F|100\/100\n|switch|p2a: Primarina|Primarina, M|100\/100\n|-weather|RainDance|[from] ability: Drizzle|[of] p1a: Pelipper\n|turn|1\n|\n|t:|1700923128\n|switch|p1a: Ferrothorn|Ferrothorn, F|100\/100\n|move|p2a: Primarina|Sparkling Aria|p1a: Ferrothorn\n|-resisted|p1a: Ferrothorn\n|-damage|p1a: Ferrothorn|66\/100\n|-enditem|p1a: Ferrothorn|Eject Button\n|\n|t:|1700923157\n|switch|p1a: Basculegion|Basculegion-F, F|100\/100\n|\n|-weather|RainDance|[upkeep]\n|upkeep\n|turn|2\n|\n|t:|1700923167\n|move|p1a: Basculegion|Shadow Ball|p2a: Primarina\n|-damage|p2a: Primarina|47\/100\n|move|p2a: Primarina|Sparkling Aria|p1a: Basculegion\n|-resisted|p1a: Basculegion\n|-damage|p1a: Basculegion|38\/100\n|\n|-weather|RainDance|[upkeep]\n|upkeep\n|turn|3\n|\n|t:|1700923175\n|switch|p2a: Ferrothorn|Ferrothorn, F|100\/100\n|move|p1a: Basculegion|Shadow Ball|p2a: Ferrothorn\n|-damage|p2a: Ferrothorn|66\/100\n|\n|-weather|RainDance|[upkeep]\n|-heal|p2a: Ferrothorn|73\/100|[from] item: Leftovers\n|upkeep\n|turn|4\n|\n|t:|1700923184\n|switch|p1a: Ferrothorn|Ferrothorn, F|66\/100\n|move|p2a: Ferrothorn|Knock Off|p1a: Ferrothorn\n|-damage|p1a: Ferrothorn|54\/100\n|-damage|p2a: Ferrothorn|60\/100|[from] ability: Iron Barbs|[of] p1a: Ferrothorn\n|\n|-weather|RainDance|[upkeep]\n|-heal|p2a: Ferrothorn|66\/100|[from] item: Leftovers\n|upkeep\n|turn|5\n|\n|t:|1700923192\n|move|p2a: Ferrothorn|Stealth Rock|p1a: Ferrothorn\n|-sidestart|p1: lolose|move: Stealth Rock\n|move|p1a: Ferrothorn|Stealth Rock|p2a: Ferrothorn\n|-sidestart|p2: wildflower13|move: Stealth Rock\n|\n|-weather|RainDance|[upkeep]\n|-heal|p2a: Ferrothorn|73\/100|[from] item: Leftovers\n|upkeep\n|turn|6\n|\n|t:|1700923201\n|switch|p2a: Landorus|Landorus-Therian, M|100\/100\n|-damage|p2a: Landorus|88\/100|[from] Stealth Rock\n|-ability|p2a: Landorus|Intimidate|boost\n|-unboost|p1a: Ferrothorn|atk|1\n|move|p1a: Ferrothorn|Spikes|p2a: Landorus\n|-sidestart|p2: wildflower13|Spikes\n|\n|-weather|RainDance|[upkeep]\n|upkeep\n|turn|7\n|\n|t:|1700923214\n|move|p2a: Landorus|Earthquake|p1a: Ferrothorn\n|-crit|p1a: Ferrothorn\n|-damage|p1a: Ferrothorn|0 fnt\n|faint|p1a: Ferrothorn\n|\n|-weather|RainDance|[upkeep]\n|upkeep\n|\n|t:|1700923218\n|switch|p1a: Floatzel|Floatzel, F|100\/100\n|-damage|p1a: Floatzel|88\/100|[from] Stealth Rock\n|turn|8\n|\n|t:|1700923226\n|-terastallize|p1a: Floatzel|Water\n|-terastallize|p2a: Landorus|Water\n|move|p1a: Floatzel|Wave Crash|p2a: Landorus\n|-resisted|p2a: Landorus\n|-damage|p2a: Landorus|32\/100\n|-damage|p1a: Floatzel|72\/100|[from] item: Rocky Helmet|[of] p2a: Landorus\n|-damage|p1a: Floatzel|49\/100|[from] Recoil\n|move|p2a: Landorus|Earthquake|p1a: Floatzel\n|-damage|p1a: Floatzel|0 fnt\n|faint|p1a: Floatzel\n|\n|-weather|none\n|upkeep\n|\n|t:|1700923236\n|switch|p1a: Pelipper|Pelipper, F|100\/100\n|-damage|p1a: Pelipper|76\/100|[from] Stealth Rock\n|-weather|RainDance|[from] ability: Drizzle|[of] p1a: Pelipper\n|turn|9\n|\n|t:|1700923243\n|move|p2a: Landorus|Defog|p1a: Pelipper\n|-unboost|p1a: Pelipper|evasion|1\n|-sideend|p1: lolose|Stealth Rock|[from] move: Defog|[of] p2a: Landorus\n|-sideend|p2: wildflower13|Spikes|[from] move: Defog|[of] p2a: Landorus\n|-sideend|p2: wildflower13|Stealth Rock|[from] move: Defog|[of] p2a: Landorus\n|move|p1a: Pelipper|Hurricane|p2a: Landorus\n|-damage|p2a: Landorus|0 fnt\n|faint|p2a: Landorus\n|\n|-weather|RainDance|[upkeep]\n|upkeep\n|\n|t:|1700923253\n|switch|p2a: Primarina|Primarina, M|47\/100\n|turn|10\n|\n|t:|1700923266\n|move|p2a: Primarina|Sparkling Aria|p1a: Pelipper\n|-resisted|p1a: Pelipper\n|-crit|p1a: Pelipper\n|-damage|p1a: Pelipper|0 fnt\n|faint|p1a: Pelipper\n|\n|-weather|RainDance|[upkeep]\n|upkeep\n|\n|t:|1700923272\n|switch|p1a: Basculegion|Basculegion-F, F|38\/100\n|turn|11\n|\n|t:|1700923276\n|move|p1a: Basculegion|Shadow Ball|p2a: Primarina\n|-damage|p2a: Primarina|0 fnt\n|faint|p2a: Primarina\n|\n|-weather|RainDance|[upkeep]\n|upkeep\n|\n|t:|1700923282\n|switch|p2a: Ferrothorn|Ferrothorn, F|73\/100\n|turn|12\n|\n|t:|1700923286\n|move|p1a: Basculegion|Shadow Ball|p2a: Ferrothorn\n|-damage|p2a: Ferrothorn|39\/100\n|move|p2a: Ferrothorn|Knock Off|p1a: Basculegion\n|-supereffective|p1a: Basculegion\n|-crit|p1a: Basculegion\n|-damage|p1a: Basculegion|0 fnt\n|-enditem|p1a: Basculegion|Choice Specs|[from] move: Knock Off|[of] p2a: Ferrothorn\n|faint|p1a: Basculegion\n|\n|-weather|RainDance|[upkeep]\n|-heal|p2a: Ferrothorn|45\/100|[from] item: Leftovers\n|upkeep\n|\n|t:|1700923290\n|switch|p1a: Scizor|Scizor, F|100\/100\n|turn|13\n|\n|t:|1700923298\n|detailschange|p1a: Scizor|Scizor-Mega, F\n|-mega|p1a: Scizor|Scizor|Scizorite\n|move|p1a: Scizor|Swords Dance|p1a: Scizor\n|-boost|p1a: Scizor|atk|2\n|move|p2a: Ferrothorn|Leech Seed|p1a: Scizor\n|-start|p1a: Scizor|move: Leech Seed\n|\n|-weather|RainDance|[upkeep]\n|-heal|p2a: Ferrothorn|52\/100|[from] item: Leftovers\n|-damage|p1a: Scizor|88\/100|[from] Leech Seed|[of] p2a: Ferrothorn\n|-heal|p2a: Ferrothorn|62\/100|[silent]\n|upkeep\n|turn|14\n|\n|t:|1700923313\n|switch|p2a: Mawile|Mawile, M|100\/100\n|-ability|p2a: Mawile|Intimidate|boost\n|-unboost|p1a: Scizor|atk|1\n|move|p1a: Scizor|Close Combat|p2a: Mawile\n|-damage|p2a: Mawile|1\/100\n|-unboost|p1a: Scizor|def|1\n|-unboost|p1a: Scizor|spd|1\n|\n|-weather|RainDance|[upkeep]\n|-damage|p1a: Scizor|76\/100|[from] Leech Seed|[of] p2a: Mawile\n|-heal|p2a: Mawile|13\/100|[silent]\n|upkeep\n|turn|15\n|\n|t:|1700923324\n|switch|p2a: Ferrothorn|Ferrothorn, F|62\/100\n|move|p1a: Scizor|Bullet Punch|p2a: Ferrothorn\n|-resisted|p2a: Ferrothorn\n|-damage|p2a: Ferrothorn|41\/100\n|-damage|p1a: Scizor|63\/100|[from] ability: Iron Barbs|[of] p2a: Ferrothorn\n|\n|-weather|RainDance|[upkeep]\n|-heal|p2a: Ferrothorn|47\/100|[from] item: Leftovers\n|-damage|p1a: Scizor|51\/100|[from] Leech Seed|[of] p2a: Ferrothorn\n|-heal|p2a: Ferrothorn|57\/100|[silent]\n|upkeep\n|turn|16\n|\n|t:|1700923341\n|switch|p2a: Mawile|Mawile, M|13\/100\n|-ability|p2a: Mawile|Intimidate|boost\n|-unboost|p1a: Scizor|atk|1\n|move|p1a: Scizor|Assurance|p2a: Mawile\n|-resisted|p2a: Mawile\n|-damage|p2a: Mawile|0 fnt\n|faint|p2a: Mawile\n|\n|-weather|none\n|upkeep\n|j| dukemon3000\n|\n|t:|1700923349\n|switch|p2a: Latias|Latias, F|100\/100\n|turn|17\n|\n|t:|1700923353\n|switch|p1a: Dragonite|Dragonite, F|100\/100\n|move|p2a: Latias|Mystical Fire|p1a: Dragonite\n|-resisted|p1a: Dragonite\n|-damage|p1a: Dragonite|94\/100\n|-unboost|p1a: Dragonite|spa|1\n|-damage|p2a: Latias|91\/100|[from] item: Life Orb\n|\n|upkeep\n|turn|18\n|\n|t:|1700923362\n|move|p2a: Latias|Draco Meteor|p1a: Dragonite\n|-supereffective|p1a: Dragonite\n|-damage|p1a: Dragonite|0 fnt\n|-unboost|p2a: Latias|spa|2\n|faint|p1a: Dragonite\n|-damage|p2a: Latias|81\/100|[from] item: Life Orb\n|\n|upkeep\n|\n|t:|1700923368\n|switch|p1a: Scizor|Scizor-Mega, F|51\/100\n|turn|19\n|\n|t:|1700923373\n|move|p1a: Scizor|Bullet Punch|p2a: Latias\n|-damage|p2a: Latias|36\/100\n|move|p2a: Latias|Mystical Fire|p1a: Scizor\n|-supereffective|p1a: Scizor\n|-damage|p1a: Scizor|0 fnt\n|faint|p1a: Scizor\n|-damage|p2a: Latias|26\/100|[from] item: Life Orb\n|\n|win|wildflower13\n|raw|lolose's rating: 1591 &rarr; <strong>1579<\/strong><br \/>(-12 for losing)\n|raw|wildflower13's rating: 1728 &rarr; <strong>1740<\/strong><br \/>(+12 for winning)\n|l|\u2606lolose\n","uploadtime":1700923386,"views":5,"p1id":"lolose","p2id":"wildflower13","formatid":"gen9nationaldex","rating":1579,"private":0,"password":""}