{"id":"gen9nationaldex-2000288489","p1":"Pokecanin","p2":"yikiru233","format":"[Gen 9] National Dex","log":"|html|<div class=\"broadcast-blue\"><strong>[Gen 9] National Dex is currently suspecting Sneasler! For information on how to participate check out the <a href=\"https:\/\/www.smogon.com\/forums\/threads\/sv-national-dex-suspect-8-just-dance.3731534\/\">suspect thread<\/a>.<\/strong><\/div>\n|j|\u2606Pokecanin\n|j|\u2606yikiru233\n|t:|1701181645\n|gametype|singles\n|player|p1|Pokecanin|ethan-masters|1222\n|player|p2|yikiru233|lillie-z|1249\n|teamsize|p1|6\n|teamsize|p2|6\n|gen|9\n|tier|[Gen 9] National Dex\n|rated|\n|rule|HP Percentage Mod: HP is shown in percentages\n|rule|Endless Battle Clause: Forcing endless battles is banned\n|rule|OHKO Clause: OHKO moves are banned\n|rule|Evasion Clause: Evasion abilities, items, and moves are banned\n|rule|Evasion Abilities Clause: Evasion abilities are banned\n|rule|Evasion Items Clause: Evasion items are banned\n|rule|Evasion Moves Clause: Evasion moves are banned\n|rule|Species Clause: Limit one of each Pok\u00e9mon\n|rule|Sleep Clause Mod: Limit one foe put to sleep\n|clearpoke\n|poke|p1|Jolteon, M|\n|poke|p1|Zoroark-Hisui, F|\n|poke|p1|Absol, M|\n|poke|p1|Lycanroc-Dusk, F|\n|poke|p1|Lucario, M|\n|poke|p1|Ninetales-Alola, F|\n|poke|p2|Pelipper, M|\n|poke|p2|Barraskewda, M|\n|poke|p2|Tapu Lele|\n|poke|p2|Swampert, M|\n|poke|p2|Moltres|\n|poke|p2|Urshifu-*, F|\n|teampreview\n|inactive|Battle timer is ON: inactive players will automatically lose when time's up. (requested by yikiru233)\n|\n|t:|1701181668\n|start\n|switch|p1a: Aleu|Lycanroc-Dusk, F|100\/100\n|switch|p2a: Urshifu|Urshifu-Rapid-Strike, F|100\/100\n|turn|1\n|\n|t:|1701181679\n|-terastallize|p2a: Urshifu|Water\n|move|p2a: Urshifu|Surging Strikes|p1a: Aleu\n|-supereffective|p1a: Aleu\n|-crit|p1a: Aleu\n|-damage|p1a: Aleu|15\/100\n|-supereffective|p1a: Aleu\n|-crit|p1a: Aleu\n|-damage|p1a: Aleu|0 fnt\n|faint|p1a: Aleu\n|-hitcount|p1: Aleu|2\n|\n|upkeep\n|\n|t:|1701181699\n|switch|p1a: Shirayuki|Ninetales-Alola, F|100\/100\n|-weather|Snow|[from] ability: Snow Warning|[of] p1a: Shirayuki\n|turn|2\n|\n|t:|1701181708\n|switch|p2a: Pelipper|Pelipper, M|100\/100\n|-weather|RainDance|[from] ability: Drizzle|[of] p2a: Pelipper\n|switch|p1a: Killua|Jolteon, M|100\/100\n|-item|p1a: Killua|Air Balloon\n|\n|-weather|RainDance|[upkeep]\n|upkeep\n|turn|3\n|\n|t:|1701181723\n|switch|p2a: Swampert|Swampert, M|100\/100\n|move|p1a: Killua|Calm Mind|p1a: Killua\n|-boost|p1a: Killua|spa|1\n|-boost|p1a: Killua|spd|1\n|\n|-weather|RainDance|[upkeep]\n|upkeep\n|turn|4\n|\n|t:|1701181734\n|detailschange|p2a: Swampert|Swampert-Mega, M\n|-mega|p2a: Swampert|Swampert|Swampertite\n|-terastallize|p1a: Killua|Ghost\n|move|p2a: Swampert|Earthquake|p1a: Killua\n|-immune|p1a: Killua\n|move|p1a: Killua|Shadow Ball|p2a: Swampert\n|-damage|p2a: Swampert|46\/100\n|\n|-weather|RainDance|[upkeep]\n|upkeep\n|turn|5\n|\n|t:|1701181752\n|move|p2a: Swampert|Liquidation|p1a: Killua\n|-damage|p1a: Killua|0 fnt\n|-enditem|p1a: Killua|Air Balloon\n|faint|p1a: Killua\n|\n|-weather|RainDance|[upkeep]\n|upkeep\n|\n|t:|1701181756\n|switch|p1a: Shirayuki|Ninetales-Alola, F|100\/100\n|-weather|Snow|[from] ability: Snow Warning|[of] p1a: Shirayuki\n|turn|6\n|\n|t:|1701181766\n|switch|p2a: Pelipper|Pelipper, M|100\/100\n|-weather|RainDance|[from] ability: Drizzle|[of] p2a: Pelipper\n|move|p1a: Shirayuki|Freeze-Dry|p2a: Pelipper\n|-supereffective|p2a: Pelipper\n|-damage|p2a: Pelipper|0 fnt\n|faint|p2a: Pelipper\n|\n|-weather|RainDance|[upkeep]\n|upkeep\n|\n|t:|1701181780\n|switch|p2a: Urshifu|Urshifu-Rapid-Strike, F, tera:Water|100\/100\n|turn|7\n|\n|t:|1701181797\n|switch|p1a: Riku|Absol, M|100\/100\n|move|p2a: Urshifu|Surging Strikes|p1a: Riku\n|-crit|p1a: Riku\n|-damage|p1a: Riku|17\/100\n|replace|p1a: Erma|Zoroark-Hisui, F\n|-end|p1a: Erma|Illusion\n|-crit|p1a: Erma\n|-damage|p1a: Erma|0 fnt\n|faint|p1a: Erma\n|-hitcount|p1: Erma|2\n|\n|-weather|RainDance|[upkeep]\n|upkeep\n|\n|t:|1701181812\n|switch|p1a: Shirayuki|Ninetales-Alola, F|100\/100\n|-weather|Snow|[from] ability: Snow Warning|[of] p1a: Shirayuki\n|turn|8\n|\n|t:|1701181818\n|move|p2a: Urshifu|Surging Strikes|p1a: Shirayuki\n|-crit|p1a: Shirayuki\n|-damage|p1a: Shirayuki|73\/100\n|-crit|p1a: Shirayuki\n|-damage|p1a: Shirayuki|48\/100\n|-crit|p1a: Shirayuki\n|-damage|p1a: Shirayuki|22\/100\n|-hitcount|p1a: Shirayuki|3\n|move|p1a: Shirayuki|Aurora Veil|p1a: Shirayuki\n|-sidestart|p1: Pokecanin|move: Aurora Veil\n|\n|-weather|Snow|[upkeep]\n|upkeep\n|turn|9\n|\n|t:|1701181830\n|move|p2a: Urshifu|Surging Strikes|p1a: Shirayuki\n|-crit|p1a: Shirayuki\n|-damage|p1a: Shirayuki|0 fnt\n|faint|p1a: Shirayuki\n|-hitcount|p1: Shirayuki|1\n|\n|-weather|Snow|[upkeep]\n|upkeep\n|\n|t:|1701181836\n|switch|p1a: Seiya|Lucario, M|100\/100\n|turn|10\n|\n|t:|1701181844\n|move|p2a: Urshifu|Surging Strikes|p1a: Seiya\n|-crit|p1a: Seiya\n|-damage|p1a: Seiya|61\/100\n|-crit|p1a: Seiya\n|-damage|p1a: Seiya|17\/100\n|-crit|p1a: Seiya\n|-damage|p1a: Seiya|0 fnt\n|faint|p1a: Seiya\n|-hitcount|p1: Seiya|3\n|\n|-weather|Snow|[upkeep]\n|upkeep\n|\n|t:|1701181848\n|switch|p1a: Riku|Absol, M|100\/100\n|turn|11\n|\n|t:|1701181852\n|detailschange|p1a: Riku|Absol-Mega, M\n|-mega|p1a: Riku|Absol|Absolite\n|move|p2a: Urshifu|Surging Strikes|p1a: Riku\n|-crit|p1a: Riku\n|-damage|p1a: Riku|50\/100\n|-crit|p1a: Riku\n|-damage|p1a: Riku|0 fnt\n|faint|p1a: Riku\n|-hitcount|p1: Riku|2\n|\n|win|yikiru233\n|raw|Pokecanin's rating: 1222 &rarr; <strong>1199<\/strong><br \/>(-23 for losing)\n|raw|yikiru233's rating: 1249 &rarr; <strong>1272<\/strong><br \/>(+23 for winning)\n|l|\u2606Pokecanin\n","uploadtime":1701181867,"views":3,"p1id":"pokecanin","p2id":"yikiru233","formatid":"gen9nationaldex","rating":1199,"private":0,"password":""}