{"id":"gen9nationaldex-1993804883","p1":"luseele1","p2":"ShelmetBeta","format":"[Gen 9] National Dex","log":"|j|\u2606luseele1\n|j|\u2606ShelmetBeta\n|t:|1700359382\n|gametype|singles\n|player|p1|luseele1|pokekid|1126\n|player|p2|ShelmetBeta|169|1096\n|teamsize|p1|6\n|teamsize|p2|6\n|gen|9\n|tier|[Gen 9] National Dex\n|rated|\n|rule|HP Percentage Mod: HP is shown in percentages\n|rule|Endless Battle Clause: Forcing endless battles is banned\n|rule|OHKO Clause: OHKO moves are banned\n|rule|Evasion Clause: Evasion abilities, items, and moves are banned\n|rule|Evasion Abilities Clause: Evasion abilities are banned\n|rule|Evasion Items Clause: Evasion items are banned\n|rule|Evasion Moves Clause: Evasion moves are banned\n|rule|Species Clause: Limit one of each Pok\u00e9mon\n|rule|Sleep Clause Mod: Limit one foe put to sleep\n|clearpoke\n|poke|p1|Lopunny, F|\n|poke|p1|Moltres|\n|poke|p1|Corviknight, F|\n|poke|p1|Tapu Lele|\n|poke|p1|Ogerpon-Wellspring, F|\n|poke|p1|Thundurus-Therian, M|\n|poke|p2|Skeledirge, M|\n|poke|p2|Rotom-Wash|\n|poke|p2|Thundurus-Therian, M|\n|poke|p2|Ferrothorn, F|\n|poke|p2|Lopunny, M|\n|poke|p2|Great Tusk|\n|teampreview\n|inactive|Battle timer is ON: inactive players will automatically lose when time's up. (requested by luseele1)\n|\n|t:|1700359395\n|start\n|switch|p1a: Ogerpon|Ogerpon-Wellspring, F|100\/100\n|switch|p2a: Lopunny|Lopunny, M|100\/100\n|turn|1\n|\n|t:|1700359408\n|switch|p1a: Corviknight|Corviknight, F|100\/100\n|-ability|p1a: Corviknight|Pressure\n|switch|p2a: Skeledirge|Skeledirge, M|100\/100\n|\n|upkeep\n|turn|2\n|\n|t:|1700359427\n|switch|p1a: Ogerpon|Ogerpon-Wellspring, F|100\/100\n|move|p2a: Skeledirge|Torch Song|p1a: Ogerpon\n|-damage|p1a: Ogerpon|67\/100\n|-boost|p2a: Skeledirge|spa|1\n|\n|upkeep\n|turn|3\n|\n|t:|1700359434\n|-terastallize|p1a: Ogerpon|Water\n|detailschange|p1a: Ogerpon|Ogerpon-Wellspring-Tera, F, tera:Water\n|-ability|p1a: Ogerpon|Embody Aspect (Wellspring)|boost\n|-boost|p1a: Ogerpon|spd|1\n|-terastallize|p2a: Skeledirge|Water\n|move|p1a: Ogerpon|Ivy Cudgel|p2a: Skeledirge|[anim] Ivy Cudgel Water\n|-resisted|p2a: Skeledirge\n|-damage|p2a: Skeledirge|78\/100\n|move|p2a: Skeledirge|Will-O-Wisp|p1a: Ogerpon\n|-status|p1a: Ogerpon|brn\n|\n|-damage|p1a: Ogerpon|61\/100 brn|[from] brn\n|upkeep\n|turn|4\n|\n|t:|1700359440\n|move|p1a: Ogerpon|Horn Leech|p2a: Skeledirge\n|-supereffective|p2a: Skeledirge\n|-damage|p2a: Skeledirge|52\/100\n|-heal|p1a: Ogerpon|79\/100 brn|[from] drain|[of] p2a: Skeledirge\n|move|p2a: Skeledirge|Hex|p1a: Ogerpon\n|-damage|p1a: Ogerpon|0 fnt\n|faint|p1a: Ogerpon\n|\n|upkeep\n|\n|t:|1700359455\n|switch|p1a: Lopunny|Lopunny, F|100\/100\n|turn|5\n|\n|t:|1700359462\n|detailschange|p1a: Lopunny|Lopunny-Mega, F\n|-mega|p1a: Lopunny|Lopunny|Lopunnite\n|move|p1a: Lopunny|Fake Out|p2a: Skeledirge\n|-damage|p2a: Skeledirge|38\/100\n|cant|p2a: Skeledirge|flinch\n|\n|upkeep\n|turn|6\n|\n|t:|1700359470\n|move|p1a: Lopunny|Close Combat|p2a: Skeledirge\n|-damage|p2a: Skeledirge|0 fnt\n|-unboost|p1a: Lopunny|def|1\n|-unboost|p1a: Lopunny|spd|1\n|faint|p2a: Skeledirge\n|\n|upkeep\n|\n|t:|1700359474\n|switch|p2a: Lopunny|Lopunny, M|100\/100\n|turn|7\n|\n|t:|1700359479\n|switch|p1a: Corviknight|Corviknight, F|100\/100\n|-ability|p1a: Corviknight|Pressure\n|switch|p2a: Thundurus|Thundurus-Therian, M|100\/100\n|\n|upkeep\n|turn|8\n|\n|t:|1700359486\n|switch|p1a: Thundurus|Thundurus-Therian, M|100\/100\n|move|p2a: Thundurus|Knock Off|p1a: Thundurus\n|-damage|p1a: Thundurus|70\/100\n|-enditem|p1a: Thundurus|Heavy-Duty Boots|[from] move: Knock Off|[of] p2a: Thundurus\n|\n|upkeep\n|turn|9\n|\n|t:|1700359492\n|switch|p2a: Ferrothorn|Ferrothorn, F|100\/100\n|move|p1a: Thundurus|Hidden Power|p2a: Ferrothorn\n|-damage|p2a: Ferrothorn|84\/100\n|\n|-heal|p2a: Ferrothorn|90\/100|[from] item: Leftovers\n|upkeep\n|turn|10\n|\n|t:|1700359500\n|switch|p1a: Moltres|Moltres|100\/100\n|move|p2a: Ferrothorn|Leech Seed|p1a: Moltres\n|-start|p1a: Moltres|move: Leech Seed\n|\n|-heal|p2a: Ferrothorn|97\/100|[from] item: Leftovers\n|-damage|p1a: Moltres|88\/100|[from] Leech Seed|[of] p2a: Ferrothorn\n|-heal|p2a: Ferrothorn|100\/100|[silent]\n|upkeep\n|turn|11\n|\n|t:|1700359505\n|switch|p2a: Thundurus|Thundurus-Therian, M|100\/100\n|move|p1a: Moltres|Flamethrower|p2a: Thundurus\n|-damage|p2a: Thundurus|28\/100\n|\n|-damage|p1a: Moltres|76\/100|[from] Leech Seed|[of] p2a: Thundurus\n|-heal|p2a: Thundurus|44\/100|[silent]\n|upkeep\n|turn|12\n|\n|t:|1700359510\n|move|p2a: Thundurus|Tera Blast|p1a: Moltres\n|-damage|p1a: Moltres|34\/100\n|move|p1a: Moltres|Flamethrower|p2a: Thundurus\n|-damage|p2a: Thundurus|0 fnt\n|faint|p2a: Thundurus\n|\n|upkeep\n|\n|t:|1700359515\n|switch|p2a: Rotom|Rotom-Wash|100\/100\n|turn|13\n|\n|t:|1700359525\n|move|p1a: Moltres|Roost|p1a: Moltres\n|-heal|p1a: Moltres|84\/100\n|-singleturn|p1a: Moltres|move: Roost\n|move|p2a: Rotom|Hydro Pump|p1a: Moltres\n|-supereffective|p1a: Moltres\n|-damage|p1a: Moltres|7\/100\n|\n|-damage|p1a: Moltres|0 fnt|[from] Leech Seed|[of] p2a: Rotom\n|faint|p1a: Moltres\n|upkeep\n|\n|t:|1700359529\n|switch|p1a: Thundurus|Thundurus-Therian, M|70\/100\n|turn|14\n|\n|t:|1700359538\n|move|p1a: Thundurus|Hidden Power|p2a: Rotom\n|-resisted|p2a: Rotom\n|-damage|p2a: Rotom|88\/100\n|move|p2a: Rotom|Hydro Pump|p1a: Thundurus\n|-damage|p1a: Thundurus|16\/100\n|\n|-heal|p2a: Rotom|94\/100|[from] item: Leftovers\n|upkeep\n|turn|15\n|\n|t:|1700359544\n|move|p1a: Thundurus|Thunderbolt|p2a: Rotom\n|-damage|p2a: Rotom|43\/100\n|move|p2a: Rotom|Hydro Pump|p1a: Thundurus|[miss]\n|-miss|p2a: Rotom|p1a: Thundurus\n|\n|-heal|p2a: Rotom|49\/100|[from] item: Leftovers\n|upkeep\n|turn|16\n|\n|t:|1700359549\n|switch|p2a: Ferrothorn|Ferrothorn, F|100\/100\n|move|p1a: Thundurus|Thunderbolt|p2a: Ferrothorn\n|-resisted|p2a: Ferrothorn\n|-damage|p2a: Ferrothorn|83\/100\n|\n|-heal|p2a: Ferrothorn|90\/100|[from] item: Leftovers\n|upkeep\n|turn|17\n|\n|t:|1700359561\n|switch|p1a: Corviknight|Corviknight, F|100\/100\n|-ability|p1a: Corviknight|Pressure\n|move|p2a: Ferrothorn|Gyro Ball|p1a: Corviknight\n|-resisted|p1a: Corviknight\n|-damage|p1a: Corviknight|91\/100\n|-damage|p2a: Ferrothorn|73\/100|[from] item: Rocky Helmet|[of] p1a: Corviknight\n|\n|-heal|p2a: Ferrothorn|79\/100|[from] item: Leftovers\n|upkeep\n|turn|18\n|\n|t:|1700359576\n|move|p1a: Corviknight|Iron Defense|p1a: Corviknight\n|-boost|p1a: Corviknight|def|2\n|move|p2a: Ferrothorn|Stealth Rock|p1a: Corviknight\n|-sidestart|p1: luseele1|move: Stealth Rock\n|\n|-heal|p2a: Ferrothorn|86\/100|[from] item: Leftovers\n|upkeep\n|turn|19\n|\n|t:|1700359581\n|switch|p2a: Rotom|Rotom-Wash|49\/100\n|move|p1a: Corviknight|Body Press|p2a: Rotom\n|-damage|p2a: Rotom|7\/100\n|\n|-heal|p2a: Rotom|14\/100|[from] item: Leftovers\n|upkeep\n|turn|20\n|\n|t:|1700359587\n|move|p2a: Rotom|Thunder Wave|p1a: Corviknight\n|-status|p1a: Corviknight|par\n|cant|p1a: Corviknight|par\n|\n|-heal|p2a: Rotom|20\/100|[from] item: Leftovers\n|upkeep\n|turn|21\n|\n|t:|1700359590\n|move|p2a: Rotom|Volt Switch|p1a: Corviknight\n|-supereffective|p1a: Corviknight\n|-damage|p1a: Corviknight|44\/100 par\n|\n|t:|1700359594\n|switch|p2a: Great Tusk|Great Tusk|100\/100|[from] Volt Switch\n|move|p1a: Corviknight|Body Press|p2a: Great Tusk\n|-crit|p2a: Great Tusk\n|-damage|p2a: Great Tusk|64\/100\n|\n|-heal|p2a: Great Tusk|71\/100|[from] item: Leftovers\n|upkeep\n|turn|22\n|\n|t:|1700359598\n|move|p2a: Great Tusk|Ice Spinner|p1a: Corviknight\n|-damage|p1a: Corviknight|36\/100 par\n|-damage|p2a: Great Tusk|54\/100|[from] item: Rocky Helmet|[of] p1a: Corviknight\n|cant|p1a: Corviknight|par\n|\n|-heal|p2a: Great Tusk|60\/100|[from] item: Leftovers\n|upkeep\n|turn|23\n|\n|t:|1700359604\n|-end|p2a: Great Tusk|Protosynthesis|[silent]\n|switch|p2a: Rotom|Rotom-Wash|20\/100\n|move|p1a: Corviknight|Roost|p1a: Corviknight\n|-heal|p1a: Corviknight|86\/100 par\n|-singleturn|p1a: Corviknight|move: Roost\n|\n|-heal|p2a: Rotom|26\/100|[from] item: Leftovers\n|upkeep\n|turn|24\n|\n|t:|1700359607\n|move|p2a: Rotom|Volt Switch|p1a: Corviknight\n|-supereffective|p1a: Corviknight\n|-damage|p1a: Corviknight|44\/100 par\n|\n|t:|1700359611\n|switch|p2a: Ferrothorn|Ferrothorn, F|86\/100|[from] Volt Switch\n|cant|p1a: Corviknight|par\n|\n|-heal|p2a: Ferrothorn|92\/100|[from] item: Leftovers\n|upkeep\n|turn|25\n|\n|t:|1700359613\n|move|p1a: Corviknight|Roost|p1a: Corviknight\n|-heal|p1a: Corviknight|94\/100 par\n|-singleturn|p1a: Corviknight|move: Roost\n|move|p2a: Ferrothorn|Leech Seed|p1a: Corviknight\n|-start|p1a: Corviknight|move: Leech Seed\n|\n|-heal|p2a: Ferrothorn|98\/100|[from] item: Leftovers\n|-damage|p1a: Corviknight|81\/100 par|[from] Leech Seed|[of] p2a: Ferrothorn\n|-heal|p2a: Ferrothorn|100\/100|[silent]\n|upkeep\n|turn|26\n|\n|t:|1700359620\n|switch|p2a: Lopunny|Lopunny, M|100\/100\n|move|p1a: Corviknight|Defog|p2a: Lopunny\n|-unboost|p2a: Lopunny|evasion|1\n|-sideend|p1: luseele1|Stealth Rock|[from] move: Defog|[of] p1a: Corviknight\n|\n|-damage|p1a: Corviknight|69\/100 par|[from] Leech Seed|[of] p2a: Lopunny\n|upkeep\n|turn|27\n|\n|t:|1700359626\n|switch|p1a: Thundurus|Thundurus-Therian, M|16\/100\n|detailschange|p2a: Lopunny|Lopunny-Mega, M\n|-mega|p2a: Lopunny|Lopunny|Lopunnite\n|move|p2a: Lopunny|Close Combat|p1a: Thundurus\n|-resisted|p1a: Thundurus\n|-damage|p1a: Thundurus|0 fnt\n|-unboost|p2a: Lopunny|def|1\n|-unboost|p2a: Lopunny|spd|1\n|faint|p1a: Thundurus\n|\n|upkeep\n|\n|t:|1700359629\n|switch|p1a: Corviknight|Corviknight, F|69\/100 par\n|-ability|p1a: Corviknight|Pressure\n|turn|28\n|\n|t:|1700359637\n|move|p2a: Lopunny|Close Combat|p1a: Corviknight\n|-crit|p1a: Corviknight\n|-damage|p1a: Corviknight|6\/100 par\n|-unboost|p2a: Lopunny|def|1\n|-unboost|p2a: Lopunny|spd|1\n|-damage|p2a: Lopunny|84\/100|[from] item: Rocky Helmet|[of] p1a: Corviknight\n|move|p1a: Corviknight|Body Press|p2a: Lopunny\n|-supereffective|p2a: Lopunny\n|-damage|p2a: Lopunny|0 fnt\n|faint|p2a: Lopunny\n|\n|upkeep\n|l|\u2606luseele1\n|inactive|luseele1 disconnected and has a minute to reconnect!\n|player|p1|\n|\n|t:|1700359646\n|switch|p2a: Rotom|Rotom-Wash|26\/100\n|turn|29\n|j|\u2606luseele1\n|inactive|luseele1 reconnected and has 145 seconds left.\n|player|p1|luseele1|pokekid\n|\n|t:|1700359659\n|move|p2a: Rotom|Volt Switch|p1a: Corviknight\n|-supereffective|p1a: Corviknight\n|-damage|p1a: Corviknight|0 fnt\n|faint|p1a: Corviknight\n|\n|t:|1700359666\n|switch|p2a: Ferrothorn|Ferrothorn, F|100\/100|[from] Volt Switch\n|\n|upkeep\n|\n|t:|1700359668\n|switch|p1a: Tapu Lele|Tapu Lele|100\/100\n|-fieldstart|move: Psychic Terrain|[from] ability: Psychic Surge|[of] p1a: Tapu Lele\n|turn|30\n|\n|t:|1700359672\n|switch|p2a: Rotom|Rotom-Wash|26\/100\n|move|p1a: Tapu Lele|Hidden Power|p2a: Rotom\n|-resisted|p2a: Rotom\n|-damage|p2a: Rotom|15\/100\n|\n|-heal|p2a: Rotom|21\/100|[from] item: Leftovers\n|upkeep\n|turn|31\n|\n|t:|1700359677\n|switch|p1a: Lopunny|Lopunny-Mega, F|100\/100\n|move|p2a: Rotom|Thunder Wave|p1a: Lopunny\n|-status|p1a: Lopunny|par\n|\n|-heal|p2a: Rotom|27\/100|[from] item: Leftovers\n|upkeep\n|turn|32\n|\n|t:|1700359684\n|move|p2a: Rotom|Volt Switch|p1a: Lopunny\n|-damage|p1a: Lopunny|67\/100 par\n|\n|t:|1700359687\n|switch|p2a: Great Tusk|Great Tusk|60\/100|[from] Volt Switch\n|move|p1a: Lopunny|Frustration|p2a: Great Tusk\n|-damage|p2a: Great Tusk|34\/100\n|\n|-heal|p2a: Great Tusk|40\/100|[from] item: Leftovers\n|upkeep\n|turn|33\n|\n|t:|1700359707\n|move|p2a: Great Tusk|Earthquake|p1a: Lopunny\n|-damage|p1a: Lopunny|10\/100 par\n|move|p1a: Lopunny|Close Combat|p2a: Great Tusk\n|-damage|p2a: Great Tusk|6\/100\n|-unboost|p1a: Lopunny|def|1\n|-unboost|p1a: Lopunny|spd|1\n|\n|-heal|p2a: Great Tusk|13\/100|[from] item: Leftovers\n|upkeep\n|turn|34\n|\n|t:|1700359713\n|move|p2a: Great Tusk|Rapid Spin|p1a: Lopunny\n|-damage|p1a: Lopunny|0 fnt\n|-boost|p2a: Great Tusk|spe|1\n|faint|p1a: Lopunny\n|\n|-heal|p2a: Great Tusk|19\/100|[from] item: Leftovers\n|-fieldend|move: Psychic Terrain\n|upkeep\n|\n|t:|1700359715\n|switch|p1a: Tapu Lele|Tapu Lele|100\/100\n|-fieldstart|move: Psychic Terrain|[from] ability: Psychic Surge|[of] p1a: Tapu Lele\n|turn|35\n|\n|t:|1700359724\n|move|p1a: Tapu Lele|Shadow Ball|p2a: Great Tusk\n|-damage|p2a: Great Tusk|0 fnt\n|faint|p2a: Great Tusk\n|-end|p2a: Great Tusk|Protosynthesis|[silent]\n|\n|upkeep\n|\n|t:|1700359727\n|switch|p2a: Ferrothorn|Ferrothorn, F|100\/100\n|turn|36\n|\n|t:|1700359729\n|move|p1a: Tapu Lele|Shadow Ball|p2a: Ferrothorn\n|-damage|p2a: Ferrothorn|80\/100\n|move|p2a: Ferrothorn|Gyro Ball|p1a: Tapu Lele\n|-supereffective|p1a: Tapu Lele\n|-damage|p1a: Tapu Lele|0 fnt\n|faint|p1a: Tapu Lele\n|\n|win|ShelmetBeta\n|raw|luseele1's rating: 1126 &rarr; <strong>1099<\/strong><br \/>(-27 for losing)\n|raw|ShelmetBeta's rating: 1096 &rarr; <strong>1124<\/strong><br \/>(+28 for winning)\n|c|\u2606ShelmetBeta|ggwp\n|l|\u2606luseele1\n","uploadtime":1700359738,"views":9,"p1id":"luseele1","p2id":"shelmetbeta","formatid":"gen9nationaldex","rating":1099,"private":0,"password":""}