{"id":"gen9nationaldex-1988504412","p1":"sprayreal","p2":"nbdg","format":"[Gen 9] National Dex","log":"|j|\u2606sprayreal\n|j|\u2606nbdg\n|t:|1699730031\n|gametype|singles\n|player|p1|sprayreal|pokemonranger-gen4|\n|player|p2|nbdg|102|\n|teamsize|p1|3\n|teamsize|p2|3\n|gen|9\n|tier|[Gen 9] National Dex\n|rule|HP Percentage Mod: HP is shown in percentages\n|rule|Endless Battle Clause: Forcing endless battles is banned\n|rule|OHKO Clause: OHKO moves are banned\n|rule|Evasion Clause: Evasion abilities, items, and moves are banned\n|rule|Evasion Abilities Clause: Evasion abilities are banned\n|rule|Evasion Items Clause: Evasion items are banned\n|rule|Evasion Moves Clause: Evasion moves are banned\n|rule|Species Clause: Limit one of each Pok\u00e9mon\n|rule|Sleep Clause Mod: Limit one foe put to sleep\n|clearpoke\n|poke|p1|Mudkip, L5, F|\n|poke|p1|Ogerpon-Cornerstone, F|\n|poke|p1|Noivern, F|\n|poke|p2|Ogerpon, F|\n|poke|p2|Dragonite, M|\n|poke|p2|Klefki, F|\n|teampreview\n|c|\u2606sprayreal|hm\n|c|\u2606sprayreal|ok\n|\n|t:|1699730051\n|start\n|switch|p1a: wolfie|Mudkip, L5, F|100\/100\n|switch|p2a: Klefki|Klefki, F|100\/100\n|turn|1\n|\n|t:|1699730058\n|move|p2a: Klefki|Reflect|p2a: Klefki\n|-sidestart|p2: nbdg|Reflect\n|move|p1a: wolfie|Endeavor|p2a: Klefki\n|-damage|p2a: Klefki|9\/100\n|\n|-heal|p2a: Klefki|15\/100|[from] item: Leftovers\n|upkeep\n|turn|2\n|\n|t:|1699730068\n|switch|p1a: alonso|Noivern, F|100\/100\n|move|p2a: Klefki|Flash Cannon|p1a: alonso\n|-damage|p1a: alonso|68\/100\n|\n|-heal|p2a: Klefki|20\/100|[from] item: Leftovers\n|upkeep\n|turn|3\n|\n|t:|1699730076\n|move|p2a: Klefki|Toxic|p1a: alonso\n|-status|p1a: alonso|tox\n|move|p1a: alonso|Flamethrower|p2a: Klefki\n|-supereffective|p2a: Klefki\n|-damage|p2a: Klefki|0 fnt\n|faint|p2a: Klefki\n|\n|-damage|p1a: alonso|62\/100 tox|[from] psn\n|upkeep\n|\n|t:|1699730086\n|switch|p2a: Dragonite|Dragonite, M|100\/100\n|turn|4\n|\n|t:|1699730095\n|-terastallize|p2a: Dragonite|Dragon\n|move|p2a: Dragonite|Dragon Rush|p1a: alonso|[miss]\n|-miss|p2a: Dragonite|p1a: alonso\n|move|p1a: alonso|Draco Meteor|p2a: Dragonite\n|-supereffective|p2a: Dragonite\n|-damage|p2a: Dragonite|44\/100\n|-unboost|p1a: alonso|spa|2\n|\n|-damage|p1a: alonso|50\/100 tox|[from] psn\n|upkeep\n|turn|5\n|c|\u2606nbdg|die\n|c|\u2606nbdg|die\n|c|\u2606sprayreal|unfortunate\n|c|\u2606nbdg|die\n|c|\u2606nbdg|die\n|c|\u2606nbdg|Please do not say kays\n|\n|t:|1699730115\n|move|p2a: Dragonite|Dragon Rush|p1a: alonso\n|-supereffective|p1a: alonso\n|-damage|p1a: alonso|0 fnt\n|faint|p1a: alonso\n|\n|-sideend|p2: nbdg|Reflect\n|upkeep\n|c|\u2606nbdg|lol i thought it 1 shot wth\n|\n|t:|1699730125\n|switch|p1a: noob|Ogerpon-Cornerstone, F|100\/100\n|turn|6\n|c|\u2606nbdg|im so lucky :3\n|\n|t:|1699730135\n|-terastallize|p1a: noob|Rock\n|detailschange|p1a: noob|Ogerpon-Cornerstone-Tera, F, tera:Rock\n|-ability|p1a: noob|Embody Aspect (Cornerstone)|boost\n|-boost|p1a: noob|def|1\n|move|p2a: Dragonite|Dragon Rush|p1a: noob\n|-damage|p1a: noob|38\/100\n|move|p1a: noob|Ivy Cudgel|p2a: Dragonite\n|-damage|p2a: Dragonite|0 fnt\n|faint|p2a: Dragonite\n|\n|upkeep\n|\n|t:|1699730146\n|switch|p2a: Ogerpon|Ogerpon, F|100\/100\n|turn|7\n|\n|t:|1699730153\n|move|p2a: Ogerpon|Ivy Cudgel|p1a: noob\n|-supereffective|p1a: noob\n|-damage|p1a: noob|0 fnt\n|faint|p1a: noob\n|\n|upkeep\n|c|\u2606sprayreal|erm\n|c|\u2606nbdg|:3\n|c|\u2606sprayreal|wait\n|c|\u2606sprayreal|wait no\n|c|\u2606sprayreal|NO\n|c|\u2606nbdg|:3\n|\n|t:|1699730175\n|switch|p1a: wolfie|Mudkip, L5, F|100\/100\n|turn|8\n|c|\u2606sprayreal|dude\n|c|\u2606nbdg|get jiggy with it! :3\n|\n|t:|1699730195\n|move|p1a: wolfie|Protect|p1a: wolfie\n|-singleturn|p1a: wolfie|Protect\n|move|p2a: Ogerpon|Ivy Cudgel|p1a: wolfie\n|-activate|p1a: wolfie|move: Protect\n|\n|upkeep\n|turn|9\n|\n|t:|1699730207\n|move|p2a: Ogerpon|Ivy Cudgel|p1a: wolfie\n|-supereffective|p1a: wolfie\n|-crit|p1a: wolfie\n|-enditem|p1a: wolfie|Focus Sash\n|-damage|p1a: wolfie|5\/100\n|move|p1a: wolfie|Toxic|p2a: Ogerpon\n|-status|p2a: Ogerpon|tox\n|\n|-damage|p2a: Ogerpon|95\/100 tox|[from] psn\n|upkeep\n|turn|10\n|\n|t:|1699730217\n|move|p1a: wolfie|Protect|p1a: wolfie\n|-singleturn|p1a: wolfie|Protect\n|move|p2a: Ogerpon|Brick Break|p1a: wolfie\n|-activate|p1a: wolfie|move: Protect\n|\n|-damage|p2a: Ogerpon|83\/100 tox|[from] psn\n|upkeep\n|turn|11\n|c|\u2606nbdg|excuse me?\n|c|\u2606nbdg|LMAO\n|c|\u2606nbdg|WHY DIDNT IT\n|c|\u2606nbdg|PHASE\n|\n|t:|1699730239\n|move|p2a: Ogerpon|Ivy Cudgel|p1a: wolfie\n|-supereffective|p1a: wolfie\n|-damage|p1a: wolfie|0 fnt\n|faint|p1a: wolfie\n|\n|win|nbdg\n|c|\u2606sprayreal|............................................................\n","uploadtime":1699730251,"views":14,"p1id":"sprayreal","p2id":"nbdg","formatid":"gen9nationaldex","rating":0,"private":0,"password":""}