{"id":"gen9nationaldex-2000260837","p1":"Madow089","p2":"tomturtl","format":"[Gen 9] National Dex","log":"|html|<div class=\"broadcast-blue\"><strong>[Gen 9] National Dex is currently suspecting Sneasler! For information on how to participate check out the <a href=\"https:\/\/www.smogon.com\/forums\/threads\/sv-national-dex-suspect-8-just-dance.3731534\/\">suspect thread<\/a>.<\/strong><\/div>\n|j|\u2606Madow089\n|j|\u2606tomturtl\n|t:|1701178760\n|gametype|singles\n|player|p1|Madow089|gambler|1291\n|player|p2|tomturtl|n|1190\n|teamsize|p1|6\n|teamsize|p2|6\n|gen|9\n|tier|[Gen 9] National Dex\n|rated|\n|rule|HP Percentage Mod: HP is shown in percentages\n|rule|Endless Battle Clause: Forcing endless battles is banned\n|rule|OHKO Clause: OHKO moves are banned\n|rule|Evasion Clause: Evasion abilities, items, and moves are banned\n|rule|Evasion Abilities Clause: Evasion abilities are banned\n|rule|Evasion Items Clause: Evasion items are banned\n|rule|Evasion Moves Clause: Evasion moves are banned\n|rule|Species Clause: Limit one of each Pok\u00e9mon\n|rule|Sleep Clause Mod: Limit one foe put to sleep\n|clearpoke\n|poke|p1|Blaziken, M|\n|poke|p1|Mawile, M|\n|poke|p1|Mimikyu, M|\n|poke|p1|Lilligant-Hisui, F|\n|poke|p1|Nihilego|\n|poke|p1|Cobalion|\n|poke|p2|Kricketune, M|\n|poke|p2|Heracross, F|\n|poke|p2|Nihilego|\n|poke|p2|Tyranitar, M|\n|poke|p2|Zapdos|\n|poke|p2|Garchomp, F|\n|teampreview\n|inactive|Battle timer is ON: inactive players will automatically lose when time's up. (requested by Madow089)\n|c|\u2606tomturtl|Nihilego \ud83d\udc4d\n|inactive|tomturtl has 120 seconds left.\n|\n|t:|1701178790\n|start\n|switch|p1a: Cobalion|Cobalion|100\/100\n|switch|p2a: \u2819\u2811\u2807\u2811\u2807\u2811\u283a\u2815\u2815\u280f|Kricketune, M|100\/100\n|turn|1\n|\n|t:|1701178798\n|move|p1a: Cobalion|Stealth Rock|p2a: \u2819\u2811\u2807\u2811\u2807\u2811\u283a\u2815\u2815\u280f\n|-sidestart|p2: tomturtl|move: Stealth Rock\n|move|p2a: \u2819\u2811\u2807\u2811\u2807\u2811\u283a\u2815\u2815\u280f|Sticky Web|p1a: Cobalion\n|-sidestart|p1: Madow089|move: Sticky Web\n|\n|upkeep\n|turn|2\n|\n|t:|1701178810\n|move|p1a: Cobalion|Iron Head|p2a: \u2819\u2811\u2807\u2811\u2807\u2811\u283a\u2815\u2815\u280f\n|-damage|p2a: \u2819\u2811\u2807\u2811\u2807\u2811\u283a\u2815\u2815\u280f|60\/100\n|move|p2a: \u2819\u2811\u2807\u2811\u2807\u2811\u283a\u2815\u2815\u280f|Endeavor|p1a: Cobalion\n|-damage|p1a: Cobalion|67\/100\n|\n|-heal|p1a: Cobalion|73\/100|[from] item: Leftovers\n|upkeep\n|turn|3\n|\n|t:|1701178820\n|move|p1a: Cobalion|Volt Switch|p2a: \u2819\u2811\u2807\u2811\u2807\u2811\u283a\u2815\u2815\u280f\n|-damage|p2a: \u2819\u2811\u2807\u2811\u2807\u2811\u283a\u2815\u2815\u280f|44\/100\n|\n|t:|1701178828\n|switch|p1a: Nihilego|Nihilego|100\/100|[from] Volt Switch\n|-activate|p1a: Nihilego|move: Sticky Web\n|-unboost|p1a: Nihilego|spe|1\n|move|p2a: \u2819\u2811\u2807\u2811\u2807\u2811\u283a\u2815\u2815\u280f|Endeavor|p1a: Nihilego\n|-damage|p1a: Nihilego|44\/100\n|\n|upkeep\n|turn|4\n|\n|t:|1701178840\n|switch|p2a: Darude|Tyranitar, M, shiny|100\/100\n|-damage|p2a: Darude|88\/100|[from] Stealth Rock\n|-weather|Sandstorm|[from] ability: Sand Stream|[of] p2a: Darude\n|move|p1a: Nihilego|Meteor Beam||[still]\n|-prepare|p1a: Nihilego|Meteor Beam\n|-boost|p1a: Nihilego|spa|1\n|-enditem|p1a: Nihilego|Power Herb\n|-anim|p1a: Nihilego|Meteor Beam|p2a: Darude\n|-damage|p2a: Darude|54\/100\n|\n|-weather|Sandstorm|[upkeep]\n|upkeep\n|turn|5\n|\n|t:|1701178859\n|move|p1a: Nihilego|Power Gem|p2a: Darude\n|-damage|p2a: Darude|27\/100\n|move|p2a: Darude|Earthquake|p1a: Nihilego\n|-supereffective|p1a: Nihilego\n|-damage|p1a: Nihilego|0 fnt\n|faint|p1a: Nihilego\n|\n|-weather|Sandstorm|[upkeep]\n|upkeep\n|\n|t:|1701178876\n|switch|p1a: Blaziken|Blaziken, M|100\/100\n|-activate|p1a: Blaziken|move: Sticky Web\n|-unboost|p1a: Blaziken|spe|1\n|turn|6\n|\n|t:|1701178882\n|switch|p2a: \u2819\u2811\u2807\u2811\u2807\u2811\u283a\u2815\u2815\u280f|Kricketune, M|44\/100\n|-damage|p2a: \u2819\u2811\u2807\u2811\u2807\u2811\u283a\u2815\u2815\u280f|19\/100|[from] Stealth Rock\n|move|p1a: Blaziken|Protect||[still]\n|-fail|p1a: Blaziken\n|\n|-weather|Sandstorm|[upkeep]\n|-damage|p1a: Blaziken|95\/100|[from] Sandstorm\n|-damage|p2a: \u2819\u2811\u2807\u2811\u2807\u2811\u283a\u2815\u2815\u280f|13\/100|[from] Sandstorm\n|-ability|p1a: Blaziken|Speed Boost|boost\n|-boost|p1a: Blaziken|spe|1\n|upkeep\n|turn|7\n|-enditem|p2a: \u2819\u2811\u2807\u2811\u2807\u2811\u283a\u2815\u2815\u280f|Custap Berry|[eat]\n|-activate|p2a: \u2819\u2811\u2807\u2811\u2807\u2811\u283a\u2815\u2815\u280f|item: Custap Berry|[consumed]\n|\n|t:|1701178891\n|move|p2a: \u2819\u2811\u2807\u2811\u2807\u2811\u283a\u2815\u2815\u280f|Endeavor|p1a: Blaziken\n|-damage|p1a: Blaziken|16\/100\n|move|p1a: Blaziken|Swords Dance|p1a: Blaziken\n|-boost|p1a: Blaziken|atk|2\n|\n|-weather|Sandstorm|[upkeep]\n|-damage|p1a: Blaziken|10\/100|[from] Sandstorm\n|-damage|p2a: \u2819\u2811\u2807\u2811\u2807\u2811\u283a\u2815\u2815\u280f|7\/100|[from] Sandstorm\n|-ability|p1a: Blaziken|Speed Boost|boost\n|-boost|p1a: Blaziken|spe|1\n|upkeep\n|turn|8\n|\n|t:|1701178907\n|move|p1a: Blaziken|Blaze Kick|p2a: \u2819\u2811\u2807\u2811\u2807\u2811\u283a\u2815\u2815\u280f\n|-supereffective|p2a: \u2819\u2811\u2807\u2811\u2807\u2811\u283a\u2815\u2815\u280f\n|-damage|p2a: \u2819\u2811\u2807\u2811\u2807\u2811\u283a\u2815\u2815\u280f|0 fnt\n|faint|p2a: \u2819\u2811\u2807\u2811\u2807\u2811\u283a\u2815\u2815\u280f\n|-damage|p1a: Blaziken|0 fnt|[from] item: Life Orb\n|faint|p1a: Blaziken\n|\n|-weather|none\n|upkeep\n|\n|t:|1701178922\n|switch|p1a: Lilligant|Lilligant-Hisui, F, shiny|100\/100\n|switch|p2a: Thunderbird|Zapdos|100\/100\n|-activate|p1a: Lilligant|move: Sticky Web\n|-unboost|p1a: Lilligant|spe|1\n|turn|9\n|\n|t:|1701178936\n|-terastallize|p1a: Lilligant|Ice\n|move|p2a: Thunderbird|Heat Wave|p1a: Lilligant\n|-supereffective|p1a: Lilligant\n|-damage|p1a: Lilligant|13\/100\n|move|p1a: Lilligant|Victory Dance|p1a: Lilligant\n|-boost|p1a: Lilligant|atk|1\n|-boost|p1a: Lilligant|def|1\n|-boost|p1a: Lilligant|spe|1\n|\n|upkeep\n|turn|10\n|\n|t:|1701178948\n|-terastallize|p2a: Thunderbird|Ice\n|move|p1a: Lilligant|Ice Spinner|p2a: Thunderbird\n|-resisted|p2a: Thunderbird\n|-damage|p2a: Thunderbird|61\/100\n|move|p2a: Thunderbird|Volt Switch|p1a: Lilligant\n|-damage|p1a: Lilligant|0 fnt\n|faint|p1a: Lilligant\n|\n|t:|1701178959\n|switch|p2a: Darude|Tyranitar, M, shiny|27\/100|[from] Volt Switch\n|-damage|p2a: Darude|15\/100|[from] Stealth Rock\n|-weather|Sandstorm|[from] ability: Sand Stream|[of] p2a: Darude\n|\n|-weather|Sandstorm|[upkeep]\n|upkeep\n|\n|t:|1701178973\n|switch|p1a: Mawile|Mawile, M|100\/100\n|-activate|p1a: Mawile|move: Sticky Web\n|-unboost|p1a: Mawile|spe|1\n|turn|11\n|\n|t:|1701178980\n|detailschange|p1a: Mawile|Mawile-Mega, M\n|-mega|p1a: Mawile|Mawile|Mawilite\n|move|p1a: Mawile|Sucker Punch|p2a: Darude\n|-resisted|p2a: Darude\n|-damage|p2a: Darude|0 fnt\n|faint|p2a: Darude\n|\n|-weather|Sandstorm|[upkeep]\n|upkeep\n|\n|t:|1701178986\n|switch|p2a: Garchomp|Garchomp, F|100\/100\n|-damage|p2a: Garchomp|94\/100|[from] Stealth Rock\n|turn|12\n|\n|t:|1701178995\n|move|p2a: Garchomp|Earthquake|p1a: Mawile\n|-supereffective|p1a: Mawile\n|-damage|p1a: Mawile|9\/100\n|move|p1a: Mawile|Play Rough|p2a: Garchomp\n|-supereffective|p2a: Garchomp\n|-damage|p2a: Garchomp|0 fnt\n|-damage|p1a: Mawile|0 fnt|[from] ability: Rough Skin|[of] p2a: Garchomp\n|faint|p2a: Garchomp\n|faint|p1a: Mawile\n|\n|-weather|Sandstorm|[upkeep]\n|upkeep\n|\n|t:|1701179011\n|switch|p2a: Dohrnii|Nihilego, shiny|100\/100\n|switch|p1a: Cobalion|Cobalion|73\/100\n|-activate|p1a: Cobalion|move: Sticky Web\n|-unboost|p1a: Cobalion|spe|1\n|-damage|p2a: Dohrnii|88\/100|[from] Stealth Rock\n|turn|13\n|\n|t:|1701179023\n|move|p2a: Dohrnii|Psychic|p1a: Cobalion\n|-damage|p1a: Cobalion|29\/100\n|move|p1a: Cobalion|Iron Head|p2a: Dohrnii\n|-supereffective|p2a: Dohrnii\n|-damage|p2a: Dohrnii|0 fnt\n|faint|p2a: Dohrnii\n|\n|-weather|Sandstorm|[upkeep]\n|-heal|p1a: Cobalion|35\/100|[from] item: Leftovers\n|upkeep\n|\n|t:|1701179031\n|switch|p2a: rock thrower|Heracross, F|100\/100\n|-damage|p2a: rock thrower|88\/100|[from] Stealth Rock\n|turn|14\n|\n|t:|1701179041\n|detailschange|p2a: rock thrower|Heracross-Mega, F\n|-mega|p2a: rock thrower|Heracross|Heracronite\n|move|p2a: rock thrower|Close Combat|p1a: Cobalion\n|-supereffective|p1a: Cobalion\n|-damage|p1a: Cobalion|0 fnt\n|-unboost|p2a: rock thrower|def|1\n|-unboost|p2a: rock thrower|spd|1\n|faint|p1a: Cobalion\n|\n|-weather|none\n|upkeep\n|\n|t:|1701179045\n|switch|p1a: Mimikyu|Mimikyu, M|100\/100\n|-activate|p1a: Mimikyu|move: Sticky Web\n|-unboost|p1a: Mimikyu|spe|1\n|turn|15\n|\n|t:|1701179057\n|move|p2a: rock thrower|Rock Blast|p1a: Mimikyu\n|-activate|p1a: Mimikyu|ability: Disguise\n|-damage|p1a: Mimikyu|100\/100\n|detailschange|p1a: Mimikyu|Mimikyu-Busted, M\n|-damage|p1a: Mimikyu|88\/100|[from] pokemon: Mimikyu-Busted\n|-damage|p1a: Mimikyu|69\/100\n|-damage|p1a: Mimikyu|51\/100\n|-damage|p1a: Mimikyu|33\/100\n|-damage|p1a: Mimikyu|14\/100\n|-hitcount|p1a: Mimikyu|5\n|-zpower|p1a: Mimikyu\n|move|p1a: Mimikyu|Let's Snuggle Forever|p2a: rock thrower|[zeffect]\n|-supereffective|p2a: rock thrower\n|-crit|p2a: rock thrower\n|-damage|p2a: rock thrower|0 fnt\n|faint|p2a: rock thrower\n|\n|upkeep\n|\n|t:|1701179064\n|switch|p2a: Thunderbird|Zapdos, tera:Ice|61\/100\n|turn|16\n|\n|t:|1701179088\n|move|p1a: Mimikyu|Shadow Sneak|p2a: Thunderbird\n|-damage|p2a: Thunderbird|45\/100\n|-status|p1a: Mimikyu|par|[from] ability: Static|[of] p2a: Thunderbird\n|move|p2a: Thunderbird|Tera Blast|p1a: Mimikyu|[anim] Tera Blast Ice\n|-damage|p1a: Mimikyu|0 fnt\n|faint|p1a: Mimikyu\n|\n|win|tomturtl\n|raw|Madow089's rating: 1291 &rarr; <strong>1259<\/strong><br \/>(-32 for losing)\n|raw|tomturtl's rating: 1190 &rarr; <strong>1222<\/strong><br \/>(+32 for winning)\n|l|\u2606Madow089\n","uploadtime":1701179099,"views":5,"p1id":"madow089","p2id":"tomturtl","formatid":"gen9nationaldex","rating":1222,"private":0,"password":""}