{"id":"gen9nationaldex-1987946587","p1":"HolyChomper","p2":"thurx","format":"[Gen 9] National Dex","log":"|j|\u2606HolyChomper\n|j|\u2606thurx\n|t:|1699651931\n|gametype|singles\n|player|p1|HolyChomper|crasherwake|1203\n|player|p2|thurx|170|1185\n|teamsize|p1|6\n|teamsize|p2|6\n|gen|9\n|tier|[Gen 9] National Dex\n|rated|\n|rule|HP Percentage Mod: HP is shown in percentages\n|rule|Endless Battle Clause: Forcing endless battles is banned\n|rule|OHKO Clause: OHKO moves are banned\n|rule|Evasion Clause: Evasion abilities, items, and moves are banned\n|rule|Evasion Abilities Clause: Evasion abilities are banned\n|rule|Evasion Items Clause: Evasion items are banned\n|rule|Evasion Moves Clause: Evasion moves are banned\n|rule|Species Clause: Limit one of each Pok\u00e9mon\n|rule|Sleep Clause Mod: Limit one foe put to sleep\n|clearpoke\n|poke|p1|Pelipper, M|\n|poke|p1|Swampert, M|\n|poke|p1|Overqwil, F|\n|poke|p1|Goodra, F|\n|poke|p1|Kilowattrel, F|\n|poke|p1|Scizor, F|\n|poke|p2|Landorus-Therian, M|\n|poke|p2|Alomomola, F|\n|poke|p2|Urshifu-*, F|\n|poke|p2|Skeledirge, F|\n|poke|p2|Ferrothorn, F|\n|poke|p2|Tapu Koko|\n|teampreview\n|c|\u2606HolyChomper|glhf\n|\n|t:|1699651947\n|start\n|switch|p1a: Goodra|Goodra, F|100\/100\n|switch|p2a: Alomomola|Alomomola, F|100\/100\n|turn|1\n|\n|t:|1699651952\n|move|p1a: Goodra|Thunder|p2a: Alomomola\n|-supereffective|p2a: Alomomola\n|-damage|p2a: Alomomola|0 fnt\n|faint|p2a: Alomomola\n|\n|upkeep\n|c|\u2606HolyChomper|YEEEEE\n|inactive|Battle timer is ON: inactive players will automatically lose when time's up. (requested by HolyChomper)\n|inactive|thurx has 120 seconds left.\n|inactive|thurx has 90 seconds left.\n|inactive|thurx has 60 seconds left.\n|inactive|thurx has 30 seconds left.\n|\n|t:|1699652120\n|switch|p2a: Ferrothorn|Ferrothorn, F|100\/100\n|turn|2\n|\n|t:|1699652135\n|switch|p1a: Scizor|Scizor, F|100\/100\n|move|p2a: Ferrothorn|Leech Seed|p1a: Scizor\n|-start|p1a: Scizor|move: Leech Seed\n|\n|-damage|p1a: Scizor|88\/100|[from] Leech Seed|[of] p2a: Ferrothorn\n|upkeep\n|turn|3\n|\n|t:|1699652142\n|move|p1a: Scizor|Swords Dance|p1a: Scizor\n|-boost|p1a: Scizor|atk|2\n|move|p2a: Ferrothorn|Body Press|p1a: Scizor\n|-damage|p1a: Scizor|62\/100\n|\n|-heal|p1a: Scizor|68\/100|[from] item: Leftovers\n|-damage|p1a: Scizor|55\/100|[from] Leech Seed|[of] p2a: Ferrothorn\n|upkeep\n|turn|4\n|\n|t:|1699652151\n|move|p2a: Ferrothorn|Protect|p2a: Ferrothorn\n|-singleturn|p2a: Ferrothorn|Protect\n|move|p1a: Scizor|Close Combat|p2a: Ferrothorn\n|-activate|p2a: Ferrothorn|move: Protect\n|\n|-heal|p1a: Scizor|61\/100|[from] item: Leftovers\n|-damage|p1a: Scizor|49\/100|[from] Leech Seed|[of] p2a: Ferrothorn\n|upkeep\n|turn|5\n|c|\u2606HolyChomper|wp\n|inactive|thurx has 120 seconds left.\n|\n|t:|1699652158\n|switch|p2a: Skeledirge|Skeledirge, F|100\/100\n|move|p1a: Scizor|U-turn|p2a: Skeledirge\n|-resisted|p2a: Skeledirge\n|-damage|p2a: Skeledirge|94\/100\n|\n|t:|1699652164\n|switch|p1a: Pelipper|Pelipper, M|100\/100|[from] U-turn\n|-weather|RainDance|[from] ability: Drizzle|[of] p1a: Pelipper\n|\n|-weather|RainDance|[upkeep]\n|-heal|p2a: Skeledirge|99\/100|[from] item: Leftovers\n|upkeep\n|turn|6\n|\n|t:|1699652176\n|switch|p1a: Swampert|Swampert, M|100\/100\n|-terastallize|p2a: Skeledirge|Water\n|move|p2a: Skeledirge|Will-O-Wisp|p1a: Swampert\n|-status|p1a: Swampert|brn\n|\n|-weather|RainDance|[upkeep]\n|-heal|p2a: Skeledirge|100\/100|[from] item: Leftovers\n|-damage|p1a: Swampert|94\/100 brn|[from] brn\n|upkeep\n|turn|7\n|\n|t:|1699652186\n|detailschange|p1a: Swampert|Swampert-Mega, M\n|-mega|p1a: Swampert|Swampert|Swampertite\n|move|p1a: Swampert|Flip Turn|p2a: Skeledirge\n|-resisted|p2a: Skeledirge\n|-damage|p2a: Skeledirge|91\/100\n|\n|t:|1699652192\n|switch|p1a: Kilowattrel|Kilowattrel, F|100\/100|[from] Flip Turn\n|move|p2a: Skeledirge|Hex|p1a: Kilowattrel\n|-damage|p1a: Kilowattrel|50\/100\n|\n|-weather|RainDance|[upkeep]\n|-heal|p2a: Skeledirge|97\/100|[from] item: Leftovers\n|upkeep\n|turn|8\n|\n|t:|1699652199\n|switch|p2a: Landorus|Landorus-Therian, M|100\/100\n|-ability|p2a: Landorus|Intimidate|boost\n|-unboost|p1a: Kilowattrel|atk|1\n|move|p1a: Kilowattrel|Thunder|p2a: Landorus\n|-immune|p2a: Landorus\n|\n|-weather|RainDance|[upkeep]\n|upkeep\n|turn|9\n|\n|t:|1699652207\n|move|p1a: Kilowattrel|Weather Ball|p2a: Landorus\n|-supereffective|p2a: Landorus\n|-damage|p2a: Landorus|0 fnt\n|faint|p2a: Landorus\n|-damage|p1a: Kilowattrel|40\/100|[from] item: Life Orb\n|\n|-weather|RainDance|[upkeep]\n|upkeep\n|\n|t:|1699652213\n|switch|p2a: Tapu Koko|Tapu Koko|100\/100\n|-fieldstart|move: Electric Terrain|[from] ability: Electric Surge|[of] p2a: Tapu Koko\n|turn|10\n|\n|t:|1699652223\n|move|p1a: Kilowattrel|Weather Ball|p2a: Tapu Koko\n|-damage|p2a: Tapu Koko|15\/100\n|-damage|p1a: Kilowattrel|30\/100|[from] item: Life Orb\n|move|p2a: Tapu Koko|Dazzling Gleam|p1a: Kilowattrel\n|-damage|p1a: Kilowattrel|0 fnt\n|faint|p1a: Kilowattrel\n|\n|-weather|RainDance|[upkeep]\n|upkeep\n|\n|t:|1699652238\n|switch|p1a: Overqwil|Overqwil, F|100\/100\n|turn|11\n|\n|t:|1699652241\n|move|p1a: Overqwil|Aqua Jet|p2a: Tapu Koko\n|-damage|p2a: Tapu Koko|0 fnt\n|faint|p2a: Tapu Koko\n|\n|-weather|RainDance|[upkeep]\n|upkeep\n|\n|t:|1699652245\n|switch|p2a: Ferrothorn|Ferrothorn, F|100\/100\n|turn|12\n|\n|t:|1699652266\n|switch|p1a: Swampert|Swampert-Mega, M|94\/100 brn\n|move|p2a: Ferrothorn|Stealth Rock|p1a: Swampert\n|-sidestart|p1: HolyChomper|move: Stealth Rock\n|\n|-weather|none\n|-damage|p1a: Swampert|88\/100 brn|[from] brn\n|upkeep\n|turn|13\n|\n|t:|1699652272\n|move|p1a: Swampert|Flip Turn|p2a: Ferrothorn\n|-resisted|p2a: Ferrothorn\n|-damage|p2a: Ferrothorn|95\/100\n|-damage|p1a: Swampert|76\/100 brn|[from] ability: Iron Barbs|[of] p2a: Ferrothorn\n|-damage|p1a: Swampert|59\/100 brn|[from] item: Rocky Helmet|[of] p2a: Ferrothorn\n|\n|t:|1699652278\n|switch|p1a: Pelipper|Pelipper, M|100\/100|[from] Flip Turn\n|-damage|p1a: Pelipper|75\/100|[from] Stealth Rock\n|-weather|RainDance|[from] ability: Drizzle|[of] p1a: Pelipper\n|move|p2a: Ferrothorn|Leech Seed|p1a: Pelipper\n|-start|p1a: Pelipper|move: Leech Seed\n|\n|-weather|RainDance|[upkeep]\n|-damage|p1a: Pelipper|63\/100|[from] Leech Seed|[of] p2a: Ferrothorn\n|-heal|p2a: Ferrothorn|100\/100|[silent]\n|upkeep\n|turn|14\n|\n|t:|1699652288\n|move|p1a: Pelipper|Defog|p2a: Ferrothorn\n|-unboost|p2a: Ferrothorn|evasion|1\n|-sideend|p1: HolyChomper|Stealth Rock|[from] move: Defog|[of] p1a: Pelipper\n|-fieldend|move: Electric Terrain\n|move|p2a: Ferrothorn|Body Press|p1a: Pelipper\n|-resisted|p1a: Pelipper\n|-damage|p1a: Pelipper|53\/100\n|\n|-weather|RainDance|[upkeep]\n|-damage|p1a: Pelipper|41\/100|[from] Leech Seed|[of] p2a: Ferrothorn\n|upkeep\n|turn|15\n|\n|t:|1699652297\n|move|p1a: Pelipper|Roost|p1a: Pelipper\n|-heal|p1a: Pelipper|91\/100\n|-singleturn|p1a: Pelipper|move: Roost\n|move|p2a: Ferrothorn|Stealth Rock|p1a: Pelipper\n|-sidestart|p1: HolyChomper|move: Stealth Rock\n|\n|-weather|RainDance|[upkeep]\n|-damage|p1a: Pelipper|79\/100|[from] Leech Seed|[of] p2a: Ferrothorn\n|upkeep\n|turn|16\n|\n|t:|1699652309\n|switch|p2a: Skeledirge|Skeledirge, F, tera:Water|97\/100\n|move|p1a: Pelipper|Defog|p2a: Skeledirge\n|-unboost|p2a: Skeledirge|evasion|1\n|-sideend|p1: HolyChomper|Stealth Rock|[from] move: Defog|[of] p1a: Pelipper\n|\n|-weather|RainDance|[upkeep]\n|-heal|p2a: Skeledirge|100\/100|[from] item: Leftovers\n|-damage|p1a: Pelipper|66\/100|[from] Leech Seed|[of] p2a: Skeledirge\n|upkeep\n|turn|17\n|\n|t:|1699652320\n|switch|p1a: Goodra|Goodra, F|100\/100\n|move|p2a: Skeledirge|Will-O-Wisp|p1a: Goodra\n|-status|p1a: Goodra|brn\n|\n|-weather|RainDance|[upkeep]\n|-activate|p1a: Goodra|ability: Hydration\n|-curestatus|p1a: Goodra|brn|[msg]\n|upkeep\n|turn|18\n|\n|t:|1699652330\n|move|p1a: Goodra|Thunder|p2a: Skeledirge\n|-supereffective|p2a: Skeledirge\n|-damage|p2a: Skeledirge|0 fnt\n|faint|p2a: Skeledirge\n|\n|-weather|RainDance|[upkeep]\n|upkeep\n|\n|t:|1699652334\n|switch|p2a: Ferrothorn|Ferrothorn, F|100\/100\n|turn|19\n|c|\u2606HolyChomper|yeeeeeeet\n|\n|t:|1699652341\n|switch|p1a: Scizor|Scizor, F|49\/100\n|move|p2a: Ferrothorn|Leech Seed|p1a: Scizor\n|-start|p1a: Scizor|move: Leech Seed\n|\n|-weather|RainDance|[upkeep]\n|-heal|p1a: Scizor|55\/100|[from] item: Leftovers\n|-damage|p1a: Scizor|42\/100|[from] Leech Seed|[of] p2a: Ferrothorn\n|upkeep\n|turn|20\n|\n|t:|1699652350\n|move|p1a: Scizor|Close Combat|p2a: Ferrothorn\n|-supereffective|p2a: Ferrothorn\n|-damage|p2a: Ferrothorn|44\/100\n|-unboost|p1a: Scizor|def|1\n|-unboost|p1a: Scizor|spd|1\n|-damage|p1a: Scizor|30\/100|[from] ability: Iron Barbs|[of] p2a: Ferrothorn\n|-damage|p1a: Scizor|13\/100|[from] item: Rocky Helmet|[of] p2a: Ferrothorn\n|move|p2a: Ferrothorn|Stealth Rock|p1a: Scizor\n|-sidestart|p1: HolyChomper|move: Stealth Rock\n|\n|-weather|none\n|-heal|p1a: Scizor|19\/100|[from] item: Leftovers\n|-damage|p1a: Scizor|7\/100|[from] Leech Seed|[of] p2a: Ferrothorn\n|-heal|p2a: Ferrothorn|57\/100|[silent]\n|upkeep\n|turn|21\n|\n|t:|1699652362\n|move|p2a: Ferrothorn|Protect|p2a: Ferrothorn\n|-singleturn|p2a: Ferrothorn|Protect\n|move|p1a: Scizor|Close Combat|p2a: Ferrothorn\n|-activate|p2a: Ferrothorn|move: Protect\n|\n|-heal|p1a: Scizor|13\/100|[from] item: Leftovers\n|-damage|p1a: Scizor|0 fnt|[from] Leech Seed|[of] p2a: Ferrothorn\n|-heal|p2a: Ferrothorn|70\/100|[silent]\n|faint|p1a: Scizor\n|upkeep\n|inactive|HolyChomper has 120 seconds left.\n|\n|t:|1699652388\n|switch|p1a: Pelipper|Pelipper, M|66\/100\n|-damage|p1a: Pelipper|41\/100|[from] Stealth Rock\n|-weather|RainDance|[from] ability: Drizzle|[of] p1a: Pelipper\n|turn|22\n|\n|t:|1699652393\n|move|p1a: Pelipper|Roost|p1a: Pelipper\n|-heal|p1a: Pelipper|91\/100\n|-singleturn|p1a: Pelipper|move: Roost\n|move|p2a: Ferrothorn|Leech Seed|p1a: Pelipper\n|-start|p1a: Pelipper|move: Leech Seed\n|\n|-weather|RainDance|[upkeep]\n|-damage|p1a: Pelipper|79\/100|[from] Leech Seed|[of] p2a: Ferrothorn\n|-heal|p2a: Ferrothorn|82\/100|[silent]\n|upkeep\n|turn|23\n|\n|t:|1699652402\n|move|p1a: Pelipper|Defog|p2a: Ferrothorn\n|-unboost|p2a: Ferrothorn|evasion|1\n|-sideend|p1: HolyChomper|Stealth Rock|[from] move: Defog|[of] p1a: Pelipper\n|move|p2a: Ferrothorn|Stealth Rock|p1a: Pelipper\n|-sidestart|p1: HolyChomper|move: Stealth Rock\n|\n|-weather|RainDance|[upkeep]\n|-damage|p1a: Pelipper|67\/100|[from] Leech Seed|[of] p2a: Ferrothorn\n|-heal|p2a: Ferrothorn|93\/100|[silent]\n|upkeep\n|turn|24\n|\n|t:|1699652412\n|move|p1a: Pelipper|Hurricane|p2a: Ferrothorn\n|-crit|p2a: Ferrothorn\n|-damage|p2a: Ferrothorn|41\/100\n|move|p2a: Ferrothorn|Stealth Rock||[still]\n|-fail|p2a: Ferrothorn\n|\n|-weather|RainDance|[upkeep]\n|-damage|p1a: Pelipper|54\/100|[from] Leech Seed|[of] p2a: Ferrothorn\n|-heal|p2a: Ferrothorn|53\/100|[silent]\n|upkeep\n|turn|25\n|\n|t:|1699652423\n|move|p2a: Ferrothorn|Protect|p2a: Ferrothorn\n|-singleturn|p2a: Ferrothorn|Protect\n|move|p1a: Pelipper|Defog|p2a: Ferrothorn\n|-activate|p2a: Ferrothorn|move: Protect\n|\n|-weather|RainDance|[upkeep]\n|-damage|p1a: Pelipper|42\/100|[from] Leech Seed|[of] p2a: Ferrothorn\n|-heal|p2a: Ferrothorn|65\/100|[silent]\n|upkeep\n|turn|26\n|\n|t:|1699652431\n|move|p1a: Pelipper|Roost|p1a: Pelipper\n|-heal|p1a: Pelipper|92\/100\n|-singleturn|p1a: Pelipper|move: Roost\n|move|p2a: Ferrothorn|Body Press|p1a: Pelipper\n|-damage|p1a: Pelipper|71\/100\n|\n|-weather|RainDance|[upkeep]\n|-damage|p1a: Pelipper|58\/100|[from] Leech Seed|[of] p2a: Ferrothorn\n|-heal|p2a: Ferrothorn|77\/100|[silent]\n|upkeep\n|turn|27\n|\n|t:|1699652439\n|move|p1a: Pelipper|Hurricane|p2a: Ferrothorn\n|-damage|p2a: Ferrothorn|45\/100\n|move|p2a: Ferrothorn|Stealth Rock||[still]\n|-fail|p2a: Ferrothorn\n|\n|-weather|RainDance|[upkeep]\n|-damage|p1a: Pelipper|46\/100|[from] Leech Seed|[of] p2a: Ferrothorn\n|-heal|p2a: Ferrothorn|57\/100|[silent]\n|upkeep\n|turn|28\n|\n|t:|1699652447\n|move|p1a: Pelipper|Roost|p1a: Pelipper\n|-heal|p1a: Pelipper|96\/100\n|-singleturn|p1a: Pelipper|move: Roost\n|move|p2a: Ferrothorn|Stealth Rock||[still]\n|-fail|p2a: Ferrothorn\n|\n|-weather|RainDance|[upkeep]\n|-damage|p1a: Pelipper|84\/100|[from] Leech Seed|[of] p2a: Ferrothorn\n|-heal|p2a: Ferrothorn|69\/100|[silent]\n|upkeep\n|turn|29\n|\n|t:|1699652457\n|move|p1a: Pelipper|Hurricane|p2a: Ferrothorn\n|-damage|p2a: Ferrothorn|37\/100\n|move|p2a: Ferrothorn|Body Press|p1a: Pelipper\n|-resisted|p1a: Pelipper\n|-damage|p1a: Pelipper|73\/100\n|\n|-weather|none\n|-damage|p1a: Pelipper|61\/100|[from] Leech Seed|[of] p2a: Ferrothorn\n|-heal|p2a: Ferrothorn|49\/100|[silent]\n|upkeep\n|turn|30\n|\n|t:|1699652466\n|move|p2a: Ferrothorn|Protect|p2a: Ferrothorn\n|-singleturn|p2a: Ferrothorn|Protect\n|move|p1a: Pelipper|Hurricane|p2a: Ferrothorn\n|-activate|p2a: Ferrothorn|move: Protect\n|\n|-damage|p1a: Pelipper|48\/100|[from] Leech Seed|[of] p2a: Ferrothorn\n|-heal|p2a: Ferrothorn|61\/100|[silent]\n|upkeep\n|turn|31\n|\n|t:|1699652478\n|switch|p1a: Goodra|Goodra, F|100\/100\n|-damage|p1a: Goodra|88\/100|[from] Stealth Rock\n|move|p2a: Ferrothorn|Body Press|p1a: Goodra\n|-damage|p1a: Goodra|54\/100\n|\n|upkeep\n|turn|32\n|\n|t:|1699652485\n|move|p1a: Goodra|Draco Meteor|p2a: Ferrothorn\n|-resisted|p2a: Ferrothorn\n|-damage|p2a: Ferrothorn|17\/100\n|-unboost|p1a: Goodra|spa|2\n|move|p2a: Ferrothorn|Leech Seed|p1a: Goodra\n|-start|p1a: Goodra|move: Leech Seed\n|\n|-damage|p1a: Goodra|41\/100|[from] Leech Seed|[of] p2a: Ferrothorn\n|-heal|p2a: Ferrothorn|31\/100|[silent]\n|upkeep\n|turn|33\n|\n|t:|1699652500\n|switch|p1a: Overqwil|Overqwil, F|100\/100\n|-damage|p1a: Overqwil|88\/100|[from] Stealth Rock\n|move|p2a: Ferrothorn|Protect||[still]\n|-fail|p2a: Ferrothorn\n|\n|-heal|p1a: Overqwil|94\/100|[from] item: Black Sludge\n|upkeep\n|turn|34\n|\n|t:|1699652507\n|move|p1a: Overqwil|Swords Dance|p1a: Overqwil\n|-boost|p1a: Overqwil|atk|2\n|move|p2a: Ferrothorn|Leech Seed|p1a: Overqwil\n|-start|p1a: Overqwil|move: Leech Seed\n|\n|-heal|p1a: Overqwil|100\/100|[from] item: Black Sludge\n|-damage|p1a: Overqwil|88\/100|[from] Leech Seed|[of] p2a: Ferrothorn\n|-heal|p2a: Ferrothorn|43\/100|[silent]\n|upkeep\n|turn|35\n|\n|t:|1699652516\n|-terastallize|p1a: Overqwil|Water\n|move|p2a: Ferrothorn|Protect|p2a: Ferrothorn\n|-singleturn|p2a: Ferrothorn|Protect\n|move|p1a: Overqwil|Swords Dance|p1a: Overqwil\n|-boost|p1a: Overqwil|atk|2\n|\n|-damage|p1a: Overqwil|76\/100|[from] item: Black Sludge\n|-damage|p1a: Overqwil|64\/100|[from] Leech Seed|[of] p2a: Ferrothorn\n|-heal|p2a: Ferrothorn|54\/100|[silent]\n|upkeep\n|turn|36\n|\n|t:|1699652525\n|move|p1a: Overqwil|Crunch|p2a: Ferrothorn\n|-damage|p2a: Ferrothorn|0 fnt\n|-damage|p1a: Overqwil|52\/100|[from] ability: Iron Barbs|[of] p2a: Ferrothorn\n|-damage|p1a: Overqwil|35\/100|[from] item: Rocky Helmet|[of] p2a: Ferrothorn\n|faint|p2a: Ferrothorn\n|\n|-damage|p1a: Overqwil|23\/100|[from] item: Black Sludge\n|upkeep\n|\n|t:|1699652529\n|switch|p2a: Urshifu|Urshifu-Rapid-Strike, F|100\/100\n|turn|37\n|c|\u2606HolyChomper|thank the lord\n|\n|t:|1699652538\n|move|p1a: Overqwil|Aqua Jet|p2a: Urshifu\n|-resisted|p2a: Urshifu\n|-damage|p2a: Urshifu|73\/100\n|move|p2a: Urshifu|Surging Strikes|p1a: Overqwil\n|-resisted|p1a: Overqwil\n|-crit|p1a: Overqwil\n|-damage|p1a: Overqwil|11\/100\n|-resisted|p1a: Overqwil\n|-crit|p1a: Overqwil\n|-damage|p1a: Overqwil|1\/100\n|-resisted|p1a: Overqwil\n|-crit|p1a: Overqwil\n|-damage|p1a: Overqwil|0 fnt\n|faint|p1a: Overqwil\n|-hitcount|p1: Overqwil|3\n|\n|upkeep\n|\n|t:|1699652551\n|switch|p1a: Pelipper|Pelipper, M|48\/100\n|-damage|p1a: Pelipper|23\/100|[from] Stealth Rock\n|-weather|RainDance|[from] ability: Drizzle|[of] p1a: Pelipper\n|turn|38\n|\n|t:|1699652557\n|move|p2a: Urshifu|Surging Strikes|p1a: Pelipper\n|-resisted|p1a: Pelipper\n|-crit|p1a: Pelipper\n|-damage|p1a: Pelipper|12\/100\n|-resisted|p1a: Pelipper\n|-crit|p1a: Pelipper\n|-damage|p1a: Pelipper|1\/100\n|-resisted|p1a: Pelipper\n|-crit|p1a: Pelipper\n|-damage|p1a: Pelipper|0 fnt\n|faint|p1a: Pelipper\n|-hitcount|p1: Pelipper|3\n|\n|-weather|RainDance|[upkeep]\n|upkeep\n|\n|t:|1699652567\n|switch|p1a: Swampert|Swampert-Mega, M|59\/100 brn\n|-damage|p1a: Swampert|53\/100 brn|[from] Stealth Rock\n|turn|39\n|\n|t:|1699652571\n|move|p1a: Swampert|Earthquake|p2a: Urshifu\n|-damage|p2a: Urshifu|45\/100\n|move|p2a: Urshifu|Surging Strikes|p1a: Swampert\n|-crit|p1a: Swampert\n|-damage|p1a: Swampert|26\/100 brn\n|-crit|p1a: Swampert\n|-damage|p1a: Swampert|0 fnt\n|faint|p1a: Swampert\n|-hitcount|p1: Swampert|2\n|\n|-weather|RainDance|[upkeep]\n|upkeep\n|\n|t:|1699652580\n|switch|p1a: Goodra|Goodra, F|41\/100\n|-damage|p1a: Goodra|29\/100|[from] Stealth Rock\n|turn|40\n|\n|t:|1699652584\n|move|p2a: Urshifu|Surging Strikes|p1a: Goodra\n|-resisted|p1a: Goodra\n|-crit|p1a: Goodra\n|-damage|p1a: Goodra|9\/100\n|-resisted|p1a: Goodra\n|-crit|p1a: Goodra\n|-damage|p1a: Goodra|0 fnt\n|faint|p1a: Goodra\n|-hitcount|p1: Goodra|2\n|\n|win|thurx\n|raw|HolyChomper's rating: 1203 &rarr; <strong>1177<\/strong><br \/>(-26 for losing)\n|raw|thurx's rating: 1185 &rarr; <strong>1211<\/strong><br \/>(+26 for winning)\n|c|\u2606HolyChomper|gg\n|c|\u2606thurx|gg\n|l|\u2606HolyChomper\n|c|\u2606thurx|i only need to weak your goodra\n","uploadtime":1699652678,"views":5,"p1id":"holychomper","p2id":"thurx","formatid":"gen9nationaldex","rating":1177,"private":0,"password":""}