{"id":"gen9nationaldex-1987196622","p1":"Standardbandard23","p2":"Sammmmmmmmmmmmm","format":"[Gen 9] National Dex","log":"|j|\u2606Standardbandard23\n|j|\u2606Sammmmmmmmmmmmm\n|t:|1699564309\n|gametype|singles\n|player|p1|Standardbandard23|steven|\n|player|p2|Sammmmmmmmmmmmm|bede-masters|\n|teamsize|p1|6\n|teamsize|p2|6\n|gen|9\n|tier|[Gen 9] National Dex\n|rule|HP Percentage Mod: HP is shown in percentages\n|rule|Endless Battle Clause: Forcing endless battles is banned\n|rule|OHKO Clause: OHKO moves are banned\n|rule|Evasion Clause: Evasion abilities, items, and moves are banned\n|rule|Evasion Abilities Clause: Evasion abilities are banned\n|rule|Evasion Items Clause: Evasion items are banned\n|rule|Evasion Moves Clause: Evasion moves are banned\n|rule|Species Clause: Limit one of each Pok\u00e9mon\n|rule|Sleep Clause Mod: Limit one foe put to sleep\n|clearpoke\n|poke|p1|Nihilego|\n|poke|p1|Xurkitree|\n|poke|p1|Buzzwole|\n|poke|p1|Blacephalon|\n|poke|p1|Stakataka|\n|poke|p1|Celesteela|\n|poke|p2|Hatterene, F|\n|poke|p2|Victini|\n|poke|p2|Tapu Lele|\n|poke|p2|Gallade, M|\n|poke|p2|Slowbro, F|\n|poke|p2|Meloetta|\n|teampreview\n|inactive|Battle timer is ON: inactive players will automatically lose when time's up. (requested by Sammmmmmmmmmmmm)\n|c|\u2606Standardbandard23|tera flying nihil\n|c|\u2606Standardbandard23|glhf\n|c|\u2606Sammmmmmmmmmmmm|glhf\n|\n|t:|1699564342\n|start\n|switch|p1a: Kilua|Xurkitree|100\/100\n|switch|p2a: Sly|Victini|100\/100\n|turn|1\n|\n|t:|1699564356\n|-terastallize|p2a: Sly|Fire\n|move|p2a: Sly|V-create|p1a: Kilua\n|-damage|p1a: Kilua|0 fnt\n|-unboost|p2a: Sly|spe|1\n|-unboost|p2a: Sly|def|1\n|-unboost|p2a: Sly|spd|1\n|faint|p1a: Kilua\n|\n|upkeep\n|\n|t:|1699564374\n|switch|p1a: Scotty|Nihilego|100\/100\n|turn|2\n|\n|t:|1699564387\n|switch|p2a: Snail Shaman|Tapu Lele|100\/100\n|-fieldstart|move: Psychic Terrain|[from] ability: Psychic Surge|[of] p2a: Snail Shaman\n|move|p1a: Scotty|Power Gem|p2a: Snail Shaman\n|-damage|p2a: Snail Shaman|55\/100\n|\n|upkeep\n|turn|3\n|\n|t:|1699564403\n|switch|p1a: Trump's Dream|Stakataka|100\/100\n|move|p2a: Snail Shaman|Thunderbolt|p1a: Trump's Dream\n|-crit|p1a: Trump's Dream\n|-damage|p1a: Trump's Dream|66\/100\n|\n|-heal|p1a: Trump's Dream|72\/100|[from] item: Leftovers\n|upkeep\n|turn|4\n|\n|t:|1699564414\n|switch|p2a: Millibelle|Slowbro, F|100\/100\n|move|p1a: Trump's Dream|Toxic|p2a: Millibelle\n|-status|p2a: Millibelle|tox\n|\n|-heal|p1a: Trump's Dream|78\/100|[from] item: Leftovers\n|-damage|p2a: Millibelle|94\/100 tox|[from] psn\n|upkeep\n|turn|5\n|\n|t:|1699564427\n|switch|p1a: Its not a moon|Celesteela|100\/100\n|move|p2a: Millibelle|Scald|p1a: Its not a moon\n|-damage|p1a: Its not a moon|78\/100\n|\n|-heal|p1a: Its not a moon|84\/100|[from] item: Leftovers\n|-damage|p2a: Millibelle|82\/100 tox|[from] psn\n|upkeep\n|turn|6\n|\n|t:|1699564435\n|move|p1a: Its not a moon|Leech Seed|p2a: Millibelle\n|-start|p2a: Millibelle|move: Leech Seed\n|move|p2a: Millibelle|Teleport|p2a: Millibelle\n|\n|t:|1699564438\n|switch|p2a: Sly|Victini, tera:Fire|100\/100|[from] Teleport\n|\n|-heal|p1a: Its not a moon|90\/100|[from] item: Leftovers\n|-fieldend|move: Psychic Terrain\n|upkeep\n|turn|7\n|\n|t:|1699564444\n|move|p1a: Its not a moon|Protect|p1a: Its not a moon\n|-singleturn|p1a: Its not a moon|Protect\n|move|p2a: Sly|V-create|p1a: Its not a moon\n|-activate|p1a: Its not a moon|move: Protect\n|\n|-heal|p1a: Its not a moon|96\/100|[from] item: Leftovers\n|upkeep\n|turn|8\n|\n|t:|1699564471\n|switch|p1a: Trump's Dream|Stakataka|78\/100\n|move|p2a: Sly|V-create|p1a: Trump's Dream\n|-damage|p1a: Trump's Dream|0 fnt\n|-unboost|p2a: Sly|spe|1\n|-unboost|p2a: Sly|def|1\n|-unboost|p2a: Sly|spd|1\n|faint|p1a: Trump's Dream\n|\n|upkeep\n|c|\u2606Standardbandard23|ok band\n|inactive|Standardbandard23 has 270 seconds left.\n|\n|t:|1699564483\n|switch|p1a: Scotty|Nihilego|100\/100\n|turn|9\n|\n|t:|1699564492\n|switch|p2a: Marissa|Meloetta|100\/100\n|move|p1a: Scotty|Power Gem|p2a: Marissa\n|-damage|p2a: Marissa|78\/100\n|\n|upkeep\n|turn|10\n|\n|t:|1699564509\n|switch|p1a: Its not a moon|Celesteela|96\/100\n|move|p2a: Marissa|Relic Song|p1a: Its not a moon\n|-resisted|p1a: Its not a moon\n|-damage|p1a: Its not a moon|83\/100\n|-formechange|p2a: Marissa|Meloetta-Pirouette|[msg]\n|\n|-heal|p1a: Its not a moon|89\/100|[from] item: Leftovers\n|upkeep\n|turn|11\n|\n|t:|1699564518\n|switch|p2a: Sly|Victini, tera:Fire|100\/100\n|move|p1a: Its not a moon|Leech Seed|p2a: Sly\n|-start|p2a: Sly|move: Leech Seed\n|\n|-heal|p1a: Its not a moon|95\/100|[from] item: Leftovers\n|-damage|p2a: Sly|88\/100|[from] Leech Seed|[of] p1a: Its not a moon\n|-heal|p1a: Its not a moon|100\/100|[silent]\n|upkeep\n|turn|12\n|\n|t:|1699564532\n|move|p1a: Its not a moon|Protect|p1a: Its not a moon\n|-singleturn|p1a: Its not a moon|Protect\n|move|p2a: Sly|Bolt Strike|p1a: Its not a moon\n|-activate|p1a: Its not a moon|move: Protect\n|\n|-damage|p2a: Sly|76\/100|[from] Leech Seed|[of] p1a: Its not a moon\n|upkeep\n|turn|13\n|\n|t:|1699564547\n|move|p2a: Sly|Bolt Strike|p1a: Its not a moon\n|-supereffective|p1a: Its not a moon\n|-damage|p1a: Its not a moon|31\/100\n|move|p1a: Its not a moon|Earthquake|p2a: Sly\n|-supereffective|p2a: Sly\n|-damage|p2a: Sly|25\/100\n|\n|-heal|p1a: Its not a moon|37\/100|[from] item: Leftovers\n|-damage|p2a: Sly|13\/100|[from] Leech Seed|[of] p1a: Its not a moon\n|-heal|p1a: Its not a moon|47\/100|[silent]\n|upkeep\n|turn|14\n|\n|t:|1699564556\n|switch|p2a: Kingsmould|Gallade, M, shiny|100\/100\n|move|p1a: Its not a moon|Protect||[still]\n|-fail|p1a: Its not a moon\n|\n|-heal|p1a: Its not a moon|53\/100|[from] item: Leftovers\n|upkeep\n|turn|15\n|\n|t:|1699564566\n|detailschange|p2a: Kingsmould|Gallade-Mega, M, shiny\n|-mega|p2a: Kingsmould|Gallade|Galladite\n|move|p2a: Kingsmould|Swords Dance|p2a: Kingsmould\n|-boost|p2a: Kingsmould|atk|2\n|move|p1a: Its not a moon|Leech Seed|p2a: Kingsmould\n|-start|p2a: Kingsmould|move: Leech Seed\n|\n|-heal|p1a: Its not a moon|59\/100|[from] item: Leftovers\n|-damage|p2a: Kingsmould|88\/100|[from] Leech Seed|[of] p1a: Its not a moon\n|-heal|p1a: Its not a moon|68\/100|[silent]\n|upkeep\n|turn|16\n|\n|t:|1699564576\n|move|p1a: Its not a moon|Protect|p1a: Its not a moon\n|-singleturn|p1a: Its not a moon|Protect\n|move|p2a: Kingsmould|Knock Off|p1a: Its not a moon\n|-activate|p1a: Its not a moon|move: Protect\n|\n|-heal|p1a: Its not a moon|74\/100|[from] item: Leftovers\n|-damage|p2a: Kingsmould|76\/100|[from] Leech Seed|[of] p1a: Its not a moon\n|-heal|p1a: Its not a moon|82\/100|[silent]\n|upkeep\n|turn|17\n|\n|t:|1699564592\n|move|p2a: Kingsmould|Close Combat|p1a: Its not a moon\n|-damage|p1a: Its not a moon|0 fnt\n|-unboost|p2a: Kingsmould|def|1\n|-unboost|p2a: Kingsmould|spd|1\n|faint|p1a: Its not a moon\n|\n|upkeep\n|\n|t:|1699564610\n|switch|p1a: Aussie Mozzie|Buzzwole|100\/100\n|turn|18\n|\n|t:|1699564615\n|switch|p2a: Millibelle|Slowbro, F|100\/100 tox\n|move|p1a: Aussie Mozzie|Leech Life|p2a: Millibelle\n|-supereffective|p2a: Millibelle\n|-damage|p2a: Millibelle|51\/100 tox\n|-damage|p1a: Aussie Mozzie|84\/100|[from] item: Rocky Helmet|[of] p2a: Millibelle\n|\n|-damage|p2a: Millibelle|45\/100 tox|[from] psn\n|upkeep\n|turn|19\n|\n|t:|1699564637\n|switch|p2a: Godseeker|Hatterene, F, shiny|100\/100\n|move|p1a: Aussie Mozzie|Leech Life|p2a: Godseeker\n|-crit|p2a: Godseeker\n|-damage|p2a: Godseeker|46\/100\n|-heal|p1a: Aussie Mozzie|100\/100|[from] drain|[of] p2a: Godseeker\n|\n|-heal|p2a: Godseeker|52\/100|[from] item: Leftovers\n|upkeep\n|turn|20\n|\n|t:|1699564659\n|move|p1a: Aussie Mozzie|Leech Life|p2a: Godseeker\n|-damage|p2a: Godseeker|18\/100\n|move|p2a: Godseeker|Draining Kiss|p1a: Aussie Mozzie\n|-supereffective|p1a: Aussie Mozzie\n|-damage|p1a: Aussie Mozzie|22\/100\n|-heal|p2a: Godseeker|84\/100|[from] drain|[of] p1a: Aussie Mozzie\n|\n|-heal|p2a: Godseeker|90\/100|[from] item: Leftovers\n|upkeep\n|turn|21\n|\n|t:|1699564672\n|move|p1a: Aussie Mozzie|Leech Life|p2a: Godseeker\n|-damage|p2a: Godseeker|52\/100\n|-heal|p1a: Aussie Mozzie|39\/100|[from] drain|[of] p2a: Godseeker\n|move|p2a: Godseeker|Psyshock|p1a: Aussie Mozzie\n|-supereffective|p1a: Aussie Mozzie\n|-damage|p1a: Aussie Mozzie|0 fnt\n|faint|p1a: Aussie Mozzie\n|\n|-heal|p2a: Godseeker|58\/100|[from] item: Leftovers\n|upkeep\n|inactive|Standardbandard23 has 270 seconds left.\n|\n|t:|1699564682\n|switch|p1a: Scotty|Nihilego|100\/100\n|turn|22\n|\n|t:|1699564688\n|move|p1a: Scotty|Sludge Wave|p2a: Godseeker\n|-supereffective|p2a: Godseeker\n|-damage|p2a: Godseeker|0 fnt\n|faint|p2a: Godseeker\n|-ability|p1a: Scotty|Beast Boost|boost\n|-boost|p1a: Scotty|spa|1\n|\n|upkeep\n|inactive|Sammmmmmmmmmmmm has 270 seconds left.\n|\n|t:|1699564714\n|switch|p2a: Kingsmould|Gallade-Mega, M, shiny|76\/100\n|turn|23\n|\n|t:|1699564728\n|-terastallize|p1a: Scotty|Flying\n|move|p2a: Kingsmould|Knock Off|p1a: Scotty\n|-damage|p1a: Scotty|34\/100\n|-enditem|p1a: Scotty|Power Herb|[from] move: Knock Off|[of] p2a: Kingsmould\n|move|p1a: Scotty|Sludge Wave|p2a: Kingsmould\n|-damage|p2a: Kingsmould|0 fnt\n|faint|p2a: Kingsmould\n|-ability|p1a: Scotty|Beast Boost|boost\n|-boost|p1a: Scotty|spa|1\n|\n|upkeep\n|\n|t:|1699564736\n|switch|p2a: Snail Shaman|Tapu Lele|55\/100\n|-fieldstart|move: Psychic Terrain|[from] ability: Psychic Surge|[of] p2a: Snail Shaman\n|turn|24\n|\n|t:|1699564742\n|move|p2a: Snail Shaman|Psyshock|p1a: Scotty\n|-damage|p1a: Scotty|0 fnt\n|faint|p1a: Scotty\n|\n|upkeep\n|\n|t:|1699564746\n|switch|p1a: Yes Rico...Kaboom|Blacephalon|100\/100\n|turn|25\n|inactive|Standardbandard23 has 270 seconds left.\n|\n|t:|1699564783\n|move|p1a: Yes Rico...Kaboom|Dark Pulse|p2a: Snail Shaman\n|-damage|p2a: Snail Shaman|21\/100\n|move|p2a: Snail Shaman|Psyshock|p1a: Yes Rico...Kaboom\n|-damage|p1a: Yes Rico...Kaboom|0 fnt\n|faint|p1a: Yes Rico...Kaboom\n|\n|win|Sammmmmmmmmmmmm\n|c|\u2606Standardbandard23|gg\n|c|\u2606Sammmmmmmmmmmmm|ggs\n","uploadtime":1699564792,"views":6,"p1id":"standardbandard23","p2id":"sammmmmmmmmmmmm","formatid":"gen9nationaldex","rating":0,"private":0,"password":""}