{"id":"gen9nationaldex-1995351406","p1":"The Brocha","p2":"Slimie","format":"[Gen 9] National Dex","log":"|html|<div class=\"broadcast-blue\"><strong>[Gen 9] National Dex is currently suspecting Sneasler! For information on how to participate check out the <a href=\"https:\/\/www.smogon.com\/forums\/threads\/sv-national-dex-suspect-8-just-dance.3731534\/\">suspect thread<\/a>.<\/strong><\/div>\n|j|\u2606The Brocha\n|j|\u2606Slimie\n|t:|1700558324\n|gametype|singles\n|player|p1|The Brocha|ninjaboy|1442\n|player|p2|Slimie|sabrina|1504\n|teamsize|p1|6\n|teamsize|p2|6\n|gen|9\n|tier|[Gen 9] National Dex\n|rated|\n|rule|HP Percentage Mod: HP is shown in percentages\n|rule|Endless Battle Clause: Forcing endless battles is banned\n|rule|OHKO Clause: OHKO moves are banned\n|rule|Evasion Clause: Evasion abilities, items, and moves are banned\n|rule|Evasion Abilities Clause: Evasion abilities are banned\n|rule|Evasion Items Clause: Evasion items are banned\n|rule|Evasion Moves Clause: Evasion moves are banned\n|rule|Species Clause: Limit one of each Pok\u00e9mon\n|rule|Sleep Clause Mod: Limit one foe put to sleep\n|clearpoke\n|poke|p1|Rillaboom, F|\n|poke|p1|Aegislash, F|\n|poke|p1|Alomomola, M|\n|poke|p1|Hawlucha, F|\n|poke|p1|Nidoking, M|\n|poke|p1|Kleavor, F|\n|poke|p2|Absol, F|\n|poke|p2|Slowbro, F|\n|poke|p2|Heatran, M|\n|poke|p2|Staraptor, F|\n|poke|p2|Landorus-Therian, M|\n|poke|p2|Tapu Fini|\n|teampreview\n|\n|t:|1700558349\n|start\n|switch|p1a: Kleavor|Kleavor, F|100\/100\n|switch|p2a: Landorus|Landorus-Therian, M|100\/100\n|-ability|p2a: Landorus|Intimidate|boost\n|-unboost|p1a: Kleavor|atk|1\n|turn|1\n|inactive|Battle timer is ON: inactive players will automatically lose when time's up. (requested by The Brocha)\n|\n|t:|1700558422\n|move|p1a: Kleavor|U-turn|p2a: Landorus\n|-resisted|p2a: Landorus\n|-damage|p2a: Landorus|85\/100\n|\n|t:|1700558430\n|switch|p1a: Alomomola|Alomomola, M|100\/100|[from] U-turn\n|-zpower|p2a: Landorus\n|move|p2a: Landorus|Continental Crush|p1a: Alomomola|[zeffect]\n|-damage|p1a: Alomomola|64\/100\n|-enditem|p1a: Alomomola|Eject Button\n|inactive|The Brocha has 120 seconds left.\n|\n|t:|1700558477\n|switch|p1a: Kleavor|Kleavor, F|100\/100\n|\n|upkeep\n|turn|2\n|\n|t:|1700558490\n|move|p1a: Kleavor|U-turn|p2a: Landorus\n|-resisted|p2a: Landorus\n|-damage|p2a: Landorus|64\/100\n|\n|t:|1700558495\n|switch|p1a: Alomomola|Alomomola, M|97\/100|[from] U-turn\n|move|p2a: Landorus|Stealth Rock|p1a: Alomomola\n|-sidestart|p1: The Brocha|move: Stealth Rock\n|\n|upkeep\n|turn|3\n|\n|t:|1700558504\n|switch|p2a: Tapu Fini|Tapu Fini|100\/100\n|-fieldstart|move: Misty Terrain|[from] ability: Misty Surge|[of] p2a: Tapu Fini\n|move|p1a: Alomomola|Flip Turn|p2a: Tapu Fini\n|-resisted|p2a: Tapu Fini\n|-damage|p2a: Tapu Fini|93\/100\n|\n|t:|1700558512\n|switch|p1a: Rillaboom|Rillaboom, F|100\/100|[from] Flip Turn\n|-damage|p1a: Rillaboom|88\/100|[from] Stealth Rock\n|-fieldstart|move: Grassy Terrain|[from] ability: Grassy Surge|[of] p1a: Rillaboom\n|\n|-heal|p1a: Rillaboom|94\/100|[from] Grassy Terrain\n|-heal|p2a: Tapu Fini|99\/100|[from] Grassy Terrain\n|-heal|p2a: Tapu Fini|100\/100|[from] item: Leftovers\n|upkeep\n|turn|4\n|\n|t:|1700558520\n|switch|p2a: Landorus|Landorus-Therian, M|64\/100\n|-ability|p2a: Landorus|Intimidate|boost\n|-unboost|p1a: Rillaboom|atk|1\n|move|p1a: Rillaboom|Knock Off|p2a: Landorus\n|-damage|p2a: Landorus|37\/100\n|\n|-heal|p1a: Rillaboom|100\/100|[from] Grassy Terrain\n|upkeep\n|turn|5\n|\n|t:|1700558529\n|switch|p1a: Alomomola|Alomomola, M|100\/100\n|-damage|p1a: Alomomola|88\/100|[from] Stealth Rock\n|move|p2a: Landorus|Swords Dance|p2a: Landorus\n|-boost|p2a: Landorus|atk|2\n|\n|-heal|p1a: Alomomola|94\/100|[from] Grassy Terrain\n|upkeep\n|turn|6\n|\n|t:|1700558538\n|move|p2a: Landorus|Stone Edge|p1a: Alomomola\n|-damage|p1a: Alomomola|53\/100\n|move|p1a: Alomomola|Flip Turn|p2a: Landorus\n|-supereffective|p2a: Landorus\n|-damage|p2a: Landorus|1\/100\n|\n|t:|1700558551\n|switch|p1a: Kleavor|Kleavor, F|100\/100|[from] Flip Turn\n|-damage|p1a: Kleavor|76\/100|[from] Stealth Rock\n|\n|-heal|p1a: Kleavor|82\/100|[from] Grassy Terrain\n|upkeep\n|turn|7\n|\n|t:|1700558556\n|switch|p2a: Slowbro|Slowbro, F|100\/100\n|move|p1a: Kleavor|Stone Axe|p2a: Slowbro\n|-damage|p2a: Slowbro|70\/100\n|-damage|p1a: Kleavor|65\/100|[from] item: Rocky Helmet|[of] p2a: Slowbro\n|-sidestart|p2: Slimie|move: Stealth Rock\n|\n|-heal|p1a: Kleavor|71\/100|[from] Grassy Terrain\n|-heal|p2a: Slowbro|76\/100|[from] Grassy Terrain\n|-fieldend|move: Grassy Terrain\n|upkeep\n|turn|8\n|\n|t:|1700558568\n|switch|p1a: Alomomola|Alomomola, M|86\/100\n|-damage|p1a: Alomomola|73\/100|[from] Stealth Rock\n|move|p2a: Slowbro|Future Sight|p1a: Alomomola\n|-start|p2a: Slowbro|move: Future Sight\n|\n|upkeep\n|turn|9\n|\n|t:|1700558573\n|move|p1a: Alomomola|Knock Off|p2a: Slowbro\n|-supereffective|p2a: Slowbro\n|-damage|p2a: Slowbro|53\/100\n|-damage|p1a: Alomomola|57\/100|[from] item: Rocky Helmet|[of] p2a: Slowbro\n|-enditem|p2a: Slowbro|Rocky Helmet|[from] move: Knock Off|[of] p1a: Alomomola\n|move|p2a: Slowbro|Teleport|p2a: Slowbro\n|\n|t:|1700558579\n|switch|p2a: Tapu Fini|Tapu Fini|100\/100|[from] Teleport\n|-damage|p2a: Tapu Fini|88\/100|[from] Stealth Rock\n|-fieldstart|move: Misty Terrain|[from] ability: Misty Surge|[of] p2a: Tapu Fini\n|\n|-heal|p2a: Tapu Fini|94\/100|[from] item: Leftovers\n|upkeep\n|turn|10\n|\n|t:|1700558586\n|move|p2a: Tapu Fini|Taunt|p1a: Alomomola\n|-start|p1a: Alomomola|move: Taunt\n|move|p1a: Alomomola|Flip Turn|p2a: Tapu Fini\n|-resisted|p2a: Tapu Fini\n|-damage|p2a: Tapu Fini|87\/100\n|\n|t:|1700558593\n|switch|p1a: Aegislash|Aegislash, F, shiny|100\/100|[from] Flip Turn\n|-damage|p1a: Aegislash|94\/100|[from] Stealth Rock\n|\n|-end|p1a: Aegislash|move: Future Sight\n|-resisted|p1a: Aegislash\n|-damage|p1a: Aegislash|79\/100\n|-heal|p2a: Tapu Fini|94\/100|[from] item: Leftovers\n|-heal|p1a: Aegislash|85\/100|[from] item: Leftovers\n|upkeep\n|turn|11\n|\n|t:|1700558602\n|move|p2a: Tapu Fini|Defog|p1a: Aegislash\n|-unboost|p1a: Aegislash|evasion|1\n|-sideend|p1: The Brocha|Stealth Rock|[from] move: Defog|[of] p2a: Tapu Fini\n|-sideend|p2: Slimie|Stealth Rock|[from] move: Defog|[of] p2a: Tapu Fini\n|-fieldend|Misty Terrain\n|-formechange|p1a: Aegislash|Aegislash-Blade||[from] ability: Stance Change\n|move|p1a: Aegislash|Flash Cannon|p2a: Tapu Fini\n|-damage|p2a: Tapu Fini|63\/100\n|\n|-heal|p2a: Tapu Fini|69\/100|[from] item: Leftovers\n|-heal|p1a: Aegislash|91\/100|[from] item: Leftovers\n|upkeep\n|turn|12\n|\n|t:|1700558615\n|switch|p2a: Absol|Absol, F|100\/100\n|move|p1a: Aegislash|Toxic|p2a: Absol\n|-status|p2a: Absol|tox\n|\n|-heal|p1a: Aegislash|97\/100|[from] item: Leftovers\n|-damage|p2a: Absol|95\/100 tox|[from] psn\n|upkeep\n|turn|13\n|\n|t:|1700558622\n|switch|p1a: Alomomola|Alomomola, M|90\/100\n|detailschange|p2a: Absol|Absol-Mega, F\n|-mega|p2a: Absol|Absol|Absolite\n|move|p2a: Absol|Swords Dance|p2a: Absol\n|-boost|p2a: Absol|atk|2\n|\n|-damage|p2a: Absol|83\/100 tox|[from] psn\n|upkeep\n|turn|14\n|\n|t:|1700558631\n|move|p2a: Absol|Knock Off|p1a: Alomomola\n|-damage|p1a: Alomomola|53\/100\n|move|p1a: Alomomola|Flip Turn|p2a: Absol\n|-damage|p2a: Absol|50\/100 tox\n|\n|t:|1700558639\n|switch|p1a: Rillaboom|Rillaboom, F|100\/100|[from] Flip Turn\n|-fieldstart|move: Grassy Terrain|[from] ability: Grassy Surge|[of] p1a: Rillaboom\n|\n|-heal|p2a: Absol|56\/100 tox|[from] Grassy Terrain\n|-damage|p2a: Absol|39\/100 tox|[from] psn\n|upkeep\n|turn|15\n|\n|t:|1700558646\n|switch|p1a: Alomomola|Alomomola, M|86\/100\n|move|p2a: Absol|Sucker Punch||[still]\n|-fail|p2a: Absol\n|\n|-heal|p2a: Absol|44\/100 tox|[from] Grassy Terrain\n|-heal|p1a: Alomomola|92\/100|[from] Grassy Terrain\n|-damage|p2a: Absol|21\/100 tox|[from] psn\n|upkeep\n|turn|16\n|\n|t:|1700558651\n|switch|p2a: Slowbro|Slowbro, F|87\/100\n|move|p1a: Alomomola|Flip Turn|p2a: Slowbro\n|-resisted|p2a: Slowbro\n|-damage|p2a: Slowbro|81\/100\n|\n|t:|1700558664\n|switch|p1a: Aegislash|Aegislash, F, shiny|97\/100|[from] Flip Turn\n|\n|-heal|p1a: Aegislash|100\/100|[from] Grassy Terrain\n|-heal|p2a: Slowbro|88\/100|[from] Grassy Terrain\n|upkeep\n|turn|17\n|\n|t:|1700558672\n|switch|p2a: Heatran|Heatran, M|100\/100\n|move|p1a: Aegislash|Toxic|p2a: Heatran\n|-immune|p2a: Heatran\n|\n|upkeep\n|turn|18\n|\n|t:|1700558676\n|switch|p1a: Alomomola|Alomomola, M|100\/100\n|move|p2a: Heatran|Eruption|p1a: Alomomola\n|-resisted|p1a: Alomomola\n|-damage|p1a: Alomomola|54\/100\n|\n|-heal|p1a: Alomomola|60\/100|[from] Grassy Terrain\n|-fieldend|move: Grassy Terrain\n|upkeep\n|turn|19\n|\n|t:|1700558681\n|switch|p2a: Slowbro|Slowbro, F|100\/100\n|move|p1a: Alomomola|Flip Turn|p2a: Slowbro\n|-resisted|p2a: Slowbro\n|-damage|p2a: Slowbro|96\/100\n|\n|t:|1700558698\n|switch|p1a: Kleavor|Kleavor, F|71\/100|[from] Flip Turn\n|\n|upkeep\n|turn|20\n|\n|t:|1700558701\n|move|p1a: Kleavor|U-turn|p2a: Slowbro\n|-supereffective|p2a: Slowbro\n|-damage|p2a: Slowbro|53\/100\n|\n|t:|1700558708\n|switch|p1a: Alomomola|Alomomola, M|94\/100|[from] U-turn\n|move|p2a: Slowbro|Scald|p1a: Alomomola\n|-resisted|p1a: Alomomola\n|-damage|p1a: Alomomola|79\/100\n|\n|upkeep\n|turn|21\n|\n|t:|1700558716\n|move|p1a: Alomomola|Toxic|p2a: Slowbro\n|-status|p2a: Slowbro|tox\n|move|p2a: Slowbro|Teleport|p2a: Slowbro\n|\n|t:|1700558719\n|switch|p2a: Staraptor|Staraptor, F|100\/100|[from] Teleport\n|\n|upkeep\n|turn|22\n|\n|t:|1700558725\n|move|p2a: Staraptor|Brave Bird|p1a: Alomomola\n|-crit|p1a: Alomomola\n|-damage|p1a: Alomomola|0 fnt\n|faint|p1a: Alomomola\n|-damage|p2a: Staraptor|56\/100|[from] Recoil\n|\n|upkeep\n|\n|t:|1700558739\n|switch|p1a: Kleavor|Kleavor, F|71\/100\n|turn|23\n|\n|t:|1700558744\n|switch|p2a: Slowbro|Slowbro, F|86\/100 tox\n|move|p1a: Kleavor|Stone Axe|p2a: Slowbro\n|-damage|p2a: Slowbro|56\/100 tox\n|-sidestart|p2: Slimie|move: Stealth Rock\n|\n|-damage|p2a: Slowbro|50\/100 tox|[from] psn\n|upkeep\n|turn|24\n|\n|t:|1700558758\n|switch|p1a: Nidoking|Nidoking, M, shiny|100\/100\n|move|p2a: Slowbro|Teleport|p2a: Slowbro\n|\n|t:|1700558763\n|switch|p2a: Tapu Fini|Tapu Fini|69\/100|[from] Teleport\n|-damage|p2a: Tapu Fini|57\/100|[from] Stealth Rock\n|-fieldstart|move: Misty Terrain|[from] ability: Misty Surge|[of] p2a: Tapu Fini\n|\n|-heal|p2a: Tapu Fini|63\/100|[from] item: Leftovers\n|upkeep\n|turn|25\n|\n|t:|1700558771\n|-terastallize|p2a: Tapu Fini|Poison\n|move|p1a: Nidoking|Sludge Wave|p2a: Tapu Fini\n|-resisted|p2a: Tapu Fini\n|-damage|p2a: Tapu Fini|42\/100\n|move|p2a: Tapu Fini|Defog|p1a: Nidoking\n|-unboost|p1a: Nidoking|evasion|1\n|-sideend|p2: Slimie|Stealth Rock|[from] move: Defog|[of] p2a: Tapu Fini\n|-fieldend|Misty Terrain\n|\n|-heal|p2a: Tapu Fini|49\/100|[from] item: Leftovers\n|upkeep\n|turn|26\n|\n|t:|1700558777\n|move|p1a: Nidoking|Earth Power|p2a: Tapu Fini\n|-supereffective|p2a: Tapu Fini\n|-damage|p2a: Tapu Fini|0 fnt\n|faint|p2a: Tapu Fini\n|\n|upkeep\n|\n|t:|1700558781\n|switch|p2a: Staraptor|Staraptor, F|56\/100\n|turn|27\n|inactive|The Brocha has 120 seconds left.\n|\n|t:|1700558813\n|switch|p1a: Aegislash|Aegislash, F, shiny|100\/100\n|move|p2a: Staraptor|Brave Bird|p1a: Aegislash\n|-resisted|p1a: Aegislash\n|-damage|p1a: Aegislash|60\/100\n|-damage|p2a: Staraptor|43\/100|[from] Recoil\n|\n|-heal|p1a: Aegislash|66\/100|[from] item: Leftovers\n|upkeep\n|turn|28\n|\n|t:|1700558820\n|switch|p2a: Heatran|Heatran, M|100\/100\n|move|p1a: Aegislash|King's Shield||[still]\n|-fail|p1a: Aegislash\n|\n|-heal|p1a: Aegislash|72\/100|[from] item: Leftovers\n|upkeep\n|turn|29\n|\n|t:|1700558823\n|move|p1a: Aegislash|King's Shield|p1a: Aegislash\n|-singleturn|p1a: Aegislash|Protect\n|move|p2a: Heatran|Eruption|p1a: Aegislash\n|-activate|p1a: Aegislash|move: Protect\n|\n|-heal|p1a: Aegislash|79\/100|[from] item: Leftovers\n|upkeep\n|turn|30\n|\n|t:|1700558853\n|move|p2a: Heatran|Eruption|p1a: Aegislash\n|-supereffective|p1a: Aegislash\n|-damage|p1a: Aegislash|0 fnt\n|faint|p1a: Aegislash\n|\n|upkeep\n|inactive|The Brocha has 120 seconds left.\n|\n|t:|1700558867\n|switch|p1a: Hawlucha|Hawlucha, F|100\/100\n|turn|31\n|inactive|The Brocha has 120 seconds left.\n|\n|t:|1700558879\n|switch|p1a: Nidoking|Nidoking, M, shiny|100\/100\n|move|p2a: Heatran|Eruption|p1a: Nidoking\n|-damage|p1a: Nidoking|0 fnt\n|faint|p1a: Nidoking\n|\n|upkeep\n|inactive|The Brocha has 120 seconds left.\n|\n|t:|1700558886\n|switch|p1a: Kleavor|Kleavor, F|71\/100\n|turn|32\n|\n|t:|1700558890\n|switch|p2a: Landorus|Landorus-Therian, M|1\/100\n|-ability|p2a: Landorus|Intimidate|boost\n|-unboost|p1a: Kleavor|atk|1\n|move|p1a: Kleavor|Stone Axe|p2a: Landorus|[miss]\n|-miss|p1a: Kleavor|p2a: Landorus\n|\n|upkeep\n|turn|33\n|\n|t:|1700558896\n|move|p1a: Kleavor|Stone Axe|p2a: Landorus\n|-damage|p2a: Landorus|0 fnt\n|-sidestart|p2: Slimie|move: Stealth Rock\n|faint|p2a: Landorus\n|\n|upkeep\n|\n|t:|1700558899\n|switch|p2a: Slowbro|Slowbro, F|83\/100 tox\n|-damage|p2a: Slowbro|71\/100 tox|[from] Stealth Rock\n|turn|34\n|\n|t:|1700558905\n|move|p1a: Kleavor|Stone Axe|p2a: Slowbro\n|-damage|p2a: Slowbro|49\/100 tox\n|move|p2a: Slowbro|Teleport|p2a: Slowbro\n|\n|t:|1700558916\n|switch|p2a: Staraptor|Staraptor, F|43\/100|[from] Teleport\n|-damage|p2a: Staraptor|18\/100|[from] Stealth Rock\n|\n|upkeep\n|turn|35\n|\n|t:|1700558920\n|move|p1a: Kleavor|Stone Axe|p2a: Staraptor\n|-supereffective|p2a: Staraptor\n|-damage|p2a: Staraptor|0 fnt\n|faint|p2a: Staraptor\n|\n|upkeep\n|\n|t:|1700558926\n|switch|p2a: Slowbro|Slowbro, F|83\/100 tox\n|-damage|p2a: Slowbro|70\/100 tox|[from] Stealth Rock\n|turn|36\n|\n|t:|1700558931\n|switch|p1a: Rillaboom|Rillaboom, F|100\/100\n|-fieldstart|move: Grassy Terrain|[from] ability: Grassy Surge|[of] p1a: Rillaboom\n|move|p2a: Slowbro|Scald|p1a: Rillaboom\n|-resisted|p1a: Rillaboom\n|-damage|p1a: Rillaboom|83\/100\n|\n|-heal|p1a: Rillaboom|89\/100|[from] Grassy Terrain\n|-heal|p2a: Slowbro|76\/100 tox|[from] Grassy Terrain\n|-damage|p2a: Slowbro|70\/100 tox|[from] psn\n|upkeep\n|turn|37\n|\n|t:|1700558949\n|switch|p2a: Absol|Absol-Mega, F|21\/100 tox\n|-damage|p2a: Absol|9\/100 tox|[from] Stealth Rock\n|move|p1a: Rillaboom|U-turn|p2a: Absol\n|-supereffective|p2a: Absol\n|-damage|p2a: Absol|0 fnt\n|faint|p2a: Absol\n|\n|t:|1700558953\n|switch|p1a: Kleavor|Kleavor, F|71\/100|[from] U-turn\n|\n|-heal|p1a: Kleavor|77\/100|[from] Grassy Terrain\n|upkeep\n|\n|t:|1700558956\n|switch|p2a: Slowbro|Slowbro, F|100\/100 tox\n|-damage|p2a: Slowbro|88\/100 tox|[from] Stealth Rock\n|turn|38\n|\n|t:|1700558966\n|move|p1a: Kleavor|X-Scissor|p2a: Slowbro\n|-supereffective|p2a: Slowbro\n|-damage|p2a: Slowbro|13\/100 tox\n|move|p2a: Slowbro|Teleport|p2a: Slowbro\n|\n|t:|1700558969\n|switch|p2a: Heatran|Heatran, M|100\/100|[from] Teleport\n|-damage|p2a: Heatran|88\/100|[from] Stealth Rock\n|\n|-heal|p1a: Kleavor|83\/100|[from] Grassy Terrain\n|-heal|p2a: Heatran|94\/100|[from] Grassy Terrain\n|upkeep\n|turn|39\n|\n|t:|1700558976\n|switch|p1a: Rillaboom|Rillaboom, F|89\/100\n|move|p2a: Heatran|Eruption|p1a: Rillaboom\n|-supereffective|p1a: Rillaboom\n|-damage|p1a: Rillaboom|0 fnt\n|faint|p1a: Rillaboom\n|\n|-heal|p2a: Heatran|100\/100|[from] Grassy Terrain\n|upkeep\n|\n|t:|1700558979\n|switch|p1a: Hawlucha|Hawlucha, F|100\/100\n|-enditem|p1a: Hawlucha|Grassy Seed\n|-boost|p1a: Hawlucha|def|1|[from] item: Grassy Seed\n|turn|40\n|\n|t:|1700558986\n|switch|p2a: Slowbro|Slowbro, F|46\/100 tox\n|-damage|p2a: Slowbro|34\/100 tox|[from] Stealth Rock\n|move|p1a: Hawlucha|Close Combat|p2a: Slowbro\n|-resisted|p2a: Slowbro\n|-damage|p2a: Slowbro|19\/100 tox\n|-unboost|p1a: Hawlucha|def|1\n|-unboost|p1a: Hawlucha|spd|1\n|\n|-heal|p2a: Slowbro|25\/100 tox|[from] Grassy Terrain\n|-damage|p2a: Slowbro|19\/100 tox|[from] psn\n|-fieldend|move: Grassy Terrain\n|upkeep\n|turn|41\n|\n|t:|1700558994\n|switch|p2a: Heatran|Heatran, M|100\/100\n|-damage|p2a: Heatran|88\/100|[from] Stealth Rock\n|move|p1a: Hawlucha|Swords Dance|p1a: Hawlucha\n|-boost|p1a: Hawlucha|atk|2\n|\n|upkeep\n|turn|42\n|\n|t:|1700559002\n|switch|p2a: Slowbro|Slowbro, F|52\/100 tox\n|-damage|p2a: Slowbro|39\/100 tox|[from] Stealth Rock\n|move|p1a: Hawlucha|Close Combat|p2a: Slowbro\n|-resisted|p2a: Slowbro\n|-damage|p2a: Slowbro|7\/100 tox\n|-unboost|p1a: Hawlucha|def|1\n|-unboost|p1a: Hawlucha|spd|1\n|\n|-damage|p2a: Slowbro|1\/100 tox|[from] psn\n|upkeep\n|turn|43\n|\n|t:|1700559008\n|switch|p2a: Heatran|Heatran, M|88\/100\n|-damage|p2a: Heatran|76\/100|[from] Stealth Rock\n|move|p1a: Hawlucha|Acrobatics|p2a: Heatran\n|-resisted|p2a: Heatran\n|-damage|p2a: Heatran|29\/100\n|\n|upkeep\n|turn|44\n|\n|t:|1700559013\n|move|p1a: Hawlucha|Acrobatics|p2a: Heatran\n|-resisted|p2a: Heatran\n|-crit|p2a: Heatran\n|-damage|p2a: Heatran|0 fnt\n|faint|p2a: Heatran\n|\n|upkeep\n|\n|t:|1700559015\n|switch|p2a: Slowbro|Slowbro, F|35\/100 tox\n|-damage|p2a: Slowbro|22\/100 tox|[from] Stealth Rock\n|turn|45\n|\n|t:|1700559017\n|move|p1a: Hawlucha|Acrobatics|p2a: Slowbro\n|-damage|p2a: Slowbro|0 fnt\n|faint|p2a: Slowbro\n|\n|win|The Brocha\n|raw|The Brocha's rating: 1442 &rarr; <strong>1466<\/strong><br \/>(+24 for winning)\n|raw|Slimie's rating: 1504 &rarr; <strong>1480<\/strong><br \/>(-24 for losing)\n|l|\u2606Slimie\n","uploadtime":1700559086,"views":2,"p1id":"thebrocha","p2id":"slimie","formatid":"gen9nationaldex","rating":1466,"private":0,"password":""}