{"id":"gen9nationaldex-1993576244","p1":"InnateAzucarado","p2":"elitesweatyt660","format":"[Gen 9] National Dex","log":"|j|\u2606InnateAzucarado\n|j|\u2606elitesweatyt660\n|t:|1700333543\n|gametype|singles\n|player|p1|InnateAzucarado|hilbert|1091\n|player|p2|elitesweatyt660|101|1088\n|teamsize|p1|6\n|teamsize|p2|6\n|gen|9\n|tier|[Gen 9] National Dex\n|rated|\n|rule|HP Percentage Mod: HP is shown in percentages\n|rule|Endless Battle Clause: Forcing endless battles is banned\n|rule|OHKO Clause: OHKO moves are banned\n|rule|Evasion Clause: Evasion abilities, items, and moves are banned\n|rule|Evasion Abilities Clause: Evasion abilities are banned\n|rule|Evasion Items Clause: Evasion items are banned\n|rule|Evasion Moves Clause: Evasion moves are banned\n|rule|Species Clause: Limit one of each Pok\u00e9mon\n|rule|Sleep Clause Mod: Limit one foe put to sleep\n|clearpoke\n|poke|p1|Forretress, M|\n|poke|p1|Blaziken, M|\n|poke|p1|Swampert, M|\n|poke|p1|Pelipper, M|\n|poke|p1|Murkrow, M|\n|poke|p1|Serperior, M|\n|poke|p2|Pelipper, F|\n|poke|p2|Swampert, M|\n|poke|p2|Barraskewda, M|\n|poke|p2|Ferrothorn, F|\n|poke|p2|Zapdos-Galar|\n|poke|p2|Sableye, M|\n|teampreview\n|\n|t:|1700333554\n|start\n|switch|p1a: Forretress|Forretress, M|100\/100\n|switch|p2a: Barraskewda|Barraskewda, M, shiny|100\/100\n|turn|1\n|inactive|Battle timer is ON: inactive players will automatically lose when time's up. (requested by InnateAzucarado)\n|\n|t:|1700333562\n|move|p2a: Barraskewda|Close Combat|p1a: Forretress\n|-damage|p1a: Forretress|54\/100\n|-unboost|p2a: Barraskewda|def|1\n|-unboost|p2a: Barraskewda|spd|1\n|-damage|p2a: Barraskewda|91\/100|[from] item: Life Orb\n|move|p1a: Forretress|Stealth Rock|p2a: Barraskewda\n|-sidestart|p2: elitesweatyt660|move: Stealth Rock\n|\n|upkeep\n|turn|2\n|\n|t:|1700333571\n|move|p2a: Barraskewda|Flip Turn|p1a: Forretress\n|-damage|p1a: Forretress|21\/100\n|-damage|p2a: Barraskewda|81\/100|[from] item: Life Orb\n|\n|t:|1700333577\n|switch|p2a: Ferrothorn|Ferrothorn, F|100\/100|[from] Flip Turn\n|-damage|p2a: Ferrothorn|94\/100|[from] Stealth Rock\n|move|p1a: Forretress|Toxic Spikes|p2a: Ferrothorn\n|-sidestart|p2: elitesweatyt660|move: Toxic Spikes\n|\n|upkeep\n|turn|3\n|\n|t:|1700333585\n|move|p1a: Forretress|Spikes|p2a: Ferrothorn\n|-sidestart|p2: elitesweatyt660|Spikes\n|move|p2a: Ferrothorn|Knock Off|p1a: Forretress\n|-damage|p1a: Forretress|5\/100\n|-enditem|p1a: Forretress|Focus Sash|[from] move: Knock Off|[of] p2a: Ferrothorn\n|\n|upkeep\n|turn|4\n|\n|t:|1700333592\n|move|p2a: Ferrothorn|Protect|p2a: Ferrothorn\n|-singleturn|p2a: Ferrothorn|Protect\n|move|p1a: Forretress|Explosion|p2a: Ferrothorn\n|-activate|p2a: Ferrothorn|move: Protect\n|faint|p1a: Forretress\n|\n|upkeep\n|\n|t:|1700333605\n|switch|p1a: Blaziken|Blaziken, M|100\/100\n|turn|5\n|\n|t:|1700333630\n|switch|p2a: Swampert|Swampert, M, shiny|100\/100\n|-damage|p2a: Swampert|94\/100|[from] Stealth Rock\n|-status|p2a: Swampert|psn\n|-damage|p2a: Swampert|82\/100 psn|[from] Spikes\n|move|p1a: Blaziken|Protect||[still]\n|-fail|p1a: Blaziken\n|\n|-damage|p2a: Swampert|70\/100 psn|[from] psn\n|-ability|p1a: Blaziken|Speed Boost|boost\n|-boost|p1a: Blaziken|spe|1\n|upkeep\n|turn|6\n|\n|t:|1700333660\n|switch|p1a: Murkrow|Murkrow, M|100\/100\n|detailschange|p2a: Swampert|Swampert-Mega, M, shiny\n|-mega|p2a: Swampert|Swampert|Swampertite\n|move|p2a: Swampert|Earthquake|p1a: Murkrow\n|-immune|p1a: Murkrow\n|\n|-damage|p2a: Swampert|57\/100 psn|[from] psn\n|upkeep\n|turn|7\n|\n|t:|1700333667\n|move|p2a: Swampert|Ice Punch|p1a: Murkrow\n|-supereffective|p1a: Murkrow\n|-enditem|p1a: Murkrow|Focus Sash\n|-damage|p1a: Murkrow|1\/100\n|move|p1a: Murkrow|Whirlwind|p2a: Swampert\n|drag|p2a: Sableye|Sableye, M, shiny|100\/100\n|-damage|p2a: Sableye|88\/100|[from] Stealth Rock\n|-status|p2a: Sableye|psn\n|-damage|p2a: Sableye|76\/100 psn|[from] Spikes\n|\n|-heal|p2a: Sableye|82\/100 psn|[from] item: Leftovers\n|-damage|p2a: Sableye|70\/100 psn|[from] psn\n|upkeep\n|turn|8\n|\n|t:|1700333686\n|move|p2a: Sableye|Fake Out|p1a: Murkrow\n|-damage|p1a: Murkrow|0 fnt\n|faint|p1a: Murkrow\n|\n|-heal|p2a: Sableye|76\/100 psn|[from] item: Leftovers\n|-damage|p2a: Sableye|64\/100 psn|[from] psn\n|upkeep\n|\n|t:|1700333694\n|switch|p1a: Serperior|Serperior, M|100\/100\n|turn|9\n|\n|t:|1700333703\n|move|p1a: Serperior|Leaf Storm|p2a: Sableye\n|-damage|p2a: Sableye|0 fnt\n|-boost|p1a: Serperior|spa|2\n|faint|p2a: Sableye\n|\n|upkeep\n|\n|t:|1700333710\n|switch|p2a: Pelipper|Pelipper, F|100\/100\n|-damage|p2a: Pelipper|75\/100|[from] Stealth Rock\n|-weather|RainDance|[from] ability: Drizzle|[of] p2a: Pelipper\n|turn|10\n|\n|t:|1700333716\n|move|p1a: Serperior|Leaf Storm|p2a: Pelipper|[miss]\n|-miss|p1a: Serperior|p2a: Pelipper\n|move|p2a: Pelipper|Hurricane|p1a: Serperior\n|-supereffective|p1a: Serperior\n|-damage|p1a: Serperior|16\/100\n|\n|-weather|RainDance|[upkeep]\n|upkeep\n|turn|11\n|\n|t:|1700333725\n|move|p1a: Serperior|Leaf Storm|p2a: Pelipper\n|-damage|p2a: Pelipper|0 fnt\n|-boost|p1a: Serperior|spa|2\n|faint|p2a: Pelipper\n|\n|-weather|RainDance|[upkeep]\n|upkeep\n|\n|t:|1700333729\n|switch|p2a: Barraskewda|Barraskewda, M, shiny|81\/100\n|-damage|p2a: Barraskewda|69\/100|[from] Stealth Rock\n|-status|p2a: Barraskewda|psn\n|-damage|p2a: Barraskewda|56\/100 psn|[from] Spikes\n|turn|12\n|\n|t:|1700333737\n|move|p2a: Barraskewda|Poison Jab|p1a: Serperior\n|-supereffective|p1a: Serperior\n|-damage|p1a: Serperior|0 fnt\n|faint|p1a: Serperior\n|-damage|p2a: Barraskewda|47\/100 psn|[from] item: Life Orb\n|\n|-weather|RainDance|[upkeep]\n|-damage|p2a: Barraskewda|34\/100 psn|[from] psn\n|upkeep\n|\n|t:|1700333748\n|switch|p1a: Swampert|Swampert, M|100\/100\n|turn|13\n|\n|t:|1700333772\n|detailschange|p1a: Swampert|Swampert-Mega, M\n|-mega|p1a: Swampert|Swampert|Swampertite\n|move|p2a: Barraskewda|Flip Turn|p1a: Swampert\n|-damage|p1a: Swampert|39\/100\n|-damage|p2a: Barraskewda|24\/100 psn|[from] item: Life Orb\n|\n|t:|1700333778\n|switch|p2a: Ferrothorn|Ferrothorn, F|94\/100|[from] Flip Turn\n|-damage|p2a: Ferrothorn|88\/100|[from] Stealth Rock\n|-damage|p2a: Ferrothorn|75\/100|[from] Spikes\n|move|p1a: Swampert|Earthquake|p2a: Ferrothorn\n|-damage|p2a: Ferrothorn|31\/100\n|\n|-weather|RainDance|[upkeep]\n|upkeep\n|turn|14\n|\n|t:|1700333790\n|move|p1a: Swampert|Earthquake|p2a: Ferrothorn\n|-damage|p2a: Ferrothorn|0 fnt\n|faint|p2a: Ferrothorn\n|\n|-weather|RainDance|[upkeep]\n|upkeep\n|\n|t:|1700333796\n|switch|p2a: Barraskewda|Barraskewda, M, shiny|24\/100 psn\n|-damage|p2a: Barraskewda|12\/100 psn|[from] Stealth Rock\n|-damage|p2a: Barraskewda|0 fnt|[from] Spikes\n|faint|p2a: Barraskewda\n|\n|t:|1700333799\n|switch|p2a: Swampert|Swampert-Mega, M, shiny|57\/100 psn\n|-damage|p2a: Swampert|51\/100 psn|[from] Stealth Rock\n|-damage|p2a: Swampert|39\/100 psn|[from] Spikes\n|turn|15\n|\n|t:|1700333812\n|move|p2a: Swampert|Waterfall|p1a: Swampert\n|-damage|p1a: Swampert|0 fnt\n|faint|p1a: Swampert\n|\n|-weather|RainDance|[upkeep]\n|-damage|p2a: Swampert|27\/100 psn|[from] psn\n|upkeep\n|\n|t:|1700333819\n|switch|p1a: Pelipper|Pelipper, M|100\/100\n|turn|16\n|\n|t:|1700333828\n|move|p2a: Swampert|Ice Punch|p1a: Pelipper\n|-damage|p1a: Pelipper|66\/100\n|move|p1a: Pelipper|Weather Ball|p2a: Swampert\n|-damage|p2a: Swampert|0 fnt\n|faint|p2a: Swampert\n|\n|-weather|RainDance|[upkeep]\n|upkeep\n|\n|t:|1700333830\n|switch|p2a: Zapdos|Zapdos-Galar, shiny|100\/100\n|-damage|p2a: Zapdos|88\/100|[from] Stealth Rock\n|turn|17\n|\n|t:|1700333842\n|move|p2a: Zapdos|Brave Bird|p1a: Pelipper\n|-damage|p1a: Pelipper|0 fnt\n|faint|p1a: Pelipper\n|-damage|p2a: Zapdos|71\/100|[from] Recoil\n|\n|-weather|none\n|upkeep\n|\n|t:|1700333849\n|switch|p1a: Blaziken|Blaziken, M|100\/100\n|turn|18\n|\n|t:|1700333853\n|move|p1a: Blaziken|Protect|p1a: Blaziken\n|-singleturn|p1a: Blaziken|Protect\n|move|p2a: Zapdos|Brave Bird|p1a: Blaziken\n|-activate|p1a: Blaziken|move: Protect\n|\n|-ability|p1a: Blaziken|Speed Boost|boost\n|-boost|p1a: Blaziken|spe|1\n|upkeep\n|turn|19\n|\n|t:|1700333867\n|move|p2a: Zapdos|Brave Bird|p1a: Blaziken\n|-supereffective|p1a: Blaziken\n|-enditem|p1a: Blaziken|Focus Sash\n|-damage|p1a: Blaziken|1\/100\n|-damage|p2a: Zapdos|40\/100|[from] Recoil\n|move|p1a: Blaziken|Rock Slide|p2a: Zapdos\n|-damage|p2a: Zapdos|9\/100\n|\n|-ability|p1a: Blaziken|Speed Boost|boost\n|-boost|p1a: Blaziken|spe|1\n|upkeep\n|turn|20\n|\n|t:|1700333879\n|move|p1a: Blaziken|Protect|p1a: Blaziken\n|-singleturn|p1a: Blaziken|Protect\n|move|p2a: Zapdos|Brave Bird|p1a: Blaziken\n|-activate|p1a: Blaziken|move: Protect\n|\n|-ability|p1a: Blaziken|Speed Boost|boost\n|-boost|p1a: Blaziken|spe|1\n|upkeep\n|turn|21\n|\n|t:|1700333889\n|move|p1a: Blaziken|Rock Slide|p2a: Zapdos\n|-damage|p2a: Zapdos|0 fnt\n|faint|p2a: Zapdos\n|\n|win|InnateAzucarado\n|raw|InnateAzucarado's rating: 1091 &rarr; <strong>1117<\/strong><br \/>(+26 for winning)\n|raw|elitesweatyt660's rating: 1088 &rarr; <strong>1065<\/strong><br \/>(-23 for losing)\n|l|\u2606elitesweatyt660\n","uploadtime":1700333897,"views":7,"p1id":"innateazucarado","p2id":"elitesweatyt660","formatid":"gen9nationaldex","rating":1065,"private":0,"password":""}