{"id":"gen9nationaldex-1996847857","p1":"DO103","p2":"KarmaNightraide","format":"[Gen 9] National Dex","log":"|html|<div class=\"broadcast-blue\"><strong>[Gen 9] National Dex is currently suspecting Sneasler! For information on how to participate check out the <a href=\"https:\/\/www.smogon.com\/forums\/threads\/sv-national-dex-suspect-8-just-dance.3731534\/\">suspect thread<\/a>.<\/strong><\/div>\n|j|\u2606DO103\n|j|\u2606KarmaNightraide\n|t:|1700734877\n|gametype|singles\n|player|p1|DO103|preschooler|1175\n|player|p2|KarmaNightraide|unknown|1000\n|teamsize|p1|6\n|teamsize|p2|6\n|gen|9\n|tier|[Gen 9] National Dex\n|rated|\n|rule|HP Percentage Mod: HP is shown in percentages\n|rule|Endless Battle Clause: Forcing endless battles is banned\n|rule|OHKO Clause: OHKO moves are banned\n|rule|Evasion Clause: Evasion abilities, items, and moves are banned\n|rule|Evasion Abilities Clause: Evasion abilities are banned\n|rule|Evasion Items Clause: Evasion items are banned\n|rule|Evasion Moves Clause: Evasion moves are banned\n|rule|Species Clause: Limit one of each Pok\u00e9mon\n|rule|Sleep Clause Mod: Limit one foe put to sleep\n|clearpoke\n|poke|p1|Pikachu-Original, M|\n|poke|p1|Snorlax, F|\n|poke|p1|Scizor, F|\n|poke|p1|Lapras, M|\n|poke|p1|Espeon, M|\n|poke|p1|Charizard, F|\n|poke|p2|Basculegion-F, F|\n|poke|p2|Sinistcha-Masterpiece|\n|poke|p2|Palossand, M|\n|poke|p2|Zoroark-Hisui, F|\n|poke|p2|Spiritomb, F|\n|poke|p2|Dhelmise|\n|teampreview\n|c|\u2606KarmaNightraide|Just testing things\n|c|\u2606KarmaNightraide|Have fun\n|\n|t:|1700734913\n|start\n|switch|p1a: Lapras|Lapras, M|100\/100\n|switch|p2a: Lollipop|Spiritomb, F|100\/100\n|turn|1\n|\n|t:|1700734959\n|move|p1a: Lapras|Ice Beam|p2a: Lollipop\n|-damage|p2a: Lollipop|70\/100\n|move|p2a: Lollipop|Poltergeist|p1a: Lapras|[miss]\n|-miss|p2a: Lollipop|p1a: Lapras\n|\n|-heal|p2a: Lollipop|76\/100|[from] item: Leftovers\n|upkeep\n|turn|2\n|\n|t:|1700734977\n|move|p1a: Lapras|Toxic|p2a: Lollipop\n|-status|p2a: Lollipop|tox\n|move|p2a: Lollipop|Foul Play|p1a: Lapras\n|-damage|p1a: Lapras|81\/100\n|\n|-heal|p2a: Lollipop|83\/100 tox|[from] item: Leftovers\n|-damage|p2a: Lollipop|76\/100 tox|[from] psn\n|upkeep\n|turn|3\n|\n|t:|1700734987\n|move|p1a: Lapras|Ice Beam|p2a: Lollipop\n|-damage|p2a: Lollipop|45\/100 tox\n|move|p2a: Lollipop|Poltergeist|p1a: Lapras\n|-activate|p1a: Lapras|move: Poltergeist|Chesto Berry\n|-damage|p1a: Lapras|34\/100\n|\n|-heal|p2a: Lollipop|52\/100 tox|[from] item: Leftovers\n|-damage|p2a: Lollipop|39\/100 tox|[from] psn\n|upkeep\n|turn|4\n|\n|t:|1700735004\n|move|p1a: Lapras|Rest|p1a: Lapras\n|-status|p1a: Lapras|slp|[from] move: Rest\n|-heal|p1a: Lapras|100\/100 slp|[silent]\n|-enditem|p1a: Lapras|Chesto Berry|[eat]\n|-curestatus|p1a: Lapras|slp|[msg]\n|move|p2a: Lollipop|Poltergeist||[still]\n|-fail|p2a: Lollipop\n|\n|-heal|p2a: Lollipop|45\/100 tox|[from] item: Leftovers\n|-damage|p2a: Lollipop|27\/100 tox|[from] psn\n|upkeep\n|turn|5\n|\n|t:|1700735017\n|move|p2a: Lollipop|Sucker Punch|p1a: Lapras\n|-damage|p1a: Lapras|74\/100\n|move|p1a: Lapras|Ice Beam|p2a: Lollipop\n|-damage|p2a: Lollipop|0 fnt\n|faint|p2a: Lollipop\n|\n|upkeep\n|\n|t:|1700735027\n|switch|p2a: Goop|Sinistcha-Masterpiece|100\/100\n|turn|6\n|\n|t:|1700735045\n|switch|p1a: Pikachu|Pikachu-Original, M|100\/100\n|move|p2a: Goop|Nasty Plot|p2a: Goop\n|-boost|p2a: Goop|spa|2\n|\n|upkeep\n|turn|7\n|\n|t:|1700735057\n|-terastallize|p2a: Goop|Grass\n|move|p1a: Pikachu|Discharge|p2a: Goop\n|-resisted|p2a: Goop\n|-damage|p2a: Goop|62\/100\n|-status|p2a: Goop|par\n|move|p2a: Goop|Matcha Gotcha|p1a: Pikachu\n|-damage|p1a: Pikachu|0 fnt\n|-heal|p2a: Goop|99\/100 par|[from] drain|[of] p1a: Pikachu\n|faint|p1a: Pikachu\n|\n|-heal|p2a: Goop|100\/100 par|[from] item: Leftovers\n|upkeep\n|\n|t:|1700735065\n|switch|p1a: Scizor|Scizor, F|100\/100\n|turn|8\n|\n|t:|1700735095\n|move|p1a: Scizor|Fury Cutter|p2a: Goop\n|-supereffective|p2a: Goop\n|-damage|p2a: Goop|16\/100 par\n|cant|p2a: Goop|par\n|\n|-heal|p2a: Goop|22\/100 par|[from] item: Leftovers\n|upkeep\n|turn|9\n|\n|t:|1700735118\n|switch|p2a: Lady Fish|Basculegion-F, F|100\/100\n|move|p1a: Scizor|Fury Cutter|p2a: Lady Fish\n|-resisted|p2a: Lady Fish\n|-damage|p2a: Lady Fish|43\/100\n|replace|p2a: Fiesty|Zoroark-Hisui, F\n|-end|p2a: Fiesty|Illusion\n|\n|upkeep\n|turn|10\n|\n|t:|1700735126\n|move|p2a: Fiesty|Flamethrower|p1a: Scizor\n|-supereffective|p1a: Scizor\n|-damage|p1a: Scizor|0 fnt\n|faint|p1a: Scizor\n|\n|upkeep\n|\n|t:|1700735128\n|switch|p1a: Snorlax|Snorlax, F|100\/100\n|turn|11\n|\n|t:|1700735141\n|move|p2a: Fiesty|Bitter Malice|p1a: Snorlax\n|-immune|p1a: Snorlax\n|move|p1a: Snorlax|Darkest Lariat|p2a: Fiesty\n|-supereffective|p2a: Fiesty\n|-damage|p2a: Fiesty|0 fnt\n|faint|p2a: Fiesty\n|\n|upkeep\n|\n|t:|1700735150\n|switch|p2a: Avast ye shitters|Dhelmise|100\/100\n|turn|12\n|\n|t:|1700735155\n|move|p2a: Avast ye shitters|Brick Break|p1a: Snorlax\n|-supereffective|p1a: Snorlax\n|-damage|p1a: Snorlax|20\/100\n|-damage|p2a: Avast ye shitters|91\/100|[from] item: Life Orb\n|move|p1a: Snorlax|Darkest Lariat|p2a: Avast ye shitters\n|-supereffective|p2a: Avast ye shitters\n|-damage|p2a: Avast ye shitters|25\/100\n|\n|-heal|p1a: Snorlax|27\/100|[from] item: Leftovers\n|upkeep\n|turn|13\n|\n|t:|1700735165\n|move|p2a: Avast ye shitters|Brick Break|p1a: Snorlax\n|-supereffective|p1a: Snorlax\n|-damage|p1a: Snorlax|0 fnt\n|faint|p1a: Snorlax\n|-damage|p2a: Avast ye shitters|15\/100|[from] item: Life Orb\n|\n|upkeep\n|\n|t:|1700735168\n|switch|p1a: Lapras|Lapras, M|74\/100\n|turn|14\n|\n|t:|1700735187\n|move|p1a: Lapras|Ice Beam|p2a: Avast ye shitters\n|-supereffective|p2a: Avast ye shitters\n|-crit|p2a: Avast ye shitters\n|-damage|p2a: Avast ye shitters|0 fnt\n|faint|p2a: Avast ye shitters\n|\n|upkeep\n|\n|t:|1700735202\n|switch|p2a: Smash|Palossand, M|100\/100\n|turn|15\n|\n|t:|1700735209\n|move|p1a: Lapras|Toxic|p2a: Smash\n|-status|p2a: Smash|tox\n|move|p2a: Smash|Giga Drain|p1a: Lapras\n|-supereffective|p1a: Lapras\n|-damage|p1a: Lapras|51\/100\n|\n|-damage|p2a: Smash|94\/100 tox|[from] psn\n|upkeep\n|turn|16\n|\n|t:|1700735221\n|move|p1a: Lapras|Rain Dance|p1a: Lapras\n|-weather|RainDance\n|move|p2a: Smash|Earth Power|p1a: Lapras\n|-damage|p1a: Lapras|31\/100\n|\n|-weather|RainDance|[upkeep]\n|-heal|p2a: Smash|100\/100 tox|[from] item: Leftovers\n|-damage|p2a: Smash|88\/100 tox|[from] psn\n|upkeep\n|turn|17\n|\n|t:|1700735232\n|move|p1a: Lapras|Rest|p1a: Lapras\n|-status|p1a: Lapras|slp|[from] move: Rest\n|-heal|p1a: Lapras|100\/100 slp|[silent]\n|move|p2a: Smash|Ancient Power|p1a: Lapras\n|-supereffective|p1a: Lapras\n|-damage|p1a: Lapras|82\/100 slp\n|\n|-weather|RainDance|[upkeep]\n|-activate|p1a: Lapras|ability: Hydration\n|-curestatus|p1a: Lapras|slp|[msg]\n|-heal|p2a: Smash|94\/100 tox|[from] item: Leftovers\n|-damage|p2a: Smash|76\/100 tox|[from] psn\n|upkeep\n|turn|18\n|\n|t:|1700735246\n|move|p1a: Lapras|Ice Beam|p2a: Smash\n|-supereffective|p2a: Smash\n|-damage|p2a: Smash|9\/100 tox\n|move|p2a: Smash|Giga Drain|p1a: Lapras\n|-supereffective|p1a: Lapras\n|-damage|p1a: Lapras|60\/100\n|-heal|p2a: Smash|25\/100 tox|[from] drain|[of] p1a: Lapras\n|\n|-weather|RainDance|[upkeep]\n|-heal|p2a: Smash|31\/100 tox|[from] item: Leftovers\n|-damage|p2a: Smash|7\/100 tox|[from] psn\n|upkeep\n|turn|19\n|\n|t:|1700735258\n|move|p1a: Lapras|Ice Beam|p2a: Smash\n|-supereffective|p2a: Smash\n|-damage|p2a: Smash|0 fnt\n|faint|p2a: Smash\n|\n|-weather|RainDance|[upkeep]\n|upkeep\n|\n|t:|1700735265\n|switch|p2a: Lady Fish|Basculegion-F, F|100\/100\n|turn|20\n|\n|t:|1700735273\n|move|p2a: Lady Fish|Shadow Ball|p1a: Lapras\n|-damage|p1a: Lapras|42\/100\n|-unboost|p1a: Lapras|spd|1\n|move|p1a: Lapras|Rest|p1a: Lapras\n|-status|p1a: Lapras|slp|[from] move: Rest\n|-heal|p1a: Lapras|100\/100 slp|[silent]\n|\n|-weather|none\n|upkeep\n|turn|21\n|\n|t:|1700735283\n|move|p2a: Lady Fish|Shadow Ball|p1a: Lapras\n|-damage|p1a: Lapras|73\/100 slp\n|cant|p1a: Lapras|slp\n|\n|upkeep\n|turn|22\n|\n|t:|1700735292\n|move|p2a: Lady Fish|Shadow Ball|p1a: Lapras\n|-damage|p1a: Lapras|43\/100 slp\n|-unboost|p1a: Lapras|spd|1\n|cant|p1a: Lapras|slp\n|\n|upkeep\n|turn|23\n|\n|t:|1700735299\n|move|p2a: Lady Fish|Shadow Ball|p1a: Lapras\n|-damage|p1a: Lapras|4\/100 slp\n|-curestatus|p1a: Lapras|slp|[msg]\n|move|p1a: Lapras|Rain Dance|p1a: Lapras\n|-weather|RainDance\n|\n|-weather|RainDance|[upkeep]\n|upkeep\n|turn|24\n|\n|t:|1700735307\n|move|p2a: Lady Fish|Shadow Ball|p1a: Lapras\n|-damage|p1a: Lapras|0 fnt\n|faint|p1a: Lapras\n|\n|-weather|RainDance|[upkeep]\n|upkeep\n|\n|t:|1700735313\n|switch|p1a: Charizard|Charizard, F|100\/100\n|turn|25\n|\n|t:|1700735323\n|detailschange|p1a: Charizard|Charizard-Mega-X, F\n|-mega|p1a: Charizard|Charizard|Charizardite X\n|move|p2a: Lady Fish|Hydro Pump|p1a: Charizard\n|-damage|p1a: Charizard|4\/100\n|move|p1a: Charizard|Dragon Claw|p2a: Lady Fish\n|-damage|p2a: Lady Fish|23\/100\n|\n|-weather|RainDance|[upkeep]\n|upkeep\n|turn|26\n|-message|DO103 forfeited.\n|\n|win|KarmaNightraide\n|raw|DO103's rating: 1175 &rarr; <strong>1138<\/strong><br \/>(-37 for losing)\n|raw|KarmaNightraide's rating: 1000 &rarr; <strong>1059<\/strong><br \/>(+59 for winning)\n|l|\u2606DO103\n","uploadtime":1700735340,"views":3,"p1id":"do103","p2id":"karmanightraide","formatid":"gen9nationaldex","rating":1059,"private":0,"password":""}