{"id":"gen9nationaldex-1990058932","p1":"Dahness","p2":"XX_1nfinity_XX","format":"[Gen 9] National Dex","log":"|j|\u2606Dahness\n|j|\u2606XX_1nfinity_XX\n|t:|1699920109\n|gametype|singles\n|player|p1|Dahness|bill-gen3|1592\n|player|p2|XX_1nfinity_XX|steven|1471\n|teamsize|p1|6\n|teamsize|p2|6\n|gen|9\n|tier|[Gen 9] National Dex\n|rated|\n|rule|HP Percentage Mod: HP is shown in percentages\n|rule|Endless Battle Clause: Forcing endless battles is banned\n|rule|OHKO Clause: OHKO moves are banned\n|rule|Evasion Clause: Evasion abilities, items, and moves are banned\n|rule|Evasion Abilities Clause: Evasion abilities are banned\n|rule|Evasion Items Clause: Evasion items are banned\n|rule|Evasion Moves Clause: Evasion moves are banned\n|rule|Species Clause: Limit one of each Pok\u00e9mon\n|rule|Sleep Clause Mod: Limit one foe put to sleep\n|clearpoke\n|poke|p1|Kyurem|\n|poke|p1|Tyranitar, M|\n|poke|p1|Gliscor, M|\n|poke|p1|Volcarona, M|\n|poke|p1|Alomomola, M|\n|poke|p1|Tapu Lele|\n|poke|p2|Heatran, F|\n|poke|p2|Beedrill, F|\n|poke|p2|Zeraora|\n|poke|p2|Cinderace, M|\n|poke|p2|Ogerpon-Wellspring, F|\n|poke|p2|Victini|\n|teampreview\n|inactive|Battle timer is ON: inactive players will automatically lose when time's up. (requested by XX_1nfinity_XX)\n|\n|t:|1699920118\n|start\n|switch|p1a: Tyranitar|Tyranitar, M|100\/100\n|switch|p2a: Beedrill|Beedrill, F|100\/100\n|-weather|Sandstorm|[from] ability: Sand Stream|[of] p1a: Tyranitar\n|turn|1\n|\n|t:|1699920126\n|switch|p1a: Gliscor|Gliscor, M, shiny|100\/100\n|detailschange|p2a: Beedrill|Beedrill-Mega, F\n|-mega|p2a: Beedrill|Beedrill|Beedrillite\n|move|p2a: Beedrill|U-turn|p1a: Gliscor\n|-resisted|p1a: Gliscor\n|-damage|p1a: Gliscor|78\/100\n|\n|t:|1699920131\n|switch|p2a: Ogerpon|Ogerpon-Wellspring, F|100\/100|[from] U-turn\n|\n|-weather|Sandstorm|[upkeep]\n|-damage|p2a: Ogerpon|95\/100|[from] Sandstorm\n|-status|p1a: Gliscor|tox|[from] item: Toxic Orb\n|upkeep\n|turn|2\n|\n|t:|1699920143\n|switch|p2a: Heatran|Heatran, F|100\/100\n|-item|p2a: Heatran|Air Balloon\n|switch|p1a: Alomomola|Alomomola, M, shiny|100\/100\n|\n|-weather|Sandstorm|[upkeep]\n|-damage|p1a: Alomomola|94\/100|[from] Sandstorm\n|upkeep\n|turn|3\n|\n|t:|1699920147\n|move|p2a: Heatran|Toxic|p1a: Alomomola\n|-status|p1a: Alomomola|tox\n|move|p1a: Alomomola|Flip Turn|p2a: Heatran\n|-supereffective|p2a: Heatran\n|-damage|p2a: Heatran|75\/100\n|-enditem|p2a: Heatran|Air Balloon\n|\n|t:|1699920168\n|switch|p1a: Kyurem|Kyurem, shiny|100\/100|[from] Flip Turn\n|-ability|p1a: Kyurem|Pressure\n|\n|-weather|Sandstorm|[upkeep]\n|-damage|p1a: Kyurem|94\/100|[from] Sandstorm\n|upkeep\n|turn|4\n|\n|t:|1699920173\n|-terastallize|p2a: Heatran|Grass\n|move|p1a: Kyurem|Substitute|p1a: Kyurem\n|-start|p1a: Kyurem|Substitute\n|-damage|p1a: Kyurem|69\/100\n|move|p2a: Heatran|Magma Storm|p1a: Kyurem\n|-end|p1a: Kyurem|Substitute\n|\n|-weather|Sandstorm|[upkeep]\n|-damage|p1a: Kyurem|63\/100|[from] Sandstorm\n|-damage|p2a: Heatran|69\/100|[from] Sandstorm\n|upkeep\n|turn|5\n|\n|t:|1699920190\n|move|p1a: Kyurem|Freeze-Dry|p2a: Heatran\n|-supereffective|p2a: Heatran\n|-damage|p2a: Heatran|23\/100\n|move|p2a: Heatran|Magma Storm|p1a: Kyurem|[miss]\n|-miss|p2a: Heatran|p1a: Kyurem\n|\n|-weather|none\n|upkeep\n|turn|6\n|\n|t:|1699920198\n|switch|p2a: Cinderace|Cinderace, M|100\/100\n|move|p1a: Kyurem|Substitute|p1a: Kyurem\n|-start|p1a: Kyurem|Substitute\n|-damage|p1a: Kyurem|38\/100\n|\n|upkeep\n|turn|7\n|\n|t:|1699920201\n|move|p2a: Cinderace|Pyro Ball|p1a: Kyurem\n|-end|p1a: Kyurem|Substitute\n|move|p1a: Kyurem|Roost|p1a: Kyurem\n|-heal|p1a: Kyurem|88\/100\n|-singleturn|p1a: Kyurem|move: Roost\n|\n|upkeep\n|turn|8\n|\n|t:|1699920208\n|switch|p1a: Gliscor|Gliscor, M, shiny|78\/100 tox\n|move|p2a: Cinderace|Pyro Ball|p1a: Gliscor\n|-damage|p1a: Gliscor|31\/100 tox\n|\n|-heal|p1a: Gliscor|44\/100 tox|[from] ability: Poison Heal\n|upkeep\n|turn|9\n|\n|t:|1699920217\n|switch|p1a: Kyurem|Kyurem, shiny|88\/100\n|-ability|p1a: Kyurem|Pressure\n|move|p2a: Cinderace|U-turn|p1a: Kyurem\n|-start|p2a: Cinderace|typechange|Bug|[from] ability: Libero\n|-damage|p1a: Kyurem|59\/100\n|\n|t:|1699920223\n|switch|p2a: Beedrill|Beedrill-Mega, F|100\/100|[from] U-turn\n|\n|upkeep\n|turn|10\n|\n|t:|1699920227\n|switch|p1a: Gliscor|Gliscor, M, shiny|44\/100 tox\n|move|p2a: Beedrill|U-turn|p1a: Gliscor\n|-resisted|p1a: Gliscor\n|-damage|p1a: Gliscor|23\/100 tox\n|\n|t:|1699920230\n|switch|p2a: Zeraora|Zeraora|100\/100|[from] U-turn\n|\n|-heal|p1a: Gliscor|35\/100 tox|[from] ability: Poison Heal\n|upkeep\n|turn|11\n|\n|t:|1699920237\n|move|p2a: Zeraora|Hidden Power|p1a: Gliscor\n|-supereffective|p1a: Gliscor\n|-damage|p1a: Gliscor|0 fnt\n|faint|p1a: Gliscor\n|\n|upkeep\n|\n|t:|1699920240\n|switch|p1a: Tyranitar|Tyranitar, M|100\/100\n|-weather|Sandstorm|[from] ability: Sand Stream|[of] p1a: Tyranitar\n|turn|12\n|\n|t:|1699920245\n|-activate|p2a: Zeraora|move: Pursuit\n|detailschange|p1a: Tyranitar|Tyranitar-Mega, M\n|-mega|p1a: Tyranitar|Tyranitar|Tyranitarite\n|move|p1a: Tyranitar|Pursuit|p2a: Zeraora|[from]Pursuit\n|-damage|p2a: Zeraora|23\/100\n|switch|p2a: Heatran|Heatran, F, tera:Grass|23\/100\n|\n|-weather|Sandstorm|[upkeep]\n|-damage|p2a: Heatran|17\/100|[from] Sandstorm\n|upkeep\n|turn|13\n|\n|t:|1699920254\n|move|p2a: Heatran|Magma Storm|p1a: Tyranitar\n|-resisted|p1a: Tyranitar\n|-damage|p1a: Tyranitar|91\/100\n|-activate|p1a: Tyranitar|move: Magma Storm|[of] p2a: Heatran\n|move|p1a: Tyranitar|Knock Off|p2a: Heatran\n|-damage|p2a: Heatran|0 fnt\n|faint|p2a: Heatran\n|\n|-weather|Sandstorm|[upkeep]\n|-end|p1a: Tyranitar|Magma Storm|[partiallytrapped]|[silent]\n|upkeep\n|\n|t:|1699920265\n|switch|p2a: Zeraora|Zeraora|23\/100\n|turn|14\n|\n|t:|1699920269\n|switch|p1a: Tapu Lele|Tapu Lele, shiny|100\/100\n|-fieldstart|move: Psychic Terrain|[from] ability: Psychic Surge|[of] p1a: Tapu Lele\n|-zpower|p2a: Zeraora\n|move|p2a: Zeraora|Gigavolt Havoc|p1a: Tapu Lele|[zeffect]\n|-damage|p1a: Tapu Lele|22\/100\n|\n|-weather|Sandstorm|[upkeep]\n|-damage|p1a: Tapu Lele|16\/100|[from] Sandstorm\n|-damage|p2a: Zeraora|17\/100|[from] Sandstorm\n|upkeep\n|turn|15\n|\n|t:|1699920278\n|move|p1a: Tapu Lele|Psychic|p2a: Zeraora\n|-damage|p2a: Zeraora|0 fnt\n|faint|p2a: Zeraora\n|\n|-weather|Sandstorm|[upkeep]\n|-damage|p1a: Tapu Lele|10\/100|[from] Sandstorm\n|upkeep\n|\n|t:|1699920281\n|switch|p2a: Cinderace|Cinderace, M|100\/100\n|turn|16\n|\n|t:|1699920287\n|move|p2a: Cinderace|Sucker Punch|p1a: Tapu Lele\n|-start|p2a: Cinderace|typechange|Dark|[from] ability: Libero\n|-activate|p1a: Tapu Lele|move: Psychic Terrain\n|move|p1a: Tapu Lele|Psychic|p2a: Cinderace\n|-immune|p2a: Cinderace\n|\n|-weather|none\n|upkeep\n|turn|17\n|\n|t:|1699920295\n|switch|p1a: Alomomola|Alomomola, M, shiny|100\/100 tox\n|move|p2a: Cinderace|U-turn|p1a: Alomomola\n|-damage|p1a: Alomomola|86\/100 tox\n|\n|t:|1699920298\n|switch|p2a: Ogerpon|Ogerpon-Wellspring, F|95\/100|[from] U-turn\n|\n|-damage|p1a: Alomomola|80\/100 tox|[from] psn\n|upkeep\n|turn|18\n|\n|t:|1699920302\n|move|p2a: Ogerpon|Swords Dance|p2a: Ogerpon\n|-boost|p2a: Ogerpon|atk|2\n|move|p1a: Alomomola|Toxic|p2a: Ogerpon\n|-status|p2a: Ogerpon|tox\n|\n|-damage|p2a: Ogerpon|89\/100 tox|[from] psn\n|-damage|p1a: Alomomola|68\/100 tox|[from] psn\n|-fieldend|move: Psychic Terrain\n|upkeep\n|turn|19\n|\n|t:|1699920310\n|move|p1a: Alomomola|Protect|p1a: Alomomola\n|-singleturn|p1a: Alomomola|Protect\n|move|p2a: Ogerpon|Trailblaze|p1a: Alomomola\n|-activate|p1a: Alomomola|move: Protect\n|\n|-damage|p2a: Ogerpon|77\/100 tox|[from] psn\n|-damage|p1a: Alomomola|50\/100 tox|[from] psn\n|upkeep\n|turn|20\n|\n|t:|1699920313\n|move|p2a: Ogerpon|Trailblaze|p1a: Alomomola\n|-supereffective|p1a: Alomomola\n|-damage|p1a: Alomomola|0 fnt\n|-boost|p2a: Ogerpon|spe|1\n|faint|p1a: Alomomola\n|\n|-damage|p2a: Ogerpon|59\/100 tox|[from] psn\n|upkeep\n|\n|t:|1699920317\n|switch|p1a: Tyranitar|Tyranitar-Mega, M|91\/100\n|-weather|Sandstorm|[from] ability: Sand Stream|[of] p1a: Tyranitar\n|turn|21\n|\n|t:|1699920322\n|move|p2a: Ogerpon|Ivy Cudgel|p1a: Tyranitar\n|-supereffective|p1a: Tyranitar\n|-damage|p1a: Tyranitar|0 fnt\n|faint|p1a: Tyranitar\n|\n|-weather|Sandstorm|[upkeep]\n|-damage|p2a: Ogerpon|53\/100 tox|[from] Sandstorm\n|-damage|p2a: Ogerpon|29\/100 tox|[from] psn\n|upkeep\n|\n|t:|1699920328\n|switch|p1a: Kyurem|Kyurem, shiny|59\/100\n|-ability|p1a: Kyurem|Pressure\n|turn|22\n|\n|t:|1699920331\n|move|p2a: Ogerpon|Ivy Cudgel|p1a: Kyurem\n|-resisted|p1a: Kyurem\n|-damage|p1a: Kyurem|0 fnt\n|faint|p1a: Kyurem\n|\n|-weather|Sandstorm|[upkeep]\n|-damage|p2a: Ogerpon|23\/100 tox|[from] Sandstorm\n|-damage|p2a: Ogerpon|0 fnt|[from] psn\n|faint|p2a: Ogerpon\n|upkeep\n|\n|t:|1699920339\n|switch|p2a: Victini|Victini|100\/100\n|switch|p1a: Tapu Lele|Tapu Lele, shiny|10\/100\n|-fieldstart|move: Psychic Terrain|[from] ability: Psychic Surge|[of] p1a: Tapu Lele\n|turn|23\n|\n|t:|1699920347\n|move|p2a: Victini|Bolt Strike|p1a: Tapu Lele\n|-damage|p1a: Tapu Lele|0 fnt\n|faint|p1a: Tapu Lele\n|\n|-weather|Sandstorm|[upkeep]\n|-damage|p2a: Victini|94\/100|[from] Sandstorm\n|upkeep\n|\n|t:|1699920358\n|switch|p1a: Volcarona|Volcarona, M, shiny|100\/100\n|turn|24\n|\n|t:|1699920362\n|switch|p2a: Cinderace|Cinderace, M|100\/100\n|move|p1a: Volcarona|Quiver Dance|p1a: Volcarona\n|-boost|p1a: Volcarona|spa|1\n|-boost|p1a: Volcarona|spd|1\n|-boost|p1a: Volcarona|spe|1\n|\n|-weather|Sandstorm|[upkeep]\n|-damage|p1a: Volcarona|94\/100|[from] Sandstorm\n|-damage|p2a: Cinderace|95\/100|[from] Sandstorm\n|upkeep\n|turn|25\n|\n|t:|1699920371\n|move|p1a: Volcarona|Quiver Dance|p1a: Volcarona\n|-boost|p1a: Volcarona|spa|1\n|-boost|p1a: Volcarona|spd|1\n|-boost|p1a: Volcarona|spe|1\n|move|p2a: Cinderace|Pyro Ball|p1a: Volcarona\n|-damage|p1a: Volcarona|20\/100\n|\n|-weather|none\n|upkeep\n|turn|26\n|\n|t:|1699920381\n|switch|p2a: Beedrill|Beedrill-Mega, F|100\/100\n|-terastallize|p1a: Volcarona|Water\n|move|p1a: Volcarona|Tera Blast|p2a: Beedrill|[anim] Tera Blast Water\n|-damage|p2a: Beedrill|0 fnt\n|faint|p2a: Beedrill\n|\n|upkeep\n|\n|t:|1699920389\n|switch|p2a: Victini|Victini|94\/100\n|turn|27\n|\n|t:|1699920391\n|move|p1a: Volcarona|Tera Blast|p2a: Victini|[anim] Tera Blast Water\n|-supereffective|p2a: Victini\n|-damage|p2a: Victini|0 fnt\n|faint|p2a: Victini\n|\n|-fieldend|move: Psychic Terrain\n|upkeep\n|\n|t:|1699920394\n|switch|p2a: Cinderace|Cinderace, M|95\/100\n|turn|28\n|\n|t:|1699920398\n|move|p2a: Cinderace|Sucker Punch|p1a: Volcarona\n|-start|p2a: Cinderace|typechange|Dark|[from] ability: Libero\n|-damage|p1a: Volcarona|0 fnt\n|faint|p1a: Volcarona\n|\n|win|XX_1nfinity_XX\n|raw|Dahness's rating: 1592 &rarr; <strong>1565<\/strong><br \/>(-27 for losing)\n|raw|XX_1nfinity_XX's rating: 1471 &rarr; <strong>1498<\/strong><br \/>(+27 for winning)\n|l|\u2606Dahness\n","uploadtime":1699920415,"views":29,"p1id":"dahness","p2id":"xx1nfinityxx","formatid":"gen9nationaldex","rating":1498,"private":0,"password":""}