{"id":"gen9nationaldex-1990272164","p1":"slim36936","p2":"Hexsexual","format":"[Gen 9] National Dex","log":"|j|\u2606slim36936\n|j|\u2606Hexsexual\n|t:|1699948524\n|gametype|singles\n|player|p1|slim36936|red|1133\n|player|p2|Hexsexual|lance|1096\n|teamsize|p1|6\n|teamsize|p2|6\n|gen|9\n|tier|[Gen 9] National Dex\n|rated|\n|rule|HP Percentage Mod: HP is shown in percentages\n|rule|Endless Battle Clause: Forcing endless battles is banned\n|rule|OHKO Clause: OHKO moves are banned\n|rule|Evasion Clause: Evasion abilities, items, and moves are banned\n|rule|Evasion Abilities Clause: Evasion abilities are banned\n|rule|Evasion Items Clause: Evasion items are banned\n|rule|Evasion Moves Clause: Evasion moves are banned\n|rule|Species Clause: Limit one of each Pok\u00e9mon\n|rule|Sleep Clause Mod: Limit one foe put to sleep\n|clearpoke\n|poke|p1|Dragonite, M|\n|poke|p1|Ursaluna, F|\n|poke|p1|Tapu Koko|\n|poke|p1|Garchomp, M|\n|poke|p1|Hoopa-Unbound|\n|poke|p1|Moltres|\n|poke|p2|Probopass, M|\n|poke|p2|Great Tusk|\n|poke|p2|Torkoal, M|\n|poke|p2|Noivern, M|\n|poke|p2|Slither Wing|\n|poke|p2|Weezing-Galar, M|\n|teampreview\n|\n|t:|1699948534\n|start\n|switch|p1a: Tapu Koko|Tapu Koko|100\/100\n|switch|p2a: Weezing|Weezing-Galar, M|100\/100\n|-fieldstart|move: Electric Terrain|[from] ability: Electric Surge|[of] p1a: Tapu Koko\n|turn|1\n|\n|t:|1699948551\n|move|p1a: Tapu Koko|Volt Switch|p2a: Weezing\n|-damage|p2a: Weezing|26\/100\n|\n|t:|1699948555\n|switch|p1a: Garchomp|Garchomp, M|100\/100|[from] Volt Switch\n|move|p2a: Weezing|Toxic Spikes|p1a: Garchomp\n|-sidestart|p1: slim36936|move: Toxic Spikes\n|\n|-heal|p2a: Weezing|32\/100|[from] item: Leftovers\n|upkeep\n|turn|2\n|\n|t:|1699948567\n|move|p1a: Garchomp|Iron Head|p2a: Weezing\n|-supereffective|p2a: Weezing\n|-damage|p2a: Weezing|0 fnt\n|faint|p2a: Weezing\n|\n|upkeep\n|\n|t:|1699948577\n|switch|p2a: Noivern|Noivern, M|100\/100\n|turn|3\n|\n|t:|1699948587\n|switch|p1a: Moltres|Moltres|100\/100\n|move|p2a: Noivern|Draco Meteor|p1a: Moltres\n|-damage|p1a: Moltres|46\/100\n|-unboost|p2a: Noivern|spa|2\n|\n|upkeep\n|turn|4\n|\n|t:|1699948602\n|switch|p2a: Torkoal|Torkoal, M|100\/100\n|-weather|SunnyDay|[from] ability: Drought|[of] p2a: Torkoal\n|move|p1a: Moltres|Roost|p1a: Moltres\n|-heal|p1a: Moltres|96\/100\n|-singleturn|p1a: Moltres|move: Roost\n|\n|-weather|SunnyDay|[upkeep]\n|upkeep\n|turn|5\n|\n|t:|1699948621\n|switch|p2a: Great Tusk|Great Tusk|100\/100\n|-activate|p2a: Great Tusk|ability: Protosynthesis\n|-start|p2a: Great Tusk|protosynthesisatk\n|move|p1a: Moltres|Defog|p2a: Great Tusk\n|-unboost|p2a: Great Tusk|evasion|1\n|-sideend|p1: slim36936|Toxic Spikes|[from] move: Defog|[of] p1a: Moltres\n|-fieldend|move: Electric Terrain\n|\n|-weather|SunnyDay|[upkeep]\n|upkeep\n|turn|6\n|\n|t:|1699948639\n|move|p2a: Great Tusk|Smack Down|p1a: Moltres\n|-supereffective|p1a: Moltres\n|-damage|p1a: Moltres|36\/100\n|-start|p1a: Moltres|Smack Down\n|move|p1a: Moltres|U-turn|p2a: Great Tusk\n|-resisted|p2a: Great Tusk\n|-damage|p2a: Great Tusk|95\/100\n|\n|t:|1699948654\n|switch|p1a: Dragonite|Dragonite, M|100\/100|[from] U-turn\n|\n|-weather|SunnyDay|[upkeep]\n|upkeep\n|turn|7\n|\n|t:|1699948661\n|move|p2a: Great Tusk|Smack Down|p1a: Dragonite\n|-supereffective|p1a: Dragonite\n|-damage|p1a: Dragonite|75\/100\n|-start|p1a: Dragonite|Smack Down\n|move|p1a: Dragonite|Dual Wingbeat|p2a: Great Tusk\n|-supereffective|p2a: Great Tusk\n|-damage|p2a: Great Tusk|46\/100\n|-supereffective|p2a: Great Tusk\n|-damage|p2a: Great Tusk|0 fnt\n|faint|p2a: Great Tusk\n|-end|p2a: Great Tusk|Protosynthesis|[silent]\n|-hitcount|p2: Great Tusk|2\n|\n|-weather|SunnyDay|[upkeep]\n|upkeep\n|\n|t:|1699948675\n|switch|p2a: Noivern|Noivern, M|100\/100\n|turn|8\n|\n|t:|1699948683\n|switch|p1a: Garchomp|Garchomp, M|100\/100\n|move|p2a: Noivern|Dragon Pulse|p1a: Garchomp\n|-supereffective|p1a: Garchomp\n|-damage|p1a: Garchomp|18\/100\n|\n|-weather|SunnyDay|[upkeep]\n|upkeep\n|turn|9\n|\n|t:|1699948692\n|-terastallize|p1a: Garchomp|Ice\n|move|p1a: Garchomp|Outrage|p2a: Noivern\n|-supereffective|p2a: Noivern\n|-damage|p2a: Noivern|0 fnt\n|faint|p2a: Noivern\n|\n|-weather|SunnyDay|[upkeep]\n|upkeep\n|\n|t:|1699948703\n|switch|p2a: Torkoal|Torkoal, M|100\/100\n|turn|10\n|\n|t:|1699948707\n|move|p1a: Garchomp|Outrage|p2a: Torkoal|[from]lockedmove\n|-damage|p2a: Torkoal|55\/100\n|-start|p1a: Garchomp|confusion|[fatigue]\n|move|p2a: Torkoal|Weather Ball|p1a: Garchomp\n|-supereffective|p1a: Garchomp\n|-crit|p1a: Garchomp\n|-damage|p1a: Garchomp|0 fnt\n|faint|p1a: Garchomp\n|\n|-weather|SunnyDay|[upkeep]\n|upkeep\n|\n|t:|1699948722\n|switch|p1a: Hoopa|Hoopa-Unbound|100\/100\n|turn|11\n|\n|t:|1699948732\n|move|p1a: Hoopa|Nasty Plot|p1a: Hoopa\n|-boost|p1a: Hoopa|spa|2\n|move|p2a: Torkoal|Weather Ball|p1a: Hoopa\n|-damage|p1a: Hoopa|39\/100\n|\n|-weather|none\n|upkeep\n|turn|12\n|\n|t:|1699948747\n|move|p1a: Hoopa|Dark Pulse|p2a: Torkoal\n|-crit|p2a: Torkoal\n|-damage|p2a: Torkoal|0 fnt\n|faint|p2a: Torkoal\n|\n|upkeep\n|\n|t:|1699948754\n|switch|p2a: Probopass|Probopass, M|100\/100\n|-item|p2a: Probopass|Air Balloon\n|turn|13\n|\n|t:|1699948761\n|-zpower|p1a: Hoopa\n|move|p1a: Hoopa|All-Out Pummeling|p2a: Probopass|[zeffect]\n|-supereffective|p2a: Probopass\n|-ability|p2a: Probopass|Sturdy\n|-damage|p2a: Probopass|1\/100\n|-enditem|p2a: Probopass|Air Balloon\n|move|p2a: Probopass|Body Press|p1a: Hoopa\n|-damage|p1a: Hoopa|0 fnt\n|faint|p1a: Hoopa\n|\n|upkeep\n|\n|t:|1699948776\n|switch|p1a: Dragonite|Dragonite, M|75\/100\n|turn|14\n|\n|t:|1699948788\n|move|p2a: Probopass|Protect|p2a: Probopass\n|-singleturn|p2a: Probopass|Protect\n|move|p1a: Dragonite|Extreme Speed|p2a: Probopass\n|-activate|p2a: Probopass|move: Protect\n|\n|upkeep\n|turn|15\n|\n|t:|1699948795\n|move|p1a: Dragonite|Extreme Speed|p2a: Probopass\n|-resisted|p2a: Probopass\n|-damage|p2a: Probopass|0 fnt\n|faint|p2a: Probopass\n|\n|upkeep\n|\n|t:|1699948800\n|switch|p2a: Slither Wing|Slither Wing|100\/100\n|turn|16\n|\n|t:|1699948811\n|switch|p1a: Moltres|Moltres|36\/100\n|move|p2a: Slither Wing|First Impression|p1a: Moltres\n|-resisted|p1a: Moltres\n|-damage|p1a: Moltres|27\/100\n|\n|upkeep\n|turn|17\n|\n|t:|1699948818\n|move|p2a: Slither Wing|Close Combat|p1a: Moltres\n|-resisted|p1a: Moltres\n|-damage|p1a: Moltres|6\/100\n|-unboost|p2a: Slither Wing|def|1\n|-unboost|p2a: Slither Wing|spd|1\n|move|p1a: Moltres|Roost|p1a: Moltres\n|-heal|p1a: Moltres|56\/100\n|-singleturn|p1a: Moltres|move: Roost\n|\n|upkeep\n|turn|18\n|\n|t:|1699948830\n|move|p2a: Slither Wing|Lunge|p1a: Moltres\n|-resisted|p1a: Moltres\n|-damage|p1a: Moltres|49\/100\n|-unboost|p1a: Moltres|atk|1\n|move|p1a: Moltres|Roost|p1a: Moltres\n|-heal|p1a: Moltres|99\/100\n|-singleturn|p1a: Moltres|move: Roost\n|\n|upkeep\n|turn|19\n|\n|t:|1699948839\n|move|p2a: Slither Wing|Lunge|p1a: Moltres\n|-resisted|p1a: Moltres\n|-damage|p1a: Moltres|92\/100\n|-unboost|p1a: Moltres|atk|1\n|move|p1a: Moltres|Flamethrower|p2a: Slither Wing\n|-supereffective|p2a: Slither Wing\n|-damage|p2a: Slither Wing|0 fnt\n|faint|p2a: Slither Wing\n|-end|p2a: Slither Wing|Protosynthesis|[silent]\n|\n|win|slim36936\n|raw|slim36936's rating: 1133 &rarr; <strong>1155<\/strong><br \/>(+22 for winning)\n|raw|Hexsexual's rating: 1096 &rarr; <strong>1074<\/strong><br \/>(-22 for losing)\n|l|\u2606Hexsexual\n","uploadtime":1699948865,"views":7,"p1id":"slim36936","p2id":"hexsexual","formatid":"gen9nationaldex","rating":1074,"private":0,"password":""}