{"id":"gen9nationaldex-1998397233","p1":"vertigou","p2":"Natus19","format":"[Gen 9] National Dex","log":"|html|<div class=\"broadcast-blue\"><strong>[Gen 9] National Dex is currently suspecting Sneasler! For information on how to participate check out the <a href=\"https:\/\/www.smogon.com\/forums\/threads\/sv-national-dex-suspect-8-just-dance.3731534\/\">suspect thread<\/a>.<\/strong><\/div>\n|j|\u2606vertigou\n|j|\u2606Natus19\n|t:|1700937737\n|gametype|singles\n|player|p1|vertigou|gambler|\n|player|p2|Natus19|benga|\n|teamsize|p1|6\n|teamsize|p2|6\n|gen|9\n|tier|[Gen 9] National Dex\n|rule|HP Percentage Mod: HP is shown in percentages\n|rule|Endless Battle Clause: Forcing endless battles is banned\n|rule|OHKO Clause: OHKO moves are banned\n|rule|Evasion Clause: Evasion abilities, items, and moves are banned\n|rule|Evasion Abilities Clause: Evasion abilities are banned\n|rule|Evasion Items Clause: Evasion items are banned\n|rule|Evasion Moves Clause: Evasion moves are banned\n|rule|Species Clause: Limit one of each Pok\u00e9mon\n|rule|Sleep Clause Mod: Limit one foe put to sleep\n|clearpoke\n|poke|p1|Meowscarada, M|\n|poke|p1|Lycanroc, F|\n|poke|p1|Pawmot, F|\n|poke|p1|Dudunsparce-*, M|\n|poke|p1|Goodra, M|\n|poke|p1|Orthworm, F|\n|poke|p2|Charizard, F|\n|poke|p2|Aegislash, M|\n|poke|p2|Haxorus, F|\n|poke|p2|Rhyperior, F|\n|poke|p2|Cinderace, F|\n|poke|p2|Rillaboom, F|\n|teampreview\n|inactive|Battle timer is ON: inactive players will automatically lose when time's up. (requested by Natus19)\n|\n|t:|1700937770\n|start\n|switch|p1a: Meowscarada|Meowscarada, M, shiny|100\/100\n|switch|p2a: Griok|Charizard, F, shiny|100\/100\n|turn|1\n|\n|t:|1700937794\n|switch|p1a: Lycanroc|Lycanroc, F|100\/100\n|detailschange|p2a: Griok|Charizard-Mega-Y, F, shiny\n|-mega|p2a: Griok|Charizard|Charizardite Y\n|-weather|SunnyDay|[from] ability: Drought|[of] p2a: Griok\n|move|p2a: Griok|Weather Ball|p1a: Lycanroc\n|-resisted|p1a: Lycanroc\n|-damage|p1a: Lycanroc|21\/100\n|\n|-weather|SunnyDay|[upkeep]\n|upkeep\n|turn|2\n|\n|t:|1700937807\n|switch|p2a: Rillaboom|Rillaboom, F, shiny|100\/100\n|-fieldstart|move: Grassy Terrain|[from] ability: Grassy Surge|[of] p2a: Rillaboom\n|move|p1a: Lycanroc|Stone Edge|p2a: Rillaboom\n|-damage|p2a: Rillaboom|38\/100\n|-damage|p1a: Lycanroc|11\/100|[from] item: Life Orb\n|\n|-weather|SunnyDay|[upkeep]\n|-heal|p1a: Lycanroc|18\/100|[from] Grassy Terrain\n|-heal|p2a: Rillaboom|44\/100|[from] Grassy Terrain\n|upkeep\n|turn|3\n|\n|t:|1700937819\n|switch|p1a: Goodra|Goodra, M|100\/100\n|move|p2a: Rillaboom|Grassy Glide|p1a: Goodra\n|-ability|p1a: Goodra|Sap Sipper|boost\n|-boost|p1a: Goodra|atk|1\n|\n|-weather|SunnyDay|[upkeep]\n|-heal|p2a: Rillaboom|50\/100|[from] Grassy Terrain\n|upkeep\n|turn|4\n|\n|t:|1700937835\n|switch|p2a: Apache|Rhyperior, F, shiny|100\/100\n|move|p1a: Goodra|Acid Spray|p2a: Apache\n|-resisted|p2a: Apache\n|-crit|p2a: Apache\n|-damage|p2a: Apache|97\/100\n|-unboost|p2a: Apache|spd|2\n|\n|-weather|SunnyDay|[upkeep]\n|-heal|p2a: Apache|100\/100|[from] Grassy Terrain\n|upkeep\n|turn|5\n|\n|t:|1700937849\n|move|p1a: Goodra|Draco Meteor|p2a: Apache\n|-damage|p2a: Apache|15\/100\n|-unboost|p1a: Goodra|spa|2\n|move|p2a: Apache|Stone Edge|p1a: Goodra\n|-crit|p1a: Goodra\n|-damage|p1a: Goodra|4\/100\n|\n|-weather|none\n|-heal|p1a: Goodra|10\/100|[from] Grassy Terrain\n|-heal|p2a: Apache|21\/100|[from] Grassy Terrain\n|-heal|p2a: Apache|28\/100|[from] item: Leftovers\n|upkeep\n|turn|6\n|inactive|vertigou has 270 seconds left.\n|\n|t:|1700937865\n|switch|p1a: Dudunsparce|Dudunsparce, M|100\/100\n|move|p2a: Apache|Stone Edge|p1a: Dudunsparce|[miss]\n|-miss|p2a: Apache|p1a: Dudunsparce\n|\n|-heal|p2a: Apache|34\/100|[from] Grassy Terrain\n|-heal|p2a: Apache|40\/100|[from] item: Leftovers\n|-fieldend|move: Grassy Terrain\n|upkeep\n|turn|7\n|inactive|vertigou has 270 seconds left.\n|\n|t:|1700937879\n|move|p1a: Dudunsparce|Body Slam|p2a: Apache\n|-resisted|p2a: Apache\n|-damage|p2a: Apache|30\/100\n|-status|p2a: Apache|par\n|move|p2a: Apache|Stealth Rock|p1a: Dudunsparce\n|-sidestart|p1: vertigou|move: Stealth Rock\n|\n|-heal|p2a: Apache|37\/100 par|[from] item: Leftovers\n|upkeep\n|turn|8\n|\n|t:|1700937887\n|move|p1a: Dudunsparce|Substitute|p1a: Dudunsparce\n|-start|p1a: Dudunsparce|Substitute\n|-damage|p1a: Dudunsparce|76\/100\n|cant|p2a: Apache|par\n|\n|-heal|p1a: Dudunsparce|82\/100|[from] item: Leftovers\n|-heal|p2a: Apache|43\/100 par|[from] item: Leftovers\n|upkeep\n|turn|9\n|\n|t:|1700937894\n|move|p1a: Dudunsparce|Coil|p1a: Dudunsparce\n|-boost|p1a: Dudunsparce|atk|1\n|-boost|p1a: Dudunsparce|def|1\n|-boost|p1a: Dudunsparce|accuracy|1\n|move|p2a: Apache|Earthquake|p1a: Dudunsparce\n|-end|p1a: Dudunsparce|Substitute\n|\n|-heal|p1a: Dudunsparce|88\/100|[from] item: Leftovers\n|-heal|p2a: Apache|49\/100 par|[from] item: Leftovers\n|upkeep\n|turn|10\n|\n|t:|1700937903\n|move|p1a: Dudunsparce|Coil|p1a: Dudunsparce\n|-boost|p1a: Dudunsparce|atk|1\n|-boost|p1a: Dudunsparce|def|1\n|-boost|p1a: Dudunsparce|accuracy|1\n|move|p2a: Apache|Earthquake|p1a: Dudunsparce\n|-damage|p1a: Dudunsparce|66\/100\n|\n|-heal|p1a: Dudunsparce|72\/100|[from] item: Leftovers\n|-heal|p2a: Apache|55\/100 par|[from] item: Leftovers\n|upkeep\n|turn|11\n|j| newluka\n|\n|t:|1700937911\n|move|p1a: Dudunsparce|Substitute|p1a: Dudunsparce\n|-start|p1a: Dudunsparce|Substitute\n|-damage|p1a: Dudunsparce|47\/100\n|cant|p2a: Apache|par\n|\n|-heal|p1a: Dudunsparce|53\/100|[from] item: Leftovers\n|-heal|p2a: Apache|62\/100 par|[from] item: Leftovers\n|upkeep\n|turn|12\n|\n|t:|1700937918\n|move|p1a: Dudunsparce|Roost|p1a: Dudunsparce\n|-heal|p1a: Dudunsparce|100\/100\n|-singleturn|p1a: Dudunsparce|move: Roost\n|move|p2a: Apache|Stone Edge|p1a: Dudunsparce\n|-activate|p1a: Dudunsparce|move: Substitute|[damage]\n|\n|-heal|p2a: Apache|68\/100 par|[from] item: Leftovers\n|upkeep\n|turn|13\n|c| newluka|Dale Verti\n|\n|t:|1700937925\n|move|p1a: Dudunsparce|Coil|p1a: Dudunsparce\n|-boost|p1a: Dudunsparce|atk|1\n|-boost|p1a: Dudunsparce|def|1\n|-boost|p1a: Dudunsparce|accuracy|1\n|move|p2a: Apache|Stone Edge|p1a: Dudunsparce|[miss]\n|-miss|p2a: Apache|p1a: Dudunsparce\n|\n|-heal|p2a: Apache|74\/100 par|[from] item: Leftovers\n|upkeep\n|turn|14\n|\n|t:|1700937935\n|move|p1a: Dudunsparce|Body Slam|p2a: Apache\n|-resisted|p2a: Apache\n|-damage|p2a: Apache|52\/100 par\n|move|p2a: Apache|Stone Edge|p1a: Dudunsparce\n|-end|p1a: Dudunsparce|Substitute\n|\n|-heal|p2a: Apache|59\/100 par|[from] item: Leftovers\n|upkeep\n|turn|15\n|\n|t:|1700937947\n|switch|p2a: Griok|Charizard-Mega-Y, F, shiny|100\/100\n|-weather|SunnyDay|[from] ability: Drought|[of] p2a: Griok\n|move|p1a: Dudunsparce|Body Slam|p2a: Griok\n|-damage|p2a: Griok|0 fnt\n|faint|p2a: Griok\n|\n|-weather|SunnyDay|[upkeep]\n|upkeep\n|\n|t:|1700937954\n|switch|p2a: Jack|Aegislash, M, shiny|100\/100\n|turn|16\n|\n|t:|1700937975\n|move|p2a: Jack|Swords Dance|p2a: Jack\n|-boost|p2a: Jack|atk|2\n|move|p1a: Dudunsparce|Substitute|p1a: Dudunsparce\n|-start|p1a: Dudunsparce|Substitute\n|-damage|p1a: Dudunsparce|76\/100\n|\n|-weather|SunnyDay|[upkeep]\n|-heal|p1a: Dudunsparce|82\/100|[from] item: Leftovers\n|upkeep\n|turn|17\n|\n|t:|1700937986\n|switch|p1a: Meowscarada|Meowscarada, M, shiny|100\/100\n|-damage|p1a: Meowscarada|88\/100|[from] Stealth Rock\n|move|p2a: Jack|King's Shield||[still]\n|-fail|p2a: Jack\n|\n|-weather|SunnyDay|[upkeep]\n|upkeep\n|turn|18\n|\n|t:|1700937995\n|move|p2a: Jack|King's Shield|p2a: Jack\n|-singleturn|p2a: Jack|Protect\n|move|p1a: Meowscarada|Knock Off|p2a: Jack\n|-start|p1a: Meowscarada|typechange|Dark|[from] ability: Protean\n|-activate|p2a: Jack|move: Protect\n|-unboost|p1a: Meowscarada|atk|1\n|\n|-weather|SunnyDay|[upkeep]\n|upkeep\n|turn|19\n|\n|t:|1700938006\n|move|p1a: Meowscarada|Knock Off|p2a: Jack\n|-supereffective|p2a: Jack\n|-damage|p2a: Jack|24\/100\n|-enditem|p2a: Jack|Weakness Policy\n|-boost|p2a: Jack|atk|2|[from] item: Weakness Policy\n|-boost|p2a: Jack|spa|2|[from] item: Weakness Policy\n|-formechange|p2a: Jack|Aegislash-Blade||[from] ability: Stance Change\n|move|p2a: Jack|Iron Head|p1a: Meowscarada\n|-damage|p1a: Meowscarada|0 fnt\n|faint|p1a: Meowscarada\n|\n|-weather|none\n|upkeep\n|inactive|vertigou has 270 seconds left.\n|\n|t:|1700938038\n|switch|p1a: Goodra|Goodra, M|10\/100\n|-damage|p1a: Goodra|0 fnt|[from] Stealth Rock\n|faint|p1a: Goodra\n|\n|t:|1700938047\n|switch|p1a: Lycanroc|Lycanroc, F|18\/100\n|-damage|p1a: Lycanroc|5\/100|[from] Stealth Rock\n|turn|20\n|inactive|vertigou has 270 seconds left.\n|\n|t:|1700938053\n|-formechange|p2a: Jack|Aegislash||[from] ability: Stance Change\n|move|p2a: Jack|King's Shield|p2a: Jack\n|-singleturn|p2a: Jack|Protect\n|move|p1a: Lycanroc|Accelerock|p2a: Jack\n|-activate|p2a: Jack|move: Protect\n|-unboost|p1a: Lycanroc|atk|1\n|\n|upkeep\n|turn|21\n|inactive|vertigou has 270 seconds left.\n|\n|t:|1700938064\n|move|p1a: Lycanroc|Accelerock|p2a: Jack\n|-resisted|p2a: Jack\n|-damage|p2a: Jack|17\/100\n|-damage|p1a: Lycanroc|0 fnt|[from] item: Life Orb\n|faint|p1a: Lycanroc\n|-formechange|p2a: Jack|Aegislash-Blade||[from] ability: Stance Change\n|move|p2a: Jack|Shadow Sneak|p1: Lycanroc|[notarget]\n|-fail|p2a: Jack\n|\n|upkeep\n|inactive|vertigou has 270 seconds left.\n|\n|t:|1700938072\n|switch|p1a: Pawmot|Pawmot, F|100\/100\n|-damage|p1a: Pawmot|94\/100|[from] Stealth Rock\n|turn|22\n|\n|t:|1700938079\n|-formechange|p2a: Jack|Aegislash||[from] ability: Stance Change\n|move|p2a: Jack|King's Shield|p2a: Jack\n|-singleturn|p2a: Jack|Protect\n|move|p1a: Pawmot|Revival Blessing|p1a: Pawmot\n|\n|t:|1700938088\n|-heal|p1: Lycanroc|50\/100|[from] move: Revival Blessing\n|\n|upkeep\n|turn|23\n|\n|t:|1700938098\n|switch|p1a: Dudunsparce|Dudunsparce, M|82\/100\n|-damage|p1a: Dudunsparce|69\/100|[from] Stealth Rock\n|-formechange|p2a: Jack|Aegislash-Blade||[from] ability: Stance Change\n|move|p2a: Jack|Iron Head|p1a: Dudunsparce\n|-damage|p1a: Dudunsparce|0 fnt\n|faint|p1a: Dudunsparce\n|\n|upkeep\n|\n|t:|1700938111\n|switch|p1a: Lycanroc|Lycanroc, F|50\/100\n|-damage|p1a: Lycanroc|38\/100|[from] Stealth Rock\n|turn|24\n|\n|t:|1700938114\n|-formechange|p2a: Jack|Aegislash||[from] ability: Stance Change\n|move|p2a: Jack|King's Shield|p2a: Jack\n|-singleturn|p2a: Jack|Protect\n|move|p1a: Lycanroc|Swords Dance|p1a: Lycanroc\n|-boost|p1a: Lycanroc|atk|2\n|\n|upkeep\n|turn|25\n|\n|t:|1700938129\n|move|p2a: Jack|King's Shield|p2a: Jack\n|-singleturn|p2a: Jack|Protect\n|move|p1a: Lycanroc|Stone Edge|p2a: Jack\n|-activate|p2a: Jack|move: Protect\n|\n|upkeep\n|turn|26\n|\n|t:|1700938135\n|-formechange|p2a: Jack|Aegislash-Blade||[from] ability: Stance Change\n|move|p2a: Jack|Shadow Sneak|p1a: Lycanroc\n|-damage|p1a: Lycanroc|0 fnt\n|faint|p1a: Lycanroc\n|\n|upkeep\n|\n|t:|1700938140\n|switch|p1a: Orthworm|Orthworm, F|100\/100\n|-damage|p1a: Orthworm|94\/100|[from] Stealth Rock\n|turn|27\n|\n|t:|1700938147\n|-formechange|p2a: Jack|Aegislash||[from] ability: Stance Change\n|move|p2a: Jack|King's Shield|p2a: Jack\n|-singleturn|p2a: Jack|Protect\n|move|p1a: Orthworm|Iron Defense|p1a: Orthworm\n|-boost|p1a: Orthworm|def|2\n|\n|upkeep\n|turn|28\n|\n|t:|1700938155\n|move|p1a: Orthworm|Iron Defense|p1a: Orthworm\n|-boost|p1a: Orthworm|def|2\n|-formechange|p2a: Jack|Aegislash-Blade||[from] ability: Stance Change\n|move|p2a: Jack|Iron Head|p1a: Orthworm\n|-resisted|p1a: Orthworm\n|-damage|p1a: Orthworm|82\/100\n|\n|upkeep\n|turn|29\n|\n|t:|1700938162\n|move|p2a: Jack|Shadow Sneak|p1a: Orthworm\n|-damage|p1a: Orthworm|70\/100\n|move|p1a: Orthworm|Iron Defense|p1a: Orthworm\n|-boost|p1a: Orthworm|def|2\n|\n|upkeep\n|turn|30\n|\n|t:|1700938169\n|move|p2a: Jack|Shadow Sneak|p1a: Orthworm\n|-damage|p1a: Orthworm|59\/100\n|move|p1a: Orthworm|Stealth Rock|p2a: Jack\n|-sidestart|p2: Natus19|move: Stealth Rock\n|\n|upkeep\n|turn|31\n|\n|t:|1700938175\n|move|p2a: Jack|Shadow Sneak|p1a: Orthworm\n|-damage|p1a: Orthworm|49\/100\n|-enditem|p1a: Orthworm|Sitrus Berry|[eat]\n|-heal|p1a: Orthworm|74\/100|[from] item: Sitrus Berry\n|move|p1a: Orthworm|Heavy Slam|p2a: Jack\n|-resisted|p2a: Jack\n|-damage|p2a: Jack|0 fnt\n|faint|p2a: Jack\n|\n|upkeep\n|\n|t:|1700938178\n|switch|p2a: Benito Messi|Cinderace, F, shiny|100\/100\n|turn|32\n|\n|t:|1700938188\n|-terastallize|p1a: Orthworm|Water\n|move|p2a: Benito Messi|Pyro Ball|p1a: Orthworm\n|-resisted|p1a: Orthworm\n|-damage|p1a: Orthworm|70\/100\n|move|p1a: Orthworm|Body Press|p2a: Benito Messi\n|-damage|p2a: Benito Messi|0 fnt\n|faint|p2a: Benito Messi\n|\n|upkeep\n|\n|t:|1700938193\n|switch|p2a: Rillaboom|Rillaboom, F, shiny|50\/100\n|-damage|p2a: Rillaboom|38\/100|[from] Stealth Rock\n|-fieldstart|move: Grassy Terrain|[from] ability: Grassy Surge|[of] p2a: Rillaboom\n|turn|33\n|\n|t:|1700938209\n|-terastallize|p2a: Rillaboom|Grass\n|move|p2a: Rillaboom|Wood Hammer|p1a: Orthworm\n|-supereffective|p1a: Orthworm\n|-damage|p1a: Orthworm|23\/100\n|-damage|p2a: Rillaboom|22\/100|[from] Recoil\n|move|p1a: Orthworm|Body Press|p2a: Rillaboom\n|-damage|p2a: Rillaboom|0 fnt\n|faint|p2a: Rillaboom\n|\n|-heal|p1a: Orthworm|29\/100|[from] Grassy Terrain\n|upkeep\n|\n|t:|1700938222\n|switch|p2a: Axe|Haxorus, F, shiny|100\/100\n|-ability|p2a: Axe|Unnerve\n|-damage|p2a: Axe|88\/100|[from] Stealth Rock\n|turn|34\n|c| newluka|Dale Verti\n|inactive|vertigou has 270 seconds left.\n|\n|t:|1700938254\n|move|p2a: Axe|Outrage|p1a: Orthworm\n|-damage|p1a: Orthworm|19\/100\n|move|p1a: Orthworm|Body Press|p2a: Axe\n|-damage|p2a: Axe|0 fnt\n|faint|p2a: Axe\n|\n|-heal|p1a: Orthworm|25\/100|[from] Grassy Terrain\n|upkeep\n|\n|t:|1700938257\n|switch|p2a: Apache|Rhyperior, F, shiny|59\/100 par\n|-damage|p2a: Apache|52\/100 par|[from] Stealth Rock\n|turn|35\n|\n|t:|1700938264\n|move|p1a: Orthworm|Body Press|p2a: Apache\n|-supereffective|p2a: Apache\n|-damage|p2a: Apache|0 fnt\n|faint|p2a: Apache\n|\n|win|vertigou\n|l|\u2606Natus19\n|c|\u2606vertigou|SIIIIIIIIIIIIIIIIIIIIIIIIIIIIIIIIII\n|c|\u2606vertigou|JODER\n|j| Vaictador\n","uploadtime":1700938293,"views":9,"p1id":"vertigou","p2id":"natus19","formatid":"gen9nationaldex","rating":0,"private":0,"password":""}