{"id":"gen9nationaldex-1996015932","p1":"PolarKnight3739","p2":"ThatSlickBoi","format":"[Gen 9] National Dex","log":"|html|<div class=\"broadcast-blue\"><strong>[Gen 9] National Dex is currently suspecting Sneasler! For information on how to participate check out the <a href=\"https:\/\/www.smogon.com\/forums\/threads\/sv-national-dex-suspect-8-just-dance.3731534\/\">suspect thread<\/a>.<\/strong><\/div>\n|j|\u2606PolarKnight3739\n|j|\u2606ThatSlickBoi\n|t:|1700629760\n|gametype|singles\n|player|p1|PolarKnight3739|backpacker|\n|player|p2|ThatSlickBoi|harlequin|\n|teamsize|p1|6\n|teamsize|p2|6\n|gen|9\n|tier|[Gen 9] National Dex\n|rule|HP Percentage Mod: HP is shown in percentages\n|rule|Endless Battle Clause: Forcing endless battles is banned\n|rule|OHKO Clause: OHKO moves are banned\n|rule|Evasion Clause: Evasion abilities, items, and moves are banned\n|rule|Evasion Abilities Clause: Evasion abilities are banned\n|rule|Evasion Items Clause: Evasion items are banned\n|rule|Evasion Moves Clause: Evasion moves are banned\n|rule|Species Clause: Limit one of each Pok\u00e9mon\n|rule|Sleep Clause Mod: Limit one foe put to sleep\n|clearpoke\n|poke|p1|Registeel|\n|poke|p1|Heracross, F|\n|poke|p1|Landorus-Therian, M|\n|poke|p1|Kyurem|\n|poke|p1|Swampert, M|\n|poke|p1|Medicham, F|\n|poke|p2|Great Tusk|\n|poke|p2|Iron Hands|\n|poke|p2|Heatran, M|\n|poke|p2|Walrein, M|\n|poke|p2|Iron Treads|\n|poke|p2|Celebi|\n|teampreview\n|\n|t:|1700629770\n|start\n|switch|p1a: Landorus|Landorus-Therian, M|100\/100\n|switch|p2a: Great Tusk|Great Tusk|100\/100\n|-ability|p1a: Landorus|Intimidate|boost\n|-unboost|p2a: Great Tusk|atk|1\n|turn|1\n|\n|t:|1700629818\n|-end|p2a: Great Tusk|Protosynthesis|[silent]\n|switch|p2a: Heatran|Heatran, M, shiny|100\/100\n|move|p1a: Landorus|Swords Dance|p1a: Landorus\n|-boost|p1a: Landorus|atk|2\n|\n|upkeep\n|turn|2\n|\n|t:|1700629846\n|move|p1a: Landorus|Earthquake|p2a: Heatran\n|-supereffective|p2a: Heatran\n|-damage|p2a: Heatran|0 fnt\n|faint|p2a: Heatran\n|\n|upkeep\n|\n|t:|1700629857\n|switch|p2a: Iron Hands|Iron Hands|100\/100\n|turn|3\n|\n|t:|1700629865\n|move|p1a: Landorus|Swords Dance|p1a: Landorus\n|-boost|p1a: Landorus|atk|2\n|move|p2a: Iron Hands|Drain Punch|p1a: Landorus\n|-resisted|p1a: Landorus\n|-crit|p1a: Landorus\n|-damage|p1a: Landorus|62\/100\n|\n|-heal|p1a: Landorus|68\/100|[from] item: Leftovers\n|upkeep\n|turn|4\n|\n|t:|1700629875\n|-end|p2a: Iron Hands|Quark Drive|[silent]\n|switch|p2a: Celebi|Celebi, shiny|100\/100\n|move|p1a: Landorus|Earthquake|p2a: Celebi\n|-resisted|p2a: Celebi\n|-damage|p2a: Celebi|30\/100\n|\n|-heal|p1a: Landorus|74\/100|[from] item: Leftovers\n|upkeep\n|turn|5\n|\n|t:|1700629892\n|switch|p1a: Kyurem|Kyurem|100\/100\n|-ability|p1a: Kyurem|Pressure\n|move|p2a: Celebi|Leech Seed|p1a: Kyurem\n|-start|p1a: Kyurem|move: Leech Seed\n|\n|-damage|p1a: Kyurem|88\/100|[from] Leech Seed|[of] p2a: Celebi\n|-heal|p2a: Celebi|42\/100|[silent]\n|upkeep\n|turn|6\n|\n|t:|1700629947\n|move|p1a: Kyurem|Substitute|p1a: Kyurem\n|-start|p1a: Kyurem|Substitute\n|-damage|p1a: Kyurem|63\/100\n|move|p2a: Celebi|Substitute|p2a: Celebi\n|-start|p2a: Celebi|Substitute\n|-damage|p2a: Celebi|18\/100\n|\n|-damage|p1a: Kyurem|51\/100|[from] Leech Seed|[of] p2a: Celebi\n|-heal|p2a: Celebi|30\/100|[silent]\n|upkeep\n|turn|7\n|\n|t:|1700629978\n|switch|p2a: Iron Treads|Iron Treads|100\/100\n|move|p1a: Kyurem|Roost|p1a: Kyurem\n|-heal|p1a: Kyurem|100\/100\n|-singleturn|p1a: Kyurem|move: Roost\n|\n|-damage|p1a: Kyurem|88\/100|[from] Leech Seed|[of] p2a: Iron Treads\n|upkeep\n|turn|8\n|\n|t:|1700629991\n|move|p2a: Iron Treads|Flash Cannon|p1a: Kyurem\n|-supereffective|p1a: Kyurem\n|-end|p1a: Kyurem|Substitute\n|move|p1a: Kyurem|Icicle Spear|p2a: Iron Treads\n|-damage|p2a: Iron Treads|90\/100\n|-damage|p2a: Iron Treads|81\/100\n|-hitcount|p2a: Iron Treads|2\n|\n|-damage|p1a: Kyurem|76\/100|[from] Leech Seed|[of] p2a: Iron Treads\n|-heal|p2a: Iron Treads|96\/100|[silent]\n|upkeep\n|turn|9\n|\n|t:|1700630010\n|switch|p1a: Medicham|Medicham, F|100\/100\n|move|p2a: Iron Treads|Endeavor|p1a: Medicham\n|-immune|p1a: Medicham\n|\n|upkeep\n|turn|10\n|\n|t:|1700630026\n|-end|p2a: Iron Treads|Quark Drive|[silent]\n|switch|p2a: Iron Hands|Iron Hands|100\/100\n|move|p1a: Medicham|Close Combat|p2a: Iron Hands\n|-damage|p2a: Iron Hands|50\/100\n|-unboost|p1a: Medicham|def|1\n|-unboost|p1a: Medicham|spd|1\n|\n|-heal|p2a: Iron Hands|56\/100|[from] item: Leftovers\n|upkeep\n|turn|11\n|\n|t:|1700630042\n|move|p1a: Medicham|Close Combat|p2a: Iron Hands\n|-damage|p2a: Iron Hands|11\/100\n|-unboost|p1a: Medicham|def|1\n|-unboost|p1a: Medicham|spd|1\n|move|p2a: Iron Hands|Seismic Toss|p1a: Medicham\n|-damage|p1a: Medicham|62\/100\n|\n|-heal|p2a: Iron Hands|17\/100|[from] item: Leftovers\n|upkeep\n|turn|12\n|\n|t:|1700630058\n|-end|p2a: Iron Hands|Quark Drive|[silent]\n|switch|p2a: Walrein|Walrein, M|100\/100\n|move|p1a: Medicham|Zen Headbutt|p2a: Walrein\n|-damage|p2a: Walrein|58\/100\n|\n|upkeep\n|turn|13\n|\n|t:|1700630067\n|switch|p1a: Landorus|Landorus-Therian, M|74\/100\n|-ability|p1a: Landorus|Intimidate|boost\n|-unboost|p2a: Walrein|atk|1\n|move|p2a: Walrein|Ice Fang|p1a: Landorus\n|-supereffective|p1a: Landorus\n|-damage|p1a: Landorus|10\/100\n|\n|-heal|p1a: Landorus|16\/100|[from] item: Leftovers\n|upkeep\n|turn|14\n|\n|t:|1700630078\n|switch|p2a: Great Tusk|Great Tusk|100\/100\n|move|p1a: Landorus|Earthquake|p2a: Great Tusk\n|-damage|p2a: Great Tusk|62\/100\n|\n|-heal|p1a: Landorus|22\/100|[from] item: Leftovers\n|upkeep\n|turn|15\n|\n|t:|1700630109\n|move|p1a: Landorus|Stealth Rock|p2a: Great Tusk\n|-sidestart|p2: ThatSlickBoi|move: Stealth Rock\n|move|p2a: Great Tusk|Ice Spinner|p1a: Landorus\n|-supereffective|p1a: Landorus\n|-damage|p1a: Landorus|0 fnt\n|faint|p1a: Landorus\n|\n|upkeep\n|\n|t:|1700630118\n|switch|p1a: Heracross|Heracross, F|100\/100\n|turn|16\n|\n|t:|1700630125\n|move|p2a: Great Tusk|Earthquake|p1a: Heracross\n|-resisted|p1a: Heracross\n|-damage|p1a: Heracross|62\/100\n|move|p1a: Heracross|Swords Dance|p1a: Heracross\n|-boost|p1a: Heracross|atk|2\n|\n|-status|p1a: Heracross|brn|[from] item: Flame Orb\n|upkeep\n|turn|17\n|\n|t:|1700630142\n|move|p2a: Great Tusk|Close Combat|p1a: Heracross\n|-resisted|p1a: Heracross\n|-damage|p1a: Heracross|18\/100 brn\n|-unboost|p2a: Great Tusk|def|1\n|-unboost|p2a: Great Tusk|spd|1\n|move|p1a: Heracross|Facade|p2a: Great Tusk\n|-damage|p2a: Great Tusk|0 fnt\n|faint|p2a: Great Tusk\n|-end|p2a: Great Tusk|Protosynthesis|[silent]\n|\n|-damage|p1a: Heracross|12\/100 brn|[from] brn\n|upkeep\n|\n|t:|1700630157\n|switch|p2a: Iron Treads|Iron Treads|96\/100\n|-damage|p2a: Iron Treads|93\/100|[from] Stealth Rock\n|turn|18\n|\n|t:|1700630165\n|move|p2a: Iron Treads|Rapid Spin|p1a: Heracross\n|-damage|p1a: Heracross|0 fnt\n|-boost|p2a: Iron Treads|spe|1\n|-sideend|p2: ThatSlickBoi|Stealth Rock|[from] move: Rapid Spin|[of] p2a: Iron Treads\n|faint|p1a: Heracross\n|\n|upkeep\n|\n|t:|1700630171\n|switch|p1a: Registeel|Registeel|100\/100\n|turn|19\n|\n|t:|1700630203\n|move|p2a: Iron Treads|Endeavor|p1a: Registeel\n|-damage|p1a: Registeel|82\/100\n|move|p1a: Registeel|Heavy Slam|p2a: Iron Treads\n|-resisted|p2a: Iron Treads\n|-damage|p2a: Iron Treads|86\/100\n|\n|upkeep\n|turn|20\n|\n|t:|1700630216\n|move|p2a: Iron Treads|Flash Cannon|p1a: Registeel\n|-resisted|p1a: Registeel\n|-damage|p1a: Registeel|75\/100\n|move|p1a: Registeel|Rain Dance|p1a: Registeel\n|-weather|RainDance\n|\n|-weather|RainDance|[upkeep]\n|upkeep\n|turn|21\n|\n|t:|1700630223\n|switch|p1a: Swampert|Swampert, M|100\/100\n|move|p2a: Iron Treads|Rapid Spin|p1a: Swampert\n|-damage|p1a: Swampert|89\/100\n|-boost|p2a: Iron Treads|spe|1\n|\n|-weather|RainDance|[upkeep]\n|upkeep\n|turn|22\n|\n|t:|1700630240\n|-end|p2a: Iron Treads|Quark Drive|[silent]\n|switch|p2a: Iron Hands|Iron Hands|17\/100\n|move|p1a: Swampert|Waterfall|p2a: Iron Hands\n|-damage|p2a: Iron Hands|0 fnt\n|faint|p2a: Iron Hands\n|-end|p2a: Iron Hands|Quark Drive|[silent]\n|\n|-weather|RainDance|[upkeep]\n|upkeep\n|\n|t:|1700630250\n|switch|p2a: Walrein|Walrein, M|58\/100\n|turn|23\n|\n|t:|1700630257\n|move|p1a: Swampert|Earthquake|p2a: Walrein\n|-damage|p2a: Walrein|17\/100\n|move|p2a: Walrein|Surf|p1a: Swampert\n|-damage|p1a: Swampert|27\/100\n|\n|-weather|RainDance|[upkeep]\n|upkeep\n|turn|24\n|\n|t:|1700630267\n|move|p1a: Swampert|Earthquake|p2a: Walrein\n|-damage|p2a: Walrein|0 fnt\n|faint|p2a: Walrein\n|\n|-weather|none\n|upkeep\n|\n|t:|1700630273\n|switch|p2a: Celebi|Celebi, shiny|30\/100\n|turn|25\n|\n|t:|1700630278\n|move|p2a: Celebi|Psycho Cut|p1a: Swampert\n|-damage|p1a: Swampert|4\/100\n|move|p1a: Swampert|Waterfall|p2a: Celebi\n|-resisted|p2a: Celebi\n|-damage|p2a: Celebi|12\/100\n|\n|upkeep\n|turn|26\n|\n|t:|1700630286\n|switch|p1a: Medicham|Medicham, F|62\/100\n|move|p2a: Celebi|Leech Seed|p1a: Medicham\n|-start|p1a: Medicham|move: Leech Seed\n|\n|-damage|p1a: Medicham|50\/100|[from] Leech Seed|[of] p2a: Celebi\n|-heal|p2a: Celebi|20\/100|[silent]\n|upkeep\n|turn|27\n|\n|t:|1700630294\n|switch|p2a: Iron Treads|Iron Treads|86\/100\n|move|p1a: Medicham|Close Combat|p2a: Iron Treads\n|-supereffective|p2a: Iron Treads\n|-damage|p2a: Iron Treads|0 fnt\n|-unboost|p1a: Medicham|def|1\n|-unboost|p1a: Medicham|spd|1\n|faint|p2a: Iron Treads\n|-end|p2a: Iron Treads|Quark Drive|[silent]\n|\n|upkeep\n|\n|t:|1700630303\n|switch|p2a: Celebi|Celebi, shiny|20\/100\n|turn|28\n|\n|t:|1700630310\n|switch|p1a: Registeel|Registeel|75\/100\n|move|p2a: Celebi|Light Screen|p2a: Celebi\n|-sidestart|p2: ThatSlickBoi|move: Light Screen\n|\n|upkeep\n|turn|29\n|\n|t:|1700630322\n|move|p2a: Celebi|Substitute|p2a: Celebi\n|-fail|p2a: Celebi|move: Substitute|[weak]\n|move|p1a: Registeel|Substitute|p1a: Registeel\n|-start|p1a: Registeel|Substitute\n|-damage|p1a: Registeel|50\/100\n|\n|upkeep\n|turn|30\n|\n|t:|1700630329\n|move|p2a: Celebi|Leech Seed||[still]\n|-fail|p2a: Celebi\n|move|p1a: Registeel|Rain Dance|p1a: Registeel\n|-weather|RainDance\n|\n|-weather|RainDance|[upkeep]\n|upkeep\n|turn|31\n|\n|t:|1700630337\n|move|p2a: Celebi|Leech Seed||[still]\n|-fail|p2a: Celebi\n|move|p1a: Registeel|Rain Dance||[still]\n|-fail|p1a: Registeel\n|\n|-weather|RainDance|[upkeep]\n|upkeep\n|turn|32\n|\n|t:|1700630347\n|move|p2a: Celebi|Psycho Cut|p1a: Registeel\n|-resisted|p1a: Registeel\n|-crit|p1a: Registeel\n|-activate|p1a: Registeel|move: Substitute|[damage]\n|move|p1a: Registeel|Rain Dance||[still]\n|-fail|p1a: Registeel\n|\n|-weather|RainDance|[upkeep]\n|-sideend|p2: ThatSlickBoi|move: Light Screen\n|upkeep\n|turn|33\n|\n|t:|1700630356\n|move|p2a: Celebi|Psycho Cut|p1a: Registeel\n|-resisted|p1a: Registeel\n|-activate|p1a: Registeel|move: Substitute|[damage]\n|move|p1a: Registeel|Rain Dance||[still]\n|-fail|p1a: Registeel\n|\n|-weather|RainDance|[upkeep]\n|upkeep\n|turn|34\n|\n|t:|1700630372\n|switch|p1a: Kyurem|Kyurem|76\/100\n|-ability|p1a: Kyurem|Pressure\n|move|p2a: Celebi|Leech Seed|p1a: Kyurem\n|-start|p1a: Kyurem|move: Leech Seed\n|\n|-weather|none\n|-damage|p1a: Kyurem|63\/100|[from] Leech Seed|[of] p2a: Celebi\n|-heal|p2a: Celebi|33\/100|[silent]\n|upkeep\n|turn|35\n|\n|t:|1700630382\n|move|p1a: Kyurem|Substitute|p1a: Kyurem\n|-start|p1a: Kyurem|Substitute\n|-damage|p1a: Kyurem|39\/100\n|move|p2a: Celebi|Substitute|p2a: Celebi\n|-start|p2a: Celebi|Substitute\n|-damage|p2a: Celebi|8\/100\n|\n|-damage|p1a: Kyurem|26\/100|[from] Leech Seed|[of] p2a: Celebi\n|-heal|p2a: Celebi|20\/100|[silent]\n|upkeep\n|turn|36\n|\n|t:|1700630392\n|move|p1a: Kyurem|Roost|p1a: Kyurem\n|-heal|p1a: Kyurem|76\/100\n|-singleturn|p1a: Kyurem|move: Roost\n|move|p2a: Celebi|Light Screen|p2a: Celebi\n|-sidestart|p2: ThatSlickBoi|move: Light Screen\n|\n|-damage|p1a: Kyurem|64\/100|[from] Leech Seed|[of] p2a: Celebi\n|-heal|p2a: Celebi|33\/100|[silent]\n|upkeep\n|turn|37\n|\n|t:|1700630400\n|move|p1a: Kyurem|Roost|p1a: Kyurem\n|-heal|p1a: Kyurem|100\/100\n|-singleturn|p1a: Kyurem|move: Roost\n|move|p2a: Celebi|Psycho Cut|p1a: Kyurem\n|-activate|p1a: Kyurem|move: Substitute|[damage]\n|\n|-damage|p1a: Kyurem|88\/100|[from] Leech Seed|[of] p2a: Celebi\n|-heal|p2a: Celebi|45\/100|[silent]\n|upkeep\n|turn|38\n|\n|t:|1700630411\n|move|p1a: Kyurem|Dragon Dance|p1a: Kyurem\n|-boost|p1a: Kyurem|atk|1\n|-boost|p1a: Kyurem|spe|1\n|move|p2a: Celebi|Psycho Cut|p1a: Kyurem\n|-end|p1a: Kyurem|Substitute\n|\n|-damage|p1a: Kyurem|76\/100|[from] Leech Seed|[of] p2a: Celebi\n|-heal|p2a: Celebi|58\/100|[silent]\n|upkeep\n|turn|39\n|\n|t:|1700630423\n|move|p1a: Kyurem|Substitute|p1a: Kyurem\n|-start|p1a: Kyurem|Substitute\n|-damage|p1a: Kyurem|51\/100\n|move|p2a: Celebi|Psycho Cut|p1a: Kyurem\n|-activate|p1a: Kyurem|move: Substitute|[damage]\n|\n|-damage|p1a: Kyurem|39\/100|[from] Leech Seed|[of] p2a: Celebi\n|-heal|p2a: Celebi|70\/100|[silent]\n|upkeep\n|turn|40\n|\n|t:|1700630432\n|move|p1a: Kyurem|Roost|p1a: Kyurem\n|-heal|p1a: Kyurem|89\/100\n|-singleturn|p1a: Kyurem|move: Roost\n|move|p2a: Celebi|Psycho Cut|p1a: Kyurem\n|-end|p1a: Kyurem|Substitute\n|\n|-damage|p1a: Kyurem|76\/100|[from] Leech Seed|[of] p2a: Celebi\n|-heal|p2a: Celebi|82\/100|[silent]\n|-sideend|p2: ThatSlickBoi|move: Light Screen\n|upkeep\n|turn|41\n|\n|t:|1700630445\n|move|p1a: Kyurem|Dragon Dance|p1a: Kyurem\n|-boost|p1a: Kyurem|atk|1\n|-boost|p1a: Kyurem|spe|1\n|move|p2a: Celebi|Psycho Cut|p1a: Kyurem\n|-damage|p1a: Kyurem|60\/100\n|\n|-damage|p1a: Kyurem|48\/100|[from] Leech Seed|[of] p2a: Celebi\n|-heal|p2a: Celebi|95\/100|[silent]\n|upkeep\n|turn|42\n|\n|t:|1700630454\n|move|p1a: Kyurem|Roost|p1a: Kyurem\n|-heal|p1a: Kyurem|98\/100\n|-singleturn|p1a: Kyurem|move: Roost\n|move|p2a: Celebi|Psycho Cut|p1a: Kyurem\n|-damage|p1a: Kyurem|79\/100\n|\n|-damage|p1a: Kyurem|67\/100|[from] Leech Seed|[of] p2a: Celebi\n|-heal|p2a: Celebi|100\/100|[silent]\n|upkeep\n|turn|43\n|\n|t:|1700630466\n|move|p1a: Kyurem|Icicle Spear|p2a: Celebi\n|-supereffective|p2a: Celebi\n|-end|p2a: Celebi|Substitute\n|-supereffective|p2a: Celebi\n|-damage|p2a: Celebi|64\/100\n|-hitcount|p2a: Celebi|2\n|move|p2a: Celebi|Light Screen|p2a: Celebi\n|-sidestart|p2: ThatSlickBoi|move: Light Screen\n|\n|-damage|p1a: Kyurem|54\/100|[from] Leech Seed|[of] p2a: Celebi\n|-heal|p2a: Celebi|77\/100|[silent]\n|upkeep\n|turn|44\n|\n|t:|1700630476\n|move|p1a: Kyurem|Icicle Spear|p2a: Celebi\n|-supereffective|p2a: Celebi\n|-damage|p2a: Celebi|39\/100\n|-supereffective|p2a: Celebi\n|-damage|p2a: Celebi|2\/100\n|-supereffective|p2a: Celebi\n|-damage|p2a: Celebi|0 fnt\n|faint|p2a: Celebi\n|-hitcount|p2: Celebi|3\n|\n|win|PolarKnight3739\n","uploadtime":1700630488,"views":0,"p1id":"polarknight3739","p2id":"thatslickboi","formatid":"gen9nationaldex","rating":0,"private":0,"password":""}