{"id":"gen9nationaldex-1995406809","p1":"Chili D Dewd","p2":"As cheu","format":"[Gen 9] National Dex","log":"|html|<div class=\"broadcast-blue\"><strong>[Gen 9] National Dex is currently suspecting Sneasler! For information on how to participate check out the <a href=\"https:\/\/www.smogon.com\/forums\/threads\/sv-national-dex-suspect-8-just-dance.3731534\/\">suspect thread<\/a>.<\/strong><\/div>\n|j|\u2606Chili D Dewd\n|j|\u2606As cheu\n|t:|1700566669\n|gametype|singles\n|player|p1|Chili D Dewd|flint|1722\n|player|p2|As cheu|officeworker|1854\n|teamsize|p1|6\n|teamsize|p2|6\n|gen|9\n|tier|[Gen 9] National Dex\n|rated|\n|rule|HP Percentage Mod: HP is shown in percentages\n|rule|Endless Battle Clause: Forcing endless battles is banned\n|rule|OHKO Clause: OHKO moves are banned\n|rule|Evasion Clause: Evasion abilities, items, and moves are banned\n|rule|Evasion Abilities Clause: Evasion abilities are banned\n|rule|Evasion Items Clause: Evasion items are banned\n|rule|Evasion Moves Clause: Evasion moves are banned\n|rule|Species Clause: Limit one of each Pok\u00e9mon\n|rule|Sleep Clause Mod: Limit one foe put to sleep\n|clearpoke\n|poke|p1|Scovillain, M|\n|poke|p1|Torkoal, M|\n|poke|p1|Great Tusk|\n|poke|p1|Houndoom, F|\n|poke|p1|Tapu Lele|\n|poke|p1|Rotom-Wash|\n|poke|p2|Cloyster, M|\n|poke|p2|Umbreon, F|\n|poke|p2|Gardevoir, F|\n|poke|p2|Forretress, M|\n|poke|p2|Thundurus-Therian, M|\n|poke|p2|Sneasler, M|\n|teampreview\n|inactive|Battle timer is ON: inactive players will automatically lose when time's up. (requested by Chili D Dewd)\n|\n|t:|1700566680\n|start\n|switch|p1a: Torkoal|Torkoal, M|100\/100\n|switch|p2a: Thundurus|Thundurus-Therian, M|100\/100\n|-weather|SunnyDay|[from] ability: Drought|[of] p1a: Torkoal\n|turn|1\n|\n|t:|1700566684\n|switch|p1a: Rotom|Rotom-Wash|100\/100\n|move|p2a: Thundurus|Thunderbolt|p1a: Rotom\n|-damage|p1a: Rotom|61\/100\n|\n|-weather|SunnyDay|[upkeep]\n|-heal|p1a: Rotom|67\/100|[from] item: Leftovers\n|upkeep\n|turn|2\n|\n|t:|1700566694\n|move|p2a: Thundurus|Thunderbolt|p1a: Rotom\n|-damage|p1a: Rotom|23\/100\n|move|p1a: Rotom|Pain Split|p2a: Thundurus\n|-sethp|p2a: Thundurus|62\/100|[from] move: Pain Split|[silent]\n|-sethp|p1a: Rotom|61\/100|[from] move: Pain Split\n|\n|-weather|SunnyDay|[upkeep]\n|-heal|p1a: Rotom|67\/100|[from] item: Leftovers\n|upkeep\n|turn|3\n|\n|t:|1700566702\n|switch|p1a: Great Tusk|Great Tusk|100\/100\n|-activate|p1a: Great Tusk|ability: Protosynthesis\n|-start|p1a: Great Tusk|protosynthesisatk\n|move|p2a: Thundurus|Nasty Plot|p2a: Thundurus\n|-boost|p2a: Thundurus|spa|2\n|\n|-weather|SunnyDay|[upkeep]\n|upkeep\n|turn|4\n|\n|t:|1700566710\n|move|p2a: Thundurus|Focus Blast|p1a: Great Tusk\n|-damage|p1a: Great Tusk|0 fnt\n|faint|p1a: Great Tusk\n|-end|p1a: Great Tusk|Protosynthesis|[silent]\n|\n|-weather|SunnyDay|[upkeep]\n|upkeep\n|\n|t:|1700566713\n|switch|p1a: Houndoom|Houndoom, F|100\/100\n|turn|5\n|\n|t:|1700566719\n|detailschange|p1a: Houndoom|Houndoom-Mega, F\n|-mega|p1a: Houndoom|Houndoom|Houndoominite\n|-terastallize|p2a: Thundurus|Water\n|move|p1a: Houndoom|Flamethrower|p2a: Thundurus\n|-resisted|p2a: Thundurus\n|-damage|p2a: Thundurus|0 fnt\n|faint|p2a: Thundurus\n|\n|-weather|SunnyDay|[upkeep]\n|-damage|p1a: Houndoom|88\/100|[from] ability: Solar Power|[of] p1a: Houndoom\n|upkeep\n|\n|t:|1700566726\n|switch|p2a: Sneasler|Sneasler, M|100\/100\n|turn|6\n|\n|t:|1700566728\n|switch|p1a: Tapu Lele|Tapu Lele|100\/100\n|-fieldstart|move: Psychic Terrain|[from] ability: Psychic Surge|[of] p1a: Tapu Lele\n|move|p2a: Sneasler|U-turn|p1a: Tapu Lele\n|-damage|p1a: Tapu Lele|61\/100\n|\n|t:|1700566735\n|switch|p2a: \u88d9\u4e0b\u4e4b\u81e3|Gardevoir, F, shiny|100\/100|[from] U-turn\n|-ability|p2a: \u88d9\u4e0b\u4e4b\u81e3|Psychic Surge|[from] ability: Trace|[of] p1a: Tapu Lele\n|\n|-weather|SunnyDay|[upkeep]\n|upkeep\n|turn|7\n|\n|t:|1700566742\n|detailschange|p2a: \u88d9\u4e0b\u4e4b\u81e3|Gardevoir-Mega, F, shiny\n|-mega|p2a: \u88d9\u4e0b\u4e4b\u81e3|Gardevoir|Gardevoirite\n|move|p1a: Tapu Lele|Psyshock|p2a: \u88d9\u4e0b\u4e4b\u81e3\n|-resisted|p2a: \u88d9\u4e0b\u4e4b\u81e3\n|-damage|p2a: \u88d9\u4e0b\u4e4b\u81e3|73\/100\n|move|p2a: \u88d9\u4e0b\u4e4b\u81e3|Hyper Voice|p1a: Tapu Lele\n|-damage|p1a: Tapu Lele|0 fnt\n|faint|p1a: Tapu Lele\n|\n|-weather|SunnyDay|[upkeep]\n|upkeep\n|\n|t:|1700566745\n|switch|p1a: Houndoom|Houndoom-Mega, F|88\/100\n|turn|8\n|inactive|As cheu has 120 seconds left.\n|\n|t:|1700566778\n|move|p1a: Houndoom|Flamethrower|p2a: \u88d9\u4e0b\u4e4b\u81e3\n|-crit|p2a: \u88d9\u4e0b\u4e4b\u81e3\n|-damage|p2a: \u88d9\u4e0b\u4e4b\u81e3|0 fnt\n|faint|p2a: \u88d9\u4e0b\u4e4b\u81e3\n|\n|-weather|none\n|upkeep\n|inactive|As cheu has 120 seconds left.\n|\n|t:|1700566784\n|switch|p2a: Sneasler|Sneasler, M|100\/100\n|turn|9\n|\n|t:|1700566787\n|switch|p1a: Torkoal|Torkoal, M|100\/100\n|-weather|SunnyDay|[from] ability: Drought|[of] p1a: Torkoal\n|move|p2a: Sneasler|U-turn|p1a: Torkoal\n|-resisted|p1a: Torkoal\n|-damage|p1a: Torkoal|94\/100\n|inactive|As cheu has 120 seconds left.\n|\n|t:|1700566804\n|switch|p2a: Forretress|Forretress, M|100\/100|[from] U-turn\n|\n|-weather|SunnyDay|[upkeep]\n|upkeep\n|turn|10\n|\n|t:|1700566809\n|move|p2a: Forretress|Toxic|p1a: Torkoal|[miss]\n|-miss|p2a: Forretress|p1a: Torkoal\n|move|p1a: Torkoal|Stealth Rock|p2a: Forretress\n|-sidestart|p2: As cheu|move: Stealth Rock\n|\n|-weather|SunnyDay|[upkeep]\n|-fieldend|move: Psychic Terrain\n|upkeep\n|turn|11\n|\n|t:|1700566813\n|move|p2a: Forretress|Rapid Spin|p1a: Torkoal\n|-damage|p1a: Torkoal|88\/100\n|-boost|p2a: Forretress|spe|1\n|-sideend|p2: As cheu|Stealth Rock|[from] move: Rapid Spin|[of] p2a: Forretress\n|move|p1a: Torkoal|Lava Plume|p2a: Forretress\n|-supereffective|p2a: Forretress\n|-ability|p2a: Forretress|Sturdy\n|-damage|p2a: Forretress|1\/100\n|\n|-weather|SunnyDay|[upkeep]\n|upkeep\n|turn|12\n|\n|t:|1700566817\n|switch|p1a: Rotom|Rotom-Wash|67\/100\n|move|p2a: Forretress|Stealth Rock|p1a: Rotom\n|-sidestart|p1: Chili D Dewd|move: Stealth Rock\n|\n|-weather|SunnyDay|[upkeep]\n|-heal|p1a: Rotom|73\/100|[from] item: Leftovers\n|upkeep\n|turn|13\n|\n|t:|1700566820\n|move|p1a: Rotom|Defog|p2a: Forretress\n|-unboost|p2a: Forretress|evasion|1\n|-sideend|p1: Chili D Dewd|Stealth Rock|[from] move: Defog|[of] p1a: Rotom\n|move|p2a: Forretress|Toxic|p1a: Rotom|[miss]\n|-miss|p2a: Forretress|p1a: Rotom\n|\n|-weather|SunnyDay|[upkeep]\n|-heal|p1a: Rotom|79\/100|[from] item: Leftovers\n|upkeep\n|turn|14\n|\n|t:|1700566823\n|move|p1a: Rotom|Volt Switch|p2a: Forretress\n|-crit|p2a: Forretress\n|-damage|p2a: Forretress|0 fnt\n|faint|p2a: Forretress\n|\n|t:|1700566826\n|switch|p1a: Houndoom|Houndoom-Mega, F|88\/100|[from] Volt Switch\n|\n|-weather|SunnyDay|[upkeep]\n|-damage|p1a: Houndoom|76\/100|[from] ability: Solar Power|[of] p1a: Houndoom\n|upkeep\n|\n|t:|1700566829\n|switch|p2a: Sneasler|Sneasler, M|100\/100\n|turn|15\n|\n|t:|1700566831\n|switch|p1a: Rotom|Rotom-Wash|79\/100\n|move|p2a: Sneasler|Close Combat|p1a: Rotom\n|-damage|p1a: Rotom|14\/100\n|-unboost|p2a: Sneasler|def|1\n|-unboost|p2a: Sneasler|spd|1\n|\n|-weather|SunnyDay|[upkeep]\n|-heal|p1a: Rotom|20\/100|[from] item: Leftovers\n|upkeep\n|turn|16\n|\n|t:|1700566836\n|-terastallize|p1a: Rotom|Ghost\n|move|p2a: Sneasler|Close Combat|p1a: Rotom\n|-immune|p1a: Rotom\n|move|p1a: Rotom|Pain Split|p2a: Sneasler\n|-sethp|p2a: Sneasler|60\/100|[from] move: Pain Split|[silent]\n|-sethp|p1a: Rotom|60\/100|[from] move: Pain Split\n|\n|-weather|none\n|-heal|p1a: Rotom|66\/100|[from] item: Leftovers\n|upkeep\n|turn|17\n|\n|t:|1700566840\n|switch|p2a: \u56e1\u56e1|Umbreon, F|100\/100\n|move|p1a: Rotom|Volt Switch|p2a: \u56e1\u56e1\n|-damage|p2a: \u56e1\u56e1|81\/100\n|\n|t:|1700566842\n|switch|p1a: Torkoal|Torkoal, M|88\/100|[from] Volt Switch\n|-weather|SunnyDay|[from] ability: Drought|[of] p1a: Torkoal\n|\n|-weather|SunnyDay|[upkeep]\n|-heal|p2a: \u56e1\u56e1|88\/100|[from] item: Leftovers\n|upkeep\n|turn|18\n|\n|t:|1700566846\n|move|p2a: \u56e1\u56e1|Wish|p2a: \u56e1\u56e1\n|move|p1a: Torkoal|Stealth Rock|p2a: \u56e1\u56e1\n|-sidestart|p2: As cheu|move: Stealth Rock\n|\n|-weather|SunnyDay|[upkeep]\n|-heal|p2a: \u56e1\u56e1|94\/100|[from] item: Leftovers\n|upkeep\n|turn|19\n|\n|t:|1700566852\n|move|p2a: \u56e1\u56e1|Foul Play|p1a: Torkoal\n|-damage|p1a: Torkoal|75\/100\n|move|p1a: Torkoal|Yawn|p2a: \u56e1\u56e1\n|-start|p2a: \u56e1\u56e1|move: Yawn|[of] p1a: Torkoal\n|\n|-weather|SunnyDay|[upkeep]\n|-heal|p2a: \u56e1\u56e1|100\/100|[from] move: Wish|[wisher] \u56e1\u56e1\n|upkeep\n|turn|20\n|-message|As cheu forfeited.\n|\n|win|Chili D Dewd\n|raw|Chili D Dewd's rating: 1722 &rarr; <strong>1749<\/strong><br \/>(+27 for winning)\n|raw|As cheu's rating: 1854 &rarr; <strong>1827<\/strong><br \/>(-27 for losing)\n|l|\u2606As cheu\n","uploadtime":1700566873,"views":11,"p1id":"chiliddewd","p2id":"ascheu","formatid":"gen9nationaldex","rating":1749,"private":0,"password":""}