{"id":"gen9nationaldex-1992522476","p1":"hackilla15","p2":"SageDippi","format":"[Gen 9] National Dex","log":"|j|\u2606hackilla15\n|j|\u2606SageDippi\n|t:|1700199065\n|gametype|singles\n|player|p1|hackilla15|ethan|1265\n|player|p2|SageDippi|pokemonranger-gen4|1348\n|teamsize|p1|6\n|teamsize|p2|6\n|gen|9\n|tier|[Gen 9] National Dex\n|rated|\n|rule|HP Percentage Mod: HP is shown in percentages\n|rule|Endless Battle Clause: Forcing endless battles is banned\n|rule|OHKO Clause: OHKO moves are banned\n|rule|Evasion Clause: Evasion abilities, items, and moves are banned\n|rule|Evasion Abilities Clause: Evasion abilities are banned\n|rule|Evasion Items Clause: Evasion items are banned\n|rule|Evasion Moves Clause: Evasion moves are banned\n|rule|Species Clause: Limit one of each Pok\u00e9mon\n|rule|Sleep Clause Mod: Limit one foe put to sleep\n|clearpoke\n|poke|p1|Zoroark-Hisui, F|\n|poke|p1|Venusaur, F|\n|poke|p1|Ceruledge, M|\n|poke|p1|Muk-Alola, F|\n|poke|p1|Corviknight, M|\n|poke|p1|Dragonite, M|\n|poke|p2|Kommo-o, M|\n|poke|p2|Ribombee, F|\n|poke|p2|Empoleon, M|\n|poke|p2|Kilowattrel, F|\n|poke|p2|Serperior, F|\n|poke|p2|Mamoswine, M|\n|teampreview\n|inactive|Battle timer is ON: inactive players will automatically lose when time's up. (requested by SageDippi)\n|\n|t:|1700199084\n|start\n|switch|p1a: Lancelot|Corviknight, M, shiny|100\/100\n|switch|p2a: Kilowattrel|Kilowattrel, F|100\/100\n|turn|1\n|\n|t:|1700199092\n|move|p2a: Kilowattrel|Thunderbolt|p1a: Lancelot\n|-supereffective|p1a: Lancelot\n|-damage|p1a: Lancelot|7\/100\n|move|p1a: Lancelot|Light Screen|p1a: Lancelot\n|-sidestart|p1: hackilla15|move: Light Screen\n|\n|upkeep\n|turn|2\n|\n|t:|1700199098\n|move|p2a: Kilowattrel|Volt Switch|p1a: Lancelot\n|-supereffective|p1a: Lancelot\n|-damage|p1a: Lancelot|0 fnt\n|faint|p1a: Lancelot\n|\n|t:|1700199103\n|switch|p2a: Empoleon|Empoleon, M|100\/100|[from] Volt Switch\n|\n|upkeep\n|\n|t:|1700199115\n|switch|p1a: BIG BERTHA|Muk-Alola, F|100\/100\n|turn|3\n|\n|t:|1700199119\n|move|p1a: BIG BERTHA|Knock Off|p2a: Empoleon\n|-damage|p2a: Empoleon|50\/100\n|-enditem|p2a: Empoleon|Leftovers|[from] move: Knock Off|[of] p1a: BIG BERTHA\n|move|p2a: Empoleon|Knock Off|p1a: BIG BERTHA\n|-resisted|p1a: BIG BERTHA\n|-damage|p1a: BIG BERTHA|91\/100\n|-enditem|p1a: BIG BERTHA|Iapapa Berry|[from] move: Knock Off|[of] p2a: Empoleon\n|\n|upkeep\n|turn|4\n|\n|t:|1700199129\n|move|p1a: BIG BERTHA|Drain Punch|p2a: Empoleon\n|-supereffective|p2a: Empoleon\n|-damage|p2a: Empoleon|0 fnt\n|-heal|p1a: BIG BERTHA|100\/100|[from] drain|[of] p2a: Empoleon\n|faint|p2a: Empoleon\n|\n|upkeep\n|\n|t:|1700199138\n|switch|p2a: Mamoswine|Mamoswine, M|100\/100\n|turn|5\n|\n|t:|1700199149\n|move|p2a: Mamoswine|Trailblaze|p1a: BIG BERTHA\n|-resisted|p1a: BIG BERTHA\n|-damage|p1a: BIG BERTHA|91\/100\n|-boost|p2a: Mamoswine|spe|1\n|move|p1a: BIG BERTHA|Knock Off|p2a: Mamoswine\n|-damage|p2a: Mamoswine|50\/100\n|-enditem|p2a: Mamoswine|Loaded Dice|[from] move: Knock Off|[of] p1a: BIG BERTHA\n|\n|upkeep\n|turn|6\n|\n|t:|1700199157\n|move|p2a: Mamoswine|Earthquake|p1a: BIG BERTHA\n|-supereffective|p1a: BIG BERTHA\n|-damage|p1a: BIG BERTHA|0 fnt\n|faint|p1a: BIG BERTHA\n|\n|upkeep\n|\n|t:|1700199160\n|switch|p1a: Moody Edge|Ceruledge, M, shiny|100\/100\n|turn|7\n|\n|t:|1700199170\n|-terastallize|p2a: Mamoswine|Fairy\n|move|p2a: Mamoswine|Trailblaze|p1a: Moody Edge\n|-resisted|p1a: Moody Edge\n|-damage|p1a: Moody Edge|88\/100\n|-boost|p2a: Mamoswine|spe|1\n|-ability|p1a: Moody Edge|Weak Armor|boost\n|-unboost|p1a: Moody Edge|def|1\n|-boost|p1a: Moody Edge|spe|2\n|move|p1a: Moody Edge|Bitter Blade|p2a: Mamoswine\n|-damage|p2a: Mamoswine|19\/100\n|-heal|p1a: Moody Edge|100\/100|[from] drain|[of] p2a: Mamoswine\n|\n|upkeep\n|turn|8\n|\n|t:|1700199183\n|move|p2a: Mamoswine|Earthquake|p1a: Moody Edge\n|-supereffective|p1a: Moody Edge\n|-enditem|p1a: Moody Edge|Focus Sash\n|-damage|p1a: Moody Edge|1\/100\n|-ability|p1a: Moody Edge|Weak Armor|boost\n|-unboost|p1a: Moody Edge|def|1\n|-boost|p1a: Moody Edge|spe|2\n|move|p1a: Moody Edge|Bitter Blade|p2a: Mamoswine\n|-damage|p2a: Mamoswine|0 fnt\n|-heal|p1a: Moody Edge|12\/100|[from] drain|[of] p2a: Mamoswine\n|faint|p2a: Mamoswine\n|\n|-sideend|p1: hackilla15|move: Light Screen\n|upkeep\n|\n|t:|1700199195\n|switch|p2a: Ribombee|Ribombee, F|100\/100\n|turn|9\n|\n|t:|1700199203\n|move|p1a: Moody Edge|Bitter Blade|p2a: Ribombee\n|-supereffective|p2a: Ribombee\n|-enditem|p2a: Ribombee|Focus Sash\n|-damage|p2a: Ribombee|1\/100\n|-heal|p1a: Moody Edge|57\/100|[from] drain|[of] p2a: Ribombee\n|move|p2a: Ribombee|Hidden Power|p1a: Moody Edge\n|-supereffective|p1a: Moody Edge\n|-damage|p1a: Moody Edge|20\/100\n|\n|upkeep\n|turn|10\n|\n|t:|1700199213\n|move|p1a: Moody Edge|Bitter Blade|p2a: Ribombee\n|-supereffective|p2a: Ribombee\n|-damage|p2a: Ribombee|0 fnt\n|-heal|p1a: Moody Edge|21\/100|[from] drain|[of] p2a: Ribombee\n|faint|p2a: Ribombee\n|\n|upkeep\n|\n|t:|1700199220\n|switch|p2a: Kommo-o|Kommo-o, M|100\/100\n|turn|11\n|\n|t:|1700199238\n|move|p1a: Moody Edge|Shadow Claw|p2a: Kommo-o\n|-damage|p2a: Kommo-o|65\/100\n|move|p2a: Kommo-o|Clangorous Soul|p2a: Kommo-o\n|-boost|p2a: Kommo-o|atk|1\n|-boost|p2a: Kommo-o|def|1\n|-boost|p2a: Kommo-o|spa|1\n|-boost|p2a: Kommo-o|spd|1\n|-boost|p2a: Kommo-o|spe|1\n|-damage|p2a: Kommo-o|32\/100\n|-enditem|p2a: Kommo-o|Throat Spray\n|-boost|p2a: Kommo-o|spa|1|[from] item: Throat Spray\n|\n|upkeep\n|turn|12\n|\n|t:|1700199250\n|-terastallize|p1a: Moody Edge|Fighting\n|move|p1a: Moody Edge|Close Combat|p2a: Kommo-o\n|-damage|p2a: Kommo-o|0 fnt\n|-unboost|p1a: Moody Edge|def|1\n|-unboost|p1a: Moody Edge|spd|1\n|faint|p2a: Kommo-o\n|\n|upkeep\n|\n|t:|1700199259\n|switch|p2a: Kilowattrel|Kilowattrel, F|100\/100\n|turn|13\n|\n|t:|1700199263\n|move|p1a: Moody Edge|Bitter Blade|p2a: Kilowattrel\n|-damage|p2a: Kilowattrel|12\/100\n|-heal|p1a: Moody Edge|64\/100|[from] drain|[of] p2a: Kilowattrel\n|move|p2a: Kilowattrel|Thunderbolt|p1a: Moody Edge\n|-damage|p1a: Moody Edge|0 fnt\n|faint|p1a: Moody Edge\n|\n|upkeep\n|\n|t:|1700199268\n|switch|p1a: Alduin|Dragonite, M|100\/100\n|turn|14\n|\n|t:|1700199275\n|move|p2a: Kilowattrel|Hurricane|p1a: Alduin|[miss]\n|-miss|p2a: Kilowattrel|p1a: Alduin\n|move|p1a: Alduin|Flamethrower|p2a: Kilowattrel\n|-damage|p2a: Kilowattrel|0 fnt\n|faint|p2a: Kilowattrel\n|\n|upkeep\n|\n|t:|1700199282\n|switch|p2a: Serperior|Serperior, F|100\/100\n|turn|15\n|\n|t:|1700199284\n|move|p2a: Serperior|Glare|p1a: Alduin\n|-status|p1a: Alduin|par\n|cant|p1a: Alduin|par\n|\n|upkeep\n|turn|16\n|\n|t:|1700199289\n|move|p2a: Serperior|Leaf Storm|p1a: Alduin\n|-damage|p1a: Alduin|4\/100 par\n|-boost|p2a: Serperior|spa|2\n|replace|p1a: Amaterasu|Zoroark-Hisui, F, shiny\n|-end|p1a: Amaterasu|Illusion\n|move|p1a: Amaterasu|Flamethrower|p2a: Serperior\n|-supereffective|p2a: Serperior\n|-damage|p2a: Serperior|0 fnt\n|faint|p2a: Serperior\n|\n|win|hackilla15\n|raw|hackilla15's rating: 1265 &rarr; <strong>1296<\/strong><br \/>(+31 for winning)\n|raw|SageDippi's rating: 1348 &rarr; <strong>1323<\/strong><br \/>(-25 for losing)\n|l|\u2606SageDippi\n","uploadtime":1700199300,"views":25,"p1id":"hackilla15","p2id":"sagedippi","formatid":"gen9nationaldex","rating":1296,"private":0,"password":""}