{"id":"gen9nationaldex-1994203448","p1":"h8for3vr","p2":"Zera & Lucy","format":"[Gen 9] National Dex","log":"|j|\u203dh8for3vr\n|j|\u2606Zera & Lucy\n|t:|1700418527\n|gametype|singles\n|player|p1|h8for3vr|alec-anime|1146\n|player|p2|Zera & Lucy|cynthia|1070\n|teamsize|p1|6\n|teamsize|p2|6\n|gen|9\n|tier|[Gen 9] National Dex\n|rated|\n|rule|HP Percentage Mod: HP is shown in percentages\n|rule|Endless Battle Clause: Forcing endless battles is banned\n|rule|OHKO Clause: OHKO moves are banned\n|rule|Evasion Clause: Evasion abilities, items, and moves are banned\n|rule|Evasion Abilities Clause: Evasion abilities are banned\n|rule|Evasion Items Clause: Evasion items are banned\n|rule|Evasion Moves Clause: Evasion moves are banned\n|rule|Species Clause: Limit one of each Pok\u00e9mon\n|rule|Sleep Clause Mod: Limit one foe put to sleep\n|clearpoke\n|poke|p1|Dragonite, M|\n|poke|p1|Registeel|\n|poke|p1|Great Tusk|\n|poke|p1|Zamazenta-*|\n|poke|p1|Garchomp, M|\n|poke|p1|Samurott-Hisui, M|\n|poke|p2|Ambipom, F|\n|poke|p2|Zoroark-Hisui, M|\n|poke|p2|Cinccino, M|\n|poke|p2|Indeedee, M|\n|poke|p2|Cyclizar, F|\n|poke|p2|Komala, M|\n|teampreview\n|inactive|Battle timer is ON: inactive players will automatically lose when time's up. (requested by h8for3vr)\n|inactive|Zera & Lucy also wants the timer to be on.\n|\n|t:|1700418544\n|start\n|switch|p1a: Samurott|Samurott-Hisui, M, shiny|100\/100\n|switch|p2a: Ambipom|Ambipom, F|100\/100\n|turn|1\n|\n|t:|1700418551\n|move|p2a: Ambipom|Fake Out|p1a: Samurott\n|-damage|p1a: Samurott|63\/100\n|cant|p1a: Samurott|flinch\n|\n|upkeep\n|turn|2\n|\n|t:|1700418556\n|move|p2a: Ambipom|Brick Break|p1a: Samurott\n|-supereffective|p1a: Samurott\n|-damage|p1a: Samurott|10\/100\n|move|p1a: Samurott|Ceaseless Edge|p2a: Ambipom\n|-damage|p2a: Ambipom|33\/100\n|-sidestart|p2: Zera & Lucy|Spikes\n|\n|upkeep\n|turn|3\n|\n|t:|1700418563\n|move|p1a: Samurott|Aqua Jet|p2a: Ambipom\n|-damage|p2a: Ambipom|3\/100\n|move|p2a: Ambipom|U-turn|p1a: Samurott\n|-supereffective|p1a: Samurott\n|-damage|p1a: Samurott|0 fnt\n|faint|p1a: Samurott\n|\n|t:|1700418568\n|switch|p2a: Cyclizar|Cyclizar, F|100\/100|[from] U-turn\n|-damage|p2a: Cyclizar|88\/100|[from] Spikes\n|\n|upkeep\n|\n|t:|1700418575\n|switch|p1a: Registeel|Registeel|100\/100\n|turn|4\n|\n|t:|1700418578\n|move|p2a: Cyclizar|Rapid Spin|p1a: Registeel\n|-resisted|p1a: Registeel\n|-damage|p1a: Registeel|95\/100\n|-boost|p2a: Cyclizar|spe|1\n|-sideend|p2: Zera & Lucy|Spikes|[from] move: Rapid Spin|[of] p2a: Cyclizar\n|move|p1a: Registeel|Stealth Rock|p2a: Cyclizar\n|-sidestart|p2: Zera & Lucy|move: Stealth Rock\n|\n|-heal|p1a: Registeel|100\/100|[from] item: Leftovers\n|upkeep\n|turn|5\n|\n|t:|1700418591\n|switch|p2a: Ambipom|Ambipom, F|100\/100\n|-damage|p2a: Ambipom|88\/100|[from] Stealth Rock\n|move|p1a: Registeel|Toxic|p2a: Ambipom\n|-status|p2a: Ambipom|tox\n|\n|-damage|p2a: Ambipom|82\/100 tox|[from] psn\n|upkeep\n|turn|6\n|\n|t:|1700418601\n|move|p2a: Ambipom|Flamethrower|p1a: Registeel\n|-supereffective|p1a: Registeel\n|-damage|p1a: Registeel|53\/100\n|move|p1a: Registeel|Mimic|p2a: Ambipom\n|-start|p1a: Registeel|Mimic|Flamethrower\n|\n|-heal|p1a: Registeel|59\/100|[from] item: Leftovers\n|-damage|p2a: Ambipom|70\/100 tox|[from] psn\n|upkeep\n|turn|7\n|\n|t:|1700418608\n|move|p2a: Ambipom|Flamethrower|p1a: Registeel\n|-supereffective|p1a: Registeel\n|-damage|p1a: Registeel|15\/100\n|-status|p1a: Registeel|brn\n|move|p1a: Registeel|Flamethrower|p2a: Ambipom\n|-damage|p2a: Ambipom|38\/100 tox\n|replace|p2a: Zoroark|Zoroark-Hisui, M\n|-end|p2a: Zoroark|Illusion\n|\n|-heal|p1a: Registeel|21\/100 brn|[from] item: Leftovers\n|-damage|p2a: Zoroark|20\/100 tox|[from] psn\n|-damage|p1a: Registeel|15\/100 brn|[from] brn\n|upkeep\n|turn|8\n|\n|t:|1700418624\n|switch|p2a: Cyclizar|Cyclizar, F|100\/100\n|-damage|p2a: Cyclizar|88\/100|[from] Stealth Rock\n|move|p1a: Registeel|Flamethrower|p2a: Cyclizar\n|-resisted|p2a: Cyclizar\n|-damage|p2a: Cyclizar|77\/100\n|\n|-heal|p1a: Registeel|21\/100 brn|[from] item: Leftovers\n|-damage|p1a: Registeel|15\/100 brn|[from] brn\n|upkeep\n|turn|9\n|\n|t:|1700418633\n|move|p2a: Cyclizar|Rapid Spin|p1a: Registeel\n|-resisted|p1a: Registeel\n|-damage|p1a: Registeel|10\/100 brn\n|-boost|p2a: Cyclizar|spe|1\n|-sideend|p2: Zera & Lucy|Stealth Rock|[from] move: Rapid Spin|[of] p2a: Cyclizar\n|move|p1a: Registeel|Stealth Rock|p2a: Cyclizar\n|-sidestart|p2: Zera & Lucy|move: Stealth Rock\n|\n|-heal|p1a: Registeel|16\/100 brn|[from] item: Leftovers\n|-damage|p1a: Registeel|10\/100 brn|[from] brn\n|upkeep\n|turn|10\n|\n|t:|1700418641\n|move|p2a: Cyclizar|Rapid Spin|p1a: Registeel\n|-resisted|p1a: Registeel\n|-damage|p1a: Registeel|4\/100 brn\n|-boost|p2a: Cyclizar|spe|1\n|-sideend|p2: Zera & Lucy|Stealth Rock|[from] move: Rapid Spin|[of] p2a: Cyclizar\n|move|p1a: Registeel|Stealth Rock|p2a: Cyclizar\n|-sidestart|p2: Zera & Lucy|move: Stealth Rock\n|\n|-heal|p1a: Registeel|10\/100 brn|[from] item: Leftovers\n|-damage|p1a: Registeel|4\/100 brn|[from] brn\n|upkeep\n|turn|11\n|\n|t:|1700418650\n|move|p2a: Cyclizar|Rapid Spin|p1a: Registeel\n|-resisted|p1a: Registeel\n|-crit|p1a: Registeel\n|-damage|p1a: Registeel|0 fnt\n|-boost|p2a: Cyclizar|spe|1\n|-sideend|p2: Zera & Lucy|Stealth Rock|[from] move: Rapid Spin|[of] p2a: Cyclizar\n|faint|p1a: Registeel\n|\n|upkeep\n|\n|t:|1700418667\n|switch|p1a: Garchomp|Garchomp, M, shiny|100\/100\n|turn|12\n|inactive|Zera & Lucy has 120 seconds left.\n|\n|t:|1700418706\n|-terastallize|p1a: Garchomp|Ghost\n|move|p2a: Cyclizar|Dragon Claw|p1a: Garchomp\n|-damage|p1a: Garchomp|82\/100\n|-damage|p2a: Cyclizar|65\/100|[from] ability: Rough Skin|[of] p1a: Garchomp\n|-damage|p2a: Cyclizar|48\/100|[from] item: Rocky Helmet|[of] p1a: Garchomp\n|move|p1a: Garchomp|Dragon Tail|p2a: Cyclizar\n|-supereffective|p2a: Cyclizar\n|-damage|p2a: Cyclizar|0 fnt\n|faint|p2a: Cyclizar\n|\n|upkeep\n|\n|t:|1700418718\n|switch|p2a: Ambipom|Ambipom, F|20\/100 tox\n|turn|13\n|\n|t:|1700418727\n|move|p2a: Ambipom|Bitter Malice|p1a: Garchomp\n|-supereffective|p1a: Garchomp\n|-damage|p1a: Garchomp|0 fnt\n|faint|p1a: Garchomp\n|\n|-damage|p2a: Ambipom|14\/100 tox|[from] psn\n|upkeep\n|\n|t:|1700418735\n|switch|p1a: Zamazenta|Zamazenta|100\/100\n|-ability|p1a: Zamazenta|Dauntless Shield|boost\n|-boost|p1a: Zamazenta|def|1\n|turn|14\n|\n|t:|1700418740\n|switch|p2a: Komala|Komala, M|100\/100\n|-ability|p2a: Komala|Comatose\n|move|p1a: Zamazenta|Howl|p1a: Zamazenta\n|-boost|p1a: Zamazenta|atk|1\n|\n|upkeep\n|turn|15\n|\n|t:|1700418749\n|-zpower|p1a: Zamazenta\n|move|p1a: Zamazenta|Gigavolt Havoc|p2a: Komala|[zeffect]\n|-damage|p2a: Komala|11\/100\n|move|p2a: Komala|Yawn|p1a: Zamazenta\n|-start|p1a: Zamazenta|move: Yawn|[of] p2a: Komala\n|\n|upkeep\n|turn|16\n|-enditem|p2a: Komala|Custap Berry|[eat]\n|-activate|p2a: Komala|item: Custap Berry|[consumed]\n|\n|t:|1700418759\n|move|p2a: Komala|Wish|p2a: Komala\n|move|p1a: Zamazenta|Ice Fang|p2a: Komala\n|-damage|p2a: Komala|0 fnt\n|faint|p2a: Komala\n|\n|-end|p1a: Zamazenta|move: Yawn|[silent]\n|-status|p1a: Zamazenta|slp\n|upkeep\n|\n|t:|1700418767\n|switch|p2a: Ambipom|Ambipom, F|3\/100\n|turn|17\n|\n|t:|1700418771\n|move|p2a: Ambipom|Fake Out|p1a: Zamazenta\n|-damage|p1a: Zamazenta|81\/100 slp\n|cant|p1a: Zamazenta|slp\n|\n|-heal|p2a: Ambipom|61\/100|[from] move: Wish|[wisher] Komala\n|upkeep\n|turn|18\n|\n|t:|1700418781\n|-curestatus|p1a: Zamazenta|slp|[msg]\n|move|p1a: Zamazenta|Close Combat|p2a: Ambipom\n|-supereffective|p2a: Ambipom\n|-damage|p2a: Ambipom|0 fnt\n|-unboost|p1a: Zamazenta|def|1\n|-unboost|p1a: Zamazenta|spd|1\n|faint|p2a: Ambipom\n|\n|upkeep\n|\n|t:|1700418786\n|switch|p2a: Cinccino|Cinccino, M|100\/100\n|turn|19\n|\n|t:|1700418796\n|switch|p2a: Indeedee|Indeedee, M|14\/100 tox\n|move|p1a: Zamazenta|Wild Charge|p2a: Indeedee\n|-damage|p2a: Indeedee|0 fnt\n|replace|p2a: Zoroark|Zoroark-Hisui, M\n|-end|p2a: Zoroark|Illusion\n|faint|p2a: Zoroark\n|-damage|p1a: Zamazenta|78\/100|[from] Recoil\n|\n|upkeep\n|\n|t:|1700418804\n|switch|p2a: Indeedee|Indeedee, M|100\/100\n|-fieldstart|move: Psychic Terrain|[from] ability: Psychic Surge|[of] p2a: Indeedee\n|turn|20\n|\n|t:|1700418809\n|-terastallize|p2a: Indeedee|Psychic\n|move|p2a: Indeedee|Expanding Force|p1a: Zamazenta\n|-supereffective|p1a: Zamazenta\n|-damage|p1a: Zamazenta|0 fnt\n|faint|p1a: Zamazenta\n|\n|upkeep\n|inactive|h8for3vr has 120 seconds left.\n|\n|t:|1700418855\n|switch|p1a: Great Tusk|Great Tusk|100\/100\n|turn|21\n|\n|t:|1700418859\n|move|p2a: Indeedee|Expanding Force|p1a: Great Tusk\n|-supereffective|p1a: Great Tusk\n|-damage|p1a: Great Tusk|0 fnt\n|faint|p1a: Great Tusk\n|-end|p1a: Great Tusk|Protosynthesis|[silent]\n|\n|upkeep\n|\n|t:|1700418863\n|switch|p1a: Dragonite|Dragonite, M|100\/100\n|turn|22\n|\n|t:|1700418867\n|switch|p2a: Cinccino|Cinccino, M|100\/100\n|move|p1a: Dragonite|Dragon Dance|p1a: Dragonite\n|-boost|p1a: Dragonite|atk|1\n|-boost|p1a: Dragonite|spe|1\n|\n|upkeep\n|turn|23\n|\n|t:|1700418875\n|move|p1a: Dragonite|Dragon Dance|p1a: Dragonite\n|-boost|p1a: Dragonite|atk|1\n|-boost|p1a: Dragonite|spe|1\n|move|p2a: Cinccino|Triple Axel|p1a: Dragonite\n|-supereffective|p1a: Dragonite\n|-damage|p1a: Dragonite|79\/100\n|-supereffective|p1a: Dragonite\n|-damage|p1a: Dragonite|8\/100\n|-supereffective|p1a: Dragonite\n|-damage|p1a: Dragonite|0 fnt\n|faint|p1a: Dragonite\n|-hitcount|p1: Dragonite|3\n|\n|win|Zera & Lucy\n|raw|h8for3vr's rating: 1146 &rarr; <strong>1116<\/strong><br \/>(-30 for losing)\n|raw|Zera &amp; Lucy's rating: 1070 &rarr; <strong>1106<\/strong><br \/>(+36 for winning)\n|l|\u203dh8for3vr\n","uploadtime":1700418891,"views":5,"p1id":"h8for3vr","p2id":"zeralucy","formatid":"gen9nationaldex","rating":1106,"private":0,"password":""}