{"id":"gen9nationaldex-1993869767","p1":"hhhhhhhtt","p2":"M_ManagerNgHotdog","format":"[Gen 9] National Dex","log":"|j|\u2606hhhhhhhtt\n|j|\u2606M_ManagerNgHotdog\n|t:|1700367771\n|gametype|singles\n|player|p1|hhhhhhhtt|rancher|1110\n|player|p2|M_ManagerNgHotdog|cynthia-gen4|1000\n|teamsize|p1|6\n|teamsize|p2|6\n|gen|9\n|tier|[Gen 9] National Dex\n|rated|\n|rule|HP Percentage Mod: HP is shown in percentages\n|rule|Endless Battle Clause: Forcing endless battles is banned\n|rule|OHKO Clause: OHKO moves are banned\n|rule|Evasion Clause: Evasion abilities, items, and moves are banned\n|rule|Evasion Abilities Clause: Evasion abilities are banned\n|rule|Evasion Items Clause: Evasion items are banned\n|rule|Evasion Moves Clause: Evasion moves are banned\n|rule|Species Clause: Limit one of each Pok\u00e9mon\n|rule|Sleep Clause Mod: Limit one foe put to sleep\n|clearpoke\n|poke|p1|Banette, M|\n|poke|p1|Zamazenta-*|\n|poke|p1|Garganacl, F|\n|poke|p1|Hawlucha, F|\n|poke|p1|Alomomola, F|\n|poke|p1|Toxapex, M|\n|poke|p2|Tapu Koko|\n|poke|p2|Landorus-Therian, M|\n|poke|p2|Ferrothorn, M|\n|poke|p2|Volcarona, M|\n|poke|p2|Lopunny, F|\n|poke|p2|Kommo-o, F|\n|teampreview\n|inactive|Battle timer is ON: inactive players will automatically lose when time's up. (requested by hhhhhhhtt)\n|\n|t:|1700367782\n|start\n|switch|p1a: Banette|Banette, M|100\/100\n|switch|p2a: Tapu Koko|Tapu Koko|100\/100\n|-fieldstart|move: Electric Terrain|[from] ability: Electric Surge|[of] p2a: Tapu Koko\n|-item|p2a: Tapu Koko|Light Clay|[from] ability: Frisk|[of] p1a: Banette|[identify]\n|turn|1\n|\n|t:|1700367795\n|switch|p1a: Garganacl|Garganacl, F|100\/100\n|move|p2a: Tapu Koko|Reflect|p2a: Tapu Koko\n|-sidestart|p2: M_ManagerNgHotdog|Reflect\n|\n|upkeep\n|turn|2\n|\n|t:|1700367804\n|move|p2a: Tapu Koko|Light Screen|p2a: Tapu Koko\n|-sidestart|p2: M_ManagerNgHotdog|move: Light Screen\n|move|p1a: Garganacl|Stealth Rock|p2a: Tapu Koko\n|-sidestart|p2: M_ManagerNgHotdog|move: Stealth Rock\n|\n|upkeep\n|turn|3\n|\n|t:|1700367810\n|move|p2a: Tapu Koko|Volt Switch|p1a: Garganacl\n|-damage|p1a: Garganacl|78\/100\n|\n|t:|1700367824\n|switch|p2a: Kommo-o|Kommo-o, F|100\/100|[from] Volt Switch\n|-damage|p2a: Kommo-o|94\/100|[from] Stealth Rock\n|move|p1a: Garganacl|Salt Cure|p2a: Kommo-o\n|-resisted|p2a: Kommo-o\n|-damage|p2a: Kommo-o|91\/100\n|-start|p2a: Kommo-o|Salt Cure\n|\n|-heal|p1a: Garganacl|84\/100|[from] item: Leftovers\n|-damage|p2a: Kommo-o|79\/100|[from] Salt Cure\n|upkeep\n|turn|4\n|\n|t:|1700367840\n|switch|p1a: Banette|Banette, M|100\/100\n|-item|p2a: Kommo-o|Kommonium Z|[from] ability: Frisk|[of] p1a: Banette|[identify]\n|-zpower|p2a: Kommo-o\n|move|p2a: Kommo-o|Clangorous Soulblaze|p1a: Banette|[zeffect]\n|-damage|p1a: Banette|0 fnt\n|faint|p1a: Banette\n|-boost|p2a: Kommo-o|atk|1\n|-boost|p2a: Kommo-o|def|1\n|-boost|p2a: Kommo-o|spa|1\n|-boost|p2a: Kommo-o|spd|1\n|-boost|p2a: Kommo-o|spe|1\n|\n|-damage|p2a: Kommo-o|66\/100|[from] Salt Cure\n|upkeep\n|inactive|hhhhhhhtt has 120 seconds left.\n|\n|t:|1700367862\n|switch|p1a: Alomomola|Alomomola, F|100\/100\n|turn|5\n|\n|t:|1700367867\n|move|p2a: Kommo-o|Boomburst|p1a: Alomomola\n|-crit|p1a: Alomomola\n|-damage|p1a: Alomomola|13\/100\n|move|p1a: Alomomola|Toxic|p2a: Kommo-o|[miss]\n|-miss|p1a: Alomomola|p2a: Kommo-o\n|\n|-damage|p2a: Kommo-o|54\/100|[from] Salt Cure\n|-fieldend|move: Electric Terrain\n|upkeep\n|turn|6\n|\n|t:|1700367878\n|move|p2a: Kommo-o|Boomburst|p1a: Alomomola\n|-damage|p1a: Alomomola|0 fnt\n|faint|p1a: Alomomola\n|\n|-damage|p2a: Kommo-o|42\/100|[from] Salt Cure\n|upkeep\n|\n|t:|1700367885\n|switch|p1a: Toxapex|Toxapex, M|100\/100\n|turn|7\n|\n|t:|1700367890\n|move|p2a: Kommo-o|Boomburst|p1a: Toxapex\n|-damage|p1a: Toxapex|58\/100\n|move|p1a: Toxapex|Toxic|p2a: Kommo-o\n|-status|p2a: Kommo-o|tox\n|\n|-heal|p1a: Toxapex|65\/100|[from] item: Black Sludge\n|-damage|p2a: Kommo-o|36\/100 tox|[from] psn\n|-damage|p2a: Kommo-o|23\/100 tox|[from] Salt Cure\n|upkeep\n|turn|8\n|\n|t:|1700367901\n|move|p1a: Toxapex|Baneful Bunker|p1a: Toxapex\n|-singleturn|p1a: Toxapex|move: Protect\n|move|p2a: Kommo-o|Clanging Scales|p1a: Toxapex\n|-activate|p1a: Toxapex|move: Protect\n|\n|-heal|p1a: Toxapex|71\/100|[from] item: Black Sludge\n|-damage|p2a: Kommo-o|11\/100 tox|[from] psn\n|-damage|p2a: Kommo-o|0 fnt|[from] Salt Cure\n|faint|p2a: Kommo-o\n|-sideend|p2: M_ManagerNgHotdog|Reflect\n|upkeep\n|\n|t:|1700367908\n|switch|p2a: Tapu Koko|Tapu Koko|100\/100\n|-damage|p2a: Tapu Koko|88\/100|[from] Stealth Rock\n|-fieldstart|move: Electric Terrain|[from] ability: Electric Surge|[of] p2a: Tapu Koko\n|turn|9\n|\n|t:|1700367926\n|switch|p1a: Garganacl|Garganacl, F|84\/100\n|move|p2a: Tapu Koko|Reflect|p2a: Tapu Koko\n|-sidestart|p2: M_ManagerNgHotdog|Reflect\n|\n|-heal|p1a: Garganacl|90\/100|[from] item: Leftovers\n|-sideend|p2: M_ManagerNgHotdog|move: Light Screen\n|upkeep\n|turn|10\n|\n|t:|1700367934\n|move|p2a: Tapu Koko|Volt Switch|p1a: Garganacl\n|-damage|p1a: Garganacl|68\/100\n|\n|t:|1700367937\n|switch|p2a: Ferrothorn|Ferrothorn, M|100\/100|[from] Volt Switch\n|-damage|p2a: Ferrothorn|94\/100|[from] Stealth Rock\n|move|p1a: Garganacl|Salt Cure|p2a: Ferrothorn\n|-resisted|p2a: Ferrothorn\n|-damage|p2a: Ferrothorn|92\/100\n|-start|p2a: Ferrothorn|Salt Cure\n|\n|-heal|p1a: Garganacl|74\/100|[from] item: Leftovers\n|-heal|p2a: Ferrothorn|99\/100|[from] item: Leftovers\n|-damage|p2a: Ferrothorn|74\/100|[from] Salt Cure\n|upkeep\n|turn|11\n|inactive|hhhhhhhtt has 120 seconds left.\n|\n|t:|1700367975\n|switch|p1a: Zamazenta|Zamazenta|100\/100\n|-ability|p1a: Zamazenta|Dauntless Shield|boost\n|-boost|p1a: Zamazenta|def|1\n|move|p2a: Ferrothorn|Leech Seed|p1a: Zamazenta\n|-start|p1a: Zamazenta|move: Leech Seed\n|\n|-heal|p2a: Ferrothorn|80\/100|[from] item: Leftovers\n|-damage|p1a: Zamazenta|88\/100|[from] Leech Seed|[of] p2a: Ferrothorn\n|-heal|p2a: Ferrothorn|92\/100|[silent]\n|-damage|p2a: Ferrothorn|67\/100|[from] Salt Cure\n|upkeep\n|turn|12\n|inactive|hhhhhhhtt has 120 seconds left.\n|\n|t:|1700367994\n|switch|p1a: Toxapex|Toxapex, M|100\/100\n|switch|p2a: Landorus|Landorus-Therian, M|100\/100\n|-damage|p2a: Landorus|88\/100|[from] Stealth Rock\n|-ability|p2a: Landorus|Intimidate|boost\n|-unboost|p1a: Toxapex|atk|1\n|\n|upkeep\n|turn|13\n|\n|t:|1700368004\n|switch|p1a: Hawlucha|Hawlucha, F|100\/100\n|move|p2a: Landorus|Defog|p1a: Hawlucha\n|-unboost|p1a: Hawlucha|evasion|1\n|-sideend|p2: M_ManagerNgHotdog|Stealth Rock|[from] move: Defog|[of] p2a: Landorus\n|-fieldend|move: Electric Terrain\n|\n|upkeep\n|turn|14\n|\n|t:|1700368013\n|move|p1a: Hawlucha|Substitute|p1a: Hawlucha\n|-start|p1a: Hawlucha|Substitute\n|-damage|p1a: Hawlucha|76\/100\n|move|p2a: Landorus|Toxic||[still]\n|-fail|p2a: Landorus\n|\n|upkeep\n|turn|15\n|inactive|hhhhhhhtt has 120 seconds left.\n|\n|t:|1700368021\n|move|p1a: Hawlucha|Endeavor|p2a: Landorus\n|-damage|p2a: Landorus|59\/100\n|-damage|p1a: Hawlucha|59\/100|[from] item: Rocky Helmet|[of] p2a: Landorus\n|move|p2a: Landorus|U-turn|p1a: Hawlucha\n|-resisted|p1a: Hawlucha\n|-activate|p1a: Hawlucha|move: Substitute|[damage]\n|\n|t:|1700368026\n|switch|p2a: Lopunny|Lopunny, F|100\/100|[from] U-turn\n|\n|upkeep\n|turn|16\n|\n|t:|1700368033\n|detailschange|p2a: Lopunny|Lopunny-Mega, F\n|-mega|p2a: Lopunny|Lopunny|Lopunnite\n|move|p2a: Lopunny|Fake Out|p1a: Hawlucha\n|-end|p1a: Hawlucha|Substitute\n|move|p1a: Hawlucha|Endeavor|p2a: Lopunny\n|-damage|p2a: Lopunny|65\/100\n|\n|-sideend|p2: M_ManagerNgHotdog|Reflect\n|upkeep\n|turn|17\n|\n|t:|1700368051\n|switch|p1a: Toxapex|Toxapex, M|100\/100\n|move|p2a: Lopunny|Frustration|p1a: Toxapex\n|-damage|p1a: Toxapex|57\/100\n|\n|-heal|p1a: Toxapex|63\/100|[from] item: Black Sludge\n|upkeep\n|turn|18\n|\n|t:|1700368061\n|move|p1a: Toxapex|Baneful Bunker|p1a: Toxapex\n|-singleturn|p1a: Toxapex|move: Protect\n|move|p2a: Lopunny|U-turn|p1a: Toxapex\n|-activate|p1a: Toxapex|move: Protect\n|-status|p2a: Lopunny|psn\n|\n|-heal|p1a: Toxapex|70\/100|[from] item: Black Sludge\n|-damage|p2a: Lopunny|53\/100 psn|[from] psn\n|upkeep\n|turn|19\n|inactive|hhhhhhhtt has 120 seconds left.\n|j| soygael111xd\n|l| soygael111xd\n|inactive|hhhhhhhtt has 90 seconds left.\n|\n|t:|1700368122\n|move|p2a: Lopunny|U-turn|p1a: Toxapex\n|-resisted|p1a: Toxapex\n|-damage|p1a: Toxapex|60\/100\n|\n|t:|1700368128\n|switch|p2a: Ferrothorn|Ferrothorn, M|67\/100|[from] U-turn\n|move|p1a: Toxapex|Recover|p1a: Toxapex\n|-heal|p1a: Toxapex|100\/100\n|\n|-heal|p2a: Ferrothorn|73\/100|[from] item: Leftovers\n|upkeep\n|turn|20\n|\n|t:|1700368143\n|move|p1a: Toxapex|Baneful Bunker|p1a: Toxapex\n|-singleturn|p1a: Toxapex|move: Protect\n|move|p2a: Ferrothorn|Leech Seed|p1a: Toxapex\n|-activate|p1a: Toxapex|move: Protect\n|\n|-heal|p2a: Ferrothorn|79\/100|[from] item: Leftovers\n|upkeep\n|turn|21\n|\n|t:|1700368157\n|switch|p1a: Zamazenta|Zamazenta|88\/100\n|move|p2a: Ferrothorn|Leech Seed|p1a: Zamazenta\n|-start|p1a: Zamazenta|move: Leech Seed\n|\n|-heal|p1a: Zamazenta|94\/100|[from] item: Leftovers\n|-heal|p2a: Ferrothorn|85\/100|[from] item: Leftovers\n|-damage|p1a: Zamazenta|82\/100|[from] Leech Seed|[of] p2a: Ferrothorn\n|-heal|p2a: Ferrothorn|97\/100|[silent]\n|upkeep\n|turn|22\n|\n|t:|1700368168\n|switch|p2a: Landorus|Landorus-Therian, M|59\/100\n|-ability|p2a: Landorus|Intimidate|boost\n|-unboost|p1a: Zamazenta|atk|1\n|move|p1a: Zamazenta|Iron Defense|p1a: Zamazenta\n|-boost|p1a: Zamazenta|def|2\n|\n|-heal|p1a: Zamazenta|88\/100|[from] item: Leftovers\n|-damage|p1a: Zamazenta|75\/100|[from] Leech Seed|[of] p2a: Landorus\n|-heal|p2a: Landorus|70\/100|[silent]\n|upkeep\n|turn|23\n|\n|t:|1700368184\n|move|p1a: Zamazenta|Iron Defense|p1a: Zamazenta\n|-boost|p1a: Zamazenta|def|2\n|move|p2a: Landorus|Toxic|p1a: Zamazenta\n|-status|p1a: Zamazenta|tox\n|\n|-heal|p1a: Zamazenta|82\/100 tox|[from] item: Leftovers\n|-damage|p1a: Zamazenta|69\/100 tox|[from] Leech Seed|[of] p2a: Landorus\n|-heal|p2a: Landorus|81\/100|[silent]\n|-damage|p1a: Zamazenta|63\/100 tox|[from] psn\n|upkeep\n|turn|24\n|\n|t:|1700368196\n|move|p1a: Zamazenta|Body Press|p2a: Landorus\n|-resisted|p2a: Landorus\n|-damage|p2a: Landorus|31\/100\n|-damage|p1a: Zamazenta|46\/100 tox|[from] item: Rocky Helmet|[of] p2a: Landorus\n|move|p2a: Landorus|Earthquake|p1a: Zamazenta\n|-damage|p1a: Zamazenta|36\/100 tox\n|\n|-heal|p1a: Zamazenta|42\/100 tox|[from] item: Leftovers\n|-damage|p1a: Zamazenta|29\/100 tox|[from] Leech Seed|[of] p2a: Landorus\n|-heal|p2a: Landorus|42\/100|[silent]\n|-damage|p1a: Zamazenta|17\/100 tox|[from] psn\n|upkeep\n|turn|25\n|inactive|M_ManagerNgHotdog has 120 seconds left.\n|\n|t:|1700368230\n|move|p1a: Zamazenta|Body Press|p2a: Landorus\n|-resisted|p2a: Landorus\n|-damage|p2a: Landorus|0 fnt\n|-damage|p1a: Zamazenta|0 fnt|[from] item: Rocky Helmet|[of] p2a: Landorus\n|faint|p2a: Landorus\n|faint|p1a: Zamazenta\n|\n|upkeep\n|\n|t:|1700368238\n|switch|p1a: Hawlucha|Hawlucha, F|59\/100\n|switch|p2a: Tapu Koko|Tapu Koko|88\/100\n|-fieldstart|move: Electric Terrain|[from] ability: Electric Surge|[of] p2a: Tapu Koko\n|turn|26\n|\n|t:|1700368246\n|switch|p1a: Garganacl|Garganacl, F|74\/100\n|move|p2a: Tapu Koko|Reflect|p2a: Tapu Koko\n|-sidestart|p2: M_ManagerNgHotdog|Reflect\n|\n|-heal|p1a: Garganacl|81\/100|[from] item: Leftovers\n|upkeep\n|turn|27\n|\n|t:|1700368259\n|move|p2a: Tapu Koko|Volt Switch|p1a: Garganacl\n|-damage|p1a: Garganacl|56\/100\n|\n|t:|1700368262\n|switch|p2a: Lopunny|Lopunny-Mega, F|53\/100 psn|[from] Volt Switch\n|move|p1a: Garganacl|Salt Cure|p2a: Lopunny\n|-resisted|p2a: Lopunny\n|-damage|p2a: Lopunny|48\/100 psn\n|-start|p2a: Lopunny|Salt Cure\n|\n|-heal|p1a: Garganacl|62\/100|[from] item: Leftovers\n|-damage|p2a: Lopunny|36\/100 psn|[from] psn\n|-damage|p2a: Lopunny|24\/100 psn|[from] Salt Cure\n|upkeep\n|turn|28\n|inactive|hhhhhhhtt has 90 seconds left.\n|\n|t:|1700368276\n|switch|p1a: Toxapex|Toxapex, M|100\/100\n|move|p2a: Lopunny|Fake Out|p1a: Toxapex\n|-damage|p1a: Toxapex|84\/100\n|\n|-heal|p1a: Toxapex|90\/100|[from] item: Black Sludge\n|-damage|p2a: Lopunny|12\/100 psn|[from] psn\n|-damage|p2a: Lopunny|0 fnt|[from] Salt Cure\n|faint|p2a: Lopunny\n|upkeep\n|\n|t:|1700368291\n|switch|p2a: Ferrothorn|Ferrothorn, M|97\/100\n|turn|29\n|\n|t:|1700368298\n|move|p1a: Toxapex|Baneful Bunker|p1a: Toxapex\n|-singleturn|p1a: Toxapex|move: Protect\n|move|p2a: Ferrothorn|Leech Seed|p1a: Toxapex\n|-activate|p1a: Toxapex|move: Protect\n|\n|-heal|p1a: Toxapex|96\/100|[from] item: Black Sludge\n|-heal|p2a: Ferrothorn|100\/100|[from] item: Leftovers\n|upkeep\n|turn|30\n|inactive|hhhhhhhtt has 90 seconds left.\n|\n|t:|1700368313\n|move|p1a: Toxapex|Toxic Spikes|p2a: Ferrothorn\n|-sidestart|p2: M_ManagerNgHotdog|move: Toxic Spikes\n|move|p2a: Ferrothorn|Leech Seed|p1a: Toxapex\n|-start|p1a: Toxapex|move: Leech Seed\n|\n|-heal|p1a: Toxapex|100\/100|[from] item: Black Sludge\n|-damage|p1a: Toxapex|88\/100|[from] Leech Seed|[of] p2a: Ferrothorn\n|-fieldend|move: Electric Terrain\n|upkeep\n|turn|31\n|\n|t:|1700368322\n|move|p1a: Toxapex|Toxic Spikes|p2a: Ferrothorn\n|-sidestart|p2: M_ManagerNgHotdog|move: Toxic Spikes\n|move|p2a: Ferrothorn|Spikes|p1a: Toxapex\n|-sidestart|p1: hhhhhhhtt|Spikes\n|\n|-heal|p1a: Toxapex|94\/100|[from] item: Black Sludge\n|-damage|p1a: Toxapex|82\/100|[from] Leech Seed|[of] p2a: Ferrothorn\n|upkeep\n|turn|32\n|\n|t:|1700368334\n|move|p1a: Toxapex|Recover|p1a: Toxapex\n|-heal|p1a: Toxapex|100\/100\n|move|p2a: Ferrothorn|Spikes|p1a: Toxapex\n|-sidestart|p1: hhhhhhhtt|Spikes\n|\n|-damage|p1a: Toxapex|88\/100|[from] Leech Seed|[of] p2a: Ferrothorn\n|upkeep\n|turn|33\n|inactive|hhhhhhhtt has 90 seconds left.\n|\n|t:|1700368355\n|switch|p1a: Garganacl|Garganacl, F|62\/100\n|-damage|p1a: Garganacl|46\/100|[from] Spikes\n|move|p2a: Ferrothorn|Spikes|p1a: Garganacl\n|-sidestart|p1: hhhhhhhtt|Spikes\n|\n|-heal|p1a: Garganacl|52\/100|[from] item: Leftovers\n|-sideend|p2: M_ManagerNgHotdog|Reflect\n|upkeep\n|turn|34\n|inactive|hhhhhhhtt has 90 seconds left.\n|\n|t:|1700368365\n|move|p1a: Garganacl|Salt Cure|p2a: Ferrothorn\n|-resisted|p2a: Ferrothorn\n|-damage|p2a: Ferrothorn|96\/100\n|-start|p2a: Ferrothorn|Salt Cure\n|move|p2a: Ferrothorn|Leech Seed|p1a: Garganacl\n|-start|p1a: Garganacl|move: Leech Seed\n|\n|-heal|p1a: Garganacl|58\/100|[from] item: Leftovers\n|-heal|p2a: Ferrothorn|100\/100|[from] item: Leftovers\n|-damage|p1a: Garganacl|46\/100|[from] Leech Seed|[of] p2a: Ferrothorn\n|-damage|p2a: Ferrothorn|75\/100|[from] Salt Cure\n|upkeep\n|turn|35\n|inactive|hhhhhhhtt has 90 seconds left.\n|\n|t:|1700368377\n|switch|p2a: Tapu Koko|Tapu Koko|88\/100\n|-status|p2a: Tapu Koko|tox\n|-fieldstart|move: Electric Terrain|[from] ability: Electric Surge|[of] p2a: Tapu Koko\n|move|p1a: Garganacl|Recover|p1a: Garganacl\n|-heal|p1a: Garganacl|96\/100\n|\n|-heal|p1a: Garganacl|100\/100|[from] item: Leftovers\n|-damage|p1a: Garganacl|88\/100|[from] Leech Seed|[of] p2a: Tapu Koko\n|-heal|p2a: Tapu Koko|100\/100 tox|[silent]\n|-damage|p2a: Tapu Koko|94\/100 tox|[from] psn\n|upkeep\n|turn|36\n|inactive|hhhhhhhtt has 90 seconds left.\n|\n|t:|1700368394\n|move|p2a: Tapu Koko|Reflect|p2a: Tapu Koko\n|-sidestart|p2: M_ManagerNgHotdog|Reflect\n|move|p1a: Garganacl|Salt Cure|p2a: Tapu Koko\n|-damage|p2a: Tapu Koko|87\/100 tox\n|-start|p2a: Tapu Koko|Salt Cure\n|\n|-heal|p1a: Garganacl|94\/100|[from] item: Leftovers\n|-damage|p1a: Garganacl|82\/100|[from] Leech Seed|[of] p2a: Tapu Koko\n|-heal|p2a: Tapu Koko|100\/100 tox|[silent]\n|-damage|p2a: Tapu Koko|88\/100 tox|[from] psn\n|-damage|p2a: Tapu Koko|76\/100 tox|[from] Salt Cure\n|upkeep\n|turn|37\n|\n|t:|1700368409\n|move|p2a: Tapu Koko|Volt Switch|p1a: Garganacl\n|-damage|p1a: Garganacl|59\/100\n|\n|t:|1700368412\n|switch|p2a: Ferrothorn|Ferrothorn, M|75\/100|[from] Volt Switch\n|move|p1a: Garganacl|Stealth Rock|p2a: Ferrothorn\n|-sidestart|p2: M_ManagerNgHotdog|move: Stealth Rock\n|\n|-heal|p1a: Garganacl|65\/100|[from] item: Leftovers\n|-heal|p2a: Ferrothorn|82\/100|[from] item: Leftovers\n|-damage|p1a: Garganacl|53\/100|[from] Leech Seed|[of] p2a: Ferrothorn\n|-heal|p2a: Ferrothorn|95\/100|[silent]\n|upkeep\n|turn|38\n|\n|t:|1700368425\n|move|p1a: Garganacl|Salt Cure|p2a: Ferrothorn\n|-resisted|p2a: Ferrothorn\n|-damage|p2a: Ferrothorn|93\/100\n|-start|p2a: Ferrothorn|Salt Cure\n|move|p2a: Ferrothorn|Gyro Ball|p1a: Garganacl\n|-supereffective|p1a: Garganacl\n|-damage|p1a: Garganacl|25\/100\n|\n|-heal|p1a: Garganacl|31\/100|[from] item: Leftovers\n|-heal|p2a: Ferrothorn|99\/100|[from] item: Leftovers\n|-damage|p1a: Garganacl|18\/100|[from] Leech Seed|[of] p2a: Ferrothorn\n|-heal|p2a: Ferrothorn|100\/100|[silent]\n|-damage|p2a: Ferrothorn|75\/100|[from] Salt Cure\n|upkeep\n|turn|39\n|\n|t:|1700368438\n|switch|p2a: Tapu Koko|Tapu Koko|76\/100 tox\n|-damage|p2a: Tapu Koko|64\/100 tox|[from] Stealth Rock\n|move|p1a: Garganacl|Recover|p1a: Garganacl\n|-heal|p1a: Garganacl|68\/100\n|\n|-heal|p1a: Garganacl|75\/100|[from] item: Leftovers\n|-damage|p1a: Garganacl|62\/100|[from] Leech Seed|[of] p2a: Tapu Koko\n|-heal|p2a: Tapu Koko|78\/100 tox|[silent]\n|-damage|p2a: Tapu Koko|72\/100 tox|[from] psn\n|-fieldend|move: Electric Terrain\n|upkeep\n|turn|40\n|\n|t:|1700368450\n|move|p2a: Tapu Koko|Volt Switch|p1a: Garganacl\n|-damage|p1a: Garganacl|43\/100\n|\n|t:|1700368454\n|switch|p2a: Ferrothorn|Ferrothorn, M|75\/100|[from] Volt Switch\n|-damage|p2a: Ferrothorn|69\/100|[from] Stealth Rock\n|move|p1a: Garganacl|Salt Cure|p2a: Ferrothorn\n|-resisted|p2a: Ferrothorn\n|-damage|p2a: Ferrothorn|68\/100\n|-start|p2a: Ferrothorn|Salt Cure\n|\n|-heal|p1a: Garganacl|49\/100|[from] item: Leftovers\n|-heal|p2a: Ferrothorn|74\/100|[from] item: Leftovers\n|-damage|p1a: Garganacl|36\/100|[from] Leech Seed|[of] p2a: Ferrothorn\n|-heal|p2a: Ferrothorn|87\/100|[silent]\n|-damage|p2a: Ferrothorn|62\/100|[from] Salt Cure\n|upkeep\n|turn|41\n|inactive|hhhhhhhtt has 90 seconds left.\n|\n|t:|1700368479\n|move|p1a: Garganacl|Recover|p1a: Garganacl\n|-heal|p1a: Garganacl|86\/100\n|move|p2a: Ferrothorn|Gyro Ball|p1a: Garganacl\n|-supereffective|p1a: Garganacl\n|-damage|p1a: Garganacl|58\/100\n|\n|-heal|p1a: Garganacl|65\/100|[from] item: Leftovers\n|-heal|p2a: Ferrothorn|69\/100|[from] item: Leftovers\n|-damage|p1a: Garganacl|52\/100|[from] Leech Seed|[of] p2a: Ferrothorn\n|-heal|p2a: Ferrothorn|82\/100|[silent]\n|-damage|p2a: Ferrothorn|57\/100|[from] Salt Cure\n|upkeep\n|turn|42\n|\n|t:|1700368492\n|switch|p2a: Tapu Koko|Tapu Koko|72\/100 tox\n|-damage|p2a: Tapu Koko|59\/100 tox|[from] Stealth Rock\n|-fieldstart|move: Electric Terrain|[from] ability: Electric Surge|[of] p2a: Tapu Koko\n|move|p1a: Garganacl|Recover|p1a: Garganacl\n|-heal|p1a: Garganacl|100\/100\n|\n|-damage|p1a: Garganacl|88\/100|[from] Leech Seed|[of] p2a: Tapu Koko\n|-heal|p2a: Tapu Koko|73\/100 tox|[silent]\n|-damage|p2a: Tapu Koko|67\/100 tox|[from] psn\n|upkeep\n|turn|43\n|\n|t:|1700368510\n|move|p2a: Tapu Koko|Volt Switch|p1a: Garganacl\n|-damage|p1a: Garganacl|65\/100\n|\n|t:|1700368513\n|switch|p2a: Ferrothorn|Ferrothorn, M|57\/100|[from] Volt Switch\n|-damage|p2a: Ferrothorn|51\/100|[from] Stealth Rock\n|move|p1a: Garganacl|Salt Cure|p2a: Ferrothorn\n|-resisted|p2a: Ferrothorn\n|-damage|p2a: Ferrothorn|49\/100\n|-start|p2a: Ferrothorn|Salt Cure\n|\n|-heal|p1a: Garganacl|72\/100|[from] item: Leftovers\n|-heal|p2a: Ferrothorn|56\/100|[from] item: Leftovers\n|-damage|p1a: Garganacl|59\/100|[from] Leech Seed|[of] p2a: Ferrothorn\n|-heal|p2a: Ferrothorn|69\/100|[silent]\n|-damage|p2a: Ferrothorn|44\/100|[from] Salt Cure\n|-sideend|p2: M_ManagerNgHotdog|Reflect\n|upkeep\n|turn|44\n|\n|t:|1700368532\n|switch|p2a: Tapu Koko|Tapu Koko|67\/100 tox\n|-damage|p2a: Tapu Koko|55\/100 tox|[from] Stealth Rock\n|move|p1a: Garganacl|Recover|p1a: Garganacl\n|-heal|p1a: Garganacl|100\/100\n|\n|-damage|p1a: Garganacl|88\/100|[from] Leech Seed|[of] p2a: Tapu Koko\n|-heal|p2a: Tapu Koko|69\/100 tox|[silent]\n|-damage|p2a: Tapu Koko|63\/100 tox|[from] psn\n|upkeep\n|turn|45\n|\n|t:|1700368544\n|move|p2a: Tapu Koko|Reflect|p2a: Tapu Koko\n|-sidestart|p2: M_ManagerNgHotdog|Reflect\n|move|p1a: Garganacl|Salt Cure|p2a: Tapu Koko\n|-damage|p2a: Tapu Koko|54\/100 tox\n|-start|p2a: Tapu Koko|Salt Cure\n|\n|-heal|p1a: Garganacl|94\/100|[from] item: Leftovers\n|-damage|p1a: Garganacl|82\/100|[from] Leech Seed|[of] p2a: Tapu Koko\n|-heal|p2a: Tapu Koko|68\/100 tox|[silent]\n|-damage|p2a: Tapu Koko|56\/100 tox|[from] psn\n|-damage|p2a: Tapu Koko|44\/100 tox|[from] Salt Cure\n|upkeep\n|turn|46\n|\n|t:|1700368556\n|move|p2a: Tapu Koko|Volt Switch|p1a: Garganacl\n|-damage|p1a: Garganacl|58\/100\n|\n|t:|1700368559\n|switch|p2a: Ferrothorn|Ferrothorn, M|44\/100|[from] Volt Switch\n|-damage|p2a: Ferrothorn|38\/100|[from] Stealth Rock\n|move|p1a: Garganacl|Salt Cure|p2a: Ferrothorn\n|-resisted|p2a: Ferrothorn\n|-damage|p2a: Ferrothorn|36\/100\n|-start|p2a: Ferrothorn|Salt Cure\n|\n|-heal|p1a: Garganacl|64\/100|[from] item: Leftovers\n|-heal|p2a: Ferrothorn|43\/100|[from] item: Leftovers\n|-damage|p1a: Garganacl|51\/100|[from] Leech Seed|[of] p2a: Ferrothorn\n|-heal|p2a: Ferrothorn|56\/100|[silent]\n|-damage|p2a: Ferrothorn|31\/100|[from] Salt Cure\n|-fieldend|move: Electric Terrain\n|upkeep\n|turn|47\n|\n|t:|1700368577\n|move|p1a: Garganacl|Recover|p1a: Garganacl\n|-heal|p1a: Garganacl|100\/100\n|move|p2a: Ferrothorn|Gyro Ball|p1a: Garganacl\n|-supereffective|p1a: Garganacl\n|-damage|p1a: Garganacl|69\/100\n|\n|-heal|p1a: Garganacl|75\/100|[from] item: Leftovers\n|-heal|p2a: Ferrothorn|37\/100|[from] item: Leftovers\n|-damage|p1a: Garganacl|63\/100|[from] Leech Seed|[of] p2a: Ferrothorn\n|-heal|p2a: Ferrothorn|51\/100|[silent]\n|-damage|p2a: Ferrothorn|26\/100|[from] Salt Cure\n|upkeep\n|turn|48\n|inactive|hhhhhhhtt has 60 seconds left.\n|\n|t:|1700368593\n|switch|p2a: Tapu Koko|Tapu Koko|44\/100 tox\n|-damage|p2a: Tapu Koko|31\/100 tox|[from] Stealth Rock\n|-fieldstart|move: Electric Terrain|[from] ability: Electric Surge|[of] p2a: Tapu Koko\n|move|p1a: Garganacl|Salt Cure|p2a: Tapu Koko\n|-damage|p2a: Tapu Koko|24\/100 tox\n|-start|p2a: Tapu Koko|Salt Cure\n|\n|-heal|p1a: Garganacl|69\/100|[from] item: Leftovers\n|-damage|p1a: Garganacl|57\/100|[from] Leech Seed|[of] p2a: Tapu Koko\n|-heal|p2a: Tapu Koko|38\/100 tox|[silent]\n|-damage|p2a: Tapu Koko|32\/100 tox|[from] psn\n|-damage|p2a: Tapu Koko|19\/100 tox|[from] Salt Cure\n|upkeep\n|turn|49\n|inactive|hhhhhhhtt has 60 seconds left.\n|\n|t:|1700368611\n|move|p2a: Tapu Koko|Volt Switch|p1a: Garganacl\n|-damage|p1a: Garganacl|34\/100\n|\n|t:|1700368621\n|switch|p2a: Ferrothorn|Ferrothorn, M|26\/100|[from] Volt Switch\n|-damage|p2a: Ferrothorn|20\/100|[from] Stealth Rock\n|move|p1a: Garganacl|Recover|p1a: Garganacl\n|-heal|p1a: Garganacl|84\/100\n|\n|-heal|p1a: Garganacl|90\/100|[from] item: Leftovers\n|-heal|p2a: Ferrothorn|26\/100|[from] item: Leftovers\n|-damage|p1a: Garganacl|78\/100|[from] Leech Seed|[of] p2a: Ferrothorn\n|-heal|p2a: Ferrothorn|40\/100|[silent]\n|upkeep\n|turn|50\n|inactive|hhhhhhhtt has 60 seconds left.\n|\n|t:|1700368636\n|switch|p2a: Tapu Koko|Tapu Koko|19\/100 tox\n|-damage|p2a: Tapu Koko|7\/100 tox|[from] Stealth Rock\n|move|p1a: Garganacl|Salt Cure|p2a: Tapu Koko\n|-damage|p2a: Tapu Koko|0 fnt\n|faint|p2a: Tapu Koko\n|\n|-heal|p1a: Garganacl|84\/100|[from] item: Leftovers\n|upkeep\n|\n|t:|1700368643\n|switch|p2a: Ferrothorn|Ferrothorn, M|40\/100\n|-damage|p2a: Ferrothorn|33\/100|[from] Stealth Rock\n|turn|51\n|\n|t:|1700368650\n|move|p1a: Garganacl|Salt Cure|p2a: Ferrothorn\n|-resisted|p2a: Ferrothorn\n|-damage|p2a: Ferrothorn|31\/100\n|-start|p2a: Ferrothorn|Salt Cure\n|move|p2a: Ferrothorn|Gyro Ball|p1a: Garganacl\n|-supereffective|p1a: Garganacl\n|-damage|p1a: Garganacl|53\/100\n|\n|-heal|p1a: Garganacl|59\/100|[from] item: Leftovers\n|-heal|p2a: Ferrothorn|38\/100|[from] item: Leftovers\n|-damage|p1a: Garganacl|47\/100|[from] Leech Seed|[of] p2a: Ferrothorn\n|-heal|p2a: Ferrothorn|51\/100|[silent]\n|-damage|p2a: Ferrothorn|26\/100|[from] Salt Cure\n|upkeep\n|turn|52\n|\n|t:|1700368663\n|move|p1a: Garganacl|Recover|p1a: Garganacl\n|-heal|p1a: Garganacl|97\/100\n|move|p2a: Ferrothorn|Gyro Ball|p1a: Garganacl\n|-supereffective|p1a: Garganacl\n|-damage|p1a: Garganacl|66\/100\n|\n|-heal|p1a: Garganacl|73\/100|[from] item: Leftovers\n|-heal|p2a: Ferrothorn|33\/100|[from] item: Leftovers\n|-damage|p1a: Garganacl|60\/100|[from] Leech Seed|[of] p2a: Ferrothorn\n|-heal|p2a: Ferrothorn|46\/100|[silent]\n|-damage|p2a: Ferrothorn|21\/100|[from] Salt Cure\n|-sideend|p2: M_ManagerNgHotdog|Reflect\n|-fieldend|move: Electric Terrain\n|upkeep\n|turn|53\n|inactive|hhhhhhhtt has 60 seconds left.\n|\n|t:|1700368680\n|move|p1a: Garganacl|Salt Cure|p2a: Ferrothorn\n|-resisted|p2a: Ferrothorn\n|-damage|p2a: Ferrothorn|17\/100\n|move|p2a: Ferrothorn|Gyro Ball|p1a: Garganacl\n|-supereffective|p1a: Garganacl\n|-crit|p1a: Garganacl\n|-damage|p1a: Garganacl|17\/100\n|\n|-heal|p1a: Garganacl|24\/100|[from] item: Leftovers\n|-heal|p2a: Ferrothorn|23\/100|[from] item: Leftovers\n|-damage|p1a: Garganacl|11\/100|[from] Leech Seed|[of] p2a: Ferrothorn\n|-heal|p2a: Ferrothorn|37\/100|[silent]\n|-damage|p2a: Ferrothorn|12\/100|[from] Salt Cure\n|upkeep\n|turn|54\n|inactive|hhhhhhhtt has 60 seconds left.\n|\n|t:|1700368702\n|move|p1a: Garganacl|Explosion|p2a: Ferrothorn\n|-resisted|p2a: Ferrothorn\n|-damage|p2a: Ferrothorn|0 fnt\n|faint|p1a: Garganacl\n|faint|p2a: Ferrothorn\n|\n|upkeep\n|\n|t:|1700368711\n|switch|p1a: Toxapex|Toxapex, M|100\/100\n|switch|p2a: Volcarona|Volcarona, M|100\/100\n|-damage|p1a: Toxapex|75\/100|[from] Spikes\n|turn|55\n|inactive|hhhhhhhtt has 60 seconds left.\n|\n|t:|1700368719\n|-terastallize|p2a: Volcarona|Water\n|move|p2a: Volcarona|Quiver Dance|p2a: Volcarona\n|-boost|p2a: Volcarona|spa|1\n|-boost|p2a: Volcarona|spd|1\n|-boost|p2a: Volcarona|spe|1\n|move|p1a: Toxapex|Toxic|p2a: Volcarona\n|-status|p2a: Volcarona|tox\n|\n|-heal|p1a: Toxapex|82\/100|[from] item: Black Sludge\n|-damage|p2a: Volcarona|94\/100 tox|[from] psn\n|upkeep\n|turn|56\n|inactive|hhhhhhhtt has 60 seconds left.\n|\n|t:|1700368734\n|move|p1a: Toxapex|Baneful Bunker|p1a: Toxapex\n|-singleturn|p1a: Toxapex|move: Protect\n|move|p2a: Volcarona|Giga Drain|p1a: Toxapex\n|-activate|p1a: Toxapex|move: Protect\n|\n|-heal|p1a: Toxapex|88\/100|[from] item: Black Sludge\n|-damage|p2a: Volcarona|82\/100 tox|[from] psn\n|upkeep\n|turn|57\n|inactive|hhhhhhhtt has 60 seconds left.\n|\n|t:|1700368745\n|move|p2a: Volcarona|Giga Drain|p1a: Toxapex\n|-crit|p1a: Toxapex\n|-damage|p1a: Toxapex|44\/100\n|-heal|p2a: Volcarona|100\/100 tox|[from] drain|[of] p1a: Toxapex\n|move|p1a: Toxapex|Recover|p1a: Toxapex\n|-heal|p1a: Toxapex|94\/100\n|\n|-heal|p1a: Toxapex|99\/100|[from] item: Black Sludge\n|-damage|p2a: Volcarona|82\/100 tox|[from] psn\n|upkeep\n|turn|58\n|inactive|hhhhhhhtt has 60 seconds left.\n|\n|t:|1700368758\n|move|p1a: Toxapex|Baneful Bunker|p1a: Toxapex\n|-singleturn|p1a: Toxapex|move: Protect\n|move|p2a: Volcarona|Quiver Dance|p2a: Volcarona\n|-boost|p2a: Volcarona|spa|1\n|-boost|p2a: Volcarona|spd|1\n|-boost|p2a: Volcarona|spe|1\n|\n|-heal|p1a: Toxapex|100\/100|[from] item: Black Sludge\n|-damage|p2a: Volcarona|58\/100 tox|[from] psn\n|upkeep\n|turn|59\n|inactive|hhhhhhhtt has 60 seconds left.\n|\n|t:|1700368770\n|move|p2a: Volcarona|Giga Drain|p1a: Toxapex\n|-damage|p1a: Toxapex|59\/100\n|-heal|p2a: Volcarona|78\/100 tox|[from] drain|[of] p1a: Toxapex\n|move|p1a: Toxapex|Recover|p1a: Toxapex\n|-heal|p1a: Toxapex|100\/100\n|\n|-damage|p2a: Volcarona|48\/100 tox|[from] psn\n|upkeep\n|turn|60\n|inactive|hhhhhhhtt has 60 seconds left.\n|\n|t:|1700368782\n|move|p1a: Toxapex|Baneful Bunker|p1a: Toxapex\n|-singleturn|p1a: Toxapex|move: Protect\n|move|p2a: Volcarona|Quiver Dance|p2a: Volcarona\n|-boost|p2a: Volcarona|spa|1\n|-boost|p2a: Volcarona|spd|1\n|-boost|p2a: Volcarona|spe|1\n|\n|-damage|p2a: Volcarona|11\/100 tox|[from] psn\n|upkeep\n|turn|61\n|inactive|hhhhhhhtt has 60 seconds left.\n|\n|t:|1700368793\n|-terastallize|p1a: Toxapex|Poison\n|move|p2a: Volcarona|Giga Drain|p1a: Toxapex\n|-resisted|p1a: Toxapex\n|-crit|p1a: Toxapex\n|-damage|p1a: Toxapex|60\/100\n|-heal|p2a: Volcarona|31\/100 tox|[from] drain|[of] p1a: Toxapex\n|move|p1a: Toxapex|Recover|p1a: Toxapex\n|-heal|p1a: Toxapex|100\/100\n|\n|-damage|p2a: Volcarona|0 fnt|[from] psn\n|faint|p2a: Volcarona\n|\n|win|hhhhhhhtt\n|upkeep\n|raw|hhhhhhhtt's rating: 1110 &rarr; <strong>1127<\/strong><br \/>(+17 for winning)\n|raw|M_ManagerNgHotdog's rating: 1000 &rarr; <strong>1000<\/strong><br \/>(+0 for losing)\n","uploadtime":1700368816,"views":10,"p1id":"hhhhhhhtt","p2id":"mmanagernghotdog","formatid":"gen9nationaldex","rating":1000,"private":0,"password":""}