{"id":"gen9nationaldex-1990160971","p1":"Zer0king","p2":"wwwkp","format":"[Gen 9] National Dex","log":"|j|\u2606Zer0king\n|j|\u2606wwwkp\n|t:|1699931302\n|gametype|singles\n|player|p1|Zer0king|alder|1096\n|player|p2|wwwkp|bugcatcher-gen4dp|1233\n|teamsize|p1|6\n|teamsize|p2|6\n|gen|9\n|tier|[Gen 9] National Dex\n|rated|\n|rule|HP Percentage Mod: HP is shown in percentages\n|rule|Endless Battle Clause: Forcing endless battles is banned\n|rule|OHKO Clause: OHKO moves are banned\n|rule|Evasion Clause: Evasion abilities, items, and moves are banned\n|rule|Evasion Abilities Clause: Evasion abilities are banned\n|rule|Evasion Items Clause: Evasion items are banned\n|rule|Evasion Moves Clause: Evasion moves are banned\n|rule|Species Clause: Limit one of each Pok\u00e9mon\n|rule|Sleep Clause Mod: Limit one foe put to sleep\n|clearpoke\n|poke|p1|Aegislash, F|\n|poke|p1|Kommo-o, F|\n|poke|p1|Volcarona, F|\n|poke|p1|Seismitoad, F|\n|poke|p1|Ninetales-Alola, F|\n|poke|p1|Sawsbuck, F|\n|poke|p2|Lopunny, F|\n|poke|p2|Clodsire, M|\n|poke|p2|Alomomola, F|\n|poke|p2|Ferrothorn, M|\n|poke|p2|Garganacl, M|\n|poke|p2|Kommo-o, M|\n|teampreview\n|\n|t:|1699931316\n|start\n|switch|p1a: Volcarona|Volcarona, F|100\/100\n|switch|p2a: Garganacl|Garganacl, M|100\/100\n|turn|1\n|\n|t:|1699931326\n|-terastallize|p1a: Volcarona|Electric\n|move|p1a: Volcarona|Quiver Dance|p1a: Volcarona\n|-boost|p1a: Volcarona|spa|1\n|-boost|p1a: Volcarona|spd|1\n|-boost|p1a: Volcarona|spe|1\n|move|p2a: Garganacl|Iron Defense|p2a: Garganacl\n|-boost|p2a: Garganacl|def|2\n|\n|upkeep\n|turn|2\n|\n|t:|1699931339\n|move|p1a: Volcarona|Quiver Dance|p1a: Volcarona\n|-boost|p1a: Volcarona|spa|1\n|-boost|p1a: Volcarona|spd|1\n|-boost|p1a: Volcarona|spe|1\n|move|p2a: Garganacl|Salt Cure|p1a: Volcarona\n|-damage|p1a: Volcarona|80\/100\n|-start|p1a: Volcarona|Salt Cure\n|\n|-heal|p1a: Volcarona|86\/100|[from] item: Leftovers\n|-damage|p1a: Volcarona|74\/100|[from] Salt Cure\n|upkeep\n|turn|3\n|\n|t:|1699931351\n|move|p1a: Volcarona|Giga Drain|p2a: Garganacl\n|-supereffective|p2a: Garganacl\n|-damage|p2a: Garganacl|30\/100\n|-heal|p1a: Volcarona|100\/100|[from] drain|[of] p2a: Garganacl\n|move|p2a: Garganacl|Body Press|p1a: Volcarona\n|-damage|p1a: Volcarona|34\/100\n|\n|-heal|p1a: Volcarona|40\/100|[from] item: Leftovers\n|-heal|p2a: Garganacl|36\/100|[from] item: Leftovers\n|-damage|p1a: Volcarona|28\/100|[from] Salt Cure\n|upkeep\n|turn|4\n|\n|t:|1699931372\n|switch|p2a: Clodsire|Clodsire, M|100\/100\n|move|p1a: Volcarona|Giga Drain|p2a: Clodsire\n|-damage|p2a: Clodsire|86\/100\n|-heal|p1a: Volcarona|38\/100|[from] drain|[of] p2a: Clodsire\n|\n|-heal|p1a: Volcarona|45\/100|[from] item: Leftovers\n|-damage|p1a: Volcarona|32\/100|[from] Salt Cure\n|upkeep\n|turn|5\n|\n|t:|1699931389\n|move|p1a: Volcarona|Bug Buzz|p2a: Clodsire\n|-resisted|p2a: Clodsire\n|-damage|p2a: Clodsire|71\/100\n|move|p2a: Clodsire|Toxic|p1a: Volcarona\n|-status|p1a: Volcarona|tox\n|\n|-heal|p1a: Volcarona|38\/100 tox|[from] item: Leftovers\n|-damage|p1a: Volcarona|32\/100 tox|[from] psn\n|-damage|p1a: Volcarona|20\/100 tox|[from] Salt Cure\n|upkeep\n|turn|6\n|\n|t:|1699931401\n|move|p1a: Volcarona|Giga Drain|p2a: Clodsire\n|-damage|p2a: Clodsire|55\/100\n|-heal|p1a: Volcarona|32\/100 tox|[from] drain|[of] p2a: Clodsire\n|move|p2a: Clodsire|Spikes|p1a: Volcarona\n|-sidestart|p1: Zer0king|Spikes\n|\n|-heal|p1a: Volcarona|38\/100 tox|[from] item: Leftovers\n|-damage|p1a: Volcarona|26\/100 tox|[from] psn\n|-damage|p1a: Volcarona|14\/100 tox|[from] Salt Cure\n|upkeep\n|turn|7\n|\n|t:|1699931413\n|move|p1a: Volcarona|Giga Drain|p2a: Clodsire\n|-damage|p2a: Clodsire|40\/100\n|-heal|p1a: Volcarona|26\/100 tox|[from] drain|[of] p2a: Clodsire\n|move|p2a: Clodsire|Recover|p2a: Clodsire\n|-heal|p2a: Clodsire|90\/100\n|\n|-heal|p1a: Volcarona|32\/100 tox|[from] item: Leftovers\n|-damage|p1a: Volcarona|13\/100 tox|[from] psn\n|-damage|p1a: Volcarona|1\/100 tox|[from] Salt Cure\n|upkeep\n|turn|8\n|\n|t:|1699931425\n|move|p1a: Volcarona|Giga Drain|p2a: Clodsire\n|-damage|p2a: Clodsire|75\/100\n|-heal|p1a: Volcarona|12\/100 tox|[from] drain|[of] p2a: Clodsire\n|move|p2a: Clodsire|Spikes|p1a: Volcarona\n|-sidestart|p1: Zer0king|Spikes\n|\n|-heal|p1a: Volcarona|18\/100 tox|[from] item: Leftovers\n|-damage|p1a: Volcarona|0 fnt|[from] psn\n|faint|p1a: Volcarona\n|upkeep\n|\n|t:|1699931448\n|switch|p1a: Ninetales|Ninetales-Alola, F|100\/100\n|-damage|p1a: Ninetales|84\/100|[from] Spikes\n|-weather|Snow|[from] ability: Snow Warning|[of] p1a: Ninetales\n|turn|9\n|\n|t:|1699931455\n|move|p1a: Ninetales|Aurora Veil|p1a: Ninetales\n|-sidestart|p1: Zer0king|move: Aurora Veil\n|move|p2a: Clodsire|Earthquake|p1a: Ninetales\n|-damage|p1a: Ninetales|71\/100\n|\n|-weather|Snow|[upkeep]\n|-heal|p1a: Ninetales|76\/100|[from] item: Leftovers\n|upkeep\n|turn|10\n|\n|t:|1699931481\n|switch|p2a: Ferrothorn|Ferrothorn, M|100\/100\n|move|p1a: Ninetales|Freeze-Dry|p2a: Ferrothorn\n|-damage|p2a: Ferrothorn|82\/100\n|\n|-weather|Snow|[upkeep]\n|-heal|p1a: Ninetales|82\/100|[from] item: Leftovers\n|-heal|p2a: Ferrothorn|88\/100|[from] item: Leftovers\n|upkeep\n|turn|11\n|\n|t:|1699931496\n|move|p1a: Ninetales|Freeze-Dry|p2a: Ferrothorn\n|-damage|p2a: Ferrothorn|69\/100\n|move|p2a: Ferrothorn|Stealth Rock|p1a: Ninetales\n|-sidestart|p1: Zer0king|move: Stealth Rock\n|\n|-weather|Snow|[upkeep]\n|-heal|p1a: Ninetales|88\/100|[from] item: Leftovers\n|-heal|p2a: Ferrothorn|75\/100|[from] item: Leftovers\n|upkeep\n|turn|12\n|\n|t:|1699931506\n|move|p1a: Ninetales|Encore|p2a: Ferrothorn\n|-start|p2a: Ferrothorn|Encore\n|move|p2a: Ferrothorn|Stealth Rock||[still]\n|-fail|p2a: Ferrothorn\n|\n|-weather|Snow|[upkeep]\n|-heal|p1a: Ninetales|94\/100|[from] item: Leftovers\n|-heal|p2a: Ferrothorn|81\/100|[from] item: Leftovers\n|upkeep\n|turn|13\n|\n|t:|1699931518\n|switch|p2a: Lopunny|Lopunny, F|100\/100\n|move|p1a: Ninetales|Freeze-Dry|p2a: Lopunny\n|-damage|p2a: Lopunny|65\/100\n|\n|-weather|none\n|-heal|p1a: Ninetales|99\/100|[from] item: Leftovers\n|-sideend|p1: Zer0king|move: Aurora Veil\n|upkeep\n|turn|14\n|\n|t:|1699931531\n|detailschange|p2a: Lopunny|Lopunny-Mega, F\n|-mega|p2a: Lopunny|Lopunny|Lopunnite\n|move|p2a: Lopunny|Fake Out|p1a: Ninetales\n|-damage|p1a: Ninetales|65\/100\n|cant|p1a: Ninetales|flinch\n|\n|-heal|p1a: Ninetales|71\/100|[from] item: Leftovers\n|upkeep\n|turn|15\n|\n|t:|1699931550\n|move|p2a: Lopunny|U-turn|p1a: Ninetales\n|-resisted|p1a: Ninetales\n|-damage|p1a: Ninetales|50\/100\n|\n|t:|1699931560\n|switch|p2a: Ferrothorn|Ferrothorn, M|81\/100|[from] U-turn\n|move|p1a: Ninetales|Encore||[still]\n|-fail|p1a: Ninetales\n|\n|-heal|p1a: Ninetales|56\/100|[from] item: Leftovers\n|-heal|p2a: Ferrothorn|88\/100|[from] item: Leftovers\n|upkeep\n|turn|16\n|\n|t:|1699931569\n|move|p1a: Ninetales|Aurora Veil||[still]\n|-fail|p1a: Ninetales\n|move|p2a: Ferrothorn|Leech Seed|p1a: Ninetales|[miss]\n|-miss|p2a: Ferrothorn|p1a: Ninetales\n|\n|-heal|p1a: Ninetales|62\/100|[from] item: Leftovers\n|-heal|p2a: Ferrothorn|94\/100|[from] item: Leftovers\n|upkeep\n|turn|17\n|\n|t:|1699931584\n|switch|p1a: Kommo-o|Kommo-o, F|100\/100\n|-damage|p1a: Kommo-o|84\/100|[from] Spikes\n|-damage|p1a: Kommo-o|78\/100|[from] Stealth Rock\n|move|p2a: Ferrothorn|Knock Off|p1a: Kommo-o\n|-resisted|p1a: Kommo-o\n|-damage|p1a: Kommo-o|71\/100\n|\n|-heal|p2a: Ferrothorn|99\/100|[from] item: Leftovers\n|upkeep\n|turn|18\n|\n|t:|1699931614\n|switch|p2a: Alomomola|Alomomola, F|100\/100\n|-zpower|p1a: Kommo-o\n|move|p1a: Kommo-o|Clangorous Soulblaze|p2a: Alomomola|[zeffect]\n|-damage|p2a: Alomomola|46\/100\n|-boost|p1a: Kommo-o|atk|1\n|-boost|p1a: Kommo-o|def|1\n|-boost|p1a: Kommo-o|spa|1\n|-boost|p1a: Kommo-o|spd|1\n|-boost|p1a: Kommo-o|spe|1\n|\n|upkeep\n|turn|19\n|\n|t:|1699931643\n|move|p1a: Kommo-o|Swords Dance|p1a: Kommo-o\n|-boost|p1a: Kommo-o|atk|2\n|move|p2a: Alomomola|Toxic|p1a: Kommo-o|[miss]\n|-miss|p2a: Alomomola|p1a: Kommo-o\n|\n|upkeep\n|turn|20\n|\n|t:|1699931651\n|move|p1a: Kommo-o|Swords Dance|p1a: Kommo-o\n|-boost|p1a: Kommo-o|atk|2\n|move|p2a: Alomomola|Toxic|p1a: Kommo-o\n|-status|p1a: Kommo-o|tox\n|\n|-damage|p1a: Kommo-o|64\/100 tox|[from] psn\n|upkeep\n|turn|21\n|\n|t:|1699931662\n|move|p2a: Alomomola|Protect|p2a: Alomomola\n|-singleturn|p2a: Alomomola|Protect\n|move|p1a: Kommo-o|Dragon Claw|p2a: Alomomola\n|-activate|p2a: Alomomola|move: Protect\n|\n|-damage|p1a: Kommo-o|52\/100 tox|[from] psn\n|upkeep\n|turn|22\n|\n|t:|1699931691\n|switch|p2a: Ferrothorn|Ferrothorn, M|99\/100\n|move|p1a: Kommo-o|Dragon Claw|p2a: Ferrothorn\n|-resisted|p2a: Ferrothorn\n|-damage|p2a: Ferrothorn|55\/100\n|-damage|p1a: Kommo-o|40\/100 tox|[from] ability: Iron Barbs|[of] p2a: Ferrothorn\n|\n|-heal|p2a: Ferrothorn|61\/100|[from] item: Leftovers\n|-damage|p1a: Kommo-o|21\/100 tox|[from] psn\n|upkeep\n|turn|23\n|\n|t:|1699931706\n|switch|p2a: Alomomola|Alomomola, F|79\/100\n|move|p1a: Kommo-o|Body Press|p2a: Alomomola\n|-damage|p2a: Alomomola|48\/100\n|\n|-damage|p1a: Kommo-o|0 fnt|[from] psn\n|faint|p1a: Kommo-o\n|upkeep\n|\n|t:|1699931724\n|switch|p1a: Seismitoad|Seismitoad, F|100\/100\n|-damage|p1a: Seismitoad|84\/100|[from] Spikes\n|-damage|p1a: Seismitoad|78\/100|[from] Stealth Rock\n|turn|24\n|\n|t:|1699931734\n|move|p1a: Seismitoad|Toxic|p2a: Alomomola\n|-status|p2a: Alomomola|tox\n|move|p2a: Alomomola|Toxic|p1a: Seismitoad\n|-status|p1a: Seismitoad|tox\n|\n|-damage|p1a: Seismitoad|72\/100 tox|[from] psn\n|-damage|p2a: Alomomola|41\/100 tox|[from] psn\n|upkeep\n|turn|25\n|\n|t:|1699931744\n|move|p1a: Seismitoad|Knock Off|p2a: Alomomola\n|-damage|p2a: Alomomola|21\/100 tox\n|-enditem|p2a: Alomomola|Heavy-Duty Boots|[from] move: Knock Off|[of] p1a: Seismitoad\n|move|p2a: Alomomola|Wish|p2a: Alomomola\n|\n|-damage|p1a: Seismitoad|60\/100 tox|[from] psn\n|-damage|p2a: Alomomola|9\/100 tox|[from] psn\n|upkeep\n|turn|26\n|\n|t:|1699931756\n|switch|p2a: Lopunny|Lopunny-Mega, F|65\/100\n|move|p1a: Seismitoad|Knock Off|p2a: Lopunny\n|-resisted|p2a: Lopunny\n|-damage|p2a: Lopunny|52\/100\n|\n|-heal|p2a: Lopunny|100\/100|[from] move: Wish|[wisher] Alomomola\n|-damage|p1a: Seismitoad|42\/100 tox|[from] psn\n|upkeep\n|turn|27\n|\n|t:|1699931768\n|move|p2a: Lopunny|Fake Out|p1a: Seismitoad\n|-crit|p1a: Seismitoad\n|-damage|p1a: Seismitoad|8\/100 tox\n|-enditem|p1a: Seismitoad|Aguav Berry|[eat]\n|-heal|p1a: Seismitoad|41\/100 tox|[from] item: Aguav Berry\n|cant|p1a: Seismitoad|flinch\n|\n|-damage|p1a: Seismitoad|17\/100 tox|[from] psn\n|upkeep\n|turn|28\n|\n|t:|1699931780\n|move|p2a: Lopunny|Close Combat|p1a: Seismitoad\n|-damage|p1a: Seismitoad|0 fnt\n|-unboost|p2a: Lopunny|def|1\n|-unboost|p2a: Lopunny|spd|1\n|faint|p1a: Seismitoad\n|\n|upkeep\n|\n|t:|1699931789\n|switch|p1a: Aegislash|Aegislash, F|100\/100\n|-damage|p1a: Aegislash|84\/100|[from] Spikes\n|-damage|p1a: Aegislash|78\/100|[from] Stealth Rock\n|turn|29\n|\n|t:|1699931800\n|move|p2a: Lopunny|U-turn|p1a: Aegislash\n|-resisted|p1a: Aegislash\n|-damage|p1a: Aegislash|73\/100\n|-damage|p2a: Lopunny|84\/100|[from] item: Rocky Helmet|[of] p1a: Aegislash\n|\n|t:|1699931814\n|switch|p2a: Ferrothorn|Ferrothorn, M|61\/100|[from] U-turn\n|-formechange|p1a: Aegislash|Aegislash-Blade||[from] ability: Stance Change\n|move|p1a: Aegislash|Close Combat|p2a: Ferrothorn\n|-supereffective|p2a: Ferrothorn\n|-damage|p2a: Ferrothorn|0 fnt\n|-unboost|p1a: Aegislash|def|1\n|-unboost|p1a: Aegislash|spd|1\n|-damage|p1a: Aegislash|61\/100|[from] ability: Iron Barbs|[of] p2a: Ferrothorn\n|faint|p2a: Ferrothorn\n|\n|upkeep\n|\n|t:|1699931856\n|switch|p2a: Kommo-o|Kommo-o, M|100\/100\n|turn|30\n|\n|t:|1699931873\n|-formechange|p1a: Aegislash|Aegislash||[from] ability: Stance Change\n|move|p1a: Aegislash|King's Shield|p1a: Aegislash\n|-singleturn|p1a: Aegislash|Protect\n|move|p2a: Kommo-o|Clanging Scales|p1a: Aegislash\n|-activate|p1a: Aegislash|move: Protect\n|\n|upkeep\n|turn|31\n|\n|t:|1699931892\n|switch|p1a: Ninetales|Ninetales-Alola, F|62\/100\n|-damage|p1a: Ninetales|45\/100|[from] Spikes\n|-damage|p1a: Ninetales|21\/100|[from] Stealth Rock\n|-weather|Snow|[from] ability: Snow Warning|[of] p1a: Ninetales\n|move|p2a: Kommo-o|Clanging Scales|p1a: Ninetales\n|-immune|p1a: Ninetales\n|\n|-weather|Snow|[upkeep]\n|-heal|p1a: Ninetales|27\/100|[from] item: Leftovers\n|upkeep\n|turn|32\n|\n|t:|1699931913\n|switch|p2a: Clodsire|Clodsire, M|75\/100\n|move|p1a: Ninetales|Aurora Veil|p1a: Ninetales\n|-sidestart|p1: Zer0king|move: Aurora Veil\n|\n|-weather|Snow|[upkeep]\n|-heal|p1a: Ninetales|33\/100|[from] item: Leftovers\n|upkeep\n|turn|33\n|\n|t:|1699931927\n|move|p1a: Ninetales|Freeze-Dry|p2a: Clodsire\n|-supereffective|p2a: Clodsire\n|-damage|p2a: Clodsire|45\/100\n|move|p2a: Clodsire|Toxic|p1a: Ninetales\n|-status|p1a: Ninetales|tox\n|\n|-weather|Snow|[upkeep]\n|-heal|p1a: Ninetales|38\/100 tox|[from] item: Leftovers\n|-damage|p1a: Ninetales|33\/100 tox|[from] psn\n|upkeep\n|turn|34\n|\n|t:|1699931942\n|switch|p2a: Lopunny|Lopunny-Mega, F|84\/100\n|move|p1a: Ninetales|Encore||[still]\n|-fail|p1a: Ninetales\n|\n|-weather|Snow|[upkeep]\n|-heal|p1a: Ninetales|38\/100 tox|[from] item: Leftovers\n|-damage|p1a: Ninetales|27\/100 tox|[from] psn\n|upkeep\n|turn|35\n|\n|t:|1699931950\n|move|p2a: Lopunny|Fake Out|p1a: Ninetales\n|-damage|p1a: Ninetales|16\/100 tox\n|cant|p1a: Ninetales|flinch\n|\n|-weather|none\n|-heal|p1a: Ninetales|22\/100 tox|[from] item: Leftovers\n|-damage|p1a: Ninetales|4\/100 tox|[from] psn\n|upkeep\n|turn|36\n|\n|t:|1699931965\n|move|p2a: Lopunny|U-turn|p1a: Ninetales\n|-resisted|p1a: Ninetales\n|-damage|p1a: Ninetales|0 fnt\n|faint|p1a: Ninetales\n|\n|t:|1699931972\n|switch|p2a: Kommo-o|Kommo-o, M|100\/100|[from] U-turn\n|\n|-sideend|p1: Zer0king|move: Aurora Veil\n|upkeep\n|\n|t:|1699931984\n|switch|p1a: Sawsbuck|Sawsbuck, F|100\/100\n|-damage|p1a: Sawsbuck|84\/100|[from] Spikes\n|-damage|p1a: Sawsbuck|72\/100|[from] Stealth Rock\n|turn|37\n|\n|t:|1699931998\n|move|p1a: Sawsbuck|Zen Headbutt|p2a: Kommo-o\n|-supereffective|p2a: Kommo-o\n|-damage|p2a: Kommo-o|55\/100\n|cant|p2a: Kommo-o|flinch\n|\n|-heal|p1a: Sawsbuck|78\/100|[from] item: Leftovers\n|upkeep\n|turn|38\n|\n|t:|1699932007\n|move|p1a: Sawsbuck|Zen Headbutt|p2a: Kommo-o\n|-supereffective|p2a: Kommo-o\n|-damage|p2a: Kommo-o|8\/100\n|cant|p2a: Kommo-o|flinch\n|\n|-heal|p1a: Sawsbuck|84\/100|[from] item: Leftovers\n|upkeep\n|turn|39\n|\n|t:|1699932027\n|switch|p2a: Garganacl|Garganacl, M|36\/100\n|move|p1a: Sawsbuck|Zen Headbutt|p2a: Garganacl\n|-damage|p2a: Garganacl|20\/100\n|\n|-heal|p1a: Sawsbuck|90\/100|[from] item: Leftovers\n|-heal|p2a: Garganacl|26\/100|[from] item: Leftovers\n|upkeep\n|turn|40\n|\n|t:|1699932037\n|move|p1a: Sawsbuck|Energy Ball|p2a: Garganacl\n|-supereffective|p2a: Garganacl\n|-damage|p2a: Garganacl|0 fnt\n|faint|p2a: Garganacl\n|\n|-heal|p1a: Sawsbuck|96\/100|[from] item: Leftovers\n|upkeep\n|\n|t:|1699932055\n|switch|p2a: Lopunny|Lopunny-Mega, F|84\/100\n|turn|41\n|\n|t:|1699932064\n|move|p2a: Lopunny|Fake Out|p1a: Sawsbuck\n|-damage|p1a: Sawsbuck|60\/100\n|cant|p1a: Sawsbuck|flinch\n|\n|-heal|p1a: Sawsbuck|66\/100|[from] item: Leftovers\n|upkeep\n|turn|42\n|\n|t:|1699932074\n|move|p2a: Lopunny|Close Combat|p1a: Sawsbuck\n|-supereffective|p1a: Sawsbuck\n|-damage|p1a: Sawsbuck|0 fnt\n|-unboost|p2a: Lopunny|def|1\n|-unboost|p2a: Lopunny|spd|1\n|faint|p1a: Sawsbuck\n|\n|upkeep\n|\n|t:|1699932082\n|switch|p1a: Aegislash|Aegislash, F|61\/100\n|-damage|p1a: Aegislash|44\/100|[from] Spikes\n|-damage|p1a: Aegislash|38\/100|[from] Stealth Rock\n|turn|43\n|\n|t:|1699932093\n|switch|p2a: Alomomola|Alomomola, F|42\/100 tox\n|-formechange|p1a: Aegislash|Aegislash-Blade||[from] ability: Stance Change\n|move|p1a: Aegislash|Close Combat|p2a: Alomomola\n|-damage|p2a: Alomomola|12\/100 tox\n|-unboost|p1a: Aegislash|def|1\n|-unboost|p1a: Aegislash|spd|1\n|\n|-damage|p2a: Alomomola|6\/100 tox|[from] psn\n|upkeep\n|turn|44\n|\n|t:|1699932114\n|switch|p2a: Kommo-o|Kommo-o, M|8\/100\n|move|p1a: Aegislash|Shadow Claw|p2a: Kommo-o\n|-crit|p2a: Kommo-o\n|-damage|p2a: Kommo-o|0 fnt\n|faint|p2a: Kommo-o\n|\n|upkeep\n|\n|t:|1699932131\n|switch|p2a: Clodsire|Clodsire, M|45\/100\n|turn|45\n|\n|t:|1699932150\n|-terastallize|p2a: Clodsire|Dark\n|move|p1a: Aegislash|Iron Head|p2a: Clodsire\n|-damage|p2a: Clodsire|0 fnt\n|faint|p2a: Clodsire\n|\n|upkeep\n|\n|t:|1699932156\n|switch|p2a: Alomomola|Alomomola, F|39\/100 tox\n|turn|46\n|-message|wwwkp forfeited.\n|\n|win|Zer0king\n|raw|Zer0king's rating: 1096 &rarr; <strong>1131<\/strong><br \/>(+35 for winning)\n|raw|wwwkp's rating: 1233 &rarr; <strong>1199<\/strong><br \/>(-34 for losing)\n|l|\u2606wwwkp\n","uploadtime":1699932204,"views":12,"p1id":"zer0king","p2id":"wwwkp","formatid":"gen9nationaldex","rating":1131,"private":0,"password":""}