{"id":"gen9nationaldex-1998836439","p1":"Xerxeous","p2":"Swoad Khan","format":"[Gen 9] National Dex","log":"|html|<div class=\"broadcast-blue\"><strong>[Gen 9] National Dex is currently suspecting Sneasler! For information on how to participate check out the <a href=\"https:\/\/www.smogon.com\/forums\/threads\/sv-national-dex-suspect-8-just-dance.3731534\/\">suspect thread<\/a>.<\/strong><\/div>\n|j|\u2606Xerxeous\n|j|\u2606Swoad Khan\n|t:|1701000535\n|gametype|singles\n|player|p1|Xerxeous|psychic-gen3rs|1077\n|player|p2|Swoad Khan|steven|1165\n|teamsize|p1|6\n|teamsize|p2|6\n|gen|9\n|tier|[Gen 9] National Dex\n|rated|\n|rule|HP Percentage Mod: HP is shown in percentages\n|rule|Endless Battle Clause: Forcing endless battles is banned\n|rule|OHKO Clause: OHKO moves are banned\n|rule|Evasion Clause: Evasion abilities, items, and moves are banned\n|rule|Evasion Abilities Clause: Evasion abilities are banned\n|rule|Evasion Items Clause: Evasion items are banned\n|rule|Evasion Moves Clause: Evasion moves are banned\n|rule|Species Clause: Limit one of each Pok\u00e9mon\n|rule|Sleep Clause Mod: Limit one foe put to sleep\n|clearpoke\n|poke|p1|Maushold|\n|poke|p1|Zoroark-Hisui, M|\n|poke|p1|Linoone, M|\n|poke|p1|Swellow, M|\n|poke|p1|Chansey, F|\n|poke|p1|Lopunny, M|\n|poke|p2|Lycanroc-Dusk, F|\n|poke|p2|Dragonite, M|\n|poke|p2|Serperior, M|\n|poke|p2|Zeraora|\n|poke|p2|Zapdos|\n|poke|p2|Weavile, M|\n|teampreview\n|inactive|Battle timer is ON: inactive players will automatically lose when time's up. (requested by Swoad Khan)\n|\n|t:|1701000547\n|start\n|switch|p1a: Dayshia|Lopunny, M, shiny|100\/100\n|switch|p2a: Weavile|Weavile, M|100\/100\n|-ability|p2a: Weavile|Pressure\n|turn|1\n|\n|t:|1701000553\n|move|p2a: Weavile|Protect|p2a: Weavile\n|-singleturn|p2a: Weavile|Protect\n|move|p1a: Dayshia|Will-O-Wisp|p2a: Weavile\n|-activate|p2a: Weavile|move: Protect\n|\n|upkeep\n|turn|2\n|\n|t:|1701000564\n|switch|p2a: Zapdos|Zapdos|100\/100\n|move|p1a: Dayshia|Will-O-Wisp|p2a: Zapdos\n|-status|p2a: Zapdos|brn\n|\n|-damage|p2a: Zapdos|94\/100 brn|[from] brn\n|upkeep\n|turn|3\n|\n|t:|1701000570\n|move|p1a: Dayshia|Hex|p2a: Zapdos\n|-damage|p2a: Zapdos|50\/100 brn\n|move|p2a: Zapdos|Hurricane|p1a: Dayshia|[miss]\n|-miss|p2a: Zapdos|p1a: Dayshia\n|\n|-damage|p2a: Zapdos|44\/100 brn|[from] brn\n|upkeep\n|turn|4\n|\n|t:|1701000577\n|move|p1a: Dayshia|Nasty Plot|p1a: Dayshia\n|-boost|p1a: Dayshia|spa|2\n|move|p2a: Zapdos|Hurricane|p1a: Dayshia\n|-damage|p1a: Dayshia|5\/100\n|replace|p1a: Shadow-man|Zoroark-Hisui, M\n|-end|p1a: Shadow-man|Illusion\n|\n|-damage|p2a: Zapdos|38\/100 brn|[from] brn\n|upkeep\n|turn|5\n|\n|t:|1701000583\n|move|p1a: Shadow-man|Flamethrower|p2a: Zapdos\n|-damage|p2a: Zapdos|0 fnt\n|faint|p2a: Zapdos\n|\n|upkeep\n|\n|t:|1701000588\n|switch|p2a: Weavile|Weavile, M|100\/100\n|-ability|p2a: Weavile|Pressure\n|turn|6\n|\n|t:|1701000592\n|move|p2a: Weavile|Ice Shard|p1a: Shadow-man\n|-damage|p1a: Shadow-man|0 fnt\n|faint|p1a: Shadow-man\n|-damage|p2a: Weavile|91\/100|[from] item: Life Orb\n|\n|upkeep\n|\n|t:|1701000601\n|switch|p1a: Dayshia|Lopunny, M, shiny|100\/100\n|turn|7\n|\n|t:|1701000605\n|detailschange|p1a: Dayshia|Lopunny-Mega, M, shiny\n|-mega|p1a: Dayshia|Lopunny|Lopunnite\n|move|p2a: Weavile|Protect|p2a: Weavile\n|-singleturn|p2a: Weavile|Protect\n|move|p1a: Dayshia|Fake Out|p2a: Weavile\n|-activate|p2a: Weavile|move: Protect\n|\n|upkeep\n|turn|8\n|\n|t:|1701000615\n|move|p2a: Weavile|Ice Shard|p1a: Dayshia\n|-damage|p1a: Dayshia|67\/100\n|-damage|p2a: Weavile|81\/100|[from] item: Life Orb\n|move|p1a: Dayshia|High Jump Kick|p2a: Weavile\n|-supereffective|p2a: Weavile\n|-damage|p2a: Weavile|0 fnt\n|faint|p2a: Weavile\n|\n|upkeep\n|\n|t:|1701000626\n|switch|p2a: Lycanroc|Lycanroc-Dusk, F|100\/100\n|turn|9\n|\n|t:|1701000630\n|move|p1a: Dayshia|High Jump Kick|p2a: Lycanroc\n|-supereffective|p2a: Lycanroc\n|-enditem|p2a: Lycanroc|Focus Sash\n|-damage|p2a: Lycanroc|1\/100\n|move|p2a: Lycanroc|Close Combat|p1a: Dayshia\n|-supereffective|p1a: Dayshia\n|-damage|p1a: Dayshia|0 fnt\n|-unboost|p2a: Lycanroc|def|1\n|-unboost|p2a: Lycanroc|spd|1\n|faint|p1a: Dayshia\n|\n|upkeep\n|\n|t:|1701000637\n|switch|p1a: Onthello|Swellow, M, shiny|100\/100\n|turn|10\n|\n|t:|1701000640\n|move|p1a: Onthello|Quick Attack|p2a: Lycanroc\n|-resisted|p2a: Lycanroc\n|-damage|p2a: Lycanroc|0 fnt\n|faint|p2a: Lycanroc\n|\n|-status|p1a: Onthello|brn|[from] item: Flame Orb\n|upkeep\n|\n|t:|1701000646\n|switch|p2a: Zeraora|Zeraora|100\/100\n|-item|p2a: Zeraora|Air Balloon\n|turn|11\n|\n|t:|1701000656\n|move|p1a: Onthello|Protect|p1a: Onthello\n|-singleturn|p1a: Onthello|Protect\n|move|p2a: Zeraora|Plasma Fists|p1a: Onthello\n|-activate|p1a: Onthello|move: Protect\n|\n|-damage|p1a: Onthello|94\/100 brn|[from] brn\n|upkeep\n|turn|12\n|\n|t:|1701000662\n|-terastallize|p1a: Onthello|Normal\n|move|p2a: Zeraora|Plasma Fists|p1a: Onthello\n|-damage|p1a: Onthello|9\/100 brn\n|-fieldactivate|move: Ion Deluge\n|-hint|Normal-type moves become Electric-type after using Plasma Fists.\n|move|p1a: Onthello|Facade|p2a: Zeraora\n|-immune|p2a: Zeraora|[from] ability: Volt Absorb\n|\n|-damage|p1a: Onthello|3\/100 brn|[from] brn\n|upkeep\n|turn|13\n|c|\u2606Xerxeous|UMM\n|inactive|Xerxeous has 120 seconds left.\n|c|\u2606Xerxeous|Explain....\n|\n|t:|1701000696\n|move|p2a: Zeraora|Bulk Up|p2a: Zeraora\n|-boost|p2a: Zeraora|atk|1\n|-boost|p2a: Zeraora|def|1\n|move|p1a: Onthello|Brave Bird|p2a: Zeraora\n|-resisted|p2a: Zeraora\n|-damage|p2a: Zeraora|67\/100\n|-enditem|p2a: Zeraora|Air Balloon\n|-damage|p1a: Onthello|0 fnt|[from] Recoil\n|faint|p1a: Onthello\n|\n|upkeep\n|inactive|Xerxeous has 120 seconds left.\n|\n|t:|1701000705\n|switch|p1a: Mildried|Chansey, F|100\/100\n|turn|14\n|inactive|Swoad Khan has 120 seconds left.\n|c|\u2606Swoad Khan|After using plasma fist normal type moves becomes electric type and zeroara is immune to electric moves\n|\n|t:|1701000746\n|move|p2a: Zeraora|Plasma Fists|p1a: Mildried\n|-damage|p1a: Mildried|59\/100\n|-fieldactivate|move: Ion Deluge\n|-hint|Normal-type moves become Electric-type after using Plasma Fists.\n|move|p1a: Mildried|Toxic|p2a: Zeraora|[miss]\n|-miss|p1a: Mildried|p2a: Zeraora\n|\n|upkeep\n|turn|15\n|c|\u2606Xerxeous|OH what\n|c|\u2606Xerxeous|WOW\n|c|\u2606Xerxeous|THAT'S SO NICHE\n|\n|t:|1701000764\n|move|p2a: Zeraora|Plasma Fists|p1a: Mildried\n|-damage|p1a: Mildried|10\/100\n|-fieldactivate|move: Ion Deluge\n|-hint|Normal-type moves become Electric-type after using Plasma Fists.\n|move|p1a: Mildried|Toxic|p2a: Zeraora\n|-status|p2a: Zeraora|tox\n|\n|-damage|p2a: Zeraora|61\/100 tox|[from] psn\n|upkeep\n|turn|16\n|inactive|Swoad Khan has 120 seconds left.\n|\n|t:|1701000780\n|move|p2a: Zeraora|Blaze Kick|p1a: Mildried\n|-damage|p1a: Mildried|0 fnt\n|faint|p1a: Mildried\n|\n|-damage|p2a: Zeraora|49\/100 tox|[from] psn\n|upkeep\n|c|\u2606Xerxeous|mE with a normal type team\n|inactive|Xerxeous has 120 seconds left.\n|c|\u2606Xerxeous|Now WHY DID GAMEFREAK DECIDED THAT WAS NESSECARRY\n|c|\u2606Xerxeous|WHAT THREAT DID NORMAL TYPES POSE IN GEN 7 TO WARRENT THIS WAR CRIME\n|\n|t:|1701000825\n|switch|p1a: Nick-Cannon|Maushold, shiny|100\/100\n|turn|17\n|inactive|Swoad Khan has 120 seconds left.\n|c|\u2606Swoad Khan|You can deal damage using quick attack and extreme speed\n|\n|t:|1701000858\n|move|p2a: Zeraora|Plasma Fists|p1a: Nick-Cannon\n|-enditem|p1a: Nick-Cannon|Focus Sash\n|-damage|p1a: Nick-Cannon|1\/100\n|-fieldactivate|move: Ion Deluge\n|-hint|Normal-type moves become Electric-type after using Plasma Fists.\n|move|p1a: Nick-Cannon|Tidy Up|p1a: Nick-Cannon\n|-boost|p1a: Nick-Cannon|atk|1\n|-boost|p1a: Nick-Cannon|spe|1\n|\n|-damage|p2a: Zeraora|31\/100 tox|[from] psn\n|upkeep\n|turn|18\n|c|\u2606Xerxeous|hOW though\n|\n|t:|1701000876\n|move|p1a: Nick-Cannon|Population Bomb|p2a: Zeraora\n|-damage|p2a: Zeraora|17\/100 tox\n|-damage|p2a: Zeraora|3\/100 tox\n|-damage|p2a: Zeraora|0 fnt\n|faint|p2a: Zeraora\n|-hitcount|p2: Zeraora|3\n|\n|upkeep\n|\n|t:|1701000884\n|switch|p2a: Dragonite|Dragonite, M|100\/100\n|turn|19\n|c|\u2606Xerxeous|I'm so confused on what attacks work and what dn't\n|\n|t:|1701000898\n|move|p2a: Dragonite|Extreme Speed|p1a: Nick-Cannon\n|-damage|p1a: Nick-Cannon|0 fnt\n|faint|p1a: Nick-Cannon\n|\n|upkeep\n|\n|t:|1701000901\n|switch|p1a: Reverse Flash|Linoone, M, shiny|100\/100\n|turn|20\n|inactive|Swoad Khan has 90 seconds left.\n|\n|t:|1701000936\n|move|p1a: Reverse Flash|Belly Drum|p1a: Reverse Flash\n|-damage|p1a: Reverse Flash|50\/100\n|-setboost|p1a: Reverse Flash|atk|6|[from] move: Belly Drum\n|-enditem|p1a: Reverse Flash|Figy Berry|[eat]\n|-heal|p1a: Reverse Flash|84\/100|[from] item: Figy Berry\n|move|p2a: Dragonite|Dragon Dance|p2a: Dragonite\n|-boost|p2a: Dragonite|atk|1\n|-boost|p2a: Dragonite|spe|1\n|\n|upkeep\n|turn|21\n|inactive|Swoad Khan has 90 seconds left.\n|c|\u2606Swoad Khan|After using plasma fist every types of normal moves become electric type for 1 turn\n|\n|t:|1701000959\n|move|p2a: Dragonite|Extreme Speed|p1a: Reverse Flash\n|-damage|p1a: Reverse Flash|15\/100\n|move|p1a: Reverse Flash|Extreme Speed|p2a: Dragonite\n|-damage|p2a: Dragonite|40\/100\n|\n|upkeep\n|turn|22\n|\n|t:|1701000971\n|move|p2a: Dragonite|Extreme Speed|p1a: Reverse Flash\n|-damage|p1a: Reverse Flash|0 fnt\n|faint|p1a: Reverse Flash\n|\n|win|Swoad Khan\n|raw|Xerxeous's rating: 1077 &rarr; <strong>1061<\/strong><br \/>(-16 for losing)\n|raw|Swoad Khan's rating: 1165 &rarr; <strong>1184<\/strong><br \/>(+19 for winning)\n|c|\u2606Xerxeous|Ah\n|c|\u2606Xerxeous|Ookay , well gg\n|c|\u2606Swoad Khan|There is a solution\n|c|\u2606Xerxeous|Wha-\n|c|\u2606Swoad Khan|If Your opponent uses plasma fist then you have attack zeroara before he attacks\n","uploadtime":1701001062,"views":1,"p1id":"xerxeous","p2id":"swoadkhan","formatid":"gen9nationaldex","rating":1061,"private":0,"password":""}