{"id":"gen9nationaldex-1990371175","p1":"K. Repola","p2":"yadabosiggg","format":"[Gen 9] National Dex","log":"|j|\u2606K. Repola\n|j|\u2606yadabosiggg\n|t:|1699963489\n|gametype|singles\n|player|p1|K. Repola|gentleman|1407\n|player|p2|yadabosiggg|preschooler|1453\n|teamsize|p1|6\n|teamsize|p2|6\n|gen|9\n|tier|[Gen 9] National Dex\n|rated|\n|rule|HP Percentage Mod: HP is shown in percentages\n|rule|Endless Battle Clause: Forcing endless battles is banned\n|rule|OHKO Clause: OHKO moves are banned\n|rule|Evasion Clause: Evasion abilities, items, and moves are banned\n|rule|Evasion Abilities Clause: Evasion abilities are banned\n|rule|Evasion Items Clause: Evasion items are banned\n|rule|Evasion Moves Clause: Evasion moves are banned\n|rule|Species Clause: Limit one of each Pok\u00e9mon\n|rule|Sleep Clause Mod: Limit one foe put to sleep\n|clearpoke\n|poke|p1|Koffing, F|\n|poke|p1|Corsola-Galar, M|\n|poke|p1|Glimmora, F|\n|poke|p1|Whimsicott, M|\n|poke|p1|Corviknight, M|\n|poke|p1|Blissey, F|\n|poke|p2|Iron Jugulis|\n|poke|p2|Tapu Koko|\n|poke|p2|Iron Hands|\n|poke|p2|Iron Treads|\n|poke|p2|Iron Moth|\n|poke|p2|Iron Valiant|\n|teampreview\n|c|\u2606K. Repola|greetings\n|\n|t:|1699963509\n|start\n|switch|p1a: \u0160\u00f6k\u00f6|Koffing, F, shiny|100\/100\n|switch|p2a: Iron Treads|Iron Treads|100\/100\n|-ability|p1a: \u0160\u00f6k\u00f6|Neutralizing Gas\n|turn|1\n|\n|t:|1699963521\n|move|p2a: Iron Treads|Stealth Rock|p1a: \u0160\u00f6k\u00f6\n|-sidestart|p1: K. Repola|move: Stealth Rock\n|move|p1a: \u0160\u00f6k\u00f6|Flamethrower|p2a: Iron Treads\n|-supereffective|p2a: Iron Treads\n|-damage|p2a: Iron Treads|60\/100\n|\n|-heal|p2a: Iron Treads|66\/100|[from] item: Leftovers\n|upkeep\n|turn|2\n|\n|t:|1699963529\n|move|p2a: Iron Treads|Knock Off|p1a: \u0160\u00f6k\u00f6\n|-damage|p1a: \u0160\u00f6k\u00f6|79\/100\n|-enditem|p1a: \u0160\u00f6k\u00f6|Eviolite|[from] move: Knock Off|[of] p2a: Iron Treads\n|move|p1a: \u0160\u00f6k\u00f6|Pain Split|p2a: Iron Treads\n|-sethp|p2a: Iron Treads|68\/100|[from] move: Pain Split|[silent]\n|-sethp|p1a: \u0160\u00f6k\u00f6|77\/100|[from] move: Pain Split\n|\n|-heal|p2a: Iron Treads|74\/100|[from] item: Leftovers\n|upkeep\n|turn|3\n|\n|t:|1699963540\n|move|p2a: Iron Treads|Earthquake|p1a: \u0160\u00f6k\u00f6\n|-supereffective|p1a: \u0160\u00f6k\u00f6\n|-damage|p1a: \u0160\u00f6k\u00f6|0 fnt\n|faint|p1a: \u0160\u00f6k\u00f6\n|-end|p1a: \u0160\u00f6k\u00f6|ability: Neutralizing Gas\n|\n|-heal|p2a: Iron Treads|81\/100|[from] item: Leftovers\n|upkeep\n|\n|t:|1699963559\n|switch|p1a: Ritari Peloton|Corviknight, M|100\/100\n|-damage|p1a: Ritari Peloton|88\/100|[from] Stealth Rock\n|turn|4\n|\n|t:|1699963563\n|move|p2a: Iron Treads|Knock Off|p1a: Ritari Peloton\n|-damage|p1a: Ritari Peloton|65\/100\n|-damage|p2a: Iron Treads|64\/100|[from] item: Rocky Helmet|[of] p1a: Ritari Peloton\n|-enditem|p1a: Ritari Peloton|Rocky Helmet|[from] move: Knock Off|[of] p2a: Iron Treads\n|move|p1a: Ritari Peloton|Defog|p2a: Iron Treads\n|-unboost|p2a: Iron Treads|evasion|1\n|-sideend|p1: K. Repola|Stealth Rock|[from] move: Defog|[of] p1a: Ritari Peloton\n|\n|-heal|p2a: Iron Treads|70\/100|[from] item: Leftovers\n|upkeep\n|turn|5\n|\n|t:|1699963572\n|move|p2a: Iron Treads|Stealth Rock|p1a: Ritari Peloton\n|-sidestart|p1: K. Repola|move: Stealth Rock\n|move|p1a: Ritari Peloton|U-turn|p2a: Iron Treads\n|-resisted|p2a: Iron Treads\n|-damage|p2a: Iron Treads|63\/100\n|\n|t:|1699963579\n|switch|p1a: Kimalle|Glimmora, F|100\/100|[from] U-turn\n|-damage|p1a: Kimalle|88\/100|[from] Stealth Rock\n|\n|-heal|p2a: Iron Treads|69\/100|[from] item: Leftovers\n|upkeep\n|turn|6\n|\n|t:|1699963590\n|move|p1a: Kimalle|Earth Power|p2a: Iron Treads\n|-supereffective|p2a: Iron Treads\n|-damage|p2a: Iron Treads|0 fnt\n|faint|p2a: Iron Treads\n|-end|p2a: Iron Treads|Quark Drive|[silent]\n|\n|upkeep\n|\n|t:|1699963602\n|switch|p2a: Iron Jugulis|Iron Jugulis|100\/100\n|turn|7\n|\n|t:|1699963614\n|switch|p1a: Emmi|Blissey, F|100\/100\n|-damage|p1a: Emmi|88\/100|[from] Stealth Rock\n|move|p2a: Iron Jugulis|Dark Pulse|p1a: Emmi\n|-damage|p1a: Emmi|65\/100\n|\n|-heal|p1a: Emmi|71\/100|[from] item: Leftovers\n|upkeep\n|turn|8\n|\n|t:|1699963622\n|-end|p2a: Iron Jugulis|Quark Drive|[silent]\n|switch|p2a: Tapu Koko|Tapu Koko|100\/100\n|-fieldstart|move: Electric Terrain|[from] ability: Electric Surge|[of] p2a: Tapu Koko\n|move|p1a: Emmi|Teleport|p1a: Emmi\n|\n|t:|1699963646\n|switch|p1a: Kimalle|Glimmora, F|88\/100|[from] Teleport\n|-damage|p1a: Kimalle|76\/100|[from] Stealth Rock\n|\n|upkeep\n|turn|9\n|\n|t:|1699963658\n|move|p1a: Kimalle|Sludge Wave|p2a: Tapu Koko\n|-supereffective|p2a: Tapu Koko\n|-damage|p2a: Tapu Koko|0 fnt\n|faint|p2a: Tapu Koko\n|\n|upkeep\n|\n|t:|1699963665\n|switch|p2a: Iron Jugulis|Iron Jugulis|100\/100\n|-activate|p2a: Iron Jugulis|ability: Quark Drive\n|-start|p2a: Iron Jugulis|quarkdrivespe\n|turn|10\n|\n|t:|1699963677\n|switch|p1a: Emmi|Blissey, F|71\/100\n|-damage|p1a: Emmi|58\/100|[from] Stealth Rock\n|move|p2a: Iron Jugulis|Earth Power|p1a: Emmi\n|-crit|p1a: Emmi\n|-damage|p1a: Emmi|32\/100\n|\n|-heal|p1a: Emmi|38\/100|[from] item: Leftovers\n|upkeep\n|turn|11\n|\n|t:|1699963686\n|-end|p2a: Iron Jugulis|Quark Drive|[silent]\n|switch|p2a: Iron Hands|Iron Hands|100\/100\n|-activate|p2a: Iron Hands|ability: Quark Drive\n|-start|p2a: Iron Hands|quarkdriveatk\n|move|p1a: Emmi|Soft-Boiled|p1a: Emmi\n|-heal|p1a: Emmi|88\/100\n|\n|-heal|p1a: Emmi|94\/100|[from] item: Leftovers\n|upkeep\n|turn|12\n|\n|t:|1699963702\n|switch|p1a: Lumu|Whimsicott, M|100\/100\n|-damage|p1a: Lumu|88\/100|[from] Stealth Rock\n|move|p2a: Iron Hands|Thunder Punch|p1a: Lumu\n|-resisted|p1a: Lumu\n|-damage|p1a: Lumu|30\/100\n|\n|upkeep\n|turn|13\n|\n|t:|1699963719\n|move|p1a: Lumu|Psychic|p2a: Iron Hands\n|-supereffective|p2a: Iron Hands\n|-damage|p2a: Iron Hands|63\/100\n|move|p2a: Iron Hands|Thunder Punch|p1a: Lumu\n|-resisted|p1a: Lumu\n|-damage|p1a: Lumu|0 fnt\n|faint|p1a: Lumu\n|\n|upkeep\n|\n|t:|1699963731\n|switch|p1a: Korkki|Corsola-Galar, M|100\/100\n|-damage|p1a: Korkki|88\/100|[from] Stealth Rock\n|turn|14\n|\n|t:|1699963737\n|-end|p2a: Iron Hands|Quark Drive|[silent]\n|switch|p2a: Iron Jugulis|Iron Jugulis|100\/100\n|-activate|p2a: Iron Jugulis|ability: Quark Drive\n|-start|p2a: Iron Jugulis|quarkdrivespe\n|move|p1a: Korkki|Strength Sap|p2a: Iron Jugulis\n|-unboost|p2a: Iron Jugulis|atk|1\n|-heal|p1a: Korkki|100\/100\n|\n|upkeep\n|turn|15\n|\n|t:|1699963749\n|move|p2a: Iron Jugulis|Dark Pulse|p1a: Korkki\n|-supereffective|p1a: Korkki\n|-damage|p1a: Korkki|11\/100\n|move|p1a: Korkki|Ice Beam|p2a: Iron Jugulis\n|-supereffective|p2a: Iron Jugulis\n|-damage|p2a: Iron Jugulis|64\/100\n|-status|p2a: Iron Jugulis|frz\n|\n|-fieldend|move: Electric Terrain\n|-end|p2a: Iron Jugulis|Quark Drive\n|upkeep\n|turn|16\n|c|\u2606K. Repola|luck..\n|c|\u2606K. Repola|sprry\n|c|\u2606yadabosiggg|\u3002\u3002\u3002\n|\n|t:|1699963773\n|cant|p2a: Iron Jugulis|frz\n|move|p1a: Korkki|Strength Sap|p2a: Iron Jugulis\n|-unboost|p2a: Iron Jugulis|atk|1\n|-heal|p1a: Korkki|47\/100\n|\n|upkeep\n|turn|17\n|c|\u2606K. Repola|this is why it should be frostbite\n|\n|t:|1699963782\n|-curestatus|p2a: Iron Jugulis|frz|[msg]\n|move|p2a: Iron Jugulis|Dark Pulse|p1a: Korkki\n|-supereffective|p1a: Korkki\n|-damage|p1a: Korkki|0 fnt\n|faint|p1a: Korkki\n|\n|upkeep\n|\n|t:|1699963790\n|switch|p1a: Emmi|Blissey, F|94\/100\n|-damage|p1a: Emmi|81\/100|[from] Stealth Rock\n|turn|18\n|\n|t:|1699963802\n|-end|p2a: Iron Jugulis|Quark Drive|[silent]\n|switch|p2a: Iron Hands|Iron Hands|63\/100\n|move|p1a: Emmi|Seismic Toss|p2a: Iron Hands\n|-damage|p2a: Iron Hands|43\/100\n|\n|-heal|p1a: Emmi|88\/100|[from] item: Leftovers\n|upkeep\n|turn|19\n|\n|t:|1699963820\n|switch|p1a: Ritari Peloton|Corviknight, M|65\/100\n|-damage|p1a: Ritari Peloton|53\/100|[from] Stealth Rock\n|move|p2a: Iron Hands|Drain Punch|p1a: Ritari Peloton\n|-damage|p1a: Ritari Peloton|19\/100\n|-heal|p2a: Iron Hands|55\/100|[from] drain|[of] p1a: Ritari Peloton\n|\n|upkeep\n|turn|20\n|\n|t:|1699963838\n|move|p1a: Ritari Peloton|Brave Bird|p2a: Iron Hands\n|-damage|p2a: Iron Hands|31\/100\n|-damage|p1a: Ritari Peloton|7\/100|[from] Recoil\n|move|p2a: Iron Hands|Drain Punch|p1a: Ritari Peloton\n|-damage|p1a: Ritari Peloton|0 fnt\n|-heal|p2a: Iron Hands|34\/100|[from] drain|[of] p1a: Ritari Peloton\n|faint|p1a: Ritari Peloton\n|\n|upkeep\n|\n|t:|1699963857\n|switch|p1a: Kimalle|Glimmora, F|76\/100\n|-damage|p1a: Kimalle|63\/100|[from] Stealth Rock\n|turn|21\n|\n|t:|1699963866\n|-end|p2a: Iron Hands|Quark Drive|[silent]\n|switch|p2a: Iron Moth|Iron Moth|100\/100\n|move|p1a: Kimalle|Sludge Wave|p2a: Iron Moth\n|-resisted|p2a: Iron Moth\n|-damage|p2a: Iron Moth|75\/100\n|\n|upkeep\n|turn|22\n|\n|t:|1699963872\n|switch|p1a: Emmi|Blissey, F|88\/100\n|-damage|p1a: Emmi|75\/100|[from] Stealth Rock\n|move|p2a: Iron Moth|Fiery Dance|p1a: Emmi\n|-damage|p1a: Emmi|59\/100\n|\n|-heal|p1a: Emmi|65\/100|[from] item: Leftovers\n|upkeep\n|turn|23\n|\n|t:|1699963883\n|move|p2a: Iron Moth|Fiery Dance|p1a: Emmi\n|-damage|p1a: Emmi|50\/100\n|-boost|p2a: Iron Moth|spa|1\n|move|p1a: Emmi|Teleport|p1a: Emmi\n|\n|t:|1699963900\n|switch|p1a: Kimalle|Glimmora, F|63\/100|[from] Teleport\n|-damage|p1a: Kimalle|51\/100|[from] Stealth Rock\n|\n|upkeep\n|turn|24\n|\n|t:|1699963929\n|move|p2a: Iron Moth|Fiery Dance|p1a: Kimalle\n|-resisted|p1a: Kimalle\n|-damage|p1a: Kimalle|11\/100\n|-boost|p2a: Iron Moth|spa|1\n|move|p1a: Kimalle|Power Gem|p2a: Iron Moth\n|-supereffective|p2a: Iron Moth\n|-damage|p2a: Iron Moth|0 fnt\n|faint|p2a: Iron Moth\n|-end|p2a: Iron Moth|Quark Drive|[silent]\n|\n|upkeep\n|\n|t:|1699963936\n|switch|p2a: Iron Hands|Iron Hands|34\/100\n|turn|25\n|\n|t:|1699963943\n|move|p2a: Iron Hands|Fake Out|p1a: Kimalle\n|-resisted|p1a: Kimalle\n|-damage|p1a: Kimalle|2\/100\n|cant|p1a: Kimalle|flinch\n|\n|upkeep\n|turn|26\n|\n|t:|1699963949\n|-end|p2a: Iron Hands|Quark Drive|[silent]\n|switch|p2a: Iron Jugulis|Iron Jugulis|64\/100\n|move|p1a: Kimalle|Power Gem|p2a: Iron Jugulis\n|-supereffective|p2a: Iron Jugulis\n|-crit|p2a: Iron Jugulis\n|-damage|p2a: Iron Jugulis|0 fnt\n|faint|p2a: Iron Jugulis\n|-end|p2a: Iron Jugulis|Quark Drive|[silent]\n|\n|upkeep\n|\n|t:|1699963954\n|switch|p2a: Iron Hands|Iron Hands|34\/100\n|turn|27\n|\n|t:|1699963964\n|move|p2a: Iron Hands|Fake Out|p1a: Kimalle\n|-resisted|p1a: Kimalle\n|-damage|p1a: Kimalle|0 fnt\n|faint|p1a: Kimalle\n|\n|upkeep\n|\n|t:|1699963968\n|switch|p1a: Emmi|Blissey, F|50\/100\n|-damage|p1a: Emmi|38\/100|[from] Stealth Rock\n|turn|28\n|\n|t:|1699963983\n|-terastallize|p1a: Emmi|Ghost\n|-terastallize|p2a: Iron Hands|Fighting\n|move|p1a: Emmi|Seismic Toss|p2a: Iron Hands\n|-damage|p2a: Iron Hands|14\/100\n|move|p2a: Iron Hands|Drain Punch|p1a: Emmi\n|-immune|p1a: Emmi\n|\n|-heal|p1a: Emmi|44\/100|[from] item: Leftovers\n|upkeep\n|turn|29\n|\n|t:|1699963993\n|move|p1a: Emmi|Seismic Toss|p2a: Iron Hands\n|-damage|p2a: Iron Hands|0 fnt\n|faint|p2a: Iron Hands\n|-end|p2a: Iron Hands|Quark Drive|[silent]\n|\n|-heal|p1a: Emmi|50\/100|[from] item: Leftovers\n|upkeep\n|\n|t:|1699963995\n|switch|p2a: Iron Valiant|Iron Valiant|100\/100\n|turn|30\n|\n|t:|1699964000\n|move|p2a: Iron Valiant|Spirit Break|p1a: Emmi\n|-damage|p1a: Emmi|7\/100\n|-unboost|p1a: Emmi|spa|1\n|-damage|p2a: Iron Valiant|91\/100|[from] item: Life Orb\n|move|p1a: Emmi|Soft-Boiled|p1a: Emmi\n|-heal|p1a: Emmi|57\/100\n|\n|-heal|p1a: Emmi|63\/100|[from] item: Leftovers\n|upkeep\n|turn|31\n|\n|t:|1699964012\n|move|p2a: Iron Valiant|Ice Punch|p1a: Emmi\n|-damage|p1a: Emmi|36\/100\n|-damage|p2a: Iron Valiant|81\/100|[from] item: Life Orb\n|move|p1a: Emmi|Soft-Boiled|p1a: Emmi\n|-heal|p1a: Emmi|86\/100\n|\n|-heal|p1a: Emmi|92\/100|[from] item: Leftovers\n|upkeep\n|turn|32\n|\n|t:|1699964023\n|move|p2a: Iron Valiant|Spirit Break|p1a: Emmi\n|-damage|p1a: Emmi|46\/100\n|-unboost|p1a: Emmi|spa|1\n|-damage|p2a: Iron Valiant|71\/100|[from] item: Life Orb\n|move|p1a: Emmi|Seismic Toss|p2a: Iron Valiant\n|-damage|p2a: Iron Valiant|37\/100\n|\n|-heal|p1a: Emmi|52\/100|[from] item: Leftovers\n|upkeep\n|turn|33\n|\n|t:|1699964032\n|move|p2a: Iron Valiant|Spirit Break|p1a: Emmi\n|-damage|p1a: Emmi|5\/100\n|-unboost|p1a: Emmi|spa|1\n|-damage|p2a: Iron Valiant|27\/100|[from] item: Life Orb\n|move|p1a: Emmi|Soft-Boiled|p1a: Emmi\n|-heal|p1a: Emmi|55\/100\n|\n|-heal|p1a: Emmi|61\/100|[from] item: Leftovers\n|upkeep\n|turn|34\n|\n|t:|1699964042\n|move|p2a: Iron Valiant|Spirit Break|p1a: Emmi\n|-damage|p1a: Emmi|15\/100\n|-unboost|p1a: Emmi|spa|1\n|-damage|p2a: Iron Valiant|17\/100|[from] item: Life Orb\n|move|p1a: Emmi|Soft-Boiled|p1a: Emmi\n|-heal|p1a: Emmi|65\/100\n|\n|-heal|p1a: Emmi|71\/100|[from] item: Leftovers\n|upkeep\n|turn|35\n|c|\u2606yadabosiggg|\u3002\u3002\u3002\n|\n|t:|1699964050\n|move|p2a: Iron Valiant|Spirit Break|p1a: Emmi\n|-damage|p1a: Emmi|26\/100\n|-unboost|p1a: Emmi|spa|1\n|-damage|p2a: Iron Valiant|8\/100|[from] item: Life Orb\n|move|p1a: Emmi|Seismic Toss|p2a: Iron Valiant\n|-damage|p2a: Iron Valiant|0 fnt\n|faint|p2a: Iron Valiant\n|-end|p2a: Iron Valiant|Quark Drive|[silent]\n|\n|win|K. Repola\n|raw|K. Repola's rating: 1407 &rarr; <strong>1430<\/strong><br \/>(+23 for winning)\n|raw|yadabosiggg's rating: 1453 &rarr; <strong>1430<\/strong><br \/>(-23 for losing)\n|c|\u2606K. Repola|gg\n","uploadtime":1699964067,"views":20,"p1id":"krepola","p2id":"yadabosiggg","formatid":"gen9nationaldex","rating":1430,"private":0,"password":""}