{"id":"gen9nationaldex-1994471890","p1":"Twi5T deez nutz","p2":"momfr","format":"[Gen 9] National Dex","log":"|j|\u2606Twi5T deez nutz\n|j|\u2606momfr\n|t:|1700447831\n|gametype|singles\n|player|p1|Twi5T deez nutz|pokemaniac|1143\n|player|p2|momfr|265|1083\n|teamsize|p1|6\n|teamsize|p2|6\n|gen|9\n|tier|[Gen 9] National Dex\n|rated|\n|rule|HP Percentage Mod: HP is shown in percentages\n|rule|Endless Battle Clause: Forcing endless battles is banned\n|rule|OHKO Clause: OHKO moves are banned\n|rule|Evasion Clause: Evasion abilities, items, and moves are banned\n|rule|Evasion Abilities Clause: Evasion abilities are banned\n|rule|Evasion Items Clause: Evasion items are banned\n|rule|Evasion Moves Clause: Evasion moves are banned\n|rule|Species Clause: Limit one of each Pok\u00e9mon\n|rule|Sleep Clause Mod: Limit one foe put to sleep\n|clearpoke\n|poke|p1|Clodsire, F|\n|poke|p1|Skeledirge, M|\n|poke|p1|Toxapex, M|\n|poke|p1|Great Tusk|\n|poke|p1|Haxorus, F|\n|poke|p1|Scizor, M|\n|poke|p2|Snorlax, F|\n|poke|p2|Infernape, M|\n|poke|p2|Heracross, M|\n|poke|p2|Tauros-Paldea-Aqua, M|\n|poke|p2|Skarmory, F|\n|poke|p2|Blissey, F|\n|teampreview\n|j| Adamanzane\n|j| gayspotter2\n|j| kung fu pokechu\n|\n|t:|1700447847\n|start\n|switch|p1a: Scizor|Scizor, M|100\/100\n|switch|p2a: smegger|Blissey, F|100\/100\n|turn|1\n|\n|t:|1700447856\n|detailschange|p1a: Scizor|Scizor-Mega, M\n|-mega|p1a: Scizor|Scizor|Scizorite\n|move|p1a: Scizor|Swords Dance|p1a: Scizor\n|-boost|p1a: Scizor|atk|2\n|move|p2a: smegger|Teleport|p2a: smegger\n|\n|t:|1700447863\n|switch|p2a: Son Goku :^)|Infernape, M|100\/100|[from] Teleport\n|\n|upkeep\n|turn|2\n|\n|t:|1700447868\n|switch|p1a: Skeledirge|Skeledirge, M|100\/100\n|move|p2a: Son Goku :^)|Fire Punch|p1a: Skeledirge\n|-resisted|p1a: Skeledirge\n|-damage|p1a: Skeledirge|82\/100\n|\n|upkeep\n|turn|3\n|\n|t:|1700447887\n|switch|p2a: my wife|Snorlax, F|100\/100\n|move|p1a: Skeledirge|Torch Song|p2a: my wife\n|-crit|p2a: my wife\n|-damage|p2a: my wife|89\/100\n|-boost|p1a: Skeledirge|spa|1\n|\n|-heal|p2a: my wife|96\/100|[from] item: Leftovers\n|upkeep\n|turn|4\n|\n|t:|1700447893\n|switch|p1a: Toxapex|Toxapex, M|100\/100\n|move|p2a: my wife|Earthquake|p1a: Toxapex\n|-supereffective|p1a: Toxapex\n|-damage|p1a: Toxapex|70\/100\n|\n|-heal|p1a: Toxapex|76\/100|[from] item: Leftovers\n|-heal|p2a: my wife|100\/100|[from] item: Leftovers\n|upkeep\n|turn|5\n|\n|t:|1700447906\n|switch|p2a: smegger|Blissey, F|100\/100\n|move|p1a: Toxapex|Toxic|p2a: smegger\n|-status|p2a: smegger|tox\n|\n|-heal|p1a: Toxapex|82\/100|[from] item: Leftovers\n|-damage|p2a: smegger|94\/100 tox|[from] psn\n|upkeep\n|turn|6\n|\n|t:|1700447917\n|move|p2a: smegger|Trick|p1a: Toxapex\n|-activate|p2a: smegger|move: Trick|[of] p1a: Toxapex\n|-item|p1a: Toxapex|Choice Specs|[from] move: Trick\n|-item|p2a: smegger|Leftovers|[from] move: Trick\n|move|p1a: Toxapex|Knock Off|p2a: smegger\n|-damage|p2a: smegger|80\/100 tox\n|-enditem|p2a: smegger|Leftovers|[from] move: Knock Off|[of] p1a: Toxapex\n|\n|-damage|p2a: smegger|68\/100 tox|[from] psn\n|upkeep\n|turn|7\n|\n|t:|1700447926\n|move|p1a: Toxapex|Knock Off|p2a: smegger\n|-damage|p2a: smegger|58\/100 tox\n|move|p2a: smegger|Teleport|p2a: smegger\n|\n|t:|1700447940\n|-curestatus|p2a: smegger|tox|[from] ability: Natural Cure\n|switch|p2a: my wife|Snorlax, F|100\/100|[from] Teleport\n|\n|upkeep\n|turn|8\n|\n|t:|1700447948\n|switch|p1a: Scizor|Scizor-Mega, M|100\/100\n|move|p2a: my wife|Curse|p2a: my wife\n|-unboost|p2a: my wife|spe|1\n|-boost|p2a: my wife|atk|1\n|-boost|p2a: my wife|def|1\n|\n|upkeep\n|turn|9\n|\n|t:|1700447956\n|move|p1a: Scizor|U-turn|p2a: my wife\n|-damage|p2a: my wife|79\/100\n|\n|t:|1700447964\n|switch|p1a: Skeledirge|Skeledirge, M|82\/100|[from] U-turn\n|move|p2a: my wife|Body Slam|p1a: Skeledirge\n|-immune|p1a: Skeledirge\n|\n|-heal|p2a: my wife|85\/100|[from] item: Leftovers\n|upkeep\n|turn|10\n|\n|t:|1700447969\n|move|p1a: Skeledirge|Will-O-Wisp|p2a: my wife|[miss]\n|-miss|p1a: Skeledirge|p2a: my wife\n|move|p2a: my wife|Earthquake|p1a: Skeledirge\n|-supereffective|p1a: Skeledirge\n|-damage|p1a: Skeledirge|37\/100\n|\n|-heal|p2a: my wife|91\/100|[from] item: Leftovers\n|upkeep\n|turn|11\n|\n|t:|1700447977\n|move|p1a: Skeledirge|Will-O-Wisp|p2a: my wife\n|-status|p2a: my wife|brn\n|move|p2a: my wife|Earthquake|p1a: Skeledirge\n|-supereffective|p1a: Skeledirge\n|-damage|p1a: Skeledirge|17\/100\n|\n|-heal|p2a: my wife|97\/100 brn|[from] item: Leftovers\n|-damage|p2a: my wife|91\/100 brn|[from] brn\n|upkeep\n|turn|12\n|\n|t:|1700447986\n|move|p1a: Skeledirge|Slack Off|p1a: Skeledirge\n|-heal|p1a: Skeledirge|67\/100\n|move|p2a: my wife|Earthquake|p1a: Skeledirge\n|-supereffective|p1a: Skeledirge\n|-damage|p1a: Skeledirge|47\/100\n|\n|-heal|p2a: my wife|97\/100 brn|[from] item: Leftovers\n|-damage|p2a: my wife|91\/100 brn|[from] brn\n|upkeep\n|turn|13\n|\n|t:|1700447998\n|move|p1a: Skeledirge|Slack Off|p1a: Skeledirge\n|-heal|p1a: Skeledirge|97\/100\n|move|p2a: my wife|Rest|p2a: my wife\n|-status|p2a: my wife|slp|[from] move: Rest\n|-heal|p2a: my wife|100\/100 slp|[silent]\n|\n|upkeep\n|turn|14\n|\n|t:|1700448006\n|move|p1a: Skeledirge|Torch Song|p2a: my wife\n|-damage|p2a: my wife|92\/100 slp\n|-boost|p1a: Skeledirge|spa|1\n|cant|p2a: my wife|slp\n|\n|-heal|p2a: my wife|99\/100 slp|[from] item: Leftovers\n|upkeep\n|turn|15\n|\n|t:|1700448017\n|switch|p2a: Cow|Tauros-Paldea-Aqua, M|100\/100\n|-ability|p2a: Cow|Intimidate|boost\n|-unboost|p1a: Skeledirge|atk|1\n|move|p1a: Skeledirge|Torch Song|p2a: Cow\n|-resisted|p2a: Cow\n|-damage|p2a: Cow|68\/100\n|-boost|p1a: Skeledirge|spa|1\n|\n|upkeep\n|turn|16\n|\n|t:|1700448025\n|switch|p1a: Toxapex|Toxapex, M|100\/100\n|move|p2a: Cow|Wave Crash|p1a: Toxapex\n|-resisted|p1a: Toxapex\n|-damage|p1a: Toxapex|75\/100\n|-damage|p2a: Cow|59\/100|[from] Recoil\n|\n|upkeep\n|turn|17\n|\n|t:|1700448032\n|switch|p2a: smegger|Blissey, F|58\/100\n|move|p1a: Toxapex|Toxic|p2a: smegger\n|-status|p2a: smegger|tox\n|\n|-damage|p2a: smegger|52\/100 tox|[from] psn\n|upkeep\n|turn|18\n|\n|t:|1700448040\n|switch|p1a: Scizor|Scizor-Mega, M|100\/100\n|move|p2a: smegger|Soft-Boiled|p2a: smegger\n|-heal|p2a: smegger|100\/100 tox\n|\n|-damage|p2a: smegger|88\/100 tox|[from] psn\n|upkeep\n|turn|19\n|\n|t:|1700448046\n|move|p1a: Scizor|Bullet Punch|p2a: smegger\n|-crit|p2a: smegger\n|-damage|p2a: smegger|36\/100 tox\n|move|p2a: smegger|Teleport|p2a: smegger\n|\n|t:|1700448055\n|-curestatus|p2a: smegger|tox|[from] ability: Natural Cure\n|switch|p2a: Son Goku :^)|Infernape, M|100\/100|[from] Teleport\n|\n|upkeep\n|turn|20\n|\n|t:|1700448062\n|switch|p1a: Skeledirge|Skeledirge, M|97\/100\n|move|p2a: Son Goku :^)|Swords Dance|p2a: Son Goku :^)\n|-boost|p2a: Son Goku :^)|atk|2\n|\n|upkeep\n|turn|21\n|\n|t:|1700448075\n|move|p2a: Son Goku :^)|Thunder Punch|p1a: Skeledirge\n|-damage|p1a: Skeledirge|74\/100\n|move|p1a: Skeledirge|Torch Song|p2a: Son Goku :^)\n|-resisted|p2a: Son Goku :^)\n|-damage|p2a: Son Goku :^)|76\/100\n|-boost|p1a: Skeledirge|spa|1\n|\n|upkeep\n|turn|22\n|\n|t:|1700448083\n|switch|p2a: smegger|Blissey, F|36\/100\n|move|p1a: Skeledirge|Torch Song|p2a: smegger\n|-damage|p2a: smegger|20\/100\n|-boost|p1a: Skeledirge|spa|1\n|\n|upkeep\n|turn|23\n|\n|t:|1700448089\n|move|p1a: Skeledirge|Torch Song|p2a: smegger\n|-damage|p2a: smegger|0 fnt\n|-boost|p1a: Skeledirge|spa|1\n|faint|p2a: smegger\n|\n|upkeep\n|\n|t:|1700448094\n|switch|p2a: Cow|Tauros-Paldea-Aqua, M|59\/100\n|-ability|p2a: Cow|Intimidate|boost\n|-unboost|p1a: Skeledirge|atk|1\n|turn|24\n|\n|t:|1700448102\n|switch|p1a: Toxapex|Toxapex, M|100\/100\n|-terastallize|p2a: Cow|Water\n|move|p2a: Cow|Wave Crash|p1a: Toxapex\n|-resisted|p1a: Toxapex\n|-damage|p1a: Toxapex|67\/100\n|-damage|p2a: Cow|48\/100|[from] Recoil\n|\n|upkeep\n|turn|25\n|\n|t:|1700448116\n|switch|p2a: my wife|Snorlax, F|99\/100 slp\n|move|p1a: Toxapex|Knock Off|p2a: my wife\n|-damage|p2a: my wife|87\/100 slp\n|-enditem|p2a: my wife|Leftovers|[from] move: Knock Off|[of] p1a: Toxapex\n|\n|upkeep\n|turn|26\n|\n|t:|1700448128\n|switch|p1a: Scizor|Scizor-Mega, M|100\/100\n|switch|p2a: Blue Beetle|Heracross, M|100\/100\n|\n|-status|p2a: Blue Beetle|brn|[from] item: Flame Orb\n|upkeep\n|turn|27\n|\n|t:|1700448140\n|move|p2a: Blue Beetle|Close Combat|p1a: Scizor\n|-damage|p1a: Scizor|38\/100\n|-unboost|p2a: Blue Beetle|def|1\n|-unboost|p2a: Blue Beetle|spd|1\n|move|p1a: Scizor|U-turn|p2a: Blue Beetle\n|-resisted|p2a: Blue Beetle\n|-damage|p2a: Blue Beetle|54\/100 brn\n|\n|t:|1700448145\n|switch|p1a: Haxorus|Haxorus, F|100\/100|[from] U-turn\n|-ability|p1a: Haxorus|Mold Breaker\n|\n|-damage|p2a: Blue Beetle|48\/100 brn|[from] brn\n|upkeep\n|turn|28\n|\n|t:|1700448151\n|switch|p2a: Chicken|Skarmory, F|100\/100\n|move|p1a: Haxorus|Dragon Dance|p1a: Haxorus\n|-boost|p1a: Haxorus|atk|1\n|-boost|p1a: Haxorus|spe|1\n|\n|upkeep\n|turn|29\n|\n|t:|1700448158\n|switch|p1a: Scizor|Scizor-Mega, M|38\/100\n|move|p2a: Chicken|Brave Bird|p1a: Scizor\n|-damage|p1a: Scizor|0 fnt\n|faint|p1a: Scizor\n|-damage|p2a: Chicken|88\/100|[from] Recoil\n|\n|upkeep\n|\n|t:|1700448165\n|switch|p1a: Skeledirge|Skeledirge, M|74\/100\n|turn|30\n|\n|t:|1700448171\n|switch|p2a: my wife|Snorlax, F|87\/100 slp\n|move|p1a: Skeledirge|Will-O-Wisp||[still]\n|-fail|p1a: Skeledirge\n|\n|upkeep\n|turn|31\n|\n|t:|1700448175\n|move|p1a: Skeledirge|Torch Song|p2a: my wife\n|-crit|p2a: my wife\n|-damage|p2a: my wife|74\/100 slp\n|-boost|p1a: Skeledirge|spa|1\n|cant|p2a: my wife|slp\n|\n|upkeep\n|turn|32\n|\n|t:|1700448182\n|move|p1a: Skeledirge|Torch Song|p2a: my wife\n|-damage|p2a: my wife|63\/100 slp\n|-boost|p1a: Skeledirge|spa|1\n|-curestatus|p2a: my wife|slp|[msg]\n|move|p2a: my wife|Earthquake|p1a: Skeledirge\n|-supereffective|p1a: Skeledirge\n|-damage|p1a: Skeledirge|30\/100\n|\n|upkeep\n|turn|33\n|\n|t:|1700448189\n|move|p1a: Skeledirge|Will-O-Wisp|p2a: my wife\n|-status|p2a: my wife|brn\n|move|p2a: my wife|Earthquake|p1a: Skeledirge\n|-supereffective|p1a: Skeledirge\n|-damage|p1a: Skeledirge|9\/100\n|\n|-damage|p2a: my wife|57\/100 brn|[from] brn\n|upkeep\n|turn|34\n|\n|t:|1700448196\n|switch|p2a: Cow|Tauros-Paldea-Aqua, M, tera:Water|48\/100\n|-ability|p2a: Cow|Intimidate|boost\n|-unboost|p1a: Skeledirge|atk|1\n|move|p1a: Skeledirge|Slack Off|p1a: Skeledirge\n|-heal|p1a: Skeledirge|59\/100\n|\n|upkeep\n|turn|35\n|\n|t:|1700448210\n|switch|p2a: my wife|Snorlax, F|57\/100 brn\n|switch|p1a: Clodsire|Clodsire, F|100\/100\n|\n|-damage|p2a: my wife|50\/100 brn|[from] brn\n|upkeep\n|turn|36\n|\n|t:|1700448215\n|move|p2a: my wife|Rest|p2a: my wife\n|-status|p2a: my wife|slp|[from] move: Rest\n|-heal|p2a: my wife|100\/100 slp|[silent]\n|move|p1a: Clodsire|Stealth Rock|p2a: my wife\n|-sidestart|p2: momfr|move: Stealth Rock\n|\n|upkeep\n|turn|37\n|\n|t:|1700448226\n|switch|p1a: Great Tusk|Great Tusk|100\/100\n|cant|p2a: my wife|slp\n|\n|upkeep\n|turn|38\n|\n|t:|1700448232\n|move|p1a: Great Tusk|Close Combat|p2a: my wife\n|-supereffective|p2a: my wife\n|-damage|p2a: my wife|7\/100 slp\n|-unboost|p1a: Great Tusk|def|1\n|-unboost|p1a: Great Tusk|spd|1\n|cant|p2a: my wife|slp\n|\n|upkeep\n|turn|39\n|\n|t:|1700448237\n|move|p1a: Great Tusk|Close Combat|p2a: my wife\n|-supereffective|p2a: my wife\n|-damage|p2a: my wife|0 fnt\n|-unboost|p1a: Great Tusk|def|1\n|-unboost|p1a: Great Tusk|spd|1\n|faint|p2a: my wife\n|\n|upkeep\n|\n|t:|1700448246\n|switch|p2a: Chicken|Skarmory, F|88\/100\n|-damage|p2a: Chicken|75\/100|[from] Stealth Rock\n|turn|40\n|\n|t:|1700448252\n|-end|p1a: Great Tusk|Protosynthesis|[silent]\n|switch|p1a: Skeledirge|Skeledirge, M|59\/100\n|move|p2a: Chicken|Brave Bird|p1a: Skeledirge\n|-damage|p1a: Skeledirge|3\/100\n|-damage|p2a: Chicken|52\/100|[from] Recoil\n|\n|upkeep\n|turn|41\n|\n|t:|1700448256\n|move|p2a: Chicken|Brave Bird|p1a: Skeledirge\n|-damage|p1a: Skeledirge|0 fnt\n|faint|p1a: Skeledirge\n|-damage|p2a: Chicken|51\/100|[from] Recoil\n|\n|upkeep\n|\n|t:|1700448263\n|switch|p1a: Haxorus|Haxorus, F|100\/100\n|-ability|p1a: Haxorus|Mold Breaker\n|turn|42\n|\n|t:|1700448267\n|move|p1a: Haxorus|Dragon Dance|p1a: Haxorus\n|-boost|p1a: Haxorus|atk|1\n|-boost|p1a: Haxorus|spe|1\n|move|p2a: Chicken|Brave Bird|p1a: Haxorus\n|-damage|p1a: Haxorus|4\/100\n|-damage|p2a: Chicken|23\/100|[from] Recoil\n|\n|upkeep\n|turn|43\n|\n|t:|1700448276\n|-zpower|p1a: Haxorus\n|move|p1a: Haxorus|Corkscrew Crash|p2a: Chicken|[zeffect]\n|-resisted|p2a: Chicken\n|-damage|p2a: Chicken|0 fnt\n|faint|p2a: Chicken\n|\n|upkeep\n|\n|t:|1700448284\n|switch|p2a: Son Goku :^)|Infernape, M|76\/100\n|-damage|p2a: Son Goku :^)|64\/100|[from] Stealth Rock\n|turn|44\n|\n|t:|1700448293\n|switch|p1a: Toxapex|Toxapex, M|100\/100\n|move|p2a: Son Goku :^)|Mach Punch|p1a: Toxapex\n|-resisted|p1a: Toxapex\n|-damage|p1a: Toxapex|93\/100\n|\n|upkeep\n|turn|45\n|\n|t:|1700448302\n|move|p2a: Son Goku :^)|Thunder Punch|p1a: Toxapex\n|-supereffective|p1a: Toxapex\n|-damage|p1a: Toxapex|57\/100\n|move|p1a: Toxapex|Toxic|p2a: Son Goku :^)\n|-status|p2a: Son Goku :^)|tox\n|\n|-damage|p2a: Son Goku :^)|57\/100 tox|[from] psn\n|upkeep\n|turn|46\n|\n|t:|1700448311\n|switch|p1a: Great Tusk|Great Tusk|100\/100\n|move|p2a: Son Goku :^)|Swords Dance|p2a: Son Goku :^)\n|-boost|p2a: Son Goku :^)|atk|2\n|\n|-damage|p2a: Son Goku :^)|45\/100 tox|[from] psn\n|upkeep\n|turn|47\n|l| kung fu pokechu\n|j| kung fu pokechu\n|\n|t:|1700448323\n|move|p2a: Son Goku :^)|Fire Punch|p1a: Great Tusk\n|-damage|p1a: Great Tusk|40\/100\n|move|p1a: Great Tusk|Rapid Spin|p2a: Son Goku :^)\n|-damage|p2a: Son Goku :^)|20\/100 tox\n|-boost|p1a: Great Tusk|spe|1\n|\n|-damage|p2a: Son Goku :^)|2\/100 tox|[from] psn\n|upkeep\n|turn|48\n|\n|t:|1700448340\n|move|p2a: Son Goku :^)|Mach Punch|p1a: Great Tusk\n|-damage|p1a: Great Tusk|8\/100\n|move|p1a: Great Tusk|Headlong Rush|p2a: Son Goku :^)\n|-supereffective|p2a: Son Goku :^)\n|-damage|p2a: Son Goku :^)|0 fnt\n|-unboost|p1a: Great Tusk|def|1\n|-unboost|p1a: Great Tusk|spd|1\n|faint|p2a: Son Goku :^)\n|\n|upkeep\n|\n|t:|1700448345\n|switch|p2a: Cow|Tauros-Paldea-Aqua, M, tera:Water|48\/100\n|-damage|p2a: Cow|35\/100|[from] Stealth Rock\n|-ability|p2a: Cow|Intimidate|boost\n|-unboost|p1a: Great Tusk|atk|1\n|turn|49\n|\n|t:|1700448354\n|-end|p1a: Great Tusk|Protosynthesis|[silent]\n|switch|p1a: Toxapex|Toxapex, M|90\/100\n|move|p2a: Cow|Aqua Jet|p1a: Toxapex\n|-resisted|p1a: Toxapex\n|-damage|p1a: Toxapex|79\/100\n|\n|upkeep\n|turn|50\n|\n|t:|1700448362\n|switch|p2a: Blue Beetle|Heracross, M|48\/100 brn\n|-damage|p2a: Blue Beetle|36\/100 brn|[from] Stealth Rock\n|move|p1a: Toxapex|Toxic||[still]\n|-fail|p1a: Toxapex\n|\n|-damage|p2a: Blue Beetle|30\/100 brn|[from] brn\n|upkeep\n|turn|51\n|\n|t:|1700448369\n|switch|p1a: Clodsire|Clodsire, F|100\/100\n|move|p2a: Blue Beetle|Trailblaze|p1a: Clodsire\n|-damage|p1a: Clodsire|74\/100\n|-boost|p2a: Blue Beetle|spe|1\n|\n|-heal|p1a: Clodsire|80\/100|[from] item: Leftovers\n|-damage|p2a: Blue Beetle|24\/100 brn|[from] brn\n|upkeep\n|turn|52\n|\n|t:|1700448375\n|move|p2a: Blue Beetle|Knock Off|p1a: Clodsire\n|-damage|p1a: Clodsire|26\/100\n|-enditem|p1a: Clodsire|Leftovers|[from] move: Knock Off|[of] p2a: Blue Beetle\n|move|p1a: Clodsire|Earthquake|p2a: Blue Beetle\n|-resisted|p2a: Blue Beetle\n|-damage|p2a: Blue Beetle|3\/100 brn\n|\n|-damage|p2a: Blue Beetle|0 fnt|[from] brn\n|faint|p2a: Blue Beetle\n|upkeep\n|c|\u2606Twi5T deez nutz|gg\n|\n|t:|1700448380\n|switch|p2a: Cow|Tauros-Paldea-Aqua, M, tera:Water|35\/100\n|-damage|p2a: Cow|23\/100|[from] Stealth Rock\n|-ability|p2a: Cow|Intimidate|boost\n|-unboost|p1a: Clodsire|atk|1\n|turn|53\n|\n|t:|1700448384\n|move|p2a: Cow|Wave Crash|p1a: Clodsire\n|-heal|p1a: Clodsire|51\/100|[from] ability: Water Absorb|[of] p2a: Cow\n|move|p1a: Clodsire|Toxic|p2a: Cow\n|-status|p2a: Cow|tox\n|\n|-damage|p2a: Cow|17\/100 tox|[from] psn\n|upkeep\n|turn|54\n|\n|t:|1700448389\n|move|p2a: Cow|Wave Crash|p1a: Clodsire\n|-heal|p1a: Clodsire|76\/100|[from] ability: Water Absorb|[of] p2a: Cow\n|move|p1a: Clodsire|Recover|p1a: Clodsire\n|-heal|p1a: Clodsire|100\/100\n|\n|-damage|p2a: Cow|4\/100 tox|[from] psn\n|upkeep\n|turn|55\n|c| gayspotter2|bg actually\n|c|\u2606Twi5T deez nutz|Lol\n|c|\u2606Twi5T deez nutz|You're not even the opponent dude, chill\n|\n|t:|1700448413\n|move|p2a: Cow|Wave Crash|p1a: Clodsire\n|-immune|p1a: Clodsire|[from] ability: Water Absorb\n|move|p1a: Clodsire|Earthquake|p2a: Cow\n|-damage|p2a: Cow|0 fnt\n|faint|p2a: Cow\n|\n|win|Twi5T deez nutz\n|raw|Twi5T deez nutz's rating: 1143 &rarr; <strong>1164<\/strong><br \/>(+21 for winning)\n|raw|momfr's rating: 1083 &rarr; <strong>1064<\/strong><br \/>(-19 for losing)\n","uploadtime":1700448419,"views":4,"p1id":"twi5tdeeznutz","p2id":"momfr","formatid":"gen9nationaldex","rating":1064,"private":0,"password":""}