{"id":"gen9nationaldex-1987730712","p1":"RedHoodKat","p2":"The power of ROCK","format":"[Gen 9] National Dex","log":"|j|\u2606RedHoodKat\n|j|\u2606The power of ROCK\n|t:|1699631731\n|gametype|singles\n|player|p1|RedHoodKat|colress|\n|player|p2|The power of ROCK|roark|\n|teamsize|p1|6\n|teamsize|p2|6\n|gen|9\n|tier|[Gen 9] National Dex\n|rule|HP Percentage Mod: HP is shown in percentages\n|rule|Endless Battle Clause: Forcing endless battles is banned\n|rule|OHKO Clause: OHKO moves are banned\n|rule|Evasion Clause: Evasion abilities, items, and moves are banned\n|rule|Evasion Abilities Clause: Evasion abilities are banned\n|rule|Evasion Items Clause: Evasion items are banned\n|rule|Evasion Moves Clause: Evasion moves are banned\n|rule|Species Clause: Limit one of each Pok\u00e9mon\n|rule|Sleep Clause Mod: Limit one foe put to sleep\n|clearpoke\n|poke|p1|Scizor, M|\n|poke|p1|Bisharp, M|\n|poke|p1|Excadrill, M|\n|poke|p1|Goodra-Hisui, F|\n|poke|p1|Empoleon, M|\n|poke|p1|Lucario, F|\n|poke|p2|Tyranitar, F|\n|poke|p2|Garganacl, F|\n|poke|p2|Aggron, M|\n|poke|p2|Cradily, M|\n|poke|p2|Glimmora, F|\n|poke|p2|Stakataka|\n|teampreview\n|c|\u2606The power of ROCK|Welcome to the ROCK gym\n|\n|t:|1699631743\n|start\n|switch|p1a: Beats Paper|Scizor, M|100\/100\n|switch|p2a: Garganacl|Garganacl, F|100\/100\n|turn|1\n|c|\u2606RedHoodKat|i know\n|\n|t:|1699631750\n|move|p1a: Beats Paper|Bullet Punch|p2a: Garganacl\n|-supereffective|p2a: Garganacl\n|-crit|p2a: Garganacl\n|-damage|p2a: Garganacl|17\/100\n|move|p2a: Garganacl|Iron Defense|p2a: Garganacl\n|-boost|p2a: Garganacl|def|2\n|\n|upkeep\n|turn|2\n|\n|t:|1699631755\n|-terastallize|p2a: Garganacl|Ghost\n|move|p1a: Beats Paper|Bullet Punch|p2a: Garganacl\n|-damage|p2a: Garganacl|2\/100\n|move|p2a: Garganacl|Recover|p2a: Garganacl\n|-heal|p2a: Garganacl|52\/100\n|\n|upkeep\n|turn|3\n|\n|t:|1699631760\n|move|p1a: Beats Paper|Bullet Punch|p2a: Garganacl\n|-damage|p2a: Garganacl|39\/100\n|move|p2a: Garganacl|Recover|p2a: Garganacl\n|-heal|p2a: Garganacl|89\/100\n|\n|upkeep\n|turn|4\n|\n|t:|1699631764\n|move|p1a: Beats Paper|Bullet Punch|p2a: Garganacl\n|-damage|p2a: Garganacl|74\/100\n|move|p2a: Garganacl|Iron Defense|p2a: Garganacl\n|-boost|p2a: Garganacl|def|2\n|\n|upkeep\n|turn|5\n|\n|t:|1699631769\n|move|p1a: Beats Paper|Bullet Punch|p2a: Garganacl\n|-damage|p2a: Garganacl|64\/100\n|move|p2a: Garganacl|Iron Defense|p2a: Garganacl\n|-boost|p2a: Garganacl|def|2\n|\n|upkeep\n|turn|6\n|\n|t:|1699631773\n|move|p1a: Beats Paper|Bullet Punch|p2a: Garganacl\n|-damage|p2a: Garganacl|56\/100\n|move|p2a: Garganacl|Recover|p2a: Garganacl\n|-heal|p2a: Garganacl|100\/100\n|\n|upkeep\n|turn|7\n|\n|t:|1699631778\n|move|p1a: Beats Paper|Bullet Punch|p2a: Garganacl\n|-damage|p2a: Garganacl|93\/100\n|move|p2a: Garganacl|Body Press|p1a: Beats Paper\n|-damage|p1a: Beats Paper|0 fnt\n|faint|p1a: Beats Paper\n|\n|upkeep\n|\n|t:|1699631783\n|switch|p1a: Mole Man|Excadrill, M|100\/100\n|-ability|p1a: Mole Man|Mold Breaker\n|turn|8\n|\n|t:|1699631787\n|move|p1a: Mole Man|Toxic|p2a: Garganacl\n|-status|p2a: Garganacl|tox\n|move|p2a: Garganacl|Body Press|p1a: Mole Man\n|-supereffective|p1a: Mole Man\n|-damage|p1a: Mole Man|0 fnt\n|faint|p1a: Mole Man\n|\n|-damage|p2a: Garganacl|87\/100 tox|[from] psn\n|upkeep\n|c|\u2606RedHoodKat|:)\n|\n|t:|1699631796\n|switch|p1a: Peguins Madagascar|Empoleon, M|100\/100\n|turn|9\n|\n|t:|1699631799\n|move|p1a: Peguins Madagascar|Haze|p1a: Peguins Madagascar\n|-clearallboost\n|move|p2a: Garganacl|Body Press|p1a: Peguins Madagascar\n|-supereffective|p1a: Peguins Madagascar\n|-damage|p1a: Peguins Madagascar|49\/100\n|\n|-damage|p2a: Garganacl|74\/100 tox|[from] psn\n|upkeep\n|turn|10\n|\n|t:|1699631806\n|move|p1a: Peguins Madagascar|Flash Cannon|p2a: Garganacl\n|-damage|p2a: Garganacl|48\/100 tox\n|-enditem|p2a: Garganacl|Maranga Berry|[eat]\n|-boost|p2a: Garganacl|spd|1|[from] item: Maranga Berry\n|move|p2a: Garganacl|Body Press|p1a: Peguins Madagascar\n|-supereffective|p1a: Peguins Madagascar\n|-damage|p1a: Peguins Madagascar|5\/100\n|\n|-damage|p2a: Garganacl|29\/100 tox|[from] psn\n|upkeep\n|turn|11\n|\n|t:|1699631813\n|switch|p2a: Tyranitar|Tyranitar, F|100\/100\n|-weather|Sandstorm|[from] ability: Sand Stream|[of] p2a: Tyranitar\n|move|p1a: Peguins Madagascar|Haze|p1a: Peguins Madagascar\n|-clearallboost\n|\n|-weather|Sandstorm|[upkeep]\n|upkeep\n|turn|12\n|\n|t:|1699631818\n|move|p2a: Tyranitar|Pursuit|p1a: Peguins Madagascar\n|-damage|p1a: Peguins Madagascar|0 fnt\n|faint|p1a: Peguins Madagascar\n|\n|-weather|Sandstorm|[upkeep]\n|upkeep\n|\n|t:|1699631824\n|switch|p1a: Lucario|Lucario, F|100\/100\n|turn|13\n|\n|t:|1699631827\n|switch|p2a: Glimmora|Glimmora, F|100\/100\n|move|p1a: Lucario|Aura Sphere|p2a: Glimmora\n|-damage|p2a: Glimmora|63\/100\n|\n|-weather|Sandstorm|[upkeep]\n|upkeep\n|turn|14\n|\n|t:|1699631832\n|move|p2a: Glimmora|Earth Power|p1a: Lucario\n|-supereffective|p1a: Lucario\n|-damage|p1a: Lucario|0 fnt\n|faint|p1a: Lucario\n|\n|-weather|Sandstorm|[upkeep]\n|upkeep\n|\n|t:|1699631836\n|switch|p1a: 2 Sharp|Bisharp, M, shiny|100\/100\n|turn|15\n|\n|t:|1699631839\n|move|p2a: Glimmora|Earth Power|p1a: 2 Sharp\n|-supereffective|p1a: 2 Sharp\n|-damage|p1a: 2 Sharp|41\/100\n|move|p1a: 2 Sharp|Iron Head|p2a: Glimmora\n|-supereffective|p2a: Glimmora\n|-damage|p2a: Glimmora|0 fnt\n|-activate|p2a: Glimmora|ability: Toxic Debris\n|-sidestart|p1: RedHoodKat|move: Toxic Spikes\n|faint|p2a: Glimmora\n|\n|-weather|none\n|upkeep\n|\n|t:|1699631844\n|switch|p2a: Aggron|Aggron, M|100\/100\n|turn|16\n|\n|t:|1699631850\n|detailschange|p2a: Aggron|Aggron-Mega, M\n|-mega|p2a: Aggron|Aggron|Aggronite\n|-terastallize|p1a: 2 Sharp|Ghost\n|move|p1a: 2 Sharp|Swords Dance|p1a: 2 Sharp\n|-boost|p1a: 2 Sharp|atk|2\n|move|p2a: Aggron|Body Press|p1a: 2 Sharp\n|-immune|p1a: 2 Sharp\n|\n|upkeep\n|turn|17\n|\n|t:|1699631862\n|switch|p2a: Cradily|Cradily, M|100\/100\n|move|p1a: 2 Sharp|Brick Break|p2a: Cradily\n|-supereffective|p2a: Cradily\n|-damage|p2a: Cradily|24\/100\n|\n|upkeep\n|turn|18\n|\n|t:|1699631867\n|move|p1a: 2 Sharp|Sucker Punch||[still]\n|-fail|p1a: 2 Sharp\n|move|p2a: Cradily|Leech Seed|p1a: 2 Sharp\n|-start|p1a: 2 Sharp|move: Leech Seed\n|\n|-damage|p1a: 2 Sharp|29\/100|[from] Leech Seed|[of] p2a: Cradily\n|-heal|p2a: Cradily|35\/100|[silent]\n|upkeep\n|turn|19\n|\n|t:|1699631875\n|move|p1a: 2 Sharp|Iron Head|p2a: Cradily\n|-supereffective|p2a: Cradily\n|-damage|p2a: Cradily|0 fnt\n|faint|p2a: Cradily\n|\n|upkeep\n|\n|t:|1699631879\n|switch|p2a: Garganacl|Garganacl, F, tera:Ghost|29\/100 tox\n|turn|20\n|\n|t:|1699631882\n|move|p1a: 2 Sharp|Iron Head|p2a: Garganacl\n|-damage|p2a: Garganacl|0 fnt\n|faint|p2a: Garganacl\n|\n|upkeep\n|c|\u2606RedHoodKat|YES GARG IS DEAD\n|\n|t:|1699631892\n|switch|p2a: Aggron|Aggron-Mega, M|100\/100\n|turn|21\n|\n|t:|1699631898\n|move|p1a: 2 Sharp|Brick Break|p2a: Aggron\n|-supereffective|p2a: Aggron\n|-damage|p2a: Aggron|71\/100\n|move|p2a: Aggron|Iron Defense|p2a: Aggron\n|-boost|p2a: Aggron|def|2\n|\n|-damage|p1a: 2 Sharp|17\/100|[from] Leech Seed|[of] p2a: Aggron\n|-heal|p2a: Aggron|82\/100|[silent]\n|upkeep\n|turn|22\n|\n|t:|1699631902\n|move|p1a: 2 Sharp|Swords Dance|p1a: 2 Sharp\n|-boost|p1a: 2 Sharp|atk|2\n|move|p2a: Aggron|Iron Defense|p2a: Aggron\n|-boost|p2a: Aggron|def|2\n|\n|-damage|p1a: 2 Sharp|4\/100|[from] Leech Seed|[of] p2a: Aggron\n|-heal|p2a: Aggron|94\/100|[silent]\n|upkeep\n|turn|23\n|\n|t:|1699631907\n|move|p1a: 2 Sharp|Brick Break|p2a: Aggron\n|-supereffective|p2a: Aggron\n|-damage|p2a: Aggron|78\/100\n|move|p2a: Aggron|Iron Defense|p2a: Aggron\n|-boost|p2a: Aggron|def|2\n|\n|-damage|p1a: 2 Sharp|0 fnt|[from] Leech Seed|[of] p2a: Aggron\n|-heal|p2a: Aggron|82\/100|[silent]\n|faint|p1a: 2 Sharp\n|upkeep\n|\n|t:|1699631910\n|switch|p1a: Immortal Killer|Goodra-Hisui, F, shiny|100\/100\n|turn|24\n|\n|t:|1699631914\n|move|p1a: Immortal Killer|Flamethrower|p2a: Aggron\n|-supereffective|p2a: Aggron\n|-damage|p2a: Aggron|32\/100\n|move|p2a: Aggron|Body Press|p1a: Immortal Killer\n|-supereffective|p1a: Immortal Killer\n|-damage|p1a: Immortal Killer|0 fnt\n|-damage|p2a: Aggron|16\/100|[from] item: Rocky Helmet|[of] p1a: Immortal Killer\n|-ability|p1a: Immortal Killer|Gooey\n|-unboost|p2a: Aggron|spe|1\n|faint|p1a: Immortal Killer\n|\n|win|The power of ROCK\n|c|\u2606RedHoodKat|:(\n|c|\u2606The power of ROCK|gg : )\n|l|\u2606RedHoodKat\n","uploadtime":1699631931,"views":4,"p1id":"redhoodkat","p2id":"thepowerofrock","formatid":"gen9nationaldex","rating":0,"private":0,"password":""}