{"id":"gen9nationaldex-1994836517","p1":"Calmmind7543","p2":"OUplayerOG","format":"[Gen 9] National Dex","log":"|html|<div class=\"broadcast-blue\"><strong>[Gen 9] National Dex is currently suspecting Sneasler! For information on how to participate check out the <a href=\"https:\/\/www.smogon.com\/forums\/threads\/sv-national-dex-suspect-8-just-dance.3731534\/\">suspect thread<\/a>.<\/strong><\/div>\n|j|\u2606Calmmind7543\n|j|\u2606OUplayerOG\n|t:|1700497288\n|gametype|singles\n|player|p1|Calmmind7543|acerola|1311\n|player|p2|OUplayerOG|cynthia-gen4|1395\n|teamsize|p1|6\n|teamsize|p2|6\n|gen|9\n|tier|[Gen 9] National Dex\n|rated|\n|rule|HP Percentage Mod: HP is shown in percentages\n|rule|Endless Battle Clause: Forcing endless battles is banned\n|rule|OHKO Clause: OHKO moves are banned\n|rule|Evasion Clause: Evasion abilities, items, and moves are banned\n|rule|Evasion Abilities Clause: Evasion abilities are banned\n|rule|Evasion Items Clause: Evasion items are banned\n|rule|Evasion Moves Clause: Evasion moves are banned\n|rule|Species Clause: Limit one of each Pok\u00e9mon\n|rule|Sleep Clause Mod: Limit one foe put to sleep\n|clearpoke\n|poke|p1|Weavile, M|\n|poke|p1|Gliscor, M|\n|poke|p1|Skeledirge, M|\n|poke|p1|Lopunny, F|\n|poke|p1|Toxapex, F|\n|poke|p1|Sylveon, M|\n|poke|p2|Banette, F|\n|poke|p2|Alomomola, F|\n|poke|p2|Hatterene, F|\n|poke|p2|Ting-Lu|\n|poke|p2|Dragonite, F|\n|poke|p2|Kommo-o, M|\n|teampreview\n|inactive|Battle timer is ON: inactive players will automatically lose when time's up. (requested by Calmmind7543)\n|inactive|Calmmind7543 has 120 seconds left.\n|inactive|OUplayerOG has 120 seconds left.\n|\n|t:|1700497341\n|start\n|switch|p1a: Skeledirge|Skeledirge, M|100\/100\n|switch|p2a: Dragonite|Dragonite, F|100\/100\n|turn|1\n|\n|t:|1700497346\n|switch|p2a: Alomomola|Alomomola, F|100\/100\n|move|p1a: Skeledirge|Will-O-Wisp|p2a: Alomomola\n|-status|p2a: Alomomola|brn\n|\n|-damage|p2a: Alomomola|94\/100 brn|[from] brn\n|upkeep\n|turn|2\n|\n|t:|1700497349\n|move|p1a: Skeledirge|Hex|p2a: Alomomola\n|-damage|p2a: Alomomola|48\/100 brn\n|move|p2a: Alomomola|Toxic|p1a: Skeledirge\n|-status|p1a: Skeledirge|tox\n|\n|-damage|p1a: Skeledirge|94\/100 tox|[from] psn\n|-damage|p2a: Alomomola|42\/100 brn|[from] brn\n|upkeep\n|turn|3\n|\n|t:|1700497354\n|move|p2a: Alomomola|Protect|p2a: Alomomola\n|-singleturn|p2a: Alomomola|Protect\n|move|p1a: Skeledirge|Will-O-Wisp|p2a: Alomomola\n|-activate|p2a: Alomomola|move: Protect\n|\n|-damage|p1a: Skeledirge|82\/100 tox|[from] psn\n|-damage|p2a: Alomomola|35\/100 brn|[from] brn\n|upkeep\n|turn|4\n|\n|t:|1700497355\n|move|p1a: Skeledirge|Hex|p2a: Alomomola\n|-damage|p2a: Alomomola|0 fnt\n|faint|p2a: Alomomola\n|\n|-damage|p1a: Skeledirge|64\/100 tox|[from] psn\n|upkeep\n|\n|t:|1700497361\n|switch|p2a: Banette|Banette, F|100\/100\n|turn|5\n|\n|t:|1700497366\n|switch|p1a: Winds|Gliscor, M|100\/100\n|detailschange|p2a: Banette|Banette-Mega, F\n|-mega|p2a: Banette|Banette|Banettite\n|move|p2a: Banette|Poltergeist|p1a: Winds\n|-activate|p1a: Winds|move: Poltergeist|Toxic Orb\n|-damage|p1a: Winds|50\/100\n|\n|-status|p1a: Winds|tox|[from] item: Toxic Orb\n|upkeep\n|turn|6\n|\n|t:|1700497377\n|move|p1a: Winds|Protect|p1a: Winds\n|-singleturn|p1a: Winds|Protect\n|move|p2a: Banette|Poltergeist|p1a: Winds\n|-activate|p1a: Winds|move: Protect\n|\n|-heal|p1a: Winds|63\/100 tox|[from] ability: Poison Heal\n|upkeep\n|turn|7\n|\n|t:|1700497381\n|move|p1a: Winds|Toxic|p2a: Banette\n|-status|p2a: Banette|tox\n|move|p2a: Banette|Poltergeist|p1a: Winds\n|-activate|p1a: Winds|move: Poltergeist|Toxic Orb\n|-damage|p1a: Winds|15\/100 tox\n|\n|-heal|p1a: Winds|27\/100 tox|[from] ability: Poison Heal\n|-damage|p2a: Banette|95\/100 tox|[from] psn\n|upkeep\n|turn|8\n|\n|t:|1700497386\n|switch|p1a: Lopunny|Lopunny, F|100\/100\n|move|p2a: Banette|Poltergeist|p1a: Lopunny\n|-immune|p1a: Lopunny\n|\n|-damage|p2a: Banette|83\/100 tox|[from] psn\n|upkeep\n|turn|9\n|\n|t:|1700497389\n|detailschange|p1a: Lopunny|Lopunny-Mega, F\n|-mega|p1a: Lopunny|Lopunny|Lopunnite\n|move|p1a: Lopunny|Fake Out|p2a: Banette\n|-damage|p2a: Banette|48\/100 tox\n|cant|p2a: Banette|flinch\n|\n|-damage|p2a: Banette|30\/100 tox|[from] psn\n|upkeep\n|turn|10\n|\n|t:|1700497393\n|switch|p1a: Winds|Gliscor, M|27\/100 tox\n|move|p2a: Banette|Destiny Bond|p2a: Banette\n|-singlemove|p2a: Banette|Destiny Bond\n|\n|-heal|p1a: Winds|40\/100 tox|[from] ability: Poison Heal\n|-damage|p2a: Banette|7\/100 tox|[from] psn\n|upkeep\n|turn|11\n|\n|t:|1700497402\n|switch|p2a: Hatterene|Hatterene, F|100\/100\n|move|p1a: Winds|Protect||[still]\n|-fail|p1a: Winds\n|\n|-heal|p1a: Winds|52\/100 tox|[from] ability: Poison Heal\n|upkeep\n|turn|12\n|\n|t:|1700497405\n|move|p1a: Winds|Earthquake|p2a: Hatterene\n|-damage|p2a: Hatterene|71\/100\n|move|p2a: Hatterene|Calm Mind|p2a: Hatterene\n|-boost|p2a: Hatterene|spa|1\n|-boost|p2a: Hatterene|spd|1\n|\n|-heal|p2a: Hatterene|77\/100|[from] item: Leftovers\n|-heal|p1a: Winds|65\/100 tox|[from] ability: Poison Heal\n|upkeep\n|turn|13\n|\n|t:|1700497407\n|move|p1a: Winds|U-turn|p2a: Hatterene\n|-crit|p2a: Hatterene\n|-damage|p2a: Hatterene|58\/100\n|\n|t:|1700497409\n|switch|p1a: Destruction|Weavile, M|100\/100|[from] U-turn\n|-ability|p1a: Destruction|Pressure\n|move|p2a: Hatterene|Calm Mind|p2a: Hatterene\n|-boost|p2a: Hatterene|spa|1\n|-boost|p2a: Hatterene|spd|1\n|\n|-heal|p2a: Hatterene|64\/100|[from] item: Leftovers\n|upkeep\n|turn|14\n|\n|t:|1700497413\n|-terastallize|p2a: Hatterene|Water\n|move|p1a: Destruction|Icicle Crash|p2a: Hatterene\n|-resisted|p2a: Hatterene\n|-crit|p2a: Hatterene\n|-damage|p2a: Hatterene|26\/100\n|move|p2a: Hatterene|Draining Kiss|p1a: Destruction\n|-supereffective|p1a: Destruction\n|-damage|p1a: Destruction|0 fnt\n|-heal|p2a: Hatterene|93\/100|[from] drain|[of] p1a: Destruction\n|faint|p1a: Destruction\n|\n|-heal|p2a: Hatterene|99\/100|[from] item: Leftovers\n|upkeep\n|\n|t:|1700497419\n|switch|p1a: Wish support|Sylveon, M, shiny|100\/100\n|turn|15\n|\n|t:|1700497424\n|move|p1a: Wish support|Double-Edge|p2a: Hatterene\n|-damage|p2a: Hatterene|37\/100\n|-damage|p1a: Wish support|84\/100|[from] Recoil\n|move|p2a: Hatterene|Calm Mind|p2a: Hatterene\n|-boost|p2a: Hatterene|spa|1\n|-boost|p2a: Hatterene|spd|1\n|\n|-heal|p2a: Hatterene|43\/100|[from] item: Leftovers\n|upkeep\n|turn|16\n|\n|t:|1700497431\n|move|p1a: Wish support|Double-Edge|p2a: Hatterene\n|-damage|p2a: Hatterene|0 fnt\n|faint|p2a: Hatterene\n|-damage|p1a: Wish support|73\/100|[from] Recoil\n|\n|upkeep\n|\n|t:|1700497435\n|switch|p2a: Kommo-o|Kommo-o, M|100\/100\n|turn|17\n|c|\u2606Calmmind7543|Like my baby?\n|\n|t:|1700497440\n|move|p2a: Kommo-o|Boomburst|p1a: Wish support\n|-damage|p1a: Wish support|44\/100\n|move|p1a: Wish support|Double-Edge|p2a: Kommo-o\n|-supereffective|p2a: Kommo-o\n|-damage|p2a: Kommo-o|0 fnt\n|faint|p2a: Kommo-o\n|-damage|p1a: Wish support|19\/100|[from] Recoil\n|\n|upkeep\n|-message|OUplayerOG forfeited.\n|\n|win|Calmmind7543\n|raw|Calmmind7543's rating: 1311 &rarr; <strong>1336<\/strong><br \/>(+25 for winning)\n|raw|OUplayerOG's rating: 1395 &rarr; <strong>1370<\/strong><br \/>(-25 for losing)\n|l|\u2606OUplayerOG\n","uploadtime":1700497453,"views":24,"p1id":"calmmind7543","p2id":"ouplayerog","formatid":"gen9nationaldex","rating":1336,"private":0,"password":""}