{"id":"gen9nationaldex-1997744812","p1":"Hoopohff","p2":"Ash Ketchum344","format":"[Gen 9] National Dex","log":"|html|<div class=\"broadcast-blue\"><strong>[Gen 9] National Dex is currently suspecting Sneasler! For information on how to participate check out the <a href=\"https:\/\/www.smogon.com\/forums\/threads\/sv-national-dex-suspect-8-just-dance.3731534\/\">suspect thread<\/a>.<\/strong><\/div>\n|j|\u203dHoopohff\n|j|\u2606Ash Ketchum344\n|t:|1700848114\n|gametype|singles\n|player|p1|Hoopohff|170|1085\n|player|p2|Ash Ketchum344|lucas-gen4pt|1032\n|teamsize|p1|6\n|teamsize|p2|6\n|gen|9\n|tier|[Gen 9] National Dex\n|rated|\n|rule|HP Percentage Mod: HP is shown in percentages\n|rule|Endless Battle Clause: Forcing endless battles is banned\n|rule|OHKO Clause: OHKO moves are banned\n|rule|Evasion Clause: Evasion abilities, items, and moves are banned\n|rule|Evasion Abilities Clause: Evasion abilities are banned\n|rule|Evasion Items Clause: Evasion items are banned\n|rule|Evasion Moves Clause: Evasion moves are banned\n|rule|Species Clause: Limit one of each Pok\u00e9mon\n|rule|Sleep Clause Mod: Limit one foe put to sleep\n|clearpoke\n|poke|p1|Torkoal, F|\n|poke|p1|Charizard, F|\n|poke|p1|Heliolisk, F|\n|poke|p1|Cresselia, F|\n|poke|p1|Great Tusk|\n|poke|p1|Lilligant-Hisui, F|\n|poke|p2|Pikachu, F|\n|poke|p2|Dracozolt|\n|poke|p2|Lucario, M|\n|poke|p2|Sirfetch\u2019d, F|\n|poke|p2|Dragonite, M|\n|poke|p2|Gengar, M|\n|teampreview\n|\n|t:|1700848137\n|start\n|switch|p1a: Torkoal|Torkoal, F|100\/100\n|switch|p2a: Gengar|Gengar, M|100\/100\n|-weather|SunnyDay|[from] ability: Drought|[of] p1a: Torkoal\n|turn|1\n|inactive|Battle timer is ON: inactive players will automatically lose when time's up. (requested by Ash Ketchum344)\n|inactive|Hoopohff has 120 seconds left.\n|\n|t:|1700848197\n|move|p2a: Gengar|Sludge Wave|p1a: Torkoal\n|-damage|p1a: Torkoal|3\/100\n|move|p1a: Torkoal|Scorching Sands|p2a: Gengar\n|-supereffective|p2a: Gengar\n|-damage|p2a: Gengar|32\/100\n|-start|p1a: Torkoal|Disable|Scorching Sands|[from] ability: Cursed Body|[of] p2a: Gengar\n|\n|-weather|SunnyDay|[upkeep]\n|-heal|p1a: Torkoal|9\/100|[from] item: Leftovers\n|upkeep\n|turn|2\n|\n|t:|1700848208\n|switch|p1a: Great Tusk|Great Tusk|100\/100\n|-activate|p1a: Great Tusk|ability: Protosynthesis\n|-start|p1a: Great Tusk|protosynthesisatk\n|move|p2a: Gengar|Sludge Wave|p1a: Great Tusk\n|-resisted|p1a: Great Tusk\n|-damage|p1a: Great Tusk|48\/100\n|\n|-weather|SunnyDay|[upkeep]\n|upkeep\n|turn|3\n|\n|t:|1700848216\n|move|p1a: Great Tusk|Earthquake|p2a: Gengar\n|-supereffective|p2a: Gengar\n|-damage|p2a: Gengar|0 fnt\n|faint|p2a: Gengar\n|\n|-weather|SunnyDay|[upkeep]\n|upkeep\n|\n|t:|1700848223\n|switch|p2a: Pikachu|Pikachu, F|100\/100\n|turn|4\n|\n|t:|1700848233\n|move|p2a: Pikachu|Fake Out|p1a: Great Tusk\n|-damage|p1a: Great Tusk|35\/100\n|cant|p1a: Great Tusk|flinch\n|\n|-weather|SunnyDay|[upkeep]\n|upkeep\n|turn|5\n|\n|t:|1700848235\n|move|p2a: Pikachu|Extreme Speed|p1a: Great Tusk\n|-damage|p1a: Great Tusk|9\/100\n|move|p1a: Great Tusk|Earthquake|p2a: Pikachu\n|-supereffective|p2a: Pikachu\n|-damage|p2a: Pikachu|0 fnt\n|faint|p2a: Pikachu\n|\n|-weather|none\n|-end|p1a: Great Tusk|Protosynthesis\n|upkeep\n|\n|t:|1700848242\n|switch|p2a: Lucario|Lucario, M|100\/100\n|turn|6\n|\n|t:|1700848259\n|move|p2a: Lucario|Bullet Punch|p1a: Great Tusk\n|-damage|p1a: Great Tusk|0 fnt\n|faint|p1a: Great Tusk\n|-end|p1a: Great Tusk|Protosynthesis|[silent]\n|\n|upkeep\n|\n|t:|1700848261\n|switch|p1a: Torkoal|Torkoal, F|9\/100\n|-weather|SunnyDay|[from] ability: Drought|[of] p1a: Torkoal\n|turn|7\n|\n|t:|1700848270\n|switch|p2a: Dracozolt|Dracozolt|100\/100\n|move|p1a: Torkoal|Flamethrower|p2a: Dracozolt\n|-resisted|p2a: Dracozolt\n|-damage|p2a: Dracozolt|61\/100\n|-status|p2a: Dracozolt|brn\n|\n|-weather|SunnyDay|[upkeep]\n|-heal|p1a: Torkoal|15\/100|[from] item: Leftovers\n|-damage|p2a: Dracozolt|55\/100 brn|[from] brn\n|upkeep\n|turn|8\n|inactive|Hoopohff has 120 seconds left.\n|\n|t:|1700848304\n|move|p2a: Dracozolt|Bolt Beak|p1a: Torkoal\n|-damage|p1a: Torkoal|0 fnt\n|faint|p1a: Torkoal\n|\n|-weather|SunnyDay|[upkeep]\n|-damage|p2a: Dracozolt|48\/100 brn|[from] brn\n|upkeep\n|inactive|Hoopohff has 120 seconds left.\n|\n|t:|1700848322\n|switch|p1a: Cresselia|Cresselia, F|100\/100\n|turn|9\n|\n|t:|1700848334\n|move|p2a: Dracozolt|Bolt Beak|p1a: Cresselia\n|-damage|p1a: Cresselia|72\/100\n|move|p1a: Cresselia|Dazzling Gleam|p2a: Dracozolt\n|-supereffective|p2a: Dracozolt\n|-crit|p2a: Dracozolt\n|-damage|p2a: Dracozolt|0 fnt\n|faint|p2a: Dracozolt\n|\n|-weather|SunnyDay|[upkeep]\n|-heal|p1a: Cresselia|78\/100|[from] item: Leftovers\n|upkeep\n|\n|t:|1700848345\n|switch|p2a: Lucario|Lucario, M|100\/100\n|turn|10\n|inactive|Hoopohff has 120 seconds left.\n|\n|t:|1700848365\n|switch|p1a: Charizard|Charizard, F|100\/100\n|move|p2a: Lucario|Bullet Punch|p1a: Charizard\n|-resisted|p1a: Charizard\n|-damage|p1a: Charizard|85\/100\n|\n|-weather|SunnyDay|[upkeep]\n|upkeep\n|turn|11\n|\n|t:|1700848374\n|move|p2a: Lucario|Bullet Punch|p1a: Charizard\n|-resisted|p1a: Charizard\n|-damage|p1a: Charizard|70\/100\n|move|p1a: Charizard|Weather Ball|p2a: Lucario\n|-supereffective|p2a: Lucario\n|-damage|p2a: Lucario|0 fnt\n|faint|p2a: Lucario\n|\n|-weather|none\n|upkeep\n|\n|t:|1700848381\n|switch|p2a: Dragonite|Dragonite, M|100\/100\n|turn|12\n|inactive|Hoopohff has 120 seconds left.\n|inactive|Hoopohff has 90 seconds left.\n|\n|t:|1700848433\n|detailschange|p1a: Charizard|Charizard-Mega-Y, F\n|-mega|p1a: Charizard|Charizard|Charizardite Y\n|-weather|SunnyDay|[from] ability: Drought|[of] p1a: Charizard\n|move|p2a: Dragonite|Dragon Dance|p2a: Dragonite\n|-boost|p2a: Dragonite|atk|1\n|-boost|p2a: Dragonite|spe|1\n|move|p1a: Charizard|Air Slash|p2a: Dragonite\n|-damage|p2a: Dragonite|74\/100\n|\n|-weather|SunnyDay|[upkeep]\n|upkeep\n|turn|13\n|inactive|Hoopohff has 90 seconds left.\n|\n|t:|1700848471\n|switch|p1a: Cresselia|Cresselia, F|78\/100\n|move|p2a: Dragonite|Dragon Claw|p1a: Cresselia\n|-damage|p1a: Cresselia|27\/100\n|\n|-weather|SunnyDay|[upkeep]\n|-heal|p1a: Cresselia|33\/100|[from] item: Leftovers\n|upkeep\n|turn|14\n|\n|t:|1700848493\n|-terastallize|p1a: Cresselia|Fairy\n|move|p2a: Dragonite|Dragon Claw|p1a: Cresselia\n|-immune|p1a: Cresselia\n|move|p1a: Cresselia|Dazzling Gleam|p2a: Dragonite\n|-supereffective|p2a: Dragonite\n|-damage|p2a: Dragonite|9\/100\n|\n|-weather|SunnyDay|[upkeep]\n|-heal|p1a: Cresselia|39\/100|[from] item: Leftovers\n|upkeep\n|turn|15\n|inactive|Hoopohff has 60 seconds left.\n|\n|t:|1700848524\n|-terastallize|p2a: Dragonite|Normal\n|move|p2a: Dragonite|Extreme Speed|p1a: Cresselia\n|-damage|p1a: Cresselia|0 fnt\n|faint|p1a: Cresselia\n|\n|-weather|SunnyDay|[upkeep]\n|upkeep\n|\n|t:|1700848532\n|switch|p1a: Lilligant|Lilligant-Hisui, F|100\/100\n|turn|16\n|\n|t:|1700848536\n|move|p2a: Dragonite|Extreme Speed|p1a: Lilligant\n|-damage|p1a: Lilligant|0 fnt\n|faint|p1a: Lilligant\n|\n|-weather|none\n|upkeep\n|inactive|Hoopohff has 60 seconds left.\n|\n|t:|1700848545\n|switch|p1a: Charizard|Charizard-Mega-Y, F|70\/100\n|-weather|SunnyDay|[from] ability: Drought|[of] p1a: Charizard\n|turn|17\n|\n|t:|1700848549\n|move|p2a: Dragonite|Extreme Speed|p1a: Charizard\n|-damage|p1a: Charizard|0 fnt\n|faint|p1a: Charizard\n|\n|-weather|SunnyDay|[upkeep]\n|upkeep\n|\n|t:|1700848554\n|switch|p1a: Heliolisk|Heliolisk, F|100\/100\n|turn|18\n|\n|t:|1700848557\n|move|p2a: Dragonite|Extreme Speed|p1a: Heliolisk\n|-damage|p1a: Heliolisk|0 fnt\n|faint|p1a: Heliolisk\n|\n|win|Ash Ketchum344\n|raw|Hoopohff's rating: 1111 &rarr; <strong>1080<\/strong><br \/>(-31 for losing)\n|raw|Ash Ketchum344's rating: 1032 &rarr; <strong>1075<\/strong><br \/>(+43 for winning)\n|l|\u203dHoopohff\n","uploadtime":1700848564,"views":0,"p1id":"hoopohff","p2id":"ashketchum344","formatid":"gen9nationaldex","rating":1075,"private":0,"password":""}