{"id":"gen9nationaldex-1991362079","p1":"aaaaaaaaaagh","p2":"Markoakuma","format":"[Gen 9] National Dex","log":"|j|\u2606aaaaaaaaaagh\n|j|\u2606Markoakuma\n|t:|1700070791\n|gametype|singles\n|player|p1|aaaaaaaaaagh|cynthia|1096\n|player|p2|Markoakuma|falkner|1041\n|teamsize|p1|6\n|teamsize|p2|6\n|gen|9\n|tier|[Gen 9] National Dex\n|rated|\n|rule|HP Percentage Mod: HP is shown in percentages\n|rule|Endless Battle Clause: Forcing endless battles is banned\n|rule|OHKO Clause: OHKO moves are banned\n|rule|Evasion Clause: Evasion abilities, items, and moves are banned\n|rule|Evasion Abilities Clause: Evasion abilities are banned\n|rule|Evasion Items Clause: Evasion items are banned\n|rule|Evasion Moves Clause: Evasion moves are banned\n|rule|Species Clause: Limit one of each Pok\u00e9mon\n|rule|Sleep Clause Mod: Limit one foe put to sleep\n|clearpoke\n|poke|p1|Garchomp, F|\n|poke|p1|Roserade, F|\n|poke|p1|Milotic, F|\n|poke|p1|Spiritomb, M|\n|poke|p1|Togekiss, M|\n|poke|p1|Lucario, F|\n|poke|p2|Gallade, M|\n|poke|p2|Dusknoir, F|\n|poke|p2|Aromatisse, F|\n|poke|p2|Orbeetle, F|\n|poke|p2|Boltund, F|\n|poke|p2|Torkoal, M|\n|teampreview\n|\n|t:|1700070799\n|start\n|switch|p1a: Roserade|Roserade, F, shiny|100\/100\n|switch|p2a: Torkoal|Torkoal, M|100\/100\n|-weather|SunnyDay|[from] ability: Drought|[of] p2a: Torkoal\n|turn|1\n|\n|t:|1700070810\n|-terastallize|p1a: Roserade|Poison\n|move|p1a: Roserade|Sludge Bomb|p2a: Torkoal\n|-damage|p2a: Torkoal|25\/100\n|move|p2a: Torkoal|Stealth Rock|p1a: Roserade\n|-sidestart|p1: aaaaaaaaaagh|move: Stealth Rock\n|\n|-weather|SunnyDay|[upkeep]\n|upkeep\n|turn|2\n|\n|t:|1700070819\n|move|p1a: Roserade|Sludge Bomb|p2a: Torkoal\n|-damage|p2a: Torkoal|0 fnt\n|faint|p2a: Torkoal\n|\n|-weather|SunnyDay|[upkeep]\n|upkeep\n|\n|t:|1700070831\n|switch|p2a: Boltund|Boltund, F|100\/100\n|turn|3\n|\n|t:|1700070841\n|switch|p1a: Spiritomb|Spiritomb, M|100\/100\n|-damage|p1a: Spiritomb|88\/100|[from] Stealth Rock\n|move|p2a: Boltund|Psychic Fangs|p1a: Spiritomb\n|-immune|p1a: Spiritomb\n|\n|-weather|SunnyDay|[upkeep]\n|upkeep\n|turn|4\n|\n|t:|1700070853\n|switch|p2a: Aromatisse|Aromatisse, F|100\/100\n|move|p1a: Spiritomb|Poltergeist|p2a: Aromatisse\n|-activate|p2a: Aromatisse|move: Poltergeist|Fairium Z\n|-damage|p2a: Aromatisse|49\/100\n|\n|-weather|SunnyDay|[upkeep]\n|upkeep\n|turn|5\n|\n|t:|1700070863\n|move|p1a: Spiritomb|Poltergeist|p2a: Aromatisse\n|-activate|p2a: Aromatisse|move: Poltergeist|Fairium Z\n|-damage|p2a: Aromatisse|0 fnt\n|faint|p2a: Aromatisse\n|\n|-weather|none\n|upkeep\n|\n|t:|1700070873\n|switch|p2a: Dusknoir|Dusknoir, F|100\/100\n|-ability|p2a: Dusknoir|Pressure\n|turn|6\n|\n|t:|1700070883\n|-terastallize|p2a: Dusknoir|Dark\n|move|p2a: Dusknoir|Poltergeist|p1a: Spiritomb\n|-activate|p1a: Spiritomb|move: Poltergeist|Assault Vest\n|-damage|p1a: Spiritomb|39\/100\n|move|p1a: Spiritomb|Poltergeist|p2a: Dusknoir\n|-activate|p2a: Dusknoir|move: Poltergeist|Spell Tag\n|-resisted|p2a: Dusknoir\n|-damage|p2a: Dusknoir|78\/100\n|\n|upkeep\n|turn|7\n|\n|t:|1700070897\n|move|p1a: Spiritomb|Sucker Punch|p2a: Dusknoir\n|-resisted|p2a: Dusknoir\n|-damage|p2a: Dusknoir|61\/100\n|move|p2a: Dusknoir|Poltergeist|p1a: Spiritomb\n|-activate|p1a: Spiritomb|move: Poltergeist|Assault Vest\n|-damage|p1a: Spiritomb|0 fnt\n|faint|p1a: Spiritomb\n|\n|upkeep\n|\n|t:|1700070907\n|switch|p1a: Lucario|Lucario, F|100\/100\n|-damage|p1a: Lucario|98\/100|[from] Stealth Rock\n|turn|8\n|\n|t:|1700070916\n|switch|p2a: Orbeetle|Orbeetle, F|100\/100\n|-item|p1a: Lucario|Focus Sash|[from] ability: Frisk|[of] p2a: Orbeetle|[identify]\n|move|p1a: Lucario|Aura Sphere|p2a: Orbeetle\n|-resisted|p2a: Orbeetle\n|-damage|p2a: Orbeetle|92\/100\n|\n|-heal|p2a: Orbeetle|99\/100|[from] item: Leftovers\n|upkeep\n|turn|9\n|\n|t:|1700070951\n|switch|p1a: Togekiss|Togekiss, M|100\/100\n|-damage|p1a: Togekiss|76\/100|[from] Stealth Rock\n|move|p2a: Orbeetle|Calm Mind|p2a: Orbeetle\n|-boost|p2a: Orbeetle|spa|1\n|-boost|p2a: Orbeetle|spd|1\n|\n|-heal|p1a: Togekiss|82\/100|[from] item: Leftovers\n|-heal|p2a: Orbeetle|100\/100|[from] item: Leftovers\n|upkeep\n|turn|10\n|\n|t:|1700070962\n|move|p1a: Togekiss|Air Slash|p2a: Orbeetle\n|-supereffective|p2a: Orbeetle\n|-damage|p2a: Orbeetle|51\/100\n|move|p2a: Orbeetle|Calm Mind|p2a: Orbeetle\n|-boost|p2a: Orbeetle|spa|1\n|-boost|p2a: Orbeetle|spd|1\n|\n|-heal|p1a: Togekiss|88\/100|[from] item: Leftovers\n|-heal|p2a: Orbeetle|58\/100|[from] item: Leftovers\n|upkeep\n|turn|11\n|\n|t:|1700070972\n|move|p1a: Togekiss|Air Slash|p2a: Orbeetle\n|-supereffective|p2a: Orbeetle\n|-damage|p2a: Orbeetle|25\/100\n|cant|p2a: Orbeetle|flinch\n|\n|-heal|p1a: Togekiss|94\/100|[from] item: Leftovers\n|-heal|p2a: Orbeetle|32\/100|[from] item: Leftovers\n|upkeep\n|turn|12\n|\n|t:|1700070982\n|switch|p2a: Dusknoir|Dusknoir, F, tera:Dark|61\/100\n|-ability|p2a: Dusknoir|Pressure\n|move|p1a: Togekiss|Air Slash|p2a: Dusknoir\n|-damage|p2a: Dusknoir|24\/100\n|\n|-heal|p1a: Togekiss|99\/100|[from] item: Leftovers\n|upkeep\n|turn|13\n|\n|t:|1700070994\n|move|p2a: Dusknoir|Shadow Sneak|p1a: Togekiss\n|-damage|p1a: Togekiss|80\/100\n|move|p1a: Togekiss|Air Slash|p2a: Dusknoir\n|-damage|p2a: Dusknoir|0 fnt\n|faint|p2a: Dusknoir\n|\n|-heal|p1a: Togekiss|86\/100|[from] item: Leftovers\n|upkeep\n|\n|t:|1700071003\n|switch|p2a: Boltund|Boltund, F|100\/100\n|turn|14\n|\n|t:|1700071015\n|switch|p1a: Garchomp|Garchomp, F|100\/100\n|-damage|p1a: Garchomp|94\/100|[from] Stealth Rock\n|move|p2a: Boltund|Psychic Fangs|p1a: Garchomp\n|-damage|p1a: Garchomp|35\/100\n|-damage|p2a: Boltund|88\/100|[from] ability: Rough Skin|[of] p1a: Garchomp\n|-damage|p2a: Boltund|72\/100|[from] item: Rocky Helmet|[of] p1a: Garchomp\n|\n|upkeep\n|turn|15\n|\n|t:|1700071026\n|move|p2a: Boltund|Psychic Fangs|p1a: Garchomp\n|-damage|p1a: Garchomp|0 fnt\n|-damage|p2a: Boltund|59\/100|[from] ability: Rough Skin|[of] p1a: Garchomp\n|-damage|p2a: Boltund|43\/100|[from] item: Rocky Helmet|[of] p1a: Garchomp\n|faint|p1a: Garchomp\n|\n|upkeep\n|\n|t:|1700071039\n|switch|p1a: Roserade|Roserade, F, shiny, tera:Poison|100\/100\n|-damage|p1a: Roserade|88\/100|[from] Stealth Rock\n|turn|16\n|\n|t:|1700071048\n|move|p2a: Boltund|Psychic Fangs|p1a: Roserade\n|-supereffective|p1a: Roserade\n|-crit|p1a: Roserade\n|-damage|p1a: Roserade|0 fnt\n|faint|p1a: Roserade\n|\n|upkeep\n|\n|t:|1700071057\n|switch|p1a: Togekiss|Togekiss, M|86\/100\n|-damage|p1a: Togekiss|61\/100|[from] Stealth Rock\n|turn|17\n|\n|t:|1700071063\n|move|p2a: Boltund|Psychic Fangs|p1a: Togekiss\n|-damage|p1a: Togekiss|0 fnt\n|faint|p1a: Togekiss\n|\n|upkeep\n|\n|t:|1700071068\n|switch|p1a: Lucario|Lucario, F|98\/100\n|-damage|p1a: Lucario|95\/100|[from] Stealth Rock\n|turn|18\n|\n|t:|1700071072\n|move|p1a: Lucario|Vacuum Wave|p2a: Boltund\n|-damage|p2a: Boltund|6\/100\n|move|p2a: Boltund|Psychic Fangs|p1a: Lucario\n|-damage|p1a: Lucario|10\/100\n|\n|upkeep\n|turn|19\n|\n|t:|1700071079\n|move|p1a: Lucario|Vacuum Wave|p2a: Boltund\n|-damage|p2a: Boltund|0 fnt\n|faint|p2a: Boltund\n|\n|upkeep\n|\n|t:|1700071084\n|switch|p2a: Orbeetle|Orbeetle, F|32\/100\n|-item|p1a: Lucario|Focus Sash|[from] ability: Frisk|[of] p2a: Orbeetle|[identify]\n|turn|20\n|\n|t:|1700071091\n|move|p1a: Lucario|Shadow Ball|p2a: Orbeetle\n|-supereffective|p2a: Orbeetle\n|-damage|p2a: Orbeetle|0 fnt\n|faint|p2a: Orbeetle\n|\n|upkeep\n|\n|t:|1700071096\n|switch|p2a: Gallade|Gallade, M|100\/100\n|turn|21\n|\n|t:|1700071107\n|detailschange|p2a: Gallade|Gallade-Mega, M\n|-mega|p2a: Gallade|Gallade|Galladite\n|move|p2a: Gallade|Sacred Sword|p1a: Lucario\n|-supereffective|p1a: Lucario\n|-damage|p1a: Lucario|0 fnt\n|faint|p1a: Lucario\n|\n|upkeep\n|\n|t:|1700071113\n|switch|p1a: Milotic|Milotic, F|100\/100\n|-damage|p1a: Milotic|88\/100|[from] Stealth Rock\n|turn|22\n|\n|t:|1700071119\n|move|p2a: Gallade|Solar Blade||[still]\n|-prepare|p2a: Gallade|Solar Blade\n|move|p1a: Milotic|Scald|p2a: Gallade\n|-damage|p2a: Gallade|59\/100\n|\n|-status|p1a: Milotic|brn|[from] item: Flame Orb\n|upkeep\n|turn|23\n|\n|t:|1700071126\n|move|p2a: Gallade|Solar Blade|p1a: Milotic|[from]lockedmove\n|-supereffective|p1a: Milotic\n|-damage|p1a: Milotic|5\/100 brn\n|move|p1a: Milotic|Scald|p2a: Gallade\n|-damage|p2a: Gallade|18\/100\n|\n|-damage|p1a: Milotic|0 fnt|[from] brn\n|faint|p1a: Milotic\n|\n|win|Markoakuma\n|upkeep\n|raw|aaaaaaaaaagh's rating: 1096 &rarr; <strong>1068<\/strong><br \/>(-28 for losing)\n|raw|Markoakuma's rating: 1041 &rarr; <strong>1080<\/strong><br \/>(+39 for winning)\n|l|\u2606aaaaaaaaaagh\n","uploadtime":1700071140,"views":16,"p1id":"aaaaaaaaaagh","p2id":"markoakuma","formatid":"gen9nationaldex","rating":1068,"private":0,"password":""}