{"id":"gen9nationaldex-1994606980","p1":"Larrea000","p2":"Miku Nakano ily","format":"[Gen 9] National Dex","log":"|html|<div class=\"broadcast-blue\"><strong>[Gen 9] National Dex is currently suspecting Sneasler! For information on how to participate check out the <a href=\"https:\/\/www.smogon.com\/forums\/threads\/sv-national-dex-suspect-8-just-dance.3731534\/\">suspect thread<\/a>.<\/strong><\/div>\n|j|\u2606Larrea000\n|j|\u2606Miku Nakano ily\n|inactive|Battle timer is ON: inactive players will automatically lose when time's up.\n|t:|1700468372\n|gametype|singles\n|player|p1|Larrea000|olivia|\n|player|p2|Miku Nakano ily|red|\n|teamsize|p1|6\n|teamsize|p2|6\n|gen|9\n|tier|[Gen 9] National Dex\n|rated|Tournament battle\n|rule|HP Percentage Mod: HP is shown in percentages\n|rule|Endless Battle Clause: Forcing endless battles is banned\n|rule|OHKO Clause: OHKO moves are banned\n|rule|Evasion Clause: Evasion abilities, items, and moves are banned\n|rule|Evasion Abilities Clause: Evasion abilities are banned\n|rule|Evasion Items Clause: Evasion items are banned\n|rule|Evasion Moves Clause: Evasion moves are banned\n|rule|Species Clause: Limit one of each Pok\u00e9mon\n|rule|Sleep Clause Mod: Limit one foe put to sleep\n|clearpoke\n|poke|p1|Garchomp, M|\n|poke|p1|Ninetales-Alola, M|\n|poke|p1|Landorus-Therian, M|\n|poke|p1|Urshifu-*, M|\n|poke|p1|Scizor, F|\n|poke|p1|Iron Valiant|\n|poke|p2|Charizard, M|\n|poke|p2|Alomomola, M|\n|poke|p2|Slowking-Galar, F|\n|poke|p2|Iron Valiant|\n|poke|p2|Landorus-Therian, M|\n|poke|p2|Cinderace, F|\n|teampreview\n|inactive|Miku Nakano ily also wants the timer to be on.\n|c|\u2606Miku Nakano ily|hf\n|inactive|Larrea000 has 120 seconds left.\n|\n|t:|1700468427\n|start\n|switch|p1a: Landorus|Landorus-Therian, M|100\/100\n|switch|p2a: Cinderace|Cinderace, F|100\/100\n|-ability|p1a: Landorus|Intimidate|boost\n|-unboost|p2a: Cinderace|atk|1\n|turn|1\n|\n|t:|1700468432\n|move|p2a: Cinderace|U-turn|p1a: Landorus\n|-start|p2a: Cinderace|typechange|Bug|[from] ability: Libero\n|-resisted|p1a: Landorus\n|-damage|p1a: Landorus|92\/100\n|-damage|p2a: Cinderace|84\/100|[from] item: Rocky Helmet|[of] p1a: Landorus\n|\n|t:|1700468437\n|switch|p2a: Landorus|Landorus-Therian, M|100\/100|[from] U-turn\n|-ability|p2a: Landorus|Intimidate|boost\n|-unboost|p1a: Landorus|atk|1\n|move|p1a: Landorus|Toxic|p2a: Landorus\n|-status|p2a: Landorus|tox\n|\n|-damage|p2a: Landorus|94\/100 tox|[from] psn\n|upkeep\n|turn|2\n|\n|t:|1700468443\n|switch|p1a: Scizor|Scizor, F|100\/100\n|move|p2a: Landorus|Knock Off|p1a: Scizor\n|-damage|p1a: Scizor|84\/100\n|\n|-heal|p2a: Landorus|100\/100 tox|[from] item: Leftovers\n|-damage|p2a: Landorus|88\/100 tox|[from] psn\n|upkeep\n|turn|3\n|\n|t:|1700468449\n|detailschange|p1a: Scizor|Scizor-Mega, F\n|-mega|p1a: Scizor|Scizor|Scizorite\n|move|p2a: Landorus|Taunt|p1a: Scizor\n|-start|p1a: Scizor|move: Taunt\n|move|p1a: Scizor|U-turn|p2a: Landorus\n|-resisted|p2a: Landorus\n|-damage|p2a: Landorus|74\/100 tox\n|\n|t:|1700468463\n|switch|p1a: Landorus|Landorus-Therian, M|92\/100|[from] U-turn\n|-ability|p1a: Landorus|Intimidate|boost\n|-unboost|p2a: Landorus|atk|1\n|\n|-heal|p2a: Landorus|80\/100 tox|[from] item: Leftovers\n|-damage|p2a: Landorus|62\/100 tox|[from] psn\n|upkeep\n|turn|4\n|\n|t:|1700468484\n|move|p2a: Landorus|Knock Off|p1a: Landorus\n|-damage|p1a: Landorus|76\/100\n|-damage|p2a: Landorus|46\/100 tox|[from] item: Rocky Helmet|[of] p1a: Landorus\n|-enditem|p1a: Landorus|Rocky Helmet|[from] move: Knock Off|[of] p2a: Landorus\n|move|p1a: Landorus|Stealth Rock|p2a: Landorus\n|-sidestart|p2: Miku Nakano ily|move: Stealth Rock\n|\n|-heal|p2a: Landorus|52\/100 tox|[from] item: Leftovers\n|-damage|p2a: Landorus|28\/100 tox|[from] psn\n|upkeep\n|turn|5\n|\n|t:|1700468496\n|switch|p2a: Alomomola|Alomomola, M|100\/100\n|-damage|p2a: Alomomola|88\/100|[from] Stealth Rock\n|move|p1a: Landorus|U-turn|p2a: Alomomola\n|-damage|p2a: Alomomola|75\/100\n|\n|t:|1700468510\n|switch|p1a: Garchomp|Garchomp, M|100\/100|[from] U-turn\n|\n|upkeep\n|turn|6\n|\n|t:|1700468521\n|move|p1a: Garchomp|Poison Jab|p2a: Alomomola\n|-damage|p2a: Alomomola|59\/100\n|-status|p2a: Alomomola|psn\n|move|p2a: Alomomola|Wish|p2a: Alomomola\n|\n|-damage|p2a: Alomomola|47\/100 psn|[from] psn\n|upkeep\n|turn|7\n|\n|t:|1700468529\n|switch|p1a: Scizor|Scizor-Mega, F|84\/100\n|move|p2a: Alomomola|Flip Turn|p1a: Scizor\n|-damage|p1a: Scizor|73\/100\n|\n|t:|1700468533\n|switch|p2a: Charizard|Charizard, M|100\/100|[from] Flip Turn\n|-damage|p2a: Charizard|51\/100|[from] Stealth Rock\n|\n|-heal|p2a: Charizard|100\/100|[from] move: Wish|[wisher] Alomomola\n|upkeep\n|turn|8\n|\n|t:|1700468540\n|switch|p1a: Landorus|Landorus-Therian, M|76\/100\n|-ability|p1a: Landorus|Intimidate|boost\n|-unboost|p2a: Charizard|atk|1\n|detailschange|p2a: Charizard|Charizard-Mega-Y, M\n|-mega|p2a: Charizard|Charizard|Charizardite Y\n|-weather|SunnyDay|[from] ability: Drought|[of] p2a: Charizard\n|move|p2a: Charizard|Weather Ball|p1a: Landorus\n|-damage|p1a: Landorus|0 fnt\n|faint|p1a: Landorus\n|\n|-weather|SunnyDay|[upkeep]\n|upkeep\n|\n|t:|1700468551\n|switch|p1a: Urshifu|Urshifu-Rapid-Strike, M|100\/100\n|turn|9\n|\n|t:|1700468557\n|switch|p2a: Alomomola|Alomomola, M|80\/100 psn\n|-damage|p2a: Alomomola|68\/100 psn|[from] Stealth Rock\n|-terastallize|p1a: Urshifu|Water\n|move|p1a: Urshifu|Surging Strikes|p2a: Alomomola\n|-resisted|p2a: Alomomola\n|-crit|p2a: Alomomola\n|-damage|p2a: Alomomola|64\/100 psn\n|-resisted|p2a: Alomomola\n|-crit|p2a: Alomomola\n|-damage|p2a: Alomomola|61\/100 psn\n|-resisted|p2a: Alomomola\n|-crit|p2a: Alomomola\n|-damage|p2a: Alomomola|57\/100 psn\n|-hitcount|p2a: Alomomola|3\n|\n|-weather|SunnyDay|[upkeep]\n|-damage|p2a: Alomomola|45\/100 psn|[from] psn\n|upkeep\n|turn|10\n|\n|t:|1700468568\n|switch|p1a: Ninetales|Ninetales-Alola, M|100\/100\n|-weather|Snow|[from] ability: Snow Warning|[of] p1a: Ninetales\n|move|p2a: Alomomola|Wish|p2a: Alomomola\n|\n|-weather|Snow|[upkeep]\n|-damage|p2a: Alomomola|33\/100 psn|[from] psn\n|upkeep\n|turn|11\n|\n|t:|1700468575\n|move|p1a: Ninetales|Encore|p2a: Alomomola\n|-start|p2a: Alomomola|Encore\n|move|p2a: Alomomola|Wish||[still]\n|-fail|p2a: Alomomola\n|\n|-weather|Snow|[upkeep]\n|-heal|p2a: Alomomola|83\/100 psn|[from] move: Wish|[wisher] Alomomola\n|-damage|p2a: Alomomola|70\/100 psn|[from] psn\n|upkeep\n|turn|12\n|\n|t:|1700468579\n|switch|p2a: Cinderace|Cinderace, F|84\/100\n|move|p1a: Ninetales|Aurora Veil|p1a: Ninetales\n|-sidestart|p1: Larrea000|move: Aurora Veil\n|\n|-weather|Snow|[upkeep]\n|upkeep\n|turn|13\n|\n|t:|1700468587\n|move|p2a: Cinderace|Court Change|p2a: Cinderace\n|-start|p2a: Cinderace|typechange|Normal|[from] ability: Libero\n|-swapsideconditions\n|-activate|p2a: Cinderace|move: Court Change\n|move|p1a: Ninetales|Encore|p2a: Cinderace\n|-start|p2a: Cinderace|Encore\n|\n|-weather|Snow|[upkeep]\n|upkeep\n|turn|14\n|\n|t:|1700468609\n|switch|p2a: Charizard|Charizard-Mega-Y, M|100\/100\n|-weather|SunnyDay|[from] ability: Drought|[of] p2a: Charizard\n|move|p1a: Ninetales|Aurora Veil||[still]\n|-fail|p1a: Ninetales\n|\n|-weather|SunnyDay|[upkeep]\n|upkeep\n|turn|15\n|c|\u2606Larrea000|I'm getting played like a fiddle here\n|\n|t:|1700468630\n|switch|p1a: Urshifu|Urshifu-Rapid-Strike, M, tera:Water|100\/100\n|-damage|p1a: Urshifu|88\/100|[from] Stealth Rock\n|move|p2a: Charizard|Weather Ball|p1a: Urshifu\n|-resisted|p1a: Urshifu\n|-damage|p1a: Urshifu|21\/100\n|\n|-weather|SunnyDay|[upkeep]\n|upkeep\n|turn|16\n|c|\u2606Miku Nakano ily|nahh u got this\n|\n|t:|1700468641\n|move|p1a: Urshifu|Surging Strikes|p2a: Charizard\n|-supereffective|p2a: Charizard\n|-crit|p2a: Charizard\n|-damage|p2a: Charizard|67\/100\n|-supereffective|p2a: Charizard\n|-crit|p2a: Charizard\n|-damage|p2a: Charizard|32\/100\n|-supereffective|p2a: Charizard\n|-crit|p2a: Charizard\n|-damage|p2a: Charizard|0 fnt\n|faint|p2a: Charizard\n|-hitcount|p2: Charizard|3\n|\n|-weather|SunnyDay|[upkeep]\n|upkeep\n|c|\u2606Miku Nakano ily|oh wait didn't know crits ignore screens\n|c|\u2606Miku Nakano ily|lol\n|\n|t:|1700468665\n|switch|p2a: Iron Valiant|Iron Valiant, shiny|100\/100\n|-enditem|p2a: Iron Valiant|Booster Energy\n|-activate|p2a: Iron Valiant|ability: Quark Drive|[fromitem]\n|-start|p2a: Iron Valiant|quarkdrivespe\n|turn|17\n|\n|t:|1700468674\n|switch|p1a: Ninetales|Ninetales-Alola, M|100\/100\n|-damage|p1a: Ninetales|76\/100|[from] Stealth Rock\n|-weather|Snow|[from] ability: Snow Warning|[of] p1a: Ninetales\n|move|p2a: Iron Valiant|Swords Dance|p2a: Iron Valiant\n|-boost|p2a: Iron Valiant|atk|2\n|\n|-weather|Snow|[upkeep]\n|upkeep\n|turn|18\n|\n|t:|1700468680\n|move|p2a: Iron Valiant|Drain Punch|p1a: Ninetales\n|-damage|p1a: Ninetales|15\/100\n|move|p1a: Ninetales|Aurora Veil|p1a: Ninetales\n|-sidestart|p1: Larrea000|move: Aurora Veil\n|\n|-weather|Snow|[upkeep]\n|upkeep\n|turn|19\n|\n|t:|1700468686\n|move|p2a: Iron Valiant|Swords Dance|p2a: Iron Valiant\n|-boost|p2a: Iron Valiant|atk|2\n|move|p1a: Ninetales|Encore|p2a: Iron Valiant\n|-start|p2a: Iron Valiant|Encore\n|\n|-weather|Snow|[upkeep]\n|-sideend|p2: Miku Nakano ily|move: Aurora Veil\n|upkeep\n|turn|20\n|\n|t:|1700468695\n|switch|p1a: Scizor|Scizor-Mega, F|73\/100\n|-damage|p1a: Scizor|61\/100|[from] Stealth Rock\n|-terastallize|p2a: Iron Valiant|Steel\n|move|p2a: Iron Valiant|Swords Dance|p2a: Iron Valiant\n|-boost|p2a: Iron Valiant|atk|2\n|\n|-weather|Snow|[upkeep]\n|upkeep\n|turn|21\n|\n|t:|1700468707\n|move|p2a: Iron Valiant|Swords Dance|p2a: Iron Valiant\n|-boost|p2a: Iron Valiant|atk|0\n|move|p1a: Scizor|U-turn|p2a: Iron Valiant\n|-resisted|p2a: Iron Valiant\n|-damage|p2a: Iron Valiant|77\/100\n|c|\u2606Larrea000|Nice tera\n|c|\u2606Miku Nakano ily|thx\n|c|\u2606Larrea000|I should have swapped to Urshifu\n|inactive|Larrea000 has 120 seconds left.\n|c|\u2606Larrea000|Big misplay\n|\n|t:|1700468747\n|switch|p1a: Urshifu|Urshifu-Rapid-Strike, M, tera:Water|21\/100|[from] U-turn\n|-damage|p1a: Urshifu|9\/100|[from] Stealth Rock\n|\n|-weather|none\n|upkeep\n|turn|22\n|\n|t:|1700468760\n|-end|p2a: Iron Valiant|Quark Drive|[silent]\n|switch|p2a: Alomomola|Alomomola, M|100\/100 psn\n|move|p1a: Urshifu|Surging Strikes|p2a: Alomomola\n|-resisted|p2a: Alomomola\n|-crit|p2a: Alomomola\n|-damage|p2a: Alomomola|93\/100 psn\n|-resisted|p2a: Alomomola\n|-crit|p2a: Alomomola\n|-damage|p2a: Alomomola|87\/100 psn\n|-resisted|p2a: Alomomola\n|-crit|p2a: Alomomola\n|-damage|p2a: Alomomola|80\/100 psn\n|-hitcount|p2a: Alomomola|3\n|\n|-damage|p2a: Alomomola|67\/100 psn|[from] psn\n|upkeep\n|turn|23\n|\n|t:|1700468767\n|move|p1a: Urshifu|Surging Strikes|p2a: Alomomola\n|-resisted|p2a: Alomomola\n|-crit|p2a: Alomomola\n|-damage|p2a: Alomomola|61\/100 psn\n|-resisted|p2a: Alomomola\n|-crit|p2a: Alomomola\n|-damage|p2a: Alomomola|53\/100 psn\n|-resisted|p2a: Alomomola\n|-crit|p2a: Alomomola\n|-damage|p2a: Alomomola|47\/100 psn\n|-hitcount|p2a: Alomomola|3\n|move|p2a: Alomomola|Wish|p2a: Alomomola\n|\n|-damage|p2a: Alomomola|34\/100 psn|[from] psn\n|upkeep\n|turn|24\n|\n|t:|1700468775\n|move|p1a: Urshifu|Surging Strikes|p2a: Alomomola\n|-resisted|p2a: Alomomola\n|-crit|p2a: Alomomola\n|-damage|p2a: Alomomola|27\/100 psn\n|-resisted|p2a: Alomomola\n|-crit|p2a: Alomomola\n|-damage|p2a: Alomomola|21\/100 psn\n|-resisted|p2a: Alomomola\n|-crit|p2a: Alomomola\n|-damage|p2a: Alomomola|13\/100 psn\n|-hitcount|p2a: Alomomola|3\n|move|p2a: Alomomola|Toxic|p1a: Urshifu\n|-status|p1a: Urshifu|tox\n|\n|-heal|p2a: Alomomola|63\/100 psn|[from] move: Wish|[wisher] Alomomola\n|-damage|p1a: Urshifu|3\/100 tox|[from] psn\n|-damage|p2a: Alomomola|51\/100 psn|[from] psn\n|upkeep\n|turn|25\n|\n|t:|1700468783\n|move|p1a: Urshifu|Surging Strikes|p2a: Alomomola\n|-resisted|p2a: Alomomola\n|-crit|p2a: Alomomola\n|-damage|p2a: Alomomola|43\/100 psn\n|-resisted|p2a: Alomomola\n|-crit|p2a: Alomomola\n|-damage|p2a: Alomomola|35\/100 psn\n|-resisted|p2a: Alomomola\n|-crit|p2a: Alomomola\n|-damage|p2a: Alomomola|29\/100 psn\n|-hitcount|p2a: Alomomola|3\n|move|p2a: Alomomola|Wish|p2a: Alomomola\n|\n|-damage|p1a: Urshifu|0 fnt|[from] psn\n|faint|p1a: Urshifu\n|-damage|p2a: Alomomola|16\/100 psn|[from] psn\n|-sideend|p1: Larrea000|move: Aurora Veil\n|upkeep\n|\n|t:|1700468787\n|switch|p1a: Garchomp|Garchomp, M|100\/100\n|-damage|p1a: Garchomp|94\/100|[from] Stealth Rock\n|turn|26\n|\n|t:|1700468793\n|move|p2a: Alomomola|Protect|p2a: Alomomola\n|-singleturn|p2a: Alomomola|Protect\n|move|p1a: Garchomp|Scale Shot|p2a: Alomomola\n|-activate|p2a: Alomomola|move: Protect\n|\n|-heal|p2a: Alomomola|66\/100 psn|[from] move: Wish|[wisher] Alomomola\n|-damage|p2a: Alomomola|54\/100 psn|[from] psn\n|upkeep\n|turn|27\n|\n|t:|1700468800\n|switch|p2a: Landorus|Landorus-Therian, M|28\/100 tox\n|-ability|p2a: Landorus|Intimidate|boost\n|-unboost|p1a: Garchomp|atk|1\n|move|p1a: Garchomp|Scale Shot|p2a: Landorus\n|-damage|p2a: Landorus|20\/100 tox\n|-damage|p2a: Landorus|13\/100 tox\n|-damage|p2a: Landorus|5\/100 tox\n|-damage|p2a: Landorus|0 fnt\n|faint|p2a: Landorus\n|-hitcount|p2: Landorus|4\n|-unboost|p1a: Garchomp|def|1\n|-boost|p1a: Garchomp|spe|1\n|\n|upkeep\n|\n|t:|1700468804\n|switch|p2a: Alomomola|Alomomola, M|87\/100 psn\n|turn|28\n|\n|t:|1700468807\n|move|p1a: Garchomp|Swords Dance|p1a: Garchomp\n|-boost|p1a: Garchomp|atk|2\n|move|p2a: Alomomola|Toxic|p1a: Garchomp\n|-status|p1a: Garchomp|tox\n|\n|-damage|p1a: Garchomp|88\/100 tox|[from] psn\n|-damage|p2a: Alomomola|75\/100 psn|[from] psn\n|upkeep\n|turn|29\n|\n|t:|1700468811\n|move|p1a: Garchomp|Swords Dance|p1a: Garchomp\n|-boost|p1a: Garchomp|atk|2\n|move|p2a: Alomomola|Wish|p2a: Alomomola\n|\n|-damage|p1a: Garchomp|76\/100 tox|[from] psn\n|-damage|p2a: Alomomola|62\/100 psn|[from] psn\n|upkeep\n|turn|30\n|\n|t:|1700468819\n|move|p2a: Alomomola|Protect|p2a: Alomomola\n|-singleturn|p2a: Alomomola|Protect\n|move|p1a: Garchomp|Scale Shot|p2a: Alomomola\n|-activate|p2a: Alomomola|move: Protect\n|\n|-heal|p2a: Alomomola|100\/100 psn|[from] move: Wish|[wisher] Alomomola\n|-damage|p1a: Garchomp|57\/100 tox|[from] psn\n|-damage|p2a: Alomomola|88\/100 psn|[from] psn\n|upkeep\n|turn|31\n|\n|t:|1700468827\n|switch|p2a: Slowking|Slowking-Galar, F|100\/100\n|move|p1a: Garchomp|Scale Shot|p2a: Slowking\n|-damage|p2a: Slowking|64\/100\n|-damage|p2a: Slowking|28\/100\n|-damage|p2a: Slowking|0 fnt\n|faint|p2a: Slowking\n|-hitcount|p2: Slowking|3\n|-unboost|p1a: Garchomp|def|1\n|-boost|p1a: Garchomp|spe|1\n|\n|-damage|p1a: Garchomp|33\/100 tox|[from] psn\n|upkeep\n|\n|t:|1700468830\n|switch|p2a: Alomomola|Alomomola, M|100\/100 psn\n|turn|32\n|\n|t:|1700468841\n|move|p1a: Garchomp|Scale Shot|p2a: Alomomola\n|-damage|p2a: Alomomola|82\/100 psn\n|-damage|p2a: Alomomola|64\/100 psn\n|-damage|p2a: Alomomola|48\/100 psn\n|-damage|p2a: Alomomola|30\/100 psn\n|-hitcount|p2a: Alomomola|4\n|-unboost|p1a: Garchomp|def|1\n|-boost|p1a: Garchomp|spe|1\n|move|p2a: Alomomola|Wish|p2a: Alomomola\n|\n|-damage|p1a: Garchomp|2\/100 tox|[from] psn\n|-damage|p2a: Alomomola|18\/100 psn|[from] psn\n|upkeep\n|turn|33\n|\n|t:|1700468857\n|move|p2a: Alomomola|Protect|p2a: Alomomola\n|-singleturn|p2a: Alomomola|Protect\n|move|p1a: Garchomp|Earthquake|p2a: Alomomola\n|-activate|p2a: Alomomola|move: Protect\n|\n|-heal|p2a: Alomomola|68\/100 psn|[from] move: Wish|[wisher] Alomomola\n|-damage|p1a: Garchomp|0 fnt|[from] psn\n|faint|p1a: Garchomp\n|-damage|p2a: Alomomola|56\/100 psn|[from] psn\n|upkeep\n|\n|t:|1700468867\n|switch|p1a: Iron Valiant|Iron Valiant|100\/100\n|-damage|p1a: Iron Valiant|94\/100|[from] Stealth Rock\n|turn|34\n|\n|t:|1700468877\n|switch|p2a: Cinderace|Cinderace, F|84\/100\n|move|p1a: Iron Valiant|Moonblast|p2a: Cinderace\n|-resisted|p2a: Cinderace\n|-damage|p2a: Cinderace|34\/100\n|-unboost|p2a: Cinderace|spa|1\n|\n|upkeep\n|turn|35\n|\n|t:|1700468884\n|switch|p2a: Iron Valiant|Iron Valiant, shiny, tera:Steel|77\/100\n|move|p1a: Iron Valiant|Moonblast|p2a: Iron Valiant\n|-resisted|p2a: Iron Valiant\n|-damage|p2a: Iron Valiant|15\/100\n|\n|upkeep\n|turn|36\n|\n|t:|1700468890\n|move|p1a: Iron Valiant|Moonblast|p2a: Iron Valiant\n|-resisted|p2a: Iron Valiant\n|-damage|p2a: Iron Valiant|0 fnt\n|faint|p2a: Iron Valiant\n|-end|p2a: Iron Valiant|Quark Drive|[silent]\n|\n|upkeep\n|\n|t:|1700468893\n|switch|p2a: Alomomola|Alomomola, M|89\/100 psn\n|turn|37\n|\n|t:|1700468895\n|move|p1a: Iron Valiant|Moonblast|p2a: Alomomola\n|-damage|p2a: Alomomola|7\/100 psn\n|move|p2a: Alomomola|Wish|p2a: Alomomola\n|\n|-damage|p2a: Alomomola|0 fnt|[from] psn\n|faint|p2a: Alomomola\n|upkeep\n|\n|t:|1700468900\n|switch|p2a: Cinderace|Cinderace, F|34\/100\n|turn|38\n|\n|t:|1700468904\n|move|p2a: Cinderace|Pyro Ball|p1a: Iron Valiant\n|-damage|p1a: Iron Valiant|26\/100\n|move|p1a: Iron Valiant|Moonblast|p2a: Cinderace\n|-resisted|p2a: Cinderace\n|-damage|p2a: Cinderace|0 fnt\n|faint|p2a: Cinderace\n|\n|win|Larrea000\n|n|\u2606Larrea000|larrea000\n|n|\u2606Miku Nakano ily|mikunakanoily\n","uploadtime":1700468905,"views":3,"p1id":"larrea000","p2id":"mikunakanoily","formatid":"gen9nationaldex","rating":0,"private":0,"password":""}