{"id":"gen9nationaldex-1989285264","p1":"RandoTestAccount","p2":"MAS0CHIST","format":"[Gen 9] National Dex","log":"|j|\u2606RandoTestAccount\n|j|\u2606MAS0CHIST\n|t:|1699831897\n|gametype|singles\n|player|p1|RandoTestAccount|pokemonrangerf|1081\n|player|p2|MAS0CHIST|cynthia-gen4|1179\n|teamsize|p1|6\n|teamsize|p2|6\n|gen|9\n|tier|[Gen 9] National Dex\n|rated|\n|rule|HP Percentage Mod: HP is shown in percentages\n|rule|Endless Battle Clause: Forcing endless battles is banned\n|rule|OHKO Clause: OHKO moves are banned\n|rule|Evasion Clause: Evasion abilities, items, and moves are banned\n|rule|Evasion Abilities Clause: Evasion abilities are banned\n|rule|Evasion Items Clause: Evasion items are banned\n|rule|Evasion Moves Clause: Evasion moves are banned\n|rule|Species Clause: Limit one of each Pok\u00e9mon\n|rule|Sleep Clause Mod: Limit one foe put to sleep\n|clearpoke\n|poke|p1|Umbreon, F|\n|poke|p1|Excadrill, F|\n|poke|p1|Corviknight, F|\n|poke|p1|Tapu Fini|\n|poke|p1|Sableye, F|\n|poke|p1|Dragalge, F|\n|poke|p2|Gyarados, F|\n|poke|p2|Zapdos|\n|poke|p2|Salazzle, F|\n|poke|p2|Hatterene, F|\n|poke|p2|Obstagoon, M|\n|poke|p2|Hitmonchan, M|\n|teampreview\n|inactive|Battle timer is ON: inactive players will automatically lose when time's up. (requested by RandoTestAccount)\n|\n|t:|1699831901\n|start\n|switch|p1a: Spectre of Emerald|Sableye, F, shiny|100\/100\n|switch|p2a: Hitmonchan|Hitmonchan, M|100\/100\n|turn|1\n|\n|t:|1699831907\n|switch|p2a: Hatterene|Hatterene, F|100\/100\n|move|p1a: Spectre of Emerald|Will-O-Wisp|p2a: Hatterene\n|move|p2a: Hatterene|Will-O-Wisp|p1a: Spectre of Emerald|[from]ability: Magic Bounce|[miss]\n|-miss|p2a: Hatterene|p1a: Spectre of Emerald\n|\n|upkeep\n|turn|2\n|\n|t:|1699831922\n|switch|p1a: Ephialtes Keeper|Corviknight, F, shiny|100\/100\n|-ability|p1a: Ephialtes Keeper|Pressure\n|move|p2a: Hatterene|Reflect|p2a: Hatterene\n|-sidestart|p2: MAS0CHIST|Reflect\n|\n|upkeep\n|turn|3\n|\n|t:|1699831929\n|switch|p2a: Salazzle|Salazzle, F|100\/100\n|move|p1a: Ephialtes Keeper|Defog|p2a: Salazzle\n|-unboost|p2a: Salazzle|evasion|1\n|-sideend|p2: MAS0CHIST|Reflect\n|\n|upkeep\n|turn|4\n|\n|t:|1699831938\n|switch|p1a: Agony Steelheart|Dragalge, F, shiny|100\/100\n|move|p2a: Salazzle|Toxic|p1a: Agony Steelheart\n|-status|p1a: Agony Steelheart|tox\n|\n|-damage|p1a: Agony Steelheart|95\/100 tox|[from] psn\n|upkeep\n|turn|5\n|\n|t:|1699831948\n|switch|p2a: Zapdos|Zapdos|100\/100\n|move|p1a: Agony Steelheart|Dragon Pulse|p2a: Zapdos\n|-damage|p2a: Zapdos|61\/100\n|\n|-heal|p2a: Zapdos|68\/100|[from] item: Leftovers\n|-heal|p1a: Agony Steelheart|100\/100 tox|[from] item: Black Sludge\n|-damage|p1a: Agony Steelheart|89\/100 tox|[from] psn\n|upkeep\n|turn|6\n|\n|t:|1699831966\n|switch|p1a: The Lonesome One|Excadrill, F, shiny|100\/100\n|-ability|p1a: The Lonesome One|Mold Breaker\n|move|p2a: Zapdos|Roost|p2a: Zapdos\n|-heal|p2a: Zapdos|100\/100\n|-singleturn|p2a: Zapdos|move: Roost\n|\n|upkeep\n|turn|7\n|\n|t:|1699831978\n|switch|p2a: Gyarados|Gyarados, F|100\/100\n|-ability|p2a: Gyarados|Intimidate|boost\n|-unboost|p1a: The Lonesome One|atk|1\n|move|p1a: The Lonesome One|Rapid Spin|p2a: Gyarados\n|-damage|p2a: Gyarados|83\/100\n|-boost|p1a: The Lonesome One|spe|1\n|\n|upkeep\n|turn|8\n|\n|t:|1699831990\n|switch|p1a: Spectre of Emerald|Sableye, F, shiny|100\/100\n|move|p2a: Gyarados|Waterfall|p1a: Spectre of Emerald\n|-damage|p1a: Spectre of Emerald|63\/100\n|\n|upkeep\n|turn|9\n|\n|t:|1699831995\n|switch|p2a: Hatterene|Hatterene, F|100\/100\n|move|p1a: Spectre of Emerald|Will-O-Wisp|p2a: Hatterene\n|move|p2a: Hatterene|Will-O-Wisp|p1a: Spectre of Emerald|[from]ability: Magic Bounce\n|-status|p1a: Spectre of Emerald|brn\n|\n|-damage|p1a: Spectre of Emerald|56\/100 brn|[from] brn\n|upkeep\n|turn|10\n|\n|t:|1699832018\n|switch|p1a: The Droplet Tear|Tapu Fini, shiny|100\/100\n|-fieldstart|move: Misty Terrain|[from] ability: Misty Surge|[of] p1a: The Droplet Tear\n|move|p2a: Hatterene|Light Screen|p2a: Hatterene\n|-sidestart|p2: MAS0CHIST|move: Light Screen\n|\n|upkeep\n|turn|11\n|\n|t:|1699832026\n|move|p1a: The Droplet Tear|Substitute|p1a: The Droplet Tear\n|-start|p1a: The Droplet Tear|Substitute\n|-damage|p1a: The Droplet Tear|76\/100\n|move|p2a: Hatterene|Psychic|p1a: The Droplet Tear\n|-end|p1a: The Droplet Tear|Substitute\n|\n|-heal|p1a: The Droplet Tear|82\/100|[from] item: Leftovers\n|upkeep\n|turn|12\n|\n|t:|1699832032\n|move|p1a: The Droplet Tear|Calm Mind|p1a: The Droplet Tear\n|-boost|p1a: The Droplet Tear|spa|1\n|-boost|p1a: The Droplet Tear|spd|1\n|move|p2a: Hatterene|Psychic|p1a: The Droplet Tear\n|-damage|p1a: The Droplet Tear|52\/100\n|\n|-heal|p1a: The Droplet Tear|58\/100|[from] item: Leftovers\n|upkeep\n|turn|13\n|\n|t:|1699832041\n|switch|p2a: Salazzle|Salazzle, F|100\/100\n|move|p1a: The Droplet Tear|Calm Mind|p1a: The Droplet Tear\n|-boost|p1a: The Droplet Tear|spa|1\n|-boost|p1a: The Droplet Tear|spd|1\n|\n|-heal|p1a: The Droplet Tear|64\/100|[from] item: Leftovers\n|upkeep\n|turn|14\n|\n|t:|1699832060\n|switch|p1a: Nika Reanukko|Umbreon, F, shiny|100\/100\n|move|p2a: Salazzle|Toxic|p1a: Nika Reanukko\n|-activate|p1a: Nika Reanukko|move: Misty Terrain\n|\n|-fieldend|Misty Terrain\n|upkeep\n|turn|15\n|\n|t:|1699832063\n|move|p2a: Salazzle|Toxic|p1a: Nika Reanukko\n|-status|p1a: Nika Reanukko|tox\n|-activate|p1a: Nika Reanukko|ability: Synchronize\n|-immune|p2a: Salazzle\n|move|p1a: Nika Reanukko|Heal Bell|p1a: Nika Reanukko\n|-activate|p1a: Nika Reanukko|move: Heal Bell\n|-curestatus|p1a: Nika Reanukko|tox|[msg]\n|-curestatus|p1: Agony Steelheart|tox|[msg]\n|-curestatus|p1: Spectre of Emerald|brn|[msg]\n|\n|upkeep\n|turn|16\n|\n|t:|1699832092\n|switch|p1a: The Droplet Tear|Tapu Fini, shiny|64\/100\n|-fieldstart|move: Misty Terrain|[from] ability: Misty Surge|[of] p1a: The Droplet Tear\n|move|p2a: Salazzle|Sludge Wave|p1a: The Droplet Tear\n|-supereffective|p1a: The Droplet Tear\n|-damage|p1a: The Droplet Tear|0 fnt\n|faint|p1a: The Droplet Tear\n|\n|upkeep\n|\n|t:|1699832101\n|switch|p1a: Spectre of Emerald|Sableye, F, shiny|56\/100\n|turn|17\n|\n|t:|1699832106\n|move|p1a: Spectre of Emerald|Calm Mind|p1a: Spectre of Emerald\n|-boost|p1a: Spectre of Emerald|spa|1\n|-boost|p1a: Spectre of Emerald|spd|1\n|move|p2a: Salazzle|Toxic|p1a: Spectre of Emerald\n|-activate|p1a: Spectre of Emerald|move: Misty Terrain\n|\n|-sideend|p2: MAS0CHIST|move: Light Screen\n|upkeep\n|turn|18\n|\n|t:|1699832112\n|move|p1a: Spectre of Emerald|Calm Mind|p1a: Spectre of Emerald\n|-boost|p1a: Spectre of Emerald|spa|1\n|-boost|p1a: Spectre of Emerald|spd|1\n|move|p2a: Salazzle|Sludge Wave|p1a: Spectre of Emerald\n|-resisted|p1a: Spectre of Emerald\n|-damage|p1a: Spectre of Emerald|38\/100\n|\n|upkeep\n|turn|19\n|\n|t:|1699832114\n|move|p1a: Spectre of Emerald|Calm Mind|p1a: Spectre of Emerald\n|-boost|p1a: Spectre of Emerald|spa|1\n|-boost|p1a: Spectre of Emerald|spd|1\n|move|p2a: Salazzle|Flamethrower|p1a: Spectre of Emerald\n|-damage|p1a: Spectre of Emerald|10\/100\n|\n|upkeep\n|turn|20\n|\n|t:|1699832116\n|move|p1a: Spectre of Emerald|Recover|p1a: Spectre of Emerald\n|-heal|p1a: Spectre of Emerald|60\/100\n|move|p2a: Salazzle|Flamethrower|p1a: Spectre of Emerald\n|-damage|p1a: Spectre of Emerald|31\/100\n|\n|-fieldend|Misty Terrain\n|upkeep\n|turn|21\n|\n|t:|1699832123\n|detailschange|p1a: Spectre of Emerald|Sableye-Mega, F, shiny\n|-mega|p1a: Spectre of Emerald|Sableye|Sablenite\n|move|p2a: Salazzle|Toxic|p1a: Spectre of Emerald\n|move|p1a: Spectre of Emerald|Toxic|p2a: Salazzle|[from]ability: Magic Bounce\n|-immune|p2a: Salazzle\n|move|p1a: Spectre of Emerald|Recover|p1a: Spectre of Emerald\n|-heal|p1a: Spectre of Emerald|81\/100\n|\n|upkeep\n|turn|22\n|\n|t:|1699832126\n|move|p2a: Salazzle|Flamethrower|p1a: Spectre of Emerald\n|-damage|p1a: Spectre of Emerald|63\/100\n|move|p1a: Spectre of Emerald|Calm Mind|p1a: Spectre of Emerald\n|-boost|p1a: Spectre of Emerald|spa|1\n|-boost|p1a: Spectre of Emerald|spd|1\n|\n|upkeep\n|turn|23\n|\n|t:|1699832132\n|switch|p2a: Obstagoon|Obstagoon, M|100\/100\n|move|p1a: Spectre of Emerald|Recover|p1a: Spectre of Emerald\n|-heal|p1a: Spectre of Emerald|100\/100\n|\n|-status|p2a: Obstagoon|brn|[from] item: Flame Orb\n|upkeep\n|turn|24\n|inactive|RandoTestAccount has 120 seconds left.\n|\n|t:|1699832164\n|-terastallize|p2a: Obstagoon|Dark\n|move|p2a: Obstagoon|Knock Off|p1a: Spectre of Emerald\n|-damage|p1a: Spectre of Emerald|62\/100\n|move|p1a: Spectre of Emerald|Dark Pulse|p2a: Obstagoon\n|-resisted|p2a: Obstagoon\n|-damage|p2a: Obstagoon|56\/100 brn\n|\n|-damage|p2a: Obstagoon|50\/100 brn|[from] brn\n|upkeep\n|turn|25\n|\n|t:|1699832172\n|move|p2a: Obstagoon|Knock Off|p1a: Spectre of Emerald\n|-damage|p1a: Spectre of Emerald|23\/100\n|move|p1a: Spectre of Emerald|Recover|p1a: Spectre of Emerald\n|-heal|p1a: Spectre of Emerald|73\/100\n|\n|-damage|p2a: Obstagoon|44\/100 brn|[from] brn\n|upkeep\n|turn|26\n|\n|t:|1699832187\n|move|p2a: Obstagoon|Knock Off|p1a: Spectre of Emerald\n|-damage|p1a: Spectre of Emerald|37\/100\n|move|p1a: Spectre of Emerald|Recover|p1a: Spectre of Emerald\n|-heal|p1a: Spectre of Emerald|87\/100\n|\n|-damage|p2a: Obstagoon|38\/100 brn|[from] brn\n|upkeep\n|turn|27\n|\n|t:|1699832190\n|move|p2a: Obstagoon|Knock Off|p1a: Spectre of Emerald\n|-damage|p1a: Spectre of Emerald|49\/100\n|move|p1a: Spectre of Emerald|Dark Pulse|p2a: Obstagoon\n|-resisted|p2a: Obstagoon\n|-damage|p2a: Obstagoon|0 fnt\n|faint|p2a: Obstagoon\n|\n|upkeep\n|\n|t:|1699832200\n|switch|p2a: Gyarados|Gyarados, F|83\/100\n|-ability|p2a: Gyarados|Intimidate|boost\n|-unboost|p1a: Spectre of Emerald|atk|1\n|turn|28\n|\n|t:|1699832208\n|move|p2a: Gyarados|Waterfall|p1a: Spectre of Emerald\n|-damage|p1a: Spectre of Emerald|23\/100\n|move|p1a: Spectre of Emerald|Recover|p1a: Spectre of Emerald\n|-heal|p1a: Spectre of Emerald|73\/100\n|\n|upkeep\n|turn|29\n|\n|t:|1699832213\n|-zpower|p2a: Gyarados\n|move|p2a: Gyarados|Z-Splash|p2a: Gyarados|[anim]Splash\n|-boost|p2a: Gyarados|atk|3|[zeffect]\n|-nothing\n|move|p1a: Spectre of Emerald|Will-O-Wisp|p2a: Gyarados\n|-status|p2a: Gyarados|brn\n|\n|-damage|p2a: Gyarados|77\/100 brn|[from] brn\n|upkeep\n|turn|30\n|\n|t:|1699832222\n|move|p2a: Gyarados|Waterfall|p1a: Spectre of Emerald\n|-damage|p1a: Spectre of Emerald|39\/100\n|move|p1a: Spectre of Emerald|Dark Pulse|p2a: Gyarados\n|-damage|p2a: Gyarados|4\/100 brn\n|\n|-damage|p2a: Gyarados|0 fnt|[from] brn\n|faint|p2a: Gyarados\n|upkeep\n|\n|t:|1699832227\n|switch|p2a: Hitmonchan|Hitmonchan, M|100\/100\n|turn|31\n|\n|t:|1699832240\n|move|p2a: Hitmonchan|Throat Chop|p1a: Spectre of Emerald\n|-damage|p1a: Spectre of Emerald|16\/100\n|-start|p1a: Spectre of Emerald|Throat Chop|[silent]\n|-damage|p2a: Hitmonchan|91\/100|[from] item: Life Orb\n|move|p1a: Spectre of Emerald|Recover|p1a: Spectre of Emerald\n|-heal|p1a: Spectre of Emerald|66\/100\n|\n|upkeep\n|turn|32\n|-message|MAS0CHIST forfeited.\n|\n|win|RandoTestAccount\n|raw|RandoTestAccount's rating: 1054 &rarr; <strong>1097<\/strong><br \/>(+43 for winning)\n|raw|MAS0CHIST's rating: 1179 &rarr; <strong>1145<\/strong><br \/>(-34 for losing)\n|l|\u2606MAS0CHIST\n","uploadtime":1699832263,"views":4,"p1id":"randotestaccount","p2id":"mas0chist","formatid":"gen9nationaldex","rating":1097,"private":0,"password":""}