{"id":"gen9nationaldex-1994635158","p1":"K. Repola","p2":"hulibugudu","format":"[Gen 9] National Dex","log":"|html|<div class=\"broadcast-blue\"><strong>[Gen 9] National Dex is currently suspecting Sneasler! For information on how to participate check out the <a href=\"https:\/\/www.smogon.com\/forums\/threads\/sv-national-dex-suspect-8-just-dance.3731534\/\">suspect thread<\/a>.<\/strong><\/div>\n|j|\u2606K. Repola\n|j|\u2606hulibugudu\n|t:|1700473082\n|gametype|singles\n|player|p1|K. Repola|gentleman|1516\n|player|p2|hulibugudu|nate|1413\n|teamsize|p1|6\n|teamsize|p2|6\n|gen|9\n|tier|[Gen 9] National Dex\n|rated|\n|rule|HP Percentage Mod: HP is shown in percentages\n|rule|Endless Battle Clause: Forcing endless battles is banned\n|rule|OHKO Clause: OHKO moves are banned\n|rule|Evasion Clause: Evasion abilities, items, and moves are banned\n|rule|Evasion Abilities Clause: Evasion abilities are banned\n|rule|Evasion Items Clause: Evasion items are banned\n|rule|Evasion Moves Clause: Evasion moves are banned\n|rule|Species Clause: Limit one of each Pok\u00e9mon\n|rule|Sleep Clause Mod: Limit one foe put to sleep\n|clearpoke\n|poke|p1|Koffing, F|\n|poke|p1|Pyukumuku, M|\n|poke|p1|Corsola-Galar, M|\n|poke|p1|Glimmora, F|\n|poke|p1|Gliscor, M|\n|poke|p1|Blissey, F|\n|poke|p2|Sableye, F|\n|poke|p2|Dondozo, F|\n|poke|p2|Toxapex, F|\n|poke|p2|Chansey, F|\n|poke|p2|Garganacl, M|\n|poke|p2|Skarmory, F|\n|teampreview\n|inactive|Battle timer is ON: inactive players will automatically lose when time's up. (requested by hulibugudu)\n|c|\u2606K. Repola|greetings\n|\n|t:|1700473093\n|start\n|switch|p1a: Kimalle|Glimmora, F|100\/100\n|switch|p2a: Sableye|Sableye, F|100\/100\n|turn|1\n|\n|t:|1700473114\n|detailschange|p2a: Sableye|Sableye-Mega, F\n|-mega|p2a: Sableye|Sableye|Sablenite\n|move|p1a: Kimalle|Dazzling Gleam|p2a: Sableye\n|-supereffective|p2a: Sableye\n|-damage|p2a: Sableye|34\/100\n|move|p2a: Sableye|Knock Off|p1a: Kimalle\n|-damage|p1a: Kimalle|65\/100\n|-enditem|p1a: Kimalle|Choice Scarf|[from] move: Knock Off|[of] p2a: Sableye\n|\n|upkeep\n|turn|2\n|\n|t:|1700473123\n|move|p2a: Sableye|Protect|p2a: Sableye\n|-singleturn|p2a: Sableye|Protect\n|move|p1a: Kimalle|Dazzling Gleam|p2a: Sableye\n|-activate|p2a: Sableye|move: Protect\n|\n|upkeep\n|turn|3\n|\n|t:|1700473140\n|switch|p2a: Chansey|Chansey, F, shiny|100\/100\n|move|p1a: Kimalle|Dazzling Gleam|p2a: Chansey\n|-damage|p2a: Chansey|91\/100\n|\n|upkeep\n|turn|4\n|\n|t:|1700473152\n|switch|p1a: \u0160\u00f6k\u00f6|Koffing, F, shiny|100\/100\n|-ability|p1a: \u0160\u00f6k\u00f6|Neutralizing Gas\n|switch|p2a: Sableye|Sableye-Mega, F|34\/100\n|\n|upkeep\n|turn|5\n|\n|t:|1700473162\n|move|p1a: \u0160\u00f6k\u00f6|Toxic|p2a: Sableye\n|-status|p2a: Sableye|tox\n|move|p2a: Sableye|Recover|p2a: Sableye\n|-heal|p2a: Sableye|84\/100 tox\n|\n|-damage|p2a: Sableye|78\/100 tox|[from] psn\n|upkeep\n|turn|6\n|\n|t:|1700473174\n|-end|p1a: \u0160\u00f6k\u00f6|ability: Neutralizing Gas\n|switch|p1a: Emmi|Blissey, F|100\/100\n|move|p2a: Sableye|Knock Off|p1a: Emmi\n|-damage|p1a: Emmi|74\/100\n|-enditem|p1a: Emmi|Leftovers|[from] move: Knock Off|[of] p2a: Sableye\n|\n|-damage|p2a: Sableye|65\/100 tox|[from] psn\n|upkeep\n|turn|7\n|\n|t:|1700473191\n|move|p2a: Sableye|Recover|p2a: Sableye\n|-heal|p2a: Sableye|100\/100 tox\n|move|p1a: Emmi|Teleport|p1a: Emmi\n|\n|t:|1700473196\n|switch|p1a: Kimalle|Glimmora, F|65\/100|[from] Teleport\n|\n|-damage|p2a: Sableye|82\/100 tox|[from] psn\n|upkeep\n|turn|8\n|\n|t:|1700473213\n|move|p2a: Sableye|Protect|p2a: Sableye\n|-singleturn|p2a: Sableye|Protect\n|move|p1a: Kimalle|Dazzling Gleam|p2a: Sableye\n|-activate|p2a: Sableye|move: Protect\n|\n|-damage|p2a: Sableye|57\/100 tox|[from] psn\n|upkeep\n|turn|9\n|\n|t:|1700473223\n|switch|p2a: Chansey|Chansey, F, shiny|91\/100\n|move|p1a: Kimalle|Toxic|p2a: Chansey\n|-status|p2a: Chansey|tox\n|\n|-damage|p2a: Chansey|85\/100 tox|[from] psn\n|upkeep\n|turn|10\n|\n|t:|1700473235\n|switch|p1a: \u0160\u00f6k\u00f6|Koffing, F, shiny|100\/100\n|-ability|p1a: \u0160\u00f6k\u00f6|Neutralizing Gas\n|move|p2a: Chansey|Heal Bell|p2a: Chansey\n|-activate|p2a: Chansey|move: Heal Bell\n|-curestatus|p2a: Chansey|tox|[msg]\n|-curestatus|p2: Sableye|tox|[msg]\n|\n|upkeep\n|turn|11\n|\n|t:|1700473246\n|move|p2a: Chansey|Thunder Wave|p1a: \u0160\u00f6k\u00f6\n|-status|p1a: \u0160\u00f6k\u00f6|par\n|move|p1a: \u0160\u00f6k\u00f6|Toxic|p2a: Chansey\n|-status|p2a: Chansey|tox\n|\n|-damage|p2a: Chansey|78\/100 tox|[from] psn\n|upkeep\n|turn|12\n|\n|t:|1700473260\n|move|p2a: Chansey|Seismic Toss|p1a: \u0160\u00f6k\u00f6\n|-damage|p1a: \u0160\u00f6k\u00f6|65\/100 par\n|move|p1a: \u0160\u00f6k\u00f6|Toxic|p2a: Chansey\n|-fail|p2a: Chansey|tox\n|\n|-damage|p2a: Chansey|66\/100 tox|[from] psn\n|upkeep\n|turn|13\n|\n|t:|1700473267\n|move|p2a: Chansey|Seismic Toss|p1a: \u0160\u00f6k\u00f6\n|-damage|p1a: \u0160\u00f6k\u00f6|30\/100 par\n|move|p1a: \u0160\u00f6k\u00f6|Pain Split|p2a: Chansey\n|-sethp|p2a: Chansey|39\/100 tox|[from] move: Pain Split|[silent]\n|-sethp|p1a: \u0160\u00f6k\u00f6|96\/100 par|[from] move: Pain Split\n|\n|-damage|p2a: Chansey|20\/100 tox|[from] psn\n|upkeep\n|turn|14\n|\n|t:|1700473282\n|switch|p2a: Garganacl|Garganacl, M, shiny|100\/100\n|move|p1a: \u0160\u00f6k\u00f6|Toxic|p2a: Garganacl\n|-status|p2a: Garganacl|tox\n|\n|-damage|p2a: Garganacl|94\/100 tox|[from] psn\n|upkeep\n|turn|15\n|\n|t:|1700473297\n|-end|p1a: \u0160\u00f6k\u00f6|ability: Neutralizing Gas\n|switch|p1a: Slepe|Gliscor, M|100\/100\n|move|p2a: Garganacl|Stealth Rock|p1a: Slepe\n|-sidestart|p1: K. Repola|move: Stealth Rock\n|\n|-heal|p2a: Garganacl|100\/100 tox|[from] item: Leftovers\n|-damage|p2a: Garganacl|88\/100 tox|[from] psn\n|-status|p1a: Slepe|tox|[from] item: Toxic Orb\n|upkeep\n|turn|16\n|\n|t:|1700473308\n|move|p1a: Slepe|Swords Dance|p1a: Slepe\n|-boost|p1a: Slepe|atk|2\n|move|p2a: Garganacl|Salt Cure|p1a: Slepe\n|-damage|p1a: Slepe|93\/100 tox\n|-start|p1a: Slepe|Salt Cure\n|\n|-heal|p2a: Garganacl|94\/100 tox|[from] item: Leftovers\n|-heal|p1a: Slepe|100\/100 tox|[from] ability: Poison Heal\n|-damage|p2a: Garganacl|76\/100 tox|[from] psn\n|-damage|p1a: Slepe|88\/100 tox|[from] Salt Cure\n|upkeep\n|turn|17\n|\n|t:|1700473320\n|switch|p2a: Chansey|Chansey, F, shiny|20\/100 tox\n|move|p1a: Slepe|Defog|p2a: Chansey\n|-unboost|p2a: Chansey|evasion|1\n|-sideend|p1: K. Repola|Stealth Rock|[from] move: Defog|[of] p1a: Slepe\n|\n|-heal|p1a: Slepe|100\/100 tox|[from] ability: Poison Heal\n|-damage|p2a: Chansey|14\/100 tox|[from] psn\n|-damage|p1a: Slepe|88\/100 tox|[from] Salt Cure\n|upkeep\n|turn|18\n|\n|t:|1700473329\n|move|p1a: Slepe|Earthquake|p2a: Chansey\n|-damage|p2a: Chansey|0 fnt\n|faint|p2a: Chansey\n|\n|-heal|p1a: Slepe|100\/100 tox|[from] ability: Poison Heal\n|-damage|p1a: Slepe|88\/100 tox|[from] Salt Cure\n|upkeep\n|-message|hulibugudu forfeited.\n|\n|win|K. Repola\n|raw|K. Repola's rating: 1516 &rarr; <strong>1530<\/strong><br \/>(+14 for winning)\n|raw|hulibugudu's rating: 1413 &rarr; <strong>1399<\/strong><br \/>(-14 for losing)\n|l|\u2606hulibugudu\n|c|\u2606K. Repola|gg\n","uploadtime":1700473344,"views":14,"p1id":"krepola","p2id":"hulibugudu","formatid":"gen9nationaldex","rating":1399,"private":0,"password":""}