{"id":"gen9nationaldex-1999795853","p1":"Artheizen","p2":"boppydop","format":"[Gen 9] National Dex","log":"|html|<div class=\"broadcast-blue\"><strong>[Gen 9] National Dex is currently suspecting Sneasler! For information on how to participate check out the <a href=\"https:\/\/www.smogon.com\/forums\/threads\/sv-national-dex-suspect-8-just-dance.3731534\/\">suspect thread<\/a>.<\/strong><\/div>\n|j|\u2606Artheizen\n|j|\u2606boppydop\n|t:|1701117446\n|gametype|singles\n|player|p1|Artheizen|266|1154\n|player|p2|boppydop|twins-gen4dp|1066\n|teamsize|p1|6\n|teamsize|p2|6\n|gen|9\n|tier|[Gen 9] National Dex\n|rated|\n|rule|HP Percentage Mod: HP is shown in percentages\n|rule|Endless Battle Clause: Forcing endless battles is banned\n|rule|OHKO Clause: OHKO moves are banned\n|rule|Evasion Clause: Evasion abilities, items, and moves are banned\n|rule|Evasion Abilities Clause: Evasion abilities are banned\n|rule|Evasion Items Clause: Evasion items are banned\n|rule|Evasion Moves Clause: Evasion moves are banned\n|rule|Species Clause: Limit one of each Pok\u00e9mon\n|rule|Sleep Clause Mod: Limit one foe put to sleep\n|clearpoke\n|poke|p1|Gliscor, M|\n|poke|p1|Ferrothorn, M|\n|poke|p1|Bewear, F|\n|poke|p1|Garganacl, M|\n|poke|p1|Charizard, M|\n|poke|p1|Milotic, F|\n|poke|p2|Glalie, M|\n|poke|p2|Pawmot, M|\n|poke|p2|Snorlax, M|\n|poke|p2|Ribombee, M|\n|poke|p2|Shiftry, M|\n|poke|p2|Chandelure, M|\n|teampreview\n|inactive|Battle timer is ON: inactive players will automatically lose when time's up. (requested by Artheizen)\n|inactive|boppydop also wants the timer to be on.\n|\n|t:|1701117466\n|start\n|switch|p1a: Gliscor|Gliscor, M|100\/100\n|switch|p2a: Glalie|Glalie, M|100\/100\n|turn|1\n|\n|t:|1701117481\n|switch|p1a: Ferrothorn|Ferrothorn, M|100\/100\n|detailschange|p2a: Glalie|Glalie-Mega, M\n|-mega|p2a: Glalie|Glalie|Glalitite\n|move|p2a: Glalie|Explosion|p1a: Ferrothorn\n|-damage|p1a: Ferrothorn|0 fnt\n|faint|p2a: Glalie\n|faint|p1a: Ferrothorn\n|\n|upkeep\n|\n|t:|1701117495\n|switch|p2a: Ribombee|Ribombee, M|100\/100\n|switch|p1a: Garganacl|Garganacl, M|100\/100\n|turn|2\n|\n|t:|1701117499\n|move|p2a: Ribombee|Sticky Web|p1a: Garganacl\n|-sidestart|p1: Artheizen|move: Sticky Web\n|move|p1a: Garganacl|Salt Cure|p2a: Ribombee\n|-supereffective|p2a: Ribombee\n|-damage|p2a: Ribombee|43\/100\n|-start|p2a: Ribombee|Salt Cure\n|\n|-damage|p2a: Ribombee|31\/100|[from] Salt Cure\n|upkeep\n|turn|3\n|\n|t:|1701117504\n|move|p2a: Ribombee|Tailwind|p2a: Ribombee\n|-sidestart|p2: boppydop|move: Tailwind\n|move|p1a: Garganacl|Iron Defense|p1a: Garganacl\n|-boost|p1a: Garganacl|def|2\n|\n|-damage|p2a: Ribombee|19\/100|[from] Salt Cure\n|upkeep\n|turn|4\n|\n|t:|1701117514\n|switch|p2a: Chandelure|Chandelure, M|100\/100\n|move|p1a: Garganacl|Iron Defense|p1a: Garganacl\n|-boost|p1a: Garganacl|def|2\n|\n|upkeep\n|turn|5\n|\n|t:|1701117524\n|move|p2a: Chandelure|Energy Ball|p1a: Garganacl\n|-supereffective|p1a: Garganacl\n|-damage|p1a: Garganacl|37\/100\n|move|p1a: Garganacl|Salt Cure|p2a: Chandelure\n|-supereffective|p2a: Chandelure\n|-damage|p2a: Chandelure|59\/100\n|-start|p2a: Chandelure|Salt Cure\n|\n|-heal|p1a: Garganacl|44\/100|[from] item: Leftovers\n|-damage|p2a: Chandelure|47\/100|[from] Salt Cure\n|upkeep\n|turn|6\n|\n|t:|1701117531\n|move|p2a: Chandelure|Energy Ball|p1a: Garganacl\n|-supereffective|p1a: Garganacl\n|-damage|p1a: Garganacl|0 fnt\n|faint|p1a: Garganacl\n|\n|-damage|p2a: Chandelure|35\/100|[from] Salt Cure\n|-sideend|p2: boppydop|move: Tailwind\n|upkeep\n|\n|t:|1701117544\n|switch|p1a: Charizard|Charizard, M|100\/100\n|turn|7\n|\n|t:|1701117547\n|switch|p2a: Ribombee|Ribombee, M|19\/100\n|detailschange|p1a: Charizard|Charizard-Mega-X, M\n|-mega|p1a: Charizard|Charizard|Charizardite X\n|move|p1a: Charizard|Dragon Dance|p1a: Charizard\n|-boost|p1a: Charizard|atk|1\n|-boost|p1a: Charizard|spe|1\n|\n|upkeep\n|turn|8\n|\n|t:|1701117557\n|move|p1a: Charizard|Fire Punch|p2a: Ribombee\n|-supereffective|p2a: Ribombee\n|-damage|p2a: Ribombee|0 fnt\n|faint|p2a: Ribombee\n|\n|upkeep\n|\n|t:|1701117565\n|switch|p2a: Shiftry|Shiftry, M|100\/100\n|turn|9\n|\n|t:|1701117568\n|move|p1a: Charizard|Fire Punch|p2a: Shiftry\n|-supereffective|p2a: Shiftry\n|-enditem|p2a: Shiftry|Focus Sash\n|-damage|p2a: Shiftry|1\/100\n|move|p2a: Shiftry|Explosion|p1a: Charizard\n|-damage|p1a: Charizard|33\/100\n|faint|p2a: Shiftry\n|\n|upkeep\n|\n|t:|1701117587\n|switch|p2a: Snorlax|Snorlax, M|100\/100\n|turn|10\n|\n|t:|1701117591\n|-terastallize|p2a: Snorlax|Normal\n|move|p1a: Charizard|Roost|p1a: Charizard\n|-heal|p1a: Charizard|83\/100\n|-singleturn|p1a: Charizard|move: Roost\n|move|p2a: Snorlax|Self-Destruct|p1a: Charizard\n|-damage|p1a: Charizard|0 fnt\n|faint|p2a: Snorlax\n|faint|p1a: Charizard\n|\n|upkeep\n|\n|t:|1701117603\n|switch|p1a: Gliscor|Gliscor, M|100\/100\n|switch|p2a: Pawmot|Pawmot, M|100\/100\n|turn|11\n|\n|t:|1701117611\n|move|p2a: Pawmot|Revival Blessing|p2a: Pawmot\n|-enditem|p2a: Pawmot|Leppa Berry|[eat]\n|-activate|p2a: Pawmot|item: Leppa Berry|Revival Blessing|[consumed]\n|\n|t:|1701117619\n|-heal|p2: Glalie|50\/100|[from] move: Revival Blessing\n|move|p1a: Gliscor|Agility|p1a: Gliscor\n|-boost|p1a: Gliscor|spe|2\n|\n|-status|p1a: Gliscor|tox|[from] item: Toxic Orb\n|upkeep\n|turn|12\n|\n|t:|1701117624\n|move|p1a: Gliscor|Earthquake|p2a: Pawmot\n|-supereffective|p2a: Pawmot\n|-damage|p2a: Pawmot|0 fnt\n|faint|p2a: Pawmot\n|\n|upkeep\n|\n|t:|1701117629\n|switch|p2a: Chandelure|Chandelure, M|35\/100\n|turn|13\n|\n|t:|1701117634\n|move|p1a: Gliscor|Earthquake|p2a: Chandelure\n|-supereffective|p2a: Chandelure\n|-damage|p2a: Chandelure|0 fnt\n|faint|p2a: Chandelure\n|\n|upkeep\n|-message|boppydop forfeited.\n|\n|win|Artheizen\n|raw|Artheizen's rating: 1154 &rarr; <strong>1173<\/strong><br \/>(+19 for winning)\n|raw|boppydop's rating: 1066 &rarr; <strong>1051<\/strong><br \/>(-15 for losing)\n|l|\u2606boppydop\n","uploadtime":1701117663,"views":2,"p1id":"artheizen","p2id":"boppydop","formatid":"gen9nationaldex","rating":1051,"private":0,"password":""}