{"id":"gen9nationaldex-1994009249","p1":"guess 19","p2":"mcklemmeglad","format":"[Gen 9] National Dex","log":"|j|\u2606guess 19\n|j|\u2606mcklemmeglad\n|t:|1700392812\n|gametype|singles\n|player|p1|guess 19|brock|1428\n|player|p2|mcklemmeglad|waiter-gen4dp|1488\n|teamsize|p1|6\n|teamsize|p2|6\n|gen|9\n|tier|[Gen 9] National Dex\n|rated|\n|rule|HP Percentage Mod: HP is shown in percentages\n|rule|Endless Battle Clause: Forcing endless battles is banned\n|rule|OHKO Clause: OHKO moves are banned\n|rule|Evasion Clause: Evasion abilities, items, and moves are banned\n|rule|Evasion Abilities Clause: Evasion abilities are banned\n|rule|Evasion Items Clause: Evasion items are banned\n|rule|Evasion Moves Clause: Evasion moves are banned\n|rule|Species Clause: Limit one of each Pok\u00e9mon\n|rule|Sleep Clause Mod: Limit one foe put to sleep\n|clearpoke\n|poke|p1|Steelix, M|\n|poke|p1|Spiritomb, F|\n|poke|p1|Porygon2|\n|poke|p1|Araquanid, F|\n|poke|p1|Infernape, M|\n|poke|p1|Thundurus-Therian, M|\n|poke|p2|Aron, L1, F|\n|poke|p2|Bronzong|\n|poke|p2|Tyranitar, F|\n|poke|p2|Kommo-o, M|\n|poke|p2|Glimmora, M|\n|poke|p2|Lopunny, F|\n|teampreview\n|\n|t:|1700392825\n|start\n|switch|p1a: Steelix|Steelix, M|100\/100\n|switch|p2a: Glimmora|Glimmora, M|100\/100\n|turn|1\n|\n|t:|1700392848\n|switch|p2a: Aron|Aron, L1, F|100\/100\n|switch|p1a: Porygon2|Porygon2|100\/100\n|-ability|p1a: Porygon2|Sturdy|[from] ability: Trace|[of] p2a: Aron\n|\n|upkeep\n|turn|2\n|\n|t:|1700392871\n|switch|p2a: Tyranitar|Tyranitar, F|100\/100\n|-weather|Sandstorm|[from] ability: Sand Stream|[of] p2a: Tyranitar\n|-terastallize|p1a: Porygon2|Poison\n|move|p1a: Porygon2|Teleport|p1a: Porygon2\n|\n|t:|1700392878\n|switch|p1a: Steelix|Steelix, M|100\/100|[from] Teleport\n|\n|-weather|Sandstorm|[upkeep]\n|upkeep\n|turn|3\n|\n|t:|1700392885\n|move|p2a: Tyranitar|Fire Blast|p1a: Steelix\n|-supereffective|p1a: Steelix\n|-damage|p1a: Steelix|54\/100\n|move|p1a: Steelix|Stealth Rock|p2a: Tyranitar\n|-sidestart|p2: mcklemmeglad|move: Stealth Rock\n|\n|-weather|Sandstorm|[upkeep]\n|upkeep\n|turn|4\n|\n|t:|1700392903\n|switch|p2a: Bronzong|Bronzong|100\/100\n|-damage|p2a: Bronzong|94\/100|[from] Stealth Rock\n|move|p1a: Steelix|Body Press|p2a: Bronzong\n|-crit|p2a: Bronzong\n|-damage|p2a: Bronzong|60\/100\n|\n|-weather|Sandstorm|[upkeep]\n|-heal|p2a: Bronzong|66\/100|[from] item: Leftovers\n|upkeep\n|turn|5\n|\n|t:|1700392914\n|switch|p1a: Araquanid|Araquanid, F|100\/100\n|move|p2a: Bronzong|Iron Defense|p2a: Bronzong\n|-boost|p2a: Bronzong|def|2\n|\n|-weather|Sandstorm|[upkeep]\n|-damage|p1a: Araquanid|94\/100|[from] Sandstorm\n|-heal|p2a: Bronzong|72\/100|[from] item: Leftovers\n|upkeep\n|turn|6\n|\n|t:|1700392926\n|switch|p1a: Spiritomb|Spiritomb, F|100\/100\n|move|p2a: Bronzong|Iron Defense|p2a: Bronzong\n|-boost|p2a: Bronzong|def|2\n|\n|-weather|Sandstorm|[upkeep]\n|-damage|p1a: Spiritomb|94\/100|[from] Sandstorm\n|-heal|p2a: Bronzong|79\/100|[from] item: Leftovers\n|-heal|p1a: Spiritomb|100\/100|[from] item: Leftovers\n|upkeep\n|turn|7\n|\n|t:|1700392934\n|switch|p2a: Glimmora|Glimmora, M|100\/100\n|-damage|p2a: Glimmora|88\/100|[from] Stealth Rock\n|move|p1a: Spiritomb|Will-O-Wisp|p2a: Glimmora\n|-status|p2a: Glimmora|brn\n|\n|-weather|Sandstorm|[upkeep]\n|-damage|p1a: Spiritomb|94\/100|[from] Sandstorm\n|-heal|p1a: Spiritomb|100\/100|[from] item: Leftovers\n|-damage|p2a: Glimmora|82\/100 brn|[from] brn\n|upkeep\n|turn|8\n|\n|t:|1700392950\n|move|p2a: Glimmora|Stealth Rock|p1a: Spiritomb\n|-sidestart|p1: guess 19|move: Stealth Rock\n|move|p1a: Spiritomb|Curse|p2a: Glimmora\n|-start|p2a: Glimmora|Curse|[of] p1a: Spiritomb\n|-damage|p1a: Spiritomb|50\/100\n|\n|-weather|Sandstorm|[upkeep]\n|-damage|p1a: Spiritomb|44\/100|[from] Sandstorm\n|-heal|p1a: Spiritomb|50\/100|[from] item: Leftovers\n|-damage|p2a: Glimmora|76\/100 brn|[from] brn\n|-damage|p2a: Glimmora|51\/100 brn|[from] Curse\n|upkeep\n|turn|9\n|inactive|Battle timer is ON: inactive players will automatically lose when time's up. (requested by guess 19)\n|\n|t:|1700392990\n|move|p2a: Glimmora|Mortal Spin|p1a: Spiritomb\n|-resisted|p1a: Spiritomb\n|-damage|p1a: Spiritomb|50\/100\n|-status|p1a: Spiritomb|psn\n|-sideend|p2: mcklemmeglad|Stealth Rock|[from] move: Mortal Spin|[of] p2a: Glimmora\n|move|p1a: Spiritomb|Will-O-Wisp|p2a: Glimmora\n|-fail|p2a: Glimmora|brn\n|\n|-weather|none\n|-heal|p1a: Spiritomb|56\/100 psn|[from] item: Leftovers\n|-damage|p1a: Spiritomb|43\/100 psn|[from] psn\n|-damage|p2a: Glimmora|45\/100 brn|[from] brn\n|-damage|p2a: Glimmora|20\/100 brn|[from] Curse\n|upkeep\n|turn|10\n|\n|t:|1700393005\n|switch|p1a: Porygon2|Porygon2, tera:Poison|100\/100\n|-damage|p1a: Porygon2|88\/100|[from] Stealth Rock\n|-ability|p1a: Porygon2|Toxic Debris|[from] ability: Trace|[of] p2a: Glimmora\n|move|p2a: Glimmora|Dazzling Gleam|p1a: Porygon2\n|-resisted|p1a: Porygon2\n|-damage|p1a: Porygon2|83\/100\n|\n|-damage|p2a: Glimmora|13\/100 brn|[from] brn\n|-damage|p2a: Glimmora|0 fnt|[from] Curse\n|faint|p2a: Glimmora\n|upkeep\n|inactive|mcklemmeglad has 120 seconds left.\n|inactive|mcklemmeglad has 90 seconds left.\n|\n|t:|1700393073\n|switch|p2a: Kommo-o|Kommo-o, M|100\/100\n|turn|11\n|\n|t:|1700393083\n|move|p2a: Kommo-o|Clangorous Soul|p2a: Kommo-o\n|-boost|p2a: Kommo-o|atk|1\n|-boost|p2a: Kommo-o|def|1\n|-boost|p2a: Kommo-o|spa|1\n|-boost|p2a: Kommo-o|spd|1\n|-boost|p2a: Kommo-o|spe|1\n|-damage|p2a: Kommo-o|68\/100\n|move|p1a: Porygon2|Ice Beam|p2a: Kommo-o\n|-supereffective|p2a: Kommo-o\n|-damage|p2a: Kommo-o|38\/100\n|\n|upkeep\n|turn|12\n|inactive|mcklemmeglad has 90 seconds left.\n|inactive|mcklemmeglad has 60 seconds left.\n|\n|t:|1700393130\n|-zpower|p2a: Kommo-o\n|move|p2a: Kommo-o|Clangorous Soulblaze|p1a: Porygon2|[zeffect]\n|-damage|p1a: Porygon2|25\/100\n|-boost|p2a: Kommo-o|atk|1\n|-boost|p2a: Kommo-o|def|1\n|-boost|p2a: Kommo-o|spa|1\n|-boost|p2a: Kommo-o|spd|1\n|-boost|p2a: Kommo-o|spe|1\n|move|p1a: Porygon2|Ice Beam|p2a: Kommo-o\n|-supereffective|p2a: Kommo-o\n|-damage|p2a: Kommo-o|14\/100\n|\n|upkeep\n|turn|13\n|inactive|mcklemmeglad has 30 seconds left.\n|\n|t:|1700393168\n|move|p2a: Kommo-o|Flash Cannon|p1a: Porygon2\n|-damage|p1a: Porygon2|5\/100\n|move|p1a: Porygon2|Recover|p1a: Porygon2\n|-heal|p1a: Porygon2|55\/100\n|\n|upkeep\n|turn|14\n|\n|t:|1700393179\n|move|p2a: Kommo-o|Clanging Scales|p1a: Porygon2\n|-damage|p1a: Porygon2|10\/100\n|-unboost|p2a: Kommo-o|def|1\n|move|p1a: Porygon2|Recover|p1a: Porygon2\n|-heal|p1a: Porygon2|60\/100\n|\n|upkeep\n|turn|15\n|\n|t:|1700393189\n|move|p2a: Kommo-o|Clanging Scales|p1a: Porygon2\n|-damage|p1a: Porygon2|19\/100\n|-unboost|p2a: Kommo-o|def|1\n|move|p1a: Porygon2|Recover|p1a: Porygon2\n|-heal|p1a: Porygon2|69\/100\n|\n|upkeep\n|turn|16\n|\n|t:|1700393200\n|move|p2a: Kommo-o|Clanging Scales|p1a: Porygon2\n|-damage|p1a: Porygon2|28\/100\n|-unboost|p2a: Kommo-o|def|1\n|move|p1a: Porygon2|Recover|p1a: Porygon2\n|-heal|p1a: Porygon2|78\/100\n|\n|upkeep\n|turn|17\n|\n|t:|1700393208\n|move|p2a: Kommo-o|Clanging Scales|p1a: Porygon2\n|-damage|p1a: Porygon2|34\/100\n|-unboost|p2a: Kommo-o|def|1\n|move|p1a: Porygon2|Recover|p1a: Porygon2\n|-heal|p1a: Porygon2|84\/100\n|\n|upkeep\n|turn|18\n|inactive|mcklemmeglad has 60 seconds left.\n|\n|t:|1700393216\n|move|p2a: Kommo-o|Clanging Scales|p1a: Porygon2\n|-damage|p1a: Porygon2|44\/100\n|-unboost|p2a: Kommo-o|def|1\n|move|p1a: Porygon2|Ice Beam|p2a: Kommo-o\n|-supereffective|p2a: Kommo-o\n|-damage|p2a: Kommo-o|0 fnt\n|faint|p2a: Kommo-o\n|\n|upkeep\n|inactive|mcklemmeglad has 60 seconds left.\n|\n|t:|1700393229\n|switch|p2a: Aron|Aron, L1, F|100\/100\n|turn|19\n|\n|t:|1700393252\n|move|p1a: Porygon2|Discharge|p2a: Aron\n|-ability|p2a: Aron|Sturdy\n|-damage|p2a: Aron|9\/100\n|move|p2a: Aron|Endeavor|p1a: Porygon2\n|-damage|p1a: Porygon2|1\/100\n|-activate|p1a: Porygon2|ability: Toxic Debris\n|-sidestart|p2: mcklemmeglad|move: Toxic Spikes\n|-heal|p2a: Aron|100\/100|[from] item: Shell Bell|[of] p1a: Porygon2\n|\n|upkeep\n|turn|20\n|inactive|mcklemmeglad has 60 seconds left.\n|inactive|mcklemmeglad has 30 seconds left.\n|\n|t:|1700393306\n|switch|p2a: Tyranitar|Tyranitar, F|100\/100\n|-status|p2a: Tyranitar|psn\n|-weather|Sandstorm|[from] ability: Sand Stream|[of] p2a: Tyranitar\n|move|p1a: Porygon2|Discharge|p2a: Tyranitar\n|-damage|p2a: Tyranitar|92\/100 psn\n|\n|-weather|Sandstorm|[upkeep]\n|-damage|p1a: Porygon2|0 fnt|[from] Sandstorm\n|faint|p1a: Porygon2\n|-damage|p2a: Tyranitar|80\/100 psn|[from] psn\n|upkeep\n|inactive|mcklemmeglad has 30 seconds left this turn.\n|inactive|guess 19 has 120 seconds left.\n|\n|t:|1700393321\n|switch|p1a: Steelix|Steelix, M|54\/100\n|-damage|p1a: Steelix|51\/100|[from] Stealth Rock\n|turn|21\n|inactive|mcklemmeglad has 30 seconds left.\n|inactive|mcklemmeglad has 20 seconds left.\n|inactive|mcklemmeglad has 15 seconds left.\n|inactive|mcklemmeglad has 10 seconds left.\n|inactive|mcklemmeglad has 5 seconds left.\n|\n|t:|1700393360\n|move|p2a: Tyranitar|Fire Blast|p1a: Steelix\n|-supereffective|p1a: Steelix\n|-damage|p1a: Steelix|9\/100\n|move|p1a: Steelix|Stealth Rock|p2a: Tyranitar\n|-sidestart|p2: mcklemmeglad|move: Stealth Rock\n|\n|-weather|Sandstorm|[upkeep]\n|-damage|p2a: Tyranitar|68\/100 psn|[from] psn\n|upkeep\n|turn|22\n|inactive|mcklemmeglad has 15 seconds left this turn.\n|inactive|mcklemmeglad has 10 seconds left.\n|\n|t:|1700393370\n|move|p2a: Tyranitar|Earthquake|p1a: Steelix\n|-supereffective|p1a: Steelix\n|-damage|p1a: Steelix|0 fnt\n|faint|p1a: Steelix\n|\n|-weather|Sandstorm|[upkeep]\n|-damage|p2a: Tyranitar|55\/100 psn|[from] psn\n|upkeep\n|inactive|mcklemmeglad has 15 seconds left this turn.\n|\n|t:|1700393379\n|switch|p1a: Infernape|Infernape, M|100\/100\n|-damage|p1a: Infernape|88\/100|[from] Stealth Rock\n|turn|23\n|inactive|mcklemmeglad has 25 seconds left this turn.\n|\n|t:|1700393384\n|move|p1a: Infernape|Close Combat|p2a: Tyranitar\n|-supereffective|p2a: Tyranitar\n|-damage|p2a: Tyranitar|0 fnt\n|-unboost|p1a: Infernape|def|1\n|-unboost|p1a: Infernape|spd|1\n|faint|p2a: Tyranitar\n|-damage|p1a: Infernape|78\/100|[from] item: Life Orb\n|\n|-weather|Sandstorm|[upkeep]\n|-damage|p1a: Infernape|72\/100|[from] Sandstorm\n|upkeep\n|inactive|mcklemmeglad has 30 seconds left this turn.\n|\n|t:|1700393387\n|switch|p2a: Lopunny|Lopunny, F|100\/100\n|-status|p2a: Lopunny|psn\n|-damage|p2a: Lopunny|88\/100 psn|[from] Stealth Rock\n|turn|24\n|\n|t:|1700393399\n|switch|p1a: Thundurus|Thundurus-Therian, M|100\/100\n|detailschange|p2a: Lopunny|Lopunny-Mega, F\n|-mega|p2a: Lopunny|Lopunny|Lopunnite\n|move|p2a: Lopunny|High Jump Kick|p1a: Thundurus\n|-resisted|p1a: Thundurus\n|-damage|p1a: Thundurus|42\/100\n|\n|-weather|Sandstorm|[upkeep]\n|-damage|p2a: Lopunny|82\/100 psn|[from] Sandstorm\n|-damage|p1a: Thundurus|36\/100|[from] Sandstorm\n|-damage|p2a: Lopunny|70\/100 psn|[from] psn\n|upkeep\n|turn|25\n|inactive|mcklemmeglad has 30 seconds left.\n|inactive|mcklemmeglad has 20 seconds left.\n|\n|t:|1700393434\n|move|p2a: Lopunny|Facade|p1a: Thundurus\n|-damage|p1a: Thundurus|0 fnt\n|faint|p1a: Thundurus\n|\n|-weather|Sandstorm|[upkeep]\n|-damage|p2a: Lopunny|64\/100 psn|[from] Sandstorm\n|-damage|p2a: Lopunny|52\/100 psn|[from] psn\n|upkeep\n|inactive|mcklemmeglad has 25 seconds left this turn.\n|\n|t:|1700393447\n|switch|p1a: Infernape|Infernape, M|72\/100\n|-damage|p1a: Infernape|60\/100|[from] Stealth Rock\n|turn|26\n|inactive|mcklemmeglad has 30 seconds left.\n|\n|t:|1700393461\n|move|p1a: Infernape|Mach Punch|p2a: Lopunny\n|-supereffective|p2a: Lopunny\n|-damage|p2a: Lopunny|0 fnt\n|faint|p2a: Lopunny\n|-damage|p1a: Infernape|50\/100|[from] item: Life Orb\n|\n|-weather|Sandstorm|[upkeep]\n|-damage|p1a: Infernape|44\/100|[from] Sandstorm\n|upkeep\n|inactive|mcklemmeglad has 30 seconds left this turn.\n|\n|t:|1700393464\n|switch|p2a: Bronzong|Bronzong|79\/100\n|-damage|p2a: Bronzong|72\/100|[from] Stealth Rock\n|turn|27\n|\n|t:|1700393486\n|move|p1a: Infernape|Flare Blitz|p2a: Bronzong\n|-supereffective|p2a: Bronzong\n|-damage|p2a: Bronzong|0 fnt\n|faint|p2a: Bronzong\n|-damage|p1a: Infernape|17\/100|[from] Recoil\n|-damage|p1a: Infernape|7\/100|[from] item: Life Orb\n|\n|-weather|none\n|upkeep\n|inactive|mcklemmeglad has 30 seconds left.\n|\n|t:|1700393496\n|switch|p2a: Aron|Aron, L1, F|100\/100\n|-damage|p2a: Aron|92\/100|[from] Stealth Rock\n|turn|28\n|inactive|mcklemmeglad has 30 seconds left.\n|\n|t:|1700393513\n|move|p1a: Infernape|Mach Punch|p2a: Aron\n|-supereffective|p2a: Aron\n|-damage|p2a: Aron|0 fnt\n|faint|p2a: Aron\n|-damage|p1a: Infernape|0 fnt|[from] item: Life Orb\n|faint|p1a: Infernape\n|\n|win|guess 19\n|raw|guess 19's rating: 1428 &rarr; <strong>1451<\/strong><br \/>(+23 for winning)\n|raw|mcklemmeglad's rating: 1488 &rarr; <strong>1465<\/strong><br \/>(-23 for losing)\n|l|\u2606mcklemmeglad\n","uploadtime":1700393527,"views":11,"p1id":"guess19","p2id":"mcklemmeglad","formatid":"gen9nationaldex","rating":1451,"private":0,"password":""}