{"id":"gen9nationaldex-1993432401","p1":"yogevslash","p2":"shfeha","format":"[Gen 9] National Dex","log":"|j|\u2606yogevslash\n|j|\u2606shfeha\n|t:|1700317174\n|gametype|singles\n|player|p1|yogevslash|byron|1158\n|player|p2|shfeha|cyclist|1085\n|teamsize|p1|6\n|teamsize|p2|6\n|gen|9\n|tier|[Gen 9] National Dex\n|rated|\n|rule|HP Percentage Mod: HP is shown in percentages\n|rule|Endless Battle Clause: Forcing endless battles is banned\n|rule|OHKO Clause: OHKO moves are banned\n|rule|Evasion Clause: Evasion abilities, items, and moves are banned\n|rule|Evasion Abilities Clause: Evasion abilities are banned\n|rule|Evasion Items Clause: Evasion items are banned\n|rule|Evasion Moves Clause: Evasion moves are banned\n|rule|Species Clause: Limit one of each Pok\u00e9mon\n|rule|Sleep Clause Mod: Limit one foe put to sleep\n|clearpoke\n|poke|p1|Aegislash, F|\n|poke|p1|Ceruledge, M|\n|poke|p1|Urshifu-*, F|\n|poke|p1|Corviknight, F|\n|poke|p1|Gyarados, M|\n|poke|p1|Ninetales-Alola, F|\n|poke|p2|Greninja-*, M|\n|poke|p2|Scizor, M|\n|poke|p2|Skeledirge, M|\n|poke|p2|Ting-Lu|\n|poke|p2|Corviknight, F|\n|poke|p2|Clodsire, M|\n|teampreview\n|inactive|Battle timer is ON: inactive players will automatically lose when time's up. (requested by shfeha)\n|\n|t:|1700317189\n|start\n|switch|p1a: \u05d3\u05d5\u05d1\u05d9 \u05d7\u05d6\u05e7 \u05d0\u05d1\u05dc \u05e2\u05d3\u05d9\u05df|Urshifu-Rapid-Strike, F|100\/100\n|switch|p2a: Scizor|Scizor, M|100\/100\n|turn|1\n|\n|t:|1700317197\n|switch|p1a: \u05d4\u05d7\u05ea\u05d5\u05dc \u05d1\u05de\u05d2\u05e4\u05d9\u05d9\u05dd \u05d4\u05d0\u05e4\u05dc|Ceruledge, M, shiny|100\/100\n|switch|p2a: Clodsire|Clodsire, M, shiny|100\/100\n|\n|upkeep\n|turn|2\n|\n|t:|1700317205\n|switch|p1a: \u05d2\u05d0\u05e8\u05d9 \u05d4\u05d0\u05d3\u05d5\u05dd|Gyarados, M, shiny|100\/100\n|-ability|p1a: \u05d2\u05d0\u05e8\u05d9 \u05d4\u05d0\u05d3\u05d5\u05dd|Intimidate|boost\n|-unboost|p2a: Clodsire|atk|1\n|move|p2a: Clodsire|Toxic|p1a: \u05d2\u05d0\u05e8\u05d9 \u05d4\u05d0\u05d3\u05d5\u05dd\n|-status|p1a: \u05d2\u05d0\u05e8\u05d9 \u05d4\u05d0\u05d3\u05d5\u05dd|tox\n|\n|-damage|p1a: \u05d2\u05d0\u05e8\u05d9 \u05d4\u05d0\u05d3\u05d5\u05dd|94\/100 tox|[from] psn\n|upkeep\n|turn|3\n|\n|t:|1700317215\n|move|p1a: \u05d2\u05d0\u05e8\u05d9 \u05d4\u05d0\u05d3\u05d5\u05dd|Waterfall|p2a: Clodsire\n|-immune|p2a: Clodsire|[from] ability: Water Absorb\n|move|p2a: Clodsire|Stealth Rock|p1a: \u05d2\u05d0\u05e8\u05d9 \u05d4\u05d0\u05d3\u05d5\u05dd\n|-sidestart|p1: yogevslash|move: Stealth Rock\n|\n|-damage|p1a: \u05d2\u05d0\u05e8\u05d9 \u05d4\u05d0\u05d3\u05d5\u05dd|82\/100 tox|[from] psn\n|upkeep\n|turn|4\n|\n|t:|1700317232\n|move|p1a: \u05d2\u05d0\u05e8\u05d9 \u05d4\u05d0\u05d3\u05d5\u05dd|Earthquake|p2a: Clodsire\n|-supereffective|p2a: Clodsire\n|-damage|p2a: Clodsire|32\/100\n|move|p2a: Clodsire|Recover|p2a: Clodsire\n|-heal|p2a: Clodsire|82\/100\n|\n|-heal|p2a: Clodsire|88\/100|[from] item: Black Sludge\n|-damage|p1a: \u05d2\u05d0\u05e8\u05d9 \u05d4\u05d0\u05d3\u05d5\u05dd|64\/100 tox|[from] psn\n|upkeep\n|turn|5\n|\n|t:|1700317241\n|switch|p2a: Corviknight|Corviknight, F, shiny|100\/100\n|move|p1a: \u05d2\u05d0\u05e8\u05d9 \u05d4\u05d0\u05d3\u05d5\u05dd|Earthquake|p2a: Corviknight\n|-immune|p2a: Corviknight\n|\n|-damage|p1a: \u05d2\u05d0\u05e8\u05d9 \u05d4\u05d0\u05d3\u05d5\u05dd|40\/100 tox|[from] psn\n|upkeep\n|turn|6\n|\n|t:|1700317250\n|detailschange|p1a: \u05d2\u05d0\u05e8\u05d9 \u05d4\u05d0\u05d3\u05d5\u05dd|Gyarados-Mega, M, shiny\n|-mega|p1a: \u05d2\u05d0\u05e8\u05d9 \u05d4\u05d0\u05d3\u05d5\u05dd|Gyarados|Gyaradosite\n|-ability|p1a: \u05d2\u05d0\u05e8\u05d9 \u05d4\u05d0\u05d3\u05d5\u05dd|Mold Breaker\n|move|p1a: \u05d2\u05d0\u05e8\u05d9 \u05d4\u05d0\u05d3\u05d5\u05dd|Waterfall|p2a: Corviknight\n|-damage|p2a: Corviknight|58\/100\n|-damage|p1a: \u05d2\u05d0\u05e8\u05d9 \u05d4\u05d0\u05d3\u05d5\u05dd|23\/100 tox|[from] item: Rocky Helmet|[of] p2a: Corviknight\n|move|p2a: Corviknight|Iron Defense|p2a: Corviknight\n|-boost|p2a: Corviknight|def|2\n|\n|-damage|p1a: \u05d2\u05d0\u05e8\u05d9 \u05d4\u05d0\u05d3\u05d5\u05dd|0 fnt|[from] psn\n|faint|p1a: \u05d2\u05d0\u05e8\u05d9 \u05d4\u05d0\u05d3\u05d5\u05dd\n|upkeep\n|\n|t:|1700317266\n|switch|p1a: \u05d4\u05d7\u05ea\u05d5\u05dc \u05d1\u05de\u05d2\u05e4\u05d9\u05d9\u05dd \u05d4\u05d0\u05e4\u05dc|Ceruledge, M, shiny|100\/100\n|-damage|p1a: \u05d4\u05d7\u05ea\u05d5\u05dc \u05d1\u05de\u05d2\u05e4\u05d9\u05d9\u05dd \u05d4\u05d0\u05e4\u05dc|76\/100|[from] Stealth Rock\n|turn|7\n|\n|t:|1700317289\n|switch|p2a: Greninja|Greninja, M|100\/100\n|move|p1a: \u05d4\u05d7\u05ea\u05d5\u05dc \u05d1\u05de\u05d2\u05e4\u05d9\u05d9\u05dd \u05d4\u05d0\u05e4\u05dc|Bitter Blade|p2a: Greninja\n|-resisted|p2a: Greninja\n|-damage|p2a: Greninja|63\/100\n|-heal|p1a: \u05d4\u05d7\u05ea\u05d5\u05dc \u05d1\u05de\u05d2\u05e4\u05d9\u05d9\u05dd \u05d4\u05d0\u05e4\u05dc|93\/100|[from] drain|[of] p2a: Greninja\n|\n|upkeep\n|turn|8\n|\n|t:|1700317304\n|switch|p1a: \u05d3\u05d5\u05d1\u05d9 \u05d7\u05d6\u05e7 \u05d0\u05d1\u05dc \u05e2\u05d3\u05d9\u05df|Urshifu-Rapid-Strike, F|100\/100\n|-damage|p1a: \u05d3\u05d5\u05d1\u05d9 \u05d7\u05d6\u05e7 \u05d0\u05d1\u05dc \u05e2\u05d3\u05d9\u05df|94\/100|[from] Stealth Rock\n|move|p2a: Greninja|Hydro Pump|p1a: \u05d3\u05d5\u05d1\u05d9 \u05d7\u05d6\u05e7 \u05d0\u05d1\u05dc \u05e2\u05d3\u05d9\u05df\n|-resisted|p1a: \u05d3\u05d5\u05d1\u05d9 \u05d7\u05d6\u05e7 \u05d0\u05d1\u05dc \u05e2\u05d3\u05d9\u05df\n|-damage|p1a: \u05d3\u05d5\u05d1\u05d9 \u05d7\u05d6\u05e7 \u05d0\u05d1\u05dc \u05e2\u05d3\u05d9\u05df|49\/100\n|-damage|p2a: Greninja|53\/100|[from] item: Life Orb\n|\n|upkeep\n|turn|9\n|\n|t:|1700317314\n|switch|p2a: Clodsire|Clodsire, M, shiny|88\/100\n|move|p1a: \u05d3\u05d5\u05d1\u05d9 \u05d7\u05d6\u05e7 \u05d0\u05d1\u05dc \u05e2\u05d3\u05d9\u05df|Close Combat|p2a: Clodsire\n|-resisted|p2a: Clodsire\n|-damage|p2a: Clodsire|53\/100\n|-unboost|p1a: \u05d3\u05d5\u05d1\u05d9 \u05d7\u05d6\u05e7 \u05d0\u05d1\u05dc \u05e2\u05d3\u05d9\u05df|def|1\n|-unboost|p1a: \u05d3\u05d5\u05d1\u05d9 \u05d7\u05d6\u05e7 \u05d0\u05d1\u05dc \u05e2\u05d3\u05d9\u05df|spd|1\n|\n|-heal|p2a: Clodsire|59\/100|[from] item: Black Sludge\n|upkeep\n|turn|10\n|\n|t:|1700317327\n|switch|p1a: \u05e0\u05d9\u05d9\u05e0\u05d8\u05dc\u05e1 \u05e9\u05e2\u05d1\u05e8\u05d4 \u05d0\u05e8\u05e5|Ninetales-Alola, F|100\/100\n|-damage|p1a: \u05e0\u05d9\u05d9\u05e0\u05d8\u05dc\u05e1 \u05e9\u05e2\u05d1\u05e8\u05d4 \u05d0\u05e8\u05e5|76\/100|[from] Stealth Rock\n|-weather|Snow|[from] ability: Snow Warning|[of] p1a: \u05e0\u05d9\u05d9\u05e0\u05d8\u05dc\u05e1 \u05e9\u05e2\u05d1\u05e8\u05d4 \u05d0\u05e8\u05e5\n|switch|p2a: Skeledirge|Skeledirge, M, shiny|100\/100\n|\n|-weather|Snow|[upkeep]\n|upkeep\n|turn|11\n|\n|t:|1700317339\n|move|p1a: \u05e0\u05d9\u05d9\u05e0\u05d8\u05dc\u05e1 \u05e9\u05e2\u05d1\u05e8\u05d4 \u05d0\u05e8\u05e5|Aurora Veil|p1a: \u05e0\u05d9\u05d9\u05e0\u05d8\u05dc\u05e1 \u05e9\u05e2\u05d1\u05e8\u05d4 \u05d0\u05e8\u05e5\n|-sidestart|p1: yogevslash|move: Aurora Veil\n|move|p2a: Skeledirge|Torch Song|p1a: \u05e0\u05d9\u05d9\u05e0\u05d8\u05dc\u05e1 \u05e9\u05e2\u05d1\u05e8\u05d4 \u05d0\u05e8\u05e5\n|-supereffective|p1a: \u05e0\u05d9\u05d9\u05e0\u05d8\u05dc\u05e1 \u05e9\u05e2\u05d1\u05e8\u05d4 \u05d0\u05e8\u05e5\n|-damage|p1a: \u05e0\u05d9\u05d9\u05e0\u05d8\u05dc\u05e1 \u05e9\u05e2\u05d1\u05e8\u05d4 \u05d0\u05e8\u05e5|47\/100\n|-boost|p2a: Skeledirge|spa|1\n|\n|-weather|Snow|[upkeep]\n|upkeep\n|turn|12\n|\n|t:|1700317353\n|move|p1a: \u05e0\u05d9\u05d9\u05e0\u05d8\u05dc\u05e1 \u05e9\u05e2\u05d1\u05e8\u05d4 \u05d0\u05e8\u05e5|Safeguard|p1a: \u05e0\u05d9\u05d9\u05e0\u05d8\u05dc\u05e1 \u05e9\u05e2\u05d1\u05e8\u05d4 \u05d0\u05e8\u05e5\n|-sidestart|p1: yogevslash|Safeguard\n|move|p2a: Skeledirge|Torch Song|p1a: \u05e0\u05d9\u05d9\u05e0\u05d8\u05dc\u05e1 \u05e9\u05e2\u05d1\u05e8\u05d4 \u05d0\u05e8\u05e5\n|-supereffective|p1a: \u05e0\u05d9\u05d9\u05e0\u05d8\u05dc\u05e1 \u05e9\u05e2\u05d1\u05e8\u05d4 \u05d0\u05e8\u05e5\n|-damage|p1a: \u05e0\u05d9\u05d9\u05e0\u05d8\u05dc\u05e1 \u05e9\u05e2\u05d1\u05e8\u05d4 \u05d0\u05e8\u05e5|7\/100\n|-boost|p2a: Skeledirge|spa|1\n|\n|-weather|Snow|[upkeep]\n|upkeep\n|turn|13\n|\n|t:|1700317361\n|move|p1a: \u05e0\u05d9\u05d9\u05e0\u05d8\u05dc\u05e1 \u05e9\u05e2\u05d1\u05e8\u05d4 \u05d0\u05e8\u05e5|Encore|p2a: Skeledirge\n|-start|p2a: Skeledirge|Encore\n|move|p2a: Skeledirge|Torch Song|p1a: \u05e0\u05d9\u05d9\u05e0\u05d8\u05dc\u05e1 \u05e9\u05e2\u05d1\u05e8\u05d4 \u05d0\u05e8\u05e5\n|-supereffective|p1a: \u05e0\u05d9\u05d9\u05e0\u05d8\u05dc\u05e1 \u05e9\u05e2\u05d1\u05e8\u05d4 \u05d0\u05e8\u05e5\n|-damage|p1a: \u05e0\u05d9\u05d9\u05e0\u05d8\u05dc\u05e1 \u05e9\u05e2\u05d1\u05e8\u05d4 \u05d0\u05e8\u05e5|0 fnt\n|-boost|p2a: Skeledirge|spa|1\n|faint|p1a: \u05e0\u05d9\u05d9\u05e0\u05d8\u05dc\u05e1 \u05e9\u05e2\u05d1\u05e8\u05d4 \u05d0\u05e8\u05e5\n|\n|-weather|Snow|[upkeep]\n|upkeep\n|\n|t:|1700317370\n|switch|p1a: \u05d4\u05d7\u05ea\u05d5\u05dc \u05d1\u05de\u05d2\u05e4\u05d9\u05d9\u05dd \u05d4\u05d0\u05e4\u05dc|Ceruledge, M, shiny|93\/100\n|-damage|p1a: \u05d4\u05d7\u05ea\u05d5\u05dc \u05d1\u05de\u05d2\u05e4\u05d9\u05d9\u05dd \u05d4\u05d0\u05e4\u05dc|68\/100|[from] Stealth Rock\n|turn|14\n|\n|t:|1700317377\n|switch|p2a: Greninja|Greninja, M|53\/100\n|move|p1a: \u05d4\u05d7\u05ea\u05d5\u05dc \u05d1\u05de\u05d2\u05e4\u05d9\u05d9\u05dd \u05d4\u05d0\u05e4\u05dc|Poltergeist|p2a: Greninja|[miss]\n|-miss|p1a: \u05d4\u05d7\u05ea\u05d5\u05dc \u05d1\u05de\u05d2\u05e4\u05d9\u05d9\u05dd \u05d4\u05d0\u05e4\u05dc|p2a: Greninja\n|\n|-weather|none\n|upkeep\n|turn|15\n|\n|t:|1700317386\n|-terastallize|p2a: Greninja|Water\n|move|p2a: Greninja|Hydro Pump|p1a: \u05d4\u05d7\u05ea\u05d5\u05dc \u05d1\u05de\u05d2\u05e4\u05d9\u05d9\u05dd \u05d4\u05d0\u05e4\u05dc|[miss]\n|-miss|p2a: Greninja|p1a: \u05d4\u05d7\u05ea\u05d5\u05dc \u05d1\u05de\u05d2\u05e4\u05d9\u05d9\u05dd \u05d4\u05d0\u05e4\u05dc\n|move|p1a: \u05d4\u05d7\u05ea\u05d5\u05dc \u05d1\u05de\u05d2\u05e4\u05d9\u05d9\u05dd \u05d4\u05d0\u05e4\u05dc|Close Combat|p2a: Greninja\n|-damage|p2a: Greninja|0 fnt\n|-unboost|p1a: \u05d4\u05d7\u05ea\u05d5\u05dc \u05d1\u05de\u05d2\u05e4\u05d9\u05d9\u05dd \u05d4\u05d0\u05e4\u05dc|def|1\n|-unboost|p1a: \u05d4\u05d7\u05ea\u05d5\u05dc \u05d1\u05de\u05d2\u05e4\u05d9\u05d9\u05dd \u05d4\u05d0\u05e4\u05dc|spd|1\n|faint|p2a: Greninja\n|\n|upkeep\n|\n|t:|1700317398\n|switch|p2a: Ting-Lu|Ting-Lu|100\/100\n|-ability|p2a: Ting-Lu|Vessel of Ruin\n|turn|16\n|\n|t:|1700317406\n|move|p1a: \u05d4\u05d7\u05ea\u05d5\u05dc \u05d1\u05de\u05d2\u05e4\u05d9\u05d9\u05dd \u05d4\u05d0\u05e4\u05dc|Close Combat|p2a: Ting-Lu\n|-supereffective|p2a: Ting-Lu\n|-damage|p2a: Ting-Lu|65\/100\n|-unboost|p1a: \u05d4\u05d7\u05ea\u05d5\u05dc \u05d1\u05de\u05d2\u05e4\u05d9\u05d9\u05dd \u05d4\u05d0\u05e4\u05dc|def|1\n|-unboost|p1a: \u05d4\u05d7\u05ea\u05d5\u05dc \u05d1\u05de\u05d2\u05e4\u05d9\u05d9\u05dd \u05d4\u05d0\u05e4\u05dc|spd|1\n|move|p2a: Ting-Lu|Ruination|p1a: \u05d4\u05d7\u05ea\u05d5\u05dc \u05d1\u05de\u05d2\u05e4\u05d9\u05d9\u05dd \u05d4\u05d0\u05e4\u05dc\n|-damage|p1a: \u05d4\u05d7\u05ea\u05d5\u05dc \u05d1\u05de\u05d2\u05e4\u05d9\u05d9\u05dd \u05d4\u05d0\u05e4\u05dc|35\/100\n|\n|-heal|p2a: Ting-Lu|72\/100|[from] item: Leftovers\n|-sideend|p1: yogevslash|Safeguard\n|upkeep\n|turn|17\n|\n|t:|1700317420\n|move|p1a: \u05d4\u05d7\u05ea\u05d5\u05dc \u05d1\u05de\u05d2\u05e4\u05d9\u05d9\u05dd \u05d4\u05d0\u05e4\u05dc|Swords Dance|p1a: \u05d4\u05d7\u05ea\u05d5\u05dc \u05d1\u05de\u05d2\u05e4\u05d9\u05d9\u05dd \u05d4\u05d0\u05e4\u05dc\n|-boost|p1a: \u05d4\u05d7\u05ea\u05d5\u05dc \u05d1\u05de\u05d2\u05e4\u05d9\u05d9\u05dd \u05d4\u05d0\u05e4\u05dc|atk|2\n|move|p2a: Ting-Lu|Earthquake|p1a: \u05d4\u05d7\u05ea\u05d5\u05dc \u05d1\u05de\u05d2\u05e4\u05d9\u05d9\u05dd \u05d4\u05d0\u05e4\u05dc\n|-supereffective|p1a: \u05d4\u05d7\u05ea\u05d5\u05dc \u05d1\u05de\u05d2\u05e4\u05d9\u05d9\u05dd \u05d4\u05d0\u05e4\u05dc\n|-damage|p1a: \u05d4\u05d7\u05ea\u05d5\u05dc \u05d1\u05de\u05d2\u05e4\u05d9\u05d9\u05dd \u05d4\u05d0\u05e4\u05dc|0 fnt\n|faint|p1a: \u05d4\u05d7\u05ea\u05d5\u05dc \u05d1\u05de\u05d2\u05e4\u05d9\u05d9\u05dd \u05d4\u05d0\u05e4\u05dc\n|\n|-heal|p2a: Ting-Lu|78\/100|[from] item: Leftovers\n|upkeep\n|\n|t:|1700317430\n|switch|p1a: \u05d3\u05d5\u05d1\u05d9 \u05d7\u05d6\u05e7 \u05d0\u05d1\u05dc \u05e2\u05d3\u05d9\u05df|Urshifu-Rapid-Strike, F|49\/100\n|-damage|p1a: \u05d3\u05d5\u05d1\u05d9 \u05d7\u05d6\u05e7 \u05d0\u05d1\u05dc \u05e2\u05d3\u05d9\u05df|42\/100|[from] Stealth Rock\n|turn|18\n|\n|t:|1700317437\n|switch|p2a: Clodsire|Clodsire, M, shiny|59\/100\n|move|p1a: \u05d3\u05d5\u05d1\u05d9 \u05d7\u05d6\u05e7 \u05d0\u05d1\u05dc \u05e2\u05d3\u05d9\u05df|Surging Strikes|p2a: Clodsire\n|-heal|p2a: Clodsire|84\/100|[from] ability: Water Absorb|[of] p1a: \u05d3\u05d5\u05d1\u05d9 \u05d7\u05d6\u05e7 \u05d0\u05d1\u05dc \u05e2\u05d3\u05d9\u05df\n|\n|-heal|p2a: Clodsire|90\/100|[from] item: Black Sludge\n|-sideend|p1: yogevslash|move: Aurora Veil\n|upkeep\n|turn|19\n|\n|t:|1700317449\n|switch|p1a: \u05e2\u05d5\u05e8\u05d1 \u05e9\u05d4\u05d5\u05e4\u05da \u05dc\u05e4\u05d8\u05d9\u05e9|Corviknight, F|100\/100\n|-damage|p1a: \u05e2\u05d5\u05e8\u05d1 \u05e9\u05d4\u05d5\u05e4\u05da \u05dc\u05e4\u05d8\u05d9\u05e9|88\/100|[from] Stealth Rock\n|switch|p2a: Skeledirge|Skeledirge, M, shiny|100\/100\n|\n|upkeep\n|turn|20\n|\n|t:|1700317458\n|-terastallize|p1a: \u05e2\u05d5\u05e8\u05d1 \u05e9\u05d4\u05d5\u05e4\u05da \u05dc\u05e4\u05d8\u05d9\u05e9|Dragon\n|move|p1a: \u05e2\u05d5\u05e8\u05d1 \u05e9\u05d4\u05d5\u05e4\u05da \u05dc\u05e4\u05d8\u05d9\u05e9|Brave Bird|p2a: Skeledirge\n|-damage|p2a: Skeledirge|76\/100\n|-damage|p1a: \u05e2\u05d5\u05e8\u05d1 \u05e9\u05d4\u05d5\u05e4\u05da \u05dc\u05e4\u05d8\u05d9\u05e9|79\/100|[from] Recoil\n|move|p2a: Skeledirge|Torch Song|p1a: \u05e2\u05d5\u05e8\u05d1 \u05e9\u05d4\u05d5\u05e4\u05da \u05dc\u05e4\u05d8\u05d9\u05e9\n|-resisted|p1a: \u05e2\u05d5\u05e8\u05d1 \u05e9\u05d4\u05d5\u05e4\u05da \u05dc\u05e4\u05d8\u05d9\u05e9\n|-damage|p1a: \u05e2\u05d5\u05e8\u05d1 \u05e9\u05d4\u05d5\u05e4\u05da \u05dc\u05e4\u05d8\u05d9\u05e9|66\/100\n|-boost|p2a: Skeledirge|spa|1\n|\n|-heal|p2a: Skeledirge|82\/100|[from] item: Leftovers\n|upkeep\n|turn|21\n|-message|yogevslash forfeited.\n|\n|win|shfeha\n|raw|yogevslash's rating: 1158 &rarr; <strong>1128<\/strong><br \/>(-30 for losing)\n|raw|shfeha's rating: 1085 &rarr; <strong>1118<\/strong><br \/>(+33 for winning)\n|l|\u2606yogevslash\n","uploadtime":1700317477,"views":6,"p1id":"yogevslash","p2id":"shfeha","formatid":"gen9nationaldex","rating":1118,"private":0,"password":""}