{"id":"gen9nationaldex-1993983096","p1":"stroung tiger","p2":"Te matcha","format":"[Gen 9] National Dex","log":"|j|\u2606stroung tiger\n|j|\u2606Te matcha\n|t:|1700387921\n|gametype|singles\n|player|p1|stroung tiger|hilda-wonderlauncher|1374\n|player|p2|Te matcha|101|1384\n|teamsize|p1|6\n|teamsize|p2|6\n|gen|9\n|tier|[Gen 9] National Dex\n|rated|\n|rule|HP Percentage Mod: HP is shown in percentages\n|rule|Endless Battle Clause: Forcing endless battles is banned\n|rule|OHKO Clause: OHKO moves are banned\n|rule|Evasion Clause: Evasion abilities, items, and moves are banned\n|rule|Evasion Abilities Clause: Evasion abilities are banned\n|rule|Evasion Items Clause: Evasion items are banned\n|rule|Evasion Moves Clause: Evasion moves are banned\n|rule|Species Clause: Limit one of each Pok\u00e9mon\n|rule|Sleep Clause Mod: Limit one foe put to sleep\n|clearpoke\n|poke|p1|Beedrill, M|\n|poke|p1|Ribombee, M|\n|poke|p1|Tapu Lele|\n|poke|p1|Alomomola, M|\n|poke|p1|Zapdos|\n|poke|p1|Cyclizar, M|\n|poke|p2|Conkeldurr, M|\n|poke|p2|Slowbro, M|\n|poke|p2|Gastrodon-East, F|\n|poke|p2|Amoonguss, M|\n|poke|p2|Great Tusk|\n|poke|p2|Tyranitar, F|\n|teampreview\n|inactive|Battle timer is ON: inactive players will automatically lose when time's up. (requested by stroung tiger)\n|\n|t:|1700387939\n|start\n|switch|p1a: Cyclizar|Cyclizar, M|100\/100\n|switch|p2a: Amoonguss|Amoonguss, M|100\/100\n|turn|1\n|\n|t:|1700387947\n|move|p1a: Cyclizar|Taunt|p2a: Amoonguss\n|-start|p2a: Amoonguss|move: Taunt\n|cant|p2a: Amoonguss|move: Taunt|Spore\n|\n|upkeep\n|turn|2\n|\n|t:|1700387953\n|move|p1a: Cyclizar|Knock Off|p2a: Amoonguss\n|-damage|p2a: Amoonguss|85\/100\n|-enditem|p2a: Amoonguss|Leftovers|[from] move: Knock Off|[of] p1a: Cyclizar\n|move|p2a: Amoonguss|Sludge Bomb|p1a: Cyclizar\n|-damage|p1a: Cyclizar|68\/100\n|\n|upkeep\n|turn|3\n|\n|t:|1700387964\n|move|p1a: Cyclizar|U-turn|p2a: Amoonguss\n|-damage|p2a: Amoonguss|74\/100\n|\n|t:|1700387967\n|switch|p1a: Beedrill|Beedrill, M|100\/100|[from] U-turn\n|move|p2a: Amoonguss|Sludge Bomb|p1a: Beedrill\n|-resisted|p1a: Beedrill\n|-damage|p1a: Beedrill|80\/100\n|\n|-end|p2a: Amoonguss|move: Taunt\n|upkeep\n|turn|4\n|\n|t:|1700387979\n|switch|p2a: Great Tusk|Great Tusk|100\/100\n|detailschange|p1a: Beedrill|Beedrill-Mega, M\n|-mega|p1a: Beedrill|Beedrill|Beedrillite\n|move|p1a: Beedrill|U-turn|p2a: Great Tusk\n|-resisted|p2a: Great Tusk\n|-damage|p2a: Great Tusk|81\/100\n|\n|t:|1700387992\n|switch|p1a: Tapu Lele|Tapu Lele|100\/100|[from] U-turn\n|-fieldstart|move: Psychic Terrain|[from] ability: Psychic Surge|[of] p1a: Tapu Lele\n|\n|-heal|p2a: Great Tusk|87\/100|[from] item: Leftovers\n|upkeep\n|turn|5\n|\n|t:|1700388005\n|-terastallize|p2a: Great Tusk|Steel\n|move|p2a: Great Tusk|Headlong Rush|p1a: Tapu Lele\n|-damage|p1a: Tapu Lele|5\/100\n|-unboost|p2a: Great Tusk|def|1\n|-unboost|p2a: Great Tusk|spd|1\n|move|p1a: Tapu Lele|Moonblast|p2a: Great Tusk\n|-resisted|p2a: Great Tusk\n|-damage|p2a: Great Tusk|0 fnt\n|faint|p2a: Great Tusk\n|-end|p2a: Great Tusk|Protosynthesis|[silent]\n|\n|upkeep\n|\n|t:|1700388016\n|switch|p2a: Tyranitar|Tyranitar, F|100\/100\n|-weather|Sandstorm|[from] ability: Sand Stream|[of] p2a: Tyranitar\n|turn|6\n|\n|t:|1700388024\n|-activate|p1a: Tapu Lele|move: Pursuit\n|move|p2a: Tyranitar|Pursuit|p1a: Tapu Lele|[from]Pursuit\n|-damage|p1a: Tapu Lele|0 fnt\n|faint|p1a: Tapu Lele\n|-hint|A Pokemon can't switch between when it runs out of HP and when it faints\n|\n|-weather|Sandstorm|[upkeep]\n|upkeep\n|\n|t:|1700388030\n|switch|p1a: Beedrill|Beedrill-Mega, M|80\/100\n|turn|7\n|\n|t:|1700388040\n|move|p1a: Beedrill|U-turn|p2a: Tyranitar\n|-supereffective|p2a: Tyranitar\n|-damage|p2a: Tyranitar|13\/100\n|\n|t:|1700388047\n|switch|p1a: Alomomola|Alomomola, M|100\/100|[from] U-turn\n|move|p2a: Tyranitar|Stone Edge|p1a: Alomomola|[miss]\n|-miss|p2a: Tyranitar|p1a: Alomomola\n|\n|-weather|Sandstorm|[upkeep]\n|-damage|p1a: Alomomola|94\/100|[from] Sandstorm\n|-heal|p1a: Alomomola|100\/100|[from] item: Leftovers\n|upkeep\n|turn|8\n|\n|t:|1700388059\n|move|p2a: Tyranitar|Stone Edge|p1a: Alomomola\n|-damage|p1a: Alomomola|58\/100\n|move|p1a: Alomomola|Flip Turn|p2a: Tyranitar\n|-supereffective|p2a: Tyranitar\n|-damage|p2a: Tyranitar|0 fnt\n|faint|p2a: Tyranitar\n|\n|t:|1700388071\n|switch|p1a: Cyclizar|Cyclizar, M|100\/100|[from] Flip Turn\n|\n|-weather|Sandstorm|[upkeep]\n|-damage|p1a: Cyclizar|94\/100|[from] Sandstorm\n|-fieldend|move: Psychic Terrain\n|upkeep\n|\n|t:|1700388074\n|switch|p2a: Conkeldurr|Conkeldurr, M|100\/100\n|turn|9\n|\n|t:|1700388084\n|-terastallize|p1a: Cyclizar|Fairy\n|move|p1a: Cyclizar|Knock Off|p2a: Conkeldurr\n|-resisted|p2a: Conkeldurr\n|-damage|p2a: Conkeldurr|92\/100\n|-enditem|p2a: Conkeldurr|Leftovers|[from] move: Knock Off|[of] p1a: Cyclizar\n|move|p2a: Conkeldurr|Knock Off|p1a: Cyclizar\n|-resisted|p1a: Cyclizar\n|-damage|p1a: Cyclizar|71\/100\n|-enditem|p1a: Cyclizar|Aguav Berry|[from] move: Knock Off|[of] p2a: Conkeldurr\n|\n|-weather|Sandstorm|[upkeep]\n|-damage|p1a: Cyclizar|65\/100|[from] Sandstorm\n|-damage|p2a: Conkeldurr|86\/100|[from] Sandstorm\n|upkeep\n|turn|10\n|\n|t:|1700388097\n|move|p1a: Cyclizar|Taunt|p2a: Conkeldurr\n|-start|p2a: Conkeldurr|move: Taunt\n|move|p2a: Conkeldurr|Ice Punch|p1a: Cyclizar\n|-damage|p1a: Cyclizar|31\/100\n|\n|-weather|none\n|upkeep\n|turn|11\n|\n|t:|1700388106\n|move|p1a: Cyclizar|U-turn|p2a: Conkeldurr\n|-resisted|p2a: Conkeldurr\n|-damage|p2a: Conkeldurr|79\/100\n|\n|t:|1700388110\n|switch|p1a: Alomomola|Alomomola, M|91\/100|[from] U-turn\n|move|p2a: Conkeldurr|Ice Punch|p1a: Alomomola\n|-resisted|p1a: Alomomola\n|-damage|p1a: Alomomola|80\/100\n|\n|-heal|p1a: Alomomola|86\/100|[from] item: Leftovers\n|upkeep\n|turn|12\n|\n|t:|1700388120\n|move|p1a: Alomomola|Protect|p1a: Alomomola\n|-singleturn|p1a: Alomomola|Protect\n|move|p2a: Conkeldurr|Drain Punch|p1a: Alomomola\n|-activate|p1a: Alomomola|move: Protect\n|\n|-heal|p1a: Alomomola|92\/100|[from] item: Leftovers\n|-end|p2a: Conkeldurr|move: Taunt\n|upkeep\n|turn|13\n|\n|t:|1700388129\n|move|p1a: Alomomola|Toxic|p2a: Conkeldurr\n|-status|p2a: Conkeldurr|tox\n|move|p2a: Conkeldurr|Drain Punch|p1a: Alomomola\n|-damage|p1a: Alomomola|37\/100\n|-heal|p2a: Conkeldurr|100\/100 tox|[from] drain|[of] p1a: Alomomola\n|\n|-heal|p1a: Alomomola|44\/100|[from] item: Leftovers\n|-damage|p2a: Conkeldurr|94\/100 tox|[from] psn\n|upkeep\n|turn|14\n|\n|t:|1700388140\n|move|p1a: Alomomola|Flip Turn|p2a: Conkeldurr\n|-damage|p2a: Conkeldurr|81\/100 tox\n|\n|t:|1700388144\n|switch|p1a: Zapdos|Zapdos|100\/100|[from] Flip Turn\n|move|p2a: Conkeldurr|Knock Off|p1a: Zapdos\n|-damage|p1a: Zapdos|59\/100\n|-damage|p2a: Conkeldurr|64\/100 tox|[from] item: Rocky Helmet|[of] p1a: Zapdos\n|-enditem|p1a: Zapdos|Rocky Helmet|[from] move: Knock Off|[of] p2a: Conkeldurr\n|\n|-damage|p2a: Conkeldurr|52\/100 tox|[from] psn\n|upkeep\n|turn|15\n|\n|t:|1700388156\n|switch|p2a: Gastrodon|Gastrodon-East, F|100\/100\n|move|p1a: Zapdos|Roost|p1a: Zapdos\n|-heal|p1a: Zapdos|100\/100\n|-singleturn|p1a: Zapdos|move: Roost\n|\n|upkeep\n|turn|16\n|\n|t:|1700388167\n|switch|p1a: Cyclizar|Cyclizar, M, tera:Fairy|64\/100\n|move|p2a: Gastrodon|Yawn|p1a: Cyclizar\n|-start|p1a: Cyclizar|move: Yawn|[of] p2a: Gastrodon\n|\n|upkeep\n|turn|17\n|\n|t:|1700388174\n|move|p1a: Cyclizar|U-turn|p2a: Gastrodon\n|-damage|p2a: Gastrodon|89\/100\n|\n|t:|1700388180\n|switch|p1a: Ribombee|Ribombee, M|100\/100|[from] U-turn\n|move|p2a: Gastrodon|Earth Power|p1a: Ribombee\n|-resisted|p1a: Ribombee\n|-damage|p1a: Ribombee|75\/100\n|\n|-heal|p2a: Gastrodon|96\/100|[from] item: Leftovers\n|upkeep\n|turn|18\n|\n|t:|1700388195\n|move|p1a: Ribombee|Stun Spore|p2a: Gastrodon\n|-status|p2a: Gastrodon|par\n|cant|p2a: Gastrodon|par\n|\n|-heal|p2a: Gastrodon|100\/100 par|[from] item: Leftovers\n|upkeep\n|turn|19\n|\n|t:|1700388206\n|move|p1a: Ribombee|Trick|p2a: Gastrodon\n|-activate|p1a: Ribombee|move: Trick|[of] p2a: Gastrodon\n|-item|p2a: Gastrodon|Focus Sash|[from] move: Trick\n|-item|p1a: Ribombee|Leftovers|[from] move: Trick\n|move|p2a: Gastrodon|Scald|p1a: Ribombee\n|-damage|p1a: Ribombee|25\/100\n|\n|-heal|p1a: Ribombee|31\/100|[from] item: Leftovers\n|upkeep\n|turn|20\n|\n|t:|1700388225\n|switch|p1a: Cyclizar|Cyclizar, M, tera:Fairy|97\/100\n|move|p2a: Gastrodon|Scald|p1a: Cyclizar\n|-damage|p1a: Cyclizar|66\/100\n|\n|upkeep\n|turn|21\n|\n|t:|1700388233\n|move|p1a: Cyclizar|Knock Off|p2a: Gastrodon\n|-damage|p2a: Gastrodon|84\/100 par\n|-enditem|p2a: Gastrodon|Focus Sash|[from] move: Knock Off|[of] p1a: Cyclizar\n|cant|p2a: Gastrodon|par\n|\n|upkeep\n|turn|22\n|\n|t:|1700388243\n|move|p1a: Cyclizar|U-turn|p2a: Gastrodon\n|-damage|p2a: Gastrodon|72\/100 par\n|\n|t:|1700388248\n|switch|p1a: Alomomola|Alomomola, M|77\/100|[from] U-turn\n|move|p2a: Gastrodon|Scald|p1a: Alomomola\n|-resisted|p1a: Alomomola\n|-damage|p1a: Alomomola|68\/100\n|\n|-heal|p1a: Alomomola|74\/100|[from] item: Leftovers\n|upkeep\n|turn|23\n|\n|t:|1700388261\n|switch|p2a: Slowbro|Slowbro, M|100\/100\n|move|p1a: Alomomola|Wish|p1a: Alomomola\n|\n|-heal|p1a: Alomomola|80\/100|[from] item: Leftovers\n|upkeep\n|turn|24\n|\n|t:|1700388271\n|move|p1a: Alomomola|Flip Turn|p2a: Slowbro\n|-resisted|p2a: Slowbro\n|-damage|p2a: Slowbro|96\/100\n|\n|t:|1700388275\n|switch|p1a: Ribombee|Ribombee, M|31\/100|[from] Flip Turn\n|move|p2a: Slowbro|Future Sight|p1a: Ribombee\n|-start|p2a: Slowbro|move: Future Sight\n|\n|-heal|p1a: Ribombee|100\/100|[from] move: Wish|[wisher] Alomomola\n|-heal|p2a: Slowbro|100\/100|[from] item: Leftovers\n|upkeep\n|turn|25\n|\n|t:|1700388286\n|move|p1a: Ribombee|Moonblast|p2a: Slowbro\n|-damage|p2a: Slowbro|62\/100\n|move|p2a: Slowbro|Body Press|p1a: Ribombee\n|-resisted|p1a: Ribombee\n|-damage|p1a: Ribombee|86\/100\n|\n|-heal|p1a: Ribombee|92\/100|[from] item: Leftovers\n|-heal|p2a: Slowbro|68\/100|[from] item: Leftovers\n|upkeep\n|turn|26\n|\n|t:|1700388296\n|move|p1a: Ribombee|Moonblast|p2a: Slowbro\n|-damage|p2a: Slowbro|28\/100\n|-unboost|p2a: Slowbro|spa|1\n|move|p2a: Slowbro|Teleport|p2a: Slowbro\n|\n|t:|1700388303\n|switch|p2a: Amoonguss|Amoonguss, M|100\/100|[from] Teleport\n|\n|-end|p1a: Ribombee|move: Future Sight\n|-damage|p1a: Ribombee|17\/100\n|-heal|p1a: Ribombee|23\/100|[from] item: Leftovers\n|upkeep\n|turn|27\n|\n|t:|1700388314\n|move|p1a: Ribombee|Moonblast|p2a: Amoonguss\n|-resisted|p2a: Amoonguss\n|-damage|p2a: Amoonguss|84\/100\n|-unboost|p2a: Amoonguss|spa|1\n|move|p2a: Amoonguss|Spore|p1a: Ribombee\n|-status|p1a: Ribombee|slp|[from] move: Spore\n|\n|-heal|p1a: Ribombee|29\/100 slp|[from] item: Leftovers\n|upkeep\n|turn|28\n|\n|t:|1700388324\n|cant|p1a: Ribombee|slp\n|move|p2a: Amoonguss|Sludge Bomb|p1a: Ribombee\n|-supereffective|p1a: Ribombee\n|-damage|p1a: Ribombee|0 fnt\n|faint|p1a: Ribombee\n|\n|upkeep\n|\n|t:|1700388332\n|switch|p1a: Beedrill|Beedrill-Mega, M|80\/100\n|turn|29\n|\n|t:|1700388339\n|move|p1a: Beedrill|U-turn|p2a: Amoonguss\n|-damage|p2a: Amoonguss|44\/100\n|\n|t:|1700388347\n|switch|p1a: Cyclizar|Cyclizar, M, tera:Fairy|99\/100|[from] U-turn\n|move|p2a: Amoonguss|Spore|p1a: Cyclizar\n|-status|p1a: Cyclizar|slp|[from] move: Spore\n|\n|upkeep\n|turn|30\n|\n|t:|1700388356\n|switch|p2a: Slowbro|Slowbro, M|62\/100\n|cant|p1a: Cyclizar|slp\n|\n|-heal|p2a: Slowbro|68\/100|[from] item: Leftovers\n|upkeep\n|turn|31\n|\n|t:|1700388364\n|cant|p1a: Cyclizar|slp\n|move|p2a: Slowbro|Future Sight|p1a: Cyclizar\n|-start|p2a: Slowbro|move: Future Sight\n|\n|-heal|p2a: Slowbro|74\/100|[from] item: Leftovers\n|upkeep\n|turn|32\n|\n|t:|1700388371\n|-curestatus|p1a: Cyclizar|slp|[msg]\n|move|p1a: Cyclizar|Knock Off|p2a: Slowbro\n|-supereffective|p2a: Slowbro\n|-damage|p2a: Slowbro|50\/100\n|-enditem|p2a: Slowbro|Leftovers|[from] move: Knock Off|[of] p1a: Cyclizar\n|move|p2a: Slowbro|Teleport|p2a: Slowbro\n|\n|t:|1700388373\n|switch|p2a: Amoonguss|Amoonguss, M|78\/100|[from] Teleport\n|\n|upkeep\n|turn|33\n|\n|t:|1700388382\n|move|p1a: Cyclizar|Taunt|p2a: Amoonguss\n|-start|p2a: Amoonguss|move: Taunt\n|cant|p2a: Amoonguss|move: Taunt|Spore\n|\n|-end|p1a: Cyclizar|move: Future Sight\n|-damage|p1a: Cyclizar|53\/100\n|upkeep\n|turn|34\n|\n|t:|1700388391\n|move|p1a: Cyclizar|Knock Off|p2a: Amoonguss\n|-damage|p2a: Amoonguss|66\/100\n|move|p2a: Amoonguss|Sludge Bomb|p1a: Cyclizar\n|-supereffective|p1a: Cyclizar\n|-damage|p1a: Cyclizar|0 fnt\n|faint|p1a: Cyclizar\n|\n|upkeep\n|\n|t:|1700388400\n|switch|p1a: Zapdos|Zapdos|100\/100\n|turn|35\n|\n|t:|1700388403\n|switch|p2a: Gastrodon|Gastrodon-East, F|72\/100 par\n|move|p1a: Zapdos|Heat Wave|p2a: Gastrodon\n|-resisted|p2a: Gastrodon\n|-damage|p2a: Gastrodon|60\/100 par\n|\n|upkeep\n|turn|36\n|\n|t:|1700388412\n|switch|p1a: Alomomola|Alomomola, M|100\/100\n|move|p2a: Gastrodon|Recover|p2a: Gastrodon\n|-heal|p2a: Gastrodon|100\/100 par\n|\n|upkeep\n|turn|37\n|\n|t:|1700388421\n|move|p1a: Alomomola|Wish|p1a: Alomomola\n|move|p2a: Gastrodon|Yawn|p1a: Alomomola\n|-start|p1a: Alomomola|move: Yawn|[of] p2a: Gastrodon\n|\n|upkeep\n|turn|38\n|\n|t:|1700388426\n|switch|p1a: Beedrill|Beedrill-Mega, M|80\/100\n|move|p2a: Gastrodon|Scald|p1a: Beedrill\n|-damage|p1a: Beedrill|38\/100\n|\n|-heal|p1a: Beedrill|100\/100|[from] move: Wish|[wisher] Alomomola\n|upkeep\n|turn|39\n|\n|t:|1700388438\n|move|p1a: Beedrill|U-turn|p2a: Gastrodon\n|-damage|p2a: Gastrodon|57\/100 par\n|\n|t:|1700388441\n|switch|p1a: Zapdos|Zapdos|100\/100|[from] U-turn\n|move|p2a: Gastrodon|Yawn|p1a: Zapdos\n|-start|p1a: Zapdos|move: Yawn|[of] p2a: Gastrodon\n|\n|upkeep\n|turn|40\n|\n|t:|1700388449\n|switch|p1a: Beedrill|Beedrill-Mega, M|100\/100\n|move|p2a: Gastrodon|Scald|p1a: Beedrill\n|-damage|p1a: Beedrill|59\/100\n|\n|upkeep\n|turn|41\n|\n|t:|1700388463\n|move|p1a: Beedrill|Poison Jab|p2a: Gastrodon\n|-resisted|p2a: Gastrodon\n|-damage|p2a: Gastrodon|33\/100 par\n|move|p2a: Gastrodon|Recover|p2a: Gastrodon\n|-heal|p2a: Gastrodon|84\/100 par\n|\n|upkeep\n|turn|42\n|\n|t:|1700388471\n|move|p1a: Beedrill|U-turn|p2a: Gastrodon\n|-damage|p2a: Gastrodon|42\/100 par\n|\n|t:|1700388474\n|switch|p1a: Alomomola|Alomomola, M|100\/100|[from] U-turn\n|cant|p2a: Gastrodon|par\n|\n|upkeep\n|turn|43\n|\n|t:|1700388481\n|move|p1a: Alomomola|Wish|p1a: Alomomola\n|cant|p2a: Gastrodon|par\n|\n|upkeep\n|turn|44\n|\n|t:|1700388486\n|switch|p1a: Beedrill|Beedrill-Mega, M|59\/100\n|cant|p2a: Gastrodon|par\n|\n|-heal|p1a: Beedrill|100\/100|[from] move: Wish|[wisher] Alomomola\n|upkeep\n|turn|45\n|\n|t:|1700388495\n|move|p1a: Beedrill|U-turn|p2a: Gastrodon\n|-damage|p2a: Gastrodon|4\/100 par\n|\n|t:|1700388500\n|switch|p1a: Zapdos|Zapdos|100\/100|[from] U-turn\n|move|p2a: Gastrodon|Yawn|p1a: Zapdos\n|-start|p1a: Zapdos|move: Yawn|[of] p2a: Gastrodon\n|\n|upkeep\n|turn|46\n|\n|t:|1700388516\n|move|p1a: Zapdos|Heat Wave|p2a: Gastrodon\n|-resisted|p2a: Gastrodon\n|-damage|p2a: Gastrodon|0 fnt\n|faint|p2a: Gastrodon\n|\n|-end|p1a: Zapdos|move: Yawn|[silent]\n|-status|p1a: Zapdos|slp\n|upkeep\n|\n|t:|1700388526\n|switch|p2a: Conkeldurr|Conkeldurr, M|52\/100 tox\n|turn|47\n|\n|t:|1700388530\n|cant|p1a: Zapdos|slp\n|move|p2a: Conkeldurr|Ice Punch|p1a: Zapdos\n|-supereffective|p1a: Zapdos\n|-damage|p1a: Zapdos|39\/100 slp\n|\n|-damage|p2a: Conkeldurr|46\/100 tox|[from] psn\n|upkeep\n|turn|48\n|\n|t:|1700388539\n|switch|p1a: Alomomola|Alomomola, M|100\/100\n|move|p2a: Conkeldurr|Drain Punch|p1a: Alomomola\n|-damage|p1a: Alomomola|47\/100\n|-heal|p2a: Conkeldurr|81\/100 tox|[from] drain|[of] p1a: Alomomola\n|\n|-heal|p1a: Alomomola|53\/100|[from] item: Leftovers\n|-damage|p2a: Conkeldurr|69\/100 tox|[from] psn\n|upkeep\n|turn|49\n|\n|t:|1700388550\n|move|p1a: Alomomola|Protect|p1a: Alomomola\n|-singleturn|p1a: Alomomola|Protect\n|move|p2a: Conkeldurr|Knock Off|p1a: Alomomola\n|-activate|p1a: Alomomola|move: Protect\n|\n|-heal|p1a: Alomomola|59\/100|[from] item: Leftovers\n|-damage|p2a: Conkeldurr|50\/100 tox|[from] psn\n|upkeep\n|turn|50\n|\n|t:|1700388560\n|move|p1a: Alomomola|Flip Turn|p2a: Conkeldurr\n|-damage|p2a: Conkeldurr|37\/100 tox\n|\n|t:|1700388563\n|switch|p1a: Zapdos|Zapdos|39\/100 slp|[from] Flip Turn\n|move|p2a: Conkeldurr|Drain Punch|p1a: Zapdos\n|-resisted|p1a: Zapdos\n|-damage|p1a: Zapdos|15\/100 slp\n|-heal|p2a: Conkeldurr|49\/100 tox|[from] drain|[of] p1a: Zapdos\n|\n|-damage|p2a: Conkeldurr|25\/100 tox|[from] psn\n|upkeep\n|turn|51\n|\n|t:|1700388574\n|cant|p1a: Zapdos|slp\n|move|p2a: Conkeldurr|Drain Punch|p1a: Zapdos\n|-resisted|p1a: Zapdos\n|-damage|p1a: Zapdos|0 fnt\n|-heal|p2a: Conkeldurr|31\/100 tox|[from] drain|[of] p1a: Zapdos\n|faint|p1a: Zapdos\n|\n|-damage|p2a: Conkeldurr|1\/100 tox|[from] psn\n|upkeep\n|\n|t:|1700388585\n|switch|p1a: Beedrill|Beedrill-Mega, M|100\/100\n|turn|52\n|\n|t:|1700388590\n|switch|p2a: Amoonguss|Amoonguss, M|99\/100\n|move|p1a: Beedrill|Fell Stinger|p2a: Amoonguss\n|-damage|p2a: Amoonguss|71\/100\n|\n|upkeep\n|turn|53\n|\n|t:|1700388597\n|move|p1a: Beedrill|U-turn|p2a: Amoonguss\n|-damage|p2a: Amoonguss|28\/100\n|\n|t:|1700388600\n|switch|p1a: Alomomola|Alomomola, M|92\/100|[from] U-turn\n|move|p2a: Amoonguss|Spore|p1a: Alomomola\n|-status|p1a: Alomomola|slp|[from] move: Spore\n|\n|-heal|p1a: Alomomola|98\/100 slp|[from] item: Leftovers\n|upkeep\n|turn|54\n|\n|t:|1700388610\n|switch|p1a: Beedrill|Beedrill-Mega, M|100\/100\n|move|p2a: Amoonguss|Giga Drain|p1a: Beedrill\n|-resisted|p1a: Beedrill\n|-damage|p1a: Beedrill|92\/100\n|-heal|p2a: Amoonguss|31\/100|[from] drain|[of] p1a: Beedrill\n|\n|upkeep\n|turn|55\n|\n|t:|1700388626\n|move|p1a: Beedrill|Fell Stinger|p2a: Amoonguss\n|-damage|p2a: Amoonguss|0 fnt\n|faint|p2a: Amoonguss\n|-boost|p1a: Beedrill|atk|3\n|\n|upkeep\n|\n|t:|1700388637\n|switch|p2a: Slowbro|Slowbro, M|84\/100\n|turn|56\n|\n|t:|1700388646\n|move|p1a: Beedrill|Fell Stinger|p2a: Slowbro\n|-supereffective|p2a: Slowbro\n|-damage|p2a: Slowbro|0 fnt\n|faint|p2a: Slowbro\n|-boost|p1a: Beedrill|atk|3\n|\n|upkeep\n|-message|Te matcha forfeited.\n|\n|win|stroung tiger\n|raw|stroung tiger's rating: 1374 &rarr; <strong>1395<\/strong><br \/>(+21 for winning)\n|raw|Te matcha's rating: 1384 &rarr; <strong>1363<\/strong><br \/>(-21 for losing)\n|l|\u2606Te matcha\n","uploadtime":1700388677,"views":7,"p1id":"stroungtiger","p2id":"tematcha","formatid":"gen9nationaldex","rating":1363,"private":0,"password":""}