{"id":"gen9nationaldex-1990555556","p1":"ordja2","p2":"elvisma","format":"[Gen 9] National Dex","log":"|j|\u2606ordja2\n|j|\u2606elvisma\n|t:|1699981091\n|gametype|singles\n|player|p1|ordja2|170|1727\n|player|p2|elvisma|red-masters|1720\n|teamsize|p1|6\n|teamsize|p2|6\n|gen|9\n|tier|[Gen 9] National Dex\n|rated|\n|rule|HP Percentage Mod: HP is shown in percentages\n|rule|Endless Battle Clause: Forcing endless battles is banned\n|rule|OHKO Clause: OHKO moves are banned\n|rule|Evasion Clause: Evasion abilities, items, and moves are banned\n|rule|Evasion Abilities Clause: Evasion abilities are banned\n|rule|Evasion Items Clause: Evasion items are banned\n|rule|Evasion Moves Clause: Evasion moves are banned\n|rule|Species Clause: Limit one of each Pok\u00e9mon\n|rule|Sleep Clause Mod: Limit one foe put to sleep\n|clearpoke\n|poke|p1|Garchomp, F|\n|poke|p1|Ogerpon-Wellspring, F|\n|poke|p1|Dondozo, F|\n|poke|p1|Darmanitan, M|\n|poke|p1|Zapdos|\n|poke|p1|Chansey, F|\n|poke|p2|Azelf|\n|poke|p2|Charizard, F|\n|poke|p2|Ribombee, F|\n|poke|p2|Great Tusk|\n|poke|p2|Ogerpon-Wellspring, F|\n|poke|p2|Victini|\n|teampreview\n|inactive|Battle timer is ON: inactive players will automatically lose when time's up. (requested by ordja2)\n|\n|t:|1699981132\n|start\n|switch|p1a: Zapdos|Zapdos|100\/100\n|switch|p2a: ampheros|Charizard, F|100\/100\n|turn|1\n|c|\u2606elvisma|ampheros\n|\n|t:|1699981148\n|switch|p1a: Chansey|Chansey, F|100\/100\n|detailschange|p2a: ampheros|Charizard-Mega-X, F\n|-mega|p2a: ampheros|Charizard|Charizardite X\n|move|p2a: ampheros|Dragon Dance|p2a: ampheros\n|-boost|p2a: ampheros|atk|1\n|-boost|p2a: ampheros|spe|1\n|\n|upkeep\n|turn|2\n|\n|t:|1699981155\n|switch|p1a: Dondozo|Dondozo, F|100\/100\n|move|p2a: ampheros|Dragon Dance|p2a: ampheros\n|-boost|p2a: ampheros|atk|1\n|-boost|p2a: ampheros|spe|1\n|\n|upkeep\n|turn|3\n|\n|t:|1699981161\n|switch|p2a: pls dont u-turn|Azelf|100\/100\n|move|p1a: Dondozo|Curse|p1a: Dondozo\n|-unboost|p1a: Dondozo|spe|1\n|-boost|p1a: Dondozo|atk|1\n|-boost|p1a: Dondozo|def|1\n|\n|upkeep\n|turn|4\n|\n|t:|1699981167\n|move|p2a: pls dont u-turn|Thunderbolt|p1a: Dondozo\n|-supereffective|p1a: Dondozo\n|-damage|p1a: Dondozo|47\/100\n|move|p1a: Dondozo|Wave Crash|p2a: pls dont u-turn\n|-damage|p2a: pls dont u-turn|0 fnt\n|faint|p2a: pls dont u-turn\n|-damage|p1a: Dondozo|27\/100|[from] Recoil\n|\n|-heal|p1a: Dondozo|34\/100|[from] item: Leftovers\n|upkeep\n|\n|t:|1699981176\n|switch|p2a: touchgrassdrinkH2O|Ogerpon-Wellspring, F|100\/100\n|turn|5\n|\n|t:|1699981188\n|switch|p1a: Darmanitan|Darmanitan, M|100\/100\n|move|p2a: touchgrassdrinkH2O|Swords Dance|p2a: touchgrassdrinkH2O\n|-boost|p2a: touchgrassdrinkH2O|atk|2\n|\n|upkeep\n|turn|6\n|\n|t:|1699981195\n|switch|p2a: ampheros|Charizard-Mega-X, F|100\/100\n|move|p1a: Darmanitan|Flare Blitz|p2a: ampheros\n|-resisted|p2a: ampheros\n|-damage|p2a: ampheros|75\/100\n|-damage|p1a: Darmanitan|93\/100|[from] Recoil\n|\n|upkeep\n|turn|7\n|\n|t:|1699981203\n|switch|p1a: Chansey|Chansey, F|100\/100\n|switch|p2a: touchgrassdrinkH2O|Ogerpon-Wellspring, F|100\/100\n|\n|upkeep\n|turn|8\n|\n|t:|1699981209\n|move|p2a: touchgrassdrinkH2O|Swords Dance|p2a: touchgrassdrinkH2O\n|-boost|p2a: touchgrassdrinkH2O|atk|2\n|move|p1a: Chansey|Toxic|p2a: touchgrassdrinkH2O\n|-status|p2a: touchgrassdrinkH2O|tox\n|\n|-damage|p2a: touchgrassdrinkH2O|95\/100 tox|[from] psn\n|upkeep\n|turn|9\n|\n|t:|1699981218\n|move|p2a: touchgrassdrinkH2O|Horn Leech|p1a: Chansey\n|-damage|p1a: Chansey|43\/100\n|-heal|p2a: touchgrassdrinkH2O|100\/100 tox|[from] drain|[of] p1a: Chansey\n|move|p1a: Chansey|Wish|p1a: Chansey\n|\n|-damage|p2a: touchgrassdrinkH2O|89\/100 tox|[from] psn\n|upkeep\n|turn|10\n|\n|t:|1699981227\n|switch|p1a: Ogerpon|Ogerpon-Wellspring, F|100\/100\n|move|p2a: touchgrassdrinkH2O|Swords Dance|p2a: touchgrassdrinkH2O\n|-boost|p2a: touchgrassdrinkH2O|atk|2\n|\n|-damage|p2a: touchgrassdrinkH2O|71\/100 tox|[from] psn\n|upkeep\n|turn|11\n|\n|t:|1699981237\n|move|p2a: touchgrassdrinkH2O|Horn Leech|p1a: Ogerpon\n|-damage|p1a: Ogerpon|0 fnt\n|-heal|p2a: touchgrassdrinkH2O|100\/100 tox|[from] drain|[of] p1a: Ogerpon\n|faint|p1a: Ogerpon\n|\n|-damage|p2a: touchgrassdrinkH2O|77\/100 tox|[from] psn\n|upkeep\n|\n|t:|1699981244\n|switch|p1a: Garchomp|Garchomp, F|100\/100\n|turn|12\n|\n|t:|1699981251\n|move|p1a: Garchomp|Outrage|p2a: touchgrassdrinkH2O\n|-damage|p2a: touchgrassdrinkH2O|0 fnt\n|faint|p2a: touchgrassdrinkH2O\n|\n|upkeep\n|\n|t:|1699981255\n|switch|p2a: ZA BEE|Ribombee, F|100\/100\n|turn|13\n|\n|t:|1699981260\n|move|p1a: Garchomp|Outrage|p2a: ZA BEE|[from]lockedmove\n|-immune|p2a: ZA BEE\n|move|p2a: ZA BEE|Moonblast|p1a: Garchomp\n|-supereffective|p1a: Garchomp\n|-damage|p1a: Garchomp|1\/100\n|-unboost|p1a: Garchomp|spa|1\n|\n|upkeep\n|turn|14\n|\n|t:|1699981269\n|switch|p1a: Chansey|Chansey, F|43\/100\n|switch|p2a: TUSK SWEEP|Great Tusk|100\/100\n|-enditem|p2a: TUSK SWEEP|Booster Energy\n|-activate|p2a: TUSK SWEEP|ability: Protosynthesis|[fromitem]\n|-start|p2a: TUSK SWEEP|protosynthesisatk\n|\n|upkeep\n|turn|15\n|\n|t:|1699981289\n|move|p2a: TUSK SWEEP|Rapid Spin|p1a: Chansey\n|-damage|p1a: Chansey|28\/100\n|-boost|p2a: TUSK SWEEP|spe|1\n|move|p1a: Chansey|Wish|p1a: Chansey\n|\n|upkeep\n|turn|16\n|\n|t:|1699981300\n|switch|p1a: Zapdos|Zapdos|100\/100\n|-terastallize|p2a: TUSK SWEEP|Ice\n|move|p2a: TUSK SWEEP|Ice Spinner|p1a: Zapdos\n|-supereffective|p1a: Zapdos\n|-damage|p1a: Zapdos|0 fnt\n|faint|p1a: Zapdos\n|\n|upkeep\n|\n|t:|1699981311\n|switch|p1a: Dondozo|Dondozo, F|34\/100\n|turn|17\n|\n|t:|1699981315\n|move|p2a: TUSK SWEEP|Close Combat|p1a: Dondozo\n|-damage|p1a: Dondozo|0 fnt\n|-unboost|p2a: TUSK SWEEP|def|1\n|-unboost|p2a: TUSK SWEEP|spd|1\n|faint|p1a: Dondozo\n|\n|upkeep\n|\n|t:|1699981325\n|switch|p1a: Garchomp|Garchomp, F|1\/100\n|turn|18\n|\n|t:|1699981330\n|move|p1a: Garchomp|Outrage|p2a: TUSK SWEEP\n|-damage|p2a: TUSK SWEEP|27\/100\n|move|p2a: TUSK SWEEP|Rapid Spin|p1a: Garchomp\n|-damage|p1a: Garchomp|0 fnt\n|-boost|p2a: TUSK SWEEP|spe|1\n|-damage|p2a: TUSK SWEEP|14\/100|[from] ability: Rough Skin|[of] p1a: Garchomp\n|faint|p1a: Garchomp\n|\n|upkeep\n|\n|t:|1699981338\n|switch|p1a: Darmanitan|Darmanitan, M|93\/100\n|turn|19\n|\n|t:|1699981342\n|move|p2a: TUSK SWEEP|Headlong Rush|p1a: Darmanitan\n|-supereffective|p1a: Darmanitan\n|-damage|p1a: Darmanitan|0 fnt\n|-unboost|p2a: TUSK SWEEP|def|1\n|-unboost|p2a: TUSK SWEEP|spd|1\n|faint|p1a: Darmanitan\n|\n|upkeep\n|-message|ordja2 forfeited.\n|\n|win|elvisma\n|raw|ordja2's rating: 1727 &rarr; <strong>1707<\/strong><br \/>(-20 for losing)\n|raw|elvisma's rating: 1720 &rarr; <strong>1740<\/strong><br \/>(+20 for winning)\n|l|\u2606ordja2\n","uploadtime":1699981361,"views":3,"p1id":"ordja2","p2id":"elvisma","formatid":"gen9nationaldex","rating":1707,"private":0,"password":""}