{"id":"gen9nationaldex-1990026355","p1":"camfre10","p2":"JogadorCaro","format":"[Gen 9] National Dex","log":"|j|\u2606camfre10\n|j|\u2606JogadorCaro\n|t:|1699916699\n|gametype|singles\n|player|p1|camfre10|grimsley|1688\n|player|p2|JogadorCaro|tate|1719\n|teamsize|p1|6\n|teamsize|p2|6\n|gen|9\n|tier|[Gen 9] National Dex\n|rated|\n|rule|HP Percentage Mod: HP is shown in percentages\n|rule|Endless Battle Clause: Forcing endless battles is banned\n|rule|OHKO Clause: OHKO moves are banned\n|rule|Evasion Clause: Evasion abilities, items, and moves are banned\n|rule|Evasion Abilities Clause: Evasion abilities are banned\n|rule|Evasion Items Clause: Evasion items are banned\n|rule|Evasion Moves Clause: Evasion moves are banned\n|rule|Species Clause: Limit one of each Pok\u00e9mon\n|rule|Sleep Clause Mod: Limit one foe put to sleep\n|clearpoke\n|poke|p1|Reuniclus, F|\n|poke|p1|Zamazenta-*|\n|poke|p1|Blissey, F|\n|poke|p1|Mandibuzz, F|\n|poke|p1|Porygon-Z|\n|poke|p1|Venusaur, M|\n|poke|p2|Garganacl, F|\n|poke|p2|Zamazenta-*|\n|poke|p2|Volcarona, F|\n|poke|p2|Hoopa-Unbound|\n|poke|p2|Dondozo, M|\n|poke|p2|Rotom-Wash|\n|teampreview\n|inactive|Battle timer is ON: inactive players will automatically lose when time's up. (requested by camfre10)\n|c|\u2606JogadorCaro|Hello!\n|\n|t:|1699916714\n|start\n|switch|p1a: Venusaur|Venusaur, M|100\/100\n|switch|p2a: mulher|Rotom-Wash|100\/100\n|turn|1\n|j| hainiumm\n|\n|t:|1699916723\n|switch|p2a: Endeavor|Volcarona, F|100\/100\n|detailschange|p1a: Venusaur|Venusaur-Mega, M\n|-mega|p1a: Venusaur|Venusaur|Venusaurite\n|move|p1a: Venusaur|Giga Drain|p2a: Endeavor\n|-resisted|p2a: Endeavor\n|-damage|p2a: Endeavor|92\/100\n|\n|upkeep\n|turn|2\n|\n|t:|1699916730\n|move|p2a: Endeavor|Quiver Dance|p2a: Endeavor\n|-boost|p2a: Endeavor|spa|1\n|-boost|p2a: Endeavor|spd|1\n|-boost|p2a: Endeavor|spe|1\n|move|p1a: Venusaur|Sludge Bomb|p2a: Endeavor\n|-damage|p2a: Endeavor|66\/100\n|\n|upkeep\n|turn|3\n|\n|t:|1699916736\n|switch|p1a: Blissey|Blissey, F|100\/100\n|move|p2a: Endeavor|Bug Buzz|p1a: Blissey\n|-damage|p1a: Blissey|78\/100\n|\n|-heal|p1a: Blissey|84\/100|[from] item: Leftovers\n|upkeep\n|turn|4\n|\n|t:|1699916744\n|move|p2a: Endeavor|Bug Buzz|p1a: Blissey\n|-damage|p1a: Blissey|60\/100\n|move|p1a: Blissey|Seismic Toss|p2a: Endeavor\n|-damage|p2a: Endeavor|34\/100\n|\n|-heal|p1a: Blissey|66\/100|[from] item: Leftovers\n|upkeep\n|turn|5\n|\n|t:|1699916752\n|switch|p2a: Toji|Zamazenta|100\/100\n|-ability|p2a: Toji|Dauntless Shield|boost\n|-boost|p2a: Toji|def|1\n|move|p1a: Blissey|Calm Mind|p1a: Blissey\n|-boost|p1a: Blissey|spa|1\n|-boost|p1a: Blissey|spd|1\n|\n|-heal|p1a: Blissey|72\/100|[from] item: Leftovers\n|upkeep\n|turn|6\n|\n|t:|1699916760\n|move|p1a: Blissey|Protect|p1a: Blissey\n|-singleturn|p1a: Blissey|Protect\n|move|p2a: Toji|Close Combat|p1a: Blissey\n|-activate|p1a: Blissey|move: Protect\n|\n|-heal|p1a: Blissey|78\/100|[from] item: Leftovers\n|upkeep\n|turn|7\n|\n|t:|1699916768\n|switch|p2a: Mahoraga|Garganacl, F|100\/100\n|switch|p1a: Venusaur|Venusaur-Mega, M|100\/100\n|\n|upkeep\n|turn|8\n|\n|t:|1699916774\n|switch|p2a: Endeavor|Volcarona, F|34\/100\n|move|p1a: Venusaur|Work Up|p1a: Venusaur\n|-boost|p1a: Venusaur|atk|1\n|-boost|p1a: Venusaur|spa|1\n|\n|upkeep\n|turn|9\n|\n|t:|1699916780\n|move|p2a: Endeavor|Fiery Dance|p1a: Venusaur\n|-supereffective|p1a: Venusaur\n|-damage|p1a: Venusaur|69\/100\n|-boost|p2a: Endeavor|spa|1\n|move|p1a: Venusaur|Sludge Bomb|p2a: Endeavor\n|-damage|p2a: Endeavor|0 fnt\n|faint|p2a: Endeavor\n|\n|upkeep\n|j| trashmax\n|\n|t:|1699916785\n|switch|p2a: Agito|Hoopa-Unbound|100\/100\n|turn|10\n|\n|t:|1699916791\n|switch|p1a: Mandibuzz|Mandibuzz, F|100\/100\n|move|p2a: Agito|Psychic|p1a: Mandibuzz\n|-immune|p1a: Mandibuzz\n|\n|upkeep\n|turn|11\n|\n|t:|1699916798\n|switch|p2a: Mahoraga|Garganacl, F|100\/100\n|move|p1a: Mandibuzz|Toxic|p2a: Mahoraga\n|-immune|p2a: Mahoraga|[from] ability: Purifying Salt\n|\n|upkeep\n|turn|12\n|\n|t:|1699916808\n|switch|p1a: Blissey|Blissey, F|78\/100\n|move|p2a: Mahoraga|Salt Cure|p1a: Blissey\n|-damage|p1a: Blissey|62\/100\n|-start|p1a: Blissey|Salt Cure\n|\n|-heal|p1a: Blissey|68\/100|[from] item: Leftovers\n|-damage|p1a: Blissey|56\/100|[from] Salt Cure\n|upkeep\n|turn|13\n|\n|t:|1699916815\n|move|p1a: Blissey|Wish|p1a: Blissey\n|move|p2a: Mahoraga|Body Press|p1a: Blissey\n|-supereffective|p1a: Blissey\n|-damage|p1a: Blissey|0 fnt\n|faint|p1a: Blissey\n|\n|upkeep\n|\n|t:|1699916820\n|switch|p1a: Venusaur|Venusaur-Mega, M|69\/100\n|turn|14\n|\n|t:|1699916825\n|switch|p2a: Agito|Hoopa-Unbound|100\/100\n|move|p1a: Venusaur|Work Up|p1a: Venusaur\n|-boost|p1a: Venusaur|atk|1\n|-boost|p1a: Venusaur|spa|1\n|\n|-heal|p1a: Venusaur|100\/100|[from] move: Wish|[wisher] Blissey\n|upkeep\n|turn|15\n|\n|t:|1699916833\n|move|p2a: Agito|Psychic|p1a: Venusaur\n|-supereffective|p1a: Venusaur\n|-damage|p1a: Venusaur|0 fnt\n|faint|p1a: Venusaur\n|\n|upkeep\n|\n|t:|1699916838\n|switch|p1a: Zamazenta|Zamazenta|100\/100\n|-ability|p1a: Zamazenta|Dauntless Shield|boost\n|-boost|p1a: Zamazenta|def|1\n|turn|16\n|\n|t:|1699916862\n|-terastallize|p2a: Agito|Poison\n|move|p1a: Zamazenta|Close Combat|p2a: Agito\n|-resisted|p2a: Agito\n|-damage|p2a: Agito|28\/100\n|-unboost|p1a: Zamazenta|def|1\n|-unboost|p1a: Zamazenta|spd|1\n|-damage|p1a: Zamazenta|91\/100|[from] item: Life Orb\n|move|p2a: Agito|Psychic|p1a: Zamazenta\n|-supereffective|p1a: Zamazenta\n|-damage|p1a: Zamazenta|0 fnt\n|faint|p1a: Zamazenta\n|\n|upkeep\n|l| hainiumm\n|\n|t:|1699916872\n|switch|p1a: Porygon-Z|Porygon-Z|100\/100\n|-ability|p1a: Porygon-Z|Download|boost\n|-boost|p1a: Porygon-Z|atk|1\n|turn|17\n|\n|t:|1699916881\n|switch|p2a: mulher|Rotom-Wash|100\/100\n|-terastallize|p1a: Porygon-Z|Normal\n|move|p1a: Porygon-Z|Tri Attack|p2a: mulher\n|-damage|p2a: mulher|54\/100\n|-status|p2a: mulher|frz\n|\n|-heal|p2a: mulher|60\/100 frz|[from] item: Leftovers\n|upkeep\n|turn|18\n|\n|t:|1699916890\n|move|p1a: Porygon-Z|Tri Attack|p2a: mulher\n|-damage|p2a: mulher|7\/100 frz\n|cant|p2a: mulher|frz\n|\n|-heal|p2a: mulher|13\/100 frz|[from] item: Leftovers\n|upkeep\n|turn|19\n|l| trashmax\n|\n|t:|1699916896\n|move|p1a: Porygon-Z|Tri Attack|p2a: mulher\n|-damage|p2a: mulher|0 fnt\n|faint|p2a: mulher\n|\n|upkeep\n|\n|t:|1699916901\n|switch|p2a: Mahoraga|Garganacl, F|100\/100\n|turn|20\n|\n|t:|1699916903\n|switch|p1a: Reuniclus|Reuniclus, F|100\/100\n|move|p2a: Mahoraga|Body Press|p1a: Reuniclus\n|-resisted|p1a: Reuniclus\n|-damage|p1a: Reuniclus|90\/100\n|-damage|p2a: Mahoraga|84\/100|[from] item: Rocky Helmet|[of] p1a: Reuniclus\n|\n|-heal|p2a: Mahoraga|90\/100|[from] item: Leftovers\n|upkeep\n|turn|21\n|\n|t:|1699916912\n|switch|p2a: Bale\u00e3o|Dondozo, M|100\/100\n|move|p1a: Reuniclus|Psyshock|p2a: Bale\u00e3o\n|-damage|p2a: Bale\u00e3o|81\/100\n|\n|-heal|p2a: Bale\u00e3o|87\/100|[from] item: Leftovers\n|upkeep\n|turn|22\n|\n|t:|1699916920\n|switch|p1a: Porygon-Z|Porygon-Z, tera:Normal|100\/100\n|-ability|p1a: Porygon-Z|Download|boost\n|-boost|p1a: Porygon-Z|spa|1\n|move|p2a: Bale\u00e3o|Curse|p2a: Bale\u00e3o\n|-unboost|p2a: Bale\u00e3o|spe|1\n|-boost|p2a: Bale\u00e3o|atk|1\n|-boost|p2a: Bale\u00e3o|def|1\n|\n|-heal|p2a: Bale\u00e3o|93\/100|[from] item: Leftovers\n|upkeep\n|turn|23\n|\n|t:|1699916930\n|move|p1a: Porygon-Z|Thunderbolt|p2a: Bale\u00e3o\n|-supereffective|p2a: Bale\u00e3o\n|-damage|p2a: Bale\u00e3o|50\/100\n|move|p2a: Bale\u00e3o|Wave Crash|p1a: Porygon-Z\n|-damage|p1a: Porygon-Z|3\/100\n|-damage|p2a: Bale\u00e3o|30\/100|[from] Recoil\n|\n|-heal|p2a: Bale\u00e3o|36\/100|[from] item: Leftovers\n|upkeep\n|turn|24\n|\n|t:|1699916938\n|move|p1a: Porygon-Z|Thunderbolt|p2a: Bale\u00e3o\n|-supereffective|p2a: Bale\u00e3o\n|-damage|p2a: Bale\u00e3o|0 fnt\n|faint|p2a: Bale\u00e3o\n|\n|upkeep\n|\n|t:|1699916943\n|switch|p2a: Toji|Zamazenta|100\/100\n|turn|25\n|\n|t:|1699916946\n|switch|p1a: Mandibuzz|Mandibuzz, F|100\/100\n|move|p2a: Toji|Wild Charge|p1a: Mandibuzz\n|-supereffective|p1a: Mandibuzz\n|-damage|p1a: Mandibuzz|49\/100\n|-damage|p2a: Toji|84\/100|[from] item: Rocky Helmet|[of] p1a: Mandibuzz\n|-damage|p2a: Toji|67\/100|[from] Recoil\n|\n|upkeep\n|turn|26\n|\n|t:|1699916955\n|switch|p1a: Reuniclus|Reuniclus, F|90\/100\n|move|p2a: Toji|Wild Charge|p1a: Reuniclus\n|-damage|p1a: Reuniclus|56\/100\n|-damage|p2a: Toji|50\/100|[from] item: Rocky Helmet|[of] p1a: Reuniclus\n|-damage|p2a: Toji|39\/100|[from] Recoil\n|\n|upkeep\n|turn|27\n|\n|t:|1699916963\n|switch|p2a: Mahoraga|Garganacl, F|90\/100\n|move|p1a: Reuniclus|Psyshock|p2a: Mahoraga\n|-damage|p2a: Mahoraga|74\/100\n|\n|-heal|p2a: Mahoraga|80\/100|[from] item: Leftovers\n|upkeep\n|turn|28\n|\n|t:|1699916971\n|move|p1a: Reuniclus|Recover|p1a: Reuniclus\n|-heal|p1a: Reuniclus|100\/100\n|move|p2a: Mahoraga|Salt Cure|p1a: Reuniclus\n|-damage|p1a: Reuniclus|90\/100\n|-start|p1a: Reuniclus|Salt Cure\n|\n|-heal|p2a: Mahoraga|86\/100|[from] item: Leftovers\n|upkeep\n|turn|29\n|\n|t:|1699916979\n|move|p1a: Reuniclus|Thunder|p2a: Mahoraga|[miss]\n|-miss|p1a: Reuniclus|p2a: Mahoraga\n|move|p2a: Mahoraga|Iron Defense|p2a: Mahoraga\n|-boost|p2a: Mahoraga|def|2\n|\n|-heal|p2a: Mahoraga|92\/100|[from] item: Leftovers\n|upkeep\n|turn|30\n|\n|t:|1699916986\n|move|p1a: Reuniclus|Calm Mind|p1a: Reuniclus\n|-boost|p1a: Reuniclus|spa|1\n|-boost|p1a: Reuniclus|spd|1\n|move|p2a: Mahoraga|Iron Defense|p2a: Mahoraga\n|-boost|p2a: Mahoraga|def|2\n|\n|-heal|p2a: Mahoraga|99\/100|[from] item: Leftovers\n|upkeep\n|turn|31\n|\n|t:|1699916992\n|move|p1a: Reuniclus|Calm Mind|p1a: Reuniclus\n|-boost|p1a: Reuniclus|spa|1\n|-boost|p1a: Reuniclus|spd|1\n|move|p2a: Mahoraga|Iron Defense|p2a: Mahoraga\n|-boost|p2a: Mahoraga|def|2\n|\n|-heal|p2a: Mahoraga|100\/100|[from] item: Leftovers\n|upkeep\n|turn|32\n|\n|t:|1699916999\n|move|p1a: Reuniclus|Thunder|p2a: Mahoraga\n|-damage|p2a: Mahoraga|40\/100\n|move|p2a: Mahoraga|Body Press|p1a: Reuniclus\n|-resisted|p1a: Reuniclus\n|-damage|p1a: Reuniclus|48\/100\n|-damage|p2a: Mahoraga|23\/100|[from] item: Rocky Helmet|[of] p1a: Reuniclus\n|\n|-heal|p2a: Mahoraga|29\/100|[from] item: Leftovers\n|upkeep\n|turn|33\n|\n|t:|1699917008\n|move|p1a: Reuniclus|Calm Mind|p1a: Reuniclus\n|-boost|p1a: Reuniclus|spa|1\n|-boost|p1a: Reuniclus|spd|1\n|move|p2a: Mahoraga|Body Press|p1a: Reuniclus\n|-resisted|p1a: Reuniclus\n|-damage|p1a: Reuniclus|7\/100\n|-damage|p2a: Mahoraga|13\/100|[from] item: Rocky Helmet|[of] p1a: Reuniclus\n|\n|-heal|p2a: Mahoraga|19\/100|[from] item: Leftovers\n|upkeep\n|turn|34\n|\n|t:|1699917016\n|move|p1a: Reuniclus|Recover|p1a: Reuniclus\n|-heal|p1a: Reuniclus|57\/100\n|move|p2a: Mahoraga|Body Press|p1a: Reuniclus\n|-resisted|p1a: Reuniclus\n|-damage|p1a: Reuniclus|17\/100\n|-damage|p2a: Mahoraga|2\/100|[from] item: Rocky Helmet|[of] p1a: Reuniclus\n|\n|-heal|p2a: Mahoraga|8\/100|[from] item: Leftovers\n|upkeep\n|turn|35\n|\n|t:|1699917024\n|move|p1a: Reuniclus|Recover|p1a: Reuniclus\n|-heal|p1a: Reuniclus|67\/100\n|move|p2a: Mahoraga|Body Press|p1a: Reuniclus\n|-resisted|p1a: Reuniclus\n|-damage|p1a: Reuniclus|22\/100\n|-damage|p2a: Mahoraga|0 fnt|[from] item: Rocky Helmet|[of] p1a: Reuniclus\n|faint|p2a: Mahoraga\n|\n|upkeep\n|\n|t:|1699917030\n|switch|p2a: Toji|Zamazenta|39\/100\n|turn|36\n|\n|t:|1699917033\n|move|p2a: Toji|Wild Charge|p1a: Reuniclus\n|-damage|p1a: Reuniclus|0 fnt\n|-damage|p2a: Toji|23\/100|[from] item: Rocky Helmet|[of] p1a: Reuniclus\n|faint|p1a: Reuniclus\n|-damage|p2a: Toji|16\/100|[from] Recoil\n|\n|upkeep\n|\n|t:|1699917039\n|switch|p1a: Mandibuzz|Mandibuzz, F|49\/100\n|turn|37\n|\n|t:|1699917043\n|move|p2a: Toji|Wild Charge|p1a: Mandibuzz\n|-supereffective|p1a: Mandibuzz\n|-damage|p1a: Mandibuzz|0 fnt\n|-damage|p2a: Toji|0 fnt|[from] item: Rocky Helmet|[of] p1a: Mandibuzz\n|faint|p1a: Mandibuzz\n|faint|p2a: Toji\n|\n|upkeep\n|\n|t:|1699917049\n|switch|p2a: Agito|Hoopa-Unbound, tera:Poison|28\/100\n|switch|p1a: Porygon-Z|Porygon-Z, tera:Normal|3\/100\n|-ability|p1a: Porygon-Z|Download|boost\n|-boost|p1a: Porygon-Z|atk|1\n|turn|38\n|c|\u2606JogadorCaro|Damn\n|c|\u2606JogadorCaro|so close\n|\n|t:|1699917055\n|move|p1a: Porygon-Z|Tri Attack|p2a: Agito\n|-damage|p2a: Agito|0 fnt\n|faint|p2a: Agito\n|\n|win|camfre10\n|raw|camfre10's rating: 1688 &rarr; <strong>1710<\/strong><br \/>(+22 for winning)\n|raw|JogadorCaro's rating: 1719 &rarr; <strong>1697<\/strong><br \/>(-22 for losing)\n","uploadtime":1699917060,"views":6,"p1id":"camfre10","p2id":"jogadorcaro","formatid":"gen9nationaldex","rating":1697,"private":0,"password":""}