{"id":"gen9nationaldex-1993900801","p1":"meganium THE mega","p2":"jujibalaoshi001","format":"[Gen 9] National Dex","log":"|j|\u2606meganium THE mega\n|j|\u2606jujibalaoshi001\n|t:|1700372388\n|gametype|singles\n|player|p1|meganium THE mega|265|1478\n|player|p2|jujibalaoshi001|hexmaniac-gen6|1505\n|teamsize|p1|6\n|teamsize|p2|6\n|gen|9\n|tier|[Gen 9] National Dex\n|rated|\n|rule|HP Percentage Mod: HP is shown in percentages\n|rule|Endless Battle Clause: Forcing endless battles is banned\n|rule|OHKO Clause: OHKO moves are banned\n|rule|Evasion Clause: Evasion abilities, items, and moves are banned\n|rule|Evasion Abilities Clause: Evasion abilities are banned\n|rule|Evasion Items Clause: Evasion items are banned\n|rule|Evasion Moves Clause: Evasion moves are banned\n|rule|Species Clause: Limit one of each Pok\u00e9mon\n|rule|Sleep Clause Mod: Limit one foe put to sleep\n|clearpoke\n|poke|p1|Sneasler, F|\n|poke|p1|Rotom-Wash|\n|poke|p1|Ferrothorn, M|\n|poke|p1|Heatran, F|\n|poke|p1|Kartana|\n|poke|p1|Dondozo, F|\n|poke|p2|Tapu Lele|\n|poke|p2|Sneasler, M|\n|poke|p2|Polteageist|\n|poke|p2|Torkoal, M|\n|poke|p2|Lilligant-Hisui, F|\n|poke|p2|Cloyster, M|\n|teampreview\n|inactive|Battle timer is ON: inactive players will automatically lose when time's up. (requested by meganium THE mega)\n|\n|t:|1700372400\n|start\n|switch|p1a: Sneasler|Sneasler, F|100\/100\n|switch|p2a: Torkoal|Torkoal, M, shiny|100\/100\n|-weather|SunnyDay|[from] ability: Drought|[of] p2a: Torkoal\n|turn|1\n|\n|t:|1700372409\n|move|p1a: Sneasler|Fake Out|p2a: Torkoal\n|-damage|p2a: Torkoal|92\/100\n|-status|p2a: Torkoal|psn|[from] ability: Poison Touch|[of] p1a: Sneasler\n|cant|p2a: Torkoal|flinch\n|\n|-weather|SunnyDay|[upkeep]\n|-damage|p2a: Torkoal|80\/100 psn|[from] psn\n|upkeep\n|turn|2\n|\n|t:|1700372420\n|move|p1a: Sneasler|U-turn|p2a: Torkoal\n|-resisted|p2a: Torkoal\n|-damage|p2a: Torkoal|73\/100 psn\n|\n|t:|1700372423\n|switch|p1a: Rotom|Rotom-Wash|100\/100|[from] U-turn\n|move|p2a: Torkoal|Stealth Rock|p1a: Rotom\n|-sidestart|p1: meganium THE mega|move: Stealth Rock\n|\n|-weather|SunnyDay|[upkeep]\n|-damage|p2a: Torkoal|61\/100 psn|[from] psn\n|upkeep\n|turn|3\n|\n|t:|1700372432\n|switch|p2a: Lilligant|Lilligant-Hisui, F|100\/100\n|move|p1a: Rotom|Defog|p2a: Lilligant\n|-unboost|p2a: Lilligant|evasion|1\n|-sideend|p1: meganium THE mega|Stealth Rock|[from] move: Defog|[of] p1a: Rotom\n|\n|-weather|SunnyDay|[upkeep]\n|upkeep\n|turn|4\n|\n|t:|1700372450\n|move|p2a: Lilligant|Victory Dance|p2a: Lilligant\n|-boost|p2a: Lilligant|atk|1\n|-boost|p2a: Lilligant|def|1\n|-boost|p2a: Lilligant|spe|1\n|move|p1a: Rotom|Will-O-Wisp|p2a: Lilligant\n|-status|p2a: Lilligant|brn\n|\n|-weather|SunnyDay|[upkeep]\n|-damage|p2a: Lilligant|94\/100 brn|[from] brn\n|upkeep\n|turn|5\n|\n|t:|1700372461\n|switch|p1a: Ferrothorn|Ferrothorn, M|100\/100\n|move|p2a: Lilligant|Victory Dance|p2a: Lilligant\n|-boost|p2a: Lilligant|atk|1\n|-boost|p2a: Lilligant|def|1\n|-boost|p2a: Lilligant|spe|1\n|\n|-weather|none\n|-damage|p2a: Lilligant|88\/100 brn|[from] brn\n|upkeep\n|turn|6\n|inactive|meganium THE mega has 120 seconds left.\n|\n|t:|1700372491\n|-terastallize|p1a: Ferrothorn|Flying\n|move|p2a: Lilligant|Victory Dance|p2a: Lilligant\n|-boost|p2a: Lilligant|atk|1\n|-boost|p2a: Lilligant|def|1\n|-boost|p2a: Lilligant|spe|1\n|move|p1a: Ferrothorn|Stealth Rock|p2a: Lilligant\n|-sidestart|p2: jujibalaoshi001|move: Stealth Rock\n|\n|-damage|p2a: Lilligant|82\/100 brn|[from] brn\n|upkeep\n|turn|7\n|inactive|meganium THE mega has 120 seconds left.\n|\n|t:|1700372503\n|move|p2a: Lilligant|Victory Dance|p2a: Lilligant\n|-boost|p2a: Lilligant|atk|1\n|-boost|p2a: Lilligant|def|1\n|-boost|p2a: Lilligant|spe|1\n|move|p1a: Ferrothorn|Knock Off|p2a: Lilligant\n|-resisted|p2a: Lilligant\n|-damage|p2a: Lilligant|79\/100 brn\n|-damage|p1a: Ferrothorn|84\/100|[from] item: Rocky Helmet|[of] p2a: Lilligant\n|-enditem|p2a: Lilligant|Rocky Helmet|[from] move: Knock Off|[of] p1a: Ferrothorn\n|\n|-heal|p1a: Ferrothorn|90\/100|[from] item: Leftovers\n|-damage|p2a: Lilligant|73\/100 brn|[from] brn\n|upkeep\n|turn|8\n|inactive|meganium THE mega has 120 seconds left.\n|\n|t:|1700372520\n|switch|p1a: Dondozo|Dondozo, F|100\/100\n|move|p2a: Lilligant|Victory Dance|p2a: Lilligant\n|-boost|p2a: Lilligant|atk|1\n|-boost|p2a: Lilligant|def|1\n|-boost|p2a: Lilligant|spe|1\n|\n|-damage|p2a: Lilligant|67\/100 brn|[from] brn\n|upkeep\n|turn|9\n|inactive|meganium THE mega has 120 seconds left.\n|\n|t:|1700372529\n|move|p2a: Lilligant|Synthesis|p2a: Lilligant\n|-heal|p2a: Lilligant|100\/100 brn\n|move|p1a: Dondozo|Curse|p1a: Dondozo\n|-unboost|p1a: Dondozo|spe|1\n|-boost|p1a: Dondozo|atk|1\n|-boost|p1a: Dondozo|def|1\n|\n|-damage|p2a: Lilligant|94\/100 brn|[from] brn\n|upkeep\n|turn|10\n|\n|t:|1700372538\n|switch|p2a: Torkoal|Torkoal, M, shiny|61\/100 psn\n|-weather|SunnyDay|[from] ability: Drought|[of] p2a: Torkoal\n|move|p1a: Dondozo|Curse|p1a: Dondozo\n|-unboost|p1a: Dondozo|spe|1\n|-boost|p1a: Dondozo|atk|1\n|-boost|p1a: Dondozo|def|1\n|\n|-weather|SunnyDay|[upkeep]\n|-damage|p2a: Torkoal|48\/100 psn|[from] psn\n|upkeep\n|turn|11\n|\n|t:|1700372549\n|move|p2a: Torkoal|Rapid Spin|p1a: Dondozo\n|-damage|p1a: Dondozo|99\/100\n|-boost|p2a: Torkoal|spe|1\n|-sideend|p2: jujibalaoshi001|Stealth Rock|[from] move: Rapid Spin|[of] p2a: Torkoal\n|move|p1a: Dondozo|Liquidation|p2a: Torkoal\n|-supereffective|p2a: Torkoal\n|-damage|p2a: Torkoal|15\/100 psn\n|\n|-weather|SunnyDay|[upkeep]\n|-heal|p1a: Dondozo|100\/100|[from] item: Leftovers\n|-damage|p2a: Torkoal|3\/100 psn|[from] psn\n|upkeep\n|turn|12\n|\n|t:|1700372571\n|move|p2a: Torkoal|Stealth Rock|p1a: Dondozo\n|-sidestart|p1: meganium THE mega|move: Stealth Rock\n|move|p1a: Dondozo|Curse|p1a: Dondozo\n|-unboost|p1a: Dondozo|spe|1\n|-boost|p1a: Dondozo|atk|1\n|-boost|p1a: Dondozo|def|1\n|\n|-weather|SunnyDay|[upkeep]\n|-damage|p2a: Torkoal|0 fnt|[from] psn\n|faint|p2a: Torkoal\n|upkeep\n|\n|t:|1700372577\n|switch|p2a: Tapu Lele|Tapu Lele|100\/100\n|-fieldstart|move: Psychic Terrain|[from] ability: Psychic Surge|[of] p2a: Tapu Lele\n|turn|13\n|\n|t:|1700372588\n|-zpower|p2a: Tapu Lele\n|move|p2a: Tapu Lele|Shattered Psyche|p1a: Dondozo|[zeffect]\n|-damage|p1a: Dondozo|0 fnt\n|faint|p1a: Dondozo\n|\n|-weather|SunnyDay|[upkeep]\n|upkeep\n|\n|t:|1700372598\n|switch|p1a: Sneasler|Sneasler, F|100\/100\n|-damage|p1a: Sneasler|95\/100|[from] Stealth Rock\n|turn|14\n|\n|t:|1700372605\n|move|p1a: Sneasler|Dire Claw|p2a: Tapu Lele\n|-supereffective|p2a: Tapu Lele\n|-damage|p2a: Tapu Lele|0 fnt\n|faint|p2a: Tapu Lele\n|\n|-weather|none\n|upkeep\n|\n|t:|1700372613\n|switch|p2a: Sneasler|Sneasler, M|100\/100\n|-enditem|p2a: Sneasler|Psychic Seed\n|-boost|p2a: Sneasler|spd|1|[from] item: Psychic Seed\n|turn|15\n|\n|t:|1700372620\n|switch|p1a: Rotom|Rotom-Wash|100\/100\n|-damage|p1a: Rotom|88\/100|[from] Stealth Rock\n|move|p2a: Sneasler|Acrobatics|p1a: Rotom\n|-resisted|p1a: Rotom\n|-damage|p1a: Rotom|72\/100\n|\n|-heal|p1a: Rotom|78\/100|[from] item: Leftovers\n|upkeep\n|turn|16\n|\n|t:|1700372631\n|switch|p2a: Polteageist|Polteageist|100\/100\n|move|p1a: Rotom|Will-O-Wisp|p2a: Polteageist\n|-status|p2a: Polteageist|brn\n|\n|-heal|p1a: Rotom|85\/100|[from] item: Leftovers\n|-damage|p2a: Polteageist|94\/100 brn|[from] brn\n|upkeep\n|turn|17\n|\n|t:|1700372646\n|move|p2a: Polteageist|Shell Smash|p2a: Polteageist\n|-unboost|p2a: Polteageist|def|1\n|-unboost|p2a: Polteageist|spd|1\n|-boost|p2a: Polteageist|atk|2\n|-boost|p2a: Polteageist|spa|2\n|-boost|p2a: Polteageist|spe|2\n|move|p1a: Rotom|Defog|p2a: Polteageist\n|-unboost|p2a: Polteageist|evasion|1\n|-sideend|p1: meganium THE mega|Stealth Rock|[from] move: Defog|[of] p1a: Rotom\n|-fieldend|move: Psychic Terrain\n|\n|-heal|p1a: Rotom|91\/100|[from] item: Leftovers\n|-damage|p2a: Polteageist|88\/100 brn|[from] brn\n|upkeep\n|turn|18\n|\n|t:|1700372658\n|move|p2a: Polteageist|Shadow Ball|p1a: Rotom\n|-damage|p1a: Rotom|2\/100\n|move|p1a: Rotom|Hydro Pump|p2a: Polteageist\n|-damage|p2a: Polteageist|23\/100 brn\n|\n|-heal|p1a: Rotom|8\/100|[from] item: Leftovers\n|-damage|p2a: Polteageist|17\/100 brn|[from] brn\n|upkeep\n|turn|19\n|\n|t:|1700372668\n|move|p2a: Polteageist|Shadow Ball|p1a: Rotom\n|-crit|p1a: Rotom\n|-damage|p1a: Rotom|0 fnt\n|faint|p1a: Rotom\n|\n|-damage|p2a: Polteageist|11\/100 brn|[from] brn\n|upkeep\n|\n|t:|1700372688\n|switch|p1a: Heatran|Heatran, F|100\/100\n|turn|20\n|\n|t:|1700372697\n|-terastallize|p2a: Polteageist|Fighting\n|move|p2a: Polteageist|Tera Blast|p1a: Heatran|[anim] Tera Blast Fighting\n|-supereffective|p1a: Heatran\n|-damage|p1a: Heatran|0 fnt\n|faint|p1a: Heatran\n|\n|-damage|p2a: Polteageist|5\/100 brn|[from] brn\n|upkeep\n|\n|t:|1700372706\n|switch|p1a: Ferrothorn|Ferrothorn, M, tera:Flying|90\/100\n|turn|21\n|\n|t:|1700372713\n|move|p1a: Ferrothorn|Protect|p1a: Ferrothorn\n|-singleturn|p1a: Ferrothorn|Protect\n|move|p2a: Polteageist|Stored Power|p1a: Ferrothorn\n|-activate|p1a: Ferrothorn|move: Protect\n|\n|-heal|p1a: Ferrothorn|97\/100|[from] item: Leftovers\n|-damage|p2a: Polteageist|0 fnt|[from] brn\n|faint|p2a: Polteageist\n|upkeep\n|\n|t:|1700372719\n|switch|p2a: Cloyster|Cloyster, M|100\/100\n|turn|22\n|\n|t:|1700372728\n|move|p2a: Cloyster|Shell Smash|p2a: Cloyster\n|-unboost|p2a: Cloyster|def|1\n|-unboost|p2a: Cloyster|spd|1\n|-boost|p2a: Cloyster|atk|2\n|-boost|p2a: Cloyster|spa|2\n|-boost|p2a: Cloyster|spe|2\n|move|p1a: Ferrothorn|Leech Seed|p2a: Cloyster\n|-start|p2a: Cloyster|move: Leech Seed\n|\n|-heal|p1a: Ferrothorn|100\/100|[from] item: Leftovers\n|-damage|p2a: Cloyster|88\/100|[from] Leech Seed|[of] p1a: Ferrothorn\n|upkeep\n|turn|23\n|\n|t:|1700372746\n|move|p1a: Ferrothorn|Protect|p1a: Ferrothorn\n|-singleturn|p1a: Ferrothorn|Protect\n|move|p2a: Cloyster|Shell Smash|p2a: Cloyster\n|-unboost|p2a: Cloyster|def|1\n|-unboost|p2a: Cloyster|spd|1\n|-boost|p2a: Cloyster|atk|2\n|-boost|p2a: Cloyster|spa|2\n|-boost|p2a: Cloyster|spe|2\n|\n|-damage|p2a: Cloyster|76\/100|[from] Leech Seed|[of] p1a: Ferrothorn\n|upkeep\n|turn|24\n|\n|t:|1700372757\n|switch|p1a: Kartana|Kartana|100\/100\n|move|p2a: Cloyster|Icicle Spear|p1a: Kartana\n|-damage|p1a: Kartana|65\/100\n|-damage|p1a: Kartana|33\/100\n|-damage|p1a: Kartana|0 fnt\n|faint|p1a: Kartana\n|-hitcount|p1: Kartana|3\n|\n|upkeep\n|\n|t:|1700372767\n|switch|p1a: Sneasler|Sneasler, F|95\/100\n|turn|25\n|\n|t:|1700372771\n|move|p1a: Sneasler|Fake Out|p2a: Cloyster\n|-damage|p2a: Cloyster|52\/100\n|-status|p2a: Cloyster|psn|[from] ability: Poison Touch|[of] p1a: Sneasler\n|cant|p2a: Cloyster|flinch\n|\n|-damage|p2a: Cloyster|39\/100 psn|[from] Leech Seed|[of] p1a: Sneasler\n|-heal|p1a: Sneasler|100\/100|[silent]\n|-damage|p2a: Cloyster|27\/100 psn|[from] psn\n|upkeep\n|turn|26\n|\n|t:|1700372786\n|switch|p1a: Ferrothorn|Ferrothorn, M, tera:Flying|100\/100\n|move|p2a: Cloyster|Icicle Spear|p1a: Ferrothorn\n|-supereffective|p1a: Ferrothorn\n|-damage|p1a: Ferrothorn|56\/100\n|-supereffective|p1a: Ferrothorn\n|-damage|p1a: Ferrothorn|16\/100\n|-supereffective|p1a: Ferrothorn\n|-damage|p1a: Ferrothorn|0 fnt\n|faint|p1a: Ferrothorn\n|-hitcount|p1: Ferrothorn|3\n|\n|-damage|p2a: Cloyster|14\/100 psn|[from] psn\n|upkeep\n|\n|t:|1700372798\n|switch|p1a: Sneasler|Sneasler, F|100\/100\n|turn|27\n|\n|t:|1700372802\n|move|p1a: Sneasler|Fake Out|p2a: Cloyster\n|-damage|p2a: Cloyster|0 fnt\n|faint|p2a: Cloyster\n|\n|upkeep\n|\n|t:|1700372814\n|switch|p2a: Sneasler|Sneasler, M|100\/100\n|turn|28\n|\n|t:|1700372821\n|move|p1a: Sneasler|Dire Claw|p2a: Sneasler\n|-resisted|p2a: Sneasler\n|-damage|p2a: Sneasler|62\/100\n|move|p2a: Sneasler|Acrobatics|p1a: Sneasler\n|-supereffective|p1a: Sneasler\n|-damage|p1a: Sneasler|0 fnt\n|faint|p1a: Sneasler\n|\n|win|jujibalaoshi001\n|raw|meganium THE mega's rating: 1478 &rarr; <strong>1460<\/strong><br \/>(-18 for losing)\n|raw|jujibalaoshi001's rating: 1505 &rarr; <strong>1523<\/strong><br \/>(+18 for winning)\n|l|\u2606meganium THE mega\n","uploadtime":1700372831,"views":14,"p1id":"meganiumthemega","p2id":"jujibalaoshi001","formatid":"gen9nationaldex","rating":1460,"private":0,"password":""}