{"id":"gen9nationaldex-1994874336","p1":"Fimgetspimner","p2":"Baltras","format":"[Gen 9] National Dex","log":"|html|<div class=\"broadcast-blue\"><strong>[Gen 9] National Dex is currently suspecting Sneasler! For information on how to participate check out the <a href=\"https:\/\/www.smogon.com\/forums\/threads\/sv-national-dex-suspect-8-just-dance.3731534\/\">suspect thread<\/a>.<\/strong><\/div>\n|j|\u2606Fimgetspimner\n|j|\u2606Baltras\n|t:|1700500675\n|gametype|singles\n|player|p1|Fimgetspimner|rocketgruntf|1226\n|player|p2|Baltras|101|1197\n|teamsize|p1|6\n|teamsize|p2|6\n|gen|9\n|tier|[Gen 9] National Dex\n|rated|\n|rule|HP Percentage Mod: HP is shown in percentages\n|rule|Endless Battle Clause: Forcing endless battles is banned\n|rule|OHKO Clause: OHKO moves are banned\n|rule|Evasion Clause: Evasion abilities, items, and moves are banned\n|rule|Evasion Abilities Clause: Evasion abilities are banned\n|rule|Evasion Items Clause: Evasion items are banned\n|rule|Evasion Moves Clause: Evasion moves are banned\n|rule|Species Clause: Limit one of each Pok\u00e9mon\n|rule|Sleep Clause Mod: Limit one foe put to sleep\n|clearpoke\n|poke|p1|Manectric, F|\n|poke|p1|Greninja-*, M|\n|poke|p1|Infernape, F|\n|poke|p1|Krookodile, M|\n|poke|p1|Gengar, M|\n|poke|p1|Decidueye, F|\n|poke|p2|Ceruledge, F|\n|poke|p2|Blissey, F|\n|poke|p2|Ariados, M|\n|poke|p2|Ferrothorn, M|\n|poke|p2|Volcarona, M|\n|poke|p2|Hoopa-Unbound|\n|teampreview\n|j| Dark Umbreon 08\n|inactive|Battle timer is ON: inactive players will automatically lose when time's up. (requested by Baltras)\n|\n|t:|1700500682\n|start\n|switch|p1a: Infernape|Infernape, F|100\/100\n|switch|p2a: Ariados|Ariados, M|100\/100\n|turn|1\n|\n|t:|1700500689\n|move|p1a: Infernape|Fake Out|p2a: Ariados\n|-damage|p2a: Ariados|85\/100\n|cant|p2a: Ariados|flinch\n|\n|upkeep\n|turn|2\n|\n|t:|1700500695\n|switch|p2a: Ceruledge|Ceruledge, F|100\/100\n|move|p1a: Infernape|Flare Blitz|p2a: Ceruledge\n|-start|p2a: Ceruledge|ability: Flash Fire\n|\n|upkeep\n|turn|3\n|\n|t:|1700500703\n|move|p1a: Infernape|U-turn|p2a: Ceruledge\n|-resisted|p2a: Ceruledge\n|-damage|p2a: Ceruledge|93\/100\n|\n|t:|1700500720\n|switch|p1a: Greninja|Greninja, M|100\/100|[from] U-turn\n|move|p2a: Ceruledge|Swords Dance|p2a: Ceruledge\n|-boost|p2a: Ceruledge|atk|2\n|\n|upkeep\n|turn|4\n|\n|t:|1700500728\n|-end|p2a: Ceruledge|ability: Flash Fire|[silent]\n|switch|p2a: Ferrothorn|Ferrothorn, M|100\/100\n|move|p1a: Greninja|Waterfall|p2a: Ferrothorn\n|-start|p1a: Greninja|typechange|Water|[from] ability: Protean\n|-resisted|p2a: Ferrothorn\n|-damage|p2a: Ferrothorn|87\/100\n|-damage|p1a: Greninja|88\/100|[from] ability: Iron Barbs|[of] p2a: Ferrothorn\n|\n|upkeep\n|turn|5\n|l| Dark Umbreon 08\n|\n|t:|1700500740\n|switch|p1a: Decidueye|Decidueye, F|100\/100\n|move|p2a: Ferrothorn|Explosion|p1a: Decidueye\n|-immune|p1a: Decidueye\n|faint|p2a: Ferrothorn\n|\n|upkeep\n|\n|t:|1700500746\n|switch|p2a: Ariados|Ariados, M|85\/100\n|turn|6\n|c|\u2606Fimgetspimner|That's was awesome lol\n|\n|t:|1700500758\n|move|p1a: Decidueye|U-turn|p2a: Ariados\n|-resisted|p2a: Ariados\n|-damage|p2a: Ariados|73\/100\n|\n|t:|1700500761\n|switch|p1a: Infernape|Infernape, F|100\/100|[from] U-turn\n|move|p2a: Ariados|Sticky Web|p1a: Infernape\n|-sidestart|p1: Fimgetspimner|move: Sticky Web\n|\n|upkeep\n|turn|7\n|\n|t:|1700500771\n|move|p1a: Infernape|U-turn|p2a: Ariados\n|-resisted|p2a: Ariados\n|-damage|p2a: Ariados|60\/100\n|\n|t:|1700500778\n|switch|p1a: Decidueye|Decidueye, F|100\/100|[from] U-turn\n|move|p2a: Ariados|Toxic Thread|p1a: Decidueye\n|-unboost|p1a: Decidueye|spe|1\n|-status|p1a: Decidueye|psn\n|\n|-damage|p1a: Decidueye|88\/100 psn|[from] psn\n|upkeep\n|turn|8\n|c|\u2606Baltras|lol right\n|\n|t:|1700500788\n|move|p2a: Ariados|Sucker Punch||[still]\n|-fail|p2a: Ariados\n|move|p1a: Decidueye|Defog|p2a: Ariados\n|-unboost|p2a: Ariados|evasion|1\n|-sideend|p1: Fimgetspimner|Sticky Web|[from] move: Defog|[of] p1a: Decidueye\n|\n|-damage|p1a: Decidueye|76\/100 psn|[from] psn\n|upkeep\n|turn|9\n|\n|t:|1700500799\n|move|p1a: Decidueye|Knock Off|p2a: Ariados\n|-damage|p2a: Ariados|31\/100\n|-enditem|p2a: Ariados|Focus Sash|[from] move: Knock Off|[of] p1a: Decidueye\n|move|p2a: Ariados|Sticky Web|p1a: Decidueye\n|-sidestart|p1: Fimgetspimner|move: Sticky Web\n|\n|-damage|p1a: Decidueye|64\/100 psn|[from] psn\n|upkeep\n|turn|10\n|\n|t:|1700500808\n|move|p1a: Decidueye|Defog|p2a: Ariados\n|-unboost|p2a: Ariados|evasion|1\n|-sideend|p1: Fimgetspimner|Sticky Web|[from] move: Defog|[of] p1a: Decidueye\n|move|p2a: Ariados|Sticky Web|p1a: Decidueye\n|-sidestart|p1: Fimgetspimner|move: Sticky Web\n|\n|-damage|p1a: Decidueye|51\/100 psn|[from] psn\n|upkeep\n|turn|11\n|\n|t:|1700500818\n|move|p1a: Decidueye|U-turn|p2a: Ariados\n|-resisted|p2a: Ariados\n|-damage|p2a: Ariados|20\/100\n|\n|t:|1700500823\n|switch|p1a: Gengar|Gengar, M|100\/100|[from] U-turn\n|-activate|p1a: Gengar|move: Sticky Web\n|-unboost|p1a: Gengar|spe|1\n|move|p2a: Ariados|Sticky Web||[still]\n|-fail|p2a: Ariados\n|\n|upkeep\n|turn|12\n|\n|t:|1700500836\n|move|p1a: Gengar|Shadow Ball|p2a: Ariados\n|-damage|p2a: Ariados|0 fnt\n|faint|p2a: Ariados\n|\n|upkeep\n|\n|t:|1700500846\n|switch|p2a: Hoopa|Hoopa-Unbound|100\/100\n|turn|13\n|\n|t:|1700500858\n|switch|p1a: Infernape|Infernape, F|100\/100\n|-activate|p1a: Infernape|move: Sticky Web\n|-unboost|p1a: Infernape|spe|1\n|move|p2a: Hoopa|Dark Pulse|p1a: Infernape\n|-resisted|p1a: Infernape\n|-damage|p1a: Infernape|74\/100\n|\n|upkeep\n|turn|14\n|\n|t:|1700500868\n|switch|p2a: Ceruledge|Ceruledge, F|93\/100\n|move|p1a: Infernape|Fake Out|p2a: Ceruledge\n|-immune|p2a: Ceruledge\n|\n|upkeep\n|turn|15\n|\n|t:|1700500875\n|move|p2a: Ceruledge|Swords Dance|p2a: Ceruledge\n|-boost|p2a: Ceruledge|atk|2\n|move|p1a: Infernape|U-turn|p2a: Ceruledge\n|-resisted|p2a: Ceruledge\n|-damage|p2a: Ceruledge|85\/100\n|\n|t:|1700500884\n|switch|p1a: Greninja|Greninja, M|88\/100|[from] U-turn\n|-activate|p1a: Greninja|move: Sticky Web\n|-unboost|p1a: Greninja|spe|1\n|\n|upkeep\n|turn|16\n|\n|t:|1700500898\n|switch|p2a: Blissey|Blissey, F|100\/100\n|move|p1a: Greninja|Waterfall|p2a: Blissey\n|-start|p1a: Greninja|typechange|Water|[from] ability: Protean\n|-damage|p2a: Blissey|70\/100\n|\n|upkeep\n|turn|17\n|\n|t:|1700500911\n|switch|p1a: Manectric|Manectric, F|100\/100\n|-activate|p1a: Manectric|move: Sticky Web\n|-unboost|p1a: Manectric|spe|1\n|move|p2a: Blissey|Thunder Wave|p1a: Manectric\n|-ability|p1a: Manectric|Lightning Rod|boost\n|-boost|p1a: Manectric|spa|1\n|\n|upkeep\n|turn|18\n|c|\u2606Baltras|wait\n|c|\u2606Baltras|is that physucal :\n|\n|t:|1700500928\n|move|p1a: Manectric|Volt Switch|p2a: Blissey\n|-damage|p2a: Blissey|52\/100\n|\n|t:|1700500932\n|switch|p1a: Infernape|Infernape, F|74\/100|[from] Volt Switch\n|-activate|p1a: Infernape|move: Sticky Web\n|-unboost|p1a: Infernape|spe|1\n|move|p2a: Blissey|Seismic Toss|p1a: Infernape\n|-damage|p1a: Infernape|40\/100\n|\n|upkeep\n|turn|19\n|c|\u2606Fimgetspimner|Yes, just let me tell you my set \ud83d\ude06\n|c|\u2606Fimgetspimner|Why would I answer that?\n|\n|t:|1700500954\n|move|p1a: Infernape|U-turn|p2a: Blissey\n|-damage|p2a: Blissey|36\/100\n|\n|t:|1700500957\n|switch|p1a: Decidueye|Decidueye, F|51\/100 psn|[from] U-turn\n|move|p2a: Blissey|Seismic Toss|p1a: Decidueye\n|-immune|p1a: Decidueye\n|\n|-damage|p1a: Decidueye|39\/100 psn|[from] psn\n|upkeep\n|turn|20\n|\n|t:|1700500967\n|move|p1a: Decidueye|Defog|p2a: Blissey\n|-unboost|p2a: Blissey|evasion|1\n|-sideend|p1: Fimgetspimner|Sticky Web|[from] move: Defog|[of] p1a: Decidueye\n|move|p2a: Blissey|Soft-Boiled|p2a: Blissey\n|-heal|p2a: Blissey|86\/100\n|\n|-damage|p1a: Decidueye|27\/100 psn|[from] psn\n|upkeep\n|turn|21\n|c|\u2606Baltras|not asking\n|c|\u2606Baltras|just wondering\n|c|\u2606Fimgetspimner|Alright\n|\n|t:|1700500993\n|move|p1a: Decidueye|Knock Off|p2a: Blissey\n|-damage|p2a: Blissey|66\/100\n|-enditem|p2a: Blissey|Heavy-Duty Boots|[from] move: Knock Off|[of] p1a: Decidueye\n|move|p2a: Blissey|Thunder Wave||[still]\n|-fail|p2a: Blissey\n|\n|-damage|p1a: Decidueye|15\/100 psn|[from] psn\n|upkeep\n|turn|22\n|\n|t:|1700501003\n|move|p1a: Decidueye|Leaf Blade|p2a: Blissey\n|-damage|p2a: Blissey|35\/100\n|move|p2a: Blissey|Seismic Toss|p1a: Decidueye\n|-immune|p1a: Decidueye\n|\n|-damage|p1a: Decidueye|2\/100 psn|[from] psn\n|upkeep\n|turn|23\n|\n|t:|1700501012\n|move|p1a: Decidueye|U-turn|p2a: Blissey\n|-damage|p2a: Blissey|21\/100\n|\n|t:|1700501017\n|switch|p1a: Infernape|Infernape, F|40\/100|[from] U-turn\n|move|p2a: Blissey|Soft-Boiled|p2a: Blissey\n|-heal|p2a: Blissey|71\/100\n|\n|upkeep\n|turn|24\n|\n|t:|1700501024\n|switch|p2a: Ceruledge|Ceruledge, F|85\/100\n|move|p1a: Infernape|Close Combat|p2a: Ceruledge\n|-immune|p2a: Ceruledge\n|\n|upkeep\n|turn|25\n|\n|t:|1700501031\n|move|p1a: Infernape|U-turn|p2a: Ceruledge\n|-resisted|p2a: Ceruledge\n|-damage|p2a: Ceruledge|78\/100\n|\n|t:|1700501034\n|switch|p1a: Krookodile|Krookodile, M|100\/100|[from] U-turn\n|-ability|p1a: Krookodile|Intimidate|boost\n|-unboost|p2a: Ceruledge|atk|1\n|move|p2a: Ceruledge|Bitter Blade|p1a: Krookodile\n|-crit|p1a: Krookodile\n|-damage|p1a: Krookodile|22\/100\n|-heal|p2a: Ceruledge|100\/100|[from] drain|[of] p1a: Krookodile\n|\n|upkeep\n|turn|26\n|inactive|Baltras has 120 seconds left.\n|\n|t:|1700501085\n|move|p1a: Krookodile|Pursuit|p2a: Ceruledge\n|-supereffective|p2a: Ceruledge\n|-damage|p2a: Ceruledge|28\/100\n|-damage|p1a: Krookodile|12\/100|[from] item: Life Orb\n|move|p2a: Ceruledge|Bitter Blade|p1a: Krookodile\n|-damage|p1a: Krookodile|0 fnt\n|-heal|p2a: Ceruledge|35\/100|[from] drain|[of] p1a: Krookodile\n|faint|p1a: Krookodile\n|\n|upkeep\n|\n|t:|1700501101\n|switch|p1a: Greninja|Greninja, M|88\/100\n|turn|27\n|\n|t:|1700501111\n|switch|p2a: Blissey|Blissey, F|71\/100\n|move|p1a: Greninja|Waterfall|p2a: Blissey\n|-start|p1a: Greninja|typechange|Water|[from] ability: Protean\n|-damage|p2a: Blissey|42\/100\n|\n|upkeep\n|turn|28\n|\n|t:|1700501129\n|switch|p1a: Manectric|Manectric, F|100\/100\n|move|p2a: Blissey|Soft-Boiled|p2a: Blissey\n|-heal|p2a: Blissey|92\/100\n|\n|upkeep\n|turn|29\n|\n|t:|1700501139\n|move|p1a: Manectric|Thunderbolt|p2a: Blissey\n|-damage|p2a: Blissey|75\/100\n|move|p2a: Blissey|Thunder Wave|p1a: Manectric\n|-ability|p1a: Manectric|Lightning Rod|boost\n|-boost|p1a: Manectric|spa|1\n|\n|upkeep\n|turn|30\n|\n|t:|1700501146\n|move|p1a: Manectric|Thunderbolt|p2a: Blissey\n|-damage|p2a: Blissey|54\/100\n|move|p2a: Blissey|Seismic Toss|p1a: Manectric\n|-damage|p1a: Manectric|65\/100\n|\n|upkeep\n|turn|31\n|\n|t:|1700501154\n|detailschange|p1a: Manectric|Manectric-Mega, F\n|-mega|p1a: Manectric|Manectric|Manectite\n|-ability|p1a: Manectric|Intimidate|boost\n|-unboost|p2a: Blissey|atk|1\n|move|p1a: Manectric|Volt Switch|p2a: Blissey\n|-damage|p2a: Blissey|35\/100\n|\n|t:|1700501166\n|switch|p1a: Infernape|Infernape, F|40\/100|[from] Volt Switch\n|move|p2a: Blissey|Soft-Boiled|p2a: Blissey\n|-heal|p2a: Blissey|85\/100\n|\n|upkeep\n|turn|32\n|\n|t:|1700501173\n|move|p1a: Infernape|U-turn|p2a: Blissey\n|-damage|p2a: Blissey|67\/100\n|\n|t:|1700501178\n|switch|p1a: Manectric|Manectric-Mega, F|65\/100|[from] U-turn\n|-ability|p1a: Manectric|Intimidate|boost\n|-unboost|p2a: Blissey|atk|1\n|move|p2a: Blissey|Thunder Wave|p1a: Manectric\n|-immune|p1a: Manectric\n|\n|upkeep\n|turn|33\n|\n|t:|1700501189\n|move|p1a: Manectric|Volt Switch|p2a: Blissey\n|-damage|p2a: Blissey|52\/100\n|\n|t:|1700501193\n|switch|p1a: Gengar|Gengar, M|100\/100|[from] Volt Switch\n|move|p2a: Blissey|Seismic Toss|p1a: Gengar\n|-immune|p1a: Gengar\n|\n|upkeep\n|turn|34\n|\n|t:|1700501203\n|switch|p1a: Manectric|Manectric-Mega, F|65\/100\n|-ability|p1a: Manectric|Intimidate|boost\n|-unboost|p2a: Blissey|atk|1\n|move|p2a: Blissey|Soft-Boiled|p2a: Blissey\n|-heal|p2a: Blissey|100\/100\n|\n|upkeep\n|turn|35\n|\n|t:|1700501211\n|move|p1a: Manectric|Volt Switch|p2a: Blissey\n|-damage|p2a: Blissey|88\/100\n|\n|t:|1700501215\n|switch|p1a: Gengar|Gengar, M|100\/100|[from] Volt Switch\n|move|p2a: Blissey|Seismic Toss|p1a: Gengar\n|-immune|p1a: Gengar\n|\n|upkeep\n|turn|36\n|\n|t:|1700501236\n|switch|p1a: Decidueye|Decidueye, F|2\/100 psn\n|move|p2a: Blissey|Seismic Toss|p1a: Decidueye\n|-immune|p1a: Decidueye\n|\n|-damage|p1a: Decidueye|0 fnt|[from] psn\n|faint|p1a: Decidueye\n|upkeep\n|\n|t:|1700501245\n|switch|p1a: Infernape|Infernape, F|40\/100\n|turn|37\n|\n|t:|1700501254\n|switch|p2a: Ceruledge|Ceruledge, F|35\/100\n|move|p1a: Infernape|Fake Out|p2a: Ceruledge\n|-immune|p2a: Ceruledge\n|\n|upkeep\n|turn|38\n|\n|t:|1700501264\n|move|p1a: Infernape|U-turn|p2a: Ceruledge\n|-resisted|p2a: Ceruledge\n|-damage|p2a: Ceruledge|27\/100\n|\n|t:|1700501274\n|switch|p1a: Greninja|Greninja, M|88\/100|[from] U-turn\n|move|p2a: Ceruledge|Bitter Blade|p1a: Greninja\n|-resisted|p1a: Greninja\n|-damage|p1a: Greninja|47\/100\n|-heal|p2a: Ceruledge|48\/100|[from] drain|[of] p1a: Greninja\n|\n|upkeep\n|turn|39\n|\n|t:|1700501287\n|move|p2a: Ceruledge|Shadow Sneak|p1a: Greninja\n|-resisted|p1a: Greninja\n|-crit|p1a: Greninja\n|-damage|p1a: Greninja|21\/100\n|move|p1a: Greninja|U-turn|p2a: Ceruledge\n|-start|p1a: Greninja|typechange|Bug|[from] ability: Protean\n|-resisted|p2a: Ceruledge\n|-damage|p2a: Ceruledge|38\/100\n|\n|t:|1700501296\n|switch|p1a: Manectric|Manectric-Mega, F|65\/100|[from] U-turn\n|-ability|p1a: Manectric|Intimidate|boost\n|-unboost|p2a: Ceruledge|atk|1\n|\n|upkeep\n|turn|40\n|\n|t:|1700501303\n|move|p1a: Manectric|Volt Switch|p2a: Ceruledge\n|-damage|p2a: Ceruledge|0 fnt\n|faint|p2a: Ceruledge\n|\n|t:|1700501313\n|switch|p1a: Infernape|Infernape, F|40\/100|[from] Volt Switch\n|\n|upkeep\n|\n|t:|1700501316\n|switch|p2a: Hoopa|Hoopa-Unbound|100\/100\n|turn|41\n|\n|t:|1700501320\n|move|p2a: Hoopa|Psyshock|p1a: Infernape\n|-supereffective|p1a: Infernape\n|-damage|p1a: Infernape|0 fnt\n|faint|p1a: Infernape\n|\n|upkeep\n|\n|t:|1700501325\n|switch|p1a: Greninja|Greninja, M|21\/100\n|turn|42\n|\n|t:|1700501331\n|switch|p2a: Blissey|Blissey, F|88\/100\n|move|p1a: Greninja|U-turn|p2a: Blissey\n|-start|p1a: Greninja|typechange|Bug|[from] ability: Protean\n|-damage|p2a: Blissey|64\/100\n|\n|t:|1700501342\n|switch|p1a: Gengar|Gengar, M|100\/100|[from] U-turn\n|\n|upkeep\n|turn|43\n|\n|t:|1700501348\n|switch|p1a: Manectric|Manectric-Mega, F|65\/100\n|-ability|p1a: Manectric|Intimidate|boost\n|-unboost|p2a: Blissey|atk|1\n|move|p2a: Blissey|Seismic Toss|p1a: Manectric\n|-damage|p1a: Manectric|29\/100\n|\n|upkeep\n|turn|44\n|\n|t:|1700501357\n|move|p1a: Manectric|Volt Switch|p2a: Blissey\n|-damage|p2a: Blissey|51\/100\n|\n|t:|1700501360\n|switch|p1a: Gengar|Gengar, M|100\/100|[from] Volt Switch\n|move|p2a: Blissey|Thunder Wave|p1a: Gengar\n|-status|p1a: Gengar|par\n|\n|upkeep\n|turn|45\n|\n|t:|1700501373\n|move|p1a: Gengar|Sludge Wave|p2a: Blissey\n|-damage|p2a: Blissey|25\/100\n|move|p2a: Blissey|Soft-Boiled|p2a: Blissey\n|-heal|p2a: Blissey|75\/100\n|\n|upkeep\n|turn|46\n|\n|t:|1700501379\n|cant|p1a: Gengar|par\n|move|p2a: Blissey|Soft-Boiled|p2a: Blissey\n|-heal|p2a: Blissey|100\/100\n|\n|upkeep\n|turn|47\n|\n|t:|1700501386\n|switch|p2a: Hoopa|Hoopa-Unbound|100\/100\n|move|p1a: Gengar|Sludge Wave|p2a: Hoopa\n|-damage|p2a: Hoopa|28\/100\n|\n|upkeep\n|turn|48\n|\n|t:|1700501397\n|-terastallize|p1a: Gengar|Grass\n|move|p2a: Hoopa|Dark Pulse|p1a: Gengar\n|-damage|p1a: Gengar|10\/100 par\n|cant|p1a: Gengar|flinch\n|\n|upkeep\n|turn|49\n|c|\u2606Baltras|yoloooooooooooooooo\n|\n|t:|1700501410\n|move|p2a: Hoopa|Dark Pulse|p1a: Gengar\n|-damage|p1a: Gengar|0 fnt\n|faint|p1a: Gengar\n|\n|upkeep\n|\n|t:|1700501416\n|switch|p1a: Greninja|Greninja, M|21\/100\n|turn|50\n|\n|t:|1700501424\n|switch|p2a: Blissey|Blissey, F|100\/100\n|move|p1a: Greninja|Gunk Shot|p2a: Blissey|[miss]\n|-start|p1a: Greninja|typechange|Poison|[from] ability: Protean\n|-miss|p1a: Greninja|p2a: Blissey\n|\n|upkeep\n|turn|51\n|\n|t:|1700501433\n|move|p1a: Greninja|Gunk Shot|p2a: Blissey|[miss]\n|-miss|p1a: Greninja|p2a: Blissey\n|move|p2a: Blissey|Seismic Toss|p1a: Greninja\n|-damage|p1a: Greninja|0 fnt\n|faint|p1a: Greninja\n|\n|upkeep\n|-message|Fimgetspimner forfeited.\n|\n|win|Baltras\n|raw|Fimgetspimner's rating: 1226 &rarr; <strong>1199<\/strong><br \/>(-27 for losing)\n|raw|Baltras's rating: 1197 &rarr; <strong>1224<\/strong><br \/>(+27 for winning)\n|l|\u2606Fimgetspimner\n|c|\u2606Baltras|it was a great match\n","uploadtime":1700501449,"views":13,"p1id":"fimgetspimner","p2id":"baltras","formatid":"gen9nationaldex","rating":1199,"private":0,"password":""}