{"id":"gen9nationaldex-1994018631","p1":"shfeha","p2":"Qwesdfcvb8","format":"[Gen 9] National Dex","log":"|j|\u2606shfeha\n|j|\u2606Qwesdfcvb8\n|t:|1700394541\n|gametype|singles\n|player|p1|shfeha|cyclist|1198\n|player|p2|Qwesdfcvb8|steven|1243\n|teamsize|p1|6\n|teamsize|p2|6\n|gen|9\n|tier|[Gen 9] National Dex\n|rated|\n|rule|HP Percentage Mod: HP is shown in percentages\n|rule|Endless Battle Clause: Forcing endless battles is banned\n|rule|OHKO Clause: OHKO moves are banned\n|rule|Evasion Clause: Evasion abilities, items, and moves are banned\n|rule|Evasion Abilities Clause: Evasion abilities are banned\n|rule|Evasion Items Clause: Evasion items are banned\n|rule|Evasion Moves Clause: Evasion moves are banned\n|rule|Species Clause: Limit one of each Pok\u00e9mon\n|rule|Sleep Clause Mod: Limit one foe put to sleep\n|clearpoke\n|poke|p1|Greninja-*, M|\n|poke|p1|Scizor, F|\n|poke|p1|Skeledirge, M|\n|poke|p1|Ting-Lu|\n|poke|p1|Corviknight, M|\n|poke|p1|Clodsire, F|\n|poke|p2|Landorus-Therian, M|\n|poke|p2|Kommo-o, F|\n|poke|p2|Garganacl, M|\n|poke|p2|Banette, F|\n|poke|p2|Nihilego|\n|poke|p2|Blacephalon|\n|teampreview\n|inactive|Battle timer is ON: inactive players will automatically lose when time's up. (requested by shfeha)\n|\n|t:|1700394562\n|start\n|switch|p1a: Clodsire|Clodsire, F, shiny|100\/100\n|switch|p2a: Blacephalon|Blacephalon|100\/100\n|turn|1\n|\n|t:|1700394575\n|switch|p2a: Landorus|Landorus-Therian, M|100\/100\n|-ability|p2a: Landorus|Intimidate|boost\n|-unboost|p1a: Clodsire|atk|1\n|move|p1a: Clodsire|Earthquake|p2a: Landorus\n|-immune|p2a: Landorus\n|\n|upkeep\n|turn|2\n|\n|t:|1700394585\n|move|p2a: Landorus|Knock Off|p1a: Clodsire\n|-damage|p1a: Clodsire|65\/100\n|-enditem|p1a: Clodsire|Black Sludge|[from] move: Knock Off|[of] p2a: Landorus\n|move|p1a: Clodsire|Toxic|p2a: Landorus\n|-status|p2a: Landorus|tox\n|\n|-damage|p2a: Landorus|94\/100 tox|[from] psn\n|upkeep\n|turn|3\n|\n|t:|1700394593\n|move|p2a: Landorus|Earthquake|p1a: Clodsire\n|-supereffective|p1a: Clodsire\n|-damage|p1a: Clodsire|0 fnt\n|faint|p1a: Clodsire\n|\n|-damage|p2a: Landorus|82\/100 tox|[from] psn\n|upkeep\n|\n|t:|1700394607\n|switch|p1a: Greninja|Greninja, M|100\/100\n|turn|4\n|\n|t:|1700394610\n|move|p1a: Greninja|Hydro Pump|p2a: Landorus|[miss]\n|-miss|p1a: Greninja|p2a: Landorus\n|move|p2a: Landorus|Earthquake|p1a: Greninja\n|-damage|p1a: Greninja|24\/100\n|\n|-damage|p2a: Landorus|64\/100 tox|[from] psn\n|upkeep\n|turn|5\n|\n|t:|1700394617\n|move|p1a: Greninja|Hydro Pump|p2a: Landorus\n|-supereffective|p2a: Landorus\n|-damage|p2a: Landorus|0 fnt\n|faint|p2a: Landorus\n|-ability|p1a: Greninja|Battle Bond|boost\n|-boost|p1a: Greninja|atk|1\n|-boost|p1a: Greninja|spa|1\n|-boost|p1a: Greninja|spe|1\n|-activate|p1a: Greninja|ability: Battle Bond\n|-damage|p1a: Greninja|15\/100|[from] item: Life Orb\n|\n|upkeep\n|\n|t:|1700394625\n|switch|p2a: Banette|Banette, F|100\/100\n|turn|6\n|\n|t:|1700394636\n|detailschange|p2a: Banette|Banette-Mega, F\n|-mega|p2a: Banette|Banette|Banettite\n|move|p1a: Greninja|Water Shuriken|p2a: Banette\n|-damage|p2a: Banette|81\/100\n|-damage|p2a: Banette|63\/100\n|-damage|p2a: Banette|43\/100\n|-damage|p2a: Banette|22\/100\n|-damage|p2a: Banette|2\/100\n|-hitcount|p2a: Banette|5\n|-damage|p1a: Greninja|5\/100|[from] item: Life Orb\n|move|p2a: Banette|Shadow Sneak|p1a: Greninja\n|-resisted|p1a: Greninja\n|-damage|p1a: Greninja|0 fnt\n|faint|p1a: Greninja\n|\n|upkeep\n|\n|t:|1700394649\n|switch|p1a: Scizor|Scizor, F|100\/100\n|turn|7\n|\n|t:|1700394652\n|detailschange|p1a: Scizor|Scizor-Mega, F\n|-mega|p1a: Scizor|Scizor|Scizorite\n|move|p2a: Banette|Destiny Bond|p2a: Banette\n|-singlemove|p2a: Banette|Destiny Bond\n|move|p1a: Scizor|Bullet Punch|p2a: Banette\n|-damage|p2a: Banette|0 fnt\n|faint|p2a: Banette\n|-activate|p2a: Banette|move: Destiny Bond\n|faint|p1a: Scizor\n|\n|upkeep\n|\n|t:|1700394668\n|switch|p2a: Blacephalon|Blacephalon|100\/100\n|switch|p1a: Ting-Lu|Ting-Lu|100\/100\n|-ability|p1a: Ting-Lu|Vessel of Ruin\n|turn|8\n|\n|t:|1700394674\n|-terastallize|p2a: Blacephalon|Fire\n|move|p2a: Blacephalon|Mind Blown|p1a: Ting-Lu\n|-damage|p1a: Ting-Lu|32\/100\n|-damage|p2a: Blacephalon|50\/100|[from] mindblown\n|-enditem|p2a: Blacephalon|Sitrus Berry|[eat]\n|-heal|p2a: Blacephalon|75\/100|[from] item: Sitrus Berry\n|move|p1a: Ting-Lu|Earthquake|p2a: Blacephalon\n|-supereffective|p2a: Blacephalon\n|-damage|p2a: Blacephalon|0 fnt\n|faint|p2a: Blacephalon\n|\n|-heal|p1a: Ting-Lu|39\/100|[from] item: Leftovers\n|upkeep\n|\n|t:|1700394685\n|switch|p2a: Nihilego|Nihilego|100\/100\n|turn|9\n|\n|t:|1700394707\n|move|p2a: Nihilego|Meteor Beam||[still]\n|-prepare|p2a: Nihilego|Meteor Beam\n|-boost|p2a: Nihilego|spa|1\n|-enditem|p2a: Nihilego|Power Herb\n|-anim|p2a: Nihilego|Meteor Beam|p1a: Ting-Lu\n|-resisted|p1a: Ting-Lu\n|-crit|p1a: Ting-Lu\n|-damage|p1a: Ting-Lu|1\/100\n|move|p1a: Ting-Lu|Earthquake|p2a: Nihilego\n|-supereffective|p2a: Nihilego\n|-damage|p2a: Nihilego|0 fnt\n|faint|p2a: Nihilego\n|\n|-heal|p1a: Ting-Lu|8\/100|[from] item: Leftovers\n|upkeep\n|\n|t:|1700394723\n|switch|p2a: Kommo-o|Kommo-o, F|100\/100\n|turn|10\n|\n|t:|1700394727\n|-zpower|p2a: Kommo-o\n|move|p2a: Kommo-o|Clangorous Soulblaze|p1a: Ting-Lu|[zeffect]\n|-damage|p1a: Ting-Lu|0 fnt\n|faint|p1a: Ting-Lu\n|-boost|p2a: Kommo-o|atk|1\n|-boost|p2a: Kommo-o|def|1\n|-boost|p2a: Kommo-o|spa|1\n|-boost|p2a: Kommo-o|spd|1\n|-boost|p2a: Kommo-o|spe|1\n|\n|upkeep\n|\n|t:|1700394731\n|switch|p1a: Skeledirge|Skeledirge, M, shiny|100\/100\n|turn|11\n|\n|t:|1700394740\n|move|p2a: Kommo-o|Clanging Scales|p1a: Skeledirge\n|-damage|p1a: Skeledirge|54\/100\n|-unboost|p2a: Kommo-o|def|1\n|move|p1a: Skeledirge|Yawn|p2a: Kommo-o\n|-start|p2a: Kommo-o|move: Yawn|[of] p1a: Skeledirge\n|\n|-heal|p1a: Skeledirge|60\/100|[from] item: Leftovers\n|upkeep\n|turn|12\n|\n|t:|1700394754\n|move|p2a: Kommo-o|Clanging Scales|p1a: Skeledirge\n|-damage|p1a: Skeledirge|11\/100\n|-unboost|p2a: Kommo-o|def|1\n|move|p1a: Skeledirge|Torch Song|p2a: Kommo-o\n|-resisted|p2a: Kommo-o\n|-damage|p2a: Kommo-o|84\/100\n|-boost|p1a: Skeledirge|spa|1\n|\n|-heal|p1a: Skeledirge|17\/100|[from] item: Leftovers\n|-end|p2a: Kommo-o|move: Yawn|[silent]\n|-status|p2a: Kommo-o|slp\n|upkeep\n|turn|13\n|\n|t:|1700394760\n|switch|p2a: Garganacl|Garganacl, M|100\/100\n|move|p1a: Skeledirge|Slack Off|p1a: Skeledirge\n|-heal|p1a: Skeledirge|67\/100\n|\n|-heal|p1a: Skeledirge|74\/100|[from] item: Leftovers\n|upkeep\n|turn|14\n|\n|t:|1700394774\n|move|p1a: Skeledirge|Shadow Ball|p2a: Garganacl\n|-damage|p2a: Garganacl|86\/100\n|-unboost|p2a: Garganacl|spd|1\n|move|p2a: Garganacl|Salt Cure|p1a: Skeledirge\n|-supereffective|p1a: Skeledirge\n|-damage|p1a: Skeledirge|57\/100\n|-start|p1a: Skeledirge|Salt Cure\n|\n|-heal|p1a: Skeledirge|63\/100|[from] item: Leftovers\n|-damage|p1a: Skeledirge|51\/100|[from] Salt Cure\n|upkeep\n|turn|15\n|\n|t:|1700394786\n|move|p1a: Skeledirge|Shadow Ball|p2a: Garganacl\n|-damage|p2a: Garganacl|72\/100\n|-unboost|p2a: Garganacl|spd|1\n|move|p2a: Garganacl|Stealth Rock|p1a: Skeledirge\n|-sidestart|p1: shfeha|move: Stealth Rock\n|\n|-heal|p1a: Skeledirge|57\/100|[from] item: Leftovers\n|-damage|p1a: Skeledirge|44\/100|[from] Salt Cure\n|upkeep\n|turn|16\n|\n|t:|1700394805\n|move|p1a: Skeledirge|Slack Off|p1a: Skeledirge\n|-heal|p1a: Skeledirge|94\/100\n|move|p2a: Garganacl|Salt Cure|p1a: Skeledirge\n|-supereffective|p1a: Skeledirge\n|-damage|p1a: Skeledirge|78\/100\n|\n|-heal|p1a: Skeledirge|84\/100|[from] item: Leftovers\n|-damage|p1a: Skeledirge|72\/100|[from] Salt Cure\n|upkeep\n|turn|17\n|\n|t:|1700394824\n|move|p1a: Skeledirge|Torch Song|p2a: Garganacl\n|-resisted|p2a: Garganacl\n|-damage|p2a: Garganacl|57\/100\n|-boost|p1a: Skeledirge|spa|1\n|move|p2a: Garganacl|Salt Cure|p1a: Skeledirge\n|-supereffective|p1a: Skeledirge\n|-damage|p1a: Skeledirge|54\/100\n|\n|-heal|p1a: Skeledirge|60\/100|[from] item: Leftovers\n|-damage|p1a: Skeledirge|48\/100|[from] Salt Cure\n|upkeep\n|turn|18\n|\n|t:|1700394832\n|move|p1a: Skeledirge|Torch Song|p2a: Garganacl\n|-resisted|p2a: Garganacl\n|-damage|p2a: Garganacl|37\/100\n|-boost|p1a: Skeledirge|spa|1\n|-enditem|p2a: Garganacl|Sitrus Berry|[eat]\n|-heal|p2a: Garganacl|62\/100|[from] item: Sitrus Berry\n|move|p2a: Garganacl|Salt Cure|p1a: Skeledirge\n|-supereffective|p1a: Skeledirge\n|-crit|p1a: Skeledirge\n|-damage|p1a: Skeledirge|23\/100\n|\n|-heal|p1a: Skeledirge|29\/100|[from] item: Leftovers\n|-damage|p1a: Skeledirge|17\/100|[from] Salt Cure\n|upkeep\n|turn|19\n|\n|t:|1700394836\n|move|p1a: Skeledirge|Slack Off|p1a: Skeledirge\n|-heal|p1a: Skeledirge|67\/100\n|move|p2a: Garganacl|Salt Cure|p1a: Skeledirge\n|-supereffective|p1a: Skeledirge\n|-damage|p1a: Skeledirge|51\/100\n|\n|-heal|p1a: Skeledirge|57\/100|[from] item: Leftovers\n|-damage|p1a: Skeledirge|44\/100|[from] Salt Cure\n|upkeep\n|turn|20\n|\n|t:|1700394838\n|move|p1a: Skeledirge|Slack Off|p1a: Skeledirge\n|-heal|p1a: Skeledirge|94\/100\n|move|p2a: Garganacl|Salt Cure|p1a: Skeledirge\n|-supereffective|p1a: Skeledirge\n|-damage|p1a: Skeledirge|76\/100\n|\n|-heal|p1a: Skeledirge|83\/100|[from] item: Leftovers\n|-damage|p1a: Skeledirge|70\/100|[from] Salt Cure\n|upkeep\n|turn|21\n|\n|t:|1700394844\n|move|p1a: Skeledirge|Shadow Ball|p2a: Garganacl\n|-damage|p2a: Garganacl|36\/100\n|-unboost|p2a: Garganacl|spd|1\n|move|p2a: Garganacl|Salt Cure|p1a: Skeledirge\n|-supereffective|p1a: Skeledirge\n|-damage|p1a: Skeledirge|54\/100\n|\n|-heal|p1a: Skeledirge|60\/100|[from] item: Leftovers\n|-damage|p1a: Skeledirge|47\/100|[from] Salt Cure\n|upkeep\n|turn|22\n|\n|t:|1700394849\n|move|p1a: Skeledirge|Slack Off|p1a: Skeledirge\n|-heal|p1a: Skeledirge|97\/100\n|move|p2a: Garganacl|Recover|p2a: Garganacl\n|-heal|p2a: Garganacl|86\/100\n|\n|-heal|p1a: Skeledirge|100\/100|[from] item: Leftovers\n|-damage|p1a: Skeledirge|88\/100|[from] Salt Cure\n|upkeep\n|turn|23\n|\n|t:|1700394857\n|switch|p2a: Kommo-o|Kommo-o, F|84\/100 slp\n|move|p1a: Skeledirge|Torch Song|p2a: Kommo-o\n|-resisted|p2a: Kommo-o\n|-damage|p2a: Kommo-o|45\/100 slp\n|-boost|p1a: Skeledirge|spa|1\n|\n|-heal|p1a: Skeledirge|94\/100|[from] item: Leftovers\n|-damage|p1a: Skeledirge|82\/100|[from] Salt Cure\n|upkeep\n|turn|24\n|\n|t:|1700394868\n|cant|p2a: Kommo-o|slp\n|move|p1a: Skeledirge|Shadow Ball|p2a: Kommo-o\n|-immune|p2a: Kommo-o|[from] ability: Bulletproof\n|\n|-heal|p1a: Skeledirge|88\/100|[from] item: Leftovers\n|-damage|p1a: Skeledirge|75\/100|[from] Salt Cure\n|upkeep\n|turn|25\n|\n|t:|1700394880\n|-curestatus|p2a: Kommo-o|slp|[msg]\n|move|p2a: Kommo-o|Clanging Scales|p1a: Skeledirge\n|-damage|p1a: Skeledirge|22\/100\n|-unboost|p2a: Kommo-o|def|1\n|move|p1a: Skeledirge|Torch Song|p2a: Kommo-o\n|-resisted|p2a: Kommo-o\n|-damage|p2a: Kommo-o|0 fnt\n|-boost|p1a: Skeledirge|spa|1\n|faint|p2a: Kommo-o\n|\n|-heal|p1a: Skeledirge|28\/100|[from] item: Leftovers\n|-damage|p1a: Skeledirge|16\/100|[from] Salt Cure\n|upkeep\n|\n|t:|1700394883\n|switch|p2a: Garganacl|Garganacl, M|86\/100\n|turn|26\n|\n|t:|1700394886\n|move|p1a: Skeledirge|Slack Off|p1a: Skeledirge\n|-heal|p1a: Skeledirge|66\/100\n|move|p2a: Garganacl|Salt Cure|p1a: Skeledirge\n|-supereffective|p1a: Skeledirge\n|-damage|p1a: Skeledirge|50\/100\n|\n|-heal|p1a: Skeledirge|56\/100|[from] item: Leftovers\n|-damage|p1a: Skeledirge|43\/100|[from] Salt Cure\n|upkeep\n|turn|27\n|\n|t:|1700394895\n|move|p1a: Skeledirge|Slack Off|p1a: Skeledirge\n|-heal|p1a: Skeledirge|93\/100\n|move|p2a: Garganacl|Salt Cure|p1a: Skeledirge\n|-supereffective|p1a: Skeledirge\n|-damage|p1a: Skeledirge|77\/100\n|\n|-heal|p1a: Skeledirge|84\/100|[from] item: Leftovers\n|-damage|p1a: Skeledirge|71\/100|[from] Salt Cure\n|upkeep\n|turn|28\n|\n|t:|1700394903\n|move|p1a: Skeledirge|Torch Song|p2a: Garganacl\n|-resisted|p2a: Garganacl\n|-damage|p2a: Garganacl|54\/100\n|-boost|p1a: Skeledirge|spa|1\n|move|p2a: Garganacl|Salt Cure|p1a: Skeledirge\n|-supereffective|p1a: Skeledirge\n|-damage|p1a: Skeledirge|55\/100\n|\n|-heal|p1a: Skeledirge|61\/100|[from] item: Leftovers\n|-damage|p1a: Skeledirge|49\/100|[from] Salt Cure\n|upkeep\n|turn|29\n|\n|t:|1700394905\n|move|p1a: Skeledirge|Shadow Ball|p2a: Garganacl\n|-damage|p2a: Garganacl|16\/100\n|move|p2a: Garganacl|Salt Cure|p1a: Skeledirge\n|-supereffective|p1a: Skeledirge\n|-damage|p1a: Skeledirge|32\/100\n|\n|-heal|p1a: Skeledirge|38\/100|[from] item: Leftovers\n|-damage|p1a: Skeledirge|26\/100|[from] Salt Cure\n|upkeep\n|turn|30\n|\n|t:|1700394910\n|move|p1a: Skeledirge|Shadow Ball|p2a: Garganacl\n|-damage|p2a: Garganacl|0 fnt\n|faint|p2a: Garganacl\n|\n|win|shfeha\n|raw|shfeha's rating: 1198 &rarr; <strong>1226<\/strong><br \/>(+28 for winning)\n|raw|Qwesdfcvb8's rating: 1243 &rarr; <strong>1215<\/strong><br \/>(-28 for losing)\n","uploadtime":1700394914,"views":5,"p1id":"shfeha","p2id":"qwesdfcvb8","formatid":"gen9nationaldex","rating":1215,"private":0,"password":""}