{"id":"gen9nationaldex-1988751202","p1":"Ant12131","p2":"Dylax","format":"[Gen 9] National Dex","log":"|j|\u2606Ant12131\n|j|\u2606Dylax\n|t:|1699758459\n|gametype|singles\n|player|p1|Ant12131|volkner|\n|player|p2|Dylax|larry|\n|teamsize|p1|6\n|teamsize|p2|6\n|gen|9\n|tier|[Gen 9] National Dex\n|rule|HP Percentage Mod: HP is shown in percentages\n|rule|Endless Battle Clause: Forcing endless battles is banned\n|rule|OHKO Clause: OHKO moves are banned\n|rule|Evasion Clause: Evasion abilities, items, and moves are banned\n|rule|Evasion Abilities Clause: Evasion abilities are banned\n|rule|Evasion Items Clause: Evasion items are banned\n|rule|Evasion Moves Clause: Evasion moves are banned\n|rule|Species Clause: Limit one of each Pok\u00e9mon\n|rule|Sleep Clause Mod: Limit one foe put to sleep\n|clearpoke\n|poke|p1|Corviknight, M|\n|poke|p1|Zapdos|\n|poke|p1|Pelipper, M|\n|poke|p1|Hawlucha, F|\n|poke|p1|Decidueye, M|\n|poke|p1|Empoleon, M|\n|poke|p2|Porygon2|\n|poke|p2|Cresselia, F|\n|poke|p2|Skarmory, M|\n|poke|p2|Togekiss, F|\n|poke|p2|Zapdos|\n|poke|p2|Quaquaval, M|\n|teampreview\n|c|\u2606Dylax|Berd gang\n|c|\u2606Ant12131|glhf\n|c|\u2606Dylax|thank you, you too\n|c|\u2606Dylax|Also, thanks for sending the link\n|j| pulsarnyx\n|c|\u2606Ant12131|np\n|\n|t:|1699758572\n|start\n|switch|p1a: da biggest Bird~|Empoleon, M|100\/100\n|switch|p2a: Starscream|Skarmory, M|100\/100\n|turn|1\n|\n|t:|1699758592\n|move|p2a: Starscream|Stealth Rock|p1a: da biggest Bird~\n|-sidestart|p1: Ant12131|move: Stealth Rock\n|move|p1a: da biggest Bird~|Knock Off|p2a: Starscream\n|-damage|p2a: Starscream|85\/100\n|-damage|p1a: da biggest Bird~|84\/100|[from] item: Rocky Helmet|[of] p2a: Starscream\n|-enditem|p2a: Starscream|Rocky Helmet|[from] move: Knock Off|[of] p1a: da biggest Bird~\n|\n|-heal|p1a: da biggest Bird~|90\/100|[from] item: Leftovers\n|upkeep\n|turn|2\n|\n|t:|1699758604\n|move|p1a: da biggest Bird~|Scald|p2a: Starscream\n|-damage|p2a: Starscream|59\/100\n|-status|p2a: Starscream|brn\n|move|p2a: Starscream|Whirlwind|p1a: da biggest Bird~\n|drag|p1a: Da Biggest Bird|Corviknight, M|100\/100\n|-ability|p1a: Da Biggest Bird|Unnerve\n|-damage|p1a: Da Biggest Bird|88\/100|[from] Stealth Rock\n|\n|-heal|p1a: Da Biggest Bird|94\/100|[from] item: Leftovers\n|-damage|p2a: Starscream|53\/100 brn|[from] brn\n|upkeep\n|turn|3\n|c|\u2606Dylax|Anything can happen in Jersey\n|c|\u2606Ant12131|so true\n|c|\u2606Dylax|and another burn happened\n|\n|t:|1699758633\n|switch|p1a: Da biggest Bird|Pelipper, M|100\/100\n|-damage|p1a: Da biggest Bird|76\/100|[from] Stealth Rock\n|-weather|RainDance|[from] ability: Drizzle|[of] p1a: Da biggest Bird\n|move|p2a: Starscream|Roost|p2a: Starscream\n|-heal|p2a: Starscream|100\/100 brn\n|-singleturn|p2a: Starscream|move: Roost\n|\n|-weather|RainDance|[upkeep]\n|-damage|p2a: Starscream|95\/100 brn|[from] brn\n|upkeep\n|turn|4\n|c|\u2606Dylax|flashbacks\n|\n|t:|1699758655\n|move|p1a: Da biggest Bird|Defog|p2a: Starscream\n|-unboost|p2a: Starscream|evasion|1\n|-sideend|p1: Ant12131|Stealth Rock|[from] move: Defog|[of] p1a: Da biggest Bird\n|move|p2a: Starscream|Brave Bird|p1a: Da biggest Bird\n|-damage|p1a: Da biggest Bird|61\/100\n|-damage|p2a: Starscream|91\/100 brn|[from] Recoil\n|\n|-weather|RainDance|[upkeep]\n|-damage|p2a: Starscream|85\/100 brn|[from] brn\n|upkeep\n|turn|5\n|\n|t:|1699758669\n|move|p1a: Da biggest Bird|Roost|p1a: Da biggest Bird\n|-heal|p1a: Da biggest Bird|100\/100\n|-singleturn|p1a: Da biggest Bird|move: Roost\n|move|p2a: Starscream|Stealth Rock|p1a: Da biggest Bird\n|-sidestart|p1: Ant12131|move: Stealth Rock\n|\n|-weather|RainDance|[upkeep]\n|-damage|p2a: Starscream|79\/100 brn|[from] brn\n|upkeep\n|turn|6\n|\n|t:|1699758677\n|move|p1a: Da biggest Bird|Defog|p2a: Starscream\n|-unboost|p2a: Starscream|evasion|1\n|-sideend|p1: Ant12131|Stealth Rock|[from] move: Defog|[of] p1a: Da biggest Bird\n|move|p2a: Starscream|Roost|p2a: Starscream\n|-heal|p2a: Starscream|100\/100 brn\n|-singleturn|p2a: Starscream|move: Roost\n|\n|-weather|RainDance|[upkeep]\n|-damage|p2a: Starscream|95\/100 brn|[from] brn\n|upkeep\n|turn|7\n|\n|t:|1699758686\n|switch|p1a: Da Biggest bird|Zapdos|100\/100\n|move|p2a: Starscream|Stealth Rock|p1a: Da Biggest bird\n|-sidestart|p1: Ant12131|move: Stealth Rock\n|\n|-weather|RainDance|[upkeep]\n|-damage|p2a: Starscream|89\/100 brn|[from] brn\n|upkeep\n|turn|8\n|\n|t:|1699758705\n|switch|p2a: Rosalina|Cresselia, F, shiny|100\/100\n|move|p1a: Da Biggest bird|Heat Wave|p2a: Rosalina\n|-damage|p2a: Rosalina|91\/100\n|\n|-weather|RainDance|[upkeep]\n|-heal|p2a: Rosalina|97\/100|[from] item: Leftovers\n|upkeep\n|turn|9\n|\n|t:|1699758712\n|move|p1a: Da Biggest bird|Toxic|p2a: Rosalina|[miss]\n|-miss|p1a: Da Biggest bird|p2a: Rosalina\n|move|p2a: Rosalina|Ice Beam|p1a: Da Biggest bird\n|-supereffective|p1a: Da Biggest bird\n|-damage|p1a: Da Biggest bird|68\/100\n|\n|-weather|RainDance|[upkeep]\n|-heal|p2a: Rosalina|100\/100|[from] item: Leftovers\n|upkeep\n|turn|10\n|\n|t:|1699758726\n|move|p1a: Da Biggest bird|Toxic|p2a: Rosalina\n|-status|p2a: Rosalina|tox\n|move|p2a: Rosalina|Ice Beam|p1a: Da Biggest bird\n|-supereffective|p1a: Da Biggest bird\n|-damage|p1a: Da Biggest bird|34\/100\n|\n|-weather|none\n|-damage|p2a: Rosalina|94\/100 tox|[from] psn\n|upkeep\n|turn|11\n|\n|t:|1699758755\n|move|p1a: Da Biggest bird|Thunder|p2a: Rosalina|[miss]\n|-miss|p1a: Da Biggest bird|p2a: Rosalina\n|move|p2a: Rosalina|Ice Beam|p1a: Da Biggest bird\n|-supereffective|p1a: Da Biggest bird\n|-damage|p1a: Da Biggest bird|2\/100\n|\n|-heal|p2a: Rosalina|100\/100 tox|[from] item: Leftovers\n|-damage|p2a: Rosalina|88\/100 tox|[from] psn\n|upkeep\n|turn|12\n|c|\u2606Dylax|The unluckiest bird\n|\n|t:|1699758777\n|move|p1a: Da Biggest bird|Hurricane|p2a: Rosalina\n|-damage|p2a: Rosalina|57\/100 tox\n|move|p2a: Rosalina|Ice Beam|p1a: Da Biggest bird\n|-supereffective|p1a: Da Biggest bird\n|-damage|p1a: Da Biggest bird|0 fnt\n|faint|p1a: Da Biggest bird\n|\n|-heal|p2a: Rosalina|63\/100 tox|[from] item: Leftovers\n|-damage|p2a: Rosalina|45\/100 tox|[from] psn\n|upkeep\n|\n|t:|1699758788\n|switch|p1a: da biggest Bird~|Empoleon, M|90\/100\n|-damage|p1a: da biggest Bird~|84\/100|[from] Stealth Rock\n|turn|13\n|\n|t:|1699758796\n|switch|p2a: Starscream|Skarmory, M|89\/100 brn\n|move|p1a: da biggest Bird~|Stealth Rock|p2a: Starscream\n|-sidestart|p2: Dylax|move: Stealth Rock\n|\n|-heal|p1a: da biggest Bird~|90\/100|[from] item: Leftovers\n|-damage|p2a: Starscream|83\/100 brn|[from] brn\n|upkeep\n|turn|14\n|\n|t:|1699758813\n|move|p1a: da biggest Bird~|Scald|p2a: Starscream\n|-damage|p2a: Starscream|56\/100 brn\n|move|p2a: Starscream|Whirlwind|p1a: da biggest Bird~\n|drag|p1a: Da biggest Bird|Pelipper, M|100\/100\n|-damage|p1a: Da biggest Bird|76\/100|[from] Stealth Rock\n|-weather|RainDance|[from] ability: Drizzle|[of] p1a: Da biggest Bird\n|\n|-weather|RainDance|[upkeep]\n|-damage|p2a: Starscream|50\/100 brn|[from] brn\n|upkeep\n|turn|15\n|\n|t:|1699758851\n|move|p1a: Da biggest Bird|Scald|p2a: Starscream\n|-damage|p2a: Starscream|12\/100 brn\n|move|p2a: Starscream|Roost|p2a: Starscream\n|-heal|p2a: Starscream|62\/100 brn\n|-singleturn|p2a: Starscream|move: Roost\n|\n|-weather|RainDance|[upkeep]\n|-damage|p2a: Starscream|56\/100 brn|[from] brn\n|upkeep\n|turn|16\n|\n|t:|1699758869\n|move|p1a: Da biggest Bird|Scald|p2a: Starscream\n|-damage|p2a: Starscream|17\/100 brn\n|move|p2a: Starscream|Roost|p2a: Starscream\n|-heal|p2a: Starscream|67\/100 brn\n|-singleturn|p2a: Starscream|move: Roost\n|\n|-weather|RainDance|[upkeep]\n|-damage|p2a: Starscream|61\/100 brn|[from] brn\n|upkeep\n|turn|17\n|\n|t:|1699758878\n|move|p1a: Da biggest Bird|Scald|p2a: Starscream\n|-damage|p2a: Starscream|21\/100 brn\n|move|p2a: Starscream|Roost|p2a: Starscream\n|-heal|p2a: Starscream|71\/100 brn\n|-singleturn|p2a: Starscream|move: Roost\n|\n|-weather|RainDance|[upkeep]\n|-damage|p2a: Starscream|65\/100 brn|[from] brn\n|upkeep\n|turn|18\n|\n|t:|1699758893\n|move|p1a: Da biggest Bird|Hurricane|p2a: Starscream\n|-resisted|p2a: Starscream\n|-damage|p2a: Starscream|47\/100 brn\n|-start|p2a: Starscream|confusion\n|-activate|p2a: Starscream|confusion\n|move|p2a: Starscream|Roost|p2a: Starscream\n|-heal|p2a: Starscream|97\/100 brn\n|-singleturn|p2a: Starscream|move: Roost\n|\n|-weather|RainDance|[upkeep]\n|-damage|p2a: Starscream|91\/100 brn|[from] brn\n|upkeep\n|turn|19\n|\n|t:|1699758935\n|switch|p2a: Ammar|Porygon2|100\/100\n|-damage|p2a: Ammar|88\/100|[from] Stealth Rock\n|-ability|p2a: Ammar|Drizzle|[from] ability: Trace|[of] p1a: Da biggest Bird\n|move|p1a: Da biggest Bird|Scald|p2a: Ammar\n|-damage|p2a: Ammar|68\/100\n|\n|-weather|RainDance|[upkeep]\n|upkeep\n|turn|20\n|\n|t:|1699758947\n|move|p1a: Da biggest Bird|Hurricane|p2a: Ammar\n|-damage|p2a: Ammar|50\/100\n|-start|p2a: Ammar|confusion\n|-activate|p2a: Ammar|confusion\n|-damage|p2a: Ammar|43\/100|[from] confusion\n|\n|-weather|RainDance|[upkeep]\n|upkeep\n|turn|21\n|\n|t:|1699758963\n|move|p1a: Da biggest Bird|Scald|p2a: Ammar\n|-damage|p2a: Ammar|24\/100\n|-status|p2a: Ammar|brn\n|-activate|p2a: Ammar|confusion\n|move|p2a: Ammar|Recover|p2a: Ammar\n|-heal|p2a: Ammar|74\/100 brn\n|\n|-weather|none\n|-damage|p2a: Ammar|68\/100 brn|[from] brn\n|upkeep\n|turn|22\n|\n|t:|1699758984\n|switch|p1a: Da Biggest Bird|Corviknight, M|94\/100\n|-ability|p1a: Da Biggest Bird|Unnerve\n|-damage|p1a: Da Biggest Bird|82\/100|[from] Stealth Rock\n|-end|p2a: Ammar|confusion\n|move|p2a: Ammar|Teleport|p2a: Ammar\n|\n|t:|1699758994\n|switch|p2a: \"Free Thinkers\"|Zapdos|100\/100|[from] Teleport\n|\n|-heal|p1a: Da Biggest Bird|88\/100|[from] item: Leftovers\n|upkeep\n|turn|23\n|\n|t:|1699759034\n|move|p2a: \"Free Thinkers\"|Discharge|p1a: Da Biggest Bird\n|-supereffective|p1a: Da Biggest Bird\n|-damage|p1a: Da Biggest Bird|28\/100\n|-status|p1a: Da Biggest Bird|par\n|move|p1a: Da Biggest Bird|Iron Defense|p1a: Da Biggest Bird\n|-boost|p1a: Da Biggest Bird|def|2\n|\n|-heal|p1a: Da Biggest Bird|34\/100 par|[from] item: Leftovers\n|upkeep\n|turn|24\n|\n|t:|1699759052\n|move|p2a: \"Free Thinkers\"|Discharge|p1a: Da Biggest Bird\n|-supereffective|p1a: Da Biggest Bird\n|-damage|p1a: Da Biggest Bird|0 fnt\n|faint|p1a: Da Biggest Bird\n|\n|upkeep\n|\n|t:|1699759067\n|switch|p1a: da Biggest Bird'|Hawlucha, F|100\/100\n|-damage|p1a: da Biggest Bird'|88\/100|[from] Stealth Rock\n|turn|25\n|\n|t:|1699759075\n|-terastallize|p1a: da Biggest Bird'|Steel\n|move|p1a: da Biggest Bird'|Stone Edge|p2a: \"Free Thinkers\"|[miss]\n|-miss|p1a: da Biggest Bird'|p2a: \"Free Thinkers\"\n|move|p2a: \"Free Thinkers\"|Discharge|p1a: da Biggest Bird'\n|-damage|p1a: da Biggest Bird'|39\/100\n|\n|upkeep\n|turn|26\n|\n|t:|1699759087\n|switch|p2a: Starscream|Skarmory, M|91\/100 brn\n|-damage|p2a: Starscream|79\/100 brn|[from] Stealth Rock\n|move|p1a: da Biggest Bird'|Stone Edge|p2a: Starscream\n|-damage|p2a: Starscream|54\/100 brn\n|\n|-damage|p2a: Starscream|48\/100 brn|[from] brn\n|upkeep\n|turn|27\n|\n|t:|1699759095\n|move|p1a: da Biggest Bird'|Fling|p2a: Starscream\n|-damage|p2a: Starscream|17\/100 brn\n|-enditem|p1a: da Biggest Bird'|Big Nugget|[from] move: Fling\n|move|p2a: Starscream|Whirlwind|p1a: da Biggest Bird'\n|drag|p1a: Da biggest Bird|Pelipper, M|76\/100\n|-damage|p1a: Da biggest Bird|51\/100|[from] Stealth Rock\n|-weather|RainDance|[from] ability: Drizzle|[of] p1a: Da biggest Bird\n|\n|-weather|RainDance|[upkeep]\n|-damage|p2a: Starscream|11\/100 brn|[from] brn\n|upkeep\n|turn|28\n|c|\u2606Ant12131|fling big nugget\n|c|\u2606Dylax|Fling big nugget\n|c|\u2606Dylax|My beloved\n|\n|t:|1699759120\n|switch|p2a: Ammar|Porygon2|68\/100 brn\n|-damage|p2a: Ammar|55\/100 brn|[from] Stealth Rock\n|-ability|p2a: Ammar|Drizzle|[from] ability: Trace|[of] p1a: Da biggest Bird\n|move|p1a: Da biggest Bird|Hurricane|p2a: Ammar\n|-damage|p2a: Ammar|39\/100 brn\n|-start|p2a: Ammar|confusion\n|\n|-weather|RainDance|[upkeep]\n|-damage|p2a: Ammar|33\/100 brn|[from] brn\n|upkeep\n|turn|29\n|\n|t:|1699759139\n|move|p1a: Da biggest Bird|Scald|p2a: Ammar\n|-damage|p2a: Ammar|16\/100 brn\n|-activate|p2a: Ammar|confusion\n|move|p2a: Ammar|Recover|p2a: Ammar\n|-heal|p2a: Ammar|66\/100 brn\n|\n|-weather|RainDance|[upkeep]\n|-damage|p2a: Ammar|60\/100 brn|[from] brn\n|upkeep\n|turn|30\n|\n|t:|1699759161\n|switch|p1a: Da biggest bird`|Decidueye, M|100\/100\n|-damage|p1a: Da biggest bird`|88\/100|[from] Stealth Rock\n|-activate|p2a: Ammar|confusion\n|-damage|p2a: Ammar|54\/100 brn|[from] confusion\n|\n|-weather|RainDance|[upkeep]\n|-damage|p2a: Ammar|48\/100 brn|[from] brn\n|upkeep\n|turn|31\n|\n|t:|1699759183\n|move|p1a: Da biggest bird`|Energy Ball|p2a: Ammar\n|-damage|p2a: Ammar|36\/100 brn\n|-activate|p2a: Ammar|confusion\n|move|p2a: Ammar|Ice Beam|p1a: Da biggest bird`\n|-supereffective|p1a: Da biggest bird`\n|-damage|p1a: Da biggest bird`|38\/100\n|\n|-weather|RainDance|[upkeep]\n|-damage|p2a: Ammar|30\/100 brn|[from] brn\n|upkeep\n|turn|32\n|\n|t:|1699759206\n|switch|p1a: da biggest Bird~|Empoleon, M|90\/100\n|-damage|p1a: da biggest Bird~|84\/100|[from] Stealth Rock\n|-end|p2a: Ammar|confusion\n|move|p2a: Ammar|Ice Beam|p1a: da biggest Bird~\n|-resisted|p1a: da biggest Bird~\n|-damage|p1a: da biggest Bird~|80\/100\n|\n|-weather|RainDance|[upkeep]\n|-heal|p1a: da biggest Bird~|86\/100|[from] item: Leftovers\n|-damage|p2a: Ammar|24\/100 brn|[from] brn\n|upkeep\n|turn|33\n|\n|t:|1699759219\n|move|p1a: da biggest Bird~|Knock Off|p2a: Ammar\n|-damage|p2a: Ammar|10\/100 brn\n|-enditem|p2a: Ammar|Eviolite|[from] move: Knock Off|[of] p1a: da biggest Bird~\n|move|p2a: Ammar|Recover|p2a: Ammar\n|-heal|p2a: Ammar|60\/100 brn\n|\n|-weather|RainDance|[upkeep]\n|-heal|p1a: da biggest Bird~|92\/100|[from] item: Leftovers\n|-damage|p2a: Ammar|54\/100 brn|[from] brn\n|upkeep\n|turn|34\n|c|\u2606Dylax|rude\n|\n|t:|1699759240\n|switch|p2a: Rosalina|Cresselia, F, shiny|45\/100 tox\n|-damage|p2a: Rosalina|32\/100 tox|[from] Stealth Rock\n|move|p1a: da biggest Bird~|Scald|p2a: Rosalina\n|-damage|p2a: Rosalina|14\/100 tox\n|\n|-weather|none\n|-heal|p2a: Rosalina|20\/100 tox|[from] item: Leftovers\n|-heal|p1a: da biggest Bird~|98\/100|[from] item: Leftovers\n|-damage|p2a: Rosalina|14\/100 tox|[from] psn\n|upkeep\n|turn|35\n|\n|t:|1699759255\n|move|p2a: Rosalina|Thunderbolt|p1a: da biggest Bird~\n|-supereffective|p1a: da biggest Bird~\n|-damage|p1a: da biggest Bird~|73\/100\n|move|p1a: da biggest Bird~|Knock Off|p2a: Rosalina\n|-supereffective|p2a: Rosalina\n|-crit|p2a: Rosalina\n|-damage|p2a: Rosalina|0 fnt\n|-enditem|p2a: Rosalina|Leftovers|[from] move: Knock Off|[of] p1a: da biggest Bird~\n|faint|p2a: Rosalina\n|\n|-heal|p1a: da biggest Bird~|79\/100|[from] item: Leftovers\n|upkeep\n|\n|t:|1699759260\n|switch|p2a: \"Free Thinkers\"|Zapdos|100\/100\n|turn|36\n|\n|t:|1699759267\n|move|p2a: \"Free Thinkers\"|Discharge|p1a: da biggest Bird~\n|-supereffective|p1a: da biggest Bird~\n|-damage|p1a: da biggest Bird~|19\/100\n|-status|p1a: da biggest Bird~|par\n|move|p1a: da biggest Bird~|Toxic|p2a: \"Free Thinkers\"|[miss]\n|-miss|p1a: da biggest Bird~|p2a: \"Free Thinkers\"\n|\n|-heal|p1a: da biggest Bird~|25\/100 par|[from] item: Leftovers\n|upkeep\n|turn|37\n|\n|t:|1699759288\n|move|p2a: \"Free Thinkers\"|Discharge|p1a: da biggest Bird~\n|-supereffective|p1a: da biggest Bird~\n|-damage|p1a: da biggest Bird~|0 fnt\n|faint|p1a: da biggest Bird~\n|\n|upkeep\n|\n|t:|1699759294\n|switch|p1a: da Biggest Bird'|Hawlucha, F, tera:Steel|39\/100\n|-damage|p1a: da Biggest Bird'|33\/100|[from] Stealth Rock\n|turn|38\n|\n|t:|1699759302\n|switch|p2a: Starscream|Skarmory, M|11\/100 brn\n|-damage|p2a: Starscream|0 fnt|[from] Stealth Rock\n|faint|p2a: Starscream\n|move|p1a: da Biggest Bird'|Stone Edge|p2: Starscream|[notarget]\n|-fail|p1a: da Biggest Bird'\n|\n|upkeep\n|\n|t:|1699759314\n|switch|p2a: Berdly|Quaquaval, M|100\/100\n|turn|39\n|\n|t:|1699759335\n|move|p1a: da Biggest Bird'|Acrobatics|p2a: Berdly\n|-supereffective|p2a: Berdly\n|-damage|p2a: Berdly|0 fnt\n|faint|p2a: Berdly\n|\n|upkeep\n|\n|t:|1699759338\n|switch|p2a: \"Free Thinkers\"|Zapdos|100\/100\n|turn|40\n|\n|t:|1699759346\n|-terastallize|p2a: \"Free Thinkers\"|Steel\n|move|p1a: da Biggest Bird'|Stone Edge|p2a: \"Free Thinkers\"|[miss]\n|-miss|p1a: da Biggest Bird'|p2a: \"Free Thinkers\"\n|move|p2a: \"Free Thinkers\"|Discharge|p1a: da Biggest Bird'\n|-damage|p1a: da Biggest Bird'|0 fnt\n|faint|p1a: da Biggest Bird'\n|\n|upkeep\n|c|\u2606Ant12131|bro...\n|c|\u2606Dylax|Dude\n|\n|t:|1699759368\n|switch|p1a: Da biggest bird`|Decidueye, M|38\/100\n|-damage|p1a: Da biggest bird`|26\/100|[from] Stealth Rock\n|turn|41\n|\n|t:|1699759374\n|move|p2a: \"Free Thinkers\"|Discharge|p1a: Da biggest bird`\n|-resisted|p1a: Da biggest bird`\n|-damage|p1a: Da biggest bird`|7\/100\n|-zpower|p1a: Da biggest bird`\n|move|p1a: Da biggest bird`|Sinister Arrow Raid|p2a: \"Free Thinkers\"|[zeffect]\n|-damage|p2a: \"Free Thinkers\"|11\/100\n|\n|upkeep\n|turn|42\n|\n|t:|1699759385\n|move|p1a: Da biggest bird`|Sucker Punch|p2a: \"Free Thinkers\"\n|-damage|p2a: \"Free Thinkers\"|0 fnt\n|faint|p2a: \"Free Thinkers\"\n|\n|upkeep\n|\n|t:|1699759403\n|switch|p2a: Ammar|Porygon2|54\/100 brn\n|-damage|p2a: Ammar|42\/100 brn|[from] Stealth Rock\n|-ability|p2a: Ammar|Long Reach|[from] ability: Trace|[of] p1a: Da biggest bird`\n|turn|43\n|\n|t:|1699759411\n|move|p1a: Da biggest bird`|Acrobatics|p2a: Ammar\n|-damage|p2a: Ammar|26\/100 brn\n|move|p2a: Ammar|Recover|p2a: Ammar\n|-heal|p2a: Ammar|76\/100 brn\n|\n|-damage|p2a: Ammar|70\/100 brn|[from] brn\n|upkeep\n|turn|44\n|\n|t:|1699759430\n|move|p1a: Da biggest bird`|Energy Ball|p2a: Ammar\n|-damage|p2a: Ammar|50\/100 brn\n|move|p2a: Ammar|Recover|p2a: Ammar\n|-heal|p2a: Ammar|100\/100 brn\n|\n|-damage|p2a: Ammar|94\/100 brn|[from] brn\n|upkeep\n|turn|45\n|\n|t:|1699759442\n|move|p1a: Da biggest bird`|Energy Ball|p2a: Ammar\n|-damage|p2a: Ammar|76\/100 brn\n|move|p2a: Ammar|Toxic|p1a: Da biggest bird`|[miss]\n|-miss|p2a: Ammar|p1a: Da biggest bird`\n|\n|-damage|p2a: Ammar|70\/100 brn|[from] brn\n|upkeep\n|turn|46\n|\n|t:|1699759452\n|move|p1a: Da biggest bird`|Energy Ball|p2a: Ammar\n|-damage|p2a: Ammar|50\/100 brn\n|move|p2a: Ammar|Recover|p2a: Ammar\n|-heal|p2a: Ammar|99\/100 brn\n|\n|-damage|p2a: Ammar|94\/100 brn|[from] brn\n|upkeep\n|turn|47\n|\n|t:|1699759459\n|move|p1a: Da biggest bird`|Energy Ball|p2a: Ammar\n|-crit|p2a: Ammar\n|-damage|p2a: Ammar|62\/100 brn\n|move|p2a: Ammar|Toxic|p1a: Da biggest bird`\n|-status|p1a: Da biggest bird`|tox\n|\n|-damage|p1a: Da biggest bird`|1\/100 tox|[from] psn\n|-damage|p2a: Ammar|56\/100 brn|[from] brn\n|upkeep\n|turn|48\n|\n|t:|1699759467\n|move|p1a: Da biggest bird`|Energy Ball|p2a: Ammar\n|-damage|p2a: Ammar|36\/100 brn\n|move|p2a: Ammar|Recover|p2a: Ammar\n|-heal|p2a: Ammar|86\/100 brn\n|\n|-damage|p1a: Da biggest bird`|0 fnt|[from] psn\n|faint|p1a: Da biggest bird`\n|-damage|p2a: Ammar|80\/100 brn|[from] brn\n|upkeep\n|\n|t:|1699759476\n|switch|p1a: Da biggest Bird|Pelipper, M|51\/100\n|-damage|p1a: Da biggest Bird|26\/100|[from] Stealth Rock\n|-weather|RainDance|[from] ability: Drizzle|[of] p1a: Da biggest Bird\n|turn|49\n|\n|t:|1699759483\n|move|p1a: Da biggest Bird|Roost|p1a: Da biggest Bird\n|-heal|p1a: Da biggest Bird|76\/100\n|-singleturn|p1a: Da biggest Bird|move: Roost\n|move|p2a: Ammar|Ice Beam|p1a: Da biggest Bird\n|-resisted|p1a: Da biggest Bird\n|-damage|p1a: Da biggest Bird|58\/100\n|\n|-weather|RainDance|[upkeep]\n|-damage|p2a: Ammar|73\/100 brn|[from] brn\n|upkeep\n|turn|50\n|\n|t:|1699759493\n|move|p1a: Da biggest Bird|Roost|p1a: Da biggest Bird\n|-heal|p1a: Da biggest Bird|100\/100\n|-singleturn|p1a: Da biggest Bird|move: Roost\n|move|p2a: Ammar|Toxic|p1a: Da biggest Bird\n|-status|p1a: Da biggest Bird|tox\n|\n|-weather|RainDance|[upkeep]\n|-damage|p1a: Da biggest Bird|94\/100 tox|[from] psn\n|-damage|p2a: Ammar|67\/100 brn|[from] brn\n|upkeep\n|turn|51\n|\n|t:|1699759503\n|move|p1a: Da biggest Bird|Hurricane|p2a: Ammar\n|-damage|p2a: Ammar|41\/100 brn\n|move|p2a: Ammar|Ice Beam|p1a: Da biggest Bird\n|-damage|p1a: Da biggest Bird|57\/100 tox\n|\n|-weather|RainDance|[upkeep]\n|-damage|p1a: Da biggest Bird|45\/100 tox|[from] psn\n|-damage|p2a: Ammar|35\/100 brn|[from] brn\n|upkeep\n|turn|52\n|\n|t:|1699759511\n|move|p1a: Da biggest Bird|Hurricane|p2a: Ammar\n|-damage|p2a: Ammar|10\/100 brn\n|-start|p2a: Ammar|confusion\n|-activate|p2a: Ammar|confusion\n|-damage|p2a: Ammar|4\/100 brn|[from] confusion\n|\n|-weather|RainDance|[upkeep]\n|-damage|p1a: Da biggest Bird|26\/100 tox|[from] psn\n|-damage|p2a: Ammar|0 fnt|[from] brn\n|faint|p2a: Ammar\n|upkeep\n|\n|t:|1699759516\n|switch|p2a: Evangelion|Togekiss, F, shiny|100\/100\n|-damage|p2a: Evangelion|76\/100|[from] Stealth Rock\n|turn|53\n|\n|t:|1699759526\n|move|p2a: Evangelion|Air Slash|p1a: Da biggest Bird\n|-damage|p1a: Da biggest Bird|0 fnt\n|faint|p1a: Da biggest Bird\n|\n|win|Dylax\n|c|\u2606Dylax|If i had a nickel for everytime a move missed...\n|c|\u2606Ant12131|I hate this game sometimes\n|l|\u2606Ant12131\n|c|\u2606Dylax|#fixPokemon\n|c|\u2606Dylax|also ggs\n","uploadtime":1699759670,"views":21,"p1id":"ant12131","p2id":"dylax","formatid":"gen9nationaldex","rating":0,"private":0,"password":""}