{"id":"gen9nationaldex-1990690458","p1":"JauT","p2":"JogadorCaro","format":"[Gen 9] National Dex","log":"|j|\u2606JauT\n|j|\u2606JogadorCaro\n|t:|1699992075\n|gametype|singles\n|player|p1|JauT|2|1609\n|player|p2|JogadorCaro|tate|1720\n|teamsize|p1|6\n|teamsize|p2|6\n|gen|9\n|tier|[Gen 9] National Dex\n|rated|\n|rule|HP Percentage Mod: HP is shown in percentages\n|rule|Endless Battle Clause: Forcing endless battles is banned\n|rule|OHKO Clause: OHKO moves are banned\n|rule|Evasion Clause: Evasion abilities, items, and moves are banned\n|rule|Evasion Abilities Clause: Evasion abilities are banned\n|rule|Evasion Items Clause: Evasion items are banned\n|rule|Evasion Moves Clause: Evasion moves are banned\n|rule|Species Clause: Limit one of each Pok\u00e9mon\n|rule|Sleep Clause Mod: Limit one foe put to sleep\n|clearpoke\n|poke|p1|Ogerpon-Wellspring, F|\n|poke|p1|Volcarona, M|\n|poke|p1|Landorus-Therian, M|\n|poke|p1|Iron Valiant|\n|poke|p1|Scizor, F|\n|poke|p1|Weavile, F|\n|poke|p2|Garganacl, F|\n|poke|p2|Zamazenta-*|\n|poke|p2|Volcarona, M|\n|poke|p2|Hoopa-Unbound|\n|poke|p2|Dondozo, F|\n|poke|p2|Rotom-Wash|\n|teampreview\n|inactive|Battle timer is ON: inactive players will automatically lose when time's up. (requested by JauT)\n|\n|t:|1699992083\n|start\n|switch|p1a: Weavile|Weavile, F|100\/100\n|switch|p2a: mulher|Rotom-Wash|100\/100\n|-ability|p1a: Weavile|Pressure\n|turn|1\n|\n|t:|1699992090\n|switch|p2a: Endeavor|Volcarona, M|100\/100\n|move|p1a: Weavile|Knock Off|p2a: Endeavor\n|-damage|p2a: Endeavor|0 fnt\n|-enditem|p2a: Endeavor|Heavy-Duty Boots|[from] move: Knock Off|[of] p1a: Weavile\n|faint|p2a: Endeavor\n|\n|upkeep\n|\n|t:|1699992097\n|switch|p2a: Toji|Zamazenta|100\/100\n|-ability|p2a: Toji|Dauntless Shield|boost\n|-boost|p2a: Toji|def|1\n|turn|2\n|\n|t:|1699992100\n|switch|p1a: Landorus|Landorus-Therian, M|100\/100\n|-ability|p1a: Landorus|Intimidate|boost\n|-unboost|p2a: Toji|atk|1\n|move|p2a: Toji|Ice Fang|p1a: Landorus\n|-supereffective|p1a: Landorus\n|-damage|p1a: Landorus|0 fnt\n|faint|p1a: Landorus\n|\n|upkeep\n|\n|t:|1699992109\n|switch|p1a: Iron Valiant|Iron Valiant|100\/100\n|-enditem|p1a: Iron Valiant|Booster Energy\n|-activate|p1a: Iron Valiant|ability: Quark Drive|[fromitem]\n|-start|p1a: Iron Valiant|quarkdrivespe\n|turn|3\n|\n|t:|1699992116\n|switch|p2a: Bale\u00e3o|Dondozo, F|100\/100\n|move|p1a: Iron Valiant|Calm Mind|p1a: Iron Valiant\n|-boost|p1a: Iron Valiant|spa|1\n|-boost|p1a: Iron Valiant|spd|1\n|\n|upkeep\n|turn|4\n|\n|t:|1699992118\n|move|p1a: Iron Valiant|Thunderbolt|p2a: Bale\u00e3o\n|-supereffective|p2a: Bale\u00e3o\n|-damage|p2a: Bale\u00e3o|60\/100\n|move|p2a: Bale\u00e3o|Wave Crash|p1a: Iron Valiant\n|-damage|p1a: Iron Valiant|45\/100\n|-damage|p2a: Bale\u00e3o|50\/100|[from] Recoil\n|\n|-heal|p2a: Bale\u00e3o|56\/100|[from] item: Leftovers\n|upkeep\n|turn|5\n|\n|t:|1699992125\n|move|p1a: Iron Valiant|Thunderbolt|p2a: Bale\u00e3o\n|-supereffective|p2a: Bale\u00e3o\n|-damage|p2a: Bale\u00e3o|15\/100\n|move|p2a: Bale\u00e3o|Wave Crash|p1a: Iron Valiant\n|-damage|p1a: Iron Valiant|0 fnt\n|faint|p1a: Iron Valiant\n|-end|p1a: Iron Valiant|Quark Drive|[silent]\n|-damage|p2a: Bale\u00e3o|6\/100|[from] Recoil\n|\n|-heal|p2a: Bale\u00e3o|12\/100|[from] item: Leftovers\n|upkeep\n|\n|t:|1699992130\n|switch|p1a: Ogerpon|Ogerpon-Wellspring, F|100\/100\n|turn|6\n|j| Angelito2004\n|\n|t:|1699992135\n|move|p1a: Ogerpon|Trailblaze|p2a: Bale\u00e3o\n|-supereffective|p2a: Bale\u00e3o\n|-damage|p2a: Bale\u00e3o|0 fnt\n|-boost|p1a: Ogerpon|spe|1\n|faint|p2a: Bale\u00e3o\n|\n|upkeep\n|\n|t:|1699992139\n|switch|p2a: Toji|Zamazenta|100\/100\n|turn|7\n|\n|t:|1699992142\n|move|p1a: Ogerpon|Swords Dance|p1a: Ogerpon\n|-boost|p1a: Ogerpon|atk|2\n|move|p2a: Toji|Close Combat|p1a: Ogerpon\n|-damage|p1a: Ogerpon|0 fnt\n|-unboost|p2a: Toji|def|1\n|-unboost|p2a: Toji|spd|1\n|faint|p1a: Ogerpon\n|\n|upkeep\n|\n|t:|1699992146\n|switch|p1a: Volcarona|Volcarona, M|100\/100\n|turn|8\n|\n|t:|1699992165\n|-terastallize|p2a: Toji|Fighting\n|move|p2a: Toji|Close Combat|p1a: Volcarona\n|-resisted|p1a: Volcarona\n|-damage|p1a: Volcarona|9\/100\n|-unboost|p2a: Toji|def|1\n|-unboost|p2a: Toji|spd|1\n|move|p1a: Volcarona|Quiver Dance|p1a: Volcarona\n|-boost|p1a: Volcarona|spa|1\n|-boost|p1a: Volcarona|spd|1\n|-boost|p1a: Volcarona|spe|1\n|\n|upkeep\n|turn|9\n|\n|t:|1699992176\n|switch|p2a: Agito|Hoopa-Unbound|100\/100\n|move|p1a: Volcarona|Fire Blast|p2a: Agito\n|-damage|p2a: Agito|8\/100\n|\n|upkeep\n|turn|10\n|\n|t:|1699992182\n|move|p1a: Volcarona|Hidden Power|p2a: Agito\n|-damage|p2a: Agito|0 fnt\n|faint|p2a: Agito\n|\n|upkeep\n|\n|t:|1699992186\n|switch|p2a: Toji|Zamazenta, tera:Fighting|100\/100\n|turn|11\n|\n|t:|1699992188\n|move|p1a: Volcarona|Fire Blast|p2a: Toji\n|-damage|p2a: Toji|9\/100\n|move|p2a: Toji|Close Combat|p1a: Volcarona\n|-resisted|p1a: Volcarona\n|-damage|p1a: Volcarona|0 fnt\n|-unboost|p2a: Toji|def|1\n|-unboost|p2a: Toji|spd|1\n|faint|p1a: Volcarona\n|\n|upkeep\n|\n|t:|1699992192\n|switch|p1a: Scizor|Scizor, F|100\/100\n|turn|12\n|\n|t:|1699992198\n|detailschange|p1a: Scizor|Scizor-Mega, F\n|-mega|p1a: Scizor|Scizor|Scizorite\n|move|p1a: Scizor|Bullet Punch|p2a: Toji\n|-damage|p2a: Toji|0 fnt\n|faint|p2a: Toji\n|\n|upkeep\n|\n|t:|1699992202\n|switch|p2a: Mahoraga|Garganacl, F|100\/100\n|turn|13\n|\n|t:|1699992208\n|move|p1a: Scizor|Close Combat|p2a: Mahoraga\n|-supereffective|p2a: Mahoraga\n|-damage|p2a: Mahoraga|51\/100\n|-unboost|p1a: Scizor|def|1\n|-unboost|p1a: Scizor|spd|1\n|move|p2a: Mahoraga|Iron Defense|p2a: Mahoraga\n|-boost|p2a: Mahoraga|def|2\n|\n|-heal|p2a: Mahoraga|57\/100|[from] item: Leftovers\n|upkeep\n|turn|14\n|\n|t:|1699992215\n|move|p1a: Scizor|Close Combat|p2a: Mahoraga\n|-supereffective|p2a: Mahoraga\n|-damage|p2a: Mahoraga|33\/100\n|-unboost|p1a: Scizor|def|1\n|-unboost|p1a: Scizor|spd|1\n|move|p2a: Mahoraga|Iron Defense|p2a: Mahoraga\n|-boost|p2a: Mahoraga|def|2\n|\n|-heal|p2a: Mahoraga|39\/100|[from] item: Leftovers\n|upkeep\n|turn|15\n|\n|t:|1699992218\n|move|p1a: Scizor|Close Combat|p2a: Mahoraga\n|-supereffective|p2a: Mahoraga\n|-damage|p2a: Mahoraga|21\/100\n|-unboost|p1a: Scizor|def|1\n|-unboost|p1a: Scizor|spd|1\n|move|p2a: Mahoraga|Recover|p2a: Mahoraga\n|-heal|p2a: Mahoraga|71\/100\n|\n|-heal|p2a: Mahoraga|77\/100|[from] item: Leftovers\n|upkeep\n|turn|16\n|\n|t:|1699992227\n|move|p1a: Scizor|Close Combat|p2a: Mahoraga\n|-supereffective|p2a: Mahoraga\n|-damage|p2a: Mahoraga|59\/100\n|-unboost|p1a: Scizor|def|1\n|-unboost|p1a: Scizor|spd|1\n|move|p2a: Mahoraga|Body Press|p1a: Scizor\n|-damage|p1a: Scizor|0 fnt\n|faint|p1a: Scizor\n|\n|-heal|p2a: Mahoraga|65\/100|[from] item: Leftovers\n|upkeep\n|-message|JauT forfeited.\n|\n|win|JogadorCaro\n|raw|JauT's rating: 1609 &rarr; <strong>1595<\/strong><br \/>(-14 for losing)\n|raw|JogadorCaro's rating: 1720 &rarr; <strong>1734<\/strong><br \/>(+14 for winning)\n|l|\u2606JauT\n","uploadtime":1699992239,"views":6,"p1id":"jaut","p2id":"jogadorcaro","formatid":"gen9nationaldex","rating":1595,"private":0,"password":""}