{"id":"gen9nationaldex-1999561573","p1":"Proxis666","p2":"Ay Cheu","format":"[Gen 9] National Dex","log":"|html|<div class=\"broadcast-blue\"><strong>[Gen 9] National Dex is currently suspecting Sneasler! For information on how to participate check out the <a href=\"https:\/\/www.smogon.com\/forums\/threads\/sv-national-dex-suspect-8-just-dance.3731534\/\">suspect thread<\/a>.<\/strong><\/div>\n|j|\u2606Proxis666\n|j|\u2606Ay Cheu\n|t:|1701096324\n|gametype|singles\n|player|p1|Proxis666|psychic|1670\n|player|p2|Ay Cheu|officeworker|1608\n|teamsize|p1|6\n|teamsize|p2|6\n|gen|9\n|tier|[Gen 9] National Dex\n|rated|\n|rule|HP Percentage Mod: HP is shown in percentages\n|rule|Endless Battle Clause: Forcing endless battles is banned\n|rule|OHKO Clause: OHKO moves are banned\n|rule|Evasion Clause: Evasion abilities, items, and moves are banned\n|rule|Evasion Abilities Clause: Evasion abilities are banned\n|rule|Evasion Items Clause: Evasion items are banned\n|rule|Evasion Moves Clause: Evasion moves are banned\n|rule|Species Clause: Limit one of each Pok\u00e9mon\n|rule|Sleep Clause Mod: Limit one foe put to sleep\n|clearpoke\n|poke|p1|Ceruledge, M|\n|poke|p1|Lilligant-Hisui, F|\n|poke|p1|Togekiss, F|\n|poke|p1|Garganacl, M|\n|poke|p1|Kyurem|\n|poke|p1|Swampert, M|\n|poke|p2|Arcanine-Hisui, M|\n|poke|p2|Snorlax, M|\n|poke|p2|Corviknight, M|\n|poke|p2|Greninja-*, M|\n|poke|p2|Sylveon, F|\n|poke|p2|Torterra, M|\n|teampreview\n|\n|t:|1701096337\n|start\n|switch|p1a: Ceruledge|Ceruledge, M|100\/100\n|switch|p2a: \u7edd\u6740|Greninja, M, shiny|100\/100\n|turn|1\n|inactive|Battle timer is ON: inactive players will automatically lose when time's up. (requested by Ay Cheu)\n|\n|t:|1701096342\n|switch|p1a: Not-Baxcalibur|Kyurem|100\/100\n|-ability|p1a: Not-Baxcalibur|Pressure\n|move|p2a: \u7edd\u6740|Dark Pulse|p1a: Not-Baxcalibur\n|-start|p2a: \u7edd\u6740|typechange|Dark|[from] ability: Protean\n|-damage|p1a: Not-Baxcalibur|51\/100\n|\n|upkeep\n|turn|2\n|\n|t:|1701096349\n|-terastallize|p2a: \u7edd\u6740|Dark\n|move|p2a: \u7edd\u6740|Dark Pulse|p1a: Not-Baxcalibur\n|-damage|p1a: Not-Baxcalibur|0 fnt\n|faint|p1a: Not-Baxcalibur\n|\n|upkeep\n|\n|t:|1701096356\n|switch|p1a: Lilligant|Lilligant-Hisui, F|100\/100\n|turn|3\n|\n|t:|1701096362\n|switch|p2a: Corviknight|Corviknight, M, shiny|100\/100\n|-ability|p2a: Corviknight|Pressure\n|move|p1a: Lilligant|Victory Dance|p1a: Lilligant\n|-boost|p1a: Lilligant|atk|1\n|-boost|p1a: Lilligant|def|1\n|-boost|p1a: Lilligant|spe|1\n|\n|upkeep\n|turn|4\n|\n|t:|1701096366\n|move|p1a: Lilligant|Sleep Powder|p2a: Corviknight\n|-status|p2a: Corviknight|slp|[from] move: Sleep Powder\n|cant|p2a: Corviknight|slp\n|\n|upkeep\n|turn|5\n|\n|t:|1701096370\n|move|p1a: Lilligant|Close Combat|p2a: Corviknight\n|-damage|p2a: Corviknight|3\/100 slp\n|-unboost|p1a: Lilligant|def|1\n|-unboost|p1a: Lilligant|spd|1\n|-curestatus|p2a: Corviknight|slp|[msg]\n|move|p2a: Corviknight|Brave Bird|p1a: Lilligant\n|-supereffective|p1a: Lilligant\n|-damage|p1a: Lilligant|0 fnt\n|faint|p1a: Lilligant\n|-damage|p2a: Corviknight|0 fnt|[from] Recoil\n|faint|p2a: Corviknight\n|\n|upkeep\n|\n|t:|1701096380\n|switch|p1a: Togekiss|Togekiss, F|100\/100\n|switch|p2a: \u7edd\u6740|Greninja, M, shiny, tera:Dark|100\/100\n|turn|6\n|\n|t:|1701096384\n|move|p1a: Togekiss|Dazzling Gleam|p2a: \u7edd\u6740\n|-supereffective|p2a: \u7edd\u6740\n|-damage|p2a: \u7edd\u6740|0 fnt\n|faint|p2a: \u7edd\u6740\n|\n|upkeep\n|\n|t:|1701096388\n|switch|p2a: \u7070\u7070|Arcanine-Hisui, M|100\/100\n|turn|7\n|\n|t:|1701096393\n|switch|p1a: Swampert|Swampert, M|100\/100\n|switch|p2a: \u4e0d\u52a8\u5982\u5c71|Torterra, M|100\/100\n|\n|upkeep\n|turn|8\n|\n|t:|1701096398\n|move|p1a: Swampert|Toxic|p2a: \u4e0d\u52a8\u5982\u5c71\n|-status|p2a: \u4e0d\u52a8\u5982\u5c71|tox\n|move|p2a: \u4e0d\u52a8\u5982\u5c71|Stealth Rock|p1a: Swampert\n|-sidestart|p1: Proxis666|move: Stealth Rock\n|\n|-damage|p2a: \u4e0d\u52a8\u5982\u5c71|94\/100 tox|[from] psn\n|upkeep\n|turn|9\n|\n|t:|1701096404\n|move|p1a: Swampert|Flip Turn|p2a: \u4e0d\u52a8\u5982\u5c71\n|-damage|p2a: \u4e0d\u52a8\u5982\u5c71|81\/100 tox\n|-damage|p1a: Swampert|84\/100|[from] item: Rocky Helmet|[of] p2a: \u4e0d\u52a8\u5982\u5c71\n|\n|t:|1701096405\n|switch|p1a: Ceruledge|Ceruledge, M|100\/100|[from] Flip Turn\n|-damage|p1a: Ceruledge|76\/100|[from] Stealth Rock\n|move|p2a: \u4e0d\u52a8\u5982\u5c71|Seed Bomb|p1a: Ceruledge\n|-resisted|p1a: Ceruledge\n|-damage|p1a: Ceruledge|55\/100\n|-ability|p1a: Ceruledge|Weak Armor|boost\n|-unboost|p1a: Ceruledge|def|1\n|-boost|p1a: Ceruledge|spe|2\n|\n|-damage|p2a: \u4e0d\u52a8\u5982\u5c71|69\/100 tox|[from] psn\n|upkeep\n|turn|10\n|\n|t:|1701096422\n|switch|p2a: \u963f\u80a5|Snorlax, M|100\/100\n|move|p1a: Ceruledge|Endure||[still]\n|-fail|p1a: Ceruledge\n|\n|upkeep\n|turn|11\n|\n|t:|1701096430\n|move|p1a: Ceruledge|Swords Dance|p1a: Ceruledge\n|-boost|p1a: Ceruledge|atk|2\n|move|p2a: \u963f\u80a5|Earthquake|p1a: Ceruledge\n|-supereffective|p1a: Ceruledge\n|-damage|p1a: Ceruledge|0 fnt\n|faint|p1a: Ceruledge\n|\n|upkeep\n|\n|t:|1701096435\n|switch|p1a: Swampert|Swampert, M|84\/100\n|-damage|p1a: Swampert|78\/100|[from] Stealth Rock\n|turn|12\n|\n|t:|1701096441\n|switch|p2a: \u4e0d\u52a8\u5982\u5c71|Torterra, M|69\/100 tox\n|move|p1a: Swampert|Toxic|p2a: \u4e0d\u52a8\u5982\u5c71\n|-fail|p2a: \u4e0d\u52a8\u5982\u5c71|tox\n|\n|-heal|p1a: Swampert|84\/100|[from] item: Leftovers\n|-damage|p2a: \u4e0d\u52a8\u5982\u5c71|63\/100 tox|[from] psn\n|upkeep\n|turn|13\n|\n|t:|1701096447\n|switch|p1a: Togekiss|Togekiss, F|100\/100\n|-damage|p1a: Togekiss|76\/100|[from] Stealth Rock\n|move|p2a: \u4e0d\u52a8\u5982\u5c71|Leech Seed|p1a: Togekiss\n|-start|p1a: Togekiss|move: Leech Seed\n|\n|-damage|p1a: Togekiss|64\/100|[from] Leech Seed|[of] p2a: \u4e0d\u52a8\u5982\u5c71\n|-heal|p2a: \u4e0d\u52a8\u5982\u5c71|73\/100 tox|[silent]\n|-damage|p2a: \u4e0d\u52a8\u5982\u5c71|61\/100 tox|[from] psn\n|upkeep\n|turn|14\n|\n|t:|1701096451\n|switch|p2a: \u963f\u80a5|Snorlax, M|100\/100\n|move|p1a: Togekiss|Air Slash|p2a: \u963f\u80a5\n|-damage|p2a: \u963f\u80a5|83\/100\n|\n|-damage|p1a: Togekiss|51\/100|[from] Leech Seed|[of] p2a: \u963f\u80a5\n|-heal|p2a: \u963f\u80a5|91\/100|[silent]\n|upkeep\n|turn|15\n|\n|t:|1701096456\n|switch|p1a: Garganacl|Garganacl, M|100\/100\n|-damage|p1a: Garganacl|88\/100|[from] Stealth Rock\n|switch|p2a: \u4e0d\u52a8\u5982\u5c71|Torterra, M|61\/100 tox\n|\n|-heal|p1a: Garganacl|94\/100|[from] item: Leftovers\n|-damage|p2a: \u4e0d\u52a8\u5982\u5c71|55\/100 tox|[from] psn\n|upkeep\n|turn|16\n|\n|t:|1701096459\n|move|p2a: \u4e0d\u52a8\u5982\u5c71|Leech Seed|p1a: Garganacl\n|-start|p1a: Garganacl|move: Leech Seed\n|move|p1a: Garganacl|Iron Defense|p1a: Garganacl\n|-boost|p1a: Garganacl|def|2\n|\n|-heal|p1a: Garganacl|100\/100|[from] item: Leftovers\n|-damage|p1a: Garganacl|88\/100|[from] Leech Seed|[of] p2a: \u4e0d\u52a8\u5982\u5c71\n|-heal|p2a: \u4e0d\u52a8\u5982\u5c71|67\/100 tox|[silent]\n|-damage|p2a: \u4e0d\u52a8\u5982\u5c71|55\/100 tox|[from] psn\n|upkeep\n|turn|17\n|\n|t:|1701096462\n|switch|p2a: \u56e1\u56e1|Sylveon, F|100\/100\n|move|p1a: Garganacl|Iron Defense|p1a: Garganacl\n|-boost|p1a: Garganacl|def|2\n|\n|-heal|p1a: Garganacl|94\/100|[from] item: Leftovers\n|-damage|p1a: Garganacl|82\/100|[from] Leech Seed|[of] p2a: \u56e1\u56e1\n|upkeep\n|turn|18\n|\n|t:|1701096466\n|move|p2a: \u56e1\u56e1|Wish|p2a: \u56e1\u56e1\n|move|p1a: Garganacl|Body Press|p2a: \u56e1\u56e1\n|-resisted|p2a: \u56e1\u56e1\n|-damage|p2a: \u56e1\u56e1|72\/100\n|\n|-heal|p1a: Garganacl|88\/100|[from] item: Leftovers\n|-damage|p1a: Garganacl|76\/100|[from] Leech Seed|[of] p2a: \u56e1\u56e1\n|-heal|p2a: \u56e1\u56e1|85\/100|[silent]\n|upkeep\n|turn|19\n|\n|t:|1701096470\n|move|p2a: \u56e1\u56e1|Hyper Voice|p1a: Garganacl\n|-damage|p1a: Garganacl|48\/100\n|move|p1a: Garganacl|Iron Defense|p1a: Garganacl\n|-boost|p1a: Garganacl|def|2\n|\n|-heal|p2a: \u56e1\u56e1|100\/100|[from] move: Wish|[wisher] \u56e1\u56e1\n|-heal|p1a: Garganacl|54\/100|[from] item: Leftovers\n|-damage|p1a: Garganacl|42\/100|[from] Leech Seed|[of] p2a: \u56e1\u56e1\n|upkeep\n|turn|20\n|\n|t:|1701096475\n|move|p2a: \u56e1\u56e1|Hyper Voice|p1a: Garganacl\n|-damage|p1a: Garganacl|17\/100\n|move|p1a: Garganacl|Recover|p1a: Garganacl\n|-heal|p1a: Garganacl|67\/100\n|\n|-heal|p1a: Garganacl|74\/100|[from] item: Leftovers\n|-damage|p1a: Garganacl|61\/100|[from] Leech Seed|[of] p2a: \u56e1\u56e1\n|upkeep\n|turn|21\n|\n|t:|1701096478\n|move|p2a: \u56e1\u56e1|Hyper Voice|p1a: Garganacl\n|-damage|p1a: Garganacl|34\/100\n|move|p1a: Garganacl|Recover|p1a: Garganacl\n|-heal|p1a: Garganacl|84\/100\n|\n|-heal|p1a: Garganacl|90\/100|[from] item: Leftovers\n|-damage|p1a: Garganacl|78\/100|[from] Leech Seed|[of] p2a: \u56e1\u56e1\n|upkeep\n|turn|22\n|\n|t:|1701096481\n|move|p2a: \u56e1\u56e1|Hyper Voice|p1a: Garganacl\n|-damage|p1a: Garganacl|52\/100\n|move|p1a: Garganacl|Salt Cure|p2a: \u56e1\u56e1\n|-damage|p2a: \u56e1\u56e1|89\/100\n|-start|p2a: \u56e1\u56e1|Salt Cure\n|\n|-heal|p1a: Garganacl|58\/100|[from] item: Leftovers\n|-damage|p1a: Garganacl|46\/100|[from] Leech Seed|[of] p2a: \u56e1\u56e1\n|-heal|p2a: \u56e1\u56e1|100\/100|[silent]\n|-damage|p2a: \u56e1\u56e1|88\/100|[from] Salt Cure\n|upkeep\n|turn|23\n|\n|t:|1701096493\n|move|p2a: \u56e1\u56e1|Hyper Voice|p1a: Garganacl\n|-damage|p1a: Garganacl|21\/100\n|move|p1a: Garganacl|Recover|p1a: Garganacl\n|-heal|p1a: Garganacl|71\/100\n|\n|-heal|p1a: Garganacl|77\/100|[from] item: Leftovers\n|-damage|p1a: Garganacl|65\/100|[from] Leech Seed|[of] p2a: \u56e1\u56e1\n|-heal|p2a: \u56e1\u56e1|100\/100|[silent]\n|-damage|p2a: \u56e1\u56e1|88\/100|[from] Salt Cure\n|upkeep\n|turn|24\n|\n|t:|1701096498\n|move|p2a: \u56e1\u56e1|Wish|p2a: \u56e1\u56e1\n|move|p1a: Garganacl|Recover|p1a: Garganacl\n|-heal|p1a: Garganacl|100\/100\n|\n|-damage|p1a: Garganacl|88\/100|[from] Leech Seed|[of] p2a: \u56e1\u56e1\n|-heal|p2a: \u56e1\u56e1|100\/100|[silent]\n|-damage|p2a: \u56e1\u56e1|88\/100|[from] Salt Cure\n|upkeep\n|turn|25\n|\n|t:|1701096501\n|move|p2a: \u56e1\u56e1|Hyper Voice|p1a: Garganacl\n|-damage|p1a: Garganacl|64\/100\n|move|p1a: Garganacl|Body Press|p2a: \u56e1\u56e1\n|-resisted|p2a: \u56e1\u56e1\n|-damage|p2a: \u56e1\u56e1|48\/100\n|-enditem|p2a: \u56e1\u56e1|Sitrus Berry|[eat]\n|-heal|p2a: \u56e1\u56e1|73\/100|[from] item: Sitrus Berry\n|\n|-heal|p2a: \u56e1\u56e1|100\/100|[from] move: Wish|[wisher] \u56e1\u56e1\n|-heal|p1a: Garganacl|70\/100|[from] item: Leftovers\n|-damage|p1a: Garganacl|58\/100|[from] Leech Seed|[of] p2a: \u56e1\u56e1\n|-damage|p2a: \u56e1\u56e1|88\/100|[from] Salt Cure\n|upkeep\n|turn|26\n|\n|t:|1701096507\n|move|p1a: Garganacl|Recover|p1a: Garganacl\n|-heal|p1a: Garganacl|100\/100\n|move|p2a: \u56e1\u56e1|Roar|p1a: Garganacl\n|drag|p1a: Swampert|Swampert, M|84\/100\n|-damage|p1a: Swampert|78\/100|[from] Stealth Rock\n|\n|-heal|p1a: Swampert|84\/100|[from] item: Leftovers\n|-damage|p2a: \u56e1\u56e1|76\/100|[from] Salt Cure\n|upkeep\n|turn|27\n|\n|t:|1701096512\n|switch|p2a: \u4e0d\u52a8\u5982\u5c71|Torterra, M|55\/100 tox\n|move|p1a: Swampert|Flip Turn|p2a: \u4e0d\u52a8\u5982\u5c71\n|-damage|p2a: \u4e0d\u52a8\u5982\u5c71|41\/100 tox\n|-damage|p1a: Swampert|67\/100|[from] item: Rocky Helmet|[of] p2a: \u4e0d\u52a8\u5982\u5c71\n|\n|t:|1701096515\n|switch|p1a: Togekiss|Togekiss, F|51\/100|[from] Flip Turn\n|-damage|p1a: Togekiss|27\/100|[from] Stealth Rock\n|\n|-damage|p2a: \u4e0d\u52a8\u5982\u5c71|35\/100 tox|[from] psn\n|upkeep\n|turn|28\n|\n|t:|1701096520\n|switch|p1a: Garganacl|Garganacl, M|100\/100\n|-damage|p1a: Garganacl|88\/100|[from] Stealth Rock\n|switch|p2a: \u963f\u80a5|Snorlax, M|91\/100\n|\n|-heal|p1a: Garganacl|94\/100|[from] item: Leftovers\n|upkeep\n|turn|29\n|\n|t:|1701096525\n|switch|p2a: \u56e1\u56e1|Sylveon, F|76\/100\n|move|p1a: Garganacl|Iron Defense|p1a: Garganacl\n|-boost|p1a: Garganacl|def|2\n|\n|-heal|p1a: Garganacl|100\/100|[from] item: Leftovers\n|upkeep\n|turn|30\n|\n|t:|1701096530\n|move|p2a: \u56e1\u56e1|Wish|p2a: \u56e1\u56e1\n|move|p1a: Garganacl|Salt Cure|p2a: \u56e1\u56e1\n|-damage|p2a: \u56e1\u56e1|64\/100\n|-start|p2a: \u56e1\u56e1|Salt Cure\n|\n|-damage|p2a: \u56e1\u56e1|52\/100|[from] Salt Cure\n|upkeep\n|turn|31\n|\n|t:|1701096534\n|switch|p2a: \u4e0d\u52a8\u5982\u5c71|Torterra, M|35\/100 tox\n|move|p1a: Garganacl|Iron Defense|p1a: Garganacl\n|-boost|p1a: Garganacl|def|2\n|\n|-heal|p2a: \u4e0d\u52a8\u5982\u5c71|85\/100 tox|[from] move: Wish|[wisher] \u56e1\u56e1\n|-damage|p2a: \u4e0d\u52a8\u5982\u5c71|78\/100 tox|[from] psn\n|upkeep\n|turn|32\n|\n|t:|1701096536\n|move|p2a: \u4e0d\u52a8\u5982\u5c71|Leech Seed|p1a: Garganacl\n|-start|p1a: Garganacl|move: Leech Seed\n|move|p1a: Garganacl|Body Press|p2a: \u4e0d\u52a8\u5982\u5c71\n|-damage|p2a: \u4e0d\u52a8\u5982\u5c71|40\/100 tox\n|-damage|p1a: Garganacl|84\/100|[from] item: Rocky Helmet|[of] p2a: \u4e0d\u52a8\u5982\u5c71\n|\n|-heal|p1a: Garganacl|90\/100|[from] item: Leftovers\n|-damage|p1a: Garganacl|78\/100|[from] Leech Seed|[of] p2a: \u4e0d\u52a8\u5982\u5c71\n|-heal|p2a: \u4e0d\u52a8\u5982\u5c71|52\/100 tox|[silent]\n|-damage|p2a: \u4e0d\u52a8\u5982\u5c71|40\/100 tox|[from] psn\n|upkeep\n|turn|33\n|\n|t:|1701096542\n|move|p2a: \u4e0d\u52a8\u5982\u5c71|Synthesis|p2a: \u4e0d\u52a8\u5982\u5c71\n|-heal|p2a: \u4e0d\u52a8\u5982\u5c71|90\/100 tox\n|move|p1a: Garganacl|Body Press|p2a: \u4e0d\u52a8\u5982\u5c71\n|-damage|p2a: \u4e0d\u52a8\u5982\u5c71|49\/100 tox\n|-damage|p1a: Garganacl|61\/100|[from] item: Rocky Helmet|[of] p2a: \u4e0d\u52a8\u5982\u5c71\n|\n|-heal|p1a: Garganacl|67\/100|[from] item: Leftovers\n|-damage|p1a: Garganacl|55\/100|[from] Leech Seed|[of] p2a: \u4e0d\u52a8\u5982\u5c71\n|-heal|p2a: \u4e0d\u52a8\u5982\u5c71|62\/100 tox|[silent]\n|-damage|p2a: \u4e0d\u52a8\u5982\u5c71|44\/100 tox|[from] psn\n|upkeep\n|turn|34\n|\n|t:|1701096550\n|switch|p2a: \u56e1\u56e1|Sylveon, F|52\/100\n|move|p1a: Garganacl|Body Press|p2a: \u56e1\u56e1\n|-resisted|p2a: \u56e1\u56e1\n|-damage|p2a: \u56e1\u56e1|25\/100\n|\n|-heal|p1a: Garganacl|61\/100|[from] item: Leftovers\n|-damage|p1a: Garganacl|49\/100|[from] Leech Seed|[of] p2a: \u56e1\u56e1\n|-heal|p2a: \u56e1\u56e1|38\/100|[silent]\n|upkeep\n|turn|35\n|\n|t:|1701096557\n|move|p2a: \u56e1\u56e1|Hyper Voice|p1a: Garganacl\n|-damage|p1a: Garganacl|20\/100\n|move|p1a: Garganacl|Recover|p1a: Garganacl\n|-heal|p1a: Garganacl|70\/100\n|\n|-heal|p1a: Garganacl|76\/100|[from] item: Leftovers\n|-damage|p1a: Garganacl|64\/100|[from] Leech Seed|[of] p2a: \u56e1\u56e1\n|-heal|p2a: \u56e1\u56e1|50\/100|[silent]\n|upkeep\n|turn|36\n|\n|t:|1701096563\n|move|p2a: \u56e1\u56e1|Hyper Voice|p1a: Garganacl\n|-damage|p1a: Garganacl|36\/100\n|move|p1a: Garganacl|Body Press|p2a: \u56e1\u56e1\n|-resisted|p2a: \u56e1\u56e1\n|-damage|p2a: \u56e1\u56e1|23\/100\n|\n|-heal|p1a: Garganacl|42\/100|[from] item: Leftovers\n|-damage|p1a: Garganacl|30\/100|[from] Leech Seed|[of] p2a: \u56e1\u56e1\n|-heal|p2a: \u56e1\u56e1|36\/100|[silent]\n|upkeep\n|turn|37\n|\n|t:|1701096567\n|move|p2a: \u56e1\u56e1|Hyper Voice|p1a: Garganacl\n|-damage|p1a: Garganacl|5\/100\n|move|p1a: Garganacl|Recover|p1a: Garganacl\n|-heal|p1a: Garganacl|55\/100\n|\n|-heal|p1a: Garganacl|61\/100|[from] item: Leftovers\n|-damage|p1a: Garganacl|49\/100|[from] Leech Seed|[of] p2a: \u56e1\u56e1\n|-heal|p2a: \u56e1\u56e1|48\/100|[silent]\n|upkeep\n|turn|38\n|\n|t:|1701096571\n|move|p2a: \u56e1\u56e1|Hyper Voice|p1a: Garganacl\n|-damage|p1a: Garganacl|23\/100\n|move|p1a: Garganacl|Recover|p1a: Garganacl\n|-heal|p1a: Garganacl|73\/100\n|\n|-heal|p1a: Garganacl|79\/100|[from] item: Leftovers\n|-damage|p1a: Garganacl|66\/100|[from] Leech Seed|[of] p2a: \u56e1\u56e1\n|-heal|p2a: \u56e1\u56e1|61\/100|[silent]\n|upkeep\n|turn|39\n|\n|t:|1701096575\n|switch|p1a: Swampert|Swampert, M|67\/100\n|-damage|p1a: Swampert|61\/100|[from] Stealth Rock\n|move|p2a: \u56e1\u56e1|Hyper Voice|p1a: Swampert\n|-damage|p1a: Swampert|26\/100\n|\n|-heal|p1a: Swampert|32\/100|[from] item: Leftovers\n|upkeep\n|turn|40\n|\n|t:|1701096581\n|switch|p2a: \u4e0d\u52a8\u5982\u5c71|Torterra, M|44\/100 tox\n|move|p1a: Swampert|Stealth Rock|p2a: \u4e0d\u52a8\u5982\u5c71\n|-sidestart|p2: Ay Cheu|move: Stealth Rock\n|\n|-heal|p1a: Swampert|39\/100|[from] item: Leftovers\n|-damage|p2a: \u4e0d\u52a8\u5982\u5c71|38\/100 tox|[from] psn\n|upkeep\n|turn|41\n|\n|t:|1701096587\n|move|p1a: Swampert|Flip Turn|p2a: \u4e0d\u52a8\u5982\u5c71\n|-damage|p2a: \u4e0d\u52a8\u5982\u5c71|24\/100 tox\n|-damage|p1a: Swampert|22\/100|[from] item: Rocky Helmet|[of] p2a: \u4e0d\u52a8\u5982\u5c71\n|\n|t:|1701096590\n|switch|p1a: Togekiss|Togekiss, F|27\/100|[from] Flip Turn\n|-damage|p1a: Togekiss|2\/100|[from] Stealth Rock\n|move|p2a: \u4e0d\u52a8\u5982\u5c71|Synthesis|p2a: \u4e0d\u52a8\u5982\u5c71\n|-heal|p2a: \u4e0d\u52a8\u5982\u5c71|74\/100 tox\n|\n|-damage|p2a: \u4e0d\u52a8\u5982\u5c71|62\/100 tox|[from] psn\n|upkeep\n|turn|42\n|\n|t:|1701096592\n|switch|p2a: \u963f\u80a5|Snorlax, M|91\/100\n|-damage|p2a: \u963f\u80a5|78\/100|[from] Stealth Rock\n|move|p1a: Togekiss|Air Slash|p2a: \u963f\u80a5\n|-damage|p2a: \u963f\u80a5|61\/100\n|\n|upkeep\n|turn|43\n|\n|t:|1701096596\n|move|p1a: Togekiss|Air Slash|p2a: \u963f\u80a5|[miss]\n|-miss|p1a: Togekiss|p2a: \u963f\u80a5\n|move|p2a: \u963f\u80a5|Body Slam|p1a: Togekiss\n|-damage|p1a: Togekiss|0 fnt\n|faint|p1a: Togekiss\n|\n|upkeep\n|\n|t:|1701096600\n|switch|p1a: Garganacl|Garganacl, M|66\/100\n|-damage|p1a: Garganacl|54\/100|[from] Stealth Rock\n|turn|44\n|\n|t:|1701096602\n|switch|p2a: \u4e0d\u52a8\u5982\u5c71|Torterra, M|62\/100 tox\n|-damage|p2a: \u4e0d\u52a8\u5982\u5c71|56\/100 tox|[from] Stealth Rock\n|move|p1a: Garganacl|Iron Defense|p1a: Garganacl\n|-boost|p1a: Garganacl|def|2\n|\n|-heal|p1a: Garganacl|60\/100|[from] item: Leftovers\n|-damage|p2a: \u4e0d\u52a8\u5982\u5c71|49\/100 tox|[from] psn\n|upkeep\n|turn|45\n|\n|t:|1701096606\n|move|p2a: \u4e0d\u52a8\u5982\u5c71|Leech Seed|p1a: Garganacl\n|-start|p1a: Garganacl|move: Leech Seed\n|move|p1a: Garganacl|Iron Defense|p1a: Garganacl\n|-boost|p1a: Garganacl|def|2\n|\n|-heal|p1a: Garganacl|66\/100|[from] item: Leftovers\n|-damage|p1a: Garganacl|54\/100|[from] Leech Seed|[of] p2a: \u4e0d\u52a8\u5982\u5c71\n|-heal|p2a: \u4e0d\u52a8\u5982\u5c71|62\/100 tox|[silent]\n|-damage|p2a: \u4e0d\u52a8\u5982\u5c71|50\/100 tox|[from] psn\n|upkeep\n|turn|46\n|\n|t:|1701096615\n|move|p2a: \u4e0d\u52a8\u5982\u5c71|Synthesis|p2a: \u4e0d\u52a8\u5982\u5c71\n|-heal|p2a: \u4e0d\u52a8\u5982\u5c71|99\/100 tox\n|move|p1a: Garganacl|Body Press|p2a: \u4e0d\u52a8\u5982\u5c71\n|-damage|p2a: \u4e0d\u52a8\u5982\u5c71|61\/100 tox\n|-damage|p1a: Garganacl|37\/100|[from] item: Rocky Helmet|[of] p2a: \u4e0d\u52a8\u5982\u5c71\n|\n|-heal|p1a: Garganacl|44\/100|[from] item: Leftovers\n|-damage|p1a: Garganacl|31\/100|[from] Leech Seed|[of] p2a: \u4e0d\u52a8\u5982\u5c71\n|-heal|p2a: \u4e0d\u52a8\u5982\u5c71|74\/100 tox|[silent]\n|-damage|p2a: \u4e0d\u52a8\u5982\u5c71|56\/100 tox|[from] psn\n|upkeep\n|turn|47\n|\n|t:|1701096618\n|move|p2a: \u4e0d\u52a8\u5982\u5c71|Seed Bomb|p1a: Garganacl\n|-supereffective|p1a: Garganacl\n|-damage|p1a: Garganacl|18\/100\n|move|p1a: Garganacl|Iron Defense|p1a: Garganacl\n|-boost|p1a: Garganacl|def|2\n|\n|-heal|p1a: Garganacl|24\/100|[from] item: Leftovers\n|-damage|p1a: Garganacl|12\/100|[from] Leech Seed|[of] p2a: \u4e0d\u52a8\u5982\u5c71\n|-heal|p2a: \u4e0d\u52a8\u5982\u5c71|68\/100 tox|[silent]\n|-damage|p2a: \u4e0d\u52a8\u5982\u5c71|44\/100 tox|[from] psn\n|upkeep\n|turn|48\n|\n|t:|1701096623\n|move|p2a: \u4e0d\u52a8\u5982\u5c71|Leech Seed||[still]\n|-fail|p2a: \u4e0d\u52a8\u5982\u5c71\n|move|p1a: Garganacl|Body Press|p2a: \u4e0d\u52a8\u5982\u5c71\n|-damage|p2a: \u4e0d\u52a8\u5982\u5c71|0 fnt\n|-damage|p1a: Garganacl|0 fnt|[from] item: Rocky Helmet|[of] p2a: \u4e0d\u52a8\u5982\u5c71\n|faint|p2a: \u4e0d\u52a8\u5982\u5c71\n|faint|p1a: Garganacl\n|\n|upkeep\n|-message|Proxis666 forfeited.\n|\n|win|Ay Cheu\n|raw|Proxis666's rating: 1670 &rarr; <strong>1646<\/strong><br \/>(-24 for losing)\n|raw|Ay Cheu's rating: 1608 &rarr; <strong>1632<\/strong><br \/>(+24 for winning)\n|l|\u2606Proxis666\n","uploadtime":1701096635,"views":10,"p1id":"proxis666","p2id":"aycheu","formatid":"gen9nationaldex","rating":1632,"private":0,"password":""}