{"id":"gen9nationaldex-1993621329","p1":"zxaa","p2":"estebanisthebest","format":"[Gen 9] National Dex","log":"|j|\u2606zxaa\n|j|\u2606estebanisthebest\n|t:|1700338417\n|gametype|singles\n|player|p1|zxaa|pokemonranger-gen4|1077\n|player|p2|estebanisthebest|170|1035\n|teamsize|p1|6\n|teamsize|p2|6\n|gen|9\n|tier|[Gen 9] National Dex\n|rated|\n|rule|HP Percentage Mod: HP is shown in percentages\n|rule|Endless Battle Clause: Forcing endless battles is banned\n|rule|OHKO Clause: OHKO moves are banned\n|rule|Evasion Clause: Evasion abilities, items, and moves are banned\n|rule|Evasion Abilities Clause: Evasion abilities are banned\n|rule|Evasion Items Clause: Evasion items are banned\n|rule|Evasion Moves Clause: Evasion moves are banned\n|rule|Species Clause: Limit one of each Pok\u00e9mon\n|rule|Sleep Clause Mod: Limit one foe put to sleep\n|clearpoke\n|poke|p1|Kommo-o, M|\n|poke|p1|Quaquaval, M|\n|poke|p1|Spidops, M|\n|poke|p1|Charizard, M|\n|poke|p1|Dragonite, M|\n|poke|p1|Latios, M|\n|poke|p2|Swampert, M|\n|poke|p2|Charizard, F|\n|poke|p2|Kommo-o, F|\n|poke|p2|Garchomp, F|\n|poke|p2|Tyranitar, F|\n|poke|p2|Dragonite, F|\n|teampreview\n|\n|t:|1700338441\n|start\n|switch|p1a: Spidops|Spidops, M|100\/100\n|switch|p2a: Tyranitar|Tyranitar, F|100\/100\n|-weather|Sandstorm|[from] ability: Sand Stream|[of] p2a: Tyranitar\n|turn|1\n|\n|t:|1700338452\n|move|p2a: Tyranitar|Stealth Rock|p1a: Spidops\n|-sidestart|p1: zxaa|move: Stealth Rock\n|move|p1a: Spidops|Sticky Web|p2a: Tyranitar\n|-sidestart|p2: estebanisthebest|move: Sticky Web\n|\n|-weather|Sandstorm|[upkeep]\n|-damage|p1a: Spidops|94\/100|[from] Sandstorm\n|upkeep\n|turn|2\n|\n|t:|1700338457\n|move|p2a: Tyranitar|Stealth Rock||[still]\n|-fail|p2a: Tyranitar\n|move|p1a: Spidops|Toxic Spikes|p2a: Tyranitar\n|-sidestart|p2: estebanisthebest|move: Toxic Spikes\n|\n|-weather|Sandstorm|[upkeep]\n|-damage|p1a: Spidops|88\/100|[from] Sandstorm\n|upkeep\n|turn|3\n|\n|t:|1700338464\n|move|p2a: Tyranitar|Stealth Rock||[still]\n|-fail|p2a: Tyranitar\n|move|p1a: Spidops|Toxic Spikes|p2a: Tyranitar\n|-sidestart|p2: estebanisthebest|move: Toxic Spikes\n|\n|-weather|Sandstorm|[upkeep]\n|-damage|p1a: Spidops|82\/100|[from] Sandstorm\n|upkeep\n|turn|4\n|\n|t:|1700338470\n|move|p2a: Tyranitar|Stealth Rock||[still]\n|-fail|p2a: Tyranitar\n|move|p1a: Spidops|Spikes|p2a: Tyranitar\n|-sidestart|p2: estebanisthebest|Spikes\n|\n|-weather|Sandstorm|[upkeep]\n|-damage|p1a: Spidops|76\/100|[from] Sandstorm\n|upkeep\n|turn|5\n|\n|t:|1700338476\n|move|p2a: Tyranitar|Stealth Rock||[still]\n|-fail|p2a: Tyranitar\n|move|p1a: Spidops|Spikes|p2a: Tyranitar\n|-sidestart|p2: estebanisthebest|Spikes\n|\n|-weather|none\n|upkeep\n|turn|6\n|\n|t:|1700338482\n|move|p2a: Tyranitar|Stealth Rock||[still]\n|-fail|p2a: Tyranitar\n|move|p1a: Spidops|Shadow Claw|p2a: Tyranitar\n|-resisted|p2a: Tyranitar\n|-damage|p2a: Tyranitar|95\/100\n|\n|upkeep\n|turn|7\n|\n|t:|1700338487\n|move|p2a: Tyranitar|Stealth Rock||[still]\n|-fail|p2a: Tyranitar\n|move|p1a: Spidops|Shadow Claw|p2a: Tyranitar\n|-resisted|p2a: Tyranitar\n|-damage|p2a: Tyranitar|89\/100\n|\n|upkeep\n|turn|8\n|\n|t:|1700338493\n|move|p2a: Tyranitar|Stealth Rock||[still]\n|-fail|p2a: Tyranitar\n|move|p1a: Spidops|Shadow Claw|p2a: Tyranitar\n|-resisted|p2a: Tyranitar\n|-damage|p2a: Tyranitar|84\/100\n|\n|upkeep\n|turn|9\n|\n|t:|1700338499\n|move|p2a: Tyranitar|Stealth Rock||[still]\n|-fail|p2a: Tyranitar\n|move|p1a: Spidops|Shadow Claw|p2a: Tyranitar\n|-resisted|p2a: Tyranitar\n|-damage|p2a: Tyranitar|78\/100\n|\n|upkeep\n|turn|10\n|\n|t:|1700338508\n|move|p2a: Tyranitar|Earthquake|p1a: Spidops\n|-resisted|p1a: Spidops\n|-damage|p1a: Spidops|64\/100\n|move|p1a: Spidops|Shadow Claw|p2a: Tyranitar\n|-resisted|p2a: Tyranitar\n|-crit|p2a: Tyranitar\n|-damage|p2a: Tyranitar|69\/100\n|\n|upkeep\n|turn|11\n|\n|t:|1700338517\n|move|p2a: Tyranitar|Rock Slide|p1a: Spidops\n|-supereffective|p1a: Spidops\n|-damage|p1a: Spidops|12\/100\n|move|p1a: Spidops|Shadow Claw|p2a: Tyranitar\n|-resisted|p2a: Tyranitar\n|-crit|p2a: Tyranitar\n|-damage|p2a: Tyranitar|60\/100\n|\n|upkeep\n|turn|12\n|\n|t:|1700338530\n|move|p2a: Tyranitar|Rock Slide|p1a: Spidops\n|-supereffective|p1a: Spidops\n|-crit|p1a: Spidops\n|-damage|p1a: Spidops|0 fnt\n|faint|p1a: Spidops\n|\n|upkeep\n|\n|t:|1700338537\n|switch|p1a: Quaquaval|Quaquaval, M|100\/100\n|-damage|p1a: Quaquaval|94\/100|[from] Stealth Rock\n|turn|13\n|\n|t:|1700338545\n|move|p1a: Quaquaval|Swords Dance|p1a: Quaquaval\n|-boost|p1a: Quaquaval|atk|2\n|move|p2a: Tyranitar|Stealth Rock||[still]\n|-fail|p2a: Tyranitar\n|\n|upkeep\n|turn|14\n|\n|t:|1700338551\n|move|p1a: Quaquaval|Aqua Step|p2a: Tyranitar\n|-supereffective|p2a: Tyranitar\n|-damage|p2a: Tyranitar|0 fnt\n|-boost|p1a: Quaquaval|spe|1\n|faint|p2a: Tyranitar\n|-ability|p1a: Quaquaval|Moxie|boost\n|-boost|p1a: Quaquaval|atk|1\n|-damage|p1a: Quaquaval|84\/100|[from] item: Life Orb\n|\n|upkeep\n|\n|t:|1700338565\n|switch|p2a: Swampert|Swampert, M|100\/100\n|-activate|p2a: Swampert|move: Sticky Web\n|-unboost|p2a: Swampert|spe|1\n|-status|p2a: Swampert|tox\n|-damage|p2a: Swampert|84\/100 tox|[from] Spikes\n|turn|15\n|\n|t:|1700338579\n|move|p1a: Quaquaval|Close Combat|p2a: Swampert\n|-damage|p2a: Swampert|0 fnt\n|-unboost|p1a: Quaquaval|def|1\n|-unboost|p1a: Quaquaval|spd|1\n|faint|p2a: Swampert\n|-ability|p1a: Quaquaval|Moxie|boost\n|-boost|p1a: Quaquaval|atk|1\n|-damage|p1a: Quaquaval|74\/100|[from] item: Life Orb\n|\n|upkeep\n|inactive|Battle timer is ON: inactive players will automatically lose when time's up. (requested by estebanisthebest)\n|-message|estebanisthebest forfeited.\n|\n|win|zxaa\n|raw|zxaa's rating: 1077 &rarr; <strong>1102<\/strong><br \/>(+25 for winning)\n|raw|estebanisthebest's rating: 1035 &rarr; <strong>1022<\/strong><br \/>(-13 for losing)\n|l|\u2606estebanisthebest\n","uploadtime":1700338592,"views":6,"p1id":"zxaa","p2id":"estebanisthebest","formatid":"gen9nationaldex","rating":1022,"private":0,"password":""}