{"id":"gen9nationaldex-1990952907","p1":"The Rotom Family","p2":"JustSnakessss","format":"[Gen 9] National Dex","log":"|j|\u2606The Rotom Family\n|j|\u2606JustSnakessss\n|t:|1700019116\n|gametype|singles\n|player|p1|The Rotom Family|pokekid|1186\n|player|p2|JustSnakessss|pokemonbreederf-gen4|1118\n|teamsize|p1|6\n|teamsize|p2|6\n|gen|9\n|tier|[Gen 9] National Dex\n|rated|\n|rule|HP Percentage Mod: HP is shown in percentages\n|rule|Endless Battle Clause: Forcing endless battles is banned\n|rule|OHKO Clause: OHKO moves are banned\n|rule|Evasion Clause: Evasion abilities, items, and moves are banned\n|rule|Evasion Abilities Clause: Evasion abilities are banned\n|rule|Evasion Items Clause: Evasion items are banned\n|rule|Evasion Moves Clause: Evasion moves are banned\n|rule|Species Clause: Limit one of each Pok\u00e9mon\n|rule|Sleep Clause Mod: Limit one foe put to sleep\n|clearpoke\n|poke|p1|Arctozolt|\n|poke|p1|Arctovish|\n|poke|p1|Ninetales-Alola, M|\n|poke|p1|Aurorus, F|\n|poke|p1|Vanilluxe, F|\n|poke|p1|Beartic, M|\n|poke|p2|Serperior, M|\n|poke|p2|Arbok, F|\n|poke|p2|Sandaconda, F|\n|poke|p2|Milotic, M|\n|poke|p2|Dragonair, F|\n|poke|p2|Seviper, M|\n|teampreview\n|c|\u2606The Rotom Family|SNAKE TEAM\n|c|\u2606The Rotom Family|SHIVER ME TIMBERS\n|\n|t:|1700019134\n|start\n|switch|p1a: Ninetales|Ninetales-Alola, M|100\/100\n|switch|p2a: Sandaconda|Sandaconda, F|100\/100\n|-weather|Snow|[from] ability: Snow Warning|[of] p1a: Ninetales\n|turn|1\n|c|\u2606JustSnakessss|ssssss\n|\n|t:|1700019165\n|switch|p1a: Aurorus|Aurorus, F|100\/100\n|move|p2a: Sandaconda|Stealth Rock|p1a: Aurorus\n|-sidestart|p1: The Rotom Family|move: Stealth Rock\n|\n|-weather|Snow|[upkeep]\n|upkeep\n|turn|2\n|c|\u2606JustSnakessss|Snakes are cold blooded tho\n|c|\u2606The Rotom Family|tru\n|c|\u2606JustSnakessss|You are killing my snakes :(\n|\n|t:|1700019186\n|-terastallize|p1a: Aurorus|Grass\n|move|p1a: Aurorus|Rock Polish|p1a: Aurorus\n|-boost|p1a: Aurorus|spe|2\n|move|p2a: Sandaconda|Earthquake|p1a: Aurorus\n|-resisted|p1a: Aurorus\n|-damage|p1a: Aurorus|81\/100\n|\n|-weather|Snow|[upkeep]\n|upkeep\n|turn|3\n|c|\u2606The Rotom Family|I apologize I asure you my heart is very warm\n|\n|t:|1700019206\n|switch|p2a: Milotic|Milotic, M|100\/100\n|move|p1a: Aurorus|Meteor Beam||[still]\n|-prepare|p1a: Aurorus|Meteor Beam\n|-boost|p1a: Aurorus|spa|1\n|-enditem|p1a: Aurorus|Power Herb\n|-anim|p1a: Aurorus|Meteor Beam|p2a: Milotic\n|-damage|p2a: Milotic|50\/100\n|\n|-weather|Snow|[upkeep]\n|-heal|p2a: Milotic|56\/100|[from] item: Leftovers\n|upkeep\n|turn|4\n|\n|t:|1700019219\n|move|p1a: Aurorus|Meteor Beam||[still]\n|-prepare|p1a: Aurorus|Meteor Beam\n|-boost|p1a: Aurorus|spa|1\n|move|p2a: Milotic|Haze|p2a: Milotic\n|-clearallboost\n|\n|-weather|Snow|[upkeep]\n|-heal|p2a: Milotic|62\/100|[from] item: Leftovers\n|upkeep\n|turn|5\n|c|\u2606The Rotom Family|valid\n|\n|t:|1700019232\n|move|p2a: Milotic|Recover|p2a: Milotic\n|-heal|p2a: Milotic|100\/100\n|move|p1a: Aurorus|Meteor Beam|p2a: Milotic|[from]lockedmove\n|-damage|p2a: Milotic|66\/100\n|\n|-weather|Snow|[upkeep]\n|-heal|p2a: Milotic|72\/100|[from] item: Leftovers\n|upkeep\n|turn|6\n|\n|t:|1700019246\n|switch|p1a: Arctozolt|Arctozolt|100\/100\n|-damage|p1a: Arctozolt|76\/100|[from] Stealth Rock\n|move|p2a: Milotic|Mirror Coat||[still]\n|-fail|p2a: Milotic\n|\n|-weather|Snow|[upkeep]\n|-heal|p2a: Milotic|78\/100|[from] item: Leftovers\n|upkeep\n|turn|7\n|c|\u2606The Rotom Family|however\n|\n|t:|1700019256\n|switch|p2a: Sandaconda|Sandaconda, F|100\/100\n|move|p1a: Arctozolt|Icicle Crash|p2a: Sandaconda\n|-supereffective|p2a: Sandaconda\n|-damage|p2a: Sandaconda|29\/100\n|-damage|p1a: Arctozolt|66\/100|[from] item: Life Orb\n|\n|-weather|Snow|[upkeep]\n|-heal|p2a: Sandaconda|35\/100|[from] item: Leftovers\n|upkeep\n|turn|8\n|\n|t:|1700019266\n|move|p1a: Arctozolt|Icicle Crash|p2a: Sandaconda\n|-supereffective|p2a: Sandaconda\n|-damage|p2a: Sandaconda|0 fnt\n|faint|p2a: Sandaconda\n|-damage|p1a: Arctozolt|56\/100|[from] item: Life Orb\n|\n|-weather|none\n|upkeep\n|c|\u2606JustSnakessss|Ssssssssssad ssssnake dayssss\n|\n|t:|1700019284\n|switch|p2a: Seviper|Seviper, M|100\/100\n|turn|9\n|c|\u2606The Rotom Family|ssssssorry\n|\n|t:|1700019296\n|switch|p1a: Ninetales|Ninetales-Alola, M|100\/100\n|-damage|p1a: Ninetales|76\/100|[from] Stealth Rock\n|-weather|Snow|[from] ability: Snow Warning|[of] p1a: Ninetales\n|move|p2a: Seviper|Earthquake|p1a: Ninetales\n|-damage|p1a: Ninetales|44\/100\n|\n|-weather|Snow|[upkeep]\n|upkeep\n|turn|10\n|\n|t:|1700019304\n|move|p1a: Ninetales|Aurora Veil|p1a: Ninetales\n|-sidestart|p1: The Rotom Family|move: Aurora Veil\n|move|p2a: Seviper|Coil|p2a: Seviper\n|-boost|p2a: Seviper|atk|1\n|-boost|p2a: Seviper|def|1\n|-boost|p2a: Seviper|accuracy|1\n|\n|-weather|Snow|[upkeep]\n|upkeep\n|turn|11\n|\n|t:|1700019313\n|move|p1a: Ninetales|Freeze-Dry|p2a: Seviper\n|-damage|p2a: Seviper|60\/100\n|-status|p2a: Seviper|frz\n|cant|p2a: Seviper|frz\n|\n|-weather|Snow|[upkeep]\n|-activate|p2a: Seviper|ability: Shed Skin\n|-curestatus|p2a: Seviper|frz|[msg]\n|-heal|p2a: Seviper|66\/100|[from] item: Leftovers\n|upkeep\n|turn|12\n|c|\u2606JustSnakessss|yaaay\n|\n|t:|1700019326\n|move|p1a: Ninetales|Freeze-Dry|p2a: Seviper\n|-damage|p2a: Seviper|30\/100\n|move|p2a: Seviper|Gunk Shot|p1a: Ninetales\n|-supereffective|p1a: Ninetales\n|-damage|p1a: Ninetales|0 fnt\n|faint|p1a: Ninetales\n|\n|-weather|Snow|[upkeep]\n|-heal|p2a: Seviper|36\/100|[from] item: Leftovers\n|upkeep\n|c|\u2606The Rotom Family|ssssshot\n|c|\u2606JustSnakessss|I was so afraid...\n|\n|t:|1700019346\n|switch|p1a: Arctozolt|Arctozolt|56\/100\n|-damage|p1a: Arctozolt|31\/100|[from] Stealth Rock\n|turn|13\n|\n|t:|1700019354\n|move|p1a: Arctozolt|Bolt Beak|p2a: Seviper\n|-damage|p2a: Seviper|0 fnt\n|faint|p2a: Seviper\n|-damage|p1a: Arctozolt|21\/100|[from] item: Life Orb\n|\n|-weather|Snow|[upkeep]\n|upkeep\n|\n|t:|1700019363\n|switch|p2a: Serperior|Serperior, M|100\/100\n|turn|14\n|\n|t:|1700019366\n|move|p1a: Arctozolt|Icicle Crash|p2a: Serperior\n|-supereffective|p2a: Serperior\n|-damage|p2a: Serperior|0 fnt\n|faint|p2a: Serperior\n|-damage|p1a: Arctozolt|11\/100|[from] item: Life Orb\n|\n|-weather|Snow|[upkeep]\n|-sideend|p1: The Rotom Family|move: Aurora Veil\n|upkeep\n|\n|t:|1700019373\n|switch|p2a: Arbok|Arbok, F|100\/100\n|-ability|p2a: Arbok|Intimidate|boost\n|-unboost|p1a: Arctozolt|atk|1\n|turn|15\n|\n|t:|1700019379\n|move|p2a: Arbok|Sucker Punch|p1a: Arctozolt\n|-damage|p1a: Arctozolt|0 fnt\n|faint|p1a: Arctozolt\n|\n|-weather|Snow|[upkeep]\n|upkeep\n|\n|t:|1700019389\n|switch|p1a: Arctovish|Arctovish|100\/100\n|-damage|p1a: Arctovish|76\/100|[from] Stealth Rock\n|turn|16\n|c|\u2606JustSnakessss|Ohhhh\n|c|\u2606JustSnakessss|I forgot to name my mons\n|\n|t:|1700019411\n|switch|p2a: Milotic|Milotic, M|78\/100\n|move|p1a: Arctovish|Fishious Rend|p2a: Milotic\n|-resisted|p2a: Milotic\n|-damage|p2a: Milotic|18\/100\n|\n|-weather|none\n|-heal|p2a: Milotic|24\/100|[from] item: Leftovers\n|upkeep\n|turn|17\n|c|\u2606The Rotom Family|I didn't bother for this team\n|\n|t:|1700019423\n|move|p2a: Milotic|Recover|p2a: Milotic\n|-heal|p2a: Milotic|74\/100\n|move|p1a: Arctovish|Fishious Rend|p2a: Milotic\n|-resisted|p2a: Milotic\n|-damage|p2a: Milotic|47\/100\n|\n|-heal|p2a: Milotic|53\/100|[from] item: Leftovers\n|upkeep\n|turn|18\n|\n|t:|1700019432\n|switch|p1a: Vanilluxe|Vanilluxe, F|100\/100\n|-damage|p1a: Vanilluxe|76\/100|[from] Stealth Rock\n|-weather|Snow|[from] ability: Snow Warning|[of] p1a: Vanilluxe\n|move|p2a: Milotic|Recover|p2a: Milotic\n|-heal|p2a: Milotic|100\/100\n|\n|-weather|Snow|[upkeep]\n|upkeep\n|turn|19\n|\n|t:|1700019443\n|move|p2a: Milotic|Scald|p1a: Vanilluxe\n|-damage|p1a: Vanilluxe|44\/100\n|move|p1a: Vanilluxe|Freeze-Dry|p2a: Milotic\n|-supereffective|p2a: Milotic\n|-damage|p2a: Milotic|59\/100\n|\n|-weather|Snow|[upkeep]\n|-heal|p2a: Milotic|65\/100|[from] item: Leftovers\n|upkeep\n|turn|20\n|\n|t:|1700019451\n|move|p2a: Milotic|Scald|p1a: Vanilluxe\n|-damage|p1a: Vanilluxe|18\/100\n|-status|p1a: Vanilluxe|brn\n|move|p1a: Vanilluxe|Explosion|p2a: Milotic\n|-damage|p2a: Milotic|36\/100\n|faint|p1a: Vanilluxe\n|\n|-weather|Snow|[upkeep]\n|-heal|p2a: Milotic|42\/100|[from] item: Leftovers\n|upkeep\n|\n|t:|1700019459\n|switch|p1a: Arctovish|Arctovish|76\/100\n|-damage|p1a: Arctovish|51\/100|[from] Stealth Rock\n|turn|21\n|\n|t:|1700019467\n|move|p1a: Arctovish|Fishious Rend|p2a: Milotic\n|-resisted|p2a: Milotic\n|-crit|p2a: Milotic\n|-damage|p2a: Milotic|0 fnt\n|faint|p2a: Milotic\n|\n|-weather|Snow|[upkeep]\n|upkeep\n|\n|t:|1700019474\n|switch|p2a: Arbok|Arbok, F|100\/100\n|-ability|p2a: Arbok|Intimidate|boost\n|-unboost|p1a: Arctovish|atk|1\n|turn|22\n|c|\u2606The Rotom Family|letsssss go\n|\n|t:|1700019478\n|move|p2a: Arbok|Sucker Punch|p1a: Arctovish\n|-damage|p1a: Arctovish|36\/100\n|move|p1a: Arctovish|Fishious Rend|p2a: Arbok\n|-damage|p2a: Arbok|38\/100\n|\n|-weather|Snow|[upkeep]\n|upkeep\n|turn|23\n|\n|t:|1700019485\n|move|p2a: Arbok|Sucker Punch|p1a: Arctovish\n|-damage|p1a: Arctovish|22\/100\n|move|p1a: Arctovish|Fishious Rend|p2a: Arbok\n|-damage|p2a: Arbok|0 fnt\n|faint|p2a: Arbok\n|\n|-weather|Snow|[upkeep]\n|upkeep\n|\n|t:|1700019492\n|switch|p2a: Dragonair|Dragonair, F|100\/100\n|turn|24\n|\n|t:|1700019499\n|switch|p1a: Aurorus|Aurorus, F, tera:Grass|81\/100\n|-damage|p1a: Aurorus|68\/100|[from] Stealth Rock\n|move|p2a: Dragonair|Extreme Speed|p1a: Aurorus\n|-damage|p1a: Aurorus|43\/100\n|\n|-weather|Snow|[upkeep]\n|upkeep\n|turn|25\n|\n|t:|1700019514\n|-terastallize|p2a: Dragonair|Normal\n|move|p2a: Dragonair|Dragon Dance|p2a: Dragonair\n|-boost|p2a: Dragonair|atk|1\n|-boost|p2a: Dragonair|spe|1\n|move|p1a: Aurorus|Hyper Voice|p2a: Dragonair\n|-damage|p2a: Dragonair|36\/100\n|\n|-weather|none\n|upkeep\n|turn|26\n|\n|t:|1700019526\n|move|p2a: Dragonair|Extreme Speed|p1a: Aurorus\n|-damage|p1a: Aurorus|0 fnt\n|faint|p1a: Aurorus\n|\n|upkeep\n|\n|t:|1700019532\n|switch|p1a: Beartic|Beartic, M|100\/100\n|-damage|p1a: Beartic|76\/100|[from] Stealth Rock\n|turn|27\n|\n|t:|1700019545\n|move|p2a: Dragonair|Rest|p2a: Dragonair\n|-status|p2a: Dragonair|slp|[from] move: Rest\n|-heal|p2a: Dragonair|100\/100 slp|[silent]\n|move|p1a: Beartic|Close Combat|p2a: Dragonair\n|-supereffective|p2a: Dragonair\n|-damage|p2a: Dragonair|0 fnt\n|-unboost|p1a: Beartic|def|1\n|-unboost|p1a: Beartic|spd|1\n|faint|p2a: Dragonair\n|-damage|p1a: Beartic|66\/100|[from] item: Life Orb\n|\n|win|The Rotom Family\n|raw|The Rotom Family's rating: 1186 &rarr; <strong>1206<\/strong><br \/>(+20 for winning)\n|raw|JustSnakessss's rating: 1118 &rarr; <strong>1098<\/strong><br \/>(-20 for losing)\n|c|\u2606The Rotom Family|gg wp snake\n|c|\u2606JustSnakessss|gg\n|c|\u2606JustSnakessss|ssssss\n|c|\u2606The Rotom Family|sssss\n|c|\u2606JustSnakessss|Snakes love you\n|c|\u2606The Rotom Family|my cold team loves your skake team\n|c|\u2606The Rotom Family|snake*\n","uploadtime":1700019565,"views":4,"p1id":"therotomfamily","p2id":"justsnakessss","formatid":"gen9nationaldex","rating":1098,"private":0,"password":""}