{"id":"gen9nationaldex-1996957566","p1":"Shovel Florentine","p2":"NDSNEZ Jogo","format":"[Gen 9] National Dex","log":"|html|<div class=\"broadcast-blue\"><strong>[Gen 9] National Dex is currently suspecting Sneasler! For information on how to participate check out the <a href=\"https:\/\/www.smogon.com\/forums\/threads\/sv-national-dex-suspect-8-just-dance.3731534\/\">suspect thread<\/a>.<\/strong><\/div>\n|j|\u2606Shovel Florentine\n|j|\u2606NDSNEZ Jogo\n|t:|1700749549\n|gametype|singles\n|player|p1|Shovel Florentine|acetrainerf|1188\n|player|p2|NDSNEZ Jogo|allister|1267\n|teamsize|p1|6\n|teamsize|p2|6\n|gen|9\n|tier|[Gen 9] National Dex\n|rated|\n|rule|HP Percentage Mod: HP is shown in percentages\n|rule|Endless Battle Clause: Forcing endless battles is banned\n|rule|OHKO Clause: OHKO moves are banned\n|rule|Evasion Clause: Evasion abilities, items, and moves are banned\n|rule|Evasion Abilities Clause: Evasion abilities are banned\n|rule|Evasion Items Clause: Evasion items are banned\n|rule|Evasion Moves Clause: Evasion moves are banned\n|rule|Species Clause: Limit one of each Pok\u00e9mon\n|rule|Sleep Clause Mod: Limit one foe put to sleep\n|clearpoke\n|poke|p1|Scyther, M|\n|poke|p1|Ninetales, F|\n|poke|p1|Rapidash, F|\n|poke|p1|Ivysaur, M|\n|poke|p1|Machoke, M|\n|poke|p1|Articuno|\n|poke|p2|Tapu Lele|\n|poke|p2|Sneasler, F|\n|poke|p2|Iron Valiant|\n|poke|p2|Alakazam, F|\n|poke|p2|Dragonite, M|\n|poke|p2|Kartana|\n|teampreview\n|inactive|Battle timer is ON: inactive players will automatically lose when time's up. (requested by Shovel Florentine)\n|\n|t:|1700749558\n|start\n|switch|p1a: Donatello|Machoke, M, shiny|100\/100\n|switch|p2a: Tapu Lele|Tapu Lele, shiny|100\/100\n|-fieldstart|move: Psychic Terrain|[from] ability: Psychic Surge|[of] p2a: Tapu Lele\n|turn|1\n|\n|t:|1700749578\n|switch|p1a: Pot Ash|Ninetales, F, shiny|100\/100\n|-weather|SunnyDay|[from] ability: Drought|[of] p1a: Pot Ash\n|move|p2a: Tapu Lele|Psychic|p1a: Pot Ash\n|-damage|p1a: Pot Ash|43\/100\n|\n|-weather|SunnyDay|[upkeep]\n|upkeep\n|turn|2\n|\n|t:|1700749586\n|-terastallize|p1a: Pot Ash|Dark\n|move|p2a: Tapu Lele|Psychic|p1a: Pot Ash\n|-immune|p1a: Pot Ash\n|move|p1a: Pot Ash|Dark Pulse|p2a: Tapu Lele\n|-damage|p2a: Tapu Lele|65\/100\n|\n|-weather|SunnyDay|[upkeep]\n|upkeep\n|turn|3\n|\n|t:|1700749597\n|switch|p2a: Kartana|Kartana|100\/100\n|move|p1a: Pot Ash|Flamethrower|p2a: Kartana\n|-supereffective|p2a: Kartana\n|-damage|p2a: Kartana|0 fnt\n|faint|p2a: Kartana\n|\n|-weather|SunnyDay|[upkeep]\n|upkeep\n|\n|t:|1700749611\n|switch|p2a: Tapu Lele|Tapu Lele, shiny|65\/100\n|turn|4\n|\n|t:|1700749615\n|move|p2a: Tapu Lele|Moonblast|p1a: Pot Ash\n|-supereffective|p1a: Pot Ash\n|-damage|p1a: Pot Ash|0 fnt\n|faint|p1a: Pot Ash\n|\n|-weather|SunnyDay|[upkeep]\n|upkeep\n|\n|t:|1700749626\n|switch|p1a: Broody|Rapidash, F|100\/100\n|turn|5\n|\n|t:|1700749630\n|switch|p2a: Dragonite|Dragonite, M|100\/100\n|move|p1a: Broody|Flame Charge|p2a: Dragonite\n|-resisted|p2a: Dragonite\n|-damage|p2a: Dragonite|92\/100\n|-boost|p1a: Broody|spe|1\n|\n|-weather|SunnyDay|[upkeep]\n|-fieldend|move: Psychic Terrain\n|upkeep\n|turn|6\n|\n|t:|1700749649\n|switch|p1a: Arch One|Articuno|100\/100\n|-ability|p1a: Arch One|Pressure\n|move|p2a: Dragonite|Dragon Dance|p2a: Dragonite\n|-boost|p2a: Dragonite|atk|1\n|-boost|p2a: Dragonite|spe|1\n|\n|-weather|SunnyDay|[upkeep]\n|upkeep\n|turn|7\n|\n|t:|1700749655\n|-terastallize|p2a: Dragonite|Normal\n|move|p2a: Dragonite|Dragon Dance|p2a: Dragonite\n|-boost|p2a: Dragonite|atk|1\n|-boost|p2a: Dragonite|spe|1\n|move|p1a: Arch One|Freeze-Dry|p2a: Dragonite\n|-damage|p2a: Dragonite|62\/100\n|\n|-weather|SunnyDay|[upkeep]\n|upkeep\n|turn|8\n|\n|t:|1700749662\n|move|p2a: Dragonite|Extreme Speed|p1a: Arch One\n|-crit|p1a: Arch One\n|-damage|p1a: Arch One|0 fnt\n|faint|p1a: Arch One\n|\n|-weather|none\n|upkeep\n|\n|t:|1700749665\n|switch|p1a: Donatello|Machoke, M, shiny|100\/100\n|turn|9\n|\n|t:|1700749669\n|move|p2a: Dragonite|Extreme Speed|p1a: Donatello\n|-damage|p1a: Donatello|19\/100\n|move|p1a: Donatello|Dynamic Punch|p2a: Dragonite\n|-supereffective|p2a: Dragonite\n|-damage|p2a: Dragonite|0 fnt\n|faint|p2a: Dragonite\n|\n|upkeep\n|\n|t:|1700749675\n|switch|p2a: Tapu Lele|Tapu Lele, shiny|65\/100\n|-fieldstart|move: Psychic Terrain|[from] ability: Psychic Surge|[of] p2a: Tapu Lele\n|turn|10\n|inactive|Shovel Florentine has 120 seconds left.\n|c|\u2606Shovel Florentine|That Dragonite crap showed you have no style\n|c|\u2606Shovel Florentine|Peace\n|-message|Shovel Florentine forfeited.\n|\n|win|NDSNEZ Jogo\n|raw|Shovel Florentine's rating: 1188 &rarr; <strong>1169<\/strong><br \/>(-19 for losing)\n|raw|NDSNEZ Jogo's rating: 1267 &rarr; <strong>1286<\/strong><br \/>(+19 for winning)\n|l|\u2606Shovel Florentine\n","uploadtime":1700749725,"views":1,"p1id":"shovelflorentine","p2id":"ndsnezjogo","formatid":"gen9nationaldex","rating":1169,"private":0,"password":""}