{"id":"gen9nationaldex-1988384553","p1":"Donato Fallito","p2":"JL_recruta","format":"[Gen 9] National Dex","log":"|j|\u2606Donato Fallito\n|j|\u2606JL_recruta\n|t:|1699716870\n|gametype|singles\n|player|p1|Donato Fallito|hiker-gen4|1335\n|player|p2|JL_recruta|nate|1435\n|teamsize|p1|6\n|teamsize|p2|6\n|gen|9\n|tier|[Gen 9] National Dex\n|rated|\n|rule|HP Percentage Mod: HP is shown in percentages\n|rule|Endless Battle Clause: Forcing endless battles is banned\n|rule|OHKO Clause: OHKO moves are banned\n|rule|Evasion Clause: Evasion abilities, items, and moves are banned\n|rule|Evasion Abilities Clause: Evasion abilities are banned\n|rule|Evasion Items Clause: Evasion items are banned\n|rule|Evasion Moves Clause: Evasion moves are banned\n|rule|Species Clause: Limit one of each Pok\u00e9mon\n|rule|Sleep Clause Mod: Limit one foe put to sleep\n|clearpoke\n|poke|p1|Toxapex, M|\n|poke|p1|Ferrothorn, M|\n|poke|p1|Clefable, F|\n|poke|p1|Clodsire, M|\n|poke|p1|Corviknight, M|\n|poke|p1|Chansey, F|\n|poke|p2|Charizard, M|\n|poke|p2|Leafeon, F|\n|poke|p2|Maushold-Four|\n|poke|p2|Kleavor, M|\n|poke|p2|Iron Valiant|\n|poke|p2|Moltres-Galar|\n|teampreview\n|\n|t:|1699716881\n|start\n|switch|p1a: The staller GOD|Toxapex, M, shiny|100\/100\n|switch|p2a: Maushold|Maushold-Four|100\/100\n|turn|1\n|inactive|Battle timer is ON: inactive players will automatically lose when time's up. (requested by Donato Fallito)\n|\n|t:|1699716891\n|switch|p2a: Charizard|Charizard, M, shiny|100\/100\n|move|p1a: The staller GOD|Knock Off|p2a: Charizard\n|-damage|p2a: Charizard|70\/100\n|\n|upkeep\n|turn|2\n|\n|t:|1699716899\n|switch|p1a: The WALL|Clefable, F|100\/100\n|detailschange|p2a: Charizard|Charizard-Mega-Y, M, shiny\n|-mega|p2a: Charizard|Charizard|Charizardite Y\n|-weather|SunnyDay|[from] ability: Drought|[of] p2a: Charizard\n|move|p2a: Charizard|Scorching Sands|p1a: The WALL\n|-damage|p1a: The WALL|74\/100\n|-status|p1a: The WALL|brn\n|\n|-weather|SunnyDay|[upkeep]\n|upkeep\n|turn|3\n|\n|t:|1699716907\n|switch|p1a: DODORIA|Chansey, F|100\/100\n|move|p2a: Charizard|Flamethrower|p1a: DODORIA\n|-damage|p1a: DODORIA|71\/100\n|\n|-weather|SunnyDay|[upkeep]\n|upkeep\n|turn|4\n|\n|t:|1699716918\n|switch|p2a: Maushold|Maushold-Four|100\/100\n|move|p1a: DODORIA|Tri Attack|p2a: Maushold\n|-damage|p2a: Maushold|80\/100\n|\n|-weather|SunnyDay|[upkeep]\n|upkeep\n|turn|5\n|\n|t:|1699716926\n|switch|p1a: The Luigi|Ferrothorn, M|100\/100\n|move|p2a: Maushold|Tidy Up|p2a: Maushold\n|-boost|p2a: Maushold|atk|1\n|-boost|p2a: Maushold|spe|1\n|\n|-weather|SunnyDay|[upkeep]\n|upkeep\n|turn|6\n|\n|t:|1699716933\n|switch|p2a: Iron Valiant|Iron Valiant|100\/100\n|-enditem|p2a: Iron Valiant|Booster Energy\n|-activate|p2a: Iron Valiant|ability: Quark Drive|[fromitem]\n|-start|p2a: Iron Valiant|quarkdrivespe\n|move|p1a: The Luigi|Gyro Ball|p2a: Iron Valiant\n|-supereffective|p2a: Iron Valiant\n|-damage|p2a: Iron Valiant|0 fnt\n|faint|p2a: Iron Valiant\n|-end|p2a: Iron Valiant|Quark Drive|[silent]\n|\n|-weather|none\n|upkeep\n|\n|t:|1699716937\n|switch|p2a: Charizard|Charizard-Mega-Y, M, shiny|70\/100\n|-weather|SunnyDay|[from] ability: Drought|[of] p2a: Charizard\n|turn|7\n|\n|t:|1699716944\n|switch|p1a: DODORIA|Chansey, F|71\/100\n|move|p2a: Charizard|Flamethrower|p1a: DODORIA\n|-damage|p1a: DODORIA|44\/100\n|\n|-weather|SunnyDay|[upkeep]\n|upkeep\n|turn|8\n|\n|t:|1699716948\n|move|p2a: Charizard|Flamethrower|p1a: DODORIA\n|-damage|p1a: DODORIA|15\/100\n|move|p1a: DODORIA|Tri Attack|p2a: Charizard\n|-damage|p2a: Charizard|58\/100\n|-status|p2a: Charizard|par\n|\n|-weather|SunnyDay|[upkeep]\n|upkeep\n|turn|9\n|\n|t:|1699716956\n|move|p2a: Charizard|Flamethrower|p1a: DODORIA\n|-damage|p1a: DODORIA|0 fnt\n|faint|p1a: DODORIA\n|\n|-weather|SunnyDay|[upkeep]\n|upkeep\n|\n|t:|1699716969\n|switch|p1a: The WALL|Clefable, F|74\/100 brn\n|turn|10\n|\n|t:|1699716976\n|switch|p2a: Moltres|Moltres-Galar|100\/100\n|move|p1a: The WALL|Calm Mind|p1a: The WALL\n|-boost|p1a: The WALL|spa|1\n|-boost|p1a: The WALL|spd|1\n|\n|-weather|SunnyDay|[upkeep]\n|upkeep\n|turn|11\n|\n|t:|1699716982\n|-zpower|p2a: Moltres\n|move|p2a: Moltres|Supersonic Skystrike|p1a: The WALL|[zeffect]\n|-damage|p1a: The WALL|20\/100 brn\n|move|p1a: The WALL|Moonblast|p2a: Moltres\n|-supereffective|p2a: Moltres\n|-damage|p2a: Moltres|0 fnt\n|faint|p2a: Moltres\n|\n|-weather|none\n|upkeep\n|\n|t:|1699716986\n|switch|p2a: Kleavor|Kleavor, M|100\/100\n|turn|12\n|\n|t:|1699716995\n|move|p2a: Kleavor|Stone Axe|p1a: The WALL\n|-damage|p1a: The WALL|0 fnt\n|-sidestart|p1: Donato Fallito|move: Stealth Rock\n|faint|p1a: The WALL\n|\n|upkeep\n|\n|t:|1699717000\n|switch|p1a: The staller GOD|Toxapex, M, shiny|100\/100\n|-damage|p1a: The staller GOD|88\/100|[from] Stealth Rock\n|turn|13\n|\n|t:|1699717006\n|switch|p2a: Charizard|Charizard-Mega-Y, M, shiny|58\/100 par\n|-weather|SunnyDay|[from] ability: Drought|[of] p2a: Charizard\n|move|p1a: The staller GOD|Gunk Shot|p2a: Charizard\n|-damage|p2a: Charizard|0 fnt\n|faint|p2a: Charizard\n|\n|-weather|SunnyDay|[upkeep]\n|upkeep\n|\n|t:|1699717009\n|switch|p2a: Leafeon|Leafeon, F|100\/100\n|turn|14\n|\n|t:|1699717012\n|move|p2a: Leafeon|Swords Dance|p2a: Leafeon\n|-boost|p2a: Leafeon|atk|2\n|move|p1a: The staller GOD|Gunk Shot|p2a: Leafeon\n|-supereffective|p2a: Leafeon\n|-damage|p2a: Leafeon|0 fnt\n|faint|p2a: Leafeon\n|\n|-weather|SunnyDay|[upkeep]\n|upkeep\n|\n|t:|1699717016\n|switch|p2a: Kleavor|Kleavor, M|100\/100\n|turn|15\n|\n|t:|1699717023\n|move|p2a: Kleavor|Psycho Cut|p1a: The staller GOD\n|-supereffective|p1a: The staller GOD\n|-damage|p1a: The staller GOD|28\/100\n|move|p1a: The staller GOD|Gunk Shot|p2a: Kleavor\n|-resisted|p2a: Kleavor\n|-damage|p2a: Kleavor|56\/100\n|\n|-weather|SunnyDay|[upkeep]\n|upkeep\n|turn|16\n|\n|t:|1699717030\n|switch|p1a: The Luigi|Ferrothorn, M|100\/100\n|-damage|p1a: The Luigi|95\/100|[from] Stealth Rock\n|move|p2a: Kleavor|Psycho Cut|p1a: The Luigi\n|-resisted|p1a: The Luigi\n|-damage|p1a: The Luigi|80\/100\n|\n|-weather|SunnyDay|[upkeep]\n|upkeep\n|turn|17\n|\n|t:|1699717037\n|move|p2a: Kleavor|Psycho Cut|p1a: The Luigi\n|-resisted|p1a: The Luigi\n|-damage|p1a: The Luigi|65\/100\n|move|p1a: The Luigi|Gyro Ball|p2a: Kleavor\n|-supereffective|p2a: Kleavor\n|-damage|p2a: Kleavor|0 fnt\n|faint|p2a: Kleavor\n|\n|-weather|none\n|upkeep\n|\n|t:|1699717040\n|switch|p2a: Maushold|Maushold-Four|80\/100\n|turn|18\n|\n|t:|1699717046\n|move|p2a: Maushold|Bite|p1a: The Luigi\n|-damage|p1a: The Luigi|48\/100\n|-damage|p2a: Maushold|68\/100|[from] ability: Iron Barbs|[of] p1a: The Luigi\n|move|p1a: The Luigi|Gyro Ball|p2a: Maushold\n|-damage|p2a: Maushold|0 fnt\n|faint|p2a: Maushold\n|\n|win|Donato Fallito\n|raw|Donato Fallito's rating: 1335 &rarr; <strong>1361<\/strong><br \/>(+26 for winning)\n|raw|JL_recruta's rating: 1435 &rarr; <strong>1409<\/strong><br \/>(-26 for losing)\n|l|\u2606JL_recruta\n","uploadtime":1699717054,"views":18,"p1id":"donatofallito","p2id":"jlrecruta","formatid":"gen9nationaldex","rating":1361,"private":0,"password":""}