{"id":"gen9nationaldex-1997965872","p1":"ldsadsadcsf","p2":"Cloud_Head26","format":"[Gen 9] National Dex","log":"|html|<div class=\"broadcast-blue\"><strong>[Gen 9] National Dex is currently suspecting Sneasler! For information on how to participate check out the <a href=\"https:\/\/www.smogon.com\/forums\/threads\/sv-national-dex-suspect-8-just-dance.3731534\/\">suspect thread<\/a>.<\/strong><\/div>\n|j|\u2606ldsadsadcsf\n|j|\u2606Cloud_Head26\n|t:|1700873090\n|gametype|singles\n|player|p1|ldsadsadcsf|unknown|1496\n|player|p2|Cloud_Head26|marley|1397\n|teamsize|p1|6\n|teamsize|p2|6\n|gen|9\n|tier|[Gen 9] National Dex\n|rated|\n|rule|HP Percentage Mod: HP is shown in percentages\n|rule|Endless Battle Clause: Forcing endless battles is banned\n|rule|OHKO Clause: OHKO moves are banned\n|rule|Evasion Clause: Evasion abilities, items, and moves are banned\n|rule|Evasion Abilities Clause: Evasion abilities are banned\n|rule|Evasion Items Clause: Evasion items are banned\n|rule|Evasion Moves Clause: Evasion moves are banned\n|rule|Species Clause: Limit one of each Pok\u00e9mon\n|rule|Sleep Clause Mod: Limit one foe put to sleep\n|clearpoke\n|poke|p1|Iron Valiant|\n|poke|p1|Glimmora, M|\n|poke|p1|Dragonite, F|\n|poke|p1|Hatterene, F|\n|poke|p1|Urshifu-*, M|\n|poke|p1|Banette, M|\n|poke|p2|Grimmsnarl, M|\n|poke|p2|Iron Valiant|\n|poke|p2|Crawdaunt, F|\n|poke|p2|Victini|\n|poke|p2|Landorus-Therian, M|\n|poke|p2|Volcarona, F|\n|teampreview\n|inactive|Battle timer is ON: inactive players will automatically lose when time's up. (requested by Cloud_Head26)\n|inactive|ldsadsadcsf also wants the timer to be on.\n|\n|t:|1700873098\n|start\n|switch|p1a: \u7b2c\u4e8c\u4e2a\u9053\u5177|Glimmora, M|100\/100\n|switch|p2a: Landorus|Landorus-Therian, M|100\/100\n|-ability|p2a: Landorus|Intimidate|boost\n|-unboost|p1a: \u7b2c\u4e8c\u4e2a\u9053\u5177|atk|1\n|turn|1\n|\n|t:|1700873103\n|move|p2a: Landorus|Earthquake|p1a: \u7b2c\u4e8c\u4e2a\u9053\u5177\n|-supereffective|p1a: \u7b2c\u4e8c\u4e2a\u9053\u5177\n|-enditem|p1a: \u7b2c\u4e8c\u4e2a\u9053\u5177|Focus Sash\n|-damage|p1a: \u7b2c\u4e8c\u4e2a\u9053\u5177|1\/100\n|-activate|p1a: \u7b2c\u4e8c\u4e2a\u9053\u5177|ability: Toxic Debris\n|-sidestart|p2: Cloud_Head26|move: Toxic Spikes\n|move|p1a: \u7b2c\u4e8c\u4e2a\u9053\u5177|Stealth Rock|p2a: Landorus\n|-sidestart|p2: Cloud_Head26|move: Stealth Rock\n|\n|upkeep\n|turn|2\n|\n|t:|1700873110\n|switch|p1a: \u6b66\u529f\u8bb2\u7a76\u70b9\u5230\u4e3a\u6b62|Urshifu-Rapid-Strike, M|100\/100\n|move|p2a: Landorus|Earthquake|p1a: \u6b66\u529f\u8bb2\u7a76\u70b9\u5230\u4e3a\u6b62\n|-damage|p1a: \u6b66\u529f\u8bb2\u7a76\u70b9\u5230\u4e3a\u6b62|40\/100\n|\n|upkeep\n|turn|3\n|\n|t:|1700873119\n|-terastallize|p2a: Landorus|Normal\n|move|p1a: \u6b66\u529f\u8bb2\u7a76\u70b9\u5230\u4e3a\u6b62|Surging Strikes|p2a: Landorus\n|-crit|p2a: Landorus\n|-damage|p2a: Landorus|76\/100\n|-crit|p2a: Landorus\n|-damage|p2a: Landorus|54\/100\n|-crit|p2a: Landorus\n|-damage|p2a: Landorus|31\/100\n|-hitcount|p2a: Landorus|3\n|move|p2a: Landorus|Defog|p1a: \u6b66\u529f\u8bb2\u7a76\u70b9\u5230\u4e3a\u6b62\n|-unboost|p1a: \u6b66\u529f\u8bb2\u7a76\u70b9\u5230\u4e3a\u6b62|evasion|1\n|-sideend|p2: Cloud_Head26|Toxic Spikes|[from] move: Defog|[of] p2a: Landorus\n|-sideend|p2: Cloud_Head26|Stealth Rock|[from] move: Defog|[of] p2a: Landorus\n|\n|upkeep\n|turn|4\n|\n|t:|1700873136\n|switch|p2a: Grimmsnarl|Grimmsnarl, M|100\/100\n|move|p1a: \u6b66\u529f\u8bb2\u7a76\u70b9\u5230\u4e3a\u6b62|Surging Strikes|p2a: Grimmsnarl\n|-crit|p2a: Grimmsnarl\n|-damage|p2a: Grimmsnarl|75\/100\n|-crit|p2a: Grimmsnarl\n|-damage|p2a: Grimmsnarl|50\/100\n|-crit|p2a: Grimmsnarl\n|-damage|p2a: Grimmsnarl|26\/100\n|-hitcount|p2a: Grimmsnarl|3\n|\n|upkeep\n|turn|5\n|\n|t:|1700873147\n|move|p2a: Grimmsnarl|Thunder Wave|p1a: \u6b66\u529f\u8bb2\u7a76\u70b9\u5230\u4e3a\u6b62\n|-status|p1a: \u6b66\u529f\u8bb2\u7a76\u70b9\u5230\u4e3a\u6b62|par\n|move|p1a: \u6b66\u529f\u8bb2\u7a76\u70b9\u5230\u4e3a\u6b62|Surging Strikes|p2a: Grimmsnarl\n|-crit|p2a: Grimmsnarl\n|-damage|p2a: Grimmsnarl|3\/100\n|-crit|p2a: Grimmsnarl\n|-damage|p2a: Grimmsnarl|0 fnt\n|faint|p2a: Grimmsnarl\n|-hitcount|p2: Grimmsnarl|2\n|\n|upkeep\n|\n|t:|1700873151\n|switch|p2a: Landorus|Landorus-Therian, M, tera:Normal|31\/100\n|-ability|p2a: Landorus|Intimidate|boost\n|-unboost|p1a: \u6b66\u529f\u8bb2\u7a76\u70b9\u5230\u4e3a\u6b62|atk|1\n|turn|6\n|\n|t:|1700873160\n|switch|p1a: \u5766\u514b|Dragonite, F|100\/100\n|move|p2a: Landorus|Stealth Rock|p1a: \u5766\u514b\n|-sidestart|p1: ldsadsadcsf|move: Stealth Rock\n|\n|upkeep\n|turn|7\n|\n|t:|1700873164\n|move|p2a: Landorus|Explosion|p1a: \u5766\u514b\n|-damage|p1a: \u5766\u514b|34\/100\n|faint|p2a: Landorus\n|move|p1a: \u5766\u514b|Curse|p1a: \u5766\u514b\n|-unboost|p1a: \u5766\u514b|spe|1\n|-boost|p1a: \u5766\u514b|atk|1\n|-boost|p1a: \u5766\u514b|def|1\n|\n|upkeep\n|\n|t:|1700873176\n|switch|p2a: Victini|Victini|100\/100\n|turn|8\n|\n|t:|1700873184\n|-terastallize|p1a: \u5766\u514b|Normal\n|move|p1a: \u5766\u514b|Extreme Speed|p2a: Victini\n|-damage|p2a: Victini|52\/100\n|move|p2a: Victini|Encore|p1a: \u5766\u514b\n|-start|p1a: \u5766\u514b|Encore\n|\n|upkeep\n|turn|9\n|\n|t:|1700873196\n|switch|p2a: Crawdaunt|Crawdaunt, F|100\/100\n|move|p1a: \u5766\u514b|Extreme Speed|p2a: Crawdaunt\n|-crit|p2a: Crawdaunt\n|-damage|p2a: Crawdaunt|0 fnt\n|faint|p2a: Crawdaunt\n|\n|upkeep\n|\n|t:|1700873207\n|switch|p2a: Iron Valiant|Iron Valiant|100\/100\n|-enditem|p2a: Iron Valiant|Booster Energy\n|-activate|p2a: Iron Valiant|ability: Quark Drive|[fromitem]\n|-start|p2a: Iron Valiant|quarkdrivespe\n|turn|10\n|\n|t:|1700873212\n|move|p1a: \u5766\u514b|Extreme Speed|p2a: Iron Valiant\n|-damage|p2a: Iron Valiant|28\/100\n|move|p2a: Iron Valiant|Close Combat|p1a: \u5766\u514b\n|-supereffective|p1a: \u5766\u514b\n|-damage|p1a: \u5766\u514b|0 fnt\n|-unboost|p2a: Iron Valiant|def|1\n|-unboost|p2a: Iron Valiant|spd|1\n|faint|p1a: \u5766\u514b\n|\n|upkeep\n|\n|t:|1700873229\n|switch|p1a: \u7231\u5983|Iron Valiant|100\/100\n|-damage|p1a: \u7231\u5983|94\/100|[from] Stealth Rock\n|-enditem|p1a: \u7231\u5983|Booster Energy\n|-activate|p1a: \u7231\u5983|ability: Quark Drive|[fromitem]\n|-start|p1a: \u7231\u5983|quarkdrivespe\n|turn|11\n|\n|t:|1700873238\n|move|p2a: Iron Valiant|Spirit Break|p1a: \u7231\u5983\n|-supereffective|p1a: \u7231\u5983\n|-damage|p1a: \u7231\u5983|0 fnt\n|faint|p1a: \u7231\u5983\n|-end|p1a: \u7231\u5983|Quark Drive|[silent]\n|\n|upkeep\n|\n|t:|1700873243\n|switch|p1a: \u5e3d\u5b50|Hatterene, F, shiny|100\/100\n|-damage|p1a: \u5e3d\u5b50|88\/100|[from] Stealth Rock\n|turn|12\n|\n|t:|1700873248\n|-end|p2a: Iron Valiant|Quark Drive|[silent]\n|switch|p2a: Victini|Victini|52\/100\n|move|p1a: \u5e3d\u5b50|Draining Kiss|p2a: Victini\n|-resisted|p2a: Victini\n|-damage|p2a: Victini|40\/100\n|-heal|p1a: \u5e3d\u5b50|97\/100|[from] drain|[of] p2a: Victini\n|\n|-heal|p1a: \u5e3d\u5b50|100\/100|[from] item: Leftovers\n|upkeep\n|turn|13\n|\n|t:|1700873257\n|move|p2a: Victini|V-create|p1a: \u5e3d\u5b50\n|-damage|p1a: \u5e3d\u5b50|23\/100\n|-unboost|p2a: Victini|spe|1\n|-unboost|p2a: Victini|def|1\n|-unboost|p2a: Victini|spd|1\n|move|p1a: \u5e3d\u5b50|Nuzzle|p2a: Victini\n|-damage|p2a: Victini|34\/100\n|-status|p2a: Victini|par\n|\n|-heal|p1a: \u5e3d\u5b50|29\/100|[from] item: Leftovers\n|upkeep\n|turn|14\n|\n|t:|1700873266\n|switch|p1a: \u7b2c\u4e8c\u4e2a\u9053\u5177|Glimmora, M|1\/100\n|-damage|p1a: \u7b2c\u4e8c\u4e2a\u9053\u5177|0 fnt|[from] Stealth Rock\n|faint|p1a: \u7b2c\u4e8c\u4e2a\u9053\u5177\n|move|p2a: Victini|V-create|p1: \u7b2c\u4e8c\u4e2a\u9053\u5177|[notarget]\n|-fail|p2a: Victini\n|\n|upkeep\n|\n|t:|1700873271\n|switch|p1a: \u6b66\u529f\u8bb2\u7a76\u70b9\u5230\u4e3a\u6b62|Urshifu-Rapid-Strike, M|40\/100 par\n|turn|15\n|\n|t:|1700873281\n|switch|p2a: Iron Valiant|Iron Valiant|28\/100\n|move|p1a: \u6b66\u529f\u8bb2\u7a76\u70b9\u5230\u4e3a\u6b62|Surging Strikes|p2a: Iron Valiant\n|-crit|p2a: Iron Valiant\n|-damage|p2a: Iron Valiant|1\/100\n|-crit|p2a: Iron Valiant\n|-damage|p2a: Iron Valiant|0 fnt\n|faint|p2a: Iron Valiant\n|-end|p2a: Iron Valiant|Quark Drive|[silent]\n|-hitcount|p2: Iron Valiant|2\n|\n|upkeep\n|\n|t:|1700873286\n|switch|p2a: Victini|Victini|34\/100 par\n|turn|16\n|\n|t:|1700873291\n|move|p2a: Victini|Bolt Strike|p1a: \u6b66\u529f\u8bb2\u7a76\u70b9\u5230\u4e3a\u6b62\n|-supereffective|p1a: \u6b66\u529f\u8bb2\u7a76\u70b9\u5230\u4e3a\u6b62\n|-damage|p1a: \u6b66\u529f\u8bb2\u7a76\u70b9\u5230\u4e3a\u6b62|0 fnt\n|faint|p1a: \u6b66\u529f\u8bb2\u7a76\u70b9\u5230\u4e3a\u6b62\n|\n|upkeep\n|\n|t:|1700873293\n|switch|p1a: \u540c\u547d\u4e0d\u540c\u547d\uff0c\u6311\u62e8\u4e0d\u6311\u62e8|Banette, M, shiny|100\/100\n|-damage|p1a: \u540c\u547d\u4e0d\u540c\u547d\uff0c\u6311\u62e8\u4e0d\u6311\u62e8|88\/100|[from] Stealth Rock\n|-item|p2a: Victini|Choice Scarf|[from] ability: Frisk|[of] p1a: \u540c\u547d\u4e0d\u540c\u547d\uff0c\u6311\u62e8\u4e0d\u6311\u62e8|[identify]\n|turn|17\n|\n|t:|1700873297\n|detailschange|p1a: \u540c\u547d\u4e0d\u540c\u547d\uff0c\u6311\u62e8\u4e0d\u6311\u62e8|Banette-Mega, M, shiny\n|-mega|p1a: \u540c\u547d\u4e0d\u540c\u547d\uff0c\u6311\u62e8\u4e0d\u6311\u62e8|Banette|Banettite\n|move|p1a: \u540c\u547d\u4e0d\u540c\u547d\uff0c\u6311\u62e8\u4e0d\u6311\u62e8|Sucker Punch|p2a: Victini\n|-supereffective|p2a: Victini\n|-damage|p2a: Victini|0 fnt\n|faint|p2a: Victini\n|\n|upkeep\n|\n|t:|1700873301\n|switch|p2a: Volcarona|Volcarona, F|100\/100\n|turn|18\n|\n|t:|1700873304\n|move|p1a: \u540c\u547d\u4e0d\u540c\u547d\uff0c\u6311\u62e8\u4e0d\u6311\u62e8|Taunt|p2a: Volcarona\n|-start|p2a: Volcarona|move: Taunt\n|move|p2a: Volcarona|Fiery Dance|p1a: \u540c\u547d\u4e0d\u540c\u547d\uff0c\u6311\u62e8\u4e0d\u6311\u62e8\n|-damage|p1a: \u540c\u547d\u4e0d\u540c\u547d\uff0c\u6311\u62e8\u4e0d\u6311\u62e8|32\/100\n|\n|upkeep\n|turn|19\n|\n|t:|1700873311\n|move|p1a: \u540c\u547d\u4e0d\u540c\u547d\uff0c\u6311\u62e8\u4e0d\u6311\u62e8|Destiny Bond|p1a: \u540c\u547d\u4e0d\u540c\u547d\uff0c\u6311\u62e8\u4e0d\u6311\u62e8\n|-singlemove|p1a: \u540c\u547d\u4e0d\u540c\u547d\uff0c\u6311\u62e8\u4e0d\u6311\u62e8|Destiny Bond\n|move|p2a: Volcarona|Bug Buzz|p1a: \u540c\u547d\u4e0d\u540c\u547d\uff0c\u6311\u62e8\u4e0d\u6311\u62e8\n|-resisted|p1a: \u540c\u547d\u4e0d\u540c\u547d\uff0c\u6311\u62e8\u4e0d\u6311\u62e8\n|-damage|p1a: \u540c\u547d\u4e0d\u540c\u547d\uff0c\u6311\u62e8\u4e0d\u6311\u62e8|1\/100\n|\n|upkeep\n|turn|20\n|\n|t:|1700873318\n|move|p2a: Volcarona|Fiery Dance|p1a: \u540c\u547d\u4e0d\u540c\u547d\uff0c\u6311\u62e8\u4e0d\u6311\u62e8\n|-damage|p1a: \u540c\u547d\u4e0d\u540c\u547d\uff0c\u6311\u62e8\u4e0d\u6311\u62e8|0 fnt\n|faint|p1a: \u540c\u547d\u4e0d\u540c\u547d\uff0c\u6311\u62e8\u4e0d\u6311\u62e8\n|-activate|p1a: \u540c\u547d\u4e0d\u540c\u547d\uff0c\u6311\u62e8\u4e0d\u6311\u62e8|move: Destiny Bond\n|faint|p2a: Volcarona\n|\n|win|ldsadsadcsf\n|raw|ldsadsadcsf's rating: 1496 &rarr; <strong>1510<\/strong><br \/>(+14 for winning)\n|raw|Cloud_Head26's rating: 1397 &rarr; <strong>1383<\/strong><br \/>(-14 for losing)\n|l|\u2606Cloud_Head26\n","uploadtime":1700873329,"views":3,"p1id":"ldsadsadcsf","p2id":"cloudhead26","formatid":"gen9nationaldex","rating":1383,"private":0,"password":""}