{"id":"gen9nationaldex-1989193791","p1":"Sunky_Bugado","p2":"Pedro_Oak","format":"[Gen 9] National Dex","log":"|j|\u2606Sunky_Bugado\n|j|\u2606Pedro_Oak\n|t:|1699822054\n|gametype|singles\n|player|p1|Sunky_Bugado|drake-gen3|\n|player|p2|Pedro_Oak|hilbert|\n|teamsize|p1|3\n|teamsize|p2|6\n|gen|9\n|tier|[Gen 9] National Dex\n|rule|HP Percentage Mod: HP is shown in percentages\n|rule|Endless Battle Clause: Forcing endless battles is banned\n|rule|OHKO Clause: OHKO moves are banned\n|rule|Evasion Clause: Evasion abilities, items, and moves are banned\n|rule|Evasion Abilities Clause: Evasion abilities are banned\n|rule|Evasion Items Clause: Evasion items are banned\n|rule|Evasion Moves Clause: Evasion moves are banned\n|rule|Species Clause: Limit one of each Pok\u00e9mon\n|rule|Sleep Clause Mod: Limit one foe put to sleep\n|clearpoke\n|poke|p1|Zorua, L16, M|\n|poke|p1|Qwilfish-Hisui, L17, M|\n|poke|p1|Absol, L18, F|\n|poke|p2|Cyndaquil, L16, F|\n|poke|p2|Eevee, L16, F|\n|poke|p2|Drifloon, L22, M|\n|poke|p2|Riolu, L17, M|\n|poke|p2|Snorunt, L13, F|\n|poke|p2|Scyther, L17, M|\n|teampreview\n|\n|t:|1699822071\n|start\n|switch|p1a: Absol|Absol, L16, F|100\/100\n|switch|p2a: Eevee|Eevee, L16, F|100\/100\n|turn|1\n|\n|t:|1699822081\n|move|p2a: Eevee|Quick Attack|p1a: Absol\n|-damage|p1a: Absol|70\/100\n|replace|p1a: Zorua|Zorua, L16, M\n|-end|p1a: Zorua|Illusion\n|move|p1a: Zorua|Dark Pulse|p2a: Eevee\n|-damage|p2a: Eevee|42\/100\n|-enditem|p2a: Eevee|Oran Berry|[eat]\n|-heal|p2a: Eevee|61\/100|[from] item: Oran Berry\n|\n|upkeep\n|turn|2\n|\n|t:|1699822101\n|move|p1a: Zorua|Dark Pulse|p2a: Eevee\n|-damage|p2a: Eevee|6\/100\n|move|p2a: Eevee|Covet|p1a: Zorua\n|-damage|p1a: Zorua|28\/100\n|\n|upkeep\n|turn|3\n|\n|t:|1699822112\n|move|p2a: Eevee|Quick Attack|p1a: Zorua\n|-damage|p1a: Zorua|0 fnt\n|faint|p1a: Zorua\n|\n|upkeep\n|\n|t:|1699822116\n|switch|p1a: Qwilfish|Qwilfish-Hisui, L17, M|100\/100\n|-ability|p1a: Qwilfish|Intimidate|boost\n|-unboost|p2a: Eevee|atk|1\n|turn|4\n|\n|t:|1699822126\n|switch|p2a: Kaila|Cyndaquil, L16, F|100\/100\n|move|p1a: Qwilfish|Aqua Jet|p2a: Kaila\n|-supereffective|p2a: Kaila\n|-damage|p2a: Kaila|40\/100\n|-enditem|p2a: Kaila|Sitrus Berry|[eat]\n|-heal|p2a: Kaila|64\/100|[from] item: Sitrus Berry\n|\n|upkeep\n|turn|5\n|\n|t:|1699822141\n|switch|p2a: Drifloon|Drifloon, L22, M|100\/100\n|move|p1a: Qwilfish|Aqua Jet|p2a: Drifloon\n|-damage|p2a: Drifloon|87\/100\n|\n|upkeep\n|turn|6\n|\n|t:|1699822151\n|move|p2a: Drifloon|Payback|p1a: Qwilfish\n|-resisted|p1a: Qwilfish\n|-damage|p1a: Qwilfish|93\/100\n|move|p1a: Qwilfish|Dark Pulse|p2a: Drifloon\n|-supereffective|p2a: Drifloon\n|-damage|p2a: Drifloon|37\/100\n|-enditem|p2a: Drifloon|Oran Berry|[eat]\n|-heal|p2a: Drifloon|49\/100|[from] item: Oran Berry\n|\n|upkeep\n|turn|7\n|\n|t:|1699822161\n|move|p2a: Drifloon|Shadow Ball|p1a: Qwilfish\n|-resisted|p1a: Qwilfish\n|-damage|p1a: Qwilfish|50\/100\n|move|p1a: Qwilfish|Dark Pulse|p2a: Drifloon\n|-supereffective|p2a: Drifloon\n|-damage|p2a: Drifloon|0 fnt\n|faint|p2a: Drifloon\n|\n|upkeep\n|\n|t:|1699822172\n|switch|p2a: Frozen|Snorunt, L13, F|100\/100\n|turn|8\n|\n|t:|1699822183\n|move|p1a: Qwilfish|Barb Barrage|p2a: Frozen\n|-damage|p2a: Frozen|8\/100\n|-status|p2a: Frozen|psn\n|-enditem|p2a: Frozen|Oran Berry|[eat]\n|-heal|p2a: Frozen|31\/100 psn|[from] item: Oran Berry\n|move|p2a: Frozen|Powder Snow|p1a: Qwilfish\n|-damage|p1a: Qwilfish|34\/100\n|-status|p1a: Qwilfish|frz\n|\n|-damage|p2a: Frozen|20\/100 psn|[from] psn\n|upkeep\n|turn|9\n|\n|t:|1699822208\n|cant|p1a: Qwilfish|frz\n|move|p2a: Frozen|Powder Snow|p1a: Qwilfish\n|-damage|p1a: Qwilfish|21\/100 frz\n|\n|-damage|p2a: Frozen|8\/100 psn|[from] psn\n|upkeep\n|turn|10\n|\n|t:|1699822216\n|cant|p1a: Qwilfish|frz\n|move|p2a: Frozen|Hail|p2a: Frozen\n|-weather|Hail\n|\n|-weather|Hail|[upkeep]\n|-damage|p1a: Qwilfish|15\/100 frz|[from] Hail\n|-heal|p2a: Frozen|12\/100 psn|[from] ability: Ice Body\n|-damage|p2a: Frozen|0 fnt|[from] psn\n|faint|p2a: Frozen\n|upkeep\n|\n|t:|1699822228\n|switch|p2a: Eevee|Eevee, L16, F|6\/100\n|turn|11\n|\n|t:|1699822235\n|cant|p1a: Qwilfish|frz\n|move|p2a: Eevee|Quick Attack|p1a: Qwilfish\n|-damage|p1a: Qwilfish|2\/100 frz\n|\n|-weather|Hail|[upkeep]\n|-damage|p1a: Qwilfish|0 fnt|[from] Hail\n|-damage|p2a: Eevee|0 fnt|[from] Hail\n|faint|p1a: Qwilfish\n|faint|p2a: Eevee\n|upkeep\n|\n|t:|1699822246\n|switch|p1a: Absol|Absol, L18, F|100\/100\n|switch|p2a: Riolu|Riolu, L17, M|100\/100\n|-ability|p1a: Absol|Pressure\n|turn|12\n|\n|t:|1699822255\n|move|p1a: Absol|Air Slash|p2a: Riolu\n|-supereffective|p2a: Riolu\n|-damage|p2a: Riolu|39\/100\n|-enditem|p2a: Riolu|Oran Berry|[eat]\n|-heal|p2a: Riolu|60\/100|[from] item: Oran Berry\n|move|p2a: Riolu|Brick Break|p1a: Absol\n|-supereffective|p1a: Absol\n|-damage|p1a: Absol|15\/100\n|\n|-weather|Hail|[upkeep]\n|-damage|p1a: Absol|9\/100|[from] Hail\n|-damage|p2a: Riolu|54\/100|[from] Hail\n|-heal|p1a: Absol|15\/100|[from] item: Leftovers\n|upkeep\n|turn|13\n|\n|t:|1699822270\n|-terastallize|p1a: Absol|Rock\n|move|p1a: Absol|Air Slash|p2a: Riolu\n|-supereffective|p2a: Riolu\n|-damage|p2a: Riolu|0 fnt\n|faint|p2a: Riolu\n|\n|-weather|Hail|[upkeep]\n|-damage|p1a: Absol|9\/100|[from] Hail\n|-heal|p1a: Absol|15\/100|[from] item: Leftovers\n|upkeep\n|\n|t:|1699822282\n|switch|p2a: Kaila|Cyndaquil, L16, F|64\/100\n|turn|14\n|\n|t:|1699822294\n|move|p1a: Absol|Dark Pulse|p2a: Kaila\n|-damage|p2a: Kaila|11\/100\n|move|p2a: Kaila|Rollout|p1a: Absol\n|-damage|p1a: Absol|4\/100\n|\n|-weather|none\n|-heal|p1a: Absol|9\/100|[from] item: Leftovers\n|upkeep\n|turn|15\n|\n|t:|1699822303\n|move|p1a: Absol|Quick Attack|p2a: Kaila\n|-damage|p2a: Kaila|0 fnt\n|faint|p2a: Kaila\n|\n|-heal|p1a: Absol|15\/100|[from] item: Leftovers\n|upkeep\n|\n|t:|1699822310\n|switch|p2a: Scyther|Scyther, L17, M|100\/100\n|turn|16\n|\n|t:|1699822318\n|move|p2a: Scyther|Fury Cutter|p1a: Absol\n|-damage|p1a: Absol|0 fnt\n|faint|p1a: Absol\n|\n|win|Pedro_Oak\n|c|\u2606Sunky_Bugado|boa kk\n|l|\u2606Pedro_Oak\n","uploadtime":1699822475,"views":14,"p1id":"sunkybugado","p2id":"pedrooak","formatid":"gen9nationaldex","rating":0,"private":0,"password":""}