{"id":"gen9nationaldex-1997492841","p1":"qietan","p2":"Unluck sheep","format":"[Gen 9] National Dex","log":"|html|<div class=\"broadcast-blue\"><strong>[Gen 9] National Dex is currently suspecting Sneasler! For information on how to participate check out the <a href=\"https:\/\/www.smogon.com\/forums\/threads\/sv-national-dex-suspect-8-just-dance.3731534\/\">suspect thread<\/a>.<\/strong><\/div>\n|j|\u2606qietan\n|j|\u2606Unluck sheep\n|t:|1700814862\n|gametype|singles\n|player|p1|qietan|cilan|1362\n|player|p2|Unluck sheep|elesa-masters|1353\n|teamsize|p1|6\n|teamsize|p2|6\n|gen|9\n|tier|[Gen 9] National Dex\n|rated|\n|rule|HP Percentage Mod: HP is shown in percentages\n|rule|Endless Battle Clause: Forcing endless battles is banned\n|rule|OHKO Clause: OHKO moves are banned\n|rule|Evasion Clause: Evasion abilities, items, and moves are banned\n|rule|Evasion Abilities Clause: Evasion abilities are banned\n|rule|Evasion Items Clause: Evasion items are banned\n|rule|Evasion Moves Clause: Evasion moves are banned\n|rule|Species Clause: Limit one of each Pok\u00e9mon\n|rule|Sleep Clause Mod: Limit one foe put to sleep\n|clearpoke\n|poke|p1|Zamazenta-*|\n|poke|p1|Lopunny, F|\n|poke|p1|Garganacl, F|\n|poke|p1|Sinistcha-Masterpiece|\n|poke|p1|Dragonite, M|\n|poke|p1|Skarmory, F|\n|poke|p2|Alomomola, F|\n|poke|p2|Rillaboom, F|\n|poke|p2|Volcarona, M|\n|poke|p2|Banette, M|\n|poke|p2|Great Tusk|\n|poke|p2|Garganacl, F|\n|teampreview\n|inactive|Battle timer is ON: inactive players will automatically lose when time's up. (requested by Unluck sheep)\n|inactive|qietan also wants the timer to be on.\n|\n|t:|1700814880\n|start\n|switch|p1a: Lopunny|Lopunny, F|100\/100\n|switch|p2a: Great Tusk|Great Tusk|100\/100\n|turn|1\n|\n|t:|1700814886\n|detailschange|p1a: Lopunny|Lopunny-Mega, F\n|-mega|p1a: Lopunny|Lopunny|Lopunnite\n|move|p1a: Lopunny|Fake Out|p2a: Great Tusk\n|-damage|p2a: Great Tusk|87\/100\n|cant|p2a: Great Tusk|flinch\n|\n|upkeep\n|turn|2\n|\n|t:|1700814892\n|move|p1a: Lopunny|U-turn|p2a: Great Tusk\n|-resisted|p2a: Great Tusk\n|-damage|p2a: Great Tusk|80\/100\n|\n|t:|1700814894\n|switch|p1a: Skarmory|Skarmory, F, shiny|100\/100|[from] U-turn\n|move|p2a: Great Tusk|Bulk Up|p2a: Great Tusk\n|-boost|p2a: Great Tusk|atk|1\n|-boost|p2a: Great Tusk|def|1\n|\n|upkeep\n|turn|3\n|\n|t:|1700814903\n|move|p2a: Great Tusk|Bulk Up|p2a: Great Tusk\n|-boost|p2a: Great Tusk|atk|1\n|-boost|p2a: Great Tusk|def|1\n|move|p1a: Skarmory|Toxic|p2a: Great Tusk\n|-status|p2a: Great Tusk|tox\n|\n|-damage|p2a: Great Tusk|74\/100 tox|[from] psn\n|upkeep\n|turn|4\n|\n|t:|1700814916\n|-zpower|p2a: Great Tusk\n|move|p2a: Great Tusk|Continental Crush|p1a: Skarmory|[zeffect]\n|-crit|p1a: Skarmory\n|-ability|p1a: Skarmory|Sturdy\n|-damage|p1a: Skarmory|1\/100\n|move|p1a: Skarmory|Spikes|p2a: Great Tusk\n|-sidestart|p2: Unluck sheep|Spikes\n|\n|-damage|p2a: Great Tusk|61\/100 tox|[from] psn\n|upkeep\n|turn|5\n|\n|t:|1700814930\n|move|p2a: Great Tusk|Rapid Spin|p1a: Skarmory\n|-resisted|p1a: Skarmory\n|-damage|p1a: Skarmory|0 fnt\n|-boost|p2a: Great Tusk|spe|1\n|-damage|p2a: Great Tusk|45\/100 tox|[from] item: Rocky Helmet|[of] p1a: Skarmory\n|-sideend|p2: Unluck sheep|Spikes|[from] move: Rapid Spin|[of] p2a: Great Tusk\n|faint|p1a: Skarmory\n|\n|-damage|p2a: Great Tusk|26\/100 tox|[from] psn\n|upkeep\n|\n|t:|1700814936\n|switch|p1a: Lopunny|Lopunny-Mega, F|100\/100\n|turn|6\n|\n|t:|1700814951\n|-end|p2a: Great Tusk|Protosynthesis|[silent]\n|switch|p2a: Alomomola|Alomomola, F|100\/100\n|move|p1a: Lopunny|U-turn|p2a: Alomomola\n|-damage|p2a: Alomomola|87\/100\n|-damage|p1a: Lopunny|84\/100|[from] item: Rocky Helmet|[of] p2a: Alomomola\n|\n|t:|1700814955\n|switch|p1a: Sinistcha|Sinistcha-Masterpiece|100\/100|[from] U-turn\n|\n|upkeep\n|turn|7\n|\n|t:|1700814965\n|switch|p2a: Volcarona|Volcarona, M|100\/100\n|move|p1a: Sinistcha|Calm Mind|p1a: Sinistcha\n|-boost|p1a: Sinistcha|spa|1\n|-boost|p1a: Sinistcha|spd|1\n|\n|upkeep\n|turn|8\n|\n|t:|1700814971\n|move|p2a: Volcarona|Quiver Dance|p2a: Volcarona\n|-boost|p2a: Volcarona|spa|1\n|-boost|p2a: Volcarona|spd|1\n|-boost|p2a: Volcarona|spe|1\n|move|p1a: Sinistcha|Scald|p2a: Volcarona\n|-supereffective|p2a: Volcarona\n|-damage|p2a: Volcarona|57\/100\n|\n|upkeep\n|turn|9\n|\n|t:|1700814993\n|move|p2a: Volcarona|Bug Buzz|p1a: Sinistcha\n|-damage|p1a: Sinistcha|54\/100\n|move|p1a: Sinistcha|Scald|p2a: Volcarona\n|-supereffective|p2a: Volcarona\n|-damage|p2a: Volcarona|9\/100\n|\n|-heal|p1a: Sinistcha|60\/100|[from] item: Leftovers\n|upkeep\n|turn|10\n|\n|t:|1700815001\n|-terastallize|p1a: Sinistcha|Poison\n|move|p2a: Volcarona|Bug Buzz|p1a: Sinistcha\n|-resisted|p1a: Sinistcha\n|-damage|p1a: Sinistcha|39\/100\n|move|p1a: Sinistcha|Matcha Gotcha|p2a: Volcarona\n|-resisted|p2a: Volcarona\n|-damage|p2a: Volcarona|1\/100\n|-heal|p1a: Sinistcha|42\/100|[from] drain|[of] p2a: Volcarona\n|\n|-heal|p1a: Sinistcha|48\/100|[from] item: Leftovers\n|upkeep\n|turn|11\n|\n|t:|1700815015\n|move|p2a: Volcarona|Flamethrower|p1a: Sinistcha\n|-damage|p1a: Sinistcha|7\/100\n|move|p1a: Sinistcha|Calm Mind|p1a: Sinistcha\n|-boost|p1a: Sinistcha|spa|1\n|-boost|p1a: Sinistcha|spd|1\n|\n|-heal|p1a: Sinistcha|14\/100|[from] item: Leftovers\n|upkeep\n|turn|12\n|\n|t:|1700815023\n|move|p2a: Volcarona|Flamethrower|p1a: Sinistcha\n|-damage|p1a: Sinistcha|0 fnt\n|faint|p1a: Sinistcha\n|\n|upkeep\n|\n|t:|1700815028\n|switch|p1a: Lopunny|Lopunny-Mega, F|84\/100\n|turn|13\n|\n|t:|1700815035\n|move|p2a: Volcarona|Bug Buzz|p1a: Lopunny\n|-resisted|p1a: Lopunny\n|-damage|p1a: Lopunny|35\/100\n|move|p1a: Lopunny|U-turn|p2a: Volcarona\n|-resisted|p2a: Volcarona\n|-damage|p2a: Volcarona|0 fnt\n|faint|p2a: Volcarona\n|\n|t:|1700815044\n|switch|p1a: Zamazenta|Zamazenta|100\/100|[from] U-turn\n|-ability|p1a: Zamazenta|Dauntless Shield|boost\n|-boost|p1a: Zamazenta|def|1\n|\n|upkeep\n|\n|t:|1700815057\n|switch|p2a: Garganacl|Garganacl, F|100\/100\n|turn|14\n|\n|t:|1700815062\n|-terastallize|p2a: Garganacl|Ghost\n|move|p1a: Zamazenta|Substitute|p1a: Zamazenta\n|-start|p1a: Zamazenta|Substitute\n|-damage|p1a: Zamazenta|76\/100\n|move|p2a: Garganacl|Iron Defense|p2a: Garganacl\n|-boost|p2a: Garganacl|def|2\n|\n|-heal|p1a: Zamazenta|82\/100|[from] item: Leftovers\n|upkeep\n|turn|15\n|\n|t:|1700815077\n|move|p1a: Zamazenta|Iron Defense|p1a: Zamazenta\n|-boost|p1a: Zamazenta|def|2\n|move|p2a: Garganacl|Iron Defense|p2a: Garganacl\n|-boost|p2a: Garganacl|def|2\n|\n|-heal|p1a: Zamazenta|88\/100|[from] item: Leftovers\n|upkeep\n|turn|16\n|\n|t:|1700815084\n|move|p1a: Zamazenta|Iron Defense|p1a: Zamazenta\n|-boost|p1a: Zamazenta|def|2\n|move|p2a: Garganacl|Body Press|p1a: Zamazenta\n|-activate|p1a: Zamazenta|move: Substitute|[damage]\n|\n|-heal|p1a: Zamazenta|94\/100|[from] item: Leftovers\n|upkeep\n|turn|17\n|\n|t:|1700815091\n|move|p1a: Zamazenta|Iron Defense|p1a: Zamazenta\n|-boost|p1a: Zamazenta|def|1\n|move|p2a: Garganacl|Iron Defense|p2a: Garganacl\n|-boost|p2a: Garganacl|def|2\n|\n|-heal|p1a: Zamazenta|99\/100|[from] item: Leftovers\n|upkeep\n|turn|18\n|\n|t:|1700815099\n|move|p1a: Zamazenta|Crunch|p2a: Garganacl\n|-supereffective|p2a: Garganacl\n|-damage|p2a: Garganacl|94\/100\n|-unboost|p2a: Garganacl|def|1\n|move|p2a: Garganacl|Body Press|p1a: Zamazenta\n|-end|p1a: Zamazenta|Substitute\n|\n|-heal|p1a: Zamazenta|100\/100|[from] item: Leftovers\n|-heal|p2a: Garganacl|99\/100|[from] item: Leftovers\n|upkeep\n|turn|19\n|\n|t:|1700815109\n|move|p1a: Zamazenta|Substitute|p1a: Zamazenta\n|-start|p1a: Zamazenta|Substitute\n|-damage|p1a: Zamazenta|76\/100\n|move|p2a: Garganacl|Body Press|p1a: Zamazenta\n|-activate|p1a: Zamazenta|move: Substitute|[damage]\n|\n|-heal|p1a: Zamazenta|82\/100|[from] item: Leftovers\n|-heal|p2a: Garganacl|100\/100|[from] item: Leftovers\n|upkeep\n|turn|20\n|\n|t:|1700815117\n|move|p1a: Zamazenta|Crunch|p2a: Garganacl\n|-supereffective|p2a: Garganacl\n|-damage|p2a: Garganacl|92\/100\n|move|p2a: Garganacl|Salt Cure|p1a: Zamazenta\n|-resisted|p1a: Zamazenta\n|-activate|p1a: Zamazenta|move: Substitute|[damage]\n|\n|-heal|p1a: Zamazenta|88\/100|[from] item: Leftovers\n|-heal|p2a: Garganacl|98\/100|[from] item: Leftovers\n|upkeep\n|turn|21\n|\n|t:|1700815126\n|move|p1a: Zamazenta|Crunch|p2a: Garganacl\n|-supereffective|p2a: Garganacl\n|-damage|p2a: Garganacl|90\/100\n|-unboost|p2a: Garganacl|def|1\n|move|p2a: Garganacl|Salt Cure|p1a: Zamazenta\n|-resisted|p1a: Zamazenta\n|-activate|p1a: Zamazenta|move: Substitute|[damage]\n|\n|-heal|p1a: Zamazenta|94\/100|[from] item: Leftovers\n|-heal|p2a: Garganacl|96\/100|[from] item: Leftovers\n|upkeep\n|turn|22\n|\n|t:|1700815137\n|move|p1a: Zamazenta|Crunch|p2a: Garganacl\n|-supereffective|p2a: Garganacl\n|-damage|p2a: Garganacl|86\/100\n|move|p2a: Garganacl|Iron Defense|p2a: Garganacl\n|-boost|p2a: Garganacl|def|2\n|\n|-heal|p1a: Zamazenta|99\/100|[from] item: Leftovers\n|-heal|p2a: Garganacl|92\/100|[from] item: Leftovers\n|upkeep\n|turn|23\n|\n|t:|1700815146\n|move|p1a: Zamazenta|Crunch|p2a: Garganacl\n|-supereffective|p2a: Garganacl\n|-damage|p2a: Garganacl|85\/100\n|move|p2a: Garganacl|Salt Cure|p1a: Zamazenta\n|-resisted|p1a: Zamazenta\n|-activate|p1a: Zamazenta|move: Substitute|[damage]\n|\n|-heal|p1a: Zamazenta|100\/100|[from] item: Leftovers\n|-heal|p2a: Garganacl|91\/100|[from] item: Leftovers\n|upkeep\n|turn|24\n|\n|t:|1700815155\n|move|p1a: Zamazenta|Crunch|p2a: Garganacl\n|-supereffective|p2a: Garganacl\n|-damage|p2a: Garganacl|84\/100\n|move|p2a: Garganacl|Salt Cure|p1a: Zamazenta\n|-resisted|p1a: Zamazenta\n|-activate|p1a: Zamazenta|move: Substitute|[damage]\n|\n|-heal|p2a: Garganacl|90\/100|[from] item: Leftovers\n|upkeep\n|turn|25\n|\n|t:|1700815164\n|move|p1a: Zamazenta|Crunch|p2a: Garganacl\n|-supereffective|p2a: Garganacl\n|-damage|p2a: Garganacl|82\/100\n|move|p2a: Garganacl|Salt Cure|p1a: Zamazenta\n|-resisted|p1a: Zamazenta\n|-activate|p1a: Zamazenta|move: Substitute|[damage]\n|\n|-heal|p2a: Garganacl|88\/100|[from] item: Leftovers\n|upkeep\n|turn|26\n|\n|t:|1700815174\n|move|p1a: Zamazenta|Crunch|p2a: Garganacl\n|-supereffective|p2a: Garganacl\n|-damage|p2a: Garganacl|80\/100\n|move|p2a: Garganacl|Salt Cure|p1a: Zamazenta\n|-resisted|p1a: Zamazenta\n|-activate|p1a: Zamazenta|move: Substitute|[damage]\n|\n|-heal|p2a: Garganacl|86\/100|[from] item: Leftovers\n|upkeep\n|turn|27\n|\n|t:|1700815184\n|move|p1a: Zamazenta|Crunch|p2a: Garganacl\n|-supereffective|p2a: Garganacl\n|-damage|p2a: Garganacl|78\/100\n|move|p2a: Garganacl|Salt Cure|p1a: Zamazenta\n|-resisted|p1a: Zamazenta\n|-activate|p1a: Zamazenta|move: Substitute|[damage]\n|\n|-heal|p2a: Garganacl|85\/100|[from] item: Leftovers\n|upkeep\n|turn|28\n|\n|t:|1700815194\n|move|p1a: Zamazenta|Crunch|p2a: Garganacl\n|-supereffective|p2a: Garganacl\n|-damage|p2a: Garganacl|78\/100\n|move|p2a: Garganacl|Body Press|p1a: Zamazenta\n|-end|p1a: Zamazenta|Substitute\n|\n|-heal|p2a: Garganacl|84\/100|[from] item: Leftovers\n|upkeep\n|turn|29\n|\n|t:|1700815204\n|move|p1a: Zamazenta|Substitute|p1a: Zamazenta\n|-start|p1a: Zamazenta|Substitute\n|-damage|p1a: Zamazenta|76\/100\n|move|p2a: Garganacl|Body Press|p1a: Zamazenta\n|-activate|p1a: Zamazenta|move: Substitute|[damage]\n|\n|-heal|p1a: Zamazenta|82\/100|[from] item: Leftovers\n|-heal|p2a: Garganacl|90\/100|[from] item: Leftovers\n|upkeep\n|turn|30\n|\n|t:|1700815212\n|move|p1a: Zamazenta|Crunch|p2a: Garganacl\n|-supereffective|p2a: Garganacl\n|-damage|p2a: Garganacl|83\/100\n|move|p2a: Garganacl|Body Press|p1a: Zamazenta\n|-end|p1a: Zamazenta|Substitute\n|\n|-heal|p1a: Zamazenta|88\/100|[from] item: Leftovers\n|-heal|p2a: Garganacl|89\/100|[from] item: Leftovers\n|upkeep\n|turn|31\n|\n|t:|1700815226\n|move|p1a: Zamazenta|Substitute|p1a: Zamazenta\n|-start|p1a: Zamazenta|Substitute\n|-damage|p1a: Zamazenta|63\/100\n|move|p2a: Garganacl|Body Press|p1a: Zamazenta\n|-activate|p1a: Zamazenta|move: Substitute|[damage]\n|\n|-heal|p1a: Zamazenta|69\/100|[from] item: Leftovers\n|-heal|p2a: Garganacl|96\/100|[from] item: Leftovers\n|upkeep\n|turn|32\n|\n|t:|1700815235\n|move|p1a: Zamazenta|Crunch|p2a: Garganacl\n|-supereffective|p2a: Garganacl\n|-damage|p2a: Garganacl|88\/100\n|-unboost|p2a: Garganacl|def|1\n|move|p2a: Garganacl|Body Press|p1a: Zamazenta\n|-end|p1a: Zamazenta|Substitute\n|\n|-heal|p1a: Zamazenta|75\/100|[from] item: Leftovers\n|-heal|p2a: Garganacl|94\/100|[from] item: Leftovers\n|upkeep\n|turn|33\n|\n|t:|1700815246\n|move|p1a: Zamazenta|Substitute|p1a: Zamazenta\n|-start|p1a: Zamazenta|Substitute\n|-damage|p1a: Zamazenta|50\/100\n|move|p2a: Garganacl|Iron Defense|p2a: Garganacl\n|-boost|p2a: Garganacl|def|1\n|\n|-heal|p1a: Zamazenta|56\/100|[from] item: Leftovers\n|-heal|p2a: Garganacl|99\/100|[from] item: Leftovers\n|upkeep\n|turn|34\n|\n|t:|1700815272\n|move|p1a: Zamazenta|Crunch|p2a: Garganacl\n|-supereffective|p2a: Garganacl\n|-damage|p2a: Garganacl|93\/100\n|move|p2a: Garganacl|Body Press|p1a: Zamazenta\n|-activate|p1a: Zamazenta|move: Substitute|[damage]\n|\n|-heal|p1a: Zamazenta|62\/100|[from] item: Leftovers\n|-heal|p2a: Garganacl|99\/100|[from] item: Leftovers\n|upkeep\n|turn|35\n|\n|t:|1700815283\n|move|p1a: Zamazenta|Crunch|p2a: Garganacl\n|-supereffective|p2a: Garganacl\n|-damage|p2a: Garganacl|91\/100\n|move|p2a: Garganacl|Body Press|p1a: Zamazenta\n|-end|p1a: Zamazenta|Substitute\n|\n|-heal|p1a: Zamazenta|68\/100|[from] item: Leftovers\n|-heal|p2a: Garganacl|97\/100|[from] item: Leftovers\n|upkeep\n|turn|36\n|\n|t:|1700815296\n|move|p1a: Zamazenta|Substitute|p1a: Zamazenta\n|-start|p1a: Zamazenta|Substitute\n|-damage|p1a: Zamazenta|44\/100\n|move|p2a: Garganacl|Salt Cure|p1a: Zamazenta\n|-resisted|p1a: Zamazenta\n|-activate|p1a: Zamazenta|move: Substitute|[damage]\n|\n|-heal|p1a: Zamazenta|50\/100|[from] item: Leftovers\n|-heal|p2a: Garganacl|100\/100|[from] item: Leftovers\n|upkeep\n|turn|37\n|\n|t:|1700815306\n|move|p1a: Zamazenta|Crunch|p2a: Garganacl\n|-supereffective|p2a: Garganacl\n|-damage|p2a: Garganacl|93\/100\n|move|p2a: Garganacl|Iron Defense|p2a: Garganacl\n|-boost|p2a: Garganacl|def|0\n|\n|-heal|p1a: Zamazenta|56\/100|[from] item: Leftovers\n|-heal|p2a: Garganacl|99\/100|[from] item: Leftovers\n|upkeep\n|turn|38\n|\n|t:|1700815315\n|move|p1a: Zamazenta|Crunch|p2a: Garganacl\n|-supereffective|p2a: Garganacl\n|-damage|p2a: Garganacl|92\/100\n|move|p2a: Garganacl|Iron Defense|p2a: Garganacl\n|-boost|p2a: Garganacl|def|0\n|\n|-heal|p1a: Zamazenta|62\/100|[from] item: Leftovers\n|-heal|p2a: Garganacl|98\/100|[from] item: Leftovers\n|upkeep\n|turn|39\n|\n|t:|1700815326\n|move|p1a: Zamazenta|Iron Defense|p1a: Zamazenta\n|-boost|p1a: Zamazenta|def|0\n|move|p2a: Garganacl|Iron Defense|p2a: Garganacl\n|-boost|p2a: Garganacl|def|0\n|\n|-heal|p1a: Zamazenta|68\/100|[from] item: Leftovers\n|-heal|p2a: Garganacl|100\/100|[from] item: Leftovers\n|upkeep\n|turn|40\n|\n|t:|1700815335\n|move|p1a: Zamazenta|Iron Defense|p1a: Zamazenta\n|-boost|p1a: Zamazenta|def|0\n|move|p2a: Garganacl|Body Press|p1a: Zamazenta\n|-activate|p1a: Zamazenta|move: Substitute|[damage]\n|\n|-heal|p1a: Zamazenta|74\/100|[from] item: Leftovers\n|upkeep\n|turn|41\n|\n|t:|1700815342\n|move|p1a: Zamazenta|Iron Defense|p1a: Zamazenta\n|-boost|p1a: Zamazenta|def|0\n|move|p2a: Garganacl|Body Press|p1a: Zamazenta\n|-end|p1a: Zamazenta|Substitute\n|\n|-heal|p1a: Zamazenta|80\/100|[from] item: Leftovers\n|upkeep\n|turn|42\n|inactive|Unluck sheep has 120 seconds left.\n|\n|t:|1700815375\n|move|p1a: Zamazenta|Substitute|p1a: Zamazenta\n|-start|p1a: Zamazenta|Substitute\n|-damage|p1a: Zamazenta|55\/100\n|move|p2a: Garganacl|Iron Defense|p2a: Garganacl\n|-boost|p2a: Garganacl|def|0\n|\n|-heal|p1a: Zamazenta|61\/100|[from] item: Leftovers\n|upkeep\n|turn|43\n|\n|t:|1700815382\n|move|p1a: Zamazenta|Iron Defense|p1a: Zamazenta\n|-boost|p1a: Zamazenta|def|0\n|move|p2a: Garganacl|Iron Defense|p2a: Garganacl\n|-boost|p2a: Garganacl|def|0\n|\n|-heal|p1a: Zamazenta|67\/100|[from] item: Leftovers\n|upkeep\n|turn|44\n|\n|t:|1700815390\n|move|p1a: Zamazenta|Iron Defense|p1a: Zamazenta\n|-boost|p1a: Zamazenta|def|0\n|move|p2a: Garganacl|Iron Defense|p2a: Garganacl\n|-boost|p2a: Garganacl|def|0\n|\n|-heal|p1a: Zamazenta|73\/100|[from] item: Leftovers\n|upkeep\n|turn|45\n|\n|t:|1700815396\n|move|p1a: Zamazenta|Iron Defense|p1a: Zamazenta\n|-boost|p1a: Zamazenta|def|0\n|move|p2a: Garganacl|Iron Defense|p2a: Garganacl\n|-boost|p2a: Garganacl|def|0\n|\n|-heal|p1a: Zamazenta|79\/100|[from] item: Leftovers\n|upkeep\n|turn|46\n|\n|t:|1700815403\n|move|p1a: Zamazenta|Iron Defense|p1a: Zamazenta\n|-boost|p1a: Zamazenta|def|0\n|move|p2a: Garganacl|Iron Defense|p2a: Garganacl\n|-boost|p2a: Garganacl|def|0\n|\n|-heal|p1a: Zamazenta|85\/100|[from] item: Leftovers\n|upkeep\n|turn|47\n|\n|t:|1700815412\n|move|p1a: Zamazenta|Iron Defense|p1a: Zamazenta\n|-boost|p1a: Zamazenta|def|0\n|move|p2a: Garganacl|Iron Defense|p2a: Garganacl\n|-boost|p2a: Garganacl|def|0\n|\n|-heal|p1a: Zamazenta|92\/100|[from] item: Leftovers\n|upkeep\n|turn|48\n|\n|t:|1700815419\n|move|p1a: Zamazenta|Iron Defense|p1a: Zamazenta\n|-boost|p1a: Zamazenta|def|0\n|move|p2a: Garganacl|Iron Defense|p2a: Garganacl\n|-boost|p2a: Garganacl|def|0\n|\n|-heal|p1a: Zamazenta|98\/100|[from] item: Leftovers\n|upkeep\n|turn|49\n|\n|t:|1700815427\n|move|p1a: Zamazenta|Iron Defense|p1a: Zamazenta\n|-boost|p1a: Zamazenta|def|0\n|move|p2a: Garganacl|Iron Defense|p2a: Garganacl\n|-boost|p2a: Garganacl|def|0\n|\n|-heal|p1a: Zamazenta|100\/100|[from] item: Leftovers\n|upkeep\n|turn|50\n|\n|t:|1700815434\n|move|p1a: Zamazenta|Iron Defense|p1a: Zamazenta\n|-boost|p1a: Zamazenta|def|0\n|move|p2a: Garganacl|Iron Defense|p2a: Garganacl\n|-boost|p2a: Garganacl|def|0\n|\n|upkeep\n|turn|51\n|\n|t:|1700815440\n|move|p1a: Zamazenta|Iron Defense|p1a: Zamazenta\n|-boost|p1a: Zamazenta|def|0\n|move|p2a: Garganacl|Iron Defense|p2a: Garganacl\n|-boost|p2a: Garganacl|def|0\n|\n|upkeep\n|turn|52\n|\n|t:|1700815449\n|move|p1a: Zamazenta|Crunch|p2a: Garganacl\n|-supereffective|p2a: Garganacl\n|-damage|p2a: Garganacl|93\/100\n|move|p2a: Garganacl|Iron Defense|p2a: Garganacl\n|-boost|p2a: Garganacl|def|0\n|\n|-heal|p2a: Garganacl|99\/100|[from] item: Leftovers\n|upkeep\n|turn|53\n|\n|t:|1700815457\n|move|p1a: Zamazenta|Crunch|p2a: Garganacl\n|-supereffective|p2a: Garganacl\n|-damage|p2a: Garganacl|91\/100\n|move|p2a: Garganacl|Iron Defense|p2a: Garganacl\n|-boost|p2a: Garganacl|def|0\n|\n|-heal|p2a: Garganacl|97\/100|[from] item: Leftovers\n|upkeep\n|turn|54\n|\n|t:|1700815465\n|move|p1a: Zamazenta|Iron Defense|p1a: Zamazenta\n|-boost|p1a: Zamazenta|def|0\n|move|p2a: Garganacl|Iron Defense|p2a: Garganacl\n|-boost|p2a: Garganacl|def|0\n|\n|-heal|p2a: Garganacl|100\/100|[from] item: Leftovers\n|upkeep\n|turn|55\n|\n|t:|1700815472\n|move|p1a: Zamazenta|Iron Defense|p1a: Zamazenta\n|-boost|p1a: Zamazenta|def|0\n|move|p2a: Garganacl|Iron Defense|p2a: Garganacl\n|-boost|p2a: Garganacl|def|0\n|\n|upkeep\n|turn|56\n|\n|t:|1700815481\n|move|p1a: Zamazenta|Iron Defense|p1a: Zamazenta\n|-boost|p1a: Zamazenta|def|0\n|move|p2a: Garganacl|Iron Defense|p2a: Garganacl\n|-boost|p2a: Garganacl|def|0\n|\n|upkeep\n|turn|57\n|\n|t:|1700815487\n|move|p1a: Zamazenta|Crunch|p2a: Garganacl\n|-supereffective|p2a: Garganacl\n|-damage|p2a: Garganacl|93\/100\n|-unboost|p2a: Garganacl|def|1\n|move|p2a: Garganacl|Iron Defense|p2a: Garganacl\n|-boost|p2a: Garganacl|def|1\n|\n|-heal|p2a: Garganacl|99\/100|[from] item: Leftovers\n|upkeep\n|turn|58\n|\n|t:|1700815499\n|move|p1a: Zamazenta|Substitute|p1a: Zamazenta\n|-fail|p1a: Zamazenta|move: Substitute\n|move|p2a: Garganacl|Body Press|p1a: Zamazenta\n|-crit|p1a: Zamazenta\n|-end|p1a: Zamazenta|Substitute\n|\n|-heal|p2a: Garganacl|100\/100|[from] item: Leftovers\n|upkeep\n|turn|59\n|\n|t:|1700815507\n|move|p1a: Zamazenta|Substitute|p1a: Zamazenta\n|-start|p1a: Zamazenta|Substitute\n|-damage|p1a: Zamazenta|76\/100\n|move|p2a: Garganacl|Body Press|p1a: Zamazenta\n|-activate|p1a: Zamazenta|move: Substitute|[damage]\n|\n|-heal|p1a: Zamazenta|82\/100|[from] item: Leftovers\n|upkeep\n|turn|60\n|\n|t:|1700815515\n|move|p1a: Zamazenta|Iron Defense|p1a: Zamazenta\n|-boost|p1a: Zamazenta|def|0\n|move|p2a: Garganacl|Body Press|p1a: Zamazenta\n|-end|p1a: Zamazenta|Substitute\n|\n|-heal|p1a: Zamazenta|88\/100|[from] item: Leftovers\n|upkeep\n|turn|61\n|\n|t:|1700815522\n|move|p1a: Zamazenta|Substitute|p1a: Zamazenta\n|-start|p1a: Zamazenta|Substitute\n|-damage|p1a: Zamazenta|63\/100\n|move|p2a: Garganacl|Body Press|p1a: Zamazenta\n|-activate|p1a: Zamazenta|move: Substitute|[damage]\n|\n|-heal|p1a: Zamazenta|69\/100|[from] item: Leftovers\n|upkeep\n|turn|62\n|\n|t:|1700815530\n|move|p1a: Zamazenta|Iron Defense|p1a: Zamazenta\n|-boost|p1a: Zamazenta|def|0\n|move|p2a: Garganacl|Salt Cure|p1a: Zamazenta\n|-resisted|p1a: Zamazenta\n|-activate|p1a: Zamazenta|move: Substitute|[damage]\n|\n|-heal|p1a: Zamazenta|75\/100|[from] item: Leftovers\n|upkeep\n|turn|63\n|\n|t:|1700815538\n|move|p1a: Zamazenta|Iron Defense|p1a: Zamazenta\n|-boost|p1a: Zamazenta|def|0\n|move|p2a: Garganacl|Salt Cure|p1a: Zamazenta\n|-resisted|p1a: Zamazenta\n|-activate|p1a: Zamazenta|move: Substitute|[damage]\n|\n|-heal|p1a: Zamazenta|81\/100|[from] item: Leftovers\n|upkeep\n|turn|64\n|\n|t:|1700815551\n|move|p1a: Zamazenta|Body Press|p2a: Garganacl\n|-immune|p2a: Garganacl\n|move|p2a: Garganacl|Salt Cure|p1a: Zamazenta\n|-resisted|p1a: Zamazenta\n|-activate|p1a: Zamazenta|move: Substitute|[damage]\n|\n|-heal|p1a: Zamazenta|87\/100|[from] item: Leftovers\n|upkeep\n|turn|65\n|\n|t:|1700815560\n|move|p1a: Zamazenta|Body Press|p2a: Garganacl\n|-immune|p2a: Garganacl\n|move|p2a: Garganacl|Salt Cure|p1a: Zamazenta\n|-resisted|p1a: Zamazenta\n|-activate|p1a: Zamazenta|move: Substitute|[damage]\n|\n|-heal|p1a: Zamazenta|93\/100|[from] item: Leftovers\n|upkeep\n|turn|66\n|\n|t:|1700815571\n|move|p1a: Zamazenta|Body Press|p2a: Garganacl\n|-immune|p2a: Garganacl\n|move|p2a: Garganacl|Salt Cure|p1a: Zamazenta\n|-resisted|p1a: Zamazenta\n|-activate|p1a: Zamazenta|move: Substitute|[damage]\n|\n|-heal|p1a: Zamazenta|99\/100|[from] item: Leftovers\n|upkeep\n|turn|67\n|\n|t:|1700815580\n|move|p1a: Zamazenta|Body Press|p2a: Garganacl\n|-immune|p2a: Garganacl\n|move|p2a: Garganacl|Salt Cure|p1a: Zamazenta\n|-resisted|p1a: Zamazenta\n|-crit|p1a: Zamazenta\n|-end|p1a: Zamazenta|Substitute\n|\n|-heal|p1a: Zamazenta|100\/100|[from] item: Leftovers\n|upkeep\n|turn|68\n|\n|t:|1700815589\n|move|p1a: Zamazenta|Substitute|p1a: Zamazenta\n|-start|p1a: Zamazenta|Substitute\n|-damage|p1a: Zamazenta|76\/100\n|move|p2a: Garganacl|Salt Cure|p1a: Zamazenta\n|-resisted|p1a: Zamazenta\n|-activate|p1a: Zamazenta|move: Substitute|[damage]\n|\n|-heal|p1a: Zamazenta|82\/100|[from] item: Leftovers\n|upkeep\n|turn|69\n|\n|t:|1700815599\n|move|p1a: Zamazenta|Body Press|p2a: Garganacl\n|-immune|p2a: Garganacl\n|move|p2a: Garganacl|Salt Cure|p1a: Zamazenta\n|-resisted|p1a: Zamazenta\n|-activate|p1a: Zamazenta|move: Substitute|[damage]\n|\n|-heal|p1a: Zamazenta|88\/100|[from] item: Leftovers\n|upkeep\n|turn|70\n|\n|t:|1700815611\n|move|p1a: Zamazenta|Body Press|p2a: Garganacl\n|-immune|p2a: Garganacl\n|move|p2a: Garganacl|Salt Cure|p1a: Zamazenta\n|-resisted|p1a: Zamazenta\n|-activate|p1a: Zamazenta|move: Substitute|[damage]\n|\n|-heal|p1a: Zamazenta|94\/100|[from] item: Leftovers\n|upkeep\n|turn|71\n|\n|t:|1700815630\n|switch|p2a: Banette|Banette, M|100\/100\n|-item|p1a: Zamazenta|Leftovers|[from] ability: Frisk|[of] p2a: Banette|[identify]\n|move|p1a: Zamazenta|Body Press|p2a: Banette\n|-immune|p2a: Banette\n|\n|-heal|p1a: Zamazenta|99\/100|[from] item: Leftovers\n|upkeep\n|turn|72\n|\n|t:|1700815649\n|switch|p2a: Garganacl|Garganacl, F, tera:Ghost|100\/100\n|move|p1a: Zamazenta|Crunch|p2a: Garganacl\n|-supereffective|p2a: Garganacl\n|-damage|p2a: Garganacl|69\/100\n|\n|-heal|p1a: Zamazenta|100\/100|[from] item: Leftovers\n|-heal|p2a: Garganacl|75\/100|[from] item: Leftovers\n|upkeep\n|turn|73\n|\n|t:|1700815662\n|move|p1a: Zamazenta|Crunch|p2a: Garganacl\n|-supereffective|p2a: Garganacl\n|-damage|p2a: Garganacl|46\/100\n|move|p2a: Garganacl|Recover|p2a: Garganacl\n|-heal|p2a: Garganacl|96\/100\n|\n|-heal|p2a: Garganacl|100\/100|[from] item: Leftovers\n|upkeep\n|turn|74\n|\n|t:|1700815673\n|move|p1a: Zamazenta|Body Press|p2a: Garganacl\n|-immune|p2a: Garganacl\n|move|p2a: Garganacl|Salt Cure|p1a: Zamazenta\n|-resisted|p1a: Zamazenta\n|-activate|p1a: Zamazenta|move: Substitute|[damage]\n|\n|upkeep\n|turn|75\n|\n|t:|1700815684\n|switch|p2a: Banette|Banette, M|100\/100\n|-item|p1a: Zamazenta|Leftovers|[from] ability: Frisk|[of] p2a: Banette|[identify]\n|move|p1a: Zamazenta|Body Press|p2a: Banette\n|-immune|p2a: Banette\n|\n|upkeep\n|turn|76\n|\n|t:|1700815693\n|switch|p2a: Garganacl|Garganacl, F, tera:Ghost|100\/100\n|move|p1a: Zamazenta|Crunch|p2a: Garganacl\n|-supereffective|p2a: Garganacl\n|-damage|p2a: Garganacl|70\/100\n|\n|-heal|p2a: Garganacl|76\/100|[from] item: Leftovers\n|upkeep\n|turn|77\n|\n|t:|1700815704\n|move|p1a: Zamazenta|Body Press|p2a: Garganacl\n|-immune|p2a: Garganacl\n|move|p2a: Garganacl|Salt Cure|p1a: Zamazenta\n|-resisted|p1a: Zamazenta\n|-activate|p1a: Zamazenta|move: Substitute|[damage]\n|\n|-heal|p2a: Garganacl|83\/100|[from] item: Leftovers\n|upkeep\n|turn|78\n|\n|t:|1700815712\n|switch|p2a: Banette|Banette, M|100\/100\n|-item|p1a: Zamazenta|Leftovers|[from] ability: Frisk|[of] p2a: Banette|[identify]\n|move|p1a: Zamazenta|Crunch|p2a: Banette\n|-supereffective|p2a: Banette\n|-damage|p2a: Banette|42\/100\n|\n|upkeep\n|turn|79\n|\n|t:|1700815723\n|switch|p2a: Garganacl|Garganacl, F, tera:Ghost|83\/100\n|move|p1a: Zamazenta|Substitute|p1a: Zamazenta\n|-fail|p1a: Zamazenta|move: Substitute\n|\n|-heal|p2a: Garganacl|89\/100|[from] item: Leftovers\n|upkeep\n|turn|80\n|\n|t:|1700815733\n|switch|p2a: Great Tusk|Great Tusk|26\/100 tox\n|move|p1a: Zamazenta|Body Press|p2a: Great Tusk\n|-damage|p2a: Great Tusk|0 fnt\n|faint|p2a: Great Tusk\n|-end|p2a: Great Tusk|Protosynthesis|[silent]\n|\n|upkeep\n|\n|t:|1700815742\n|switch|p2a: Garganacl|Garganacl, F, tera:Ghost|89\/100\n|turn|81\n|\n|t:|1700815754\n|move|p1a: Zamazenta|Iron Defense|p1a: Zamazenta\n|-boost|p1a: Zamazenta|def|0\n|move|p2a: Garganacl|Salt Cure|p1a: Zamazenta\n|-resisted|p1a: Zamazenta\n|-activate|p1a: Zamazenta|move: Substitute|[damage]\n|\n|-heal|p2a: Garganacl|95\/100|[from] item: Leftovers\n|upkeep\n|turn|82\n|\n|t:|1700815763\n|switch|p2a: Banette|Banette, M|42\/100\n|-item|p1a: Zamazenta|Leftovers|[from] ability: Frisk|[of] p2a: Banette|[identify]\n|move|p1a: Zamazenta|Iron Defense|p1a: Zamazenta\n|-boost|p1a: Zamazenta|def|0\n|\n|upkeep\n|turn|83\n|\n|t:|1700815773\n|switch|p2a: Alomomola|Alomomola, F|100\/100\n|move|p1a: Zamazenta|Iron Defense|p1a: Zamazenta\n|-boost|p1a: Zamazenta|def|0\n|\n|upkeep\n|turn|84\n|\n|t:|1700815781\n|move|p1a: Zamazenta|Body Press|p2a: Alomomola\n|-damage|p2a: Alomomola|14\/100\n|-damage|p1a: Zamazenta|84\/100|[from] item: Rocky Helmet|[of] p2a: Alomomola\n|move|p2a: Alomomola|Wish|p2a: Alomomola\n|\n|-heal|p1a: Zamazenta|90\/100|[from] item: Leftovers\n|upkeep\n|turn|85\n|\n|t:|1700815789\n|move|p2a: Alomomola|Protect|p2a: Alomomola\n|-singleturn|p2a: Alomomola|Protect\n|move|p1a: Zamazenta|Crunch|p2a: Alomomola\n|-activate|p2a: Alomomola|move: Protect\n|\n|-heal|p2a: Alomomola|64\/100|[from] move: Wish|[wisher] Alomomola\n|-heal|p1a: Zamazenta|96\/100|[from] item: Leftovers\n|upkeep\n|turn|86\n|\n|t:|1700815801\n|switch|p2a: Banette|Banette, M|42\/100\n|-item|p1a: Zamazenta|Leftovers|[from] ability: Frisk|[of] p2a: Banette|[identify]\n|move|p1a: Zamazenta|Body Press|p2a: Banette\n|-immune|p2a: Banette\n|\n|-heal|p1a: Zamazenta|100\/100|[from] item: Leftovers\n|upkeep\n|turn|87\n|\n|t:|1700815813\n|switch|p1a: Garganacl|Garganacl, F|100\/100\n|detailschange|p2a: Banette|Banette-Mega, M\n|-mega|p2a: Banette|Banette|Banettite\n|move|p2a: Banette|Shadow Sneak|p1a: Garganacl\n|-damage|p1a: Garganacl|93\/100\n|\n|-heal|p1a: Garganacl|99\/100|[from] item: Leftovers\n|upkeep\n|turn|88\n|\n|t:|1700815829\n|switch|p2a: Alomomola|Alomomola, F|97\/100\n|move|p1a: Garganacl|Iron Defense|p1a: Garganacl\n|-boost|p1a: Garganacl|def|2\n|\n|-heal|p1a: Garganacl|100\/100|[from] item: Leftovers\n|upkeep\n|turn|89\n|\n|t:|1700815836\n|move|p2a: Alomomola|Scald|p1a: Garganacl\n|-supereffective|p1a: Garganacl\n|-crit|p1a: Garganacl\n|-damage|p1a: Garganacl|62\/100\n|move|p1a: Garganacl|Iron Defense|p1a: Garganacl\n|-boost|p1a: Garganacl|def|2\n|\n|-heal|p1a: Garganacl|68\/100|[from] item: Leftovers\n|upkeep\n|turn|90\n|\n|t:|1700815844\n|move|p2a: Alomomola|Scald|p1a: Garganacl\n|-supereffective|p1a: Garganacl\n|-damage|p1a: Garganacl|44\/100\n|move|p1a: Garganacl|Salt Cure|p2a: Alomomola\n|-crit|p2a: Alomomola\n|-damage|p2a: Alomomola|86\/100\n|-start|p2a: Alomomola|Salt Cure\n|\n|-heal|p1a: Garganacl|50\/100|[from] item: Leftovers\n|-damage|p2a: Alomomola|61\/100|[from] Salt Cure\n|upkeep\n|turn|91\n|\n|t:|1700815854\n|move|p2a: Alomomola|Wish|p2a: Alomomola\n|move|p1a: Garganacl|Recover|p1a: Garganacl\n|-heal|p1a: Garganacl|99\/100\n|\n|-heal|p1a: Garganacl|100\/100|[from] item: Leftovers\n|-damage|p2a: Alomomola|36\/100|[from] Salt Cure\n|upkeep\n|turn|92\n|\n|t:|1700815861\n|move|p2a: Alomomola|Flip Turn|p1a: Garganacl\n|-supereffective|p1a: Garganacl\n|-damage|p1a: Garganacl|95\/100\n|\n|t:|1700815865\n|switch|p2a: Banette|Banette-Mega, M|42\/100|[from] Flip Turn\n|move|p1a: Garganacl|Stealth Rock|p2a: Banette\n|-sidestart|p2: Unluck sheep|move: Stealth Rock\n|\n|-heal|p2a: Banette|100\/100|[from] move: Wish|[wisher] Alomomola\n|-heal|p1a: Garganacl|100\/100|[from] item: Leftovers\n|upkeep\n|turn|93\n|\n|t:|1700815874\n|move|p2a: Banette|Encore|p1a: Garganacl\n|-start|p1a: Garganacl|Encore\n|move|p1a: Garganacl|Stealth Rock||[still]\n|-fail|p1a: Garganacl\n|\n|upkeep\n|turn|94\n|\n|t:|1700815896\n|switch|p2a: Alomomola|Alomomola, F|70\/100\n|-damage|p2a: Alomomola|57\/100|[from] Stealth Rock\n|move|p1a: Garganacl|Stealth Rock||[still]\n|-fail|p1a: Garganacl\n|\n|upkeep\n|turn|95\n|\n|t:|1700815904\n|move|p2a: Alomomola|Scald|p1a: Garganacl\n|-supereffective|p1a: Garganacl\n|-damage|p1a: Garganacl|75\/100\n|move|p1a: Garganacl|Stealth Rock||[still]\n|-fail|p1a: Garganacl\n|\n|-heal|p1a: Garganacl|81\/100|[from] item: Leftovers\n|-end|p1a: Garganacl|Encore\n|upkeep\n|turn|96\n|\n|t:|1700815913\n|move|p2a: Alomomola|Flip Turn|p1a: Garganacl\n|-supereffective|p1a: Garganacl\n|-damage|p1a: Garganacl|76\/100\n|\n|t:|1700815917\n|switch|p2a: Banette|Banette-Mega, M|100\/100|[from] Flip Turn\n|-damage|p2a: Banette|88\/100|[from] Stealth Rock\n|move|p1a: Garganacl|Salt Cure|p2a: Banette\n|-damage|p2a: Banette|70\/100\n|-start|p2a: Banette|Salt Cure\n|\n|-heal|p1a: Garganacl|82\/100|[from] item: Leftovers\n|-damage|p2a: Banette|58\/100|[from] Salt Cure\n|upkeep\n|turn|97\n|\n|t:|1700815929\n|switch|p2a: Alomomola|Alomomola, F|91\/100\n|-damage|p2a: Alomomola|78\/100|[from] Stealth Rock\n|move|p1a: Garganacl|Salt Cure|p2a: Alomomola\n|-damage|p2a: Alomomola|70\/100\n|-start|p2a: Alomomola|Salt Cure\n|\n|-heal|p1a: Garganacl|88\/100|[from] item: Leftovers\n|-damage|p2a: Alomomola|45\/100|[from] Salt Cure\n|upkeep\n|turn|98\n|\n|t:|1700815940\n|move|p2a: Alomomola|Flip Turn|p1a: Garganacl\n|-supereffective|p1a: Garganacl\n|-damage|p1a: Garganacl|82\/100\n|\n|t:|1700815945\n|switch|p2a: Garganacl|Garganacl, F, tera:Ghost|95\/100|[from] Flip Turn\n|-damage|p2a: Garganacl|83\/100|[from] Stealth Rock\n|move|p1a: Garganacl|Salt Cure|p2a: Garganacl\n|-damage|p2a: Garganacl|74\/100\n|-start|p2a: Garganacl|Salt Cure\n|\n|-heal|p1a: Garganacl|89\/100|[from] item: Leftovers\n|-heal|p2a: Garganacl|80\/100|[from] item: Leftovers\n|-damage|p2a: Garganacl|68\/100|[from] Salt Cure\n|upkeep\n|turn|99\n|inactive|Unluck sheep has 120 seconds left.\n|\n|t:|1700815958\n|switch|p2a: Alomomola|Alomomola, F|79\/100\n|-damage|p2a: Alomomola|66\/100|[from] Stealth Rock\n|move|p1a: Garganacl|Salt Cure|p2a: Alomomola\n|-damage|p2a: Alomomola|59\/100\n|-start|p2a: Alomomola|Salt Cure\n|\n|-heal|p1a: Garganacl|95\/100|[from] item: Leftovers\n|-damage|p2a: Alomomola|34\/100|[from] Salt Cure\n|upkeep\n|turn|100\n|inactive|Unluck sheep has 120 seconds left.\n|\n|t:|1700815971\n|switch|p2a: Garganacl|Garganacl, F, tera:Ghost|68\/100\n|-damage|p2a: Garganacl|55\/100|[from] Stealth Rock\n|move|p1a: Garganacl|Salt Cure|p2a: Garganacl\n|-damage|p2a: Garganacl|45\/100\n|-start|p2a: Garganacl|Salt Cure\n|\n|-heal|p1a: Garganacl|100\/100|[from] item: Leftovers\n|-heal|p2a: Garganacl|51\/100|[from] item: Leftovers\n|-damage|p2a: Garganacl|39\/100|[from] Salt Cure\n|upkeep\n|turn|101\n|\n|t:|1700815982\n|switch|p1a: Dragonite|Dragonite, M|100\/100\n|move|p2a: Garganacl|Recover|p2a: Garganacl\n|-heal|p2a: Garganacl|89\/100\n|\n|-heal|p2a: Garganacl|95\/100|[from] item: Leftovers\n|-damage|p2a: Garganacl|83\/100|[from] Salt Cure\n|upkeep\n|turn|102\n|\n|t:|1700815998\n|switch|p2a: Alomomola|Alomomola, F|67\/100\n|-damage|p2a: Alomomola|55\/100|[from] Stealth Rock\n|move|p1a: Dragonite|Earthquake|p2a: Alomomola\n|-damage|p2a: Alomomola|23\/100\n|\n|upkeep\n|turn|103\n|\n|t:|1700816009\n|switch|p2a: Rillaboom|Rillaboom, F|100\/100\n|-damage|p2a: Rillaboom|88\/100|[from] Stealth Rock\n|-fieldstart|move: Grassy Terrain|[from] ability: Grassy Surge|[of] p2a: Rillaboom\n|move|p1a: Dragonite|Earthquake|p2a: Rillaboom\n|-resisted|p2a: Rillaboom\n|-damage|p2a: Rillaboom|74\/100\n|\n|-heal|p2a: Rillaboom|80\/100|[from] Grassy Terrain\n|upkeep\n|turn|104\n|\n|t:|1700816022\n|switch|p1a: Zamazenta|Zamazenta|100\/100\n|move|p2a: Rillaboom|U-turn|p1a: Zamazenta\n|-resisted|p1a: Zamazenta\n|-damage|p1a: Zamazenta|90\/100\n|\n|t:|1700816032\n|switch|p2a: Garganacl|Garganacl, F, tera:Ghost|83\/100|[from] U-turn\n|-damage|p2a: Garganacl|71\/100|[from] Stealth Rock\n|\n|-heal|p1a: Zamazenta|96\/100|[from] Grassy Terrain\n|-heal|p1a: Zamazenta|100\/100|[from] item: Leftovers\n|-heal|p2a: Garganacl|77\/100|[from] Grassy Terrain\n|-heal|p2a: Garganacl|83\/100|[from] item: Leftovers\n|upkeep\n|turn|105\n|\n|t:|1700816044\n|switch|p1a: Garganacl|Garganacl, F|100\/100\n|move|p2a: Garganacl|Salt Cure|p1a: Garganacl\n|-damage|p1a: Garganacl|93\/100\n|-start|p1a: Garganacl|Salt Cure\n|\n|-heal|p1a: Garganacl|99\/100|[from] Grassy Terrain\n|-heal|p2a: Garganacl|89\/100|[from] Grassy Terrain\n|-heal|p1a: Garganacl|100\/100|[from] item: Leftovers\n|-heal|p2a: Garganacl|95\/100|[from] item: Leftovers\n|-damage|p1a: Garganacl|88\/100|[from] Salt Cure\n|upkeep\n|turn|106\n|inactive|Unluck sheep has 90 seconds left.\n|\n|t:|1700816057\n|switch|p2a: Rillaboom|Rillaboom, F|80\/100\n|-damage|p2a: Rillaboom|67\/100|[from] Stealth Rock\n|move|p1a: Garganacl|Salt Cure|p2a: Rillaboom\n|-damage|p2a: Rillaboom|52\/100\n|-start|p2a: Rillaboom|Salt Cure\n|\n|-heal|p2a: Rillaboom|58\/100|[from] Grassy Terrain\n|-heal|p1a: Garganacl|94\/100|[from] Grassy Terrain\n|-heal|p1a: Garganacl|100\/100|[from] item: Leftovers\n|-damage|p2a: Rillaboom|46\/100|[from] Salt Cure\n|-damage|p1a: Garganacl|88\/100|[from] Salt Cure\n|upkeep\n|turn|107\n|inactive|Unluck sheep has 90 seconds left.\n|\n|t:|1700816069\n|move|p2a: Rillaboom|Wood Hammer|p1a: Garganacl\n|-supereffective|p1a: Garganacl\n|-damage|p1a: Garganacl|0 fnt\n|faint|p1a: Garganacl\n|-damage|p2a: Rillaboom|12\/100|[from] Recoil\n|\n|-heal|p2a: Rillaboom|18\/100|[from] Grassy Terrain\n|-damage|p2a: Rillaboom|5\/100|[from] Salt Cure\n|-fieldend|move: Grassy Terrain\n|upkeep\n|\n|t:|1700816074\n|switch|p1a: Lopunny|Lopunny-Mega, F|35\/100\n|turn|108\n|inactive|Unluck sheep has 90 seconds left.\n|\n|t:|1700816087\n|switch|p2a: Alomomola|Alomomola, F|56\/100\n|-damage|p2a: Alomomola|44\/100|[from] Stealth Rock\n|move|p1a: Lopunny|Close Combat|p2a: Alomomola\n|-damage|p2a: Alomomola|7\/100\n|-unboost|p1a: Lopunny|def|1\n|-unboost|p1a: Lopunny|spd|1\n|-damage|p1a: Lopunny|19\/100|[from] item: Rocky Helmet|[of] p2a: Alomomola\n|\n|upkeep\n|turn|109\n|inactive|Unluck sheep has 90 seconds left.\n|\n|t:|1700816099\n|switch|p2a: Rillaboom|Rillaboom, F|5\/100\n|-damage|p2a: Rillaboom|0 fnt|[from] Stealth Rock\n|faint|p2a: Rillaboom\n|move|p1a: Lopunny|Return|p2: Rillaboom|[notarget]\n|-fail|p1a: Lopunny\n|\n|upkeep\n|\n|t:|1700816113\n|switch|p2a: Garganacl|Garganacl, F, tera:Ghost|95\/100\n|-damage|p2a: Garganacl|83\/100|[from] Stealth Rock\n|turn|110\n|\n|t:|1700816122\n|move|p1a: Lopunny|U-turn|p2a: Garganacl\n|-resisted|p2a: Garganacl\n|-damage|p2a: Garganacl|74\/100\n|\n|t:|1700816124\n|switch|p1a: Zamazenta|Zamazenta|100\/100|[from] U-turn\n|move|p2a: Garganacl|Salt Cure|p1a: Zamazenta\n|-resisted|p1a: Zamazenta\n|-damage|p1a: Zamazenta|96\/100\n|-start|p1a: Zamazenta|Salt Cure\n|\n|-heal|p1a: Zamazenta|100\/100|[from] item: Leftovers\n|-heal|p2a: Garganacl|80\/100|[from] item: Leftovers\n|-damage|p1a: Zamazenta|88\/100|[from] Salt Cure\n|upkeep\n|turn|111\n|inactive|Unluck sheep has 90 seconds left.\n|\n|t:|1700816138\n|switch|p1a: Dragonite|Dragonite, M|100\/100\n|switch|p2a: Alomomola|Alomomola, F|40\/100\n|-damage|p2a: Alomomola|28\/100|[from] Stealth Rock\n|\n|upkeep\n|turn|112\n|\n|t:|1700816150\n|move|p2a: Alomomola|Protect|p2a: Alomomola\n|-singleturn|p2a: Alomomola|Protect\n|move|p1a: Dragonite|Earthquake|p2a: Alomomola\n|-activate|p2a: Alomomola|move: Protect\n|\n|upkeep\n|turn|113\n|\n|t:|1700816157\n|switch|p2a: Garganacl|Garganacl, F, tera:Ghost|80\/100\n|-damage|p2a: Garganacl|68\/100|[from] Stealth Rock\n|move|p1a: Dragonite|Earthquake|p2a: Garganacl\n|-damage|p2a: Garganacl|26\/100\n|\n|-heal|p2a: Garganacl|32\/100|[from] item: Leftovers\n|upkeep\n|turn|114\n|\n|t:|1700816178\n|switch|p2a: Alomomola|Alomomola, F|61\/100\n|-damage|p2a: Alomomola|49\/100|[from] Stealth Rock\n|move|p1a: Dragonite|Earthquake|p2a: Alomomola\n|-damage|p2a: Alomomola|17\/100\n|\n|upkeep\n|turn|115\n|inactive|Unluck sheep has 60 seconds left.\n|\n|t:|1700816189\n|move|p2a: Alomomola|Protect|p2a: Alomomola\n|-singleturn|p2a: Alomomola|Protect\n|move|p1a: Dragonite|Earthquake|p2a: Alomomola\n|-activate|p2a: Alomomola|move: Protect\n|\n|upkeep\n|turn|116\n|inactive|Unluck sheep has 60 seconds left.\n|\n|t:|1700816199\n|switch|p2a: Garganacl|Garganacl, F, tera:Ghost|32\/100\n|-damage|p2a: Garganacl|20\/100|[from] Stealth Rock\n|move|p1a: Dragonite|Earthquake|p2a: Garganacl\n|-crit|p2a: Garganacl\n|-damage|p2a: Garganacl|0 fnt\n|faint|p2a: Garganacl\n|\n|upkeep\n|\n|t:|1700816225\n|switch|p2a: Banette|Banette-Mega, M|58\/100\n|-damage|p2a: Banette|45\/100|[from] Stealth Rock\n|turn|117\n|\n|t:|1700816232\n|switch|p1a: Zamazenta|Zamazenta|88\/100\n|move|p2a: Banette|Destiny Bond|p2a: Banette\n|-singlemove|p2a: Banette|Destiny Bond\n|\n|-heal|p1a: Zamazenta|94\/100|[from] item: Leftovers\n|upkeep\n|turn|118\n|inactive|Unluck sheep has 30 seconds left.\n|\n|t:|1700816245\n|move|p2a: Banette|Shadow Sneak|p1a: Zamazenta\n|-damage|p1a: Zamazenta|75\/100\n|move|p1a: Zamazenta|Substitute|p1a: Zamazenta\n|-start|p1a: Zamazenta|Substitute\n|-damage|p1a: Zamazenta|50\/100\n|\n|-heal|p1a: Zamazenta|56\/100|[from] item: Leftovers\n|upkeep\n|turn|119\n|inactive|Unluck sheep has 30 seconds left.\n|\n|t:|1700816253\n|move|p2a: Banette|Shadow Sneak|p1a: Zamazenta\n|-activate|p1a: Zamazenta|move: Substitute|[damage]\n|move|p1a: Zamazenta|Body Press|p2a: Banette\n|-immune|p2a: Banette\n|\n|-heal|p1a: Zamazenta|62\/100|[from] item: Leftovers\n|upkeep\n|turn|120\n|inactive|Unluck sheep has 30 seconds left.\n|\n|t:|1700816260\n|move|p2a: Banette|Shadow Sneak|p1a: Zamazenta\n|-end|p1a: Zamazenta|Substitute\n|move|p1a: Zamazenta|Body Press|p2a: Banette\n|-immune|p2a: Banette\n|\n|-heal|p1a: Zamazenta|68\/100|[from] item: Leftovers\n|upkeep\n|turn|121\n|inactive|Unluck sheep has 30 seconds left.\n|\n|t:|1700816266\n|move|p2a: Banette|Shadow Sneak|p1a: Zamazenta\n|-damage|p1a: Zamazenta|51\/100\n|move|p1a: Zamazenta|Substitute|p1a: Zamazenta\n|-start|p1a: Zamazenta|Substitute\n|-damage|p1a: Zamazenta|26\/100\n|\n|-heal|p1a: Zamazenta|32\/100|[from] item: Leftovers\n|upkeep\n|turn|122\n|inactive|Unluck sheep has 30 seconds left.\n|\n|t:|1700816273\n|move|p2a: Banette|Shadow Sneak|p1a: Zamazenta\n|-activate|p1a: Zamazenta|move: Substitute|[damage]\n|move|p1a: Zamazenta|Body Press|p2a: Banette\n|-immune|p2a: Banette\n|\n|-heal|p1a: Zamazenta|38\/100|[from] item: Leftovers\n|upkeep\n|turn|123\n|inactive|Unluck sheep has 30 seconds left.\n|\n|t:|1700816281\n|move|p2a: Banette|Shadow Sneak|p1a: Zamazenta\n|-end|p1a: Zamazenta|Substitute\n|move|p1a: Zamazenta|Substitute|p1a: Zamazenta\n|-start|p1a: Zamazenta|Substitute\n|-damage|p1a: Zamazenta|13\/100\n|\n|-heal|p1a: Zamazenta|19\/100|[from] item: Leftovers\n|upkeep\n|turn|124\n|inactive|Unluck sheep has 30 seconds left.\n|\n|t:|1700816288\n|move|p2a: Banette|Shadow Sneak|p1a: Zamazenta\n|-activate|p1a: Zamazenta|move: Substitute|[damage]\n|move|p1a: Zamazenta|Substitute|p1a: Zamazenta\n|-fail|p1a: Zamazenta|move: Substitute\n|\n|-heal|p1a: Zamazenta|25\/100|[from] item: Leftovers\n|upkeep\n|turn|125\n|inactive|Unluck sheep has 30 seconds left.\n|\n|t:|1700816293\n|move|p2a: Banette|Shadow Sneak|p1a: Zamazenta\n|-end|p1a: Zamazenta|Substitute\n|-activate|p1a: Zamazenta|move: Struggle\n|move|p1a: Zamazenta|Struggle|p2a: Banette\n|-damage|p2a: Banette|29\/100\n|-damage|p1a: Zamazenta|0 fnt|[from] recoil\n|faint|p1a: Zamazenta\n|\n|upkeep\n|\n|t:|1700816299\n|switch|p1a: Lopunny|Lopunny-Mega, F|19\/100\n|turn|126\n|\n|t:|1700816309\n|move|p2a: Banette|Destiny Bond|p2a: Banette\n|-singlemove|p2a: Banette|Destiny Bond\n|move|p1a: Lopunny|Close Combat|p2a: Banette\n|-damage|p2a: Banette|0 fnt\n|-unboost|p1a: Lopunny|def|1\n|-unboost|p1a: Lopunny|spd|1\n|faint|p2a: Banette\n|-activate|p2a: Banette|move: Destiny Bond\n|faint|p1a: Lopunny\n|\n|upkeep\n|\n|t:|1700816317\n|switch|p1a: Dragonite|Dragonite, M|100\/100\n|switch|p2a: Alomomola|Alomomola, F|50\/100\n|-damage|p2a: Alomomola|38\/100|[from] Stealth Rock\n|turn|127\n|\n|t:|1700816325\n|move|p1a: Dragonite|Earthquake|p2a: Alomomola\n|-damage|p2a: Alomomola|5\/100\n|move|p2a: Alomomola|Wish|p2a: Alomomola\n|\n|upkeep\n|turn|128\n|\n|t:|1700816329\n|move|p2a: Alomomola|Protect|p2a: Alomomola\n|-singleturn|p2a: Alomomola|Protect\n|move|p1a: Dragonite|Earthquake|p2a: Alomomola\n|-activate|p2a: Alomomola|move: Protect\n|\n|-heal|p2a: Alomomola|55\/100|[from] move: Wish|[wisher] Alomomola\n|upkeep\n|turn|129\n|\n|t:|1700816336\n|move|p1a: Dragonite|Earthquake|p2a: Alomomola\n|-damage|p2a: Alomomola|25\/100\n|move|p2a: Alomomola|Wish|p2a: Alomomola\n|\n|upkeep\n|turn|130\n|\n|t:|1700816340\n|move|p2a: Alomomola|Protect|p2a: Alomomola\n|-singleturn|p2a: Alomomola|Protect\n|move|p1a: Dragonite|Earthquake|p2a: Alomomola\n|-activate|p2a: Alomomola|move: Protect\n|\n|-heal|p2a: Alomomola|75\/100|[from] move: Wish|[wisher] Alomomola\n|upkeep\n|turn|131\n|\n|t:|1700816348\n|move|p1a: Dragonite|Earthquake|p2a: Alomomola\n|-damage|p2a: Alomomola|43\/100\n|move|p2a: Alomomola|Wish|p2a: Alomomola\n|\n|upkeep\n|turn|132\n|\n|t:|1700816352\n|move|p2a: Alomomola|Protect|p2a: Alomomola\n|-singleturn|p2a: Alomomola|Protect\n|move|p1a: Dragonite|Earthquake|p2a: Alomomola\n|-activate|p2a: Alomomola|move: Protect\n|\n|-heal|p2a: Alomomola|93\/100|[from] move: Wish|[wisher] Alomomola\n|upkeep\n|turn|133\n|\n|t:|1700816360\n|move|p1a: Dragonite|Earthquake|p2a: Alomomola\n|-damage|p2a: Alomomola|63\/100\n|move|p2a: Alomomola|Scald|p1a: Dragonite\n|-resisted|p1a: Dragonite\n|-damage|p1a: Dragonite|97\/100\n|\n|upkeep\n|turn|134\n|\n|t:|1700816367\n|move|p1a: Dragonite|Earthquake|p2a: Alomomola\n|-crit|p2a: Alomomola\n|-damage|p2a: Alomomola|15\/100\n|move|p2a: Alomomola|Wish|p2a: Alomomola\n|\n|upkeep\n|turn|135\n|\n|t:|1700816371\n|move|p2a: Alomomola|Protect|p2a: Alomomola\n|-singleturn|p2a: Alomomola|Protect\n|move|p1a: Dragonite|Earthquake|p2a: Alomomola\n|-activate|p2a: Alomomola|move: Protect\n|\n|-heal|p2a: Alomomola|65\/100|[from] move: Wish|[wisher] Alomomola\n|upkeep\n|turn|136\n|-message|qietan forfeited.\n|\n|win|Unluck sheep\n|raw|qietan's rating: 1362 &rarr; <strong>1341<\/strong><br \/>(-21 for losing)\n|raw|Unluck sheep's rating: 1353 &rarr; <strong>1374<\/strong><br \/>(+21 for winning)\n|l|\u2606qietan\n","uploadtime":1700816387,"views":5,"p1id":"qietan","p2id":"unlucksheep","formatid":"gen9nationaldex","rating":1341,"private":0,"password":""}