{"id":"gen9nationaldex-1988751430","p1":"tonyzs","p2":"Jabehsb","format":"[Gen 9] National Dex","log":"|j|\u2606tonyzs\n|j|\u2606Jabehsb\n|t:|1699758489\n|gametype|singles\n|player|p1|tonyzs|caitlin|1068\n|player|p2|Jabehsb|2|1000\n|teamsize|p1|6\n|teamsize|p2|6\n|gen|9\n|tier|[Gen 9] National Dex\n|rated|\n|rule|HP Percentage Mod: HP is shown in percentages\n|rule|Endless Battle Clause: Forcing endless battles is banned\n|rule|OHKO Clause: OHKO moves are banned\n|rule|Evasion Clause: Evasion abilities, items, and moves are banned\n|rule|Evasion Abilities Clause: Evasion abilities are banned\n|rule|Evasion Items Clause: Evasion items are banned\n|rule|Evasion Moves Clause: Evasion moves are banned\n|rule|Species Clause: Limit one of each Pok\u00e9mon\n|rule|Sleep Clause Mod: Limit one foe put to sleep\n|clearpoke\n|poke|p1|Zapdos|\n|poke|p1|Glimmora, F|\n|poke|p1|Clodsire, M|\n|poke|p1|Lopunny, M|\n|poke|p1|Hoopa-Unbound|\n|poke|p1|Heatran, M|\n|poke|p2|Banette, M|\n|poke|p2|Clodsire, F|\n|poke|p2|Armarouge, F|\n|poke|p2|Scizor, M|\n|poke|p2|Sinistcha-Masterpiece|\n|poke|p2|Iron Hands|\n|teampreview\n|inactive|Battle timer is ON: inactive players will automatically lose when time's up. (requested by tonyzs)\n|\n|t:|1699758497\n|start\n|switch|p1a: \u79d1\u6280\u306e\u4ea7\u7269|Glimmora, F|100\/100\n|switch|p2a: Clodsire|Clodsire, F|100\/100\n|turn|1\n|\n|t:|1699758510\n|move|p1a: \u79d1\u6280\u306e\u4ea7\u7269|Spikes|p2a: Clodsire\n|-sidestart|p2: Jabehsb|Spikes\n|move|p2a: Clodsire|Toxic Spikes|p1a: \u79d1\u6280\u306e\u4ea7\u7269\n|-sidestart|p1: tonyzs|move: Toxic Spikes\n|\n|upkeep\n|turn|2\n|\n|t:|1699758517\n|move|p1a: \u79d1\u6280\u306e\u4ea7\u7269|Earth Power|p2a: Clodsire\n|-supereffective|p2a: Clodsire\n|-damage|p2a: Clodsire|51\/100\n|move|p2a: Clodsire|Spikes|p1a: \u79d1\u6280\u306e\u4ea7\u7269\n|-sidestart|p1: tonyzs|Spikes\n|\n|-heal|p2a: Clodsire|58\/100|[from] item: Leftovers\n|upkeep\n|turn|3\n|\n|t:|1699758525\n|move|p1a: \u79d1\u6280\u306e\u4ea7\u7269|Earth Power|p2a: Clodsire\n|-supereffective|p2a: Clodsire\n|-damage|p2a: Clodsire|10\/100\n|move|p2a: Clodsire|Earth Power|p1a: \u79d1\u6280\u306e\u4ea7\u7269\n|-supereffective|p1a: \u79d1\u6280\u306e\u4ea7\u7269\n|-enditem|p1a: \u79d1\u6280\u306e\u4ea7\u7269|Focus Sash\n|-damage|p1a: \u79d1\u6280\u306e\u4ea7\u7269|1\/100\n|\n|-heal|p2a: Clodsire|16\/100|[from] item: Leftovers\n|upkeep\n|turn|4\n|\n|t:|1699758546\n|move|p1a: \u79d1\u6280\u306e\u4ea7\u7269|Earth Power|p2a: Clodsire\n|-supereffective|p2a: Clodsire\n|-damage|p2a: Clodsire|0 fnt\n|faint|p2a: Clodsire\n|\n|upkeep\n|\n|t:|1699758553\n|switch|p2a: Banette|Banette, M, shiny|100\/100\n|-damage|p2a: Banette|88\/100|[from] Spikes\n|turn|5\n|\n|t:|1699758561\n|move|p2a: Banette|Sucker Punch|p1a: \u79d1\u6280\u306e\u4ea7\u7269\n|-damage|p1a: \u79d1\u6280\u306e\u4ea7\u7269|0 fnt\n|-activate|p1a: \u79d1\u6280\u306e\u4ea7\u7269|ability: Toxic Debris\n|-sidestart|p2: Jabehsb|move: Toxic Spikes\n|faint|p1a: \u79d1\u6280\u306e\u4ea7\u7269\n|\n|upkeep\n|\n|t:|1699758575\n|switch|p1a: \u6b27\u62c9\u6b27\u62c9\u6b27\u62c9|Hoopa-Unbound|100\/100\n|-status|p1a: \u6b27\u62c9\u6b27\u62c9\u6b27\u62c9|psn\n|-damage|p1a: \u6b27\u62c9\u6b27\u62c9\u6b27\u62c9|88\/100 psn|[from] Spikes\n|turn|6\n|inactive|Jabehsb has 120 seconds left.\n|\n|t:|1699758612\n|detailschange|p2a: Banette|Banette-Mega, M, shiny\n|-mega|p2a: Banette|Banette|Banettite\n|move|p1a: \u6b27\u62c9\u6b27\u62c9\u6b27\u62c9|Hyperspace Fury|p2a: Banette\n|-supereffective|p2a: Banette\n|-damage|p2a: Banette|0 fnt\n|-unboost|p1a: \u6b27\u62c9\u6b27\u62c9\u6b27\u62c9|def|1\n|faint|p2a: Banette\n|\n|-damage|p1a: \u6b27\u62c9\u6b27\u62c9\u6b27\u62c9|76\/100 psn|[from] psn\n|upkeep\n|\n|t:|1699758632\n|switch|p2a: Armarouge|Armarouge, F, shiny|100\/100\n|-damage|p2a: Armarouge|88\/100|[from] Spikes\n|-status|p2a: Armarouge|psn\n|turn|7\n|inactive|tonyzs has 120 seconds left.\n|\n|t:|1699758666\n|-terastallize|p2a: Armarouge|Psychic\n|move|p1a: \u6b27\u62c9\u6b27\u62c9\u6b27\u62c9|Hyperspace Fury|p2a: Armarouge\n|-supereffective|p2a: Armarouge\n|-damage|p2a: Armarouge|0 fnt\n|-unboost|p1a: \u6b27\u62c9\u6b27\u62c9\u6b27\u62c9|def|1\n|faint|p2a: Armarouge\n|\n|-damage|p1a: \u6b27\u62c9\u6b27\u62c9\u6b27\u62c9|64\/100 psn|[from] psn\n|upkeep\n|\n|t:|1699758676\n|switch|p2a: Scizor|Scizor, M, shiny|100\/100\n|-damage|p2a: Scizor|88\/100|[from] Spikes\n|turn|8\n|\n|t:|1699758687\n|-terastallize|p1a: \u6b27\u62c9\u6b27\u62c9\u6b27\u62c9|Dark\n|move|p1a: \u6b27\u62c9\u6b27\u62c9\u6b27\u62c9|Hyperspace Fury|p2a: Scizor\n|-damage|p2a: Scizor|0 fnt\n|-unboost|p1a: \u6b27\u62c9\u6b27\u62c9\u6b27\u62c9|def|1\n|faint|p2a: Scizor\n|\n|-damage|p1a: \u6b27\u62c9\u6b27\u62c9\u6b27\u62c9|51\/100 psn|[from] psn\n|upkeep\n|-message|Jabehsb forfeited.\n|\n|win|tonyzs\n|raw|tonyzs's rating: 1068 &rarr; <strong>1092<\/strong><br \/>(+24 for winning)\n|raw|Jabehsb's rating: 1000 &rarr; <strong>1000<\/strong><br \/>(+0 for losing)\n|l|\u2606Jabehsb\n","uploadtime":1699758702,"views":4,"p1id":"tonyzs","p2id":"jabehsb","formatid":"gen9nationaldex","rating":1000,"private":0,"password":""}