{"id":"gen9nationaldex-1994432944","p1":"PolarKnight3739","p2":"ThatSlickBoi","format":"[Gen 9] National Dex","log":"|j|\u2606PolarKnight3739\n|j|\u2606ThatSlickBoi\n|t:|1700443357\n|gametype|singles\n|player|p1|PolarKnight3739|backpacker|\n|player|p2|ThatSlickBoi|harlequin|\n|teamsize|p1|6\n|teamsize|p2|6\n|gen|9\n|tier|[Gen 9] National Dex\n|rule|HP Percentage Mod: HP is shown in percentages\n|rule|Endless Battle Clause: Forcing endless battles is banned\n|rule|OHKO Clause: OHKO moves are banned\n|rule|Evasion Clause: Evasion abilities, items, and moves are banned\n|rule|Evasion Abilities Clause: Evasion abilities are banned\n|rule|Evasion Items Clause: Evasion items are banned\n|rule|Evasion Moves Clause: Evasion moves are banned\n|rule|Species Clause: Limit one of each Pok\u00e9mon\n|rule|Sleep Clause Mod: Limit one foe put to sleep\n|clearpoke\n|poke|p1|Gliscor, F|\n|poke|p1|Hatterene, F|\n|poke|p1|Haxorus, M|\n|poke|p1|Zapdos|\n|poke|p1|Mew|\n|poke|p1|Corviknight, M|\n|poke|p2|Celebi|\n|poke|p2|Grimmsnarl, M|\n|poke|p2|Regigigas|\n|poke|p2|Cofagrigus, F|\n|poke|p2|Wyrdeer, M|\n|poke|p2|Heatran, F|\n|teampreview\n|\n|t:|1700443374\n|start\n|switch|p1a: Toxic Boi|Gliscor, F|100\/100\n|switch|p2a: Wyrdeer|Wyrdeer, M|100\/100\n|-ability|p2a: Wyrdeer|Intimidate|boost\n|-unboost|p1a: Toxic Boi|atk|1\n|turn|1\n|\n|t:|1700443385\n|move|p1a: Toxic Boi|Swords Dance|p1a: Toxic Boi\n|-boost|p1a: Toxic Boi|atk|2\n|move|p2a: Wyrdeer|Roar|p1a: Toxic Boi\n|drag|p1a: Emo Pigeon|Corviknight, M|100\/100\n|\n|upkeep\n|turn|2\n|\n|t:|1700443408\n|switch|p2a: Celebi|Celebi|100\/100\n|move|p1a: Emo Pigeon|Iron Defense|p1a: Emo Pigeon\n|-boost|p1a: Emo Pigeon|def|2\n|\n|upkeep\n|turn|3\n|\n|t:|1700443420\n|move|p2a: Celebi|Leaf Blade|p1a: Emo Pigeon\n|-resisted|p1a: Emo Pigeon\n|-damage|p1a: Emo Pigeon|98\/100\n|-damage|p2a: Celebi|84\/100|[from] item: Rocky Helmet|[of] p1a: Emo Pigeon\n|-damage|p2a: Celebi|74\/100|[from] item: Life Orb\n|move|p1a: Emo Pigeon|Body Press|p2a: Celebi\n|-resisted|p2a: Celebi\n|-damage|p2a: Celebi|47\/100\n|\n|upkeep\n|turn|4\n|\n|t:|1700443433\n|switch|p2a: Grimmsnarl|Grimmsnarl, M|100\/100\n|move|p1a: Emo Pigeon|Iron Defense|p1a: Emo Pigeon\n|-boost|p1a: Emo Pigeon|def|2\n|\n|upkeep\n|turn|5\n|\n|t:|1700443448\n|move|p1a: Emo Pigeon|Body Press|p2a: Grimmsnarl\n|-damage|p2a: Grimmsnarl|15\/100\n|move|p2a: Grimmsnarl|Brick Break|p1a: Emo Pigeon\n|-damage|p1a: Emo Pigeon|92\/100\n|-damage|p2a: Grimmsnarl|0 fnt|[from] item: Rocky Helmet|[of] p1a: Emo Pigeon\n|faint|p2a: Grimmsnarl\n|\n|upkeep\n|\n|t:|1700443461\n|switch|p2a: Heatran|Heatran, F|100\/100\n|turn|6\n|\n|t:|1700443477\n|move|p2a: Heatran|Lava Plume|p1a: Emo Pigeon\n|-supereffective|p1a: Emo Pigeon\n|-damage|p1a: Emo Pigeon|25\/100\n|move|p1a: Emo Pigeon|Body Press|p2a: Heatran\n|-supereffective|p2a: Heatran\n|-damage|p2a: Heatran|0 fnt\n|faint|p2a: Heatran\n|\n|upkeep\n|\n|t:|1700443485\n|switch|p2a: Regigigas|Regigigas|100\/100\n|-start|p2a: Regigigas|ability: Slow Start\n|turn|7\n|\n|t:|1700443510\n|move|p1a: Emo Pigeon|Roost|p1a: Emo Pigeon\n|-heal|p1a: Emo Pigeon|75\/100\n|-singleturn|p1a: Emo Pigeon|move: Roost\n|move|p2a: Regigigas|Thunder|p1a: Emo Pigeon\n|-crit|p1a: Emo Pigeon\n|-damage|p1a: Emo Pigeon|45\/100\n|\n|upkeep\n|turn|8\n|\n|t:|1700443531\n|move|p1a: Emo Pigeon|Roost|p1a: Emo Pigeon\n|-heal|p1a: Emo Pigeon|95\/100\n|-singleturn|p1a: Emo Pigeon|move: Roost\n|move|p2a: Regigigas|Avalanche|p1a: Emo Pigeon\n|-resisted|p1a: Emo Pigeon\n|-damage|p1a: Emo Pigeon|94\/100\n|-damage|p2a: Regigigas|84\/100|[from] item: Rocky Helmet|[of] p1a: Emo Pigeon\n|\n|upkeep\n|turn|9\n|\n|t:|1700443541\n|move|p1a: Emo Pigeon|Body Press|p2a: Regigigas\n|-supereffective|p2a: Regigigas\n|-damage|p2a: Regigigas|0 fnt\n|faint|p2a: Regigigas\n|-end|p2a: Regigigas|Slow Start|[silent]\n|\n|upkeep\n|\n|t:|1700443552\n|switch|p2a: Celebi|Celebi|47\/100\n|turn|10\n|\n|t:|1700443561\n|move|p2a: Celebi|Healing Wish|p2a: Celebi\n|faint|p2a: Celebi\n|move|p1a: Emo Pigeon|Body Press|p2: Celebi|[notarget]\n|-fail|p1a: Emo Pigeon\n|\n|upkeep\n|\n|t:|1700443578\n|switch|p2a: Wyrdeer|Wyrdeer, M|100\/100\n|-ability|p2a: Wyrdeer|Intimidate|boost\n|-ability|p1a: Emo Pigeon|Mirror Armor\n|-unboost|p2a: Wyrdeer|atk|1\n|turn|11\n|\n|t:|1700443600\n|move|p1a: Emo Pigeon|Body Press|p2a: Wyrdeer\n|-damage|p2a: Wyrdeer|22\/100\n|move|p2a: Wyrdeer|Roar|p1a: Emo Pigeon\n|drag|p1a: Static Flamingo|Zapdos|100\/100\n|\n|-heal|p2a: Wyrdeer|29\/100|[from] item: Leftovers\n|upkeep\n|turn|12\n|\n|t:|1700443610\n|move|p1a: Static Flamingo|Rain Dance|p1a: Static Flamingo\n|-weather|RainDance\n|move|p2a: Wyrdeer|Roar|p1a: Static Flamingo\n|drag|p1a: Pick me Girl|Hatterene, F|100\/100\n|\n|-weather|RainDance|[upkeep]\n|-heal|p2a: Wyrdeer|35\/100|[from] item: Leftovers\n|upkeep\n|turn|13\n|\n|t:|1700443622\n|move|p1a: Pick me Girl|Draining Kiss|p2a: Wyrdeer\n|-damage|p2a: Wyrdeer|0 fnt\n|faint|p2a: Wyrdeer\n|\n|-weather|RainDance|[upkeep]\n|upkeep\n|\n|t:|1700443627\n|switch|p2a: Cofagrigus|Cofagrigus, F|100\/100\n|turn|14\n|\n|t:|1700443637\n|move|p1a: Pick me Girl|Draining Kiss|p2a: Cofagrigus\n|-damage|p2a: Cofagrigus|62\/100\n|-activate|p2a: Cofagrigus|ability: Mummy|Magic Bounce|[of] p1a: Pick me Girl\n|move|p2a: Cofagrigus|Trick Room|p2a: Cofagrigus\n|-fieldstart|move: Trick Room|[of] p2a: Cofagrigus\n|\n|-weather|RainDance|[upkeep]\n|upkeep\n|turn|15\n|\n|t:|1700443646\n|move|p1a: Pick me Girl|Nuzzle|p2a: Cofagrigus\n|-damage|p2a: Cofagrigus|58\/100\n|-status|p2a: Cofagrigus|par\n|move|p2a: Cofagrigus|Shadow Claw|p1a: Pick me Girl\n|-supereffective|p1a: Pick me Girl\n|-damage|p1a: Pick me Girl|51\/100\n|\n|-weather|RainDance|[upkeep]\n|upkeep\n|turn|16\n|\n|t:|1700443655\n|cant|p2a: Cofagrigus|par\n|move|p1a: Pick me Girl|Draining Kiss|p2a: Cofagrigus\n|-damage|p2a: Cofagrigus|22\/100 par\n|-heal|p1a: Pick me Girl|79\/100|[from] drain|[of] p2a: Cofagrigus\n|\n|-weather|none\n|upkeep\n|turn|17\n|\n|t:|1700443663\n|switch|p1a: Emo Pigeon|Corviknight, M|94\/100\n|move|p2a: Cofagrigus|Shadow Claw|p1a: Emo Pigeon\n|-damage|p1a: Emo Pigeon|80\/100\n|-damage|p2a: Cofagrigus|5\/100 par|[from] item: Rocky Helmet|[of] p1a: Emo Pigeon\n|\n|upkeep\n|turn|18\n|\n|t:|1700443670\n|move|p2a: Cofagrigus|Shadow Claw|p1a: Emo Pigeon\n|-damage|p1a: Emo Pigeon|66\/100\n|-damage|p2a: Cofagrigus|0 fnt|[from] item: Rocky Helmet|[of] p1a: Emo Pigeon\n|faint|p2a: Cofagrigus\n|\n|win|PolarKnight3739\n","uploadtime":1700443678,"views":37,"p1id":"polarknight3739","p2id":"thatslickboi","formatid":"gen9nationaldex","rating":0,"private":0,"password":""}