{"id":"gen9nationaldex-1989765328","p1":"danchodon","p2":"Feigar2004","format":"[Gen 9] National Dex","log":"|j|\u2606danchodon\n|j|\u2606Feigar2004\n|t:|1699893839\n|gametype|singles\n|player|p1|danchodon|brycenman|1081\n|player|p2|Feigar2004|benga|1097\n|teamsize|p1|6\n|teamsize|p2|6\n|gen|9\n|tier|[Gen 9] National Dex\n|rated|\n|rule|HP Percentage Mod: HP is shown in percentages\n|rule|Endless Battle Clause: Forcing endless battles is banned\n|rule|OHKO Clause: OHKO moves are banned\n|rule|Evasion Clause: Evasion abilities, items, and moves are banned\n|rule|Evasion Abilities Clause: Evasion abilities are banned\n|rule|Evasion Items Clause: Evasion items are banned\n|rule|Evasion Moves Clause: Evasion moves are banned\n|rule|Species Clause: Limit one of each Pok\u00e9mon\n|rule|Sleep Clause Mod: Limit one foe put to sleep\n|clearpoke\n|poke|p1|Hydreigon, M|\n|poke|p1|Kartana|\n|poke|p1|Gallade, M|\n|poke|p1|Ceruledge, M|\n|poke|p1|Dragalge, F|\n|poke|p1|Aggron, M|\n|poke|p2|Leafeon, M|\n|poke|p2|Goodra, M|\n|poke|p2|Skarmory, M|\n|poke|p2|Corsola-Galar, F|\n|poke|p2|Tapu Koko|\n|poke|p2|Sneasler, M|\n|teampreview\n|inactive|Battle timer is ON: inactive players will automatically lose when time's up. (requested by danchodon)\n|\n|t:|1699893847\n|start\n|switch|p1a: Dragalge|Dragalge, F|100\/100\n|switch|p2a: Tapu Koko|Tapu Koko|100\/100\n|-fieldstart|move: Electric Terrain|[from] ability: Electric Surge|[of] p2a: Tapu Koko\n|turn|1\n|\n|t:|1699893855\n|move|p2a: Tapu Koko|Volt Switch|p1a: Dragalge\n|-resisted|p1a: Dragalge\n|-damage|p1a: Dragalge|78\/100\n|-damage|p2a: Tapu Koko|91\/100|[from] item: Life Orb\n|\n|t:|1699893864\n|switch|p2a: Sneasler|Sneasler, M|100\/100|[from] Volt Switch\n|-enditem|p2a: Sneasler|Electric Seed\n|-boost|p2a: Sneasler|def|1|[from] item: Electric Seed\n|move|p1a: Dragalge|Toxic Spikes|p2a: Sneasler\n|-sidestart|p2: Feigar2004|move: Toxic Spikes\n|\n|-heal|p1a: Dragalge|84\/100|[from] item: Black Sludge\n|upkeep\n|turn|2\n|\n|t:|1699893876\n|move|p2a: Sneasler|Swords Dance|p2a: Sneasler\n|-boost|p2a: Sneasler|atk|2\n|move|p1a: Dragalge|Haze|p1a: Dragalge\n|-clearallboost\n|\n|-heal|p1a: Dragalge|90\/100|[from] item: Black Sludge\n|upkeep\n|turn|3\n|\n|t:|1699893885\n|move|p2a: Sneasler|Acrobatics|p1a: Dragalge\n|-damage|p1a: Dragalge|35\/100\n|move|p1a: Dragalge|Draco Meteor|p2a: Sneasler\n|-damage|p2a: Sneasler|1\/100\n|-unboost|p1a: Dragalge|spa|2\n|\n|-heal|p1a: Dragalge|41\/100|[from] item: Black Sludge\n|upkeep\n|turn|4\n|\n|t:|1699893900\n|move|p2a: Sneasler|Acrobatics|p1a: Dragalge\n|-damage|p1a: Dragalge|0 fnt\n|faint|p1a: Dragalge\n|\n|upkeep\n|\n|t:|1699893918\n|switch|p1a: Kartana|Kartana|100\/100\n|turn|5\n|\n|t:|1699893924\n|move|p2a: Sneasler|Brick Break|p1a: Kartana\n|-supereffective|p1a: Kartana\n|-damage|p1a: Kartana|12\/100\n|move|p1a: Kartana|Sacred Sword|p2a: Sneasler\n|-resisted|p2a: Sneasler\n|-damage|p2a: Sneasler|0 fnt\n|faint|p2a: Sneasler\n|-ability|p1a: Kartana|Beast Boost|boost\n|-boost|p1a: Kartana|atk|1\n|\n|-fieldend|move: Electric Terrain\n|upkeep\n|\n|t:|1699893931\n|switch|p2a: Skarmory|Skarmory, M|100\/100\n|turn|6\n|\n|t:|1699893940\n|move|p1a: Kartana|Sacred Sword|p2a: Skarmory\n|-damage|p2a: Skarmory|68\/100\n|-damage|p1a: Kartana|0 fnt|[from] item: Rocky Helmet|[of] p2a: Skarmory\n|faint|p1a: Kartana\n|move|p2a: Skarmory|Iron Defense|p2a: Skarmory\n|-boost|p2a: Skarmory|def|2\n|\n|upkeep\n|\n|t:|1699893948\n|switch|p1a: Hydreigon|Hydreigon, M|100\/100\n|turn|7\n|\n|t:|1699893953\n|move|p1a: Hydreigon|Flamethrower|p2a: Skarmory\n|-supereffective|p2a: Skarmory\n|-damage|p2a: Skarmory|0 fnt\n|faint|p2a: Skarmory\n|\n|upkeep\n|\n|t:|1699893957\n|switch|p2a: Tapu Koko|Tapu Koko|91\/100\n|-status|p2a: Tapu Koko|psn\n|-fieldstart|move: Electric Terrain|[from] ability: Electric Surge|[of] p2a: Tapu Koko\n|turn|8\n|\n|t:|1699893968\n|-terastallize|p1a: Hydreigon|Poison\n|move|p2a: Tapu Koko|Dazzling Gleam|p1a: Hydreigon\n|-resisted|p1a: Hydreigon\n|-crit|p1a: Hydreigon\n|-damage|p1a: Hydreigon|61\/100\n|-damage|p2a: Tapu Koko|81\/100 psn|[from] item: Life Orb\n|move|p1a: Hydreigon|Nasty Plot|p1a: Hydreigon\n|-boost|p1a: Hydreigon|spa|2\n|\n|-heal|p1a: Hydreigon|67\/100|[from] item: Leftovers\n|-damage|p2a: Tapu Koko|68\/100 psn|[from] psn\n|upkeep\n|turn|9\n|\n|t:|1699893984\n|move|p2a: Tapu Koko|Thunderbolt|p1a: Hydreigon\n|-damage|p1a: Hydreigon|0 fnt\n|faint|p1a: Hydreigon\n|-damage|p2a: Tapu Koko|58\/100 psn|[from] item: Life Orb\n|\n|-damage|p2a: Tapu Koko|46\/100 psn|[from] psn\n|upkeep\n|\n|t:|1699893992\n|switch|p1a: Aggron|Aggron, M|100\/100\n|turn|10\n|\n|t:|1699893998\n|detailschange|p1a: Aggron|Aggron-Mega, M\n|-mega|p1a: Aggron|Aggron|Aggronite\n|move|p2a: Tapu Koko|Defog|p1a: Aggron\n|-unboost|p1a: Aggron|evasion|1\n|-sideend|p2: Feigar2004|Toxic Spikes|[from] move: Defog|[of] p2a: Tapu Koko\n|-fieldend|move: Electric Terrain\n|move|p1a: Aggron|High Horsepower|p2a: Tapu Koko\n|-supereffective|p2a: Tapu Koko\n|-damage|p2a: Tapu Koko|0 fnt\n|faint|p2a: Tapu Koko\n|\n|upkeep\n|\n|t:|1699894004\n|switch|p2a: Corsola|Corsola-Galar, F|100\/100\n|turn|11\n|\n|t:|1699894016\n|move|p1a: Aggron|Heavy Slam|p2a: Corsola\n|-damage|p2a: Corsola|50\/100\n|-start|p1a: Aggron|Disable|Heavy Slam|[from] ability: Cursed Body|[of] p2a: Corsola\n|move|p2a: Corsola|Whirlpool|p1a: Aggron\n|-damage|p1a: Aggron|91\/100\n|-activate|p1a: Aggron|move: Whirlpool|[of] p2a: Corsola\n|\n|-damage|p1a: Aggron|79\/100|[from] move: Whirlpool|[partiallytrapped]\n|upkeep\n|turn|12\n|\n|t:|1699894030\n|move|p1a: Aggron|High Horsepower|p2a: Corsola\n|-damage|p2a: Corsola|24\/100\n|move|p2a: Corsola|Strength Sap|p1a: Aggron\n|-unboost|p1a: Aggron|atk|1\n|-heal|p2a: Corsola|100\/100\n|\n|-damage|p1a: Aggron|66\/100|[from] move: Whirlpool|[partiallytrapped]\n|upkeep\n|turn|13\n|\n|t:|1699894044\n|move|p1a: Aggron|Iron Defense|p1a: Aggron\n|-boost|p1a: Aggron|def|2\n|move|p2a: Corsola|Will-O-Wisp|p1a: Aggron\n|-status|p1a: Aggron|brn\n|\n|-damage|p1a: Aggron|60\/100 brn|[from] brn\n|-damage|p1a: Aggron|48\/100 brn|[from] move: Whirlpool|[partiallytrapped]\n|upkeep\n|turn|14\n|\n|t:|1699894057\n|move|p1a: Aggron|High Horsepower|p2a: Corsola\n|-damage|p2a: Corsola|92\/100\n|move|p2a: Corsola|Strength Sap|p1a: Aggron\n|-unboost|p1a: Aggron|atk|1\n|-heal|p2a: Corsola|100\/100\n|\n|-damage|p1a: Aggron|42\/100 brn|[from] brn\n|-damage|p1a: Aggron|29\/100 brn|[from] move: Whirlpool|[partiallytrapped]\n|-end|p1a: Aggron|Disable\n|upkeep\n|turn|15\n|\n|t:|1699894072\n|move|p1a: Aggron|Heavy Slam|p2a: Corsola\n|-crit|p2a: Corsola\n|-damage|p2a: Corsola|69\/100\n|move|p2a: Corsola|Strength Sap|p1a: Aggron\n|-unboost|p1a: Aggron|atk|1\n|-heal|p2a: Corsola|100\/100\n|\n|-damage|p1a: Aggron|23\/100 brn|[from] brn\n|-damage|p1a: Aggron|11\/100 brn|[from] move: Whirlpool|[partiallytrapped]\n|upkeep\n|turn|16\n|\n|t:|1699894089\n|move|p1a: Aggron|Heavy Slam|p2a: Corsola\n|-damage|p2a: Corsola|91\/100\n|move|p2a: Corsola|Strength Sap|p1a: Aggron\n|-unboost|p1a: Aggron|atk|1\n|-heal|p2a: Corsola|100\/100\n|\n|-damage|p1a: Aggron|5\/100 brn|[from] brn\n|-end|p1a: Aggron|Whirlpool|[partiallytrapped]\n|upkeep\n|turn|17\n|\n|t:|1699894099\n|move|p1a: Aggron|High Horsepower|p2a: Corsola|[miss]\n|-miss|p1a: Aggron|p2a: Corsola\n|move|p2a: Corsola|Whirlpool|p1a: Aggron\n|-damage|p1a: Aggron|0 fnt\n|faint|p1a: Aggron\n|\n|upkeep\n|inactive|danchodon has 120 seconds left.\n|c|\u2606danchodon|That's corsola is freaking cool\n|\n|t:|1699894129\n|switch|p1a: Ceruledge|Ceruledge, M|100\/100\n|turn|18\n|inactive|danchodon has 120 seconds left.\n|\n|t:|1699894135\n|move|p1a: Ceruledge|Poltergeist|p2a: Corsola\n|-activate|p2a: Corsola|move: Poltergeist|Eviolite\n|-supereffective|p2a: Corsola\n|-damage|p2a: Corsola|17\/100\n|move|p2a: Corsola|Whirlpool|p1a: Ceruledge\n|-supereffective|p1a: Ceruledge\n|-damage|p1a: Ceruledge|87\/100\n|-activate|p1a: Ceruledge|move: Whirlpool|[of] p2a: Corsola\n|\n|-damage|p1a: Ceruledge|74\/100|[from] move: Whirlpool|[partiallytrapped]\n|upkeep\n|turn|19\n|inactive|danchodon has 120 seconds left.\n|\n|t:|1699894147\n|move|p1a: Ceruledge|Shadow Sneak|p2a: Corsola\n|-supereffective|p2a: Corsola\n|-damage|p2a: Corsola|0 fnt\n|faint|p2a: Corsola\n|\n|-end|p1a: Ceruledge|Whirlpool|[partiallytrapped]|[silent]\n|upkeep\n|\n|t:|1699894151\n|switch|p2a: Goodra|Goodra, M, shiny|100\/100\n|turn|20\n|\n|t:|1699894157\n|move|p1a: Ceruledge|Poltergeist|p2a: Goodra\n|-activate|p2a: Goodra|move: Poltergeist|Assault Vest\n|-damage|p2a: Goodra|38\/100\n|move|p2a: Goodra|Surf|p1a: Ceruledge\n|-supereffective|p1a: Ceruledge\n|-damage|p1a: Ceruledge|2\/100\n|\n|upkeep\n|turn|21\n|\n|t:|1699894169\n|move|p1a: Ceruledge|Poltergeist|p2a: Goodra\n|-activate|p2a: Goodra|move: Poltergeist|Assault Vest\n|-damage|p2a: Goodra|0 fnt\n|faint|p2a: Goodra\n|\n|upkeep\n|\n|t:|1699894173\n|switch|p2a: Leafeon|Leafeon, M|100\/100\n|turn|22\n|\n|t:|1699894182\n|move|p1a: Ceruledge|Shadow Sneak|p2a: Leafeon\n|-damage|p2a: Leafeon|84\/100\n|move|p2a: Leafeon|Knock Off|p1a: Ceruledge\n|-supereffective|p1a: Ceruledge\n|-damage|p1a: Ceruledge|0 fnt\n|-enditem|p1a: Ceruledge|Heavy-Duty Boots|[from] move: Knock Off|[of] p2a: Leafeon\n|faint|p1a: Ceruledge\n|\n|-heal|p2a: Leafeon|90\/100|[from] item: Leftovers\n|upkeep\n|\n|t:|1699894192\n|switch|p1a: Gallade|Gallade, M|100\/100\n|turn|23\n|\n|t:|1699894199\n|move|p1a: Gallade|Agility|p1a: Gallade\n|-boost|p1a: Gallade|spe|2\n|move|p2a: Leafeon|Swords Dance|p2a: Leafeon\n|-boost|p2a: Leafeon|atk|2\n|\n|-heal|p2a: Leafeon|96\/100|[from] item: Leftovers\n|upkeep\n|turn|24\n|\n|t:|1699894210\n|move|p1a: Gallade|Sacred Sword|p2a: Leafeon\n|-damage|p2a: Leafeon|22\/100\n|-damage|p1a: Gallade|91\/100|[from] item: Life Orb\n|move|p2a: Leafeon|Leaf Blade|p1a: Gallade\n|-damage|p1a: Gallade|0 fnt\n|faint|p1a: Gallade\n|\n|win|Feigar2004\n|raw|danchodon's rating: 1081 &rarr; <strong>1060<\/strong><br \/>(-21 for losing)\n|raw|Feigar2004's rating: 1097 &rarr; <strong>1121<\/strong><br \/>(+24 for winning)\n|l|\u2606danchodon\n","uploadtime":1699894225,"views":5,"p1id":"danchodon","p2id":"feigar2004","formatid":"gen9nationaldex","rating":1060,"private":0,"password":""}