{"id":"gen9nationaldex-1991378573","p1":"kaivanfe","p2":"st.john52","format":"[Gen 9] National Dex","log":"|j|\u2606kaivanfe\n|j|\u2606st.john52\n|t:|1700072158\n|gametype|singles\n|player|p1|kaivanfe|n|1053\n|player|p2|st.john52|clay|1024\n|teamsize|p1|6\n|teamsize|p2|6\n|gen|9\n|tier|[Gen 9] National Dex\n|rated|\n|rule|HP Percentage Mod: HP is shown in percentages\n|rule|Endless Battle Clause: Forcing endless battles is banned\n|rule|OHKO Clause: OHKO moves are banned\n|rule|Evasion Clause: Evasion abilities, items, and moves are banned\n|rule|Evasion Abilities Clause: Evasion abilities are banned\n|rule|Evasion Items Clause: Evasion items are banned\n|rule|Evasion Moves Clause: Evasion moves are banned\n|rule|Species Clause: Limit one of each Pok\u00e9mon\n|rule|Sleep Clause Mod: Limit one foe put to sleep\n|clearpoke\n|poke|p1|Aggron, F|\n|poke|p1|Maushold-Four|\n|poke|p1|Kommo-o, F|\n|poke|p1|Greninja-*, M|\n|poke|p1|Volcarona, M|\n|poke|p1|Incineroar, M|\n|poke|p2|Sandy Shocks|\n|poke|p2|Kommo-o, M|\n|poke|p2|Ambipom, M|\n|poke|p2|Blacephalon|\n|poke|p2|Feraligatr, M|\n|poke|p2|Gardevoir, F|\n|teampreview\n|inactive|Battle timer is ON: inactive players will automatically lose when time's up. (requested by st.john52)\n|\n|t:|1700072188\n|start\n|switch|p1a: Incineroar|Incineroar, M|100\/100\n|switch|p2a: Ambipom|Ambipom, M, shiny|100\/100\n|-ability|p1a: Incineroar|Intimidate|boost\n|-unboost|p2a: Ambipom|atk|1\n|turn|1\n|\n|t:|1700072196\n|move|p2a: Ambipom|Fake Out|p1a: Incineroar\n|-damage|p1a: Incineroar|83\/100\n|cant|p1a: Incineroar|flinch\n|\n|upkeep\n|turn|2\n|\n|t:|1700072204\n|switch|p2a: Feraligatr|Feraligatr, M|100\/100\n|move|p1a: Incineroar|Parting Shot|p2a: Feraligatr\n|-unboost|p2a: Feraligatr|atk|1\n|-unboost|p2a: Feraligatr|spa|1\n|\n|t:|1700072213\n|switch|p1a: Maushold|Maushold-Four|100\/100|[from] Parting Shot\n|\n|upkeep\n|turn|3\n|\n|t:|1700072221\n|-terastallize|p1a: Maushold|Fairy\n|move|p2a: Feraligatr|Dragon Dance|p2a: Feraligatr\n|-boost|p2a: Feraligatr|atk|1\n|-boost|p2a: Feraligatr|spe|1\n|move|p1a: Maushold|Trailblaze|p2a: Feraligatr\n|-supereffective|p2a: Feraligatr\n|-damage|p2a: Feraligatr|58\/100\n|-boost|p1a: Maushold|spe|1\n|\n|upkeep\n|turn|4\n|\n|t:|1700072236\n|switch|p2a: Gardevoir|Gardevoir, F, shiny|100\/100\n|move|p1a: Maushold|Trailblaze|p2a: Gardevoir\n|-damage|p2a: Gardevoir|68\/100\n|-boost|p1a: Maushold|spe|1\n|\n|upkeep\n|turn|5\n|\n|t:|1700072245\n|detailschange|p2a: Gardevoir|Gardevoir-Mega, F, shiny\n|-mega|p2a: Gardevoir|Gardevoir|Gardevoirite\n|move|p1a: Maushold|Population Bomb|p2a: Gardevoir\n|-damage|p2a: Gardevoir|47\/100\n|-damage|p2a: Gardevoir|27\/100\n|-damage|p2a: Gardevoir|7\/100\n|-damage|p2a: Gardevoir|0 fnt\n|faint|p2a: Gardevoir\n|-hitcount|p2: Gardevoir|4\n|\n|upkeep\n|\n|t:|1700072256\n|switch|p2a: Sandy Shocks|Sandy Shocks, shiny|100\/100\n|-enditem|p2a: Sandy Shocks|Booster Energy\n|-activate|p2a: Sandy Shocks|ability: Protosynthesis|[fromitem]\n|-start|p2a: Sandy Shocks|protosynthesisspa\n|turn|6\n|\n|t:|1700072276\n|-terastallize|p2a: Sandy Shocks|Ice\n|move|p1a: Maushold|Bullet Seed|p2a: Sandy Shocks\n|-damage|p2a: Sandy Shocks|89\/100\n|-damage|p2a: Sandy Shocks|79\/100\n|-damage|p2a: Sandy Shocks|67\/100\n|-hitcount|p2a: Sandy Shocks|3\n|move|p2a: Sandy Shocks|Tera Blast|p1a: Maushold|[anim] Tera Blast Ice\n|-damage|p1a: Maushold|39\/100\n|\n|upkeep\n|turn|7\n|\n|t:|1700072289\n|move|p1a: Maushold|Population Bomb|p2a: Sandy Shocks|[miss]\n|-miss|p1a: Maushold|p2a: Sandy Shocks\n|move|p2a: Sandy Shocks|Tera Blast|p1a: Maushold|[anim] Tera Blast Ice\n|-damage|p1a: Maushold|0 fnt\n|faint|p1a: Maushold\n|\n|upkeep\n|\n|t:|1700072296\n|switch|p1a: Incineroar|Incineroar, M|83\/100\n|-ability|p1a: Incineroar|Intimidate|boost\n|-unboost|p2a: Sandy Shocks|atk|1\n|turn|8\n|\n|t:|1700072301\n|move|p1a: Incineroar|Parting Shot|p2a: Sandy Shocks\n|-unboost|p2a: Sandy Shocks|atk|1\n|-unboost|p2a: Sandy Shocks|spa|1\n|\n|t:|1700072306\n|switch|p1a: Greninja|Greninja, M|100\/100|[from] Parting Shot\n|move|p2a: Sandy Shocks|Earth Power|p1a: Greninja\n|-damage|p1a: Greninja|56\/100\n|-unboost|p1a: Greninja|spd|1\n|\n|upkeep\n|turn|9\n|\n|t:|1700072321\n|move|p1a: Greninja|Water Shuriken|p2a: Sandy Shocks\n|-damage|p2a: Sandy Shocks|59\/100\n|-damage|p2a: Sandy Shocks|52\/100\n|-damage|p2a: Sandy Shocks|44\/100\n|-hitcount|p2a: Sandy Shocks|3\n|move|p2a: Sandy Shocks|Thunderbolt|p1a: Greninja\n|-supereffective|p1a: Greninja\n|-damage|p1a: Greninja|0 fnt\n|faint|p1a: Greninja\n|\n|upkeep\n|\n|t:|1700072336\n|switch|p1a: Aggron|Aggron, F|100\/100\n|turn|10\n|\n|t:|1700072347\n|detailschange|p1a: Aggron|Aggron-Mega, F\n|-mega|p1a: Aggron|Aggron|Aggronite\n|move|p2a: Sandy Shocks|Tera Blast|p1a: Aggron|[anim] Tera Blast Ice\n|-resisted|p1a: Aggron\n|-damage|p1a: Aggron|87\/100\n|move|p1a: Aggron|Rock Polish|p1a: Aggron\n|-boost|p1a: Aggron|spe|2\n|\n|upkeep\n|turn|11\n|\n|t:|1700072363\n|-end|p2a: Sandy Shocks|Protosynthesis|[silent]\n|switch|p2a: Feraligatr|Feraligatr, M|58\/100\n|move|p1a: Aggron|Rock Polish|p1a: Aggron\n|-boost|p1a: Aggron|spe|2\n|\n|upkeep\n|turn|12\n|\n|t:|1700072371\n|move|p1a: Aggron|Hone Claws|p1a: Aggron\n|-boost|p1a: Aggron|atk|1\n|-boost|p1a: Aggron|accuracy|1\n|move|p2a: Feraligatr|Dragon Dance|p2a: Feraligatr\n|-boost|p2a: Feraligatr|atk|1\n|-boost|p2a: Feraligatr|spe|1\n|\n|upkeep\n|turn|13\n|\n|t:|1700072383\n|move|p2a: Feraligatr|Dragon Dance|p2a: Feraligatr\n|-boost|p2a: Feraligatr|atk|1\n|-boost|p2a: Feraligatr|spe|1\n|move|p1a: Aggron|Stone Edge|p2a: Feraligatr\n|-damage|p2a: Feraligatr|4\/100\n|\n|upkeep\n|turn|14\n|\n|t:|1700072392\n|move|p2a: Feraligatr|Earthquake|p1a: Aggron\n|-supereffective|p1a: Aggron\n|-damage|p1a: Aggron|26\/100\n|-damage|p2a: Feraligatr|0 fnt|[from] item: Life Orb\n|faint|p2a: Feraligatr\n|move|p1a: Aggron|Earthquake|p2: Feraligatr|[notarget]\n|-fail|p1a: Aggron\n|\n|upkeep\n|\n|t:|1700072400\n|switch|p2a: Sandy Shocks|Sandy Shocks, shiny, tera:Ice|44\/100\n|turn|15\n|\n|t:|1700072406\n|move|p1a: Aggron|Earthquake|p2a: Sandy Shocks\n|-damage|p2a: Sandy Shocks|0 fnt\n|faint|p2a: Sandy Shocks\n|-end|p2a: Sandy Shocks|Protosynthesis|[silent]\n|\n|upkeep\n|\n|t:|1700072412\n|switch|p2a: Ambipom|Ambipom, M, shiny|100\/100\n|turn|16\n|\n|t:|1700072419\n|move|p2a: Ambipom|Fake Out|p1a: Aggron\n|-resisted|p1a: Aggron\n|-crit|p1a: Aggron\n|-damage|p1a: Aggron|16\/100\n|cant|p1a: Aggron|flinch\n|\n|upkeep\n|turn|17\n|\n|t:|1700072432\n|move|p1a: Aggron|Stone Edge|p2a: Ambipom\n|-damage|p2a: Ambipom|20\/100\n|move|p2a: Ambipom|Aerial Ace|p1a: Aggron\n|-resisted|p1a: Aggron\n|-damage|p1a: Aggron|10\/100\n|\n|upkeep\n|turn|18\n|\n|t:|1700072446\n|move|p1a: Aggron|Hone Claws|p1a: Aggron\n|-boost|p1a: Aggron|atk|1\n|-boost|p1a: Aggron|accuracy|1\n|move|p2a: Ambipom|Ice Punch|p1a: Aggron\n|-resisted|p1a: Aggron\n|-damage|p1a: Aggron|4\/100\n|\n|upkeep\n|turn|19\n|\n|t:|1700072455\n|move|p1a: Aggron|Stone Edge|p2a: Ambipom\n|-damage|p2a: Ambipom|0 fnt\n|faint|p2a: Ambipom\n|\n|upkeep\n|\n|t:|1700072458\n|switch|p2a: Blacephalon|Blacephalon, shiny|100\/100\n|turn|20\n|\n|t:|1700072465\n|move|p1a: Aggron|Earthquake|p2a: Blacephalon\n|-supereffective|p2a: Blacephalon\n|-damage|p2a: Blacephalon|0 fnt\n|faint|p2a: Blacephalon\n|\n|upkeep\n|\n|t:|1700072467\n|switch|p2a: Kommo-o|Kommo-o, M, shiny|100\/100\n|turn|21\n|\n|t:|1700072474\n|move|p1a: Aggron|Stone Edge|p2a: Kommo-o\n|-resisted|p2a: Kommo-o\n|-damage|p2a: Kommo-o|67\/100\n|-zpower|p2a: Kommo-o\n|move|p2a: Kommo-o|Clangorous Soulblaze|p1a: Aggron|[zeffect]\n|-resisted|p1a: Aggron\n|-damage|p1a: Aggron|0 fnt\n|faint|p1a: Aggron\n|-boost|p2a: Kommo-o|atk|1\n|-boost|p2a: Kommo-o|def|1\n|-boost|p2a: Kommo-o|spa|1\n|-boost|p2a: Kommo-o|spd|1\n|-boost|p2a: Kommo-o|spe|1\n|\n|upkeep\n|\n|t:|1700072491\n|switch|p1a: Incineroar|Incineroar, M|83\/100\n|-ability|p1a: Incineroar|Intimidate|boost\n|-unboost|p2a: Kommo-o|atk|1\n|turn|22\n|\n|t:|1700072507\n|move|p2a: Kommo-o|Focus Blast|p1a: Incineroar|[miss]\n|-miss|p2a: Kommo-o|p1a: Incineroar\n|move|p1a: Incineroar|Parting Shot|p2a: Kommo-o\n|-immune|p2a: Kommo-o|[from] ability: Soundproof\n|\n|upkeep\n|turn|23\n|\n|t:|1700072517\n|move|p2a: Kommo-o|Focus Blast|p1a: Incineroar\n|-supereffective|p1a: Incineroar\n|-damage|p1a: Incineroar|0 fnt\n|faint|p1a: Incineroar\n|\n|upkeep\n|\n|t:|1700072523\n|switch|p1a: Volcarona|Volcarona, M|100\/100\n|turn|24\n|\n|t:|1700072534\n|move|p2a: Kommo-o|Boomburst|p1a: Volcarona\n|-damage|p1a: Volcarona|35\/100\n|move|p1a: Volcarona|Air Slash|p2a: Kommo-o\n|-supereffective|p2a: Kommo-o\n|-damage|p2a: Kommo-o|30\/100\n|\n|upkeep\n|turn|25\n|\n|t:|1700072542\n|move|p2a: Kommo-o|Boomburst|p1a: Volcarona\n|-damage|p1a: Volcarona|0 fnt\n|faint|p1a: Volcarona\n|\n|upkeep\n|\n|t:|1700072547\n|switch|p1a: Kommo-o|Kommo-o, F|100\/100\n|turn|26\n|\n|t:|1700072553\n|move|p2a: Kommo-o|Clanging Scales|p1a: Kommo-o\n|-supereffective|p1a: Kommo-o\n|-damage|p1a: Kommo-o|0 fnt\n|faint|p1a: Kommo-o\n|\n|win|st.john52\n|raw|kaivanfe's rating: 1053 &rarr; <strong>1034<\/strong><br \/>(-19 for losing)\n|raw|st.john52's rating: 1024 &rarr; <strong>1063<\/strong><br \/>(+39 for winning)\n|l|\u2606kaivanfe\n","uploadtime":1700072563,"views":4,"p1id":"kaivanfe","p2id":"stjohn52","formatid":"gen9nationaldex","rating":1034,"private":0,"password":""}