{"id":"gen9nationaldex-1997188690","p1":"AjoFC","p2":"Cristian7gg","format":"[Gen 9] National Dex","log":"|html|<div class=\"broadcast-blue\"><strong>[Gen 9] National Dex is currently suspecting Sneasler! For information on how to participate check out the <a href=\"https:\/\/www.smogon.com\/forums\/threads\/sv-national-dex-suspect-8-just-dance.3731534\/\">suspect thread<\/a>.<\/strong><\/div>\n|j|\u2606AjoFC\n|j|\u2606Cristian7gg\n|t:|1700773624\n|gametype|singles\n|player|p1|AjoFC|juggler|\n|player|p2|Cristian7gg|lucas-gen4pt|\n|teamsize|p1|6\n|teamsize|p2|6\n|gen|9\n|tier|[Gen 9] National Dex\n|rule|HP Percentage Mod: HP is shown in percentages\n|rule|Endless Battle Clause: Forcing endless battles is banned\n|rule|OHKO Clause: OHKO moves are banned\n|rule|Evasion Clause: Evasion abilities, items, and moves are banned\n|rule|Evasion Abilities Clause: Evasion abilities are banned\n|rule|Evasion Items Clause: Evasion items are banned\n|rule|Evasion Moves Clause: Evasion moves are banned\n|rule|Species Clause: Limit one of each Pok\u00e9mon\n|rule|Sleep Clause Mod: Limit one foe put to sleep\n|clearpoke\n|poke|p1|Maushold-Four|\n|poke|p1|Lopunny, F|\n|poke|p1|Ditto|\n|poke|p1|Porygon-Z|\n|poke|p1|Zoroark-Hisui, M|\n|poke|p1|Dondozo, F|\n|poke|p2|Tapu Koko|\n|poke|p2|Raichu-Alola, M|\n|poke|p2|Charizard, M|\n|poke|p2|Gliscor, F|\n|poke|p2|Aegislash, F|\n|poke|p2|Dragonite, F|\n|teampreview\n|inactive|Battle timer is ON: inactive players will automatically lose when time's up. (requested by AjoFC)\n|c|\u2606Cristian7gg|Yareyarendaze\n|\n|t:|1700773639\n|start\n|switch|p1a: SOY TU XD|Ditto|100\/100\n|switch|p2a: Papu :vvvvxdddd|Tapu Koko, shiny|100\/100\n|-fieldstart|move: Electric Terrain|[from] ability: Electric Surge|[of] p2a: Papu :vvvvxdddd\n|-transform|p1a: SOY TU XD|p2a: Papu :vvvvxdddd|[from] ability: Imposter\n|turn|1\n|\n|t:|1700773664\n|move|p2a: Papu :vvvvxdddd|U-turn|p1a: SOY TU XD\n|-resisted|p1a: SOY TU XD\n|-damage|p1a: SOY TU XD|90\/100\n|c|\u2606Cristian7gg|Que\n|\n|t:|1700773676\n|switch|p2a: Alexis|Aegislash, F, shiny|100\/100|[from] U-turn\n|move|p1a: SOY TU XD|Dazzling Gleam|p2a: Alexis\n|-resisted|p2a: Alexis\n|-damage|p2a: Alexis|88\/100\n|\n|-heal|p2a: Alexis|94\/100|[from] item: Leftovers\n|upkeep\n|turn|2\n|\n|t:|1700773690\n|switch|p2a: Salamander|Charizard, M|100\/100\n|move|p1a: SOY TU XD|U-turn|p2a: Salamander\n|-resisted|p2a: Salamander\n|-damage|p2a: Salamander|95\/100\n|\n|t:|1700773695\n|switch|p1a: Spamton|Porygon-Z|100\/100|[from] U-turn\n|\n|upkeep\n|turn|3\n|c|\u2606Cristian7gg|No entiendo\n|c|\u2606Cristian7gg|Pero bueno\n|\n|t:|1700773721\n|detailschange|p2a: Salamander|Charizard-Mega-Y, M\n|-mega|p2a: Salamander|Charizard|Charizardite Y\n|-weather|SunnyDay|[from] ability: Drought|[of] p2a: Salamander\n|move|p2a: Salamander|Flamethrower|p1a: Spamton\n|-crit|p1a: Spamton\n|-damage|p1a: Spamton|0 fnt\n|faint|p1a: Spamton\n|\n|-weather|SunnyDay|[upkeep]\n|upkeep\n|c|\u2606AjoFC|Hoy no es mi d\u00eda\n|c|\u2606AjoFC|No digo porque sea bueno\n|c|\u2606AjoFC|O malo\n|c|\u2606Cristian7gg|Pero ponle la scarf a dito\n|inactive|AjoFC has 270 seconds left.\n|c|\u2606AjoFC|Simplemente estoy en el d\u00eda de mala suerte xD\n|\n|t:|1700773762\n|switch|p1a: OwO|Lopunny, F|100\/100\n|turn|4\n|\n|t:|1700773765\n|switch|p2a: Alexis|Aegislash, F, shiny|94\/100\n|detailschange|p1a: OwO|Lopunny-Mega, F\n|-mega|p1a: OwO|Lopunny|Lopunnite\n|move|p1a: OwO|Fake Out|p2a: Alexis\n|-resisted|p2a: Alexis\n|-damage|p2a: Alexis|85\/100\n|\n|-weather|SunnyDay|[upkeep]\n|-heal|p2a: Alexis|92\/100|[from] item: Leftovers\n|upkeep\n|turn|5\n|inactive|AjoFC has 270 seconds left.\n|\n|t:|1700773776\n|-terastallize|p2a: Alexis|Water\n|move|p1a: OwO|Fake Out||[still]\n|-hint|Fake Out only works on your first turn out.\n|-fail|p1a: OwO\n|-formechange|p2a: Alexis|Aegislash-Blade||[from] ability: Stance Change\n|move|p2a: Alexis|Sacred Sword|p1a: OwO\n|-supereffective|p1a: OwO\n|-damage|p1a: OwO|11\/100\n|\n|-weather|SunnyDay|[upkeep]\n|-heal|p2a: Alexis|98\/100|[from] item: Leftovers\n|upkeep\n|turn|6\n|inactive|AjoFC has 270 seconds left.\n|\n|t:|1700773788\n|move|p1a: OwO|Close Combat|p2a: Alexis\n|-damage|p2a: Alexis|0 fnt\n|-unboost|p1a: OwO|def|1\n|-unboost|p1a: OwO|spd|1\n|faint|p2a: Alexis\n|\n|-weather|SunnyDay|[upkeep]\n|upkeep\n|\n|t:|1700773795\n|switch|p2a: Raichu|Raichu-Alola, M|100\/100\n|turn|7\n|c|\u2606Cristian7gg|Joe\n|inactive|AjoFC has 270 seconds left.\n|\n|t:|1700773806\n|move|p2a: Raichu|Psychic|p1a: OwO\n|-supereffective|p1a: OwO\n|-damage|p1a: OwO|0 fnt\n|faint|p1a: OwO\n|\n|-weather|none\n|upkeep\n|inactive|AjoFC has 270 seconds left.\n|\n|t:|1700773815\n|switch|p1a: SOY TU XD|Ditto|100\/100\n|turn|8\n|c|\u2606Cristian7gg|Ta bonito el zoroaek\n|\n|t:|1700773835\n|switch|p2a: Daniel|Dragonite, F|100\/100\n|move|p1a: SOY TU XD|Shadow Ball|p2a: Daniel\n|-damage|p2a: Daniel|81\/100\n|\n|-fieldend|move: Electric Terrain\n|upkeep\n|turn|9\n|\n|t:|1700773850\n|switch|p1a: SOY TU XD|Ditto|90\/100\n|-transform|p1a: SOY TU XD|p2a: Daniel|[from] ability: Imposter\n|move|p2a: Daniel|Dragon Claw|p1a: SOY TU XD\n|-supereffective|p1a: SOY TU XD\n|-damage|p1a: SOY TU XD|4\/100\n|\n|upkeep\n|turn|10\n|\n|t:|1700773860\n|move|p2a: Daniel|Extreme Speed|p1a: SOY TU XD\n|-damage|p1a: SOY TU XD|0 fnt\n|faint|p1a: SOY TU XD\n|\n|upkeep\n|\n|t:|1700773870\n|switch|p1a: Harvest|Maushold-Four|100\/100\n|turn|11\n|\n|t:|1700773880\n|switch|p2a: Papu :vvvvxdddd|Tapu Koko, shiny|100\/100\n|-fieldstart|move: Electric Terrain|[from] ability: Electric Surge|[of] p2a: Papu :vvvvxdddd\n|-terastallize|p1a: Harvest|Fairy\n|move|p1a: Harvest|Encore||[still]\n|-fail|p1a: Harvest\n|\n|upkeep\n|turn|12\n|\n|t:|1700773889\n|move|p2a: Papu :vvvvxdddd|Thunderbolt|p1a: Harvest\n|-damage|p1a: Harvest|33\/100\n|move|p1a: Harvest|Tidy Up|p1a: Harvest\n|-boost|p1a: Harvest|atk|1\n|-boost|p1a: Harvest|spe|1\n|\n|upkeep\n|turn|13\n|\n|t:|1700773897\n|move|p1a: Harvest|Population Bomb|p2a: Papu :vvvvxdddd\n|-damage|p2a: Papu :vvvvxdddd|77\/100\n|-damage|p2a: Papu :vvvvxdddd|56\/100\n|-damage|p2a: Papu :vvvvxdddd|32\/100\n|-damage|p2a: Papu :vvvvxdddd|9\/100\n|-damage|p2a: Papu :vvvvxdddd|0 fnt\n|faint|p2a: Papu :vvvvxdddd\n|-hitcount|p2: Papu :vvvvxdddd|5\n|\n|upkeep\n|\n|t:|1700773898\n|switch|p2a: Raichu|Raichu-Alola, M|100\/100\n|turn|14\n|\n|t:|1700773909\n|move|p2a: Raichu|Psychic|p1a: Harvest\n|-damage|p1a: Harvest|0 fnt\n|faint|p1a: Harvest\n|\n|upkeep\n|\n|t:|1700773923\n|switch|p1a: Hola|Dondozo, F|100\/100\n|turn|15\n|\n|t:|1700773933\n|switch|p2a: Salamander|Charizard-Mega-Y, M|95\/100\n|-weather|SunnyDay|[from] ability: Drought|[of] p2a: Salamander\n|move|p1a: Hola|Nasty Plot|p1a: Hola\n|-boost|p1a: Hola|spa|2\n|\n|-weather|SunnyDay|[upkeep]\n|upkeep\n|turn|16\n|\n|t:|1700773943\n|switch|p2a: Raichu|Raichu-Alola, M|100\/100\n|move|p1a: Hola|Shadow Ball|p2a: Raichu\n|-supereffective|p2a: Raichu\n|-enditem|p2a: Raichu|Focus Sash\n|-damage|p2a: Raichu|1\/100\n|-unboost|p2a: Raichu|spd|1\n|\n|-weather|SunnyDay|[upkeep]\n|upkeep\n|turn|17\n|\n|t:|1700773954\n|move|p2a: Raichu|Rising Voltage|p1a: Hola\n|-hint|Rising Voltage's BP doubled on grounded target.\n|-enditem|p1a: Hola|Focus Sash\n|-damage|p1a: Hola|1\/100\n|replace|p1a: MONDONGO|Zoroark-Hisui, M\n|-end|p1a: MONDONGO|Illusion\n|move|p1a: MONDONGO|Shadow Ball|p2a: Raichu\n|-supereffective|p2a: Raichu\n|-damage|p2a: Raichu|0 fnt\n|faint|p2a: Raichu\n|\n|-weather|SunnyDay|[upkeep]\n|upkeep\n|\n|t:|1700773957\n|switch|p2a: Pedro|Gliscor, F|100\/100\n|turn|18\n|\n|t:|1700773973\n|move|p1a: MONDONGO|Shadow Ball|p2a: Pedro\n|-damage|p2a: Pedro|19\/100\n|move|p2a: Pedro|Knock Off|p1a: MONDONGO\n|-supereffective|p1a: MONDONGO\n|-damage|p1a: MONDONGO|0 fnt\n|faint|p1a: MONDONGO\n|\n|-weather|SunnyDay|[upkeep]\n|-fieldend|move: Electric Terrain\n|-status|p2a: Pedro|tox|[from] item: Toxic Orb\n|upkeep\n|inactive|AjoFC has 270 seconds left.\n|c|\u2606Cristian7gg|Ah\n|\n|t:|1700774006\n|switch|p1a: Hola|Dondozo, F|100\/100\n|turn|19\n|c|\u2606Cristian7gg|Yo pensando que a\u00fan ten\u00eda tera\n|\n|t:|1700774015\n|move|p2a: Pedro|Knock Off|p1a: Hola\n|-damage|p1a: Hola|87\/100\n|-enditem|p1a: Hola|Leftovers|[from] move: Knock Off|[of] p2a: Pedro\n|move|p1a: Hola|Aqua Tail|p2a: Pedro\n|-supereffective|p2a: Pedro\n|-damage|p2a: Pedro|0 fnt\n|faint|p2a: Pedro\n|\n|-weather|none\n|upkeep\n|\n|t:|1700774021\n|switch|p2a: Salamander|Charizard-Mega-Y, M|95\/100\n|-weather|SunnyDay|[from] ability: Drought|[of] p2a: Salamander\n|turn|20\n|\n|t:|1700774029\n|move|p2a: Salamander|Solar Beam||[still]\n|-prepare|p2a: Salamander|Solar Beam\n|-anim|p2a: Salamander|Solar Beam|p1a: Hola\n|-supereffective|p1a: Hola\n|-damage|p1a: Hola|29\/100\n|move|p1a: Hola|Aqua Tail|p2a: Salamander|[miss]\n|-miss|p1a: Hola|p2a: Salamander\n|\n|-weather|SunnyDay|[upkeep]\n|upkeep\n|turn|21\n|c|\u2606Cristian7gg|Gg\n|c|\u2606AjoFC|Lo ves\n|inactive|AjoFC has 270 seconds left.\n|c|\u2606AjoFC|No es mi d\u00eda\n|c|\u2606AjoFC|XD\n|\n|t:|1700774048\n|move|p2a: Salamander|Solar Beam||[still]\n|-prepare|p2a: Salamander|Solar Beam\n|-anim|p2a: Salamander|Solar Beam|p1a: Hola\n|-supereffective|p1a: Hola\n|-damage|p1a: Hola|0 fnt\n|faint|p1a: Hola\n|\n|win|Cristian7gg\n","uploadtime":1700774053,"views":11,"p1id":"ajofc","p2id":"cristian7gg","formatid":"gen9nationaldex","rating":0,"private":0,"password":""}