{"id":"gen9nationaldex-1988339935","p1":"R4f4mn","p2":"kupkoko","format":"[Gen 9] National Dex","log":"|j|\u2606R4f4mn\n|j|\u2606kupkoko\n|t:|1699710964\n|gametype|singles\n|player|p1|R4f4mn|lucas|1187\n|player|p2|kupkoko|ltsurge|1280\n|teamsize|p1|6\n|teamsize|p2|6\n|gen|9\n|tier|[Gen 9] National Dex\n|rated|\n|rule|HP Percentage Mod: HP is shown in percentages\n|rule|Endless Battle Clause: Forcing endless battles is banned\n|rule|OHKO Clause: OHKO moves are banned\n|rule|Evasion Clause: Evasion abilities, items, and moves are banned\n|rule|Evasion Abilities Clause: Evasion abilities are banned\n|rule|Evasion Items Clause: Evasion items are banned\n|rule|Evasion Moves Clause: Evasion moves are banned\n|rule|Species Clause: Limit one of each Pok\u00e9mon\n|rule|Sleep Clause Mod: Limit one foe put to sleep\n|clearpoke\n|poke|p1|Blastoise, M|\n|poke|p1|Arcanine, M|\n|poke|p1|Garchomp, F|\n|poke|p1|Gengar, M|\n|poke|p1|Zapdos|\n|poke|p1|Lopunny, F|\n|poke|p2|Tyranitar, M|\n|poke|p2|Ogerpon-Cornerstone, F|\n|poke|p2|Dracozolt|\n|poke|p2|Dondozo, F|\n|poke|p2|Glimmora, F|\n|poke|p2|Gliscor, M|\n|teampreview\n|inactive|Battle timer is ON: inactive players will automatically lose when time's up. (requested by kupkoko)\n|\n|t:|1699710975\n|start\n|switch|p1a: Lopunny|Lopunny, F|100\/100\n|switch|p2a: Glimmora|Glimmora, F|100\/100\n|turn|1\n|\n|t:|1699710980\n|detailschange|p1a: Lopunny|Lopunny-Mega, F\n|-mega|p1a: Lopunny|Lopunny|Lopunnite\n|move|p1a: Lopunny|Close Combat|p2a: Glimmora\n|-damage|p2a: Glimmora|25\/100\n|-unboost|p1a: Lopunny|def|1\n|-unboost|p1a: Lopunny|spd|1\n|-activate|p2a: Glimmora|ability: Toxic Debris\n|-sidestart|p1: R4f4mn|move: Toxic Spikes\n|move|p2a: Glimmora|Stealth Rock|p1a: Lopunny\n|-sidestart|p1: R4f4mn|move: Stealth Rock\n|\n|upkeep\n|turn|2\n|\n|t:|1699710990\n|move|p1a: Lopunny|Close Combat|p2a: Glimmora\n|-damage|p2a: Glimmora|0 fnt\n|-unboost|p1a: Lopunny|def|1\n|-unboost|p1a: Lopunny|spd|1\n|-activate|p2a: Glimmora|ability: Toxic Debris\n|-sidestart|p1: R4f4mn|move: Toxic Spikes\n|faint|p2a: Glimmora\n|\n|upkeep\n|\n|t:|1699711010\n|switch|p2a: Dondozo|Dondozo, F|100\/100\n|turn|3\n|\n|t:|1699711015\n|move|p1a: Lopunny|U-turn|p2a: Dondozo\n|-damage|p2a: Dondozo|90\/100\n|\n|t:|1699711017\n|switch|p1a: Gengar|Gengar, M|100\/100|[from] U-turn\n|-sideend|p1: R4f4mn|move: Toxic Spikes|[of] p1a: Gengar\n|-damage|p1a: Gengar|88\/100|[from] Stealth Rock\n|move|p2a: Dondozo|Curse|p2a: Dondozo\n|-unboost|p2a: Dondozo|spe|1\n|-boost|p2a: Dondozo|atk|1\n|-boost|p2a: Dondozo|def|1\n|\n|-heal|p2a: Dondozo|96\/100|[from] item: Leftovers\n|upkeep\n|turn|4\n|\n|t:|1699711029\n|switch|p2a: Tyranitar|Tyranitar, M|100\/100\n|-weather|Sandstorm|[from] ability: Sand Stream|[of] p2a: Tyranitar\n|move|p1a: Gengar|Sludge Bomb|p2a: Tyranitar\n|-resisted|p2a: Tyranitar\n|-damage|p2a: Tyranitar|85\/100\n|-heal|p1a: Gengar|91\/100|[from] item: Shell Bell|[of] p2a: Tyranitar\n|\n|-weather|Sandstorm|[upkeep]\n|-damage|p1a: Gengar|85\/100|[from] Sandstorm\n|upkeep\n|turn|5\n|\n|t:|1699711047\n|-activate|p1a: Gengar|move: Pursuit\n|detailschange|p2a: Tyranitar|Tyranitar-Mega, M\n|-mega|p2a: Tyranitar|Tyranitar|Tyranitarite\n|move|p2a: Tyranitar|Pursuit|p1a: Gengar|[from]Pursuit\n|-supereffective|p1a: Gengar\n|-damage|p1a: Gengar|0 fnt\n|faint|p1a: Gengar\n|-hint|A Pokemon can't switch between when it runs out of HP and when it faints\n|\n|-weather|Sandstorm|[upkeep]\n|upkeep\n|\n|t:|1699711058\n|switch|p1a: Lopunny|Lopunny-Mega, F|100\/100\n|-damage|p1a: Lopunny|94\/100|[from] Stealth Rock\n|turn|6\n|\n|t:|1699711077\n|switch|p2a: Gliscor|Gliscor, M|100\/100\n|move|p1a: Lopunny|Close Combat|p2a: Gliscor\n|-resisted|p2a: Gliscor\n|-damage|p2a: Gliscor|77\/100\n|-unboost|p1a: Lopunny|def|1\n|-unboost|p1a: Lopunny|spd|1\n|\n|-weather|Sandstorm|[upkeep]\n|-damage|p1a: Lopunny|88\/100|[from] Sandstorm\n|-status|p2a: Gliscor|tox|[from] item: Toxic Orb\n|upkeep\n|turn|7\n|\n|t:|1699711091\n|switch|p1a: Garchomp|Garchomp, F|100\/100\n|-damage|p1a: Garchomp|94\/100|[from] Stealth Rock\n|move|p2a: Gliscor|Earthquake|p1a: Garchomp\n|-damage|p1a: Garchomp|60\/100\n|\n|-weather|Sandstorm|[upkeep]\n|-heal|p2a: Gliscor|89\/100 tox|[from] ability: Poison Heal\n|upkeep\n|turn|8\n|\n|t:|1699711101\n|move|p1a: Garchomp|Outrage|p2a: Gliscor\n|-damage|p2a: Gliscor|30\/100 tox\n|move|p2a: Gliscor|Earthquake|p1a: Garchomp\n|-damage|p1a: Garchomp|24\/100\n|\n|-weather|none\n|-heal|p2a: Gliscor|42\/100 tox|[from] ability: Poison Heal\n|upkeep\n|turn|9\n|\n|t:|1699711109\n|move|p2a: Gliscor|Protect|p2a: Gliscor\n|-singleturn|p2a: Gliscor|Protect\n|move|p1a: Garchomp|Outrage|p2a: Gliscor|[from]lockedmove\n|-activate|p2a: Gliscor|move: Protect\n|\n|-heal|p2a: Gliscor|55\/100 tox|[from] ability: Poison Heal\n|upkeep\n|turn|10\n|\n|t:|1699711120\n|switch|p2a: Dondozo|Dondozo, F|96\/100\n|move|p1a: Garchomp|Outrage|p2a: Dondozo\n|-damage|p2a: Dondozo|64\/100\n|\n|-heal|p2a: Dondozo|71\/100|[from] item: Leftovers\n|upkeep\n|turn|11\n|\n|t:|1699711127\n|move|p1a: Garchomp|Outrage|p2a: Dondozo|[from]lockedmove\n|-damage|p2a: Dondozo|38\/100\n|-start|p1a: Garchomp|confusion|[fatigue]\n|move|p2a: Dondozo|Curse|p2a: Dondozo\n|-unboost|p2a: Dondozo|spe|1\n|-boost|p2a: Dondozo|atk|1\n|-boost|p2a: Dondozo|def|1\n|\n|-heal|p2a: Dondozo|44\/100|[from] item: Leftovers\n|upkeep\n|turn|12\n|\n|t:|1699711138\n|-activate|p1a: Garchomp|confusion\n|move|p1a: Garchomp|Outrage|p2a: Dondozo\n|-damage|p2a: Dondozo|22\/100\n|move|p2a: Dondozo|Rest|p2a: Dondozo\n|-status|p2a: Dondozo|slp|[from] move: Rest\n|-heal|p2a: Dondozo|100\/100 slp|[silent]\n|\n|upkeep\n|turn|13\n|\n|t:|1699711147\n|-activate|p1a: Garchomp|confusion\n|move|p1a: Garchomp|Outrage|p2a: Dondozo|[from]lockedmove\n|-damage|p2a: Dondozo|80\/100 slp\n|cant|p2a: Dondozo|slp\n|move|p2a: Dondozo|Sleep Talk|p2a: Dondozo\n|move|p2a: Dondozo|Curse|p2a: Dondozo|[from]move: Sleep Talk\n|-unboost|p2a: Dondozo|spe|1\n|-boost|p2a: Dondozo|atk|1\n|-boost|p2a: Dondozo|def|1\n|\n|-heal|p2a: Dondozo|86\/100 slp|[from] item: Leftovers\n|upkeep\n|turn|14\n|\n|t:|1699711158\n|-end|p1a: Garchomp|confusion\n|move|p1a: Garchomp|Outrage|p2a: Dondozo|[from]lockedmove\n|-damage|p2a: Dondozo|70\/100 slp\n|-start|p1a: Garchomp|confusion|[fatigue]\n|cant|p2a: Dondozo|slp\n|move|p2a: Dondozo|Sleep Talk|p2a: Dondozo\n|move|p2a: Dondozo|Rest||[from]move: Sleep Talk|[still]\n|-fail|p2a: Dondozo\n|\n|-heal|p2a: Dondozo|76\/100 slp|[from] item: Leftovers\n|upkeep\n|turn|15\n|\n|t:|1699711169\n|-curestatus|p2a: Dondozo|slp|[msg]\n|move|p2a: Dondozo|Liquidation|p1a: Garchomp\n|-damage|p1a: Garchomp|0 fnt\n|-damage|p2a: Dondozo|64\/100|[from] ability: Rough Skin|[of] p1a: Garchomp\n|-damage|p2a: Dondozo|47\/100|[from] item: Rocky Helmet|[of] p1a: Garchomp\n|faint|p1a: Garchomp\n|\n|-heal|p2a: Dondozo|53\/100|[from] item: Leftovers\n|upkeep\n|\n|t:|1699711178\n|switch|p1a: Zapdos|Zapdos|100\/100\n|-damage|p1a: Zapdos|76\/100|[from] Stealth Rock\n|turn|16\n|\n|t:|1699711185\n|switch|p2a: Gliscor|Gliscor, M|55\/100 tox\n|move|p1a: Zapdos|Thunder|p2a: Gliscor\n|-immune|p2a: Gliscor\n|\n|-heal|p2a: Gliscor|67\/100 tox|[from] ability: Poison Heal\n|upkeep\n|turn|17\n|\n|t:|1699711192\n|move|p2a: Gliscor|Protect|p2a: Gliscor\n|-singleturn|p2a: Gliscor|Protect\n|move|p1a: Zapdos|Hurricane|p2a: Gliscor\n|-activate|p2a: Gliscor|move: Protect\n|\n|-heal|p2a: Gliscor|80\/100 tox|[from] ability: Poison Heal\n|upkeep\n|turn|18\n|\n|t:|1699711202\n|move|p1a: Zapdos|Rain Dance|p1a: Zapdos\n|-weather|RainDance\n|move|p2a: Gliscor|U-turn|p1a: Zapdos\n|-resisted|p1a: Zapdos\n|-damage|p1a: Zapdos|66\/100\n|\n|t:|1699711207\n|switch|p2a: Tyranitar|Tyranitar-Mega, M|85\/100|[from] U-turn\n|-weather|Sandstorm|[from] ability: Sand Stream|[of] p2a: Tyranitar\n|\n|-weather|Sandstorm|[upkeep]\n|-damage|p1a: Zapdos|60\/100|[from] Sandstorm\n|upkeep\n|turn|19\n|\n|t:|1699711216\n|move|p1a: Zapdos|Thunder|p2a: Tyranitar\n|-damage|p2a: Tyranitar|51\/100\n|move|p2a: Tyranitar|Stone Edge|p1a: Zapdos\n|-supereffective|p1a: Zapdos\n|-damage|p1a: Zapdos|0 fnt\n|faint|p1a: Zapdos\n|\n|-weather|Sandstorm|[upkeep]\n|upkeep\n|\n|t:|1699711224\n|switch|p1a: Lopunny|Lopunny-Mega, F|88\/100\n|-damage|p1a: Lopunny|82\/100|[from] Stealth Rock\n|turn|20\n|\n|t:|1699711231\n|switch|p2a: Gliscor|Gliscor, M|80\/100 tox\n|move|p1a: Lopunny|Close Combat|p2a: Gliscor\n|-resisted|p2a: Gliscor\n|-damage|p2a: Gliscor|52\/100 tox\n|-unboost|p1a: Lopunny|def|1\n|-unboost|p1a: Lopunny|spd|1\n|\n|-weather|Sandstorm|[upkeep]\n|-damage|p1a: Lopunny|75\/100|[from] Sandstorm\n|-heal|p2a: Gliscor|65\/100 tox|[from] ability: Poison Heal\n|upkeep\n|turn|21\n|\n|t:|1699711241\n|switch|p1a: Splinter|Blastoise, M|100\/100\n|-damage|p1a: Splinter|88\/100|[from] Stealth Rock\n|move|p2a: Gliscor|Protect||[still]\n|-fail|p2a: Gliscor\n|\n|-weather|Sandstorm|[upkeep]\n|-damage|p1a: Splinter|82\/100|[from] Sandstorm\n|-heal|p2a: Gliscor|77\/100 tox|[from] ability: Poison Heal\n|upkeep\n|turn|22\n|\n|t:|1699711258\n|switch|p2a: Dondozo|Dondozo, F|53\/100\n|move|p1a: Splinter|Scald|p2a: Dondozo\n|-resisted|p2a: Dondozo\n|-damage|p2a: Dondozo|42\/100\n|\n|-weather|none\n|-heal|p2a: Dondozo|48\/100|[from] item: Leftovers\n|upkeep\n|turn|23\n|\n|t:|1699711271\n|move|p1a: Splinter|Iron Defense|p1a: Splinter\n|-boost|p1a: Splinter|def|2\n|move|p2a: Dondozo|Rest|p2a: Dondozo\n|-status|p2a: Dondozo|slp|[from] move: Rest\n|-heal|p2a: Dondozo|100\/100 slp|[silent]\n|\n|upkeep\n|turn|24\n|\n|t:|1699711277\n|move|p1a: Splinter|Iron Defense|p1a: Splinter\n|-boost|p1a: Splinter|def|2\n|cant|p2a: Dondozo|slp\n|move|p2a: Dondozo|Sleep Talk|p2a: Dondozo\n|move|p2a: Dondozo|Liquidation|p1a: Splinter|[from]move: Sleep Talk\n|-resisted|p1a: Splinter\n|-damage|p1a: Splinter|71\/100\n|\n|upkeep\n|turn|25\n|\n|t:|1699711285\n|move|p1a: Splinter|Iron Defense|p1a: Splinter\n|-boost|p1a: Splinter|def|2\n|cant|p2a: Dondozo|slp\n|move|p2a: Dondozo|Sleep Talk|p2a: Dondozo\n|move|p2a: Dondozo|Rest||[from]move: Sleep Talk|[still]\n|-fail|p2a: Dondozo\n|\n|upkeep\n|turn|26\n|\n|t:|1699711292\n|move|p1a: Splinter|Body Press|p2a: Dondozo\n|-damage|p2a: Dondozo|90\/100 slp\n|-curestatus|p2a: Dondozo|slp|[msg]\n|move|p2a: Dondozo|Liquidation|p1a: Splinter\n|-resisted|p1a: Splinter\n|-damage|p1a: Splinter|62\/100\n|\n|-heal|p2a: Dondozo|96\/100|[from] item: Leftovers\n|upkeep\n|turn|27\n|\n|t:|1699711301\n|move|p1a: Splinter|Body Press|p2a: Dondozo\n|-damage|p2a: Dondozo|84\/100\n|move|p2a: Dondozo|Curse|p2a: Dondozo\n|-unboost|p2a: Dondozo|spe|1\n|-boost|p2a: Dondozo|atk|1\n|-boost|p2a: Dondozo|def|1\n|\n|-heal|p2a: Dondozo|90\/100|[from] item: Leftovers\n|upkeep\n|turn|28\n|\n|t:|1699711312\n|move|p1a: Splinter|Scald|p2a: Dondozo\n|-resisted|p2a: Dondozo\n|-damage|p2a: Dondozo|79\/100\n|move|p2a: Dondozo|Curse|p2a: Dondozo\n|-unboost|p2a: Dondozo|spe|1\n|-boost|p2a: Dondozo|atk|1\n|-boost|p2a: Dondozo|def|1\n|\n|-heal|p2a: Dondozo|85\/100|[from] item: Leftovers\n|upkeep\n|turn|29\n|\n|t:|1699711324\n|move|p1a: Splinter|Scald|p2a: Dondozo\n|-resisted|p2a: Dondozo\n|-damage|p2a: Dondozo|75\/100\n|move|p2a: Dondozo|Curse|p2a: Dondozo\n|-unboost|p2a: Dondozo|spe|1\n|-boost|p2a: Dondozo|atk|1\n|-boost|p2a: Dondozo|def|1\n|\n|-heal|p2a: Dondozo|81\/100|[from] item: Leftovers\n|upkeep\n|turn|30\n|\n|t:|1699711332\n|move|p1a: Splinter|Scald|p2a: Dondozo\n|-resisted|p2a: Dondozo\n|-damage|p2a: Dondozo|70\/100\n|move|p2a: Dondozo|Curse|p2a: Dondozo\n|-unboost|p2a: Dondozo|spe|1\n|-boost|p2a: Dondozo|atk|1\n|-boost|p2a: Dondozo|def|1\n|\n|-heal|p2a: Dondozo|76\/100|[from] item: Leftovers\n|upkeep\n|turn|31\n|inactive|kupkoko has 120 seconds left.\n|\n|t:|1699711363\n|move|p1a: Splinter|Scald|p2a: Dondozo\n|-resisted|p2a: Dondozo\n|-damage|p2a: Dondozo|66\/100\n|move|p2a: Dondozo|Liquidation|p1a: Splinter\n|-resisted|p1a: Splinter\n|-damage|p1a: Splinter|35\/100\n|-unboost|p1a: Splinter|def|1\n|\n|-heal|p2a: Dondozo|72\/100|[from] item: Leftovers\n|upkeep\n|turn|32\n|\n|t:|1699711372\n|move|p1a: Splinter|Rest|p1a: Splinter\n|-status|p1a: Splinter|slp|[from] move: Rest\n|-heal|p1a: Splinter|100\/100 slp|[silent]\n|-enditem|p1a: Splinter|Chesto Berry|[eat]\n|-curestatus|p1a: Splinter|slp|[msg]\n|move|p2a: Dondozo|Liquidation|p1a: Splinter\n|-resisted|p1a: Splinter\n|-damage|p1a: Splinter|71\/100\n|\n|-heal|p2a: Dondozo|78\/100|[from] item: Leftovers\n|upkeep\n|turn|33\n|\n|t:|1699711382\n|move|p1a: Splinter|Iron Defense|p1a: Splinter\n|-boost|p1a: Splinter|def|1\n|move|p2a: Dondozo|Curse|p2a: Dondozo\n|-unboost|p2a: Dondozo|spe|1\n|-boost|p2a: Dondozo|atk|1\n|-boost|p2a: Dondozo|def|1\n|\n|-heal|p2a: Dondozo|84\/100|[from] item: Leftovers\n|upkeep\n|turn|34\n|\n|t:|1699711392\n|move|p1a: Splinter|Body Press|p2a: Dondozo\n|-damage|p2a: Dondozo|81\/100\n|move|p2a: Dondozo|Curse|p2a: Dondozo\n|-unboost|p2a: Dondozo|spe|1\n|-boost|p2a: Dondozo|atk|1\n|-boost|p2a: Dondozo|def|1\n|\n|-heal|p2a: Dondozo|87\/100|[from] item: Leftovers\n|upkeep\n|turn|35\n|\n|t:|1699711402\n|move|p1a: Splinter|Scald|p2a: Dondozo\n|-resisted|p2a: Dondozo\n|-damage|p2a: Dondozo|76\/100\n|move|p2a: Dondozo|Liquidation|p1a: Splinter\n|-resisted|p1a: Splinter\n|-damage|p1a: Splinter|31\/100\n|\n|-heal|p2a: Dondozo|82\/100|[from] item: Leftovers\n|upkeep\n|turn|36\n|-message|R4f4mn forfeited.\n|\n|win|kupkoko\n|raw|R4f4mn's rating: 1187 &rarr; <strong>1169<\/strong><br \/>(-18 for losing)\n|raw|kupkoko's rating: 1280 &rarr; <strong>1298<\/strong><br \/>(+18 for winning)\n|l|\u2606R4f4mn\n","uploadtime":1699711415,"views":4,"p1id":"r4f4mn","p2id":"kupkoko","formatid":"gen9nationaldex","rating":1169,"private":0,"password":""}