{"id":"gen9nationaldex-1989753723","p1":"LittleFr0ppy_","p2":"Donato Fallito","format":"[Gen 9] National Dex","log":"|j|\u2606LittleFr0ppy_\n|j|\u2606Donato Fallito\n|t:|1699892856\n|gametype|singles\n|player|p1|LittleFr0ppy_|pokemonbreederf-gen4|1274\n|player|p2|Donato Fallito|hiker-gen4|1373\n|teamsize|p1|6\n|teamsize|p2|6\n|gen|9\n|tier|[Gen 9] National Dex\n|rated|\n|rule|HP Percentage Mod: HP is shown in percentages\n|rule|Endless Battle Clause: Forcing endless battles is banned\n|rule|OHKO Clause: OHKO moves are banned\n|rule|Evasion Clause: Evasion abilities, items, and moves are banned\n|rule|Evasion Abilities Clause: Evasion abilities are banned\n|rule|Evasion Items Clause: Evasion items are banned\n|rule|Evasion Moves Clause: Evasion moves are banned\n|rule|Species Clause: Limit one of each Pok\u00e9mon\n|rule|Sleep Clause Mod: Limit one foe put to sleep\n|clearpoke\n|poke|p1|Weavile, F|\n|poke|p1|Cinderace, F|\n|poke|p1|Ribombee, F|\n|poke|p1|Gyarados, F|\n|poke|p1|Ferrothorn, M|\n|poke|p1|Thundurus-Therian, M|\n|poke|p2|Toxapex, M|\n|poke|p2|Ferrothorn, M|\n|poke|p2|Clefable, F|\n|poke|p2|Clodsire, F|\n|poke|p2|Corviknight, M|\n|poke|p2|Chansey, F|\n|teampreview\n|\n|t:|1699892879\n|start\n|switch|p1a: Ribombee|Ribombee, F, shiny|100\/100\n|switch|p2a: The Luigi|Ferrothorn, M|100\/100\n|turn|1\n|\n|t:|1699892886\n|move|p1a: Ribombee|Sticky Web|p2a: The Luigi\n|-sidestart|p2: Donato Fallito|move: Sticky Web\n|move|p2a: The Luigi|Gyro Ball|p1a: Ribombee\n|-supereffective|p1a: Ribombee\n|-enditem|p1a: Ribombee|Focus Sash\n|-damage|p1a: Ribombee|1\/100\n|\n|upkeep\n|turn|2\n|\n|t:|1699892896\n|switch|p1a: Weavile|Weavile, F, shiny|100\/100\n|move|p2a: The Luigi|Gyro Ball|p1a: Weavile\n|-supereffective|p1a: Weavile\n|-crit|p1a: Weavile\n|-enditem|p1a: Weavile|Focus Sash\n|-damage|p1a: Weavile|1\/100\n|-enditem|p2a: The Luigi|Choice Band|[silent]|[from] ability: Pickpocket|[of] p2a: The Luigi\n|-item|p1a: Weavile|Choice Band|[from] ability: Pickpocket|[of] p2a: The Luigi\n|\n|upkeep\n|turn|3\n|\n|t:|1699892923\n|move|p1a: Weavile|Icicle Crash|p2a: The Luigi|[miss]\n|-miss|p1a: Weavile|p2a: The Luigi\n|move|p2a: The Luigi|Gyro Ball|p1a: Weavile\n|-supereffective|p1a: Weavile\n|-damage|p1a: Weavile|0 fnt\n|faint|p1a: Weavile\n|\n|upkeep\n|\n|t:|1699892928\n|switch|p1a: Cinderace|Cinderace, F, shiny|100\/100\n|turn|4\n|\n|t:|1699892935\n|switch|p2a: The staller GOD|Toxapex, M, shiny|100\/100\n|-activate|p2a: The staller GOD|move: Sticky Web\n|-unboost|p2a: The staller GOD|spe|1\n|move|p1a: Cinderace|Pyro Ball|p2a: The staller GOD|[miss]\n|-miss|p1a: Cinderace|p2a: The staller GOD\n|\n|upkeep\n|turn|5\n|\n|t:|1699892951\n|switch|p1a: Ferrothorn|Ferrothorn, M, shiny|100\/100\n|move|p2a: The staller GOD|Knock Off|p1a: Ferrothorn\n|-damage|p1a: Ferrothorn|79\/100\n|-damage|p2a: The staller GOD|88\/100|[from] ability: Iron Barbs|[of] p1a: Ferrothorn\n|-enditem|p1a: Ferrothorn|Leftovers|[from] move: Knock Off|[of] p2a: The staller GOD\n|\n|upkeep\n|turn|6\n|\n|t:|1699892968\n|switch|p2a: The WALL|Clefable, F|100\/100\n|-activate|p2a: The WALL|move: Sticky Web\n|-unboost|p2a: The WALL|spe|1\n|move|p1a: Ferrothorn|Leech Seed|p2a: The WALL\n|-start|p2a: The WALL|move: Leech Seed\n|\n|upkeep\n|turn|7\n|\n|t:|1699892977\n|move|p2a: The WALL|Flamethrower|p1a: Ferrothorn\n|-supereffective|p1a: Ferrothorn\n|-damage|p1a: Ferrothorn|0 fnt\n|faint|p1a: Ferrothorn\n|\n|upkeep\n|\n|t:|1699892985\n|switch|p1a: Gyarados|Gyarados, F, shiny|100\/100\n|-ability|p1a: Gyarados|Intimidate|boost\n|-unboost|p2a: The WALL|atk|1\n|turn|8\n|\n|t:|1699892997\n|move|p1a: Gyarados|Dragon Dance|p1a: Gyarados\n|-boost|p1a: Gyarados|atk|1\n|-boost|p1a: Gyarados|spe|1\n|move|p2a: The WALL|Moonblast|p1a: Gyarados\n|-damage|p1a: Gyarados|48\/100\n|-unboost|p1a: Gyarados|spa|1\n|\n|upkeep\n|turn|9\n|\n|t:|1699893006\n|move|p1a: Gyarados|Waterfall|p2a: The WALL\n|-damage|p2a: The WALL|30\/100\n|move|p2a: The WALL|Moonblast|p1a: Gyarados\n|-damage|p1a: Gyarados|0 fnt\n|faint|p1a: Gyarados\n|\n|upkeep\n|\n|t:|1699893018\n|switch|p1a: Cinderace|Cinderace, F, shiny|100\/100\n|turn|10\n|\n|t:|1699893025\n|move|p1a: Cinderace|Iron Head|p2a: The WALL\n|-start|p1a: Cinderace|typechange|Steel|[from] ability: Libero\n|-supereffective|p2a: The WALL\n|-damage|p2a: The WALL|0 fnt\n|faint|p2a: The WALL\n|\n|upkeep\n|\n|t:|1699893031\n|switch|p2a: The staller GOD|Toxapex, M, shiny|100\/100\n|-activate|p2a: The staller GOD|move: Sticky Web\n|-unboost|p2a: The staller GOD|spe|1\n|turn|11\n|\n|t:|1699893038\n|move|p1a: Cinderace|Iron Head|p2a: The staller GOD\n|-resisted|p2a: The staller GOD\n|-crit|p2a: The staller GOD\n|-damage|p2a: The staller GOD|79\/100\n|move|p2a: The staller GOD|Liquidation|p1a: Cinderace\n|-damage|p1a: Cinderace|34\/100\n|\n|upkeep\n|turn|12\n|\n|t:|1699893045\n|switch|p1a: Ribombee|Ribombee, F, shiny|1\/100\n|move|p2a: The staller GOD|Liquidation|p1a: Ribombee\n|-damage|p1a: Ribombee|0 fnt\n|faint|p1a: Ribombee\n|\n|upkeep\n|\n|t:|1699893047\n|switch|p1a: Thundurus|Thundurus-Therian, M, shiny|100\/100\n|turn|13\n|\n|t:|1699893053\n|switch|p2a: DODORIA|Chansey, F|100\/100\n|-activate|p2a: DODORIA|move: Sticky Web\n|-unboost|p2a: DODORIA|spe|1\n|move|p1a: Thundurus|Hidden Power|p2a: DODORIA\n|-damage|p2a: DODORIA|93\/100\n|\n|upkeep\n|turn|14\n|\n|t:|1699893061\n|switch|p1a: Cinderace|Cinderace, F, shiny|34\/100\n|move|p2a: DODORIA|Tri Attack|p1a: Cinderace\n|-damage|p1a: Cinderace|14\/100\n|\n|upkeep\n|turn|15\n|\n|t:|1699893066\n|move|p1a: Cinderace|Pyro Ball|p2a: DODORIA\n|-crit|p2a: DODORIA\n|-damage|p2a: DODORIA|0 fnt\n|faint|p2a: DODORIA\n|\n|upkeep\n|\n|t:|1699893076\n|switch|p2a: The staller GOD|Toxapex, M, shiny|100\/100\n|-activate|p2a: The staller GOD|move: Sticky Web\n|-unboost|p2a: The staller GOD|spe|1\n|turn|16\n|\n|t:|1699893083\n|switch|p1a: Thundurus|Thundurus-Therian, M, shiny|100\/100\n|move|p2a: The staller GOD|Liquidation|p1a: Thundurus\n|-damage|p1a: Thundurus|27\/100\n|\n|upkeep\n|turn|17\n|\n|t:|1699893090\n|switch|p2a: The Luigi|Ferrothorn, M|100\/100\n|-activate|p2a: The Luigi|move: Sticky Web\n|-unboost|p2a: The Luigi|spe|1\n|move|p1a: Thundurus|Hidden Power|p2a: The Luigi\n|-damage|p2a: The Luigi|83\/100\n|\n|upkeep\n|turn|18\n|\n|t:|1699893098\n|switch|p1a: Cinderace|Cinderace, F, shiny|14\/100\n|move|p2a: The Luigi|Gyro Ball|p1a: Cinderace\n|-resisted|p1a: Cinderace\n|-damage|p1a: Cinderace|0 fnt\n|faint|p1a: Cinderace\n|\n|upkeep\n|\n|t:|1699893099\n|switch|p1a: Thundurus|Thundurus-Therian, M, shiny|27\/100\n|turn|19\n|\n|t:|1699893103\n|-terastallize|p1a: Thundurus|Electric\n|move|p1a: Thundurus|Focus Blast|p2a: The Luigi\n|-supereffective|p2a: The Luigi\n|-damage|p2a: The Luigi|9\/100\n|move|p2a: The Luigi|Gyro Ball|p1a: Thundurus\n|-resisted|p1a: Thundurus\n|-crit|p1a: Thundurus\n|-damage|p1a: Thundurus|0 fnt\n|faint|p1a: Thundurus\n|\n|win|Donato Fallito\n|raw|LittleFr0ppy_'s rating: 1274 &rarr; <strong>1256<\/strong><br \/>(-18 for losing)\n|raw|Donato Fallito's rating: 1373 &rarr; <strong>1387<\/strong><br \/>(+14 for winning)\n","uploadtime":1699893113,"views":6,"p1id":"littlefr0ppy","p2id":"donatofallito","formatid":"gen9nationaldex","rating":1256,"private":0,"password":""}