{"id":"gen9nationaldex-1988544513","p1":"d9ryan","p2":"female charizard","format":"[Gen 9] National Dex","log":"|j|\u2606d9ryan\n|j|\u2606female charizard\n|t:|1699734397\n|gametype|singles\n|player|p1|d9ryan|rocketgrunt|1113\n|player|p2|female charizard|170|1176\n|teamsize|p1|6\n|teamsize|p2|6\n|gen|9\n|tier|[Gen 9] National Dex\n|rated|\n|rule|HP Percentage Mod: HP is shown in percentages\n|rule|Endless Battle Clause: Forcing endless battles is banned\n|rule|OHKO Clause: OHKO moves are banned\n|rule|Evasion Clause: Evasion abilities, items, and moves are banned\n|rule|Evasion Abilities Clause: Evasion abilities are banned\n|rule|Evasion Items Clause: Evasion items are banned\n|rule|Evasion Moves Clause: Evasion moves are banned\n|rule|Species Clause: Limit one of each Pok\u00e9mon\n|rule|Sleep Clause Mod: Limit one foe put to sleep\n|clearpoke\n|poke|p1|Jirachi|\n|poke|p1|Slowking-Galar, M|\n|poke|p1|Starmie|\n|poke|p1|Weezing-Galar, M|\n|poke|p1|Pinsir, M|\n|poke|p1|Crawdaunt, M|\n|poke|p2|Rampardos, M|\n|poke|p2|Scream Tail|\n|poke|p2|Slowking, M|\n|poke|p2|Stakataka|\n|poke|p2|Gigalith, M|\n|poke|p2|Electrode-Hisui|\n|teampreview\n|j| Zangoosefriend96\n|inactive|Battle timer is ON: inactive players will automatically lose when time's up. (requested by d9ryan)\n|j| imbleach\n|\n|t:|1699734411\n|start\n|switch|p1a: Crawdaunt|Crawdaunt, M|100\/100\n|switch|p2a: too anxious >.<|Stakataka|100\/100\n|turn|1\n|\n|t:|1699734418\n|switch|p2a: fear and anger|Electrode-Hisui|100\/100\n|move|p1a: Crawdaunt|Close Combat|p2a: fear and anger\n|-damage|p2a: fear and anger|1\/100\n|-unboost|p1a: Crawdaunt|def|1\n|-unboost|p1a: Crawdaunt|spd|1\n|-damage|p1a: Crawdaunt|90\/100|[from] item: Life Orb\n|\n|-heal|p2a: fear and anger|7\/100|[from] item: Leftovers\n|upkeep\n|turn|2\n|\n|t:|1699734445\n|move|p1a: Crawdaunt|Aqua Jet|p2a: fear and anger\n|-resisted|p2a: fear and anger\n|-damage|p2a: fear and anger|0 fnt\n|faint|p2a: fear and anger\n|-damage|p1a: Crawdaunt|80\/100|[from] item: Life Orb\n|\n|upkeep\n|j| Lonsol\n|inactive|female charizard has 120 seconds left.\n|\n|t:|1699734475\n|switch|p2a: ROULETTE ROCK|Gigalith, M|100\/100\n|turn|3\n|j| mistahmerrikuu\n|inactive|d9ryan has 120 seconds left.\n|\n|t:|1699734521\n|move|p1a: Crawdaunt|Close Combat|p2a: ROULETTE ROCK\n|-supereffective|p2a: ROULETTE ROCK\n|-damage|p2a: ROULETTE ROCK|15\/100\n|-unboost|p1a: Crawdaunt|def|1\n|-unboost|p1a: Crawdaunt|spd|1\n|-enditem|p2a: ROULETTE ROCK|Red Card|[of] p1a: Crawdaunt\n|drag|p1a: Jirachi|Jirachi, shiny|100\/100\n|move|p2a: ROULETTE ROCK|Explosion|p1a: Jirachi\n|-resisted|p1a: Jirachi\n|-damage|p1a: Jirachi|55\/100\n|faint|p2a: ROULETTE ROCK\n|\n|upkeep\n|j| snugglesnfluff\n|\n|t:|1699734531\n|switch|p2a: it was this|Slowking, M|100\/100\n|turn|4\n|\n|t:|1699734535\n|move|p1a: Jirachi|U-turn|p2a: it was this\n|-supereffective|p2a: it was this\n|-damage|p2a: it was this|70\/100\n|\n|t:|1699734540\n|switch|p1a: Pinsir|Pinsir, M|100\/100|[from] U-turn\n|move|p2a: it was this|Flamethrower|p1a: Pinsir\n|-supereffective|p1a: Pinsir\n|-damage|p1a: Pinsir|0 fnt\n|faint|p1a: Pinsir\n|\n|upkeep\n|j| kung fu pokechu\n|\n|t:|1699734543\n|switch|p1a: Slowking|Slowking-Galar, M, shiny|100\/100\n|turn|5\n|\n|t:|1699734553\n|switch|p2a: tay tay|Scream Tail|100\/100\n|move|p1a: Slowking|Future Sight|p2a: tay tay\n|-start|p1a: Slowking|move: Future Sight\n|\n|upkeep\n|turn|6\n|\n|t:|1699734557\n|move|p2a: tay tay|Wish|p2a: tay tay\n|move|p1a: Slowking|Sludge Wave|p2a: tay tay\n|-supereffective|p2a: tay tay\n|-damage|p2a: tay tay|53\/100\n|\n|upkeep\n|turn|7\n|\n|t:|1699734563\n|-end|p2a: tay tay|Protosynthesis|[silent]\n|switch|p2a: too anxious >.<|Stakataka|100\/100\n|switch|p1a: Crawdaunt|Crawdaunt, M|80\/100\n|\n|-end|p2a: too anxious >.<|move: Future Sight\n|-resisted|p2a: too anxious >.<\n|-damage|p2a: too anxious >.<|77\/100\n|-heal|p2a: too anxious >.<|100\/100|[from] move: Wish|[wisher] tay tay\n|upkeep\n|turn|8\n|\n|t:|1699734580\n|-terastallize|p2a: too anxious >.<|Flying\n|move|p1a: Crawdaunt|Swords Dance|p1a: Crawdaunt\n|-boost|p1a: Crawdaunt|atk|2\n|move|p2a: too anxious >.<|Superpower|p1a: Crawdaunt\n|-supereffective|p1a: Crawdaunt\n|-damage|p1a: Crawdaunt|0 fnt\n|-unboost|p2a: too anxious >.<|atk|1\n|-unboost|p2a: too anxious >.<|def|1\n|faint|p1a: Crawdaunt\n|-ability|p2a: too anxious >.<|Beast Boost|boost\n|-boost|p2a: too anxious >.<|atk|1\n|-damage|p2a: too anxious >.<|91\/100|[from] item: Life Orb\n|\n|upkeep\n|\n|t:|1699734600\n|switch|p1a: Weezing|Weezing-Galar, M, shiny|100\/100\n|turn|9\n|\n|t:|1699734607\n|switch|p2a: tay tay|Scream Tail|53\/100\n|move|p1a: Weezing|Will-O-Wisp|p2a: tay tay\n|-status|p2a: tay tay|brn\n|\n|-damage|p2a: tay tay|47\/100 brn|[from] brn\n|upkeep\n|turn|10\n|\n|t:|1699734613\n|-end|p2a: tay tay|Protosynthesis|[silent]\n|switch|p2a: it was this|Slowking, M|100\/100\n|move|p1a: Weezing|Taunt|p2a: it was this\n|-start|p2a: it was this|move: Taunt\n|\n|upkeep\n|turn|11\n|\n|t:|1699734618\n|move|p1a: Weezing|Toxic Spikes|p2a: it was this\n|-sidestart|p2: female charizard|move: Toxic Spikes\n|move|p2a: it was this|Future Sight|p1a: Weezing\n|-start|p2a: it was this|move: Future Sight\n|\n|upkeep\n|turn|12\n|\n|t:|1699734627\n|switch|p2a: tay tay|Scream Tail|47\/100 brn\n|move|p1a: Weezing|Toxic Spikes|p2a: tay tay\n|-sidestart|p2: female charizard|move: Toxic Spikes\n|\n|-damage|p2a: tay tay|41\/100 brn|[from] brn\n|upkeep\n|turn|13\n|\n|t:|1699734634\n|move|p2a: tay tay|Wish|p2a: tay tay\n|move|p1a: Weezing|Taunt|p2a: tay tay\n|-start|p2a: tay tay|move: Taunt\n|\n|-end|p1a: Weezing|move: Future Sight\n|-supereffective|p1a: Weezing\n|-damage|p1a: Weezing|0 fnt\n|faint|p1a: Weezing\n|-damage|p2a: tay tay|34\/100 brn|[from] brn\n|upkeep\n|\n|t:|1699734640\n|switch|p1a: Slowking|Slowking-Galar, M, shiny|100\/100\n|turn|14\n|\n|t:|1699734646\n|-end|p2a: tay tay|Protosynthesis|[silent]\n|switch|p2a: it was this|Slowking, M|100\/100\n|-status|p2a: it was this|tox\n|move|p1a: Slowking|Fire Blast|p2a: it was this\n|-resisted|p2a: it was this\n|-crit|p2a: it was this\n|-damage|p2a: it was this|83\/100 tox\n|\n|-heal|p2a: it was this|100\/100 tox|[from] move: Wish|[wisher] tay tay\n|-damage|p2a: it was this|94\/100 tox|[from] psn\n|upkeep\n|turn|15\n|\n|t:|1699734652\n|move|p2a: it was this|Shadow Ball|p1a: Slowking\n|-supereffective|p1a: Slowking\n|-damage|p1a: Slowking|70\/100\n|move|p1a: Slowking|Sludge Wave|p2a: it was this\n|-damage|p2a: it was this|64\/100 tox\n|\n|-damage|p2a: it was this|52\/100 tox|[from] psn\n|upkeep\n|turn|16\n|\n|t:|1699734658\n|switch|p2a: too anxious >.<|Stakataka, tera:Flying|91\/100\n|move|p1a: Slowking|Fire Blast|p2a: too anxious >.<\n|-damage|p2a: too anxious >.<|61\/100\n|\n|upkeep\n|turn|17\n|\n|t:|1699734665\n|move|p1a: Slowking|Sludge Wave|p2a: too anxious >.<\n|-damage|p2a: too anxious >.<|27\/100\n|move|p2a: too anxious >.<|Trick Room|p2a: too anxious >.<\n|-fieldstart|move: Trick Room|[of] p2a: too anxious >.<\n|\n|upkeep\n|turn|18\n|\n|t:|1699734671\n|move|p2a: too anxious >.<|Stone Edge|p1a: Slowking\n|-crit|p1a: Slowking\n|-damage|p1a: Slowking|0 fnt\n|faint|p1a: Slowking\n|-ability|p2a: too anxious >.<|Beast Boost|boost\n|-boost|p2a: too anxious >.<|atk|1\n|-damage|p2a: too anxious >.<|17\/100|[from] item: Life Orb\n|\n|upkeep\n|\n|t:|1699734678\n|switch|p1a: Jirachi|Jirachi, shiny|55\/100\n|turn|19\n|\n|t:|1699734683\n|move|p2a: too anxious >.<|Superpower|p1a: Jirachi\n|-damage|p1a: Jirachi|0 fnt\n|-unboost|p2a: too anxious >.<|atk|1\n|-unboost|p2a: too anxious >.<|def|1\n|faint|p1a: Jirachi\n|-ability|p2a: too anxious >.<|Beast Boost|boost\n|-boost|p2a: too anxious >.<|atk|1\n|-damage|p2a: too anxious >.<|7\/100|[from] item: Life Orb\n|\n|upkeep\n|\n|t:|1699734687\n|switch|p1a: Starmie|Starmie|100\/100\n|turn|20\n|\n|t:|1699734697\n|-terastallize|p1a: Starmie|Steel\n|move|p2a: too anxious >.<|Gyro Ball|p1a: Starmie\n|-resisted|p1a: Starmie\n|-damage|p1a: Starmie|0 fnt\n|faint|p1a: Starmie\n|-damage|p2a: too anxious >.<|0 fnt|[from] item: Life Orb\n|faint|p2a: too anxious >.<\n|\n|win|female charizard\n|raw|d9ryan's rating: 1141 &rarr; <strong>1119<\/strong><br \/>(-22 for losing)\n|raw|female charizard's rating: 1176 &rarr; <strong>1198<\/strong><br \/>(+22 for winning)\n|l|\u2606d9ryan\n","uploadtime":1699734703,"views":4,"p1id":"d9ryan","p2id":"femalecharizard","formatid":"gen9nationaldex","rating":1119,"private":0,"password":""}