{"id":"gen9nationaldex-1987949768","p1":"Freezybreezy","p2":"221savage","format":"[Gen 9] National Dex","log":"|j|\u2606Freezybreezy\n|j|\u2606221savage\n|t:|1699652255\n|gametype|singles\n|player|p1|Freezybreezy|sabrina|1328\n|player|p2|221savage|1|1342\n|teamsize|p1|6\n|teamsize|p2|6\n|gen|9\n|tier|[Gen 9] National Dex\n|rated|\n|rule|HP Percentage Mod: HP is shown in percentages\n|rule|Endless Battle Clause: Forcing endless battles is banned\n|rule|OHKO Clause: OHKO moves are banned\n|rule|Evasion Clause: Evasion abilities, items, and moves are banned\n|rule|Evasion Abilities Clause: Evasion abilities are banned\n|rule|Evasion Items Clause: Evasion items are banned\n|rule|Evasion Moves Clause: Evasion moves are banned\n|rule|Species Clause: Limit one of each Pok\u00e9mon\n|rule|Sleep Clause Mod: Limit one foe put to sleep\n|clearpoke\n|poke|p1|Okidogi, M|\n|poke|p1|Tornadus, M|\n|poke|p1|Brambleghast, F|\n|poke|p1|Vikavolt, F|\n|poke|p1|Mabosstiff, F|\n|poke|p1|Tapu Fini|\n|poke|p2|Blastoise, F|\n|poke|p2|Banette, F|\n|poke|p2|Machamp, F|\n|poke|p2|Darmanitan, M|\n|poke|p2|Xurkitree|\n|poke|p2|Serperior, F|\n|teampreview\n|inactive|Battle timer is ON: inactive players will automatically lose when time's up. (requested by 221savage)\n|\n|t:|1699652278\n|start\n|switch|p1a: Tornadus|Tornadus, M|100\/100\n|switch|p2a: Blastoise|Blastoise, F|100\/100\n|turn|1\n|\n|t:|1699652282\n|move|p1a: Tornadus|Bleakwind Storm|p2a: Blastoise\n|-damage|p2a: Blastoise|51\/100\n|move|p2a: Blastoise|Shell Smash|p2a: Blastoise\n|-unboost|p2a: Blastoise|def|1\n|-unboost|p2a: Blastoise|spd|1\n|-boost|p2a: Blastoise|atk|2\n|-boost|p2a: Blastoise|spa|2\n|-boost|p2a: Blastoise|spe|2\n|\n|upkeep\n|turn|2\n|j| GracieVGC\n|\n|t:|1699652287\n|move|p1a: Tornadus|Tailwind|p1a: Tornadus\n|-sidestart|p1: Freezybreezy|move: Tailwind\n|move|p2a: Blastoise|Hydro Pump|p1a: Tornadus|[miss]\n|-miss|p2a: Blastoise|p1a: Tornadus\n|\n|upkeep\n|turn|3\n|\n|t:|1699652304\n|move|p1a: Tornadus|Bleakwind Storm|p2a: Blastoise\n|-damage|p2a: Blastoise|0 fnt\n|faint|p2a: Blastoise\n|\n|upkeep\n|\n|t:|1699652312\n|switch|p2a: Xurkitree|Xurkitree|100\/100\n|turn|4\n|\n|t:|1699652319\n|move|p1a: Tornadus|U-turn|p2a: Xurkitree\n|-damage|p2a: Xurkitree|76\/100\n|\n|t:|1699652322\n|switch|p1a: Brambleghast|Brambleghast, F|100\/100|[from] U-turn\n|-ability|p1a: Brambleghast|Wind Rider|boost\n|-boost|p1a: Brambleghast|atk|1\n|-zpower|p2a: Xurkitree\n|move|p2a: Xurkitree|Z-Hypnosis|p1a: Brambleghast|[anim]Hypnosis|[miss]\n|-boost|p2a: Xurkitree|spe|1|[zeffect]\n|-miss|p2a: Xurkitree|p1a: Brambleghast\n|\n|upkeep\n|turn|5\n|\n|t:|1699652331\n|move|p1a: Brambleghast|Poltergeist|p2a: Xurkitree\n|-activate|p2a: Xurkitree|move: Poltergeist|Psychium Z\n|-damage|p2a: Xurkitree|0 fnt\n|faint|p2a: Xurkitree\n|\n|-sideend|p1: Freezybreezy|move: Tailwind\n|upkeep\n|\n|t:|1699652339\n|switch|p2a: Darmanitan|Darmanitan, M|100\/100\n|turn|6\n|\n|t:|1699652342\n|-terastallize|p2a: Darmanitan|Fire\n|move|p1a: Brambleghast|Shadow Sneak|p2a: Darmanitan\n|-damage|p2a: Darmanitan|52\/100\n|move|p2a: Darmanitan|Flare Blitz|p1a: Brambleghast\n|-supereffective|p1a: Brambleghast\n|-damage|p1a: Brambleghast|0 fnt\n|faint|p1a: Brambleghast\n|-damage|p2a: Darmanitan|28\/100|[from] Recoil\n|\n|upkeep\n|\n|t:|1699652351\n|switch|p1a: Mabosstiff|Mabosstiff, F|100\/100\n|turn|7\n|\n|t:|1699652356\n|move|p2a: Darmanitan|Flare Blitz|p1a: Mabosstiff\n|-damage|p1a: Mabosstiff|0 fnt\n|faint|p1a: Mabosstiff\n|-damage|p2a: Darmanitan|0 fnt|[from] Recoil\n|faint|p2a: Darmanitan\n|\n|upkeep\n|\n|t:|1699652363\n|switch|p2a: Banette|Banette, F|100\/100\n|switch|p1a: Vikavolt|Vikavolt, F|100\/100\n|turn|8\n|\n|t:|1699652370\n|detailschange|p2a: Banette|Banette-Mega, F\n|-mega|p2a: Banette|Banette|Banettite\n|move|p2a: Banette|Poltergeist|p1a: Vikavolt\n|-activate|p1a: Vikavolt|move: Poltergeist|Leftovers\n|-damage|p1a: Vikavolt|19\/100\n|move|p1a: Vikavolt|Thunderbolt|p2a: Banette\n|-damage|p2a: Banette|37\/100\n|\n|-heal|p1a: Vikavolt|25\/100|[from] item: Leftovers\n|upkeep\n|turn|9\n|\n|t:|1699652379\n|move|p2a: Banette|Poltergeist|p1a: Vikavolt\n|-activate|p1a: Vikavolt|move: Poltergeist|Leftovers\n|-damage|p1a: Vikavolt|0 fnt\n|faint|p1a: Vikavolt\n|\n|upkeep\n|\n|t:|1699652381\n|switch|p1a: Tornadus|Tornadus, M|100\/100\n|turn|10\n|\n|t:|1699652392\n|move|p2a: Banette|Destiny Bond|p2a: Banette\n|-singlemove|p2a: Banette|Destiny Bond\n|move|p1a: Tornadus|Heat Wave|p2a: Banette\n|-damage|p2a: Banette|0 fnt\n|faint|p2a: Banette\n|-activate|p2a: Banette|move: Destiny Bond\n|faint|p1a: Tornadus\n|\n|upkeep\n|\n|t:|1699652406\n|switch|p1a: Okidogi|Okidogi, M|100\/100\n|switch|p2a: Machamp|Machamp, F|100\/100\n|turn|11\n|\n|t:|1699652411\n|move|p1a: Okidogi|Knock Off|p2a: Machamp\n|-resisted|p2a: Machamp\n|-damage|p2a: Machamp|83\/100\n|-enditem|p2a: Machamp|Assault Vest|[from] move: Knock Off|[of] p1a: Okidogi\n|move|p2a: Machamp|Dynamic Punch|p1a: Okidogi\n|-resisted|p1a: Okidogi\n|-damage|p1a: Okidogi|79\/100\n|-start|p1a: Okidogi|confusion\n|\n|-heal|p1a: Okidogi|85\/100|[from] item: Leftovers\n|upkeep\n|turn|12\n|\n|t:|1699652418\n|-activate|p1a: Okidogi|confusion\n|-damage|p1a: Okidogi|74\/100|[from] confusion\n|move|p2a: Machamp|Earthquake|p1a: Okidogi\n|-supereffective|p1a: Okidogi\n|-damage|p1a: Okidogi|15\/100\n|\n|-heal|p1a: Okidogi|22\/100|[from] item: Leftovers\n|upkeep\n|turn|13\n|\n|t:|1699652427\n|-end|p1a: Okidogi|confusion\n|move|p1a: Okidogi|Gunk Shot|p2a: Machamp\n|-damage|p2a: Machamp|16\/100\n|-status|p2a: Machamp|tox|[from] ability: Toxic Chain|[of] p1a: Okidogi\n|move|p2a: Machamp|Earthquake|p1a: Okidogi\n|-supereffective|p1a: Okidogi\n|-damage|p1a: Okidogi|0 fnt\n|faint|p1a: Okidogi\n|\n|-damage|p2a: Machamp|10\/100 tox|[from] psn\n|upkeep\n|\n|t:|1699652432\n|switch|p1a: Tapu Fini|Tapu Fini|100\/100\n|-fieldstart|move: Misty Terrain|[from] ability: Misty Surge|[of] p1a: Tapu Fini\n|turn|14\n|\n|t:|1699652450\n|move|p2a: Machamp|Bullet Punch|p1a: Tapu Fini\n|-damage|p1a: Tapu Fini|89\/100\n|move|p1a: Tapu Fini|Scald|p2a: Machamp\n|-damage|p2a: Machamp|0 fnt\n|faint|p2a: Machamp\n|\n|-heal|p1a: Tapu Fini|95\/100|[from] item: Leftovers\n|upkeep\n|\n|t:|1699652455\n|switch|p2a: Serperior|Serperior, F|100\/100\n|turn|15\n|\n|t:|1699652459\n|move|p2a: Serperior|Leaf Storm|p1a: Tapu Fini\n|-supereffective|p1a: Tapu Fini\n|-damage|p1a: Tapu Fini|15\/100\n|-boost|p2a: Serperior|spa|2\n|move|p1a: Tapu Fini|Ice Beam|p2a: Serperior\n|-supereffective|p2a: Serperior\n|-damage|p2a: Serperior|56\/100\n|\n|-heal|p2a: Serperior|62\/100|[from] item: Leftovers\n|-heal|p1a: Tapu Fini|21\/100|[from] item: Leftovers\n|upkeep\n|turn|16\n|\n|t:|1699652467\n|move|p2a: Serperior|Hidden Power|p1a: Tapu Fini\n|-resisted|p1a: Tapu Fini\n|-damage|p1a: Tapu Fini|10\/100\n|move|p1a: Tapu Fini|Ice Beam|p2a: Serperior\n|-supereffective|p2a: Serperior\n|-damage|p2a: Serperior|14\/100\n|\n|-heal|p2a: Serperior|20\/100|[from] item: Leftovers\n|-heal|p1a: Tapu Fini|16\/100|[from] item: Leftovers\n|upkeep\n|turn|17\n|\n|t:|1699652472\n|move|p2a: Serperior|Leaf Storm|p1a: Tapu Fini\n|-supereffective|p1a: Tapu Fini\n|-damage|p1a: Tapu Fini|0 fnt\n|-boost|p2a: Serperior|spa|2\n|faint|p1a: Tapu Fini\n|\n|win|221savage\n|raw|Freezybreezy's rating: 1328 &rarr; <strong>1307<\/strong><br \/>(-21 for losing)\n|raw|221savage's rating: 1317 &rarr; <strong>1338<\/strong><br \/>(+21 for winning)\n|l|\u2606Freezybreezy\n","uploadtime":1699652654,"views":5,"p1id":"freezybreezy","p2id":"221savage","formatid":"gen9nationaldex","rating":1307,"private":0,"password":""}