{"id":"gen9nationaldex-1995442504","p1":"PokeeeeeAde","p2":"eileenr","format":"[Gen 9] National Dex","log":"|html|<div class=\"broadcast-blue\"><strong>[Gen 9] National Dex is currently suspecting Sneasler! For information on how to participate check out the <a href=\"https:\/\/www.smogon.com\/forums\/threads\/sv-national-dex-suspect-8-just-dance.3731534\/\">suspect thread<\/a>.<\/strong><\/div>\n|j|\u2606PokeeeeeAde\n|j|\u2606eileenr\n|t:|1700571302\n|gametype|singles\n|player|p1|PokeeeeeAde|rosa|1043\n|player|p2|eileenr|maid|1112\n|teamsize|p1|6\n|teamsize|p2|6\n|gen|9\n|tier|[Gen 9] National Dex\n|rated|\n|rule|HP Percentage Mod: HP is shown in percentages\n|rule|Endless Battle Clause: Forcing endless battles is banned\n|rule|OHKO Clause: OHKO moves are banned\n|rule|Evasion Clause: Evasion abilities, items, and moves are banned\n|rule|Evasion Abilities Clause: Evasion abilities are banned\n|rule|Evasion Items Clause: Evasion items are banned\n|rule|Evasion Moves Clause: Evasion moves are banned\n|rule|Species Clause: Limit one of each Pok\u00e9mon\n|rule|Sleep Clause Mod: Limit one foe put to sleep\n|clearpoke\n|poke|p1|Jumpluff, F|\n|poke|p1|Armarouge, F|\n|poke|p1|Corviknight, F|\n|poke|p1|Pikachu, M|\n|poke|p1|Clodsire, M|\n|poke|p1|Meowscarada, M|\n|poke|p2|Heracross, F|\n|poke|p2|Pidgeot, M|\n|poke|p2|Glimmora, F|\n|poke|p2|Bellibolt, M|\n|poke|p2|Ambipom, F|\n|poke|p2|Ferrothorn, F|\n|teampreview\n|inactive|Battle timer is ON: inactive players will automatically lose when time's up. (requested by eileenr)\n|\n|t:|1700571312\n|start\n|switch|p1a: Blossom|Jumpluff, F, shiny|100\/100\n|switch|p2a: Heracross|Heracross, F|100\/100\n|turn|1\n|\n|t:|1700571321\n|move|p2a: Heracross|Protect|p2a: Heracross\n|-singleturn|p2a: Heracross|Protect\n|move|p1a: Blossom|Acrobatics|p2a: Heracross\n|-activate|p2a: Heracross|move: Protect\n|\n|-status|p2a: Heracross|brn|[from] item: Flame Orb\n|upkeep\n|turn|2\n|\n|t:|1700571343\n|-terastallize|p2a: Heracross|Normal\n|move|p1a: Blossom|Acrobatics|p2a: Heracross\n|-damage|p2a: Heracross|83\/100 brn\n|move|p2a: Heracross|Facade|p1a: Blossom\n|-damage|p1a: Blossom|0 fnt\n|faint|p1a: Blossom\n|\n|-damage|p2a: Heracross|77\/100 brn|[from] brn\n|upkeep\n|\n|t:|1700571352\n|switch|p1a: Adelin|Armarouge, F|100\/100\n|turn|3\n|\n|t:|1700571359\n|move|p2a: Heracross|Facade|p1a: Adelin\n|-damage|p1a: Adelin|0 fnt\n|faint|p1a: Adelin\n|\n|-damage|p2a: Heracross|71\/100 brn|[from] brn\n|upkeep\n|inactive|PokeeeeeAde has 120 seconds left.\n|\n|t:|1700571385\n|switch|p1a: Mochi|Clodsire, M|100\/100\n|turn|4\n|\n|t:|1700571390\n|move|p2a: Heracross|Facade|p1a: Mochi\n|-damage|p1a: Mochi|0 fnt\n|faint|p1a: Mochi\n|\n|-damage|p2a: Heracross|65\/100 brn|[from] brn\n|upkeep\n|\n|t:|1700571396\n|switch|p1a: Marjuano|Meowscarada, M|100\/100\n|turn|5\n|\n|t:|1700571400\n|move|p1a: Marjuano|Flower Trick|p2a: Heracross\n|-crit|p2a: Heracross\n|-damage|p2a: Heracross|0 fnt\n|faint|p2a: Heracross\n|\n|upkeep\n|\n|t:|1700571405\n|switch|p2a: Glimmora|Glimmora, F|100\/100\n|turn|6\n|\n|t:|1700571407\n|move|p1a: Marjuano|Flower Trick|p2a: Glimmora\n|-crit|p2a: Glimmora\n|-damage|p2a: Glimmora|51\/100\n|move|p2a: Glimmora|Sludge Wave|p1a: Marjuano\n|-supereffective|p1a: Marjuano\n|-damage|p1a: Marjuano|0 fnt\n|faint|p1a: Marjuano\n|\n|upkeep\n|\n|t:|1700571415\n|switch|p1a: Ravinor|Corviknight, F|100\/100\n|-ability|p1a: Ravinor|Pressure\n|turn|7\n|\n|t:|1700571421\n|switch|p2a: Ferrothorn|Ferrothorn, F|100\/100\n|move|p1a: Ravinor|Flash Cannon|p2a: Ferrothorn\n|-resisted|p2a: Ferrothorn\n|-damage|p2a: Ferrothorn|91\/100\n|\n|upkeep\n|turn|8\n|\n|t:|1700571429\n|move|p1a: Ravinor|Brave Bird|p2a: Ferrothorn\n|-damage|p2a: Ferrothorn|60\/100\n|-damage|p1a: Ravinor|88\/100|[from] ability: Iron Barbs|[of] p2a: Ferrothorn\n|-damage|p1a: Ravinor|71\/100|[from] item: Rocky Helmet|[of] p2a: Ferrothorn\n|-damage|p1a: Ravinor|63\/100|[from] Recoil\n|move|p2a: Ferrothorn|Body Press|p1a: Ravinor\n|-damage|p1a: Ravinor|41\/100\n|\n|upkeep\n|turn|9\n|\n|t:|1700571441\n|move|p1a: Ravinor|Brave Bird|p2a: Ferrothorn\n|-damage|p2a: Ferrothorn|31\/100\n|-damage|p1a: Ravinor|28\/100|[from] ability: Iron Barbs|[of] p2a: Ferrothorn\n|-damage|p1a: Ravinor|12\/100|[from] item: Rocky Helmet|[of] p2a: Ferrothorn\n|-damage|p1a: Ravinor|4\/100|[from] Recoil\n|move|p2a: Ferrothorn|Body Press|p1a: Ravinor\n|-damage|p1a: Ravinor|0 fnt\n|faint|p1a: Ravinor\n|\n|upkeep\n|\n|t:|1700571451\n|switch|p1a: PikaAde|Pikachu, M|100\/100\n|turn|10\n|\n|t:|1700571455\n|move|p1a: PikaAde|Thunder|p2a: Ferrothorn\n|-resisted|p2a: Ferrothorn\n|-damage|p2a: Ferrothorn|10\/100\n|move|p2a: Ferrothorn|Body Press|p1a: PikaAde\n|-damage|p1a: PikaAde|16\/100\n|\n|upkeep\n|turn|11\n|\n|t:|1700571462\n|move|p1a: PikaAde|Wild Charge|p2a: Ferrothorn\n|-resisted|p2a: Ferrothorn\n|-damage|p2a: Ferrothorn|0 fnt\n|-damage|p1a: PikaAde|4\/100|[from] ability: Iron Barbs|[of] p2a: Ferrothorn\n|-damage|p1a: PikaAde|0 fnt|[from] item: Rocky Helmet|[of] p2a: Ferrothorn\n|faint|p2a: Ferrothorn\n|faint|p1a: PikaAde\n|\n|win|eileenr\n|raw|PokeeeeeAde's rating: 1043 &rarr; <strong>1030<\/strong><br \/>(-13 for losing)\n|raw|eileenr's rating: 1112 &rarr; <strong>1132<\/strong><br \/>(+20 for winning)\n|l|\u2606PokeeeeeAde\n","uploadtime":1700571529,"views":9,"p1id":"pokeeeeeade","p2id":"eileenr","formatid":"gen9nationaldex","rating":1030,"private":0,"password":""}