{"id":"gen9nationaldex-1991295062","p1":"SlowySlow","p2":"DeityArc","format":"[Gen 9] National Dex","log":"|j|\u2606SlowySlow\n|j|\u2606DeityArc\n|t:|1700065126\n|gametype|singles\n|player|p1|SlowySlow|ash|1128\n|player|p2|DeityArc|2|1164\n|teamsize|p1|6\n|teamsize|p2|6\n|gen|9\n|tier|[Gen 9] National Dex\n|rated|\n|rule|HP Percentage Mod: HP is shown in percentages\n|rule|Endless Battle Clause: Forcing endless battles is banned\n|rule|OHKO Clause: OHKO moves are banned\n|rule|Evasion Clause: Evasion abilities, items, and moves are banned\n|rule|Evasion Abilities Clause: Evasion abilities are banned\n|rule|Evasion Items Clause: Evasion items are banned\n|rule|Evasion Moves Clause: Evasion moves are banned\n|rule|Species Clause: Limit one of each Pok\u00e9mon\n|rule|Sleep Clause Mod: Limit one foe put to sleep\n|clearpoke\n|poke|p1|Beedrill, M|\n|poke|p1|Slurpuff, F|\n|poke|p1|Gyarados, M|\n|poke|p1|Cinderace, F|\n|poke|p1|Kartana|\n|poke|p1|Xurkitree|\n|poke|p2|Hatterene, F|\n|poke|p2|Magnezone|\n|poke|p2|Latias, F|\n|poke|p2|Zoroark-Hisui, F|\n|poke|p2|Sneasler, M|\n|poke|p2|Alomomola, F|\n|teampreview\n|inactive|Battle timer is ON: inactive players will automatically lose when time's up. (requested by SlowySlow)\n|inactive|DeityArc has 120 seconds left.\n|\n|t:|1700065164\n|start\n|switch|p1a: Slurpuff|Slurpuff, F|100\/100\n|switch|p2a: Latias|Latias, F|100\/100\n|turn|1\n|\n|t:|1700065176\n|detailschange|p2a: Latias|Latias-Mega, F\n|-mega|p2a: Latias|Latias|Latiasite\n|move|p2a: Latias|Calm Mind|p2a: Latias\n|-boost|p2a: Latias|spa|1\n|-boost|p2a: Latias|spd|1\n|move|p1a: Slurpuff|Belly Drum|p1a: Slurpuff\n|-damage|p1a: Slurpuff|50\/100\n|-setboost|p1a: Slurpuff|atk|6|[from] move: Belly Drum\n|-enditem|p1a: Slurpuff|Sitrus Berry|[eat]\n|-heal|p1a: Slurpuff|75\/100|[from] item: Sitrus Berry\n|\n|upkeep\n|turn|2\n|\n|t:|1700065193\n|switch|p2a: Magnezone|Magnezone|100\/100\n|move|p1a: Slurpuff|Play Rough|p2a: Magnezone\n|-resisted|p2a: Magnezone\n|-damage|p2a: Magnezone|26\/100\n|\n|upkeep\n|turn|3\n|\n|t:|1700065203\n|move|p1a: Slurpuff|Drain Punch|p2a: Magnezone\n|-supereffective|p2a: Magnezone\n|-damage|p2a: Magnezone|0 fnt\n|-heal|p1a: Slurpuff|87\/100|[from] drain|[of] p2a: Magnezone\n|faint|p2a: Magnezone\n|\n|upkeep\n|\n|t:|1700065215\n|switch|p2a: Alomomola|Alomomola, F|100\/100\n|turn|4\n|\n|t:|1700065220\n|move|p1a: Slurpuff|Play Rough|p2a: Alomomola\n|-damage|p2a: Alomomola|21\/100\n|-damage|p1a: Slurpuff|71\/100|[from] item: Rocky Helmet|[of] p2a: Alomomola\n|move|p2a: Alomomola|Wish|p2a: Alomomola\n|\n|upkeep\n|turn|5\n|\n|t:|1700065229\n|move|p1a: Slurpuff|Play Rough|p2a: Alomomola\n|-damage|p2a: Alomomola|0 fnt\n|-damage|p1a: Slurpuff|54\/100|[from] item: Rocky Helmet|[of] p2a: Alomomola\n|faint|p2a: Alomomola\n|\n|upkeep\n|\n|t:|1700065237\n|switch|p2a: Sneasler|Sneasler, M|100\/100\n|turn|6\n|\n|t:|1700065245\n|move|p1a: Slurpuff|Play Rough|p2a: Sneasler\n|-enditem|p2a: Sneasler|Focus Sash\n|-damage|p2a: Sneasler|1\/100\n|-unboost|p2a: Sneasler|atk|1\n|replace|p2a: Zoroark|Zoroark-Hisui, F\n|-end|p2a: Zoroark|Illusion\n|move|p2a: Zoroark|Hyper Voice|p1a: Slurpuff\n|-damage|p1a: Slurpuff|0 fnt\n|faint|p1a: Slurpuff\n|\n|upkeep\n|\n|t:|1700065254\n|switch|p1a: Beedrill|Beedrill, M|100\/100\n|turn|7\n|\n|t:|1700065261\n|detailschange|p1a: Beedrill|Beedrill-Mega, M\n|-mega|p1a: Beedrill|Beedrill|Beedrillite\n|move|p1a: Beedrill|Fell Stinger|p2a: Zoroark\n|-resisted|p2a: Zoroark\n|-damage|p2a: Zoroark|0 fnt\n|faint|p2a: Zoroark\n|-boost|p1a: Beedrill|atk|3\n|\n|upkeep\n|-message|DeityArc forfeited.\n|\n|win|SlowySlow\n|raw|SlowySlow's rating: 1128 &rarr; <strong>1156<\/strong><br \/>(+28 for winning)\n|raw|DeityArc's rating: 1164 &rarr; <strong>1136<\/strong><br \/>(-28 for losing)\n|l|\u2606DeityArc\n","uploadtime":1700065273,"views":5,"p1id":"slowyslow","p2id":"deityarc","formatid":"gen9nationaldex","rating":1136,"private":0,"password":""}