{"id":"gen9nationaldex-1993776084","p1":"eliblast","p2":"flysix","format":"[Gen 9] National Dex","log":"|j|\u2606eliblast\n|j|\u2606flysix\n|t:|1700355873\n|gametype|singles\n|player|p1|eliblast|dancer|1528\n|player|p2|flysix|rosa|1523\n|teamsize|p1|6\n|teamsize|p2|6\n|gen|9\n|tier|[Gen 9] National Dex\n|rated|\n|rule|HP Percentage Mod: HP is shown in percentages\n|rule|Endless Battle Clause: Forcing endless battles is banned\n|rule|OHKO Clause: OHKO moves are banned\n|rule|Evasion Clause: Evasion abilities, items, and moves are banned\n|rule|Evasion Abilities Clause: Evasion abilities are banned\n|rule|Evasion Items Clause: Evasion items are banned\n|rule|Evasion Moves Clause: Evasion moves are banned\n|rule|Species Clause: Limit one of each Pok\u00e9mon\n|rule|Sleep Clause Mod: Limit one foe put to sleep\n|clearpoke\n|poke|p1|Sneasler, F|\n|poke|p1|Tapu Koko|\n|poke|p1|Urshifu-*, M|\n|poke|p1|Volcarona, F|\n|poke|p1|Ninetales-Alola, F|\n|poke|p1|Landorus-Therian, M|\n|poke|p2|Torterra, M|\n|poke|p2|Ninetales-Alola, M|\n|poke|p2|Quaquaval, F|\n|poke|p2|Victini|\n|poke|p2|Garchomp, M|\n|poke|p2|Empoleon, F|\n|teampreview\n|inactive|Battle timer is ON: inactive players will automatically lose when time's up. (requested by eliblast)\n|\n|t:|1700355881\n|start\n|switch|p1a: Jobber|Tapu Koko|100\/100\n|switch|p2a: Ninetales|Ninetales-Alola, M|100\/100\n|-fieldstart|move: Electric Terrain|[from] ability: Electric Surge|[of] p1a: Jobber\n|-weather|Snow|[from] ability: Snow Warning|[of] p2a: Ninetales\n|turn|1\n|\n|t:|1700355889\n|move|p1a: Jobber|Volt Switch|p2a: Ninetales\n|-damage|p2a: Ninetales|46\/100\n|\n|t:|1700355895\n|switch|p1a: Hit|Sneasler, F|100\/100|[from] Volt Switch\n|-enditem|p1a: Hit|Electric Seed\n|-boost|p1a: Hit|def|1|[from] item: Electric Seed\n|move|p2a: Ninetales|Freeze-Dry|p1a: Hit\n|-crit|p1a: Hit\n|-damage|p1a: Hit|59\/100\n|-status|p1a: Hit|frz\n|\n|-weather|Snow|[upkeep]\n|upkeep\n|turn|2\n|\n|t:|1700355905\n|cant|p1a: Hit|frz\n|move|p2a: Ninetales|Aurora Veil|p2a: Ninetales\n|-sidestart|p2: flysix|move: Aurora Veil\n|\n|-weather|Snow|[upkeep]\n|upkeep\n|turn|3\n|\n|t:|1700355927\n|switch|p2a: Garchomp|Garchomp, M|100\/100\n|cant|p1a: Hit|frz\n|\n|-weather|Snow|[upkeep]\n|upkeep\n|turn|4\n|\n|t:|1700355933\n|-terastallize|p1a: Hit|Flying\n|cant|p1a: Hit|frz\n|move|p2a: Garchomp|Swords Dance|p2a: Garchomp\n|-boost|p2a: Garchomp|atk|2\n|\n|-weather|Snow|[upkeep]\n|upkeep\n|turn|5\n|\n|t:|1700355940\n|cant|p1a: Hit|frz\n|move|p2a: Garchomp|Scale Shot|p1a: Hit\n|-damage|p1a: Hit|28\/100 frz\n|-damage|p1a: Hit|0 fnt\n|faint|p1a: Hit\n|-hitcount|p1: Hit|2\n|-unboost|p2a: Garchomp|def|1\n|-boost|p2a: Garchomp|spe|1\n|\n|-weather|none\n|-fieldend|move: Electric Terrain\n|upkeep\n|\n|t:|1700355950\n|switch|p1a: MAC DADDY|Landorus-Therian, M|100\/100\n|-ability|p1a: MAC DADDY|Intimidate|boost\n|-unboost|p2a: Garchomp|atk|1\n|turn|6\n|\n|t:|1700355955\n|move|p2a: Garchomp|Swords Dance|p2a: Garchomp\n|-boost|p2a: Garchomp|atk|2\n|move|p1a: MAC DADDY|Taunt|p2a: Garchomp\n|-start|p2a: Garchomp|move: Taunt\n|\n|upkeep\n|turn|7\n|\n|t:|1700355962\n|move|p2a: Garchomp|Scale Shot|p1a: MAC DADDY\n|-damage|p1a: MAC DADDY|65\/100\n|-damage|p1a: MAC DADDY|30\/100\n|-damage|p1a: MAC DADDY|0 fnt\n|faint|p1a: MAC DADDY\n|-hitcount|p1: MAC DADDY|3\n|-unboost|p2a: Garchomp|def|1\n|-boost|p2a: Garchomp|spe|1\n|\n|upkeep\n|\n|t:|1700355976\n|switch|p1a: Cubed Root|Volcarona, F|100\/100\n|turn|8\n|\n|t:|1700355989\n|-terastallize|p2a: Garchomp|Fire\n|move|p2a: Garchomp|Tera Blast|p1a: Cubed Root|[anim] Tera Blast Fire\n|-crit|p1a: Cubed Root\n|-damage|p1a: Cubed Root|0 fnt\n|faint|p1a: Cubed Root\n|\n|upkeep\n|\n|t:|1700356003\n|switch|p1a: Rapid-Stroke|Urshifu-Rapid-Strike, M|100\/100\n|turn|9\n|\n|t:|1700356007\n|switch|p1a: Jobber|Tapu Koko|100\/100\n|-fieldstart|move: Electric Terrain|[from] ability: Electric Surge|[of] p1a: Jobber\n|move|p2a: Garchomp|Scale Shot|p1a: Jobber\n|-immune|p1a: Jobber\n|\n|-end|p2a: Garchomp|move: Taunt\n|-sideend|p2: flysix|move: Aurora Veil\n|upkeep\n|turn|10\n|\n|t:|1700356015\n|move|p2a: Garchomp|Tera Blast|p1a: Jobber|[anim] Tera Blast Fire\n|-damage|p1a: Jobber|0 fnt\n|faint|p1a: Jobber\n|\n|upkeep\n|\n|t:|1700356019\n|switch|p1a: Rapid-Stroke|Urshifu-Rapid-Strike, M|100\/100\n|turn|11\n|\n|t:|1700356022\n|move|p1a: Rapid-Stroke|Aqua Jet|p2a: Garchomp\n|-supereffective|p2a: Garchomp\n|-damage|p2a: Garchomp|13\/100\n|-damage|p1a: Rapid-Stroke|88\/100|[from] ability: Rough Skin|[of] p2a: Garchomp\n|move|p2a: Garchomp|Scale Shot|p1a: Rapid-Stroke\n|-damage|p1a: Rapid-Stroke|57\/100\n|-damage|p1a: Rapid-Stroke|27\/100\n|-damage|p1a: Rapid-Stroke|0 fnt\n|faint|p1a: Rapid-Stroke\n|-hitcount|p1: Rapid-Stroke|3\n|-unboost|p2a: Garchomp|def|1\n|-boost|p2a: Garchomp|spe|1\n|\n|upkeep\n|-message|eliblast forfeited.\n|\n|win|flysix\n|raw|eliblast's rating: 1528 &rarr; <strong>1508<\/strong><br \/>(-20 for losing)\n|raw|flysix's rating: 1523 &rarr; <strong>1543<\/strong><br \/>(+20 for winning)\n|l|\u2606eliblast\n","uploadtime":1700356033,"views":23,"p1id":"eliblast","p2id":"flysix","formatid":"gen9nationaldex","rating":1508,"private":0,"password":""}