{"id":"gen9nationaldex-1995138158","p1":"ZenKei","p2":"FriedChickenzman","format":"[Gen 9] National Dex","log":"|html|<div class=\"broadcast-blue\"><strong>[Gen 9] National Dex is currently suspecting Sneasler! For information on how to participate check out the <a href=\"https:\/\/www.smogon.com\/forums\/threads\/sv-national-dex-suspect-8-just-dance.3731534\/\">suspect thread<\/a>.<\/strong><\/div>\n|j|\u2606ZenKei\n|j|\u2606FriedChickenzman\n|t:|1700526808\n|gametype|singles\n|player|p1|ZenKei|elesa-masters2|1082\n|player|p2|FriedChickenzman|harlequin|1043\n|teamsize|p1|6\n|teamsize|p2|6\n|gen|9\n|tier|[Gen 9] National Dex\n|rated|\n|rule|HP Percentage Mod: HP is shown in percentages\n|rule|Endless Battle Clause: Forcing endless battles is banned\n|rule|OHKO Clause: OHKO moves are banned\n|rule|Evasion Clause: Evasion abilities, items, and moves are banned\n|rule|Evasion Abilities Clause: Evasion abilities are banned\n|rule|Evasion Items Clause: Evasion items are banned\n|rule|Evasion Moves Clause: Evasion moves are banned\n|rule|Species Clause: Limit one of each Pok\u00e9mon\n|rule|Sleep Clause Mod: Limit one foe put to sleep\n|clearpoke\n|poke|p1|Scolipede, F|\n|poke|p1|Zebstrika, F|\n|poke|p1|Swanna, F|\n|poke|p1|Garganacl, M|\n|poke|p1|Ninetales-Alola, F|\n|poke|p1|Indeedee-F, F|\n|poke|p2|Tyranitar, M|\n|poke|p2|Hippowdon, M|\n|poke|p2|Garganacl, M|\n|poke|p2|Excadrill, M|\n|poke|p2|Goodra-Hisui, F|\n|poke|p2|Kommo-o, M|\n|teampreview\n|\n|t:|1700526817\n|start\n|switch|p1a: Indeedee|Indeedee-F, F|100\/100\n|switch|p2a: mr. t|Tyranitar, M|100\/100\n|-fieldstart|move: Psychic Terrain|[from] ability: Psychic Surge|[of] p1a: Indeedee\n|-weather|Sandstorm|[from] ability: Sand Stream|[of] p2a: mr. t\n|turn|1\n|inactive|Battle timer is ON: inactive players will automatically lose when time's up. (requested by ZenKei)\n|\n|t:|1700526831\n|move|p1a: Indeedee|Light Screen|p1a: Indeedee\n|-sidestart|p1: ZenKei|move: Light Screen\n|move|p2a: mr. t|Dragon Dance|p2a: mr. t\n|-boost|p2a: mr. t|atk|1\n|-boost|p2a: mr. t|spe|1\n|\n|-weather|Sandstorm|[upkeep]\n|-damage|p1a: Indeedee|94\/100|[from] Sandstorm\n|upkeep\n|turn|2\n|\n|t:|1700526839\n|switch|p1a: Ninetales|Ninetales-Alola, F|100\/100\n|-weather|Snow|[from] ability: Snow Warning|[of] p1a: Ninetales\n|move|p2a: mr. t|Knock Off|p1a: Ninetales\n|-resisted|p1a: Ninetales\n|-damage|p1a: Ninetales|73\/100\n|-enditem|p1a: Ninetales|Icy Rock|[from] move: Knock Off|[of] p2a: mr. t\n|\n|-weather|Snow|[upkeep]\n|upkeep\n|turn|3\n|\n|t:|1700526849\n|switch|p2a: turbo|Goodra-Hisui, F|100\/100\n|move|p1a: Ninetales|Aurora Veil|p1a: Ninetales\n|-sidestart|p1: ZenKei|move: Aurora Veil\n|\n|-weather|Snow|[upkeep]\n|upkeep\n|turn|4\n|\n|t:|1700526865\n|switch|p1a: Garganacl|Garganacl, M|100\/100\n|-enditem|p1a: Garganacl|Psychic Seed\n|-boost|p1a: Garganacl|spd|1|[from] item: Psychic Seed\n|move|p2a: turbo|Body Press|p1a: Garganacl\n|-supereffective|p1a: Garganacl\n|-damage|p1a: Garganacl|83\/100\n|\n|-weather|Snow|[upkeep]\n|upkeep\n|turn|5\n|\n|t:|1700526874\n|switch|p2a: moto moto|Hippowdon, M|100\/100\n|-weather|Sandstorm|[from] ability: Sand Stream|[of] p2a: moto moto\n|move|p1a: Garganacl|Curse|p1a: Garganacl\n|-unboost|p1a: Garganacl|spe|1\n|-boost|p1a: Garganacl|atk|1\n|-boost|p1a: Garganacl|def|1\n|\n|-weather|Sandstorm|[upkeep]\n|-sideend|p1: ZenKei|move: Light Screen\n|-fieldend|move: Psychic Terrain\n|upkeep\n|turn|6\n|\n|t:|1700526887\n|move|p1a: Garganacl|Curse|p1a: Garganacl\n|-unboost|p1a: Garganacl|spe|1\n|-boost|p1a: Garganacl|atk|1\n|-boost|p1a: Garganacl|def|1\n|move|p2a: moto moto|Roar|p1a: Garganacl\n|drag|p1a: Zebstrika|Zebstrika, F|100\/100\n|\n|-weather|Sandstorm|[upkeep]\n|-damage|p1a: Zebstrika|94\/100|[from] Sandstorm\n|upkeep\n|turn|7\n|\n|t:|1700526897\n|move|p1a: Zebstrika|Swagger|p2a: moto moto\n|-boost|p2a: moto moto|atk|2\n|-enditem|p1a: Zebstrika|Mirror Herb\n|-boost|p1a: Zebstrika|atk|2|[from] item: Mirror Herb\n|-start|p2a: moto moto|confusion\n|-activate|p2a: moto moto|confusion\n|-damage|p2a: moto moto|88\/100|[from] confusion\n|\n|-weather|Sandstorm|[upkeep]\n|-damage|p1a: Zebstrika|88\/100|[from] Sandstorm\n|-heal|p2a: moto moto|94\/100|[from] item: Leftovers\n|-sideend|p1: ZenKei|move: Aurora Veil\n|upkeep\n|turn|8\n|\n|t:|1700526909\n|move|p1a: Zebstrika|Swagger|p2a: moto moto|[miss]\n|-miss|p1a: Zebstrika|p2a: moto moto\n|-activate|p2a: moto moto|confusion\n|move|p2a: moto moto|Earthquake|p1a: Zebstrika\n|-supereffective|p1a: Zebstrika\n|-damage|p1a: Zebstrika|0 fnt\n|faint|p1a: Zebstrika\n|\n|-weather|Sandstorm|[upkeep]\n|-heal|p2a: moto moto|99\/100|[from] item: Leftovers\n|upkeep\n|\n|t:|1700526919\n|switch|p1a: Swanna|Swanna, F|100\/100\n|turn|9\n|\n|t:|1700526930\n|move|p1a: Swanna|Rain Dance|p1a: Swanna\n|-weather|RainDance\n|-activate|p2a: moto moto|confusion\n|move|p2a: moto moto|Stealth Rock|p1a: Swanna\n|-sidestart|p1: ZenKei|move: Stealth Rock\n|\n|-weather|RainDance|[upkeep]\n|-heal|p2a: moto moto|100\/100|[from] item: Leftovers\n|upkeep\n|turn|10\n|\n|t:|1700526938\n|switch|p2a: turbo|Goodra-Hisui, F|100\/100\n|move|p1a: Swanna|Weather Ball|p2a: turbo\n|-resisted|p2a: turbo\n|-damage|p2a: turbo|79\/100\n|\n|-weather|RainDance|[upkeep]\n|-heal|p2a: turbo|85\/100|[from] item: Leftovers\n|upkeep\n|turn|11\n|\n|t:|1700526947\n|switch|p1a: Indeedee|Indeedee-F, F|94\/100\n|-damage|p1a: Indeedee|82\/100|[from] Stealth Rock\n|-fieldstart|move: Psychic Terrain|[from] ability: Psychic Surge|[of] p1a: Indeedee\n|move|p2a: turbo|Flash Cannon|p1a: Indeedee\n|-damage|p1a: Indeedee|53\/100\n|\n|-weather|RainDance|[upkeep]\n|-heal|p2a: turbo|91\/100|[from] item: Leftovers\n|upkeep\n|turn|12\n|-message|ZenKei forfeited.\n|\n|win|FriedChickenzman\n|raw|ZenKei's rating: 1082 &rarr; <strong>1057<\/strong><br \/>(-25 for losing)\n|raw|FriedChickenzman's rating: 1043 &rarr; <strong>1080<\/strong><br \/>(+37 for winning)\n|l|\u2606ZenKei\n|c|\u2606FriedChickenzman|gg\n","uploadtime":1700526959,"views":4,"p1id":"zenkei","p2id":"friedchickenzman","formatid":"gen9nationaldex","rating":1057,"private":0,"password":""}