{"id":"gen9nationaldex-1993332798","p1":"xuxiansheng","p2":"MMQZA7","format":"[Gen 9] National Dex","log":"|j|\u2606xuxiansheng\n|j|\u2606MMQZA7\n|t:|1700300240\n|gametype|singles\n|player|p1|xuxiansheng|candice|1561\n|player|p2|MMQZA7|101|1596\n|teamsize|p1|6\n|teamsize|p2|6\n|gen|9\n|tier|[Gen 9] National Dex\n|rated|\n|rule|HP Percentage Mod: HP is shown in percentages\n|rule|Endless Battle Clause: Forcing endless battles is banned\n|rule|OHKO Clause: OHKO moves are banned\n|rule|Evasion Clause: Evasion abilities, items, and moves are banned\n|rule|Evasion Abilities Clause: Evasion abilities are banned\n|rule|Evasion Items Clause: Evasion items are banned\n|rule|Evasion Moves Clause: Evasion moves are banned\n|rule|Species Clause: Limit one of each Pok\u00e9mon\n|rule|Sleep Clause Mod: Limit one foe put to sleep\n|clearpoke\n|poke|p1|Charizard, F|\n|poke|p1|Nidoking, M|\n|poke|p1|Great Tusk|\n|poke|p1|Ogerpon-Wellspring, F|\n|poke|p1|Ribombee, M|\n|poke|p1|Aegislash, M|\n|poke|p2|Swellow, M|\n|poke|p2|Lopunny, M|\n|poke|p2|Urshifu-*, F|\n|poke|p2|Corviknight, M|\n|poke|p2|Clodsire, F|\n|poke|p2|Volcanion|\n|teampreview\n|inactive|Battle timer is ON: inactive players will automatically lose when time's up. (requested by xuxiansheng)\n|\n|t:|1700300262\n|start\n|switch|p1a: Ribombee|Ribombee, M|100\/100\n|switch|p2a: Lopunny|Lopunny, M|100\/100\n|turn|1\n|\n|t:|1700300268\n|switch|p1a: Aegislash|Aegislash, M|100\/100\n|detailschange|p2a: Lopunny|Lopunny-Mega, M\n|-mega|p2a: Lopunny|Lopunny|Lopunnite\n|move|p2a: Lopunny|Fake Out|p1a: Aegislash\n|-resisted|p1a: Aegislash\n|-damage|p1a: Aegislash|93\/100\n|\n|-heal|p1a: Aegislash|99\/100|[from] item: Leftovers\n|upkeep\n|turn|2\n|\n|t:|1700300272\n|move|p1a: Aegislash|King's Shield|p1a: Aegislash\n|-singleturn|p1a: Aegislash|Protect\n|move|p2a: Lopunny|Close Combat|p1a: Aegislash\n|-activate|p1a: Aegislash|move: Protect\n|-unboost|p2a: Lopunny|atk|1\n|\n|-heal|p1a: Aegislash|100\/100|[from] item: Leftovers\n|upkeep\n|turn|3\n|\n|t:|1700300277\n|move|p2a: Lopunny|U-turn|p1a: Aegislash\n|-resisted|p1a: Aegislash\n|-damage|p1a: Aegislash|98\/100\n|l|\u2606MMQZA7\n|inactive|MMQZA7 disconnected and has a minute to reconnect!\n|player|p2|\n|j|\u2606MMQZA7\n|inactive|MMQZA7 reconnected and has 125 seconds left.\n|player|p2|MMQZA7|101\n|inactive|MMQZA7 has 120 seconds left.\n|\n|t:|1700300310\n|switch|p2a: Corviknight|Corviknight, M|100\/100|[from] U-turn\n|-ability|p2a: Corviknight|Pressure\n|-formechange|p1a: Aegislash|Aegislash-Blade||[from] ability: Stance Change\n|move|p1a: Aegislash|Close Combat|p2a: Corviknight\n|-damage|p2a: Corviknight|78\/100\n|-unboost|p1a: Aegislash|def|1\n|-unboost|p1a: Aegislash|spd|1\n|-damage|p1a: Aegislash|81\/100|[from] item: Rocky Helmet|[of] p2a: Corviknight\n|\n|-heal|p1a: Aegislash|88\/100|[from] item: Leftovers\n|upkeep\n|turn|4\n|\n|t:|1700300318\n|-formechange|p1a: Aegislash|Aegislash||[from] ability: Stance Change\n|move|p1a: Aegislash|King's Shield|p1a: Aegislash\n|-singleturn|p1a: Aegislash|Protect\n|move|p2a: Corviknight|U-turn|p1a: Aegislash\n|-activate|p1a: Aegislash|move: Protect\n|-unboost|p2a: Corviknight|atk|1\n|\n|-heal|p1a: Aegislash|94\/100|[from] item: Leftovers\n|upkeep\n|turn|5\n|\n|t:|1700300339\n|move|p2a: Corviknight|U-turn|p1a: Aegislash\n|-resisted|p1a: Aegislash\n|-damage|p1a: Aegislash|92\/100\n|\n|t:|1700300345\n|switch|p2a: Clodsire|Clodsire, F|100\/100|[from] U-turn\n|-formechange|p1a: Aegislash|Aegislash-Blade||[from] ability: Stance Change\n|move|p1a: Aegislash|Iron Head|p2a: Clodsire\n|-damage|p2a: Clodsire|58\/100\n|\n|-heal|p1a: Aegislash|98\/100|[from] item: Leftovers\n|-heal|p2a: Clodsire|65\/100|[from] item: Leftovers\n|upkeep\n|turn|6\n|\n|t:|1700300353\n|switch|p1a: Ribombee|Ribombee, M|100\/100\n|switch|p2a: Corviknight|Corviknight, M|78\/100\n|-ability|p2a: Corviknight|Pressure\n|\n|upkeep\n|turn|7\n|\n|t:|1700300361\n|move|p1a: Ribombee|Sticky Web|p2a: Corviknight\n|-sidestart|p2: MMQZA7|move: Sticky Web\n|move|p2a: Corviknight|U-turn|p1a: Ribombee\n|-resisted|p1a: Ribombee\n|-damage|p1a: Ribombee|86\/100\n|\n|t:|1700300364\n|switch|p2a: Volcanion|Volcanion|100\/100|[from] U-turn\n|\n|upkeep\n|turn|8\n|\n|t:|1700300372\n|switch|p1a: Ogerpon|Ogerpon-Wellspring, F|100\/100\n|move|p2a: Volcanion|Flamethrower|p1a: Ogerpon\n|-damage|p1a: Ogerpon|40\/100\n|\n|upkeep\n|turn|9\n|\n|t:|1700300386\n|switch|p1a: Great Tusk|Great Tusk|100\/100\n|move|p2a: Volcanion|Defog|p1a: Great Tusk\n|-unboost|p1a: Great Tusk|evasion|1\n|-sideend|p2: MMQZA7|Sticky Web|[from] move: Defog|[of] p2a: Volcanion\n|\n|upkeep\n|turn|10\n|\n|t:|1700300402\n|-end|p1a: Great Tusk|Protosynthesis|[silent]\n|switch|p1a: Ogerpon|Ogerpon-Wellspring, F|40\/100\n|switch|p2a: Corviknight|Corviknight, M|78\/100\n|-ability|p2a: Corviknight|Pressure\n|\n|upkeep\n|turn|11\n|\n|t:|1700300409\n|switch|p1a: Aegislash|Aegislash, M|98\/100\n|move|p2a: Corviknight|U-turn|p1a: Aegislash\n|-resisted|p1a: Aegislash\n|-damage|p1a: Aegislash|96\/100\n|\n|t:|1700300424\n|switch|p2a: Volcanion|Volcanion|100\/100|[from] U-turn\n|\n|-heal|p1a: Aegislash|100\/100|[from] item: Leftovers\n|upkeep\n|turn|12\n|\n|t:|1700300440\n|move|p1a: Aegislash|King's Shield|p1a: Aegislash\n|-singleturn|p1a: Aegislash|Protect\n|move|p2a: Volcanion|Flamethrower|p1a: Aegislash\n|-activate|p1a: Aegislash|move: Protect\n|\n|upkeep\n|turn|13\n|\n|t:|1700300453\n|switch|p1a: Nidoking|Nidoking, M|100\/100\n|move|p2a: Volcanion|Steam Eruption|p1a: Nidoking\n|-supereffective|p1a: Nidoking\n|-damage|p1a: Nidoking|0 fnt\n|faint|p1a: Nidoking\n|\n|upkeep\n|\n|t:|1700300457\n|switch|p1a: Ogerpon|Ogerpon-Wellspring, F|40\/100\n|turn|14\n|\n|t:|1700300466\n|move|p1a: Ogerpon|Encore|p2a: Volcanion\n|-start|p2a: Volcanion|Encore\n|move|p2a: Volcanion|Steam Eruption|p1a: Ogerpon\n|-heal|p1a: Ogerpon|65\/100|[from] ability: Water Absorb|[of] p2a: Volcanion\n|\n|upkeep\n|turn|15\n|\n|t:|1700300472\n|switch|p1a: Ribombee|Ribombee, M|86\/100\n|switch|p2a: Corviknight|Corviknight, M|78\/100\n|-ability|p2a: Corviknight|Pressure\n|\n|upkeep\n|turn|16\n|l|\u2606MMQZA7\n|inactive|MMQZA7 disconnected and has a minute to reconnect!\n|player|p2|\n|j|\u2606MMQZA7\n|inactive|MMQZA7 reconnected and has 120 seconds left.\n|player|p2|MMQZA7|101\n|\n|t:|1700300509\n|switch|p2a: Lopunny|Lopunny-Mega, M|100\/100\n|move|p1a: Ribombee|Sticky Web|p2a: Lopunny\n|-sidestart|p2: MMQZA7|move: Sticky Web\n|\n|upkeep\n|turn|17\n|inactive|MMQZA7 has 120 seconds left.\n|\n|t:|1700300529\n|switch|p1a: Aegislash|Aegislash, M|100\/100\n|move|p2a: Lopunny|Triple Axel|p1a: Aegislash\n|-resisted|p1a: Aegislash\n|-damage|p1a: Aegislash|98\/100\n|-hitcount|p1a: Aegislash|1\n|\n|-heal|p1a: Aegislash|100\/100|[from] item: Leftovers\n|upkeep\n|turn|18\n|\n|t:|1700300537\n|switch|p2a: Volcanion|Volcanion|100\/100\n|move|p1a: Aegislash|King's Shield||[still]\n|-fail|p1a: Aegislash\n|\n|upkeep\n|turn|19\n|inactive|MMQZA7 has 120 seconds left.\n|\n|t:|1700300545\n|switch|p1a: Ribombee|Ribombee, M|86\/100\n|move|p2a: Volcanion|Flamethrower|p1a: Ribombee\n|-supereffective|p1a: Ribombee\n|-damage|p1a: Ribombee|0 fnt\n|faint|p1a: Ribombee\n|\n|upkeep\n|\n|t:|1700300547\n|switch|p1a: Great Tusk|Great Tusk|100\/100\n|turn|20\n|\n|t:|1700300551\n|switch|p2a: Corviknight|Corviknight, M|78\/100\n|-ability|p2a: Corviknight|Pressure\n|move|p1a: Great Tusk|Headlong Rush|p2a: Corviknight\n|-immune|p2a: Corviknight\n|\n|upkeep\n|turn|21\n|\n|t:|1700300556\n|-end|p1a: Great Tusk|Protosynthesis|[silent]\n|switch|p1a: Charizard|Charizard, F|100\/100\n|move|p2a: Corviknight|U-turn|p1a: Charizard\n|-resisted|p1a: Charizard\n|-damage|p1a: Charizard|95\/100\n|\n|t:|1700300559\n|switch|p2a: Swellow|Swellow, M|100\/100|[from] U-turn\n|\n|upkeep\n|turn|22\n|\n|t:|1700300564\n|switch|p1a: Aegislash|Aegislash, M|100\/100\n|-terastallize|p2a: Swellow|Normal\n|move|p2a: Swellow|Boomburst|p1a: Aegislash\n|-resisted|p1a: Aegislash\n|-damage|p1a: Aegislash|59\/100\n|\n|-heal|p1a: Aegislash|65\/100|[from] item: Leftovers\n|upkeep\n|turn|23\n|\n|t:|1700300577\n|switch|p2a: Corviknight|Corviknight, M|78\/100\n|-ability|p2a: Corviknight|Pressure\n|-formechange|p1a: Aegislash|Aegislash-Blade||[from] ability: Stance Change\n|move|p1a: Aegislash|Close Combat|p2a: Corviknight\n|-damage|p2a: Corviknight|57\/100\n|-unboost|p1a: Aegislash|def|1\n|-unboost|p1a: Aegislash|spd|1\n|-damage|p1a: Aegislash|49\/100|[from] item: Rocky Helmet|[of] p2a: Corviknight\n|\n|-heal|p1a: Aegislash|55\/100|[from] item: Leftovers\n|upkeep\n|turn|24\n|\n|t:|1700300583\n|switch|p1a: Charizard|Charizard, F|95\/100\n|move|p2a: Corviknight|Roost|p2a: Corviknight\n|-heal|p2a: Corviknight|100\/100\n|-singleturn|p2a: Corviknight|move: Roost\n|\n|upkeep\n|turn|25\n|inactive|xuxiansheng has 120 seconds left.\n|\n|t:|1700300613\n|switch|p2a: Clodsire|Clodsire, F|65\/100\n|-activate|p2a: Clodsire|move: Sticky Web\n|-unboost|p2a: Clodsire|spe|1\n|detailschange|p1a: Charizard|Charizard-Mega-Y, F\n|-mega|p1a: Charizard|Charizard|Charizardite Y\n|-weather|SunnyDay|[from] ability: Drought|[of] p1a: Charizard\n|move|p1a: Charizard|Weather Ball|p2a: Clodsire\n|-damage|p2a: Clodsire|20\/100\n|\n|-weather|SunnyDay|[upkeep]\n|-heal|p2a: Clodsire|27\/100|[from] item: Leftovers\n|upkeep\n|turn|26\n|inactive|xuxiansheng has 120 seconds left.\n|inactive|MMQZA7 has 120 seconds left.\n|\n|t:|1700300664\n|move|p1a: Charizard|Scorching Sands|p2a: Clodsire\n|-supereffective|p2a: Clodsire\n|-damage|p2a: Clodsire|0 fnt\n|faint|p2a: Clodsire\n|\n|-weather|SunnyDay|[upkeep]\n|upkeep\n|inactive|MMQZA7 has 120 seconds left.\n|\n|t:|1700300684\n|switch|p2a: Volcanion|Volcanion|100\/100\n|turn|27\n|\n|t:|1700300690\n|move|p1a: Charizard|Scorching Sands|p2a: Volcanion\n|-supereffective|p2a: Volcanion\n|-damage|p2a: Volcanion|37\/100\n|move|p2a: Volcanion|Defog|p1a: Charizard\n|-unboost|p1a: Charizard|evasion|1\n|-sideend|p2: MMQZA7|Sticky Web|[from] move: Defog|[of] p2a: Volcanion\n|\n|-weather|SunnyDay|[upkeep]\n|upkeep\n|turn|28\n|inactive|xuxiansheng has 120 seconds left.\n|\n|t:|1700300702\n|move|p1a: Charizard|Air Slash|p2a: Volcanion\n|-damage|p2a: Volcanion|0 fnt\n|faint|p2a: Volcanion\n|\n|-weather|SunnyDay|[upkeep]\n|upkeep\n|\n|t:|1700300706\n|switch|p2a: Swellow|Swellow, M, tera:Normal|100\/100\n|turn|29\n|\n|t:|1700300713\n|switch|p1a: Aegislash|Aegislash, M|55\/100\n|move|p2a: Swellow|Boomburst|p1a: Aegislash\n|-resisted|p1a: Aegislash\n|-damage|p1a: Aegislash|17\/100\n|\n|-weather|none\n|-heal|p1a: Aegislash|23\/100|[from] item: Leftovers\n|upkeep\n|turn|30\n|\n|t:|1700300721\n|move|p2a: Swellow|Boomburst|p1a: Aegislash\n|-resisted|p1a: Aegislash\n|-damage|p1a: Aegislash|0 fnt\n|faint|p1a: Aegislash\n|\n|upkeep\n|\n|t:|1700300725\n|switch|p1a: Great Tusk|Great Tusk|100\/100\n|turn|31\n|\n|t:|1700300728\n|switch|p2a: Corviknight|Corviknight, M|100\/100\n|-ability|p2a: Corviknight|Pressure\n|move|p1a: Great Tusk|Close Combat|p2a: Corviknight\n|-damage|p2a: Corviknight|62\/100\n|-unboost|p1a: Great Tusk|def|1\n|-unboost|p1a: Great Tusk|spd|1\n|-damage|p1a: Great Tusk|84\/100|[from] item: Rocky Helmet|[of] p2a: Corviknight\n|\n|upkeep\n|turn|32\n|\n|t:|1700300738\n|move|p1a: Great Tusk|Rapid Spin|p2a: Corviknight\n|-resisted|p2a: Corviknight\n|-damage|p2a: Corviknight|57\/100\n|-boost|p1a: Great Tusk|spe|1\n|-damage|p1a: Great Tusk|68\/100|[from] item: Rocky Helmet|[of] p2a: Corviknight\n|move|p2a: Corviknight|U-turn|p1a: Great Tusk\n|-resisted|p1a: Great Tusk\n|-damage|p1a: Great Tusk|60\/100\n|\n|t:|1700300742\n|switch|p2a: Urshifu|Urshifu-Rapid-Strike, F|100\/100|[from] U-turn\n|\n|upkeep\n|turn|33\n|\n|t:|1700300754\n|move|p2a: Urshifu|Surging Strikes|p1a: Great Tusk\n|-supereffective|p1a: Great Tusk\n|-crit|p1a: Great Tusk\n|-damage|p1a: Great Tusk|16\/100\n|-supereffective|p1a: Great Tusk\n|-crit|p1a: Great Tusk\n|-damage|p1a: Great Tusk|0 fnt\n|faint|p1a: Great Tusk\n|-end|p1a: Great Tusk|Protosynthesis|[silent]\n|-hitcount|p1: Great Tusk|2\n|\n|upkeep\n|\n|t:|1700300757\n|switch|p1a: Ogerpon|Ogerpon-Wellspring, F|65\/100\n|turn|34\n|\n|t:|1700300763\n|switch|p2a: Corviknight|Corviknight, M|57\/100\n|-ability|p2a: Corviknight|Pressure\n|move|p1a: Ogerpon|Ivy Cudgel|p2a: Corviknight|[anim] Ivy Cudgel Water\n|-damage|p2a: Corviknight|22\/100\n|\n|upkeep\n|turn|35\n|\n|t:|1700300767\n|move|p1a: Ogerpon|Ivy Cudgel|p2a: Corviknight|[anim] Ivy Cudgel Water\n|-damage|p2a: Corviknight|0 fnt\n|faint|p2a: Corviknight\n|\n|upkeep\n|\n|t:|1700300787\n|switch|p2a: Lopunny|Lopunny-Mega, M|100\/100\n|turn|36\n|\n|t:|1700300795\n|move|p2a: Lopunny|Fake Out|p1a: Ogerpon\n|-damage|p1a: Ogerpon|36\/100\n|cant|p1a: Ogerpon|flinch\n|\n|upkeep\n|turn|37\n|\n|t:|1700300799\n|move|p2a: Lopunny|U-turn|p1a: Ogerpon\n|-supereffective|p1a: Ogerpon\n|-damage|p1a: Ogerpon|0 fnt\n|faint|p1a: Ogerpon\n|\n|t:|1700300801\n|switch|p2a: Urshifu|Urshifu-Rapid-Strike, F|100\/100|[from] U-turn\n|\n|upkeep\n|-message|xuxiansheng forfeited.\n|\n|win|MMQZA7\n|raw|xuxiansheng's rating: 1561 &rarr; <strong>1543<\/strong><br \/>(-18 for losing)\n|raw|MMQZA7's rating: 1596 &rarr; <strong>1614<\/strong><br \/>(+18 for winning)\n|l|\u2606xuxiansheng\n","uploadtime":1700300809,"views":6,"p1id":"xuxiansheng","p2id":"mmqza7","formatid":"gen9nationaldex","rating":1543,"private":0,"password":""}