{"id":"gen9nationaldex-1990030739","p1":"Quagmiester","p2":"TofuDori","format":"[Gen 9] National Dex","log":"|j|\u2606Quagmiester\n|j|\u2606TofuDori\n|t:|1699917146\n|gametype|singles\n|player|p1|Quagmiester|cynthia-gen4|1084\n|player|p2|TofuDori|swimmerf-gen4dp|1000\n|teamsize|p1|6\n|teamsize|p2|6\n|gen|9\n|tier|[Gen 9] National Dex\n|rated|\n|rule|HP Percentage Mod: HP is shown in percentages\n|rule|Endless Battle Clause: Forcing endless battles is banned\n|rule|OHKO Clause: OHKO moves are banned\n|rule|Evasion Clause: Evasion abilities, items, and moves are banned\n|rule|Evasion Abilities Clause: Evasion abilities are banned\n|rule|Evasion Items Clause: Evasion items are banned\n|rule|Evasion Moves Clause: Evasion moves are banned\n|rule|Species Clause: Limit one of each Pok\u00e9mon\n|rule|Sleep Clause Mod: Limit one foe put to sleep\n|clearpoke\n|poke|p1|Zoroark-Hisui, M|\n|poke|p1|Lopunny, M|\n|poke|p1|Ursaluna, M|\n|poke|p1|Chansey, F|\n|poke|p1|Arboliva, F|\n|poke|p1|Indeedee-F, F|\n|poke|p2|Noctowl, F|\n|poke|p2|Slowking-Galar, F|\n|poke|p2|Gengar, M|\n|poke|p2|Sneasler, F|\n|poke|p2|Infernape, M|\n|poke|p2|Inteleon, F|\n|teampreview\n|\n|t:|1699917161\n|start\n|switch|p1a: Lopunny|Lopunny, M|100\/100\n|switch|p2a: Infernape|Infernape, M|100\/100\n|turn|1\n|\n|t:|1699917176\n|switch|p1a: Arboliva|Arboliva, F|100\/100\n|move|p2a: Infernape|Flamethrower|p1a: Arboliva\n|-damage|p1a: Arboliva|36\/100\n|replace|p1a: Zoroark|Zoroark-Hisui, M\n|-end|p1a: Zoroark|Illusion\n|\n|upkeep\n|turn|2\n|\n|t:|1699917186\n|move|p1a: Zoroark|Psychic|p2a: Infernape\n|-supereffective|p2a: Infernape\n|-damage|p2a: Infernape|24\/100\n|-unboost|p2a: Infernape|spd|1\n|move|p2a: Infernape|Drain Punch|p1a: Zoroark\n|-immune|p1a: Zoroark\n|\n|-heal|p2a: Infernape|30\/100|[from] item: Leftovers\n|upkeep\n|turn|3\n|c|\u2606Quagmiester|lmao\\\n|\n|t:|1699917198\n|switch|p2a: Gengar|Gengar, M|100\/100\n|move|p1a: Zoroark|Psychic|p2a: Gengar\n|-supereffective|p2a: Gengar\n|-damage|p2a: Gengar|5\/100\n|\n|upkeep\n|turn|4\n|\n|t:|1699917206\n|move|p1a: Zoroark|Psychic|p2a: Gengar\n|-supereffective|p2a: Gengar\n|-damage|p2a: Gengar|0 fnt\n|faint|p2a: Gengar\n|\n|upkeep\n|\n|t:|1699917211\n|switch|p2a: Slowking|Slowking-Galar, F|100\/100\n|turn|5\n|\n|t:|1699917230\n|switch|p1a: Ursaluna|Ursaluna, M|100\/100\n|move|p2a: Slowking|Calm Mind|p2a: Slowking\n|-boost|p2a: Slowking|spa|1\n|-boost|p2a: Slowking|spd|1\n|\n|-status|p1a: Ursaluna|brn|[from] item: Flame Orb\n|upkeep\n|turn|6\n|\n|t:|1699917240\n|move|p1a: Ursaluna|Earthquake|p2a: Slowking\n|-supereffective|p2a: Slowking\n|-damage|p2a: Slowking|0 fnt\n|faint|p2a: Slowking\n|\n|-damage|p1a: Ursaluna|94\/100 brn|[from] brn\n|upkeep\n|\n|t:|1699917257\n|switch|p2a: Sneasler|Sneasler, F|100\/100\n|-ability|p2a: Sneasler|Pressure\n|turn|7\n|\n|t:|1699917264\n|move|p2a: Sneasler|Gunk Shot|p1a: Ursaluna\n|-resisted|p1a: Ursaluna\n|-damage|p1a: Ursaluna|67\/100 brn\n|move|p1a: Ursaluna|Earthquake|p2a: Sneasler\n|-supereffective|p2a: Sneasler\n|-damage|p2a: Sneasler|0 fnt\n|faint|p2a: Sneasler\n|\n|-damage|p1a: Ursaluna|61\/100 brn|[from] brn\n|upkeep\n|\n|t:|1699917273\n|switch|p2a: Noctowl|Noctowl, F|100\/100\n|turn|8\n|\n|t:|1699917295\n|move|p2a: Noctowl|Extrasensory|p1a: Ursaluna\n|-damage|p1a: Ursaluna|43\/100 brn\n|move|p1a: Ursaluna|Rock Slide|p2a: Noctowl\n|-supereffective|p2a: Noctowl\n|-damage|p2a: Noctowl|0 fnt\n|faint|p2a: Noctowl\n|\n|-damage|p1a: Ursaluna|37\/100 brn|[from] brn\n|upkeep\n|\n|t:|1699917303\n|switch|p2a: Inteleon|Inteleon, F|100\/100\n|turn|9\n|\n|t:|1699917316\n|move|p2a: Inteleon|Dark Pulse|p1a: Ursaluna\n|-damage|p1a: Ursaluna|14\/100 brn\n|move|p1a: Ursaluna|Drain Punch|p2a: Inteleon\n|-damage|p2a: Inteleon|8\/100\n|-heal|p1a: Ursaluna|42\/100 brn|[from] drain|[of] p2a: Inteleon\n|\n|-damage|p1a: Ursaluna|36\/100 brn|[from] brn\n|upkeep\n|turn|10\n|l|\u2606TofuDori\n|player|p2|\n|inactive|Battle timer is ON: inactive players will automatically lose when time's up. (requested by Quagmiester)\n|inactive|TofuDori has 30 seconds to reconnect!\n|inactive|TofuDori has 20 seconds to reconnect!\n|inactive|TofuDori has 15 seconds to reconnect!\n|inactive|TofuDori has 10 seconds to reconnect!\n|inactive|TofuDori has 5 seconds to reconnect!\n|-message|TofuDori lost due to inactivity.\n|\n|win|Quagmiester\n|raw|Quagmiester's rating: 1084 &rarr; <strong>1105<\/strong><br \/>(+21 for winning)\n|raw|TofuDori's rating: 1000 &rarr; <strong>1000<\/strong><br \/>(+0 for losing)\n","uploadtime":1699917395,"views":12,"p1id":"quagmiester","p2id":"tofudori","formatid":"gen9nationaldex","rating":1000,"private":0,"password":""}