{"id":"gen9nationaldex-1995965328","p1":"The Best 0000","p2":"masterash","format":"[Gen 9] National Dex","log":"|html|<div class=\"broadcast-blue\"><strong>[Gen 9] National Dex is currently suspecting Sneasler! For information on how to participate check out the <a href=\"https:\/\/www.smogon.com\/forums\/threads\/sv-national-dex-suspect-8-just-dance.3731534\/\">suspect thread<\/a>.<\/strong><\/div>\n|j|\u203dThe Best 0000\n|j|\u2606masterash\n|t:|1700622913\n|gametype|singles\n|player|p1|The Best 0000|shadowtriad|1000\n|player|p2|masterash|hilbert|1072\n|teamsize|p1|6\n|teamsize|p2|6\n|gen|9\n|tier|[Gen 9] National Dex\n|rated|\n|rule|HP Percentage Mod: HP is shown in percentages\n|rule|Endless Battle Clause: Forcing endless battles is banned\n|rule|OHKO Clause: OHKO moves are banned\n|rule|Evasion Clause: Evasion abilities, items, and moves are banned\n|rule|Evasion Abilities Clause: Evasion abilities are banned\n|rule|Evasion Items Clause: Evasion items are banned\n|rule|Evasion Moves Clause: Evasion moves are banned\n|rule|Species Clause: Limit one of each Pok\u00e9mon\n|rule|Sleep Clause Mod: Limit one foe put to sleep\n|clearpoke\n|poke|p1|Volcarona, F|\n|poke|p1|Gardevoir, M|\n|poke|p1|Decidueye, M|\n|poke|p1|Primarina, F|\n|poke|p1|Iron Hands|\n|poke|p1|Salamence, M|\n|poke|p2|Delphox, F|\n|poke|p2|Pangoro, M|\n|poke|p2|Sylveon, F|\n|poke|p2|Klefki, F|\n|poke|p2|Sharpedo, F|\n|poke|p2|Mawile, F|\n|teampreview\n|\n|t:|1700622928\n|start\n|switch|p1a: Iron Hands|Iron Hands|100\/100\n|switch|p2a: KeeKee|Klefki, F|100\/100\n|turn|1\n|\n|t:|1700622938\n|move|p2a: KeeKee|Switcheroo|p1a: Iron Hands\n|-activate|p2a: KeeKee|move: Trick|[of] p1a: Iron Hands\n|-item|p1a: Iron Hands|Toxic Orb|[from] move: Switcheroo\n|-item|p2a: KeeKee|Leftovers|[from] move: Switcheroo\n|move|p1a: Iron Hands|Earthquake|p2a: KeeKee\n|-supereffective|p2a: KeeKee\n|-damage|p2a: KeeKee|38\/100\n|\n|-heal|p2a: KeeKee|44\/100|[from] item: Leftovers\n|-status|p1a: Iron Hands|tox|[from] item: Toxic Orb\n|upkeep\n|turn|2\n|\n|t:|1700622949\n|move|p2a: KeeKee|Spikes|p1a: Iron Hands\n|-sidestart|p1: The Best 0000|Spikes\n|move|p1a: Iron Hands|Earthquake|p2a: KeeKee\n|-supereffective|p2a: KeeKee\n|-crit|p2a: KeeKee\n|-damage|p2a: KeeKee|0 fnt\n|faint|p2a: KeeKee\n|\n|-damage|p1a: Iron Hands|94\/100 tox|[from] psn\n|upkeep\n|\n|t:|1700622957\n|switch|p2a: Mab|Sylveon, F|100\/100\n|turn|3\n|\n|t:|1700622962\n|move|p2a: Mab|Wish|p2a: Mab\n|move|p1a: Iron Hands|Drain Punch|p2a: Mab\n|-resisted|p2a: Mab\n|-damage|p2a: Mab|74\/100\n|-heal|p1a: Iron Hands|100\/100 tox|[from] drain|[of] p2a: Mab\n|\n|-heal|p2a: Mab|80\/100|[from] item: Leftovers\n|-damage|p1a: Iron Hands|88\/100 tox|[from] psn\n|upkeep\n|turn|4\n|\n|t:|1700622973\n|move|p2a: Mab|Hyper Voice|p1a: Iron Hands\n|-supereffective|p1a: Iron Hands\n|-damage|p1a: Iron Hands|14\/100 tox\n|move|p1a: Iron Hands|Earthquake|p2a: Mab\n|-damage|p2a: Mab|27\/100\n|\n|-heal|p2a: Mab|77\/100|[from] move: Wish|[wisher] Mab\n|-heal|p2a: Mab|83\/100|[from] item: Leftovers\n|-damage|p1a: Iron Hands|0 fnt|[from] psn\n|faint|p1a: Iron Hands\n|-end|p1a: Iron Hands|Quark Drive|[silent]\n|upkeep\n|\n|t:|1700622988\n|switch|p1a: Volcarona|Volcarona, F|100\/100\n|-damage|p1a: Volcarona|88\/100|[from] Spikes\n|turn|5\n|\n|t:|1700623001\n|-terastallize|p1a: Volcarona|Steel\n|move|p1a: Volcarona|Quiver Dance|p1a: Volcarona\n|-boost|p1a: Volcarona|spa|1\n|-boost|p1a: Volcarona|spd|1\n|-boost|p1a: Volcarona|spe|1\n|move|p2a: Mab|Mystical Fire|p1a: Volcarona\n|-supereffective|p1a: Volcarona\n|-crit|p1a: Volcarona\n|-damage|p1a: Volcarona|31\/100\n|-unboost|p1a: Volcarona|spa|1\n|\n|-heal|p2a: Mab|89\/100|[from] item: Leftovers\n|upkeep\n|turn|6\n|\n|t:|1700623018\n|move|p1a: Volcarona|Giga Drain|p2a: Mab\n|-damage|p2a: Mab|75\/100\n|-heal|p1a: Volcarona|40\/100|[from] drain|[of] p2a: Mab\n|move|p2a: Mab|Mystical Fire|p1a: Volcarona\n|-supereffective|p1a: Volcarona\n|-damage|p1a: Volcarona|18\/100\n|-unboost|p1a: Volcarona|spa|1\n|\n|-heal|p2a: Mab|81\/100|[from] item: Leftovers\n|upkeep\n|turn|7\n|-message|The Best 0000 forfeited.\n|\n|win|masterash\n|raw|The Best 0000's rating: 1000 &rarr; <strong>1000<\/strong><br \/>(+0 for losing)\n|raw|masterash's rating: 1072 &rarr; <strong>1095<\/strong><br \/>(+23 for winning)\n|l|\u203dThe Best 0000\n","uploadtime":1700623030,"views":1,"p1id":"thebest0000","p2id":"masterash","formatid":"gen9nationaldex","rating":1000,"private":0,"password":""}