{"id":"gen9nationaldex-1995963376","p1":"NDSNEZToddler","p2":"daybreak wave4","format":"[Gen 9] National Dex","log":"|html|<div class=\"broadcast-blue\"><strong>[Gen 9] National Dex is currently suspecting Sneasler! For information on how to participate check out the <a href=\"https:\/\/www.smogon.com\/forums\/threads\/sv-national-dex-suspect-8-just-dance.3731534\/\">suspect thread<\/a>.<\/strong><\/div>\n|j|\u2606NDSNEZToddler\n|j|\u2606daybreak wave4\n|t:|1700622669\n|gametype|singles\n|player|p1|NDSNEZToddler|leon|1208\n|player|p2|daybreak wave4|lillie-masters2|1218\n|teamsize|p1|6\n|teamsize|p2|6\n|gen|9\n|tier|[Gen 9] National Dex\n|rated|\n|rule|HP Percentage Mod: HP is shown in percentages\n|rule|Endless Battle Clause: Forcing endless battles is banned\n|rule|OHKO Clause: OHKO moves are banned\n|rule|Evasion Clause: Evasion abilities, items, and moves are banned\n|rule|Evasion Abilities Clause: Evasion abilities are banned\n|rule|Evasion Items Clause: Evasion items are banned\n|rule|Evasion Moves Clause: Evasion moves are banned\n|rule|Species Clause: Limit one of each Pok\u00e9mon\n|rule|Sleep Clause Mod: Limit one foe put to sleep\n|clearpoke\n|poke|p1|Ogerpon-Wellspring, F|\n|poke|p1|Tyranitar, M|\n|poke|p1|Heatran, F|\n|poke|p1|Slowking-Galar, F|\n|poke|p1|Gliscor, M|\n|poke|p1|Tornadus-Therian, M|\n|poke|p2|Garganacl, M|\n|poke|p2|Crabominable, M|\n|poke|p2|Great Tusk|\n|poke|p2|Moltres|\n|poke|p2|Hoopa-Unbound|\n|poke|p2|Sceptile, M|\n|teampreview\n|inactive|Battle timer is ON: inactive players will automatically lose when time's up. (requested by NDSNEZToddler)\n|\n|t:|1700622671\n|start\n|switch|p1a: Gliscor|Gliscor, M|100\/100\n|switch|p2a: Crabominable|Crabominable, M|100\/100\n|turn|1\n|\n|t:|1700622679\n|switch|p1a: Tyranitar|Tyranitar, M|100\/100\n|-weather|Sandstorm|[from] ability: Sand Stream|[of] p1a: Tyranitar\n|move|p2a: Crabominable|Ice Hammer|p1a: Tyranitar\n|-damage|p1a: Tyranitar|35\/100\n|-unboost|p2a: Crabominable|spe|1\n|\n|-weather|Sandstorm|[upkeep]\n|-damage|p2a: Crabominable|94\/100|[from] Sandstorm\n|upkeep\n|turn|2\n|\n|t:|1700622691\n|detailschange|p1a: Tyranitar|Tyranitar-Mega, M\n|-mega|p1a: Tyranitar|Tyranitar|Tyranitarite\n|move|p1a: Tyranitar|Superpower|p2a: Crabominable\n|-supereffective|p2a: Crabominable\n|-damage|p2a: Crabominable|0 fnt\n|-unboost|p1a: Tyranitar|atk|1\n|-unboost|p1a: Tyranitar|def|1\n|faint|p2a: Crabominable\n|\n|-weather|Sandstorm|[upkeep]\n|upkeep\n|\n|t:|1700622711\n|switch|p2a: Sceptile|Sceptile, M|100\/100\n|turn|3\n|\n|t:|1700622724\n|switch|p1a: Tornadus|Tornadus-Therian, M|100\/100\n|detailschange|p2a: Sceptile|Sceptile-Mega, M\n|-mega|p2a: Sceptile|Sceptile|Sceptilite\n|move|p2a: Sceptile|Leaf Storm|p1a: Tornadus\n|-resisted|p1a: Tornadus\n|-damage|p1a: Tornadus|56\/100\n|-unboost|p2a: Sceptile|spa|2\n|\n|-weather|Sandstorm|[upkeep]\n|-damage|p2a: Sceptile|94\/100|[from] Sandstorm\n|-damage|p1a: Tornadus|50\/100|[from] Sandstorm\n|upkeep\n|turn|4\n|inactive|NDSNEZToddler has 120 seconds left.\n|\n|t:|1700622757\n|switch|p2a: Garganacl|Garganacl, M|100\/100\n|move|p1a: Tornadus|Hurricane|p2a: Garganacl\n|-resisted|p2a: Garganacl\n|-crit|p2a: Garganacl\n|-damage|p2a: Garganacl|86\/100\n|-start|p2a: Garganacl|confusion\n|\n|-weather|Sandstorm|[upkeep]\n|-damage|p1a: Tornadus|44\/100|[from] Sandstorm\n|-heal|p2a: Garganacl|93\/100|[from] item: Leftovers\n|upkeep\n|turn|5\n|inactive|daybreak wave4 has 120 seconds left.\n|\n|t:|1700622781\n|move|p1a: Tornadus|Nasty Plot|p1a: Tornadus\n|-boost|p1a: Tornadus|spa|2\n|-activate|p2a: Garganacl|confusion\n|-damage|p2a: Garganacl|86\/100|[from] confusion\n|\n|-weather|none\n|-heal|p2a: Garganacl|92\/100|[from] item: Leftovers\n|upkeep\n|turn|6\n|\n|t:|1700622803\n|move|p1a: Tornadus|Focus Blast|p2a: Garganacl\n|-supereffective|p2a: Garganacl\n|-damage|p2a: Garganacl|9\/100\n|-end|p2a: Garganacl|confusion\n|move|p2a: Garganacl|Salt Cure|p1a: Tornadus\n|-supereffective|p1a: Tornadus\n|-damage|p1a: Tornadus|7\/100\n|-start|p1a: Tornadus|Salt Cure\n|\n|-heal|p2a: Garganacl|15\/100|[from] item: Leftovers\n|-damage|p1a: Tornadus|0 fnt|[from] Salt Cure\n|faint|p1a: Tornadus\n|upkeep\n|inactive|NDSNEZToddler has 120 seconds left.\n|\n|t:|1700622819\n|switch|p1a: Ogerpon|Ogerpon-Wellspring, F|100\/100\n|turn|7\n|inactive|NDSNEZToddler has 120 seconds left.\n|inactive|daybreak wave4 has 120 seconds left.\n|\n|t:|1700622840\n|move|p1a: Ogerpon|Swords Dance|p1a: Ogerpon\n|-boost|p1a: Ogerpon|atk|2\n|move|p2a: Garganacl|Salt Cure|p1a: Ogerpon\n|-damage|p1a: Ogerpon|84\/100\n|-start|p1a: Ogerpon|Salt Cure\n|\n|-heal|p2a: Garganacl|22\/100|[from] item: Leftovers\n|-damage|p1a: Ogerpon|59\/100|[from] Salt Cure\n|upkeep\n|turn|8\n|inactive|NDSNEZToddler has 120 seconds left.\n|\n|t:|1700622848\n|move|p2a: Garganacl|Protect|p2a: Garganacl\n|-singleturn|p2a: Garganacl|Protect\n|move|p1a: Ogerpon|Horn Leech|p2a: Garganacl\n|-activate|p2a: Garganacl|move: Protect\n|\n|-heal|p2a: Garganacl|28\/100|[from] item: Leftovers\n|-damage|p1a: Ogerpon|34\/100|[from] Salt Cure\n|upkeep\n|turn|9\n|\n|t:|1700622856\n|switch|p2a: \u70c8\u7bad\u9e70|Moltres|100\/100\n|move|p1a: Ogerpon|Ivy Cudgel|p2a: \u70c8\u7bad\u9e70|[anim] Ivy Cudgel Water\n|-supereffective|p2a: \u70c8\u7bad\u9e70\n|-crit|p2a: \u70c8\u7bad\u9e70\n|-damage|p2a: \u70c8\u7bad\u9e70|0 fnt\n|faint|p2a: \u70c8\u7bad\u9e70\n|\n|-damage|p1a: Ogerpon|9\/100|[from] Salt Cure\n|upkeep\n|inactive|daybreak wave4 has 120 seconds left.\n|\n|t:|1700622875\n|switch|p2a: Sceptile|Sceptile-Mega, M|94\/100\n|turn|10\n|\n|t:|1700622884\n|switch|p1a: Heatran|Heatran, F|100\/100\n|move|p2a: Sceptile|Dragon Pulse|p1a: Heatran\n|-resisted|p1a: Heatran\n|-damage|p1a: Heatran|85\/100\n|\n|-heal|p1a: Heatran|91\/100|[from] item: Leftovers\n|upkeep\n|turn|11\n|\n|t:|1700622890\n|move|p2a: Sceptile|Focus Blast|p1a: Heatran\n|-supereffective|p1a: Heatran\n|-damage|p1a: Heatran|37\/100\n|-unboost|p1a: Heatran|spd|1\n|move|p1a: Heatran|Toxic|p2a: Sceptile\n|-status|p2a: Sceptile|tox\n|\n|-heal|p1a: Heatran|43\/100|[from] item: Leftovers\n|-damage|p2a: Sceptile|88\/100 tox|[from] psn\n|upkeep\n|turn|12\n|\n|t:|1700622900\n|switch|p1a: Slowking|Slowking-Galar, F|100\/100\n|move|p2a: Sceptile|Focus Blast|p1a: Slowking\n|-resisted|p1a: Slowking\n|-damage|p1a: Slowking|91\/100\n|\n|-damage|p2a: Sceptile|76\/100 tox|[from] psn\n|upkeep\n|turn|13\n|\n|t:|1700622909\n|switch|p2a: Garganacl|Garganacl, M|28\/100\n|move|p1a: Slowking|Sludge Bomb|p2a: Garganacl\n|-resisted|p2a: Garganacl\n|-damage|p2a: Garganacl|16\/100\n|\n|-heal|p2a: Garganacl|22\/100|[from] item: Leftovers\n|upkeep\n|turn|14\n|\n|t:|1700622913\n|move|p2a: Garganacl|Recover|p2a: Garganacl\n|-heal|p2a: Garganacl|72\/100\n|move|p1a: Slowking|Future Sight|p2a: Garganacl\n|-start|p1a: Slowking|move: Future Sight\n|\n|-heal|p2a: Garganacl|79\/100|[from] item: Leftovers\n|upkeep\n|turn|15\n|\n|t:|1700622917\n|move|p2a: Garganacl|Salt Cure|p1a: Slowking\n|-damage|p1a: Slowking|81\/100\n|-start|p1a: Slowking|Salt Cure\n|move|p1a: Slowking|Chilly Reception|p1a: Slowking\n|-weather|Snow\n|\n|t:|1700622921\n|switch|p1a: Ogerpon|Ogerpon-Wellspring, F|9\/100|[from] Chilly Reception\n|\n|-weather|Snow|[upkeep]\n|-heal|p2a: Garganacl|85\/100|[from] item: Leftovers\n|upkeep\n|turn|16\n|\n|t:|1700622927\n|move|p1a: Ogerpon|Horn Leech|p2a: Garganacl\n|-supereffective|p2a: Garganacl\n|-damage|p2a: Garganacl|22\/100\n|-heal|p1a: Ogerpon|51\/100|[from] drain|[of] p2a: Garganacl\n|move|p2a: Garganacl|Salt Cure|p1a: Ogerpon\n|-damage|p1a: Ogerpon|34\/100\n|-start|p1a: Ogerpon|Salt Cure\n|\n|-weather|Snow|[upkeep]\n|-end|p2a: Garganacl|move: Future Sight\n|-damage|p2a: Garganacl|0 fnt\n|faint|p2a: Garganacl\n|-damage|p1a: Ogerpon|9\/100|[from] Salt Cure\n|upkeep\n|\n|t:|1700622937\n|switch|p2a: Sceptile|Sceptile-Mega, M|76\/100 tox\n|turn|17\n|\n|t:|1700622944\n|switch|p1a: Slowking|Slowking-Galar, F|100\/100\n|move|p2a: Sceptile|Dragon Pulse|p1a: Slowking\n|-damage|p1a: Slowking|61\/100\n|\n|-weather|Snow|[upkeep]\n|-damage|p2a: Sceptile|70\/100 tox|[from] psn\n|upkeep\n|turn|18\n|\n|t:|1700622948\n|move|p2a: Sceptile|Dragon Pulse|p1a: Slowking\n|-damage|p1a: Slowking|23\/100\n|move|p1a: Slowking|Sludge Bomb|p2a: Sceptile\n|-supereffective|p2a: Sceptile\n|-damage|p2a: Sceptile|0 fnt\n|faint|p2a: Sceptile\n|\n|-weather|Snow|[upkeep]\n|upkeep\n|\n|t:|1700622959\n|switch|p2a: Hoopa|Hoopa-Unbound|100\/100\n|turn|19\n|\n|t:|1700622966\n|switch|p1a: Tyranitar|Tyranitar-Mega, M|35\/100\n|-weather|Sandstorm|[from] ability: Sand Stream|[of] p1a: Tyranitar\n|move|p2a: Hoopa|Dark Pulse|p1a: Tyranitar\n|-resisted|p1a: Tyranitar\n|-damage|p1a: Tyranitar|21\/100\n|\n|-weather|Sandstorm|[upkeep]\n|-damage|p2a: Hoopa|95\/100|[from] Sandstorm\n|upkeep\n|turn|20\n|\n|t:|1700622984\n|switch|p2a: Great Tusk|Great Tusk|100\/100\n|move|p1a: Tyranitar|Stone Edge|p2a: Great Tusk|[miss]\n|-miss|p1a: Tyranitar|p2a: Great Tusk\n|\n|-weather|Sandstorm|[upkeep]\n|upkeep\n|turn|21\n|\n|t:|1700622993\n|move|p2a: Great Tusk|Ice Spinner|p1a: Tyranitar\n|-damage|p1a: Tyranitar|2\/100\n|move|p1a: Tyranitar|Knock Off|p2a: Great Tusk\n|-resisted|p2a: Great Tusk\n|-damage|p2a: Great Tusk|75\/100\n|-enditem|p2a: Great Tusk|Heavy-Duty Boots|[from] move: Knock Off|[of] p1a: Tyranitar\n|\n|-weather|Sandstorm|[upkeep]\n|upkeep\n|turn|22\n|\n|t:|1700623002\n|move|p2a: Great Tusk|Rapid Spin|p1a: Tyranitar\n|-resisted|p1a: Tyranitar\n|-damage|p1a: Tyranitar|0 fnt\n|-boost|p2a: Great Tusk|spe|1\n|faint|p1a: Tyranitar\n|\n|-weather|Sandstorm|[upkeep]\n|upkeep\n|\n|t:|1700623011\n|switch|p1a: Heatran|Heatran, F|43\/100\n|turn|23\n|\n|t:|1700623017\n|-terastallize|p1a: Heatran|Grass\n|move|p2a: Great Tusk|Close Combat|p1a: Heatran\n|-damage|p1a: Heatran|0 fnt\n|-unboost|p2a: Great Tusk|def|1\n|-unboost|p2a: Great Tusk|spd|1\n|faint|p1a: Heatran\n|\n|-weather|none\n|upkeep\n|\n|t:|1700623025\n|switch|p1a: Slowking|Slowking-Galar, F|56\/100\n|turn|24\n|\n|t:|1700623027\n|switch|p1a: Gliscor|Gliscor, M|100\/100\n|move|p2a: Great Tusk|Headlong Rush|p1a: Gliscor\n|-immune|p1a: Gliscor\n|\n|-status|p1a: Gliscor|tox|[from] item: Toxic Orb\n|upkeep\n|turn|25\n|inactive|NDSNEZToddler has 120 seconds left.\n|inactive|NDSNEZToddler has 90 seconds left.\n|\n|t:|1700623111\n|switch|p1a: Slowking|Slowking-Galar, F|89\/100\n|move|p2a: Great Tusk|Ice Spinner|p1a: Slowking\n|-damage|p1a: Slowking|68\/100\n|\n|upkeep\n|turn|26\n|\n|t:|1700623119\n|move|p2a: Great Tusk|Headlong Rush|p1a: Slowking\n|-supereffective|p1a: Slowking\n|-damage|p1a: Slowking|0 fnt\n|-unboost|p2a: Great Tusk|def|1\n|-unboost|p2a: Great Tusk|spd|1\n|faint|p1a: Slowking\n|\n|upkeep\n|\n|t:|1700623122\n|switch|p1a: Gliscor|Gliscor, M|100\/100 tox\n|turn|27\n|\n|t:|1700623140\n|move|p2a: Great Tusk|Ice Spinner|p1a: Gliscor\n|-supereffective|p1a: Gliscor\n|-damage|p1a: Gliscor|21\/100 tox\n|move|p1a: Gliscor|Earthquake|p2a: Great Tusk\n|-damage|p2a: Great Tusk|27\/100\n|\n|-heal|p1a: Gliscor|33\/100 tox|[from] ability: Poison Heal\n|upkeep\n|turn|28\n|inactive|NDSNEZToddler has 90 seconds left.\n|\n|t:|1700623175\n|move|p2a: Great Tusk|Ice Spinner|p1a: Gliscor\n|-supereffective|p1a: Gliscor\n|-damage|p1a: Gliscor|0 fnt\n|faint|p1a: Gliscor\n|\n|upkeep\n|\n|t:|1700623177\n|switch|p1a: Ogerpon|Ogerpon-Wellspring, F|9\/100\n|turn|29\n|\n|t:|1700623184\n|move|p2a: Great Tusk|Rapid Spin|p1a: Ogerpon\n|-damage|p1a: Ogerpon|0 fnt\n|-boost|p2a: Great Tusk|spe|1\n|faint|p1a: Ogerpon\n|\n|win|daybreak wave4\n|raw|NDSNEZToddler's rating: 1208 &rarr; <strong>1184<\/strong><br \/>(-24 for losing)\n|raw|daybreak wave4's rating: 1218 &rarr; <strong>1242<\/strong><br \/>(+24 for winning)\n|l|\u2606NDSNEZToddler\n","uploadtime":1700623194,"views":0,"p1id":"ndsneztoddler","p2id":"daybreakwave4","formatid":"gen9nationaldex","rating":1184,"private":0,"password":""}