{"id":"gen9nationaldex-1995308879","p1":"jimmy4iu","p2":"KarmaNightraide","format":"[Gen 9] National Dex","log":"|html|<div class=\"broadcast-blue\"><strong>[Gen 9] National Dex is currently suspecting Sneasler! For information on how to participate check out the <a href=\"https:\/\/www.smogon.com\/forums\/threads\/sv-national-dex-suspect-8-just-dance.3731534\/\">suspect thread<\/a>.<\/strong><\/div>\n|j|\u2606jimmy4iu\n|j|\u2606KarmaNightraide\n|t:|1700551109\n|gametype|singles\n|player|p1|jimmy4iu|cynthia|1039\n|player|p2|KarmaNightraide|unknown|1094\n|teamsize|p1|6\n|teamsize|p2|6\n|gen|9\n|tier|[Gen 9] National Dex\n|rated|\n|rule|HP Percentage Mod: HP is shown in percentages\n|rule|Endless Battle Clause: Forcing endless battles is banned\n|rule|OHKO Clause: OHKO moves are banned\n|rule|Evasion Clause: Evasion abilities, items, and moves are banned\n|rule|Evasion Abilities Clause: Evasion abilities are banned\n|rule|Evasion Items Clause: Evasion items are banned\n|rule|Evasion Moves Clause: Evasion moves are banned\n|rule|Species Clause: Limit one of each Pok\u00e9mon\n|rule|Sleep Clause Mod: Limit one foe put to sleep\n|clearpoke\n|poke|p1|Gliscor, M|\n|poke|p1|Tyranitar, M|\n|poke|p1|Corviknight, F|\n|poke|p1|Garchomp, F|\n|poke|p1|Tornadus, M|\n|poke|p1|Dondozo, F|\n|poke|p2|Drifblim, M|\n|poke|p2|Runerigus, M|\n|poke|p2|Jellicent, M|\n|poke|p2|Mimikyu, M|\n|poke|p2|Froslass, F|\n|poke|p2|Golurk|\n|teampreview\n|\n|t:|1700551117\n|start\n|switch|p1a: Garchomp|Garchomp, F|100\/100\n|switch|p2a: Ragnar\u00f6k|Runerigus, M|100\/100\n|turn|1\n|\n|t:|1700551124\n|move|p1a: Garchomp|Spikes|p2a: Ragnar\u00f6k\n|-sidestart|p2: KarmaNightraide|Spikes\n|move|p2a: Ragnar\u00f6k|Stealth Rock|p1a: Garchomp\n|-sidestart|p1: jimmy4iu|move: Stealth Rock\n|\n|upkeep\n|turn|2\n|\n|t:|1700551130\n|move|p1a: Garchomp|Spikes|p2a: Ragnar\u00f6k\n|-sidestart|p2: KarmaNightraide|Spikes\n|move|p2a: Ragnar\u00f6k|Trick Room|p2a: Ragnar\u00f6k\n|-fieldstart|move: Trick Room|[of] p2a: Ragnar\u00f6k\n|\n|upkeep\n|turn|3\n|\n|t:|1700551148\n|move|p2a: Ragnar\u00f6k|Memento|p1a: Garchomp\n|-unboost|p1a: Garchomp|atk|2\n|-unboost|p1a: Garchomp|spa|2\n|faint|p2a: Ragnar\u00f6k\n|move|p1a: Garchomp|Spikes|p2: Ragnar\u00f6k\n|-sidestart|p2: KarmaNightraide|Spikes\n|\n|upkeep\n|\n|t:|1700551155\n|switch|p2a: Iron Giant|Golurk|100\/100\n|-damage|p2a: Iron Giant|75\/100|[from] Spikes\n|turn|4\n|\n|t:|1700551169\n|switch|p1a: Corviknight|Corviknight, F|100\/100\n|-ability|p1a: Corviknight|Unnerve\n|-damage|p1a: Corviknight|88\/100|[from] Stealth Rock\n|move|p2a: Iron Giant|Ice Punch|p1a: Corviknight\n|-damage|p1a: Corviknight|63\/100\n|\n|upkeep\n|turn|5\n|\n|t:|1700551189\n|-terastallize|p2a: Iron Giant|Fighting\n|move|p2a: Iron Giant|Dynamic Punch|p1a: Corviknight\n|-damage|p1a: Corviknight|20\/100\n|-start|p1a: Corviknight|confusion\n|-activate|p1a: Corviknight|confusion\n|-damage|p1a: Corviknight|14\/100|[from] confusion\n|\n|upkeep\n|turn|6\n|\n|t:|1700551199\n|move|p2a: Iron Giant|Dynamic Punch|p1a: Corviknight\n|-damage|p1a: Corviknight|0 fnt\n|faint|p1a: Corviknight\n|\n|-fieldend|move: Trick Room\n|upkeep\n|\n|t:|1700551205\n|switch|p1a: Tornadus|Tornadus, M|100\/100\n|turn|7\n|\n|t:|1700551216\n|move|p1a: Tornadus|Nasty Plot|p1a: Tornadus\n|-boost|p1a: Tornadus|spa|2\n|move|p2a: Iron Giant|Stone Edge|p1a: Tornadus\n|-supereffective|p1a: Tornadus\n|-damage|p1a: Tornadus|0 fnt\n|faint|p1a: Tornadus\n|\n|upkeep\n|\n|t:|1700551226\n|switch|p1a: Dondozo|Dondozo, F|100\/100\n|-damage|p1a: Dondozo|88\/100|[from] Stealth Rock\n|turn|8\n|\n|t:|1700551240\n|move|p2a: Iron Giant|Dynamic Punch|p1a: Dondozo\n|-damage|p1a: Dondozo|52\/100\n|-start|p1a: Dondozo|confusion\n|-activate|p1a: Dondozo|confusion\n|move|p1a: Dondozo|Rain Dance|p1a: Dondozo\n|-weather|RainDance\n|\n|-weather|RainDance|[upkeep]\n|upkeep\n|turn|9\n|\n|t:|1700551260\n|switch|p1a: Gliscor|Gliscor, M|100\/100\n|-damage|p1a: Gliscor|88\/100|[from] Stealth Rock\n|move|p2a: Iron Giant|Stone Edge|p1a: Gliscor\n|-damage|p1a: Gliscor|54\/100\n|\n|-weather|RainDance|[upkeep]\n|-status|p1a: Gliscor|tox|[from] item: Toxic Orb\n|upkeep\n|turn|10\n|\n|t:|1700551271\n|move|p1a: Gliscor|Protect|p1a: Gliscor\n|-singleturn|p1a: Gliscor|Protect\n|move|p2a: Iron Giant|Ice Punch|p1a: Gliscor\n|-activate|p1a: Gliscor|move: Protect\n|\n|-weather|RainDance|[upkeep]\n|-heal|p1a: Gliscor|66\/100 tox|[from] ability: Poison Heal\n|upkeep\n|turn|11\n|\n|t:|1700551292\n|switch|p1a: Garchomp|Garchomp, F|100\/100\n|-damage|p1a: Garchomp|94\/100|[from] Stealth Rock\n|move|p2a: Iron Giant|Ice Punch|p1a: Garchomp\n|-supereffective|p1a: Garchomp\n|-damage|p1a: Garchomp|24\/100\n|-damage|p2a: Iron Giant|63\/100|[from] ability: Rough Skin|[of] p1a: Garchomp\n|-damage|p2a: Iron Giant|46\/100|[from] item: Rocky Helmet|[of] p1a: Garchomp\n|\n|-weather|RainDance|[upkeep]\n|upkeep\n|turn|12\n|\n|t:|1700551314\n|switch|p1a: Dondozo|Dondozo, F|52\/100\n|-damage|p1a: Dondozo|39\/100|[from] Stealth Rock\n|move|p2a: Iron Giant|Ice Punch|p1a: Dondozo\n|-resisted|p1a: Dondozo\n|-damage|p1a: Dondozo|32\/100\n|\n|-weather|none\n|upkeep\n|turn|13\n|\n|t:|1700551328\n|move|p2a: Iron Giant|Stone Edge|p1a: Dondozo\n|-damage|p1a: Dondozo|11\/100\n|move|p1a: Dondozo|Aqua Tail|p2a: Iron Giant\n|-damage|p2a: Iron Giant|0 fnt\n|faint|p2a: Iron Giant\n|-damage|p1a: Dondozo|1\/100|[from] item: Life Orb\n|\n|upkeep\n|\n|t:|1700551338\n|switch|p2a: 'Lil guy my man|Mimikyu, M|100\/100\n|-damage|p2a: 'Lil guy my man|75\/100|[from] Spikes\n|turn|14\n|\n|t:|1700551345\n|switch|p1a: Tyranitar|Tyranitar, M|100\/100\n|-damage|p1a: Tyranitar|88\/100|[from] Stealth Rock\n|-weather|Sandstorm|[from] ability: Sand Stream|[of] p1a: Tyranitar\n|move|p2a: 'Lil guy my man|Shadow Sneak|p1a: Tyranitar\n|-resisted|p1a: Tyranitar\n|-crit|p1a: Tyranitar\n|-damage|p1a: Tyranitar|76\/100\n|\n|-weather|Sandstorm|[upkeep]\n|-damage|p2a: 'Lil guy my man|70\/100|[from] Sandstorm\n|upkeep\n|turn|15\n|\n|t:|1700551363\n|detailschange|p1a: Tyranitar|Tyranitar-Mega, M\n|-mega|p1a: Tyranitar|Tyranitar|Tyranitarite\n|move|p2a: 'Lil guy my man|Drain Punch|p1a: Tyranitar\n|-supereffective|p1a: Tyranitar\n|-damage|p1a: Tyranitar|16\/100\n|-heal|p2a: 'Lil guy my man|100\/100|[from] drain|[of] p1a: Tyranitar\n|move|p1a: Tyranitar|Knock Off|p2a: 'Lil guy my man\n|-activate|p2a: 'Lil guy my man|ability: Disguise\n|-damage|p2a: 'Lil guy my man|100\/100\n|detailschange|p2a: 'Lil guy my man|Mimikyu-Busted, M\n|-damage|p2a: 'Lil guy my man|88\/100|[from] pokemon: Mimikyu-Busted\n|\n|-weather|Sandstorm|[upkeep]\n|-damage|p2a: 'Lil guy my man|82\/100|[from] Sandstorm\n|upkeep\n|turn|16\n|\n|t:|1700551386\n|switch|p1a: Gliscor|Gliscor, M|66\/100 tox\n|-damage|p1a: Gliscor|54\/100 tox|[from] Stealth Rock\n|-zpower|p2a: 'Lil guy my man\n|move|p2a: 'Lil guy my man|Let's Snuggle Forever|p1a: Gliscor|[zeffect]\n|-damage|p1a: Gliscor|0 fnt\n|faint|p1a: Gliscor\n|\n|-weather|Sandstorm|[upkeep]\n|-damage|p2a: 'Lil guy my man|76\/100|[from] Sandstorm\n|upkeep\n|\n|t:|1700551399\n|switch|p1a: Garchomp|Garchomp, F|24\/100\n|-damage|p1a: Garchomp|17\/100|[from] Stealth Rock\n|turn|17\n|\n|t:|1700551408\n|move|p2a: 'Lil guy my man|Play Rough|p1a: Garchomp\n|-supereffective|p1a: Garchomp\n|-damage|p1a: Garchomp|0 fnt\n|-damage|p2a: 'Lil guy my man|64\/100|[from] ability: Rough Skin|[of] p1a: Garchomp\n|-damage|p2a: 'Lil guy my man|47\/100|[from] item: Rocky Helmet|[of] p1a: Garchomp\n|faint|p1a: Garchomp\n|\n|-weather|Sandstorm|[upkeep]\n|-damage|p2a: 'Lil guy my man|41\/100|[from] Sandstorm\n|upkeep\n|\n|t:|1700551417\n|switch|p1a: Tyranitar|Tyranitar-Mega, M|16\/100\n|-damage|p1a: Tyranitar|4\/100|[from] Stealth Rock\n|turn|18\n|\n|t:|1700551422\n|move|p2a: 'Lil guy my man|Shadow Sneak|p1a: Tyranitar\n|-resisted|p1a: Tyranitar\n|-damage|p1a: Tyranitar|0 fnt\n|faint|p1a: Tyranitar\n|\n|-weather|none\n|upkeep\n|-message|jimmy4iu forfeited.\n|\n|win|KarmaNightraide\n|raw|jimmy4iu's rating: 1039 &rarr; <strong>1026<\/strong><br \/>(-13 for losing)\n|raw|KarmaNightraide's rating: 1094 &rarr; <strong>1116<\/strong><br \/>(+22 for winning)\n|l|\u2606jimmy4iu\n","uploadtime":1700551434,"views":7,"p1id":"jimmy4iu","p2id":"karmanightraide","formatid":"gen9nationaldex","rating":1026,"private":0,"password":""}