{"id":"gen9nationaldex-1987913604","p1":"not_kastadiva","p2":"imbleed","format":"[Gen 9] National Dex","log":"|j|\u2606not_kastadiva\n|j|\u2606imbleed\n|t:|1699648600\n|gametype|singles\n|player|p1|not_kastadiva|170|1341\n|player|p2|imbleed|poppy|1465\n|teamsize|p1|6\n|teamsize|p2|6\n|gen|9\n|tier|[Gen 9] National Dex\n|rated|\n|rule|HP Percentage Mod: HP is shown in percentages\n|rule|Endless Battle Clause: Forcing endless battles is banned\n|rule|OHKO Clause: OHKO moves are banned\n|rule|Evasion Clause: Evasion abilities, items, and moves are banned\n|rule|Evasion Abilities Clause: Evasion abilities are banned\n|rule|Evasion Items Clause: Evasion items are banned\n|rule|Evasion Moves Clause: Evasion moves are banned\n|rule|Species Clause: Limit one of each Pok\u00e9mon\n|rule|Sleep Clause Mod: Limit one foe put to sleep\n|clearpoke\n|poke|p1|Ursaluna, M|\n|poke|p1|Hatterene, F|\n|poke|p1|Hoopa-Unbound|\n|poke|p1|Sinistcha-Masterpiece|\n|poke|p1|Iron Hands|\n|poke|p1|Stakataka|\n|poke|p2|Necrozma|\n|poke|p2|Gyarados, M|\n|poke|p2|Starmie|\n|poke|p2|Scizor, F|\n|poke|p2|Great Tusk|\n|poke|p2|Entei|\n|teampreview\n|inactive|Battle timer is ON: inactive players will automatically lose when time's up. (requested by not_kastadiva)\n|j| less might be more\n|j| kung fu pokechu\n|j| bigglygrande\n|j| mistahmerrikuu\n|inactive|imbleed has 120 seconds left.\n|\n|t:|1699648634\n|start\n|switch|p1a: Hatterene|Hatterene, F|100\/100\n|switch|p2a: yes i am a cat|Entei|100\/100\n|turn|1\n|\n|t:|1699648644\n|move|p2a: yes i am a cat|Sacred Fire|p1a: Hatterene\n|-damage|p1a: Hatterene|34\/100\n|move|p1a: Hatterene|Trick Room|p1a: Hatterene\n|-fieldstart|move: Trick Room|[of] p1a: Hatterene\n|\n|upkeep\n|turn|2\n|\n|t:|1699648650\n|move|p1a: Hatterene|Healing Wish|p1a: Hatterene\n|faint|p1a: Hatterene\n|move|p2a: yes i am a cat|Sacred Fire|p1: Hatterene|[notarget]\n|-fail|p2a: yes i am a cat\n|\n|upkeep\n|\n|t:|1699648655\n|switch|p1a: Ursaluna|Ursaluna, M|100\/100\n|turn|3\n|\n|t:|1699648662\n|switch|p2a: member|Gyarados, M|100\/100\n|-ability|p2a: member|Intimidate|boost\n|-unboost|p1a: Ursaluna|atk|1\n|move|p1a: Ursaluna|Swords Dance|p1a: Ursaluna\n|-boost|p1a: Ursaluna|atk|2\n|\n|-status|p1a: Ursaluna|brn|[from] item: Flame Orb\n|upkeep\n|turn|4\n|\n|t:|1699648674\n|switch|p2a: red chud|Scizor, F|100\/100\n|move|p1a: Ursaluna|Facade|p2a: red chud\n|-resisted|p2a: red chud\n|-damage|p2a: red chud|0 fnt\n|faint|p2a: red chud\n|\n|-damage|p1a: Ursaluna|94\/100 brn|[from] brn\n|upkeep\n|\n|t:|1699648691\n|switch|p2a: member|Gyarados, M|100\/100\n|-ability|p2a: member|Intimidate|boost\n|-unboost|p1a: Ursaluna|atk|1\n|turn|5\n|\n|t:|1699648707\n|move|p1a: Ursaluna|Facade|p2a: member\n|-damage|p2a: member|0 fnt\n|faint|p2a: member\n|\n|-damage|p1a: Ursaluna|88\/100 brn|[from] brn\n|-fieldend|move: Trick Room\n|upkeep\n|\n|t:|1699648713\n|switch|p2a: wowie zowie|Great Tusk|100\/100\n|turn|6\n|\n|t:|1699648728\n|switch|p1a: Sinistcha|Sinistcha-Masterpiece|100\/100\n|move|p2a: wowie zowie|Close Combat|p1a: Sinistcha\n|-immune|p1a: Sinistcha\n|\n|upkeep\n|turn|7\n|\n|t:|1699648736\n|move|p2a: wowie zowie|Ice Spinner|p1a: Sinistcha\n|-supereffective|p1a: Sinistcha\n|-damage|p1a: Sinistcha|64\/100\n|-damage|p2a: wowie zowie|84\/100|[from] item: Rocky Helmet|[of] p1a: Sinistcha\n|move|p1a: Sinistcha|Trick Room|p1a: Sinistcha\n|-fieldstart|move: Trick Room|[of] p1a: Sinistcha\n|\n|upkeep\n|turn|8\n|\n|t:|1699648759\n|-end|p2a: wowie zowie|Protosynthesis|[silent]\n|switch|p2a: yes i am a cat|Entei|100\/100\n|move|p1a: Sinistcha|Nasty Plot|p1a: Sinistcha\n|-boost|p1a: Sinistcha|spa|2\n|\n|upkeep\n|turn|9\n|\n|t:|1699648772\n|-terastallize|p2a: yes i am a cat|Normal\n|move|p1a: Sinistcha|Matcha Gotcha|p2a: yes i am a cat|[miss]\n|-miss|p1a: Sinistcha|p2a: yes i am a cat\n|move|p2a: yes i am a cat|Sacred Fire|p1a: Sinistcha\n|-supereffective|p1a: Sinistcha\n|-damage|p1a: Sinistcha|17\/100\n|-status|p1a: Sinistcha|brn\n|\n|-damage|p1a: Sinistcha|14\/100 brn|[from] brn\n|upkeep\n|turn|10\n|\n|t:|1699648793\n|switch|p2a: PRISMED|Necrozma|100\/100\n|move|p1a: Sinistcha|Matcha Gotcha|p2a: PRISMED\n|-damage|p2a: PRISMED|35\/100\n|-heal|p1a: Sinistcha|52\/100 brn|[from] drain|[of] p2a: PRISMED\n|-status|p2a: PRISMED|brn\n|\n|-damage|p1a: Sinistcha|49\/100 brn|[from] brn\n|-damage|p2a: PRISMED|29\/100 brn|[from] brn\n|upkeep\n|turn|11\n|\n|t:|1699648805\n|move|p1a: Sinistcha|Matcha Gotcha|p2a: PRISMED\n|-damage|p2a: PRISMED|0 fnt\n|-heal|p1a: Sinistcha|66\/100 brn|[from] drain|[of] p2a: PRISMED\n|faint|p2a: PRISMED\n|\n|-damage|p1a: Sinistcha|63\/100 brn|[from] brn\n|-fieldend|move: Trick Room\n|upkeep\n|\n|t:|1699648809\n|switch|p2a: gonna hit|Starmie|100\/100\n|turn|12\n|\n|t:|1699648813\n|move|p2a: gonna hit|Blizzard|p1a: Sinistcha\n|-supereffective|p1a: Sinistcha\n|-damage|p1a: Sinistcha|0 fnt\n|faint|p1a: Sinistcha\n|\n|upkeep\n|\n|t:|1699648821\n|switch|p1a: Hoopa|Hoopa-Unbound|100\/100\n|turn|13\n|\n|t:|1699648841\n|move|p1a: Hoopa|Protect|p1a: Hoopa\n|-singleturn|p1a: Hoopa|Protect\n|move|p2a: gonna hit|Zap Cannon|p1a: Hoopa\n|-activate|p1a: Hoopa|move: Protect\n|\n|upkeep\n|turn|14\n|\n|t:|1699648853\n|move|p2a: gonna hit|Hydro Pump|p1a: Hoopa\n|-damage|p1a: Hoopa|70\/100\n|move|p1a: Hoopa|Trick Room|p1a: Hoopa\n|-fieldstart|move: Trick Room|[of] p1a: Hoopa\n|\n|upkeep\n|turn|15\n|\n|t:|1699648860\n|switch|p2a: wowie zowie|Great Tusk|84\/100\n|move|p1a: Hoopa|Hyperspace Fury|p2a: wowie zowie\n|-resisted|p2a: wowie zowie\n|-damage|p2a: wowie zowie|63\/100\n|-unboost|p1a: Hoopa|def|1\n|-enditem|p1a: Hoopa|Eject Pack\n|\n|t:|1699648881\n|switch|p1a: Iron Hands|Iron Hands|100\/100\n|-enditem|p1a: Iron Hands|Booster Energy\n|-activate|p1a: Iron Hands|ability: Quark Drive|[fromitem]\n|-start|p1a: Iron Hands|quarkdriveatk\n|\n|upkeep\n|turn|16\n|\n|t:|1699648889\n|-terastallize|p1a: Iron Hands|Ice\n|move|p1a: Iron Hands|Ice Punch|p2a: wowie zowie\n|-supereffective|p2a: wowie zowie\n|-damage|p2a: wowie zowie|0 fnt\n|faint|p2a: wowie zowie\n|-end|p2a: wowie zowie|Protosynthesis|[silent]\n|\n|upkeep\n|\n|t:|1699648897\n|switch|p2a: yes i am a cat|Entei, tera:Normal|100\/100\n|turn|17\n|\n|t:|1699648906\n|move|p1a: Iron Hands|Drain Punch|p2a: yes i am a cat\n|-supereffective|p2a: yes i am a cat\n|-damage|p2a: yes i am a cat|0 fnt\n|faint|p2a: yes i am a cat\n|\n|upkeep\n|\n|t:|1699648909\n|switch|p2a: gonna hit|Starmie|100\/100\n|turn|18\n|c|\u2606not_kastadiva|Gg\n|\n|t:|1699648915\n|move|p1a: Iron Hands|Wild Charge|p2a: gonna hit\n|-supereffective|p2a: gonna hit\n|-damage|p2a: gonna hit|0 fnt\n|faint|p2a: gonna hit\n|-damage|p1a: Iron Hands|88\/100|[from] Recoil\n|\n|win|not_kastadiva\n|raw|not_kastadiva's rating: 1341 &rarr; <strong>1368<\/strong><br \/>(+27 for winning)\n|raw|imbleed's rating: 1465 &rarr; <strong>1438<\/strong><br \/>(-27 for losing)\n","uploadtime":1699648924,"views":5,"p1id":"notkastadiva","p2id":"imbleed","formatid":"gen9nationaldex","rating":1368,"private":0,"password":""}