{"id":"gen9nationaldex-1991525065","p1":"testing a funni3","p2":"gshaogshao","format":"[Gen 9] National Dex","log":"|j|\u2606testing a funni3\n|j|\u2606gshaogshao\n|t:|1700084945\n|gametype|singles\n|player|p1|testing a funni3|unknownf|1392\n|player|p2|gshaogshao|1|1403\n|teamsize|p1|6\n|teamsize|p2|6\n|gen|9\n|tier|[Gen 9] National Dex\n|rated|\n|rule|HP Percentage Mod: HP is shown in percentages\n|rule|Endless Battle Clause: Forcing endless battles is banned\n|rule|OHKO Clause: OHKO moves are banned\n|rule|Evasion Clause: Evasion abilities, items, and moves are banned\n|rule|Evasion Abilities Clause: Evasion abilities are banned\n|rule|Evasion Items Clause: Evasion items are banned\n|rule|Evasion Moves Clause: Evasion moves are banned\n|rule|Species Clause: Limit one of each Pok\u00e9mon\n|rule|Sleep Clause Mod: Limit one foe put to sleep\n|clearpoke\n|poke|p1|Hoopa-Unbound|\n|poke|p1|Tapu Bulu|\n|poke|p1|Volcanion|\n|poke|p1|Scizor, M|\n|poke|p1|Umbreon, F|\n|poke|p1|Zapdos|\n|poke|p2|Roserade, M|\n|poke|p2|Gastrodon, F|\n|poke|p2|Togekiss, M|\n|poke|p2|Milotic, F|\n|poke|p2|Lucario, F|\n|poke|p2|Garchomp, M|\n|teampreview\n|inactive|Battle timer is ON: inactive players will automatically lose when time's up. (requested by gshaogshao)\n|\n|t:|1700084961\n|start\n|switch|p1a: Hoopa|Hoopa-Unbound|100\/100\n|switch|p2a: Togekiss|Togekiss, M|100\/100\n|turn|1\n|\n|t:|1700084969\n|-terastallize|p1a: Hoopa|Fighting\n|move|p2a: Togekiss|Dazzling Gleam|p1a: Hoopa\n|-supereffective|p1a: Hoopa\n|-damage|p1a: Hoopa|62\/100\n|move|p1a: Hoopa|Gunk Shot|p2a: Togekiss\n|-supereffective|p2a: Togekiss\n|-damage|p2a: Togekiss|0 fnt\n|faint|p2a: Togekiss\n|\n|upkeep\n|\n|t:|1700084983\n|switch|p2a: Garchomp|Garchomp, M|100\/100\n|turn|2\n|\n|t:|1700084992\n|move|p2a: Garchomp|Swords Dance|p2a: Garchomp\n|-boost|p2a: Garchomp|atk|2\n|move|p1a: Hoopa|Drain Punch|p2a: Garchomp\n|-damage|p2a: Garchomp|51\/100\n|-heal|p1a: Hoopa|86\/100|[from] drain|[of] p2a: Garchomp\n|-damage|p1a: Hoopa|74\/100|[from] ability: Rough Skin|[of] p2a: Garchomp\n|\n|upkeep\n|turn|3\n|\n|t:|1700084998\n|switch|p1a: Zapdos|Zapdos|100\/100\n|move|p2a: Garchomp|Scale Shot|p1a: Zapdos\n|-damage|p1a: Zapdos|72\/100\n|-damage|p1a: Zapdos|46\/100\n|-damage|p1a: Zapdos|18\/100\n|-hitcount|p1a: Zapdos|3\n|-unboost|p2a: Garchomp|def|1\n|-boost|p2a: Garchomp|spe|1\n|\n|upkeep\n|turn|4\n|\n|t:|1700085008\n|switch|p1a: Tapu Bulu|Tapu Bulu|100\/100\n|-fieldstart|move: Grassy Terrain|[from] ability: Grassy Surge|[of] p1a: Tapu Bulu\n|detailschange|p2a: Garchomp|Garchomp-Mega, M\n|-mega|p2a: Garchomp|Garchomp|Garchompite\n|move|p2a: Garchomp|Scale Shot|p1a: Tapu Bulu\n|-immune|p1a: Tapu Bulu\n|\n|-heal|p2a: Garchomp|57\/100|[from] Grassy Terrain\n|upkeep\n|turn|5\n|\n|t:|1700085016\n|move|p2a: Garchomp|Earthquake|p1a: Tapu Bulu\n|-resisted|p1a: Tapu Bulu\n|-damage|p1a: Tapu Bulu|81\/100\n|move|p1a: Tapu Bulu|Horn Leech|p2a: Garchomp\n|-damage|p2a: Garchomp|2\/100\n|-heal|p1a: Tapu Bulu|100\/100|[from] drain|[of] p2a: Garchomp\n|\n|-heal|p2a: Garchomp|8\/100|[from] Grassy Terrain\n|upkeep\n|turn|6\n|\n|t:|1700085024\n|switch|p2a: Lucario|Lucario, F|100\/100\n|move|p1a: Tapu Bulu|Leech Seed|p2a: Lucario\n|-start|p2a: Lucario|move: Leech Seed\n|\n|-damage|p2a: Lucario|88\/100|[from] Leech Seed|[of] p1a: Tapu Bulu\n|upkeep\n|turn|7\n|\n|t:|1700085030\n|switch|p1a: Zapdos|Zapdos|18\/100\n|move|p2a: Lucario|Work Up|p2a: Lucario\n|-boost|p2a: Lucario|atk|1\n|-boost|p2a: Lucario|spa|1\n|\n|-heal|p2a: Lucario|94\/100|[from] Grassy Terrain\n|-damage|p2a: Lucario|82\/100|[from] Leech Seed|[of] p1a: Zapdos\n|-heal|p1a: Zapdos|27\/100|[silent]\n|upkeep\n|turn|8\n|\n|t:|1700085036\n|move|p2a: Lucario|Flash Cannon|p1a: Zapdos\n|-resisted|p1a: Zapdos\n|-damage|p1a: Zapdos|0 fnt\n|faint|p1a: Zapdos\n|-damage|p2a: Lucario|72\/100|[from] item: Life Orb\n|\n|-heal|p2a: Lucario|78\/100|[from] Grassy Terrain\n|upkeep\n|\n|t:|1700085044\n|switch|p1a: Volcanion|Volcanion|100\/100\n|turn|9\n|\n|t:|1700085054\n|-terastallize|p2a: Lucario|Normal\n|move|p2a: Lucario|Extreme Speed|p1a: Volcanion\n|-damage|p1a: Volcanion|58\/100\n|-damage|p2a: Lucario|68\/100|[from] item: Life Orb\n|move|p1a: Volcanion|Earth Power|p2a: Lucario\n|-crit|p2a: Lucario\n|-damage|p2a: Lucario|0 fnt\n|faint|p2a: Lucario\n|\n|-heal|p1a: Volcanion|64\/100|[from] Grassy Terrain\n|upkeep\n|\n|t:|1700085074\n|switch|p2a: Roserade|Roserade, M|100\/100\n|turn|10\n|\n|t:|1700085079\n|move|p2a: Roserade|Leaf Storm|p1a: Volcanion\n|-damage|p1a: Volcanion|7\/100\n|-unboost|p2a: Roserade|spa|2\n|move|p1a: Volcanion|Fire Blast|p2a: Roserade|[miss]\n|-miss|p1a: Volcanion|p2a: Roserade\n|\n|-heal|p1a: Volcanion|13\/100|[from] Grassy Terrain\n|upkeep\n|turn|11\n|\n|t:|1700085087\n|switch|p1a: Umbreon|Umbreon, F|100\/100\n|move|p2a: Roserade|Leaf Storm|p1a: Umbreon\n|-damage|p1a: Umbreon|76\/100\n|-unboost|p2a: Roserade|spa|2\n|\n|-heal|p1a: Umbreon|82\/100|[from] Grassy Terrain\n|-heal|p1a: Umbreon|88\/100|[from] item: Leftovers\n|-fieldend|move: Grassy Terrain\n|upkeep\n|turn|12\n|\n|t:|1700085094\n|move|p2a: Roserade|Sleep Powder|p1a: Umbreon\n|-status|p1a: Umbreon|slp|[from] move: Sleep Powder\n|cant|p1a: Umbreon|slp\n|\n|-heal|p1a: Umbreon|94\/100 slp|[from] item: Leftovers\n|upkeep\n|turn|13\n|\n|t:|1700085099\n|switch|p1a: Scizor|Scizor, M|100\/100\n|move|p2a: Roserade|Toxic Spikes|p1a: Scizor\n|-sidestart|p1: testing a funni3|move: Toxic Spikes\n|\n|upkeep\n|turn|14\n|\n|t:|1700085105\n|detailschange|p1a: Scizor|Scizor-Mega, M\n|-mega|p1a: Scizor|Scizor|Scizorite\n|move|p2a: Roserade|Spikes|p1a: Scizor\n|-sidestart|p1: testing a funni3|Spikes\n|move|p1a: Scizor|Defog|p2a: Roserade\n|-unboost|p2a: Roserade|evasion|1\n|-sideend|p1: testing a funni3|Spikes|[from] move: Defog|[of] p1a: Scizor\n|-sideend|p1: testing a funni3|Toxic Spikes|[from] move: Defog|[of] p1a: Scizor\n|\n|upkeep\n|turn|15\n|\n|t:|1700085110\n|move|p2a: Roserade|Sleep Powder|p1a: Scizor\n|-message|Sleep Clause Mod activated.\n|-hint|Sleep Clause Mod prevents players from putting more than one of their opponent's Pok\u00e9mon to sleep at a time\n|move|p1a: Scizor|U-turn|p2a: Roserade\n|-damage|p2a: Roserade|39\/100\n|\n|t:|1700085120\n|switch|p1a: Hoopa|Hoopa-Unbound, tera:Fighting|74\/100|[from] U-turn\n|\n|upkeep\n|turn|16\n|\n|t:|1700085124\n|move|p2a: Roserade|Sleep Powder|p1a: Hoopa|[miss]\n|-miss|p2a: Roserade|p1a: Hoopa\n|move|p1a: Hoopa|Knock Off|p2a: Roserade\n|-damage|p2a: Roserade|0 fnt\n|-enditem|p2a: Roserade|Focus Sash|[from] move: Knock Off|[of] p1a: Hoopa\n|faint|p2a: Roserade\n|\n|upkeep\n|\n|t:|1700085130\n|switch|p2a: Garchomp|Garchomp-Mega, M|8\/100\n|turn|17\n|\n|t:|1700085139\n|switch|p1a: Tapu Bulu|Tapu Bulu|100\/100\n|-fieldstart|move: Grassy Terrain|[from] ability: Grassy Surge|[of] p1a: Tapu Bulu\n|move|p2a: Garchomp|Scale Shot|p1a: Tapu Bulu\n|-immune|p1a: Tapu Bulu\n|\n|-heal|p2a: Garchomp|15\/100|[from] Grassy Terrain\n|upkeep\n|turn|18\n|\n|t:|1700085143\n|switch|p2a: Gastrodon|Gastrodon, F|100\/100\n|move|p1a: Tapu Bulu|Leech Seed|p2a: Gastrodon\n|-start|p2a: Gastrodon|move: Leech Seed\n|\n|-damage|p2a: Gastrodon|88\/100|[from] Leech Seed|[of] p1a: Tapu Bulu\n|upkeep\n|turn|19\n|\n|t:|1700085150\n|move|p1a: Tapu Bulu|Toxic|p2a: Gastrodon\n|-status|p2a: Gastrodon|tox\n|move|p2a: Gastrodon|Liquidation|p1a: Tapu Bulu\n|-resisted|p1a: Tapu Bulu\n|-damage|p1a: Tapu Bulu|93\/100\n|\n|-heal|p1a: Tapu Bulu|99\/100|[from] Grassy Terrain\n|-heal|p2a: Gastrodon|94\/100 tox|[from] Grassy Terrain\n|-heal|p2a: Gastrodon|99\/100 tox|[from] item: Leftovers\n|-damage|p2a: Gastrodon|88\/100 tox|[from] Leech Seed|[of] p1a: Tapu Bulu\n|-heal|p1a: Tapu Bulu|100\/100|[silent]\n|-damage|p2a: Gastrodon|82\/100 tox|[from] psn\n|upkeep\n|turn|20\n|\n|t:|1700085157\n|switch|p2a: Milotic|Milotic, F|100\/100\n|move|p1a: Tapu Bulu|Horn Leech|p2a: Milotic\n|-supereffective|p2a: Milotic\n|-damage|p2a: Milotic|44\/100\n|\n|-heal|p2a: Milotic|50\/100|[from] Grassy Terrain\n|-heal|p2a: Milotic|56\/100|[from] item: Leftovers\n|upkeep\n|turn|21\n|\n|t:|1700085161\n|move|p2a: Milotic|Ice Beam|p1a: Tapu Bulu\n|-supereffective|p1a: Tapu Bulu\n|-damage|p1a: Tapu Bulu|53\/100\n|move|p1a: Tapu Bulu|Toxic|p2a: Milotic\n|-status|p2a: Milotic|tox\n|\n|-heal|p2a: Milotic|62\/100 tox|[from] Grassy Terrain\n|-heal|p2a: Milotic|69\/100 tox|[from] item: Leftovers\n|-heal|p1a: Tapu Bulu|59\/100|[from] Grassy Terrain\n|-damage|p2a: Milotic|62\/100 tox|[from] psn\n|upkeep\n|turn|22\n|\n|t:|1700085166\n|switch|p1a: Umbreon|Umbreon, F|94\/100 slp\n|move|p2a: Milotic|Ice Beam|p1a: Umbreon\n|-damage|p1a: Umbreon|80\/100 slp\n|\n|-heal|p2a: Milotic|69\/100 tox|[from] Grassy Terrain\n|-heal|p2a: Milotic|75\/100 tox|[from] item: Leftovers\n|-heal|p1a: Umbreon|86\/100 slp|[from] Grassy Terrain\n|-heal|p1a: Umbreon|92\/100 slp|[from] item: Leftovers\n|-damage|p2a: Milotic|62\/100 tox|[from] psn\n|upkeep\n|turn|23\n|\n|t:|1700085172\n|move|p2a: Milotic|Recover|p2a: Milotic\n|-heal|p2a: Milotic|100\/100 tox\n|cant|p1a: Umbreon|slp\n|\n|-heal|p1a: Umbreon|98\/100 slp|[from] Grassy Terrain\n|-heal|p1a: Umbreon|100\/100 slp|[from] item: Leftovers\n|-damage|p2a: Milotic|82\/100 tox|[from] psn\n|upkeep\n|turn|24\n|-message|gshaogshao forfeited.\n|\n|win|testing a funni3\n|raw|testing a funni3's rating: 1392 &rarr; <strong>1413<\/strong><br \/>(+21 for winning)\n|raw|gshaogshao's rating: 1403 &rarr; <strong>1382<\/strong><br \/>(-21 for losing)\n|l|\u2606gshaogshao\n","uploadtime":1700085179,"views":17,"p1id":"testingafunni3","p2id":"gshaogshao","formatid":"gen9nationaldex","rating":1382,"private":0,"password":""}