{"id":"gen9nationaldex-2000607779","p1":"brrrbulletseed","p2":"mr Deuzp","format":"[Gen 9] National Dex","log":"|html|<div class=\"broadcast-blue\"><strong>[Gen 9] National Dex is currently suspecting Sneasler! For information on how to participate check out the <a href=\"https:\/\/www.smogon.com\/forums\/threads\/sv-national-dex-suspect-8-just-dance.3731534\/\">suspect thread<\/a>.<\/strong><\/div>\n|j|\u2606brrrbulletseed\n|j|\u2606mr Deuzp\n|t:|1701210009\n|gametype|singles\n|player|p1|brrrbulletseed|102|1211\n|player|p2|mr Deuzp|shadowtriad|1249\n|teamsize|p1|6\n|teamsize|p2|6\n|gen|9\n|tier|[Gen 9] National Dex\n|rated|\n|rule|HP Percentage Mod: HP is shown in percentages\n|rule|Endless Battle Clause: Forcing endless battles is banned\n|rule|OHKO Clause: OHKO moves are banned\n|rule|Evasion Clause: Evasion abilities, items, and moves are banned\n|rule|Evasion Abilities Clause: Evasion abilities are banned\n|rule|Evasion Items Clause: Evasion items are banned\n|rule|Evasion Moves Clause: Evasion moves are banned\n|rule|Species Clause: Limit one of each Pok\u00e9mon\n|rule|Sleep Clause Mod: Limit one foe put to sleep\n|clearpoke\n|poke|p1|Galvantula, F|\n|poke|p1|Breloom, M|\n|poke|p1|Noivern, M|\n|poke|p1|Haxorus, M|\n|poke|p1|Krookodile, M|\n|poke|p1|Muk-Alola, F|\n|poke|p2|Ursaluna, M|\n|poke|p2|Celesteela|\n|poke|p2|Thundurus-Therian, M|\n|poke|p2|Porygon2|\n|poke|p2|Sneasler, M|\n|poke|p2|Ninetales-Alola, F|\n|teampreview\n|inactive|Battle timer is ON: inactive players will automatically lose when time's up. (requested by brrrbulletseed)\n|\n|t:|1701210029\n|start\n|switch|p1a: Muk|Muk-Alola, F|100\/100\n|switch|p2a: Ninetales|Ninetales-Alola, F, shiny|100\/100\n|-weather|Snow|[from] ability: Snow Warning|[of] p2a: Ninetales\n|turn|1\n|\n|t:|1701210034\n|move|p2a: Ninetales|Aurora Veil|p2a: Ninetales\n|-sidestart|p2: mr Deuzp|move: Aurora Veil\n|move|p1a: Muk|Gunk Shot|p2a: Ninetales\n|-supereffective|p2a: Ninetales\n|-damage|p2a: Ninetales|57\/100\n|-status|p2a: Ninetales|psn\n|\n|-weather|Snow|[upkeep]\n|-damage|p2a: Ninetales|45\/100 psn|[from] psn\n|upkeep\n|turn|2\n|\n|t:|1701210041\n|move|p2a: Ninetales|Moonblast|p1a: Muk\n|-damage|p1a: Muk|86\/100\n|move|p1a: Muk|Knock Off|p2a: Ninetales\n|-resisted|p2a: Ninetales\n|-crit|p2a: Ninetales\n|-damage|p2a: Ninetales|20\/100 psn\n|-enditem|p2a: Ninetales|Light Clay|[from] move: Knock Off|[of] p1a: Muk\n|\n|-weather|Snow|[upkeep]\n|-damage|p2a: Ninetales|7\/100 psn|[from] psn\n|upkeep\n|turn|3\n|\n|t:|1701210048\n|move|p2a: Ninetales|Blizzard|p1a: Muk\n|-damage|p1a: Muk|68\/100\n|move|p1a: Muk|Drain Punch|p2a: Ninetales\n|-damage|p2a: Ninetales|0 fnt\n|-heal|p1a: Muk|70\/100|[from] drain|[of] p2a: Ninetales\n|faint|p2a: Ninetales\n|\n|-weather|Snow|[upkeep]\n|upkeep\n|\n|t:|1701210058\n|switch|p2a: Ursaluna|Ursaluna, M, shiny|100\/100\n|turn|4\n|\n|t:|1701210067\n|switch|p1a: Noivern|Noivern, M, shiny|100\/100\n|move|p2a: Ursaluna|Protect||[still]\n|-fail|p2a: Ursaluna\n|\n|-weather|Snow|[upkeep]\n|-status|p2a: Ursaluna|brn|[from] item: Flame Orb\n|upkeep\n|turn|5\n|\n|t:|1701210074\n|-terastallize|p2a: Ursaluna|Normal\n|move|p1a: Noivern|Draco Meteor|p2a: Ursaluna\n|-damage|p2a: Ursaluna|34\/100 brn\n|-unboost|p1a: Noivern|spa|2\n|move|p2a: Ursaluna|Facade|p1a: Noivern\n|-damage|p1a: Noivern|0 fnt\n|faint|p1a: Noivern\n|\n|-weather|none\n|-damage|p2a: Ursaluna|27\/100 brn|[from] brn\n|upkeep\n|\n|t:|1701210080\n|switch|p1a: Breloom|Breloom, M|100\/100\n|turn|6\n|\n|t:|1701210083\n|move|p2a: Ursaluna|Protect|p2a: Ursaluna\n|-singleturn|p2a: Ursaluna|Protect\n|move|p1a: Breloom|Mach Punch|p2a: Ursaluna\n|-activate|p2a: Ursaluna|move: Protect\n|\n|-damage|p2a: Ursaluna|21\/100 brn|[from] brn\n|upkeep\n|turn|7\n|\n|t:|1701210090\n|switch|p2a: Celesteela|Celesteela, shiny|100\/100\n|move|p1a: Breloom|Bullet Seed|p2a: Celesteela\n|-resisted|p2a: Celesteela\n|-damage|p2a: Celesteela|99\/100\n|-resisted|p2a: Celesteela\n|-damage|p2a: Celesteela|98\/100\n|-resisted|p2a: Celesteela\n|-damage|p2a: Celesteela|96\/100\n|-resisted|p2a: Celesteela\n|-damage|p2a: Celesteela|95\/100\n|-resisted|p2a: Celesteela\n|-damage|p2a: Celesteela|93\/100\n|-hitcount|p2a: Celesteela|5\n|\n|-heal|p2a: Celesteela|99\/100|[from] item: Leftovers\n|upkeep\n|turn|8\n|\n|t:|1701210104\n|switch|p1a: Muk|Muk-Alola, F|70\/100\n|move|p2a: Celesteela|Air Slash|p1a: Muk|[miss]\n|-miss|p2a: Celesteela|p1a: Muk\n|\n|-heal|p2a: Celesteela|100\/100|[from] item: Leftovers\n|-sideend|p2: mr Deuzp|move: Aurora Veil\n|upkeep\n|turn|9\n|\n|t:|1701210130\n|move|p2a: Celesteela|Leech Seed|p1a: Muk\n|-start|p1a: Muk|move: Leech Seed\n|move|p1a: Muk|Knock Off|p2a: Celesteela\n|-crit|p2a: Celesteela\n|-damage|p2a: Celesteela|67\/100\n|-enditem|p2a: Celesteela|Leftovers|[from] move: Knock Off|[of] p1a: Muk\n|\n|-damage|p1a: Muk|58\/100|[from] Leech Seed|[of] p2a: Celesteela\n|-heal|p2a: Celesteela|80\/100|[silent]\n|upkeep\n|turn|10\n|\n|t:|1701210140\n|switch|p1a: Haxorus|Haxorus, M, shiny|100\/100\n|-ability|p1a: Haxorus|Mold Breaker\n|move|p2a: Celesteela|Air Slash|p1a: Haxorus\n|-damage|p1a: Haxorus|58\/100\n|\n|upkeep\n|turn|11\n|\n|t:|1701210149\n|move|p2a: Celesteela|Protect|p2a: Celesteela\n|-singleturn|p2a: Celesteela|Protect\n|move|p1a: Haxorus|Dragon Dance|p1a: Haxorus\n|-boost|p1a: Haxorus|atk|1\n|-boost|p1a: Haxorus|spe|1\n|\n|upkeep\n|turn|12\n|\n|t:|1701210154\n|move|p1a: Haxorus|Close Combat|p2a: Celesteela\n|-damage|p2a: Celesteela|32\/100\n|-unboost|p1a: Haxorus|def|1\n|-unboost|p1a: Haxorus|spd|1\n|move|p2a: Celesteela|Leech Seed|p1a: Haxorus\n|-start|p1a: Haxorus|move: Leech Seed\n|\n|-damage|p1a: Haxorus|46\/100|[from] Leech Seed|[of] p2a: Celesteela\n|-heal|p2a: Celesteela|41\/100|[silent]\n|upkeep\n|turn|13\n|\n|t:|1701210157\n|move|p2a: Celesteela|Protect|p2a: Celesteela\n|-singleturn|p2a: Celesteela|Protect\n|move|p1a: Haxorus|Close Combat|p2a: Celesteela\n|-activate|p2a: Celesteela|move: Protect\n|\n|-damage|p1a: Haxorus|34\/100|[from] Leech Seed|[of] p2a: Celesteela\n|-heal|p2a: Celesteela|50\/100|[silent]\n|upkeep\n|turn|14\n|\n|t:|1701210170\n|switch|p2a: Porygon2|Porygon2, shiny|100\/100\n|-ability|p2a: Porygon2|Download|boost\n|-boost|p2a: Porygon2|spa|1\n|move|p1a: Haxorus|Close Combat|p2a: Porygon2\n|-supereffective|p2a: Porygon2\n|-damage|p2a: Porygon2|0 fnt\n|-unboost|p1a: Haxorus|def|1\n|-unboost|p1a: Haxorus|spd|1\n|faint|p2a: Porygon2\n|\n|upkeep\n|\n|t:|1701210178\n|switch|p2a: Sneasler|Sneasler, M, shiny|100\/100\n|turn|15\n|\n|t:|1701210181\n|move|p2a: Sneasler|Fake Out|p1a: Haxorus\n|-damage|p1a: Haxorus|0 fnt\n|faint|p1a: Haxorus\n|\n|upkeep\n|\n|t:|1701210186\n|switch|p1a: Galvantula|Galvantula, F, shiny|100\/100\n|turn|16\n|\n|t:|1701210190\n|move|p2a: Sneasler|Dire Claw|p1a: Galvantula\n|-damage|p1a: Galvantula|12\/100\n|move|p1a: Galvantula|Sticky Web|p2a: Sneasler\n|-sidestart|p2: mr Deuzp|move: Sticky Web\n|\n|upkeep\n|turn|17\n|\n|t:|1701210194\n|move|p2a: Sneasler|Dire Claw|p1a: Galvantula\n|-damage|p1a: Galvantula|0 fnt\n|faint|p1a: Galvantula\n|\n|upkeep\n|\n|t:|1701210198\n|switch|p1a: Muk|Muk-Alola, F|58\/100\n|turn|18\n|\n|t:|1701210203\n|move|p2a: Sneasler|Close Combat|p1a: Muk\n|-damage|p1a: Muk|0 fnt\n|-unboost|p2a: Sneasler|def|1\n|-unboost|p2a: Sneasler|spd|1\n|faint|p1a: Muk\n|\n|upkeep\n|\n|t:|1701210207\n|switch|p1a: Krookodile|Krookodile, M, shiny|100\/100\n|turn|19\n|\n|t:|1701210212\n|move|p2a: Sneasler|Close Combat|p1a: Krookodile\n|-supereffective|p1a: Krookodile\n|-damage|p1a: Krookodile|0 fnt\n|-unboost|p2a: Sneasler|def|1\n|-unboost|p2a: Sneasler|spd|1\n|faint|p1a: Krookodile\n|\n|upkeep\n|\n|t:|1701210215\n|switch|p1a: Breloom|Breloom, M|100\/100\n|turn|20\n|\n|t:|1701210218\n|move|p1a: Breloom|Mach Punch|p2a: Sneasler\n|-resisted|p2a: Sneasler\n|-damage|p2a: Sneasler|43\/100\n|move|p2a: Sneasler|Dire Claw|p1a: Breloom\n|-supereffective|p1a: Breloom\n|-damage|p1a: Breloom|0 fnt\n|faint|p1a: Breloom\n|\n|win|mr Deuzp\n|raw|brrrbulletseed's rating: 1211 &rarr; <strong>1189<\/strong><br \/>(-22 for losing)\n|raw|mr Deuzp's rating: 1249 &rarr; <strong>1271<\/strong><br \/>(+22 for winning)\n|l|\u2606brrrbulletseed\n","uploadtime":1701210225,"views":1,"p1id":"brrrbulletseed","p2id":"mrdeuzp","formatid":"gen9nationaldex","rating":1189,"private":0,"password":""}