{"id":"gen9nationaldex-1993364889","p1":"cowboy magpie","p2":"xxx_n3v3rs0rry_xxx","format":"[Gen 9] National Dex","log":"|j|\u2606cowboy magpie\n|j|\u2606xxx_n3v3rs0rry_xxx\n|t:|1700306621\n|gametype|singles\n|player|p1|cowboy magpie|eusine|1374\n|player|p2|xxx_n3v3rs0rry_xxx|wallace|1354\n|teamsize|p1|6\n|teamsize|p2|6\n|gen|9\n|tier|[Gen 9] National Dex\n|rated|\n|rule|HP Percentage Mod: HP is shown in percentages\n|rule|Endless Battle Clause: Forcing endless battles is banned\n|rule|OHKO Clause: OHKO moves are banned\n|rule|Evasion Clause: Evasion abilities, items, and moves are banned\n|rule|Evasion Abilities Clause: Evasion abilities are banned\n|rule|Evasion Items Clause: Evasion items are banned\n|rule|Evasion Moves Clause: Evasion moves are banned\n|rule|Species Clause: Limit one of each Pok\u00e9mon\n|rule|Sleep Clause Mod: Limit one foe put to sleep\n|clearpoke\n|poke|p1|Murkrow, F|\n|poke|p1|Salazzle, F|\n|poke|p1|Lucario, M|\n|poke|p1|Sneasler, F|\n|poke|p1|Armarouge, M|\n|poke|p1|Garchomp, M|\n|poke|p2|Gallade, M|\n|poke|p2|Chesnaught, F|\n|poke|p2|Samurott-Hisui, F|\n|poke|p2|Ceruledge, F|\n|poke|p2|Armarouge, M|\n|poke|p2|Sirfetch\u2019d, F|\n|teampreview\n|inactive|Battle timer is ON: inactive players will automatically lose when time's up. (requested by xxx_n3v3rs0rry_xxx)\n|c|\u2606xxx_n3v3rs0rry_xxx|wow\n|c|\u2606xxx_n3v3rs0rry_xxx|ur team is so crash\n|\n|t:|1700306634\n|start\n|switch|p1a: Salazzle|Salazzle, F|100\/100\n|switch|p2a: Samurott|Samurott-Hisui, F|100\/100\n|-item|p1a: Salazzle|Air Balloon\n|turn|1\n|\n|t:|1700306647\n|move|p1a: Salazzle|Sludge Bomb|p2a: Samurott\n|-damage|p2a: Samurott|39\/100\n|-enditem|p2a: Samurott|Sitrus Berry|[eat]\n|-heal|p2a: Samurott|64\/100|[from] item: Sitrus Berry\n|move|p2a: Samurott|Ceaseless Edge|p1a: Salazzle\n|-crit|p1a: Salazzle\n|-damage|p1a: Salazzle|0 fnt\n|-enditem|p1a: Salazzle|Air Balloon\n|-sidestart|p1: cowboy magpie|Spikes\n|faint|p1a: Salazzle\n|\n|upkeep\n|\n|t:|1700306667\n|switch|p1a: Sneasler|Sneasler, F|100\/100\n|-damage|p1a: Sneasler|88\/100|[from] Spikes\n|turn|2\n|\n|t:|1700306672\n|move|p1a: Sneasler|Close Combat|p2a: Samurott\n|-supereffective|p2a: Samurott\n|-damage|p2a: Samurott|0 fnt\n|-unboost|p1a: Sneasler|def|1\n|-unboost|p1a: Sneasler|spd|1\n|-enditem|p1a: Sneasler|White Herb\n|-clearnegativeboost|p1a: Sneasler|[silent]\n|faint|p2a: Samurott\n|\n|upkeep\n|\n|t:|1700306680\n|switch|p2a: Armarouge|Armarouge, M|100\/100\n|turn|3\n|\n|t:|1700306688\n|-terastallize|p1a: Sneasler|Dark\n|move|p1a: Sneasler|Swords Dance|p1a: Sneasler\n|-boost|p1a: Sneasler|atk|2\n|move|p2a: Armarouge|Psyshock|p1a: Sneasler\n|-immune|p1a: Sneasler\n|\n|upkeep\n|turn|4\n|\n|t:|1700306696\n|move|p1a: Sneasler|Night Slash|p2a: Armarouge\n|-supereffective|p2a: Armarouge\n|-damage|p2a: Armarouge|0 fnt\n|faint|p2a: Armarouge\n|\n|upkeep\n|\n|t:|1700306702\n|switch|p2a: Ceruledge|Ceruledge, F|100\/100\n|turn|5\n|\n|t:|1700306705\n|move|p1a: Sneasler|Night Slash|p2a: Ceruledge\n|-supereffective|p2a: Ceruledge\n|-enditem|p2a: Ceruledge|Focus Sash\n|-damage|p2a: Ceruledge|1\/100\n|-ability|p2a: Ceruledge|Weak Armor|boost\n|-unboost|p2a: Ceruledge|def|1\n|-boost|p2a: Ceruledge|spe|2\n|move|p2a: Ceruledge|Close Combat|p1a: Sneasler\n|-supereffective|p1a: Sneasler\n|-damage|p1a: Sneasler|0 fnt\n|-unboost|p2a: Ceruledge|def|1\n|-unboost|p2a: Ceruledge|spd|1\n|faint|p1a: Sneasler\n|\n|upkeep\n|\n|t:|1700306712\n|switch|p1a: Murkrow|Murkrow, F|100\/100\n|turn|6\n|\n|t:|1700306719\n|move|p2a: Ceruledge|Bitter Blade|p1a: Murkrow\n|-damage|p1a: Murkrow|5\/100\n|-heal|p2a: Ceruledge|54\/100|[from] drain|[of] p1a: Murkrow\n|move|p1a: Murkrow|Foul Play|p2a: Ceruledge\n|-supereffective|p2a: Ceruledge\n|-damage|p2a: Ceruledge|0 fnt\n|faint|p2a: Ceruledge\n|\n|upkeep\n|\n|t:|1700306730\n|switch|p2a: Gallade|Gallade, M|100\/100\n|turn|7\n|\n|t:|1700306735\n|detailschange|p2a: Gallade|Gallade-Mega, M\n|-mega|p2a: Gallade|Gallade|Galladite\n|move|p1a: Murkrow|Thunder Wave|p2a: Gallade\n|-status|p2a: Gallade|par\n|move|p2a: Gallade|Ice Punch|p1a: Murkrow\n|-supereffective|p1a: Murkrow\n|-damage|p1a: Murkrow|0 fnt\n|faint|p1a: Murkrow\n|\n|upkeep\n|\n|t:|1700306753\n|switch|p1a: Armarouge|Armarouge, M|100\/100\n|-damage|p1a: Armarouge|88\/100|[from] Spikes\n|turn|8\n|\n|t:|1700306761\n|move|p1a: Armarouge|Shadow Ball|p2a: Gallade\n|-supereffective|p2a: Gallade\n|-damage|p2a: Gallade|40\/100 par\n|-unboost|p2a: Gallade|spd|1\n|cant|p2a: Gallade|par\n|\n|upkeep\n|turn|9\n|\n|t:|1700306768\n|move|p1a: Armarouge|Shadow Ball|p2a: Gallade\n|-supereffective|p2a: Gallade\n|-damage|p2a: Gallade|0 fnt\n|faint|p2a: Gallade\n|\n|upkeep\n|\n|t:|1700306772\n|switch|p2a: Chesnaught|Chesnaught, F|100\/100\n|turn|10\n|\n|t:|1700306786\n|move|p1a: Armarouge|Armor Cannon|p2a: Chesnaught\n|-supereffective|p2a: Chesnaught\n|-damage|p2a: Chesnaught|5\/100\n|-unboost|p1a: Armarouge|def|1\n|-unboost|p1a: Armarouge|spd|1\n|move|p2a: Chesnaught|Iron Defense|p2a: Chesnaught\n|-boost|p2a: Chesnaught|def|2\n|\n|-heal|p2a: Chesnaught|11\/100|[from] item: Leftovers\n|upkeep\n|turn|11\n|\n|t:|1700306795\n|move|p1a: Armarouge|Armor Cannon|p2a: Chesnaught\n|-supereffective|p2a: Chesnaught\n|-damage|p2a: Chesnaught|0 fnt\n|-unboost|p1a: Armarouge|def|1\n|-unboost|p1a: Armarouge|spd|1\n|faint|p2a: Chesnaught\n|\n|upkeep\n|\n|t:|1700306802\n|switch|p2a: Sirfetch\u2019d|Sirfetch\u2019d, F|100\/100\n|turn|12\n|\n|t:|1700306808\n|switch|p1a: Garchomp|Garchomp, M|100\/100\n|-damage|p1a: Garchomp|88\/100|[from] Spikes\n|move|p2a: Sirfetch\u2019d|First Impression|p1a: Garchomp\n|-crit|p1a: Garchomp\n|-damage|p1a: Garchomp|39\/100\n|-damage|p2a: Sirfetch\u2019d|88\/100|[from] ability: Rough Skin|[of] p1a: Garchomp\n|-damage|p2a: Sirfetch\u2019d|72\/100|[from] item: Rocky Helmet|[of] p1a: Garchomp\n|\n|upkeep\n|turn|13\n|\n|t:|1700306819\n|move|p1a: Garchomp|Earthquake|p2a: Sirfetch\u2019d\n|-damage|p2a: Sirfetch\u2019d|11\/100\n|move|p2a: Sirfetch\u2019d|Close Combat|p1a: Garchomp\n|-crit|p1a: Garchomp\n|-damage|p1a: Garchomp|0 fnt\n|-unboost|p2a: Sirfetch\u2019d|def|1\n|-unboost|p2a: Sirfetch\u2019d|spd|1\n|-damage|p2a: Sirfetch\u2019d|0 fnt|[from] ability: Rough Skin|[of] p1a: Garchomp\n|faint|p1a: Garchomp\n|faint|p2a: Sirfetch\u2019d\n|\n|win|cowboy magpie\n|raw|cowboy magpie's rating: 1374 &rarr; <strong>1393<\/strong><br \/>(+19 for winning)\n|raw|xxx_n3v3rs0rry_xxx's rating: 1354 &rarr; <strong>1335<\/strong><br \/>(-19 for losing)\n|l|\u2606xxx_n3v3rs0rry_xxx\n|c|\u2606cowboy magpie|thats gotta be embarrassing\n","uploadtime":1700306848,"views":16,"p1id":"cowboymagpie","p2id":"xxxn3v3rs0rryxxx","formatid":"gen9nationaldex","rating":1335,"private":0,"password":""}