{"id":"gen9nationaldex-1999876967","p1":"ralca 1","p2":"poloff","format":"[Gen 9] National Dex","log":"|html|<div class=\"broadcast-blue\"><strong>[Gen 9] National Dex is currently suspecting Sneasler! For information on how to participate check out the <a href=\"https:\/\/www.smogon.com\/forums\/threads\/sv-national-dex-suspect-8-just-dance.3731534\/\">suspect thread<\/a>.<\/strong><\/div>\n|j|\u2606ralca 1\n|j|\u203dpoloff\n|t:|1701125393\n|gametype|singles\n|player|p1|ralca 1|colress|\n|player|p2|poloff|palmer|\n|teamsize|p1|6\n|teamsize|p2|6\n|gen|9\n|tier|[Gen 9] National Dex\n|rule|HP Percentage Mod: HP is shown in percentages\n|rule|Endless Battle Clause: Forcing endless battles is banned\n|rule|OHKO Clause: OHKO moves are banned\n|rule|Evasion Clause: Evasion abilities, items, and moves are banned\n|rule|Evasion Abilities Clause: Evasion abilities are banned\n|rule|Evasion Items Clause: Evasion items are banned\n|rule|Evasion Moves Clause: Evasion moves are banned\n|rule|Species Clause: Limit one of each Pok\u00e9mon\n|rule|Sleep Clause Mod: Limit one foe put to sleep\n|clearpoke\n|poke|p1|Samurott, M|\n|poke|p1|Emboar, M|\n|poke|p1|Serperior, F|\n|poke|p1|Unfezant, F|\n|poke|p1|Haxorus, F|\n|poke|p1|Hydreigon, F|\n|poke|p2|Kyurem|\n|poke|p2|Garchomp, F|\n|poke|p2|Tapu Lele|\n|poke|p2|Samurott-Hisui, F|\n|poke|p2|Tapu Bulu|\n|poke|p2|Cinderace, F|\n|teampreview\n|\n|t:|1701125424\n|start\n|switch|p1a: Unfezant|Unfezant, F|100\/100\n|switch|p2a: Garchomp|Garchomp, F, shiny|100\/100\n|turn|1\n|\n|t:|1701125444\n|detailschange|p2a: Garchomp|Garchomp-Mega, F, shiny\n|-mega|p2a: Garchomp|Garchomp|Garchompite\n|move|p1a: Unfezant|Tailwind|p1a: Unfezant\n|-sidestart|p1: ralca 1|move: Tailwind\n|move|p2a: Garchomp|Flamethrower|p1a: Unfezant\n|-damage|p1a: Unfezant|59\/100\n|\n|upkeep\n|turn|2\n|\n|t:|1701125459\n|switch|p1a: Samurott|Samurott, M|100\/100\n|move|p2a: Garchomp|Flamethrower|p1a: Samurott\n|-resisted|p1a: Samurott\n|-damage|p1a: Samurott|87\/100\n|\n|upkeep\n|turn|3\n|\n|t:|1701125472\n|switch|p2a: Tapu Bulu|Tapu Bulu|100\/100\n|-fieldstart|move: Grassy Terrain|[from] ability: Grassy Surge|[of] p2a: Tapu Bulu\n|move|p1a: Samurott|Swords Dance|p1a: Samurott\n|-boost|p1a: Samurott|atk|2\n|\n|-heal|p1a: Samurott|93\/100|[from] Grassy Terrain\n|upkeep\n|turn|4\n|\n|t:|1701125487\n|move|p1a: Samurott|X-Scissor|p2a: Tapu Bulu\n|-damage|p2a: Tapu Bulu|60\/100\n|move|p2a: Tapu Bulu|Solar Beam||[still]\n|-prepare|p2a: Tapu Bulu|Solar Beam\n|\n|-heal|p1a: Samurott|99\/100|[from] Grassy Terrain\n|-heal|p2a: Tapu Bulu|66\/100|[from] Grassy Terrain\n|-sideend|p1: ralca 1|move: Tailwind\n|upkeep\n|turn|5\n|\n|t:|1701125502\n|switch|p1a: Emboar|Emboar, M|100\/100\n|move|p2a: Tapu Bulu|Solar Beam|p1a: Emboar|[from]lockedmove\n|-resisted|p1a: Emboar\n|-damage|p1a: Emboar|74\/100\n|\n|-heal|p2a: Tapu Bulu|73\/100|[from] Grassy Terrain\n|-heal|p1a: Emboar|80\/100|[from] Grassy Terrain\n|upkeep\n|turn|6\n|\n|t:|1701125522\n|switch|p2a: Samurott|Samurott-Hisui, F|100\/100\n|move|p1a: Emboar|Flare Blitz|p2a: Samurott\n|-resisted|p2a: Samurott\n|-damage|p2a: Samurott|62\/100\n|-damage|p1a: Emboar|67\/100|[from] Recoil\n|\n|-heal|p2a: Samurott|68\/100|[from] Grassy Terrain\n|-heal|p1a: Emboar|74\/100|[from] Grassy Terrain\n|upkeep\n|turn|7\n|\n|t:|1701125536\n|switch|p1a: Serperior|Serperior, F|100\/100\n|move|p2a: Samurott|Surf|p1a: Serperior\n|-resisted|p1a: Serperior\n|-damage|p1a: Serperior|81\/100\n|\n|-heal|p1a: Serperior|87\/100|[from] Grassy Terrain\n|-heal|p2a: Samurott|74\/100|[from] Grassy Terrain\n|-fieldend|move: Grassy Terrain\n|upkeep\n|turn|8\n|\n|t:|1701125548\n|switch|p2a: Cinderace|Cinderace, F|100\/100\n|-terastallize|p1a: Serperior|Grass\n|move|p1a: Serperior|Leaf Storm|p2a: Cinderace\n|-resisted|p2a: Cinderace\n|-damage|p2a: Cinderace|35\/100\n|-boost|p1a: Serperior|spa|2\n|-damage|p1a: Serperior|77\/100|[from] item: Life Orb\n|\n|upkeep\n|turn|9\n|\n|t:|1701125565\n|switch|p1a: Samurott|Samurott, M|99\/100\n|move|p2a: Cinderace|Pyro Ball|p1a: Samurott|[miss]\n|-miss|p2a: Cinderace|p1a: Samurott\n|\n|upkeep\n|turn|10\n|\n|t:|1701125578\n|move|p2a: Cinderace|Trailblaze|p1a: Samurott\n|-start|p2a: Cinderace|typechange|Grass|[from] ability: Libero\n|-supereffective|p1a: Samurott\n|-damage|p1a: Samurott|45\/100\n|-boost|p2a: Cinderace|spe|1\n|move|p1a: Samurott|X-Scissor|p2a: Cinderace\n|-supereffective|p2a: Cinderace\n|-damage|p2a: Cinderace|0 fnt\n|faint|p2a: Cinderace\n|\n|upkeep\n|\n|t:|1701125593\n|switch|p2a: Tapu Bulu|Tapu Bulu|73\/100\n|-fieldstart|move: Grassy Terrain|[from] ability: Grassy Surge|[of] p2a: Tapu Bulu\n|turn|11\n|\n|t:|1701125612\n|switch|p2a: Tapu Lele|Tapu Lele|100\/100\n|-fieldstart|move: Psychic Terrain|[from] ability: Psychic Surge|[of] p2a: Tapu Lele\n|switch|p1a: Emboar|Emboar, M|74\/100\n|\n|upkeep\n|turn|12\n|\n|t:|1701125629\n|move|p2a: Tapu Lele|Psyshock|p1a: Emboar\n|-supereffective|p1a: Emboar\n|-damage|p1a: Emboar|0 fnt\n|faint|p1a: Emboar\n|\n|upkeep\n|\n|t:|1701125649\n|switch|p1a: Samurott|Samurott, M|45\/100\n|turn|13\n|\n|t:|1701125653\n|move|p2a: Tapu Lele|Energy Ball|p1a: Samurott\n|-supereffective|p1a: Samurott\n|-damage|p1a: Samurott|0 fnt\n|faint|p1a: Samurott\n|\n|upkeep\n|\n|t:|1701125661\n|switch|p1a: Serperior|Serperior, F, tera:Grass|77\/100\n|turn|14\n|\n|t:|1701125671\n|move|p1a: Serperior|Leaf Storm|p2a: Tapu Lele\n|-damage|p2a: Tapu Lele|19\/100\n|-boost|p1a: Serperior|spa|2\n|-damage|p1a: Serperior|67\/100|[from] item: Life Orb\n|move|p2a: Tapu Lele|Psyshock|p1a: Serperior\n|-damage|p1a: Serperior|15\/100\n|\n|upkeep\n|turn|15\n|\n|t:|1701125683\n|move|p1a: Serperior|Leaf Storm|p2a: Tapu Lele\n|-damage|p2a: Tapu Lele|0 fnt\n|-boost|p1a: Serperior|spa|2\n|faint|p2a: Tapu Lele\n|-damage|p1a: Serperior|5\/100|[from] item: Life Orb\n|\n|-fieldend|move: Psychic Terrain\n|upkeep\n|\n|t:|1701125694\n|switch|p2a: Garchomp|Garchomp-Mega, F, shiny|100\/100\n|turn|16\n|\n|t:|1701125705\n|move|p1a: Serperior|Giga Drain|p2a: Garchomp\n|-damage|p2a: Garchomp|0 fnt\n|-heal|p1a: Serperior|66\/100|[from] drain|[of] p2a: Garchomp\n|faint|p2a: Garchomp\n|-damage|p1a: Serperior|56\/100|[from] item: Life Orb\n|\n|upkeep\n|\n|t:|1701125716\n|switch|p2a: Kyurem|Kyurem|100\/100\n|-ability|p2a: Kyurem|Pressure\n|turn|17\n|\n|t:|1701125724\n|move|p1a: Serperior|Leaf Storm|p2a: Kyurem\n|-resisted|p2a: Kyurem\n|-enditem|p2a: Kyurem|Focus Sash\n|-damage|p2a: Kyurem|1\/100\n|-boost|p1a: Serperior|spa|2\n|-damage|p1a: Serperior|46\/100|[from] item: Life Orb\n|move|p2a: Kyurem|Psychic|p1a: Serperior\n|-damage|p1a: Serperior|13\/100\n|\n|upkeep\n|turn|18\n|\n|t:|1701125741\n|move|p1a: Serperior|Giga Drain|p2a: Kyurem\n|-resisted|p2a: Kyurem\n|-damage|p2a: Kyurem|0 fnt\n|-heal|p1a: Serperior|13\/100|[from] drain|[of] p2a: Kyurem\n|faint|p2a: Kyurem\n|-damage|p1a: Serperior|3\/100|[from] item: Life Orb\n|\n|upkeep\n|\n|t:|1701125761\n|switch|p2a: Tapu Bulu|Tapu Bulu|73\/100\n|-fieldstart|move: Grassy Terrain|[from] ability: Grassy Surge|[of] p2a: Tapu Bulu\n|turn|19\n|\n|t:|1701125769\n|move|p1a: Serperior|Giga Drain|p2a: Tapu Bulu\n|-resisted|p2a: Tapu Bulu\n|-damage|p2a: Tapu Bulu|0 fnt\n|-heal|p1a: Serperior|46\/100|[from] drain|[of] p2a: Tapu Bulu\n|faint|p2a: Tapu Bulu\n|-damage|p1a: Serperior|36\/100|[from] item: Life Orb\n|\n|-heal|p1a: Serperior|42\/100|[from] Grassy Terrain\n|upkeep\n|\n|t:|1701125779\n|switch|p2a: Samurott|Samurott-Hisui, F|74\/100\n|turn|20\n|\n|t:|1701125798\n|move|p1a: Serperior|Giga Drain|p2a: Samurott\n|-supereffective|p2a: Samurott\n|-damage|p2a: Samurott|0 fnt\n|-heal|p1a: Serperior|91\/100|[from] drain|[of] p2a: Samurott\n|faint|p2a: Samurott\n|-damage|p1a: Serperior|81\/100|[from] item: Life Orb\n|\n|win|ralca 1\n","uploadtime":1701125816,"views":2,"p1id":"ralca1","p2id":"poloff","formatid":"gen9nationaldex","rating":0,"private":0,"password":""}