{"id":"gen9nationaldex-2000026820","p1":"LucasCelebrom","p2":"BetaBros","format":"[Gen 9] National Dex","log":"|html|<div class=\"broadcast-blue\"><strong>[Gen 9] National Dex is currently suspecting Sneasler! For information on how to participate check out the <a href=\"https:\/\/www.smogon.com\/forums\/threads\/sv-national-dex-suspect-8-just-dance.3731534\/\">suspect thread<\/a>.<\/strong><\/div>\n|j|\u2606LucasCelebrom\n|j|\u2606BetaBros\n|t:|1701142904\n|gametype|singles\n|player|p1|LucasCelebrom|lance|1275\n|player|p2|BetaBros|grimsley|1247\n|teamsize|p1|6\n|teamsize|p2|6\n|gen|9\n|tier|[Gen 9] National Dex\n|rated|\n|rule|HP Percentage Mod: HP is shown in percentages\n|rule|Endless Battle Clause: Forcing endless battles is banned\n|rule|OHKO Clause: OHKO moves are banned\n|rule|Evasion Clause: Evasion abilities, items, and moves are banned\n|rule|Evasion Abilities Clause: Evasion abilities are banned\n|rule|Evasion Items Clause: Evasion items are banned\n|rule|Evasion Moves Clause: Evasion moves are banned\n|rule|Species Clause: Limit one of each Pok\u00e9mon\n|rule|Sleep Clause Mod: Limit one foe put to sleep\n|clearpoke\n|poke|p1|Sandslash-Alola, F|\n|poke|p1|Ninetales-Alola, F|\n|poke|p1|Slowking-Galar, M|\n|poke|p1|Abomasnow, F|\n|poke|p1|Arctovish|\n|poke|p1|Mamoswine, M|\n|poke|p2|Lurantis, M|\n|poke|p2|Swoobat, M|\n|poke|p2|Arctovish|\n|poke|p2|Ninetales-Alola, M|\n|poke|p2|Cloyster, M|\n|poke|p2|Ceruledge, F|\n|teampreview\n|inactive|Battle timer is ON: inactive players will automatically lose when time's up. (requested by BetaBros)\n|inactive|LucasCelebrom also wants the timer to be on.\n|c|\u2606LucasCelebrom|HUMMM\n|c|\u2606LucasCelebrom|EU TE CONHE\u00c7O\n|c|\u2606BetaBros|Bro no way\n|\n|t:|1701142930\n|start\n|switch|p1a: Ninetales|Ninetales-Alola, F|100\/100\n|switch|p2a: Arctovish|Arctovish|100\/100\n|-weather|Snow|[from] ability: Snow Warning|[of] p1a: Ninetales\n|turn|1\n|c|\u2606BetaBros|We rely on the same strategy \ud83e\udd2f\n|\n|t:|1701142947\n|-terastallize|p2a: Arctovish|Water\n|move|p2a: Arctovish|Fishious Rend|p1a: Ninetales\n|-damage|p1a: Ninetales|5\/100\n|move|p1a: Ninetales|Aurora Veil|p1a: Ninetales\n|-sidestart|p1: LucasCelebrom|move: Aurora Veil\n|\n|-weather|Snow|[upkeep]\n|upkeep\n|turn|2\n|\n|t:|1701142958\n|move|p2a: Arctovish|Fishious Rend|p1a: Ninetales\n|-damage|p1a: Ninetales|0 fnt\n|faint|p1a: Ninetales\n|\n|-weather|Snow|[upkeep]\n|upkeep\n|\n|t:|1701142963\n|switch|p1a: Abomasnow|Abomasnow, F|100\/100\n|turn|3\n|\n|t:|1701142978\n|switch|p2a: Ninetales|Ninetales-Alola, M|100\/100\n|detailschange|p1a: Abomasnow|Abomasnow-Mega, F\n|-mega|p1a: Abomasnow|Abomasnow|Abomasite\n|move|p1a: Abomasnow|Body Press|p2a: Ninetales\n|-damage|p2a: Ninetales|72\/100\n|\n|-weather|Snow|[upkeep]\n|upkeep\n|turn|4\n|\n|t:|1701142988\n|move|p2a: Ninetales|Aurora Veil|p2a: Ninetales\n|-sidestart|p2: BetaBros|move: Aurora Veil\n|move|p1a: Abomasnow|Wood Hammer|p2a: Ninetales\n|-damage|p2a: Ninetales|44\/100\n|-damage|p1a: Abomasnow|94\/100|[from] Recoil\n|\n|-weather|Snow|[upkeep]\n|upkeep\n|turn|5\n|\n|t:|1701143002\n|move|p2a: Ninetales|Blizzard|p1a: Abomasnow\n|-damage|p1a: Abomasnow|76\/100\n|move|p1a: Abomasnow|Body Press|p2a: Ninetales\n|-damage|p2a: Ninetales|32\/100\n|\n|-weather|Snow|[upkeep]\n|-sideend|p1: LucasCelebrom|move: Aurora Veil\n|upkeep\n|turn|6\n|\n|t:|1701143010\n|switch|p1a: Sandslash|Sandslash-Alola, F|100\/100\n|move|p2a: Ninetales|Encore||[still]\n|-fail|p2a: Ninetales\n|\n|-weather|Snow|[upkeep]\n|upkeep\n|turn|7\n|\n|t:|1701143021\n|move|p1a: Sandslash|Iron Head|p2a: Ninetales\n|-supereffective|p2a: Ninetales\n|-damage|p2a: Ninetales|0 fnt\n|faint|p2a: Ninetales\n|\n|-weather|Snow|[upkeep]\n|upkeep\n|\n|t:|1701143026\n|switch|p2a: Ceruledge|Ceruledge, F|100\/100\n|turn|8\n|\n|t:|1701143036\n|switch|p1a: Mamoswine|Mamoswine, M|100\/100\n|move|p2a: Ceruledge|Swords Dance|p2a: Ceruledge\n|-boost|p2a: Ceruledge|atk|2\n|\n|-weather|none\n|-sideend|p2: BetaBros|move: Aurora Veil\n|upkeep\n|turn|9\n|\n|t:|1701143048\n|move|p2a: Ceruledge|Bitter Blade|p1a: Mamoswine\n|-supereffective|p1a: Mamoswine\n|-damage|p1a: Mamoswine|14\/100\n|move|p1a: Mamoswine|Earthquake|p2a: Ceruledge\n|-supereffective|p2a: Ceruledge\n|-enditem|p2a: Ceruledge|Focus Sash\n|-damage|p2a: Ceruledge|1\/100\n|-ability|p2a: Ceruledge|Weak Armor|boost\n|-unboost|p2a: Ceruledge|def|1\n|-boost|p2a: Ceruledge|spe|2\n|-damage|p1a: Mamoswine|4\/100|[from] item: Life Orb\n|\n|upkeep\n|turn|10\n|\n|t:|1701143059\n|move|p1a: Mamoswine|Ice Shard|p2a: Ceruledge\n|-resisted|p2a: Ceruledge\n|-damage|p2a: Ceruledge|0 fnt\n|faint|p2a: Ceruledge\n|-damage|p1a: Mamoswine|0 fnt|[from] item: Life Orb\n|faint|p1a: Mamoswine\n|\n|upkeep\n|\n|t:|1701143070\n|switch|p2a: Cloyster|Cloyster, M|100\/100\n|switch|p1a: Abomasnow|Abomasnow-Mega, F|76\/100\n|-weather|Snow|[from] ability: Snow Warning|[of] p1a: Abomasnow\n|turn|11\n|\n|t:|1701143079\n|move|p2a: Cloyster|Shell Smash|p2a: Cloyster\n|-unboost|p2a: Cloyster|def|1\n|-unboost|p2a: Cloyster|spd|1\n|-boost|p2a: Cloyster|atk|2\n|-boost|p2a: Cloyster|spa|2\n|-boost|p2a: Cloyster|spe|2\n|-enditem|p2a: Cloyster|White Herb\n|-clearnegativeboost|p2a: Cloyster|[silent]\n|move|p1a: Abomasnow|Wood Hammer|p2a: Cloyster\n|-supereffective|p2a: Cloyster\n|-damage|p2a: Cloyster|45\/100\n|-damage|p1a: Abomasnow|65\/100|[from] Recoil\n|\n|-weather|Snow|[upkeep]\n|upkeep\n|turn|12\n|\n|t:|1701143097\n|move|p2a: Cloyster|Icicle Spear|p1a: Abomasnow\n|-damage|p1a: Abomasnow|55\/100\n|-damage|p1a: Abomasnow|45\/100\n|-damage|p1a: Abomasnow|35\/100\n|-damage|p1a: Abomasnow|24\/100\n|-damage|p1a: Abomasnow|13\/100\n|-hitcount|p1a: Abomasnow|5\n|move|p1a: Abomasnow|Wood Hammer|p2a: Cloyster\n|-supereffective|p2a: Cloyster\n|-damage|p2a: Cloyster|0 fnt\n|faint|p2a: Cloyster\n|-damage|p1a: Abomasnow|4\/100|[from] Recoil\n|\n|-weather|Snow|[upkeep]\n|upkeep\n|\n|t:|1701143111\n|switch|p2a: Swoobat|Swoobat, M|100\/100\n|turn|13\n|c|\u2606LucasCelebrom|F abomasnow\n|\n|t:|1701143133\n|switch|p1a: Arctovish|Arctovish|100\/100\n|move|p2a: Swoobat|Tailwind|p2a: Swoobat\n|-sidestart|p2: BetaBros|move: Tailwind\n|\n|-weather|Snow|[upkeep]\n|upkeep\n|turn|14\n|\n|t:|1701143143\n|move|p2a: Swoobat|Calm Mind|p2a: Swoobat\n|-boost|p2a: Swoobat|spa|2\n|-boost|p2a: Swoobat|spd|2\n|move|p1a: Arctovish|Fishious Rend|p2a: Swoobat\n|-enditem|p2a: Swoobat|Focus Sash\n|-damage|p2a: Swoobat|1\/100\n|\n|-weather|Snow|[upkeep]\n|upkeep\n|turn|15\n|\n|t:|1701143152\n|move|p2a: Swoobat|Stored Power|p1a: Arctovish\n|-damage|p1a: Arctovish|15\/100\n|move|p1a: Arctovish|Fishious Rend|p2a: Swoobat\n|-damage|p2a: Swoobat|0 fnt\n|faint|p2a: Swoobat\n|\n|-weather|none\n|upkeep\n|\n|t:|1701143159\n|switch|p2a: Arctovish|Arctovish, tera:Water|100\/100\n|turn|16\n|\n|t:|1701143163\n|move|p2a: Arctovish|Fishious Rend|p1a: Arctovish\n|-resisted|p1a: Arctovish\n|-damage|p1a: Arctovish|0 fnt\n|faint|p1a: Arctovish\n|\n|-sideend|p2: BetaBros|move: Tailwind\n|upkeep\n|\n|t:|1701143182\n|switch|p1a: Slowking|Slowking-Galar, M|100\/100\n|turn|17\n|\n|t:|1701143186\n|move|p2a: Arctovish|Fishious Rend|p1a: Slowking\n|-damage|p1a: Slowking|0 fnt\n|faint|p1a: Slowking\n|\n|upkeep\n|\n|t:|1701143191\n|switch|p1a: Abomasnow|Abomasnow-Mega, F|4\/100\n|-weather|Snow|[from] ability: Snow Warning|[of] p1a: Abomasnow\n|turn|18\n|\n|t:|1701143199\n|move|p2a: Arctovish|Fishious Rend|p1a: Abomasnow\n|-resisted|p1a: Abomasnow\n|-damage|p1a: Abomasnow|0 fnt\n|faint|p1a: Abomasnow\n|\n|-weather|Snow|[upkeep]\n|upkeep\n|\n|t:|1701143203\n|switch|p1a: Sandslash|Sandslash-Alola, F|100\/100\n|turn|19\n|\n|t:|1701143222\n|move|p2a: Arctovish|Fishious Rend|p1a: Sandslash\n|-damage|p1a: Sandslash|35\/100\n|move|p1a: Sandslash|Swords Dance|p1a: Sandslash\n|-boost|p1a: Sandslash|atk|2\n|\n|-weather|Snow|[upkeep]\n|-heal|p1a: Sandslash|41\/100|[from] item: Leftovers\n|upkeep\n|turn|20\n|c|\u2606LucasCelebrom|GG\n|c|\u2606LucasCelebrom|choice skarf\n|\n|t:|1701143238\n|move|p2a: Arctovish|Fishious Rend|p1a: Sandslash\n|-damage|p1a: Sandslash|0 fnt\n|faint|p1a: Sandslash\n|\n|win|BetaBros\n|raw|LucasCelebrom's rating: 1275 &rarr; <strong>1248<\/strong><br \/>(-27 for losing)\n|raw|BetaBros's rating: 1247 &rarr; <strong>1274<\/strong><br \/>(+27 for winning)\n|c|\u2606BetaBros|GG\n|c|\u2606BetaBros|Yep\n|l|\u2606LucasCelebrom\n","uploadtime":1701143252,"views":10,"p1id":"lucascelebrom","p2id":"betabros","formatid":"gen9nationaldex","rating":1248,"private":0,"password":""}