{"id":"gen9nationaldex-1988775109","p1":"dadi02","p2":"tdd20070515\u5179\u4f0f\u5947\u5927\u543e","format":"[Gen 9] National Dex","log":"|j|\u2606dadi02\n|j|\u2606tdd20070515\u5179\u4f0f\u5947\u5927\u543e\n|t:|1699761501\n|gametype|singles\n|player|p1|dadi02|guitarist|1261\n|player|p2|tdd20070515\u5179\u4f0f\u5947\u5927\u543e|steven|1309\n|teamsize|p1|6\n|teamsize|p2|6\n|gen|9\n|tier|[Gen 9] National Dex\n|rated|\n|rule|HP Percentage Mod: HP is shown in percentages\n|rule|Endless Battle Clause: Forcing endless battles is banned\n|rule|OHKO Clause: OHKO moves are banned\n|rule|Evasion Clause: Evasion abilities, items, and moves are banned\n|rule|Evasion Abilities Clause: Evasion abilities are banned\n|rule|Evasion Items Clause: Evasion items are banned\n|rule|Evasion Moves Clause: Evasion moves are banned\n|rule|Species Clause: Limit one of each Pok\u00e9mon\n|rule|Sleep Clause Mod: Limit one foe put to sleep\n|clearpoke\n|poke|p1|Pelipper, M|\n|poke|p1|Barraskewda, M|\n|poke|p1|Tapu Lele|\n|poke|p1|Swampert, F|\n|poke|p1|Moltres|\n|poke|p1|Urshifu-*, F|\n|poke|p2|Scizor, M|\n|poke|p2|Sneasler, F|\n|poke|p2|Heatran, M|\n|poke|p2|Great Tusk|\n|poke|p2|Slowbro, M|\n|poke|p2|Rillaboom, M|\n|teampreview\n|\n|t:|1699761509\n|start\n|switch|p1a: Barraskewda|Barraskewda, M, shiny|100\/100\n|switch|p2a: Scizor|Scizor, M|100\/100\n|turn|1\n|\n|t:|1699761524\n|switch|p1a: Pelipper|Pelipper, M|100\/100\n|-weather|RainDance|[from] ability: Drizzle|[of] p1a: Pelipper\n|detailschange|p2a: Scizor|Scizor-Mega, M\n|-mega|p2a: Scizor|Scizor|Scizorite\n|move|p2a: Scizor|U-turn|p1a: Pelipper\n|-resisted|p1a: Pelipper\n|-damage|p1a: Pelipper|88\/100\n|\n|t:|1699761528\n|switch|p2a: Rillaboom|Rillaboom, M|100\/100|[from] U-turn\n|-fieldstart|move: Grassy Terrain|[from] ability: Grassy Surge|[of] p2a: Rillaboom\n|\n|-weather|RainDance|[upkeep]\n|upkeep\n|turn|2\n|\n|t:|1699761537\n|switch|p1a: Moltres|Moltres|100\/100\n|move|p2a: Rillaboom|U-turn|p1a: Moltres\n|-resisted|p1a: Moltres\n|-damage|p1a: Moltres|93\/100\n|\n|t:|1699761540\n|switch|p2a: Slowbro|Slowbro, M|100\/100|[from] U-turn\n|\n|-weather|RainDance|[upkeep]\n|upkeep\n|turn|3\n|\n|t:|1699761552\n|-terastallize|p1a: Moltres|Grass\n|move|p1a: Moltres|Hurricane|p2a: Slowbro\n|-damage|p2a: Slowbro|56\/100\n|-start|p2a: Slowbro|confusion\n|-activate|p2a: Slowbro|confusion\n|move|p2a: Slowbro|Scald|p1a: Moltres\n|-resisted|p1a: Moltres\n|-damage|p1a: Moltres|72\/100\n|-status|p1a: Moltres|brn\n|\n|-weather|RainDance|[upkeep]\n|-heal|p1a: Moltres|78\/100 brn|[from] Grassy Terrain\n|-heal|p2a: Slowbro|62\/100|[from] Grassy Terrain\n|-damage|p1a: Moltres|72\/100 brn|[from] brn\n|upkeep\n|turn|4\n|\n|t:|1699761566\n|switch|p2a: Sneasler|Sneasler, F|100\/100\n|move|p1a: Moltres|Hurricane|p2a: Sneasler\n|-supereffective|p2a: Sneasler\n|-damage|p2a: Sneasler|14\/100\n|\n|-weather|RainDance|[upkeep]\n|-heal|p2a: Sneasler|20\/100|[from] Grassy Terrain\n|-heal|p1a: Moltres|78\/100 brn|[from] Grassy Terrain\n|-damage|p1a: Moltres|72\/100 brn|[from] brn\n|upkeep\n|turn|5\n|\n|t:|1699761576\n|move|p2a: Sneasler|Dire Claw|p1a: Moltres\n|-supereffective|p1a: Moltres\n|-damage|p1a: Moltres|19\/100 brn\n|-status|p2a: Sneasler|brn|[from] ability: Flame Body|[of] p1a: Moltres\n|move|p1a: Moltres|Hurricane|p2a: Sneasler\n|-supereffective|p2a: Sneasler\n|-damage|p2a: Sneasler|0 fnt\n|faint|p2a: Sneasler\n|\n|-weather|RainDance|[upkeep]\n|-heal|p1a: Moltres|25\/100 brn|[from] Grassy Terrain\n|-damage|p1a: Moltres|19\/100 brn|[from] brn\n|-fieldend|move: Grassy Terrain\n|upkeep\n|\n|t:|1699761582\n|switch|p2a: Scizor|Scizor-Mega, M|100\/100\n|turn|6\n|\n|t:|1699761592\n|switch|p1a: Pelipper|Pelipper, M|88\/100\n|move|p2a: Scizor|Bullet Punch|p1a: Pelipper\n|-resisted|p1a: Pelipper\n|-damage|p1a: Pelipper|77\/100\n|\n|-weather|RainDance|[upkeep]\n|upkeep\n|turn|7\n|\n|t:|1699761616\n|move|p2a: Scizor|U-turn|p1a: Pelipper\n|-resisted|p1a: Pelipper\n|-damage|p1a: Pelipper|63\/100\n|\n|t:|1699761622\n|switch|p2a: Slowbro|Slowbro, M|95\/100|[from] U-turn\n|move|p1a: Pelipper|Hurricane|p2a: Slowbro\n|-damage|p2a: Slowbro|60\/100\n|\n|-weather|RainDance|[upkeep]\n|upkeep\n|turn|8\n|\n|t:|1699761631\n|move|p1a: Pelipper|Hurricane|p2a: Slowbro\n|-damage|p2a: Slowbro|24\/100\n|move|p2a: Slowbro|Scald|p1a: Pelipper\n|-resisted|p1a: Pelipper\n|-damage|p1a: Pelipper|36\/100\n|\n|-weather|none\n|upkeep\n|turn|9\n|\n|t:|1699761641\n|switch|p2a: Heatran|Heatran, M|100\/100\n|move|p1a: Pelipper|Roost|p1a: Pelipper\n|-heal|p1a: Pelipper|86\/100\n|-singleturn|p1a: Pelipper|move: Roost\n|\n|upkeep\n|turn|10\n|\n|t:|1699761653\n|switch|p1a: Tapu Lele|Tapu Lele|100\/100\n|-fieldstart|move: Psychic Terrain|[from] ability: Psychic Surge|[of] p1a: Tapu Lele\n|move|p2a: Heatran|Protect||[still]\n|-fail|p2a: Heatran\n|\n|upkeep\n|turn|11\n|\n|t:|1699761664\n|move|p1a: Tapu Lele|Psychic|p2a: Heatran\n|-resisted|p2a: Heatran\n|-damage|p2a: Heatran|72\/100\n|move|p2a: Heatran|Magma Storm|p1a: Tapu Lele|[miss]\n|-miss|p2a: Heatran|p1a: Tapu Lele\n|\n|-heal|p2a: Heatran|79\/100|[from] item: Leftovers\n|upkeep\n|turn|12\n|\n|t:|1699761672\n|switch|p1a: Pelipper|Pelipper, M|86\/100\n|-weather|RainDance|[from] ability: Drizzle|[of] p1a: Pelipper\n|move|p2a: Heatran|Magma Storm|p1a: Pelipper\n|-resisted|p1a: Pelipper\n|-damage|p1a: Pelipper|73\/100\n|-activate|p1a: Pelipper|move: Magma Storm|[of] p2a: Heatran\n|\n|-weather|RainDance|[upkeep]\n|-heal|p2a: Heatran|85\/100|[from] item: Leftovers\n|-damage|p1a: Pelipper|60\/100|[from] move: Magma Storm|[partiallytrapped]\n|upkeep\n|turn|13\n|\n|t:|1699761688\n|move|p2a: Heatran|Protect|p2a: Heatran\n|-singleturn|p2a: Heatran|Protect\n|move|p1a: Pelipper|Roost|p1a: Pelipper\n|-heal|p1a: Pelipper|100\/100\n|-singleturn|p1a: Pelipper|move: Roost\n|\n|-weather|RainDance|[upkeep]\n|-heal|p2a: Heatran|91\/100|[from] item: Leftovers\n|-damage|p1a: Pelipper|88\/100|[from] move: Magma Storm|[partiallytrapped]\n|upkeep\n|turn|14\n|\n|t:|1699761698\n|-terastallize|p2a: Heatran|Grass\n|move|p2a: Heatran|Toxic|p1a: Pelipper|[miss]\n|-miss|p2a: Heatran|p1a: Pelipper\n|move|p1a: Pelipper|Hurricane|p2a: Heatran\n|-supereffective|p2a: Heatran\n|-damage|p2a: Heatran|47\/100\n|\n|-weather|RainDance|[upkeep]\n|-heal|p2a: Heatran|53\/100|[from] item: Leftovers\n|-damage|p1a: Pelipper|76\/100|[from] move: Magma Storm|[partiallytrapped]\n|-fieldend|move: Psychic Terrain\n|upkeep\n|turn|15\n|-message|tdd20070515\u5179\u4f0f\u5947\u5927\u543e forfeited.\n|\n|win|dadi02\n|raw|dadi02's rating: 1261 &rarr; <strong>1289<\/strong><br \/>(+28 for winning)\n|raw|tdd20070515\u5179\u4f0f\u5947\u5927\u543e's rating: 1309 &rarr; <strong>1286<\/strong><br \/>(-23 for losing)\n|l|\u2606tdd20070515\u5179\u4f0f\u5947\u5927\u543e\n","uploadtime":1699761811,"views":4,"p1id":"dadi02","p2id":"tdd20070515","formatid":"gen9nationaldex","rating":1286,"private":0,"password":""}