{"id":"gen9nationaldex-1997030799","p1":"Zippybud5","p2":"Touruuuu","format":"[Gen 9] National Dex","log":"|html|<div class=\"broadcast-blue\"><strong>[Gen 9] National Dex is currently suspecting Sneasler! For information on how to participate check out the <a href=\"https:\/\/www.smogon.com\/forums\/threads\/sv-national-dex-suspect-8-just-dance.3731534\/\">suspect thread<\/a>.<\/strong><\/div>\n|j|\u2606Zippybud5\n|j|\u2606Touruuuu\n|t:|1700757500\n|gametype|singles\n|player|p1|Zippybud5|1|1075\n|player|p2|Touruuuu|steven|1090\n|teamsize|p1|6\n|teamsize|p2|6\n|gen|9\n|tier|[Gen 9] National Dex\n|rated|\n|rule|HP Percentage Mod: HP is shown in percentages\n|rule|Endless Battle Clause: Forcing endless battles is banned\n|rule|OHKO Clause: OHKO moves are banned\n|rule|Evasion Clause: Evasion abilities, items, and moves are banned\n|rule|Evasion Abilities Clause: Evasion abilities are banned\n|rule|Evasion Items Clause: Evasion items are banned\n|rule|Evasion Moves Clause: Evasion moves are banned\n|rule|Species Clause: Limit one of each Pok\u00e9mon\n|rule|Sleep Clause Mod: Limit one foe put to sleep\n|clearpoke\n|poke|p1|Dragonite, M|\n|poke|p1|Emboar, F|\n|poke|p1|Decidueye-Hisui, M|\n|poke|p1|Electivire, F|\n|poke|p1|Magmortar, M|\n|poke|p1|Servine, M|\n|poke|p2|Lokix, M|\n|poke|p2|Ceruledge, M|\n|poke|p2|Meowscarada, F|\n|poke|p2|Sneasler, F|\n|poke|p2|Sinistcha-Masterpiece|\n|poke|p2|Duraludon, F|\n|teampreview\n|\n|t:|1700757517\n|start\n|switch|p1a: Emboar|Emboar, F|100\/100\n|switch|p2a: Duraludon|Duraludon, F|100\/100\n|turn|1\n|\n|t:|1700757529\n|move|p2a: Duraludon|Reflect|p2a: Duraludon\n|-sidestart|p2: Touruuuu|Reflect\n|move|p1a: Emboar|Flame Charge|p2a: Duraludon\n|-damage|p2a: Duraludon|91\/100\n|-boost|p1a: Emboar|spe|1\n|\n|upkeep\n|turn|2\n|\n|t:|1700757538\n|move|p2a: Duraludon|Light Screen|p2a: Duraludon\n|-sidestart|p2: Touruuuu|move: Light Screen\n|move|p1a: Emboar|Focus Blast|p2a: Duraludon\n|-supereffective|p2a: Duraludon\n|-damage|p2a: Duraludon|0 fnt\n|faint|p2a: Duraludon\n|\n|upkeep\n|\n|t:|1700757548\n|switch|p2a: Ceruledge|Ceruledge, M|100\/100\n|turn|3\n|\n|t:|1700757559\n|switch|p1a: Dragonite|Dragonite, M|100\/100\n|move|p2a: Ceruledge|Poltergeist|p1a: Dragonite\n|-activate|p1a: Dragonite|move: Poltergeist|Metronome\n|-damage|p1a: Dragonite|80\/100\n|\n|upkeep\n|turn|4\n|\n|t:|1700757580\n|move|p2a: Ceruledge|Poltergeist|p1a: Dragonite\n|-activate|p1a: Dragonite|move: Poltergeist|Metronome\n|-damage|p1a: Dragonite|39\/100\n|move|p1a: Dragonite|Barrier|p1a: Dragonite\n|-boost|p1a: Dragonite|def|2\n|\n|upkeep\n|turn|5\n|\n|t:|1700757602\n|move|p2a: Ceruledge|Poltergeist|p1a: Dragonite\n|-activate|p1a: Dragonite|move: Poltergeist|Metronome\n|-damage|p1a: Dragonite|18\/100\n|move|p1a: Dragonite|Roost|p1a: Dragonite\n|-heal|p1a: Dragonite|68\/100\n|-singleturn|p1a: Dragonite|move: Roost\n|\n|upkeep\n|turn|6\n|\n|t:|1700757615\n|switch|p2a: Sinistcha|Sinistcha-Masterpiece|100\/100\n|move|p1a: Dragonite|Roost|p1a: Dragonite\n|-heal|p1a: Dragonite|100\/100\n|-singleturn|p1a: Dragonite|move: Roost\n|\n|upkeep\n|turn|7\n|\n|t:|1700757634\n|move|p1a: Dragonite|Air Slash|p2a: Sinistcha\n|-supereffective|p2a: Sinistcha\n|-damage|p2a: Sinistcha|69\/100\n|move|p2a: Sinistcha|Strength Sap|p1a: Dragonite\n|-unboost|p1a: Dragonite|atk|1\n|-heal|p2a: Sinistcha|100\/100\n|\n|upkeep\n|turn|8\n|\n|t:|1700757644\n|move|p1a: Dragonite|Air Slash|p2a: Sinistcha\n|-supereffective|p2a: Sinistcha\n|-damage|p2a: Sinistcha|66\/100\n|move|p2a: Sinistcha|Calm Mind|p2a: Sinistcha\n|-boost|p2a: Sinistcha|spa|1\n|-boost|p2a: Sinistcha|spd|1\n|\n|-heal|p2a: Sinistcha|72\/100|[from] item: Leftovers\n|-sideend|p2: Touruuuu|Reflect\n|upkeep\n|turn|9\n|\n|t:|1700757656\n|move|p1a: Dragonite|Haze|p1a: Dragonite\n|-clearallboost\n|move|p2a: Sinistcha|Calm Mind|p2a: Sinistcha\n|-boost|p2a: Sinistcha|spa|1\n|-boost|p2a: Sinistcha|spd|1\n|\n|-heal|p2a: Sinistcha|78\/100|[from] item: Leftovers\n|-sideend|p2: Touruuuu|move: Light Screen\n|upkeep\n|turn|10\n|\n|t:|1700757666\n|move|p1a: Dragonite|Haze|p1a: Dragonite\n|-clearallboost\n|move|p2a: Sinistcha|Strength Sap|p1a: Dragonite\n|-unboost|p1a: Dragonite|atk|1\n|-heal|p2a: Sinistcha|100\/100\n|\n|upkeep\n|turn|11\n|\n|t:|1700757679\n|move|p1a: Dragonite|Air Slash|p2a: Sinistcha\n|-supereffective|p2a: Sinistcha\n|-damage|p2a: Sinistcha|37\/100\n|move|p2a: Sinistcha|Scald|p1a: Dragonite\n|-resisted|p1a: Dragonite\n|-damage|p1a: Dragonite|96\/100\n|\n|-heal|p2a: Sinistcha|44\/100|[from] item: Leftovers\n|upkeep\n|turn|12\n|\n|t:|1700757693\n|switch|p2a: Ceruledge|Ceruledge, M|100\/100\n|move|p1a: Dragonite|Air Slash|p2a: Ceruledge\n|-damage|p2a: Ceruledge|74\/100\n|\n|upkeep\n|turn|13\n|\n|t:|1700757719\n|move|p2a: Ceruledge|Poltergeist|p1a: Dragonite\n|-activate|p1a: Dragonite|move: Poltergeist|Metronome\n|-damage|p1a: Dragonite|57\/100\n|move|p1a: Dragonite|Barrier|p1a: Dragonite\n|-boost|p1a: Dragonite|def|2\n|\n|upkeep\n|turn|14\n|\n|t:|1700757733\n|move|p2a: Ceruledge|Poltergeist|p1a: Dragonite\n|-activate|p1a: Dragonite|move: Poltergeist|Metronome\n|-damage|p1a: Dragonite|37\/100\n|move|p1a: Dragonite|Roost|p1a: Dragonite\n|-heal|p1a: Dragonite|87\/100\n|-singleturn|p1a: Dragonite|move: Roost\n|\n|upkeep\n|turn|15\n|\n|t:|1700757742\n|switch|p2a: Sneasler|Sneasler, F|100\/100\n|move|p1a: Dragonite|Barrier|p1a: Dragonite\n|-boost|p1a: Dragonite|def|2\n|\n|upkeep\n|turn|16\n|\n|t:|1700757755\n|move|p2a: Sneasler|Fake Out|p1a: Dragonite\n|-damage|p1a: Dragonite|83\/100\n|cant|p1a: Dragonite|flinch\n|\n|upkeep\n|turn|17\n|\n|t:|1700757770\n|move|p2a: Sneasler|Dire Claw|p1a: Dragonite\n|-damage|p1a: Dragonite|70\/100\n|move|p1a: Dragonite|Air Slash|p2a: Sneasler\n|-supereffective|p2a: Sneasler\n|-damage|p2a: Sneasler|28\/100\n|\n|upkeep\n|turn|18\n|\n|t:|1700757780\n|move|p2a: Sneasler|Dire Claw|p1a: Dragonite\n|-damage|p1a: Dragonite|57\/100\n|-status|p1a: Dragonite|par\n|move|p1a: Dragonite|Roost|p1a: Dragonite\n|-heal|p1a: Dragonite|100\/100 par\n|-singleturn|p1a: Dragonite|move: Roost\n|\n|upkeep\n|turn|19\n|\n|t:|1700757790\n|move|p2a: Sneasler|Acrobatics|p1a: Dragonite\n|-damage|p1a: Dragonite|98\/100 par\n|move|p1a: Dragonite|Air Slash|p2a: Sneasler\n|-supereffective|p2a: Sneasler\n|-damage|p2a: Sneasler|0 fnt\n|faint|p2a: Sneasler\n|\n|upkeep\n|\n|t:|1700757801\n|switch|p2a: Lokix|Lokix, M|100\/100\n|turn|20\n|\n|t:|1700757815\n|-terastallize|p2a: Lokix|Bug\n|move|p2a: Lokix|First Impression|p1a: Dragonite\n|-resisted|p1a: Dragonite\n|-damage|p1a: Dragonite|80\/100 par\n|-damage|p2a: Lokix|91\/100|[from] item: Life Orb\n|cant|p1a: Dragonite|par\n|\n|upkeep\n|turn|21\n|-message|Touruuuu forfeited.\n|\n|win|Zippybud5\n|raw|Zippybud5's rating: 1075 &rarr; <strong>1105<\/strong><br \/>(+30 for winning)\n|raw|Touruuuu's rating: 1090 &rarr; <strong>1065<\/strong><br \/>(-25 for losing)\n|l|\u2606Touruuuu\n","uploadtime":1700757827,"views":0,"p1id":"zippybud5","p2id":"touruuuu","formatid":"gen9nationaldex","rating":1065,"private":0,"password":""}