{"id":"gen9nationaldex-1991603136","p1":"Porkedcar","p2":"Bodieee","format":"[Gen 9] National Dex","log":"|j|\u2606Porkedcar\n|j|\u2606Bodieee\n|t:|1700093113\n|gametype|singles\n|player|p1|Porkedcar|hiker-gen4|\n|player|p2|Bodieee|infielder|\n|teamsize|p1|6\n|teamsize|p2|6\n|gen|9\n|tier|[Gen 9] National Dex\n|rule|HP Percentage Mod: HP is shown in percentages\n|rule|Endless Battle Clause: Forcing endless battles is banned\n|rule|OHKO Clause: OHKO moves are banned\n|rule|Evasion Clause: Evasion abilities, items, and moves are banned\n|rule|Evasion Abilities Clause: Evasion abilities are banned\n|rule|Evasion Items Clause: Evasion items are banned\n|rule|Evasion Moves Clause: Evasion moves are banned\n|rule|Species Clause: Limit one of each Pok\u00e9mon\n|rule|Sleep Clause Mod: Limit one foe put to sleep\n|clearpoke\n|poke|p1|Bronzong|\n|poke|p1|Sceptile, F|\n|poke|p1|Corviknight, F|\n|poke|p1|Clodsire, F|\n|poke|p1|Terrakion|\n|poke|p1|Enamorus, F|\n|poke|p2|Dugtrio-Alola, F|\n|poke|p2|Heatran, M|\n|poke|p2|Tapu Fini|\n|poke|p2|Chansey, F|\n|poke|p2|Aggron, M|\n|poke|p2|Okidogi, M|\n|teampreview\n|j| Quorin\n|j| carutothehocarge\n|\n|t:|1700093136\n|start\n|switch|p1a: Piercecat|Clodsire, F|100\/100\n|switch|p2a: Aaggron|Aggron, M|100\/100\n|turn|1\n|\n|t:|1700093148\n|switch|p1a: Porkedcar|Bronzong|100\/100\n|detailschange|p2a: Aaggron|Aggron-Mega, M\n|-mega|p2a: Aaggron|Aggron|Aggronite\n|move|p2a: Aaggron|Stealth Rock|p1a: Porkedcar\n|-sidestart|p1: Porkedcar|move: Stealth Rock\n|\n|upkeep\n|turn|2\n|\n|t:|1700093157\n|switch|p2a: Froggy Heat|Heatran, M|100\/100\n|move|p1a: Porkedcar|Stealth Rock|p2a: Froggy Heat\n|-sidestart|p2: Bodieee|move: Stealth Rock\n|\n|upkeep\n|turn|3\n|j| I Hate AP Chem\n|j| JohnKramerFan\n|j| uwudaddyskitten\n|\n|t:|1700093216\n|switch|p1a: Piercecat|Clodsire, F|100\/100\n|-damage|p1a: Piercecat|94\/100|[from] Stealth Rock\n|move|p2a: Froggy Heat|Magma Storm|p1a: Piercecat|[miss]\n|-miss|p2a: Froggy Heat|p1a: Piercecat\n|\n|-heal|p1a: Piercecat|100\/100|[from] item: Leftovers\n|upkeep\n|turn|4\n|\n|t:|1700093231\n|move|p2a: Froggy Heat|Protect|p2a: Froggy Heat\n|-singleturn|p2a: Froggy Heat|Protect\n|move|p1a: Piercecat|Earthquake|p2a: Froggy Heat\n|-activate|p2a: Froggy Heat|move: Protect\n|\n|upkeep\n|turn|5\n|\n|t:|1700093239\n|move|p2a: Froggy Heat|Earth Power|p1a: Piercecat\n|-supereffective|p1a: Piercecat\n|-damage|p1a: Piercecat|75\/100\n|move|p1a: Piercecat|Spikes|p2a: Froggy Heat\n|-sidestart|p2: Bodieee|Spikes\n|\n|-heal|p1a: Piercecat|81\/100|[from] item: Leftovers\n|upkeep\n|turn|6\n|\n|t:|1700093247\n|move|p2a: Froggy Heat|Protect|p2a: Froggy Heat\n|-singleturn|p2a: Froggy Heat|Protect\n|move|p1a: Piercecat|Spikes|p2a: Froggy Heat\n|-sidestart|p2: Bodieee|Spikes\n|\n|-heal|p1a: Piercecat|88\/100|[from] item: Leftovers\n|upkeep\n|turn|7\n|\n|t:|1700093270\n|move|p2a: Froggy Heat|Earth Power|p1a: Piercecat\n|-supereffective|p1a: Piercecat\n|-damage|p1a: Piercecat|61\/100\n|move|p1a: Piercecat|Spikes|p2a: Froggy Heat\n|-sidestart|p2: Bodieee|Spikes\n|\n|-heal|p1a: Piercecat|68\/100|[from] item: Leftovers\n|upkeep\n|turn|8\n|\n|t:|1700093279\n|move|p2a: Froggy Heat|Earth Power|p1a: Piercecat\n|-supereffective|p1a: Piercecat\n|-damage|p1a: Piercecat|39\/100\n|move|p1a: Piercecat|Toxic Spikes|p2a: Froggy Heat\n|-sidestart|p2: Bodieee|move: Toxic Spikes\n|\n|-heal|p1a: Piercecat|45\/100|[from] item: Leftovers\n|upkeep\n|turn|9\n|\n|t:|1700093285\n|move|p2a: Froggy Heat|Earth Power|p1a: Piercecat\n|-supereffective|p1a: Piercecat\n|-damage|p1a: Piercecat|18\/100\n|move|p1a: Piercecat|Recover|p1a: Piercecat\n|-heal|p1a: Piercecat|68\/100\n|\n|-heal|p1a: Piercecat|74\/100|[from] item: Leftovers\n|upkeep\n|turn|10\n|\n|t:|1700093293\n|move|p2a: Froggy Heat|Earth Power|p1a: Piercecat\n|-supereffective|p1a: Piercecat\n|-damage|p1a: Piercecat|44\/100\n|move|p1a: Piercecat|Toxic Spikes|p2a: Froggy Heat\n|-sidestart|p2: Bodieee|move: Toxic Spikes\n|\n|-heal|p1a: Piercecat|50\/100|[from] item: Leftovers\n|upkeep\n|turn|11\n|\n|t:|1700093299\n|move|p2a: Froggy Heat|Earth Power|p1a: Piercecat\n|-supereffective|p1a: Piercecat\n|-damage|p1a: Piercecat|21\/100\n|move|p1a: Piercecat|Recover|p1a: Piercecat\n|-heal|p1a: Piercecat|71\/100\n|\n|-heal|p1a: Piercecat|77\/100|[from] item: Leftovers\n|upkeep\n|turn|12\n|\n|t:|1700093308\n|move|p2a: Froggy Heat|Magma Storm|p1a: Piercecat|[miss]\n|-miss|p2a: Froggy Heat|p1a: Piercecat\n|move|p1a: Piercecat|Earthquake|p2a: Froggy Heat\n|-supereffective|p2a: Froggy Heat\n|-damage|p2a: Froggy Heat|16\/100\n|\n|-heal|p2a: Froggy Heat|22\/100|[from] item: Leftovers\n|-heal|p1a: Piercecat|83\/100|[from] item: Leftovers\n|upkeep\n|turn|13\n|\n|t:|1700093316\n|move|p2a: Froggy Heat|Earth Power|p1a: Piercecat\n|-supereffective|p1a: Piercecat\n|-damage|p1a: Piercecat|54\/100\n|move|p1a: Piercecat|Earthquake|p2a: Froggy Heat\n|-supereffective|p2a: Froggy Heat\n|-damage|p2a: Froggy Heat|0 fnt\n|faint|p2a: Froggy Heat\n|\n|-heal|p1a: Piercecat|61\/100|[from] item: Leftovers\n|upkeep\n|\n|t:|1700093346\n|switch|p2a: Ned Flanders|Okidogi, M|100\/100\n|-damage|p2a: Ned Flanders|95\/100|[from] Stealth Rock\n|-damage|p2a: Ned Flanders|70\/100|[from] Spikes\n|-sideend|p2: Bodieee|move: Toxic Spikes|[of] p2a: Ned Flanders\n|turn|14\n|\n|t:|1700093366\n|move|p2a: Ned Flanders|Ice Punch|p1a: Piercecat\n|-supereffective|p1a: Piercecat\n|-damage|p1a: Piercecat|0 fnt\n|faint|p1a: Piercecat\n|\n|upkeep\n|\n|t:|1700093394\n|switch|p1a: Poorgyatt|Enamorus, F|100\/100\n|-damage|p1a: Poorgyatt|76\/100|[from] Stealth Rock\n|turn|15\n|\n|t:|1700093420\n|move|p1a: Poorgyatt|Earth Power|p2a: Ned Flanders\n|-supereffective|p2a: Ned Flanders\n|-damage|p2a: Ned Flanders|0 fnt\n|faint|p2a: Ned Flanders\n|-damage|p1a: Poorgyatt|66\/100|[from] item: Life Orb\n|\n|upkeep\n|\n|t:|1700093441\n|switch|p2a: B.O.B. but Pink|Chansey, F|100\/100\n|-damage|p2a: B.O.B. but Pink|88\/100|[from] Stealth Rock\n|-damage|p2a: B.O.B. but Pink|63\/100|[from] Spikes\n|turn|16\n|\n|t:|1700093462\n|switch|p1a: Porkedcar|Bronzong|100\/100\n|-damage|p1a: Porkedcar|94\/100|[from] Stealth Rock\n|move|p2a: B.O.B. but Pink|Toxic|p1a: Porkedcar\n|-immune|p1a: Porkedcar\n|\n|-heal|p1a: Porkedcar|100\/100|[from] item: Leftovers\n|upkeep\n|turn|17\n|\n|t:|1700093475\n|move|p2a: B.O.B. but Pink|Soft-Boiled|p2a: B.O.B. but Pink\n|-heal|p2a: B.O.B. but Pink|100\/100\n|move|p1a: Porkedcar|Body Press|p2a: B.O.B. but Pink\n|-supereffective|p2a: B.O.B. but Pink\n|-damage|p2a: B.O.B. but Pink|75\/100\n|\n|upkeep\n|turn|18\n|\n|t:|1700093496\n|switch|p2a: Marge|Tapu Fini, shiny|100\/100\n|-damage|p2a: Marge|88\/100|[from] Stealth Rock\n|-damage|p2a: Marge|63\/100|[from] Spikes\n|-fieldstart|move: Misty Terrain|[from] ability: Misty Surge|[of] p2a: Marge\n|move|p1a: Porkedcar|Toxic|p2a: Marge\n|-activate|p2a: Marge|move: Misty Terrain\n|\n|upkeep\n|turn|19\n|\n|t:|1700093505\n|move|p2a: Marge|Trick|p1a: Porkedcar\n|-activate|p2a: Marge|move: Trick|[of] p1a: Porkedcar\n|-item|p1a: Porkedcar|Choice Scarf|[from] move: Trick\n|-item|p2a: Marge|Leftovers|[from] move: Trick\n|move|p1a: Porkedcar|Heavy Slam|p2a: Marge\n|-damage|p2a: Marge|26\/100\n|\n|-heal|p2a: Marge|33\/100|[from] item: Leftovers\n|upkeep\n|turn|20\n|\n|t:|1700093538\n|move|p2a: Marge|Moonblast|p1a: Porkedcar\n|-resisted|p1a: Porkedcar\n|-damage|p1a: Porkedcar|88\/100\n|move|p1a: Porkedcar|Heavy Slam|p2a: Marge\n|-damage|p2a: Marge|0 fnt\n|faint|p2a: Marge\n|\n|upkeep\n|\n|t:|1700093549\n|switch|p2a: B.O.B. but Pink|Chansey, F|75\/100\n|-damage|p2a: B.O.B. but Pink|63\/100|[from] Stealth Rock\n|-damage|p2a: B.O.B. but Pink|38\/100|[from] Spikes\n|turn|21\n|\n|t:|1700093571\n|move|p1a: Porkedcar|Heavy Slam|p2a: B.O.B. but Pink\n|-damage|p2a: B.O.B. but Pink|11\/100\n|move|p2a: B.O.B. but Pink|Seismic Toss|p1a: Porkedcar\n|-damage|p1a: Porkedcar|59\/100\n|\n|upkeep\n|turn|22\n|\n|t:|1700093578\n|move|p1a: Porkedcar|Heavy Slam|p2a: B.O.B. but Pink\n|-damage|p2a: B.O.B. but Pink|0 fnt\n|faint|p2a: B.O.B. but Pink\n|\n|-fieldend|Misty Terrain\n|upkeep\n|\n|t:|1700093584\n|switch|p2a: Aaggron|Aggron-Mega, M|100\/100\n|-damage|p2a: Aaggron|94\/100|[from] Stealth Rock\n|-damage|p2a: Aaggron|69\/100|[from] Spikes\n|turn|23\n|\n|t:|1700093591\n|move|p1a: Porkedcar|Heavy Slam|p2a: Aaggron\n|-resisted|p2a: Aaggron\n|-damage|p2a: Aaggron|66\/100\n|move|p2a: Aaggron|Heavy Slam|p1a: Porkedcar\n|-resisted|p1a: Porkedcar\n|-damage|p1a: Porkedcar|46\/100\n|\n|upkeep\n|turn|24\n|\n|t:|1700093633\n|move|p1a: Porkedcar|Heavy Slam|p2a: Aaggron\n|-resisted|p2a: Aaggron\n|-damage|p2a: Aaggron|63\/100\n|move|p2a: Aaggron|Heavy Slam|p1a: Porkedcar\n|-resisted|p1a: Porkedcar\n|-damage|p1a: Porkedcar|34\/100\n|\n|upkeep\n|turn|25\n|\n|t:|1700093644\n|move|p1a: Porkedcar|Heavy Slam|p2a: Aaggron\n|-resisted|p2a: Aaggron\n|-damage|p2a: Aaggron|60\/100\n|move|p2a: Aaggron|Heavy Slam|p1a: Porkedcar\n|-resisted|p1a: Porkedcar\n|-damage|p1a: Porkedcar|22\/100\n|\n|upkeep\n|turn|26\n|\n|t:|1700093651\n|move|p1a: Porkedcar|Heavy Slam|p2a: Aaggron\n|-resisted|p2a: Aaggron\n|-damage|p2a: Aaggron|58\/100\n|move|p2a: Aaggron|Heavy Slam|p1a: Porkedcar\n|-resisted|p1a: Porkedcar\n|-damage|p1a: Porkedcar|10\/100\n|\n|upkeep\n|turn|27\n|\n|t:|1700093664\n|move|p1a: Porkedcar|Heavy Slam|p2a: Aaggron\n|-resisted|p2a: Aaggron\n|-damage|p2a: Aaggron|55\/100\n|move|p2a: Aaggron|Heavy Slam|p1a: Porkedcar\n|-resisted|p1a: Porkedcar\n|-damage|p1a: Porkedcar|0 fnt\n|faint|p1a: Porkedcar\n|\n|upkeep\n|j| dinguskringus\n|\n|t:|1700093747\n|switch|p1a: Pureshat|Corviknight, F|100\/100\n|-damage|p1a: Pureshat|88\/100|[from] Stealth Rock\n|-ability|p1a: Pureshat|Pressure\n|turn|28\n|\n|t:|1700093753\n|move|p1a: Pureshat|Reflect|p1a: Pureshat\n|-sidestart|p1: Porkedcar|Reflect\n|move|p2a: Aaggron|Heavy Slam|p1a: Pureshat\n|-resisted|p1a: Pureshat\n|-damage|p1a: Pureshat|80\/100\n|\n|-heal|p1a: Pureshat|86\/100|[from] item: Leftovers\n|upkeep\n|turn|29\n|\n|t:|1700093767\n|move|p1a: Pureshat|Brave Bird|p2a: Aaggron\n|-resisted|p2a: Aaggron\n|-damage|p2a: Aaggron|46\/100\n|-damage|p1a: Pureshat|84\/100|[from] Recoil\n|move|p2a: Aaggron|Heavy Slam|p1a: Pureshat\n|-resisted|p1a: Pureshat\n|-damage|p1a: Pureshat|76\/100\n|\n|-heal|p1a: Pureshat|82\/100|[from] item: Leftovers\n|upkeep\n|turn|30\n|\n|t:|1700093780\n|move|p1a: Pureshat|Brave Bird|p2a: Aaggron\n|-resisted|p2a: Aaggron\n|-damage|p2a: Aaggron|38\/100\n|-damage|p1a: Pureshat|80\/100|[from] Recoil\n|move|p2a: Aaggron|Heavy Slam|p1a: Pureshat\n|-resisted|p1a: Pureshat\n|-damage|p1a: Pureshat|72\/100\n|\n|-heal|p1a: Pureshat|78\/100|[from] item: Leftovers\n|upkeep\n|turn|31\n|\n|t:|1700093792\n|move|p1a: Pureshat|Brave Bird|p2a: Aaggron\n|-resisted|p2a: Aaggron\n|-damage|p2a: Aaggron|30\/100\n|-damage|p1a: Pureshat|75\/100|[from] Recoil\n|move|p2a: Aaggron|Heavy Slam|p1a: Pureshat\n|-resisted|p1a: Pureshat\n|-damage|p1a: Pureshat|67\/100\n|\n|-heal|p1a: Pureshat|73\/100|[from] item: Leftovers\n|upkeep\n|turn|32\n|\n|t:|1700093804\n|move|p1a: Pureshat|Brave Bird|p2a: Aaggron\n|-resisted|p2a: Aaggron\n|-damage|p2a: Aaggron|20\/100\n|-damage|p1a: Pureshat|71\/100|[from] Recoil\n|move|p2a: Aaggron|Heavy Slam|p1a: Pureshat\n|-resisted|p1a: Pureshat\n|-damage|p1a: Pureshat|62\/100\n|\n|-heal|p1a: Pureshat|68\/100|[from] item: Leftovers\n|-sideend|p1: Porkedcar|Reflect\n|upkeep\n|turn|33\n|\n|t:|1700093813\n|move|p1a: Pureshat|Reflect|p1a: Pureshat\n|-sidestart|p1: Porkedcar|Reflect\n|move|p2a: Aaggron|Heavy Slam|p1a: Pureshat\n|-resisted|p1a: Pureshat\n|-damage|p1a: Pureshat|60\/100\n|\n|-heal|p1a: Pureshat|66\/100|[from] item: Leftovers\n|upkeep\n|turn|34\n|l| dinguskringus\n|\n|t:|1700093835\n|move|p1a: Pureshat|U-turn|p2a: Aaggron\n|-resisted|p2a: Aaggron\n|-damage|p2a: Aaggron|17\/100\n|\n|t:|1700093839\n|switch|p1a: Pursedbat|Terrakion|100\/100|[from] U-turn\n|-damage|p1a: Pursedbat|94\/100|[from] Stealth Rock\n|move|p2a: Aaggron|Iron Defense|p2a: Aaggron\n|-boost|p2a: Aaggron|def|2\n|\n|upkeep\n|turn|35\n|\n|t:|1700093846\n|move|p1a: Pursedbat|Close Combat|p2a: Aaggron\n|-supereffective|p2a: Aaggron\n|-damage|p2a: Aaggron|0 fnt\n|-unboost|p1a: Pursedbat|def|1\n|-unboost|p1a: Pursedbat|spd|1\n|faint|p2a: Aaggron\n|\n|upkeep\n|\n|t:|1700093852\n|switch|p2a: ThisHas2BeRacist|Dugtrio-Alola, F, shiny|100\/100\n|turn|36\n|\n|t:|1700093868\n|move|p1a: Pursedbat|Close Combat|p2a: ThisHas2BeRacist\n|-supereffective|p2a: ThisHas2BeRacist\n|-damage|p2a: ThisHas2BeRacist|0 fnt\n|-unboost|p1a: Pursedbat|def|1\n|-unboost|p1a: Pursedbat|spd|1\n|-ability|p2a: ThisHas2BeRacist|Tangling Hair\n|-unboost|p1a: Pursedbat|spe|1\n|faint|p2a: ThisHas2BeRacist\n|\n|win|Porkedcar\n|l|\u2606Bodieee\n|l| JohnKramerFan\n","uploadtime":1700093903,"views":26,"p1id":"porkedcar","p2id":"bodieee","formatid":"gen9nationaldex","rating":0,"private":0,"password":""}