{"id":"gen9nationaldex-1989991683","p1":"Vampere151","p2":"banwobDPP","format":"[Gen 9] National Dex","log":"|j|\u2606Vampere151\n|j|\u2606banwobDPP\n|inactive|Battle timer is ON: inactive players will automatically lose when time's up.\n|t:|1699913263\n|gametype|singles\n|player|p1|Vampere151|2|\n|player|p2|banwobDPP|n|\n|teamsize|p1|6\n|teamsize|p2|6\n|gen|9\n|tier|[Gen 9] National Dex\n|rated|Tournament battle\n|rule|HP Percentage Mod: HP is shown in percentages\n|rule|Endless Battle Clause: Forcing endless battles is banned\n|rule|OHKO Clause: OHKO moves are banned\n|rule|Evasion Clause: Evasion abilities, items, and moves are banned\n|rule|Evasion Abilities Clause: Evasion abilities are banned\n|rule|Evasion Items Clause: Evasion items are banned\n|rule|Evasion Moves Clause: Evasion moves are banned\n|rule|Species Clause: Limit one of each Pok\u00e9mon\n|rule|Sleep Clause Mod: Limit one foe put to sleep\n|clearpoke\n|poke|p1|Heatran, F|\n|poke|p1|Charizard, M|\n|poke|p1|Great Tusk|\n|poke|p1|Iron Moth|\n|poke|p1|Ogerpon-Cornerstone, F|\n|poke|p1|Moltres|\n|poke|p2|Kommo-o, M|\n|poke|p2|Ferrothorn, M|\n|poke|p2|Sneasler, M|\n|poke|p2|Kyurem|\n|poke|p2|Landorus-Therian, M|\n|poke|p2|Lopunny, F|\n|teampreview\n|j|*Lady Monita \u2746\n|\n|t:|1699913283\n|start\n|switch|p1a: Great Tusk|Great Tusk|100\/100\n|switch|p2a: Landorus|Landorus-Therian, M|100\/100\n|-weather|Sandstorm|[from] ability: Sand Stream|[of] p2a: Landorus\n|-weather|SunnyDay|[from] ability: Drought|[of] p1a: Great Tusk\n|turn|1\n|\n|t:|1699913290\n|switch|p2a: Ferrothorn|Ferrothorn, M|100\/100\n|-weather|RainDance|[from] ability: Drizzle|[of] p2a: Ferrothorn\n|move|p1a: Great Tusk|Ice Spinner|p2a: Ferrothorn\n|-damage|p2a: Ferrothorn|82\/100\n|\n|-weather|RainDance|[upkeep]\n|upkeep\n|turn|2\n|\n|t:|1699913300\n|switch|p1a: Moltres|Moltres|100\/100\n|-weather|SunnyDay|[from] ability: Drought|[of] p1a: Moltres\n|move|p2a: Ferrothorn|Gyro Ball|p1a: Moltres\n|-resisted|p1a: Moltres\n|-damage|p1a: Moltres|57\/100\n|\n|-weather|SunnyDay|[upkeep]\n|upkeep\n|turn|3\n|\n|t:|1699913306\n|switch|p2a: Landorus|Landorus-Therian, M|100\/100\n|-weather|Sandstorm|[from] ability: Sand Stream|[of] p2a: Landorus\n|move|p1a: Moltres|Will-O-Wisp|p2a: Landorus\n|-status|p2a: Landorus|brn\n|\n|-weather|Sandstorm|[upkeep]\n|-damage|p1a: Moltres|51\/100|[from] Sandstorm\n|-damage|p2a: Landorus|94\/100 brn|[from] brn\n|upkeep\n|turn|4\n|\n|t:|1699913311\n|switch|p1a: Great Tusk|Great Tusk|100\/100\n|-weather|SunnyDay|[from] ability: Drought|[of] p1a: Great Tusk\n|move|p2a: Landorus|Toxic|p1a: Great Tusk\n|-status|p1a: Great Tusk|tox\n|\n|-weather|SunnyDay|[upkeep]\n|-damage|p1a: Great Tusk|94\/100 tox|[from] psn\n|-damage|p2a: Landorus|88\/100 brn|[from] brn\n|upkeep\n|turn|5\n|\n|t:|1699913319\n|switch|p2a: Kyurem|Kyurem|100\/100\n|-weather|Snow|[from] ability: Snow Warning|[of] p2a: Kyurem\n|move|p1a: Great Tusk|Stealth Rock|p2a: Kyurem\n|-sidestart|p2: banwobDPP|move: Stealth Rock\n|\n|-weather|Snow|[upkeep]\n|-heal|p1a: Great Tusk|100\/100 tox|[from] item: Leftovers\n|-damage|p1a: Great Tusk|88\/100 tox|[from] psn\n|upkeep\n|turn|6\n|\n|t:|1699913324\n|switch|p1a: Heatran|Heatran, F|100\/100\n|-weather|SunnyDay|[from] ability: Drought|[of] p1a: Heatran\n|move|p2a: Kyurem|Substitute|p2a: Kyurem\n|-start|p2a: Kyurem|Substitute\n|-damage|p2a: Kyurem|76\/100\n|\n|-weather|SunnyDay|[upkeep]\n|upkeep\n|turn|7\n|\n|t:|1699913335\n|move|p2a: Kyurem|Earth Power|p1a: Heatran\n|-supereffective|p1a: Heatran\n|-damage|p1a: Heatran|25\/100\n|move|p1a: Heatran|Earth Power|p2a: Kyurem\n|-activate|p2a: Kyurem|move: Substitute|[damage]\n|\n|-weather|SunnyDay|[upkeep]\n|-heal|p1a: Heatran|31\/100|[from] item: Leftovers\n|upkeep\n|turn|8\n|\n|t:|1699913343\n|switch|p1a: Moltres|Moltres|51\/100\n|move|p2a: Kyurem|Earth Power|p1a: Moltres\n|-immune|p1a: Moltres\n|\n|-weather|SunnyDay|[upkeep]\n|upkeep\n|turn|9\n|\n|t:|1699913348\n|move|p2a: Kyurem|Freeze-Dry|p1a: Moltres\n|-damage|p1a: Moltres|25\/100\n|move|p1a: Moltres|Roost|p1a: Moltres\n|-heal|p1a: Moltres|75\/100\n|-singleturn|p1a: Moltres|move: Roost\n|\n|-weather|SunnyDay|[upkeep]\n|upkeep\n|turn|10\n|\n|t:|1699913353\n|move|p2a: Kyurem|Roost|p2a: Kyurem\n|-heal|p2a: Kyurem|100\/100\n|-singleturn|p2a: Kyurem|move: Roost\n|move|p1a: Moltres|Flamethrower|p2a: Kyurem\n|-end|p2a: Kyurem|Substitute\n|\n|-weather|none\n|upkeep\n|turn|11\n|\n|t:|1699913364\n|switch|p1a: Iron Moth|Iron Moth|100\/100\n|-weather|SunnyDay|[from] ability: Drought|[of] p1a: Iron Moth\n|move|p2a: Kyurem|Substitute|p2a: Kyurem\n|-start|p2a: Kyurem|Substitute\n|-damage|p2a: Kyurem|76\/100\n|\n|-weather|SunnyDay|[upkeep]\n|upkeep\n|turn|12\n|\n|t:|1699913372\n|-terastallize|p1a: Iron Moth|Grass\n|move|p1a: Iron Moth|Fiery Dance|p2a: Kyurem\n|-end|p2a: Kyurem|Substitute\n|move|p2a: Kyurem|Earth Power|p1a: Iron Moth\n|-resisted|p1a: Iron Moth\n|-damage|p1a: Iron Moth|84\/100\n|\n|-weather|SunnyDay|[upkeep]\n|upkeep\n|turn|13\n|\n|t:|1699913377\n|move|p1a: Iron Moth|Fiery Dance|p2a: Kyurem\n|-damage|p2a: Kyurem|33\/100\n|-boost|p1a: Iron Moth|spa|1\n|move|p2a: Kyurem|Freeze-Dry|p1a: Iron Moth\n|-supereffective|p1a: Iron Moth\n|-damage|p1a: Iron Moth|12\/100\n|\n|-weather|SunnyDay|[upkeep]\n|upkeep\n|turn|14\n|\n|t:|1699913386\n|switch|p2a: Landorus|Landorus-Therian, M|88\/100 brn\n|-damage|p2a: Landorus|76\/100 brn|[from] Stealth Rock\n|-weather|Sandstorm|[from] ability: Sand Stream|[of] p2a: Landorus\n|move|p1a: Iron Moth|Fiery Dance|p2a: Landorus\n|-damage|p2a: Landorus|6\/100 brn\n|-boost|p1a: Iron Moth|spa|1\n|\n|-weather|Sandstorm|[upkeep]\n|-damage|p1a: Iron Moth|6\/100|[from] Sandstorm\n|-damage|p2a: Landorus|0 fnt|[from] brn\n|faint|p2a: Landorus\n|upkeep\n|\n|t:|1699913393\n|switch|p2a: Lopunny|Lopunny, F|100\/100\n|-damage|p2a: Lopunny|88\/100|[from] Stealth Rock\n|turn|15\n|\n|t:|1699913399\n|detailschange|p2a: Lopunny|Lopunny-Mega, F\n|-mega|p2a: Lopunny|Lopunny|Lopunnite\n|move|p2a: Lopunny|Fake Out|p1a: Iron Moth\n|-damage|p1a: Iron Moth|0 fnt\n|faint|p1a: Iron Moth\n|\n|-weather|Sandstorm|[upkeep]\n|-damage|p2a: Lopunny|82\/100|[from] Sandstorm\n|upkeep\n|\n|t:|1699913403\n|switch|p1a: Moltres|Moltres|75\/100\n|-weather|SunnyDay|[from] ability: Drought|[of] p1a: Moltres\n|turn|16\n|\n|t:|1699913416\n|switch|p2a: Kommo-o|Kommo-o, M|100\/100\n|-damage|p2a: Kommo-o|94\/100|[from] Stealth Rock\n|-weather|RainDance|[from] ability: Drizzle|[of] p2a: Kommo-o\n|switch|p1a: Charizard|Charizard, M|100\/100\n|-weather|SunnyDay|[from] ability: Drought|[of] p1a: Charizard\n|\n|-weather|SunnyDay|[upkeep]\n|-heal|p2a: Kommo-o|100\/100|[from] item: Leftovers\n|upkeep\n|turn|17\n|\n|t:|1699913427\n|move|p1a: Charizard|Dragon Dance|p1a: Charizard\n|-boost|p1a: Charizard|atk|1\n|-boost|p1a: Charizard|spe|1\n|move|p2a: Kommo-o|Stealth Rock|p1a: Charizard\n|-sidestart|p1: Vampere151|move: Stealth Rock\n|\n|-weather|SunnyDay|[upkeep]\n|upkeep\n|turn|18\n|\n|t:|1699913435\n|detailschange|p1a: Charizard|Charizard-Mega-X, M\n|-mega|p1a: Charizard|Charizard|Charizardite X\n|move|p1a: Charizard|Dragon Claw|p2a: Kommo-o\n|-supereffective|p2a: Kommo-o\n|-damage|p2a: Kommo-o|0 fnt\n|faint|p2a: Kommo-o\n|\n|-weather|SunnyDay|[upkeep]\n|upkeep\n|\n|t:|1699913455\n|switch|p2a: Sneasler|Sneasler, M|100\/100\n|-weather|RainDance|[from] ability: Drizzle|[of] p2a: Sneasler\n|turn|19\n|inactive|banwobDPP has 120 seconds left.\n|\n|t:|1699913477\n|move|p1a: Charizard|Dragon Claw|p2a: Sneasler\n|-crit|p2a: Sneasler\n|-damage|p2a: Sneasler|0 fnt\n|faint|p2a: Sneasler\n|\n|-weather|RainDance|[upkeep]\n|upkeep\n|inactive|banwobDPP has 120 seconds left.\n|\n|t:|1699913482\n|switch|p2a: Lopunny|Lopunny-Mega, F|82\/100\n|-damage|p2a: Lopunny|77\/100|[from] Stealth Rock\n|turn|20\n|\n|t:|1699913486\n|move|p2a: Lopunny|Fake Out|p1a: Charizard\n|-damage|p1a: Charizard|76\/100\n|cant|p1a: Charizard|flinch\n|\n|-weather|RainDance|[upkeep]\n|upkeep\n|turn|21\n|\n|t:|1699913502\n|switch|p2a: Ferrothorn|Ferrothorn, M|82\/100\n|-damage|p2a: Ferrothorn|76\/100|[from] Stealth Rock\n|move|p1a: Charizard|Dragon Claw|p2a: Ferrothorn\n|-resisted|p2a: Ferrothorn\n|-damage|p2a: Ferrothorn|41\/100\n|\n|-weather|RainDance|[upkeep]\n|upkeep\n|turn|22\n|\n|t:|1699913511\n|move|p1a: Charizard|Flare Blitz|p2a: Ferrothorn\n|-supereffective|p2a: Ferrothorn\n|-damage|p2a: Ferrothorn|0 fnt\n|faint|p2a: Ferrothorn\n|-damage|p1a: Charizard|60\/100|[from] Recoil\n|\n|-weather|RainDance|[upkeep]\n|upkeep\n|\n|t:|1699913514\n|switch|p2a: Lopunny|Lopunny-Mega, F|77\/100\n|-damage|p2a: Lopunny|71\/100|[from] Stealth Rock\n|turn|23\n|\n|t:|1699913518\n|move|p2a: Lopunny|Fake Out|p1a: Charizard\n|-damage|p1a: Charizard|36\/100\n|cant|p1a: Charizard|flinch\n|\n|-weather|none\n|upkeep\n|turn|24\n|\n|t:|1699913524\n|move|p1a: Charizard|Dragon Claw|p2a: Lopunny\n|-damage|p2a: Lopunny|0 fnt\n|faint|p2a: Lopunny\n|\n|upkeep\n|\n|t:|1699913525\n|switch|p2a: Kyurem|Kyurem|33\/100\n|-weather|Snow|[from] ability: Snow Warning|[of] p2a: Kyurem\n|turn|25\n|-message|banwobDPP forfeited.\n|\n|win|Vampere151\n|n|\u2606Vampere151|vampere151\n|n|\u2606banwobDPP|banwobdpp\n|n|*Lady Monita \u2746|ladymonita\n","uploadtime":1699913531,"views":4,"p1id":"vampere151","p2id":"banwobdpp","formatid":"gen9nationaldex","rating":0,"private":0,"password":""}