{"id":"gen9nationaldex-1996888822","p1":"Onlymanever","p2":"henriquecer","format":"[Gen 9] National Dex","log":"|html|<div class=\"broadcast-blue\"><strong>[Gen 9] National Dex is currently suspecting Sneasler! For information on how to participate check out the <a href=\"https:\/\/www.smogon.com\/forums\/threads\/sv-national-dex-suspect-8-just-dance.3731534\/\">suspect thread<\/a>.<\/strong><\/div>\n|j|\u203dOnlymanever\n|j|\u2606henriquecer\n|t:|1700740720\n|gametype|singles\n|player|p1|Onlymanever|lyra|1045\n|player|p2|henriquecer|volkner|1157\n|teamsize|p1|6\n|teamsize|p2|6\n|gen|9\n|tier|[Gen 9] National Dex\n|rated|\n|rule|HP Percentage Mod: HP is shown in percentages\n|rule|Endless Battle Clause: Forcing endless battles is banned\n|rule|OHKO Clause: OHKO moves are banned\n|rule|Evasion Clause: Evasion abilities, items, and moves are banned\n|rule|Evasion Abilities Clause: Evasion abilities are banned\n|rule|Evasion Items Clause: Evasion items are banned\n|rule|Evasion Moves Clause: Evasion moves are banned\n|rule|Species Clause: Limit one of each Pok\u00e9mon\n|rule|Sleep Clause Mod: Limit one foe put to sleep\n|clearpoke\n|poke|p1|Mr. Mime, M|\n|poke|p1|Inteleon, F|\n|poke|p1|Gallade, M|\n|poke|p1|Arcanine, F|\n|poke|p1|Staraptor, F|\n|poke|p1|Electivire, F|\n|poke|p2|Charizard, F|\n|poke|p2|Scizor, F|\n|poke|p2|Swampert, F|\n|poke|p2|Torterra, F|\n|poke|p2|Noivern, M|\n|poke|p2|Mimikyu, F|\n|teampreview\n|\n|t:|1700740744\n|start\n|switch|p1a: Inteleon|Inteleon, F|100\/100\n|switch|p2a: Scizor|Scizor, F|100\/100\n|turn|1\n|\n|t:|1700740756\n|switch|p1a: Arcanine|Arcanine, F|100\/100\n|move|p2a: Scizor|Swords Dance|p2a: Scizor\n|-boost|p2a: Scizor|atk|2\n|\n|upkeep\n|turn|2\n|\n|t:|1700740763\n|-terastallize|p2a: Scizor|Fire\n|move|p1a: Arcanine|Flare Blitz|p2a: Scizor\n|-resisted|p2a: Scizor\n|-damage|p2a: Scizor|75\/100\n|-damage|p1a: Arcanine|91\/100|[from] Recoil\n|move|p2a: Scizor|Wing Attack|p1a: Arcanine\n|-damage|p1a: Arcanine|0 fnt\n|faint|p1a: Arcanine\n|\n|upkeep\n|\n|t:|1700740777\n|switch|p1a: Inteleon|Inteleon, F|100\/100\n|turn|3\n|\n|t:|1700740781\n|move|p2a: Scizor|Bullet Punch|p1a: Inteleon\n|-resisted|p1a: Inteleon\n|-damage|p1a: Inteleon|31\/100\n|move|p1a: Inteleon|Snipe Shot|p2a: Scizor\n|-supereffective|p2a: Scizor\n|-damage|p2a: Scizor|0 fnt\n|faint|p2a: Scizor\n|\n|-heal|p1a: Inteleon|38\/100|[from] item: Leftovers\n|upkeep\n|\n|t:|1700740792\n|switch|p2a: Torterra|Torterra, F|100\/100\n|turn|4\n|\n|t:|1700740796\n|move|p1a: Inteleon|Ice Beam|p2a: Torterra\n|-supereffective|p2a: Torterra\n|-enditem|p2a: Torterra|Focus Sash\n|-damage|p2a: Torterra|1\/100\n|move|p2a: Torterra|Shell Smash|p2a: Torterra\n|-unboost|p2a: Torterra|def|1\n|-unboost|p2a: Torterra|spd|1\n|-boost|p2a: Torterra|atk|2\n|-boost|p2a: Torterra|spa|2\n|-boost|p2a: Torterra|spe|2\n|\n|-heal|p1a: Inteleon|44\/100|[from] item: Leftovers\n|upkeep\n|turn|5\n|\n|t:|1700740812\n|move|p1a: Inteleon|Aqua Jet|p2a: Torterra\n|-damage|p2a: Torterra|0 fnt\n|faint|p2a: Torterra\n|\n|-heal|p1a: Inteleon|50\/100|[from] item: Leftovers\n|upkeep\n|\n|t:|1700740816\n|switch|p2a: Mimikyu|Mimikyu, F|100\/100\n|turn|6\n|\n|t:|1700740822\n|move|p1a: Inteleon|Aqua Jet|p2a: Mimikyu\n|-activate|p2a: Mimikyu|ability: Disguise\n|-damage|p2a: Mimikyu|100\/100\n|detailschange|p2a: Mimikyu|Mimikyu-Busted, F\n|-damage|p2a: Mimikyu|88\/100|[from] pokemon: Mimikyu-Busted\n|-zpower|p2a: Mimikyu\n|move|p2a: Mimikyu|Let's Snuggle Forever|p1a: Inteleon|[zeffect]\n|-damage|p1a: Inteleon|0 fnt\n|faint|p1a: Inteleon\n|\n|upkeep\n|\n|t:|1700740839\n|switch|p1a: Staraptor|Staraptor, F|100\/100\n|turn|7\n|\n|t:|1700740844\n|move|p2a: Mimikyu|Swords Dance|p2a: Mimikyu\n|-boost|p2a: Mimikyu|atk|2\n|move|p1a: Staraptor|Brave Bird|p2a: Mimikyu\n|-damage|p2a: Mimikyu|0 fnt\n|faint|p2a: Mimikyu\n|-damage|p1a: Staraptor|77\/100|[from] Recoil\n|\n|-heal|p1a: Staraptor|83\/100|[from] item: Leftovers\n|upkeep\n|\n|t:|1700740855\n|switch|p2a: Swampert|Swampert, F|100\/100\n|turn|8\n|\n|t:|1700740859\n|move|p1a: Staraptor|Brave Bird|p2a: Swampert\n|-damage|p2a: Swampert|34\/100\n|-damage|p1a: Staraptor|55\/100|[from] Recoil\n|move|p2a: Swampert|Ice Punch|p1a: Staraptor\n|-supereffective|p1a: Staraptor\n|-damage|p1a: Staraptor|0 fnt\n|faint|p1a: Staraptor\n|\n|upkeep\n|\n|t:|1700740878\n|switch|p1a: Gallade|Gallade, M|100\/100\n|turn|9\n|\n|t:|1700740886\n|move|p1a: Gallade|Bulk Up|p1a: Gallade\n|-boost|p1a: Gallade|atk|1\n|-boost|p1a: Gallade|def|1\n|move|p2a: Swampert|Liquidation|p1a: Gallade\n|-damage|p1a: Gallade|63\/100\n|\n|-heal|p1a: Gallade|69\/100|[from] item: Leftovers\n|upkeep\n|turn|10\n|\n|t:|1700740899\n|move|p1a: Gallade|Psycho Cut|p2a: Swampert\n|-crit|p2a: Swampert\n|-damage|p2a: Swampert|0 fnt\n|faint|p2a: Swampert\n|\n|-heal|p1a: Gallade|76\/100|[from] item: Leftovers\n|upkeep\n|\n|t:|1700740904\n|switch|p2a: Noivern|Noivern, M|100\/100\n|turn|11\n|\n|t:|1700740919\n|-terastallize|p1a: Gallade|Electric\n|move|p2a: Noivern|Air Slash|p1a: Gallade\n|-resisted|p1a: Gallade\n|-crit|p1a: Gallade\n|-damage|p1a: Gallade|48\/100\n|move|p1a: Gallade|Psycho Cut|p2a: Noivern\n|-crit|p2a: Noivern\n|-enditem|p2a: Noivern|Focus Sash\n|-damage|p2a: Noivern|1\/100\n|\n|-heal|p1a: Gallade|54\/100|[from] item: Leftovers\n|upkeep\n|turn|12\n|\n|t:|1700740934\n|move|p1a: Gallade|Shadow Sneak|p2a: Noivern\n|-damage|p2a: Noivern|0 fnt\n|faint|p2a: Noivern\n|\n|-heal|p1a: Gallade|60\/100|[from] item: Leftovers\n|upkeep\n|\n|t:|1700740936\n|switch|p2a: Charizard|Charizard, F|100\/100\n|turn|13\n|\n|t:|1700740943\n|detailschange|p2a: Charizard|Charizard-Mega-Y, F\n|-mega|p2a: Charizard|Charizard|Charizardite Y\n|-weather|SunnyDay|[from] ability: Drought|[of] p2a: Charizard\n|move|p2a: Charizard|Scorching Sands|p1a: Gallade\n|-supereffective|p1a: Gallade\n|-damage|p1a: Gallade|0 fnt\n|faint|p1a: Gallade\n|\n|-weather|SunnyDay|[upkeep]\n|upkeep\n|inactive|Battle timer is ON: inactive players will automatically lose when time's up. (requested by henriquecer)\n|\n|t:|1700741003\n|switch|p1a: Electivire|Electivire, F|100\/100\n|turn|14\n|\n|t:|1700741007\n|move|p2a: Charizard|Scorching Sands|p1a: Electivire\n|-supereffective|p1a: Electivire\n|-damage|p1a: Electivire|26\/100\n|move|p1a: Electivire|Thunder Punch|p2a: Charizard\n|-supereffective|p2a: Charizard\n|-damage|p2a: Charizard|0 fnt\n|faint|p2a: Charizard\n|\n|win|Onlymanever\n|raw|Onlymanever's rating: 1045 &rarr; <strong>1089<\/strong><br \/>(+44 for winning)\n|raw|henriquecer's rating: 1157 &rarr; <strong>1124<\/strong><br \/>(-33 for losing)\n|l|\u2606henriquecer\n","uploadtime":1700741026,"views":4,"p1id":"onlymanever","p2id":"henriquecer","formatid":"gen9nationaldex","rating":1089,"private":0,"password":""}