{"id":"gen9nationaldex-1990228458","p1":"variares DD","p2":"GAGA233","format":"[Gen 9] National Dex","log":"|j|\u2606variares DD\n|j|\u2606GAGA233\n|t:|1699940753\n|gametype|singles\n|player|p1|variares DD|acetrainercouple|1436\n|player|p2|GAGA233|red|1553\n|teamsize|p1|6\n|teamsize|p2|6\n|gen|9\n|tier|[Gen 9] National Dex\n|rated|\n|rule|HP Percentage Mod: HP is shown in percentages\n|rule|Endless Battle Clause: Forcing endless battles is banned\n|rule|OHKO Clause: OHKO moves are banned\n|rule|Evasion Clause: Evasion abilities, items, and moves are banned\n|rule|Evasion Abilities Clause: Evasion abilities are banned\n|rule|Evasion Items Clause: Evasion items are banned\n|rule|Evasion Moves Clause: Evasion moves are banned\n|rule|Species Clause: Limit one of each Pok\u00e9mon\n|rule|Sleep Clause Mod: Limit one foe put to sleep\n|clearpoke\n|poke|p1|Altaria, M|\n|poke|p1|Jirachi|\n|poke|p1|Heatran, F|\n|poke|p1|Landorus-Therian, M|\n|poke|p1|Greninja-*, F|\n|poke|p1|Corviknight, M|\n|poke|p2|Okidogi, M|\n|poke|p2|Corviknight, M|\n|poke|p2|Clodsire, F|\n|poke|p2|Tyranitar, M|\n|poke|p2|Alomomola, F|\n|poke|p2|Banette, F|\n|teampreview\n|inactive|Battle timer is ON: inactive players will automatically lose when time's up. (requested by variares DD)\n|\n|t:|1699940780\n|start\n|switch|p1a: Landorus|Landorus-Therian, M|100\/100\n|switch|p2a: Tyranitar|Tyranitar, M|100\/100\n|-ability|p1a: Landorus|Intimidate|boost\n|-unboost|p2a: Tyranitar|atk|1\n|-weather|Sandstorm|[from] ability: Sand Stream|[of] p2a: Tyranitar\n|turn|1\n|\n|t:|1699940789\n|move|p1a: Landorus|Taunt|p2a: Tyranitar\n|-start|p2a: Tyranitar|move: Taunt\n|move|p2a: Tyranitar|Ice Beam|p1a: Landorus\n|-supereffective|p1a: Landorus\n|-damage|p1a: Landorus|0 fnt\n|faint|p1a: Landorus\n|\n|-weather|Sandstorm|[upkeep]\n|upkeep\n|\n|t:|1699940798\n|switch|p1a: Corviknight|Corviknight, M, shiny|100\/100\n|-ability|p1a: Corviknight|Pressure\n|turn|2\n|\n|t:|1699940805\n|switch|p1a: Heatran|Heatran, F|100\/100\n|move|p2a: Tyranitar|Knock Off|p1a: Heatran\n|-damage|p1a: Heatran|75\/100\n|-enditem|p1a: Heatran|Leftovers|[from] move: Knock Off|[of] p2a: Tyranitar\n|\n|-weather|Sandstorm|[upkeep]\n|upkeep\n|turn|3\n|inactive|variares DD has 120 seconds left.\n|inactive|GAGA233 has 120 seconds left.\n|inactive|GAGA233 has 90 seconds left.\n|\n|t:|1699940877\n|switch|p2a: Okidogi|Okidogi, M|100\/100\n|-terastallize|p1a: Heatran|Grass\n|move|p1a: Heatran|Toxic|p2a: Okidogi\n|-immune|p2a: Okidogi\n|\n|-weather|Sandstorm|[upkeep]\n|-damage|p1a: Heatran|69\/100|[from] Sandstorm\n|-damage|p2a: Okidogi|94\/100|[from] Sandstorm\n|-heal|p2a: Okidogi|100\/100|[from] item: Leftovers\n|upkeep\n|turn|4\n|inactive|GAGA233 has 90 seconds left.\n|\n|t:|1699940884\n|move|p1a: Heatran|Stealth Rock|p2a: Okidogi\n|-sidestart|p2: GAGA233|move: Stealth Rock\n|move|p2a: Okidogi|Poison Jab|p1a: Heatran\n|-supereffective|p1a: Heatran\n|-damage|p1a: Heatran|1\/100\n|-status|p1a: Heatran|tox|[from] ability: Toxic Chain|[of] p2a: Okidogi\n|\n|-weather|Sandstorm|[upkeep]\n|-damage|p1a: Heatran|0 fnt|[from] Sandstorm\n|-damage|p2a: Okidogi|94\/100|[from] Sandstorm\n|faint|p1a: Heatran\n|-heal|p2a: Okidogi|100\/100|[from] item: Leftovers\n|upkeep\n|\n|t:|1699940888\n|switch|p1a: Corviknight|Corviknight, M, shiny|100\/100\n|-ability|p1a: Corviknight|Pressure\n|turn|5\n|\n|t:|1699940890\n|move|p2a: Okidogi|Taunt|p1a: Corviknight\n|-start|p1a: Corviknight|move: Taunt\n|move|p1a: Corviknight|Brave Bird|p2a: Okidogi\n|-supereffective|p2a: Okidogi\n|-damage|p2a: Okidogi|46\/100\n|-damage|p1a: Corviknight|83\/100|[from] Recoil\n|\n|-weather|none\n|-heal|p2a: Okidogi|52\/100|[from] item: Leftovers\n|-heal|p1a: Corviknight|89\/100|[from] item: Leftovers\n|upkeep\n|turn|6\n|\n|t:|1699940901\n|switch|p2a: Corviknight|Corviknight, M|100\/100\n|-damage|p2a: Corviknight|88\/100|[from] Stealth Rock\n|-ability|p2a: Corviknight|Pressure\n|move|p1a: Corviknight|Brave Bird|p2a: Corviknight\n|-resisted|p2a: Corviknight\n|-damage|p2a: Corviknight|76\/100\n|-damage|p1a: Corviknight|73\/100|[from] item: Rocky Helmet|[of] p2a: Corviknight\n|-damage|p1a: Corviknight|69\/100|[from] Recoil\n|\n|-heal|p1a: Corviknight|75\/100|[from] item: Leftovers\n|upkeep\n|turn|7\n|\n|t:|1699940923\n|switch|p1a: Altaria|Altaria, M, shiny|100\/100\n|move|p2a: Corviknight|U-turn|p1a: Altaria\n|-resisted|p1a: Altaria\n|-crit|p1a: Altaria\n|-damage|p1a: Altaria|93\/100\n|\n|t:|1699940931\n|switch|p2a: Clodsire|Clodsire, F|100\/100|[from] U-turn\n|-damage|p2a: Clodsire|94\/100|[from] Stealth Rock\n|\n|-heal|p2a: Clodsire|100\/100|[from] item: Black Sludge\n|upkeep\n|turn|8\n|\n|t:|1699940940\n|detailschange|p1a: Altaria|Altaria-Mega, M, shiny\n|-mega|p1a: Altaria|Altaria|Altarianite\n|move|p1a: Altaria|Body Slam|p2a: Clodsire\n|-resisted|p2a: Clodsire\n|-damage|p2a: Clodsire|77\/100\n|-status|p2a: Clodsire|par\n|move|p2a: Clodsire|Stealth Rock|p1a: Altaria\n|-sidestart|p1: variares DD|move: Stealth Rock\n|\n|-heal|p2a: Clodsire|83\/100 par|[from] item: Black Sludge\n|upkeep\n|turn|9\n|\n|t:|1699940959\n|move|p1a: Altaria|Body Slam|p2a: Clodsire\n|-resisted|p2a: Clodsire\n|-damage|p2a: Clodsire|61\/100 par\n|cant|p2a: Clodsire|par\n|\n|-heal|p2a: Clodsire|67\/100 par|[from] item: Black Sludge\n|upkeep\n|turn|10\n|\n|t:|1699940985\n|move|p1a: Altaria|Body Slam|p2a: Clodsire\n|-resisted|p2a: Clodsire\n|-damage|p2a: Clodsire|47\/100 par\n|move|p2a: Clodsire|Yawn|p1a: Altaria\n|-start|p1a: Altaria|move: Yawn|[of] p2a: Clodsire\n|\n|-heal|p2a: Clodsire|53\/100 par|[from] item: Black Sludge\n|upkeep\n|turn|11\n|inactive|GAGA233 has 90 seconds left.\n|\n|t:|1699941022\n|switch|p1a: Corviknight|Corviknight, M, shiny|75\/100\n|-damage|p1a: Corviknight|63\/100|[from] Stealth Rock\n|-ability|p1a: Corviknight|Pressure\n|move|p2a: Clodsire|Recover|p2a: Clodsire\n|-heal|p2a: Clodsire|100\/100 par\n|\n|-heal|p1a: Corviknight|69\/100|[from] item: Leftovers\n|upkeep\n|turn|12\n|\n|t:|1699941029\n|move|p1a: Corviknight|Roost|p1a: Corviknight\n|-heal|p1a: Corviknight|100\/100\n|-singleturn|p1a: Corviknight|move: Roost\n|move|p2a: Clodsire|Yawn|p1a: Corviknight\n|-start|p1a: Corviknight|move: Yawn|[of] p2a: Clodsire\n|\n|upkeep\n|turn|13\n|inactive|GAGA233 has 90 seconds left.\n|\n|t:|1699941051\n|switch|p1a: Jirachi|Jirachi|100\/100\n|-damage|p1a: Jirachi|94\/100|[from] Stealth Rock\n|switch|p2a: Banette|Banette, F|100\/100\n|-damage|p2a: Banette|88\/100|[from] Stealth Rock\n|\n|upkeep\n|turn|14\n|inactive|variares DD has 120 seconds left.\n|\n|t:|1699941073\n|detailschange|p2a: Banette|Banette-Mega, F\n|-mega|p2a: Banette|Banette|Banettite\n|move|p1a: Jirachi|Iron Head|p2a: Banette\n|-damage|p2a: Banette|30\/100\n|cant|p2a: Banette|flinch\n|\n|upkeep\n|turn|15\n|inactive|variares DD has 120 seconds left.\n|inactive|GAGA233 has 90 seconds left.\n|inactive|GAGA233 has 60 seconds left.\n|\n|t:|1699941124\n|switch|p1a: Greninja|Greninja, F, shiny|100\/100\n|-damage|p1a: Greninja|88\/100|[from] Stealth Rock\n|move|p2a: Banette|Destiny Bond|p2a: Banette\n|-singlemove|p2a: Banette|Destiny Bond\n|\n|upkeep\n|turn|16\n|\n|t:|1699941134\n|move|p1a: Greninja|Dark Pulse|p2a: Banette\n|-start|p1a: Greninja|typechange|Dark|[from] ability: Protean\n|-supereffective|p2a: Banette\n|-damage|p2a: Banette|0 fnt\n|faint|p2a: Banette\n|-activate|p2a: Banette|move: Destiny Bond\n|faint|p1a: Greninja\n|\n|upkeep\n|inactive|GAGA233 has 60 seconds left.\n|\n|t:|1699941144\n|switch|p1a: Jirachi|Jirachi|94\/100\n|switch|p2a: Corviknight|Corviknight, M|76\/100\n|-damage|p1a: Jirachi|88\/100|[from] Stealth Rock\n|-damage|p2a: Corviknight|64\/100|[from] Stealth Rock\n|-ability|p2a: Corviknight|Pressure\n|turn|17\n|\n|t:|1699941164\n|switch|p1a: Altaria|Altaria-Mega, M, shiny|93\/100\n|-damage|p1a: Altaria|80\/100|[from] Stealth Rock\n|move|p2a: Corviknight|Roost|p2a: Corviknight\n|-heal|p2a: Corviknight|100\/100\n|-singleturn|p2a: Corviknight|move: Roost\n|\n|upkeep\n|turn|18\n|\n|t:|1699941170\n|move|p1a: Altaria|Flamethrower|p2a: Corviknight\n|-supereffective|p2a: Corviknight\n|-damage|p2a: Corviknight|60\/100\n|move|p2a: Corviknight|Iron Defense|p2a: Corviknight\n|-boost|p2a: Corviknight|def|2\n|\n|upkeep\n|turn|19\n|\n|t:|1699941188\n|switch|p2a: Alomomola|Alomomola, F|100\/100\n|-damage|p2a: Alomomola|88\/100|[from] Stealth Rock\n|move|p1a: Altaria|Flamethrower|p2a: Alomomola\n|-resisted|p2a: Alomomola\n|-damage|p2a: Alomomola|74\/100\n|\n|-heal|p2a: Alomomola|81\/100|[from] item: Leftovers\n|upkeep\n|turn|20\n|inactive|variares DD has 120 seconds left.\n|\n|t:|1699941209\n|move|p1a: Altaria|Flamethrower|p2a: Alomomola\n|-resisted|p2a: Alomomola\n|-damage|p2a: Alomomola|67\/100\n|move|p2a: Alomomola|Wish|p2a: Alomomola\n|\n|-heal|p2a: Alomomola|73\/100|[from] item: Leftovers\n|upkeep\n|turn|21\n|\n|t:|1699941220\n|move|p1a: Altaria|Body Slam|p2a: Alomomola\n|-damage|p2a: Alomomola|52\/100\n|move|p2a: Alomomola|Toxic|p1a: Altaria|[miss]\n|-miss|p2a: Alomomola|p1a: Altaria\n|\n|-heal|p2a: Alomomola|100\/100|[from] move: Wish|[wisher] Alomomola\n|upkeep\n|turn|22\n|\n|t:|1699941224\n|move|p1a: Altaria|Flamethrower|p2a: Alomomola\n|-resisted|p2a: Alomomola\n|-damage|p2a: Alomomola|88\/100\n|move|p2a: Alomomola|Toxic|p1a: Altaria\n|-status|p1a: Altaria|tox\n|\n|-heal|p2a: Alomomola|94\/100|[from] item: Leftovers\n|-damage|p1a: Altaria|74\/100 tox|[from] psn\n|upkeep\n|turn|23\n|\n|t:|1699941228\n|move|p2a: Alomomola|Protect|p2a: Alomomola\n|-singleturn|p2a: Alomomola|Protect\n|move|p1a: Altaria|Heal Bell|p1a: Altaria\n|-activate|p1a: Altaria|move: Heal Bell\n|-curestatus|p1a: Altaria|tox|[msg]\n|\n|-heal|p2a: Alomomola|100\/100|[from] item: Leftovers\n|upkeep\n|turn|24\n|\n|t:|1699941233\n|move|p1a: Altaria|Flamethrower|p2a: Alomomola\n|-resisted|p2a: Alomomola\n|-damage|p2a: Alomomola|86\/100\n|move|p2a: Alomomola|Flip Turn|p1a: Altaria\n|-resisted|p1a: Altaria\n|-damage|p1a: Altaria|68\/100\n|\n|t:|1699941242\n|switch|p2a: Okidogi|Okidogi, M|52\/100|[from] Flip Turn\n|-damage|p2a: Okidogi|46\/100|[from] Stealth Rock\n|\n|-heal|p2a: Okidogi|52\/100|[from] item: Leftovers\n|upkeep\n|turn|25\n|\n|t:|1699941247\n|switch|p1a: Corviknight|Corviknight, M, shiny|100\/100\n|-damage|p1a: Corviknight|88\/100|[from] Stealth Rock\n|-ability|p1a: Corviknight|Pressure\n|move|p2a: Okidogi|Poison Jab|p1a: Corviknight\n|-immune|p1a: Corviknight\n|\n|-heal|p2a: Okidogi|58\/100|[from] item: Leftovers\n|-heal|p1a: Corviknight|94\/100|[from] item: Leftovers\n|upkeep\n|turn|26\n|\n|t:|1699941257\n|switch|p2a: Corviknight|Corviknight, M|60\/100\n|-damage|p2a: Corviknight|47\/100|[from] Stealth Rock\n|-ability|p2a: Corviknight|Pressure\n|switch|p1a: Altaria|Altaria-Mega, M, shiny|68\/100\n|-damage|p1a: Altaria|56\/100|[from] Stealth Rock\n|\n|upkeep\n|turn|27\n|inactive|GAGA233 has 120 seconds left.\n|\n|t:|1699941273\n|switch|p2a: Alomomola|Alomomola, F|100\/100\n|-damage|p2a: Alomomola|88\/100|[from] Stealth Rock\n|move|p1a: Altaria|Roost|p1a: Altaria\n|-heal|p1a: Altaria|100\/100\n|-singleturn|p1a: Altaria|move: Roost\n|\n|-heal|p2a: Alomomola|94\/100|[from] item: Leftovers\n|upkeep\n|turn|28\n|\n|t:|1699941277\n|move|p1a: Altaria|Body Slam|p2a: Alomomola\n|-damage|p2a: Alomomola|74\/100\n|move|p2a: Alomomola|Wish|p2a: Alomomola\n|\n|-heal|p2a: Alomomola|80\/100|[from] item: Leftovers\n|upkeep\n|turn|29\n|\n|t:|1699941284\n|move|p1a: Altaria|Body Slam|p2a: Alomomola\n|-damage|p2a: Alomomola|58\/100\n|move|p2a: Alomomola|Toxic|p1a: Altaria\n|-status|p1a: Altaria|tox\n|\n|-heal|p2a: Alomomola|100\/100|[from] move: Wish|[wisher] Alomomola\n|-damage|p1a: Altaria|94\/100 tox|[from] psn\n|upkeep\n|turn|30\n|\n|t:|1699941289\n|move|p1a: Altaria|Heal Bell|p1a: Altaria\n|-activate|p1a: Altaria|move: Heal Bell\n|-curestatus|p1a: Altaria|tox|[msg]\n|move|p2a: Alomomola|Wish|p2a: Alomomola\n|\n|upkeep\n|turn|31\n|\n|t:|1699941295\n|move|p1a: Altaria|Body Slam|p2a: Alomomola\n|-damage|p2a: Alomomola|78\/100\n|-status|p2a: Alomomola|par\n|cant|p2a: Alomomola|par\n|\n|-heal|p2a: Alomomola|100\/100 par|[from] move: Wish|[wisher] Alomomola\n|upkeep\n|turn|32\n|\n|t:|1699941323\n|switch|p2a: Corviknight|Corviknight, M|47\/100\n|-damage|p2a: Corviknight|35\/100|[from] Stealth Rock\n|-ability|p2a: Corviknight|Pressure\n|move|p1a: Altaria|Flamethrower|p2a: Corviknight\n|-supereffective|p2a: Corviknight\n|-damage|p2a: Corviknight|0 fnt\n|faint|p2a: Corviknight\n|\n|upkeep\n|\n|t:|1699941334\n|switch|p2a: Okidogi|Okidogi, M|58\/100\n|-damage|p2a: Okidogi|52\/100|[from] Stealth Rock\n|turn|33\n|\n|t:|1699941339\n|move|p2a: Okidogi|Bulk Up|p2a: Okidogi\n|-boost|p2a: Okidogi|atk|1\n|-boost|p2a: Okidogi|def|1\n|move|p1a: Altaria|Body Slam|p2a: Okidogi\n|-damage|p2a: Okidogi|32\/100\n|\n|-heal|p2a: Okidogi|38\/100|[from] item: Leftovers\n|upkeep\n|turn|34\n|\n|t:|1699941348\n|switch|p1a: Jirachi|Jirachi|88\/100\n|-damage|p1a: Jirachi|82\/100|[from] Stealth Rock\n|move|p2a: Okidogi|Drain Punch|p1a: Jirachi\n|-damage|p1a: Jirachi|25\/100\n|-heal|p2a: Okidogi|64\/100|[from] drain|[of] p1a: Jirachi\n|\n|-heal|p2a: Okidogi|70\/100|[from] item: Leftovers\n|upkeep\n|turn|35\n|\n|t:|1699941354\n|move|p1a: Jirachi|Zen Headbutt|p2a: Okidogi|[miss]\n|-miss|p1a: Jirachi|p2a: Okidogi\n|move|p2a: Okidogi|Drain Punch|p1a: Jirachi\n|-damage|p1a: Jirachi|0 fnt\n|-heal|p2a: Okidogi|81\/100|[from] drain|[of] p1a: Jirachi\n|faint|p1a: Jirachi\n|\n|-heal|p2a: Okidogi|87\/100|[from] item: Leftovers\n|upkeep\n|\n|t:|1699941356\n|switch|p1a: Corviknight|Corviknight, M, shiny|94\/100\n|-damage|p1a: Corviknight|82\/100|[from] Stealth Rock\n|-ability|p1a: Corviknight|Pressure\n|turn|36\n|\n|t:|1699941363\n|move|p2a: Okidogi|Drain Punch|p1a: Corviknight\n|-damage|p1a: Corviknight|49\/100\n|-heal|p2a: Okidogi|100\/100|[from] drain|[of] p1a: Corviknight\n|move|p1a: Corviknight|Brave Bird|p2a: Okidogi\n|-supereffective|p2a: Okidogi\n|-damage|p2a: Okidogi|62\/100\n|-damage|p1a: Corviknight|37\/100|[from] Recoil\n|\n|-heal|p2a: Okidogi|68\/100|[from] item: Leftovers\n|-heal|p1a: Corviknight|43\/100|[from] item: Leftovers\n|upkeep\n|turn|37\n|\n|t:|1699941373\n|move|p2a: Okidogi|Taunt|p1a: Corviknight\n|-start|p1a: Corviknight|move: Taunt\n|cant|p1a: Corviknight|move: Taunt|Roost\n|\n|-heal|p2a: Okidogi|74\/100|[from] item: Leftovers\n|-heal|p1a: Corviknight|49\/100|[from] item: Leftovers\n|upkeep\n|turn|38\n|\n|t:|1699941378\n|move|p2a: Okidogi|Bulk Up|p2a: Okidogi\n|-boost|p2a: Okidogi|atk|1\n|-boost|p2a: Okidogi|def|1\n|move|p1a: Corviknight|Brave Bird|p2a: Okidogi\n|-supereffective|p2a: Okidogi\n|-damage|p2a: Okidogi|44\/100\n|-damage|p1a: Corviknight|39\/100|[from] Recoil\n|\n|-heal|p2a: Okidogi|50\/100|[from] item: Leftovers\n|-heal|p1a: Corviknight|45\/100|[from] item: Leftovers\n|upkeep\n|turn|39\n|\n|t:|1699941384\n|move|p2a: Okidogi|Drain Punch|p1a: Corviknight\n|-damage|p1a: Corviknight|3\/100\n|-heal|p2a: Okidogi|73\/100|[from] drain|[of] p1a: Corviknight\n|move|p1a: Corviknight|Brave Bird|p2a: Okidogi\n|-supereffective|p2a: Okidogi\n|-damage|p2a: Okidogi|43\/100\n|-damage|p1a: Corviknight|0 fnt|[from] Recoil\n|faint|p1a: Corviknight\n|\n|-heal|p2a: Okidogi|49\/100|[from] item: Leftovers\n|upkeep\n|\n|t:|1699941391\n|switch|p1a: Altaria|Altaria-Mega, M, shiny|94\/100\n|-damage|p1a: Altaria|82\/100|[from] Stealth Rock\n|turn|40\n|-message|variares DD forfeited.\n|\n|win|GAGA233\n|raw|variares DD's rating: 1419 &rarr; <strong>1406<\/strong><br \/>(-13 for losing)\n|raw|GAGA233's rating: 1553 &rarr; <strong>1566<\/strong><br \/>(+13 for winning)\n|l|\u2606variares DD\n","uploadtime":1699941399,"views":7,"p1id":"variaresdd","p2id":"gaga233","formatid":"gen9nationaldex","rating":1406,"private":0,"password":""}