{"id":"gen9nationaldex-1989390021","p1":"sskool","p2":"Mrpizza505","format":"[Gen 9] National Dex","log":"|j|\u2606sskool\n|j|\u2606Mrpizza505\n|t:|1699844145\n|gametype|singles\n|player|p1|sskool|265|1039\n|player|p2|Mrpizza505|1|1070\n|teamsize|p1|6\n|teamsize|p2|6\n|gen|9\n|tier|[Gen 9] National Dex\n|rated|\n|rule|HP Percentage Mod: HP is shown in percentages\n|rule|Endless Battle Clause: Forcing endless battles is banned\n|rule|OHKO Clause: OHKO moves are banned\n|rule|Evasion Clause: Evasion abilities, items, and moves are banned\n|rule|Evasion Abilities Clause: Evasion abilities are banned\n|rule|Evasion Items Clause: Evasion items are banned\n|rule|Evasion Moves Clause: Evasion moves are banned\n|rule|Species Clause: Limit one of each Pok\u00e9mon\n|rule|Sleep Clause Mod: Limit one foe put to sleep\n|clearpoke\n|poke|p1|Ursaring, F|\n|poke|p1|Dragonite, F|\n|poke|p1|Conkeldurr, F|\n|poke|p1|Politoed, M|\n|poke|p1|Basculegion, M|\n|poke|p1|Hoopa-Unbound|\n|poke|p2|Scizor, F|\n|poke|p2|Gardevoir, M|\n|poke|p2|Garchomp, M|\n|poke|p2|Infernape, M|\n|poke|p2|Greninja-*, M|\n|poke|p2|Meowscarada, F|\n|teampreview\n|\n|t:|1699844161\n|start\n|switch|p1a: Politoed|Politoed, M|100\/100\n|switch|p2a: Meowscarada|Meowscarada, F|100\/100\n|-weather|RainDance|[from] ability: Drizzle|[of] p1a: Politoed\n|turn|1\n|\n|t:|1699844179\n|move|p2a: Meowscarada|Flower Trick|p1a: Politoed\n|-supereffective|p1a: Politoed\n|-crit|p1a: Politoed\n|-damage|p1a: Politoed|0 fnt\n|faint|p1a: Politoed\n|\n|-weather|RainDance|[upkeep]\n|upkeep\n|\n|t:|1699844187\n|switch|p1a: Basculegion|Basculegion, M|100\/100\n|turn|2\n|\n|t:|1699844194\n|-terastallize|p1a: Basculegion|Water\n|move|p1a: Basculegion|Ice Fang|p2a: Meowscarada\n|-supereffective|p2a: Meowscarada\n|-crit|p2a: Meowscarada\n|-enditem|p2a: Meowscarada|Focus Sash\n|-damage|p2a: Meowscarada|1\/100\n|cant|p2a: Meowscarada|flinch\n|\n|-weather|RainDance|[upkeep]\n|upkeep\n|turn|3\n|c|\u2606Mrpizza505|U lucky mf\n|c|\u2606Mrpizza505|im dead\n|\n|t:|1699844222\n|move|p1a: Basculegion|Ice Fang|p2a: Meowscarada\n|-supereffective|p2a: Meowscarada\n|-damage|p2a: Meowscarada|0 fnt\n|faint|p2a: Meowscarada\n|\n|-weather|RainDance|[upkeep]\n|upkeep\n|\n|t:|1699844234\n|switch|p2a: Greninja|Greninja, M|100\/100\n|turn|4\n|\n|t:|1699844247\n|switch|p1a: Hoopa|Hoopa-Unbound|100\/100\n|move|p2a: Greninja|Dark Pulse|p1a: Hoopa\n|-damage|p1a: Hoopa|69\/100\n|\n|-weather|RainDance|[upkeep]\n|-heal|p1a: Hoopa|75\/100|[from] item: Leftovers\n|upkeep\n|turn|5\n|\n|t:|1699844258\n|move|p2a: Greninja|Dark Pulse|p1a: Hoopa\n|-damage|p1a: Hoopa|44\/100\n|move|p1a: Hoopa|Energy Ball|p2a: Greninja\n|-supereffective|p2a: Greninja\n|-enditem|p2a: Greninja|Focus Sash\n|-damage|p2a: Greninja|1\/100\n|\n|-weather|none\n|-heal|p1a: Hoopa|50\/100|[from] item: Leftovers\n|upkeep\n|turn|6\n|\n|t:|1699844270\n|switch|p1a: Conkeldurr|Conkeldurr, F|100\/100\n|move|p2a: Greninja|Hydro Cannon|p1a: Conkeldurr\n|-damage|p1a: Conkeldurr|23\/100\n|-mustrecharge|p2a: Greninja\n|\n|upkeep\n|turn|7\n|\n|t:|1699844278\n|move|p1a: Conkeldurr|Mach Punch|p2a: Greninja\n|-supereffective|p2a: Greninja\n|-damage|p2a: Greninja|0 fnt\n|faint|p2a: Greninja\n|\n|upkeep\n|\n|t:|1699844283\n|switch|p2a: Garchomp|Garchomp, M|100\/100\n|turn|8\n|l|\u2606Mrpizza505\n|player|p2|\n|\n|t:|1699844299\n|switch|p1a: Hoopa|Hoopa-Unbound|50\/100\n|detailschange|p2a: Garchomp|Garchomp-Mega, M\n|-mega|p2a: Garchomp|Garchomp|Garchompite\n|move|p2a: Garchomp|Scale Shot|p1a: Hoopa\n|-damage|p1a: Hoopa|31\/100\n|-damage|p1a: Hoopa|12\/100\n|-damage|p1a: Hoopa|0 fnt\n|faint|p1a: Hoopa\n|-hitcount|p1: Hoopa|3\n|-unboost|p2a: Garchomp|def|1\n|-boost|p2a: Garchomp|spe|1\n|\n|upkeep\n|j|\u2606Mrpizza505\n|player|p2|Mrpizza505|1\n|\n|t:|1699844321\n|switch|p1a: Conkeldurr|Conkeldurr, F|23\/100\n|turn|9\n|\n|t:|1699844325\n|move|p1a: Conkeldurr|Mach Punch|p2a: Garchomp\n|-crit|p2a: Garchomp\n|-damage|p2a: Garchomp|54\/100\n|move|p2a: Garchomp|Earthquake|p1a: Conkeldurr\n|-damage|p1a: Conkeldurr|0 fnt\n|faint|p1a: Conkeldurr\n|\n|upkeep\n|\n|t:|1699844335\n|switch|p1a: Dragonite|Dragonite, F|100\/100\n|turn|10\n|\n|t:|1699844338\n|move|p1a: Dragonite|Extreme Speed|p2a: Garchomp\n|-damage|p2a: Garchomp|0 fnt\n|faint|p2a: Garchomp\n|\n|upkeep\n|\n|t:|1699844344\n|switch|p2a: Gardevoir|Gardevoir, M|100\/100\n|turn|11\n|\n|t:|1699844347\n|move|p1a: Dragonite|Extreme Speed|p2a: Gardevoir\n|-damage|p2a: Gardevoir|20\/100\n|move|p2a: Gardevoir|Moonblast|p1a: Dragonite\n|-supereffective|p1a: Dragonite\n|-damage|p1a: Dragonite|58\/100\n|\n|upkeep\n|turn|12\n|\n|t:|1699844355\n|move|p1a: Dragonite|Extreme Speed|p2a: Gardevoir\n|-damage|p2a: Gardevoir|0 fnt\n|faint|p2a: Gardevoir\n|\n|upkeep\n|\n|t:|1699844361\n|switch|p2a: Scizor|Scizor, F|100\/100\n|turn|13\n|\n|t:|1699844367\n|switch|p1a: Ursaring|Ursaring, F|100\/100\n|move|p2a: Scizor|Dual Wingbeat|p1a: Ursaring\n|-damage|p1a: Ursaring|74\/100\n|-damage|p1a: Ursaring|48\/100\n|-hitcount|p1a: Ursaring|2\n|\n|-status|p1a: Ursaring|tox|[from] item: Toxic Orb\n|upkeep\n|turn|14\n|\n|t:|1699844387\n|move|p2a: Scizor|Close Combat|p1a: Ursaring\n|-supereffective|p1a: Ursaring\n|-damage|p1a: Ursaring|0 fnt\n|-unboost|p2a: Scizor|def|1\n|-unboost|p2a: Scizor|spd|1\n|faint|p1a: Ursaring\n|\n|upkeep\n|c|\u2606Mrpizza505|In just saying flame orb is better than toxic orb\n|\n|t:|1699844396\n|switch|p1a: Dragonite|Dragonite, F|58\/100\n|turn|15\n|\n|t:|1699844405\n|move|p1a: Dragonite|Earthquake|p2a: Scizor\n|-damage|p2a: Scizor|11\/100\n|move|p2a: Scizor|Dual Wingbeat|p1a: Dragonite|[miss]\n|-miss|p2a: Scizor|p1a: Dragonite\n|\n|upkeep\n|turn|16\n|\n|t:|1699844413\n|move|p2a: Scizor|Bullet Punch|p1a: Dragonite\n|-damage|p1a: Dragonite|27\/100\n|move|p1a: Dragonite|Earthquake|p2a: Scizor\n|-damage|p2a: Scizor|0 fnt\n|faint|p2a: Scizor\n|\n|upkeep\n|\n|t:|1699844420\n|switch|p2a: Infernape|Infernape, M|100\/100\n|turn|17\n|\n|t:|1699844430\n|move|p2a: Infernape|Thunder Punch|p1a: Dragonite\n|-damage|p1a: Dragonite|2\/100\n|move|p1a: Dragonite|Earthquake|p2a: Infernape\n|-supereffective|p2a: Infernape\n|-damage|p2a: Infernape|0 fnt\n|faint|p2a: Infernape\n|\n|win|sskool\n|raw|sskool's rating: 1039 &rarr; <strong>1076<\/strong><br \/>(+37 for winning)\n|raw|Mrpizza505's rating: 1070 &rarr; <strong>1048<\/strong><br \/>(-22 for losing)\n|c|\u2606Mrpizza505|Gg\n","uploadtime":1699844441,"views":4,"p1id":"sskool","p2id":"mrpizza505","formatid":"gen9nationaldex","rating":1048,"private":0,"password":""}