{"id":"gen9nationaldex-1995305096","p1":"AnegoUB01","p2":"tuesparliasfr","format":"[Gen 9] National Dex","log":"|html|<div class=\"broadcast-blue\"><strong>[Gen 9] National Dex is currently suspecting Sneasler! For information on how to participate check out the <a href=\"https:\/\/www.smogon.com\/forums\/threads\/sv-national-dex-suspect-8-just-dance.3731534\/\">suspect thread<\/a>.<\/strong><\/div>\n|j|\u2606AnegoUB01\n|j|\u2606tuesparliasfr\n|t:|1700550431\n|gametype|singles\n|player|p1|AnegoUB01|flannery|1403\n|player|p2|tuesparliasfr|1|1404\n|teamsize|p1|6\n|teamsize|p2|6\n|gen|9\n|tier|[Gen 9] National Dex\n|rated|\n|rule|HP Percentage Mod: HP is shown in percentages\n|rule|Endless Battle Clause: Forcing endless battles is banned\n|rule|OHKO Clause: OHKO moves are banned\n|rule|Evasion Clause: Evasion abilities, items, and moves are banned\n|rule|Evasion Abilities Clause: Evasion abilities are banned\n|rule|Evasion Items Clause: Evasion items are banned\n|rule|Evasion Moves Clause: Evasion moves are banned\n|rule|Species Clause: Limit one of each Pok\u00e9mon\n|rule|Sleep Clause Mod: Limit one foe put to sleep\n|clearpoke\n|poke|p1|Ninetales-Alola, F|\n|poke|p1|Hatterene, F|\n|poke|p1|Alomomola, F|\n|poke|p1|Landorus-Therian, M|\n|poke|p1|Samurott-Hisui, F|\n|poke|p1|Pinsir, M|\n|poke|p2|Tapu Koko|\n|poke|p2|Sneasler, F|\n|poke|p2|Iron Valiant|\n|poke|p2|Heatran, M|\n|poke|p2|Ferrothorn, F|\n|poke|p2|Gardevoir, F|\n|teampreview\n|inactive|Battle timer is ON: inactive players will automatically lose when time's up. (requested by AnegoUB01)\n|\n|t:|1700550443\n|start\n|switch|p1a: Samurott|Samurott-Hisui, F, shiny|100\/100\n|switch|p2a: Tapu Koko|Tapu Koko|100\/100\n|-fieldstart|move: Electric Terrain|[from] ability: Electric Surge|[of] p2a: Tapu Koko\n|turn|1\n|\n|t:|1700550448\n|move|p1a: Samurott|Flip Turn|p2a: Tapu Koko\n|-damage|p2a: Tapu Koko|65\/100\n|\n|t:|1700550452\n|switch|p1a: Landorus|Landorus-Therian, M|100\/100|[from] Flip Turn\n|-ability|p1a: Landorus|Intimidate|boost\n|-unboost|p2a: Tapu Koko|atk|1\n|move|p2a: Tapu Koko|Volt Switch|p1a: Landorus\n|-immune|p1a: Landorus\n|\n|upkeep\n|turn|2\n|\n|t:|1700550464\n|switch|p2a: Ferrothorn|Ferrothorn, F|100\/100\n|move|p1a: Landorus|Stealth Rock|p2a: Ferrothorn\n|-sidestart|p2: tuesparliasfr|move: Stealth Rock\n|\n|upkeep\n|turn|3\n|\n|t:|1700550472\n|switch|p1a: Hatterene|Hatterene, F|100\/100\n|move|p2a: Ferrothorn|Leech Seed|p1a: Hatterene\n|move|p1a: Hatterene|Leech Seed|p2a: Ferrothorn|[from]ability: Magic Bounce\n|-immune|p2a: Ferrothorn\n|\n|upkeep\n|turn|4\n|\n|t:|1700550476\n|move|p1a: Hatterene|Calm Mind|p1a: Hatterene\n|-boost|p1a: Hatterene|spa|1\n|-boost|p1a: Hatterene|spd|1\n|move|p2a: Ferrothorn|Curse|p2a: Ferrothorn\n|-unboost|p2a: Ferrothorn|spe|1\n|-boost|p2a: Ferrothorn|atk|1\n|-boost|p2a: Ferrothorn|def|1\n|\n|upkeep\n|turn|5\n|\n|t:|1700550479\n|move|p1a: Hatterene|Mystical Fire|p2a: Ferrothorn\n|-supereffective|p2a: Ferrothorn\n|-damage|p2a: Ferrothorn|0 fnt\n|faint|p2a: Ferrothorn\n|\n|-fieldend|move: Electric Terrain\n|upkeep\n|\n|t:|1700550488\n|switch|p2a: Heatran|Heatran, M|100\/100\n|-damage|p2a: Heatran|88\/100|[from] Stealth Rock\n|turn|6\n|\n|t:|1700550502\n|switch|p1a: Landorus|Landorus-Therian, M|100\/100\n|-ability|p1a: Landorus|Intimidate|boost\n|-unboost|p2a: Heatran|atk|1\n|move|p2a: Heatran|Flash Cannon|p1a: Landorus\n|-damage|p1a: Landorus|71\/100\n|\n|upkeep\n|turn|7\n|\n|t:|1700550508\n|-terastallize|p2a: Heatran|Bug\n|move|p1a: Landorus|Earthquake|p2a: Heatran\n|-resisted|p2a: Heatran\n|-damage|p2a: Heatran|73\/100\n|move|p2a: Heatran|Lava Plume|p1a: Landorus\n|-damage|p1a: Landorus|42\/100\n|\n|upkeep\n|turn|8\n|\n|t:|1700550512\n|move|p1a: Landorus|U-turn|p2a: Heatran\n|-damage|p2a: Heatran|57\/100\n|\n|t:|1700550516\n|switch|p1a: Alomomola|Alomomola, F|100\/100|[from] U-turn\n|move|p2a: Heatran|Lava Plume|p1a: Alomomola\n|-resisted|p1a: Alomomola\n|-damage|p1a: Alomomola|83\/100\n|\n|upkeep\n|turn|9\n|\n|t:|1700550521\n|move|p2a: Heatran|Hidden Power|p1a: Alomomola\n|-supereffective|p1a: Alomomola\n|-damage|p1a: Alomomola|49\/100\n|move|p1a: Alomomola|Toxic|p2a: Heatran\n|-status|p2a: Heatran|tox\n|\n|-damage|p2a: Heatran|51\/100 tox|[from] psn\n|upkeep\n|turn|10\n|\n|t:|1700550527\n|move|p1a: Alomomola|Protect|p1a: Alomomola\n|-singleturn|p1a: Alomomola|Protect\n|move|p2a: Heatran|Hidden Power|p1a: Alomomola\n|-activate|p1a: Alomomola|move: Protect\n|\n|-damage|p2a: Heatran|39\/100 tox|[from] psn\n|upkeep\n|turn|11\n|\n|t:|1700550530\n|move|p2a: Heatran|Hidden Power|p1a: Alomomola\n|-supereffective|p1a: Alomomola\n|-damage|p1a: Alomomola|12\/100\n|move|p1a: Alomomola|Wish|p1a: Alomomola\n|\n|-damage|p2a: Heatran|20\/100 tox|[from] psn\n|upkeep\n|turn|12\n|\n|t:|1700550536\n|switch|p1a: Landorus|Landorus-Therian, M|42\/100\n|-ability|p1a: Landorus|Intimidate|boost\n|-unboost|p2a: Heatran|atk|1\n|move|p2a: Heatran|Hidden Power|p1a: Landorus\n|-damage|p1a: Landorus|27\/100\n|\n|-heal|p1a: Landorus|88\/100|[from] move: Wish|[wisher] Alomomola\n|-damage|p2a: Heatran|0 fnt|[from] psn\n|faint|p2a: Heatran\n|upkeep\n|\n|t:|1700550549\n|switch|p2a: Iron Valiant|Iron Valiant|100\/100\n|-damage|p2a: Iron Valiant|94\/100|[from] Stealth Rock\n|turn|13\n|\n|t:|1700550554\n|move|p2a: Iron Valiant|Moonblast|p1a: Landorus\n|-damage|p1a: Landorus|48\/100\n|-damage|p2a: Iron Valiant|84\/100|[from] item: Life Orb\n|move|p1a: Landorus|Earthquake|p2a: Iron Valiant\n|-damage|p2a: Iron Valiant|28\/100\n|\n|upkeep\n|turn|14\n|\n|t:|1700550562\n|move|p2a: Iron Valiant|Moonblast|p1a: Landorus\n|-damage|p1a: Landorus|0 fnt\n|faint|p1a: Landorus\n|-damage|p2a: Iron Valiant|18\/100|[from] item: Life Orb\n|\n|upkeep\n|c|\u2606AnegoUB01|what\uff1f\n|c|\u2606tuesparliasfr|eh\n|inactive|AnegoUB01 has 120 seconds left.\n|c|\u2606tuesparliasfr|firsy was super low roll i guess\n|c|\u2606tuesparliasfr|second was high roll\n|c|\u2606AnegoUB01|ok\n|\n|t:|1700550611\n|switch|p1a: Samurott|Samurott-Hisui, F, shiny|100\/100\n|turn|15\n|\n|t:|1700550624\n|-end|p2a: Iron Valiant|Quark Drive|[silent]\n|switch|p2a: Tapu Koko|Tapu Koko|65\/100\n|-fieldstart|move: Electric Terrain|[from] ability: Electric Surge|[of] p2a: Tapu Koko\n|move|p1a: Samurott|Flip Turn|p2a: Tapu Koko\n|-damage|p2a: Tapu Koko|25\/100\n|\n|t:|1700550642\n|switch|p1a: Pinsir|Pinsir, M|100\/100|[from] Flip Turn\n|\n|upkeep\n|turn|16\n|c|\u2606tuesparliasfr|aerliate quick attack\n|\n|t:|1700550658\n|move|p2a: Tapu Koko|Volt Switch|p1a: Pinsir\n|-damage|p1a: Pinsir|35\/100\n|c|\u2606tuesparliasfr|cool\n|\n|t:|1700550668\n|switch|p2a: Gardevoir|Gardevoir, F|100\/100|[from] Volt Switch\n|-damage|p2a: Gardevoir|88\/100|[from] Stealth Rock\n|move|p1a: Pinsir|Swords Dance|p1a: Pinsir\n|-boost|p1a: Pinsir|atk|2\n|\n|upkeep\n|turn|17\n|\n|t:|1700550675\n|detailschange|p1a: Pinsir|Pinsir-Mega, M\n|-mega|p1a: Pinsir|Pinsir|Pinsirite\n|detailschange|p2a: Gardevoir|Gardevoir-Mega, F\n|-mega|p2a: Gardevoir|Gardevoir|Gardevoirite\n|move|p1a: Pinsir|Quick Attack|p2a: Gardevoir\n|-damage|p2a: Gardevoir|0 fnt\n|faint|p2a: Gardevoir\n|\n|upkeep\n|\n|t:|1700550680\n|switch|p2a: Sneasler|Sneasler, F|100\/100\n|-damage|p2a: Sneasler|95\/100|[from] Stealth Rock\n|-enditem|p2a: Sneasler|Electric Seed\n|-boost|p2a: Sneasler|def|1|[from] item: Electric Seed\n|turn|18\n|\n|t:|1700550684\n|move|p1a: Pinsir|Quick Attack|p2a: Sneasler\n|-supereffective|p2a: Sneasler\n|-damage|p2a: Sneasler|0 fnt\n|faint|p2a: Sneasler\n|\n|upkeep\n|\n|t:|1700550688\n|switch|p2a: Tapu Koko|Tapu Koko|25\/100\n|turn|19\n|\n|t:|1700550691\n|move|p1a: Pinsir|Quick Attack|p2a: Tapu Koko\n|-resisted|p2a: Tapu Koko\n|-damage|p2a: Tapu Koko|0 fnt\n|faint|p2a: Tapu Koko\n|\n|-fieldend|move: Electric Terrain\n|upkeep\n|c|\u2606tuesparliasfr|gg\n|\n|t:|1700550702\n|switch|p2a: Iron Valiant|Iron Valiant|18\/100\n|-damage|p2a: Iron Valiant|12\/100|[from] Stealth Rock\n|turn|20\n|c|\u2606AnegoUB01|gg\n|\n|t:|1700550704\n|move|p1a: Pinsir|Quick Attack|p2a: Iron Valiant\n|-supereffective|p2a: Iron Valiant\n|-damage|p2a: Iron Valiant|0 fnt\n|faint|p2a: Iron Valiant\n|-end|p2a: Iron Valiant|Quark Drive|[silent]\n|\n|win|AnegoUB01\n|raw|AnegoUB01's rating: 1403 &rarr; <strong>1423<\/strong><br \/>(+20 for winning)\n|raw|tuesparliasfr's rating: 1404 &rarr; <strong>1384<\/strong><br \/>(-20 for losing)\n|l|\u2606tuesparliasfr\n","uploadtime":1700550710,"views":2,"p1id":"anegoub01","p2id":"tuesparliasfr","formatid":"gen9nationaldex","rating":1384,"private":0,"password":""}