{"id":"gen9nationaldex-1990224051","p1":"OkcThunder0","p2":"Kuzwa","format":"[Gen 9] National Dex","log":"|j|\u2606OkcThunder0\n|j|\u2606Kuzwa\n|t:|1699940014\n|gametype|singles\n|player|p1|OkcThunder0|red|1471\n|player|p2|Kuzwa|parasollady|1369\n|teamsize|p1|6\n|teamsize|p2|6\n|gen|9\n|tier|[Gen 9] National Dex\n|rated|\n|rule|HP Percentage Mod: HP is shown in percentages\n|rule|Endless Battle Clause: Forcing endless battles is banned\n|rule|OHKO Clause: OHKO moves are banned\n|rule|Evasion Clause: Evasion abilities, items, and moves are banned\n|rule|Evasion Abilities Clause: Evasion abilities are banned\n|rule|Evasion Items Clause: Evasion items are banned\n|rule|Evasion Moves Clause: Evasion moves are banned\n|rule|Species Clause: Limit one of each Pok\u00e9mon\n|rule|Sleep Clause Mod: Limit one foe put to sleep\n|clearpoke\n|poke|p1|Keldeo-Resolute|\n|poke|p1|Kartana|\n|poke|p1|Beedrill, F|\n|poke|p1|Landorus-Therian, M|\n|poke|p1|Kyurem|\n|poke|p1|Zapdos|\n|poke|p2|Gallade, M|\n|poke|p2|Kartana|\n|poke|p2|Weavile, M|\n|poke|p2|Ogerpon-Wellspring, F|\n|poke|p2|Zeraora|\n|poke|p2|Glimmora, M|\n|teampreview\n|inactive|Battle timer is ON: inactive players will automatically lose when time's up. (requested by Kuzwa)\n|\n|t:|1699940025\n|start\n|switch|p1a: A$AP|Keldeo-Resolute|100\/100\n|switch|p2a: thing|Glimmora, M|100\/100\n|-item|p2a: thing|Air Balloon\n|turn|1\n|\n|t:|1699940031\n|move|p1a: A$AP|Hydro Pump|p2a: thing|[miss]\n|-miss|p1a: A$AP|p2a: thing\n|move|p2a: thing|Sludge Wave|p1a: A$AP\n|-damage|p1a: A$AP|44\/100\n|\n|upkeep\n|turn|2\n|\n|t:|1699940034\n|move|p1a: A$AP|Hydro Pump|p2a: thing|[miss]\n|-miss|p1a: A$AP|p2a: thing\n|move|p2a: thing|Sludge Wave|p1a: A$AP\n|-damage|p1a: A$AP|0 fnt\n|faint|p1a: A$AP\n|\n|upkeep\n|\n|t:|1699940042\n|switch|p1a: Inevitable|Kartana|100\/100\n|turn|3\n|\n|t:|1699940047\n|move|p1a: Inevitable|Leaf Blade|p2a: thing\n|-damage|p2a: thing|0 fnt\n|-activate|p2a: thing|ability: Toxic Debris\n|-sidestart|p1: OkcThunder0|move: Toxic Spikes\n|-enditem|p2a: thing|Air Balloon\n|faint|p2a: thing\n|-ability|p1a: Inevitable|Beast Boost|boost\n|-boost|p1a: Inevitable|atk|1\n|-damage|p1a: Inevitable|91\/100|[from] item: Life Orb\n|\n|upkeep\n|\n|t:|1699940054\n|switch|p2a: Makoto Yuki|Kartana, shiny|100\/100\n|turn|4\n|\n|t:|1699940059\n|switch|p1a: Enten|Landorus-Therian, M|100\/100\n|-ability|p1a: Enten|Intimidate|boost\n|-unboost|p2a: Makoto Yuki|atk|1\n|move|p2a: Makoto Yuki|Sacred Sword|p1a: Enten\n|-resisted|p1a: Enten\n|-damage|p1a: Enten|88\/100\n|-damage|p2a: Makoto Yuki|84\/100|[from] item: Rocky Helmet|[of] p1a: Enten\n|\n|upkeep\n|turn|5\n|\n|t:|1699940064\n|move|p2a: Makoto Yuki|Swords Dance|p2a: Makoto Yuki\n|-boost|p2a: Makoto Yuki|atk|2\n|move|p1a: Enten|U-turn|p2a: Makoto Yuki\n|-damage|p2a: Makoto Yuki|61\/100\n|\n|t:|1699940071\n|switch|p1a: Drago|Kyurem|100\/100|[from] U-turn\n|-status|p1a: Drago|psn\n|-ability|p1a: Drago|Pressure\n|\n|-damage|p1a: Drago|88\/100 psn|[from] psn\n|upkeep\n|turn|6\n|\n|t:|1699940075\n|move|p1a: Drago|Freeze-Dry|p2a: Makoto Yuki\n|-damage|p2a: Makoto Yuki|0 fnt\n|faint|p2a: Makoto Yuki\n|\n|-damage|p1a: Drago|76\/100 psn|[from] psn\n|upkeep\n|\n|t:|1699940085\n|switch|p2a: Junpei Iori|Weavile, M, shiny|100\/100\n|turn|7\n|\n|t:|1699940097\n|switch|p1a: Enten|Landorus-Therian, M|88\/100\n|-ability|p1a: Enten|Intimidate|boost\n|-unboost|p2a: Junpei Iori|atk|1\n|move|p2a: Junpei Iori|Swords Dance|p2a: Junpei Iori\n|-boost|p2a: Junpei Iori|atk|2\n|\n|upkeep\n|turn|8\n|\n|t:|1699940102\n|move|p2a: Junpei Iori|Ice Spinner|p1a: Enten\n|-supereffective|p1a: Enten\n|-damage|p1a: Enten|0 fnt\n|-damage|p2a: Junpei Iori|84\/100|[from] item: Rocky Helmet|[of] p1a: Enten\n|faint|p1a: Enten\n|\n|upkeep\n|\n|t:|1699940104\n|switch|p1a: Sling|Beedrill, F|100\/100\n|-sideend|p1: OkcThunder0|move: Toxic Spikes|[of] p1a: Sling\n|turn|9\n|\n|t:|1699940109\n|detailschange|p1a: Sling|Beedrill-Mega, F\n|-mega|p1a: Sling|Beedrill|Beedrillite\n|move|p1a: Sling|U-turn|p2a: Junpei Iori\n|-supereffective|p2a: Junpei Iori\n|-crit|p2a: Junpei Iori\n|-damage|p2a: Junpei Iori|0 fnt\n|faint|p2a: Junpei Iori\n|\n|t:|1699940116\n|switch|p1a: Luck|Zapdos|100\/100|[from] U-turn\n|\n|upkeep\n|\n|t:|1699940128\n|switch|p2a: Aigis|Ogerpon-Wellspring, F|100\/100\n|turn|10\n|\n|t:|1699940138\n|move|p2a: Aigis|Ivy Cudgel|p1a: Luck\n|-crit|p1a: Luck\n|-damage|p1a: Luck|35\/100\n|move|p1a: Luck|U-turn|p2a: Aigis\n|-supereffective|p2a: Aigis\n|-damage|p2a: Aigis|67\/100\n|\n|t:|1699940141\n|switch|p1a: Drago|Kyurem|76\/100 psn|[from] U-turn\n|-ability|p1a: Drago|Pressure\n|\n|-damage|p1a: Drago|64\/100 psn|[from] psn\n|upkeep\n|turn|11\n|\n|t:|1699940152\n|switch|p2a: Ryoji Mochizuki|Gallade, M, shiny|100\/100\n|move|p1a: Drago|Freeze-Dry|p2a: Ryoji Mochizuki\n|-damage|p2a: Ryoji Mochizuki|58\/100\n|\n|-damage|p1a: Drago|51\/100 psn|[from] psn\n|upkeep\n|turn|12\n|\n|t:|1699940158\n|switch|p1a: Luck|Zapdos|35\/100\n|move|p2a: Ryoji Mochizuki|Psycho Cut|p1a: Luck\n|-damage|p1a: Luck|0 fnt\n|faint|p1a: Luck\n|\n|upkeep\n|\n|t:|1699940163\n|switch|p1a: Inevitable|Kartana|91\/100\n|turn|13\n|\n|t:|1699940169\n|move|p1a: Inevitable|Leaf Blade|p2a: Ryoji Mochizuki\n|-damage|p2a: Ryoji Mochizuki|0 fnt\n|faint|p2a: Ryoji Mochizuki\n|-ability|p1a: Inevitable|Beast Boost|boost\n|-boost|p1a: Inevitable|atk|1\n|-damage|p1a: Inevitable|81\/100|[from] item: Life Orb\n|\n|upkeep\n|\n|t:|1699940178\n|switch|p2a: Aigis|Ogerpon-Wellspring, F|67\/100\n|turn|14\n|\n|t:|1699940192\n|move|p2a: Aigis|Ivy Cudgel|p1a: Inevitable\n|-resisted|p1a: Inevitable\n|-damage|p1a: Inevitable|51\/100\n|move|p1a: Inevitable|Leaf Blade|p2a: Aigis\n|-damage|p2a: Aigis|0 fnt\n|faint|p2a: Aigis\n|-ability|p1a: Inevitable|Beast Boost|boost\n|-boost|p1a: Inevitable|atk|1\n|-damage|p1a: Inevitable|41\/100|[from] item: Life Orb\n|\n|upkeep\n|\n|t:|1699940196\n|switch|p2a: Ken Amada|Zeraora|100\/100\n|turn|15\n|\n|t:|1699940202\n|move|p2a: Ken Amada|Fake Out|p1a: Inevitable\n|-resisted|p1a: Inevitable\n|-crit|p1a: Inevitable\n|-damage|p1a: Inevitable|32\/100\n|cant|p1a: Inevitable|flinch\n|\n|upkeep\n|turn|16\n|\n|t:|1699940205\n|move|p2a: Ken Amada|Drain Punch|p1a: Inevitable\n|-supereffective|p1a: Inevitable\n|-damage|p1a: Inevitable|0 fnt\n|faint|p1a: Inevitable\n|\n|upkeep\n|\n|t:|1699940209\n|switch|p1a: Sling|Beedrill-Mega, F|100\/100\n|turn|17\n|\n|t:|1699940214\n|move|p1a: Sling|Poison Jab|p2a: Ken Amada\n|-damage|p2a: Ken Amada|12\/100\n|move|p2a: Ken Amada|Plasma Fists|p1a: Sling\n|-damage|p1a: Sling|0 fnt\n|-fieldactivate|move: Ion Deluge\n|-hint|Normal-type moves become Electric-type after using Plasma Fists.\n|faint|p1a: Sling\n|\n|upkeep\n|\n|t:|1699940218\n|switch|p1a: Drago|Kyurem|51\/100 psn\n|-ability|p1a: Drago|Pressure\n|turn|18\n|\n|t:|1699940220\n|-terastallize|p2a: Ken Amada|Flying\n|move|p1a: Drago|Earth Power|p2a: Ken Amada\n|-immune|p2a: Ken Amada\n|move|p2a: Ken Amada|Drain Punch|p1a: Drago\n|-supereffective|p1a: Drago\n|-damage|p1a: Drago|10\/100 psn\n|-heal|p2a: Ken Amada|38\/100|[from] drain|[of] p1a: Drago\n|\n|-damage|p1a: Drago|0 fnt|[from] psn\n|faint|p1a: Drago\n|\n|win|Kuzwa\n|upkeep\n|raw|OkcThunder0's rating: 1471 &rarr; <strong>1445<\/strong><br \/>(-26 for losing)\n|raw|Kuzwa's rating: 1369 &rarr; <strong>1395<\/strong><br \/>(+26 for winning)\n|l|\u2606OkcThunder0\n","uploadtime":1699940232,"views":4,"p1id":"okcthunder0","p2id":"kuzwa","formatid":"gen9nationaldex","rating":1395,"private":0,"password":""}