{"id":"gen9nationaldex-1993858763","p1":"xuxiansheng","p2":"As cheu","format":"[Gen 9] National Dex","log":"|j|\u2606xuxiansheng\n|j|\u2606As cheu\n|t:|1700366259\n|gametype|singles\n|player|p1|xuxiansheng|candice|1529\n|player|p2|As cheu|officeworker|1628\n|teamsize|p1|6\n|teamsize|p2|6\n|gen|9\n|tier|[Gen 9] National Dex\n|rated|\n|rule|HP Percentage Mod: HP is shown in percentages\n|rule|Endless Battle Clause: Forcing endless battles is banned\n|rule|OHKO Clause: OHKO moves are banned\n|rule|Evasion Clause: Evasion abilities, items, and moves are banned\n|rule|Evasion Abilities Clause: Evasion abilities are banned\n|rule|Evasion Items Clause: Evasion items are banned\n|rule|Evasion Moves Clause: Evasion moves are banned\n|rule|Species Clause: Limit one of each Pok\u00e9mon\n|rule|Sleep Clause Mod: Limit one foe put to sleep\n|clearpoke\n|poke|p1|Charizard, M|\n|poke|p1|Great Tusk|\n|poke|p1|Ogerpon-Wellspring, F|\n|poke|p1|Ribombee, F|\n|poke|p1|Aegislash, F|\n|poke|p1|Landorus-Therian, M|\n|poke|p2|Cloyster, M|\n|poke|p2|Umbreon, F|\n|poke|p2|Gardevoir, F|\n|poke|p2|Forretress, M|\n|poke|p2|Thundurus-Therian, M|\n|poke|p2|Sneasler, M|\n|teampreview\n|inactive|Battle timer is ON: inactive players will automatically lose when time's up. (requested by xuxiansheng)\n|\n|t:|1700366266\n|start\n|switch|p1a: Ribombee|Ribombee, F|100\/100\n|switch|p2a: Forretress|Forretress, M|100\/100\n|turn|1\n|\n|t:|1700366270\n|move|p1a: Ribombee|Sticky Web|p2a: Forretress\n|-sidestart|p2: As cheu|move: Sticky Web\n|move|p2a: Forretress|Stealth Rock|p1a: Ribombee\n|-sidestart|p1: xuxiansheng|move: Stealth Rock\n|\n|upkeep\n|turn|2\n|\n|t:|1700366275\n|switch|p1a: Aegislash|Aegislash, F|100\/100\n|-damage|p1a: Aegislash|94\/100|[from] Stealth Rock\n|move|p2a: Forretress|Toxic|p1a: Aegislash\n|-immune|p1a: Aegislash\n|\n|-heal|p1a: Aegislash|100\/100|[from] item: Leftovers\n|upkeep\n|turn|3\n|\n|t:|1700366284\n|switch|p2a: \u56e1\u56e1|Umbreon, F|100\/100\n|-activate|p2a: \u56e1\u56e1|move: Sticky Web\n|-unboost|p2a: \u56e1\u56e1|spe|1\n|-formechange|p1a: Aegislash|Aegislash-Blade||[from] ability: Stance Change\n|move|p1a: Aegislash|Iron Head|p2a: \u56e1\u56e1\n|-damage|p2a: \u56e1\u56e1|80\/100\n|\n|-heal|p2a: \u56e1\u56e1|87\/100|[from] item: Leftovers\n|upkeep\n|turn|4\n|\n|t:|1700366292\n|-formechange|p1a: Aegislash|Aegislash||[from] ability: Stance Change\n|move|p1a: Aegislash|King's Shield|p1a: Aegislash\n|-singleturn|p1a: Aegislash|Protect\n|move|p2a: \u56e1\u56e1|Foul Play|p1a: Aegislash\n|-activate|p1a: Aegislash|move: Protect\n|-unboost|p2a: \u56e1\u56e1|atk|1\n|\n|-heal|p2a: \u56e1\u56e1|93\/100|[from] item: Leftovers\n|upkeep\n|turn|5\n|\n|t:|1700366299\n|-formechange|p1a: Aegislash|Aegislash-Blade||[from] ability: Stance Change\n|move|p1a: Aegislash|Close Combat|p2a: \u56e1\u56e1\n|-supereffective|p2a: \u56e1\u56e1\n|-damage|p2a: \u56e1\u56e1|52\/100\n|-unboost|p1a: Aegislash|def|1\n|-unboost|p1a: Aegislash|spd|1\n|move|p2a: \u56e1\u56e1|Foul Play|p1a: Aegislash\n|-supereffective|p1a: Aegislash\n|-damage|p1a: Aegislash|0 fnt\n|faint|p1a: Aegislash\n|\n|-heal|p2a: \u56e1\u56e1|58\/100|[from] item: Leftovers\n|upkeep\n|\n|t:|1700366307\n|switch|p1a: Great Tusk|Great Tusk|100\/100\n|-damage|p1a: Great Tusk|98\/100|[from] Stealth Rock\n|turn|6\n|\n|t:|1700366311\n|switch|p2a: Forretress|Forretress, M|100\/100\n|-activate|p2a: Forretress|move: Sticky Web\n|-unboost|p2a: Forretress|spe|1\n|move|p1a: Great Tusk|Rapid Spin|p2a: Forretress\n|-resisted|p2a: Forretress\n|-damage|p2a: Forretress|95\/100\n|-boost|p1a: Great Tusk|spe|1\n|-damage|p1a: Great Tusk|81\/100|[from] item: Rocky Helmet|[of] p2a: Forretress\n|-sideend|p1: xuxiansheng|Stealth Rock|[from] move: Rapid Spin|[of] p1a: Great Tusk\n|\n|upkeep\n|turn|7\n|\n|t:|1700366324\n|move|p1a: Great Tusk|Headlong Rush|p2a: Forretress\n|-damage|p2a: Forretress|58\/100\n|-unboost|p1a: Great Tusk|def|1\n|-unboost|p1a: Great Tusk|spd|1\n|-damage|p1a: Great Tusk|65\/100|[from] item: Rocky Helmet|[of] p2a: Forretress\n|move|p2a: Forretress|Rapid Spin|p1a: Great Tusk\n|-crit|p1a: Great Tusk\n|-damage|p1a: Great Tusk|48\/100\n|-boost|p2a: Forretress|spe|1\n|-sideend|p2: As cheu|Sticky Web|[from] move: Rapid Spin|[of] p2a: Forretress\n|\n|upkeep\n|turn|8\n|\n|t:|1700366328\n|-end|p1a: Great Tusk|Protosynthesis|[silent]\n|switch|p1a: Charizard|Charizard, M|100\/100\n|move|p2a: Forretress|Stealth Rock|p1a: Charizard\n|-sidestart|p1: xuxiansheng|move: Stealth Rock\n|\n|upkeep\n|turn|9\n|\n|t:|1700366333\n|detailschange|p1a: Charizard|Charizard-Mega-Y, M\n|-mega|p1a: Charizard|Charizard|Charizardite Y\n|-weather|SunnyDay|[from] ability: Drought|[of] p1a: Charizard\n|-terastallize|p2a: Forretress|Fire\n|move|p1a: Charizard|Weather Ball|p2a: Forretress\n|-resisted|p2a: Forretress\n|-damage|p2a: Forretress|4\/100\n|move|p2a: Forretress|Toxic|p1a: Charizard\n|-status|p1a: Charizard|tox\n|\n|-weather|SunnyDay|[upkeep]\n|-damage|p1a: Charizard|94\/100 tox|[from] psn\n|upkeep\n|turn|10\n|\n|t:|1700366347\n|move|p1a: Charizard|Weather Ball|p2a: Forretress\n|-resisted|p2a: Forretress\n|-damage|p2a: Forretress|0 fnt\n|faint|p2a: Forretress\n|\n|-weather|SunnyDay|[upkeep]\n|-damage|p1a: Charizard|82\/100 tox|[from] psn\n|upkeep\n|\n|t:|1700366350\n|switch|p2a: \u9b3c\u65af|Cloyster, M|100\/100\n|turn|11\n|\n|t:|1700366354\n|move|p1a: Charizard|Weather Ball|p2a: \u9b3c\u65af\n|-enditem|p2a: \u9b3c\u65af|Focus Sash\n|-damage|p2a: \u9b3c\u65af|1\/100\n|move|p2a: \u9b3c\u65af|Shell Smash|p2a: \u9b3c\u65af\n|-unboost|p2a: \u9b3c\u65af|def|1\n|-unboost|p2a: \u9b3c\u65af|spd|1\n|-boost|p2a: \u9b3c\u65af|atk|2\n|-boost|p2a: \u9b3c\u65af|spa|2\n|-boost|p2a: \u9b3c\u65af|spe|2\n|\n|-weather|SunnyDay|[upkeep]\n|-damage|p1a: Charizard|64\/100 tox|[from] psn\n|upkeep\n|turn|12\n|\n|t:|1700366363\n|move|p2a: \u9b3c\u65af|Icicle Spear|p1a: Charizard\n|-damage|p1a: Charizard|28\/100 tox\n|-damage|p1a: Charizard|0 fnt\n|faint|p1a: Charizard\n|-hitcount|p1: Charizard|2\n|\n|-weather|SunnyDay|[upkeep]\n|upkeep\n|\n|t:|1700366377\n|switch|p1a: Ogerpon|Ogerpon-Wellspring, F|100\/100\n|-damage|p1a: Ogerpon|88\/100|[from] Stealth Rock\n|turn|13\n|\n|t:|1700366384\n|-terastallize|p1a: Ogerpon|Water\n|detailschange|p1a: Ogerpon|Ogerpon-Wellspring-Tera, F, tera:Water\n|-ability|p1a: Ogerpon|Embody Aspect (Wellspring)|boost\n|-boost|p1a: Ogerpon|spd|1\n|move|p2a: \u9b3c\u65af|Icicle Spear|p1a: Ogerpon\n|-resisted|p1a: Ogerpon\n|-damage|p1a: Ogerpon|73\/100\n|-resisted|p1a: Ogerpon\n|-damage|p1a: Ogerpon|59\/100\n|-resisted|p1a: Ogerpon\n|-damage|p1a: Ogerpon|43\/100\n|-resisted|p1a: Ogerpon\n|-damage|p1a: Ogerpon|28\/100\n|-resisted|p1a: Ogerpon\n|-damage|p1a: Ogerpon|12\/100\n|-hitcount|p1a: Ogerpon|5\n|move|p1a: Ogerpon|Horn Leech|p2a: \u9b3c\u65af\n|-supereffective|p2a: \u9b3c\u65af\n|-damage|p2a: \u9b3c\u65af|0 fnt\n|-heal|p1a: Ogerpon|12\/100|[from] drain|[of] p2a: \u9b3c\u65af\n|faint|p2a: \u9b3c\u65af\n|\n|-weather|none\n|upkeep\n|\n|t:|1700366398\n|switch|p2a: Sneasler|Sneasler, M|100\/100\n|turn|14\n|\n|t:|1700366404\n|switch|p1a: Landorus|Landorus-Therian, M|100\/100\n|-damage|p1a: Landorus|88\/100|[from] Stealth Rock\n|-ability|p1a: Landorus|Intimidate|boost\n|-unboost|p2a: Sneasler|atk|1\n|move|p2a: Sneasler|U-turn|p1a: Landorus\n|-resisted|p1a: Landorus\n|-damage|p1a: Landorus|79\/100\n|-status|p1a: Landorus|psn|[from] ability: Poison Touch|[of] p2a: Sneasler\n|\n|t:|1700366407\n|switch|p2a: Thundurus|Thundurus-Therian, M|100\/100|[from] U-turn\n|\n|-damage|p1a: Landorus|66\/100 psn|[from] psn\n|upkeep\n|turn|15\n|\n|t:|1700366411\n|move|p1a: Landorus|Stone Edge|p2a: Thundurus\n|-supereffective|p2a: Thundurus\n|-damage|p2a: Thundurus|0 fnt\n|faint|p2a: Thundurus\n|\n|-damage|p1a: Landorus|54\/100 psn|[from] psn\n|upkeep\n|\n|t:|1700366416\n|switch|p2a: \u88d9\u4e0b\u4e4b\u81e3|Gardevoir, F, shiny|100\/100\n|-ability|p2a: \u88d9\u4e0b\u4e4b\u81e3|Intimidate|boost\n|-unboost|p1a: Landorus|atk|1\n|-ability|p2a: \u88d9\u4e0b\u4e4b\u81e3|Intimidate|[from] ability: Trace|[of] p1a: Landorus\n|turn|16\n|\n|t:|1700366423\n|switch|p1a: Ogerpon|Ogerpon-Wellspring-Tera, F, tera:Water|12\/100\n|-damage|p1a: Ogerpon|0 fnt|[from] Stealth Rock\n|faint|p1a: Ogerpon\n|detailschange|p2a: \u88d9\u4e0b\u4e4b\u81e3|Gardevoir-Mega, F, shiny\n|-mega|p2a: \u88d9\u4e0b\u4e4b\u81e3|Gardevoir|Gardevoirite\n|move|p2a: \u88d9\u4e0b\u4e4b\u81e3|Hyper Voice|p1: Ogerpon|[notarget]\n|-fail|p2a: \u88d9\u4e0b\u4e4b\u81e3\n|\n|upkeep\n|\n|t:|1700366434\n|switch|p1a: Ribombee|Ribombee, F|100\/100\n|-damage|p1a: Ribombee|76\/100|[from] Stealth Rock\n|turn|17\n|\n|t:|1700366452\n|move|p1a: Ribombee|Stun Spore|p2a: \u88d9\u4e0b\u4e4b\u81e3\n|-status|p2a: \u88d9\u4e0b\u4e4b\u81e3|par\n|move|p2a: \u88d9\u4e0b\u4e4b\u81e3|Hyper Voice|p1a: Ribombee\n|-damage|p1a: Ribombee|0 fnt\n|faint|p1a: Ribombee\n|\n|upkeep\n|\n|t:|1700366457\n|switch|p1a: Great Tusk|Great Tusk|48\/100\n|-damage|p1a: Great Tusk|46\/100|[from] Stealth Rock\n|turn|18\n|\n|t:|1700366461\n|move|p1a: Great Tusk|Headlong Rush|p2a: \u88d9\u4e0b\u4e4b\u81e3\n|-damage|p2a: \u88d9\u4e0b\u4e4b\u81e3|39\/100 par\n|-unboost|p1a: Great Tusk|def|1\n|-unboost|p1a: Great Tusk|spd|1\n|cant|p2a: \u88d9\u4e0b\u4e4b\u81e3|par\n|\n|upkeep\n|turn|19\n|\n|t:|1700366467\n|move|p1a: Great Tusk|Rapid Spin|p2a: \u88d9\u4e0b\u4e4b\u81e3\n|-damage|p2a: \u88d9\u4e0b\u4e4b\u81e3|19\/100 par\n|-boost|p1a: Great Tusk|spe|1\n|-sideend|p1: xuxiansheng|Stealth Rock|[from] move: Rapid Spin|[of] p1a: Great Tusk\n|move|p2a: \u88d9\u4e0b\u4e4b\u81e3|Hyper Voice|p1a: Great Tusk\n|-supereffective|p1a: Great Tusk\n|-damage|p1a: Great Tusk|0 fnt\n|faint|p1a: Great Tusk\n|-end|p1a: Great Tusk|Protosynthesis|[silent]\n|\n|upkeep\n|\n|t:|1700366470\n|switch|p1a: Landorus|Landorus-Therian, M|54\/100 psn\n|-ability|p1a: Landorus|Intimidate|boost\n|-unboost|p2a: \u88d9\u4e0b\u4e4b\u81e3|atk|1\n|turn|20\n|\n|t:|1700366476\n|move|p1a: Landorus|Earthquake|p2a: \u88d9\u4e0b\u4e4b\u81e3\n|-damage|p2a: \u88d9\u4e0b\u4e4b\u81e3|0 fnt\n|faint|p2a: \u88d9\u4e0b\u4e4b\u81e3\n|\n|-damage|p1a: Landorus|42\/100 psn|[from] psn\n|upkeep\n|\n|t:|1700366479\n|switch|p2a: \u56e1\u56e1|Umbreon, F|58\/100\n|turn|21\n|\n|t:|1700366481\n|move|p2a: \u56e1\u56e1|Protect|p2a: \u56e1\u56e1\n|-singleturn|p2a: \u56e1\u56e1|Protect\n|move|p1a: Landorus|Earthquake|p2a: \u56e1\u56e1\n|-activate|p2a: \u56e1\u56e1|move: Protect\n|\n|-heal|p2a: \u56e1\u56e1|64\/100|[from] item: Leftovers\n|-damage|p1a: Landorus|30\/100 psn|[from] psn\n|upkeep\n|turn|22\n|\n|t:|1700366484\n|move|p1a: Landorus|Earthquake|p2a: \u56e1\u56e1\n|-damage|p2a: \u56e1\u56e1|25\/100\n|move|p2a: \u56e1\u56e1|Foul Play|p1a: Landorus\n|-damage|p1a: Landorus|0 fnt\n|faint|p1a: Landorus\n|\n|win|As cheu\n|raw|xuxiansheng's rating: 1529 &rarr; <strong>1515<\/strong><br \/>(-14 for losing)\n|raw|As cheu's rating: 1628 &rarr; <strong>1642<\/strong><br \/>(+14 for winning)\n|l|\u2606xuxiansheng\n","uploadtime":1700366493,"views":13,"p1id":"xuxiansheng","p2id":"ascheu","formatid":"gen9nationaldex","rating":1515,"private":0,"password":""}