{"id":"gen9nationaldex-1998007031","p1":"Toxic Ariados","p2":"apheliodiomycota","format":"[Gen 9] National Dex","log":"|html|<div class=\"broadcast-blue\"><strong>[Gen 9] National Dex is currently suspecting Sneasler! For information on how to participate check out the <a href=\"https:\/\/www.smogon.com\/forums\/threads\/sv-national-dex-suspect-8-just-dance.3731534\/\">suspect thread<\/a>.<\/strong><\/div>\n|j|\u2606Toxic Ariados\n|j|\u2606apheliodiomycota\n|t:|1700878181\n|gametype|singles\n|player|p1|Toxic Ariados|lucas|1734\n|player|p2|apheliodiomycota|169|1703\n|teamsize|p1|6\n|teamsize|p2|6\n|gen|9\n|tier|[Gen 9] National Dex\n|rated|\n|rule|HP Percentage Mod: HP is shown in percentages\n|rule|Endless Battle Clause: Forcing endless battles is banned\n|rule|OHKO Clause: OHKO moves are banned\n|rule|Evasion Clause: Evasion abilities, items, and moves are banned\n|rule|Evasion Abilities Clause: Evasion abilities are banned\n|rule|Evasion Items Clause: Evasion items are banned\n|rule|Evasion Moves Clause: Evasion moves are banned\n|rule|Species Clause: Limit one of each Pok\u00e9mon\n|rule|Sleep Clause Mod: Limit one foe put to sleep\n|clearpoke\n|poke|p1|Grimmsnarl, M|\n|poke|p1|Okidogi, M|\n|poke|p1|Volcarona, F|\n|poke|p1|Great Tusk|\n|poke|p1|Ogerpon-Cornerstone, F|\n|poke|p1|Jirachi|\n|poke|p2|Tapu Lele|\n|poke|p2|Garchomp, M|\n|poke|p2|Corviknight, M|\n|poke|p2|Skeledirge, M|\n|poke|p2|Samurott-Hisui, M|\n|poke|p2|Venusaur, M|\n|teampreview\n|inactive|Battle timer is ON: inactive players will automatically lose when time's up. (requested by apheliodiomycota)\n|\n|t:|1700878192\n|start\n|switch|p1a: Diablo|Grimmsnarl, M|100\/100\n|switch|p2a: Tapu Lele|Tapu Lele|100\/100\n|-fieldstart|move: Psychic Terrain|[from] ability: Psychic Surge|[of] p2a: Tapu Lele\n|turn|1\n|\n|t:|1700878194\n|move|p1a: Diablo|Light Screen|p1a: Diablo\n|-sidestart|p1: Toxic Ariados|move: Light Screen\n|move|p2a: Tapu Lele|Moonblast|p1a: Diablo\n|-supereffective|p1a: Diablo\n|-damage|p1a: Diablo|36\/100\n|-unboost|p1a: Diablo|spa|1\n|\n|upkeep\n|turn|2\n|\n|t:|1700878198\n|switch|p1a: Solstice|Volcarona, F|100\/100\n|move|p2a: Tapu Lele|Moonblast|p1a: Solstice\n|-resisted|p1a: Solstice\n|-damage|p1a: Solstice|79\/100\n|\n|upkeep\n|turn|3\n|\n|t:|1700878203\n|switch|p2a: Skeledirge|Skeledirge, M|100\/100\n|switch|p1a: Diablo|Grimmsnarl, M|36\/100\n|\n|upkeep\n|turn|4\n|\n|t:|1700878206\n|move|p1a: Diablo|Taunt|p2a: Skeledirge\n|-activate|p2a: Skeledirge|move: Psychic Terrain\n|move|p2a: Skeledirge|Torch Song|p1a: Diablo\n|-damage|p1a: Diablo|23\/100\n|-boost|p2a: Skeledirge|spa|1\n|\n|upkeep\n|turn|5\n|\n|t:|1700878209\n|move|p1a: Diablo|Reflect|p1a: Diablo\n|-sidestart|p1: Toxic Ariados|Reflect\n|move|p2a: Skeledirge|Torch Song|p1a: Diablo\n|-damage|p1a: Diablo|4\/100\n|-boost|p2a: Skeledirge|spa|1\n|\n|-fieldend|move: Psychic Terrain\n|upkeep\n|turn|6\n|\n|t:|1700878213\n|move|p2a: Skeledirge|Torch Song|p1a: Diablo\n|-damage|p1a: Diablo|0 fnt\n|-boost|p2a: Skeledirge|spa|1\n|faint|p1a: Diablo\n|\n|upkeep\n|\n|t:|1700878221\n|switch|p1a: Ogerpon|Ogerpon-Cornerstone, F|100\/100\n|turn|7\n|\n|t:|1700878224\n|move|p1a: Ogerpon|Ivy Cudgel|p2a: Skeledirge|[anim] Ivy Cudgel Rock\n|-supereffective|p2a: Skeledirge\n|-damage|p2a: Skeledirge|10\/100\n|move|p2a: Skeledirge|Will-O-Wisp|p1a: Ogerpon\n|-status|p1a: Ogerpon|brn\n|\n|-damage|p1a: Ogerpon|95\/100 brn|[from] brn\n|upkeep\n|turn|8\n|\n|t:|1700878230\n|move|p1a: Ogerpon|Swords Dance|p1a: Ogerpon\n|-boost|p1a: Ogerpon|atk|2\n|move|p2a: Skeledirge|Slack Off|p2a: Skeledirge\n|-heal|p2a: Skeledirge|60\/100\n|\n|-damage|p1a: Ogerpon|89\/100 brn|[from] brn\n|-sideend|p1: Toxic Ariados|move: Light Screen\n|upkeep\n|turn|9\n|\n|t:|1700878232\n|move|p1a: Ogerpon|Ivy Cudgel|p2a: Skeledirge|[anim] Ivy Cudgel Rock\n|-supereffective|p2a: Skeledirge\n|-damage|p2a: Skeledirge|15\/100\n|move|p2a: Skeledirge|Hex|p1a: Ogerpon\n|-damage|p1a: Ogerpon|0 fnt\n|faint|p1a: Ogerpon\n|\n|upkeep\n|\n|t:|1700878236\n|switch|p1a: Bedrock|Great Tusk|100\/100\n|turn|10\n|\n|t:|1700878239\n|switch|p2a: Corviknight|Corviknight, M|100\/100\n|-ability|p2a: Corviknight|Pressure\n|move|p1a: Bedrock|Headlong Rush|p2a: Corviknight\n|-immune|p2a: Corviknight\n|\n|upkeep\n|turn|11\n|\n|t:|1700878240\n|move|p1a: Bedrock|Close Combat|p2a: Corviknight\n|-damage|p2a: Corviknight|60\/100\n|-unboost|p1a: Bedrock|def|1\n|-unboost|p1a: Bedrock|spd|1\n|-damage|p1a: Bedrock|84\/100|[from] item: Rocky Helmet|[of] p2a: Corviknight\n|move|p2a: Corviknight|Brave Bird|p1a: Bedrock\n|-supereffective|p1a: Bedrock\n|-damage|p1a: Bedrock|47\/100\n|-damage|p2a: Corviknight|48\/100|[from] Recoil\n|\n|upkeep\n|turn|12\n|\n|t:|1700878248\n|-end|p1a: Bedrock|Protosynthesis|[silent]\n|switch|p1a: Wrath|Okidogi, M|100\/100\n|move|p2a: Corviknight|Roost|p2a: Corviknight\n|-heal|p2a: Corviknight|98\/100\n|-singleturn|p2a: Corviknight|move: Roost\n|\n|-sideend|p1: Toxic Ariados|Reflect\n|upkeep\n|turn|13\n|\n|t:|1700878251\n|move|p1a: Wrath|Bulk Up|p1a: Wrath\n|-boost|p1a: Wrath|atk|1\n|-boost|p1a: Wrath|def|1\n|move|p2a: Corviknight|Brave Bird|p1a: Wrath\n|-supereffective|p1a: Wrath\n|-damage|p1a: Wrath|61\/100\n|-enditem|p1a: Wrath|Weakness Policy\n|-boost|p1a: Wrath|atk|2|[from] item: Weakness Policy\n|-boost|p1a: Wrath|spa|2|[from] item: Weakness Policy\n|-damage|p2a: Corviknight|86\/100|[from] Recoil\n|\n|upkeep\n|turn|14\n|\n|t:|1700878258\n|move|p1a: Wrath|Drain Punch|p2a: Corviknight\n|-damage|p2a: Corviknight|26\/100\n|-heal|p1a: Wrath|92\/100|[from] drain|[of] p2a: Corviknight\n|-damage|p1a: Wrath|76\/100|[from] item: Rocky Helmet|[of] p2a: Corviknight\n|move|p2a: Corviknight|U-turn|p1a: Wrath\n|-resisted|p1a: Wrath\n|-damage|p1a: Wrath|74\/100\n|\n|t:|1700878263\n|switch|p2a: Tapu Lele|Tapu Lele|100\/100|[from] U-turn\n|-fieldstart|move: Psychic Terrain|[from] ability: Psychic Surge|[of] p2a: Tapu Lele\n|\n|upkeep\n|turn|15\n|\n|t:|1700878266\n|-terastallize|p1a: Wrath|Dark\n|move|p2a: Tapu Lele|Psychic|p1a: Wrath\n|-immune|p1a: Wrath\n|move|p1a: Wrath|Poison Jab|p2a: Tapu Lele\n|-supereffective|p2a: Tapu Lele\n|-damage|p2a: Tapu Lele|0 fnt\n|faint|p2a: Tapu Lele\n|\n|upkeep\n|\n|t:|1700878271\n|switch|p2a: Samurott|Samurott-Hisui, M|100\/100\n|turn|16\n|\n|t:|1700878273\n|move|p2a: Samurott|Sacred Sword|p1a: Wrath\n|-supereffective|p1a: Wrath\n|-damage|p1a: Wrath|8\/100\n|move|p1a: Wrath|Drain Punch|p2a: Samurott\n|-supereffective|p2a: Samurott\n|-damage|p2a: Samurott|0 fnt\n|-heal|p1a: Wrath|50\/100|[from] drain|[of] p2a: Samurott\n|faint|p2a: Samurott\n|\n|upkeep\n|\n|t:|1700878277\n|switch|p2a: Garchomp|Garchomp, M|100\/100\n|turn|17\n|\n|t:|1700878283\n|-zpower|p2a: Garchomp\n|move|p2a: Garchomp|Devastating Drake|p1a: Wrath|[zeffect]\n|-damage|p1a: Wrath|0 fnt\n|faint|p1a: Wrath\n|\n|upkeep\n|\n|t:|1700878290\n|switch|p1a: Bedrock|Great Tusk|47\/100\n|turn|18\n|\n|t:|1700878292\n|switch|p2a: Skeledirge|Skeledirge, M|15\/100\n|move|p1a: Bedrock|Ice Spinner|p2a: Skeledirge\n|-resisted|p2a: Skeledirge\n|-damage|p2a: Skeledirge|3\/100\n|-fieldend|move: Psychic Terrain\n|\n|upkeep\n|turn|19\n|\n|t:|1700878296\n|move|p1a: Bedrock|Ice Spinner|p2a: Skeledirge\n|-resisted|p2a: Skeledirge\n|-damage|p2a: Skeledirge|0 fnt\n|faint|p2a: Skeledirge\n|\n|upkeep\n|\n|t:|1700878297\n|switch|p2a: Venusaur|Venusaur, M|100\/100\n|turn|20\n|\n|t:|1700878303\n|detailschange|p2a: Venusaur|Venusaur-Mega, M\n|-mega|p2a: Venusaur|Venusaur|Venusaurite\n|move|p1a: Bedrock|Headlong Rush|p2a: Venusaur\n|-damage|p2a: Venusaur|63\/100\n|-unboost|p1a: Bedrock|def|1\n|-unboost|p1a: Bedrock|spd|1\n|move|p2a: Venusaur|Leech Seed|p1a: Bedrock\n|-start|p1a: Bedrock|move: Leech Seed\n|\n|-damage|p1a: Bedrock|34\/100|[from] Leech Seed|[of] p2a: Venusaur\n|-heal|p2a: Venusaur|76\/100|[silent]\n|upkeep\n|turn|21\n|\n|t:|1700878307\n|move|p1a: Bedrock|Headlong Rush|p2a: Venusaur\n|-damage|p2a: Venusaur|39\/100\n|-unboost|p1a: Bedrock|def|1\n|-unboost|p1a: Bedrock|spd|1\n|move|p2a: Venusaur|Synthesis|p2a: Venusaur\n|-heal|p2a: Venusaur|89\/100\n|\n|-damage|p1a: Bedrock|22\/100|[from] Leech Seed|[of] p2a: Venusaur\n|-heal|p2a: Venusaur|100\/100|[silent]\n|upkeep\n|turn|22\n|\n|t:|1700878310\n|move|p1a: Bedrock|Headlong Rush|p2a: Venusaur\n|-damage|p2a: Venusaur|59\/100\n|-unboost|p1a: Bedrock|def|1\n|-unboost|p1a: Bedrock|spd|1\n|move|p2a: Venusaur|Sludge Bomb|p1a: Bedrock\n|-resisted|p1a: Bedrock\n|-damage|p1a: Bedrock|0 fnt\n|faint|p1a: Bedrock\n|-end|p1a: Bedrock|Protosynthesis|[silent]\n|\n|upkeep\n|\n|t:|1700878311\n|switch|p1a: Stardust|Jirachi, shiny|100\/100\n|turn|23\n|\n|t:|1700878313\n|-zpower|p1a: Stardust\n|move|p1a: Stardust|Z-Happy Hour|p1a: Stardust|[anim]Happy Hour\n|-boost|p1a: Stardust|atk|1|[zeffect]\n|-boost|p1a: Stardust|def|1|[zeffect]\n|-boost|p1a: Stardust|spa|1|[zeffect]\n|-boost|p1a: Stardust|spd|1|[zeffect]\n|-boost|p1a: Stardust|spe|1|[zeffect]\n|move|p2a: Venusaur|Earth Power|p1a: Stardust\n|-supereffective|p1a: Stardust\n|-damage|p1a: Stardust|62\/100\n|\n|upkeep\n|turn|24\n|\n|t:|1700878319\n|move|p1a: Stardust|Calm Mind|p1a: Stardust\n|-boost|p1a: Stardust|spa|1\n|-boost|p1a: Stardust|spd|1\n|move|p2a: Venusaur|Leech Seed|p1a: Stardust\n|-start|p1a: Stardust|move: Leech Seed\n|\n|-damage|p1a: Stardust|50\/100|[from] Leech Seed|[of] p2a: Venusaur\n|-heal|p2a: Venusaur|71\/100|[silent]\n|upkeep\n|turn|25\n|\n|t:|1700878322\n|move|p1a: Stardust|Stored Power|p2a: Venusaur\n|-supereffective|p2a: Venusaur\n|-damage|p2a: Venusaur|0 fnt\n|faint|p2a: Venusaur\n|\n|upkeep\n|\n|t:|1700878323\n|switch|p2a: Garchomp|Garchomp, M|100\/100\n|turn|26\n|\n|t:|1700878324\n|move|p1a: Stardust|Stored Power|p2a: Garchomp\n|-damage|p2a: Garchomp|0 fnt\n|faint|p2a: Garchomp\n|\n|upkeep\n|-message|apheliodiomycota forfeited.\n|\n|win|Toxic Ariados\n|raw|Toxic Ariados's rating: 1734 &rarr; <strong>1752<\/strong><br \/>(+18 for winning)\n|raw|apheliodiomycota's rating: 1703 &rarr; <strong>1685<\/strong><br \/>(-18 for losing)\n|l|\u2606apheliodiomycota\n","uploadtime":1700878331,"views":1,"p1id":"toxicariados","p2id":"apheliodiomycota","formatid":"gen9nationaldex","rating":1685,"private":0,"password":""}