{"id":"gen9nationaldex-1998774884","p1":"Deriverse","p2":"ybbjj","format":"[Gen 9] National Dex","log":"|html|<div class=\"broadcast-blue\"><strong>[Gen 9] National Dex is currently suspecting Sneasler! For information on how to participate check out the <a href=\"https:\/\/www.smogon.com\/forums\/threads\/sv-national-dex-suspect-8-just-dance.3731534\/\">suspect thread<\/a>.<\/strong><\/div>\n|j|\u2606Deriverse\n|j|\u2606ybbjj\n|t:|1700988186\n|gametype|singles\n|player|p1|Deriverse|veteranf|1405\n|player|p2|ybbjj|sailor|1414\n|teamsize|p1|6\n|teamsize|p2|6\n|gen|9\n|tier|[Gen 9] National Dex\n|rated|\n|rule|HP Percentage Mod: HP is shown in percentages\n|rule|Endless Battle Clause: Forcing endless battles is banned\n|rule|OHKO Clause: OHKO moves are banned\n|rule|Evasion Clause: Evasion abilities, items, and moves are banned\n|rule|Evasion Abilities Clause: Evasion abilities are banned\n|rule|Evasion Items Clause: Evasion items are banned\n|rule|Evasion Moves Clause: Evasion moves are banned\n|rule|Species Clause: Limit one of each Pok\u00e9mon\n|rule|Sleep Clause Mod: Limit one foe put to sleep\n|clearpoke\n|poke|p1|Gliscor, M|\n|poke|p1|Tapu Lele|\n|poke|p1|Volcarona, M|\n|poke|p1|Ferrothorn, M|\n|poke|p1|Toxapex, M|\n|poke|p1|Rotom-Wash|\n|poke|p2|Mawile, M|\n|poke|p2|Cresselia, F|\n|poke|p2|Ursaluna, F|\n|poke|p2|Alomomola, M|\n|poke|p2|Crawdaunt, F|\n|poke|p2|Hatterene, F|\n|teampreview\n|inactive|Battle timer is ON: inactive players will automatically lose when time's up. (requested by Deriverse)\n|\n|t:|1700988207\n|start\n|switch|p1a: Ferrothorn|Ferrothorn, M|100\/100\n|switch|p2a: Hatterene|Hatterene, F|100\/100\n|turn|1\n|\n|t:|1700988219\n|move|p2a: Hatterene|Future Sight|p1a: Ferrothorn\n|-start|p2a: Hatterene|move: Future Sight\n|move|p1a: Ferrothorn|Gyro Ball|p2a: Hatterene\n|-supereffective|p2a: Hatterene\n|-damage|p2a: Hatterene|75\/100\n|\n|upkeep\n|turn|2\n|\n|t:|1700988230\n|switch|p1a: Rotom|Rotom-Wash|100\/100\n|move|p2a: Hatterene|Protect||[still]\n|-fail|p2a: Hatterene\n|\n|upkeep\n|turn|3\n|\n|t:|1700988236\n|move|p1a: Rotom|Volt Switch|p2a: Hatterene\n|-damage|p2a: Hatterene|41\/100\n|\n|t:|1700988239\n|switch|p1a: Ferrothorn|Ferrothorn, M|100\/100|[from] Volt Switch\n|move|p2a: Hatterene|Trick Room|p2a: Hatterene\n|-fieldstart|move: Trick Room|[of] p2a: Hatterene\n|\n|-end|p1a: Ferrothorn|move: Future Sight\n|-resisted|p1a: Ferrothorn\n|-damage|p1a: Ferrothorn|79\/100\n|-heal|p1a: Ferrothorn|85\/100|[from] item: Leftovers\n|upkeep\n|turn|4\n|\n|t:|1700988258\n|move|p2a: Hatterene|Protect|p2a: Hatterene\n|-singleturn|p2a: Hatterene|Protect\n|move|p1a: Ferrothorn|Gyro Ball|p2a: Hatterene\n|-activate|p2a: Hatterene|move: Protect\n|\n|-heal|p1a: Ferrothorn|92\/100|[from] item: Leftovers\n|upkeep\n|turn|5\n|\n|t:|1700988265\n|switch|p2a: Crawdaunt|Crawdaunt, F|100\/100\n|move|p1a: Ferrothorn|Gyro Ball|p2a: Crawdaunt\n|-resisted|p2a: Crawdaunt\n|-damage|p2a: Crawdaunt|87\/100\n|\n|-heal|p1a: Ferrothorn|98\/100|[from] item: Leftovers\n|upkeep\n|turn|6\n|\n|t:|1700988271\n|move|p1a: Ferrothorn|Thunder Wave|p2a: Crawdaunt\n|-status|p2a: Crawdaunt|par\n|move|p2a: Crawdaunt|Knock Off|p1a: Ferrothorn\n|-damage|p1a: Ferrothorn|34\/100\n|-damage|p2a: Crawdaunt|75\/100 par|[from] ability: Iron Barbs|[of] p1a: Ferrothorn\n|-enditem|p1a: Ferrothorn|Leftovers|[from] move: Knock Off|[of] p2a: Crawdaunt\n|-damage|p2a: Crawdaunt|65\/100 par|[from] item: Life Orb\n|\n|upkeep\n|turn|7\n|\n|t:|1700988280\n|move|p1a: Ferrothorn|Leech Seed|p2a: Crawdaunt\n|-start|p2a: Crawdaunt|move: Leech Seed\n|move|p2a: Crawdaunt|Close Combat|p1a: Ferrothorn\n|-supereffective|p1a: Ferrothorn\n|-damage|p1a: Ferrothorn|0 fnt\n|-unboost|p2a: Crawdaunt|def|1\n|-unboost|p2a: Crawdaunt|spd|1\n|-damage|p2a: Crawdaunt|52\/100 par|[from] ability: Iron Barbs|[of] p1a: Ferrothorn\n|faint|p1a: Ferrothorn\n|-damage|p2a: Crawdaunt|42\/100 par|[from] item: Life Orb\n|\n|-fieldend|move: Trick Room\n|upkeep\n|\n|t:|1700988289\n|switch|p1a: Tapu Lele|Tapu Lele|100\/100\n|-fieldstart|move: Psychic Terrain|[from] ability: Psychic Surge|[of] p1a: Tapu Lele\n|turn|8\n|\n|t:|1700988299\n|switch|p2a: Alomomola|Alomomola, M|100\/100\n|move|p1a: Tapu Lele|Moonblast|p2a: Alomomola\n|-damage|p2a: Alomomola|31\/100\n|\n|upkeep\n|turn|9\n|\n|t:|1700988312\n|move|p2a: Alomomola|Protect|p2a: Alomomola\n|-singleturn|p2a: Alomomola|Protect\n|move|p1a: Tapu Lele|Moonblast|p2a: Alomomola\n|-activate|p2a: Alomomola|move: Protect\n|\n|upkeep\n|turn|10\n|\n|t:|1700988320\n|switch|p2a: Mawile|Mawile, M|100\/100\n|-ability|p2a: Mawile|Intimidate|boost\n|-unboost|p1a: Tapu Lele|atk|1\n|move|p1a: Tapu Lele|Moonblast|p2a: Mawile\n|-resisted|p2a: Mawile\n|-damage|p2a: Mawile|23\/100\n|-unboost|p2a: Mawile|spa|1\n|\n|upkeep\n|turn|11\n|\n|t:|1700988332\n|detailschange|p2a: Mawile|Mawile-Mega, M\n|-mega|p2a: Mawile|Mawile|Mawilite\n|move|p2a: Mawile|Sucker Punch|p1a: Tapu Lele\n|-activate|p1a: Tapu Lele|move: Psychic Terrain\n|move|p1a: Tapu Lele|Moonblast|p2a: Mawile\n|-resisted|p2a: Mawile\n|-damage|p2a: Mawile|0 fnt\n|faint|p2a: Mawile\n|\n|upkeep\n|\n|t:|1700988342\n|switch|p2a: Cresselia|Cresselia, F|100\/100\n|turn|12\n|\n|t:|1700988345\n|move|p1a: Tapu Lele|Moonblast|p2a: Cresselia\n|-damage|p2a: Cresselia|48\/100\n|move|p2a: Cresselia|Trick Room|p2a: Cresselia\n|-fieldstart|move: Trick Room|[of] p2a: Cresselia\n|\n|-fieldend|move: Psychic Terrain\n|upkeep\n|turn|13\n|\n|t:|1700988355\n|switch|p2a: Ursaluna|Ursaluna, F|100\/100\n|switch|p1a: Rotom|Rotom-Wash|100\/100\n|\n|-status|p2a: Ursaluna|brn|[from] item: Flame Orb\n|upkeep\n|turn|14\n|\n|t:|1700988361\n|-terastallize|p2a: Ursaluna|Normal\n|move|p2a: Ursaluna|Facade|p1a: Rotom\n|-damage|p1a: Rotom|0 fnt\n|faint|p1a: Rotom\n|\n|-damage|p2a: Ursaluna|94\/100 brn|[from] brn\n|upkeep\n|\n|t:|1700988373\n|switch|p1a: Gliscor|Gliscor, M|100\/100\n|turn|15\n|\n|t:|1700988382\n|move|p2a: Ursaluna|Swords Dance|p2a: Ursaluna\n|-boost|p2a: Ursaluna|atk|2\n|move|p1a: Gliscor|Crabhammer|p2a: Ursaluna\n|-damage|p2a: Ursaluna|78\/100 brn\n|\n|-damage|p2a: Ursaluna|71\/100 brn|[from] brn\n|-status|p1a: Gliscor|tox|[from] item: Toxic Orb\n|upkeep\n|turn|16\n|\n|t:|1700988390\n|move|p2a: Ursaluna|Facade|p1a: Gliscor\n|-damage|p1a: Gliscor|0 fnt\n|faint|p1a: Gliscor\n|\n|-damage|p2a: Ursaluna|65\/100 brn|[from] brn\n|-fieldend|move: Trick Room\n|upkeep\n|\n|t:|1700988393\n|switch|p1a: Tapu Lele|Tapu Lele|100\/100\n|-fieldstart|move: Psychic Terrain|[from] ability: Psychic Surge|[of] p1a: Tapu Lele\n|turn|17\n|inactive|ybbjj has 120 seconds left.\n|\n|t:|1700988434\n|switch|p2a: Alomomola|Alomomola, M|64\/100\n|-terastallize|p1a: Tapu Lele|Fairy\n|move|p1a: Tapu Lele|Moonblast|p2a: Alomomola\n|-damage|p2a: Alomomola|0 fnt\n|faint|p2a: Alomomola\n|\n|upkeep\n|\n|t:|1700988445\n|switch|p2a: Hatterene|Hatterene, F|41\/100\n|turn|18\n|\n|t:|1700988447\n|move|p2a: Hatterene|Protect|p2a: Hatterene\n|-singleturn|p2a: Hatterene|Protect\n|move|p1a: Tapu Lele|Moonblast|p2a: Hatterene\n|-activate|p2a: Hatterene|move: Protect\n|\n|upkeep\n|turn|19\n|inactive|ybbjj has 120 seconds left.\n|\n|t:|1700988460\n|switch|p2a: Crawdaunt|Crawdaunt, F|42\/100 par\n|move|p1a: Tapu Lele|Moonblast|p2a: Crawdaunt\n|-supereffective|p2a: Crawdaunt\n|-damage|p2a: Crawdaunt|0 fnt\n|faint|p2a: Crawdaunt\n|\n|upkeep\n|\n|t:|1700988468\n|switch|p2a: Hatterene|Hatterene, F|41\/100\n|turn|20\n|\n|t:|1700988471\n|move|p2a: Hatterene|Protect|p2a: Hatterene\n|-singleturn|p2a: Hatterene|Protect\n|move|p1a: Tapu Lele|Moonblast|p2a: Hatterene\n|-activate|p2a: Hatterene|move: Protect\n|\n|upkeep\n|turn|21\n|\n|t:|1700988478\n|move|p1a: Tapu Lele|Moonblast|p2a: Hatterene\n|-damage|p2a: Hatterene|0 fnt\n|faint|p2a: Hatterene\n|\n|-fieldend|move: Psychic Terrain\n|upkeep\n|\n|t:|1700988481\n|switch|p2a: Cresselia|Cresselia, F|48\/100\n|turn|22\n|\n|t:|1700988485\n|move|p1a: Tapu Lele|Moonblast|p2a: Cresselia\n|-damage|p2a: Cresselia|0 fnt\n|faint|p2a: Cresselia\n|\n|upkeep\n|\n|t:|1700988489\n|switch|p2a: Ursaluna|Ursaluna, F, tera:Normal|65\/100 brn\n|turn|23\n|\n|t:|1700988491\n|move|p1a: Tapu Lele|Moonblast|p2a: Ursaluna\n|-crit|p2a: Ursaluna\n|-damage|p2a: Ursaluna|0 fnt\n|faint|p2a: Ursaluna\n|\n|win|Deriverse\n|raw|Deriverse's rating: 1405 &rarr; <strong>1426<\/strong><br \/>(+21 for winning)\n|raw|ybbjj's rating: 1414 &rarr; <strong>1393<\/strong><br \/>(-21 for losing)\n|l|\u2606ybbjj\n","uploadtime":1700988501,"views":2,"p1id":"deriverse","p2id":"ybbjj","formatid":"gen9nationaldex","rating":1393,"private":0,"password":""}