{"id":"gen9nationaldex-1996992401","p1":"ajshdfgaskd","p2":"runeatest","format":"[Gen 9] National Dex","log":"|html|<div class=\"broadcast-blue\"><strong>[Gen 9] National Dex is currently suspecting Sneasler! For information on how to participate check out the <a href=\"https:\/\/www.smogon.com\/forums\/threads\/sv-national-dex-suspect-8-just-dance.3731534\/\">suspect thread<\/a>.<\/strong><\/div>\n|j|\u2606ajshdfgaskd\n|j|\u2606runeatest\n|t:|1700753417\n|gametype|singles\n|player|p1|ajshdfgaskd|266|1068\n|player|p2|runeatest|fisherman-gen4|1134\n|teamsize|p1|6\n|teamsize|p2|6\n|gen|9\n|tier|[Gen 9] National Dex\n|rated|\n|rule|HP Percentage Mod: HP is shown in percentages\n|rule|Endless Battle Clause: Forcing endless battles is banned\n|rule|OHKO Clause: OHKO moves are banned\n|rule|Evasion Clause: Evasion abilities, items, and moves are banned\n|rule|Evasion Abilities Clause: Evasion abilities are banned\n|rule|Evasion Items Clause: Evasion items are banned\n|rule|Evasion Moves Clause: Evasion moves are banned\n|rule|Species Clause: Limit one of each Pok\u00e9mon\n|rule|Sleep Clause Mod: Limit one foe put to sleep\n|clearpoke\n|poke|p1|Lopunny, F|\n|poke|p1|Weavile, F|\n|poke|p1|Dragonite, M|\n|poke|p1|Corviknight, F|\n|poke|p1|Rotom-Wash|\n|poke|p1|Hoopa-Unbound|\n|poke|p2|Vaporeon, M|\n|poke|p2|Salamence, M|\n|poke|p2|Hitmontop, M|\n|poke|p2|Electivire, M|\n|poke|p2|Togekiss, M|\n|poke|p2|Houndoom, M|\n|teampreview\n|inactive|Battle timer is ON: inactive players will automatically lose when time's up. (requested by runeatest)\n|\n|t:|1700753428\n|start\n|switch|p1a: Lopunny|Lopunny, F|100\/100\n|switch|p2a: Salamence|Salamence, M|100\/100\n|-ability|p2a: Salamence|Intimidate|boost\n|-unboost|p1a: Lopunny|atk|1\n|turn|1\n|\n|t:|1700753434\n|switch|p2a: Vaporeon|Vaporeon, M|100\/100\n|detailschange|p1a: Lopunny|Lopunny-Mega, F\n|-mega|p1a: Lopunny|Lopunny|Lopunnite\n|move|p1a: Lopunny|Fake Out|p2a: Vaporeon\n|-damage|p2a: Vaporeon|88\/100\n|\n|-heal|p2a: Vaporeon|94\/100|[from] item: Leftovers\n|upkeep\n|turn|2\n|\n|t:|1700753442\n|move|p1a: Lopunny|U-turn|p2a: Vaporeon\n|-crit|p2a: Vaporeon\n|-damage|p2a: Vaporeon|59\/100\n|\n|t:|1700753446\n|switch|p1a: Corviknight|Corviknight, F|100\/100|[from] U-turn\n|-ability|p1a: Corviknight|Pressure\n|move|p2a: Vaporeon|Hydro Pump|p1a: Corviknight|[miss]\n|-miss|p2a: Vaporeon|p1a: Corviknight\n|\n|-heal|p2a: Vaporeon|65\/100|[from] item: Leftovers\n|upkeep\n|turn|3\n|\n|t:|1700753455\n|switch|p1a: Rotom|Rotom-Wash|100\/100\n|switch|p2a: Salamence|Salamence, M|100\/100\n|-ability|p2a: Salamence|Intimidate|boost\n|-unboost|p1a: Rotom|atk|1\n|\n|upkeep\n|turn|4\n|\n|t:|1700753462\n|move|p2a: Salamence|Draco Meteor|p1a: Rotom\n|-damage|p1a: Rotom|24\/100\n|-unboost|p2a: Salamence|spa|2\n|move|p1a: Rotom|Will-O-Wisp|p2a: Salamence\n|-status|p2a: Salamence|brn\n|\n|-heal|p1a: Rotom|30\/100|[from] item: Leftovers\n|-damage|p2a: Salamence|94\/100 brn|[from] brn\n|upkeep\n|turn|5\n|\n|t:|1700753473\n|switch|p1a: Corviknight|Corviknight, F|100\/100\n|-ability|p1a: Corviknight|Pressure\n|move|p2a: Salamence|Draco Meteor|p1a: Corviknight\n|-resisted|p1a: Corviknight\n|-damage|p1a: Corviknight|79\/100\n|-unboost|p2a: Salamence|spa|2\n|\n|-damage|p2a: Salamence|88\/100 brn|[from] brn\n|upkeep\n|turn|6\n|\n|t:|1700753483\n|switch|p2a: Vaporeon|Vaporeon, M|65\/100\n|move|p1a: Corviknight|U-turn|p2a: Vaporeon\n|-damage|p2a: Vaporeon|51\/100\n|\n|t:|1700753489\n|switch|p1a: Lopunny|Lopunny-Mega, F|100\/100|[from] U-turn\n|\n|-heal|p2a: Vaporeon|57\/100|[from] item: Leftovers\n|upkeep\n|turn|7\n|\n|t:|1700753500\n|switch|p2a: Salamence|Salamence, M|88\/100 brn\n|-ability|p2a: Salamence|Intimidate|boost\n|-fail|p1a: Lopunny|unboost|Attack|[from] ability: Scrappy|[of] p1a: Lopunny\n|move|p1a: Lopunny|Fake Out|p2a: Salamence\n|-damage|p2a: Salamence|63\/100 brn\n|\n|-damage|p2a: Salamence|57\/100 brn|[from] brn\n|upkeep\n|turn|8\n|\n|t:|1700753509\n|move|p1a: Lopunny|U-turn|p2a: Salamence\n|-resisted|p2a: Salamence\n|-damage|p2a: Salamence|40\/100 brn\n|\n|t:|1700753512\n|switch|p1a: Corviknight|Corviknight, F|79\/100|[from] U-turn\n|-ability|p1a: Corviknight|Pressure\n|move|p2a: Salamence|Flamethrower|p1a: Corviknight\n|-supereffective|p1a: Corviknight\n|-damage|p1a: Corviknight|0 fnt\n|faint|p1a: Corviknight\n|\n|-damage|p2a: Salamence|34\/100 brn|[from] brn\n|upkeep\n|\n|t:|1700753523\n|switch|p1a: Rotom|Rotom-Wash|30\/100\n|turn|9\n|\n|t:|1700753531\n|switch|p2a: Electivire|Electivire, M, shiny|100\/100\n|-item|p2a: Electivire|Air Balloon\n|move|p1a: Rotom|Volt Switch|p2a: Electivire\n|-ability|p2a: Electivire|Motor Drive|boost\n|-boost|p2a: Electivire|spe|1\n|\n|-heal|p1a: Rotom|37\/100|[from] item: Leftovers\n|upkeep\n|turn|10\n|\n|t:|1700753540\n|move|p2a: Electivire|Thunder Punch|p1a: Rotom\n|-damage|p1a: Rotom|0 fnt\n|faint|p1a: Rotom\n|\n|upkeep\n|\n|t:|1700753546\n|switch|p1a: Dragonite|Dragonite, M|100\/100\n|turn|11\n|\n|t:|1700753553\n|switch|p2a: Salamence|Salamence, M|34\/100 brn\n|-ability|p2a: Salamence|Intimidate|boost\n|-unboost|p1a: Dragonite|atk|1\n|move|p1a: Dragonite|Dragon Dance|p1a: Dragonite\n|-boost|p1a: Dragonite|atk|1\n|-boost|p1a: Dragonite|spe|1\n|\n|-damage|p2a: Salamence|28\/100 brn|[from] brn\n|upkeep\n|turn|12\n|\n|t:|1700753561\n|-terastallize|p1a: Dragonite|Normal\n|move|p1a: Dragonite|Dragon Dance|p1a: Dragonite\n|-boost|p1a: Dragonite|atk|1\n|-boost|p1a: Dragonite|spe|1\n|move|p2a: Salamence|Draco Meteor|p1a: Dragonite\n|-damage|p1a: Dragonite|55\/100\n|-unboost|p2a: Salamence|spa|2\n|\n|-damage|p2a: Salamence|22\/100 brn|[from] brn\n|upkeep\n|turn|13\n|\n|t:|1700753571\n|move|p1a: Dragonite|Extreme Speed|p2a: Salamence\n|-damage|p2a: Salamence|0 fnt\n|faint|p2a: Salamence\n|\n|upkeep\n|\n|t:|1700753575\n|switch|p2a: Hitmontop|Hitmontop, M|100\/100\n|turn|14\n|\n|t:|1700753579\n|move|p2a: Hitmontop|Fake Out|p1a: Dragonite\n|-damage|p1a: Dragonite|34\/100\n|cant|p1a: Dragonite|flinch\n|\n|upkeep\n|turn|15\n|\n|t:|1700753583\n|move|p1a: Dragonite|Extreme Speed|p2a: Hitmontop\n|-enditem|p2a: Hitmontop|Focus Sash\n|-damage|p2a: Hitmontop|1\/100\n|move|p2a: Hitmontop|High Jump Kick|p1a: Dragonite\n|-supereffective|p1a: Dragonite\n|-damage|p1a: Dragonite|0 fnt\n|faint|p1a: Dragonite\n|\n|upkeep\n|\n|t:|1700753590\n|switch|p1a: Lopunny|Lopunny-Mega, F|100\/100\n|turn|16\n|\n|t:|1700753593\n|move|p1a: Lopunny|Fake Out|p2a: Hitmontop\n|-damage|p2a: Hitmontop|0 fnt\n|faint|p2a: Hitmontop\n|\n|upkeep\n|\n|t:|1700753597\n|switch|p2a: Togekiss|Togekiss, M, shiny|100\/100\n|turn|17\n|\n|t:|1700753611\n|move|p1a: Lopunny|U-turn|p2a: Togekiss\n|-resisted|p2a: Togekiss\n|-damage|p2a: Togekiss|93\/100\n|\n|t:|1700753615\n|switch|p1a: Hoopa|Hoopa-Unbound|100\/100|[from] U-turn\n|move|p2a: Togekiss|Thunder Wave|p1a: Hoopa\n|-status|p1a: Hoopa|par\n|\n|upkeep\n|turn|18\n|\n|t:|1700753621\n|move|p2a: Togekiss|Air Slash|p1a: Hoopa\n|-damage|p1a: Hoopa|70\/100 par\n|cant|p1a: Hoopa|flinch\n|\n|upkeep\n|turn|19\n|\n|t:|1700753625\n|move|p2a: Togekiss|Air Slash|p1a: Hoopa\n|-damage|p1a: Hoopa|34\/100 par\n|cant|p1a: Hoopa|flinch\n|\n|upkeep\n|turn|20\n|\n|t:|1700753630\n|move|p2a: Togekiss|Dazzling Gleam|p1a: Hoopa\n|-supereffective|p1a: Hoopa\n|-damage|p1a: Hoopa|0 fnt\n|faint|p1a: Hoopa\n|\n|upkeep\n|\n|t:|1700753633\n|switch|p1a: Weavile|Weavile, F|100\/100\n|-ability|p1a: Weavile|Pressure\n|turn|21\n|\n|t:|1700753639\n|switch|p2a: Vaporeon|Vaporeon, M|57\/100\n|move|p1a: Weavile|Triple Axel|p2a: Vaporeon\n|-resisted|p2a: Vaporeon\n|-damage|p2a: Vaporeon|51\/100\n|-resisted|p2a: Vaporeon\n|-damage|p2a: Vaporeon|38\/100\n|-resisted|p2a: Vaporeon\n|-damage|p2a: Vaporeon|16\/100\n|-hitcount|p2a: Vaporeon|3\n|\n|-heal|p2a: Vaporeon|22\/100|[from] item: Leftovers\n|upkeep\n|turn|22\n|\n|t:|1700753650\n|move|p1a: Weavile|Triple Axel|p2a: Vaporeon|[miss]\n|-miss|p1a: Weavile|p2a: Vaporeon\n|move|p2a: Vaporeon|Hydro Pump|p1a: Weavile\n|-damage|p1a: Weavile|17\/100\n|\n|-heal|p2a: Vaporeon|28\/100|[from] item: Leftovers\n|upkeep\n|turn|23\n|\n|t:|1700753657\n|move|p1a: Weavile|Triple Axel|p2a: Vaporeon\n|-resisted|p2a: Vaporeon\n|-damage|p2a: Vaporeon|21\/100\n|-resisted|p2a: Vaporeon\n|-damage|p2a: Vaporeon|7\/100\n|-resisted|p2a: Vaporeon\n|-damage|p2a: Vaporeon|0 fnt\n|faint|p2a: Vaporeon\n|-hitcount|p2: Vaporeon|3\n|\n|upkeep\n|\n|t:|1700753666\n|switch|p2a: Houndoom|Houndoom, M|100\/100\n|turn|24\n|\n|t:|1700753669\n|move|p1a: Weavile|Triple Axel|p2a: Houndoom\n|-resisted|p2a: Houndoom\n|-damage|p2a: Houndoom|86\/100\n|-hitcount|p2a: Houndoom|1\n|move|p2a: Houndoom|Flamethrower|p1a: Weavile\n|-supereffective|p1a: Weavile\n|-damage|p1a: Weavile|0 fnt\n|faint|p1a: Weavile\n|\n|upkeep\n|\n|t:|1700753675\n|switch|p1a: Lopunny|Lopunny-Mega, F|100\/100\n|turn|25\n|\n|t:|1700753681\n|move|p1a: Lopunny|Fake Out|p2a: Houndoom\n|-damage|p2a: Houndoom|45\/100\n|cant|p2a: Houndoom|flinch\n|\n|upkeep\n|turn|26\n|\n|t:|1700753686\n|move|p1a: Lopunny|Frustration|p2a: Houndoom\n|-damage|p2a: Houndoom|0 fnt\n|faint|p2a: Houndoom\n|\n|upkeep\n|\n|t:|1700753691\n|switch|p2a: Togekiss|Togekiss, M, shiny|93\/100\n|turn|27\n|\n|t:|1700753694\n|move|p1a: Lopunny|Frustration|p2a: Togekiss\n|-damage|p2a: Togekiss|25\/100\n|move|p2a: Togekiss|Thunder Wave|p1a: Lopunny\n|-status|p1a: Lopunny|par\n|\n|upkeep\n|turn|28\n|\n|t:|1700753700\n|move|p2a: Togekiss|Air Slash|p1a: Lopunny\n|-supereffective|p1a: Lopunny\n|-damage|p1a: Lopunny|12\/100 par\n|cant|p1a: Lopunny|flinch\n|\n|upkeep\n|turn|29\n|-message|ajshdfgaskd forfeited.\n|\n|win|runeatest\n|raw|ajshdfgaskd's rating: 1068 &rarr; <strong>1052<\/strong><br \/>(-16 for losing)\n|raw|runeatest's rating: 1134 &rarr; <strong>1154<\/strong><br \/>(+20 for winning)\n|l|\u2606ajshdfgaskd\n","uploadtime":1700753709,"views":6,"p1id":"ajshdfgaskd","p2id":"runeatest","formatid":"gen9nationaldex","rating":1052,"private":0,"password":""}