{"id":"gen9nationaldex-1996039163","p1":"apheliodiomycota","p2":"Snakeman24","format":"[Gen 9] National Dex","log":"|html|<div class=\"broadcast-blue\"><strong>[Gen 9] National Dex is currently suspecting Sneasler! For information on how to participate check out the <a href=\"https:\/\/www.smogon.com\/forums\/threads\/sv-national-dex-suspect-8-just-dance.3731534\/\">suspect thread<\/a>.<\/strong><\/div>\n|j|\u2606apheliodiomycota\n|j|\u2606Snakeman24\n|t:|1700633586\n|gametype|singles\n|player|p1|apheliodiomycota|1|1510\n|player|p2|Snakeman24|steven|1592\n|teamsize|p1|6\n|teamsize|p2|6\n|gen|9\n|tier|[Gen 9] National Dex\n|rated|\n|rule|HP Percentage Mod: HP is shown in percentages\n|rule|Endless Battle Clause: Forcing endless battles is banned\n|rule|OHKO Clause: OHKO moves are banned\n|rule|Evasion Clause: Evasion abilities, items, and moves are banned\n|rule|Evasion Abilities Clause: Evasion abilities are banned\n|rule|Evasion Items Clause: Evasion items are banned\n|rule|Evasion Moves Clause: Evasion moves are banned\n|rule|Species Clause: Limit one of each Pok\u00e9mon\n|rule|Sleep Clause Mod: Limit one foe put to sleep\n|clearpoke\n|poke|p1|Tapu Lele|\n|poke|p1|Garchomp, F|\n|poke|p1|Corviknight, F|\n|poke|p1|Skeledirge, M|\n|poke|p1|Samurott-Hisui, F|\n|poke|p1|Venusaur, F|\n|poke|p2|Chansey, F|\n|poke|p2|Hoopa-Unbound|\n|poke|p2|Zapdos|\n|poke|p2|Ditto|\n|poke|p2|Diancie|\n|poke|p2|Urshifu-*, F|\n|teampreview\n|inactive|Battle timer is ON: inactive players will automatically lose when time's up. (requested by apheliodiomycota)\n|\n|t:|1700633603\n|start\n|switch|p1a: Garchomp|Garchomp, F|100\/100\n|switch|p2a: Diancie|Diancie|100\/100\n|turn|1\n|\n|t:|1700633611\n|switch|p1a: Venusaur|Venusaur, F|100\/100\n|detailschange|p2a: Diancie|Diancie-Mega\n|-mega|p2a: Diancie|Diancie|Diancite\n|move|p2a: Diancie|Moonblast|p1a: Venusaur\n|-resisted|p1a: Venusaur\n|-damage|p1a: Venusaur|73\/100\n|\n|upkeep\n|turn|2\n|\n|t:|1700633623\n|switch|p2a: Chansey|Chansey, F|100\/100\n|detailschange|p1a: Venusaur|Venusaur-Mega, F\n|-mega|p1a: Venusaur|Venusaur|Venusaurite\n|move|p1a: Venusaur|Leech Seed|p2a: Chansey\n|-start|p2a: Chansey|move: Leech Seed\n|\n|-damage|p2a: Chansey|88\/100|[from] Leech Seed|[of] p1a: Venusaur\n|-heal|p1a: Venusaur|97\/100|[silent]\n|upkeep\n|turn|3\n|\n|t:|1700633637\n|switch|p1a: Garchomp|Garchomp, F|100\/100\n|move|p2a: Chansey|Teleport|p2a: Chansey\n|\n|t:|1700633644\n|switch|p2a: Diancie|Diancie-Mega|100\/100|[from] Teleport\n|\n|upkeep\n|turn|4\n|\n|t:|1700633649\n|switch|p1a: Venusaur|Venusaur-Mega, F|97\/100\n|move|p2a: Diancie|Moonblast|p1a: Venusaur\n|-resisted|p1a: Venusaur\n|-damage|p1a: Venusaur|74\/100\n|-unboost|p1a: Venusaur|spa|1\n|\n|upkeep\n|turn|5\n|\n|t:|1700633663\n|move|p2a: Diancie|Mystical Fire|p1a: Venusaur\n|-supereffective|p1a: Venusaur\n|-damage|p1a: Venusaur|49\/100\n|-unboost|p1a: Venusaur|spa|1\n|move|p1a: Venusaur|Earth Power|p2a: Diancie\n|-supereffective|p2a: Diancie\n|-damage|p2a: Diancie|61\/100\n|\n|upkeep\n|turn|6\n|\n|t:|1700633672\n|move|p2a: Diancie|Mystical Fire|p1a: Venusaur\n|-supereffective|p1a: Venusaur\n|-damage|p1a: Venusaur|27\/100\n|-unboost|p1a: Venusaur|spa|1\n|move|p1a: Venusaur|Synthesis|p1a: Venusaur\n|-heal|p1a: Venusaur|77\/100\n|\n|upkeep\n|turn|7\n|\n|t:|1700633687\n|switch|p1a: Skeledirge|Skeledirge, M|100\/100\n|move|p2a: Diancie|Mystical Fire|p1a: Skeledirge\n|-resisted|p1a: Skeledirge\n|-damage|p1a: Skeledirge|89\/100\n|-unboost|p1a: Skeledirge|spa|1\n|\n|upkeep\n|turn|8\n|\n|t:|1700633697\n|move|p2a: Diancie|Earth Power|p1a: Skeledirge\n|-supereffective|p1a: Skeledirge\n|-damage|p1a: Skeledirge|40\/100\n|move|p1a: Skeledirge|Torch Song|p2a: Diancie\n|-resisted|p2a: Diancie\n|-damage|p2a: Diancie|47\/100\n|-boost|p1a: Skeledirge|spa|1\n|\n|upkeep\n|turn|9\n|inactive|apheliodiomycota has 120 seconds left.\n|\n|t:|1700633754\n|switch|p1a: Corviknight|Corviknight, F|100\/100\n|-ability|p1a: Corviknight|Pressure\n|move|p2a: Diancie|Diamond Storm|p1a: Corviknight\n|-damage|p1a: Corviknight|64\/100\n|-boost|p2a: Diancie|def|2\n|\n|upkeep\n|turn|10\n|\n|t:|1700633766\n|switch|p2a: Zapdos|Zapdos|100\/100\n|move|p1a: Corviknight|U-turn|p2a: Zapdos\n|-resisted|p2a: Zapdos\n|-damage|p2a: Zapdos|96\/100\n|-damage|p1a: Corviknight|48\/100|[from] item: Rocky Helmet|[of] p2a: Zapdos\n|\n|t:|1700633769\n|switch|p1a: Skeledirge|Skeledirge, M|40\/100|[from] U-turn\n|\n|upkeep\n|turn|11\n|\n|t:|1700633778\n|move|p2a: Zapdos|Toxic|p1a: Skeledirge\n|-status|p1a: Skeledirge|tox\n|move|p1a: Skeledirge|Slack Off|p1a: Skeledirge\n|-heal|p1a: Skeledirge|90\/100 tox\n|\n|-damage|p1a: Skeledirge|84\/100 tox|[from] psn\n|upkeep\n|turn|12\n|\n|t:|1700633787\n|switch|p2a: Chansey|Chansey, F|88\/100\n|move|p1a: Skeledirge|Will-O-Wisp|p2a: Chansey\n|-status|p2a: Chansey|brn\n|\n|-damage|p1a: Skeledirge|72\/100 tox|[from] psn\n|-damage|p2a: Chansey|82\/100 brn|[from] brn\n|upkeep\n|turn|13\n|inactive|apheliodiomycota has 120 seconds left.\n|\n|t:|1700633798\n|switch|p1a: Samurott|Samurott-Hisui, F|100\/100\n|move|p2a: Chansey|Teleport|p2a: Chansey\n|\n|t:|1700633807\n|-curestatus|p2a: Chansey|brn|[from] ability: Natural Cure\n|switch|p2a: Urshifu|Urshifu-Rapid-Strike, F|100\/100|[from] Teleport\n|\n|upkeep\n|turn|14\n|\n|t:|1700633821\n|switch|p1a: Corviknight|Corviknight, F|48\/100\n|-ability|p1a: Corviknight|Pressure\n|move|p2a: Urshifu|Close Combat|p1a: Corviknight\n|-damage|p1a: Corviknight|0 fnt\n|-unboost|p2a: Urshifu|def|1\n|-unboost|p2a: Urshifu|spd|1\n|-damage|p2a: Urshifu|84\/100|[from] item: Rocky Helmet|[of] p1a: Corviknight\n|faint|p1a: Corviknight\n|\n|upkeep\n|\n|t:|1700633822\n|switch|p1a: Tapu Lele|Tapu Lele|100\/100\n|-fieldstart|move: Psychic Terrain|[from] ability: Psychic Surge|[of] p1a: Tapu Lele\n|turn|15\n|l|\u2606apheliodiomycota\n|inactive|apheliodiomycota disconnected and has a minute to reconnect!\n|player|p1|\n|\n|t:|1700633838\n|switch|p2a: Chansey|Chansey, F|82\/100\n|move|p1a: Tapu Lele|Moonblast|p2a: Chansey\n|-damage|p2a: Chansey|58\/100\n|\n|upkeep\n|turn|16\n|inactive|apheliodiomycota has 30 seconds to reconnect!\n|inactive|apheliodiomycota has 20 seconds to reconnect!\n|inactive|apheliodiomycota has 15 seconds to reconnect!\n|inactive|apheliodiomycota has 10 seconds to reconnect!\n|inactive|apheliodiomycota has 5 seconds to reconnect!\n|-message|apheliodiomycota lost due to inactivity.\n|\n|win|Snakeman24\n|raw|apheliodiomycota's rating: 1510 &rarr; <strong>1495<\/strong><br \/>(-15 for losing)\n|raw|Snakeman24's rating: 1592 &rarr; <strong>1607<\/strong><br \/>(+15 for winning)\n","uploadtime":1700633911,"views":3,"p1id":"apheliodiomycota","p2id":"snakeman24","formatid":"gen9nationaldex","rating":1495,"private":0,"password":""}