{"id":"gen9nationaldex-1996976921","p1":"NottCzer","p2":"zeonteo","format":"[Gen 9] National Dex","log":"|html|<div class=\"broadcast-blue\"><strong>[Gen 9] National Dex is currently suspecting Sneasler! For information on how to participate check out the <a href=\"https:\/\/www.smogon.com\/forums\/threads\/sv-national-dex-suspect-8-just-dance.3731534\/\">suspect thread<\/a>.<\/strong><\/div>\n|j|\u2606NottCzer\n|j|\u2606zeonteo\n|t:|1700751738\n|gametype|singles\n|player|p1|NottCzer|170|1278\n|player|p2|zeonteo|steven|1358\n|teamsize|p1|6\n|teamsize|p2|6\n|gen|9\n|tier|[Gen 9] National Dex\n|rated|\n|rule|HP Percentage Mod: HP is shown in percentages\n|rule|Endless Battle Clause: Forcing endless battles is banned\n|rule|OHKO Clause: OHKO moves are banned\n|rule|Evasion Clause: Evasion abilities, items, and moves are banned\n|rule|Evasion Abilities Clause: Evasion abilities are banned\n|rule|Evasion Items Clause: Evasion items are banned\n|rule|Evasion Moves Clause: Evasion moves are banned\n|rule|Species Clause: Limit one of each Pok\u00e9mon\n|rule|Sleep Clause Mod: Limit one foe put to sleep\n|clearpoke\n|poke|p1|Toxapex, M|\n|poke|p1|Greninja-*, M|\n|poke|p1|Swampert, F|\n|poke|p1|Cloyster, F|\n|poke|p1|Volcarona, M|\n|poke|p1|Ferrothorn, M|\n|poke|p2|Raichu-Alola, M|\n|poke|p2|Tapu Koko|\n|poke|p2|Iron Hands|\n|poke|p2|Iron Jugulis|\n|poke|p2|Iron Treads|\n|poke|p2|Iron Moth|\n|teampreview\n|inactive|Battle timer is ON: inactive players will automatically lose when time's up. (requested by zeonteo)\n|\n|t:|1700751755\n|start\n|switch|p1a: Swampert|Swampert, F|100\/100\n|switch|p2a: TAPUKOKO|Tapu Koko|100\/100\n|-fieldstart|move: Electric Terrain|[from] ability: Electric Surge|[of] p2a: TAPUKOKO\n|turn|1\n|\n|t:|1700751764\n|detailschange|p1a: Swampert|Swampert-Mega, F\n|-mega|p1a: Swampert|Swampert|Swampertite\n|move|p2a: TAPUKOKO|U-turn|p1a: Swampert\n|-damage|p1a: Swampert|86\/100\n|\n|t:|1700751772\n|switch|p2a: HYDRAGON|Iron Jugulis, shiny|100\/100|[from] U-turn\n|-activate|p2a: HYDRAGON|ability: Quark Drive\n|-start|p2a: HYDRAGON|quarkdrivespe\n|move|p1a: Swampert|Earthquake|p2a: HYDRAGON\n|-immune|p2a: HYDRAGON\n|\n|upkeep\n|turn|2\n|\n|t:|1700751783\n|move|p2a: HYDRAGON|Hydro Pump|p1a: Swampert|[miss]\n|-miss|p2a: HYDRAGON|p1a: Swampert\n|move|p1a: Swampert|Low Kick|p2a: HYDRAGON\n|-damage|p2a: HYDRAGON|49\/100\n|\n|upkeep\n|turn|3\n|\n|t:|1700751792\n|move|p2a: HYDRAGON|Dark Pulse|p1a: Swampert\n|-damage|p1a: Swampert|51\/100\n|cant|p1a: Swampert|flinch\n|\n|upkeep\n|turn|4\n|\n|t:|1700751799\n|move|p2a: HYDRAGON|Hydro Pump|p1a: Swampert\n|-damage|p1a: Swampert|18\/100\n|move|p1a: Swampert|Low Kick|p2a: HYDRAGON\n|-damage|p2a: HYDRAGON|3\/100\n|\n|upkeep\n|turn|5\n|\n|t:|1700751807\n|move|p2a: HYDRAGON|Flamethrower|p1a: Swampert\n|-resisted|p1a: Swampert\n|-damage|p1a: Swampert|4\/100\n|move|p1a: Swampert|Low Kick|p2a: HYDRAGON\n|-damage|p2a: HYDRAGON|0 fnt\n|faint|p2a: HYDRAGON\n|-end|p2a: HYDRAGON|Quark Drive|[silent]\n|\n|-fieldend|move: Electric Terrain\n|upkeep\n|\n|t:|1700751817\n|switch|p2a: TAPUKOKO|Tapu Koko|100\/100\n|-fieldstart|move: Electric Terrain|[from] ability: Electric Surge|[of] p2a: TAPUKOKO\n|turn|6\n|\n|t:|1700751830\n|move|p2a: TAPUKOKO|U-turn|p1a: Swampert\n|-damage|p1a: Swampert|0 fnt\n|faint|p1a: Swampert\n|\n|t:|1700751847\n|switch|p2a: HEXAGON|Iron Moth, shiny|100\/100|[from] U-turn\n|-activate|p2a: HEXAGON|ability: Quark Drive\n|-start|p2a: HEXAGON|quarkdrivespe\n|\n|upkeep\n|\n|t:|1700751853\n|switch|p1a: Toxapex|Toxapex, M|100\/100\n|turn|7\n|\n|t:|1700751864\n|move|p2a: HEXAGON|Psychic|p1a: Toxapex\n|-supereffective|p1a: Toxapex\n|-damage|p1a: Toxapex|49\/100\n|move|p1a: Toxapex|Toxic Spikes|p2a: HEXAGON\n|-sidestart|p2: zeonteo|move: Toxic Spikes\n|\n|-heal|p1a: Toxapex|55\/100|[from] item: Black Sludge\n|upkeep\n|turn|8\n|inactive|NottCzer has 120 seconds left.\n|\n|t:|1700751895\n|move|p2a: HEXAGON|Fiery Dance|p1a: Toxapex\n|-resisted|p1a: Toxapex\n|-damage|p1a: Toxapex|40\/100\n|-boost|p2a: HEXAGON|spa|1\n|move|p1a: Toxapex|Toxic Spikes|p2a: HEXAGON\n|-sidestart|p2: zeonteo|move: Toxic Spikes\n|\n|-heal|p1a: Toxapex|46\/100|[from] item: Black Sludge\n|upkeep\n|turn|9\n|inactive|NottCzer has 120 seconds left.\n|\n|t:|1700751907\n|switch|p1a: Greninja|Greninja, M|100\/100\n|move|p2a: HEXAGON|Psychic|p1a: Greninja\n|-immune|p1a: Greninja\n|\n|upkeep\n|turn|10\n|\n|t:|1700751920\n|move|p2a: HEXAGON|Energy Ball|p1a: Greninja\n|-supereffective|p1a: Greninja\n|-damage|p1a: Greninja|0 fnt\n|faint|p1a: Greninja\n|\n|-fieldend|move: Electric Terrain\n|-end|p2a: HEXAGON|Quark Drive\n|upkeep\n|-enditem|p2a: HEXAGON|Booster Energy\n|-activate|p2a: HEXAGON|ability: Quark Drive|[fromitem]\n|-start|p2a: HEXAGON|quarkdrivespa\n|\n|t:|1700751927\n|switch|p1a: Cloyster|Cloyster, F|100\/100\n|turn|11\n|\n|t:|1700751935\n|move|p2a: HEXAGON|Energy Ball|p1a: Cloyster\n|-supereffective|p1a: Cloyster\n|-enditem|p1a: Cloyster|Focus Sash\n|-damage|p1a: Cloyster|1\/100\n|move|p1a: Cloyster|Shell Smash|p1a: Cloyster\n|-unboost|p1a: Cloyster|def|1\n|-unboost|p1a: Cloyster|spd|1\n|-boost|p1a: Cloyster|atk|2\n|-boost|p1a: Cloyster|spa|2\n|-boost|p1a: Cloyster|spe|2\n|\n|upkeep\n|turn|12\n|\n|t:|1700751964\n|-end|p2a: HEXAGON|Quark Drive|[silent]\n|switch|p2a: TAPUKOKO|Tapu Koko|100\/100\n|-status|p2a: TAPUKOKO|tox\n|-fieldstart|move: Electric Terrain|[from] ability: Electric Surge|[of] p2a: TAPUKOKO\n|move|p1a: Cloyster|Rock Blast|p2a: TAPUKOKO\n|-damage|p2a: TAPUKOKO|80\/100 tox\n|-damage|p2a: TAPUKOKO|58\/100 tox\n|-damage|p2a: TAPUKOKO|37\/100 tox\n|-damage|p2a: TAPUKOKO|16\/100 tox\n|-damage|p2a: TAPUKOKO|0 fnt\n|faint|p2a: TAPUKOKO\n|-hitcount|p2: TAPUKOKO|5\n|\n|upkeep\n|inactive|zeonteo has 120 seconds left.\n|\n|t:|1700751990\n|switch|p2a: GOROCHU|Raichu-Alola, M|100\/100\n|-status|p2a: GOROCHU|tox\n|turn|13\n|inactive|zeonteo has 90 seconds left.\n|\n|t:|1700752017\n|move|p2a: GOROCHU|Rising Voltage|p1a: Cloyster\n|-hint|Rising Voltage's BP doubled on grounded target.\n|-supereffective|p1a: Cloyster\n|-crit|p1a: Cloyster\n|-damage|p1a: Cloyster|0 fnt\n|faint|p1a: Cloyster\n|\n|-damage|p2a: GOROCHU|94\/100 tox|[from] psn\n|upkeep\n|inactive|NottCzer has 120 seconds left.\n|\n|t:|1700752069\n|switch|p1a: Ferrothorn|Ferrothorn, M|100\/100\n|turn|14\n|\n|t:|1700752081\n|switch|p2a: HEXAGON|Iron Moth, shiny|100\/100\n|-sideend|p2: zeonteo|move: Toxic Spikes|[of] p2a: HEXAGON\n|-activate|p2a: HEXAGON|ability: Quark Drive\n|-start|p2a: HEXAGON|quarkdrivespe\n|move|p1a: Ferrothorn|Leech Seed|p2a: HEXAGON\n|-start|p2a: HEXAGON|move: Leech Seed\n|\n|-damage|p2a: HEXAGON|88\/100|[from] Leech Seed|[of] p1a: Ferrothorn\n|upkeep\n|turn|15\n|inactive|NottCzer has 90 seconds left.\n|\n|t:|1700752106\n|move|p2a: HEXAGON|Fiery Dance|p1a: Ferrothorn\n|-supereffective|p1a: Ferrothorn\n|-damage|p1a: Ferrothorn|0 fnt\n|faint|p1a: Ferrothorn\n|\n|upkeep\n|\n|t:|1700752116\n|switch|p1a: Volcarona|Volcarona, M|100\/100\n|turn|16\n|\n|t:|1700752123\n|move|p2a: HEXAGON|Fiery Dance|p1a: Volcarona\n|-damage|p1a: Volcarona|59\/100\n|-boost|p2a: HEXAGON|spa|1\n|move|p1a: Volcarona|Quiver Dance|p1a: Volcarona\n|-boost|p1a: Volcarona|spa|1\n|-boost|p1a: Volcarona|spd|1\n|-boost|p1a: Volcarona|spe|1\n|\n|-damage|p2a: HEXAGON|76\/100|[from] Leech Seed|[of] p1a: Volcarona\n|-heal|p1a: Volcarona|72\/100|[silent]\n|-fieldend|move: Electric Terrain\n|-end|p2a: HEXAGON|Quark Drive\n|upkeep\n|turn|17\n|inactive|NottCzer has 90 seconds left.\n|inactive|NottCzer has 60 seconds left.\n|c|\u2606zeonteo|...\n|\n|t:|1700752194\n|move|p1a: Volcarona|Psychic|p2a: HEXAGON\n|-supereffective|p2a: HEXAGON\n|-damage|p2a: HEXAGON|0 fnt\n|faint|p2a: HEXAGON\n|-end|p2a: HEXAGON|Quark Drive|[silent]\n|\n|upkeep\n|\n|t:|1700752211\n|switch|p2a: ELEPHANTZ|Iron Treads, shiny|100\/100\n|-enditem|p2a: ELEPHANTZ|Booster Energy\n|-activate|p2a: ELEPHANTZ|ability: Quark Drive|[fromitem]\n|-start|p2a: ELEPHANTZ|quarkdriveatk\n|turn|18\n|\n|t:|1700752225\n|-terastallize|p2a: ELEPHANTZ|Dragon\n|move|p1a: Volcarona|Fiery Dance|p2a: ELEPHANTZ\n|-resisted|p2a: ELEPHANTZ\n|-damage|p2a: ELEPHANTZ|48\/100\n|move|p2a: ELEPHANTZ|Earthquake|p1a: Volcarona\n|-damage|p1a: Volcarona|0 fnt\n|faint|p1a: Volcarona\n|\n|upkeep\n|\n|t:|1700752234\n|switch|p1a: Toxapex|Toxapex, M|79\/100\n|turn|19\n|\n|t:|1700752240\n|-terastallize|p1a: Toxapex|Flying\n|move|p2a: ELEPHANTZ|Earthquake|p1a: Toxapex\n|-immune|p1a: Toxapex\n|move|p1a: Toxapex|Toxic|p2a: ELEPHANTZ|[miss]\n|-miss|p1a: Toxapex|p2a: ELEPHANTZ\n|\n|-damage|p1a: Toxapex|67\/100|[from] item: Black Sludge\n|upkeep\n|turn|20\n|inactive|zeonteo has 120 seconds left.\n|\n|t:|1700752256\n|move|p1a: Toxapex|Baneful Bunker|p1a: Toxapex\n|-singleturn|p1a: Toxapex|move: Protect\n|move|p2a: ELEPHANTZ|Wild Charge|p1a: Toxapex\n|-activate|p1a: Toxapex|move: Protect\n|-status|p2a: ELEPHANTZ|psn\n|\n|-damage|p1a: Toxapex|54\/100|[from] item: Black Sludge\n|-damage|p2a: ELEPHANTZ|36\/100 psn|[from] psn\n|upkeep\n|turn|21\n|\n|t:|1700752268\n|move|p2a: ELEPHANTZ|Wild Charge|p1a: Toxapex\n|-supereffective|p1a: Toxapex\n|-damage|p1a: Toxapex|8\/100\n|-damage|p2a: ELEPHANTZ|25\/100 psn|[from] Recoil\n|move|p1a: Toxapex|Recover|p1a: Toxapex\n|-heal|p1a: Toxapex|58\/100\n|\n|-damage|p1a: Toxapex|46\/100|[from] item: Black Sludge\n|-damage|p2a: ELEPHANTZ|12\/100 psn|[from] psn\n|upkeep\n|turn|22\n|\n|t:|1700752281\n|-end|p2a: ELEPHANTZ|Quark Drive|[silent]\n|switch|p2a: GOROCHU|Raichu-Alola, M|94\/100 tox\n|move|p1a: Toxapex|Recover|p1a: Toxapex\n|-heal|p1a: Toxapex|96\/100\n|\n|-heal|p2a: GOROCHU|100\/100 tox|[from] item: Leftovers\n|-damage|p1a: Toxapex|83\/100|[from] item: Black Sludge\n|-damage|p2a: GOROCHU|94\/100 tox|[from] psn\n|upkeep\n|turn|23\n|\n|t:|1700752294\n|move|p2a: GOROCHU|Rising Voltage|p1a: Toxapex\n|-supereffective|p1a: Toxapex\n|-damage|p1a: Toxapex|32\/100\n|move|p1a: Toxapex|Recover|p1a: Toxapex\n|-heal|p1a: Toxapex|82\/100\n|\n|-heal|p2a: GOROCHU|100\/100 tox|[from] item: Leftovers\n|-damage|p1a: Toxapex|69\/100|[from] item: Black Sludge\n|-damage|p2a: GOROCHU|88\/100 tox|[from] psn\n|upkeep\n|turn|24\n|\n|t:|1700752305\n|move|p1a: Toxapex|Baneful Bunker|p1a: Toxapex\n|-singleturn|p1a: Toxapex|move: Protect\n|move|p2a: GOROCHU|Rising Voltage|p1a: Toxapex\n|-activate|p1a: Toxapex|move: Protect\n|\n|-heal|p2a: GOROCHU|94\/100 tox|[from] item: Leftovers\n|-damage|p1a: Toxapex|57\/100|[from] item: Black Sludge\n|-damage|p2a: GOROCHU|76\/100 tox|[from] psn\n|upkeep\n|turn|25\n|inactive|NottCzer has 60 seconds left.\n|\n|t:|1700752330\n|move|p2a: GOROCHU|Rising Voltage|p1a: Toxapex\n|-supereffective|p1a: Toxapex\n|-damage|p1a: Toxapex|1\/100\n|move|p1a: Toxapex|Recover|p1a: Toxapex\n|-heal|p1a: Toxapex|51\/100\n|\n|-heal|p2a: GOROCHU|82\/100 tox|[from] item: Leftovers\n|-damage|p1a: Toxapex|38\/100|[from] item: Black Sludge\n|-damage|p2a: GOROCHU|57\/100 tox|[from] psn\n|upkeep\n|turn|26\n|\n|t:|1700752342\n|move|p2a: GOROCHU|Rising Voltage|p1a: Toxapex\n|-supereffective|p1a: Toxapex\n|-damage|p1a: Toxapex|0 fnt\n|faint|p1a: Toxapex\n|\n|win|zeonteo\n|raw|NottCzer's rating: 1278 &rarr; <strong>1259<\/strong><br \/>(-19 for losing)\n|raw|zeonteo's rating: 1358 &rarr; <strong>1373<\/strong><br \/>(+15 for winning)\n|c|\u2606zeonteo|gg\n","uploadtime":1700752358,"views":15,"p1id":"nottczer","p2id":"zeonteo","formatid":"gen9nationaldex","rating":1259,"private":0,"password":""}