{"id":"gen9nationaldex-1999462272","p1":"Maitre_couscous_","p2":"Carbolo","format":"[Gen 9] National Dex","log":"|html|<div class=\"broadcast-blue\"><strong>[Gen 9] National Dex is currently suspecting Sneasler! For information on how to participate check out the <a href=\"https:\/\/www.smogon.com\/forums\/threads\/sv-national-dex-suspect-8-just-dance.3731534\/\">suspect thread<\/a>.<\/strong><\/div>\n|j|\u2606Maitre_couscous_\n|j|\u2606Carbolo\n|t:|1701084280\n|gametype|singles\n|player|p1|Maitre_couscous_|proton|\n|player|p2|Carbolo|tate|\n|teamsize|p1|6\n|teamsize|p2|6\n|gen|9\n|tier|[Gen 9] National Dex\n|rule|HP Percentage Mod: HP is shown in percentages\n|rule|Endless Battle Clause: Forcing endless battles is banned\n|rule|OHKO Clause: OHKO moves are banned\n|rule|Evasion Clause: Evasion abilities, items, and moves are banned\n|rule|Evasion Abilities Clause: Evasion abilities are banned\n|rule|Evasion Items Clause: Evasion items are banned\n|rule|Evasion Moves Clause: Evasion moves are banned\n|rule|Species Clause: Limit one of each Pok\u00e9mon\n|rule|Sleep Clause Mod: Limit one foe put to sleep\n|clearpoke\n|poke|p1|Urshifu-*, F|\n|poke|p1|Beedrill, F|\n|poke|p1|Moltres|\n|poke|p1|Noivern, M|\n|poke|p1|Great Tusk|\n|poke|p1|Tapu Lele|\n|poke|p2|Hatterene, F|\n|poke|p2|Ogerpon-Wellspring, F|\n|poke|p2|Sneasler, F|\n|poke|p2|Iron Valiant|\n|poke|p2|Garchomp, F|\n|poke|p2|Rillaboom, F|\n|teampreview\n|\n|t:|1701084301\n|start\n|switch|p1a: L\u00e9zabeysapik|Beedrill, F|100\/100\n|switch|p2a: Garchomp|Garchomp, F|100\/100\n|turn|1\n|inactive|Battle timer is ON: inactive players will automatically lose when time's up. (requested by Carbolo)\n|\n|t:|1701084308\n|detailschange|p1a: L\u00e9zabeysapik|Beedrill-Mega, F\n|-mega|p1a: L\u00e9zabeysapik|Beedrill|Beedrillite\n|move|p1a: L\u00e9zabeysapik|U-turn|p2a: Garchomp\n|-damage|p2a: Garchomp|48\/100\n|-damage|p1a: L\u00e9zabeysapik|88\/100|[from] ability: Rough Skin|[of] p2a: Garchomp\n|\n|t:|1701084310\n|switch|p1a: ThePachyderm|Great Tusk|100\/100|[from] U-turn\n|move|p2a: Garchomp|Swords Dance|p2a: Garchomp\n|-boost|p2a: Garchomp|atk|2\n|\n|upkeep\n|turn|2\n|\n|t:|1701084325\n|move|p2a: Garchomp|Scale Shot|p1a: ThePachyderm\n|-damage|p1a: ThePachyderm|84\/100\n|-damage|p1a: ThePachyderm|68\/100\n|-damage|p1a: ThePachyderm|52\/100\n|-damage|p1a: ThePachyderm|36\/100\n|-damage|p1a: ThePachyderm|21\/100\n|-hitcount|p1a: ThePachyderm|5\n|-unboost|p2a: Garchomp|def|1\n|-boost|p2a: Garchomp|spe|1\n|move|p1a: ThePachyderm|Knock Off|p2a: Garchomp\n|-damage|p2a: Garchomp|0 fnt\n|-damage|p1a: ThePachyderm|8\/100|[from] ability: Rough Skin|[of] p2a: Garchomp\n|-enditem|p2a: Garchomp|Loaded Dice|[from] move: Knock Off|[of] p1a: ThePachyderm\n|faint|p2a: Garchomp\n|\n|upkeep\n|inactive|Carbolo has 270 seconds left.\n|\n|t:|1701084349\n|switch|p2a: Ogerpon|Ogerpon-Wellspring, F|100\/100\n|turn|3\n|\n|t:|1701084360\n|move|p2a: Ogerpon|Trailblaze|p1a: ThePachyderm\n|-supereffective|p1a: ThePachyderm\n|-damage|p1a: ThePachyderm|0 fnt\n|-boost|p2a: Ogerpon|spe|1\n|faint|p1a: ThePachyderm\n|-end|p1a: ThePachyderm|Protosynthesis|[silent]\n|\n|upkeep\n|\n|t:|1701084369\n|switch|p1a: Bluetooth|Noivern, M|100\/100\n|turn|4\n|\n|t:|1701084378\n|-terastallize|p2a: Ogerpon|Water\n|detailschange|p2a: Ogerpon|Ogerpon-Wellspring-Tera, F, tera:Water\n|-ability|p2a: Ogerpon|Embody Aspect (Wellspring)|boost\n|-boost|p2a: Ogerpon|spd|1\n|move|p2a: Ogerpon|Swords Dance|p2a: Ogerpon\n|-boost|p2a: Ogerpon|atk|2\n|move|p1a: Bluetooth|Hurricane|p2a: Ogerpon\n|-damage|p2a: Ogerpon|47\/100\n|-start|p2a: Ogerpon|confusion\n|\n|upkeep\n|turn|5\n|\n|t:|1701084393\n|-activate|p2a: Ogerpon|confusion\n|move|p2a: Ogerpon|Ivy Cudgel|p1a: Bluetooth|[anim] Ivy Cudgel Water\n|-resisted|p1a: Bluetooth\n|-damage|p1a: Bluetooth|1\/100\n|move|p1a: Bluetooth|Hurricane|p2a: Ogerpon|[miss]\n|-miss|p1a: Bluetooth|p2a: Ogerpon\n|\n|upkeep\n|turn|6\n|\n|t:|1701084402\n|-activate|p2a: Ogerpon|confusion\n|move|p2a: Ogerpon|Horn Leech|p1a: Bluetooth\n|-resisted|p1a: Bluetooth\n|-crit|p1a: Bluetooth\n|-damage|p1a: Bluetooth|0 fnt\n|-heal|p2a: Ogerpon|47\/100|[from] drain|[of] p1a: Bluetooth\n|faint|p1a: Bluetooth\n|\n|upkeep\n|\n|t:|1701084419\n|switch|p1a: Phoenix|Moltres|100\/100\n|turn|7\n|\n|t:|1701084423\n|-terastallize|p1a: Phoenix|Water\n|-activate|p2a: Ogerpon|confusion\n|-damage|p2a: Ogerpon|10\/100|[from] confusion\n|move|p1a: Phoenix|U-turn|p2a: Ogerpon\n|-damage|p2a: Ogerpon|0 fnt\n|faint|p2a: Ogerpon\n|\n|t:|1701084429\n|switch|p1a: L\u00e9zabeysapik|Beedrill-Mega, F|88\/100|[from] U-turn\n|\n|upkeep\n|\n|t:|1701084439\n|switch|p2a: Iron Valiant|Iron Valiant, shiny|100\/100\n|turn|8\n|\n|t:|1701084452\n|move|p1a: L\u00e9zabeysapik|Poison Jab|p2a: Iron Valiant\n|-supereffective|p2a: Iron Valiant\n|-damage|p2a: Iron Valiant|0 fnt\n|faint|p2a: Iron Valiant\n|-end|p2a: Iron Valiant|Quark Drive|[silent]\n|\n|upkeep\n|\n|t:|1701084458\n|switch|p2a: Sneasler|Sneasler, F|100\/100\n|-item|p2a: Sneasler|Air Balloon\n|turn|9\n|\n|t:|1701084468\n|move|p1a: L\u00e9zabeysapik|Knock Off|p2a: Sneasler\n|-resisted|p2a: Sneasler\n|-damage|p2a: Sneasler|69\/100\n|-enditem|p2a: Sneasler|Air Balloon\n|move|p2a: Sneasler|Swords Dance|p2a: Sneasler\n|-boost|p2a: Sneasler|atk|2\n|\n|upkeep\n|turn|10\n|\n|t:|1701084478\n|move|p2a: Sneasler|Acrobatics|p1a: L\u00e9zabeysapik\n|-supereffective|p1a: L\u00e9zabeysapik\n|-damage|p1a: L\u00e9zabeysapik|0 fnt\n|faint|p1a: L\u00e9zabeysapik\n|\n|upkeep\n|\n|t:|1701084482\n|switch|p1a: Phoenix|Moltres, tera:Water|100\/100\n|turn|11\n|\n|t:|1701084491\n|move|p2a: Sneasler|Close Combat|p1a: Phoenix\n|-crit|p1a: Phoenix\n|-damage|p1a: Phoenix|0 fnt\n|-unboost|p2a: Sneasler|def|1\n|-unboost|p2a: Sneasler|spd|1\n|faint|p1a: Phoenix\n|\n|upkeep\n|\n|t:|1701084495\n|switch|p1a: KungFuBear|Urshifu-Rapid-Strike, F|100\/100\n|turn|12\n|\n|t:|1701084504\n|move|p1a: KungFuBear|Aqua Jet|p2a: Sneasler\n|-damage|p2a: Sneasler|12\/100\n|move|p2a: Sneasler|Acrobatics|p1a: KungFuBear\n|-supereffective|p1a: KungFuBear\n|-damage|p1a: KungFuBear|0 fnt\n|faint|p1a: KungFuBear\n|\n|upkeep\n|inactive|Maitre_couscous_ has 270 seconds left.\n|-message|Carbolo forfeited.\n|\n|win|Maitre_couscous_\n|l|\u2606Maitre_couscous_\n","uploadtime":1701084542,"views":3,"p1id":"maitrecouscous","p2id":"carbolo","formatid":"gen9nationaldex","rating":0,"private":0,"password":""}