{"id":"gen9nationaldex-1991765846","p1":"PapaPena","p2":"w0909","format":"[Gen 9] National Dex","log":"|j|\u2606PapaPena\n|j|\u2606w0909\n|t:|1700113394\n|gametype|singles\n|player|p1|PapaPena|roughneck|\n|player|p2|w0909|klara|\n|teamsize|p1|6\n|teamsize|p2|6\n|gen|9\n|tier|[Gen 9] National Dex\n|rule|HP Percentage Mod: HP is shown in percentages\n|rule|Endless Battle Clause: Forcing endless battles is banned\n|rule|OHKO Clause: OHKO moves are banned\n|rule|Evasion Clause: Evasion abilities, items, and moves are banned\n|rule|Evasion Abilities Clause: Evasion abilities are banned\n|rule|Evasion Items Clause: Evasion items are banned\n|rule|Evasion Moves Clause: Evasion moves are banned\n|rule|Species Clause: Limit one of each Pok\u00e9mon\n|rule|Sleep Clause Mod: Limit one foe put to sleep\n|clearpoke\n|poke|p1|Moltres|\n|poke|p1|Tornadus-Therian, M|\n|poke|p1|Klefki, F|\n|poke|p1|Eelektross, F|\n|poke|p1|Lycanroc-Midnight, M|\n|poke|p1|Toedscool, F|\n|poke|p2|Corviknight, F|\n|poke|p2|Regidrago|\n|poke|p2|Sylveon, M|\n|poke|p2|Medicham, M|\n|poke|p2|Dugtrio-Alola, F|\n|poke|p2|Arctibax, M|\n|teampreview\n|j| HeirEhm\n|\n|t:|1700113426\n|start\n|switch|p1a: Tornadus|Tornadus-Therian, M|100\/100\n|switch|p2a: Regidrago|Regidrago|100\/100\n|turn|1\n|\n|t:|1700113449\n|move|p1a: Tornadus|Bleakwind Storm|p2a: Regidrago\n|-damage|p2a: Regidrago|51\/100\n|move|p2a: Regidrago|Dragon Pulse|p1a: Tornadus\n|-damage|p1a: Tornadus|0 fnt\n|faint|p1a: Tornadus\n|\n|upkeep\n|\n|t:|1700113456\n|switch|p1a: Klefki|Klefki, F|100\/100\n|turn|2\n|\n|t:|1700113461\n|switch|p2a: Arctibax|Arctibax, M|100\/100\n|move|p1a: Klefki|Light Screen|p1a: Klefki\n|-sidestart|p1: PapaPena|move: Light Screen\n|\n|upkeep\n|turn|3\n|\n|t:|1700113465\n|move|p1a: Klefki|Spikes|p2a: Arctibax\n|-sidestart|p2: w0909|Spikes\n|move|p2a: Arctibax|Brick Break|p1a: Klefki\n|-sideend|p1: PapaPena|move: Light Screen\n|-damage|p1a: Klefki|84\/100\n|\n|upkeep\n|turn|4\n|\n|t:|1700113471\n|move|p1a: Klefki|Spikes|p2a: Arctibax\n|-sidestart|p2: w0909|Spikes\n|move|p2a: Arctibax|Brick Break|p1a: Klefki\n|-damage|p1a: Klefki|68\/100\n|\n|upkeep\n|turn|5\n|\n|t:|1700113477\n|move|p1a: Klefki|Spikes|p2a: Arctibax\n|-sidestart|p2: w0909|Spikes\n|move|p2a: Arctibax|Brick Break|p1a: Klefki\n|-damage|p1a: Klefki|51\/100\n|\n|upkeep\n|turn|6\n|\n|t:|1700113488\n|switch|p1a: flame-ingo|Moltres, shiny|100\/100\n|move|p2a: Arctibax|Brick Break|p1a: flame-ingo\n|-resisted|p1a: flame-ingo\n|-damage|p1a: flame-ingo|91\/100\n|\n|upkeep\n|turn|7\n|\n|t:|1700113501\n|move|p2a: Arctibax|Outrage|p1a: flame-ingo\n|-damage|p1a: flame-ingo|43\/100\n|move|p1a: flame-ingo|Scorching Sands|p2a: Arctibax\n|-damage|p2a: Arctibax|73\/100\n|\n|upkeep\n|turn|8\n|\n|t:|1700113518\n|move|p2a: Arctibax|Outrage|p1a: flame-ingo|[from]lockedmove\n|-crit|p1a: flame-ingo\n|-damage|p1a: flame-ingo|0 fnt\n|faint|p1a: flame-ingo\n|-start|p2a: Arctibax|confusion|[fatigue]\n|\n|upkeep\n|\n|t:|1700113535\n|switch|p1a: Lycanroc|Lycanroc-Midnight, M|100\/100\n|turn|9\n|\n|t:|1700113554\n|switch|p2a: Corviknight|Corviknight, F|100\/100\n|move|p1a: Lycanroc|Brick Break|p2a: Corviknight\n|-damage|p2a: Corviknight|87\/100\n|-damage|p1a: Lycanroc|84\/100|[from] item: Rocky Helmet|[of] p2a: Corviknight\n|\n|upkeep\n|turn|10\n|\n|t:|1700113571\n|-terastallize|p1a: Lycanroc|Steel\n|move|p1a: Lycanroc|Fire Punch|p2a: Corviknight\n|-supereffective|p2a: Corviknight\n|-damage|p2a: Corviknight|51\/100\n|-damage|p1a: Lycanroc|68\/100|[from] item: Rocky Helmet|[of] p2a: Corviknight\n|move|p2a: Corviknight|Defog|p1a: Lycanroc\n|-unboost|p1a: Lycanroc|evasion|1\n|-sideend|p2: w0909|Spikes|[from] move: Defog|[of] p2a: Corviknight\n|\n|upkeep\n|turn|11\n|\n|t:|1700113583\n|-terastallize|p2a: Corviknight|Water\n|move|p1a: Lycanroc|Stone Edge|p2a: Corviknight|[miss]\n|-miss|p1a: Lycanroc|p2a: Corviknight\n|move|p2a: Corviknight|Roost|p2a: Corviknight\n|-heal|p2a: Corviknight|100\/100\n|\n|upkeep\n|turn|12\n|\n|t:|1700113592\n|switch|p1a: squeeward|Toedscool, F|100\/100\n|move|p2a: Corviknight|U-turn|p1a: squeeward\n|-supereffective|p1a: squeeward\n|-damage|p1a: squeeward|45\/100\n|\n|t:|1700113601\n|switch|p2a: Arctibax|Arctibax, M|73\/100|[from] U-turn\n|\n|upkeep\n|turn|13\n|\n|t:|1700113606\n|move|p2a: Arctibax|Outrage|p1a: squeeward\n|-damage|p1a: squeeward|0 fnt\n|faint|p1a: squeeward\n|\n|upkeep\n|\n|t:|1700113612\n|switch|p1a: Lycanroc|Lycanroc-Midnight, M, tera:Steel|68\/100\n|turn|14\n|\n|t:|1700113619\n|move|p1a: Lycanroc|Brick Break|p2a: Arctibax\n|-supereffective|p2a: Arctibax\n|-damage|p2a: Arctibax|0 fnt\n|faint|p2a: Arctibax\n|\n|upkeep\n|\n|t:|1700113623\n|switch|p2a: Medicham|Medicham, M|100\/100\n|turn|15\n|\n|t:|1700113639\n|move|p2a: Medicham|Close Combat|p1a: Lycanroc\n|-supereffective|p1a: Lycanroc\n|-damage|p1a: Lycanroc|0 fnt\n|-unboost|p2a: Medicham|def|1\n|-unboost|p2a: Medicham|spd|1\n|faint|p1a: Lycanroc\n|\n|upkeep\n|\n|t:|1700113646\n|switch|p1a: Klefki|Klefki, F|51\/100\n|turn|16\n|\n|t:|1700113660\n|move|p1a: Klefki|Light Screen|p1a: Klefki\n|-sidestart|p1: PapaPena|move: Light Screen\n|move|p2a: Medicham|Close Combat|p1a: Klefki\n|-damage|p1a: Klefki|0 fnt\n|-unboost|p2a: Medicham|def|1\n|-unboost|p2a: Medicham|spd|1\n|faint|p1a: Klefki\n|\n|upkeep\n|\n|t:|1700113666\n|switch|p1a: what dat mouth do|Eelektross, F|100\/100\n|turn|17\n|\n|t:|1700113674\n|move|p2a: Medicham|Close Combat|p1a: what dat mouth do\n|-damage|p1a: what dat mouth do|19\/100\n|-unboost|p2a: Medicham|def|1\n|-unboost|p2a: Medicham|spd|1\n|move|p1a: what dat mouth do|Outrage|p2a: Medicham\n|-damage|p2a: Medicham|0 fnt\n|faint|p2a: Medicham\n|\n|upkeep\n|\n|t:|1700113685\n|switch|p2a: Regidrago|Regidrago|51\/100\n|turn|18\n|\n|t:|1700113688\n|move|p2a: Regidrago|Dragon Energy|p1a: what dat mouth do\n|-damage|p1a: what dat mouth do|0 fnt\n|faint|p1a: what dat mouth do\n|\n|win|w0909\n","uploadtime":1700113693,"views":6,"p1id":"papapena","p2id":"w0909","formatid":"gen9nationaldex","rating":0,"private":0,"password":""}