{"id":"gen9nationaldex-1997218119","p1":"Garry97","p2":"abigolname","format":"[Gen 9] National Dex","log":"|html|<div class=\"broadcast-blue\"><strong>[Gen 9] National Dex is currently suspecting Sneasler! For information on how to participate check out the <a href=\"https:\/\/www.smogon.com\/forums\/threads\/sv-national-dex-suspect-8-just-dance.3731534\/\">suspect thread<\/a>.<\/strong><\/div>\n|j|\u2606Garry97\n|j|\u2606abigolname\n|t:|1700776771\n|gametype|singles\n|player|p1|Garry97|eri|1413\n|player|p2|abigolname|ingo|1450\n|teamsize|p1|6\n|teamsize|p2|6\n|gen|9\n|tier|[Gen 9] National Dex\n|rated|\n|rule|HP Percentage Mod: HP is shown in percentages\n|rule|Endless Battle Clause: Forcing endless battles is banned\n|rule|OHKO Clause: OHKO moves are banned\n|rule|Evasion Clause: Evasion abilities, items, and moves are banned\n|rule|Evasion Abilities Clause: Evasion abilities are banned\n|rule|Evasion Items Clause: Evasion items are banned\n|rule|Evasion Moves Clause: Evasion moves are banned\n|rule|Species Clause: Limit one of each Pok\u00e9mon\n|rule|Sleep Clause Mod: Limit one foe put to sleep\n|clearpoke\n|poke|p1|Lucario, M|\n|poke|p1|Blaziken, M|\n|poke|p1|Aggron, M|\n|poke|p1|Gardevoir, F|\n|poke|p1|Milotic, F|\n|poke|p1|Salamence, M|\n|poke|p2|Garchomp, F|\n|poke|p2|Blacephalon|\n|poke|p2|Iron Valiant|\n|poke|p2|Shuckle, M|\n|poke|p2|Tentacruel, F|\n|poke|p2|Clefable, M|\n|teampreview\n|\n|t:|1700776787\n|start\n|switch|p1a: Lord Beerus|Lucario, M|100\/100\n|switch|p2a: Shuckle|Shuckle, M|100\/100\n|turn|1\n|inactive|Battle timer is ON: inactive players will automatically lose when time's up. (requested by abigolname)\n|\n|t:|1700776796\n|move|p1a: Lord Beerus|Meteor Mash|p2a: Shuckle\n|-supereffective|p2a: Shuckle\n|-damage|p2a: Shuckle|43\/100\n|-enditem|p2a: Shuckle|Red Card|[of] p1a: Lord Beerus\n|drag|p1a: Pollo Hermano|Blaziken, M|100\/100\n|move|p2a: Shuckle|Stealth Rock|p1a: Pollo Hermano\n|-sidestart|p1: Garry97|move: Stealth Rock\n|\n|upkeep\n|turn|2\n|\n|t:|1700776812\n|move|p1a: Pollo Hermano|Close Combat|p2a: Shuckle\n|-damage|p2a: Shuckle|0 fnt\n|-unboost|p1a: Pollo Hermano|def|1\n|-unboost|p1a: Pollo Hermano|spd|1\n|faint|p2a: Shuckle\n|-damage|p1a: Pollo Hermano|91\/100|[from] item: Life Orb\n|\n|-ability|p1a: Pollo Hermano|Speed Boost|boost\n|-boost|p1a: Pollo Hermano|spe|1\n|upkeep\n|\n|t:|1700776822\n|switch|p2a: Blacephalon|Blacephalon|100\/100\n|-item|p2a: Blacephalon|Air Balloon\n|turn|3\n|\n|t:|1700776826\n|move|p1a: Pollo Hermano|Protect|p1a: Pollo Hermano\n|-singleturn|p1a: Pollo Hermano|Protect\n|move|p2a: Blacephalon|Shadow Ball|p1a: Pollo Hermano\n|-activate|p1a: Pollo Hermano|move: Protect\n|\n|-ability|p1a: Pollo Hermano|Speed Boost|boost\n|-boost|p1a: Pollo Hermano|spe|1\n|upkeep\n|turn|4\n|\n|t:|1700776835\n|move|p1a: Pollo Hermano|Stone Edge|p2a: Blacephalon\n|-supereffective|p2a: Blacephalon\n|-damage|p2a: Blacephalon|0 fnt\n|-enditem|p2a: Blacephalon|Air Balloon\n|faint|p2a: Blacephalon\n|-damage|p1a: Pollo Hermano|81\/100|[from] item: Life Orb\n|\n|-ability|p1a: Pollo Hermano|Speed Boost|boost\n|-boost|p1a: Pollo Hermano|spe|1\n|upkeep\n|\n|t:|1700776843\n|switch|p2a: Clefable|Clefable, M|100\/100\n|turn|5\n|\n|t:|1700776847\n|switch|p1a: Reinhardt|Aggron, M|100\/100\n|-damage|p1a: Reinhardt|94\/100|[from] Stealth Rock\n|move|p2a: Clefable|Moonblast|p1a: Reinhardt\n|-resisted|p1a: Reinhardt\n|-damage|p1a: Reinhardt|71\/100\n|\n|upkeep\n|turn|6\n|\n|t:|1700776856\n|switch|p2a: Garchomp|Garchomp, F|100\/100\n|detailschange|p1a: Reinhardt|Aggron-Mega, M\n|-mega|p1a: Reinhardt|Aggron|Aggronite\n|move|p1a: Reinhardt|Stealth Rock|p2a: Garchomp\n|-sidestart|p2: abigolname|move: Stealth Rock\n|\n|upkeep\n|turn|7\n|\n|t:|1700776863\n|move|p2a: Garchomp|Swords Dance|p2a: Garchomp\n|-boost|p2a: Garchomp|atk|2\n|move|p1a: Reinhardt|Avalanche|p2a: Garchomp\n|-supereffective|p2a: Garchomp\n|-damage|p2a: Garchomp|23\/100\n|-damage|p1a: Reinhardt|59\/100|[from] ability: Rough Skin|[of] p2a: Garchomp\n|\n|upkeep\n|turn|8\n|\n|t:|1700776874\n|switch|p1a: Dracule Mihawk|Salamence, M|100\/100\n|-ability|p1a: Dracule Mihawk|Intimidate|boost\n|-unboost|p2a: Garchomp|atk|1\n|move|p2a: Garchomp|Earthquake|p1a: Dracule Mihawk\n|-immune|p1a: Dracule Mihawk\n|\n|upkeep\n|turn|9\n|\n|t:|1700776882\n|switch|p1a: Elena FDEZ|Gardevoir, F|100\/100\n|-damage|p1a: Elena FDEZ|88\/100|[from] Stealth Rock\n|-ability|p1a: Elena FDEZ|Rough Skin|[from] ability: Trace|[of] p2a: Garchomp\n|move|p2a: Garchomp|Scale Shot|p1a: Elena FDEZ\n|-immune|p1a: Elena FDEZ\n|\n|upkeep\n|turn|10\n|\n|t:|1700776893\n|switch|p2a: Tentacruel|Tentacruel, F|100\/100\n|-damage|p2a: Tentacruel|88\/100|[from] Stealth Rock\n|move|p1a: Elena FDEZ|Psychic|p2a: Tentacruel\n|-supereffective|p2a: Tentacruel\n|-damage|p2a: Tentacruel|35\/100\n|\n|upkeep\n|turn|11\n|\n|t:|1700776903\n|move|p1a: Elena FDEZ|Psychic|p2a: Tentacruel\n|-supereffective|p2a: Tentacruel\n|-damage|p2a: Tentacruel|0 fnt\n|faint|p2a: Tentacruel\n|\n|upkeep\n|\n|t:|1700776913\n|switch|p2a: Iron Valiant|Iron Valiant|100\/100\n|-damage|p2a: Iron Valiant|94\/100|[from] Stealth Rock\n|-enditem|p2a: Iron Valiant|Booster Energy\n|-activate|p2a: Iron Valiant|ability: Quark Drive|[fromitem]\n|-start|p2a: Iron Valiant|quarkdrivespe\n|turn|12\n|\n|t:|1700776924\n|switch|p1a: Ogopogo|Milotic, F|100\/100\n|-damage|p1a: Ogopogo|88\/100|[from] Stealth Rock\n|-terastallize|p2a: Iron Valiant|Electric\n|move|p2a: Iron Valiant|Calm Mind|p2a: Iron Valiant\n|-boost|p2a: Iron Valiant|spa|1\n|-boost|p2a: Iron Valiant|spd|1\n|\n|-heal|p1a: Ogopogo|94\/100|[from] item: Leftovers\n|upkeep\n|turn|13\n|\n|t:|1700776943\n|move|p2a: Iron Valiant|Thunderbolt|p1a: Ogopogo\n|-supereffective|p1a: Ogopogo\n|-damage|p1a: Ogopogo|25\/100\n|move|p1a: Ogopogo|Haze|p1a: Ogopogo\n|-clearallboost\n|\n|-heal|p1a: Ogopogo|31\/100|[from] item: Leftovers\n|upkeep\n|turn|14\n|\n|t:|1700776951\n|move|p2a: Iron Valiant|Calm Mind|p2a: Iron Valiant\n|-boost|p2a: Iron Valiant|spa|1\n|-boost|p2a: Iron Valiant|spd|1\n|move|p1a: Ogopogo|Surf|p2a: Iron Valiant\n|-damage|p2a: Iron Valiant|52\/100\n|\n|-heal|p1a: Ogopogo|37\/100|[from] item: Leftovers\n|upkeep\n|turn|15\n|\n|t:|1700776959\n|move|p2a: Iron Valiant|Thunderbolt|p1a: Ogopogo\n|-supereffective|p1a: Ogopogo\n|-damage|p1a: Ogopogo|0 fnt\n|faint|p1a: Ogopogo\n|\n|upkeep\n|\n|t:|1700776965\n|switch|p1a: Lord Beerus|Lucario, M|100\/100\n|-damage|p1a: Lord Beerus|98\/100|[from] Stealth Rock\n|turn|16\n|\n|t:|1700776971\n|-terastallize|p1a: Lord Beerus|Normal\n|move|p1a: Lord Beerus|Extreme Speed|p2a: Iron Valiant\n|-damage|p2a: Iron Valiant|0 fnt\n|faint|p2a: Iron Valiant\n|-end|p2a: Iron Valiant|Quark Drive|[silent]\n|\n|upkeep\n|-message|abigolname forfeited.\n|\n|win|Garry97\n|raw|Garry97's rating: 1413 &rarr; <strong>1435<\/strong><br \/>(+22 for winning)\n|raw|abigolname's rating: 1450 &rarr; <strong>1428<\/strong><br \/>(-22 for losing)\n","uploadtime":1700776988,"views":17,"p1id":"garry97","p2id":"abigolname","formatid":"gen9nationaldex","rating":1428,"private":0,"password":""}