{"id":"gen9nationaldex-1989693787","p1":"SylverOmega","p2":"GameBored","format":"[Gen 9] National Dex","log":"|j|\u2606SylverOmega\n|j|\u203dGameBored\n|t:|1699887513\n|gametype|singles\n|player|p1|SylverOmega|palmer|1386\n|player|p2|GameBored|schoolkid-gen8|1307\n|teamsize|p1|6\n|teamsize|p2|6\n|gen|9\n|tier|[Gen 9] National Dex\n|rated|\n|rule|HP Percentage Mod: HP is shown in percentages\n|rule|Endless Battle Clause: Forcing endless battles is banned\n|rule|OHKO Clause: OHKO moves are banned\n|rule|Evasion Clause: Evasion abilities, items, and moves are banned\n|rule|Evasion Abilities Clause: Evasion abilities are banned\n|rule|Evasion Items Clause: Evasion items are banned\n|rule|Evasion Moves Clause: Evasion moves are banned\n|rule|Species Clause: Limit one of each Pok\u00e9mon\n|rule|Sleep Clause Mod: Limit one foe put to sleep\n|clearpoke\n|poke|p1|Scizor, M|\n|poke|p1|Iron Valiant|\n|poke|p1|Dragonite, M|\n|poke|p1|Samurott-Hisui, M|\n|poke|p1|Volcarona, F|\n|poke|p1|Ceruledge, M|\n|poke|p2|Grimmsnarl, M|\n|poke|p2|Toxtricity, M|\n|poke|p2|Turtonator, M|\n|poke|p2|Sharpedo, M|\n|poke|p2|Slowbro-Galar, M|\n|poke|p2|Cofagrigus, M|\n|teampreview\n|inactive|Battle timer is ON: inactive players will automatically lose when time's up. (requested by GameBored)\n|inactive|SylverOmega also wants the timer to be on.\n|c|\u2606SylverOmega|Hf\n|\n|t:|1699887536\n|start\n|switch|p1a: Iron Valiant|Iron Valiant|100\/100\n|switch|p2a: Grimmsnarl|Grimmsnarl, M, shiny|100\/100\n|-enditem|p1a: Iron Valiant|Booster Energy\n|-activate|p1a: Iron Valiant|ability: Quark Drive|[fromitem]\n|-start|p1a: Iron Valiant|quarkdrivespe\n|turn|1\n|\n|t:|1699887545\n|move|p2a: Grimmsnarl|Light Screen|p2a: Grimmsnarl\n|-sidestart|p2: GameBored|move: Light Screen\n|move|p1a: Iron Valiant|Taunt|p2a: Grimmsnarl\n|-start|p2a: Grimmsnarl|move: Taunt\n|\n|upkeep\n|turn|2\n|\n|t:|1699887552\n|switch|p2a: Toxtricity|Toxtricity, M, shiny|100\/100\n|move|p1a: Iron Valiant|Calm Mind|p1a: Iron Valiant\n|-boost|p1a: Iron Valiant|spa|1\n|-boost|p1a: Iron Valiant|spd|1\n|\n|upkeep\n|turn|3\n|\n|t:|1699887578\n|-terastallize|p1a: Iron Valiant|Electric\n|move|p1a: Iron Valiant|Calm Mind|p1a: Iron Valiant\n|-boost|p1a: Iron Valiant|spa|1\n|-boost|p1a: Iron Valiant|spd|1\n|move|p2a: Toxtricity|Shift Gear|p2a: Toxtricity\n|-boost|p2a: Toxtricity|spe|2\n|-boost|p2a: Toxtricity|atk|1\n|\n|upkeep\n|turn|4\n|\n|t:|1699887588\n|move|p1a: Iron Valiant|Calm Mind|p1a: Iron Valiant\n|-boost|p1a: Iron Valiant|spa|1\n|-boost|p1a: Iron Valiant|spd|1\n|move|p2a: Toxtricity|Boomburst|p1a: Iron Valiant\n|-damage|p1a: Iron Valiant|58\/100\n|-enditem|p2a: Toxtricity|Throat Spray\n|-boost|p2a: Toxtricity|spa|1|[from] item: Throat Spray\n|\n|upkeep\n|turn|5\n|\n|t:|1699887598\n|move|p1a: Iron Valiant|Moonblast|p2a: Toxtricity\n|-resisted|p2a: Toxtricity\n|-crit|p2a: Toxtricity\n|-damage|p2a: Toxtricity|0 fnt\n|faint|p2a: Toxtricity\n|\n|upkeep\n|\n|t:|1699887602\n|switch|p2a: Cofagrigus|Cofagrigus, M, shiny|100\/100\n|turn|6\n|\n|t:|1699887611\n|move|p1a: Iron Valiant|Taunt|p2a: Cofagrigus\n|-start|p2a: Cofagrigus|move: Taunt\n|cant|p2a: Cofagrigus|move: Taunt|Haze\n|\n|upkeep\n|turn|7\n|\n|t:|1699887618\n|switch|p2a: Grimmsnarl|Grimmsnarl, M, shiny|100\/100\n|move|p1a: Iron Valiant|Moonblast|p2a: Grimmsnarl\n|-supereffective|p2a: Grimmsnarl\n|-damage|p2a: Grimmsnarl|13\/100\n|-unboost|p2a: Grimmsnarl|spa|1\n|\n|upkeep\n|turn|8\n|\n|t:|1699887629\n|move|p2a: Grimmsnarl|Parting Shot|p1a: Iron Valiant\n|-unboost|p1a: Iron Valiant|atk|1\n|-unboost|p1a: Iron Valiant|spa|1\n|\n|t:|1699887635\n|switch|p2a: Slowbro|Slowbro-Galar, M, shiny|100\/100|[from] Parting Shot\n|move|p1a: Iron Valiant|Moonblast|p2a: Slowbro\n|-resisted|p2a: Slowbro\n|-damage|p2a: Slowbro|76\/100\n|\n|-sideend|p2: GameBored|move: Light Screen\n|upkeep\n|turn|9\n|\n|t:|1699887645\n|move|p1a: Iron Valiant|Thunderbolt|p2a: Slowbro\n|-damage|p2a: Slowbro|0 fnt\n|faint|p2a: Slowbro\n|\n|upkeep\n|\n|t:|1699887649\n|switch|p2a: Turtonator|Turtonator, M, shiny|100\/100\n|turn|10\n|-message|GameBored forfeited.\n|\n|win|SylverOmega\n|raw|SylverOmega's rating: 1386 &rarr; <strong>1402<\/strong><br \/>(+16 for winning)\n|raw|GameBored's rating: 1307 &rarr; <strong>1291<\/strong><br \/>(-16 for losing)\n|l|\u203dGameBored\n","uploadtime":1699887667,"views":16,"p1id":"sylveromega","p2id":"gamebored","formatid":"gen9nationaldex","rating":1291,"private":0,"password":""}