{"id":"gen9nationaldex-1989546217","p1":"Dr_Sasha228","p2":"Showdown-Shelgon","format":"[Gen 9] National Dex","log":"|j|\u2606Dr_Sasha228\n|j|\u2606Showdown-Shelgon\n|t:|1699869123\n|gametype|singles\n|player|p1|Dr_Sasha228|2|1169\n|player|p2|Showdown-Shelgon|acetrainer-gen4dp|1076\n|teamsize|p1|6\n|teamsize|p2|6\n|gen|9\n|tier|[Gen 9] National Dex\n|rated|\n|rule|HP Percentage Mod: HP is shown in percentages\n|rule|Endless Battle Clause: Forcing endless battles is banned\n|rule|OHKO Clause: OHKO moves are banned\n|rule|Evasion Clause: Evasion abilities, items, and moves are banned\n|rule|Evasion Abilities Clause: Evasion abilities are banned\n|rule|Evasion Items Clause: Evasion items are banned\n|rule|Evasion Moves Clause: Evasion moves are banned\n|rule|Species Clause: Limit one of each Pok\u00e9mon\n|rule|Sleep Clause Mod: Limit one foe put to sleep\n|clearpoke\n|poke|p1|Stunfisk-Galar, F|\n|poke|p1|Ludicolo, F|\n|poke|p1|Rillaboom, F|\n|poke|p1|Pelipper, M|\n|poke|p1|Tapu Koko|\n|poke|p1|Tapu Lele|\n|poke|p2|Gliscor, M|\n|poke|p2|Pyukumuku, F|\n|poke|p2|Goodra, M|\n|poke|p2|Greninja-*, M|\n|poke|p2|Seismitoad, M|\n|poke|p2|Zygarde-10%|\n|teampreview\n|inactive|Battle timer is ON: inactive players will automatically lose when time's up. (requested by Showdown-Shelgon)\n|\n|t:|1699869137\n|start\n|switch|p1a: Pelipper|Pelipper, M|100\/100\n|switch|p2a: Poison Dragon|Goodra, M|100\/100\n|-weather|RainDance|[from] ability: Drizzle|[of] p1a: Pelipper\n|turn|1\n|\n|t:|1699869140\n|move|p2a: Poison Dragon|Thunderbolt|p1a: Pelipper\n|-supereffective|p1a: Pelipper\n|-damage|p1a: Pelipper|0 fnt\n|faint|p1a: Pelipper\n|\n|-weather|RainDance|[upkeep]\n|upkeep\n|\n|t:|1699869143\n|switch|p1a: Ludicolo|Ludicolo, F|100\/100\n|turn|2\n|c|\u2606Showdown-Shelgon|Hey \ud83d\ude01 a good friend of mine has a small YT channel where there are Pok\u00e9mon videos. I would be happy if you take a look \u263a\ufe0f\n|c|\u2606Showdown-Shelgon|https:\/\/youtu.be\/g0JrcNRKkYY?si=HKCdwIw1a-GVcdzj\n|\n|t:|1699869148\n|move|p1a: Ludicolo|Ice Beam|p2a: Poison Dragon\n|-supereffective|p2a: Poison Dragon\n|-damage|p2a: Poison Dragon|83\/100\n|move|p2a: Poison Dragon|Sludge Wave|p1a: Ludicolo\n|-supereffective|p1a: Ludicolo\n|-damage|p1a: Ludicolo|28\/100\n|\n|-weather|RainDance|[upkeep]\n|upkeep\n|turn|3\n|\n|t:|1699869161\n|move|p1a: Ludicolo|Ice Beam|p2a: Poison Dragon\n|-supereffective|p2a: Poison Dragon\n|-damage|p2a: Poison Dragon|63\/100\n|move|p2a: Poison Dragon|Sludge Wave|p1a: Ludicolo\n|-supereffective|p1a: Ludicolo\n|-damage|p1a: Ludicolo|0 fnt\n|faint|p1a: Ludicolo\n|\n|-weather|RainDance|[upkeep]\n|upkeep\n|\n|t:|1699869167\n|switch|p1a: Stunfisk|Stunfisk-Galar, F|100\/100\n|turn|4\n|\n|t:|1699869170\n|switch|p2a: Poison Fly|Gliscor, M|100\/100\n|move|p1a: Stunfisk|Snap Trap|p2a: Poison Fly\n|-crit|p2a: Poison Fly\n|-damage|p2a: Poison Fly|93\/100\n|-activate|p2a: Poison Fly|move: Snap Trap|[of] p1a: Stunfisk\n|\n|-weather|RainDance|[upkeep]\n|-damage|p2a: Poison Fly|80\/100|[from] move: Snap Trap|[partiallytrapped]\n|-status|p2a: Poison Fly|tox|[from] item: Toxic Orb\n|upkeep\n|turn|5\n|\n|t:|1699869182\n|switch|p1a: Rillaboom|Rillaboom, F|100\/100\n|-fieldstart|move: Grassy Terrain|[from] ability: Grassy Surge|[of] p1a: Rillaboom\n|move|p2a: Poison Fly|Curse|p2a: Poison Fly\n|-unboost|p2a: Poison Fly|spe|1\n|-boost|p2a: Poison Fly|atk|1\n|-boost|p2a: Poison Fly|def|1\n|\n|-weather|RainDance|[upkeep]\n|-heal|p2a: Poison Fly|93\/100 tox|[from] ability: Poison Heal\n|-end|p2a: Poison Fly|Snap Trap|[partiallytrapped]|[silent]\n|upkeep\n|turn|6\n|\n|t:|1699869190\n|move|p1a: Rillaboom|Knock Off|p2a: Poison Fly\n|-damage|p2a: Poison Fly|74\/100 tox\n|-enditem|p2a: Poison Fly|Toxic Orb|[from] move: Knock Off|[of] p1a: Rillaboom\n|move|p2a: Poison Fly|Curse|p2a: Poison Fly\n|-unboost|p2a: Poison Fly|spe|1\n|-boost|p2a: Poison Fly|atk|1\n|-boost|p2a: Poison Fly|def|1\n|\n|-weather|RainDance|[upkeep]\n|-heal|p2a: Poison Fly|87\/100 tox|[from] ability: Poison Heal\n|upkeep\n|turn|7\n|\n|t:|1699869196\n|move|p1a: Rillaboom|Swords Dance|p1a: Rillaboom\n|-boost|p1a: Rillaboom|atk|2\n|move|p2a: Poison Fly|Curse|p2a: Poison Fly\n|-unboost|p2a: Poison Fly|spe|1\n|-boost|p2a: Poison Fly|atk|1\n|-boost|p2a: Poison Fly|def|1\n|\n|-weather|RainDance|[upkeep]\n|-heal|p2a: Poison Fly|99\/100 tox|[from] ability: Poison Heal\n|upkeep\n|turn|8\n|\n|t:|1699869199\n|move|p1a: Rillaboom|Grassy Glide|p2a: Poison Fly\n|-damage|p2a: Poison Fly|75\/100 tox\n|move|p2a: Poison Fly|Knock Off|p1a: Rillaboom\n|-damage|p1a: Rillaboom|47\/100\n|-enditem|p1a: Rillaboom|Shell Bell|[from] move: Knock Off|[of] p2a: Poison Fly\n|\n|-weather|none\n|-heal|p1a: Rillaboom|54\/100|[from] Grassy Terrain\n|-heal|p2a: Poison Fly|88\/100 tox|[from] ability: Poison Heal\n|upkeep\n|turn|9\n|\n|t:|1699869203\n|move|p1a: Rillaboom|Grassy Glide|p2a: Poison Fly\n|-damage|p2a: Poison Fly|65\/100 tox\n|move|p2a: Poison Fly|Curse|p2a: Poison Fly\n|-unboost|p2a: Poison Fly|spe|1\n|-boost|p2a: Poison Fly|atk|1\n|-boost|p2a: Poison Fly|def|1\n|\n|-heal|p1a: Rillaboom|60\/100|[from] Grassy Terrain\n|-heal|p2a: Poison Fly|78\/100 tox|[from] ability: Poison Heal\n|-fieldend|move: Grassy Terrain\n|upkeep\n|turn|10\n|\n|t:|1699869209\n|move|p1a: Rillaboom|Grassy Glide|p2a: Poison Fly\n|-damage|p2a: Poison Fly|63\/100 tox\n|move|p2a: Poison Fly|Earthquake|p1a: Rillaboom\n|-resisted|p1a: Rillaboom\n|-damage|p1a: Rillaboom|6\/100\n|\n|-heal|p2a: Poison Fly|75\/100 tox|[from] ability: Poison Heal\n|upkeep\n|turn|11\n|\n|t:|1699869215\n|switch|p1a: Tapu Lele|Tapu Lele|100\/100\n|-fieldstart|move: Psychic Terrain|[from] ability: Psychic Surge|[of] p1a: Tapu Lele\n|move|p2a: Poison Fly|Knock Off|p1a: Tapu Lele\n|-damage|p1a: Tapu Lele|4\/100\n|-enditem|p1a: Tapu Lele|Leftovers|[from] move: Knock Off|[of] p2a: Poison Fly\n|\n|-heal|p2a: Poison Fly|88\/100 tox|[from] ability: Poison Heal\n|upkeep\n|turn|12\n|\n|t:|1699869231\n|move|p1a: Tapu Lele|Extrasensory|p2a: Poison Fly\n|-damage|p2a: Poison Fly|44\/100 tox\n|move|p2a: Poison Fly|Knock Off|p1a: Tapu Lele\n|-damage|p1a: Tapu Lele|0 fnt\n|faint|p1a: Tapu Lele\n|\n|-heal|p2a: Poison Fly|57\/100 tox|[from] ability: Poison Heal\n|upkeep\n|\n|t:|1699869234\n|switch|p1a: Tapu Koko|Tapu Koko|100\/100\n|-fieldstart|move: Electric Terrain|[from] ability: Electric Surge|[of] p1a: Tapu Koko\n|turn|13\n|\n|t:|1699869238\n|move|p1a: Tapu Koko|Iron Head|p2a: Poison Fly\n|-damage|p2a: Poison Fly|49\/100 tox\n|move|p2a: Poison Fly|Earthquake|p1a: Tapu Koko\n|-supereffective|p1a: Tapu Koko\n|-damage|p1a: Tapu Koko|0 fnt\n|faint|p1a: Tapu Koko\n|\n|-heal|p2a: Poison Fly|61\/100 tox|[from] ability: Poison Heal\n|upkeep\n|\n|t:|1699869243\n|switch|p1a: Stunfisk|Stunfisk-Galar, F|100\/100\n|-start|p1a: Stunfisk|typechange|Electric|[from] ability: Mimicry\n|turn|14\n|\n|t:|1699869246\n|move|p1a: Stunfisk|Snap Trap|p2a: Poison Fly\n|-damage|p2a: Poison Fly|59\/100 tox\n|-activate|p2a: Poison Fly|move: Snap Trap|[of] p1a: Stunfisk\n|move|p2a: Poison Fly|Earthquake|p1a: Stunfisk\n|-supereffective|p1a: Stunfisk\n|-damage|p1a: Stunfisk|0 fnt\n|faint|p1a: Stunfisk\n|\n|-heal|p2a: Poison Fly|72\/100 tox|[from] ability: Poison Heal\n|-end|p2a: Poison Fly|Snap Trap|[partiallytrapped]|[silent]\n|upkeep\n|\n|t:|1699869251\n|switch|p1a: Rillaboom|Rillaboom, F|6\/100\n|-fieldstart|move: Grassy Terrain|[from] ability: Grassy Surge|[of] p1a: Rillaboom\n|turn|15\n|c|\u2606Showdown-Shelgon|Gg wp\n|\n|t:|1699869255\n|move|p1a: Rillaboom|Grassy Glide|p2a: Poison Fly\n|-damage|p2a: Poison Fly|62\/100 tox\n|move|p2a: Poison Fly|Knock Off|p1a: Rillaboom\n|-damage|p1a: Rillaboom|0 fnt\n|faint|p1a: Rillaboom\n|\n|win|Showdown-Shelgon\n|raw|Dr_Sasha228's rating: 1169 &rarr; <strong>1137<\/strong><br \/>(-32 for losing)\n|raw|Showdown-Shelgon's rating: 1076 &rarr; <strong>1112<\/strong><br \/>(+36 for winning)\n","uploadtime":1699869266,"views":11,"p1id":"drsasha228","p2id":"showdownshelgon","formatid":"gen9nationaldex","rating":1112,"private":0,"password":""}