{"id":"gen9nationaldex-1988386285","p1":"Yaoshi","p2":"SpCd","format":"[Gen 9] National Dex","log":"|j|\u2606Yaoshi\n|j|\u2606SpCd\n|t:|1699717081\n|gametype|singles\n|player|p1|Yaoshi|steven-masters|1558\n|player|p2|SpCd|gambler|1453\n|teamsize|p1|6\n|teamsize|p2|6\n|gen|9\n|tier|[Gen 9] National Dex\n|rated|\n|rule|HP Percentage Mod: HP is shown in percentages\n|rule|Endless Battle Clause: Forcing endless battles is banned\n|rule|OHKO Clause: OHKO moves are banned\n|rule|Evasion Clause: Evasion abilities, items, and moves are banned\n|rule|Evasion Abilities Clause: Evasion abilities are banned\n|rule|Evasion Items Clause: Evasion items are banned\n|rule|Evasion Moves Clause: Evasion moves are banned\n|rule|Species Clause: Limit one of each Pok\u00e9mon\n|rule|Sleep Clause Mod: Limit one foe put to sleep\n|clearpoke\n|poke|p1|Urshifu-*, F|\n|poke|p1|Slowbro-Galar, F|\n|poke|p1|Milotic, F|\n|poke|p1|Kommo-o, M|\n|poke|p1|Rillaboom, M|\n|poke|p1|Garganacl, F|\n|poke|p2|Mawile, F|\n|poke|p2|Garganacl, F|\n|poke|p2|Cinderace, M|\n|poke|p2|Xurkitree|\n|poke|p2|Polteageist|\n|poke|p2|Minior-Violet|\n|teampreview\n|inactive|Battle timer is ON: inactive players will automatically lose when time's up. (requested by SpCd)\n|\n|t:|1699717088\n|start\n|switch|p1a: Kommo-o|Kommo-o, M|100\/100\n|switch|p2a: Wiree|Xurkitree, shiny|100\/100\n|-item|p2a: Wiree|Air Balloon\n|turn|1\n|\n|t:|1699717104\n|switch|p1a: Rillaboom|Rillaboom, M, shiny|100\/100\n|-fieldstart|move: Grassy Terrain|[from] ability: Grassy Surge|[of] p1a: Rillaboom\n|move|p2a: Wiree|Tail Glow|p2a: Wiree\n|-boost|p2a: Wiree|spa|3\n|\n|upkeep\n|turn|2\n|\n|t:|1699717117\n|-terastallize|p1a: Rillaboom|Grass\n|move|p1a: Rillaboom|Grassy Glide|p2a: Wiree\n|-damage|p2a: Wiree|0 fnt\n|-enditem|p2a: Wiree|Air Balloon\n|faint|p2a: Wiree\n|-damage|p1a: Rillaboom|91\/100|[from] item: Life Orb\n|\n|-heal|p1a: Rillaboom|97\/100|[from] Grassy Terrain\n|upkeep\n|inactive|SpCd has 120 seconds left.\n|\n|t:|1699717147\n|switch|p2a: Diable Jambe|Cinderace, M, shiny|100\/100\n|turn|3\n|\n|t:|1699717151\n|switch|p1a: Milotic|Milotic, F, shiny|100\/100\n|move|p2a: Diable Jambe|Pyro Ball|p1a: Milotic\n|-resisted|p1a: Milotic\n|-damage|p1a: Milotic|79\/100\n|\n|-heal|p1a: Milotic|85\/100|[from] Grassy Terrain\n|-heal|p1a: Milotic|91\/100|[from] item: Leftovers\n|upkeep\n|turn|4\n|\n|t:|1699717157\n|move|p2a: Diable Jambe|Trailblaze|p1a: Milotic\n|-start|p2a: Diable Jambe|typechange|Grass|[from] ability: Libero\n|-supereffective|p1a: Milotic\n|-crit|p1a: Milotic\n|-damage|p1a: Milotic|18\/100\n|-boost|p2a: Diable Jambe|spe|1\n|move|p1a: Milotic|Scald|p2a: Diable Jambe\n|-resisted|p2a: Diable Jambe\n|-damage|p2a: Diable Jambe|81\/100\n|-status|p2a: Diable Jambe|brn\n|\n|-heal|p2a: Diable Jambe|87\/100 brn|[from] Grassy Terrain\n|-heal|p1a: Milotic|24\/100|[from] Grassy Terrain\n|-heal|p1a: Milotic|30\/100|[from] item: Leftovers\n|-damage|p2a: Diable Jambe|81\/100 brn|[from] brn\n|upkeep\n|turn|5\n|\n|t:|1699717168\n|move|p2a: Diable Jambe|Trailblaze|p1a: Milotic\n|-supereffective|p1a: Milotic\n|-damage|p1a: Milotic|7\/100\n|-boost|p2a: Diable Jambe|spe|1\n|move|p1a: Milotic|Recover|p1a: Milotic\n|-heal|p1a: Milotic|57\/100\n|\n|-heal|p2a: Diable Jambe|87\/100 brn|[from] Grassy Terrain\n|-heal|p1a: Milotic|63\/100|[from] Grassy Terrain\n|-heal|p1a: Milotic|69\/100|[from] item: Leftovers\n|-damage|p2a: Diable Jambe|81\/100 brn|[from] brn\n|-fieldend|move: Grassy Terrain\n|upkeep\n|turn|6\n|\n|t:|1699717190\n|switch|p2a: Salt Salt No Mi|Garganacl, F, shiny|100\/100\n|move|p1a: Milotic|Recover|p1a: Milotic\n|-heal|p1a: Milotic|100\/100\n|\n|upkeep\n|turn|7\n|\n|t:|1699717201\n|move|p1a: Milotic|Scald|p2a: Salt Salt No Mi\n|-supereffective|p2a: Salt Salt No Mi\n|-damage|p2a: Salt Salt No Mi|52\/100\n|move|p2a: Salt Salt No Mi|Salt Cure|p1a: Milotic\n|-damage|p1a: Milotic|91\/100\n|-start|p1a: Milotic|Salt Cure\n|\n|-heal|p1a: Milotic|97\/100|[from] item: Leftovers\n|-heal|p2a: Salt Salt No Mi|59\/100|[from] item: Leftovers\n|-damage|p1a: Milotic|72\/100|[from] Salt Cure\n|upkeep\n|turn|8\n|\n|t:|1699717213\n|switch|p1a: Kommo-o|Kommo-o, M|100\/100\n|move|p2a: Salt Salt No Mi|Protect||[still]\n|-fail|p2a: Salt Salt No Mi\n|\n|-heal|p2a: Salt Salt No Mi|65\/100|[from] item: Leftovers\n|upkeep\n|turn|9\n|\n|t:|1699717216\n|move|p1a: Kommo-o|Substitute|p1a: Kommo-o\n|-start|p1a: Kommo-o|Substitute\n|-damage|p1a: Kommo-o|75\/100\n|move|p2a: Salt Salt No Mi|Curse|p2a: Salt Salt No Mi\n|-unboost|p2a: Salt Salt No Mi|spe|1\n|-boost|p2a: Salt Salt No Mi|atk|1\n|-boost|p2a: Salt Salt No Mi|def|1\n|\n|-heal|p2a: Salt Salt No Mi|71\/100|[from] item: Leftovers\n|upkeep\n|turn|10\n|\n|t:|1699717231\n|move|p1a: Kommo-o|Belly Drum|p1a: Kommo-o\n|-damage|p1a: Kommo-o|25\/100\n|-setboost|p1a: Kommo-o|atk|6|[from] move: Belly Drum\n|-enditem|p1a: Kommo-o|Salac Berry|[eat]\n|-boost|p1a: Kommo-o|spe|1|[from] item: Salac Berry\n|move|p2a: Salt Salt No Mi|Curse|p2a: Salt Salt No Mi\n|-unboost|p2a: Salt Salt No Mi|spe|1\n|-boost|p2a: Salt Salt No Mi|atk|1\n|-boost|p2a: Salt Salt No Mi|def|1\n|\n|-heal|p2a: Salt Salt No Mi|77\/100|[from] item: Leftovers\n|upkeep\n|turn|11\n|\n|t:|1699717243\n|move|p1a: Kommo-o|Drain Punch|p2a: Salt Salt No Mi\n|-supereffective|p2a: Salt Salt No Mi\n|-damage|p2a: Salt Salt No Mi|12\/100\n|-heal|p1a: Kommo-o|71\/100|[from] drain|[of] p2a: Salt Salt No Mi\n|move|p2a: Salt Salt No Mi|Salt Cure|p1a: Kommo-o\n|-resisted|p1a: Kommo-o\n|-activate|p1a: Kommo-o|move: Substitute|[damage]\n|\n|-heal|p2a: Salt Salt No Mi|18\/100|[from] item: Leftovers\n|upkeep\n|turn|12\n|\n|t:|1699717252\n|move|p2a: Salt Salt No Mi|Protect|p2a: Salt Salt No Mi\n|-singleturn|p2a: Salt Salt No Mi|Protect\n|move|p1a: Kommo-o|Drain Punch|p2a: Salt Salt No Mi\n|-activate|p2a: Salt Salt No Mi|move: Protect\n|\n|-heal|p2a: Salt Salt No Mi|24\/100|[from] item: Leftovers\n|upkeep\n|turn|13\n|\n|t:|1699717261\n|move|p1a: Kommo-o|Drain Punch|p2a: Salt Salt No Mi\n|-supereffective|p2a: Salt Salt No Mi\n|-damage|p2a: Salt Salt No Mi|0 fnt\n|-heal|p1a: Kommo-o|87\/100|[from] drain|[of] p2a: Salt Salt No Mi\n|faint|p2a: Salt Salt No Mi\n|\n|upkeep\n|\n|t:|1699717274\n|switch|p2a: Fly trap|Mawile, F, shiny|100\/100\n|turn|14\n|\n|t:|1699717282\n|detailschange|p2a: Fly trap|Mawile-Mega, F, shiny\n|-mega|p2a: Fly trap|Mawile|Mawilite\n|move|p1a: Kommo-o|Drain Punch|p2a: Fly trap\n|-damage|p2a: Fly trap|0 fnt\n|-heal|p1a: Kommo-o|100\/100|[from] drain|[of] p2a: Fly trap\n|faint|p2a: Fly trap\n|\n|upkeep\n|\n|t:|1699717303\n|switch|p2a: Tea of doom|Polteageist, shiny|100\/100\n|turn|15\n|\n|t:|1699717307\n|move|p1a: Kommo-o|Poison Jab|p2a: Tea of doom\n|-resisted|p2a: Tea of doom\n|-damage|p2a: Tea of doom|6\/100\n|-status|p2a: Tea of doom|psn\n|-ability|p2a: Tea of doom|Weak Armor|boost\n|-unboost|p2a: Tea of doom|def|1\n|-boost|p2a: Tea of doom|spe|2\n|move|p2a: Tea of doom|Shell Smash|p2a: Tea of doom\n|-unboost|p2a: Tea of doom|def|1\n|-unboost|p2a: Tea of doom|spd|1\n|-boost|p2a: Tea of doom|atk|2\n|-boost|p2a: Tea of doom|spa|2\n|-boost|p2a: Tea of doom|spe|2\n|\n|-damage|p2a: Tea of doom|0 fnt|[from] psn\n|faint|p2a: Tea of doom\n|upkeep\n|\n|t:|1699717322\n|switch|p2a: Diable Jambe|Cinderace, M, shiny|81\/100 brn\n|turn|16\n|\n|t:|1699717327\n|move|p1a: Kommo-o|Drain Punch|p2a: Diable Jambe\n|-damage|p2a: Diable Jambe|0 fnt\n|faint|p2a: Diable Jambe\n|\n|upkeep\n|\n|t:|1699717332\n|switch|p2a: Meteorite fr|Minior-Violet, shiny|100\/100\n|-formechange|p2a: Meteorite fr|Minior-Meteor||[from] ability: Shields Down\n|turn|17\n|\n|t:|1699717346\n|-terastallize|p2a: Meteorite fr|Flying\n|move|p1a: Kommo-o|Drain Punch|p2a: Meteorite fr\n|-resisted|p2a: Meteorite fr\n|-damage|p2a: Meteorite fr|0 fnt\n|faint|p2a: Meteorite fr\n|\n|win|Yaoshi\n|raw|Yaoshi's rating: 1558 &rarr; <strong>1572<\/strong><br \/>(+14 for winning)\n|raw|SpCd's rating: 1453 &rarr; <strong>1439<\/strong><br \/>(-14 for losing)\n","uploadtime":1699717365,"views":8,"p1id":"yaoshi","p2id":"spcd","formatid":"gen9nationaldex","rating":1439,"private":0,"password":""}