{"id":"gen9nationaldex-1995101763","p1":"yowou","p2":"SacredTerrador","format":"[Gen 9] National Dex","log":"|html|<div class=\"broadcast-blue\"><strong>[Gen 9] National Dex is currently suspecting Sneasler! For information on how to participate check out the <a href=\"https:\/\/www.smogon.com\/forums\/threads\/sv-national-dex-suspect-8-just-dance.3731534\/\">suspect thread<\/a>.<\/strong><\/div>\n|j|\u2606yowou\n|j|\u2606SacredTerrador\n|t:|1700522724\n|gametype|singles\n|player|p1|yowou|cheren-gen5bw2|1000\n|player|p2|SacredTerrador|hiker-gen4|1105\n|teamsize|p1|6\n|teamsize|p2|6\n|gen|9\n|tier|[Gen 9] National Dex\n|rated|\n|rule|HP Percentage Mod: HP is shown in percentages\n|rule|Endless Battle Clause: Forcing endless battles is banned\n|rule|OHKO Clause: OHKO moves are banned\n|rule|Evasion Clause: Evasion abilities, items, and moves are banned\n|rule|Evasion Abilities Clause: Evasion abilities are banned\n|rule|Evasion Items Clause: Evasion items are banned\n|rule|Evasion Moves Clause: Evasion moves are banned\n|rule|Species Clause: Limit one of each Pok\u00e9mon\n|rule|Sleep Clause Mod: Limit one foe put to sleep\n|clearpoke\n|poke|p1|Audino, F|\n|poke|p1|Scolipede, M|\n|poke|p1|Delphox, F|\n|poke|p1|Krookodile, M|\n|poke|p1|Aegislash, M|\n|poke|p1|Ditto|\n|poke|p2|Hydreigon, F|\n|poke|p2|Druddigon, M|\n|poke|p2|Archeops, M|\n|poke|p2|Aggron, M|\n|poke|p2|Lapras, F|\n|poke|p2|Haxorus, M|\n|teampreview\n|inactive|Battle timer is ON: inactive players will automatically lose when time's up. (requested by SacredTerrador)\n|\n|t:|1700522734\n|start\n|switch|p1a: This u?|Ditto|100\/100\n|switch|p2a: Raptor|Archeops, M|100\/100\n|-transform|p1a: This u?|p2a: Raptor|[from] ability: Imposter\n|turn|1\n|\n|t:|1700522750\n|switch|p2a: Bludgeon|Aggron, M, shiny|100\/100\n|move|p1a: This u?|Taunt|p2a: Bludgeon\n|-start|p2a: Bludgeon|move: Taunt\n|\n|upkeep\n|turn|2\n|\n|t:|1700522760\n|switch|p1a: Kroko|Krookodile, M|100\/100\n|-ability|p1a: Kroko|Intimidate|boost\n|-unboost|p2a: Bludgeon|atk|1\n|detailschange|p2a: Bludgeon|Aggron-Mega, M, shiny\n|-mega|p2a: Bludgeon|Aggron|Aggronite\n|move|p2a: Bludgeon|Heavy Slam|p1a: Kroko\n|-damage|p1a: Kroko|71\/100\n|\n|-heal|p1a: Kroko|77\/100|[from] item: Leftovers\n|upkeep\n|turn|3\n|\n|t:|1700522778\n|move|p1a: Kroko|Earthquake|p2a: Bludgeon\n|-supereffective|p2a: Bludgeon\n|-damage|p2a: Bludgeon|72\/100\n|move|p2a: Bludgeon|Heavy Slam|p1a: Kroko\n|-damage|p1a: Kroko|50\/100\n|\n|-heal|p1a: Kroko|56\/100|[from] item: Leftovers\n|-end|p2a: Bludgeon|move: Taunt\n|upkeep\n|turn|4\n|\n|t:|1700522795\n|move|p1a: Kroko|Earthquake|p2a: Bludgeon\n|-supereffective|p2a: Bludgeon\n|-damage|p2a: Bludgeon|42\/100\n|move|p2a: Bludgeon|Toxic|p1a: Kroko\n|-status|p1a: Kroko|tox\n|\n|-heal|p1a: Kroko|62\/100 tox|[from] item: Leftovers\n|-damage|p1a: Kroko|56\/100 tox|[from] psn\n|upkeep\n|turn|5\n|\n|t:|1700522807\n|move|p1a: Kroko|Earthquake|p2a: Bludgeon\n|-supereffective|p2a: Bludgeon\n|-damage|p2a: Bludgeon|12\/100\n|move|p2a: Bludgeon|Roar|p1a: Kroko\n|drag|p1a: Courtesy Call|Audino, F|100\/100\n|\n|upkeep\n|turn|6\n|\n|t:|1700522821\n|switch|p1a: Kroko|Krookodile, M|56\/100 tox\n|-ability|p1a: Kroko|Intimidate|boost\n|-unboost|p2a: Bludgeon|atk|1\n|move|p2a: Bludgeon|Stealth Rock|p1a: Kroko\n|-sidestart|p1: yowou|move: Stealth Rock\n|\n|-heal|p1a: Kroko|62\/100 tox|[from] item: Leftovers\n|-damage|p1a: Kroko|56\/100 tox|[from] psn\n|upkeep\n|turn|7\n|\n|t:|1700522836\n|move|p1a: Kroko|Earthquake|p2a: Bludgeon\n|-supereffective|p2a: Bludgeon\n|-damage|p2a: Bludgeon|0 fnt\n|faint|p2a: Bludgeon\n|\n|-heal|p1a: Kroko|62\/100 tox|[from] item: Leftovers\n|-damage|p1a: Kroko|50\/100 tox|[from] psn\n|upkeep\n|\n|t:|1700522847\n|switch|p2a: Trio|Hydreigon, F, shiny|100\/100\n|turn|8\n|\n|t:|1700522858\n|-terastallize|p2a: Trio|Normal\n|move|p2a: Trio|Tailwind|p2a: Trio\n|-sidestart|p2: SacredTerrador|move: Tailwind\n|move|p1a: Kroko|Outrage|p2a: Trio\n|-damage|p2a: Trio|56\/100\n|\n|-heal|p1a: Kroko|56\/100 tox|[from] item: Leftovers\n|-damage|p1a: Kroko|38\/100 tox|[from] psn\n|upkeep\n|turn|9\n|\n|t:|1700522870\n|move|p2a: Trio|Tri Attack|p1a: Kroko\n|-damage|p1a: Kroko|0 fnt\n|faint|p1a: Kroko\n|-damage|p2a: Trio|46\/100|[from] item: Life Orb\n|\n|upkeep\n|\n|t:|1700522878\n|switch|p1a: Courtesy Call|Audino, F|100\/100\n|-damage|p1a: Courtesy Call|88\/100|[from] Stealth Rock\n|turn|10\n|\n|t:|1700522888\n|move|p2a: Trio|Tri Attack|p1a: Courtesy Call\n|-damage|p1a: Courtesy Call|52\/100\n|-status|p1a: Courtesy Call|par\n|-damage|p2a: Trio|36\/100|[from] item: Life Orb\n|move|p1a: Courtesy Call|Light Screen|p1a: Courtesy Call\n|-sidestart|p1: yowou|move: Light Screen\n|\n|-heal|p1a: Courtesy Call|59\/100 par|[from] item: Leftovers\n|upkeep\n|turn|11\n|\n|t:|1700522904\n|switch|p1a: Eye Sword|Aegislash, M|100\/100\n|-damage|p1a: Eye Sword|94\/100|[from] Stealth Rock\n|move|p2a: Trio|Tri Attack|p1a: Eye Sword\n|-immune|p1a: Eye Sword\n|\n|-sideend|p2: SacredTerrador|move: Tailwind\n|upkeep\n|turn|12\n|\n|t:|1700522914\n|move|p2a: Trio|Tailwind|p2a: Trio\n|-sidestart|p2: SacredTerrador|move: Tailwind\n|move|p1a: Eye Sword|Autotomize|p1a: Eye Sword\n|-boost|p1a: Eye Sword|spe|2\n|-start|p1a: Eye Sword|Autotomize\n|\n|upkeep\n|turn|13\n|\n|t:|1700522930\n|move|p2a: Trio|Draco Meteor|p1a: Eye Sword\n|-resisted|p1a: Eye Sword\n|-damage|p1a: Eye Sword|74\/100\n|-unboost|p2a: Trio|spa|2\n|-damage|p2a: Trio|26\/100|[from] item: Life Orb\n|-formechange|p1a: Eye Sword|Aegislash-Blade||[from] ability: Stance Change\n|move|p1a: Eye Sword|Sacred Sword|p2a: Trio\n|-supereffective|p2a: Trio\n|-damage|p2a: Trio|0 fnt\n|faint|p2a: Trio\n|\n|upkeep\n|\n|t:|1700522948\n|switch|p2a: Wrecka|Druddigon, M|100\/100\n|turn|14\n|\n|t:|1700522962\n|move|p1a: Eye Sword|Iron Head|p2a: Wrecka\n|-damage|p2a: Wrecka|52\/100\n|move|p2a: Wrecka|Glare|p1a: Eye Sword\n|-status|p1a: Eye Sword|par\n|\n|-sideend|p1: yowou|move: Light Screen\n|upkeep\n|turn|15\n|\n|t:|1700522973\n|-formechange|p1a: Eye Sword|Aegislash||[from] ability: Stance Change\n|move|p1a: Eye Sword|King's Shield|p1a: Eye Sword\n|-singleturn|p1a: Eye Sword|Protect\n|move|p2a: Wrecka|Dragon Tail|p1a: Eye Sword\n|-activate|p1a: Eye Sword|move: Protect\n|-unboost|p2a: Wrecka|atk|1\n|\n|-sideend|p2: SacredTerrador|move: Tailwind\n|upkeep\n|turn|16\n|\n|t:|1700522991\n|-formechange|p1a: Eye Sword|Aegislash-Blade||[from] ability: Stance Change\n|move|p1a: Eye Sword|Iron Head|p2a: Wrecka\n|-damage|p2a: Wrecka|0 fnt\n|faint|p2a: Wrecka\n|\n|upkeep\n|\n|t:|1700522999\n|switch|p2a: Raptor|Archeops, M|100\/100\n|turn|17\n|\n|t:|1700523011\n|move|p2a: Raptor|Taunt|p1a: Eye Sword\n|-start|p1a: Eye Sword|move: Taunt\n|cant|p1a: Eye Sword|par\n|\n|upkeep\n|turn|18\n|\n|t:|1700523021\n|move|p1a: Eye Sword|Sacred Sword|p2a: Raptor\n|-damage|p2a: Raptor|51\/100\n|move|p2a: Raptor|Roar|p1a: Eye Sword\n|drag|p1a: Courtesy Call|Audino, F|92\/100 par\n|-damage|p1a: Courtesy Call|79\/100 par|[from] Stealth Rock\n|\n|-heal|p1a: Courtesy Call|85\/100 par|[from] item: Leftovers\n|upkeep\n|turn|19\n|\n|t:|1700523037\n|move|p2a: Raptor|Taunt|p1a: Courtesy Call\n|-start|p1a: Courtesy Call|move: Taunt\n|cant|p1a: Courtesy Call|move: Taunt|Yawn\n|\n|-heal|p1a: Courtesy Call|91\/100 par|[from] item: Leftovers\n|upkeep\n|turn|20\n|\n|t:|1700523046\n|move|p2a: Raptor|Acrobatics|p1a: Courtesy Call\n|-crit|p1a: Courtesy Call\n|-damage|p1a: Courtesy Call|56\/100 par\n|move|p1a: Courtesy Call|Draining Kiss|p2a: Raptor\n|-damage|p2a: Raptor|40\/100\n|-heal|p1a: Courtesy Call|63\/100 par|[from] drain|[of] p2a: Raptor\n|-enditem|p2a: Raptor|Sitrus Berry|[eat]\n|-heal|p2a: Raptor|65\/100|[from] item: Sitrus Berry\n|\n|-heal|p1a: Courtesy Call|70\/100 par|[from] item: Leftovers\n|upkeep\n|turn|21\n|\n|t:|1700523058\n|move|p2a: Raptor|Acrobatics|p1a: Courtesy Call\n|-damage|p1a: Courtesy Call|20\/100 par\n|move|p1a: Courtesy Call|Draining Kiss|p2a: Raptor\n|-damage|p2a: Raptor|55\/100\n|-heal|p1a: Courtesy Call|27\/100 par|[from] drain|[of] p2a: Raptor\n|\n|-heal|p1a: Courtesy Call|33\/100 par|[from] item: Leftovers\n|-end|p1a: Courtesy Call|move: Taunt\n|upkeep\n|turn|22\n|\n|t:|1700523083\n|switch|p1a: Eye Sword|Aegislash, M|74\/100 par\n|-damage|p1a: Eye Sword|68\/100 par|[from] Stealth Rock\n|move|p2a: Raptor|Acrobatics|p1a: Eye Sword\n|-resisted|p1a: Eye Sword\n|-damage|p1a: Eye Sword|43\/100 par\n|\n|upkeep\n|turn|23\n|\n|t:|1700523102\n|move|p1a: Eye Sword|King's Shield|p1a: Eye Sword\n|-singleturn|p1a: Eye Sword|Protect\n|move|p2a: Raptor|Acrobatics|p1a: Eye Sword\n|-activate|p1a: Eye Sword|move: Protect\n|-unboost|p2a: Raptor|atk|1\n|\n|upkeep\n|turn|24\n|\n|t:|1700523114\n|switch|p2a: Lazuli|Lapras, F|100\/100\n|-formechange|p1a: Eye Sword|Aegislash-Blade||[from] ability: Stance Change\n|move|p1a: Eye Sword|Sacred Sword|p2a: Lazuli\n|-supereffective|p2a: Lazuli\n|-damage|p2a: Lazuli|36\/100\n|\n|upkeep\n|turn|25\n|\n|t:|1700523127\n|move|p2a: Lazuli|Rain Dance|p2a: Lazuli\n|-weather|RainDance\n|move|p1a: Eye Sword|Sacred Sword|p2a: Lazuli\n|-supereffective|p2a: Lazuli\n|-damage|p2a: Lazuli|0 fnt\n|faint|p2a: Lazuli\n|\n|-weather|RainDance|[upkeep]\n|upkeep\n|-message|SacredTerrador forfeited.\n|\n|win|yowou\n|raw|yowou's rating: 1000 &rarr; <strong>1052<\/strong><br \/>(+52 for winning)\n|raw|SacredTerrador's rating: 1105 &rarr; <strong>1073<\/strong><br \/>(-32 for losing)\n|l|\u2606SacredTerrador\n","uploadtime":1700523145,"views":2,"p1id":"yowou","p2id":"sacredterrador","formatid":"gen9nationaldex","rating":1052,"private":0,"password":""}