{"id":"gen9nationaldex-1989860544","p1":"ytassasin7nation","p2":"HiveMindJester","format":"[Gen 9] National Dex","log":"|j|\u2606ytassasin7nation\n|j|\u2606HiveMindJester\n|t:|1699901795\n|gametype|singles\n|player|p1|ytassasin7nation|169|1197\n|player|p2|HiveMindJester|harlequin|1111\n|teamsize|p1|6\n|teamsize|p2|6\n|gen|9\n|tier|[Gen 9] National Dex\n|rated|\n|rule|HP Percentage Mod: HP is shown in percentages\n|rule|Endless Battle Clause: Forcing endless battles is banned\n|rule|OHKO Clause: OHKO moves are banned\n|rule|Evasion Clause: Evasion abilities, items, and moves are banned\n|rule|Evasion Abilities Clause: Evasion abilities are banned\n|rule|Evasion Items Clause: Evasion items are banned\n|rule|Evasion Moves Clause: Evasion moves are banned\n|rule|Species Clause: Limit one of each Pok\u00e9mon\n|rule|Sleep Clause Mod: Limit one foe put to sleep\n|clearpoke\n|poke|p1|Absol, F|\n|poke|p1|Arcanine-Hisui, M|\n|poke|p1|Serperior, F|\n|poke|p1|Tapu Lele|\n|poke|p1|Pawmot, M|\n|poke|p1|Great Tusk|\n|poke|p2|Mawile, F|\n|poke|p2|Cofagrigus, M|\n|poke|p2|Maractus, F|\n|poke|p2|Reuniclus, M|\n|poke|p2|Mienshao, F|\n|poke|p2|Noivern, M|\n|teampreview\n|c|\u2606HiveMindJester|Hello!\n|c|\u2606HiveMindJester|Good luck!\n|\n|t:|1699901804\n|start\n|switch|p1a: Tapu Lele|Tapu Lele|100\/100\n|switch|p2a: Flores|Maractus, F|100\/100\n|-fieldstart|move: Psychic Terrain|[from] ability: Psychic Surge|[of] p1a: Tapu Lele\n|turn|1\n|\n|t:|1699901814\n|move|p1a: Tapu Lele|Calm Mind|p1a: Tapu Lele\n|-boost|p1a: Tapu Lele|spa|1\n|-boost|p1a: Tapu Lele|spd|1\n|move|p2a: Flores|Cotton Guard|p2a: Flores\n|-boost|p2a: Flores|def|3\n|\n|upkeep\n|turn|2\n|inactive|Battle timer is ON: inactive players will automatically lose when time's up. (requested by ytassasin7nation)\n|\n|t:|1699901821\n|move|p1a: Tapu Lele|Calm Mind|p1a: Tapu Lele\n|-boost|p1a: Tapu Lele|spa|1\n|-boost|p1a: Tapu Lele|spd|1\n|move|p2a: Flores|Toxic|p1a: Tapu Lele\n|-status|p1a: Tapu Lele|tox\n|\n|-damage|p1a: Tapu Lele|94\/100 tox|[from] psn\n|upkeep\n|turn|3\n|\n|t:|1699901829\n|move|p1a: Tapu Lele|Psyshock|p2a: Flores\n|-damage|p2a: Flores|60\/100\n|move|p2a: Flores|Giga Drain|p1a: Tapu Lele\n|-damage|p1a: Tapu Lele|81\/100 tox\n|-heal|p2a: Flores|66\/100|[from] drain|[of] p1a: Tapu Lele\n|\n|-heal|p2a: Flores|72\/100|[from] item: Leftovers\n|-damage|p1a: Tapu Lele|68\/100 tox|[from] psn\n|upkeep\n|turn|4\n|\n|t:|1699901840\n|move|p2a: Flores|Spiky Shield|p2a: Flores\n|-singleturn|p2a: Flores|move: Protect\n|move|p1a: Tapu Lele|Moonblast|p2a: Flores\n|-activate|p2a: Flores|move: Protect\n|\n|-heal|p2a: Flores|78\/100|[from] item: Leftovers\n|-damage|p1a: Tapu Lele|50\/100 tox|[from] psn\n|upkeep\n|turn|5\n|\n|t:|1699901851\n|move|p2a: Flores|Spiky Shield||[still]\n|-fail|p2a: Flores\n|move|p1a: Tapu Lele|Moonblast|p2a: Flores\n|-damage|p2a: Flores|0 fnt\n|faint|p2a: Flores\n|\n|-damage|p1a: Tapu Lele|26\/100 tox|[from] psn\n|-fieldend|move: Psychic Terrain\n|upkeep\n|\n|t:|1699901866\n|switch|p2a: Ribbon|Mienshao, F|100\/100\n|turn|6\n|\n|t:|1699901870\n|move|p2a: Ribbon|Fake Out|p1a: Tapu Lele\n|-damage|p1a: Tapu Lele|6\/100 tox\n|cant|p1a: Tapu Lele|flinch\n|\n|-damage|p1a: Tapu Lele|0 fnt|[from] psn\n|faint|p1a: Tapu Lele\n|upkeep\n|\n|t:|1699901889\n|switch|p1a: Absol|Absol, F, shiny|100\/100\n|-ability|p1a: Absol|Pressure\n|turn|7\n|\n|t:|1699901896\n|detailschange|p1a: Absol|Absol-Mega, F, shiny\n|-mega|p1a: Absol|Absol|Absolite\n|move|p1a: Absol|Close Combat|p2a: Ribbon\n|-damage|p2a: Ribbon|20\/100\n|-unboost|p1a: Absol|def|1\n|-unboost|p1a: Absol|spd|1\n|move|p2a: Ribbon|High Jump Kick|p1a: Absol\n|-supereffective|p1a: Absol\n|-damage|p1a: Absol|0 fnt\n|faint|p1a: Absol\n|\n|upkeep\n|\n|t:|1699901902\n|switch|p1a: Serperior|Serperior, F, shiny|100\/100\n|turn|8\n|\n|t:|1699901911\n|move|p1a: Serperior|Leaf Storm|p2a: Ribbon\n|-damage|p2a: Ribbon|0 fnt\n|-boost|p1a: Serperior|spa|2\n|faint|p2a: Ribbon\n|\n|upkeep\n|\n|t:|1699901919\n|switch|p2a: Tune|Noivern, M|100\/100\n|turn|9\n|\n|t:|1699901928\n|move|p2a: Tune|Boomburst|p1a: Serperior\n|-damage|p1a: Serperior|43\/100\n|move|p1a: Serperior|Dragon Pulse|p2a: Tune\n|-supereffective|p2a: Tune\n|-damage|p2a: Tune|15\/100\n|\n|-heal|p1a: Serperior|50\/100|[from] item: Leftovers\n|upkeep\n|turn|10\n|\n|t:|1699901936\n|move|p2a: Tune|Boomburst|p1a: Serperior\n|-damage|p1a: Serperior|0 fnt\n|faint|p1a: Serperior\n|\n|upkeep\n|\n|t:|1699901950\n|switch|p1a: Arcanine|Arcanine-Hisui, M, shiny|100\/100\n|turn|11\n|\n|t:|1699901953\n|move|p2a: Tune|Boomburst|p1a: Arcanine\n|-resisted|p1a: Arcanine\n|-crit|p1a: Arcanine\n|-damage|p1a: Arcanine|50\/100\n|move|p1a: Arcanine|Flare Blitz|p2a: Tune\n|-resisted|p2a: Tune\n|-damage|p2a: Tune|0 fnt\n|faint|p2a: Tune\n|\n|upkeep\n|\n|t:|1699901967\n|switch|p2a: Horus|Cofagrigus, M|100\/100\n|turn|12\n|\n|t:|1699901975\n|move|p1a: Arcanine|Crunch|p2a: Horus\n|-supereffective|p2a: Horus\n|-damage|p2a: Horus|64\/100\n|-unboost|p2a: Horus|def|1\n|-activate|p2a: Horus|ability: Mummy|Rock Head|[of] p1a: Arcanine\n|move|p2a: Horus|Trick Room|p2a: Horus\n|-fieldstart|move: Trick Room|[of] p2a: Horus\n|\n|-heal|p2a: Horus|70\/100|[from] item: Leftovers\n|upkeep\n|turn|13\n|\n|t:|1699901987\n|move|p2a: Horus|Knock Off|p1a: Arcanine\n|-damage|p1a: Arcanine|33\/100\n|-enditem|p1a: Arcanine|Heavy-Duty Boots|[from] move: Knock Off|[of] p2a: Horus\n|move|p1a: Arcanine|Flare Blitz|p2a: Horus\n|-damage|p2a: Horus|8\/100\n|-damage|p1a: Arcanine|13\/100|[from] Recoil\n|\n|-heal|p2a: Horus|14\/100|[from] item: Leftovers\n|upkeep\n|turn|14\n|\n|t:|1699901998\n|move|p2a: Horus|Shadow Ball|p1a: Arcanine\n|-damage|p1a: Arcanine|0 fnt\n|faint|p1a: Arcanine\n|\n|-heal|p2a: Horus|20\/100|[from] item: Leftovers\n|upkeep\n|\n|t:|1699902001\n|switch|p1a: Great Tusk|Great Tusk, shiny|100\/100\n|turn|15\n|\n|t:|1699902008\n|move|p2a: Horus|Destiny Bond|p2a: Horus\n|-singlemove|p2a: Horus|Destiny Bond\n|move|p1a: Great Tusk|Earthquake|p2a: Horus\n|-damage|p2a: Horus|0 fnt\n|faint|p2a: Horus\n|-activate|p2a: Horus|move: Destiny Bond\n|faint|p1a: Great Tusk\n|-end|p1a: Great Tusk|Protosynthesis|[silent]\n|\n|upkeep\n|\n|t:|1699902018\n|switch|p2a: Yokai|Mawile, F|100\/100\n|switch|p1a: Pawmot|Pawmot, M, shiny|100\/100\n|-ability|p2a: Yokai|Intimidate|boost\n|-unboost|p1a: Pawmot|atk|1\n|turn|16\n|\n|t:|1699902028\n|detailschange|p2a: Yokai|Mawile-Mega, F\n|-mega|p2a: Yokai|Mawile|Mawilite\n|move|p2a: Yokai|Swords Dance|p2a: Yokai\n|-boost|p2a: Yokai|atk|2\n|move|p1a: Pawmot|Revival Blessing|p1a: Pawmot\n|\n|t:|1699902049\n|-heal|p1: Arcanine|50\/100|[from] move: Revival Blessing\n|\n|-fieldend|move: Trick Room\n|upkeep\n|turn|17\n|\n|t:|1699902062\n|move|p1a: Pawmot|Close Combat|p2a: Yokai\n|-damage|p2a: Yokai|64\/100\n|-unboost|p1a: Pawmot|def|1\n|-unboost|p1a: Pawmot|spd|1\n|move|p2a: Yokai|Play Rough|p1a: Pawmot\n|-supereffective|p1a: Pawmot\n|-enditem|p1a: Pawmot|Focus Sash\n|-damage|p1a: Pawmot|1\/100\n|\n|upkeep\n|turn|18\n|\n|t:|1699902073\n|move|p2a: Yokai|Sucker Punch|p1a: Pawmot\n|-resisted|p1a: Pawmot\n|-damage|p1a: Pawmot|0 fnt\n|faint|p1a: Pawmot\n|\n|upkeep\n|\n|t:|1699902075\n|switch|p1a: Arcanine|Arcanine-Hisui, M, shiny|50\/100\n|turn|19\n|\n|t:|1699902080\n|-terastallize|p1a: Arcanine|Fire\n|move|p2a: Yokai|Sucker Punch|p1a: Arcanine\n|-damage|p1a: Arcanine|0 fnt\n|faint|p1a: Arcanine\n|\n|win|HiveMindJester\n|raw|ytassasin7nation's rating: 1197 &rarr; <strong>1166<\/strong><br \/>(-31 for losing)\n|raw|HiveMindJester's rating: 1111 &rarr; <strong>1142<\/strong><br \/>(+31 for winning)\n|l|\u2606ytassasin7nation\n|c|\u2606HiveMindJester|GG\n","uploadtime":1699902099,"views":39,"p1id":"ytassasin7nation","p2id":"hivemindjester","formatid":"gen9nationaldex","rating":1142,"private":0,"password":""}