{"id":"gen9nationaldex-1990524602","p1":"SegaSunnyD","p2":"GGUGYFTDGFG","format":"[Gen 9] National Dex","log":"|j|\u2606SegaSunnyD\n|j|\u2606GGUGYFTDGFG\n|t:|1699978567\n|gametype|singles\n|player|p1|SegaSunnyD|caitlin|1085\n|player|p2|GGUGYFTDGFG|swimmerf-gen4|1000\n|teamsize|p1|6\n|teamsize|p2|6\n|gen|9\n|tier|[Gen 9] National Dex\n|rated|\n|rule|HP Percentage Mod: HP is shown in percentages\n|rule|Endless Battle Clause: Forcing endless battles is banned\n|rule|OHKO Clause: OHKO moves are banned\n|rule|Evasion Clause: Evasion abilities, items, and moves are banned\n|rule|Evasion Abilities Clause: Evasion abilities are banned\n|rule|Evasion Items Clause: Evasion items are banned\n|rule|Evasion Moves Clause: Evasion moves are banned\n|rule|Species Clause: Limit one of each Pok\u00e9mon\n|rule|Sleep Clause Mod: Limit one foe put to sleep\n|clearpoke\n|poke|p1|Gardevoir, M|\n|poke|p1|Venomoth, F|\n|poke|p1|Gengar, F|\n|poke|p1|Araquanid, M|\n|poke|p1|Lucario, F|\n|poke|p1|Greninja-*, M|\n|poke|p2|Ambipom, F|\n|poke|p2|Ogerpon-Cornerstone, F|\n|poke|p2|Xurkitree|\n|poke|p2|Kartana|\n|poke|p2|Smeargle, M|\n|poke|p2|Linoone, F|\n|teampreview\n|\n|t:|1699978573\n|start\n|switch|p1a: Araquanid|Araquanid, M, shiny|100\/100\n|switch|p2a: Kartana|Kartana|100\/100\n|turn|1\n|\n|t:|1699978578\n|-zpower|p2a: Kartana\n|move|p2a: Kartana|Z-Tailwind|p2a: Kartana|[anim]Tailwind\n|-start|p2a: Kartana|move: Focus Energy|[zeffect]\n|-sidestart|p2: GGUGYFTDGFG|move: Tailwind\n|move|p1a: Araquanid|Sticky Web|p2a: Kartana\n|-sidestart|p2: GGUGYFTDGFG|move: Sticky Web\n|\n|upkeep\n|turn|2\n|\n|t:|1699978586\n|move|p2a: Kartana|Swords Dance|p2a: Kartana\n|-boost|p2a: Kartana|atk|2\n|move|p1a: Araquanid|Liquidation|p2a: Kartana\n|-resisted|p2a: Kartana\n|-damage|p2a: Kartana|70\/100\n|\n|upkeep\n|turn|3\n|\n|t:|1699978595\n|move|p2a: Kartana|Leaf Blade|p1a: Araquanid\n|-crit|p1a: Araquanid\n|-enditem|p1a: Araquanid|Focus Sash\n|-damage|p1a: Araquanid|1\/100\n|move|p1a: Araquanid|Liquidation|p2a: Kartana\n|-resisted|p2a: Kartana\n|-damage|p2a: Kartana|41\/100\n|\n|upkeep\n|turn|4\n|\n|t:|1699978604\n|move|p2a: Kartana|Leaf Blade|p1a: Araquanid\n|-crit|p1a: Araquanid\n|-damage|p1a: Araquanid|0 fnt\n|faint|p1a: Araquanid\n|-ability|p2a: Kartana|Beast Boost|boost\n|-boost|p2a: Kartana|atk|1\n|\n|-sideend|p2: GGUGYFTDGFG|move: Tailwind\n|upkeep\n|\n|t:|1699978610\n|switch|p1a: Greninja|Greninja, M|100\/100\n|turn|5\n|\n|t:|1699978617\n|move|p1a: Greninja|Ice Beam|p2a: Kartana\n|-damage|p2a: Kartana|0 fnt\n|faint|p2a: Kartana\n|-ability|p1a: Greninja|Battle Bond|boost\n|-boost|p1a: Greninja|atk|1\n|-boost|p1a: Greninja|spa|1\n|-boost|p1a: Greninja|spe|1\n|-activate|p1a: Greninja|ability: Battle Bond\n|\n|upkeep\n|\n|t:|1699978627\n|switch|p2a: plug|Xurkitree, shiny|100\/100\n|-activate|p2a: plug|move: Sticky Web\n|-unboost|p2a: plug|spe|1\n|turn|6\n|\n|t:|1699978633\n|move|p1a: Greninja|Ice Beam|p2a: plug\n|-damage|p2a: plug|18\/100\n|-status|p2a: plug|frz\n|-enditem|p2a: plug|Sitrus Berry|[eat]\n|-heal|p2a: plug|43\/100 frz|[from] item: Sitrus Berry\n|cant|p2a: plug|frz\n|\n|upkeep\n|turn|7\n|-message|GGUGYFTDGFG forfeited.\n|\n|win|SegaSunnyD\n|raw|SegaSunnyD's rating: 1085 &rarr; <strong>1106<\/strong><br \/>(+21 for winning)\n|raw|GGUGYFTDGFG's rating: 1000 &rarr; <strong>1000<\/strong><br \/>(+0 for losing)\n|l|\u2606GGUGYFTDGFG\n","uploadtime":1699978676,"views":4,"p1id":"segasunnyd","p2id":"ggugyftdgfg","formatid":"gen9nationaldex","rating":1000,"private":0,"password":""}