{"id":"gen9nationaldex-1999156844","p1":"Th3K1ng123","p2":"Oliotus","format":"[Gen 9] National Dex","log":"|html|<div class=\"broadcast-blue\"><strong>[Gen 9] National Dex is currently suspecting Sneasler! For information on how to participate check out the <a href=\"https:\/\/www.smogon.com\/forums\/threads\/sv-national-dex-suspect-8-just-dance.3731534\/\">suspect thread<\/a>.<\/strong><\/div>\n|j|\u2606Th3K1ng123\n|j|\u2606Oliotus\n|t:|1701039403\n|gametype|singles\n|player|p1|Th3K1ng123|turo|1373\n|player|p2|Oliotus|170|1292\n|teamsize|p1|6\n|teamsize|p2|6\n|gen|9\n|tier|[Gen 9] National Dex\n|rated|\n|rule|HP Percentage Mod: HP is shown in percentages\n|rule|Endless Battle Clause: Forcing endless battles is banned\n|rule|OHKO Clause: OHKO moves are banned\n|rule|Evasion Clause: Evasion abilities, items, and moves are banned\n|rule|Evasion Abilities Clause: Evasion abilities are banned\n|rule|Evasion Items Clause: Evasion items are banned\n|rule|Evasion Moves Clause: Evasion moves are banned\n|rule|Species Clause: Limit one of each Pok\u00e9mon\n|rule|Sleep Clause Mod: Limit one foe put to sleep\n|clearpoke\n|poke|p1|Banette, M|\n|poke|p1|Aegislash, M|\n|poke|p1|Sinistcha|\n|poke|p1|Skeledirge, M|\n|poke|p1|Blacephalon|\n|poke|p1|Ceruledge, M|\n|poke|p2|Clefable, F|\n|poke|p2|Glimmora, M|\n|poke|p2|Ferrothorn, M|\n|poke|p2|Dragonite, M|\n|poke|p2|Tapu Koko|\n|poke|p2|Greninja-*, M|\n|teampreview\n|inactive|Battle timer is ON: inactive players will automatically lose when time's up. (requested by Th3K1ng123)\n|inactive|Th3K1ng123 has 120 seconds left.\n|\n|t:|1701039439\n|start\n|switch|p1a: DeVito|Skeledirge, M, shiny|100\/100\n|switch|p2a: Glimmora|Glimmora, M|100\/100\n|turn|1\n|\n|t:|1701039448\n|switch|p1a: Sharpness|Aegislash, M, shiny|100\/100\n|move|p2a: Glimmora|Stealth Rock|p1a: Sharpness\n|-sidestart|p1: Th3K1ng123|move: Stealth Rock\n|\n|upkeep\n|turn|2\n|\n|t:|1701039457\n|move|p2a: Glimmora|Spikes|p1a: Sharpness\n|-sidestart|p1: Th3K1ng123|Spikes\n|move|p1a: Sharpness|Swords Dance|p1a: Sharpness\n|-boost|p1a: Sharpness|atk|2\n|\n|upkeep\n|turn|3\n|\n|t:|1701039462\n|move|p2a: Glimmora|Spikes|p1a: Sharpness\n|-sidestart|p1: Th3K1ng123|Spikes\n|-formechange|p1a: Sharpness|Aegislash-Blade||[from] ability: Stance Change\n|move|p1a: Sharpness|Iron Head|p2a: Glimmora\n|-supereffective|p2a: Glimmora\n|-enditem|p2a: Glimmora|Focus Sash\n|-damage|p2a: Glimmora|1\/100\n|-activate|p2a: Glimmora|ability: Toxic Debris\n|-sidestart|p1: Th3K1ng123|move: Toxic Spikes\n|\n|upkeep\n|turn|4\n|\n|t:|1701039471\n|move|p2a: Glimmora|Spiky Shield|p2a: Glimmora\n|-singleturn|p2a: Glimmora|move: Protect\n|move|p1a: Sharpness|Shadow Sneak|p2a: Glimmora\n|-activate|p2a: Glimmora|move: Protect\n|-damage|p1a: Sharpness|88\/100|[from] Spiky Shield|[of] p2a: Glimmora\n|\n|-heal|p1a: Sharpness|94\/100|[from] item: Leftovers\n|upkeep\n|turn|5\n|\n|t:|1701039479\n|move|p2a: Glimmora|Spikes|p1a: Sharpness\n|-sidestart|p1: Th3K1ng123|Spikes\n|move|p1a: Sharpness|Swords Dance|p1a: Sharpness\n|-boost|p1a: Sharpness|atk|2\n|\n|-heal|p1a: Sharpness|100\/100|[from] item: Leftovers\n|upkeep\n|turn|6\n|\n|t:|1701039487\n|move|p2a: Glimmora|Spiky Shield|p2a: Glimmora\n|-singleturn|p2a: Glimmora|move: Protect\n|move|p1a: Sharpness|Swords Dance|p1a: Sharpness\n|-boost|p1a: Sharpness|atk|2\n|\n|upkeep\n|turn|7\n|\n|t:|1701039492\n|move|p2a: Glimmora|Spiky Shield||[still]\n|-fail|p2a: Glimmora\n|move|p1a: Sharpness|Shadow Sneak|p2a: Glimmora\n|-damage|p2a: Glimmora|0 fnt\n|-activate|p2a: Glimmora|ability: Toxic Debris\n|-sidestart|p1: Th3K1ng123|move: Toxic Spikes\n|faint|p2a: Glimmora\n|\n|upkeep\n|\n|t:|1701039501\n|switch|p2a: Clefable|Clefable, F|100\/100\n|turn|8\n|\n|t:|1701039507\n|-terastallize|p2a: Clefable|Poison\n|move|p2a: Clefable|Calm Mind|p2a: Clefable\n|-boost|p2a: Clefable|spa|1\n|-boost|p2a: Clefable|spd|1\n|move|p1a: Sharpness|Iron Head|p2a: Clefable\n|-damage|p2a: Clefable|53\/100\n|\n|-heal|p2a: Clefable|59\/100|[from] item: Leftovers\n|upkeep\n|turn|9\n|\n|t:|1701039516\n|move|p1a: Sharpness|Iron Head|p2a: Clefable\n|-damage|p2a: Clefable|6\/100\n|move|p2a: Clefable|Draining Kiss|p1a: Sharpness\n|-resisted|p1a: Sharpness\n|-damage|p1a: Sharpness|70\/100\n|-heal|p2a: Clefable|23\/100|[from] drain|[of] p1a: Sharpness\n|\n|-heal|p2a: Clefable|29\/100|[from] item: Leftovers\n|-heal|p1a: Sharpness|77\/100|[from] item: Leftovers\n|upkeep\n|turn|10\n|\n|t:|1701039526\n|switch|p2a: Ferrothorn|Ferrothorn, M|100\/100\n|move|p1a: Sharpness|Iron Head|p2a: Ferrothorn\n|-resisted|p2a: Ferrothorn\n|-damage|p2a: Ferrothorn|47\/100\n|-damage|p1a: Sharpness|64\/100|[from] ability: Iron Barbs|[of] p2a: Ferrothorn\n|-damage|p1a: Sharpness|48\/100|[from] item: Rocky Helmet|[of] p2a: Ferrothorn\n|\n|-heal|p1a: Sharpness|54\/100|[from] item: Leftovers\n|upkeep\n|turn|11\n|\n|t:|1701039538\n|move|p1a: Sharpness|Iron Head|p2a: Ferrothorn\n|-resisted|p2a: Ferrothorn\n|-crit|p2a: Ferrothorn\n|-damage|p2a: Ferrothorn|0 fnt\n|-damage|p1a: Sharpness|42\/100|[from] ability: Iron Barbs|[of] p2a: Ferrothorn\n|-damage|p1a: Sharpness|25\/100|[from] item: Rocky Helmet|[of] p2a: Ferrothorn\n|faint|p2a: Ferrothorn\n|\n|-heal|p1a: Sharpness|32\/100|[from] item: Leftovers\n|upkeep\n|\n|t:|1701039548\n|switch|p2a: Dragonite|Dragonite, M|100\/100\n|turn|12\n|\n|t:|1701039550\n|move|p1a: Sharpness|Shadow Sneak|p2a: Dragonite\n|-damage|p2a: Dragonite|52\/100\n|move|p2a: Dragonite|Earthquake|p1a: Sharpness\n|-supereffective|p1a: Sharpness\n|-damage|p1a: Sharpness|0 fnt\n|faint|p1a: Sharpness\n|\n|upkeep\n|\n|t:|1701039560\n|switch|p1a: Jokester|Blacephalon, shiny|100\/100\n|-damage|p1a: Jokester|76\/100|[from] Stealth Rock\n|-damage|p1a: Jokester|51\/100|[from] Spikes\n|-status|p1a: Jokester|tox\n|turn|13\n|\n|t:|1701039568\n|move|p1a: Jokester|Shadow Ball|p2a: Dragonite\n|-damage|p2a: Dragonite|5\/100\n|move|p2a: Dragonite|Earthquake|p1a: Jokester\n|-supereffective|p1a: Jokester\n|-damage|p1a: Jokester|0 fnt\n|faint|p1a: Jokester\n|\n|upkeep\n|\n|t:|1701039576\n|switch|p1a: Spooks|Banette, M, shiny|100\/100\n|-damage|p1a: Spooks|88\/100|[from] Stealth Rock\n|-damage|p1a: Spooks|63\/100|[from] Spikes\n|-status|p1a: Spooks|tox\n|-item|p2a: Dragonite|Weakness Policy|[from] ability: Frisk|[of] p1a: Spooks|[identify]\n|turn|14\n|\n|t:|1701039585\n|switch|p2a: Clefable|Clefable, F, tera:Poison|29\/100\n|detailschange|p1a: Spooks|Banette-Mega, M, shiny\n|-mega|p1a: Spooks|Banette|Banettite\n|move|p1a: Spooks|Shadow Sneak|p2a: Clefable\n|-damage|p2a: Clefable|1\/100\n|\n|-heal|p2a: Clefable|7\/100|[from] item: Leftovers\n|-damage|p1a: Spooks|57\/100 tox|[from] psn\n|upkeep\n|turn|15\n|\n|t:|1701039593\n|move|p1a: Spooks|Shadow Sneak|p2a: Clefable\n|-damage|p2a: Clefable|0 fnt\n|faint|p2a: Clefable\n|\n|-damage|p1a: Spooks|45\/100 tox|[from] psn\n|upkeep\n|\n|t:|1701039599\n|switch|p2a: Greninja|Greninja, M|100\/100\n|turn|16\n|\n|t:|1701039602\n|switch|p2a: Dragonite|Dragonite, M|5\/100\n|move|p1a: Spooks|Destiny Bond|p1a: Spooks\n|-singlemove|p1a: Spooks|Destiny Bond\n|\n|-damage|p1a: Spooks|27\/100 tox|[from] psn\n|upkeep\n|turn|17\n|\n|t:|1701039609\n|move|p1a: Spooks|Shadow Sneak|p2a: Dragonite\n|-damage|p2a: Dragonite|0 fnt\n|faint|p2a: Dragonite\n|\n|-damage|p1a: Spooks|3\/100 tox|[from] psn\n|upkeep\n|\n|t:|1701039613\n|switch|p2a: Tapu Koko|Tapu Koko|100\/100\n|-fieldstart|move: Electric Terrain|[from] ability: Electric Surge|[of] p2a: Tapu Koko\n|-item|p2a: Tapu Koko|Air Balloon\n|turn|18\n|\n|t:|1701039618\n|switch|p2a: Greninja|Greninja, M|100\/100\n|move|p1a: Spooks|Shadow Sneak|p2a: Greninja\n|-resisted|p2a: Greninja\n|-damage|p2a: Greninja|79\/100\n|\n|-damage|p1a: Spooks|0 fnt|[from] psn\n|faint|p1a: Spooks\n|upkeep\n|\n|t:|1701039625\n|switch|p1a: Delicioso|Sinistcha, shiny|100\/100\n|-damage|p1a: Delicioso|88\/100|[from] Stealth Rock\n|-damage|p1a: Delicioso|63\/100|[from] Spikes\n|-status|p1a: Delicioso|tox\n|turn|19\n|\n|t:|1701039638\n|-terastallize|p1a: Delicioso|Normal\n|move|p2a: Greninja|Ice Beam|p1a: Delicioso\n|-damage|p1a: Delicioso|30\/100 tox\n|move|p1a: Delicioso|Matcha Gotcha|p2a: Greninja\n|-supereffective|p2a: Greninja\n|-damage|p2a: Greninja|0 fnt\n|-heal|p1a: Delicioso|62\/100 tox|[from] drain|[of] p2a: Greninja\n|faint|p2a: Greninja\n|\n|-damage|p1a: Delicioso|56\/100 tox|[from] psn\n|upkeep\n|\n|t:|1701039646\n|switch|p2a: Tapu Koko|Tapu Koko|100\/100\n|-item|p2a: Tapu Koko|Air Balloon\n|turn|20\n|\n|t:|1701039656\n|move|p2a: Tapu Koko|Volt Switch|p1a: Delicioso\n|-damage|p1a: Delicioso|24\/100 tox\n|move|p1a: Delicioso|Matcha Gotcha|p2a: Tapu Koko\n|-damage|p2a: Tapu Koko|40\/100\n|-heal|p1a: Delicioso|49\/100 tox|[from] drain|[of] p2a: Tapu Koko\n|-enditem|p2a: Tapu Koko|Air Balloon\n|\n|-damage|p1a: Delicioso|37\/100 tox|[from] psn\n|upkeep\n|turn|21\n|\n|t:|1701039669\n|move|p2a: Tapu Koko|Volt Switch|p1a: Delicioso\n|-damage|p1a: Delicioso|0 fnt\n|faint|p1a: Delicioso\n|\n|upkeep\n|\n|t:|1701039676\n|switch|p1a: Shadow Man|Ceruledge, M, shiny|100\/100\n|-damage|p1a: Shadow Man|76\/100|[from] Stealth Rock\n|-damage|p1a: Shadow Man|51\/100|[from] Spikes\n|-status|p1a: Shadow Man|tox\n|turn|22\n|\n|t:|1701039683\n|move|p2a: Tapu Koko|Volt Switch|p1a: Shadow Man\n|-damage|p1a: Shadow Man|7\/100 tox\n|move|p1a: Shadow Man|Bitter Blade|p2a: Tapu Koko\n|-damage|p2a: Tapu Koko|0 fnt\n|-heal|p1a: Shadow Man|26\/100 tox|[from] drain|[of] p2a: Tapu Koko\n|faint|p2a: Tapu Koko\n|\n|win|Th3K1ng123\n|raw|Th3K1ng123's rating: 1373 &rarr; <strong>1388<\/strong><br \/>(+15 for winning)\n|raw|Oliotus's rating: 1292 &rarr; <strong>1273<\/strong><br \/>(-19 for losing)\n|l|\u2606Oliotus\n","uploadtime":1701039692,"views":1,"p1id":"th3k1ng123","p2id":"oliotus","formatid":"gen9nationaldex","rating":1273,"private":0,"password":""}