{"id":"gen9nationaldex-1993964949","p1":"mdndbdb","p2":"blossomgame","format":"[Gen 9] National Dex","log":"|j|\u2606mdndbdb\n|j|\u2606blossomgame\n|t:|1700384183\n|gametype|singles\n|player|p1|mdndbdb|1|1122\n|player|p2|blossomgame|caitlin|1173\n|teamsize|p1|6\n|teamsize|p2|6\n|gen|9\n|tier|[Gen 9] National Dex\n|rated|\n|rule|HP Percentage Mod: HP is shown in percentages\n|rule|Endless Battle Clause: Forcing endless battles is banned\n|rule|OHKO Clause: OHKO moves are banned\n|rule|Evasion Clause: Evasion abilities, items, and moves are banned\n|rule|Evasion Abilities Clause: Evasion abilities are banned\n|rule|Evasion Items Clause: Evasion items are banned\n|rule|Evasion Moves Clause: Evasion moves are banned\n|rule|Species Clause: Limit one of each Pok\u00e9mon\n|rule|Sleep Clause Mod: Limit one foe put to sleep\n|clearpoke\n|poke|p1|Greninja-*, M|\n|poke|p1|Samurott-Hisui, M|\n|poke|p1|Garganacl, F|\n|poke|p1|Dragonite, M|\n|poke|p1|Ferrothorn, F|\n|poke|p1|Pelipper, F|\n|poke|p2|Mr. Rime, M|\n|poke|p2|Blaziken, M|\n|poke|p2|Medicham, M|\n|poke|p2|Dondozo, M|\n|poke|p2|Tornadus-Therian, M|\n|poke|p2|Dragonite, F|\n|teampreview\n|inactive|Battle timer is ON: inactive players will automatically lose when time's up. (requested by mdndbdb)\n|\n|t:|1700384194\n|start\n|switch|p1a: \u5384\u8be1\u692a|Samurott-Hisui, M|100\/100\n|switch|p2a: Mr. Rime|Mr. Rime, M|100\/100\n|turn|1\n|\n|t:|1700384205\n|switch|p2a: Dondozo|Dondozo, M|100\/100\n|move|p1a: \u5384\u8be1\u692a|Ceaseless Edge|p2a: Dondozo\n|-damage|p2a: Dondozo|73\/100\n|-sidestart|p2: blossomgame|Spikes\n|\n|upkeep\n|turn|2\n|\n|t:|1700384210\n|move|p1a: \u5384\u8be1\u692a|Ceaseless Edge|p2a: Dondozo|[miss]\n|-miss|p1a: \u5384\u8be1\u692a|p2a: Dondozo\n|move|p2a: Dondozo|Curse|p2a: Dondozo\n|-unboost|p2a: Dondozo|spe|1\n|-boost|p2a: Dondozo|atk|1\n|-boost|p2a: Dondozo|def|1\n|\n|upkeep\n|turn|3\n|\n|t:|1700384217\n|move|p1a: \u5384\u8be1\u692a|Ceaseless Edge|p2a: Dondozo\n|-damage|p2a: Dondozo|56\/100\n|-sidestart|p2: blossomgame|Spikes\n|move|p2a: Dondozo|Curse|p2a: Dondozo\n|-unboost|p2a: Dondozo|spe|1\n|-boost|p2a: Dondozo|atk|1\n|-boost|p2a: Dondozo|def|1\n|\n|upkeep\n|turn|4\n|\n|t:|1700384223\n|move|p1a: \u5384\u8be1\u692a|Ceaseless Edge|p2a: Dondozo\n|-damage|p2a: Dondozo|43\/100\n|-sidestart|p2: blossomgame|Spikes\n|move|p2a: Dondozo|Body Press|p1a: \u5384\u8be1\u692a\n|-supereffective|p1a: \u5384\u8be1\u692a\n|-damage|p1a: \u5384\u8be1\u692a|0 fnt\n|faint|p1a: \u5384\u8be1\u692a\n|\n|upkeep\n|\n|t:|1700384229\n|switch|p1a: \u79cd\u5b50\u94c1\u7403|Ferrothorn, F|100\/100\n|turn|5\n|\n|t:|1700384236\n|move|p2a: Dondozo|Rest|p2a: Dondozo\n|-status|p2a: Dondozo|slp|[from] move: Rest\n|-heal|p2a: Dondozo|100\/100 slp|[silent]\n|-enditem|p2a: Dondozo|Chesto Berry|[eat]\n|-curestatus|p2a: Dondozo|slp|[msg]\n|move|p1a: \u79cd\u5b50\u94c1\u7403|Leech Seed|p2a: Dondozo|[miss]\n|-miss|p1a: \u79cd\u5b50\u94c1\u7403|p2a: Dondozo\n|\n|upkeep\n|turn|6\n|\n|t:|1700384241\n|move|p2a: Dondozo|Body Press|p1a: \u79cd\u5b50\u94c1\u7403\n|-supereffective|p1a: \u79cd\u5b50\u94c1\u7403\n|-damage|p1a: \u79cd\u5b50\u94c1\u7403|34\/100\n|-damage|p2a: Dondozo|88\/100|[from] ability: Iron Barbs|[of] p1a: \u79cd\u5b50\u94c1\u7403\n|move|p1a: \u79cd\u5b50\u94c1\u7403|Leech Seed|p2a: Dondozo\n|-start|p2a: Dondozo|move: Leech Seed\n|\n|-heal|p1a: \u79cd\u5b50\u94c1\u7403|40\/100|[from] item: Leftovers\n|-damage|p2a: Dondozo|76\/100|[from] Leech Seed|[of] p1a: \u79cd\u5b50\u94c1\u7403\n|-heal|p1a: \u79cd\u5b50\u94c1\u7403|58\/100|[silent]\n|upkeep\n|turn|7\n|\n|t:|1700384260\n|move|p2a: Dondozo|Body Press|p1a: \u79cd\u5b50\u94c1\u7403\n|-supereffective|p1a: \u79cd\u5b50\u94c1\u7403\n|-damage|p1a: \u79cd\u5b50\u94c1\u7403|0 fnt\n|-damage|p2a: Dondozo|64\/100|[from] ability: Iron Barbs|[of] p1a: \u79cd\u5b50\u94c1\u7403\n|faint|p1a: \u79cd\u5b50\u94c1\u7403\n|\n|upkeep\n|\n|t:|1700384277\n|switch|p1a: \u6c2f\u5316\u94a0|Garganacl, F|100\/100\n|turn|8\n|\n|t:|1700384282\n|move|p1a: \u6c2f\u5316\u94a0|Salt Cure|p2a: Dondozo\n|-damage|p2a: Dondozo|60\/100\n|-start|p2a: Dondozo|Salt Cure\n|move|p2a: Dondozo|Wave Crash|p1a: \u6c2f\u5316\u94a0\n|-supereffective|p1a: \u6c2f\u5316\u94a0\n|-damage|p1a: \u6c2f\u5316\u94a0|15\/100\n|-damage|p2a: Dondozo|37\/100|[from] Recoil\n|\n|-heal|p1a: \u6c2f\u5316\u94a0|22\/100|[from] item: Leftovers\n|-damage|p2a: Dondozo|25\/100|[from] Leech Seed|[of] p1a: \u6c2f\u5316\u94a0\n|-heal|p1a: \u6c2f\u5316\u94a0|37\/100|[silent]\n|-damage|p2a: Dondozo|0 fnt|[from] Salt Cure\n|faint|p2a: Dondozo\n|upkeep\n|\n|t:|1700384302\n|switch|p2a: Tornadus|Tornadus-Therian, M|100\/100\n|turn|9\n|\n|t:|1700384306\n|move|p2a: Tornadus|Defog|p1a: \u6c2f\u5316\u94a0\n|-unboost|p1a: \u6c2f\u5316\u94a0|evasion|1\n|-sideend|p2: blossomgame|Spikes|[from] move: Defog|[of] p2a: Tornadus\n|move|p1a: \u6c2f\u5316\u94a0|Salt Cure|p2a: Tornadus\n|-supereffective|p2a: Tornadus\n|-damage|p2a: Tornadus|72\/100\n|-start|p2a: Tornadus|Salt Cure\n|\n|-heal|p1a: \u6c2f\u5316\u94a0|43\/100|[from] item: Leftovers\n|-damage|p2a: Tornadus|59\/100|[from] Salt Cure\n|upkeep\n|turn|10\n|\n|t:|1700384310\n|move|p2a: Tornadus|U-turn|p1a: \u6c2f\u5316\u94a0\n|-damage|p1a: \u6c2f\u5316\u94a0|36\/100\n|\n|t:|1700384313\n|switch|p2a: Medicham|Medicham, M|100\/100|[from] U-turn\n|move|p1a: \u6c2f\u5316\u94a0|Recover|p1a: \u6c2f\u5316\u94a0\n|-heal|p1a: \u6c2f\u5316\u94a0|86\/100\n|\n|-heal|p1a: \u6c2f\u5316\u94a0|92\/100|[from] item: Leftovers\n|upkeep\n|turn|11\n|\n|t:|1700384331\n|detailschange|p2a: Medicham|Medicham-Mega, M\n|-mega|p2a: Medicham|Medicham|Medichamite\n|move|p2a: Medicham|Zen Headbutt|p1a: \u6c2f\u5316\u94a0\n|-damage|p1a: \u6c2f\u5316\u94a0|56\/100\n|move|p1a: \u6c2f\u5316\u94a0|Salt Cure|p2a: Medicham\n|-resisted|p2a: Medicham\n|-damage|p2a: Medicham|90\/100\n|-start|p2a: Medicham|Salt Cure\n|\n|-heal|p1a: \u6c2f\u5316\u94a0|63\/100|[from] item: Leftovers\n|-damage|p2a: Medicham|78\/100|[from] Salt Cure\n|upkeep\n|turn|12\n|\n|t:|1700384352\n|switch|p1a: \u6162\u9f99|Dragonite, M|100\/100\n|move|p2a: Medicham|Close Combat|p1a: \u6162\u9f99\n|-resisted|p1a: \u6162\u9f99\n|-damage|p1a: \u6162\u9f99|77\/100\n|-unboost|p2a: Medicham|def|1\n|-unboost|p2a: Medicham|spd|1\n|\n|-damage|p2a: Medicham|66\/100|[from] Salt Cure\n|upkeep\n|turn|13\n|\n|t:|1700384362\n|switch|p2a: Tornadus|Tornadus-Therian, M|92\/100\n|move|p1a: \u6162\u9f99|Extreme Speed|p2a: Tornadus\n|-damage|p2a: Tornadus|59\/100\n|\n|upkeep\n|turn|14\n|\n|t:|1700384372\n|switch|p1a: \u6c2f\u5316\u94a0|Garganacl, F|63\/100\n|move|p2a: Tornadus|U-turn|p1a: \u6c2f\u5316\u94a0\n|-damage|p1a: \u6c2f\u5316\u94a0|55\/100\n|\n|t:|1700384378\n|switch|p2a: Medicham|Medicham-Mega, M|66\/100|[from] U-turn\n|\n|-heal|p1a: \u6c2f\u5316\u94a0|62\/100|[from] item: Leftovers\n|upkeep\n|turn|15\n|\n|t:|1700384383\n|move|p2a: Medicham|Close Combat|p1a: \u6c2f\u5316\u94a0\n|-supereffective|p1a: \u6c2f\u5316\u94a0\n|-damage|p1a: \u6c2f\u5316\u94a0|0 fnt\n|-unboost|p2a: Medicham|def|1\n|-unboost|p2a: Medicham|spd|1\n|faint|p1a: \u6c2f\u5316\u94a0\n|\n|upkeep\n|\n|t:|1700384393\n|switch|p1a: \u5657|Pelipper, F|100\/100\n|-weather|RainDance|[from] ability: Drizzle|[of] p1a: \u5657\n|turn|16\n|\n|t:|1700384407\n|move|p2a: Medicham|Zen Headbutt|p1a: \u5657\n|-damage|p1a: \u5657|44\/100\n|cant|p1a: \u5657|flinch\n|\n|-weather|RainDance|[upkeep]\n|upkeep\n|turn|17\n|\n|t:|1700384411\n|switch|p1a: \u683c\u6797\u5c3c\u4e9a|Greninja, M|100\/100\n|move|p2a: Medicham|Zen Headbutt|p1a: \u683c\u6797\u5c3c\u4e9a\n|-immune|p1a: \u683c\u6797\u5c3c\u4e9a\n|\n|-weather|RainDance|[upkeep]\n|upkeep\n|turn|18\n|\n|t:|1700384419\n|-terastallize|p1a: \u683c\u6797\u5c3c\u4e9a|Water\n|move|p1a: \u683c\u6797\u5c3c\u4e9a|Hydro Pump|p2a: Medicham\n|-damage|p2a: Medicham|0 fnt\n|faint|p2a: Medicham\n|-ability|p1a: \u683c\u6797\u5c3c\u4e9a|Battle Bond|boost\n|-boost|p1a: \u683c\u6797\u5c3c\u4e9a|atk|1\n|-boost|p1a: \u683c\u6797\u5c3c\u4e9a|spa|1\n|-boost|p1a: \u683c\u6797\u5c3c\u4e9a|spe|1\n|-activate|p1a: \u683c\u6797\u5c3c\u4e9a|ability: Battle Bond\n|-damage|p1a: \u683c\u6797\u5c3c\u4e9a|91\/100|[from] item: Life Orb\n|\n|-weather|RainDance|[upkeep]\n|upkeep\n|\n|t:|1700384438\n|switch|p2a: Dragonite|Dragonite, F|100\/100\n|turn|19\n|\n|t:|1700384444\n|-terastallize|p2a: Dragonite|Normal\n|move|p2a: Dragonite|Extreme Speed|p1a: \u683c\u6797\u5c3c\u4e9a\n|-damage|p1a: \u683c\u6797\u5c3c\u4e9a|9\/100\n|move|p1a: \u683c\u6797\u5c3c\u4e9a|Hydro Pump|p2a: Dragonite\n|-damage|p2a: Dragonite|0 fnt\n|faint|p2a: Dragonite\n|-damage|p1a: \u683c\u6797\u5c3c\u4e9a|0 fnt|[from] item: Life Orb\n|faint|p1a: \u683c\u6797\u5c3c\u4e9a\n|\n|-weather|RainDance|[upkeep]\n|upkeep\n|\n|t:|1700384457\n|switch|p1a: \u6162\u9f99|Dragonite, M|77\/100\n|switch|p2a: Mr. Rime|Mr. Rime, M|100\/100\n|turn|20\n|-message|mdndbdb forfeited.\n|\n|win|blossomgame\n|raw|mdndbdb's rating: 1122 &rarr; <strong>1101<\/strong><br \/>(-21 for losing)\n|raw|blossomgame's rating: 1173 &rarr; <strong>1194<\/strong><br \/>(+21 for winning)\n|l|\u2606mdndbdb\n|c|\u2606blossomgame|LMFAOOOO\n|c|\u2606blossomgame|RUN\n|c|\u2606blossomgame|RUN\n","uploadtime":1700384473,"views":22,"p1id":"mdndbdb","p2id":"blossomgame","formatid":"gen9nationaldex","rating":1101,"private":0,"password":""}