{"id":"gen9nationaldex-1993343878","p1":"Gibberest1","p2":"mike not dike","format":"[Gen 9] National Dex","log":"|j|\u2606Gibberest1\n|j|\u2606mike not dike\n|t:|1700302523\n|gametype|singles\n|player|p1|Gibberest1|pokekid|\n|player|p2|mike not dike|lucas|\n|teamsize|p1|6\n|teamsize|p2|6\n|gen|9\n|tier|[Gen 9] National Dex\n|rule|HP Percentage Mod: HP is shown in percentages\n|rule|Endless Battle Clause: Forcing endless battles is banned\n|rule|OHKO Clause: OHKO moves are banned\n|rule|Evasion Clause: Evasion abilities, items, and moves are banned\n|rule|Evasion Abilities Clause: Evasion abilities are banned\n|rule|Evasion Items Clause: Evasion items are banned\n|rule|Evasion Moves Clause: Evasion moves are banned\n|rule|Species Clause: Limit one of each Pok\u00e9mon\n|rule|Sleep Clause Mod: Limit one foe put to sleep\n|clearpoke\n|poke|p1|Dragonite, M|\n|poke|p1|Aerodactyl, F|\n|poke|p1|Gardevoir, F|\n|poke|p1|Emolga, F|\n|poke|p1|Heatran, F|\n|poke|p1|Serperior, F|\n|poke|p2|Swampert, M|\n|poke|p2|Serperior, M|\n|poke|p2|Incineroar, M|\n|poke|p2|Metagross|\n|poke|p2|Grimmsnarl, M|\n|poke|p2|Corviknight, M|\n|teampreview\n|inactive|Battle timer is ON: inactive players will automatically lose when time's up. (requested by mike not dike)\n|c|\u2606Gibberest1|Yay\n|\n|t:|1700302532\n|start\n|switch|p1a: Emolga|Emolga, F, shiny|100\/100\n|switch|p2a: Corviknight|Corviknight, M, shiny|100\/100\n|turn|1\n|c|\u2606Gibberest1|O\n|\n|t:|1700302541\n|move|p1a: Emolga|Nuzzle|p2a: Corviknight\n|-supereffective|p2a: Corviknight\n|-damage|p2a: Corviknight|90\/100\n|-status|p2a: Corviknight|par\n|-damage|p1a: Emolga|84\/100|[from] item: Rocky Helmet|[of] p2a: Corviknight\n|move|p2a: Corviknight|Iron Defense|p2a: Corviknight\n|-boost|p2a: Corviknight|def|2\n|\n|upkeep\n|turn|2\n|\n|t:|1700302549\n|move|p1a: Emolga|Rain Dance|p1a: Emolga\n|-weather|RainDance\n|cant|p2a: Corviknight|par\n|\n|-weather|RainDance|[upkeep]\n|upkeep\n|turn|3\n|\n|t:|1700302553\n|move|p1a: Emolga|Thunder|p2a: Corviknight\n|-supereffective|p2a: Corviknight\n|-damage|p2a: Corviknight|31\/100 par\n|move|p2a: Corviknight|Iron Defense|p2a: Corviknight\n|-boost|p2a: Corviknight|def|2\n|\n|-weather|RainDance|[upkeep]\n|upkeep\n|turn|4\n|\n|t:|1700302561\n|move|p1a: Emolga|Thunder|p2a: Corviknight\n|-supereffective|p2a: Corviknight\n|-damage|p2a: Corviknight|0 fnt\n|faint|p2a: Corviknight\n|\n|-weather|RainDance|[upkeep]\n|upkeep\n|\n|t:|1700302568\n|switch|p2a: Swampert|Swampert, M, shiny|100\/100\n|turn|5\n|\n|t:|1700302577\n|detailschange|p2a: Swampert|Swampert-Mega, M, shiny\n|-mega|p2a: Swampert|Swampert|Swampertite\n|move|p2a: Swampert|Bulk Up|p2a: Swampert\n|-boost|p2a: Swampert|atk|1\n|-boost|p2a: Swampert|def|1\n|move|p1a: Emolga|Nuzzle|p2a: Swampert\n|-immune|p2a: Swampert\n|\n|-weather|RainDance|[upkeep]\n|upkeep\n|turn|6\n|c|\u2606Gibberest1|O\n|\n|t:|1700302597\n|switch|p1a: Aerodactyl|Aerodactyl, F|100\/100\n|move|p2a: Swampert|Bulk Up|p2a: Swampert\n|-boost|p2a: Swampert|atk|1\n|-boost|p2a: Swampert|def|1\n|\n|-weather|none\n|upkeep\n|turn|7\n|\n|t:|1700302606\n|move|p1a: Aerodactyl|Double-Edge|p2a: Swampert\n|-damage|p2a: Swampert|87\/100\n|move|p2a: Swampert|Ice Punch|p1a: Aerodactyl\n|-supereffective|p1a: Aerodactyl\n|-damage|p1a: Aerodactyl|0 fnt\n|faint|p1a: Aerodactyl\n|\n|upkeep\n|c|\u2606Gibberest1|O\n|\n|t:|1700302616\n|switch|p1a: A Glass Cannon|Serperior, F|100\/100\n|turn|8\n|\n|t:|1700302620\n|move|p1a: A Glass Cannon|Leaf Storm|p2a: Swampert\n|-supereffective|p2a: Swampert\n|-damage|p2a: Swampert|0 fnt\n|-boost|p1a: A Glass Cannon|spa|2\n|faint|p2a: Swampert\n|\n|upkeep\n|\n|t:|1700302625\n|switch|p2a: Incineroar|Incineroar, M, shiny|100\/100\n|-ability|p2a: Incineroar|Intimidate|boost\n|-boost|p1a: A Glass Cannon|atk|1\n|turn|9\n|\n|t:|1700302633\n|move|p1a: A Glass Cannon|Hidden Power|p2a: Incineroar\n|-resisted|p2a: Incineroar\n|-damage|p2a: Incineroar|90\/100\n|move|p2a: Incineroar|Blaze Kick|p1a: A Glass Cannon\n|-supereffective|p1a: A Glass Cannon\n|-crit|p1a: A Glass Cannon\n|-damage|p1a: A Glass Cannon|0 fnt\n|faint|p1a: A Glass Cannon\n|\n|upkeep\n|c|\u2606Gibberest1|Oh yea wrong type\n|\n|t:|1700302653\n|switch|p1a: Gardevoir|Gardevoir, F, shiny|100\/100\n|turn|10\n|\n|t:|1700302662\n|-terastallize|p2a: Incineroar|Fire\n|move|p1a: Gardevoir|Future Sight|p2a: Incineroar\n|-start|p1a: Gardevoir|move: Future Sight\n|move|p2a: Incineroar|Parting Shot|p1a: Gardevoir\n|-unboost|p1a: Gardevoir|atk|1\n|-unboost|p1a: Gardevoir|spa|1\n|\n|t:|1700302668\n|switch|p2a: Grimmsnarl|Grimmsnarl, M, shiny|100\/100|[from] Parting Shot\n|\n|upkeep\n|turn|11\n|\n|t:|1700302675\n|move|p2a: Grimmsnarl|Light Screen|p2a: Grimmsnarl\n|-sidestart|p2: mike not dike|move: Light Screen\n|move|p1a: Gardevoir|Draining Kiss|p2a: Grimmsnarl\n|-supereffective|p2a: Grimmsnarl\n|-damage|p2a: Grimmsnarl|87\/100\n|\n|upkeep\n|turn|12\n|\n|t:|1700302700\n|move|p2a: Grimmsnarl|Reflect|p2a: Grimmsnarl\n|-sidestart|p2: mike not dike|Reflect\n|move|p1a: Gardevoir|Return|p2a: Grimmsnarl\n|-damage|p2a: Grimmsnarl|81\/100\n|\n|-end|p2a: Grimmsnarl|move: Future Sight\n|-immune|p2a: Grimmsnarl\n|upkeep\n|turn|13\n|\n|t:|1700302707\n|move|p2a: Grimmsnarl|Parting Shot|p1a: Gardevoir\n|-unboost|p1a: Gardevoir|atk|1\n|-unboost|p1a: Gardevoir|spa|1\n|\n|t:|1700302712\n|switch|p2a: Metagross|Metagross, shiny|100\/100|[from] Parting Shot\n|move|p1a: Gardevoir|Future Sight|p2a: Metagross\n|-start|p1a: Gardevoir|move: Future Sight\n|\n|upkeep\n|turn|14\n|\n|t:|1700302723\n|switch|p1a: Oogabooga|Heatran, F|100\/100\n|move|p2a: Metagross|Meteor Mash|p1a: Oogabooga|[miss]\n|-miss|p2a: Metagross|p1a: Oogabooga\n|\n|upkeep\n|turn|15\n|\n|t:|1700302736\n|move|p1a: Oogabooga|Eruption|p2a: Metagross\n|-supereffective|p2a: Metagross\n|-damage|p2a: Metagross|58\/100\n|move|p2a: Metagross|Earthquake|p1a: Oogabooga\n|-supereffective|p1a: Oogabooga\n|-damage|p1a: Oogabooga|0 fnt\n|faint|p1a: Oogabooga\n|\n|-end|p2a: Metagross|move: Future Sight\n|-resisted|p2a: Metagross\n|-damage|p2a: Metagross|54\/100\n|upkeep\n|\n|t:|1700302748\n|switch|p1a: Dragonite|Dragonite, M|100\/100\n|turn|16\n|\n|t:|1700302752\n|move|p1a: Dragonite|Dragon Dance|p1a: Dragonite\n|-boost|p1a: Dragonite|atk|1\n|-boost|p1a: Dragonite|spe|1\n|move|p2a: Metagross|Meteor Mash|p1a: Dragonite\n|-damage|p1a: Dragonite|76\/100\n|-boost|p2a: Metagross|atk|1\n|\n|upkeep\n|turn|17\n|\n|t:|1700302759\n|move|p1a: Dragonite|Dragon Dance|p1a: Dragonite\n|-boost|p1a: Dragonite|atk|1\n|-boost|p1a: Dragonite|spe|1\n|move|p2a: Metagross|Meteor Mash|p1a: Dragonite\n|-damage|p1a: Dragonite|2\/100\n|\n|upkeep\n|turn|18\n|\n|t:|1700302765\n|move|p2a: Metagross|Bullet Punch|p1a: Dragonite\n|-damage|p1a: Dragonite|0 fnt\n|faint|p1a: Dragonite\n|\n|-sideend|p2: mike not dike|move: Light Screen\n|upkeep\n|\n|t:|1700302771\n|switch|p1a: Emolga|Emolga, F, shiny|84\/100\n|turn|19\n|\n|t:|1700302779\n|move|p2a: Metagross|Bullet Punch|p1a: Emolga\n|-resisted|p1a: Emolga\n|-damage|p1a: Emolga|51\/100\n|-status|p2a: Metagross|par|[from] ability: Static|[of] p1a: Emolga\n|move|p1a: Emolga|Nuzzle|p2a: Metagross\n|-damage|p2a: Metagross|51\/100 par\n|\n|-sideend|p2: mike not dike|Reflect\n|upkeep\n|turn|20\n|\n|t:|1700302790\n|move|p1a: Emolga|Rain Dance|p1a: Emolga\n|-weather|RainDance\n|move|p2a: Metagross|Zen Headbutt|p1a: Emolga\n|-damage|p1a: Emolga|0 fnt\n|faint|p1a: Emolga\n|\n|-weather|RainDance|[upkeep]\n|upkeep\n|c|\u2606Gibberest1|:(\n|\n|t:|1700302800\n|switch|p1a: Gardevoir|Gardevoir, F, shiny|100\/100\n|turn|21\n|c|\u2606mike not dike|i even used a weaker team\n|\n|t:|1700302811\n|cant|p2a: Metagross|par\n|move|p1a: Gardevoir|Draining Kiss|p2a: Metagross\n|-resisted|p2a: Metagross\n|-damage|p2a: Metagross|44\/100 par\n|\n|-weather|RainDance|[upkeep]\n|upkeep\n|turn|22\n|c|\u2606Gibberest1|Yea I\u2019m not to good :\/\n|\n|t:|1700302831\n|detailschange|p1a: Gardevoir|Gardevoir-Mega, F, shiny\n|-mega|p1a: Gardevoir|Gardevoir|Gardevoirite\n|move|p1a: Gardevoir|Future Sight|p2a: Metagross\n|-start|p1a: Gardevoir|move: Future Sight\n|move|p2a: Metagross|Meteor Mash|p1a: Gardevoir\n|-supereffective|p1a: Gardevoir\n|-damage|p1a: Gardevoir|0 fnt\n|faint|p1a: Gardevoir\n|\n|win|mike not dike\n","uploadtime":1700302839,"views":6,"p1id":"gibberest1","p2id":"mikenotdike","formatid":"gen9nationaldex","rating":0,"private":0,"password":""}