{"id":"gen9nationaldex-1989433701","p1":"mixco","p2":"Corazonmorado27","format":"[Gen 9] National Dex","log":"|j|\u2606mixco\n|j|\u2606Corazonmorado27\n|t:|1699849819\n|gametype|singles\n|player|p1|mixco|penny|\n|player|p2|Corazonmorado27|parasollady|\n|teamsize|p1|6\n|teamsize|p2|6\n|gen|9\n|tier|[Gen 9] National Dex\n|rule|HP Percentage Mod: HP is shown in percentages\n|rule|Endless Battle Clause: Forcing endless battles is banned\n|rule|OHKO Clause: OHKO moves are banned\n|rule|Evasion Clause: Evasion abilities, items, and moves are banned\n|rule|Evasion Abilities Clause: Evasion abilities are banned\n|rule|Evasion Items Clause: Evasion items are banned\n|rule|Evasion Moves Clause: Evasion moves are banned\n|rule|Species Clause: Limit one of each Pok\u00e9mon\n|rule|Sleep Clause Mod: Limit one foe put to sleep\n|clearpoke\n|poke|p1|Typhlosion, F|\n|poke|p1|Togekiss, M|\n|poke|p1|Bellossom, F|\n|poke|p1|Heracross, M|\n|poke|p1|Espeon, F|\n|poke|p1|Lanturn, M|\n|poke|p2|Tapu Fini|\n|poke|p2|Oricorio-Sensu, F|\n|poke|p2|Salazzle, F|\n|poke|p2|Tsareena, F|\n|poke|p2|Bewear, M|\n|poke|p2|Togedemaru, M|\n|teampreview\n|c|\u2606Corazonmorado27|suerte uwu\n|\n|t:|1699849847\n|start\n|switch|p1a: Lucy|Espeon, F|100\/100\n|switch|p2a: Miss. Salazzle|Salazzle, F|100\/100\n|turn|1\n|\n|t:|1699849880\n|switch|p2a: Tapu Fini|Tapu Fini|100\/100\n|-fieldstart|move: Misty Terrain|[from] ability: Misty Surge|[of] p2a: Tapu Fini\n|move|p1a: Lucy|Light Screen|p1a: Lucy\n|-sidestart|p1: mixco|move: Light Screen\n|\n|upkeep\n|turn|2\n|\n|t:|1699849890\n|switch|p1a: Dansu|Bellossom, F|100\/100\n|move|p2a: Tapu Fini|Substitute|p2a: Tapu Fini\n|-start|p2a: Tapu Fini|Substitute\n|-damage|p2a: Tapu Fini|75\/100\n|\n|-heal|p2a: Tapu Fini|82\/100|[from] item: Leftovers\n|upkeep\n|turn|3\n|\n|t:|1699849897\n|move|p1a: Dansu|Quiver Dance|p1a: Dansu\n|-boost|p1a: Dansu|spa|1\n|-boost|p1a: Dansu|spd|1\n|-boost|p1a: Dansu|spe|1\n|move|p2a: Tapu Fini|Calm Mind|p2a: Tapu Fini\n|-boost|p2a: Tapu Fini|spa|1\n|-boost|p2a: Tapu Fini|spd|1\n|\n|-heal|p2a: Tapu Fini|88\/100|[from] item: Leftovers\n|upkeep\n|turn|4\n|\n|t:|1699849906\n|move|p1a: Dansu|Quiver Dance|p1a: Dansu\n|-boost|p1a: Dansu|spa|1\n|-boost|p1a: Dansu|spd|1\n|-boost|p1a: Dansu|spe|1\n|move|p2a: Tapu Fini|Calm Mind|p2a: Tapu Fini\n|-boost|p2a: Tapu Fini|spa|1\n|-boost|p2a: Tapu Fini|spd|1\n|\n|-heal|p2a: Tapu Fini|94\/100|[from] item: Leftovers\n|upkeep\n|turn|5\n|\n|t:|1699849915\n|move|p1a: Dansu|Quiver Dance|p1a: Dansu\n|-boost|p1a: Dansu|spa|1\n|-boost|p1a: Dansu|spd|1\n|-boost|p1a: Dansu|spe|1\n|move|p2a: Tapu Fini|Calm Mind|p2a: Tapu Fini\n|-boost|p2a: Tapu Fini|spa|1\n|-boost|p2a: Tapu Fini|spd|1\n|\n|-heal|p2a: Tapu Fini|99\/100|[from] item: Leftovers\n|-fieldend|Misty Terrain\n|upkeep\n|turn|6\n|\n|t:|1699849924\n|move|p1a: Dansu|Energy Ball|p2a: Tapu Fini\n|-supereffective|p2a: Tapu Fini\n|-end|p2a: Tapu Fini|Substitute\n|move|p2a: Tapu Fini|Calm Mind|p2a: Tapu Fini\n|-boost|p2a: Tapu Fini|spa|1\n|-boost|p2a: Tapu Fini|spd|1\n|\n|-heal|p2a: Tapu Fini|100\/100|[from] item: Leftovers\n|upkeep\n|turn|7\n|\n|t:|1699849934\n|-terastallize|p2a: Tapu Fini|Steel\n|move|p1a: Dansu|Quiver Dance|p1a: Dansu\n|-boost|p1a: Dansu|spa|1\n|-boost|p1a: Dansu|spd|1\n|-boost|p1a: Dansu|spe|1\n|move|p2a: Tapu Fini|Substitute|p2a: Tapu Fini\n|-start|p2a: Tapu Fini|Substitute\n|-damage|p2a: Tapu Fini|75\/100\n|\n|-heal|p2a: Tapu Fini|82\/100|[from] item: Leftovers\n|upkeep\n|turn|8\n|\n|t:|1699849943\n|move|p1a: Dansu|Quiver Dance|p1a: Dansu\n|-boost|p1a: Dansu|spa|1\n|-boost|p1a: Dansu|spd|1\n|-boost|p1a: Dansu|spe|1\n|move|p2a: Tapu Fini|Calm Mind|p2a: Tapu Fini\n|-boost|p2a: Tapu Fini|spa|1\n|-boost|p2a: Tapu Fini|spd|1\n|\n|-heal|p2a: Tapu Fini|88\/100|[from] item: Leftovers\n|-sideend|p1: mixco|move: Light Screen\n|upkeep\n|turn|9\n|\n|t:|1699849952\n|move|p1a: Dansu|Quiver Dance|p1a: Dansu\n|-boost|p1a: Dansu|spa|1\n|-boost|p1a: Dansu|spd|1\n|-boost|p1a: Dansu|spe|1\n|move|p2a: Tapu Fini|Calm Mind|p2a: Tapu Fini\n|-boost|p2a: Tapu Fini|spa|1\n|-boost|p2a: Tapu Fini|spd|1\n|\n|-heal|p2a: Tapu Fini|94\/100|[from] item: Leftovers\n|upkeep\n|turn|10\n|j| JuzOzuj\n|\n|t:|1699849960\n|move|p1a: Dansu|Hidden Power|p2a: Tapu Fini\n|-supereffective|p2a: Tapu Fini\n|-activate|p2a: Tapu Fini|move: Substitute|[damage]\n|move|p2a: Tapu Fini|Moonblast|p1a: Dansu\n|-damage|p1a: Dansu|60\/100\n|\n|-heal|p1a: Dansu|66\/100|[from] item: Leftovers\n|-heal|p2a: Tapu Fini|99\/100|[from] item: Leftovers\n|upkeep\n|turn|11\n|\n|t:|1699849978\n|move|p1a: Dansu|Hidden Power|p2a: Tapu Fini\n|-supereffective|p2a: Tapu Fini\n|-end|p2a: Tapu Fini|Substitute\n|move|p2a: Tapu Fini|Moonblast|p1a: Dansu\n|-damage|p1a: Dansu|30\/100\n|\n|-heal|p1a: Dansu|37\/100|[from] item: Leftovers\n|-heal|p2a: Tapu Fini|100\/100|[from] item: Leftovers\n|upkeep\n|turn|12\n|\n|t:|1699849999\n|-terastallize|p1a: Dansu|Ground\n|move|p1a: Dansu|Hidden Power|p2a: Tapu Fini\n|-supereffective|p2a: Tapu Fini\n|-damage|p2a: Tapu Fini|67\/100\n|move|p2a: Tapu Fini|Moonblast|p1a: Dansu\n|-damage|p1a: Dansu|0 fnt\n|faint|p1a: Dansu\n|\n|-heal|p2a: Tapu Fini|73\/100|[from] item: Leftovers\n|upkeep\n|\n|t:|1699850007\n|switch|p1a: Heraclio|Heracross, M|100\/100\n|turn|13\n|\n|t:|1699850016\n|switch|p2a: Miss. Oricorio|Oricorio-Sensu, F|100\/100\n|move|p1a: Heraclio|Close Combat|p2a: Miss. Oricorio\n|-immune|p2a: Miss. Oricorio\n|\n|-status|p1a: Heraclio|brn|[from] item: Flame Orb\n|upkeep\n|turn|14\n|\n|t:|1699850033\n|switch|p1a: Tiny|Lanturn, M|100\/100\n|move|p2a: Miss. Oricorio|Quiver Dance|p2a: Miss. Oricorio\n|-boost|p2a: Miss. Oricorio|spa|1\n|-boost|p2a: Miss. Oricorio|spd|1\n|-boost|p2a: Miss. Oricorio|spe|1\n|\n|upkeep\n|turn|15\n|\n|t:|1699850053\n|move|p2a: Miss. Oricorio|Revelation Dance|p1a: Tiny\n|-damage|p1a: Tiny|63\/100\n|move|p1a: Tiny|Thunder Wave|p2a: Miss. Oricorio\n|-status|p2a: Miss. Oricorio|par\n|\n|upkeep\n|turn|16\n|\n|t:|1699850060\n|cant|p2a: Miss. Oricorio|par\n|move|p1a: Tiny|Volt Switch|p2a: Miss. Oricorio\n|-supereffective|p2a: Miss. Oricorio\n|-damage|p2a: Miss. Oricorio|63\/100 par\n|\n|t:|1699850074\n|switch|p1a: Flyan|Togekiss, M|100\/100|[from] Volt Switch\n|\n|upkeep\n|turn|17\n|\n|t:|1699850085\n|switch|p2a: Tapu Fini|Tapu Fini, tera:Steel|73\/100\n|-fieldstart|move: Misty Terrain|[from] ability: Misty Surge|[of] p2a: Tapu Fini\n|move|p1a: Flyan|Air Slash|p2a: Tapu Fini\n|-resisted|p2a: Tapu Fini\n|-damage|p2a: Tapu Fini|62\/100\n|\n|-heal|p2a: Tapu Fini|69\/100|[from] item: Leftovers\n|upkeep\n|turn|18\n|\n|t:|1699850094\n|move|p1a: Flyan|Flamethrower|p2a: Tapu Fini\n|-supereffective|p2a: Tapu Fini\n|-damage|p2a: Tapu Fini|32\/100\n|move|p2a: Tapu Fini|Calm Mind|p2a: Tapu Fini\n|-boost|p2a: Tapu Fini|spa|1\n|-boost|p2a: Tapu Fini|spd|1\n|\n|-heal|p2a: Tapu Fini|38\/100|[from] item: Leftovers\n|upkeep\n|turn|19\n|\n|t:|1699850105\n|move|p1a: Flyan|Flamethrower|p2a: Tapu Fini\n|-supereffective|p2a: Tapu Fini\n|-damage|p2a: Tapu Fini|14\/100\n|move|p2a: Tapu Fini|Scald|p1a: Flyan\n|-damage|p1a: Flyan|72\/100\n|\n|-heal|p2a: Tapu Fini|20\/100|[from] item: Leftovers\n|upkeep\n|turn|20\n|\n|t:|1699850118\n|move|p1a: Flyan|Flamethrower|p2a: Tapu Fini\n|-supereffective|p2a: Tapu Fini\n|-damage|p2a: Tapu Fini|0 fnt\n|faint|p2a: Tapu Fini\n|\n|upkeep\n|\n|t:|1699850140\n|switch|p2a: Mr. Togedemaru|Togedemaru, M|100\/100\n|turn|21\n|\n|t:|1699850150\n|switch|p1a: Tiny|Lanturn, M|63\/100\n|move|p2a: Mr. Togedemaru|Iron Head|p1a: Tiny\n|-resisted|p1a: Tiny\n|-damage|p1a: Tiny|55\/100\n|\n|-fieldend|Misty Terrain\n|upkeep\n|turn|22\n|\n|t:|1699850159\n|move|p2a: Mr. Togedemaru|U-turn|p1a: Tiny\n|-damage|p1a: Tiny|38\/100\n|\n|t:|1699850163\n|switch|p2a: Miss. Oricorio|Oricorio-Sensu, F|63\/100 par|[from] U-turn\n|move|p1a: Tiny|Scald|p2a: Miss. Oricorio\n|-damage|p2a: Miss. Oricorio|27\/100 par\n|\n|upkeep\n|turn|23\n|\n|t:|1699850173\n|move|p1a: Tiny|Volt Switch|p2a: Miss. Oricorio\n|-supereffective|p2a: Miss. Oricorio\n|-damage|p2a: Miss. Oricorio|0 fnt\n|faint|p2a: Miss. Oricorio\n|\n|t:|1699850179\n|switch|p1a: Lucy|Espeon, F|100\/100|[from] Volt Switch\n|\n|upkeep\n|\n|t:|1699850197\n|switch|p2a: Mr. Togedemaru|Togedemaru, M|100\/100\n|turn|24\n|\n|t:|1699850204\n|move|p1a: Lucy|Reflect|p1a: Lucy\n|-sidestart|p1: mixco|Reflect\n|move|p2a: Mr. Togedemaru|Iron Head|p1a: Lucy\n|-damage|p1a: Lucy|79\/100\n|\n|upkeep\n|turn|25\n|\n|t:|1699850211\n|switch|p1a: Tiny|Lanturn, M|38\/100\n|move|p2a: Mr. Togedemaru|Nuzzle|p1a: Tiny\n|-heal|p1a: Tiny|63\/100|[from] ability: Volt Absorb|[of] p2a: Mr. Togedemaru\n|\n|upkeep\n|turn|26\n|\n|t:|1699850218\n|move|p2a: Mr. Togedemaru|U-turn|p1a: Tiny\n|-damage|p1a: Tiny|53\/100\n|\n|t:|1699850223\n|switch|p2a: Miss. Tsareena|Tsareena, F|100\/100|[from] U-turn\n|move|p1a: Tiny|Scald|p2a: Miss. Tsareena\n|-resisted|p2a: Miss. Tsareena\n|-damage|p2a: Miss. Tsareena|94\/100\n|\n|upkeep\n|turn|27\n|\n|t:|1699850244\n|switch|p1a: Pyriam|Typhlosion, F|100\/100\n|move|p2a: Miss. Tsareena|Rapid Spin|p1a: Pyriam\n|-damage|p1a: Pyriam|89\/100\n|-boost|p2a: Miss. Tsareena|spe|1\n|\n|upkeep\n|turn|28\n|\n|t:|1699850257\n|move|p1a: Pyriam|Burn Up|p2a: Miss. Tsareena\n|-supereffective|p2a: Miss. Tsareena\n|-damage|p2a: Miss. Tsareena|0 fnt\n|-start|p1a: Pyriam|typechange|???|[from] move: Burn Up\n|faint|p2a: Miss. Tsareena\n|\n|upkeep\n|\n|t:|1699850265\n|switch|p2a: Miss. Salazzle|Salazzle, F|100\/100\n|turn|29\n|\n|t:|1699850272\n|switch|p1a: Tiny|Lanturn, M|53\/100\n|move|p2a: Miss. Salazzle|Nasty Plot|p2a: Miss. Salazzle\n|-boost|p2a: Miss. Salazzle|spa|2\n|\n|upkeep\n|turn|30\n|\n|t:|1699850280\n|move|p2a: Miss. Salazzle|Sludge Wave|p1a: Tiny\n|-damage|p1a: Tiny|0 fnt\n|faint|p1a: Tiny\n|\n|upkeep\n|\n|t:|1699850284\n|switch|p1a: Lucy|Espeon, F|79\/100\n|turn|31\n|\n|t:|1699850292\n|move|p2a: Miss. Salazzle|Sludge Wave|p1a: Lucy\n|-damage|p1a: Lucy|0 fnt\n|faint|p1a: Lucy\n|\n|-sideend|p1: mixco|Reflect\n|upkeep\n|\n|t:|1699850311\n|switch|p1a: Pyriam|Typhlosion, F|89\/100\n|turn|32\n|\n|t:|1699850316\n|move|p2a: Miss. Salazzle|Sludge Wave|p1a: Pyriam\n|-damage|p1a: Pyriam|0 fnt\n|faint|p1a: Pyriam\n|\n|upkeep\n|\n|t:|1699850321\n|switch|p1a: Heraclio|Heracross, M|100\/100 brn\n|turn|33\n|\n|t:|1699850324\n|move|p2a: Miss. Salazzle|Flamethrower|p1a: Heraclio\n|-supereffective|p1a: Heraclio\n|-damage|p1a: Heraclio|0 fnt\n|faint|p1a: Heraclio\n|\n|upkeep\n|\n|t:|1699850326\n|switch|p1a: Flyan|Togekiss, M|72\/100\n|turn|34\n|\n|t:|1699850333\n|move|p2a: Miss. Salazzle|Sludge Wave|p1a: Flyan\n|-supereffective|p1a: Flyan\n|-crit|p1a: Flyan\n|-damage|p1a: Flyan|0 fnt\n|faint|p1a: Flyan\n|\n|win|Corazonmorado27\n","uploadtime":1699850346,"views":15,"p1id":"mixco","p2id":"corazonmorado27","formatid":"gen9nationaldex","rating":0,"private":0,"password":""}