{"id":"gen9nationaldex-1993314563","p1":"BeyondTrash","p2":"Shovel Florentine","format":"[Gen 9] National Dex","log":"|j|\u2606BeyondTrash\n|j|\u2606Shovel Florentine\n|t:|1700296405\n|gametype|singles\n|player|p1|BeyondTrash|hiker|1142\n|player|p2|Shovel Florentine|acetrainerf|1136\n|teamsize|p1|6\n|teamsize|p2|6\n|gen|9\n|tier|[Gen 9] National Dex\n|rated|\n|rule|HP Percentage Mod: HP is shown in percentages\n|rule|Endless Battle Clause: Forcing endless battles is banned\n|rule|OHKO Clause: OHKO moves are banned\n|rule|Evasion Clause: Evasion abilities, items, and moves are banned\n|rule|Evasion Abilities Clause: Evasion abilities are banned\n|rule|Evasion Items Clause: Evasion items are banned\n|rule|Evasion Moves Clause: Evasion moves are banned\n|rule|Species Clause: Limit one of each Pok\u00e9mon\n|rule|Sleep Clause Mod: Limit one foe put to sleep\n|clearpoke\n|poke|p1|Charizard, M|\n|poke|p1|Tyrantrum, F|\n|poke|p1|Samurott-Hisui, M|\n|poke|p1|Great Tusk|\n|poke|p1|Volcarona, F|\n|poke|p1|Gliscor, F|\n|poke|p2|Ivysaur, M|\n|poke|p2|Garchomp, M|\n|poke|p2|Vileplume, F|\n|poke|p2|Tyranitar, F|\n|poke|p2|Torkoal, F|\n|poke|p2|Tyrantrum, M|\n|teampreview\n|c|\u2606BeyondTrash|ivysaur?\n|\n|t:|1700296418\n|start\n|switch|p1a: Tyrantrum|Tyrantrum, F, shiny|100\/100\n|switch|p2a: Petunia|Vileplume, F|100\/100\n|turn|1\n|\n|t:|1700296427\n|-terastallize|p2a: Petunia|Fairy\n|move|p1a: Tyrantrum|Hone Claws|p1a: Tyrantrum\n|-boost|p1a: Tyrantrum|atk|1\n|-boost|p1a: Tyrantrum|accuracy|1\n|move|p2a: Petunia|Moonblast|p1a: Tyrantrum\n|-supereffective|p1a: Tyrantrum\n|-enditem|p1a: Tyrantrum|Focus Sash\n|-damage|p1a: Tyrantrum|1\/100\n|\n|upkeep\n|turn|2\n|\n|t:|1700296438\n|switch|p2a: Lunpy|Torkoal, F|100\/100\n|-weather|SunnyDay|[from] ability: Drought|[of] p2a: Lunpy\n|-terastallize|p1a: Tyrantrum|Rock\n|move|p1a: Tyrantrum|Head Smash|p2a: Lunpy\n|-supereffective|p2a: Lunpy\n|-damage|p2a: Lunpy|0 fnt\n|faint|p2a: Lunpy\n|\n|-weather|SunnyDay|[upkeep]\n|upkeep\n|\n|t:|1700296447\n|switch|p2a: Petunia|Vileplume, F, tera:Fairy|100\/100\n|turn|3\n|\n|t:|1700296450\n|move|p2a: Petunia|Moonblast|p1a: Tyrantrum\n|-damage|p1a: Tyrantrum|0 fnt\n|faint|p1a: Tyrantrum\n|\n|-weather|SunnyDay|[upkeep]\n|upkeep\n|\n|t:|1700296453\n|switch|p1a: Charizard|Charizard, M, shiny|100\/100\n|turn|4\n|\n|t:|1700296457\n|switch|p2a: Garchampion|Garchomp, M, shiny|100\/100\n|detailschange|p1a: Charizard|Charizard-Mega-Y, M, shiny\n|-mega|p1a: Charizard|Charizard|Charizardite Y\n|move|p1a: Charizard|Flamethrower|p2a: Garchampion\n|-resisted|p2a: Garchampion\n|-damage|p2a: Garchampion|61\/100\n|\n|-weather|SunnyDay|[upkeep]\n|upkeep\n|turn|5\n|\n|t:|1700296464\n|move|p1a: Charizard|Dragon Pulse|p2a: Garchampion\n|-supereffective|p2a: Garchampion\n|-damage|p2a: Garchampion|0 fnt\n|faint|p2a: Garchampion\n|\n|-weather|SunnyDay|[upkeep]\n|upkeep\n|\n|t:|1700296471\n|switch|p2a: Big Tynah|Tyranitar, F, shiny|100\/100\n|-weather|Sandstorm|[from] ability: Sand Stream|[of] p2a: Big Tynah\n|turn|6\n|\n|t:|1700296480\n|switch|p1a: Samurott|Samurott-Hisui, M, shiny|100\/100\n|move|p2a: Big Tynah|Dragon Dance|p2a: Big Tynah\n|-boost|p2a: Big Tynah|atk|1\n|-boost|p2a: Big Tynah|spe|1\n|\n|-weather|Sandstorm|[upkeep]\n|-damage|p1a: Samurott|94\/100|[from] Sandstorm\n|upkeep\n|turn|7\n|\n|t:|1700296485\n|detailschange|p2a: Big Tynah|Tyranitar-Mega, F, shiny\n|-mega|p2a: Big Tynah|Tyranitar|Tyranitarite\n|move|p2a: Big Tynah|Rock Slide|p1a: Samurott\n|-damage|p1a: Samurott|21\/100\n|move|p1a: Samurott|Sacred Sword|p2a: Big Tynah\n|-supereffective|p2a: Big Tynah\n|-damage|p2a: Big Tynah|0 fnt\n|faint|p2a: Big Tynah\n|\n|-weather|Sandstorm|[upkeep]\n|-damage|p1a: Samurott|15\/100|[from] Sandstorm\n|upkeep\n|\n|t:|1700296495\n|switch|p2a: Authority|Tyrantrum, M, shiny|100\/100\n|turn|8\n|\n|t:|1700296500\n|move|p1a: Samurott|Ceaseless Edge|p2a: Authority|[miss]\n|-miss|p1a: Samurott|p2a: Authority\n|move|p2a: Authority|Aerial Ace|p1a: Samurott\n|-damage|p1a: Samurott|0 fnt\n|faint|p1a: Samurott\n|\n|-weather|Sandstorm|[upkeep]\n|upkeep\n|\n|t:|1700296507\n|switch|p1a: Great Tusk|Great Tusk|100\/100\n|turn|9\n|-message|Shovel Florentine forfeited.\n|\n|win|BeyondTrash\n|raw|BeyondTrash's rating: 1142 &rarr; <strong>1167<\/strong><br \/>(+25 for winning)\n|raw|Shovel Florentine's rating: 1136 &rarr; <strong>1111<\/strong><br \/>(-25 for losing)\n|l|\u2606Shovel Florentine\n|c|\u2606BeyondTrash|wait\n","uploadtime":1700296528,"views":15,"p1id":"beyondtrash","p2id":"shovelflorentine","formatid":"gen9nationaldex","rating":1111,"private":0,"password":""}