{"id":"gen9nationaldex-1998909876","p1":"GIovanniRamazzotti","p2":"lawrenceyu","format":"[Gen 9] National Dex","log":"|html|<div class=\"broadcast-blue\"><strong>[Gen 9] National Dex is currently suspecting Sneasler! For information on how to participate check out the <a href=\"https:\/\/www.smogon.com\/forums\/threads\/sv-national-dex-suspect-8-just-dance.3731534\/\">suspect thread<\/a>.<\/strong><\/div>\n|j|\u2606GIovanniRamazzotti\n|j|\u2606lawrenceyu\n|t:|1701011887\n|gametype|singles\n|player|p1|GIovanniRamazzotti|byron|1414\n|player|p2|lawrenceyu|1|1627\n|teamsize|p1|6\n|teamsize|p2|6\n|gen|9\n|tier|[Gen 9] National Dex\n|rated|\n|rule|HP Percentage Mod: HP is shown in percentages\n|rule|Endless Battle Clause: Forcing endless battles is banned\n|rule|OHKO Clause: OHKO moves are banned\n|rule|Evasion Clause: Evasion abilities, items, and moves are banned\n|rule|Evasion Abilities Clause: Evasion abilities are banned\n|rule|Evasion Items Clause: Evasion items are banned\n|rule|Evasion Moves Clause: Evasion moves are banned\n|rule|Species Clause: Limit one of each Pok\u00e9mon\n|rule|Sleep Clause Mod: Limit one foe put to sleep\n|clearpoke\n|poke|p1|Gardevoir, F|\n|poke|p1|Quagsire, M|\n|poke|p1|Celesteela|\n|poke|p1|Ogerpon-Cornerstone, F|\n|poke|p1|Zamazenta-*|\n|poke|p1|Zoroark-Hisui, M|\n|poke|p2|Toxapex, F|\n|poke|p2|Sirfetch\u2019d, M|\n|poke|p2|Tapu Lele|\n|poke|p2|Ferrothorn, F|\n|poke|p2|Landorus-Therian, M|\n|poke|p2|Diancie|\n|teampreview\n|inactive|Battle timer is ON: inactive players will automatically lose when time's up. (requested by lawrenceyu)\n|\n|t:|1701011900\n|start\n|switch|p1a: Quagsire|Quagsire, M|100\/100\n|switch|p2a: Sirfetch\u2019d|Sirfetch\u2019d, M|100\/100\n|turn|1\n|\n|t:|1701011913\n|move|p1a: Quagsire|Hyper Voice|p2a: Sirfetch\u2019d\n|-damage|p2a: Sirfetch\u2019d|14\/100\n|move|p2a: Sirfetch\u2019d|Leaf Blade|p1a: Quagsire\n|-crit|p1a: Quagsire\n|-damage|p1a: Quagsire|0 fnt\n|replace|p1a: Zoroark|Zoroark-Hisui, M\n|-end|p1a: Zoroark|Illusion\n|faint|p1a: Zoroark\n|\n|upkeep\n|\n|t:|1701011926\n|switch|p1a: Gardevoir|Gardevoir, F, shiny|100\/100\n|-ability|p1a: Gardevoir|Scrappy|[from] ability: Trace|[of] p2a: Sirfetch\u2019d\n|turn|2\n|\n|t:|1701011935\n|switch|p2a: Toxapex|Toxapex, F|100\/100\n|detailschange|p1a: Gardevoir|Gardevoir-Mega, F, shiny\n|-mega|p1a: Gardevoir|Gardevoir|Gardevoirite\n|move|p1a: Gardevoir|Hyper Voice|p2a: Toxapex\n|-resisted|p2a: Toxapex\n|-damage|p2a: Toxapex|73\/100\n|\n|upkeep\n|turn|3\n|\n|t:|1701011944\n|switch|p2a: Ferrothorn|Ferrothorn, F|100\/100\n|move|p1a: Gardevoir|Psychic|p2a: Ferrothorn\n|-resisted|p2a: Ferrothorn\n|-damage|p2a: Ferrothorn|81\/100\n|\n|-heal|p2a: Ferrothorn|87\/100|[from] item: Leftovers\n|upkeep\n|turn|4\n|\n|t:|1701011952\n|move|p1a: Gardevoir|Mystical Fire|p2a: Ferrothorn\n|-supereffective|p2a: Ferrothorn\n|-damage|p2a: Ferrothorn|11\/100\n|-unboost|p2a: Ferrothorn|spa|1\n|move|p2a: Ferrothorn|Gyro Ball|p1a: Gardevoir\n|-supereffective|p1a: Gardevoir\n|-damage|p1a: Gardevoir|0 fnt\n|faint|p1a: Gardevoir\n|\n|-heal|p2a: Ferrothorn|17\/100|[from] item: Leftovers\n|upkeep\n|\n|t:|1701011971\n|switch|p1a: Zamazenta|Zamazenta|100\/100\n|-ability|p1a: Zamazenta|Dauntless Shield|boost\n|-boost|p1a: Zamazenta|def|1\n|turn|5\n|\n|t:|1701011977\n|switch|p2a: Tapu Lele|Tapu Lele|100\/100\n|-fieldstart|move: Psychic Terrain|[from] ability: Psychic Surge|[of] p2a: Tapu Lele\n|move|p1a: Zamazenta|Close Combat|p2a: Tapu Lele\n|-resisted|p2a: Tapu Lele\n|-damage|p2a: Tapu Lele|66\/100\n|-unboost|p1a: Zamazenta|def|1\n|-unboost|p1a: Zamazenta|spd|1\n|\n|upkeep\n|turn|6\n|\n|t:|1701011987\n|switch|p1a: Celesteela|Celesteela, shiny|100\/100\n|move|p2a: Tapu Lele|Thunderbolt|p1a: Celesteela\n|-supereffective|p1a: Celesteela\n|-damage|p1a: Celesteela|64\/100\n|\n|-heal|p1a: Celesteela|70\/100|[from] item: Leftovers\n|upkeep\n|turn|7\n|\n|t:|1701011999\n|move|p2a: Tapu Lele|Thunderbolt|p1a: Celesteela\n|-supereffective|p1a: Celesteela\n|-damage|p1a: Celesteela|29\/100\n|-status|p1a: Celesteela|par\n|cant|p1a: Celesteela|par\n|\n|-heal|p1a: Celesteela|35\/100 par|[from] item: Leftovers\n|upkeep\n|turn|8\n|-message|GIovanniRamazzotti forfeited.\n|\n|win|lawrenceyu\n|raw|GIovanniRamazzotti's rating: 1414 &rarr; <strong>1405<\/strong><br \/>(-9 for losing)\n|raw|lawrenceyu's rating: 1627 &rarr; <strong>1636<\/strong><br \/>(+9 for winning)\n|l|\u2606GIovanniRamazzotti\n","uploadtime":1701012010,"views":2,"p1id":"giovanniramazzotti","p2id":"lawrenceyu","formatid":"gen9nationaldex","rating":1405,"private":0,"password":""}