{"id":"gen9nationaldex-1996455545","p1":"JustLikeLokix","p2":"Brick_Enjoyer_144","format":"[Gen 9] National Dex","log":"|html|<div class=\"broadcast-blue\"><strong>[Gen 9] National Dex is currently suspecting Sneasler! For information on how to participate check out the <a href=\"https:\/\/www.smogon.com\/forums\/threads\/sv-national-dex-suspect-8-just-dance.3731534\/\">suspect thread<\/a>.<\/strong><\/div>\n|j|\u2606JustLikeLokix\n|j|\u2606Brick_Enjoyer_144\n|t:|1700683691\n|gametype|singles\n|player|p1|JustLikeLokix|ingo|1244\n|player|p2|Brick_Enjoyer_144|shauntal|1161\n|teamsize|p1|6\n|teamsize|p2|6\n|gen|9\n|tier|[Gen 9] National Dex\n|rated|\n|rule|HP Percentage Mod: HP is shown in percentages\n|rule|Endless Battle Clause: Forcing endless battles is banned\n|rule|OHKO Clause: OHKO moves are banned\n|rule|Evasion Clause: Evasion abilities, items, and moves are banned\n|rule|Evasion Abilities Clause: Evasion abilities are banned\n|rule|Evasion Items Clause: Evasion items are banned\n|rule|Evasion Moves Clause: Evasion moves are banned\n|rule|Species Clause: Limit one of each Pok\u00e9mon\n|rule|Sleep Clause Mod: Limit one foe put to sleep\n|clearpoke\n|poke|p1|Zangoose, F|\n|poke|p1|Beedrill, F|\n|poke|p1|Corviknight, F|\n|poke|p1|Rotom-Wash|\n|poke|p1|Dragonite, F|\n|poke|p1|Gengar, M|\n|poke|p2|Salamence, M|\n|poke|p2|Metagross|\n|poke|p2|Delphox, F|\n|poke|p2|Ting-Lu|\n|poke|p2|Tapu Koko|\n|poke|p2|Aerodactyl, F|\n|teampreview\n|inactive|Battle timer is ON: inactive players will automatically lose when time's up. (requested by JustLikeLokix)\n|c|\u2606JustLikeLokix|glhf\n|l|\u2606Brick_Enjoyer_144\n|inactive|Brick_Enjoyer_144 disconnected and has a minute to reconnect!\n|player|p2|\n|inactive|Brick_Enjoyer_144 has 30 seconds to reconnect!\n|j|\u2606Brick_Enjoyer_144\n|inactive|Brick_Enjoyer_144 reconnected and has 110 seconds left.\n|player|p2|Brick_Enjoyer_144|shauntal\n|inactive|Brick_Enjoyer_144 also wants the timer to be on.\n|\n|t:|1700683739\n|start\n|switch|p1a: You like jazz?|Beedrill, F|100\/100\n|switch|p2a: Delphox|Delphox, F|100\/100\n|turn|1\n|inactive|JustLikeLokix has 120 seconds left.\n|\n|t:|1700683776\n|detailschange|p1a: You like jazz?|Beedrill-Mega, F\n|-mega|p1a: You like jazz?|Beedrill|Beedrillite\n|move|p1a: You like jazz?|Knock Off|p2a: Delphox\n|-supereffective|p2a: Delphox\n|-crit|p2a: Delphox\n|-enditem|p2a: Delphox|Focus Sash\n|-damage|p2a: Delphox|1\/100\n|move|p2a: Delphox|Nasty Plot|p2a: Delphox\n|-boost|p2a: Delphox|spa|2\n|\n|upkeep\n|turn|2\n|\n|t:|1700683783\n|move|p1a: You like jazz?|U-turn|p2a: Delphox\n|-damage|p2a: Delphox|0 fnt\n|faint|p2a: Delphox\n|\n|t:|1700683789\n|switch|p1a: Shi|Zangoose, F, shiny|100\/100|[from] U-turn\n|\n|-status|p1a: Shi|tox|[from] item: Toxic Orb\n|upkeep\n|\n|t:|1700683799\n|switch|p2a: Ting-Lu|Ting-Lu|100\/100\n|-ability|p2a: Ting-Lu|Vessel of Ruin\n|turn|3\n|\n|t:|1700683808\n|move|p1a: Shi|Close Combat|p2a: Ting-Lu\n|-supereffective|p2a: Ting-Lu\n|-damage|p2a: Ting-Lu|34\/100\n|-unboost|p1a: Shi|def|1\n|-unboost|p1a: Shi|spd|1\n|move|p2a: Ting-Lu|Body Press|p1a: Shi\n|-supereffective|p1a: Shi\n|-damage|p1a: Shi|0 fnt\n|faint|p1a: Shi\n|\n|upkeep\n|\n|t:|1700683814\n|switch|p1a: You like jazz?|Beedrill-Mega, F|100\/100\n|turn|4\n|\n|t:|1700683827\n|switch|p2a: Tapu Koko|Tapu Koko|100\/100\n|-fieldstart|move: Electric Terrain|[from] ability: Electric Surge|[of] p2a: Tapu Koko\n|move|p1a: You like jazz?|U-turn|p2a: Tapu Koko\n|-resisted|p2a: Tapu Koko\n|-damage|p2a: Tapu Koko|71\/100\n|\n|t:|1700683846\n|switch|p1a: PK Hex|Gengar, M|100\/100|[from] U-turn\n|\n|upkeep\n|turn|5\n|\n|t:|1700683852\n|move|p2a: Tapu Koko|Volt Switch|p1a: PK Hex\n|-damage|p1a: PK Hex|53\/100\n|\n|t:|1700683857\n|switch|p2a: Metagross|Metagross|100\/100|[from] Volt Switch\n|move|p1a: PK Hex|Sludge Bomb|p2a: Metagross\n|-immune|p2a: Metagross\n|\n|upkeep\n|turn|6\n|\n|t:|1700683865\n|move|p1a: PK Hex|Shadow Ball|p2a: Metagross\n|-supereffective|p2a: Metagross\n|-damage|p2a: Metagross|0 fnt\n|faint|p2a: Metagross\n|\n|upkeep\n|\n|t:|1700683879\n|switch|p2a: Tapu Koko|Tapu Koko|71\/100\n|turn|7\n|\n|t:|1700683888\n|switch|p1a: You like jazz?|Beedrill-Mega, F|100\/100\n|move|p2a: Tapu Koko|Volt Switch|p1a: You like jazz?\n|-damage|p1a: You like jazz?|57\/100\n|\n|t:|1700683898\n|switch|p2a: Salamence|Salamence, M|100\/100|[from] Volt Switch\n|\n|upkeep\n|turn|8\n|\n|t:|1700683903\n|move|p1a: You like jazz?|U-turn|p2a: Salamence\n|-resisted|p2a: Salamence\n|-damage|p2a: Salamence|66\/100\n|\n|t:|1700683907\n|switch|p1a: I Dunno|Dragonite, F|100\/100|[from] U-turn\n|move|p2a: Salamence|Dragon Dance|p2a: Salamence\n|-boost|p2a: Salamence|atk|1\n|-boost|p2a: Salamence|spe|1\n|\n|upkeep\n|turn|9\n|\n|t:|1700683917\n|move|p2a: Salamence|Iron Head|p1a: I Dunno\n|-damage|p1a: I Dunno|80\/100\n|cant|p1a: I Dunno|flinch\n|\n|upkeep\n|turn|10\n|\n|t:|1700683921\n|move|p2a: Salamence|Iron Head|p1a: I Dunno\n|-damage|p1a: I Dunno|38\/100\n|move|p1a: I Dunno|Rock Slide|p2a: Salamence\n|-supereffective|p2a: Salamence\n|-damage|p2a: Salamence|0 fnt\n|faint|p2a: Salamence\n|\n|upkeep\n|\n|t:|1700683936\n|switch|p2a: Ting-Lu|Ting-Lu|34\/100\n|-ability|p2a: Ting-Lu|Vessel of Ruin\n|turn|11\n|\n|t:|1700683942\n|move|p1a: I Dunno|Dual Wingbeat|p2a: Ting-Lu\n|-damage|p2a: Ting-Lu|20\/100\n|-damage|p2a: Ting-Lu|7\/100\n|-hitcount|p2a: Ting-Lu|2\n|move|p2a: Ting-Lu|Throat Chop|p1a: I Dunno\n|-damage|p1a: I Dunno|2\/100\n|-start|p1a: I Dunno|Throat Chop|[silent]\n|\n|-fieldend|move: Electric Terrain\n|upkeep\n|turn|12\n|\n|t:|1700683952\n|move|p1a: I Dunno|Extreme Speed|p2a: Ting-Lu\n|-damage|p2a: Ting-Lu|0 fnt\n|faint|p2a: Ting-Lu\n|\n|-end|p1a: I Dunno|Throat Chop|[silent]\n|upkeep\n|\n|t:|1700683957\n|switch|p2a: Tapu Koko|Tapu Koko|71\/100\n|-fieldstart|move: Electric Terrain|[from] ability: Electric Surge|[of] p2a: Tapu Koko\n|turn|13\n|\n|t:|1700683965\n|move|p1a: I Dunno|Extreme Speed|p2a: Tapu Koko\n|-damage|p2a: Tapu Koko|37\/100\n|move|p2a: Tapu Koko|Volt Switch|p1a: I Dunno\n|-damage|p1a: I Dunno|0 fnt\n|faint|p1a: I Dunno\n|\n|t:|1700683972\n|switch|p2a: Aerodactyl|Aerodactyl, F|100\/100|[from] Volt Switch\n|-ability|p2a: Aerodactyl|Unnerve\n|\n|upkeep\n|\n|t:|1700683978\n|switch|p1a: Dish Washer 2000|Rotom-Wash|100\/100\n|turn|14\n|\n|t:|1700683990\n|detailschange|p2a: Aerodactyl|Aerodactyl-Mega, F\n|-mega|p2a: Aerodactyl|Aerodactyl|Aerodactylite\n|move|p2a: Aerodactyl|Stone Edge|p1a: Dish Washer 2000|[miss]\n|-miss|p2a: Aerodactyl|p1a: Dish Washer 2000\n|move|p1a: Dish Washer 2000|Hydro Pump|p2a: Aerodactyl|[miss]\n|-miss|p1a: Dish Washer 2000|p2a: Aerodactyl\n|\n|upkeep\n|turn|15\n|\n|t:|1700683998\n|move|p2a: Aerodactyl|Stone Edge|p1a: Dish Washer 2000\n|-damage|p1a: Dish Washer 2000|24\/100\n|-enditem|p1a: Dish Washer 2000|Aguav Berry|[eat]\n|-heal|p1a: Dish Washer 2000|57\/100|[from] item: Aguav Berry\n|move|p1a: Dish Washer 2000|Discharge|p2a: Aerodactyl\n|-supereffective|p2a: Aerodactyl\n|-damage|p2a: Aerodactyl|16\/100\n|\n|upkeep\n|turn|16\n|\n|t:|1700684006\n|move|p2a: Aerodactyl|Stone Edge|p1a: Dish Washer 2000\n|-damage|p1a: Dish Washer 2000|0 fnt\n|faint|p1a: Dish Washer 2000\n|\n|upkeep\n|\n|t:|1700684011\n|switch|p1a: Nix|Corviknight, F|100\/100\n|turn|17\n|\n|t:|1700684039\n|move|p2a: Aerodactyl|Stone Edge|p1a: Nix\n|-damage|p1a: Nix|67\/100\n|move|p1a: Nix|Body Press|p2a: Aerodactyl\n|-damage|p2a: Aerodactyl|0 fnt\n|faint|p2a: Aerodactyl\n|\n|upkeep\n|\n|t:|1700684047\n|switch|p2a: Tapu Koko|Tapu Koko|37\/100\n|turn|18\n|\n|t:|1700684051\n|move|p2a: Tapu Koko|Volt Switch|p1a: Nix\n|-supereffective|p1a: Nix\n|-damage|p1a: Nix|4\/100\n|move|p1a: Nix|Body Press|p2a: Tapu Koko\n|-resisted|p2a: Tapu Koko\n|-damage|p2a: Tapu Koko|23\/100\n|\n|upkeep\n|turn|19\n|l|\u2606Brick_Enjoyer_144\n|inactive|Brick_Enjoyer_144 disconnected and has a minute to reconnect!\n|player|p2|\n|j|\u2606Brick_Enjoyer_144\n|inactive|Brick_Enjoyer_144 reconnected and has 120 seconds left.\n|player|p2|Brick_Enjoyer_144|shauntal\n|\n|t:|1700684084\n|move|p2a: Tapu Koko|Volt Switch|p1a: Nix\n|-supereffective|p1a: Nix\n|-damage|p1a: Nix|0 fnt\n|faint|p1a: Nix\n|\n|upkeep\n|\n|t:|1700684094\n|switch|p1a: You like jazz?|Beedrill-Mega, F|57\/100\n|turn|20\n|\n|t:|1700684098\n|move|p1a: You like jazz?|Poison Jab|p2a: Tapu Koko\n|-supereffective|p2a: Tapu Koko\n|-damage|p2a: Tapu Koko|0 fnt\n|faint|p2a: Tapu Koko\n|\n|win|JustLikeLokix\n|raw|JustLikeLokix's rating: 1244 &rarr; <strong>1263<\/strong><br \/>(+19 for winning)\n|raw|Brick_Enjoyer_144's rating: 1161 &rarr; <strong>1142<\/strong><br \/>(-19 for losing)\n|c|\u2606JustLikeLokix|gg\n|l|\u2606JustLikeLokix\n","uploadtime":1700684105,"views":1,"p1id":"justlikelokix","p2id":"brickenjoyer144","formatid":"gen9nationaldex","rating":1142,"private":0,"password":""}