{"id":"gen9nationaldex-1995978522","p1":"masterash","p2":"gulpin on ya","format":"[Gen 9] National Dex","log":"|html|<div class=\"broadcast-blue\"><strong>[Gen 9] National Dex is currently suspecting Sneasler! For information on how to participate check out the <a href=\"https:\/\/www.smogon.com\/forums\/threads\/sv-national-dex-suspect-8-just-dance.3731534\/\">suspect thread<\/a>.<\/strong><\/div>\n|j|\u2606masterash\n|j|\u203dgulpin on ya\n|t:|1700624569\n|gametype|singles\n|player|p1|masterash|hilbert|1085\n|player|p2|gulpin on ya|pokekid|1191\n|teamsize|p1|6\n|teamsize|p2|6\n|gen|9\n|tier|[Gen 9] National Dex\n|rated|\n|rule|HP Percentage Mod: HP is shown in percentages\n|rule|Endless Battle Clause: Forcing endless battles is banned\n|rule|OHKO Clause: OHKO moves are banned\n|rule|Evasion Clause: Evasion abilities, items, and moves are banned\n|rule|Evasion Abilities Clause: Evasion abilities are banned\n|rule|Evasion Items Clause: Evasion items are banned\n|rule|Evasion Moves Clause: Evasion moves are banned\n|rule|Species Clause: Limit one of each Pok\u00e9mon\n|rule|Sleep Clause Mod: Limit one foe put to sleep\n|clearpoke\n|poke|p1|Delphox, F|\n|poke|p1|Pangoro, M|\n|poke|p1|Sylveon, F|\n|poke|p1|Klefki, F|\n|poke|p1|Sharpedo, F|\n|poke|p1|Mawile, F|\n|poke|p2|Beedrill, F|\n|poke|p2|Blacephalon|\n|poke|p2|Hydreigon, M|\n|poke|p2|Swampert, F|\n|poke|p2|Gliscor, M|\n|poke|p2|Latias, F|\n|teampreview\n|\n|t:|1700624608\n|start\n|switch|p1a: Princess|Sharpedo, F|100\/100\n|switch|p2a: Hydreigon|Hydreigon, M|100\/100\n|turn|1\n|inactive|Battle timer is ON: inactive players will automatically lose when time's up. (requested by gulpin on ya)\n|\n|t:|1700624619\n|switch|p1a: Mab|Sylveon, F|100\/100\n|move|p2a: Hydreigon|Nasty Plot|p2a: Hydreigon\n|-boost|p2a: Hydreigon|spa|2\n|\n|upkeep\n|turn|2\n|\n|t:|1700624624\n|-terastallize|p2a: Hydreigon|Steel\n|move|p2a: Hydreigon|Flash Cannon|p1a: Mab\n|-supereffective|p1a: Mab\n|-damage|p1a: Mab|11\/100\n|move|p1a: Mab|Hyper Voice|p2a: Hydreigon\n|-resisted|p2a: Hydreigon\n|-damage|p2a: Hydreigon|79\/100\n|\n|-heal|p2a: Hydreigon|85\/100|[from] item: Leftovers\n|-heal|p1a: Mab|17\/100|[from] item: Leftovers\n|upkeep\n|turn|3\n|\n|t:|1700624634\n|move|p1a: Mab|Protect|p1a: Mab\n|-singleturn|p1a: Mab|Protect\n|move|p2a: Hydreigon|Nasty Plot|p2a: Hydreigon\n|-boost|p2a: Hydreigon|spa|2\n|\n|-heal|p2a: Hydreigon|92\/100|[from] item: Leftovers\n|-heal|p1a: Mab|23\/100|[from] item: Leftovers\n|upkeep\n|turn|4\n|\n|t:|1700624645\n|switch|p1a: Hasha|Delphox, F|100\/100\n|move|p2a: Hydreigon|Nasty Plot|p2a: Hydreigon\n|-boost|p2a: Hydreigon|spa|2\n|\n|-heal|p2a: Hydreigon|98\/100|[from] item: Leftovers\n|upkeep\n|turn|5\n|\n|t:|1700624653\n|move|p1a: Hasha|Flamethrower|p2a: Hydreigon\n|-supereffective|p2a: Hydreigon\n|-damage|p2a: Hydreigon|0 fnt\n|faint|p2a: Hydreigon\n|\n|upkeep\n|inactive|gulpin on ya has 120 seconds left.\n|\n|t:|1700624684\n|switch|p2a: Swampert|Swampert, F, shiny|100\/100\n|turn|6\n|\n|t:|1700624698\n|-terastallize|p1a: Hasha|Grass\n|move|p1a: Hasha|Tera Blast|p2a: Swampert|[anim] Tera Blast Grass\n|-supereffective|p2a: Swampert\n|-damage|p2a: Swampert|2\/100\n|move|p2a: Swampert|Toxic|p1a: Hasha\n|-status|p1a: Hasha|tox\n|\n|-heal|p2a: Swampert|9\/100|[from] item: Leftovers\n|-damage|p1a: Hasha|94\/100 tox|[from] psn\n|upkeep\n|turn|7\n|\n|t:|1700624712\n|move|p1a: Hasha|Psyshock|p2a: Swampert\n|-damage|p2a: Swampert|0 fnt\n|faint|p2a: Swampert\n|\n|-damage|p1a: Hasha|82\/100 tox|[from] psn\n|upkeep\n|\n|t:|1700624718\n|switch|p2a: Blacephalon|Blacephalon, shiny|100\/100\n|turn|8\n|\n|t:|1700624733\n|switch|p1a: Princess|Sharpedo, F|100\/100\n|move|p2a: Blacephalon|Overheat|p1a: Princess\n|-resisted|p1a: Princess\n|-damage|p1a: Princess|0 fnt\n|-unboost|p2a: Blacephalon|spa|2\n|faint|p1a: Princess\n|-ability|p2a: Blacephalon|Beast Boost|boost\n|-boost|p2a: Blacephalon|spa|1\n|\n|upkeep\n|\n|t:|1700624754\n|switch|p1a: Zuko|Pangoro, M|100\/100\n|turn|9\n|\n|t:|1700624765\n|move|p2a: Blacephalon|Overheat|p1a: Zuko\n|-damage|p1a: Zuko|19\/100\n|-unboost|p2a: Blacephalon|spa|2\n|move|p1a: Zuko|Knock Off|p2a: Blacephalon\n|-supereffective|p2a: Blacephalon\n|-crit|p2a: Blacephalon\n|-damage|p2a: Blacephalon|0 fnt\n|-enditem|p2a: Blacephalon|Choice Specs|[from] move: Knock Off|[of] p1a: Zuko\n|faint|p2a: Blacephalon\n|\n|upkeep\n|\n|t:|1700624778\n|switch|p2a: Latias|Latias, F, shiny|100\/100\n|turn|10\n|\n|t:|1700624785\n|move|p2a: Latias|Aura Sphere|p1a: Zuko\n|-supereffective|p1a: Zuko\n|-damage|p1a: Zuko|0 fnt\n|faint|p1a: Zuko\n|\n|upkeep\n|\n|t:|1700624799\n|switch|p1a: Mab|Sylveon, F|23\/100\n|turn|11\n|\n|t:|1700624807\n|move|p1a: Mab|Protect|p1a: Mab\n|-singleturn|p1a: Mab|Protect\n|move|p2a: Latias|Aura Sphere|p1a: Mab\n|-activate|p1a: Mab|move: Protect\n|\n|-heal|p1a: Mab|29\/100|[from] item: Leftovers\n|upkeep\n|turn|12\n|\n|t:|1700624814\n|move|p2a: Latias|Aura Sphere|p1a: Mab\n|-resisted|p1a: Mab\n|-damage|p1a: Mab|22\/100\n|move|p1a: Mab|Wish|p1a: Mab\n|\n|-heal|p1a: Mab|28\/100|[from] item: Leftovers\n|upkeep\n|turn|13\n|\n|t:|1700624828\n|switch|p2a: Beedrill|Beedrill, F, shiny|100\/100\n|move|p1a: Mab|Hyper Voice|p2a: Beedrill\n|-resisted|p2a: Beedrill\n|-damage|p2a: Beedrill|72\/100\n|\n|-heal|p1a: Mab|78\/100|[from] move: Wish|[wisher] Mab\n|-heal|p1a: Mab|84\/100|[from] item: Leftovers\n|upkeep\n|turn|14\n|\n|t:|1700624837\n|switch|p1a: Amaryllis|Mawile, F|100\/100\n|-ability|p1a: Amaryllis|Intimidate|boost\n|-unboost|p2a: Beedrill|atk|1\n|detailschange|p2a: Beedrill|Beedrill-Mega, F, shiny\n|-mega|p2a: Beedrill|Beedrill|Beedrillite\n|move|p2a: Beedrill|Poison Jab|p1a: Amaryllis\n|-immune|p1a: Amaryllis\n|\n|upkeep\n|turn|15\n|\n|t:|1700624846\n|detailschange|p1a: Amaryllis|Mawile-Mega, F\n|-mega|p1a: Amaryllis|Mawile|Mawilite\n|move|p2a: Beedrill|Drill Run|p1a: Amaryllis\n|-supereffective|p1a: Amaryllis\n|-damage|p1a: Amaryllis|53\/100\n|move|p1a: Amaryllis|Fire Fang|p2a: Beedrill\n|-supereffective|p2a: Beedrill\n|-damage|p2a: Beedrill|0 fnt\n|faint|p2a: Beedrill\n|\n|upkeep\n|\n|t:|1700624854\n|switch|p2a: Gliscor|Gliscor, M|100\/100\n|turn|16\n|\n|t:|1700624874\n|move|p2a: Gliscor|Earthquake|p1a: Amaryllis\n|-supereffective|p1a: Amaryllis\n|-damage|p1a: Amaryllis|0 fnt\n|faint|p1a: Amaryllis\n|\n|-status|p2a: Gliscor|tox|[from] item: Toxic Orb\n|upkeep\n|inactive|masterash has 120 seconds left.\n|\n|t:|1700624895\n|switch|p1a: Mab|Sylveon, F|84\/100\n|turn|17\n|\n|t:|1700624900\n|move|p2a: Gliscor|Earthquake|p1a: Mab\n|-damage|p1a: Mab|43\/100\n|move|p1a: Mab|Hyper Voice|p2a: Gliscor\n|-damage|p2a: Gliscor|54\/100 tox\n|\n|-heal|p1a: Mab|49\/100|[from] item: Leftovers\n|-heal|p2a: Gliscor|66\/100 tox|[from] ability: Poison Heal\n|upkeep\n|turn|18\n|\n|t:|1700624913\n|move|p2a: Gliscor|Earthquake|p1a: Mab\n|-damage|p1a: Mab|8\/100\n|move|p1a: Mab|Hyper Voice|p2a: Gliscor\n|-damage|p2a: Gliscor|12\/100 tox\n|\n|-heal|p1a: Mab|14\/100|[from] item: Leftovers\n|-heal|p2a: Gliscor|25\/100 tox|[from] ability: Poison Heal\n|upkeep\n|turn|19\n|\n|t:|1700624935\n|move|p2a: Gliscor|Roost|p2a: Gliscor\n|-heal|p2a: Gliscor|75\/100 tox\n|-singleturn|p2a: Gliscor|move: Roost\n|move|p1a: Mab|Hyper Voice|p2a: Gliscor\n|-damage|p2a: Gliscor|28\/100 tox\n|\n|-heal|p1a: Mab|20\/100|[from] item: Leftovers\n|-heal|p2a: Gliscor|41\/100 tox|[from] ability: Poison Heal\n|upkeep\n|turn|20\n|inactive|masterash has 120 seconds left.\n|inactive|masterash has 90 seconds left.\n|\n|t:|1700624990\n|move|p2a: Gliscor|Earthquake|p1a: Mab\n|-damage|p1a: Mab|0 fnt\n|faint|p1a: Mab\n|\n|-heal|p2a: Gliscor|53\/100 tox|[from] ability: Poison Heal\n|upkeep\n|\n|t:|1700624999\n|switch|p1a: Hasha|Delphox, F, tera:Grass|82\/100 tox\n|turn|21\n|inactive|masterash has 90 seconds left.\n|\n|t:|1700625004\n|move|p1a: Hasha|Overheat|p2a: Gliscor\n|-crit|p2a: Gliscor\n|-damage|p2a: Gliscor|0 fnt\n|-unboost|p1a: Hasha|spa|2\n|-enditem|p1a: Hasha|White Herb\n|-clearnegativeboost|p1a: Hasha|[silent]\n|faint|p2a: Gliscor\n|\n|-damage|p1a: Hasha|76\/100 tox|[from] psn\n|upkeep\n|\n|t:|1700625010\n|switch|p2a: Latias|Latias, F, shiny|100\/100\n|turn|22\n|\n|t:|1700625019\n|move|p2a: Latias|Aura Sphere|p1a: Hasha\n|-damage|p1a: Hasha|48\/100 tox\n|move|p1a: Hasha|Flamethrower|p2a: Latias\n|-resisted|p2a: Latias\n|-damage|p2a: Latias|83\/100\n|-item|p1a: Hasha|Choice Scarf|[from] ability: Magician|[of] p2a: Latias\n|\n|-damage|p1a: Hasha|36\/100 tox|[from] psn\n|upkeep\n|turn|23\n|\n|t:|1700625036\n|move|p1a: Hasha|Flamethrower|p2a: Latias\n|-resisted|p2a: Latias\n|-damage|p2a: Latias|63\/100\n|move|p2a: Latias|Aura Sphere|p1a: Hasha\n|-damage|p1a: Hasha|8\/100 tox\n|\n|-damage|p1a: Hasha|0 fnt|[from] psn\n|faint|p1a: Hasha\n|upkeep\n|\n|t:|1700625043\n|switch|p1a: KeeKee|Klefki, F|100\/100\n|turn|24\n|\n|t:|1700625058\n|move|p2a: Latias|Aura Sphere|p1a: KeeKee\n|-damage|p1a: KeeKee|71\/100\n|move|p1a: KeeKee|Foul Play|p2a: Latias\n|-supereffective|p2a: Latias\n|-damage|p2a: Latias|31\/100\n|\n|upkeep\n|turn|25\n|\n|t:|1700625073\n|move|p2a: Latias|Aura Sphere|p1a: KeeKee\n|-damage|p1a: KeeKee|42\/100\n|move|p1a: KeeKee|Foul Play|p2a: Latias\n|-supereffective|p2a: Latias\n|-damage|p2a: Latias|0 fnt\n|faint|p2a: Latias\n|\n|win|masterash\n|raw|masterash's rating: 1085 &rarr; <strong>1120<\/strong><br \/>(+35 for winning)\n|raw|gulpin on ya's rating: 1191 &rarr; <strong>1159<\/strong><br \/>(-32 for losing)\n|l|\u203dgulpin on ya\n|c|\u2606masterash|GG\n","uploadtime":1700625082,"views":1,"p1id":"masterash","p2id":"gulpinonya","formatid":"gen9nationaldex","rating":1120,"private":0,"password":""}