{"id":"gen9nationaldex-1994780022","p1":"traisean","p2":"as cheu","format":"[Gen 9] National Dex","log":"|html|<div class=\"broadcast-blue\"><strong>[Gen 9] National Dex is currently suspecting Sneasler! For information on how to participate check out the <a href=\"https:\/\/www.smogon.com\/forums\/threads\/sv-national-dex-suspect-8-just-dance.3731534\/\">suspect thread<\/a>.<\/strong><\/div>\n|j|\u203dtraisean\n|j|\u2606as cheu\n|t:|1700492018\n|gametype|singles\n|player|p1|traisean|ethan|1551\n|player|p2|as cheu|officeworker|1835\n|teamsize|p1|6\n|teamsize|p2|6\n|gen|9\n|tier|[Gen 9] National Dex\n|rated|\n|rule|HP Percentage Mod: HP is shown in percentages\n|rule|Endless Battle Clause: Forcing endless battles is banned\n|rule|OHKO Clause: OHKO moves are banned\n|rule|Evasion Clause: Evasion abilities, items, and moves are banned\n|rule|Evasion Abilities Clause: Evasion abilities are banned\n|rule|Evasion Items Clause: Evasion items are banned\n|rule|Evasion Moves Clause: Evasion moves are banned\n|rule|Species Clause: Limit one of each Pok\u00e9mon\n|rule|Sleep Clause Mod: Limit one foe put to sleep\n|clearpoke\n|poke|p1|Pelipper, F|\n|poke|p1|Barraskewda, F|\n|poke|p1|Swampert, M|\n|poke|p1|Ferrothorn, M|\n|poke|p1|Thundurus-Therian, M|\n|poke|p1|Greninja-*, M|\n|poke|p2|Steelix, M|\n|poke|p2|Hatterene, F|\n|poke|p2|Greninja-*, M|\n|poke|p2|Marowak-Alola, M|\n|poke|p2|Medicham, F|\n|poke|p2|Salamence, M|\n|teampreview\n|inactive|Battle timer is ON: inactive players will automatically lose when time's up. (requested by traisean)\n|inactive|as cheu has 120 seconds left.\n|\n|t:|1700492050\n|start\n|switch|p1a: Barraskewda|Barraskewda, F|100\/100\n|switch|p2a: Hatterene|Hatterene, F|100\/100\n|turn|1\n|\n|t:|1700492053\n|-terastallize|p1a: Barraskewda|Water\n|move|p1a: Barraskewda|Liquidation|p2a: Hatterene\n|-damage|p2a: Hatterene|4\/100\n|-unboost|p2a: Hatterene|def|1\n|move|p2a: Hatterene|Nuzzle|p1a: Barraskewda\n|-supereffective|p1a: Barraskewda\n|-damage|p1a: Barraskewda|87\/100\n|-status|p1a: Barraskewda|par\n|\n|upkeep\n|turn|2\n|\n|t:|1700492064\n|move|p1a: Barraskewda|Liquidation|p2a: Hatterene\n|-damage|p2a: Hatterene|0 fnt\n|faint|p2a: Hatterene\n|\n|upkeep\n|\n|t:|1700492066\n|switch|p2a: Medicham|Medicham, F|100\/100\n|turn|3\n|\n|t:|1700492070\n|switch|p1a: Ferrothorn|Ferrothorn, M|100\/100\n|detailschange|p2a: Medicham|Medicham-Mega, F\n|-mega|p2a: Medicham|Medicham|Medichamite\n|move|p2a: Medicham|Zen Headbutt|p1a: Ferrothorn|[miss]\n|-miss|p2a: Medicham|p1a: Ferrothorn\n|\n|upkeep\n|turn|4\n|\n|t:|1700492075\n|move|p2a: Medicham|Close Combat|p1a: Ferrothorn\n|-supereffective|p1a: Ferrothorn\n|-damage|p1a: Ferrothorn|0 fnt\n|-unboost|p2a: Medicham|def|1\n|-unboost|p2a: Medicham|spd|1\n|-damage|p2a: Medicham|88\/100|[from] ability: Iron Barbs|[of] p1a: Ferrothorn\n|faint|p1a: Ferrothorn\n|\n|upkeep\n|\n|t:|1700492078\n|switch|p1a: Pelipper|Pelipper, F|100\/100\n|-weather|RainDance|[from] ability: Drizzle|[of] p1a: Pelipper\n|turn|5\n|\n|t:|1700492081\n|move|p2a: Medicham|Zen Headbutt|p1a: Pelipper|[miss]\n|-miss|p2a: Medicham|p1a: Pelipper\n|move|p1a: Pelipper|Scald|p2a: Medicham\n|-damage|p2a: Medicham|5\/100\n|\n|-weather|RainDance|[upkeep]\n|upkeep\n|turn|6\n|\n|t:|1700492089\n|switch|p2a: Greninja|Greninja, M|100\/100\n|move|p1a: Pelipper|U-turn|p2a: Greninja\n|-supereffective|p2a: Greninja\n|-damage|p2a: Greninja|71\/100\n|\n|t:|1700492092\n|switch|p1a: Swampert|Swampert, M|100\/100|[from] U-turn\n|\n|-weather|RainDance|[upkeep]\n|upkeep\n|turn|7\n|\n|t:|1700492095\n|detailschange|p1a: Swampert|Swampert-Mega, M\n|-mega|p1a: Swampert|Swampert|Swampertite\n|move|p2a: Greninja|Grass Knot|p1a: Swampert\n|-start|p2a: Greninja|typechange|Grass|[from] ability: Protean\n|-supereffective|p1a: Swampert\n|-damage|p1a: Swampert|0 fnt\n|faint|p1a: Swampert\n|\n|-weather|RainDance|[upkeep]\n|upkeep\n|\n|t:|1700492099\n|switch|p1a: Thundurus|Thundurus-Therian, M|100\/100\n|turn|8\n|\n|t:|1700492104\n|switch|p2a: \u963f\u83ca|Steelix, M|100\/100\n|move|p1a: Thundurus|Hidden Power|p2a: \u963f\u83ca\n|-damage|p2a: \u963f\u83ca|72\/100\n|-damage|p1a: Thundurus|91\/100|[from] item: Life Orb\n|\n|-weather|RainDance|[upkeep]\n|upkeep\n|turn|9\n|\n|t:|1700492111\n|move|p1a: Thundurus|Focus Blast|p2a: \u963f\u83ca\n|-supereffective|p2a: \u963f\u83ca\n|-damage|p2a: \u963f\u83ca|0 fnt\n|faint|p2a: \u963f\u83ca\n|-damage|p1a: Thundurus|81\/100|[from] item: Life Orb\n|\n|-weather|RainDance|[upkeep]\n|upkeep\n|\n|t:|1700492115\n|switch|p2a: Medicham|Medicham-Mega, F|5\/100\n|turn|10\n|\n|t:|1700492119\n|switch|p1a: Barraskewda|Barraskewda, F, tera:Water|87\/100 par\n|move|p2a: Medicham|Fake Out|p1a: Barraskewda\n|-damage|p1a: Barraskewda|35\/100 par\n|\n|-weather|RainDance|[upkeep]\n|upkeep\n|turn|11\n|\n|t:|1700492125\n|move|p2a: Medicham|Bullet Punch|p1a: Barraskewda\n|-resisted|p1a: Barraskewda\n|-damage|p1a: Barraskewda|10\/100 par\n|cant|p1a: Barraskewda|par\n|\n|-weather|RainDance|[upkeep]\n|upkeep\n|turn|12\n|\n|t:|1700492130\n|move|p2a: Medicham|Bullet Punch|p1a: Barraskewda\n|-resisted|p1a: Barraskewda\n|-damage|p1a: Barraskewda|0 fnt\n|faint|p1a: Barraskewda\n|\n|-weather|none\n|upkeep\n|\n|t:|1700492132\n|switch|p1a: Greninja|Greninja, M|100\/100\n|turn|13\n|\n|t:|1700492138\n|switch|p2a: Greninja|Greninja, M|71\/100\n|move|p1a: Greninja|Ice Beam|p2a: Greninja\n|-resisted|p2a: Greninja\n|-damage|p2a: Greninja|37\/100\n|\n|upkeep\n|turn|14\n|\n|t:|1700492142\n|switch|p1a: Pelipper|Pelipper, F|100\/100\n|-weather|RainDance|[from] ability: Drizzle|[of] p1a: Pelipper\n|move|p2a: Greninja|Ice Beam|p1a: Pelipper\n|-start|p2a: Greninja|typechange|Ice|[from] ability: Protean\n|-damage|p1a: Pelipper|43\/100\n|-status|p1a: Pelipper|frz\n|\n|-weather|RainDance|[upkeep]\n|upkeep\n|turn|15\n|\n|t:|1700492145\n|move|p2a: Greninja|Ice Beam|p1a: Pelipper\n|-damage|p1a: Pelipper|0 fnt\n|faint|p1a: Pelipper\n|\n|-weather|RainDance|[upkeep]\n|upkeep\n|\n|t:|1700492147\n|switch|p1a: Greninja|Greninja, M|100\/100\n|turn|16\n|\n|t:|1700492149\n|switch|p2a: \u5c0f\u5c0f\u560e\u5566|Marowak-Alola, M|100\/100\n|move|p1a: Greninja|Dark Pulse|p2a: \u5c0f\u5c0f\u560e\u5566\n|-supereffective|p2a: \u5c0f\u5c0f\u560e\u5566\n|-damage|p2a: \u5c0f\u5c0f\u560e\u5566|0 fnt\n|faint|p2a: \u5c0f\u5c0f\u560e\u5566\n|-ability|p1a: Greninja|Battle Bond|boost\n|-boost|p1a: Greninja|atk|1\n|-boost|p1a: Greninja|spa|1\n|-boost|p1a: Greninja|spe|1\n|-activate|p1a: Greninja|ability: Battle Bond\n|\n|-weather|RainDance|[upkeep]\n|upkeep\n|\n|t:|1700492154\n|switch|p2a: Medicham|Medicham-Mega, F|5\/100\n|turn|17\n|\n|t:|1700492157\n|move|p2a: Medicham|Fake Out|p1a: Greninja\n|-damage|p1a: Greninja|59\/100\n|cant|p1a: Greninja|flinch\n|\n|-weather|RainDance|[upkeep]\n|upkeep\n|turn|18\n|\n|t:|1700492161\n|switch|p2a: Greninja|Greninja, M|37\/100\n|move|p1a: Greninja|Dark Pulse|p2a: Greninja\n|-resisted|p2a: Greninja\n|-damage|p2a: Greninja|0 fnt\n|faint|p2a: Greninja\n|\n|-weather|RainDance|[upkeep]\n|upkeep\n|\n|t:|1700492166\n|switch|p2a: Medicham|Medicham-Mega, F|5\/100\n|turn|19\n|\n|t:|1700492167\n|move|p2a: Medicham|Fake Out|p1a: Greninja\n|-damage|p1a: Greninja|20\/100\n|cant|p1a: Greninja|flinch\n|\n|-weather|RainDance|[upkeep]\n|upkeep\n|turn|20\n|\n|t:|1700492174\n|move|p2a: Medicham|Bullet Punch|p1a: Greninja\n|-resisted|p1a: Greninja\n|-damage|p1a: Greninja|0 fnt\n|faint|p1a: Greninja\n|\n|-weather|RainDance|[upkeep]\n|upkeep\n|\n|t:|1700492176\n|switch|p1a: Thundurus|Thundurus-Therian, M|81\/100\n|turn|21\n|\n|t:|1700492178\n|move|p1a: Thundurus|Hidden Power|p2a: Medicham\n|-damage|p2a: Medicham|0 fnt\n|faint|p2a: Medicham\n|-damage|p1a: Thundurus|71\/100|[from] item: Life Orb\n|\n|-weather|none\n|upkeep\n|\n|t:|1700492181\n|switch|p2a: \u8840\u7ffc\u98de\u9f99|Salamence, M|100\/100\n|turn|22\n|\n|t:|1700492183\n|-terastallize|p2a: \u8840\u7ffc\u98de\u9f99|Normal\n|move|p1a: Thundurus|Hidden Power|p2a: \u8840\u7ffc\u98de\u9f99\n|-damage|p2a: \u8840\u7ffc\u98de\u9f99|67\/100\n|-damage|p1a: Thundurus|62\/100|[from] item: Life Orb\n|move|p2a: \u8840\u7ffc\u98de\u9f99|Dragon Dance|p2a: \u8840\u7ffc\u98de\u9f99\n|-boost|p2a: \u8840\u7ffc\u98de\u9f99|atk|1\n|-boost|p2a: \u8840\u7ffc\u98de\u9f99|spe|1\n|\n|upkeep\n|turn|23\n|\n|t:|1700492190\n|move|p2a: \u8840\u7ffc\u98de\u9f99|Return|p1a: Thundurus\n|-damage|p1a: Thundurus|0 fnt\n|faint|p1a: Thundurus\n|\n|win|as cheu\n|raw|traisean's rating: 1551 &rarr; <strong>1544<\/strong><br \/>(-7 for losing)\n|raw|as cheu's rating: 1835 &rarr; <strong>1842<\/strong><br \/>(+7 for winning)\n|l|\u203dtraisean\n","uploadtime":1700492197,"views":3,"p1id":"traisean","p2id":"ascheu","formatid":"gen9nationaldex","rating":1544,"private":0,"password":""}