{"id":"gen9nationaldex-1999218106","p1":"hohink","p2":"Irly","format":"[Gen 9] National Dex","log":"|html|<div class=\"broadcast-blue\"><strong>[Gen 9] National Dex is currently suspecting Sneasler! For information on how to participate check out the <a href=\"https:\/\/www.smogon.com\/forums\/threads\/sv-national-dex-suspect-8-just-dance.3731534\/\">suspect thread<\/a>.<\/strong><\/div>\n|j|\u2606hohink\n|j|\u2606Irly\n|inactive|Battle timer is ON: inactive players will automatically lose when time's up.\n|t:|1701046795\n|gametype|singles\n|player|p1|hohink|sada-ai|\n|player|p2|Irly|dawn-masters3|\n|teamsize|p1|6\n|teamsize|p2|6\n|gen|9\n|tier|[Gen 9] National Dex\n|rated|Tournament battle\n|rule|HP Percentage Mod: HP is shown in percentages\n|rule|Endless Battle Clause: Forcing endless battles is banned\n|rule|OHKO Clause: OHKO moves are banned\n|rule|Evasion Clause: Evasion abilities, items, and moves are banned\n|rule|Evasion Abilities Clause: Evasion abilities are banned\n|rule|Evasion Items Clause: Evasion items are banned\n|rule|Evasion Moves Clause: Evasion moves are banned\n|rule|Species Clause: Limit one of each Pok\u00e9mon\n|rule|Sleep Clause Mod: Limit one foe put to sleep\n|clearpoke\n|poke|p1|Gliscor, F|\n|poke|p1|Keldeo-Resolute|\n|poke|p1|Zoroark-Hisui, F|\n|poke|p1|Aegislash, M|\n|poke|p1|Ogerpon-Wellspring, F|\n|poke|p1|Meowscarada, F|\n|poke|p2|Tapu Koko|\n|poke|p2|Iron Valiant|\n|poke|p2|Hawlucha, M|\n|poke|p2|Iron Moth|\n|poke|p2|Landorus-Therian, M|\n|poke|p2|Scizor, M|\n|teampreview\n|inactive|Irly also wants the timer to be on.\n|j| davi5342\n|j|+mendigo da esquina\n|\n|t:|1701046816\n|start\n|switch|p1a: Ogerpon|Ogerpon-Wellspring, F|100\/100\n|switch|p2a: Landorus|Landorus-Therian, M|100\/100\n|-ability|p2a: Landorus|Intimidate|boost\n|-unboost|p1a: Ogerpon|atk|1\n|turn|1\n|c|\u2606Irly|vc \u00e9 meu f\u00e3 mendigo da esquina\n|c|\u2606Irly|?\n|c|\u2606Irly|pq meu time inteiro perde pra isso\n|\n|t:|1701046830\n|move|p1a: Ogerpon|U-turn|p2a: Landorus\n|-resisted|p2a: Landorus\n|-damage|p2a: Landorus|92\/100\n|-enditem|p2a: Landorus|Eject Button\n|\n|t:|1701046842\n|switch|p2a: Tapu Koko|Tapu Koko|100\/100\n|-fieldstart|move: Electric Terrain|[from] ability: Electric Surge|[of] p2a: Tapu Koko\n|\n|upkeep\n|turn|2\n|\n|t:|1701046854\n|switch|p1a: Gliscor|Gliscor, F|100\/100\n|move|p2a: Tapu Koko|Thunderbolt|p1a: Gliscor\n|-immune|p1a: Gliscor\n|\n|-damage|p1a: Gliscor|88\/100|[from] item: Black Sludge\n|upkeep\n|turn|3\n|c| davi5342|time do irly ta com uma sinergia boa\n|c|\u2606hohink|o meu time s\u00f3 fiz de zoeira\n|c|\u2606Irly|\u00e9 pq n\u00e3o foi eu que fiz davi5342\n|inactive|Irly has 120 seconds left.\n|c|\u2606hohink|achei q ia perder na primeira\n|\n|t:|1701046889\n|move|p2a: Tapu Koko|U-turn|p1a: Gliscor\n|-resisted|p1a: Gliscor\n|-damage|p1a: Gliscor|80\/100\n|\n|t:|1701046891\n|switch|p2a: Landorus|Landorus-Therian, M|92\/100|[from] U-turn\n|-ability|p2a: Landorus|Intimidate|boost\n|-unboost|p1a: Gliscor|atk|1\n|move|p1a: Gliscor|Earthquake|p2a: Landorus\n|-immune|p2a: Landorus\n|\n|-damage|p1a: Gliscor|68\/100|[from] item: Black Sludge\n|upkeep\n|turn|4\n|\n|t:|1701046899\n|move|p1a: Gliscor|Crabhammer|p2a: Landorus\n|-supereffective|p2a: Landorus\n|-crit|p2a: Landorus\n|-damage|p2a: Landorus|16\/100\n|move|p2a: Landorus|Stealth Rock|p1a: Gliscor\n|-sidestart|p1: hohink|move: Stealth Rock\n|\n|-damage|p1a: Gliscor|55\/100|[from] item: Black Sludge\n|upkeep\n|turn|5\n|c|\u2606Irly|KKKKKKKKKKKKKKK\n|\n|t:|1701046906\n|move|p1a: Gliscor|Crabhammer|p2a: Landorus\n|-supereffective|p2a: Landorus\n|-damage|p2a: Landorus|0 fnt\n|faint|p2a: Landorus\n|\n|-damage|p1a: Gliscor|43\/100|[from] item: Black Sludge\n|-fieldend|move: Electric Terrain\n|upkeep\n|c| davi5342|autodeprecia\u00e7\u00e3o aqui m\n|\n|t:|1701046913\n|switch|p2a: Tapu Koko|Tapu Koko|100\/100\n|-fieldstart|move: Electric Terrain|[from] ability: Electric Surge|[of] p2a: Tapu Koko\n|turn|6\n|c| davi5342|n\u00e3o\n|\n|t:|1701046917\n|move|p2a: Tapu Koko|Hidden Power|p1a: Gliscor\n|-supereffective|p1a: Gliscor\n|-damage|p1a: Gliscor|0 fnt\n|faint|p1a: Gliscor\n|\n|upkeep\n|\n|t:|1701046924\n|switch|p1a: Aegislash|Aegislash, M|100\/100\n|-damage|p1a: Aegislash|88\/100|[from] Stealth Rock\n|turn|7\n|c| davi5342|hidden power ice?\n|\n|t:|1701046931\n|move|p2a: Tapu Koko|Thunderbolt|p1a: Aegislash\n|-damage|p1a: Aegislash|0 fnt\n|replace|p1a: Zoroark|Zoroark-Hisui, F\n|-end|p1a: Zoroark|Illusion\n|faint|p1a: Zoroark\n|\n|upkeep\n|\n|t:|1701046946\n|switch|p1a: Meowscarada|Meowscarada, F|100\/100\n|-damage|p1a: Meowscarada|88\/100|[from] Stealth Rock\n|turn|8\n|\n|t:|1701046964\n|-terastallize|p1a: Meowscarada|Grass\n|move|p2a: Tapu Koko|U-turn|p1a: Meowscarada\n|-supereffective|p1a: Meowscarada\n|-damage|p1a: Meowscarada|39\/100\n|\n|t:|1701046967\n|switch|p2a: Scizor|Scizor, M|100\/100|[from] U-turn\n|move|p1a: Meowscarada|Flower Trick|p2a: Scizor\n|-resisted|p2a: Scizor\n|-crit|p2a: Scizor\n|-damage|p2a: Scizor|74\/100\n|\n|upkeep\n|turn|9\n|c|\u2606hohink|ahcei q fosse dar hidden power\n|c|\u2606hohink|achei\n|\n|t:|1701046986\n|switch|p1a: Keldeo|Keldeo-Resolute|100\/100\n|-damage|p1a: Keldeo|94\/100|[from] Stealth Rock\n|detailschange|p2a: Scizor|Scizor-Mega, M\n|-mega|p2a: Scizor|Scizor|Scizorite\n|move|p2a: Scizor|Bullet Punch|p1a: Keldeo\n|-resisted|p1a: Keldeo\n|-damage|p1a: Keldeo|74\/100\n|\n|upkeep\n|turn|10\n|c|\u2606hohink|j\u00e1 perdi\n|c|\u2606hohink|esse tapu koko\n|c| davi5342|nossa sim bicho chato\n|\n|t:|1701047014\n|move|p1a: Keldeo|Secret Sword|p2a: Scizor\n|-damage|p2a: Scizor|27\/100\n|-damage|p1a: Keldeo|64\/100|[from] item: Life Orb\n|move|p2a: Scizor|Trailblaze|p1a: Keldeo\n|-supereffective|p1a: Keldeo\n|-damage|p1a: Keldeo|0 fnt\n|-boost|p2a: Scizor|spe|1\n|faint|p1a: Keldeo\n|\n|-fieldend|move: Electric Terrain\n|upkeep\n|c|\u2606hohink|t\u00e1 sem scarf\n|c|\u2606hohink|se tivesse com\n|inactive|hohink has 120 seconds left.\n|\n|t:|1701047044\n|switch|p1a: Ogerpon|Ogerpon-Wellspring, F|100\/100\n|-damage|p1a: Ogerpon|88\/100|[from] Stealth Rock\n|turn|11\n|c| davi5342|hohink tem time vale tudo?\n|inactive|Irly has 120 seconds left.\n|c| davi5342|ou anything go?\n|inactive|hohink has 90 seconds left.\n|c|\u2606hohink|custom?\n|\n|t:|1701047077\n|move|p1a: Ogerpon|Ivy Cudgel|p2a: Scizor|[anim] Ivy Cudgel Water\n|-damage|p2a: Scizor|0 fnt\n|faint|p2a: Scizor\n|\n|upkeep\n|c| davi5342|acho que sim\n|inactive|Irly has 120 seconds left.\n|c|\u2606hohink|custom tenho\n|\n|t:|1701047088\n|switch|p2a: Tapu Koko|Tapu Koko|100\/100\n|-fieldstart|move: Electric Terrain|[from] ability: Electric Surge|[of] p2a: Tapu Koko\n|turn|12\n|c|\u2606hohink|anything go n?\n|c| davi5342|vamo uma no meme depois?\n|inactive|hohink has 90 seconds left.\n|c|\u2606hohink|n*\n|c|\u2606hohink|blz\n|\n|t:|1701047110\n|move|p2a: Tapu Koko|U-turn|p1a: Ogerpon\n|-supereffective|p1a: Ogerpon\n|-damage|p1a: Ogerpon|48\/100\n|inactive|Irly has 120 seconds left.\n|inactive|Irly has 90 seconds left.\n|j| sou_ruim_e_nobola\n|\n|t:|1701047174\n|switch|p2a: Iron Valiant|Iron Valiant|100\/100|[from] U-turn\n|-activate|p2a: Iron Valiant|ability: Quark Drive\n|-start|p2a: Iron Valiant|quarkdrivespe\n|move|p1a: Ogerpon|Play Rough|p2a: Iron Valiant\n|-supereffective|p2a: Iron Valiant\n|-damage|p2a: Iron Valiant|1\/100\n|\n|upkeep\n|turn|13\n|inactive|hohink has 90 seconds left.\n|c| sou_ruim_e_nobola|finalmente terminei meu time de medicham\n|c| davi5342|1%\n|c|\u2606hohink|cagf\n|c|\u2606hohink|cagada\n|inactive|Irly has 60 seconds left.\n|\n|t:|1701047202\n|move|p2a: Iron Valiant|Moonblast|p1a: Ogerpon\n|-damage|p1a: Ogerpon|0 fnt\n|faint|p1a: Ogerpon\n|-damage|p2a: Iron Valiant|0 fnt|[from] item: Life Orb\n|faint|p2a: Iron Valiant\n|-end|p2a: Iron Valiant|Quark Drive|[silent]\n|\n|upkeep\n|inactive|Irly has 60 seconds left.\n|c| davi5342|cagada \u00e9 pouco esse ai se cagou todin\n|\n|t:|1701047219\n|switch|p2a: Iron Moth|Iron Moth|100\/100\n|switch|p1a: Aegislash|Aegislash, M|100\/100\n|-activate|p2a: Iron Moth|ability: Quark Drive\n|-start|p2a: Iron Moth|quarkdrivespe\n|-damage|p1a: Aegislash|94\/100|[from] Stealth Rock\n|turn|14\n|inactive|Irly has 60 seconds left.\n|\n|t:|1701047230\n|move|p1a: Aegislash|King's Shield|p1a: Aegislash\n|-singleturn|p1a: Aegislash|Protect\n|move|p2a: Iron Moth|Fiery Dance|p1a: Aegislash\n|-activate|p1a: Aegislash|move: Protect\n|\n|-heal|p1a: Aegislash|100\/100|[from] item: Leftovers\n|upkeep\n|turn|15\n|inactive|Irly has 60 seconds left.\n|\n|t:|1701047239\n|-formechange|p1a: Aegislash|Aegislash-Blade||[from] ability: Stance Change\n|move|p1a: Aegislash|Shadow Sneak|p2a: Iron Moth\n|-damage|p2a: Iron Moth|62\/100\n|move|p2a: Iron Moth|Fiery Dance|p1a: Aegislash\n|-supereffective|p1a: Aegislash\n|-damage|p1a: Aegislash|0 fnt\n|faint|p1a: Aegislash\n|\n|upkeep\n|c| sou_ruim_e_nobola|queria poder falar no chat\n|\n|t:|1701047247\n|switch|p1a: Meowscarada|Meowscarada, F, tera:Grass|39\/100\n|-damage|p1a: Meowscarada|27\/100|[from] Stealth Rock\n|turn|16\n|c| davi5342|ue mas nao pode porque?\n|\n|t:|1701047265\n|move|p1a: Meowscarada|Sucker Punch|p2a: Iron Moth\n|-damage|p2a: Iron Moth|0 fnt\n|faint|p2a: Iron Moth\n|-end|p2a: Iron Moth|Quark Drive|[silent]\n|\n|-fieldend|move: Electric Terrain\n|upkeep\n|c|\u2606Irly|eita\n|\n|t:|1701047269\n|switch|p2a: Tapu Koko|Tapu Koko|100\/100\n|-fieldstart|move: Electric Terrain|[from] ability: Electric Surge|[of] p2a: Tapu Koko\n|turn|17\n|c| sou_ruim_e_nobola|nao tenho 1 semana de conta ainda\n|\n|t:|1701047274\n|move|p1a: Meowscarada|Sucker Punch|p2a: Tapu Koko\n|-resisted|p2a: Tapu Koko\n|-damage|p2a: Tapu Koko|64\/100\n|move|p2a: Tapu Koko|Dazzling Gleam|p1a: Meowscarada\n|-damage|p1a: Meowscarada|0 fnt\n|faint|p1a: Meowscarada\n|\n|win|Irly\n|n|\u2606hohink|hohink\n|n|\u2606Irly|irly\n|n| davi5342|davi5342\n|n| mendigo da esquina|mendigodaesquina\n|n| sou_ruim_e_nobola|souruimenobola\n|c|\u2606hohink|gg\n|c|\u2606Irly|gg\n|l|\u2606Irly\n|l| davi5342\n|l| sou_ruim_e_nobola\n|l| mendigo da esquina\n|l|\u2606hohink\n","uploadtime":1701047275,"views":1,"p1id":"hohink","p2id":"irly","formatid":"gen9nationaldex","rating":0,"private":0,"password":""}