{"id":"gen9nationaldex-1990993140","p1":"DracoAxel","p2":"Arnaenaed \u223e","format":"[Gen 9] National Dex","log":"|j|\u2606DracoAxel\n|j|\u2606Arnaenaed \u223e\n|t:|1700024668\n|gametype|singles\n|player|p1|DracoAxel|nate|\n|player|p2|Arnaenaed \u223e|birdkeeper-gen3|\n|teamsize|p1|6\n|teamsize|p2|6\n|gen|9\n|tier|[Gen 9] National Dex\n|rule|HP Percentage Mod: HP is shown in percentages\n|rule|Endless Battle Clause: Forcing endless battles is banned\n|rule|OHKO Clause: OHKO moves are banned\n|rule|Evasion Clause: Evasion abilities, items, and moves are banned\n|rule|Evasion Abilities Clause: Evasion abilities are banned\n|rule|Evasion Items Clause: Evasion items are banned\n|rule|Evasion Moves Clause: Evasion moves are banned\n|rule|Species Clause: Limit one of each Pok\u00e9mon\n|rule|Sleep Clause Mod: Limit one foe put to sleep\n|clearpoke\n|poke|p1|Garchomp, M|\n|poke|p1|Iron Valiant|\n|poke|p1|Sneasler, F|\n|poke|p1|Blacephalon|\n|poke|p1|Great Tusk|\n|poke|p1|Pinsir, M|\n|poke|p2|Toxapex, M|\n|poke|p2|Venusaur, F|\n|poke|p2|Muk-Alola, M|\n|poke|p2|Crobat, M|\n|poke|p2|Nidoking, M|\n|poke|p2|Slowking-Galar, F|\n|teampreview\n|\n|t:|1700024683\n|start\n|switch|p1a: Garchomp|Garchomp, M|100\/100\n|switch|p2a: Venusaur|Venusaur, F|100\/100\n|turn|1\n|\n|t:|1700024688\n|detailschange|p2a: Venusaur|Venusaur-Mega, F\n|-mega|p2a: Venusaur|Venusaur|Venusaurite\n|move|p1a: Garchomp|Earthquake|p2a: Venusaur\n|-damage|p2a: Venusaur|68\/100\n|move|p2a: Venusaur|Leech Seed|p1a: Garchomp|[miss]\n|-miss|p2a: Venusaur|p1a: Garchomp\n|\n|upkeep\n|turn|2\n|\n|t:|1700024698\n|switch|p1a: Blacephalon|Blacephalon|100\/100\n|move|p2a: Venusaur|Leech Seed|p1a: Blacephalon\n|-start|p1a: Blacephalon|move: Leech Seed\n|\n|-damage|p1a: Blacephalon|88\/100|[from] Leech Seed|[of] p2a: Venusaur\n|-heal|p2a: Venusaur|77\/100|[silent]\n|upkeep\n|turn|3\n|\n|t:|1700024708\n|switch|p2a: Muk|Muk-Alola, M|100\/100\n|move|p1a: Blacephalon|Psyshock|p2a: Muk\n|-immune|p2a: Muk\n|\n|-damage|p1a: Blacephalon|75\/100|[from] Leech Seed|[of] p2a: Muk\n|upkeep\n|turn|4\n|\n|t:|1700024715\n|move|p1a: Blacephalon|Mind Blown|p2a: Muk\n|-damage|p2a: Muk|66\/100\n|-damage|p1a: Blacephalon|25\/100|[from] mindblown\n|move|p2a: Muk|Pursuit|p1a: Blacephalon\n|-supereffective|p1a: Blacephalon\n|-damage|p1a: Blacephalon|0 fnt\n|faint|p1a: Blacephalon\n|\n|upkeep\n|\n|t:|1700024724\n|switch|p1a: Sneasler|Sneasler, F|100\/100\n|turn|5\n|\n|t:|1700024736\n|move|p1a: Sneasler|Fake Out|p2a: Muk\n|-enditem|p1a: Sneasler|Normal Gem|[from] gem\n|-damage|p2a: Muk|45\/100\n|cant|p2a: Muk|flinch\n|\n|upkeep\n|turn|6\n|\n|t:|1700024762\n|move|p1a: Sneasler|Close Combat|p2a: Muk\n|-damage|p2a: Muk|0 fnt\n|-unboost|p1a: Sneasler|def|1\n|-unboost|p1a: Sneasler|spd|1\n|faint|p2a: Muk\n|\n|upkeep\n|\n|t:|1700024777\n|switch|p2a: Toxapex|Toxapex, M|100\/100\n|turn|7\n|\n|t:|1700024783\n|move|p1a: Sneasler|Acrobatics|p2a: Toxapex\n|-damage|p2a: Toxapex|76\/100\n|move|p2a: Toxapex|Scald|p1a: Sneasler\n|-damage|p1a: Sneasler|64\/100\n|\n|upkeep\n|turn|8\n|\n|t:|1700024790\n|move|p1a: Sneasler|Close Combat|p2a: Toxapex\n|-resisted|p2a: Toxapex\n|-damage|p2a: Toxapex|54\/100\n|-unboost|p1a: Sneasler|def|1\n|-unboost|p1a: Sneasler|spd|1\n|move|p2a: Toxapex|Recover|p2a: Toxapex\n|-heal|p2a: Toxapex|100\/100\n|\n|upkeep\n|turn|9\n|\n|t:|1700024796\n|move|p1a: Sneasler|Dire Claw|p2a: Toxapex\n|-resisted|p2a: Toxapex\n|-damage|p2a: Toxapex|87\/100\n|-status|p2a: Toxapex|slp\n|cant|p2a: Toxapex|slp\n|\n|upkeep\n|turn|10\n|\n|t:|1700024804\n|switch|p1a: Pinsir|Pinsir, M|100\/100\n|-curestatus|p2a: Toxapex|slp|[msg]\n|move|p2a: Toxapex|Scald|p1a: Pinsir\n|-crit|p1a: Pinsir\n|-damage|p1a: Pinsir|57\/100\n|\n|upkeep\n|turn|11\n|\n|t:|1700024819\n|detailschange|p1a: Pinsir|Pinsir-Mega, M\n|-mega|p1a: Pinsir|Pinsir|Pinsirite\n|move|p1a: Pinsir|Double-Edge|p2a: Toxapex\n|-damage|p2a: Toxapex|31\/100\n|-damage|p1a: Pinsir|36\/100|[from] Recoil\n|move|p2a: Toxapex|Scald|p1a: Pinsir\n|-damage|p1a: Pinsir|15\/100\n|-status|p1a: Pinsir|brn\n|\n|-damage|p1a: Pinsir|9\/100 brn|[from] brn\n|upkeep\n|turn|12\n|\n|t:|1700024851\n|move|p1a: Pinsir|Double-Edge|p2a: Toxapex\n|-damage|p2a: Toxapex|1\/100\n|-damage|p1a: Pinsir|0 fnt|[from] Recoil\n|faint|p1a: Pinsir\n|move|p2a: Toxapex|Recover|p2a: Toxapex\n|-heal|p2a: Toxapex|51\/100\n|\n|upkeep\n|\n|t:|1700024858\n|switch|p1a: Garchomp|Garchomp, M|100\/100\n|turn|13\n|\n|t:|1700024863\n|switch|p2a: Crobat|Crobat, M|100\/100\n|move|p1a: Garchomp|Earthquake|p2a: Crobat\n|-immune|p2a: Crobat\n|\n|upkeep\n|turn|14\n|\n|t:|1700024867\n|switch|p1a: Great Tusk|Great Tusk|100\/100\n|move|p2a: Crobat|Toxic|p1a: Great Tusk\n|-status|p1a: Great Tusk|tox\n|\n|-damage|p1a: Great Tusk|94\/100 tox|[from] psn\n|upkeep\n|turn|15\n|\n|t:|1700024885\n|switch|p2a: Venusaur|Venusaur-Mega, F|77\/100\n|move|p1a: Great Tusk|Roar|p2a: Venusaur\n|drag|p2a: Toxapex|Toxapex, M|84\/100\n|\n|-heal|p1a: Great Tusk|100\/100 tox|[from] item: Leftovers\n|-damage|p1a: Great Tusk|88\/100 tox|[from] psn\n|upkeep\n|turn|16\n|\n|t:|1700024893\n|switch|p2a: Crobat|Crobat, M|100\/100\n|move|p1a: Great Tusk|Roar|p2a: Crobat\n|drag|p2a: Slowking|Slowking-Galar, F|100\/100\n|\n|-heal|p1a: Great Tusk|94\/100 tox|[from] item: Leftovers\n|-damage|p1a: Great Tusk|76\/100 tox|[from] psn\n|upkeep\n|turn|17\n|\n|t:|1700024904\n|switch|p2a: Crobat|Crobat, M|100\/100\n|move|p1a: Great Tusk|Stone Edge|p2a: Crobat|[miss]\n|-miss|p1a: Great Tusk|p2a: Crobat\n|\n|-heal|p1a: Great Tusk|82\/100 tox|[from] item: Leftovers\n|-damage|p1a: Great Tusk|57\/100 tox|[from] psn\n|upkeep\n|turn|18\n|\n|t:|1700024914\n|move|p2a: Crobat|Brave Bird|p1a: Great Tusk\n|-supereffective|p1a: Great Tusk\n|-damage|p1a: Great Tusk|9\/100 tox\n|-damage|p2a: Crobat|85\/100|[from] Recoil\n|move|p1a: Great Tusk|Stone Edge|p2a: Crobat\n|-supereffective|p2a: Crobat\n|-damage|p2a: Crobat|17\/100\n|\n|-heal|p1a: Great Tusk|15\/100 tox|[from] item: Leftovers\n|-damage|p1a: Great Tusk|0 fnt|[from] psn\n|faint|p1a: Great Tusk\n|-end|p1a: Great Tusk|Protosynthesis|[silent]\n|upkeep\n|\n|t:|1700024920\n|switch|p1a: Sneasler|Sneasler, F|64\/100\n|turn|19\n|\n|t:|1700024926\n|switch|p2a: Toxapex|Toxapex, M|100\/100\n|move|p1a: Sneasler|Fake Out|p2a: Toxapex\n|-damage|p2a: Toxapex|92\/100\n|\n|upkeep\n|turn|20\n|\n|t:|1700024934\n|move|p1a: Sneasler|Dire Claw|p2a: Toxapex\n|-resisted|p2a: Toxapex\n|-damage|p2a: Toxapex|78\/100\n|move|p2a: Toxapex|Scald|p1a: Sneasler\n|-damage|p1a: Sneasler|43\/100\n|\n|upkeep\n|turn|21\n|\n|t:|1700024944\n|move|p1a: Sneasler|Dire Claw|p2a: Toxapex\n|-resisted|p2a: Toxapex\n|-damage|p2a: Toxapex|65\/100\n|-status|p2a: Toxapex|slp\n|cant|p2a: Toxapex|slp\n|\n|upkeep\n|turn|22\n|\n|t:|1700024953\n|switch|p1a: Iron Valiant|Iron Valiant|100\/100\n|-enditem|p1a: Iron Valiant|Booster Energy\n|-activate|p1a: Iron Valiant|ability: Quark Drive|[fromitem]\n|-start|p1a: Iron Valiant|quarkdrivespe\n|cant|p2a: Toxapex|slp\n|\n|upkeep\n|turn|23\n|\n|t:|1700024962\n|switch|p2a: Slowking|Slowking-Galar, F|100\/100\n|move|p1a: Iron Valiant|Calm Mind|p1a: Iron Valiant\n|-boost|p1a: Iron Valiant|spa|1\n|-boost|p1a: Iron Valiant|spd|1\n|\n|upkeep\n|turn|24\n|\n|t:|1700024972\n|move|p1a: Iron Valiant|Shadow Ball|p2a: Slowking\n|-supereffective|p2a: Slowking\n|-damage|p2a: Slowking|71\/100\n|move|p2a: Slowking|Sludge Bomb|p1a: Iron Valiant\n|-supereffective|p1a: Iron Valiant\n|-damage|p1a: Iron Valiant|25\/100\n|\n|upkeep\n|turn|25\n|\n|t:|1700024978\n|move|p1a: Iron Valiant|Shadow Ball|p2a: Slowking\n|-supereffective|p2a: Slowking\n|-damage|p2a: Slowking|39\/100\n|move|p2a: Slowking|Sludge Bomb|p1a: Iron Valiant\n|-supereffective|p1a: Iron Valiant\n|-damage|p1a: Iron Valiant|0 fnt\n|faint|p1a: Iron Valiant\n|-end|p1a: Iron Valiant|Quark Drive|[silent]\n|\n|upkeep\n|\n|t:|1700024983\n|switch|p1a: Garchomp|Garchomp, M|100\/100\n|turn|26\n|\n|t:|1700024994\n|move|p1a: Garchomp|Outrage|p2a: Slowking\n|-damage|p2a: Slowking|0 fnt\n|faint|p2a: Slowking\n|\n|upkeep\n|\n|t:|1700025001\n|switch|p2a: Nidoking|Nidoking, M|100\/100\n|turn|27\n|\n|t:|1700025006\n|move|p1a: Garchomp|Outrage|p2a: Nidoking|[from]lockedmove\n|-damage|p2a: Nidoking|4\/100\n|move|p2a: Nidoking|Ice Beam|p1a: Garchomp\n|-supereffective|p1a: Garchomp\n|-damage|p1a: Garchomp|0 fnt\n|faint|p1a: Garchomp\n|\n|upkeep\n|\n|t:|1700025012\n|switch|p1a: Sneasler|Sneasler, F|43\/100\n|turn|28\n|\n|t:|1700025019\n|move|p1a: Sneasler|Fake Out|p2a: Nidoking\n|-damage|p2a: Nidoking|0 fnt\n|faint|p2a: Nidoking\n|\n|upkeep\n|\n|t:|1700025022\n|switch|p2a: Crobat|Crobat, M|17\/100\n|turn|29\n|c|\u2606Arnaenaed \u223e|gg\n|\n|t:|1700025030\n|move|p2a: Crobat|Brave Bird|p1a: Sneasler\n|-supereffective|p1a: Sneasler\n|-damage|p1a: Sneasler|0 fnt\n|faint|p1a: Sneasler\n|-damage|p2a: Crobat|6\/100|[from] Recoil\n|\n|win|Arnaenaed \u223e\n|l|\u2606DracoAxel\n","uploadtime":1700025036,"views":6,"p1id":"dracoaxel","p2id":"arnaenaed","formatid":"gen9nationaldex","rating":0,"private":0,"password":""}