{"id":"gen9nationaldex-1992401857","p1":"Spiritneko666","p2":"gjchv","format":"[Gen 9] National Dex","log":"|j|\u2606Spiritneko666\n|j|\u2606gjchv\n|t:|1700183348\n|gametype|singles\n|player|p1|Spiritneko666|psychic-gen4|1105\n|player|p2|gjchv|266|1074\n|teamsize|p1|6\n|teamsize|p2|6\n|gen|9\n|tier|[Gen 9] National Dex\n|rated|\n|rule|HP Percentage Mod: HP is shown in percentages\n|rule|Endless Battle Clause: Forcing endless battles is banned\n|rule|OHKO Clause: OHKO moves are banned\n|rule|Evasion Clause: Evasion abilities, items, and moves are banned\n|rule|Evasion Abilities Clause: Evasion abilities are banned\n|rule|Evasion Items Clause: Evasion items are banned\n|rule|Evasion Moves Clause: Evasion moves are banned\n|rule|Species Clause: Limit one of each Pok\u00e9mon\n|rule|Sleep Clause Mod: Limit one foe put to sleep\n|clearpoke\n|poke|p1|Corsola-Galar, F|\n|poke|p1|Beedrill, M|\n|poke|p1|Absol, M|\n|poke|p1|Tapu Koko|\n|poke|p1|Gliscor, M|\n|poke|p1|Sneasler, F|\n|poke|p2|Great Tusk|\n|poke|p2|Aegislash, F|\n|poke|p2|Charizard, F|\n|poke|p2|Sneasler, M|\n|poke|p2|Rillaboom, M|\n|poke|p2|Ceruledge, F|\n|teampreview\n|\n|t:|1700183356\n|start\n|switch|p1a: Tapu Koko|Tapu Koko|100\/100\n|switch|p2a: Rillaboom|Rillaboom, M, shiny|100\/100\n|-fieldstart|move: Electric Terrain|[from] ability: Electric Surge|[of] p1a: Tapu Koko\n|-fieldstart|move: Grassy Terrain|[from] ability: Grassy Surge|[of] p2a: Rillaboom\n|turn|1\n|\n|t:|1700183378\n|move|p1a: Tapu Koko|Volt Switch|p2a: Rillaboom\n|-resisted|p2a: Rillaboom\n|-damage|p2a: Rillaboom|81\/100\n|\n|t:|1700183388\n|switch|p1a: Reaper|Absol, M|100\/100|[from] Volt Switch\n|move|p2a: Rillaboom|High Horsepower|p1a: Reaper\n|-damage|p1a: Reaper|4\/100\n|\n|-heal|p1a: Reaper|10\/100|[from] Grassy Terrain\n|-heal|p2a: Rillaboom|87\/100|[from] Grassy Terrain\n|upkeep\n|turn|2\n|\n|t:|1700183401\n|switch|p2a: Sneasler|Sneasler, M|100\/100\n|-enditem|p2a: Sneasler|Grassy Seed\n|-boost|p2a: Sneasler|def|1|[from] item: Grassy Seed\n|move|p1a: Reaper|Sucker Punch||[still]\n|-fail|p1a: Reaper\n|\n|-heal|p1a: Reaper|16\/100|[from] Grassy Terrain\n|upkeep\n|turn|3\n|\n|t:|1700183411\n|move|p2a: Sneasler|Acrobatics|p1a: Reaper\n|-damage|p1a: Reaper|0 fnt\n|faint|p1a: Reaper\n|\n|upkeep\n|\n|t:|1700183423\n|switch|p1a: Tapu Koko|Tapu Koko|100\/100\n|-fieldstart|move: Electric Terrain|[from] ability: Electric Surge|[of] p1a: Tapu Koko\n|turn|4\n|\n|t:|1700183457\n|switch|p2a: Charizard|Charizard, F, shiny|100\/100\n|move|p1a: Tapu Koko|Thunderbolt|p2a: Charizard\n|-supereffective|p2a: Charizard\n|-damage|p2a: Charizard|0 fnt\n|faint|p2a: Charizard\n|\n|upkeep\n|\n|t:|1700183463\n|switch|p2a: Great Tusk|Great Tusk|100\/100\n|turn|5\n|\n|t:|1700183485\n|move|p1a: Tapu Koko|Hidden Power|p2a: Great Tusk\n|-supereffective|p2a: Great Tusk\n|-damage|p2a: Great Tusk|58\/100\n|move|p2a: Great Tusk|Headlong Rush|p1a: Tapu Koko\n|-supereffective|p1a: Tapu Koko\n|-damage|p1a: Tapu Koko|0 fnt\n|-unboost|p2a: Great Tusk|def|1\n|-unboost|p2a: Great Tusk|spd|1\n|faint|p1a: Tapu Koko\n|\n|-heal|p2a: Great Tusk|64\/100|[from] item: Leftovers\n|upkeep\n|\n|t:|1700183488\n|switch|p1a: Sonya|Sneasler, F|100\/100\n|-enditem|p1a: Sonya|Electric Seed\n|-boost|p1a: Sonya|def|1|[from] item: Electric Seed\n|turn|6\n|\n|t:|1700183510\n|-end|p2a: Great Tusk|Protosynthesis|[silent]\n|switch|p2a: Ceruledge|Ceruledge, F, shiny|100\/100\n|move|p1a: Sonya|Swords Dance|p1a: Sonya\n|-boost|p1a: Sonya|atk|2\n|\n|upkeep\n|turn|7\n|\n|t:|1700183521\n|-terastallize|p1a: Sonya|Flying\n|move|p1a: Sonya|Acrobatics|p2a: Ceruledge\n|-enditem|p2a: Ceruledge|Focus Sash\n|-damage|p2a: Ceruledge|1\/100\n|-ability|p2a: Ceruledge|Weak Armor|boost\n|-unboost|p2a: Ceruledge|def|1\n|-boost|p2a: Ceruledge|spe|2\n|move|p2a: Ceruledge|Swords Dance|p2a: Ceruledge\n|-boost|p2a: Ceruledge|atk|2\n|\n|upkeep\n|turn|8\n|c|\u2606Spiritneko666|uh oh\n|\n|t:|1700183537\n|move|p2a: Ceruledge|Shadow Sneak|p1a: Sonya\n|-damage|p1a: Sonya|52\/100\n|move|p1a: Sonya|Acrobatics|p2a: Ceruledge\n|-damage|p2a: Ceruledge|0 fnt\n|faint|p2a: Ceruledge\n|\n|-fieldend|move: Electric Terrain\n|upkeep\n|\n|t:|1700183542\n|switch|p2a: Rillaboom|Rillaboom, M, shiny|87\/100\n|-fieldstart|move: Grassy Terrain|[from] ability: Grassy Surge|[of] p2a: Rillaboom\n|turn|9\n|\n|t:|1700183548\n|move|p2a: Rillaboom|Grassy Glide|p1a: Sonya\n|-resisted|p1a: Sonya\n|-damage|p1a: Sonya|19\/100\n|move|p1a: Sonya|Acrobatics|p2a: Rillaboom\n|-supereffective|p2a: Rillaboom\n|-damage|p2a: Rillaboom|0 fnt\n|faint|p2a: Rillaboom\n|\n|upkeep\n|\n|t:|1700183558\n|switch|p2a: Aegislash|Aegislash, F|100\/100\n|turn|10\n|\n|t:|1700183577\n|-formechange|p2a: Aegislash|Aegislash-Blade||[from] ability: Stance Change\n|move|p2a: Aegislash|Shadow Sneak|p1a: Sonya\n|-damage|p1a: Sonya|0 fnt\n|faint|p1a: Sonya\n|\n|upkeep\n|\n|t:|1700183583\n|switch|p1a: Gliscor|Gliscor, M|100\/100\n|turn|11\n|\n|t:|1700183598\n|switch|p2a: Great Tusk|Great Tusk|64\/100\n|move|p1a: Gliscor|Earthquake|p2a: Great Tusk\n|-damage|p2a: Great Tusk|54\/100\n|\n|-heal|p2a: Great Tusk|60\/100|[from] Grassy Terrain\n|-heal|p2a: Great Tusk|67\/100|[from] item: Leftovers\n|-status|p1a: Gliscor|tox|[from] item: Toxic Orb\n|upkeep\n|turn|12\n|\n|t:|1700183615\n|move|p1a: Gliscor|Earthquake|p2a: Great Tusk\n|-damage|p2a: Great Tusk|57\/100\n|move|p2a: Great Tusk|Ice Spinner|p1a: Gliscor\n|-supereffective|p1a: Gliscor\n|-damage|p1a: Gliscor|22\/100 tox\n|-fieldend|move: Grassy Terrain\n|\n|-heal|p2a: Great Tusk|63\/100|[from] item: Leftovers\n|-heal|p1a: Gliscor|35\/100 tox|[from] ability: Poison Heal\n|upkeep\n|turn|13\n|\n|t:|1700183624\n|move|p1a: Gliscor|U-turn|p2a: Great Tusk\n|-resisted|p2a: Great Tusk\n|-damage|p2a: Great Tusk|59\/100\n|\n|t:|1700183626\n|switch|p1a: Death|Corsola-Galar, F|100\/100|[from] U-turn\n|move|p2a: Great Tusk|Ice Spinner|p1a: Death\n|-damage|p1a: Death|78\/100\n|\n|-heal|p2a: Great Tusk|65\/100|[from] item: Leftovers\n|upkeep\n|turn|14\n|\n|t:|1700183638\n|-end|p2a: Great Tusk|Protosynthesis|[silent]\n|switch|p2a: Aegislash|Aegislash, F|100\/100\n|move|p1a: Death|Will-O-Wisp|p2a: Aegislash\n|-status|p2a: Aegislash|brn\n|\n|-damage|p2a: Aegislash|94\/100 brn|[from] brn\n|upkeep\n|turn|15\n|\n|t:|1700183645\n|-formechange|p2a: Aegislash|Aegislash-Blade||[from] ability: Stance Change\n|move|p2a: Aegislash|Shadow Sneak|p1a: Death\n|-supereffective|p1a: Death\n|-crit|p1a: Death\n|-damage|p1a: Death|50\/100\n|move|p1a: Death|Strength Sap|p2a: Aegislash\n|-unboost|p2a: Aegislash|atk|1\n|-heal|p1a: Death|100\/100\n|\n|-heal|p2a: Aegislash|100\/100 brn|[from] item: Leftovers\n|-damage|p2a: Aegislash|94\/100 brn|[from] brn\n|upkeep\n|turn|16\n|\n|t:|1700183682\n|move|p2a: Aegislash|Gyro Ball|p1a: Death\n|-damage|p1a: Death|98\/100\n|move|p1a: Death|Night Shade|p2a: Aegislash\n|-damage|p2a: Aegislash|63\/100 brn\n|\n|-heal|p2a: Aegislash|70\/100 brn|[from] item: Leftovers\n|-damage|p2a: Aegislash|63\/100 brn|[from] brn\n|upkeep\n|turn|17\n|\n|t:|1700183696\n|switch|p2a: Sneasler|Sneasler, M|100\/100\n|move|p1a: Death|Stealth Rock|p2a: Sneasler\n|-sidestart|p2: gjchv|move: Stealth Rock\n|\n|upkeep\n|turn|18\n|\n|t:|1700183702\n|-terastallize|p2a: Sneasler|Flying\n|move|p2a: Sneasler|Acrobatics|p1a: Death\n|-crit|p1a: Death\n|-damage|p1a: Death|30\/100\n|-start|p2a: Sneasler|Disable|Acrobatics|[from] ability: Cursed Body|[of] p1a: Death\n|move|p1a: Death|Strength Sap|p2a: Sneasler\n|-unboost|p2a: Sneasler|atk|1\n|-heal|p1a: Death|100\/100\n|\n|upkeep\n|turn|19\n|\n|t:|1700183716\n|move|p2a: Sneasler|Trailblaze|p1a: Death\n|-damage|p1a: Death|91\/100\n|-boost|p2a: Sneasler|spe|1\n|move|p1a: Death|Strength Sap|p2a: Sneasler\n|-unboost|p2a: Sneasler|atk|1\n|-heal|p1a: Death|100\/100\n|\n|upkeep\n|turn|20\n|\n|t:|1700183721\n|switch|p2a: Aegislash|Aegislash, F|63\/100 brn\n|-damage|p2a: Aegislash|57\/100 brn|[from] Stealth Rock\n|move|p1a: Death|Will-O-Wisp|p2a: Aegislash\n|-fail|p2a: Aegislash|brn\n|\n|-heal|p2a: Aegislash|63\/100 brn|[from] item: Leftovers\n|-damage|p2a: Aegislash|57\/100 brn|[from] brn\n|upkeep\n|turn|21\n|\n|t:|1700183727\n|-formechange|p2a: Aegislash|Aegislash-Blade||[from] ability: Stance Change\n|move|p2a: Aegislash|Shadow Sneak|p1a: Death\n|-supereffective|p1a: Death\n|-damage|p1a: Death|83\/100\n|-start|p2a: Aegislash|Disable|Shadow Sneak|[from] ability: Cursed Body|[of] p1a: Death\n|move|p1a: Death|Night Shade|p2a: Aegislash\n|-damage|p2a: Aegislash|26\/100 brn\n|\n|-heal|p2a: Aegislash|33\/100 brn|[from] item: Leftovers\n|-damage|p2a: Aegislash|26\/100 brn|[from] brn\n|upkeep\n|turn|22\n|\n|t:|1700183734\n|switch|p2a: Great Tusk|Great Tusk|65\/100\n|-damage|p2a: Great Tusk|62\/100|[from] Stealth Rock\n|move|p1a: Death|Strength Sap|p2a: Great Tusk\n|-unboost|p2a: Great Tusk|atk|1\n|-heal|p1a: Death|100\/100\n|\n|-heal|p2a: Great Tusk|68\/100|[from] item: Leftovers\n|upkeep\n|turn|23\n|\n|t:|1700183741\n|move|p2a: Great Tusk|Ice Spinner|p1a: Death\n|-damage|p1a: Death|86\/100\n|move|p1a: Death|Will-O-Wisp|p2a: Great Tusk\n|-status|p2a: Great Tusk|brn\n|\n|-heal|p2a: Great Tusk|74\/100 brn|[from] item: Leftovers\n|-damage|p2a: Great Tusk|68\/100 brn|[from] brn\n|upkeep\n|turn|24\n|\n|t:|1700183747\n|move|p2a: Great Tusk|Headlong Rush|p1a: Death\n|-crit|p1a: Death\n|-damage|p1a: Death|53\/100\n|-unboost|p2a: Great Tusk|def|1\n|-unboost|p2a: Great Tusk|spd|1\n|-start|p2a: Great Tusk|Disable|Headlong Rush|[from] ability: Cursed Body|[of] p1a: Death\n|move|p1a: Death|Strength Sap|p2a: Great Tusk\n|-unboost|p2a: Great Tusk|atk|1\n|-heal|p1a: Death|100\/100\n|\n|-heal|p2a: Great Tusk|74\/100 brn|[from] item: Leftovers\n|-damage|p2a: Great Tusk|68\/100 brn|[from] brn\n|upkeep\n|turn|25\n|-message|gjchv forfeited.\n|\n|win|Spiritneko666\n|raw|Spiritneko666's rating: 1105 &rarr; <strong>1128<\/strong><br \/>(+23 for winning)\n|raw|gjchv's rating: 1074 &rarr; <strong>1055<\/strong><br \/>(-19 for losing)\n|l|\u2606gjchv\n","uploadtime":1700183764,"views":14,"p1id":"spiritneko666","p2id":"gjchv","formatid":"gen9nationaldex","rating":1055,"private":0,"password":""}