{"id":"gen9nationaldex-1993794125","p1":"southeast sirius","p2":"jiangzhejiang","format":"[Gen 9] National Dex","log":"|j|\u203dsoutheast sirius\n|j|\u2606jiangzhejiang\n|t:|1700358054\n|gametype|singles\n|player|p1|southeast sirius|swimmerf-gen6|1740\n|player|p2|jiangzhejiang|rosa-masters2|1790\n|teamsize|p1|6\n|teamsize|p2|6\n|gen|9\n|tier|[Gen 9] National Dex\n|rated|\n|rule|HP Percentage Mod: HP is shown in percentages\n|rule|Endless Battle Clause: Forcing endless battles is banned\n|rule|OHKO Clause: OHKO moves are banned\n|rule|Evasion Clause: Evasion abilities, items, and moves are banned\n|rule|Evasion Abilities Clause: Evasion abilities are banned\n|rule|Evasion Items Clause: Evasion items are banned\n|rule|Evasion Moves Clause: Evasion moves are banned\n|rule|Species Clause: Limit one of each Pok\u00e9mon\n|rule|Sleep Clause Mod: Limit one foe put to sleep\n|clearpoke\n|poke|p1|Iron Treads|\n|poke|p1|Pinsir, F|\n|poke|p1|Tapu Koko|\n|poke|p1|Sneasler, F|\n|poke|p1|Magnezone|\n|poke|p1|Staraptor, M|\n|poke|p2|Urshifu-*, F|\n|poke|p2|Rillaboom, M|\n|poke|p2|Sneasler, F|\n|poke|p2|Banette, F|\n|poke|p2|Kommo-o, F|\n|poke|p2|Garganacl, F|\n|teampreview\n|inactive|Battle timer is ON: inactive players will automatically lose when time's up. (requested by jiangzhejiang)\n|\n|t:|1700358076\n|start\n|switch|p1a: Tapu Koko|Tapu Koko|100\/100\n|switch|p2a: Urshifu|Urshifu-Rapid-Strike, F|100\/100\n|-fieldstart|move: Electric Terrain|[from] ability: Electric Surge|[of] p1a: Tapu Koko\n|turn|1\n|\n|t:|1700358085\n|move|p1a: Tapu Koko|Thunderbolt|p2a: Urshifu\n|-supereffective|p2a: Urshifu\n|-crit|p2a: Urshifu\n|-damage|p2a: Urshifu|0 fnt\n|faint|p2a: Urshifu\n|\n|upkeep\n|\n|t:|1700358103\n|switch|p2a: Kommo-o|Kommo-o, F|100\/100\n|turn|2\n|\n|t:|1700358121\n|move|p1a: Tapu Koko|Thunderbolt|p2a: Kommo-o\n|-resisted|p2a: Kommo-o\n|-damage|p2a: Kommo-o|69\/100\n|-status|p2a: Kommo-o|par\n|-zpower|p2a: Kommo-o\n|move|p2a: Kommo-o|Clangorous Soulblaze|p1a: Tapu Koko|[zeffect]\n|-immune|p1a: Tapu Koko\n|\n|upkeep\n|turn|3\n|\n|t:|1700358142\n|switch|p1a: Pinsir|Pinsir, F|100\/100\n|move|p2a: Kommo-o|Earthquake|p1a: Pinsir\n|-resisted|p1a: Pinsir\n|-damage|p1a: Pinsir|84\/100\n|\n|upkeep\n|turn|4\n|\n|t:|1700358152\n|switch|p2a: Garganacl|Garganacl, F|100\/100\n|detailschange|p1a: Pinsir|Pinsir-Mega, F\n|-mega|p1a: Pinsir|Pinsir|Pinsirite\n|move|p1a: Pinsir|Frustration|p2a: Garganacl\n|-resisted|p2a: Garganacl\n|-damage|p2a: Garganacl|75\/100\n|\n|-heal|p2a: Garganacl|81\/100|[from] item: Leftovers\n|upkeep\n|turn|5\n|\n|t:|1700358176\n|switch|p1a: Iron Treads|Iron Treads|100\/100\n|-activate|p1a: Iron Treads|ability: Quark Drive\n|-start|p1a: Iron Treads|quarkdrivespe\n|-item|p1a: Iron Treads|Air Balloon\n|-terastallize|p2a: Garganacl|Dragon\n|move|p2a: Garganacl|Salt Cure|p1a: Iron Treads\n|-resisted|p1a: Iron Treads\n|-damage|p1a: Iron Treads|97\/100\n|-start|p1a: Iron Treads|Salt Cure\n|-enditem|p1a: Iron Treads|Air Balloon\n|\n|-heal|p2a: Garganacl|88\/100|[from] item: Leftovers\n|-damage|p1a: Iron Treads|73\/100|[from] Salt Cure\n|-fieldend|move: Electric Terrain\n|-end|p1a: Iron Treads|Quark Drive\n|upkeep\n|turn|6\n|inactive|jiangzhejiang has 120 seconds left.\n|\n|t:|1700358193\n|move|p1a: Iron Treads|Stealth Rock|p2a: Garganacl\n|-sidestart|p2: jiangzhejiang|move: Stealth Rock\n|move|p2a: Garganacl|Stealth Rock|p1a: Iron Treads\n|-sidestart|p1: southeast sirius|move: Stealth Rock\n|\n|-heal|p2a: Garganacl|94\/100|[from] item: Leftovers\n|-damage|p1a: Iron Treads|48\/100|[from] Salt Cure\n|upkeep\n|turn|7\n|\n|t:|1700358201\n|switch|p2a: Banette|Banette, F|100\/100\n|-damage|p2a: Banette|88\/100|[from] Stealth Rock\n|move|p1a: Iron Treads|Earthquake|p2a: Banette\n|-damage|p2a: Banette|36\/100\n|\n|-damage|p1a: Iron Treads|23\/100|[from] Salt Cure\n|upkeep\n|turn|8\n|inactive|jiangzhejiang has 120 seconds left.\n|\n|t:|1700358245\n|switch|p2a: Rillaboom|Rillaboom, M|100\/100\n|-damage|p2a: Rillaboom|88\/100|[from] Stealth Rock\n|-fieldstart|move: Grassy Terrain|[from] ability: Grassy Surge|[of] p2a: Rillaboom\n|move|p1a: Iron Treads|Rapid Spin|p2a: Rillaboom\n|-damage|p2a: Rillaboom|74\/100\n|-boost|p1a: Iron Treads|spe|1\n|-sideend|p1: southeast sirius|Stealth Rock|[from] move: Rapid Spin|[of] p1a: Iron Treads\n|\n|-heal|p1a: Iron Treads|29\/100|[from] Grassy Terrain\n|-heal|p2a: Rillaboom|80\/100|[from] Grassy Terrain\n|-damage|p1a: Iron Treads|4\/100|[from] Salt Cure\n|upkeep\n|turn|9\n|inactive|jiangzhejiang has 90 seconds left.\n|\n|t:|1700358261\n|move|p2a: Rillaboom|Grassy Glide|p1a: Iron Treads\n|-damage|p1a: Iron Treads|0 fnt\n|faint|p1a: Iron Treads\n|-end|p1a: Iron Treads|Quark Drive|[silent]\n|\n|-heal|p2a: Rillaboom|86\/100|[from] Grassy Terrain\n|upkeep\n|\n|t:|1700358265\n|switch|p1a: Pinsir|Pinsir-Mega, F|84\/100\n|turn|10\n|\n|t:|1700358273\n|switch|p2a: Kommo-o|Kommo-o, F|69\/100 par\n|-damage|p2a: Kommo-o|63\/100 par|[from] Stealth Rock\n|move|p1a: Pinsir|Swords Dance|p1a: Pinsir\n|-boost|p1a: Pinsir|atk|2\n|\n|-heal|p2a: Kommo-o|69\/100 par|[from] Grassy Terrain\n|upkeep\n|turn|11\n|\n|t:|1700358284\n|move|p1a: Pinsir|Frustration|p2a: Kommo-o\n|-supereffective|p2a: Kommo-o\n|-damage|p2a: Kommo-o|0 fnt\n|faint|p2a: Kommo-o\n|\n|upkeep\n|\n|t:|1700358293\n|switch|p2a: Sneasler|Sneasler, F|100\/100\n|-damage|p2a: Sneasler|95\/100|[from] Stealth Rock\n|-enditem|p2a: Sneasler|Grassy Seed\n|-boost|p2a: Sneasler|def|1|[from] item: Grassy Seed\n|turn|12\n|j| YJLF\n|\n|t:|1700358311\n|move|p1a: Pinsir|Quick Attack|p2a: Sneasler\n|-supereffective|p2a: Sneasler\n|-damage|p2a: Sneasler|0 fnt\n|faint|p2a: Sneasler\n|\n|-fieldend|move: Grassy Terrain\n|upkeep\n|\n|t:|1700358318\n|switch|p2a: Banette|Banette, F|36\/100\n|-damage|p2a: Banette|23\/100|[from] Stealth Rock\n|turn|13\n|\n|t:|1700358324\n|detailschange|p2a: Banette|Banette-Mega, F\n|-mega|p2a: Banette|Banette|Banettite\n|move|p1a: Pinsir|Quick Attack|p2a: Banette\n|-damage|p2a: Banette|0 fnt\n|faint|p2a: Banette\n|\n|upkeep\n|-message|jiangzhejiang forfeited.\n|\n|win|southeast sirius\n|raw|southeast sirius's rating: 1740 &rarr; <strong>1763<\/strong><br \/>(+23 for winning)\n|raw|jiangzhejiang's rating: 1790 &rarr; <strong>1767<\/strong><br \/>(-23 for losing)\n|l|\u2606jiangzhejiang\n","uploadtime":1700358337,"views":7,"p1id":"southeastsirius","p2id":"jiangzhejiang","formatid":"gen9nationaldex","rating":1763,"private":0,"password":""}