{"id":"gen9nationaldex-1989403245","p1":"akyraaiko","p2":"Prithvi_Dev1","format":"[Gen 9] National Dex","log":"|j|\u2606akyraaiko\n|j|\u2606Prithvi_Dev1\n|t:|1699845784\n|gametype|singles\n|player|p1|akyraaiko|101|1101\n|player|p2|Prithvi_Dev1|n|1048\n|teamsize|p1|6\n|teamsize|p2|6\n|gen|9\n|tier|[Gen 9] National Dex\n|rated|\n|rule|HP Percentage Mod: HP is shown in percentages\n|rule|Endless Battle Clause: Forcing endless battles is banned\n|rule|OHKO Clause: OHKO moves are banned\n|rule|Evasion Clause: Evasion abilities, items, and moves are banned\n|rule|Evasion Abilities Clause: Evasion abilities are banned\n|rule|Evasion Items Clause: Evasion items are banned\n|rule|Evasion Moves Clause: Evasion moves are banned\n|rule|Species Clause: Limit one of each Pok\u00e9mon\n|rule|Sleep Clause Mod: Limit one foe put to sleep\n|clearpoke\n|poke|p1|Zoroark-Hisui, M|\n|poke|p1|Sneasler, M|\n|poke|p1|Aerodactyl, M|\n|poke|p1|Lycanroc-Dusk, M|\n|poke|p1|Iron Moth|\n|poke|p1|Urshifu-*, M|\n|poke|p2|Ninetales-Alola, F|\n|poke|p2|Urshifu-*, F|\n|poke|p2|Heatran, M|\n|poke|p2|Zapdos|\n|poke|p2|Tyranitar, F|\n|poke|p2|Aegislash, M|\n|teampreview\n|\n|t:|1699845817\n|start\n|switch|p1a: Iron Moth|Iron Moth|100\/100\n|switch|p2a: Urshifu|Urshifu-Rapid-Strike, F|100\/100\n|turn|1\n|\n|t:|1699845829\n|move|p1a: Iron Moth|Hurricane|p2a: Urshifu\n|-supereffective|p2a: Urshifu\n|-damage|p2a: Urshifu|0 fnt\n|faint|p2a: Urshifu\n|\n|upkeep\n|\n|t:|1699845836\n|switch|p2a: Tyranitar|Tyranitar, F|100\/100\n|-weather|Sandstorm|[from] ability: Sand Stream|[of] p2a: Tyranitar\n|turn|2\n|\n|t:|1699845842\n|-end|p1a: Iron Moth|Quark Drive|[silent]\n|switch|p1a: Urshifu|Urshifu-Rapid-Strike, M|100\/100\n|move|p2a: Tyranitar|Stone Edge|p1a: Urshifu\n|-resisted|p1a: Urshifu\n|-damage|p1a: Urshifu|73\/100\n|\n|-weather|Sandstorm|[upkeep]\n|-damage|p1a: Urshifu|67\/100|[from] Sandstorm\n|upkeep\n|turn|3\n|\n|t:|1699845853\n|switch|p2a: Aegislash|Aegislash, M|100\/100\n|move|p1a: Urshifu|Ice Spinner|p2a: Aegislash\n|-resisted|p2a: Aegislash\n|-damage|p2a: Aegislash|78\/100\n|\n|-weather|Sandstorm|[upkeep]\n|-damage|p1a: Urshifu|60\/100|[from] Sandstorm\n|upkeep\n|turn|4\n|\n|t:|1699845864\n|switch|p1a: Urshifu|Urshifu-Rapid-Strike, M|100\/100\n|move|p2a: Aegislash|Toxic|p1a: Urshifu\n|-status|p1a: Urshifu|tox\n|\n|-weather|Sandstorm|[upkeep]\n|-damage|p1a: Urshifu|95\/100 tox|[from] Sandstorm\n|-heal|p1a: Urshifu|100\/100 tox|[from] item: Leftovers\n|-damage|p1a: Urshifu|95\/100 tox|[from] psn\n|upkeep\n|turn|5\n|c|\u2606akyraaiko|wtf\n|c|\u2606akyraaiko|HAHAHAHA\n|\n|t:|1699845894\n|switch|p2a: Zapdos|Zapdos|100\/100\n|move|p1a: Urshifu|Poltergeist|p2a: Zapdos\n|-activate|p2a: Zapdos|move: Poltergeist|Charti Berry\n|-damage|p2a: Zapdos|58\/100\n|\n|-weather|Sandstorm|[upkeep]\n|-damage|p1a: Urshifu|89\/100 tox|[from] Sandstorm\n|-damage|p2a: Zapdos|52\/100|[from] Sandstorm\n|-heal|p1a: Urshifu|95\/100 tox|[from] item: Leftovers\n|-damage|p1a: Urshifu|83\/100 tox|[from] psn\n|upkeep\n|turn|6\n|\n|t:|1699845910\n|move|p1a: Urshifu|Nasty Plot|p1a: Urshifu\n|-boost|p1a: Urshifu|spa|2\n|move|p2a: Zapdos|Roost|p2a: Zapdos\n|-heal|p2a: Zapdos|100\/100\n|-singleturn|p2a: Zapdos|move: Roost\n|\n|-weather|none\n|-heal|p1a: Urshifu|89\/100 tox|[from] item: Leftovers\n|-damage|p1a: Urshifu|71\/100 tox|[from] psn\n|upkeep\n|turn|7\n|\n|t:|1699845933\n|-terastallize|p2a: Zapdos|Water\n|move|p1a: Urshifu|Hyper Voice|p2a: Zapdos\n|-damage|p2a: Zapdos|0 fnt\n|faint|p2a: Zapdos\n|\n|-heal|p1a: Urshifu|77\/100 tox|[from] item: Leftovers\n|-damage|p1a: Urshifu|53\/100 tox|[from] psn\n|upkeep\n|\n|t:|1699845943\n|switch|p2a: Heatran|Heatran, M|100\/100\n|turn|8\n|\n|t:|1699845954\n|move|p1a: Urshifu|Poltergeist|p2a: Heatran\n|-activate|p2a: Heatran|move: Poltergeist|Shuca Berry\n|-damage|p2a: Heatran|68\/100\n|move|p2a: Heatran|Magma Storm|p1a: Urshifu\n|-damage|p1a: Urshifu|0 fnt\n|replace|p1a: Zoroark|Zoroark-Hisui, M\n|-end|p1a: Zoroark|Illusion\n|faint|p1a: Zoroark\n|\n|upkeep\n|\n|t:|1699845963\n|switch|p1a: Aerodactyl|Aerodactyl, M|100\/100\n|turn|9\n|\n|t:|1699845971\n|switch|p2a: Tyranitar|Tyranitar, F|100\/100\n|-weather|Sandstorm|[from] ability: Sand Stream|[of] p2a: Tyranitar\n|detailschange|p1a: Aerodactyl|Aerodactyl-Mega, M\n|-mega|p1a: Aerodactyl|Aerodactyl|Aerodactylite\n|move|p1a: Aerodactyl|Earthquake|p2a: Tyranitar\n|-supereffective|p2a: Tyranitar\n|-damage|p2a: Tyranitar|43\/100\n|\n|-weather|Sandstorm|[upkeep]\n|upkeep\n|turn|10\n|\n|t:|1699845984\n|detailschange|p2a: Tyranitar|Tyranitar-Mega, F\n|-mega|p2a: Tyranitar|Tyranitar|Tyranitarite\n|move|p1a: Aerodactyl|Aqua Tail|p2a: Tyranitar\n|-supereffective|p2a: Tyranitar\n|-damage|p2a: Tyranitar|0 fnt\n|faint|p2a: Tyranitar\n|\n|-weather|Sandstorm|[upkeep]\n|upkeep\n|\n|t:|1699845992\n|switch|p2a: Ninetales|Ninetales-Alola, F|100\/100\n|-weather|Snow|[from] ability: Snow Warning|[of] p2a: Ninetales\n|turn|11\n|\n|t:|1699845998\n|move|p1a: Aerodactyl|Rock Blast|p2a: Ninetales\n|-supereffective|p2a: Ninetales\n|-damage|p2a: Ninetales|73\/100\n|-supereffective|p2a: Ninetales\n|-damage|p2a: Ninetales|48\/100\n|-supereffective|p2a: Ninetales\n|-damage|p2a: Ninetales|20\/100\n|-hitcount|p2a: Ninetales|3\n|move|p2a: Ninetales|Blizzard|p1a: Aerodactyl\n|-supereffective|p1a: Aerodactyl\n|-damage|p1a: Aerodactyl|0 fnt\n|faint|p1a: Aerodactyl\n|\n|-weather|Snow|[upkeep]\n|upkeep\n|\n|t:|1699846003\n|switch|p1a: Sneasler|Sneasler, M, shiny|100\/100\n|turn|12\n|\n|t:|1699846017\n|move|p1a: Sneasler|Dire Claw|p2a: Ninetales\n|-supereffective|p2a: Ninetales\n|-damage|p2a: Ninetales|0 fnt\n|faint|p2a: Ninetales\n|-damage|p1a: Sneasler|91\/100|[from] item: Life Orb\n|\n|-weather|Snow|[upkeep]\n|upkeep\n|\n|t:|1699846027\n|switch|p2a: Aegislash|Aegislash, M|78\/100\n|turn|13\n|\n|t:|1699846038\n|switch|p1a: Iron Moth|Iron Moth|100\/100\n|-formechange|p2a: Aegislash|Aegislash-Blade||[from] ability: Stance Change\n|move|p2a: Aegislash|Shadow Ball|p1a: Iron Moth\n|-damage|p1a: Iron Moth|62\/100\n|\n|-weather|Snow|[upkeep]\n|-heal|p1a: Iron Moth|68\/100|[from] item: Leftovers\n|upkeep\n|turn|14\n|\n|t:|1699846049\n|switch|p2a: Heatran|Heatran, M|68\/100\n|move|p1a: Iron Moth|Fire Blast|p2a: Heatran\n|-start|p2a: Heatran|ability: Flash Fire\n|\n|-weather|Snow|[upkeep]\n|-heal|p1a: Iron Moth|74\/100|[from] item: Leftovers\n|upkeep\n|turn|15\n|\n|t:|1699846063\n|-end|p1a: Iron Moth|Quark Drive|[silent]\n|switch|p1a: Urshifu|Urshifu-Rapid-Strike, M|60\/100\n|move|p2a: Heatran|Metal Sound|p1a: Urshifu\n|-unboost|p1a: Urshifu|spd|2\n|\n|-weather|none\n|upkeep\n|turn|16\n|\n|t:|1699846073\n|move|p1a: Urshifu|Surging Strikes|p2a: Heatran\n|-supereffective|p2a: Heatran\n|-crit|p2a: Heatran\n|-damage|p2a: Heatran|6\/100\n|-supereffective|p2a: Heatran\n|-crit|p2a: Heatran\n|-damage|p2a: Heatran|0 fnt\n|faint|p2a: Heatran\n|-hitcount|p2: Heatran|2\n|\n|upkeep\n|-message|Prithvi_Dev1 forfeited.\n|\n|win|akyraaiko\n|raw|akyraaiko's rating: 1101 &rarr; <strong>1122<\/strong><br \/>(+21 for winning)\n|raw|Prithvi_Dev1's rating: 1048 &rarr; <strong>1033<\/strong><br \/>(-15 for losing)\n|l|\u2606Prithvi_Dev1\n|c|\u2606akyraaiko|gg ez bttro\n","uploadtime":1699846093,"views":9,"p1id":"akyraaiko","p2id":"prithvidev1","formatid":"gen9nationaldex","rating":1033,"private":0,"password":""}