{"id":"gen9nationaldex-1990940169","p1":"GABRIEL_HU","p2":"RustySoupCan","format":"[Gen 9] National Dex","log":"|j|\u2606GABRIEL_HU\n|j|\u2606RustySoupCan\n|t:|1700017541\n|gametype|singles\n|player|p1|GABRIEL_HU|guitarist|1373\n|player|p2|RustySoupCan|bugsy|1332\n|teamsize|p1|6\n|teamsize|p2|6\n|gen|9\n|tier|[Gen 9] National Dex\n|rated|\n|rule|HP Percentage Mod: HP is shown in percentages\n|rule|Endless Battle Clause: Forcing endless battles is banned\n|rule|OHKO Clause: OHKO moves are banned\n|rule|Evasion Clause: Evasion abilities, items, and moves are banned\n|rule|Evasion Abilities Clause: Evasion abilities are banned\n|rule|Evasion Items Clause: Evasion items are banned\n|rule|Evasion Moves Clause: Evasion moves are banned\n|rule|Species Clause: Limit one of each Pok\u00e9mon\n|rule|Sleep Clause Mod: Limit one foe put to sleep\n|clearpoke\n|poke|p1|Garganacl, M|\n|poke|p1|Greninja-*, M|\n|poke|p1|Zapdos|\n|poke|p1|Great Tusk|\n|poke|p1|Heatran, M|\n|poke|p1|Scizor, F|\n|poke|p2|Lopunny, F|\n|poke|p2|Landorus-Therian, M|\n|poke|p2|Heatran, F|\n|poke|p2|Tapu Lele|\n|poke|p2|Sneasler, M|\n|poke|p2|Rotom-Wash|\n|teampreview\n|inactive|Battle timer is ON: inactive players will automatically lose when time's up. (requested by GABRIEL_HU)\n|l|\u2606RustySoupCan\n|inactive|RustySoupCan disconnected and has a minute to reconnect!\n|player|p2|\n|inactive|RustySoupCan has 30 seconds to reconnect!\n|inactiveoff|Battle timer is now OFF.\n|j|\u2606RustySoupCan\n|player|p2|RustySoupCan|bugsy\n|n|\u2606RustySoupCan|rustysoupcan\n|inactive|Battle timer is ON: inactive players will automatically lose when time's up. (requested by RustySoupCan)\n|\n|t:|1700017602\n|start\n|switch|p1a: Great Tusk|Great Tusk|100\/100\n|switch|p2a: Lopunny|Lopunny, F|100\/100\n|turn|1\n|\n|t:|1700017613\n|-end|p1a: Great Tusk|Protosynthesis|[silent]\n|switch|p1a: Zapdos|Zapdos|100\/100\n|detailschange|p2a: Lopunny|Lopunny-Mega, F\n|-mega|p2a: Lopunny|Lopunny|Lopunnite\n|move|p2a: Lopunny|Fake Out|p1a: Zapdos\n|-damage|p1a: Zapdos|84\/100\n|-status|p2a: Lopunny|par|[from] ability: Static|[of] p1a: Zapdos\n|\n|upkeep\n|turn|2\n|\n|t:|1700017623\n|switch|p2a: Heatran|Heatran, F|100\/100\n|move|p1a: Zapdos|U-turn|p2a: Heatran\n|-resisted|p2a: Heatran\n|-damage|p2a: Heatran|98\/100\n|\n|t:|1700017629\n|switch|p1a: Great Tusk|Great Tusk|100\/100|[from] U-turn\n|\n|-heal|p2a: Heatran|100\/100|[from] item: Leftovers\n|upkeep\n|turn|3\n|\n|t:|1700017635\n|switch|p2a: Rotom|Rotom-Wash|100\/100\n|move|p1a: Great Tusk|Rapid Spin|p2a: Rotom\n|-damage|p2a: Rotom|87\/100\n|-boost|p1a: Great Tusk|spe|1\n|\n|-heal|p2a: Rotom|94\/100|[from] item: Leftovers\n|upkeep\n|turn|4\n|\n|t:|1700017643\n|-end|p1a: Great Tusk|Protosynthesis|[silent]\n|switch|p1a: Garganacl|Garganacl, M, shiny|100\/100\n|move|p2a: Rotom|Will-O-Wisp|p1a: Garganacl\n|-immune|p1a: Garganacl|[from] ability: Purifying Salt\n|\n|-heal|p2a: Rotom|99\/100|[from] item: Leftovers\n|upkeep\n|turn|5\n|\n|t:|1700017650\n|-terastallize|p1a: Garganacl|Water\n|move|p2a: Rotom|Hydro Pump|p1a: Garganacl\n|-resisted|p1a: Garganacl\n|-damage|p1a: Garganacl|88\/100\n|move|p1a: Garganacl|Salt Cure|p2a: Rotom\n|-damage|p2a: Rotom|90\/100\n|-start|p2a: Rotom|Salt Cure\n|\n|-heal|p2a: Rotom|96\/100|[from] item: Leftovers\n|-heal|p1a: Garganacl|94\/100|[from] item: Leftovers\n|-damage|p2a: Rotom|71\/100|[from] Salt Cure\n|upkeep\n|turn|6\n|\n|t:|1700017664\n|move|p2a: Rotom|Volt Switch|p1a: Garganacl\n|-supereffective|p1a: Garganacl\n|-damage|p1a: Garganacl|63\/100\n|\n|t:|1700017669\n|switch|p2a: Tapu Lele|Tapu Lele|100\/100|[from] Volt Switch\n|-fieldstart|move: Psychic Terrain|[from] ability: Psychic Surge|[of] p2a: Tapu Lele\n|move|p1a: Garganacl|Salt Cure|p2a: Tapu Lele\n|-damage|p2a: Tapu Lele|79\/100\n|-start|p2a: Tapu Lele|Salt Cure\n|\n|-heal|p1a: Garganacl|69\/100|[from] item: Leftovers\n|-damage|p2a: Tapu Lele|66\/100|[from] Salt Cure\n|upkeep\n|turn|7\n|\n|t:|1700017673\n|switch|p1a: Heatran|Heatran, M|100\/100\n|-terastallize|p2a: Tapu Lele|Psychic\n|move|p2a: Tapu Lele|Psychic|p1a: Heatran\n|-resisted|p1a: Heatran\n|-damage|p1a: Heatran|77\/100\n|\n|-damage|p2a: Tapu Lele|54\/100|[from] Salt Cure\n|upkeep\n|turn|8\n|\n|t:|1700017691\n|switch|p2a: Landorus|Landorus-Therian, M|100\/100\n|-ability|p2a: Landorus|Intimidate|boost\n|-unboost|p1a: Heatran|atk|1\n|move|p1a: Heatran|Protect||[still]\n|-fail|p1a: Heatran\n|\n|upkeep\n|turn|9\n|\n|t:|1700017696\n|switch|p1a: Great Tusk|Great Tusk|100\/100\n|move|p2a: Landorus|Stealth Rock|p1a: Great Tusk\n|-sidestart|p1: GABRIEL_HU|move: Stealth Rock\n|\n|upkeep\n|turn|10\n|\n|t:|1700017709\n|move|p1a: Great Tusk|Rapid Spin|p2a: Landorus\n|-damage|p2a: Landorus|88\/100\n|-boost|p1a: Great Tusk|spe|1\n|-damage|p1a: Great Tusk|84\/100|[from] item: Rocky Helmet|[of] p2a: Landorus\n|-sideend|p1: GABRIEL_HU|Stealth Rock|[from] move: Rapid Spin|[of] p1a: Great Tusk\n|move|p2a: Landorus|Toxic|p1a: Great Tusk\n|-status|p1a: Great Tusk|tox\n|\n|-damage|p1a: Great Tusk|78\/100 tox|[from] psn\n|-fieldend|move: Psychic Terrain\n|upkeep\n|turn|11\n|\n|t:|1700017713\n|-zpower|p1a: Great Tusk\n|move|p1a: Great Tusk|Subzero Slammer|p2a: Landorus|[zeffect]\n|-supereffective|p2a: Landorus\n|-damage|p2a: Landorus|0 fnt\n|faint|p2a: Landorus\n|\n|-damage|p1a: Great Tusk|65\/100 tox|[from] psn\n|upkeep\n|inactive|RustySoupCan has 120 seconds left.\n|l|\u2606RustySoupCan\n|inactive|RustySoupCan disconnected and has a minute to reconnect!\n|player|p2|\n|c|\u2606GABRIEL_HU|...\n|inactive|RustySoupCan has 30 seconds to reconnect!\n|inactive|RustySoupCan has 20 seconds to reconnect!\n|inactive|RustySoupCan has 15 seconds to reconnect!\n|inactive|RustySoupCan has 10 seconds to reconnect!\n|inactive|RustySoupCan has 5 seconds to reconnect!\n|-message|RustySoupCan lost due to inactivity.\n|\n|win|GABRIEL_HU\n|raw|GABRIEL_HU's rating: 1373 &rarr; <strong>1391<\/strong><br \/>(+18 for winning)\n|raw|RustySoupCan's rating: 1332 &rarr; <strong>1314<\/strong><br \/>(-18 for losing)\n","uploadtime":1700017827,"views":6,"p1id":"gabrielhu","p2id":"rustysoupcan","formatid":"gen9nationaldex","rating":1314,"private":0,"password":""}