{"id":"gen9nationaldex-1996525398","p1":"Plutonium PT","p2":"RiloBR","format":"[Gen 9] National Dex","log":"|html|<div class=\"broadcast-blue\"><strong>[Gen 9] National Dex is currently suspecting Sneasler! For information on how to participate check out the <a href=\"https:\/\/www.smogon.com\/forums\/threads\/sv-national-dex-suspect-8-just-dance.3731534\/\">suspect thread<\/a>.<\/strong><\/div>\n|j|\u2606Plutonium PT\n|j|\u2606RiloBR\n|inactive|Battle timer is ON: inactive players will automatically lose when time's up.\n|t:|1700690617\n|gametype|singles\n|player|p1|Plutonium PT|clay|\n|player|p2|RiloBR|korrina|\n|teamsize|p1|6\n|teamsize|p2|6\n|gen|9\n|tier|[Gen 9] National Dex\n|rated|Tournament battle\n|rule|HP Percentage Mod: HP is shown in percentages\n|rule|Endless Battle Clause: Forcing endless battles is banned\n|rule|OHKO Clause: OHKO moves are banned\n|rule|Evasion Clause: Evasion abilities, items, and moves are banned\n|rule|Evasion Abilities Clause: Evasion abilities are banned\n|rule|Evasion Items Clause: Evasion items are banned\n|rule|Evasion Moves Clause: Evasion moves are banned\n|rule|Species Clause: Limit one of each Pok\u00e9mon\n|rule|Sleep Clause Mod: Limit one foe put to sleep\n|clearpoke\n|poke|p1|Lopunny, F|\n|poke|p1|Clefable, F|\n|poke|p1|Landorus-Therian, M|\n|poke|p1|Urshifu-*, M|\n|poke|p1|Kyurem|\n|poke|p1|Heatran, F|\n|poke|p2|Pelipper, M|\n|poke|p2|Greninja-*, M|\n|poke|p2|Manaphy|\n|poke|p2|Basculegion, M|\n|poke|p2|Zapdos|\n|poke|p2|Hatterene, F|\n|teampreview\n|inactive|RiloBR also wants the timer to be on.\n|j| 1oao\n|c|\u2606Plutonium PT|hf\n|c|\u2606RiloBR|hf\n|j| astral.kaira\n|inactive|RiloBR has 120 seconds left.\n|\n|t:|1700690670\n|start\n|switch|p1a: Kyurem|Kyurem|100\/100\n|switch|p2a: Pelipper|Pelipper, M|100\/100\n|-ability|p1a: Kyurem|Pressure\n|-weather|RainDance|[from] ability: Drizzle|[of] p2a: Pelipper\n|turn|1\n|\n|t:|1700690673\n|switch|p2a: Hatterene|Hatterene, F|100\/100\n|move|p1a: Kyurem|Freeze-Dry|p2a: Hatterene\n|-damage|p2a: Hatterene|52\/100\n|-enditem|p2a: Hatterene|Eject Button\n|\n|t:|1700690682\n|switch|p2a: Zapdos|Zapdos|100\/100\n|\n|-weather|RainDance|[upkeep]\n|upkeep\n|turn|2\n|\n|t:|1700690692\n|switch|p1a: Heatran|Heatran, F|100\/100\n|move|p2a: Zapdos|Hurricane|p1a: Heatran\n|-resisted|p1a: Heatran\n|-damage|p1a: Heatran|83\/100\n|\n|-weather|RainDance|[upkeep]\n|-heal|p1a: Heatran|89\/100|[from] item: Leftovers\n|upkeep\n|turn|3\n|\n|t:|1700690703\n|move|p2a: Zapdos|Weather Ball|p1a: Heatran\n|-supereffective|p1a: Heatran\n|-damage|p1a: Heatran|15\/100\n|move|p1a: Heatran|Stealth Rock|p2a: Zapdos\n|-sidestart|p2: RiloBR|move: Stealth Rock\n|\n|-weather|RainDance|[upkeep]\n|-heal|p1a: Heatran|21\/100|[from] item: Leftovers\n|upkeep\n|turn|4\n|\n|t:|1700690707\n|move|p2a: Zapdos|Thunder|p1a: Heatran\n|-crit|p1a: Heatran\n|-damage|p1a: Heatran|0 fnt\n|faint|p1a: Heatran\n|\n|-weather|RainDance|[upkeep]\n|upkeep\n|\n|t:|1700690720\n|switch|p1a: Kyurem|Kyurem|100\/100\n|-ability|p1a: Kyurem|Pressure\n|turn|5\n|inactive|RiloBR has 120 seconds left.\n|\n|t:|1700690752\n|move|p2a: Zapdos|Thunder|p1a: Kyurem\n|-resisted|p1a: Kyurem\n|-damage|p1a: Kyurem|73\/100\n|move|p1a: Kyurem|Ice Beam|p2a: Zapdos\n|-supereffective|p2a: Zapdos\n|-damage|p2a: Zapdos|0 fnt\n|faint|p2a: Zapdos\n|\n|-weather|RainDance|[upkeep]\n|upkeep\n|inactive|RiloBR has 120 seconds left.\n|\n|t:|1700690766\n|switch|p2a: Basculegion|Basculegion, M|100\/100\n|-damage|p2a: Basculegion|88\/100|[from] Stealth Rock\n|turn|6\n|l| 1oao\n|\n|t:|1700690779\n|switch|p1a: Clefable|Clefable, F|100\/100\n|-terastallize|p2a: Basculegion|Water\n|move|p2a: Basculegion|Wave Crash|p1a: Clefable\n|-damage|p1a: Clefable|0 fnt\n|faint|p1a: Clefable\n|-damage|p2a: Basculegion|54\/100|[from] Recoil\n|\n|-weather|RainDance|[upkeep]\n|upkeep\n|\n|t:|1700690782\n|switch|p1a: Lopunny|Lopunny, F|100\/100\n|turn|7\n|\n|t:|1700690793\n|switch|p2a: Hatterene|Hatterene, F|52\/100\n|-damage|p2a: Hatterene|40\/100|[from] Stealth Rock\n|detailschange|p1a: Lopunny|Lopunny-Mega, F\n|-mega|p1a: Lopunny|Lopunny|Lopunnite\n|move|p1a: Lopunny|Fake Out|p2a: Hatterene\n|-damage|p2a: Hatterene|22\/100\n|\n|-weather|RainDance|[upkeep]\n|upkeep\n|turn|8\n|\n|t:|1700690796\n|move|p1a: Lopunny|U-turn|p2a: Hatterene\n|-damage|p2a: Hatterene|0 fnt\n|faint|p2a: Hatterene\n|\n|t:|1700690803\n|switch|p1a: Kyurem|Kyurem|73\/100|[from] U-turn\n|-ability|p1a: Kyurem|Pressure\n|\n|-weather|none\n|upkeep\n|\n|t:|1700690807\n|switch|p2a: Pelipper|Pelipper, M|100\/100\n|-damage|p2a: Pelipper|76\/100|[from] Stealth Rock\n|-weather|RainDance|[from] ability: Drizzle|[of] p2a: Pelipper\n|turn|9\n|\n|t:|1700690810\n|move|p1a: Kyurem|Freeze-Dry|p2a: Pelipper\n|-supereffective|p2a: Pelipper\n|-damage|p2a: Pelipper|0 fnt\n|faint|p2a: Pelipper\n|\n|-weather|RainDance|[upkeep]\n|upkeep\n|\n|t:|1700690812\n|switch|p2a: Basculegion|Basculegion, M, tera:Water|54\/100\n|-damage|p2a: Basculegion|42\/100|[from] Stealth Rock\n|turn|10\n|\n|t:|1700690825\n|move|p2a: Basculegion|Wave Crash|p1a: Kyurem\n|-resisted|p1a: Kyurem\n|-damage|p1a: Kyurem|0 fnt\n|faint|p1a: Kyurem\n|-damage|p2a: Basculegion|17\/100|[from] Recoil\n|\n|-weather|RainDance|[upkeep]\n|upkeep\n|\n|t:|1700690833\n|switch|p1a: Lopunny|Lopunny-Mega, F|100\/100\n|turn|11\n|\n|t:|1700690842\n|move|p1a: Lopunny|Fake Out|p2a: Basculegion\n|-damage|p2a: Basculegion|0 fnt\n|faint|p2a: Basculegion\n|\n|-weather|RainDance|[upkeep]\n|upkeep\n|\n|t:|1700690844\n|switch|p2a: Manaphy|Manaphy|100\/100\n|-damage|p2a: Manaphy|88\/100|[from] Stealth Rock\n|turn|12\n|\n|t:|1700690855\n|move|p1a: Lopunny|Return|p2a: Manaphy\n|-damage|p2a: Manaphy|43\/100\n|-zpower|p2a: Manaphy\n|move|p2a: Manaphy|Hydro Vortex|p1a: Lopunny|[zeffect]\n|-damage|p1a: Lopunny|0 fnt\n|faint|p1a: Lopunny\n|\n|-weather|RainDance|[upkeep]\n|upkeep\n|\n|t:|1700690866\n|switch|p1a: Urshifu|Urshifu-Rapid-Strike, M|100\/100\n|turn|13\n|\n|t:|1700690884\n|move|p1a: Urshifu|U-turn|p2a: Manaphy\n|-damage|p2a: Manaphy|11\/100\n|c|\u2606Plutonium PT|me fudi\n|\n|t:|1700690894\n|switch|p1a: Landorus|Landorus-Therian, M|100\/100|[from] U-turn\n|-ability|p1a: Landorus|Intimidate|boost\n|-unboost|p2a: Manaphy|atk|1\n|move|p2a: Manaphy|Surf|p1a: Landorus\n|-supereffective|p1a: Landorus\n|-damage|p1a: Landorus|0 fnt\n|faint|p1a: Landorus\n|\n|-weather|RainDance|[upkeep]\n|upkeep\n|\n|t:|1700690896\n|switch|p1a: Urshifu|Urshifu-Rapid-Strike, M|100\/100\n|turn|14\n|c|\u2606Plutonium PT|o modest\n|c|\u2606RiloBR|nah\n|c|\u2606Plutonium PT|kk\n|c|\u2606Plutonium PT|sim sim\n|\n|t:|1700690904\n|move|p1a: Urshifu|Surging Strikes|p2a: Manaphy\n|-resisted|p2a: Manaphy\n|-crit|p2a: Manaphy\n|-damage|p2a: Manaphy|0 fnt\n|faint|p2a: Manaphy\n|-hitcount|p2: Manaphy|1\n|\n|-weather|RainDance|[upkeep]\n|upkeep\n|\n|t:|1700690906\n|switch|p2a: Greninja|Greninja, M|100\/100\n|-damage|p2a: Greninja|88\/100|[from] Stealth Rock\n|turn|15\n|c|\u2606Plutonium PT|vou levar um hydro specs\n|\n|t:|1700690913\n|-terastallize|p1a: Urshifu|Water\n|move|p2a: Greninja|Surf|p1a: Urshifu\n|-resisted|p1a: Urshifu\n|-damage|p1a: Urshifu|37\/100\n|-damage|p2a: Greninja|78\/100|[from] item: Life Orb\n|move|p1a: Urshifu|Surging Strikes|p2a: Greninja\n|-resisted|p2a: Greninja\n|-crit|p2a: Greninja\n|-damage|p2a: Greninja|25\/100\n|-resisted|p2a: Greninja\n|-crit|p2a: Greninja\n|-damage|p2a: Greninja|0 fnt\n|faint|p2a: Greninja\n|-hitcount|p2: Greninja|2\n|\n|win|Plutonium PT\n|n|\u2606Plutonium PT|plutoniumpt\n|n|\u2606RiloBR|rilobr\n|n| astral.kaira|astralkaira\n|l|\u2606RiloBR\n|c|\u2606Plutonium PT|ah\n|l| astral.kaira\n","uploadtime":1700691053,"views":1,"p1id":"plutoniumpt","p2id":"rilobr","formatid":"gen9nationaldex","rating":0,"private":0,"password":""}