{"id":"gen9nationaldex-1992901524","p1":"retrogamer1987","p2":"finnawinbruh","format":"[Gen 9] National Dex","log":"|j|\u2606retrogamer1987\n|j|\u2606finnawinbruh\n|t:|1700245266\n|gametype|singles\n|player|p1|retrogamer1987|101|1388\n|player|p2|finnawinbruh|volkner|1290\n|teamsize|p1|6\n|teamsize|p2|6\n|gen|9\n|tier|[Gen 9] National Dex\n|rated|\n|rule|HP Percentage Mod: HP is shown in percentages\n|rule|Endless Battle Clause: Forcing endless battles is banned\n|rule|OHKO Clause: OHKO moves are banned\n|rule|Evasion Clause: Evasion abilities, items, and moves are banned\n|rule|Evasion Abilities Clause: Evasion abilities are banned\n|rule|Evasion Items Clause: Evasion items are banned\n|rule|Evasion Moves Clause: Evasion moves are banned\n|rule|Species Clause: Limit one of each Pok\u00e9mon\n|rule|Sleep Clause Mod: Limit one foe put to sleep\n|clearpoke\n|poke|p1|Sableye, F|\n|poke|p1|Hatterene, F|\n|poke|p1|Clefable, M|\n|poke|p1|Clodsire, F|\n|poke|p1|Chansey, F|\n|poke|p1|Dragonite, M|\n|poke|p2|Zamazenta-*|\n|poke|p2|Whimsicott, M|\n|poke|p2|Garganacl, M|\n|poke|p2|Hoopa-Unbound|\n|poke|p2|Dondozo, M|\n|poke|p2|Gigalith, M|\n|teampreview\n|inactive|Battle timer is ON: inactive players will automatically lose when time's up. (requested by finnawinbruh)\n|\n|t:|1700245277\n|start\n|switch|p1a: Sableye|Sableye, F|100\/100\n|switch|p2a: Garganacl|Garganacl, M|100\/100\n|turn|1\n|\n|t:|1700245287\n|detailschange|p1a: Sableye|Sableye-Mega, F\n|-mega|p1a: Sableye|Sableye|Sablenite\n|move|p2a: Garganacl|Salt Cure|p1a: Sableye\n|-damage|p1a: Sableye|90\/100\n|-start|p1a: Sableye|Salt Cure\n|move|p1a: Sableye|Calm Mind|p1a: Sableye\n|-boost|p1a: Sableye|spa|1\n|-boost|p1a: Sableye|spd|1\n|\n|-damage|p1a: Sableye|78\/100|[from] Salt Cure\n|upkeep\n|turn|2\n|\n|t:|1700245317\n|switch|p2a: Whimsicott|Whimsicott, M|100\/100\n|switch|p1a: Clefable|Clefable, M|100\/100\n|\n|upkeep\n|turn|3\n|\n|t:|1700245325\n|move|p2a: Whimsicott|Leech Seed|p1a: Clefable\n|-start|p1a: Clefable|move: Leech Seed\n|move|p1a: Clefable|Moonblast|p2a: Whimsicott\n|-damage|p2a: Whimsicott|58\/100\n|\n|-heal|p2a: Whimsicott|64\/100|[from] item: Leftovers\n|-damage|p1a: Clefable|88\/100|[from] Leech Seed|[of] p2a: Whimsicott\n|-heal|p2a: Whimsicott|79\/100|[silent]\n|upkeep\n|turn|4\n|\n|t:|1700245333\n|move|p2a: Whimsicott|Toxic|p1a: Clefable\n|-status|p1a: Clefable|tox\n|move|p1a: Clefable|Moonblast|p2a: Whimsicott\n|-damage|p2a: Whimsicott|37\/100\n|\n|-heal|p2a: Whimsicott|43\/100|[from] item: Leftovers\n|-heal|p1a: Clefable|94\/100 tox|[from] item: Leftovers\n|-damage|p1a: Clefable|82\/100 tox|[from] Leech Seed|[of] p2a: Whimsicott\n|-heal|p2a: Whimsicott|58\/100|[silent]\n|-damage|p1a: Clefable|76\/100 tox|[from] psn\n|upkeep\n|turn|5\n|\n|t:|1700245344\n|move|p2a: Whimsicott|Protect|p2a: Whimsicott\n|-singleturn|p2a: Whimsicott|Protect\n|move|p1a: Clefable|Calm Mind|p1a: Clefable\n|-boost|p1a: Clefable|spa|1\n|-boost|p1a: Clefable|spd|1\n|\n|-heal|p2a: Whimsicott|64\/100|[from] item: Leftovers\n|-heal|p1a: Clefable|82\/100 tox|[from] item: Leftovers\n|-damage|p1a: Clefable|69\/100 tox|[from] Leech Seed|[of] p2a: Whimsicott\n|-heal|p2a: Whimsicott|79\/100|[silent]\n|-damage|p1a: Clefable|57\/100 tox|[from] psn\n|upkeep\n|turn|6\n|\n|t:|1700245355\n|move|p2a: Whimsicott|Substitute|p2a: Whimsicott\n|-start|p2a: Whimsicott|Substitute\n|-damage|p2a: Whimsicott|54\/100\n|move|p1a: Clefable|Moonblast|p2a: Whimsicott\n|-end|p2a: Whimsicott|Substitute\n|\n|-heal|p2a: Whimsicott|60\/100|[from] item: Leftovers\n|-heal|p1a: Clefable|63\/100 tox|[from] item: Leftovers\n|-damage|p1a: Clefable|51\/100 tox|[from] Leech Seed|[of] p2a: Whimsicott\n|-heal|p2a: Whimsicott|75\/100|[silent]\n|-damage|p1a: Clefable|32\/100 tox|[from] psn\n|upkeep\n|turn|7\n|\n|t:|1700245368\n|move|p2a: Whimsicott|Substitute|p2a: Whimsicott\n|-start|p2a: Whimsicott|Substitute\n|-damage|p2a: Whimsicott|50\/100\n|move|p1a: Clefable|Rest|p1a: Clefable\n|-status|p1a: Clefable|slp|[from] move: Rest\n|-heal|p1a: Clefable|100\/100 slp|[silent]\n|\n|-heal|p2a: Whimsicott|57\/100|[from] item: Leftovers\n|-damage|p1a: Clefable|88\/100 slp|[from] Leech Seed|[of] p2a: Whimsicott\n|-heal|p2a: Whimsicott|72\/100|[silent]\n|upkeep\n|turn|8\n|\n|t:|1700245385\n|switch|p2a: Garganacl|Garganacl, M|100\/100\n|cant|p1a: Clefable|slp\n|move|p1a: Clefable|Sleep Talk|p1a: Clefable\n|move|p1a: Clefable|Moonblast|p2a: Garganacl|[from]move: Sleep Talk\n|-damage|p2a: Garganacl|70\/100\n|\n|-heal|p1a: Clefable|94\/100 slp|[from] item: Leftovers\n|-heal|p2a: Garganacl|76\/100|[from] item: Leftovers\n|-damage|p1a: Clefable|82\/100 slp|[from] Leech Seed|[of] p2a: Garganacl\n|-heal|p2a: Garganacl|88\/100|[silent]\n|upkeep\n|turn|9\n|\n|t:|1700245396\n|cant|p1a: Clefable|slp\n|move|p1a: Clefable|Sleep Talk|p1a: Clefable\n|move|p1a: Clefable|Rest||[from]move: Sleep Talk|[still]\n|-fail|p1a: Clefable\n|move|p2a: Garganacl|Salt Cure|p1a: Clefable\n|-damage|p1a: Clefable|71\/100 slp\n|-start|p1a: Clefable|Salt Cure\n|\n|-heal|p1a: Clefable|77\/100 slp|[from] item: Leftovers\n|-heal|p2a: Garganacl|94\/100|[from] item: Leftovers\n|-damage|p1a: Clefable|65\/100 slp|[from] Leech Seed|[of] p2a: Garganacl\n|-heal|p2a: Garganacl|100\/100|[silent]\n|-damage|p1a: Clefable|52\/100 slp|[from] Salt Cure\n|upkeep\n|turn|10\n|\n|t:|1700245409\n|switch|p2a: Dondozo|Dondozo, M|100\/100\n|-curestatus|p1a: Clefable|slp|[msg]\n|move|p1a: Clefable|Moonblast|p2a: Dondozo\n|-damage|p2a: Dondozo|85\/100\n|\n|-heal|p1a: Clefable|58\/100|[from] item: Leftovers\n|-damage|p1a: Clefable|46\/100|[from] Leech Seed|[of] p2a: Dondozo\n|-heal|p2a: Dondozo|95\/100|[silent]\n|-damage|p1a: Clefable|33\/100|[from] Salt Cure\n|upkeep\n|turn|11\n|\n|t:|1700245423\n|switch|p1a: Chansey|Chansey, F|100\/100\n|move|p2a: Dondozo|Wave Crash|p1a: Chansey\n|-damage|p1a: Chansey|75\/100\n|-damage|p2a: Dondozo|83\/100|[from] Recoil\n|\n|upkeep\n|turn|12\n|\n|t:|1700245440\n|move|p1a: Chansey|Toxic|p2a: Dondozo\n|-status|p2a: Dondozo|tox\n|move|p2a: Dondozo|Wave Crash|p1a: Chansey\n|-damage|p1a: Chansey|50\/100\n|-damage|p2a: Dondozo|72\/100 tox|[from] Recoil\n|\n|-damage|p2a: Dondozo|66\/100 tox|[from] psn\n|upkeep\n|turn|13\n|\n|t:|1700245456\n|switch|p2a: Garganacl|Garganacl, M|100\/100\n|move|p1a: Chansey|Soft-Boiled|p1a: Chansey\n|-heal|p1a: Chansey|99\/100\n|\n|upkeep\n|turn|14\n|\n|t:|1700245471\n|switch|p1a: Sableye|Sableye-Mega, F|78\/100\n|move|p2a: Garganacl|Salt Cure|p1a: Sableye\n|-damage|p1a: Sableye|69\/100\n|-start|p1a: Sableye|Salt Cure\n|\n|-damage|p1a: Sableye|57\/100|[from] Salt Cure\n|upkeep\n|turn|15\n|\n|t:|1700245478\n|move|p2a: Garganacl|Salt Cure|p1a: Sableye\n|-damage|p1a: Sableye|47\/100\n|move|p1a: Sableye|Recover|p1a: Sableye\n|-heal|p1a: Sableye|98\/100\n|\n|-damage|p1a: Sableye|85\/100|[from] Salt Cure\n|upkeep\n|turn|16\n|\n|t:|1700245485\n|switch|p1a: Hatterene|Hatterene, F|100\/100\n|move|p2a: Garganacl|Salt Cure|p1a: Hatterene\n|-damage|p1a: Hatterene|89\/100\n|-start|p1a: Hatterene|Salt Cure\n|\n|-heal|p1a: Hatterene|95\/100|[from] item: Leftovers\n|-damage|p1a: Hatterene|83\/100|[from] Salt Cure\n|upkeep\n|turn|17\n|\n|t:|1700245494\n|switch|p2a: Hoopa|Hoopa-Unbound|100\/100\n|move|p1a: Hatterene|Calm Mind|p1a: Hatterene\n|-boost|p1a: Hatterene|spa|1\n|-boost|p1a: Hatterene|spd|1\n|\n|-heal|p1a: Hatterene|89\/100|[from] item: Leftovers\n|-damage|p1a: Hatterene|77\/100|[from] Salt Cure\n|upkeep\n|turn|18\n|\n|t:|1700245503\n|move|p2a: Hoopa|Dark Pulse|p1a: Hatterene\n|-damage|p1a: Hatterene|14\/100\n|move|p1a: Hatterene|Draining Kiss|p2a: Hoopa\n|-supereffective|p2a: Hoopa\n|-damage|p2a: Hoopa|37\/100\n|-heal|p1a: Hatterene|60\/100|[from] drain|[of] p2a: Hoopa\n|\n|-heal|p1a: Hatterene|66\/100|[from] item: Leftovers\n|-damage|p1a: Hatterene|53\/100|[from] Salt Cure\n|upkeep\n|turn|19\n|\n|t:|1700245514\n|switch|p2a: Garganacl|Garganacl, M|100\/100\n|switch|p1a: Clefable|Clefable, M|33\/100\n|\n|-heal|p1a: Clefable|40\/100|[from] item: Leftovers\n|upkeep\n|turn|20\n|\n|t:|1700245520\n|move|p1a: Clefable|Rest|p1a: Clefable\n|-status|p1a: Clefable|slp|[from] move: Rest\n|-heal|p1a: Clefable|100\/100 slp|[silent]\n|move|p2a: Garganacl|Salt Cure|p1a: Clefable\n|-damage|p1a: Clefable|91\/100 slp\n|-start|p1a: Clefable|Salt Cure\n|\n|-heal|p1a: Clefable|97\/100 slp|[from] item: Leftovers\n|-damage|p1a: Clefable|84\/100 slp|[from] Salt Cure\n|upkeep\n|turn|21\n|\n|t:|1700245532\n|switch|p2a: Hoopa|Hoopa-Unbound|37\/100\n|cant|p1a: Clefable|slp\n|move|p1a: Clefable|Sleep Talk|p1a: Clefable\n|move|p1a: Clefable|Rest||[from]move: Sleep Talk|[still]\n|-fail|p1a: Clefable\n|\n|-heal|p1a: Clefable|90\/100 slp|[from] item: Leftovers\n|-damage|p1a: Clefable|78\/100 slp|[from] Salt Cure\n|upkeep\n|turn|22\n|\n|t:|1700245541\n|move|p2a: Hoopa|Psychic|p1a: Clefable\n|-damage|p1a: Clefable|0 fnt\n|faint|p1a: Clefable\n|\n|upkeep\n|\n|t:|1700245551\n|switch|p1a: Sableye|Sableye-Mega, F|85\/100\n|turn|23\n|\n|t:|1700245559\n|switch|p2a: Garganacl|Garganacl, M|100\/100\n|move|p1a: Sableye|Calm Mind|p1a: Sableye\n|-boost|p1a: Sableye|spa|1\n|-boost|p1a: Sableye|spd|1\n|\n|upkeep\n|turn|24\n|\n|t:|1700245564\n|move|p2a: Garganacl|Salt Cure|p1a: Sableye\n|-damage|p1a: Sableye|76\/100\n|-start|p1a: Sableye|Salt Cure\n|move|p1a: Sableye|Calm Mind|p1a: Sableye\n|-boost|p1a: Sableye|spa|1\n|-boost|p1a: Sableye|spd|1\n|\n|-damage|p1a: Sableye|64\/100|[from] Salt Cure\n|upkeep\n|turn|25\n|\n|t:|1700245572\n|switch|p2a: Dondozo|Dondozo, M|66\/100 tox\n|move|p1a: Sableye|Calm Mind|p1a: Sableye\n|-boost|p1a: Sableye|spa|1\n|-boost|p1a: Sableye|spd|1\n|\n|-damage|p2a: Dondozo|59\/100 tox|[from] psn\n|-damage|p1a: Sableye|52\/100|[from] Salt Cure\n|upkeep\n|turn|26\n|\n|t:|1700245579\n|move|p2a: Dondozo|Wave Crash|p1a: Sableye\n|-damage|p1a: Sableye|24\/100\n|-damage|p2a: Dondozo|54\/100 tox|[from] Recoil\n|move|p1a: Sableye|Recover|p1a: Sableye\n|-heal|p1a: Sableye|74\/100\n|\n|-damage|p2a: Dondozo|42\/100 tox|[from] psn\n|-damage|p1a: Sableye|62\/100|[from] Salt Cure\n|upkeep\n|turn|27\n|\n|t:|1700245588\n|move|p2a: Dondozo|Wave Crash|p1a: Sableye\n|-damage|p1a: Sableye|33\/100\n|-damage|p2a: Dondozo|36\/100 tox|[from] Recoil\n|move|p1a: Sableye|Recover|p1a: Sableye\n|-heal|p1a: Sableye|83\/100\n|\n|-damage|p2a: Dondozo|17\/100 tox|[from] psn\n|-damage|p1a: Sableye|70\/100|[from] Salt Cure\n|upkeep\n|turn|28\n|\n|t:|1700245597\n|move|p2a: Dondozo|Wave Crash|p1a: Sableye\n|-damage|p1a: Sableye|41\/100\n|-damage|p2a: Dondozo|11\/100 tox|[from] Recoil\n|move|p1a: Sableye|Recover|p1a: Sableye\n|-heal|p1a: Sableye|91\/100\n|\n|-damage|p2a: Dondozo|0 fnt|[from] psn\n|faint|p2a: Dondozo\n|-damage|p1a: Sableye|79\/100|[from] Salt Cure\n|upkeep\n|\n|t:|1700245611\n|switch|p2a: Gigalith|Gigalith, M|100\/100\n|-weather|Sandstorm|[from] ability: Sand Stream|[of] p2a: Gigalith\n|turn|29\n|\n|t:|1700245614\n|move|p2a: Gigalith|Rock Slide|p1a: Sableye\n|-damage|p1a: Sableye|53\/100\n|cant|p1a: Sableye|flinch\n|\n|-weather|Sandstorm|[upkeep]\n|-damage|p1a: Sableye|47\/100|[from] Sandstorm\n|-damage|p1a: Sableye|34\/100|[from] Salt Cure\n|upkeep\n|turn|30\n|\n|t:|1700245622\n|move|p2a: Gigalith|Rock Slide|p1a: Sableye\n|-damage|p1a: Sableye|5\/100\n|move|p1a: Sableye|Recover|p1a: Sableye\n|-heal|p1a: Sableye|56\/100\n|\n|-weather|Sandstorm|[upkeep]\n|-damage|p1a: Sableye|50\/100|[from] Sandstorm\n|-damage|p1a: Sableye|37\/100|[from] Salt Cure\n|upkeep\n|turn|31\n|\n|t:|1700245631\n|move|p2a: Gigalith|Rock Slide|p1a: Sableye|[miss]\n|-miss|p2a: Gigalith|p1a: Sableye\n|move|p1a: Sableye|Recover|p1a: Sableye\n|-heal|p1a: Sableye|88\/100\n|\n|-weather|Sandstorm|[upkeep]\n|-damage|p1a: Sableye|82\/100|[from] Sandstorm\n|-damage|p1a: Sableye|69\/100|[from] Salt Cure\n|upkeep\n|turn|32\n|\n|t:|1700245641\n|move|p2a: Gigalith|Earthquake|p1a: Sableye\n|-damage|p1a: Sableye|43\/100\n|move|p1a: Sableye|Will-O-Wisp|p2a: Gigalith\n|-status|p2a: Gigalith|brn\n|\n|-weather|Sandstorm|[upkeep]\n|-damage|p1a: Sableye|37\/100|[from] Sandstorm\n|-damage|p2a: Gigalith|94\/100 brn|[from] brn\n|-damage|p1a: Sableye|25\/100|[from] Salt Cure\n|upkeep\n|turn|33\n|\n|t:|1700245651\n|move|p2a: Gigalith|Rock Slide|p1a: Sableye\n|-damage|p1a: Sableye|11\/100\n|move|p1a: Sableye|Recover|p1a: Sableye\n|-heal|p1a: Sableye|62\/100\n|\n|-weather|none\n|-damage|p2a: Gigalith|88\/100 brn|[from] brn\n|-damage|p1a: Sableye|49\/100|[from] Salt Cure\n|upkeep\n|turn|34\n|\n|t:|1700245669\n|switch|p2a: Whimsicott|Whimsicott, M|72\/100\n|switch|p1a: Dragonite|Dragonite, M|100\/100\n|\n|-heal|p2a: Whimsicott|78\/100|[from] item: Leftovers\n|upkeep\n|turn|35\n|\n|t:|1700245678\n|move|p2a: Whimsicott|Toxic|p1a: Dragonite\n|-status|p1a: Dragonite|tox\n|-enditem|p1a: Dragonite|Lum Berry|[eat]\n|-curestatus|p1a: Dragonite|tox|[msg]\n|move|p1a: Dragonite|Ice Spinner|p2a: Whimsicott\n|-supereffective|p2a: Whimsicott\n|-damage|p2a: Whimsicott|1\/100\n|\n|-heal|p2a: Whimsicott|7\/100|[from] item: Leftovers\n|upkeep\n|turn|36\n|\n|t:|1700245694\n|move|p2a: Whimsicott|Toxic|p1a: Dragonite|[miss]\n|-miss|p2a: Whimsicott|p1a: Dragonite\n|move|p1a: Dragonite|Fire Punch|p2a: Whimsicott\n|-supereffective|p2a: Whimsicott\n|-damage|p2a: Whimsicott|0 fnt\n|faint|p2a: Whimsicott\n|\n|upkeep\n|\n|t:|1700245708\n|switch|p2a: Garganacl|Garganacl, M|100\/100\n|turn|37\n|\n|t:|1700245714\n|-terastallize|p2a: Garganacl|Psychic\n|move|p1a: Dragonite|Dragon Dance|p1a: Dragonite\n|-boost|p1a: Dragonite|atk|1\n|-boost|p1a: Dragonite|spe|1\n|move|p2a: Garganacl|Iron Defense|p2a: Garganacl\n|-boost|p2a: Garganacl|def|2\n|\n|upkeep\n|turn|38\n|\n|t:|1700245730\n|switch|p1a: Clodsire|Clodsire, F|100\/100\n|move|p2a: Garganacl|Iron Defense|p2a: Garganacl\n|-boost|p2a: Garganacl|def|2\n|\n|upkeep\n|turn|39\n|\n|t:|1700245740\n|move|p2a: Garganacl|Salt Cure|p1a: Clodsire\n|-resisted|p1a: Clodsire\n|-damage|p1a: Clodsire|93\/100\n|-start|p1a: Clodsire|Salt Cure\n|move|p1a: Clodsire|Curse|p1a: Clodsire\n|-unboost|p1a: Clodsire|spe|1\n|-boost|p1a: Clodsire|atk|1\n|-boost|p1a: Clodsire|def|1\n|\n|-heal|p1a: Clodsire|99\/100|[from] item: Leftovers\n|-damage|p1a: Clodsire|87\/100|[from] Salt Cure\n|upkeep\n|turn|40\n|\n|t:|1700245749\n|switch|p2a: Hoopa|Hoopa-Unbound|37\/100\n|move|p1a: Clodsire|Curse|p1a: Clodsire\n|-unboost|p1a: Clodsire|spe|1\n|-boost|p1a: Clodsire|atk|1\n|-boost|p1a: Clodsire|def|1\n|\n|-heal|p1a: Clodsire|93\/100|[from] item: Leftovers\n|-damage|p1a: Clodsire|81\/100|[from] Salt Cure\n|upkeep\n|turn|41\n|\n|t:|1700245761\n|switch|p1a: Chansey|Chansey, F|99\/100\n|move|p2a: Hoopa|Dark Pulse|p1a: Chansey\n|-damage|p1a: Chansey|76\/100\n|\n|upkeep\n|turn|42\n|\n|t:|1700245782\n|switch|p2a: Garganacl|Garganacl, M, tera:Psychic|100\/100\n|move|p1a: Chansey|Seismic Toss|p2a: Garganacl\n|-damage|p2a: Garganacl|75\/100\n|\n|-heal|p2a: Garganacl|82\/100|[from] item: Leftovers\n|upkeep\n|turn|43\n|\n|t:|1700245791\n|move|p1a: Chansey|Soft-Boiled|p1a: Chansey\n|-heal|p1a: Chansey|100\/100\n|move|p2a: Garganacl|Salt Cure|p1a: Chansey\n|-damage|p1a: Chansey|92\/100\n|-start|p1a: Chansey|Salt Cure\n|\n|-heal|p2a: Garganacl|88\/100|[from] item: Leftovers\n|-damage|p1a: Chansey|80\/100|[from] Salt Cure\n|upkeep\n|turn|44\n|\n|t:|1700245800\n|switch|p1a: Clodsire|Clodsire, F|81\/100\n|move|p2a: Garganacl|Salt Cure|p1a: Clodsire\n|-resisted|p1a: Clodsire\n|-damage|p1a: Clodsire|73\/100\n|-start|p1a: Clodsire|Salt Cure\n|\n|-heal|p2a: Garganacl|94\/100|[from] item: Leftovers\n|-heal|p1a: Clodsire|79\/100|[from] item: Leftovers\n|-damage|p1a: Clodsire|67\/100|[from] Salt Cure\n|upkeep\n|turn|45\n|\n|t:|1700245823\n|move|p2a: Garganacl|Iron Defense|p2a: Garganacl\n|-boost|p2a: Garganacl|def|2\n|move|p1a: Clodsire|Recover|p1a: Clodsire\n|-heal|p1a: Clodsire|100\/100\n|\n|-heal|p2a: Garganacl|100\/100|[from] item: Leftovers\n|-damage|p1a: Clodsire|88\/100|[from] Salt Cure\n|upkeep\n|turn|46\n|\n|t:|1700245831\n|move|p2a: Garganacl|Body Press|p1a: Clodsire\n|-resisted|p1a: Clodsire\n|-damage|p1a: Clodsire|75\/100\n|move|p1a: Clodsire|Curse|p1a: Clodsire\n|-unboost|p1a: Clodsire|spe|1\n|-boost|p1a: Clodsire|atk|1\n|-boost|p1a: Clodsire|def|1\n|\n|-heal|p1a: Clodsire|81\/100|[from] item: Leftovers\n|-damage|p1a: Clodsire|69\/100|[from] Salt Cure\n|upkeep\n|turn|47\n|\n|t:|1700245844\n|switch|p2a: Gigalith|Gigalith, M|88\/100 brn\n|-weather|Sandstorm|[from] ability: Sand Stream|[of] p2a: Gigalith\n|move|p1a: Clodsire|Earthquake|p2a: Gigalith\n|-supereffective|p2a: Gigalith\n|-damage|p2a: Gigalith|26\/100 brn\n|\n|-weather|Sandstorm|[upkeep]\n|-heal|p1a: Clodsire|75\/100|[from] item: Leftovers\n|-damage|p2a: Gigalith|19\/100 brn|[from] brn\n|-damage|p1a: Clodsire|62\/100|[from] Salt Cure\n|upkeep\n|turn|48\n|\n|t:|1700245856\n|move|p2a: Gigalith|Earthquake|p1a: Clodsire\n|-supereffective|p1a: Clodsire\n|-damage|p1a: Clodsire|35\/100\n|move|p1a: Clodsire|Recover|p1a: Clodsire\n|-heal|p1a: Clodsire|85\/100\n|\n|-weather|Sandstorm|[upkeep]\n|-heal|p1a: Clodsire|91\/100|[from] item: Leftovers\n|-damage|p2a: Gigalith|13\/100 brn|[from] brn\n|-damage|p1a: Clodsire|78\/100|[from] Salt Cure\n|upkeep\n|turn|49\n|\n|t:|1700245865\n|move|p2a: Gigalith|Earthquake|p1a: Clodsire\n|-supereffective|p1a: Clodsire\n|-damage|p1a: Clodsire|51\/100\n|move|p1a: Clodsire|Curse|p1a: Clodsire\n|-unboost|p1a: Clodsire|spe|1\n|-boost|p1a: Clodsire|atk|1\n|-boost|p1a: Clodsire|def|1\n|\n|-weather|Sandstorm|[upkeep]\n|-heal|p1a: Clodsire|57\/100|[from] item: Leftovers\n|-damage|p2a: Gigalith|7\/100 brn|[from] brn\n|-damage|p1a: Clodsire|45\/100|[from] Salt Cure\n|upkeep\n|turn|50\n|\n|t:|1700245876\n|move|p2a: Gigalith|Earthquake|p1a: Clodsire\n|-supereffective|p1a: Clodsire\n|-damage|p1a: Clodsire|26\/100\n|move|p1a: Clodsire|Recover|p1a: Clodsire\n|-heal|p1a: Clodsire|76\/100\n|\n|-weather|Sandstorm|[upkeep]\n|-heal|p1a: Clodsire|82\/100|[from] item: Leftovers\n|-damage|p2a: Gigalith|1\/100 brn|[from] brn\n|-damage|p1a: Clodsire|70\/100|[from] Salt Cure\n|upkeep\n|turn|51\n|\n|t:|1700245885\n|move|p2a: Gigalith|Earthquake|p1a: Clodsire\n|-supereffective|p1a: Clodsire\n|-damage|p1a: Clodsire|50\/100\n|move|p1a: Clodsire|Recover|p1a: Clodsire\n|-heal|p1a: Clodsire|99\/100\n|\n|-weather|none\n|-heal|p1a: Clodsire|100\/100|[from] item: Leftovers\n|-damage|p2a: Gigalith|0 fnt|[from] brn\n|faint|p2a: Gigalith\n|-damage|p1a: Clodsire|88\/100|[from] Salt Cure\n|upkeep\n|\n|t:|1700245892\n|switch|p2a: Hoopa|Hoopa-Unbound|37\/100\n|turn|52\n|\n|t:|1700245899\n|move|p2a: Hoopa|Psychic|p1a: Clodsire\n|-supereffective|p1a: Clodsire\n|-damage|p1a: Clodsire|0 fnt\n|faint|p1a: Clodsire\n|\n|upkeep\n|\n|t:|1700245912\n|switch|p1a: Dragonite|Dragonite, M|100\/100\n|turn|53\n|\n|t:|1700245914\n|move|p2a: Hoopa|Psychic|p1a: Dragonite\n|-damage|p1a: Dragonite|49\/100\n|move|p1a: Dragonite|Dragon Dance|p1a: Dragonite\n|-boost|p1a: Dragonite|atk|1\n|-boost|p1a: Dragonite|spe|1\n|\n|upkeep\n|turn|54\n|\n|t:|1700245926\n|move|p1a: Dragonite|Earthquake|p2a: Hoopa\n|-damage|p2a: Hoopa|0 fnt\n|faint|p2a: Hoopa\n|\n|upkeep\n|\n|t:|1700245929\n|switch|p2a: Zamazenta|Zamazenta|100\/100\n|-ability|p2a: Zamazenta|Dauntless Shield|boost\n|-boost|p2a: Zamazenta|def|1\n|turn|55\n|\n|t:|1700245934\n|move|p2a: Zamazenta|Iron Defense|p2a: Zamazenta\n|-boost|p2a: Zamazenta|def|2\n|move|p1a: Dragonite|Earthquake|p2a: Zamazenta\n|-damage|p2a: Zamazenta|80\/100\n|\n|-heal|p2a: Zamazenta|86\/100|[from] item: Leftovers\n|upkeep\n|turn|56\n|\n|t:|1700245941\n|switch|p1a: Sableye|Sableye-Mega, F|49\/100\n|move|p2a: Zamazenta|Body Press|p1a: Sableye\n|-immune|p1a: Sableye\n|\n|-heal|p2a: Zamazenta|92\/100|[from] item: Leftovers\n|upkeep\n|turn|57\n|\n|t:|1700245949\n|switch|p2a: Garganacl|Garganacl, M, tera:Psychic|100\/100\n|move|p1a: Sableye|Will-O-Wisp|p2a: Garganacl\n|-immune|p2a: Garganacl|[from] ability: Purifying Salt\n|\n|upkeep\n|turn|58\n|\n|t:|1700245956\n|move|p2a: Garganacl|Iron Defense|p2a: Garganacl\n|-boost|p2a: Garganacl|def|2\n|move|p1a: Sableye|Recover|p1a: Sableye\n|-heal|p1a: Sableye|99\/100\n|\n|upkeep\n|turn|59\n|\n|t:|1700245970\n|move|p2a: Garganacl|Salt Cure|p1a: Sableye\n|-damage|p1a: Sableye|90\/100\n|-start|p1a: Sableye|Salt Cure\n|move|p1a: Sableye|Hex|p2a: Garganacl\n|-supereffective|p2a: Garganacl\n|-damage|p2a: Garganacl|86\/100\n|\n|-heal|p2a: Garganacl|93\/100|[from] item: Leftovers\n|-damage|p1a: Sableye|77\/100|[from] Salt Cure\n|upkeep\n|turn|60\n|\n|t:|1700245980\n|switch|p1a: Chansey|Chansey, F|80\/100\n|move|p2a: Garganacl|Iron Defense|p2a: Garganacl\n|-boost|p2a: Garganacl|def|2\n|\n|-heal|p2a: Garganacl|99\/100|[from] item: Leftovers\n|upkeep\n|turn|61\n|\n|t:|1700245992\n|switch|p1a: Sableye|Sableye-Mega, F|77\/100\n|move|p2a: Garganacl|Body Press|p1a: Sableye\n|-immune|p1a: Sableye\n|\n|-heal|p2a: Garganacl|100\/100|[from] item: Leftovers\n|upkeep\n|turn|62\n|\n|t:|1700246013\n|move|p2a: Garganacl|Salt Cure|p1a: Sableye\n|-damage|p1a: Sableye|68\/100\n|-start|p1a: Sableye|Salt Cure\n|move|p1a: Sableye|Hex|p2a: Garganacl\n|-supereffective|p2a: Garganacl\n|-damage|p2a: Garganacl|87\/100\n|\n|-heal|p2a: Garganacl|93\/100|[from] item: Leftovers\n|-damage|p1a: Sableye|56\/100|[from] Salt Cure\n|upkeep\n|turn|63\n|\n|t:|1700246022\n|switch|p1a: Chansey|Chansey, F|80\/100\n|move|p2a: Garganacl|Body Press|p1a: Chansey\n|-supereffective|p1a: Chansey\n|-damage|p1a: Chansey|0 fnt\n|faint|p1a: Chansey\n|\n|-heal|p2a: Garganacl|99\/100|[from] item: Leftovers\n|upkeep\n|\n|t:|1700246033\n|switch|p1a: Hatterene|Hatterene, F|53\/100\n|turn|64\n|c|\u2606finnawinbruh|Imagine trying to play like that\n|\n|t:|1700246045\n|move|p2a: Garganacl|Salt Cure|p1a: Hatterene\n|-damage|p1a: Hatterene|42\/100\n|-start|p1a: Hatterene|Salt Cure\n|move|p1a: Hatterene|Calm Mind|p1a: Hatterene\n|-boost|p1a: Hatterene|spa|1\n|-boost|p1a: Hatterene|spd|1\n|\n|-heal|p2a: Garganacl|100\/100|[from] item: Leftovers\n|-heal|p1a: Hatterene|48\/100|[from] item: Leftovers\n|-damage|p1a: Hatterene|36\/100|[from] Salt Cure\n|upkeep\n|turn|65\n|\n|t:|1700246054\n|move|p2a: Garganacl|Body Press|p1a: Hatterene\n|-resisted|p1a: Hatterene\n|-damage|p1a: Hatterene|22\/100\n|move|p1a: Hatterene|Draining Kiss|p2a: Garganacl\n|-damage|p2a: Garganacl|76\/100\n|-heal|p1a: Hatterene|45\/100|[from] drain|[of] p2a: Garganacl\n|\n|-heal|p2a: Garganacl|82\/100|[from] item: Leftovers\n|-heal|p1a: Hatterene|51\/100|[from] item: Leftovers\n|-damage|p1a: Hatterene|39\/100|[from] Salt Cure\n|upkeep\n|turn|66\n|\n|t:|1700246064\n|move|p2a: Garganacl|Iron Defense|p2a: Garganacl\n|-boost|p2a: Garganacl|def|2\n|move|p1a: Hatterene|Calm Mind|p1a: Hatterene\n|-boost|p1a: Hatterene|spa|1\n|-boost|p1a: Hatterene|spd|1\n|\n|-heal|p2a: Garganacl|88\/100|[from] item: Leftovers\n|-heal|p1a: Hatterene|45\/100|[from] item: Leftovers\n|-damage|p1a: Hatterene|33\/100|[from] Salt Cure\n|upkeep\n|turn|67\n|\n|t:|1700246072\n|move|p2a: Garganacl|Body Press|p1a: Hatterene\n|-resisted|p1a: Hatterene\n|-damage|p1a: Hatterene|14\/100\n|move|p1a: Hatterene|Draining Kiss|p2a: Garganacl\n|-damage|p2a: Garganacl|56\/100\n|-heal|p1a: Hatterene|45\/100|[from] drain|[of] p2a: Garganacl\n|\n|-heal|p2a: Garganacl|62\/100|[from] item: Leftovers\n|-heal|p1a: Hatterene|50\/100|[from] item: Leftovers\n|-damage|p1a: Hatterene|38\/100|[from] Salt Cure\n|upkeep\n|turn|68\n|\n|t:|1700246082\n|move|p2a: Garganacl|Body Press|p1a: Hatterene\n|-resisted|p1a: Hatterene\n|-damage|p1a: Hatterene|20\/100\n|move|p1a: Hatterene|Draining Kiss|p2a: Garganacl\n|-damage|p2a: Garganacl|32\/100\n|-heal|p1a: Hatterene|49\/100|[from] drain|[of] p2a: Garganacl\n|\n|-heal|p2a: Garganacl|38\/100|[from] item: Leftovers\n|-heal|p1a: Hatterene|55\/100|[from] item: Leftovers\n|-damage|p1a: Hatterene|43\/100|[from] Salt Cure\n|upkeep\n|turn|69\n|\n|t:|1700246092\n|move|p2a: Garganacl|Recover|p2a: Garganacl\n|-heal|p2a: Garganacl|88\/100\n|move|p1a: Hatterene|Draining Kiss|p2a: Garganacl\n|-damage|p2a: Garganacl|57\/100\n|-heal|p1a: Hatterene|72\/100|[from] drain|[of] p2a: Garganacl\n|\n|-heal|p2a: Garganacl|64\/100|[from] item: Leftovers\n|-heal|p1a: Hatterene|78\/100|[from] item: Leftovers\n|-damage|p1a: Hatterene|65\/100|[from] Salt Cure\n|upkeep\n|turn|70\n|\n|t:|1700246102\n|move|p2a: Garganacl|Body Press|p1a: Hatterene\n|-resisted|p1a: Hatterene\n|-damage|p1a: Hatterene|45\/100\n|move|p1a: Hatterene|Calm Mind|p1a: Hatterene\n|-boost|p1a: Hatterene|spa|1\n|-boost|p1a: Hatterene|spd|1\n|\n|-heal|p2a: Garganacl|70\/100|[from] item: Leftovers\n|-heal|p1a: Hatterene|50\/100|[from] item: Leftovers\n|-damage|p1a: Hatterene|38\/100|[from] Salt Cure\n|upkeep\n|turn|71\n|c|\u2606retrogamer1987|barring a crit, this is only a matter of time now\n|\n|t:|1700246114\n|move|p2a: Garganacl|Body Press|p1a: Hatterene\n|-resisted|p1a: Hatterene\n|-damage|p1a: Hatterene|19\/100\n|move|p1a: Hatterene|Draining Kiss|p2a: Garganacl\n|-damage|p2a: Garganacl|32\/100\n|-heal|p1a: Hatterene|55\/100|[from] drain|[of] p2a: Garganacl\n|\n|-heal|p2a: Garganacl|38\/100|[from] item: Leftovers\n|-heal|p1a: Hatterene|61\/100|[from] item: Leftovers\n|-damage|p1a: Hatterene|49\/100|[from] Salt Cure\n|upkeep\n|turn|72\n|\n|t:|1700246142\n|move|p2a: Garganacl|Recover|p2a: Garganacl\n|-heal|p2a: Garganacl|88\/100\n|move|p1a: Hatterene|Draining Kiss|p2a: Garganacl\n|-damage|p2a: Garganacl|48\/100\n|-heal|p1a: Hatterene|87\/100|[from] drain|[of] p2a: Garganacl\n|\n|-heal|p2a: Garganacl|54\/100|[from] item: Leftovers\n|-heal|p1a: Hatterene|93\/100|[from] item: Leftovers\n|-damage|p1a: Hatterene|81\/100|[from] Salt Cure\n|upkeep\n|turn|73\n|\n|t:|1700246151\n|move|p2a: Garganacl|Body Press|p1a: Hatterene\n|-resisted|p1a: Hatterene\n|-damage|p1a: Hatterene|62\/100\n|move|p1a: Hatterene|Calm Mind|p1a: Hatterene\n|-boost|p1a: Hatterene|spa|1\n|-boost|p1a: Hatterene|spd|1\n|\n|-heal|p2a: Garganacl|60\/100|[from] item: Leftovers\n|-heal|p1a: Hatterene|68\/100|[from] item: Leftovers\n|-damage|p1a: Hatterene|56\/100|[from] Salt Cure\n|upkeep\n|turn|74\n|\n|t:|1700246165\n|move|p2a: Garganacl|Body Press|p1a: Hatterene\n|-resisted|p1a: Hatterene\n|-damage|p1a: Hatterene|36\/100\n|move|p1a: Hatterene|Draining Kiss|p2a: Garganacl\n|-damage|p2a: Garganacl|16\/100\n|-heal|p1a: Hatterene|77\/100|[from] drain|[of] p2a: Garganacl\n|\n|-heal|p2a: Garganacl|23\/100|[from] item: Leftovers\n|-heal|p1a: Hatterene|83\/100|[from] item: Leftovers\n|-damage|p1a: Hatterene|71\/100|[from] Salt Cure\n|upkeep\n|turn|75\n|c|\u2606finnawinbruh|You play like a fucking loser\n|c|\u2606finnawinbruh|Eat shit\n|\n|t:|1700246181\n|move|p2a: Garganacl|Recover|p2a: Garganacl\n|-heal|p2a: Garganacl|73\/100\n|move|p1a: Hatterene|Draining Kiss|p2a: Garganacl\n|-damage|p2a: Garganacl|30\/100\n|-heal|p1a: Hatterene|100\/100|[from] drain|[of] p2a: Garganacl\n|\n|-heal|p2a: Garganacl|37\/100|[from] item: Leftovers\n|-damage|p1a: Hatterene|88\/100|[from] Salt Cure\n|upkeep\n|turn|76\n|c|\u2606retrogamer1987|Youre the loser this game\n|\n|t:|1700246190\n|move|p2a: Garganacl|Recover|p2a: Garganacl\n|-heal|p2a: Garganacl|87\/100\n|move|p1a: Hatterene|Calm Mind|p1a: Hatterene\n|-boost|p1a: Hatterene|spa|1\n|-boost|p1a: Hatterene|spd|1\n|\n|-heal|p2a: Garganacl|93\/100|[from] item: Leftovers\n|-heal|p1a: Hatterene|94\/100|[from] item: Leftovers\n|-damage|p1a: Hatterene|82\/100|[from] Salt Cure\n|upkeep\n|turn|77\n|\n|t:|1700246208\n|move|p2a: Garganacl|Body Press|p1a: Hatterene\n|-resisted|p1a: Hatterene\n|-damage|p1a: Hatterene|62\/100\n|move|p1a: Hatterene|Draining Kiss|p2a: Garganacl\n|-damage|p2a: Garganacl|42\/100\n|-heal|p1a: Hatterene|100\/100|[from] drain|[of] p2a: Garganacl\n|\n|-heal|p2a: Garganacl|48\/100|[from] item: Leftovers\n|-damage|p1a: Hatterene|88\/100|[from] Salt Cure\n|upkeep\n|turn|78\n|\n|t:|1700246220\n|move|p2a: Garganacl|Recover|p2a: Garganacl\n|-heal|p2a: Garganacl|98\/100\n|move|p1a: Hatterene|Calm Mind|p1a: Hatterene\n|-boost|p1a: Hatterene|spa|1\n|-boost|p1a: Hatterene|spd|1\n|\n|-heal|p2a: Garganacl|100\/100|[from] item: Leftovers\n|-heal|p1a: Hatterene|94\/100|[from] item: Leftovers\n|-damage|p1a: Hatterene|82\/100|[from] Salt Cure\n|upkeep\n|turn|79\n|\n|t:|1700246234\n|switch|p2a: Zamazenta|Zamazenta|92\/100\n|move|p1a: Hatterene|Draining Kiss|p2a: Zamazenta\n|-supereffective|p2a: Zamazenta\n|-damage|p2a: Zamazenta|0 fnt\n|-heal|p1a: Hatterene|100\/100|[from] drain|[of] p2a: Zamazenta\n|faint|p2a: Zamazenta\n|\n|-damage|p1a: Hatterene|88\/100|[from] Salt Cure\n|upkeep\n|\n|t:|1700246235\n|switch|p2a: Garganacl|Garganacl, M, tera:Psychic|100\/100\n|turn|80\n|\n|t:|1700246244\n|move|p2a: Garganacl|Salt Cure|p1a: Hatterene\n|-damage|p1a: Hatterene|77\/100\n|move|p1a: Hatterene|Draining Kiss|p2a: Garganacl\n|-damage|p2a: Garganacl|40\/100\n|-heal|p1a: Hatterene|100\/100|[from] drain|[of] p2a: Garganacl\n|\n|-heal|p2a: Garganacl|46\/100|[from] item: Leftovers\n|-damage|p1a: Hatterene|88\/100|[from] Salt Cure\n|upkeep\n|turn|81\n|-message|finnawinbruh forfeited.\n|\n|win|retrogamer1987\n|raw|retrogamer1987's rating: 1388 &rarr; <strong>1403<\/strong><br \/>(+15 for winning)\n|raw|finnawinbruh's rating: 1290 &rarr; <strong>1272<\/strong><br \/>(-18 for losing)\n|l|\u2606finnawinbruh\n","uploadtime":1700246174,"views":20,"p1id":"retrogamer1987","p2id":"finnawinbruh","formatid":"gen9nationaldex","rating":1272,"private":0,"password":""}