{"id":"gen9nationaldex-1991340243","p1":"nooby 4 pvp","p2":"runeatest","format":"[Gen 9] National Dex","log":"|j|\u2606nooby 4 pvp\n|j|\u2606runeatest\n|t:|1700068996\n|gametype|singles\n|player|p1|nooby 4 pvp|170|1321\n|player|p2|runeatest|fisherman-gen4|1244\n|teamsize|p1|6\n|teamsize|p2|6\n|gen|9\n|tier|[Gen 9] National Dex\n|rated|\n|rule|HP Percentage Mod: HP is shown in percentages\n|rule|Endless Battle Clause: Forcing endless battles is banned\n|rule|OHKO Clause: OHKO moves are banned\n|rule|Evasion Clause: Evasion abilities, items, and moves are banned\n|rule|Evasion Abilities Clause: Evasion abilities are banned\n|rule|Evasion Items Clause: Evasion items are banned\n|rule|Evasion Moves Clause: Evasion moves are banned\n|rule|Species Clause: Limit one of each Pok\u00e9mon\n|rule|Sleep Clause Mod: Limit one foe put to sleep\n|clearpoke\n|poke|p1|Glimmora, M|\n|poke|p1|Alakazam, M|\n|poke|p1|Tyrantrum, M|\n|poke|p1|Weezing-Galar, M|\n|poke|p1|Skeledirge, F|\n|poke|p1|Mew|\n|poke|p2|Glaceon, M|\n|poke|p2|Flygon, M|\n|poke|p2|Emolga, M|\n|poke|p2|Marowak-Alola, M|\n|poke|p2|Sirfetch\u2019d, M|\n|poke|p2|Lapras, M|\n|teampreview\n|inactive|Battle timer is ON: inactive players will automatically lose when time's up. (requested by runeatest)\n|\n|t:|1700069020\n|start\n|switch|p1a: Glimmora|Glimmora, M|100\/100\n|switch|p2a: Marowak|Marowak-Alola, M|100\/100\n|turn|1\n|\n|t:|1700069026\n|move|p1a: Glimmora|Stealth Rock|p2a: Marowak\n|-sidestart|p2: runeatest|move: Stealth Rock\n|move|p2a: Marowak|Bonemerang|p1a: Glimmora\n|-supereffective|p1a: Glimmora\n|-enditem|p1a: Glimmora|Focus Sash\n|-damage|p1a: Glimmora|1\/100\n|-activate|p1a: Glimmora|ability: Toxic Debris\n|-sidestart|p2: runeatest|move: Toxic Spikes\n|-supereffective|p1a: Glimmora\n|-damage|p1a: Glimmora|0 fnt\n|-activate|p1a: Glimmora|ability: Toxic Debris\n|-sidestart|p2: runeatest|move: Toxic Spikes\n|faint|p1a: Glimmora\n|-hitcount|p1: Glimmora|2\n|\n|upkeep\n|\n|t:|1700069045\n|switch|p1a: Weezing|Weezing-Galar, M|100\/100\n|-ability|p1a: Weezing|Neutralizing Gas\n|turn|2\n|\n|t:|1700069050\n|move|p1a: Weezing|Sludge Wave|p2a: Marowak\n|-resisted|p2a: Marowak\n|-damage|p2a: Marowak|81\/100\n|move|p2a: Marowak|Bonemerang|p1a: Weezing\n|-supereffective|p1a: Weezing\n|-damage|p1a: Weezing|64\/100\n|-supereffective|p1a: Weezing\n|-damage|p1a: Weezing|30\/100\n|-hitcount|p1a: Weezing|2\n|\n|upkeep\n|turn|3\n|\n|t:|1700069059\n|move|p1a: Weezing|Pain Split|p2a: Marowak\n|-sethp|p2a: Marowak|56\/100|[from] move: Pain Split|[silent]\n|-sethp|p1a: Weezing|54\/100|[from] move: Pain Split\n|move|p2a: Marowak|Bonemerang|p1a: Weezing\n|-supereffective|p1a: Weezing\n|-damage|p1a: Weezing|16\/100\n|-supereffective|p1a: Weezing\n|-damage|p1a: Weezing|0 fnt\n|faint|p1a: Weezing\n|-end|p1a: Weezing|ability: Neutralizing Gas\n|-hitcount|p1: Weezing|2\n|\n|upkeep\n|\n|t:|1700069066\n|switch|p1a: Tyrantrum|Tyrantrum, M|100\/100\n|turn|4\n|\n|t:|1700069071\n|move|p1a: Tyrantrum|Earthquake|p2a: Marowak\n|-supereffective|p2a: Marowak\n|-damage|p2a: Marowak|0 fnt\n|faint|p2a: Marowak\n|\n|upkeep\n|\n|t:|1700069081\n|switch|p2a: Emolga|Emolga, M|100\/100\n|-damage|p2a: Emolga|75\/100|[from] Stealth Rock\n|turn|5\n|\n|t:|1700069085\n|move|p2a: Emolga|Nuzzle|p1a: Tyrantrum\n|-resisted|p1a: Tyrantrum\n|-damage|p1a: Tyrantrum|98\/100\n|-status|p1a: Tyrantrum|par\n|cant|p1a: Tyrantrum|par\n|\n|-heal|p1a: Tyrantrum|100\/100 par|[from] item: Leftovers\n|upkeep\n|turn|6\n|\n|t:|1700069096\n|move|p2a: Emolga|Thunderbolt|p1a: Tyrantrum\n|-resisted|p1a: Tyrantrum\n|-damage|p1a: Tyrantrum|68\/100 par\n|cant|p1a: Tyrantrum|par\n|\n|-heal|p1a: Tyrantrum|74\/100 par|[from] item: Leftovers\n|upkeep\n|turn|7\n|\n|t:|1700069103\n|move|p2a: Emolga|Thunderbolt|p1a: Tyrantrum\n|-resisted|p1a: Tyrantrum\n|-damage|p1a: Tyrantrum|43\/100 par\n|move|p1a: Tyrantrum|Head Smash|p2a: Emolga\n|-supereffective|p2a: Emolga\n|-damage|p2a: Emolga|0 fnt\n|faint|p2a: Emolga\n|\n|-heal|p1a: Tyrantrum|50\/100 par|[from] item: Leftovers\n|upkeep\n|\n|t:|1700069112\n|switch|p2a: Sirfetch\u2019d|Sirfetch\u2019d, M|100\/100\n|-damage|p2a: Sirfetch\u2019d|94\/100|[from] Stealth Rock\n|-status|p2a: Sirfetch\u2019d|tox\n|turn|8\n|\n|t:|1700069117\n|move|p2a: Sirfetch\u2019d|Defog|p1a: Tyrantrum\n|-unboost|p1a: Tyrantrum|evasion|1\n|-sideend|p2: runeatest|Toxic Spikes|[from] move: Defog|[of] p2a: Sirfetch\u2019d\n|-sideend|p2: runeatest|Stealth Rock|[from] move: Defog|[of] p2a: Sirfetch\u2019d\n|move|p1a: Tyrantrum|Head Smash|p2a: Sirfetch\u2019d\n|-resisted|p2a: Sirfetch\u2019d\n|-crit|p2a: Sirfetch\u2019d\n|-damage|p2a: Sirfetch\u2019d|23\/100 tox\n|\n|-heal|p1a: Tyrantrum|56\/100 par|[from] item: Leftovers\n|-damage|p2a: Sirfetch\u2019d|17\/100 tox|[from] psn\n|upkeep\n|turn|9\n|\n|t:|1700069127\n|move|p2a: Sirfetch\u2019d|Close Combat|p1a: Tyrantrum\n|-supereffective|p1a: Tyrantrum\n|-crit|p1a: Tyrantrum\n|-damage|p1a: Tyrantrum|0 fnt\n|-unboost|p2a: Sirfetch\u2019d|def|1\n|-unboost|p2a: Sirfetch\u2019d|spd|1\n|faint|p1a: Tyrantrum\n|\n|-damage|p2a: Sirfetch\u2019d|5\/100 tox|[from] psn\n|upkeep\n|\n|t:|1700069132\n|switch|p1a: Mew|Mew|100\/100\n|turn|10\n|\n|t:|1700069138\n|move|p1a: Mew|Dragon Dance|p1a: Mew\n|-boost|p1a: Mew|atk|1\n|-boost|p1a: Mew|spe|1\n|move|p2a: Sirfetch\u2019d|Dual Wingbeat|p1a: Mew\n|-crit|p1a: Mew\n|-damage|p1a: Mew|79\/100\n|-crit|p1a: Mew\n|-damage|p1a: Mew|59\/100\n|-hitcount|p1a: Mew|2\n|\n|-damage|p2a: Sirfetch\u2019d|0 fnt|[from] psn\n|faint|p2a: Sirfetch\u2019d\n|upkeep\n|\n|t:|1700069148\n|switch|p2a: Glaceon|Glaceon, M|100\/100\n|turn|11\n|inactive|nooby 4 pvp has 120 seconds left.\n|\n|t:|1700069207\n|-terastallize|p2a: Glaceon|Ghost\n|move|p1a: Mew|Close Combat|p2a: Glaceon\n|-immune|p2a: Glaceon\n|move|p2a: Glaceon|Shadow Ball|p1a: Mew\n|-supereffective|p1a: Mew\n|-damage|p1a: Mew|0 fnt\n|faint|p1a: Mew\n|\n|upkeep\n|inactive|nooby 4 pvp has 90 seconds left.\n|\n|t:|1700069231\n|switch|p1a: Skeledirge|Skeledirge, F|100\/100\n|turn|12\n|\n|t:|1700069237\n|switch|p2a: Lapras|Lapras, M|100\/100\n|move|p1a: Skeledirge|Will-O-Wisp|p2a: Lapras\n|-status|p2a: Lapras|brn\n|\n|-damage|p2a: Lapras|94\/100 brn|[from] brn\n|upkeep\n|turn|13\n|inactive|nooby 4 pvp has 90 seconds left.\n|\n|t:|1700069249\n|move|p2a: Lapras|Sparkling Aria|p1a: Skeledirge\n|-supereffective|p1a: Skeledirge\n|-damage|p1a: Skeledirge|48\/100\n|move|p1a: Skeledirge|Torch Song|p2a: Lapras\n|-damage|p2a: Lapras|72\/100 brn\n|-boost|p1a: Skeledirge|spa|1\n|\n|-heal|p2a: Lapras|78\/100 brn|[from] item: Leftovers\n|-damage|p2a: Lapras|72\/100 brn|[from] brn\n|upkeep\n|turn|14\n|\n|t:|1700069260\n|move|p2a: Lapras|Sparkling Aria|p1a: Skeledirge\n|-supereffective|p1a: Skeledirge\n|-damage|p1a: Skeledirge|1\/100\n|move|p1a: Skeledirge|Hex|p2a: Lapras\n|-damage|p2a: Lapras|18\/100 brn\n|\n|-heal|p2a: Lapras|25\/100 brn|[from] item: Leftovers\n|-damage|p2a: Lapras|18\/100 brn|[from] brn\n|upkeep\n|turn|15\n|\n|t:|1700069269\n|move|p2a: Lapras|Sparkling Aria|p1a: Skeledirge\n|-supereffective|p1a: Skeledirge\n|-damage|p1a: Skeledirge|0 fnt\n|faint|p1a: Skeledirge\n|\n|-heal|p2a: Lapras|25\/100 brn|[from] item: Leftovers\n|-damage|p2a: Lapras|18\/100 brn|[from] brn\n|upkeep\n|\n|t:|1700069272\n|switch|p1a: Alakazam|Alakazam, M|100\/100\n|turn|16\n|\n|t:|1700069278\n|move|p1a: Alakazam|Nasty Plot|p1a: Alakazam\n|-boost|p1a: Alakazam|spa|2\n|move|p2a: Lapras|Heal Bell|p2a: Lapras\n|-activate|p2a: Lapras|move: Heal Bell\n|-curestatus|p2a: Lapras|brn|[msg]\n|\n|-heal|p2a: Lapras|25\/100|[from] item: Leftovers\n|upkeep\n|turn|17\n|inactive|nooby 4 pvp has 120 seconds left.\n|\n|t:|1700069287\n|move|p1a: Alakazam|Psychic|p2a: Lapras\n|-damage|p2a: Lapras|0 fnt\n|faint|p2a: Lapras\n|\n|upkeep\n|c|\u2606nooby 4 pvp|good\n|c|\u2606nooby 4 pvp|game\n|\n|t:|1700069291\n|switch|p2a: Glaceon|Glaceon, M, tera:Ghost|100\/100\n|turn|18\n|c|\u2606nooby 4 pvp|i lose\n|\n|t:|1700069294\n|move|p1a: Alakazam|Psychic|p2a: Glaceon\n|-damage|p2a: Glaceon|15\/100\n|move|p2a: Glaceon|Shadow Ball|p1a: Alakazam\n|-supereffective|p1a: Alakazam\n|-damage|p1a: Alakazam|0 fnt\n|faint|p1a: Alakazam\n|\n|win|runeatest\n|raw|nooby 4 pvp's rating: 1321 &rarr; <strong>1297<\/strong><br \/>(-24 for losing)\n|raw|runeatest's rating: 1244 &rarr; <strong>1274<\/strong><br \/>(+30 for winning)\n|l|\u2606nooby 4 pvp\n","uploadtime":1700069491,"views":4,"p1id":"nooby4pvp","p2id":"runeatest","formatid":"gen9nationaldex","rating":1274,"private":0,"password":""}