{"id":"gen9nationaldex-1992352248","p1":"FrostDragoTree","p2":"halemango69","format":"[Gen 9] National Dex","log":"|j|\u2606FrostDragoTree\n|j|\u2606halemango69\n|t:|1700177727\n|gametype|singles\n|player|p1|FrostDragoTree|169|\n|player|p2|halemango69|2|\n|teamsize|p1|6\n|teamsize|p2|6\n|gen|9\n|tier|[Gen 9] National Dex\n|rule|HP Percentage Mod: HP is shown in percentages\n|rule|Endless Battle Clause: Forcing endless battles is banned\n|rule|OHKO Clause: OHKO moves are banned\n|rule|Evasion Clause: Evasion abilities, items, and moves are banned\n|rule|Evasion Abilities Clause: Evasion abilities are banned\n|rule|Evasion Items Clause: Evasion items are banned\n|rule|Evasion Moves Clause: Evasion moves are banned\n|rule|Species Clause: Limit one of each Pok\u00e9mon\n|rule|Sleep Clause Mod: Limit one foe put to sleep\n|clearpoke\n|poke|p1|Heatran, M|\n|poke|p1|Latios, M|\n|poke|p1|Blissey, F|\n|poke|p1|Tyranitar, F|\n|poke|p1|Salazzle-Totem, F|\n|poke|p1|Scizor, F|\n|poke|p2|Sneasler, M|\n|poke|p2|Iron Moth|\n|poke|p2|Beedrill, F|\n|poke|p2|Nihilego|\n|poke|p2|Okidogi, M|\n|poke|p2|Muk-Alola, M|\n|teampreview\n|\n|t:|1700177755\n|start\n|switch|p1a: Latios|Latios, M|100\/100\n|switch|p2a: Beedrill|Beedrill, F|100\/100\n|turn|1\n|\n|t:|1700177762\n|switch|p1a: Tyranitar|Tyranitar, F|100\/100\n|-weather|Sandstorm|[from] ability: Sand Stream|[of] p1a: Tyranitar\n|detailschange|p2a: Beedrill|Beedrill-Mega, F\n|-mega|p2a: Beedrill|Beedrill|Beedrillite\n|move|p2a: Beedrill|U-turn|p1a: Tyranitar\n|-supereffective|p1a: Tyranitar\n|-damage|p1a: Tyranitar|0 fnt\n|faint|p1a: Tyranitar\n|\n|t:|1700177780\n|switch|p2a: Sneasler|Sneasler, M|100\/100|[from] U-turn\n|\n|-weather|Sandstorm|[upkeep]\n|-damage|p2a: Sneasler|95\/100|[from] Sandstorm\n|upkeep\n|\n|t:|1700177811\n|switch|p1a: Latios|Latios, M|100\/100\n|turn|2\n|\n|t:|1700177818\n|detailschange|p1a: Latios|Latios-Mega, M\n|-mega|p1a: Latios|Latios|Latiosite\n|move|p2a: Sneasler|Fake Out|p1a: Latios\n|-damage|p1a: Latios|88\/100\n|cant|p1a: Latios|flinch\n|\n|-weather|Sandstorm|[upkeep]\n|-damage|p2a: Sneasler|89\/100|[from] Sandstorm\n|-damage|p1a: Latios|82\/100|[from] Sandstorm\n|upkeep\n|turn|3\n|\n|t:|1700177829\n|switch|p2a: Muk|Muk-Alola, M|100\/100\n|move|p1a: Latios|Earthquake|p2a: Muk\n|-supereffective|p2a: Muk\n|-damage|p2a: Muk|30\/100\n|\n|-weather|Sandstorm|[upkeep]\n|-damage|p1a: Latios|76\/100|[from] Sandstorm\n|-damage|p2a: Muk|24\/100|[from] Sandstorm\n|upkeep\n|turn|4\n|\n|t:|1700177840\n|move|p1a: Latios|Earthquake|p2a: Muk\n|-supereffective|p2a: Muk\n|-damage|p2a: Muk|0 fnt\n|faint|p2a: Muk\n|\n|-weather|Sandstorm|[upkeep]\n|-damage|p1a: Latios|70\/100|[from] Sandstorm\n|upkeep\n|\n|t:|1700177848\n|switch|p2a: Okidogi|Okidogi, M|100\/100\n|turn|5\n|\n|t:|1700177855\n|move|p1a: Latios|Psychic|p2a: Okidogi\n|-supereffective|p2a: Okidogi\n|-damage|p2a: Okidogi|0 fnt\n|faint|p2a: Okidogi\n|\n|-weather|none\n|upkeep\n|\n|t:|1700177869\n|switch|p2a: Nihilego|Nihilego|100\/100\n|turn|6\n|\n|t:|1700177889\n|switch|p1a: Heatran|Heatran, M|100\/100\n|move|p2a: Nihilego|Knock Off|p1a: Heatran\n|-damage|p1a: Heatran|92\/100\n|-enditem|p1a: Heatran|Leftovers|[from] move: Knock Off|[of] p2a: Nihilego\n|\n|upkeep\n|turn|7\n|\n|t:|1700177902\n|switch|p2a: Iron Moth|Iron Moth|100\/100\n|-enditem|p2a: Iron Moth|Booster Energy\n|-activate|p2a: Iron Moth|ability: Quark Drive|[fromitem]\n|-start|p2a: Iron Moth|quarkdrivespa\n|move|p1a: Heatran|Earth Power|p2a: Iron Moth\n|-supereffective|p2a: Iron Moth\n|-damage|p2a: Iron Moth|0 fnt\n|faint|p2a: Iron Moth\n|-end|p2a: Iron Moth|Quark Drive|[silent]\n|\n|upkeep\n|\n|t:|1700177912\n|switch|p2a: Sneasler|Sneasler, M|89\/100\n|turn|8\n|\n|t:|1700177919\n|move|p2a: Sneasler|Fake Out|p1a: Heatran\n|-resisted|p1a: Heatran\n|-damage|p1a: Heatran|87\/100\n|cant|p1a: Heatran|flinch\n|\n|upkeep\n|turn|9\n|\n|t:|1700177925\n|move|p2a: Sneasler|Close Combat|p1a: Heatran\n|-supereffective|p1a: Heatran\n|-damage|p1a: Heatran|0 fnt\n|-unboost|p2a: Sneasler|def|1\n|-unboost|p2a: Sneasler|spd|1\n|-enditem|p2a: Sneasler|White Herb\n|-clearnegativeboost|p2a: Sneasler|[silent]\n|faint|p1a: Heatran\n|\n|upkeep\n|\n|t:|1700177934\n|switch|p1a: Latios|Latios-Mega, M|70\/100\n|turn|10\n|\n|t:|1700177939\n|move|p2a: Sneasler|Dire Claw|p1a: Latios\n|-damage|p1a: Latios|27\/100\n|-status|p1a: Latios|par\n|cant|p1a: Latios|par\n|\n|upkeep\n|turn|11\n|\n|t:|1700177948\n|move|p2a: Sneasler|Dire Claw|p1a: Latios\n|-damage|p1a: Latios|0 fnt\n|faint|p1a: Latios\n|\n|upkeep\n|\n|t:|1700177980\n|switch|p1a: Salazzle|Salazzle-Totem, F|100\/100\n|turn|12\n|\n|t:|1700177983\n|move|p2a: Sneasler|Acrobatics|p1a: Salazzle\n|-damage|p1a: Salazzle|40\/100\n|move|p1a: Salazzle|Hidden Power|p2a: Sneasler\n|-supereffective|p2a: Sneasler\n|-damage|p2a: Sneasler|13\/100\n|\n|-heal|p1a: Salazzle|46\/100|[from] item: Black Sludge\n|upkeep\n|turn|13\n|\n|t:|1700177992\n|move|p1a: Salazzle|Protect|p1a: Salazzle\n|-singleturn|p1a: Salazzle|Protect\n|move|p2a: Sneasler|Acrobatics|p1a: Salazzle\n|-activate|p1a: Salazzle|move: Protect\n|\n|-heal|p1a: Salazzle|52\/100|[from] item: Black Sludge\n|upkeep\n|turn|14\n|\n|t:|1700178000\n|move|p2a: Sneasler|Acrobatics|p1a: Salazzle\n|-damage|p1a: Salazzle|0 fnt\n|faint|p1a: Salazzle\n|\n|upkeep\n|\n|t:|1700178001\n|switch|p1a: Scizor|Scizor, F|100\/100\n|turn|15\n|\n|t:|1700178008\n|move|p1a: Scizor|Bullet Punch|p2a: Sneasler\n|-damage|p2a: Sneasler|0 fnt\n|faint|p2a: Sneasler\n|\n|upkeep\n|\n|t:|1700178015\n|switch|p2a: Beedrill|Beedrill-Mega, F|100\/100\n|turn|16\n|\n|t:|1700178024\n|move|p1a: Scizor|Bullet Punch|p2a: Beedrill\n|-damage|p2a: Beedrill|0 fnt\n|faint|p2a: Beedrill\n|\n|upkeep\n|\n|t:|1700178029\n|switch|p2a: Nihilego|Nihilego|100\/100\n|turn|17\n|\n|t:|1700178033\n|move|p1a: Scizor|Bullet Punch|p2a: Nihilego\n|-supereffective|p2a: Nihilego\n|-damage|p2a: Nihilego|0 fnt\n|faint|p2a: Nihilego\n|\n|win|FrostDragoTree\n|c|\u2606FrostDragoTree|gg 2 more, make any changes if needed\n|c|\u2606halemango69|gg, no need\n|l|\u2606halemango69\n","uploadtime":1700178660,"views":30,"p1id":"frostdragotree","p2id":"halemango69","formatid":"gen9nationaldex","rating":0,"private":0,"password":""}