{"id":"gen9nationaldex-1993648525","p1":"Dancing Roach","p2":"CuriousStraightGuy","format":"[Gen 9] National Dex","log":"|j|\u2606Dancing Roach\n|j|\u2606CuriousStraightGuy\n|inactive|Battle timer is ON: inactive players will automatically lose when time's up.\n|t:|1700341367\n|gametype|singles\n|player|p1|Dancing Roach|juan|\n|player|p2|CuriousStraightGuy|blue|\n|teamsize|p1|6\n|teamsize|p2|6\n|gen|9\n|tier|[Gen 9] National Dex\n|rated|Tournament battle\n|rule|HP Percentage Mod: HP is shown in percentages\n|rule|Endless Battle Clause: Forcing endless battles is banned\n|rule|OHKO Clause: OHKO moves are banned\n|rule|Evasion Clause: Evasion abilities, items, and moves are banned\n|rule|Evasion Abilities Clause: Evasion abilities are banned\n|rule|Evasion Items Clause: Evasion items are banned\n|rule|Evasion Moves Clause: Evasion moves are banned\n|rule|Species Clause: Limit one of each Pok\u00e9mon\n|rule|Sleep Clause Mod: Limit one foe put to sleep\n|clearpoke\n|poke|p1|Gyarados, M|\n|poke|p1|Zapdos|\n|poke|p1|Ninetales-Alola, F|\n|poke|p1|Gliscor, F|\n|poke|p1|Iron Valiant|\n|poke|p1|Heatran, M|\n|poke|p2|Tapu Lele|\n|poke|p2|Starmie|\n|poke|p2|Gliscor, F|\n|poke|p2|Aggron, M|\n|poke|p2|Blissey, F|\n|poke|p2|Zamazenta-*|\n|teampreview\n|c|\u2606Dancing Roach|gl\n|c|\u2606CuriousStraightGuy|Hi\n|c|\u2606Dancing Roach|hi\n|c|\u2606CuriousStraightGuy|I wish you lose\n|\n|t:|1700341390\n|start\n|switch|p1a: Ninetales|Ninetales-Alola, F|100\/100\n|switch|p2a: WHY!?|Aggron, M|100\/100\n|-weather|Snow|[from] ability: Snow Warning|[of] p1a: Ninetales\n|turn|1\n|\n|t:|1700341397\n|switch|p1a: Gliscor|Gliscor, F|100\/100\n|detailschange|p2a: WHY!?|Aggron-Mega, M\n|-mega|p2a: WHY!?|Aggron|Aggronite\n|move|p2a: WHY!?|Heavy Slam|p1a: Gliscor\n|-damage|p1a: Gliscor|67\/100\n|\n|-weather|Snow|[upkeep]\n|-status|p1a: Gliscor|tox|[from] item: Toxic Orb\n|upkeep\n|turn|2\n|\n|t:|1700341401\n|move|p1a: Gliscor|Spikes|p2a: WHY!?\n|-sidestart|p2: CuriousStraightGuy|Spikes\n|move|p2a: WHY!?|Ice Punch|p1a: Gliscor\n|-supereffective|p1a: Gliscor\n|-damage|p1a: Gliscor|16\/100 tox\n|\n|-weather|Snow|[upkeep]\n|-heal|p1a: Gliscor|29\/100 tox|[from] ability: Poison Heal\n|upkeep\n|turn|3\n|\n|t:|1700341411\n|switch|p2a: Cringe 2.0|Gliscor, F|100\/100\n|move|p1a: Gliscor|Protect||[still]\n|-fail|p1a: Gliscor\n|\n|-weather|Snow|[upkeep]\n|-heal|p1a: Gliscor|41\/100 tox|[from] ability: Poison Heal\n|-status|p2a: Cringe 2.0|tox|[from] item: Toxic Orb\n|upkeep\n|turn|4\n|\n|t:|1700341417\n|switch|p1a: Gyarados|Gyarados, M|100\/100\n|-ability|p1a: Gyarados|Intimidate|boost\n|-unboost|p2a: Cringe 2.0|atk|1\n|move|p2a: Cringe 2.0|Defog|p1a: Gyarados\n|-unboost|p1a: Gyarados|evasion|1\n|-sideend|p2: CuriousStraightGuy|Spikes|[from] move: Defog|[of] p2a: Cringe 2.0\n|\n|-weather|Snow|[upkeep]\n|upkeep\n|turn|5\n|\n|t:|1700341428\n|move|p1a: Gyarados|Substitute|p1a: Gyarados\n|-start|p1a: Gyarados|Substitute\n|-damage|p1a: Gyarados|76\/100\n|move|p2a: Cringe 2.0|Toxic||[still]\n|-fail|p2a: Cringe 2.0\n|\n|-weather|none\n|upkeep\n|turn|6\n|\n|t:|1700341435\n|switch|p2a: \"SwiftPoke\"|Tapu Lele|100\/100\n|-fieldstart|move: Psychic Terrain|[from] ability: Psychic Surge|[of] p2a: \"SwiftPoke\"\n|move|p1a: Gyarados|Dragon Dance|p1a: Gyarados\n|-boost|p1a: Gyarados|atk|1\n|-boost|p1a: Gyarados|spe|1\n|\n|upkeep\n|turn|7\n|\n|t:|1700341457\n|detailschange|p1a: Gyarados|Gyarados-Mega, M\n|-mega|p1a: Gyarados|Gyarados|Gyaradosite\n|-ability|p1a: Gyarados|Mold Breaker\n|move|p2a: \"SwiftPoke\"|Psyshock|p1a: Gyarados\n|-immune|p1a: Gyarados\n|move|p1a: Gyarados|Waterfall|p2a: \"SwiftPoke\"\n|-damage|p2a: \"SwiftPoke\"|0 fnt\n|faint|p2a: \"SwiftPoke\"\n|\n|upkeep\n|\n|t:|1700341467\n|switch|p2a: WHY!?|Aggron-Mega, M|100\/100\n|turn|8\n|\n|t:|1700341470\n|move|p1a: Gyarados|Waterfall|p2a: WHY!?\n|-damage|p2a: WHY!?|73\/100\n|cant|p2a: WHY!?|flinch\n|\n|upkeep\n|turn|9\n|\n|t:|1700341478\n|move|p1a: Gyarados|Waterfall|p2a: WHY!?\n|-crit|p2a: WHY!?\n|-damage|p2a: WHY!?|31\/100\n|cant|p2a: WHY!?|flinch\n|\n|upkeep\n|turn|10\n|c|\u2606CuriousStraightGuy|go to hell\n|-message|CuriousStraightGuy forfeited.\n|\n|win|Dancing Roach\n|n|\u2606Dancing Roach|dancingroach\n|n|\u2606CuriousStraightGuy|curiousstraightguy\n|c|\u2606Dancing Roach|ok\n|l|\u2606CuriousStraightGuy\n|l|\u2606Dancing Roach\n|j| Potatofromsinnoh\n","uploadtime":1700341635,"views":18,"p1id":"dancingroach","p2id":"curiousstraightguy","formatid":"gen9nationaldex","rating":0,"private":0,"password":""}