{"id":"gen9nationaldex-1993181575","p1":"big gunker","p2":"chacharealsmooth","format":"[Gen 9] National Dex","log":"|j|\u2606big gunker\n|j|\u2606chacharealsmooth\n|t:|1700274780\n|gametype|singles\n|player|p1|big gunker|swimmer-gen4|\n|player|p2|chacharealsmooth|roxanne|\n|teamsize|p1|6\n|teamsize|p2|6\n|gen|9\n|tier|[Gen 9] National Dex\n|rule|HP Percentage Mod: HP is shown in percentages\n|rule|Endless Battle Clause: Forcing endless battles is banned\n|rule|OHKO Clause: OHKO moves are banned\n|rule|Evasion Clause: Evasion abilities, items, and moves are banned\n|rule|Evasion Abilities Clause: Evasion abilities are banned\n|rule|Evasion Items Clause: Evasion items are banned\n|rule|Evasion Moves Clause: Evasion moves are banned\n|rule|Species Clause: Limit one of each Pok\u00e9mon\n|rule|Sleep Clause Mod: Limit one foe put to sleep\n|clearpoke\n|poke|p1|Kabutops, F|\n|poke|p1|Electrode-Hisui|\n|poke|p1|Parasect, M|\n|poke|p1|Metang|\n|poke|p1|Gligar, F|\n|poke|p1|Centiskorch, M|\n|poke|p2|Runerigus, F|\n|poke|p2|Gardevoir, M|\n|poke|p2|Galvantula, F|\n|poke|p2|Flapple, F|\n|poke|p2|Regigigas|\n|poke|p2|Primeape, F|\n|teampreview\n|c|\u2606chacharealsmooth|break a leg\n|j| NotAnHacker\n|c|\u2606big gunker|good luck\n|\n|t:|1700274843\n|start\n|switch|p1a: BALL SO HARD|Electrode-Hisui, shiny|100\/100\n|switch|p2a: hairy legs are in|Galvantula, F, shiny|100\/100\n|turn|1\n|\n|t:|1700274848\n|move|p1a: BALL SO HARD|Substitute|p1a: BALL SO HARD\n|-start|p1a: BALL SO HARD|Substitute\n|-damage|p1a: BALL SO HARD|76\/100\n|move|p2a: hairy legs are in|Sticky Web|p1a: BALL SO HARD\n|-sidestart|p1: big gunker|move: Sticky Web\n|\n|-heal|p1a: BALL SO HARD|82\/100|[from] item: Leftovers\n|upkeep\n|turn|2\n|\n|t:|1700274862\n|move|p1a: BALL SO HARD|Leech Seed|p2a: hairy legs are in\n|-start|p2a: hairy legs are in|move: Leech Seed\n|move|p2a: hairy legs are in|Volt Switch|p1a: BALL SO HARD\n|-resisted|p1a: BALL SO HARD\n|-activate|p1a: BALL SO HARD|move: Substitute|[damage]\n|\n|t:|1700274920\n|switch|p2a: disappointing son|Regigigas, shiny|100\/100|[from] Volt Switch\n|-start|p2a: disappointing son|ability: Slow Start\n|\n|-heal|p1a: BALL SO HARD|88\/100|[from] item: Leftovers\n|upkeep\n|turn|3\n|\n|t:|1700274928\n|move|p1a: BALL SO HARD|Leech Seed|p2a: disappointing son|[miss]\n|-miss|p1a: BALL SO HARD|p2a: disappointing son\n|move|p2a: disappointing son|Headbutt|p1a: BALL SO HARD\n|-end|p1a: BALL SO HARD|Substitute\n|\n|-heal|p1a: BALL SO HARD|94\/100|[from] item: Leftovers\n|upkeep\n|turn|4\n|\n|t:|1700274942\n|move|p1a: BALL SO HARD|Leech Seed|p2a: disappointing son\n|-start|p2a: disappointing son|move: Leech Seed\n|move|p2a: disappointing son|Headbutt|p1a: BALL SO HARD\n|-damage|p1a: BALL SO HARD|63\/100\n|\n|-heal|p1a: BALL SO HARD|69\/100|[from] item: Leftovers\n|-damage|p2a: disappointing son|88\/100|[from] Leech Seed|[of] p1a: BALL SO HARD\n|-heal|p1a: BALL SO HARD|89\/100|[silent]\n|upkeep\n|turn|5\n|\n|t:|1700274954\n|move|p1a: BALL SO HARD|Substitute|p1a: BALL SO HARD\n|-start|p1a: BALL SO HARD|Substitute\n|-damage|p1a: BALL SO HARD|64\/100\n|move|p2a: disappointing son|Headbutt|p1a: BALL SO HARD\n|-end|p1a: BALL SO HARD|Substitute\n|\n|-heal|p1a: BALL SO HARD|70\/100|[from] item: Leftovers\n|-heal|p2a: disappointing son|94\/100|[from] item: Leftovers\n|-damage|p2a: disappointing son|82\/100|[from] Leech Seed|[of] p1a: BALL SO HARD\n|-heal|p1a: BALL SO HARD|91\/100|[silent]\n|upkeep\n|turn|6\n|\n|t:|1700274963\n|move|p1a: BALL SO HARD|Substitute|p1a: BALL SO HARD\n|-start|p1a: BALL SO HARD|Substitute\n|-damage|p1a: BALL SO HARD|66\/100\n|move|p2a: disappointing son|Headbutt|p1a: BALL SO HARD\n|-end|p1a: BALL SO HARD|Substitute\n|\n|-heal|p1a: BALL SO HARD|72\/100|[from] item: Leftovers\n|-heal|p2a: disappointing son|88\/100|[from] item: Leftovers\n|-damage|p2a: disappointing son|75\/100|[from] Leech Seed|[of] p1a: BALL SO HARD\n|-heal|p1a: BALL SO HARD|92\/100|[silent]\n|-end|p2a: disappointing son|Slow Start\n|upkeep\n|turn|7\n|\n|t:|1700274973\n|move|p1a: BALL SO HARD|Substitute|p1a: BALL SO HARD\n|-start|p1a: BALL SO HARD|Substitute\n|-damage|p1a: BALL SO HARD|67\/100\n|move|p2a: disappointing son|Drain Punch|p1a: BALL SO HARD\n|-end|p1a: BALL SO HARD|Substitute\n|-heal|p2a: disappointing son|83\/100|[from] drain|[of] p1a: BALL SO HARD\n|\n|-heal|p1a: BALL SO HARD|73\/100|[from] item: Leftovers\n|-heal|p2a: disappointing son|89\/100|[from] item: Leftovers\n|-damage|p2a: disappointing son|77\/100|[from] Leech Seed|[of] p1a: BALL SO HARD\n|-heal|p1a: BALL SO HARD|94\/100|[silent]\n|upkeep\n|turn|8\n|c|\u2606big gunker|im sorry\n|\n|t:|1700274984\n|move|p1a: BALL SO HARD|Volt Switch|p2a: disappointing son\n|-damage|p2a: disappointing son|63\/100\n|\n|t:|1700274987\n|switch|p1a: galigula|Gligar, F, shiny|100\/100|[from] Volt Switch\n|move|p2a: disappointing son|Drain Punch|p1a: galigula\n|-resisted|p1a: galigula\n|-damage|p1a: galigula|91\/100\n|-heal|p2a: disappointing son|67\/100|[from] drain|[of] p1a: galigula\n|-damage|p2a: disappointing son|50\/100|[from] item: Rocky Helmet|[of] p1a: galigula\n|\n|-heal|p2a: disappointing son|57\/100|[from] item: Leftovers\n|-damage|p2a: disappointing son|44\/100|[from] Leech Seed|[of] p1a: galigula\n|-heal|p1a: galigula|100\/100|[silent]\n|upkeep\n|turn|9\n|c|\u2606chacharealsmooth|hm?\n|\n|t:|1700275001\n|-end|p2a: disappointing son|Slow Start|[silent]\n|switch|p2a: uncle punch|Primeape, F, shiny|100\/100\n|move|p1a: galigula|Defog|p2a: uncle punch\n|-unboost|p2a: uncle punch|evasion|1\n|-ability|p2a: uncle punch|Defiant|boost\n|-boost|p2a: uncle punch|atk|2\n|-sideend|p1: big gunker|Sticky Web|[from] move: Defog|[of] p1a: galigula\n|\n|upkeep\n|turn|10\n|c|\u2606chacharealsmooth|what for\n|c|\u2606big gunker|its just an annoying wya to play\n|\n|t:|1700275034\n|switch|p1a: 50centipede|Centiskorch, M|100\/100\n|move|p2a: uncle punch|Ice Punch|p1a: 50centipede\n|-resisted|p1a: 50centipede\n|-damage|p1a: 50centipede|76\/100\n|-status|p2a: uncle punch|brn|[from] ability: Flame Body|[of] p1a: 50centipede\n|\n|-damage|p2a: uncle punch|95\/100 brn|[from] brn\n|upkeep\n|turn|11\n|c| NotAnHacker|Sub seed has been rather prevalent all draft\n|c|\u2606chacharealsmooth|omg\n|\n|t:|1700275053\n|move|p2a: uncle punch|Stealth Rock|p1a: 50centipede\n|-sidestart|p1: big gunker|move: Stealth Rock\n|move|p1a: 50centipede|Coil|p1a: 50centipede\n|-boost|p1a: 50centipede|atk|1\n|-boost|p1a: 50centipede|def|1\n|-boost|p1a: 50centipede|accuracy|1\n|\n|-damage|p2a: uncle punch|89\/100 brn|[from] brn\n|upkeep\n|turn|12\n|j| Pyos\n|\n|t:|1700275070\n|switch|p2a: ghost in the slab|Runerigus, F, shiny|100\/100\n|move|p1a: 50centipede|Coil|p1a: 50centipede\n|-boost|p1a: 50centipede|atk|1\n|-boost|p1a: 50centipede|def|1\n|-boost|p1a: 50centipede|accuracy|1\n|\n|upkeep\n|turn|13\n|\n|t:|1700275081\n|move|p1a: 50centipede|Power Whip|p2a: ghost in the slab\n|-supereffective|p2a: ghost in the slab\n|-damage|p2a: ghost in the slab|0 fnt\n|-activate|p2a: ghost in the slab|ability: Wandering Spirit|Flame Body|Wandering Spirit|[of] p1a: 50centipede\n|faint|p2a: ghost in the slab\n|\n|upkeep\n|c| Pyos|centiskorch doing something for the first time all draft\n|\n|t:|1700275122\n|switch|p2a: hairy legs are in|Galvantula, F, shiny|100\/100\n|turn|14\n|\n|t:|1700275127\n|move|p2a: hairy legs are in|Thunder|p1a: 50centipede\n|-damage|p1a: 50centipede|31\/100\n|-status|p1a: 50centipede|par\n|move|p1a: 50centipede|Fire Lash|p2a: hairy legs are in\n|-supereffective|p2a: hairy legs are in\n|-damage|p2a: hairy legs are in|0 fnt\n|faint|p2a: hairy legs are in\n|\n|upkeep\n|\n|t:|1700275234\n|switch|p2a: the juice|Flapple, F, shiny|100\/100\n|turn|15\n|\n|t:|1700275240\n|move|p2a: the juice|Draco Meteor|p1a: 50centipede\n|-damage|p1a: 50centipede|0 fnt\n|-unboost|p2a: the juice|spa|2\n|faint|p1a: 50centipede\n|-damage|p2a: the juice|91\/100|[from] item: Life Orb\n|\n|upkeep\n|\n|t:|1700275258\n|switch|p1a: mestank|Metang|100\/100\n|-damage|p1a: mestank|94\/100|[from] Stealth Rock\n|turn|16\n|\n|t:|1700275267\n|switch|p2a: uncle punch|Primeape, F, shiny|89\/100 brn\n|move|p1a: mestank|Toxic|p2a: uncle punch|[miss]\n|-miss|p1a: mestank|p2a: uncle punch\n|\n|-heal|p1a: mestank|100\/100|[from] item: Leftovers\n|-damage|p2a: uncle punch|83\/100 brn|[from] brn\n|upkeep\n|turn|17\n|\n|t:|1700275275\n|move|p2a: uncle punch|Taunt|p1a: mestank\n|-start|p1a: mestank|move: Taunt\n|move|p1a: mestank|Meteor Mash|p2a: uncle punch\n|-damage|p2a: uncle punch|45\/100 brn\n|\n|-damage|p2a: uncle punch|39\/100 brn|[from] brn\n|upkeep\n|turn|18\n|\n|t:|1700275311\n|move|p2a: uncle punch|Ice Punch|p1a: mestank\n|-resisted|p1a: mestank\n|-damage|p1a: mestank|97\/100\n|move|p1a: mestank|Meteor Mash|p2a: uncle punch\n|-damage|p2a: uncle punch|3\/100 brn\n|\n|-heal|p1a: mestank|100\/100|[from] item: Leftovers\n|-damage|p2a: uncle punch|0 fnt|[from] brn\n|faint|p2a: uncle punch\n|upkeep\n|\n|t:|1700275330\n|switch|p2a: the juice|Flapple, F, shiny|91\/100\n|turn|19\n|\n|t:|1700275334\n|move|p2a: the juice|Sucker Punch|p1a: mestank\n|-supereffective|p1a: mestank\n|-damage|p1a: mestank|37\/100\n|-damage|p2a: the juice|81\/100|[from] item: Life Orb\n|move|p1a: mestank|Meteor Mash|p2a: the juice\n|-crit|p2a: the juice\n|-damage|p2a: the juice|25\/100\n|\n|-heal|p1a: mestank|43\/100|[from] item: Leftovers\n|-end|p1a: mestank|move: Taunt\n|upkeep\n|turn|20\n|c|\u2606chacharealsmooth|fuck\n|c|\u2606big gunker|ur flinches have been on point but my crits are kinda brutal\n|c|\u2606chacharealsmooth|what even was that damage tho\n|l| Pyos\n|l| NotAnHacker\n|j| NotAnHacker\n|\n|t:|1700275430\n|switch|p2a: disappointing son|Regigigas, shiny|44\/100\n|-start|p2a: disappointing son|ability: Slow Start\n|move|p1a: mestank|Protect||[still]\n|-fail|p1a: mestank\n|\n|-heal|p1a: mestank|50\/100|[from] item: Leftovers\n|-heal|p2a: disappointing son|50\/100|[from] item: Leftovers\n|upkeep\n|turn|21\n|\n|t:|1700275441\n|switch|p1a: galigula|Gligar, F, shiny|100\/100\n|-damage|p1a: galigula|88\/100|[from] Stealth Rock\n|move|p2a: disappointing son|Protect||[still]\n|-fail|p2a: disappointing son\n|\n|-heal|p2a: disappointing son|56\/100|[from] item: Leftovers\n|upkeep\n|turn|22\n|\n|t:|1700275449\n|-end|p2a: disappointing son|Slow Start|[silent]\n|switch|p2a: gender construct|Gardevoir, M, shiny|100\/100\n|-ability|p2a: gender construct|Hyper Cutter|[from] ability: Trace|[of] p1a: galigula\n|move|p1a: galigula|Toxic Spikes|p2a: gender construct\n|-sidestart|p2: chacharealsmooth|move: Toxic Spikes\n|\n|upkeep\n|turn|23\n|\n|t:|1700275464\n|switch|p1a: mestank|Metang|50\/100\n|-damage|p1a: mestank|43\/100|[from] Stealth Rock\n|move|p2a: gender construct|Moonblast|p1a: mestank\n|-resisted|p1a: mestank\n|-damage|p1a: mestank|0 fnt\n|faint|p1a: mestank\n|\n|upkeep\n|\n|t:|1700275473\n|switch|p1a: the grinch|Kabutops, F, shiny|100\/100\n|-damage|p1a: the grinch|88\/100|[from] Stealth Rock\n|turn|24\n|j| Pyos\n|\n|t:|1700275656\n|move|p1a: the grinch|Flip Turn|p2a: gender construct\n|-damage|p2a: gender construct|47\/100\n|\n|t:|1700275663\n|switch|p1a: SPOROILER ALERT|Parasect, M, shiny|100\/100|[from] Flip Turn\n|-damage|p1a: SPOROILER ALERT|76\/100|[from] Stealth Rock\n|move|p2a: gender construct|Moonblast|p1a: SPOROILER ALERT\n|-damage|p1a: SPOROILER ALERT|0 fnt\n|faint|p1a: SPOROILER ALERT\n|\n|upkeep\n|\n|t:|1700275673\n|switch|p1a: the grinch|Kabutops, F, shiny|88\/100\n|-damage|p1a: the grinch|76\/100|[from] Stealth Rock\n|turn|25\n|\n|t:|1700275716\n|move|p1a: the grinch|Flip Turn|p2a: gender construct\n|-damage|p2a: gender construct|0 fnt\n|faint|p2a: gender construct\n|\n|t:|1700275727\n|switch|p1a: BALL SO HARD|Electrode-Hisui, shiny|94\/100|[from] Flip Turn\n|-damage|p1a: BALL SO HARD|81\/100|[from] Stealth Rock\n|\n|-heal|p1a: BALL SO HARD|87\/100|[from] item: Leftovers\n|upkeep\n|\n|t:|1700275766\n|switch|p2a: disappointing son|Regigigas, shiny|56\/100\n|-status|p2a: disappointing son|psn\n|-start|p2a: disappointing son|ability: Slow Start\n|turn|26\n|\n|t:|1700275779\n|move|p1a: BALL SO HARD|Substitute|p1a: BALL SO HARD\n|-start|p1a: BALL SO HARD|Substitute\n|-damage|p1a: BALL SO HARD|63\/100\n|move|p2a: disappointing son|Drain Punch|p1a: BALL SO HARD\n|-activate|p1a: BALL SO HARD|move: Substitute|[damage]\n|-heal|p2a: disappointing son|64\/100 psn|[from] drain|[of] p1a: BALL SO HARD\n|\n|-heal|p1a: BALL SO HARD|69\/100|[from] item: Leftovers\n|-heal|p2a: disappointing son|70\/100 psn|[from] item: Leftovers\n|-damage|p2a: disappointing son|58\/100 psn|[from] psn\n|upkeep\n|turn|27\n|\n|t:|1700275790\n|move|p2a: disappointing son|Protect|p2a: disappointing son\n|-singleturn|p2a: disappointing son|Protect\n|move|p1a: BALL SO HARD|Leech Seed|p2a: disappointing son\n|-activate|p2a: disappointing son|move: Protect\n|\n|-heal|p1a: BALL SO HARD|75\/100|[from] item: Leftovers\n|-heal|p2a: disappointing son|64\/100 psn|[from] item: Leftovers\n|-damage|p2a: disappointing son|51\/100 psn|[from] psn\n|upkeep\n|turn|28\n|\n|t:|1700275803\n|move|p2a: disappointing son|Protect|p2a: disappointing son\n|-singleturn|p2a: disappointing son|Protect\n|move|p1a: BALL SO HARD|Leech Seed|p2a: disappointing son\n|-activate|p2a: disappointing son|move: Protect\n|\n|-heal|p1a: BALL SO HARD|81\/100|[from] item: Leftovers\n|-heal|p2a: disappointing son|57\/100 psn|[from] item: Leftovers\n|-damage|p2a: disappointing son|45\/100 psn|[from] psn\n|upkeep\n|turn|29\n|\n|t:|1700275821\n|move|p1a: BALL SO HARD|Leech Seed|p2a: disappointing son\n|-start|p2a: disappointing son|move: Leech Seed\n|move|p2a: disappointing son|Drain Punch|p1a: BALL SO HARD\n|-end|p1a: BALL SO HARD|Substitute\n|-heal|p2a: disappointing son|45\/100 psn|[from] drain|[of] p1a: BALL SO HARD\n|\n|-heal|p1a: BALL SO HARD|87\/100|[from] item: Leftovers\n|-heal|p2a: disappointing son|51\/100 psn|[from] item: Leftovers\n|-damage|p2a: disappointing son|39\/100 psn|[from] Leech Seed|[of] p1a: BALL SO HARD\n|-heal|p1a: BALL SO HARD|100\/100|[silent]\n|-damage|p2a: disappointing son|26\/100 psn|[from] psn\n|upkeep\n|turn|30\n|\n|t:|1700275834\n|move|p1a: BALL SO HARD|Substitute|p1a: BALL SO HARD\n|-start|p1a: BALL SO HARD|Substitute\n|-damage|p1a: BALL SO HARD|76\/100\n|move|p2a: disappointing son|Drain Punch|p1a: BALL SO HARD\n|-activate|p1a: BALL SO HARD|move: Substitute|[damage]\n|-heal|p2a: disappointing son|34\/100 psn|[from] drain|[of] p1a: BALL SO HARD\n|\n|-heal|p1a: BALL SO HARD|82\/100|[from] item: Leftovers\n|-heal|p2a: disappointing son|40\/100 psn|[from] item: Leftovers\n|-damage|p2a: disappointing son|27\/100 psn|[from] Leech Seed|[of] p1a: BALL SO HARD\n|-heal|p1a: BALL SO HARD|100\/100|[silent]\n|-damage|p2a: disappointing son|15\/100 psn|[from] psn\n|-end|p2a: disappointing son|Slow Start\n|upkeep\n|turn|31\n|\n|t:|1700275846\n|move|p1a: BALL SO HARD|Volt Switch|p2a: disappointing son\n|-damage|p2a: disappointing son|0 fnt\n|faint|p2a: disappointing son\n|-end|p2a: disappointing son|Slow Start|[silent]\n|\n|t:|1700275850\n|switch|p1a: the grinch|Kabutops, F, shiny|76\/100|[from] Volt Switch\n|-damage|p1a: the grinch|64\/100|[from] Stealth Rock\n|\n|upkeep\n|\n|t:|1700275853\n|switch|p2a: the juice|Flapple, F, shiny|25\/100\n|-status|p2a: the juice|psn\n|turn|32\n|\n|t:|1700275857\n|move|p2a: the juice|Sucker Punch|p1a: the grinch\n|-damage|p1a: the grinch|14\/100\n|-ability|p1a: the grinch|Weak Armor|boost\n|-unboost|p1a: the grinch|def|1\n|-boost|p1a: the grinch|spe|2\n|-damage|p2a: the juice|15\/100 psn|[from] item: Life Orb\n|move|p1a: the grinch|Ice Beam|p2a: the juice\n|-supereffective|p2a: the juice\n|-damage|p2a: the juice|0 fnt\n|faint|p2a: the juice\n|\n|win|big gunker\n|c|\u2606chacharealsmooth|gg\n|c|\u2606big gunker|gg\n|l| Pyos\n|c|\u2606chacharealsmooth|welp\n","uploadtime":1700275875,"views":15,"p1id":"biggunker","p2id":"chacharealsmooth","formatid":"gen9nationaldex","rating":0,"private":0,"password":""}