{"id":"gen9nationaldex-1999887742","p1":"vance7889","p2":"Techwiz_101","format":"[Gen 9] National Dex","log":"|html|<div class=\"broadcast-blue\"><strong>[Gen 9] National Dex is currently suspecting Sneasler! For information on how to participate check out the <a href=\"https:\/\/www.smogon.com\/forums\/threads\/sv-national-dex-suspect-8-just-dance.3731534\/\">suspect thread<\/a>.<\/strong><\/div>\n|j|\u2606vance7889\n|j|\u2606Techwiz_101\n|t:|1701126540\n|gametype|singles\n|player|p1|vance7889|pokemonranger|1202\n|player|p2|Techwiz_101|gentleman-gen4|1182\n|teamsize|p1|6\n|teamsize|p2|6\n|gen|9\n|tier|[Gen 9] National Dex\n|rated|\n|rule|HP Percentage Mod: HP is shown in percentages\n|rule|Endless Battle Clause: Forcing endless battles is banned\n|rule|OHKO Clause: OHKO moves are banned\n|rule|Evasion Clause: Evasion abilities, items, and moves are banned\n|rule|Evasion Abilities Clause: Evasion abilities are banned\n|rule|Evasion Items Clause: Evasion items are banned\n|rule|Evasion Moves Clause: Evasion moves are banned\n|rule|Species Clause: Limit one of each Pok\u00e9mon\n|rule|Sleep Clause Mod: Limit one foe put to sleep\n|clearpoke\n|poke|p1|Charizard, M|\n|poke|p1|Landorus-Therian, M|\n|poke|p1|Grimmsnarl, M|\n|poke|p1|Thundurus-Therian, M|\n|poke|p1|Tapu Fini|\n|poke|p1|Ferrothorn, M|\n|poke|p2|Tinkaton, F|\n|poke|p2|Quagsire, M|\n|poke|p2|Haxorus, F|\n|poke|p2|Murkrow, F|\n|poke|p2|Aurorus, M|\n|poke|p2|Toxtricity, F|\n|teampreview\n|\n|t:|1701126546\n|start\n|switch|p1a: Tapu Fini|Tapu Fini|100\/100\n|switch|p2a: Haxorus|Haxorus, F|100\/100\n|-ability|p2a: Haxorus|Mold Breaker\n|-fieldstart|move: Misty Terrain|[from] ability: Misty Surge|[of] p1a: Tapu Fini\n|turn|1\n|inactive|Battle timer is ON: inactive players will automatically lose when time's up. (requested by vance7889)\n|\n|t:|1701126557\n|move|p2a: Haxorus|Iron Tail|p1a: Tapu Fini\n|-damage|p1a: Tapu Fini|69\/100\n|move|p1a: Tapu Fini|Moonblast|p2a: Haxorus\n|-supereffective|p2a: Haxorus\n|-damage|p2a: Haxorus|0 fnt\n|faint|p2a: Haxorus\n|-damage|p1a: Tapu Fini|59\/100|[from] item: Life Orb\n|\n|upkeep\n|\n|t:|1701126582\n|switch|p2a: Toxtricity|Toxtricity, F|100\/100\n|turn|2\n|\n|t:|1701126588\n|switch|p1a: Landorus|Landorus-Therian, M|100\/100\n|-ability|p1a: Landorus|Intimidate|boost\n|-unboost|p2a: Toxtricity|atk|1\n|move|p2a: Toxtricity|Shift Gear|p2a: Toxtricity\n|-boost|p2a: Toxtricity|spe|2\n|-boost|p2a: Toxtricity|atk|1\n|\n|upkeep\n|turn|3\n|\n|t:|1701126594\n|-terastallize|p2a: Toxtricity|Normal\n|move|p2a: Toxtricity|Boomburst|p1a: Landorus\n|-damage|p1a: Landorus|0 fnt\n|faint|p1a: Landorus\n|-enditem|p2a: Toxtricity|Throat Spray\n|-boost|p2a: Toxtricity|spa|1|[from] item: Throat Spray\n|\n|upkeep\n|\n|t:|1701126604\n|switch|p1a: Ferrothorn|Ferrothorn, M|100\/100\n|turn|4\n|\n|t:|1701126614\n|move|p2a: Toxtricity|Boomburst|p1a: Ferrothorn\n|-resisted|p1a: Ferrothorn\n|-damage|p1a: Ferrothorn|42\/100\n|move|p1a: Ferrothorn|Gyro Ball|p2a: Toxtricity\n|-damage|p2a: Toxtricity|38\/100\n|\n|-heal|p1a: Ferrothorn|48\/100|[from] item: Leftovers\n|upkeep\n|turn|5\n|\n|t:|1701126619\n|move|p2a: Toxtricity|Boomburst|p1a: Ferrothorn\n|-resisted|p1a: Ferrothorn\n|-damage|p1a: Ferrothorn|0 fnt\n|faint|p1a: Ferrothorn\n|\n|-fieldend|Misty Terrain\n|upkeep\n|\n|t:|1701126621\n|switch|p1a: Grimmsnarl|Grimmsnarl, M|100\/100\n|turn|6\n|\n|t:|1701126630\n|move|p1a: Grimmsnarl|Light Screen|p1a: Grimmsnarl\n|-sidestart|p1: vance7889|move: Light Screen\n|move|p2a: Toxtricity|Sludge Wave|p1a: Grimmsnarl\n|-supereffective|p1a: Grimmsnarl\n|-damage|p1a: Grimmsnarl|23\/100\n|\n|upkeep\n|turn|7\n|\n|t:|1701126637\n|move|p1a: Grimmsnarl|Reflect|p1a: Grimmsnarl\n|-sidestart|p1: vance7889|Reflect\n|move|p2a: Toxtricity|Sludge Wave|p1a: Grimmsnarl\n|-supereffective|p1a: Grimmsnarl\n|-damage|p1a: Grimmsnarl|0 fnt\n|faint|p1a: Grimmsnarl\n|\n|upkeep\n|\n|t:|1701126640\n|switch|p1a: Charizard|Charizard, M|100\/100\n|turn|8\n|\n|t:|1701126646\n|detailschange|p1a: Charizard|Charizard-Mega-X, M\n|-mega|p1a: Charizard|Charizard|Charizardite X\n|move|p2a: Toxtricity|Overdrive|p1a: Charizard\n|-resisted|p1a: Charizard\n|-damage|p1a: Charizard|76\/100\n|move|p1a: Charizard|Dragon Claw|p2a: Toxtricity\n|-damage|p2a: Toxtricity|0 fnt\n|faint|p2a: Toxtricity\n|\n|upkeep\n|\n|t:|1701126654\n|switch|p2a: Murkrow|Murkrow, F|100\/100\n|turn|9\n|\n|t:|1701126660\n|move|p2a: Murkrow|Defog|p1a: Charizard\n|-unboost|p1a: Charizard|evasion|1\n|-sideend|p1: vance7889|Reflect\n|-sideend|p1: vance7889|move: Light Screen\n|move|p1a: Charizard|Dragon Claw|p2a: Murkrow\n|-damage|p2a: Murkrow|0 fnt\n|faint|p2a: Murkrow\n|\n|upkeep\n|\n|t:|1701126674\n|switch|p2a: Aurorus|Aurorus, M|100\/100\n|turn|10\n|\n|t:|1701126681\n|move|p1a: Charizard|Flare Blitz|p2a: Aurorus\n|-damage|p2a: Aurorus|17\/100\n|-damage|p1a: Charizard|34\/100|[from] Recoil\n|move|p2a: Aurorus|Ancient Power|p1a: Charizard\n|-supereffective|p1a: Charizard\n|-damage|p1a: Charizard|0 fnt\n|faint|p1a: Charizard\n|\n|upkeep\n|\n|t:|1701126685\n|switch|p1a: Thundurus|Thundurus-Therian, M|100\/100\n|turn|11\n|\n|t:|1701126690\n|move|p1a: Thundurus|Thunderbolt|p2a: Aurorus\n|-damage|p2a: Aurorus|0 fnt\n|faint|p2a: Aurorus\n|\n|upkeep\n|\n|t:|1701126693\n|switch|p2a: Quagsire|Quagsire, M|100\/100\n|turn|12\n|\n|t:|1701126696\n|switch|p1a: Tapu Fini|Tapu Fini|59\/100\n|-fieldstart|move: Misty Terrain|[from] ability: Misty Surge|[of] p1a: Tapu Fini\n|move|p2a: Quagsire|Curse|p2a: Quagsire\n|-unboost|p2a: Quagsire|spe|1\n|-boost|p2a: Quagsire|atk|1\n|-boost|p2a: Quagsire|def|1\n|\n|upkeep\n|turn|13\n|\n|t:|1701126708\n|move|p1a: Tapu Fini|Calm Mind|p1a: Tapu Fini\n|-boost|p1a: Tapu Fini|spa|1\n|-boost|p1a: Tapu Fini|spd|1\n|move|p2a: Quagsire|Earthquake|p1a: Tapu Fini\n|-damage|p1a: Tapu Fini|22\/100\n|\n|upkeep\n|turn|14\n|\n|t:|1701126714\n|move|p1a: Tapu Fini|Hydro Pump|p2a: Quagsire|[miss]\n|-miss|p1a: Tapu Fini|p2a: Quagsire\n|move|p2a: Quagsire|Earthquake|p1a: Tapu Fini\n|-damage|p1a: Tapu Fini|0 fnt\n|faint|p1a: Tapu Fini\n|\n|upkeep\n|\n|t:|1701126716\n|switch|p1a: Thundurus|Thundurus-Therian, M|100\/100\n|turn|15\n|\n|t:|1701126721\n|-terastallize|p1a: Thundurus|Fighting\n|move|p1a: Thundurus|Focus Blast|p2a: Quagsire\n|-damage|p2a: Quagsire|3\/100\n|-enditem|p2a: Quagsire|Sitrus Berry|[eat]\n|-heal|p2a: Quagsire|28\/100|[from] item: Sitrus Berry\n|move|p2a: Quagsire|Aqua Tail|p1a: Thundurus\n|-damage|p1a: Thundurus|33\/100\n|\n|upkeep\n|turn|16\n|\n|t:|1701126729\n|move|p1a: Thundurus|Sludge Wave|p2a: Quagsire\n|-resisted|p2a: Quagsire\n|-damage|p2a: Quagsire|7\/100\n|move|p2a: Quagsire|Aqua Tail|p1a: Thundurus\n|-damage|p1a: Thundurus|0 fnt\n|faint|p1a: Thundurus\n|\n|win|Techwiz_101\n|raw|vance7889's rating: 1202 &rarr; <strong>1176<\/strong><br \/>(-26 for losing)\n|raw|Techwiz_101's rating: 1182 &rarr; <strong>1208<\/strong><br \/>(+26 for winning)\n|l|\u2606vance7889\n|c|\u2606Techwiz_101|gg\n","uploadtime":1701126738,"views":2,"p1id":"vance7889","p2id":"techwiz101","formatid":"gen9nationaldex","rating":1176,"private":0,"password":""}