{"id":"gen9nationaldex-1989964427","p1":"Margotbollox","p2":"Garchompbestpsuedo","format":"[Gen 9] National Dex","log":"|j|\u2606Margotbollox\n|j|\u2606Garchompbestpsuedo\n|t:|1699910738\n|gametype|singles\n|player|p1|Margotbollox|emmet|1000\n|player|p2|Garchompbestpsuedo|lyra|1108\n|teamsize|p1|6\n|teamsize|p2|6\n|gen|9\n|tier|[Gen 9] National Dex\n|rated|\n|rule|HP Percentage Mod: HP is shown in percentages\n|rule|Endless Battle Clause: Forcing endless battles is banned\n|rule|OHKO Clause: OHKO moves are banned\n|rule|Evasion Clause: Evasion abilities, items, and moves are banned\n|rule|Evasion Abilities Clause: Evasion abilities are banned\n|rule|Evasion Items Clause: Evasion items are banned\n|rule|Evasion Moves Clause: Evasion moves are banned\n|rule|Species Clause: Limit one of each Pok\u00e9mon\n|rule|Sleep Clause Mod: Limit one foe put to sleep\n|clearpoke\n|poke|p1|Cradily, F|\n|poke|p1|Armaldo, M|\n|poke|p1|Bastiodon, M|\n|poke|p1|Rampardos, M|\n|poke|p1|Tyrantrum, M|\n|poke|p1|Aurorus, F|\n|poke|p2|Flamigo, M|\n|poke|p2|Slither Wing|\n|poke|p2|Tauros-Paldea-Combat, M|\n|poke|p2|Grapploct, M|\n|poke|p2|Hitmontop, M|\n|poke|p2|Passimian, F|\n|teampreview\n|inactive|Battle timer is ON: inactive players will automatically lose when time's up. (requested by Garchompbestpsuedo)\n|\n|t:|1699910758\n|start\n|switch|p1a: Bastiodon|Bastiodon, M|100\/100\n|switch|p2a: Flamigo|Flamigo, M|100\/100\n|turn|1\n|\n|t:|1699910764\n|move|p2a: Flamigo|Close Combat|p1a: Bastiodon\n|-supereffective|p1a: Bastiodon\n|-ability|p1a: Bastiodon|Sturdy\n|-damage|p1a: Bastiodon|1\/100\n|-unboost|p2a: Flamigo|def|1\n|-unboost|p2a: Flamigo|spd|1\n|move|p1a: Bastiodon|Stealth Rock|p2a: Flamigo\n|-sidestart|p2: Garchompbestpsuedo|move: Stealth Rock\n|\n|upkeep\n|turn|2\n|-enditem|p1a: Bastiodon|Custap Berry|[eat]\n|-activate|p1a: Bastiodon|item: Custap Berry|[consumed]\n|\n|t:|1699910774\n|move|p1a: Bastiodon|Body Slam|p2a: Flamigo\n|-damage|p2a: Flamigo|76\/100\n|-status|p2a: Flamigo|par\n|move|p2a: Flamigo|Close Combat|p1a: Bastiodon\n|-supereffective|p1a: Bastiodon\n|-damage|p1a: Bastiodon|0 fnt\n|-unboost|p2a: Flamigo|def|1\n|-unboost|p2a: Flamigo|spd|1\n|faint|p1a: Bastiodon\n|\n|-heal|p2a: Flamigo|82\/100 par|[from] item: Leftovers\n|upkeep\n|\n|t:|1699910789\n|switch|p1a: Tyrantrum|Tyrantrum, M|100\/100\n|turn|3\n|\n|t:|1699910792\n|move|p1a: Tyrantrum|Dragon Dance|p1a: Tyrantrum\n|-boost|p1a: Tyrantrum|atk|1\n|-boost|p1a: Tyrantrum|spe|1\n|move|p2a: Flamigo|Close Combat|p1a: Tyrantrum\n|-supereffective|p1a: Tyrantrum\n|-damage|p1a: Tyrantrum|0 fnt\n|-unboost|p2a: Flamigo|def|1\n|-unboost|p2a: Flamigo|spd|1\n|faint|p1a: Tyrantrum\n|\n|-heal|p2a: Flamigo|89\/100 par|[from] item: Leftovers\n|upkeep\n|\n|t:|1699910801\n|switch|p1a: Rampardos|Rampardos, M|100\/100\n|-ability|p1a: Rampardos|Mold Breaker\n|turn|4\n|\n|t:|1699910808\n|move|p1a: Rampardos|Head Smash|p2a: Flamigo\n|-damage|p2a: Flamigo|0 fnt\n|faint|p2a: Flamigo\n|-damage|p1a: Rampardos|60\/100|[from] Recoil\n|\n|upkeep\n|\n|t:|1699910819\n|switch|p2a: Passimian|Passimian, F|100\/100\n|-damage|p2a: Passimian|94\/100|[from] Stealth Rock\n|turn|5\n|\n|t:|1699910824\n|move|p1a: Rampardos|Head Smash|p2a: Passimian\n|-resisted|p2a: Passimian\n|-damage|p2a: Passimian|41\/100\n|-damage|p1a: Rampardos|33\/100|[from] Recoil\n|move|p2a: Passimian|Earthquake|p1a: Rampardos\n|-supereffective|p1a: Rampardos\n|-damage|p1a: Rampardos|0 fnt\n|faint|p1a: Rampardos\n|\n|-heal|p2a: Passimian|47\/100|[from] item: Leftovers\n|upkeep\n|\n|t:|1699910832\n|switch|p1a: Cradily|Cradily, F|100\/100\n|turn|6\n|\n|t:|1699910838\n|move|p2a: Passimian|Close Combat|p1a: Cradily\n|-supereffective|p1a: Cradily\n|-damage|p1a: Cradily|0 fnt\n|-unboost|p2a: Passimian|def|1\n|-unboost|p2a: Passimian|spd|1\n|faint|p1a: Cradily\n|\n|-heal|p2a: Passimian|53\/100|[from] item: Leftovers\n|upkeep\n|\n|t:|1699910851\n|switch|p1a: Armaldo|Armaldo, M|100\/100\n|turn|7\n|\n|t:|1699910855\n|move|p2a: Passimian|Close Combat|p1a: Armaldo\n|-damage|p1a: Armaldo|41\/100\n|-unboost|p2a: Passimian|def|1\n|-unboost|p2a: Passimian|spd|1\n|move|p1a: Armaldo|Stone Edge|p2a: Passimian\n|-resisted|p2a: Passimian\n|-crit|p2a: Passimian\n|-damage|p2a: Passimian|0 fnt\n|faint|p2a: Passimian\n|\n|upkeep\n|\n|t:|1699910869\n|switch|p2a: Grapploct|Grapploct, M|100\/100\n|-damage|p2a: Grapploct|95\/100|[from] Stealth Rock\n|turn|8\n|\n|t:|1699910878\n|move|p1a: Armaldo|Rapid Spin|p2a: Grapploct\n|-damage|p2a: Grapploct|69\/100\n|-boost|p1a: Armaldo|spe|1\n|move|p2a: Grapploct|Close Combat|p1a: Armaldo\n|-damage|p1a: Armaldo|0 fnt\n|-unboost|p2a: Grapploct|def|1\n|-unboost|p2a: Grapploct|spd|1\n|faint|p1a: Armaldo\n|\n|-heal|p2a: Grapploct|75\/100|[from] item: Leftovers\n|upkeep\n|\n|t:|1699910884\n|switch|p1a: Aurorus|Aurorus, F|100\/100\n|turn|9\n|\n|t:|1699910892\n|move|p1a: Aurorus|Hyper Voice|p2a: Grapploct\n|-damage|p2a: Grapploct|0 fnt\n|faint|p2a: Grapploct\n|\n|upkeep\n|-message|Margotbollox forfeited.\n|\n|win|Garchompbestpsuedo\n|raw|Margotbollox's rating: 1000 &rarr; <strong>1000<\/strong><br \/>(+0 for losing)\n|raw|Garchompbestpsuedo's rating: 1108 &rarr; <strong>1125<\/strong><br \/>(+17 for winning)\n|l|\u2606Margotbollox\n","uploadtime":1699910908,"views":21,"p1id":"margotbollox","p2id":"garchompbestpsuedo","formatid":"gen9nationaldex","rating":1000,"private":0,"password":""}