{"id":"gen9nationaldex-2000049527","p1":"Steelice08","p2":"alezz17","format":"[Gen 9] National Dex","log":"|html|<div class=\"broadcast-blue\"><strong>[Gen 9] National Dex is currently suspecting Sneasler! For information on how to participate check out the <a href=\"https:\/\/www.smogon.com\/forums\/threads\/sv-national-dex-suspect-8-just-dance.3731534\/\">suspect thread<\/a>.<\/strong><\/div>\n|j|\u2606Steelice08\n|j|\u2606alezz17\n|t:|1701146090\n|gametype|singles\n|player|p1|Steelice08|1|\n|player|p2|alezz17|n|\n|teamsize|p1|4\n|teamsize|p2|6\n|gen|9\n|tier|[Gen 9] National Dex\n|rule|HP Percentage Mod: HP is shown in percentages\n|rule|Endless Battle Clause: Forcing endless battles is banned\n|rule|OHKO Clause: OHKO moves are banned\n|rule|Evasion Clause: Evasion abilities, items, and moves are banned\n|rule|Evasion Abilities Clause: Evasion abilities are banned\n|rule|Evasion Items Clause: Evasion items are banned\n|rule|Evasion Moves Clause: Evasion moves are banned\n|rule|Species Clause: Limit one of each Pok\u00e9mon\n|rule|Sleep Clause Mod: Limit one foe put to sleep\n|clearpoke\n|poke|p1|Luxray, M|\n|poke|p1|Tyrantrum, F|\n|poke|p1|Clefairy, F|\n|poke|p1|Escavalier, M|\n|poke|p2|Wartortle, F|\n|poke|p2|Masquerain, F|\n|poke|p2|Munchlax, F|\n|poke|p2|Sandy Shocks|\n|poke|p2|Nidorina, F|\n|poke|p2|Doduo, F|\n|teampreview\n|\n|t:|1701146111\n|start\n|switch|p1a: Luxray|Luxray, M|100\/100\n|switch|p2a: Mascara|Masquerain, F|100\/100\n|-ability|p2a: Mascara|Intimidate|boost\n|-unboost|p1a: Luxray|atk|1\n|turn|1\n|\n|t:|1701146123\n|move|p2a: Mascara|Sticky Web|p1a: Luxray\n|-sidestart|p1: Steelice08|move: Sticky Web\n|move|p1a: Luxray|Bite|p2a: Mascara\n|-damage|p2a: Mascara|82\/100\n|\n|upkeep\n|turn|2\n|\n|t:|1701146135\n|switch|p2a: Mikola|Sandy Shocks, shiny|100\/100\n|move|p1a: Luxray|Thunder Shock|p2a: Mikola\n|-immune|p2a: Mikola\n|\n|upkeep\n|turn|3\n|\n|t:|1701146144\n|switch|p1a: Tyrantrum|Tyrantrum, F|100\/100\n|-activate|p1a: Tyrantrum|move: Sticky Web\n|-unboost|p1a: Tyrantrum|spe|1\n|move|p2a: Mikola|Bulldoze|p1a: Tyrantrum\n|-supereffective|p1a: Tyrantrum\n|-damage|p1a: Tyrantrum|53\/100\n|-unboost|p1a: Tyrantrum|spe|1\n|\n|upkeep\n|turn|4\n|\n|t:|1701146155\n|move|p2a: Mikola|Bulldoze|p1a: Tyrantrum\n|-supereffective|p1a: Tyrantrum\n|-damage|p1a: Tyrantrum|12\/100\n|-unboost|p1a: Tyrantrum|spe|1\n|move|p1a: Tyrantrum|Charm|p2a: Mikola\n|-unboost|p2a: Mikola|atk|2\n|\n|upkeep\n|turn|5\n|\n|t:|1701146164\n|move|p2a: Mikola|Bulldoze|p1a: Tyrantrum\n|-supereffective|p1a: Tyrantrum\n|-damage|p1a: Tyrantrum|0 fnt\n|faint|p1a: Tyrantrum\n|\n|upkeep\n|\n|t:|1701146171\n|switch|p1a: Escavalier|Escavalier, M|100\/100\n|-activate|p1a: Escavalier|move: Sticky Web\n|-unboost|p1a: Escavalier|spe|1\n|turn|6\n|\n|t:|1701146179\n|-end|p2a: Mikola|Protosynthesis|[silent]\n|switch|p2a: Mascara|Masquerain, F|82\/100\n|-ability|p2a: Mascara|Intimidate|boost\n|-unboost|p1a: Escavalier|atk|1\n|move|p1a: Escavalier|Fury Cutter|p2a: Mascara\n|-resisted|p2a: Mascara\n|-damage|p2a: Mascara|67\/100\n|\n|upkeep\n|turn|7\n|\n|t:|1701146207\n|switch|p2a: Mikola|Sandy Shocks, shiny|100\/100\n|move|p1a: Escavalier|Peck|p2a: Mikola\n|-resisted|p2a: Mikola\n|-damage|p2a: Mikola|97\/100\n|\n|-heal|p2a: Mikola|100\/100|[from] item: Leftovers\n|upkeep\n|turn|8\n|j| CarlosHP\n|\n|t:|1701146222\n|move|p2a: Mikola|Thunder Wave|p1a: Escavalier\n|-status|p1a: Escavalier|par\n|cant|p1a: Escavalier|par\n|\n|upkeep\n|turn|9\n|\n|t:|1701146231\n|-end|p2a: Mikola|Protosynthesis|[silent]\n|switch|p2a: Mascara|Masquerain, F|67\/100\n|-ability|p2a: Mascara|Intimidate|boost\n|-unboost|p1a: Escavalier|atk|1\n|cant|p1a: Escavalier|par\n|\n|upkeep\n|turn|10\n|\n|t:|1701146240\n|move|p2a: Mascara|Water Gun|p1a: Escavalier\n|-damage|p1a: Escavalier|89\/100 par\n|cant|p1a: Escavalier|par\n|\n|upkeep\n|turn|11\n|\n|t:|1701146246\n|move|p2a: Mascara|Water Gun|p1a: Escavalier\n|-damage|p1a: Escavalier|76\/100 par\n|move|p1a: Escavalier|Acid Spray|p2a: Mascara\n|-damage|p2a: Mascara|56\/100\n|-unboost|p2a: Mascara|spd|2\n|\n|upkeep\n|turn|12\n|\n|t:|1701146259\n|switch|p2a: Kuku|Wartortle, F|100\/100\n|cant|p1a: Escavalier|par\n|\n|upkeep\n|turn|13\n|\n|t:|1701146269\n|move|p2a: Kuku|Bite|p1a: Escavalier\n|-damage|p1a: Escavalier|62\/100 par\n|move|p1a: Escavalier|Acid Spray|p2a: Kuku\n|-damage|p2a: Kuku|88\/100\n|-unboost|p2a: Kuku|spd|2\n|\n|upkeep\n|turn|14\n|\n|t:|1701146279\n|switch|p1a: Luxray|Luxray, M|100\/100\n|-activate|p1a: Luxray|move: Sticky Web\n|-unboost|p1a: Luxray|spe|1\n|move|p2a: Kuku|Bite|p1a: Luxray\n|-damage|p1a: Luxray|86\/100\n|\n|upkeep\n|turn|15\n|\n|t:|1701146288\n|switch|p2a: Mikola|Sandy Shocks, shiny|100\/100\n|move|p1a: Luxray|Bite|p2a: Mikola\n|-damage|p2a: Mikola|80\/100\n|\n|-heal|p2a: Mikola|86\/100|[from] item: Leftovers\n|upkeep\n|turn|16\n|\n|t:|1701146301\n|switch|p1a: Clefairy|Clefairy, F|100\/100\n|-activate|p1a: Clefairy|move: Sticky Web\n|-unboost|p1a: Clefairy|spe|1\n|move|p2a: Mikola|Bulldoze|p1a: Clefairy\n|-damage|p1a: Clefairy|53\/100\n|-unboost|p1a: Clefairy|spe|1\n|\n|-heal|p2a: Mikola|93\/100|[from] item: Leftovers\n|upkeep\n|turn|17\n|\n|t:|1701146317\n|move|p2a: Mikola|Spark|p1a: Clefairy\n|-damage|p1a: Clefairy|5\/100\n|-status|p1a: Clefairy|par\n|move|p1a: Clefairy|Copycat|p1a: Clefairy\n|move|p1a: Clefairy|Spark|p2a: Mikola|[from]move: Copycat\n|-immune|p2a: Mikola\n|\n|-heal|p2a: Mikola|99\/100|[from] item: Leftovers\n|upkeep\n|turn|18\n|\n|t:|1701146332\n|move|p2a: Mikola|Spark|p1a: Clefairy\n|-damage|p1a: Clefairy|0 fnt\n|faint|p1a: Clefairy\n|\n|-heal|p2a: Mikola|100\/100|[from] item: Leftovers\n|upkeep\n|\n|t:|1701146339\n|switch|p1a: Luxray|Luxray, M|86\/100\n|-activate|p1a: Luxray|move: Sticky Web\n|-unboost|p1a: Luxray|spe|1\n|turn|19\n|l| CarlosHP\n|\n|t:|1701146345\n|move|p2a: Mikola|Bulldoze|p1a: Luxray\n|-supereffective|p1a: Luxray\n|-damage|p1a: Luxray|32\/100\n|-unboost|p1a: Luxray|spe|1\n|move|p1a: Luxray|Bite|p2a: Mikola\n|-damage|p2a: Mikola|80\/100\n|\n|-heal|p2a: Mikola|86\/100|[from] item: Leftovers\n|upkeep\n|turn|20\n|\n|t:|1701146356\n|move|p2a: Mikola|Bulldoze|p1a: Luxray\n|-supereffective|p1a: Luxray\n|-damage|p1a: Luxray|0 fnt\n|faint|p1a: Luxray\n|\n|-heal|p2a: Mikola|92\/100|[from] item: Leftovers\n|upkeep\n|\n|t:|1701146364\n|switch|p1a: Escavalier|Escavalier, M|62\/100 par\n|-activate|p1a: Escavalier|move: Sticky Web\n|-unboost|p1a: Escavalier|spe|1\n|turn|21\n|\n|t:|1701146371\n|move|p2a: Mikola|Spark|p1a: Escavalier\n|-damage|p1a: Escavalier|34\/100 par\n|move|p1a: Escavalier|Acid Spray|p2a: Mikola\n|-resisted|p2a: Mikola\n|-damage|p2a: Mikola|88\/100\n|-unboost|p2a: Mikola|spd|2\n|\n|-heal|p2a: Mikola|94\/100|[from] item: Leftovers\n|upkeep\n|turn|22\n|\n|t:|1701146381\n|move|p2a: Mikola|Spark|p1a: Escavalier\n|-damage|p1a: Escavalier|10\/100 par\n|cant|p1a: Escavalier|par\n|\n|-heal|p2a: Mikola|100\/100|[from] item: Leftovers\n|upkeep\n|turn|23\n|\n|t:|1701146389\n|move|p2a: Mikola|Spark|p1a: Escavalier\n|-damage|p1a: Escavalier|0 fnt\n|faint|p1a: Escavalier\n|\n|win|alezz17\n|l|\u2606Steelice08\n|l|\u2606alezz17\n|j|\u2606alezz17\n|player|p2|alezz17|n\n","uploadtime":1701146491,"views":12,"p1id":"steelice08","p2id":"alezz17","formatid":"gen9nationaldex","rating":0,"private":0,"password":""}