{"id":"gen9nationaldex-1990762429","p1":"toothbrush17","p2":"ZARABAMBICHES","format":"[Gen 9] National Dex","log":"|j|\u2606toothbrush17\n|j|\u2606ZARABAMBICHES\n|t:|1699998444\n|gametype|singles\n|player|p1|toothbrush17|170|1229\n|player|p2|ZARABAMBICHES|169|1244\n|teamsize|p1|6\n|teamsize|p2|6\n|gen|9\n|tier|[Gen 9] National Dex\n|rated|\n|rule|HP Percentage Mod: HP is shown in percentages\n|rule|Endless Battle Clause: Forcing endless battles is banned\n|rule|OHKO Clause: OHKO moves are banned\n|rule|Evasion Clause: Evasion abilities, items, and moves are banned\n|rule|Evasion Abilities Clause: Evasion abilities are banned\n|rule|Evasion Items Clause: Evasion items are banned\n|rule|Evasion Moves Clause: Evasion moves are banned\n|rule|Species Clause: Limit one of each Pok\u00e9mon\n|rule|Sleep Clause Mod: Limit one foe put to sleep\n|clearpoke\n|poke|p1|Chansey, F|\n|poke|p1|Great Tusk|\n|poke|p1|Toxapex, M|\n|poke|p1|Zapdos|\n|poke|p1|Tapu Lele|\n|poke|p1|Heatran, F|\n|poke|p2|Heatran, M|\n|poke|p2|Greninja-*, M|\n|poke|p2|Jirachi|\n|poke|p2|Gliscor, M|\n|poke|p2|Sinistcha|\n|poke|p2|Corviknight, F|\n|teampreview\n|\n|t:|1699998456\n|start\n|switch|p1a: Great Tusk|Great Tusk|100\/100\n|switch|p2a: Gliscor|Gliscor, M, shiny|100\/100\n|-enditem|p1a: Great Tusk|Booster Energy\n|-activate|p1a: Great Tusk|ability: Protosynthesis|[fromitem]\n|-start|p1a: Great Tusk|protosynthesisdef\n|turn|1\n|\n|t:|1699998473\n|switch|p2a: Corviknight|Corviknight, F|100\/100\n|-ability|p2a: Corviknight|Pressure\n|move|p1a: Great Tusk|Ice Spinner|p2a: Corviknight\n|-damage|p2a: Corviknight|83\/100\n|-damage|p1a: Great Tusk|84\/100|[from] item: Rocky Helmet|[of] p2a: Corviknight\n|\n|upkeep\n|turn|2\n|inactive|Battle timer is ON: inactive players will automatically lose when time's up. (requested by ZARABAMBICHES)\n|inactive|toothbrush17 has 120 seconds left.\n|\n|t:|1699998541\n|-end|p1a: Great Tusk|Protosynthesis|[silent]\n|switch|p1a: Zapdos|Zapdos|100\/100\n|move|p2a: Corviknight|Iron Head|p1a: Zapdos\n|-resisted|p1a: Zapdos\n|-damage|p1a: Zapdos|91\/100\n|\n|upkeep\n|turn|3\n|\n|t:|1699998558\n|switch|p1a: Great Tusk|Great Tusk|84\/100\n|switch|p2a: Heatran|Heatran, M|100\/100\n|\n|upkeep\n|turn|4\n|\n|t:|1699998579\n|switch|p2a: Corviknight|Corviknight, F|83\/100\n|-ability|p2a: Corviknight|Pressure\n|move|p1a: Great Tusk|Rapid Spin|p2a: Corviknight\n|-resisted|p2a: Corviknight\n|-damage|p2a: Corviknight|78\/100\n|-boost|p1a: Great Tusk|spe|1\n|-damage|p1a: Great Tusk|68\/100|[from] item: Rocky Helmet|[of] p2a: Corviknight\n|\n|upkeep\n|turn|5\n|inactive|ZARABAMBICHES has 120 seconds left.\n|\n|t:|1699998598\n|-end|p1a: Great Tusk|Protosynthesis|[silent]\n|switch|p1a: Zapdos|Zapdos|91\/100\n|move|p2a: Corviknight|Iron Head|p1a: Zapdos\n|-resisted|p1a: Zapdos\n|-damage|p1a: Zapdos|82\/100\n|\n|upkeep\n|turn|6\n|inactive|ZARABAMBICHES has 120 seconds left.\n|\n|t:|1699998610\n|switch|p2a: Gliscor|Gliscor, M, shiny|100\/100\n|move|p1a: Zapdos|Volt Switch|p2a: Gliscor\n|-immune|p2a: Gliscor\n|\n|-status|p2a: Gliscor|tox|[from] item: Toxic Orb\n|upkeep\n|turn|7\n|inactive|ZARABAMBICHES has 120 seconds left.\n|\n|t:|1699998636\n|switch|p1a: Toxapex|Toxapex, M|100\/100\n|move|p2a: Gliscor|Swords Dance|p2a: Gliscor\n|-boost|p2a: Gliscor|atk|2\n|\n|upkeep\n|turn|8\n|\n|t:|1699998653\n|switch|p1a: Zapdos|Zapdos|82\/100\n|move|p2a: Gliscor|Earthquake|p1a: Zapdos\n|-immune|p1a: Zapdos\n|\n|upkeep\n|turn|9\n|\n|t:|1699998666\n|move|p2a: Gliscor|Swords Dance|p2a: Gliscor\n|-boost|p2a: Gliscor|atk|2\n|move|p1a: Zapdos|Hurricane|p2a: Gliscor\n|-damage|p2a: Gliscor|30\/100 tox\n|\n|-heal|p2a: Gliscor|42\/100 tox|[from] ability: Poison Heal\n|upkeep\n|turn|10\n|inactive|ZARABAMBICHES has 90 seconds left.\n|l|\u2606ZARABAMBICHES\n|inactive|ZARABAMBICHES disconnected and has a minute to reconnect!\n|player|p2|\n|inactive|ZARABAMBICHES has 30 seconds to reconnect!\n|inactive|ZARABAMBICHES has 20 seconds to reconnect!\n|inactive|ZARABAMBICHES has 15 seconds to reconnect!\n|inactive|ZARABAMBICHES has 10 seconds to reconnect!\n|j|\u2606ZARABAMBICHES\n|inactive|ZARABAMBICHES reconnected and has 40 seconds left.\n|player|p2|ZARABAMBICHES|169\n|inactive|ZARABAMBICHES has 30 seconds left.\n|\n|t:|1699998748\n|-terastallize|p2a: Gliscor|Normal\n|move|p2a: Gliscor|Facade|p1a: Zapdos\n|-damage|p1a: Zapdos|0 fnt\n|faint|p1a: Zapdos\n|\n|-heal|p2a: Gliscor|55\/100 tox|[from] ability: Poison Heal\n|upkeep\n|\n|t:|1699998756\n|switch|p1a: Great Tusk|Great Tusk|68\/100\n|turn|11\n|inactive|ZARABAMBICHES has 30 seconds left.\n|\n|t:|1699998772\n|switch|p2a: Corviknight|Corviknight, F|78\/100\n|-ability|p2a: Corviknight|Pressure\n|move|p1a: Great Tusk|Close Combat|p2a: Corviknight\n|-damage|p2a: Corviknight|39\/100\n|-unboost|p1a: Great Tusk|def|1\n|-unboost|p1a: Great Tusk|spd|1\n|-damage|p1a: Great Tusk|51\/100|[from] item: Rocky Helmet|[of] p2a: Corviknight\n|\n|upkeep\n|turn|12\n|inactive|ZARABAMBICHES has 30 seconds left.\n|\n|t:|1699998786\n|move|p1a: Great Tusk|Close Combat|p2a: Corviknight\n|-damage|p2a: Corviknight|0 fnt\n|-unboost|p1a: Great Tusk|def|1\n|-unboost|p1a: Great Tusk|spd|1\n|-damage|p1a: Great Tusk|35\/100|[from] item: Rocky Helmet|[of] p2a: Corviknight\n|faint|p2a: Corviknight\n|\n|upkeep\n|inactive|ZARABAMBICHES has 30 seconds left.\n|\n|t:|1699998798\n|switch|p2a: Gliscor|Gliscor, M, shiny, tera:Normal|55\/100 tox\n|turn|13\n|\n|t:|1699998803\n|move|p2a: Gliscor|Earthquake|p1a: Great Tusk\n|-damage|p1a: Great Tusk|0 fnt\n|faint|p1a: Great Tusk\n|-end|p1a: Great Tusk|Protosynthesis|[silent]\n|\n|-heal|p2a: Gliscor|67\/100 tox|[from] ability: Poison Heal\n|upkeep\n|\n|t:|1699998807\n|switch|p1a: Tapu Lele|Tapu Lele|100\/100\n|-fieldstart|move: Psychic Terrain|[from] ability: Psychic Surge|[of] p1a: Tapu Lele\n|turn|14\n|\n|t:|1699998823\n|switch|p2a: Jirachi|Jirachi|100\/100\n|move|p1a: Tapu Lele|Moonblast|p2a: Jirachi\n|-resisted|p2a: Jirachi\n|-damage|p2a: Jirachi|81\/100\n|-unboost|p2a: Jirachi|spa|1\n|\n|-heal|p2a: Jirachi|87\/100|[from] item: Leftovers\n|upkeep\n|turn|15\n|inactiveoff|Battle timer is now OFF.\n|\n|t:|1699998837\n|switch|p1a: Heatran|Heatran, F|100\/100\n|move|p2a: Jirachi|Wish|p2a: Jirachi\n|\n|-heal|p2a: Jirachi|93\/100|[from] item: Leftovers\n|upkeep\n|turn|16\n|\n|t:|1699998849\n|switch|p2a: Heatran|Heatran, M|100\/100\n|move|p1a: Heatran|Magma Storm|p2a: Heatran\n|-start|p2a: Heatran|ability: Flash Fire\n|\n|upkeep\n|turn|17\n|\n|t:|1699998858\n|-terastallize|p1a: Heatran|Grass\n|move|p2a: Heatran|Earth Power|p1a: Heatran\n|-resisted|p1a: Heatran\n|-damage|p1a: Heatran|92\/100\n|move|p1a: Heatran|Earth Power|p2a: Heatran\n|-supereffective|p2a: Heatran\n|-damage|p2a: Heatran|45\/100\n|\n|-heal|p1a: Heatran|99\/100|[from] item: Leftovers\n|upkeep\n|turn|18\n|\n|t:|1699998874\n|-end|p2a: Heatran|ability: Flash Fire|[silent]\n|switch|p2a: Sinistcha|Sinistcha|100\/100\n|move|p1a: Heatran|Earth Power|p2a: Sinistcha\n|-resisted|p2a: Sinistcha\n|-damage|p2a: Sinistcha|89\/100\n|\n|-heal|p1a: Heatran|100\/100|[from] item: Leftovers\n|-heal|p2a: Sinistcha|95\/100|[from] item: Leftovers\n|-fieldend|move: Psychic Terrain\n|upkeep\n|turn|19\n|\n|t:|1699998891\n|move|p1a: Heatran|Magma Storm|p2a: Sinistcha\n|-supereffective|p2a: Sinistcha\n|-damage|p2a: Sinistcha|14\/100\n|-activate|p2a: Sinistcha|move: Magma Storm|[of] p1a: Heatran\n|move|p2a: Sinistcha|Calm Mind|p2a: Sinistcha\n|-boost|p2a: Sinistcha|spa|1\n|-boost|p2a: Sinistcha|spd|1\n|\n|-heal|p2a: Sinistcha|20\/100|[from] item: Leftovers\n|-damage|p2a: Sinistcha|8\/100|[from] move: Magma Storm|[partiallytrapped]\n|upkeep\n|turn|20\n|\n|t:|1699998912\n|switch|p2a: Heatran|Heatran, M|45\/100\n|move|p1a: Heatran|Magma Storm|p2a: Heatran\n|-start|p2a: Heatran|ability: Flash Fire\n|\n|upkeep\n|turn|21\n|\n|t:|1699998937\n|-end|p2a: Heatran|ability: Flash Fire|[silent]\n|switch|p2a: Sinistcha|Sinistcha|8\/100\n|move|p1a: Heatran|Earth Power|p2a: Sinistcha\n|-resisted|p2a: Sinistcha\n|-damage|p2a: Sinistcha|0 fnt\n|faint|p2a: Sinistcha\n|\n|upkeep\n|\n|t:|1699998945\n|switch|p2a: Greninja|Greninja, M|100\/100\n|turn|22\n|\n|t:|1699998964\n|switch|p1a: Chansey|Chansey, F|100\/100\n|move|p2a: Greninja|Dark Pulse|p1a: Chansey\n|-damage|p1a: Chansey|90\/100\n|\n|upkeep\n|turn|23\n|\n|t:|1699998986\n|switch|p2a: Jirachi|Jirachi|93\/100\n|move|p1a: Chansey|Teleport|p1a: Chansey\n|\n|t:|1699999012\n|switch|p1a: Heatran|Heatran, F, tera:Grass|100\/100|[from] Teleport\n|\n|-heal|p2a: Jirachi|99\/100|[from] item: Leftovers\n|upkeep\n|turn|24\n|\n|t:|1699999022\n|switch|p2a: Heatran|Heatran, M|45\/100\n|move|p1a: Heatran|Magma Storm|p2a: Heatran\n|-start|p2a: Heatran|ability: Flash Fire\n|\n|upkeep\n|turn|25\n|\n|t:|1699999038\n|-end|p2a: Heatran|ability: Flash Fire|[silent]\n|switch|p2a: Greninja|Greninja, M|100\/100\n|move|p1a: Heatran|Earth Power|p2a: Greninja\n|-damage|p2a: Greninja|57\/100\n|\n|upkeep\n|turn|26\n|\n|t:|1699999050\n|switch|p2a: Jirachi|Jirachi|99\/100\n|switch|p1a: Chansey|Chansey, F|90\/100\n|\n|-heal|p2a: Jirachi|100\/100|[from] item: Leftovers\n|upkeep\n|turn|27\n|\n|t:|1699999063\n|move|p2a: Jirachi|Wish|p2a: Jirachi\n|move|p1a: Chansey|Teleport|p1a: Chansey\n|\n|t:|1699999068\n|switch|p1a: Heatran|Heatran, F, tera:Grass|100\/100|[from] Teleport\n|\n|upkeep\n|turn|28\n|\n|t:|1699999081\n|switch|p2a: Greninja|Greninja, M|57\/100\n|move|p1a: Heatran|Earth Power|p2a: Greninja\n|-damage|p2a: Greninja|19\/100\n|\n|-heal|p2a: Greninja|88\/100|[from] move: Wish|[wisher] Jirachi\n|upkeep\n|turn|29\n|\n|t:|1699999106\n|switch|p2a: Jirachi|Jirachi|100\/100\n|switch|p1a: Chansey|Chansey, F|90\/100\n|\n|upkeep\n|turn|30\n|\n|t:|1699999116\n|move|p2a: Jirachi|Wish|p2a: Jirachi\n|move|p1a: Chansey|Teleport|p1a: Chansey\n|\n|t:|1699999121\n|switch|p1a: Heatran|Heatran, F, tera:Grass|100\/100|[from] Teleport\n|\n|upkeep\n|turn|31\n|\n|t:|1699999136\n|switch|p2a: Greninja|Greninja, M|88\/100\n|move|p1a: Heatran|Earth Power|p2a: Greninja\n|-damage|p2a: Greninja|50\/100\n|\n|-heal|p2a: Greninja|100\/100|[from] move: Wish|[wisher] Jirachi\n|upkeep\n|turn|32\n|\n|t:|1699999156\n|move|p2a: Greninja|Dark Pulse|p1a: Heatran\n|-crit|p1a: Heatran\n|-damage|p1a: Heatran|68\/100\n|move|p1a: Heatran|Toxic|p2a: Greninja\n|-status|p2a: Greninja|tox\n|\n|-heal|p1a: Heatran|74\/100|[from] item: Leftovers\n|-damage|p2a: Greninja|95\/100 tox|[from] psn\n|upkeep\n|turn|33\n|\n|t:|1699999169\n|switch|p1a: Chansey|Chansey, F|90\/100\n|-zpower|p2a: Greninja\n|move|p2a: Greninja|Shattered Psyche|p1a: Chansey|[zeffect]\n|-damage|p1a: Chansey|75\/100\n|\n|-damage|p2a: Greninja|83\/100 tox|[from] psn\n|upkeep\n|turn|34\n|\n|t:|1699999191\n|move|p2a: Greninja|Dark Pulse|p1a: Chansey\n|-damage|p1a: Chansey|64\/100\n|move|p1a: Chansey|Teleport|p1a: Chansey\n|\n|t:|1699999199\n|switch|p1a: Toxapex|Toxapex, M|100\/100|[from] Teleport\n|\n|-damage|p2a: Greninja|65\/100 tox|[from] psn\n|upkeep\n|turn|35\n|\n|t:|1699999213\n|switch|p2a: Jirachi|Jirachi|100\/100\n|switch|p1a: Chansey|Chansey, F|64\/100\n|\n|upkeep\n|turn|36\n|\n|t:|1699999227\n|move|p2a: Jirachi|Wish|p2a: Jirachi\n|move|p1a: Chansey|Seismic Toss|p2a: Jirachi\n|-damage|p2a: Jirachi|75\/100\n|\n|-heal|p2a: Jirachi|81\/100|[from] item: Leftovers\n|upkeep\n|turn|37\n|\n|t:|1699999236\n|move|p2a: Jirachi|Power-Up Punch|p1a: Chansey\n|-supereffective|p1a: Chansey\n|-damage|p1a: Chansey|48\/100\n|-boost|p2a: Jirachi|atk|1\n|move|p1a: Chansey|Seismic Toss|p2a: Jirachi\n|-damage|p2a: Jirachi|56\/100\n|\n|-heal|p2a: Jirachi|100\/100|[from] move: Wish|[wisher] Jirachi\n|upkeep\n|turn|38\n|\n|t:|1699999249\n|move|p2a: Jirachi|Iron Head|p1a: Chansey\n|-damage|p1a: Chansey|11\/100\n|move|p1a: Chansey|Soft-Boiled|p1a: Chansey\n|-heal|p1a: Chansey|61\/100\n|\n|upkeep\n|turn|39\n|\n|t:|1699999263\n|move|p2a: Jirachi|Wish|p2a: Jirachi\n|move|p1a: Chansey|Teleport|p1a: Chansey\n|\n|t:|1699999266\n|switch|p1a: Heatran|Heatran, F, tera:Grass|74\/100|[from] Teleport\n|\n|-heal|p1a: Heatran|80\/100|[from] item: Leftovers\n|upkeep\n|turn|40\n|\n|t:|1699999281\n|move|p2a: Jirachi|Iron Head|p1a: Heatran\n|-damage|p1a: Heatran|30\/100\n|cant|p1a: Heatran|flinch\n|\n|-heal|p1a: Heatran|36\/100|[from] item: Leftovers\n|upkeep\n|turn|41\n|\n|t:|1699999292\n|switch|p1a: Toxapex|Toxapex, M|100\/100\n|move|p2a: Jirachi|Iron Head|p1a: Toxapex\n|-resisted|p1a: Toxapex\n|-damage|p1a: Toxapex|83\/100\n|\n|-heal|p1a: Toxapex|89\/100|[from] item: Black Sludge\n|upkeep\n|turn|42\n|\n|t:|1699999303\n|move|p2a: Jirachi|Zen Headbutt|p1a: Toxapex\n|-supereffective|p1a: Toxapex\n|-damage|p1a: Toxapex|25\/100\n|move|p1a: Toxapex|Scald|p2a: Jirachi\n|-damage|p2a: Jirachi|87\/100\n|\n|-heal|p2a: Jirachi|93\/100|[from] item: Leftovers\n|-heal|p1a: Toxapex|31\/100|[from] item: Black Sludge\n|upkeep\n|turn|43\n|-message|toothbrush17 forfeited.\n|\n|win|ZARABAMBICHES\n|raw|toothbrush17's rating: 1229 &rarr; <strong>1205<\/strong><br \/>(-24 for losing)\n|raw|ZARABAMBICHES's rating: 1244 &rarr; <strong>1268<\/strong><br \/>(+24 for winning)\n|l|\u2606toothbrush17\n","uploadtime":1699999336,"views":5,"p1id":"toothbrush17","p2id":"zarabambiches","formatid":"gen9nationaldex","rating":1205,"private":0,"password":""}