{"id":"gen9nationaldex-1995694048","p1":"The power of ROCK","p2":"ActionJackMe","format":"[Gen 9] National Dex","log":"|html|<div class=\"broadcast-blue\"><strong>[Gen 9] National Dex is currently suspecting Sneasler! For information on how to participate check out the <a href=\"https:\/\/www.smogon.com\/forums\/threads\/sv-national-dex-suspect-8-just-dance.3731534\/\">suspect thread<\/a>.<\/strong><\/div>\n|j|\u2606The power of ROCK\n|j|\u2606ActionJackMe\n|inactive|Battle timer is ON: inactive players will automatically lose when time's up.\n|t:|1700594582\n|gametype|singles\n|player|p1|The power of ROCK|roark|\n|player|p2|ActionJackMe|2|\n|teamsize|p1|6\n|teamsize|p2|6\n|gen|9\n|tier|[Gen 9] National Dex\n|rated|Tournament battle\n|rule|HP Percentage Mod: HP is shown in percentages\n|rule|Endless Battle Clause: Forcing endless battles is banned\n|rule|OHKO Clause: OHKO moves are banned\n|rule|Evasion Clause: Evasion abilities, items, and moves are banned\n|rule|Evasion Abilities Clause: Evasion abilities are banned\n|rule|Evasion Items Clause: Evasion items are banned\n|rule|Evasion Moves Clause: Evasion moves are banned\n|rule|Species Clause: Limit one of each Pok\u00e9mon\n|rule|Sleep Clause Mod: Limit one foe put to sleep\n|clearpoke\n|poke|p1|Tyranitar, F|\n|poke|p1|Garganacl, M|\n|poke|p1|Aggron, F|\n|poke|p1|Cradily, M|\n|poke|p1|Glimmora, M|\n|poke|p1|Aurorus, M|\n|poke|p2|Torkoal, F|\n|poke|p2|Heatran, M|\n|poke|p2|Sandy Shocks|\n|poke|p2|Gliscor, M|\n|poke|p2|Brute Bonnet|\n|poke|p2|Quagsire, F|\n|teampreview\n|j| Potatofromsinnoh\n|c|\u2606The power of ROCK|Welcome to the ROCK gym\n|j| elvisma\n|\n|t:|1700594600\n|start\n|switch|p1a: Aurorus|Aurorus, M|100\/100\n|switch|p2a: Quagsire|Quagsire, F|100\/100\n|-weather|Snow|[from] ability: Snow Warning|[of] p1a: Aurorus\n|turn|1\n|\n|t:|1700594621\n|-terastallize|p2a: Quagsire|Steel\n|move|p1a: Aurorus|Freeze-Dry|p2a: Quagsire\n|-resisted|p2a: Quagsire\n|-damage|p2a: Quagsire|85\/100\n|move|p2a: Quagsire|Earthquake|p1a: Aurorus\n|-supereffective|p1a: Aurorus\n|-damage|p1a: Aurorus|74\/100\n|\n|-weather|Snow|[upkeep]\n|upkeep\n|turn|2\n|\n|t:|1700594629\n|move|p1a: Aurorus|Aurora Veil|p1a: Aurorus\n|-sidestart|p1: The power of ROCK|move: Aurora Veil\n|move|p2a: Quagsire|Spikes|p1a: Aurorus\n|-sidestart|p1: The power of ROCK|Spikes\n|\n|-weather|Snow|[upkeep]\n|upkeep\n|turn|3\n|\n|t:|1700594632\n|move|p1a: Aurorus|Stealth Rock|p2a: Quagsire\n|-sidestart|p2: ActionJackMe|move: Stealth Rock\n|move|p2a: Quagsire|Spikes|p1a: Aurorus\n|-sidestart|p1: The power of ROCK|Spikes\n|\n|-weather|Snow|[upkeep]\n|upkeep\n|turn|4\n|\n|t:|1700594635\n|switch|p1a: Glimmora|Glimmora, M|100\/100\n|-damage|p1a: Glimmora|84\/100|[from] Spikes\n|move|p2a: Quagsire|Spikes|p1a: Glimmora\n|-sidestart|p1: The power of ROCK|Spikes\n|\n|-weather|Snow|[upkeep]\n|upkeep\n|turn|5\n|\n|t:|1700594649\n|-terastallize|p1a: Glimmora|Ground\n|move|p1a: Glimmora|Earth Power|p2a: Quagsire\n|-supereffective|p2a: Quagsire\n|-damage|p2a: Quagsire|0 fnt\n|faint|p2a: Quagsire\n|\n|-weather|none\n|upkeep\n|c| Potatofromsinnoh|rock\n|\n|t:|1700594662\n|switch|p2a: Torkoal|Torkoal, F|100\/100\n|-damage|p2a: Torkoal|76\/100|[from] Stealth Rock\n|-weather|SunnyDay|[from] ability: Drought|[of] p2a: Torkoal\n|turn|6\n|c|\u2606The power of ROCK|hi\n|c| Potatofromsinnoh|youll pay for that\n|\n|t:|1700594670\n|switch|p2a: Brute Bonnet|Brute Bonnet|100\/100\n|-damage|p2a: Brute Bonnet|88\/100|[from] Stealth Rock\n|-activate|p2a: Brute Bonnet|ability: Protosynthesis\n|-start|p2a: Brute Bonnet|protosynthesisatk\n|move|p1a: Glimmora|Earth Power|p2a: Brute Bonnet\n|-resisted|p2a: Brute Bonnet\n|-damage|p2a: Brute Bonnet|68\/100\n|\n|-weather|SunnyDay|[upkeep]\n|upkeep\n|turn|7\n|c|\u2606The power of ROCK|we'll see\n|c| Potatofromsinnoh|love that horribe little salamander\n|c| elvisma|dwayne  the rock\n|inactive|The power of ROCK has 120 seconds left.\n|\n|t:|1700594722\n|switch|p1a: Cradily|Cradily, M|100\/100\n|-damage|p1a: Cradily|75\/100|[from] Spikes\n|move|p2a: Brute Bonnet|Bullet Seed|p1a: Cradily\n|-damage|p1a: Cradily|69\/100\n|-damage|p1a: Cradily|64\/100\n|-damage|p1a: Cradily|58\/100\n|-damage|p1a: Cradily|52\/100\n|-hitcount|p1a: Cradily|4\n|\n|-weather|SunnyDay|[upkeep]\n|upkeep\n|turn|8\n|\n|t:|1700594737\n|move|p2a: Brute Bonnet|Crunch|p1a: Cradily\n|-damage|p1a: Cradily|30\/100\n|move|p1a: Cradily|Infestation|p2a: Brute Bonnet\n|-supereffective|p2a: Brute Bonnet\n|-damage|p2a: Brute Bonnet|55\/100\n|-activate|p2a: Brute Bonnet|move: Infestation|[of] p1a: Cradily\n|\n|-weather|SunnyDay|[upkeep]\n|-damage|p2a: Brute Bonnet|38\/100|[from] move: Infestation|[partiallytrapped]\n|upkeep\n|turn|9\n|\n|t:|1700594745\n|move|p2a: Brute Bonnet|Synthesis|p2a: Brute Bonnet\n|-heal|p2a: Brute Bonnet|100\/100\n|move|p1a: Cradily|Leech Seed|p2a: Brute Bonnet\n|-immune|p2a: Brute Bonnet\n|\n|-weather|SunnyDay|[upkeep]\n|-damage|p2a: Brute Bonnet|84\/100|[from] move: Infestation|[partiallytrapped]\n|-sideend|p1: The power of ROCK|move: Aurora Veil\n|upkeep\n|turn|10\n|inactive|The power of ROCK has 120 seconds left.\n|\n|t:|1700594766\n|move|p2a: Brute Bonnet|Bullet Seed|p1a: Cradily\n|-damage|p1a: Cradily|18\/100\n|-damage|p1a: Cradily|5\/100\n|-damage|p1a: Cradily|0 fnt\n|faint|p1a: Cradily\n|-hitcount|p1: Cradily|3\n|\n|-weather|SunnyDay|[upkeep]\n|-end|p2a: Brute Bonnet|Infestation|[partiallytrapped]|[silent]\n|upkeep\n|\n|t:|1700594770\n|switch|p1a: Glimmora|Glimmora, M, tera:Ground|84\/100\n|-damage|p1a: Glimmora|59\/100|[from] Spikes\n|turn|11\n|\n|t:|1700594793\n|move|p1a: Glimmora|Mortal Spin|p2a: Brute Bonnet\n|-supereffective|p2a: Brute Bonnet\n|-damage|p2a: Brute Bonnet|74\/100\n|-status|p2a: Brute Bonnet|psn\n|-sideend|p1: The power of ROCK|Spikes|[from] move: Mortal Spin|[of] p1a: Glimmora\n|move|p2a: Brute Bonnet|Bullet Seed|p1a: Glimmora\n|-supereffective|p1a: Glimmora\n|-damage|p1a: Glimmora|13\/100\n|-activate|p1a: Glimmora|ability: Toxic Debris\n|-sidestart|p2: ActionJackMe|move: Toxic Spikes\n|-supereffective|p1a: Glimmora\n|-damage|p1a: Glimmora|0 fnt\n|-activate|p1a: Glimmora|ability: Toxic Debris\n|-sidestart|p2: ActionJackMe|move: Toxic Spikes\n|faint|p1a: Glimmora\n|-hitcount|p1: Glimmora|2\n|\n|-weather|SunnyDay|[upkeep]\n|-damage|p2a: Brute Bonnet|61\/100 psn|[from] psn\n|upkeep\n|\n|t:|1700594806\n|switch|p1a: Aggron|Aggron, F|100\/100\n|turn|12\n|\n|t:|1700594817\n|detailschange|p1a: Aggron|Aggron-Mega, F\n|-mega|p1a: Aggron|Aggron|Aggronite\n|move|p2a: Brute Bonnet|Bullet Seed|p1a: Aggron\n|-resisted|p1a: Aggron\n|-crit|p1a: Aggron\n|-damage|p1a: Aggron|95\/100\n|-resisted|p1a: Aggron\n|-damage|p1a: Aggron|91\/100\n|-resisted|p1a: Aggron\n|-damage|p1a: Aggron|87\/100\n|-resisted|p1a: Aggron\n|-damage|p1a: Aggron|84\/100\n|-resisted|p1a: Aggron\n|-damage|p1a: Aggron|80\/100\n|-hitcount|p1a: Aggron|5\n|move|p1a: Aggron|Body Press|p2a: Brute Bonnet\n|-supereffective|p2a: Brute Bonnet\n|-damage|p2a: Brute Bonnet|0 fnt\n|faint|p2a: Brute Bonnet\n|-end|p2a: Brute Bonnet|Protosynthesis|[silent]\n|\n|-weather|SunnyDay|[upkeep]\n|upkeep\n|\n|t:|1700594828\n|switch|p2a: Sandy Shocks|Sandy Shocks|100\/100\n|-damage|p2a: Sandy Shocks|94\/100|[from] Stealth Rock\n|-status|p2a: Sandy Shocks|tox\n|-activate|p2a: Sandy Shocks|ability: Protosynthesis\n|-start|p2a: Sandy Shocks|protosynthesisspa\n|turn|13\n|\n|t:|1700594837\n|switch|p1a: Tyranitar|Tyranitar, F|100\/100\n|-weather|Sandstorm|[from] ability: Sand Stream|[of] p1a: Tyranitar\n|-end|p2a: Sandy Shocks|Protosynthesis\n|move|p2a: Sandy Shocks|Earth Power|p1a: Tyranitar\n|-supereffective|p1a: Tyranitar\n|-damage|p1a: Tyranitar|78\/100\n|-unboost|p1a: Tyranitar|spd|1\n|\n|-weather|Sandstorm|[upkeep]\n|-damage|p2a: Sandy Shocks|88\/100 tox|[from] psn\n|upkeep\n|turn|14\n|inactive|The power of ROCK has 120 seconds left.\n|\n|t:|1700594855\n|switch|p1a: Garganacl|Garganacl, M|100\/100\n|move|p2a: Sandy Shocks|Earth Power|p1a: Garganacl\n|-supereffective|p1a: Garganacl\n|-damage|p1a: Garganacl|62\/100\n|-enditem|p1a: Garganacl|Maranga Berry|[eat]\n|-boost|p1a: Garganacl|spd|1|[from] item: Maranga Berry\n|\n|-weather|Sandstorm|[upkeep]\n|-damage|p2a: Sandy Shocks|76\/100 tox|[from] psn\n|upkeep\n|turn|15\n|\n|t:|1700594869\n|-end|p2a: Sandy Shocks|Protosynthesis|[silent]\n|switch|p2a: Torkoal|Torkoal, F|76\/100\n|-damage|p2a: Torkoal|51\/100|[from] Stealth Rock\n|-status|p2a: Torkoal|tox\n|-weather|SunnyDay|[from] ability: Drought|[of] p2a: Torkoal\n|move|p1a: Garganacl|Recover|p1a: Garganacl\n|-heal|p1a: Garganacl|100\/100\n|\n|-weather|SunnyDay|[upkeep]\n|-damage|p2a: Torkoal|45\/100 tox|[from] psn\n|upkeep\n|turn|16\n|\n|t:|1700594874\n|move|p1a: Garganacl|Iron Defense|p1a: Garganacl\n|-boost|p1a: Garganacl|def|2\n|move|p2a: Torkoal|Yawn|p1a: Garganacl\n|-immune|p1a: Garganacl|[from] ability: Purifying Salt\n|\n|-weather|SunnyDay|[upkeep]\n|-damage|p2a: Torkoal|33\/100 tox|[from] psn\n|upkeep\n|turn|17\n|\n|t:|1700594884\n|move|p1a: Garganacl|Iron Defense|p1a: Garganacl\n|-boost|p1a: Garganacl|def|2\n|move|p2a: Torkoal|Rapid Spin|p1a: Garganacl\n|-resisted|p1a: Garganacl\n|-damage|p1a: Garganacl|99\/100\n|-boost|p2a: Torkoal|spe|1\n|-sideend|p2: ActionJackMe|Toxic Spikes|[from] move: Rapid Spin|[of] p2a: Torkoal\n|-sideend|p2: ActionJackMe|Stealth Rock|[from] move: Rapid Spin|[of] p2a: Torkoal\n|\n|-weather|SunnyDay|[upkeep]\n|-damage|p2a: Torkoal|14\/100 tox|[from] psn\n|upkeep\n|turn|18\n|\n|t:|1700594893\n|move|p2a: Torkoal|Body Press|p1a: Garganacl\n|-supereffective|p1a: Garganacl\n|-damage|p1a: Garganacl|84\/100\n|move|p1a: Garganacl|Salt Cure|p2a: Torkoal\n|-supereffective|p2a: Torkoal\n|-damage|p2a: Torkoal|0 fnt\n|faint|p2a: Torkoal\n|\n|-weather|SunnyDay|[upkeep]\n|upkeep\n|l| elvisma\n|\n|t:|1700594904\n|switch|p2a: Sandy Shocks|Sandy Shocks|76\/100 tox\n|-activate|p2a: Sandy Shocks|ability: Protosynthesis\n|-start|p2a: Sandy Shocks|protosynthesisspa\n|turn|19\n|\n|t:|1700594910\n|move|p2a: Sandy Shocks|Earth Power|p1a: Garganacl\n|-supereffective|p1a: Garganacl\n|-damage|p1a: Garganacl|30\/100\n|move|p1a: Garganacl|Recover|p1a: Garganacl\n|-heal|p1a: Garganacl|80\/100\n|\n|-weather|SunnyDay|[upkeep]\n|-damage|p2a: Sandy Shocks|70\/100 tox|[from] psn\n|upkeep\n|turn|20\n|\n|t:|1700594917\n|switch|p1a: Tyranitar|Tyranitar, F|78\/100\n|-weather|Sandstorm|[from] ability: Sand Stream|[of] p1a: Tyranitar\n|-end|p2a: Sandy Shocks|Protosynthesis\n|move|p2a: Sandy Shocks|Earth Power|p1a: Tyranitar\n|-supereffective|p1a: Tyranitar\n|-damage|p1a: Tyranitar|54\/100\n|\n|-weather|Sandstorm|[upkeep]\n|-damage|p2a: Sandy Shocks|58\/100 tox|[from] psn\n|upkeep\n|turn|21\n|\n|t:|1700594926\n|move|p2a: Sandy Shocks|Earth Power|p1a: Tyranitar\n|-supereffective|p1a: Tyranitar\n|-damage|p1a: Tyranitar|30\/100\n|move|p1a: Tyranitar|Knock Off|p2a: Sandy Shocks\n|-damage|p2a: Sandy Shocks|9\/100 tox\n|-enditem|p2a: Sandy Shocks|Choice Scarf|[from] move: Knock Off|[of] p1a: Tyranitar\n|\n|-weather|Sandstorm|[upkeep]\n|-damage|p2a: Sandy Shocks|0 fnt|[from] psn\n|faint|p2a: Sandy Shocks\n|-end|p2a: Sandy Shocks|Protosynthesis|[silent]\n|upkeep\n|\n|t:|1700594930\n|switch|p2a: Gliscor|Gliscor, M|100\/100\n|turn|22\n|\n|t:|1700594933\n|switch|p1a: Aurorus|Aurorus, M|74\/100\n|-weather|Snow|[from] ability: Snow Warning|[of] p1a: Aurorus\n|move|p2a: Gliscor|Defog|p1a: Aurorus\n|-unboost|p1a: Aurorus|evasion|1\n|\n|-weather|Snow|[upkeep]\n|-status|p2a: Gliscor|tox|[from] item: Toxic Orb\n|upkeep\n|turn|23\n|\n|t:|1700594945\n|switch|p2a: Heatran|Heatran, M|100\/100\n|move|p1a: Aurorus|Aurora Veil|p1a: Aurorus\n|-sidestart|p1: The power of ROCK|move: Aurora Veil\n|\n|-weather|Snow|[upkeep]\n|upkeep\n|turn|24\n|\n|t:|1700594951\n|switch|p1a: Tyranitar|Tyranitar, F|30\/100\n|-weather|Sandstorm|[from] ability: Sand Stream|[of] p1a: Tyranitar\n|move|p2a: Heatran|Toxic|p1a: Tyranitar\n|-status|p1a: Tyranitar|tox\n|\n|-weather|Sandstorm|[upkeep]\n|-damage|p1a: Tyranitar|24\/100 tox|[from] psn\n|upkeep\n|turn|25\n|\n|t:|1700594957\n|switch|p2a: Gliscor|Gliscor, M|100\/100 tox\n|move|p1a: Tyranitar|Knock Off|p2a: Gliscor\n|-damage|p2a: Gliscor|69\/100 tox\n|-enditem|p2a: Gliscor|Toxic Orb|[from] move: Knock Off|[of] p1a: Tyranitar\n|\n|-weather|Sandstorm|[upkeep]\n|-heal|p2a: Gliscor|81\/100 tox|[from] ability: Poison Heal\n|-damage|p1a: Tyranitar|11\/100 tox|[from] psn\n|upkeep\n|turn|26\n|\n|t:|1700594968\n|switch|p1a: Garganacl|Garganacl, M|80\/100\n|move|p2a: Gliscor|Toxic|p1a: Garganacl\n|-immune|p1a: Garganacl|[from] ability: Purifying Salt\n|\n|-weather|Sandstorm|[upkeep]\n|-heal|p2a: Gliscor|94\/100 tox|[from] ability: Poison Heal\n|upkeep\n|turn|27\n|\n|t:|1700594975\n|move|p2a: Gliscor|Earthquake|p1a: Garganacl\n|-supereffective|p1a: Garganacl\n|-damage|p1a: Garganacl|57\/100\n|move|p1a: Garganacl|Iron Defense|p1a: Garganacl\n|-boost|p1a: Garganacl|def|2\n|\n|-weather|Sandstorm|[upkeep]\n|-heal|p2a: Gliscor|100\/100 tox|[from] ability: Poison Heal\n|upkeep\n|turn|28\n|\n|t:|1700594981\n|move|p2a: Gliscor|Defog|p1a: Garganacl\n|-unboost|p1a: Garganacl|evasion|1\n|-sideend|p1: The power of ROCK|move: Aurora Veil\n|move|p1a: Garganacl|Iron Defense|p1a: Garganacl\n|-boost|p1a: Garganacl|def|2\n|\n|-weather|none\n|upkeep\n|turn|29\n|\n|t:|1700594984\n|move|p2a: Gliscor|Earthquake|p1a: Garganacl\n|-supereffective|p1a: Garganacl\n|-damage|p1a: Garganacl|41\/100\n|move|p1a: Garganacl|Recover|p1a: Garganacl\n|-heal|p1a: Garganacl|91\/100\n|\n|upkeep\n|turn|30\n|\n|t:|1700594986\n|move|p2a: Gliscor|Earthquake|p1a: Garganacl\n|-supereffective|p1a: Garganacl\n|-damage|p1a: Garganacl|75\/100\n|move|p1a: Garganacl|Iron Defense|p1a: Garganacl\n|-boost|p1a: Garganacl|def|2\n|\n|upkeep\n|turn|31\n|\n|t:|1700594991\n|move|p2a: Gliscor|Earthquake|p1a: Garganacl\n|-supereffective|p1a: Garganacl\n|-damage|p1a: Garganacl|64\/100\n|move|p1a: Garganacl|Salt Cure|p2a: Gliscor\n|-damage|p2a: Gliscor|90\/100 tox\n|-start|p2a: Gliscor|Salt Cure\n|\n|-heal|p2a: Gliscor|100\/100 tox|[from] ability: Poison Heal\n|-damage|p2a: Gliscor|88\/100 tox|[from] Salt Cure\n|upkeep\n|turn|32\n|\n|t:|1700594993\n|move|p2a: Gliscor|Earthquake|p1a: Garganacl\n|-supereffective|p1a: Garganacl\n|-damage|p1a: Garganacl|54\/100\n|move|p1a: Garganacl|Recover|p1a: Garganacl\n|-heal|p1a: Garganacl|100\/100\n|\n|-heal|p2a: Gliscor|100\/100 tox|[from] ability: Poison Heal\n|-damage|p2a: Gliscor|88\/100 tox|[from] Salt Cure\n|upkeep\n|turn|33\n|\n|t:|1700594996\n|move|p2a: Gliscor|Earthquake|p1a: Garganacl\n|-supereffective|p1a: Garganacl\n|-damage|p1a: Garganacl|90\/100\n|move|p1a: Garganacl|Body Press|p2a: Gliscor\n|-resisted|p2a: Gliscor\n|-damage|p2a: Gliscor|49\/100 tox\n|\n|-heal|p2a: Gliscor|61\/100 tox|[from] ability: Poison Heal\n|-damage|p2a: Gliscor|49\/100 tox|[from] Salt Cure\n|upkeep\n|turn|34\n|\n|t:|1700595005\n|move|p2a: Gliscor|Roost|p2a: Gliscor\n|-heal|p2a: Gliscor|99\/100 tox\n|-singleturn|p2a: Gliscor|move: Roost\n|move|p1a: Garganacl|Body Press|p2a: Gliscor\n|-damage|p2a: Gliscor|20\/100 tox\n|\n|-heal|p2a: Gliscor|32\/100 tox|[from] ability: Poison Heal\n|-damage|p2a: Gliscor|20\/100 tox|[from] Salt Cure\n|upkeep\n|turn|35\n|\n|t:|1700595017\n|move|p2a: Gliscor|Earthquake|p1a: Garganacl\n|-supereffective|p1a: Garganacl\n|-damage|p1a: Garganacl|78\/100\n|move|p1a: Garganacl|Body Press|p2a: Gliscor\n|-resisted|p2a: Gliscor\n|-damage|p2a: Gliscor|0 fnt\n|faint|p2a: Gliscor\n|\n|upkeep\n|\n|t:|1700595020\n|switch|p2a: Heatran|Heatran, M|100\/100\n|turn|36\n|\n|t:|1700595029\n|move|p2a: Heatran|Earth Power|p1a: Garganacl\n|-supereffective|p1a: Garganacl\n|-damage|p1a: Garganacl|39\/100\n|move|p1a: Garganacl|Body Press|p2a: Heatran\n|-supereffective|p2a: Heatran\n|-damage|p2a: Heatran|0 fnt\n|faint|p2a: Heatran\n|\n|win|The power of ROCK\n|n|\u2606The power of ROCK|thepowerofrock\n|n|\u2606ActionJackMe|actionjackme\n|n| Potatofromsinnoh|potatofromsinnoh\n|c|\u2606The power of ROCK|gg : )\n|c|\u2606ActionJackMe|ggs\n","uploadtime":1700595037,"views":0,"p1id":"thepowerofrock","p2id":"actionjackme","formatid":"gen9nationaldex","rating":0,"private":0,"password":""}