{"id":"gen9nationaldex-1996170633","p1":"iamMushroom","p2":"chicken_ou","format":"[Gen 9] National Dex","log":"|html|<div class=\"broadcast-blue\"><strong>[Gen 9] National Dex is currently suspecting Sneasler! For information on how to participate check out the <a href=\"https:\/\/www.smogon.com\/forums\/threads\/sv-national-dex-suspect-8-just-dance.3731534\/\">suspect thread<\/a>.<\/strong><\/div>\n|j|\u2606iamMushroom\n|j|\u2606chicken_ou\n|t:|1700654537\n|gametype|singles\n|player|p1|iamMushroom|linebacker|1134\n|player|p2|chicken_ou|2|1015\n|teamsize|p1|6\n|teamsize|p2|6\n|gen|9\n|tier|[Gen 9] National Dex\n|rated|\n|rule|HP Percentage Mod: HP is shown in percentages\n|rule|Endless Battle Clause: Forcing endless battles is banned\n|rule|OHKO Clause: OHKO moves are banned\n|rule|Evasion Clause: Evasion abilities, items, and moves are banned\n|rule|Evasion Abilities Clause: Evasion abilities are banned\n|rule|Evasion Items Clause: Evasion items are banned\n|rule|Evasion Moves Clause: Evasion moves are banned\n|rule|Species Clause: Limit one of each Pok\u00e9mon\n|rule|Sleep Clause Mod: Limit one foe put to sleep\n|clearpoke\n|poke|p1|Blastoise, M|\n|poke|p1|Torkoal, M|\n|poke|p1|Torterra, M|\n|poke|p1|Carracosta, M|\n|poke|p1|Turtonator, M|\n|poke|p1|Drednaw, M|\n|poke|p2|Aggron, M|\n|poke|p2|Bronzong|\n|poke|p2|Magnezone|\n|poke|p2|Skarmory, F|\n|poke|p2|Steelix, F|\n|poke|p2|Bisharp, F|\n|teampreview\n|\n|t:|1700654562\n|start\n|switch|p1a: Oogway|Torkoal, M|100\/100\n|switch|p2a: Skarmory|Skarmory, F|100\/100\n|turn|1\n|inactive|Battle timer is ON: inactive players will automatically lose when time's up. (requested by iamMushroom)\n|\n|t:|1700654579\n|move|p2a: Skarmory|Rock Slide|p1a: Oogway\n|-supereffective|p1a: Oogway\n|-damage|p1a: Oogway|74\/100\n|move|p1a: Oogway|Stealth Rock|p2a: Skarmory\n|-sidestart|p2: chicken_ou|move: Stealth Rock\n|\n|-heal|p1a: Oogway|80\/100|[from] item: Leftovers\n|upkeep\n|turn|2\n|\n|t:|1700654605\n|move|p2a: Skarmory|Brave Bird|p1a: Oogway\n|-damage|p1a: Oogway|53\/100\n|-damage|p2a: Skarmory|91\/100|[from] Recoil\n|move|p1a: Oogway|Yawn|p2a: Skarmory\n|-start|p2a: Skarmory|move: Yawn|[of] p1a: Oogway\n|\n|-heal|p1a: Oogway|59\/100|[from] item: Leftovers\n|upkeep\n|turn|3\n|\n|t:|1700654624\n|move|p2a: Skarmory|Rock Slide|p1a: Oogway\n|-supereffective|p1a: Oogway\n|-damage|p1a: Oogway|35\/100\n|move|p1a: Oogway|Lava Plume|p2a: Skarmory\n|-supereffective|p2a: Skarmory\n|-damage|p2a: Skarmory|18\/100\n|\n|-heal|p1a: Oogway|41\/100|[from] item: Leftovers\n|-end|p2a: Skarmory|move: Yawn|[silent]\n|-status|p2a: Skarmory|slp\n|upkeep\n|turn|4\n|\n|t:|1700654637\n|cant|p2a: Skarmory|slp\n|move|p1a: Oogway|Lava Plume|p2a: Skarmory\n|-supereffective|p2a: Skarmory\n|-damage|p2a: Skarmory|0 fnt\n|faint|p2a: Skarmory\n|\n|-heal|p1a: Oogway|47\/100|[from] item: Leftovers\n|upkeep\n|\n|t:|1700654649\n|switch|p2a: Bronzong|Bronzong|100\/100\n|-damage|p2a: Bronzong|94\/100|[from] Stealth Rock\n|turn|5\n|\n|t:|1700654656\n|move|p2a: Bronzong|Psychic|p1a: Oogway\n|-damage|p1a: Oogway|0 fnt\n|faint|p1a: Oogway\n|\n|upkeep\n|\n|t:|1700654672\n|switch|p1a: Crush|Carracosta, M|100\/100\n|turn|6\n|\n|t:|1700654681\n|move|p1a: Crush|Rain Dance|p1a: Crush\n|-weather|RainDance\n|move|p2a: Bronzong|Charge Beam|p1a: Crush\n|-supereffective|p1a: Crush\n|-damage|p1a: Crush|52\/100\n|-boost|p2a: Bronzong|spa|1\n|\n|-weather|RainDance|[upkeep]\n|upkeep\n|turn|7\n|\n|t:|1700654707\n|move|p1a: Crush|Stone Edge|p2a: Bronzong\n|-resisted|p2a: Bronzong\n|-damage|p2a: Bronzong|66\/100\n|-damage|p1a: Crush|43\/100|[from] item: Life Orb\n|move|p2a: Bronzong|Charge Beam|p1a: Crush\n|-supereffective|p1a: Crush\n|-damage|p1a: Crush|0 fnt\n|-boost|p2a: Bronzong|spa|1\n|faint|p1a: Crush\n|\n|-weather|RainDance|[upkeep]\n|upkeep\n|inactive|iamMushroom has 120 seconds left.\n|\n|t:|1700654719\n|switch|p1a: Bowser|Turtonator, M|100\/100\n|turn|8\n|\n|t:|1700654727\n|move|p1a: Bowser|Shell Smash|p1a: Bowser\n|-unboost|p1a: Bowser|def|1\n|-unboost|p1a: Bowser|spd|1\n|-boost|p1a: Bowser|atk|2\n|-boost|p1a: Bowser|spa|2\n|-boost|p1a: Bowser|spe|2\n|-enditem|p1a: Bowser|White Herb\n|-clearnegativeboost|p1a: Bowser|[silent]\n|move|p2a: Bronzong|Psychic|p1a: Bowser\n|-damage|p1a: Bowser|0 fnt\n|faint|p1a: Bowser\n|\n|-weather|RainDance|[upkeep]\n|upkeep\n|\n|t:|1700654736\n|switch|p1a: Donatello|Blastoise, M|100\/100\n|turn|9\n|\n|t:|1700654745\n|move|p1a: Donatello|Dark Pulse|p2a: Bronzong\n|-supereffective|p2a: Bronzong\n|-damage|p2a: Bronzong|27\/100\n|cant|p2a: Bronzong|flinch\n|\n|-weather|RainDance|[upkeep]\n|upkeep\n|turn|10\n|\n|t:|1700654754\n|move|p1a: Donatello|Dark Pulse|p2a: Bronzong\n|-supereffective|p2a: Bronzong\n|-damage|p2a: Bronzong|0 fnt\n|faint|p2a: Bronzong\n|\n|-weather|none\n|upkeep\n|\n|t:|1700654780\n|switch|p2a: Magnezone|Magnezone|100\/100\n|-damage|p2a: Magnezone|94\/100|[from] Stealth Rock\n|turn|11\n|\n|t:|1700654790\n|move|p1a: Donatello|Aura Sphere|p2a: Magnezone\n|-supereffective|p2a: Magnezone\n|-damage|p2a: Magnezone|52\/100\n|move|p2a: Magnezone|Thunderbolt|p1a: Donatello\n|-supereffective|p1a: Donatello\n|-damage|p1a: Donatello|46\/100\n|\n|-heal|p2a: Magnezone|58\/100|[from] item: Leftovers\n|upkeep\n|turn|12\n|\n|t:|1700654806\n|switch|p1a: Franklin|Torterra, M|100\/100\n|move|p2a: Magnezone|Thunderbolt|p1a: Franklin\n|-immune|p1a: Franklin\n|\n|-heal|p2a: Magnezone|64\/100|[from] item: Leftovers\n|upkeep\n|turn|13\n|\n|t:|1700654815\n|move|p1a: Franklin|Shell Smash|p1a: Franklin\n|-unboost|p1a: Franklin|def|1\n|-unboost|p1a: Franklin|spd|1\n|-boost|p1a: Franklin|atk|2\n|-boost|p1a: Franklin|spa|2\n|-boost|p1a: Franklin|spe|2\n|move|p2a: Magnezone|Substitute|p2a: Magnezone\n|-start|p2a: Magnezone|Substitute\n|-damage|p2a: Magnezone|39\/100\n|\n|-heal|p2a: Magnezone|45\/100|[from] item: Leftovers\n|upkeep\n|turn|14\n|\n|t:|1700654828\n|move|p1a: Franklin|Rock Blast|p2a: Magnezone\n|-resisted|p2a: Magnezone\n|-activate|p2a: Magnezone|move: Substitute|[damage]\n|-resisted|p2a: Magnezone\n|-activate|p2a: Magnezone|move: Substitute|[damage]\n|-resisted|p2a: Magnezone\n|-activate|p2a: Magnezone|move: Substitute|[damage]\n|-resisted|p2a: Magnezone\n|-activate|p2a: Magnezone|move: Substitute|[damage]\n|-hitcount|p2a: Magnezone|4\n|move|p2a: Magnezone|Toxic|p1a: Franklin\n|-status|p1a: Franklin|tox\n|\n|-heal|p2a: Magnezone|52\/100|[from] item: Leftovers\n|-damage|p1a: Franklin|94\/100 tox|[from] psn\n|upkeep\n|turn|15\n|inactive|chicken_ou has 120 seconds left.\n|\n|t:|1700654857\n|switch|p2a: Aggron|Aggron, M|100\/100\n|-damage|p2a: Aggron|94\/100|[from] Stealth Rock\n|move|p1a: Franklin|Headlong Rush|p2a: Aggron\n|-supereffective|p2a: Aggron\n|-damage|p2a: Aggron|0 fnt\n|-unboost|p1a: Franklin|def|1\n|-unboost|p1a: Franklin|spd|1\n|faint|p2a: Aggron\n|\n|-damage|p1a: Franklin|82\/100 tox|[from] psn\n|upkeep\n|\n|t:|1700654877\n|switch|p2a: Steelix|Steelix, F|100\/100\n|-damage|p2a: Steelix|97\/100|[from] Stealth Rock\n|turn|16\n|\n|t:|1700654889\n|move|p1a: Franklin|Headlong Rush|p2a: Steelix\n|-supereffective|p2a: Steelix\n|-damage|p2a: Steelix|0 fnt\n|-unboost|p1a: Franklin|def|1\n|-unboost|p1a: Franklin|spd|1\n|faint|p2a: Steelix\n|\n|-damage|p1a: Franklin|64\/100 tox|[from] psn\n|upkeep\n|\n|t:|1700654898\n|switch|p2a: Bisharp|Bisharp, F|100\/100\n|-damage|p2a: Bisharp|95\/100|[from] Stealth Rock\n|turn|17\n|\n|t:|1700654905\n|-terastallize|p2a: Bisharp|Dark\n|move|p2a: Bisharp|Sucker Punch|p1a: Franklin\n|-damage|p1a: Franklin|0 fnt\n|faint|p1a: Franklin\n|\n|upkeep\n|\n|t:|1700654932\n|switch|p1a: Verne|Drednaw, M|100\/100\n|turn|18\n|\n|t:|1700654945\n|-terastallize|p1a: Verne|Water\n|move|p1a: Verne|Swords Dance|p1a: Verne\n|-boost|p1a: Verne|atk|2\n|move|p2a: Bisharp|Brick Break|p1a: Verne\n|-damage|p1a: Verne|69\/100\n|\n|upkeep\n|turn|19\n|inactive|chicken_ou has 120 seconds left.\n|\n|t:|1700654960\n|move|p2a: Bisharp|Sucker Punch|p1a: Verne\n|-damage|p1a: Verne|5\/100\n|move|p1a: Verne|Megahorn|p2a: Bisharp\n|-supereffective|p2a: Bisharp\n|-damage|p2a: Bisharp|0 fnt\n|faint|p2a: Bisharp\n|-damage|p1a: Verne|0 fnt|[from] item: Life Orb\n|faint|p1a: Verne\n|\n|upkeep\n|\n|t:|1700654969\n|switch|p1a: Donatello|Blastoise, M|46\/100\n|switch|p2a: Magnezone|Magnezone|52\/100\n|-damage|p2a: Magnezone|45\/100|[from] Stealth Rock\n|turn|20\n|inactive|chicken_ou has 120 seconds left.\n|\n|t:|1700654981\n|move|p1a: Donatello|Aura Sphere|p2a: Magnezone\n|-supereffective|p2a: Magnezone\n|-damage|p2a: Magnezone|0 fnt\n|faint|p2a: Magnezone\n|\n|win|iamMushroom\n|raw|iamMushroom's rating: 1134 &rarr; <strong>1151<\/strong><br \/>(+17 for winning)\n|raw|chicken_ou's rating: 1015 &rarr; <strong>1007<\/strong><br \/>(-8 for losing)\n|l|\u2606chicken_ou\n","uploadtime":1700656012,"views":3,"p1id":"iammushroom","p2id":"chickenou","formatid":"gen9nationaldex","rating":1007,"private":0,"password":""}