{"id":"gen9nationaldex-1990189392","p1":"lllllai","p2":"Kuzwa","format":"[Gen 9] National Dex","log":"|j|\u2606lllllai\n|j|\u2606Kuzwa\n|t:|1699934900\n|gametype|singles\n|player|p1|lllllai|dawn|1145\n|player|p2|Kuzwa|parasollady|1261\n|teamsize|p1|6\n|teamsize|p2|6\n|gen|9\n|tier|[Gen 9] National Dex\n|rated|\n|rule|HP Percentage Mod: HP is shown in percentages\n|rule|Endless Battle Clause: Forcing endless battles is banned\n|rule|OHKO Clause: OHKO moves are banned\n|rule|Evasion Clause: Evasion abilities, items, and moves are banned\n|rule|Evasion Abilities Clause: Evasion abilities are banned\n|rule|Evasion Items Clause: Evasion items are banned\n|rule|Evasion Moves Clause: Evasion moves are banned\n|rule|Species Clause: Limit one of each Pok\u00e9mon\n|rule|Sleep Clause Mod: Limit one foe put to sleep\n|clearpoke\n|poke|p1|Samurott-Hisui, F|\n|poke|p1|Pelipper, M|\n|poke|p1|Swampert, F|\n|poke|p1|Ferrothorn, F|\n|poke|p1|Magnezone|\n|poke|p1|Urshifu-*, F|\n|poke|p2|Gallade, M|\n|poke|p2|Kartana|\n|poke|p2|Weavile, M|\n|poke|p2|Ogerpon-Wellspring, F|\n|poke|p2|Zeraora|\n|poke|p2|Glimmora, M|\n|teampreview\n|\n|t:|1699934920\n|start\n|switch|p1a: Pelipper|Pelipper, M|100\/100\n|switch|p2a: Makoto Yuki|Kartana, shiny|100\/100\n|-weather|RainDance|[from] ability: Drizzle|[of] p1a: Pelipper\n|turn|1\n|\n|t:|1699934928\n|move|p2a: Makoto Yuki|Leaf Blade|p1a: Pelipper\n|-damage|p1a: Pelipper|42\/100\n|move|p1a: Pelipper|Scald|p2a: Makoto Yuki\n|-resisted|p2a: Makoto Yuki\n|-crit|p2a: Makoto Yuki\n|-enditem|p2a: Makoto Yuki|Focus Sash\n|-damage|p2a: Makoto Yuki|1\/100\n|\n|-weather|RainDance|[upkeep]\n|upkeep\n|turn|2\n|\n|t:|1699934941\n|switch|p1a: Ferrothorn|Ferrothorn, F|100\/100\n|move|p2a: Makoto Yuki|Sacred Sword|p1a: Ferrothorn\n|-supereffective|p1a: Ferrothorn\n|-damage|p1a: Ferrothorn|53\/100\n|-damage|p2a: Makoto Yuki|0 fnt|[from] ability: Iron Barbs|[of] p1a: Ferrothorn\n|faint|p2a: Makoto Yuki\n|\n|-weather|RainDance|[upkeep]\n|upkeep\n|\n|t:|1699934950\n|switch|p2a: thing|Glimmora, M|100\/100\n|-item|p2a: thing|Air Balloon\n|turn|3\n|\n|t:|1699934956\n|move|p2a: thing|Earth Power|p1a: Ferrothorn\n|-damage|p1a: Ferrothorn|27\/100\n|move|p1a: Ferrothorn|Leech Seed|p2a: thing\n|-start|p2a: thing|move: Leech Seed\n|\n|-weather|RainDance|[upkeep]\n|-damage|p2a: thing|88\/100|[from] Leech Seed|[of] p1a: Ferrothorn\n|-heal|p1a: Ferrothorn|37\/100|[silent]\n|upkeep\n|turn|4\n|\n|t:|1699934965\n|move|p1a: Ferrothorn|Protect|p1a: Ferrothorn\n|-singleturn|p1a: Ferrothorn|Protect\n|move|p2a: thing|Earth Power|p1a: Ferrothorn\n|-activate|p1a: Ferrothorn|move: Protect\n|\n|-weather|RainDance|[upkeep]\n|-damage|p2a: thing|76\/100|[from] Leech Seed|[of] p1a: Ferrothorn\n|-heal|p1a: Ferrothorn|48\/100|[silent]\n|upkeep\n|turn|5\n|\n|t:|1699934973\n|move|p2a: thing|Earth Power|p1a: Ferrothorn\n|-damage|p1a: Ferrothorn|23\/100\n|move|p1a: Ferrothorn|Curse|p1a: Ferrothorn\n|-unboost|p1a: Ferrothorn|spe|1\n|-boost|p1a: Ferrothorn|atk|1\n|-boost|p1a: Ferrothorn|def|1\n|\n|-weather|RainDance|[upkeep]\n|-damage|p2a: thing|63\/100|[from] Leech Seed|[of] p1a: Ferrothorn\n|-heal|p1a: Ferrothorn|34\/100|[silent]\n|upkeep\n|turn|6\n|\n|t:|1699934984\n|switch|p2a: Aigis|Ogerpon-Wellspring, F|100\/100\n|move|p1a: Ferrothorn|Protect||[still]\n|-fail|p1a: Ferrothorn\n|\n|-weather|RainDance|[upkeep]\n|upkeep\n|turn|7\n|\n|t:|1699934991\n|move|p1a: Ferrothorn|Protect|p1a: Ferrothorn\n|-singleturn|p1a: Ferrothorn|Protect\n|move|p2a: Aigis|Ivy Cudgel|p1a: Ferrothorn\n|-activate|p1a: Ferrothorn|move: Protect\n|\n|-weather|RainDance|[upkeep]\n|upkeep\n|turn|8\n|\n|t:|1699935003\n|move|p2a: Aigis|Swords Dance|p2a: Aigis\n|-boost|p2a: Aigis|atk|2\n|move|p1a: Ferrothorn|Body Press|p2a: Aigis\n|-damage|p2a: Aigis|45\/100\n|\n|-weather|none\n|upkeep\n|turn|9\n|\n|t:|1699935010\n|move|p1a: Ferrothorn|Protect|p1a: Ferrothorn\n|-singleturn|p1a: Ferrothorn|Protect\n|move|p2a: Aigis|Ivy Cudgel|p1a: Ferrothorn\n|-activate|p1a: Ferrothorn|move: Protect\n|\n|upkeep\n|turn|10\n|\n|t:|1699935016\n|move|p2a: Aigis|Horn Leech|p1a: Ferrothorn\n|-resisted|p1a: Ferrothorn\n|-damage|p1a: Ferrothorn|24\/100\n|-heal|p2a: Aigis|51\/100|[from] drain|[of] p1a: Ferrothorn\n|-damage|p2a: Aigis|38\/100|[from] ability: Iron Barbs|[of] p1a: Ferrothorn\n|-damage|p2a: Aigis|22\/100|[from] item: Rocky Helmet|[of] p1a: Ferrothorn\n|move|p1a: Ferrothorn|Body Press|p2a: Aigis\n|-damage|p2a: Aigis|0 fnt\n|faint|p2a: Aigis\n|\n|upkeep\n|\n|t:|1699935022\n|switch|p2a: Junpei Iori|Weavile, M, shiny|100\/100\n|turn|11\n|\n|t:|1699935030\n|move|p2a: Junpei Iori|Throat Chop|p1a: Ferrothorn\n|-damage|p1a: Ferrothorn|7\/100\n|-start|p1a: Ferrothorn|Throat Chop|[silent]\n|-damage|p2a: Junpei Iori|88\/100|[from] ability: Iron Barbs|[of] p1a: Ferrothorn\n|-damage|p2a: Junpei Iori|72\/100|[from] item: Rocky Helmet|[of] p1a: Ferrothorn\n|move|p1a: Ferrothorn|Leech Seed|p2a: Junpei Iori\n|-start|p2a: Junpei Iori|move: Leech Seed\n|\n|-damage|p2a: Junpei Iori|59\/100|[from] Leech Seed|[of] p1a: Ferrothorn\n|-heal|p1a: Ferrothorn|17\/100|[silent]\n|upkeep\n|turn|12\n|\n|t:|1699935050\n|move|p1a: Ferrothorn|Protect|p1a: Ferrothorn\n|-singleturn|p1a: Ferrothorn|Protect\n|move|p2a: Junpei Iori|Swords Dance|p2a: Junpei Iori\n|-boost|p2a: Junpei Iori|atk|2\n|\n|-damage|p2a: Junpei Iori|47\/100|[from] Leech Seed|[of] p1a: Ferrothorn\n|-heal|p1a: Ferrothorn|27\/100|[silent]\n|-end|p1a: Ferrothorn|Throat Chop|[silent]\n|upkeep\n|turn|13\n|\n|t:|1699935059\n|move|p1a: Ferrothorn|Protect||[still]\n|-fail|p1a: Ferrothorn\n|move|p2a: Junpei Iori|Ice Spinner|p1a: Ferrothorn\n|-damage|p1a: Ferrothorn|0 fnt\n|-damage|p2a: Junpei Iori|34\/100|[from] ability: Iron Barbs|[of] p1a: Ferrothorn\n|-damage|p2a: Junpei Iori|18\/100|[from] item: Rocky Helmet|[of] p1a: Ferrothorn\n|faint|p1a: Ferrothorn\n|\n|upkeep\n|\n|t:|1699935067\n|switch|p1a: Pelipper|Pelipper, M|42\/100\n|-weather|RainDance|[from] ability: Drizzle|[of] p1a: Pelipper\n|turn|14\n|\n|t:|1699935073\n|switch|p1a: Magnezone|Magnezone|100\/100\n|-item|p1a: Magnezone|Air Balloon\n|move|p2a: Junpei Iori|Throat Chop|p1a: Magnezone\n|-damage|p1a: Magnezone|29\/100\n|-start|p1a: Magnezone|Throat Chop|[silent]\n|-enditem|p1a: Magnezone|Air Balloon\n|\n|-weather|RainDance|[upkeep]\n|-damage|p2a: Junpei Iori|5\/100|[from] Leech Seed|[of] p1a: Magnezone\n|-heal|p1a: Magnezone|40\/100|[silent]\n|upkeep\n|turn|15\n|\n|t:|1699935086\n|switch|p2a: Ken Amada|Zeraora|100\/100\n|switch|p1a: Pelipper|Pelipper, M|42\/100\n|\n|-weather|RainDance|[upkeep]\n|upkeep\n|turn|16\n|\n|t:|1699935100\n|switch|p1a: Magnezone|Magnezone|40\/100\n|move|p2a: Ken Amada|Fake Out|p1a: Magnezone\n|-resisted|p1a: Magnezone\n|-damage|p1a: Magnezone|34\/100\n|\n|-weather|RainDance|[upkeep]\n|upkeep\n|turn|17\n|\n|t:|1699935111\n|move|p2a: Ken Amada|Drain Punch|p1a: Magnezone\n|-supereffective|p1a: Magnezone\n|-damage|p1a: Magnezone|0 fnt\n|faint|p1a: Magnezone\n|\n|-weather|RainDance|[upkeep]\n|upkeep\n|\n|t:|1699935126\n|switch|p1a: Urshifu|Urshifu-Rapid-Strike, F|100\/100\n|turn|18\n|\n|t:|1699935139\n|switch|p2a: thing|Glimmora, M|63\/100\n|-item|p2a: thing|Air Balloon\n|-terastallize|p1a: Urshifu|Water\n|move|p1a: Urshifu|Aqua Jet|p2a: thing\n|-supereffective|p2a: thing\n|-damage|p2a: thing|0 fnt\n|-activate|p2a: thing|ability: Toxic Debris\n|-sidestart|p1: lllllai|move: Toxic Spikes\n|-enditem|p2a: thing|Air Balloon\n|faint|p2a: thing\n|\n|-weather|RainDance|[upkeep]\n|upkeep\n|\n|t:|1699935159\n|switch|p2a: Ken Amada|Zeraora|100\/100\n|turn|19\n|\n|t:|1699935162\n|move|p2a: Ken Amada|Fake Out|p1a: Urshifu\n|-damage|p1a: Urshifu|88\/100\n|cant|p1a: Urshifu|flinch\n|\n|-weather|RainDance|[upkeep]\n|upkeep\n|turn|20\n|\n|t:|1699935170\n|switch|p2a: Junpei Iori|Weavile, M, shiny|5\/100\n|move|p1a: Urshifu|Aqua Jet|p2a: Junpei Iori\n|-damage|p2a: Junpei Iori|0 fnt\n|faint|p2a: Junpei Iori\n|\n|-weather|RainDance|[upkeep]\n|upkeep\n|\n|t:|1699935176\n|switch|p2a: Ken Amada|Zeraora|100\/100\n|turn|21\n|\n|t:|1699935182\n|move|p2a: Ken Amada|Fake Out|p1a: Urshifu\n|-damage|p1a: Urshifu|77\/100\n|cant|p1a: Urshifu|flinch\n|\n|-weather|none\n|upkeep\n|turn|22\n|\n|t:|1699935189\n|move|p1a: Urshifu|Aqua Jet|p2a: Ken Amada\n|-damage|p2a: Ken Amada|59\/100\n|move|p2a: Ken Amada|Plasma Fists|p1a: Urshifu\n|-supereffective|p1a: Urshifu\n|-damage|p1a: Urshifu|0 fnt\n|-fieldactivate|move: Ion Deluge\n|-hint|Normal-type moves become Electric-type after using Plasma Fists.\n|faint|p1a: Urshifu\n|\n|upkeep\n|\n|t:|1699935199\n|switch|p1a: Pelipper|Pelipper, M|42\/100\n|-weather|RainDance|[from] ability: Drizzle|[of] p1a: Pelipper\n|turn|23\n|\n|t:|1699935204\n|switch|p1a: Samurott|Samurott-Hisui, F|100\/100\n|-status|p1a: Samurott|psn\n|move|p2a: Ken Amada|Plasma Fists|p1a: Samurott\n|-supereffective|p1a: Samurott\n|-enditem|p1a: Samurott|Focus Sash\n|-damage|p1a: Samurott|1\/100 psn\n|-fieldactivate|move: Ion Deluge\n|-hint|Normal-type moves become Electric-type after using Plasma Fists.\n|\n|-weather|RainDance|[upkeep]\n|-damage|p1a: Samurott|0 fnt|[from] psn\n|faint|p1a: Samurott\n|upkeep\n|\n|t:|1699935217\n|switch|p1a: Swampert|Swampert, F|100\/100\n|-status|p1a: Swampert|psn\n|turn|24\n|\n|t:|1699935228\n|detailschange|p1a: Swampert|Swampert-Mega, F\n|-mega|p1a: Swampert|Swampert|Swampertite\n|-terastallize|p2a: Ken Amada|Flying\n|move|p2a: Ken Amada|Drain Punch|p1a: Swampert\n|-damage|p1a: Swampert|80\/100 psn\n|-heal|p2a: Ken Amada|71\/100|[from] drain|[of] p1a: Swampert\n|move|p1a: Swampert|Earthquake|p2a: Ken Amada\n|-immune|p2a: Ken Amada\n|\n|-weather|RainDance|[upkeep]\n|-damage|p1a: Swampert|68\/100 psn|[from] psn\n|upkeep\n|turn|25\n|\n|t:|1699935240\n|switch|p2a: Ryoji Mochizuki|Gallade, M, shiny|100\/100\n|move|p1a: Swampert|Ice Punch|p2a: Ryoji Mochizuki\n|-crit|p2a: Ryoji Mochizuki\n|-damage|p2a: Ryoji Mochizuki|19\/100\n|\n|-weather|RainDance|[upkeep]\n|-damage|p1a: Swampert|55\/100 psn|[from] psn\n|upkeep\n|turn|26\n|\n|t:|1699935248\n|detailschange|p2a: Ryoji Mochizuki|Gallade-Mega, M, shiny\n|-mega|p2a: Ryoji Mochizuki|Gallade|Galladite\n|move|p1a: Swampert|Ice Punch|p2a: Ryoji Mochizuki\n|-damage|p2a: Ryoji Mochizuki|0 fnt\n|faint|p2a: Ryoji Mochizuki\n|\n|-weather|RainDance|[upkeep]\n|-damage|p1a: Swampert|43\/100 psn|[from] psn\n|upkeep\n|\n|t:|1699935252\n|switch|p2a: Ken Amada|Zeraora, tera:Flying|71\/100\n|turn|27\n|\n|t:|1699935257\n|move|p2a: Ken Amada|Fake Out|p1a: Swampert\n|-damage|p1a: Swampert|32\/100 psn\n|cant|p1a: Swampert|flinch\n|\n|-weather|RainDance|[upkeep]\n|-damage|p1a: Swampert|20\/100 psn|[from] psn\n|upkeep\n|turn|28\n|\n|t:|1699935264\n|move|p2a: Ken Amada|Drain Punch|p1a: Swampert\n|-damage|p1a: Swampert|0 fnt\n|-heal|p2a: Ken Amada|83\/100|[from] drain|[of] p1a: Swampert\n|faint|p1a: Swampert\n|\n|-weather|RainDance|[upkeep]\n|upkeep\n|-message|lllllai forfeited.\n|\n|win|Kuzwa\n|raw|lllllai's rating: 1145 &rarr; <strong>1128<\/strong><br \/>(-17 for losing)\n|raw|Kuzwa's rating: 1261 &rarr; <strong>1278<\/strong><br \/>(+17 for winning)\n|l|\u2606lllllai\n","uploadtime":1699935275,"views":4,"p1id":"lllllai","p2id":"kuzwa","formatid":"gen9nationaldex","rating":1128,"private":0,"password":""}