{"id":"gen9nationaldex-1993480182","p1":"guess 19","p2":"heitaok","format":"[Gen 9] National Dex","log":"|j|\u2606guess 19\n|j|\u203dheitaok\n|t:|1700322967\n|gametype|singles\n|player|p1|guess 19|brock|1467\n|player|p2|heitaok|gentleman|1519\n|teamsize|p1|6\n|teamsize|p2|6\n|gen|9\n|tier|[Gen 9] National Dex\n|rated|\n|rule|HP Percentage Mod: HP is shown in percentages\n|rule|Endless Battle Clause: Forcing endless battles is banned\n|rule|OHKO Clause: OHKO moves are banned\n|rule|Evasion Clause: Evasion abilities, items, and moves are banned\n|rule|Evasion Abilities Clause: Evasion abilities are banned\n|rule|Evasion Items Clause: Evasion items are banned\n|rule|Evasion Moves Clause: Evasion moves are banned\n|rule|Species Clause: Limit one of each Pok\u00e9mon\n|rule|Sleep Clause Mod: Limit one foe put to sleep\n|clearpoke\n|poke|p1|Steelix, M|\n|poke|p1|Yanmega, M|\n|poke|p1|Spiritomb, M|\n|poke|p1|Infernape, M|\n|poke|p1|Porygon2|\n|poke|p1|Thundurus-Therian, M|\n|poke|p2|Rotom-Wash|\n|poke|p2|Greninja-*, F|\n|poke|p2|Hoopa-Unbound|\n|poke|p2|Scizor, M|\n|poke|p2|Landorus-Therian, M|\n|poke|p2|Tapu Koko|\n|teampreview\n|inactive|Battle timer is ON: inactive players will automatically lose when time's up. (requested by heitaok)\n|\n|t:|1700322981\n|start\n|switch|p1a: Porygon2|Porygon2|100\/100\n|switch|p2a: Hoopa|Hoopa-Unbound|100\/100\n|turn|1\n|\n|t:|1700322988\n|switch|p1a: Spiritomb|Spiritomb, M|100\/100\n|-terastallize|p2a: Hoopa|Dark\n|move|p2a: Hoopa|Hyperspace Fury|p1a: Spiritomb\n|-damage|p1a: Spiritomb|0 fnt\n|-unboost|p2a: Hoopa|def|1\n|faint|p1a: Spiritomb\n|\n|upkeep\n|\n|t:|1700323000\n|switch|p1a: Yanmega|Yanmega, M|100\/100\n|turn|2\n|\n|t:|1700323009\n|switch|p2a: Scizor|Scizor, M|100\/100\n|move|p1a: Yanmega|Bug Buzz|p2a: Scizor\n|-resisted|p2a: Scizor\n|-damage|p2a: Scizor|84\/100\n|\n|-ability|p1a: Yanmega|Speed Boost|boost\n|-boost|p1a: Yanmega|spe|1\n|upkeep\n|turn|3\n|\n|t:|1700323020\n|detailschange|p2a: Scizor|Scizor-Mega, M\n|-mega|p2a: Scizor|Scizor|Scizorite\n|move|p2a: Scizor|Bullet Punch|p1a: Yanmega\n|-damage|p1a: Yanmega|63\/100\n|move|p1a: Yanmega|Air Slash|p2a: Scizor\n|-damage|p2a: Scizor|57\/100\n|\n|-ability|p1a: Yanmega|Speed Boost|boost\n|-boost|p1a: Yanmega|spe|1\n|upkeep\n|turn|4\n|\n|t:|1700323031\n|switch|p1a: Steelix|Steelix, M|100\/100\n|move|p2a: Scizor|Roost|p2a: Scizor\n|-heal|p2a: Scizor|100\/100\n|-singleturn|p2a: Scizor|move: Roost\n|\n|upkeep\n|turn|5\n|\n|t:|1700323036\n|move|p2a: Scizor|U-turn|p1a: Steelix\n|-resisted|p1a: Steelix\n|-damage|p1a: Steelix|91\/100\n|-damage|p2a: Scizor|84\/100|[from] item: Rocky Helmet|[of] p1a: Steelix\n|\n|t:|1700323040\n|switch|p2a: Hoopa|Hoopa-Unbound, tera:Dark|100\/100|[from] U-turn\n|move|p1a: Steelix|Stealth Rock|p2a: Hoopa\n|-sidestart|p2: heitaok|move: Stealth Rock\n|\n|upkeep\n|turn|6\n|\n|t:|1700323047\n|move|p2a: Hoopa|Hyperspace Fury|p1a: Steelix\n|-damage|p1a: Steelix|15\/100\n|-unboost|p2a: Hoopa|def|1\n|move|p1a: Steelix|Body Press|p2a: Hoopa\n|-supereffective|p2a: Hoopa\n|-damage|p2a: Hoopa|0 fnt\n|faint|p2a: Hoopa\n|\n|upkeep\n|\n|t:|1700323060\n|switch|p2a: Tapu Koko|Tapu Koko|100\/100\n|-damage|p2a: Tapu Koko|88\/100|[from] Stealth Rock\n|-fieldstart|move: Electric Terrain|[from] ability: Electric Surge|[of] p2a: Tapu Koko\n|turn|7\n|\n|t:|1700323067\n|move|p2a: Tapu Koko|Hidden Power|p1a: Steelix\n|-damage|p1a: Steelix|0 fnt\n|faint|p1a: Steelix\n|\n|upkeep\n|\n|t:|1700323075\n|switch|p1a: Thundurus|Thundurus-Therian, M|100\/100\n|turn|8\n|\n|t:|1700323087\n|move|p2a: Tapu Koko|Hidden Power|p1a: Thundurus\n|-supereffective|p1a: Thundurus\n|-damage|p1a: Thundurus|28\/100\n|move|p1a: Thundurus|Nasty Plot|p1a: Thundurus\n|-boost|p1a: Thundurus|spa|2\n|\n|upkeep\n|turn|9\n|\n|t:|1700323093\n|switch|p1a: Porygon2|Porygon2|100\/100\n|move|p2a: Tapu Koko|Hidden Power|p1a: Porygon2\n|-damage|p1a: Porygon2|90\/100\n|\n|upkeep\n|turn|10\n|\n|t:|1700323104\n|switch|p2a: Landorus|Landorus-Therian, M|100\/100\n|-damage|p2a: Landorus|88\/100|[from] Stealth Rock\n|-ability|p2a: Landorus|Intimidate|boost\n|-unboost|p1a: Porygon2|atk|1\n|move|p1a: Porygon2|Ice Beam|p2a: Landorus\n|-supereffective|p2a: Landorus\n|-damage|p2a: Landorus|0 fnt\n|faint|p2a: Landorus\n|\n|upkeep\n|\n|t:|1700323109\n|switch|p2a: Greninja|Greninja, F|100\/100\n|-damage|p2a: Greninja|88\/100|[from] Stealth Rock\n|turn|11\n|\n|t:|1700323121\n|move|p2a: Greninja|Low Kick|p1a: Porygon2\n|-start|p2a: Greninja|typechange|Fighting|[from] ability: Protean\n|-supereffective|p1a: Porygon2\n|-damage|p1a: Porygon2|55\/100\n|move|p1a: Porygon2|Discharge|p2a: Greninja\n|-damage|p2a: Greninja|28\/100\n|-status|p2a: Greninja|par\n|\n|-fieldend|move: Electric Terrain\n|upkeep\n|turn|12\n|\n|t:|1700323132\n|move|p2a: Greninja|Low Kick|p1a: Porygon2\n|-supereffective|p1a: Porygon2\n|-damage|p1a: Porygon2|21\/100\n|move|p1a: Porygon2|Recover|p1a: Porygon2\n|-heal|p1a: Porygon2|71\/100\n|\n|upkeep\n|turn|13\n|\n|t:|1700323139\n|switch|p2a: Scizor|Scizor-Mega, M|84\/100\n|-damage|p2a: Scizor|72\/100|[from] Stealth Rock\n|move|p1a: Porygon2|Recover|p1a: Porygon2\n|-heal|p1a: Porygon2|100\/100\n|\n|upkeep\n|turn|14\n|\n|t:|1700323151\n|switch|p1a: Thundurus|Thundurus-Therian, M|28\/100\n|move|p2a: Scizor|Swords Dance|p2a: Scizor\n|-boost|p2a: Scizor|atk|2\n|\n|upkeep\n|turn|15\n|\n|t:|1700323157\n|move|p1a: Thundurus|Thunderbolt|p2a: Scizor\n|-damage|p2a: Scizor|33\/100\n|move|p2a: Scizor|Swords Dance|p2a: Scizor\n|-boost|p2a: Scizor|atk|2\n|\n|upkeep\n|turn|16\n|\n|t:|1700323162\n|move|p2a: Scizor|Bullet Punch|p1a: Thundurus\n|-resisted|p1a: Thundurus\n|-damage|p1a: Thundurus|0 fnt\n|faint|p1a: Thundurus\n|\n|upkeep\n|\n|t:|1700323182\n|switch|p1a: Infernape|Infernape, M|100\/100\n|turn|17\n|\n|t:|1700323186\n|move|p2a: Scizor|Bullet Punch|p1a: Infernape\n|-resisted|p1a: Infernape\n|-damage|p1a: Infernape|27\/100\n|move|p1a: Infernape|Fire Blast|p2a: Scizor\n|-supereffective|p2a: Scizor\n|-damage|p2a: Scizor|0 fnt\n|faint|p2a: Scizor\n|-damage|p1a: Infernape|18\/100|[from] item: Life Orb\n|\n|upkeep\n|\n|t:|1700323190\n|switch|p2a: Rotom|Rotom-Wash|100\/100\n|-damage|p2a: Rotom|88\/100|[from] Stealth Rock\n|turn|18\n|\n|t:|1700323195\n|switch|p1a: Porygon2|Porygon2|100\/100\n|move|p2a: Rotom|Volt Switch|p1a: Porygon2\n|-damage|p1a: Porygon2|88\/100\n|\n|t:|1700323203\n|switch|p2a: Tapu Koko|Tapu Koko|88\/100|[from] Volt Switch\n|-damage|p2a: Tapu Koko|76\/100|[from] Stealth Rock\n|-fieldstart|move: Electric Terrain|[from] ability: Electric Surge|[of] p2a: Tapu Koko\n|\n|upkeep\n|turn|19\n|\n|t:|1700323208\n|move|p2a: Tapu Koko|Thunderbolt|p1a: Porygon2\n|-damage|p1a: Porygon2|52\/100\n|move|p1a: Porygon2|Ice Beam|p2a: Tapu Koko\n|-damage|p2a: Tapu Koko|33\/100\n|\n|upkeep\n|turn|20\n|\n|t:|1700323217\n|move|p2a: Tapu Koko|Thunderbolt|p1a: Porygon2\n|-crit|p1a: Porygon2\n|-damage|p1a: Porygon2|6\/100\n|move|p1a: Porygon2|Recover|p1a: Porygon2\n|-heal|p1a: Porygon2|56\/100\n|\n|upkeep\n|turn|21\n|\n|t:|1700323230\n|move|p2a: Tapu Koko|Thunderbolt|p1a: Porygon2\n|-damage|p1a: Porygon2|24\/100\n|move|p1a: Porygon2|Recover|p1a: Porygon2\n|-heal|p1a: Porygon2|74\/100\n|\n|upkeep\n|turn|22\n|\n|t:|1700323243\n|move|p2a: Tapu Koko|Thunderbolt|p1a: Porygon2\n|-damage|p1a: Porygon2|38\/100\n|move|p1a: Porygon2|Recover|p1a: Porygon2\n|-heal|p1a: Porygon2|88\/100\n|\n|-fieldend|move: Electric Terrain\n|upkeep\n|turn|23\n|-message|heitaok forfeited.\n|\n|win|guess 19\n|raw|guess 19's rating: 1467 &rarr; <strong>1489<\/strong><br \/>(+22 for winning)\n|raw|heitaok's rating: 1500 &rarr; <strong>1478<\/strong><br \/>(-22 for losing)\n|l|\u203dheitaok\n","uploadtime":1700323268,"views":7,"p1id":"guess19","p2id":"heitaok","formatid":"gen9nationaldex","rating":1478,"private":0,"password":""}