{"id":"gen9nationaldex-1999451602","p1":"Zersturer23","p2":"zacheriah21","format":"[Gen 9] National Dex","log":"|html|<div class=\"broadcast-blue\"><strong>[Gen 9] National Dex is currently suspecting Sneasler! For information on how to participate check out the <a href=\"https:\/\/www.smogon.com\/forums\/threads\/sv-national-dex-suspect-8-just-dance.3731534\/\">suspect thread<\/a>.<\/strong><\/div>\n|j|\u2606Zersturer23\n|j|\u2606zacheriah21\n|t:|1701082661\n|gametype|singles\n|player|p1|Zersturer23|101|1000\n|player|p2|zacheriah21|102|1067\n|teamsize|p1|6\n|teamsize|p2|6\n|gen|9\n|tier|[Gen 9] National Dex\n|rated|\n|rule|HP Percentage Mod: HP is shown in percentages\n|rule|Endless Battle Clause: Forcing endless battles is banned\n|rule|OHKO Clause: OHKO moves are banned\n|rule|Evasion Clause: Evasion abilities, items, and moves are banned\n|rule|Evasion Abilities Clause: Evasion abilities are banned\n|rule|Evasion Items Clause: Evasion items are banned\n|rule|Evasion Moves Clause: Evasion moves are banned\n|rule|Species Clause: Limit one of each Pok\u00e9mon\n|rule|Sleep Clause Mod: Limit one foe put to sleep\n|clearpoke\n|poke|p1|Serperior, F|\n|poke|p1|Meowstic, M|\n|poke|p1|Sceptile, F|\n|poke|p1|Lycanroc-Dusk, F|\n|poke|p1|Blissey, F|\n|poke|p1|Tangrowth, M|\n|poke|p2|Toxtricity, F|\n|poke|p2|Dragonite, F|\n|poke|p2|Quaquaval, F|\n|poke|p2|Torterra, F|\n|poke|p2|Tauros-Paldea-Blaze, M|\n|poke|p2|Skeledirge, M|\n|teampreview\n|inactive|Battle timer is ON: inactive players will automatically lose when time's up. (requested by zacheriah21)\n|\n|t:|1701082672\n|start\n|switch|p1a: Tangrowth|Tangrowth, M|100\/100\n|switch|p2a: Toxtricity|Toxtricity, F|100\/100\n|turn|1\n|\n|t:|1701082679\n|move|p2a: Toxtricity|Sludge Bomb|p1a: Tangrowth\n|-supereffective|p1a: Tangrowth\n|-damage|p1a: Tangrowth|8\/100\n|move|p1a: Tangrowth|Knock Off|p2a: Toxtricity\n|-damage|p2a: Toxtricity|75\/100\n|-enditem|p2a: Toxtricity|Black Sludge|[from] move: Knock Off|[of] p1a: Tangrowth\n|\n|-heal|p1a: Tangrowth|15\/100|[from] item: Leftovers\n|upkeep\n|turn|2\n|\n|t:|1701082684\n|switch|p1a: Blissey|Blissey, F|100\/100\n|move|p2a: Toxtricity|Sludge Bomb|p1a: Blissey\n|-damage|p1a: Blissey|90\/100\n|\n|-heal|p1a: Blissey|97\/100|[from] item: Leftovers\n|upkeep\n|turn|3\n|\n|t:|1701082690\n|move|p2a: Toxtricity|Metronome|p2a: Toxtricity\n|move|p2a: Toxtricity|Inferno|p1a: Blissey|[from]move: Metronome|[miss]\n|-miss|p2a: Toxtricity|p1a: Blissey\n|move|p1a: Blissey|Stealth Rock|p2a: Toxtricity\n|-sidestart|p2: zacheriah21|move: Stealth Rock\n|\n|-heal|p1a: Blissey|100\/100|[from] item: Leftovers\n|upkeep\n|turn|4\n|\n|t:|1701082705\n|move|p2a: Toxtricity|Metronome|p2a: Toxtricity\n|move|p2a: Toxtricity|Curse|p2a: Toxtricity|[from]move: Metronome\n|-unboost|p2a: Toxtricity|spe|1\n|-boost|p2a: Toxtricity|atk|1\n|-boost|p2a: Toxtricity|def|1\n|move|p1a: Blissey|Soft-Boiled||[still]\n|-fail|p1a: Blissey|heal\n|\n|upkeep\n|turn|5\n|\n|t:|1701082716\n|move|p2a: Toxtricity|Metronome|p2a: Toxtricity\n|move|p2a: Toxtricity|Fake Out||[from]move: Metronome|[still]\n|-hint|Fake Out only works on your first turn out.\n|-fail|p2a: Toxtricity\n|move|p1a: Blissey|Toxic|p2a: Toxtricity\n|-immune|p2a: Toxtricity\n|\n|upkeep\n|turn|6\n|\n|t:|1701082725\n|switch|p1a: Meowstic|Meowstic, M|100\/100\n|move|p2a: Toxtricity|Metronome|p2a: Toxtricity\n|move|p2a: Toxtricity|Phantom Force||[from]move: Metronome|[still]\n|-prepare|p2a: Toxtricity|Phantom Force\n|\n|upkeep\n|turn|7\n|\n|t:|1701082732\n|move|p1a: Meowstic|Nasty Plot|p1a: Meowstic\n|-boost|p1a: Meowstic|spa|2\n|move|p2a: Toxtricity|Phantom Force|p1a: Meowstic|[from]lockedmove\n|-supereffective|p1a: Meowstic\n|-damage|p1a: Meowstic|19\/100\n|\n|upkeep\n|turn|8\n|\n|t:|1701082739\n|move|p1a: Meowstic|Psychic|p2a: Toxtricity\n|-supereffective|p2a: Toxtricity\n|-damage|p2a: Toxtricity|0 fnt\n|faint|p2a: Toxtricity\n|\n|upkeep\n|\n|t:|1701082748\n|switch|p2a: Dragonite|Dragonite, F|100\/100\n|-damage|p2a: Dragonite|76\/100|[from] Stealth Rock\n|turn|9\n|\n|t:|1701082755\n|move|p2a: Dragonite|Extreme Speed|p1a: Meowstic\n|-damage|p1a: Meowstic|0 fnt\n|faint|p1a: Meowstic\n|\n|-heal|p2a: Dragonite|82\/100|[from] item: Leftovers\n|upkeep\n|\n|t:|1701082767\n|switch|p1a: Lycanroc|Lycanroc-Dusk, F|100\/100\n|turn|10\n|\n|t:|1701082774\n|-zpower|p1a: Lycanroc\n|move|p1a: Lycanroc|Splintered Stormshards|p2a: Dragonite|[zeffect]\n|-supereffective|p2a: Dragonite\n|-damage|p2a: Dragonite|0 fnt\n|faint|p2a: Dragonite\n|\n|upkeep\n|\n|t:|1701082782\n|switch|p2a: Quaquaval|Quaquaval, F|100\/100\n|-damage|p2a: Quaquaval|95\/100|[from] Stealth Rock\n|turn|11\n|\n|t:|1701082802\n|switch|p1a: Tangrowth|Tangrowth, M|48\/100\n|move|p2a: Quaquaval|Rapid Spin|p1a: Tangrowth\n|-damage|p1a: Tangrowth|40\/100\n|-boost|p2a: Quaquaval|spe|1\n|-sideend|p2: zacheriah21|Stealth Rock|[from] move: Rapid Spin|[of] p2a: Quaquaval\n|-heal|p2a: Quaquaval|95\/100|[from] item: Shell Bell|[of] p1a: Tangrowth\n|\n|-heal|p1a: Tangrowth|47\/100|[from] item: Leftovers\n|upkeep\n|turn|12\n|\n|t:|1701082815\n|move|p2a: Quaquaval|Close Combat|p1a: Tangrowth\n|-damage|p1a: Tangrowth|17\/100\n|-unboost|p2a: Quaquaval|def|1\n|-unboost|p2a: Quaquaval|spd|1\n|-heal|p2a: Quaquaval|99\/100|[from] item: Shell Bell|[of] p1a: Tangrowth\n|move|p1a: Tangrowth|Knock Off|p2a: Quaquaval\n|-resisted|p2a: Quaquaval\n|-damage|p2a: Quaquaval|82\/100\n|-enditem|p2a: Quaquaval|Shell Bell|[from] move: Knock Off|[of] p1a: Tangrowth\n|\n|-heal|p1a: Tangrowth|24\/100|[from] item: Leftovers\n|upkeep\n|turn|13\n|\n|t:|1701082837\n|switch|p1a: Serperior|Serperior, F|100\/100\n|move|p2a: Quaquaval|Close Combat|p1a: Serperior\n|-damage|p1a: Serperior|37\/100\n|-unboost|p2a: Quaquaval|def|1\n|-unboost|p2a: Quaquaval|spd|1\n|\n|upkeep\n|turn|14\n|\n|t:|1701082846\n|move|p1a: Serperior|Leaf Storm|p2a: Quaquaval\n|-supereffective|p2a: Quaquaval\n|-damage|p2a: Quaquaval|0 fnt\n|-boost|p1a: Serperior|spa|2\n|faint|p2a: Quaquaval\n|\n|upkeep\n|\n|t:|1701082850\n|switch|p2a: Torterra|Torterra, F|100\/100\n|turn|15\n|\n|t:|1701082855\n|move|p1a: Serperior|Leaf Storm|p2a: Torterra\n|-damage|p2a: Torterra|0 fnt\n|-boost|p1a: Serperior|spa|2\n|faint|p2a: Torterra\n|\n|upkeep\n|\n|t:|1701082859\n|switch|p2a: Skeledirge|Skeledirge, M|100\/100\n|turn|16\n|\n|t:|1701082862\n|move|p1a: Serperior|Leaf Storm|p2a: Skeledirge\n|-resisted|p2a: Skeledirge\n|-damage|p2a: Skeledirge|23\/100\n|-boost|p1a: Serperior|spa|2\n|move|p2a: Skeledirge|Torch Song|p1a: Serperior\n|-supereffective|p1a: Serperior\n|-damage|p1a: Serperior|0 fnt\n|-boost|p2a: Skeledirge|spa|1\n|faint|p1a: Serperior\n|\n|upkeep\n|\n|t:|1701082870\n|switch|p1a: Lycanroc|Lycanroc-Dusk, F|100\/100\n|turn|17\n|\n|t:|1701082875\n|move|p1a: Lycanroc|Accelerock|p2a: Skeledirge\n|-supereffective|p2a: Skeledirge\n|-damage|p2a: Skeledirge|0 fnt\n|faint|p2a: Skeledirge\n|\n|upkeep\n|\n|t:|1701082877\n|switch|p2a: Tauros|Tauros-Paldea-Blaze, M|100\/100\n|turn|18\n|inactive|Zersturer23 has 120 seconds left.\n|inactive|Zersturer23 has 90 seconds left.\n|-message|zacheriah21 forfeited.\n|\n|win|Zersturer23\n|raw|Zersturer23's rating: 1000 &rarr; <strong>1048<\/strong><br \/>(+48 for winning)\n|raw|zacheriah21's rating: 1067 &rarr; <strong>1043<\/strong><br \/>(-24 for losing)\n|l|\u2606zacheriah21\n","uploadtime":1701082977,"views":3,"p1id":"zersturer23","p2id":"zacheriah21","formatid":"gen9nationaldex","rating":1043,"private":0,"password":""}