{"id":"gen9nationaldex-1997844725","p1":"maxand25564","p2":"Player 723456","format":"[Gen 9] National Dex","log":"|html|<div class=\"broadcast-blue\"><strong>[Gen 9] National Dex is currently suspecting Sneasler! For information on how to participate check out the <a href=\"https:\/\/www.smogon.com\/forums\/threads\/sv-national-dex-suspect-8-just-dance.3731534\/\">suspect thread<\/a>.<\/strong><\/div>\n|j|\u2606maxand25564\n|j|\u2606Player 723456\n|t:|1700858944\n|gametype|singles\n|player|p1|maxand25564|lucas|1036\n|player|p2|Player 723456|lucas|1099\n|teamsize|p1|6\n|teamsize|p2|6\n|gen|9\n|tier|[Gen 9] National Dex\n|rated|\n|rule|HP Percentage Mod: HP is shown in percentages\n|rule|Endless Battle Clause: Forcing endless battles is banned\n|rule|OHKO Clause: OHKO moves are banned\n|rule|Evasion Clause: Evasion abilities, items, and moves are banned\n|rule|Evasion Abilities Clause: Evasion abilities are banned\n|rule|Evasion Items Clause: Evasion items are banned\n|rule|Evasion Moves Clause: Evasion moves are banned\n|rule|Species Clause: Limit one of each Pok\u00e9mon\n|rule|Sleep Clause Mod: Limit one foe put to sleep\n|clearpoke\n|poke|p1|Hydreigon, F|\n|poke|p1|Greninja-*, M|\n|poke|p1|Garchomp, F|\n|poke|p1|Heatran, M|\n|poke|p1|Gallade, M|\n|poke|p1|Charizard, M|\n|poke|p2|Pikachu, M|\n|poke|p2|Excadrill, F|\n|poke|p2|Rotom-Wash|\n|poke|p2|Togekiss, M|\n|poke|p2|Ferrothorn, F|\n|poke|p2|Gyarados, M|\n|teampreview\n|\n|t:|1700858953\n|start\n|switch|p1a: Hydreigon|Hydreigon, F|100\/100\n|switch|p2a: Ferrothorn|Ferrothorn, F|100\/100\n|turn|1\n|\n|t:|1700858962\n|move|p1a: Hydreigon|Earthquake|p2a: Ferrothorn\n|-damage|p2a: Ferrothorn|83\/100\n|move|p2a: Ferrothorn|Stealth Rock|p1a: Hydreigon\n|-sidestart|p1: maxand25564|move: Stealth Rock\n|\n|upkeep\n|turn|2\n|\n|t:|1700858968\n|move|p1a: Hydreigon|Crunch|p2a: Ferrothorn\n|-damage|p2a: Ferrothorn|62\/100\n|-damage|p1a: Hydreigon|88\/100|[from] ability: Iron Barbs|[of] p2a: Ferrothorn\n|-damage|p1a: Hydreigon|72\/100|[from] item: Rocky Helmet|[of] p2a: Ferrothorn\n|move|p2a: Ferrothorn|Spikes|p1a: Hydreigon\n|-sidestart|p1: maxand25564|Spikes\n|\n|-heal|p1a: Hydreigon|78\/100|[from] item: Leftovers\n|upkeep\n|turn|3\n|\n|t:|1700858978\n|move|p1a: Hydreigon|Draco Meteor|p2a: Ferrothorn\n|-resisted|p2a: Ferrothorn\n|-crit|p2a: Ferrothorn\n|-damage|p2a: Ferrothorn|24\/100\n|-unboost|p1a: Hydreigon|spa|2\n|move|p2a: Ferrothorn|Gyro Ball|p1a: Hydreigon\n|-damage|p1a: Hydreigon|34\/100\n|\n|-heal|p1a: Hydreigon|40\/100|[from] item: Leftovers\n|upkeep\n|turn|4\n|\n|t:|1700858988\n|move|p1a: Hydreigon|Draco Meteor|p2a: Ferrothorn\n|-resisted|p2a: Ferrothorn\n|-damage|p2a: Ferrothorn|12\/100\n|-unboost|p1a: Hydreigon|spa|2\n|move|p2a: Ferrothorn|Gyro Ball|p1a: Hydreigon\n|-damage|p1a: Hydreigon|0 fnt\n|faint|p1a: Hydreigon\n|\n|upkeep\n|\n|t:|1700858995\n|switch|p1a: Greninja|Greninja, M|100\/100\n|-damage|p1a: Greninja|88\/100|[from] Stealth Rock\n|-damage|p1a: Greninja|76\/100|[from] Spikes\n|turn|5\n|\n|t:|1700859004\n|move|p1a: Greninja|Dark Pulse|p2a: Ferrothorn\n|-damage|p2a: Ferrothorn|0 fnt\n|faint|p2a: Ferrothorn\n|\n|-heal|p1a: Greninja|82\/100|[from] item: Leftovers\n|upkeep\n|\n|t:|1700859015\n|switch|p2a: Pikachu|Pikachu, M|100\/100\n|turn|6\n|\n|t:|1700859020\n|move|p2a: Pikachu|Volt Tackle|p1a: Greninja\n|-supereffective|p1a: Greninja\n|-crit|p1a: Greninja\n|-damage|p1a: Greninja|0 fnt\n|faint|p1a: Greninja\n|-damage|p2a: Pikachu|56\/100|[from] Recoil\n|\n|upkeep\n|\n|t:|1700859026\n|switch|p1a: Garchomp|Garchomp, F|100\/100\n|-damage|p1a: Garchomp|94\/100|[from] Stealth Rock\n|-damage|p1a: Garchomp|82\/100|[from] Spikes\n|turn|7\n|\n|t:|1700859035\n|switch|p2a: Togekiss|Togekiss, M|100\/100\n|move|p1a: Garchomp|Earthquake|p2a: Togekiss\n|-immune|p2a: Togekiss\n|\n|upkeep\n|turn|8\n|\n|t:|1700859048\n|switch|p1a: Heatran|Heatran, M|100\/100\n|-damage|p1a: Heatran|88\/100|[from] Stealth Rock\n|-damage|p1a: Heatran|76\/100|[from] Spikes\n|move|p2a: Togekiss|Dazzling Gleam|p1a: Heatran\n|-resisted|p1a: Heatran\n|-damage|p1a: Heatran|66\/100\n|\n|-heal|p1a: Heatran|72\/100|[from] item: Leftovers\n|upkeep\n|turn|9\n|\n|t:|1700859060\n|move|p2a: Togekiss|Thunder Wave|p1a: Heatran\n|-status|p1a: Heatran|par\n|move|p1a: Heatran|Lava Plume|p2a: Togekiss\n|-damage|p2a: Togekiss|75\/100\n|\n|-heal|p2a: Togekiss|81\/100|[from] item: Leftovers\n|-heal|p1a: Heatran|78\/100 par|[from] item: Leftovers\n|upkeep\n|turn|10\n|\n|t:|1700859071\n|switch|p2a: Rotom|Rotom-Wash|100\/100\n|move|p1a: Heatran|Eruption|p2a: Rotom\n|-resisted|p2a: Rotom\n|-damage|p2a: Rotom|75\/100\n|\n|-heal|p2a: Rotom|81\/100|[from] item: Leftovers\n|-heal|p1a: Heatran|85\/100 par|[from] item: Leftovers\n|upkeep\n|turn|11\n|\n|t:|1700859082\n|move|p2a: Rotom|Hydro Pump|p1a: Heatran\n|-supereffective|p1a: Heatran\n|-damage|p1a: Heatran|0 fnt\n|faint|p1a: Heatran\n|\n|-heal|p2a: Rotom|87\/100|[from] item: Leftovers\n|upkeep\n|\n|t:|1700859089\n|switch|p1a: Gallade|Gallade, M|100\/100\n|-damage|p1a: Gallade|94\/100|[from] Stealth Rock\n|-damage|p1a: Gallade|82\/100|[from] Spikes\n|turn|12\n|\n|t:|1700859102\n|detailschange|p1a: Gallade|Gallade-Mega, M\n|-mega|p1a: Gallade|Gallade|Galladite\n|move|p1a: Gallade|Aura Sphere|p2a: Rotom\n|-damage|p2a: Rotom|67\/100\n|move|p2a: Rotom|Volt Switch|p1a: Gallade\n|-damage|p1a: Gallade|52\/100\n|\n|t:|1700859110\n|switch|p2a: Pikachu|Pikachu, M|56\/100|[from] Volt Switch\n|\n|upkeep\n|turn|13\n|\n|t:|1700859119\n|move|p2a: Pikachu|Volt Tackle|p1a: Gallade\n|-damage|p1a: Gallade|0 fnt\n|faint|p1a: Gallade\n|-damage|p2a: Pikachu|29\/100|[from] Recoil\n|\n|upkeep\n|\n|t:|1700859126\n|switch|p1a: Garchomp|Garchomp, F|82\/100\n|-damage|p1a: Garchomp|76\/100|[from] Stealth Rock\n|-damage|p1a: Garchomp|63\/100|[from] Spikes\n|turn|14\n|\n|t:|1700859135\n|switch|p2a: Togekiss|Togekiss, M|81\/100\n|move|p1a: Garchomp|Earthquake|p2a: Togekiss\n|-immune|p2a: Togekiss\n|\n|-heal|p2a: Togekiss|87\/100|[from] item: Leftovers\n|upkeep\n|turn|15\n|\n|t:|1700859146\n|switch|p1a: Charizard|Charizard, M|100\/100\n|-damage|p1a: Charizard|50\/100|[from] Stealth Rock\n|move|p2a: Togekiss|Air Slash|p1a: Charizard\n|-damage|p1a: Charizard|4\/100\n|\n|-heal|p2a: Togekiss|93\/100|[from] item: Leftovers\n|upkeep\n|turn|16\n|\n|t:|1700859157\n|move|p1a: Charizard|Blaze Kick|p2a: Togekiss\n|-damage|p2a: Togekiss|43\/100\n|move|p2a: Togekiss|Air Slash|p1a: Charizard\n|-damage|p1a: Charizard|0 fnt\n|faint|p1a: Charizard\n|\n|-heal|p2a: Togekiss|49\/100|[from] item: Leftovers\n|upkeep\n|\n|t:|1700859164\n|switch|p1a: Garchomp|Garchomp, F|63\/100\n|-damage|p1a: Garchomp|57\/100|[from] Stealth Rock\n|-damage|p1a: Garchomp|45\/100|[from] Spikes\n|turn|17\n|\n|t:|1700859174\n|move|p1a: Garchomp|Crunch|p2a: Togekiss\n|-resisted|p2a: Togekiss\n|-damage|p2a: Togekiss|35\/100\n|move|p2a: Togekiss|Dazzling Gleam|p1a: Garchomp\n|-supereffective|p1a: Garchomp\n|-damage|p1a: Garchomp|0 fnt\n|faint|p1a: Garchomp\n|\n|win|Player 723456\n|raw|maxand25564's rating: 1036 &rarr; <strong>1023<\/strong><br \/>(-13 for losing)\n|raw|Player 723456's rating: 1099 &rarr; <strong>1120<\/strong><br \/>(+21 for winning)\n","uploadtime":1700859188,"views":1,"p1id":"maxand25564","p2id":"player723456","formatid":"gen9nationaldex","rating":1023,"private":0,"password":""}