{"id":"gen9nationaldex-1994206464","p1":"Juanjomaster","p2":"darkizard","format":"[Gen 9] National Dex","log":"|j|\u2606Juanjomaster\n|j|\u2606darkizard\n|t:|1700418852\n|gametype|singles\n|player|p1|Juanjomaster|acetrainer-gen4dp|\n|player|p2|darkizard|hugh|\n|teamsize|p1|6\n|teamsize|p2|6\n|gen|9\n|tier|[Gen 9] National Dex\n|rule|HP Percentage Mod: HP is shown in percentages\n|rule|Endless Battle Clause: Forcing endless battles is banned\n|rule|OHKO Clause: OHKO moves are banned\n|rule|Evasion Clause: Evasion abilities, items, and moves are banned\n|rule|Evasion Abilities Clause: Evasion abilities are banned\n|rule|Evasion Items Clause: Evasion items are banned\n|rule|Evasion Moves Clause: Evasion moves are banned\n|rule|Species Clause: Limit one of each Pok\u00e9mon\n|rule|Sleep Clause Mod: Limit one foe put to sleep\n|clearpoke\n|poke|p1|Great Tusk|\n|poke|p1|Entei|\n|poke|p1|Smeargle, M|\n|poke|p1|Murkrow, F|\n|poke|p1|Slowking, M|\n|poke|p1|Regidrago|\n|poke|p2|Feraligatr, M|\n|poke|p2|Grimmsnarl, M|\n|poke|p2|Houndoom, M|\n|poke|p2|Crobat, M|\n|poke|p2|Cursola, M|\n|poke|p2|Forretress, M|\n|teampreview\n|j| santysas\n|c| santysas|pole\n|c|\u2606Juanjomaster|estoy atendiendo la tiendita de mis padres, si de repente me tardo en un turno  es que llegaron clientes\n|c|\u2606darkizard|oke, no problem\n|\n|t:|1700418917\n|start\n|switch|p1a: Meto putazos|Slowking, M|100\/100\n|switch|p2a: Forretress|Forretress, M|100\/100\n|turn|1\n|c| santysas|Darki si necesitas tiempo para pensar en un turno me dices y voy a la tienda\n|c|\u2606darkizard|xddd\n|c|\u2606darkizard|tranqui (?)\n|\n|t:|1700418947\n|move|p2a: Forretress|Stealth Rock|p1a: Meto putazos\n|-sidestart|p1: Juanjomaster|move: Stealth Rock\n|move|p1a: Meto putazos|Scald|p2a: Forretress\n|-damage|p2a: Forretress|61\/100\n|\n|-heal|p2a: Forretress|67\/100|[from] item: Leftovers\n|upkeep\n|turn|2\n|\n|t:|1700418956\n|switch|p2a: Cursola|Cursola, M|100\/100\n|switch|p1a: Kaseki|Great Tusk|100\/100\n|-damage|p1a: Kaseki|97\/100|[from] Stealth Rock\n|\n|upkeep\n|turn|3\n|j| SilverFiscalizando\n|j| liza white\n|\n|t:|1700418991\n|-end|p1a: Kaseki|Protosynthesis|[silent]\n|switch|p1a: Nani|Smeargle, M|100\/100\n|-damage|p1a: Nani|88\/100|[from] Stealth Rock\n|move|p2a: Cursola|Scald|p1a: Nani\n|-damage|p1a: Nani|21\/100\n|-status|p1a: Nani|brn\n|\n|-damage|p1a: Nani|14\/100 brn|[from] brn\n|upkeep\n|turn|4\n|c| santysas|xDDD Silver\n|c| santysas|kfuerte el Cursola\n|c| santysas|(o que debil smeargle)\n|j| SilverKeith\n|c|\u2606Juanjomaster|ambas\n|c| SilverKeith|Ahora s\u00ed\n|c| liza white|Nani\n|c| SilverKeith|Jueguen r\u00e1pido antes que venga alguien a votar\n|\n|t:|1700419053\n|switch|p2a: Forretress|Forretress, M|67\/100\n|move|p1a: Nani|Spore|p2a: Forretress\n|-status|p2a: Forretress|slp|[from] move: Spore\n|\n|-heal|p2a: Forretress|73\/100 slp|[from] item: Leftovers\n|-damage|p1a: Nani|8\/100 brn|[from] brn\n|upkeep\n|turn|5\n|c| santysas|mimidi\n|\n|t:|1700419079\n|switch|p1a: Timidito|Regidrago|100\/100\n|-damage|p1a: Timidito|88\/100|[from] Stealth Rock\n|cant|p2a: Forretress|slp\n|\n|-heal|p2a: Forretress|79\/100 slp|[from] item: Leftovers\n|upkeep\n|turn|6\n|c| santysas|*M\u00fasica de final boss empieza a sonar*\n|\n|t:|1700419134\n|switch|p2a: Cursola|Cursola, M|100\/100\n|move|p1a: Timidito|Earth Power|p2a: Cursola\n|-damage|p2a: Cursola|78\/100\n|-damage|p1a: Timidito|78\/100|[from] item: Life Orb\n|\n|upkeep\n|turn|7\n|c| SilverKeith|Yo cuando veo al regidrago ya s\u00e9 que es 6-0\n|\n|t:|1700419147\n|move|p1a: Timidito|Dragon Energy|p2a: Cursola\n|-damage|p2a: Cursola|17\/100\n|-damage|p1a: Timidito|68\/100|[from] item: Life Orb\n|move|p2a: Cursola|Ice Beam|p1a: Timidito\n|-supereffective|p1a: Timidito\n|-damage|p1a: Timidito|0 fnt\n|faint|p1a: Timidito\n|\n|upkeep\n|c|\u2606Juanjomaster|o no\n|c| santysas|CURSOLA MICASITA\n|c| liza white|ven por que me prepar\u00e9 pa ese bicho\n|\n|t:|1700419172\n|switch|p1a: Kaseki|Great Tusk|97\/100\n|-damage|p1a: Kaseki|94\/100|[from] Stealth Rock\n|turn|8\n|\n|t:|1700419244\n|move|p1a: Kaseki|Rock Tomb|p2a: Cursola\n|-damage|p2a: Cursola|0 fnt\n|faint|p2a: Cursola\n|\n|upkeep\n|\n|t:|1700419275\n|switch|p2a: Grimmsnarl|Grimmsnarl, M|100\/100\n|turn|9\n|\n|t:|1700419279\n|move|p2a: Grimmsnarl|Reflect|p2a: Grimmsnarl\n|-sidestart|p2: darkizard|Reflect\n|move|p1a: Kaseki|Rapid Spin|p2a: Grimmsnarl\n|-damage|p2a: Grimmsnarl|89\/100\n|-boost|p1a: Kaseki|spe|1\n|-sideend|p1: Juanjomaster|Stealth Rock|[from] move: Rapid Spin|[of] p1a: Kaseki\n|\n|upkeep\n|turn|10\n|\n|t:|1700419286\n|-end|p1a: Kaseki|Protosynthesis|[silent]\n|switch|p1a: Meto putazos|Slowking, M|100\/100\n|move|p2a: Grimmsnarl|Light Screen|p2a: Grimmsnarl\n|-sidestart|p2: darkizard|move: Light Screen\n|\n|upkeep\n|turn|11\n|\n|t:|1700419303\n|move|p2a: Grimmsnarl|Taunt|p1a: Meto putazos\n|-start|p1a: Meto putazos|move: Taunt\n|move|p1a: Meto putazos|Brick Break|p2a: Grimmsnarl\n|-sideend|p2: darkizard|Reflect\n|-sideend|p2: darkizard|move: Light Screen\n|-damage|p2a: Grimmsnarl|74\/100\n|\n|upkeep\n|turn|12\n|c|\u2606darkizard|a\n|c|\u2606Juanjomaster|no ment\u00ed\n|c|\u2606Juanjomaster|mete putazos\n|c| santysas|brick break JAJAJAJA\n|\n|t:|1700419355\n|switch|p2a: Forretress|Forretress, M|79\/100 slp\n|switch|p1a: Ikki|Murkrow, F|100\/100\n|\n|-heal|p2a: Forretress|86\/100 slp|[from] item: Leftovers\n|upkeep\n|turn|13\n|c| SilverKeith|Darki usa taunt y ambos a la vez est\u00e1n tipo \"si, todo de acuerdo al plan\"\n|l| SilverKeith\n|c|\u2606Juanjomaster|jsjsjs\n|\n|t:|1700419444\n|move|p1a: Ikki|Tailwind|p1a: Ikki\n|-sidestart|p1: Juanjomaster|move: Tailwind\n|-curestatus|p2a: Forretress|slp|[msg]\n|move|p2a: Forretress|Stealth Rock|p1a: Ikki\n|-sidestart|p1: Juanjomaster|move: Stealth Rock\n|\n|-heal|p2a: Forretress|92\/100|[from] item: Leftovers\n|upkeep\n|turn|14\n|j| SilverKeith\n|j| Pelotudinhos Clown\n|c| santysas|Tailwind full picado\n|\n|t:|1700419476\n|switch|p1a: Kaseki|Great Tusk|94\/100\n|-damage|p1a: Kaseki|91\/100|[from] Stealth Rock\n|move|p2a: Forretress|Explosion|p1a: Kaseki\n|-crit|p1a: Kaseki\n|-damage|p1a: Kaseki|33\/100\n|faint|p2a: Forretress\n|\n|upkeep\n|c| santysas|GOD\n|\n|t:|1700419488\n|switch|p2a: Crobat|Crobat, M|100\/100\n|turn|15\n|c| SilverKeith|C\u00f3mo aguanta esa mierda\n|c| SilverKeith|Decid\u00ed que odio a los 3\n|c| santysas|encima fue un crit jjjjj\n|c| SilverKeith|Y tambi\u00e9n a los tipo tierra en general\n|c| santysas|Pobre forretress\n|c| SilverKeith|8 fucking ground types\n|\n|t:|1700419546\n|-end|p1a: Kaseki|Protosynthesis|[silent]\n|switch|p1a: Meto putazos|Slowking, M|100\/100\n|-damage|p1a: Meto putazos|88\/100|[from] Stealth Rock\n|move|p2a: Crobat|Brave Bird|p1a: Meto putazos\n|-crit|p1a: Meto putazos\n|-damage|p1a: Meto putazos|0 fnt\n|faint|p1a: Meto putazos\n|-damage|p2a: Crobat|64\/100|[from] Recoil\n|\n|upkeep\n|c|\u2606Juanjomaster|alvvv\n|c| liza white|ostia\n|c| santysas|Mir\u00e1 esa skill\n|c| Pelotudinhos Clown|chale los criticos\n|c| santysas|tremendo putazo\n|\n|t:|1700419569\n|switch|p1a: El mas perr\u00f3n aqui|Entei|100\/100\n|-damage|p1a: El mas perr\u00f3n aqui|75\/100|[from] Stealth Rock\n|turn|16\n|c| SilverKeith|Hax de cr\u00edticos\n|\n|t:|1700419579\n|move|p1a: El mas perr\u00f3n aqui|Will-O-Wisp|p2a: Crobat|[miss]\n|-miss|p1a: El mas perr\u00f3n aqui|p2a: Crobat\n|move|p2a: Crobat|Brave Bird|p1a: El mas perr\u00f3n aqui\n|-damage|p1a: El mas perr\u00f3n aqui|6\/100\n|-damage|p2a: Crobat|35\/100|[from] Recoil\n|\n|-sideend|p1: Juanjomaster|move: Tailwind\n|upkeep\n|turn|17\n|c| santysas|Chale\n|c| santysas|Eso si que doli\u00f3\n|j| zereffu\n|c| zereffu|Llegu\u00e9 tarde chale\n|c| SilverKeith|Whiff o wisp\n|c| santysas|Creo que ese miss de willow fue mas decisivo que los crits anteriores juntos nopuedeser\n|c| santysas|Pero asi es el darki champagne God\n|c|\u2606darkizard|xdd\n|c|\u2606darkizard|aun no se como es esta cosa m\u00e1s rapida (?)\n|\n|t:|1700419717\n|move|p2a: Crobat|Brave Bird|p1a: El mas perr\u00f3n aqui\n|-damage|p1a: El mas perr\u00f3n aqui|0 fnt\n|faint|p1a: El mas perr\u00f3n aqui\n|-damage|p2a: Crobat|33\/100|[from] Recoil\n|\n|upkeep\n|c|\u2606darkizard|a, empata en speed, lmao\n|\n|t:|1700419751\n|switch|p1a: Ikki|Murkrow, F|100\/100\n|-damage|p1a: Ikki|75\/100|[from] Stealth Rock\n|turn|18\n|\n|t:|1700419756\n|move|p1a: Ikki|Thunder Wave|p2a: Crobat\n|-status|p2a: Crobat|par\n|move|p2a: Crobat|Brave Bird|p1a: Ikki\n|-damage|p1a: Ikki|0 fnt\n|faint|p1a: Ikki\n|-damage|p2a: Crobat|10\/100 par|[from] Recoil\n|\n|upkeep\n|\n|t:|1700419763\n|switch|p1a: Kaseki|Great Tusk|33\/100\n|-damage|p1a: Kaseki|30\/100|[from] Stealth Rock\n|turn|19\n|c| SilverKeith|C\u00f3mo que no ten\u00edas extremespeed\n|\n|t:|1700419767\n|move|p1a: Kaseki|Rapid Spin|p2a: Crobat\n|-damage|p2a: Crobat|0 fnt\n|-boost|p1a: Kaseki|spe|1\n|-sideend|p1: Juanjomaster|Stealth Rock|[from] move: Rapid Spin|[of] p1a: Kaseki\n|faint|p2a: Crobat\n|\n|upkeep\n|\n|t:|1700419773\n|switch|p2a: Grimmsnarl|Grimmsnarl, M|74\/100\n|turn|20\n|\n|t:|1700419777\n|-end|p1a: Kaseki|Protosynthesis|[silent]\n|switch|p1a: Nani|Smeargle, M|8\/100 brn\n|move|p2a: Grimmsnarl|Reflect|p2a: Grimmsnarl\n|-sidestart|p2: darkizard|Reflect\n|\n|-damage|p1a: Nani|2\/100 brn|[from] brn\n|upkeep\n|turn|21\n|\n|t:|1700419784\n|move|p2a: Grimmsnarl|Taunt|p1a: Nani\n|-start|p1a: Nani|move: Taunt\n|cant|p1a: Nani|move: Taunt|Healing Wish\n|\n|-damage|p1a: Nani|0 fnt|[from] brn\n|faint|p1a: Nani\n|upkeep\n|c|\u2606Juanjomaster|gg\n|\n|t:|1700419795\n|switch|p1a: Kaseki|Great Tusk|30\/100\n|turn|22\n|c| santysas|EFE\n|c| santysas|gg\n|\n|t:|1700419804\n|move|p2a: Grimmsnarl|Light Screen|p2a: Grimmsnarl\n|-sidestart|p2: darkizard|move: Light Screen\n|move|p1a: Kaseki|Rapid Spin|p2a: Grimmsnarl\n|-damage|p2a: Grimmsnarl|64\/100\n|-boost|p1a: Kaseki|spe|1\n|\n|upkeep\n|turn|23\n|c|\u2606darkizard|gg\n|\n|t:|1700419822\n|switch|p2a: Houndoom|Houndoom, M|100\/100\n|move|p1a: Kaseki|Bulk Up|p1a: Kaseki\n|-boost|p1a: Kaseki|atk|1\n|-boost|p1a: Kaseki|def|1\n|\n|upkeep\n|turn|24\n|c| santysas|Light screen por si ibas mixto sisisi\n|c| santysas|ooof ese cambio jugado\n|c|\u2606darkizard|ok, eso no lo esperaba, si no hubiera tauteado\n|\n|t:|1700419847\n|detailschange|p2a: Houndoom|Houndoom-Mega, M\n|-mega|p2a: Houndoom|Houndoom|Houndoominite\n|move|p1a: Kaseki|Earthquake|p2a: Houndoom\n|-supereffective|p2a: Houndoom\n|-damage|p2a: Houndoom|0 fnt\n|faint|p2a: Houndoom\n|\n|upkeep\n|\n|t:|1700419853\n|switch|p2a: Feraligatr|Feraligatr, M|100\/100\n|turn|25\n|c|\u2606Juanjomaster|uff\n|c| zereffu|Por\n|\n|t:|1700419864\n|move|p1a: Kaseki|Earthquake|p2a: Feraligatr\n|-damage|p2a: Feraligatr|55\/100\n|move|p2a: Feraligatr|Liquidation|p1a: Kaseki\n|-supereffective|p1a: Kaseki\n|-damage|p1a: Kaseki|0 fnt\n|faint|p1a: Kaseki\n|-end|p1a: Kaseki|Protosynthesis|[silent]\n|\n|win|darkizard\n|c|\u2606Juanjomaster|gg\n|c| santysas|ggs\n|c|\u2606darkizard|me asuste\n|c|\u2606darkizard|gg\n|c| zereffu|Gg a ambos\n|c| Pelotudinhos Clown|Gg\n|c| liza white|gg\n|c| SilverKeith|GG\n|c| santysas|Cursola God domando al regidrago\n|c| SilverKeith|La ca\u00edda del rey\n|c| SilverKeith|Regidrago a tu casa\n|c| santysas|y el Crobat banded hac\u00eda mucha pupa\n|c| zereffu|Se pico el team cachorrao\n","uploadtime":1700419915,"views":27,"p1id":"juanjomaster","p2id":"darkizard","formatid":"gen9nationaldex","rating":0,"private":0,"password":""}