{"id":"gen9nationaldex-1994478051","p1":"meganull","p2":"Pegas04forever","format":"[Gen 9] National Dex","log":"|j|\u2606meganull\n|j|\u2606Pegas04forever\n|t:|1700448552\n|gametype|singles\n|player|p1|meganull|170|1162\n|player|p2|Pegas04forever|backersf|1132\n|teamsize|p1|6\n|teamsize|p2|6\n|gen|9\n|tier|[Gen 9] National Dex\n|rated|\n|rule|HP Percentage Mod: HP is shown in percentages\n|rule|Endless Battle Clause: Forcing endless battles is banned\n|rule|OHKO Clause: OHKO moves are banned\n|rule|Evasion Clause: Evasion abilities, items, and moves are banned\n|rule|Evasion Abilities Clause: Evasion abilities are banned\n|rule|Evasion Items Clause: Evasion items are banned\n|rule|Evasion Moves Clause: Evasion moves are banned\n|rule|Species Clause: Limit one of each Pok\u00e9mon\n|rule|Sleep Clause Mod: Limit one foe put to sleep\n|clearpoke\n|poke|p1|Samurott-Hisui, F|\n|poke|p1|Kartana|\n|poke|p1|Aegislash, M|\n|poke|p1|Ceruledge, M|\n|poke|p1|Iron Valiant|\n|poke|p1|Bisharp, F|\n|poke|p2|Mamoswine, F|\n|poke|p2|Diggersby, F|\n|poke|p2|Toedscruel, M|\n|poke|p2|Gastrodon, F|\n|poke|p2|Clodsire, F|\n|poke|p2|Dugtrio-Alola, F|\n|teampreview\n|\n|t:|1700448571\n|start\n|switch|p1a: Bisharp|Bisharp, F, shiny|100\/100\n|switch|p2a: Puppy|Clodsire, F|100\/100\n|turn|1\n|\n|t:|1700448577\n|move|p1a: Bisharp|Stealth Rock|p2a: Puppy\n|-sidestart|p2: Pegas04forever|move: Stealth Rock\n|move|p2a: Puppy|Stealth Rock|p1a: Bisharp\n|-sidestart|p1: meganull|move: Stealth Rock\n|\n|upkeep\n|turn|2\n|\n|t:|1700448581\n|move|p1a: Bisharp|Swords Dance|p1a: Bisharp\n|-boost|p1a: Bisharp|atk|2\n|move|p2a: Puppy|Spikes|p1a: Bisharp\n|-sidestart|p1: meganull|Spikes\n|\n|upkeep\n|turn|3\n|\n|t:|1700448587\n|move|p1a: Bisharp|Swords Dance|p1a: Bisharp\n|-boost|p1a: Bisharp|atk|2\n|move|p2a: Puppy|Spikes|p1a: Bisharp\n|-sidestart|p1: meganull|Spikes\n|\n|upkeep\n|turn|4\n|\n|t:|1700448590\n|move|p1a: Bisharp|Iron Head|p2a: Puppy\n|-damage|p2a: Puppy|69\/100\n|cant|p2a: Puppy|flinch\n|\n|-heal|p2a: Puppy|75\/100|[from] item: Black Sludge\n|upkeep\n|turn|5\n|\n|t:|1700448595\n|move|p1a: Bisharp|Iron Head|p2a: Puppy\n|-damage|p2a: Puppy|41\/100\n|move|p2a: Puppy|Spikes|p1a: Bisharp\n|-sidestart|p1: meganull|Spikes\n|\n|-heal|p2a: Puppy|47\/100|[from] item: Black Sludge\n|upkeep\n|turn|6\n|\n|t:|1700448600\n|move|p1a: Bisharp|Iron Head|p2a: Puppy\n|-damage|p2a: Puppy|14\/100\n|move|p2a: Puppy|Recover|p2a: Puppy\n|-heal|p2a: Puppy|64\/100\n|\n|-heal|p2a: Puppy|70\/100|[from] item: Black Sludge\n|upkeep\n|turn|7\n|inactive|Battle timer is ON: inactive players will automatically lose when time's up. (requested by Pegas04forever)\n|\n|t:|1700448642\n|switch|p2a: Divas del pop|Dugtrio-Alola, F|100\/100\n|move|p1a: Bisharp|Swords Dance|p1a: Bisharp\n|-boost|p1a: Bisharp|atk|2\n|\n|upkeep\n|turn|8\n|\n|t:|1700448649\n|move|p1a: Bisharp|Sucker Punch|p2a: Divas del pop\n|-damage|p2a: Divas del pop|0 fnt\n|-ability|p2a: Divas del pop|Tangling Hair\n|-unboost|p1a: Bisharp|spe|1\n|-boost|p1a: Bisharp|atk|0\n|faint|p2a: Divas del pop\n|\n|upkeep\n|\n|t:|1700448663\n|switch|p2a: Manfred|Mamoswine, F|100\/100\n|-damage|p2a: Manfred|88\/100|[from] Stealth Rock\n|turn|9\n|\n|t:|1700448668\n|move|p1a: Bisharp|Iron Head|p2a: Manfred\n|-supereffective|p2a: Manfred\n|-damage|p2a: Manfred|0 fnt\n|faint|p2a: Manfred\n|\n|upkeep\n|\n|t:|1700448676\n|switch|p2a: Puppy|Clodsire, F|70\/100\n|-damage|p2a: Puppy|64\/100|[from] Stealth Rock\n|turn|10\n|\n|t:|1700448681\n|move|p1a: Bisharp|Iron Head|p2a: Puppy\n|-damage|p2a: Puppy|29\/100\n|move|p2a: Puppy|Recover|p2a: Puppy\n|-heal|p2a: Puppy|79\/100\n|\n|-heal|p2a: Puppy|86\/100|[from] item: Black Sludge\n|upkeep\n|turn|11\n|\n|t:|1700448685\n|move|p1a: Bisharp|Iron Head|p2a: Puppy\n|-damage|p2a: Puppy|53\/100\n|move|p2a: Puppy|Poison Jab|p1a: Bisharp\n|-immune|p1a: Bisharp\n|\n|-heal|p2a: Puppy|59\/100|[from] item: Black Sludge\n|upkeep\n|turn|12\n|\n|t:|1700448695\n|switch|p2a: Viaje astral|Toedscruel, M|100\/100\n|move|p1a: Bisharp|Iron Head|p2a: Viaje astral\n|-damage|p2a: Viaje astral|0 fnt\n|faint|p2a: Viaje astral\n|\n|upkeep\n|\n|t:|1700448701\n|switch|p2a: Bunnycum|Diggersby, F, shiny|100\/100\n|-damage|p2a: Bunnycum|94\/100|[from] Stealth Rock\n|turn|13\n|\n|t:|1700448707\n|move|p1a: Bisharp|Sucker Punch|p2a: Bunnycum\n|-damage|p2a: Bunnycum|0 fnt\n|faint|p2a: Bunnycum\n|\n|upkeep\n|\n|t:|1700448710\n|switch|p2a: Scoop|Gastrodon, F|100\/100\n|-damage|p2a: Scoop|94\/100|[from] Stealth Rock\n|turn|14\n|\n|t:|1700448714\n|move|p1a: Bisharp|Iron Head|p2a: Scoop\n|-resisted|p2a: Scoop\n|-damage|p2a: Scoop|42\/100\n|cant|p2a: Scoop|flinch\n|\n|-heal|p2a: Scoop|48\/100|[from] item: Leftovers\n|upkeep\n|turn|15\n|\n|t:|1700448719\n|move|p1a: Bisharp|Iron Head|p2a: Scoop\n|-resisted|p2a: Scoop\n|-damage|p2a: Scoop|0 fnt\n|faint|p2a: Scoop\n|\n|upkeep\n|\n|t:|1700448721\n|switch|p2a: Puppy|Clodsire, F|59\/100\n|-damage|p2a: Puppy|53\/100|[from] Stealth Rock\n|turn|16\n|\n|t:|1700448728\n|move|p1a: Bisharp|Iron Head|p2a: Puppy\n|-damage|p2a: Puppy|22\/100\n|cant|p2a: Puppy|flinch\n|\n|-heal|p2a: Puppy|29\/100|[from] item: Black Sludge\n|upkeep\n|turn|17\n|\n|t:|1700448738\n|move|p1a: Bisharp|Iron Head|p2a: Puppy\n|-damage|p2a: Puppy|0 fnt\n|faint|p2a: Puppy\n|\n|win|meganull\n|raw|meganull's rating: 1162 &rarr; <strong>1185<\/strong><br \/>(+23 for winning)\n|raw|Pegas04forever's rating: 1132 &rarr; <strong>1109<\/strong><br \/>(-23 for losing)\n|l|\u2606Pegas04forever\n","uploadtime":1700448753,"views":8,"p1id":"meganull","p2id":"pegas04forever","formatid":"gen9nationaldex","rating":1109,"private":0,"password":""}