{"id":"gen9nationaldex-1991796527","p1":"bubulangte","p2":"Blake-Mamba","format":"[Gen 9] National Dex","log":"|j|\u2606bubulangte\n|j|\u2606Blake-Mamba\n|t:|1700119028\n|gametype|singles\n|player|p1|bubulangte|clair|1453\n|player|p2|Blake-Mamba|juan|1407\n|teamsize|p1|6\n|teamsize|p2|6\n|gen|9\n|tier|[Gen 9] National Dex\n|rated|\n|rule|HP Percentage Mod: HP is shown in percentages\n|rule|Endless Battle Clause: Forcing endless battles is banned\n|rule|OHKO Clause: OHKO moves are banned\n|rule|Evasion Clause: Evasion abilities, items, and moves are banned\n|rule|Evasion Abilities Clause: Evasion abilities are banned\n|rule|Evasion Items Clause: Evasion items are banned\n|rule|Evasion Moves Clause: Evasion moves are banned\n|rule|Species Clause: Limit one of each Pok\u00e9mon\n|rule|Sleep Clause Mod: Limit one foe put to sleep\n|clearpoke\n|poke|p1|Weavile, F|\n|poke|p1|Sneasler, F|\n|poke|p1|Volcanion|\n|poke|p1|Landorus-Therian, M|\n|poke|p1|Diancie|\n|poke|p1|Ogerpon-Wellspring, F|\n|poke|p2|Galvantula, M|\n|poke|p2|Serperior, M|\n|poke|p2|Volcarona, M|\n|poke|p2|Carracosta, M|\n|poke|p2|Archeops, M|\n|poke|p2|Golurk|\n|teampreview\n|inactive|Battle timer is ON: inactive players will automatically lose when time's up. (requested by bubulangte)\n|\n|t:|1700119038\n|start\n|switch|p1a: Landorus|Landorus-Therian, M|100\/100\n|switch|p2a: Galvantula|Galvantula, M|100\/100\n|-ability|p1a: Landorus|Intimidate|boost\n|-unboost|p2a: Galvantula|atk|1\n|turn|1\n|\n|t:|1700119046\n|move|p2a: Galvantula|Sticky Web|p1a: Landorus\n|-sidestart|p1: bubulangte|move: Sticky Web\n|move|p1a: Landorus|Earthquake|p2a: Galvantula\n|-damage|p2a: Galvantula|10\/100\n|\n|upkeep\n|turn|2\n|\n|t:|1700119057\n|move|p2a: Galvantula|Giga Drain|p1a: Landorus\n|-crit|p1a: Landorus\n|-damage|p1a: Landorus|65\/100\n|-heal|p2a: Galvantula|33\/100|[from] drain|[of] p1a: Landorus\n|move|p1a: Landorus|Toxic|p2a: Galvantula\n|-status|p2a: Galvantula|tox\n|\n|-damage|p2a: Galvantula|27\/100 tox|[from] psn\n|upkeep\n|turn|3\n|\n|t:|1700119067\n|move|p2a: Galvantula|Giga Drain|p1a: Landorus\n|-damage|p1a: Landorus|42\/100\n|-heal|p2a: Galvantula|43\/100 tox|[from] drain|[of] p1a: Landorus\n|move|p1a: Landorus|Stealth Rock|p2a: Galvantula\n|-sidestart|p2: Blake-Mamba|move: Stealth Rock\n|\n|-damage|p2a: Galvantula|31\/100 tox|[from] psn\n|upkeep\n|turn|4\n|\n|t:|1700119075\n|move|p2a: Galvantula|Giga Drain|p1a: Landorus\n|-damage|p1a: Landorus|17\/100\n|-heal|p2a: Galvantula|48\/100 tox|[from] drain|[of] p1a: Landorus\n|move|p1a: Landorus|Earthquake|p2a: Galvantula\n|-damage|p2a: Galvantula|0 fnt\n|faint|p2a: Galvantula\n|\n|upkeep\n|\n|t:|1700119084\n|switch|p2a: Serperior|Serperior, M|100\/100\n|-damage|p2a: Serperior|88\/100|[from] Stealth Rock\n|turn|5\n|\n|t:|1700119093\n|move|p2a: Serperior|Leaf Storm|p1a: Landorus\n|-damage|p1a: Landorus|0 fnt\n|-boost|p2a: Serperior|spa|2\n|faint|p1a: Landorus\n|-damage|p2a: Serperior|78\/100|[from] item: Life Orb\n|\n|upkeep\n|\n|t:|1700119098\n|switch|p1a: coke\u8001\u5f1f|Weavile, F|100\/100\n|-activate|p1a: coke\u8001\u5f1f|move: Sticky Web\n|-unboost|p1a: coke\u8001\u5f1f|spe|1\n|turn|6\n|\n|t:|1700119112\n|move|p2a: Serperior|Leaf Storm|p1a: coke\u8001\u5f1f\n|-crit|p1a: coke\u8001\u5f1f\n|-enditem|p1a: coke\u8001\u5f1f|Focus Sash\n|-damage|p1a: coke\u8001\u5f1f|1\/100\n|-boost|p2a: Serperior|spa|2\n|-damage|p2a: Serperior|68\/100|[from] item: Life Orb\n|move|p1a: coke\u8001\u5f1f|Triple Axel|p2a: Serperior\n|-supereffective|p2a: Serperior\n|-damage|p2a: Serperior|41\/100\n|-supereffective|p2a: Serperior\n|-damage|p2a: Serperior|0 fnt\n|faint|p2a: Serperior\n|-hitcount|p2: Serperior|2\n|\n|upkeep\n|\n|t:|1700119128\n|switch|p2a: Archeops|Archeops, M|100\/100\n|-damage|p2a: Archeops|76\/100|[from] Stealth Rock\n|turn|7\n|\n|t:|1700119142\n|move|p1a: coke\u8001\u5f1f|Ice Shard|p2a: Archeops\n|-supereffective|p2a: Archeops\n|-damage|p2a: Archeops|9\/100\n|move|p2a: Archeops|Dual Wingbeat|p1a: coke\u8001\u5f1f\n|-damage|p1a: coke\u8001\u5f1f|0 fnt\n|faint|p1a: coke\u8001\u5f1f\n|-hitcount|p1: coke\u8001\u5f1f|1\n|\n|upkeep\n|\n|t:|1700119160\n|switch|p1a: Volcanion|Volcanion|100\/100\n|turn|8\n|\n|t:|1700119168\n|-terastallize|p1a: Volcanion|Ground\n|move|p2a: Archeops|Dual Wingbeat|p1a: Volcanion\n|-damage|p1a: Volcanion|86\/100\n|-damage|p1a: Volcanion|71\/100\n|-hitcount|p1a: Volcanion|2\n|move|p1a: Volcanion|Defog|p2a: Archeops\n|-unboost|p2a: Archeops|evasion|1\n|-sideend|p2: Blake-Mamba|Stealth Rock|[from] move: Defog|[of] p1a: Volcanion\n|-sideend|p1: bubulangte|Sticky Web|[from] move: Defog|[of] p1a: Volcanion\n|\n|upkeep\n|turn|9\n|\n|t:|1700119178\n|move|p2a: Archeops|Dual Wingbeat|p1a: Volcanion\n|-damage|p1a: Volcanion|57\/100\n|-damage|p1a: Volcanion|42\/100\n|-hitcount|p1a: Volcanion|2\n|move|p1a: Volcanion|Flamethrower|p2a: Archeops\n|-resisted|p2a: Archeops\n|-damage|p2a: Archeops|0 fnt\n|faint|p2a: Archeops\n|\n|upkeep\n|\n|t:|1700119188\n|switch|p2a: Volcarona|Volcarona, M|100\/100\n|turn|10\n|\n|t:|1700119211\n|move|p2a: Volcarona|Quiver Dance|p2a: Volcarona\n|-boost|p2a: Volcarona|spa|1\n|-boost|p2a: Volcarona|spd|1\n|-boost|p2a: Volcarona|spe|1\n|move|p1a: Volcanion|Steam Eruption|p2a: Volcarona\n|-supereffective|p2a: Volcarona\n|-damage|p2a: Volcarona|41\/100\n|\n|upkeep\n|turn|11\n|\n|t:|1700119219\n|-terastallize|p2a: Volcarona|Grass\n|move|p2a: Volcarona|Quiver Dance|p2a: Volcarona\n|-boost|p2a: Volcarona|spa|1\n|-boost|p2a: Volcarona|spd|1\n|-boost|p2a: Volcarona|spe|1\n|move|p1a: Volcanion|Steam Eruption|p2a: Volcarona\n|-resisted|p2a: Volcarona\n|-damage|p2a: Volcarona|31\/100\n|\n|upkeep\n|turn|12\n|\n|t:|1700119229\n|move|p2a: Volcarona|Giga Drain|p1a: Volcanion\n|-supereffective|p1a: Volcanion\n|-damage|p1a: Volcanion|0 fnt\n|-heal|p2a: Volcarona|51\/100|[from] drain|[of] p1a: Volcanion\n|faint|p1a: Volcanion\n|\n|upkeep\n|\n|t:|1700119241\n|switch|p1a: coke|Sneasler, F|100\/100\n|-item|p1a: coke|Air Balloon\n|turn|13\n|\n|t:|1700119246\n|move|p2a: Volcarona|Fiery Dance|p1a: coke\n|-crit|p1a: coke\n|-damage|p1a: coke|0 fnt\n|-boost|p2a: Volcarona|spa|1\n|-enditem|p1a: coke|Air Balloon\n|faint|p1a: coke\n|\n|upkeep\n|inactive|bubulangte has 120 seconds left.\n|l|\u2606bubulangte\n|inactive|bubulangte disconnected and has a minute to reconnect!\n|player|p1|\n|c|\u2606Blake-Mamba|Gg\n|inactive|bubulangte has 30 seconds to reconnect!\n|inactive|bubulangte has 20 seconds to reconnect!\n|inactive|bubulangte has 15 seconds to reconnect!\n|inactive|bubulangte has 10 seconds to reconnect!\n|inactive|bubulangte has 5 seconds to reconnect!\n|-message|bubulangte lost due to inactivity.\n|\n|win|Blake-Mamba\n|raw|bubulangte's rating: 1453 &rarr; <strong>1430<\/strong><br \/>(-23 for losing)\n|raw|Blake-Mamba's rating: 1407 &rarr; <strong>1430<\/strong><br \/>(+23 for winning)\n","uploadtime":1700119342,"views":6,"p1id":"bubulangte","p2id":"blakemamba","formatid":"gen9nationaldex","rating":1430,"private":0,"password":""}