{"id":"gen9nationaldex-1998270448","p1":"Terrtia","p2":"ashXYZmoments","format":"[Gen 9] National Dex","log":"|html|<div class=\"broadcast-blue\"><strong>[Gen 9] National Dex is currently suspecting Sneasler! For information on how to participate check out the <a href=\"https:\/\/www.smogon.com\/forums\/threads\/sv-national-dex-suspect-8-just-dance.3731534\/\">suspect thread<\/a>.<\/strong><\/div>\n|j|\u2606Terrtia\n|j|\u2606ashXYZmoments\n|t:|1700922746\n|gametype|singles\n|player|p1|Terrtia|102|1279\n|player|p2|ashXYZmoments|emmet|1185\n|teamsize|p1|6\n|teamsize|p2|6\n|gen|9\n|tier|[Gen 9] National Dex\n|rated|\n|rule|HP Percentage Mod: HP is shown in percentages\n|rule|Endless Battle Clause: Forcing endless battles is banned\n|rule|OHKO Clause: OHKO moves are banned\n|rule|Evasion Clause: Evasion abilities, items, and moves are banned\n|rule|Evasion Abilities Clause: Evasion abilities are banned\n|rule|Evasion Items Clause: Evasion items are banned\n|rule|Evasion Moves Clause: Evasion moves are banned\n|rule|Species Clause: Limit one of each Pok\u00e9mon\n|rule|Sleep Clause Mod: Limit one foe put to sleep\n|clearpoke\n|poke|p1|Mawile, M|\n|poke|p1|Marowak-Alola, F|\n|poke|p1|Hatterene, F|\n|poke|p1|Cresselia, F|\n|poke|p1|Porygon2|\n|poke|p1|Ursaluna, M|\n|poke|p2|Slowking-Galar, F|\n|poke|p2|Iron Moth|\n|poke|p2|Torkoal, F|\n|poke|p2|Ribombee, F|\n|poke|p2|Quaquaval, M|\n|poke|p2|Tapu Koko|\n|teampreview\n|inactive|Battle timer is ON: inactive players will automatically lose when time's up. (requested by ashXYZmoments)\n|\n|t:|1700922751\n|start\n|switch|p1a: Hatterene|Hatterene, F|100\/100\n|switch|p2a: Slowking|Slowking-Galar, F|100\/100\n|turn|1\n|\n|t:|1700922759\n|move|p2a: Slowking|Sludge Bomb|p1a: Hatterene\n|-supereffective|p1a: Hatterene\n|-crit|p1a: Hatterene\n|-enditem|p1a: Hatterene|Focus Sash\n|-damage|p1a: Hatterene|1\/100\n|-status|p1a: Hatterene|psn\n|move|p1a: Hatterene|Trick Room|p1a: Hatterene\n|-fieldstart|move: Trick Room|[of] p1a: Hatterene\n|\n|-damage|p1a: Hatterene|0 fnt|[from] psn\n|faint|p1a: Hatterene\n|upkeep\n|\n|t:|1700922774\n|switch|p1a: Ursaluna|Ursaluna, M|100\/100\n|turn|2\n|\n|t:|1700922780\n|move|p1a: Ursaluna|Swords Dance|p1a: Ursaluna\n|-boost|p1a: Ursaluna|atk|2\n|move|p2a: Slowking|Future Sight|p1a: Ursaluna\n|-start|p2a: Slowking|move: Future Sight\n|\n|-status|p1a: Ursaluna|brn|[from] item: Flame Orb\n|upkeep\n|turn|3\n|\n|t:|1700922788\n|-terastallize|p1a: Ursaluna|Normal\n|move|p1a: Ursaluna|Facade|p2a: Slowking\n|-damage|p2a: Slowking|0 fnt\n|faint|p2a: Slowking\n|\n|-damage|p1a: Ursaluna|94\/100 brn|[from] brn\n|upkeep\n|\n|t:|1700922799\n|switch|p2a: Tapu Koko|Tapu Koko, shiny|100\/100\n|-fieldstart|move: Electric Terrain|[from] ability: Electric Surge|[of] p2a: Tapu Koko\n|turn|4\n|\n|t:|1700922804\n|move|p1a: Ursaluna|Facade|p2a: Tapu Koko\n|-damage|p2a: Tapu Koko|0 fnt\n|faint|p2a: Tapu Koko\n|\n|-end|p1a: Ursaluna|move: Future Sight\n|-damage|p1a: Ursaluna|42\/100 brn\n|-damage|p1a: Ursaluna|36\/100 brn|[from] brn\n|upkeep\n|\n|t:|1700922811\n|switch|p2a: Ribombee|Ribombee, F|100\/100\n|turn|5\n|\n|t:|1700922816\n|move|p1a: Ursaluna|Facade|p2a: Ribombee\n|-enditem|p2a: Ribombee|Focus Sash\n|-damage|p2a: Ribombee|1\/100\n|move|p2a: Ribombee|Sticky Web|p1a: Ursaluna\n|-sidestart|p1: Terrtia|move: Sticky Web\n|\n|-damage|p1a: Ursaluna|30\/100 brn|[from] brn\n|-fieldend|move: Trick Room\n|upkeep\n|turn|6\n|\n|t:|1700922827\n|move|p2a: Ribombee|Moonblast|p1a: Ursaluna\n|-damage|p1a: Ursaluna|0 fnt\n|faint|p1a: Ursaluna\n|\n|upkeep\n|\n|t:|1700922833\n|switch|p1a: Cresselia|Cresselia, F|100\/100\n|turn|7\n|\n|t:|1700922839\n|move|p2a: Ribombee|Stun Spore|p1a: Cresselia\n|-status|p1a: Cresselia|par\n|move|p1a: Cresselia|Psychic|p2a: Ribombee\n|-damage|p2a: Ribombee|0 fnt\n|faint|p2a: Ribombee\n|\n|upkeep\n|\n|t:|1700922844\n|switch|p2a: Torkoal|Torkoal, F|100\/100\n|-weather|SunnyDay|[from] ability: Drought|[of] p2a: Torkoal\n|turn|8\n|\n|t:|1700922851\n|move|p2a: Torkoal|Stealth Rock|p1a: Cresselia\n|-sidestart|p1: Terrtia|move: Stealth Rock\n|cant|p1a: Cresselia|par\n|\n|-weather|SunnyDay|[upkeep]\n|-fieldend|move: Electric Terrain\n|upkeep\n|turn|9\n|\n|t:|1700922858\n|move|p2a: Torkoal|Eruption|p1a: Cresselia\n|-damage|p1a: Cresselia|56\/100 par\n|move|p1a: Cresselia|Trick Room|p1a: Cresselia\n|-fieldstart|move: Trick Room|[of] p1a: Cresselia\n|\n|-weather|SunnyDay|[upkeep]\n|upkeep\n|turn|10\n|\n|t:|1700922872\n|move|p2a: Torkoal|Eruption|p1a: Cresselia\n|-damage|p1a: Cresselia|8\/100 par\n|move|p1a: Cresselia|Lunar Dance|p1a: Cresselia\n|faint|p1a: Cresselia\n|\n|-weather|SunnyDay|[upkeep]\n|upkeep\n|\n|t:|1700922895\n|switch|p1a: Marowak|Marowak-Alola, F|100\/100\n|-activate|p1a: Marowak|move: Sticky Web\n|-unboost|p1a: Marowak|spe|1\n|-damage|p1a: Marowak|75\/100|[from] Stealth Rock\n|turn|11\n|\n|t:|1700922908\n|move|p1a: Marowak|Poltergeist|p2a: Torkoal|[miss]\n|-miss|p1a: Marowak|p2a: Torkoal\n|move|p2a: Torkoal|Earthquake|p1a: Marowak\n|-supereffective|p1a: Marowak\n|-damage|p1a: Marowak|38\/100\n|\n|-weather|SunnyDay|[upkeep]\n|upkeep\n|turn|12\n|\n|t:|1700922917\n|move|p1a: Marowak|Poltergeist|p2a: Torkoal\n|-activate|p2a: Torkoal|move: Poltergeist|Heat Rock\n|-damage|p2a: Torkoal|46\/100\n|move|p2a: Torkoal|Earthquake|p1a: Marowak\n|-supereffective|p1a: Marowak\n|-damage|p1a: Marowak|0 fnt\n|faint|p1a: Marowak\n|\n|-weather|SunnyDay|[upkeep]\n|upkeep\n|\n|t:|1700922928\n|switch|p1a: Porygon2|Porygon2|100\/100\n|-activate|p1a: Porygon2|move: Sticky Web\n|-unboost|p1a: Porygon2|spe|1\n|-damage|p1a: Porygon2|88\/100|[from] Stealth Rock\n|-ability|p1a: Porygon2|Drought|[from] ability: Trace|[of] p2a: Torkoal\n|turn|13\n|\n|t:|1700922939\n|move|p2a: Torkoal|Eruption|p1a: Porygon2\n|-damage|p1a: Porygon2|69\/100\n|move|p1a: Porygon2|Trick Room|p1a: Porygon2\n|-fieldend|move: Trick Room\n|\n|-weather|SunnyDay|[upkeep]\n|upkeep\n|turn|14\n|\n|t:|1700922954\n|move|p2a: Torkoal|Eruption|p1a: Porygon2\n|-damage|p1a: Porygon2|52\/100\n|move|p1a: Porygon2|Trick Room|p1a: Porygon2\n|-fieldstart|move: Trick Room|[of] p1a: Porygon2\n|\n|-weather|SunnyDay|[upkeep]\n|upkeep\n|turn|15\n|\n|t:|1700922964\n|move|p2a: Torkoal|Eruption|p1a: Porygon2\n|-damage|p1a: Porygon2|33\/100\n|move|p1a: Porygon2|Teleport|p1a: Porygon2\n|\n|t:|1700922969\n|switch|p1a: Mawile|Mawile, M|100\/100|[from] Teleport\n|-activate|p1a: Mawile|move: Sticky Web\n|-unboost|p1a: Mawile|spe|1\n|-damage|p1a: Mawile|95\/100|[from] Stealth Rock\n|-ability|p1a: Mawile|Intimidate|boost\n|-unboost|p2a: Torkoal|atk|1\n|\n|-weather|none\n|upkeep\n|turn|16\n|\n|t:|1700922982\n|detailschange|p1a: Mawile|Mawile-Mega, M\n|-mega|p1a: Mawile|Mawile|Mawilite\n|move|p2a: Torkoal|Eruption|p1a: Mawile\n|-supereffective|p1a: Mawile\n|-damage|p1a: Mawile|47\/100\n|move|p1a: Mawile|Play Rough|p2a: Torkoal\n|-resisted|p2a: Torkoal\n|-damage|p2a: Torkoal|20\/100\n|\n|upkeep\n|turn|17\n|\n|t:|1700922995\n|move|p1a: Mawile|Sucker Punch|p2a: Torkoal\n|-damage|p2a: Torkoal|0 fnt\n|faint|p2a: Torkoal\n|\n|upkeep\n|\n|t:|1700923000\n|switch|p2a: Quaquaval|Quaquaval, M|100\/100\n|turn|18\n|\n|t:|1700923005\n|switch|p2a: Iron Moth|Iron Moth|100\/100\n|move|p1a: Mawile|Play Rough|p2a: Iron Moth\n|-resisted|p2a: Iron Moth\n|-damage|p2a: Iron Moth|62\/100\n|\n|-heal|p2a: Iron Moth|68\/100|[from] item: Leftovers\n|-fieldend|move: Trick Room\n|upkeep\n|turn|19\n|\n|t:|1700923021\n|-terastallize|p2a: Iron Moth|Fire\n|move|p1a: Mawile|Sucker Punch|p2a: Iron Moth\n|-damage|p2a: Iron Moth|0 fnt\n|faint|p2a: Iron Moth\n|-end|p2a: Iron Moth|Quark Drive|[silent]\n|\n|upkeep\n|\n|t:|1700923027\n|switch|p2a: Quaquaval|Quaquaval, M|100\/100\n|turn|20\n|\n|t:|1700923031\n|switch|p1a: Porygon2|Porygon2|33\/100\n|-heal|p1a: Porygon2|100\/100|[from] move: Lunar Dance\n|-activate|p1a: Porygon2|move: Sticky Web\n|-unboost|p1a: Porygon2|spe|1\n|-damage|p1a: Porygon2|88\/100|[from] Stealth Rock\n|-ability|p1a: Porygon2|Moxie|[from] ability: Trace|[of] p2a: Quaquaval\n|move|p2a: Quaquaval|Aqua Step|p1a: Porygon2\n|-damage|p1a: Porygon2|57\/100\n|-boost|p2a: Quaquaval|spe|1\n|\n|upkeep\n|turn|21\n|\n|t:|1700923045\n|move|p2a: Quaquaval|Aqua Step|p1a: Porygon2\n|-damage|p1a: Porygon2|27\/100\n|-boost|p2a: Quaquaval|spe|1\n|move|p1a: Porygon2|Trick Room|p1a: Porygon2\n|-fieldstart|move: Trick Room|[of] p1a: Porygon2\n|\n|upkeep\n|turn|22\n|\n|t:|1700923055\n|move|p1a: Porygon2|Thunderbolt|p2a: Quaquaval\n|-supereffective|p2a: Quaquaval\n|-damage|p2a: Quaquaval|43\/100\n|move|p2a: Quaquaval|Aqua Step|p1a: Porygon2\n|-damage|p1a: Porygon2|0 fnt\n|-boost|p2a: Quaquaval|spe|1\n|faint|p1a: Porygon2\n|-ability|p2a: Quaquaval|Moxie|boost\n|-boost|p2a: Quaquaval|atk|1\n|\n|upkeep\n|\n|t:|1700923066\n|switch|p1a: Mawile|Mawile-Mega, M|47\/100\n|-activate|p1a: Mawile|move: Sticky Web\n|-unboost|p1a: Mawile|spe|1\n|-damage|p1a: Mawile|41\/100|[from] Stealth Rock\n|turn|23\n|\n|t:|1700923074\n|move|p1a: Mawile|Play Rough|p2a: Quaquaval\n|-supereffective|p2a: Quaquaval\n|-damage|p2a: Quaquaval|0 fnt\n|faint|p2a: Quaquaval\n|\n|win|Terrtia\n|raw|Terrtia's rating: 1279 &rarr; <strong>1297<\/strong><br \/>(+18 for winning)\n|raw|ashXYZmoments's rating: 1185 &rarr; <strong>1167<\/strong><br \/>(-18 for losing)\n|l|\u2606ashXYZmoments\n","uploadtime":1700923093,"views":3,"p1id":"terrtia","p2id":"ashxyzmoments","formatid":"gen9nationaldex","rating":1167,"private":0,"password":""}