{"id":"gen9nationaldex-1999170899","p1":"kamoolah","p2":"Saltator","format":"[Gen 9] National Dex","log":"|html|<div class=\"broadcast-blue\"><strong>[Gen 9] National Dex is currently suspecting Sneasler! For information on how to participate check out the <a href=\"https:\/\/www.smogon.com\/forums\/threads\/sv-national-dex-suspect-8-just-dance.3731534\/\">suspect thread<\/a>.<\/strong><\/div>\n|j|\u2606kamoolah\n|j|\u2606Saltator\n|t:|1701041041\n|gametype|singles\n|player|p1|kamoolah|pokemaniac|1371\n|player|p2|Saltator|ghetsis|1327\n|teamsize|p1|6\n|teamsize|p2|6\n|gen|9\n|tier|[Gen 9] National Dex\n|rated|\n|rule|HP Percentage Mod: HP is shown in percentages\n|rule|Endless Battle Clause: Forcing endless battles is banned\n|rule|OHKO Clause: OHKO moves are banned\n|rule|Evasion Clause: Evasion abilities, items, and moves are banned\n|rule|Evasion Abilities Clause: Evasion abilities are banned\n|rule|Evasion Items Clause: Evasion items are banned\n|rule|Evasion Moves Clause: Evasion moves are banned\n|rule|Species Clause: Limit one of each Pok\u00e9mon\n|rule|Sleep Clause Mod: Limit one foe put to sleep\n|clearpoke\n|poke|p1|Ditto|\n|poke|p1|Cofagrigus, F|\n|poke|p1|Lopunny, M|\n|poke|p1|Porygon-Z|\n|poke|p1|Excadrill, F|\n|poke|p1|Serperior, M|\n|poke|p2|Salazzle, F|\n|poke|p2|Magnemite, L1|\n|poke|p2|Probopass, L2, M|\n|poke|p2|Mandibuzz, F|\n|poke|p2|Nosepass, L1, M|\n|poke|p2|Tentacruel, M|\n|teampreview\n|c|\u2606kamoolah|uh oh\n|inactive|Battle timer is ON: inactive players will automatically lose when time's up. (requested by kamoolah)\n|\n|t:|1701041081\n|start\n|switch|p1a: Cofagrigus|Cofagrigus, F|100\/100\n|switch|p2a: Sh\ud83d\udca9tsquid|Tentacruel, M|100\/100\n|turn|1\n|\n|t:|1701041097\n|move|p2a: Sh\ud83d\udca9tsquid|Toxic|p1a: Cofagrigus\n|-status|p1a: Cofagrigus|tox\n|move|p1a: Cofagrigus|Will-O-Wisp|p2a: Sh\ud83d\udca9tsquid\n|-status|p2a: Sh\ud83d\udca9tsquid|brn\n|\n|-damage|p1a: Cofagrigus|95\/100 tox|[from] psn\n|-damage|p2a: Sh\ud83d\udca9tsquid|94\/100 brn|[from] brn\n|upkeep\n|turn|2\n|c|\u2606Saltator|this shouldn't be a challenge for you ngl\n|\n|t:|1701041103\n|switch|p1a: Excadrill|Excadrill, F|100\/100\n|-ability|p1a: Excadrill|Mold Breaker\n|move|p2a: Sh\ud83d\udca9tsquid|Knock Off|p1a: Excadrill\n|-damage|p1a: Excadrill|90\/100\n|-enditem|p1a: Excadrill|Focus Sash|[from] move: Knock Off|[of] p2a: Sh\ud83d\udca9tsquid\n|\n|-heal|p2a: Sh\ud83d\udca9tsquid|100\/100 brn|[from] item: Leftovers\n|-damage|p2a: Sh\ud83d\udca9tsquid|94\/100 brn|[from] brn\n|upkeep\n|turn|3\n|\n|t:|1701041107\n|move|p2a: Sh\ud83d\udca9tsquid|Scald|p1a: Excadrill\n|-supereffective|p1a: Excadrill\n|-crit|p1a: Excadrill\n|-damage|p1a: Excadrill|0 fnt\n|faint|p1a: Excadrill\n|\n|-heal|p2a: Sh\ud83d\udca9tsquid|100\/100 brn|[from] item: Leftovers\n|-damage|p2a: Sh\ud83d\udca9tsquid|94\/100 brn|[from] brn\n|upkeep\n|\n|t:|1701041115\n|switch|p1a: Serperior|Serperior, M|100\/100\n|turn|4\n|\n|t:|1701041118\n|move|p1a: Serperior|Leaf Storm|p2a: Sh\ud83d\udca9tsquid\n|-damage|p2a: Sh\ud83d\udca9tsquid|57\/100 brn\n|-boost|p1a: Serperior|spa|2\n|move|p2a: Sh\ud83d\udca9tsquid|Toxic|p1a: Serperior\n|-status|p1a: Serperior|tox\n|\n|-heal|p2a: Sh\ud83d\udca9tsquid|63\/100 brn|[from] item: Leftovers\n|-damage|p1a: Serperior|94\/100 tox|[from] psn\n|-damage|p2a: Sh\ud83d\udca9tsquid|57\/100 brn|[from] brn\n|upkeep\n|turn|5\n|c|\u2606Saltator|nvm\n|\n|t:|1701041123\n|switch|p2a: Literally Level 1|Magnemite, L1|100\/100\n|move|p1a: Serperior|Leaf Storm|p2a: Literally Level 1\n|-resisted|p2a: Literally Level 1\n|-ability|p2a: Literally Level 1|Sturdy\n|-damage|p2a: Literally Level 1|10\/100\n|-boost|p1a: Serperior|spa|2\n|-enditem|p2a: Literally Level 1|Berry Juice\n|-heal|p2a: Literally Level 1|100\/100|[from] item: Berry Juice\n|\n|-heal|p1a: Serperior|100\/100 tox|[from] item: Leftovers\n|-damage|p1a: Serperior|88\/100 tox|[from] psn\n|upkeep\n|turn|6\n|\n|t:|1701041129\n|move|p2a: Literally Level 1|Protect|p2a: Literally Level 1\n|-singleturn|p2a: Literally Level 1|Protect\n|move|p1a: Serperior|Hidden Power|p2a: Literally Level 1\n|-activate|p2a: Literally Level 1|move: Protect\n|\n|-heal|p1a: Serperior|94\/100 tox|[from] item: Leftovers\n|-damage|p1a: Serperior|76\/100 tox|[from] psn\n|upkeep\n|turn|7\n|\n|t:|1701041132\n|move|p1a: Serperior|Hidden Power|p2a: Literally Level 1\n|-supereffective|p2a: Literally Level 1\n|-ability|p2a: Literally Level 1|Sturdy\n|-damage|p2a: Literally Level 1|10\/100\n|move|p2a: Literally Level 1|Recycle|p2a: Literally Level 1\n|-item|p2a: Literally Level 1|Berry Juice|[from] move: Recycle\n|-enditem|p2a: Literally Level 1|Berry Juice\n|-heal|p2a: Literally Level 1|100\/100|[from] item: Berry Juice\n|\n|-heal|p1a: Serperior|82\/100 tox|[from] item: Leftovers\n|-damage|p1a: Serperior|57\/100 tox|[from] psn\n|upkeep\n|turn|8\n|c|\u2606Saltator|nvm i got this\n|\n|t:|1701041140\n|switch|p1a: Cofagrigus|Cofagrigus, F|95\/100 tox\n|move|p2a: Literally Level 1|Recycle|p2a: Literally Level 1\n|-item|p2a: Literally Level 1|Berry Juice|[from] move: Recycle\n|\n|-damage|p1a: Cofagrigus|89\/100 tox|[from] psn\n|upkeep\n|turn|9\n|\n|t:|1701041145\n|switch|p2a: Sh\ud83d\udca9tsquid|Tentacruel, M|57\/100 brn\n|move|p1a: Cofagrigus|Will-O-Wisp|p2a: Sh\ud83d\udca9tsquid\n|-fail|p2a: Sh\ud83d\udca9tsquid|brn\n|\n|-heal|p2a: Sh\ud83d\udca9tsquid|63\/100 brn|[from] item: Leftovers\n|-damage|p1a: Cofagrigus|77\/100 tox|[from] psn\n|-damage|p2a: Sh\ud83d\udca9tsquid|57\/100 brn|[from] brn\n|upkeep\n|turn|10\n|\n|t:|1701041153\n|move|p2a: Sh\ud83d\udca9tsquid|Knock Off|p1a: Cofagrigus\n|-supereffective|p1a: Cofagrigus\n|-damage|p1a: Cofagrigus|65\/100 tox\n|-activate|p1a: Cofagrigus|ability: Mummy|Clear Body|[of] p2a: Sh\ud83d\udca9tsquid\n|-enditem|p1a: Cofagrigus|Custap Berry|[from] move: Knock Off|[of] p2a: Sh\ud83d\udca9tsquid\n|move|p1a: Cofagrigus|Hex|p2a: Sh\ud83d\udca9tsquid\n|-damage|p2a: Sh\ud83d\udca9tsquid|21\/100 brn\n|\n|-heal|p2a: Sh\ud83d\udca9tsquid|27\/100 brn|[from] item: Leftovers\n|-damage|p1a: Cofagrigus|48\/100 tox|[from] psn\n|-damage|p2a: Sh\ud83d\udca9tsquid|21\/100 brn|[from] brn\n|upkeep\n|turn|11\n|\n|t:|1701041161\n|move|p2a: Sh\ud83d\udca9tsquid|Toxic|p1a: Cofagrigus\n|-fail|p1a: Cofagrigus|tox\n|move|p1a: Cofagrigus|Hex|p2a: Sh\ud83d\udca9tsquid\n|-damage|p2a: Sh\ud83d\udca9tsquid|0 fnt\n|faint|p2a: Sh\ud83d\udca9tsquid\n|\n|-damage|p1a: Cofagrigus|24\/100 tox|[from] psn\n|upkeep\n|\n|t:|1701041163\n|switch|p2a: No Fun Allowed|Salazzle, F|100\/100\n|turn|12\n|\n|t:|1701041167\n|switch|p1a: Ditto|Ditto|100\/100\n|-transform|p1a: Ditto|p2a: No Fun Allowed|[from] ability: Imposter\n|move|p2a: No Fun Allowed|Substitute|p2a: No Fun Allowed\n|-start|p2a: No Fun Allowed|Substitute\n|-damage|p2a: No Fun Allowed|76\/100\n|\n|-heal|p2a: No Fun Allowed|82\/100|[from] item: Leftovers\n|upkeep\n|turn|13\n|\n|t:|1701041173\n|move|p2a: No Fun Allowed|Protect|p2a: No Fun Allowed\n|-singleturn|p2a: No Fun Allowed|Protect\n|move|p1a: Ditto|Flamethrower|p2a: No Fun Allowed\n|-activate|p2a: No Fun Allowed|move: Protect\n|\n|-heal|p2a: No Fun Allowed|88\/100|[from] item: Leftovers\n|upkeep\n|turn|14\n|\n|t:|1701041175\n|move|p1a: Ditto|Flamethrower|p2a: No Fun Allowed\n|-resisted|p2a: No Fun Allowed\n|-end|p2a: No Fun Allowed|Substitute\n|move|p2a: No Fun Allowed|Toxic|p1a: Ditto\n|-status|p1a: Ditto|tox\n|\n|-heal|p2a: No Fun Allowed|94\/100|[from] item: Leftovers\n|-damage|p1a: Ditto|94\/100 tox|[from] psn\n|upkeep\n|turn|15\n|inactive|kamoolah has 120 seconds left.\n|\n|t:|1701041210\n|switch|p1a: Lopunny|Lopunny, M|100\/100\n|move|p2a: No Fun Allowed|Substitute|p2a: No Fun Allowed\n|-start|p2a: No Fun Allowed|Substitute\n|-damage|p2a: No Fun Allowed|69\/100\n|\n|-heal|p2a: No Fun Allowed|75\/100|[from] item: Leftovers\n|upkeep\n|turn|16\n|\n|t:|1701041214\n|detailschange|p1a: Lopunny|Lopunny-Mega, M\n|-mega|p1a: Lopunny|Lopunny|Lopunnite\n|move|p2a: No Fun Allowed|Protect|p2a: No Fun Allowed\n|-singleturn|p2a: No Fun Allowed|Protect\n|move|p1a: Lopunny|Fake Out|p2a: No Fun Allowed\n|-activate|p2a: No Fun Allowed|move: Protect\n|\n|-heal|p2a: No Fun Allowed|81\/100|[from] item: Leftovers\n|upkeep\n|turn|17\n|\n|t:|1701041221\n|move|p1a: Lopunny|U-turn|p2a: No Fun Allowed\n|-resisted|p2a: No Fun Allowed\n|-activate|p2a: No Fun Allowed|move: Substitute|[damage]\n|\n|t:|1701041223\n|switch|p1a: Porygon-Z|Porygon-Z|100\/100|[from] U-turn\n|-ability|p1a: Porygon-Z|Download|boost\n|-boost|p1a: Porygon-Z|atk|1\n|move|p2a: No Fun Allowed|Toxic|p1a: Porygon-Z\n|-status|p1a: Porygon-Z|tox\n|\n|-heal|p2a: No Fun Allowed|88\/100|[from] item: Leftovers\n|-damage|p1a: Porygon-Z|94\/100 tox|[from] psn\n|upkeep\n|turn|18\n|\n|t:|1701041228\n|move|p2a: No Fun Allowed|Protect|p2a: No Fun Allowed\n|-singleturn|p2a: No Fun Allowed|Protect\n|-zpower|p1a: Porygon-Z\n|move|p1a: Porygon-Z|Z-Conversion||[anim]Conversion|[still]\n|-boost|p1a: Porygon-Z|atk|1|[zeffect]\n|-boost|p1a: Porygon-Z|def|1|[zeffect]\n|-boost|p1a: Porygon-Z|spa|1|[zeffect]\n|-boost|p1a: Porygon-Z|spd|1|[zeffect]\n|-boost|p1a: Porygon-Z|spe|1|[zeffect]\n|-fail|p1a: Porygon-Z\n|\n|-heal|p2a: No Fun Allowed|94\/100|[from] item: Leftovers\n|-damage|p1a: Porygon-Z|82\/100 tox|[from] psn\n|upkeep\n|turn|19\n|\n|t:|1701041240\n|move|p1a: Porygon-Z|Tri Attack|p2a: No Fun Allowed\n|-end|p2a: No Fun Allowed|Substitute\n|move|p2a: No Fun Allowed|Substitute|p2a: No Fun Allowed\n|-start|p2a: No Fun Allowed|Substitute\n|-damage|p2a: No Fun Allowed|69\/100\n|\n|-heal|p2a: No Fun Allowed|75\/100|[from] item: Leftovers\n|-damage|p1a: Porygon-Z|64\/100 tox|[from] psn\n|upkeep\n|turn|20\n|c|\u2606Saltator|gg\n|\n|t:|1701041246\n|move|p2a: No Fun Allowed|Protect|p2a: No Fun Allowed\n|-singleturn|p2a: No Fun Allowed|Protect\n|move|p1a: Porygon-Z|Tri Attack|p2a: No Fun Allowed\n|-activate|p2a: No Fun Allowed|move: Protect\n|\n|-heal|p2a: No Fun Allowed|81\/100|[from] item: Leftovers\n|-damage|p1a: Porygon-Z|39\/100 tox|[from] psn\n|upkeep\n|turn|21\n|\n|t:|1701041257\n|switch|p1a: Serperior|Serperior, M|57\/100 tox\n|move|p2a: No Fun Allowed|Substitute|p2a: No Fun Allowed\n|-fail|p2a: No Fun Allowed|move: Substitute\n|\n|-heal|p2a: No Fun Allowed|87\/100|[from] item: Leftovers\n|-heal|p1a: Serperior|63\/100 tox|[from] item: Leftovers\n|-damage|p1a: Serperior|57\/100 tox|[from] psn\n|upkeep\n|turn|22\n|\n|t:|1701041260\n|-terastallize|p1a: Serperior|Water\n|move|p2a: No Fun Allowed|Flamethrower|p1a: Serperior\n|-resisted|p1a: Serperior\n|-damage|p1a: Serperior|31\/100 tox\n|move|p1a: Serperior|Leaf Storm|p2a: No Fun Allowed\n|-resisted|p2a: No Fun Allowed\n|-activate|p2a: No Fun Allowed|move: Substitute|[damage]\n|-boost|p1a: Serperior|spa|2\n|\n|-heal|p2a: No Fun Allowed|93\/100|[from] item: Leftovers\n|-heal|p1a: Serperior|38\/100 tox|[from] item: Leftovers\n|-damage|p1a: Serperior|25\/100 tox|[from] psn\n|upkeep\n|turn|23\n|\n|t:|1701041267\n|move|p2a: No Fun Allowed|Protect|p2a: No Fun Allowed\n|-singleturn|p2a: No Fun Allowed|Protect\n|move|p1a: Serperior|Leaf Storm|p2a: No Fun Allowed\n|-activate|p2a: No Fun Allowed|move: Protect\n|\n|-heal|p2a: No Fun Allowed|99\/100|[from] item: Leftovers\n|-heal|p1a: Serperior|31\/100 tox|[from] item: Leftovers\n|-damage|p1a: Serperior|13\/100 tox|[from] psn\n|upkeep\n|turn|24\n|\n|t:|1701041269\n|move|p2a: No Fun Allowed|Flamethrower|p1a: Serperior\n|-resisted|p1a: Serperior\n|-damage|p1a: Serperior|0 fnt\n|faint|p1a: Serperior\n|\n|-heal|p2a: No Fun Allowed|100\/100|[from] item: Leftovers\n|upkeep\n|-message|kamoolah forfeited.\n|\n|win|Saltator\n|raw|kamoolah's rating: 1371 &rarr; <strong>1347<\/strong><br \/>(-24 for losing)\n|raw|Saltator's rating: 1309 &rarr; <strong>1333<\/strong><br \/>(+24 for winning)\n|l|\u2606kamoolah\n","uploadtime":1701041279,"views":1,"p1id":"kamoolah","p2id":"saltator","formatid":"gen9nationaldex","rating":1333,"private":0,"password":""}