{"id":"gen9nationaldex-2000129687","p1":"FlyingSudowoodo","p2":"scp096isgay","format":"[Gen 9] National Dex","log":"|html|<div class=\"broadcast-blue\"><strong>[Gen 9] National Dex is currently suspecting Sneasler! For information on how to participate check out the <a href=\"https:\/\/www.smogon.com\/forums\/threads\/sv-national-dex-suspect-8-just-dance.3731534\/\">suspect thread<\/a>.<\/strong><\/div>\n|j|\u2606FlyingSudowoodo\n|j|\u2606scp096isgay\n|t:|1701160134\n|gametype|singles\n|player|p1|FlyingSudowoodo|brock|1279\n|player|p2|scp096isgay|265|1322\n|teamsize|p1|6\n|teamsize|p2|6\n|gen|9\n|tier|[Gen 9] National Dex\n|rated|\n|rule|HP Percentage Mod: HP is shown in percentages\n|rule|Endless Battle Clause: Forcing endless battles is banned\n|rule|OHKO Clause: OHKO moves are banned\n|rule|Evasion Clause: Evasion abilities, items, and moves are banned\n|rule|Evasion Abilities Clause: Evasion abilities are banned\n|rule|Evasion Items Clause: Evasion items are banned\n|rule|Evasion Moves Clause: Evasion moves are banned\n|rule|Species Clause: Limit one of each Pok\u00e9mon\n|rule|Sleep Clause Mod: Limit one foe put to sleep\n|clearpoke\n|poke|p1|Lopunny, F|\n|poke|p1|Glimmora, M|\n|poke|p1|Ferrothorn, F|\n|poke|p1|Hatterene, F|\n|poke|p1|Kartana|\n|poke|p1|Zapdos|\n|poke|p2|Charizard, M|\n|poke|p2|Ogerpon-Wellspring, F|\n|poke|p2|Ninetales-Alola, F|\n|poke|p2|Iron Treads|\n|poke|p2|Dragonite, F|\n|poke|p2|Sneasler, M|\n|teampreview\n|inactive|Battle timer is ON: inactive players will automatically lose when time's up. (requested by FlyingSudowoodo)\n|\n|t:|1701160158\n|start\n|switch|p1a: Glimmora|Glimmora, M|100\/100\n|switch|p2a: Ogerpon|Ogerpon-Wellspring, F|100\/100\n|turn|1\n|\n|t:|1701160163\n|move|p1a: Glimmora|Sludge Wave|p2a: Ogerpon\n|-supereffective|p2a: Ogerpon\n|-damage|p2a: Ogerpon|0 fnt\n|faint|p2a: Ogerpon\n|\n|upkeep\n|\n|t:|1701160175\n|switch|p2a: Iron Treads|Iron Treads|100\/100\n|-enditem|p2a: Iron Treads|Booster Energy\n|-activate|p2a: Iron Treads|ability: Quark Drive|[fromitem]\n|-start|p2a: Iron Treads|quarkdrivespe\n|turn|2\n|inactive|FlyingSudowoodo has 120 seconds left.\n|\n|t:|1701160206\n|switch|p1a: Ferrothorn|Ferrothorn, F, shiny|100\/100\n|move|p2a: Iron Treads|Earthquake|p1a: Ferrothorn\n|-crit|p1a: Ferrothorn\n|-damage|p1a: Ferrothorn|55\/100\n|\n|upkeep\n|turn|3\n|\n|t:|1701160218\n|switch|p1a: Zapdos|Zapdos|100\/100\n|move|p2a: Iron Treads|Earthquake|p1a: Zapdos\n|-immune|p1a: Zapdos\n|\n|upkeep\n|turn|4\n|\n|t:|1701160225\n|-end|p2a: Iron Treads|Quark Drive|[silent]\n|switch|p2a: Dragonite|Dragonite, F|100\/100\n|move|p1a: Zapdos|Heat Wave|p2a: Dragonite\n|-resisted|p2a: Dragonite\n|-damage|p2a: Dragonite|94\/100\n|\n|-heal|p2a: Dragonite|99\/100|[from] item: Leftovers\n|upkeep\n|turn|5\n|\n|t:|1701160233\n|move|p1a: Zapdos|Volt Switch|p2a: Dragonite\n|-damage|p2a: Dragonite|69\/100\n|\n|t:|1701160243\n|switch|p1a: Hatterene|Hatterene, F|100\/100|[from] Volt Switch\n|move|p2a: Dragonite|Dragon Dance|p2a: Dragonite\n|-boost|p2a: Dragonite|atk|1\n|-boost|p2a: Dragonite|spe|1\n|\n|-heal|p2a: Dragonite|75\/100|[from] item: Leftovers\n|upkeep\n|turn|6\n|\n|t:|1701160257\n|move|p2a: Dragonite|Dual Wingbeat|p1a: Hatterene\n|-damage|p1a: Hatterene|63\/100\n|-damage|p1a: Hatterene|20\/100\n|-hitcount|p1a: Hatterene|2\n|move|p1a: Hatterene|Draining Kiss|p2a: Dragonite\n|-supereffective|p2a: Dragonite\n|-damage|p2a: Dragonite|30\/100\n|-heal|p1a: Hatterene|55\/100|[from] drain|[of] p2a: Dragonite\n|\n|-heal|p2a: Dragonite|36\/100|[from] item: Leftovers\n|-heal|p1a: Hatterene|61\/100|[from] item: Leftovers\n|upkeep\n|turn|7\n|\n|t:|1701160273\n|switch|p1a: Glimmora|Glimmora, M|100\/100\n|move|p2a: Dragonite|Dual Wingbeat|p1a: Glimmora\n|-resisted|p1a: Glimmora\n|-damage|p1a: Glimmora|80\/100\n|-activate|p1a: Glimmora|ability: Toxic Debris\n|-sidestart|p2: scp096isgay|move: Toxic Spikes\n|-resisted|p1a: Glimmora\n|-damage|p1a: Glimmora|60\/100\n|-activate|p1a: Glimmora|ability: Toxic Debris\n|-sidestart|p2: scp096isgay|move: Toxic Spikes\n|-hitcount|p1a: Glimmora|2\n|\n|-heal|p2a: Dragonite|43\/100|[from] item: Leftovers\n|upkeep\n|turn|8\n|\n|t:|1701160292\n|move|p1a: Glimmora|Power Gem|p2a: Dragonite\n|-supereffective|p2a: Dragonite\n|-damage|p2a: Dragonite|0 fnt\n|faint|p2a: Dragonite\n|\n|upkeep\n|\n|t:|1701160301\n|switch|p2a: Ninetales|Ninetales-Alola, F|100\/100\n|-status|p2a: Ninetales|tox\n|-weather|Snow|[from] ability: Snow Warning|[of] p2a: Ninetales\n|turn|9\n|\n|t:|1701160306\n|move|p2a: Ninetales|Weather Ball|p1a: Glimmora\n|-damage|p1a: Glimmora|3\/100\n|move|p1a: Glimmora|Power Gem|p2a: Ninetales\n|-supereffective|p2a: Ninetales\n|-damage|p2a: Ninetales|9\/100 tox\n|\n|-weather|Snow|[upkeep]\n|-damage|p2a: Ninetales|3\/100 tox|[from] psn\n|upkeep\n|turn|10\n|\n|t:|1701160316\n|switch|p1a: Ferrothorn|Ferrothorn, F, shiny|55\/100\n|move|p2a: Ninetales|Weather Ball|p1a: Ferrothorn\n|-damage|p1a: Ferrothorn|24\/100\n|\n|-weather|Snow|[upkeep]\n|-damage|p2a: Ninetales|0 fnt|[from] psn\n|faint|p2a: Ninetales\n|upkeep\n|\n|t:|1701160331\n|switch|p2a: Iron Treads|Iron Treads|100\/100\n|turn|11\n|\n|t:|1701160338\n|move|p2a: Iron Treads|Rapid Spin|p1a: Ferrothorn\n|-resisted|p1a: Ferrothorn\n|-crit|p1a: Ferrothorn\n|-damage|p1a: Ferrothorn|16\/100\n|-boost|p2a: Iron Treads|spe|1\n|-damage|p2a: Iron Treads|88\/100|[from] ability: Iron Barbs|[of] p1a: Ferrothorn\n|-damage|p2a: Iron Treads|72\/100|[from] item: Rocky Helmet|[of] p1a: Ferrothorn\n|-sideend|p2: scp096isgay|Toxic Spikes|[from] move: Rapid Spin|[of] p2a: Iron Treads\n|move|p1a: Ferrothorn|Leech Seed|p2a: Iron Treads\n|-start|p2a: Iron Treads|move: Leech Seed\n|\n|-weather|Snow|[upkeep]\n|-damage|p2a: Iron Treads|59\/100|[from] Leech Seed|[of] p1a: Ferrothorn\n|-heal|p1a: Ferrothorn|27\/100|[silent]\n|upkeep\n|turn|12\n|\n|t:|1701160351\n|switch|p1a: Glimmora|Glimmora, M|3\/100\n|move|p2a: Iron Treads|Iron Head|p1a: Glimmora\n|-supereffective|p1a: Glimmora\n|-damage|p1a: Glimmora|0 fnt\n|-activate|p1a: Glimmora|ability: Toxic Debris\n|-sidestart|p2: scp096isgay|move: Toxic Spikes\n|faint|p1a: Glimmora\n|\n|-weather|Snow|[upkeep]\n|upkeep\n|\n|t:|1701160362\n|switch|p1a: Kartana|Kartana|100\/100\n|turn|13\n|\n|t:|1701160379\n|move|p1a: Kartana|Sacred Sword|p2a: Iron Treads\n|-supereffective|p2a: Iron Treads\n|-damage|p2a: Iron Treads|0 fnt\n|faint|p2a: Iron Treads\n|-end|p2a: Iron Treads|Quark Drive|[silent]\n|-ability|p1a: Kartana|Beast Boost|boost\n|-boost|p1a: Kartana|atk|1\n|\n|-weather|none\n|upkeep\n|\n|t:|1701160391\n|switch|p2a: Sneasler|Sneasler, M|100\/100\n|-sideend|p2: scp096isgay|move: Toxic Spikes|[of] p2a: Sneasler\n|turn|14\n|\n|t:|1701160396\n|switch|p1a: Ferrothorn|Ferrothorn, F, shiny|27\/100\n|move|p2a: Sneasler|Endure||[still]\n|-fail|p2a: Sneasler\n|\n|upkeep\n|turn|15\n|\n|t:|1701160403\n|move|p2a: Sneasler|Close Combat|p1a: Ferrothorn\n|-supereffective|p1a: Ferrothorn\n|-damage|p1a: Ferrothorn|0 fnt\n|-unboost|p2a: Sneasler|def|1\n|-unboost|p2a: Sneasler|spd|1\n|-damage|p2a: Sneasler|88\/100|[from] ability: Iron Barbs|[of] p1a: Ferrothorn\n|-damage|p2a: Sneasler|72\/100|[from] item: Rocky Helmet|[of] p1a: Ferrothorn\n|faint|p1a: Ferrothorn\n|\n|upkeep\n|\n|t:|1701160412\n|switch|p1a: Zapdos|Zapdos|100\/100\n|turn|16\n|\n|t:|1701160422\n|move|p2a: Sneasler|Endure|p2a: Sneasler\n|-singleturn|p2a: Sneasler|move: Endure\n|move|p1a: Zapdos|Volt Switch|p2a: Sneasler\n|-damage|p2a: Sneasler|9\/100\n|-enditem|p2a: Sneasler|Sitrus Berry|[eat]\n|-heal|p2a: Sneasler|34\/100|[from] item: Sitrus Berry\n|\n|t:|1701160429\n|switch|p1a: Hatterene|Hatterene, F|61\/100|[from] Volt Switch\n|\n|-heal|p1a: Hatterene|67\/100|[from] item: Leftovers\n|upkeep\n|turn|17\n|\n|t:|1701160441\n|-terastallize|p1a: Hatterene|Steel\n|move|p2a: Sneasler|Dire Claw|p1a: Hatterene\n|-immune|p1a: Hatterene\n|move|p1a: Hatterene|Nuzzle|p2a: Sneasler\n|-damage|p2a: Sneasler|25\/100\n|-status|p2a: Sneasler|par\n|\n|-heal|p1a: Hatterene|73\/100|[from] item: Leftovers\n|upkeep\n|turn|18\n|\n|t:|1701160458\n|switch|p1a: Zapdos|Zapdos|100\/100\n|move|p2a: Sneasler|Close Combat|p1a: Zapdos\n|-resisted|p1a: Zapdos\n|-damage|p1a: Zapdos|71\/100\n|-unboost|p2a: Sneasler|def|1\n|-unboost|p2a: Sneasler|spd|1\n|\n|upkeep\n|turn|19\n|\n|t:|1701160466\n|cant|p2a: Sneasler|par\n|move|p1a: Zapdos|Volt Switch|p2a: Sneasler\n|-damage|p2a: Sneasler|0 fnt\n|faint|p2a: Sneasler\n|\n|t:|1701160472\n|switch|p1a: Lopunny|Lopunny, F, shiny|100\/100|[from] Volt Switch\n|\n|upkeep\n|\n|t:|1701160480\n|switch|p2a: Charizard|Charizard, M|100\/100\n|turn|20\n|\n|t:|1701160487\n|detailschange|p1a: Lopunny|Lopunny-Mega, F, shiny\n|-mega|p1a: Lopunny|Lopunny|Lopunnite\n|move|p1a: Lopunny|Fake Out|p2a: Charizard\n|-damage|p2a: Charizard|72\/100\n|cant|p2a: Charizard|flinch\n|\n|upkeep\n|turn|21\n|\n|t:|1701160493\n|detailschange|p2a: Charizard|Charizard-Mega-X, M\n|-mega|p2a: Charizard|Charizard|Charizardite X\n|move|p1a: Lopunny|Close Combat|p2a: Charizard\n|-damage|p2a: Charizard|4\/100\n|-unboost|p1a: Lopunny|def|1\n|-unboost|p1a: Lopunny|spd|1\n|move|p2a: Charizard|Dragon Dance|p2a: Charizard\n|-boost|p2a: Charizard|atk|1\n|-boost|p2a: Charizard|spe|1\n|\n|upkeep\n|turn|22\n|\n|t:|1701160502\n|move|p1a: Lopunny|Quick Attack|p2a: Charizard\n|-damage|p2a: Charizard|0 fnt\n|faint|p2a: Charizard\n|\n|win|FlyingSudowoodo\n|raw|FlyingSudowoodo's rating: 1279 &rarr; <strong>1307<\/strong><br \/>(+28 for winning)\n|raw|scp096isgay's rating: 1322 &rarr; <strong>1300<\/strong><br \/>(-22 for losing)\n","uploadtime":1701160508,"views":10,"p1id":"flyingsudowoodo","p2id":"scp096isgay","formatid":"gen9nationaldex","rating":1300,"private":0,"password":""}