{"id":"gen9nationaldex-1991088803","p1":"Yalpur","p2":"biezouhaoma","format":"[Gen 9] National Dex","log":"|j|\u2606Yalpur\n|j|\u203dbiezouhaoma\n|t:|1700041083\n|gametype|singles\n|player|p1|Yalpur|101|1740\n|player|p2|biezouhaoma|bugcatcher-gen4dp|1745\n|teamsize|p1|6\n|teamsize|p2|6\n|gen|9\n|tier|[Gen 9] National Dex\n|rated|\n|rule|HP Percentage Mod: HP is shown in percentages\n|rule|Endless Battle Clause: Forcing endless battles is banned\n|rule|OHKO Clause: OHKO moves are banned\n|rule|Evasion Clause: Evasion abilities, items, and moves are banned\n|rule|Evasion Abilities Clause: Evasion abilities are banned\n|rule|Evasion Items Clause: Evasion items are banned\n|rule|Evasion Moves Clause: Evasion moves are banned\n|rule|Species Clause: Limit one of each Pok\u00e9mon\n|rule|Sleep Clause Mod: Limit one foe put to sleep\n|clearpoke\n|poke|p1|Pelipper, F|\n|poke|p1|Swampert, M|\n|poke|p1|Landorus-Therian, M|\n|poke|p1|Kingdra, F|\n|poke|p1|Garchomp, F|\n|poke|p1|Dragonite, M|\n|poke|p2|Pelipper, F|\n|poke|p2|Barraskewda, F|\n|poke|p2|Garganacl, M|\n|poke|p2|Scizor, F|\n|poke|p2|Volcanion|\n|poke|p2|Iron Treads|\n|teampreview\n|inactive|Battle timer is ON: inactive players will automatically lose when time's up. (requested by biezouhaoma)\n|inactive|Yalpur has 120 seconds left.\n|\n|t:|1700041121\n|start\n|switch|p1a: Garchomp|Garchomp, F|100\/100\n|switch|p2a: Iron Treads|Iron Treads|100\/100\n|turn|1\n|\n|t:|1700041141\n|-zpower|p2a: Iron Treads\n|move|p2a: Iron Treads|Subzero Slammer|p1a: Garchomp|[zeffect]\n|-supereffective|p1a: Garchomp\n|-damage|p1a: Garchomp|0 fnt\n|faint|p1a: Garchomp\n|\n|upkeep\n|\n|t:|1700041163\n|switch|p1a: Swampert|Swampert, M|100\/100\n|turn|2\n|\n|t:|1700041173\n|detailschange|p1a: Swampert|Swampert-Mega, M\n|-mega|p1a: Swampert|Swampert|Swampertite\n|move|p2a: Iron Treads|Stealth Rock|p1a: Swampert\n|-sidestart|p1: Yalpur|move: Stealth Rock\n|move|p1a: Swampert|Flip Turn|p2a: Iron Treads\n|-supereffective|p2a: Iron Treads\n|-damage|p2a: Iron Treads|40\/100\n|\n|t:|1700041188\n|switch|p1a: Landorus|Landorus-Therian, M|100\/100|[from] Flip Turn\n|-damage|p1a: Landorus|88\/100|[from] Stealth Rock\n|-ability|p1a: Landorus|Intimidate|boost\n|-unboost|p2a: Iron Treads|atk|1\n|\n|upkeep\n|turn|3\n|\n|t:|1700041200\n|move|p1a: Landorus|Earthquake|p2a: Iron Treads\n|-supereffective|p2a: Iron Treads\n|-damage|p2a: Iron Treads|0 fnt\n|faint|p2a: Iron Treads\n|-end|p2a: Iron Treads|Quark Drive|[silent]\n|\n|upkeep\n|\n|t:|1700041203\n|switch|p2a: Barraskewda|Barraskewda, F|100\/100\n|turn|4\n|\n|t:|1700041218\n|switch|p1a: Kingdra|Kingdra, F|100\/100\n|-damage|p1a: Kingdra|88\/100|[from] Stealth Rock\n|move|p2a: Barraskewda|Flip Turn|p1a: Kingdra\n|-resisted|p1a: Kingdra\n|-damage|p1a: Kingdra|74\/100\n|\n|t:|1700041224\n|switch|p2a: Scizor|Scizor, F|100\/100|[from] Flip Turn\n|\n|upkeep\n|turn|5\n|\n|t:|1700041246\n|detailschange|p2a: Scizor|Scizor-Mega, F\n|-mega|p2a: Scizor|Scizor|Scizorite\n|-terastallize|p1a: Kingdra|Water\n|move|p1a: Kingdra|Surf|p2a: Scizor\n|-damage|p2a: Scizor|51\/100\n|-damage|p1a: Kingdra|65\/100|[from] item: Life Orb\n|move|p2a: Scizor|U-turn|p1a: Kingdra\n|-damage|p1a: Kingdra|25\/100\n|\n|t:|1700041255\n|switch|p2a: Barraskewda|Barraskewda, F|100\/100|[from] U-turn\n|\n|upkeep\n|turn|6\n|\n|t:|1700041263\n|switch|p1a: Pelipper|Pelipper, F|100\/100\n|-damage|p1a: Pelipper|76\/100|[from] Stealth Rock\n|-weather|RainDance|[from] ability: Drizzle|[of] p1a: Pelipper\n|move|p2a: Barraskewda|Flip Turn|p1a: Pelipper\n|-resisted|p1a: Pelipper\n|-damage|p1a: Pelipper|48\/100\n|\n|t:|1700041266\n|switch|p2a: Volcanion|Volcanion|100\/100|[from] Flip Turn\n|\n|-weather|RainDance|[upkeep]\n|upkeep\n|turn|7\n|\n|t:|1700041277\n|move|p2a: Volcanion|Steam Eruption|p1a: Pelipper\n|-resisted|p1a: Pelipper\n|-damage|p1a: Pelipper|0 fnt\n|faint|p1a: Pelipper\n|\n|-weather|RainDance|[upkeep]\n|upkeep\n|\n|t:|1700041284\n|switch|p1a: Swampert|Swampert-Mega, M|100\/100\n|-damage|p1a: Swampert|94\/100|[from] Stealth Rock\n|turn|8\n|inactive|Yalpur has 120 seconds left.\n|\n|t:|1700041315\n|switch|p2a: Pelipper|Pelipper, F|100\/100\n|move|p1a: Swampert|Flip Turn|p2a: Pelipper\n|-resisted|p2a: Pelipper\n|-damage|p2a: Pelipper|78\/100\n|inactive|Yalpur has 120 seconds left.\n|\n|t:|1700041322\n|switch|p1a: Dragonite|Dragonite, M|100\/100|[from] Flip Turn\n|-damage|p1a: Dragonite|76\/100|[from] Stealth Rock\n|\n|-weather|RainDance|[upkeep]\n|upkeep\n|turn|9\n|inactive|Yalpur has 120 seconds left.\n|\n|t:|1700041337\n|move|p1a: Dragonite|Thunder|p2a: Pelipper\n|-supereffective|p2a: Pelipper\n|-damage|p2a: Pelipper|0 fnt\n|faint|p2a: Pelipper\n|\n|-weather|RainDance|[upkeep]\n|upkeep\n|\n|t:|1700041342\n|switch|p2a: Volcanion|Volcanion|100\/100\n|turn|10\n|inactive|Yalpur has 120 seconds left.\n|\n|t:|1700041373\n|move|p2a: Volcanion|Steam Eruption|p1a: Dragonite\n|-resisted|p1a: Dragonite\n|-damage|p1a: Dragonite|8\/100\n|-status|p1a: Dragonite|brn\n|move|p1a: Dragonite|Roost|p1a: Dragonite\n|-heal|p1a: Dragonite|58\/100 brn\n|-singleturn|p1a: Dragonite|move: Roost\n|\n|-weather|RainDance|[upkeep]\n|-damage|p1a: Dragonite|52\/100 brn|[from] brn\n|upkeep\n|turn|11\n|\n|t:|1700041384\n|move|p2a: Volcanion|Steam Eruption|p1a: Dragonite\n|-resisted|p1a: Dragonite\n|-damage|p1a: Dragonite|0 fnt\n|faint|p1a: Dragonite\n|\n|-weather|RainDance|[upkeep]\n|upkeep\n|\n|t:|1700041389\n|switch|p1a: Swampert|Swampert-Mega, M|94\/100\n|-damage|p1a: Swampert|88\/100|[from] Stealth Rock\n|turn|12\n|\n|t:|1700041399\n|move|p1a: Swampert|Earthquake|p2a: Volcanion\n|-supereffective|p2a: Volcanion\n|-damage|p2a: Volcanion|0 fnt\n|faint|p2a: Volcanion\n|\n|-weather|RainDance|[upkeep]\n|upkeep\n|\n|t:|1700041404\n|switch|p2a: Barraskewda|Barraskewda, F|100\/100\n|turn|13\n|inactive|Yalpur has 120 seconds left.\n|\n|t:|1700041416\n|-terastallize|p2a: Barraskewda|Water\n|move|p2a: Barraskewda|Liquidation|p1a: Swampert\n|-damage|p1a: Swampert|0 fnt\n|faint|p1a: Swampert\n|\n|-weather|none\n|upkeep\n|inactive|Yalpur has 120 seconds left.\n|\n|t:|1700041424\n|switch|p1a: Landorus|Landorus-Therian, M|88\/100\n|-damage|p1a: Landorus|76\/100|[from] Stealth Rock\n|-ability|p1a: Landorus|Intimidate|boost\n|-unboost|p2a: Barraskewda|atk|1\n|turn|14\n|inactive|Yalpur has 120 seconds left.\n|\n|t:|1700041449\n|switch|p2a: Garganacl|Garganacl, M|100\/100\n|move|p1a: Landorus|Earthquake|p2a: Garganacl\n|-supereffective|p2a: Garganacl\n|-damage|p2a: Garganacl|23\/100\n|\n|-heal|p2a: Garganacl|29\/100|[from] item: Leftovers\n|upkeep\n|turn|15\n|\n|t:|1700041456\n|move|p1a: Landorus|Earthquake|p2a: Garganacl\n|-supereffective|p2a: Garganacl\n|-damage|p2a: Garganacl|0 fnt\n|faint|p2a: Garganacl\n|\n|upkeep\n|\n|t:|1700041458\n|switch|p2a: Barraskewda|Barraskewda, F, tera:Water|100\/100\n|turn|16\n|inactive|Yalpur has 120 seconds left.\n|j| Gggffxsz\n|\n|t:|1700041495\n|switch|p1a: Kingdra|Kingdra, F, tera:Water|25\/100\n|-damage|p1a: Kingdra|12\/100|[from] Stealth Rock\n|move|p2a: Barraskewda|Flip Turn|p1a: Kingdra\n|-resisted|p1a: Kingdra\n|-damage|p1a: Kingdra|0 fnt\n|faint|p1a: Kingdra\n|\n|t:|1700041505\n|switch|p2a: Scizor|Scizor-Mega, F|51\/100|[from] Flip Turn\n|\n|upkeep\n|\n|t:|1700041509\n|switch|p1a: Landorus|Landorus-Therian, M|76\/100\n|-damage|p1a: Landorus|64\/100|[from] Stealth Rock\n|-ability|p1a: Landorus|Intimidate|boost\n|-unboost|p2a: Scizor|atk|1\n|turn|17\n|\n|t:|1700041515\n|move|p2a: Scizor|Bullet Punch|p1a: Landorus\n|-damage|p1a: Landorus|42\/100\n|move|p1a: Landorus|Earthquake|p2a: Scizor\n|-damage|p2a: Scizor|9\/100\n|\n|upkeep\n|turn|18\n|\n|t:|1700041519\n|move|p2a: Scizor|Bullet Punch|p1a: Landorus\n|-damage|p1a: Landorus|18\/100\n|move|p1a: Landorus|Earthquake|p2a: Scizor\n|-damage|p2a: Scizor|0 fnt\n|faint|p2a: Scizor\n|\n|upkeep\n|\n|t:|1700041522\n|switch|p2a: Barraskewda|Barraskewda, F, tera:Water|100\/100\n|turn|19\n|\n|t:|1700041524\n|move|p1a: Landorus|Earthquake|p2a: Barraskewda\n|-damage|p2a: Barraskewda|0 fnt\n|faint|p2a: Barraskewda\n|\n|win|Yalpur\n|raw|Yalpur's rating: 1740 &rarr; <strong>1760<\/strong><br \/>(+20 for winning)\n|raw|biezouhaoma's rating: 1745 &rarr; <strong>1725<\/strong><br \/>(-20 for losing)\n","uploadtime":1700041529,"views":9,"p1id":"yalpur","p2id":"biezouhaoma","formatid":"gen9nationaldex","rating":1725,"private":0,"password":""}