{"id":"gen9nationaldex-1993039972","p1":"ManuKun","p2":"blancasofia","format":"[Gen 9] National Dex","log":"|j|\u2606ManuKun\n|j|\u2606blancasofia\n|t:|1700258162\n|gametype|singles\n|player|p1|ManuKun|gambler|\n|player|p2|blancasofia|acetrainerf|\n|teamsize|p1|6\n|teamsize|p2|6\n|gen|9\n|tier|[Gen 9] National Dex\n|rule|HP Percentage Mod: HP is shown in percentages\n|rule|Endless Battle Clause: Forcing endless battles is banned\n|rule|OHKO Clause: OHKO moves are banned\n|rule|Evasion Clause: Evasion abilities, items, and moves are banned\n|rule|Evasion Abilities Clause: Evasion abilities are banned\n|rule|Evasion Items Clause: Evasion items are banned\n|rule|Evasion Moves Clause: Evasion moves are banned\n|rule|Species Clause: Limit one of each Pok\u00e9mon\n|rule|Sleep Clause Mod: Limit one foe put to sleep\n|clearpoke\n|poke|p1|Lilligant-Hisui, F|\n|poke|p1|Torkoal, F|\n|poke|p1|Rotom-Wash|\n|poke|p1|Garchomp, M|\n|poke|p1|Charizard, F|\n|poke|p1|Komala, F|\n|poke|p2|Mawile, F|\n|poke|p2|Primarina, F|\n|poke|p2|Klefki, M|\n|poke|p2|Eelektross, M|\n|poke|p2|Zapdos|\n|poke|p2|Rotom-Mow|\n|teampreview\n|\n|t:|1700258181\n|start\n|switch|p1a: Torkoal|Torkoal, F|100\/100\n|switch|p2a: Hiroto|Zapdos|100\/100\n|-weather|SunnyDay|[from] ability: Drought|[of] p1a: Torkoal\n|turn|1\n|\n|t:|1700258191\n|move|p2a: Hiroto|Discharge|p1a: Torkoal\n|-damage|p1a: Torkoal|53\/100\n|-status|p1a: Torkoal|par\n|cant|p1a: Torkoal|par\n|\n|-weather|SunnyDay|[upkeep]\n|upkeep\n|turn|2\n|\n|t:|1700258198\n|move|p2a: Hiroto|Discharge|p1a: Torkoal\n|-damage|p1a: Torkoal|12\/100 par\n|move|p1a: Torkoal|Stealth Rock|p2a: Hiroto\n|-sidestart|p2: blancasofia|move: Stealth Rock\n|\n|-weather|SunnyDay|[upkeep]\n|upkeep\n|turn|3\n|\n|t:|1700258205\n|move|p2a: Hiroto|Defog|p1a: Torkoal\n|-unboost|p1a: Torkoal|evasion|1\n|-sideend|p2: blancasofia|Stealth Rock|[from] move: Defog|[of] p2a: Hiroto\n|cant|p1a: Torkoal|par\n|\n|-weather|SunnyDay|[upkeep]\n|upkeep\n|turn|4\n|\n|t:|1700258210\n|move|p2a: Hiroto|Discharge|p1a: Torkoal\n|-damage|p1a: Torkoal|0 fnt\n|faint|p1a: Torkoal\n|\n|-weather|SunnyDay|[upkeep]\n|upkeep\n|\n|t:|1700258223\n|switch|p1a: Lilligant|Lilligant-Hisui, F|100\/100\n|turn|5\n|\n|t:|1700258230\n|-terastallize|p1a: Lilligant|Water\n|move|p1a: Lilligant|Victory Dance|p1a: Lilligant\n|-boost|p1a: Lilligant|atk|1\n|-boost|p1a: Lilligant|def|1\n|-boost|p1a: Lilligant|spe|1\n|move|p2a: Hiroto|Heat Wave|p1a: Lilligant\n|-resisted|p1a: Lilligant\n|-damage|p1a: Lilligant|80\/100\n|\n|-weather|SunnyDay|[upkeep]\n|upkeep\n|turn|6\n|\n|t:|1700258239\n|move|p1a: Lilligant|Ice Spinner|p2a: Hiroto\n|-supereffective|p2a: Hiroto\n|-damage|p2a: Hiroto|28\/100\n|-damage|p1a: Lilligant|70\/100|[from] item: Life Orb\n|move|p2a: Hiroto|Discharge|p1a: Lilligant\n|-supereffective|p1a: Lilligant\n|-damage|p1a: Lilligant|0 fnt\n|faint|p1a: Lilligant\n|\n|-weather|SunnyDay|[upkeep]\n|upkeep\n|\n|t:|1700258246\n|switch|p1a: Komala|Komala, F|100\/100\n|-ability|p1a: Komala|Comatose\n|turn|7\n|\n|t:|1700258251\n|move|p1a: Komala|Sleep Talk|p1a: Komala\n|move|p1a: Komala|Last Resort|p2a: Hiroto|[from]move: Sleep Talk\n|-damage|p2a: Hiroto|0 fnt\n|faint|p2a: Hiroto\n|\n|-weather|SunnyDay|[upkeep]\n|upkeep\n|\n|t:|1700258258\n|switch|p2a: Kagi|Klefki, M|100\/100\n|turn|8\n|\n|t:|1700258263\n|switch|p1a: Rotom|Rotom-Wash|100\/100\n|move|p2a: Kagi|Spikes|p1a: Rotom\n|-sidestart|p1: ManuKun|Spikes\n|\n|-weather|none\n|upkeep\n|turn|9\n|\n|t:|1700258269\n|move|p2a: Kagi|Toxic|p1a: Rotom\n|-status|p1a: Rotom|tox\n|move|p1a: Rotom|Hydro Pump|p2a: Kagi\n|-damage|p2a: Kagi|63\/100\n|\n|-heal|p2a: Kagi|69\/100|[from] item: Leftovers\n|-damage|p1a: Rotom|94\/100 tox|[from] psn\n|upkeep\n|turn|10\n|\n|t:|1700258278\n|move|p2a: Kagi|Spikes|p1a: Rotom\n|-sidestart|p1: ManuKun|Spikes\n|move|p1a: Rotom|Volt Switch|p2a: Kagi\n|-damage|p2a: Kagi|47\/100\n|\n|t:|1700258282\n|switch|p1a: Charizard|Charizard, F|100\/100|[from] Volt Switch\n|\n|-heal|p2a: Kagi|53\/100|[from] item: Leftovers\n|upkeep\n|turn|11\n|\n|t:|1700258287\n|switch|p2a: Prima|Primarina, F|100\/100\n|detailschange|p1a: Charizard|Charizard-Mega-Y, F\n|-mega|p1a: Charizard|Charizard|Charizardite Y\n|-weather|SunnyDay|[from] ability: Drought|[of] p1a: Charizard\n|move|p1a: Charizard|Weather Ball|p2a: Prima\n|-resisted|p2a: Prima\n|-damage|p2a: Prima|57\/100\n|\n|-weather|SunnyDay|[upkeep]\n|upkeep\n|turn|12\n|\n|t:|1700258303\n|move|p1a: Charizard|Air Slash|p2a: Prima|[miss]\n|-miss|p1a: Charizard|p2a: Prima\n|move|p2a: Prima|Hydro Pump|p1a: Charizard\n|-supereffective|p1a: Charizard\n|-damage|p1a: Charizard|8\/100\n|\n|-weather|SunnyDay|[upkeep]\n|upkeep\n|turn|13\n|\n|t:|1700258311\n|move|p1a: Charizard|Air Slash|p2a: Prima\n|-crit|p2a: Prima\n|-damage|p2a: Prima|0 fnt\n|faint|p2a: Prima\n|\n|-weather|SunnyDay|[upkeep]\n|upkeep\n|\n|t:|1700258316\n|switch|p2a: Mow|Rotom-Mow|100\/100\n|turn|14\n|\n|t:|1700258320\n|move|p2a: Mow|Volt Switch|p1a: Charizard\n|-supereffective|p1a: Charizard\n|-damage|p1a: Charizard|0 fnt\n|faint|p1a: Charizard\n|\n|t:|1700258327\n|switch|p2a: Kagi|Klefki, M|53\/100|[from] Volt Switch\n|\n|-weather|SunnyDay|[upkeep]\n|-heal|p2a: Kagi|59\/100|[from] item: Leftovers\n|upkeep\n|\n|t:|1700258331\n|switch|p1a: Garchomp|Garchomp, M|100\/100\n|-damage|p1a: Garchomp|84\/100|[from] Spikes\n|turn|15\n|\n|t:|1700258338\n|switch|p2a: Mow|Rotom-Mow|100\/100\n|move|p1a: Garchomp|Swords Dance|p1a: Garchomp\n|-boost|p1a: Garchomp|atk|2\n|\n|-weather|none\n|upkeep\n|turn|16\n|\n|t:|1700258344\n|move|p2a: Mow|Hidden Power|p1a: Garchomp\n|-supereffective|p1a: Garchomp\n|-damage|p1a: Garchomp|6\/100\n|move|p1a: Garchomp|Scale Shot|p2a: Mow\n|-damage|p2a: Mow|72\/100\n|-damage|p2a: Mow|39\/100\n|-damage|p2a: Mow|7\/100\n|-damage|p2a: Mow|0 fnt\n|faint|p2a: Mow\n|-hitcount|p2: Mow|4\n|-unboost|p1a: Garchomp|def|1\n|-boost|p1a: Garchomp|spe|1\n|\n|upkeep\n|\n|t:|1700258360\n|switch|p2a: Witch|Mawile, F|100\/100\n|-ability|p2a: Witch|Intimidate|boost\n|-unboost|p1a: Garchomp|atk|1\n|turn|17\n|\n|t:|1700258366\n|detailschange|p2a: Witch|Mawile-Mega, F\n|-mega|p2a: Witch|Mawile|Mawilite\n|move|p2a: Witch|Sucker Punch|p1a: Garchomp\n|-damage|p1a: Garchomp|0 fnt\n|-damage|p2a: Witch|88\/100|[from] ability: Rough Skin|[of] p1a: Garchomp\n|-damage|p2a: Witch|72\/100|[from] item: Rocky Helmet|[of] p1a: Garchomp\n|faint|p1a: Garchomp\n|\n|upkeep\n|\n|t:|1700258465\n|switch|p1a: Rotom|Rotom-Wash|94\/100 tox\n|turn|18\n|\n|t:|1700258475\n|move|p2a: Witch|Sucker Punch|p1a: Rotom\n|-damage|p1a: Rotom|43\/100 tox\n|move|p1a: Rotom|Hydro Pump|p2a: Witch\n|-damage|p2a: Witch|24\/100\n|\n|-heal|p1a: Rotom|49\/100 tox|[from] item: Leftovers\n|-damage|p1a: Rotom|43\/100 tox|[from] psn\n|upkeep\n|turn|19\n|\n|t:|1700258486\n|move|p2a: Witch|Sucker Punch|p1a: Rotom\n|-damage|p1a: Rotom|0 fnt\n|faint|p1a: Rotom\n|\n|upkeep\n|\n|t:|1700258490\n|switch|p1a: Komala|Komala, F|100\/100\n|-damage|p1a: Komala|84\/100|[from] Spikes\n|-ability|p1a: Komala|Comatose\n|turn|20\n|\n|t:|1700258498\n|move|p2a: Witch|Sucker Punch||[still]\n|-fail|p2a: Witch\n|move|p1a: Komala|Sleep Talk|p1a: Komala\n|move|p1a: Komala|Last Resort|p2a: Witch|[from]move: Sleep Talk\n|-resisted|p2a: Witch\n|-damage|p2a: Witch|0 fnt\n|faint|p2a: Witch\n|\n|upkeep\n|\n|t:|1700258504\n|switch|p2a: Kagi|Klefki, M|59\/100\n|turn|21\n|\n|t:|1700258519\n|move|p1a: Komala|Sleep Talk|p1a: Komala\n|move|p1a: Komala|Last Resort|p2a: Kagi|[from]move: Sleep Talk\n|-resisted|p2a: Kagi\n|-damage|p2a: Kagi|19\/100\n|move|p2a: Kagi|Flash Cannon|p1a: Komala\n|-damage|p1a: Komala|51\/100\n|\n|-heal|p2a: Kagi|25\/100|[from] item: Leftovers\n|upkeep\n|turn|22\n|\n|t:|1700258529\n|move|p1a: Komala|Sleep Talk|p1a: Komala\n|move|p1a: Komala|Last Resort|p2a: Kagi|[from]move: Sleep Talk\n|-resisted|p2a: Kagi\n|-damage|p2a: Kagi|0 fnt\n|faint|p2a: Kagi\n|\n|upkeep\n|\n|t:|1700258533\n|switch|p2a: Hikaru|Eelektross, M|100\/100\n|turn|23\n|\n|t:|1700258537\n|move|p1a: Komala|Sleep Talk|p1a: Komala\n|move|p1a: Komala|Last Resort|p2a: Hikaru|[from]move: Sleep Talk\n|-damage|p2a: Hikaru|16\/100\n|move|p2a: Hikaru|Drain Punch|p1a: Komala\n|-supereffective|p1a: Komala\n|-damage|p1a: Komala|0 fnt\n|-heal|p2a: Hikaru|34\/100|[from] drain|[of] p1a: Komala\n|faint|p1a: Komala\n|\n|win|blancasofia\n","uploadtime":1700258550,"views":10,"p1id":"manukun","p2id":"blancasofia","formatid":"gen9nationaldex","rating":0,"private":0,"password":""}