{"id":"gen9nationaldex-2000053229","p1":"nncc\u6781\u5149","p2":"zhoudunyi","format":"[Gen 9] National Dex","log":"|html|<div class=\"broadcast-blue\"><strong>[Gen 9] National Dex is currently suspecting Sneasler! For information on how to participate check out the <a href=\"https:\/\/www.smogon.com\/forums\/threads\/sv-national-dex-suspect-8-just-dance.3731534\/\">suspect thread<\/a>.<\/strong><\/div>\n|j|\u2606nncc\u6781\u5149\n|j|\u2606zhoudunyi\n|t:|1701146643\n|gametype|singles\n|player|p1|nncc\u6781\u5149|benga|1742\n|player|p2|zhoudunyi|101|1693\n|teamsize|p1|6\n|teamsize|p2|6\n|gen|9\n|tier|[Gen 9] National Dex\n|rated|\n|rule|HP Percentage Mod: HP is shown in percentages\n|rule|Endless Battle Clause: Forcing endless battles is banned\n|rule|OHKO Clause: OHKO moves are banned\n|rule|Evasion Clause: Evasion abilities, items, and moves are banned\n|rule|Evasion Abilities Clause: Evasion abilities are banned\n|rule|Evasion Items Clause: Evasion items are banned\n|rule|Evasion Moves Clause: Evasion moves are banned\n|rule|Species Clause: Limit one of each Pok\u00e9mon\n|rule|Sleep Clause Mod: Limit one foe put to sleep\n|clearpoke\n|poke|p1|Alomomola, F|\n|poke|p1|Muk-Alola, M|\n|poke|p1|Skeledirge, F|\n|poke|p1|Mew|\n|poke|p1|Rillaboom, F|\n|poke|p1|Iron Treads|\n|poke|p2|Greninja-*, M|\n|poke|p2|Diancie|\n|poke|p2|Zapdos|\n|poke|p2|Volcarona, F|\n|poke|p2|Garchomp, F|\n|poke|p2|Ogerpon-Cornerstone, F|\n|teampreview\n|\n|t:|1701146668\n|start\n|switch|p1a: Iron Treads|Iron Treads|100\/100\n|switch|p2a: Garchomp|Garchomp, F|100\/100\n|turn|1\n|\n|t:|1701146673\n|-zpower|p1a: Iron Treads\n|move|p1a: Iron Treads|Subzero Slammer|p2a: Garchomp|[zeffect]\n|-supereffective|p2a: Garchomp\n|-damage|p2a: Garchomp|0 fnt\n|faint|p2a: Garchomp\n|\n|upkeep\n|\n|t:|1701146688\n|switch|p2a: \u5b89\u6155\u5e0c|Diancie|100\/100\n|turn|2\n|\n|t:|1701146691\n|detailschange|p2a: \u5b89\u6155\u5e0c|Diancie-Mega\n|-mega|p2a: \u5b89\u6155\u5e0c|Diancie|Diancite\n|move|p2a: \u5b89\u6155\u5e0c|Earth Power|p1a: Iron Treads\n|-supereffective|p1a: Iron Treads\n|-damage|p1a: Iron Treads|12\/100\n|move|p1a: Iron Treads|Earthquake|p2a: \u5b89\u6155\u5e0c\n|-supereffective|p2a: \u5b89\u6155\u5e0c\n|-crit|p2a: \u5b89\u6155\u5e0c\n|-damage|p2a: \u5b89\u6155\u5e0c|0 fnt\n|faint|p2a: \u5b89\u6155\u5e0c\n|\n|upkeep\n|\n|t:|1701146696\n|switch|p2a: Volcarona|Volcarona, F|100\/100\n|turn|3\n|\n|t:|1701146700\n|move|p1a: Iron Treads|Stealth Rock|p2a: Volcarona\n|-sidestart|p2: zhoudunyi|move: Stealth Rock\n|move|p2a: Volcarona|Quiver Dance|p2a: Volcarona\n|-boost|p2a: Volcarona|spa|1\n|-boost|p2a: Volcarona|spd|1\n|-boost|p2a: Volcarona|spe|1\n|\n|upkeep\n|turn|4\n|\n|t:|1701146705\n|-end|p1a: Iron Treads|Quark Drive|[silent]\n|switch|p1a: Muk|Muk-Alola, M|100\/100\n|move|p2a: Volcarona|Fiery Dance|p1a: Muk\n|-damage|p1a: Muk|68\/100\n|\n|upkeep\n|turn|5\n|\n|t:|1701146710\n|-terastallize|p2a: Volcarona|Ground\n|move|p2a: Volcarona|Tera Blast|p1a: Muk|[anim] Tera Blast Ground\n|-supereffective|p1a: Muk\n|-damage|p1a: Muk|2\/100\n|move|p1a: Muk|Poison Jab|p2a: Volcarona\n|-resisted|p2a: Volcarona\n|-damage|p2a: Volcarona|75\/100\n|\n|upkeep\n|turn|6\n|\n|t:|1701146724\n|switch|p1a: Iron Treads|Iron Treads|12\/100\n|move|p2a: Volcarona|Fiery Dance|p1a: Iron Treads\n|-supereffective|p1a: Iron Treads\n|-damage|p1a: Iron Treads|0 fnt\n|faint|p1a: Iron Treads\n|-end|p1a: Iron Treads|Quark Drive|[silent]\n|\n|upkeep\n|\n|t:|1701146727\n|switch|p1a: Rillaboom|Rillaboom, F|100\/100\n|-fieldstart|move: Grassy Terrain|[from] ability: Grassy Surge|[of] p1a: Rillaboom\n|turn|7\n|\n|t:|1701146730\n|move|p1a: Rillaboom|Grassy Glide|p2a: Volcarona\n|-supereffective|p2a: Volcarona\n|-damage|p2a: Volcarona|0 fnt\n|faint|p2a: Volcarona\n|\n|upkeep\n|\n|t:|1701146732\n|switch|p2a: Zapdos|Zapdos|100\/100\n|turn|8\n|\n|t:|1701146743\n|switch|p1a: Muk|Muk-Alola, M|2\/100\n|move|p2a: Zapdos|Defog|p1a: Muk\n|-unboost|p1a: Muk|evasion|1\n|-sideend|p2: zhoudunyi|Stealth Rock|[from] move: Defog|[of] p2a: Zapdos\n|-fieldend|move: Grassy Terrain\n|\n|upkeep\n|turn|9\n|\n|t:|1701146752\n|move|p2a: Zapdos|Volt Switch|p1a: Muk\n|-damage|p1a: Muk|0 fnt\n|faint|p1a: Muk\n|\n|t:|1701146755\n|switch|p2a: Ogerpon|Ogerpon-Cornerstone, F|100\/100|[from] Volt Switch\n|\n|upkeep\n|\n|t:|1701146764\n|switch|p1a: Rillaboom|Rillaboom, F|100\/100\n|-fieldstart|move: Grassy Terrain|[from] ability: Grassy Surge|[of] p1a: Rillaboom\n|turn|10\n|\n|t:|1701146768\n|switch|p2a: Zapdos|Zapdos|100\/100\n|move|p1a: Rillaboom|Wood Hammer|p2a: Zapdos\n|-resisted|p2a: Zapdos\n|-damage|p2a: Zapdos|57\/100\n|-status|p1a: Rillaboom|par|[from] ability: Static|[of] p2a: Zapdos\n|-damage|p1a: Rillaboom|85\/100 par|[from] Recoil\n|\n|-heal|p1a: Rillaboom|91\/100 par|[from] Grassy Terrain\n|upkeep\n|turn|11\n|\n|t:|1701146780\n|switch|p1a: Mew|Mew|100\/100\n|move|p2a: Zapdos|Roost|p2a: Zapdos\n|-heal|p2a: Zapdos|100\/100\n|-singleturn|p2a: Zapdos|move: Roost\n|\n|upkeep\n|turn|12\n|\n|t:|1701146787\n|move|p1a: Mew|Cosmic Power|p1a: Mew\n|-boost|p1a: Mew|def|1\n|-boost|p1a: Mew|spd|1\n|move|p2a: Zapdos|Volt Switch|p1a: Mew\n|-damage|p1a: Mew|85\/100\n|\n|t:|1701146789\n|switch|p2a: Ogerpon|Ogerpon-Cornerstone, F|100\/100|[from] Volt Switch\n|\n|-heal|p1a: Mew|91\/100|[from] Grassy Terrain\n|upkeep\n|turn|13\n|\n|t:|1701146792\n|switch|p1a: Skeledirge|Skeledirge, F|100\/100\n|move|p2a: Ogerpon|Encore||[still]\n|-fail|p2a: Ogerpon\n|\n|upkeep\n|turn|14\n|\n|t:|1701146794\n|move|p2a: Ogerpon|Ivy Cudgel|p1a: Skeledirge|[anim] Ivy Cudgel Rock\n|-supereffective|p1a: Skeledirge\n|-damage|p1a: Skeledirge|34\/100\n|move|p1a: Skeledirge|Will-O-Wisp|p2a: Ogerpon|[miss]\n|-miss|p1a: Skeledirge|p2a: Ogerpon\n|\n|-heal|p1a: Skeledirge|41\/100|[from] Grassy Terrain\n|-fieldend|move: Grassy Terrain\n|upkeep\n|turn|15\n|\n|t:|1701146805\n|-terastallize|p1a: Skeledirge|Fairy\n|move|p2a: Ogerpon|Ivy Cudgel|p1a: Skeledirge|[anim] Ivy Cudgel Rock\n|-damage|p1a: Skeledirge|4\/100\n|move|p1a: Skeledirge|Will-O-Wisp|p2a: Ogerpon\n|-status|p2a: Ogerpon|brn\n|\n|-damage|p2a: Ogerpon|95\/100 brn|[from] brn\n|upkeep\n|turn|16\n|\n|t:|1701146812\n|switch|p1a: Rillaboom|Rillaboom, F|91\/100 par\n|-fieldstart|move: Grassy Terrain|[from] ability: Grassy Surge|[of] p1a: Rillaboom\n|move|p2a: Ogerpon|Ivy Cudgel|p1a: Rillaboom|[anim] Ivy Cudgel Rock\n|-damage|p1a: Rillaboom|59\/100 par\n|\n|-heal|p2a: Ogerpon|100\/100 brn|[from] Grassy Terrain\n|-heal|p1a: Rillaboom|65\/100 par|[from] Grassy Terrain\n|-damage|p2a: Ogerpon|95\/100 brn|[from] brn\n|upkeep\n|turn|17\n|\n|t:|1701146816\n|move|p2a: Ogerpon|U-turn|p1a: Rillaboom\n|-supereffective|p1a: Rillaboom\n|-damage|p1a: Rillaboom|33\/100 par\n|\n|t:|1701146818\n|switch|p2a: Zapdos|Zapdos|100\/100|[from] U-turn\n|cant|p1a: Rillaboom|par\n|\n|-heal|p1a: Rillaboom|39\/100 par|[from] Grassy Terrain\n|upkeep\n|turn|18\n|\n|t:|1701146827\n|move|p2a: Zapdos|Volt Switch|p1a: Rillaboom\n|-resisted|p1a: Rillaboom\n|-damage|p1a: Rillaboom|19\/100 par\n|\n|t:|1701146830\n|switch|p2a: Ogerpon|Ogerpon-Cornerstone, F|95\/100 brn|[from] Volt Switch\n|move|p1a: Rillaboom|U-turn|p2a: Ogerpon\n|-supereffective|p2a: Ogerpon\n|-damage|p2a: Ogerpon|0 fnt\n|faint|p2a: Ogerpon\n|\n|t:|1701146836\n|switch|p1a: Alomomola|Alomomola, F|100\/100|[from] U-turn\n|\n|upkeep\n|\n|t:|1701146845\n|switch|p2a: Greninja|Greninja, M|100\/100\n|turn|19\n|\n|t:|1701146851\n|move|p2a: Greninja|Dark Pulse|p1a: Alomomola\n|-damage|p1a: Alomomola|55\/100\n|move|p1a: Alomomola|Wish|p1a: Alomomola\n|\n|-heal|p1a: Alomomola|61\/100|[from] Grassy Terrain\n|upkeep\n|turn|20\n|\n|t:|1701146857\n|move|p2a: Greninja|Dark Pulse|p1a: Alomomola\n|-damage|p1a: Alomomola|17\/100\n|move|p1a: Alomomola|Flip Turn|p2a: Greninja\n|-resisted|p2a: Greninja\n|-damage|p2a: Greninja|86\/100\n|\n|t:|1701146862\n|switch|p1a: Rillaboom|Rillaboom, F|19\/100 par|[from] Flip Turn\n|\n|-heal|p1a: Rillaboom|97\/100 par|[from] move: Wish|[wisher] Alomomola\n|-heal|p2a: Greninja|92\/100|[from] Grassy Terrain\n|-heal|p1a: Rillaboom|100\/100 par|[from] Grassy Terrain\n|-fieldend|move: Grassy Terrain\n|upkeep\n|turn|21\n|\n|t:|1701146867\n|switch|p2a: Zapdos|Zapdos|100\/100\n|move|p1a: Rillaboom|U-turn|p2a: Zapdos\n|-resisted|p2a: Zapdos\n|-damage|p2a: Zapdos|87\/100\n|\n|t:|1701146879\n|switch|p1a: Alomomola|Alomomola, F|51\/100|[from] U-turn\n|\n|upkeep\n|turn|22\n|\n|t:|1701146883\n|move|p1a: Alomomola|Protect|p1a: Alomomola\n|-singleturn|p1a: Alomomola|Protect\n|move|p2a: Zapdos|Volt Switch|p1a: Alomomola\n|-activate|p1a: Alomomola|move: Protect\n|\n|upkeep\n|turn|23\n|j| xuxiansheng\n|\n|t:|1701146885\n|switch|p1a: Rillaboom|Rillaboom, F|100\/100 par\n|-fieldstart|move: Grassy Terrain|[from] ability: Grassy Surge|[of] p1a: Rillaboom\n|move|p2a: Zapdos|Volt Switch|p1a: Rillaboom\n|-resisted|p1a: Rillaboom\n|-damage|p1a: Rillaboom|83\/100 par\n|\n|t:|1701146891\n|switch|p2a: Greninja|Greninja, M|92\/100|[from] Volt Switch\n|\n|-heal|p2a: Greninja|98\/100|[from] Grassy Terrain\n|-heal|p1a: Rillaboom|89\/100 par|[from] Grassy Terrain\n|upkeep\n|turn|24\n|\n|t:|1701146896\n|switch|p2a: Zapdos|Zapdos|87\/100\n|switch|p1a: Alomomola|Alomomola, F|84\/100\n|\n|-heal|p1a: Alomomola|90\/100|[from] Grassy Terrain\n|upkeep\n|turn|25\n|\n|t:|1701146901\n|move|p2a: Zapdos|Hurricane|p1a: Alomomola\n|-damage|p1a: Alomomola|54\/100\n|move|p1a: Alomomola|Wish|p1a: Alomomola\n|\n|-heal|p1a: Alomomola|60\/100|[from] Grassy Terrain\n|upkeep\n|turn|26\n|\n|t:|1701146906\n|move|p1a: Alomomola|Protect|p1a: Alomomola\n|-singleturn|p1a: Alomomola|Protect\n|move|p2a: Zapdos|Volt Switch|p1a: Alomomola\n|-activate|p1a: Alomomola|move: Protect\n|\n|-heal|p1a: Alomomola|100\/100|[from] move: Wish|[wisher] Alomomola\n|upkeep\n|turn|27\n|\n|t:|1701146909\n|move|p2a: Zapdos|Hurricane|p1a: Alomomola\n|-damage|p1a: Alomomola|64\/100\n|move|p1a: Alomomola|Wish|p1a: Alomomola\n|\n|-heal|p1a: Alomomola|70\/100|[from] Grassy Terrain\n|-fieldend|move: Grassy Terrain\n|upkeep\n|turn|28\n|\n|t:|1701146915\n|move|p2a: Zapdos|Hurricane|p1a: Alomomola\n|-damage|p1a: Alomomola|33\/100\n|-start|p1a: Alomomola|confusion\n|-activate|p1a: Alomomola|confusion\n|move|p1a: Alomomola|Flip Turn|p2a: Zapdos\n|-damage|p2a: Zapdos|76\/100\n|-status|p1a: Alomomola|par|[from] ability: Static|[of] p2a: Zapdos\n|\n|t:|1701146921\n|switch|p1a: Skeledirge|Skeledirge, F, tera:Fairy|4\/100|[from] Flip Turn\n|\n|-heal|p1a: Skeledirge|69\/100|[from] move: Wish|[wisher] Alomomola\n|upkeep\n|turn|29\n|\n|t:|1701146924\n|move|p2a: Zapdos|Hurricane|p1a: Skeledirge\n|-damage|p1a: Skeledirge|17\/100\n|move|p1a: Skeledirge|Slack Off|p1a: Skeledirge\n|-heal|p1a: Skeledirge|67\/100\n|\n|upkeep\n|turn|30\n|\n|t:|1701146932\n|switch|p1a: Mew|Mew|91\/100\n|move|p2a: Zapdos|Volt Switch|p1a: Mew\n|-damage|p1a: Mew|64\/100\n|\n|t:|1701146941\n|switch|p2a: Greninja|Greninja, M|98\/100|[from] Volt Switch\n|\n|upkeep\n|turn|31\n|\n|t:|1701146945\n|move|p2a: Greninja|Surf|p1a: Mew\n|-crit|p1a: Mew\n|-damage|p1a: Mew|0 fnt\n|faint|p1a: Mew\n|-ability|p2a: Greninja|Battle Bond|boost\n|-boost|p2a: Greninja|atk|1\n|-boost|p2a: Greninja|spa|1\n|-boost|p2a: Greninja|spe|1\n|-activate|p2a: Greninja|ability: Battle Bond\n|\n|upkeep\n|\n|t:|1701146949\n|switch|p1a: Rillaboom|Rillaboom, F|89\/100 par\n|-fieldstart|move: Grassy Terrain|[from] ability: Grassy Surge|[of] p1a: Rillaboom\n|turn|32\n|\n|t:|1701146951\n|switch|p2a: Zapdos|Zapdos|76\/100\n|move|p1a: Rillaboom|Grassy Glide|p2a: Zapdos\n|-resisted|p2a: Zapdos\n|-damage|p2a: Zapdos|54\/100\n|\n|-heal|p1a: Rillaboom|95\/100 par|[from] Grassy Terrain\n|upkeep\n|turn|33\n|\n|t:|1701146958\n|switch|p1a: Alomomola|Alomomola, F|66\/100 par\n|move|p2a: Zapdos|Hurricane|p1a: Alomomola\n|-damage|p1a: Alomomola|31\/100 par\n|-start|p1a: Alomomola|confusion\n|\n|-heal|p1a: Alomomola|37\/100 par|[from] Grassy Terrain\n|upkeep\n|turn|34\n|\n|t:|1701146964\n|-activate|p1a: Alomomola|confusion\n|move|p1a: Alomomola|Protect|p1a: Alomomola\n|-singleturn|p1a: Alomomola|Protect\n|move|p2a: Zapdos|Hurricane|p1a: Alomomola\n|-activate|p1a: Alomomola|move: Protect\n|\n|-heal|p1a: Alomomola|43\/100 par|[from] Grassy Terrain\n|upkeep\n|turn|35\n|\n|t:|1701146968\n|move|p2a: Zapdos|Volt Switch|p1a: Alomomola\n|-supereffective|p1a: Alomomola\n|-damage|p1a: Alomomola|0 fnt\n|faint|p1a: Alomomola\n|\n|t:|1701146971\n|switch|p2a: Greninja|Greninja, M|98\/100|[from] Volt Switch\n|\n|-heal|p2a: Greninja|100\/100|[from] Grassy Terrain\n|upkeep\n|j| jkljlkh\n|\n|t:|1701146973\n|switch|p1a: Rillaboom|Rillaboom, F|95\/100 par\n|turn|36\n|\n|t:|1701146976\n|switch|p2a: Zapdos|Zapdos|54\/100\n|move|p1a: Rillaboom|Wood Hammer|p2a: Zapdos\n|-resisted|p2a: Zapdos\n|-damage|p2a: Zapdos|8\/100\n|-damage|p1a: Rillaboom|78\/100 par|[from] Recoil\n|\n|-heal|p1a: Rillaboom|84\/100 par|[from] Grassy Terrain\n|-fieldend|move: Grassy Terrain\n|upkeep\n|turn|37\n|l| jkljlkh\n|\n|t:|1701146981\n|switch|p1a: Skeledirge|Skeledirge, F, tera:Fairy|67\/100\n|move|p2a: Zapdos|Roost|p2a: Zapdos\n|-heal|p2a: Zapdos|58\/100\n|-singleturn|p2a: Zapdos|move: Roost\n|\n|upkeep\n|turn|38\n|\n|t:|1701146987\n|move|p2a: Zapdos|Roost|p2a: Zapdos\n|-heal|p2a: Zapdos|100\/100\n|-singleturn|p2a: Zapdos|move: Roost\n|move|p1a: Skeledirge|Slack Off|p1a: Skeledirge\n|-heal|p1a: Skeledirge|100\/100\n|\n|upkeep\n|turn|39\n|\n|t:|1701146997\n|move|p2a: Zapdos|Volt Switch|p1a: Skeledirge\n|-damage|p1a: Skeledirge|70\/100\n|\n|t:|1701146999\n|switch|p2a: Greninja|Greninja, M|100\/100|[from] Volt Switch\n|move|p1a: Skeledirge|Torch Song|p2a: Greninja\n|-resisted|p2a: Greninja\n|-damage|p2a: Greninja|75\/100\n|-boost|p1a: Skeledirge|spa|1\n|\n|upkeep\n|turn|40\n|\n|t:|1701147002\n|move|p2a: Greninja|Surf|p1a: Skeledirge\n|-damage|p1a: Skeledirge|3\/100\n|move|p1a: Skeledirge|Slack Off|p1a: Skeledirge\n|-heal|p1a: Skeledirge|53\/100\n|\n|upkeep\n|turn|41\n|\n|t:|1701147005\n|switch|p1a: Rillaboom|Rillaboom, F|84\/100 par\n|-fieldstart|move: Grassy Terrain|[from] ability: Grassy Surge|[of] p1a: Rillaboom\n|move|p2a: Greninja|Surf|p1a: Rillaboom\n|-resisted|p1a: Rillaboom\n|-damage|p1a: Rillaboom|41\/100 par\n|\n|-heal|p2a: Greninja|81\/100|[from] Grassy Terrain\n|-heal|p1a: Rillaboom|48\/100 par|[from] Grassy Terrain\n|upkeep\n|turn|42\n|\n|t:|1701147009\n|switch|p2a: Zapdos|Zapdos|100\/100\n|move|p1a: Rillaboom|U-turn|p2a: Zapdos\n|-resisted|p2a: Zapdos\n|-damage|p2a: Zapdos|87\/100\n|\n|t:|1701147011\n|switch|p1a: Skeledirge|Skeledirge, F, tera:Fairy|53\/100|[from] U-turn\n|\n|-heal|p1a: Skeledirge|59\/100|[from] Grassy Terrain\n|upkeep\n|turn|43\n|\n|t:|1701147013\n|move|p2a: Zapdos|Volt Switch|p1a: Skeledirge\n|-damage|p1a: Skeledirge|29\/100\n|\n|t:|1701147016\n|switch|p2a: Greninja|Greninja, M|81\/100|[from] Volt Switch\n|move|p1a: Skeledirge|Slack Off|p1a: Skeledirge\n|-heal|p1a: Skeledirge|79\/100\n|\n|-heal|p2a: Greninja|87\/100|[from] Grassy Terrain\n|-heal|p1a: Skeledirge|85\/100|[from] Grassy Terrain\n|upkeep\n|turn|44\n|\n|t:|1701147020\n|move|p2a: Greninja|Surf|p1a: Skeledirge\n|-damage|p1a: Skeledirge|17\/100\n|move|p1a: Skeledirge|Torch Song|p2a: Greninja\n|-resisted|p2a: Greninja\n|-damage|p2a: Greninja|65\/100\n|-boost|p1a: Skeledirge|spa|1\n|\n|-heal|p2a: Greninja|71\/100|[from] Grassy Terrain\n|-heal|p1a: Skeledirge|23\/100|[from] Grassy Terrain\n|upkeep\n|turn|45\n|-message|nncc\u6781\u5149 forfeited.\n|\n|win|zhoudunyi\n|raw|nncc\u6781\u5149's rating: 1742 &rarr; <strong>1719<\/strong><br \/>(-23 for losing)\n|raw|zhoudunyi's rating: 1693 &rarr; <strong>1716<\/strong><br \/>(+23 for winning)\n|l|\u2606nncc\u6781\u5149\n","uploadtime":1701147031,"views":13,"p1id":"nncc","p2id":"zhoudunyi","formatid":"gen9nationaldex","rating":1716,"private":0,"password":""}