{"id":"gen9nationaldex-1991600895","p1":"Chrisstan","p2":"Dk Zay","format":"[Gen 9] National Dex","log":"|j|\u2606Chrisstan\n|j|\u203dDk Zay\n|t:|1700092859\n|gametype|singles\n|player|p1|Chrisstan|169|1353\n|player|p2|Dk Zay|102|1552\n|teamsize|p1|6\n|teamsize|p2|6\n|gen|9\n|tier|[Gen 9] National Dex\n|rated|\n|rule|HP Percentage Mod: HP is shown in percentages\n|rule|Endless Battle Clause: Forcing endless battles is banned\n|rule|OHKO Clause: OHKO moves are banned\n|rule|Evasion Clause: Evasion abilities, items, and moves are banned\n|rule|Evasion Abilities Clause: Evasion abilities are banned\n|rule|Evasion Items Clause: Evasion items are banned\n|rule|Evasion Moves Clause: Evasion moves are banned\n|rule|Species Clause: Limit one of each Pok\u00e9mon\n|rule|Sleep Clause Mod: Limit one foe put to sleep\n|clearpoke\n|poke|p1|Charizard, F|\n|poke|p1|Serperior, F|\n|poke|p1|Tyranitar, M|\n|poke|p1|Great Tusk|\n|poke|p1|Doublade, M|\n|poke|p1|Alomomola, F|\n|poke|p2|Pelipper, F|\n|poke|p2|Basculegion-F, F|\n|poke|p2|Swampert, M|\n|poke|p2|Ogerpon-Wellspring, F|\n|poke|p2|Aegislash, M|\n|poke|p2|Keldeo-Resolute|\n|teampreview\n|inactive|Battle timer is ON: inactive players will automatically lose when time's up. (requested by Dk Zay)\n|inactive|Dk Zay has 120 seconds left.\n|\n|t:|1700092890\n|start\n|switch|p1a: Charizard|Charizard, F|100\/100\n|switch|p2a: Pelipper|Pelipper, F, shiny|100\/100\n|-weather|RainDance|[from] ability: Drizzle|[of] p2a: Pelipper\n|turn|1\n|\n|t:|1700092900\n|switch|p2a: Aegislash|Aegislash, M, shiny|100\/100\n|detailschange|p1a: Charizard|Charizard-Mega-Y, F\n|-mega|p1a: Charizard|Charizard|Charizardite Y\n|-weather|SunnyDay|[from] ability: Drought|[of] p1a: Charizard\n|move|p1a: Charizard|Solar Beam||[still]\n|-prepare|p1a: Charizard|Solar Beam\n|-anim|p1a: Charizard|Solar Beam|p2a: Aegislash\n|-resisted|p2a: Aegislash\n|-damage|p2a: Aegislash|86\/100\n|\n|-weather|SunnyDay|[upkeep]\n|-heal|p2a: Aegislash|92\/100|[from] item: Leftovers\n|upkeep\n|turn|2\n|\n|t:|1700092905\n|switch|p2a: Pelipper|Pelipper, F, shiny|100\/100\n|-weather|RainDance|[from] ability: Drizzle|[of] p2a: Pelipper\n|move|p1a: Charizard|Weather Ball|p2a: Pelipper\n|-resisted|p2a: Pelipper\n|-damage|p2a: Pelipper|55\/100\n|\n|-weather|RainDance|[upkeep]\n|upkeep\n|turn|3\n|\n|t:|1700092918\n|switch|p1a: Tyranitar|Tyranitar, M|100\/100\n|-weather|Sandstorm|[from] ability: Sand Stream|[of] p1a: Tyranitar\n|switch|p2a: Swampert|Swampert, M|100\/100\n|\n|-weather|Sandstorm|[upkeep]\n|upkeep\n|turn|4\n|\n|t:|1700092929\n|detailschange|p2a: Swampert|Swampert-Mega, M\n|-mega|p2a: Swampert|Swampert|Swampertite\n|move|p2a: Swampert|Earthquake|p1a: Tyranitar\n|-supereffective|p1a: Tyranitar\n|-enditem|p1a: Tyranitar|Shuca Berry|[eat]\n|-enditem|p1a: Tyranitar|Shuca Berry|[weaken]\n|-damage|p1a: Tyranitar|55\/100\n|move|p1a: Tyranitar|Stealth Rock|p2a: Swampert\n|-sidestart|p2: Dk Zay|move: Stealth Rock\n|\n|-weather|Sandstorm|[upkeep]\n|upkeep\n|turn|5\n|\n|t:|1700092942\n|switch|p1a: Alomomola|Alomomola, F, shiny|100\/100\n|move|p2a: Swampert|Flip Turn|p1a: Alomomola\n|-resisted|p1a: Alomomola\n|-damage|p1a: Alomomola|91\/100\n|\n|t:|1700092944\n|switch|p2a: Pelipper|Pelipper, F, shiny|55\/100|[from] Flip Turn\n|-damage|p2a: Pelipper|30\/100|[from] Stealth Rock\n|-weather|RainDance|[from] ability: Drizzle|[of] p2a: Pelipper\n|\n|-weather|RainDance|[upkeep]\n|upkeep\n|turn|6\n|\n|t:|1700092951\n|switch|p1a: Serperior|Serperior, F|100\/100\n|move|p2a: Pelipper|Defog|p1a: Serperior\n|-boost|p1a: Serperior|evasion|1\n|-sideend|p2: Dk Zay|Stealth Rock|[from] move: Defog|[of] p2a: Pelipper\n|\n|-weather|RainDance|[upkeep]\n|upkeep\n|turn|7\n|\n|t:|1700092961\n|switch|p2a: Aegislash|Aegislash, M, shiny|92\/100\n|move|p1a: Serperior|Leaf Storm|p2a: Aegislash\n|-resisted|p2a: Aegislash\n|-damage|p2a: Aegislash|80\/100\n|-boost|p1a: Serperior|spa|2\n|\n|-weather|RainDance|[upkeep]\n|-heal|p2a: Aegislash|86\/100|[from] item: Leftovers\n|upkeep\n|turn|8\n|\n|t:|1700092972\n|move|p1a: Serperior|Substitute|p1a: Serperior\n|-start|p1a: Serperior|Substitute\n|-damage|p1a: Serperior|76\/100\n|move|p2a: Aegislash|Toxic|p1a: Serperior|[miss]\n|-miss|p2a: Aegislash|p1a: Serperior\n|\n|-weather|RainDance|[upkeep]\n|-heal|p1a: Serperior|82\/100|[from] item: Leftovers\n|-heal|p2a: Aegislash|92\/100|[from] item: Leftovers\n|upkeep\n|turn|9\n|\n|t:|1700092982\n|move|p1a: Serperior|Glare|p2a: Aegislash\n|-status|p2a: Aegislash|par\n|-formechange|p2a: Aegislash|Aegislash-Blade||[from] ability: Stance Change\n|move|p2a: Aegislash|Sacred Sword|p1a: Serperior\n|-end|p1a: Serperior|Substitute\n|\n|-weather|RainDance|[upkeep]\n|-heal|p1a: Serperior|88\/100|[from] item: Leftovers\n|-heal|p2a: Aegislash|99\/100 par|[from] item: Leftovers\n|upkeep\n|turn|10\n|\n|t:|1700092995\n|-formechange|p2a: Aegislash|Aegislash||[from] ability: Stance Change\n|move|p2a: Aegislash|King's Shield|p2a: Aegislash\n|-singleturn|p2a: Aegislash|Protect\n|move|p1a: Serperior|Substitute|p1a: Serperior\n|-start|p1a: Serperior|Substitute\n|-damage|p1a: Serperior|63\/100\n|\n|-weather|RainDance|[upkeep]\n|-heal|p1a: Serperior|69\/100|[from] item: Leftovers\n|-heal|p2a: Aegislash|100\/100 par|[from] item: Leftovers\n|upkeep\n|turn|11\n|-message|Dk Zay forfeited.\n|\n|win|Chrisstan\n|raw|Chrisstan's rating: 1353 &rarr; <strong>1383<\/strong><br \/>(+30 for winning)\n|raw|Dk Zay's rating: 1552 &rarr; <strong>1522<\/strong><br \/>(-30 for losing)\n|l|\u203dDk Zay\n","uploadtime":1700093006,"views":6,"p1id":"chrisstan","p2id":"dkzay","formatid":"gen9nationaldex","rating":1383,"private":0,"password":""}