{"id":"gen9nationaldex-1992748368","p1":"fenomous","p2":"The_Matouflamme","format":"[Gen 9] National Dex","log":"|j|\u2606fenomous\n|j|\u2606The_Matouflamme\n|t:|1700231839\n|gametype|singles\n|player|p1|fenomous|rocketgrunt|1174\n|player|p2|The_Matouflamme|richboy|1085\n|teamsize|p1|6\n|teamsize|p2|6\n|gen|9\n|tier|[Gen 9] National Dex\n|rated|\n|rule|HP Percentage Mod: HP is shown in percentages\n|rule|Endless Battle Clause: Forcing endless battles is banned\n|rule|OHKO Clause: OHKO moves are banned\n|rule|Evasion Clause: Evasion abilities, items, and moves are banned\n|rule|Evasion Abilities Clause: Evasion abilities are banned\n|rule|Evasion Items Clause: Evasion items are banned\n|rule|Evasion Moves Clause: Evasion moves are banned\n|rule|Species Clause: Limit one of each Pok\u00e9mon\n|rule|Sleep Clause Mod: Limit one foe put to sleep\n|clearpoke\n|poke|p1|Tyrantrum, M|\n|poke|p1|Typhlosion, F|\n|poke|p1|Beedrill, M|\n|poke|p1|Porygon2|\n|poke|p1|Corsola-Galar, M|\n|poke|p1|Gengar, F|\n|poke|p2|Gliscor, M|\n|poke|p2|Slither Wing|\n|poke|p2|Great Tusk|\n|poke|p2|Heatran, M|\n|poke|p2|Volcarona, F|\n|poke|p2|Charizard, F|\n|teampreview\n|inactive|Battle timer is ON: inactive players will automatically lose when time's up. (requested by fenomous)\n|\n|t:|1700231868\n|start\n|switch|p1a: Tyrantrum|Tyrantrum, M, shiny|100\/100\n|switch|p2a: Charizard|Charizard, F|100\/100\n|turn|1\n|inactive|The_Matouflamme also wants the timer to be on.\n|\n|t:|1700231881\n|detailschange|p2a: Charizard|Charizard-Mega-Y, F\n|-mega|p2a: Charizard|Charizard|Charizardite Y\n|-weather|SunnyDay|[from] ability: Drought|[of] p2a: Charizard\n|move|p2a: Charizard|Scorching Sands|p1a: Tyrantrum\n|-supereffective|p1a: Tyrantrum\n|-damage|p1a: Tyrantrum|1\/100\n|move|p1a: Tyrantrum|Dragon Dance|p1a: Tyrantrum\n|-boost|p1a: Tyrantrum|atk|1\n|-boost|p1a: Tyrantrum|spe|1\n|\n|-weather|SunnyDay|[upkeep]\n|upkeep\n|turn|2\n|\n|t:|1700231895\n|move|p1a: Tyrantrum|Head Smash|p2a: Charizard\n|-supereffective|p2a: Charizard\n|-damage|p2a: Charizard|0 fnt\n|faint|p2a: Charizard\n|\n|-weather|SunnyDay|[upkeep]\n|upkeep\n|\n|t:|1700231905\n|switch|p2a: Slither Wing|Slither Wing|100\/100\n|-activate|p2a: Slither Wing|ability: Protosynthesis\n|-start|p2a: Slither Wing|protosynthesisatk\n|turn|3\n|\n|t:|1700231913\n|move|p2a: Slither Wing|U-turn|p1a: Tyrantrum\n|-damage|p1a: Tyrantrum|0 fnt\n|faint|p1a: Tyrantrum\n|\n|t:|1700231917\n|-end|p2a: Slither Wing|Protosynthesis|[silent]\n|switch|p2a: Great Tusk|Great Tusk|100\/100|[from] U-turn\n|-activate|p2a: Great Tusk|ability: Protosynthesis\n|-start|p2a: Great Tusk|protosynthesisatk\n|\n|-weather|SunnyDay|[upkeep]\n|upkeep\n|\n|t:|1700231926\n|switch|p1a: Corsola|Corsola-Galar, M|100\/100\n|turn|4\n|\n|t:|1700231932\n|move|p2a: Great Tusk|Stealth Rock|p1a: Corsola\n|-sidestart|p1: fenomous|move: Stealth Rock\n|move|p1a: Corsola|Strength Sap|p2a: Great Tusk\n|-unboost|p2a: Great Tusk|atk|1\n|\n|-weather|SunnyDay|[upkeep]\n|upkeep\n|turn|5\n|\n|t:|1700231938\n|-end|p2a: Great Tusk|Protosynthesis|[silent]\n|switch|p2a: Volcarona|Volcarona, F|100\/100\n|move|p1a: Corsola|Will-O-Wisp|p2a: Volcarona|[miss]\n|-miss|p1a: Corsola|p2a: Volcarona\n|\n|-weather|none\n|upkeep\n|turn|6\n|\n|t:|1700231950\n|switch|p1a: Beedrill|Beedrill, M|100\/100\n|-damage|p1a: Beedrill|76\/100|[from] Stealth Rock\n|move|p2a: Volcarona|Quiver Dance|p2a: Volcarona\n|-boost|p2a: Volcarona|spa|1\n|-boost|p2a: Volcarona|spd|1\n|-boost|p2a: Volcarona|spe|1\n|\n|upkeep\n|turn|7\n|\n|t:|1700231966\n|detailschange|p1a: Beedrill|Beedrill-Mega, M\n|-mega|p1a: Beedrill|Beedrill|Beedrillite\n|move|p1a: Beedrill|Drill Run|p2a: Volcarona\n|-damage|p2a: Volcarona|62\/100\n|move|p2a: Volcarona|Fiery Dance|p1a: Beedrill\n|-supereffective|p1a: Beedrill\n|-damage|p1a: Beedrill|0 fnt\n|-boost|p2a: Volcarona|spa|1\n|faint|p1a: Beedrill\n|\n|upkeep\n|-message|fenomous forfeited.\n|\n|win|The_Matouflamme\n|raw|fenomous's rating: 1174 &rarr; <strong>1143<\/strong><br \/>(-31 for losing)\n|raw|The_Matouflamme's rating: 1085 &rarr; <strong>1119<\/strong><br \/>(+34 for winning)\n|l|\u2606fenomous\n","uploadtime":1700231978,"views":6,"p1id":"fenomous","p2id":"thematouflamme","formatid":"gen9nationaldex","rating":1119,"private":0,"password":""}