{"id":"gen9nationaldex-1999977551","p1":"Deriverse","p2":"not_kastadiva","format":"[Gen 9] National Dex","log":"|html|<div class=\"broadcast-blue\"><strong>[Gen 9] National Dex is currently suspecting Sneasler! For information on how to participate check out the <a href=\"https:\/\/www.smogon.com\/forums\/threads\/sv-national-dex-suspect-8-just-dance.3731534\/\">suspect thread<\/a>.<\/strong><\/div>\n|j|\u2606Deriverse\n|j|\u2606not_kastadiva\n|t:|1701136861\n|gametype|singles\n|player|p1|Deriverse|veteranf|1535\n|player|p2|not_kastadiva|1|1597\n|teamsize|p1|6\n|teamsize|p2|6\n|gen|9\n|tier|[Gen 9] National Dex\n|rated|\n|rule|HP Percentage Mod: HP is shown in percentages\n|rule|Endless Battle Clause: Forcing endless battles is banned\n|rule|OHKO Clause: OHKO moves are banned\n|rule|Evasion Clause: Evasion abilities, items, and moves are banned\n|rule|Evasion Abilities Clause: Evasion abilities are banned\n|rule|Evasion Items Clause: Evasion items are banned\n|rule|Evasion Moves Clause: Evasion moves are banned\n|rule|Species Clause: Limit one of each Pok\u00e9mon\n|rule|Sleep Clause Mod: Limit one foe put to sleep\n|clearpoke\n|poke|p1|Gliscor, F|\n|poke|p1|Tapu Lele|\n|poke|p1|Volcarona, F|\n|poke|p1|Ferrothorn, M|\n|poke|p1|Toxapex, F|\n|poke|p1|Rotom-Wash|\n|poke|p2|Ursaluna, M|\n|poke|p2|Hatterene, F|\n|poke|p2|Hoopa-Unbound|\n|poke|p2|Sinistcha-Masterpiece|\n|poke|p2|Iron Hands|\n|poke|p2|Mawile, M|\n|teampreview\n|inactive|Battle timer is ON: inactive players will automatically lose when time's up. (requested by Deriverse)\n|\n|t:|1701136881\n|start\n|switch|p1a: Gliscor|Gliscor, F|100\/100\n|switch|p2a: Hatterene|Hatterene, F|100\/100\n|turn|1\n|\n|t:|1701136888\n|move|p1a: Gliscor|Knock Off|p2a: Hatterene\n|-damage|p2a: Hatterene|77\/100\n|-enditem|p2a: Hatterene|Focus Sash|[from] move: Knock Off|[of] p1a: Gliscor\n|move|p2a: Hatterene|Trick|p1a: Gliscor\n|-activate|p2a: Hatterene|move: Trick|[of] p1a: Gliscor\n|-enditem|p1a: Gliscor|Toxic Orb|[silent]|[from] move: Trick\n|-item|p2a: Hatterene|Toxic Orb|[from] move: Trick\n|\n|-status|p2a: Hatterene|tox|[from] item: Toxic Orb\n|upkeep\n|turn|2\n|\n|t:|1701136898\n|move|p1a: Gliscor|Toxic|p2a: Hatterene\n|move|p2a: Hatterene|Toxic|p1a: Gliscor|[from]ability: Magic Bounce|[miss]\n|-miss|p2a: Hatterene|p1a: Gliscor\n|move|p2a: Hatterene|Trick Room|p2a: Hatterene\n|-fieldstart|move: Trick Room|[of] p2a: Hatterene\n|\n|-damage|p2a: Hatterene|71\/100 tox|[from] psn\n|upkeep\n|turn|3\n|\n|t:|1701136902\n|move|p2a: Hatterene|Healing Wish|p2a: Hatterene\n|faint|p2a: Hatterene\n|move|p1a: Gliscor|Toxic|p2: Hatterene|[notarget]\n|-fail|p1a: Gliscor\n|\n|upkeep\n|c|\u2606not_kastadiva|Nice idea hhahhaa\n|\n|t:|1701136921\n|switch|p2a: Ursaluna|Ursaluna, M|100\/100\n|turn|4\n|\n|t:|1701136925\n|move|p2a: Ursaluna|Swords Dance|p2a: Ursaluna\n|-boost|p2a: Ursaluna|atk|2\n|move|p1a: Gliscor|Counter||[still]\n|-fail|p1a: Gliscor\n|\n|-status|p2a: Ursaluna|brn|[from] item: Flame Orb\n|upkeep\n|turn|5\n|\n|t:|1701136933\n|move|p2a: Ursaluna|Facade|p1a: Gliscor\n|-damage|p1a: Gliscor|0 fnt\n|faint|p1a: Gliscor\n|\n|-damage|p2a: Ursaluna|94\/100 brn|[from] brn\n|upkeep\n|\n|t:|1701136937\n|switch|p1a: Ferrothorn|Ferrothorn, M|100\/100\n|turn|6\n|\n|t:|1701136945\n|move|p1a: Ferrothorn|Stealth Rock|p2a: Ursaluna\n|-sidestart|p2: not_kastadiva|move: Stealth Rock\n|move|p2a: Ursaluna|Throat Chop|p1a: Ferrothorn\n|-damage|p1a: Ferrothorn|21\/100\n|-start|p1a: Ferrothorn|Throat Chop|[silent]\n|-damage|p2a: Ursaluna|82\/100 brn|[from] ability: Iron Barbs|[of] p1a: Ferrothorn\n|\n|-heal|p1a: Ferrothorn|27\/100|[from] item: Leftovers\n|-damage|p2a: Ursaluna|76\/100 brn|[from] brn\n|-fieldend|move: Trick Room\n|upkeep\n|turn|7\n|\n|t:|1701136953\n|move|p2a: Ursaluna|Throat Chop|p1a: Ferrothorn\n|-damage|p1a: Ferrothorn|0 fnt\n|-damage|p2a: Ursaluna|64\/100 brn|[from] ability: Iron Barbs|[of] p1a: Ferrothorn\n|faint|p1a: Ferrothorn\n|\n|-damage|p2a: Ursaluna|58\/100 brn|[from] brn\n|upkeep\n|\n|t:|1701136959\n|switch|p1a: Rotom|Rotom-Wash|100\/100\n|turn|8\n|\n|t:|1701136962\n|switch|p2a: Sinistcha|Sinistcha-Masterpiece|100\/100\n|-damage|p2a: Sinistcha|88\/100|[from] Stealth Rock\n|move|p1a: Rotom|Hydro Pump|p2a: Sinistcha\n|-resisted|p2a: Sinistcha\n|-damage|p2a: Sinistcha|58\/100\n|\n|upkeep\n|turn|9\n|\n|t:|1701136967\n|move|p1a: Rotom|Volt Switch|p2a: Sinistcha\n|-resisted|p2a: Sinistcha\n|-damage|p2a: Sinistcha|41\/100\n|\n|t:|1701136972\n|switch|p1a: Volcarona|Volcarona, F|100\/100|[from] Volt Switch\n|move|p2a: Sinistcha|Trick Room|p2a: Sinistcha\n|-fieldstart|move: Trick Room|[of] p2a: Sinistcha\n|\n|upkeep\n|turn|10\n|\n|t:|1701136979\n|switch|p2a: Iron Hands|Iron Hands|100\/100\n|-damage|p2a: Iron Hands|94\/100|[from] Stealth Rock\n|-enditem|p2a: Iron Hands|Booster Energy\n|-activate|p2a: Iron Hands|ability: Quark Drive|[fromitem]\n|-start|p2a: Iron Hands|quarkdriveatk\n|move|p1a: Volcarona|Fiery Dance|p2a: Iron Hands\n|-damage|p2a: Iron Hands|50\/100\n|\n|upkeep\n|turn|11\n|\n|t:|1701137009\n|-terastallize|p1a: Volcarona|Ground\n|move|p2a: Iron Hands|Wild Charge|p1a: Volcarona\n|-immune|p1a: Volcarona\n|move|p1a: Volcarona|Tera Blast|p2a: Iron Hands|[anim] Tera Blast Ground\n|-supereffective|p2a: Iron Hands\n|-crit|p2a: Iron Hands\n|-damage|p2a: Iron Hands|0 fnt\n|faint|p2a: Iron Hands\n|-end|p2a: Iron Hands|Quark Drive|[silent]\n|\n|upkeep\n|\n|t:|1701137021\n|switch|p2a: Hoopa|Hoopa-Unbound|100\/100\n|-damage|p2a: Hoopa|88\/100|[from] Stealth Rock\n|turn|12\n|\n|t:|1701137039\n|move|p2a: Hoopa|Hyperspace Fury|p1a: Volcarona\n|-damage|p1a: Volcarona|28\/100\n|-unboost|p2a: Hoopa|def|1\n|-enditem|p2a: Hoopa|Eject Pack\n|j| NDSNE zooted\n|\n|t:|1701137045\n|switch|p2a: Mawile|Mawile, M|100\/100\n|-damage|p2a: Mawile|95\/100|[from] Stealth Rock\n|-ability|p2a: Mawile|Intimidate|boost\n|-unboost|p1a: Volcarona|atk|1\n|move|p1a: Volcarona|Fiery Dance|p2a: Mawile\n|-supereffective|p2a: Mawile\n|-damage|p2a: Mawile|0 fnt\n|faint|p2a: Mawile\n|\n|upkeep\n|\n|t:|1701137055\n|switch|p2a: Ursaluna|Ursaluna, M|58\/100 brn\n|-heal|p2a: Ursaluna|100\/100|[from] move: Healing Wish\n|-damage|p2a: Ursaluna|94\/100|[from] Stealth Rock\n|turn|13\n|\n|t:|1701137063\n|move|p2a: Ursaluna|Facade|p1a: Volcarona\n|-damage|p1a: Volcarona|0 fnt\n|faint|p1a: Volcarona\n|\n|-fieldend|move: Trick Room\n|-status|p2a: Ursaluna|brn|[from] item: Flame Orb\n|upkeep\n|\n|t:|1701137066\n|switch|p1a: Rotom|Rotom-Wash|100\/100\n|turn|14\n|\n|t:|1701137071\n|-terastallize|p2a: Ursaluna|Normal\n|move|p1a: Rotom|Nasty Plot|p1a: Rotom\n|-boost|p1a: Rotom|spa|2\n|move|p2a: Ursaluna|Facade|p1a: Rotom\n|-damage|p1a: Rotom|0 fnt\n|faint|p1a: Rotom\n|\n|-damage|p2a: Ursaluna|88\/100 brn|[from] brn\n|upkeep\n|\n|t:|1701137078\n|switch|p1a: Tapu Lele|Tapu Lele|100\/100\n|-fieldstart|move: Psychic Terrain|[from] ability: Psychic Surge|[of] p1a: Tapu Lele\n|turn|15\n|c|\u2606not_kastadiva|Gg\n|\n|t:|1701137084\n|move|p1a: Tapu Lele|Psychic|p2a: Ursaluna\n|-damage|p2a: Ursaluna|0 fnt\n|faint|p2a: Ursaluna\n|\n|upkeep\n|\n|t:|1701137087\n|switch|p2a: Hoopa|Hoopa-Unbound|88\/100\n|-damage|p2a: Hoopa|76\/100|[from] Stealth Rock\n|turn|16\n|\n|t:|1701137090\n|switch|p1a: Toxapex|Toxapex, F|100\/100\n|move|p2a: Hoopa|Trick Room|p2a: Hoopa\n|-fieldstart|move: Trick Room|[of] p2a: Hoopa\n|\n|upkeep\n|turn|17\n|\n|t:|1701137105\n|move|p1a: Toxapex|Stockpile|p1a: Toxapex\n|-start|p1a: Toxapex|stockpile1\n|-boost|p1a: Toxapex|def|1\n|-boost|p1a: Toxapex|spd|1\n|move|p2a: Hoopa|Hyperspace Fury|p1a: Toxapex\n|-damage|p1a: Toxapex|79\/100\n|-unboost|p2a: Hoopa|def|1\n|-item|p2a: Hoopa|Heavy-Duty Boots|[from] ability: Magician|[of] p1a: Toxapex\n|\n|upkeep\n|turn|18\n|\n|t:|1701137113\n|move|p1a: Toxapex|Scald|p2a: Hoopa\n|-damage|p2a: Hoopa|64\/100\n|-status|p2a: Hoopa|brn\n|move|p2a: Hoopa|Hyperspace Fury|p1a: Toxapex\n|-damage|p1a: Toxapex|70\/100\n|-unboost|p2a: Hoopa|def|1\n|\n|-damage|p2a: Hoopa|58\/100 brn|[from] brn\n|upkeep\n|turn|19\n|\n|t:|1701137121\n|switch|p2a: Sinistcha|Sinistcha-Masterpiece|41\/100\n|-damage|p2a: Sinistcha|29\/100|[from] Stealth Rock\n|move|p1a: Toxapex|Scald|p2a: Sinistcha\n|-resisted|p2a: Sinistcha\n|-damage|p2a: Sinistcha|19\/100\n|-status|p2a: Sinistcha|brn\n|\n|-damage|p2a: Sinistcha|16\/100 brn|[from] brn\n|-fieldend|move: Psychic Terrain\n|upkeep\n|turn|20\n|\n|t:|1701137131\n|move|p1a: Toxapex|Scald|p2a: Sinistcha\n|-resisted|p2a: Sinistcha\n|-damage|p2a: Sinistcha|6\/100 brn\n|move|p2a: Sinistcha|Strength Sap|p1a: Toxapex\n|-unboost|p1a: Toxapex|atk|1\n|-heal|p2a: Sinistcha|40\/100 brn\n|\n|-damage|p2a: Sinistcha|37\/100 brn|[from] brn\n|-fieldend|move: Trick Room\n|upkeep\n|turn|21\n|\n|t:|1701137141\n|move|p2a: Sinistcha|Matcha Gotcha|p1a: Toxapex\n|-damage|p1a: Toxapex|53\/100\n|-heal|p2a: Sinistcha|44\/100 brn|[from] drain|[of] p1a: Toxapex\n|-status|p1a: Toxapex|brn\n|move|p1a: Toxapex|Scald|p2a: Sinistcha\n|-resisted|p2a: Sinistcha\n|-damage|p2a: Sinistcha|33\/100 brn\n|\n|-damage|p2a: Sinistcha|31\/100 brn|[from] brn\n|-damage|p1a: Toxapex|47\/100 brn|[from] brn\n|upkeep\n|turn|22\n|\n|t:|1701137152\n|move|p2a: Sinistcha|Nasty Plot|p2a: Sinistcha\n|-boost|p2a: Sinistcha|spa|2\n|move|p1a: Toxapex|Recover|p1a: Toxapex\n|-heal|p1a: Toxapex|97\/100 brn\n|\n|-damage|p2a: Sinistcha|28\/100 brn|[from] brn\n|-damage|p1a: Toxapex|90\/100 brn|[from] brn\n|upkeep\n|turn|23\n|\n|t:|1701137154\n|move|p2a: Sinistcha|Matcha Gotcha|p1a: Toxapex\n|-damage|p1a: Toxapex|55\/100 brn\n|-heal|p2a: Sinistcha|43\/100 brn|[from] drain|[of] p1a: Toxapex\n|move|p1a: Toxapex|Stockpile|p1a: Toxapex\n|-start|p1a: Toxapex|stockpile2\n|-boost|p1a: Toxapex|def|1\n|-boost|p1a: Toxapex|spd|1\n|\n|-damage|p2a: Sinistcha|40\/100 brn|[from] brn\n|-damage|p1a: Toxapex|49\/100 brn|[from] brn\n|upkeep\n|turn|24\n|\n|t:|1701137167\n|move|p2a: Sinistcha|Nasty Plot|p2a: Sinistcha\n|-boost|p2a: Sinistcha|spa|2\n|move|p1a: Toxapex|Scald|p2a: Sinistcha\n|-resisted|p2a: Sinistcha\n|-damage|p2a: Sinistcha|31\/100 brn\n|\n|-damage|p2a: Sinistcha|28\/100 brn|[from] brn\n|-damage|p1a: Toxapex|42\/100 brn|[from] brn\n|upkeep\n|turn|25\n|\n|t:|1701137179\n|move|p2a: Sinistcha|Strength Sap|p1a: Toxapex\n|-unboost|p1a: Toxapex|atk|1\n|-heal|p2a: Sinistcha|50\/100 brn\n|move|p1a: Toxapex|Recover|p1a: Toxapex\n|-heal|p1a: Toxapex|92\/100 brn\n|\n|-damage|p2a: Sinistcha|47\/100 brn|[from] brn\n|-damage|p1a: Toxapex|86\/100 brn|[from] brn\n|upkeep\n|turn|26\n|\n|t:|1701137185\n|move|p2a: Sinistcha|Matcha Gotcha|p1a: Toxapex\n|-damage|p1a: Toxapex|44\/100 brn\n|-heal|p2a: Sinistcha|66\/100 brn|[from] drain|[of] p1a: Toxapex\n|move|p1a: Toxapex|Haze|p1a: Toxapex\n|-clearallboost\n|\n|-damage|p2a: Sinistcha|63\/100 brn|[from] brn\n|-damage|p1a: Toxapex|38\/100 brn|[from] brn\n|upkeep\n|turn|27\n|\n|t:|1701137195\n|move|p1a: Toxapex|Scald|p2a: Sinistcha\n|-resisted|p2a: Sinistcha\n|-damage|p2a: Sinistcha|53\/100 brn\n|move|p2a: Sinistcha|Trick Room|p2a: Sinistcha\n|-fieldstart|move: Trick Room|[of] p2a: Sinistcha\n|\n|-damage|p1a: Toxapex|32\/100 brn|[from] brn\n|-damage|p2a: Sinistcha|50\/100 brn|[from] brn\n|upkeep\n|turn|28\n|\n|t:|1701137200\n|move|p1a: Toxapex|Recover|p1a: Toxapex\n|-heal|p1a: Toxapex|82\/100 brn\n|move|p2a: Sinistcha|Nasty Plot|p2a: Sinistcha\n|-boost|p2a: Sinistcha|spa|2\n|\n|-damage|p1a: Toxapex|75\/100 brn|[from] brn\n|-damage|p2a: Sinistcha|47\/100 brn|[from] brn\n|upkeep\n|turn|29\n|\n|t:|1701137205\n|move|p1a: Toxapex|Haze|p1a: Toxapex\n|-clearallboost\n|move|p2a: Sinistcha|Matcha Gotcha|p1a: Toxapex|[miss]\n|-miss|p2a: Sinistcha|p1a: Toxapex\n|\n|-damage|p1a: Toxapex|69\/100 brn|[from] brn\n|-damage|p2a: Sinistcha|44\/100 brn|[from] brn\n|upkeep\n|turn|30\n|\n|t:|1701137219\n|move|p1a: Toxapex|Scald|p2a: Sinistcha\n|-resisted|p2a: Sinistcha\n|-damage|p2a: Sinistcha|34\/100 brn\n|move|p2a: Sinistcha|Nasty Plot|p2a: Sinistcha\n|-boost|p2a: Sinistcha|spa|2\n|\n|-damage|p1a: Toxapex|63\/100 brn|[from] brn\n|-damage|p2a: Sinistcha|31\/100 brn|[from] brn\n|upkeep\n|turn|31\n|\n|t:|1701137229\n|move|p1a: Toxapex|Scald|p2a: Sinistcha\n|-resisted|p2a: Sinistcha\n|-damage|p2a: Sinistcha|21\/100 brn\n|move|p2a: Sinistcha|Matcha Gotcha|p1a: Toxapex\n|-damage|p1a: Toxapex|10\/100 brn\n|-heal|p2a: Sinistcha|44\/100 brn|[from] drain|[of] p1a: Toxapex\n|\n|-damage|p1a: Toxapex|4\/100 brn|[from] brn\n|-damage|p2a: Sinistcha|41\/100 brn|[from] brn\n|-fieldend|move: Trick Room\n|upkeep\n|turn|32\n|\n|t:|1701137241\n|move|p2a: Sinistcha|Strength Sap|p1a: Toxapex\n|-unboost|p1a: Toxapex|atk|1\n|-heal|p2a: Sinistcha|75\/100 brn\n|move|p1a: Toxapex|Haze|p1a: Toxapex\n|-clearallboost\n|\n|-damage|p2a: Sinistcha|72\/100 brn|[from] brn\n|-damage|p1a: Toxapex|0 fnt|[from] brn\n|faint|p1a: Toxapex\n|upkeep\n|\n|t:|1701137243\n|switch|p1a: Tapu Lele|Tapu Lele|100\/100\n|-fieldstart|move: Psychic Terrain|[from] ability: Psychic Surge|[of] p1a: Tapu Lele\n|turn|33\n|\n|t:|1701137248\n|move|p1a: Tapu Lele|Moonblast|p2a: Sinistcha\n|-damage|p2a: Sinistcha|0 fnt\n|faint|p2a: Sinistcha\n|\n|upkeep\n|\n|t:|1701137251\n|switch|p2a: Hoopa|Hoopa-Unbound|58\/100 brn\n|turn|34\n|\n|t:|1701137254\n|move|p1a: Tapu Lele|Moonblast|p2a: Hoopa\n|-supereffective|p2a: Hoopa\n|-damage|p2a: Hoopa|0 fnt\n|faint|p2a: Hoopa\n|\n|win|Deriverse\n|raw|Deriverse's rating: 1535 &rarr; <strong>1559<\/strong><br \/>(+24 for winning)\n|raw|not_kastadiva's rating: 1597 &rarr; <strong>1573<\/strong><br \/>(-24 for losing)\n|l|\u2606not_kastadiva\n","uploadtime":1701137262,"views":2,"p1id":"deriverse","p2id":"notkastadiva","formatid":"gen9nationaldex","rating":1559,"private":0,"password":""}