{"id":"gen9nationaldex-1993325441","p1":"monkey kkk","p2":"flysix","format":"[Gen 9] National Dex","log":"|j|\u2606monkey kkk\n|j|\u2606flysix\n|t:|1700298714\n|gametype|singles\n|player|p1|monkey kkk|twins-gen4dp|1425\n|player|p2|flysix|rosa|1517\n|teamsize|p1|6\n|teamsize|p2|6\n|gen|9\n|tier|[Gen 9] National Dex\n|rated|\n|rule|HP Percentage Mod: HP is shown in percentages\n|rule|Endless Battle Clause: Forcing endless battles is banned\n|rule|OHKO Clause: OHKO moves are banned\n|rule|Evasion Clause: Evasion abilities, items, and moves are banned\n|rule|Evasion Abilities Clause: Evasion abilities are banned\n|rule|Evasion Items Clause: Evasion items are banned\n|rule|Evasion Moves Clause: Evasion moves are banned\n|rule|Species Clause: Limit one of each Pok\u00e9mon\n|rule|Sleep Clause Mod: Limit one foe put to sleep\n|clearpoke\n|poke|p1|Tapu Koko|\n|poke|p1|Gliscor, M|\n|poke|p1|Ceruledge, M|\n|poke|p1|Serperior, F|\n|poke|p1|Clodsire, F|\n|poke|p1|Celesteela|\n|poke|p2|Torterra, F|\n|poke|p2|Ninetales-Alola, F|\n|poke|p2|Quaquaval, M|\n|poke|p2|Heatran, M|\n|poke|p2|Armarouge, F|\n|poke|p2|Dragonite, F|\n|teampreview\n|inactive|Battle timer is ON: inactive players will automatically lose when time's up. (requested by monkey kkk)\n|\n|t:|1700298730\n|start\n|switch|p1a: Serperior|Serperior, F|100\/100\n|switch|p2a: Ninetales|Ninetales-Alola, F|100\/100\n|-weather|Snow|[from] ability: Snow Warning|[of] p2a: Ninetales\n|turn|1\n|j| xsdwl\n|l| xsdwl\n|\n|t:|1700298747\n|move|p1a: Serperior|Substitute|p1a: Serperior\n|-start|p1a: Serperior|Substitute\n|-damage|p1a: Serperior|75\/100\n|move|p2a: Ninetales|Aurora Veil|p2a: Ninetales\n|-sidestart|p2: flysix|move: Aurora Veil\n|\n|-weather|Snow|[upkeep]\n|-heal|p1a: Serperior|82\/100|[from] item: Leftovers\n|upkeep\n|turn|2\n|j| xsdwl\n|\n|t:|1700298755\n|move|p1a: Serperior|Glare|p2a: Ninetales\n|-status|p2a: Ninetales|par\n|cant|p2a: Ninetales|par\n|\n|-weather|Snow|[upkeep]\n|-heal|p1a: Serperior|88\/100|[from] item: Leftovers\n|upkeep\n|turn|3\n|\n|t:|1700298763\n|move|p1a: Serperior|Leaf Storm|p2a: Ninetales\n|-damage|p2a: Ninetales|76\/100 par\n|-boost|p1a: Serperior|spa|2\n|move|p2a: Ninetales|Encore|p1a: Serperior\n|-start|p1a: Serperior|Encore\n|\n|-weather|Snow|[upkeep]\n|-heal|p1a: Serperior|94\/100|[from] item: Leftovers\n|upkeep\n|turn|4\n|\n|t:|1700298771\n|switch|p2a: Heatran|Heatran, M|100\/100\n|move|p1a: Serperior|Leaf Storm|p2a: Heatran\n|-resisted|p2a: Heatran\n|-damage|p2a: Heatran|89\/100\n|-boost|p1a: Serperior|spa|2\n|\n|-weather|Snow|[upkeep]\n|-heal|p1a: Serperior|99\/100|[from] item: Leftovers\n|upkeep\n|turn|5\n|\n|t:|1700298781\n|move|p1a: Serperior|Leaf Storm|p2a: Heatran|[miss]\n|-miss|p1a: Serperior|p2a: Heatran\n|move|p2a: Heatran|Magma Storm|p1a: Serperior\n|-supereffective|p1a: Serperior\n|-end|p1a: Serperior|Substitute\n|\n|-weather|none\n|-heal|p1a: Serperior|100\/100|[from] item: Leftovers\n|upkeep\n|turn|6\n|\n|t:|1700298795\n|switch|p1a: Clodsire|Clodsire, F|100\/100\n|move|p2a: Heatran|Magma Storm|p1a: Clodsire\n|-damage|p1a: Clodsire|72\/100\n|-activate|p1a: Clodsire|move: Magma Storm|[of] p2a: Heatran\n|\n|-heal|p1a: Clodsire|78\/100|[from] item: Leftovers\n|-damage|p1a: Clodsire|66\/100|[from] move: Magma Storm|[partiallytrapped]\n|upkeep\n|turn|7\n|\n|t:|1700298802\n|move|p2a: Heatran|Taunt|p1a: Clodsire\n|-start|p1a: Clodsire|move: Taunt\n|move|p1a: Clodsire|Earthquake|p2a: Heatran\n|-supereffective|p2a: Heatran\n|-damage|p2a: Heatran|31\/100\n|\n|-heal|p1a: Clodsire|72\/100|[from] item: Leftovers\n|-damage|p1a: Clodsire|60\/100|[from] move: Magma Storm|[partiallytrapped]\n|upkeep\n|turn|8\n|\n|t:|1700298808\n|-zpower|p2a: Heatran\n|move|p2a: Heatran|Corkscrew Crash|p1a: Clodsire|[zeffect]\n|-damage|p1a: Clodsire|9\/100\n|move|p1a: Clodsire|Earthquake|p2a: Heatran\n|-supereffective|p2a: Heatran\n|-damage|p2a: Heatran|0 fnt\n|faint|p2a: Heatran\n|\n|-heal|p1a: Clodsire|15\/100|[from] item: Leftovers\n|-end|p1a: Clodsire|Magma Storm|[partiallytrapped]|[silent]\n|-sideend|p2: flysix|move: Aurora Veil\n|upkeep\n|\n|t:|1700298811\n|switch|p2a: Dragonite|Dragonite, F|100\/100\n|turn|9\n|\n|t:|1700298816\n|switch|p1a: Gliscor|Gliscor, M|100\/100\n|move|p2a: Dragonite|Dragon Dance|p2a: Dragonite\n|-boost|p2a: Dragonite|atk|1\n|-boost|p2a: Dragonite|spe|1\n|\n|-status|p1a: Gliscor|tox|[from] item: Toxic Orb\n|upkeep\n|turn|10\n|\n|t:|1700298823\n|switch|p2a: Ninetales|Ninetales-Alola, F|76\/100 par\n|-weather|Snow|[from] ability: Snow Warning|[of] p2a: Ninetales\n|move|p1a: Gliscor|Toxic||[still]\n|-fail|p1a: Gliscor\n|\n|-weather|Snow|[upkeep]\n|upkeep\n|turn|11\n|l| xsdwl\n|\n|t:|1700298835\n|move|p1a: Gliscor|Spikes|p2a: Ninetales\n|-sidestart|p2: flysix|Spikes\n|move|p2a: Ninetales|Aurora Veil|p2a: Ninetales\n|-sidestart|p2: flysix|move: Aurora Veil\n|\n|-weather|Snow|[upkeep]\n|upkeep\n|turn|12\n|\n|t:|1700298858\n|switch|p1a: Clodsire|Clodsire, F|15\/100\n|move|p2a: Ninetales|Safeguard|p2a: Ninetales\n|-sidestart|p2: flysix|Safeguard\n|\n|-weather|Snow|[upkeep]\n|-heal|p1a: Clodsire|21\/100|[from] item: Leftovers\n|upkeep\n|turn|13\n|inactive|monkey kkk has 120 seconds left.\n|\n|t:|1700298882\n|switch|p2a: Monkey Posession|Armarouge, F|100\/100\n|-damage|p2a: Monkey Posession|88\/100|[from] Spikes\n|move|p1a: Clodsire|Recover|p1a: Clodsire\n|-heal|p1a: Clodsire|71\/100\n|\n|-weather|Snow|[upkeep]\n|-heal|p1a: Clodsire|78\/100|[from] item: Leftovers\n|upkeep\n|turn|14\n|\n|t:|1700298892\n|move|p2a: Monkey Posession|Iron Defense|p2a: Monkey Posession\n|-boost|p2a: Monkey Posession|def|2\n|move|p1a: Clodsire|Earthquake|p2a: Monkey Posession\n|-supereffective|p2a: Monkey Posession\n|-damage|p2a: Monkey Posession|78\/100\n|-ability|p2a: Monkey Posession|Weak Armor|boost\n|-unboost|p2a: Monkey Posession|def|1\n|-boost|p2a: Monkey Posession|spe|2\n|-enditem|p2a: Monkey Posession|Weakness Policy\n|-boost|p2a: Monkey Posession|atk|2|[from] item: Weakness Policy\n|-boost|p2a: Monkey Posession|spa|2|[from] item: Weakness Policy\n|\n|-weather|none\n|-heal|p1a: Clodsire|84\/100|[from] item: Leftovers\n|upkeep\n|turn|15\n|inactive|monkey kkk has 120 seconds left.\n|\n|t:|1700298911\n|-terastallize|p1a: Clodsire|Dark\n|move|p2a: Monkey Posession|Stored Power|p1a: Clodsire\n|-immune|p1a: Clodsire\n|move|p1a: Clodsire|Recover|p1a: Clodsire\n|-heal|p1a: Clodsire|100\/100\n|\n|upkeep\n|turn|16\n|inactive|monkey kkk has 120 seconds left.\n|\n|t:|1700298932\n|switch|p2a: Quaquaval|Quaquaval, M|100\/100\n|move|p1a: Clodsire|Stealth Rock|p2a: Quaquaval\n|-sidestart|p2: flysix|move: Stealth Rock\n|\n|-sideend|p2: flysix|Safeguard\n|upkeep\n|turn|17\n|\n|t:|1700298943\n|switch|p1a: Gliscor|Gliscor, M|100\/100 tox\n|move|p2a: Quaquaval|Rapid Spin|p1a: Gliscor\n|-damage|p1a: Gliscor|91\/100 tox\n|-boost|p2a: Quaquaval|spe|1\n|-sideend|p2: flysix|Spikes|[from] move: Rapid Spin|[of] p2a: Quaquaval\n|-sideend|p2: flysix|Stealth Rock|[from] move: Rapid Spin|[of] p2a: Quaquaval\n|\n|-heal|p1a: Gliscor|100\/100 tox|[from] ability: Poison Heal\n|upkeep\n|turn|18\n|\n|t:|1700298953\n|-terastallize|p2a: Quaquaval|Steel\n|move|p2a: Quaquaval|Swords Dance|p2a: Quaquaval\n|-boost|p2a: Quaquaval|atk|2\n|move|p1a: Gliscor|Spikes|p2a: Quaquaval\n|-sidestart|p2: flysix|Spikes\n|\n|-sideend|p2: flysix|move: Aurora Veil\n|upkeep\n|turn|19\n|inactive|monkey kkk has 120 seconds left.\n|\n|t:|1700298974\n|move|p2a: Quaquaval|Aqua Step|p1a: Gliscor\n|-supereffective|p1a: Gliscor\n|-damage|p1a: Gliscor|4\/100 tox\n|-boost|p2a: Quaquaval|spe|1\n|move|p1a: Gliscor|Earthquake|p2a: Quaquaval\n|-supereffective|p2a: Quaquaval\n|-damage|p2a: Quaquaval|20\/100\n|\n|-heal|p1a: Gliscor|16\/100 tox|[from] ability: Poison Heal\n|upkeep\n|turn|20\n|\n|t:|1700298990\n|move|p2a: Quaquaval|Aqua Step|p1a: Gliscor\n|-supereffective|p1a: Gliscor\n|-damage|p1a: Gliscor|0 fnt\n|-boost|p2a: Quaquaval|spe|1\n|faint|p1a: Gliscor\n|-ability|p2a: Quaquaval|Moxie|boost\n|-boost|p2a: Quaquaval|atk|1\n|\n|upkeep\n|\n|t:|1700298997\n|switch|p1a: Ceruledge|Ceruledge, M|100\/100\n|turn|21\n|\n|t:|1700299010\n|move|p2a: Quaquaval|Aqua Step|p1a: Ceruledge\n|-supereffective|p1a: Ceruledge\n|-enditem|p1a: Ceruledge|Focus Sash\n|-damage|p1a: Ceruledge|1\/100\n|-boost|p2a: Quaquaval|spe|1\n|-ability|p1a: Ceruledge|Weak Armor|boost\n|-unboost|p1a: Ceruledge|def|1\n|-boost|p1a: Ceruledge|spe|2\n|move|p1a: Ceruledge|Bitter Blade|p2a: Quaquaval\n|-supereffective|p2a: Quaquaval\n|-damage|p2a: Quaquaval|0 fnt\n|-heal|p1a: Ceruledge|13\/100|[from] drain|[of] p2a: Quaquaval\n|faint|p2a: Quaquaval\n|\n|upkeep\n|\n|t:|1700299019\n|switch|p2a: Dragonite|Dragonite, F|100\/100\n|turn|22\n|\n|t:|1700299039\n|move|p1a: Ceruledge|Poltergeist|p2a: Dragonite\n|-activate|p2a: Dragonite|move: Poltergeist|Heavy-Duty Boots\n|-damage|p2a: Dragonite|67\/100\n|move|p2a: Dragonite|Dual Wingbeat|p1a: Ceruledge\n|-damage|p1a: Ceruledge|0 fnt\n|faint|p1a: Ceruledge\n|-hitcount|p1: Ceruledge|1\n|\n|upkeep\n|inactive|monkey kkk has 90 seconds left.\n|\n|t:|1700299051\n|switch|p1a: Tapu Koko|Tapu Koko, shiny|100\/100\n|-fieldstart|move: Electric Terrain|[from] ability: Electric Surge|[of] p1a: Tapu Koko\n|turn|23\n|\n|t:|1700299057\n|move|p1a: Tapu Koko|Hidden Power|p2a: Dragonite\n|-supereffective|p2a: Dragonite\n|-crit|p2a: Dragonite\n|-damage|p2a: Dragonite|0 fnt\n|faint|p2a: Dragonite\n|\n|upkeep\n|\n|t:|1700299061\n|switch|p2a: Monkey Posession|Armarouge, F|78\/100\n|-damage|p2a: Monkey Posession|66\/100|[from] Spikes\n|turn|24\n|\n|t:|1700299068\n|switch|p1a: Serperior|Serperior, F|100\/100\n|switch|p2a: Torterra|Torterra, F|100\/100\n|-damage|p2a: Torterra|88\/100|[from] Spikes\n|\n|upkeep\n|turn|25\n|\n|t:|1700299079\n|move|p1a: Serperior|Substitute|p1a: Serperior\n|-start|p1a: Serperior|Substitute\n|-damage|p1a: Serperior|75\/100\n|move|p2a: Torterra|Shell Smash|p2a: Torterra\n|-unboost|p2a: Torterra|def|1\n|-unboost|p2a: Torterra|spd|1\n|-boost|p2a: Torterra|atk|2\n|-boost|p2a: Torterra|spa|2\n|-boost|p2a: Torterra|spe|2\n|\n|-heal|p1a: Serperior|82\/100|[from] item: Leftovers\n|upkeep\n|turn|26\n|\n|t:|1700299088\n|move|p2a: Torterra|Rock Blast|p1a: Serperior\n|-activate|p1a: Serperior|move: Substitute|[damage]\n|-end|p1a: Serperior|Substitute\n|-damage|p1a: Serperior|60\/100\n|-damage|p1a: Serperior|39\/100\n|-damage|p1a: Serperior|20\/100\n|-hitcount|p1a: Serperior|5\n|move|p1a: Serperior|Leaf Storm|p2a: Torterra\n|-damage|p2a: Torterra|12\/100\n|-boost|p1a: Serperior|spa|2\n|\n|-heal|p1a: Serperior|26\/100|[from] item: Leftovers\n|upkeep\n|turn|27\n|\n|t:|1700299099\n|move|p2a: Torterra|Bullet Seed|p1a: Serperior\n|-resisted|p1a: Serperior\n|-damage|p1a: Serperior|12\/100\n|-resisted|p1a: Serperior\n|-damage|p1a: Serperior|0 fnt\n|faint|p1a: Serperior\n|-hitcount|p1: Serperior|2\n|\n|-fieldend|move: Electric Terrain\n|upkeep\n|\n|t:|1700299109\n|switch|p1a: Celesteela|Celesteela, shiny|100\/100\n|turn|28\n|\n|t:|1700299114\n|move|p2a: Torterra|Rock Blast|p1a: Celesteela\n|-damage|p1a: Celesteela|84\/100\n|-damage|p1a: Celesteela|68\/100\n|-damage|p1a: Celesteela|51\/100\n|-damage|p1a: Celesteela|35\/100\n|-damage|p1a: Celesteela|19\/100\n|-hitcount|p1a: Celesteela|5\n|move|p1a: Celesteela|Meteor Beam||[still]\n|-prepare|p1a: Celesteela|Meteor Beam\n|-boost|p1a: Celesteela|spa|1\n|-enditem|p1a: Celesteela|Power Herb\n|-anim|p1a: Celesteela|Meteor Beam|p2a: Torterra|[miss]\n|-miss|p1a: Celesteela|p2a: Torterra\n|\n|upkeep\n|turn|29\n|inactive|monkey kkk has 120 seconds left.\n|\n|t:|1700299124\n|move|p2a: Torterra|Rock Blast|p1a: Celesteela\n|-damage|p1a: Celesteela|2\/100\n|-damage|p1a: Celesteela|0 fnt\n|faint|p1a: Celesteela\n|-hitcount|p1: Celesteela|2\n|\n|upkeep\n|\n|t:|1700299130\n|switch|p1a: Clodsire|Clodsire, F, tera:Dark|100\/100\n|turn|30\n|inactive|monkey kkk has 120 seconds left.\n|\n|t:|1700299140\n|move|p2a: Torterra|Headlong Rush|p1a: Clodsire\n|-damage|p1a: Clodsire|0 fnt\n|-unboost|p2a: Torterra|def|1\n|-unboost|p2a: Torterra|spd|1\n|faint|p1a: Clodsire\n|\n|upkeep\n|\n|t:|1700299144\n|switch|p1a: Tapu Koko|Tapu Koko, shiny|100\/100\n|-fieldstart|move: Electric Terrain|[from] ability: Electric Surge|[of] p1a: Tapu Koko\n|turn|31\n|\n|t:|1700299148\n|move|p2a: Torterra|Headlong Rush|p1a: Tapu Koko\n|-supereffective|p1a: Tapu Koko\n|-damage|p1a: Tapu Koko|0 fnt\n|-unboost|p2a: Torterra|def|1\n|-unboost|p2a: Torterra|spd|1\n|faint|p1a: Tapu Koko\n|\n|win|flysix\n|raw|monkey kkk's rating: 1425 &rarr; <strong>1410<\/strong><br \/>(-15 for losing)\n|raw|flysix's rating: 1517 &rarr; <strong>1532<\/strong><br \/>(+15 for winning)\n","uploadtime":1700299152,"views":7,"p1id":"monkeykkk","p2id":"flysix","formatid":"gen9nationaldex","rating":1410,"private":0,"password":""}