{"id":"gen9nationaldex-1990060768","p1":"ShadowFlammes","p2":"weirdnomad","format":"[Gen 9] National Dex","log":"|j|\u2606ShadowFlammes\n|j|\u2606weirdnomad\n|t:|1699920305\n|gametype|singles\n|player|p1|ShadowFlammes|ethan|1479\n|player|p2|weirdnomad|hiker-gen4|1585\n|teamsize|p1|6\n|teamsize|p2|6\n|gen|9\n|tier|[Gen 9] National Dex\n|rated|\n|rule|HP Percentage Mod: HP is shown in percentages\n|rule|Endless Battle Clause: Forcing endless battles is banned\n|rule|OHKO Clause: OHKO moves are banned\n|rule|Evasion Clause: Evasion abilities, items, and moves are banned\n|rule|Evasion Abilities Clause: Evasion abilities are banned\n|rule|Evasion Items Clause: Evasion items are banned\n|rule|Evasion Moves Clause: Evasion moves are banned\n|rule|Species Clause: Limit one of each Pok\u00e9mon\n|rule|Sleep Clause Mod: Limit one foe put to sleep\n|clearpoke\n|poke|p1|Charizard, F|\n|poke|p1|Grimmsnarl, M|\n|poke|p1|Landorus-Therian, M|\n|poke|p1|Tapu Lele|\n|poke|p1|Zapdos|\n|poke|p1|Toxapex, F|\n|poke|p2|Corviknight, M|\n|poke|p2|Mamoswine, M|\n|poke|p2|Azumarill, F|\n|poke|p2|Gengar, M|\n|poke|p2|Blaziken, M|\n|poke|p2|Hydreigon, F|\n|teampreview\n|inactive|Battle timer is ON: inactive players will automatically lose when time's up. (requested by ShadowFlammes)\n|\n|t:|1699920325\n|start\n|switch|p1a: Landorus|Landorus-Therian, M|100\/100\n|switch|p2a: Bubbles|Azumarill, F, shiny|100\/100\n|-ability|p1a: Landorus|Intimidate|boost\n|-unboost|p2a: Bubbles|atk|1\n|turn|1\n|\n|t:|1699920332\n|move|p1a: Landorus|Earthquake|p2a: Bubbles\n|-damage|p2a: Bubbles|44\/100\n|move|p2a: Bubbles|Liquidation|p1a: Landorus\n|-supereffective|p1a: Landorus\n|-enditem|p1a: Landorus|Focus Sash\n|-damage|p1a: Landorus|1\/100\n|-unboost|p1a: Landorus|def|1\n|\n|upkeep\n|turn|2\n|\n|t:|1699920342\n|switch|p1a: \u30c9\u30d2\u30c9\u30a4\u30c7|Toxapex, F|100\/100\n|switch|p2a: Titan|Corviknight, M, shiny|100\/100\n|-ability|p2a: Titan|Pressure\n|\n|upkeep\n|turn|3\n|\n|t:|1699920349\n|move|p2a: Titan|U-turn|p1a: \u30c9\u30d2\u30c9\u30a4\u30c7\n|-resisted|p1a: \u30c9\u30d2\u30c9\u30a4\u30c7\n|-damage|p1a: \u30c9\u30d2\u30c9\u30a4\u30c7|96\/100\n|-damage|p2a: Titan|84\/100|[from] item: Rocky Helmet|[of] p1a: \u30c9\u30d2\u30c9\u30a4\u30c7\n|\n|t:|1699920360\n|switch|p2a: Daemon|Gengar, M, shiny|100\/100|[from] U-turn\n|move|p1a: \u30c9\u30d2\u30c9\u30a4\u30c7|Scald|p2a: Daemon\n|-damage|p2a: Daemon|73\/100\n|\n|upkeep\n|turn|4\n|l|\u2606ShadowFlammes\n|inactive|ShadowFlammes disconnected and has a minute to reconnect!\n|player|p1|\n|j|\u2606ShadowFlammes\n|inactive|ShadowFlammes reconnected and has 140 seconds left.\n|player|p1|ShadowFlammes|ethan\n|\n|t:|1699920378\n|switch|p1a: Landorus|Landorus-Therian, M|1\/100\n|-ability|p1a: Landorus|Intimidate|boost\n|-unboost|p2a: Daemon|atk|1\n|move|p2a: Daemon|Psychic|p1a: Landorus\n|-damage|p1a: Landorus|0 fnt\n|faint|p1a: Landorus\n|\n|upkeep\n|\n|t:|1699920390\n|switch|p1a: \u30b5\u30f3\u30c0\u30fc|Zapdos|100\/100\n|turn|5\n|\n|t:|1699920393\n|switch|p2a: Lilly|Hydreigon, F, shiny|100\/100\n|move|p1a: \u30b5\u30f3\u30c0\u30fc|Heat Wave|p2a: Lilly\n|-resisted|p2a: Lilly\n|-damage|p2a: Lilly|91\/100\n|\n|-heal|p2a: Lilly|98\/100|[from] item: Leftovers\n|upkeep\n|turn|6\n|\n|t:|1699920406\n|switch|p1a: \u30c9\u30d2\u30c9\u30a4\u30c7|Toxapex, F|100\/100\n|move|p2a: Lilly|Thunder Wave|p1a: \u30c9\u30d2\u30c9\u30a4\u30c7\n|-status|p1a: \u30c9\u30d2\u30c9\u30a4\u30c7|par\n|\n|-heal|p2a: Lilly|100\/100|[from] item: Leftovers\n|upkeep\n|turn|7\n|\n|t:|1699920434\n|switch|p1a: \u30b5\u30f3\u30c0\u30fc|Zapdos|100\/100\n|move|p2a: Lilly|Stealth Rock|p1a: \u30b5\u30f3\u30c0\u30fc\n|-sidestart|p1: ShadowFlammes|move: Stealth Rock\n|\n|upkeep\n|turn|8\n|\n|t:|1699920440\n|move|p1a: \u30b5\u30f3\u30c0\u30fc|Discharge|p2a: Lilly\n|-resisted|p2a: Lilly\n|-damage|p2a: Lilly|89\/100\n|-status|p2a: Lilly|par\n|move|p2a: Lilly|U-turn|p1a: \u30b5\u30f3\u30c0\u30fc\n|-resisted|p1a: \u30b5\u30f3\u30c0\u30fc\n|-damage|p1a: \u30b5\u30f3\u30c0\u30fc|95\/100\n|inactive|weirdnomad has 120 seconds left.\n|\n|t:|1699920457\n|switch|p2a: Sigurd|Mamoswine, M|100\/100|[from] U-turn\n|\n|upkeep\n|turn|9\n|\n|t:|1699920462\n|move|p1a: \u30b5\u30f3\u30c0\u30fc|Defog|p2a: Sigurd\n|-unboost|p2a: Sigurd|evasion|1\n|-sideend|p1: ShadowFlammes|Stealth Rock|[from] move: Defog|[of] p1a: \u30b5\u30f3\u30c0\u30fc\n|move|p2a: Sigurd|Knock Off|p1a: \u30b5\u30f3\u30c0\u30fc\n|-damage|p1a: \u30b5\u30f3\u30c0\u30fc|68\/100\n|-status|p2a: Sigurd|par|[from] ability: Static|[of] p1a: \u30b5\u30f3\u30c0\u30fc\n|-enditem|p1a: \u30b5\u30f3\u30c0\u30fc|Heavy-Duty Boots|[from] move: Knock Off|[of] p2a: Sigurd\n|\n|upkeep\n|turn|10\n|\n|t:|1699920472\n|switch|p2a: Lilly|Hydreigon, F, shiny|89\/100 par\n|move|p1a: \u30b5\u30f3\u30c0\u30fc|Heat Wave|p2a: Lilly\n|-resisted|p2a: Lilly\n|-damage|p2a: Lilly|80\/100 par\n|\n|-heal|p2a: Lilly|87\/100 par|[from] item: Leftovers\n|upkeep\n|turn|11\n|\n|t:|1699920481\n|move|p1a: \u30b5\u30f3\u30c0\u30fc|Roost|p1a: \u30b5\u30f3\u30c0\u30fc\n|-heal|p1a: \u30b5\u30f3\u30c0\u30fc|100\/100\n|-singleturn|p1a: \u30b5\u30f3\u30c0\u30fc|move: Roost\n|move|p2a: Lilly|Stealth Rock|p1a: \u30b5\u30f3\u30c0\u30fc\n|-sidestart|p1: ShadowFlammes|move: Stealth Rock\n|\n|-heal|p2a: Lilly|93\/100 par|[from] item: Leftovers\n|upkeep\n|turn|12\n|\n|t:|1699920488\n|move|p1a: \u30b5\u30f3\u30c0\u30fc|Defog|p2a: Lilly\n|-unboost|p2a: Lilly|evasion|1\n|-sideend|p1: ShadowFlammes|Stealth Rock|[from] move: Defog|[of] p1a: \u30b5\u30f3\u30c0\u30fc\n|move|p2a: Lilly|Dark Pulse|p1a: \u30b5\u30f3\u30c0\u30fc\n|-damage|p1a: \u30b5\u30f3\u30c0\u30fc|68\/100\n|\n|-heal|p2a: Lilly|99\/100 par|[from] item: Leftovers\n|upkeep\n|turn|13\n|\n|t:|1699920498\n|move|p1a: \u30b5\u30f3\u30c0\u30fc|Discharge|p2a: Lilly\n|-resisted|p2a: Lilly\n|-damage|p2a: Lilly|88\/100 par\n|move|p2a: Lilly|Stealth Rock|p1a: \u30b5\u30f3\u30c0\u30fc\n|-sidestart|p1: ShadowFlammes|move: Stealth Rock\n|\n|-heal|p2a: Lilly|94\/100 par|[from] item: Leftovers\n|upkeep\n|turn|14\n|\n|t:|1699920520\n|move|p1a: \u30b5\u30f3\u30c0\u30fc|Defog|p2a: Lilly\n|-unboost|p2a: Lilly|evasion|1\n|-sideend|p1: ShadowFlammes|Stealth Rock|[from] move: Defog|[of] p1a: \u30b5\u30f3\u30c0\u30fc\n|move|p2a: Lilly|Dark Pulse|p1a: \u30b5\u30f3\u30c0\u30fc\n|-damage|p1a: \u30b5\u30f3\u30c0\u30fc|35\/100\n|\n|-heal|p2a: Lilly|100\/100 par|[from] item: Leftovers\n|upkeep\n|turn|15\n|\n|t:|1699920529\n|move|p1a: \u30b5\u30f3\u30c0\u30fc|Roost|p1a: \u30b5\u30f3\u30c0\u30fc\n|-heal|p1a: \u30b5\u30f3\u30c0\u30fc|85\/100\n|-singleturn|p1a: \u30b5\u30f3\u30c0\u30fc|move: Roost\n|move|p2a: Lilly|Stealth Rock|p1a: \u30b5\u30f3\u30c0\u30fc\n|-sidestart|p1: ShadowFlammes|move: Stealth Rock\n|\n|upkeep\n|turn|16\n|\n|t:|1699920537\n|switch|p1a: \u30c9\u30d2\u30c9\u30a4\u30c7|Toxapex, F|100\/100 par\n|-damage|p1a: \u30c9\u30d2\u30c9\u30a4\u30c7|88\/100 par|[from] Stealth Rock\n|switch|p2a: Sigurd|Mamoswine, M|100\/100 par\n|\n|upkeep\n|turn|17\n|\n|t:|1699920544\n|move|p2a: Sigurd|Earthquake|p1a: \u30c9\u30d2\u30c9\u30a4\u30c7\n|-supereffective|p1a: \u30c9\u30d2\u30c9\u30a4\u30c7\n|-damage|p1a: \u30c9\u30d2\u30c9\u30a4\u30c7|22\/100 par\n|move|p1a: \u30c9\u30d2\u30c9\u30a4\u30c7|Scald|p2a: Sigurd\n|-supereffective|p2a: Sigurd\n|-damage|p2a: Sigurd|76\/100 par\n|\n|upkeep\n|turn|18\n|\n|t:|1699920556\n|switch|p1a: \u30b5\u30f3\u30c0\u30fc|Zapdos|85\/100\n|-damage|p1a: \u30b5\u30f3\u30c0\u30fc|60\/100|[from] Stealth Rock\n|cant|p2a: Sigurd|par\n|\n|upkeep\n|turn|19\n|\n|t:|1699920566\n|move|p2a: Sigurd|Ice Shard|p1a: \u30b5\u30f3\u30c0\u30fc\n|-supereffective|p1a: \u30b5\u30f3\u30c0\u30fc\n|-damage|p1a: \u30b5\u30f3\u30c0\u30fc|29\/100\n|move|p1a: \u30b5\u30f3\u30c0\u30fc|Defog|p2a: Sigurd\n|-unboost|p2a: Sigurd|evasion|1\n|-sideend|p1: ShadowFlammes|Stealth Rock|[from] move: Defog|[of] p1a: \u30b5\u30f3\u30c0\u30fc\n|\n|upkeep\n|turn|20\n|\n|t:|1699920575\n|switch|p1a: \u30bf\u30d7\u30ec\u30ec|Tapu Lele|100\/100\n|-fieldstart|move: Psychic Terrain|[from] ability: Psychic Surge|[of] p1a: \u30bf\u30d7\u30ec\u30ec\n|move|p2a: Sigurd|Earthquake|p1a: \u30bf\u30d7\u30ec\u30ec\n|-damage|p1a: \u30bf\u30d7\u30ec\u30ec|14\/100\n|\n|upkeep\n|turn|21\n|inactive|weirdnomad has 120 seconds left.\n|\n|t:|1699920612\n|switch|p2a: Titan|Corviknight, M, shiny|84\/100\n|-ability|p2a: Titan|Pressure\n|move|p1a: \u30bf\u30d7\u30ec\u30ec|Psyshock|p2a: Titan\n|-resisted|p2a: Titan\n|-damage|p2a: Titan|69\/100\n|\n|upkeep\n|turn|22\n|inactive|weirdnomad has 120 seconds left.\n|\n|t:|1699920620\n|move|p1a: \u30bf\u30d7\u30ec\u30ec|Hidden Power|p2a: Titan\n|-supereffective|p2a: Titan\n|-damage|p2a: Titan|31\/100\n|move|p2a: Titan|Defog|p1a: \u30bf\u30d7\u30ec\u30ec\n|-unboost|p1a: \u30bf\u30d7\u30ec\u30ec|evasion|1\n|-fieldend|move: Psychic Terrain\n|\n|upkeep\n|turn|23\n|\n|t:|1699920630\n|switch|p1a: \u30aa\u30fc\u30ed\u30f3\u30b2|Grimmsnarl, M|100\/100\n|switch|p2a: Sigurd|Mamoswine, M|76\/100 par\n|\n|upkeep\n|turn|24\n|inactive|weirdnomad has 120 seconds left.\n|\n|t:|1699920648\n|move|p1a: \u30aa\u30fc\u30ed\u30f3\u30b2|Trick|p2a: Sigurd\n|-activate|p1a: \u30aa\u30fc\u30ed\u30f3\u30b2|move: Trick|[of] p2a: Sigurd\n|-item|p2a: Sigurd|Choice Band|[from] move: Trick\n|-item|p1a: \u30aa\u30fc\u30ed\u30f3\u30b2|Assault Vest|[from] move: Trick\n|move|p2a: Sigurd|Heavy Slam|p1a: \u30aa\u30fc\u30ed\u30f3\u30b2\n|-supereffective|p1a: \u30aa\u30fc\u30ed\u30f3\u30b2\n|-damage|p1a: \u30aa\u30fc\u30ed\u30f3\u30b2|0 fnt\n|faint|p1a: \u30aa\u30fc\u30ed\u30f3\u30b2\n|\n|upkeep\n|\n|t:|1699920663\n|switch|p1a: \u30ea\u30b6\u30fc\u30c9\u30f3|Charizard, F, shiny|100\/100\n|turn|25\n|c|\u2606weirdnomad|thanks\n|\n|t:|1699920671\n|switch|p2a: Lilly|Hydreigon, F, shiny|100\/100 par\n|move|p1a: \u30ea\u30b6\u30fc\u30c9\u30f3|Fire Punch|p2a: Lilly\n|-resisted|p2a: Lilly\n|-damage|p2a: Lilly|87\/100 par\n|\n|-heal|p2a: Lilly|94\/100 par|[from] item: Leftovers\n|upkeep\n|turn|26\n|\n|t:|1699920686\n|switch|p2a: Bubbles|Azumarill, F, shiny|44\/100\n|detailschange|p1a: \u30ea\u30b6\u30fc\u30c9\u30f3|Charizard-Mega-X, F, shiny\n|-mega|p1a: \u30ea\u30b6\u30fc\u30c9\u30f3|Charizard|Charizardite X\n|move|p1a: \u30ea\u30b6\u30fc\u30c9\u30f3|Dragon Claw|p2a: Bubbles\n|-immune|p2a: Bubbles\n|\n|upkeep\n|turn|27\n|\n|t:|1699920700\n|switch|p1a: \u30b5\u30f3\u30c0\u30fc|Zapdos|29\/100\n|move|p2a: Bubbles|Play Rough|p1a: \u30b5\u30f3\u30c0\u30fc|[miss]\n|-miss|p2a: Bubbles|p1a: \u30b5\u30f3\u30c0\u30fc\n|\n|upkeep\n|turn|28\n|\n|t:|1699920713\n|switch|p2a: Lilly|Hydreigon, F, shiny|94\/100 par\n|move|p1a: \u30b5\u30f3\u30c0\u30fc|Roost|p1a: \u30b5\u30f3\u30c0\u30fc\n|-heal|p1a: \u30b5\u30f3\u30c0\u30fc|79\/100\n|-singleturn|p1a: \u30b5\u30f3\u30c0\u30fc|move: Roost\n|\n|-heal|p2a: Lilly|99\/100 par|[from] item: Leftovers\n|upkeep\n|turn|29\n|\n|t:|1699920723\n|switch|p1a: \u30bf\u30d7\u30ec\u30ec|Tapu Lele|14\/100\n|-fieldstart|move: Psychic Terrain|[from] ability: Psychic Surge|[of] p1a: \u30bf\u30d7\u30ec\u30ec\n|cant|p2a: Lilly|par\n|\n|-heal|p2a: Lilly|100\/100 par|[from] item: Leftovers\n|upkeep\n|turn|30\n|\n|t:|1699920733\n|-terastallize|p2a: Lilly|Electric\n|move|p1a: \u30bf\u30d7\u30ec\u30ec|Moonblast|p2a: Lilly\n|-damage|p2a: Lilly|66\/100 par\n|move|p2a: Lilly|Stealth Rock|p1a: \u30bf\u30d7\u30ec\u30ec\n|-sidestart|p1: ShadowFlammes|move: Stealth Rock\n|\n|-heal|p2a: Lilly|73\/100 par|[from] item: Leftovers\n|upkeep\n|turn|31\n|l|\u2606ShadowFlammes\n|inactive|ShadowFlammes disconnected and has a minute to reconnect!\n|player|p1|\n|inactive|ShadowFlammes has 30 seconds to reconnect!\n|inactive|ShadowFlammes has 20 seconds to reconnect!\n|inactive|ShadowFlammes has 15 seconds to reconnect!\n|inactive|ShadowFlammes has 10 seconds to reconnect!\n|inactive|ShadowFlammes has 5 seconds to reconnect!\n|j|\u2606ShadowFlammes\n|inactive|ShadowFlammes reconnected and has 75 seconds left.\n|player|p1|ShadowFlammes|ethan\n|c|\u2606weirdnomad|cmon\n|inactive|ShadowFlammes has 60 seconds left.\n|c|\u2606weirdnomad|just waste of time\n|\n|t:|1699920836\n|switch|p1a: \u30b5\u30f3\u30c0\u30fc|Zapdos|79\/100\n|-damage|p1a: \u30b5\u30f3\u30c0\u30fc|54\/100|[from] Stealth Rock\n|move|p2a: Lilly|Dark Pulse|p1a: \u30b5\u30f3\u30c0\u30fc\n|-damage|p1a: \u30b5\u30f3\u30c0\u30fc|23\/100\n|\n|-heal|p2a: Lilly|79\/100 par|[from] item: Leftovers\n|upkeep\n|turn|32\n|\n|t:|1699920845\n|move|p1a: \u30b5\u30f3\u30c0\u30fc|Roost|p1a: \u30b5\u30f3\u30c0\u30fc\n|-heal|p1a: \u30b5\u30f3\u30c0\u30fc|73\/100\n|-singleturn|p1a: \u30b5\u30f3\u30c0\u30fc|move: Roost\n|move|p2a: Lilly|U-turn|p1a: \u30b5\u30f3\u30c0\u30fc\n|-damage|p1a: \u30b5\u30f3\u30c0\u30fc|62\/100\n|\n|t:|1699920854\n|switch|p2a: Daemon|Gengar, M, shiny|73\/100|[from] U-turn\n|\n|upkeep\n|turn|33\n|\n|t:|1699920858\n|move|p2a: Daemon|Shadow Ball|p1a: \u30b5\u30f3\u30c0\u30fc\n|-damage|p1a: \u30b5\u30f3\u30c0\u30fc|3\/100\n|-unboost|p1a: \u30b5\u30f3\u30c0\u30fc|spd|1\n|move|p1a: \u30b5\u30f3\u30c0\u30fc|Discharge|p2a: Daemon\n|-damage|p2a: Daemon|15\/100\n|\n|upkeep\n|turn|34\n|\n|t:|1699920866\n|move|p2a: Daemon|Shadow Ball|p1a: \u30b5\u30f3\u30c0\u30fc\n|-damage|p1a: \u30b5\u30f3\u30c0\u30fc|0 fnt\n|faint|p1a: \u30b5\u30f3\u30c0\u30fc\n|\n|upkeep\n|\n|t:|1699920871\n|switch|p1a: \u30c9\u30d2\u30c9\u30a4\u30c7|Toxapex, F|56\/100 par\n|-damage|p1a: \u30c9\u30d2\u30c9\u30a4\u30c7|43\/100 par|[from] Stealth Rock\n|turn|35\n|\n|t:|1699920875\n|move|p2a: Daemon|Shadow Ball|p1a: \u30c9\u30d2\u30c9\u30a4\u30c7\n|-damage|p1a: \u30c9\u30d2\u30c9\u30a4\u30c7|0 fnt\n|faint|p1a: \u30c9\u30d2\u30c9\u30a4\u30c7\n|\n|upkeep\n|\n|t:|1699920878\n|switch|p1a: \u30bf\u30d7\u30ec\u30ec|Tapu Lele|14\/100\n|-damage|p1a: \u30bf\u30d7\u30ec\u30ec|2\/100|[from] Stealth Rock\n|turn|36\n|\n|t:|1699920882\n|move|p2a: Daemon|Shadow Ball|p1a: \u30bf\u30d7\u30ec\u30ec\n|-supereffective|p1a: \u30bf\u30d7\u30ec\u30ec\n|-damage|p1a: \u30bf\u30d7\u30ec\u30ec|0 fnt\n|faint|p1a: \u30bf\u30d7\u30ec\u30ec\n|\n|-fieldend|move: Psychic Terrain\n|upkeep\n|\n|t:|1699920884\n|switch|p1a: \u30ea\u30b6\u30fc\u30c9\u30f3|Charizard-Mega-X, F, shiny|100\/100\n|-damage|p1a: \u30ea\u30b6\u30fc\u30c9\u30f3|76\/100|[from] Stealth Rock\n|turn|37\n|\n|t:|1699920889\n|move|p2a: Daemon|Shadow Ball|p1a: \u30ea\u30b6\u30fc\u30c9\u30f3\n|-damage|p1a: \u30ea\u30b6\u30fc\u30c9\u30f3|0 fnt\n|faint|p1a: \u30ea\u30b6\u30fc\u30c9\u30f3\n|\n|win|weirdnomad\n|raw|ShadowFlammes's rating: 1479 &rarr; <strong>1465<\/strong><br \/>(-14 for losing)\n|raw|weirdnomad's rating: 1585 &rarr; <strong>1599<\/strong><br \/>(+14 for winning)\n|l|\u2606ShadowFlammes\n|c|\u2606weirdnomad|gg\n","uploadtime":1699920897,"views":8,"p1id":"shadowflammes","p2id":"weirdnomad","formatid":"gen9nationaldex","rating":1465,"private":0,"password":""}