{"id":"gen9nationaldex-1992414840","p1":"atsra","p2":"perh4ps","format":"[Gen 9] National Dex","log":"|j|\u2606atsra\n|j|\u2606perh4ps\n|t:|1700184844\n|gametype|singles\n|player|p1|atsra|caitlin|\n|player|p2|perh4ps|2|\n|teamsize|p1|6\n|teamsize|p2|6\n|gen|9\n|tier|[Gen 9] National Dex\n|rule|HP Percentage Mod: HP is shown in percentages\n|rule|Endless Battle Clause: Forcing endless battles is banned\n|rule|OHKO Clause: OHKO moves are banned\n|rule|Evasion Clause: Evasion abilities, items, and moves are banned\n|rule|Evasion Abilities Clause: Evasion abilities are banned\n|rule|Evasion Items Clause: Evasion items are banned\n|rule|Evasion Moves Clause: Evasion moves are banned\n|rule|Species Clause: Limit one of each Pok\u00e9mon\n|rule|Sleep Clause Mod: Limit one foe put to sleep\n|clearpoke\n|poke|p1|Pelipper, F|\n|poke|p1|Barraskewda, F|\n|poke|p1|Great Tusk|\n|poke|p1|Garchomp, F|\n|poke|p1|Rillaboom, M|\n|poke|p1|Zapdos|\n|poke|p2|Armarouge, M|\n|poke|p2|Iron Hands|\n|poke|p2|Tangrowth, F|\n|poke|p2|Blacephalon|\n|poke|p2|Cloyster, F|\n|poke|p2|Ninetales-Alola, M|\n|teampreview\n|\n|t:|1700184859\n|start\n|switch|p1a: audubon zoo|Pelipper, F|100\/100\n|switch|p2a: Palms Are Sweaty|Iron Hands|100\/100\n|-weather|RainDance|[from] ability: Drizzle|[of] p1a: audubon zoo\n|turn|1\n|\n|t:|1700184890\n|switch|p1a: the shark|Garchomp, F|100\/100\n|move|p2a: Palms Are Sweaty|Ice Punch|p1a: the shark\n|-supereffective|p1a: the shark\n|-damage|p1a: the shark|0 fnt\n|-damage|p2a: Palms Are Sweaty|88\/100|[from] ability: Rough Skin|[of] p1a: the shark\n|faint|p1a: the shark\n|\n|-weather|RainDance|[upkeep]\n|upkeep\n|\n|t:|1700184898\n|switch|p1a: the elephant|Great Tusk|100\/100\n|-enditem|p1a: the elephant|Booster Energy\n|-activate|p1a: the elephant|ability: Protosynthesis|[fromitem]\n|-start|p1a: the elephant|protosynthesisatk\n|turn|2\n|\n|t:|1700184920\n|-terastallize|p2a: Palms Are Sweaty|Flying\n|move|p1a: the elephant|Headlong Rush|p2a: Palms Are Sweaty\n|-immune|p2a: Palms Are Sweaty\n|move|p2a: Palms Are Sweaty|Ice Punch|p1a: the elephant\n|-supereffective|p1a: the elephant\n|-damage|p1a: the elephant|53\/100\n|\n|-weather|RainDance|[upkeep]\n|upkeep\n|turn|3\n|\n|t:|1700184934\n|move|p1a: the elephant|Knock Off|p2a: Palms Are Sweaty\n|-damage|p2a: Palms Are Sweaty|61\/100\n|-enditem|p2a: Palms Are Sweaty|Assault Vest|[from] move: Knock Off|[of] p1a: the elephant\n|move|p2a: Palms Are Sweaty|Ice Punch|p1a: the elephant\n|-supereffective|p1a: the elephant\n|-damage|p1a: the elephant|10\/100\n|\n|-weather|RainDance|[upkeep]\n|upkeep\n|turn|4\n|\n|t:|1700184941\n|-end|p1a: the elephant|Protosynthesis|[silent]\n|switch|p1a: the barracuda|Barraskewda, F|100\/100\n|move|p2a: Palms Are Sweaty|Drain Punch|p1a: the barracuda\n|-damage|p1a: the barracuda|8\/100\n|-heal|p2a: Palms Are Sweaty|85\/100|[from] drain|[of] p1a: the barracuda\n|\n|-weather|RainDance|[upkeep]\n|upkeep\n|turn|5\n|\n|t:|1700184954\n|-terastallize|p1a: the barracuda|Water\n|move|p1a: the barracuda|Liquidation|p2a: Palms Are Sweaty\n|-damage|p2a: Palms Are Sweaty|0 fnt\n|faint|p2a: Palms Are Sweaty\n|-end|p2a: Palms Are Sweaty|Quark Drive|[silent]\n|\n|-weather|RainDance|[upkeep]\n|upkeep\n|\n|t:|1700184962\n|switch|p2a: Cold Product|Ninetales-Alola, M|100\/100\n|-weather|Snow|[from] ability: Snow Warning|[of] p2a: Cold Product\n|turn|6\n|\n|t:|1700184977\n|switch|p2a: The Cold Water|Cloyster, F|100\/100\n|move|p1a: the barracuda|Liquidation|p2a: The Cold Water\n|-resisted|p2a: The Cold Water\n|-damage|p2a: The Cold Water|74\/100\n|\n|-weather|Snow|[upkeep]\n|upkeep\n|turn|7\n|\n|t:|1700184985\n|switch|p1a: the buzzard|Zapdos|100\/100\n|move|p2a: The Cold Water|Shell Smash|p2a: The Cold Water\n|-unboost|p2a: The Cold Water|def|1\n|-unboost|p2a: The Cold Water|spd|1\n|-boost|p2a: The Cold Water|atk|2\n|-boost|p2a: The Cold Water|spa|2\n|-boost|p2a: The Cold Water|spe|2\n|-enditem|p2a: The Cold Water|White Herb\n|-clearnegativeboost|p2a: The Cold Water|[silent]\n|\n|-weather|Snow|[upkeep]\n|upkeep\n|turn|8\n|\n|t:|1700184995\n|move|p2a: The Cold Water|Icicle Spear|p1a: the buzzard\n|-supereffective|p1a: the buzzard\n|-damage|p1a: the buzzard|43\/100\n|-supereffective|p1a: the buzzard\n|-damage|p1a: the buzzard|0 fnt\n|faint|p1a: the buzzard\n|-hitcount|p1: the buzzard|2\n|\n|-weather|Snow|[upkeep]\n|upkeep\n|\n|t:|1700184998\n|switch|p1a: audubon zoo|Pelipper, F|100\/100\n|-weather|RainDance|[from] ability: Drizzle|[of] p1a: audubon zoo\n|turn|9\n|\n|t:|1700185010\n|move|p2a: The Cold Water|Rock Blast|p1a: audubon zoo\n|-supereffective|p1a: audubon zoo\n|-damage|p1a: audubon zoo|77\/100\n|-supereffective|p1a: audubon zoo\n|-damage|p1a: audubon zoo|52\/100\n|-supereffective|p1a: audubon zoo\n|-damage|p1a: audubon zoo|27\/100\n|-supereffective|p1a: audubon zoo\n|-damage|p1a: audubon zoo|4\/100\n|-supereffective|p1a: audubon zoo\n|-damage|p1a: audubon zoo|0 fnt\n|faint|p1a: audubon zoo\n|-hitcount|p1: audubon zoo|5\n|\n|-weather|RainDance|[upkeep]\n|upkeep\n|\n|t:|1700185013\n|switch|p1a: the barracuda|Barraskewda, F, tera:Water|8\/100\n|turn|10\n|\n|t:|1700185017\n|move|p1a: the barracuda|Close Combat|p2a: The Cold Water\n|-supereffective|p2a: The Cold Water\n|-damage|p2a: The Cold Water|0 fnt\n|-unboost|p1a: the barracuda|def|1\n|-unboost|p1a: the barracuda|spd|1\n|faint|p2a: The Cold Water\n|\n|-weather|RainDance|[upkeep]\n|upkeep\n|\n|t:|1700185021\n|switch|p2a: Cold Product|Ninetales-Alola, M|100\/100\n|-weather|Snow|[from] ability: Snow Warning|[of] p2a: Cold Product\n|turn|11\n|\n|t:|1700185033\n|move|p1a: the barracuda|Close Combat|p2a: Cold Product\n|-damage|p2a: Cold Product|28\/100\n|-unboost|p1a: the barracuda|def|1\n|-unboost|p1a: the barracuda|spd|1\n|move|p2a: Cold Product|Aurora Veil|p2a: Cold Product\n|-sidestart|p2: perh4ps|move: Aurora Veil\n|\n|-weather|Snow|[upkeep]\n|upkeep\n|turn|12\n|\n|t:|1700185042\n|switch|p2a: Chance To Blow|Blacephalon|100\/100\n|move|p1a: the barracuda|Close Combat|p2a: Chance To Blow\n|-immune|p2a: Chance To Blow\n|\n|-weather|Snow|[upkeep]\n|upkeep\n|turn|13\n|\n|t:|1700185047\n|switch|p1a: the elephant|Great Tusk|10\/100\n|move|p2a: Chance To Blow|Mind Blown|p1a: the elephant\n|-damage|p1a: the elephant|0 fnt\n|-damage|p2a: Chance To Blow|50\/100|[from] mindblown\n|faint|p1a: the elephant\n|-end|p1a: the elephant|Protosynthesis|[silent]\n|-ability|p2a: Chance To Blow|Beast Boost|boost\n|-boost|p2a: Chance To Blow|spa|1\n|\n|-weather|Snow|[upkeep]\n|upkeep\n|\n|t:|1700185054\n|switch|p1a: the monkeys|Rillaboom, M|100\/100\n|-fieldstart|move: Grassy Terrain|[from] ability: Grassy Surge|[of] p1a: the monkeys\n|turn|14\n|\n|t:|1700185069\n|move|p1a: the monkeys|Grassy Glide|p2a: Chance To Blow\n|-resisted|p2a: Chance To Blow\n|-damage|p2a: Chance To Blow|18\/100\n|move|p2a: Chance To Blow|Mind Blown|p1a: the monkeys\n|-supereffective|p1a: the monkeys\n|-damage|p1a: the monkeys|0 fnt\n|-damage|p2a: Chance To Blow|0 fnt|[from] mindblown\n|faint|p2a: Chance To Blow\n|faint|p1a: the monkeys\n|\n|-weather|Snow|[upkeep]\n|upkeep\n|\n|t:|1700185084\n|switch|p2a: Mom's Spaghetti|Tangrowth, F|100\/100\n|switch|p1a: the barracuda|Barraskewda, F, tera:Water|8\/100\n|turn|15\n|\n|t:|1700185099\n|move|p1a: the barracuda|Liquidation|p2a: Mom's Spaghetti\n|-resisted|p2a: Mom's Spaghetti\n|-damage|p2a: Mom's Spaghetti|82\/100\n|move|p2a: Mom's Spaghetti|Knock Off|p1a: the barracuda\n|-damage|p1a: the barracuda|0 fnt\n|-enditem|p1a: the barracuda|Choice Band|[from] move: Knock Off|[of] p2a: Mom's Spaghetti\n|faint|p1a: the barracuda\n|\n|win|perh4ps\n|l|\u2606atsra\n","uploadtime":1700185109,"views":10,"p1id":"atsra","p2id":"perh4ps","formatid":"gen9nationaldex","rating":0,"private":0,"password":""}