{"id":"gen9nationaldex-1987880453","p1":"chengza","p2":"hurenkebi","format":"[Gen 9] National Dex","log":"|j|\u2606chengza\n|j|\u2606hurenkebi\n|t:|1699645389\n|gametype|singles\n|player|p1|chengza|cynthia-gen4|\n|player|p2|hurenkebi|kimonogirl|\n|teamsize|p1|6\n|teamsize|p2|6\n|gen|9\n|tier|[Gen 9] National Dex\n|rule|HP Percentage Mod: HP is shown in percentages\n|rule|Endless Battle Clause: Forcing endless battles is banned\n|rule|OHKO Clause: OHKO moves are banned\n|rule|Evasion Clause: Evasion abilities, items, and moves are banned\n|rule|Evasion Abilities Clause: Evasion abilities are banned\n|rule|Evasion Items Clause: Evasion items are banned\n|rule|Evasion Moves Clause: Evasion moves are banned\n|rule|Species Clause: Limit one of each Pok\u00e9mon\n|rule|Sleep Clause Mod: Limit one foe put to sleep\n|clearpoke\n|poke|p1|Dracozolt|\n|poke|p1|Tyranitar, M|\n|poke|p1|Excadrill, F|\n|poke|p1|Tapu Lele|\n|poke|p1|Toxapex, M|\n|poke|p1|Celesteela|\n|poke|p2|Charizard, F|\n|poke|p2|Great Tusk|\n|poke|p2|Venusaur, F|\n|poke|p2|Alomomola, M|\n|poke|p2|Hoopa-Unbound|\n|poke|p2|Urshifu-*, M|\n|teampreview\n|\n|t:|1699645404\n|start\n|switch|p1a: Tapu Lele|Tapu Lele|100\/100\n|switch|p2a: Urshifu|Urshifu-Rapid-Strike, M|100\/100\n|-fieldstart|move: Psychic Terrain|[from] ability: Psychic Surge|[of] p1a: Tapu Lele\n|turn|1\n|\n|t:|1699645440\n|switch|p2a: Alomomola|Alomomola, M, shiny|100\/100\n|move|p1a: Tapu Lele|Moonblast|p2a: Alomomola\n|-damage|p2a: Alomomola|65\/100\n|\n|-heal|p2a: Alomomola|71\/100|[from] item: Leftovers\n|upkeep\n|turn|2\n|\n|t:|1699645464\n|switch|p1a: Toxapex|Toxapex, M|100\/100\n|move|p2a: Alomomola|Knock Off|p1a: Toxapex\n|-damage|p1a: Toxapex|90\/100\n|-damage|p2a: Alomomola|54\/100|[from] item: Rocky Helmet|[of] p1a: Toxapex\n|-enditem|p1a: Toxapex|Rocky Helmet|[from] move: Knock Off|[of] p2a: Alomomola\n|\n|-heal|p2a: Alomomola|61\/100|[from] item: Leftovers\n|upkeep\n|turn|3\n|\n|t:|1699645483\n|switch|p2a: Hoopa|Hoopa-Unbound|100\/100\n|switch|p1a: Celesteela|Celesteela|100\/100\n|\n|upkeep\n|turn|4\n|inactive|Battle timer is ON: inactive players will automatically lose when time's up. (requested by chengza)\n|\n|t:|1699645535\n|switch|p1a: Tapu Lele|Tapu Lele|100\/100\n|switch|p2a: Alomomola|Alomomola, M, shiny|94\/100\n|\n|-heal|p2a: Alomomola|99\/100|[from] item: Leftovers\n|upkeep\n|turn|5\n|\n|t:|1699645544\n|move|p1a: Tapu Lele|Thunderbolt|p2a: Alomomola\n|-supereffective|p2a: Alomomola\n|-damage|p2a: Alomomola|54\/100\n|move|p2a: Alomomola|Knock Off|p1a: Tapu Lele\n|-damage|p1a: Tapu Lele|74\/100\n|-enditem|p1a: Tapu Lele|Choice Scarf|[from] move: Knock Off|[of] p2a: Alomomola\n|\n|-heal|p2a: Alomomola|61\/100|[from] item: Leftovers\n|-fieldend|move: Psychic Terrain\n|upkeep\n|turn|6\n|\n|t:|1699645558\n|move|p1a: Tapu Lele|Thunderbolt|p2a: Alomomola\n|-supereffective|p2a: Alomomola\n|-damage|p2a: Alomomola|18\/100\n|-status|p2a: Alomomola|par\n|move|p2a: Alomomola|Wish|p2a: Alomomola\n|\n|-heal|p2a: Alomomola|24\/100 par|[from] item: Leftovers\n|upkeep\n|turn|7\n|\n|t:|1699645566\n|cant|p2a: Alomomola|par\n|move|p1a: Tapu Lele|Thunderbolt|p2a: Alomomola\n|-supereffective|p2a: Alomomola\n|-damage|p2a: Alomomola|0 fnt\n|faint|p2a: Alomomola\n|\n|upkeep\n|\n|t:|1699645596\n|switch|p2a: Charizard|Charizard, F, shiny|100\/100\n|turn|8\n|inactive|hurenkebi has 270 seconds left.\n|\n|t:|1699645615\n|switch|p1a: Toxapex|Toxapex, M|100\/100\n|detailschange|p2a: Charizard|Charizard-Mega-X, F, shiny\n|-mega|p2a: Charizard|Charizard|Charizardite X\n|move|p2a: Charizard|Dragon Dance|p2a: Charizard\n|-boost|p2a: Charizard|atk|1\n|-boost|p2a: Charizard|spe|1\n|\n|upkeep\n|turn|9\n|inactive|hurenkebi has 270 seconds left.\n|inactive|hurenkebi has 240 seconds left.\n|inactive|hurenkebi has 210 seconds left.\n|inactive|hurenkebi has 180 seconds left.\n|\n|t:|1699645743\n|switch|p2a: Hoopa|Hoopa-Unbound|100\/100\n|move|p1a: Toxapex|Haze|p1a: Toxapex\n|-clearallboost\n|\n|upkeep\n|turn|10\n|\n|t:|1699645765\n|move|p2a: Hoopa|Hyperspace Fury|p1a: Toxapex\n|-damage|p1a: Toxapex|45\/100\n|-unboost|p2a: Hoopa|def|1\n|move|p1a: Toxapex|Toxic|p2a: Hoopa\n|-status|p2a: Hoopa|tox\n|\n|-damage|p2a: Hoopa|94\/100 tox|[from] psn\n|upkeep\n|turn|11\n|inactive|chengza has 270 seconds left.\n|\n|t:|1699645806\n|switch|p1a: Tyranitar|Tyranitar, M|100\/100\n|-weather|Sandstorm|[from] ability: Sand Stream|[of] p1a: Tyranitar\n|-terastallize|p2a: Hoopa|Dark\n|move|p2a: Hoopa|Hyperspace Fury|p1a: Tyranitar\n|-resisted|p1a: Tyranitar\n|-damage|p1a: Tyranitar|43\/100\n|-unboost|p2a: Hoopa|def|1\n|\n|-weather|Sandstorm|[upkeep]\n|-damage|p2a: Hoopa|88\/100 tox|[from] Sandstorm\n|-damage|p2a: Hoopa|76\/100 tox|[from] psn\n|upkeep\n|turn|12\n|inactive|chengza has 240 seconds left.\n|\n|t:|1699645841\n|switch|p1a: Toxapex|Toxapex, M|78\/100\n|move|p2a: Hoopa|Hyperspace Fury|p1a: Toxapex\n|-damage|p1a: Toxapex|4\/100\n|-unboost|p2a: Hoopa|def|1\n|\n|-weather|Sandstorm|[upkeep]\n|-damage|p2a: Hoopa|70\/100 tox|[from] Sandstorm\n|-damage|p1a: Toxapex|0 fnt|[from] Sandstorm\n|faint|p1a: Toxapex\n|-damage|p2a: Hoopa|52\/100 tox|[from] psn\n|upkeep\n|\n|t:|1699645854\n|switch|p1a: Tapu Lele|Tapu Lele|74\/100\n|-fieldstart|move: Psychic Terrain|[from] ability: Psychic Surge|[of] p1a: Tapu Lele\n|turn|13\n|\n|t:|1699645873\n|switch|p2a: Great Tusk|Great Tusk|100\/100\n|move|p1a: Tapu Lele|Moonblast|p2a: Great Tusk\n|-supereffective|p2a: Great Tusk\n|-damage|p2a: Great Tusk|0 fnt\n|faint|p2a: Great Tusk\n|-end|p2a: Great Tusk|Protosynthesis|[silent]\n|\n|-weather|Sandstorm|[upkeep]\n|-damage|p1a: Tapu Lele|68\/100|[from] Sandstorm\n|upkeep\n|\n|t:|1699645881\n|switch|p2a: Charizard|Charizard-Mega-X, F, shiny|100\/100\n|turn|14\n|inactive|chengza has 240 seconds left.\n|\n|t:|1699645907\n|move|p2a: Charizard|Dragon Dance|p2a: Charizard\n|-boost|p2a: Charizard|atk|1\n|-boost|p2a: Charizard|spe|1\n|move|p1a: Tapu Lele|Thunderbolt|p2a: Charizard\n|-resisted|p2a: Charizard\n|-damage|p2a: Charizard|80\/100\n|\n|-weather|Sandstorm|[upkeep]\n|-damage|p2a: Charizard|74\/100|[from] Sandstorm\n|-damage|p1a: Tapu Lele|62\/100|[from] Sandstorm\n|upkeep\n|turn|15\n|\n|t:|1699645923\n|move|p2a: Charizard|Flare Blitz|p1a: Tapu Lele\n|-damage|p1a: Tapu Lele|0 fnt\n|faint|p1a: Tapu Lele\n|-damage|p2a: Charizard|55\/100|[from] Recoil\n|\n|-weather|none\n|upkeep\n|\n|t:|1699645930\n|switch|p1a: Tyranitar|Tyranitar, M|43\/100\n|-weather|Sandstorm|[from] ability: Sand Stream|[of] p1a: Tyranitar\n|turn|16\n|\n|t:|1699645936\n|detailschange|p1a: Tyranitar|Tyranitar-Mega, M\n|-mega|p1a: Tyranitar|Tyranitar|Tyranitarite\n|move|p2a: Charizard|Earthquake|p1a: Tyranitar\n|-supereffective|p1a: Tyranitar\n|-damage|p1a: Tyranitar|0 fnt\n|faint|p1a: Tyranitar\n|\n|-weather|Sandstorm|[upkeep]\n|-damage|p2a: Charizard|49\/100|[from] Sandstorm\n|upkeep\n|\n|t:|1699645945\n|switch|p1a: Dracozolt|Dracozolt|100\/100\n|turn|17\n|inactive|hurenkebi has 180 seconds left.\n|inactive|hurenkebi has 150 seconds left.\n|\n|t:|1699645992\n|switch|p2a: Hoopa|Hoopa-Unbound, tera:Dark|52\/100 tox\n|-terastallize|p1a: Dracozolt|Electric\n|move|p1a: Dracozolt|Bolt Beak|p2a: Hoopa\n|-damage|p2a: Hoopa|0 fnt\n|faint|p2a: Hoopa\n|-damage|p1a: Dracozolt|91\/100|[from] item: Life Orb\n|\n|-weather|Sandstorm|[upkeep]\n|-fieldend|move: Psychic Terrain\n|upkeep\n|inactive|hurenkebi has 150 seconds left.\n|\n|t:|1699646019\n|switch|p2a: Venusaur|Venusaur, F, shiny|100\/100\n|turn|18\n|inactive|chengza has 240 seconds left.\n|\n|t:|1699646060\n|move|p1a: Dracozolt|Fire Blast|p2a: Venusaur\n|-supereffective|p2a: Venusaur\n|-damage|p2a: Venusaur|43\/100\n|-damage|p1a: Dracozolt|81\/100|[from] item: Life Orb\n|move|p2a: Venusaur|Sludge Bomb|p1a: Dracozolt\n|-damage|p1a: Dracozolt|0 fnt\n|faint|p1a: Dracozolt\n|-damage|p2a: Venusaur|33\/100|[from] item: Life Orb\n|\n|-weather|Sandstorm|[upkeep]\n|-damage|p2a: Venusaur|27\/100|[from] Sandstorm\n|upkeep\n|inactive|chengza has 210 seconds left.\n|\n|t:|1699646073\n|switch|p1a: Celesteela|Celesteela|100\/100\n|turn|19\n|l|\u2606hurenkebi\n|inactive|hurenkebi disconnected and has 300 seconds to reconnect!\n|player|p2|\n|inactive|hurenkebi has 270 seconds to reconnect!\n|inactive|hurenkebi has 240 seconds to reconnect!\n|inactive|hurenkebi has 210 seconds to reconnect!\n|j|\u2606hurenkebi\n|inactive|hurenkebi reconnected and has 125 seconds left.\n|player|p2|hurenkebi|kimonogirl\n|inactive|hurenkebi has 120 seconds left.\n|\n|t:|1699646223\n|move|p2a: Venusaur|Weather Ball|p1a: Celesteela\n|-damage|p1a: Celesteela|60\/100\n|-damage|p2a: Venusaur|17\/100|[from] item: Life Orb\n|move|p1a: Celesteela|Autotomize|p1a: Celesteela\n|-boost|p1a: Celesteela|spe|2\n|-start|p1a: Celesteela|Autotomize\n|\n|-weather|Sandstorm|[upkeep]\n|-damage|p2a: Venusaur|11\/100|[from] Sandstorm\n|upkeep\n|turn|20\n|\n|t:|1699646235\n|move|p1a: Celesteela|Air Slash|p2a: Venusaur\n|-supereffective|p2a: Venusaur\n|-damage|p2a: Venusaur|0 fnt\n|faint|p2a: Venusaur\n|-ability|p1a: Celesteela|Beast Boost|boost\n|-boost|p1a: Celesteela|spa|1\n|\n|-weather|none\n|upkeep\n|\n|t:|1699646248\n|switch|p2a: Urshifu|Urshifu-Rapid-Strike, M|100\/100\n|turn|21\n|inactive|hurenkebi has 90 seconds left.\n|\n|t:|1699646281\n|move|p1a: Celesteela|Air Slash|p2a: Urshifu|[miss]\n|-miss|p1a: Celesteela|p2a: Urshifu\n|move|p2a: Urshifu|Close Combat|p1a: Celesteela\n|-damage|p1a: Celesteela|0 fnt\n|-unboost|p2a: Urshifu|def|1\n|-unboost|p2a: Urshifu|spd|1\n|faint|p1a: Celesteela\n|\n|upkeep\n|inactive|chengza has 210 seconds left.\n|\n|t:|1699646308\n|switch|p1a: Excadrill|Excadrill, F|100\/100\n|turn|22\n|inactive|hurenkebi has 90 seconds left.\n|\n|t:|1699646321\n|-zpower|p1a: Excadrill\n|move|p1a: Excadrill|Corkscrew Crash|p2a: Urshifu|[zeffect]\n|-resisted|p2a: Urshifu\n|-damage|p2a: Urshifu|41\/100\n|move|p2a: Urshifu|Close Combat|p1a: Excadrill\n|-supereffective|p1a: Excadrill\n|-damage|p1a: Excadrill|0 fnt\n|-unboost|p2a: Urshifu|def|1\n|-unboost|p2a: Urshifu|spd|1\n|faint|p1a: Excadrill\n|\n|win|hurenkebi\n","uploadtime":1699646334,"views":4,"p1id":"chengza","p2id":"hurenkebi","formatid":"gen9nationaldex","rating":0,"private":0,"password":""}