{"id":"gen9nationaldex-1989796394","p1":"Ekkogandr","p2":"akyraaiko","format":"[Gen 9] National Dex","log":"|j|\u2606Ekkogandr\n|j|\u2606akyraaiko\n|t:|1699896481\n|gametype|singles\n|player|p1|Ekkogandr|turo-ai|\n|player|p2|akyraaiko|265|\n|teamsize|p1|6\n|teamsize|p2|6\n|gen|9\n|tier|[Gen 9] National Dex\n|rule|HP Percentage Mod: HP is shown in percentages\n|rule|Endless Battle Clause: Forcing endless battles is banned\n|rule|OHKO Clause: OHKO moves are banned\n|rule|Evasion Clause: Evasion abilities, items, and moves are banned\n|rule|Evasion Abilities Clause: Evasion abilities are banned\n|rule|Evasion Items Clause: Evasion items are banned\n|rule|Evasion Moves Clause: Evasion moves are banned\n|rule|Species Clause: Limit one of each Pok\u00e9mon\n|rule|Sleep Clause Mod: Limit one foe put to sleep\n|clearpoke\n|poke|p1|Gallade, M|\n|poke|p1|Tapu Lele|\n|poke|p1|Volcarona, F|\n|poke|p1|Landorus-Therian, M|\n|poke|p1|Ferrothorn, M|\n|poke|p1|Heatran, M|\n|poke|p2|Iron Moth|\n|poke|p2|Kleavor, M|\n|poke|p2|Zoroark-Hisui, M|\n|poke|p2|Kyurem|\n|poke|p2|Lycanroc-Dusk, F|\n|poke|p2|Urshifu-*, F|\n|teampreview\n|\n|t:|1699896491\n|start\n|switch|p1a: Ferrothorn|Ferrothorn, M|100\/100\n|switch|p2a: el lobo|Lycanroc-Dusk, F, shiny|100\/100\n|turn|1\n|\n|t:|1699896503\n|switch|p1a: Landorus|Landorus-Therian, M|100\/100\n|-ability|p1a: Landorus|Intimidate|boost\n|-unboost|p2a: el lobo|atk|1\n|move|p2a: el lobo|Flamethrower|p1a: Landorus\n|-damage|p1a: Landorus|62\/100\n|\n|upkeep\n|turn|2\n|\n|t:|1699896511\n|move|p2a: el lobo|Nasty Plot|p2a: el lobo\n|-boost|p2a: el lobo|spa|2\n|move|p1a: Landorus|Earthquake|p2a: el lobo\n|-damage|p2a: el lobo|8\/100\n|replace|p2a: who?|Zoroark-Hisui, M\n|-end|p2a: who?|Illusion\n|\n|upkeep\n|turn|3\n|\n|t:|1699896518\n|switch|p1a: Heatran|Heatran, M|100\/100\n|move|p2a: who?|Bitter Malice|p1a: Heatran\n|-crit|p1a: Heatran\n|-damage|p1a: Heatran|12\/100\n|-unboost|p1a: Heatran|atk|1\n|\n|-heal|p1a: Heatran|19\/100|[from] item: Leftovers\n|upkeep\n|turn|4\n|c|\u2606Ekkogandr|blz\n|\n|t:|1699896539\n|move|p2a: who?|Bitter Malice|p1a: Heatran\n|-damage|p1a: Heatran|0 fnt\n|faint|p1a: Heatran\n|\n|upkeep\n|\n|t:|1699896544\n|switch|p1a: Tapu Lele|Tapu Lele|100\/100\n|-fieldstart|move: Psychic Terrain|[from] ability: Psychic Surge|[of] p1a: Tapu Lele\n|turn|5\n|\n|t:|1699896552\n|move|p1a: Tapu Lele|Moonblast|p2a: who?\n|-damage|p2a: who?|0 fnt\n|faint|p2a: who?\n|\n|upkeep\n|\n|t:|1699896563\n|switch|p2a: machada|Kleavor, M, shiny|100\/100\n|turn|6\n|\n|t:|1699896568\n|move|p1a: Tapu Lele|Moonblast|p2a: machada\n|-damage|p2a: machada|18\/100\n|move|p2a: machada|Stone Axe|p1a: Tapu Lele\n|-damage|p1a: Tapu Lele|7\/100\n|-sidestart|p1: Ekkogandr|move: Stealth Rock\n|\n|upkeep\n|turn|7\n|\n|t:|1699896578\n|move|p1a: Tapu Lele|Moonblast|p2a: machada\n|-damage|p2a: machada|0 fnt\n|faint|p2a: machada\n|\n|upkeep\n|\n|t:|1699896581\n|switch|p2a: sol|Iron Moth|100\/100\n|turn|8\n|\n|t:|1699896587\n|switch|p1a: Landorus|Landorus-Therian, M|62\/100\n|-damage|p1a: Landorus|50\/100|[from] Stealth Rock\n|-ability|p1a: Landorus|Intimidate|boost\n|-unboost|p2a: sol|atk|1\n|-terastallize|p2a: sol|Fire\n|move|p2a: sol|Bug Buzz|p1a: Landorus\n|-resisted|p1a: Landorus\n|-damage|p1a: Landorus|30\/100\n|\n|upkeep\n|turn|9\n|\n|t:|1699896594\n|move|p2a: sol|Fire Blast|p1a: Landorus\n|-damage|p1a: Landorus|0 fnt\n|faint|p1a: Landorus\n|\n|-fieldend|move: Psychic Terrain\n|upkeep\n|\n|t:|1699896611\n|switch|p1a: Tapu Lele|Tapu Lele|7\/100\n|-damage|p1a: Tapu Lele|0 fnt|[from] Stealth Rock\n|faint|p1a: Tapu Lele\n|\n|t:|1699896615\n|switch|p1a: Volcarona|Volcarona, F|100\/100\n|turn|10\n|\n|t:|1699896626\n|move|p1a: Volcarona|Quiver Dance|p1a: Volcarona\n|-boost|p1a: Volcarona|spa|1\n|-boost|p1a: Volcarona|spd|1\n|-boost|p1a: Volcarona|spe|1\n|move|p2a: sol|Toxic Spikes|p1a: Volcarona\n|-sidestart|p1: Ekkogandr|move: Toxic Spikes\n|\n|upkeep\n|turn|11\n|\n|t:|1699896630\n|move|p1a: Volcarona|Flamethrower|p2a: sol\n|-resisted|p2a: sol\n|-damage|p2a: sol|61\/100\n|move|p2a: sol|Hurricane|p1a: Volcarona\n|-supereffective|p1a: Volcarona\n|-damage|p1a: Volcarona|34\/100\n|-start|p1a: Volcarona|confusion\n|\n|-heal|p2a: sol|67\/100|[from] item: Leftovers\n|upkeep\n|turn|12\n|\n|t:|1699896633\n|-activate|p1a: Volcarona|confusion\n|move|p1a: Volcarona|Flamethrower|p2a: sol\n|-resisted|p2a: sol\n|-damage|p2a: sol|30\/100\n|move|p2a: sol|Hurricane|p1a: Volcarona|[miss]\n|-miss|p2a: sol|p1a: Volcarona\n|\n|-heal|p2a: sol|36\/100|[from] item: Leftovers\n|upkeep\n|turn|13\n|\n|t:|1699896637\n|-end|p1a: Volcarona|confusion\n|move|p1a: Volcarona|Flamethrower|p2a: sol\n|-resisted|p2a: sol\n|-damage|p2a: sol|0 fnt\n|faint|p2a: sol\n|-end|p2a: sol|Quark Drive|[silent]\n|\n|upkeep\n|\n|t:|1699896646\n|switch|p2a: el lobo|Lycanroc-Dusk, F, shiny|100\/100\n|turn|14\n|\n|t:|1699896658\n|-terastallize|p1a: Volcarona|Grass\n|move|p2a: el lobo|Accelerock|p1a: Volcarona\n|-damage|p1a: Volcarona|0 fnt\n|faint|p1a: Volcarona\n|-damage|p2a: el lobo|91\/100|[from] item: Life Orb\n|\n|upkeep\n|c|\u2606akyraaiko|ufa\n|\n|t:|1699896663\n|switch|p1a: Gallade|Gallade, M|100\/100\n|-damage|p1a: Gallade|94\/100|[from] Stealth Rock\n|-status|p1a: Gallade|psn\n|turn|15\n|c|\u2606akyraaiko|cabei a ota batalha\n|c|\u2606akyraaiko|focar nessa so\n|\n|t:|1699896683\n|detailschange|p1a: Gallade|Gallade-Mega, M\n|-mega|p1a: Gallade|Gallade|Galladite\n|move|p1a: Gallade|Close Combat|p2a: el lobo\n|-supereffective|p2a: el lobo\n|-damage|p2a: el lobo|0 fnt\n|-unboost|p1a: Gallade|def|1\n|-unboost|p1a: Gallade|spd|1\n|faint|p2a: el lobo\n|\n|-damage|p1a: Gallade|82\/100 psn|[from] psn\n|upkeep\n|\n|t:|1699896686\n|switch|p2a: demogorga|Kyurem|100\/100\n|-ability|p2a: demogorga|Pressure\n|turn|16\n|\n|t:|1699896694\n|move|p1a: Gallade|Close Combat|p2a: demogorga\n|-supereffective|p2a: demogorga\n|-damage|p2a: demogorga|0 fnt\n|-unboost|p1a: Gallade|def|1\n|-unboost|p1a: Gallade|spd|1\n|faint|p2a: demogorga\n|\n|-damage|p1a: Gallade|70\/100 psn|[from] psn\n|upkeep\n|\n|t:|1699896696\n|switch|p2a: roger guedes|Urshifu-Rapid-Strike, F|100\/100\n|turn|17\n|\n|t:|1699896702\n|move|p1a: Gallade|Zen Headbutt|p2a: roger guedes\n|-supereffective|p2a: roger guedes\n|-damage|p2a: roger guedes|0 fnt\n|faint|p2a: roger guedes\n|\n|win|Ekkogandr\n|c|\u2606Ekkogandr|gg\n|c|\u2606akyraaiko|devia ter ficado na ota\n","uploadtime":1699896709,"views":4,"p1id":"ekkogandr","p2id":"akyraaiko","formatid":"gen9nationaldex","rating":0,"private":0,"password":""}