{"id":"gen9nationaldex-1992775787","p1":"HanFong","p2":"heitaok","format":"[Gen 9] National Dex","log":"|j|\u2606HanFong\n|j|\u2606heitaok\n|t:|1700234417\n|gametype|singles\n|player|p1|HanFong|169|1457\n|player|p2|heitaok|gentleman|1472\n|teamsize|p1|6\n|teamsize|p2|6\n|gen|9\n|tier|[Gen 9] National Dex\n|rated|\n|rule|HP Percentage Mod: HP is shown in percentages\n|rule|Endless Battle Clause: Forcing endless battles is banned\n|rule|OHKO Clause: OHKO moves are banned\n|rule|Evasion Clause: Evasion abilities, items, and moves are banned\n|rule|Evasion Abilities Clause: Evasion abilities are banned\n|rule|Evasion Items Clause: Evasion items are banned\n|rule|Evasion Moves Clause: Evasion moves are banned\n|rule|Species Clause: Limit one of each Pok\u00e9mon\n|rule|Sleep Clause Mod: Limit one foe put to sleep\n|clearpoke\n|poke|p1|Sneasler, M|\n|poke|p1|Rillaboom, M|\n|poke|p1|Zapdos|\n|poke|p1|Camerupt, F|\n|poke|p1|Empoleon, M|\n|poke|p1|Dragonite, M|\n|poke|p2|Rotom-Wash|\n|poke|p2|Iron Valiant|\n|poke|p2|Hoopa-Unbound|\n|poke|p2|Scizor, F|\n|poke|p2|Landorus-Therian, M|\n|poke|p2|Tapu Koko|\n|teampreview\n|inactive|Battle timer is ON: inactive players will automatically lose when time's up. (requested by heitaok)\n|\n|t:|1700234431\n|start\n|switch|p1a: Camerupt|Camerupt, F|100\/100\n|switch|p2a: Hoopa|Hoopa-Unbound|100\/100\n|turn|1\n|\n|t:|1700234441\n|detailschange|p1a: Camerupt|Camerupt-Mega, F\n|-mega|p1a: Camerupt|Camerupt|Cameruptite\n|move|p2a: Hoopa|Hyperspace Fury|p1a: Camerupt\n|-damage|p1a: Camerupt|0 fnt\n|-unboost|p2a: Hoopa|def|1\n|faint|p1a: Camerupt\n|\n|upkeep\n|\n|t:|1700234449\n|switch|p1a: Rillaboom|Rillaboom, M|100\/100\n|-fieldstart|move: Grassy Terrain|[from] ability: Grassy Surge|[of] p1a: Rillaboom\n|turn|2\n|\n|t:|1700234471\n|switch|p2a: Scizor|Scizor, F|100\/100\n|switch|p1a: Dragonite|Dragonite, M|100\/100\n|\n|upkeep\n|turn|3\n|\n|t:|1700234477\n|detailschange|p2a: Scizor|Scizor-Mega, F\n|-mega|p2a: Scizor|Scizor|Scizorite\n|move|p1a: Dragonite|Curse|p1a: Dragonite\n|-unboost|p1a: Dragonite|spe|1\n|-boost|p1a: Dragonite|atk|1\n|-boost|p1a: Dragonite|def|1\n|move|p2a: Scizor|U-turn|p1a: Dragonite\n|-resisted|p1a: Dragonite\n|-crit|p1a: Dragonite\n|-damage|p1a: Dragonite|88\/100\n|\n|t:|1700234480\n|switch|p2a: Iron Valiant|Iron Valiant|100\/100|[from] U-turn\n|\n|upkeep\n|turn|4\n|\n|t:|1700234487\n|-end|p2a: Iron Valiant|Quark Drive|[silent]\n|switch|p2a: Landorus|Landorus-Therian, M|100\/100\n|-ability|p2a: Landorus|Intimidate|boost\n|-unboost|p1a: Dragonite|atk|1\n|-terastallize|p1a: Dragonite|Normal\n|move|p1a: Dragonite|Extreme Speed|p2a: Landorus\n|-damage|p2a: Landorus|67\/100\n|-damage|p1a: Dragonite|72\/100|[from] item: Rocky Helmet|[of] p2a: Landorus\n|\n|-heal|p1a: Dragonite|78\/100|[from] Grassy Terrain\n|upkeep\n|turn|5\n|\n|t:|1700234490\n|move|p2a: Landorus|Toxic|p1a: Dragonite|[miss]\n|-miss|p2a: Landorus|p1a: Dragonite\n|move|p1a: Dragonite|Curse|p1a: Dragonite\n|-unboost|p1a: Dragonite|spe|1\n|-boost|p1a: Dragonite|atk|1\n|-boost|p1a: Dragonite|def|1\n|\n|-heal|p1a: Dragonite|84\/100|[from] Grassy Terrain\n|upkeep\n|turn|6\n|\n|t:|1700234494\n|move|p1a: Dragonite|Extreme Speed|p2a: Landorus\n|-damage|p2a: Landorus|17\/100\n|-damage|p1a: Dragonite|68\/100|[from] item: Rocky Helmet|[of] p2a: Landorus\n|move|p2a: Landorus|Toxic|p1a: Dragonite\n|-status|p1a: Dragonite|tox\n|\n|-heal|p1a: Dragonite|74\/100 tox|[from] Grassy Terrain\n|-damage|p1a: Dragonite|68\/100 tox|[from] psn\n|-fieldend|move: Grassy Terrain\n|upkeep\n|turn|7\n|\n|t:|1700234501\n|move|p1a: Dragonite|Extreme Speed|p2a: Landorus\n|-damage|p2a: Landorus|0 fnt\n|-damage|p1a: Dragonite|51\/100 tox|[from] item: Rocky Helmet|[of] p2a: Landorus\n|faint|p2a: Landorus\n|\n|-damage|p1a: Dragonite|39\/100 tox|[from] psn\n|upkeep\n|\n|t:|1700234507\n|switch|p2a: Scizor|Scizor-Mega, F|100\/100\n|turn|8\n|\n|t:|1700234509\n|move|p2a: Scizor|Bullet Punch|p1a: Dragonite\n|-damage|p1a: Dragonite|26\/100 tox\n|move|p1a: Dragonite|Fire Punch|p2a: Scizor\n|-supereffective|p2a: Scizor\n|-damage|p2a: Scizor|0 fnt\n|faint|p2a: Scizor\n|\n|-damage|p1a: Dragonite|7\/100 tox|[from] psn\n|upkeep\n|\n|t:|1700234516\n|switch|p2a: Rotom|Rotom-Wash|100\/100\n|turn|9\n|\n|t:|1700234518\n|move|p1a: Dragonite|Extreme Speed|p2a: Rotom\n|-damage|p2a: Rotom|49\/100\n|move|p2a: Rotom|Volt Switch|p1a: Dragonite\n|-damage|p1a: Dragonite|0 fnt\n|faint|p1a: Dragonite\n|\n|t:|1700234528\n|switch|p2a: Hoopa|Hoopa-Unbound|100\/100|[from] Volt Switch\n|\n|upkeep\n|inactive|HanFong has 120 seconds left.\n|\n|t:|1700234559\n|switch|p1a: Sneasler|Sneasler, M|100\/100\n|turn|10\n|\n|t:|1700234580\n|-terastallize|p2a: Hoopa|Dark\n|move|p1a: Sneasler|Close Combat|p2a: Hoopa\n|-supereffective|p2a: Hoopa\n|-damage|p2a: Hoopa|0 fnt\n|-unboost|p1a: Sneasler|def|1\n|-unboost|p1a: Sneasler|spd|1\n|faint|p2a: Hoopa\n|\n|upkeep\n|\n|t:|1700234585\n|switch|p2a: Tapu Koko|Tapu Koko|100\/100\n|-fieldstart|move: Electric Terrain|[from] ability: Electric Surge|[of] p2a: Tapu Koko\n|turn|11\n|-message|heitaok forfeited.\n|\n|win|HanFong\n|raw|HanFong's rating: 1457 &rarr; <strong>1478<\/strong><br \/>(+21 for winning)\n|raw|heitaok's rating: 1472 &rarr; <strong>1451<\/strong><br \/>(-21 for losing)\n|l|\u2606heitaok\n","uploadtime":1700234593,"views":16,"p1id":"hanfong","p2id":"heitaok","formatid":"gen9nationaldex","rating":1451,"private":0,"password":""}