{"id":"gen9nationaldex-1995270002","p1":"OwlBones","p2":"Springy_6","format":"[Gen 9] National Dex","log":"|html|<div class=\"broadcast-blue\"><strong>[Gen 9] National Dex is currently suspecting Sneasler! For information on how to participate check out the <a href=\"https:\/\/www.smogon.com\/forums\/threads\/sv-national-dex-suspect-8-just-dance.3731534\/\">suspect thread<\/a>.<\/strong><\/div>\n|j|\u2606OwlBones\n|j|\u2606Springy_6\n|t:|1700544353\n|gametype|singles\n|player|p1|OwlBones|drayden|\n|player|p2|Springy_6|colress|\n|teamsize|p1|6\n|teamsize|p2|6\n|gen|9\n|tier|[Gen 9] National Dex\n|rule|HP Percentage Mod: HP is shown in percentages\n|rule|Endless Battle Clause: Forcing endless battles is banned\n|rule|OHKO Clause: OHKO moves are banned\n|rule|Evasion Clause: Evasion abilities, items, and moves are banned\n|rule|Evasion Abilities Clause: Evasion abilities are banned\n|rule|Evasion Items Clause: Evasion items are banned\n|rule|Evasion Moves Clause: Evasion moves are banned\n|rule|Species Clause: Limit one of each Pok\u00e9mon\n|rule|Sleep Clause Mod: Limit one foe put to sleep\n|clearpoke\n|poke|p1|Revavroom, F|\n|poke|p1|Muk, F|\n|poke|p1|Magnezone|\n|poke|p1|Gengar, M|\n|poke|p1|Perrserker, F|\n|poke|p1|Mawile, F|\n|poke|p2|Typhlosion, M|\n|poke|p2|Gigalith, M|\n|poke|p2|Sylveon, F|\n|poke|p2|Porygon-Z|\n|poke|p2|Sableye, M|\n|poke|p2|Dragonite, F|\n|teampreview\n|\n|t:|1700544421\n|start\n|switch|p1a: Mawile|Mawile, F|100\/100\n|switch|p2a: Typhlosion|Typhlosion, M, shiny|100\/100\n|turn|1\n|\n|t:|1700544437\n|switch|p1a: Muk|Muk, F|100\/100\n|move|p2a: Typhlosion|Flamethrower|p1a: Muk\n|-damage|p1a: Muk|46\/100\n|\n|-heal|p1a: Muk|52\/100|[from] item: Black Sludge\n|upkeep\n|turn|2\n|\n|t:|1700544446\n|move|p2a: Typhlosion|Flamethrower|p1a: Muk\n|-damage|p1a: Muk|2\/100\n|move|p1a: Muk|Drain Punch|p2a: Typhlosion\n|-damage|p2a: Typhlosion|64\/100\n|-heal|p1a: Muk|15\/100|[from] drain|[of] p2a: Typhlosion\n|\n|-heal|p1a: Muk|21\/100|[from] item: Black Sludge\n|upkeep\n|turn|3\n|\n|t:|1700544457\n|move|p1a: Muk|Shadow Sneak|p2a: Typhlosion\n|-damage|p2a: Typhlosion|47\/100\n|move|p2a: Typhlosion|Flamethrower|p1a: Muk\n|-damage|p1a: Muk|0 fnt\n|faint|p1a: Muk\n|\n|upkeep\n|\n|t:|1700544485\n|switch|p1a: Gengar|Gengar, M|100\/100\n|turn|4\n|\n|t:|1700544505\n|switch|p2a: Porygon-Z|Porygon-Z|100\/100\n|move|p1a: Gengar|Hex|p2a: Porygon-Z\n|-immune|p2a: Porygon-Z\n|\n|upkeep\n|turn|5\n|\n|t:|1700544520\n|move|p1a: Gengar|Toxic Spikes|p2a: Porygon-Z\n|-sidestart|p2: Springy_6|move: Toxic Spikes\n|move|p2a: Porygon-Z|Psychic|p1a: Gengar\n|-supereffective|p1a: Gengar\n|-damage|p1a: Gengar|0 fnt\n|faint|p1a: Gengar\n|\n|upkeep\n|\n|t:|1700544534\n|switch|p1a: Magnezone|Magnezone|100\/100\n|turn|6\n|\n|t:|1700544568\n|move|p2a: Porygon-Z|Tri Attack|p1a: Magnezone\n|-resisted|p1a: Magnezone\n|-damage|p1a: Magnezone|70\/100\n|move|p1a: Magnezone|Substitute|p1a: Magnezone\n|-start|p1a: Magnezone|Substitute\n|-damage|p1a: Magnezone|45\/100\n|\n|-heal|p1a: Magnezone|52\/100|[from] item: Leftovers\n|upkeep\n|turn|7\n|\n|t:|1700544579\n|move|p2a: Porygon-Z|Tri Attack|p1a: Magnezone\n|-resisted|p1a: Magnezone\n|-end|p1a: Magnezone|Substitute\n|move|p1a: Magnezone|Reflect|p1a: Magnezone\n|-sidestart|p1: OwlBones|Reflect\n|\n|-heal|p1a: Magnezone|58\/100|[from] item: Leftovers\n|upkeep\n|turn|8\n|\n|t:|1700544587\n|move|p2a: Porygon-Z|Tri Attack|p1a: Magnezone\n|-resisted|p1a: Magnezone\n|-damage|p1a: Magnezone|26\/100\n|move|p1a: Magnezone|Tri Attack|p2a: Porygon-Z\n|-damage|p2a: Porygon-Z|71\/100\n|\n|-heal|p1a: Magnezone|32\/100|[from] item: Leftovers\n|upkeep\n|turn|9\n|\n|t:|1700544602\n|move|p2a: Porygon-Z|Tri Attack|p1a: Magnezone\n|-resisted|p1a: Magnezone\n|-damage|p1a: Magnezone|0 fnt\n|faint|p1a: Magnezone\n|\n|upkeep\n|\n|t:|1700544634\n|switch|p1a: Perrserker|Perrserker, F|100\/100\n|turn|10\n|\n|t:|1700544679\n|move|p1a: Perrserker|Fake Out|p2a: Porygon-Z\n|-damage|p2a: Porygon-Z|44\/100\n|-damage|p1a: Perrserker|91\/100|[from] item: Life Orb\n|cant|p2a: Porygon-Z|flinch\n|\n|upkeep\n|turn|11\n|\n|t:|1700544697\n|move|p2a: Porygon-Z|Ice Beam|p1a: Perrserker\n|-resisted|p1a: Perrserker\n|-damage|p1a: Perrserker|66\/100\n|move|p1a: Perrserker|U-turn|p2a: Porygon-Z\n|-damage|p2a: Porygon-Z|0 fnt\n|faint|p2a: Porygon-Z\n|-damage|p1a: Perrserker|56\/100|[from] item: Life Orb\n|\n|t:|1700544712\n|switch|p1a: Revavroom|Revavroom, F|100\/100|[from] U-turn\n|-item|p1a: Revavroom|Air Balloon\n|\n|-sideend|p1: OwlBones|Reflect\n|upkeep\n|\n|t:|1700544728\n|switch|p2a: Gigalith|Gigalith, M, shiny|100\/100\n|-status|p2a: Gigalith|psn\n|turn|12\n|\n|t:|1700544742\n|move|p1a: Revavroom|High Horsepower|p2a: Gigalith\n|-supereffective|p2a: Gigalith\n|-damage|p2a: Gigalith|48\/100 psn\n|move|p2a: Gigalith|Superpower|p1a: Revavroom\n|-crit|p1a: Revavroom\n|-damage|p1a: Revavroom|5\/100\n|-unboost|p2a: Gigalith|atk|1\n|-unboost|p2a: Gigalith|def|1\n|-enditem|p1a: Revavroom|Air Balloon\n|\n|-damage|p2a: Gigalith|35\/100 psn|[from] psn\n|upkeep\n|turn|13\n|\n|t:|1700544757\n|move|p1a: Revavroom|High Horsepower|p2a: Gigalith\n|-supereffective|p2a: Gigalith\n|-damage|p2a: Gigalith|0 fnt\n|faint|p2a: Gigalith\n|\n|upkeep\n|\n|t:|1700544772\n|switch|p2a: Typhlosion|Typhlosion, M, shiny|47\/100\n|-status|p2a: Typhlosion|psn\n|turn|14\n|\n|t:|1700544781\n|move|p2a: Typhlosion|Flamethrower|p1a: Revavroom\n|-supereffective|p1a: Revavroom\n|-damage|p1a: Revavroom|0 fnt\n|faint|p1a: Revavroom\n|\n|-damage|p2a: Typhlosion|35\/100 psn|[from] psn\n|upkeep\n|\n|t:|1700544797\n|switch|p1a: Mawile|Mawile, F|100\/100\n|turn|15\n|\n|t:|1700544800\n|move|p2a: Typhlosion|Flamethrower|p1a: Mawile\n|-supereffective|p1a: Mawile\n|-damage|p1a: Mawile|0 fnt\n|faint|p1a: Mawile\n|\n|-damage|p2a: Typhlosion|22\/100 psn|[from] psn\n|upkeep\n|\n|t:|1700544806\n|switch|p1a: Perrserker|Perrserker, F|56\/100\n|turn|16\n|\n|t:|1700544811\n|move|p1a: Perrserker|Fake Out|p2a: Typhlosion\n|-damage|p2a: Typhlosion|0 fnt\n|faint|p2a: Typhlosion\n|-damage|p1a: Perrserker|47\/100|[from] item: Life Orb\n|\n|upkeep\n|\n|t:|1700544819\n|switch|p2a: Sableye|Sableye, M|100\/100\n|-status|p2a: Sableye|psn\n|turn|17\n|\n|t:|1700544831\n|move|p2a: Sableye|Power Gem|p1a: Perrserker\n|-resisted|p1a: Perrserker\n|-damage|p1a: Perrserker|31\/100\n|move|p1a: Perrserker|Play Rough|p2a: Sableye\n|-supereffective|p2a: Sableye\n|-crit|p2a: Sableye\n|-damage|p2a: Sableye|0 fnt\n|faint|p2a: Sableye\n|-damage|p1a: Perrserker|21\/100|[from] item: Life Orb\n|\n|upkeep\n|\n|t:|1700544842\n|switch|p2a: Dragonite|Dragonite, F|100\/100\n|turn|18\n|\n|t:|1700544876\n|move|p2a: Dragonite|Aqua Tail|p1a: Perrserker\n|-damage|p1a: Perrserker|0 fnt\n|faint|p1a: Perrserker\n|\n|win|Springy_6\n","uploadtime":1700544900,"views":23,"p1id":"owlbones","p2id":"springy6","formatid":"gen9nationaldex","rating":0,"private":0,"password":""}