{"id":"gen9nationaldex-1993318738","p1":"DoctorFiraga","p2":"Vedasa","format":"[Gen 9] National Dex","log":"|j|\u2606DoctorFiraga\n|j|\u2606Vedasa\n|inactive|Battle timer is ON: inactive players will automatically lose when time's up.\n|t:|1700297298\n|gametype|singles\n|player|p1|DoctorFiraga|turo|\n|player|p2|Vedasa|blue|\n|teamsize|p1|6\n|teamsize|p2|6\n|gen|9\n|tier|[Gen 9] National Dex\n|rated|Tournament battle\n|rule|HP Percentage Mod: HP is shown in percentages\n|rule|Endless Battle Clause: Forcing endless battles is banned\n|rule|OHKO Clause: OHKO moves are banned\n|rule|Evasion Clause: Evasion abilities, items, and moves are banned\n|rule|Evasion Abilities Clause: Evasion abilities are banned\n|rule|Evasion Items Clause: Evasion items are banned\n|rule|Evasion Moves Clause: Evasion moves are banned\n|rule|Species Clause: Limit one of each Pok\u00e9mon\n|rule|Sleep Clause Mod: Limit one foe put to sleep\n|clearpoke\n|poke|p1|Glimmora, F|\n|poke|p1|Ogerpon-Wellspring, F|\n|poke|p1|Scizor, F|\n|poke|p1|Garchomp, F|\n|poke|p1|Moltres|\n|poke|p1|Weavile, M|\n|poke|p2|Aerodactyl, M|\n|poke|p2|Machamp, M|\n|poke|p2|Alakazam, M|\n|poke|p2|Exeggutor, M|\n|poke|p2|Arcanine, M|\n|poke|p2|Gyarados, M|\n|teampreview\n|j| LucksmanDMormon\n|j| Eliprogamer\n|c|\u2606DoctorFiraga|glhf\n|j| Loserest Test\n|j| The power of ROCK\n|c|\u2606Vedasa|glhf\n|\n|t:|1700297316\n|start\n|switch|p1a: HAZARDOUS|Glimmora, F|100\/100\n|switch|p2a: Aerodactyl|Aerodactyl, M|100\/100\n|-ability|p2a: Aerodactyl|Unnerve\n|turn|1\n|\n|t:|1700297321\n|move|p2a: Aerodactyl|Earthquake|p1a: HAZARDOUS\n|-supereffective|p1a: HAZARDOUS\n|-enditem|p1a: HAZARDOUS|Focus Sash\n|-damage|p1a: HAZARDOUS|1\/100\n|-activate|p1a: HAZARDOUS|ability: Toxic Debris\n|-sidestart|p2: Vedasa|move: Toxic Spikes\n|move|p1a: HAZARDOUS|Mortal Spin|p2a: Aerodactyl\n|-resisted|p2a: Aerodactyl\n|-damage|p2a: Aerodactyl|95\/100\n|-status|p2a: Aerodactyl|psn\n|\n|-damage|p2a: Aerodactyl|83\/100 psn|[from] psn\n|upkeep\n|turn|2\n|\n|t:|1700297329\n|move|p1a: HAZARDOUS|Spiky Shield|p1a: HAZARDOUS\n|-singleturn|p1a: HAZARDOUS|move: Protect\n|move|p2a: Aerodactyl|Stone Edge|p1a: HAZARDOUS\n|-activate|p1a: HAZARDOUS|move: Protect\n|\n|-damage|p2a: Aerodactyl|70\/100 psn|[from] psn\n|upkeep\n|turn|3\n|\n|t:|1700297337\n|move|p2a: Aerodactyl|Earthquake|p1a: HAZARDOUS\n|-supereffective|p1a: HAZARDOUS\n|-damage|p1a: HAZARDOUS|0 fnt\n|-activate|p1a: HAZARDOUS|ability: Toxic Debris\n|-sidestart|p2: Vedasa|move: Toxic Spikes\n|faint|p1a: HAZARDOUS\n|\n|-damage|p2a: Aerodactyl|58\/100 psn|[from] psn\n|upkeep\n|j| Potatofromsinnoh\n|\n|t:|1700297349\n|switch|p1a: Red Genesect|Scizor, F|100\/100\n|turn|4\n|\n|t:|1700297361\n|switch|p2a: Arcanine|Arcanine, M|100\/100\n|-status|p2a: Arcanine|tox\n|-ability|p2a: Arcanine|Intimidate|boost\n|-unboost|p1a: Red Genesect|atk|1\n|detailschange|p1a: Red Genesect|Scizor-Mega, F\n|-mega|p1a: Red Genesect|Scizor|Scizorite\n|move|p1a: Red Genesect|Knock Off|p2a: Arcanine\n|-damage|p2a: Arcanine|62\/100 tox\n|-enditem|p2a: Arcanine|Choice Specs|[from] move: Knock Off|[of] p1a: Red Genesect\n|\n|-damage|p2a: Arcanine|56\/100 tox|[from] psn\n|upkeep\n|turn|5\n|\n|t:|1700297378\n|switch|p2a: Aerodactyl|Aerodactyl, M|58\/100 psn\n|-ability|p2a: Aerodactyl|Unnerve\n|switch|p1a: KFC|Moltres|100\/100\n|\n|-damage|p2a: Aerodactyl|46\/100 psn|[from] psn\n|upkeep\n|turn|6\n|\n|t:|1700297385\n|switch|p1a: Red Genesect|Scizor-Mega, F|100\/100\n|move|p2a: Aerodactyl|Defog|p1a: Red Genesect\n|-unboost|p1a: Red Genesect|evasion|1\n|-sideend|p2: Vedasa|Toxic Spikes|[from] move: Defog|[of] p2a: Aerodactyl\n|\n|-damage|p2a: Aerodactyl|34\/100 psn|[from] psn\n|upkeep\n|turn|7\n|\n|t:|1700297393\n|switch|p2a: Arcanine|Arcanine, M|56\/100 tox\n|-ability|p2a: Arcanine|Intimidate|boost\n|-unboost|p1a: Red Genesect|atk|1\n|move|p1a: Red Genesect|Swords Dance|p1a: Red Genesect\n|-boost|p1a: Red Genesect|atk|2\n|\n|-damage|p2a: Arcanine|50\/100 tox|[from] psn\n|upkeep\n|turn|8\n|\n|t:|1700297403\n|switch|p1a: KFC|Moltres|100\/100\n|move|p2a: Arcanine|Burn Up|p1a: KFC\n|-resisted|p1a: KFC\n|-damage|p1a: KFC|82\/100\n|-start|p2a: Arcanine|typechange|???|[from] move: Burn Up\n|\n|-damage|p2a: Arcanine|38\/100 tox|[from] psn\n|upkeep\n|turn|9\n|\n|t:|1700297413\n|switch|p2a: Aerodactyl|Aerodactyl, M|34\/100 psn\n|-ability|p2a: Aerodactyl|Unnerve\n|move|p1a: KFC|Hurricane|p2a: Aerodactyl|[miss]\n|-miss|p1a: KFC|p2a: Aerodactyl\n|\n|-damage|p2a: Aerodactyl|22\/100 psn|[from] psn\n|upkeep\n|turn|10\n|j| Miku Nakano ily\n|\n|t:|1700297422\n|switch|p1a: Red Genesect|Scizor-Mega, F|100\/100\n|-zpower|p2a: Aerodactyl\n|move|p2a: Aerodactyl|Continental Crush|p1a: Red Genesect|[zeffect]\n|-damage|p1a: Red Genesect|39\/100\n|\n|-damage|p2a: Aerodactyl|9\/100 psn|[from] psn\n|upkeep\n|turn|11\n|\n|t:|1700297434\n|move|p1a: Red Genesect|Bullet Punch|p2a: Aerodactyl\n|-supereffective|p2a: Aerodactyl\n|-damage|p2a: Aerodactyl|0 fnt\n|faint|p2a: Aerodactyl\n|\n|upkeep\n|\n|t:|1700297453\n|switch|p2a: Arcanine|Arcanine, M|38\/100 tox\n|-ability|p2a: Arcanine|Intimidate|boost\n|-unboost|p1a: Red Genesect|atk|1\n|turn|12\n|\n|t:|1700297456\n|switch|p2a: Gyarados|Gyarados, M|100\/100\n|-ability|p2a: Gyarados|Intimidate|boost\n|-unboost|p1a: Red Genesect|atk|1\n|switch|p1a: KFC|Moltres|82\/100\n|\n|upkeep\n|turn|13\n|\n|t:|1700297460\n|detailschange|p2a: Gyarados|Gyarados-Mega, M\n|-mega|p2a: Gyarados|Gyarados|Gyaradosite\n|-ability|p2a: Gyarados|Mold Breaker\n|move|p2a: Gyarados|Dragon Dance|p2a: Gyarados\n|-boost|p2a: Gyarados|atk|1\n|-boost|p2a: Gyarados|spe|1\n|move|p1a: KFC|Will-O-Wisp|p2a: Gyarados\n|-status|p2a: Gyarados|brn\n|\n|-damage|p2a: Gyarados|94\/100 brn|[from] brn\n|upkeep\n|turn|14\n|\n|t:|1700297468\n|move|p2a: Gyarados|Dragon Dance|p2a: Gyarados\n|-boost|p2a: Gyarados|atk|1\n|-boost|p2a: Gyarados|spe|1\n|move|p1a: KFC|Roost|p1a: KFC\n|-heal|p1a: KFC|100\/100\n|-singleturn|p1a: KFC|move: Roost\n|\n|-damage|p2a: Gyarados|88\/100 brn|[from] brn\n|upkeep\n|turn|15\n|c| Potatofromsinnoh|KILL\n|\n|t:|1700297470\n|move|p2a: Gyarados|Dragon Dance|p2a: Gyarados\n|-boost|p2a: Gyarados|atk|1\n|-boost|p2a: Gyarados|spe|1\n|move|p1a: KFC|Hurricane|p2a: Gyarados\n|-damage|p2a: Gyarados|50\/100 brn\n|\n|-damage|p2a: Gyarados|44\/100 brn|[from] brn\n|upkeep\n|turn|16\n|\n|t:|1700297478\n|move|p2a: Gyarados|Waterfall|p1a: KFC\n|-supereffective|p1a: KFC\n|-damage|p1a: KFC|0 fnt\n|faint|p1a: KFC\n|\n|-damage|p2a: Gyarados|38\/100 brn|[from] brn\n|upkeep\n|j|#Sulo\n|l| Miku Nakano ily\n|j| Miku Nakano ily\n|\n|t:|1700297489\n|switch|p1a: Skincare|Garchomp, F|100\/100\n|turn|17\n|\n|t:|1700297494\n|switch|p1a: Balanced|Ogerpon-Wellspring, F|100\/100\n|move|p2a: Gyarados|Waterfall|p1a: Balanced\n|-resisted|p1a: Balanced\n|-damage|p1a: Balanced|82\/100\n|\n|-damage|p2a: Gyarados|32\/100 brn|[from] brn\n|upkeep\n|turn|18\n|\n|t:|1700297507\n|switch|p1a: Skincare|Garchomp, F|100\/100\n|move|p2a: Gyarados|Crunch|p1a: Skincare\n|-damage|p1a: Skincare|43\/100\n|-damage|p2a: Gyarados|20\/100 brn|[from] ability: Rough Skin|[of] p1a: Skincare\n|\n|-damage|p2a: Gyarados|14\/100 brn|[from] brn\n|upkeep\n|turn|19\n|j| walpurgisnuit\n|\n|t:|1700297519\n|move|p2a: Gyarados|Earthquake|p1a: Skincare\n|-damage|p1a: Skincare|0 fnt\n|faint|p1a: Skincare\n|\n|-damage|p2a: Gyarados|8\/100 brn|[from] brn\n|upkeep\n|\n|t:|1700297525\n|switch|p1a: Red Genesect|Scizor-Mega, F|39\/100\n|turn|20\n|c| Potatofromsinnoh|clutch eq\n|\n|t:|1700297529\n|move|p1a: Red Genesect|Bullet Punch|p2a: Gyarados\n|-resisted|p2a: Gyarados\n|-damage|p2a: Gyarados|0 fnt\n|faint|p2a: Gyarados\n|\n|upkeep\n|\n|t:|1700297537\n|switch|p2a: Arcanine|Arcanine, M|38\/100 tox\n|-ability|p2a: Arcanine|Intimidate|boost\n|-unboost|p1a: Red Genesect|atk|1\n|turn|21\n|c| Potatofromsinnoh|dynamic punch 15 times\n|\n|t:|1700297543\n|move|p1a: Red Genesect|Bullet Punch|p2a: Arcanine\n|-resisted|p2a: Arcanine\n|-damage|p2a: Arcanine|22\/100 tox\n|move|p2a: Arcanine|Burn Up|p1a: Red Genesect\n|-supereffective|p1a: Red Genesect\n|-damage|p1a: Red Genesect|0 fnt\n|-start|p2a: Arcanine|typechange|???|[from] move: Burn Up\n|faint|p1a: Red Genesect\n|\n|-damage|p2a: Arcanine|16\/100 tox|[from] psn\n|upkeep\n|\n|t:|1700297554\n|switch|p1a: No sword of ruin?|Weavile, M|100\/100\n|-ability|p1a: No sword of ruin?|Pressure\n|turn|22\n|c| Eliprogamer|W team\n|c| LucksmanDMormon|Wait doesn't Ved still have tera?\n|c| Potatofromsinnoh|ballin\n|\n|t:|1700297561\n|move|p1a: No sword of ruin?|Triple Axel|p2a: Arcanine|[miss]\n|-miss|p1a: No sword of ruin?|p2a: Arcanine\n|move|p2a: Arcanine|Flamethrower|p1a: No sword of ruin?\n|-supereffective|p1a: No sword of ruin?\n|-damage|p1a: No sword of ruin?|28\/100\n|\n|-damage|p2a: Arcanine|4\/100 tox|[from] psn\n|upkeep\n|turn|23\n|c|\u2606DoctorFiraga|Bro\n|c| Potatofromsinnoh|yes\n|\n|t:|1700297574\n|move|p1a: No sword of ruin?|Ice Shard|p2a: Arcanine\n|-damage|p2a: Arcanine|0 fnt\n|faint|p2a: Arcanine\n|-damage|p1a: No sword of ruin?|18\/100|[from] item: Life Orb\n|\n|upkeep\n|\n|t:|1700297580\n|switch|p2a: Machamp|Machamp, M|100\/100\n|turn|24\n|\n|t:|1700297584\n|move|p1a: No sword of ruin?|Ice Shard|p2a: Machamp\n|-damage|p2a: Machamp|67\/100\n|-damage|p1a: No sword of ruin?|8\/100|[from] item: Life Orb\n|move|p2a: Machamp|Dynamic Punch|p1a: No sword of ruin?\n|-supereffective|p1a: No sword of ruin?\n|-damage|p1a: No sword of ruin?|0 fnt\n|faint|p1a: No sword of ruin?\n|\n|upkeep\n|\n|t:|1700297589\n|switch|p1a: Balanced|Ogerpon-Wellspring, F|82\/100\n|turn|25\n|c|\u2606Vedasa|damn wanted to miss xD\n|c| Eliprogamer|Ooo its Blue's team\n|c| Eliprogamer|Thats so cool bruh\n|\n|t:|1700297599\n|-terastallize|p1a: Balanced|Water\n|detailschange|p1a: Balanced|Ogerpon-Wellspring-Tera, F, tera:Water\n|-ability|p1a: Balanced|Embody Aspect (Wellspring)|boost\n|-boost|p1a: Balanced|spd|1\n|move|p1a: Balanced|Ivy Cudgel|p2a: Machamp|[anim] Ivy Cudgel Water\n|-crit|p2a: Machamp\n|-damage|p2a: Machamp|0 fnt\n|faint|p2a: Machamp\n|\n|upkeep\n|c| Loserest Test|imagine you get bopped by gen 1\n|c| Potatofromsinnoh|did crit matter?\n|c| LucksmanDMormon|Hold on, let's not say GG too early\n|c| Potatofromsinnoh|in summary\n|\n|t:|1700297620\n|switch|p2a: Exeggutor|Exeggutor, M|100\/100\n|turn|26\n|c| Eliprogamer|I believe in Blue\n|c| Potatofromsinnoh|crit mightve matter\n|c| LucksmanDMormon|Crit probably didn't matter, Champ sucks\n|\n|t:|1700297628\n|move|p1a: Balanced|Swords Dance|p1a: Balanced\n|-boost|p1a: Balanced|atk|2\n|move|p2a: Exeggutor|Giga Drain|p1a: Balanced\n|-supereffective|p1a: Balanced\n|-damage|p1a: Balanced|39\/100\n|\n|upkeep\n|turn|27\n|c| Potatofromsinnoh|idk\n|\n|t:|1700297635\n|move|p1a: Balanced|Horn Leech|p2a: Exeggutor\n|-resisted|p2a: Exeggutor\n|-damage|p2a: Exeggutor|68\/100\n|-heal|p1a: Balanced|61\/100|[from] drain|[of] p2a: Exeggutor\n|move|p2a: Exeggutor|Giga Drain|p1a: Balanced\n|-supereffective|p1a: Balanced\n|-crit|p1a: Balanced\n|-damage|p1a: Balanced|0 fnt\n|-heal|p2a: Exeggutor|91\/100|[from] drain|[of] p1a: Balanced\n|faint|p1a: Balanced\n|\n|win|Vedasa\n|n|\u2606DoctorFiraga|doctorfiraga\n|n|\u2606Vedasa|vedasa\n|n| LucksmanDMormon|lucksmandmormon\n|n| Eliprogamer|eliprogamer\n|n| Loserest Test|loseresttest\n|n| The power of ROCK|thepowerofrock\n|n| Potatofromsinnoh|potatofromsinnoh\n|n|%Sulo|sulo\n|n| Miku Nakano ily|mikunakanoily\n|n| walpurgisnuit|walpurgisnuit\n|c| Potatofromsinnoh|it has enough bulk for it\n|c|\u2606DoctorFiraga|Bruh\n|l| Loserest Test\n|l| walpurgisnuit\n|l| Miku Nakano ily\n|c|\u2606Vedasa|that one mattered\n|c| LucksmanDMormon|You waited an hour for this lmao\n|c|\u2606Vedasa|gg\n|l| Eliprogamer\n|l| Potatofromsinnoh\n|l|\u2606Vedasa\n|c|\u2606DoctorFiraga|Waited an hour just to get haxxed\n|c|\u2606DoctorFiraga|Gg tho I respect the gen 1\n|l|\u2606DoctorFiraga\n|l| The power of ROCK\n|l| LucksmanDMormon\n|j| The power of ROCK\n|l| The power of ROCK\n|l|%Sulo\n|j| The power of ROCK\n|l| The power of ROCK\n|j| The power of ROCK\n","uploadtime":1700298863,"views":10,"p1id":"doctorfiraga","p2id":"vedasa","formatid":"gen9nationaldex","rating":0,"private":0,"password":""}