{"id":"gen9nationaldex-1994759694","p1":"BlankRune","p2":"shfeha","format":"[Gen 9] National Dex","log":"|html|<div class=\"broadcast-blue\"><strong>[Gen 9] National Dex is currently suspecting Sneasler! For information on how to participate check out the <a href=\"https:\/\/www.smogon.com\/forums\/threads\/sv-national-dex-suspect-8-just-dance.3731534\/\">suspect thread<\/a>.<\/strong><\/div>\n|j|\u2606BlankRune\n|j|\u2606shfeha\n|t:|1700489962\n|gametype|singles\n|player|p1|BlankRune|1|1121\n|player|p2|shfeha|cyclist|1210\n|teamsize|p1|6\n|teamsize|p2|6\n|gen|9\n|tier|[Gen 9] National Dex\n|rated|\n|rule|HP Percentage Mod: HP is shown in percentages\n|rule|Endless Battle Clause: Forcing endless battles is banned\n|rule|OHKO Clause: OHKO moves are banned\n|rule|Evasion Clause: Evasion abilities, items, and moves are banned\n|rule|Evasion Abilities Clause: Evasion abilities are banned\n|rule|Evasion Items Clause: Evasion items are banned\n|rule|Evasion Moves Clause: Evasion moves are banned\n|rule|Species Clause: Limit one of each Pok\u00e9mon\n|rule|Sleep Clause Mod: Limit one foe put to sleep\n|clearpoke\n|poke|p1|Kartana|\n|poke|p1|Heatran, M|\n|poke|p1|Iron Valiant|\n|poke|p1|Corviknight, M|\n|poke|p1|Scizor, F|\n|poke|p1|Tapu Lele|\n|poke|p2|Bisharp, M|\n|poke|p2|Grimmsnarl, M|\n|poke|p2|Tornadus-Therian, M|\n|poke|p2|Tapu Koko|\n|poke|p2|Iron Valiant|\n|poke|p2|Medicham, M|\n|teampreview\n|inactive|Battle timer is ON: inactive players will automatically lose when time's up. (requested by shfeha)\n|\n|t:|1700489968\n|start\n|switch|p1a: \u80cc\u5fc3\u7684|Heatran, M|100\/100\n|switch|p2a: Grimmsnarl|Grimmsnarl, M|100\/100\n|turn|1\n|\n|t:|1700489971\n|move|p2a: Grimmsnarl|Taunt|p1a: \u80cc\u5fc3\u7684\n|-start|p1a: \u80cc\u5fc3\u7684|move: Taunt\n|move|p1a: \u80cc\u5fc3\u7684|Lava Plume|p2a: Grimmsnarl\n|-damage|p2a: Grimmsnarl|75\/100\n|\n|upkeep\n|turn|2\n|\n|t:|1700489979\n|move|p2a: Grimmsnarl|Light Screen|p2a: Grimmsnarl\n|-sidestart|p2: shfeha|move: Light Screen\n|move|p1a: \u80cc\u5fc3\u7684|Explosion|p2a: Grimmsnarl\n|-damage|p2a: Grimmsnarl|0 fnt\n|faint|p1a: \u80cc\u5fc3\u7684\n|faint|p2a: Grimmsnarl\n|\n|upkeep\n|\n|t:|1700489989\n|switch|p1a: \u98deZ\u7684|Kartana|100\/100\n|switch|p2a: Tornadus|Tornadus-Therian, M|100\/100\n|turn|3\n|\n|t:|1700489997\n|switch|p1a: \u5269\u996d\u7684|Corviknight, M|100\/100\n|-ability|p1a: \u5269\u996d\u7684|Pressure\n|move|p2a: Tornadus|Heat Wave|p1a: \u5269\u996d\u7684\n|-supereffective|p1a: \u5269\u996d\u7684\n|-damage|p1a: \u5269\u996d\u7684|38\/100\n|\n|-heal|p1a: \u5269\u996d\u7684|44\/100|[from] item: Leftovers\n|upkeep\n|turn|4\n|\n|t:|1700490003\n|move|p2a: Tornadus|Heat Wave|p1a: \u5269\u996d\u7684\n|-supereffective|p1a: \u5269\u996d\u7684\n|-damage|p1a: \u5269\u996d\u7684|0 fnt\n|faint|p1a: \u5269\u996d\u7684\n|\n|upkeep\n|\n|t:|1700490008\n|switch|p1a: \u773c\u955c\u7684|Tapu Lele|100\/100\n|-fieldstart|move: Psychic Terrain|[from] ability: Psychic Surge|[of] p1a: \u773c\u955c\u7684\n|turn|5\n|\n|t:|1700490014\n|move|p2a: Tornadus|Hurricane|p1a: \u773c\u955c\u7684\n|-damage|p1a: \u773c\u955c\u7684|47\/100\n|-start|p1a: \u773c\u955c\u7684|confusion\n|-activate|p1a: \u773c\u955c\u7684|confusion\n|move|p1a: \u773c\u955c\u7684|Moonblast|p2a: Tornadus\n|-damage|p2a: Tornadus|54\/100\n|-enditem|p2a: Tornadus|Eject Button\n|\n|t:|1700490027\n|switch|p2a: Tapu Koko|Tapu Koko, shiny|100\/100\n|-fieldstart|move: Electric Terrain|[from] ability: Electric Surge|[of] p2a: Tapu Koko\n|\n|upkeep\n|turn|6\n|\n|t:|1700490033\n|move|p2a: Tapu Koko|Volt Switch|p1a: \u773c\u955c\u7684\n|-damage|p1a: \u773c\u955c\u7684|0 fnt\n|faint|p1a: \u773c\u955c\u7684\n|-damage|p2a: Tapu Koko|91\/100|[from] item: Life Orb\n|\n|t:|1700490039\n|switch|p2a: Iron Valiant|Iron Valiant|100\/100|[from] Volt Switch\n|-activate|p2a: Iron Valiant|ability: Quark Drive\n|-start|p2a: Iron Valiant|quarkdrivespe\n|\n|upkeep\n|\n|t:|1700490046\n|switch|p1a: mega\u7684|Scizor, F|100\/100\n|turn|7\n|\n|t:|1700490055\n|detailschange|p1a: mega\u7684|Scizor-Mega, F\n|-mega|p1a: mega\u7684|Scizor|Scizorite\n|move|p2a: Iron Valiant|Close Combat|p1a: mega\u7684\n|-damage|p1a: mega\u7684|37\/100\n|-unboost|p2a: Iron Valiant|def|1\n|-unboost|p2a: Iron Valiant|spd|1\n|-damage|p2a: Iron Valiant|91\/100|[from] item: Life Orb\n|move|p1a: mega\u7684|Swords Dance|p1a: mega\u7684\n|-boost|p1a: mega\u7684|atk|2\n|\n|upkeep\n|turn|8\n|\n|t:|1700490062\n|move|p1a: mega\u7684|Bullet Punch|p2a: Iron Valiant\n|-supereffective|p2a: Iron Valiant\n|-damage|p2a: Iron Valiant|0 fnt\n|faint|p2a: Iron Valiant\n|-end|p2a: Iron Valiant|Quark Drive|[silent]\n|\n|upkeep\n|\n|t:|1700490069\n|switch|p2a: Medicham|Medicham, M|100\/100\n|turn|9\n|\n|t:|1700490073\n|detailschange|p2a: Medicham|Medicham-Mega, M\n|-mega|p2a: Medicham|Medicham|Medichamite\n|move|p2a: Medicham|Fake Out|p1a: mega\u7684\n|-resisted|p1a: mega\u7684\n|-damage|p1a: mega\u7684|29\/100\n|cant|p1a: mega\u7684|flinch\n|\n|-sideend|p2: shfeha|move: Light Screen\n|-fieldend|move: Electric Terrain\n|upkeep\n|turn|10\n|\n|t:|1700490079\n|switch|p2a: Tornadus|Tornadus-Therian, M|87\/100\n|move|p1a: mega\u7684|Bullet Punch|p2a: Tornadus\n|-damage|p2a: Tornadus|0 fnt\n|faint|p2a: Tornadus\n|\n|upkeep\n|\n|t:|1700490091\n|switch|p2a: Medicham|Medicham-Mega, M|100\/100\n|turn|11\n|\n|t:|1700490093\n|move|p2a: Medicham|Fake Out|p1a: mega\u7684\n|-resisted|p1a: mega\u7684\n|-damage|p1a: mega\u7684|21\/100\n|cant|p1a: mega\u7684|flinch\n|\n|upkeep\n|turn|12\n|\n|t:|1700490097\n|move|p1a: mega\u7684|Bullet Punch|p2a: Medicham\n|-damage|p2a: Medicham|0 fnt\n|faint|p2a: Medicham\n|\n|upkeep\n|\n|t:|1700490099\n|switch|p2a: Bisharp|Bisharp, M, shiny|100\/100\n|turn|13\n|\n|t:|1700490103\n|move|p1a: mega\u7684|Bullet Punch|p2a: Bisharp\n|-resisted|p2a: Bisharp\n|-damage|p2a: Bisharp|59\/100\n|move|p2a: Bisharp|Sucker Punch||[still]\n|-fail|p2a: Bisharp\n|\n|upkeep\n|turn|14\n|\n|t:|1700490110\n|move|p1a: mega\u7684|Bullet Punch|p2a: Bisharp\n|-resisted|p2a: Bisharp\n|-damage|p2a: Bisharp|24\/100\n|move|p2a: Bisharp|Knock Off|p1a: mega\u7684\n|-damage|p1a: mega\u7684|0 fnt\n|faint|p1a: mega\u7684\n|\n|upkeep\n|\n|t:|1700490112\n|switch|p1a: \u98deZ\u7684|Kartana|100\/100\n|turn|15\n|\n|t:|1700490116\n|-zpower|p1a: \u98deZ\u7684\n|move|p1a: \u98deZ\u7684|Z-Tailwind|p1a: \u98deZ\u7684|[anim]Tailwind\n|-start|p1a: \u98deZ\u7684|move: Focus Energy|[zeffect]\n|-sidestart|p1: BlankRune|move: Tailwind\n|move|p2a: Bisharp|Swords Dance|p2a: Bisharp\n|-boost|p2a: Bisharp|atk|2\n|\n|upkeep\n|turn|16\n|\n|t:|1700490119\n|move|p2a: Bisharp|Sucker Punch|p1a: \u98deZ\u7684\n|-damage|p1a: \u98deZ\u7684|7\/100\n|move|p1a: \u98deZ\u7684|Sacred Sword|p2a: Bisharp\n|-supereffective|p2a: Bisharp\n|-crit|p2a: Bisharp\n|-damage|p2a: Bisharp|0 fnt\n|faint|p2a: Bisharp\n|-ability|p1a: \u98deZ\u7684|Beast Boost|boost\n|-boost|p1a: \u98deZ\u7684|atk|1\n|\n|upkeep\n|\n|t:|1700490123\n|switch|p2a: Tapu Koko|Tapu Koko, shiny|91\/100\n|-fieldstart|move: Electric Terrain|[from] ability: Electric Surge|[of] p2a: Tapu Koko\n|turn|17\n|\n|t:|1700490130\n|move|p1a: \u98deZ\u7684|Leaf Blade|p2a: Tapu Koko\n|-crit|p2a: Tapu Koko\n|-damage|p2a: Tapu Koko|0 fnt\n|faint|p2a: Tapu Koko\n|\n|win|BlankRune\n|raw|BlankRune's rating: 1121 &rarr; <strong>1152<\/strong><br \/>(+31 for winning)\n|raw|shfeha's rating: 1210 &rarr; <strong>1179<\/strong><br \/>(-31 for losing)\n","uploadtime":1700490140,"views":2,"p1id":"blankrune","p2id":"shfeha","formatid":"gen9nationaldex","rating":1152,"private":0,"password":""}