{"id":"gen9nationaldex-1991925557","p1":"sithred8","p2":"Djdq\u840c\u65b0","format":"[Gen 9] National Dex","log":"|j|\u2606sithred8\n|j|\u2606Djdq\u840c\u65b0\n|t:|1700138915\n|gametype|singles\n|player|p1|sithred8|169|1302\n|player|p2|Djdq\u840c\u65b0|dawn-gen4pt|1463\n|teamsize|p1|6\n|teamsize|p2|6\n|gen|9\n|tier|[Gen 9] National Dex\n|rated|\n|rule|HP Percentage Mod: HP is shown in percentages\n|rule|Endless Battle Clause: Forcing endless battles is banned\n|rule|OHKO Clause: OHKO moves are banned\n|rule|Evasion Clause: Evasion abilities, items, and moves are banned\n|rule|Evasion Abilities Clause: Evasion abilities are banned\n|rule|Evasion Items Clause: Evasion items are banned\n|rule|Evasion Moves Clause: Evasion moves are banned\n|rule|Species Clause: Limit one of each Pok\u00e9mon\n|rule|Sleep Clause Mod: Limit one foe put to sleep\n|clearpoke\n|poke|p1|Garchomp, F|\n|poke|p1|Scizor, M|\n|poke|p1|Dragonite, F|\n|poke|p1|Thundurus-Therian, M|\n|poke|p1|Ogerpon, F|\n|poke|p1|Cloyster, F|\n|poke|p2|Victini|\n|poke|p2|Charizard, F|\n|poke|p2|Venusaur, M|\n|poke|p2|Heatran, M|\n|poke|p2|Torkoal, M|\n|poke|p2|Gliscor, M|\n|teampreview\n|c|\u2606sithred8|2023-11-16 20:48:40\n|inactive|Battle timer is ON: inactive players will automatically lose when time's up. (requested by Djdq\u840c\u65b0)\n|j| XXMurdrXX\n|\n|t:|1700138941\n|start\n|switch|p1a: Garchomp|Garchomp, F, shiny|100\/100\n|switch|p2a: Charizard|Charizard, F|100\/100\n|turn|1\n|\n|t:|1700138954\n|detailschange|p2a: Charizard|Charizard-Mega-Y, F\n|-mega|p2a: Charizard|Charizard|Charizardite Y\n|-weather|SunnyDay|[from] ability: Drought|[of] p2a: Charizard\n|-zpower|p1a: Garchomp\n|move|p1a: Garchomp|Devastating Drake|p2a: Charizard|[zeffect]\n|-damage|p2a: Charizard|0 fnt\n|faint|p2a: Charizard\n|\n|-weather|SunnyDay|[upkeep]\n|upkeep\n|\n|t:|1700138966\n|switch|p2a: Venusaur|Venusaur, M|100\/100\n|turn|2\n|\n|t:|1700138979\n|move|p2a: Venusaur|Growth|p2a: Venusaur\n|-boost|p2a: Venusaur|atk|2\n|-boost|p2a: Venusaur|spa|2\n|move|p1a: Garchomp|Stealth Rock|p2a: Venusaur\n|-sidestart|p2: Djdq\u840c\u65b0|move: Stealth Rock\n|\n|-weather|SunnyDay|[upkeep]\n|upkeep\n|turn|3\n|inactive|sithred8 has 120 seconds left.\n|\n|t:|1700139026\n|move|p2a: Venusaur|Giga Drain|p1a: Garchomp\n|-damage|p1a: Garchomp|9\/100\n|-damage|p2a: Venusaur|91\/100|[from] item: Life Orb\n|move|p1a: Garchomp|Earthquake|p2a: Venusaur\n|-damage|p2a: Venusaur|20\/100\n|\n|-weather|SunnyDay|[upkeep]\n|upkeep\n|turn|4\n|l|\u2606Djdq\u840c\u65b0\n|inactive|Djdq\u840c\u65b0 disconnected and has a minute to reconnect!\n|player|p2|\n|inactive|Djdq\u840c\u65b0 has 30 seconds to reconnect!\n|inactive|Djdq\u840c\u65b0 has 20 seconds to reconnect!\n|j|\u2606Djdq\u840c\u65b0\n|inactive|Djdq\u840c\u65b0 reconnected and has 95 seconds left.\n|player|p2|Djdq\u840c\u65b0|dawn-gen4pt\n|inactive|Djdq\u840c\u65b0 has 90 seconds left.\n|\n|t:|1700139088\n|move|p2a: Venusaur|Giga Drain|p1a: Garchomp\n|-damage|p1a: Garchomp|0 fnt\n|-heal|p2a: Venusaur|26\/100|[from] drain|[of] p1a: Garchomp\n|faint|p1a: Garchomp\n|-damage|p2a: Venusaur|16\/100|[from] item: Life Orb\n|\n|-weather|SunnyDay|[upkeep]\n|upkeep\n|inactive|sithred8 has 90 seconds left.\n|inactive|sithred8 has 60 seconds left.\n|\n|t:|1700139141\n|switch|p1a: Cloyster|Cloyster, F|100\/100\n|turn|5\n|inactive|Djdq\u840c\u65b0 has 90 seconds left.\n|\n|t:|1700139159\n|move|p2a: Venusaur|Giga Drain|p1a: Cloyster\n|-supereffective|p1a: Cloyster\n|-enditem|p1a: Cloyster|Focus Sash\n|-damage|p1a: Cloyster|1\/100\n|-heal|p2a: Venusaur|56\/100|[from] drain|[of] p1a: Cloyster\n|-damage|p2a: Venusaur|46\/100|[from] item: Life Orb\n|move|p1a: Cloyster|Shell Smash|p1a: Cloyster\n|-unboost|p1a: Cloyster|def|1\n|-unboost|p1a: Cloyster|spd|1\n|-boost|p1a: Cloyster|atk|2\n|-boost|p1a: Cloyster|spa|2\n|-boost|p1a: Cloyster|spe|2\n|\n|-weather|none\n|upkeep\n|turn|6\n|\n|t:|1700139168\n|switch|p2a: Torkoal|Torkoal, M|100\/100\n|-damage|p2a: Torkoal|76\/100|[from] Stealth Rock\n|-weather|SunnyDay|[from] ability: Drought|[of] p2a: Torkoal\n|move|p1a: Cloyster|Icicle Spear|p2a: Torkoal\n|-resisted|p2a: Torkoal\n|-damage|p2a: Torkoal|67\/100\n|-resisted|p2a: Torkoal\n|-damage|p2a: Torkoal|58\/100\n|-resisted|p2a: Torkoal\n|-damage|p2a: Torkoal|50\/100\n|-resisted|p2a: Torkoal\n|-damage|p2a: Torkoal|42\/100\n|-resisted|p2a: Torkoal\n|-crit|p2a: Torkoal\n|-damage|p2a: Torkoal|28\/100\n|-hitcount|p2a: Torkoal|5\n|\n|-weather|SunnyDay|[upkeep]\n|upkeep\n|turn|7\n|inactive|Djdq\u840c\u65b0 has 90 seconds left.\n|inactive|sithred8 has 60 seconds left.\n|\n|t:|1700139191\n|-terastallize|p2a: Torkoal|Water\n|move|p1a: Cloyster|Icicle Spear|p2a: Torkoal\n|-resisted|p2a: Torkoal\n|-damage|p2a: Torkoal|19\/100\n|-resisted|p2a: Torkoal\n|-damage|p2a: Torkoal|11\/100\n|-resisted|p2a: Torkoal\n|-damage|p2a: Torkoal|2\/100\n|-resisted|p2a: Torkoal\n|-damage|p2a: Torkoal|0 fnt\n|faint|p2a: Torkoal\n|-hitcount|p2: Torkoal|4\n|\n|-weather|SunnyDay|[upkeep]\n|upkeep\n|\n|t:|1700139199\n|switch|p2a: Venusaur|Venusaur, M|46\/100\n|-damage|p2a: Venusaur|33\/100|[from] Stealth Rock\n|turn|8\n|inactive|Djdq\u840c\u65b0 has 90 seconds left.\n|inactive|sithred8 has 60 seconds left.\n|\n|t:|1700139228\n|move|p1a: Cloyster|Ice Shard|p2a: Venusaur\n|-supereffective|p2a: Venusaur\n|-damage|p2a: Venusaur|0 fnt\n|faint|p2a: Venusaur\n|\n|-weather|SunnyDay|[upkeep]\n|upkeep\n|inactive|Djdq\u840c\u65b0 has 90 seconds left.\n|\n|t:|1700139237\n|switch|p2a: Heatran|Heatran, M|100\/100\n|-damage|p2a: Heatran|88\/100|[from] Stealth Rock\n|turn|9\n|inactive|sithred8 has 60 seconds left.\n|\n|t:|1700139251\n|move|p1a: Cloyster|Liquidation|p2a: Heatran\n|-supereffective|p2a: Heatran\n|-damage|p2a: Heatran|8\/100\n|move|p2a: Heatran|Magma Storm|p1a: Cloyster\n|-damage|p1a: Cloyster|0 fnt\n|faint|p1a: Cloyster\n|\n|-weather|SunnyDay|[upkeep]\n|upkeep\n|\n|t:|1700139265\n|switch|p1a: Thundurus|Thundurus-Therian, M|100\/100\n|turn|10\n|\n|t:|1700139274\n|move|p2a: Heatran|Magma Storm|p1a: Thundurus\n|-damage|p1a: Thundurus|0 fnt\n|faint|p1a: Thundurus\n|\n|-weather|SunnyDay|[upkeep]\n|upkeep\n|\n|t:|1700139280\n|switch|p1a: Dragonite|Dragonite, F|100\/100\n|turn|11\n|\n|t:|1700139285\n|switch|p2a: Gliscor|Gliscor, M|100\/100\n|-damage|p2a: Gliscor|88\/100|[from] Stealth Rock\n|move|p1a: Dragonite|Curse|p1a: Dragonite\n|-unboost|p1a: Dragonite|spe|1\n|-boost|p1a: Dragonite|atk|1\n|-boost|p1a: Dragonite|def|1\n|\n|-weather|SunnyDay|[upkeep]\n|-status|p2a: Gliscor|tox|[from] item: Toxic Orb\n|upkeep\n|turn|12\n|\n|t:|1700139297\n|move|p2a: Gliscor|Defog|p1a: Dragonite\n|-unboost|p1a: Dragonite|evasion|1\n|-sideend|p2: Djdq\u840c\u65b0|Stealth Rock|[from] move: Defog|[of] p2a: Gliscor\n|move|p1a: Dragonite|Curse|p1a: Dragonite\n|-unboost|p1a: Dragonite|spe|1\n|-boost|p1a: Dragonite|atk|1\n|-boost|p1a: Dragonite|def|1\n|\n|-weather|SunnyDay|[upkeep]\n|-heal|p2a: Gliscor|100\/100 tox|[from] ability: Poison Heal\n|upkeep\n|turn|13\n|\n|t:|1700139311\n|switch|p2a: Victini|Victini|100\/100\n|move|p1a: Dragonite|Curse|p1a: Dragonite\n|-unboost|p1a: Dragonite|spe|1\n|-boost|p1a: Dragonite|atk|1\n|-boost|p1a: Dragonite|def|1\n|\n|-weather|none\n|upkeep\n|turn|14\n|\n|t:|1700139321\n|-terastallize|p1a: Dragonite|Normal\n|move|p1a: Dragonite|Extreme Speed|p2a: Victini\n|-damage|p2a: Victini|0 fnt\n|faint|p2a: Victini\n|\n|upkeep\n|-message|Djdq\u840c\u65b0 forfeited.\n|\n|win|sithred8\n|raw|sithred8's rating: 1302 &rarr; <strong>1331<\/strong><br \/>(+29 for winning)\n|raw|Djdq\u840c\u65b0's rating: 1463 &rarr; <strong>1434<\/strong><br \/>(-29 for losing)\n|l|\u2606Djdq\u840c\u65b0\n|c|\u2606sithred8|2023-11-16 20:55:31\n","uploadtime":1700139377,"views":4,"p1id":"sithred8","p2id":"djdq","formatid":"gen9nationaldex","rating":1331,"private":0,"password":""}