{"id":"gen9nationaldex-1995168542","p1":"gnome attack","p2":"Tokiwakano","format":"[Gen 9] National Dex","log":"|html|<div class=\"broadcast-blue\"><strong>[Gen 9] National Dex is currently suspecting Sneasler! For information on how to participate check out the <a href=\"https:\/\/www.smogon.com\/forums\/threads\/sv-national-dex-suspect-8-just-dance.3731534\/\">suspect thread<\/a>.<\/strong><\/div>\n|j|\u2606gnome attack\n|j|\u203dTokiwakano\n|t:|1700530251\n|gametype|singles\n|player|p1|gnome attack|kris-gen2|1625\n|player|p2|Tokiwakano|caitlin|1642\n|teamsize|p1|6\n|teamsize|p2|6\n|gen|9\n|tier|[Gen 9] National Dex\n|rated|\n|rule|HP Percentage Mod: HP is shown in percentages\n|rule|Endless Battle Clause: Forcing endless battles is banned\n|rule|OHKO Clause: OHKO moves are banned\n|rule|Evasion Clause: Evasion abilities, items, and moves are banned\n|rule|Evasion Abilities Clause: Evasion abilities are banned\n|rule|Evasion Items Clause: Evasion items are banned\n|rule|Evasion Moves Clause: Evasion moves are banned\n|rule|Species Clause: Limit one of each Pok\u00e9mon\n|rule|Sleep Clause Mod: Limit one foe put to sleep\n|clearpoke\n|poke|p1|Ogerpon-Wellspring, F|\n|poke|p1|Landorus-Therian, M|\n|poke|p1|Tapu Lele|\n|poke|p1|Zamazenta-*|\n|poke|p1|Heatran, M|\n|poke|p1|Slowking-Galar, M|\n|poke|p2|Kyurem|\n|poke|p2|Clodsire, F|\n|poke|p2|Kartana|\n|poke|p2|Corviknight, M|\n|poke|p2|Tapu Lele|\n|poke|p2|Heatran, M|\n|teampreview\n|inactive|Battle timer is ON: inactive players will automatically lose when time's up. (requested by Tokiwakano)\n|\n|t:|1700530287\n|start\n|switch|p1a: Tapu Lele|Tapu Lele|100\/100\n|switch|p2a: Kyurem|Kyurem|100\/100\n|-fieldstart|move: Psychic Terrain|[from] ability: Psychic Surge|[of] p1a: Tapu Lele\n|-ability|p2a: Kyurem|Pressure\n|turn|1\n|\n|t:|1700530298\n|switch|p2a: Clodsire|Clodsire, F|100\/100\n|move|p1a: Tapu Lele|Moonblast|p2a: Clodsire\n|-resisted|p2a: Clodsire\n|-damage|p2a: Clodsire|88\/100\n|\n|upkeep\n|turn|2\n|\n|t:|1700530306\n|switch|p1a: Landorus|Landorus-Therian, M|100\/100\n|-ability|p1a: Landorus|Intimidate|boost\n|-unboost|p2a: Clodsire|atk|1\n|switch|p2a: Heatran|Heatran, M|100\/100\n|\n|upkeep\n|turn|3\n|\n|t:|1700530311\n|switch|p2a: Corviknight|Corviknight, M|100\/100\n|-ability|p2a: Corviknight|Pressure\n|move|p1a: Landorus|U-turn|p2a: Corviknight\n|-resisted|p2a: Corviknight\n|-damage|p2a: Corviknight|97\/100\n|-damage|p1a: Landorus|84\/100|[from] item: Rocky Helmet|[of] p2a: Corviknight\n|\n|t:|1700530316\n|switch|p1a: Heatran|Heatran, M|100\/100|[from] U-turn\n|\n|upkeep\n|turn|4\n|\n|t:|1700530320\n|switch|p2a: Clodsire|Clodsire, F|88\/100\n|move|p1a: Heatran|Magma Storm|p2a: Clodsire\n|-damage|p2a: Clodsire|64\/100\n|-activate|p2a: Clodsire|move: Magma Storm|[of] p1a: Heatran\n|\n|-damage|p2a: Clodsire|52\/100|[from] move: Magma Storm|[partiallytrapped]\n|upkeep\n|turn|5\n|inactive|gnome attack has 120 seconds left.\n|\n|t:|1700530354\n|-terastallize|p1a: Heatran|Grass\n|move|p1a: Heatran|Taunt|p2a: Clodsire\n|-start|p2a: Clodsire|move: Taunt\n|move|p2a: Clodsire|Earthquake|p1a: Heatran\n|-resisted|p1a: Heatran\n|-damage|p1a: Heatran|89\/100\n|\n|-heal|p1a: Heatran|96\/100|[from] item: Leftovers\n|-damage|p2a: Clodsire|39\/100|[from] move: Magma Storm|[partiallytrapped]\n|-fieldend|move: Psychic Terrain\n|upkeep\n|turn|6\n|inactive|gnome attack has 120 seconds left.\n|\n|t:|1700530371\n|move|p1a: Heatran|Earth Power|p2a: Clodsire\n|-supereffective|p2a: Clodsire\n|-damage|p2a: Clodsire|12\/100\n|move|p2a: Clodsire|Earthquake|p1a: Heatran\n|-resisted|p1a: Heatran\n|-damage|p1a: Heatran|85\/100\n|\n|-heal|p1a: Heatran|91\/100|[from] item: Leftovers\n|-damage|p2a: Clodsire|0 fnt|[from] move: Magma Storm|[partiallytrapped]\n|faint|p2a: Clodsire\n|upkeep\n|\n|t:|1700530378\n|switch|p2a: Kyurem|Kyurem|100\/100\n|-ability|p2a: Kyurem|Pressure\n|turn|7\n|\n|t:|1700530386\n|switch|p1a: Zamazenta|Zamazenta|100\/100\n|-ability|p1a: Zamazenta|Dauntless Shield|boost\n|-boost|p1a: Zamazenta|def|1\n|move|p2a: Kyurem|Substitute|p2a: Kyurem\n|-start|p2a: Kyurem|Substitute\n|-damage|p2a: Kyurem|76\/100\n|\n|upkeep\n|turn|8\n|\n|t:|1700530393\n|move|p1a: Zamazenta|Stone Edge|p2a: Kyurem\n|-supereffective|p2a: Kyurem\n|-end|p2a: Kyurem|Substitute\n|move|p2a: Kyurem|Dragon Dance|p2a: Kyurem\n|-boost|p2a: Kyurem|atk|1\n|-boost|p2a: Kyurem|spe|1\n|\n|upkeep\n|turn|9\n|\n|t:|1700530398\n|move|p2a: Kyurem|Substitute|p2a: Kyurem\n|-start|p2a: Kyurem|Substitute\n|-damage|p2a: Kyurem|51\/100\n|move|p1a: Zamazenta|Close Combat|p2a: Kyurem\n|-supereffective|p2a: Kyurem\n|-end|p2a: Kyurem|Substitute\n|-unboost|p1a: Zamazenta|def|1\n|-unboost|p1a: Zamazenta|spd|1\n|\n|upkeep\n|turn|10\n|\n|t:|1700530407\n|-terastallize|p2a: Kyurem|Ghost\n|move|p2a: Kyurem|Substitute|p2a: Kyurem\n|-start|p2a: Kyurem|Substitute\n|-damage|p2a: Kyurem|26\/100\n|move|p1a: Zamazenta|Close Combat|p2a: Kyurem\n|-immune|p2a: Kyurem\n|\n|upkeep\n|turn|11\n|\n|t:|1700530413\n|move|p2a: Kyurem|Roost|p2a: Kyurem\n|-heal|p2a: Kyurem|76\/100\n|move|p1a: Zamazenta|Crunch|p2a: Kyurem\n|-supereffective|p2a: Kyurem\n|-end|p2a: Kyurem|Substitute\n|\n|upkeep\n|turn|12\n|\n|t:|1700530420\n|move|p2a: Kyurem|Substitute|p2a: Kyurem\n|-start|p2a: Kyurem|Substitute\n|-damage|p2a: Kyurem|51\/100\n|move|p1a: Zamazenta|Crunch|p2a: Kyurem\n|-supereffective|p2a: Kyurem\n|-end|p2a: Kyurem|Substitute\n|\n|upkeep\n|turn|13\n|\n|t:|1700530425\n|move|p2a: Kyurem|Roost|p2a: Kyurem\n|-heal|p2a: Kyurem|100\/100\n|move|p1a: Zamazenta|Crunch|p2a: Kyurem\n|-supereffective|p2a: Kyurem\n|-damage|p2a: Kyurem|59\/100\n|\n|upkeep\n|turn|14\n|\n|t:|1700530435\n|move|p2a: Kyurem|Substitute|p2a: Kyurem\n|-start|p2a: Kyurem|Substitute\n|-damage|p2a: Kyurem|34\/100\n|move|p1a: Zamazenta|Crunch|p2a: Kyurem\n|-supereffective|p2a: Kyurem\n|-end|p2a: Kyurem|Substitute\n|\n|upkeep\n|turn|15\n|\n|t:|1700530441\n|move|p2a: Kyurem|Roost|p2a: Kyurem\n|-heal|p2a: Kyurem|84\/100\n|move|p1a: Zamazenta|Crunch|p2a: Kyurem\n|-supereffective|p2a: Kyurem\n|-damage|p2a: Kyurem|49\/100\n|\n|upkeep\n|turn|16\n|\n|t:|1700530449\n|move|p2a: Kyurem|Substitute|p2a: Kyurem\n|-start|p2a: Kyurem|Substitute\n|-damage|p2a: Kyurem|24\/100\n|move|p1a: Zamazenta|Crunch|p2a: Kyurem\n|-supereffective|p2a: Kyurem\n|-end|p2a: Kyurem|Substitute\n|\n|upkeep\n|turn|17\n|\n|t:|1700530454\n|move|p2a: Kyurem|Roost|p2a: Kyurem\n|-heal|p2a: Kyurem|74\/100\n|move|p1a: Zamazenta|Crunch|p2a: Kyurem\n|-supereffective|p2a: Kyurem\n|-damage|p2a: Kyurem|37\/100\n|\n|upkeep\n|turn|18\n|\n|t:|1700530459\n|move|p2a: Kyurem|Roost|p2a: Kyurem\n|-heal|p2a: Kyurem|87\/100\n|move|p1a: Zamazenta|Crunch|p2a: Kyurem\n|-supereffective|p2a: Kyurem\n|-damage|p2a: Kyurem|48\/100\n|\n|upkeep\n|turn|19\n|\n|t:|1700530467\n|move|p2a: Kyurem|Substitute|p2a: Kyurem\n|-start|p2a: Kyurem|Substitute\n|-damage|p2a: Kyurem|23\/100\n|move|p1a: Zamazenta|Crunch|p2a: Kyurem\n|-supereffective|p2a: Kyurem\n|-end|p2a: Kyurem|Substitute\n|\n|upkeep\n|turn|20\n|\n|t:|1700530470\n|move|p2a: Kyurem|Roost|p2a: Kyurem\n|-heal|p2a: Kyurem|74\/100\n|move|p1a: Zamazenta|Crunch|p2a: Kyurem\n|-supereffective|p2a: Kyurem\n|-damage|p2a: Kyurem|37\/100\n|\n|upkeep\n|turn|21\n|\n|t:|1700530476\n|move|p2a: Kyurem|Roost|p2a: Kyurem\n|-heal|p2a: Kyurem|87\/100\n|move|p1a: Zamazenta|Crunch|p2a: Kyurem\n|-supereffective|p2a: Kyurem\n|-damage|p2a: Kyurem|50\/100\n|\n|upkeep\n|turn|22\n|\n|t:|1700530483\n|move|p2a: Kyurem|Substitute|p2a: Kyurem\n|-start|p2a: Kyurem|Substitute\n|-damage|p2a: Kyurem|25\/100\n|move|p1a: Zamazenta|Crunch|p2a: Kyurem\n|-supereffective|p2a: Kyurem\n|-end|p2a: Kyurem|Substitute\n|\n|upkeep\n|turn|23\n|\n|t:|1700530488\n|move|p2a: Kyurem|Roost|p2a: Kyurem\n|-heal|p2a: Kyurem|75\/100\n|move|p1a: Zamazenta|Stone Edge|p2a: Kyurem\n|-damage|p2a: Kyurem|53\/100\n|\n|upkeep\n|turn|24\n|\n|t:|1700530496\n|move|p2a: Kyurem|Substitute|p2a: Kyurem\n|-start|p2a: Kyurem|Substitute\n|-damage|p2a: Kyurem|28\/100\n|move|p1a: Zamazenta|Stone Edge|p2a: Kyurem\n|-end|p2a: Kyurem|Substitute\n|\n|upkeep\n|turn|25\n|\n|t:|1700530502\n|move|p2a: Kyurem|Substitute|p2a: Kyurem\n|-start|p2a: Kyurem|Substitute\n|-damage|p2a: Kyurem|3\/100\n|move|p1a: Zamazenta|Stone Edge|p2a: Kyurem|[miss]\n|-miss|p1a: Zamazenta|p2a: Kyurem\n|\n|upkeep\n|turn|26\n|\n|t:|1700530507\n|move|p2a: Kyurem|Dragon Dance|p2a: Kyurem\n|-boost|p2a: Kyurem|atk|1\n|-boost|p2a: Kyurem|spe|1\n|move|p1a: Zamazenta|Ice Fang|p2a: Kyurem\n|-activate|p2a: Kyurem|move: Substitute|[damage]\n|\n|upkeep\n|turn|27\n|\n|t:|1700530513\n|move|p2a: Kyurem|Icicle Spear|p1a: Zamazenta\n|-damage|p1a: Zamazenta|80\/100\n|-damage|p1a: Zamazenta|58\/100\n|-hitcount|p1a: Zamazenta|2\n|move|p1a: Zamazenta|Ice Fang|p2a: Kyurem\n|-end|p2a: Kyurem|Substitute\n|\n|upkeep\n|turn|28\n|\n|t:|1700530520\n|move|p2a: Kyurem|Icicle Spear|p1a: Zamazenta\n|-damage|p1a: Zamazenta|39\/100\n|-damage|p1a: Zamazenta|20\/100\n|-damage|p1a: Zamazenta|0 fnt\n|faint|p1a: Zamazenta\n|-hitcount|p1: Zamazenta|3\n|\n|upkeep\n|inactive|gnome attack has 120 seconds left.\n|\n|t:|1700530557\n|switch|p1a: Ogerpon|Ogerpon-Wellspring, F|100\/100\n|turn|29\n|inactive|gnome attack has 120 seconds left.\n|\n|t:|1700530563\n|move|p2a: Kyurem|Icicle Spear|p1a: Ogerpon\n|-damage|p1a: Ogerpon|70\/100\n|-damage|p1a: Ogerpon|42\/100\n|-hitcount|p1a: Ogerpon|2\n|move|p1a: Ogerpon|Ivy Cudgel|p2a: Kyurem|[anim] Ivy Cudgel Water\n|-damage|p2a: Kyurem|0 fnt\n|faint|p2a: Kyurem\n|\n|upkeep\n|\n|t:|1700530572\n|switch|p2a: Tapu Lele|Tapu Lele|100\/100\n|-fieldstart|move: Psychic Terrain|[from] ability: Psychic Surge|[of] p2a: Tapu Lele\n|turn|30\n|\n|t:|1700530579\n|switch|p1a: Slowking|Slowking-Galar, M|100\/100\n|move|p2a: Tapu Lele|Psychic|p1a: Slowking\n|-damage|p1a: Slowking|49\/100\n|\n|upkeep\n|turn|31\n|\n|t:|1700530589\n|move|p2a: Tapu Lele|Psychic|p1a: Slowking\n|-damage|p1a: Slowking|3\/100\n|move|p1a: Slowking|Future Sight|p2a: Tapu Lele\n|-start|p1a: Slowking|move: Future Sight\n|\n|upkeep\n|turn|32\n|\n|t:|1700530607\n|switch|p1a: Tapu Lele|Tapu Lele|100\/100\n|move|p2a: Tapu Lele|Psychic|p1a: Tapu Lele\n|-resisted|p1a: Tapu Lele\n|-damage|p1a: Tapu Lele|67\/100\n|-unboost|p1a: Tapu Lele|spd|1\n|\n|upkeep\n|turn|33\n|\n|t:|1700530613\n|switch|p2a: Heatran|Heatran, M|100\/100\n|move|p1a: Tapu Lele|Moonblast|p2a: Heatran\n|-resisted|p2a: Heatran\n|-damage|p2a: Heatran|93\/100\n|-unboost|p2a: Heatran|spa|1\n|\n|-end|p2a: Heatran|move: Future Sight\n|-resisted|p2a: Heatran\n|-damage|p2a: Heatran|75\/100\n|-heal|p2a: Heatran|81\/100|[from] item: Leftovers\n|upkeep\n|turn|34\n|\n|t:|1700530618\n|switch|p1a: Ogerpon|Ogerpon-Wellspring, F|42\/100\n|move|p2a: Heatran|Stealth Rock|p1a: Ogerpon\n|-sidestart|p1: gnome attack|move: Stealth Rock\n|\n|-heal|p2a: Heatran|87\/100|[from] item: Leftovers\n|-fieldend|move: Psychic Terrain\n|upkeep\n|turn|35\n|\n|t:|1700530630\n|switch|p2a: Kartana|Kartana|100\/100\n|move|p1a: Ogerpon|Ivy Cudgel|p2a: Kartana|[anim] Ivy Cudgel Water\n|-resisted|p2a: Kartana\n|-crit|p2a: Kartana\n|-damage|p2a: Kartana|55\/100\n|\n|upkeep\n|turn|36\n|\n|t:|1700530638\n|switch|p1a: Landorus|Landorus-Therian, M|84\/100\n|-damage|p1a: Landorus|72\/100|[from] Stealth Rock\n|-ability|p1a: Landorus|Intimidate|boost\n|-unboost|p2a: Kartana|atk|1\n|move|p2a: Kartana|Knock Off|p1a: Landorus\n|-damage|p1a: Landorus|53\/100\n|-damage|p2a: Kartana|39\/100|[from] item: Rocky Helmet|[of] p1a: Landorus\n|-enditem|p1a: Landorus|Rocky Helmet|[from] move: Knock Off|[of] p2a: Kartana\n|\n|upkeep\n|turn|37\n|\n|t:|1700530648\n|switch|p2a: Corviknight|Corviknight, M|97\/100\n|-ability|p2a: Corviknight|Pressure\n|move|p1a: Landorus|Defog|p2a: Corviknight\n|-unboost|p2a: Corviknight|evasion|1\n|-sideend|p1: gnome attack|Stealth Rock|[from] move: Defog|[of] p1a: Landorus\n|\n|upkeep\n|turn|38\n|\n|t:|1700530656\n|switch|p1a: Heatran|Heatran, M, tera:Grass|91\/100\n|move|p2a: Corviknight|Brave Bird|p1a: Heatran\n|-supereffective|p1a: Heatran\n|-damage|p1a: Heatran|34\/100\n|-damage|p2a: Corviknight|79\/100|[from] Recoil\n|\n|-heal|p1a: Heatran|41\/100|[from] item: Leftovers\n|upkeep\n|turn|39\n|\n|t:|1700530661\n|move|p1a: Heatran|Magma Storm|p2a: Corviknight\n|-supereffective|p2a: Corviknight\n|-damage|p2a: Corviknight|0 fnt\n|faint|p2a: Corviknight\n|\n|-heal|p1a: Heatran|47\/100|[from] item: Leftovers\n|upkeep\n|\n|t:|1700530665\n|switch|p2a: Tapu Lele|Tapu Lele|100\/100\n|-fieldstart|move: Psychic Terrain|[from] ability: Psychic Surge|[of] p2a: Tapu Lele\n|turn|40\n|\n|t:|1700530671\n|move|p2a: Tapu Lele|Psychic|p1a: Heatran\n|-damage|p1a: Heatran|7\/100\n|move|p1a: Heatran|Magma Storm|p2a: Tapu Lele\n|-crit|p2a: Tapu Lele\n|-damage|p2a: Tapu Lele|29\/100\n|-activate|p2a: Tapu Lele|move: Magma Storm|[of] p1a: Heatran\n|\n|-heal|p1a: Heatran|13\/100|[from] item: Leftovers\n|-damage|p2a: Tapu Lele|17\/100|[from] move: Magma Storm|[partiallytrapped]\n|upkeep\n|turn|41\n|\n|t:|1700530676\n|move|p2a: Tapu Lele|Psychic|p1a: Heatran\n|-damage|p1a: Heatran|0 fnt\n|faint|p1a: Heatran\n|\n|-end|p2a: Tapu Lele|Magma Storm|[partiallytrapped]|[silent]\n|upkeep\n|\n|t:|1700530680\n|switch|p1a: Tapu Lele|Tapu Lele|67\/100\n|turn|42\n|\n|t:|1700530687\n|switch|p2a: Heatran|Heatran, M|87\/100\n|move|p1a: Tapu Lele|Moonblast|p2a: Heatran\n|-resisted|p2a: Heatran\n|-damage|p2a: Heatran|79\/100\n|\n|-heal|p2a: Heatran|85\/100|[from] item: Leftovers\n|upkeep\n|turn|43\n|\n|t:|1700530691\n|switch|p1a: Landorus|Landorus-Therian, M|53\/100\n|-ability|p1a: Landorus|Intimidate|boost\n|-unboost|p2a: Heatran|atk|1\n|move|p2a: Heatran|Magma Storm|p1a: Landorus\n|-damage|p1a: Landorus|9\/100\n|-activate|p1a: Landorus|move: Magma Storm|[of] p2a: Heatran\n|\n|-heal|p2a: Heatran|92\/100|[from] item: Leftovers\n|-damage|p1a: Landorus|0 fnt|[from] move: Magma Storm|[partiallytrapped]\n|faint|p1a: Landorus\n|upkeep\n|\n|t:|1700530694\n|switch|p1a: Ogerpon|Ogerpon-Wellspring, F|42\/100\n|turn|44\n|\n|t:|1700530699\n|move|p1a: Ogerpon|Ivy Cudgel|p2a: Heatran|[anim] Ivy Cudgel Water\n|-supereffective|p2a: Heatran\n|-damage|p2a: Heatran|0 fnt\n|faint|p2a: Heatran\n|\n|-fieldend|move: Psychic Terrain\n|upkeep\n|\n|t:|1700530704\n|switch|p2a: Kartana|Kartana|39\/100\n|turn|45\n|\n|t:|1700530708\n|move|p2a: Kartana|Knock Off|p1a: Ogerpon\n|-damage|p1a: Ogerpon|7\/100\n|move|p1a: Ogerpon|Horn Leech|p2a: Kartana\n|-resisted|p2a: Kartana\n|-damage|p2a: Kartana|28\/100\n|-heal|p1a: Ogerpon|11\/100|[from] drain|[of] p2a: Kartana\n|\n|upkeep\n|turn|46\n|\n|t:|1700530712\n|move|p2a: Kartana|Knock Off|p1a: Ogerpon\n|-damage|p1a: Ogerpon|0 fnt\n|faint|p1a: Ogerpon\n|-ability|p2a: Kartana|Beast Boost|boost\n|-boost|p2a: Kartana|atk|1\n|\n|upkeep\n|\n|t:|1700530725\n|switch|p1a: Tapu Lele|Tapu Lele|67\/100\n|-fieldstart|move: Psychic Terrain|[from] ability: Psychic Surge|[of] p1a: Tapu Lele\n|turn|47\n|\n|t:|1700530728\n|move|p2a: Kartana|Knock Off|p1a: Tapu Lele\n|-damage|p1a: Tapu Lele|0 fnt\n|-enditem|p1a: Tapu Lele|Choice Scarf|[from] move: Knock Off|[of] p2a: Kartana\n|faint|p1a: Tapu Lele\n|-ability|p2a: Kartana|Beast Boost|boost\n|-boost|p2a: Kartana|atk|1\n|\n|upkeep\n|\n|t:|1700530733\n|switch|p1a: Slowking|Slowking-Galar, M|36\/100\n|turn|48\n|\n|t:|1700530740\n|move|p2a: Kartana|Knock Off|p1a: Slowking\n|-supereffective|p1a: Slowking\n|-damage|p1a: Slowking|0 fnt\n|-enditem|p1a: Slowking|Heavy-Duty Boots|[from] move: Knock Off|[of] p2a: Kartana\n|faint|p1a: Slowking\n|\n|win|Tokiwakano\n|raw|gnome attack's rating: 1625 &rarr; <strong>1606<\/strong><br \/>(-19 for losing)\n|raw|Tokiwakano's rating: 1642 &rarr; <strong>1661<\/strong><br \/>(+19 for winning)\n|l|\u2606gnome attack\n","uploadtime":1700530751,"views":5,"p1id":"gnomeattack","p2id":"tokiwakano","formatid":"gen9nationaldex","rating":1606,"private":0,"password":""}