{"id":"gen9nationaldex-1993063536","p1":"Dark Umbreon 08","p2":"nosejugar957","format":"[Gen 9] National Dex","log":"|j|\u2606Dark Umbreon 08\n|j|\u2606nosejugar957\n|t:|1700260649\n|gametype|singles\n|player|p1|Dark Umbreon 08|lass-gen4dp|1299\n|player|p2|nosejugar957|red|1225\n|teamsize|p1|6\n|teamsize|p2|6\n|gen|9\n|tier|[Gen 9] National Dex\n|rated|\n|rule|HP Percentage Mod: HP is shown in percentages\n|rule|Endless Battle Clause: Forcing endless battles is banned\n|rule|OHKO Clause: OHKO moves are banned\n|rule|Evasion Clause: Evasion abilities, items, and moves are banned\n|rule|Evasion Abilities Clause: Evasion abilities are banned\n|rule|Evasion Items Clause: Evasion items are banned\n|rule|Evasion Moves Clause: Evasion moves are banned\n|rule|Species Clause: Limit one of each Pok\u00e9mon\n|rule|Sleep Clause Mod: Limit one foe put to sleep\n|clearpoke\n|poke|p1|Ogerpon-Wellspring, F|\n|poke|p1|Hoopa-Unbound|\n|poke|p1|Gyarados, M|\n|poke|p1|Volcarona, F|\n|poke|p1|Arcanine-Hisui, F|\n|poke|p1|Gliscor, M|\n|poke|p2|Aegislash, F|\n|poke|p2|Sneasler, F|\n|poke|p2|Tapu Koko|\n|poke|p2|Gliscor, F|\n|poke|p2|Iron Valiant|\n|poke|p2|Ferrothorn, F|\n|teampreview\n|inactive|Battle timer is ON: inactive players will automatically lose when time's up. (requested by Dark Umbreon 08)\n|\n|t:|1700260667\n|start\n|switch|p1a: Volcarona|Volcarona, F|100\/100\n|switch|p2a: Gliscor|Gliscor, F|100\/100\n|turn|1\n|\n|t:|1700260688\n|switch|p1a: Gliscor|Gliscor, M|100\/100\n|move|p2a: Gliscor|Stealth Rock|p1a: Gliscor\n|-sidestart|p1: Dark Umbreon 08|move: Stealth Rock\n|\n|-status|p1a: Gliscor|tox|[from] item: Toxic Orb\n|-status|p2a: Gliscor|tox|[from] item: Toxic Orb\n|upkeep\n|turn|2\n|\n|t:|1700260704\n|move|p2a: Gliscor|Protect|p2a: Gliscor\n|-singleturn|p2a: Gliscor|Protect\n|move|p1a: Gliscor|Substitute|p1a: Gliscor\n|-start|p1a: Gliscor|Substitute\n|-damage|p1a: Gliscor|76\/100 tox\n|\n|-heal|p1a: Gliscor|88\/100 tox|[from] ability: Poison Heal\n|upkeep\n|turn|3\n|\n|t:|1700260715\n|switch|p2a: Ferrothorn|Ferrothorn, F|100\/100\n|move|p1a: Gliscor|Swords Dance|p1a: Gliscor\n|-boost|p1a: Gliscor|atk|2\n|\n|-heal|p1a: Gliscor|100\/100 tox|[from] ability: Poison Heal\n|upkeep\n|turn|4\n|\n|t:|1700260721\n|move|p1a: Gliscor|Swords Dance|p1a: Gliscor\n|-boost|p1a: Gliscor|atk|2\n|move|p2a: Ferrothorn|Spikes|p1a: Gliscor\n|-sidestart|p1: Dark Umbreon 08|Spikes\n|\n|upkeep\n|turn|5\n|\n|t:|1700260732\n|move|p2a: Ferrothorn|Protect|p2a: Ferrothorn\n|-singleturn|p2a: Ferrothorn|Protect\n|move|p1a: Gliscor|Earthquake|p2a: Ferrothorn\n|-activate|p2a: Ferrothorn|move: Protect\n|\n|upkeep\n|turn|6\n|\n|t:|1700260744\n|switch|p2a: Tapu Koko|Tapu Koko|100\/100\n|-fieldstart|move: Electric Terrain|[from] ability: Electric Surge|[of] p2a: Tapu Koko\n|move|p1a: Gliscor|Earthquake|p2a: Tapu Koko\n|-supereffective|p2a: Tapu Koko\n|-damage|p2a: Tapu Koko|0 fnt\n|faint|p2a: Tapu Koko\n|\n|upkeep\n|inactive|nosejugar957 has 120 seconds left.\n|\n|t:|1700260769\n|switch|p2a: Sneasler|Sneasler, F|100\/100\n|-enditem|p2a: Sneasler|Electric Seed\n|-boost|p2a: Sneasler|def|1|[from] item: Electric Seed\n|turn|7\n|l|\u2606Dark Umbreon 08\n|inactive|Dark Umbreon 08 disconnected and has a minute to reconnect!\n|player|p1|\n|inactive|nosejugar957 has 120 seconds left.\n|j|\u2606Dark Umbreon 08\n|inactive|Dark Umbreon 08 reconnected and has 140 seconds left.\n|player|p1|Dark Umbreon 08|lass-gen4dp\n|\n|t:|1700260783\n|-terastallize|p2a: Sneasler|Flying\n|move|p1a: Gliscor|Protect|p1a: Gliscor\n|-singleturn|p1a: Gliscor|Protect\n|move|p2a: Sneasler|Swords Dance|p2a: Sneasler\n|-boost|p2a: Sneasler|atk|2\n|\n|upkeep\n|turn|8\n|inactive|nosejugar957 has 120 seconds left.\n|\n|t:|1700260802\n|move|p2a: Sneasler|Acrobatics|p1a: Gliscor\n|-end|p1a: Gliscor|Substitute\n|move|p1a: Gliscor|Substitute|p1a: Gliscor\n|-start|p1a: Gliscor|Substitute\n|-damage|p1a: Gliscor|76\/100 tox\n|\n|-heal|p1a: Gliscor|88\/100 tox|[from] ability: Poison Heal\n|upkeep\n|turn|9\n|inactive|nosejugar957 has 120 seconds left.\n|\n|t:|1700260807\n|move|p1a: Gliscor|Protect|p1a: Gliscor\n|-singleturn|p1a: Gliscor|Protect\n|move|p2a: Sneasler|Acrobatics|p1a: Gliscor\n|-activate|p1a: Gliscor|move: Protect\n|\n|-heal|p1a: Gliscor|100\/100 tox|[from] ability: Poison Heal\n|upkeep\n|turn|10\n|\n|t:|1700260812\n|move|p2a: Sneasler|Acrobatics|p1a: Gliscor\n|-end|p1a: Gliscor|Substitute\n|move|p1a: Gliscor|Substitute|p1a: Gliscor\n|-start|p1a: Gliscor|Substitute\n|-damage|p1a: Gliscor|76\/100 tox\n|\n|-heal|p1a: Gliscor|88\/100 tox|[from] ability: Poison Heal\n|-fieldend|move: Electric Terrain\n|upkeep\n|turn|11\n|\n|t:|1700260819\n|move|p2a: Sneasler|Swords Dance|p2a: Sneasler\n|-boost|p2a: Sneasler|atk|2\n|move|p1a: Gliscor|Substitute|p1a: Gliscor\n|-fail|p1a: Gliscor|move: Substitute\n|\n|-heal|p1a: Gliscor|100\/100 tox|[from] ability: Poison Heal\n|upkeep\n|turn|12\n|\n|t:|1700260826\n|move|p1a: Gliscor|Protect|p1a: Gliscor\n|-singleturn|p1a: Gliscor|Protect\n|move|p2a: Sneasler|Acrobatics|p1a: Gliscor\n|-activate|p1a: Gliscor|move: Protect\n|\n|upkeep\n|turn|13\n|\n|t:|1700260834\n|move|p1a: Gliscor|Protect||[still]\n|-fail|p1a: Gliscor\n|move|p2a: Sneasler|Acrobatics|p1a: Gliscor\n|-end|p1a: Gliscor|Substitute\n|\n|upkeep\n|turn|14\n|\n|t:|1700260840\n|move|p1a: Gliscor|Protect|p1a: Gliscor\n|-singleturn|p1a: Gliscor|Protect\n|move|p2a: Sneasler|Swords Dance|p2a: Sneasler\n|-boost|p2a: Sneasler|atk|2\n|\n|upkeep\n|turn|15\n|\n|t:|1700260852\n|switch|p1a: Volcarona|Volcarona, F|100\/100\n|move|p2a: Sneasler|Acrobatics|p1a: Volcarona\n|-supereffective|p1a: Volcarona\n|-damage|p1a: Volcarona|0 fnt\n|faint|p1a: Volcarona\n|\n|upkeep\n|\n|t:|1700260858\n|switch|p1a: Gyarados|Gyarados, M|100\/100\n|-damage|p1a: Gyarados|76\/100|[from] Stealth Rock\n|-ability|p1a: Gyarados|Intimidate|boost\n|-unboost|p2a: Sneasler|atk|1\n|turn|16\n|\n|t:|1700260866\n|switch|p1a: Gliscor|Gliscor, M|100\/100 tox\n|-damage|p1a: Gliscor|88\/100 tox|[from] Stealth Rock\n|move|p2a: Sneasler|Dire Claw|p1a: Gliscor\n|-resisted|p1a: Gliscor\n|-damage|p1a: Gliscor|20\/100 tox\n|\n|-heal|p1a: Gliscor|32\/100 tox|[from] ability: Poison Heal\n|upkeep\n|turn|17\n|\n|t:|1700260876\n|move|p1a: Gliscor|Protect|p1a: Gliscor\n|-singleturn|p1a: Gliscor|Protect\n|move|p2a: Sneasler|Acrobatics|p1a: Gliscor\n|-activate|p1a: Gliscor|move: Protect\n|\n|-heal|p1a: Gliscor|45\/100 tox|[from] ability: Poison Heal\n|upkeep\n|turn|18\n|\n|t:|1700260883\n|switch|p1a: Gyarados|Gyarados, M|76\/100\n|-damage|p1a: Gyarados|51\/100|[from] Stealth Rock\n|-ability|p1a: Gyarados|Intimidate|boost\n|-unboost|p2a: Sneasler|atk|1\n|move|p2a: Sneasler|Acrobatics|p1a: Gyarados\n|-damage|p1a: Gyarados|0 fnt\n|faint|p1a: Gyarados\n|\n|upkeep\n|\n|t:|1700260887\n|switch|p1a: Gliscor|Gliscor, M|45\/100 tox\n|-damage|p1a: Gliscor|32\/100 tox|[from] Stealth Rock\n|turn|19\n|-message|Dark Umbreon 08 forfeited.\n|\n|win|nosejugar957\n|raw|Dark Umbreon 08's rating: 1299 &rarr; <strong>1269<\/strong><br \/>(-30 for losing)\n|raw|nosejugar957's rating: 1225 &rarr; <strong>1255<\/strong><br \/>(+30 for winning)\n|l|\u2606Dark Umbreon 08\n","uploadtime":1700260898,"views":10,"p1id":"darkumbreon08","p2id":"nosejugar957","formatid":"gen9nationaldex","rating":1255,"private":0,"password":""}