{"id":"gen9nationaldex-1991115455","p1":"Blake-Mamba","p2":"wangziqiang","format":"[Gen 9] National Dex","log":"|j|\u2606Blake-Mamba\n|j|\u2606wangziqiang\n|t:|1700045284\n|gametype|singles\n|player|p1|Blake-Mamba|juan|1341\n|player|p2|wangziqiang|169|1229\n|teamsize|p1|6\n|teamsize|p2|6\n|gen|9\n|tier|[Gen 9] National Dex\n|rated|\n|rule|HP Percentage Mod: HP is shown in percentages\n|rule|Endless Battle Clause: Forcing endless battles is banned\n|rule|OHKO Clause: OHKO moves are banned\n|rule|Evasion Clause: Evasion abilities, items, and moves are banned\n|rule|Evasion Abilities Clause: Evasion abilities are banned\n|rule|Evasion Items Clause: Evasion items are banned\n|rule|Evasion Moves Clause: Evasion moves are banned\n|rule|Species Clause: Limit one of each Pok\u00e9mon\n|rule|Sleep Clause Mod: Limit one foe put to sleep\n|clearpoke\n|poke|p1|Cinccino, F|\n|poke|p1|Zebstrika, F|\n|poke|p1|Ferrothorn, M|\n|poke|p1|Seismitoad, F|\n|poke|p1|Krookodile, F|\n|poke|p1|Emboar, F|\n|poke|p2|Tapu Koko|\n|poke|p2|Garchomp, M|\n|poke|p2|Heatran, M|\n|poke|p2|Clodsire, M|\n|poke|p2|Gliscor, M|\n|poke|p2|Charizard, M|\n|teampreview\n|\n|t:|1700045298\n|start\n|switch|p1a: Gamble|Cinccino, F|100\/100\n|switch|p2a: Heatran|Heatran, M|100\/100\n|turn|1\n|\n|t:|1700045306\n|move|p2a: Heatran|Eruption|p1a: Gamble\n|-damage|p1a: Gamble|0 fnt\n|faint|p1a: Gamble\n|\n|upkeep\n|\n|t:|1700045315\n|switch|p1a: Emboar|Emboar, F, shiny|100\/100\n|turn|2\n|\n|t:|1700045332\n|move|p2a: Heatran|Eruption|p1a: Emboar\n|-resisted|p1a: Emboar\n|-damage|p1a: Emboar|50\/100\n|move|p1a: Emboar|Head Smash|p2a: Heatran\n|-damage|p2a: Heatran|45\/100\n|-damage|p1a: Emboar|25\/100|[from] Recoil\n|\n|upkeep\n|turn|3\n|\n|t:|1700045360\n|switch|p2a: \u5de5\u5177\u4eba|Tapu Koko|100\/100\n|-fieldstart|move: Electric Terrain|[from] ability: Electric Surge|[of] p2a: \u5de5\u5177\u4eba\n|move|p1a: Emboar|Head Smash|p2a: \u5de5\u5177\u4eba\n|-damage|p2a: \u5de5\u5177\u4eba|24\/100\n|-damage|p1a: Emboar|0 fnt|[from] Recoil\n|faint|p1a: Emboar\n|\n|upkeep\n|\n|t:|1700045370\n|switch|p1a: Seismitoad|Seismitoad, F|100\/100\n|turn|4\n|inactive|Battle timer is ON: inactive players will automatically lose when time's up. (requested by Blake-Mamba)\n|\n|t:|1700045384\n|move|p2a: \u5de5\u5177\u4eba|Volt Switch|p1a: Seismitoad\n|-immune|p1a: Seismitoad\n|move|p1a: Seismitoad|Hydro Pump|p2a: \u5de5\u5177\u4eba\n|-damage|p2a: \u5de5\u5177\u4eba|0 fnt\n|faint|p2a: \u5de5\u5177\u4eba\n|\n|upkeep\n|inactive|wangziqiang has 120 seconds left.\n|\n|t:|1700045422\n|switch|p2a: Gliscor|Gliscor, M|100\/100\n|turn|5\n|\n|t:|1700045426\n|move|p2a: Gliscor|Toxic|p1a: Seismitoad\n|-status|p1a: Seismitoad|tox\n|move|p1a: Seismitoad|Hydro Pump|p2a: Gliscor\n|-supereffective|p2a: Gliscor\n|-damage|p2a: Gliscor|0 fnt\n|faint|p2a: Gliscor\n|\n|-damage|p1a: Seismitoad|94\/100 tox|[from] psn\n|upkeep\n|inactive|wangziqiang has 120 seconds left.\n|\n|t:|1700045436\n|switch|p2a: Clodsire|Clodsire, M|100\/100\n|turn|6\n|\n|t:|1700045441\n|move|p1a: Seismitoad|Hydro Pump|p2a: Clodsire\n|-immune|p2a: Clodsire|[from] ability: Water Absorb\n|move|p2a: Clodsire|Stealth Rock|p1a: Seismitoad\n|-sidestart|p1: Blake-Mamba|move: Stealth Rock\n|\n|-damage|p1a: Seismitoad|82\/100 tox|[from] psn\n|upkeep\n|turn|7\n|\n|t:|1700045449\n|switch|p1a: Ferrothorn|Ferrothorn, M, shiny|100\/100\n|-damage|p1a: Ferrothorn|94\/100|[from] Stealth Rock\n|move|p2a: Clodsire|Earthquake|p1a: Ferrothorn\n|-damage|p1a: Ferrothorn|79\/100\n|\n|-fieldend|move: Electric Terrain\n|upkeep\n|turn|8\n|\n|t:|1700045461\n|switch|p2a: Heatran|Heatran, M|45\/100\n|move|p1a: Ferrothorn|Leech Seed|p2a: Heatran\n|-start|p2a: Heatran|move: Leech Seed\n|\n|-damage|p2a: Heatran|33\/100|[from] Leech Seed|[of] p1a: Ferrothorn\n|-heal|p1a: Ferrothorn|91\/100|[silent]\n|upkeep\n|turn|9\n|\n|t:|1700045472\n|switch|p1a: Seismitoad|Seismitoad, F|82\/100 tox\n|-damage|p1a: Seismitoad|76\/100 tox|[from] Stealth Rock\n|-terastallize|p2a: Heatran|Flying\n|move|p2a: Heatran|Tera Blast|p1a: Seismitoad|[anim] Tera Blast Flying\n|-damage|p1a: Seismitoad|33\/100 tox\n|\n|-damage|p2a: Heatran|20\/100|[from] Leech Seed|[of] p1a: Seismitoad\n|-heal|p1a: Seismitoad|43\/100 tox|[silent]\n|-damage|p1a: Seismitoad|36\/100 tox|[from] psn\n|upkeep\n|turn|10\n|\n|t:|1700045485\n|switch|p1a: Zebstrika|Zebstrika, F, shiny|100\/100\n|-damage|p1a: Zebstrika|88\/100|[from] Stealth Rock\n|move|p2a: Heatran|Tera Blast|p1a: Zebstrika|[anim] Tera Blast Flying\n|-resisted|p1a: Zebstrika\n|-damage|p1a: Zebstrika|55\/100\n|\n|-damage|p2a: Heatran|8\/100|[from] Leech Seed|[of] p1a: Zebstrika\n|-heal|p1a: Zebstrika|69\/100|[silent]\n|upkeep\n|turn|11\n|\n|t:|1700045497\n|switch|p2a: Clodsire|Clodsire, M|100\/100\n|move|p1a: Zebstrika|Quick Attack|p2a: Clodsire\n|-damage|p2a: Clodsire|85\/100\n|\n|-heal|p2a: Clodsire|91\/100|[from] item: Leftovers\n|upkeep\n|turn|12\n|\n|t:|1700045507\n|switch|p1a: Ferrothorn|Ferrothorn, M, shiny|91\/100\n|-damage|p1a: Ferrothorn|85\/100|[from] Stealth Rock\n|move|p2a: Clodsire|Earthquake|p1a: Ferrothorn\n|-damage|p1a: Ferrothorn|68\/100\n|\n|-heal|p2a: Clodsire|97\/100|[from] item: Leftovers\n|upkeep\n|turn|13\n|\n|t:|1700045522\n|switch|p2a: Heatran|Heatran, M, tera:Flying|8\/100\n|move|p1a: Ferrothorn|Leech Seed|p2a: Heatran\n|-start|p2a: Heatran|move: Leech Seed\n|\n|-damage|p2a: Heatran|0 fnt|[from] Leech Seed|[of] p1a: Ferrothorn\n|-heal|p1a: Ferrothorn|75\/100|[silent]\n|faint|p2a: Heatran\n|upkeep\n|\n|t:|1700045532\n|switch|p2a: Charizard|Charizard, M|100\/100\n|turn|14\n|\n|t:|1700045540\n|switch|p1a: Zebstrika|Zebstrika, F, shiny|69\/100\n|-damage|p1a: Zebstrika|57\/100|[from] Stealth Rock\n|detailschange|p2a: Charizard|Charizard-Mega-X, M\n|-mega|p2a: Charizard|Charizard|Charizardite X\n|move|p2a: Charizard|Flare Blitz|p1a: Zebstrika\n|-damage|p1a: Zebstrika|0 fnt\n|faint|p1a: Zebstrika\n|-damage|p2a: Charizard|82\/100|[from] Recoil\n|\n|upkeep\n|\n|t:|1700045558\n|switch|p1a: Seismitoad|Seismitoad, F|36\/100 tox\n|-damage|p1a: Seismitoad|30\/100 tox|[from] Stealth Rock\n|turn|15\n|\n|t:|1700045563\n|switch|p2a: Clodsire|Clodsire, M|97\/100\n|move|p1a: Seismitoad|Earth Power|p2a: Clodsire\n|-supereffective|p2a: Clodsire\n|-damage|p2a: Clodsire|38\/100\n|\n|-heal|p2a: Clodsire|44\/100|[from] item: Leftovers\n|-damage|p1a: Seismitoad|24\/100 tox|[from] psn\n|upkeep\n|turn|16\n|\n|t:|1700045574\n|switch|p1a: Ferrothorn|Ferrothorn, M, shiny|75\/100\n|-damage|p1a: Ferrothorn|69\/100|[from] Stealth Rock\n|move|p2a: Clodsire|Recover|p2a: Clodsire\n|-heal|p2a: Clodsire|94\/100\n|\n|-heal|p2a: Clodsire|99\/100|[from] item: Leftovers\n|upkeep\n|turn|17\n|\n|t:|1700045584\n|move|p1a: Ferrothorn|Leech Seed|p2a: Clodsire\n|-start|p2a: Clodsire|move: Leech Seed\n|move|p2a: Clodsire|Toxic|p1a: Ferrothorn\n|-immune|p1a: Ferrothorn\n|\n|-heal|p2a: Clodsire|100\/100|[from] item: Leftovers\n|-damage|p2a: Clodsire|88\/100|[from] Leech Seed|[of] p1a: Ferrothorn\n|-heal|p1a: Ferrothorn|85\/100|[silent]\n|upkeep\n|turn|18\n|\n|t:|1700045594\n|switch|p2a: Charizard|Charizard-Mega-X, M|82\/100\n|move|p1a: Ferrothorn|Leech Seed|p2a: Charizard|[miss]\n|-miss|p1a: Ferrothorn|p2a: Charizard\n|\n|upkeep\n|turn|19\n|\n|t:|1700045601\n|-terastallize|p1a: Ferrothorn|Ghost\n|move|p2a: Charizard|Flare Blitz|p1a: Ferrothorn\n|-damage|p1a: Ferrothorn|42\/100\n|-damage|p2a: Charizard|70\/100|[from] ability: Iron Barbs|[of] p1a: Ferrothorn\n|-damage|p2a: Charizard|54\/100|[from] item: Rocky Helmet|[of] p1a: Ferrothorn\n|-damage|p2a: Charizard|37\/100|[from] Recoil\n|move|p1a: Ferrothorn|Iron Defense|p1a: Ferrothorn\n|-boost|p1a: Ferrothorn|def|2\n|\n|upkeep\n|turn|20\n|\n|t:|1700045617\n|switch|p2a: Garchomp|Garchomp, M|100\/100\n|move|p1a: Ferrothorn|Leech Seed|p2a: Garchomp\n|-start|p2a: Garchomp|move: Leech Seed\n|\n|-damage|p2a: Garchomp|88\/100|[from] Leech Seed|[of] p1a: Ferrothorn\n|-heal|p1a: Ferrothorn|54\/100|[silent]\n|upkeep\n|turn|21\n|\n|t:|1700045627\n|move|p2a: Garchomp|Scale Shot|p1a: Ferrothorn\n|-damage|p1a: Ferrothorn|50\/100\n|-damage|p1a: Ferrothorn|47\/100\n|-damage|p1a: Ferrothorn|43\/100\n|-damage|p1a: Ferrothorn|39\/100\n|-hitcount|p1a: Ferrothorn|4\n|-unboost|p2a: Garchomp|def|1\n|-boost|p2a: Garchomp|spe|1\n|move|p1a: Ferrothorn|Iron Defense|p1a: Ferrothorn\n|-boost|p1a: Ferrothorn|def|2\n|\n|-damage|p2a: Garchomp|76\/100|[from] Leech Seed|[of] p1a: Ferrothorn\n|-heal|p1a: Ferrothorn|51\/100|[silent]\n|upkeep\n|turn|22\n|\n|t:|1700045642\n|move|p2a: Garchomp|Swords Dance|p2a: Garchomp\n|-boost|p2a: Garchomp|atk|2\n|move|p1a: Ferrothorn|Body Press|p2a: Garchomp\n|-damage|p2a: Garchomp|0 fnt\n|-damage|p1a: Ferrothorn|39\/100|[from] ability: Rough Skin|[of] p2a: Garchomp\n|faint|p2a: Garchomp\n|\n|upkeep\n|\n|t:|1700045658\n|switch|p2a: Charizard|Charizard-Mega-X, M|37\/100\n|turn|23\n|\n|t:|1700045663\n|move|p2a: Charizard|Flare Blitz|p1a: Ferrothorn\n|-damage|p1a: Ferrothorn|22\/100\n|-damage|p2a: Charizard|24\/100|[from] ability: Iron Barbs|[of] p1a: Ferrothorn\n|-damage|p2a: Charizard|8\/100|[from] item: Rocky Helmet|[of] p1a: Ferrothorn\n|-damage|p2a: Charizard|1\/100|[from] Recoil\n|move|p1a: Ferrothorn|Rest|p1a: Ferrothorn\n|-status|p1a: Ferrothorn|slp|[from] move: Rest\n|-heal|p1a: Ferrothorn|100\/100 slp|[silent]\n|\n|upkeep\n|turn|24\n|\n|t:|1700045674\n|move|p2a: Charizard|Dragon Dance|p2a: Charizard\n|-boost|p2a: Charizard|atk|1\n|-boost|p2a: Charizard|spe|1\n|cant|p1a: Ferrothorn|slp\n|\n|upkeep\n|turn|25\n|\n|t:|1700045680\n|move|p2a: Charizard|Dragon Dance|p2a: Charizard\n|-boost|p2a: Charizard|atk|1\n|-boost|p2a: Charizard|spe|1\n|cant|p1a: Ferrothorn|slp\n|\n|upkeep\n|turn|26\n|\n|t:|1700045686\n|move|p2a: Charizard|Dragon Dance|p2a: Charizard\n|-boost|p2a: Charizard|atk|1\n|-boost|p2a: Charizard|spe|1\n|-curestatus|p1a: Ferrothorn|slp|[msg]\n|move|p1a: Ferrothorn|Body Press|p2a: Charizard\n|-damage|p2a: Charizard|0 fnt\n|faint|p2a: Charizard\n|\n|upkeep\n|\n|t:|1700045696\n|switch|p2a: Clodsire|Clodsire, M|88\/100\n|turn|27\n|\n|t:|1700045701\n|move|p1a: Ferrothorn|Leech Seed|p2a: Clodsire|[miss]\n|-miss|p1a: Ferrothorn|p2a: Clodsire\n|move|p2a: Clodsire|Earthquake|p1a: Ferrothorn\n|-damage|p1a: Ferrothorn|94\/100\n|\n|-heal|p2a: Clodsire|94\/100|[from] item: Leftovers\n|upkeep\n|turn|28\n|\n|t:|1700045711\n|move|p1a: Ferrothorn|Leech Seed|p2a: Clodsire|[miss]\n|-miss|p1a: Ferrothorn|p2a: Clodsire\n|move|p2a: Clodsire|Earthquake|p1a: Ferrothorn\n|-damage|p1a: Ferrothorn|88\/100\n|\n|-heal|p2a: Clodsire|100\/100|[from] item: Leftovers\n|upkeep\n|turn|29\n|\n|t:|1700045719\n|move|p1a: Ferrothorn|Leech Seed|p2a: Clodsire\n|-start|p2a: Clodsire|move: Leech Seed\n|move|p2a: Clodsire|Earthquake|p1a: Ferrothorn\n|-damage|p1a: Ferrothorn|83\/100\n|\n|-damage|p2a: Clodsire|88\/100|[from] Leech Seed|[of] p1a: Ferrothorn\n|-heal|p1a: Ferrothorn|99\/100|[silent]\n|upkeep\n|turn|30\n|-message|wangziqiang forfeited.\n|\n|win|Blake-Mamba\n|raw|Blake-Mamba's rating: 1324 &rarr; <strong>1339<\/strong><br \/>(+15 for winning)\n|raw|wangziqiang's rating: 1229 &rarr; <strong>1211<\/strong><br \/>(-18 for losing)\n|l|\u2606wangziqiang\n","uploadtime":1700045744,"views":4,"p1id":"blakemamba","p2id":"wangziqiang","formatid":"gen9nationaldex","rating":1211,"private":0,"password":""}