{"id":"gen9nationaldex-1997143462","p1":"Blake-Mamba","p2":"Emergingstar","format":"[Gen 9] National Dex","log":"|html|<div class=\"broadcast-blue\"><strong>[Gen 9] National Dex is currently suspecting Sneasler! For information on how to participate check out the <a href=\"https:\/\/www.smogon.com\/forums\/threads\/sv-national-dex-suspect-8-just-dance.3731534\/\">suspect thread<\/a>.<\/strong><\/div>\n|j|\u2606Blake-Mamba\n|j|\u2606Emergingstar\n|t:|1700768899\n|gametype|singles\n|player|p1|Blake-Mamba|juan|1279\n|player|p2|Emergingstar|cynthia-gen4|1218\n|teamsize|p1|6\n|teamsize|p2|6\n|gen|9\n|tier|[Gen 9] National Dex\n|rated|\n|rule|HP Percentage Mod: HP is shown in percentages\n|rule|Endless Battle Clause: Forcing endless battles is banned\n|rule|OHKO Clause: OHKO moves are banned\n|rule|Evasion Clause: Evasion abilities, items, and moves are banned\n|rule|Evasion Abilities Clause: Evasion abilities are banned\n|rule|Evasion Items Clause: Evasion items are banned\n|rule|Evasion Moves Clause: Evasion moves are banned\n|rule|Species Clause: Limit one of each Pok\u00e9mon\n|rule|Sleep Clause Mod: Limit one foe put to sleep\n|clearpoke\n|poke|p1|Tyrantrum, M|\n|poke|p1|Aurorus, F|\n|poke|p1|Omastar, F|\n|poke|p1|Aerodactyl, F|\n|poke|p1|Rampardos, F|\n|poke|p1|Cradily, F|\n|poke|p2|Zoroark-Hisui, F|\n|poke|p2|Eelektross, F|\n|poke|p2|Salazzle, F|\n|poke|p2|Salamence, M|\n|poke|p2|Togekiss, M|\n|poke|p2|Starmie|\n|teampreview\n|\n|t:|1700768910\n|start\n|switch|p1a: Lord Helix|Omastar, F|100\/100\n|switch|p2a: Eelektross|Eelektross, F|100\/100\n|turn|1\n|inactive|Battle timer is ON: inactive players will automatically lose when time's up. (requested by Blake-Mamba)\n|\n|t:|1700768925\n|move|p1a: Lord Helix|Shell Smash|p1a: Lord Helix\n|-unboost|p1a: Lord Helix|def|1\n|-unboost|p1a: Lord Helix|spd|1\n|-boost|p1a: Lord Helix|atk|2\n|-boost|p1a: Lord Helix|spa|2\n|-boost|p1a: Lord Helix|spe|2\n|move|p2a: Eelektross|Giga Drain|p1a: Lord Helix\n|-supereffective|p1a: Lord Helix\n|-crit|p1a: Lord Helix\n|-enditem|p1a: Lord Helix|Focus Sash\n|-damage|p1a: Lord Helix|1\/100\n|\n|upkeep\n|turn|2\n|\n|t:|1700768936\n|move|p1a: Lord Helix|Surf|p2a: Eelektross\n|-damage|p2a: Eelektross|0 fnt\n|faint|p2a: Eelektross\n|\n|upkeep\n|\n|t:|1700768943\n|switch|p2a: Starmie|Starmie|100\/100\n|turn|3\n|\n|t:|1700768947\n|move|p1a: Lord Helix|Ancient Power|p2a: Starmie\n|-damage|p2a: Starmie|1\/100\n|move|p2a: Starmie|Rapid Spin|p1a: Lord Helix\n|-resisted|p1a: Lord Helix\n|-damage|p1a: Lord Helix|0 fnt\n|-boost|p2a: Starmie|spe|1\n|faint|p1a: Lord Helix\n|\n|-heal|p2a: Starmie|7\/100|[from] item: Leftovers\n|upkeep\n|\n|t:|1700768958\n|switch|p1a: Bud Might|Cradily, F|100\/100\n|turn|4\n|\n|t:|1700768962\n|move|p2a: Starmie|Psychic|p1a: Bud Might\n|-damage|p1a: Bud Might|72\/100\n|move|p1a: Bud Might|Leech Seed|p2a: Starmie\n|-start|p2a: Starmie|move: Leech Seed\n|\n|-heal|p2a: Starmie|14\/100|[from] item: Leftovers\n|-damage|p2a: Starmie|1\/100|[from] Leech Seed|[of] p1a: Bud Might\n|-heal|p1a: Bud Might|80\/100|[silent]\n|upkeep\n|turn|5\n|\n|t:|1700768971\n|move|p2a: Starmie|Ice Beam|p1a: Bud Might\n|-supereffective|p1a: Bud Might\n|-damage|p1a: Bud Might|39\/100\n|move|p1a: Bud Might|Recover|p1a: Bud Might\n|-heal|p1a: Bud Might|89\/100\n|\n|-heal|p2a: Starmie|7\/100|[from] item: Leftovers\n|-damage|p2a: Starmie|0 fnt|[from] Leech Seed|[of] p1a: Bud Might\n|-heal|p1a: Bud Might|94\/100|[silent]\n|faint|p2a: Starmie\n|upkeep\n|\n|t:|1700768978\n|switch|p2a: Togekiss|Togekiss, M|100\/100\n|turn|6\n|\n|t:|1700768984\n|move|p2a: Togekiss|Thunder Wave|p1a: Bud Might\n|-status|p1a: Bud Might|par\n|cant|p1a: Bud Might|par\n|\n|upkeep\n|turn|7\n|\n|t:|1700768990\n|move|p2a: Togekiss|Air Slash|p1a: Bud Might\n|-damage|p1a: Bud Might|63\/100 par\n|move|p1a: Bud Might|Leech Seed|p2a: Togekiss\n|-start|p2a: Togekiss|move: Leech Seed\n|\n|-damage|p2a: Togekiss|88\/100|[from] Leech Seed|[of] p1a: Bud Might\n|-heal|p1a: Bud Might|75\/100 par|[silent]\n|upkeep\n|turn|8\n|\n|t:|1700768999\n|switch|p2a: Salamence|Salamence, M|100\/100\n|switch|p1a: Little Foot|Aurorus, F|100\/100\n|-weather|Snow|[from] ability: Snow Warning|[of] p1a: Little Foot\n|\n|-weather|Snow|[upkeep]\n|upkeep\n|turn|9\n|\n|t:|1700769009\n|move|p2a: Salamence|Will-O-Wisp|p1a: Little Foot\n|-status|p1a: Little Foot|brn\n|move|p1a: Little Foot|Rock Polish|p1a: Little Foot\n|-boost|p1a: Little Foot|spe|2\n|\n|-weather|Snow|[upkeep]\n|-damage|p1a: Little Foot|94\/100 brn|[from] brn\n|upkeep\n|turn|10\n|\n|t:|1700769018\n|move|p1a: Little Foot|Meteor Beam||[still]\n|-prepare|p1a: Little Foot|Meteor Beam\n|-boost|p1a: Little Foot|spa|1\n|-enditem|p1a: Little Foot|Power Herb\n|-anim|p1a: Little Foot|Meteor Beam|p2a: Salamence\n|-damage|p2a: Salamence|0 fnt\n|replace|p2a: Zoroark|Zoroark-Hisui, F, shiny\n|-end|p2a: Zoroark|Illusion\n|faint|p2a: Zoroark\n|\n|-weather|Snow|[upkeep]\n|-damage|p1a: Little Foot|88\/100 brn|[from] brn\n|upkeep\n|\n|t:|1700769026\n|switch|p2a: Salamence|Salamence, M|100\/100\n|-ability|p2a: Salamence|Intimidate|boost\n|-unboost|p1a: Little Foot|atk|1\n|turn|11\n|\n|t:|1700769034\n|-terastallize|p2a: Salamence|Steel\n|move|p1a: Little Foot|Blizzard|p2a: Salamence\n|-resisted|p2a: Salamence\n|-damage|p2a: Salamence|56\/100\n|move|p2a: Salamence|Dragon Dance|p2a: Salamence\n|-boost|p2a: Salamence|atk|1\n|-boost|p2a: Salamence|spe|1\n|\n|-weather|Snow|[upkeep]\n|-damage|p1a: Little Foot|82\/100 brn|[from] brn\n|upkeep\n|turn|12\n|\n|t:|1700769046\n|-terastallize|p1a: Little Foot|Ground\n|move|p2a: Salamence|Dragon Dance|p2a: Salamence\n|-boost|p2a: Salamence|atk|1\n|-boost|p2a: Salamence|spe|1\n|move|p1a: Little Foot|Earth Power|p2a: Salamence\n|-supereffective|p2a: Salamence\n|-damage|p2a: Salamence|0 fnt\n|faint|p2a: Salamence\n|\n|-weather|none\n|-damage|p1a: Little Foot|76\/100 brn|[from] brn\n|upkeep\n|\n|t:|1700769051\n|switch|p2a: Togekiss|Togekiss, M|88\/100\n|turn|13\n|\n|t:|1700769060\n|move|p1a: Little Foot|Blizzard|p2a: Togekiss\n|-supereffective|p2a: Togekiss\n|-damage|p2a: Togekiss|0 fnt\n|faint|p2a: Togekiss\n|\n|-damage|p1a: Little Foot|69\/100 brn|[from] brn\n|upkeep\n|\n|t:|1700769065\n|switch|p2a: Salazzle|Salazzle, F, shiny|100\/100\n|turn|14\n|\n|t:|1700769070\n|move|p1a: Little Foot|Earth Power|p2a: Salazzle\n|-supereffective|p2a: Salazzle\n|-damage|p2a: Salazzle|0 fnt\n|faint|p2a: Salazzle\n|\n|win|Blake-Mamba\n|raw|Blake-Mamba's rating: 1279 &rarr; <strong>1300<\/strong><br \/>(+21 for winning)\n|raw|Emergingstar's rating: 1218 &rarr; <strong>1197<\/strong><br \/>(-21 for losing)\n|l|\u2606Emergingstar\n|c|\u2606Blake-Mamba|Gg\n","uploadtime":1700769088,"views":9,"p1id":"blakemamba","p2id":"emergingstar","formatid":"gen9nationaldex","rating":1197,"private":0,"password":""}