{"id":"gen9nationaldex-1998334498","p1":"Alonsw","p2":"Zamudio011","format":"[Gen 9] National Dex","log":"|html|<div class=\"broadcast-blue\"><strong>[Gen 9] National Dex is currently suspecting Sneasler! For information on how to participate check out the <a href=\"https:\/\/www.smogon.com\/forums\/threads\/sv-national-dex-suspect-8-just-dance.3731534\/\">suspect thread<\/a>.<\/strong><\/div>\n|j|\u2606Alonsw\n|j|\u2606Zamudio011\n|t:|1700930714\n|gametype|singles\n|player|p1|Alonsw|170|\n|player|p2|Zamudio011|cynthia-gen4|\n|teamsize|p1|6\n|teamsize|p2|6\n|gen|9\n|tier|[Gen 9] National Dex\n|rule|HP Percentage Mod: HP is shown in percentages\n|rule|Endless Battle Clause: Forcing endless battles is banned\n|rule|OHKO Clause: OHKO moves are banned\n|rule|Evasion Clause: Evasion abilities, items, and moves are banned\n|rule|Evasion Abilities Clause: Evasion abilities are banned\n|rule|Evasion Items Clause: Evasion items are banned\n|rule|Evasion Moves Clause: Evasion moves are banned\n|rule|Species Clause: Limit one of each Pok\u00e9mon\n|rule|Sleep Clause Mod: Limit one foe put to sleep\n|clearpoke\n|poke|p1|Venusaur, M|\n|poke|p1|Arcanine, M|\n|poke|p1|Slowbro, M|\n|poke|p1|Jolteon, M|\n|poke|p1|Dragonite, M|\n|poke|p1|Persian-Alola, M|\n|poke|p2|Zapdos|\n|poke|p2|Muk, M|\n|poke|p2|Cloyster, M|\n|poke|p2|Snorlax, M|\n|poke|p2|Jynx, F|\n|poke|p2|Venusaur, M|\n|teampreview\n|\n|t:|1700931446\n|start\n|switch|p1a: Persian|Persian-Alola, M, shiny|100\/100\n|switch|p2a: Muk|Muk, M, shiny|100\/100\n|turn|1\n|\n|t:|1700931468\n|move|p1a: Persian|Knock Off|p2a: Muk\n|-damage|p2a: Muk|71\/100\n|-activate|p2a: Muk|ability: Sticky Hold\n|move|p2a: Muk|Curse|p2a: Muk\n|-unboost|p2a: Muk|spe|1\n|-boost|p2a: Muk|atk|1\n|-boost|p2a: Muk|def|1\n|\n|-heal|p2a: Muk|77\/100|[from] item: Black Sludge\n|upkeep\n|turn|2\n|\n|t:|1700931480\n|move|p1a: Persian|Taunt|p2a: Muk\n|-start|p2a: Muk|move: Taunt\n|cant|p2a: Muk|move: Taunt|Curse\n|\n|-heal|p2a: Muk|83\/100|[from] item: Black Sludge\n|upkeep\n|turn|3\n|\n|t:|1700931490\n|move|p1a: Persian|Parting Shot|p2a: Muk\n|-unboost|p2a: Muk|atk|1\n|-unboost|p2a: Muk|spa|1\n|\n|t:|1700931521\n|switch|p1a: Slowbro|Slowbro, M|100\/100|[from] Parting Shot\n|move|p2a: Muk|Poison Jab|p1a: Slowbro\n|-damage|p1a: Slowbro|84\/100\n|-damage|p2a: Muk|66\/100|[from] item: Rocky Helmet|[of] p1a: Slowbro\n|\n|-heal|p2a: Muk|72\/100|[from] item: Black Sludge\n|upkeep\n|turn|4\n|\n|t:|1700931550\n|switch|p2a: Zapdos|Zapdos, shiny|100\/100\n|move|p1a: Slowbro|Teleport|p1a: Slowbro\n|\n|t:|1700931634\n|switch|p1a: Jolteon|Jolteon, M|100\/100|[from] Teleport\n|\n|upkeep\n|turn|5\n|\n|t:|1700931658\n|switch|p2a: Venusaur|Venusaur, M, shiny|100\/100\n|move|p1a: Jolteon|Volt Switch|p2a: Venusaur\n|-resisted|p2a: Venusaur\n|-damage|p2a: Venusaur|80\/100\n|\n|t:|1700931670\n|switch|p1a: Arcanine|Arcanine, M|100\/100|[from] Volt Switch\n|-ability|p1a: Arcanine|Intimidate|boost\n|-unboost|p2a: Venusaur|atk|1\n|\n|upkeep\n|turn|6\n|\n|t:|1700931744\n|switch|p2a: Zapdos|Zapdos, shiny|100\/100\n|move|p1a: Arcanine|Flare Blitz|p2a: Zapdos\n|-damage|p2a: Zapdos|56\/100\n|-damage|p1a: Arcanine|83\/100|[from] Recoil\n|\n|upkeep\n|turn|7\n|\n|t:|1700931782\n|switch|p1a: Jolteon|Jolteon, M|100\/100\n|move|p2a: Zapdos|Roost|p2a: Zapdos\n|-heal|p2a: Zapdos|100\/100\n|-singleturn|p2a: Zapdos|move: Roost\n|\n|upkeep\n|turn|8\n|\n|t:|1700931804\n|move|p1a: Jolteon|Shadow Ball|p2a: Zapdos\n|-damage|p2a: Zapdos|63\/100\n|move|p2a: Zapdos|Heat Wave|p1a: Jolteon\n|-damage|p1a: Jolteon|65\/100\n|\n|upkeep\n|turn|9\n|\n|t:|1700931828\n|switch|p1a: Arcanine|Arcanine, M|83\/100\n|-ability|p1a: Arcanine|Intimidate|boost\n|-unboost|p2a: Zapdos|atk|1\n|switch|p2a: Snorlax|Snorlax, M, shiny|100\/100\n|\n|upkeep\n|turn|10\n|\n|t:|1700931858\n|switch|p1a: Venusaur|Venusaur, M|100\/100\n|move|p2a: Snorlax|Stockpile|p2a: Snorlax\n|-start|p2a: Snorlax|stockpile1\n|-boost|p2a: Snorlax|def|1\n|-boost|p2a: Snorlax|spd|1\n|\n|upkeep\n|turn|11\n|l|\u2606Alonsw\n|player|p1|\n|j|\u2606Alonsw\n|player|p1|Alonsw|170\n|\n|t:|1700931950\n|move|p1a: Venusaur|Leech Seed|p2a: Snorlax\n|-start|p2a: Snorlax|move: Leech Seed\n|move|p2a: Snorlax|Body Slam|p1a: Venusaur\n|-damage|p1a: Venusaur|66\/100\n|\n|-heal|p1a: Venusaur|72\/100|[from] item: Black Sludge\n|-damage|p2a: Snorlax|88\/100|[from] Leech Seed|[of] p1a: Venusaur\n|-heal|p1a: Venusaur|90\/100|[silent]\n|upkeep\n|turn|12\n|\n|t:|1700931988\n|switch|p2a: Muk|Muk, M, shiny|72\/100\n|move|p1a: Venusaur|Toxic|p2a: Muk\n|-immune|p2a: Muk\n|\n|-heal|p1a: Venusaur|96\/100|[from] item: Black Sludge\n|-heal|p2a: Muk|78\/100|[from] item: Black Sludge\n|upkeep\n|turn|13\n|l|\u2606Alonsw\n|player|p1|\n|j|\u2606Alonsw\n|player|p1|Alonsw|170\n|\n|t:|1700932020\n|switch|p1a: Persian|Persian-Alola, M, shiny|100\/100\n|move|p2a: Muk|Curse|p2a: Muk\n|-unboost|p2a: Muk|spe|1\n|-boost|p2a: Muk|atk|1\n|-boost|p2a: Muk|def|1\n|\n|-heal|p2a: Muk|84\/100|[from] item: Black Sludge\n|upkeep\n|turn|14\n|\n|t:|1700932034\n|move|p1a: Persian|Fake Out|p2a: Muk\n|-damage|p2a: Muk|78\/100\n|cant|p2a: Muk|flinch\n|\n|-heal|p2a: Muk|84\/100|[from] item: Black Sludge\n|upkeep\n|turn|15\n|\n|t:|1700932047\n|move|p1a: Persian|Parting Shot|p2a: Muk\n|-unboost|p2a: Muk|atk|1\n|-unboost|p2a: Muk|spa|1\n|\n|t:|1700932052\n|switch|p1a: Slowbro|Slowbro, M|100\/100|[from] Parting Shot\n|move|p2a: Muk|Poison Jab|p1a: Slowbro\n|-damage|p1a: Slowbro|83\/100\n|-damage|p2a: Muk|67\/100|[from] item: Rocky Helmet|[of] p1a: Slowbro\n|\n|-heal|p2a: Muk|73\/100|[from] item: Black Sludge\n|upkeep\n|turn|16\n|\n|t:|1700932069\n|switch|p2a: Snorlax|Snorlax, M, shiny|88\/100\n|move|p1a: Slowbro|Psychic|p2a: Snorlax\n|-crit|p2a: Snorlax\n|-damage|p2a: Snorlax|67\/100\n|\n|-heal|p2a: Snorlax|73\/100|[from] item: Leftovers\n|upkeep\n|turn|17\n|\n|t:|1700932079\n|switch|p1a: Venusaur|Venusaur, M|96\/100\n|move|p2a: Snorlax|Stockpile|p2a: Snorlax\n|-start|p2a: Snorlax|stockpile1\n|-boost|p2a: Snorlax|def|1\n|-boost|p2a: Snorlax|spd|1\n|\n|-heal|p1a: Venusaur|100\/100|[from] item: Black Sludge\n|-heal|p2a: Snorlax|79\/100|[from] item: Leftovers\n|upkeep\n|turn|18\n|\n|t:|1700932112\n|switch|p1a: Arcanine|Arcanine, M|83\/100\n|-ability|p1a: Arcanine|Intimidate|boost\n|-unboost|p2a: Snorlax|atk|1\n|switch|p2a: Muk|Muk, M, shiny|73\/100\n|\n|-heal|p2a: Muk|79\/100|[from] item: Black Sludge\n|upkeep\n|turn|19\n|\n|t:|1700932126\n|switch|p1a: Slowbro|Slowbro, M|100\/100\n|move|p2a: Muk|Curse|p2a: Muk\n|-unboost|p2a: Muk|spe|1\n|-boost|p2a: Muk|atk|1\n|-boost|p2a: Muk|def|1\n|\n|-heal|p2a: Muk|85\/100|[from] item: Black Sludge\n|upkeep\n|turn|20\n|l|\u2606Alonsw\n|player|p1|\n|\n|t:|1700932187\n|switch|p2a: Zapdos|Zapdos, shiny|63\/100\n|move|p1a: Slowbro|Psychic|p2a: Zapdos\n|-damage|p2a: Zapdos|30\/100\n|\n|upkeep\n|turn|21\n|j|\u2606Alonsw\n|player|p1|Alonsw|170\n|\n|t:|1700932199\n|move|p2a: Zapdos|Roost|p2a: Zapdos\n|-heal|p2a: Zapdos|80\/100\n|-singleturn|p2a: Zapdos|move: Roost\n|move|p1a: Slowbro|Teleport|p1a: Slowbro\n|\n|t:|1700932226\n|switch|p1a: Venusaur|Venusaur, M|100\/100|[from] Teleport\n|\n|upkeep\n|turn|22\n|\n|t:|1700932251\n|-terastallize|p2a: Zapdos|Steel\n|move|p2a: Zapdos|Heat Wave|p1a: Venusaur\n|-supereffective|p1a: Venusaur\n|-damage|p1a: Venusaur|66\/100\n|move|p1a: Venusaur|Toxic|p2a: Zapdos\n|-immune|p2a: Zapdos\n|\n|-heal|p1a: Venusaur|72\/100|[from] item: Black Sludge\n|upkeep\n|turn|23\n|\n|t:|1700932274\n|move|p2a: Zapdos|Heat Wave|p1a: Venusaur\n|-supereffective|p1a: Venusaur\n|-damage|p1a: Venusaur|35\/100\n|move|p1a: Venusaur|Leech Seed|p2a: Zapdos\n|-start|p2a: Zapdos|move: Leech Seed\n|\n|-heal|p1a: Venusaur|41\/100|[from] item: Black Sludge\n|-damage|p2a: Zapdos|67\/100|[from] Leech Seed|[of] p1a: Venusaur\n|-heal|p1a: Venusaur|54\/100|[silent]\n|upkeep\n|turn|24\n|\n|t:|1700932325\n|switch|p2a: Muk|Muk, M, shiny|85\/100\n|switch|p1a: Arcanine|Arcanine, M|83\/100\n|-ability|p1a: Arcanine|Intimidate|boost\n|-unboost|p2a: Muk|atk|1\n|\n|-heal|p2a: Muk|91\/100|[from] item: Black Sludge\n|upkeep\n|turn|25\n|l|\u2606Alonsw\n|player|p1|\n|j|\u2606Alonsw\n|player|p1|Alonsw|170\n|\n|t:|1700932376\n|switch|p1a: Persian|Persian-Alola, M, shiny|100\/100\n|move|p2a: Muk|Poison Jab|p1a: Persian\n|-damage|p1a: Persian|83\/100\n|\n|-heal|p1a: Persian|89\/100|[from] item: Leftovers\n|-heal|p2a: Muk|97\/100|[from] item: Black Sludge\n|upkeep\n|turn|26\n|\n|t:|1700932395\n|move|p1a: Persian|Taunt|p2a: Muk\n|-start|p2a: Muk|move: Taunt\n|move|p2a: Muk|Poison Jab|p1a: Persian\n|-damage|p1a: Persian|71\/100\n|\n|-heal|p1a: Persian|77\/100|[from] item: Leftovers\n|-heal|p2a: Muk|100\/100|[from] item: Black Sludge\n|upkeep\n|turn|27\n|\n|t:|1700932409\n|move|p1a: Persian|Parting Shot|p2a: Muk\n|-unboost|p2a: Muk|atk|1\n|-unboost|p2a: Muk|spa|1\n|\n|t:|1700932414\n|switch|p1a: Slowbro|Slowbro, M|100\/100|[from] Parting Shot\n|move|p2a: Muk|Poison Jab|p1a: Slowbro\n|-damage|p1a: Slowbro|91\/100\n|-status|p1a: Slowbro|psn\n|-damage|p2a: Muk|84\/100|[from] item: Rocky Helmet|[of] p1a: Slowbro\n|\n|-heal|p2a: Muk|90\/100|[from] item: Black Sludge\n|-damage|p1a: Slowbro|79\/100 psn|[from] psn\n|upkeep\n|turn|28\n|\n|t:|1700932442\n|switch|p2a: Snorlax|Snorlax, M, shiny|79\/100\n|move|p1a: Slowbro|Scald|p2a: Snorlax\n|-damage|p2a: Snorlax|65\/100\n|\n|-heal|p2a: Snorlax|71\/100|[from] item: Leftovers\n|-damage|p1a: Slowbro|66\/100 psn|[from] psn\n|upkeep\n|turn|29\n|l|\u2606Alonsw\n|player|p1|\n|j|\u2606Alonsw\n|player|p1|Alonsw|170\n|\n|t:|1700932468\n|move|p2a: Snorlax|Stockpile|p2a: Snorlax\n|-start|p2a: Snorlax|stockpile1\n|-boost|p2a: Snorlax|def|1\n|-boost|p2a: Snorlax|spd|1\n|move|p1a: Slowbro|Scald|p2a: Snorlax\n|-damage|p2a: Snorlax|63\/100\n|\n|-heal|p2a: Snorlax|69\/100|[from] item: Leftovers\n|-damage|p1a: Slowbro|54\/100 psn|[from] psn\n|upkeep\n|turn|30\n|\n|t:|1700932487\n|move|p2a: Snorlax|Body Slam|p1a: Slowbro\n|-damage|p1a: Slowbro|35\/100 psn\n|-damage|p2a: Snorlax|52\/100|[from] item: Rocky Helmet|[of] p1a: Slowbro\n|move|p1a: Slowbro|Teleport|p1a: Slowbro\n|\n|t:|1700932495\n|switch|p1a: Persian|Persian-Alola, M, shiny|77\/100|[from] Teleport\n|\n|-heal|p1a: Persian|82\/100|[from] item: Leftovers\n|-heal|p2a: Snorlax|58\/100|[from] item: Leftovers\n|upkeep\n|turn|31\n|\n|t:|1700932505\n|move|p1a: Persian|Knock Off|p2a: Snorlax\n|-damage|p2a: Snorlax|41\/100\n|-enditem|p2a: Snorlax|Leftovers|[from] move: Knock Off|[of] p1a: Persian\n|move|p2a: Snorlax|Stockpile|p2a: Snorlax\n|-start|p2a: Snorlax|stockpile2\n|-boost|p2a: Snorlax|def|1\n|-boost|p2a: Snorlax|spd|1\n|\n|-heal|p1a: Persian|88\/100|[from] item: Leftovers\n|upkeep\n|turn|32\n|\n|t:|1700932533\n|move|p1a: Persian|Taunt|p2a: Snorlax\n|-start|p2a: Snorlax|move: Taunt\n|move|p2a: Snorlax|Body Press|p1a: Persian\n|-supereffective|p1a: Persian\n|-damage|p1a: Persian|31\/100\n|\n|-heal|p1a: Persian|37\/100|[from] item: Leftovers\n|upkeep\n|turn|33\n|\n|t:|1700932555\n|move|p1a: Persian|Parting Shot|p2a: Snorlax\n|-unboost|p2a: Snorlax|atk|1\n|-unboost|p2a: Snorlax|spa|1\n|\n|t:|1700932560\n|switch|p1a: Slowbro|Slowbro, M|68\/100 psn|[from] Parting Shot\n|move|p2a: Snorlax|Body Press|p1a: Slowbro\n|-resisted|p1a: Slowbro\n|-damage|p1a: Slowbro|60\/100 psn\n|-damage|p2a: Snorlax|25\/100|[from] item: Rocky Helmet|[of] p1a: Slowbro\n|\n|-damage|p1a: Slowbro|47\/100 psn|[from] psn\n|upkeep\n|turn|34\n|\n|t:|1700932578\n|move|p2a: Snorlax|Earthquake|p1a: Slowbro\n|-damage|p1a: Slowbro|37\/100 psn\n|move|p1a: Slowbro|Slack Off|p1a: Slowbro\n|-heal|p1a: Slowbro|87\/100 psn\n|\n|-damage|p1a: Slowbro|75\/100 psn|[from] psn\n|-end|p2a: Snorlax|move: Taunt\n|upkeep\n|turn|35\n|\n|t:|1700932596\n|move|p2a: Snorlax|Stockpile|p2a: Snorlax\n|-start|p2a: Snorlax|stockpile3\n|-boost|p2a: Snorlax|def|1\n|-boost|p2a: Snorlax|spd|1\n|move|p1a: Slowbro|Slack Off|p1a: Slowbro\n|-heal|p1a: Slowbro|100\/100 psn\n|\n|-damage|p1a: Slowbro|88\/100 psn|[from] psn\n|upkeep\n|turn|36\n|\n|t:|1700932614\n|move|p1a: Slowbro|Scald|p2a: Snorlax\n|-damage|p2a: Snorlax|19\/100\n|move|p2a: Snorlax|Earthquake|p1a: Slowbro\n|-damage|p1a: Slowbro|79\/100 psn\n|\n|-damage|p1a: Slowbro|66\/100 psn|[from] psn\n|upkeep\n|turn|37\n|\n|t:|1700932624\n|move|p1a: Slowbro|Scald|p2a: Snorlax\n|-damage|p2a: Snorlax|13\/100\n|move|p2a: Snorlax|Earthquake|p1a: Slowbro\n|-damage|p1a: Slowbro|57\/100 psn\n|\n|-damage|p1a: Slowbro|44\/100 psn|[from] psn\n|upkeep\n|turn|38\n|\n|t:|1700932640\n|move|p2a: Snorlax|Earthquake|p1a: Slowbro\n|-damage|p1a: Slowbro|35\/100 psn\n|move|p1a: Slowbro|Slack Off|p1a: Slowbro\n|-heal|p1a: Slowbro|85\/100 psn\n|\n|-damage|p1a: Slowbro|72\/100 psn|[from] psn\n|upkeep\n|turn|39\n|\n|t:|1700932653\n|move|p2a: Snorlax|Earthquake|p1a: Slowbro\n|-damage|p1a: Slowbro|62\/100 psn\n|move|p1a: Slowbro|Psychic|p2a: Snorlax\n|-damage|p2a: Snorlax|8\/100\n|\n|-damage|p1a: Slowbro|49\/100 psn|[from] psn\n|upkeep\n|turn|40\n|\n|t:|1700932666\n|move|p1a: Slowbro|Slack Off|p1a: Slowbro\n|-heal|p1a: Slowbro|99\/100 psn\n|move|p2a: Snorlax|Earthquake|p1a: Slowbro\n|-damage|p1a: Slowbro|90\/100 psn\n|\n|-damage|p1a: Slowbro|78\/100 psn|[from] psn\n|upkeep\n|turn|41\n|\n|t:|1700932676\n|move|p1a: Slowbro|Scald|p2a: Snorlax\n|-damage|p2a: Snorlax|2\/100\n|move|p2a: Snorlax|Earthquake|p1a: Slowbro\n|-damage|p1a: Slowbro|68\/100 psn\n|\n|-damage|p1a: Slowbro|55\/100 psn|[from] psn\n|upkeep\n|turn|42\n|\n|t:|1700932686\n|move|p2a: Snorlax|Earthquake|p1a: Slowbro\n|-damage|p1a: Slowbro|45\/100 psn\n|move|p1a: Slowbro|Scald|p2a: Snorlax\n|-damage|p2a: Snorlax|0 fnt\n|faint|p2a: Snorlax\n|\n|-damage|p1a: Slowbro|32\/100 psn|[from] psn\n|upkeep\n|l|\u2606Alonsw\n|player|p1|\n|\n|t:|1700932721\n|switch|p2a: Zapdos|Zapdos, shiny, tera:Steel|67\/100\n|turn|43\n|j|\u2606Alonsw\n|player|p1|Alonsw|170\n|l|\u2606Alonsw\n|player|p1|\n|j|\u2606Alonsw\n|player|p1|Alonsw|170\n|l|\u2606Alonsw\n|player|p1|\n|\n|t:|1700932878\n|switch|p1a: Jolteon|Jolteon, M|65\/100\n|move|p2a: Zapdos|Heat Wave|p1a: Jolteon\n|-damage|p1a: Jolteon|32\/100\n|\n|upkeep\n|turn|44\n|j|\u2606Alonsw\n|player|p1|Alonsw|170\n|l|\u2606Alonsw\n|player|p1|\n|j|\u2606Alonsw\n|player|p1|Alonsw|170\n|l|\u2606Alonsw\n|player|p1|\n|j|\u2606Alonsw\n|player|p1|Alonsw|170\n|\n|t:|1700933051\n|move|p1a: Jolteon|Discharge|p2a: Zapdos\n|-damage|p2a: Zapdos|16\/100\n|move|p2a: Zapdos|Heat Wave|p1a: Jolteon\n|-damage|p1a: Jolteon|0 fnt\n|faint|p1a: Jolteon\n|\n|upkeep\n|\n|t:|1700933068\n|switch|p1a: Arcanine|Arcanine, M|83\/100\n|-ability|p1a: Arcanine|Intimidate|boost\n|-unboost|p2a: Zapdos|atk|1\n|turn|45\n|\n|t:|1700933080\n|move|p1a: Arcanine|Extreme Speed|p2a: Zapdos\n|-resisted|p2a: Zapdos\n|-damage|p2a: Zapdos|7\/100\n|-status|p1a: Arcanine|par|[from] ability: Static|[of] p2a: Zapdos\n|move|p2a: Zapdos|Discharge|p1a: Arcanine\n|-damage|p1a: Arcanine|38\/100 par\n|\n|upkeep\n|turn|46\n|\n|t:|1700933095\n|move|p1a: Arcanine|Extreme Speed|p2a: Zapdos\n|-resisted|p2a: Zapdos\n|-damage|p2a: Zapdos|0 fnt\n|faint|p2a: Zapdos\n|\n|upkeep\n|l|\u2606Alonsw\n|player|p1|\n|\n|t:|1700933143\n|switch|p2a: Cloyster|Cloyster, M, shiny|100\/100\n|turn|47\n|j|\u2606Alonsw\n|player|p1|Alonsw|170\n|\n|t:|1700933163\n|move|p2a: Cloyster|Shell Smash|p2a: Cloyster\n|-unboost|p2a: Cloyster|def|1\n|-unboost|p2a: Cloyster|spd|1\n|-boost|p2a: Cloyster|atk|2\n|-boost|p2a: Cloyster|spa|2\n|-boost|p2a: Cloyster|spe|2\n|-enditem|p2a: Cloyster|White Herb\n|-clearnegativeboost|p2a: Cloyster|[silent]\n|move|p1a: Arcanine|Wild Charge|p2a: Cloyster\n|-supereffective|p2a: Cloyster\n|-damage|p2a: Cloyster|51\/100\n|-damage|p1a: Arcanine|29\/100 par|[from] Recoil\n|\n|upkeep\n|turn|48\n|\n|t:|1700933177\n|move|p1a: Arcanine|Extreme Speed|p2a: Cloyster\n|-damage|p2a: Cloyster|28\/100\n|move|p2a: Cloyster|Rock Blast|p1a: Arcanine\n|-supereffective|p1a: Arcanine\n|-damage|p1a: Arcanine|0 fnt\n|faint|p1a: Arcanine\n|-hitcount|p1: Arcanine|1\n|\n|upkeep\n|\n|t:|1700933186\n|switch|p1a: Persian|Persian-Alola, M, shiny|37\/100\n|turn|49\n|\n|t:|1700933194\n|move|p1a: Persian|Fake Out|p2a: Cloyster\n|-damage|p2a: Cloyster|20\/100\n|cant|p2a: Cloyster|flinch\n|\n|-heal|p1a: Persian|43\/100|[from] item: Leftovers\n|upkeep\n|turn|50\n|\n|t:|1700933204\n|move|p2a: Cloyster|Ice Shard|p1a: Persian\n|-damage|p1a: Persian|12\/100\n|move|p1a: Persian|Parting Shot|p2a: Cloyster\n|-unboost|p2a: Cloyster|atk|1\n|-unboost|p2a: Cloyster|spa|1\n|\n|t:|1700933211\n|switch|p1a: Dragonite|Dragonite, M|100\/100|[from] Parting Shot\n|\n|upkeep\n|turn|51\n|\n|t:|1700933259\n|-terastallize|p1a: Dragonite|Normal\n|move|p1a: Dragonite|Extreme Speed|p2a: Cloyster\n|-damage|p2a: Cloyster|0 fnt\n|faint|p2a: Cloyster\n|\n|upkeep\n|l|\u2606Alonsw\n|player|p1|\n|j|\u2606Alonsw\n|player|p1|Alonsw|170\n|\n|t:|1700933307\n|switch|p2a: Muk|Muk, M, shiny|90\/100\n|turn|52\n|\n|t:|1700933352\n|switch|p1a: Persian|Persian-Alola, M, shiny|12\/100\n|move|p2a: Muk|Curse|p2a: Muk\n|-unboost|p2a: Muk|spe|1\n|-boost|p2a: Muk|atk|1\n|-boost|p2a: Muk|def|1\n|\n|-heal|p1a: Persian|17\/100|[from] item: Leftovers\n|-heal|p2a: Muk|96\/100|[from] item: Black Sludge\n|upkeep\n|turn|53\n|l|\u2606Alonsw\n|player|p1|\n|\n|t:|1700933425\n|move|p1a: Persian|Taunt|p2a: Muk\n|-start|p2a: Muk|move: Taunt\n|move|p2a: Muk|Poison Jab|p1a: Persian\n|-damage|p1a: Persian|0 fnt\n|faint|p1a: Persian\n|\n|-heal|p2a: Muk|100\/100|[from] item: Black Sludge\n|upkeep\n|j|\u2606Alonsw\n|player|p1|Alonsw|170\n|\n|t:|1700933455\n|switch|p1a: Slowbro|Slowbro, M|66\/100 psn\n|turn|54\n|l|\u2606Alonsw\n|player|p1|\n|j|\u2606Alonsw\n|player|p1|Alonsw|170\n|\n|t:|1700933549\n|move|p2a: Muk|Poison Jab|p1a: Slowbro\n|-damage|p1a: Slowbro|41\/100 psn\n|-damage|p2a: Muk|84\/100|[from] item: Rocky Helmet|[of] p1a: Slowbro\n|move|p1a: Slowbro|Teleport|p1a: Slowbro\n|\n|t:|1700933558\n|switch|p1a: Venusaur|Venusaur, M|54\/100|[from] Teleport\n|\n|-heal|p1a: Venusaur|60\/100|[from] item: Black Sludge\n|-heal|p2a: Muk|90\/100|[from] item: Black Sludge\n|upkeep\n|turn|55\n|\n|t:|1700933567\n|move|p1a: Venusaur|Leech Seed|p2a: Muk|[miss]\n|-miss|p1a: Venusaur|p2a: Muk\n|move|p2a: Muk|Poison Jab|p1a: Venusaur\n|-damage|p1a: Venusaur|12\/100\n|\n|-heal|p1a: Venusaur|18\/100|[from] item: Black Sludge\n|-heal|p2a: Muk|96\/100|[from] item: Black Sludge\n|-end|p2a: Muk|move: Taunt\n|upkeep\n|turn|56\n|\n|t:|1700933585\n|move|p1a: Venusaur|Leech Seed|p2a: Muk\n|-start|p2a: Muk|move: Leech Seed\n|move|p2a: Muk|Poison Jab|p1a: Venusaur\n|-damage|p1a: Venusaur|0 fnt\n|faint|p1a: Venusaur\n|\n|-heal|p2a: Muk|100\/100|[from] item: Black Sludge\n|upkeep\n|\n|t:|1700933595\n|switch|p1a: Slowbro|Slowbro, M|75\/100 psn\n|turn|57\n|\n|t:|1700933616\n|switch|p2a: Jynx|Jynx, F, shiny|100\/100\n|move|p1a: Slowbro|Psychic|p2a: Jynx\n|-resisted|p2a: Jynx\n|-crit|p2a: Jynx\n|-damage|p2a: Jynx|68\/100\n|\n|-damage|p1a: Slowbro|62\/100 psn|[from] psn\n|upkeep\n|turn|58\n|\n|t:|1700933627\n|switch|p1a: Dragonite|Dragonite, M, tera:Normal|100\/100\n|move|p2a: Jynx|Calm Mind|p2a: Jynx\n|-boost|p2a: Jynx|spa|1\n|-boost|p2a: Jynx|spd|1\n|\n|upkeep\n|turn|59\n|l|\u2606Alonsw\n|player|p1|\n|j|\u2606Alonsw\n|player|p1|Alonsw|170\n|\n|t:|1700933702\n|switch|p2a: Muk|Muk, M, shiny|100\/100\n|move|p1a: Dragonite|Dragon Dance|p1a: Dragonite\n|-boost|p1a: Dragonite|atk|1\n|-boost|p1a: Dragonite|spe|1\n|\n|upkeep\n|turn|60\n|\n|t:|1700933722\n|switch|p1a: Slowbro|Slowbro, M|95\/100 psn\n|move|p2a: Muk|Curse|p2a: Muk\n|-unboost|p2a: Muk|spe|1\n|-boost|p2a: Muk|atk|1\n|-boost|p2a: Muk|def|1\n|\n|-damage|p1a: Slowbro|83\/100 psn|[from] psn\n|upkeep\n|turn|61\n|\n|t:|1700933743\n|move|p1a: Slowbro|Psychic|p2a: Muk\n|-supereffective|p2a: Muk\n|-damage|p2a: Muk|62\/100\n|-unboost|p2a: Muk|spd|1\n|move|p2a: Muk|Curse|p2a: Muk\n|-unboost|p2a: Muk|spe|1\n|-boost|p2a: Muk|atk|1\n|-boost|p2a: Muk|def|1\n|\n|-heal|p2a: Muk|68\/100|[from] item: Black Sludge\n|-damage|p1a: Slowbro|71\/100 psn|[from] psn\n|upkeep\n|turn|62\n|\n|t:|1700933808\n|switch|p2a: Jynx|Jynx, F, shiny|68\/100\n|move|p1a: Slowbro|Psychic|p2a: Jynx\n|-resisted|p2a: Jynx\n|-damage|p2a: Jynx|46\/100\n|-enditem|p2a: Jynx|Sitrus Berry|[eat]\n|-heal|p2a: Jynx|71\/100|[from] item: Sitrus Berry\n|\n|-damage|p1a: Slowbro|58\/100 psn|[from] psn\n|upkeep\n|turn|63\n|\n|t:|1700933858\n|switch|p1a: Dragonite|Dragonite, M, tera:Normal|100\/100\n|move|p2a: Jynx|Calm Mind|p2a: Jynx\n|-boost|p2a: Jynx|spa|1\n|-boost|p2a: Jynx|spd|1\n|\n|upkeep\n|turn|64\n|l|\u2606Alonsw\n|player|p1|\n|j|\u2606Alonsw\n|player|p1|Alonsw|170\n|\n|t:|1700933914\n|move|p2a: Jynx|Psychic|p1a: Dragonite\n|-damage|p1a: Dragonite|69\/100\n|move|p1a: Dragonite|Dragon Dance|p1a: Dragonite\n|-boost|p1a: Dragonite|atk|1\n|-boost|p1a: Dragonite|spe|1\n|\n|upkeep\n|turn|65\n|\n|t:|1700933943\n|switch|p2a: Muk|Muk, M, shiny|68\/100\n|move|p1a: Dragonite|Fire Punch|p2a: Muk\n|-damage|p2a: Muk|21\/100\n|\n|-heal|p2a: Muk|27\/100|[from] item: Black Sludge\n|upkeep\n|turn|66\n|\n|t:|1700933965\n|move|p1a: Dragonite|Fire Punch|p2a: Muk\n|-damage|p2a: Muk|0 fnt\n|faint|p2a: Muk\n|\n|upkeep\n|\n|t:|1700933996\n|switch|p2a: Venusaur|Venusaur, M, shiny|80\/100\n|turn|67\n|\n|t:|1700934005\n|move|p1a: Dragonite|Fire Punch|p2a: Venusaur\n|-supereffective|p2a: Venusaur\n|-damage|p2a: Venusaur|4\/100\n|move|p2a: Venusaur|Toxic|p1a: Dragonite\n|-status|p1a: Dragonite|tox\n|\n|-damage|p1a: Dragonite|63\/100 tox|[from] psn\n|upkeep\n|turn|68\n|\n|t:|1700934017\n|move|p1a: Dragonite|Fire Punch|p2a: Venusaur\n|-supereffective|p2a: Venusaur\n|-damage|p2a: Venusaur|0 fnt\n|faint|p2a: Venusaur\n|\n|-damage|p1a: Dragonite|51\/100 tox|[from] psn\n|upkeep\n|\n|t:|1700934024\n|switch|p2a: Jynx|Jynx, F, shiny|71\/100\n|turn|69\n|\n|t:|1700934043\n|move|p1a: Dragonite|Fire Punch|p2a: Jynx\n|-supereffective|p2a: Jynx\n|-damage|p2a: Jynx|0 fnt\n|faint|p2a: Jynx\n|\n|win|Alonsw\n","uploadtime":1700934135,"views":0,"p1id":"alonsw","p2id":"zamudio011","formatid":"gen9nationaldex","rating":0,"private":0,"password":""}