{"id":"gen9nationaldex-1999264174","p1":"Blackbird_7306","p2":"Zero287","format":"[Gen 9] National Dex","log":"|html|<div class=\"broadcast-blue\"><strong>[Gen 9] National Dex is currently suspecting Sneasler! For information on how to participate check out the <a href=\"https:\/\/www.smogon.com\/forums\/threads\/sv-national-dex-suspect-8-just-dance.3731534\/\">suspect thread<\/a>.<\/strong><\/div>\n|j|\u2606Blackbird_7306\n|j|\u2606Zero287\n|t:|1701052423\n|gametype|singles\n|player|p1|Blackbird_7306|elio|1084\n|player|p2|Zero287|rosa|1147\n|teamsize|p1|6\n|teamsize|p2|6\n|gen|9\n|tier|[Gen 9] National Dex\n|rated|\n|rule|HP Percentage Mod: HP is shown in percentages\n|rule|Endless Battle Clause: Forcing endless battles is banned\n|rule|OHKO Clause: OHKO moves are banned\n|rule|Evasion Clause: Evasion abilities, items, and moves are banned\n|rule|Evasion Abilities Clause: Evasion abilities are banned\n|rule|Evasion Items Clause: Evasion items are banned\n|rule|Evasion Moves Clause: Evasion moves are banned\n|rule|Species Clause: Limit one of each Pok\u00e9mon\n|rule|Sleep Clause Mod: Limit one foe put to sleep\n|clearpoke\n|poke|p1|Ferrothorn, M|\n|poke|p1|Swellow, M|\n|poke|p1|Serperior, F|\n|poke|p1|Snorlax, M|\n|poke|p1|Jolteon, M|\n|poke|p1|Charizard, M|\n|poke|p2|Sneasler, F|\n|poke|p2|Garchomp, F|\n|poke|p2|Rotom-Heat|\n|poke|p2|Gastrodon, F|\n|poke|p2|Togekiss, M|\n|poke|p2|Spiritomb, M|\n|teampreview\n|\n|t:|1701052446\n|start\n|switch|p1a: Swellow|Swellow, M|100\/100\n|switch|p2a: Spiritomb|Spiritomb, M|100\/100\n|turn|1\n|\n|t:|1701052463\n|switch|p2a: Rotom|Rotom-Heat|100\/100\n|move|p1a: Swellow|Protect||[still]\n|-fail|p1a: Swellow\n|\n|-status|p1a: Swellow|brn|[from] item: Flame Orb\n|upkeep\n|turn|2\n|\n|t:|1701052475\n|move|p1a: Swellow|U-turn|p2a: Rotom\n|-resisted|p2a: Rotom\n|-damage|p2a: Rotom|87\/100\n|\n|t:|1701052481\n|switch|p1a: Snorlax|Snorlax, M, shiny|100\/100|[from] U-turn\n|move|p2a: Rotom|Volt Switch|p1a: Snorlax\n|-damage|p1a: Snorlax|87\/100\n|\n|t:|1701052487\n|switch|p2a: Togekiss|Togekiss, M|100\/100|[from] Volt Switch\n|\n|upkeep\n|turn|3\n|\n|t:|1701052493\n|switch|p1a: Ferrothorn|Ferrothorn, M|100\/100\n|move|p2a: Togekiss|Aura Sphere|p1a: Ferrothorn\n|-supereffective|p1a: Ferrothorn\n|-damage|p1a: Ferrothorn|49\/100\n|-damage|p2a: Togekiss|91\/100|[from] item: Life Orb\n|\n|-heal|p1a: Ferrothorn|55\/100|[from] item: Leftovers\n|upkeep\n|turn|4\n|\n|t:|1701052501\n|move|p2a: Togekiss|Aura Sphere|p1a: Ferrothorn\n|-supereffective|p1a: Ferrothorn\n|-damage|p1a: Ferrothorn|0 fnt\n|faint|p1a: Ferrothorn\n|-damage|p2a: Togekiss|81\/100|[from] item: Life Orb\n|\n|upkeep\n|\n|t:|1701052514\n|switch|p1a: Jolteon|Jolteon, M|100\/100\n|turn|5\n|\n|t:|1701052524\n|switch|p2a: Natalia|Garchomp, F|100\/100\n|move|p1a: Jolteon|Hidden Power|p2a: Natalia\n|-supereffective|p2a: Natalia\n|-damage|p2a: Natalia|0 fnt\n|faint|p2a: Natalia\n|-damage|p1a: Jolteon|91\/100|[from] item: Life Orb\n|\n|upkeep\n|\n|t:|1701052533\n|switch|p2a: Gastrodon|Gastrodon, F|100\/100\n|turn|6\n|\n|t:|1701052538\n|move|p1a: Jolteon|Shadow Ball|p2a: Gastrodon\n|-damage|p2a: Gastrodon|79\/100\n|-damage|p1a: Jolteon|81\/100|[from] item: Life Orb\n|move|p2a: Gastrodon|Earth Power|p1a: Jolteon\n|-supereffective|p1a: Jolteon\n|-damage|p1a: Jolteon|5\/100\n|\n|-heal|p2a: Gastrodon|85\/100|[from] item: Leftovers\n|upkeep\n|turn|7\n|\n|t:|1701052548\n|switch|p1a: Serperior|Serperior, F|100\/100\n|move|p2a: Gastrodon|Scald|p1a: Serperior\n|-resisted|p1a: Serperior\n|-damage|p1a: Serperior|85\/100\n|\n|-heal|p2a: Gastrodon|91\/100|[from] item: Leftovers\n|upkeep\n|turn|8\n|\n|t:|1701052559\n|switch|p2a: Togekiss|Togekiss, M|81\/100\n|move|p1a: Serperior|Substitute|p1a: Serperior\n|-start|p1a: Serperior|Substitute\n|-damage|p1a: Serperior|60\/100\n|\n|upkeep\n|turn|9\n|\n|t:|1701052565\n|move|p1a: Serperior|Leaf Storm|p2a: Togekiss\n|-resisted|p2a: Togekiss\n|-damage|p2a: Togekiss|55\/100\n|-boost|p1a: Serperior|spa|2\n|-damage|p1a: Serperior|50\/100|[from] item: Life Orb\n|move|p2a: Togekiss|Air Slash|p1a: Serperior\n|-supereffective|p1a: Serperior\n|-end|p1a: Serperior|Substitute\n|-damage|p2a: Togekiss|46\/100|[from] item: Life Orb\n|\n|upkeep\n|turn|10\n|\n|t:|1701052576\n|move|p1a: Serperior|Hidden Power|p2a: Togekiss\n|-supereffective|p2a: Togekiss\n|-damage|p2a: Togekiss|0 fnt\n|faint|p2a: Togekiss\n|-damage|p1a: Serperior|40\/100|[from] item: Life Orb\n|\n|upkeep\n|\n|t:|1701052582\n|switch|p2a: Rotom|Rotom-Heat|87\/100\n|turn|11\n|\n|t:|1701052599\n|move|p1a: Serperior|Leaf Storm|p2a: Rotom\n|-resisted|p2a: Rotom\n|-damage|p2a: Rotom|30\/100\n|-boost|p1a: Serperior|spa|2\n|-enditem|p2a: Rotom|Sitrus Berry|[eat]\n|-heal|p2a: Rotom|55\/100|[from] item: Sitrus Berry\n|-damage|p1a: Serperior|30\/100|[from] item: Life Orb\n|move|p2a: Rotom|Overheat|p1a: Serperior\n|-supereffective|p1a: Serperior\n|-damage|p1a: Serperior|0 fnt\n|-unboost|p2a: Rotom|spa|2\n|faint|p1a: Serperior\n|\n|upkeep\n|\n|t:|1701052604\n|switch|p1a: Charizard|Charizard, M|100\/100\n|turn|12\n|\n|t:|1701052614\n|detailschange|p1a: Charizard|Charizard-Mega-X, M\n|-mega|p1a: Charizard|Charizard|Charizardite X\n|move|p1a: Charizard|Dragon Dance|p1a: Charizard\n|-boost|p1a: Charizard|atk|1\n|-boost|p1a: Charizard|spe|1\n|move|p2a: Rotom|Volt Switch|p1a: Charizard\n|-resisted|p1a: Charizard\n|-damage|p1a: Charizard|93\/100\n|\n|t:|1701052629\n|switch|p2a: Gastrodon|Gastrodon, F|91\/100|[from] Volt Switch\n|\n|-heal|p2a: Gastrodon|97\/100|[from] item: Leftovers\n|upkeep\n|turn|13\n|\n|t:|1701052635\n|move|p1a: Charizard|Flare Blitz|p2a: Gastrodon\n|-resisted|p2a: Gastrodon\n|-damage|p2a: Gastrodon|30\/100\n|-damage|p1a: Charizard|67\/100|[from] Recoil\n|move|p2a: Gastrodon|Ice Beam|p1a: Charizard\n|-damage|p1a: Charizard|46\/100\n|\n|-heal|p2a: Gastrodon|36\/100|[from] item: Leftovers\n|upkeep\n|turn|14\n|\n|t:|1701052648\n|move|p1a: Charizard|Flare Blitz|p2a: Gastrodon\n|-resisted|p2a: Gastrodon\n|-damage|p2a: Gastrodon|0 fnt\n|faint|p2a: Gastrodon\n|-damage|p1a: Charizard|32\/100|[from] Recoil\n|\n|upkeep\n|\n|t:|1701052655\n|switch|p2a: Elisa|Sneasler, F|100\/100\n|turn|15\n|\n|t:|1701052663\n|move|p1a: Charizard|Earthquake|p2a: Elisa\n|-supereffective|p2a: Elisa\n|-damage|p2a: Elisa|0 fnt\n|faint|p2a: Elisa\n|\n|upkeep\n|\n|t:|1701052670\n|switch|p2a: Rotom|Rotom-Heat|55\/100\n|turn|16\n|\n|t:|1701052675\n|move|p1a: Charizard|Dragon Dance|p1a: Charizard\n|-boost|p1a: Charizard|atk|1\n|-boost|p1a: Charizard|spe|1\n|move|p2a: Rotom|Volt Switch|p1a: Charizard\n|-resisted|p1a: Charizard\n|-damage|p1a: Charizard|17\/100\n|\n|t:|1701052682\n|switch|p2a: Spiritomb|Spiritomb, M|100\/100|[from] Volt Switch\n|\n|upkeep\n|turn|17\n|\n|t:|1701052689\n|move|p1a: Charizard|Earthquake|p2a: Spiritomb\n|-damage|p2a: Spiritomb|24\/100\n|move|p2a: Spiritomb|Foul Play|p1a: Charizard\n|-crit|p1a: Charizard\n|-damage|p1a: Charizard|0 fnt\n|faint|p1a: Charizard\n|\n|upkeep\n|\n|t:|1701052692\n|switch|p1a: Jolteon|Jolteon, M|5\/100\n|turn|18\n|\n|t:|1701052698\n|move|p2a: Spiritomb|Shadow Sneak|p1a: Jolteon\n|-damage|p1a: Jolteon|0 fnt\n|faint|p1a: Jolteon\n|\n|upkeep\n|\n|t:|1701052703\n|switch|p1a: Swellow|Swellow, M|100\/100 brn\n|turn|19\n|\n|t:|1701052708\n|move|p2a: Spiritomb|Sucker Punch|p1a: Swellow\n|-damage|p1a: Swellow|39\/100 brn\n|move|p1a: Swellow|U-turn|p2a: Spiritomb\n|-damage|p2a: Spiritomb|0 fnt\n|faint|p2a: Spiritomb\n|\n|t:|1701052713\n|switch|p1a: Snorlax|Snorlax, M, shiny|87\/100|[from] U-turn\n|\n|upkeep\n|\n|t:|1701052717\n|switch|p2a: Rotom|Rotom-Heat|55\/100\n|turn|20\n|\n|t:|1701052722\n|move|p2a: Rotom|Toxic|p1a: Snorlax\n|-status|p1a: Snorlax|tox\n|move|p1a: Snorlax|Curse|p1a: Snorlax\n|-unboost|p1a: Snorlax|spe|1\n|-boost|p1a: Snorlax|atk|1\n|-boost|p1a: Snorlax|def|1\n|\n|-damage|p1a: Snorlax|81\/100 tox|[from] psn\n|upkeep\n|turn|21\n|\n|t:|1701052731\n|move|p2a: Rotom|Volt Switch|p1a: Snorlax\n|-damage|p1a: Snorlax|68\/100 tox\n|move|p1a: Snorlax|Curse|p1a: Snorlax\n|-unboost|p1a: Snorlax|spe|1\n|-boost|p1a: Snorlax|atk|1\n|-boost|p1a: Snorlax|def|1\n|\n|-damage|p1a: Snorlax|56\/100 tox|[from] psn\n|upkeep\n|turn|22\n|\n|t:|1701052740\n|move|p2a: Rotom|Volt Switch|p1a: Snorlax\n|-damage|p1a: Snorlax|41\/100 tox\n|move|p1a: Snorlax|Rest|p1a: Snorlax\n|-status|p1a: Snorlax|slp|[from] move: Rest\n|-heal|p1a: Snorlax|100\/100 slp|[silent]\n|-enditem|p1a: Snorlax|Chesto Berry|[eat]\n|-curestatus|p1a: Snorlax|slp|[msg]\n|\n|upkeep\n|turn|23\n|\n|t:|1701052749\n|move|p2a: Rotom|Overheat|p1a: Snorlax\n|-damage|p1a: Snorlax|87\/100\n|-unboost|p2a: Rotom|spa|2\n|move|p1a: Snorlax|Return|p2a: Rotom\n|-damage|p2a: Rotom|0 fnt\n|faint|p2a: Rotom\n|\n|win|Blackbird_7306\n|raw|Blackbird_7306's rating: 1084 &rarr; <strong>1116<\/strong><br \/>(+32 for winning)\n|raw|Zero287's rating: 1147 &rarr; <strong>1118<\/strong><br \/>(-29 for losing)\n|c|\u2606Blackbird_7306|gg\n|l|\u2606Zero287\n","uploadtime":1701052767,"views":3,"p1id":"blackbird7306","p2id":"zero287","formatid":"gen9nationaldex","rating":1116,"private":0,"password":""}