{"id":"gen9nationaldex-1987986583","p1":"Sylveon(404)","p2":"RARMolina","format":"[Gen 9] National Dex","log":"|j|\u2606Sylveon(404)\n|j|\u2606RARMolina\n|t:|1699656186\n|gametype|singles\n|player|p1|Sylveon(404)|serena|\n|player|p2|RARMolina|nessa|\n|teamsize|p1|6\n|teamsize|p2|6\n|gen|9\n|tier|[Gen 9] National Dex\n|rule|HP Percentage Mod: HP is shown in percentages\n|rule|Endless Battle Clause: Forcing endless battles is banned\n|rule|OHKO Clause: OHKO moves are banned\n|rule|Evasion Clause: Evasion abilities, items, and moves are banned\n|rule|Evasion Abilities Clause: Evasion abilities are banned\n|rule|Evasion Items Clause: Evasion items are banned\n|rule|Evasion Moves Clause: Evasion moves are banned\n|rule|Species Clause: Limit one of each Pok\u00e9mon\n|rule|Sleep Clause Mod: Limit one foe put to sleep\n|clearpoke\n|poke|p1|Corviknight, M|\n|poke|p1|Dragonite, M|\n|poke|p1|Iron Jugulis|\n|poke|p1|Togekiss, M|\n|poke|p1|Gliscor, M|\n|poke|p1|Umbreon, M|\n|poke|p2|Empoleon, M|\n|poke|p2|Garchomp, M|\n|poke|p2|Pelipper, M|\n|poke|p2|Jellicent, F|\n|poke|p2|Golisopod, M|\n|poke|p2|Swampert, F|\n|teampreview\n|c|\u2606RARMolina|Venga\n|c|\u2606RARMolina|Es hora\n|c|\u2606RARMolina|Del dudududududu\n|c|\u2606RARMolina|Duelo\n|c|\u2606Sylveon(404)|XDDD\n|c|\u2606Sylveon(404)|yugioh\n|c|\u2606Sylveon(404)|waos\n|\n|t:|1699656247\n|start\n|switch|p1a: barni|Dragonite, M|100\/100\n|switch|p2a: Weater report|Pelipper, M|100\/100\n|-weather|RainDance|[from] ability: Drizzle|[of] p2a: Weater report\n|turn|1\n|\n|t:|1699656255\n|move|p1a: barni|Dragon Dance|p1a: barni\n|-boost|p1a: barni|atk|1\n|-boost|p1a: barni|spe|1\n|move|p2a: Weater report|U-turn|p1a: barni\n|-resisted|p1a: barni\n|-damage|p1a: barni|98\/100\n|\n|t:|1699656261\n|switch|p2a: Jatziri|Swampert, F|100\/100|[from] U-turn\n|\n|-weather|RainDance|[upkeep]\n|upkeep\n|turn|2\n|\n|t:|1699656266\n|detailschange|p2a: Jatziri|Swampert-Mega, F\n|-mega|p2a: Jatziri|Swampert|Swampertite\n|-terastallize|p1a: barni|Normal\n|move|p2a: Jatziri|Waterfall|p1a: barni\n|-damage|p1a: barni|25\/100\n|move|p1a: barni|Dragon Dance|p1a: barni\n|-boost|p1a: barni|atk|1\n|-boost|p1a: barni|spe|1\n|\n|-weather|RainDance|[upkeep]\n|upkeep\n|turn|3\n|\n|t:|1699656276\n|move|p1a: barni|Dual Wingbeat|p2a: Jatziri\n|-damage|p2a: Jatziri|63\/100\n|-damage|p2a: Jatziri|23\/100\n|-hitcount|p2a: Jatziri|2\n|move|p2a: Jatziri|Waterfall|p1a: barni\n|-damage|p1a: barni|0 fnt\n|faint|p1a: barni\n|\n|-weather|RainDance|[upkeep]\n|upkeep\n|\n|t:|1699656287\n|switch|p1a: night bird|Corviknight, M|100\/100\n|turn|4\n|j| WSoldat\n|\n|t:|1699656313\n|move|p2a: Jatziri|Waterfall|p1a: night bird\n|-damage|p1a: night bird|43\/100\n|move|p1a: night bird|Iron Defense|p1a: night bird\n|-boost|p1a: night bird|def|2\n|\n|-weather|RainDance|[upkeep]\n|-heal|p1a: night bird|49\/100|[from] item: Leftovers\n|upkeep\n|turn|5\n|\n|t:|1699656330\n|move|p2a: Jatziri|Flip Turn|p1a: night bird\n|-damage|p1a: night bird|27\/100\n|\n|t:|1699656335\n|switch|p2a: Srta. Tess|Jellicent, F|100\/100|[from] Flip Turn\n|move|p1a: night bird|Roost|p1a: night bird\n|-heal|p1a: night bird|77\/100\n|-singleturn|p1a: night bird|move: Roost\n|\n|-weather|RainDance|[upkeep]\n|-heal|p1a: night bird|83\/100|[from] item: Leftovers\n|upkeep\n|turn|6\n|\n|t:|1699656350\n|switch|p1a: moon the umbreon|Umbreon, M, shiny|100\/100\n|move|p2a: Srta. Tess|Taunt|p1a: moon the umbreon\n|-start|p1a: moon the umbreon|move: Taunt\n|\n|-weather|RainDance|[upkeep]\n|upkeep\n|turn|7\n|\n|t:|1699656366\n|move|p1a: moon the umbreon|Foul Play|p2a: Srta. Tess\n|-supereffective|p2a: Srta. Tess\n|-damage|p2a: Srta. Tess|74\/100\n|move|p2a: Srta. Tess|Scald|p1a: moon the umbreon\n|-damage|p1a: moon the umbreon|75\/100\n|\n|-weather|RainDance|[upkeep]\n|-heal|p1a: moon the umbreon|81\/100|[from] item: Leftovers\n|-heal|p2a: Srta. Tess|80\/100|[from] item: Leftovers\n|upkeep\n|turn|8\n|\n|t:|1699656389\n|switch|p1a: ferro cuelludo|Iron Jugulis|100\/100\n|-enditem|p1a: ferro cuelludo|Booster Energy\n|-activate|p1a: ferro cuelludo|ability: Quark Drive|[fromitem]\n|-start|p1a: ferro cuelludo|quarkdrivespe\n|move|p2a: Srta. Tess|Scald|p1a: ferro cuelludo\n|-damage|p1a: ferro cuelludo|54\/100\n|\n|-weather|none\n|-heal|p2a: Srta. Tess|86\/100|[from] item: Leftovers\n|upkeep\n|turn|9\n|\n|t:|1699656399\n|move|p1a: ferro cuelludo|Hurricane|p2a: Srta. Tess|[miss]\n|-miss|p1a: ferro cuelludo|p2a: Srta. Tess\n|move|p2a: Srta. Tess|Scald|p1a: ferro cuelludo\n|-damage|p1a: ferro cuelludo|26\/100\n|\n|-heal|p2a: Srta. Tess|92\/100|[from] item: Leftovers\n|upkeep\n|turn|10\n|\n|t:|1699656407\n|move|p1a: ferro cuelludo|Dark Pulse|p2a: Srta. Tess\n|-supereffective|p2a: Srta. Tess\n|-damage|p2a: Srta. Tess|32\/100\n|-start|p1a: ferro cuelludo|Disable|Dark Pulse|[from] ability: Cursed Body|[of] p2a: Srta. Tess\n|move|p2a: Srta. Tess|Scald|p1a: ferro cuelludo\n|-damage|p1a: ferro cuelludo|0 fnt\n|faint|p1a: ferro cuelludo\n|-end|p1a: ferro cuelludo|Quark Drive|[silent]\n|\n|-heal|p2a: Srta. Tess|38\/100|[from] item: Leftovers\n|upkeep\n|j| AjoFC\n|\n|t:|1699656426\n|switch|p1a: dracula|Gliscor, M|100\/100\n|turn|11\n|\n|t:|1699656432\n|switch|p2a: Weater report|Pelipper, M|100\/100\n|-weather|RainDance|[from] ability: Drizzle|[of] p2a: Weater report\n|move|p1a: dracula|Earthquake|p2a: Weater report\n|-immune|p2a: Weater report\n|\n|-weather|RainDance|[upkeep]\n|-status|p1a: dracula|tox|[from] item: Toxic Orb\n|upkeep\n|turn|12\n|\n|t:|1699656445\n|switch|p1a: el yisus|Togekiss, M|100\/100\n|move|p2a: Weater report|U-turn|p1a: el yisus\n|-resisted|p1a: el yisus\n|-damage|p1a: el yisus|99\/100\n|\n|t:|1699656453\n|switch|p2a: Jatziri|Swampert-Mega, F|23\/100|[from] U-turn\n|\n|-weather|RainDance|[upkeep]\n|upkeep\n|turn|13\n|\n|t:|1699656460\n|move|p2a: Jatziri|Flip Turn|p1a: el yisus\n|-damage|p1a: el yisus|55\/100\n|c|\u2606RARMolina|Este combate va por ti ajo\n|\n|t:|1699656473\n|switch|p2a: Poseidon|Empoleon, M|100\/100|[from] Flip Turn\n|move|p1a: el yisus|Dazzling Gleam|p2a: Poseidon\n|-resisted|p2a: Poseidon\n|-damage|p2a: Poseidon|85\/100\n|\n|-weather|RainDance|[upkeep]\n|upkeep\n|turn|14\n|\n|t:|1699656480\n|move|p2a: Poseidon|Flash Cannon|p1a: el yisus\n|-supereffective|p1a: el yisus\n|-damage|p1a: el yisus|0 fnt\n|faint|p1a: el yisus\n|\n|-weather|RainDance|[upkeep]\n|upkeep\n|\n|t:|1699656485\n|switch|p1a: dracula|Gliscor, M|100\/100 tox\n|turn|15\n|\n|t:|1699656489\n|-terastallize|p2a: Poseidon|Flying\n|move|p1a: dracula|Swords Dance|p1a: dracula\n|-boost|p1a: dracula|atk|2\n|move|p2a: Poseidon|Ice Beam|p1a: dracula\n|-supereffective|p1a: dracula\n|-damage|p1a: dracula|0 fnt\n|faint|p1a: dracula\n|\n|-weather|RainDance|[upkeep]\n|upkeep\n|\n|t:|1699656498\n|switch|p1a: moon the umbreon|Umbreon, M, shiny|81\/100\n|turn|16\n|c| AjoFC|Joder esto si es cine\n|\n|t:|1699656506\n|switch|p2a: Weater report|Pelipper, M|100\/100\n|move|p1a: moon the umbreon|Toxic|p2a: Weater report\n|-status|p2a: Weater report|tox\n|\n|-weather|RainDance|[upkeep]\n|-heal|p1a: moon the umbreon|87\/100|[from] item: Leftovers\n|-damage|p2a: Weater report|94\/100 tox|[from] psn\n|upkeep\n|turn|17\n|\n|t:|1699656514\n|move|p1a: moon the umbreon|Protect|p1a: moon the umbreon\n|-singleturn|p1a: moon the umbreon|Protect\n|move|p2a: Weater report|Knock Off|p1a: moon the umbreon\n|-activate|p1a: moon the umbreon|move: Protect\n|\n|-weather|RainDance|[upkeep]\n|-heal|p1a: moon the umbreon|93\/100|[from] item: Leftovers\n|-damage|p2a: Weater report|82\/100 tox|[from] psn\n|upkeep\n|turn|18\n|\n|t:|1699656522\n|switch|p1a: night bird|Corviknight, M|83\/100\n|move|p2a: Weater report|Knock Off|p1a: night bird\n|-damage|p1a: night bird|74\/100\n|-enditem|p1a: night bird|Leftovers|[from] move: Knock Off|[of] p2a: Weater report\n|\n|-weather|none\n|-damage|p2a: Weater report|63\/100 tox|[from] psn\n|upkeep\n|turn|19\n|\n|t:|1699656531\n|switch|p2a: Poseidon|Empoleon, M, tera:Flying|85\/100\n|move|p1a: night bird|Iron Defense|p1a: night bird\n|-boost|p1a: night bird|def|2\n|\n|upkeep\n|turn|20\n|\n|t:|1699656537\n|switch|p2a: Weater report|Pelipper, M|63\/100 tox\n|-weather|RainDance|[from] ability: Drizzle|[of] p2a: Weater report\n|move|p1a: night bird|Body Press|p2a: Weater report\n|-resisted|p2a: Weater report\n|-damage|p2a: Weater report|46\/100 tox\n|\n|-weather|RainDance|[upkeep]\n|-damage|p2a: Weater report|40\/100 tox|[from] psn\n|upkeep\n|turn|21\n|\n|t:|1699656547\n|move|p1a: night bird|Drill Peck|p2a: Weater report\n|-damage|p2a: Weater report|23\/100 tox\n|move|p2a: Weater report|U-turn|p1a: night bird\n|-resisted|p1a: night bird\n|-damage|p1a: night bird|73\/100\n|\n|t:|1699656551\n|switch|p2a: Jatziri|Swampert-Mega, F|23\/100|[from] U-turn\n|\n|-weather|RainDance|[upkeep]\n|upkeep\n|turn|22\n|\n|t:|1699656558\n|move|p2a: Jatziri|Waterfall|p1a: night bird\n|-damage|p1a: night bird|46\/100\n|move|p1a: night bird|Iron Defense|p1a: night bird\n|-boost|p1a: night bird|def|2\n|\n|-weather|RainDance|[upkeep]\n|upkeep\n|turn|23\n|\n|t:|1699656564\n|move|p2a: Jatziri|Waterfall|p1a: night bird\n|-damage|p1a: night bird|27\/100\n|move|p1a: night bird|Roost|p1a: night bird\n|-heal|p1a: night bird|77\/100\n|-singleturn|p1a: night bird|move: Roost\n|\n|-weather|RainDance|[upkeep]\n|upkeep\n|turn|24\n|\n|t:|1699656572\n|move|p2a: Jatziri|Flip Turn|p1a: night bird\n|-damage|p1a: night bird|64\/100\n|\n|t:|1699656575\n|switch|p2a: Srta. Tess|Jellicent, F|38\/100|[from] Flip Turn\n|move|p1a: night bird|Iron Defense|p1a: night bird\n|-boost|p1a: night bird|def|2\n|\n|-weather|RainDance|[upkeep]\n|-heal|p2a: Srta. Tess|44\/100|[from] item: Leftovers\n|upkeep\n|turn|25\n|\n|t:|1699656583\n|move|p1a: night bird|Roost|p1a: night bird\n|-heal|p1a: night bird|100\/100\n|-singleturn|p1a: night bird|move: Roost\n|move|p2a: Srta. Tess|Recover|p2a: Srta. Tess\n|-heal|p2a: Srta. Tess|94\/100\n|\n|-weather|RainDance|[upkeep]\n|-heal|p2a: Srta. Tess|99\/100|[from] item: Leftovers\n|upkeep\n|turn|26\n|\n|t:|1699656592\n|move|p1a: night bird|Drill Peck|p2a: Srta. Tess\n|-damage|p2a: Srta. Tess|78\/100\n|move|p2a: Srta. Tess|Taunt|p1a: night bird\n|-start|p1a: night bird|move: Taunt\n|\n|-weather|RainDance|[upkeep]\n|-heal|p2a: Srta. Tess|84\/100|[from] item: Leftovers\n|upkeep\n|turn|27\n|\n|t:|1699656598\n|move|p1a: night bird|Drill Peck|p2a: Srta. Tess\n|-damage|p2a: Srta. Tess|61\/100\n|-start|p1a: night bird|Disable|Drill Peck|[from] ability: Cursed Body|[of] p2a: Srta. Tess\n|move|p2a: Srta. Tess|Scald|p1a: night bird\n|-damage|p1a: night bird|70\/100\n|\n|-weather|none\n|-heal|p2a: Srta. Tess|67\/100|[from] item: Leftovers\n|upkeep\n|turn|28\n|\n|t:|1699656609\n|switch|p1a: moon the umbreon|Umbreon, M, shiny|93\/100\n|move|p2a: Srta. Tess|Scald|p1a: moon the umbreon\n|-damage|p1a: moon the umbreon|77\/100\n|\n|-heal|p1a: moon the umbreon|83\/100|[from] item: Leftovers\n|-heal|p2a: Srta. Tess|74\/100|[from] item: Leftovers\n|upkeep\n|turn|29\n|\n|t:|1699656618\n|move|p1a: moon the umbreon|Toxic|p2a: Srta. Tess\n|-status|p2a: Srta. Tess|tox\n|move|p2a: Srta. Tess|Taunt|p1a: moon the umbreon\n|-start|p1a: moon the umbreon|move: Taunt\n|\n|-heal|p1a: moon the umbreon|89\/100|[from] item: Leftovers\n|-heal|p2a: Srta. Tess|80\/100 tox|[from] item: Leftovers\n|-damage|p2a: Srta. Tess|74\/100 tox|[from] psn\n|upkeep\n|turn|30\n|\n|t:|1699656630\n|move|p1a: moon the umbreon|Foul Play|p2a: Srta. Tess\n|-supereffective|p2a: Srta. Tess\n|-damage|p2a: Srta. Tess|47\/100 tox\n|-start|p1a: moon the umbreon|Disable|Foul Play|[from] ability: Cursed Body|[of] p2a: Srta. Tess\n|move|p2a: Srta. Tess|Scald||[still]\n|-damage|p1a: moon the umbreon|72\/100\n|-status|p1a: moon the umbreon|brn\n|-activate|p1a: moon the umbreon|ability: Synchronize\n|-fail|p1a: moon the umbreon\n|\n|-heal|p1a: moon the umbreon|78\/100 brn|[from] item: Leftovers\n|-heal|p2a: Srta. Tess|53\/100 tox|[from] item: Leftovers\n|-damage|p2a: Srta. Tess|41\/100 tox|[from] psn\n|-damage|p1a: moon the umbreon|72\/100 brn|[from] brn\n|upkeep\n|turn|31\n|\n|t:|1699656645\n|switch|p1a: night bird|Corviknight, M|70\/100\n|move|p2a: Srta. Tess|Recover|p2a: Srta. Tess\n|-heal|p2a: Srta. Tess|91\/100 tox\n|\n|-heal|p2a: Srta. Tess|97\/100 tox|[from] item: Leftovers\n|-damage|p2a: Srta. Tess|79\/100 tox|[from] psn\n|upkeep\n|turn|32\n|\n|t:|1699656653\n|move|p1a: night bird|Drill Peck|p2a: Srta. Tess\n|-damage|p2a: Srta. Tess|55\/100 tox\n|-start|p1a: night bird|Disable|Drill Peck|[from] ability: Cursed Body|[of] p2a: Srta. Tess\n|move|p2a: Srta. Tess|Taunt|p1a: night bird\n|-start|p1a: night bird|move: Taunt\n|\n|-heal|p2a: Srta. Tess|61\/100 tox|[from] item: Leftovers\n|-damage|p2a: Srta. Tess|37\/100 tox|[from] psn\n|upkeep\n|turn|33\n|\n|t:|1699656663\n|switch|p1a: moon the umbreon|Umbreon, M, shiny|72\/100 brn\n|move|p2a: Srta. Tess|Scald|p1a: moon the umbreon\n|-damage|p1a: moon the umbreon|54\/100 brn\n|\n|-heal|p1a: moon the umbreon|60\/100 brn|[from] item: Leftovers\n|-heal|p2a: Srta. Tess|43\/100 tox|[from] item: Leftovers\n|-damage|p2a: Srta. Tess|12\/100 tox|[from] psn\n|-damage|p1a: moon the umbreon|54\/100 brn|[from] brn\n|upkeep\n|turn|34\n|c|\u2606RARMolina|ya vengo sylveon\n|c|\u2606RARMolina|Un momento\n|c|\u2606Sylveon(404)|ok\n|l| AjoFC\n|c|\u2606Sylveon(404)|:v\n|c|\u2606RARMolina|Regrese\n|\n|t:|1699657137\n|switch|p2a: Weater report|Pelipper, M|23\/100 tox\n|-weather|RainDance|[from] ability: Drizzle|[of] p2a: Weater report\n|move|p1a: moon the umbreon|Moonlight|p1a: moon the umbreon\n|-heal|p1a: moon the umbreon|79\/100 brn\n|\n|-weather|RainDance|[upkeep]\n|-heal|p1a: moon the umbreon|85\/100 brn|[from] item: Leftovers\n|-damage|p2a: Weater report|17\/100 tox|[from] psn\n|-damage|p1a: moon the umbreon|79\/100 brn|[from] brn\n|upkeep\n|turn|35\n|c|\u2606RARMolina|Sylveon\n|\n|t:|1699657158\n|switch|p1a: night bird|Corviknight, M|70\/100\n|move|p2a: Weater report|U-turn|p1a: night bird\n|-resisted|p1a: night bird\n|-damage|p1a: night bird|69\/100\n|\n|t:|1699657167\n|switch|p2a: Jatziri|Swampert-Mega, F|23\/100|[from] U-turn\n|\n|-weather|RainDance|[upkeep]\n|upkeep\n|turn|36\n|\n|t:|1699657191\n|move|p2a: Jatziri|Waterfall|p1a: night bird\n|-damage|p1a: night bird|14\/100\n|move|p1a: night bird|Roost|p1a: night bird\n|-heal|p1a: night bird|64\/100\n|-singleturn|p1a: night bird|move: Roost\n|\n|-weather|RainDance|[upkeep]\n|upkeep\n|turn|37\n|\n|t:|1699657203\n|move|p2a: Jatziri|Waterfall|p1a: night bird\n|-damage|p1a: night bird|10\/100\n|cant|p1a: night bird|flinch\n|\n|-weather|RainDance|[upkeep]\n|upkeep\n|turn|38\n|c|\u2606Sylveon(404)|...\n|\n|t:|1699657211\n|switch|p1a: moon the umbreon|Umbreon, M, shiny|79\/100 brn\n|move|p2a: Jatziri|Flip Turn|p1a: moon the umbreon\n|-damage|p1a: moon the umbreon|46\/100 brn\n|\n|t:|1699657215\n|switch|p2a: Bocho|Garchomp, M|100\/100|[from] Flip Turn\n|\n|-weather|RainDance|[upkeep]\n|-heal|p1a: moon the umbreon|52\/100 brn|[from] item: Leftovers\n|-damage|p1a: moon the umbreon|46\/100 brn|[from] brn\n|upkeep\n|turn|39\n|\n|t:|1699657225\n|move|p2a: Bocho|Swords Dance|p2a: Bocho\n|-boost|p2a: Bocho|atk|2\n|move|p1a: moon the umbreon|Moonlight|p1a: moon the umbreon\n|-heal|p1a: moon the umbreon|71\/100 brn\n|\n|-weather|RainDance|[upkeep]\n|-heal|p1a: moon the umbreon|77\/100 brn|[from] item: Leftovers\n|-damage|p1a: moon the umbreon|71\/100 brn|[from] brn\n|upkeep\n|turn|40\n|\n|t:|1699657235\n|move|p2a: Bocho|Earthquake|p1a: moon the umbreon\n|-damage|p1a: moon the umbreon|0 fnt\n|faint|p1a: moon the umbreon\n|\n|-weather|RainDance|[upkeep]\n|upkeep\n|c| WSoldat|Oh no ermano\n|\n|t:|1699657240\n|switch|p1a: night bird|Corviknight, M|10\/100\n|turn|41\n|c|\u2606RARMolina|Gg\n|c|\u2606Sylveon(404)|no vale pipip flinch puto\n|c|\u2606RARMolina|Es hora de ir al l\u00edmite bocho\n|\n|t:|1699657265\n|move|p2a: Bocho|Liquidation|p1a: night bird\n|-damage|p1a: night bird|0 fnt\n|faint|p1a: night bird\n|\n|win|RARMolina\n|c|\u2606Sylveon(404)|ggs\n|l|\u2606Sylveon(404)\n","uploadtime":1699657272,"views":13,"p1id":"sylveon404","p2id":"rarmolina","formatid":"gen9nationaldex","rating":0,"private":0,"password":""}