{"id":"gen9nationaldex-1997060777","p1":"Squishy27","p2":"blueobsidian7","format":"[Gen 9] National Dex","log":"|html|<div class=\"broadcast-blue\"><strong>[Gen 9] National Dex is currently suspecting Sneasler! For information on how to participate check out the <a href=\"https:\/\/www.smogon.com\/forums\/threads\/sv-national-dex-suspect-8-just-dance.3731534\/\">suspect thread<\/a>.<\/strong><\/div>\n|j|\u2606Squishy27\n|j|\u2606blueobsidian7\n|t:|1700760550\n|gametype|singles\n|player|p1|Squishy27|ethan|1077\n|player|p2|blueobsidian7|169|1085\n|teamsize|p1|6\n|teamsize|p2|6\n|gen|9\n|tier|[Gen 9] National Dex\n|rated|\n|rule|HP Percentage Mod: HP is shown in percentages\n|rule|Endless Battle Clause: Forcing endless battles is banned\n|rule|OHKO Clause: OHKO moves are banned\n|rule|Evasion Clause: Evasion abilities, items, and moves are banned\n|rule|Evasion Abilities Clause: Evasion abilities are banned\n|rule|Evasion Items Clause: Evasion items are banned\n|rule|Evasion Moves Clause: Evasion moves are banned\n|rule|Species Clause: Limit one of each Pok\u00e9mon\n|rule|Sleep Clause Mod: Limit one foe put to sleep\n|clearpoke\n|poke|p1|Scovillain, F|\n|poke|p1|Sneasler, M|\n|poke|p1|Lopunny, F|\n|poke|p1|Eiscue, M|\n|poke|p1|Alomomola, F|\n|poke|p1|Indeedee-F, F|\n|poke|p2|Ogerpon-Wellspring, F|\n|poke|p2|Ninetales-Alola, F|\n|poke|p2|Great Tusk|\n|poke|p2|Moltres|\n|poke|p2|Nidoqueen, F|\n|poke|p2|Meowscarada, F|\n|teampreview\n|\n|t:|1700760553\n|start\n|switch|p1a: Scovillain|Scovillain, F, shiny|100\/100\n|switch|p2a: Im just ken|Nidoqueen, F, shiny|100\/100\n|turn|1\n|\n|t:|1700760578\n|move|p1a: Scovillain|Protect|p1a: Scovillain\n|-singleturn|p1a: Scovillain|Protect\n|move|p2a: Im just ken|Sludge Wave|p1a: Scovillain\n|-activate|p1a: Scovillain|move: Protect\n|\n|upkeep\n|turn|2\n|\n|t:|1700760589\n|move|p2a: Im just ken|Earth Power|p1a: Scovillain\n|-damage|p1a: Scovillain|18\/100\n|move|p1a: Scovillain|Leech Seed|p2a: Im just ken\n|-start|p2a: Im just ken|move: Leech Seed\n|\n|-heal|p1a: Scovillain|24\/100|[from] item: Leftovers\n|-damage|p2a: Im just ken|88\/100|[from] Leech Seed|[of] p1a: Scovillain\n|-heal|p1a: Scovillain|36\/100|[silent]\n|upkeep\n|turn|3\n|\n|t:|1700760597\n|move|p1a: Scovillain|Protect|p1a: Scovillain\n|-singleturn|p1a: Scovillain|Protect\n|move|p2a: Im just ken|Sludge Wave|p1a: Scovillain\n|-activate|p1a: Scovillain|move: Protect\n|\n|-heal|p1a: Scovillain|42\/100|[from] item: Leftovers\n|-damage|p2a: Im just ken|76\/100|[from] Leech Seed|[of] p1a: Scovillain\n|-heal|p1a: Scovillain|54\/100|[silent]\n|upkeep\n|turn|4\n|\n|t:|1700760605\n|move|p2a: Im just ken|Sludge Wave|p1a: Scovillain\n|-supereffective|p1a: Scovillain\n|-damage|p1a: Scovillain|0 fnt\n|faint|p1a: Scovillain\n|\n|upkeep\n|\n|t:|1700760615\n|switch|p1a: Lopunny|Lopunny, F, shiny|100\/100\n|turn|5\n|\n|t:|1700760619\n|detailschange|p1a: Lopunny|Lopunny-Mega, F, shiny\n|-mega|p1a: Lopunny|Lopunny|Lopunnite\n|move|p1a: Lopunny|Fake Out|p2a: Im just ken\n|-damage|p2a: Im just ken|48\/100\n|cant|p2a: Im just ken|flinch\n|\n|-damage|p2a: Im just ken|36\/100|[from] Leech Seed|[of] p1a: Lopunny\n|upkeep\n|turn|6\n|\n|t:|1700760628\n|move|p1a: Lopunny|Return|p2a: Im just ken\n|-damage|p2a: Im just ken|0 fnt\n|faint|p2a: Im just ken\n|\n|upkeep\n|\n|t:|1700760666\n|switch|p2a: blonde fragility|Ninetales-Alola, F|100\/100\n|-weather|Snow|[from] ability: Snow Warning|[of] p2a: blonde fragility\n|turn|7\n|\n|t:|1700760683\n|move|p1a: Lopunny|U-turn|p2a: blonde fragility\n|-resisted|p2a: blonde fragility\n|-damage|p2a: blonde fragility|90\/100\n|\n|t:|1700760687\n|switch|p1a: Eiscue|Eiscue, M, shiny|100\/100|[from] U-turn\n|move|p2a: blonde fragility|Aurora Veil|p2a: blonde fragility\n|-sidestart|p2: blueobsidian7|move: Aurora Veil\n|\n|-weather|Snow|[upkeep]\n|upkeep\n|turn|8\n|\n|t:|1700760694\n|move|p2a: blonde fragility|Moonblast|p1a: Eiscue\n|-damage|p1a: Eiscue|64\/100\n|move|p1a: Eiscue|Belly Drum|p1a: Eiscue\n|-damage|p1a: Eiscue|14\/100\n|-setboost|p1a: Eiscue|atk|6|[from] move: Belly Drum\n|\n|-weather|Snow|[upkeep]\n|upkeep\n|turn|9\n|\n|t:|1700760702\n|move|p2a: blonde fragility|Moonblast|p1a: Eiscue\n|-damage|p1a: Eiscue|0 fnt\n|faint|p1a: Eiscue\n|\n|-weather|Snow|[upkeep]\n|upkeep\n|\n|t:|1700760708\n|switch|p1a: Lopunny|Lopunny-Mega, F, shiny|100\/100\n|turn|10\n|\n|t:|1700760711\n|move|p1a: Lopunny|Fake Out|p2a: blonde fragility\n|-damage|p2a: blonde fragility|80\/100\n|cant|p2a: blonde fragility|flinch\n|\n|-weather|Snow|[upkeep]\n|upkeep\n|turn|11\n|\n|t:|1700760719\n|move|p1a: Lopunny|U-turn|p2a: blonde fragility\n|-resisted|p2a: blonde fragility\n|-damage|p2a: blonde fragility|76\/100\n|\n|t:|1700760723\n|switch|p1a: Alomomola|Alomomola, F, shiny|100\/100|[from] U-turn\n|move|p2a: blonde fragility|Moonblast|p1a: Alomomola\n|-damage|p1a: Alomomola|74\/100\n|\n|-weather|none\n|-heal|p1a: Alomomola|81\/100|[from] item: Leftovers\n|upkeep\n|turn|12\n|\n|t:|1700760734\n|move|p2a: blonde fragility|Freeze-Dry|p1a: Alomomola\n|-supereffective|p1a: Alomomola\n|-damage|p1a: Alomomola|41\/100\n|move|p1a: Alomomola|Toxic|p2a: blonde fragility\n|-status|p2a: blonde fragility|tox\n|\n|-heal|p1a: Alomomola|48\/100|[from] item: Leftovers\n|-damage|p2a: blonde fragility|70\/100 tox|[from] psn\n|upkeep\n|turn|13\n|\n|t:|1700760742\n|move|p2a: blonde fragility|Encore|p1a: Alomomola\n|-start|p1a: Alomomola|Encore\n|move|p1a: Alomomola|Toxic|p2a: blonde fragility\n|-fail|p2a: blonde fragility|tox\n|\n|-heal|p1a: Alomomola|54\/100|[from] item: Leftovers\n|-damage|p2a: blonde fragility|58\/100 tox|[from] psn\n|upkeep\n|turn|14\n|\n|t:|1700760751\n|switch|p1a: Lopunny|Lopunny-Mega, F, shiny|100\/100\n|move|p2a: blonde fragility|Freeze-Dry|p1a: Lopunny\n|-damage|p1a: Lopunny|74\/100\n|\n|-damage|p2a: blonde fragility|39\/100 tox|[from] psn\n|-sideend|p2: blueobsidian7|move: Aurora Veil\n|upkeep\n|turn|15\n|\n|t:|1700760764\n|move|p1a: Lopunny|Fake Out|p2a: blonde fragility\n|-damage|p2a: blonde fragility|12\/100 tox\n|cant|p2a: blonde fragility|flinch\n|\n|-damage|p2a: blonde fragility|0 fnt|[from] psn\n|faint|p2a: blonde fragility\n|upkeep\n|\n|t:|1700760771\n|switch|p2a: i would be a ten|Moltres|100\/100\n|turn|16\n|\n|t:|1700760780\n|move|p1a: Lopunny|U-turn|p2a: i would be a ten\n|-resisted|p2a: i would be a ten\n|-damage|p2a: i would be a ten|93\/100\n|-status|p1a: Lopunny|brn|[from] ability: Flame Body|[of] p2a: i would be a ten\n|\n|t:|1700760785\n|switch|p1a: Alomomola|Alomomola, F, shiny|87\/100|[from] U-turn\n|move|p2a: i would be a ten|Flamethrower|p1a: Alomomola\n|-resisted|p1a: Alomomola\n|-damage|p1a: Alomomola|64\/100\n|\n|-heal|p1a: Alomomola|70\/100|[from] item: Leftovers\n|upkeep\n|turn|17\n|\n|t:|1700760794\n|move|p2a: i would be a ten|U-turn|p1a: Alomomola\n|-damage|p1a: Alomomola|62\/100\n|\n|t:|1700760797\n|switch|p2a: anywhere else|Meowscarada, F|100\/100|[from] U-turn\n|move|p1a: Alomomola|Wish|p1a: Alomomola\n|\n|-heal|p1a: Alomomola|68\/100|[from] item: Leftovers\n|upkeep\n|turn|18\n|\n|t:|1700760805\n|move|p1a: Alomomola|Protect|p1a: Alomomola\n|-singleturn|p1a: Alomomola|Protect\n|move|p2a: anywhere else|Flower Trick|p1a: Alomomola\n|-start|p2a: anywhere else|typechange|Grass|[from] ability: Protean\n|-activate|p1a: Alomomola|move: Protect\n|\n|-heal|p1a: Alomomola|100\/100|[from] move: Wish|[wisher] Alomomola\n|upkeep\n|turn|19\n|\n|t:|1700760820\n|switch|p1a: Lopunny|Lopunny-Mega, F, shiny|74\/100 brn\n|move|p2a: anywhere else|Flower Trick|p1a: Lopunny\n|-crit|p1a: Lopunny\n|-damage|p1a: Lopunny|0 fnt\n|faint|p1a: Lopunny\n|\n|upkeep\n|\n|t:|1700760826\n|switch|p1a: Indeedee|Indeedee-F, F, shiny|100\/100\n|-fieldstart|move: Psychic Terrain|[from] ability: Psychic Surge|[of] p1a: Indeedee\n|turn|20\n|\n|t:|1700760833\n|-terastallize|p1a: Indeedee|Psychic\n|move|p2a: anywhere else|Flower Trick|p1a: Indeedee\n|-crit|p1a: Indeedee\n|-damage|p1a: Indeedee|0 fnt\n|faint|p1a: Indeedee\n|\n|upkeep\n|\n|t:|1700760842\n|switch|p1a: Sneasler|Sneasler, M, shiny|100\/100\n|-item|p1a: Sneasler|Air Balloon\n|turn|21\n|\n|t:|1700760848\n|move|p2a: anywhere else|Flower Trick|p1a: Sneasler\n|-resisted|p1a: Sneasler\n|-crit|p1a: Sneasler\n|-damage|p1a: Sneasler|36\/100\n|-enditem|p1a: Sneasler|Air Balloon\n|move|p1a: Sneasler|Swords Dance|p1a: Sneasler\n|-boost|p1a: Sneasler|atk|2\n|\n|upkeep\n|turn|22\n|\n|t:|1700760856\n|move|p1a: Sneasler|Dire Claw|p2a: anywhere else\n|-supereffective|p2a: anywhere else\n|-damage|p2a: anywhere else|0 fnt\n|faint|p2a: anywhere else\n|\n|upkeep\n|\n|t:|1700760861\n|switch|p2a: destiny to|Great Tusk|100\/100\n|turn|23\n|\n|t:|1700760867\n|move|p1a: Sneasler|Dire Claw|p2a: destiny to\n|-resisted|p2a: destiny to\n|-damage|p2a: destiny to|71\/100\n|-status|p2a: destiny to|psn\n|move|p2a: destiny to|Headlong Rush|p1a: Sneasler\n|-supereffective|p1a: Sneasler\n|-damage|p1a: Sneasler|0 fnt\n|-unboost|p2a: destiny to|def|1\n|-unboost|p2a: destiny to|spd|1\n|faint|p1a: Sneasler\n|\n|-damage|p2a: destiny to|58\/100 psn|[from] psn\n|upkeep\n|\n|t:|1700760877\n|switch|p1a: Alomomola|Alomomola, F, shiny|100\/100\n|turn|24\n|\n|t:|1700760899\n|move|p1a: Alomomola|Protect|p1a: Alomomola\n|-singleturn|p1a: Alomomola|Protect\n|move|p2a: destiny to|Knock Off|p1a: Alomomola\n|-activate|p1a: Alomomola|move: Protect\n|\n|-damage|p2a: destiny to|46\/100 psn|[from] psn\n|-fieldend|move: Psychic Terrain\n|upkeep\n|turn|25\n|\n|t:|1700760909\n|move|p2a: destiny to|Knock Off|p1a: Alomomola\n|-damage|p1a: Alomomola|79\/100\n|-enditem|p1a: Alomomola|Leftovers|[from] move: Knock Off|[of] p2a: destiny to\n|move|p1a: Alomomola|Wish|p1a: Alomomola\n|\n|-damage|p2a: destiny to|34\/100 psn|[from] psn\n|upkeep\n|turn|26\n|\n|t:|1700760918\n|move|p2a: destiny to|Close Combat|p1a: Alomomola\n|-damage|p1a: Alomomola|41\/100\n|-unboost|p2a: destiny to|def|1\n|-unboost|p2a: destiny to|spd|1\n|move|p1a: Alomomola|Flip Turn|p2a: destiny to\n|-supereffective|p2a: destiny to\n|-damage|p2a: destiny to|0 fnt\n|faint|p2a: destiny to\n|-end|p2a: destiny to|Protosynthesis|[silent]\n|\n|-heal|p1a: Alomomola|91\/100|[from] move: Wish|[wisher] Alomomola\n|upkeep\n|\n|t:|1700760928\n|switch|p2a: live a life of|Ogerpon-Wellspring, F|100\/100\n|turn|27\n|\n|t:|1700760934\n|move|p1a: Alomomola|Protect|p1a: Alomomola\n|-singleturn|p1a: Alomomola|Protect\n|move|p2a: live a life of|Swords Dance|p2a: live a life of\n|-boost|p2a: live a life of|atk|2\n|\n|upkeep\n|turn|28\n|\n|t:|1700760943\n|move|p2a: live a life of|Brick Break|p1a: Alomomola\n|-damage|p1a: Alomomola|53\/100\n|move|p1a: Alomomola|Toxic|p2a: live a life of\n|-status|p2a: live a life of|tox\n|\n|-damage|p2a: live a life of|95\/100 tox|[from] psn\n|upkeep\n|turn|29\n|\n|t:|1700760949\n|move|p1a: Alomomola|Protect|p1a: Alomomola\n|-singleturn|p1a: Alomomola|Protect\n|move|p2a: live a life of|Ivy Cudgel|p1a: Alomomola|[anim] Ivy Cudgel Water\n|-activate|p1a: Alomomola|move: Protect\n|\n|-damage|p2a: live a life of|83\/100 tox|[from] psn\n|upkeep\n|turn|30\n|\n|t:|1700760957\n|-terastallize|p2a: live a life of|Water\n|detailschange|p2a: live a life of|Ogerpon-Wellspring-Tera, F, tera:Water\n|-ability|p2a: live a life of|Embody Aspect (Wellspring)|boost\n|-boost|p2a: live a life of|spd|1\n|move|p2a: live a life of|Ivy Cudgel|p1a: Alomomola|[anim] Ivy Cudgel Water\n|-resisted|p1a: Alomomola\n|-damage|p1a: Alomomola|8\/100\n|move|p1a: Alomomola|Wish|p1a: Alomomola\n|\n|-damage|p2a: live a life of|65\/100 tox|[from] psn\n|upkeep\n|turn|31\n|\n|t:|1700760973\n|move|p1a: Alomomola|Protect|p1a: Alomomola\n|-singleturn|p1a: Alomomola|Protect\n|move|p2a: live a life of|Brick Break|p1a: Alomomola\n|-activate|p1a: Alomomola|move: Protect\n|\n|-heal|p1a: Alomomola|58\/100|[from] move: Wish|[wisher] Alomomola\n|-damage|p2a: live a life of|41\/100 tox|[from] psn\n|upkeep\n|turn|32\n|\n|t:|1700760983\n|move|p2a: live a life of|Swords Dance|p2a: live a life of\n|-boost|p2a: live a life of|atk|2\n|move|p1a: Alomomola|Wish|p1a: Alomomola\n|\n|-damage|p2a: live a life of|11\/100 tox|[from] psn\n|upkeep\n|turn|33\n|\n|t:|1700760989\n|move|p1a: Alomomola|Protect|p1a: Alomomola\n|-singleturn|p1a: Alomomola|Protect\n|move|p2a: live a life of|Ivy Cudgel|p1a: Alomomola|[anim] Ivy Cudgel Water\n|-activate|p1a: Alomomola|move: Protect\n|\n|-heal|p1a: Alomomola|100\/100|[from] move: Wish|[wisher] Alomomola\n|-damage|p2a: live a life of|0 fnt|[from] psn\n|faint|p2a: live a life of\n|upkeep\n|-message|blueobsidian7 forfeited.\n|\n|win|Squishy27\n|raw|Squishy27's rating: 1077 &rarr; <strong>1106<\/strong><br \/>(+29 for winning)\n|raw|blueobsidian7's rating: 1085 &rarr; <strong>1062<\/strong><br \/>(-23 for losing)\n|l|\u2606blueobsidian7\n","uploadtime":1700761005,"views":4,"p1id":"squishy27","p2id":"blueobsidian7","formatid":"gen9nationaldex","rating":1062,"private":0,"password":""}