{"id":"gen9nationaldex-1995495560","p1":"Aglio.4x","p2":"Allanubs","format":"[Gen 9] National Dex","log":"|html|<div class=\"broadcast-blue\"><strong>[Gen 9] National Dex is currently suspecting Sneasler! For information on how to participate check out the <a href=\"https:\/\/www.smogon.com\/forums\/threads\/sv-national-dex-suspect-8-just-dance.3731534\/\">suspect thread<\/a>.<\/strong><\/div>\n|j|\u2606Aglio.4x\n|j|\u2606Allanubs\n|t:|1700577021\n|gametype|singles\n|player|p1|Aglio.4x|clair|1323\n|player|p2|Allanubs|101|1282\n|teamsize|p1|6\n|teamsize|p2|6\n|gen|9\n|tier|[Gen 9] National Dex\n|rated|\n|rule|HP Percentage Mod: HP is shown in percentages\n|rule|Endless Battle Clause: Forcing endless battles is banned\n|rule|OHKO Clause: OHKO moves are banned\n|rule|Evasion Clause: Evasion abilities, items, and moves are banned\n|rule|Evasion Abilities Clause: Evasion abilities are banned\n|rule|Evasion Items Clause: Evasion items are banned\n|rule|Evasion Moves Clause: Evasion moves are banned\n|rule|Species Clause: Limit one of each Pok\u00e9mon\n|rule|Sleep Clause Mod: Limit one foe put to sleep\n|clearpoke\n|poke|p1|Aggron, F|\n|poke|p1|Blacephalon|\n|poke|p1|Kleavor, F|\n|poke|p1|Ribombee, F|\n|poke|p1|Meowscarada, F|\n|poke|p1|Salamence, M|\n|poke|p2|Ninetales-Alola, M|\n|poke|p2|Volcarona, F|\n|poke|p2|Zapdos|\n|poke|p2|Garchomp, F|\n|poke|p2|Garganacl, F|\n|poke|p2|Meowscarada, M|\n|teampreview\n|inactive|Battle timer is ON: inactive players will automatically lose when time's up. (requested by Aglio.4x)\n|\n|t:|1700577035\n|start\n|switch|p1a: Kleavor|Kleavor, F|100\/100\n|switch|p2a: Garganacl|Garganacl, F|100\/100\n|-item|p2a: Garganacl|Air Balloon\n|turn|1\n|\n|t:|1700577044\n|move|p1a: Kleavor|Stone Axe|p2a: Garganacl\n|-damage|p2a: Garganacl|71\/100\n|-enditem|p2a: Garganacl|Air Balloon\n|-sidestart|p2: Allanubs|move: Stealth Rock\n|move|p2a: Garganacl|Stealth Rock|p1a: Kleavor\n|-sidestart|p1: Aglio.4x|move: Stealth Rock\n|\n|upkeep\n|turn|2\n|\n|t:|1700577053\n|move|p1a: Kleavor|Swords Dance|p1a: Kleavor\n|-boost|p1a: Kleavor|atk|2\n|move|p2a: Garganacl|Salt Cure|p1a: Kleavor\n|-supereffective|p1a: Kleavor\n|-damage|p1a: Kleavor|74\/100\n|-start|p1a: Kleavor|Salt Cure\n|\n|-heal|p1a: Kleavor|80\/100|[from] item: Leftovers\n|-damage|p1a: Kleavor|67\/100|[from] Salt Cure\n|upkeep\n|turn|3\n|\n|t:|1700577060\n|switch|p2a: Ninetales|Ninetales-Alola, M|100\/100\n|-weather|Snow|[from] ability: Snow Warning|[of] p2a: Ninetales\n|move|p1a: Kleavor|X-Scissor|p2a: Ninetales\n|-resisted|p2a: Ninetales\n|-damage|p2a: Ninetales|38\/100\n|\n|-weather|Snow|[upkeep]\n|-heal|p1a: Kleavor|73\/100|[from] item: Leftovers\n|-damage|p1a: Kleavor|61\/100|[from] Salt Cure\n|upkeep\n|turn|4\n|\n|t:|1700577068\n|move|p2a: Ninetales|Aurora Veil|p2a: Ninetales\n|-sidestart|p2: Allanubs|move: Aurora Veil\n|move|p1a: Kleavor|Stone Axe|p2a: Ninetales|[miss]\n|-miss|p1a: Kleavor|p2a: Ninetales\n|\n|-weather|Snow|[upkeep]\n|-heal|p1a: Kleavor|67\/100|[from] item: Leftovers\n|-damage|p1a: Kleavor|55\/100|[from] Salt Cure\n|upkeep\n|turn|5\n|\n|t:|1700577073\n|switch|p2a: Garganacl|Garganacl, F|71\/100\n|-damage|p2a: Garganacl|58\/100|[from] Stealth Rock\n|move|p1a: Kleavor|Stone Axe|p2a: Garganacl\n|-damage|p2a: Garganacl|28\/100\n|\n|-weather|Snow|[upkeep]\n|-heal|p1a: Kleavor|61\/100|[from] item: Leftovers\n|-damage|p1a: Kleavor|48\/100|[from] Salt Cure\n|upkeep\n|turn|6\n|\n|t:|1700577079\n|move|p1a: Kleavor|Swords Dance|p1a: Kleavor\n|-boost|p1a: Kleavor|atk|2\n|move|p2a: Garganacl|Recover|p2a: Garganacl\n|-heal|p2a: Garganacl|78\/100\n|\n|-weather|Snow|[upkeep]\n|-heal|p1a: Kleavor|54\/100|[from] item: Leftovers\n|-damage|p1a: Kleavor|42\/100|[from] Salt Cure\n|upkeep\n|turn|7\n|\n|t:|1700577084\n|move|p1a: Kleavor|Swords Dance|p1a: Kleavor\n|-boost|p1a: Kleavor|atk|2\n|move|p2a: Garganacl|Salt Cure|p1a: Kleavor\n|-supereffective|p1a: Kleavor\n|-damage|p1a: Kleavor|12\/100\n|\n|-weather|none\n|-heal|p1a: Kleavor|18\/100|[from] item: Leftovers\n|-damage|p1a: Kleavor|5\/100|[from] Salt Cure\n|upkeep\n|turn|8\n|\n|t:|1700577092\n|switch|p1a: Salamence|Salamence, M|100\/100\n|-ability|p1a: Salamence|Intimidate|boost\n|-unboost|p2a: Garganacl|atk|1\n|move|p2a: Garganacl|Protect||[still]\n|-fail|p2a: Garganacl\n|\n|-sideend|p2: Allanubs|move: Aurora Veil\n|upkeep\n|turn|9\n|\n|t:|1700577095\n|move|p1a: Salamence|Defog|p2a: Garganacl\n|-unboost|p2a: Garganacl|evasion|1\n|-sideend|p2: Allanubs|Stealth Rock|[from] move: Defog|[of] p1a: Salamence\n|-sideend|p1: Aglio.4x|Stealth Rock|[from] move: Defog|[of] p1a: Salamence\n|move|p2a: Garganacl|Salt Cure|p1a: Salamence\n|-supereffective|p1a: Salamence\n|-damage|p1a: Salamence|77\/100\n|-start|p1a: Salamence|Salt Cure\n|\n|-damage|p1a: Salamence|65\/100|[from] Salt Cure\n|upkeep\n|turn|10\n|\n|t:|1700577101\n|switch|p1a: Meowscarada|Meowscarada, F|100\/100\n|move|p2a: Garganacl|Stealth Rock|p1a: Meowscarada\n|-sidestart|p1: Aglio.4x|move: Stealth Rock\n|\n|upkeep\n|turn|11\n|\n|t:|1700577104\n|move|p2a: Garganacl|Protect|p2a: Garganacl\n|-singleturn|p2a: Garganacl|Protect\n|move|p1a: Meowscarada|Flower Trick|p2a: Garganacl\n|-start|p1a: Meowscarada|typechange|Grass|[from] ability: Protean\n|-activate|p2a: Garganacl|move: Protect\n|\n|upkeep\n|turn|12\n|\n|t:|1700577111\n|switch|p1a: Salamence|Salamence, M|65\/100\n|-ability|p1a: Salamence|Intimidate|boost\n|-unboost|p2a: Garganacl|atk|1\n|switch|p2a: Garchomp|Garchomp, F|100\/100\n|\n|upkeep\n|turn|13\n|\n|t:|1700577123\n|move|p2a: Garchomp|Iron Head|p1a: Salamence\n|-damage|p1a: Salamence|32\/100\n|move|p1a: Salamence|Draco Meteor|p2a: Garchomp\n|-supereffective|p2a: Garchomp\n|-damage|p2a: Garchomp|0 fnt\n|-unboost|p1a: Salamence|spa|2\n|faint|p2a: Garchomp\n|\n|upkeep\n|\n|t:|1700577129\n|switch|p2a: Zapdos|Zapdos|100\/100\n|turn|14\n|\n|t:|1700577131\n|move|p2a: Zapdos|Hurricane|p1a: Salamence\n|-damage|p1a: Salamence|0 fnt\n|faint|p1a: Salamence\n|\n|upkeep\n|\n|t:|1700577136\n|switch|p1a: Blacephalon|Blacephalon|100\/100\n|-damage|p1a: Blacephalon|76\/100|[from] Stealth Rock\n|turn|15\n|\n|t:|1700577146\n|-terastallize|p2a: Zapdos|Fire\n|move|p1a: Blacephalon|Flamethrower|p2a: Zapdos\n|-resisted|p2a: Zapdos\n|-damage|p2a: Zapdos|70\/100\n|move|p2a: Zapdos|Hurricane|p1a: Blacephalon\n|-damage|p1a: Blacephalon|0 fnt\n|faint|p1a: Blacephalon\n|\n|upkeep\n|\n|t:|1700577154\n|switch|p1a: Meowscarada|Meowscarada, F|100\/100\n|-damage|p1a: Meowscarada|88\/100|[from] Stealth Rock\n|turn|16\n|\n|t:|1700577159\n|switch|p2a: Ninetales|Ninetales-Alola, M|38\/100\n|-weather|Snow|[from] ability: Snow Warning|[of] p2a: Ninetales\n|move|p1a: Meowscarada|Knock Off|p2a: Ninetales\n|-start|p1a: Meowscarada|typechange|Dark|[from] ability: Protean\n|-resisted|p2a: Ninetales\n|-damage|p2a: Ninetales|11\/100\n|-enditem|p2a: Ninetales|Heavy-Duty Boots|[from] move: Knock Off|[of] p1a: Meowscarada\n|\n|-weather|Snow|[upkeep]\n|upkeep\n|turn|17\n|\n|t:|1700577166\n|move|p1a: Meowscarada|Knock Off|p2a: Ninetales\n|-resisted|p2a: Ninetales\n|-damage|p2a: Ninetales|0 fnt\n|faint|p2a: Ninetales\n|\n|-weather|Snow|[upkeep]\n|upkeep\n|\n|t:|1700577170\n|switch|p2a: Garganacl|Garganacl, F|78\/100\n|turn|18\n|\n|t:|1700577172\n|move|p1a: Meowscarada|Knock Off|p2a: Garganacl\n|-crit|p2a: Garganacl\n|-damage|p2a: Garganacl|42\/100\n|move|p2a: Garganacl|Salt Cure|p1a: Meowscarada\n|-damage|p1a: Meowscarada|67\/100\n|-start|p1a: Meowscarada|Salt Cure\n|\n|-weather|Snow|[upkeep]\n|-damage|p1a: Meowscarada|54\/100|[from] Salt Cure\n|upkeep\n|turn|19\n|\n|t:|1700577176\n|switch|p1a: Kleavor|Kleavor, F|5\/100\n|-damage|p1a: Kleavor|0 fnt|[from] Stealth Rock\n|faint|p1a: Kleavor\n|move|p2a: Garganacl|Recover|p2a: Garganacl\n|-heal|p2a: Garganacl|92\/100\n|\n|-weather|Snow|[upkeep]\n|upkeep\n|\n|t:|1700577182\n|switch|p1a: Meowscarada|Meowscarada, F|54\/100\n|-damage|p1a: Meowscarada|42\/100|[from] Stealth Rock\n|turn|20\n|\n|t:|1700577188\n|move|p2a: Garganacl|Protect|p2a: Garganacl\n|-singleturn|p2a: Garganacl|Protect\n|move|p1a: Meowscarada|U-turn|p2a: Garganacl\n|-start|p1a: Meowscarada|typechange|Bug|[from] ability: Protean\n|-activate|p2a: Garganacl|move: Protect\n|\n|-weather|none\n|upkeep\n|turn|21\n|\n|t:|1700577194\n|move|p1a: Meowscarada|U-turn|p2a: Garganacl\n|-crit|p2a: Garganacl\n|-damage|p2a: Garganacl|53\/100\n|\n|t:|1700577199\n|switch|p1a: Ribombee|Ribombee, F|100\/100|[from] U-turn\n|-damage|p1a: Ribombee|76\/100|[from] Stealth Rock\n|move|p2a: Garganacl|Salt Cure|p1a: Ribombee\n|-supereffective|p1a: Ribombee\n|-damage|p1a: Ribombee|17\/100\n|\n|upkeep\n|turn|22\n|\n|t:|1700577207\n|move|p1a: Ribombee|Sticky Web|p2a: Garganacl\n|-sidestart|p2: Allanubs|move: Sticky Web\n|move|p2a: Garganacl|Salt Cure|p1a: Ribombee\n|-supereffective|p1a: Ribombee\n|-damage|p1a: Ribombee|0 fnt\n|faint|p1a: Ribombee\n|\n|upkeep\n|\n|t:|1700577217\n|switch|p1a: Meowscarada|Meowscarada, F|42\/100\n|-damage|p1a: Meowscarada|30\/100|[from] Stealth Rock\n|turn|23\n|\n|t:|1700577222\n|move|p2a: Garganacl|Protect|p2a: Garganacl\n|-singleturn|p2a: Garganacl|Protect\n|move|p1a: Meowscarada|Flower Trick|p2a: Garganacl\n|-start|p1a: Meowscarada|typechange|Grass|[from] ability: Protean\n|-activate|p2a: Garganacl|move: Protect\n|\n|upkeep\n|turn|24\n|\n|t:|1700577229\n|switch|p2a: Meowscarada|Meowscarada, M|100\/100\n|-activate|p2a: Meowscarada|move: Sticky Web\n|-unboost|p2a: Meowscarada|spe|1\n|move|p1a: Meowscarada|Flower Trick|p2a: Meowscarada\n|-resisted|p2a: Meowscarada\n|-crit|p2a: Meowscarada\n|-damage|p2a: Meowscarada|42\/100\n|\n|upkeep\n|turn|25\n|\n|t:|1700577233\n|move|p1a: Meowscarada|Flower Trick|p2a: Meowscarada\n|-resisted|p2a: Meowscarada\n|-crit|p2a: Meowscarada\n|-damage|p2a: Meowscarada|0 fnt\n|faint|p2a: Meowscarada\n|\n|upkeep\n|\n|t:|1700577235\n|switch|p2a: Zapdos|Zapdos, tera:Fire|70\/100\n|-activate|p2a: Zapdos|move: Sticky Web\n|-unboost|p2a: Zapdos|spe|1\n|turn|26\n|\n|t:|1700577239\n|move|p1a: Meowscarada|Flower Trick|p2a: Zapdos\n|-resisted|p2a: Zapdos\n|-crit|p2a: Zapdos\n|-damage|p2a: Zapdos|27\/100\n|move|p2a: Zapdos|Heat Wave|p1a: Meowscarada\n|-supereffective|p1a: Meowscarada\n|-damage|p1a: Meowscarada|0 fnt\n|faint|p1a: Meowscarada\n|\n|upkeep\n|\n|t:|1700577243\n|switch|p1a: Aggron|Aggron, F|100\/100\n|-damage|p1a: Aggron|94\/100|[from] Stealth Rock\n|turn|27\n|\n|t:|1700577250\n|move|p2a: Zapdos|Heat Wave|p1a: Aggron\n|-damage|p1a: Aggron|9\/100\n|move|p1a: Aggron|Rock Polish|p1a: Aggron\n|-boost|p1a: Aggron|spe|2\n|\n|upkeep\n|turn|28\n|\n|t:|1700577256\n|move|p1a: Aggron|Body Press|p2a: Zapdos\n|-damage|p2a: Zapdos|0 fnt\n|faint|p2a: Zapdos\n|\n|upkeep\n|\n|t:|1700577259\n|switch|p2a: Volcarona|Volcarona, F|100\/100\n|turn|29\n|\n|t:|1700577263\n|detailschange|p1a: Aggron|Aggron-Mega, F\n|-mega|p1a: Aggron|Aggron|Aggronite\n|move|p1a: Aggron|Body Press|p2a: Volcarona\n|-resisted|p2a: Volcarona\n|-damage|p2a: Volcarona|66\/100\n|move|p2a: Volcarona|Fiery Dance|p1a: Aggron\n|-supereffective|p1a: Aggron\n|-damage|p1a: Aggron|0 fnt\n|faint|p1a: Aggron\n|\n|win|Allanubs\n|raw|Aglio.4x's rating: 1323 &rarr; <strong>1301<\/strong><br \/>(-22 for losing)\n|raw|Allanubs's rating: 1282 &rarr; <strong>1310<\/strong><br \/>(+28 for winning)\n|l|\u2606Aglio.4x\n","uploadtime":1700577278,"views":0,"p1id":"aglio4x","p2id":"allanubs","formatid":"gen9nationaldex","rating":1301,"private":0,"password":""}