{"id":"gen9nationaldex-1988545637","p1":"Hyljys","p2":"Juanivia","format":"[Gen 9] National Dex","log":"|j|\u2606Hyljys\n|j|\u2606Juanivia\n|t:|1699734522\n|gametype|singles\n|player|p1|Hyljys|acetrainersnow|\n|player|p2|Juanivia|kahili|\n|teamsize|p1|6\n|teamsize|p2|6\n|gen|9\n|tier|[Gen 9] National Dex\n|rule|HP Percentage Mod: HP is shown in percentages\n|rule|Endless Battle Clause: Forcing endless battles is banned\n|rule|OHKO Clause: OHKO moves are banned\n|rule|Evasion Clause: Evasion abilities, items, and moves are banned\n|rule|Evasion Abilities Clause: Evasion abilities are banned\n|rule|Evasion Items Clause: Evasion items are banned\n|rule|Evasion Moves Clause: Evasion moves are banned\n|rule|Species Clause: Limit one of each Pok\u00e9mon\n|rule|Sleep Clause Mod: Limit one foe put to sleep\n|clearpoke\n|poke|p1|Bewear, F|\n|poke|p1|Blissey, F|\n|poke|p1|Maushold-Four|\n|poke|p1|Regigigas|\n|poke|p1|Type: Null|\n|poke|p1|Zorua-Hisui, F|\n|poke|p2|Porygon2|\n|poke|p2|Unfezant, M|\n|poke|p2|Audino, F|\n|poke|p2|Diggersby, F|\n|poke|p2|Meloetta|\n|poke|p2|Obstagoon, F|\n|teampreview\n|c|\u2606Hyljys|gl hf\n|c|\u2606Juanivia|Glhf!\n|j| Swoodle1030\n|j| Kryn\n|j| imAnthonybroNew\n|c| imAnthonybroNew|Gl boys\n|c| Kryn|glhf!!\n|\n|t:|1699734613\n|start\n|switch|p1a: Victoria|Bewear, F|100\/100\n|switch|p2a: Bobby Carrot|Diggersby, F|100\/100\n|turn|1\n|j| WEEKEND WIFE\n|\n|t:|1699734648\n|move|p2a: Bobby Carrot|U-turn|p1a: Victoria\n|-resisted|p1a: Victoria\n|-damage|p1a: Victoria|95\/100\n|-damage|p2a: Bobby Carrot|84\/100|[from] item: Rocky Helmet|[of] p1a: Victoria\n|\n|t:|1699734652\n|switch|p2a: Henry-Micro|Porygon2|100\/100|[from] U-turn\n|-ability|p2a: Henry-Micro|Fluffy|[from] ability: Trace|[of] p1a: Victoria\n|move|p1a: Victoria|Return|p2a: Henry-Micro\n|-damage|p2a: Henry-Micro|90\/100\n|\n|upkeep\n|turn|2\n|\n|t:|1699734707\n|switch|p1a: Giga Ass|Regigigas|100\/100\n|-start|p1a: Giga Ass|ability: Slow Start\n|move|p2a: Henry-Micro|Tri Attack|p1a: Giga Ass\n|-damage|p1a: Giga Ass|77\/100\n|\n|-heal|p1a: Giga Ass|83\/100|[from] item: Leftovers\n|upkeep\n|turn|3\n|\n|t:|1699734757\n|move|p1a: Giga Ass|Toxic|p2a: Henry-Micro\n|-status|p2a: Henry-Micro|tox\n|move|p2a: Henry-Micro|Teleport|p2a: Henry-Micro\n|\n|t:|1699734765\n|switch|p2a: Ola Gr\u00e4vling|Obstagoon, F|100\/100|[from] Teleport\n|\n|-heal|p1a: Giga Ass|89\/100|[from] item: Leftovers\n|-status|p2a: Ola Gr\u00e4vling|brn|[from] item: Flame Orb\n|upkeep\n|turn|4\n|\n|t:|1699734792\n|-end|p1a: Giga Ass|Slow Start|[silent]\n|switch|p1a: Type: AllorNothing|Type: Null|100\/100\n|move|p2a: Ola Gr\u00e4vling|Taunt|p1a: Type: AllorNothing\n|-start|p1a: Type: AllorNothing|move: Taunt\n|\n|-damage|p2a: Ola Gr\u00e4vling|94\/100 brn|[from] brn\n|upkeep\n|turn|5\n|\n|t:|1699734853\n|move|p2a: Ola Gr\u00e4vling|Parting Shot|p1a: Type: AllorNothing\n|-unboost|p1a: Type: AllorNothing|atk|1\n|-unboost|p1a: Type: AllorNothing|spa|1\n|\n|t:|1699734887\n|switch|p2a: Bobby Carrot|Diggersby, F|84\/100|[from] Parting Shot\n|move|p1a: Type: AllorNothing|Return|p2a: Bobby Carrot\n|-damage|p2a: Bobby Carrot|53\/100\n|\n|upkeep\n|turn|6\n|\n|t:|1699734947\n|switch|p2a: Sorrow|Audino, F|100\/100\n|switch|p1a: Victoria|Bewear, F|95\/100\n|\n|upkeep\n|turn|7\n|\n|t:|1699734975\n|switch|p1a: Bless|Blissey, F|100\/100\n|move|p2a: Sorrow|Wish|p2a: Sorrow\n|\n|upkeep\n|turn|8\n|\n|t:|1699734997\n|switch|p2a: Bobby Carrot|Diggersby, F|53\/100\n|move|p1a: Bless|Tri Attack|p2a: Bobby Carrot\n|-damage|p2a: Bobby Carrot|24\/100\n|-status|p2a: Bobby Carrot|brn\n|\n|-heal|p2a: Bobby Carrot|90\/100 brn|[from] move: Wish|[wisher] Sorrow\n|-damage|p2a: Bobby Carrot|83\/100 brn|[from] brn\n|upkeep\n|turn|9\n|\n|t:|1699735015\n|move|p2a: Bobby Carrot|U-turn|p1a: Bless\n|-damage|p1a: Bless|85\/100\n|\n|t:|1699735036\n|switch|p2a: Solovey|Meloetta|100\/100|[from] U-turn\n|move|p1a: Bless|Stealth Rock|p2a: Solovey\n|-sidestart|p2: Juanivia|move: Stealth Rock\n|\n|-heal|p1a: Bless|91\/100|[from] item: Leftovers\n|upkeep\n|turn|10\n|\n|t:|1699735044\n|move|p2a: Solovey|Psyshock|p1a: Bless\n|-damage|p1a: Bless|37\/100\n|move|p1a: Bless|Tri Attack|p2a: Solovey\n|-damage|p2a: Solovey|82\/100\n|\n|-heal|p1a: Bless|43\/100|[from] item: Leftovers\n|upkeep\n|turn|11\n|\n|t:|1699735058\n|switch|p2a: En passant|Unfezant, M|100\/100\n|switch|p1a: Type: AllorNothing|Type: Null|100\/100\n|\n|upkeep\n|turn|12\n|\n|t:|1699735069\n|move|p2a: En passant|Defog|p1a: Type: AllorNothing\n|-unboost|p1a: Type: AllorNothing|evasion|1\n|-sideend|p2: Juanivia|Stealth Rock|[from] move: Defog|[of] p2a: En passant\n|move|p1a: Type: AllorNothing|Return|p2a: En passant\n|-damage|p2a: En passant|55\/100\n|\n|upkeep\n|turn|13\n|c| Kryn|en passant is finally here\n|\n|t:|1699735090\n|move|p2a: En passant|U-turn|p1a: Type: AllorNothing\n|-damage|p1a: Type: AllorNothing|91\/100\n|\n|t:|1699735093\n|switch|p2a: Henry-Micro|Porygon2|90\/100 tox|[from] U-turn\n|-ability|p2a: Henry-Micro|Battle Armor|[from] ability: Trace|[of] p1a: Type: AllorNothing\n|move|p1a: Type: AllorNothing|Return|p2a: Henry-Micro\n|-damage|p2a: Henry-Micro|74\/100 tox\n|\n|-damage|p2a: Henry-Micro|68\/100 tox|[from] psn\n|upkeep\n|turn|14\n|\n|t:|1699735118\n|switch|p1a: Ratafourie|Maushold-Four|100\/100\n|move|p2a: Henry-Micro|Recover|p2a: Henry-Micro\n|-heal|p2a: Henry-Micro|100\/100 tox\n|\n|-damage|p2a: Henry-Micro|88\/100 tox|[from] psn\n|upkeep\n|turn|15\n|\n|t:|1699735186\n|move|p1a: Ratafourie|Population Bomb|p2a: Henry-Micro\n|-damage|p2a: Henry-Micro|83\/100 tox\n|-damage|p2a: Henry-Micro|78\/100 tox\n|-damage|p2a: Henry-Micro|73\/100 tox\n|-damage|p2a: Henry-Micro|67\/100 tox\n|-damage|p2a: Henry-Micro|62\/100 tox\n|-damage|p2a: Henry-Micro|57\/100 tox\n|-damage|p2a: Henry-Micro|52\/100 tox\n|-damage|p2a: Henry-Micro|47\/100 tox\n|-damage|p2a: Henry-Micro|42\/100 tox\n|-damage|p2a: Henry-Micro|37\/100 tox\n|-hitcount|p2a: Henry-Micro|10\n|move|p2a: Henry-Micro|Toxic|p1a: Ratafourie\n|-status|p1a: Ratafourie|tox\n|\n|-damage|p1a: Ratafourie|94\/100 tox|[from] psn\n|-damage|p2a: Henry-Micro|18\/100 tox|[from] psn\n|upkeep\n|turn|16\n|\n|t:|1699735248\n|move|p1a: Ratafourie|Population Bomb|p2a: Henry-Micro\n|-damage|p2a: Henry-Micro|13\/100 tox\n|-damage|p2a: Henry-Micro|7\/100 tox\n|-damage|p2a: Henry-Micro|2\/100 tox\n|-damage|p2a: Henry-Micro|0 fnt\n|faint|p2a: Henry-Micro\n|-hitcount|p2: Henry-Micro|4\n|\n|-damage|p1a: Ratafourie|82\/100 tox|[from] psn\n|upkeep\n|\n|t:|1699735285\n|switch|p2a: Sorrow|Audino, F|100\/100\n|turn|17\n|\n|t:|1699735308\n|move|p2a: Sorrow|Protect|p2a: Sorrow\n|-singleturn|p2a: Sorrow|Protect\n|move|p1a: Ratafourie|Taunt|p2a: Sorrow\n|-activate|p2a: Sorrow|move: Protect\n|\n|-damage|p1a: Ratafourie|63\/100 tox|[from] psn\n|upkeep\n|turn|18\n|\n|t:|1699735353\n|switch|p1a: Type: AllorNothing|Type: Null|91\/100\n|detailschange|p2a: Sorrow|Audino-Mega, F\n|-mega|p2a: Sorrow|Audino|Audinite\n|move|p2a: Sorrow|Wish|p2a: Sorrow\n|\n|upkeep\n|turn|19\n|\n|t:|1699735373\n|switch|p2a: Bobby Carrot|Diggersby, F|83\/100 brn\n|move|p1a: Type: AllorNothing|Return|p2a: Bobby Carrot\n|-damage|p2a: Bobby Carrot|35\/100 brn\n|\n|-heal|p2a: Bobby Carrot|100\/100 brn|[from] move: Wish|[wisher] Sorrow\n|-damage|p2a: Bobby Carrot|94\/100 brn|[from] brn\n|upkeep\n|turn|20\n|\n|t:|1699735405\n|move|p2a: Bobby Carrot|Knock Off|p1a: Type: AllorNothing\n|-damage|p1a: Type: AllorNothing|82\/100\n|-enditem|p1a: Type: AllorNothing|Eviolite|[from] move: Knock Off|[of] p2a: Bobby Carrot\n|move|p1a: Type: AllorNothing|Return|p2a: Bobby Carrot\n|-damage|p2a: Bobby Carrot|47\/100 brn\n|\n|-damage|p2a: Bobby Carrot|41\/100 brn|[from] brn\n|upkeep\n|turn|21\n|\n|t:|1699735414\n|switch|p2a: Sorrow|Audino-Mega, F|100\/100\n|move|p1a: Type: AllorNothing|Return|p2a: Sorrow\n|-damage|p2a: Sorrow|77\/100\n|\n|upkeep\n|turn|22\n|\n|t:|1699735422\n|move|p1a: Type: AllorNothing|Toxic|p2a: Sorrow\n|-status|p2a: Sorrow|tox\n|move|p2a: Sorrow|Wish|p2a: Sorrow\n|\n|-damage|p2a: Sorrow|71\/100 tox|[from] psn\n|upkeep\n|turn|23\n|\n|t:|1699735436\n|move|p1a: Type: AllorNothing|Return|p2a: Sorrow\n|-damage|p2a: Sorrow|49\/100 tox\n|move|p2a: Sorrow|Heal Bell|p2a: Sorrow\n|-activate|p2a: Sorrow|move: Heal Bell\n|-curestatus|p2a: Sorrow|tox|[msg]\n|-curestatus|p2: Ola Gr\u00e4vling|brn|[msg]\n|-curestatus|p2: Bobby Carrot|brn|[msg]\n|\n|-heal|p2a: Sorrow|99\/100|[from] move: Wish|[wisher] Sorrow\n|upkeep\n|turn|24\n|\n|t:|1699735454\n|move|p1a: Type: AllorNothing|Toxic|p2a: Sorrow\n|-status|p2a: Sorrow|tox\n|move|p2a: Sorrow|Wish|p2a: Sorrow\n|\n|-damage|p2a: Sorrow|93\/100 tox|[from] psn\n|upkeep\n|turn|25\n|\n|t:|1699735464\n|switch|p1a: Victoria|Bewear, F|95\/100\n|switch|p2a: Ola Gr\u00e4vling|Obstagoon, F|94\/100\n|\n|-heal|p2a: Ola Gr\u00e4vling|100\/100|[from] move: Wish|[wisher] Sorrow\n|-status|p2a: Ola Gr\u00e4vling|brn|[from] item: Flame Orb\n|upkeep\n|turn|26\n|\n|t:|1699735481\n|move|p2a: Ola Gr\u00e4vling|Obstruct|p2a: Ola Gr\u00e4vling\n|-singleturn|p2a: Ola Gr\u00e4vling|Protect\n|move|p1a: Victoria|Return|p2a: Ola Gr\u00e4vling\n|-activate|p2a: Ola Gr\u00e4vling|move: Protect\n|-unboost|p1a: Victoria|def|2\n|\n|-damage|p2a: Ola Gr\u00e4vling|94\/100 brn|[from] brn\n|upkeep\n|turn|27\n|\n|t:|1699735503\n|switch|p1a: Ratafourie|Maushold-Four|100\/100\n|move|p2a: Ola Gr\u00e4vling|Facade|p1a: Ratafourie\n|-immune|p1a: Ratafourie\n|\n|-damage|p2a: Ola Gr\u00e4vling|88\/100 brn|[from] brn\n|upkeep\n|turn|28\n|\n|t:|1699735521\n|move|p2a: Ola Gr\u00e4vling|Parting Shot|p1a: Ratafourie\n|-unboost|p1a: Ratafourie|atk|1\n|-unboost|p1a: Ratafourie|spa|1\n|\n|t:|1699735526\n|switch|p2a: Sorrow|Audino-Mega, F|93\/100 tox|[from] Parting Shot\n|move|p1a: Ratafourie|Knock Off|p2a: Sorrow\n|-resisted|p2a: Sorrow\n|-damage|p2a: Sorrow|90\/100 tox\n|\n|-damage|p2a: Sorrow|84\/100 tox|[from] psn\n|upkeep\n|turn|29\n|\n|t:|1699735538\n|move|p1a: Ratafourie|Taunt|p2a: Sorrow\n|-start|p2a: Sorrow|move: Taunt\n|cant|p2a: Sorrow|move: Taunt|Wish\n|\n|-damage|p2a: Sorrow|72\/100 tox|[from] psn\n|upkeep\n|turn|30\n|c| Kryn|ratafourie lol\n|l| imAnthonybroNew\n|\n|t:|1699735616\n|switch|p2a: En passant|Unfezant, M|55\/100\n|move|p1a: Ratafourie|Foul Play|p2a: En passant\n|-damage|p2a: En passant|14\/100\n|\n|upkeep\n|turn|31\n|\n|t:|1699735644\n|switch|p1a: Type: AllorNothing|Type: Null|82\/100\n|move|p2a: En passant|Brave Bird|p1a: Type: AllorNothing\n|-damage|p1a: Type: AllorNothing|47\/100\n|-damage|p2a: En passant|0 fnt|[from] Recoil\n|faint|p2a: En passant\n|\n|upkeep\n|\n|t:|1699735665\n|switch|p2a: Solovey|Meloetta|82\/100\n|turn|32\n|j| imAnthonybroNew\n|\n|t:|1699735692\n|move|p2a: Solovey|Psychic|p1a: Type: AllorNothing\n|-damage|p1a: Type: AllorNothing|0 fnt\n|faint|p1a: Type: AllorNothing\n|\n|upkeep\n|\n|t:|1699735696\n|switch|p1a: Ratafourie|Maushold-Four|63\/100 tox\n|turn|33\n|\n|t:|1699735730\n|move|p1a: Ratafourie|Population Bomb|p2a: Solovey\n|-damage|p2a: Solovey|68\/100\n|-damage|p2a: Solovey|53\/100\n|-damage|p2a: Solovey|40\/100\n|-damage|p2a: Solovey|26\/100\n|-damage|p2a: Solovey|13\/100\n|-damage|p2a: Solovey|0 fnt\n|faint|p2a: Solovey\n|-hitcount|p2: Solovey|6\n|\n|-damage|p1a: Ratafourie|57\/100 tox|[from] psn\n|upkeep\n|\n|t:|1699735742\n|switch|p2a: Bobby Carrot|Diggersby, F|41\/100\n|turn|34\n|\n|t:|1699735758\n|switch|p1a: Victoria|Bewear, F|95\/100\n|move|p2a: Bobby Carrot|Knock Off|p1a: Victoria\n|-resisted|p1a: Victoria\n|-damage|p1a: Victoria|88\/100\n|-damage|p2a: Bobby Carrot|25\/100|[from] item: Rocky Helmet|[of] p1a: Victoria\n|-enditem|p1a: Victoria|Rocky Helmet|[from] move: Knock Off|[of] p2a: Bobby Carrot\n|\n|upkeep\n|turn|35\n|\n|t:|1699735770\n|switch|p2a: Sorrow|Audino-Mega, F|72\/100 tox\n|switch|p1a: Ratafourie|Maushold-Four|57\/100 tox\n|\n|-damage|p1a: Ratafourie|51\/100 tox|[from] psn\n|-damage|p2a: Sorrow|66\/100 tox|[from] psn\n|upkeep\n|turn|36\n|\n|t:|1699735794\n|move|p1a: Ratafourie|Population Bomb|p2a: Sorrow\n|-damage|p2a: Sorrow|59\/100 tox\n|-crit|p2a: Sorrow\n|-damage|p2a: Sorrow|47\/100 tox\n|-damage|p2a: Sorrow|39\/100 tox\n|-damage|p2a: Sorrow|31\/100 tox\n|-damage|p2a: Sorrow|24\/100 tox\n|-damage|p2a: Sorrow|16\/100 tox\n|-damage|p2a: Sorrow|9\/100 tox\n|-damage|p2a: Sorrow|2\/100 tox\n|-damage|p2a: Sorrow|0 fnt\n|faint|p2a: Sorrow\n|-hitcount|p2: Sorrow|9\n|\n|-damage|p1a: Ratafourie|39\/100 tox|[from] psn\n|upkeep\n|\n|t:|1699735802\n|switch|p2a: Bobby Carrot|Diggersby, F|25\/100\n|turn|37\n|c|\u2606Hyljys|wide lens only failed me once thankfully\n|\n|t:|1699735826\n|switch|p1a: Bless|Blissey, F|43\/100\n|move|p2a: Bobby Carrot|Return|p1a: Bless\n|-crit|p1a: Bless\n|-damage|p1a: Bless|0 fnt\n|faint|p1a: Bless\n|\n|upkeep\n|\n|t:|1699735832\n|switch|p1a: Giga Ass|Regigigas|100\/100\n|turn|38\n|\n|t:|1699735845\n|move|p2a: Bobby Carrot|Return|p1a: Giga Ass\n|-immune|p1a: Giga Ass\n|move|p1a: Giga Ass|Foul Play|p2a: Bobby Carrot\n|-damage|p2a: Bobby Carrot|0 fnt\n|faint|p2a: Bobby Carrot\n|\n|upkeep\n|\n|t:|1699735851\n|switch|p2a: Ola Gr\u00e4vling|Obstagoon, F|88\/100 brn\n|turn|39\n|c| imAnthonybroNew|Pop bomb tough\n|c|\u2606Juanivia|Forgot to Validate after I added Knock to this, heh\n|\n|t:|1699735896\n|move|p2a: Ola Gr\u00e4vling|Facade|p1a: Giga Ass\n|-immune|p1a: Giga Ass\n|move|p1a: Giga Ass|Foul Play|p2a: Ola Gr\u00e4vling\n|-resisted|p2a: Ola Gr\u00e4vling\n|-damage|p2a: Ola Gr\u00e4vling|74\/100 brn\n|\n|-damage|p2a: Ola Gr\u00e4vling|68\/100 brn|[from] brn\n|upkeep\n|turn|40\n|\n|t:|1699735903\n|move|p2a: Ola Gr\u00e4vling|Facade|p1a: Giga Ass\n|-immune|p1a: Giga Ass\n|move|p1a: Giga Ass|Foul Play|p2a: Ola Gr\u00e4vling\n|-resisted|p2a: Ola Gr\u00e4vling\n|-damage|p2a: Ola Gr\u00e4vling|56\/100 brn\n|\n|-damage|p2a: Ola Gr\u00e4vling|50\/100 brn|[from] brn\n|upkeep\n|turn|41\n|l|\u2606Hyljys\n|player|p1|\n|c| Kryn|a painful end\n|c| imAnthonybroNew|Gg\n|c| Kryn|:0\n|c|\u2606Juanivia|Ah, my only win condition\n|c| Kryn|haha\n|c| imAnthonybroNew|Pog\n|c| WEEKEND WIFE|>:(\n|c| imAnthonybroNew|Hyljys is such a tough opponent\n|j|\u2606Hyljys\n|player|p1|Hyljys|acetrainersnow\n|\n|t:|1699735955\n|move|p2a: Ola Gr\u00e4vling|Facade|p1a: Giga Ass\n|-immune|p1a: Giga Ass\n|move|p1a: Giga Ass|Foul Play|p2a: Ola Gr\u00e4vling\n|-resisted|p2a: Ola Gr\u00e4vling\n|-damage|p2a: Ola Gr\u00e4vling|35\/100 brn\n|\n|-damage|p2a: Ola Gr\u00e4vling|29\/100 brn|[from] brn\n|upkeep\n|turn|42\n|l| WEEKEND WIFE\n|c|\u2606Hyljys|I'm back\n|c|\u2606Juanivia|Well, that's bad news for me\n|c| Kryn|what does ola mean\n|\n|t:|1699735993\n|move|p2a: Ola Gr\u00e4vling|Facade|p1a: Giga Ass\n|-immune|p1a: Giga Ass\n|move|p1a: Giga Ass|Foul Play|p2a: Ola Gr\u00e4vling\n|-resisted|p2a: Ola Gr\u00e4vling\n|-damage|p2a: Ola Gr\u00e4vling|17\/100 brn\n|\n|-damage|p2a: Ola Gr\u00e4vling|11\/100 brn|[from] brn\n|upkeep\n|turn|43\n|\n|t:|1699736004\n|move|p2a: Ola Gr\u00e4vling|Facade|p1a: Giga Ass\n|-immune|p1a: Giga Ass\n|move|p1a: Giga Ass|Foul Play|p2a: Ola Gr\u00e4vling\n|-resisted|p2a: Ola Gr\u00e4vling\n|-damage|p2a: Ola Gr\u00e4vling|0 fnt\n|faint|p2a: Ola Gr\u00e4vling\n|\n|win|Hyljys\n|c|\u2606Juanivia|ggwp!\n|c|\u2606Hyljys|gg wp\n|c| Kryn|gg\n|l| Kryn\n","uploadtime":1699736016,"views":13,"p1id":"hyljys","p2id":"juanivia","formatid":"gen9nationaldex","rating":0,"private":0,"password":""}