{"id":"gen9nationaldex-1990798615","p1":"Sivilea","p2":"testpencilsonly","format":"[Gen 9] National Dex","log":"|j|\u2606Sivilea\n|j|\u2606testpencilsonly\n|t:|1700001943\n|gametype|singles\n|player|p1|Sivilea|cheryl|1201\n|player|p2|testpencilsonly|102|1317\n|teamsize|p1|6\n|teamsize|p2|6\n|gen|9\n|tier|[Gen 9] National Dex\n|rated|\n|rule|HP Percentage Mod: HP is shown in percentages\n|rule|Endless Battle Clause: Forcing endless battles is banned\n|rule|OHKO Clause: OHKO moves are banned\n|rule|Evasion Clause: Evasion abilities, items, and moves are banned\n|rule|Evasion Abilities Clause: Evasion abilities are banned\n|rule|Evasion Items Clause: Evasion items are banned\n|rule|Evasion Moves Clause: Evasion moves are banned\n|rule|Species Clause: Limit one of each Pok\u00e9mon\n|rule|Sleep Clause Mod: Limit one foe put to sleep\n|clearpoke\n|poke|p1|Malamar, M|\n|poke|p1|Staraptor, M|\n|poke|p1|Cinderace, M|\n|poke|p1|Rotom-Wash|\n|poke|p1|Shiinotic, F|\n|poke|p1|Aegislash, F|\n|poke|p2|Garchomp, M|\n|poke|p2|Excadrill, F|\n|poke|p2|Hippowdon, F|\n|poke|p2|Tapu Fini|\n|poke|p2|Breloom, F|\n|poke|p2|Empoleon, M|\n|teampreview\n|\n|t:|1700002007\n|start\n|switch|p1a: Banner|Staraptor, M|100\/100\n|switch|p2a: Breloom|Breloom, F|100\/100\n|turn|1\n|\n|t:|1700002021\n|switch|p2a: Hippowdon|Hippowdon, F|100\/100\n|-weather|Sandstorm|[from] ability: Sand Stream|[of] p2a: Hippowdon\n|move|p1a: Banner|U-turn|p2a: Hippowdon\n|-damage|p2a: Hippowdon|79\/100\n|-damage|p1a: Banner|91\/100|[from] item: Life Orb\n|\n|t:|1700002030\n|switch|p1a: Naptime|Shiinotic, F|100\/100|[from] U-turn\n|\n|-weather|Sandstorm|[upkeep]\n|-damage|p1a: Naptime|94\/100|[from] Sandstorm\n|-heal|p2a: Hippowdon|85\/100|[from] item: Leftovers\n|upkeep\n|turn|2\n|\n|t:|1700002039\n|switch|p2a: Breloom|Breloom, F|100\/100\n|move|p1a: Naptime|Moonblast|p2a: Breloom\n|-supereffective|p2a: Breloom\n|-damage|p2a: Breloom|0 fnt\n|faint|p2a: Breloom\n|\n|-weather|Sandstorm|[upkeep]\n|-damage|p1a: Naptime|88\/100|[from] Sandstorm\n|upkeep\n|\n|t:|1700002049\n|switch|p2a: Excadrill|Excadrill, F|100\/100\n|turn|3\n|inactive|Battle timer is ON: inactive players will automatically lose when time's up. (requested by Sivilea)\n|\n|t:|1700002090\n|switch|p1a: Washington|Rotom-Wash|100\/100\n|move|p2a: Excadrill|Iron Head|p1a: Washington\n|-resisted|p1a: Washington\n|-damage|p1a: Washington|88\/100\n|\n|-weather|Sandstorm|[upkeep]\n|-damage|p1a: Washington|82\/100|[from] Sandstorm\n|-heal|p1a: Washington|88\/100|[from] item: Leftovers\n|upkeep\n|turn|4\n|\n|t:|1700002100\n|switch|p2a: Hippowdon|Hippowdon, F|85\/100\n|move|p1a: Washington|Will-O-Wisp|p2a: Hippowdon\n|-status|p2a: Hippowdon|brn\n|\n|-weather|Sandstorm|[upkeep]\n|-damage|p1a: Washington|82\/100|[from] Sandstorm\n|-heal|p1a: Washington|88\/100|[from] item: Leftovers\n|-heal|p2a: Hippowdon|91\/100 brn|[from] item: Leftovers\n|-damage|p2a: Hippowdon|85\/100 brn|[from] brn\n|upkeep\n|turn|5\n|\n|t:|1700002117\n|-terastallize|p1a: Washington|Poison\n|move|p1a: Washington|Hydro Pump|p2a: Hippowdon\n|-supereffective|p2a: Hippowdon\n|-damage|p2a: Hippowdon|28\/100 brn\n|move|p2a: Hippowdon|Toxic|p1a: Washington\n|-immune|p1a: Washington\n|\n|-weather|none\n|-heal|p1a: Washington|95\/100|[from] item: Leftovers\n|-heal|p2a: Hippowdon|34\/100 brn|[from] item: Leftovers\n|-damage|p2a: Hippowdon|28\/100 brn|[from] brn\n|upkeep\n|turn|6\n|\n|t:|1700002147\n|switch|p2a: Empoleon|Empoleon, M|100\/100\n|move|p1a: Washington|Hydro Pump|p2a: Empoleon\n|-resisted|p2a: Empoleon\n|-damage|p2a: Empoleon|87\/100\n|\n|-heal|p1a: Washington|100\/100|[from] item: Leftovers\n|-heal|p2a: Empoleon|93\/100|[from] item: Leftovers\n|upkeep\n|turn|7\n|\n|t:|1700002155\n|switch|p1a: Naptime|Shiinotic, F|88\/100\n|move|p2a: Empoleon|Flip Turn|p1a: Naptime\n|-resisted|p1a: Naptime\n|-damage|p1a: Naptime|80\/100\n|\n|t:|1700002163\n|switch|p2a: Excadrill|Excadrill, F|100\/100|[from] Flip Turn\n|\n|upkeep\n|turn|8\n|inactive|Sivilea has 120 seconds left.\n|\n|t:|1700002198\n|switch|p2a: Hippowdon|Hippowdon, F|28\/100 brn\n|-weather|Sandstorm|[from] ability: Sand Stream|[of] p2a: Hippowdon\n|switch|p1a: Olympic|Aegislash, F|100\/100\n|\n|-weather|Sandstorm|[upkeep]\n|-heal|p2a: Hippowdon|34\/100 brn|[from] item: Leftovers\n|-damage|p2a: Hippowdon|28\/100 brn|[from] brn\n|upkeep\n|turn|9\n|\n|t:|1700002202\n|-formechange|p1a: Olympic|Aegislash-Blade||[from] ability: Stance Change\n|move|p1a: Olympic|Shadow Ball|p2a: Hippowdon\n|-damage|p2a: Hippowdon|0 fnt\n|faint|p2a: Hippowdon\n|\n|-weather|Sandstorm|[upkeep]\n|upkeep\n|\n|t:|1700002206\n|switch|p2a: Excadrill|Excadrill, F|100\/100\n|turn|10\n|\n|t:|1700002210\n|-formechange|p1a: Olympic|Aegislash||[from] ability: Stance Change\n|move|p1a: Olympic|King's Shield|p1a: Olympic\n|-singleturn|p1a: Olympic|Protect\n|move|p2a: Excadrill|Swords Dance|p2a: Excadrill\n|-boost|p2a: Excadrill|atk|2\n|\n|-weather|Sandstorm|[upkeep]\n|upkeep\n|turn|11\n|\n|t:|1700002219\n|switch|p1a: Banner|Staraptor, M|91\/100\n|move|p2a: Excadrill|Earthquake|p1a: Banner\n|-immune|p1a: Banner\n|\n|-weather|Sandstorm|[upkeep]\n|-damage|p1a: Banner|84\/100|[from] Sandstorm\n|upkeep\n|turn|12\n|\n|t:|1700002228\n|switch|p1a: Olympic|Aegislash, F|100\/100\n|move|p2a: Excadrill|Iron Head|p1a: Olympic\n|-resisted|p1a: Olympic\n|-damage|p1a: Olympic|63\/100\n|\n|-weather|none\n|-heal|p1a: Olympic|70\/100|[from] item: Leftovers\n|upkeep\n|turn|13\n|\n|t:|1700002234\n|move|p1a: Olympic|King's Shield|p1a: Olympic\n|-singleturn|p1a: Olympic|Protect\n|move|p2a: Excadrill|Earthquake|p1a: Olympic\n|-activate|p1a: Olympic|move: Protect\n|\n|-heal|p1a: Olympic|76\/100|[from] item: Leftovers\n|upkeep\n|turn|14\n|\n|t:|1700002243\n|switch|p1a: Banner|Staraptor, M|84\/100\n|move|p2a: Excadrill|Iron Head|p1a: Banner\n|-damage|p1a: Banner|0 fnt\n|faint|p1a: Banner\n|\n|upkeep\n|\n|t:|1700002251\n|switch|p1a: Messi|Cinderace, M|100\/100\n|turn|15\n|\n|t:|1700002258\n|switch|p2a: Tapu Fini|Tapu Fini|100\/100\n|-fieldstart|move: Misty Terrain|[from] ability: Misty Surge|[of] p2a: Tapu Fini\n|move|p1a: Messi|High Jump Kick|p2a: Tapu Fini\n|-start|p1a: Messi|typechange|Fighting|[from] ability: Libero\n|-resisted|p2a: Tapu Fini\n|-damage|p2a: Tapu Fini|77\/100\n|\n|-heal|p2a: Tapu Fini|83\/100|[from] item: Leftovers\n|upkeep\n|turn|16\n|\n|t:|1700002267\n|move|p1a: Messi|U-turn|p2a: Tapu Fini\n|-resisted|p2a: Tapu Fini\n|-damage|p2a: Tapu Fini|75\/100\n|\n|t:|1700002270\n|switch|p1a: Washington|Rotom-Wash, tera:Poison|100\/100|[from] U-turn\n|move|p2a: Tapu Fini|Scald|p1a: Washington\n|-damage|p1a: Washington|81\/100\n|\n|-heal|p2a: Tapu Fini|81\/100|[from] item: Leftovers\n|-heal|p1a: Washington|87\/100|[from] item: Leftovers\n|upkeep\n|turn|17\n|\n|t:|1700002275\n|move|p2a: Tapu Fini|Taunt|p1a: Washington\n|-start|p1a: Washington|move: Taunt\n|move|p1a: Washington|Volt Switch|p2a: Tapu Fini\n|-supereffective|p2a: Tapu Fini\n|-damage|p2a: Tapu Fini|41\/100\n|\n|t:|1700002286\n|switch|p1a: Messi|Cinderace, M|100\/100|[from] Volt Switch\n|\n|-heal|p2a: Tapu Fini|47\/100|[from] item: Leftovers\n|upkeep\n|turn|18\n|\n|t:|1700002291\n|move|p1a: Messi|U-turn|p2a: Tapu Fini\n|-start|p1a: Messi|typechange|Bug|[from] ability: Libero\n|-resisted|p2a: Tapu Fini\n|-damage|p2a: Tapu Fini|34\/100\n|\n|t:|1700002296\n|switch|p1a: Naptime|Shiinotic, F|80\/100|[from] U-turn\n|move|p2a: Tapu Fini|Scald|p1a: Naptime\n|-resisted|p1a: Naptime\n|-damage|p1a: Naptime|67\/100\n|\n|-heal|p2a: Tapu Fini|40\/100|[from] item: Leftovers\n|upkeep\n|turn|19\n|\n|t:|1700002301\n|move|p2a: Tapu Fini|Taunt|p1a: Naptime\n|-start|p1a: Naptime|move: Taunt\n|-enditem|p1a: Naptime|Mental Herb\n|-end|p1a: Naptime|move: Taunt\n|move|p1a: Naptime|Giga Drain|p2a: Tapu Fini\n|-supereffective|p2a: Tapu Fini\n|-damage|p2a: Tapu Fini|5\/100\n|-heal|p1a: Naptime|86\/100|[from] drain|[of] p2a: Tapu Fini\n|\n|-heal|p2a: Tapu Fini|11\/100|[from] item: Leftovers\n|-fieldend|Misty Terrain\n|upkeep\n|turn|20\n|\n|t:|1700002310\n|move|p2a: Tapu Fini|Draining Kiss|p1a: Naptime\n|-damage|p1a: Naptime|67\/100\n|-heal|p2a: Tapu Fini|25\/100|[from] drain|[of] p1a: Naptime\n|move|p1a: Naptime|Giga Drain|p2a: Tapu Fini\n|-supereffective|p2a: Tapu Fini\n|-damage|p2a: Tapu Fini|0 fnt\n|-heal|p1a: Naptime|80\/100|[from] drain|[of] p2a: Tapu Fini\n|faint|p2a: Tapu Fini\n|\n|upkeep\n|\n|t:|1700002317\n|switch|p2a: Excadrill|Excadrill, F|100\/100\n|turn|21\n|\n|t:|1700002328\n|move|p2a: Excadrill|Earthquake|p1a: Naptime\n|-resisted|p1a: Naptime\n|-damage|p1a: Naptime|54\/100\n|move|p1a: Naptime|Spore|p2a: Excadrill\n|-status|p2a: Excadrill|slp|[from] move: Spore\n|\n|upkeep\n|turn|22\n|-message|testpencilsonly forfeited.\n|\n|win|Sivilea\n|raw|Sivilea's rating: 1201 &rarr; <strong>1234<\/strong><br \/>(+33 for winning)\n|raw|testpencilsonly's rating: 1317 &rarr; <strong>1291<\/strong><br \/>(-26 for losing)\n|l|\u2606testpencilsonly\n","uploadtime":1700002337,"views":4,"p1id":"sivilea","p2id":"testpencilsonly","formatid":"gen9nationaldex","rating":1234,"private":0,"password":""}