{"id":"gen9nationaldex-1992101022","p1":"AerBlaziken","p2":"The Critical God","format":"[Gen 9] National Dex","log":"|j|\u2606AerBlaziken\n|j|\u2606The Critical God\n|t:|1700155165\n|gametype|singles\n|player|p1|AerBlaziken|hexmaniac-gen6|1302\n|player|p2|The Critical God|1|1194\n|teamsize|p1|6\n|teamsize|p2|6\n|gen|9\n|tier|[Gen 9] National Dex\n|rated|\n|rule|HP Percentage Mod: HP is shown in percentages\n|rule|Endless Battle Clause: Forcing endless battles is banned\n|rule|OHKO Clause: OHKO moves are banned\n|rule|Evasion Clause: Evasion abilities, items, and moves are banned\n|rule|Evasion Abilities Clause: Evasion abilities are banned\n|rule|Evasion Items Clause: Evasion items are banned\n|rule|Evasion Moves Clause: Evasion moves are banned\n|rule|Species Clause: Limit one of each Pok\u00e9mon\n|rule|Sleep Clause Mod: Limit one foe put to sleep\n|clearpoke\n|poke|p1|Wo-Chien|\n|poke|p1|Porygon-Z|\n|poke|p1|Rhydon, F|\n|poke|p1|Scizor, M|\n|poke|p1|Dusknoir, M|\n|poke|p1|Zoroark-Hisui, M|\n|poke|p2|Grimmsnarl, M|\n|poke|p2|Volcarona, F|\n|poke|p2|Rillaboom, F|\n|poke|p2|Corviknight, M|\n|poke|p2|Nidoking, M|\n|poke|p2|Gyarados, M|\n|teampreview\n|c|\u2606AerBlaziken|please dont have hazards :(\n|inactive|Battle timer is ON: inactive players will automatically lose when time's up. (requested by The Critical God)\n|\n|t:|1700155194\n|start\n|switch|p1a: Deez Nuts|Rhydon, F|100\/100\n|switch|p2a: Grimmsnarl|Grimmsnarl, M|100\/100\n|turn|1\n|c|\u2606The Critical God|I don't\n|c|\u2606AerBlaziken|thank god\n|c|\u2606The Critical God|Hazzard is waste of time\n|c|\u2606The Critical God|Btw glhf\n|\n|t:|1700155223\n|move|p2a: Grimmsnarl|Parting Shot|p1a: Deez Nuts\n|-unboost|p1a: Deez Nuts|atk|1\n|-unboost|p1a: Deez Nuts|spa|1\n|\n|t:|1700155227\n|switch|p2a: Rillaboom|Rillaboom, F|100\/100|[from] Parting Shot\n|-fieldstart|move: Grassy Terrain|[from] ability: Grassy Surge|[of] p2a: Rillaboom\n|-enditem|p2a: Rillaboom|Grassy Seed\n|-boost|p2a: Rillaboom|def|1|[from] item: Grassy Seed\n|move|p1a: Deez Nuts|Power-Up Punch|p2a: Rillaboom\n|-damage|p2a: Rillaboom|92\/100\n|-boost|p1a: Deez Nuts|atk|1\n|\n|-heal|p2a: Rillaboom|98\/100|[from] Grassy Terrain\n|upkeep\n|turn|2\n|c|\u2606AerBlaziken|gl hf\n|\n|t:|1700155242\n|move|p2a: Rillaboom|Drum Beating|p1a: Deez Nuts\n|-supereffective|p1a: Deez Nuts\n|-damage|p1a: Deez Nuts|0 fnt\n|faint|p1a: Deez Nuts\n|\n|-heal|p2a: Rillaboom|100\/100|[from] Grassy Terrain\n|upkeep\n|\n|t:|1700155246\n|switch|p1a: Lobster|Scizor, M|100\/100\n|turn|3\n|\n|t:|1700155264\n|switch|p2a: Volcarona|Volcarona, F|100\/100\n|detailschange|p1a: Lobster|Scizor-Mega, M\n|-mega|p1a: Lobster|Scizor|Scizorite\n|move|p1a: Lobster|U-turn|p2a: Volcarona\n|-resisted|p2a: Volcarona\n|-damage|p2a: Volcarona|65\/100\n|\n|t:|1700155275\n|switch|p1a: Hellraiser|Dusknoir, M|100\/100|[from] U-turn\n|-ability|p1a: Hellraiser|Pressure\n|\n|-heal|p2a: Volcarona|71\/100|[from] Grassy Terrain\n|upkeep\n|turn|4\n|\n|t:|1700155296\n|move|p1a: Hellraiser|Shadow Sneak|p2a: Volcarona\n|-damage|p2a: Volcarona|36\/100\n|move|p2a: Volcarona|Quiver Dance|p2a: Volcarona\n|-boost|p2a: Volcarona|spa|1\n|-boost|p2a: Volcarona|spd|1\n|-boost|p2a: Volcarona|spe|1\n|\n|-heal|p2a: Volcarona|42\/100|[from] Grassy Terrain\n|upkeep\n|turn|5\n|\n|t:|1700155304\n|move|p1a: Hellraiser|Shadow Sneak|p2a: Volcarona\n|-damage|p2a: Volcarona|6\/100\n|-status|p1a: Hellraiser|brn|[from] ability: Flame Body|[of] p2a: Volcarona\n|move|p2a: Volcarona|Fiery Dance|p1a: Hellraiser\n|-damage|p1a: Hellraiser|38\/100 brn\n|\n|-heal|p2a: Volcarona|12\/100|[from] Grassy Terrain\n|-heal|p1a: Hellraiser|44\/100 brn|[from] Grassy Terrain\n|-damage|p1a: Hellraiser|38\/100 brn|[from] brn\n|-fieldend|move: Grassy Terrain\n|upkeep\n|turn|6\n|\n|t:|1700155312\n|move|p1a: Hellraiser|Shadow Sneak|p2a: Volcarona\n|-damage|p2a: Volcarona|0 fnt\n|faint|p2a: Volcarona\n|\n|-damage|p1a: Hellraiser|32\/100 brn|[from] brn\n|upkeep\n|\n|t:|1700155315\n|switch|p2a: Grimmsnarl|Grimmsnarl, M|100\/100\n|turn|7\n|\n|t:|1700155320\n|move|p2a: Grimmsnarl|Parting Shot|p1a: Hellraiser\n|-unboost|p1a: Hellraiser|atk|1\n|-unboost|p1a: Hellraiser|spa|1\n|\n|t:|1700155324\n|switch|p2a: Corviknight|Corviknight, M|100\/100|[from] Parting Shot\n|move|p1a: Hellraiser|Destiny Bond|p1a: Hellraiser\n|-singlemove|p1a: Hellraiser|Destiny Bond\n|\n|-damage|p1a: Hellraiser|26\/100 brn|[from] brn\n|upkeep\n|turn|8\n|\n|t:|1700155329\n|move|p2a: Corviknight|Iron Defense|p2a: Corviknight\n|-boost|p2a: Corviknight|def|2\n|move|p1a: Hellraiser|Pain Split|p2a: Corviknight\n|-sethp|p2a: Corviknight|60\/100|[from] move: Pain Split|[silent]\n|-sethp|p1a: Hellraiser|81\/100 brn|[from] move: Pain Split\n|\n|-heal|p2a: Corviknight|66\/100|[from] item: Leftovers\n|-damage|p1a: Hellraiser|75\/100 brn|[from] brn\n|upkeep\n|turn|9\n|\n|t:|1700155335\n|move|p2a: Corviknight|Iron Head|p1a: Hellraiser\n|-damage|p1a: Hellraiser|43\/100 brn\n|move|p1a: Hellraiser|Disable|p2a: Corviknight\n|-start|p2a: Corviknight|Disable|Iron Head\n|\n|-heal|p2a: Corviknight|72\/100|[from] item: Leftovers\n|-damage|p1a: Hellraiser|37\/100 brn|[from] brn\n|upkeep\n|turn|10\n|\n|t:|1700155344\n|move|p1a: Hellraiser|Shadow Sneak|p2a: Corviknight\n|-damage|p2a: Corviknight|69\/100\n|move|p2a: Corviknight|Bulk Up|p2a: Corviknight\n|-boost|p2a: Corviknight|atk|1\n|-boost|p2a: Corviknight|def|1\n|\n|-heal|p2a: Corviknight|75\/100|[from] item: Leftovers\n|-damage|p1a: Hellraiser|31\/100 brn|[from] brn\n|upkeep\n|turn|11\n|\n|t:|1700155369\n|switch|p1a: LiveSlugReaction|Wo-Chien|100\/100\n|-ability|p1a: LiveSlugReaction|Tablets of Ruin\n|move|p2a: Corviknight|Bulk Up|p2a: Corviknight\n|-boost|p2a: Corviknight|atk|1\n|-boost|p2a: Corviknight|def|1\n|\n|-heal|p2a: Corviknight|82\/100|[from] item: Leftovers\n|upkeep\n|turn|12\n|\n|t:|1700155377\n|move|p1a: LiveSlugReaction|Leech Seed|p2a: Corviknight\n|-start|p2a: Corviknight|move: Leech Seed\n|move|p2a: Corviknight|Body Press|p1a: LiveSlugReaction\n|-supereffective|p1a: LiveSlugReaction\n|-damage|p1a: LiveSlugReaction|40\/100\n|\n|-heal|p2a: Corviknight|88\/100|[from] item: Leftovers\n|-damage|p2a: Corviknight|75\/100|[from] Leech Seed|[of] p1a: LiveSlugReaction\n|-heal|p1a: LiveSlugReaction|58\/100|[silent]\n|upkeep\n|turn|13\n|\n|t:|1700155387\n|switch|p1a: Hellraiser|Dusknoir, M|31\/100 brn\n|-ability|p1a: Hellraiser|Pressure\n|move|p2a: Corviknight|Body Press|p1a: Hellraiser\n|-immune|p1a: Hellraiser\n|\n|-heal|p2a: Corviknight|82\/100|[from] item: Leftovers\n|-damage|p2a: Corviknight|69\/100|[from] Leech Seed|[of] p1a: Hellraiser\n|-heal|p1a: Hellraiser|48\/100 brn|[silent]\n|-damage|p1a: Hellraiser|42\/100 brn|[from] brn\n|-end|p2a: Corviknight|Disable\n|upkeep\n|turn|14\n|\n|t:|1700155410\n|move|p2a: Corviknight|Iron Head|p1a: Hellraiser\n|-damage|p1a: Hellraiser|0 fnt\n|faint|p1a: Hellraiser\n|\n|-heal|p2a: Corviknight|75\/100|[from] item: Leftovers\n|upkeep\n|\n|t:|1700155415\n|switch|p1a: #FreePorygon|Porygon-Z, shiny|100\/100\n|turn|15\n|\n|t:|1700155419\n|move|p1a: #FreePorygon|Flamethrower|p2a: Corviknight\n|-supereffective|p2a: Corviknight\n|-damage|p2a: Corviknight|5\/100\n|-damage|p1a: #FreePorygon|91\/100|[from] item: Life Orb\n|move|p2a: Corviknight|Body Press|p1a: #FreePorygon\n|-immune|p1a: #FreePorygon\n|\n|-heal|p2a: Corviknight|11\/100|[from] item: Leftovers\n|-damage|p2a: Corviknight|0 fnt|[from] Leech Seed|[of] p1a: #FreePorygon\n|-heal|p1a: #FreePorygon|100\/100|[silent]\n|faint|p2a: Corviknight\n|upkeep\n|\n|t:|1700155440\n|switch|p2a: Rillaboom|Rillaboom, F|100\/100\n|-fieldstart|move: Grassy Terrain|[from] ability: Grassy Surge|[of] p2a: Rillaboom\n|turn|16\n|\n|t:|1700155453\n|-terastallize|p1a: #FreePorygon|Fire\n|move|p2a: Rillaboom|Grassy Glide|p1a: #FreePorygon\n|-resisted|p1a: #FreePorygon\n|-damage|p1a: #FreePorygon|65\/100\n|replace|p1a: Okami|Zoroark-Hisui, M, shiny\n|-end|p1a: Okami|Illusion\n|move|p1a: Okami|Flamethrower|p2a: Rillaboom\n|-supereffective|p2a: Rillaboom\n|-damage|p2a: Rillaboom|0 fnt\n|faint|p2a: Rillaboom\n|-damage|p1a: Okami|55\/100|[from] item: Life Orb\n|\n|-heal|p1a: Okami|61\/100|[from] Grassy Terrain\n|upkeep\n|\n|t:|1700155463\n|switch|p2a: Gyarados|Gyarados, M|100\/100\n|turn|17\n|\n|t:|1700155469\n|move|p1a: Okami|Taunt|p2a: Gyarados\n|-start|p2a: Gyarados|move: Taunt\n|cant|p2a: Gyarados|move: Taunt|Dragon Dance\n|\n|-heal|p1a: Okami|67\/100|[from] Grassy Terrain\n|upkeep\n|turn|18\n|\n|t:|1700155475\n|move|p1a: Okami|Hyper Voice|p2a: Gyarados\n|-damage|p2a: Gyarados|44\/100\n|-damage|p1a: Okami|57\/100|[from] item: Life Orb\n|move|p2a: Gyarados|Waterfall|p1a: Okami\n|-supereffective|p1a: Okami\n|-damage|p1a: Okami|0 fnt\n|faint|p1a: Okami\n|-ability|p2a: Gyarados|Moxie|boost\n|-boost|p2a: Gyarados|atk|1\n|\n|upkeep\n|\n|t:|1700155483\n|switch|p1a: #FreePorygon|Porygon-Z, shiny|100\/100\n|turn|19\n|\n|t:|1700155487\n|switch|p2a: Nidoking|Nidoking, M|100\/100\n|move|p1a: #FreePorygon|Thunderbolt|p2a: Nidoking\n|-immune|p2a: Nidoking\n|\n|upkeep\n|turn|20\n|\n|t:|1700155503\n|-zpower|p1a: #FreePorygon\n|move|p1a: #FreePorygon|Breakneck Blitz|p2a: Nidoking|[zeffect]\n|-damage|p2a: Nidoking|0 fnt\n|faint|p2a: Nidoking\n|\n|-fieldend|move: Grassy Terrain\n|upkeep\n|-message|The Critical God forfeited.\n|\n|win|AerBlaziken\n|raw|AerBlaziken's rating: 1302 &rarr; <strong>1316<\/strong><br \/>(+14 for winning)\n|raw|The Critical God's rating: 1194 &rarr; <strong>1177<\/strong><br \/>(-17 for losing)\n|l|\u2606The Critical God\n|l|\u2606AerBlaziken\n|j|\u2606AerBlaziken\n|player|p1|AerBlaziken|hexmaniac-gen6\n","uploadtime":1700155556,"views":19,"p1id":"aerblaziken","p2id":"thecriticalgod","formatid":"gen9nationaldex","rating":1177,"private":0,"password":""}