{"id":"gen9nationaldex-1990817921","p1":"SegaSunnyD","p2":"KIOOOOOOOO","format":"[Gen 9] National Dex","log":"|j|\u2606SegaSunnyD\n|j|\u2606KIOOOOOOOO\n|t:|1700003938\n|gametype|singles\n|player|p1|SegaSunnyD|caitlin|1098\n|player|p2|KIOOOOOOOO|psychic-gen4|1169\n|teamsize|p1|6\n|teamsize|p2|6\n|gen|9\n|tier|[Gen 9] National Dex\n|rated|\n|rule|HP Percentage Mod: HP is shown in percentages\n|rule|Endless Battle Clause: Forcing endless battles is banned\n|rule|OHKO Clause: OHKO moves are banned\n|rule|Evasion Clause: Evasion abilities, items, and moves are banned\n|rule|Evasion Abilities Clause: Evasion abilities are banned\n|rule|Evasion Items Clause: Evasion items are banned\n|rule|Evasion Moves Clause: Evasion moves are banned\n|rule|Species Clause: Limit one of each Pok\u00e9mon\n|rule|Sleep Clause Mod: Limit one foe put to sleep\n|clearpoke\n|poke|p1|Gardevoir, M|\n|poke|p1|Venomoth, F|\n|poke|p1|Gengar, F|\n|poke|p1|Araquanid, F|\n|poke|p1|Lucario, F|\n|poke|p1|Greninja-*, M|\n|poke|p2|Ninetales-Alola, F|\n|poke|p2|Typhlosion-Hisui, F|\n|poke|p2|Tapu Koko|\n|poke|p2|Skarmory, M|\n|poke|p2|Scizor, M|\n|poke|p2|Eiscue, M|\n|teampreview\n|\n|t:|1700003945\n|start\n|switch|p1a: Araquanid|Araquanid, F, shiny|100\/100\n|switch|p2a: Ninetales|Ninetales-Alola, F|100\/100\n|-weather|Snow|[from] ability: Snow Warning|[of] p2a: Ninetales\n|turn|1\n|\n|t:|1700003951\n|move|p2a: Ninetales|Aurora Veil|p2a: Ninetales\n|-sidestart|p2: KIOOOOOOOO|move: Aurora Veil\n|move|p1a: Araquanid|Sticky Web|p2a: Ninetales\n|-sidestart|p2: KIOOOOOOOO|move: Sticky Web\n|\n|-weather|Snow|[upkeep]\n|upkeep\n|turn|2\n|\n|t:|1700003965\n|switch|p2a: Skarmory|Skarmory, M|100\/100\n|move|p1a: Araquanid|Liquidation|p2a: Skarmory\n|-damage|p2a: Skarmory|83\/100\n|\n|-weather|Snow|[upkeep]\n|-heal|p2a: Skarmory|89\/100|[from] item: Leftovers\n|upkeep\n|turn|3\n|\n|t:|1700003980\n|move|p1a: Araquanid|Magic Coat|p1a: Araquanid\n|-singleturn|p1a: Araquanid|move: Magic Coat\n|move|p2a: Skarmory|Stealth Rock|p1a: Araquanid\n|move|p1a: Araquanid|Stealth Rock|p2a: Skarmory|[from]Magic Coat\n|-sidestart|p2: KIOOOOOOOO|move: Stealth Rock\n|\n|-weather|Snow|[upkeep]\n|-heal|p2a: Skarmory|95\/100|[from] item: Leftovers\n|upkeep\n|turn|4\n|\n|t:|1700003992\n|move|p1a: Araquanid|Magic Coat|p1a: Araquanid\n|-singleturn|p1a: Araquanid|move: Magic Coat\n|move|p2a: Skarmory|Stealth Rock|p1a: Araquanid\n|move|p1a: Araquanid|Stealth Rock||[from]Magic Coat|[still]\n|-fail|p1a: Araquanid\n|\n|-weather|Snow|[upkeep]\n|-heal|p2a: Skarmory|100\/100|[from] item: Leftovers\n|upkeep\n|turn|5\n|\n|t:|1700003998\n|move|p1a: Araquanid|Magic Coat|p1a: Araquanid\n|-singleturn|p1a: Araquanid|move: Magic Coat\n|move|p2a: Skarmory|Stealth Rock|p1a: Araquanid\n|move|p1a: Araquanid|Stealth Rock||[from]Magic Coat|[still]\n|-fail|p1a: Araquanid\n|\n|-weather|Snow|[upkeep]\n|-sideend|p2: KIOOOOOOOO|move: Aurora Veil\n|upkeep\n|turn|6\n|\n|t:|1700004009\n|move|p1a: Araquanid|Magic Coat|p1a: Araquanid\n|-singleturn|p1a: Araquanid|move: Magic Coat\n|move|p2a: Skarmory|Defog|p1a: Araquanid\n|move|p1a: Araquanid|Defog|p2a: Skarmory|[from]Magic Coat\n|-unboost|p2a: Skarmory|evasion|1\n|-sideend|p2: KIOOOOOOOO|Stealth Rock|[from] move: Defog|[of] p1a: Araquanid\n|-sideend|p2: KIOOOOOOOO|Sticky Web|[from] move: Defog|[of] p1a: Araquanid\n|\n|-weather|Snow|[upkeep]\n|upkeep\n|turn|7\n|\n|t:|1700004014\n|move|p2a: Skarmory|Stealth Rock|p1a: Araquanid\n|-sidestart|p1: SegaSunnyD|move: Stealth Rock\n|move|p1a: Araquanid|Liquidation|p2a: Skarmory\n|-crit|p2a: Skarmory\n|-damage|p2a: Skarmory|39\/100\n|\n|-weather|Snow|[upkeep]\n|-heal|p2a: Skarmory|45\/100|[from] item: Leftovers\n|upkeep\n|turn|8\n|\n|t:|1700004025\n|switch|p2a: Eiscue|Eiscue, M|100\/100\n|move|p1a: Araquanid|Sticky Web|p2a: Eiscue\n|-sidestart|p2: KIOOOOOOOO|move: Sticky Web\n|\n|-weather|none\n|upkeep\n|turn|9\n|\n|t:|1700004031\n|move|p2a: Eiscue|Agility|p2a: Eiscue\n|-boost|p2a: Eiscue|spe|2\n|move|p1a: Araquanid|Liquidation|p2a: Eiscue\n|-activate|p2a: Eiscue|ability: Ice Face\n|-damage|p2a: Eiscue|100\/100\n|detailschange|p2a: Eiscue|Eiscue-Noice, M\n|\n|upkeep\n|turn|10\n|\n|t:|1700004041\n|move|p2a: Eiscue|Substitute|p2a: Eiscue\n|-start|p2a: Eiscue|Substitute\n|-damage|p2a: Eiscue|76\/100\n|move|p1a: Araquanid|Liquidation|p2a: Eiscue\n|-end|p2a: Eiscue|Substitute\n|\n|upkeep\n|turn|11\n|\n|t:|1700004047\n|switch|p2a: Ninetales|Ninetales-Alola, F|100\/100\n|-activate|p2a: Ninetales|move: Sticky Web\n|-unboost|p2a: Ninetales|spe|1\n|-weather|Snow|[from] ability: Snow Warning|[of] p2a: Ninetales\n|move|p1a: Araquanid|Liquidation|p2a: Ninetales\n|-damage|p2a: Ninetales|35\/100\n|\n|-weather|Snow|[upkeep]\n|upkeep\n|turn|12\n|\n|t:|1700004057\n|switch|p2a: Eiscue|Eiscue-Noice, M|76\/100\n|-activate|p2a: Eiscue|move: Sticky Web\n|-unboost|p2a: Eiscue|spe|1\n|-activate|p2a: Eiscue|ability: Ice Face\n|detailschange|p2a: Eiscue|Eiscue, M\n|move|p1a: Araquanid|Liquidation|p2a: Eiscue\n|-activate|p2a: Eiscue|ability: Ice Face\n|-damage|p2a: Eiscue|76\/100\n|-unboost|p2a: Eiscue|def|1\n|detailschange|p2a: Eiscue|Eiscue-Noice, M\n|\n|-weather|Snow|[upkeep]\n|upkeep\n|turn|13\n|\n|t:|1700004065\n|move|p2a: Eiscue|Substitute|p2a: Eiscue\n|-start|p2a: Eiscue|Substitute\n|-damage|p2a: Eiscue|51\/100\n|move|p1a: Araquanid|Liquidation|p2a: Eiscue\n|-end|p2a: Eiscue|Substitute\n|\n|-weather|Snow|[upkeep]\n|upkeep\n|turn|14\n|\n|t:|1700004086\n|move|p2a: Eiscue|Icicle Spear|p1a: Araquanid\n|-resisted|p1a: Araquanid\n|-damage|p1a: Araquanid|95\/100\n|-resisted|p1a: Araquanid\n|-damage|p1a: Araquanid|90\/100\n|-resisted|p1a: Araquanid\n|-damage|p1a: Araquanid|84\/100\n|-resisted|p1a: Araquanid\n|-damage|p1a: Araquanid|78\/100\n|-resisted|p1a: Araquanid\n|-damage|p1a: Araquanid|72\/100\n|-hitcount|p1a: Araquanid|5\n|move|p1a: Araquanid|Liquidation|p2a: Eiscue\n|-damage|p2a: Eiscue|0 fnt\n|faint|p2a: Eiscue\n|\n|-weather|Snow|[upkeep]\n|upkeep\n|\n|t:|1700004091\n|switch|p2a: Skarmory|Skarmory, M|45\/100\n|turn|15\n|\n|t:|1700004095\n|move|p2a: Skarmory|Defog|p1a: Araquanid\n|-unboost|p1a: Araquanid|evasion|1\n|-sideend|p1: SegaSunnyD|Stealth Rock|[from] move: Defog|[of] p2a: Skarmory\n|-sideend|p2: KIOOOOOOOO|Sticky Web|[from] move: Defog|[of] p2a: Skarmory\n|move|p1a: Araquanid|Liquidation|p2a: Skarmory\n|-damage|p2a: Skarmory|7\/100\n|\n|-weather|Snow|[upkeep]\n|-heal|p2a: Skarmory|13\/100|[from] item: Leftovers\n|upkeep\n|turn|16\n|\n|t:|1700004105\n|switch|p2a: Scizor|Scizor, M|100\/100\n|move|p1a: Araquanid|Magic Coat|p1a: Araquanid\n|-singleturn|p1a: Araquanid|move: Magic Coat\n|\n|-weather|Snow|[upkeep]\n|upkeep\n|turn|17\n|\n|t:|1700004109\n|detailschange|p2a: Scizor|Scizor-Mega, M\n|-mega|p2a: Scizor|Scizor|Scizorite\n|move|p2a: Scizor|Swords Dance|p2a: Scizor\n|-boost|p2a: Scizor|atk|2\n|move|p1a: Araquanid|Sticky Web|p2a: Scizor\n|-sidestart|p2: KIOOOOOOOO|move: Sticky Web\n|\n|-weather|Snow|[upkeep]\n|upkeep\n|turn|18\n|\n|t:|1700004114\n|move|p2a: Scizor|Swords Dance|p2a: Scizor\n|-boost|p2a: Scizor|atk|2\n|move|p1a: Araquanid|Liquidation|p2a: Scizor\n|-damage|p2a: Scizor|51\/100\n|\n|-weather|none\n|upkeep\n|turn|19\n|\n|t:|1700004124\n|move|p2a: Scizor|Bullet Punch|p1a: Araquanid\n|-resisted|p1a: Araquanid\n|-damage|p1a: Araquanid|12\/100\n|move|p1a: Araquanid|Liquidation|p2a: Scizor\n|-damage|p2a: Scizor|2\/100\n|\n|upkeep\n|turn|20\n|\n|t:|1700004131\n|move|p2a: Scizor|Bullet Punch|p1a: Araquanid\n|-resisted|p1a: Araquanid\n|-damage|p1a: Araquanid|0 fnt\n|faint|p1a: Araquanid\n|\n|upkeep\n|\n|t:|1700004135\n|switch|p1a: Lucario|Lucario, F, shiny|100\/100\n|turn|21\n|\n|t:|1700004143\n|switch|p2a: Ninetales|Ninetales-Alola, F|35\/100\n|-activate|p2a: Ninetales|move: Sticky Web\n|-unboost|p2a: Ninetales|spe|1\n|-weather|Snow|[from] ability: Snow Warning|[of] p2a: Ninetales\n|move|p1a: Lucario|Bullet Punch|p2a: Ninetales\n|-supereffective|p2a: Ninetales\n|-damage|p2a: Ninetales|0 fnt\n|faint|p2a: Ninetales\n|-damage|p1a: Lucario|91\/100|[from] item: Life Orb\n|\n|-weather|Snow|[upkeep]\n|upkeep\n|\n|t:|1700004145\n|switch|p2a: Skarmory|Skarmory, M|13\/100\n|turn|22\n|\n|t:|1700004148\n|move|p1a: Lucario|Close Combat|p2a: Skarmory\n|-damage|p2a: Skarmory|0 fnt\n|-unboost|p1a: Lucario|def|1\n|-unboost|p1a: Lucario|spd|1\n|faint|p2a: Skarmory\n|-damage|p1a: Lucario|81\/100|[from] item: Life Orb\n|\n|-weather|Snow|[upkeep]\n|upkeep\n|\n|t:|1700004153\n|switch|p2a: Scizor|Scizor-Mega, M|2\/100\n|-activate|p2a: Scizor|move: Sticky Web\n|-unboost|p2a: Scizor|spe|1\n|turn|23\n|\n|t:|1700004156\n|move|p1a: Lucario|Bullet Punch|p2a: Scizor\n|-resisted|p2a: Scizor\n|-damage|p2a: Scizor|0 fnt\n|faint|p2a: Scizor\n|-damage|p1a: Lucario|71\/100|[from] item: Life Orb\n|\n|-weather|Snow|[upkeep]\n|upkeep\n|\n|t:|1700004159\n|switch|p2a: Typhlosion|Typhlosion-Hisui, F|100\/100\n|-activate|p2a: Typhlosion|move: Sticky Web\n|-unboost|p2a: Typhlosion|spe|1\n|turn|24\n|\n|t:|1700004162\n|move|p1a: Lucario|Earthquake|p2a: Typhlosion\n|-supereffective|p2a: Typhlosion\n|-damage|p2a: Typhlosion|0 fnt\n|faint|p2a: Typhlosion\n|-damage|p1a: Lucario|61\/100|[from] item: Life Orb\n|\n|-weather|Snow|[upkeep]\n|upkeep\n|\n|t:|1700004164\n|switch|p2a: Tapu Koko|Tapu Koko|100\/100\n|-activate|p2a: Tapu Koko|move: Sticky Web\n|-unboost|p2a: Tapu Koko|spe|1\n|-fieldstart|move: Electric Terrain|[from] ability: Electric Surge|[of] p2a: Tapu Koko\n|turn|25\n|\n|t:|1700004170\n|move|p1a: Lucario|Earthquake|p2a: Tapu Koko\n|-supereffective|p2a: Tapu Koko\n|-damage|p2a: Tapu Koko|0 fnt\n|faint|p2a: Tapu Koko\n|-damage|p1a: Lucario|51\/100|[from] item: Life Orb\n|\n|win|SegaSunnyD\n|raw|SegaSunnyD's rating: 1098 &rarr; <strong>1128<\/strong><br \/>(+30 for winning)\n|raw|KIOOOOOOOO's rating: 1169 &rarr; <strong>1139<\/strong><br \/>(-30 for losing)\n|l|\u2606KIOOOOOOOO\n","uploadtime":1700004189,"views":4,"p1id":"segasunnyd","p2id":"kioooooooo","formatid":"gen9nationaldex","rating":1128,"private":0,"password":""}