{"id":"gen9nationaldex-1993659421","p1":"Chikorita127","p2":"Shido464","format":"[Gen 9] National Dex","log":"|j|\u2606Chikorita127\n|j|\u2606Shido464\n|t:|1700342564\n|gametype|singles\n|player|p1|Chikorita127|1|1119\n|player|p2|Shido464|shadowtriad|1081\n|teamsize|p1|6\n|teamsize|p2|6\n|gen|9\n|tier|[Gen 9] National Dex\n|rated|\n|rule|HP Percentage Mod: HP is shown in percentages\n|rule|Endless Battle Clause: Forcing endless battles is banned\n|rule|OHKO Clause: OHKO moves are banned\n|rule|Evasion Clause: Evasion abilities, items, and moves are banned\n|rule|Evasion Abilities Clause: Evasion abilities are banned\n|rule|Evasion Items Clause: Evasion items are banned\n|rule|Evasion Moves Clause: Evasion moves are banned\n|rule|Species Clause: Limit one of each Pok\u00e9mon\n|rule|Sleep Clause Mod: Limit one foe put to sleep\n|clearpoke\n|poke|p1|Lopunny, F|\n|poke|p1|Gardevoir, F|\n|poke|p1|Vaporeon, F|\n|poke|p1|Ditto|\n|poke|p1|Meowscarada, F|\n|poke|p1|Tsareena, F|\n|poke|p2|Goodra-Hisui, M|\n|poke|p2|Garchomp, M|\n|poke|p2|Hydreigon, M|\n|poke|p2|Cyclizar, M|\n|poke|p2|Dragalge, M|\n|poke|p2|Kyurem|\n|teampreview\n|c|\u2606Shido464|Vaporeom\n|c|\u2606Shido464|._.\n|c|\u2606Shido464|Toma no seu cu arrombado\n|c|\u2606Chikorita127|Is something wrong?\n|c|\u2606Shido464|Porra\n|inactive|Battle timer is ON: inactive players will automatically lose when time's up. (requested by Chikorita127)\n|c|\u2606Shido464|Vai pegar um pokemon\n|\n|t:|1700342603\n|start\n|switch|p1a: Ditto|Ditto|100\/100\n|switch|p2a: Kyurem|Kyurem|100\/100\n|-ability|p2a: Kyurem|Pressure\n|-transform|p1a: Ditto|p2a: Kyurem|[from] ability: Imposter\n|-ability|p1a: Ditto|Pressure\n|turn|1\n|\n|t:|1700342614\n|move|p2a: Kyurem|Dragon Dance|p2a: Kyurem\n|-boost|p2a: Kyurem|atk|1\n|-boost|p2a: Kyurem|spe|1\n|move|p1a: Ditto|Scale Shot|p2a: Kyurem|[miss]\n|-miss|p1a: Ditto|p2a: Kyurem\n|\n|upkeep\n|turn|2\n|\n|t:|1700342623\n|move|p2a: Kyurem|Scale Shot|p1a: Ditto\n|-supereffective|p1a: Ditto\n|-damage|p1a: Ditto|46\/100\n|-supereffective|p1a: Ditto\n|-damage|p1a: Ditto|0 fnt\n|faint|p1a: Ditto\n|-hitcount|p1: Ditto|2\n|-unboost|p2a: Kyurem|def|1\n|-boost|p2a: Kyurem|spe|1\n|\n|upkeep\n|\n|t:|1700342633\n|switch|p1a: Vaporeon|Vaporeon, F|100\/100\n|turn|3\n|c|\u2606Shido464|Nooooo\n|\n|t:|1700342645\n|move|p2a: Kyurem|Scale Shot|p1a: Vaporeon\n|-damage|p1a: Vaporeon|75\/100\n|-damage|p1a: Vaporeon|52\/100\n|-hitcount|p1a: Vaporeon|2\n|-unboost|p2a: Kyurem|def|1\n|-boost|p2a: Kyurem|spe|1\n|move|p1a: Vaporeon|Shadow Ball|p2a: Kyurem\n|-damage|p2a: Kyurem|73\/100\n|-unboost|p2a: Kyurem|spd|1\n|\n|upkeep\n|turn|4\n|\n|t:|1700342658\n|move|p2a: Kyurem|Scale Shot|p1a: Vaporeon\n|-damage|p1a: Vaporeon|28\/100\n|-damage|p1a: Vaporeon|3\/100\n|-damage|p1a: Vaporeon|0 fnt\n|faint|p1a: Vaporeon\n|-hitcount|p1: Vaporeon|3\n|-unboost|p2a: Kyurem|def|1\n|-boost|p2a: Kyurem|spe|1\n|\n|upkeep\n|\n|t:|1700342666\n|switch|p1a: Lopunny|Lopunny, F|100\/100\n|turn|5\n|\n|t:|1700342673\n|switch|p2a: Dragalge|Dragalge, M|100\/100\n|detailschange|p1a: Lopunny|Lopunny-Mega, F\n|-mega|p1a: Lopunny|Lopunny|Lopunnite\n|move|p1a: Lopunny|Fake Out|p2a: Dragalge\n|-damage|p2a: Dragalge|77\/100\n|\n|-heal|p2a: Dragalge|83\/100|[from] item: Black Sludge\n|upkeep\n|turn|6\n|\n|t:|1700342684\n|move|p1a: Lopunny|Attract|p2a: Dragalge\n|-start|p2a: Dragalge|Attract\n|-activate|p2a: Dragalge|move: Attract|[of] p1a: Lopunny\n|move|p2a: Dragalge|Acid Armor|p2a: Dragalge\n|-boost|p2a: Dragalge|def|2\n|\n|-heal|p2a: Dragalge|89\/100|[from] item: Black Sludge\n|upkeep\n|turn|7\n|\n|t:|1700342691\n|move|p1a: Lopunny|Drain Punch|p2a: Dragalge\n|-resisted|p2a: Dragalge\n|-damage|p2a: Dragalge|77\/100\n|-activate|p2a: Dragalge|move: Attract|[of] p1a: Lopunny\n|cant|p2a: Dragalge|Attract\n|\n|-heal|p2a: Dragalge|83\/100|[from] item: Black Sludge\n|upkeep\n|turn|8\n|\n|t:|1700342700\n|move|p1a: Lopunny|Ice Punch|p2a: Dragalge\n|-supereffective|p2a: Dragalge\n|-damage|p2a: Dragalge|54\/100\n|-activate|p2a: Dragalge|move: Attract|[of] p1a: Lopunny\n|cant|p2a: Dragalge|Attract\n|\n|-heal|p2a: Dragalge|60\/100|[from] item: Black Sludge\n|upkeep\n|turn|9\n|inactive|Shido464 has 120 seconds left.\n|inactive|Shido464 has 90 seconds left.\n|inactive|Shido464 has 60 seconds left.\n|inactive|Shido464 has 30 seconds left.\n|inactive|Shido464 has 20 seconds left.\n|inactive|Shido464 has 15 seconds left.\n|inactive|Shido464 has 10 seconds left.\n|inactive|Shido464 has 5 seconds left.\n|-message|Shido464 lost due to inactivity.\n|\n|win|Chikorita127\n|raw|Chikorita127's rating: 1119 &rarr; <strong>1141<\/strong><br \/>(+22 for winning)\n|raw|Shido464's rating: 1081 &rarr; <strong>1061<\/strong><br \/>(-20 for losing)\n","uploadtime":1700342581,"views":6,"p1id":"chikorita127","p2id":"shido464","formatid":"gen9nationaldex","rating":1061,"private":0,"password":""}