{"id":"gen9nationaldex-1998566609","p1":"S2i8","p2":"guixiyu114514","format":"[Gen 9] National Dex","log":"|html|<div class=\"broadcast-blue\"><strong>[Gen 9] National Dex is currently suspecting Sneasler! For information on how to participate check out the <a href=\"https:\/\/www.smogon.com\/forums\/threads\/sv-national-dex-suspect-8-just-dance.3731534\/\">suspect thread<\/a>.<\/strong><\/div>\n|j|\u2606S2i8\n|j|\u2606guixiyu114514\n|t:|1700957189\n|gametype|singles\n|player|p1|S2i8|266|1386\n|player|p2|guixiyu114514|2|1498\n|teamsize|p1|6\n|teamsize|p2|6\n|gen|9\n|tier|[Gen 9] National Dex\n|rated|\n|rule|HP Percentage Mod: HP is shown in percentages\n|rule|Endless Battle Clause: Forcing endless battles is banned\n|rule|OHKO Clause: OHKO moves are banned\n|rule|Evasion Clause: Evasion abilities, items, and moves are banned\n|rule|Evasion Abilities Clause: Evasion abilities are banned\n|rule|Evasion Items Clause: Evasion items are banned\n|rule|Evasion Moves Clause: Evasion moves are banned\n|rule|Species Clause: Limit one of each Pok\u00e9mon\n|rule|Sleep Clause Mod: Limit one foe put to sleep\n|clearpoke\n|poke|p1|Thundurus-Therian, M|\n|poke|p1|Ferrothorn, F|\n|poke|p1|Salamence, F|\n|poke|p1|Tyranitar, F|\n|poke|p1|Celesteela|\n|poke|p1|Tapu Fini|\n|poke|p2|Garchomp, F|\n|poke|p2|Tapu Lele|\n|poke|p2|Rillaboom, M|\n|poke|p2|Moltres|\n|poke|p2|Diancie|\n|poke|p2|Blaziken, M|\n|teampreview\n|\n|t:|1700957197\n|start\n|switch|p1a: Tapu Fini|Tapu Fini, shiny|100\/100\n|switch|p2a: Tapu Lele|Tapu Lele|100\/100\n|-fieldstart|move: Psychic Terrain|[from] ability: Psychic Surge|[of] p2a: Tapu Lele\n|-fieldstart|move: Misty Terrain|[from] ability: Misty Surge|[of] p1a: Tapu Fini\n|turn|1\n|inactive|Battle timer is ON: inactive players will automatically lose when time's up. (requested by guixiyu114514)\n|\n|t:|1700957202\n|switch|p2a: Rillaboom|Rillaboom, M|100\/100\n|-fieldstart|move: Grassy Terrain|[from] ability: Grassy Surge|[of] p2a: Rillaboom\n|switch|p1a: Celesteela|Celesteela, shiny|100\/100\n|\n|upkeep\n|turn|2\n|\n|t:|1700957208\n|switch|p2a: Moltres|Moltres|100\/100\n|move|p1a: Celesteela|Air Slash|p2a: Moltres\n|-damage|p2a: Moltres|39\/100\n|\n|upkeep\n|turn|3\n|\n|t:|1700957213\n|switch|p2a: Garchomp|Garchomp, F|100\/100\n|switch|p1a: Salamence|Salamence, F|100\/100\n|-ability|p1a: Salamence|Intimidate|boost\n|-unboost|p2a: Garchomp|atk|1\n|\n|upkeep\n|turn|4\n|\n|t:|1700957218\n|switch|p2a: Tapu Lele|Tapu Lele|100\/100\n|-fieldstart|move: Psychic Terrain|[from] ability: Psychic Surge|[of] p2a: Tapu Lele\n|move|p1a: Salamence|Draco Meteor|p2a: Tapu Lele\n|-immune|p2a: Tapu Lele\n|\n|upkeep\n|turn|5\n|\n|t:|1700957222\n|switch|p1a: Celesteela|Celesteela, shiny|100\/100\n|move|p2a: Tapu Lele|Moonblast|p1a: Celesteela\n|-resisted|p1a: Celesteela\n|-damage|p1a: Celesteela|63\/100\n|-unboost|p1a: Celesteela|spa|1\n|\n|upkeep\n|turn|6\n|\n|t:|1700957227\n|move|p2a: Tapu Lele|Moonblast|p1a: Celesteela\n|-resisted|p1a: Celesteela\n|-damage|p1a: Celesteela|30\/100\n|move|p1a: Celesteela|Flash Cannon|p2a: Tapu Lele\n|-supereffective|p2a: Tapu Lele\n|-damage|p2a: Tapu Lele|29\/100\n|\n|upkeep\n|turn|7\n|\n|t:|1700957232\n|switch|p1a: Ferrothorn|Ferrothorn, F|100\/100\n|move|p2a: Tapu Lele|Moonblast|p1a: Ferrothorn\n|-resisted|p1a: Ferrothorn\n|-damage|p1a: Ferrothorn|67\/100\n|\n|upkeep\n|turn|8\n|\n|t:|1700957236\n|switch|p2a: Moltres|Moltres|39\/100\n|move|p1a: Ferrothorn|Gyro Ball|p2a: Moltres\n|-resisted|p2a: Moltres\n|-damage|p2a: Moltres|17\/100\n|\n|-fieldend|move: Psychic Terrain\n|upkeep\n|turn|9\n|\n|t:|1700957240\n|switch|p1a: Salamence|Salamence, F|100\/100\n|-ability|p1a: Salamence|Intimidate|boost\n|-unboost|p2a: Moltres|atk|1\n|move|p2a: Moltres|Roost|p2a: Moltres\n|-heal|p2a: Moltres|67\/100\n|-singleturn|p2a: Moltres|move: Roost\n|\n|upkeep\n|turn|10\n|\n|t:|1700957248\n|switch|p2a: Tapu Lele|Tapu Lele|29\/100\n|-fieldstart|move: Psychic Terrain|[from] ability: Psychic Surge|[of] p2a: Tapu Lele\n|move|p1a: Salamence|Hydro Pump|p2a: Tapu Lele\n|-damage|p2a: Tapu Lele|0 fnt\n|faint|p2a: Tapu Lele\n|\n|upkeep\n|\n|t:|1700957252\n|switch|p2a: Garchomp|Garchomp, F|100\/100\n|turn|11\n|\n|t:|1700957255\n|switch|p1a: Celesteela|Celesteela, shiny|30\/100\n|move|p2a: Garchomp|Swords Dance|p2a: Garchomp\n|-boost|p2a: Garchomp|atk|2\n|\n|upkeep\n|turn|12\n|\n|t:|1700957259\n|move|p2a: Garchomp|Scale Shot|p1a: Celesteela|[miss]\n|-miss|p2a: Garchomp|p1a: Celesteela\n|move|p1a: Celesteela|Flash Cannon|p2a: Garchomp\n|-damage|p2a: Garchomp|34\/100\n|\n|upkeep\n|turn|13\n|\n|t:|1700957261\n|move|p2a: Garchomp|Scale Shot|p1a: Celesteela\n|-resisted|p1a: Celesteela\n|-damage|p1a: Celesteela|18\/100\n|-resisted|p1a: Celesteela\n|-damage|p1a: Celesteela|7\/100\n|-resisted|p1a: Celesteela\n|-damage|p1a: Celesteela|0 fnt\n|faint|p1a: Celesteela\n|-hitcount|p1: Celesteela|3\n|-unboost|p2a: Garchomp|def|1\n|-boost|p2a: Garchomp|spe|1\n|\n|upkeep\n|\n|t:|1700957271\n|switch|p1a: Salamence|Salamence, F|100\/100\n|-ability|p1a: Salamence|Intimidate|boost\n|-unboost|p2a: Garchomp|atk|1\n|turn|14\n|\n|t:|1700957278\n|-terastallize|p1a: Salamence|Fairy\n|move|p2a: Garchomp|Swords Dance|p2a: Garchomp\n|-boost|p2a: Garchomp|atk|2\n|move|p1a: Salamence|Hydro Pump|p2a: Garchomp\n|-damage|p2a: Garchomp|0 fnt\n|faint|p2a: Garchomp\n|\n|-fieldend|move: Psychic Terrain\n|upkeep\n|\n|t:|1700957281\n|switch|p2a: Rillaboom|Rillaboom, M|100\/100\n|-fieldstart|move: Grassy Terrain|[from] ability: Grassy Surge|[of] p2a: Rillaboom\n|turn|15\n|\n|t:|1700957288\n|switch|p1a: Ferrothorn|Ferrothorn, F|67\/100\n|move|p2a: Rillaboom|Superpower|p1a: Ferrothorn\n|-supereffective|p1a: Ferrothorn\n|-damage|p1a: Ferrothorn|0 fnt\n|-unboost|p2a: Rillaboom|atk|1\n|-unboost|p2a: Rillaboom|def|1\n|-damage|p2a: Rillaboom|88\/100|[from] ability: Iron Barbs|[of] p1a: Ferrothorn\n|-damage|p2a: Rillaboom|71\/100|[from] item: Rocky Helmet|[of] p1a: Ferrothorn\n|faint|p1a: Ferrothorn\n|\n|-heal|p2a: Rillaboom|78\/100|[from] Grassy Terrain\n|upkeep\n|\n|t:|1700957296\n|switch|p1a: Salamence|Salamence, F, tera:Fairy|100\/100\n|-ability|p1a: Salamence|Intimidate|boost\n|-unboost|p2a: Rillaboom|atk|1\n|turn|16\n|\n|t:|1700957305\n|switch|p2a: Moltres|Moltres|67\/100\n|move|p1a: Salamence|Hurricane|p2a: Moltres\n|-damage|p2a: Moltres|0 fnt\n|faint|p2a: Moltres\n|\n|upkeep\n|\n|t:|1700957308\n|switch|p2a: Diancie|Diancie|100\/100\n|turn|17\n|\n|t:|1700957313\n|switch|p1a: Tapu Fini|Tapu Fini, shiny|100\/100\n|-fieldstart|move: Misty Terrain|[from] ability: Misty Surge|[of] p1a: Tapu Fini\n|detailschange|p2a: Diancie|Diancie-Mega\n|-mega|p2a: Diancie|Diancie|Diancite\n|move|p2a: Diancie|Moonblast|p1a: Tapu Fini\n|-damage|p1a: Tapu Fini|58\/100\n|\n|upkeep\n|turn|18\n|\n|t:|1700957322\n|move|p2a: Diancie|Moonblast|p1a: Tapu Fini\n|-damage|p1a: Tapu Fini|9\/100\n|move|p1a: Tapu Fini|Hydro Pump|p2a: Diancie\n|-supereffective|p2a: Diancie\n|-damage|p2a: Diancie|0 fnt\n|faint|p2a: Diancie\n|\n|upkeep\n|\n|t:|1700957326\n|switch|p2a: Rillaboom|Rillaboom, M|78\/100\n|-fieldstart|move: Grassy Terrain|[from] ability: Grassy Surge|[of] p2a: Rillaboom\n|turn|19\n|\n|t:|1700957331\n|switch|p1a: Salamence|Salamence, F, tera:Fairy|100\/100\n|-ability|p1a: Salamence|Intimidate|boost\n|-unboost|p2a: Rillaboom|atk|1\n|move|p2a: Rillaboom|Grassy Glide|p1a: Salamence\n|-damage|p1a: Salamence|59\/100\n|\n|-heal|p1a: Salamence|65\/100|[from] Grassy Terrain\n|-heal|p2a: Rillaboom|84\/100|[from] Grassy Terrain\n|upkeep\n|turn|20\n|\n|t:|1700957344\n|move|p2a: Rillaboom|Grassy Glide|p1a: Salamence\n|-damage|p1a: Salamence|23\/100\n|move|p1a: Salamence|Draco Meteor|p2a: Rillaboom\n|-damage|p2a: Rillaboom|0 fnt\n|-unboost|p1a: Salamence|spa|2\n|faint|p2a: Rillaboom\n|\n|-heal|p1a: Salamence|29\/100|[from] Grassy Terrain\n|upkeep\n|\n|t:|1700957354\n|switch|p2a: Blaziken|Blaziken, M|100\/100\n|turn|21\n|\n|t:|1700957356\n|move|p2a: Blaziken|Hone Claws|p2a: Blaziken\n|-boost|p2a: Blaziken|atk|1\n|-boost|p2a: Blaziken|accuracy|1\n|move|p1a: Salamence|Draco Meteor|p2a: Blaziken\n|-damage|p2a: Blaziken|30\/100\n|-unboost|p1a: Salamence|spa|2\n|\n|-heal|p2a: Blaziken|36\/100|[from] Grassy Terrain\n|-heal|p1a: Salamence|36\/100|[from] Grassy Terrain\n|-ability|p2a: Blaziken|Speed Boost|boost\n|-boost|p2a: Blaziken|spe|1\n|upkeep\n|turn|22\n|\n|t:|1700957362\n|move|p2a: Blaziken|Stone Edge|p1a: Salamence\n|-damage|p1a: Salamence|0 fnt\n|faint|p1a: Salamence\n|\n|-heal|p2a: Blaziken|42\/100|[from] Grassy Terrain\n|-ability|p2a: Blaziken|Speed Boost|boost\n|-boost|p2a: Blaziken|spe|1\n|upkeep\n|\n|t:|1700957371\n|switch|p1a: Thundurus|Thundurus-Therian, M, shiny|100\/100\n|turn|23\n|\n|t:|1700957376\n|-terastallize|p2a: Blaziken|Rock\n|move|p2a: Blaziken|Stone Edge|p1a: Thundurus\n|-supereffective|p1a: Thundurus\n|-damage|p1a: Thundurus|0 fnt\n|faint|p1a: Thundurus\n|\n|-heal|p2a: Blaziken|48\/100|[from] Grassy Terrain\n|-fieldend|move: Grassy Terrain\n|-ability|p2a: Blaziken|Speed Boost|boost\n|-boost|p2a: Blaziken|spe|1\n|upkeep\n|\n|t:|1700957381\n|switch|p1a: Tapu Fini|Tapu Fini, shiny|9\/100\n|-fieldstart|move: Misty Terrain|[from] ability: Misty Surge|[of] p1a: Tapu Fini\n|turn|24\n|\n|t:|1700957385\n|move|p2a: Blaziken|Stone Edge|p1a: Tapu Fini\n|-damage|p1a: Tapu Fini|0 fnt\n|faint|p1a: Tapu Fini\n|\n|-ability|p2a: Blaziken|Speed Boost|boost\n|-boost|p2a: Blaziken|spe|1\n|upkeep\n|\n|t:|1700957387\n|switch|p1a: Tyranitar|Tyranitar, F, shiny|100\/100\n|-weather|Sandstorm|[from] ability: Sand Stream|[of] p1a: Tyranitar\n|turn|25\n|\n|t:|1700957392\n|detailschange|p1a: Tyranitar|Tyranitar-Mega, F, shiny\n|-mega|p1a: Tyranitar|Tyranitar|Tyranitarite\n|move|p2a: Blaziken|Close Combat|p1a: Tyranitar\n|-supereffective|p1a: Tyranitar\n|-damage|p1a: Tyranitar|0 fnt\n|-unboost|p2a: Blaziken|def|1\n|-unboost|p2a: Blaziken|spd|1\n|faint|p1a: Tyranitar\n|\n|win|guixiyu114514\n|raw|S2i8's rating: 1386 &rarr; <strong>1372<\/strong><br \/>(-14 for losing)\n|raw|guixiyu114514's rating: 1498 &rarr; <strong>1512<\/strong><br \/>(+14 for winning)\n","uploadtime":1700957403,"views":1,"p1id":"s2i8","p2id":"guixiyu114514","formatid":"gen9nationaldex","rating":1372,"private":0,"password":""}