{"id":"gen9nationaldex-1997596486","p1":"Moonlight_th07","p2":"FromRussiaWithLove","format":"[Gen 9] National Dex","log":"|html|<div class=\"broadcast-blue\"><strong>[Gen 9] National Dex is currently suspecting Sneasler! For information on how to participate check out the <a href=\"https:\/\/www.smogon.com\/forums\/threads\/sv-national-dex-suspect-8-just-dance.3731534\/\">suspect thread<\/a>.<\/strong><\/div>\n|j|\u2606Moonlight_th07\n|j|\u2606FromRussiaWithLove\n|t:|1700830808\n|gametype|singles\n|player|p1|Moonlight_th07|dawn-gen4pt|1121\n|player|p2|FromRussiaWithLove|swimmerf|1158\n|teamsize|p1|6\n|teamsize|p2|6\n|gen|9\n|tier|[Gen 9] National Dex\n|rated|\n|rule|HP Percentage Mod: HP is shown in percentages\n|rule|Endless Battle Clause: Forcing endless battles is banned\n|rule|OHKO Clause: OHKO moves are banned\n|rule|Evasion Clause: Evasion abilities, items, and moves are banned\n|rule|Evasion Abilities Clause: Evasion abilities are banned\n|rule|Evasion Items Clause: Evasion items are banned\n|rule|Evasion Moves Clause: Evasion moves are banned\n|rule|Species Clause: Limit one of each Pok\u00e9mon\n|rule|Sleep Clause Mod: Limit one foe put to sleep\n|clearpoke\n|poke|p1|Sylveon, F|\n|poke|p1|Kommo-o, M|\n|poke|p1|Iron Moth|\n|poke|p1|Excadrill, M|\n|poke|p1|Greninja-*, M|\n|poke|p1|Decidueye-Hisui, M|\n|poke|p2|Jirachi|\n|poke|p2|Grimmsnarl, M|\n|poke|p2|Absol, M|\n|poke|p2|Ninetales, M|\n|poke|p2|Quagsire, M|\n|poke|p2|Gourgeist-*, M|\n|teampreview\n|inactive|Battle timer is ON: inactive players will automatically lose when time's up. (requested by FromRussiaWithLove)\n|inactive|Moonlight_th07 also wants the timer to be on.\n|\n|t:|1700830815\n|start\n|switch|p1a: Greninja|Greninja, M|100\/100\n|switch|p2a: YETI|Grimmsnarl, M, shiny|100\/100\n|turn|1\n|\n|t:|1700830823\n|move|p2a: YETI|Light Screen|p2a: YETI\n|-sidestart|p2: FromRussiaWithLove|move: Light Screen\n|move|p1a: Greninja|U-turn|p2a: YETI\n|-damage|p2a: YETI|86\/100\n|\n|t:|1700830828\n|switch|p1a: Sylveon|Sylveon, F|100\/100|[from] U-turn\n|\n|upkeep\n|turn|2\n|\n|t:|1700830833\n|move|p2a: YETI|Taunt|p1a: Sylveon\n|-start|p1a: Sylveon|move: Taunt\n|move|p1a: Sylveon|Hyper Voice|p2a: YETI\n|-supereffective|p2a: YETI\n|-damage|p2a: YETI|41\/100\n|\n|upkeep\n|turn|3\n|\n|t:|1700830841\n|move|p2a: YETI|Reflect|p2a: YETI\n|-sidestart|p2: FromRussiaWithLove|Reflect\n|move|p1a: Sylveon|Hyper Voice|p2a: YETI\n|-supereffective|p2a: YETI\n|-damage|p2a: YETI|0 fnt\n|faint|p2a: YETI\n|\n|upkeep\n|\n|t:|1700830846\n|switch|p2a: MARIACHI|Jirachi|100\/100\n|turn|4\n|\n|t:|1700830853\n|switch|p1a: Excadrill|Excadrill, M|100\/100\n|-ability|p1a: Excadrill|Mold Breaker\n|move|p2a: MARIACHI|Ancient Power|p1a: Excadrill\n|-resisted|p1a: Excadrill\n|-damage|p1a: Excadrill|96\/100\n|-boost|p2a: MARIACHI|atk|1\n|-boost|p2a: MARIACHI|def|1\n|-boost|p2a: MARIACHI|spa|1\n|-boost|p2a: MARIACHI|spd|1\n|-boost|p2a: MARIACHI|spe|1\n|\n|upkeep\n|turn|5\n|\n|t:|1700830864\n|move|p2a: MARIACHI|Ancient Power|p1a: Excadrill\n|-resisted|p1a: Excadrill\n|-damage|p1a: Excadrill|89\/100\n|-boost|p2a: MARIACHI|atk|1\n|-boost|p2a: MARIACHI|def|1\n|-boost|p2a: MARIACHI|spa|1\n|-boost|p2a: MARIACHI|spd|1\n|-boost|p2a: MARIACHI|spe|1\n|move|p1a: Excadrill|Earthquake|p2a: MARIACHI\n|-supereffective|p2a: MARIACHI\n|-damage|p2a: MARIACHI|71\/100\n|-enditem|p2a: MARIACHI|Weakness Policy\n|-boost|p2a: MARIACHI|atk|2|[from] item: Weakness Policy\n|-boost|p2a: MARIACHI|spa|2|[from] item: Weakness Policy\n|\n|upkeep\n|turn|6\n|\n|t:|1700830877\n|move|p2a: MARIACHI|Drain Punch|p1a: Excadrill\n|-supereffective|p1a: Excadrill\n|-damage|p1a: Excadrill|0 fnt\n|-heal|p2a: MARIACHI|100\/100|[from] drain|[of] p1a: Excadrill\n|faint|p1a: Excadrill\n|\n|upkeep\n|\n|t:|1700830884\n|switch|p1a: Kommo-o|Kommo-o, M|100\/100\n|turn|7\n|\n|t:|1700830889\n|move|p2a: MARIACHI|Stored Power|p1a: Kommo-o\n|-supereffective|p1a: Kommo-o\n|-damage|p1a: Kommo-o|0 fnt\n|faint|p1a: Kommo-o\n|\n|upkeep\n|\n|t:|1700830895\n|switch|p1a: Greninja|Greninja, M|100\/100\n|turn|8\n|\n|t:|1700830901\n|move|p2a: MARIACHI|Drain Punch|p1a: Greninja\n|-supereffective|p1a: Greninja\n|-damage|p1a: Greninja|0 fnt\n|faint|p1a: Greninja\n|\n|-sideend|p2: FromRussiaWithLove|move: Light Screen\n|upkeep\n|\n|t:|1700830909\n|switch|p1a: Iron Moth|Iron Moth|100\/100\n|turn|9\n|\n|t:|1700830913\n|move|p2a: MARIACHI|Stored Power|p1a: Iron Moth\n|-supereffective|p1a: Iron Moth\n|-damage|p1a: Iron Moth|0 fnt\n|faint|p1a: Iron Moth\n|-end|p1a: Iron Moth|Quark Drive|[silent]\n|\n|upkeep\n|\n|t:|1700830920\n|switch|p1a: Decidueye|Decidueye-Hisui, M|100\/100\n|turn|10\n|\n|t:|1700830925\n|move|p2a: MARIACHI|Stored Power|p1a: Decidueye\n|-supereffective|p1a: Decidueye\n|-damage|p1a: Decidueye|0 fnt\n|faint|p1a: Decidueye\n|\n|-sideend|p2: FromRussiaWithLove|Reflect\n|upkeep\n|\n|t:|1700830931\n|switch|p1a: Sylveon|Sylveon, F|100\/100\n|turn|11\n|\n|t:|1700830935\n|move|p2a: MARIACHI|Stored Power|p1a: Sylveon\n|-damage|p1a: Sylveon|0 fnt\n|faint|p1a: Sylveon\n|\n|win|FromRussiaWithLove\n|raw|Moonlight_th07's rating: 1121 &rarr; <strong>1099<\/strong><br \/>(-22 for losing)\n|raw|FromRussiaWithLove's rating: 1158 &rarr; <strong>1180<\/strong><br \/>(+22 for winning)\n|l|\u2606Moonlight_th07\n","uploadtime":1700830962,"views":8,"p1id":"moonlightth07","p2id":"fromrussiawithlove","formatid":"gen9nationaldex","rating":1099,"private":0,"password":""}