{"id":"gen9nationaldex-1998540803","p1":"Elian190827","p2":"Maeby Mitenaut","format":"[Gen 9] National Dex","log":"|html|<div class=\"broadcast-blue\"><strong>[Gen 9] National Dex is currently suspecting Sneasler! For information on how to participate check out the <a href=\"https:\/\/www.smogon.com\/forums\/threads\/sv-national-dex-suspect-8-just-dance.3731534\/\">suspect thread<\/a>.<\/strong><\/div>\n|j|\u2606Elian190827\n|j|\u2606Maeby Mitenaut\n|t:|1700954070\n|gametype|singles\n|player|p1|Elian190827|102|1228\n|player|p2|Maeby Mitenaut|dahlia|1183\n|teamsize|p1|6\n|teamsize|p2|6\n|gen|9\n|tier|[Gen 9] National Dex\n|rated|\n|rule|HP Percentage Mod: HP is shown in percentages\n|rule|Endless Battle Clause: Forcing endless battles is banned\n|rule|OHKO Clause: OHKO moves are banned\n|rule|Evasion Clause: Evasion abilities, items, and moves are banned\n|rule|Evasion Abilities Clause: Evasion abilities are banned\n|rule|Evasion Items Clause: Evasion items are banned\n|rule|Evasion Moves Clause: Evasion moves are banned\n|rule|Species Clause: Limit one of each Pok\u00e9mon\n|rule|Sleep Clause Mod: Limit one foe put to sleep\n|clearpoke\n|poke|p1|Bewear, F|\n|poke|p1|Stakataka|\n|poke|p1|Mandibuzz, F|\n|poke|p1|Florges-White, F|\n|poke|p1|Espeon, F|\n|poke|p1|Squirtle, M|\n|poke|p2|Raichu-Alola, F|\n|poke|p2|Clodsire, F|\n|poke|p2|Tapu Koko|\n|poke|p2|Arctozolt|\n|poke|p2|Iron Hands|\n|poke|p2|Ninetales-Alola, M|\n|teampreview\n|inactive|Battle timer is ON: inactive players will automatically lose when time's up. (requested by Maeby Mitenaut)\n|\n|t:|1700954081\n|start\n|switch|p1a: Stakataka|Stakataka|100\/100\n|switch|p2a: Bluck Buck|Tapu Koko, shiny|100\/100\n|-fieldstart|move: Electric Terrain|[from] ability: Electric Surge|[of] p2a: Bluck Buck\n|turn|1\n|\n|t:|1700954093\n|switch|p1a: Bewear|Bewear, F|100\/100\n|move|p2a: Bluck Buck|Taunt|p1a: Bewear\n|-start|p1a: Bewear|move: Taunt\n|\n|upkeep\n|turn|2\n|\n|t:|1700954112\n|switch|p2a: Big Pap\u00ed|Iron Hands|100\/100\n|-activate|p2a: Big Pap\u00ed|ability: Quark Drive\n|-start|p2a: Big Pap\u00ed|quarkdriveatk\n|move|p1a: Bewear|Body Slam|p2a: Big Pap\u00ed\n|-damage|p2a: Big Pap\u00ed|68\/100\n|\n|upkeep\n|turn|3\n|\n|t:|1700954119\n|move|p1a: Bewear|Body Slam|p2a: Big Pap\u00ed\n|-damage|p2a: Big Pap\u00ed|38\/100\n|move|p2a: Big Pap\u00ed|Drain Punch|p1a: Bewear\n|-supereffective|p1a: Bewear\n|-damage|p1a: Bewear|47\/100\n|-heal|p2a: Big Pap\u00ed|62\/100|[from] drain|[of] p1a: Bewear\n|\n|-end|p1a: Bewear|move: Taunt\n|upkeep\n|turn|4\n|\n|t:|1700954128\n|move|p1a: Bewear|Drain Punch|p2a: Big Pap\u00ed\n|-damage|p2a: Big Pap\u00ed|37\/100\n|-heal|p1a: Bewear|61\/100|[from] drain|[of] p2a: Big Pap\u00ed\n|move|p2a: Big Pap\u00ed|Drain Punch|p1a: Bewear\n|-supereffective|p1a: Bewear\n|-damage|p1a: Bewear|10\/100\n|-heal|p2a: Big Pap\u00ed|59\/100|[from] drain|[of] p1a: Bewear\n|\n|upkeep\n|turn|5\n|\n|t:|1700954136\n|move|p1a: Bewear|Body Slam|p2a: Big Pap\u00ed\n|-damage|p2a: Big Pap\u00ed|30\/100\n|move|p2a: Big Pap\u00ed|Drain Punch|p1a: Bewear\n|-supereffective|p1a: Bewear\n|-damage|p1a: Bewear|0 fnt\n|-heal|p2a: Big Pap\u00ed|34\/100|[from] drain|[of] p1a: Bewear\n|faint|p1a: Bewear\n|\n|upkeep\n|\n|t:|1700954144\n|switch|p1a: Mandibuzz|Mandibuzz, F|100\/100\n|turn|6\n|\n|t:|1700954155\n|move|p1a: Mandibuzz|Brave Bird|p2a: Big Pap\u00ed\n|-damage|p2a: Big Pap\u00ed|16\/100\n|-damage|p1a: Mandibuzz|93\/100|[from] Recoil\n|move|p2a: Big Pap\u00ed|Thunder Punch|p1a: Mandibuzz\n|-supereffective|p1a: Mandibuzz\n|-damage|p1a: Mandibuzz|0 fnt\n|faint|p1a: Mandibuzz\n|\n|upkeep\n|\n|t:|1700954164\n|switch|p1a: Stakataka|Stakataka|100\/100\n|turn|7\n|\n|t:|1700954173\n|-terastallize|p1a: Stakataka|Flying\n|move|p2a: Big Pap\u00ed|Drain Punch|p1a: Stakataka\n|-resisted|p1a: Stakataka\n|-damage|p1a: Stakataka|82\/100\n|-heal|p2a: Big Pap\u00ed|22\/100|[from] drain|[of] p1a: Stakataka\n|move|p1a: Stakataka|Trick Room|p1a: Stakataka\n|-fieldstart|move: Trick Room|[of] p1a: Stakataka\n|\n|upkeep\n|turn|8\n|\n|t:|1700954185\n|move|p1a: Stakataka|Earthquake|p2a: Big Pap\u00ed\n|-supereffective|p2a: Big Pap\u00ed\n|-damage|p2a: Big Pap\u00ed|0 fnt\n|faint|p2a: Big Pap\u00ed\n|-end|p2a: Big Pap\u00ed|Quark Drive|[silent]\n|-ability|p1a: Stakataka|Beast Boost|boost\n|-boost|p1a: Stakataka|atk|1\n|\n|-fieldend|move: Electric Terrain\n|upkeep\n|\n|t:|1700954192\n|switch|p2a: Muddy Buddy|Clodsire, F|100\/100\n|turn|9\n|c|\u2606Maeby Mitenaut|;)\n|\n|t:|1700954212\n|-terastallize|p2a: Muddy Buddy|Flying\n|move|p1a: Stakataka|Earthquake|p2a: Muddy Buddy\n|-immune|p2a: Muddy Buddy\n|move|p2a: Muddy Buddy|Toxic|p1a: Stakataka\n|-status|p1a: Stakataka|tox\n|\n|-damage|p1a: Stakataka|76\/100 tox|[from] psn\n|upkeep\n|turn|10\n|\n|t:|1700954220\n|move|p1a: Stakataka|Rock Blast|p2a: Muddy Buddy\n|-supereffective|p2a: Muddy Buddy\n|-damage|p2a: Muddy Buddy|69\/100\n|-supereffective|p2a: Muddy Buddy\n|-damage|p2a: Muddy Buddy|36\/100\n|-supereffective|p2a: Muddy Buddy\n|-damage|p2a: Muddy Buddy|5\/100\n|-supereffective|p2a: Muddy Buddy\n|-damage|p2a: Muddy Buddy|0 fnt\n|faint|p2a: Muddy Buddy\n|-ability|p1a: Stakataka|Beast Boost|boost\n|-boost|p1a: Stakataka|atk|1\n|-hitcount|p2: Muddy Buddy|4\n|\n|-damage|p1a: Stakataka|64\/100 tox|[from] psn\n|upkeep\n|c|\u2606Maeby Mitenaut|:0\n|\n|t:|1700954235\n|switch|p2a: Bluck Buck|Tapu Koko, shiny|100\/100\n|-fieldstart|move: Electric Terrain|[from] ability: Electric Surge|[of] p2a: Bluck Buck\n|turn|11\n|\n|t:|1700954248\n|move|p1a: Stakataka|Gyro Ball|p2a: Bluck Buck\n|-damage|p2a: Bluck Buck|0 fnt\n|faint|p2a: Bluck Buck\n|-ability|p1a: Stakataka|Beast Boost|boost\n|-boost|p1a: Stakataka|atk|1\n|\n|-damage|p1a: Stakataka|45\/100 tox|[from] psn\n|-fieldend|move: Trick Room\n|upkeep\n|\n|t:|1700954255\n|switch|p2a: Ice Spice|Ninetales-Alola, M, shiny|100\/100\n|-weather|Snow|[from] ability: Snow Warning|[of] p2a: Ice Spice\n|turn|12\n|\n|t:|1700954259\n|move|p2a: Ice Spice|Aurora Veil|p2a: Ice Spice\n|-sidestart|p2: Maeby Mitenaut|move: Aurora Veil\n|move|p1a: Stakataka|Trick Room|p1a: Stakataka\n|-fieldstart|move: Trick Room|[of] p1a: Stakataka\n|\n|-weather|Snow|[upkeep]\n|-damage|p1a: Stakataka|21\/100 tox|[from] psn\n|upkeep\n|turn|13\n|\n|t:|1700954266\n|move|p1a: Stakataka|Gyro Ball|p2a: Ice Spice\n|-supereffective|p2a: Ice Spice\n|-damage|p2a: Ice Spice|0 fnt\n|faint|p2a: Ice Spice\n|-ability|p1a: Stakataka|Beast Boost|boost\n|-boost|p1a: Stakataka|atk|1\n|\n|-weather|Snow|[upkeep]\n|-damage|p1a: Stakataka|0 fnt|[from] psn\n|faint|p1a: Stakataka\n|upkeep\n|\n|t:|1700954294\n|switch|p1a: Espeon|Espeon, F|100\/100\n|switch|p2a: Gritty|Arctozolt, shiny|100\/100\n|turn|14\n|\n|t:|1700954304\n|move|p1a: Espeon|Psyshock|p2a: Gritty\n|-damage|p2a: Gritty|83\/100\n|move|p2a: Gritty|Blizzard|p1a: Espeon\n|-damage|p1a: Espeon|56\/100\n|\n|-weather|Snow|[upkeep]\n|upkeep\n|turn|15\n|\n|t:|1700954312\n|move|p1a: Espeon|Grass Knot|p2a: Gritty\n|-damage|p2a: Gritty|62\/100\n|move|p2a: Gritty|Blizzard|p1a: Espeon\n|-damage|p1a: Espeon|8\/100\n|\n|-weather|Snow|[upkeep]\n|upkeep\n|turn|16\n|\n|t:|1700954318\n|move|p1a: Espeon|Dazzling Gleam|p2a: Gritty\n|-damage|p2a: Gritty|45\/100\n|move|p2a: Gritty|Blizzard|p1a: Espeon\n|-damage|p1a: Espeon|0 fnt\n|faint|p1a: Espeon\n|\n|-weather|Snow|[upkeep]\n|-sideend|p2: Maeby Mitenaut|move: Aurora Veil\n|-fieldend|move: Trick Room\n|upkeep\n|\n|t:|1700954329\n|switch|p1a: Florges|Florges-White, F|100\/100\n|turn|17\n|\n|t:|1700954334\n|move|p2a: Gritty|Iron Tail|p1a: Florges\n|-supereffective|p1a: Florges\n|-crit|p1a: Florges\n|-damage|p1a: Florges|0 fnt\n|faint|p1a: Florges\n|\n|-weather|Snow|[upkeep]\n|upkeep\n|\n|t:|1700954338\n|switch|p1a: Squirtle|Squirtle, M, shiny|100\/100\n|turn|18\n|\n|t:|1700954341\n|move|p2a: Gritty|Bolt Beak|p1a: Squirtle\n|-supereffective|p1a: Squirtle\n|-damage|p1a: Squirtle|0 fnt\n|faint|p1a: Squirtle\n|\n|win|Maeby Mitenaut\n|raw|Elian190827's rating: 1228 &rarr; <strong>1200<\/strong><br \/>(-28 for losing)\n|raw|Maeby Mitenaut's rating: 1183 &rarr; <strong>1211<\/strong><br \/>(+28 for winning)\n|l|\u2606Elian190827\n|c|\u2606Maeby Mitenaut|gg!\n","uploadtime":1700954351,"views":4,"p1id":"elian190827","p2id":"maebymitenaut","formatid":"gen9nationaldex","rating":1200,"private":0,"password":""}