{"id":"gen9nationaldex-1996404421","p1":"Xander#8155","p2":"jabrvero","format":"[Gen 9] National Dex","log":"|html|<div class=\"broadcast-blue\"><strong>[Gen 9] National Dex is currently suspecting Sneasler! For information on how to participate check out the <a href=\"https:\/\/www.smogon.com\/forums\/threads\/sv-national-dex-suspect-8-just-dance.3731534\/\">suspect thread<\/a>.<\/strong><\/div>\n|j|\u2606Xander#8155\n|j|\u2606jabrvero\n|t:|1700678806\n|gametype|singles\n|player|p1|Xander#8155|grimsley|1093\n|player|p2|jabrvero|worker-gen4|1089\n|teamsize|p1|6\n|teamsize|p2|6\n|gen|9\n|tier|[Gen 9] National Dex\n|rated|\n|rule|HP Percentage Mod: HP is shown in percentages\n|rule|Endless Battle Clause: Forcing endless battles is banned\n|rule|OHKO Clause: OHKO moves are banned\n|rule|Evasion Clause: Evasion abilities, items, and moves are banned\n|rule|Evasion Abilities Clause: Evasion abilities are banned\n|rule|Evasion Items Clause: Evasion items are banned\n|rule|Evasion Moves Clause: Evasion moves are banned\n|rule|Species Clause: Limit one of each Pok\u00e9mon\n|rule|Sleep Clause Mod: Limit one foe put to sleep\n|clearpoke\n|poke|p1|Milotic, M|\n|poke|p1|Flygon, M|\n|poke|p1|Blaziken, M|\n|poke|p1|Swellow, F|\n|poke|p1|Cacturne, F|\n|poke|p1|Manectric, F|\n|poke|p2|Xatu, F|\n|poke|p2|Heracross, M|\n|poke|p2|Breloom, M|\n|poke|p2|Espeon, M|\n|poke|p2|Rabsca, M|\n|poke|p2|Forretress, M|\n|teampreview\n|\n|t:|1700678819\n|start\n|switch|p1a: Cacturne|Cacturne, F|100\/100\n|switch|p2a: Xatu|Xatu, F, shiny|100\/100\n|turn|1\n|\n|t:|1700678834\n|move|p2a: Xatu|Reflect|p2a: Xatu\n|-sidestart|p2: jabrvero|Reflect\n|move|p1a: Cacturne|Spikes|p2a: Xatu\n|move|p2a: Xatu|Spikes|p1a: Cacturne|[from]ability: Magic Bounce\n|-sidestart|p1: Xander#8155|Spikes\n|\n|upkeep\n|turn|2\n|inactive|Battle timer is ON: inactive players will automatically lose when time's up. (requested by jabrvero)\n|c|\u2606Xander#8155|I honestly forgot Xatus abilities\n|\n|t:|1700678872\n|switch|p1a: Milotic|Milotic, M|100\/100\n|-damage|p1a: Milotic|88\/100|[from] Spikes\n|move|p2a: Xatu|Light Screen|p2a: Xatu\n|-sidestart|p2: jabrvero|move: Light Screen\n|\n|-heal|p1a: Milotic|94\/100|[from] item: Leftovers\n|upkeep\n|turn|3\n|c|\u2606jabrvero|I wish he was in gen 9\n|\n|t:|1700678882\n|move|p2a: Xatu|Tailwind|p2a: Xatu\n|-sidestart|p2: jabrvero|move: Tailwind\n|move|p1a: Milotic|Ice Beam|p2a: Xatu\n|-supereffective|p2a: Xatu\n|-damage|p2a: Xatu|63\/100\n|\n|-heal|p1a: Milotic|99\/100|[from] item: Leftovers\n|upkeep\n|turn|4\n|\n|t:|1700678890\n|move|p2a: Xatu|U-turn|p1a: Milotic\n|-damage|p1a: Milotic|88\/100\n|\n|t:|1700678895\n|switch|p2a: Rabsca|Rabsca, M, shiny|100\/100|[from] U-turn\n|move|p1a: Milotic|Ice Beam|p2a: Rabsca\n|-damage|p2a: Rabsca|88\/100\n|\n|-heal|p2a: Rabsca|94\/100|[from] item: Leftovers\n|-heal|p1a: Milotic|94\/100|[from] item: Leftovers\n|upkeep\n|turn|5\n|\n|t:|1700678904\n|move|p2a: Rabsca|Energy Ball|p1a: Milotic\n|-supereffective|p1a: Milotic\n|-damage|p1a: Milotic|47\/100\n|move|p1a: Milotic|Hydro Pump|p2a: Rabsca|[miss]\n|-miss|p1a: Milotic|p2a: Rabsca\n|\n|-heal|p2a: Rabsca|99\/100|[from] item: Leftovers\n|-heal|p1a: Milotic|53\/100|[from] item: Leftovers\n|upkeep\n|turn|6\n|\n|t:|1700678912\n|move|p2a: Rabsca|Energy Ball|p1a: Milotic\n|-supereffective|p1a: Milotic\n|-damage|p1a: Milotic|7\/100\n|move|p1a: Milotic|Recover|p1a: Milotic\n|-heal|p1a: Milotic|57\/100\n|\n|-heal|p2a: Rabsca|100\/100|[from] item: Leftovers\n|-heal|p1a: Milotic|63\/100|[from] item: Leftovers\n|-sideend|p2: jabrvero|move: Tailwind\n|upkeep\n|turn|7\n|\n|t:|1700678923\n|move|p1a: Milotic|Recover|p1a: Milotic\n|-heal|p1a: Milotic|100\/100\n|move|p2a: Rabsca|Energy Ball|p1a: Milotic\n|-supereffective|p1a: Milotic\n|-damage|p1a: Milotic|58\/100\n|\n|-heal|p1a: Milotic|64\/100|[from] item: Leftovers\n|upkeep\n|turn|8\n|\n|t:|1700678936\n|move|p1a: Milotic|Recover|p1a: Milotic\n|-heal|p1a: Milotic|100\/100\n|move|p2a: Rabsca|Energy Ball|p1a: Milotic\n|-supereffective|p1a: Milotic\n|-damage|p1a: Milotic|54\/100\n|\n|-heal|p1a: Milotic|60\/100|[from] item: Leftovers\n|-sideend|p2: jabrvero|Reflect\n|upkeep\n|turn|9\n|\n|t:|1700678947\n|move|p1a: Milotic|Draining Kiss|p2a: Rabsca\n|-damage|p2a: Rabsca|93\/100\n|-heal|p1a: Milotic|65\/100|[from] drain|[of] p2a: Rabsca\n|move|p2a: Rabsca|Energy Ball|p1a: Milotic\n|-supereffective|p1a: Milotic\n|-damage|p1a: Milotic|24\/100\n|\n|-heal|p1a: Milotic|30\/100|[from] item: Leftovers\n|-heal|p2a: Rabsca|99\/100|[from] item: Leftovers\n|-sideend|p2: jabrvero|move: Light Screen\n|upkeep\n|turn|10\n|\n|t:|1700678959\n|switch|p2a: Xatu|Xatu, F, shiny|63\/100\n|move|p1a: Milotic|Recover|p1a: Milotic\n|-heal|p1a: Milotic|80\/100\n|\n|-heal|p1a: Milotic|86\/100|[from] item: Leftovers\n|upkeep\n|turn|11\n|\n|t:|1700678979\n|move|p2a: Xatu|Light Screen|p2a: Xatu\n|-sidestart|p2: jabrvero|move: Light Screen\n|move|p1a: Milotic|Hydro Pump|p2a: Xatu|[miss]\n|-miss|p1a: Milotic|p2a: Xatu\n|\n|-heal|p1a: Milotic|92\/100|[from] item: Leftovers\n|upkeep\n|turn|12\n|\n|t:|1700678990\n|switch|p1a: Swellow|Swellow, F|100\/100\n|move|p2a: Xatu|Reflect|p2a: Xatu\n|-sidestart|p2: jabrvero|Reflect\n|\n|-status|p1a: Swellow|brn|[from] item: Flame Orb\n|upkeep\n|turn|13\n|\n|t:|1700678997\n|move|p1a: Swellow|Facade|p2a: Xatu\n|-damage|p2a: Xatu|6\/100\n|move|p2a: Xatu|Tailwind|p2a: Xatu\n|-sidestart|p2: jabrvero|move: Tailwind\n|\n|-damage|p1a: Swellow|94\/100 brn|[from] brn\n|upkeep\n|turn|14\n|\n|t:|1700679003\n|move|p2a: Xatu|U-turn|p1a: Swellow\n|-resisted|p1a: Swellow\n|-damage|p1a: Swellow|83\/100 brn\n|\n|t:|1700679010\n|switch|p2a: Breloom|Breloom, M, shiny|100\/100|[from] U-turn\n|move|p1a: Swellow|U-turn|p2a: Breloom\n|-damage|p2a: Breloom|80\/100\n|\n|t:|1700679028\n|switch|p1a: Blaziken|Blaziken, M|100\/100|[from] U-turn\n|-damage|p1a: Blaziken|88\/100|[from] Spikes\n|\n|upkeep\n|turn|15\n|\n|t:|1700679036\n|move|p2a: Breloom|Rock Tomb|p1a: Blaziken\n|-damage|p1a: Blaziken|43\/100\n|-unboost|p1a: Blaziken|spe|1\n|move|p1a: Blaziken|Brave Bird|p2a: Breloom\n|-supereffective|p2a: Breloom\n|-damage|p2a: Breloom|0 fnt\n|faint|p2a: Breloom\n|-damage|p1a: Blaziken|21\/100|[from] Recoil\n|-damage|p1a: Blaziken|11\/100|[from] item: Life Orb\n|\n|-ability|p1a: Blaziken|Speed Boost|boost\n|-boost|p1a: Blaziken|spe|1\n|upkeep\n|\n|t:|1700679053\n|switch|p2a: Espeon|Espeon, M|100\/100\n|turn|16\n|\n|t:|1700679061\n|move|p2a: Espeon|Future Sight|p1a: Blaziken\n|-start|p2a: Espeon|move: Future Sight\n|move|p1a: Blaziken|Blaze Kick|p2a: Espeon\n|-damage|p2a: Espeon|39\/100\n|-damage|p1a: Blaziken|1\/100|[from] item: Life Orb\n|\n|-sideend|p2: jabrvero|move: Tailwind\n|-ability|p1a: Blaziken|Speed Boost|boost\n|-boost|p1a: Blaziken|spe|1\n|upkeep\n|turn|17\n|\n|t:|1700679073\n|move|p1a: Blaziken|Blaze Kick|p2a: Espeon\n|-damage|p2a: Espeon|0 fnt\n|faint|p2a: Espeon\n|-damage|p1a: Blaziken|0 fnt|[from] item: Life Orb\n|faint|p1a: Blaziken\n|\n|upkeep\n|\n|t:|1700679088\n|switch|p2a: Xatu|Xatu, F, shiny|6\/100\n|switch|p1a: Swellow|Swellow, F|83\/100 brn\n|turn|18\n|\n|t:|1700679095\n|move|p1a: Swellow|Facade|p2a: Xatu\n|-damage|p2a: Xatu|0 fnt\n|faint|p2a: Xatu\n|\n|-end|p1a: Swellow|move: Future Sight\n|-damage|p1a: Swellow|0 fnt\n|faint|p1a: Swellow\n|-sideend|p2: jabrvero|move: Light Screen\n|upkeep\n|\n|t:|1700679112\n|switch|p1a: Manectric|Manectric, F|100\/100\n|switch|p2a: Forretress|Forretress, M, shiny|100\/100\n|-damage|p1a: Manectric|88\/100|[from] Spikes\n|turn|19\n|\n|t:|1700679120\n|move|p1a: Manectric|Volt Switch|p2a: Forretress\n|-damage|p2a: Forretress|71\/100\n|\n|t:|1700679124\n|switch|p1a: Milotic|Milotic, M|92\/100|[from] Volt Switch\n|-damage|p1a: Milotic|79\/100|[from] Spikes\n|move|p2a: Forretress|Iron Defense|p2a: Forretress\n|-boost|p2a: Forretress|def|2\n|\n|-heal|p1a: Milotic|86\/100|[from] item: Leftovers\n|-sideend|p2: jabrvero|Reflect\n|upkeep\n|turn|20\n|\n|t:|1700679132\n|move|p1a: Milotic|Hydro Pump|p2a: Forretress\n|-damage|p2a: Forretress|18\/100\n|move|p2a: Forretress|Iron Defense|p2a: Forretress\n|-boost|p2a: Forretress|def|2\n|\n|-heal|p1a: Milotic|92\/100|[from] item: Leftovers\n|upkeep\n|turn|21\n|\n|t:|1700679141\n|move|p1a: Milotic|Hydro Pump|p2a: Forretress\n|-crit|p2a: Forretress\n|-damage|p2a: Forretress|0 fnt\n|faint|p2a: Forretress\n|\n|-heal|p1a: Milotic|98\/100|[from] item: Leftovers\n|upkeep\n|\n|t:|1700679148\n|switch|p2a: Rabsca|Rabsca, M, shiny|99\/100\n|turn|22\n|\n|t:|1700679155\n|move|p1a: Milotic|Hydro Pump|p2a: Rabsca\n|-damage|p2a: Rabsca|48\/100\n|move|p2a: Rabsca|Energy Ball|p1a: Milotic\n|-supereffective|p1a: Milotic\n|-damage|p1a: Milotic|56\/100\n|\n|-heal|p1a: Milotic|62\/100|[from] item: Leftovers\n|-heal|p2a: Rabsca|54\/100|[from] item: Leftovers\n|upkeep\n|turn|23\n|\n|t:|1700679164\n|move|p1a: Milotic|Hydro Pump|p2a: Rabsca\n|-damage|p2a: Rabsca|0 fnt\n|faint|p2a: Rabsca\n|\n|-heal|p1a: Milotic|68\/100|[from] item: Leftovers\n|upkeep\n|c|\u2606jabrvero|gg\n|\n|t:|1700679171\n|switch|p2a: Heracross|Heracross, M|100\/100\n|turn|24\n|\n|t:|1700679179\n|move|p2a: Heracross|Brick Break|p1a: Milotic\n|-damage|p1a: Milotic|25\/100\n|move|p1a: Milotic|Hydro Pump|p2a: Heracross\n|-damage|p2a: Heracross|57\/100\n|\n|-heal|p1a: Milotic|31\/100|[from] item: Leftovers\n|upkeep\n|turn|25\n|\n|t:|1700679189\n|move|p2a: Heracross|Brick Break|p1a: Milotic\n|-damage|p1a: Milotic|0 fnt\n|faint|p1a: Milotic\n|-ability|p2a: Heracross|Moxie|boost\n|-boost|p2a: Heracross|atk|1\n|\n|upkeep\n|\n|t:|1700679195\n|switch|p1a: Cacturne|Cacturne, F|100\/100\n|-damage|p1a: Cacturne|88\/100|[from] Spikes\n|turn|26\n|\n|t:|1700679200\n|-terastallize|p1a: Cacturne|Ghost\n|move|p2a: Heracross|Brick Break|p1a: Cacturne\n|-immune|p1a: Cacturne\n|move|p1a: Cacturne|Destiny Bond|p1a: Cacturne\n|-singlemove|p1a: Cacturne|Destiny Bond\n|\n|upkeep\n|turn|27\n|c|\u2606jabrvero|good call\n|\n|t:|1700679213\n|move|p2a: Heracross|Megahorn|p1a: Cacturne\n|-resisted|p1a: Cacturne\n|-damage|p1a: Cacturne|0 fnt\n|faint|p1a: Cacturne\n|-activate|p1a: Cacturne|move: Destiny Bond\n|faint|p2a: Heracross\n|\n|win|Xander#8155\n|raw|Xander#8155's rating: 1093 &rarr; <strong>1119<\/strong><br \/>(+26 for winning)\n|raw|jabrvero's rating: 1089 &rarr; <strong>1066<\/strong><br \/>(-23 for losing)\n|l|\u2606jabrvero\n|c|\u2606Xander#8155|Wp\n","uploadtime":1700679237,"views":16,"p1id":"xander8155","p2id":"jabrvero","formatid":"gen9nationaldex","rating":1066,"private":0,"password":""}