{"id":"gen9nationaldex-1997203722","p1":"DrewTrain06","p2":"Viruskiller","format":"[Gen 9] National Dex","log":"|html|<div class=\"broadcast-blue\"><strong>[Gen 9] National Dex is currently suspecting Sneasler! For information on how to participate check out the <a href=\"https:\/\/www.smogon.com\/forums\/threads\/sv-national-dex-suspect-8-just-dance.3731534\/\">suspect thread<\/a>.<\/strong><\/div>\n|j|\u2606DrewTrain06\n|j|\u2606Viruskiller\n|t:|1700775224\n|gametype|singles\n|player|p1|DrewTrain06|lillie-masters2|\n|player|p2|Viruskiller|red|\n|teamsize|p1|6\n|teamsize|p2|6\n|gen|9\n|tier|[Gen 9] National Dex\n|rule|HP Percentage Mod: HP is shown in percentages\n|rule|Endless Battle Clause: Forcing endless battles is banned\n|rule|OHKO Clause: OHKO moves are banned\n|rule|Evasion Clause: Evasion abilities, items, and moves are banned\n|rule|Evasion Abilities Clause: Evasion abilities are banned\n|rule|Evasion Items Clause: Evasion items are banned\n|rule|Evasion Moves Clause: Evasion moves are banned\n|rule|Species Clause: Limit one of each Pok\u00e9mon\n|rule|Sleep Clause Mod: Limit one foe put to sleep\n|clearpoke\n|poke|p1|Kingdra, F|\n|poke|p1|Dragonair, F|\n|poke|p1|Milotic, F|\n|poke|p1|Lapras, F|\n|poke|p1|Dragalge, F|\n|poke|p1|Gyarados, F|\n|poke|p2|Krookodile, F|\n|poke|p2|Greninja-*, F|\n|poke|p2|Charizard, F|\n|poke|p2|Kleavor, F|\n|poke|p2|Sceptile, F|\n|poke|p2|Toxtricity, F|\n|teampreview\n|\n|t:|1700775234\n|start\n|switch|p1a: Lapras|Lapras, F|100\/100\n|switch|p2a: the rockler|Kleavor, F|100\/100\n|turn|1\n|\n|t:|1700775239\n|move|p2a: the rockler|Stone Axe|p1a: Lapras\n|-supereffective|p1a: Lapras\n|-damage|p1a: Lapras|0 fnt\n|-sidestart|p1: DrewTrain06|move: Stealth Rock\n|faint|p1a: Lapras\n|-damage|p2a: the rockler|91\/100|[from] item: Life Orb\n|\n|upkeep\n|\n|t:|1700775247\n|switch|p1a: Dragonair|Dragonair, F|100\/100\n|-damage|p1a: Dragonair|88\/100|[from] Stealth Rock\n|turn|2\n|c|\u2606Viruskiller|water team\n|\n|t:|1700775264\n|move|p1a: Dragonair|Flamethrower|p2a: the rockler\n|-damage|p2a: the rockler|68\/100\n|move|p2a: the rockler|Psycho Cut|p1a: Dragonair\n|-damage|p1a: Dragonair|37\/100\n|-damage|p2a: the rockler|58\/100|[from] item: Life Orb\n|\n|upkeep\n|turn|3\n|c|\u2606DrewTrain06|clair's final team\n|c|\u2606Viruskiller|oh\n|c|\u2606Viruskiller|still mostly water\n|c|\u2606DrewTrain06|every team I make is based on an in game charater\n|\n|t:|1700775300\n|move|p1a: Dragonair|Flamethrower|p2a: the rockler\n|-damage|p2a: the rockler|38\/100\n|-status|p2a: the rockler|brn\n|move|p2a: the rockler|Psycho Cut|p1a: Dragonair\n|-damage|p1a: Dragonair|14\/100\n|-damage|p2a: the rockler|28\/100 brn|[from] item: Life Orb\n|\n|-damage|p2a: the rockler|22\/100 brn|[from] brn\n|upkeep\n|turn|4\n|c|\u2606Viruskiller|cool\n|\n|t:|1700775310\n|move|p1a: Dragonair|Dragon Rush|p2a: the rockler|[miss]\n|-miss|p1a: Dragonair|p2a: the rockler\n|move|p2a: the rockler|Roost|p2a: the rockler\n|-heal|p2a: the rockler|72\/100 brn\n|-singleturn|p2a: the rockler|move: Roost\n|\n|-damage|p2a: the rockler|66\/100 brn|[from] brn\n|upkeep\n|turn|5\n|\n|t:|1700775316\n|move|p1a: Dragonair|Thunderbolt|p2a: the rockler\n|-damage|p2a: the rockler|43\/100 brn\n|move|p2a: the rockler|Roost|p2a: the rockler\n|-heal|p2a: the rockler|93\/100 brn\n|-singleturn|p2a: the rockler|move: Roost\n|\n|-damage|p2a: the rockler|87\/100 brn|[from] brn\n|upkeep\n|turn|6\n|\n|t:|1700775323\n|switch|p1a: Dragalge|Dragalge, F|100\/100\n|-damage|p1a: Dragalge|88\/100|[from] Stealth Rock\n|move|p2a: the rockler|Psycho Cut|p1a: Dragalge\n|-supereffective|p1a: Dragalge\n|-damage|p1a: Dragalge|40\/100\n|-damage|p2a: the rockler|77\/100 brn|[from] item: Life Orb\n|\n|-damage|p2a: the rockler|71\/100 brn|[from] brn\n|upkeep\n|turn|7\n|\n|t:|1700775329\n|-terastallize|p1a: Dragalge|Water\n|move|p2a: the rockler|Psycho Cut|p1a: Dragalge\n|-damage|p1a: Dragalge|19\/100\n|-damage|p2a: the rockler|61\/100 brn|[from] item: Life Orb\n|move|p1a: Dragalge|Hydro Pump|p2a: the rockler\n|-supereffective|p2a: the rockler\n|-damage|p2a: the rockler|0 fnt\n|faint|p2a: the rockler\n|\n|upkeep\n|\n|t:|1700775333\n|switch|p2a: uranium|Toxtricity, F, shiny|100\/100\n|turn|8\n|\n|t:|1700775340\n|move|p2a: uranium|Shift Gear|p2a: uranium\n|-boost|p2a: uranium|spe|2\n|-boost|p2a: uranium|atk|1\n|move|p1a: Dragalge|Hydro Pump|p2a: uranium\n|-crit|p2a: uranium\n|-damage|p2a: uranium|0 fnt\n|faint|p2a: uranium\n|\n|upkeep\n|\n|t:|1700775350\n|switch|p2a: slash|Sceptile, F|100\/100\n|turn|9\n|\n|t:|1700775355\n|move|p2a: slash|Leaf Blade|p1a: Dragalge\n|-supereffective|p1a: Dragalge\n|-damage|p1a: Dragalge|0 fnt\n|faint|p1a: Dragalge\n|\n|upkeep\n|\n|t:|1700775362\n|switch|p1a: Kingdra|Kingdra, F|100\/100\n|-damage|p1a: Kingdra|88\/100|[from] Stealth Rock\n|turn|10\n|\n|t:|1700775366\n|move|p2a: slash|Endure|p2a: slash\n|-singleturn|p2a: slash|move: Endure\n|move|p1a: Kingdra|Rain Dance|p1a: Kingdra\n|-weather|RainDance\n|\n|-weather|RainDance|[upkeep]\n|upkeep\n|turn|11\n|\n|t:|1700775384\n|move|p1a: Kingdra|Hurricane|p2a: slash\n|-supereffective|p2a: slash\n|-damage|p2a: slash|0 fnt\n|faint|p2a: slash\n|\n|-weather|RainDance|[upkeep]\n|upkeep\n|c|\u2606Viruskiller|welp\n|\n|t:|1700775406\n|switch|p2a: storm|Greninja, F|100\/100\n|turn|12\n|\n|t:|1700775412\n|move|p1a: Kingdra|Hurricane|p2a: storm\n|-damage|p2a: storm|70\/100\n|move|p2a: storm|Ice Beam|p1a: Kingdra\n|-start|p2a: storm|typechange|Ice|[from] ability: Protean\n|-damage|p1a: Kingdra|50\/100\n|\n|-weather|RainDance|[upkeep]\n|upkeep\n|turn|13\n|c|\u2606Viruskiller|oh what\n|c|\u2606Viruskiller|water stops ice being super effective?\n|\n|t:|1700775439\n|move|p1a: Kingdra|Hydro Pump|p2a: storm\n|-damage|p2a: storm|0 fnt\n|faint|p2a: storm\n|\n|-weather|RainDance|[upkeep]\n|upkeep\n|c|\u2606DrewTrain06|yea water resists ice\n|c|\u2606Viruskiller|oh wow\n|\n|t:|1700775449\n|switch|p2a: Charcoal|Charizard, F|100\/100\n|turn|14\n|\n|t:|1700775455\n|detailschange|p2a: Charcoal|Charizard-Mega-Y, F\n|-mega|p2a: Charcoal|Charizard|Charizardite Y\n|-weather|SunnyDay|[from] ability: Drought|[of] p2a: Charcoal\n|move|p2a: Charcoal|Solar Beam||[still]\n|-prepare|p2a: Charcoal|Solar Beam\n|-anim|p2a: Charcoal|Solar Beam|p1a: Kingdra\n|-damage|p1a: Kingdra|4\/100\n|move|p1a: Kingdra|Hydro Pump|p2a: Charcoal\n|-supereffective|p2a: Charcoal\n|-damage|p2a: Charcoal|51\/100\n|\n|-weather|SunnyDay|[upkeep]\n|upkeep\n|turn|15\n|\n|t:|1700775461\n|move|p2a: Charcoal|Air Slash|p1a: Kingdra\n|-damage|p1a: Kingdra|0 fnt\n|faint|p1a: Kingdra\n|\n|-weather|SunnyDay|[upkeep]\n|upkeep\n|\n|t:|1700775464\n|switch|p1a: Gyarados|Gyarados, F|100\/100\n|-damage|p1a: Gyarados|75\/100|[from] Stealth Rock\n|-ability|p1a: Gyarados|Intimidate|boost\n|-unboost|p2a: Charcoal|atk|1\n|turn|16\n|\n|t:|1700775471\n|detailschange|p1a: Gyarados|Gyarados-Mega, F\n|-mega|p1a: Gyarados|Gyarados|Gyaradosite\n|-ability|p1a: Gyarados|Mold Breaker\n|move|p2a: Charcoal|Solar Beam||[still]\n|-prepare|p2a: Charcoal|Solar Beam\n|-anim|p2a: Charcoal|Solar Beam|p1a: Gyarados\n|-supereffective|p1a: Gyarados\n|-damage|p1a: Gyarados|17\/100\n|move|p1a: Gyarados|Crunch|p2a: Charcoal\n|-damage|p2a: Charcoal|0 fnt\n|faint|p2a: Charcoal\n|\n|-weather|SunnyDay|[upkeep]\n|upkeep\n|\n|t:|1700775477\n|switch|p2a: raxter|Krookodile, F|100\/100\n|turn|17\n|c|\u2606Viruskiller|this aint looking good for me\n|\n|t:|1700775487\n|move|p2a: raxter|Crunch|p1a: Gyarados\n|-resisted|p1a: Gyarados\n|-damage|p1a: Gyarados|0 fnt\n|faint|p1a: Gyarados\n|-ability|p2a: raxter|Moxie|boost\n|-boost|p2a: raxter|atk|1\n|-damage|p2a: raxter|91\/100|[from] item: Life Orb\n|\n|-weather|SunnyDay|[upkeep]\n|upkeep\n|\n|t:|1700775496\n|switch|p1a: Milotic|Milotic, F|100\/100\n|-damage|p1a: Milotic|88\/100|[from] Stealth Rock\n|turn|18\n|\n|t:|1700775501\n|move|p2a: raxter|Gunk Shot|p1a: Milotic\n|-damage|p1a: Milotic|1\/100\n|-damage|p2a: raxter|81\/100|[from] item: Life Orb\n|move|p1a: Milotic|Aqua Ring|p1a: Milotic\n|-start|p1a: Milotic|Aqua Ring\n|\n|-weather|none\n|-heal|p1a: Milotic|7\/100|[from] item: Leftovers\n|-heal|p1a: Milotic|13\/100|[from] Aqua Ring\n|upkeep\n|turn|19\n|\n|t:|1700775509\n|move|p2a: raxter|Crunch|p1a: Milotic\n|-damage|p1a: Milotic|0 fnt\n|faint|p1a: Milotic\n|-ability|p2a: raxter|Moxie|boost\n|-boost|p2a: raxter|atk|1\n|-damage|p2a: raxter|71\/100|[from] item: Life Orb\n|\n|upkeep\n|\n|t:|1700775512\n|switch|p1a: Dragonair|Dragonair, F|14\/100\n|-damage|p1a: Dragonair|2\/100|[from] Stealth Rock\n|turn|20\n|c|\u2606DrewTrain06|gg\n|\n|t:|1700775524\n|move|p2a: raxter|Earthquake|p1a: Dragonair\n|-damage|p1a: Dragonair|0 fnt\n|faint|p1a: Dragonair\n|-damage|p2a: raxter|61\/100|[from] item: Life Orb\n|\n|win|Viruskiller\n|c|\u2606Viruskiller|gg\n","uploadtime":1700775531,"views":3,"p1id":"drewtrain06","p2id":"viruskiller","formatid":"gen9nationaldex","rating":0,"private":0,"password":""}