{"id":"gen9nationaldex-1998559136","p1":"talalcht","p2":"Flexkip","format":"[Gen 9] National Dex","log":"|html|<div class=\"broadcast-blue\"><strong>[Gen 9] National Dex is currently suspecting Sneasler! For information on how to participate check out the <a href=\"https:\/\/www.smogon.com\/forums\/threads\/sv-national-dex-suspect-8-just-dance.3731534\/\">suspect thread<\/a>.<\/strong><\/div>\n|j|\u2606talalcht\n|j|\u2606Flexkip\n|t:|1700956275\n|gametype|singles\n|player|p1|talalcht|palmer|\n|player|p2|Flexkip|bea|\n|teamsize|p1|6\n|teamsize|p2|6\n|gen|9\n|tier|[Gen 9] National Dex\n|rule|HP Percentage Mod: HP is shown in percentages\n|rule|Endless Battle Clause: Forcing endless battles is banned\n|rule|OHKO Clause: OHKO moves are banned\n|rule|Evasion Clause: Evasion abilities, items, and moves are banned\n|rule|Evasion Abilities Clause: Evasion abilities are banned\n|rule|Evasion Items Clause: Evasion items are banned\n|rule|Evasion Moves Clause: Evasion moves are banned\n|rule|Species Clause: Limit one of each Pok\u00e9mon\n|rule|Sleep Clause Mod: Limit one foe put to sleep\n|clearpoke\n|poke|p1|Rhyperior, F|\n|poke|p1|Serperior, M|\n|poke|p1|Decidueye, M|\n|poke|p1|Haxorus, F|\n|poke|p1|Krookodile, F|\n|poke|p1|Scizor, F|\n|poke|p2|Samurott-Hisui, M|\n|poke|p2|Landorus-Therian, M|\n|poke|p2|Ferrothorn, F|\n|poke|p2|Volcarona, F|\n|poke|p2|Excadrill, F|\n|poke|p2|Whimsicott, F|\n|teampreview\n|inactive|Battle timer is ON: inactive players will automatically lose when time's up. (requested by talalcht)\n|c|\u2606Flexkip|No preguntes por que teselia\n|c|\u2606Flexkip|Es de hace unas semanas\n|\n|t:|1700956296\n|start\n|switch|p1a: Rhyperior|Rhyperior, F|100\/100\n|switch|p2a: Zoro|Samurott-Hisui, M, shiny|100\/100\n|turn|1\n|c|\u2606talalcht|El m\u00edo lo pill\u00e9 de un combate de un rival\n|c|\u2606talalcht|Xd\n|\n|t:|1700956323\n|move|p2a: Zoro|Ceaseless Edge|p1a: Rhyperior\n|-damage|p1a: Rhyperior|65\/100\n|-sidestart|p1: talalcht|Spikes\n|move|p1a: Rhyperior|Rock Polish|p1a: Rhyperior\n|-boost|p1a: Rhyperior|spe|2\n|\n|upkeep\n|turn|2\n|inactive|talalcht has 270 seconds left.\n|\n|t:|1700956339\n|move|p1a: Rhyperior|Earthquake|p2a: Zoro\n|-damage|p2a: Zoro|23\/100\n|move|p2a: Zoro|Razor Shell|p1a: Rhyperior|[miss]\n|-miss|p2a: Zoro|p1a: Rhyperior\n|\n|upkeep\n|turn|3\n|\n|t:|1700956349\n|switch|p2a: Titan|Landorus-Therian, M|100\/100\n|-ability|p2a: Titan|Intimidate|boost\n|-unboost|p1a: Rhyperior|atk|1\n|move|p1a: Rhyperior|Earthquake|p2a: Titan\n|-immune|p2a: Titan\n|\n|upkeep\n|turn|4\n|\n|t:|1700956360\n|move|p1a: Rhyperior|Swords Dance|p1a: Rhyperior\n|-boost|p1a: Rhyperior|atk|2\n|move|p2a: Titan|Earthquake|p1a: Rhyperior\n|-supereffective|p1a: Rhyperior\n|-damage|p1a: Rhyperior|8\/100\n|\n|upkeep\n|turn|5\n|\n|t:|1700956369\n|move|p1a: Rhyperior|Rock Slide|p2a: Titan|[miss]\n|-miss|p1a: Rhyperior|p2a: Titan\n|move|p2a: Titan|Earthquake|p1a: Rhyperior\n|-supereffective|p1a: Rhyperior\n|-damage|p1a: Rhyperior|0 fnt\n|faint|p1a: Rhyperior\n|\n|upkeep\n|inactive|talalcht has 270 seconds left.\n|\n|t:|1700956390\n|switch|p1a: Scizor|Scizor, F|100\/100\n|-damage|p1a: Scizor|88\/100|[from] Spikes\n|turn|6\n|\n|t:|1700956396\n|detailschange|p1a: Scizor|Scizor-Mega, F\n|-mega|p1a: Scizor|Scizor|Scizorite\n|move|p2a: Titan|Stealth Rock|p1a: Scizor\n|-sidestart|p1: talalcht|move: Stealth Rock\n|move|p1a: Scizor|Swords Dance|p1a: Scizor\n|-boost|p1a: Scizor|atk|2\n|\n|upkeep\n|turn|7\n|inactive|talalcht has 270 seconds left.\n|\n|t:|1700956418\n|move|p2a: Titan|U-turn|p1a: Scizor\n|-resisted|p1a: Scizor\n|-damage|p1a: Scizor|80\/100\n|\n|t:|1700956422\n|switch|p2a: Sol|Volcarona, F|100\/100|[from] U-turn\n|move|p1a: Scizor|Swords Dance|p1a: Scizor\n|-boost|p1a: Scizor|atk|2\n|\n|upkeep\n|turn|8\n|inactive|talalcht has 270 seconds left.\n|\n|t:|1700956433\n|move|p1a: Scizor|Bullet Punch|p2a: Sol\n|-resisted|p2a: Sol\n|-damage|p2a: Sol|19\/100\n|move|p2a: Sol|Fiery Dance|p1a: Scizor\n|-supereffective|p1a: Scizor\n|-damage|p1a: Scizor|0 fnt\n|-boost|p2a: Sol|spa|1\n|faint|p1a: Scizor\n|\n|upkeep\n|inactive|talalcht has 270 seconds left.\n|\n|t:|1700956444\n|switch|p1a: Serperior|Serperior, M|100\/100\n|-damage|p1a: Serperior|88\/100|[from] Spikes\n|-damage|p1a: Serperior|76\/100|[from] Stealth Rock\n|turn|9\n|inactive|talalcht has 270 seconds left.\n|\n|t:|1700956456\n|switch|p2a: Zoro|Samurott-Hisui, M, shiny|23\/100\n|-terastallize|p1a: Serperior|Grass\n|move|p1a: Serperior|Leaf Storm|p2a: Zoro\n|-supereffective|p2a: Zoro\n|-crit|p2a: Zoro\n|-damage|p2a: Zoro|0 fnt\n|-boost|p1a: Serperior|spa|2\n|faint|p2a: Zoro\n|\n|upkeep\n|\n|t:|1700956459\n|switch|p2a: Persistance|Ferrothorn, F|100\/100\n|turn|10\n|inactive|talalcht has 270 seconds left.\n|\n|t:|1700956474\n|move|p1a: Serperior|Glare|p2a: Persistance\n|-status|p2a: Persistance|par\n|move|p2a: Persistance|Toxic|p1a: Serperior\n|-status|p1a: Serperior|tox\n|\n|-damage|p1a: Serperior|70\/100 tox|[from] psn\n|upkeep\n|turn|11\n|inactive|talalcht has 270 seconds left.\n|\n|t:|1700956494\n|switch|p1a: Krookodile|Krookodile, F|100\/100\n|-damage|p1a: Krookodile|88\/100|[from] Spikes\n|-damage|p1a: Krookodile|82\/100|[from] Stealth Rock\n|move|p2a: Persistance|Knock Off|p1a: Krookodile\n|-resisted|p1a: Krookodile\n|-damage|p1a: Krookodile|69\/100\n|-enditem|p1a: Krookodile|Choice Scarf|[from] move: Knock Off|[of] p2a: Persistance\n|\n|upkeep\n|turn|12\n|inactive|talalcht has 270 seconds left.\n|\n|t:|1700956509\n|move|p1a: Krookodile|Earthquake|p2a: Persistance\n|-damage|p2a: Persistance|72\/100 par\n|move|p2a: Persistance|Power Whip|p1a: Krookodile\n|-supereffective|p1a: Krookodile\n|-damage|p1a: Krookodile|0 fnt\n|faint|p1a: Krookodile\n|\n|upkeep\n|\n|t:|1700956519\n|switch|p1a: Haxorus|Haxorus, F|100\/100\n|-damage|p1a: Haxorus|88\/100|[from] Spikes\n|-damage|p1a: Haxorus|76\/100|[from] Stealth Rock\n|-ability|p1a: Haxorus|Mold Breaker\n|turn|13\n|\n|t:|1700956526\n|move|p1a: Haxorus|Dragon Dance|p1a: Haxorus\n|-boost|p1a: Haxorus|atk|1\n|-boost|p1a: Haxorus|spe|1\n|cant|p2a: Persistance|par\n|\n|upkeep\n|turn|14\n|inactive|talalcht has 270 seconds left.\n|\n|t:|1700956535\n|move|p1a: Haxorus|Dragon Dance|p1a: Haxorus\n|-boost|p1a: Haxorus|atk|1\n|-boost|p1a: Haxorus|spe|1\n|move|p2a: Persistance|Toxic|p1a: Haxorus\n|-status|p1a: Haxorus|tox\n|\n|-damage|p1a: Haxorus|70\/100 tox|[from] psn\n|upkeep\n|turn|15\n|inactive|talalcht has 270 seconds left.\n|\n|t:|1700956554\n|switch|p2a: Titan|Landorus-Therian, M|100\/100\n|-ability|p2a: Titan|Intimidate|boost\n|-unboost|p1a: Haxorus|atk|1\n|move|p1a: Haxorus|Dragon Dance|p1a: Haxorus\n|-boost|p1a: Haxorus|atk|1\n|-boost|p1a: Haxorus|spe|1\n|\n|-damage|p1a: Haxorus|57\/100 tox|[from] psn\n|upkeep\n|turn|16\n|inactive|talalcht has 270 seconds left.\n|c|\u2606talalcht|Lo olvide que lo tengo scarf a este\n|c|\u2606talalcht|Que pelotudo xd\n|\n|t:|1700956583\n|move|p1a: Haxorus|Dragon Dance|p1a: Haxorus\n|-boost|p1a: Haxorus|atk|1\n|-boost|p1a: Haxorus|spe|1\n|move|p2a: Titan|U-turn|p1a: Haxorus\n|-damage|p1a: Haxorus|27\/100 tox\n|\n|t:|1700956589\n|switch|p2a: Puellae|Whimsicott, F|100\/100|[from] U-turn\n|\n|-damage|p1a: Haxorus|9\/100 tox|[from] psn\n|upkeep\n|turn|17\n|\n|t:|1700956596\n|move|p2a: Puellae|Encore|p1a: Haxorus\n|-start|p1a: Haxorus|Encore\n|move|p1a: Haxorus|Dragon Dance|p1a: Haxorus\n|-boost|p1a: Haxorus|atk|1\n|-boost|p1a: Haxorus|spe|1\n|\n|-damage|p1a: Haxorus|0 fnt|[from] psn\n|faint|p1a: Haxorus\n|upkeep\n|c|\u2606Flexkip|:)\n|\n|t:|1700956605\n|switch|p1a: Decidueye|Decidueye, M|100\/100\n|-damage|p1a: Decidueye|88\/100|[from] Spikes\n|-damage|p1a: Decidueye|76\/100|[from] Stealth Rock\n|turn|18\n|\n|t:|1700956617\n|move|p2a: Puellae|Taunt|p1a: Decidueye\n|-start|p1a: Decidueye|move: Taunt\n|-zpower|p1a: Decidueye\n|move|p1a: Decidueye|Sinister Arrow Raid|p2a: Puellae|[zeffect]\n|-crit|p2a: Puellae\n|-enditem|p2a: Puellae|Focus Sash\n|-damage|p2a: Puellae|1\/100\n|\n|upkeep\n|turn|19\n|inactive|talalcht has 270 seconds left.\n|\n|t:|1700956630\n|move|p1a: Decidueye|Shadow Sneak|p2a: Puellae\n|-crit|p2a: Puellae\n|-damage|p2a: Puellae|0 fnt\n|faint|p2a: Puellae\n|\n|upkeep\n|\n|t:|1700956648\n|switch|p2a: Persistance|Ferrothorn, F|72\/100 par\n|turn|20\n|\n|t:|1700956653\n|move|p1a: Decidueye|Spirit Shackle|p2a: Persistance\n|-damage|p2a: Persistance|50\/100 par\n|-activate|p2a: Persistance|trapped\n|move|p2a: Persistance|Toxic|p1a: Decidueye\n|-status|p1a: Decidueye|tox\n|\n|-damage|p1a: Decidueye|70\/100 tox|[from] psn\n|-end|p1a: Decidueye|move: Taunt\n|upkeep\n|turn|21\n|\n|t:|1700956663\n|move|p1a: Decidueye|Swords Dance|p1a: Decidueye\n|-boost|p1a: Decidueye|atk|2\n|move|p2a: Persistance|Knock Off|p1a: Decidueye\n|-supereffective|p1a: Decidueye\n|-damage|p1a: Decidueye|36\/100 tox\n|\n|-damage|p1a: Decidueye|24\/100 tox|[from] psn\n|upkeep\n|turn|22\n|\n|t:|1700956672\n|move|p1a: Decidueye|Spirit Shackle|p2a: Persistance\n|-damage|p2a: Persistance|1\/100 par\n|move|p2a: Persistance|Knock Off|p1a: Decidueye\n|-supereffective|p1a: Decidueye\n|-damage|p1a: Decidueye|0 fnt\n|faint|p1a: Decidueye\n|\n|upkeep\n|\n|t:|1700956680\n|switch|p1a: Serperior|Serperior, M, tera:Grass|70\/100 tox\n|-damage|p1a: Serperior|57\/100 tox|[from] Spikes\n|-damage|p1a: Serperior|45\/100 tox|[from] Stealth Rock\n|turn|23\n|\n|t:|1700956706\n|switch|p2a: Sol|Volcarona, F|19\/100\n|move|p1a: Serperior|Leaf Storm|p2a: Sol\n|-resisted|p2a: Sol\n|-damage|p2a: Sol|2\/100\n|-boost|p1a: Serperior|spa|2\n|\n|-damage|p1a: Serperior|39\/100 tox|[from] psn\n|upkeep\n|turn|24\n|\n|t:|1700956717\n|move|p1a: Serperior|Leaf Storm|p2a: Sol\n|-resisted|p2a: Sol\n|-damage|p2a: Sol|0 fnt\n|-boost|p1a: Serperior|spa|2\n|faint|p2a: Sol\n|\n|-damage|p1a: Serperior|26\/100 tox|[from] psn\n|upkeep\n|\n|t:|1700956719\n|switch|p2a: Berserker|Excadrill, F|100\/100\n|-ability|p2a: Berserker|Mold Breaker\n|turn|25\n|\n|t:|1700956728\n|move|p1a: Serperior|Leaf Storm|p2a: Berserker\n|-enditem|p2a: Berserker|Focus Sash\n|-damage|p2a: Berserker|1\/100\n|-boost|p1a: Serperior|spa|2\n|move|p2a: Berserker|Rapid Spin|p1a: Serperior\n|-damage|p1a: Serperior|3\/100 tox\n|-boost|p2a: Berserker|spe|1\n|\n|-damage|p1a: Serperior|0 fnt|[from] psn\n|faint|p1a: Serperior\n|\n|win|Flexkip\n|upkeep\n|c|\u2606talalcht|GG\n|c|\u2606Flexkip|Gg\n|c|\u2606talalcht|Xd\n|l|\u2606Flexkip\n","uploadtime":1700956742,"views":2,"p1id":"talalcht","p2id":"flexkip","formatid":"gen9nationaldex","rating":0,"private":0,"password":""}