{"id":"gen9nationaldex-1998113426","p1":"suijidyh666","p2":"sweeper(troll)","format":"[Gen 9] National Dex","log":"|html|<div class=\"broadcast-blue\"><strong>[Gen 9] National Dex is currently suspecting Sneasler! For information on how to participate check out the <a href=\"https:\/\/www.smogon.com\/forums\/threads\/sv-national-dex-suspect-8-just-dance.3731534\/\">suspect thread<\/a>.<\/strong><\/div>\n|j|\u2606suijidyh666\n|j|\u2606sweeper(troll)\n|t:|1700893656\n|gametype|singles\n|player|p1|suijidyh666|li|1000\n|player|p2|sweeper(troll)|2|1009\n|teamsize|p1|6\n|teamsize|p2|6\n|gen|9\n|tier|[Gen 9] National Dex\n|rated|\n|rule|HP Percentage Mod: HP is shown in percentages\n|rule|Endless Battle Clause: Forcing endless battles is banned\n|rule|OHKO Clause: OHKO moves are banned\n|rule|Evasion Clause: Evasion abilities, items, and moves are banned\n|rule|Evasion Abilities Clause: Evasion abilities are banned\n|rule|Evasion Items Clause: Evasion items are banned\n|rule|Evasion Moves Clause: Evasion moves are banned\n|rule|Species Clause: Limit one of each Pok\u00e9mon\n|rule|Sleep Clause Mod: Limit one foe put to sleep\n|clearpoke\n|poke|p1|Manaphy|\n|poke|p1|Abomasnow, M|\n|poke|p1|Entei|\n|poke|p1|Tyranitar, M|\n|poke|p1|Mesprit|\n|poke|p1|Grafaiai, F|\n|poke|p2|Ledian, F|\n|poke|p2|Ribombee, M|\n|poke|p2|Glimmora, M|\n|poke|p2|Cyclizar, F|\n|poke|p2|Banette, F|\n|poke|p2|Landorus-Therian, M|\n|teampreview\n|inactive|Battle timer is ON: inactive players will automatically lose when time's up. (requested by suijidyh666)\n|inactive|sweeper(troll) also wants the timer to be on.\n|\n|t:|1700893666\n|start\n|switch|p1a: Manaphy|Manaphy, shiny|100\/100\n|switch|p2a: Support 2|Glimmora, M|100\/100\n|turn|1\n|\n|t:|1700893670\n|move|p2a: Support 2|Stealth Rock|p1a: Manaphy\n|-sidestart|p1: suijidyh666|move: Stealth Rock\n|move|p1a: Manaphy|Take Heart|p1a: Manaphy\n|-boost|p1a: Manaphy|spa|1\n|-boost|p1a: Manaphy|spd|1\n|\n|upkeep\n|turn|2\n|\n|t:|1700893676\n|move|p2a: Support 2|Mortal Spin|p1a: Manaphy\n|-damage|p1a: Manaphy|96\/100\n|-status|p1a: Manaphy|psn\n|move|p1a: Manaphy|Take Heart|p1a: Manaphy\n|-boost|p1a: Manaphy|spa|1\n|-boost|p1a: Manaphy|spd|1\n|-curestatus|p1a: Manaphy|psn|[msg]\n|\n|-heal|p1a: Manaphy|100\/100|[from] item: Leftovers\n|upkeep\n|turn|3\n|\n|t:|1700893680\n|switch|p2a: Banette|Banette, F|100\/100\n|move|p1a: Manaphy|Take Heart|p1a: Manaphy\n|-boost|p1a: Manaphy|spa|1\n|-boost|p1a: Manaphy|spd|1\n|\n|upkeep\n|turn|4\n|\n|t:|1700893684\n|detailschange|p2a: Banette|Banette-Mega, F\n|-mega|p2a: Banette|Banette|Banettite\n|move|p2a: Banette|Encore|p1a: Manaphy\n|-start|p1a: Manaphy|Encore\n|move|p1a: Manaphy|Take Heart|p1a: Manaphy\n|-boost|p1a: Manaphy|spa|1\n|-boost|p1a: Manaphy|spd|1\n|\n|upkeep\n|turn|5\n|\n|t:|1700893698\n|switch|p1a: Tyranitar|Tyranitar, M, shiny|100\/100\n|-damage|p1a: Tyranitar|88\/100|[from] Stealth Rock\n|-weather|Sandstorm|[from] ability: Sand Stream|[of] p1a: Tyranitar\n|move|p2a: Banette|Poltergeist|p1a: Tyranitar\n|-activate|p1a: Tyranitar|move: Poltergeist|Choice Band\n|-resisted|p1a: Tyranitar\n|-damage|p1a: Tyranitar|63\/100\n|\n|-weather|Sandstorm|[upkeep]\n|-damage|p2a: Banette|94\/100|[from] Sandstorm\n|upkeep\n|turn|6\n|\n|t:|1700893707\n|-activate|p2a: Banette|move: Pursuit\n|move|p1a: Tyranitar|Pursuit|p2a: Banette|[from]Pursuit\n|-supereffective|p2a: Banette\n|-damage|p2a: Banette|0 fnt\n|faint|p2a: Banette\n|-hint|A Pokemon can't switch between when it runs out of HP and when it faints\n|\n|-weather|Sandstorm|[upkeep]\n|upkeep\n|\n|t:|1700893711\n|switch|p2a: Ribombee|Ribombee, M|100\/100\n|turn|7\n|\n|t:|1700893720\n|switch|p1a: Grafaiai|Grafaiai, F, shiny|100\/100\n|-damage|p1a: Grafaiai|88\/100|[from] Stealth Rock\n|move|p2a: Ribombee|Sticky Web|p1a: Grafaiai\n|-sidestart|p1: suijidyh666|move: Sticky Web\n|\n|-weather|Sandstorm|[upkeep]\n|-damage|p2a: Ribombee|94\/100|[from] Sandstorm\n|-damage|p1a: Grafaiai|82\/100|[from] Sandstorm\n|upkeep\n|turn|8\n|\n|t:|1700893727\n|move|p1a: Grafaiai|Encore|p2a: Ribombee\n|-start|p2a: Ribombee|Encore\n|move|p2a: Ribombee|Sticky Web||[still]\n|-fail|p2a: Ribombee\n|\n|-weather|Sandstorm|[upkeep]\n|-damage|p2a: Ribombee|88\/100|[from] Sandstorm\n|-damage|p1a: Grafaiai|76\/100|[from] Sandstorm\n|upkeep\n|turn|9\n|\n|t:|1700893736\n|switch|p2a: Landorus|Landorus-Therian, M|100\/100\n|-ability|p2a: Landorus|Intimidate|boost\n|-unboost|p1a: Grafaiai|atk|1\n|move|p1a: Grafaiai|Dig||[still]\n|-prepare|p1a: Grafaiai|Dig\n|\n|-weather|none\n|upkeep\n|turn|10\n|\n|t:|1700893748\n|move|p2a: Landorus|U-turn|p1a: Grafaiai|[miss]\n|-miss|p2a: Landorus|p1a: Grafaiai\n|move|p1a: Grafaiai|Dig|p2a: Landorus|[from]lockedmove\n|-immune|p2a: Landorus\n|\n|upkeep\n|turn|11\n|\n|t:|1700893757\n|move|p1a: Grafaiai|Toxic|p2a: Landorus\n|-status|p2a: Landorus|tox\n|move|p2a: Landorus|U-turn|p1a: Grafaiai\n|-resisted|p1a: Grafaiai\n|-damage|p1a: Grafaiai|58\/100\n|\n|t:|1700893780\n|switch|p2a: Ribombee|Ribombee, M|88\/100|[from] U-turn\n|\n|upkeep\n|turn|12\n|\n|t:|1700893788\n|move|p2a: Ribombee|Moonblast|p1a: Grafaiai\n|-resisted|p1a: Grafaiai\n|-damage|p1a: Grafaiai|34\/100\n|move|p1a: Grafaiai|Dig||[still]\n|-prepare|p1a: Grafaiai|Dig\n|\n|upkeep\n|turn|13\n|\n|t:|1700893798\n|move|p2a: Ribombee|Moonblast|p1a: Grafaiai|[miss]\n|-miss|p2a: Ribombee|p1a: Grafaiai\n|move|p1a: Grafaiai|Dig|p2a: Ribombee|[from]lockedmove\n|-resisted|p2a: Ribombee\n|-damage|p2a: Ribombee|79\/100\n|\n|upkeep\n|turn|14\n|\n|t:|1700893802\n|move|p1a: Grafaiai|Copycat|p1a: Grafaiai\n|move|p1a: Grafaiai|Dig||[from]move: Copycat|[still]\n|-prepare|p1a: Grafaiai|Dig\n|move|p2a: Ribombee|Moonblast|p1a: Grafaiai|[miss]\n|-miss|p2a: Ribombee|p1a: Grafaiai\n|\n|upkeep\n|turn|15\n|\n|t:|1700893807\n|switch|p2a: Landorus|Landorus-Therian, M|100\/100 tox\n|-ability|p2a: Landorus|Intimidate|boost\n|-unboost|p1a: Grafaiai|atk|1\n|move|p1a: Grafaiai|Dig|p2a: Landorus|[from]lockedmove\n|-immune|p2a: Landorus\n|\n|-damage|p2a: Landorus|95\/100 tox|[from] psn\n|upkeep\n|turn|16\n|\n|t:|1700893811\n|move|p1a: Grafaiai|Copycat|p1a: Grafaiai\n|move|p1a: Grafaiai|Dig||[from]move: Copycat|[still]\n|-prepare|p1a: Grafaiai|Dig\n|move|p2a: Landorus|Earthquake|p1a: Grafaiai\n|-supereffective|p1a: Grafaiai\n|-damage|p1a: Grafaiai|0 fnt\n|faint|p1a: Grafaiai\n|\n|-heal|p2a: Landorus|100\/100 tox|[from] item: Leftovers\n|-damage|p2a: Landorus|89\/100 tox|[from] psn\n|upkeep\n|\n|t:|1700893819\n|switch|p1a: Manaphy|Manaphy, shiny|100\/100\n|-damage|p1a: Manaphy|88\/100|[from] Stealth Rock\n|-activate|p1a: Manaphy|move: Sticky Web\n|-unboost|p1a: Manaphy|spe|1\n|turn|17\n|\n|t:|1700893824\n|move|p2a: Landorus|Knock Off|p1a: Manaphy\n|-damage|p1a: Manaphy|66\/100\n|-enditem|p1a: Manaphy|Leftovers|[from] move: Knock Off|[of] p2a: Landorus\n|move|p1a: Manaphy|Acid Armor|p1a: Manaphy\n|-boost|p1a: Manaphy|def|2\n|\n|-heal|p2a: Landorus|95\/100 tox|[from] item: Leftovers\n|-damage|p2a: Landorus|77\/100 tox|[from] psn\n|upkeep\n|turn|18\n|\n|t:|1700893828\n|move|p2a: Landorus|U-turn|p1a: Manaphy\n|-damage|p1a: Manaphy|56\/100\n|\n|t:|1700893832\n|switch|p2a: Cyclizar|Cyclizar, F|100\/100|[from] U-turn\n|move|p1a: Manaphy|Acid Armor|p1a: Manaphy\n|-boost|p1a: Manaphy|def|2\n|\n|upkeep\n|turn|19\n|\n|t:|1700893836\n|move|p2a: Cyclizar|Taunt|p1a: Manaphy\n|-start|p1a: Manaphy|move: Taunt\n|cant|p1a: Manaphy|move: Taunt|Take Heart\n|\n|upkeep\n|turn|20\n|\n|t:|1700893840\n|move|p2a: Cyclizar|Draco Meteor|p1a: Manaphy\n|-damage|p1a: Manaphy|23\/100\n|-unboost|p2a: Cyclizar|spa|2\n|move|p1a: Manaphy|Scald|p2a: Cyclizar\n|-resisted|p2a: Cyclizar\n|-damage|p2a: Cyclizar|81\/100\n|-status|p2a: Cyclizar|brn\n|\n|-damage|p2a: Cyclizar|75\/100 brn|[from] brn\n|upkeep\n|turn|21\n|\n|t:|1700893847\n|move|p2a: Cyclizar|Draco Meteor|p1a: Manaphy\n|-damage|p1a: Manaphy|8\/100\n|-unboost|p2a: Cyclizar|spa|2\n|move|p1a: Manaphy|Scald|p2a: Cyclizar\n|-resisted|p2a: Cyclizar\n|-damage|p2a: Cyclizar|56\/100 brn\n|\n|-damage|p2a: Cyclizar|50\/100 brn|[from] brn\n|-end|p1a: Manaphy|move: Taunt\n|upkeep\n|turn|22\n|\n|t:|1700893861\n|switch|p1a: Mesprit|Mesprit|100\/100\n|-damage|p1a: Mesprit|88\/100|[from] Stealth Rock\n|move|p2a: Cyclizar|Taunt|p1a: Mesprit\n|-start|p1a: Mesprit|move: Taunt\n|\n|-damage|p2a: Cyclizar|44\/100 brn|[from] brn\n|upkeep\n|turn|23\n|\n|t:|1700893869\n|move|p1a: Mesprit|Dazzling Gleam|p2a: Cyclizar\n|-supereffective|p2a: Cyclizar\n|-damage|p2a: Cyclizar|0 fnt\n|faint|p2a: Cyclizar\n|\n|upkeep\n|\n|t:|1700893876\n|switch|p2a: Goal: 1 kill|Ledian, F|100\/100\n|turn|24\n|l|\u2606suijidyh666\n|inactive|suijidyh666 disconnected and has a minute to reconnect!\n|player|p1|\n|inactive|suijidyh666 has 30 seconds to reconnect!\n|j| shfeha\n|inactive|suijidyh666 has 20 seconds to reconnect!\n|inactive|suijidyh666 has 15 seconds to reconnect!\n|inactive|suijidyh666 has 10 seconds to reconnect!\n|inactive|suijidyh666 has 5 seconds to reconnect!\n|l| shfeha\n|j|\u2606suijidyh666\n|inactive|suijidyh666 reconnected and has 95 seconds left.\n|player|p1|suijidyh666|li\n|inactive|suijidyh666 has 90 seconds left.\n|\n|t:|1700893940\n|switch|p1a: Entei|Entei, shiny|100\/100\n|-damage|p1a: Entei|76\/100|[from] Stealth Rock\n|-activate|p1a: Entei|move: Sticky Web\n|-unboost|p1a: Entei|spe|1\n|move|p2a: Goal: 1 kill|Silver Wind|p1a: Entei\n|-resisted|p1a: Entei\n|-damage|p1a: Entei|61\/100\n|-damage|p2a: Goal: 1 kill|91\/100|[from] item: Life Orb\n|\n|upkeep\n|turn|25\n|inactive|suijidyh666 has 90 seconds left.\n|\n|t:|1700893964\n|switch|p2a: Ribombee|Ribombee, M|79\/100\n|move|p1a: Entei|Sacred Fire|p2a: Ribombee\n|-supereffective|p2a: Ribombee\n|-damage|p2a: Ribombee|0 fnt\n|faint|p2a: Ribombee\n|\n|upkeep\n|\n|t:|1700893967\n|switch|p2a: Support 2|Glimmora, M|100\/100\n|turn|26\n|\n|t:|1700893974\n|switch|p1a: Mesprit|Mesprit|88\/100\n|-damage|p1a: Mesprit|76\/100|[from] Stealth Rock\n|move|p2a: Support 2|Mortal Spin|p1a: Mesprit\n|-damage|p1a: Mesprit|70\/100\n|-status|p1a: Mesprit|psn\n|\n|-damage|p1a: Mesprit|57\/100 psn|[from] psn\n|upkeep\n|turn|27\n|\n|t:|1700893980\n|move|p2a: Support 2|Spiky Shield|p2a: Support 2\n|-singleturn|p2a: Support 2|move: Protect\n|move|p1a: Mesprit|Healing Wish|p1a: Mesprit\n|faint|p1a: Mesprit\n|\n|upkeep\n|\n|t:|1700893983\n|switch|p1a: Manaphy|Manaphy, shiny|8\/100\n|-heal|p1a: Manaphy|100\/100|[from] move: Healing Wish\n|-damage|p1a: Manaphy|88\/100|[from] Stealth Rock\n|-activate|p1a: Manaphy|move: Sticky Web\n|-unboost|p1a: Manaphy|spe|1\n|turn|28\n|\n|t:|1700893990\n|switch|p2a: Goal: 1 kill|Ledian, F|91\/100\n|move|p1a: Manaphy|Take Heart|p1a: Manaphy\n|-boost|p1a: Manaphy|spa|1\n|-boost|p1a: Manaphy|spd|1\n|\n|upkeep\n|turn|29\n|inactive|suijidyh666 has 120 seconds left.\n|\n|t:|1700893996\n|-terastallize|p2a: Goal: 1 kill|Grass\n|move|p2a: Goal: 1 kill|Giga Drain|p1a: Manaphy\n|-supereffective|p1a: Manaphy\n|-damage|p1a: Manaphy|59\/100\n|-heal|p2a: Goal: 1 kill|100\/100|[from] drain|[of] p1a: Manaphy\n|-damage|p2a: Goal: 1 kill|91\/100|[from] item: Life Orb\n|move|p1a: Manaphy|Acid Armor|p1a: Manaphy\n|-boost|p1a: Manaphy|def|2\n|\n|upkeep\n|turn|30\n|\n|t:|1700894002\n|move|p2a: Goal: 1 kill|Silver Wind|p1a: Manaphy\n|-damage|p1a: Manaphy|47\/100\n|-damage|p2a: Goal: 1 kill|81\/100|[from] item: Life Orb\n|move|p1a: Manaphy|Rest|p1a: Manaphy\n|-status|p1a: Manaphy|slp|[from] move: Rest\n|-heal|p1a: Manaphy|100\/100 slp|[silent]\n|\n|upkeep\n|turn|31\n|\n|t:|1700894005\n|move|p2a: Goal: 1 kill|Silver Wind|p1a: Manaphy\n|-crit|p1a: Manaphy\n|-damage|p1a: Manaphy|72\/100 slp\n|-damage|p2a: Goal: 1 kill|71\/100|[from] item: Life Orb\n|cant|p1a: Manaphy|slp\n|\n|upkeep\n|turn|32\n|\n|t:|1700894017\n|move|p2a: Goal: 1 kill|Silver Wind|p1a: Manaphy\n|-damage|p1a: Manaphy|59\/100 slp\n|-damage|p2a: Goal: 1 kill|61\/100|[from] item: Life Orb\n|cant|p1a: Manaphy|slp\n|\n|upkeep\n|turn|33\n|\n|t:|1700894021\n|move|p2a: Goal: 1 kill|Silver Wind|p1a: Manaphy\n|-damage|p1a: Manaphy|46\/100 slp\n|-damage|p2a: Goal: 1 kill|51\/100|[from] item: Life Orb\n|-curestatus|p1a: Manaphy|slp|[msg]\n|move|p1a: Manaphy|Take Heart|p1a: Manaphy\n|-boost|p1a: Manaphy|spa|1\n|-boost|p1a: Manaphy|spd|1\n|\n|upkeep\n|turn|34\n|\n|t:|1700894027\n|move|p2a: Goal: 1 kill|Silver Wind|p1a: Manaphy\n|-damage|p1a: Manaphy|37\/100\n|-damage|p2a: Goal: 1 kill|41\/100|[from] item: Life Orb\n|move|p1a: Manaphy|Take Heart|p1a: Manaphy\n|-boost|p1a: Manaphy|spa|1\n|-boost|p1a: Manaphy|spd|1\n|\n|upkeep\n|turn|35\n|\n|t:|1700894031\n|move|p2a: Goal: 1 kill|Silver Wind|p1a: Manaphy\n|-damage|p1a: Manaphy|29\/100\n|-damage|p2a: Goal: 1 kill|31\/100|[from] item: Life Orb\n|move|p1a: Manaphy|Take Heart|p1a: Manaphy\n|-boost|p1a: Manaphy|spa|1\n|-boost|p1a: Manaphy|spd|1\n|\n|upkeep\n|turn|36\n|\n|t:|1700894046\n|move|p2a: Goal: 1 kill|Giga Drain|p1a: Manaphy\n|-supereffective|p1a: Manaphy\n|-damage|p1a: Manaphy|13\/100\n|-heal|p2a: Goal: 1 kill|44\/100|[from] drain|[of] p1a: Manaphy\n|-damage|p2a: Goal: 1 kill|34\/100|[from] item: Life Orb\n|move|p1a: Manaphy|Rest|p1a: Manaphy\n|-status|p1a: Manaphy|slp|[from] move: Rest\n|-heal|p1a: Manaphy|100\/100 slp|[silent]\n|\n|upkeep\n|turn|37\n|\n|t:|1700894049\n|move|p2a: Goal: 1 kill|Silver Wind|p1a: Manaphy\n|-damage|p1a: Manaphy|94\/100 slp\n|-damage|p2a: Goal: 1 kill|24\/100|[from] item: Life Orb\n|cant|p1a: Manaphy|slp\n|\n|upkeep\n|turn|38\n|\n|t:|1700894051\n|move|p2a: Goal: 1 kill|Giga Drain|p1a: Manaphy\n|-supereffective|p1a: Manaphy\n|-damage|p1a: Manaphy|79\/100 slp\n|-heal|p2a: Goal: 1 kill|36\/100|[from] drain|[of] p1a: Manaphy\n|-damage|p2a: Goal: 1 kill|26\/100|[from] item: Life Orb\n|cant|p1a: Manaphy|slp\n|\n|upkeep\n|turn|39\n|-message|sweeper(troll) forfeited.\n|\n|win|suijidyh666\n|raw|suijidyh666's rating: 1000 &rarr; <strong>1041<\/strong><br \/>(+41 for winning)\n|raw|sweeper(troll)'s rating: 1009 &rarr; <strong>1000<\/strong><br \/>(-9 for losing)\n|l|\u2606sweeper(troll)\n","uploadtime":1700894058,"views":5,"p1id":"suijidyh666","p2id":"sweepertroll","formatid":"gen9nationaldex","rating":1000,"private":0,"password":""}