{"id":"gen9nationaldex-1993252926","p1":"Tank Tests","p2":"Pd0g","format":"[Gen 9] National Dex","log":"|j|\u2606Tank Tests\n|j|\u2606Pd0g\n|t:|1700284669\n|gametype|singles\n|player|p1|Tank Tests|170|1322\n|player|p2|Pd0g|nate|1358\n|teamsize|p1|6\n|teamsize|p2|6\n|gen|9\n|tier|[Gen 9] National Dex\n|rated|\n|rule|HP Percentage Mod: HP is shown in percentages\n|rule|Endless Battle Clause: Forcing endless battles is banned\n|rule|OHKO Clause: OHKO moves are banned\n|rule|Evasion Clause: Evasion abilities, items, and moves are banned\n|rule|Evasion Abilities Clause: Evasion abilities are banned\n|rule|Evasion Items Clause: Evasion items are banned\n|rule|Evasion Moves Clause: Evasion moves are banned\n|rule|Species Clause: Limit one of each Pok\u00e9mon\n|rule|Sleep Clause Mod: Limit one foe put to sleep\n|clearpoke\n|poke|p1|Pawmot, M|\n|poke|p1|Rabsca, M|\n|poke|p1|Banette, F|\n|poke|p1|Victini|\n|poke|p1|Dragonite, M|\n|poke|p1|Forretress, M|\n|poke|p2|Dragonite, M|\n|poke|p2|Dusclops, F|\n|poke|p2|Mandibuzz, F|\n|poke|p2|Pinsir, F|\n|poke|p2|Rotom-Wash|\n|poke|p2|Blaziken, M|\n|teampreview\n|\n|t:|1700284680\n|start\n|switch|p1a: Forretress|Forretress, M|100\/100\n|switch|p2a: Rotom|Rotom-Wash|100\/100\n|turn|1\n|\n|t:|1700284686\n|move|p2a: Rotom|Trick|p1a: Forretress\n|-activate|p2a: Rotom|move: Trick|[of] p1a: Forretress\n|-item|p1a: Forretress|Choice Scarf|[from] move: Trick\n|-item|p2a: Rotom|Heavy-Duty Boots|[from] move: Trick\n|move|p1a: Forretress|Stealth Rock|p2a: Rotom\n|-sidestart|p2: Pd0g|move: Stealth Rock\n|\n|upkeep\n|turn|2\n|\n|t:|1700284697\n|switch|p1a: Pawmot|Pawmot, M|100\/100\n|move|p2a: Rotom|Hydro Pump|p1a: Pawmot|[miss]\n|-miss|p2a: Rotom|p1a: Pawmot\n|\n|upkeep\n|turn|3\n|\n|t:|1700284714\n|switch|p1a: Forretress|Forretress, M|100\/100\n|switch|p2a: Dusclops|Dusclops, F|100\/100\n|-damage|p2a: Dusclops|88\/100|[from] Stealth Rock\n|-item|p1a: Forretress|Choice Scarf|[from] ability: Frisk|[of] p2a: Dusclops|[identify]\n|\n|upkeep\n|turn|4\n|\n|t:|1700284722\n|move|p1a: Forretress|Thunder Wave|p2a: Dusclops\n|-status|p2a: Dusclops|par\n|cant|p2a: Dusclops|par\n|\n|upkeep\n|turn|5\n|\n|t:|1700284734\n|switch|p1a: Banette|Banette, F|100\/100\n|move|p2a: Dusclops|Substitute|p2a: Dusclops\n|-start|p2a: Dusclops|Substitute\n|-damage|p2a: Dusclops|63\/100 par\n|\n|upkeep\n|turn|6\n|\n|t:|1700284744\n|detailschange|p1a: Banette|Banette-Mega, F\n|-mega|p1a: Banette|Banette|Banettite\n|move|p1a: Banette|Encore|p2a: Dusclops\n|-start|p2a: Dusclops|Encore\n|move|p2a: Dusclops|Substitute|p2a: Dusclops\n|-fail|p2a: Dusclops|move: Substitute\n|\n|upkeep\n|turn|7\n|\n|t:|1700284751\n|move|p1a: Banette|Taunt|p2a: Dusclops\n|-start|p2a: Dusclops|move: Taunt\n|cant|p2a: Dusclops|move: Taunt|Substitute\n|\n|upkeep\n|turn|8\n|\n|t:|1700284756\n|move|p1a: Banette|Poltergeist|p2a: Dusclops\n|-activate|p2a: Dusclops|move: Poltergeist|Eviolite\n|-supereffective|p2a: Dusclops\n|-end|p2a: Dusclops|Substitute\n|-activate|p2a: Dusclops|move: Struggle\n|move|p2a: Dusclops|Struggle|p1a: Banette\n|-damage|p1a: Banette|86\/100\n|-damage|p2a: Dusclops|38\/100 par|[from] recoil\n|\n|-end|p2a: Dusclops|Encore\n|upkeep\n|turn|9\n|\n|t:|1700284766\n|move|p1a: Banette|Poltergeist|p2a: Dusclops\n|-activate|p2a: Dusclops|move: Poltergeist|Eviolite\n|-supereffective|p2a: Dusclops\n|-damage|p2a: Dusclops|0 fnt\n|faint|p2a: Dusclops\n|\n|upkeep\n|\n|t:|1700284774\n|switch|p2a: Mandibuzz|Mandibuzz, F|100\/100\n|-damage|p2a: Mandibuzz|76\/100|[from] Stealth Rock\n|turn|10\n|\n|t:|1700284780\n|switch|p1a: Forretress|Forretress, M|100\/100\n|move|p2a: Mandibuzz|Defog|p1a: Forretress\n|-unboost|p1a: Forretress|evasion|1\n|-sideend|p2: Pd0g|Stealth Rock|[from] move: Defog|[of] p2a: Mandibuzz\n|\n|upkeep\n|turn|11\n|\n|t:|1700284788\n|switch|p2a: Rotom|Rotom-Wash|100\/100\n|move|p1a: Forretress|Thunder Wave|p2a: Rotom\n|-immune|p2a: Rotom\n|\n|upkeep\n|turn|12\n|\n|t:|1700284797\n|move|p2a: Rotom|Hydro Pump|p1a: Forretress\n|-damage|p1a: Forretress|52\/100\n|move|p1a: Forretress|Thunder Wave|p2a: Rotom\n|-immune|p2a: Rotom\n|\n|upkeep\n|turn|13\n|\n|t:|1700284803\n|move|p2a: Rotom|Hydro Pump|p1a: Forretress\n|-damage|p1a: Forretress|2\/100\n|move|p1a: Forretress|Thunder Wave|p2a: Rotom\n|-immune|p2a: Rotom\n|\n|upkeep\n|turn|14\n|\n|t:|1700284809\n|move|p2a: Rotom|Thunderbolt|p1a: Forretress\n|-crit|p1a: Forretress\n|-damage|p1a: Forretress|0 fnt\n|faint|p1a: Forretress\n|\n|upkeep\n|\n|t:|1700284816\n|switch|p1a: Banette|Banette-Mega, F|86\/100\n|turn|15\n|\n|t:|1700284822\n|move|p1a: Banette|Destiny Bond|p1a: Banette\n|-singlemove|p1a: Banette|Destiny Bond\n|move|p2a: Rotom|Hydro Pump|p1a: Banette\n|-damage|p1a: Banette|0 fnt\n|faint|p1a: Banette\n|-activate|p1a: Banette|move: Destiny Bond\n|faint|p2a: Rotom\n|\n|upkeep\n|\n|t:|1700284838\n|switch|p2a: Dragonite|Dragonite, M|100\/100\n|switch|p1a: Victini|Victini|100\/100\n|turn|16\n|\n|t:|1700284843\n|move|p1a: Victini|Final Gambit|p2a: Dragonite\n|-damage|p2a: Dragonite|0 fnt\n|faint|p1a: Victini\n|faint|p2a: Dragonite\n|\n|upkeep\n|\n|t:|1700284852\n|switch|p1a: Dragonite|Dragonite, M|100\/100\n|switch|p2a: Pinsir|Pinsir, F|100\/100\n|turn|17\n|\n|t:|1700284859\n|detailschange|p2a: Pinsir|Pinsir-Mega, F\n|-mega|p2a: Pinsir|Pinsir|Pinsirite\n|move|p2a: Pinsir|Return|p1a: Dragonite\n|-damage|p1a: Dragonite|61\/100\n|move|p1a: Dragonite|Dragon Dance|p1a: Dragonite\n|-boost|p1a: Dragonite|atk|1\n|-boost|p1a: Dragonite|spe|1\n|\n|upkeep\n|turn|18\n|\n|t:|1700284870\n|-terastallize|p1a: Dragonite|Normal\n|move|p1a: Dragonite|Extreme Speed|p2a: Pinsir\n|-damage|p2a: Pinsir|21\/100\n|move|p2a: Pinsir|Quick Attack|p1a: Dragonite\n|-damage|p1a: Dragonite|29\/100\n|\n|upkeep\n|turn|19\n|\n|t:|1700284877\n|move|p1a: Dragonite|Extreme Speed|p2a: Pinsir\n|-crit|p2a: Pinsir\n|-damage|p2a: Pinsir|0 fnt\n|faint|p2a: Pinsir\n|\n|upkeep\n|\n|t:|1700284883\n|switch|p2a: Mandibuzz|Mandibuzz, F|76\/100\n|turn|20\n|\n|t:|1700284887\n|move|p1a: Dragonite|Extreme Speed|p2a: Mandibuzz\n|-damage|p2a: Mandibuzz|37\/100\n|-damage|p1a: Dragonite|13\/100|[from] item: Rocky Helmet|[of] p2a: Mandibuzz\n|move|p2a: Mandibuzz|Roost|p2a: Mandibuzz\n|-heal|p2a: Mandibuzz|87\/100\n|-singleturn|p2a: Mandibuzz|move: Roost\n|\n|upkeep\n|turn|21\n|\n|t:|1700284899\n|switch|p1a: Pawmot|Pawmot, M|100\/100\n|move|p2a: Mandibuzz|Roost|p2a: Mandibuzz\n|-heal|p2a: Mandibuzz|100\/100\n|-singleturn|p2a: Mandibuzz|move: Roost\n|\n|upkeep\n|turn|22\n|\n|t:|1700284906\n|move|p1a: Pawmot|Revival Blessing|p1a: Pawmot\n|-enditem|p1a: Pawmot|Leppa Berry|[eat]\n|-activate|p1a: Pawmot|item: Leppa Berry|Revival Blessing|[consumed]\n|\n|t:|1700284908\n|-heal|p1: Banette|50\/100|[from] move: Revival Blessing\n|move|p2a: Mandibuzz|Swagger|p1a: Pawmot\n|-boost|p1a: Pawmot|atk|2\n|-start|p1a: Pawmot|confusion\n|\n|upkeep\n|turn|23\n|\n|t:|1700284916\n|-activate|p1a: Pawmot|confusion\n|move|p1a: Pawmot|Double Shock|p2a: Mandibuzz\n|-supereffective|p2a: Mandibuzz\n|-damage|p2a: Mandibuzz|0 fnt\n|-start|p1a: Pawmot|typechange|???\/Fighting|[from] move: Double Shock\n|-damage|p1a: Pawmot|84\/100|[from] item: Rocky Helmet|[of] p2a: Mandibuzz\n|faint|p2a: Mandibuzz\n|\n|upkeep\n|\n|t:|1700284924\n|switch|p2a: Blaziken|Blaziken, M|100\/100\n|turn|24\n|\n|t:|1700284929\n|-end|p1a: Pawmot|confusion\n|move|p1a: Pawmot|Revival Blessing|p1a: Pawmot\n|\n|t:|1700284936\n|-heal|p1: Victini|50\/100|[from] move: Revival Blessing\n|move|p2a: Blaziken|Hone Claws|p2a: Blaziken\n|-boost|p2a: Blaziken|atk|1\n|-boost|p2a: Blaziken|accuracy|1\n|\n|-ability|p2a: Blaziken|Speed Boost|boost\n|-boost|p2a: Blaziken|spe|1\n|upkeep\n|turn|25\n|\n|t:|1700284956\n|move|p2a: Blaziken|High Jump Kick|p1a: Pawmot\n|-damage|p1a: Pawmot|0 fnt\n|faint|p1a: Pawmot\n|\n|-ability|p2a: Blaziken|Speed Boost|boost\n|-boost|p2a: Blaziken|spe|1\n|upkeep\n|\n|t:|1700284961\n|switch|p1a: Banette|Banette-Mega, F|50\/100\n|turn|26\n|\n|t:|1700284966\n|move|p1a: Banette|Destiny Bond|p1a: Banette\n|-singlemove|p1a: Banette|Destiny Bond\n|move|p2a: Blaziken|Knock Off|p1a: Banette\n|-supereffective|p1a: Banette\n|-damage|p1a: Banette|0 fnt\n|faint|p1a: Banette\n|-activate|p1a: Banette|move: Destiny Bond\n|faint|p2a: Blaziken\n|\n|win|Tank Tests\n|raw|Tank Tests's rating: 1322 &rarr; <strong>1344<\/strong><br \/>(+22 for winning)\n|raw|Pd0g's rating: 1358 &rarr; <strong>1336<\/strong><br \/>(-22 for losing)\n|c|\u2606Tank Tests|gg\n|l|\u2606Pd0g\n","uploadtime":1700284980,"views":18,"p1id":"tanktests","p2id":"pd0g","formatid":"gen9nationaldex","rating":1336,"private":0,"password":""}