{"id":"gen9nationaldex-1989255414","p1":"TheBosses27","p2":"DatenaQueDaUmaPena","format":"[Gen 9] National Dex","log":"|j|\u2606TheBosses27\n|j|\u2606DatenaQueDaUmaPena\n|t:|1699828576\n|gametype|singles\n|player|p1|TheBosses27|bruno|1334\n|player|p2|DatenaQueDaUmaPena|guzma|1350\n|teamsize|p1|6\n|teamsize|p2|6\n|gen|9\n|tier|[Gen 9] National Dex\n|rated|\n|rule|HP Percentage Mod: HP is shown in percentages\n|rule|Endless Battle Clause: Forcing endless battles is banned\n|rule|OHKO Clause: OHKO moves are banned\n|rule|Evasion Clause: Evasion abilities, items, and moves are banned\n|rule|Evasion Abilities Clause: Evasion abilities are banned\n|rule|Evasion Items Clause: Evasion items are banned\n|rule|Evasion Moves Clause: Evasion moves are banned\n|rule|Species Clause: Limit one of each Pok\u00e9mon\n|rule|Sleep Clause Mod: Limit one foe put to sleep\n|clearpoke\n|poke|p1|Primeape, F|\n|poke|p1|Rabsca, F|\n|poke|p1|Clefable, F|\n|poke|p1|Kleavor, F|\n|poke|p1|Venusaur, M|\n|poke|p1|Corviknight, F|\n|poke|p2|Charizard, M|\n|poke|p2|Volcanion|\n|poke|p2|Torkoal, F|\n|poke|p2|Tropius, M|\n|poke|p2|Volcarona, M|\n|poke|p2|Heatran, M|\n|teampreview\n|inactive|Battle timer is ON: inactive players will automatically lose when time's up. (requested by DatenaQueDaUmaPena)\n|inactive|TheBosses27 also wants the timer to be on.\n|\n|t:|1699828585\n|start\n|switch|p1a: Kleavor|Kleavor, F|100\/100\n|switch|p2a: Torkoal|Torkoal, F|100\/100\n|-weather|SunnyDay|[from] ability: Drought|[of] p2a: Torkoal\n|turn|1\n|\n|t:|1699828592\n|move|p1a: Kleavor|Stone Axe|p2a: Torkoal|[miss]\n|-miss|p1a: Kleavor|p2a: Torkoal\n|move|p2a: Torkoal|Stealth Rock|p1a: Kleavor\n|-sidestart|p1: TheBosses27|move: Stealth Rock\n|\n|-weather|SunnyDay|[upkeep]\n|upkeep\n|turn|2\n|\n|t:|1699828597\n|switch|p2a: Heatran|Heatran, M|100\/100\n|-item|p2a: Heatran|Air Balloon\n|move|p1a: Kleavor|Stone Axe|p2a: Heatran\n|-damage|p2a: Heatran|52\/100\n|-enditem|p2a: Heatran|Air Balloon\n|-sidestart|p2: DatenaQueDaUmaPena|move: Stealth Rock\n|\n|-weather|SunnyDay|[upkeep]\n|upkeep\n|turn|3\n|\n|t:|1699828605\n|switch|p1a: Clefable|Clefable, F|100\/100\n|-damage|p1a: Clefable|88\/100|[from] Stealth Rock\n|move|p2a: Heatran|Flash Cannon|p1a: Clefable\n|-supereffective|p1a: Clefable\n|-damage|p1a: Clefable|2\/100\n|\n|-weather|SunnyDay|[upkeep]\n|-heal|p1a: Clefable|8\/100|[from] item: Leftovers\n|upkeep\n|turn|4\n|\n|t:|1699828618\n|move|p2a: Heatran|Eruption|p1a: Clefable\n|-damage|p1a: Clefable|0 fnt\n|faint|p1a: Clefable\n|\n|-weather|SunnyDay|[upkeep]\n|upkeep\n|\n|t:|1699828621\n|switch|p1a: Venusaur|Venusaur, M|100\/100\n|-damage|p1a: Venusaur|88\/100|[from] Stealth Rock\n|turn|5\n|\n|t:|1699828624\n|move|p1a: Venusaur|Earth Power|p2a: Heatran\n|-supereffective|p2a: Heatran\n|-damage|p2a: Heatran|0 fnt\n|faint|p2a: Heatran\n|\n|-weather|SunnyDay|[upkeep]\n|upkeep\n|\n|t:|1699828632\n|switch|p2a: Volcarona|Volcarona, M|100\/100\n|-damage|p2a: Volcarona|50\/100|[from] Stealth Rock\n|turn|6\n|\n|t:|1699828635\n|move|p1a: Venusaur|Hidden Power|p2a: Volcarona\n|-supereffective|p2a: Volcarona\n|-damage|p2a: Volcarona|0 fnt\n|faint|p2a: Volcarona\n|\n|-weather|SunnyDay|[upkeep]\n|upkeep\n|\n|t:|1699828645\n|switch|p2a: Charizard|Charizard, M, shiny|100\/100\n|-damage|p2a: Charizard|50\/100|[from] Stealth Rock\n|turn|7\n|\n|t:|1699828647\n|move|p1a: Venusaur|Hidden Power|p2a: Charizard\n|-supereffective|p2a: Charizard\n|-damage|p2a: Charizard|0 fnt\n|faint|p2a: Charizard\n|\n|-weather|SunnyDay|[upkeep]\n|upkeep\n|\n|t:|1699828671\n|switch|p2a: Volcanion|Volcanion|100\/100\n|-damage|p2a: Volcanion|75\/100|[from] Stealth Rock\n|turn|8\n|\n|t:|1699828677\n|detailschange|p1a: Venusaur|Venusaur-Mega, M\n|-mega|p1a: Venusaur|Venusaur|Venusaurite\n|move|p1a: Venusaur|Earth Power|p2a: Volcanion\n|-supereffective|p2a: Volcanion\n|-damage|p2a: Volcanion|22\/100\n|move|p2a: Volcanion|Heat Wave|p1a: Venusaur\n|-supereffective|p1a: Venusaur\n|-damage|p1a: Venusaur|6\/100\n|-damage|p2a: Volcanion|12\/100|[from] item: Life Orb\n|\n|-weather|none\n|upkeep\n|turn|9\n|\n|t:|1699828687\n|move|p1a: Venusaur|Earth Power|p2a: Volcanion\n|-supereffective|p2a: Volcanion\n|-damage|p2a: Volcanion|0 fnt\n|faint|p2a: Volcanion\n|\n|upkeep\n|\n|t:|1699828689\n|switch|p2a: Torkoal|Torkoal, F|100\/100\n|-damage|p2a: Torkoal|75\/100|[from] Stealth Rock\n|-weather|SunnyDay|[from] ability: Drought|[of] p2a: Torkoal\n|turn|10\n|\n|t:|1699828691\n|move|p1a: Venusaur|Earth Power|p2a: Torkoal\n|-supereffective|p2a: Torkoal\n|-damage|p2a: Torkoal|31\/100\n|move|p2a: Torkoal|Clear Smog|p1a: Venusaur\n|-damage|p1a: Venusaur|0 fnt\n|-clearboost|p1a: Venusaur\n|faint|p1a: Venusaur\n|\n|-weather|SunnyDay|[upkeep]\n|upkeep\n|\n|t:|1699828695\n|switch|p1a: Kleavor|Kleavor, F|100\/100\n|-damage|p1a: Kleavor|76\/100|[from] Stealth Rock\n|turn|11\n|\n|t:|1699828698\n|move|p1a: Kleavor|Stone Axe|p2a: Torkoal\n|-supereffective|p2a: Torkoal\n|-damage|p2a: Torkoal|0 fnt\n|faint|p2a: Torkoal\n|\n|-weather|SunnyDay|[upkeep]\n|upkeep\n|\n|t:|1699828700\n|switch|p2a: Tropius|Tropius, M|100\/100\n|-damage|p2a: Tropius|76\/100|[from] Stealth Rock\n|turn|12\n|\n|t:|1699828704\n|move|p1a: Kleavor|Stone Axe|p2a: Tropius\n|-supereffective|p2a: Tropius\n|-damage|p2a: Tropius|0 fnt\n|faint|p2a: Tropius\n|\n|win|TheBosses27\n|raw|TheBosses27's rating: 1334 &rarr; <strong>1355<\/strong><br \/>(+21 for winning)\n|raw|DatenaQueDaUmaPena's rating: 1350 &rarr; <strong>1329<\/strong><br \/>(-21 for losing)\n|l|\u2606DatenaQueDaUmaPena\n","uploadtime":1699828711,"views":8,"p1id":"thebosses27","p2id":"datenaquedaumapena","formatid":"gen9nationaldex","rating":1329,"private":0,"password":""}