{"id":"gen9nationaldex-2000173585","p1":"tavro","p2":"mergency\u4e71\u821e","format":"[Gen 9] National Dex","log":"|html|<div class=\"broadcast-blue\"><strong>[Gen 9] National Dex is currently suspecting Sneasler! For information on how to participate check out the <a href=\"https:\/\/www.smogon.com\/forums\/threads\/sv-national-dex-suspect-8-just-dance.3731534\/\">suspect thread<\/a>.<\/strong><\/div>\n|j|\u2606tavro\n|j|\u2606mergency\u4e71\u821e\n|t:|1701167233\n|gametype|singles\n|player|p1|tavro|backpacker|1340\n|player|p2|mergency\u4e71\u821e|policeman-gen4|1405\n|teamsize|p1|6\n|teamsize|p2|6\n|gen|9\n|tier|[Gen 9] National Dex\n|rated|\n|rule|HP Percentage Mod: HP is shown in percentages\n|rule|Endless Battle Clause: Forcing endless battles is banned\n|rule|OHKO Clause: OHKO moves are banned\n|rule|Evasion Clause: Evasion abilities, items, and moves are banned\n|rule|Evasion Abilities Clause: Evasion abilities are banned\n|rule|Evasion Items Clause: Evasion items are banned\n|rule|Evasion Moves Clause: Evasion moves are banned\n|rule|Species Clause: Limit one of each Pok\u00e9mon\n|rule|Sleep Clause Mod: Limit one foe put to sleep\n|clearpoke\n|poke|p1|Samurott-Hisui, M|\n|poke|p1|Corviknight, F|\n|poke|p1|Charizard, F|\n|poke|p1|Scovillain, F|\n|poke|p1|Conkeldurr, F|\n|poke|p1|Electivire, M|\n|poke|p2|Clodsire, F|\n|poke|p2|Dondozo, F|\n|poke|p2|Gliscor, F|\n|poke|p2|Sableye, F|\n|poke|p2|Chansey, F|\n|poke|p2|Corviknight, F|\n|teampreview\n|\n|t:|1701167257\n|start\n|switch|p1a: Electivire|Electivire, M|100\/100\n|switch|p2a: Sableye|Sableye, F|100\/100\n|turn|1\n|inactive|Battle timer is ON: inactive players will automatically lose when time's up. (requested by mergency\u4e71\u821e)\n|\n|t:|1701167263\n|switch|p1a: Charizard|Charizard, F|100\/100\n|move|p2a: Sableye|Will-O-Wisp|p1a: Charizard\n|-immune|p1a: Charizard\n|\n|upkeep\n|turn|2\n|\n|t:|1701167284\n|detailschange|p1a: Charizard|Charizard-Mega-Y, F\n|-mega|p1a: Charizard|Charizard|Charizardite Y\n|-weather|SunnyDay|[from] ability: Drought|[of] p1a: Charizard\n|detailschange|p2a: Sableye|Sableye-Mega, F\n|-mega|p2a: Sableye|Sableye|Sablenite\n|move|p2a: Sableye|Protect|p2a: Sableye\n|-singleturn|p2a: Sableye|Protect\n|move|p1a: Charizard|Flamethrower|p2a: Sableye\n|-activate|p2a: Sableye|move: Protect\n|\n|-weather|SunnyDay|[upkeep]\n|upkeep\n|turn|3\n|\n|t:|1701167294\n|switch|p2a: Chansey|Chansey, F|100\/100\n|move|p1a: Charizard|Flamethrower|p2a: Chansey\n|-damage|p2a: Chansey|76\/100\n|\n|-weather|SunnyDay|[upkeep]\n|upkeep\n|turn|4\n|\n|t:|1701167298\n|switch|p1a: Conkeldurr|Conkeldurr, F|100\/100\n|move|p2a: Chansey|Stealth Rock|p1a: Conkeldurr\n|-sidestart|p1: tavro|move: Stealth Rock\n|\n|-weather|SunnyDay|[upkeep]\n|-status|p1a: Conkeldurr|brn|[from] item: Flame Orb\n|upkeep\n|turn|5\n|\n|t:|1701167309\n|switch|p2a: Corviknight|Corviknight, F|100\/100\n|-ability|p2a: Corviknight|Pressure\n|move|p1a: Conkeldurr|Knock Off|p2a: Corviknight\n|-damage|p2a: Corviknight|57\/100\n|-damage|p1a: Conkeldurr|84\/100 brn|[from] item: Rocky Helmet|[of] p2a: Corviknight\n|-enditem|p2a: Corviknight|Rocky Helmet|[from] move: Knock Off|[of] p1a: Conkeldurr\n|\n|-weather|SunnyDay|[upkeep]\n|-damage|p1a: Conkeldurr|78\/100 brn|[from] brn\n|upkeep\n|turn|6\n|\n|t:|1701167319\n|switch|p1a: Corviknight|Corviknight, F|100\/100\n|-damage|p1a: Corviknight|88\/100|[from] Stealth Rock\n|move|p2a: Corviknight|Roost|p2a: Corviknight\n|-heal|p2a: Corviknight|100\/100\n|-singleturn|p2a: Corviknight|move: Roost\n|\n|-weather|none\n|upkeep\n|turn|7\n|\n|t:|1701167326\n|switch|p2a: Sableye|Sableye-Mega, F|100\/100\n|move|p1a: Corviknight|Defog|p2a: Sableye\n|move|p2a: Sableye|Defog|p1a: Corviknight|[from]ability: Magic Bounce\n|-ability|p1a: Corviknight|Mirror Armor\n|-unboost|p2a: Sableye|evasion|1\n|-sideend|p1: tavro|Stealth Rock|[from] move: Defog|[of] p2a: Sableye\n|\n|upkeep\n|turn|8\n|\n|t:|1701167339\n|switch|p1a: Charizard|Charizard-Mega-Y, F|100\/100\n|-weather|SunnyDay|[from] ability: Drought|[of] p1a: Charizard\n|move|p2a: Sableye|Knock Off|p1a: Charizard\n|-damage|p1a: Charizard|72\/100\n|\n|-weather|SunnyDay|[upkeep]\n|upkeep\n|turn|9\n|\n|t:|1701167345\n|switch|p2a: Chansey|Chansey, F|76\/100\n|move|p1a: Charizard|Flamethrower|p2a: Chansey\n|-damage|p2a: Chansey|54\/100\n|\n|-weather|SunnyDay|[upkeep]\n|upkeep\n|turn|10\n|\n|t:|1701167349\n|switch|p1a: Conkeldurr|Conkeldurr, F|78\/100 brn\n|move|p2a: Chansey|Wish|p2a: Chansey\n|\n|-weather|SunnyDay|[upkeep]\n|-damage|p1a: Conkeldurr|72\/100 brn|[from] brn\n|upkeep\n|turn|11\n|\n|t:|1701167357\n|move|p2a: Chansey|Protect|p2a: Chansey\n|-singleturn|p2a: Chansey|Protect\n|move|p1a: Conkeldurr|Drain Punch|p2a: Chansey\n|-activate|p2a: Chansey|move: Protect\n|\n|-weather|SunnyDay|[upkeep]\n|-heal|p2a: Chansey|100\/100|[from] move: Wish|[wisher] Chansey\n|-damage|p1a: Conkeldurr|66\/100 brn|[from] brn\n|upkeep\n|turn|12\n|\n|t:|1701167363\n|switch|p2a: Corviknight|Corviknight, F|100\/100\n|-ability|p2a: Corviknight|Pressure\n|move|p1a: Conkeldurr|Knock Off|p2a: Corviknight\n|-damage|p2a: Corviknight|70\/100\n|\n|-weather|none\n|-damage|p1a: Conkeldurr|60\/100 brn|[from] brn\n|upkeep\n|turn|13\n|\n|t:|1701167367\n|move|p2a: Corviknight|Brave Bird|p1a: Conkeldurr\n|-supereffective|p1a: Conkeldurr\n|-damage|p1a: Conkeldurr|0 fnt\n|faint|p1a: Conkeldurr\n|-damage|p2a: Corviknight|50\/100|[from] Recoil\n|\n|upkeep\n|\n|t:|1701167371\n|switch|p1a: Charizard|Charizard-Mega-Y, F|72\/100\n|-weather|SunnyDay|[from] ability: Drought|[of] p1a: Charizard\n|turn|14\n|\n|t:|1701167374\n|switch|p2a: Chansey|Chansey, F|100\/100\n|move|p1a: Charizard|Flamethrower|p2a: Chansey\n|-damage|p2a: Chansey|76\/100\n|\n|-weather|SunnyDay|[upkeep]\n|upkeep\n|turn|15\n|-message|tavro forfeited.\n|\n|win|mergency\u4e71\u821e\n|raw|tavro's rating: 1340 &rarr; <strong>1324<\/strong><br \/>(-16 for losing)\n|raw|mergency\u4e71\u821e's rating: 1405 &rarr; <strong>1421<\/strong><br \/>(+16 for winning)\n|l|\u2606tavro\n","uploadtime":1701167406,"views":7,"p1id":"tavro","p2id":"mergency","formatid":"gen9nationaldex","rating":1324,"private":0,"password":""}