{"id":"gen9nationaldex-1991176330","p1":"starlitbox","p2":"hansord","format":"[Gen 9] National Dex","log":"|j|\u2606starlitbox\n|j|\u2606hansord\n|t:|1700053754\n|gametype|singles\n|player|p1|starlitbox|silver|1385\n|player|p2|hansord|guitarist|1352\n|teamsize|p1|6\n|teamsize|p2|6\n|gen|9\n|tier|[Gen 9] National Dex\n|rated|\n|rule|HP Percentage Mod: HP is shown in percentages\n|rule|Endless Battle Clause: Forcing endless battles is banned\n|rule|OHKO Clause: OHKO moves are banned\n|rule|Evasion Clause: Evasion abilities, items, and moves are banned\n|rule|Evasion Abilities Clause: Evasion abilities are banned\n|rule|Evasion Items Clause: Evasion items are banned\n|rule|Evasion Moves Clause: Evasion moves are banned\n|rule|Species Clause: Limit one of each Pok\u00e9mon\n|rule|Sleep Clause Mod: Limit one foe put to sleep\n|clearpoke\n|poke|p1|Landorus-Therian, M|\n|poke|p1|Greninja-*, M|\n|poke|p1|Volcarona, M|\n|poke|p1|Iron Valiant|\n|poke|p1|Ogerpon-Wellspring, F|\n|poke|p1|Tapu Koko|\n|poke|p2|Garganacl, F|\n|poke|p2|Toxapex, M|\n|poke|p2|Heatran, M|\n|poke|p2|Rotom-Wash|\n|poke|p2|Gliscor, F|\n|poke|p2|Banette, F|\n|teampreview\n|\n|t:|1700053770\n|start\n|switch|p1a: Tapu Koko|Tapu Koko|100\/100\n|switch|p2a: Banette|Banette, F|100\/100\n|-fieldstart|move: Electric Terrain|[from] ability: Electric Surge|[of] p1a: Tapu Koko\n|-item|p1a: Tapu Koko|Light Clay|[from] ability: Frisk|[of] p2a: Banette|[identify]\n|turn|1\n|inactive|Battle timer is ON: inactive players will automatically lose when time's up. (requested by hansord)\n|\n|t:|1700053789\n|detailschange|p2a: Banette|Banette-Mega, F\n|-mega|p2a: Banette|Banette|Banettite\n|move|p1a: Tapu Koko|Dazzling Gleam|p2a: Banette\n|-damage|p2a: Banette|50\/100\n|move|p2a: Banette|Poltergeist|p1a: Tapu Koko\n|-activate|p1a: Tapu Koko|move: Poltergeist|Light Clay\n|-damage|p1a: Tapu Koko|13\/100\n|\n|upkeep\n|turn|2\n|\n|t:|1700053801\n|switch|p1a: Landorus|Landorus-Therian, M|100\/100\n|-ability|p1a: Landorus|Intimidate|boost\n|-unboost|p2a: Banette|atk|1\n|move|p2a: Banette|Shadow Sneak|p1a: Landorus\n|-damage|p1a: Landorus|84\/100\n|\n|-heal|p1a: Landorus|90\/100|[from] item: Leftovers\n|upkeep\n|turn|3\n|\n|t:|1700053811\n|switch|p2a: Gliscor|Gliscor, F|100\/100\n|move|p1a: Landorus|Knock Off|p2a: Gliscor\n|-damage|p2a: Gliscor|66\/100\n|-enditem|p2a: Gliscor|Toxic Orb|[from] move: Knock Off|[of] p1a: Landorus\n|\n|-heal|p1a: Landorus|96\/100|[from] item: Leftovers\n|upkeep\n|turn|4\n|\n|t:|1700053820\n|move|p2a: Gliscor|Stealth Rock|p1a: Landorus\n|-sidestart|p1: starlitbox|move: Stealth Rock\n|move|p1a: Landorus|U-turn|p2a: Gliscor\n|-resisted|p2a: Gliscor\n|-damage|p2a: Gliscor|54\/100\n|\n|t:|1700053826\n|switch|p1a: Iron Valiant|Iron Valiant|100\/100|[from] U-turn\n|-damage|p1a: Iron Valiant|94\/100|[from] Stealth Rock\n|-activate|p1a: Iron Valiant|ability: Quark Drive\n|-start|p1a: Iron Valiant|quarkdrivespe\n|\n|upkeep\n|turn|5\n|\n|t:|1700053834\n|move|p1a: Iron Valiant|Moonblast|p2a: Gliscor\n|-damage|p2a: Gliscor|0 fnt\n|faint|p2a: Gliscor\n|\n|-fieldend|move: Electric Terrain\n|-end|p1a: Iron Valiant|Quark Drive\n|upkeep\n|\n|t:|1700053842\n|switch|p2a: Banette|Banette-Mega, F|50\/100\n|turn|6\n|\n|t:|1700053850\n|move|p2a: Banette|Destiny Bond|p2a: Banette\n|-singlemove|p2a: Banette|Destiny Bond\n|move|p1a: Iron Valiant|Moonblast|p2a: Banette\n|-damage|p2a: Banette|0 fnt\n|faint|p2a: Banette\n|-activate|p2a: Banette|move: Destiny Bond\n|faint|p1a: Iron Valiant\n|-end|p1a: Iron Valiant|Quark Drive|[silent]\n|\n|upkeep\n|\n|t:|1700053860\n|switch|p1a: Landorus|Landorus-Therian, M|96\/100\n|switch|p2a: Garganacl|Garganacl, F|100\/100\n|-damage|p1a: Landorus|83\/100|[from] Stealth Rock\n|-ability|p1a: Landorus|Intimidate|boost\n|-unboost|p2a: Garganacl|atk|1\n|turn|7\n|-message|hansord forfeited.\n|\n|win|starlitbox\n|raw|starlitbox's rating: 1385 &rarr; <strong>1403<\/strong><br \/>(+18 for winning)\n|raw|hansord's rating: 1352 &rarr; <strong>1334<\/strong><br \/>(-18 for losing)\n|l|\u2606hansord\n","uploadtime":1700053895,"views":5,"p1id":"starlitbox","p2id":"hansord","formatid":"gen9nationaldex","rating":1334,"private":0,"password":""}