{"id":"gen9nationaldex-1992675458","p1":"fuyuzu","p2":"HorneroSnipero","format":"[Gen 9] National Dex","log":"|j|\u2606fuyuzu\n|j|\u2606HorneroSnipero\n|t:|1700223832\n|gametype|singles\n|player|p1|fuyuzu|266|1398\n|player|p2|HorneroSnipero|birdkeeper-gen4dp|1378\n|teamsize|p1|6\n|teamsize|p2|6\n|gen|9\n|tier|[Gen 9] National Dex\n|rated|\n|rule|HP Percentage Mod: HP is shown in percentages\n|rule|Endless Battle Clause: Forcing endless battles is banned\n|rule|OHKO Clause: OHKO moves are banned\n|rule|Evasion Clause: Evasion abilities, items, and moves are banned\n|rule|Evasion Abilities Clause: Evasion abilities are banned\n|rule|Evasion Items Clause: Evasion items are banned\n|rule|Evasion Moves Clause: Evasion moves are banned\n|rule|Species Clause: Limit one of each Pok\u00e9mon\n|rule|Sleep Clause Mod: Limit one foe put to sleep\n|clearpoke\n|poke|p1|Celesteela|\n|poke|p1|Heatran, M|\n|poke|p1|Iron Valiant|\n|poke|p1|Nihilego|\n|poke|p1|Azumarill, F|\n|poke|p1|Gyarados, M|\n|poke|p2|Samurott-Hisui, M|\n|poke|p2|Iron Treads|\n|poke|p2|Kyurem|\n|poke|p2|Rotom-Wash|\n|poke|p2|Landorus-Therian, M|\n|poke|p2|Ribombee, F|\n|teampreview\n|\n|t:|1700223870\n|start\n|switch|p1a: Gyarados|Gyarados, M|100\/100\n|switch|p2a: Samurott|Samurott-Hisui, M|100\/100\n|-ability|p1a: Gyarados|Intimidate|boost\n|-unboost|p2a: Samurott|atk|1\n|turn|1\n|\n|t:|1700223884\n|detailschange|p1a: Gyarados|Gyarados-Mega, M\n|-mega|p1a: Gyarados|Gyarados|Gyaradosite\n|-ability|p1a: Gyarados|Mold Breaker\n|move|p2a: Samurott|Ceaseless Edge|p1a: Gyarados|[miss]\n|-miss|p2a: Samurott|p1a: Gyarados\n|move|p1a: Gyarados|Substitute|p1a: Gyarados\n|-start|p1a: Gyarados|Substitute\n|-damage|p1a: Gyarados|75\/100\n|\n|upkeep\n|turn|2\n|\n|t:|1700223889\n|move|p2a: Samurott|Ceaseless Edge|p1a: Gyarados\n|-resisted|p1a: Gyarados\n|-activate|p1a: Gyarados|move: Substitute|[damage]\n|-sidestart|p1: fuyuzu|Spikes\n|move|p1a: Gyarados|Dragon Dance|p1a: Gyarados\n|-boost|p1a: Gyarados|atk|1\n|-boost|p1a: Gyarados|spe|1\n|\n|upkeep\n|turn|3\n|\n|t:|1700223897\n|move|p2a: Samurott|Ceaseless Edge|p1a: Gyarados\n|-resisted|p1a: Gyarados\n|-end|p1a: Gyarados|Substitute\n|-sidestart|p1: fuyuzu|Spikes\n|move|p1a: Gyarados|Waterfall|p2a: Samurott\n|-resisted|p2a: Samurott\n|-damage|p2a: Samurott|55\/100\n|\n|upkeep\n|turn|4\n|\n|t:|1700223911\n|move|p2a: Samurott|Ceaseless Edge|p1a: Gyarados\n|-resisted|p1a: Gyarados\n|-damage|p1a: Gyarados|62\/100\n|-sidestart|p1: fuyuzu|Spikes\n|move|p1a: Gyarados|Dragon Dance|p1a: Gyarados\n|-boost|p1a: Gyarados|atk|1\n|-boost|p1a: Gyarados|spe|1\n|\n|upkeep\n|turn|5\n|\n|t:|1700223916\n|move|p1a: Gyarados|Waterfall|p2a: Samurott\n|-resisted|p2a: Samurott\n|-damage|p2a: Samurott|0 fnt\n|faint|p2a: Samurott\n|\n|upkeep\n|\n|t:|1700223919\n|switch|p2a: Ribombee|Ribombee, F|100\/100\n|turn|6\n|\n|t:|1700223921\n|move|p1a: Gyarados|Waterfall|p2a: Ribombee\n|-enditem|p2a: Ribombee|Focus Sash\n|-damage|p2a: Ribombee|1\/100\n|cant|p2a: Ribombee|flinch\n|\n|upkeep\n|turn|7\n|\n|t:|1700223926\n|move|p1a: Gyarados|Waterfall|p2a: Ribombee\n|-damage|p2a: Ribombee|0 fnt\n|faint|p2a: Ribombee\n|\n|upkeep\n|-message|HorneroSnipero forfeited.\n|\n|win|fuyuzu\n|raw|fuyuzu's rating: 1398 &rarr; <strong>1417<\/strong><br \/>(+19 for winning)\n|raw|HorneroSnipero's rating: 1378 &rarr; <strong>1359<\/strong><br \/>(-19 for losing)\n|l|\u2606HorneroSnipero\n","uploadtime":1700223937,"views":5,"p1id":"fuyuzu","p2id":"hornerosnipero","formatid":"gen9nationaldex","rating":1359,"private":0,"password":""}