{"id":"gen9nationaldex-1992513827","p1":"Tank Tests","p2":"Grilled Cheems","format":"[Gen 9] National Dex","log":"|j|\u2606Tank Tests\n|j|\u2606Grilled Cheems\n|t:|1700197684\n|gametype|singles\n|player|p1|Tank Tests|266|1377\n|player|p2|Grilled Cheems|102|1404\n|teamsize|p1|6\n|teamsize|p2|6\n|gen|9\n|tier|[Gen 9] National Dex\n|rated|\n|rule|HP Percentage Mod: HP is shown in percentages\n|rule|Endless Battle Clause: Forcing endless battles is banned\n|rule|OHKO Clause: OHKO moves are banned\n|rule|Evasion Clause: Evasion abilities, items, and moves are banned\n|rule|Evasion Abilities Clause: Evasion abilities are banned\n|rule|Evasion Items Clause: Evasion items are banned\n|rule|Evasion Moves Clause: Evasion moves are banned\n|rule|Species Clause: Limit one of each Pok\u00e9mon\n|rule|Sleep Clause Mod: Limit one foe put to sleep\n|clearpoke\n|poke|p1|Pawmot, F|\n|poke|p1|Rabsca, M|\n|poke|p1|Banette, M|\n|poke|p1|Victini|\n|poke|p1|Dragonite, M|\n|poke|p1|Forretress, F|\n|poke|p2|Tentacruel, M|\n|poke|p2|Moltres|\n|poke|p2|Breloom, M|\n|poke|p2|Ribombee, M|\n|poke|p2|Electivire, F|\n|poke|p2|Noivern, F|\n|teampreview\n|\n|t:|1700197690\n|start\n|switch|p1a: Banette|Banette, M|100\/100\n|switch|p2a: Electivire|Electivire, F|100\/100\n|turn|1\n|\n|t:|1700197698\n|detailschange|p1a: Banette|Banette-Mega, M\n|-mega|p1a: Banette|Banette|Banettite\n|move|p1a: Banette|Destiny Bond|p1a: Banette\n|-singlemove|p1a: Banette|Destiny Bond\n|move|p2a: Electivire|Earthquake|p1a: Banette\n|-damage|p1a: Banette|19\/100\n|\n|upkeep\n|turn|2\n|\n|t:|1700197718\n|switch|p2a: Moltres|Moltres|100\/100\n|switch|p1a: Dragonite|Dragonite, M|100\/100\n|\n|upkeep\n|turn|3\n|\n|t:|1700197725\n|switch|p1a: Victini|Victini|100\/100\n|move|p2a: Moltres|Will-O-Wisp|p1a: Victini|[miss]\n|-miss|p2a: Moltres|p1a: Victini\n|\n|upkeep\n|turn|4\n|inactive|Battle timer is ON: inactive players will automatically lose when time's up. (requested by Grilled Cheems)\n|\n|t:|1700197731\n|move|p1a: Victini|Final Gambit|p2a: Moltres\n|-damage|p2a: Moltres|12\/100\n|faint|p1a: Victini\n|move|p2a: Moltres|Scorching Sands|p1: Victini|[notarget]\n|-fail|p2a: Moltres\n|\n|upkeep\n|\n|t:|1700197738\n|switch|p1a: Pawmot|Pawmot, F|100\/100\n|turn|5\n|\n|t:|1700197741\n|switch|p2a: Electivire|Electivire, F|100\/100\n|move|p1a: Pawmot|Close Combat|p2a: Electivire\n|-damage|p2a: Electivire|14\/100\n|-unboost|p1a: Pawmot|def|1\n|-unboost|p1a: Pawmot|spd|1\n|\n|upkeep\n|turn|6\n|\n|t:|1700197748\n|move|p1a: Pawmot|Close Combat|p2a: Electivire\n|-damage|p2a: Electivire|0 fnt\n|-unboost|p1a: Pawmot|def|1\n|-unboost|p1a: Pawmot|spd|1\n|faint|p2a: Electivire\n|\n|upkeep\n|\n|t:|1700197752\n|switch|p2a: Ribombee|Ribombee, M|100\/100\n|turn|7\n|\n|t:|1700197757\n|switch|p1a: Banette|Banette-Mega, M|19\/100\n|move|p2a: Ribombee|Quiver Dance|p2a: Ribombee\n|-boost|p2a: Ribombee|spa|1\n|-boost|p2a: Ribombee|spd|1\n|-boost|p2a: Ribombee|spe|1\n|\n|upkeep\n|turn|8\n|\n|t:|1700197762\n|move|p1a: Banette|Encore|p2a: Ribombee\n|-start|p2a: Ribombee|Encore\n|move|p2a: Ribombee|Quiver Dance|p2a: Ribombee\n|-boost|p2a: Ribombee|spa|1\n|-boost|p2a: Ribombee|spd|1\n|-boost|p2a: Ribombee|spe|1\n|\n|upkeep\n|turn|9\n|\n|t:|1700197771\n|switch|p2a: Moltres|Moltres|12\/100\n|move|p1a: Banette|Poltergeist|p2a: Moltres\n|-activate|p2a: Moltres|move: Poltergeist|Heavy-Duty Boots\n|-damage|p2a: Moltres|0 fnt\n|faint|p2a: Moltres\n|\n|upkeep\n|\n|t:|1700197777\n|switch|p2a: Ribombee|Ribombee, M|100\/100\n|turn|10\n|\n|t:|1700197781\n|move|p1a: Banette|Destiny Bond|p1a: Banette\n|-singlemove|p1a: Banette|Destiny Bond\n|move|p2a: Ribombee|Sticky Web|p1a: Banette\n|-sidestart|p1: Tank Tests|move: Sticky Web\n|\n|upkeep\n|turn|11\n|\n|t:|1700197787\n|switch|p2a: Breloom|Breloom, M|100\/100\n|move|p1a: Banette|Encore||[still]\n|-fail|p1a: Banette\n|\n|upkeep\n|turn|12\n|\n|t:|1700197797\n|move|p2a: Breloom|Mach Punch|p1a: Banette\n|-immune|p1a: Banette\n|move|p1a: Banette|Poltergeist|p2a: Breloom\n|-activate|p2a: Breloom|move: Poltergeist|Loaded Dice\n|-damage|p2a: Breloom|0 fnt\n|faint|p2a: Breloom\n|\n|upkeep\n|\n|t:|1700197803\n|switch|p2a: Noivern|Noivern, F|100\/100\n|turn|13\n|\n|t:|1700197806\n|move|p1a: Banette|Destiny Bond|p1a: Banette\n|-singlemove|p1a: Banette|Destiny Bond\n|move|p2a: Noivern|Air Slash|p1a: Banette\n|-damage|p1a: Banette|0 fnt\n|faint|p1a: Banette\n|-activate|p1a: Banette|move: Destiny Bond\n|faint|p2a: Noivern\n|\n|upkeep\n|\n|t:|1700197813\n|switch|p2a: Tentacruel|Tentacruel, M|100\/100\n|switch|p1a: Forretress|Forretress, F|100\/100\n|turn|14\n|\n|t:|1700197820\n|move|p2a: Tentacruel|Rapid Spin|p1a: Forretress\n|-resisted|p1a: Forretress\n|-damage|p1a: Forretress|97\/100\n|-boost|p2a: Tentacruel|spe|1\n|move|p1a: Forretress|Thunder Wave|p2a: Tentacruel\n|-status|p2a: Tentacruel|par\n|\n|upkeep\n|turn|15\n|\n|t:|1700197827\n|move|p2a: Tentacruel|Hydro Pump|p1a: Forretress\n|-damage|p1a: Forretress|63\/100\n|move|p1a: Forretress|Rapid Spin|p2a: Tentacruel\n|-crit|p2a: Tentacruel\n|-damage|p2a: Tentacruel|77\/100 par\n|-boost|p1a: Forretress|spe|1\n|-sideend|p1: Tank Tests|Sticky Web|[from] move: Rapid Spin|[of] p1a: Forretress\n|\n|upkeep\n|turn|16\n|\n|t:|1700197833\n|move|p2a: Tentacruel|Hydro Pump|p1a: Forretress\n|-damage|p1a: Forretress|26\/100\n|move|p1a: Forretress|Stealth Rock|p2a: Tentacruel\n|-sidestart|p2: Grilled Cheems|move: Stealth Rock\n|\n|upkeep\n|turn|17\n|\n|t:|1700197842\n|move|p2a: Tentacruel|Hydro Pump|p1a: Forretress|[miss]\n|-miss|p2a: Tentacruel|p1a: Forretress\n|move|p1a: Forretress|Explosion|p2a: Tentacruel\n|-damage|p2a: Tentacruel|0 fnt\n|faint|p1a: Forretress\n|faint|p2a: Tentacruel\n|\n|upkeep\n|\n|t:|1700197848\n|switch|p2a: Ribombee|Ribombee, M|100\/100\n|switch|p1a: Pawmot|Pawmot, F|100\/100\n|-damage|p2a: Ribombee|76\/100|[from] Stealth Rock\n|turn|18\n|\n|t:|1700197852\n|move|p2a: Ribombee|Psychic|p1a: Pawmot\n|-supereffective|p1a: Pawmot\n|-damage|p1a: Pawmot|16\/100\n|move|p1a: Pawmot|Revival Blessing|p1a: Pawmot\n|-enditem|p1a: Pawmot|Leppa Berry|[eat]\n|-activate|p1a: Pawmot|item: Leppa Berry|Revival Blessing|[consumed]\n|\n|t:|1700197859\n|-heal|p1: Banette|50\/100|[from] move: Revival Blessing\n|\n|upkeep\n|turn|19\n|\n|t:|1700197862\n|switch|p1a: Rabsca|Rabsca, M|100\/100\n|move|p2a: Ribombee|Quiver Dance|p2a: Ribombee\n|-boost|p2a: Ribombee|spa|1\n|-boost|p2a: Ribombee|spd|1\n|-boost|p2a: Ribombee|spe|1\n|\n|upkeep\n|turn|20\n|\n|t:|1700197868\n|move|p2a: Ribombee|Bug Buzz|p1a: Rabsca\n|-supereffective|p1a: Rabsca\n|-damage|p1a: Rabsca|7\/100\n|move|p1a: Rabsca|Revival Blessing|p1a: Rabsca\n|-enditem|p1a: Rabsca|Leppa Berry|[eat]\n|-activate|p1a: Rabsca|item: Leppa Berry|Revival Blessing|[consumed]\n|\n|t:|1700197872\n|-heal|p1: Victini|50\/100|[from] move: Revival Blessing\n|\n|upkeep\n|turn|21\n|\n|t:|1700197875\n|move|p2a: Ribombee|Psychic|p1a: Rabsca\n|-resisted|p1a: Rabsca\n|-damage|p1a: Rabsca|0 fnt\n|faint|p1a: Rabsca\n|\n|upkeep\n|\n|t:|1700197877\n|switch|p1a: Banette|Banette-Mega, M|50\/100\n|turn|22\n|\n|t:|1700197882\n|move|p1a: Banette|Destiny Bond|p1a: Banette\n|-singlemove|p1a: Banette|Destiny Bond\n|move|p2a: Ribombee|Psychic|p1a: Banette\n|-damage|p1a: Banette|0 fnt\n|faint|p1a: Banette\n|-activate|p1a: Banette|move: Destiny Bond\n|faint|p2a: Ribombee\n|\n|win|Tank Tests\n|raw|Tank Tests's rating: 1377 &rarr; <strong>1399<\/strong><br \/>(+22 for winning)\n|raw|Grilled Cheems's rating: 1404 &rarr; <strong>1382<\/strong><br \/>(-22 for losing)\n|c|\u2606Tank Tests|gg\n|l|\u2606Grilled Cheems\n","uploadtime":1700197892,"views":5,"p1id":"tanktests","p2id":"grilledcheems","formatid":"gen9nationaldex","rating":1382,"private":0,"password":""}