{"id":"gen9nationaldex-1987401490","p1":"pingas123","p2":"baigu","format":"[Gen 9] National Dex","log":"|j|\u2606pingas123\n|j|\u2606baigu\n|t:|1699586600\n|gametype|singles\n|player|p1|pingas123|wattson|1609\n|player|p2|baigu|dawn|1734\n|teamsize|p1|6\n|teamsize|p2|6\n|gen|9\n|tier|[Gen 9] National Dex\n|rated|\n|rule|HP Percentage Mod: HP is shown in percentages\n|rule|Endless Battle Clause: Forcing endless battles is banned\n|rule|OHKO Clause: OHKO moves are banned\n|rule|Evasion Clause: Evasion abilities, items, and moves are banned\n|rule|Evasion Abilities Clause: Evasion abilities are banned\n|rule|Evasion Items Clause: Evasion items are banned\n|rule|Evasion Moves Clause: Evasion moves are banned\n|rule|Species Clause: Limit one of each Pok\u00e9mon\n|rule|Sleep Clause Mod: Limit one foe put to sleep\n|clearpoke\n|poke|p1|Iron Valiant|\n|poke|p1|Tapu Koko|\n|poke|p1|Landorus-Therian, M|\n|poke|p1|Heatran, M|\n|poke|p1|Scizor, M|\n|poke|p1|Ferrothorn, M|\n|poke|p2|Ursaluna, F|\n|poke|p2|Dragonite, F|\n|poke|p2|Slowking, M|\n|poke|p2|Tapu Koko|\n|poke|p2|Hoopa-Unbound|\n|poke|p2|Great Tusk|\n|teampreview\n|\n|t:|1699586617\n|start\n|switch|p1a: Landorus|Landorus-Therian, M|100\/100\n|switch|p2a: Tapu Koko|Tapu Koko|100\/100\n|-fieldstart|move: Electric Terrain|[from] ability: Electric Surge|[of] p2a: Tapu Koko\n|-ability|p1a: Landorus|Intimidate|boost\n|-unboost|p2a: Tapu Koko|atk|1\n|turn|1\n|\n|t:|1699586626\n|switch|p2a: Great Tusk|Great Tusk|100\/100\n|switch|p1a: Ferrothorn|Ferrothorn, M|100\/100\n|\n|upkeep\n|turn|2\n|\n|t:|1699586635\n|move|p2a: Great Tusk|Close Combat|p1a: Ferrothorn\n|-supereffective|p1a: Ferrothorn\n|-damage|p1a: Ferrothorn|20\/100\n|-unboost|p2a: Great Tusk|def|1\n|-unboost|p2a: Great Tusk|spd|1\n|-damage|p2a: Great Tusk|88\/100|[from] ability: Iron Barbs|[of] p1a: Ferrothorn\n|move|p1a: Ferrothorn|Power Whip|p2a: Great Tusk\n|-supereffective|p2a: Great Tusk\n|-damage|p2a: Great Tusk|17\/100\n|\n|-heal|p1a: Ferrothorn|27\/100|[from] item: Leftovers\n|upkeep\n|turn|3\n|\n|t:|1699586646\n|switch|p1a: Landorus|Landorus-Therian, M|100\/100\n|-ability|p1a: Landorus|Intimidate|boost\n|-unboost|p2a: Great Tusk|atk|1\n|move|p2a: Great Tusk|Close Combat|p1a: Landorus\n|-resisted|p1a: Landorus\n|-damage|p1a: Landorus|86\/100\n|-unboost|p2a: Great Tusk|def|1\n|-unboost|p2a: Great Tusk|spd|1\n|-damage|p2a: Great Tusk|0 fnt|[from] item: Rocky Helmet|[of] p1a: Landorus\n|faint|p2a: Great Tusk\n|-end|p2a: Great Tusk|Protosynthesis|[silent]\n|\n|upkeep\n|\n|t:|1699586653\n|switch|p2a: Slowking|Slowking, M|100\/100\n|turn|4\n|\n|t:|1699586667\n|move|p1a: Landorus|Toxic|p2a: Slowking\n|-status|p2a: Slowking|tox\n|move|p2a: Slowking|Scald|p1a: Landorus\n|-supereffective|p1a: Landorus\n|-damage|p1a: Landorus|30\/100\n|\n|-damage|p2a: Slowking|94\/100 tox|[from] psn\n|upkeep\n|turn|5\n|\n|t:|1699586673\n|move|p1a: Landorus|U-turn|p2a: Slowking\n|-supereffective|p2a: Slowking\n|-damage|p2a: Slowking|47\/100 tox\n|\n|t:|1699586682\n|switch|p1a: Ferrothorn|Ferrothorn, M|27\/100|[from] U-turn\n|move|p2a: Slowking|Scald|p1a: Ferrothorn\n|-resisted|p1a: Ferrothorn\n|-damage|p1a: Ferrothorn|15\/100\n|-status|p1a: Ferrothorn|brn\n|\n|-heal|p1a: Ferrothorn|21\/100 brn|[from] item: Leftovers\n|-damage|p2a: Slowking|35\/100 tox|[from] psn\n|-damage|p1a: Ferrothorn|15\/100 brn|[from] brn\n|-fieldend|move: Electric Terrain\n|upkeep\n|turn|6\n|\n|t:|1699586697\n|switch|p2a: Tapu Koko|Tapu Koko|100\/100\n|-fieldstart|move: Electric Terrain|[from] ability: Electric Surge|[of] p2a: Tapu Koko\n|move|p1a: Ferrothorn|Spikes|p2a: Tapu Koko\n|-sidestart|p2: baigu|Spikes\n|\n|-heal|p1a: Ferrothorn|21\/100 brn|[from] item: Leftovers\n|-damage|p1a: Ferrothorn|15\/100 brn|[from] brn\n|upkeep\n|turn|7\n|\n|t:|1699586704\n|move|p2a: Tapu Koko|Dazzling Gleam|p1a: Ferrothorn\n|-resisted|p1a: Ferrothorn\n|-damage|p1a: Ferrothorn|0 fnt\n|faint|p1a: Ferrothorn\n|\n|upkeep\n|j| Cra3k\n|\n|t:|1699586725\n|switch|p1a: Heatran|Heatran, M|100\/100\n|turn|8\n|\n|t:|1699586733\n|switch|p2a: Slowking|Slowking, M|68\/100 tox\n|move|p1a: Heatran|Stealth Rock|p2a: Slowking\n|-sidestart|p2: baigu|move: Stealth Rock\n|\n|-damage|p2a: Slowking|62\/100 tox|[from] psn\n|upkeep\n|turn|9\n|inactive|Battle timer is ON: inactive players will automatically lose when time's up. (requested by baigu)\n|\n|t:|1699586752\n|-terastallize|p1a: Heatran|Grass\n|move|p1a: Heatran|Taunt|p2a: Slowking\n|-start|p2a: Slowking|move: Taunt\n|cant|p2a: Slowking|move: Taunt|Slack Off\n|\n|-damage|p2a: Slowking|49\/100 tox|[from] psn\n|upkeep\n|turn|10\n|\n|t:|1699586763\n|switch|p2a: Dragonite|Dragonite, F|100\/100\n|-damage|p2a: Dragonite|76\/100|[from] Stealth Rock\n|move|p1a: Heatran|Magma Storm|p2a: Dragonite\n|-resisted|p2a: Dragonite\n|-damage|p2a: Dragonite|56\/100\n|-activate|p2a: Dragonite|move: Magma Storm|[of] p1a: Heatran\n|\n|-damage|p2a: Dragonite|44\/100|[from] move: Magma Storm|[partiallytrapped]\n|-fieldend|move: Electric Terrain\n|upkeep\n|turn|11\n|\n|t:|1699586772\n|move|p1a: Heatran|Taunt|p2a: Dragonite\n|-start|p2a: Dragonite|move: Taunt\n|move|p2a: Dragonite|Dual Wingbeat|p1a: Heatran|[miss]\n|-miss|p2a: Dragonite|p1a: Heatran\n|\n|-damage|p2a: Dragonite|31\/100|[from] move: Magma Storm|[partiallytrapped]\n|upkeep\n|turn|12\n|\n|t:|1699586795\n|switch|p1a: Landorus|Landorus-Therian, M|30\/100\n|-ability|p1a: Landorus|Intimidate|boost\n|-unboost|p2a: Dragonite|atk|1\n|move|p2a: Dragonite|Dual Wingbeat|p1a: Landorus\n|-damage|p1a: Landorus|12\/100\n|-damage|p2a: Dragonite|15\/100|[from] item: Rocky Helmet|[of] p1a: Landorus\n|-damage|p1a: Landorus|0 fnt\n|-damage|p2a: Dragonite|0 fnt|[from] item: Rocky Helmet|[of] p1a: Landorus\n|faint|p1a: Landorus\n|faint|p2a: Dragonite\n|-hitcount|p1: Landorus|2\n|\n|upkeep\n|\n|t:|1699586815\n|switch|p1a: Iron Valiant|Iron Valiant|100\/100\n|switch|p2a: Tapu Koko|Tapu Koko|100\/100\n|-damage|p2a: Tapu Koko|88\/100|[from] Spikes\n|-damage|p2a: Tapu Koko|76\/100|[from] Stealth Rock\n|-fieldstart|move: Electric Terrain|[from] ability: Electric Surge|[of] p2a: Tapu Koko\n|-activate|p1a: Iron Valiant|ability: Quark Drive\n|-start|p1a: Iron Valiant|quarkdrivespe\n|turn|13\n|\n|t:|1699586825\n|switch|p2a: Slowking|Slowking, M|83\/100 tox\n|move|p1a: Iron Valiant|Moonblast|p2a: Slowking\n|-damage|p2a: Slowking|45\/100 tox\n|\n|-damage|p2a: Slowking|39\/100 tox|[from] psn\n|upkeep\n|turn|14\n|\n|t:|1699586839\n|-end|p1a: Iron Valiant|Quark Drive|[silent]\n|switch|p1a: Heatran|Heatran, M, tera:Grass|100\/100\n|move|p2a: Slowking|Trick Room|p2a: Slowking\n|-fieldstart|move: Trick Room|[of] p2a: Slowking\n|\n|-damage|p2a: Slowking|27\/100 tox|[from] psn\n|upkeep\n|turn|15\n|\n|t:|1699586846\n|move|p1a: Heatran|Taunt|p2a: Slowking\n|-start|p2a: Slowking|move: Taunt\n|cant|p2a: Slowking|move: Taunt|Teleport\n|\n|-damage|p2a: Slowking|9\/100 tox|[from] psn\n|upkeep\n|turn|16\n|\n|t:|1699586856\n|switch|p2a: Ursaluna|Ursaluna, F|100\/100\n|-damage|p2a: Ursaluna|88\/100|[from] Spikes\n|-damage|p2a: Ursaluna|82\/100|[from] Stealth Rock\n|move|p1a: Heatran|Magma Storm|p2a: Ursaluna|[miss]\n|-miss|p1a: Heatran|p2a: Ursaluna\n|\n|-status|p2a: Ursaluna|brn|[from] item: Flame Orb\n|upkeep\n|turn|17\n|\n|t:|1699586872\n|-terastallize|p2a: Ursaluna|Normal\n|move|p2a: Ursaluna|Facade|p1a: Heatran\n|-damage|p1a: Heatran|0 fnt\n|faint|p1a: Heatran\n|\n|-damage|p2a: Ursaluna|75\/100 brn|[from] brn\n|-fieldend|move: Electric Terrain\n|upkeep\n|\n|t:|1699586878\n|switch|p1a: Scizor|Scizor, M, shiny|100\/100\n|turn|18\n|\n|t:|1699586882\n|detailschange|p1a: Scizor|Scizor-Mega, M, shiny\n|-mega|p1a: Scizor|Scizor|Scizorite\n|move|p2a: Ursaluna|Fire Punch|p1a: Scizor\n|-supereffective|p1a: Scizor\n|-damage|p1a: Scizor|0 fnt\n|faint|p1a: Scizor\n|\n|-damage|p2a: Ursaluna|69\/100 brn|[from] brn\n|-fieldend|move: Trick Room\n|upkeep\n|\n|t:|1699586889\n|switch|p1a: Iron Valiant|Iron Valiant|100\/100\n|turn|19\n|\n|t:|1699586899\n|switch|p2a: Hoopa|Hoopa-Unbound|100\/100\n|-damage|p2a: Hoopa|88\/100|[from] Spikes\n|-damage|p2a: Hoopa|76\/100|[from] Stealth Rock\n|move|p1a: Iron Valiant|Thunderbolt|p2a: Hoopa\n|-damage|p2a: Hoopa|36\/100\n|\n|upkeep\n|turn|20\n|\n|t:|1699586904\n|-end|p1a: Iron Valiant|Quark Drive|[silent]\n|switch|p1a: Tapu Koko|Tapu Koko, shiny|100\/100\n|-fieldstart|move: Electric Terrain|[from] ability: Electric Surge|[of] p1a: Tapu Koko\n|move|p2a: Hoopa|Psyshock|p1a: Tapu Koko\n|-damage|p1a: Tapu Koko|29\/100\n|\n|upkeep\n|turn|21\n|\n|t:|1699586912\n|move|p1a: Tapu Koko|U-turn|p2a: Hoopa\n|-supereffective|p2a: Hoopa\n|-damage|p2a: Hoopa|0 fnt\n|faint|p2a: Hoopa\n|\n|t:|1699586915\n|switch|p1a: Iron Valiant|Iron Valiant|100\/100|[from] U-turn\n|-activate|p1a: Iron Valiant|ability: Quark Drive\n|-start|p1a: Iron Valiant|quarkdrivespe\n|\n|upkeep\n|\n|t:|1699586917\n|switch|p2a: Slowking|Slowking, M|42\/100 tox\n|turn|22\n|\n|t:|1699586933\n|move|p1a: Iron Valiant|Thunderbolt|p2a: Slowking\n|-supereffective|p2a: Slowking\n|-damage|p2a: Slowking|0 fnt\n|faint|p2a: Slowking\n|\n|upkeep\n|\n|t:|1699586936\n|switch|p2a: Tapu Koko|Tapu Koko|76\/100\n|-damage|p2a: Tapu Koko|63\/100|[from] Spikes\n|-damage|p2a: Tapu Koko|51\/100|[from] Stealth Rock\n|turn|23\n|\n|t:|1699586944\n|-end|p1a: Iron Valiant|Quark Drive|[silent]\n|switch|p1a: Tapu Koko|Tapu Koko, shiny|29\/100\n|move|p2a: Tapu Koko|Thunderbolt|p1a: Tapu Koko\n|-resisted|p1a: Tapu Koko\n|-damage|p1a: Tapu Koko|0 fnt\n|faint|p1a: Tapu Koko\n|\n|upkeep\n|\n|t:|1699586949\n|switch|p1a: Iron Valiant|Iron Valiant|100\/100\n|-activate|p1a: Iron Valiant|ability: Quark Drive\n|-start|p1a: Iron Valiant|quarkdrivespe\n|turn|24\n|\n|t:|1699586956\n|move|p1a: Iron Valiant|Moonblast|p2a: Tapu Koko\n|-damage|p2a: Tapu Koko|0 fnt\n|faint|p2a: Tapu Koko\n|\n|-fieldend|move: Electric Terrain\n|-end|p1a: Iron Valiant|Quark Drive\n|upkeep\n|\n|t:|1699586959\n|switch|p2a: Ursaluna|Ursaluna, F, tera:Normal|69\/100 brn\n|-damage|p2a: Ursaluna|57\/100 brn|[from] Spikes\n|-damage|p2a: Ursaluna|44\/100 brn|[from] Stealth Rock\n|turn|25\n|\n|t:|1699586963\n|move|p1a: Iron Valiant|Moonblast|p2a: Ursaluna\n|-damage|p2a: Ursaluna|0 fnt\n|faint|p2a: Ursaluna\n|\n|win|pingas123\n|raw|pingas123's rating: 1609 &rarr; <strong>1636<\/strong><br \/>(+27 for winning)\n|raw|baigu's rating: 1734 &rarr; <strong>1707<\/strong><br \/>(-27 for losing)\n","uploadtime":1699586968,"views":15,"p1id":"pingas123","p2id":"baigu","formatid":"gen9nationaldex","rating":1636,"private":0,"password":""}