{"id":"gen9nationaldex-1988316589","p1":"LightsAndWindows","p2":"saintsaffier","format":"[Gen 9] National Dex","log":"|j|\u2606LightsAndWindows\n|j|\u2606saintsaffier\n|t:|1699707352\n|gametype|singles\n|player|p1|LightsAndWindows|waiter-gen4dp|1323\n|player|p2|saintsaffier|mallow-masters|1347\n|teamsize|p1|6\n|teamsize|p2|6\n|gen|9\n|tier|[Gen 9] National Dex\n|rated|\n|rule|HP Percentage Mod: HP is shown in percentages\n|rule|Endless Battle Clause: Forcing endless battles is banned\n|rule|OHKO Clause: OHKO moves are banned\n|rule|Evasion Clause: Evasion abilities, items, and moves are banned\n|rule|Evasion Abilities Clause: Evasion abilities are banned\n|rule|Evasion Items Clause: Evasion items are banned\n|rule|Evasion Moves Clause: Evasion moves are banned\n|rule|Species Clause: Limit one of each Pok\u00e9mon\n|rule|Sleep Clause Mod: Limit one foe put to sleep\n|clearpoke\n|poke|p1|Camerupt, F|\n|poke|p1|Wailord, M|\n|poke|p1|Sawsbuck, M|\n|poke|p1|Silvally-*|\n|poke|p1|Mew|\n|poke|p1|Mandibuzz, F|\n|poke|p2|Tapu Koko|\n|poke|p2|Raichu-Alola, F|\n|poke|p2|Sandaconda, M|\n|poke|p2|Banette, F|\n|poke|p2|Stakataka|\n|poke|p2|Mandibuzz, F|\n|teampreview\n|c|\u2606LightsAndWindows|Hey, I got my legendaries from the dollar store, I think there's something wrong with them.\n|c|\u2606LightsAndWindows|Oh well, good luck and have fun!\n|\n|t:|1699707398\n|start\n|switch|p1a: Xer-Newer|Sawsbuck, M|100\/100\n|switch|p2a: Sandaconda|Sandaconda, M|100\/100\n|turn|1\n|inactive|Battle timer is ON: inactive players will automatically lose when time's up. (requested by saintsaffier)\n|c|\u2606saintsaffier|This is so funny\n|c|\u2606saintsaffier|the wailord was unexpected\n|\n|t:|1699707421\n|move|p1a: Xer-Newer|Swords Dance|p1a: Xer-Newer\n|-boost|p1a: Xer-Newer|atk|2\n|move|p2a: Sandaconda|Glare|p1a: Xer-Newer\n|-status|p1a: Xer-Newer|par\n|\n|upkeep\n|turn|2\n|\n|t:|1699707427\n|switch|p2a: B - Dawg|Banette, F, shiny|100\/100\n|-item|p1a: Xer-Newer|Life Orb|[from] ability: Frisk|[of] p2a: B - Dawg|[identify]\n|move|p1a: Xer-Newer|Horn Leech|p2a: B - Dawg\n|-damage|p2a: B - Dawg|0 fnt\n|faint|p2a: B - Dawg\n|-damage|p1a: Xer-Newer|91\/100 par|[from] item: Life Orb\n|\n|upkeep\n|\n|t:|1699707434\n|switch|p2a: Tapu Koko|Tapu Koko, shiny|100\/100\n|-fieldstart|move: Electric Terrain|[from] ability: Electric Surge|[of] p2a: Tapu Koko\n|turn|3\n|\n|t:|1699707441\n|move|p2a: Tapu Koko|Hidden Power|p1a: Xer-Newer\n|-supereffective|p1a: Xer-Newer\n|-damage|p1a: Xer-Newer|39\/100 par\n|move|p1a: Xer-Newer|Horn Leech|p2a: Tapu Koko\n|-damage|p2a: Tapu Koko|0 fnt\n|-heal|p1a: Xer-Newer|86\/100 par|[from] drain|[of] p2a: Tapu Koko\n|faint|p2a: Tapu Koko\n|-damage|p1a: Xer-Newer|76\/100 par|[from] item: Life Orb\n|\n|upkeep\n|\n|t:|1699707447\n|switch|p2a: Raichu|Raichu-Alola, F, shiny|100\/100\n|turn|4\n|\n|t:|1699707453\n|-terastallize|p2a: Raichu|Electric\n|move|p2a: Raichu|Rising Voltage|p1a: Xer-Newer\n|-hint|Rising Voltage's BP doubled on grounded target.\n|-resisted|p1a: Xer-Newer\n|-damage|p1a: Xer-Newer|0 fnt\n|faint|p1a: Xer-Newer\n|\n|upkeep\n|\n|t:|1699707460\n|switch|p1a: Primal-Groudon|Camerupt, F|100\/100\n|turn|5\n|c|\u2606LightsAndWindows|Fun while it lasted, I guess.\n|\n|t:|1699707479\n|switch|p2a: Sandaconda|Sandaconda, M|100\/100\n|detailschange|p1a: Primal-Groudon|Camerupt-Mega, F\n|-mega|p1a: Primal-Groudon|Camerupt|Cameruptite\n|move|p1a: Primal-Groudon|Curse|p1a: Primal-Groudon\n|-unboost|p1a: Primal-Groudon|spe|1\n|-boost|p1a: Primal-Groudon|atk|1\n|-boost|p1a: Primal-Groudon|def|1\n|\n|upkeep\n|turn|6\n|\n|t:|1699707487\n|move|p2a: Sandaconda|Glare|p1a: Primal-Groudon\n|-status|p1a: Primal-Groudon|par\n|move|p1a: Primal-Groudon|Flare Blitz|p2a: Sandaconda\n|-damage|p2a: Sandaconda|5\/100\n|-damage|p1a: Primal-Groudon|68\/100 par|[from] Recoil\n|\n|-heal|p2a: Sandaconda|11\/100|[from] item: Leftovers\n|upkeep\n|turn|7\n|c|\u2606LightsAndWindows|Wow, that Sandaconda has some serious bulk.\n|\n|t:|1699707504\n|move|p2a: Sandaconda|Earthquake|p1a: Primal-Groudon\n|-supereffective|p1a: Primal-Groudon\n|-damage|p1a: Primal-Groudon|21\/100 par\n|move|p1a: Primal-Groudon|Flare Blitz|p2a: Sandaconda\n|-damage|p2a: Sandaconda|0 fnt\n|faint|p2a: Sandaconda\n|-damage|p1a: Primal-Groudon|17\/100 par|[from] Recoil\n|\n|upkeep\n|\n|t:|1699707512\n|switch|p2a: Raichu|Raichu-Alola, F, shiny, tera:Electric|100\/100\n|turn|8\n|\n|t:|1699707515\n|move|p2a: Raichu|Psyshock|p1a: Primal-Groudon\n|-damage|p1a: Primal-Groudon|0 fnt\n|faint|p1a: Primal-Groudon\n|\n|upkeep\n|\n|t:|1699707521\n|switch|p1a: Arkoos|Silvally|100\/100\n|turn|9\n|\n|t:|1699707532\n|move|p2a: Raichu|Psyshock|p1a: Arkoos\n|-damage|p1a: Arkoos|41\/100\n|move|p1a: Arkoos|Crunch|p2a: Raichu\n|-damage|p2a: Raichu|37\/100\n|-unboost|p2a: Raichu|def|1\n|-damage|p1a: Arkoos|31\/100|[from] item: Life Orb\n|\n|upkeep\n|turn|10\n|c|\u2606LightsAndWindows|Wait.\n|c|\u2606LightsAndWindows|I FORGOT ABOUT THE TERA.\n|c|\u2606LightsAndWindows|NOOOOO.\n|c|\u2606saintsaffier|:p\n|c|\u2606LightsAndWindows|I think that might have just cost me the game lol.\n|\n|t:|1699707553\n|move|p2a: Raichu|Psyshock|p1a: Arkoos\n|-damage|p1a: Arkoos|0 fnt\n|faint|p1a: Arkoos\n|\n|-fieldend|move: Electric Terrain\n|upkeep\n|\n|t:|1699707559\n|switch|p1a: Mew The Second|Mew|100\/100\n|turn|11\n|\n|t:|1699707572\n|switch|p2a: Mandibuzz|Mandibuzz, F|100\/100\n|move|p1a: Mew The Second|Psyshock|p2a: Mandibuzz\n|-immune|p2a: Mandibuzz\n|\n|upkeep\n|turn|12\n|c|\u2606LightsAndWindows|Should've Nasty Plot.\n|\n|t:|1699707581\n|move|p1a: Mew The Second|Nasty Plot|p1a: Mew The Second\n|-boost|p1a: Mew The Second|spa|2\n|move|p2a: Mandibuzz|U-turn|p1a: Mew The Second\n|-supereffective|p1a: Mew The Second\n|-damage|p1a: Mew The Second|76\/100\n|\n|t:|1699707591\n|switch|p2a: Stakataka|Stakataka, shiny|100\/100|[from] U-turn\n|\n|-heal|p1a: Mew The Second|83\/100|[from] item: Leftovers\n|upkeep\n|turn|13\n|\n|t:|1699707598\n|move|p1a: Mew The Second|Dark Pulse|p2a: Stakataka\n|-damage|p2a: Stakataka|50\/100\n|move|p2a: Stakataka|Trick Room|p2a: Stakataka\n|-fieldstart|move: Trick Room|[of] p2a: Stakataka\n|\n|-heal|p1a: Mew The Second|89\/100|[from] item: Leftovers\n|upkeep\n|turn|14\n|\n|t:|1699707607\n|move|p2a: Stakataka|Gyro Ball|p1a: Mew The Second\n|-damage|p1a: Mew The Second|4\/100\n|move|p1a: Mew The Second|Dark Pulse|p2a: Stakataka\n|-damage|p2a: Stakataka|0 fnt\n|faint|p2a: Stakataka\n|\n|-heal|p1a: Mew The Second|10\/100|[from] item: Leftovers\n|upkeep\n|c|\u2606LightsAndWindows|Uh oh.\n|c|\u2606LightsAndWindows|Oh, neat.\n|c|\u2606saintsaffier|i shouldve z moved\n|\n|t:|1699707622\n|switch|p2a: Raichu|Raichu-Alola, F, shiny, tera:Electric|37\/100\n|turn|15\n|c|\u2606LightsAndWindows|Guess we both made mistakes, huh?\n|c|\u2606LightsAndWindows|Sir, trick room is up.\n|c|\u2606LightsAndWindows|I outspeed here.\n|\n|t:|1699707641\n|move|p2a: Raichu|Rising Voltage|p1a: Mew The Second\n|-damage|p1a: Mew The Second|0 fnt\n|faint|p1a: Mew The Second\n|\n|upkeep\n|c|\u2606saintsaffier|nope\n|c|\u2606LightsAndWindows|Oh.\n|c|\u2606LightsAndWindows|Min speed max bulk.\n|\n|t:|1699707652\n|switch|p1a: Kyo-Great|Wailord, M|100\/100\n|turn|16\n|c|\u2606LightsAndWindows|Anyways.\n|\n|t:|1699707658\n|move|p1a: Kyo-Great|Ice Beam|p2a: Raichu\n|-damage|p2a: Raichu|0 fnt\n|faint|p2a: Raichu\n|\n|upkeep\n|\n|t:|1699707661\n|switch|p2a: Mandibuzz|Mandibuzz, F|100\/100\n|turn|17\n|\n|t:|1699707664\n|move|p1a: Kyo-Great|Ice Beam|p2a: Mandibuzz\n|-supereffective|p2a: Mandibuzz\n|-damage|p2a: Mandibuzz|39\/100\n|move|p2a: Mandibuzz|Foul Play|p1a: Kyo-Great\n|-damage|p1a: Kyo-Great|70\/100\n|\n|-fieldend|move: Trick Room\n|upkeep\n|turn|18\n|c|\u2606saintsaffier|gg lol\n|c|\u2606LightsAndWindows|GG, well played.\n|c|\u2606LightsAndWindows|Your team was really cool lol.\n|c|\u2606saintsaffier|thank you\n|c|\u2606LightsAndWindows|I loved the Sandaconda.\n|\n|t:|1699707691\n|move|p2a: Mandibuzz|Defog|p1a: Kyo-Great\n|-unboost|p1a: Kyo-Great|evasion|1\n|move|p1a: Kyo-Great|Ice Beam|p2a: Mandibuzz\n|-supereffective|p2a: Mandibuzz\n|-damage|p2a: Mandibuzz|0 fnt\n|faint|p2a: Mandibuzz\n|\n|win|LightsAndWindows\n|raw|LightsAndWindows's rating: 1323 &rarr; <strong>1344<\/strong><br \/>(+21 for winning)\n|raw|saintsaffier's rating: 1347 &rarr; <strong>1326<\/strong><br \/>(-21 for losing)\n|c|\u2606saintsaffier|yours is funny\n","uploadtime":1699707698,"views":6,"p1id":"lightsandwindows","p2id":"saintsaffier","formatid":"gen9nationaldex","rating":1326,"private":0,"password":""}