{"id":"gen9nationaldex-1999308706","p1":"Followers of Roxy","p2":"BanTheMaster","format":"[Gen 9] National Dex","log":"|html|<div class=\"broadcast-blue\"><strong>[Gen 9] National Dex is currently suspecting Sneasler! For information on how to participate check out the <a href=\"https:\/\/www.smogon.com\/forums\/threads\/sv-national-dex-suspect-8-just-dance.3731534\/\">suspect thread<\/a>.<\/strong><\/div>\n|j|\u2606Followers of Roxy\n|j|\u2606BanTheMaster\n|t:|1701058166\n|gametype|singles\n|player|p1|Followers of Roxy|riley|1481\n|player|p2|BanTheMaster|ingo|1477\n|teamsize|p1|6\n|teamsize|p2|6\n|gen|9\n|tier|[Gen 9] National Dex\n|rated|\n|rule|HP Percentage Mod: HP is shown in percentages\n|rule|Endless Battle Clause: Forcing endless battles is banned\n|rule|OHKO Clause: OHKO moves are banned\n|rule|Evasion Clause: Evasion abilities, items, and moves are banned\n|rule|Evasion Abilities Clause: Evasion abilities are banned\n|rule|Evasion Items Clause: Evasion items are banned\n|rule|Evasion Moves Clause: Evasion moves are banned\n|rule|Species Clause: Limit one of each Pok\u00e9mon\n|rule|Sleep Clause Mod: Limit one foe put to sleep\n|clearpoke\n|poke|p1|Ursaluna, M|\n|poke|p1|Corviknight, M|\n|poke|p1|Alomomola, F|\n|poke|p1|Weavile, M|\n|poke|p1|Serperior, F|\n|poke|p1|Medicham, F|\n|poke|p2|Munkidori, M|\n|poke|p2|Ribombee, M|\n|poke|p2|Comfey, M|\n|poke|p2|Hoopa-Unbound|\n|poke|p2|Great Tusk|\n|poke|p2|Mawile, M|\n|teampreview\n|inactive|Battle timer is ON: inactive players will automatically lose when time's up. (requested by BanTheMaster)\n|\n|t:|1701058180\n|start\n|switch|p1a: \u661f\u5b87|Serperior, F, shiny|100\/100\n|switch|p2a: Comfey|Comfey, M|100\/100\n|turn|1\n|\n|t:|1701058186\n|move|p1a: \u661f\u5b87|Glare|p2a: Comfey\n|-status|p2a: Comfey|par\n|cant|p2a: Comfey|par\n|\n|upkeep\n|turn|2\n|\n|t:|1701058191\n|move|p1a: \u661f\u5b87|Substitute|p1a: \u661f\u5b87\n|-start|p1a: \u661f\u5b87|Substitute\n|-damage|p1a: \u661f\u5b87|76\/100\n|move|p2a: Comfey|Calm Mind|p2a: Comfey\n|-boost|p2a: Comfey|spa|1\n|-boost|p2a: Comfey|spd|1\n|\n|-heal|p1a: \u661f\u5b87|82\/100|[from] item: Leftovers\n|upkeep\n|turn|3\n|\n|t:|1701058199\n|move|p2a: Comfey|Draining Kiss|p1a: \u661f\u5b87\n|-end|p1a: \u661f\u5b87|Substitute\n|-damage|p2a: Comfey|91\/100 par|[from] item: Life Orb\n|move|p1a: \u661f\u5b87|Leaf Storm|p2a: Comfey\n|-damage|p2a: Comfey|60\/100 par\n|-boost|p1a: \u661f\u5b87|spa|2\n|\n|-heal|p1a: \u661f\u5b87|88\/100|[from] item: Leftovers\n|upkeep\n|turn|4\n|\n|t:|1701058204\n|move|p2a: Comfey|Draining Kiss|p1a: \u661f\u5b87\n|-damage|p1a: \u661f\u5b87|39\/100\n|-heal|p2a: Comfey|98\/100 par|[from] drain|[of] p1a: \u661f\u5b87\n|-damage|p2a: Comfey|88\/100 par|[from] item: Life Orb\n|move|p1a: \u661f\u5b87|Substitute|p1a: \u661f\u5b87\n|-start|p1a: \u661f\u5b87|Substitute\n|-damage|p1a: \u661f\u5b87|14\/100\n|\n|-heal|p1a: \u661f\u5b87|20\/100|[from] item: Leftovers\n|upkeep\n|turn|5\n|\n|t:|1701058211\n|move|p2a: Comfey|Draining Kiss|p1a: \u661f\u5b87\n|-crit|p1a: \u661f\u5b87\n|-end|p1a: \u661f\u5b87|Substitute\n|-heal|p2a: Comfey|100\/100 par|[from] drain|[of] p1a: \u661f\u5b87\n|-damage|p2a: Comfey|91\/100 par|[from] item: Life Orb\n|move|p1a: \u661f\u5b87|Leaf Storm|p2a: Comfey\n|-damage|p2a: Comfey|35\/100 par\n|-boost|p1a: \u661f\u5b87|spa|2\n|\n|-heal|p1a: \u661f\u5b87|26\/100|[from] item: Leftovers\n|upkeep\n|turn|6\n|\n|t:|1701058215\n|switch|p1a: \u9b54\u738b\u57ce\u306e\u5931\u843d\u9b54\u50cf|Corviknight, M, shiny|100\/100\n|move|p2a: Comfey|Draining Kiss|p1a: \u9b54\u738b\u57ce\u306e\u5931\u843d\u9b54\u50cf\n|-resisted|p1a: \u9b54\u738b\u57ce\u306e\u5931\u843d\u9b54\u50cf\n|-damage|p1a: \u9b54\u738b\u57ce\u306e\u5931\u843d\u9b54\u50cf|83\/100\n|-heal|p2a: Comfey|52\/100 par|[from] drain|[of] p1a: \u9b54\u738b\u57ce\u306e\u5931\u843d\u9b54\u50cf\n|-damage|p2a: Comfey|35\/100 par|[from] item: Rocky Helmet|[of] p1a: \u9b54\u738b\u57ce\u306e\u5931\u843d\u9b54\u50cf\n|-damage|p2a: Comfey|25\/100 par|[from] item: Life Orb\n|\n|upkeep\n|turn|7\n|\n|t:|1701058229\n|move|p1a: \u9b54\u738b\u57ce\u306e\u5931\u843d\u9b54\u50cf|U-turn|p2a: Comfey\n|-resisted|p2a: Comfey\n|-damage|p2a: Comfey|16\/100 par\n|\n|t:|1701058237\n|switch|p1a: Medicham|Medicham, F, shiny|100\/100|[from] U-turn\n|move|p2a: Comfey|Taunt|p1a: Medicham\n|-start|p1a: Medicham|move: Taunt\n|\n|upkeep\n|turn|8\n|\n|t:|1701058253\n|detailschange|p1a: Medicham|Medicham-Mega, F, shiny\n|-mega|p1a: Medicham|Medicham|Medichamite\n|cant|p2a: Comfey|par\n|move|p1a: Medicham|Bullet Punch|p2a: Comfey\n|-supereffective|p2a: Comfey\n|-crit|p2a: Comfey\n|-damage|p2a: Comfey|0 fnt\n|faint|p2a: Comfey\n|\n|upkeep\n|inactive|BanTheMaster has 120 seconds left.\n|\n|t:|1701058276\n|switch|p2a: Ribombee|Ribombee, M|100\/100\n|turn|9\n|\n|t:|1701058283\n|switch|p1a: \u522b\u62a0\u8001\u5a18\u9cde\u7247\uff01|Alomomola, F|100\/100\n|move|p2a: Ribombee|Sticky Web|p1a: \u522b\u62a0\u8001\u5a18\u9cde\u7247\uff01\n|-sidestart|p1: Followers of Roxy|move: Sticky Web\n|\n|upkeep\n|turn|10\n|\n|t:|1701058289\n|move|p2a: Ribombee|Moonblast|p1a: \u522b\u62a0\u8001\u5a18\u9cde\u7247\uff01\n|-damage|p1a: \u522b\u62a0\u8001\u5a18\u9cde\u7247\uff01|70\/100\n|-unboost|p1a: \u522b\u62a0\u8001\u5a18\u9cde\u7247\uff01|spa|1\n|move|p1a: \u522b\u62a0\u8001\u5a18\u9cde\u7247\uff01|Wish|p1a: \u522b\u62a0\u8001\u5a18\u9cde\u7247\uff01\n|\n|upkeep\n|turn|11\n|\n|t:|1701058298\n|move|p2a: Ribombee|Stun Spore|p1a: \u522b\u62a0\u8001\u5a18\u9cde\u7247\uff01\n|-status|p1a: \u522b\u62a0\u8001\u5a18\u9cde\u7247\uff01|par\n|cant|p1a: \u522b\u62a0\u8001\u5a18\u9cde\u7247\uff01|par\n|\n|-heal|p1a: \u522b\u62a0\u8001\u5a18\u9cde\u7247\uff01|100\/100 par|[from] move: Wish|[wisher] \u522b\u62a0\u8001\u5a18\u9cde\u7247\uff01\n|upkeep\n|turn|12\n|\n|t:|1701058303\n|move|p2a: Ribombee|Moonblast|p1a: \u522b\u62a0\u8001\u5a18\u9cde\u7247\uff01\n|-damage|p1a: \u522b\u62a0\u8001\u5a18\u9cde\u7247\uff01|69\/100 par\n|-unboost|p1a: \u522b\u62a0\u8001\u5a18\u9cde\u7247\uff01|spa|1\n|move|p1a: \u522b\u62a0\u8001\u5a18\u9cde\u7247\uff01|Wish|p1a: \u522b\u62a0\u8001\u5a18\u9cde\u7247\uff01\n|\n|upkeep\n|turn|13\n|\n|t:|1701058309\n|move|p2a: Ribombee|Stun Spore|p1a: \u522b\u62a0\u8001\u5a18\u9cde\u7247\uff01|[miss]\n|-miss|p2a: Ribombee|p1a: \u522b\u62a0\u8001\u5a18\u9cde\u7247\uff01\n|cant|p1a: \u522b\u62a0\u8001\u5a18\u9cde\u7247\uff01|par\n|\n|-heal|p1a: \u522b\u62a0\u8001\u5a18\u9cde\u7247\uff01|100\/100 par|[from] move: Wish|[wisher] \u522b\u62a0\u8001\u5a18\u9cde\u7247\uff01\n|upkeep\n|turn|14\n|\n|t:|1701058314\n|move|p2a: Ribombee|Moonblast|p1a: \u522b\u62a0\u8001\u5a18\u9cde\u7247\uff01\n|-damage|p1a: \u522b\u62a0\u8001\u5a18\u9cde\u7247\uff01|69\/100 par\n|move|p1a: \u522b\u62a0\u8001\u5a18\u9cde\u7247\uff01|Wish|p1a: \u522b\u62a0\u8001\u5a18\u9cde\u7247\uff01\n|\n|upkeep\n|turn|15\n|\n|t:|1701058318\n|switch|p1a: \u661f\u5b87|Serperior, F, shiny|26\/100\n|-activate|p1a: \u661f\u5b87|move: Sticky Web\n|-boost|p1a: \u661f\u5b87|spe|1\n|move|p2a: Ribombee|Stun Spore|p1a: \u661f\u5b87\n|-immune|p1a: \u661f\u5b87\n|\n|-heal|p1a: \u661f\u5b87|100\/100|[from] move: Wish|[wisher] \u522b\u62a0\u8001\u5a18\u9cde\u7247\uff01\n|upkeep\n|turn|16\n|\n|t:|1701058327\n|move|p1a: \u661f\u5b87|Substitute|p1a: \u661f\u5b87\n|-start|p1a: \u661f\u5b87|Substitute\n|-damage|p1a: \u661f\u5b87|76\/100\n|move|p2a: Ribombee|Roost||[still]\n|-fail|p2a: Ribombee|heal\n|\n|-heal|p1a: \u661f\u5b87|82\/100|[from] item: Leftovers\n|upkeep\n|turn|17\n|\n|t:|1701058332\n|move|p1a: \u661f\u5b87|Glare|p2a: Ribombee\n|-status|p2a: Ribombee|par\n|cant|p2a: Ribombee|par\n|\n|-heal|p1a: \u661f\u5b87|88\/100|[from] item: Leftovers\n|upkeep\n|turn|18\n|\n|t:|1701058337\n|move|p1a: \u661f\u5b87|Leaf Storm|p2a: Ribombee\n|-resisted|p2a: Ribombee\n|-damage|p2a: Ribombee|67\/100 par\n|-boost|p1a: \u661f\u5b87|spa|2\n|cant|p2a: Ribombee|par\n|\n|-heal|p1a: \u661f\u5b87|94\/100|[from] item: Leftovers\n|upkeep\n|turn|19\n|\n|t:|1701058344\n|move|p1a: \u661f\u5b87|Leaf Storm|p2a: Ribombee\n|-resisted|p2a: Ribombee\n|-damage|p2a: Ribombee|0 fnt\n|-boost|p1a: \u661f\u5b87|spa|2\n|faint|p2a: Ribombee\n|\n|-heal|p1a: \u661f\u5b87|99\/100|[from] item: Leftovers\n|upkeep\n|\n|t:|1701058351\n|switch|p2a: Munkidori|Munkidori, M|100\/100\n|turn|20\n|\n|t:|1701058357\n|move|p1a: \u661f\u5b87|Leaf Storm|p2a: Munkidori\n|-resisted|p2a: Munkidori\n|-damage|p2a: Munkidori|24\/100\n|-boost|p1a: \u661f\u5b87|spa|2\n|move|p2a: Munkidori|Sludge Wave|p1a: \u661f\u5b87\n|-supereffective|p1a: \u661f\u5b87\n|-end|p1a: \u661f\u5b87|Substitute\n|\n|-heal|p1a: \u661f\u5b87|100\/100|[from] item: Leftovers\n|upkeep\n|turn|21\n|\n|t:|1701058368\n|move|p1a: \u661f\u5b87|Hidden Power|p2a: Munkidori\n|-damage|p2a: Munkidori|0 fnt\n|faint|p2a: Munkidori\n|\n|upkeep\n|\n|t:|1701058370\n|switch|p2a: Mawile|Mawile, M|100\/100\n|-ability|p2a: Mawile|Intimidate|boost\n|-boost|p1a: \u661f\u5b87|atk|1\n|turn|22\n|\n|t:|1701058376\n|detailschange|p2a: Mawile|Mawile-Mega, M\n|-mega|p2a: Mawile|Mawile|Mawilite\n|-terastallize|p1a: \u661f\u5b87|Fire\n|move|p1a: \u661f\u5b87|Hidden Power|p2a: Mawile\n|-supereffective|p2a: Mawile\n|-damage|p2a: Mawile|0 fnt\n|faint|p2a: Mawile\n|\n|upkeep\n|\n|t:|1701058384\n|switch|p2a: Great Tusk|Great Tusk|100\/100\n|turn|23\n|\n|t:|1701058388\n|move|p1a: \u661f\u5b87|Leaf Storm|p2a: Great Tusk\n|-supereffective|p2a: Great Tusk\n|-damage|p2a: Great Tusk|0 fnt\n|faint|p2a: Great Tusk\n|-end|p2a: Great Tusk|Protosynthesis|[silent]\n|\n|upkeep\n|\n|t:|1701058390\n|switch|p2a: Hoopa|Hoopa-Unbound|100\/100\n|turn|24\n|\n|t:|1701058393\n|move|p1a: \u661f\u5b87|Leaf Storm|p2a: Hoopa\n|-damage|p2a: Hoopa|0 fnt\n|faint|p2a: Hoopa\n|\n|win|Followers of Roxy\n|raw|Followers of Roxy's rating: 1481 &rarr; <strong>1501<\/strong><br \/>(+20 for winning)\n|raw|BanTheMaster's rating: 1477 &rarr; <strong>1457<\/strong><br \/>(-20 for losing)\n|l|\u2606BanTheMaster\n","uploadtime":1701058399,"views":9,"p1id":"followersofroxy","p2id":"banthemaster","formatid":"gen9nationaldex","rating":1457,"private":0,"password":""}