{"id":"gen9nationaldex-1999648586","p1":"KodIdel","p2":"1nfuseddd","format":"[Gen 9] National Dex","log":"|html|<div class=\"broadcast-blue\"><strong>[Gen 9] National Dex is currently suspecting Sneasler! For information on how to participate check out the <a href=\"https:\/\/www.smogon.com\/forums\/threads\/sv-national-dex-suspect-8-just-dance.3731534\/\">suspect thread<\/a>.<\/strong><\/div>\n|j|\u2606KodIdel\n|j|\u26061nfuseddd\n|t:|1701104427\n|gametype|singles\n|player|p1|KodIdel|wallace|\n|player|p2|1nfuseddd|hilda-wonderlauncher|\n|teamsize|p1|6\n|teamsize|p2|6\n|gen|9\n|tier|[Gen 9] National Dex\n|rule|HP Percentage Mod: HP is shown in percentages\n|rule|Endless Battle Clause: Forcing endless battles is banned\n|rule|OHKO Clause: OHKO moves are banned\n|rule|Evasion Clause: Evasion abilities, items, and moves are banned\n|rule|Evasion Abilities Clause: Evasion abilities are banned\n|rule|Evasion Items Clause: Evasion items are banned\n|rule|Evasion Moves Clause: Evasion moves are banned\n|rule|Species Clause: Limit one of each Pok\u00e9mon\n|rule|Sleep Clause Mod: Limit one foe put to sleep\n|clearpoke\n|poke|p1|Cinderace, M|\n|poke|p1|Orbeetle, F|\n|poke|p1|Drednaw, F|\n|poke|p1|Grimmsnarl, M|\n|poke|p1|Duraludon, M|\n|poke|p1|Toxtricity, M|\n|poke|p2|Gardevoir, M|\n|poke|p2|Blaziken, M|\n|poke|p2|Absol, F|\n|poke|p2|Altaria, F|\n|poke|p2|Aggron, F|\n|poke|p2|Milotic, F|\n|teampreview\n|j| Sleym\n|\n|t:|1701104438\n|start\n|switch|p1a: Drednaw|Drednaw, F|100\/100\n|switch|p2a: Altaria|Altaria, F|100\/100\n|turn|1\n|\n|t:|1701104448\n|detailschange|p2a: Altaria|Altaria-Mega, F\n|-mega|p2a: Altaria|Altaria|Altarianite\n|move|p2a: Altaria|Dragon Breath|p1a: Drednaw\n|-damage|p1a: Drednaw|68\/100\n|move|p1a: Drednaw|Jaw Lock|p2a: Altaria\n|-resisted|p2a: Altaria\n|-damage|p2a: Altaria|82\/100\n|-activate|p1a: Drednaw|trapped\n|-activate|p2a: Altaria|trapped\n|\n|upkeep\n|turn|2\n|\n|t:|1701104457\n|move|p2a: Altaria|Dragon Breath|p1a: Drednaw\n|-damage|p1a: Drednaw|33\/100\n|-status|p1a: Drednaw|par\n|cant|p1a: Drednaw|par\n|\n|upkeep\n|turn|3\n|\n|t:|1701104473\n|move|p2a: Altaria|Dragon Breath|p1a: Drednaw\n|-damage|p1a: Drednaw|2\/100 par\n|move|p1a: Drednaw|Head Smash|p2a: Altaria\n|-damage|p2a: Altaria|10\/100\n|-damage|p1a: Drednaw|0 fnt|[from] Recoil\n|faint|p1a: Drednaw\n|\n|upkeep\n|\n|t:|1701104483\n|switch|p1a: Toxtricity|Toxtricity, M, shiny|100\/100\n|turn|4\n|\n|t:|1701104487\n|move|p1a: Toxtricity|Volt Switch|p2a: Altaria\n|-resisted|p2a: Altaria\n|-damage|p2a: Altaria|0 fnt\n|faint|p2a: Altaria\n|\n|t:|1701104507\n|switch|p1a: Orbeetle|Orbeetle, F, shiny|100\/100|[from] Volt Switch\n|\n|upkeep\n|\n|t:|1701104513\n|switch|p2a: \u0416\u0435\u043d\u0430|Gardevoir, M|100\/100\n|-ability|p2a: \u0416\u0435\u043d\u0430|Swarm|[from] ability: Trace|[of] p1a: Orbeetle\n|turn|5\n|\n|t:|1701104541\n|move|p2a: \u0416\u0435\u043d\u0430|Will-O-Wisp|p1a: Orbeetle\n|-status|p1a: Orbeetle|brn\n|move|p1a: Orbeetle|Psychic|p2a: \u0416\u0435\u043d\u0430\n|-resisted|p2a: \u0416\u0435\u043d\u0430\n|-damage|p2a: \u0416\u0435\u043d\u0430|82\/100\n|-unboost|p2a: \u0416\u0435\u043d\u0430|spd|1\n|\n|-damage|p1a: Orbeetle|94\/100 brn|[from] brn\n|upkeep\n|turn|6\n|\n|t:|1701104554\n|move|p2a: \u0416\u0435\u043d\u0430|Psyshock|p1a: Orbeetle\n|-resisted|p1a: Orbeetle\n|-damage|p1a: Orbeetle|76\/100 brn\n|move|p1a: Orbeetle|U-turn|p2a: \u0416\u0435\u043d\u0430\n|-damage|p2a: \u0416\u0435\u043d\u0430|73\/100\n|\n|t:|1701104568\n|switch|p1a: Duraludon|Duraludon, M, shiny|100\/100|[from] U-turn\n|\n|upkeep\n|turn|7\n|\n|t:|1701104585\n|move|p1a: Duraludon|Flash Cannon|p2a: \u0416\u0435\u043d\u0430\n|-supereffective|p2a: \u0416\u0435\u043d\u0430\n|-damage|p2a: \u0416\u0435\u043d\u0430|0 fnt\n|faint|p2a: \u0416\u0435\u043d\u0430\n|\n|upkeep\n|\n|t:|1701104588\n|switch|p2a: \u041a\u0424\u0421 \u0427\u0418\u041a\u0415\u041d|Blaziken, M|100\/100\n|turn|8\n|\n|t:|1701104612\n|switch|p1a: Orbeetle|Orbeetle, F, shiny|76\/100 brn\n|move|p2a: \u041a\u0424\u0421 \u0427\u0418\u041a\u0415\u041d|Low Kick|p1a: Orbeetle\n|-resisted|p1a: Orbeetle\n|-damage|p1a: Orbeetle|68\/100 brn\n|\n|-damage|p1a: Orbeetle|62\/100 brn|[from] brn\n|-ability|p2a: \u041a\u0424\u0421 \u0427\u0418\u041a\u0415\u041d|Speed Boost|boost\n|-boost|p2a: \u041a\u0424\u0421 \u0427\u0418\u041a\u0415\u041d|spe|1\n|upkeep\n|turn|9\n|\n|t:|1701104626\n|move|p2a: \u041a\u0424\u0421 \u0427\u0418\u041a\u0415\u041d|Flare Blitz|p1a: Orbeetle\n|-supereffective|p1a: Orbeetle\n|-damage|p1a: Orbeetle|0 fnt\n|faint|p1a: Orbeetle\n|-damage|p2a: \u041a\u0424\u0421 \u0427\u0418\u041a\u0415\u041d|79\/100|[from] Recoil\n|\n|-heal|p2a: \u041a\u0424\u0421 \u0427\u0418\u041a\u0415\u041d|85\/100|[from] item: Leftovers\n|-ability|p2a: \u041a\u0424\u0421 \u0427\u0418\u041a\u0415\u041d|Speed Boost|boost\n|-boost|p2a: \u041a\u0424\u0421 \u0427\u0418\u041a\u0415\u041d|spe|1\n|upkeep\n|\n|t:|1701104645\n|switch|p1a: Toxtricity|Toxtricity, M, shiny|100\/100\n|turn|10\n|\n|t:|1701104662\n|move|p2a: \u041a\u0424\u0421 \u0427\u0418\u041a\u0415\u041d|Low Kick|p1a: Toxtricity\n|-resisted|p1a: Toxtricity\n|-damage|p1a: Toxtricity|74\/100\n|move|p1a: Toxtricity|Overdrive|p2a: \u041a\u0424\u0421 \u0427\u0418\u041a\u0415\u041d\n|-damage|p2a: \u041a\u0424\u0421 \u0427\u0418\u041a\u0415\u041d|0 fnt\n|faint|p2a: \u041a\u0424\u0421 \u0427\u0418\u041a\u0415\u041d\n|\n|upkeep\n|\n|t:|1701104671\n|switch|p2a: \u0411\u0443\u043b\u044c\u0434\u043e\u0437\u0435\u0440|Aggron, F|100\/100\n|turn|11\n|\n|t:|1701104683\n|switch|p1a: Duraludon|Duraludon, M, shiny|100\/100\n|move|p2a: \u0411\u0443\u043b\u044c\u0434\u043e\u0437\u0435\u0440|Earthquake|p1a: Duraludon\n|-supereffective|p1a: Duraludon\n|-crit|p1a: Duraludon\n|-damage|p1a: Duraludon|14\/100\n|\n|upkeep\n|turn|12\n|\n|t:|1701104691\n|move|p1a: Duraludon|Flash Cannon|p2a: \u0411\u0443\u043b\u044c\u0434\u043e\u0437\u0435\u0440\n|-damage|p2a: \u0411\u0443\u043b\u044c\u0434\u043e\u0437\u0435\u0440|59\/100\n|move|p2a: \u0411\u0443\u043b\u044c\u0434\u043e\u0437\u0435\u0440|Earthquake|p1a: Duraludon\n|-supereffective|p1a: Duraludon\n|-damage|p1a: Duraludon|0 fnt\n|faint|p1a: Duraludon\n|\n|upkeep\n|\n|t:|1701104698\n|switch|p1a: Cinderace|Cinderace, M, shiny|100\/100\n|turn|13\n|\n|t:|1701104713\n|-terastallize|p1a: Cinderace|Fire\n|move|p1a: Cinderace|Pyro Ball|p2a: \u0411\u0443\u043b\u044c\u0434\u043e\u0437\u0435\u0440\n|-damage|p2a: \u0411\u0443\u043b\u044c\u0434\u043e\u0437\u0435\u0440|0 fnt\n|faint|p2a: \u0411\u0443\u043b\u044c\u0434\u043e\u0437\u0435\u0440\n|\n|upkeep\n|\n|t:|1701104719\n|switch|p2a: \u041f\u0435\u0433\u0430\u0441|Absol, F|100\/100\n|turn|14\n|\n|t:|1701104734\n|move|p2a: \u041f\u0435\u0433\u0430\u0441|Sucker Punch|p1a: Cinderace\n|-damage|p1a: Cinderace|53\/100\n|move|p1a: Cinderace|Pyro Ball|p2a: \u041f\u0435\u0433\u0430\u0441\n|-damage|p2a: \u041f\u0435\u0433\u0430\u0441|0 fnt\n|faint|p2a: \u041f\u0435\u0433\u0430\u0441\n|\n|upkeep\n|\n|t:|1701104737\n|switch|p2a: \u0413\u043b\u0438\u0441\u0442|Milotic, F|100\/100\n|turn|15\n|\n|t:|1701104750\n|switch|p1a: Grimmsnarl|Grimmsnarl, M, shiny|100\/100\n|move|p2a: \u0413\u043b\u0438\u0441\u0442|Scald|p1a: Grimmsnarl\n|-damage|p1a: Grimmsnarl|66\/100\n|\n|upkeep\n|turn|16\n|\n|t:|1701104770\n|move|p1a: Grimmsnarl|Light Screen|p1a: Grimmsnarl\n|-sidestart|p1: KodIdel|move: Light Screen\n|move|p2a: \u0413\u043b\u0438\u0441\u0442|Toxic|p1a: Grimmsnarl\n|-status|p1a: Grimmsnarl|tox\n|\n|-damage|p1a: Grimmsnarl|60\/100 tox|[from] psn\n|upkeep\n|turn|17\n|\n|t:|1701104780\n|move|p1a: Grimmsnarl|Reflect|p1a: Grimmsnarl\n|-sidestart|p1: KodIdel|Reflect\n|move|p2a: \u0413\u043b\u0438\u0441\u0442|Scald|p1a: Grimmsnarl\n|-damage|p1a: Grimmsnarl|40\/100 tox\n|\n|-damage|p1a: Grimmsnarl|28\/100 tox|[from] psn\n|upkeep\n|turn|18\n|\n|t:|1701104795\n|move|p2a: \u0413\u043b\u0438\u0441\u0442|Scald|p1a: Grimmsnarl\n|-crit|p1a: Grimmsnarl\n|-damage|p1a: Grimmsnarl|0 fnt\n|faint|p1a: Grimmsnarl\n|\n|upkeep\n|\n|t:|1701104805\n|switch|p1a: Toxtricity|Toxtricity, M, shiny|74\/100\n|turn|19\n|\n|t:|1701104813\n|move|p1a: Toxtricity|Overdrive|p2a: \u0413\u043b\u0438\u0441\u0442\n|-supereffective|p2a: \u0413\u043b\u0438\u0441\u0442\n|-damage|p2a: \u0413\u043b\u0438\u0441\u0442|9\/100\n|move|p2a: \u0413\u043b\u0438\u0441\u0442|Scald|p1a: Toxtricity\n|-damage|p1a: Toxtricity|51\/100\n|\n|-heal|p2a: \u0413\u043b\u0438\u0441\u0442|15\/100|[from] item: Leftovers\n|upkeep\n|turn|20\n|\n|t:|1701104827\n|move|p1a: Toxtricity|Overdrive|p2a: \u0413\u043b\u0438\u0441\u0442\n|-supereffective|p2a: \u0413\u043b\u0438\u0441\u0442\n|-damage|p2a: \u0413\u043b\u0438\u0441\u0442|0 fnt\n|faint|p2a: \u0413\u043b\u0438\u0441\u0442\n|\n|win|KodIdel\n","uploadtime":1701104841,"views":4,"p1id":"kodidel","p2id":"1nfuseddd","formatid":"gen9nationaldex","rating":0,"private":0,"password":""}