{"id":"gen9nationaldex-1996695784","p1":"Dragonpetim","p2":"Richie2016","format":"[Gen 9] National Dex","log":"|html|<div class=\"broadcast-blue\"><strong>[Gen 9] National Dex is currently suspecting Sneasler! For information on how to participate check out the <a href=\"https:\/\/www.smogon.com\/forums\/threads\/sv-national-dex-suspect-8-just-dance.3731534\/\">suspect thread<\/a>.<\/strong><\/div>\n|j|\u2606Dragonpetim\n|j|\u2606Richie2016\n|t:|1700710870\n|gametype|singles\n|player|p1|Dragonpetim|red|1571\n|player|p2|Richie2016|cynthia|1487\n|teamsize|p1|6\n|teamsize|p2|6\n|gen|9\n|tier|[Gen 9] National Dex\n|rated|\n|rule|HP Percentage Mod: HP is shown in percentages\n|rule|Endless Battle Clause: Forcing endless battles is banned\n|rule|OHKO Clause: OHKO moves are banned\n|rule|Evasion Clause: Evasion abilities, items, and moves are banned\n|rule|Evasion Abilities Clause: Evasion abilities are banned\n|rule|Evasion Items Clause: Evasion items are banned\n|rule|Evasion Moves Clause: Evasion moves are banned\n|rule|Species Clause: Limit one of each Pok\u00e9mon\n|rule|Sleep Clause Mod: Limit one foe put to sleep\n|clearpoke\n|poke|p1|Charizard, M|\n|poke|p1|Regidrago|\n|poke|p1|Volcanion|\n|poke|p1|Lilligant-Hisui, F|\n|poke|p1|Torkoal, M|\n|poke|p1|Victini|\n|poke|p2|Lopunny, F|\n|poke|p2|Alomomola, F|\n|poke|p2|Moltres|\n|poke|p2|Ferrothorn, F|\n|poke|p2|Gliscor, F|\n|poke|p2|Greninja-*, M|\n|teampreview\n|inactive|Battle timer is ON: inactive players will automatically lose when time's up. (requested by Dragonpetim)\n|\n|t:|1700710890\n|start\n|switch|p1a: Charizard's Son|Victini|100\/100\n|switch|p2a: Gliscor|Gliscor, F, shiny|100\/100\n|turn|1\n|\n|t:|1700710904\n|switch|p2a: Alomomola|Alomomola, F|100\/100\n|move|p1a: Charizard's Son|Trick|p2a: Alomomola\n|-activate|p1a: Charizard's Son|move: Trick|[of] p2a: Alomomola\n|-item|p2a: Alomomola|Choice Scarf|[from] move: Trick\n|-item|p1a: Charizard's Son|Heavy-Duty Boots|[from] move: Trick\n|\n|upkeep\n|turn|2\n|\n|t:|1700710914\n|move|p1a: Charizard's Son|Bolt Strike|p2a: Alomomola\n|-supereffective|p2a: Alomomola\n|-damage|p2a: Alomomola|51\/100\n|move|p2a: Alomomola|Flip Turn|p1a: Charizard's Son\n|-supereffective|p1a: Charizard's Son\n|-damage|p1a: Charizard's Son|65\/100\n|\n|t:|1700710922\n|switch|p2a: Gliscor|Gliscor, F, shiny|100\/100|[from] Flip Turn\n|\n|-status|p2a: Gliscor|tox|[from] item: Toxic Orb\n|upkeep\n|turn|3\n|\n|t:|1700710929\n|switch|p1a: (-)_.._(-)|Torkoal, M|100\/100\n|-weather|SunnyDay|[from] ability: Drought|[of] p1a: (-)_.._(-)\n|move|p2a: Gliscor|Stealth Rock|p1a: (-)_.._(-)\n|-sidestart|p1: Dragonpetim|move: Stealth Rock\n|\n|-weather|SunnyDay|[upkeep]\n|upkeep\n|turn|4\n|\n|t:|1700710942\n|move|p2a: Gliscor|Earthquake|p1a: (-)_.._(-)\n|-supereffective|p1a: (-)_.._(-)\n|-damage|p1a: (-)_.._(-)|62\/100\n|move|p1a: (-)_.._(-)|Rapid Spin|p2a: Gliscor\n|-damage|p2a: Gliscor|93\/100 tox\n|-boost|p1a: (-)_.._(-)|spe|1\n|-sideend|p1: Dragonpetim|Stealth Rock|[from] move: Rapid Spin|[of] p1a: (-)_.._(-)\n|\n|-weather|SunnyDay|[upkeep]\n|-heal|p2a: Gliscor|100\/100 tox|[from] ability: Poison Heal\n|upkeep\n|turn|5\n|\n|t:|1700710950\n|move|p2a: Gliscor|Toxic|p1a: (-)_.._(-)\n|-status|p1a: (-)_.._(-)|tox\n|move|p1a: (-)_.._(-)|Stealth Rock|p2a: Gliscor\n|-sidestart|p2: Richie2016|move: Stealth Rock\n|\n|-weather|SunnyDay|[upkeep]\n|-damage|p1a: (-)_.._(-)|55\/100 tox|[from] psn\n|upkeep\n|turn|6\n|\n|t:|1700710958\n|move|p2a: Gliscor|Stealth Rock|p1a: (-)_.._(-)\n|-sidestart|p1: Dragonpetim|move: Stealth Rock\n|move|p1a: (-)_.._(-)|Rapid Spin|p2a: Gliscor\n|-damage|p2a: Gliscor|93\/100 tox\n|-boost|p1a: (-)_.._(-)|spe|1\n|-sideend|p1: Dragonpetim|Stealth Rock|[from] move: Rapid Spin|[of] p1a: (-)_.._(-)\n|\n|-weather|SunnyDay|[upkeep]\n|-heal|p2a: Gliscor|100\/100 tox|[from] ability: Poison Heal\n|-damage|p1a: (-)_.._(-)|43\/100 tox|[from] psn\n|upkeep\n|turn|7\n|\n|t:|1700710968\n|move|p2a: Gliscor|Earthquake|p1a: (-)_.._(-)\n|-supereffective|p1a: (-)_.._(-)\n|-damage|p1a: (-)_.._(-)|3\/100 tox\n|move|p1a: (-)_.._(-)|Rapid Spin|p2a: Gliscor\n|-damage|p2a: Gliscor|93\/100 tox\n|-boost|p1a: (-)_.._(-)|spe|1\n|\n|-weather|SunnyDay|[upkeep]\n|-heal|p2a: Gliscor|100\/100 tox|[from] ability: Poison Heal\n|-damage|p1a: (-)_.._(-)|0 fnt|[from] psn\n|faint|p1a: (-)_.._(-)\n|upkeep\n|\n|t:|1700710979\n|switch|p1a: Charizard X|Charizard, M|100\/100\n|turn|8\n|\n|t:|1700710988\n|detailschange|p1a: Charizard X|Charizard-Mega-Y, M\n|-mega|p1a: Charizard X|Charizard|Charizardite Y\n|move|p1a: Charizard X|Fire Blast|p2a: Gliscor\n|-damage|p2a: Gliscor|12\/100 tox\n|move|p2a: Gliscor|Toxic|p1a: Charizard X\n|-status|p1a: Charizard X|tox\n|\n|-weather|SunnyDay|[upkeep]\n|-damage|p1a: Charizard X|94\/100 tox|[from] psn\n|-heal|p2a: Gliscor|25\/100 tox|[from] ability: Poison Heal\n|upkeep\n|turn|9\n|\n|t:|1700711009\n|switch|p2a: Moltres|Moltres|100\/100\n|move|p1a: Charizard X|Solar Beam||[still]\n|-prepare|p1a: Charizard X|Solar Beam\n|-anim|p1a: Charizard X|Solar Beam|p2a: Moltres\n|-resisted|p2a: Moltres\n|-damage|p2a: Moltres|89\/100\n|\n|-weather|SunnyDay|[upkeep]\n|-damage|p1a: Charizard X|82\/100 tox|[from] psn\n|upkeep\n|turn|10\n|\n|t:|1700711021\n|switch|p1a: Charizard's Son|Victini|65\/100\n|move|p2a: Moltres|Defog|p1a: Charizard's Son\n|-unboost|p1a: Charizard's Son|evasion|1\n|-sideend|p2: Richie2016|Stealth Rock|[from] move: Defog|[of] p2a: Moltres\n|\n|-weather|none\n|upkeep\n|turn|11\n|\n|t:|1700711031\n|switch|p2a: Gliscor|Gliscor, F, shiny|25\/100 tox\n|move|p1a: Charizard's Son|V-create|p2a: Gliscor\n|-damage|p2a: Gliscor|0 fnt\n|-unboost|p1a: Charizard's Son|spe|1\n|-unboost|p1a: Charizard's Son|def|1\n|-unboost|p1a: Charizard's Son|spd|1\n|faint|p2a: Gliscor\n|\n|upkeep\n|\n|t:|1700711041\n|switch|p2a: Lopunny|Lopunny, F, shiny|100\/100\n|turn|12\n|\n|t:|1700711049\n|switch|p1a: Charizard X|Charizard-Mega-Y, M|82\/100 tox\n|-weather|SunnyDay|[from] ability: Drought|[of] p1a: Charizard X\n|detailschange|p2a: Lopunny|Lopunny-Mega, F, shiny\n|-mega|p2a: Lopunny|Lopunny|Lopunnite\n|move|p2a: Lopunny|Fake Out|p1a: Charizard X\n|-damage|p1a: Charizard X|54\/100 tox\n|\n|-weather|SunnyDay|[upkeep]\n|-damage|p1a: Charizard X|48\/100 tox|[from] psn\n|upkeep\n|turn|13\n|\n|t:|1700711059\n|move|p2a: Lopunny|Frustration|p1a: Charizard X\n|-damage|p1a: Charizard X|0 fnt\n|faint|p1a: Charizard X\n|\n|-weather|SunnyDay|[upkeep]\n|upkeep\n|\n|t:|1700711071\n|switch|p1a: Charizard's Son|Victini|65\/100\n|turn|14\n|\n|t:|1700711078\n|move|p2a: Lopunny|U-turn|p1a: Charizard's Son\n|-damage|p1a: Charizard's Son|40\/100\n|\n|t:|1700711084\n|switch|p2a: Alomomola|Alomomola, F|85\/100|[from] U-turn\n|move|p1a: Charizard's Son|V-create|p2a: Alomomola\n|-resisted|p2a: Alomomola\n|-damage|p2a: Alomomola|51\/100\n|-unboost|p1a: Charizard's Son|spe|1\n|-unboost|p1a: Charizard's Son|def|1\n|-unboost|p1a: Charizard's Son|spd|1\n|\n|-weather|SunnyDay|[upkeep]\n|upkeep\n|turn|15\n|\n|t:|1700711093\n|switch|p2a: Ferrothorn|Ferrothorn, F, shiny|100\/100\n|move|p1a: Charizard's Son|Bolt Strike|p2a: Ferrothorn\n|-resisted|p2a: Ferrothorn\n|-damage|p2a: Ferrothorn|87\/100\n|-damage|p1a: Charizard's Son|27\/100|[from] ability: Iron Barbs|[of] p2a: Ferrothorn\n|\n|-weather|SunnyDay|[upkeep]\n|-heal|p2a: Ferrothorn|93\/100|[from] item: Leftovers\n|upkeep\n|turn|16\n|\n|t:|1700711103\n|move|p2a: Ferrothorn|Protect|p2a: Ferrothorn\n|-singleturn|p2a: Ferrothorn|Protect\n|move|p1a: Charizard's Son|V-create|p2a: Ferrothorn\n|-activate|p2a: Ferrothorn|move: Protect\n|\n|-weather|none\n|-heal|p2a: Ferrothorn|99\/100|[from] item: Leftovers\n|upkeep\n|turn|17\n|\n|t:|1700711119\n|-terastallize|p2a: Ferrothorn|Ghost\n|move|p1a: Charizard's Son|V-create|p2a: Ferrothorn\n|-damage|p2a: Ferrothorn|48\/100\n|-unboost|p1a: Charizard's Son|spe|1\n|-unboost|p1a: Charizard's Son|def|1\n|-unboost|p1a: Charizard's Son|spd|1\n|-damage|p1a: Charizard's Son|15\/100|[from] ability: Iron Barbs|[of] p2a: Ferrothorn\n|move|p2a: Ferrothorn|Leech Seed|p1a: Charizard's Son|[miss]\n|-miss|p2a: Ferrothorn|p1a: Charizard's Son\n|\n|-heal|p2a: Ferrothorn|54\/100|[from] item: Leftovers\n|upkeep\n|turn|18\n|\n|t:|1700711130\n|move|p2a: Ferrothorn|Protect|p2a: Ferrothorn\n|-singleturn|p2a: Ferrothorn|Protect\n|move|p1a: Charizard's Son|Bolt Strike|p2a: Ferrothorn\n|-activate|p2a: Ferrothorn|move: Protect\n|\n|-heal|p2a: Ferrothorn|60\/100|[from] item: Leftovers\n|upkeep\n|turn|19\n|\n|t:|1700711137\n|switch|p2a: Alomomola|Alomomola, F|84\/100\n|move|p1a: Charizard's Son|V-create|p2a: Alomomola\n|-resisted|p2a: Alomomola\n|-damage|p2a: Alomomola|62\/100\n|-unboost|p1a: Charizard's Son|spe|1\n|-unboost|p1a: Charizard's Son|def|1\n|-unboost|p1a: Charizard's Son|spd|1\n|\n|upkeep\n|turn|20\n|\n|t:|1700711144\n|move|p2a: Alomomola|Flip Turn|p1a: Charizard's Son\n|-supereffective|p1a: Charizard's Son\n|-damage|p1a: Charizard's Son|0 fnt\n|faint|p1a: Charizard's Son\n|\n|t:|1700711151\n|switch|p2a: Lopunny|Lopunny-Mega, F, shiny|100\/100|[from] Flip Turn\n|\n|upkeep\n|c|\u2606Dragonpetim|-__- gg\n|\n|t:|1700711172\n|switch|p1a: I'm Torterra|Volcanion|100\/100\n|turn|21\n|\n|t:|1700711178\n|move|p2a: Lopunny|Fake Out|p1a: I'm Torterra\n|-damage|p1a: I'm Torterra|82\/100\n|cant|p1a: I'm Torterra|flinch\n|\n|upkeep\n|turn|22\n|c|\u2606Richie2016|gg\n|\n|t:|1700711185\n|move|p2a: Lopunny|U-turn|p1a: I'm Torterra\n|-resisted|p1a: I'm Torterra\n|-damage|p1a: I'm Torterra|72\/100\n|\n|t:|1700711188\n|switch|p2a: Alomomola|Alomomola, F|95\/100|[from] U-turn\n|move|p1a: I'm Torterra|Steam Eruption|p2a: Alomomola\n|-resisted|p2a: Alomomola\n|-damage|p2a: Alomomola|68\/100\n|\n|upkeep\n|turn|23\n|\n|t:|1700711203\n|move|p2a: Alomomola|Wish|p2a: Alomomola\n|move|p1a: I'm Torterra|Steam Eruption|p2a: Alomomola\n|-resisted|p2a: Alomomola\n|-damage|p2a: Alomomola|41\/100\n|\n|upkeep\n|turn|24\n|\n|t:|1700711212\n|switch|p2a: Ferrothorn|Ferrothorn, F, shiny, tera:Ghost|60\/100\n|move|p1a: I'm Torterra|Steam Eruption|p2a: Ferrothorn\n|-damage|p2a: Ferrothorn|15\/100\n|\n|-heal|p2a: Ferrothorn|82\/100|[from] move: Wish|[wisher] Alomomola\n|-heal|p2a: Ferrothorn|89\/100|[from] item: Leftovers\n|upkeep\n|turn|25\n|\n|t:|1700711221\n|move|p2a: Ferrothorn|Protect|p2a: Ferrothorn\n|-singleturn|p2a: Ferrothorn|Protect\n|move|p1a: I'm Torterra|Steam Eruption|p2a: Ferrothorn\n|-activate|p2a: Ferrothorn|move: Protect\n|\n|-heal|p2a: Ferrothorn|95\/100|[from] item: Leftovers\n|upkeep\n|turn|26\n|\n|t:|1700711232\n|move|p1a: I'm Torterra|Steam Eruption|p2a: Ferrothorn\n|-damage|p2a: Ferrothorn|51\/100\n|move|p2a: Ferrothorn|Leech Seed|p1a: I'm Torterra|[miss]\n|-miss|p2a: Ferrothorn|p1a: I'm Torterra\n|\n|-heal|p2a: Ferrothorn|58\/100|[from] item: Leftovers\n|upkeep\n|turn|27\n|\n|t:|1700711239\n|switch|p1a: I s2 Charizard|Regidrago|100\/100\n|move|p2a: Ferrothorn|Protect||[still]\n|-fail|p2a: Ferrothorn\n|\n|-heal|p2a: Ferrothorn|64\/100|[from] item: Leftovers\n|upkeep\n|turn|28\n|\n|t:|1700711246\n|-terastallize|p1a: I s2 Charizard|Dragon\n|move|p1a: I s2 Charizard|Dragon Energy|p2a: Ferrothorn\n|-damage|p2a: Ferrothorn|0 fnt\n|faint|p2a: Ferrothorn\n|\n|upkeep\n|\n|t:|1700711251\n|switch|p2a: Lopunny|Lopunny-Mega, F, shiny|100\/100\n|turn|29\n|\n|t:|1700711254\n|switch|p1a: I'm Torterra|Volcanion|72\/100\n|move|p2a: Lopunny|Fake Out|p1a: I'm Torterra\n|-damage|p1a: I'm Torterra|55\/100\n|\n|upkeep\n|turn|30\n|\n|t:|1700711260\n|move|p2a: Lopunny|U-turn|p1a: I'm Torterra\n|-resisted|p1a: I'm Torterra\n|-damage|p1a: I'm Torterra|45\/100\n|\n|t:|1700711265\n|switch|p2a: Alomomola|Alomomola, F|74\/100|[from] U-turn\n|move|p1a: I'm Torterra|Steam Eruption|p2a: Alomomola\n|-resisted|p2a: Alomomola\n|-damage|p2a: Alomomola|45\/100\n|\n|upkeep\n|turn|31\n|\n|t:|1700711272\n|move|p2a: Alomomola|Toxic|p1a: I'm Torterra\n|-status|p1a: I'm Torterra|tox\n|move|p1a: I'm Torterra|Steam Eruption|p2a: Alomomola\n|-resisted|p2a: Alomomola\n|-damage|p2a: Alomomola|17\/100\n|-status|p2a: Alomomola|brn\n|\n|-damage|p1a: I'm Torterra|39\/100 tox|[from] psn\n|-damage|p2a: Alomomola|11\/100 brn|[from] brn\n|upkeep\n|turn|32\n|\n|t:|1700711283\n|switch|p2a: Greninja|Greninja, M|100\/100\n|move|p1a: I'm Torterra|Steam Eruption|p2a: Greninja\n|-resisted|p2a: Greninja\n|-crit|p2a: Greninja\n|-damage|p2a: Greninja|29\/100\n|\n|-damage|p1a: I'm Torterra|27\/100 tox|[from] psn\n|upkeep\n|turn|33\n|\n|t:|1700711293\n|switch|p1a: I s2 Charizard|Regidrago, tera:Dragon|100\/100\n|move|p2a: Greninja|Dark Pulse|p1a: I s2 Charizard\n|-damage|p1a: I s2 Charizard|48\/100\n|-damage|p2a: Greninja|19\/100|[from] item: Life Orb\n|\n|upkeep\n|turn|34\n|\n|t:|1700711304\n|move|p1a: I s2 Charizard|Tera Blast|p2a: Greninja|[anim] Tera Blast Dragon\n|-damage|p2a: Greninja|0 fnt\n|faint|p2a: Greninja\n|\n|upkeep\n|\n|t:|1700711309\n|switch|p2a: Lopunny|Lopunny-Mega, F, shiny|100\/100\n|turn|35\n|\n|t:|1700711313\n|switch|p1a: I'm Torterra|Volcanion|27\/100 tox\n|move|p2a: Lopunny|Fake Out|p1a: I'm Torterra\n|-damage|p1a: I'm Torterra|11\/100 tox\n|\n|-damage|p1a: I'm Torterra|5\/100 tox|[from] psn\n|upkeep\n|turn|36\n|\n|t:|1700711321\n|move|p2a: Lopunny|Frustration|p1a: I'm Torterra\n|-damage|p1a: I'm Torterra|0 fnt\n|faint|p1a: I'm Torterra\n|\n|upkeep\n|\n|t:|1700711327\n|switch|p1a: I s2 Charizard|Regidrago, tera:Dragon|48\/100\n|turn|37\n|\n|t:|1700711336\n|switch|p2a: Alomomola|Alomomola, F|44\/100 brn\n|move|p1a: I s2 Charizard|Draco Meteor|p2a: Alomomola\n|-damage|p2a: Alomomola|0 fnt\n|-unboost|p1a: I s2 Charizard|spa|2\n|faint|p2a: Alomomola\n|\n|upkeep\n|\n|t:|1700711345\n|switch|p2a: Lopunny|Lopunny-Mega, F, shiny|100\/100\n|turn|38\n|\n|t:|1700711347\n|switch|p1a: Dancing|Lilligant-Hisui, F|100\/100\n|move|p2a: Lopunny|Fake Out|p1a: Dancing\n|-damage|p1a: Dancing|66\/100\n|\n|upkeep\n|turn|39\n|\n|t:|1700711354\n|move|p2a: Lopunny|Frustration|p1a: Dancing\n|-damage|p1a: Dancing|0 fnt\n|faint|p1a: Dancing\n|\n|upkeep\n|\n|t:|1700711358\n|switch|p1a: I s2 Charizard|Regidrago, tera:Dragon|48\/100\n|turn|40\n|\n|t:|1700711363\n|move|p1a: I s2 Charizard|Tera Blast|p2a: Lopunny|[anim] Tera Blast Dragon\n|-damage|p2a: Lopunny|7\/100\n|move|p2a: Lopunny|Frustration|p1a: I s2 Charizard\n|-damage|p1a: I s2 Charizard|0 fnt\n|faint|p1a: I s2 Charizard\n|\n|win|Richie2016\n|raw|Dragonpetim's rating: 1571 &rarr; <strong>1546<\/strong><br \/>(-25 for losing)\n|raw|Richie2016's rating: 1487 &rarr; <strong>1512<\/strong><br \/>(+25 for winning)\n|l|\u2606Dragonpetim\n","uploadtime":1700711374,"views":2,"p1id":"dragonpetim","p2id":"richie2016","formatid":"gen9nationaldex","rating":1512,"private":0,"password":""}