{"id":"gen9nationaldex-1994312620","p1":"Grosel","p2":"mcklemmeglad","format":"[Gen 9] National Dex","log":"|j|\u2606Grosel\n|j|\u2606mcklemmeglad\n|t:|1700429934\n|gametype|singles\n|player|p1|Grosel|drayden|1423\n|player|p2|mcklemmeglad|waiter-gen4dp|1527\n|teamsize|p1|6\n|teamsize|p2|6\n|gen|9\n|tier|[Gen 9] National Dex\n|rated|\n|rule|HP Percentage Mod: HP is shown in percentages\n|rule|Endless Battle Clause: Forcing endless battles is banned\n|rule|OHKO Clause: OHKO moves are banned\n|rule|Evasion Clause: Evasion abilities, items, and moves are banned\n|rule|Evasion Abilities Clause: Evasion abilities are banned\n|rule|Evasion Items Clause: Evasion items are banned\n|rule|Evasion Moves Clause: Evasion moves are banned\n|rule|Species Clause: Limit one of each Pok\u00e9mon\n|rule|Sleep Clause Mod: Limit one foe put to sleep\n|clearpoke\n|poke|p1|Pelipper, M|\n|poke|p1|Zapdos|\n|poke|p1|Swampert, M|\n|poke|p1|Barraskewda, M|\n|poke|p1|Kartana|\n|poke|p1|Ferrothorn, M|\n|poke|p2|Aron, L1, F|\n|poke|p2|Bronzong|\n|poke|p2|Tyranitar, F|\n|poke|p2|Kommo-o, F|\n|poke|p2|Glimmora, M|\n|poke|p2|Lopunny, F|\n|teampreview\n|inactive|Battle timer is ON: inactive players will automatically lose when time's up. (requested by Grosel)\n|\n|t:|1700429949\n|start\n|switch|p1a: Pelipper|Pelipper, M|100\/100\n|switch|p2a: Glimmora|Glimmora, M|100\/100\n|-weather|RainDance|[from] ability: Drizzle|[of] p1a: Pelipper\n|turn|1\n|\n|t:|1700429973\n|-terastallize|p1a: Pelipper|Dragon\n|move|p2a: Glimmora|Stealth Rock|p1a: Pelipper\n|-sidestart|p1: Grosel|move: Stealth Rock\n|move|p1a: Pelipper|Weather Ball|p2a: Glimmora\n|-supereffective|p2a: Glimmora\n|-damage|p2a: Glimmora|0 fnt\n|faint|p2a: Glimmora\n|\n|-weather|RainDance|[upkeep]\n|upkeep\n|inactive|mcklemmeglad has 120 seconds left.\n|\n|t:|1700430012\n|switch|p2a: Kommo-o|Kommo-o, F|100\/100\n|turn|2\n|\n|t:|1700430017\n|-zpower|p2a: Kommo-o\n|move|p2a: Kommo-o|Clangorous Soulblaze|p1a: Pelipper|[zeffect]\n|-supereffective|p1a: Pelipper\n|-damage|p1a: Pelipper|0 fnt\n|faint|p1a: Pelipper\n|-boost|p2a: Kommo-o|atk|1\n|-boost|p2a: Kommo-o|def|1\n|-boost|p2a: Kommo-o|spa|1\n|-boost|p2a: Kommo-o|spd|1\n|-boost|p2a: Kommo-o|spe|1\n|\n|-weather|RainDance|[upkeep]\n|upkeep\n|\n|t:|1700430033\n|switch|p1a: Swampert|Swampert, M|100\/100\n|-damage|p1a: Swampert|94\/100|[from] Stealth Rock\n|turn|3\n|inactive|mcklemmeglad has 120 seconds left.\n|\n|t:|1700430054\n|detailschange|p1a: Swampert|Swampert-Mega, M\n|-mega|p1a: Swampert|Swampert|Swampertite\n|move|p1a: Swampert|Earthquake|p2a: Kommo-o\n|-crit|p2a: Kommo-o\n|-damage|p2a: Kommo-o|25\/100\n|move|p2a: Kommo-o|Clanging Scales|p1a: Swampert\n|-damage|p1a: Swampert|32\/100\n|-unboost|p2a: Kommo-o|def|1\n|\n|-weather|RainDance|[upkeep]\n|upkeep\n|turn|4\n|\n|t:|1700430075\n|move|p1a: Swampert|Earthquake|p2a: Kommo-o\n|-damage|p2a: Kommo-o|0 fnt\n|faint|p2a: Kommo-o\n|\n|-weather|RainDance|[upkeep]\n|upkeep\n|inactive|mcklemmeglad has 90 seconds left.\n|\n|t:|1700430086\n|switch|p2a: Tyranitar|Tyranitar, F|100\/100\n|-weather|Sandstorm|[from] ability: Sand Stream|[of] p2a: Tyranitar\n|turn|5\n|\n|t:|1700430094\n|switch|p2a: Bronzong|Bronzong|100\/100\n|move|p1a: Swampert|Waterfall|p2a: Bronzong\n|-damage|p2a: Bronzong|70\/100\n|\n|-weather|Sandstorm|[upkeep]\n|-heal|p2a: Bronzong|76\/100|[from] item: Leftovers\n|upkeep\n|turn|6\n|\n|t:|1700430102\n|move|p1a: Swampert|Flip Turn|p2a: Bronzong\n|-damage|p2a: Bronzong|54\/100\n|\n|t:|1700430107\n|switch|p1a: Ferrothorn|Ferrothorn, M|100\/100|[from] Flip Turn\n|-damage|p1a: Ferrothorn|95\/100|[from] Stealth Rock\n|move|p2a: Bronzong|Iron Defense|p2a: Bronzong\n|-boost|p2a: Bronzong|def|2\n|\n|-weather|Sandstorm|[upkeep]\n|-heal|p2a: Bronzong|60\/100|[from] item: Leftovers\n|-heal|p1a: Ferrothorn|100\/100|[from] item: Leftovers\n|upkeep\n|turn|7\n|inactive|mcklemmeglad has 90 seconds left.\n|\n|t:|1700430133\n|move|p2a: Bronzong|Iron Defense|p2a: Bronzong\n|-boost|p2a: Bronzong|def|2\n|move|p1a: Ferrothorn|Thunder Wave|p2a: Bronzong\n|-status|p2a: Bronzong|par\n|\n|-weather|Sandstorm|[upkeep]\n|-heal|p2a: Bronzong|66\/100 par|[from] item: Leftovers\n|upkeep\n|turn|8\n|inactive|mcklemmeglad has 90 seconds left.\n|\n|t:|1700430150\n|move|p2a: Bronzong|Iron Defense|p2a: Bronzong\n|-boost|p2a: Bronzong|def|2\n|move|p1a: Ferrothorn|Leech Seed|p2a: Bronzong\n|-start|p2a: Bronzong|move: Leech Seed\n|\n|-weather|Sandstorm|[upkeep]\n|-heal|p2a: Bronzong|73\/100 par|[from] item: Leftovers\n|-damage|p2a: Bronzong|60\/100 par|[from] Leech Seed|[of] p1a: Ferrothorn\n|upkeep\n|turn|9\n|inactive|mcklemmeglad has 90 seconds left.\n|\n|t:|1700430164\n|switch|p1a: Kartana|Kartana|100\/100\n|-damage|p1a: Kartana|94\/100|[from] Stealth Rock\n|move|p2a: Bronzong|Body Press|p1a: Kartana\n|-supereffective|p1a: Kartana\n|-damage|p1a: Kartana|0 fnt\n|faint|p1a: Kartana\n|\n|-weather|Sandstorm|[upkeep]\n|-heal|p2a: Bronzong|66\/100 par|[from] item: Leftovers\n|upkeep\n|\n|t:|1700430170\n|switch|p1a: Zapdos|Zapdos, shiny|100\/100\n|-damage|p1a: Zapdos|76\/100|[from] Stealth Rock\n|turn|10\n|\n|t:|1700430178\n|-terastallize|p2a: Bronzong|Electric\n|move|p1a: Zapdos|Thunder|p2a: Bronzong\n|-resisted|p2a: Bronzong\n|-damage|p2a: Bronzong|41\/100 par\n|move|p2a: Bronzong|Body Press|p1a: Zapdos\n|-resisted|p1a: Zapdos\n|-damage|p1a: Zapdos|15\/100\n|-damage|p2a: Bronzong|24\/100 par|[from] item: Rocky Helmet|[of] p1a: Zapdos\n|\n|-weather|Sandstorm|[upkeep]\n|-damage|p1a: Zapdos|9\/100|[from] Sandstorm\n|-damage|p2a: Bronzong|18\/100 par|[from] Sandstorm\n|-heal|p2a: Bronzong|24\/100 par|[from] item: Leftovers\n|-damage|p2a: Bronzong|12\/100 par|[from] Leech Seed|[of] p1a: Zapdos\n|-heal|p1a: Zapdos|20\/100|[silent]\n|upkeep\n|turn|11\n|\n|t:|1700430186\n|move|p1a: Zapdos|Weather Ball|p2a: Bronzong\n|-damage|p2a: Bronzong|0 fnt\n|faint|p2a: Bronzong\n|\n|-weather|Sandstorm|[upkeep]\n|-damage|p1a: Zapdos|14\/100|[from] Sandstorm\n|upkeep\n|inactive|mcklemmeglad has 90 seconds left.\n|\n|t:|1700430207\n|switch|p2a: Lopunny|Lopunny, F|100\/100\n|turn|12\n|\n|t:|1700430215\n|switch|p1a: Ferrothorn|Ferrothorn, M|100\/100\n|-damage|p1a: Ferrothorn|95\/100|[from] Stealth Rock\n|detailschange|p2a: Lopunny|Lopunny-Mega, F\n|-mega|p2a: Lopunny|Lopunny|Lopunnite\n|move|p2a: Lopunny|Facade|p1a: Ferrothorn\n|-resisted|p1a: Ferrothorn\n|-damage|p1a: Ferrothorn|84\/100\n|-damage|p2a: Lopunny|88\/100|[from] ability: Iron Barbs|[of] p1a: Ferrothorn\n|\n|-weather|none\n|-heal|p1a: Ferrothorn|90\/100|[from] item: Leftovers\n|upkeep\n|turn|13\n|inactive|mcklemmeglad has 90 seconds left.\n|\n|t:|1700430240\n|switch|p2a: Tyranitar|Tyranitar, F|100\/100\n|-weather|Sandstorm|[from] ability: Sand Stream|[of] p2a: Tyranitar\n|move|p1a: Ferrothorn|Leech Seed|p2a: Tyranitar\n|-start|p2a: Tyranitar|move: Leech Seed\n|\n|-weather|Sandstorm|[upkeep]\n|-heal|p1a: Ferrothorn|96\/100|[from] item: Leftovers\n|-damage|p2a: Tyranitar|88\/100|[from] Leech Seed|[of] p1a: Ferrothorn\n|-heal|p1a: Ferrothorn|100\/100|[silent]\n|upkeep\n|turn|14\n|\n|t:|1700430247\n|move|p1a: Ferrothorn|Protect|p1a: Ferrothorn\n|-singleturn|p1a: Ferrothorn|Protect\n|move|p2a: Tyranitar|Fire Blast|p1a: Ferrothorn\n|-activate|p1a: Ferrothorn|move: Protect\n|\n|-weather|Sandstorm|[upkeep]\n|-damage|p2a: Tyranitar|76\/100|[from] Leech Seed|[of] p1a: Ferrothorn\n|upkeep\n|turn|15\n|inactive|mcklemmeglad has 90 seconds left.\n|\n|t:|1700430266\n|switch|p1a: Swampert|Swampert-Mega, M|32\/100\n|-damage|p1a: Swampert|25\/100|[from] Stealth Rock\n|move|p2a: Tyranitar|Dragon Tail|p1a: Swampert\n|-damage|p1a: Swampert|10\/100\n|drag|p1a: Zapdos|Zapdos, shiny|14\/100\n|-damage|p1a: Zapdos|0 fnt|[from] Stealth Rock\n|faint|p1a: Zapdos\n|\n|-weather|Sandstorm|[upkeep]\n|upkeep\n|\n|t:|1700430283\n|switch|p1a: Barraskewda|Barraskewda, M|100\/100\n|-damage|p1a: Barraskewda|88\/100|[from] Stealth Rock\n|turn|16\n|inactive|mcklemmeglad has 90 seconds left.\n|\n|t:|1700430316\n|switch|p2a: Lopunny|Lopunny-Mega, F|88\/100\n|move|p1a: Barraskewda|Close Combat|p2a: Lopunny\n|-supereffective|p2a: Lopunny\n|-damage|p2a: Lopunny|0 fnt\n|-unboost|p1a: Barraskewda|def|1\n|-unboost|p1a: Barraskewda|spd|1\n|faint|p2a: Lopunny\n|\n|-weather|Sandstorm|[upkeep]\n|-damage|p1a: Barraskewda|82\/100|[from] Sandstorm\n|upkeep\n|\n|t:|1700430323\n|switch|p2a: Aron|Aron, L1, F|100\/100\n|turn|17\n|\n|t:|1700430334\n|switch|p1a: Ferrothorn|Ferrothorn, M|100\/100\n|-damage|p1a: Ferrothorn|95\/100|[from] Stealth Rock\n|move|p2a: Aron|Endeavor|p1a: Ferrothorn\n|-damage|p1a: Ferrothorn|4\/100\n|-damage|p2a: Aron|92\/100|[from] ability: Iron Barbs|[of] p1a: Ferrothorn\n|-heal|p2a: Aron|100\/100|[from] item: Shell Bell|[of] p1a: Ferrothorn\n|\n|-weather|Sandstorm|[upkeep]\n|-heal|p1a: Ferrothorn|10\/100|[from] item: Leftovers\n|upkeep\n|turn|18\n|\n|t:|1700430351\n|switch|p2a: Tyranitar|Tyranitar, F|76\/100\n|move|p1a: Ferrothorn|Protect||[still]\n|-fail|p1a: Ferrothorn\n|\n|-weather|Sandstorm|[upkeep]\n|-heal|p1a: Ferrothorn|16\/100|[from] item: Leftovers\n|upkeep\n|turn|19\n|inactive|mcklemmeglad has 60 seconds left.\n|\n|t:|1700430381\n|move|p2a: Tyranitar|Fire Blast|p1a: Ferrothorn|[miss]\n|-miss|p2a: Tyranitar|p1a: Ferrothorn\n|move|p1a: Ferrothorn|Gyro Ball|p2a: Tyranitar\n|-supereffective|p2a: Tyranitar\n|-damage|p2a: Tyranitar|37\/100\n|\n|-weather|Sandstorm|[upkeep]\n|-heal|p1a: Ferrothorn|22\/100|[from] item: Leftovers\n|upkeep\n|turn|20\n|\n|t:|1700430387\n|move|p1a: Ferrothorn|Protect|p1a: Ferrothorn\n|-singleturn|p1a: Ferrothorn|Protect\n|move|p2a: Tyranitar|Fire Blast|p1a: Ferrothorn\n|-activate|p1a: Ferrothorn|move: Protect\n|\n|-weather|none\n|-heal|p1a: Ferrothorn|28\/100|[from] item: Leftovers\n|upkeep\n|turn|21\n|\n|t:|1700430393\n|move|p2a: Tyranitar|Fire Blast|p1a: Ferrothorn\n|-supereffective|p1a: Ferrothorn\n|-damage|p1a: Ferrothorn|0 fnt\n|faint|p1a: Ferrothorn\n|\n|upkeep\n|\n|t:|1700430397\n|switch|p1a: Barraskewda|Barraskewda, M|82\/100\n|-damage|p1a: Barraskewda|70\/100|[from] Stealth Rock\n|turn|22\n|\n|t:|1700430410\n|move|p1a: Barraskewda|Flip Turn|p2a: Tyranitar\n|-supereffective|p2a: Tyranitar\n|-damage|p2a: Tyranitar|0 fnt\n|faint|p2a: Tyranitar\n|\n|t:|1700430413\n|switch|p1a: Swampert|Swampert-Mega, M|10\/100|[from] Flip Turn\n|-damage|p1a: Swampert|4\/100|[from] Stealth Rock\n|\n|upkeep\n|\n|t:|1700430418\n|switch|p2a: Aron|Aron, L1, F|100\/100\n|turn|23\n|\n|t:|1700430424\n|move|p1a: Swampert|Earthquake|p2a: Aron\n|-supereffective|p2a: Aron\n|-ability|p2a: Aron|Sturdy\n|-damage|p2a: Aron|9\/100\n|move|p2a: Aron|Toxic|p1a: Swampert\n|-status|p1a: Swampert|tox\n|\n|-damage|p1a: Swampert|0 fnt|[from] psn\n|faint|p1a: Swampert\n|upkeep\n|\n|t:|1700430432\n|switch|p1a: Barraskewda|Barraskewda, M|70\/100\n|-damage|p1a: Barraskewda|58\/100|[from] Stealth Rock\n|turn|24\n|c|\u2606mcklemmeglad|gg\n|\n|t:|1700430437\n|move|p1a: Barraskewda|Waterfall|p2a: Aron\n|-supereffective|p2a: Aron\n|-damage|p2a: Aron|0 fnt\n|faint|p2a: Aron\n|\n|win|Grosel\n|raw|Grosel's rating: 1423 &rarr; <strong>1449<\/strong><br \/>(+26 for winning)\n|raw|mcklemmeglad's rating: 1527 &rarr; <strong>1501<\/strong><br \/>(-26 for losing)\n|c|\u2606Grosel|GG\n","uploadtime":1700430448,"views":5,"p1id":"grosel","p2id":"mcklemmeglad","formatid":"gen9nationaldex","rating":1449,"private":0,"password":""}