{"id":"gen9nationaldex-1991307287","p1":"Retsuna","p2":"XLioneldoX","format":"[Gen 9] National Dex","log":"|j|\u2606Retsuna\n|j|\u2606XLioneldoX\n|t:|1700066175\n|gametype|singles\n|player|p1|Retsuna|265|1190\n|player|p2|XLioneldoX|2|1280\n|teamsize|p1|6\n|teamsize|p2|6\n|gen|9\n|tier|[Gen 9] National Dex\n|rated|\n|rule|HP Percentage Mod: HP is shown in percentages\n|rule|Endless Battle Clause: Forcing endless battles is banned\n|rule|OHKO Clause: OHKO moves are banned\n|rule|Evasion Clause: Evasion abilities, items, and moves are banned\n|rule|Evasion Abilities Clause: Evasion abilities are banned\n|rule|Evasion Items Clause: Evasion items are banned\n|rule|Evasion Moves Clause: Evasion moves are banned\n|rule|Species Clause: Limit one of each Pok\u00e9mon\n|rule|Sleep Clause Mod: Limit one foe put to sleep\n|clearpoke\n|poke|p1|Decidueye, M|\n|poke|p1|Pidgeot, F|\n|poke|p1|Volcarona, M|\n|poke|p1|Lycanroc-Dusk, F|\n|poke|p1|Kommo-o, M|\n|poke|p1|Goodra, F|\n|poke|p2|Lopunny, M|\n|poke|p2|Gliscor, M|\n|poke|p2|Aegislash, M|\n|poke|p2|Ogerpon-Wellspring, F|\n|poke|p2|Tapu Koko|\n|poke|p2|Hoopa-Unbound|\n|teampreview\n|\n|t:|1700066186\n|start\n|switch|p1a: Decidueye|Decidueye, M, shiny|100\/100\n|switch|p2a: Lopunny|Lopunny, M, shiny|100\/100\n|turn|1\n|\n|t:|1700066223\n|detailschange|p2a: Lopunny|Lopunny-Mega, M, shiny\n|-mega|p2a: Lopunny|Lopunny|Lopunnite\n|move|p2a: Lopunny|Frustration|p1a: Decidueye\n|-damage|p1a: Decidueye|29\/100\n|move|p1a: Decidueye|Dual Wingbeat|p2a: Lopunny\n|-supereffective|p2a: Lopunny\n|-damage|p2a: Lopunny|44\/100\n|-supereffective|p2a: Lopunny\n|-damage|p2a: Lopunny|0 fnt\n|faint|p2a: Lopunny\n|-hitcount|p2: Lopunny|2\n|\n|upkeep\n|\n|t:|1700066254\n|switch|p2a: Hoopa|Hoopa-Unbound|100\/100\n|turn|2\n|\n|t:|1700066272\n|switch|p1a: Goodra|Goodra, F|100\/100\n|move|p2a: Hoopa|Dark Pulse|p1a: Goodra\n|-damage|p1a: Goodra|77\/100\n|\n|upkeep\n|turn|3\n|\n|t:|1700066280\n|-zpower|p2a: Hoopa\n|move|p2a: Hoopa|All-Out Pummeling|p1a: Goodra|[zeffect]\n|-damage|p1a: Goodra|38\/100\n|move|p1a: Goodra|Rain Dance|p1a: Goodra\n|-weather|RainDance\n|\n|-weather|RainDance|[upkeep]\n|upkeep\n|turn|4\n|\n|t:|1700066291\n|move|p2a: Hoopa|Psychic|p1a: Goodra\n|-damage|p1a: Goodra|12\/100\n|-unboost|p1a: Goodra|spd|1\n|move|p1a: Goodra|Rest|p1a: Goodra\n|-status|p1a: Goodra|slp|[from] move: Rest\n|-heal|p1a: Goodra|100\/100 slp|[silent]\n|\n|-weather|RainDance|[upkeep]\n|-activate|p1a: Goodra|ability: Hydration\n|-curestatus|p1a: Goodra|slp|[msg]\n|upkeep\n|turn|5\n|\n|t:|1700066313\n|move|p2a: Hoopa|Psyshock|p1a: Goodra\n|-crit|p1a: Goodra\n|-damage|p1a: Goodra|8\/100\n|move|p1a: Goodra|Toxic|p2a: Hoopa\n|-status|p2a: Hoopa|tox\n|\n|-weather|RainDance|[upkeep]\n|-damage|p2a: Hoopa|95\/100 tox|[from] psn\n|upkeep\n|turn|6\n|\n|t:|1700066332\n|move|p2a: Hoopa|Psychic|p1a: Goodra\n|-damage|p1a: Goodra|0 fnt\n|faint|p1a: Goodra\n|\n|-weather|RainDance|[upkeep]\n|-damage|p2a: Hoopa|83\/100 tox|[from] psn\n|upkeep\n|\n|t:|1700066341\n|switch|p1a: Decidueye|Decidueye, M, shiny|29\/100\n|turn|7\n|\n|t:|1700066348\n|-terastallize|p1a: Decidueye|Dark\n|move|p1a: Decidueye|Sucker Punch|p2a: Hoopa\n|-damage|p2a: Hoopa|0 fnt\n|faint|p2a: Hoopa\n|\n|-weather|RainDance|[upkeep]\n|upkeep\n|\n|t:|1700066353\n|switch|p2a: Tapu Koko|Tapu Koko|100\/100\n|-fieldstart|move: Electric Terrain|[from] ability: Electric Surge|[of] p2a: Tapu Koko\n|turn|8\n|\n|t:|1700066362\n|move|p1a: Decidueye|Sucker Punch|p2a: Tapu Koko\n|-resisted|p2a: Tapu Koko\n|-damage|p2a: Tapu Koko|65\/100\n|move|p2a: Tapu Koko|U-turn|p1a: Decidueye\n|-supereffective|p1a: Decidueye\n|-damage|p1a: Decidueye|0 fnt\n|faint|p1a: Decidueye\n|\n|t:|1700066370\n|switch|p2a: Ogerpon|Ogerpon-Wellspring, F|100\/100|[from] U-turn\n|\n|-weather|RainDance|[upkeep]\n|upkeep\n|\n|t:|1700066375\n|switch|p1a: Pidgeot|Pidgeot, F|100\/100\n|turn|9\n|\n|t:|1700066382\n|detailschange|p1a: Pidgeot|Pidgeot-Mega, F\n|-mega|p1a: Pidgeot|Pidgeot|Pidgeotite\n|-terastallize|p2a: Ogerpon|Water\n|detailschange|p2a: Ogerpon|Ogerpon-Wellspring-Tera, F, tera:Water\n|-ability|p2a: Ogerpon|Embody Aspect (Wellspring)|boost\n|-boost|p2a: Ogerpon|spd|1\n|move|p1a: Pidgeot|Hurricane|p2a: Ogerpon\n|-damage|p2a: Ogerpon|56\/100\n|move|p2a: Ogerpon|Swords Dance|p2a: Ogerpon\n|-boost|p2a: Ogerpon|atk|2\n|\n|-weather|RainDance|[upkeep]\n|upkeep\n|turn|10\n|\n|t:|1700066405\n|move|p1a: Pidgeot|Hurricane|p2a: Ogerpon\n|-damage|p2a: Ogerpon|10\/100\n|move|p2a: Ogerpon|Ivy Cudgel|p1a: Pidgeot|[anim] Ivy Cudgel Water\n|-damage|p1a: Pidgeot|0 fnt\n|faint|p1a: Pidgeot\n|\n|-weather|none\n|upkeep\n|\n|t:|1700066412\n|switch|p1a: Lycanroc|Lycanroc-Dusk, F|100\/100\n|turn|11\n|\n|t:|1700066418\n|move|p1a: Lycanroc|Accelerock|p2a: Ogerpon\n|-damage|p2a: Ogerpon|0 fnt\n|faint|p2a: Ogerpon\n|\n|upkeep\n|\n|t:|1700066425\n|switch|p2a: Aegislash|Aegislash, M, shiny|100\/100\n|turn|12\n|\n|t:|1700066432\n|move|p1a: Lycanroc|Drill Run|p2a: Aegislash\n|-supereffective|p2a: Aegislash\n|-damage|p2a: Aegislash|25\/100\n|-formechange|p2a: Aegislash|Aegislash-Blade||[from] ability: Stance Change\n|move|p2a: Aegislash|Flash Cannon|p1a: Lycanroc\n|-supereffective|p1a: Lycanroc\n|-enditem|p1a: Lycanroc|Focus Sash\n|-damage|p1a: Lycanroc|1\/100\n|-unboost|p1a: Lycanroc|spd|1\n|\n|-heal|p2a: Aegislash|32\/100|[from] item: Leftovers\n|-fieldend|move: Electric Terrain\n|upkeep\n|turn|13\n|\n|t:|1700066441\n|move|p2a: Aegislash|Shadow Sneak|p1a: Lycanroc\n|-damage|p1a: Lycanroc|0 fnt\n|faint|p1a: Lycanroc\n|\n|-heal|p2a: Aegislash|38\/100|[from] item: Leftovers\n|upkeep\n|\n|t:|1700066448\n|switch|p1a: Volcarona|Volcarona, M|100\/100\n|turn|14\n|\n|t:|1700066469\n|move|p1a: Volcarona|Quiver Dance|p1a: Volcarona\n|-boost|p1a: Volcarona|spa|1\n|-boost|p1a: Volcarona|spd|1\n|-boost|p1a: Volcarona|spe|1\n|move|p2a: Aegislash|Shadow Ball|p1a: Volcarona\n|-damage|p1a: Volcarona|73\/100\n|-unboost|p1a: Volcarona|spd|1\n|\n|-heal|p2a: Aegislash|44\/100|[from] item: Leftovers\n|upkeep\n|turn|15\n|\n|t:|1700066479\n|switch|p2a: Gliscor|Gliscor, M|100\/100\n|move|p1a: Volcarona|Fiery Dance|p2a: Gliscor\n|-damage|p2a: Gliscor|36\/100\n|-boost|p1a: Volcarona|spa|1\n|\n|-status|p2a: Gliscor|tox|[from] item: Toxic Orb\n|upkeep\n|turn|16\n|\n|t:|1700066487\n|move|p1a: Volcarona|Fiery Dance|p2a: Gliscor\n|-damage|p2a: Gliscor|0 fnt\n|faint|p2a: Gliscor\n|\n|upkeep\n|\n|t:|1700066489\n|switch|p2a: Tapu Koko|Tapu Koko|65\/100\n|-fieldstart|move: Electric Terrain|[from] ability: Electric Surge|[of] p2a: Tapu Koko\n|turn|17\n|\n|t:|1700066493\n|move|p1a: Volcarona|Fiery Dance|p2a: Tapu Koko\n|-damage|p2a: Tapu Koko|0 fnt\n|-boost|p1a: Volcarona|spa|1\n|faint|p2a: Tapu Koko\n|\n|upkeep\n|-message|XLioneldoX forfeited.\n|\n|win|Retsuna\n|raw|Retsuna's rating: 1190 &rarr; <strong>1221<\/strong><br \/>(+31 for winning)\n|raw|XLioneldoX's rating: 1280 &rarr; <strong>1249<\/strong><br \/>(-31 for losing)\n|l|\u2606XLioneldoX\n","uploadtime":1700066505,"views":4,"p1id":"retsuna","p2id":"xlioneldox","formatid":"gen9nationaldex","rating":1221,"private":0,"password":""}