{"id":"gen9nationaldex-1989210081","p1":"Kakashihatake101","p2":"Ryan&Ditto","format":"[Gen 9] National Dex","log":"|j|\u2606Kakashihatake101\n|j|\u2606Ryan&Ditto\n|t:|1699823751\n|gametype|singles\n|player|p1|Kakashihatake101|265|\n|player|p2|Ryan&Ditto|unknown|\n|teamsize|p1|6\n|teamsize|p2|6\n|gen|9\n|tier|[Gen 9] National Dex\n|rule|HP Percentage Mod: HP is shown in percentages\n|rule|Endless Battle Clause: Forcing endless battles is banned\n|rule|OHKO Clause: OHKO moves are banned\n|rule|Evasion Clause: Evasion abilities, items, and moves are banned\n|rule|Evasion Abilities Clause: Evasion abilities are banned\n|rule|Evasion Items Clause: Evasion items are banned\n|rule|Evasion Moves Clause: Evasion moves are banned\n|rule|Species Clause: Limit one of each Pok\u00e9mon\n|rule|Sleep Clause Mod: Limit one foe put to sleep\n|clearpoke\n|poke|p1|Skarmory, M|\n|poke|p1|Garganacl, F|\n|poke|p1|Kommo-o, F|\n|poke|p1|Sneasler, M|\n|poke|p1|Charizard, M|\n|poke|p1|Clefable, F|\n|poke|p2|Sneasler, F|\n|poke|p2|Gliscor, F|\n|poke|p2|Kommo-o, M|\n|poke|p2|Clefable, F|\n|poke|p2|Lopunny, F|\n|poke|p2|Garganacl, M|\n|teampreview\n|c|\u2606Ryan&Ditto|glhf!\n|c|\u2606Ryan&Ditto|oh damn sneasler got a sprite\n|\n|t:|1699823785\n|start\n|switch|p1a: Garganacl|Garganacl, F|100\/100\n|switch|p2a: Sideliner|Garganacl, M|100\/100\n|turn|1\n|\n|t:|1699823798\n|move|p2a: Sideliner|Salt Cure|p1a: Garganacl\n|-damage|p1a: Garganacl|92\/100\n|-start|p1a: Garganacl|Salt Cure\n|move|p1a: Garganacl|Earthquake|p2a: Sideliner\n|-supereffective|p2a: Sideliner\n|-damage|p2a: Sideliner|67\/100\n|\n|-heal|p2a: Sideliner|74\/100|[from] item: Leftovers\n|-damage|p1a: Garganacl|79\/100|[from] Salt Cure\n|upkeep\n|turn|2\n|\n|t:|1699823809\n|move|p1a: Garganacl|Salt Cure|p2a: Sideliner\n|-damage|p2a: Sideliner|65\/100\n|-start|p2a: Sideliner|Salt Cure\n|move|p2a: Sideliner|Stealth Rock|p1a: Garganacl\n|-sidestart|p1: Kakashihatake101|move: Stealth Rock\n|\n|-heal|p2a: Sideliner|71\/100|[from] item: Leftovers\n|-damage|p1a: Garganacl|67\/100|[from] Salt Cure\n|-damage|p2a: Sideliner|58\/100|[from] Salt Cure\n|upkeep\n|turn|3\n|\n|t:|1699823818\n|move|p2a: Sideliner|Recover|p2a: Sideliner\n|-heal|p2a: Sideliner|100\/100\n|move|p1a: Garganacl|Body Press|p2a: Sideliner\n|-supereffective|p2a: Sideliner\n|-damage|p2a: Sideliner|70\/100\n|\n|-heal|p2a: Sideliner|76\/100|[from] item: Leftovers\n|-damage|p2a: Sideliner|64\/100|[from] Salt Cure\n|-damage|p1a: Garganacl|54\/100|[from] Salt Cure\n|upkeep\n|turn|4\n|\n|t:|1699823829\n|switch|p1a: Skarmory|Skarmory, M|100\/100\n|-damage|p1a: Skarmory|88\/100|[from] Stealth Rock\n|switch|p2a: Partner in Crime|Gliscor, F|100\/100\n|\n|-status|p2a: Partner in Crime|tox|[from] item: Toxic Orb\n|upkeep\n|turn|5\n|\n|t:|1699823838\n|move|p2a: Partner in Crime|Knock Off|p1a: Skarmory\n|-damage|p1a: Skarmory|75\/100\n|-damage|p2a: Partner in Crime|84\/100 tox|[from] item: Rocky Helmet|[of] p1a: Skarmory\n|-enditem|p1a: Skarmory|Rocky Helmet|[from] move: Knock Off|[of] p2a: Partner in Crime\n|move|p1a: Skarmory|Defog|p2a: Partner in Crime\n|-unboost|p2a: Partner in Crime|evasion|1\n|-sideend|p1: Kakashihatake101|Stealth Rock|[from] move: Defog|[of] p1a: Skarmory\n|\n|-heal|p2a: Partner in Crime|96\/100 tox|[from] ability: Poison Heal\n|upkeep\n|turn|6\n|\n|t:|1699823851\n|switch|p2a: Sideliner|Garganacl, M|64\/100\n|move|p1a: Skarmory|Stealth Rock|p2a: Sideliner\n|-sidestart|p2: Ryan&Ditto|move: Stealth Rock\n|\n|-heal|p2a: Sideliner|70\/100|[from] item: Leftovers\n|upkeep\n|turn|7\n|\n|t:|1699823862\n|-terastallize|p1a: Skarmory|Fighting\n|move|p1a: Skarmory|Body Press|p2a: Sideliner\n|-supereffective|p2a: Sideliner\n|-damage|p2a: Sideliner|0 fnt\n|faint|p2a: Sideliner\n|\n|upkeep\n|\n|t:|1699823900\n|switch|p2a: War Criminal|Sneasler, F|100\/100\n|-damage|p2a: War Criminal|95\/100|[from] Stealth Rock\n|-item|p2a: War Criminal|Air Balloon\n|turn|8\n|c|\u2606Kakashihatake101|Oh shit it did i just noticed that\n|\n|t:|1699823907\n|-terastallize|p2a: War Criminal|Flying\n|move|p2a: War Criminal|Swords Dance|p2a: War Criminal\n|-boost|p2a: War Criminal|atk|2\n|move|p1a: Skarmory|Body Press|p2a: War Criminal\n|-resisted|p2a: War Criminal\n|-damage|p2a: War Criminal|56\/100\n|-enditem|p2a: War Criminal|Air Balloon\n|\n|upkeep\n|turn|9\n|\n|t:|1699823918\n|move|p2a: War Criminal|Acrobatics|p1a: Skarmory\n|-supereffective|p1a: Skarmory\n|-damage|p1a: Skarmory|0 fnt\n|faint|p1a: Skarmory\n|\n|upkeep\n|c|\u2606Ryan&Ditto|it looks so cool\n|j| nosh_becausem\n|\n|t:|1699823929\n|switch|p1a: Garganacl|Garganacl, F|54\/100\n|turn|10\n|\n|t:|1699823933\n|move|p2a: War Criminal|Close Combat|p1a: Garganacl\n|-supereffective|p1a: Garganacl\n|-damage|p1a: Garganacl|0 fnt\n|-unboost|p2a: War Criminal|def|1\n|-unboost|p2a: War Criminal|spd|1\n|faint|p1a: Garganacl\n|\n|upkeep\n|c| nosh_becausem|This tour boutta be lit\n|\n|t:|1699823941\n|switch|p1a: Charizard|Charizard, M|100\/100\n|turn|11\n|\n|t:|1699823951\n|detailschange|p1a: Charizard|Charizard-Mega-Y, M\n|-mega|p1a: Charizard|Charizard|Charizardite Y\n|-weather|SunnyDay|[from] ability: Drought|[of] p1a: Charizard\n|move|p2a: War Criminal|Acrobatics|p1a: Charizard\n|-damage|p1a: Charizard|0 fnt\n|faint|p1a: Charizard\n|\n|-weather|SunnyDay|[upkeep]\n|upkeep\n|\n|t:|1699823964\n|switch|p1a: Clefable|Clefable, F|100\/100\n|turn|12\n|\n|t:|1699823969\n|move|p2a: War Criminal|Dire Claw|p1a: Clefable\n|-supereffective|p1a: Clefable\n|-damage|p1a: Clefable|0 fnt\n|faint|p1a: Clefable\n|\n|-weather|SunnyDay|[upkeep]\n|upkeep\n|\n|t:|1699823978\n|switch|p1a: Sneasler|Sneasler, M|100\/100\n|turn|13\n|\n|t:|1699823984\n|move|p2a: War Criminal|Acrobatics|p1a: Sneasler\n|-supereffective|p1a: Sneasler\n|-damage|p1a: Sneasler|0 fnt\n|faint|p1a: Sneasler\n|\n|-weather|SunnyDay|[upkeep]\n|upkeep\n|\n|t:|1699823990\n|switch|p1a: Kommo-o|Kommo-o, F|100\/100\n|turn|14\n|c|\u2606Ryan&Ditto|welp\n|c|\u2606Ryan&Ditto|tera sneasler moment\n|\n|t:|1699823997\n|move|p2a: War Criminal|Acrobatics|p1a: Kommo-o\n|-supereffective|p1a: Kommo-o\n|-crit|p1a: Kommo-o\n|-damage|p1a: Kommo-o|0 fnt\n|faint|p1a: Kommo-o\n|\n|win|Ryan&Ditto\n","uploadtime":1699824005,"views":51,"p1id":"kakashihatake101","p2id":"ryanditto","formatid":"gen9nationaldex","rating":0,"private":0,"password":""}