{"id":"gen9nationaldex-2000258456","p1":"dtimez","p2":"God0fSarcasm","format":"[Gen 9] National Dex","log":"|html|<div class=\"broadcast-blue\"><strong>[Gen 9] National Dex is currently suspecting Sneasler! For information on how to participate check out the <a href=\"https:\/\/www.smogon.com\/forums\/threads\/sv-national-dex-suspect-8-just-dance.3731534\/\">suspect thread<\/a>.<\/strong><\/div>\n|j|\u2606dtimez\n|j|\u2606God0fSarcasm\n|t:|1701178493\n|gametype|singles\n|player|p1|dtimez|lady-gen4|1235\n|player|p2|God0fSarcasm|266|1233\n|teamsize|p1|6\n|teamsize|p2|6\n|gen|9\n|tier|[Gen 9] National Dex\n|rated|\n|rule|HP Percentage Mod: HP is shown in percentages\n|rule|Endless Battle Clause: Forcing endless battles is banned\n|rule|OHKO Clause: OHKO moves are banned\n|rule|Evasion Clause: Evasion abilities, items, and moves are banned\n|rule|Evasion Abilities Clause: Evasion abilities are banned\n|rule|Evasion Items Clause: Evasion items are banned\n|rule|Evasion Moves Clause: Evasion moves are banned\n|rule|Species Clause: Limit one of each Pok\u00e9mon\n|rule|Sleep Clause Mod: Limit one foe put to sleep\n|clearpoke\n|poke|p1|Iron Moth|\n|poke|p1|Scizor, M|\n|poke|p1|Toxapex, F|\n|poke|p1|Heatran, F|\n|poke|p1|Sneasler, F|\n|poke|p1|Tapu Lele|\n|poke|p2|Obstagoon, F|\n|poke|p2|Beedrill, M|\n|poke|p2|Kartana|\n|poke|p2|Aegislash, F|\n|poke|p2|Cryogonal|\n|poke|p2|Regirock|\n|teampreview\n|inactive|Battle timer is ON: inactive players will automatically lose when time's up. (requested by dtimez)\n|\n|t:|1701178517\n|start\n|switch|p1a: Scizor|Scizor, M|100\/100\n|switch|p2a: Kartana|Kartana|100\/100\n|turn|1\n|\n|t:|1701178527\n|move|p1a: Scizor|Bullet Punch|p2a: Kartana\n|-resisted|p2a: Kartana\n|-damage|p2a: Kartana|84\/100\n|move|p2a: Kartana|Sacred Sword|p1a: Scizor\n|-damage|p1a: Scizor|60\/100\n|\n|upkeep\n|turn|2\n|\n|t:|1701178534\n|detailschange|p1a: Scizor|Scizor-Mega, M\n|-mega|p1a: Scizor|Scizor|Scizorite\n|move|p2a: Kartana|Sacred Sword|p1a: Scizor\n|-damage|p1a: Scizor|28\/100\n|move|p1a: Scizor|Swords Dance|p1a: Scizor\n|-boost|p1a: Scizor|atk|2\n|\n|upkeep\n|turn|3\n|\n|t:|1701178540\n|move|p1a: Scizor|Bullet Punch|p2a: Kartana\n|-resisted|p2a: Kartana\n|-crit|p2a: Kartana\n|-damage|p2a: Kartana|19\/100\n|move|p2a: Kartana|Sacred Sword|p1a: Scizor\n|-damage|p1a: Scizor|0 fnt\n|faint|p1a: Scizor\n|-ability|p2a: Kartana|Beast Boost|boost\n|-boost|p2a: Kartana|atk|1\n|\n|upkeep\n|\n|t:|1701178547\n|switch|p1a: Iron Moth|Iron Moth|100\/100\n|turn|4\n|\n|t:|1701178571\n|switch|p2a: Obstagoon|Obstagoon, F|100\/100\n|move|p1a: Iron Moth|Fiery Dance|p2a: Obstagoon\n|-damage|p2a: Obstagoon|59\/100\n|\n|-heal|p2a: Obstagoon|65\/100|[from] item: Leftovers\n|upkeep\n|turn|5\n|\n|t:|1701178581\n|move|p1a: Iron Moth|Dazzling Gleam|p2a: Obstagoon\n|-supereffective|p2a: Obstagoon\n|-crit|p2a: Obstagoon\n|-damage|p2a: Obstagoon|0 fnt\n|faint|p2a: Obstagoon\n|\n|upkeep\n|\n|t:|1701178586\n|switch|p2a: Kartana|Kartana|19\/100\n|turn|6\n|\n|t:|1701178588\n|move|p2a: Kartana|Psycho Cut|p1a: Iron Moth\n|-supereffective|p1a: Iron Moth\n|-damage|p1a: Iron Moth|0 fnt\n|faint|p1a: Iron Moth\n|-end|p1a: Iron Moth|Quark Drive|[silent]\n|-ability|p2a: Kartana|Beast Boost|boost\n|-boost|p2a: Kartana|atk|1\n|\n|upkeep\n|\n|t:|1701178596\n|switch|p1a: Tapu Lele|Tapu Lele|100\/100\n|-fieldstart|move: Psychic Terrain|[from] ability: Psychic Surge|[of] p1a: Tapu Lele\n|turn|7\n|\n|t:|1701178603\n|switch|p2a: Cryogonal|Cryogonal|100\/100\n|move|p1a: Tapu Lele|Hidden Power|p2a: Cryogonal\n|-supereffective|p2a: Cryogonal\n|-damage|p2a: Cryogonal|72\/100\n|\n|upkeep\n|turn|8\n|\n|t:|1701178618\n|switch|p1a: Sneasler|Sneasler, F|100\/100\n|-enditem|p1a: Sneasler|Psychic Seed\n|-boost|p1a: Sneasler|spd|1|[from] item: Psychic Seed\n|move|p2a: Cryogonal|Ice Beam|p1a: Sneasler\n|-damage|p1a: Sneasler|64\/100\n|\n|upkeep\n|turn|9\n|\n|t:|1701178631\n|switch|p2a: Aegislash|Aegislash, F|100\/100\n|move|p1a: Sneasler|Dire Claw|p2a: Aegislash\n|-immune|p2a: Aegislash\n|\n|upkeep\n|turn|10\n|\n|t:|1701178652\n|-terastallize|p1a: Sneasler|Flying\n|move|p1a: Sneasler|Acrobatics|p2a: Aegislash\n|-resisted|p2a: Aegislash\n|-damage|p2a: Aegislash|78\/100\n|-formechange|p2a: Aegislash|Aegislash-Blade||[from] ability: Stance Change\n|move|p2a: Aegislash|Air Slash|p1a: Sneasler\n|-damage|p1a: Sneasler|35\/100\n|\n|upkeep\n|turn|11\n|\n|t:|1701178661\n|switch|p2a: Regirock|Regirock, shiny|100\/100\n|move|p1a: Sneasler|Swords Dance|p1a: Sneasler\n|-boost|p1a: Sneasler|atk|2\n|\n|-fieldend|move: Psychic Terrain\n|upkeep\n|turn|12\n|\n|t:|1701178671\n|-terastallize|p2a: Regirock|Fighting\n|move|p1a: Sneasler|Close Combat|p2a: Regirock\n|-damage|p2a: Regirock|49\/100\n|-unboost|p1a: Sneasler|def|1\n|-unboost|p1a: Sneasler|spd|1\n|-damage|p1a: Sneasler|18\/100|[from] item: Rocky Helmet|[of] p2a: Regirock\n|move|p2a: Regirock|Rock Slide|p1a: Sneasler\n|-supereffective|p1a: Sneasler\n|-damage|p1a: Sneasler|0 fnt\n|faint|p1a: Sneasler\n|\n|upkeep\n|\n|t:|1701178677\n|switch|p1a: Tapu Lele|Tapu Lele|100\/100\n|-fieldstart|move: Psychic Terrain|[from] ability: Psychic Surge|[of] p1a: Tapu Lele\n|turn|13\n|\n|t:|1701178694\n|switch|p2a: Aegislash|Aegislash, F|78\/100\n|move|p1a: Tapu Lele|Psychic|p2a: Aegislash\n|-resisted|p2a: Aegislash\n|-damage|p2a: Aegislash|50\/100\n|\n|upkeep\n|turn|14\n|\n|t:|1701178705\n|move|p1a: Tapu Lele|Psychic|p2a: Aegislash\n|-resisted|p2a: Aegislash\n|-damage|p2a: Aegislash|21\/100\n|-formechange|p2a: Aegislash|Aegislash-Blade||[from] ability: Stance Change\n|move|p2a: Aegislash|Flash Cannon|p1a: Tapu Lele\n|-supereffective|p1a: Tapu Lele\n|-damage|p1a: Tapu Lele|0 fnt\n|faint|p1a: Tapu Lele\n|\n|upkeep\n|\n|t:|1701178711\n|switch|p1a: Heatran|Heatran, F|100\/100\n|-item|p1a: Heatran|Air Balloon\n|turn|15\n|\n|t:|1701178721\n|move|p1a: Heatran|Magma Storm|p2a: Aegislash\n|-supereffective|p2a: Aegislash\n|-damage|p2a: Aegislash|0 fnt\n|faint|p2a: Aegislash\n|\n|upkeep\n|\n|t:|1701178736\n|switch|p2a: Cryogonal|Cryogonal|72\/100\n|turn|16\n|\n|t:|1701178741\n|move|p2a: Cryogonal|Chilling Water|p1a: Heatran\n|-supereffective|p1a: Heatran\n|-damage|p1a: Heatran|81\/100\n|-unboost|p1a: Heatran|atk|1\n|-enditem|p1a: Heatran|Air Balloon\n|move|p1a: Heatran|Magma Storm|p2a: Cryogonal\n|-supereffective|p2a: Cryogonal\n|-damage|p2a: Cryogonal|33\/100\n|-activate|p2a: Cryogonal|move: Magma Storm|[of] p1a: Heatran\n|\n|-damage|p2a: Cryogonal|21\/100|[from] move: Magma Storm|[partiallytrapped]\n|upkeep\n|turn|17\n|\n|t:|1701178751\n|move|p2a: Cryogonal|Chilling Water|p1a: Heatran\n|-supereffective|p1a: Heatran\n|-damage|p1a: Heatran|62\/100\n|-unboost|p1a: Heatran|atk|1\n|move|p1a: Heatran|Stealth Rock|p2a: Cryogonal\n|-sidestart|p2: God0fSarcasm|move: Stealth Rock\n|\n|-damage|p2a: Cryogonal|9\/100|[from] move: Magma Storm|[partiallytrapped]\n|-fieldend|move: Psychic Terrain\n|upkeep\n|turn|18\n|\n|t:|1701178754\n|switch|p1a: Toxapex|Toxapex, F|100\/100\n|move|p2a: Cryogonal|Chilling Water|p1a: Toxapex\n|-resisted|p1a: Toxapex\n|-damage|p1a: Toxapex|94\/100\n|-unboost|p1a: Toxapex|atk|1\n|\n|-end|p2a: Cryogonal|Magma Storm|[partiallytrapped]|[silent]\n|upkeep\n|turn|19\n|\n|t:|1701178760\n|move|p2a: Cryogonal|Freeze-Dry|p1a: Toxapex\n|-supereffective|p1a: Toxapex\n|-damage|p1a: Toxapex|45\/100\n|move|p1a: Toxapex|Scald|p2a: Cryogonal\n|-damage|p2a: Cryogonal|2\/100\n|\n|upkeep\n|turn|20\n|\n|t:|1701178763\n|switch|p1a: Heatran|Heatran, F|62\/100\n|move|p2a: Cryogonal|Freeze-Dry|p1a: Heatran\n|-resisted|p1a: Heatran\n|-damage|p1a: Heatran|57\/100\n|\n|upkeep\n|turn|21\n|\n|t:|1701178771\n|move|p2a: Cryogonal|Chilling Water|p1a: Heatran\n|-supereffective|p1a: Heatran\n|-damage|p1a: Heatran|40\/100\n|-unboost|p1a: Heatran|atk|1\n|move|p1a: Heatran|Magma Storm|p2a: Cryogonal|[miss]\n|-miss|p1a: Heatran|p2a: Cryogonal\n|\n|upkeep\n|turn|22\n|\n|t:|1701178776\n|move|p2a: Cryogonal|Chilling Water|p1a: Heatran\n|-supereffective|p1a: Heatran\n|-damage|p1a: Heatran|21\/100\n|-unboost|p1a: Heatran|atk|1\n|move|p1a: Heatran|Magma Storm|p2a: Cryogonal\n|-supereffective|p2a: Cryogonal\n|-damage|p2a: Cryogonal|0 fnt\n|faint|p2a: Cryogonal\n|\n|upkeep\n|\n|t:|1701178800\n|switch|p2a: Kartana|Kartana|19\/100\n|-damage|p2a: Kartana|12\/100|[from] Stealth Rock\n|turn|23\n|\n|t:|1701178813\n|move|p2a: Kartana|Sacred Sword|p1a: Heatran\n|-supereffective|p1a: Heatran\n|-damage|p1a: Heatran|0 fnt\n|faint|p1a: Heatran\n|-ability|p2a: Kartana|Beast Boost|boost\n|-boost|p2a: Kartana|atk|1\n|\n|upkeep\n|\n|t:|1701178816\n|switch|p1a: Toxapex|Toxapex, F|78\/100\n|turn|24\n|\n|t:|1701178829\n|move|p2a: Kartana|Sacred Sword|p1a: Toxapex\n|-resisted|p1a: Toxapex\n|-damage|p1a: Toxapex|60\/100\n|move|p1a: Toxapex|Scald|p2a: Kartana\n|-resisted|p2a: Kartana\n|-damage|p2a: Kartana|0 fnt\n|faint|p2a: Kartana\n|\n|upkeep\n|\n|t:|1701178838\n|switch|p2a: Regirock|Regirock, shiny, tera:Fighting|49\/100\n|-damage|p2a: Regirock|43\/100|[from] Stealth Rock\n|turn|25\n|\n|t:|1701178844\n|move|p2a: Regirock|Earthquake|p1a: Toxapex\n|-supereffective|p1a: Toxapex\n|-damage|p1a: Toxapex|33\/100\n|move|p1a: Toxapex|Recover|p1a: Toxapex\n|-heal|p1a: Toxapex|83\/100\n|\n|upkeep\n|turn|26\n|\n|t:|1701178849\n|move|p2a: Regirock|Curse|p2a: Regirock\n|-unboost|p2a: Regirock|spe|1\n|-boost|p2a: Regirock|atk|1\n|-boost|p2a: Regirock|def|1\n|move|p1a: Toxapex|Toxic|p2a: Regirock\n|-status|p2a: Regirock|tox\n|\n|-damage|p2a: Regirock|37\/100 tox|[from] psn\n|upkeep\n|turn|27\n|\n|t:|1701178856\n|move|p1a: Toxapex|Haze|p1a: Toxapex\n|-clearallboost\n|move|p2a: Regirock|Earthquake|p1a: Toxapex\n|-supereffective|p1a: Toxapex\n|-damage|p1a: Toxapex|58\/100\n|\n|-damage|p2a: Regirock|25\/100 tox|[from] psn\n|upkeep\n|turn|28\n|\n|t:|1701178864\n|move|p2a: Regirock|Earthquake|p1a: Toxapex\n|-supereffective|p1a: Toxapex\n|-damage|p1a: Toxapex|31\/100\n|move|p1a: Toxapex|Recover|p1a: Toxapex\n|-heal|p1a: Toxapex|81\/100\n|\n|-damage|p2a: Regirock|7\/100 tox|[from] psn\n|upkeep\n|turn|29\n|\n|t:|1701178870\n|move|p2a: Regirock|Earthquake|p1a: Toxapex\n|-supereffective|p1a: Toxapex\n|-damage|p1a: Toxapex|53\/100\n|move|p1a: Toxapex|Recover|p1a: Toxapex\n|-heal|p1a: Toxapex|100\/100\n|\n|-damage|p2a: Regirock|0 fnt|[from] psn\n|faint|p2a: Regirock\n|upkeep\n|\n|t:|1701178873\n|switch|p2a: Beedrill|Beedrill, M|100\/100\n|-damage|p2a: Beedrill|76\/100|[from] Stealth Rock\n|turn|30\n|\n|t:|1701178884\n|detailschange|p2a: Beedrill|Beedrill-Mega, M\n|-mega|p2a: Beedrill|Beedrill|Beedrillite\n|move|p2a: Beedrill|Poison Jab|p1a: Toxapex\n|-resisted|p1a: Toxapex\n|-damage|p1a: Toxapex|80\/100\n|move|p1a: Toxapex|Scald|p2a: Beedrill\n|-damage|p2a: Beedrill|51\/100\n|\n|upkeep\n|turn|31\n|\n|t:|1701178892\n|move|p2a: Beedrill|Pursuit|p1a: Toxapex\n|-damage|p1a: Toxapex|70\/100\n|move|p1a: Toxapex|Scald|p2a: Beedrill\n|-damage|p2a: Beedrill|26\/100\n|-status|p2a: Beedrill|brn\n|\n|-damage|p2a: Beedrill|20\/100 brn|[from] brn\n|upkeep\n|turn|32\n|\n|t:|1701178898\n|move|p2a: Beedrill|Poison Jab|p1a: Toxapex\n|-resisted|p1a: Toxapex\n|-damage|p1a: Toxapex|61\/100\n|move|p1a: Toxapex|Scald|p2a: Beedrill\n|-damage|p2a: Beedrill|0 fnt\n|faint|p2a: Beedrill\n|\n|win|dtimez\n|raw|dtimez's rating: 1262 &rarr; <strong>1285<\/strong><br \/>(+23 for winning)\n|raw|God0fSarcasm's rating: 1233 &rarr; <strong>1210<\/strong><br \/>(-23 for losing)\n|l|\u2606God0fSarcasm\n","uploadtime":1701178912,"views":3,"p1id":"dtimez","p2id":"god0fsarcasm","formatid":"gen9nationaldex","rating":1210,"private":0,"password":""}