{"id":"gen9nationaldex-1998535599","p1":"imbwc","p2":"emeraldeagle21","format":"[Gen 9] National Dex","log":"|html|<div class=\"broadcast-blue\"><strong>[Gen 9] National Dex is currently suspecting Sneasler! For information on how to participate check out the <a href=\"https:\/\/www.smogon.com\/forums\/threads\/sv-national-dex-suspect-8-just-dance.3731534\/\">suspect thread<\/a>.<\/strong><\/div>\n|j|\u2606imbwc\n|j|\u2606emeraldeagle21\n|t:|1700953455\n|gametype|singles\n|player|p1|imbwc|poppy|1209\n|player|p2|emeraldeagle21|ghetsis-gen5bw|1125\n|teamsize|p1|6\n|teamsize|p2|6\n|gen|9\n|tier|[Gen 9] National Dex\n|rated|\n|rule|HP Percentage Mod: HP is shown in percentages\n|rule|Endless Battle Clause: Forcing endless battles is banned\n|rule|OHKO Clause: OHKO moves are banned\n|rule|Evasion Clause: Evasion abilities, items, and moves are banned\n|rule|Evasion Abilities Clause: Evasion abilities are banned\n|rule|Evasion Items Clause: Evasion items are banned\n|rule|Evasion Moves Clause: Evasion moves are banned\n|rule|Species Clause: Limit one of each Pok\u00e9mon\n|rule|Sleep Clause Mod: Limit one foe put to sleep\n|clearpoke\n|poke|p1|Moltres|\n|poke|p1|Necrozma|\n|poke|p1|Zamazenta-*|\n|poke|p1|Zangoose, M|\n|poke|p1|Ribombee, M|\n|poke|p1|Zoroark-Hisui, M|\n|poke|p2|Gallade, M|\n|poke|p2|Gengar, M|\n|poke|p2|Reuniclus, M|\n|poke|p2|Bisharp, M|\n|poke|p2|Inteleon, F|\n|poke|p2|Ursaring, F|\n|teampreview\n|inactive|Battle timer is ON: inactive players will automatically lose when time's up. (requested by emeraldeagle21)\n|j| mistahmerrikuu\n|j| TheStroker\n|j| kung fu pokechu\n|inactive|imbwc has 120 seconds left.\n|inactive|emeraldeagle21 has 120 seconds left.\n|j| less might be more\n|\n|t:|1700953498\n|start\n|switch|p1a: no bee|Ribombee, M|100\/100\n|switch|p2a: Boba Fett|Bisharp, M, shiny|100\/100\n|turn|1\n|j| Lonsol\n|\n|t:|1700953507\n|move|p1a: no bee|Stun Spore|p2a: Boba Fett|[miss]\n|-miss|p1a: no bee|p2a: Boba Fett\n|move|p2a: Boba Fett|Throat Chop|p1a: no bee\n|-resisted|p1a: no bee\n|-damage|p1a: no bee|56\/100\n|\n|upkeep\n|turn|2\n|\n|t:|1700953513\n|move|p1a: no bee|Sticky Web|p2a: Boba Fett\n|-sidestart|p2: emeraldeagle21|move: Sticky Web\n|move|p2a: Boba Fett|Iron Head|p1a: no bee\n|-supereffective|p1a: no bee\n|-damage|p1a: no bee|0 fnt\n|faint|p1a: no bee\n|\n|upkeep\n|\n|t:|1700953523\n|switch|p1a: Miss|Zamazenta|100\/100\n|-ability|p1a: Miss|Dauntless Shield|boost\n|-boost|p1a: Miss|def|1\n|turn|3\n|\n|t:|1700953532\n|move|p1a: Miss|Substitute|p1a: Miss\n|-start|p1a: Miss|Substitute\n|-damage|p1a: Miss|75\/100\n|move|p2a: Boba Fett|Poison Jab|p1a: Miss\n|-activate|p1a: Miss|move: Substitute|[damage]\n|\n|-heal|p1a: Miss|82\/100|[from] item: Leftovers\n|upkeep\n|turn|4\n|\n|t:|1700953539\n|move|p1a: Miss|Iron Defense|p1a: Miss\n|-boost|p1a: Miss|def|2\n|move|p2a: Boba Fett|Poison Jab|p1a: Miss\n|-end|p1a: Miss|Substitute\n|\n|-heal|p1a: Miss|88\/100|[from] item: Leftovers\n|upkeep\n|turn|5\n|\n|t:|1700953548\n|switch|p2a: Yoda|Reuniclus, M|100\/100\n|-activate|p2a: Yoda|move: Sticky Web\n|-unboost|p2a: Yoda|spe|1\n|move|p1a: Miss|Substitute|p1a: Miss\n|-start|p1a: Miss|Substitute\n|-damage|p1a: Miss|63\/100\n|\n|-heal|p1a: Miss|69\/100|[from] item: Leftovers\n|upkeep\n|turn|6\n|\n|t:|1700953558\n|move|p1a: Miss|Iron Defense|p1a: Miss\n|-boost|p1a: Miss|def|2\n|move|p2a: Yoda|Psychic|p1a: Miss\n|-supereffective|p1a: Miss\n|-end|p1a: Miss|Substitute\n|\n|-heal|p1a: Miss|75\/100|[from] item: Leftovers\n|upkeep\n|turn|7\n|j| DeAuTh1511\n|\n|t:|1700953573\n|-terastallize|p1a: Miss|Water\n|move|p1a: Miss|Body Press|p2a: Yoda\n|-resisted|p2a: Yoda\n|-damage|p2a: Yoda|41\/100\n|move|p2a: Yoda|Psychic|p1a: Miss\n|-damage|p1a: Miss|38\/100\n|-unboost|p1a: Miss|spd|1\n|\n|-heal|p1a: Miss|44\/100|[from] item: Leftovers\n|upkeep\n|turn|8\n|\n|t:|1700953586\n|move|p1a: Miss|Body Press|p2a: Yoda\n|-resisted|p2a: Yoda\n|-damage|p2a: Yoda|0 fnt\n|faint|p2a: Yoda\n|\n|-heal|p1a: Miss|50\/100|[from] item: Leftovers\n|upkeep\n|\n|t:|1700953594\n|switch|p2a: Palpatine|Gengar, M|100\/100\n|-activate|p2a: Palpatine|move: Sticky Web\n|-unboost|p2a: Palpatine|spe|1\n|turn|9\n|\n|t:|1700953602\n|move|p1a: Miss|Psychic Fangs|p2a: Palpatine\n|-supereffective|p2a: Palpatine\n|-damage|p2a: Palpatine|15\/100\n|move|p2a: Palpatine|Thunderbolt|p1a: Miss\n|-supereffective|p1a: Miss\n|-damage|p1a: Miss|0 fnt\n|faint|p1a: Miss\n|\n|upkeep\n|\n|t:|1700953609\n|switch|p1a: champ|Zangoose, M|100\/100\n|turn|10\n|\n|t:|1700953612\n|move|p1a: champ|Knock Off|p2a: Palpatine\n|-supereffective|p2a: Palpatine\n|-damage|p2a: Palpatine|0 fnt\n|-enditem|p2a: Palpatine|Choice Specs|[from] move: Knock Off|[of] p1a: champ\n|faint|p2a: Palpatine\n|\n|-status|p1a: champ|tox|[from] item: Toxic Orb\n|upkeep\n|\n|t:|1700953627\n|switch|p2a: Chewbacca|Ursaring, F|100\/100\n|-activate|p2a: Chewbacca|move: Sticky Web\n|-unboost|p2a: Chewbacca|spe|1\n|turn|11\n|\n|t:|1700953634\n|move|p1a: champ|Facade|p2a: Chewbacca\n|-damage|p2a: Chewbacca|0 fnt\n|faint|p2a: Chewbacca\n|\n|-damage|p1a: champ|95\/100 tox|[from] psn\n|upkeep\n|l|\u2606emeraldeagle21\n|inactive|emeraldeagle21 disconnected and has a minute to reconnect!\n|player|p2|\n|inactive|emeraldeagle21 has 30 seconds to reconnect!\n|inactive|emeraldeagle21 has 20 seconds to reconnect!\n|inactive|emeraldeagle21 has 15 seconds to reconnect!\n|inactive|emeraldeagle21 has 10 seconds to reconnect!\n|inactive|emeraldeagle21 has 5 seconds to reconnect!\n|-message|emeraldeagle21 lost due to inactivity.\n|\n|win|imbwc\n|raw|imbwc's rating: 1209 &rarr; <strong>1228<\/strong><br \/>(+19 for winning)\n|raw|emeraldeagle21's rating: 1125 &rarr; <strong>1106<\/strong><br \/>(-19 for losing)\n|l| DeAuTh1511\n","uploadtime":1700953709,"views":1,"p1id":"imbwc","p2id":"emeraldeagle21","formatid":"gen9nationaldex","rating":1106,"private":0,"password":""}