{"id":"gen9nationaldex-2000181310","p1":"Satellarish","p2":"AlakaXand","format":"[Gen 9] National Dex","log":"|html|<div class=\"broadcast-blue\"><strong>[Gen 9] National Dex is currently suspecting Sneasler! For information on how to participate check out the <a href=\"https:\/\/www.smogon.com\/forums\/threads\/sv-national-dex-suspect-8-just-dance.3731534\/\">suspect thread<\/a>.<\/strong><\/div>\n|j|\u2606Satellarish\n|j|\u2606AlakaXand\n|t:|1701168411\n|gametype|singles\n|player|p1|Satellarish|pokemonranger-gen4|1333\n|player|p2|AlakaXand|giovanni|1397\n|teamsize|p1|6\n|teamsize|p2|6\n|gen|9\n|tier|[Gen 9] National Dex\n|rated|\n|rule|HP Percentage Mod: HP is shown in percentages\n|rule|Endless Battle Clause: Forcing endless battles is banned\n|rule|OHKO Clause: OHKO moves are banned\n|rule|Evasion Clause: Evasion abilities, items, and moves are banned\n|rule|Evasion Abilities Clause: Evasion abilities are banned\n|rule|Evasion Items Clause: Evasion items are banned\n|rule|Evasion Moves Clause: Evasion moves are banned\n|rule|Species Clause: Limit one of each Pok\u00e9mon\n|rule|Sleep Clause Mod: Limit one foe put to sleep\n|clearpoke\n|poke|p1|Skeledirge, M|\n|poke|p1|Rotom-Mow|\n|poke|p1|Glimmora, F|\n|poke|p1|Great Tusk|\n|poke|p1|Zarude-Dada|\n|poke|p1|Clodsire, F|\n|poke|p2|Alomomola, F|\n|poke|p2|Mew|\n|poke|p2|Ogerpon-Wellspring, F|\n|poke|p2|Garchomp, M|\n|poke|p2|Volcarona, M|\n|poke|p2|Rillaboom, F|\n|teampreview\n|\n|t:|1701168420\n|start\n|switch|p1a: Zarude|Zarude-Dada|100\/100\n|switch|p2a: Undercooked|Mew|100\/100\n|turn|1\n|\n|t:|1701168431\n|move|p2a: Undercooked|Tailwind|p2a: Undercooked\n|-sidestart|p2: AlakaXand|move: Tailwind\n|move|p1a: Zarude|Crunch|p2a: Undercooked\n|-supereffective|p2a: Undercooked\n|-damage|p2a: Undercooked|32\/100\n|-enditem|p2a: Undercooked|Eject Button\n|\n|t:|1701168442\n|switch|p2a: Garchomp|Garchomp, M|100\/100\n|\n|upkeep\n|turn|2\n|\n|t:|1701168462\n|switch|p1a: Rotom|Rotom-Mow|100\/100\n|detailschange|p2a: Garchomp|Garchomp-Mega, M\n|-mega|p2a: Garchomp|Garchomp|Garchompite\n|move|p2a: Garchomp|Swords Dance|p2a: Garchomp\n|-boost|p2a: Garchomp|atk|2\n|\n|upkeep\n|turn|3\n|\n|t:|1701168480\n|move|p2a: Garchomp|Scale Shot|p1a: Rotom\n|-damage|p1a: Rotom|59\/100\n|-damage|p1a: Rotom|19\/100\n|-hitcount|p1a: Rotom|2\n|-unboost|p2a: Garchomp|def|1\n|-boost|p2a: Garchomp|spe|1\n|move|p1a: Rotom|Will-O-Wisp|p2a: Garchomp|[miss]\n|-miss|p1a: Rotom|p2a: Garchomp\n|\n|upkeep\n|turn|4\n|\n|t:|1701168490\n|move|p2a: Garchomp|Scale Shot|p1a: Rotom\n|-damage|p1a: Rotom|0 fnt\n|faint|p1a: Rotom\n|-hitcount|p1: Rotom|1\n|-unboost|p2a: Garchomp|def|1\n|-boost|p2a: Garchomp|spe|1\n|\n|-sideend|p2: AlakaXand|move: Tailwind\n|upkeep\n|\n|t:|1701168499\n|switch|p1a: Clodsire|Clodsire, F|100\/100\n|turn|5\n|\n|t:|1701168504\n|move|p2a: Garchomp|Earthquake|p1a: Clodsire\n|-supereffective|p1a: Clodsire\n|-damage|p1a: Clodsire|6\/100\n|move|p1a: Clodsire|Counter|p2a: Garchomp\n|-damage|p2a: Garchomp|0 fnt\n|faint|p2a: Garchomp\n|\n|-heal|p1a: Clodsire|12\/100|[from] item: Black Sludge\n|upkeep\n|\n|t:|1701168522\n|switch|p2a: Ogerpon|Ogerpon-Wellspring, F|100\/100\n|turn|6\n|\n|t:|1701168537\n|move|p2a: Ogerpon|Horn Leech|p1a: Clodsire\n|-damage|p1a: Clodsire|0 fnt\n|faint|p1a: Clodsire\n|\n|upkeep\n|\n|t:|1701168543\n|switch|p1a: Glimmora|Glimmora, F|100\/100\n|turn|7\n|\n|t:|1701168554\n|-terastallize|p2a: Ogerpon|Water\n|detailschange|p2a: Ogerpon|Ogerpon-Wellspring-Tera, F, tera:Water\n|-ability|p2a: Ogerpon|Embody Aspect (Wellspring)|boost\n|-boost|p2a: Ogerpon|spd|1\n|move|p1a: Glimmora|Sludge Wave|p2a: Ogerpon\n|-damage|p2a: Ogerpon|62\/100\n|move|p2a: Ogerpon|Ivy Cudgel|p1a: Glimmora|[anim] Ivy Cudgel Water\n|-supereffective|p1a: Glimmora\n|-damage|p1a: Glimmora|0 fnt\n|-activate|p1a: Glimmora|ability: Toxic Debris\n|-sidestart|p2: AlakaXand|move: Toxic Spikes\n|faint|p1a: Glimmora\n|\n|upkeep\n|\n|t:|1701168570\n|switch|p1a: Zarude|Zarude-Dada|100\/100\n|turn|8\n|\n|t:|1701168580\n|switch|p2a: Undercooked|Mew|32\/100\n|-status|p2a: Undercooked|psn\n|move|p1a: Zarude|Bulk Up|p1a: Zarude\n|-boost|p1a: Zarude|atk|1\n|-boost|p1a: Zarude|def|1\n|\n|-damage|p2a: Undercooked|20\/100 psn|[from] psn\n|upkeep\n|turn|9\n|\n|t:|1701168590\n|move|p2a: Undercooked|Encore|p1a: Zarude\n|-start|p1a: Zarude|Encore\n|move|p1a: Zarude|Bulk Up|p1a: Zarude\n|-boost|p1a: Zarude|atk|1\n|-boost|p1a: Zarude|def|1\n|\n|-damage|p2a: Undercooked|7\/100 psn|[from] psn\n|upkeep\n|turn|10\n|\n|t:|1701168603\n|switch|p2a: Volcarona|Volcarona, M|100\/100\n|-terastallize|p1a: Zarude|Poison\n|move|p1a: Zarude|Bulk Up|p1a: Zarude\n|-boost|p1a: Zarude|atk|1\n|-boost|p1a: Zarude|def|1\n|\n|upkeep\n|turn|11\n|\n|t:|1701168613\n|move|p2a: Volcarona|Quiver Dance|p2a: Volcarona\n|-boost|p2a: Volcarona|spa|1\n|-boost|p2a: Volcarona|spd|1\n|-boost|p2a: Volcarona|spe|1\n|move|p1a: Zarude|Bulk Up|p1a: Zarude\n|-boost|p1a: Zarude|atk|1\n|-boost|p1a: Zarude|def|1\n|\n|-end|p1a: Zarude|Encore\n|upkeep\n|turn|12\n|\n|t:|1701168633\n|move|p2a: Volcarona|Flamethrower|p1a: Zarude\n|-damage|p1a: Zarude|57\/100\n|move|p1a: Zarude|Crunch|p2a: Volcarona\n|-damage|p2a: Volcarona|0 fnt\n|faint|p2a: Volcarona\n|\n|-heal|p1a: Zarude|63\/100|[from] item: Leftovers\n|upkeep\n|\n|t:|1701168645\n|switch|p2a: Alomomola|Alomomola, F|100\/100\n|-status|p2a: Alomomola|psn\n|turn|13\n|\n|t:|1701168651\n|move|p1a: Zarude|Power Whip|p2a: Alomomola\n|-supereffective|p2a: Alomomola\n|-damage|p2a: Alomomola|0 fnt\n|faint|p2a: Alomomola\n|\n|-heal|p1a: Zarude|69\/100|[from] item: Leftovers\n|upkeep\n|\n|t:|1701168659\n|switch|p2a: Rillaboom|Rillaboom, F|100\/100\n|-status|p2a: Rillaboom|psn\n|-fieldstart|move: Grassy Terrain|[from] ability: Grassy Surge|[of] p2a: Rillaboom\n|turn|14\n|\n|t:|1701168665\n|move|p1a: Zarude|Crunch|p2a: Rillaboom\n|-damage|p2a: Rillaboom|0 fnt\n|faint|p2a: Rillaboom\n|\n|-heal|p1a: Zarude|75\/100|[from] Grassy Terrain\n|-heal|p1a: Zarude|81\/100|[from] item: Leftovers\n|upkeep\n|-message|AlakaXand forfeited.\n|\n|win|Satellarish\n|raw|Satellarish's rating: 1333 &rarr; <strong>1357<\/strong><br \/>(+24 for winning)\n|raw|AlakaXand's rating: 1397 &rarr; <strong>1373<\/strong><br \/>(-24 for losing)\n|l|\u2606AlakaXand\n","uploadtime":1701168677,"views":1,"p1id":"satellarish","p2id":"alakaxand","formatid":"gen9nationaldex","rating":1357,"private":0,"password":""}