{"id":"gen9nationaldex-1993773564","p1":"fatlumpofpoop","p2":"QuarkDragon","format":"[Gen 9] National Dex","log":"|j|\u2606fatlumpofpoop\n|j|\u2606QuarkDragon\n|t:|1700355579\n|gametype|singles\n|player|p1|fatlumpofpoop|102|1208\n|player|p2|QuarkDragon|2|1269\n|teamsize|p1|6\n|teamsize|p2|6\n|gen|9\n|tier|[Gen 9] National Dex\n|rated|\n|rule|HP Percentage Mod: HP is shown in percentages\n|rule|Endless Battle Clause: Forcing endless battles is banned\n|rule|OHKO Clause: OHKO moves are banned\n|rule|Evasion Clause: Evasion abilities, items, and moves are banned\n|rule|Evasion Abilities Clause: Evasion abilities are banned\n|rule|Evasion Items Clause: Evasion items are banned\n|rule|Evasion Moves Clause: Evasion moves are banned\n|rule|Species Clause: Limit one of each Pok\u00e9mon\n|rule|Sleep Clause Mod: Limit one foe put to sleep\n|clearpoke\n|poke|p1|Scizor, M|\n|poke|p1|Heatran, F|\n|poke|p1|Gliscor, F|\n|poke|p1|Rotom-Wash|\n|poke|p1|Ambipom, M|\n|poke|p1|Goodra-Hisui, F|\n|poke|p2|Kommo-o, M|\n|poke|p2|Scizor, M|\n|poke|p2|Landorus-Therian, M|\n|poke|p2|Tapu Lele|\n|poke|p2|Zapdos|\n|poke|p2|Glimmora, M|\n|teampreview\n|inactive|Battle timer is ON: inactive players will automatically lose when time's up. (requested by fatlumpofpoop)\n|\n|t:|1700355595\n|start\n|switch|p1a: Toad|Heatran, F|100\/100\n|switch|p2a: Scizor|Scizor, M, shiny|100\/100\n|turn|1\n|\n|t:|1700355607\n|switch|p2a: Landorus|Landorus-Therian, M, shiny|100\/100\n|-ability|p2a: Landorus|Intimidate|boost\n|-unboost|p1a: Toad|atk|1\n|move|p1a: Toad|Magma Storm|p2a: Landorus\n|-damage|p2a: Landorus|64\/100\n|-activate|p2a: Landorus|move: Magma Storm|[of] p1a: Toad\n|\n|-damage|p2a: Landorus|51\/100|[from] move: Magma Storm|[partiallytrapped]\n|upkeep\n|turn|2\n|\n|t:|1700355616\n|switch|p1a: Vampire|Gliscor, F|100\/100\n|move|p2a: Landorus|Earthquake|p1a: Vampire\n|-immune|p1a: Vampire\n|\n|-end|p2a: Landorus|Magma Storm|[partiallytrapped]|[silent]\n|-status|p1a: Vampire|tox|[from] item: Toxic Orb\n|upkeep\n|turn|3\n|\n|t:|1700355624\n|switch|p2a: Scizor|Scizor, M, shiny|100\/100\n|move|p1a: Vampire|Stealth Rock|p2a: Scizor\n|-sidestart|p2: QuarkDragon|move: Stealth Rock\n|\n|upkeep\n|turn|4\n|\n|t:|1700355629\n|detailschange|p2a: Scizor|Scizor-Mega, M, shiny\n|-mega|p2a: Scizor|Scizor|Scizorite\n|move|p1a: Vampire|Taunt|p2a: Scizor\n|-start|p2a: Scizor|move: Taunt\n|move|p2a: Scizor|U-turn|p1a: Vampire\n|-resisted|p1a: Vampire\n|-damage|p1a: Vampire|82\/100 tox\n|\n|t:|1700355645\n|switch|p2a: Zapdos|Zapdos, shiny|100\/100|[from] U-turn\n|\n|-heal|p1a: Vampire|94\/100 tox|[from] ability: Poison Heal\n|upkeep\n|turn|5\n|\n|t:|1700355652\n|move|p1a: Vampire|Knock Off|p2a: Zapdos\n|-damage|p2a: Zapdos|84\/100\n|-enditem|p2a: Zapdos|Heavy-Duty Boots|[from] move: Knock Off|[of] p1a: Vampire\n|move|p2a: Zapdos|Defog|p1a: Vampire\n|-unboost|p1a: Vampire|evasion|1\n|-sideend|p2: QuarkDragon|Stealth Rock|[from] move: Defog|[of] p2a: Zapdos\n|\n|-heal|p1a: Vampire|100\/100 tox|[from] ability: Poison Heal\n|upkeep\n|turn|6\n|\n|t:|1700355671\n|switch|p2a: Kommo-o|Kommo-o, M, shiny|100\/100\n|move|p1a: Vampire|Taunt|p2a: Kommo-o\n|-start|p2a: Kommo-o|move: Taunt\n|\n|upkeep\n|turn|7\n|\n|t:|1700355677\n|move|p1a: Vampire|Stealth Rock|p2a: Kommo-o\n|-sidestart|p2: QuarkDragon|move: Stealth Rock\n|-zpower|p2a: Kommo-o\n|move|p2a: Kommo-o|Clangorous Soulblaze|p1a: Vampire|[zeffect]\n|-damage|p1a: Vampire|0 fnt\n|faint|p1a: Vampire\n|-boost|p2a: Kommo-o|atk|1\n|-boost|p2a: Kommo-o|def|1\n|-boost|p2a: Kommo-o|spa|1\n|-boost|p2a: Kommo-o|spd|1\n|-boost|p2a: Kommo-o|spe|1\n|\n|upkeep\n|\n|t:|1700355691\n|switch|p1a: Antisocial Club|Goodra-Hisui, F|100\/100\n|turn|8\n|\n|t:|1700355697\n|move|p2a: Kommo-o|Clanging Scales|p1a: Antisocial Club\n|-damage|p1a: Antisocial Club|75\/100\n|-unboost|p2a: Kommo-o|def|1\n|move|p1a: Antisocial Club|Dragon Tail|p2a: Kommo-o\n|-supereffective|p2a: Kommo-o\n|-damage|p2a: Kommo-o|59\/100\n|drag|p2a: Tapu Lele|Tapu Lele, shiny|100\/100\n|-damage|p2a: Tapu Lele|88\/100|[from] Stealth Rock\n|-fieldstart|move: Psychic Terrain|[from] ability: Psychic Surge|[of] p2a: Tapu Lele\n|\n|upkeep\n|turn|9\n|\n|t:|1700355710\n|move|p2a: Tapu Lele|Moonblast|p1a: Antisocial Club\n|-damage|p1a: Antisocial Club|52\/100\n|move|p1a: Antisocial Club|Knock Off|p2a: Tapu Lele\n|-damage|p2a: Tapu Lele|53\/100\n|-enditem|p2a: Tapu Lele|Choice Specs|[from] move: Knock Off|[of] p1a: Antisocial Club\n|\n|upkeep\n|turn|10\n|\n|t:|1700355721\n|switch|p2a: Landorus|Landorus-Therian, M, shiny|51\/100\n|-damage|p2a: Landorus|39\/100|[from] Stealth Rock\n|-ability|p2a: Landorus|Intimidate|boost\n|-unboost|p1a: Antisocial Club|atk|1\n|switch|p1a: Rolex|Scizor, M|100\/100\n|\n|upkeep\n|turn|11\n|\n|t:|1700355732\n|switch|p2a: Zapdos|Zapdos, shiny|84\/100\n|-damage|p2a: Zapdos|59\/100|[from] Stealth Rock\n|detailschange|p1a: Rolex|Scizor-Mega, M\n|-mega|p1a: Rolex|Scizor|Scizorite\n|move|p1a: Rolex|Swords Dance|p1a: Rolex\n|-boost|p1a: Rolex|atk|2\n|\n|upkeep\n|turn|12\n|\n|t:|1700355747\n|switch|p1a: Toad|Heatran, F|100\/100\n|move|p2a: Zapdos|Defog|p1a: Toad\n|-unboost|p1a: Toad|evasion|1\n|-sideend|p2: QuarkDragon|Stealth Rock|[from] move: Defog|[of] p2a: Zapdos\n|-fieldend|move: Psychic Terrain\n|\n|upkeep\n|turn|13\n|\n|t:|1700355754\n|move|p2a: Zapdos|Volt Switch|p1a: Toad\n|-damage|p1a: Toad|78\/100\n|\n|t:|1700355757\n|switch|p2a: Landorus|Landorus-Therian, M, shiny|39\/100|[from] Volt Switch\n|-ability|p2a: Landorus|Intimidate|boost\n|-unboost|p1a: Toad|atk|1\n|move|p1a: Toad|Magma Storm|p2a: Landorus\n|-damage|p2a: Landorus|0 fnt\n|faint|p2a: Landorus\n|\n|-heal|p1a: Toad|84\/100|[from] item: Leftovers\n|upkeep\n|inactive|QuarkDragon has 120 seconds left.\n|\n|t:|1700355791\n|switch|p2a: Glimmora|Glimmora, M, shiny|100\/100\n|turn|14\n|\n|t:|1700355794\n|move|p2a: Glimmora|Stealth Rock|p1a: Toad\n|-sidestart|p1: fatlumpofpoop|move: Stealth Rock\n|move|p1a: Toad|Earth Power|p2a: Glimmora\n|-supereffective|p2a: Glimmora\n|-crit|p2a: Glimmora\n|-enditem|p2a: Glimmora|Focus Sash\n|-damage|p2a: Glimmora|1\/100\n|\n|-heal|p1a: Toad|90\/100|[from] item: Leftovers\n|upkeep\n|turn|15\n|\n|t:|1700355810\n|move|p2a: Glimmora|Memento|p1a: Toad\n|-unboost|p1a: Toad|atk|2\n|-unboost|p1a: Toad|spa|2\n|faint|p2a: Glimmora\n|move|p1a: Toad|Tera Blast|p2: Glimmora|[notarget]\n|-fail|p1a: Toad\n|\n|-heal|p1a: Toad|97\/100|[from] item: Leftovers\n|upkeep\n|\n|t:|1700355827\n|switch|p2a: Tapu Lele|Tapu Lele, shiny|53\/100\n|-fieldstart|move: Psychic Terrain|[from] ability: Psychic Surge|[of] p2a: Tapu Lele\n|turn|16\n|\n|t:|1700355855\n|switch|p1a: Terminator|Rotom-Wash|100\/100\n|-damage|p1a: Terminator|88\/100|[from] Stealth Rock\n|-terastallize|p2a: Tapu Lele|Psychic\n|move|p2a: Tapu Lele|Psychic|p1a: Terminator\n|-damage|p1a: Terminator|0 fnt\n|faint|p1a: Terminator\n|\n|upkeep\n|inactive|fatlumpofpoop has 120 seconds left.\n|\n|t:|1700355871\n|switch|p1a: Rolex|Scizor-Mega, M|100\/100\n|-damage|p1a: Rolex|88\/100|[from] Stealth Rock\n|turn|17\n|\n|t:|1700355875\n|move|p2a: Tapu Lele|Hidden Power|p1a: Rolex\n|-supereffective|p1a: Rolex\n|-damage|p1a: Rolex|2\/100\n|move|p1a: Rolex|Pursuit|p2a: Tapu Lele\n|-supereffective|p2a: Tapu Lele\n|-damage|p2a: Tapu Lele|0 fnt\n|faint|p2a: Tapu Lele\n|\n|upkeep\n|\n|t:|1700355883\n|switch|p2a: Scizor|Scizor-Mega, M, shiny|100\/100\n|turn|18\n|\n|t:|1700355888\n|move|p2a: Scizor|U-turn|p1a: Rolex\n|-resisted|p1a: Rolex\n|-damage|p1a: Rolex|0 fnt\n|faint|p1a: Rolex\n|\n|t:|1700355892\n|switch|p2a: Zapdos|Zapdos, shiny|59\/100|[from] U-turn\n|\n|upkeep\n|\n|t:|1700355897\n|switch|p1a: Antisocial Club|Goodra-Hisui, F|52\/100\n|-damage|p1a: Antisocial Club|46\/100|[from] Stealth Rock\n|turn|19\n|\n|t:|1700355908\n|move|p2a: Zapdos|Roost|p2a: Zapdos\n|-heal|p2a: Zapdos|100\/100\n|-singleturn|p2a: Zapdos|move: Roost\n|move|p1a: Antisocial Club|Draco Meteor|p2a: Zapdos|[miss]\n|-miss|p1a: Antisocial Club|p2a: Zapdos\n|\n|upkeep\n|turn|20\n|\n|t:|1700355927\n|move|p2a: Zapdos|Volt Switch|p1a: Antisocial Club\n|-resisted|p1a: Antisocial Club\n|-damage|p1a: Antisocial Club|40\/100\n|\n|t:|1700355929\n|switch|p2a: Scizor|Scizor-Mega, M, shiny|100\/100|[from] Volt Switch\n|move|p1a: Antisocial Club|Draco Meteor|p2a: Scizor\n|-resisted|p2a: Scizor\n|-damage|p2a: Scizor|70\/100\n|-unboost|p1a: Antisocial Club|spa|2\n|\n|-fieldend|move: Psychic Terrain\n|upkeep\n|turn|21\n|\n|t:|1700355938\n|move|p2a: Scizor|Swords Dance|p2a: Scizor\n|-boost|p2a: Scizor|atk|2\n|move|p1a: Antisocial Club|Dragon Tail|p2a: Scizor\n|-resisted|p2a: Scizor\n|-crit|p2a: Scizor\n|-damage|p2a: Scizor|58\/100\n|drag|p2a: Kommo-o|Kommo-o, M, shiny|59\/100\n|\n|upkeep\n|turn|22\n|\n|t:|1700355950\n|switch|p2a: Zapdos|Zapdos, shiny|100\/100\n|move|p1a: Antisocial Club|Dragon Tail|p2a: Zapdos\n|-damage|p2a: Zapdos|86\/100\n|drag|p2a: Kommo-o|Kommo-o, M, shiny|59\/100\n|\n|upkeep\n|turn|23\n|\n|t:|1700355956\n|switch|p2a: Zapdos|Zapdos, shiny|86\/100\n|move|p1a: Antisocial Club|Dragon Tail|p2a: Zapdos\n|-damage|p2a: Zapdos|71\/100\n|drag|p2a: Scizor|Scizor-Mega, M, shiny|58\/100\n|\n|upkeep\n|turn|24\n|\n|t:|1700355962\n|move|p2a: Scizor|Roost|p2a: Scizor\n|-heal|p2a: Scizor|100\/100\n|-singleturn|p2a: Scizor|move: Roost\n|move|p1a: Antisocial Club|Dragon Tail|p2a: Scizor\n|-resisted|p2a: Scizor\n|-damage|p2a: Scizor|92\/100\n|drag|p2a: Kommo-o|Kommo-o, M, shiny|59\/100\n|\n|upkeep\n|turn|25\n|\n|t:|1700355971\n|switch|p2a: Zapdos|Zapdos, shiny|71\/100\n|move|p1a: Antisocial Club|Dragon Tail|p2a: Zapdos\n|-damage|p2a: Zapdos|55\/100\n|drag|p2a: Kommo-o|Kommo-o, M, shiny|59\/100\n|\n|upkeep\n|turn|26\n|\n|t:|1700355980\n|switch|p2a: Scizor|Scizor-Mega, M, shiny|92\/100\n|switch|p1a: Toad|Heatran, F|97\/100\n|-damage|p1a: Toad|84\/100|[from] Stealth Rock\n|\n|-heal|p1a: Toad|90\/100|[from] item: Leftovers\n|upkeep\n|turn|27\n|\n|t:|1700355992\n|switch|p2a: Kommo-o|Kommo-o, M, shiny|59\/100\n|move|p1a: Toad|Magma Storm|p2a: Kommo-o\n|-resisted|p2a: Kommo-o\n|-damage|p2a: Kommo-o|27\/100\n|-activate|p2a: Kommo-o|move: Magma Storm|[of] p1a: Toad\n|\n|-heal|p1a: Toad|97\/100|[from] item: Leftovers\n|-damage|p2a: Kommo-o|15\/100|[from] move: Magma Storm|[partiallytrapped]\n|upkeep\n|turn|28\n|\n|t:|1700356004\n|switch|p1a: Antisocial Club|Goodra-Hisui, F|40\/100\n|-damage|p1a: Antisocial Club|34\/100|[from] Stealth Rock\n|move|p2a: Kommo-o|Clanging Scales|p1a: Antisocial Club\n|-damage|p1a: Antisocial Club|15\/100\n|-unboost|p2a: Kommo-o|def|1\n|\n|-end|p2a: Kommo-o|Magma Storm|[partiallytrapped]|[silent]\n|upkeep\n|turn|29\n|\n|t:|1700356014\n|move|p2a: Kommo-o|Clanging Scales|p1a: Antisocial Club\n|-damage|p1a: Antisocial Club|0 fnt\n|faint|p1a: Antisocial Club\n|-unboost|p2a: Kommo-o|def|1\n|\n|upkeep\n|\n|t:|1700356024\n|switch|p1a: Redbutt|Ambipom, M, shiny|100\/100\n|-damage|p1a: Redbutt|88\/100|[from] Stealth Rock\n|turn|30\n|\n|t:|1700356028\n|switch|p2a: Scizor|Scizor-Mega, M, shiny|92\/100\n|move|p1a: Redbutt|Fake Out|p2a: Scizor\n|-resisted|p2a: Scizor\n|-damage|p2a: Scizor|82\/100\n|\n|upkeep\n|turn|31\n|\n|t:|1700356041\n|-terastallize|p1a: Redbutt|Normal\n|move|p1a: Redbutt|Last Resort|p2a: Scizor\n|-resisted|p2a: Scizor\n|-damage|p2a: Scizor|51\/100\n|move|p2a: Scizor|U-turn|p1a: Redbutt\n|-damage|p1a: Redbutt|16\/100\n|\n|t:|1700356048\n|switch|p2a: Zapdos|Zapdos, shiny|55\/100|[from] U-turn\n|\n|upkeep\n|turn|32\n|\n|t:|1700356051\n|move|p1a: Redbutt|Last Resort|p2a: Zapdos\n|-damage|p2a: Zapdos|0 fnt\n|faint|p2a: Zapdos\n|\n|upkeep\n|\n|t:|1700356055\n|switch|p2a: Scizor|Scizor-Mega, M, shiny|51\/100\n|turn|33\n|\n|t:|1700356060\n|move|p2a: Scizor|Bullet Punch|p1a: Redbutt\n|-damage|p1a: Redbutt|0 fnt\n|faint|p1a: Redbutt\n|\n|upkeep\n|\n|t:|1700356065\n|switch|p1a: Toad|Heatran, F|97\/100\n|-damage|p1a: Toad|84\/100|[from] Stealth Rock\n|turn|34\n|\n|t:|1700356076\n|move|p1a: Toad|Magma Storm|p2a: Scizor|[miss]\n|-miss|p1a: Toad|p2a: Scizor\n|move|p2a: Scizor|Swords Dance|p2a: Scizor\n|-boost|p2a: Scizor|atk|2\n|\n|-heal|p1a: Toad|90\/100|[from] item: Leftovers\n|upkeep\n|turn|35\n|\n|t:|1700356084\n|move|p2a: Scizor|Bullet Punch|p1a: Toad\n|-resisted|p1a: Toad\n|-damage|p1a: Toad|73\/100\n|move|p1a: Toad|Magma Storm|p2a: Scizor\n|-supereffective|p2a: Scizor\n|-damage|p2a: Scizor|0 fnt\n|faint|p2a: Scizor\n|\n|-heal|p1a: Toad|80\/100|[from] item: Leftovers\n|upkeep\n|\n|t:|1700356087\n|switch|p2a: Kommo-o|Kommo-o, M, shiny|15\/100\n|turn|36\n|\n|t:|1700356093\n|move|p2a: Kommo-o|Clanging Scales|p1a: Toad\n|-resisted|p1a: Toad\n|-damage|p1a: Toad|57\/100\n|-unboost|p2a: Kommo-o|def|1\n|move|p1a: Toad|Earth Power|p2a: Kommo-o\n|-damage|p2a: Kommo-o|0 fnt\n|faint|p2a: Kommo-o\n|\n|win|fatlumpofpoop\n|raw|fatlumpofpoop's rating: 1208 &rarr; <strong>1237<\/strong><br \/>(+29 for winning)\n|raw|QuarkDragon's rating: 1269 &rarr; <strong>1240<\/strong><br \/>(-29 for losing)\n","uploadtime":1700356103,"views":25,"p1id":"fatlumpofpoop","p2id":"quarkdragon","formatid":"gen9nationaldex","rating":1237,"private":0,"password":""}