{"id":"gen9nationaldex-1994523457","p1":"but the government","p2":"How To Beat Lance","format":"[Gen 9] National Dex","log":"|j|\u2606but the government\n|j|\u2606How To Beat Lance\n|t:|1700454305\n|gametype|singles\n|player|p1|but the government|waitress-gen4|1114\n|player|p2|How To Beat Lance|lance|1079\n|teamsize|p1|6\n|teamsize|p2|6\n|gen|9\n|tier|[Gen 9] National Dex\n|rated|\n|rule|HP Percentage Mod: HP is shown in percentages\n|rule|Endless Battle Clause: Forcing endless battles is banned\n|rule|OHKO Clause: OHKO moves are banned\n|rule|Evasion Clause: Evasion abilities, items, and moves are banned\n|rule|Evasion Abilities Clause: Evasion abilities are banned\n|rule|Evasion Items Clause: Evasion items are banned\n|rule|Evasion Moves Clause: Evasion moves are banned\n|rule|Species Clause: Limit one of each Pok\u00e9mon\n|rule|Sleep Clause Mod: Limit one foe put to sleep\n|clearpoke\n|poke|p1|Corviknight, F|\n|poke|p1|Ferrothorn, F|\n|poke|p1|Pinsir, M|\n|poke|p1|Silvally-*|\n|poke|p1|Jellicent, F|\n|poke|p1|Xurkitree|\n|poke|p2|Dragonite, F|\n|poke|p2|Tyrantrum, M|\n|poke|p2|Duraludon, M|\n|poke|p2|Sceptile, F|\n|poke|p2|Dracozolt|\n|poke|p2|Latios, M|\n|teampreview\n|inactive|Battle timer is ON: inactive players will automatically lose when time's up. (requested by but the government)\n|\n|t:|1700454342\n|start\n|switch|p1a: Xurkitree|Xurkitree|100\/100\n|switch|p2a: dianasaur|Tyrantrum, M|100\/100\n|turn|1\n|\n|t:|1700454351\n|-zpower|p1a: Xurkitree\n|move|p1a: Xurkitree|Gigavolt Havoc|p2a: dianasaur|[zeffect]\n|-resisted|p2a: dianasaur\n|-crit|p2a: dianasaur\n|-damage|p2a: dianasaur|0 fnt\n|faint|p2a: dianasaur\n|-ability|p1a: Xurkitree|Beast Boost|boost\n|-boost|p1a: Xurkitree|spa|1\n|\n|upkeep\n|c|\u2606How To Beat Lance|\"I've been waiting for you.but the government! I knew that you, with your skills, would eventually reach me here. There's no need for words now. We will battle to determine who is the stronger of the two of us. As the most powerful trainer and as the Pok\u00e9mon League Champion\u2026 I, Lance the dragon master, accept your challenge!\n|\n|t:|1700454374\n|switch|p2a: Darcozolt|Dracozolt|100\/100\n|turn|2\n|\n|t:|1700454391\n|switch|p1a: Ferrothorn|Ferrothorn, F|100\/100\n|move|p2a: Darcozolt|Earthquake|p1a: Ferrothorn\n|-damage|p1a: Ferrothorn|83\/100\n|\n|upkeep\n|turn|3\n|inactive|but the government has 120 seconds left.\n|\n|t:|1700454437\n|switch|p2a: Sectile-Mega|Sceptile, F|100\/100\n|move|p1a: Ferrothorn|Gyro Ball|p2a: Sectile-Mega\n|-damage|p2a: Sectile-Mega|16\/100\n|\n|upkeep\n|turn|4\n|\n|t:|1700454443\n|detailschange|p2a: Sectile-Mega|Sceptile-Mega, F\n|-mega|p2a: Sectile-Mega|Sceptile|Sceptilite\n|move|p2a: Sectile-Mega|Focus Blast|p1a: Ferrothorn\n|-supereffective|p1a: Ferrothorn\n|-damage|p1a: Ferrothorn|7\/100\n|move|p1a: Ferrothorn|Gyro Ball|p2a: Sectile-Mega\n|-damage|p2a: Sectile-Mega|0 fnt\n|faint|p2a: Sectile-Mega\n|\n|upkeep\n|\n|t:|1700454465\n|switch|p2a: Darcozolt|Dracozolt|100\/100\n|turn|5\n|\n|t:|1700454473\n|move|p1a: Ferrothorn|Protect|p1a: Ferrothorn\n|-singleturn|p1a: Ferrothorn|Protect\n|move|p2a: Darcozolt|Bolt Beak|p1a: Ferrothorn\n|-activate|p1a: Ferrothorn|move: Protect\n|\n|upkeep\n|turn|6\n|inactive|but the government has 120 seconds left.\n|\n|t:|1700454495\n|move|p2a: Darcozolt|Bolt Beak|p1a: Ferrothorn\n|-resisted|p1a: Ferrothorn\n|-damage|p1a: Ferrothorn|0 fnt\n|-damage|p2a: Darcozolt|88\/100|[from] ability: Iron Barbs|[of] p1a: Ferrothorn\n|-damage|p2a: Darcozolt|72\/100|[from] item: Rocky Helmet|[of] p1a: Ferrothorn\n|faint|p1a: Ferrothorn\n|\n|upkeep\n|\n|t:|1700454503\n|switch|p1a: Xurkitree|Xurkitree|100\/100\n|turn|7\n|inactive|but the government has 120 seconds left.\n|\n|t:|1700454510\n|move|p2a: Darcozolt|Bolt Beak|p1a: Xurkitree\n|-resisted|p1a: Xurkitree\n|-damage|p1a: Xurkitree|43\/100\n|move|p1a: Xurkitree|Energy Ball|p2a: Darcozolt\n|-resisted|p2a: Darcozolt\n|-damage|p2a: Darcozolt|43\/100\n|\n|upkeep\n|turn|8\n|\n|t:|1700454517\n|move|p2a: Darcozolt|Bolt Beak|p1a: Xurkitree\n|-resisted|p1a: Xurkitree\n|-damage|p1a: Xurkitree|0 fnt\n|faint|p1a: Xurkitree\n|\n|upkeep\n|\n|t:|1700454522\n|switch|p1a: Pinsir|Pinsir, M|100\/100\n|turn|9\n|\n|t:|1700454536\n|detailschange|p1a: Pinsir|Pinsir-Mega, M\n|-mega|p1a: Pinsir|Pinsir|Pinsirite\n|move|p2a: Darcozolt|Bolt Beak|p1a: Pinsir\n|-supereffective|p1a: Pinsir\n|-damage|p1a: Pinsir|0 fnt\n|faint|p1a: Pinsir\n|\n|upkeep\n|\n|t:|1700454542\n|switch|p1a: Silvally|Silvally-Fire|100\/100\n|turn|10\n|inactive|How To Beat Lance has 120 seconds left.\n|c|\u2606How To Beat Lance|mega evolving your pinsir only made you weaker to bolt beak\n|c|\u2606How To Beat Lance|foolish\n|\n|t:|1700454587\n|move|p2a: Darcozolt|Bolt Beak|p1a: Silvally\n|-damage|p1a: Silvally|20\/100\n|move|p1a: Silvally|Multi-Attack|p2a: Darcozolt\n|-resisted|p2a: Darcozolt\n|-damage|p2a: Darcozolt|12\/100\n|\n|upkeep\n|turn|11\n|c|\u2606but the government|mb\n|\n|t:|1700454596\n|move|p2a: Darcozolt|Bolt Beak|p1a: Silvally\n|-damage|p1a: Silvally|0 fnt\n|faint|p1a: Silvally\n|\n|upkeep\n|\n|t:|1700454602\n|switch|p1a: Corviknight|Corviknight, F|100\/100\n|-ability|p1a: Corviknight|Pressure\n|turn|12\n|\n|t:|1700454607\n|move|p2a: Darcozolt|Bolt Beak|p1a: Corviknight\n|-supereffective|p1a: Corviknight\n|-damage|p1a: Corviknight|10\/100\n|-damage|p2a: Darcozolt|0 fnt|[from] item: Rocky Helmet|[of] p1a: Corviknight\n|faint|p2a: Darcozolt\n|move|p1a: Corviknight|Brave Bird|p2: Darcozolt|[notarget]\n|-fail|p1a: Corviknight\n|\n|upkeep\n|inactive|How To Beat Lance has 120 seconds left.\n|\n|t:|1700454625\n|switch|p2a: Dragapolt|Dragonite, F|100\/100\n|turn|13\n|inactive|How To Beat Lance has 120 seconds left.\n|\n|t:|1700454630\n|move|p2a: Dragapolt|Dragon Dance|p2a: Dragapolt\n|-boost|p2a: Dragapolt|atk|1\n|-boost|p2a: Dragapolt|spe|1\n|move|p1a: Corviknight|Roost|p1a: Corviknight\n|-heal|p1a: Corviknight|60\/100\n|-singleturn|p1a: Corviknight|move: Roost\n|\n|upkeep\n|turn|14\n|\n|t:|1700454637\n|move|p2a: Dragapolt|Dragon Dance|p2a: Dragapolt\n|-boost|p2a: Dragapolt|atk|1\n|-boost|p2a: Dragapolt|spe|1\n|move|p1a: Corviknight|Roost|p1a: Corviknight\n|-heal|p1a: Corviknight|100\/100\n|-singleturn|p1a: Corviknight|move: Roost\n|\n|upkeep\n|turn|15\n|\n|t:|1700454640\n|move|p2a: Dragapolt|Dragon Dance|p2a: Dragapolt\n|-boost|p2a: Dragapolt|atk|1\n|-boost|p2a: Dragapolt|spe|1\n|move|p1a: Corviknight|Brave Bird|p2a: Dragapolt\n|-crit|p2a: Dragapolt\n|-damage|p2a: Dragapolt|72\/100\n|-damage|p1a: Corviknight|93\/100|[from] Recoil\n|\n|upkeep\n|turn|16\n|\n|t:|1700454645\n|move|p2a: Dragapolt|Dragon Claw|p1a: Corviknight\n|-resisted|p1a: Corviknight\n|-damage|p1a: Corviknight|59\/100\n|-damage|p2a: Dragapolt|56\/100|[from] item: Rocky Helmet|[of] p1a: Corviknight\n|move|p1a: Corviknight|Brave Bird|p2a: Dragapolt\n|-damage|p2a: Dragapolt|15\/100\n|-damage|p1a: Corviknight|48\/100|[from] Recoil\n|\n|upkeep\n|turn|17\n|\n|t:|1700454653\n|move|p2a: Dragapolt|Dragon Claw|p1a: Corviknight\n|-resisted|p1a: Corviknight\n|-damage|p1a: Corviknight|14\/100\n|-damage|p2a: Dragapolt|0 fnt|[from] item: Rocky Helmet|[of] p1a: Corviknight\n|faint|p2a: Dragapolt\n|move|p1a: Corviknight|Brave Bird|p2: Dragapolt|[notarget]\n|-fail|p1a: Corviknight\n|\n|upkeep\n|\n|t:|1700454660\n|switch|p2a: funny tower|Duraludon, M|100\/100\n|turn|18\n|\n|t:|1700454666\n|move|p2a: funny tower|Metal Burst||[still]\n|-fail|p2a: funny tower\n|move|p1a: Corviknight|Roost|p1a: Corviknight\n|-heal|p1a: Corviknight|64\/100\n|-singleturn|p1a: Corviknight|move: Roost\n|\n|upkeep\n|turn|19\n|\n|t:|1700454675\n|move|p2a: funny tower|Thunder Wave|p1a: Corviknight\n|-status|p1a: Corviknight|par\n|move|p1a: Corviknight|Roost|p1a: Corviknight\n|-heal|p1a: Corviknight|100\/100 par\n|-singleturn|p1a: Corviknight|move: Roost\n|\n|upkeep\n|turn|20\n|c|\u2606How To Beat Lance|im joking man\n|c|\u2606How To Beat Lance|also\n|c|\u2606but the government|wow\n|c|\u2606How To Beat Lance|i meant to flash cannon\n|c|\u2606but the government|wow\n|c|\u2606but the government|icc\n|\n|t:|1700454704\n|switch|p2a: Latios|Latios, M|100\/100\n|cant|p1a: Corviknight|par\n|\n|upkeep\n|turn|21\n|\n|t:|1700454711\n|move|p2a: Latios|Psychic|p1a: Corviknight\n|-resisted|p1a: Corviknight\n|-damage|p1a: Corviknight|82\/100 par\n|cant|p1a: Corviknight|par\n|\n|upkeep\n|turn|22\n|\n|t:|1700454718\n|move|p2a: Latios|Psychic|p1a: Corviknight\n|-resisted|p1a: Corviknight\n|-damage|p1a: Corviknight|64\/100 par\n|move|p1a: Corviknight|U-turn|p2a: Latios\n|-supereffective|p2a: Latios\n|-damage|p2a: Latios|70\/100\n|\n|t:|1700454723\n|switch|p1a: Jellicent|Jellicent, F|100\/100|[from] U-turn\n|\n|upkeep\n|turn|23\n|c|\u2606How To Beat Lance|i cant really break corvidknight\n|c|\u2606How To Beat Lance|thats gg\n|\n|t:|1700454742\n|-terastallize|p1a: Jellicent|Water\n|move|p2a: Latios|Psychic|p1a: Jellicent\n|-damage|p1a: Jellicent|79\/100\n|-start|p2a: Latios|Disable|Psychic|[from] ability: Cursed Body|[of] p1a: Jellicent\n|move|p1a: Jellicent|Water Spout|p2a: Latios\n|-resisted|p2a: Latios\n|-damage|p2a: Latios|51\/100\n|\n|-heal|p1a: Jellicent|85\/100|[from] item: Leftovers\n|upkeep\n|turn|24\n|\n|t:|1700454758\n|move|p2a: Latios|Draco Meteor|p1a: Jellicent\n|-damage|p1a: Jellicent|49\/100\n|-unboost|p2a: Latios|spa|2\n|move|p1a: Jellicent|Trick Room|p1a: Jellicent\n|-fieldstart|move: Trick Room|[of] p1a: Jellicent\n|\n|-heal|p1a: Jellicent|55\/100|[from] item: Leftovers\n|upkeep\n|turn|25\n|\n|t:|1700454768\n|switch|p2a: funny tower|Duraludon, M|100\/100\n|move|p1a: Jellicent|Water Spout|p2a: funny tower\n|-resisted|p2a: funny tower\n|-damage|p2a: funny tower|74\/100\n|\n|-heal|p1a: Jellicent|62\/100|[from] item: Leftovers\n|upkeep\n|turn|26\n|\n|t:|1700454774\n|move|p1a: Jellicent|Flash|p2a: funny tower\n|-unboost|p2a: funny tower|accuracy|1\n|move|p2a: funny tower|Thunder Wave|p1a: Jellicent|[miss]\n|-miss|p2a: funny tower|p1a: Jellicent\n|\n|-heal|p1a: Jellicent|68\/100|[from] item: Leftovers\n|upkeep\n|turn|27\n|\n|t:|1700454779\n|move|p1a: Jellicent|Flash|p2a: funny tower\n|-unboost|p2a: funny tower|accuracy|1\n|move|p2a: funny tower|Thunder Wave|p1a: Jellicent\n|-status|p1a: Jellicent|par\n|\n|-heal|p1a: Jellicent|74\/100 par|[from] item: Leftovers\n|upkeep\n|turn|28\n|\n|t:|1700454784\n|move|p1a: Jellicent|Taunt|p2a: funny tower\n|-start|p2a: funny tower|move: Taunt\n|cant|p2a: funny tower|move: Taunt|Thunder Wave\n|\n|-heal|p1a: Jellicent|80\/100 par|[from] item: Leftovers\n|-fieldend|move: Trick Room\n|upkeep\n|turn|29\n|\n|t:|1700454792\n|move|p2a: funny tower|Flash Cannon|p1a: Jellicent\n|-resisted|p1a: Jellicent\n|-damage|p1a: Jellicent|71\/100 par\n|-start|p2a: funny tower|Disable|Flash Cannon|[from] ability: Cursed Body|[of] p1a: Jellicent\n|move|p1a: Jellicent|Water Spout|p2a: funny tower\n|-resisted|p2a: funny tower\n|-damage|p2a: funny tower|39\/100\n|\n|-heal|p1a: Jellicent|77\/100 par|[from] item: Leftovers\n|upkeep\n|turn|30\n|\n|t:|1700454800\n|move|p2a: funny tower|Metal Burst||[still]\n|-fail|p2a: funny tower\n|move|p1a: Jellicent|Water Spout|p2a: funny tower\n|-resisted|p2a: funny tower\n|-damage|p2a: funny tower|2\/100\n|\n|-heal|p1a: Jellicent|83\/100 par|[from] item: Leftovers\n|-end|p2a: funny tower|move: Taunt\n|upkeep\n|turn|31\n|\n|t:|1700454809\n|move|p2a: funny tower|Stealth Rock|p1a: Jellicent\n|-sidestart|p1: but the government|move: Stealth Rock\n|move|p1a: Jellicent|Water Spout|p2a: funny tower\n|-resisted|p2a: funny tower\n|-damage|p2a: funny tower|0 fnt\n|faint|p2a: funny tower\n|\n|-heal|p1a: Jellicent|89\/100 par|[from] item: Leftovers\n|upkeep\n|\n|t:|1700454814\n|switch|p2a: Latios|Latios, M|51\/100\n|turn|32\n|\n|t:|1700454821\n|move|p2a: Latios|Psychic|p1a: Jellicent\n|-damage|p1a: Jellicent|68\/100 par\n|-start|p2a: Latios|Disable|Psychic|[from] ability: Cursed Body|[of] p1a: Jellicent\n|move|p1a: Jellicent|Water Spout|p2a: Latios\n|-resisted|p2a: Latios\n|-damage|p2a: Latios|34\/100\n|\n|-heal|p1a: Jellicent|74\/100 par|[from] item: Leftovers\n|upkeep\n|turn|33\n|\n|t:|1700454833\n|move|p2a: Latios|Recover|p2a: Latios\n|-heal|p2a: Latios|84\/100\n|cant|p1a: Jellicent|par\n|\n|-heal|p1a: Jellicent|80\/100 par|[from] item: Leftovers\n|upkeep\n|turn|34\n|\n|t:|1700454846\n|move|p2a: Latios|Recover|p2a: Latios\n|-heal|p2a: Latios|100\/100\n|move|p1a: Jellicent|Taunt|p2a: Latios\n|-start|p2a: Latios|move: Taunt\n|\n|-heal|p1a: Jellicent|87\/100 par|[from] item: Leftovers\n|upkeep\n|turn|35\n|c|\u2606but the government|Ah\n|\n|t:|1700454857\n|-terastallize|p2a: Latios|Dragon\n|move|p2a: Latios|Draco Meteor|p1a: Jellicent\n|-damage|p1a: Jellicent|41\/100 par\n|-unboost|p2a: Latios|spa|2\n|move|p1a: Jellicent|Flash|p2a: Latios\n|-unboost|p2a: Latios|accuracy|1\n|\n|-heal|p1a: Jellicent|47\/100 par|[from] item: Leftovers\n|-end|p2a: Latios|Disable\n|upkeep\n|turn|36\n|c|\u2606How To Beat Lance|gg\n|\n|t:|1700454872\n|move|p2a: Latios|Psychic|p1a: Jellicent\n|-damage|p1a: Jellicent|35\/100 par\n|-start|p2a: Latios|Disable|Psychic|[from] ability: Cursed Body|[of] p1a: Jellicent\n|move|p1a: Jellicent|Trick Room|p1a: Jellicent\n|-fieldstart|move: Trick Room|[of] p1a: Jellicent\n|\n|-heal|p1a: Jellicent|41\/100 par|[from] item: Leftovers\n|upkeep\n|turn|37\n|\n|t:|1700454881\n|cant|p1a: Jellicent|par\n|move|p2a: Latios|Draco Meteor|p1a: Jellicent\n|-damage|p1a: Jellicent|19\/100 par\n|-unboost|p2a: Latios|spa|2\n|\n|-heal|p1a: Jellicent|25\/100 par|[from] item: Leftovers\n|-end|p2a: Latios|move: Taunt\n|upkeep\n|turn|38\n|\n|t:|1700454889\n|move|p1a: Jellicent|Flash|p2a: Latios\n|-unboost|p2a: Latios|accuracy|1\n|move|p2a: Latios|Draco Meteor|p1a: Jellicent|[miss]\n|-miss|p2a: Latios|p1a: Jellicent\n|\n|-heal|p1a: Jellicent|31\/100 par|[from] item: Leftovers\n|upkeep\n|turn|39\n|\n|t:|1700454899\n|move|p1a: Jellicent|Water Spout|p2a: Latios\n|-resisted|p2a: Latios\n|-crit|p2a: Latios\n|-damage|p2a: Latios|89\/100\n|move|p2a: Latios|Draco Meteor|p1a: Jellicent\n|-damage|p1a: Jellicent|16\/100 par\n|-unboost|p2a: Latios|spa|2\n|\n|-heal|p1a: Jellicent|23\/100 par|[from] item: Leftovers\n|-end|p2a: Latios|Disable\n|upkeep\n|turn|40\n|\n|t:|1700454914\n|move|p1a: Jellicent|Taunt|p2a: Latios\n|-start|p2a: Latios|move: Taunt\n|move|p2a: Latios|Psychic|p1a: Jellicent|[miss]\n|-miss|p2a: Latios|p1a: Jellicent\n|\n|-heal|p1a: Jellicent|29\/100 par|[from] item: Leftovers\n|-fieldend|move: Trick Room\n|upkeep\n|turn|41\n|\n|t:|1700454924\n|switch|p1a: Corviknight|Corviknight, F|64\/100 par\n|-damage|p1a: Corviknight|52\/100 par|[from] Stealth Rock\n|-ability|p1a: Corviknight|Pressure\n|move|p2a: Latios|Psychic|p1a: Corviknight\n|-resisted|p1a: Corviknight\n|-damage|p1a: Corviknight|47\/100 par\n|\n|upkeep\n|turn|42\n|\n|t:|1700454936\n|move|p2a: Latios|Psychic|p1a: Corviknight|[miss]\n|-miss|p2a: Latios|p1a: Corviknight\n|move|p1a: Corviknight|Roost|p1a: Corviknight\n|-heal|p1a: Corviknight|97\/100 par\n|-singleturn|p1a: Corviknight|move: Roost\n|\n|-end|p2a: Latios|move: Taunt\n|upkeep\n|turn|43\n|\n|t:|1700454946\n|move|p2a: Latios|Psychic|p1a: Corviknight|[miss]\n|-miss|p2a: Latios|p1a: Corviknight\n|cant|p1a: Corviknight|par\n|\n|upkeep\n|turn|44\n|c|\u2606How To Beat Lance|ko me please\n|\n|t:|1700454959\n|move|p2a: Latios|Psychic|p1a: Corviknight\n|-resisted|p1a: Corviknight\n|-damage|p1a: Corviknight|92\/100 par\n|move|p1a: Corviknight|Brave Bird|p2a: Latios\n|-damage|p2a: Latios|46\/100\n|-damage|p1a: Corviknight|79\/100 par|[from] Recoil\n|\n|upkeep\n|turn|45\n|c|\u2606but the government|time for u to forfeit\n|\n|t:|1700454969\n|move|p2a: Latios|Draco Meteor|p1a: Corviknight\n|-resisted|p1a: Corviknight\n|-damage|p1a: Corviknight|69\/100 par\n|cant|p1a: Corviknight|par\n|\n|upkeep\n|turn|46\n|\n|t:|1700454979\n|move|p2a: Latios|Draco Meteor|p1a: Corviknight\n|-resisted|p1a: Corviknight\n|-damage|p1a: Corviknight|60\/100 par\n|cant|p1a: Corviknight|par\n|\n|upkeep\n|turn|47\n|\n|t:|1700454983\n|move|p2a: Latios|Recover|p2a: Latios\n|-heal|p2a: Latios|96\/100\n|move|p1a: Corviknight|Brave Bird|p2a: Latios\n|-damage|p2a: Latios|57\/100\n|-damage|p1a: Corviknight|48\/100 par|[from] Recoil\n|\n|upkeep\n|turn|48\n|\n|t:|1700454986\n|move|p2a: Latios|Defog|p1a: Corviknight\n|-unboost|p1a: Corviknight|evasion|1\n|-sideend|p1: but the government|Stealth Rock|[from] move: Defog|[of] p2a: Latios\n|move|p1a: Corviknight|Roost|p1a: Corviknight\n|-heal|p1a: Corviknight|98\/100 par\n|-singleturn|p1a: Corviknight|move: Roost\n|\n|upkeep\n|turn|49\n|\n|t:|1700454994\n|move|p2a: Latios|Defog|p1a: Corviknight\n|-unboost|p1a: Corviknight|evasion|1\n|move|p1a: Corviknight|Brave Bird|p2a: Latios\n|-damage|p2a: Latios|12\/100\n|-damage|p1a: Corviknight|85\/100 par|[from] Recoil\n|\n|upkeep\n|turn|50\n|\n|t:|1700455000\n|move|p2a: Latios|Defog|p1a: Corviknight\n|-unboost|p1a: Corviknight|evasion|1\n|cant|p1a: Corviknight|par\n|\n|upkeep\n|turn|51\n|c|\u2606How To Beat Lance|ggwp\n|\n|t:|1700455009\n|move|p2a: Latios|Defog|p1a: Corviknight\n|-unboost|p1a: Corviknight|evasion|1\n|move|p1a: Corviknight|Brave Bird|p2a: Latios\n|-crit|p2a: Latios\n|-damage|p2a: Latios|0 fnt\n|faint|p2a: Latios\n|-damage|p1a: Corviknight|82\/100 par|[from] Recoil\n|\n|win|but the government\n|raw|but the government's rating: 1134 &rarr; <strong>1155<\/strong><br \/>(+21 for winning)\n|raw|How To Beat Lance's rating: 1079 &rarr; <strong>1061<\/strong><br \/>(-18 for losing)\n|c|\u2606but the government|Gg\n|c|\u2606but the government|Foolish\n|c|\u2606but the government|Jkjk\n|c|\u2606but the government|Ggwp\n|l|\u2606How To Beat Lance\n","uploadtime":1700455031,"views":13,"p1id":"butthegovernment","p2id":"howtobeatlance","formatid":"gen9nationaldex","rating":1061,"private":0,"password":""}