{"id":"gen9nationaldex-2000143697","p1":"test10012","p2":"ikun321","format":"[Gen 9] National Dex","log":"|html|<div class=\"broadcast-blue\"><strong>[Gen 9] National Dex is currently suspecting Sneasler! For information on how to participate check out the <a href=\"https:\/\/www.smogon.com\/forums\/threads\/sv-national-dex-suspect-8-just-dance.3731534\/\">suspect thread<\/a>.<\/strong><\/div>\n|j|\u2606test10012\n|j|\u2606ikun321\n|t:|1701162462\n|gametype|singles\n|player|p1|test10012|170|1404\n|player|p2|ikun321|265|1495\n|teamsize|p1|6\n|teamsize|p2|6\n|gen|9\n|tier|[Gen 9] National Dex\n|rated|\n|rule|HP Percentage Mod: HP is shown in percentages\n|rule|Endless Battle Clause: Forcing endless battles is banned\n|rule|OHKO Clause: OHKO moves are banned\n|rule|Evasion Clause: Evasion abilities, items, and moves are banned\n|rule|Evasion Abilities Clause: Evasion abilities are banned\n|rule|Evasion Items Clause: Evasion items are banned\n|rule|Evasion Moves Clause: Evasion moves are banned\n|rule|Species Clause: Limit one of each Pok\u00e9mon\n|rule|Sleep Clause Mod: Limit one foe put to sleep\n|clearpoke\n|poke|p1|Sneasler, F|\n|poke|p1|Rillaboom, F|\n|poke|p1|Banette, M|\n|poke|p1|Urshifu-*, F|\n|poke|p1|Heatran, F|\n|poke|p1|Garchomp, F|\n|poke|p2|Corviknight, M|\n|poke|p2|Banette, M|\n|poke|p2|Rillaboom, F|\n|poke|p2|Slowking-Galar, F|\n|poke|p2|Garganacl, M|\n|poke|p2|Great Tusk|\n|teampreview\n|inactive|Battle timer is ON: inactive players will automatically lose when time's up. (requested by ikun321)\n|\n|t:|1701162471\n|start\n|switch|p1a: Banette|Banette, M|100\/100\n|switch|p2a: Rillaboom|Rillaboom, F|100\/100\n|-fieldstart|move: Grassy Terrain|[from] ability: Grassy Surge|[of] p2a: Rillaboom\n|turn|1\n|\n|t:|1701162477\n|detailschange|p1a: Banette|Banette-Mega, M\n|-mega|p1a: Banette|Banette|Banettite\n|move|p2a: Rillaboom|Grassy Glide|p1a: Banette\n|-damage|p1a: Banette|16\/100\n|move|p1a: Banette|Poltergeist|p2a: Rillaboom\n|-activate|p2a: Rillaboom|move: Poltergeist|Choice Band\n|-damage|p2a: Rillaboom|28\/100\n|\n|-heal|p2a: Rillaboom|34\/100|[from] Grassy Terrain\n|-heal|p1a: Banette|22\/100|[from] Grassy Terrain\n|upkeep\n|turn|2\n|\n|t:|1701162492\n|switch|p2a: Garganacl|Garganacl, M|100\/100\n|switch|p1a: Rillaboom|Rillaboom, F|100\/100\n|\n|upkeep\n|turn|3\n|\n|t:|1701162498\n|move|p2a: Garganacl|Protect|p2a: Garganacl\n|-singleturn|p2a: Garganacl|Protect\n|move|p1a: Rillaboom|Swords Dance|p1a: Rillaboom\n|-boost|p1a: Rillaboom|atk|2\n|\n|upkeep\n|turn|4\n|\n|t:|1701162504\n|switch|p2a: Corviknight|Corviknight, M|100\/100\n|-ability|p2a: Corviknight|Pressure\n|move|p1a: Rillaboom|Wood Hammer|p2a: Corviknight\n|-resisted|p2a: Corviknight\n|-damage|p2a: Corviknight|75\/100\n|-damage|p1a: Rillaboom|91\/100|[from] Recoil\n|\n|-heal|p1a: Rillaboom|97\/100|[from] Grassy Terrain\n|-heal|p1a: Rillaboom|100\/100|[from] item: Leftovers\n|upkeep\n|turn|5\n|\n|t:|1701162510\n|-terastallize|p1a: Rillaboom|Rock\n|move|p1a: Rillaboom|Tera Blast|p2a: Corviknight|[anim] Tera Blast Rock\n|-damage|p2a: Corviknight|29\/100\n|move|p2a: Corviknight|Iron Defense|p2a: Corviknight\n|-boost|p2a: Corviknight|def|2\n|\n|-fieldend|move: Grassy Terrain\n|upkeep\n|turn|6\n|\n|t:|1701162516\n|move|p1a: Rillaboom|Tera Blast|p2a: Corviknight|[anim] Tera Blast Rock\n|-damage|p2a: Corviknight|5\/100\n|move|p2a: Corviknight|Roost|p2a: Corviknight\n|-heal|p2a: Corviknight|55\/100\n|-singleturn|p2a: Corviknight|move: Roost\n|\n|upkeep\n|turn|7\n|\n|t:|1701162539\n|switch|p1a: Banette|Banette-Mega, M|22\/100\n|move|p2a: Corviknight|Roost|p2a: Corviknight\n|-heal|p2a: Corviknight|100\/100\n|-singleturn|p2a: Corviknight|move: Roost\n|\n|upkeep\n|turn|8\n|\n|t:|1701162545\n|move|p1a: Banette|Destiny Bond|p1a: Banette\n|-singlemove|p1a: Banette|Destiny Bond\n|move|p2a: Corviknight|U-turn|p1a: Banette\n|-resisted|p1a: Banette\n|-damage|p1a: Banette|13\/100\n|\n|t:|1701162549\n|switch|p2a: Garganacl|Garganacl, M|100\/100|[from] U-turn\n|\n|upkeep\n|turn|9\n|\n|t:|1701162554\n|move|p1a: Banette|Taunt|p2a: Garganacl\n|-start|p2a: Garganacl|move: Taunt\n|cant|p2a: Garganacl|move: Taunt|Stealth Rock\n|\n|upkeep\n|turn|10\n|\n|t:|1701162561\n|switch|p2a: Corviknight|Corviknight, M|100\/100\n|-ability|p2a: Corviknight|Pressure\n|move|p1a: Banette|Destiny Bond|p1a: Banette\n|-singlemove|p1a: Banette|Destiny Bond\n|\n|upkeep\n|turn|11\n|\n|t:|1701162564\n|move|p1a: Banette|Poltergeist|p2a: Corviknight\n|-activate|p2a: Corviknight|move: Poltergeist|Covert Cloak\n|-damage|p2a: Corviknight|54\/100\n|move|p2a: Corviknight|U-turn|p1a: Banette\n|-resisted|p1a: Banette\n|-damage|p1a: Banette|3\/100\n|\n|t:|1701162576\n|switch|p2a: Rillaboom|Rillaboom, F|34\/100|[from] U-turn\n|-fieldstart|move: Grassy Terrain|[from] ability: Grassy Surge|[of] p2a: Rillaboom\n|\n|-heal|p2a: Rillaboom|40\/100|[from] Grassy Terrain\n|-heal|p1a: Banette|9\/100|[from] Grassy Terrain\n|upkeep\n|turn|12\n|\n|t:|1701162580\n|switch|p1a: Heatran|Heatran, F|100\/100\n|move|p2a: Rillaboom|Superpower|p1a: Heatran\n|-supereffective|p1a: Heatran\n|-damage|p1a: Heatran|0 fnt\n|-unboost|p2a: Rillaboom|atk|1\n|-unboost|p2a: Rillaboom|def|1\n|faint|p1a: Heatran\n|\n|-heal|p2a: Rillaboom|46\/100|[from] Grassy Terrain\n|upkeep\n|\n|t:|1701162585\n|switch|p1a: Sneasler|Sneasler, F|100\/100\n|-enditem|p1a: Sneasler|Grassy Seed\n|-boost|p1a: Sneasler|def|1|[from] item: Grassy Seed\n|turn|13\n|\n|t:|1701162609\n|switch|p2a: Banette|Banette, M|100\/100\n|move|p1a: Sneasler|Swords Dance|p1a: Sneasler\n|-boost|p1a: Sneasler|atk|2\n|\n|upkeep\n|turn|14\n|\n|t:|1701162614\n|detailschange|p2a: Banette|Banette-Mega, M\n|-mega|p2a: Banette|Banette|Banettite\n|move|p2a: Banette|Encore|p1a: Sneasler\n|-start|p1a: Sneasler|Encore\n|move|p1a: Sneasler|Swords Dance|p1a: Sneasler\n|-boost|p1a: Sneasler|atk|2\n|\n|upkeep\n|turn|15\n|\n|t:|1701162620\n|switch|p1a: Rillaboom|Rillaboom, F, tera:Rock|100\/100\n|move|p2a: Banette|Poltergeist|p1a: Rillaboom\n|-activate|p1a: Rillaboom|move: Poltergeist|Leftovers\n|-damage|p1a: Rillaboom|14\/100\n|\n|-heal|p1a: Rillaboom|20\/100|[from] Grassy Terrain\n|-heal|p1a: Rillaboom|27\/100|[from] item: Leftovers\n|-fieldend|move: Grassy Terrain\n|upkeep\n|turn|16\n|\n|t:|1701162630\n|move|p1a: Rillaboom|Tera Blast|p2a: Banette|[anim] Tera Blast Rock\n|-damage|p2a: Banette|40\/100\n|move|p2a: Banette|Poltergeist|p1a: Rillaboom\n|-activate|p1a: Rillaboom|move: Poltergeist|Leftovers\n|-damage|p1a: Rillaboom|0 fnt\n|faint|p1a: Rillaboom\n|\n|upkeep\n|\n|t:|1701162634\n|switch|p1a: Banette|Banette-Mega, M|9\/100\n|turn|17\n|\n|t:|1701162637\n|switch|p2a: Garganacl|Garganacl, M|100\/100\n|move|p1a: Banette|Destiny Bond|p1a: Banette\n|-singlemove|p1a: Banette|Destiny Bond\n|\n|upkeep\n|turn|18\n|\n|t:|1701162642\n|move|p2a: Garganacl|Protect|p2a: Garganacl\n|-singleturn|p2a: Garganacl|Protect\n|move|p1a: Banette|Taunt|p2a: Garganacl\n|-activate|p2a: Garganacl|move: Protect\n|\n|upkeep\n|turn|19\n|\n|t:|1701162648\n|switch|p2a: Rillaboom|Rillaboom, F|46\/100\n|-fieldstart|move: Grassy Terrain|[from] ability: Grassy Surge|[of] p2a: Rillaboom\n|move|p1a: Banette|Taunt|p2a: Rillaboom\n|-start|p2a: Rillaboom|move: Taunt\n|\n|-heal|p2a: Rillaboom|53\/100|[from] Grassy Terrain\n|-heal|p1a: Banette|15\/100|[from] Grassy Terrain\n|upkeep\n|turn|20\n|\n|t:|1701162654\n|-terastallize|p2a: Rillaboom|Grass\n|move|p2a: Rillaboom|Grassy Glide|p1a: Banette\n|-damage|p1a: Banette|0 fnt\n|faint|p1a: Banette\n|\n|-heal|p2a: Rillaboom|59\/100|[from] Grassy Terrain\n|upkeep\n|\n|t:|1701162664\n|switch|p1a: Sneasler|Sneasler, F|100\/100\n|turn|21\n|\n|t:|1701162669\n|switch|p2a: Slowking|Slowking-Galar, F|100\/100\n|move|p1a: Sneasler|Swords Dance|p1a: Sneasler\n|-boost|p1a: Sneasler|atk|2\n|\n|upkeep\n|turn|22\n|\n|t:|1701162674\n|move|p1a: Sneasler|Acrobatics|p2a: Slowking\n|-damage|p2a: Slowking|22\/100\n|move|p2a: Slowking|Chilly Reception|p2a: Slowking\n|-weather|Snow\n|\n|t:|1701162678\n|switch|p2a: Banette|Banette-Mega, M|40\/100|[from] Chilly Reception\n|\n|-weather|Snow|[upkeep]\n|-heal|p2a: Banette|46\/100|[from] Grassy Terrain\n|upkeep\n|turn|23\n|\n|t:|1701162680\n|move|p2a: Banette|Destiny Bond|p2a: Banette\n|-singlemove|p2a: Banette|Destiny Bond\n|move|p1a: Sneasler|Dire Claw|p2a: Banette\n|-resisted|p2a: Banette\n|-damage|p2a: Banette|0 fnt\n|faint|p2a: Banette\n|-activate|p2a: Banette|move: Destiny Bond\n|faint|p1a: Sneasler\n|\n|-weather|Snow|[upkeep]\n|-fieldend|move: Grassy Terrain\n|upkeep\n|\n|t:|1701162688\n|switch|p1a: Garchomp|Garchomp, F|100\/100\n|switch|p2a: Rillaboom|Rillaboom, F, tera:Grass|59\/100\n|-fieldstart|move: Grassy Terrain|[from] ability: Grassy Surge|[of] p2a: Rillaboom\n|turn|24\n|\n|t:|1701162701\n|switch|p2a: Slowking|Slowking-Galar, F|55\/100\n|-zpower|p1a: Garchomp\n|move|p1a: Garchomp|Devastating Drake|p2a: Slowking|[zeffect]\n|-damage|p2a: Slowking|0 fnt\n|faint|p2a: Slowking\n|\n|-weather|Snow|[upkeep]\n|upkeep\n|\n|t:|1701162708\n|switch|p2a: Corviknight|Corviknight, M|54\/100\n|-ability|p2a: Corviknight|Pressure\n|turn|25\n|\n|t:|1701162713\n|move|p1a: Garchomp|Swords Dance|p1a: Garchomp\n|-boost|p1a: Garchomp|atk|2\n|move|p2a: Corviknight|Roost|p2a: Corviknight\n|-heal|p2a: Corviknight|100\/100\n|-singleturn|p2a: Corviknight|move: Roost\n|\n|-weather|Snow|[upkeep]\n|upkeep\n|turn|26\n|\n|t:|1701162719\n|move|p1a: Garchomp|Outrage|p2a: Corviknight\n|-resisted|p2a: Corviknight\n|-damage|p2a: Corviknight|66\/100\n|move|p2a: Corviknight|Iron Defense|p2a: Corviknight\n|-boost|p2a: Corviknight|def|2\n|\n|-weather|none\n|upkeep\n|turn|27\n|\n|t:|1701162728\n|move|p1a: Garchomp|Outrage|p2a: Corviknight|[from]lockedmove\n|-resisted|p2a: Corviknight\n|-damage|p2a: Corviknight|47\/100\n|move|p2a: Corviknight|Roost|p2a: Corviknight\n|-heal|p2a: Corviknight|97\/100\n|-singleturn|p2a: Corviknight|move: Roost\n|\n|-heal|p2a: Corviknight|100\/100|[from] Grassy Terrain\n|upkeep\n|turn|28\n|\n|t:|1701162731\n|move|p1a: Garchomp|Outrage|p2a: Corviknight|[from]lockedmove\n|-resisted|p2a: Corviknight\n|-damage|p2a: Corviknight|81\/100\n|-start|p1a: Garchomp|confusion|[fatigue]\n|move|p2a: Corviknight|Iron Defense|p2a: Corviknight\n|-boost|p2a: Corviknight|def|2\n|\n|-fieldend|move: Grassy Terrain\n|upkeep\n|turn|29\n|\n|t:|1701162738\n|-activate|p1a: Garchomp|confusion\n|move|p1a: Garchomp|Outrage|p2a: Corviknight\n|-resisted|p2a: Corviknight\n|-damage|p2a: Corviknight|69\/100\n|move|p2a: Corviknight|Iron Defense|p2a: Corviknight\n|-boost|p2a: Corviknight|def|2\n|\n|upkeep\n|turn|30\n|\n|t:|1701162741\n|-activate|p1a: Garchomp|confusion\n|move|p1a: Garchomp|Outrage|p2a: Corviknight|[from]lockedmove\n|-resisted|p2a: Corviknight\n|-damage|p2a: Corviknight|60\/100\n|move|p2a: Corviknight|Roost|p2a: Corviknight\n|-heal|p2a: Corviknight|100\/100\n|-singleturn|p2a: Corviknight|move: Roost\n|\n|upkeep\n|turn|31\n|\n|t:|1701162743\n|-end|p1a: Garchomp|confusion\n|move|p1a: Garchomp|Outrage|p2a: Corviknight|[from]lockedmove\n|-resisted|p2a: Corviknight\n|-damage|p2a: Corviknight|91\/100\n|-start|p1a: Garchomp|confusion|[fatigue]\n|move|p2a: Corviknight|Body Press|p1a: Garchomp\n|-damage|p1a: Garchomp|4\/100\n|-damage|p2a: Corviknight|79\/100|[from] ability: Rough Skin|[of] p1a: Garchomp\n|\n|upkeep\n|turn|32\n|\n|t:|1701162751\n|-activate|p1a: Garchomp|confusion\n|move|p1a: Garchomp|Outrage|p2a: Corviknight\n|-resisted|p2a: Corviknight\n|-damage|p2a: Corviknight|69\/100\n|move|p2a: Corviknight|Roost|p2a: Corviknight\n|-heal|p2a: Corviknight|100\/100\n|-singleturn|p2a: Corviknight|move: Roost\n|\n|upkeep\n|turn|33\n|\n|t:|1701162755\n|-end|p1a: Garchomp|confusion\n|move|p1a: Garchomp|Outrage|p2a: Corviknight|[from]lockedmove\n|-resisted|p2a: Corviknight\n|-damage|p2a: Corviknight|91\/100\n|move|p2a: Corviknight|Body Press|p1a: Garchomp\n|-damage|p1a: Garchomp|0 fnt\n|-damage|p2a: Corviknight|78\/100|[from] ability: Rough Skin|[of] p1a: Garchomp\n|faint|p1a: Garchomp\n|\n|upkeep\n|\n|t:|1701162759\n|switch|p1a: Urshifu|Urshifu-Rapid-Strike, F|100\/100\n|turn|34\n|\n|t:|1701162762\n|move|p1a: Urshifu|Surging Strikes|p2a: Corviknight\n|-crit|p2a: Corviknight\n|-damage|p2a: Corviknight|64\/100\n|-crit|p2a: Corviknight\n|-damage|p2a: Corviknight|52\/100\n|-crit|p2a: Corviknight\n|-damage|p2a: Corviknight|38\/100\n|-hitcount|p2a: Corviknight|3\n|move|p2a: Corviknight|Body Press|p1a: Urshifu\n|-damage|p1a: Urshifu|0 fnt\n|faint|p1a: Urshifu\n|\n|win|ikun321\n|raw|test10012's rating: 1404 &rarr; <strong>1389<\/strong><br \/>(-15 for losing)\n|raw|ikun321's rating: 1495 &rarr; <strong>1510<\/strong><br \/>(+15 for winning)\n","uploadtime":1701162769,"views":9,"p1id":"test10012","p2id":"ikun321","formatid":"gen9nationaldex","rating":1389,"private":0,"password":""}