{"id":"gen9nationaldex-1988335568","p1":"MrTG13","p2":"cyqy06210703","format":"[Gen 9] National Dex","log":"|j|\u2606MrTG13\n|j|\u2606cyqy06210703\n|t:|1699710331\n|gametype|singles\n|player|p1|MrTG13|1|1095\n|player|p2|cyqy06210703|marnie|1062\n|teamsize|p1|6\n|teamsize|p2|6\n|gen|9\n|tier|[Gen 9] National Dex\n|rated|\n|rule|HP Percentage Mod: HP is shown in percentages\n|rule|Endless Battle Clause: Forcing endless battles is banned\n|rule|OHKO Clause: OHKO moves are banned\n|rule|Evasion Clause: Evasion abilities, items, and moves are banned\n|rule|Evasion Abilities Clause: Evasion abilities are banned\n|rule|Evasion Items Clause: Evasion items are banned\n|rule|Evasion Moves Clause: Evasion moves are banned\n|rule|Species Clause: Limit one of each Pok\u00e9mon\n|rule|Sleep Clause Mod: Limit one foe put to sleep\n|clearpoke\n|poke|p1|Xatu, F|\n|poke|p1|Mightyena, M|\n|poke|p1|Dragonite, M|\n|poke|p1|Jirachi|\n|poke|p1|Chandelure, F|\n|poke|p1|Mawile, M|\n|poke|p2|Tapu Lele|\n|poke|p2|Grimmsnarl, M|\n|poke|p2|Garchomp, M|\n|poke|p2|Morpeko, M|\n|poke|p2|Diancie|\n|poke|p2|Sneasler, M|\n|teampreview\n|\n|t:|1699710350\n|start\n|switch|p1a: Xatu|Xatu, F|100\/100\n|switch|p2a: Grimmsnarl|Grimmsnarl, M|100\/100\n|turn|1\n|\n|t:|1699710374\n|switch|p1a: Mawile|Mawile, M|100\/100\n|-ability|p1a: Mawile|Intimidate|boost\n|-unboost|p2a: Grimmsnarl|atk|1\n|move|p2a: Grimmsnarl|Darkest Lariat|p1a: Mawile\n|-resisted|p1a: Mawile\n|-damage|p1a: Mawile|75\/100\n|\n|upkeep\n|turn|2\n|inactive|Battle timer is ON: inactive players will automatically lose when time's up. (requested by cyqy06210703)\n|\n|t:|1699710399\n|switch|p1a: Chandelure|Chandelure, F|100\/100\n|move|p2a: Grimmsnarl|Reflect|p2a: Grimmsnarl\n|-sidestart|p2: cyqy06210703|Reflect\n|\n|upkeep\n|turn|3\n|\n|t:|1699710409\n|switch|p2a: Garchomp|Garchomp, M|100\/100\n|move|p1a: Chandelure|Dark Pulse|p2a: Garchomp\n|-damage|p2a: Garchomp|65\/100\n|\n|-heal|p2a: Garchomp|72\/100|[from] item: Leftovers\n|upkeep\n|turn|4\n|\n|t:|1699710421\n|move|p2a: Garchomp|Swords Dance|p2a: Garchomp\n|-boost|p2a: Garchomp|atk|2\n|move|p1a: Chandelure|Energy Ball|p2a: Garchomp\n|-damage|p2a: Garchomp|32\/100\n|\n|-heal|p2a: Garchomp|38\/100|[from] item: Leftovers\n|upkeep\n|turn|5\n|inactive|cyqy06210703 has 120 seconds left.\n|\n|t:|1699710466\n|move|p2a: Garchomp|Earthquake|p1a: Chandelure\n|-supereffective|p1a: Chandelure\n|-damage|p1a: Chandelure|0 fnt\n|faint|p1a: Chandelure\n|\n|-heal|p2a: Garchomp|44\/100|[from] item: Leftovers\n|upkeep\n|\n|t:|1699710474\n|switch|p1a: Mawile|Mawile, M|75\/100\n|-ability|p1a: Mawile|Intimidate|boost\n|-unboost|p2a: Garchomp|atk|1\n|turn|6\n|\n|t:|1699710481\n|switch|p1a: Xatu|Xatu, F|100\/100\n|move|p2a: Garchomp|Earthquake|p1a: Xatu\n|-immune|p1a: Xatu\n|\n|-heal|p2a: Garchomp|50\/100|[from] item: Leftovers\n|-sideend|p2: cyqy06210703|Reflect\n|upkeep\n|turn|7\n|\n|t:|1699710493\n|switch|p2a: Grimmsnarl|Grimmsnarl, M|100\/100\n|switch|p1a: Mawile|Mawile, M|75\/100\n|-ability|p1a: Mawile|Intimidate|boost\n|-unboost|p2a: Grimmsnarl|atk|1\n|\n|upkeep\n|turn|8\n|\n|t:|1699710506\n|detailschange|p1a: Mawile|Mawile-Mega, M\n|-mega|p1a: Mawile|Mawile|Mawilite\n|move|p2a: Grimmsnarl|Reflect|p2a: Grimmsnarl\n|-sidestart|p2: cyqy06210703|Reflect\n|move|p1a: Mawile|Rock Tomb|p2a: Grimmsnarl\n|-damage|p2a: Grimmsnarl|82\/100\n|-unboost|p2a: Grimmsnarl|spe|1\n|\n|upkeep\n|turn|9\n|inactive|cyqy06210703 has 120 seconds left.\n|\n|t:|1699710536\n|switch|p2a: Sneasler|Sneasler, M, shiny|100\/100\n|move|p1a: Mawile|Rock Tomb|p2a: Sneasler\n|-resisted|p2a: Sneasler\n|-damage|p2a: Sneasler|88\/100\n|-unboost|p2a: Sneasler|spe|1\n|\n|upkeep\n|turn|10\n|inactive|cyqy06210703 has 120 seconds left.\n|inactive|MrTG13 has 120 seconds left.\n|\n|t:|1699710561\n|switch|p2a: Grimmsnarl|Grimmsnarl, M|82\/100\n|switch|p1a: Xatu|Xatu, F|100\/100\n|\n|upkeep\n|turn|11\n|inactive|MrTG13 has 120 seconds left.\n|inactive|cyqy06210703 has 120 seconds left.\n|\n|t:|1699710573\n|switch|p2a: Garchomp|Garchomp, M|50\/100\n|move|p1a: Xatu|Psychic|p2a: Garchomp\n|-crit|p2a: Garchomp\n|-damage|p2a: Garchomp|0 fnt\n|faint|p2a: Garchomp\n|\n|upkeep\n|\n|t:|1699710582\n|switch|p2a: Morpeko|Morpeko, M|100\/100\n|turn|12\n|inactive|cyqy06210703 has 120 seconds left.\n|inactive|MrTG13 has 120 seconds left.\n|\n|t:|1699710594\n|-terastallize|p1a: Xatu|Fairy\n|move|p2a: Morpeko|Super Fang|p1a: Xatu\n|-damage|p1a: Xatu|50\/100\n|move|p1a: Xatu|Dazzling Gleam|p2a: Morpeko\n|-supereffective|p2a: Morpeko\n|-enditem|p2a: Morpeko|Focus Sash\n|-damage|p2a: Morpeko|1\/100\n|\n|-sideend|p2: cyqy06210703|Reflect\n|-formechange|p2a: Morpeko|Morpeko-Hangry||[from] ability: Hunger Switch\n|upkeep\n|turn|13\n|inactive|cyqy06210703 has 120 seconds left.\n|inactive|MrTG13 has 120 seconds left.\n|\n|t:|1699710605\n|move|p2a: Morpeko|Protect|p2a: Morpeko\n|-singleturn|p2a: Morpeko|Protect\n|move|p1a: Xatu|Hidden Power|p2a: Morpeko\n|-activate|p2a: Morpeko|move: Protect\n|\n|-formechange|p2a: Morpeko|Morpeko||[from] ability: Hunger Switch\n|upkeep\n|turn|14\n|inactive|cyqy06210703 has 120 seconds left.\n|\n|t:|1699710612\n|move|p2a: Morpeko|Aura Wheel|p1a: Xatu\n|-damage|p1a: Xatu|0 fnt\n|-boost|p2a: Morpeko|spe|1\n|faint|p1a: Xatu\n|\n|-formechange|p2a: Morpeko|Morpeko-Hangry||[from] ability: Hunger Switch\n|upkeep\n|\n|t:|1699710621\n|switch|p1a: Mawile|Mawile-Mega, M|75\/100\n|turn|15\n|\n|t:|1699710626\n|move|p2a: Morpeko|Protect|p2a: Morpeko\n|-singleturn|p2a: Morpeko|Protect\n|move|p1a: Mawile|Foul Play|p2a: Morpeko\n|-activate|p2a: Morpeko|move: Protect\n|\n|-formechange|p2a: Morpeko|Morpeko||[from] ability: Hunger Switch\n|upkeep\n|turn|16\n|\n|t:|1699710635\n|move|p2a: Morpeko|Aura Wheel|p1a: Mawile\n|-damage|p1a: Mawile|15\/100\n|-boost|p2a: Morpeko|spe|1\n|move|p1a: Mawile|Rock Tomb|p2a: Morpeko\n|-damage|p2a: Morpeko|0 fnt\n|faint|p2a: Morpeko\n|\n|upkeep\n|\n|t:|1699710647\n|switch|p2a: Tapu Lele|Tapu Lele|100\/100\n|-fieldstart|move: Psychic Terrain|[from] ability: Psychic Surge|[of] p2a: Tapu Lele\n|turn|17\n|\n|t:|1699710665\n|move|p2a: Tapu Lele|Focus Blast|p1a: Mawile|[miss]\n|-miss|p2a: Tapu Lele|p1a: Mawile\n|move|p1a: Mawile|Foul Play|p2a: Tapu Lele\n|-damage|p2a: Tapu Lele|56\/100\n|\n|upkeep\n|turn|18\n|\n|t:|1699710673\n|move|p2a: Tapu Lele|Focus Blast|p1a: Mawile\n|-damage|p1a: Mawile|0 fnt\n|faint|p1a: Mawile\n|\n|upkeep\n|\n|t:|1699710679\n|switch|p1a: Mightyena|Mightyena, M|100\/100\n|turn|19\n|\n|t:|1699710685\n|move|p2a: Tapu Lele|Focus Blast|p1a: Mightyena|[miss]\n|-miss|p2a: Tapu Lele|p1a: Mightyena\n|move|p1a: Mightyena|Poison Fang|p2a: Tapu Lele\n|-supereffective|p2a: Tapu Lele\n|-crit|p2a: Tapu Lele\n|-damage|p2a: Tapu Lele|0 fnt\n|faint|p2a: Tapu Lele\n|-ability|p1a: Mightyena|Moxie|boost\n|-boost|p1a: Mightyena|atk|1\n|\n|upkeep\n|\n|t:|1699710693\n|switch|p2a: Sneasler|Sneasler, M, shiny|88\/100\n|-enditem|p2a: Sneasler|Psychic Seed\n|-boost|p2a: Sneasler|spd|1|[from] item: Psychic Seed\n|turn|20\n|\n|t:|1699710703\n|-terastallize|p2a: Sneasler|Flying\n|move|p2a: Sneasler|Dire Claw|p1a: Mightyena\n|-damage|p1a: Mightyena|34\/100\n|-status|p1a: Mightyena|slp\n|cant|p1a: Mightyena|slp\n|\n|upkeep\n|turn|21\n|\n|t:|1699710713\n|switch|p1a: Jirachi|Jirachi|100\/100\n|move|p2a: Sneasler|Swords Dance|p2a: Sneasler\n|-boost|p2a: Sneasler|atk|2\n|\n|-fieldend|move: Psychic Terrain\n|upkeep\n|turn|22\n|\n|t:|1699710731\n|move|p2a: Sneasler|Acrobatics|p1a: Jirachi\n|-resisted|p1a: Jirachi\n|-damage|p1a: Jirachi|47\/100\n|move|p1a: Jirachi|Substitute|p1a: Jirachi\n|-start|p1a: Jirachi|Substitute\n|-damage|p1a: Jirachi|22\/100\n|\n|-heal|p1a: Jirachi|28\/100|[from] item: Leftovers\n|upkeep\n|turn|23\n|\n|t:|1699710739\n|move|p2a: Sneasler|Acrobatics|p1a: Jirachi\n|-resisted|p1a: Jirachi\n|-end|p1a: Jirachi|Substitute\n|move|p1a: Jirachi|Wish|p1a: Jirachi\n|\n|-heal|p1a: Jirachi|34\/100|[from] item: Leftovers\n|upkeep\n|turn|24\n|\n|t:|1699710749\n|switch|p1a: Dragonite|Dragonite, M|100\/100\n|move|p2a: Sneasler|Acrobatics|p1a: Dragonite\n|-crit|p1a: Dragonite\n|-damage|p1a: Dragonite|20\/100\n|\n|-heal|p1a: Dragonite|72\/100|[from] move: Wish|[wisher] Jirachi\n|-heal|p1a: Dragonite|78\/100|[from] item: Leftovers\n|upkeep\n|turn|25\n|\n|t:|1699710759\n|move|p2a: Sneasler|Acrobatics|p1a: Dragonite\n|-damage|p1a: Dragonite|0 fnt\n|faint|p1a: Dragonite\n|\n|upkeep\n|\n|t:|1699710765\n|switch|p1a: Jirachi|Jirachi|34\/100\n|turn|26\n|\n|t:|1699710773\n|move|p2a: Sneasler|Acrobatics|p1a: Jirachi\n|-resisted|p1a: Jirachi\n|-damage|p1a: Jirachi|0 fnt\n|faint|p1a: Jirachi\n|\n|upkeep\n|\n|t:|1699710778\n|switch|p1a: Mightyena|Mightyena, M|34\/100 slp\n|turn|27\n|\n|t:|1699710782\n|move|p2a: Sneasler|Acrobatics|p1a: Mightyena\n|-damage|p1a: Mightyena|0 fnt\n|faint|p1a: Mightyena\n|\n|win|cyqy06210703\n|raw|MrTG13's rating: 1095 &rarr; <strong>1068<\/strong><br \/>(-27 for losing)\n|raw|cyqy06210703's rating: 1062 &rarr; <strong>1096<\/strong><br \/>(+34 for winning)\n","uploadtime":1699710795,"views":4,"p1id":"mrtg13","p2id":"cyqy06210703","formatid":"gen9nationaldex","rating":1068,"private":0,"password":""}