{"id":"gen9nationaldex-1988177758","p1":"homuraisbestgirl","p2":"but the government","format":"[Gen 9] National Dex","log":"|j|\u2606homuraisbestgirl\n|j|\u2606but the government\n|t:|1699680103\n|gametype|singles\n|player|p1|homuraisbestgirl|sabrina|1194\n|player|p2|but the government|waitress-gen4|1170\n|teamsize|p1|6\n|teamsize|p2|6\n|gen|9\n|tier|[Gen 9] National Dex\n|rated|\n|rule|HP Percentage Mod: HP is shown in percentages\n|rule|Endless Battle Clause: Forcing endless battles is banned\n|rule|OHKO Clause: OHKO moves are banned\n|rule|Evasion Clause: Evasion abilities, items, and moves are banned\n|rule|Evasion Abilities Clause: Evasion abilities are banned\n|rule|Evasion Items Clause: Evasion items are banned\n|rule|Evasion Moves Clause: Evasion moves are banned\n|rule|Species Clause: Limit one of each Pok\u00e9mon\n|rule|Sleep Clause Mod: Limit one foe put to sleep\n|clearpoke\n|poke|p1|Torkoal, M|\n|poke|p1|Gallade, M|\n|poke|p1|Volcanion|\n|poke|p1|Sandy Shocks|\n|poke|p1|Blissey, F|\n|poke|p1|Trevenant, F|\n|poke|p2|Landorus-Therian, M|\n|poke|p2|Abomasnow, F|\n|poke|p2|Manaphy|\n|poke|p2|Dondozo, F|\n|poke|p2|Nidoking, M|\n|poke|p2|Zygarde-10%|\n|teampreview\n|\n|t:|1699680107\n|start\n|switch|p1a: Torkoal|Torkoal, M|100\/100\n|switch|p2a: Abomasnow|Abomasnow, F|100\/100\n|-weather|Snow|[from] ability: Snow Warning|[of] p2a: Abomasnow\n|-weather|SunnyDay|[from] ability: Drought|[of] p1a: Torkoal\n|turn|1\n|\n|t:|1699680116\n|detailschange|p2a: Abomasnow|Abomasnow-Mega, F\n|-mega|p2a: Abomasnow|Abomasnow|Abomasite\n|-weather|Snow|[from] ability: Snow Warning|[of] p2a: Abomasnow\n|move|p2a: Abomasnow|Aurora Veil|p2a: Abomasnow\n|-sidestart|p2: but the government|move: Aurora Veil\n|move|p1a: Torkoal|Lava Plume|p2a: Abomasnow\n|-supereffective|p2a: Abomasnow\n|-damage|p2a: Abomasnow|56\/100\n|\n|-weather|Snow|[upkeep]\n|upkeep\n|turn|2\n|\n|t:|1699680126\n|move|p2a: Abomasnow|Earth Power|p1a: Torkoal\n|-supereffective|p1a: Torkoal\n|-damage|p1a: Torkoal|35\/100\n|-unboost|p1a: Torkoal|spd|1\n|move|p1a: Torkoal|Lava Plume|p2a: Abomasnow\n|-supereffective|p2a: Abomasnow\n|-damage|p2a: Abomasnow|15\/100\n|\n|-weather|Snow|[upkeep]\n|upkeep\n|turn|3\n|\n|t:|1699680139\n|switch|p2a: Zygarde|Zygarde-10%|100\/100\n|-ability|p2a: Zygarde|Aura Break\n|switch|p1a: Volcanion|Volcanion|100\/100\n|\n|-weather|Snow|[upkeep]\n|upkeep\n|turn|4\n|\n|t:|1699680152\n|switch|p1a: Trevenant|Trevenant, F|100\/100\n|move|p2a: Zygarde|Thousand Waves|p1a: Trevenant\n|-resisted|p1a: Trevenant\n|-damage|p1a: Trevenant|78\/100\n|\n|-weather|Snow|[upkeep]\n|upkeep\n|turn|5\n|\n|t:|1699680160\n|switch|p1a: Torkoal|Torkoal, M|35\/100\n|-weather|SunnyDay|[from] ability: Drought|[of] p1a: Torkoal\n|move|p2a: Zygarde|Core Enforcer|p1a: Torkoal\n|-damage|p1a: Torkoal|13\/100\n|\n|-weather|SunnyDay|[upkeep]\n|-sideend|p2: but the government|move: Aurora Veil\n|upkeep\n|turn|6\n|\n|t:|1699680175\n|switch|p1a: Trevenant|Trevenant, F|78\/100\n|move|p2a: Zygarde|Thousand Arrows|p1a: Trevenant\n|-resisted|p1a: Trevenant\n|-damage|p1a: Trevenant|58\/100\n|\n|-weather|SunnyDay|[upkeep]\n|upkeep\n|turn|7\n|\n|t:|1699680182\n|move|p2a: Zygarde|Thousand Waves|p1a: Trevenant\n|-resisted|p1a: Trevenant\n|-damage|p1a: Trevenant|37\/100\n|move|p1a: Trevenant|Leech Seed|p2a: Zygarde\n|-start|p2a: Zygarde|move: Leech Seed\n|\n|-weather|SunnyDay|[upkeep]\n|-damage|p2a: Zygarde|88\/100|[from] Leech Seed|[of] p1a: Trevenant\n|-heal|p1a: Trevenant|46\/100|[silent]\n|upkeep\n|turn|8\n|\n|t:|1699680192\n|switch|p2a: Nidoking|Nidoking, M|100\/100\n|move|p1a: Trevenant|Substitute|p1a: Trevenant\n|-start|p1a: Trevenant|Substitute\n|-damage|p1a: Trevenant|21\/100\n|-enditem|p1a: Trevenant|Starf Berry|[eat]\n|-boost|p1a: Trevenant|spa|2|[from] item: Starf Berry\n|\n|-weather|SunnyDay|[upkeep]\n|-item|p1a: Trevenant|Starf Berry|[from] ability: Harvest\n|upkeep\n|-enditem|p1a: Trevenant|Starf Berry|[eat]\n|-boost|p1a: Trevenant|atk|2|[from] item: Starf Berry\n|turn|9\n|inactive|Battle timer is ON: inactive players will automatically lose when time's up. (requested by but the government)\n|\n|t:|1699680209\n|move|p2a: Nidoking|Sludge Wave|p1a: Trevenant\n|-end|p1a: Trevenant|Substitute\n|move|p1a: Trevenant|Poltergeist|p2a: Nidoking\n|-activate|p2a: Nidoking|move: Poltergeist|Life Orb\n|-damage|p2a: Nidoking|0 fnt\n|faint|p2a: Nidoking\n|\n|-weather|SunnyDay|[upkeep]\n|-item|p1a: Trevenant|Starf Berry|[from] ability: Harvest\n|upkeep\n|-enditem|p1a: Trevenant|Starf Berry|[eat]\n|-boost|p1a: Trevenant|spd|2|[from] item: Starf Berry\n|\n|t:|1699680229\n|switch|p2a: Landorus|Landorus-Therian, M|100\/100\n|-ability|p2a: Landorus|Intimidate|boost\n|-unboost|p1a: Trevenant|atk|1\n|turn|10\n|\n|t:|1699680234\n|move|p2a: Landorus|U-turn|p1a: Trevenant\n|-crit|p1a: Trevenant\n|-damage|p1a: Trevenant|0 fnt\n|faint|p1a: Trevenant\n|\n|t:|1699680241\n|switch|p2a: Zygarde|Zygarde-10%|88\/100|[from] U-turn\n|-ability|p2a: Zygarde|Aura Break\n|\n|-weather|SunnyDay|[upkeep]\n|upkeep\n|\n|t:|1699680270\n|switch|p1a: Blissey|Blissey, F|100\/100\n|turn|11\n|\n|t:|1699680276\n|move|p2a: Zygarde|Thousand Waves|p1a: Blissey\n|-damage|p1a: Blissey|67\/100\n|-activate|p1a: Blissey|trapped\n|move|p1a: Blissey|Toxic|p2a: Zygarde\n|-status|p2a: Zygarde|tox\n|\n|-weather|SunnyDay|[upkeep]\n|-heal|p1a: Blissey|73\/100|[from] item: Leftovers\n|-damage|p2a: Zygarde|82\/100 tox|[from] psn\n|upkeep\n|turn|12\n|\n|t:|1699680285\n|move|p2a: Zygarde|Thousand Arrows|p1a: Blissey\n|-damage|p1a: Blissey|38\/100\n|move|p1a: Blissey|Wish|p1a: Blissey\n|\n|-weather|none\n|-heal|p1a: Blissey|44\/100|[from] item: Leftovers\n|-damage|p2a: Zygarde|70\/100 tox|[from] psn\n|upkeep\n|turn|13\n|\n|t:|1699680301\n|move|p2a: Zygarde|Extreme Speed|p1a: Blissey\n|-damage|p1a: Blissey|22\/100\n|move|p1a: Blissey|Seismic Toss|p2a: Zygarde\n|-damage|p2a: Zygarde|30\/100 tox\n|\n|-heal|p1a: Blissey|72\/100|[from] move: Wish|[wisher] Blissey\n|-heal|p1a: Blissey|78\/100|[from] item: Leftovers\n|-damage|p2a: Zygarde|12\/100 tox|[from] psn\n|upkeep\n|turn|14\n|\n|t:|1699680312\n|switch|p2a: Manaphy|Manaphy|100\/100\n|move|p1a: Blissey|Wish|p1a: Blissey\n|\n|-heal|p1a: Blissey|85\/100|[from] item: Leftovers\n|upkeep\n|turn|15\n|\n|t:|1699680318\n|move|p2a: Manaphy|Tail Glow|p2a: Manaphy\n|-boost|p2a: Manaphy|spa|3\n|move|p1a: Blissey|Toxic|p2a: Manaphy|[miss]\n|-miss|p1a: Blissey|p2a: Manaphy\n|\n|-heal|p1a: Blissey|100\/100|[from] move: Wish|[wisher] Blissey\n|upkeep\n|turn|16\n|\n|t:|1699680324\n|move|p2a: Manaphy|Scald|p1a: Blissey\n|-damage|p1a: Blissey|67\/100\n|move|p1a: Blissey|Toxic|p2a: Manaphy\n|-status|p2a: Manaphy|tox\n|\n|-heal|p1a: Blissey|73\/100|[from] item: Leftovers\n|-damage|p2a: Manaphy|94\/100 tox|[from] psn\n|upkeep\n|turn|17\n|\n|t:|1699680333\n|move|p2a: Manaphy|Tail Glow|p2a: Manaphy\n|-boost|p2a: Manaphy|spa|3\n|move|p1a: Blissey|Seismic Toss|p2a: Manaphy\n|-damage|p2a: Manaphy|65\/100 tox\n|\n|-heal|p1a: Blissey|79\/100|[from] item: Leftovers\n|-damage|p2a: Manaphy|53\/100 tox|[from] psn\n|upkeep\n|turn|18\n|\n|t:|1699680345\n|switch|p1a: Torkoal|Torkoal, M|13\/100\n|-weather|SunnyDay|[from] ability: Drought|[of] p1a: Torkoal\n|move|p2a: Manaphy|Scald|p1a: Torkoal\n|-supereffective|p1a: Torkoal\n|-damage|p1a: Torkoal|0 fnt\n|faint|p1a: Torkoal\n|\n|-weather|SunnyDay|[upkeep]\n|-damage|p2a: Manaphy|34\/100 tox|[from] psn\n|upkeep\n|\n|t:|1699680358\n|switch|p1a: Gallade|Gallade, M|100\/100\n|turn|19\n|\n|t:|1699680364\n|detailschange|p1a: Gallade|Gallade-Mega, M\n|-mega|p1a: Gallade|Gallade|Galladite\n|move|p1a: Gallade|Solar Blade||[still]\n|-prepare|p1a: Gallade|Solar Blade\n|-anim|p1a: Gallade|Solar Blade|p2a: Manaphy\n|-supereffective|p2a: Manaphy\n|-damage|p2a: Manaphy|0 fnt\n|faint|p2a: Manaphy\n|\n|-weather|SunnyDay|[upkeep]\n|upkeep\n|\n|t:|1699680370\n|switch|p2a: Abomasnow|Abomasnow-Mega, F|15\/100\n|-weather|Snow|[from] ability: Snow Warning|[of] p2a: Abomasnow\n|turn|20\n|\n|t:|1699680374\n|move|p1a: Gallade|Sacred Sword|p2a: Abomasnow\n|-supereffective|p2a: Abomasnow\n|-damage|p2a: Abomasnow|0 fnt\n|faint|p2a: Abomasnow\n|\n|-weather|Snow|[upkeep]\n|upkeep\n|\n|t:|1699680382\n|switch|p2a: Dondozo|Dondozo, F|100\/100\n|turn|21\n|\n|t:|1699680384\n|move|p1a: Gallade|Solar Blade||[still]\n|-prepare|p1a: Gallade|Solar Blade\n|move|p2a: Dondozo|Curse|p2a: Dondozo\n|-unboost|p2a: Dondozo|spe|1\n|-boost|p2a: Dondozo|atk|1\n|-boost|p2a: Dondozo|def|1\n|\n|-weather|Snow|[upkeep]\n|upkeep\n|turn|22\n|\n|t:|1699680393\n|move|p1a: Gallade|Solar Blade|p2a: Dondozo|[from]lockedmove\n|-supereffective|p2a: Dondozo\n|-damage|p2a: Dondozo|85\/100\n|move|p2a: Dondozo|Curse|p2a: Dondozo\n|-unboost|p2a: Dondozo|spe|1\n|-boost|p2a: Dondozo|atk|1\n|-boost|p2a: Dondozo|def|1\n|\n|-weather|Snow|[upkeep]\n|-heal|p2a: Dondozo|92\/100|[from] item: Leftovers\n|upkeep\n|turn|23\n|\n|t:|1699680403\n|switch|p1a: Blissey|Blissey, F|79\/100\n|move|p2a: Dondozo|Curse|p2a: Dondozo\n|-unboost|p2a: Dondozo|spe|1\n|-boost|p2a: Dondozo|atk|1\n|-boost|p2a: Dondozo|def|1\n|\n|-weather|Snow|[upkeep]\n|-heal|p1a: Blissey|85\/100|[from] item: Leftovers\n|-heal|p2a: Dondozo|98\/100|[from] item: Leftovers\n|upkeep\n|turn|24\n|\n|t:|1699680406\n|move|p1a: Blissey|Toxic|p2a: Dondozo\n|-status|p2a: Dondozo|tox\n|move|p2a: Dondozo|Body Press|p1a: Blissey\n|-supereffective|p1a: Blissey\n|-damage|p1a: Blissey|0 fnt\n|faint|p1a: Blissey\n|\n|-weather|none\n|-heal|p2a: Dondozo|100\/100 tox|[from] item: Leftovers\n|-damage|p2a: Dondozo|94\/100 tox|[from] psn\n|upkeep\n|\n|t:|1699680415\n|switch|p1a: Sandy Shocks|Sandy Shocks|100\/100\n|turn|25\n|\n|t:|1699680427\n|-terastallize|p2a: Dondozo|Steel\n|move|p1a: Sandy Shocks|Spikes|p2a: Dondozo\n|-sidestart|p2: but the government|Spikes\n|move|p2a: Dondozo|Body Press|p1a: Sandy Shocks\n|-crit|p1a: Sandy Shocks\n|-damage|p1a: Sandy Shocks|0 fnt\n|faint|p1a: Sandy Shocks\n|-end|p1a: Sandy Shocks|Protosynthesis|[silent]\n|\n|-heal|p2a: Dondozo|100\/100 tox|[from] item: Leftovers\n|-damage|p2a: Dondozo|88\/100 tox|[from] psn\n|upkeep\n|\n|t:|1699680436\n|switch|p1a: Gallade|Gallade-Mega, M|100\/100\n|turn|26\n|\n|t:|1699680439\n|move|p1a: Gallade|Sacred Sword|p2a: Dondozo\n|-supereffective|p2a: Dondozo\n|-damage|p2a: Dondozo|40\/100 tox\n|move|p2a: Dondozo|Body Press|p1a: Gallade\n|-resisted|p1a: Gallade\n|-damage|p1a: Gallade|58\/100\n|\n|-heal|p2a: Dondozo|46\/100 tox|[from] item: Leftovers\n|-damage|p2a: Dondozo|28\/100 tox|[from] psn\n|upkeep\n|turn|27\n|\n|t:|1699680445\n|move|p1a: Gallade|Sacred Sword|p2a: Dondozo\n|-supereffective|p2a: Dondozo\n|-damage|p2a: Dondozo|0 fnt\n|faint|p2a: Dondozo\n|\n|upkeep\n|\n|t:|1699680450\n|switch|p2a: Landorus|Landorus-Therian, M|100\/100\n|-ability|p2a: Landorus|Intimidate|boost\n|-fail|p1a: Gallade|unboost|Attack|[from] ability: Inner Focus|[of] p1a: Gallade\n|turn|28\n|\n|t:|1699680455\n|move|p2a: Landorus|Knock Off|p1a: Gallade\n|-damage|p1a: Gallade|27\/100\n|move|p1a: Gallade|Psycho Cut|p2a: Landorus\n|-damage|p2a: Landorus|46\/100\n|\n|upkeep\n|turn|29\n|\n|t:|1699680465\n|move|p2a: Landorus|Knock Off|p1a: Gallade\n|-damage|p1a: Gallade|0 fnt\n|faint|p1a: Gallade\n|\n|upkeep\n|\n|t:|1699680466\n|switch|p1a: Volcanion|Volcanion|100\/100\n|turn|30\n|\n|t:|1699680469\n|switch|p2a: Zygarde|Zygarde-10%|12\/100 tox\n|-damage|p2a: Zygarde|0 fnt|[from] Spikes\n|faint|p2a: Zygarde\n|-zpower|p1a: Volcanion\n|move|p1a: Volcanion|Inferno Overdrive|p2: Zygarde|[zeffect]|[notarget]\n|-fail|p1a: Volcanion\n|\n|upkeep\n|\n|t:|1699680479\n|switch|p2a: Landorus|Landorus-Therian, M|46\/100\n|-ability|p2a: Landorus|Intimidate|boost\n|-unboost|p1a: Volcanion|atk|1\n|turn|31\n|\n|t:|1699680483\n|move|p2a: Landorus|Earthquake|p1a: Volcanion\n|-supereffective|p1a: Volcanion\n|-damage|p1a: Volcanion|0 fnt\n|faint|p1a: Volcanion\n|\n|win|but the government\n|raw|homuraisbestgirl's rating: 1194 &rarr; <strong>1167<\/strong><br \/>(-27 for losing)\n|raw|but the government's rating: 1170 &rarr; <strong>1197<\/strong><br \/>(+27 for winning)\n|c|\u2606homuraisbestgirl|gg\n","uploadtime":1699680490,"views":8,"p1id":"homuraisbestgirl","p2id":"butthegovernment","formatid":"gen9nationaldex","rating":1167,"private":0,"password":""}