{"id":"gen9nationaldex-1993925608","p1":"RoboDriveisthebest","p2":"firstteameveryay","format":"[Gen 9] National Dex","log":"|j|\u2606RoboDriveisthebest\n|j|\u2606firstteameveryay\n|inactive|Battle timer is ON: inactive players will automatically lose when time's up.\n|t:|1700376549\n|gametype|singles\n|player|p1|RoboDriveisthebest|cilan|\n|player|p2|firstteameveryay|swimmerf-gen4dp|\n|teamsize|p1|6\n|teamsize|p2|6\n|gen|9\n|tier|[Gen 9] National Dex\n|rated|Tournament battle\n|rule|HP Percentage Mod: HP is shown in percentages\n|rule|Endless Battle Clause: Forcing endless battles is banned\n|rule|OHKO Clause: OHKO moves are banned\n|rule|Evasion Clause: Evasion abilities, items, and moves are banned\n|rule|Evasion Abilities Clause: Evasion abilities are banned\n|rule|Evasion Items Clause: Evasion items are banned\n|rule|Evasion Moves Clause: Evasion moves are banned\n|rule|Species Clause: Limit one of each Pok\u00e9mon\n|rule|Sleep Clause Mod: Limit one foe put to sleep\n|clearpoke\n|poke|p1|Tapu Koko|\n|poke|p1|Iron Leaves|\n|poke|p1|Iron Hands|\n|poke|p1|Iron Moth|\n|poke|p1|Pincurchin, F|\n|poke|p1|Iron Valiant|\n|poke|p2|Landorus-Therian, M|\n|poke|p2|Heatran, M|\n|poke|p2|Latios, M|\n|poke|p2|Tapu Lele|\n|poke|p2|Hawlucha, F|\n|poke|p2|Alomomola, F|\n|teampreview\n|c|\u2606firstteameveryay|ooo\n|c|\u2606firstteameveryay|hype, gl hf\n|c|\u2606RoboDriveisthebest|I hate all beings\n|inactive|firstteameveryay has 120 seconds left.\n|c|\u2606RoboDriveisthebest|fall\n|\n|t:|1700376598\n|start\n|switch|p1a: Tapu Koko|Tapu Koko|100\/100\n|switch|p2a: Landorus|Landorus-Therian, M|100\/100\n|-fieldstart|move: Electric Terrain|[from] ability: Electric Surge|[of] p1a: Tapu Koko\n|-ability|p2a: Landorus|Intimidate|boost\n|-unboost|p1a: Tapu Koko|atk|1\n|turn|1\n|\n|t:|1700376614\n|move|p1a: Tapu Koko|U-turn|p2a: Landorus\n|-resisted|p2a: Landorus\n|-damage|p2a: Landorus|92\/100\n|\n|t:|1700376622\n|switch|p1a: Iron Leaves|Iron Leaves|100\/100|[from] U-turn\n|-activate|p1a: Iron Leaves|ability: Quark Drive\n|-start|p1a: Iron Leaves|quarkdrivespe\n|move|p2a: Landorus|Earthquake|p1a: Iron Leaves\n|-resisted|p1a: Iron Leaves\n|-damage|p1a: Iron Leaves|68\/100\n|\n|upkeep\n|turn|2\n|\n|t:|1700376647\n|move|p1a: Iron Leaves|Swords Dance|p1a: Iron Leaves\n|-boost|p1a: Iron Leaves|atk|2\n|-zpower|p2a: Landorus\n|move|p2a: Landorus|Supersonic Skystrike|p1a: Iron Leaves|[zeffect]\n|-supereffective|p1a: Iron Leaves\n|-damage|p1a: Iron Leaves|0 fnt\n|faint|p1a: Iron Leaves\n|-end|p1a: Iron Leaves|Quark Drive|[silent]\n|\n|upkeep\n|inactive|RoboDriveisthebest has 120 seconds left.\n|\n|t:|1700376674\n|switch|p1a: Iron Hands|Iron Hands|100\/100\n|-activate|p1a: Iron Hands|ability: Quark Drive\n|-start|p1a: Iron Hands|quarkdriveatk\n|turn|3\n|inactive|firstteameveryay has 120 seconds left.\n|\n|t:|1700376707\n|move|p2a: Landorus|U-turn|p1a: Iron Hands\n|-resisted|p1a: Iron Hands\n|-damage|p1a: Iron Hands|92\/100\n|\n|t:|1700376718\n|switch|p2a: Heatran|Heatran, M|100\/100|[from] U-turn\n|move|p1a: Iron Hands|Ice Punch|p2a: Heatran\n|-resisted|p2a: Heatran\n|-damage|p2a: Heatran|95\/100\n|\n|-heal|p2a: Heatran|100\/100|[from] item: Leftovers\n|upkeep\n|turn|4\n|\n|t:|1700376727\n|move|p2a: Heatran|Toxic|p1a: Iron Hands\n|-status|p1a: Iron Hands|tox\n|-enditem|p1a: Iron Hands|Lum Berry|[eat]\n|-curestatus|p1a: Iron Hands|tox|[msg]\n|move|p1a: Iron Hands|Drain Punch|p2a: Heatran\n|-supereffective|p2a: Heatran\n|-damage|p2a: Heatran|23\/100\n|-heal|p1a: Iron Hands|100\/100|[from] drain|[of] p2a: Heatran\n|\n|-heal|p2a: Heatran|29\/100|[from] item: Leftovers\n|upkeep\n|turn|5\n|inactive|firstteameveryay has 120 seconds left.\n|\n|t:|1700376743\n|-end|p1a: Iron Hands|Quark Drive|[silent]\n|switch|p1a: Iron Moth|Iron Moth|100\/100\n|-activate|p1a: Iron Moth|ability: Quark Drive\n|-start|p1a: Iron Moth|quarkdrivespe\n|move|p2a: Heatran|Protect||[still]\n|-fail|p2a: Heatran\n|\n|-heal|p2a: Heatran|35\/100|[from] item: Leftovers\n|-fieldend|move: Electric Terrain\n|-end|p1a: Iron Moth|Quark Drive\n|upkeep\n|turn|6\n|j| Carrotfromkanto\n|\n|t:|1700376765\n|switch|p2a: Latios|Latios, M|100\/100\n|-terastallize|p1a: Iron Moth|Fighting\n|move|p1a: Iron Moth|Tera Blast|p2a: Latios|[anim] Tera Blast Fighting\n|-resisted|p2a: Latios\n|-damage|p2a: Latios|81\/100\n|\n|upkeep\n|turn|7\n|\n|t:|1700376774\n|-end|p1a: Iron Moth|Quark Drive|[silent]\n|switch|p1a: Tapu Koko|Tapu Koko|100\/100\n|-fieldstart|move: Electric Terrain|[from] ability: Electric Surge|[of] p1a: Tapu Koko\n|detailschange|p2a: Latios|Latios-Mega, M\n|-mega|p2a: Latios|Latios|Latiosite\n|move|p2a: Latios|Psychic|p1a: Tapu Koko\n|-damage|p1a: Tapu Koko|19\/100\n|\n|upkeep\n|turn|8\n|\n|t:|1700376785\n|switch|p2a: Landorus|Landorus-Therian, M|92\/100\n|-ability|p2a: Landorus|Intimidate|boost\n|-unboost|p1a: Tapu Koko|atk|1\n|move|p1a: Tapu Koko|U-turn|p2a: Landorus\n|-resisted|p2a: Landorus\n|-damage|p2a: Landorus|83\/100\n|\n|t:|1700376791\n|switch|p1a: Iron Moth|Iron Moth, tera:Fighting|100\/100|[from] U-turn\n|-activate|p1a: Iron Moth|ability: Quark Drive\n|-start|p1a: Iron Moth|quarkdrivespe\n|\n|upkeep\n|turn|9\n|inactive|firstteameveryay has 120 seconds left.\n|\n|t:|1700376801\n|switch|p2a: Heatran|Heatran, M|35\/100\n|move|p1a: Iron Moth|Fiery Dance|p2a: Heatran\n|-start|p2a: Heatran|ability: Flash Fire\n|\n|-heal|p2a: Heatran|41\/100|[from] item: Leftovers\n|upkeep\n|turn|10\n|inactive|firstteameveryay has 120 seconds left.\n|\n|t:|1700376811\n|move|p1a: Iron Moth|Tera Blast|p2a: Heatran|[anim] Tera Blast Fighting\n|-supereffective|p2a: Heatran\n|-damage|p2a: Heatran|0 fnt\n|faint|p2a: Heatran\n|\n|upkeep\n|inactive|firstteameveryay has 120 seconds left.\n|\n|t:|1700376816\n|switch|p2a: Tapu Lele|Tapu Lele, shiny|100\/100\n|-fieldstart|move: Psychic Terrain|[from] ability: Psychic Surge|[of] p2a: Tapu Lele\n|-end|p1a: Iron Moth|Quark Drive\n|turn|11\n|\n|t:|1700376820\n|-end|p1a: Iron Moth|Quark Drive|[silent]\n|switch|p1a: Tapu Koko|Tapu Koko|19\/100\n|-fieldstart|move: Electric Terrain|[from] ability: Electric Surge|[of] p1a: Tapu Koko\n|-terastallize|p2a: Tapu Lele|Psychic\n|move|p2a: Tapu Lele|Psychic|p1a: Tapu Koko\n|-damage|p1a: Tapu Koko|0 fnt\n|faint|p1a: Tapu Koko\n|\n|upkeep\n|\n|t:|1700376833\n|switch|p1a: Iron Valiant|Iron Valiant|100\/100\n|-activate|p1a: Iron Valiant|ability: Quark Drive\n|-start|p1a: Iron Valiant|quarkdrivespe\n|turn|12\n|inactive|firstteameveryay has 120 seconds left.\n|\n|t:|1700376869\n|move|p1a: Iron Valiant|Calm Mind|p1a: Iron Valiant\n|-boost|p1a: Iron Valiant|spa|1\n|-boost|p1a: Iron Valiant|spd|1\n|move|p2a: Tapu Lele|Psychic|p1a: Iron Valiant\n|-supereffective|p1a: Iron Valiant\n|-damage|p1a: Iron Valiant|0 fnt\n|faint|p1a: Iron Valiant\n|-end|p1a: Iron Valiant|Quark Drive|[silent]\n|\n|upkeep\n|\n|t:|1700376876\n|switch|p1a: Pincurchin|Pincurchin, F|100\/100\n|turn|13\n|inactive|firstteameveryay has 120 seconds left.\n|\n|t:|1700376907\n|switch|p2a: Landorus|Landorus-Therian, M|83\/100\n|-ability|p2a: Landorus|Intimidate|boost\n|-unboost|p1a: Pincurchin|atk|1\n|move|p1a: Pincurchin|Rising Voltage|p2a: Landorus\n|-immune|p2a: Landorus\n|\n|upkeep\n|turn|14\n|\n|t:|1700376915\n|move|p2a: Landorus|Stealth Rock|p1a: Pincurchin\n|-sidestart|p1: RoboDriveisthebest|move: Stealth Rock\n|move|p1a: Pincurchin|Toxic Spikes|p2a: Landorus\n|-sidestart|p2: firstteameveryay|move: Toxic Spikes\n|\n|upkeep\n|turn|15\n|\n|t:|1700376919\n|move|p2a: Landorus|Earthquake|p1a: Pincurchin\n|-supereffective|p1a: Pincurchin\n|-damage|p1a: Pincurchin|0 fnt\n|faint|p1a: Pincurchin\n|\n|-fieldend|move: Electric Terrain\n|upkeep\n|\n|t:|1700376923\n|switch|p1a: Iron Hands|Iron Hands|100\/100\n|-damage|p1a: Iron Hands|94\/100|[from] Stealth Rock\n|turn|16\n|inactive|firstteameveryay has 120 seconds left.\n|\n|t:|1700376934\n|switch|p2a: Alomomola|Alomomola, F, shiny|100\/100\n|-status|p2a: Alomomola|psn\n|move|p1a: Iron Hands|Ice Punch|p2a: Alomomola\n|-resisted|p2a: Alomomola\n|-damage|p2a: Alomomola|92\/100 psn\n|\n|-heal|p2a: Alomomola|99\/100 psn|[from] item: Leftovers\n|-damage|p2a: Alomomola|86\/100 psn|[from] psn\n|upkeep\n|turn|17\n|\n|t:|1700376943\n|move|p2a: Alomomola|Flip Turn|p1a: Iron Hands\n|-damage|p1a: Iron Hands|85\/100\n|\n|t:|1700376946\n|switch|p2a: Landorus|Landorus-Therian, M|83\/100|[from] Flip Turn\n|-ability|p2a: Landorus|Intimidate|boost\n|-unboost|p1a: Iron Hands|atk|1\n|move|p1a: Iron Hands|Swords Dance|p1a: Iron Hands\n|-boost|p1a: Iron Hands|atk|2\n|\n|upkeep\n|turn|18\n|\n|t:|1700376951\n|move|p2a: Landorus|Earthquake|p1a: Iron Hands\n|-supereffective|p1a: Iron Hands\n|-damage|p1a: Iron Hands|13\/100\n|move|p1a: Iron Hands|Ice Punch|p2a: Landorus\n|-supereffective|p2a: Landorus\n|-damage|p2a: Landorus|0 fnt\n|faint|p2a: Landorus\n|\n|upkeep\n|\n|t:|1700376966\n|switch|p2a: Hawlucha|Hawlucha, F, shiny|100\/100\n|turn|19\n|\n|t:|1700376973\n|move|p2a: Hawlucha|U-turn|p1a: Iron Hands\n|-resisted|p1a: Iron Hands\n|-damage|p1a: Iron Hands|7\/100\n|\n|t:|1700376977\n|switch|p2a: Latios|Latios-Mega, M|81\/100|[from] U-turn\n|move|p1a: Iron Hands|Thunder Punch|p2a: Latios\n|-resisted|p2a: Latios\n|-damage|p2a: Latios|48\/100\n|\n|upkeep\n|turn|20\n|\n|t:|1700376983\n|move|p2a: Latios|Psychic|p1a: Iron Hands\n|-supereffective|p1a: Iron Hands\n|-damage|p1a: Iron Hands|0 fnt\n|faint|p1a: Iron Hands\n|-end|p1a: Iron Hands|Quark Drive|[silent]\n|\n|upkeep\n|\n|t:|1700376985\n|switch|p1a: Iron Moth|Iron Moth, tera:Fighting|100\/100\n|turn|21\n|\n|t:|1700376987\n|move|p2a: Latios|Psychic|p1a: Iron Moth\n|-supereffective|p1a: Iron Moth\n|-damage|p1a: Iron Moth|0 fnt\n|faint|p1a: Iron Moth\n|-end|p1a: Iron Moth|Quark Drive|[silent]\n|\n|win|firstteameveryay\n|n|\u2606RoboDriveisthebest|robodriveisthebest\n|n|\u2606firstteameveryay|firstteameveryay\n|n| Carrotfromkanto|carrotfromkanto\n","uploadtime":1700376990,"views":17,"p1id":"robodriveisthebest","p2id":"firstteameveryay","formatid":"gen9nationaldex","rating":0,"private":0,"password":""}