{"id":"gen9nationaldex-1988364595","p1":"Gennliams","p2":"Saltakhbvbtor","format":"[Gen 9] National Dex","log":"|j|\u2606Gennliams\n|j|\u203dSaltakhbvbtor\n|t:|1699714357\n|gametype|singles\n|player|p1|Gennliams|102|1056\n|player|p2|Saltakhbvbtor|ghetsis|1107\n|teamsize|p1|6\n|teamsize|p2|6\n|gen|9\n|tier|[Gen 9] National Dex\n|rated|\n|rule|HP Percentage Mod: HP is shown in percentages\n|rule|Endless Battle Clause: Forcing endless battles is banned\n|rule|OHKO Clause: OHKO moves are banned\n|rule|Evasion Clause: Evasion abilities, items, and moves are banned\n|rule|Evasion Abilities Clause: Evasion abilities are banned\n|rule|Evasion Items Clause: Evasion items are banned\n|rule|Evasion Moves Clause: Evasion moves are banned\n|rule|Species Clause: Limit one of each Pok\u00e9mon\n|rule|Sleep Clause Mod: Limit one foe put to sleep\n|clearpoke\n|poke|p1|Morpeko, M|\n|poke|p1|Kommo-o, F|\n|poke|p1|Reuniclus, M|\n|poke|p1|Charizard, F|\n|poke|p1|Vaporeon, M|\n|poke|p1|Sawk, M|\n|poke|p2|Salazzle, F|\n|poke|p2|Magnemite, L1|\n|poke|p2|Probopass, L2, M|\n|poke|p2|Mandibuzz, F|\n|poke|p2|Nosepass, L1, F|\n|poke|p2|Tentacruel, F|\n|teampreview\n|inactive|Battle timer is ON: inactive players will automatically lose when time's up. (requested by Gennliams)\n|inactive|Saltakhbvbtor has 120 seconds left.\n|\n|t:|1699714418\n|start\n|switch|p1a: Kommo-o|Kommo-o, F|100\/100\n|switch|p2a: Salazzle|Salazzle, F|100\/100\n|turn|1\n|inactive|Gennliams has 120 seconds left.\n|\n|t:|1699714454\n|switch|p2a: Magnemite|Magnemite, L1|100\/100\n|move|p1a: Kommo-o|Stealth Rock|p2a: Magnemite\n|-sidestart|p2: Saltakhbvbtor|move: Stealth Rock\n|\n|upkeep\n|turn|2\n|inactive|Gennliams has 120 seconds left.\n|\n|t:|1699714473\n|move|p2a: Magnemite|Toxic|p1a: Kommo-o\n|-status|p1a: Kommo-o|tox\n|move|p1a: Kommo-o|Dragon Tail|p2a: Magnemite\n|-resisted|p2a: Magnemite\n|-ability|p2a: Magnemite|Sturdy\n|-damage|p2a: Magnemite|10\/100\n|-enditem|p2a: Magnemite|Berry Juice\n|-heal|p2a: Magnemite|100\/100|[from] item: Berry Juice\n|drag|p2a: Probopass|Probopass, L2, M, shiny|100\/100\n|-damage|p2a: Probopass|93\/100|[from] Stealth Rock\n|\n|-damage|p1a: Kommo-o|94\/100 tox|[from] psn\n|upkeep\n|turn|3\n|inactive|Gennliams has 120 seconds left.\n|\n|t:|1699714488\n|move|p1a: Kommo-o|Body Press|p2a: Probopass\n|-supereffective|p2a: Probopass\n|-damage|p2a: Probopass|0 fnt\n|faint|p2a: Probopass\n|\n|-heal|p1a: Kommo-o|100\/100 tox|[from] item: Leftovers\n|-damage|p1a: Kommo-o|88\/100 tox|[from] psn\n|upkeep\n|\n|t:|1699714492\n|switch|p2a: Mandibuzz|Mandibuzz, F|100\/100\n|turn|4\n|inactive|Gennliams has 120 seconds left.\n|\n|t:|1699714511\n|move|p2a: Mandibuzz|Defog|p1a: Kommo-o\n|-unboost|p1a: Kommo-o|evasion|1\n|-sideend|p2: Saltakhbvbtor|Stealth Rock|[from] move: Defog|[of] p2a: Mandibuzz\n|move|p1a: Kommo-o|Dragon Tail|p2a: Mandibuzz\n|-damage|p2a: Mandibuzz|88\/100\n|drag|p2a: Salazzle|Salazzle, F|100\/100\n|\n|-heal|p1a: Kommo-o|94\/100 tox|[from] item: Leftovers\n|-damage|p1a: Kommo-o|76\/100 tox|[from] psn\n|upkeep\n|turn|5\n|inactive|Gennliams has 120 seconds left.\n|\n|t:|1699714523\n|move|p2a: Salazzle|Substitute|p2a: Salazzle\n|-start|p2a: Salazzle|Substitute\n|-damage|p2a: Salazzle|76\/100\n|move|p1a: Kommo-o|Stealth Rock|p2a: Salazzle\n|-sidestart|p2: Saltakhbvbtor|move: Stealth Rock\n|\n|-heal|p2a: Salazzle|82\/100|[from] item: Leftovers\n|-heal|p1a: Kommo-o|82\/100 tox|[from] item: Leftovers\n|-damage|p1a: Kommo-o|57\/100 tox|[from] psn\n|upkeep\n|turn|6\n|\n|t:|1699714529\n|move|p2a: Salazzle|Protect|p2a: Salazzle\n|-singleturn|p2a: Salazzle|Protect\n|move|p1a: Kommo-o|Body Press|p2a: Salazzle\n|-activate|p2a: Salazzle|move: Protect\n|\n|-heal|p2a: Salazzle|88\/100|[from] item: Leftovers\n|-heal|p1a: Kommo-o|63\/100 tox|[from] item: Leftovers\n|-damage|p1a: Kommo-o|32\/100 tox|[from] psn\n|upkeep\n|turn|7\n|\n|t:|1699714532\n|move|p2a: Salazzle|Flamethrower|p1a: Kommo-o\n|-resisted|p1a: Kommo-o\n|-damage|p1a: Kommo-o|19\/100 tox\n|move|p1a: Kommo-o|Body Press|p2a: Salazzle\n|-resisted|p2a: Salazzle\n|-end|p2a: Salazzle|Substitute\n|\n|-heal|p2a: Salazzle|94\/100|[from] item: Leftovers\n|-heal|p1a: Kommo-o|25\/100 tox|[from] item: Leftovers\n|-damage|p1a: Kommo-o|0 fnt|[from] psn\n|faint|p1a: Kommo-o\n|upkeep\n|\n|t:|1699714545\n|switch|p1a: Vaporeon|Vaporeon, M|100\/100\n|turn|8\n|\n|t:|1699714565\n|switch|p2a: Tentacruel|Tentacruel, F|100\/100\n|-damage|p2a: Tentacruel|88\/100|[from] Stealth Rock\n|move|p1a: Vaporeon|Acid Armor|p1a: Vaporeon\n|-boost|p1a: Vaporeon|def|2\n|\n|-heal|p2a: Tentacruel|94\/100|[from] item: Leftovers\n|upkeep\n|turn|9\n|\n|t:|1699714581\n|move|p2a: Tentacruel|Rapid Spin|p1a: Vaporeon\n|-damage|p1a: Vaporeon|96\/100\n|-boost|p2a: Tentacruel|spe|1\n|-sideend|p2: Saltakhbvbtor|Stealth Rock|[from] move: Rapid Spin|[of] p2a: Tentacruel\n|move|p1a: Vaporeon|Flip Turn|p2a: Tentacruel\n|-resisted|p2a: Tentacruel\n|-damage|p2a: Tentacruel|84\/100\n|inactive|Gennliams has 120 seconds left.\n|\n|t:|1699714599\n|switch|p1a: Charizard|Charizard, F|100\/100|[from] Flip Turn\n|\n|-heal|p2a: Tentacruel|90\/100|[from] item: Leftovers\n|upkeep\n|turn|10\n|inactive|Gennliams has 120 seconds left.\n|\n|t:|1699714628\n|switch|p1a: Vaporeon|Vaporeon, M|96\/100\n|move|p2a: Tentacruel|Toxic|p1a: Vaporeon\n|-status|p1a: Vaporeon|tox\n|\n|-heal|p2a: Tentacruel|96\/100|[from] item: Leftovers\n|-heal|p1a: Vaporeon|100\/100 tox|[from] item: Leftovers\n|-damage|p1a: Vaporeon|94\/100 tox|[from] psn\n|upkeep\n|turn|11\n|inactive|Gennliams has 120 seconds left.\n|\n|t:|1699714637\n|switch|p1a: Reuniclus|Reuniclus, M|100\/100\n|move|p2a: Tentacruel|Knock Off|p1a: Reuniclus\n|-supereffective|p1a: Reuniclus\n|-damage|p1a: Reuniclus|81\/100\n|-enditem|p1a: Reuniclus|Leftovers|[from] move: Knock Off|[of] p2a: Tentacruel\n|\n|-heal|p2a: Tentacruel|100\/100|[from] item: Leftovers\n|upkeep\n|turn|12\n|\n|t:|1699714643\n|move|p2a: Tentacruel|Toxic|p1a: Reuniclus\n|-status|p1a: Reuniclus|tox\n|move|p1a: Reuniclus|Calm Mind|p1a: Reuniclus\n|-boost|p1a: Reuniclus|spa|1\n|-boost|p1a: Reuniclus|spd|1\n|\n|upkeep\n|turn|13\n|\n|t:|1699714649\n|switch|p2a: Magnemite|Magnemite, L1|100\/100\n|move|p1a: Reuniclus|Calm Mind|p1a: Reuniclus\n|-boost|p1a: Reuniclus|spa|1\n|-boost|p1a: Reuniclus|spd|1\n|\n|upkeep\n|turn|14\n|\n|t:|1699714654\n|move|p2a: Magnemite|Protect|p2a: Magnemite\n|-singleturn|p2a: Magnemite|Protect\n|move|p1a: Reuniclus|Recover|p1a: Reuniclus\n|-heal|p1a: Reuniclus|100\/100 tox\n|\n|upkeep\n|turn|15\n|\n|t:|1699714668\n|move|p1a: Reuniclus|Focus Blast|p2a: Magnemite|[miss]\n|-miss|p1a: Reuniclus|p2a: Magnemite\n|move|p2a: Magnemite|Recycle|p2a: Magnemite\n|-item|p2a: Magnemite|Berry Juice|[from] move: Recycle\n|\n|upkeep\n|turn|16\n|\n|t:|1699714678\n|move|p2a: Magnemite|Protect|p2a: Magnemite\n|-singleturn|p2a: Magnemite|Protect\n|move|p1a: Reuniclus|Focus Blast|p2a: Magnemite\n|-activate|p2a: Magnemite|move: Protect\n|\n|upkeep\n|turn|17\n|\n|t:|1699714683\n|move|p1a: Reuniclus|Focus Blast|p2a: Magnemite|[miss]\n|-miss|p1a: Reuniclus|p2a: Magnemite\n|move|p2a: Magnemite|Recycle||[still]\n|-fail|p2a: Magnemite\n|\n|upkeep\n|turn|18\n|\n|t:|1699714696\n|move|p1a: Reuniclus|Psychic|p2a: Magnemite\n|-resisted|p2a: Magnemite\n|-ability|p2a: Magnemite|Sturdy\n|-damage|p2a: Magnemite|10\/100\n|-enditem|p2a: Magnemite|Berry Juice\n|-heal|p2a: Magnemite|100\/100|[from] item: Berry Juice\n|move|p2a: Magnemite|Toxic|p1a: Reuniclus\n|-fail|p1a: Reuniclus|tox\n|\n|upkeep\n|turn|19\n|\n|t:|1699714702\n|move|p1a: Reuniclus|Calm Mind|p1a: Reuniclus\n|-boost|p1a: Reuniclus|spa|1\n|-boost|p1a: Reuniclus|spd|1\n|move|p2a: Magnemite|Recycle|p2a: Magnemite\n|-item|p2a: Magnemite|Berry Juice|[from] move: Recycle\n|\n|upkeep\n|turn|20\n|\n|t:|1699714705\n|move|p2a: Magnemite|Protect|p2a: Magnemite\n|-singleturn|p2a: Magnemite|Protect\n|move|p1a: Reuniclus|Calm Mind|p1a: Reuniclus\n|-boost|p1a: Reuniclus|spa|1\n|-boost|p1a: Reuniclus|spd|1\n|\n|upkeep\n|turn|21\n|\n|t:|1699714710\n|move|p1a: Reuniclus|Focus Blast|p2a: Magnemite|[miss]\n|-miss|p1a: Reuniclus|p2a: Magnemite\n|move|p2a: Magnemite|Toxic|p1a: Reuniclus\n|-fail|p1a: Reuniclus|tox\n|\n|upkeep\n|turn|22\n|\n|t:|1699714713\n|move|p1a: Reuniclus|Calm Mind|p1a: Reuniclus\n|-boost|p1a: Reuniclus|spa|1\n|-boost|p1a: Reuniclus|spd|1\n|move|p2a: Magnemite|Toxic|p1a: Reuniclus\n|-fail|p1a: Reuniclus|tox\n|\n|upkeep\n|turn|23\n|\n|t:|1699714720\n|move|p2a: Magnemite|Protect|p2a: Magnemite\n|-singleturn|p2a: Magnemite|Protect\n|move|p1a: Reuniclus|Calm Mind|p1a: Reuniclus\n|-boost|p1a: Reuniclus|spa|1\n|-boost|p1a: Reuniclus|spd|1\n|\n|upkeep\n|turn|24\n|\n|t:|1699714724\n|move|p1a: Reuniclus|Focus Blast|p2a: Magnemite\n|-supereffective|p2a: Magnemite\n|-ability|p2a: Magnemite|Sturdy\n|-damage|p2a: Magnemite|10\/100\n|-enditem|p2a: Magnemite|Berry Juice\n|-heal|p2a: Magnemite|100\/100|[from] item: Berry Juice\n|move|p2a: Magnemite|Toxic|p1a: Reuniclus\n|-fail|p1a: Reuniclus|tox\n|\n|upkeep\n|turn|25\n|\n|t:|1699714729\n|move|p1a: Reuniclus|Calm Mind|p1a: Reuniclus\n|-boost|p1a: Reuniclus|spa|0\n|-boost|p1a: Reuniclus|spd|0\n|move|p2a: Magnemite|Recycle|p2a: Magnemite\n|-item|p2a: Magnemite|Berry Juice|[from] move: Recycle\n|\n|upkeep\n|turn|26\n|\n|t:|1699714734\n|move|p2a: Magnemite|Protect|p2a: Magnemite\n|-singleturn|p2a: Magnemite|Protect\n|move|p1a: Reuniclus|Psychic|p2a: Magnemite\n|-activate|p2a: Magnemite|move: Protect\n|\n|upkeep\n|turn|27\n|\n|t:|1699714739\n|move|p2a: Magnemite|Magic Coat|p2a: Magnemite\n|-singleturn|p2a: Magnemite|move: Magic Coat\n|move|p1a: Reuniclus|Psychic|p2a: Magnemite\n|-resisted|p2a: Magnemite\n|-ability|p2a: Magnemite|Sturdy\n|-damage|p2a: Magnemite|10\/100\n|-enditem|p2a: Magnemite|Berry Juice\n|-heal|p2a: Magnemite|100\/100|[from] item: Berry Juice\n|\n|upkeep\n|turn|28\n|\n|t:|1699714742\n|move|p1a: Reuniclus|Psychic|p2a: Magnemite\n|-resisted|p2a: Magnemite\n|-ability|p2a: Magnemite|Sturdy\n|-damage|p2a: Magnemite|10\/100\n|move|p2a: Magnemite|Recycle|p2a: Magnemite\n|-item|p2a: Magnemite|Berry Juice|[from] move: Recycle\n|-enditem|p2a: Magnemite|Berry Juice\n|-heal|p2a: Magnemite|100\/100|[from] item: Berry Juice\n|\n|upkeep\n|turn|29\n|\n|t:|1699714745\n|move|p2a: Magnemite|Protect|p2a: Magnemite\n|-singleturn|p2a: Magnemite|Protect\n|move|p1a: Reuniclus|Psychic|p2a: Magnemite\n|-activate|p2a: Magnemite|move: Protect\n|\n|upkeep\n|turn|30\n|\n|t:|1699714757\n|switch|p1a: Morpeko|Morpeko, M|100\/100\n|move|p2a: Magnemite|Recycle|p2a: Magnemite\n|-item|p2a: Magnemite|Berry Juice|[from] move: Recycle\n|\n|-formechange|p1a: Morpeko|Morpeko-Hangry||[from] ability: Hunger Switch\n|upkeep\n|turn|31\n|\n|t:|1699714761\n|move|p2a: Magnemite|Protect|p2a: Magnemite\n|-singleturn|p2a: Magnemite|Protect\n|move|p1a: Morpeko|Fake Out|p2a: Magnemite\n|-activate|p2a: Magnemite|move: Protect\n|\n|-formechange|p1a: Morpeko|Morpeko||[from] ability: Hunger Switch\n|upkeep\n|turn|32\n|\n|t:|1699714767\n|switch|p1a: Reuniclus|Reuniclus, M|100\/100 tox\n|move|p2a: Magnemite|Toxic|p1a: Reuniclus|[miss]\n|-miss|p2a: Magnemite|p1a: Reuniclus\n|\n|upkeep\n|turn|33\n|\n|t:|1699714770\n|switch|p1a: Morpeko|Morpeko, M|100\/100\n|move|p2a: Magnemite|Toxic|p1a: Morpeko\n|-status|p1a: Morpeko|tox\n|\n|-damage|p1a: Morpeko|94\/100 tox|[from] psn\n|-formechange|p1a: Morpeko|Morpeko-Hangry||[from] ability: Hunger Switch\n|upkeep\n|turn|34\n|\n|t:|1699714775\n|move|p2a: Magnemite|Protect|p2a: Magnemite\n|-singleturn|p2a: Magnemite|Protect\n|move|p1a: Morpeko|Fake Out|p2a: Magnemite\n|-activate|p2a: Magnemite|move: Protect\n|\n|-damage|p1a: Morpeko|82\/100 tox|[from] psn\n|-formechange|p1a: Morpeko|Morpeko||[from] ability: Hunger Switch\n|upkeep\n|turn|35\n|\n|t:|1699714781\n|switch|p1a: Reuniclus|Reuniclus, M|100\/100 tox\n|switch|p2a: Mandibuzz|Mandibuzz, F|88\/100\n|\n|upkeep\n|turn|36\n|\n|t:|1699714785\n|move|p2a: Mandibuzz|Foul Play|p1a: Reuniclus\n|-supereffective|p1a: Reuniclus\n|-damage|p1a: Reuniclus|77\/100 tox\n|move|p1a: Reuniclus|Psychic|p2a: Mandibuzz\n|-immune|p2a: Mandibuzz\n|\n|upkeep\n|turn|37\n|\n|t:|1699714791\n|move|p2a: Mandibuzz|Foul Play|p1a: Reuniclus\n|-supereffective|p1a: Reuniclus\n|-damage|p1a: Reuniclus|52\/100 tox\n|move|p1a: Reuniclus|Calm Mind|p1a: Reuniclus\n|-boost|p1a: Reuniclus|spa|1\n|-boost|p1a: Reuniclus|spd|1\n|\n|upkeep\n|turn|38\n|\n|t:|1699714804\n|move|p2a: Mandibuzz|Foul Play|p1a: Reuniclus\n|-supereffective|p1a: Reuniclus\n|-damage|p1a: Reuniclus|26\/100 tox\n|move|p1a: Reuniclus|Recover|p1a: Reuniclus\n|-heal|p1a: Reuniclus|76\/100 tox\n|\n|upkeep\n|turn|39\n|\n|t:|1699714814\n|switch|p2a: Magnemite|Magnemite, L1|100\/100\n|move|p1a: Reuniclus|Calm Mind|p1a: Reuniclus\n|-boost|p1a: Reuniclus|spa|1\n|-boost|p1a: Reuniclus|spd|1\n|\n|upkeep\n|turn|40\n|\n|t:|1699714819\n|move|p1a: Reuniclus|Recover|p1a: Reuniclus\n|-heal|p1a: Reuniclus|100\/100 tox\n|move|p2a: Magnemite|Toxic|p1a: Reuniclus\n|-fail|p1a: Reuniclus|tox\n|\n|upkeep\n|turn|41\n|\n|t:|1699714822\n|move|p2a: Magnemite|Protect|p2a: Magnemite\n|-singleturn|p2a: Magnemite|Protect\n|move|p1a: Reuniclus|Psychic|p2a: Magnemite\n|-activate|p2a: Magnemite|move: Protect\n|\n|upkeep\n|turn|42\n|\n|t:|1699714828\n|move|p1a: Reuniclus|Psychic|p2a: Magnemite\n|-resisted|p2a: Magnemite\n|-ability|p2a: Magnemite|Sturdy\n|-damage|p2a: Magnemite|10\/100\n|-enditem|p2a: Magnemite|Berry Juice\n|-heal|p2a: Magnemite|100\/100|[from] item: Berry Juice\n|move|p2a: Magnemite|Recycle|p2a: Magnemite\n|-item|p2a: Magnemite|Berry Juice|[from] move: Recycle\n|\n|upkeep\n|turn|43\n|\n|t:|1699714833\n|switch|p1a: Vaporeon|Vaporeon, M|94\/100 tox\n|move|p2a: Magnemite|Toxic|p1a: Vaporeon\n|-fail|p1a: Vaporeon|tox\n|\n|-heal|p1a: Vaporeon|100\/100 tox|[from] item: Leftovers\n|-damage|p1a: Vaporeon|94\/100 tox|[from] psn\n|upkeep\n|turn|44\n|\n|t:|1699714839\n|switch|p2a: Tentacruel|Tentacruel, F|100\/100\n|move|p1a: Vaporeon|Liquidation|p2a: Tentacruel\n|-resisted|p2a: Tentacruel\n|-damage|p2a: Tentacruel|86\/100\n|\n|-heal|p2a: Tentacruel|92\/100|[from] item: Leftovers\n|-heal|p1a: Vaporeon|100\/100 tox|[from] item: Leftovers\n|-damage|p1a: Vaporeon|88\/100 tox|[from] psn\n|upkeep\n|turn|45\n|\n|t:|1699714846\n|switch|p1a: Sawk|Sawk, M|100\/100\n|-ability|p1a: Sawk|Mold Breaker\n|move|p2a: Tentacruel|Knock Off|p1a: Sawk\n|-resisted|p1a: Sawk\n|-damage|p1a: Sawk|88\/100\n|-enditem|p1a: Sawk|Expert Belt|[from] move: Knock Off|[of] p2a: Tentacruel\n|\n|-heal|p2a: Tentacruel|98\/100|[from] item: Leftovers\n|upkeep\n|turn|46\n|\n|t:|1699714854\n|move|p2a: Tentacruel|Toxic|p1a: Sawk\n|-status|p1a: Sawk|tox\n|move|p1a: Sawk|Bulk Up|p1a: Sawk\n|-boost|p1a: Sawk|atk|1\n|-boost|p1a: Sawk|def|1\n|\n|-heal|p2a: Tentacruel|100\/100|[from] item: Leftovers\n|-damage|p1a: Sawk|82\/100 tox|[from] psn\n|upkeep\n|turn|47\n|\n|t:|1699714860\n|move|p2a: Tentacruel|Scald|p1a: Sawk\n|-damage|p1a: Sawk|51\/100 tox\n|move|p1a: Sawk|Karate Chop|p2a: Tentacruel\n|-resisted|p2a: Tentacruel\n|-damage|p2a: Tentacruel|75\/100\n|\n|-heal|p2a: Tentacruel|81\/100|[from] item: Leftovers\n|-damage|p1a: Sawk|39\/100 tox|[from] psn\n|upkeep\n|turn|48\n|\n|t:|1699714873\n|move|p2a: Tentacruel|Scald|p1a: Sawk\n|-damage|p1a: Sawk|7\/100 tox\n|move|p1a: Sawk|Karate Chop|p2a: Tentacruel\n|-resisted|p2a: Tentacruel\n|-damage|p2a: Tentacruel|55\/100\n|\n|-heal|p2a: Tentacruel|61\/100|[from] item: Leftovers\n|-damage|p1a: Sawk|0 fnt|[from] psn\n|faint|p1a: Sawk\n|upkeep\n|\n|t:|1699714882\n|switch|p1a: Reuniclus|Reuniclus, M|100\/100 tox\n|turn|49\n|\n|t:|1699714887\n|switch|p2a: Mandibuzz|Mandibuzz, F|88\/100\n|move|p1a: Reuniclus|Calm Mind|p1a: Reuniclus\n|-boost|p1a: Reuniclus|spa|1\n|-boost|p1a: Reuniclus|spd|1\n|\n|upkeep\n|turn|50\n|\n|t:|1699714893\n|move|p2a: Mandibuzz|Foul Play|p1a: Reuniclus\n|-supereffective|p1a: Reuniclus\n|-damage|p1a: Reuniclus|77\/100 tox\n|move|p1a: Reuniclus|Focus Blast|p2a: Mandibuzz\n|-damage|p2a: Mandibuzz|50\/100\n|\n|upkeep\n|turn|51\n|\n|t:|1699714903\n|switch|p2a: Magnemite|Magnemite, L1|100\/100\n|move|p1a: Reuniclus|Focus Blast|p2a: Magnemite|[miss]\n|-miss|p1a: Reuniclus|p2a: Magnemite\n|\n|upkeep\n|turn|52\n|\n|t:|1699714915\n|switch|p1a: Vaporeon|Vaporeon, M|88\/100 tox\n|move|p2a: Magnemite|Toxic|p1a: Vaporeon\n|-fail|p1a: Vaporeon|tox\n|\n|-heal|p1a: Vaporeon|94\/100 tox|[from] item: Leftovers\n|-damage|p1a: Vaporeon|88\/100 tox|[from] psn\n|upkeep\n|turn|53\n|\n|t:|1699714921\n|move|p2a: Magnemite|Protect|p2a: Magnemite\n|-singleturn|p2a: Magnemite|Protect\n|move|p1a: Vaporeon|Flip Turn|p2a: Magnemite\n|-activate|p2a: Magnemite|move: Protect\n|\n|-heal|p1a: Vaporeon|94\/100 tox|[from] item: Leftovers\n|-damage|p1a: Vaporeon|82\/100 tox|[from] psn\n|upkeep\n|turn|54\n|\n|t:|1699714926\n|move|p1a: Vaporeon|Flip Turn|p2a: Magnemite\n|-ability|p2a: Magnemite|Sturdy\n|-damage|p2a: Magnemite|10\/100\n|-enditem|p2a: Magnemite|Berry Juice\n|-heal|p2a: Magnemite|100\/100|[from] item: Berry Juice\n|\n|t:|1699714930\n|switch|p1a: Morpeko|Morpeko, M|82\/100 tox|[from] Flip Turn\n|move|p2a: Magnemite|Recycle|p2a: Magnemite\n|-item|p2a: Magnemite|Berry Juice|[from] move: Recycle\n|\n|-damage|p1a: Morpeko|76\/100 tox|[from] psn\n|-formechange|p1a: Morpeko|Morpeko-Hangry||[from] ability: Hunger Switch\n|upkeep\n|turn|55\n|\n|t:|1699714954\n|switch|p2a: Nosepass|Nosepass, L1, F, shiny|100\/100\n|move|p1a: Morpeko|Fake Out|p2a: Nosepass\n|-resisted|p2a: Nosepass\n|-ability|p2a: Nosepass|Sturdy\n|-damage|p2a: Nosepass|10\/100\n|-enditem|p2a: Nosepass|Berry Juice\n|-heal|p2a: Nosepass|100\/100|[from] item: Berry Juice\n|\n|-damage|p1a: Morpeko|63\/100 tox|[from] psn\n|-formechange|p1a: Morpeko|Morpeko||[from] ability: Hunger Switch\n|upkeep\n|turn|56\n|-message|Gennliams forfeited.\n|\n|win|Saltakhbvbtor\n|raw|Gennliams's rating: 1056 &rarr; <strong>1042<\/strong><br \/>(-14 for losing)\n|raw|Saltakhbvbtor's rating: 1139 &rarr; <strong>1158<\/strong><br \/>(+19 for winning)\n|l|\u2606Gennliams\n","uploadtime":1699714984,"views":4,"p1id":"gennliams","p2id":"saltakhbvbtor","formatid":"gen9nationaldex","rating":1042,"private":0,"password":""}