{"id":"gen9nationaldex-1993498405","p1":"Oxxo_ntsm","p2":"SebasTrainer2461","format":"[Gen 9] National Dex","log":"|j|\u2606Oxxo_ntsm\n|j|\u2606SebasTrainer2461\n|t:|1700325033\n|gametype|singles\n|player|p1|Oxxo_ntsm|hilbert-wonderlauncher|\n|player|p2|SebasTrainer2461|ethan|\n|teamsize|p1|6\n|teamsize|p2|6\n|gen|9\n|tier|[Gen 9] National Dex\n|rule|HP Percentage Mod: HP is shown in percentages\n|rule|Endless Battle Clause: Forcing endless battles is banned\n|rule|OHKO Clause: OHKO moves are banned\n|rule|Evasion Clause: Evasion abilities, items, and moves are banned\n|rule|Evasion Abilities Clause: Evasion abilities are banned\n|rule|Evasion Items Clause: Evasion items are banned\n|rule|Evasion Moves Clause: Evasion moves are banned\n|rule|Species Clause: Limit one of each Pok\u00e9mon\n|rule|Sleep Clause Mod: Limit one foe put to sleep\n|clearpoke\n|poke|p1|Charizard, M|\n|poke|p1|Volcarona, F|\n|poke|p1|Victini|\n|poke|p1|Ceruledge, M|\n|poke|p1|Chandelure, F|\n|poke|p1|Flareon, M|\n|poke|p2|Metagross|\n|poke|p2|Lucario, M|\n|poke|p2|Heatran, M|\n|poke|p2|Kartana|\n|poke|p2|Aegislash, M|\n|poke|p2|Aggron, M|\n|teampreview\n|inactive|Battle timer is ON: inactive players will automatically lose when time's up. (requested by Oxxo_ntsm)\n|\n|t:|1700325054\n|start\n|switch|p1a: Mothra|Volcarona, F|100\/100\n|switch|p2a: Lucario|Lucario, M|100\/100\n|turn|1\n|\n|t:|1700325067\n|move|p1a: Mothra|Quiver Dance|p1a: Mothra\n|-boost|p1a: Mothra|spa|1\n|-boost|p1a: Mothra|spd|1\n|-boost|p1a: Mothra|spe|1\n|move|p2a: Lucario|Close Combat|p1a: Mothra\n|-resisted|p1a: Mothra\n|-crit|p1a: Mothra\n|-damage|p1a: Mothra|40\/100\n|-unboost|p2a: Lucario|def|1\n|-unboost|p2a: Lucario|spd|1\n|-status|p2a: Lucario|brn|[from] ability: Flame Body|[of] p1a: Mothra\n|\n|-damage|p2a: Lucario|95\/100 brn|[from] brn\n|upkeep\n|turn|2\n|\n|t:|1700325088\n|-terastallize|p1a: Mothra|Ground\n|move|p1a: Mothra|Tera Blast|p2a: Lucario|[anim] Tera Blast Ground\n|-supereffective|p2a: Lucario\n|-damage|p2a: Lucario|0 fnt\n|faint|p2a: Lucario\n|\n|upkeep\n|inactive|SebasTrainer2461 has 270 seconds left.\n|\n|t:|1700325104\n|switch|p2a: Aegislash|Aegislash, M|100\/100\n|turn|3\n|\n|t:|1700325112\n|move|p1a: Mothra|Fiery Dance|p2a: Aegislash\n|-supereffective|p2a: Aegislash\n|-damage|p2a: Aegislash|0 fnt\n|faint|p2a: Aegislash\n|\n|upkeep\n|inactive|SebasTrainer2461 has 270 seconds left.\n|\n|t:|1700325127\n|switch|p2a: Heatran|Heatran, M|100\/100\n|turn|4\n|inactive|SebasTrainer2461 has 270 seconds left.\n|\n|t:|1700325141\n|move|p1a: Mothra|Tera Blast|p2a: Heatran|[anim] Tera Blast Ground\n|-supereffective|p2a: Heatran\n|-damage|p2a: Heatran|0 fnt\n|faint|p2a: Heatran\n|\n|upkeep\n|\n|t:|1700325157\n|switch|p2a: Aggron|Aggron, M|100\/100\n|turn|5\n|\n|t:|1700325164\n|detailschange|p2a: Aggron|Aggron-Mega, M\n|-mega|p2a: Aggron|Aggron|Aggronite\n|move|p1a: Mothra|Tera Blast|p2a: Aggron|[anim] Tera Blast Ground\n|-supereffective|p2a: Aggron\n|-crit|p2a: Aggron\n|-damage|p2a: Aggron|0 fnt\n|faint|p2a: Aggron\n|\n|upkeep\n|\n|t:|1700325174\n|switch|p2a: Metagross|Metagross|100\/100\n|turn|6\n|\n|t:|1700325183\n|move|p1a: Mothra|Tera Blast|p2a: Metagross|[anim] Tera Blast Ground\n|-supereffective|p2a: Metagross\n|-damage|p2a: Metagross|0 fnt\n|faint|p2a: Metagross\n|\n|upkeep\n|\n|t:|1700325194\n|switch|p2a: Kartana|Kartana|100\/100\n|turn|7\n|\n|t:|1700325204\n|-terastallize|p2a: Kartana|Grass\n|move|p1a: Mothra|Fiery Dance|p2a: Kartana\n|-supereffective|p2a: Kartana\n|-damage|p2a: Kartana|0 fnt\n|faint|p2a: Kartana\n|\n|win|Oxxo_ntsm\n","uploadtime":1700325214,"views":8,"p1id":"oxxontsm","p2id":"sebastrainer2461","formatid":"gen9nationaldex","rating":0,"private":0,"password":""}