{"id":"gen9nationaldex-1996325160","p1":"MP1024","p2":"PM4201","format":"[Gen 9] National Dex","log":"|html|<div class=\"broadcast-blue\"><strong>[Gen 9] National Dex is currently suspecting Sneasler! For information on how to participate check out the <a href=\"https:\/\/www.smogon.com\/forums\/threads\/sv-national-dex-suspect-8-just-dance.3731534\/\">suspect thread<\/a>.<\/strong><\/div>\n|j|\u2606MP1024\n|j|\u2606PM4201\n|t:|1700671297\n|gametype|singles\n|player|p1|MP1024|scientist|\n|player|p2|PM4201|pokemonranger-gen4|\n|teamsize|p1|6\n|teamsize|p2|6\n|gen|9\n|tier|[Gen 9] National Dex\n|rule|HP Percentage Mod: HP is shown in percentages\n|rule|Endless Battle Clause: Forcing endless battles is banned\n|rule|OHKO Clause: OHKO moves are banned\n|rule|Evasion Clause: Evasion abilities, items, and moves are banned\n|rule|Evasion Abilities Clause: Evasion abilities are banned\n|rule|Evasion Items Clause: Evasion items are banned\n|rule|Evasion Moves Clause: Evasion moves are banned\n|rule|Species Clause: Limit one of each Pok\u00e9mon\n|rule|Sleep Clause Mod: Limit one foe put to sleep\n|clearpoke\n|poke|p1|Iron Valiant|\n|poke|p1|Iron Moth|\n|poke|p1|Sandy Shocks|\n|poke|p1|Brute Bonnet|\n|poke|p1|Glimmora, F|\n|poke|p1|Medicham, M|\n|poke|p2|Mantine, F|\n|poke|p2|Weavile, F|\n|poke|p2|Garchomp, M|\n|poke|p2|Sableye, F|\n|poke|p2|Mismagius, M|\n|poke|p2|Rampardos, M|\n|teampreview\n|inactive|Battle timer is ON: inactive players will automatically lose when time's up. (requested by MP1024)\n|inactive|MP1024 has 270 seconds left.\n|inactive|PM4201 has 270 seconds left.\n|\n|t:|1700671329\n|start\n|switch|p1a: Iron Moth|Iron Moth|100\/100\n|switch|p2a: Mantine|Mantine, F|100\/100\n|-item|p1a: Iron Moth|Air Balloon\n|turn|1\n|\n|t:|1700671341\n|move|p1a: Iron Moth|Discharge|p2a: Mantine\n|-supereffective|p2a: Mantine\n|-enditem|p2a: Mantine|Wacan Berry|[eat]\n|-enditem|p2a: Mantine|Wacan Berry|[weaken]\n|-damage|p2a: Mantine|58\/100\n|-status|p2a: Mantine|par\n|cant|p2a: Mantine|par\n|\n|upkeep\n|turn|2\n|\n|t:|1700671353\n|move|p1a: Iron Moth|Discharge|p2a: Mantine\n|-supereffective|p2a: Mantine\n|-damage|p2a: Mantine|0 fnt\n|faint|p2a: Mantine\n|\n|upkeep\n|\n|t:|1700671362\n|switch|p2a: Weavile|Weavile, F|100\/100\n|-ability|p2a: Weavile|Pressure\n|turn|3\n|\n|t:|1700671368\n|move|p2a: Weavile|Fake Out|p1a: Iron Moth\n|-damage|p1a: Iron Moth|77\/100\n|-enditem|p1a: Iron Moth|Air Balloon\n|cant|p1a: Iron Moth|flinch\n|\n|upkeep\n|turn|4\n|\n|t:|1700671379\n|move|p2a: Weavile|Knock Off|p1a: Iron Moth\n|-damage|p1a: Iron Moth|25\/100\n|move|p1a: Iron Moth|Bug Buzz|p2a: Weavile\n|-supereffective|p2a: Weavile\n|-damage|p2a: Weavile|11\/100\n|\n|upkeep\n|turn|5\n|\n|t:|1700671390\n|move|p2a: Weavile|Poison Jab|p1a: Iron Moth\n|-resisted|p1a: Iron Moth\n|-damage|p1a: Iron Moth|3\/100\n|move|p1a: Iron Moth|Fiery Dance|p2a: Weavile\n|-supereffective|p2a: Weavile\n|-damage|p2a: Weavile|0 fnt\n|-boost|p1a: Iron Moth|spa|1\n|faint|p2a: Weavile\n|\n|upkeep\n|inactive|PM4201 has 270 seconds left.\n|\n|t:|1700671416\n|switch|p2a: Rampardos|Rampardos, M|100\/100\n|turn|6\n|inactive|PM4201 has 270 seconds left.\n|\n|t:|1700671427\n|move|p1a: Iron Moth|Discharge|p2a: Rampardos\n|-damage|p2a: Rampardos|33\/100\n|move|p2a: Rampardos|Earthquake|p1a: Iron Moth\n|-supereffective|p1a: Iron Moth\n|-damage|p1a: Iron Moth|0 fnt\n|faint|p1a: Iron Moth\n|-end|p1a: Iron Moth|Quark Drive|[silent]\n|\n|upkeep\n|\n|t:|1700671435\n|switch|p1a: Brute Bonnet|Brute Bonnet|100\/100\n|turn|7\n|inactiveoff|Battle timer is now OFF.\n|inactive|Battle timer is ON: inactive players will automatically lose when time's up. (requested by MP1024)\n|\n|t:|1700671681\n|move|p2a: Rampardos|Zen Headbutt|p1a: Brute Bonnet\n|-immune|p1a: Brute Bonnet\n|move|p1a: Brute Bonnet|Seed Bomb|p2a: Rampardos\n|-supereffective|p2a: Rampardos\n|-damage|p2a: Rampardos|0 fnt\n|faint|p2a: Rampardos\n|\n|upkeep\n|inactive|PM4201 has 270 seconds left.\n|\n|t:|1700671696\n|switch|p2a: Sableye|Sableye, F|100\/100\n|turn|8\n|\n|t:|1700671719\n|move|p2a: Sableye|Bulk Up|p2a: Sableye\n|-boost|p2a: Sableye|atk|1\n|-boost|p2a: Sableye|def|1\n|move|p1a: Brute Bonnet|Stomping Tantrum|p2a: Sableye\n|-damage|p2a: Sableye|72\/100\n|\n|upkeep\n|turn|9\n|\n|t:|1700671732\n|move|p1a: Brute Bonnet|Sucker Punch||[still]\n|-fail|p1a: Brute Bonnet\n|move|p2a: Sableye|Bulk Up|p2a: Sableye\n|-boost|p2a: Sableye|atk|1\n|-boost|p2a: Sableye|def|1\n|\n|upkeep\n|turn|10\n|\n|t:|1700671742\n|detailschange|p2a: Sableye|Sableye-Mega, F\n|-mega|p2a: Sableye|Sableye|Sablenite\n|move|p1a: Brute Bonnet|Stomping Tantrum|p2a: Sableye\n|-damage|p2a: Sableye|44\/100\n|move|p2a: Sableye|Drain Punch|p1a: Brute Bonnet\n|-supereffective|p1a: Brute Bonnet\n|-damage|p1a: Brute Bonnet|25\/100\n|-heal|p2a: Sableye|97\/100|[from] drain|[of] p1a: Brute Bonnet\n|\n|upkeep\n|turn|11\n|\n|t:|1700671753\n|move|p1a: Brute Bonnet|Seed Bomb|p2a: Sableye\n|-damage|p2a: Sableye|77\/100\n|move|p2a: Sableye|Fire Punch|p1a: Brute Bonnet\n|-supereffective|p1a: Brute Bonnet\n|-damage|p1a: Brute Bonnet|0 fnt\n|faint|p1a: Brute Bonnet\n|-end|p1a: Brute Bonnet|Protosynthesis|[silent]\n|\n|upkeep\n|\n|t:|1700671765\n|switch|p1a: Medicham|Medicham, M|100\/100\n|turn|12\n|\n|t:|1700671772\n|move|p1a: Medicham|Bullet Punch|p2a: Sableye\n|-damage|p2a: Sableye|69\/100\n|move|p2a: Sableye|Foul Play|p1a: Medicham\n|-damage|p1a: Medicham|46\/100\n|\n|upkeep\n|turn|13\n|\n|t:|1700671782\n|move|p1a: Medicham|Bullet Punch|p2a: Sableye\n|-damage|p2a: Sableye|60\/100\n|move|p2a: Sableye|Fire Punch|p1a: Medicham\n|-damage|p1a: Medicham|0 fnt\n|faint|p1a: Medicham\n|\n|upkeep\n|\n|t:|1700671797\n|switch|p1a: Iron Valiant|Iron Valiant|100\/100\n|-enditem|p1a: Iron Valiant|Booster Energy\n|-activate|p1a: Iron Valiant|ability: Quark Drive|[fromitem]\n|-start|p1a: Iron Valiant|quarkdrivespe\n|turn|14\n|\n|t:|1700671805\n|move|p1a: Iron Valiant|Spirit Break|p2a: Sableye\n|-supereffective|p2a: Sableye\n|-crit|p2a: Sableye\n|-damage|p2a: Sableye|0 fnt\n|faint|p2a: Sableye\n|\n|upkeep\n|\n|t:|1700671810\n|switch|p2a: Mismagius|Mismagius, M|100\/100\n|turn|15\n|\n|t:|1700671817\n|move|p1a: Iron Valiant|Psycho Cut|p2a: Mismagius\n|-damage|p2a: Mismagius|48\/100\n|move|p2a: Mismagius|Psychic|p1a: Iron Valiant\n|-supereffective|p1a: Iron Valiant\n|-damage|p1a: Iron Valiant|0 fnt\n|faint|p1a: Iron Valiant\n|-end|p1a: Iron Valiant|Quark Drive|[silent]\n|\n|upkeep\n|\n|t:|1700671823\n|switch|p1a: Glimmora|Glimmora, F|100\/100\n|turn|16\n|\n|t:|1700671830\n|move|p2a: Mismagius|Psychic|p1a: Glimmora\n|-supereffective|p1a: Glimmora\n|-damage|p1a: Glimmora|20\/100\n|move|p1a: Glimmora|Mortal Spin|p2a: Mismagius\n|-resisted|p2a: Mismagius\n|-damage|p2a: Mismagius|41\/100\n|-status|p2a: Mismagius|psn\n|\n|-damage|p2a: Mismagius|29\/100 psn|[from] psn\n|upkeep\n|turn|17\n|inactiveoff|Battle timer is now OFF.\n|inactive|Battle timer is ON: inactive players will automatically lose when time's up. (requested by MP1024)\n|\n|t:|1700671924\n|move|p2a: Mismagius|Destiny Bond|p2a: Mismagius\n|-singlemove|p2a: Mismagius|Destiny Bond\n|move|p1a: Glimmora|Toxic Spikes|p2a: Mismagius\n|-sidestart|p2: PM4201|move: Toxic Spikes\n|\n|-damage|p2a: Mismagius|17\/100 psn|[from] psn\n|upkeep\n|turn|18\n|\n|t:|1700671936\n|move|p2a: Mismagius|Shadow Ball|p1a: Glimmora\n|-damage|p1a: Glimmora|0 fnt\n|faint|p1a: Glimmora\n|\n|-damage|p2a: Mismagius|5\/100 psn|[from] psn\n|upkeep\n|\n|t:|1700671940\n|switch|p1a: Sandy Shocks|Sandy Shocks|100\/100\n|turn|19\n|\n|t:|1700671948\n|move|p2a: Mismagius|Destiny Bond|p2a: Mismagius\n|-singlemove|p2a: Mismagius|Destiny Bond\n|move|p1a: Sandy Shocks|Discharge|p2a: Mismagius\n|-damage|p2a: Mismagius|0 fnt\n|faint|p2a: Mismagius\n|-activate|p2a: Mismagius|move: Destiny Bond\n|faint|p1a: Sandy Shocks\n|-end|p1a: Sandy Shocks|Protosynthesis|[silent]\n|\n|win|PM4201\n","uploadtime":1700671960,"views":0,"p1id":"mp1024","p2id":"pm4201","formatid":"gen9nationaldex","rating":0,"private":0,"password":""}