{"id":"gen9nationaldex-1993326627","p1":"stinkydedenne","p2":"The power of ROCK","format":"[Gen 9] National Dex","log":"|j|\u2606stinkydedenne\n|j|\u2606The power of ROCK\n|inactive|Battle timer is ON: inactive players will automatically lose when time's up.\n|t:|1700298959\n|gametype|singles\n|player|p1|stinkydedenne|170|\n|player|p2|The power of ROCK|roark|\n|teamsize|p1|6\n|teamsize|p2|6\n|gen|9\n|tier|[Gen 9] National Dex\n|rated|Tournament battle\n|rule|HP Percentage Mod: HP is shown in percentages\n|rule|Endless Battle Clause: Forcing endless battles is banned\n|rule|OHKO Clause: OHKO moves are banned\n|rule|Evasion Clause: Evasion abilities, items, and moves are banned\n|rule|Evasion Abilities Clause: Evasion abilities are banned\n|rule|Evasion Items Clause: Evasion items are banned\n|rule|Evasion Moves Clause: Evasion moves are banned\n|rule|Species Clause: Limit one of each Pok\u00e9mon\n|rule|Sleep Clause Mod: Limit one foe put to sleep\n|clearpoke\n|poke|p1|Tornadus-Therian, M|\n|poke|p1|Great Tusk|\n|poke|p1|Skeledirge, M|\n|poke|p1|Dragonite, F|\n|poke|p1|Zoroark-Hisui, F|\n|poke|p1|Lopunny, M|\n|poke|p2|Tyranitar, F|\n|poke|p2|Garganacl, M|\n|poke|p2|Aggron, F|\n|poke|p2|Cradily, F|\n|poke|p2|Glimmora, F|\n|poke|p2|Avalugg-Hisui, M|\n|teampreview\n|j| LucksmanDMormon\n|j| Loserest Test\n|c|\u2606The power of ROCK|Welcome to the ROCK gym\n|\n|t:|1700298980\n|start\n|switch|p1a: Dragonite|Dragonite, F|100\/100\n|switch|p2a: Glimmora|Glimmora, F|100\/100\n|turn|1\n|c|\u2606stinkydedenne|Thank you\n|c|\u2606stinkydedenne|I want my Pewter City Badge\n|\n|t:|1700298999\n|move|p2a: Glimmora|Mortal Spin|p1a: Dragonite\n|-resisted|p1a: Dragonite\n|-damage|p1a: Dragonite|97\/100\n|-status|p1a: Dragonite|psn\n|replace|p1a: Zoroark|Zoroark-Hisui, F\n|-end|p1a: Zoroark|Illusion\n|move|p1a: Zoroark|Trick|p2a: Glimmora\n|-activate|p1a: Zoroark|move: Trick|[of] p2a: Glimmora\n|-item|p2a: Glimmora|Choice Specs|[from] move: Trick\n|-item|p1a: Zoroark|Choice Scarf|[from] move: Trick\n|\n|-damage|p1a: Zoroark|84\/100 psn|[from] psn\n|upkeep\n|turn|2\n|\n|t:|1700299014\n|switch|p2a: Tyranitar|Tyranitar, F|100\/100\n|-weather|Sandstorm|[from] ability: Sand Stream|[of] p2a: Tyranitar\n|move|p1a: Zoroark|Will-O-Wisp|p2a: Tyranitar\n|-status|p2a: Tyranitar|brn\n|\n|-weather|Sandstorm|[upkeep]\n|-damage|p1a: Zoroark|78\/100 psn|[from] Sandstorm\n|-damage|p1a: Zoroark|66\/100 psn|[from] psn\n|-damage|p2a: Tyranitar|94\/100 brn|[from] brn\n|upkeep\n|turn|3\n|j| walpurgisnuit\n|\n|t:|1700299028\n|-activate|p1a: Zoroark|move: Pursuit\n|move|p2a: Tyranitar|Pursuit|p1a: Zoroark|[from]Pursuit\n|-supereffective|p1a: Zoroark\n|-damage|p1a: Zoroark|22\/100 psn\n|switch|p1a: Lopunny|Lopunny, M|100\/100\n|\n|-weather|Sandstorm|[upkeep]\n|-damage|p1a: Lopunny|95\/100|[from] Sandstorm\n|-damage|p2a: Tyranitar|88\/100 brn|[from] brn\n|upkeep\n|turn|4\n|\n|t:|1700299041\n|switch|p2a: Glimmora|Glimmora, F|100\/100\n|detailschange|p1a: Lopunny|Lopunny-Mega, M\n|-mega|p1a: Lopunny|Lopunny|Lopunnite\n|move|p1a: Lopunny|High Jump Kick|p2a: Glimmora\n|-damage|p2a: Glimmora|12\/100\n|-activate|p2a: Glimmora|ability: Toxic Debris\n|-sidestart|p1: stinkydedenne|move: Toxic Spikes\n|\n|-weather|Sandstorm|[upkeep]\n|-damage|p1a: Lopunny|89\/100|[from] Sandstorm\n|upkeep\n|turn|5\n|\n|t:|1700299051\n|switch|p2a: Cradily|Cradily, F|100\/100\n|move|p1a: Lopunny|Drain Punch|p2a: Cradily\n|-supereffective|p2a: Cradily\n|-damage|p2a: Cradily|50\/100\n|-heal|p1a: Lopunny|100\/100|[from] drain|[of] p2a: Cradily\n|\n|-weather|Sandstorm|[upkeep]\n|-damage|p1a: Lopunny|95\/100|[from] Sandstorm\n|upkeep\n|turn|6\n|\n|t:|1700299058\n|move|p1a: Lopunny|High Jump Kick|p2a: Cradily\n|-supereffective|p2a: Cradily\n|-damage|p2a: Cradily|0 fnt\n|faint|p2a: Cradily\n|\n|-weather|none\n|upkeep\n|\n|t:|1700299064\n|switch|p2a: Garganacl|Garganacl, M|100\/100\n|turn|7\n|c|\u2606stinkydedenne|welcome to my foot\n|\n|t:|1700299073\n|-terastallize|p2a: Garganacl|Ghost\n|move|p1a: Lopunny|High Jump Kick|p2a: Garganacl\n|-damage|p2a: Garganacl|49\/100\n|move|p2a: Garganacl|Iron Defense|p2a: Garganacl\n|-boost|p2a: Garganacl|def|2\n|\n|upkeep\n|turn|8\n|c|\u2606The power of ROCK|no thanks\n|c|\u2606The power of ROCK|xD\n|\n|t:|1700299081\n|move|p1a: Lopunny|High Jump Kick|p2a: Garganacl\n|-damage|p2a: Garganacl|25\/100\n|move|p2a: Garganacl|Recover|p2a: Garganacl\n|-heal|p2a: Garganacl|75\/100\n|\n|upkeep\n|turn|9\n|\n|t:|1700299087\n|move|p1a: Lopunny|High Jump Kick|p2a: Garganacl\n|-damage|p2a: Garganacl|52\/100\n|move|p2a: Garganacl|Salt Cure|p1a: Lopunny\n|-resisted|p1a: Lopunny\n|-damage|p1a: Lopunny|85\/100\n|-start|p1a: Lopunny|Salt Cure\n|\n|-damage|p1a: Lopunny|73\/100|[from] Salt Cure\n|upkeep\n|turn|10\n|\n|t:|1700299097\n|switch|p1a: Dragonite|Dragonite, F|22\/100 psn\n|move|p2a: Garganacl|Recover|p2a: Garganacl\n|-heal|p2a: Garganacl|100\/100\n|\n|-damage|p1a: Dragonite|9\/100 psn|[from] psn\n|upkeep\n|turn|11\n|\n|t:|1700299110\n|switch|p2a: Tyranitar|Tyranitar, F|88\/100 brn\n|-weather|Sandstorm|[from] ability: Sand Stream|[of] p2a: Tyranitar\n|move|p1a: Dragonite|Trick|p2a: Tyranitar\n|-activate|p1a: Dragonite|move: Trick|[of] p2a: Tyranitar\n|-item|p2a: Tyranitar|Choice Scarf|[from] move: Trick\n|-item|p1a: Dragonite|Assault Vest|[from] move: Trick\n|\n|-weather|Sandstorm|[upkeep]\n|-damage|p1a: Dragonite|3\/100 psn|[from] Sandstorm\n|-damage|p1a: Dragonite|0 fnt|[from] psn\n|faint|p1a: Dragonite\n|-damage|p2a: Tyranitar|82\/100 brn|[from] brn\n|upkeep\n|\n|t:|1700299124\n|switch|p1a: Great Tusk|Great Tusk|100\/100\n|-status|p1a: Great Tusk|psn\n|-enditem|p1a: Great Tusk|Booster Energy\n|-activate|p1a: Great Tusk|ability: Protosynthesis|[fromitem]\n|-start|p1a: Great Tusk|protosynthesisatk\n|turn|12\n|c|\u2606The power of ROCK|look at the team viewer\n|c|\u2606The power of ROCK|thats really messed up\n|inactive|The power of ROCK has 120 seconds left.\n|j| prince5\n|c|\u2606stinkydedenne|?\n|c|\u2606The power of ROCK|dragonite is dead?\n|c| prince5|you got this\n|c|\u2606stinkydedenne|go rock boy\n|c|\u2606The power of ROCK|thats what it says\n|c|\u2606The power of ROCK|but its not\n|inactive|The power of ROCK has 90 seconds left.\n|c|\u2606The power of ROCK|zoroark is\n|c|\u2606stinkydedenne|figure it out\n|c|\u2606The power of ROCK|oof\n|c|\u2606stinkydedenne|play\n|\n|t:|1700299209\n|switch|p2a: Avalugg|Avalugg-Hisui, M|100\/100\n|move|p1a: Great Tusk|Rapid Spin|p2a: Avalugg\n|-resisted|p2a: Avalugg\n|-damage|p2a: Avalugg|96\/100\n|-boost|p1a: Great Tusk|spe|1\n|-sideend|p1: stinkydedenne|Toxic Spikes|[from] move: Rapid Spin|[of] p1a: Great Tusk\n|\n|-weather|Sandstorm|[upkeep]\n|-damage|p1a: Great Tusk|88\/100 psn|[from] psn\n|upkeep\n|turn|13\n|\n|t:|1700299218\n|-terastallize|p1a: Great Tusk|Fighting\n|move|p1a: Great Tusk|Close Combat|p2a: Avalugg\n|-supereffective|p2a: Avalugg\n|-damage|p2a: Avalugg|0 fnt\n|-unboost|p1a: Great Tusk|def|1\n|-unboost|p1a: Great Tusk|spd|1\n|faint|p2a: Avalugg\n|\n|-weather|Sandstorm|[upkeep]\n|-damage|p1a: Great Tusk|82\/100 psn|[from] Sandstorm\n|-damage|p1a: Great Tusk|70\/100 psn|[from] psn\n|upkeep\n|\n|t:|1700299227\n|switch|p2a: Aggron|Aggron, F|100\/100\n|turn|14\n|\n|t:|1700299232\n|detailschange|p2a: Aggron|Aggron-Mega, F\n|-mega|p2a: Aggron|Aggron|Aggronite\n|move|p1a: Great Tusk|Close Combat|p2a: Aggron\n|-supereffective|p2a: Aggron\n|-damage|p2a: Aggron|39\/100\n|-unboost|p1a: Great Tusk|def|1\n|-unboost|p1a: Great Tusk|spd|1\n|move|p2a: Aggron|Body Press|p1a: Great Tusk\n|-damage|p1a: Great Tusk|1\/100 psn\n|\n|-weather|Sandstorm|[upkeep]\n|-damage|p1a: Great Tusk|0 fnt|[from] Sandstorm\n|faint|p1a: Great Tusk\n|-end|p1a: Great Tusk|Protosynthesis|[silent]\n|upkeep\n|\n|t:|1700299246\n|switch|p1a: Lopunny|Lopunny-Mega, M|73\/100\n|turn|15\n|\n|t:|1700299251\n|switch|p2a: Glimmora|Glimmora, F|12\/100\n|move|p1a: Lopunny|High Jump Kick|p2a: Glimmora\n|-crit|p2a: Glimmora\n|-damage|p2a: Glimmora|0 fnt\n|-activate|p2a: Glimmora|ability: Toxic Debris\n|-sidestart|p1: stinkydedenne|move: Toxic Spikes\n|faint|p2a: Glimmora\n|\n|-weather|none\n|upkeep\n|\n|t:|1700299253\n|switch|p2a: Garganacl|Garganacl, M, tera:Ghost|100\/100\n|turn|16\n|j| guess my avatar\n|\n|t:|1700299266\n|switch|p1a: Skeledirge|Skeledirge, M|100\/100\n|move|p2a: Garganacl|Iron Defense|p2a: Garganacl\n|-boost|p2a: Garganacl|def|2\n|\n|upkeep\n|turn|17\n|\n|t:|1700299270\n|switch|p2a: Tyranitar|Tyranitar, F|82\/100 brn\n|-weather|Sandstorm|[from] ability: Sand Stream|[of] p2a: Tyranitar\n|move|p1a: Skeledirge|Will-O-Wisp|p2a: Tyranitar\n|-fail|p2a: Tyranitar|brn\n|\n|-weather|Sandstorm|[upkeep]\n|-damage|p1a: Skeledirge|94\/100|[from] Sandstorm\n|-damage|p2a: Tyranitar|76\/100 brn|[from] brn\n|upkeep\n|turn|18\n|c| guess my avatar|im back\n|c|\u2606The power of ROCK|welcome back\n|\n|t:|1700299282\n|move|p2a: Tyranitar|Knock Off|p1a: Skeledirge\n|-supereffective|p1a: Skeledirge\n|-damage|p1a: Skeledirge|67\/100\n|-enditem|p1a: Skeledirge|Heavy-Duty Boots|[from] move: Knock Off|[of] p2a: Tyranitar\n|move|p1a: Skeledirge|Torch Song|p2a: Tyranitar\n|-resisted|p2a: Tyranitar\n|-damage|p2a: Tyranitar|70\/100 brn\n|-boost|p1a: Skeledirge|spa|1\n|\n|-weather|Sandstorm|[upkeep]\n|-damage|p1a: Skeledirge|61\/100|[from] Sandstorm\n|-damage|p2a: Tyranitar|63\/100 brn|[from] brn\n|upkeep\n|turn|19\n|c| LucksmanDMormon|Wait doesn't Garg have purifying salt anyway?\n|\n|t:|1700299294\n|switch|p2a: Garganacl|Garganacl, M, tera:Ghost|100\/100\n|move|p1a: Skeledirge|Slack Off|p1a: Skeledirge\n|-heal|p1a: Skeledirge|100\/100\n|\n|-weather|Sandstorm|[upkeep]\n|-damage|p1a: Skeledirge|94\/100|[from] Sandstorm\n|-damage|p2a: Garganacl|94\/100|[from] Sandstorm\n|upkeep\n|turn|20\n|\n|t:|1700299298\n|switch|p2a: Tyranitar|Tyranitar, F|63\/100 brn\n|move|p1a: Skeledirge|Will-O-Wisp|p2a: Tyranitar\n|-fail|p2a: Tyranitar|brn\n|\n|-weather|Sandstorm|[upkeep]\n|-damage|p1a: Skeledirge|88\/100|[from] Sandstorm\n|-damage|p2a: Tyranitar|57\/100 brn|[from] brn\n|upkeep\n|turn|21\n|\n|t:|1700299307\n|move|p1a: Skeledirge|Torch Song|p2a: Tyranitar\n|-resisted|p2a: Tyranitar\n|-damage|p2a: Tyranitar|48\/100 brn\n|-boost|p1a: Skeledirge|spa|1\n|move|p2a: Tyranitar|Dragon Tail|p1a: Skeledirge\n|-damage|p1a: Skeledirge|83\/100\n|drag|p1a: Dragonite|Dragonite, F|100\/100\n|\n|-weather|none\n|-damage|p2a: Tyranitar|42\/100 brn|[from] brn\n|upkeep\n|turn|22\n|\n|t:|1700299327\n|move|p1a: Dragonite|Earthquake|p2a: Tyranitar\n|-supereffective|p2a: Tyranitar\n|-damage|p2a: Tyranitar|0 fnt\n|faint|p2a: Tyranitar\n|\n|upkeep\n|c| LucksmanDMormon|Garg has purifying salt bro stop it\n|\n|t:|1700299331\n|switch|p2a: Garganacl|Garganacl, M, tera:Ghost|94\/100\n|turn|23\n|l| guess my avatar\n|\n|t:|1700299343\n|switch|p1a: Skeledirge|Skeledirge, M|83\/100\n|-status|p1a: Skeledirge|psn\n|move|p2a: Garganacl|Iron Defense|p2a: Garganacl\n|-boost|p2a: Garganacl|def|2\n|\n|-damage|p1a: Skeledirge|70\/100 psn|[from] psn\n|upkeep\n|turn|24\n|\n|t:|1700299350\n|move|p1a: Skeledirge|Will-O-Wisp|p2a: Garganacl\n|-immune|p2a: Garganacl|[from] ability: Purifying Salt\n|move|p2a: Garganacl|Salt Cure|p1a: Skeledirge\n|-supereffective|p1a: Skeledirge\n|-damage|p1a: Skeledirge|53\/100 psn\n|-start|p1a: Skeledirge|Salt Cure\n|\n|-damage|p1a: Skeledirge|41\/100 psn|[from] psn\n|-damage|p1a: Skeledirge|28\/100 psn|[from] Salt Cure\n|upkeep\n|turn|25\n|\n|t:|1700299354\n|move|p1a: Skeledirge|Hex|p2a: Garganacl\n|-supereffective|p2a: Garganacl\n|-damage|p2a: Garganacl|79\/100\n|-enditem|p2a: Garganacl|Maranga Berry|[eat]\n|-boost|p2a: Garganacl|spd|1|[from] item: Maranga Berry\n|move|p2a: Garganacl|Iron Defense|p2a: Garganacl\n|-boost|p2a: Garganacl|def|2\n|\n|-damage|p1a: Skeledirge|16\/100 psn|[from] psn\n|-damage|p1a: Skeledirge|3\/100 psn|[from] Salt Cure\n|upkeep\n|turn|26\n|c| walpurgisnuit|jesus christ\n|c|\u2606stinkydedenne|there is no Jesus\n|\n|t:|1700299366\n|move|p1a: Skeledirge|Hex|p2a: Garganacl\n|-supereffective|p2a: Garganacl\n|-damage|p2a: Garganacl|64\/100\n|move|p2a: Garganacl|Salt Cure|p1a: Skeledirge\n|-supereffective|p1a: Skeledirge\n|-damage|p1a: Skeledirge|0 fnt\n|faint|p1a: Skeledirge\n|\n|upkeep\n|\n|t:|1700299373\n|switch|p1a: Dragonite|Dragonite, F|100\/100\n|turn|27\n|c| LucksmanDMormon|Lopunny needs to crit or it's Joever\n|\n|t:|1700299381\n|move|p1a: Dragonite|Dragon Dance|p1a: Dragonite\n|-boost|p1a: Dragonite|atk|1\n|-boost|p1a: Dragonite|spe|1\n|move|p2a: Garganacl|Recover|p2a: Garganacl\n|-heal|p2a: Garganacl|100\/100\n|\n|upkeep\n|turn|28\n|\n|t:|1700299396\n|move|p1a: Dragonite|Dragon Dance|p1a: Dragonite\n|-boost|p1a: Dragonite|atk|1\n|-boost|p1a: Dragonite|spe|1\n|move|p2a: Garganacl|Iron Defense|p2a: Garganacl\n|-boost|p2a: Garganacl|def|2\n|\n|upkeep\n|turn|29\n|\n|t:|1700299401\n|move|p1a: Dragonite|Dragon Dance|p1a: Dragonite\n|-boost|p1a: Dragonite|atk|1\n|-boost|p1a: Dragonite|spe|1\n|move|p2a: Garganacl|Body Press|p1a: Dragonite\n|-resisted|p1a: Dragonite\n|-damage|p1a: Dragonite|75\/100\n|\n|upkeep\n|turn|30\n|\n|t:|1700299407\n|move|p1a: Dragonite|Earthquake|p2a: Garganacl\n|-damage|p2a: Garganacl|85\/100\n|move|p2a: Garganacl|Salt Cure|p1a: Dragonite\n|-supereffective|p1a: Dragonite\n|-damage|p1a: Dragonite|42\/100\n|-start|p1a: Dragonite|Salt Cure\n|-enditem|p1a: Dragonite|Weakness Policy\n|-boost|p1a: Dragonite|atk|2|[from] item: Weakness Policy\n|-boost|p1a: Dragonite|spa|2|[from] item: Weakness Policy\n|\n|-damage|p1a: Dragonite|29\/100|[from] Salt Cure\n|upkeep\n|turn|31\n|l| prince5\n|\n|t:|1700299412\n|move|p1a: Dragonite|Earthquake|p2a: Garganacl\n|-damage|p2a: Garganacl|63\/100\n|move|p2a: Garganacl|Recover|p2a: Garganacl\n|-heal|p2a: Garganacl|100\/100\n|\n|-damage|p1a: Dragonite|17\/100|[from] Salt Cure\n|upkeep\n|turn|32\n|\n|t:|1700299416\n|move|p1a: Dragonite|Earthquake|p2a: Garganacl\n|-damage|p2a: Garganacl|79\/100\n|move|p2a: Garganacl|Body Press|p1a: Dragonite\n|-resisted|p1a: Dragonite\n|-damage|p1a: Dragonite|0 fnt\n|faint|p1a: Dragonite\n|\n|upkeep\n|j| Pok3mon\n|c|\u2606stinkydedenne|Kms\n|\n|t:|1700299425\n|switch|p1a: ENDORSES BAPE|Tornadus-Therian, M, shiny|100\/100\n|turn|33\n|\n|t:|1700299430\n|move|p1a: ENDORSES BAPE|Taunt|p2a: Garganacl\n|-start|p2a: Garganacl|move: Taunt\n|cant|p2a: Garganacl|move: Taunt|Recover\n|\n|upkeep\n|turn|34\n|c|\u2606The power of ROCK|oh no\n|\n|t:|1700299439\n|move|p1a: ENDORSES BAPE|Heat Wave|p2a: Garganacl\n|-damage|p2a: Garganacl|66\/100\n|move|p2a: Garganacl|Salt Cure|p1a: ENDORSES BAPE\n|-supereffective|p1a: ENDORSES BAPE\n|-damage|p1a: ENDORSES BAPE|62\/100\n|-start|p1a: ENDORSES BAPE|Salt Cure\n|-enditem|p1a: ENDORSES BAPE|Eject Button\n|l| Pok3mon\n|\n|t:|1700299446\n|switch|p1a: Lopunny|Lopunny-Mega, M|73\/100\n|-status|p1a: Lopunny|psn\n|\n|-damage|p1a: Lopunny|61\/100 psn|[from] psn\n|upkeep\n|turn|35\n|l| walpurgisnuit\n|\n|t:|1700299458\n|move|p1a: Lopunny|High Jump Kick|p2a: Garganacl\n|-damage|p2a: Garganacl|54\/100\n|move|p2a: Garganacl|Body Press|p1a: Lopunny\n|-supereffective|p1a: Lopunny\n|-damage|p1a: Lopunny|0 fnt\n|faint|p1a: Lopunny\n|\n|-end|p2a: Garganacl|move: Taunt\n|upkeep\n|\n|t:|1700299464\n|switch|p1a: ENDORSES BAPE|Tornadus-Therian, M, shiny|95\/100\n|turn|36\n|\n|t:|1700299467\n|move|p1a: ENDORSES BAPE|Taunt|p2a: Garganacl\n|-start|p2a: Garganacl|move: Taunt\n|move|p2a: Garganacl|Salt Cure|p1a: ENDORSES BAPE\n|-supereffective|p1a: ENDORSES BAPE\n|-damage|p1a: ENDORSES BAPE|55\/100\n|-start|p1a: ENDORSES BAPE|Salt Cure\n|\n|-damage|p1a: ENDORSES BAPE|42\/100|[from] Salt Cure\n|upkeep\n|turn|37\n|\n|t:|1700299476\n|move|p1a: ENDORSES BAPE|Bleakwind Storm|p2a: Garganacl\n|-damage|p2a: Garganacl|34\/100\n|-unboost|p2a: Garganacl|spe|1\n|move|p2a: Garganacl|Body Press|p1a: ENDORSES BAPE\n|-resisted|p1a: ENDORSES BAPE\n|-damage|p1a: ENDORSES BAPE|0 fnt\n|faint|p1a: ENDORSES BAPE\n|\n|win|The power of ROCK\n|n|\u2606stinkydedenne|stinkydedenne\n|n|\u2606The power of ROCK|thepowerofrock\n|n| LucksmanDMormon|lucksmandmormon\n|n| Loserest Test|loseresttest\n|c|\u2606The power of ROCK|gg : )\n|l| Loserest Test\n","uploadtime":1700299484,"views":8,"p1id":"stinkydedenne","p2id":"thepowerofrock","formatid":"gen9nationaldex","rating":0,"private":0,"password":""}