{"id":"gen9nationaldex-2000060646","p1":"NDSNEZ swedrf","p2":"Hzty","format":"[Gen 9] National Dex","log":"|html|<div class=\"broadcast-blue\"><strong>[Gen 9] National Dex is currently suspecting Sneasler! For information on how to participate check out the <a href=\"https:\/\/www.smogon.com\/forums\/threads\/sv-national-dex-suspect-8-just-dance.3731534\/\">suspect thread<\/a>.<\/strong><\/div>\n|j|\u2606NDSNEZ swedrf\n|j|\u2606Hzty\n|t:|1701147792\n|gametype|singles\n|player|p1|NDSNEZ swedrf|ingo|1273\n|player|p2|Hzty|169|1249\n|teamsize|p1|6\n|teamsize|p2|6\n|gen|9\n|tier|[Gen 9] National Dex\n|rated|\n|rule|HP Percentage Mod: HP is shown in percentages\n|rule|Endless Battle Clause: Forcing endless battles is banned\n|rule|OHKO Clause: OHKO moves are banned\n|rule|Evasion Clause: Evasion abilities, items, and moves are banned\n|rule|Evasion Abilities Clause: Evasion abilities are banned\n|rule|Evasion Items Clause: Evasion items are banned\n|rule|Evasion Moves Clause: Evasion moves are banned\n|rule|Species Clause: Limit one of each Pok\u00e9mon\n|rule|Sleep Clause Mod: Limit one foe put to sleep\n|clearpoke\n|poke|p1|Sneasler, F|\n|poke|p1|Rillaboom, F|\n|poke|p1|Charizard, F|\n|poke|p1|Heatran, M|\n|poke|p1|Cyclizar, M|\n|poke|p1|Gliscor, M|\n|poke|p2|Rotom-Wash|\n|poke|p2|Gastrodon, M|\n|poke|p2|Thundurus-Therian, M|\n|poke|p2|Goodra-Hisui, M|\n|poke|p2|Heatran, F|\n|poke|p2|Glimmora, M|\n|teampreview\n|inactive|Battle timer is ON: inactive players will automatically lose when time's up. (requested by NDSNEZ swedrf)\n|\n|t:|1701147798\n|start\n|switch|p1a: Rillaboom|Rillaboom, F|100\/100\n|switch|p2a: Rotom|Rotom-Wash|100\/100\n|-fieldstart|move: Grassy Terrain|[from] ability: Grassy Surge|[of] p1a: Rillaboom\n|turn|1\n|\n|t:|1701147809\n|switch|p1a: Cyclizar|Cyclizar, M|100\/100\n|move|p2a: Rotom|Volt Switch|p1a: Cyclizar\n|-resisted|p1a: Cyclizar\n|-damage|p1a: Cyclizar|77\/100\n|\n|t:|1701147825\n|switch|p2a: Glimmora|Glimmora, M|100\/100|[from] Volt Switch\n|\n|-heal|p1a: Cyclizar|83\/100|[from] Grassy Terrain\n|upkeep\n|turn|2\n|\n|t:|1701147832\n|move|p1a: Cyclizar|Draco Meteor|p2a: Glimmora\n|-damage|p2a: Glimmora|45\/100\n|-unboost|p1a: Cyclizar|spa|2\n|move|p2a: Glimmora|Mortal Spin|p1a: Cyclizar\n|-damage|p1a: Cyclizar|72\/100\n|-status|p1a: Cyclizar|psn\n|\n|-heal|p1a: Cyclizar|78\/100 psn|[from] Grassy Terrain\n|-heal|p2a: Glimmora|52\/100|[from] Grassy Terrain\n|-damage|p1a: Cyclizar|66\/100 psn|[from] psn\n|upkeep\n|turn|3\n|\n|t:|1701147844\n|move|p1a: Cyclizar|Knock Off|p2a: Glimmora\n|-damage|p2a: Glimmora|17\/100\n|-enditem|p2a: Glimmora|Focus Sash|[from] move: Knock Off|[of] p1a: Cyclizar\n|move|p2a: Glimmora|Gunk Shot|p1a: Cyclizar\n|-damage|p1a: Cyclizar|18\/100 psn\n|\n|-heal|p1a: Cyclizar|24\/100 psn|[from] Grassy Terrain\n|-heal|p2a: Glimmora|23\/100|[from] Grassy Terrain\n|-damage|p1a: Cyclizar|12\/100 psn|[from] psn\n|upkeep\n|turn|4\n|\n|t:|1701147856\n|move|p1a: Cyclizar|Draco Meteor|p2a: Glimmora\n|-damage|p2a: Glimmora|0 fnt\n|-unboost|p1a: Cyclizar|spa|2\n|faint|p2a: Glimmora\n|\n|-heal|p1a: Cyclizar|18\/100 psn|[from] Grassy Terrain\n|-damage|p1a: Cyclizar|5\/100 psn|[from] psn\n|upkeep\n|\n|t:|1701147871\n|switch|p2a: Thundurus|Thundurus-Therian, M|100\/100\n|turn|5\n|\n|t:|1701147879\n|switch|p2a: Heatran|Heatran, F|100\/100\n|move|p1a: Cyclizar|Knock Off|p2a: Heatran\n|-damage|p2a: Heatran|75\/100\n|-enditem|p2a: Heatran|Leftovers|[from] move: Knock Off|[of] p1a: Cyclizar\n|\n|-heal|p1a: Cyclizar|11\/100 psn|[from] Grassy Terrain\n|-heal|p2a: Heatran|81\/100|[from] Grassy Terrain\n|-damage|p1a: Cyclizar|0 fnt|[from] psn\n|faint|p1a: Cyclizar\n|upkeep\n|\n|t:|1701147890\n|switch|p1a: Gliscor|Gliscor, M|100\/100\n|turn|6\n|\n|t:|1701147899\n|move|p2a: Heatran|Stealth Rock|p1a: Gliscor\n|-sidestart|p1: NDSNEZ swedrf|move: Stealth Rock\n|move|p1a: Gliscor|Sand Tomb|p2a: Heatran\n|-supereffective|p2a: Heatran\n|-damage|p2a: Heatran|32\/100\n|-activate|p2a: Heatran|move: Sand Tomb|[of] p1a: Gliscor\n|\n|-heal|p2a: Heatran|38\/100|[from] Grassy Terrain\n|-damage|p2a: Heatran|26\/100|[from] move: Sand Tomb|[partiallytrapped]\n|-status|p1a: Gliscor|tox|[from] item: Toxic Orb\n|upkeep\n|turn|7\n|\n|t:|1701147910\n|move|p2a: Heatran|Taunt|p1a: Gliscor\n|-start|p1a: Gliscor|move: Taunt\n|cant|p1a: Gliscor|move: Taunt|Swords Dance\n|\n|-heal|p2a: Heatran|32\/100|[from] Grassy Terrain\n|-damage|p2a: Heatran|19\/100|[from] move: Sand Tomb|[partiallytrapped]\n|upkeep\n|turn|8\n|\n|t:|1701147918\n|move|p2a: Heatran|Magma Storm|p1a: Gliscor\n|-crit|p1a: Gliscor\n|-damage|p1a: Gliscor|0 fnt\n|faint|p1a: Gliscor\n|\n|-heal|p2a: Heatran|26\/100|[from] Grassy Terrain\n|-end|p2a: Heatran|Sand Tomb|[partiallytrapped]|[silent]\n|-fieldend|move: Grassy Terrain\n|upkeep\n|\n|t:|1701147925\n|switch|p1a: Heatran|Heatran, M|100\/100\n|-damage|p1a: Heatran|88\/100|[from] Stealth Rock\n|turn|9\n|\n|t:|1701147932\n|move|p2a: Heatran|Earth Power|p1a: Heatran\n|-supereffective|p1a: Heatran\n|-damage|p1a: Heatran|24\/100\n|move|p1a: Heatran|Scorching Sands|p2a: Heatran\n|-supereffective|p2a: Heatran\n|-damage|p2a: Heatran|0 fnt\n|faint|p2a: Heatran\n|\n|upkeep\n|\n|t:|1701147938\n|switch|p2a: Gastrodon|Gastrodon, M|100\/100\n|turn|10\n|\n|t:|1701147945\n|-terastallize|p1a: Heatran|Grass\n|move|p1a: Heatran|Tera Blast|p2a: Gastrodon|[anim] Tera Blast Grass\n|-supereffective|p2a: Gastrodon\n|-damage|p2a: Gastrodon|0 fnt\n|faint|p2a: Gastrodon\n|\n|upkeep\n|\n|t:|1701147952\n|switch|p2a: Goodra|Goodra-Hisui, M, shiny|100\/100\n|turn|11\n|\n|t:|1701147957\n|move|p1a: Heatran|Scorching Sands|p2a: Goodra\n|-supereffective|p2a: Goodra\n|-damage|p2a: Goodra|71\/100\n|move|p2a: Goodra|Ice Beam|p1a: Heatran\n|-supereffective|p1a: Heatran\n|-damage|p1a: Heatran|0 fnt\n|faint|p1a: Heatran\n|\n|-heal|p2a: Goodra|77\/100|[from] item: Leftovers\n|upkeep\n|\n|t:|1701147965\n|switch|p1a: Rillaboom|Rillaboom, F|100\/100\n|-damage|p1a: Rillaboom|88\/100|[from] Stealth Rock\n|-fieldstart|move: Grassy Terrain|[from] ability: Grassy Surge|[of] p1a: Rillaboom\n|turn|12\n|\n|t:|1701147977\n|move|p1a: Rillaboom|High Horsepower|p2a: Goodra\n|-supereffective|p2a: Goodra\n|-damage|p2a: Goodra|20\/100\n|move|p2a: Goodra|Flamethrower|p1a: Rillaboom\n|-supereffective|p1a: Rillaboom\n|-damage|p1a: Rillaboom|14\/100\n|\n|-heal|p1a: Rillaboom|20\/100|[from] Grassy Terrain\n|-heal|p2a: Goodra|26\/100|[from] Grassy Terrain\n|-heal|p2a: Goodra|32\/100|[from] item: Leftovers\n|upkeep\n|turn|13\n|\n|t:|1701147989\n|move|p1a: Rillaboom|High Horsepower|p2a: Goodra\n|-supereffective|p2a: Goodra\n|-damage|p2a: Goodra|0 fnt\n|faint|p2a: Goodra\n|\n|-heal|p1a: Rillaboom|26\/100|[from] Grassy Terrain\n|upkeep\n|\n|t:|1701147993\n|switch|p2a: Thundurus|Thundurus-Therian, M|100\/100\n|turn|14\n|\n|t:|1701147996\n|move|p1a: Rillaboom|Grassy Glide|p2a: Thundurus\n|-resisted|p2a: Thundurus\n|-damage|p2a: Thundurus|72\/100\n|move|p2a: Thundurus|Psychic|p1a: Rillaboom\n|-damage|p1a: Rillaboom|0 fnt\n|faint|p1a: Rillaboom\n|\n|upkeep\n|\n|t:|1701148002\n|switch|p1a: Sneasler|Sneasler, F|100\/100\n|-damage|p1a: Sneasler|95\/100|[from] Stealth Rock\n|-enditem|p1a: Sneasler|Grassy Seed\n|-boost|p1a: Sneasler|def|1|[from] item: Grassy Seed\n|turn|15\n|\n|t:|1701148008\n|move|p1a: Sneasler|Dire Claw|p2a: Thundurus\n|-damage|p2a: Thundurus|2\/100\n|move|p2a: Thundurus|Psychic|p1a: Sneasler\n|-supereffective|p1a: Sneasler\n|-damage|p1a: Sneasler|0 fnt\n|faint|p1a: Sneasler\n|\n|upkeep\n|\n|t:|1701148013\n|switch|p1a: Charizard|Charizard, F|100\/100\n|-damage|p1a: Charizard|51\/100|[from] Stealth Rock\n|turn|16\n|\n|t:|1701148022\n|detailschange|p1a: Charizard|Charizard-Mega-Y, F\n|-mega|p1a: Charizard|Charizard|Charizardite Y\n|-weather|SunnyDay|[from] ability: Drought|[of] p1a: Charizard\n|move|p2a: Thundurus|Volt Switch|p1a: Charizard\n|-supereffective|p1a: Charizard\n|-damage|p1a: Charizard|0 fnt\n|faint|p1a: Charizard\n|\n|win|Hzty\n|raw|NDSNEZ swedrf's rating: 1273 &rarr; <strong>1246<\/strong><br \/>(-27 for losing)\n|raw|Hzty's rating: 1249 &rarr; <strong>1276<\/strong><br \/>(+27 for winning)\n|l|\u2606NDSNEZ swedrf\n","uploadtime":1701148028,"views":11,"p1id":"ndsnezswedrf","p2id":"hzty","formatid":"gen9nationaldex","rating":1246,"private":0,"password":""}