{"id":"gen9nationaldex-1996775693","p1":"Hall DJ","p2":"Justasilly","format":"[Gen 9] National Dex","log":"|html|<div class=\"broadcast-blue\"><strong>[Gen 9] National Dex is currently suspecting Sneasler! For information on how to participate check out the <a href=\"https:\/\/www.smogon.com\/forums\/threads\/sv-national-dex-suspect-8-just-dance.3731534\/\">suspect thread<\/a>.<\/strong><\/div>\n|j|\u2606Hall DJ\n|j|\u2606Justasilly\n|t:|1700723313\n|gametype|singles\n|player|p1|Hall DJ|bellelba|1343\n|player|p2|Justasilly|cynthia-gen4|1282\n|teamsize|p1|6\n|teamsize|p2|6\n|gen|9\n|tier|[Gen 9] National Dex\n|rated|\n|rule|HP Percentage Mod: HP is shown in percentages\n|rule|Endless Battle Clause: Forcing endless battles is banned\n|rule|OHKO Clause: OHKO moves are banned\n|rule|Evasion Clause: Evasion abilities, items, and moves are banned\n|rule|Evasion Abilities Clause: Evasion abilities are banned\n|rule|Evasion Items Clause: Evasion items are banned\n|rule|Evasion Moves Clause: Evasion moves are banned\n|rule|Species Clause: Limit one of each Pok\u00e9mon\n|rule|Sleep Clause Mod: Limit one foe put to sleep\n|clearpoke\n|poke|p1|Pinsir, F|\n|poke|p1|Rotom-Wash|\n|poke|p1|Iron Treads|\n|poke|p1|Victini|\n|poke|p1|Grafaiai, M|\n|poke|p1|Greninja-*, M|\n|poke|p2|Vivillon-Fancy, F|\n|poke|p2|Alomomola, F|\n|poke|p2|Ferrothorn, M|\n|poke|p2|Mimikyu, F|\n|poke|p2|Linoone, F|\n|poke|p2|Reuniclus, F|\n|teampreview\n|inactive|Battle timer is ON: inactive players will automatically lose when time's up. (requested by Justasilly)\n|c|\u2606Justasilly|Glhf\n|\n|t:|1700723322\n|start\n|switch|p1a: Grafaiai|Grafaiai, M|100\/100\n|switch|p2a: Vivillon|Vivillon-Fancy, F|100\/100\n|turn|1\n|\n|t:|1700723329\n|move|p1a: Grafaiai|Knock Off|p2a: Vivillon\n|-damage|p2a: Vivillon|45\/100\n|-enditem|p2a: Vivillon|Wide Lens|[from] move: Knock Off|[of] p1a: Grafaiai\n|move|p2a: Vivillon|Sleep Powder|p1a: Grafaiai\n|-status|p1a: Grafaiai|slp|[from] move: Sleep Powder\n|\n|upkeep\n|turn|2\n|\n|t:|1700723334\n|cant|p1a: Grafaiai|slp\n|move|p2a: Vivillon|Quiver Dance|p2a: Vivillon\n|-boost|p2a: Vivillon|spa|1\n|-boost|p2a: Vivillon|spd|1\n|-boost|p2a: Vivillon|spe|1\n|\n|upkeep\n|turn|3\n|\n|t:|1700723336\n|cant|p1a: Grafaiai|slp\n|move|p2a: Vivillon|Quiver Dance|p2a: Vivillon\n|-boost|p2a: Vivillon|spa|1\n|-boost|p2a: Vivillon|spd|1\n|-boost|p2a: Vivillon|spe|1\n|\n|upkeep\n|turn|4\n|\n|t:|1700723341\n|-curestatus|p1a: Grafaiai|slp|[msg]\n|move|p1a: Grafaiai|Encore|p2a: Vivillon\n|-start|p2a: Vivillon|Encore\n|move|p2a: Vivillon|Quiver Dance|p2a: Vivillon\n|-boost|p2a: Vivillon|spa|1\n|-boost|p2a: Vivillon|spd|1\n|-boost|p2a: Vivillon|spe|1\n|\n|upkeep\n|turn|5\n|\n|t:|1700723355\n|switch|p2a: Alomomola|Alomomola, F|100\/100\n|move|p1a: Grafaiai|Knock Off|p2a: Alomomola\n|-damage|p2a: Alomomola|83\/100\n|-enditem|p2a: Alomomola|Leftovers|[from] move: Knock Off|[of] p1a: Grafaiai\n|\n|upkeep\n|turn|6\n|\n|t:|1700723365\n|move|p1a: Grafaiai|Parting Shot|p2a: Alomomola\n|-unboost|p2a: Alomomola|atk|1\n|-unboost|p2a: Alomomola|spa|1\n|\n|t:|1700723367\n|switch|p1a: Rotom|Rotom-Wash|100\/100|[from] Parting Shot\n|move|p2a: Alomomola|Wish|p2a: Alomomola\n|\n|upkeep\n|turn|7\n|\n|t:|1700723372\n|move|p1a: Rotom|Will-O-Wisp|p2a: Alomomola|[miss]\n|-miss|p1a: Rotom|p2a: Alomomola\n|move|p2a: Alomomola|Knock Off|p1a: Rotom\n|-damage|p1a: Rotom|91\/100\n|-enditem|p1a: Rotom|Leftovers|[from] move: Knock Off|[of] p2a: Alomomola\n|\n|-heal|p2a: Alomomola|100\/100|[from] move: Wish|[wisher] Alomomola\n|upkeep\n|turn|8\n|\n|t:|1700723380\n|switch|p2a: Reuniclus|Reuniclus, F|100\/100\n|move|p1a: Rotom|Will-O-Wisp|p2a: Reuniclus\n|-status|p2a: Reuniclus|brn\n|\n|upkeep\n|turn|9\n|\n|t:|1700723388\n|move|p1a: Rotom|Volt Switch|p2a: Reuniclus\n|-damage|p2a: Reuniclus|76\/100 brn\n|\n|t:|1700723393\n|switch|p1a: Greninja|Greninja, M|100\/100|[from] Volt Switch\n|move|p2a: Reuniclus|Calm Mind|p2a: Reuniclus\n|-boost|p2a: Reuniclus|spa|1\n|-boost|p2a: Reuniclus|spd|1\n|\n|-heal|p2a: Reuniclus|82\/100 brn|[from] item: Leftovers\n|upkeep\n|turn|10\n|\n|t:|1700723398\n|-terastallize|p2a: Reuniclus|Steel\n|move|p1a: Greninja|Dark Pulse|p2a: Reuniclus\n|-damage|p2a: Reuniclus|54\/100 brn\n|-damage|p1a: Greninja|91\/100|[from] item: Life Orb\n|move|p2a: Reuniclus|Focus Blast|p1a: Greninja|[miss]\n|-miss|p2a: Reuniclus|p1a: Greninja\n|\n|-heal|p2a: Reuniclus|60\/100 brn|[from] item: Leftovers\n|upkeep\n|turn|11\n|inactive|Hall DJ has 120 seconds left.\n|\n|t:|1700723430\n|-terastallize|p1a: Greninja|Water\n|move|p1a: Greninja|Surf|p2a: Reuniclus\n|-damage|p2a: Reuniclus|13\/100 brn\n|-damage|p1a: Greninja|81\/100|[from] item: Life Orb\n|move|p2a: Reuniclus|Focus Blast|p1a: Greninja\n|-damage|p1a: Greninja|0 fnt\n|faint|p1a: Greninja\n|\n|-heal|p2a: Reuniclus|20\/100 brn|[from] item: Leftovers\n|upkeep\n|inactive|Hall DJ has 120 seconds left.\n|\n|t:|1700723441\n|switch|p1a: Iron Treads|Iron Treads, shiny|100\/100\n|turn|12\n|\n|t:|1700723446\n|switch|p2a: Vivillon|Vivillon-Fancy, F|45\/100\n|move|p1a: Iron Treads|Earthquake|p2a: Vivillon\n|-immune|p2a: Vivillon\n|\n|upkeep\n|turn|13\n|\n|t:|1700723453\n|move|p1a: Iron Treads|Iron Head|p2a: Vivillon\n|-damage|p2a: Vivillon|0 fnt\n|faint|p2a: Vivillon\n|\n|upkeep\n|\n|t:|1700723459\n|switch|p2a: Linoone|Linoone, F|100\/100\n|turn|14\n|\n|t:|1700723463\n|move|p1a: Iron Treads|Earthquake|p2a: Linoone\n|-damage|p2a: Linoone|26\/100\n|move|p2a: Linoone|Belly Drum||[still]\n|-fail|p2a: Linoone\n|\n|upkeep\n|turn|15\n|\n|t:|1700723470\n|move|p1a: Iron Treads|Earthquake|p2a: Linoone\n|-damage|p2a: Linoone|0 fnt\n|faint|p2a: Linoone\n|\n|upkeep\n|\n|t:|1700723476\n|switch|p2a: Mimikyu|Mimikyu, F|100\/100\n|turn|16\n|\n|t:|1700723478\n|move|p1a: Iron Treads|Iron Head|p2a: Mimikyu\n|-activate|p2a: Mimikyu|ability: Disguise\n|-damage|p2a: Mimikyu|100\/100\n|detailschange|p2a: Mimikyu|Mimikyu-Busted, F\n|-damage|p2a: Mimikyu|88\/100|[from] pokemon: Mimikyu-Busted\n|move|p2a: Mimikyu|Copycat|p2a: Mimikyu\n|move|p2a: Mimikyu|Iron Head|p1a: Iron Treads|[from]move: Copycat\n|-resisted|p1a: Iron Treads\n|-damage|p1a: Iron Treads|90\/100\n|\n|-heal|p1a: Iron Treads|96\/100|[from] item: Leftovers\n|upkeep\n|turn|17\n|\n|t:|1700723485\n|move|p1a: Iron Treads|Iron Head|p2a: Mimikyu\n|-supereffective|p2a: Mimikyu\n|-damage|p2a: Mimikyu|0 fnt\n|faint|p2a: Mimikyu\n|\n|-heal|p1a: Iron Treads|100\/100|[from] item: Leftovers\n|upkeep\n|\n|t:|1700723514\n|switch|p2a: Alomomola|Alomomola, F|100\/100\n|turn|18\n|\n|t:|1700723523\n|move|p1a: Iron Treads|Volt Switch|p2a: Alomomola\n|-supereffective|p2a: Alomomola\n|-damage|p2a: Alomomola|82\/100\n|\n|t:|1700723527\n|-end|p1a: Iron Treads|Quark Drive|[silent]\n|switch|p1a: Grafaiai|Grafaiai, M|100\/100|[from] Volt Switch\n|move|p2a: Alomomola|Knock Off|p1a: Grafaiai\n|-damage|p1a: Grafaiai|80\/100\n|\n|upkeep\n|turn|19\n|inactive|Justasilly has 120 seconds left.\n|inactive|Justasilly has 90 seconds left.\n|\n|t:|1700723602\n|move|p1a: Grafaiai|Gunk Shot|p2a: Alomomola\n|-damage|p2a: Alomomola|50\/100\n|move|p2a: Alomomola|Knock Off|p1a: Grafaiai\n|-damage|p1a: Grafaiai|60\/100\n|\n|upkeep\n|turn|20\n|\n|t:|1700723619\n|move|p1a: Grafaiai|Parting Shot|p2a: Alomomola\n|-unboost|p2a: Alomomola|atk|1\n|-unboost|p2a: Alomomola|spa|1\n|\n|t:|1700723621\n|switch|p1a: Rotom|Rotom-Wash|91\/100|[from] Parting Shot\n|move|p2a: Alomomola|Wish|p2a: Alomomola\n|\n|upkeep\n|turn|21\n|\n|t:|1700723627\n|switch|p2a: Reuniclus|Reuniclus, F, tera:Steel|20\/100 brn\n|move|p1a: Rotom|Volt Switch|p2a: Reuniclus\n|-damage|p2a: Reuniclus|0 fnt\n|faint|p2a: Reuniclus\n|\n|t:|1700723630\n|switch|p1a: Grafaiai|Grafaiai, M|60\/100|[from] Volt Switch\n|\n|upkeep\n|\n|t:|1700723636\n|switch|p2a: Alomomola|Alomomola, F|83\/100\n|turn|22\n|\n|t:|1700723641\n|move|p1a: Grafaiai|Knock Off|p2a: Alomomola\n|-damage|p2a: Alomomola|71\/100\n|move|p2a: Alomomola|Wish|p2a: Alomomola\n|\n|upkeep\n|turn|23\n|\n|t:|1700723648\n|move|p1a: Grafaiai|Encore|p2a: Alomomola\n|-start|p2a: Alomomola|Encore\n|move|p2a: Alomomola|Wish||[still]\n|-fail|p2a: Alomomola\n|\n|-heal|p2a: Alomomola|100\/100|[from] move: Wish|[wisher] Alomomola\n|upkeep\n|turn|24\n|\n|t:|1700723652\n|move|p1a: Grafaiai|Parting Shot|p2a: Alomomola\n|-unboost|p2a: Alomomola|atk|1\n|-unboost|p2a: Alomomola|spa|1\n|\n|t:|1700723658\n|switch|p1a: Rotom|Rotom-Wash|91\/100|[from] Parting Shot\n|move|p2a: Alomomola|Wish|p2a: Alomomola\n|\n|upkeep\n|turn|25\n|\n|t:|1700723662\n|move|p1a: Rotom|Will-O-Wisp|p2a: Alomomola\n|-status|p2a: Alomomola|brn\n|move|p2a: Alomomola|Wish||[still]\n|-fail|p2a: Alomomola\n|\n|-damage|p2a: Alomomola|94\/100 brn|[from] brn\n|-end|p2a: Alomomola|Encore\n|upkeep\n|turn|26\n|\n|t:|1700723664\n|move|p1a: Rotom|Volt Switch|p2a: Alomomola\n|-supereffective|p2a: Alomomola\n|-damage|p2a: Alomomola|57\/100 brn\n|\n|t:|1700723667\n|switch|p1a: Grafaiai|Grafaiai, M|60\/100|[from] Volt Switch\n|move|p2a: Alomomola|Wish|p2a: Alomomola\n|\n|-damage|p2a: Alomomola|51\/100 brn|[from] brn\n|upkeep\n|turn|27\n|\n|t:|1700723670\n|switch|p2a: Ferrothorn|Ferrothorn, M|100\/100\n|move|p1a: Grafaiai|Encore||[still]\n|-fail|p1a: Grafaiai\n|\n|upkeep\n|turn|28\n|\n|t:|1700723674\n|move|p1a: Grafaiai|Parting Shot|p2a: Ferrothorn\n|-unboost|p2a: Ferrothorn|atk|1\n|-unboost|p2a: Ferrothorn|spa|1\n|\n|t:|1700723680\n|switch|p1a: Victini|Victini|100\/100|[from] Parting Shot\n|move|p2a: Ferrothorn|Leech Seed|p1a: Victini\n|-start|p1a: Victini|move: Leech Seed\n|\n|-damage|p1a: Victini|88\/100|[from] Leech Seed|[of] p2a: Ferrothorn\n|upkeep\n|turn|29\n|\n|t:|1700723687\n|move|p2a: Ferrothorn|Protect|p2a: Ferrothorn\n|-singleturn|p2a: Ferrothorn|Protect\n|move|p1a: Victini|V-create|p2a: Ferrothorn\n|-activate|p2a: Ferrothorn|move: Protect\n|\n|-damage|p1a: Victini|76\/100|[from] Leech Seed|[of] p2a: Ferrothorn\n|upkeep\n|turn|30\n|\n|t:|1700723694\n|switch|p2a: Alomomola|Alomomola, F|84\/100 brn\n|move|p1a: Victini|V-create|p2a: Alomomola\n|-resisted|p2a: Alomomola\n|-damage|p2a: Alomomola|63\/100 brn\n|-unboost|p1a: Victini|spe|1\n|-unboost|p1a: Victini|def|1\n|-unboost|p1a: Victini|spd|1\n|\n|-damage|p1a: Victini|63\/100|[from] Leech Seed|[of] p2a: Alomomola\n|-heal|p2a: Alomomola|73\/100 brn|[silent]\n|-damage|p2a: Alomomola|66\/100 brn|[from] brn\n|upkeep\n|turn|31\n|\n|t:|1700723700\n|switch|p1a: Grafaiai|Grafaiai, M|60\/100\n|move|p2a: Alomomola|Wish|p2a: Alomomola\n|\n|-damage|p2a: Alomomola|60\/100 brn|[from] brn\n|upkeep\n|turn|32\n|\n|t:|1700723706\n|move|p1a: Grafaiai|Parting Shot|p2a: Alomomola\n|-unboost|p2a: Alomomola|atk|1\n|-unboost|p2a: Alomomola|spa|1\n|\n|t:|1700723709\n|switch|p1a: Rotom|Rotom-Wash|91\/100|[from] Parting Shot\n|move|p2a: Alomomola|Knock Off|p1a: Rotom\n|-damage|p1a: Rotom|87\/100\n|\n|-heal|p2a: Alomomola|100\/100 brn|[from] move: Wish|[wisher] Alomomola\n|-damage|p2a: Alomomola|94\/100 brn|[from] brn\n|upkeep\n|turn|33\n|\n|t:|1700723715\n|move|p1a: Rotom|Volt Switch|p2a: Alomomola\n|-supereffective|p2a: Alomomola\n|-damage|p2a: Alomomola|52\/100 brn\n|\n|t:|1700723718\n|switch|p1a: Grafaiai|Grafaiai, M|60\/100|[from] Volt Switch\n|move|p2a: Alomomola|Toxic|p1a: Grafaiai\n|-immune|p1a: Grafaiai\n|\n|-damage|p2a: Alomomola|46\/100 brn|[from] brn\n|upkeep\n|turn|34\n|\n|t:|1700723726\n|move|p1a: Grafaiai|Gunk Shot|p2a: Alomomola\n|-damage|p2a: Alomomola|11\/100 brn\n|move|p2a: Alomomola|Wish|p2a: Alomomola\n|\n|-damage|p2a: Alomomola|5\/100 brn|[from] brn\n|upkeep\n|turn|35\n|\n|t:|1700723735\n|switch|p2a: Ferrothorn|Ferrothorn, M|100\/100\n|move|p1a: Grafaiai|Knock Off|p2a: Ferrothorn\n|-damage|p2a: Ferrothorn|85\/100\n|-damage|p1a: Grafaiai|48\/100|[from] ability: Iron Barbs|[of] p2a: Ferrothorn\n|-enditem|p2a: Ferrothorn|Leftovers|[from] move: Knock Off|[of] p1a: Grafaiai\n|\n|-heal|p2a: Ferrothorn|100\/100|[from] move: Wish|[wisher] Alomomola\n|upkeep\n|turn|36\n|\n|t:|1700723743\n|move|p1a: Grafaiai|Parting Shot|p2a: Ferrothorn\n|-unboost|p2a: Ferrothorn|atk|1\n|-unboost|p2a: Ferrothorn|spa|1\n|\n|t:|1700723752\n|switch|p1a: \u5927\u7532|Pinsir, F|100\/100|[from] Parting Shot\n|move|p2a: Ferrothorn|Leech Seed|p1a: \u5927\u7532\n|-start|p1a: \u5927\u7532|move: Leech Seed\n|\n|-damage|p1a: \u5927\u7532|88\/100|[from] Leech Seed|[of] p2a: Ferrothorn\n|upkeep\n|turn|37\n|\n|t:|1700723756\n|detailschange|p1a: \u5927\u7532|Pinsir-Mega, F\n|-mega|p1a: \u5927\u7532|Pinsir|Pinsirite\n|move|p2a: Ferrothorn|Protect|p2a: Ferrothorn\n|-singleturn|p2a: Ferrothorn|Protect\n|move|p1a: \u5927\u7532|Swords Dance|p1a: \u5927\u7532\n|-boost|p1a: \u5927\u7532|atk|2\n|\n|-damage|p1a: \u5927\u7532|76\/100|[from] Leech Seed|[of] p2a: Ferrothorn\n|upkeep\n|turn|38\n|\n|t:|1700723762\n|switch|p2a: Alomomola|Alomomola, F|38\/100 brn\n|move|p1a: \u5927\u7532|Close Combat|p2a: Alomomola\n|-damage|p2a: Alomomola|0 fnt\n|-unboost|p1a: \u5927\u7532|def|1\n|-unboost|p1a: \u5927\u7532|spd|1\n|faint|p2a: Alomomola\n|\n|upkeep\n|\n|t:|1700723764\n|switch|p2a: Ferrothorn|Ferrothorn, M|100\/100\n|turn|39\n|\n|t:|1700723768\n|move|p1a: \u5927\u7532|Swords Dance|p1a: \u5927\u7532\n|-boost|p1a: \u5927\u7532|atk|2\n|move|p2a: Ferrothorn|Gyro Ball|p1a: \u5927\u7532\n|-crit|p1a: \u5927\u7532\n|-damage|p1a: \u5927\u7532|0 fnt\n|faint|p1a: \u5927\u7532\n|\n|upkeep\n|\n|t:|1700723774\n|switch|p1a: Grafaiai|Grafaiai, M|48\/100\n|turn|40\n|\n|t:|1700723777\n|move|p1a: Grafaiai|Encore|p2a: Ferrothorn\n|-start|p2a: Ferrothorn|Encore\n|move|p2a: Ferrothorn|Gyro Ball|p1a: Grafaiai\n|-damage|p1a: Grafaiai|0 fnt\n|faint|p1a: Grafaiai\n|\n|upkeep\n|\n|t:|1700723780\n|switch|p1a: Victini|Victini|63\/100\n|turn|41\n|\n|t:|1700723782\n|move|p1a: Victini|V-create|p2a: Ferrothorn\n|-supereffective|p2a: Ferrothorn\n|-damage|p2a: Ferrothorn|0 fnt\n|-unboost|p1a: Victini|spe|1\n|-unboost|p1a: Victini|def|1\n|-unboost|p1a: Victini|spd|1\n|-damage|p1a: Victini|51\/100|[from] ability: Iron Barbs|[of] p2a: Ferrothorn\n|faint|p2a: Ferrothorn\n|\n|win|Hall DJ\n|raw|Hall DJ's rating: 1343 &rarr; <strong>1360<\/strong><br \/>(+17 for winning)\n|raw|Justasilly's rating: 1282 &rarr; <strong>1261<\/strong><br \/>(-21 for losing)\n","uploadtime":1700723785,"views":2,"p1id":"halldj","p2id":"justasilly","formatid":"gen9nationaldex","rating":1261,"private":0,"password":""}