{"id":"gen9nationaldex-1988864151","p1":"Rexymecy","p2":"Infinityn't","format":"[Gen 9] National Dex","log":"|j|\u2606Rexymecy\n|j|\u2606Infinityn't\n|t:|1699776462\n|gametype|singles\n|player|p1|Rexymecy|hilda|1070\n|player|p2|Infinityn't|veteran|1148\n|teamsize|p1|6\n|teamsize|p2|6\n|gen|9\n|tier|[Gen 9] National Dex\n|rated|\n|rule|HP Percentage Mod: HP is shown in percentages\n|rule|Endless Battle Clause: Forcing endless battles is banned\n|rule|OHKO Clause: OHKO moves are banned\n|rule|Evasion Clause: Evasion abilities, items, and moves are banned\n|rule|Evasion Abilities Clause: Evasion abilities are banned\n|rule|Evasion Items Clause: Evasion items are banned\n|rule|Evasion Moves Clause: Evasion moves are banned\n|rule|Species Clause: Limit one of each Pok\u00e9mon\n|rule|Sleep Clause Mod: Limit one foe put to sleep\n|clearpoke\n|poke|p1|Lopunny, F|\n|poke|p1|Ogerpon-Wellspring, F|\n|poke|p1|Landorus-Therian, M|\n|poke|p1|Samurott-Hisui, F|\n|poke|p1|Blacephalon|\n|poke|p1|Tapu Koko|\n|poke|p2|Charizard, F|\n|poke|p2|Blacephalon|\n|poke|p2|Great Tusk|\n|poke|p2|Lilligant-Hisui, F|\n|poke|p2|Victini|\n|poke|p2|Torkoal, M|\n|teampreview\n|inactive|Battle timer is ON: inactive players will automatically lose when time's up. (requested by Rexymecy)\n|inactive|Rexymecy has 120 seconds left.\n|\n|t:|1699776504\n|start\n|switch|p1a: Lopunny|Lopunny, F|100\/100\n|switch|p2a: Torkoal|Torkoal, M|100\/100\n|-weather|SunnyDay|[from] ability: Drought|[of] p2a: Torkoal\n|turn|1\n|\n|t:|1699776511\n|detailschange|p1a: Lopunny|Lopunny-Mega, F\n|-mega|p1a: Lopunny|Lopunny|Lopunnite\n|move|p1a: Lopunny|Fake Out|p2a: Torkoal\n|-damage|p2a: Torkoal|81\/100\n|cant|p2a: Torkoal|flinch\n|\n|-weather|SunnyDay|[upkeep]\n|-heal|p2a: Torkoal|87\/100|[from] item: Leftovers\n|upkeep\n|turn|2\n|\n|t:|1699776522\n|move|p1a: Lopunny|U-turn|p2a: Torkoal\n|-resisted|p2a: Torkoal\n|-damage|p2a: Torkoal|76\/100\n|\n|t:|1699776531\n|switch|p1a: Samurott|Samurott-Hisui, F|100\/100|[from] U-turn\n|move|p2a: Torkoal|Stealth Rock|p1a: Samurott\n|-sidestart|p1: Rexymecy|move: Stealth Rock\n|\n|-weather|SunnyDay|[upkeep]\n|-heal|p2a: Torkoal|82\/100|[from] item: Leftovers\n|upkeep\n|turn|3\n|\n|t:|1699776542\n|move|p1a: Samurott|Swords Dance|p1a: Samurott\n|-boost|p1a: Samurott|atk|2\n|move|p2a: Torkoal|Solar Beam||[still]\n|-prepare|p2a: Torkoal|Solar Beam\n|-anim|p2a: Torkoal|Solar Beam|p1a: Samurott\n|-supereffective|p1a: Samurott\n|-damage|p1a: Samurott|1\/100\n|\n|-weather|SunnyDay|[upkeep]\n|-heal|p2a: Torkoal|88\/100|[from] item: Leftovers\n|upkeep\n|turn|4\n|\n|t:|1699776554\n|move|p1a: Samurott|Ceaseless Edge|p2a: Torkoal\n|-damage|p2a: Torkoal|0 fnt\n|-sidestart|p2: Infinityn't|Spikes\n|faint|p2a: Torkoal\n|\n|-weather|SunnyDay|[upkeep]\n|upkeep\n|\n|t:|1699776561\n|switch|p2a: The Better Paradox|Great Tusk|100\/100\n|-damage|p2a: The Better Paradox|88\/100|[from] Spikes\n|-activate|p2a: The Better Paradox|ability: Protosynthesis\n|-start|p2a: The Better Paradox|protosynthesisatk\n|turn|5\n|\n|t:|1699776573\n|move|p2a: The Better Paradox|Rapid Spin|p1a: Samurott\n|-damage|p1a: Samurott|0 fnt\n|-boost|p2a: The Better Paradox|spe|1\n|-sideend|p2: Infinityn't|Spikes|[from] move: Rapid Spin|[of] p2a: The Better Paradox\n|faint|p1a: Samurott\n|\n|-weather|none\n|-end|p2a: The Better Paradox|Protosynthesis\n|-heal|p2a: The Better Paradox|94\/100|[from] item: Leftovers\n|upkeep\n|\n|t:|1699776581\n|switch|p1a: Landorus|Landorus-Therian, M|100\/100\n|-damage|p1a: Landorus|88\/100|[from] Stealth Rock\n|-ability|p1a: Landorus|Intimidate|boost\n|-unboost|p2a: The Better Paradox|atk|1\n|turn|6\n|\n|t:|1699776586\n|move|p1a: Landorus|Defog|p2a: The Better Paradox\n|-unboost|p2a: The Better Paradox|evasion|1\n|-sideend|p1: Rexymecy|Stealth Rock|[from] move: Defog|[of] p1a: Landorus\n|move|p2a: The Better Paradox|Ice Spinner|p1a: Landorus\n|-supereffective|p1a: Landorus\n|-damage|p1a: Landorus|0 fnt\n|faint|p1a: Landorus\n|\n|-heal|p2a: The Better Paradox|100\/100|[from] item: Leftovers\n|upkeep\n|\n|t:|1699776601\n|switch|p1a: Ogerpon|Ogerpon-Wellspring, F|100\/100\n|turn|7\n|\n|t:|1699776607\n|move|p2a: The Better Paradox|Close Combat|p1a: Ogerpon\n|-damage|p1a: Ogerpon|49\/100\n|-unboost|p2a: The Better Paradox|def|1\n|-unboost|p2a: The Better Paradox|spd|1\n|move|p1a: Ogerpon|Swords Dance|p1a: Ogerpon\n|-boost|p1a: Ogerpon|atk|2\n|\n|upkeep\n|turn|8\n|\n|t:|1699776622\n|move|p2a: The Better Paradox|Close Combat|p1a: Ogerpon\n|-damage|p1a: Ogerpon|0 fnt\n|-unboost|p2a: The Better Paradox|def|1\n|-unboost|p2a: The Better Paradox|spd|1\n|faint|p1a: Ogerpon\n|\n|upkeep\n|\n|t:|1699776626\n|switch|p1a: Lopunny|Lopunny-Mega, F|100\/100\n|turn|9\n|\n|t:|1699776631\n|move|p1a: Lopunny|Fake Out|p2a: The Better Paradox\n|-damage|p2a: The Better Paradox|66\/100\n|cant|p2a: The Better Paradox|flinch\n|\n|-heal|p2a: The Better Paradox|73\/100|[from] item: Leftovers\n|upkeep\n|turn|10\n|\n|t:|1699776638\n|move|p2a: The Better Paradox|Close Combat|p1a: Lopunny\n|-supereffective|p1a: Lopunny\n|-damage|p1a: Lopunny|0 fnt\n|-unboost|p2a: The Better Paradox|def|1\n|-unboost|p2a: The Better Paradox|spd|1\n|faint|p1a: Lopunny\n|\n|-heal|p2a: The Better Paradox|79\/100|[from] item: Leftovers\n|upkeep\n|\n|t:|1699776647\n|switch|p1a: Blacephalon|Blacephalon|100\/100\n|turn|11\n|\n|t:|1699776653\n|move|p1a: Blacephalon|Flamethrower|p2a: The Better Paradox\n|-damage|p2a: The Better Paradox|0 fnt\n|faint|p2a: The Better Paradox\n|-end|p2a: The Better Paradox|Protosynthesis|[silent]\n|-ability|p1a: Blacephalon|Beast Boost|boost\n|-boost|p1a: Blacephalon|spa|1\n|\n|upkeep\n|\n|t:|1699776660\n|switch|p2a: Blacephalon|Blacephalon, shiny|100\/100\n|turn|12\n|\n|t:|1699776667\n|move|p1a: Blacephalon|Flamethrower|p2a: Blacephalon\n|-resisted|p2a: Blacephalon\n|-damage|p2a: Blacephalon|29\/100\n|move|p2a: Blacephalon|Shadow Ball|p1a: Blacephalon\n|-supereffective|p1a: Blacephalon\n|-damage|p1a: Blacephalon|0 fnt\n|faint|p1a: Blacephalon\n|-ability|p2a: Blacephalon|Beast Boost|boost\n|-boost|p2a: Blacephalon|spa|1\n|\n|upkeep\n|\n|t:|1699776674\n|switch|p1a: Tapu Koko|Tapu Koko|100\/100\n|-fieldstart|move: Electric Terrain|[from] ability: Electric Surge|[of] p1a: Tapu Koko\n|turn|13\n|\n|t:|1699776678\n|move|p1a: Tapu Koko|Thunderbolt|p2a: Blacephalon\n|-damage|p2a: Blacephalon|0 fnt\n|faint|p2a: Blacephalon\n|\n|upkeep\n|\n|t:|1699776685\n|switch|p2a: Charizard|Charizard, F, shiny|100\/100\n|turn|14\n|\n|t:|1699776692\n|detailschange|p2a: Charizard|Charizard-Mega-Y, F, shiny\n|-mega|p2a: Charizard|Charizard|Charizardite Y\n|-weather|SunnyDay|[from] ability: Drought|[of] p2a: Charizard\n|move|p1a: Tapu Koko|Thunderbolt|p2a: Charizard\n|-supereffective|p2a: Charizard\n|-damage|p2a: Charizard|8\/100\n|move|p2a: Charizard|Scorching Sands|p1a: Tapu Koko\n|-supereffective|p1a: Tapu Koko\n|-damage|p1a: Tapu Koko|16\/100\n|\n|-weather|SunnyDay|[upkeep]\n|upkeep\n|turn|15\n|\n|t:|1699776701\n|move|p1a: Tapu Koko|Thunderbolt|p2a: Charizard\n|-supereffective|p2a: Charizard\n|-damage|p2a: Charizard|0 fnt\n|faint|p2a: Charizard\n|\n|-weather|SunnyDay|[upkeep]\n|upkeep\n|\n|t:|1699776705\n|switch|p2a: I ran out of names|Lilligant-Hisui, F, shiny|100\/100\n|turn|16\n|\n|t:|1699776709\n|move|p2a: I ran out of names|Leaf Blade|p1a: Tapu Koko\n|-damage|p1a: Tapu Koko|0 fnt\n|faint|p1a: Tapu Koko\n|-damage|p2a: I ran out of names|91\/100|[from] item: Life Orb\n|\n|win|Infinityn't\n|raw|Rexymecy's rating: 1070 &rarr; <strong>1054<\/strong><br \/>(-16 for losing)\n|raw|Infinityn&apos;t's rating: 1148 &rarr; <strong>1167<\/strong><br \/>(+19 for winning)\n|c|\u2606Infinityn't|gg\n|c|\u2606Rexymecy|gg\n|l|\u2606Rexymecy\n","uploadtime":1699776720,"views":12,"p1id":"rexymecy","p2id":"infinitynt","formatid":"gen9nationaldex","rating":1054,"private":0,"password":""}