{"id":"gen9nationaldex-1999232259","p1":"Lylak-Plus","p2":"Vroom Varoom","format":"[Gen 9] National Dex","log":"|html|<div class=\"broadcast-blue\"><strong>[Gen 9] National Dex is currently suspecting Sneasler! For information on how to participate check out the <a href=\"https:\/\/www.smogon.com\/forums\/threads\/sv-national-dex-suspect-8-just-dance.3731534\/\">suspect thread<\/a>.<\/strong><\/div>\n|j|\u2606Lylak-Plus\n|j|\u2606Vroom Varoom\n|t:|1701048551\n|gametype|singles\n|player|p1|Lylak-Plus|skyla|\n|player|p2|Vroom Varoom|265|\n|teamsize|p1|6\n|teamsize|p2|6\n|gen|9\n|tier|[Gen 9] National Dex\n|rule|HP Percentage Mod: HP is shown in percentages\n|rule|Endless Battle Clause: Forcing endless battles is banned\n|rule|OHKO Clause: OHKO moves are banned\n|rule|Evasion Clause: Evasion abilities, items, and moves are banned\n|rule|Evasion Abilities Clause: Evasion abilities are banned\n|rule|Evasion Items Clause: Evasion items are banned\n|rule|Evasion Moves Clause: Evasion moves are banned\n|rule|Species Clause: Limit one of each Pok\u00e9mon\n|rule|Sleep Clause Mod: Limit one foe put to sleep\n|clearpoke\n|poke|p1|Weavile, M|\n|poke|p1|Kleavor, F|\n|poke|p1|Qwilfish-Hisui, M|\n|poke|p1|Hatterene, F|\n|poke|p1|Typhlosion-Hisui, M|\n|poke|p1|Altaria, M|\n|poke|p2|Mawile, F|\n|poke|p2|Starmie|\n|poke|p2|Sandy Shocks|\n|poke|p2|Lokix, M|\n|poke|p2|Dusclops, M|\n|poke|p2|Druddigon, F|\n|teampreview\n|c|\u2606Lylak-Plus|gl\n|\n|t:|1701048560\n|start\n|switch|p1a: Shion|Kleavor, F|100\/100\n|switch|p2a: Druddigon|Druddigon, F|100\/100\n|-ability|p2a: Druddigon|Mold Breaker\n|turn|1\n|c|\u2606Vroom Varoom|gl hf\n|\n|t:|1701048582\n|move|p2a: Druddigon|Protect|p2a: Druddigon\n|-singleturn|p2a: Druddigon|Protect\n|move|p1a: Shion|U-turn|p2a: Druddigon\n|-activate|p2a: Druddigon|move: Protect\n|\n|upkeep\n|turn|2\n|\n|t:|1701048589\n|move|p1a: Shion|U-turn|p2a: Druddigon\n|-damage|p2a: Druddigon|60\/100\n|\n|t:|1701048591\n|switch|p1a: Remiru|Weavile, M|100\/100|[from] U-turn\n|-ability|p1a: Remiru|Pressure\n|move|p2a: Druddigon|Toxic|p1a: Remiru\n|-status|p1a: Remiru|tox\n|\n|-damage|p1a: Remiru|94\/100 tox|[from] psn\n|upkeep\n|turn|3\n|\n|t:|1701048601\n|move|p2a: Druddigon|Protect|p2a: Druddigon\n|-singleturn|p2a: Druddigon|Protect\n|move|p1a: Remiru|Knock Off|p2a: Druddigon\n|-activate|p2a: Druddigon|move: Protect\n|\n|-damage|p1a: Remiru|82\/100 tox|[from] psn\n|upkeep\n|turn|4\n|\n|t:|1701048608\n|switch|p2a: Mawile|Mawile, F|100\/100\n|-ability|p2a: Mawile|Intimidate|boost\n|-unboost|p1a: Remiru|atk|1\n|move|p1a: Remiru|Knock Off|p2a: Mawile\n|-resisted|p2a: Mawile\n|-damage|p2a: Mawile|90\/100\n|\n|-damage|p1a: Remiru|64\/100 tox|[from] psn\n|upkeep\n|turn|5\n|\n|t:|1701048620\n|switch|p1a: Veldora|Altaria, M|100\/100\n|move|p2a: Mawile|Knock Off|p1a: Veldora\n|-damage|p1a: Veldora|82\/100\n|-enditem|p1a: Veldora|Leftovers|[from] move: Knock Off|[of] p2a: Mawile\n|\n|upkeep\n|turn|6\n|\n|t:|1701048633\n|switch|p2a: Sandy Shocks|Sandy Shocks|100\/100\n|move|p1a: Veldora|Will-O-Wisp|p2a: Sandy Shocks\n|-status|p2a: Sandy Shocks|brn\n|\n|-damage|p2a: Sandy Shocks|94\/100 brn|[from] brn\n|upkeep\n|turn|7\n|\n|t:|1701048639\n|switch|p1a: Ultima|Hatterene, F|100\/100\n|move|p2a: Sandy Shocks|Spikes|p1a: Ultima\n|move|p1a: Ultima|Spikes|p2a: Sandy Shocks|[from]ability: Magic Bounce\n|-sidestart|p2: Vroom Varoom|Spikes\n|\n|-damage|p2a: Sandy Shocks|88\/100 brn|[from] brn\n|upkeep\n|turn|8\n|\n|t:|1701048659\n|switch|p1a: Veldora|Altaria, M|82\/100\n|move|p2a: Sandy Shocks|Volt Switch|p1a: Veldora\n|-damage|p1a: Veldora|56\/100\n|\n|t:|1701048666\n|-end|p2a: Sandy Shocks|Protosynthesis|[silent]\n|switch|p2a: Starmie|Starmie|100\/100|[from] Volt Switch\n|\n|upkeep\n|turn|9\n|\n|t:|1701048672\n|switch|p1a: Ultima|Hatterene, F|100\/100\n|move|p2a: Starmie|Ice Beam|p1a: Ultima\n|-damage|p1a: Ultima|63\/100\n|-enditem|p1a: Ultima|Eject Button\n|\n|t:|1701048678\n|switch|p1a: Shion|Kleavor, F|100\/100\n|\n|upkeep\n|turn|10\n|\n|t:|1701048690\n|switch|p2a: Mawile|Mawile, F|90\/100\n|-damage|p2a: Mawile|78\/100|[from] Spikes\n|-ability|p2a: Mawile|Intimidate|boost\n|-unboost|p1a: Shion|atk|1\n|move|p1a: Shion|U-turn|p2a: Mawile\n|-resisted|p2a: Mawile\n|-damage|p2a: Mawile|72\/100\n|\n|t:|1701048693\n|switch|p1a: Benimaru|Typhlosion-Hisui, M|100\/100|[from] U-turn\n|\n|upkeep\n|turn|11\n|\n|t:|1701048728\n|move|p1a: Benimaru|Substitute|p1a: Benimaru\n|-start|p1a: Benimaru|Substitute\n|-damage|p1a: Benimaru|76\/100\n|move|p2a: Mawile|Knock Off|p1a: Benimaru\n|-supereffective|p1a: Benimaru\n|-end|p1a: Benimaru|Substitute\n|\n|upkeep\n|turn|12\n|\n|t:|1701048740\n|switch|p2a: Druddigon|Druddigon, F|60\/100\n|-ability|p2a: Druddigon|Mold Breaker\n|move|p1a: Benimaru|Lava Plume|p2a: Druddigon\n|-resisted|p2a: Druddigon\n|-damage|p2a: Druddigon|47\/100\n|\n|upkeep\n|turn|13\n|\n|t:|1701048752\n|switch|p1a: Ultima|Hatterene, F|63\/100\n|move|p2a: Druddigon|Stealth Rock|p1a: Ultima\n|-sidestart|p1: Lylak-Plus|move: Stealth Rock\n|\n|upkeep\n|turn|14\n|\n|t:|1701048763\n|move|p2a: Druddigon|Toxic|p1a: Ultima\n|-status|p1a: Ultima|tox\n|move|p1a: Ultima|Psychic Terrain|p1a: Ultima\n|-fieldstart|move: Psychic Terrain\n|\n|-damage|p1a: Ultima|57\/100 tox|[from] psn\n|upkeep\n|turn|15\n|\n|t:|1701048770\n|move|p2a: Druddigon|Protect|p2a: Druddigon\n|-singleturn|p2a: Druddigon|Protect\n|move|p1a: Ultima|Healing Wish|p1a: Ultima\n|faint|p1a: Ultima\n|\n|upkeep\n|\n|t:|1701048772\n|switch|p1a: Remiru|Weavile, M|64\/100 tox\n|-heal|p1a: Remiru|100\/100|[from] move: Healing Wish\n|-damage|p1a: Remiru|76\/100|[from] Stealth Rock\n|-ability|p1a: Remiru|Pressure\n|turn|16\n|\n|t:|1701048797\n|switch|p1a: Veldora|Altaria, M|56\/100\n|-damage|p1a: Veldora|31\/100|[from] Stealth Rock\n|switch|p2a: Mawile|Mawile, F|72\/100\n|-damage|p2a: Mawile|60\/100|[from] Spikes\n|-ability|p2a: Mawile|Intimidate|boost\n|-unboost|p1a: Veldora|atk|1\n|\n|upkeep\n|turn|17\n|\n|t:|1701048809\n|switch|p2a: Dusclops|Dusclops, M|100\/100\n|-damage|p2a: Dusclops|88\/100|[from] Spikes\n|-terastallize|p1a: Veldora|Ground\n|move|p1a: Veldora|Tera Blast|p2a: Dusclops|[anim] Tera Blast Ground\n|-damage|p2a: Dusclops|75\/100\n|\n|upkeep\n|turn|18\n|\n|t:|1701048818\n|-terastallize|p2a: Dusclops|Water\n|move|p1a: Veldora|Roost|p1a: Veldora\n|-heal|p1a: Veldora|81\/100\n|move|p2a: Dusclops|Will-O-Wisp|p1a: Veldora\n|-status|p1a: Veldora|brn\n|\n|-damage|p1a: Veldora|75\/100 brn|[from] brn\n|-fieldend|move: Psychic Terrain\n|upkeep\n|turn|19\n|\n|t:|1701048823\n|move|p1a: Veldora|Will-O-Wisp|p2a: Dusclops|[miss]\n|-miss|p1a: Veldora|p2a: Dusclops\n|move|p2a: Dusclops|Night Shade|p1a: Veldora\n|-damage|p1a: Veldora|46\/100 brn\n|\n|-damage|p1a: Veldora|40\/100 brn|[from] brn\n|upkeep\n|turn|20\n|\n|t:|1701048827\n|move|p1a: Veldora|Roost|p1a: Veldora\n|-heal|p1a: Veldora|90\/100 brn\n|move|p2a: Dusclops|Night Shade|p1a: Veldora\n|-damage|p1a: Veldora|62\/100 brn\n|\n|-damage|p1a: Veldora|56\/100 brn|[from] brn\n|upkeep\n|turn|21\n|\n|t:|1701048836\n|-curestatus|p1a: Veldora|brn|[from] ability: Natural Cure\n|switch|p1a: Geld|Qwilfish-Hisui, M|100\/100\n|-damage|p1a: Geld|88\/100|[from] Stealth Rock\n|-ability|p1a: Geld|Intimidate|boost\n|-unboost|p2a: Dusclops|atk|1\n|switch|p2a: Sandy Shocks|Sandy Shocks|88\/100 brn\n|\n|-damage|p2a: Sandy Shocks|82\/100 brn|[from] brn\n|upkeep\n|turn|22\n|\n|t:|1701048856\n|move|p2a: Sandy Shocks|Earth Power|p1a: Geld\n|-supereffective|p1a: Geld\n|-damage|p1a: Geld|0 fnt\n|faint|p1a: Geld\n|\n|-damage|p2a: Sandy Shocks|76\/100 brn|[from] brn\n|upkeep\n|\n|t:|1701048860\n|switch|p1a: Remiru|Weavile, M|76\/100\n|-damage|p1a: Remiru|51\/100|[from] Stealth Rock\n|-ability|p1a: Remiru|Pressure\n|turn|23\n|\n|t:|1701048871\n|switch|p1a: Veldora|Altaria, M, tera:Ground|56\/100\n|-damage|p1a: Veldora|50\/100|[from] Stealth Rock\n|move|p2a: Sandy Shocks|Volt Switch|p1a: Veldora\n|-immune|p1a: Veldora\n|\n|-damage|p2a: Sandy Shocks|70\/100 brn|[from] brn\n|upkeep\n|turn|24\n|\n|t:|1701048883\n|-end|p2a: Sandy Shocks|Protosynthesis|[silent]\n|switch|p2a: Starmie|Starmie|100\/100\n|move|p1a: Veldora|Roost|p1a: Veldora\n|-heal|p1a: Veldora|99\/100\n|\n|upkeep\n|turn|25\n|\n|t:|1701048892\n|move|p2a: Starmie|Hydro Pump|p1a: Veldora|[miss]\n|-miss|p2a: Starmie|p1a: Veldora\n|move|p1a: Veldora|Tera Blast|p2a: Starmie|[anim] Tera Blast Ground\n|-crit|p2a: Starmie\n|-damage|p2a: Starmie|51\/100\n|\n|upkeep\n|turn|26\n|\n|t:|1701048929\n|move|p2a: Starmie|Hydro Pump|p1a: Veldora\n|-supereffective|p1a: Veldora\n|-damage|p1a: Veldora|37\/100\n|move|p1a: Veldora|Hurricane|p2a: Starmie\n|-damage|p2a: Starmie|9\/100\n|\n|upkeep\n|turn|27\n|\n|t:|1701048977\n|move|p2a: Starmie|Hydro Pump|p1a: Veldora\n|-supereffective|p1a: Veldora\n|-damage|p1a: Veldora|0 fnt\n|faint|p1a: Veldora\n|\n|upkeep\n|\n|t:|1701049006\n|switch|p1a: Shion|Kleavor, F|100\/100\n|-damage|p1a: Shion|76\/100|[from] Stealth Rock\n|turn|28\n|\n|t:|1701049023\n|switch|p2a: Druddigon|Druddigon, F|47\/100\n|-ability|p2a: Druddigon|Mold Breaker\n|move|p1a: Shion|Stone Axe|p2a: Druddigon\n|-damage|p2a: Druddigon|0 fnt\n|-sidestart|p2: Vroom Varoom|move: Stealth Rock\n|faint|p2a: Druddigon\n|\n|upkeep\n|\n|t:|1701049035\n|switch|p2a: Mawile|Mawile, F|60\/100\n|-damage|p2a: Mawile|48\/100|[from] Spikes\n|-damage|p2a: Mawile|42\/100|[from] Stealth Rock\n|-ability|p2a: Mawile|Intimidate|boost\n|-unboost|p1a: Shion|atk|1\n|turn|29\n|\n|t:|1701049045\n|switch|p1a: Benimaru|Typhlosion-Hisui, M|76\/100\n|-damage|p1a: Benimaru|51\/100|[from] Stealth Rock\n|move|p2a: Mawile|Iron Head|p1a: Benimaru\n|-resisted|p1a: Benimaru\n|-damage|p1a: Benimaru|33\/100\n|\n|upkeep\n|turn|30\n|\n|t:|1701049055\n|move|p1a: Benimaru|Lava Plume|p2a: Mawile\n|-supereffective|p2a: Mawile\n|-damage|p2a: Mawile|0 fnt\n|faint|p2a: Mawile\n|\n|upkeep\n|\n|t:|1701049057\n|switch|p2a: Dusclops|Dusclops, M, tera:Water|75\/100\n|-damage|p2a: Dusclops|63\/100|[from] Spikes\n|-damage|p2a: Dusclops|50\/100|[from] Stealth Rock\n|-item|p1a: Benimaru|Salac Berry|[from] ability: Frisk|[of] p2a: Dusclops|[identify]\n|turn|31\n|\n|t:|1701049074\n|switch|p1a: Remiru|Weavile, M|51\/100\n|-damage|p1a: Remiru|26\/100|[from] Stealth Rock\n|-ability|p1a: Remiru|Pressure\n|move|p2a: Dusclops|Night Shade|p1a: Remiru\n|-damage|p1a: Remiru|0 fnt\n|faint|p1a: Remiru\n|\n|upkeep\n|\n|t:|1701049078\n|switch|p1a: Shion|Kleavor, F|76\/100\n|-damage|p1a: Shion|51\/100|[from] Stealth Rock\n|turn|32\n|\n|t:|1701049098\n|move|p1a: Shion|Stone Axe|p2a: Dusclops|[miss]\n|-miss|p1a: Shion|p2a: Dusclops\n|move|p2a: Dusclops|Will-O-Wisp|p1a: Shion\n|-status|p1a: Shion|brn\n|\n|-damage|p1a: Shion|45\/100 brn|[from] brn\n|upkeep\n|turn|33\n|\n|t:|1701049100\n|move|p1a: Shion|Stone Axe|p2a: Dusclops\n|-damage|p2a: Dusclops|36\/100\n|move|p2a: Dusclops|Rest|p2a: Dusclops\n|-status|p2a: Dusclops|slp|[from] move: Rest\n|-heal|p2a: Dusclops|100\/100 slp|[silent]\n|\n|-damage|p1a: Shion|39\/100 brn|[from] brn\n|upkeep\n|turn|34\n|\n|t:|1701049104\n|switch|p1a: Benimaru|Typhlosion-Hisui, M|33\/100\n|-damage|p1a: Benimaru|8\/100|[from] Stealth Rock\n|-enditem|p1a: Benimaru|Salac Berry|[eat]\n|-boost|p1a: Benimaru|spe|1|[from] item: Salac Berry\n|cant|p2a: Dusclops|slp\n|move|p2a: Dusclops|Sleep Talk|p2a: Dusclops\n|move|p2a: Dusclops|Rest||[from]move: Sleep Talk|[still]\n|-fail|p2a: Dusclops\n|\n|upkeep\n|turn|35\n|\n|t:|1701049106\n|move|p1a: Benimaru|Infernal Parade|p2a: Dusclops\n|-damage|p2a: Dusclops|63\/100 slp\n|cant|p2a: Dusclops|slp\n|move|p2a: Dusclops|Sleep Talk|p2a: Dusclops\n|move|p2a: Dusclops|Rest||[from]move: Sleep Talk|[still]\n|-fail|p2a: Dusclops\n|\n|upkeep\n|turn|36\n|\n|t:|1701049108\n|move|p1a: Benimaru|Infernal Parade|p2a: Dusclops\n|-damage|p2a: Dusclops|27\/100 slp\n|-curestatus|p2a: Dusclops|slp|[msg]\n|move|p2a: Dusclops|Night Shade|p1a: Benimaru\n|-damage|p1a: Benimaru|0 fnt\n|faint|p1a: Benimaru\n|\n|upkeep\n|-message|Lylak-Plus forfeited.\n|\n|win|Vroom Varoom\n|l|\u2606Lylak-Plus\n|c|\u2606Vroom Varoom|ggwp\n","uploadtime":1701049124,"views":28,"p1id":"lylakplus","p2id":"vroomvaroom","formatid":"gen9nationaldex","rating":0,"private":0,"password":""}