{"id":"gen9nationaldex-1997859376","p1":"Isaac78789","p2":"ZeddMedic","format":"[Gen 9] National Dex","log":"|html|<div class=\"broadcast-blue\"><strong>[Gen 9] National Dex is currently suspecting Sneasler! For information on how to participate check out the <a href=\"https:\/\/www.smogon.com\/forums\/threads\/sv-national-dex-suspect-8-just-dance.3731534\/\">suspect thread<\/a>.<\/strong><\/div>\n|j|\u2606Isaac78789\n|j|\u2606ZeddMedic\n|t:|1700860617\n|gametype|singles\n|player|p1|Isaac78789|fisherman-gen4|1000\n|player|p2|ZeddMedic|acetrainer-gen4dp|1000\n|teamsize|p1|6\n|teamsize|p2|6\n|gen|9\n|tier|[Gen 9] National Dex\n|rated|\n|rule|HP Percentage Mod: HP is shown in percentages\n|rule|Endless Battle Clause: Forcing endless battles is banned\n|rule|OHKO Clause: OHKO moves are banned\n|rule|Evasion Clause: Evasion abilities, items, and moves are banned\n|rule|Evasion Abilities Clause: Evasion abilities are banned\n|rule|Evasion Items Clause: Evasion items are banned\n|rule|Evasion Moves Clause: Evasion moves are banned\n|rule|Species Clause: Limit one of each Pok\u00e9mon\n|rule|Sleep Clause Mod: Limit one foe put to sleep\n|clearpoke\n|poke|p1|Smeargle, M|\n|poke|p1|Breloom, M|\n|poke|p1|Aggron, M|\n|poke|p1|Appletun, F|\n|poke|p1|Umbreon, F|\n|poke|p1|Venomoth, F|\n|poke|p2|Ralts, L1, M|\n|poke|p2|Carbink|\n|poke|p2|Glimmora, F|\n|poke|p2|Salazzle, F|\n|poke|p2|Cryogonal|\n|poke|p2|Great Tusk|\n|teampreview\n|\n|t:|1700860623\n|start\n|switch|p1a: Smeargle|Smeargle, M|100\/100\n|switch|p2a: Salazzle|Salazzle, F|100\/100\n|turn|1\n|\n|t:|1700860629\n|move|p2a: Salazzle|Toxic|p1a: Smeargle\n|-status|p1a: Smeargle|tox\n|move|p1a: Smeargle|Taunt|p2a: Salazzle\n|-start|p2a: Salazzle|move: Taunt\n|-enditem|p2a: Salazzle|Mental Herb\n|-end|p2a: Salazzle|move: Taunt\n|\n|-damage|p1a: Smeargle|94\/100 tox|[from] psn\n|upkeep\n|turn|2\n|\n|t:|1700860639\n|move|p2a: Salazzle|Taunt|p1a: Smeargle\n|-start|p1a: Smeargle|move: Taunt\n|cant|p1a: Smeargle|move: Taunt|Sticky Web\n|\n|-damage|p1a: Smeargle|82\/100 tox|[from] psn\n|upkeep\n|turn|3\n|\n|t:|1700860645\n|move|p2a: Salazzle|Toxic Spikes|p1a: Smeargle\n|-sidestart|p1: Isaac78789|move: Toxic Spikes\n|move|p1a: Smeargle|Nuzzle|p2a: Salazzle\n|-damage|p2a: Salazzle|98\/100\n|-status|p2a: Salazzle|par\n|\n|-damage|p1a: Smeargle|64\/100 tox|[from] psn\n|upkeep\n|turn|4\n|\n|t:|1700860662\n|switch|p1a: Breloom|Breloom, M|100\/100\n|-status|p1a: Breloom|psn\n|move|p2a: Salazzle|Toxic Spikes|p1a: Breloom\n|-sidestart|p1: Isaac78789|move: Toxic Spikes\n|\n|-damage|p1a: Breloom|88\/100 psn|[from] psn\n|upkeep\n|turn|5\n|\n|t:|1700860675\n|switch|p2a: Cryogonal|Cryogonal|100\/100\n|move|p1a: Breloom|Swords Dance|p1a: Breloom\n|-boost|p1a: Breloom|atk|2\n|\n|-damage|p1a: Breloom|76\/100 psn|[from] psn\n|upkeep\n|turn|6\n|\n|t:|1700860685\n|-terastallize|p1a: Breloom|Fighting\n|move|p1a: Breloom|Mach Punch|p2a: Cryogonal\n|-supereffective|p2a: Cryogonal\n|-enditem|p2a: Cryogonal|Focus Sash\n|-damage|p2a: Cryogonal|1\/100\n|move|p2a: Cryogonal|Confuse Ray|p1a: Breloom\n|-start|p1a: Breloom|confusion\n|\n|-damage|p1a: Breloom|64\/100 psn|[from] psn\n|upkeep\n|turn|7\n|\n|t:|1700860695\n|-activate|p1a: Breloom|confusion\n|-damage|p1a: Breloom|31\/100 psn|[from] confusion\n|move|p2a: Cryogonal|Explosion|p1a: Breloom\n|-damage|p1a: Breloom|0 fnt\n|faint|p2a: Cryogonal\n|faint|p1a: Breloom\n|\n|upkeep\n|\n|t:|1700860714\n|switch|p2a: Salazzle|Salazzle, F|98\/100 par\n|switch|p1a: Smeargle|Smeargle, M|64\/100 tox\n|turn|8\n|\n|t:|1700860720\n|cant|p2a: Salazzle|par\n|move|p1a: Smeargle|Whirlwind|p2a: Salazzle\n|drag|p2a: Carbink|Carbink|100\/100\n|\n|-damage|p1a: Smeargle|58\/100 tox|[from] psn\n|upkeep\n|turn|9\n|\n|t:|1700860728\n|switch|p2a: Great Tusk|Great Tusk|100\/100\n|-enditem|p2a: Great Tusk|Booster Energy\n|-activate|p2a: Great Tusk|ability: Protosynthesis|[fromitem]\n|-start|p2a: Great Tusk|protosynthesisatk\n|move|p1a: Smeargle|Sticky Web|p2a: Great Tusk\n|-sidestart|p2: ZeddMedic|move: Sticky Web\n|\n|-damage|p1a: Smeargle|46\/100 tox|[from] psn\n|upkeep\n|turn|10\n|\n|t:|1700860737\n|move|p2a: Great Tusk|Rapid Spin|p1a: Smeargle\n|-damage|p1a: Smeargle|0 fnt\n|-boost|p2a: Great Tusk|spe|1\n|-sideend|p2: ZeddMedic|Sticky Web|[from] move: Rapid Spin|[of] p2a: Great Tusk\n|faint|p1a: Smeargle\n|\n|upkeep\n|\n|t:|1700860757\n|switch|p1a: Appletun|Appletun, F|100\/100\n|-status|p1a: Appletun|tox\n|turn|11\n|\n|t:|1700860769\n|-end|p2a: Great Tusk|Protosynthesis|[silent]\n|switch|p2a: Glimmora|Glimmora, F|100\/100\n|move|p1a: Appletun|Amnesia|p1a: Appletun\n|-boost|p1a: Appletun|spd|2\n|\n|-damage|p1a: Appletun|94\/100 tox|[from] psn\n|upkeep\n|turn|12\n|\n|t:|1700860780\n|switch|p2a: Salazzle|Salazzle, F|98\/100 par\n|move|p1a: Appletun|Apple Acid|p2a: Salazzle\n|-resisted|p2a: Salazzle\n|-damage|p2a: Salazzle|88\/100 par\n|-unboost|p2a: Salazzle|spd|1\n|\n|-damage|p1a: Appletun|82\/100 tox|[from] psn\n|upkeep\n|turn|13\n|\n|t:|1700860791\n|cant|p2a: Salazzle|par\n|move|p1a: Appletun|Recover|p1a: Appletun\n|-heal|p1a: Appletun|100\/100 tox\n|\n|-damage|p1a: Appletun|82\/100 tox|[from] psn\n|upkeep\n|turn|14\n|\n|t:|1700860797\n|move|p2a: Salazzle|Taunt|p1a: Appletun\n|-start|p1a: Appletun|move: Taunt\n|move|p1a: Appletun|Apple Acid|p2a: Salazzle\n|-resisted|p2a: Salazzle\n|-damage|p2a: Salazzle|72\/100 par\n|-unboost|p2a: Salazzle|spd|1\n|\n|-damage|p1a: Appletun|58\/100 tox|[from] psn\n|upkeep\n|turn|15\n|\n|t:|1700860806\n|cant|p2a: Salazzle|par\n|move|p1a: Appletun|Apple Acid|p2a: Salazzle\n|-resisted|p2a: Salazzle\n|-damage|p2a: Salazzle|50\/100 par\n|-unboost|p2a: Salazzle|spd|1\n|\n|-damage|p1a: Appletun|27\/100 tox|[from] psn\n|upkeep\n|turn|16\n|\n|t:|1700860814\n|move|p2a: Salazzle|Disable|p1a: Appletun\n|-start|p1a: Appletun|Disable|Apple Acid\n|cant|p1a: Appletun|Disable|Apple Acid\n|\n|-damage|p1a: Appletun|0 fnt|[from] psn\n|faint|p1a: Appletun\n|upkeep\n|\n|t:|1700860820\n|switch|p1a: Aggron|Aggron, M|100\/100\n|turn|17\n|\n|t:|1700860826\n|cant|p2a: Salazzle|par\n|move|p1a: Aggron|Head Smash|p2a: Salazzle\n|-supereffective|p2a: Salazzle\n|-damage|p2a: Salazzle|0 fnt\n|faint|p2a: Salazzle\n|\n|upkeep\n|\n|t:|1700860831\n|switch|p2a: Great Tusk|Great Tusk|100\/100\n|turn|18\n|\n|t:|1700860844\n|move|p2a: Great Tusk|Earthquake|p1a: Aggron\n|-supereffective|p1a: Aggron\n|-enditem|p1a: Aggron|Focus Sash\n|-damage|p1a: Aggron|1\/100\n|move|p1a: Aggron|Head Smash|p2a: Great Tusk\n|-resisted|p2a: Great Tusk\n|-damage|p2a: Great Tusk|89\/100\n|\n|upkeep\n|turn|19\n|\n|t:|1700860851\n|move|p2a: Great Tusk|Rapid Spin|p1a: Aggron\n|-resisted|p1a: Aggron\n|-damage|p1a: Aggron|0 fnt\n|-boost|p2a: Great Tusk|spe|1\n|faint|p1a: Aggron\n|\n|upkeep\n|\n|t:|1700860857\n|switch|p1a: Venomoth|Venomoth, F|100\/100\n|-sideend|p1: Isaac78789|move: Toxic Spikes|[of] p1a: Venomoth\n|turn|20\n|\n|t:|1700860871\n|move|p2a: Great Tusk|Earthquake|p1a: Venomoth\n|-damage|p1a: Venomoth|21\/100\n|move|p1a: Venomoth|Sleep Powder|p2a: Great Tusk\n|-status|p2a: Great Tusk|slp|[from] move: Sleep Powder\n|\n|upkeep\n|turn|21\n|\n|t:|1700860877\n|cant|p2a: Great Tusk|slp\n|move|p1a: Venomoth|Quiver Dance|p1a: Venomoth\n|-boost|p1a: Venomoth|spa|1\n|-boost|p1a: Venomoth|spd|1\n|-boost|p1a: Venomoth|spe|1\n|\n|upkeep\n|turn|22\n|\n|t:|1700860883\n|move|p1a: Venomoth|Quiver Dance|p1a: Venomoth\n|-boost|p1a: Venomoth|spa|1\n|-boost|p1a: Venomoth|spd|1\n|-boost|p1a: Venomoth|spe|1\n|cant|p2a: Great Tusk|slp\n|\n|upkeep\n|turn|23\n|\n|t:|1700860898\n|-zpower|p1a: Venomoth\n|move|p1a: Venomoth|Savage Spin-Out|p2a: Great Tusk|[zeffect]\n|-resisted|p2a: Great Tusk\n|-damage|p2a: Great Tusk|0 fnt\n|faint|p2a: Great Tusk\n|-end|p2a: Great Tusk|Protosynthesis|[silent]\n|\n|upkeep\n|\n|t:|1700860905\n|switch|p2a: Glimmora|Glimmora, F|100\/100\n|turn|24\n|\n|t:|1700860919\n|switch|p1a: Umbreon|Umbreon, F|100\/100\n|move|p2a: Glimmora|Toxic Spikes|p1a: Umbreon\n|-sidestart|p1: Isaac78789|move: Toxic Spikes\n|\n|upkeep\n|turn|25\n|\n|t:|1700860927\n|move|p2a: Glimmora|Toxic Spikes|p1a: Umbreon\n|-sidestart|p1: Isaac78789|move: Toxic Spikes\n|move|p1a: Umbreon|Wish|p1a: Umbreon\n|\n|upkeep\n|turn|26\n|\n|t:|1700860938\n|switch|p1a: Venomoth|Venomoth, F|21\/100\n|-sideend|p1: Isaac78789|move: Toxic Spikes|[of] p1a: Venomoth\n|move|p2a: Glimmora|Toxic|p1a: Venomoth\n|-immune|p1a: Venomoth\n|\n|-heal|p1a: Venomoth|91\/100|[from] move: Wish|[wisher] Umbreon\n|upkeep\n|turn|27\n|\n|t:|1700860950\n|move|p2a: Glimmora|Toxic Spikes|p1a: Venomoth\n|-sidestart|p1: Isaac78789|move: Toxic Spikes\n|move|p1a: Venomoth|Sleep Powder|p2a: Glimmora\n|-status|p2a: Glimmora|slp|[from] move: Sleep Powder\n|\n|upkeep\n|turn|28\n|\n|t:|1700860955\n|cant|p2a: Glimmora|slp\n|move|p1a: Venomoth|Quiver Dance|p1a: Venomoth\n|-boost|p1a: Venomoth|spa|1\n|-boost|p1a: Venomoth|spd|1\n|-boost|p1a: Venomoth|spe|1\n|\n|upkeep\n|turn|29\n|\n|t:|1700860960\n|move|p1a: Venomoth|Quiver Dance|p1a: Venomoth\n|-boost|p1a: Venomoth|spa|1\n|-boost|p1a: Venomoth|spd|1\n|-boost|p1a: Venomoth|spe|1\n|cant|p2a: Glimmora|slp\n|\n|upkeep\n|turn|30\n|\n|t:|1700860966\n|move|p1a: Venomoth|Bug Buzz|p2a: Glimmora\n|-resisted|p2a: Glimmora\n|-damage|p2a: Glimmora|13\/100 slp\n|cant|p2a: Glimmora|slp\n|\n|upkeep\n|turn|31\n|\n|t:|1700860972\n|move|p1a: Venomoth|Bug Buzz|p2a: Glimmora\n|-resisted|p2a: Glimmora\n|-damage|p2a: Glimmora|0 fnt\n|faint|p2a: Glimmora\n|\n|upkeep\n|\n|t:|1700860975\n|switch|p2a: Carbink|Carbink|100\/100\n|turn|32\n|\n|t:|1700860982\n|move|p1a: Venomoth|Sludge Bomb|p2a: Carbink\n|-damage|p2a: Carbink|33\/100\n|move|p2a: Carbink|Skill Swap|p1a: Venomoth\n|-activate|p2a: Carbink|move: Skill Swap|Tinted Lens|Sturdy|[of] p1a: Venomoth\n|\n|upkeep\n|turn|33\n|\n|t:|1700860990\n|move|p1a: Venomoth|Sludge Bomb|p2a: Carbink\n|-damage|p2a: Carbink|0 fnt\n|faint|p2a: Carbink\n|\n|upkeep\n|\n|t:|1700860994\n|switch|p2a: Rolf|Ralts, L1, M, shiny|100\/100\n|-ability|p2a: Rolf|Sturdy|[from] ability: Trace|[of] p1a: Venomoth\n|turn|34\n|\n|t:|1700861014\n|move|p1a: Venomoth|Bug Buzz|p2a: Rolf\n|-ability|p2a: Rolf|Sturdy\n|-damage|p2a: Rolf|10\/100\n|move|p2a: Rolf|Pain Split|p1a: Venomoth\n|-sethp|p1a: Venomoth|46\/100|[from] move: Pain Split|[silent]\n|-sethp|p2a: Rolf|100\/100|[from] move: Pain Split\n|\n|upkeep\n|turn|35\n|\n|t:|1700861024\n|move|p1a: Venomoth|Sleep Powder|p2a: Rolf\n|-status|p2a: Rolf|slp|[from] move: Sleep Powder\n|-enditem|p2a: Rolf|Lum Berry|[eat]\n|-curestatus|p2a: Rolf|slp|[msg]\n|move|p2a: Rolf|Pain Split|p1a: Venomoth\n|-sethp|p1a: Venomoth|25\/100|[from] move: Pain Split|[silent]\n|-sethp|p2a: Rolf|100\/100|[from] move: Pain Split\n|\n|upkeep\n|turn|36\n|\n|t:|1700861032\n|move|p2a: Rolf|Protect|p2a: Rolf\n|-singleturn|p2a: Rolf|Protect\n|move|p1a: Venomoth|Sleep Powder|p2a: Rolf\n|-activate|p2a: Rolf|move: Protect\n|\n|upkeep\n|turn|37\n|\n|t:|1700861037\n|move|p1a: Venomoth|Sleep Powder|p2a: Rolf\n|-status|p2a: Rolf|slp|[from] move: Sleep Powder\n|cant|p2a: Rolf|slp\n|\n|upkeep\n|turn|38\n|-message|ZeddMedic forfeited.\n|\n|win|Isaac78789\n|raw|Isaac78789's rating: 1000 &rarr; <strong>1040<\/strong><br \/>(+40 for winning)\n|raw|ZeddMedic's rating: 1000 &rarr; <strong>1000<\/strong><br \/>(+0 for losing)\n|l|\u2606ZeddMedic\n|c|\u2606Isaac78789|HAHAHAHAHA+}A\n|c|\u2606Isaac78789|A\n|c|\u2606Isaac78789|+A+\n|c|\u2606Isaac78789|HAHAHAHA\n|c|\u2606Isaac78789|A\n|c|\u2606Isaac78789|A+ANAHAHHAHA\n|c|\u2606Isaac78789|HAHABAHAH\n|c|\u2606Isaac78789|A\n|c|\u2606Isaac78789|HH\n|c|\u2606Isaac78789|AH\n|c|\u2606Isaac78789|AHA\n|c|\u2606Isaac78789|AH\n","uploadtime":1700861055,"views":13,"p1id":"isaac78789","p2id":"zeddmedic","formatid":"gen9nationaldex","rating":1000,"private":0,"password":""}