{"id":"gen9nationaldex-2000228183","p1":"Houmura","p2":"YeYuan 02","format":"[Gen 9] National Dex","log":"|html|<div class=\"broadcast-blue\"><strong>[Gen 9] National Dex is currently suspecting Sneasler! For information on how to participate check out the <a href=\"https:\/\/www.smogon.com\/forums\/threads\/sv-national-dex-suspect-8-just-dance.3731534\/\">suspect thread<\/a>.<\/strong><\/div>\n|j|\u2606Houmura\n|j|\u2606YeYuan 02\n|t:|1701174897\n|gametype|singles\n|player|p1|Houmura|2|1180\n|player|p2|YeYuan 02|cynthia|1302\n|teamsize|p1|6\n|teamsize|p2|6\n|gen|9\n|tier|[Gen 9] National Dex\n|rated|\n|rule|HP Percentage Mod: HP is shown in percentages\n|rule|Endless Battle Clause: Forcing endless battles is banned\n|rule|OHKO Clause: OHKO moves are banned\n|rule|Evasion Clause: Evasion abilities, items, and moves are banned\n|rule|Evasion Abilities Clause: Evasion abilities are banned\n|rule|Evasion Items Clause: Evasion items are banned\n|rule|Evasion Moves Clause: Evasion moves are banned\n|rule|Species Clause: Limit one of each Pok\u00e9mon\n|rule|Sleep Clause Mod: Limit one foe put to sleep\n|clearpoke\n|poke|p1|Ninetales-Alola, F|\n|poke|p1|Tapu Fini|\n|poke|p1|Iron Valiant|\n|poke|p1|Altaria, M|\n|poke|p1|Scream Tail|\n|poke|p1|Tapu Lele|\n|poke|p2|Scizor, M|\n|poke|p2|Tapu Koko|\n|poke|p2|Sneasler, M|\n|poke|p2|Clodsire, M|\n|poke|p2|Alomomola, F|\n|poke|p2|Moltres|\n|teampreview\n|\n|t:|1701174904\n|start\n|switch|p1a: Ninetales|Ninetales-Alola, F|100\/100\n|switch|p2a: Scizor|Scizor, M|100\/100\n|-weather|Snow|[from] ability: Snow Warning|[of] p1a: Ninetales\n|turn|1\n|inactive|Battle timer is ON: inactive players will automatically lose when time's up. (requested by Houmura)\n|\n|t:|1701174911\n|switch|p1a: Tapu Fini|Tapu Fini|100\/100\n|-fieldstart|move: Misty Terrain|[from] ability: Misty Surge|[of] p1a: Tapu Fini\n|detailschange|p2a: Scizor|Scizor-Mega, M\n|-mega|p2a: Scizor|Scizor|Scizorite\n|move|p2a: Scizor|Bullet Punch|p1a: Tapu Fini\n|-damage|p1a: Tapu Fini|75\/100\n|\n|-weather|Snow|[upkeep]\n|upkeep\n|turn|2\n|\n|t:|1701174939\n|move|p2a: Scizor|Bullet Punch|p1a: Tapu Fini\n|-damage|p1a: Tapu Fini|48\/100\n|move|p1a: Tapu Fini|Hydro Pump|p2a: Scizor|[miss]\n|-miss|p1a: Tapu Fini|p2a: Scizor\n|\n|-weather|Snow|[upkeep]\n|upkeep\n|turn|3\n|\n|t:|1701174946\n|move|p2a: Scizor|Bullet Punch|p1a: Tapu Fini\n|-damage|p1a: Tapu Fini|20\/100\n|move|p1a: Tapu Fini|Hydro Pump|p2a: Scizor\n|-damage|p2a: Scizor|46\/100\n|\n|-weather|Snow|[upkeep]\n|upkeep\n|turn|4\n|\n|t:|1701174957\n|switch|p1a: Scream Tail|Scream Tail|100\/100\n|move|p2a: Scizor|Bullet Punch|p1a: Scream Tail\n|-supereffective|p1a: Scream Tail\n|-crit|p1a: Scream Tail\n|-damage|p1a: Scream Tail|30\/100\n|\n|-weather|Snow|[upkeep]\n|-heal|p1a: Scream Tail|36\/100|[from] item: Leftovers\n|upkeep\n|turn|5\n|\n|t:|1701174965\n|move|p1a: Scream Tail|Protect|p1a: Scream Tail\n|-singleturn|p1a: Scream Tail|Protect\n|move|p2a: Scizor|Bullet Punch|p1a: Scream Tail\n|-activate|p1a: Scream Tail|move: Protect\n|\n|-weather|none\n|-heal|p1a: Scream Tail|42\/100|[from] item: Leftovers\n|-fieldend|Misty Terrain\n|upkeep\n|turn|6\n|\n|t:|1701174984\n|-end|p1a: Scream Tail|Protosynthesis|[silent]\n|switch|p1a: Altaria|Altaria, M|100\/100\n|move|p2a: Scizor|Bullet Punch|p1a: Altaria\n|-damage|p1a: Altaria|64\/100\n|\n|upkeep\n|turn|7\n|\n|t:|1701174993\n|switch|p2a: Tapu Koko|Tapu Koko|100\/100\n|-fieldstart|move: Electric Terrain|[from] ability: Electric Surge|[of] p2a: Tapu Koko\n|detailschange|p1a: Altaria|Altaria-Mega, M\n|-mega|p1a: Altaria|Altaria|Altarianite\n|move|p1a: Altaria|Earthquake|p2a: Tapu Koko\n|-supereffective|p2a: Tapu Koko\n|-damage|p2a: Tapu Koko|11\/100\n|\n|-heal|p2a: Tapu Koko|17\/100|[from] item: Leftovers\n|upkeep\n|turn|8\n|\n|t:|1701175005\n|move|p2a: Tapu Koko|Volt Switch|p1a: Altaria\n|-resisted|p1a: Altaria\n|-damage|p1a: Altaria|43\/100\n|\n|t:|1701175008\n|switch|p2a: Alomomola|Alomomola, F|100\/100|[from] Volt Switch\n|move|p1a: Altaria|Dragon Dance|p1a: Altaria\n|-boost|p1a: Altaria|atk|1\n|-boost|p1a: Altaria|spe|1\n|\n|upkeep\n|turn|9\n|\n|t:|1701175018\n|move|p1a: Altaria|Return|p2a: Alomomola\n|-damage|p2a: Alomomola|59\/100\n|-damage|p1a: Altaria|26\/100|[from] item: Rocky Helmet|[of] p2a: Alomomola\n|move|p2a: Alomomola|Wish|p2a: Alomomola\n|\n|upkeep\n|turn|10\n|\n|t:|1701175025\n|switch|p2a: Scizor|Scizor-Mega, M|46\/100\n|move|p1a: Altaria|Roost|p1a: Altaria\n|-heal|p1a: Altaria|76\/100\n|-singleturn|p1a: Altaria|move: Roost\n|\n|-heal|p2a: Scizor|100\/100|[from] move: Wish|[wisher] Alomomola\n|upkeep\n|turn|11\n|\n|t:|1701175033\n|move|p2a: Scizor|Bullet Punch|p1a: Altaria\n|-supereffective|p1a: Altaria\n|-damage|p1a: Altaria|8\/100\n|move|p1a: Altaria|Earthquake|p2a: Scizor\n|-damage|p2a: Scizor|75\/100\n|\n|-fieldend|move: Electric Terrain\n|upkeep\n|turn|12\n|\n|t:|1701175044\n|move|p2a: Scizor|Bullet Punch|p1a: Altaria\n|-supereffective|p1a: Altaria\n|-damage|p1a: Altaria|0 fnt\n|faint|p1a: Altaria\n|\n|upkeep\n|\n|t:|1701175060\n|switch|p1a: Ninetales|Ninetales-Alola, F|100\/100\n|-weather|Snow|[from] ability: Snow Warning|[of] p1a: Ninetales\n|turn|13\n|\n|t:|1701175063\n|move|p2a: Scizor|Bullet Punch|p1a: Ninetales\n|-supereffective|p1a: Ninetales\n|-damage|p1a: Ninetales|4\/100\n|move|p1a: Ninetales|Aurora Veil|p1a: Ninetales\n|-sidestart|p1: Houmura|move: Aurora Veil\n|\n|-weather|Snow|[upkeep]\n|upkeep\n|turn|14\n|\n|t:|1701175070\n|move|p2a: Scizor|Bullet Punch|p1a: Ninetales\n|-supereffective|p1a: Ninetales\n|-damage|p1a: Ninetales|0 fnt\n|faint|p1a: Ninetales\n|\n|-weather|Snow|[upkeep]\n|upkeep\n|\n|t:|1701175076\n|switch|p1a: Iron Valiant|Iron Valiant|100\/100\n|turn|15\n|\n|t:|1701175098\n|move|p1a: Iron Valiant|Close Combat|p2a: Scizor\n|-damage|p2a: Scizor|39\/100\n|-unboost|p1a: Iron Valiant|def|1\n|-unboost|p1a: Iron Valiant|spd|1\n|-damage|p1a: Iron Valiant|91\/100|[from] item: Life Orb\n|move|p2a: Scizor|Dual Wingbeat|p1a: Iron Valiant\n|-supereffective|p1a: Iron Valiant\n|-damage|p1a: Iron Valiant|54\/100\n|-supereffective|p1a: Iron Valiant\n|-damage|p1a: Iron Valiant|19\/100\n|-hitcount|p1a: Iron Valiant|2\n|\n|-weather|Snow|[upkeep]\n|upkeep\n|turn|16\n|c|\u2606YeYuan 02|\u3002\n|\n|t:|1701175110\n|move|p2a: Scizor|Bullet Punch|p1a: Iron Valiant\n|-supereffective|p1a: Iron Valiant\n|-damage|p1a: Iron Valiant|0 fnt\n|faint|p1a: Iron Valiant\n|-end|p1a: Iron Valiant|Quark Drive|[silent]\n|\n|-weather|Snow|[upkeep]\n|upkeep\n|\n|t:|1701175113\n|switch|p1a: Tapu Lele|Tapu Lele|100\/100\n|-fieldstart|move: Psychic Terrain|[from] ability: Psychic Surge|[of] p1a: Tapu Lele\n|turn|17\n|\n|t:|1701175120\n|switch|p2a: Clodsire|Clodsire, M|100\/100\n|move|p1a: Tapu Lele|Psychic|p2a: Clodsire\n|-supereffective|p2a: Clodsire\n|-damage|p2a: Clodsire|37\/100\n|\n|-weather|none\n|-heal|p2a: Clodsire|43\/100|[from] item: Leftovers\n|upkeep\n|turn|18\n|\n|t:|1701175128\n|move|p1a: Tapu Lele|Psychic|p2a: Clodsire\n|-supereffective|p2a: Clodsire\n|-damage|p2a: Clodsire|0 fnt\n|faint|p2a: Clodsire\n|\n|upkeep\n|\n|t:|1701175131\n|switch|p2a: Tapu Koko|Tapu Koko|17\/100\n|-fieldstart|move: Electric Terrain|[from] ability: Electric Surge|[of] p2a: Tapu Koko\n|turn|19\n|\n|t:|1701175135\n|move|p1a: Tapu Lele|Psychic|p2a: Tapu Koko\n|-damage|p2a: Tapu Koko|0 fnt\n|faint|p2a: Tapu Koko\n|\n|upkeep\n|\n|t:|1701175140\n|switch|p2a: Moltres|Moltres|100\/100\n|turn|20\n|\n|t:|1701175146\n|-terastallize|p1a: Tapu Lele|Psychic\n|move|p1a: Tapu Lele|Psychic|p2a: Moltres\n|-damage|p2a: Moltres|32\/100\n|move|p2a: Moltres|Flamethrower|p1a: Tapu Lele\n|-damage|p1a: Tapu Lele|73\/100\n|\n|-sideend|p1: Houmura|move: Aurora Veil\n|upkeep\n|turn|21\n|\n|t:|1701175157\n|move|p1a: Tapu Lele|Psychic|p2a: Moltres\n|-damage|p2a: Moltres|0 fnt\n|faint|p2a: Moltres\n|\n|upkeep\n|\n|t:|1701175161\n|switch|p2a: Sneasler|Sneasler, M|100\/100\n|turn|22\n|\n|t:|1701175165\n|move|p2a: Sneasler|Fake Out|p1a: Tapu Lele\n|-damage|p1a: Tapu Lele|53\/100\n|cant|p1a: Tapu Lele|flinch\n|\n|upkeep\n|turn|23\n|\n|t:|1701175168\n|switch|p2a: Alomomola|Alomomola, F|93\/100\n|move|p1a: Tapu Lele|Psychic|p2a: Alomomola\n|-damage|p2a: Alomomola|18\/100\n|\n|-fieldend|move: Electric Terrain\n|upkeep\n|turn|24\n|\n|t:|1701175174\n|move|p2a: Alomomola|Protect|p2a: Alomomola\n|-singleturn|p2a: Alomomola|Protect\n|move|p1a: Tapu Lele|Psychic|p2a: Alomomola\n|-activate|p2a: Alomomola|move: Protect\n|\n|upkeep\n|turn|25\n|\n|t:|1701175180\n|move|p1a: Tapu Lele|Psychic|p2a: Alomomola\n|-damage|p2a: Alomomola|0 fnt\n|faint|p2a: Alomomola\n|\n|upkeep\n|\n|t:|1701175183\n|switch|p2a: Scizor|Scizor-Mega, M|39\/100\n|turn|26\n|\n|t:|1701175186\n|switch|p1a: Tapu Fini|Tapu Fini|20\/100\n|-fieldstart|move: Misty Terrain|[from] ability: Misty Surge|[of] p1a: Tapu Fini\n|move|p2a: Scizor|Bullet Punch|p1a: Tapu Fini\n|-damage|p1a: Tapu Fini|0 fnt\n|faint|p1a: Tapu Fini\n|\n|upkeep\n|\n|t:|1701175192\n|switch|p1a: Tapu Lele|Tapu Lele, tera:Psychic|53\/100\n|-fieldstart|move: Psychic Terrain|[from] ability: Psychic Surge|[of] p1a: Tapu Lele\n|turn|27\n|\n|t:|1701175196\n|switch|p2a: Sneasler|Sneasler, M|100\/100\n|move|p1a: Tapu Lele|Psychic|p2a: Sneasler\n|-supereffective|p2a: Sneasler\n|-damage|p2a: Sneasler|0 fnt\n|faint|p2a: Sneasler\n|\n|upkeep\n|\n|t:|1701175200\n|switch|p2a: Scizor|Scizor-Mega, M|39\/100\n|turn|28\n|\n|t:|1701175202\n|move|p1a: Tapu Lele|Psychic|p2a: Scizor\n|-resisted|p2a: Scizor\n|-damage|p2a: Scizor|0 fnt\n|faint|p2a: Scizor\n|\n|win|Houmura\n|raw|Houmura's rating: 1180 &rarr; <strong>1213<\/strong><br \/>(+33 for winning)\n|raw|YeYuan 02's rating: 1302 &rarr; <strong>1275<\/strong><br \/>(-27 for losing)\n|l|\u2606YeYuan 02\n","uploadtime":1701175221,"views":6,"p1id":"houmura","p2id":"yeyuan02","formatid":"gen9nationaldex","rating":1213,"private":0,"password":""}