{"id":"gen9nationaldex-1997100099","p1":"Diieg899","p2":"adrigor11","format":"[Gen 9] National Dex","log":"|html|<div class=\"broadcast-blue\"><strong>[Gen 9] National Dex is currently suspecting Sneasler! For information on how to participate check out the <a href=\"https:\/\/www.smogon.com\/forums\/threads\/sv-national-dex-suspect-8-just-dance.3731534\/\">suspect thread<\/a>.<\/strong><\/div>\n|j|\u2606Diieg899\n|j|\u2606adrigor11\n|t:|1700764503\n|gametype|singles\n|player|p1|Diieg899|dawn-gen4pt|\n|player|p2|adrigor11|hooligans|\n|teamsize|p1|6\n|teamsize|p2|6\n|gen|9\n|tier|[Gen 9] National Dex\n|rule|HP Percentage Mod: HP is shown in percentages\n|rule|Endless Battle Clause: Forcing endless battles is banned\n|rule|OHKO Clause: OHKO moves are banned\n|rule|Evasion Clause: Evasion abilities, items, and moves are banned\n|rule|Evasion Abilities Clause: Evasion abilities are banned\n|rule|Evasion Items Clause: Evasion items are banned\n|rule|Evasion Moves Clause: Evasion moves are banned\n|rule|Species Clause: Limit one of each Pok\u00e9mon\n|rule|Sleep Clause Mod: Limit one foe put to sleep\n|clearpoke\n|poke|p1|Tapu Koko|\n|poke|p1|Garchomp, F|\n|poke|p1|Kartana|\n|poke|p1|Volcarona, F|\n|poke|p1|Meowscarada, F|\n|poke|p1|Landorus-Therian, M|\n|poke|p2|Snorlax, M|\n|poke|p2|Arcanine-Hisui, M|\n|poke|p2|Amoonguss, M|\n|poke|p2|Gliscor, F|\n|poke|p2|Gyarados, M|\n|poke|p2|Hatterene, F|\n|teampreview\n|j| Guillarco28\n|\n|t:|1700764548\n|start\n|switch|p1a: Coco|Tapu Koko|100\/100\n|switch|p2a: Perra|Gliscor, F, shiny|100\/100\n|-fieldstart|move: Electric Terrain|[from] ability: Electric Surge|[of] p1a: Coco\n|turn|1\n|c|\u2606adrigor11|no toco el pokemon desde hace dos semanas\n|c|\u2606adrigor11|gg por la victoria\n|\n|t:|1700764604\n|switch|p1a: Garchomp-Femin|Garchomp, F, shiny|100\/100\n|switch|p2a: Guarra|Amoonguss, M|100\/100\n|\n|upkeep\n|turn|2\n|\n|t:|1700764649\n|switch|p2a: Asquerosa|Hatterene, F, shiny|100\/100\n|detailschange|p1a: Garchomp-Femin|Garchomp-Mega, F, shiny\n|-mega|p1a: Garchomp-Femin|Garchomp|Garchompite\n|move|p1a: Garchomp-Femin|Earthquake|p2a: Asquerosa\n|-damage|p2a: Asquerosa|29\/100\n|\n|-heal|p2a: Asquerosa|35\/100|[from] item: Leftovers\n|upkeep\n|turn|3\n|c|\u2606adrigor11|voy a durar 3 minutos y 33 segundos\n|\n|t:|1700764724\n|move|p1a: Garchomp-Femin|Earthquake|p2a: Asquerosa\n|-damage|p2a: Asquerosa|0 fnt\n|faint|p2a: Asquerosa\n|\n|upkeep\n|c|\u2606Diieg899|33\n|\n|t:|1700764751\n|switch|p2a: Furcia|Gyarados, M, shiny|100\/100\n|-ability|p2a: Furcia|Intimidate|boost\n|-unboost|p1a: Garchomp-Femin|atk|1\n|turn|4\n|\n|t:|1700764780\n|switch|p1a: Coco|Tapu Koko|100\/100\n|move|p2a: Furcia|Waterfall|p1a: Coco\n|-damage|p1a: Coco|42\/100\n|\n|upkeep\n|turn|5\n|\n|t:|1700764799\n|switch|p2a: Guarra|Amoonguss, M|100\/100\n|move|p1a: Coco|Thunderbolt|p2a: Guarra\n|-resisted|p2a: Guarra\n|-damage|p2a: Guarra|78\/100\n|-damage|p1a: Coco|33\/100|[from] item: Life Orb\n|\n|-fieldend|move: Electric Terrain\n|upkeep\n|turn|6\n|c|\u2606adrigor11|33\n|c|\u2606adrigor11|no\n|c|\u2606Diieg899|cuanto?\n|c|\u2606adrigor11|sisi\n|c|\u2606adrigor11|33\n|c|\u2606adrigor11|leiste bien\n|c|\u2606adrigor11|33\n|\n|t:|1700764877\n|move|p1a: Coco|Dazzling Gleam|p2a: Guarra\n|-resisted|p2a: Guarra\n|-damage|p2a: Guarra|65\/100\n|-damage|p1a: Coco|23\/100|[from] item: Life Orb\n|move|p2a: Guarra|Sludge Bomb|p1a: Coco\n|-supereffective|p1a: Coco\n|-damage|p1a: Coco|0 fnt\n|faint|p1a: Coco\n|\n|upkeep\n|\n|t:|1700764894\n|switch|p1a: Garchomp-Femin|Garchomp-Mega, F, shiny|100\/100\n|turn|7\n|\n|t:|1700764909\n|move|p1a: Garchomp-Femin|Earthquake|p2a: Guarra\n|-damage|p2a: Guarra|0 fnt\n|faint|p2a: Guarra\n|\n|upkeep\n|\n|t:|1700764920\n|switch|p2a: Perra|Gliscor, F, shiny|100\/100\n|turn|8\n|\n|t:|1700764958\n|move|p2a: Perra|Spikes|p1a: Garchomp-Femin\n|-sidestart|p1: Diieg899|Spikes\n|move|p1a: Garchomp-Femin|Stone Edge|p2a: Perra\n|-damage|p2a: Perra|67\/100\n|\n|-status|p2a: Perra|tox|[from] item: Toxic Orb\n|upkeep\n|turn|9\n|c|\u2606adrigor11|alvaro fichame\n|c|\u2606Diieg899|33\n|c|\u2606Diieg899|de locos\n|c|\u2606adrigor11|mi entrenador no entrena\n|\n|t:|1700765013\n|move|p2a: Perra|Earthquake|p1a: Garchomp-Femin\n|-damage|p1a: Garchomp-Femin|70\/100\n|move|p1a: Garchomp-Femin|Dragon Claw|p2a: Perra\n|-damage|p2a: Perra|25\/100 tox\n|\n|-heal|p2a: Perra|38\/100 tox|[from] ability: Poison Heal\n|upkeep\n|turn|10\n|\n|t:|1700765025\n|move|p2a: Perra|Protect|p2a: Perra\n|-singleturn|p2a: Perra|Protect\n|move|p1a: Garchomp-Femin|Dragon Claw|p2a: Perra\n|-activate|p2a: Perra|move: Protect\n|\n|-heal|p2a: Perra|50\/100 tox|[from] ability: Poison Heal\n|upkeep\n|turn|11\n|\n|t:|1700765039\n|move|p2a: Perra|Earthquake|p1a: Garchomp-Femin\n|-damage|p1a: Garchomp-Femin|40\/100\n|move|p1a: Garchomp-Femin|Dragon Claw|p2a: Perra\n|-damage|p2a: Perra|9\/100 tox\n|\n|-heal|p2a: Perra|22\/100 tox|[from] ability: Poison Heal\n|upkeep\n|turn|12\n|\n|t:|1700765050\n|move|p2a: Perra|Protect|p2a: Perra\n|-singleturn|p2a: Perra|Protect\n|move|p1a: Garchomp-Femin|Swords Dance|p1a: Garchomp-Femin\n|-boost|p1a: Garchomp-Femin|atk|2\n|\n|-heal|p2a: Perra|34\/100 tox|[from] ability: Poison Heal\n|upkeep\n|turn|13\n|c|\u2606adrigor11|perro\n|\n|t:|1700765061\n|move|p2a: Perra|Earthquake|p1a: Garchomp-Femin\n|-damage|p1a: Garchomp-Femin|10\/100\n|move|p1a: Garchomp-Femin|Dragon Claw|p2a: Perra\n|-damage|p2a: Perra|0 fnt\n|faint|p2a: Perra\n|\n|upkeep\n|\n|t:|1700765071\n|switch|p2a: Putas|Snorlax, M, shiny|100\/100\n|turn|14\n|\n|t:|1700765122\n|switch|p1a: Katana|Kartana|100\/100\n|-damage|p1a: Katana|88\/100|[from] Spikes\n|move|p2a: Putas|Body Slam|p1a: Katana\n|-resisted|p1a: Katana\n|-damage|p1a: Katana|71\/100\n|\n|upkeep\n|turn|15\n|\n|t:|1700765172\n|switch|p2a: Zorra|Arcanine-Hisui, M, shiny|100\/100\n|move|p1a: Katana|Sacred Sword|p2a: Zorra\n|-supereffective|p2a: Zorra\n|-damage|p2a: Zorra|1\/100\n|\n|upkeep\n|turn|16\n|c|\u2606adrigor11|madre tu\n|c|\u2606Diieg899|aaaaaaaaaaaaaaaaaaaa\n|\n|t:|1700765212\n|move|p2a: Zorra|Extreme Speed|p1a: Katana\n|-resisted|p1a: Katana\n|-damage|p1a: Katana|53\/100\n|-damage|p2a: Zorra|0 fnt|[from] item: Life Orb\n|faint|p2a: Zorra\n|move|p1a: Katana|Smart Strike|p2: Zorra|[notarget]\n|-fail|p1a: Katana\n|\n|upkeep\n|\n|t:|1700765228\n|switch|p2a: Furcia|Gyarados, M, shiny|100\/100\n|-ability|p2a: Furcia|Intimidate|boost\n|-unboost|p1a: Katana|atk|1\n|turn|17\n|\n|t:|1700765253\n|switch|p1a: Rule|Meowscarada, F|100\/100\n|-damage|p1a: Rule|88\/100|[from] Spikes\n|move|p2a: Furcia|Crunch|p1a: Rule\n|-resisted|p1a: Rule\n|-damage|p1a: Rule|66\/100\n|\n|upkeep\n|turn|18\n|c|\u2606Diieg899|2*33\n|\n|t:|1700765286\n|switch|p2a: Putas|Snorlax, M, shiny|100\/100\n|move|p1a: Rule|Flower Trick|p2a: Putas\n|-crit|p2a: Putas\n|-damage|p2a: Putas|65\/100\n|\n|-heal|p2a: Putas|72\/100|[from] item: Leftovers\n|upkeep\n|turn|19\n|\n|t:|1700765299\n|move|p1a: Rule|Low Kick|p2a: Putas\n|-supereffective|p2a: Putas\n|-damage|p2a: Putas|11\/100\n|move|p2a: Putas|Body Slam|p1a: Rule\n|-damage|p1a: Rule|16\/100\n|-status|p1a: Rule|par\n|\n|-heal|p2a: Putas|17\/100|[from] item: Leftovers\n|upkeep\n|turn|20\n|\n|t:|1700765322\n|move|p1a: Rule|Low Kick|p2a: Putas\n|-supereffective|p2a: Putas\n|-damage|p2a: Putas|0 fnt\n|faint|p2a: Putas\n|\n|upkeep\n|\n|t:|1700765327\n|switch|p2a: Furcia|Gyarados, M, shiny|100\/100\n|-ability|p2a: Furcia|Intimidate|boost\n|-unboost|p1a: Rule|atk|1\n|turn|21\n|\n|t:|1700765340\n|move|p2a: Furcia|Crunch|p1a: Rule\n|-resisted|p1a: Rule\n|-damage|p1a: Rule|0 fnt\n|faint|p1a: Rule\n|\n|upkeep\n|c|\u2606adrigor11|el paralize q hace xd\n|c|\u2606adrigor11|?\n|c|\u2606Diieg899|eso digo yo\n|c|\u2606Diieg899|ahhhh\n|\n|t:|1700765372\n|switch|p1a: Katana|Kartana|53\/100\n|-damage|p1a: Katana|40\/100|[from] Spikes\n|turn|22\n|c|\u2606adrigor11|esq yo le meti rest al snorlax :(\n|c|\u2606adrigor11|y no me dejo\n|\n|t:|1700765381\n|detailschange|p2a: Furcia|Gyarados-Mega, M, shiny\n|-mega|p2a: Furcia|Gyarados|Gyaradosite\n|-ability|p2a: Furcia|Mold Breaker\n|move|p1a: Katana|Leaf Blade|p2a: Furcia\n|-supereffective|p2a: Furcia\n|-damage|p2a: Furcia|0 fnt\n|faint|p2a: Furcia\n|\n|win|Diieg899\n|c|\u2606adrigor11|gg\n|c|\u2606Diieg899|gg\n|c|\u2606Diieg899|33\n|c|\u2606adrigor11|como\n","uploadtime":1700765398,"views":11,"p1id":"diieg899","p2id":"adrigor11","formatid":"gen9nationaldex","rating":0,"private":0,"password":""}