{"id":"gen9nationaldex-1998158182","p1":"DerGallaMan12","p2":"dingf","format":"[Gen 9] National Dex","log":"|html|<div class=\"broadcast-blue\"><strong>[Gen 9] National Dex is currently suspecting Sneasler! For information on how to participate check out the <a href=\"https:\/\/www.smogon.com\/forums\/threads\/sv-national-dex-suspect-8-just-dance.3731534\/\">suspect thread<\/a>.<\/strong><\/div>\n|j|\u2606DerGallaMan12\n|j|\u2606dingf\n|t:|1700902839\n|gametype|singles\n|player|p1|DerGallaMan12|pokemaniac|1374\n|player|p2|dingf|acerola|1490\n|teamsize|p1|6\n|teamsize|p2|6\n|gen|9\n|tier|[Gen 9] National Dex\n|rated|\n|rule|HP Percentage Mod: HP is shown in percentages\n|rule|Endless Battle Clause: Forcing endless battles is banned\n|rule|OHKO Clause: OHKO moves are banned\n|rule|Evasion Clause: Evasion abilities, items, and moves are banned\n|rule|Evasion Abilities Clause: Evasion abilities are banned\n|rule|Evasion Items Clause: Evasion items are banned\n|rule|Evasion Moves Clause: Evasion moves are banned\n|rule|Species Clause: Limit one of each Pok\u00e9mon\n|rule|Sleep Clause Mod: Limit one foe put to sleep\n|clearpoke\n|poke|p1|Slowking-Galar, F|\n|poke|p1|Tapu Lele|\n|poke|p1|Pinsir, M|\n|poke|p1|Celesteela|\n|poke|p1|Landorus-Therian, M|\n|poke|p1|Ambipom, M|\n|poke|p2|Mawile, M|\n|poke|p2|Marowak-Alola, M|\n|poke|p2|Hatterene, F|\n|poke|p2|Cresselia, F|\n|poke|p2|Porygon2|\n|poke|p2|Ursaluna, M|\n|teampreview\n|inactive|Battle timer is ON: inactive players will automatically lose when time's up. (requested by DerGallaMan12)\n|\n|t:|1700902854\n|start\n|switch|p1a: Ambipom|Ambipom, M|100\/100\n|switch|p2a: Ursaluna|Ursaluna, M|100\/100\n|turn|1\n|\n|t:|1700902862\n|move|p1a: Ambipom|Fake Out|p2a: Ursaluna\n|-damage|p2a: Ursaluna|77\/100\n|-damage|p1a: Ambipom|91\/100|[from] item: Life Orb\n|cant|p2a: Ursaluna|flinch\n|\n|-status|p2a: Ursaluna|brn|[from] item: Flame Orb\n|upkeep\n|turn|2\n|\n|t:|1700902872\n|switch|p1a: Landorus|Landorus-Therian, M|100\/100\n|-ability|p1a: Landorus|Intimidate|boost\n|-unboost|p2a: Ursaluna|atk|1\n|move|p2a: Ursaluna|Fire Punch|p1a: Landorus\n|-damage|p1a: Landorus|65\/100\n|-damage|p2a: Ursaluna|60\/100 brn|[from] item: Rocky Helmet|[of] p1a: Landorus\n|\n|-damage|p2a: Ursaluna|54\/100 brn|[from] brn\n|upkeep\n|turn|3\n|\n|t:|1700902884\n|switch|p2a: Cresselia|Cresselia, F|100\/100\n|move|p1a: Landorus|Knock Off|p2a: Cresselia\n|-supereffective|p2a: Cresselia\n|-enditem|p2a: Cresselia|Colbur Berry|[eat]\n|-enditem|p2a: Cresselia|Colbur Berry|[weaken]\n|-damage|p2a: Cresselia|81\/100\n|\n|upkeep\n|turn|4\n|\n|t:|1700902894\n|move|p1a: Landorus|U-turn|p2a: Cresselia\n|-supereffective|p2a: Cresselia\n|-damage|p2a: Cresselia|54\/100\n|\n|t:|1700902898\n|switch|p1a: Slowking|Slowking-Galar, F|100\/100|[from] U-turn\n|move|p2a: Cresselia|Trick Room|p2a: Cresselia\n|-fieldstart|move: Trick Room|[of] p2a: Cresselia\n|\n|upkeep\n|turn|5\n|\n|t:|1700902905\n|move|p1a: Slowking|Future Sight|p2a: Cresselia\n|-start|p1a: Slowking|move: Future Sight\n|move|p2a: Cresselia|Psychic|p1a: Slowking\n|-damage|p1a: Slowking|87\/100\n|\n|upkeep\n|turn|6\n|\n|t:|1700902913\n|move|p1a: Slowking|Sludge Bomb|p2a: Cresselia\n|-damage|p2a: Cresselia|22\/100\n|move|p2a: Cresselia|Ice Beam|p1a: Slowking\n|-crit|p1a: Slowking\n|-damage|p1a: Slowking|74\/100\n|\n|upkeep\n|turn|7\n|\n|t:|1700902926\n|move|p1a: Slowking|Flamethrower|p2a: Cresselia\n|-damage|p2a: Cresselia|3\/100\n|-status|p2a: Cresselia|brn\n|move|p2a: Cresselia|Psychic|p1a: Slowking\n|-damage|p1a: Slowking|60\/100\n|\n|-end|p2a: Cresselia|move: Future Sight\n|-resisted|p2a: Cresselia\n|-damage|p2a: Cresselia|0 fnt\n|faint|p2a: Cresselia\n|upkeep\n|\n|t:|1700902937\n|switch|p2a: Marowak|Marowak-Alola, M|100\/100\n|turn|8\n|\n|t:|1700902941\n|switch|p1a: Landorus|Landorus-Therian, M|65\/100\n|-ability|p1a: Landorus|Intimidate|boost\n|-unboost|p2a: Marowak|atk|1\n|move|p2a: Marowak|Flare Blitz|p1a: Landorus\n|-damage|p1a: Landorus|0 fnt\n|-damage|p2a: Marowak|84\/100|[from] item: Rocky Helmet|[of] p1a: Landorus\n|faint|p1a: Landorus\n|\n|-fieldend|move: Trick Room\n|upkeep\n|\n|t:|1700902964\n|switch|p1a: Nuke 1|Tapu Lele|100\/100\n|-fieldstart|move: Psychic Terrain|[from] ability: Psychic Surge|[of] p1a: Nuke 1\n|turn|9\n|\n|t:|1700902971\n|switch|p2a: Hatterene|Hatterene, F|100\/100\n|-terastallize|p1a: Nuke 1|Psychic\n|move|p1a: Nuke 1|Psychic|p2a: Hatterene\n|-resisted|p2a: Hatterene\n|-crit|p2a: Hatterene\n|-damage|p2a: Hatterene|33\/100\n|\n|upkeep\n|turn|10\n|\n|t:|1700902982\n|move|p1a: Nuke 1|Psychic|p2a: Hatterene\n|-resisted|p2a: Hatterene\n|-damage|p2a: Hatterene|0 fnt\n|faint|p2a: Hatterene\n|\n|upkeep\n|\n|t:|1700902988\n|switch|p2a: Porygon2|Porygon2|100\/100\n|-ability|p2a: Porygon2|Psychic Surge|[from] ability: Trace|[of] p1a: Nuke 1\n|turn|11\n|\n|t:|1700902996\n|switch|p1a: Slowking|Slowking-Galar, F|93\/100\n|move|p2a: Porygon2|Trick Room|p2a: Porygon2\n|-fieldstart|move: Trick Room|[of] p2a: Porygon2\n|\n|upkeep\n|turn|12\n|\n|t:|1700903005\n|move|p1a: Slowking|Sludge Bomb|p2a: Porygon2\n|-damage|p2a: Porygon2|72\/100\n|move|p2a: Porygon2|Teleport|p2a: Porygon2\n|inactive|dingf has 120 seconds left.\n|inactive|dingf has 90 seconds left.\n|\n|t:|1700903080\n|switch|p2a: Marowak|Marowak-Alola, M|84\/100|[from] Teleport\n|\n|upkeep\n|turn|13\n|inactive|DerGallaMan12 has 120 seconds left.\n|\n|t:|1700903110\n|move|p2a: Marowak|Flare Blitz|p1a: Slowking\n|-damage|p1a: Slowking|0 fnt\n|faint|p1a: Slowking\n|\n|-fieldend|move: Psychic Terrain\n|upkeep\n|inactive|DerGallaMan12 has 120 seconds left.\n|inactive|DerGallaMan12 has 90 seconds left.\n|\n|t:|1700903147\n|switch|p1a: Celesteela|Celesteela|100\/100\n|turn|14\n|\n|t:|1700903154\n|move|p1a: Celesteela|Protect|p1a: Celesteela\n|-singleturn|p1a: Celesteela|Protect\n|move|p2a: Marowak|Flare Blitz|p1a: Celesteela\n|-activate|p1a: Celesteela|move: Protect\n|\n|upkeep\n|turn|15\n|inactive|DerGallaMan12 has 90 seconds left.\n|\n|t:|1700903178\n|-terastallize|p2a: Marowak|Ghost\n|move|p2a: Marowak|Poltergeist|p1a: Celesteela\n|-activate|p1a: Celesteela|move: Poltergeist|Leftovers\n|-damage|p1a: Celesteela|26\/100\n|move|p1a: Celesteela|Toxic|p2a: Marowak\n|-status|p2a: Marowak|tox\n|\n|-heal|p1a: Celesteela|32\/100|[from] item: Leftovers\n|-damage|p2a: Marowak|78\/100 tox|[from] psn\n|-fieldend|move: Trick Room\n|upkeep\n|turn|16\n|inactive|DerGallaMan12 has 90 seconds left.\n|\n|t:|1700903199\n|move|p1a: Celesteela|Leech Seed|p2a: Marowak\n|-start|p2a: Marowak|move: Leech Seed\n|move|p2a: Marowak|Flare Blitz|p1a: Celesteela\n|-supereffective|p1a: Celesteela\n|-damage|p1a: Celesteela|0 fnt\n|faint|p1a: Celesteela\n|\n|-damage|p2a: Marowak|65\/100 tox|[from] psn\n|upkeep\n|\n|t:|1700903212\n|switch|p1a: Nuke 1|Tapu Lele, tera:Psychic|100\/100\n|-fieldstart|move: Psychic Terrain|[from] ability: Psychic Surge|[of] p1a: Nuke 1\n|turn|17\n|\n|t:|1700903219\n|move|p1a: Nuke 1|Psychic|p2a: Marowak\n|-damage|p2a: Marowak|0 fnt\n|faint|p2a: Marowak\n|\n|upkeep\n|\n|t:|1700903222\n|switch|p2a: Porygon2|Porygon2|72\/100\n|-ability|p2a: Porygon2|Psychic Surge|[from] ability: Trace|[of] p1a: Nuke 1\n|turn|18\n|inactive|DerGallaMan12 has 90 seconds left.\n|\n|t:|1700903231\n|move|p1a: Nuke 1|Psychic|p2a: Porygon2\n|-damage|p2a: Porygon2|26\/100\n|move|p2a: Porygon2|Trick Room|p2a: Porygon2\n|-fieldstart|move: Trick Room|[of] p2a: Porygon2\n|\n|upkeep\n|turn|19\n|\n|t:|1700903238\n|move|p1a: Nuke 1|Psychic|p2a: Porygon2\n|-damage|p2a: Porygon2|0 fnt\n|faint|p2a: Porygon2\n|\n|upkeep\n|\n|t:|1700903244\n|switch|p2a: Ursaluna|Ursaluna, M|54\/100 brn\n|turn|20\n|\n|t:|1700903254\n|switch|p1a: Ambipom|Ambipom, M|91\/100\n|move|p2a: Ursaluna|Facade|p1a: Ambipom\n|-damage|p1a: Ambipom|0 fnt\n|faint|p1a: Ambipom\n|\n|-damage|p2a: Ursaluna|48\/100 brn|[from] brn\n|upkeep\n|inactive|DerGallaMan12 has 90 seconds left.\n|\n|t:|1700903302\n|switch|p1a: Pinsir|Pinsir, M|100\/100\n|turn|21\n|\n|t:|1700903309\n|detailschange|p1a: Pinsir|Pinsir-Mega, M\n|-mega|p1a: Pinsir|Pinsir|Pinsirite\n|move|p1a: Pinsir|Quick Attack|p2a: Ursaluna\n|-activate|p2a: Ursaluna|move: Psychic Terrain\n|move|p2a: Ursaluna|Facade|p1a: Pinsir\n|-damage|p1a: Pinsir|0 fnt\n|faint|p1a: Pinsir\n|\n|-damage|p2a: Ursaluna|42\/100 brn|[from] brn\n|-fieldend|move: Psychic Terrain\n|upkeep\n|inactive|DerGallaMan12 has 60 seconds left.\n|\n|t:|1700903328\n|switch|p1a: Nuke 1|Tapu Lele, tera:Psychic|100\/100\n|-fieldstart|move: Psychic Terrain|[from] ability: Psychic Surge|[of] p1a: Nuke 1\n|turn|22\n|\n|t:|1700903333\n|move|p2a: Ursaluna|Facade|p1a: Nuke 1\n|-damage|p1a: Nuke 1|0 fnt\n|faint|p1a: Nuke 1\n|\n|win|dingf\n|raw|DerGallaMan12's rating: 1374 &rarr; <strong>1360<\/strong><br \/>(-14 for losing)\n|raw|dingf's rating: 1490 &rarr; <strong>1504<\/strong><br \/>(+14 for winning)\n","uploadtime":1700903337,"views":1,"p1id":"dergallaman12","p2id":"dingf","formatid":"gen9nationaldex","rating":1360,"private":0,"password":""}