{"id":"gen9nationaldex-1996218726","p1":"etherlords","p2":"nepherae","format":"[Gen 9] National Dex","log":"|html|<div class=\"broadcast-blue\"><strong>[Gen 9] National Dex is currently suspecting Sneasler! For information on how to participate check out the <a href=\"https:\/\/www.smogon.com\/forums\/threads\/sv-national-dex-suspect-8-just-dance.3731534\/\">suspect thread<\/a>.<\/strong><\/div>\n|j|\u2606etherlords\n|j|\u2606nepherae\n|t:|1700660524\n|gametype|singles\n|player|p1|etherlords|gambler|\n|player|p2|nepherae|2|\n|teamsize|p1|6\n|teamsize|p2|6\n|gen|9\n|tier|[Gen 9] National Dex\n|rule|HP Percentage Mod: HP is shown in percentages\n|rule|Endless Battle Clause: Forcing endless battles is banned\n|rule|OHKO Clause: OHKO moves are banned\n|rule|Evasion Clause: Evasion abilities, items, and moves are banned\n|rule|Evasion Abilities Clause: Evasion abilities are banned\n|rule|Evasion Items Clause: Evasion items are banned\n|rule|Evasion Moves Clause: Evasion moves are banned\n|rule|Species Clause: Limit one of each Pok\u00e9mon\n|rule|Sleep Clause Mod: Limit one foe put to sleep\n|clearpoke\n|poke|p1|Venusaur, M|\n|poke|p1|Kyurem|\n|poke|p1|Excadrill, M|\n|poke|p1|Torkoal, M|\n|poke|p1|Volcanion|\n|poke|p1|Kartana|\n|poke|p2|Hippowdon, M|\n|poke|p2|Excadrill, M|\n|poke|p2|Gliscor, F|\n|poke|p2|Clodsire, F|\n|poke|p2|Great Tusk|\n|poke|p2|Garchomp, F|\n|teampreview\n|inactive|Battle timer is ON: inactive players will automatically lose when time's up. (requested by nepherae)\n|inactive|etherlords also wants the timer to be on.\n|c|\u2606nepherae|i've been informed ohko clause exists. my guillotine gliscor is in shambles\n|inactive|etherlords has 270 seconds left.\n|inactive|nepherae has 270 seconds left.\n|j| plasma_fistem\n|c|\u2606etherlords|sadge\n|\n|t:|1700660573\n|start\n|switch|p1a: Papercut|Kartana|100\/100\n|switch|p2a: Hippowdon|Hippowdon, M|100\/100\n|-weather|Sandstorm|[from] ability: Sand Stream|[of] p2a: Hippowdon\n|turn|1\n|\n|t:|1700660583\n|switch|p2a: Gliscor|Gliscor, F|100\/100\n|move|p1a: Papercut|Knock Off|p2a: Gliscor\n|-damage|p2a: Gliscor|71\/100\n|-enditem|p2a: Gliscor|Toxic Orb|[from] move: Knock Off|[of] p1a: Papercut\n|\n|-weather|Sandstorm|[upkeep]\n|upkeep\n|turn|2\n|c|\u2606etherlords|nice\n|\n|t:|1700660612\n|move|p1a: Papercut|Leaf Blade|p2a: Gliscor\n|-damage|p2a: Gliscor|32\/100\n|move|p2a: Gliscor|U-turn|p1a: Papercut\n|-damage|p1a: Papercut|84\/100\n|\n|t:|1700660639\n|switch|p2a: Great Tusk|Great Tusk|100\/100|[from] U-turn\n|\n|-weather|Sandstorm|[upkeep]\n|upkeep\n|turn|3\n|inactive|etherlords has 270 seconds left.\n|\n|t:|1700660660\n|-terastallize|p1a: Papercut|Psychic\n|move|p2a: Great Tusk|Close Combat|p1a: Papercut\n|-resisted|p1a: Papercut\n|-damage|p1a: Papercut|49\/100\n|-unboost|p2a: Great Tusk|def|1\n|-unboost|p2a: Great Tusk|spd|1\n|move|p1a: Papercut|Psycho Cut|p2a: Great Tusk\n|-supereffective|p2a: Great Tusk\n|-damage|p2a: Great Tusk|0 fnt\n|faint|p2a: Great Tusk\n|-end|p2a: Great Tusk|Protosynthesis|[silent]\n|-ability|p1a: Papercut|Beast Boost|boost\n|-boost|p1a: Papercut|atk|1\n|\n|-weather|Sandstorm|[upkeep]\n|-damage|p1a: Papercut|43\/100|[from] Sandstorm\n|upkeep\n|\n|t:|1700660668\n|switch|p2a: Excadrill|Excadrill, M|100\/100\n|turn|4\n|c| plasma_fistem|interesting\n|\n|t:|1700660678\n|move|p2a: Excadrill|Earthquake|p1a: Papercut\n|-damage|p1a: Papercut|0 fnt\n|faint|p1a: Papercut\n|\n|-weather|Sandstorm|[upkeep]\n|upkeep\n|c| plasma_fistem|nice tech\n|inactive|etherlords has 270 seconds left.\n|\n|t:|1700660702\n|switch|p1a: Naked mole rat|Excadrill, M|100\/100\n|-ability|p1a: Naked mole rat|Mold Breaker\n|turn|5\n|\n|t:|1700660710\n|switch|p2a: Hippowdon|Hippowdon, M|100\/100\n|move|p1a: Naked mole rat|Earthquake|p2a: Hippowdon\n|-damage|p2a: Hippowdon|71\/100\n|\n|-weather|none\n|-heal|p2a: Hippowdon|77\/100|[from] item: Leftovers\n|upkeep\n|turn|6\n|inactive|etherlords has 270 seconds left.\n|\n|t:|1700660720\n|switch|p1a: sunny boi|Torkoal, M|100\/100\n|-weather|SunnyDay|[from] ability: Drought|[of] p1a: sunny boi\n|move|p2a: Hippowdon|Stealth Rock|p1a: sunny boi\n|-sidestart|p1: etherlords|move: Stealth Rock\n|\n|-weather|SunnyDay|[upkeep]\n|-heal|p2a: Hippowdon|84\/100|[from] item: Leftovers\n|upkeep\n|turn|7\n|\n|t:|1700660732\n|switch|p2a: Clodsire|Clodsire, F|100\/100\n|move|p1a: sunny boi|Solar Beam||[still]\n|-prepare|p1a: sunny boi|Solar Beam\n|-anim|p1a: sunny boi|Solar Beam|p2a: Clodsire\n|-damage|p2a: Clodsire|86\/100\n|\n|-weather|SunnyDay|[upkeep]\n|-heal|p2a: Clodsire|93\/100|[from] item: Black Sludge\n|upkeep\n|turn|8\n|\n|t:|1700660741\n|move|p2a: Clodsire|Spikes|p1a: sunny boi\n|-sidestart|p1: etherlords|Spikes\n|move|p1a: sunny boi|Yawn|p2a: Clodsire\n|-start|p2a: Clodsire|move: Yawn|[of] p1a: sunny boi\n|\n|-weather|SunnyDay|[upkeep]\n|-heal|p2a: Clodsire|99\/100|[from] item: Black Sludge\n|upkeep\n|turn|9\n|\n|t:|1700660750\n|switch|p2a: Gliscor|Gliscor, F|32\/100\n|move|p1a: sunny boi|Stealth Rock|p2a: Gliscor\n|-sidestart|p2: nepherae|move: Stealth Rock\n|\n|-weather|SunnyDay|[upkeep]\n|upkeep\n|turn|10\n|\n|t:|1700660759\n|move|p2a: Gliscor|Earthquake|p1a: sunny boi\n|-supereffective|p1a: sunny boi\n|-damage|p1a: sunny boi|65\/100\n|move|p1a: sunny boi|Yawn|p2a: Gliscor\n|-start|p2a: Gliscor|move: Yawn|[of] p1a: sunny boi\n|\n|-weather|SunnyDay|[upkeep]\n|upkeep\n|turn|11\n|\n|t:|1700660770\n|switch|p1a: Sir chonk|Venusaur, M|100\/100\n|-damage|p1a: Sir chonk|88\/100|[from] Stealth Rock\n|-damage|p1a: Sir chonk|76\/100|[from] Spikes\n|move|p2a: Gliscor|U-turn|p1a: Sir chonk\n|-damage|p1a: Sir chonk|57\/100\n|\n|t:|1700660773\n|switch|p2a: Hippowdon|Hippowdon, M|84\/100|[from] U-turn\n|-damage|p2a: Hippowdon|77\/100|[from] Stealth Rock\n|-weather|Sandstorm|[from] ability: Sand Stream|[of] p2a: Hippowdon\n|\n|-weather|Sandstorm|[upkeep]\n|-damage|p1a: Sir chonk|51\/100|[from] Sandstorm\n|-heal|p2a: Hippowdon|84\/100|[from] item: Leftovers\n|upkeep\n|turn|12\n|\n|t:|1700660781\n|switch|p2a: Clodsire|Clodsire, F|99\/100\n|-damage|p2a: Clodsire|93\/100|[from] Stealth Rock\n|detailschange|p1a: Sir chonk|Venusaur-Mega, M\n|-mega|p1a: Sir chonk|Venusaur|Venusaurite\n|move|p1a: Sir chonk|Giga Drain|p2a: Clodsire\n|-damage|p2a: Clodsire|71\/100\n|-heal|p1a: Sir chonk|65\/100|[from] drain|[of] p2a: Clodsire\n|\n|-weather|Sandstorm|[upkeep]\n|-damage|p1a: Sir chonk|59\/100|[from] Sandstorm\n|-heal|p2a: Clodsire|77\/100|[from] item: Black Sludge\n|upkeep\n|turn|13\n|\n|t:|1700660795\n|move|p1a: Sir chonk|Growth|p1a: Sir chonk\n|-boost|p1a: Sir chonk|atk|1\n|-boost|p1a: Sir chonk|spa|1\n|move|p2a: Clodsire|Earthquake|p1a: Sir chonk\n|-damage|p1a: Sir chonk|38\/100\n|\n|-weather|Sandstorm|[upkeep]\n|-damage|p1a: Sir chonk|32\/100|[from] Sandstorm\n|-heal|p2a: Clodsire|83\/100|[from] item: Black Sludge\n|upkeep\n|turn|14\n|\n|t:|1700660813\n|move|p1a: Sir chonk|Synthesis|p1a: Sir chonk\n|-heal|p1a: Sir chonk|57\/100\n|move|p2a: Clodsire|Earthquake|p1a: Sir chonk\n|-damage|p1a: Sir chonk|35\/100\n|\n|-weather|Sandstorm|[upkeep]\n|-damage|p1a: Sir chonk|29\/100|[from] Sandstorm\n|-heal|p2a: Clodsire|89\/100|[from] item: Black Sludge\n|upkeep\n|turn|15\n|inactive|nepherae has 270 seconds left.\n|\n|t:|1700660855\n|move|p1a: Sir chonk|Giga Drain|p2a: Clodsire\n|-damage|p2a: Clodsire|53\/100\n|-heal|p1a: Sir chonk|52\/100|[from] drain|[of] p2a: Clodsire\n|move|p2a: Clodsire|Spikes|p1a: Sir chonk\n|-sidestart|p1: etherlords|Spikes\n|\n|-weather|none\n|-heal|p2a: Clodsire|59\/100|[from] item: Black Sludge\n|upkeep\n|turn|16\n|\n|t:|1700660866\n|move|p1a: Sir chonk|Growth|p1a: Sir chonk\n|-boost|p1a: Sir chonk|atk|1\n|-boost|p1a: Sir chonk|spa|1\n|move|p2a: Clodsire|Recover|p2a: Clodsire\n|-heal|p2a: Clodsire|100\/100\n|\n|upkeep\n|turn|17\n|c| plasma_fistem|damn\n|inactive|nepherae has 270 seconds left.\n|\n|t:|1700660873\n|switch|p2a: Gliscor|Gliscor, F|32\/100\n|-damage|p2a: Gliscor|19\/100|[from] Stealth Rock\n|move|p1a: Sir chonk|Growth|p1a: Sir chonk\n|-boost|p1a: Sir chonk|atk|1\n|-boost|p1a: Sir chonk|spa|1\n|\n|upkeep\n|turn|18\n|\n|t:|1700660879\n|move|p2a: Gliscor|U-turn|p1a: Sir chonk\n|-damage|p1a: Sir chonk|39\/100\n|\n|t:|1700660886\n|switch|p2a: Clodsire|Clodsire, F|100\/100|[from] U-turn\n|-damage|p2a: Clodsire|94\/100|[from] Stealth Rock\n|move|p1a: Sir chonk|Giga Drain|p2a: Clodsire\n|-damage|p2a: Clodsire|39\/100\n|-heal|p1a: Sir chonk|75\/100|[from] drain|[of] p2a: Clodsire\n|\n|-heal|p2a: Clodsire|45\/100|[from] item: Black Sludge\n|upkeep\n|turn|19\n|\n|t:|1700660896\n|switch|p2a: Gliscor|Gliscor, F|19\/100\n|-damage|p2a: Gliscor|7\/100|[from] Stealth Rock\n|move|p1a: Sir chonk|Giga Drain|p2a: Gliscor\n|-damage|p2a: Gliscor|0 fnt\n|-heal|p1a: Sir chonk|78\/100|[from] drain|[of] p2a: Gliscor\n|faint|p2a: Gliscor\n|\n|upkeep\n|c|\u2606nepherae|should have eqd idk why i put speed on this\n|\n|t:|1700660907\n|switch|p2a: Hippowdon|Hippowdon, M|84\/100\n|-damage|p2a: Hippowdon|77\/100|[from] Stealth Rock\n|-weather|Sandstorm|[from] ability: Sand Stream|[of] p2a: Hippowdon\n|turn|20\n|\n|t:|1700660912\n|-terastallize|p2a: Hippowdon|Steel\n|move|p1a: Sir chonk|Giga Drain|p2a: Hippowdon\n|-resisted|p2a: Hippowdon\n|-damage|p2a: Hippowdon|25\/100\n|-heal|p1a: Sir chonk|100\/100|[from] drain|[of] p2a: Hippowdon\n|move|p2a: Hippowdon|Whirlwind|p1a: Sir chonk\n|drag|p1a: Naked mole rat|Excadrill, M|100\/100\n|-damage|p1a: Naked mole rat|97\/100|[from] Stealth Rock\n|-damage|p1a: Naked mole rat|81\/100|[from] Spikes\n|-ability|p1a: Naked mole rat|Mold Breaker\n|\n|-weather|Sandstorm|[upkeep]\n|-heal|p2a: Hippowdon|31\/100|[from] item: Leftovers\n|upkeep\n|turn|21\n|\n|t:|1700660936\n|switch|p2a: Clodsire|Clodsire, F|45\/100\n|-damage|p2a: Clodsire|39\/100|[from] Stealth Rock\n|move|p1a: Naked mole rat|Earthquake|p2a: Clodsire\n|-supereffective|p2a: Clodsire\n|-damage|p2a: Clodsire|0 fnt\n|faint|p2a: Clodsire\n|\n|-weather|Sandstorm|[upkeep]\n|upkeep\n|\n|t:|1700660939\n|switch|p2a: Garchomp|Garchomp, F|100\/100\n|-damage|p2a: Garchomp|94\/100|[from] Stealth Rock\n|turn|22\n|c|\u2606nepherae|ah fuck i'm throwing bad\n|inactive|nepherae has 270 seconds left.\n|\n|t:|1700660970\n|move|p2a: Garchomp|Earthquake|p1a: Naked mole rat\n|-supereffective|p1a: Naked mole rat\n|-damage|p1a: Naked mole rat|0 fnt\n|faint|p1a: Naked mole rat\n|\n|-weather|Sandstorm|[upkeep]\n|upkeep\n|c|\u2606nepherae|huh\n|c|\u2606nepherae|i just noticed it is mold breaker\n|c| plasma_fistem|bruh\n|c|\u2606etherlords|lol\n|inactive|etherlords has 270 seconds left.\n|c| plasma_fistem|was gonna say\n|\n|t:|1700661008\n|switch|p1a: Kyu:3|Kyurem|100\/100\n|-damage|p1a: Kyu:3|76\/100|[from] Stealth Rock\n|-damage|p1a: Kyu:3|59\/100|[from] Spikes\n|-ability|p1a: Kyu:3|Pressure\n|turn|23\n|c|\u2606nepherae|thought he would tech sand rush and didn't even read\n|inactive|etherlords has 270 seconds left.\n|c| plasma_fistem|thats why you switched out of the mirror match\n|inactive|nepherae has 270 seconds left.\n|\n|t:|1700661026\n|switch|p2a: Excadrill|Excadrill, M|100\/100\n|-damage|p2a: Excadrill|97\/100|[from] Stealth Rock\n|move|p1a: Kyu:3|Ice Beam|p2a: Excadrill\n|-damage|p2a: Excadrill|32\/100\n|-status|p2a: Excadrill|frz\n|\n|-weather|Sandstorm|[upkeep]\n|-damage|p1a: Kyu:3|53\/100|[from] Sandstorm\n|upkeep\n|turn|24\n|inactive|nepherae has 270 seconds left.\n|c| plasma_fistem|ow\n|inactive|etherlords has 270 seconds left.\n|c|\u2606etherlords|ohh I would have stayed in  cause I was sashed\n|c|\u2606nepherae|that is certainly a moment of all time\n|\n|t:|1700661046\n|cant|p2a: Excadrill|frz\n|move|p1a: Kyu:3|Ice Beam|p2a: Excadrill\n|-damage|p2a: Excadrill|0 fnt\n|faint|p2a: Excadrill\n|\n|-weather|none\n|upkeep\n|c| plasma_fistem|its joever\n|c|\u2606etherlords|sadge\n|\n|t:|1700661053\n|switch|p2a: Garchomp|Garchomp, F|94\/100\n|-damage|p2a: Garchomp|88\/100|[from] Stealth Rock\n|turn|25\n|\n|t:|1700661058\n|move|p1a: Kyu:3|Ice Beam|p2a: Garchomp\n|-supereffective|p2a: Garchomp\n|-damage|p2a: Garchomp|0 fnt\n|faint|p2a: Garchomp\n|\n|upkeep\n|\n|t:|1700661059\n|switch|p2a: Hippowdon|Hippowdon, M, tera:Steel|31\/100\n|-damage|p2a: Hippowdon|25\/100|[from] Stealth Rock\n|-weather|Sandstorm|[from] ability: Sand Stream|[of] p2a: Hippowdon\n|turn|26\n|c|\u2606nepherae|ggs\n|\n|t:|1700661066\n|move|p1a: Kyu:3|Ice Beam|p2a: Hippowdon\n|-resisted|p2a: Hippowdon\n|-damage|p2a: Hippowdon|0 fnt\n|faint|p2a: Hippowdon\n|\n|win|etherlords\n|c|\u2606etherlords|gg\n|c| plasma_fistem|did the chomp have adamant or jolly\n","uploadtime":1700661086,"views":4,"p1id":"etherlords","p2id":"nepherae","formatid":"gen9nationaldex","rating":0,"private":0,"password":""}