{"id":"gen9nationaldex-1993020115","p1":"marcolalenda","p2":"Jarl_jake","format":"[Gen 9] National Dex","log":"|j|\u2606marcolalenda\n|j|\u2606Jarl_jake\n|t:|1700256141\n|gametype|singles\n|player|p1|marcolalenda|kiawe|1460\n|player|p2|Jarl_jake|red|1565\n|teamsize|p1|6\n|teamsize|p2|6\n|gen|9\n|tier|[Gen 9] National Dex\n|rated|\n|rule|HP Percentage Mod: HP is shown in percentages\n|rule|Endless Battle Clause: Forcing endless battles is banned\n|rule|OHKO Clause: OHKO moves are banned\n|rule|Evasion Clause: Evasion abilities, items, and moves are banned\n|rule|Evasion Abilities Clause: Evasion abilities are banned\n|rule|Evasion Items Clause: Evasion items are banned\n|rule|Evasion Moves Clause: Evasion moves are banned\n|rule|Species Clause: Limit one of each Pok\u00e9mon\n|rule|Sleep Clause Mod: Limit one foe put to sleep\n|clearpoke\n|poke|p1|Tapu Koko|\n|poke|p1|Iron Valiant|\n|poke|p1|Volcarona, M|\n|poke|p1|Aegislash, F|\n|poke|p1|Gyarados, F|\n|poke|p1|Sneasler, F|\n|poke|p2|Ninetales-Alola, F|\n|poke|p2|Serperior, F|\n|poke|p2|Salamence, M|\n|poke|p2|Blaziken, M|\n|poke|p2|Blastoise, F|\n|poke|p2|Grimmsnarl, M|\n|teampreview\n|inactive|Battle timer is ON: inactive players will automatically lose when time's up. (requested by marcolalenda)\n|\n|t:|1700256155\n|start\n|switch|p1a: Tapu Koko|Tapu Koko|100\/100\n|switch|p2a: Lady Oscar|Serperior, F, shiny|100\/100\n|-fieldstart|move: Electric Terrain|[from] ability: Electric Surge|[of] p1a: Tapu Koko\n|turn|1\n|\n|t:|1700256173\n|move|p1a: Tapu Koko|U-turn|p2a: Lady Oscar\n|-supereffective|p2a: Lady Oscar\n|-damage|p2a: Lady Oscar|61\/100\n|\n|t:|1700256177\n|switch|p1a: Volcarona|Volcarona, M|100\/100|[from] U-turn\n|move|p2a: Lady Oscar|Leaf Storm|p1a: Volcarona\n|-resisted|p1a: Volcarona\n|-damage|p1a: Volcarona|84\/100\n|-boost|p2a: Lady Oscar|spa|2\n|-damage|p2a: Lady Oscar|51\/100|[from] item: Life Orb\n|\n|upkeep\n|turn|2\n|\n|t:|1700256196\n|move|p2a: Lady Oscar|Dragon Pulse|p1a: Volcarona\n|-damage|p1a: Volcarona|30\/100\n|-damage|p2a: Lady Oscar|41\/100|[from] item: Life Orb\n|move|p1a: Volcarona|Quiver Dance|p1a: Volcarona\n|-boost|p1a: Volcarona|spa|1\n|-boost|p1a: Volcarona|spd|1\n|-boost|p1a: Volcarona|spe|1\n|\n|upkeep\n|turn|3\n|\n|t:|1700256206\n|move|p1a: Volcarona|Bug Buzz|p2a: Lady Oscar\n|-supereffective|p2a: Lady Oscar\n|-damage|p2a: Lady Oscar|0 fnt\n|faint|p2a: Lady Oscar\n|\n|upkeep\n|\n|t:|1700256212\n|switch|p2a: Paarthurnax|Salamence, M, shiny|100\/100\n|turn|4\n|\n|t:|1700256217\n|move|p1a: Volcarona|Flamethrower|p2a: Paarthurnax\n|-resisted|p2a: Paarthurnax\n|-damage|p2a: Paarthurnax|54\/100\n|move|p2a: Paarthurnax|Earthquake|p1a: Volcarona\n|-damage|p1a: Volcarona|0 fnt\n|faint|p1a: Volcarona\n|-ability|p2a: Paarthurnax|Moxie|boost\n|-boost|p2a: Paarthurnax|atk|1\n|\n|upkeep\n|\n|t:|1700256225\n|switch|p1a: Gyarados|Gyarados, F, shiny|100\/100\n|-ability|p1a: Gyarados|Intimidate|boost\n|-unboost|p2a: Paarthurnax|atk|1\n|turn|5\n|\n|t:|1700256234\n|switch|p2a: Chicharron|Blaziken, M, shiny|100\/100\n|move|p1a: Gyarados|Dragon Dance|p1a: Gyarados\n|-boost|p1a: Gyarados|atk|1\n|-boost|p1a: Gyarados|spe|1\n|\n|-fieldend|move: Electric Terrain\n|upkeep\n|turn|6\n|\n|t:|1700256247\n|-terastallize|p2a: Chicharron|Electric\n|move|p1a: Gyarados|Dragon Dance|p1a: Gyarados\n|-boost|p1a: Gyarados|atk|1\n|-boost|p1a: Gyarados|spe|1\n|move|p2a: Chicharron|Thunder Punch|p1a: Gyarados\n|-supereffective|p1a: Gyarados\n|-damage|p1a: Gyarados|0 fnt\n|faint|p1a: Gyarados\n|\n|-ability|p2a: Chicharron|Speed Boost|boost\n|-boost|p2a: Chicharron|spe|1\n|upkeep\n|\n|t:|1700256256\n|switch|p1a: Aegislash|Aegislash, F|100\/100\n|turn|7\n|\n|t:|1700256263\n|move|p2a: Chicharron|Swords Dance|p2a: Chicharron\n|-boost|p2a: Chicharron|atk|2\n|move|p1a: Aegislash|Swords Dance|p1a: Aegislash\n|-boost|p1a: Aegislash|atk|2\n|\n|-ability|p2a: Chicharron|Speed Boost|boost\n|-boost|p2a: Chicharron|spe|1\n|upkeep\n|turn|8\n|\n|t:|1700256275\n|move|p1a: Aegislash|King's Shield|p1a: Aegislash\n|-singleturn|p1a: Aegislash|Protect\n|move|p2a: Chicharron|Blaze Kick|p1a: Aegislash\n|-activate|p1a: Aegislash|move: Protect\n|-unboost|p2a: Chicharron|atk|1\n|\n|-ability|p2a: Chicharron|Speed Boost|boost\n|-boost|p2a: Chicharron|spe|1\n|upkeep\n|turn|9\n|\n|t:|1700256284\n|move|p2a: Chicharron|Blaze Kick|p1a: Aegislash\n|-supereffective|p1a: Aegislash\n|-damage|p1a: Aegislash|0 fnt\n|faint|p1a: Aegislash\n|\n|-ability|p2a: Chicharron|Speed Boost|boost\n|-boost|p2a: Chicharron|spe|1\n|upkeep\n|\n|t:|1700256291\n|switch|p1a: Tapu Koko|Tapu Koko|100\/100\n|-fieldstart|move: Electric Terrain|[from] ability: Electric Surge|[of] p1a: Tapu Koko\n|turn|10\n|\n|t:|1700256298\n|move|p2a: Chicharron|Blaze Kick|p1a: Tapu Koko\n|-damage|p1a: Tapu Koko|25\/100\n|move|p1a: Tapu Koko|Reflect|p1a: Tapu Koko\n|-sidestart|p1: marcolalenda|Reflect\n|\n|-ability|p2a: Chicharron|Speed Boost|boost\n|-boost|p2a: Chicharron|spe|1\n|upkeep\n|turn|11\n|\n|t:|1700256308\n|move|p2a: Chicharron|Swords Dance|p2a: Chicharron\n|-boost|p2a: Chicharron|atk|2\n|move|p1a: Tapu Koko|Light Screen|p1a: Tapu Koko\n|-sidestart|p1: marcolalenda|move: Light Screen\n|\n|-ability|p2a: Chicharron|Speed Boost|boost\n|-boost|p2a: Chicharron|spe|1\n|upkeep\n|turn|12\n|\n|t:|1700256318\n|move|p2a: Chicharron|Blaze Kick|p1a: Tapu Koko\n|-damage|p1a: Tapu Koko|0 fnt\n|faint|p1a: Tapu Koko\n|\n|upkeep\n|\n|t:|1700256321\n|switch|p1a: Sneasler|Sneasler, F|100\/100\n|-enditem|p1a: Sneasler|Electric Seed\n|-boost|p1a: Sneasler|def|1|[from] item: Electric Seed\n|turn|13\n|\n|t:|1700256337\n|move|p2a: Chicharron|Thunder Punch|p1a: Sneasler\n|-damage|p1a: Sneasler|29\/100\n|move|p1a: Sneasler|Close Combat|p2a: Chicharron\n|-damage|p2a: Chicharron|5\/100\n|-unboost|p1a: Sneasler|def|1\n|-unboost|p1a: Sneasler|spd|1\n|\n|upkeep\n|turn|14\n|\n|t:|1700256345\n|move|p2a: Chicharron|Thunder Punch|p1a: Sneasler\n|-damage|p1a: Sneasler|0 fnt\n|faint|p1a: Sneasler\n|\n|-fieldend|move: Electric Terrain\n|upkeep\n|\n|t:|1700256347\n|switch|p1a: Iron Valiant|Iron Valiant|100\/100\n|turn|15\n|\n|t:|1700256353\n|move|p2a: Chicharron|Thunder Punch|p1a: Iron Valiant\n|-damage|p1a: Iron Valiant|39\/100\n|move|p1a: Iron Valiant|Moonblast|p2a: Chicharron\n|-damage|p2a: Chicharron|0 fnt\n|faint|p2a: Chicharron\n|\n|upkeep\n|\n|t:|1700256364\n|switch|p2a: Grendel|Grimmsnarl, M, shiny|100\/100\n|turn|16\n|\n|t:|1700256368\n|move|p2a: Grendel|Thunder Wave|p1a: Iron Valiant\n|-status|p1a: Iron Valiant|par\n|move|p1a: Iron Valiant|Moonblast|p2a: Grendel\n|-supereffective|p2a: Grendel\n|-crit|p2a: Grendel\n|-damage|p2a: Grendel|0 fnt\n|faint|p2a: Grendel\n|\n|upkeep\n|\n|t:|1700256381\n|switch|p2a: Paarthurnax|Salamence, M, shiny|54\/100\n|turn|17\n|\n|t:|1700256385\n|move|p2a: Paarthurnax|Dual Wingbeat|p1a: Iron Valiant\n|-supereffective|p1a: Iron Valiant\n|-damage|p1a: Iron Valiant|11\/100 par\n|-supereffective|p1a: Iron Valiant\n|-damage|p1a: Iron Valiant|0 fnt\n|faint|p1a: Iron Valiant\n|-end|p1a: Iron Valiant|Quark Drive|[silent]\n|-hitcount|p1: Iron Valiant|2\n|\n|win|Jarl_jake\n|raw|marcolalenda's rating: 1460 &rarr; <strong>1446<\/strong><br \/>(-14 for losing)\n|raw|Jarl_jake's rating: 1565 &rarr; <strong>1579<\/strong><br \/>(+14 for winning)\n|l|\u2606marcolalenda\n","uploadtime":1700256396,"views":16,"p1id":"marcolalenda","p2id":"jarljake","formatid":"gen9nationaldex","rating":1446,"private":0,"password":""}