{"id":"gen9nationaldex-1989221292","p1":"Jose307505","p2":"Ferexcalibur","format":"[Gen 9] National Dex","log":"|j|\u2606Jose307505\n|j|\u2606Ferexcalibur\n|t:|1699824927\n|gametype|singles\n|player|p1|Jose307505|volo|\n|player|p2|Ferexcalibur|169|\n|teamsize|p1|6\n|teamsize|p2|6\n|gen|9\n|tier|[Gen 9] National Dex\n|rule|HP Percentage Mod: HP is shown in percentages\n|rule|Endless Battle Clause: Forcing endless battles is banned\n|rule|OHKO Clause: OHKO moves are banned\n|rule|Evasion Clause: Evasion abilities, items, and moves are banned\n|rule|Evasion Abilities Clause: Evasion abilities are banned\n|rule|Evasion Items Clause: Evasion items are banned\n|rule|Evasion Moves Clause: Evasion moves are banned\n|rule|Species Clause: Limit one of each Pok\u00e9mon\n|rule|Sleep Clause Mod: Limit one foe put to sleep\n|clearpoke\n|poke|p1|Electivire, M|\n|poke|p1|Gastrodon, M|\n|poke|p1|Aggron, F|\n|poke|p1|Drapion, F|\n|poke|p1|Honchkrow, F|\n|poke|p1|Weavile, F|\n|poke|p2|Emboar, F|\n|poke|p2|Braviary, M|\n|poke|p2|Scrafty, F|\n|poke|p2|Simisage, M|\n|poke|p2|Cobalion|\n|poke|p2|Hydreigon, M|\n|teampreview\n|inactive|Battle timer is ON: inactive players will automatically lose when time's up. (requested by Jose307505)\n|inactive|Ferexcalibur has 270 seconds left.\n|\n|t:|1699824974\n|start\n|switch|p1a: Drapion|Drapion, F, shiny|100\/100\n|switch|p2a: Cobalion|Cobalion|100\/100\n|turn|1\n|\n|t:|1699824996\n|move|p2a: Cobalion|Stealth Rock|p1a: Drapion\n|-sidestart|p1: Jose307505|move: Stealth Rock\n|move|p1a: Drapion|Toxic Spikes|p2a: Cobalion\n|-sidestart|p2: Ferexcalibur|move: Toxic Spikes\n|\n|upkeep\n|turn|2\n|\n|t:|1699825004\n|move|p2a: Cobalion|Taunt|p1a: Drapion\n|-start|p1a: Drapion|move: Taunt\n|cant|p1a: Drapion|move: Taunt|Toxic Spikes\n|\n|upkeep\n|turn|3\n|\n|t:|1699825012\n|switch|p1a: Gastrodon|Gastrodon, M, shiny|100\/100\n|-damage|p1a: Gastrodon|94\/100|[from] Stealth Rock\n|move|p2a: Cobalion|Sacred Sword|p1a: Gastrodon\n|-damage|p1a: Gastrodon|70\/100\n|\n|-heal|p1a: Gastrodon|76\/100|[from] item: Leftovers\n|upkeep\n|turn|4\n|\n|t:|1699825028\n|switch|p2a: Simisage|Simisage, M|100\/100\n|-status|p2a: Simisage|psn\n|move|p1a: Gastrodon|Yawn||[still]\n|-fail|p1a: Gastrodon\n|\n|-heal|p1a: Gastrodon|82\/100|[from] item: Leftovers\n|-damage|p2a: Simisage|88\/100 psn|[from] psn\n|upkeep\n|turn|5\n|\n|t:|1699825041\n|switch|p1a: Honchkrow|Honchkrow, F, shiny|100\/100\n|-damage|p1a: Honchkrow|76\/100|[from] Stealth Rock\n|move|p2a: Simisage|Leaf Storm|p1a: Honchkrow\n|-resisted|p1a: Honchkrow\n|-damage|p1a: Honchkrow|24\/100\n|-unboost|p2a: Simisage|spa|2\n|-damage|p2a: Simisage|78\/100 psn|[from] item: Life Orb\n|\n|-damage|p2a: Simisage|66\/100 psn|[from] psn\n|upkeep\n|turn|6\n|\n|t:|1699825060\n|switch|p2a: Braviary|Braviary, M|100\/100\n|move|p1a: Honchkrow|Roost|p1a: Honchkrow\n|-heal|p1a: Honchkrow|74\/100\n|-singleturn|p1a: Honchkrow|move: Roost\n|\n|upkeep\n|turn|7\n|\n|t:|1699825067\n|move|p1a: Honchkrow|Sucker Punch||[still]\n|-fail|p1a: Honchkrow\n|move|p2a: Braviary|Defog|p1a: Honchkrow\n|-unboost|p1a: Honchkrow|evasion|1\n|-sideend|p1: Jose307505|Stealth Rock|[from] move: Defog|[of] p2a: Braviary\n|-sideend|p2: Ferexcalibur|Toxic Spikes|[from] move: Defog|[of] p2a: Braviary\n|-enditem|p1a: Honchkrow|White Herb\n|-clearnegativeboost|p1a: Honchkrow|[silent]\n|\n|upkeep\n|turn|8\n|\n|t:|1699825081\n|move|p2a: Braviary|Close Combat|p1a: Honchkrow\n|-damage|p1a: Honchkrow|1\/100\n|-unboost|p2a: Braviary|def|1\n|-unboost|p2a: Braviary|spd|1\n|move|p1a: Honchkrow|Superpower|p2a: Braviary\n|-damage|p2a: Braviary|26\/100\n|-unboost|p1a: Honchkrow|atk|1\n|-unboost|p1a: Honchkrow|def|1\n|\n|upkeep\n|turn|9\n|\n|t:|1699825097\n|move|p1a: Honchkrow|Sucker Punch|p2a: Braviary\n|-damage|p2a: Braviary|0 fnt\n|faint|p2a: Braviary\n|-ability|p1a: Honchkrow|Moxie|boost\n|-boost|p1a: Honchkrow|atk|1\n|\n|upkeep\n|\n|t:|1699825113\n|switch|p2a: Cobalion|Cobalion|100\/100\n|turn|10\n|\n|t:|1699825119\n|move|p1a: Honchkrow|Sucker Punch|p2a: Cobalion\n|-resisted|p2a: Cobalion\n|-damage|p2a: Cobalion|89\/100\n|-ability|p2a: Cobalion|Justified|boost\n|-boost|p2a: Cobalion|atk|1\n|move|p2a: Cobalion|Sacred Sword|p1a: Honchkrow\n|-damage|p1a: Honchkrow|0 fnt\n|faint|p1a: Honchkrow\n|\n|-heal|p2a: Cobalion|95\/100|[from] item: Leftovers\n|upkeep\n|\n|t:|1699825128\n|switch|p1a: Electivire|Electivire, M, shiny|100\/100\n|turn|11\n|inactive|Ferexcalibur has 270 seconds left.\n|\n|t:|1699825157\n|move|p2a: Cobalion|Stealth Rock|p1a: Electivire\n|-sidestart|p1: Jose307505|move: Stealth Rock\n|move|p1a: Electivire|Fire Punch|p2a: Cobalion\n|-supereffective|p2a: Cobalion\n|-damage|p2a: Cobalion|59\/100\n|\n|-heal|p2a: Cobalion|65\/100|[from] item: Leftovers\n|upkeep\n|turn|12\n|inactive|Ferexcalibur has 270 seconds left.\n|inactive|Ferexcalibur has 240 seconds left.\n|\n|t:|1699825221\n|move|p2a: Cobalion|Sacred Sword|p1a: Electivire\n|-damage|p1a: Electivire|25\/100\n|move|p1a: Electivire|Earthquake|p2a: Cobalion\n|-supereffective|p2a: Cobalion\n|-damage|p2a: Cobalion|15\/100\n|\n|-heal|p2a: Cobalion|21\/100|[from] item: Leftovers\n|upkeep\n|turn|13\n|\n|t:|1699825229\n|switch|p1a: Gastrodon|Gastrodon, M, shiny|82\/100\n|-damage|p1a: Gastrodon|76\/100|[from] Stealth Rock\n|move|p2a: Cobalion|Sacred Sword|p1a: Gastrodon\n|-damage|p1a: Gastrodon|34\/100\n|\n|-heal|p2a: Cobalion|28\/100|[from] item: Leftovers\n|-heal|p1a: Gastrodon|40\/100|[from] item: Leftovers\n|upkeep\n|turn|14\n|\n|t:|1699825242\n|move|p2a: Cobalion|Taunt|p1a: Gastrodon\n|-start|p1a: Gastrodon|move: Taunt\n|cant|p1a: Gastrodon|move: Taunt|Recover\n|\n|-heal|p2a: Cobalion|34\/100|[from] item: Leftovers\n|-heal|p1a: Gastrodon|46\/100|[from] item: Leftovers\n|upkeep\n|turn|15\n|\n|t:|1699825259\n|move|p2a: Cobalion|Sacred Sword|p1a: Gastrodon\n|-damage|p1a: Gastrodon|7\/100\n|move|p1a: Gastrodon|Earth Power|p2a: Cobalion\n|-supereffective|p2a: Cobalion\n|-damage|p2a: Cobalion|0 fnt\n|faint|p2a: Cobalion\n|\n|-heal|p1a: Gastrodon|13\/100|[from] item: Leftovers\n|upkeep\n|inactive|Ferexcalibur has 210 seconds left.\n|\n|t:|1699825290\n|switch|p2a: Simisage|Simisage, M|66\/100 psn\n|turn|16\n|\n|t:|1699825293\n|switch|p1a: Drapion|Drapion, F, shiny|100\/100\n|-damage|p1a: Drapion|88\/100|[from] Stealth Rock\n|move|p2a: Simisage|Knock Off|p1a: Drapion\n|-resisted|p1a: Drapion\n|-crit|p1a: Drapion\n|-damage|p1a: Drapion|57\/100\n|-enditem|p1a: Drapion|Leftovers|[from] move: Knock Off|[of] p2a: Simisage\n|-damage|p2a: Simisage|56\/100 psn|[from] item: Life Orb\n|\n|-damage|p2a: Simisage|43\/100 psn|[from] psn\n|upkeep\n|turn|17\n|inactive|Ferexcalibur has 210 seconds left.\n|\n|t:|1699825323\n|move|p2a: Simisage|Superpower|p1a: Drapion\n|-damage|p1a: Drapion|7\/100\n|-unboost|p2a: Simisage|atk|1\n|-unboost|p2a: Simisage|def|1\n|-damage|p2a: Simisage|33\/100 psn|[from] item: Life Orb\n|move|p1a: Drapion|Toxic Spikes|p2a: Simisage\n|-sidestart|p2: Ferexcalibur|move: Toxic Spikes\n|\n|-damage|p2a: Simisage|21\/100 psn|[from] psn\n|upkeep\n|turn|18\n|\n|t:|1699825332\n|move|p2a: Simisage|Superpower|p1a: Drapion\n|-damage|p1a: Drapion|0 fnt\n|-unboost|p2a: Simisage|atk|1\n|-unboost|p2a: Simisage|def|1\n|faint|p1a: Drapion\n|-damage|p2a: Simisage|11\/100 psn|[from] item: Life Orb\n|\n|-damage|p2a: Simisage|0 fnt|[from] psn\n|faint|p2a: Simisage\n|upkeep\n|\n|t:|1699825361\n|switch|p2a: Emboar|Emboar, F|100\/100\n|switch|p1a: Aggron|Aggron, F, shiny|100\/100\n|-status|p2a: Emboar|psn\n|-damage|p1a: Aggron|94\/100|[from] Stealth Rock\n|turn|19\n|inactive|Ferexcalibur has 180 seconds left.\n|\n|t:|1699825388\n|detailschange|p1a: Aggron|Aggron-Mega, F, shiny\n|-mega|p1a: Aggron|Aggron|Aggronite\n|move|p2a: Emboar|Flare Blitz|p1a: Aggron\n|-supereffective|p1a: Aggron\n|-damage|p1a: Aggron|10\/100\n|-damage|p2a: Emboar|79\/100 psn|[from] Recoil\n|move|p1a: Aggron|Iron Defense|p1a: Aggron\n|-boost|p1a: Aggron|def|2\n|\n|-damage|p2a: Emboar|66\/100 psn|[from] psn\n|upkeep\n|turn|20\n|\n|t:|1699825401\n|move|p2a: Emboar|Flare Blitz|p1a: Aggron\n|-supereffective|p1a: Aggron\n|-damage|p1a: Aggron|0 fnt\n|faint|p1a: Aggron\n|-damage|p2a: Emboar|64\/100 psn|[from] Recoil\n|\n|-damage|p2a: Emboar|51\/100 psn|[from] psn\n|upkeep\n|\n|t:|1699825405\n|switch|p1a: Weavile|Weavile, F, shiny|100\/100\n|-damage|p1a: Weavile|76\/100|[from] Stealth Rock\n|-ability|p1a: Weavile|Pressure\n|turn|21\n|inactive|Ferexcalibur has 180 seconds left.\n|\n|t:|1699825429\n|move|p1a: Weavile|Psycho Cut|p2a: Emboar\n|-supereffective|p2a: Emboar\n|-damage|p2a: Emboar|0 fnt\n|faint|p2a: Emboar\n|\n|upkeep\n|\n|t:|1699825438\n|switch|p2a: Scrafty|Scrafty, F|100\/100\n|-status|p2a: Scrafty|psn\n|turn|22\n|\n|t:|1699825458\n|switch|p1a: Electivire|Electivire, M, shiny|25\/100\n|-damage|p1a: Electivire|13\/100|[from] Stealth Rock\n|move|p2a: Scrafty|Drain Punch|p1a: Electivire\n|-damage|p1a: Electivire|0 fnt\n|faint|p1a: Electivire\n|\n|-activate|p2a: Scrafty|ability: Shed Skin\n|-curestatus|p2a: Scrafty|psn|[msg]\n|upkeep\n|\n|t:|1699825463\n|switch|p1a: Gastrodon|Gastrodon, M, shiny|13\/100\n|-damage|p1a: Gastrodon|7\/100|[from] Stealth Rock\n|turn|23\n|\n|t:|1699825478\n|move|p2a: Scrafty|Knock Off|p1a: Gastrodon\n|-damage|p1a: Gastrodon|0 fnt\n|-enditem|p1a: Gastrodon|Leftovers|[from] move: Knock Off|[of] p2a: Scrafty\n|faint|p1a: Gastrodon\n|\n|upkeep\n|\n|t:|1699825482\n|switch|p1a: Weavile|Weavile, F, shiny|76\/100\n|-damage|p1a: Weavile|51\/100|[from] Stealth Rock\n|-ability|p1a: Weavile|Pressure\n|turn|24\n|\n|t:|1699825489\n|-terastallize|p1a: Weavile|Ice\n|move|p1a: Weavile|Triple Axel|p2a: Scrafty\n|-damage|p2a: Scrafty|88\/100\n|-damage|p2a: Scrafty|62\/100\n|-hitcount|p2a: Scrafty|2\n|move|p2a: Scrafty|Drain Punch|p1a: Weavile\n|-supereffective|p1a: Weavile\n|-damage|p1a: Weavile|0 fnt\n|-heal|p2a: Scrafty|83\/100|[from] drain|[of] p1a: Weavile\n|faint|p1a: Weavile\n|\n|win|Ferexcalibur\n|l|\u2606Jose307505\n|c|\u2606Ferexcalibur|gg\n","uploadtime":1699825507,"views":5,"p1id":"jose307505","p2id":"ferexcalibur","formatid":"gen9nationaldex","rating":0,"private":0,"password":""}