{"id":"gen9nationaldex-1996673784","p1":"Soupmoth_","p2":"Forbidden_Child-","format":"[Gen 9] National Dex","log":"|html|<div class=\"broadcast-blue\"><strong>[Gen 9] National Dex is currently suspecting Sneasler! For information on how to participate check out the <a href=\"https:\/\/www.smogon.com\/forums\/threads\/sv-national-dex-suspect-8-just-dance.3731534\/\">suspect thread<\/a>.<\/strong><\/div>\n|j|\u2606Soupmoth_\n|j|\u2606Forbidden_Child-\n|t:|1700708061\n|gametype|singles\n|player|p1|Soupmoth_|pokemonrangerf|1254\n|player|p2|Forbidden_Child-|plasmagrunt-gen5bw|1206\n|teamsize|p1|6\n|teamsize|p2|6\n|gen|9\n|tier|[Gen 9] National Dex\n|rated|\n|rule|HP Percentage Mod: HP is shown in percentages\n|rule|Endless Battle Clause: Forcing endless battles is banned\n|rule|OHKO Clause: OHKO moves are banned\n|rule|Evasion Clause: Evasion abilities, items, and moves are banned\n|rule|Evasion Abilities Clause: Evasion abilities are banned\n|rule|Evasion Items Clause: Evasion items are banned\n|rule|Evasion Moves Clause: Evasion moves are banned\n|rule|Species Clause: Limit one of each Pok\u00e9mon\n|rule|Sleep Clause Mod: Limit one foe put to sleep\n|clearpoke\n|poke|p1|Togekiss, F|\n|poke|p1|Tapu Koko|\n|poke|p1|Iron Treads|\n|poke|p1|Porygon-Z|\n|poke|p1|Lopunny, M|\n|poke|p1|Hypno, M|\n|poke|p2|Cinccino, F|\n|poke|p2|Urshifu-*, M|\n|poke|p2|Clodsire, M|\n|poke|p2|Ferrothorn, M|\n|poke|p2|Kommo-o, M|\n|poke|p2|Hatterene, F|\n|teampreview\n|inactive|Battle timer is ON: inactive players will automatically lose when time's up. (requested by Soupmoth_)\n|\n|t:|1700708070\n|start\n|switch|p1a: Togekiss|Togekiss, F|100\/100\n|switch|p2a: Cinccino|Cinccino, F|100\/100\n|turn|1\n|\n|t:|1700708080\n|-terastallize|p1a: Togekiss|Fairy\n|move|p2a: Cinccino|Triple Axel|p1a: Togekiss\n|-crit|p1a: Togekiss\n|-damage|p1a: Togekiss|88\/100\n|-damage|p1a: Togekiss|71\/100\n|-damage|p1a: Togekiss|45\/100\n|-hitcount|p1a: Togekiss|3\n|move|p1a: Togekiss|Draining Kiss|p2a: Cinccino\n|-damage|p2a: Cinccino|28\/100\n|-heal|p1a: Togekiss|88\/100|[from] drain|[of] p2a: Cinccino\n|\n|upkeep\n|turn|2\n|\n|t:|1700708095\n|move|p2a: Cinccino|Tail Slap|p1a: Togekiss\n|-damage|p1a: Togekiss|74\/100\n|-damage|p1a: Togekiss|59\/100\n|-damage|p1a: Togekiss|44\/100\n|-damage|p1a: Togekiss|29\/100\n|-damage|p1a: Togekiss|14\/100\n|-hitcount|p1a: Togekiss|5\n|move|p1a: Togekiss|Draining Kiss|p2a: Cinccino\n|-damage|p2a: Cinccino|0 fnt\n|-heal|p1a: Togekiss|30\/100|[from] drain|[of] p2a: Cinccino\n|faint|p2a: Cinccino\n|\n|upkeep\n|inactive|Forbidden_Child- has 120 seconds left.\n|inactive|Forbidden_Child- has 90 seconds left.\n|\n|t:|1700708157\n|switch|p2a: Clodsire|Clodsire, M|100\/100\n|turn|3\n|inactive|Forbidden_Child- has 90 seconds left.\n|inactive|Forbidden_Child- has 60 seconds left.\n|\n|t:|1700708197\n|move|p1a: Togekiss|Psychic|p2a: Clodsire\n|-supereffective|p2a: Clodsire\n|-damage|p2a: Clodsire|66\/100\n|move|p2a: Clodsire|Poison Jab|p1a: Togekiss\n|-supereffective|p1a: Togekiss\n|-damage|p1a: Togekiss|0 fnt\n|faint|p1a: Togekiss\n|\n|-heal|p2a: Clodsire|72\/100|[from] item: Leftovers\n|upkeep\n|\n|t:|1700708205\n|switch|p1a: Lopunny|Lopunny, M|100\/100\n|turn|4\n|\n|t:|1700708211\n|switch|p2a: Ferrothorn|Ferrothorn, M|100\/100\n|detailschange|p1a: Lopunny|Lopunny-Mega, M\n|-mega|p1a: Lopunny|Lopunny|Lopunnite\n|move|p1a: Lopunny|Triple Axel|p2a: Ferrothorn\n|-damage|p2a: Ferrothorn|95\/100\n|-damage|p1a: Lopunny|88\/100|[from] ability: Iron Barbs|[of] p2a: Ferrothorn\n|-damage|p1a: Lopunny|72\/100|[from] item: Rocky Helmet|[of] p2a: Ferrothorn\n|-damage|p2a: Ferrothorn|83\/100\n|-damage|p1a: Lopunny|60\/100|[from] ability: Iron Barbs|[of] p2a: Ferrothorn\n|-damage|p1a: Lopunny|43\/100|[from] item: Rocky Helmet|[of] p2a: Ferrothorn\n|-damage|p2a: Ferrothorn|67\/100\n|-damage|p1a: Lopunny|31\/100|[from] ability: Iron Barbs|[of] p2a: Ferrothorn\n|-damage|p1a: Lopunny|14\/100|[from] item: Rocky Helmet|[of] p2a: Ferrothorn\n|-hitcount|p2a: Ferrothorn|3\n|\n|upkeep\n|turn|5\n|inactive|Forbidden_Child- has 60 seconds left.\n|\n|t:|1700708257\n|switch|p1a: Tapu Koko|Tapu Koko|100\/100\n|-fieldstart|move: Electric Terrain|[from] ability: Electric Surge|[of] p1a: Tapu Koko\n|-terastallize|p2a: Ferrothorn|Grass\n|move|p2a: Ferrothorn|Spikes|p1a: Tapu Koko\n|-sidestart|p1: Soupmoth_|Spikes\n|\n|upkeep\n|turn|6\n|\n|t:|1700708277\n|move|p1a: Tapu Koko|U-turn|p2a: Ferrothorn\n|-supereffective|p2a: Ferrothorn\n|-damage|p2a: Ferrothorn|40\/100\n|-damage|p1a: Tapu Koko|88\/100|[from] ability: Iron Barbs|[of] p2a: Ferrothorn\n|-damage|p1a: Tapu Koko|72\/100|[from] item: Rocky Helmet|[of] p2a: Ferrothorn\n|\n|t:|1700708284\n|switch|p1a: Porygon-Z|Porygon-Z|100\/100|[from] U-turn\n|-damage|p1a: Porygon-Z|88\/100|[from] Spikes\n|-ability|p1a: Porygon-Z|Download|boost\n|-boost|p1a: Porygon-Z|spa|1\n|move|p2a: Ferrothorn|Stealth Rock|p1a: Porygon-Z\n|-sidestart|p1: Soupmoth_|move: Stealth Rock\n|\n|upkeep\n|turn|7\n|\n|t:|1700708296\n|move|p1a: Porygon-Z|Ice Beam|p2a: Ferrothorn\n|-supereffective|p2a: Ferrothorn\n|-damage|p2a: Ferrothorn|0 fnt\n|faint|p2a: Ferrothorn\n|-damage|p1a: Porygon-Z|78\/100|[from] item: Life Orb\n|\n|upkeep\n|\n|t:|1700708316\n|switch|p2a: Kommo-o|Kommo-o, M|100\/100\n|turn|8\n|\n|t:|1700708329\n|switch|p1a: Tapu Koko|Tapu Koko|72\/100\n|-damage|p1a: Tapu Koko|59\/100|[from] Spikes\n|-damage|p1a: Tapu Koko|47\/100|[from] Stealth Rock\n|move|p2a: Kommo-o|Poison Jab|p1a: Tapu Koko\n|-supereffective|p1a: Tapu Koko\n|-crit|p1a: Tapu Koko\n|-damage|p1a: Tapu Koko|0 fnt\n|faint|p1a: Tapu Koko\n|\n|upkeep\n|\n|t:|1700708333\n|switch|p1a: Iron Treads|Iron Treads|100\/100\n|-damage|p1a: Iron Treads|88\/100|[from] Spikes\n|-damage|p1a: Iron Treads|85\/100|[from] Stealth Rock\n|-activate|p1a: Iron Treads|ability: Quark Drive\n|-start|p1a: Iron Treads|quarkdrivespe\n|turn|9\n|inactive|Forbidden_Child- has 30 seconds left.\n|\n|t:|1700708363\n|switch|p2a: Clodsire|Clodsire, M|72\/100\n|move|p1a: Iron Treads|Ice Fang|p2a: Clodsire\n|-supereffective|p2a: Clodsire\n|-damage|p2a: Clodsire|3\/100\n|\n|-heal|p2a: Clodsire|9\/100|[from] item: Leftovers\n|upkeep\n|turn|10\n|inactive|Forbidden_Child- has 30 seconds left.\n|inactive|Forbidden_Child- has 20 seconds left.\n|\n|t:|1700708381\n|move|p1a: Iron Treads|Ice Fang|p2a: Clodsire\n|-supereffective|p2a: Clodsire\n|-damage|p2a: Clodsire|0 fnt\n|faint|p2a: Clodsire\n|\n|upkeep\n|inactive|Forbidden_Child- has 25 seconds left this turn.\n|inactive|Forbidden_Child- has 20 seconds left.\n|\n|t:|1700708390\n|switch|p2a: Hatterene|Hatterene, F|100\/100\n|turn|11\n|inactive|Forbidden_Child- has 30 seconds left this turn.\n|inactive|Forbidden_Child- has 20 seconds left.\n|\n|t:|1700708402\n|move|p1a: Iron Treads|Ice Fang|p2a: Hatterene\n|-damage|p2a: Hatterene|67\/100\n|move|p2a: Hatterene|Mystical Fire|p1a: Iron Treads\n|-supereffective|p1a: Iron Treads\n|-damage|p1a: Iron Treads|18\/100\n|-unboost|p1a: Iron Treads|spa|1\n|\n|-heal|p2a: Hatterene|73\/100|[from] item: Leftovers\n|upkeep\n|turn|12\n|inactive|Forbidden_Child- has 30 seconds left this turn.\n|inactive|Forbidden_Child- has 20 seconds left.\n|\n|t:|1700708414\n|move|p1a: Iron Treads|Ice Fang|p2a: Hatterene\n|-damage|p2a: Hatterene|39\/100\n|move|p2a: Hatterene|Mystical Fire|p1a: Iron Treads\n|-supereffective|p1a: Iron Treads\n|-damage|p1a: Iron Treads|0 fnt\n|faint|p1a: Iron Treads\n|-end|p1a: Iron Treads|Quark Drive|[silent]\n|\n|-heal|p2a: Hatterene|45\/100|[from] item: Leftovers\n|-fieldend|move: Electric Terrain\n|upkeep\n|inactive|Forbidden_Child- has 25 seconds left this turn.\n|\n|t:|1700708419\n|switch|p1a: Lopunny|Lopunny-Mega, M|14\/100\n|-damage|p1a: Lopunny|2\/100|[from] Spikes\n|-damage|p1a: Lopunny|0 fnt|[from] Stealth Rock\n|faint|p1a: Lopunny\n|inactive|Forbidden_Child- has 30 seconds left this turn.\n|\n|t:|1700708425\n|switch|p1a: Porygon-Z|Porygon-Z|78\/100\n|-damage|p1a: Porygon-Z|66\/100|[from] Spikes\n|-damage|p1a: Porygon-Z|54\/100|[from] Stealth Rock\n|-ability|p1a: Porygon-Z|Download|boost\n|-boost|p1a: Porygon-Z|spa|1\n|turn|13\n|inactive|Forbidden_Child- has 30 seconds left.\n|\n|t:|1700708436\n|move|p1a: Porygon-Z|Agility|p1a: Porygon-Z\n|-boost|p1a: Porygon-Z|spe|2\n|move|p2a: Hatterene|Dazzling Gleam|p1a: Porygon-Z\n|-damage|p1a: Porygon-Z|2\/100\n|\n|-heal|p2a: Hatterene|51\/100|[from] item: Leftovers\n|upkeep\n|turn|14\n|\n|t:|1700708444\n|move|p1a: Porygon-Z|Tri Attack|p2a: Hatterene\n|-crit|p2a: Hatterene\n|-damage|p2a: Hatterene|0 fnt\n|faint|p2a: Hatterene\n|-damage|p1a: Porygon-Z|0 fnt|[from] item: Life Orb\n|faint|p1a: Porygon-Z\n|\n|upkeep\n|\n|t:|1700708460\n|switch|p1a: Hypno|Hypno, M|100\/100\n|switch|p2a: Kommo-o|Kommo-o, M|100\/100\n|-damage|p1a: Hypno|88\/100|[from] Spikes\n|-damage|p1a: Hypno|76\/100|[from] Stealth Rock\n|turn|15\n|\n|t:|1700708469\n|-zpower|p2a: Kommo-o\n|move|p2a: Kommo-o|Clangorous Soulblaze|p1a: Hypno|[zeffect]\n|-damage|p1a: Hypno|19\/100\n|-boost|p2a: Kommo-o|atk|1\n|-boost|p2a: Kommo-o|def|1\n|-boost|p2a: Kommo-o|spa|1\n|-boost|p2a: Kommo-o|spd|1\n|-boost|p2a: Kommo-o|spe|1\n|move|p1a: Hypno|Curse|p1a: Hypno\n|-unboost|p1a: Hypno|spe|1\n|-boost|p1a: Hypno|atk|1\n|-boost|p1a: Hypno|def|1\n|\n|-heal|p1a: Hypno|26\/100|[from] item: Leftovers\n|upkeep\n|turn|16\n|\n|t:|1700708484\n|move|p2a: Kommo-o|Flash Cannon|p1a: Hypno\n|-damage|p1a: Hypno|0 fnt\n|faint|p1a: Hypno\n|\n|win|Forbidden_Child-\n|raw|Soupmoth_'s rating: 1254 &rarr; <strong>1226<\/strong><br \/>(-28 for losing)\n|raw|Forbidden_Child-'s rating: 1206 &rarr; <strong>1234<\/strong><br \/>(+28 for winning)\n","uploadtime":1700708490,"views":2,"p1id":"soupmoth","p2id":"forbiddenchild","formatid":"gen9nationaldex","rating":1226,"private":0,"password":""}