{"id":"gen9nationaldex-1997695632","p1":"Agent62490","p2":"Reivya","format":"[Gen 9] National Dex","log":"|html|<div class=\"broadcast-blue\"><strong>[Gen 9] National Dex is currently suspecting Sneasler! For information on how to participate check out the <a href=\"https:\/\/www.smogon.com\/forums\/threads\/sv-national-dex-suspect-8-just-dance.3731534\/\">suspect thread<\/a>.<\/strong><\/div>\n|j|\u2606Agent62490\n|j|\u2606Reivya\n|t:|1700842755\n|gametype|singles\n|player|p1|Agent62490|maid|1120\n|player|p2|Reivya|jupiter|1109\n|teamsize|p1|6\n|teamsize|p2|6\n|gen|9\n|tier|[Gen 9] National Dex\n|rated|\n|rule|HP Percentage Mod: HP is shown in percentages\n|rule|Endless Battle Clause: Forcing endless battles is banned\n|rule|OHKO Clause: OHKO moves are banned\n|rule|Evasion Clause: Evasion abilities, items, and moves are banned\n|rule|Evasion Abilities Clause: Evasion abilities are banned\n|rule|Evasion Items Clause: Evasion items are banned\n|rule|Evasion Moves Clause: Evasion moves are banned\n|rule|Species Clause: Limit one of each Pok\u00e9mon\n|rule|Sleep Clause Mod: Limit one foe put to sleep\n|clearpoke\n|poke|p1|Metagross|\n|poke|p1|Shuckle, M|\n|poke|p1|Rillaboom, F|\n|poke|p1|Blaziken, M|\n|poke|p1|Thundurus-Therian, M|\n|poke|p1|Scizor, M|\n|poke|p2|Ribombee, F|\n|poke|p2|Skarmory, M|\n|poke|p2|Gardevoir, F|\n|poke|p2|Drapion, M|\n|poke|p2|Starmie|\n|poke|p2|Gigalith, F|\n|teampreview\n|inactive|Battle timer is ON: inactive players will automatically lose when time's up. (requested by Agent62490)\n|c|\u2606Reivya|glhf\n|\n|t:|1700842765\n|start\n|switch|p1a: Shuckle|Shuckle, M, shiny|100\/100\n|switch|p2a: skrrrrra!|Starmie|100\/100\n|turn|1\n|c|\u2606Agent62490|you too\n|\n|t:|1700842772\n|move|p2a: skrrrrra!|Magic Coat|p2a: skrrrrra!\n|-singleturn|p2a: skrrrrra!|move: Magic Coat\n|move|p1a: Shuckle|Sticky Web|p2a: skrrrrra!\n|move|p2a: skrrrrra!|Sticky Web|p1a: Shuckle|[from]Magic Coat\n|-sidestart|p1: Agent62490|move: Sticky Web\n|\n|upkeep\n|turn|2\n|\n|t:|1700842776\n|move|p2a: skrrrrra!|Magic Coat|p2a: skrrrrra!\n|-singleturn|p2a: skrrrrra!|move: Magic Coat\n|move|p1a: Shuckle|Infestation|p2a: skrrrrra!\n|-supereffective|p2a: skrrrrra!\n|-damage|p2a: skrrrrra!|95\/100\n|-activate|p2a: skrrrrra!|move: Infestation|[of] p1a: Shuckle\n|\n|-damage|p2a: skrrrrra!|83\/100|[from] move: Infestation|[partiallytrapped]\n|upkeep\n|turn|3\n|\n|t:|1700842783\n|move|p2a: skrrrrra!|Magic Coat|p2a: skrrrrra!\n|-singleturn|p2a: skrrrrra!|move: Magic Coat\n|move|p1a: Shuckle|Gyro Ball|p2a: skrrrrra!\n|-resisted|p2a: skrrrrra!\n|-damage|p2a: skrrrrra!|76\/100\n|\n|-damage|p2a: skrrrrra!|64\/100|[from] move: Infestation|[partiallytrapped]\n|upkeep\n|turn|4\n|\n|t:|1700842795\n|move|p2a: skrrrrra!|Surf|p1a: Shuckle\n|-supereffective|p1a: Shuckle\n|-damage|p1a: Shuckle|53\/100\n|move|p1a: Shuckle|Sticky Web|p2a: skrrrrra!\n|-sidestart|p2: Reivya|move: Sticky Web\n|\n|-damage|p2a: skrrrrra!|52\/100|[from] move: Infestation|[partiallytrapped]\n|upkeep\n|turn|5\n|\n|t:|1700842802\n|move|p2a: skrrrrra!|Surf|p1a: Shuckle\n|-supereffective|p1a: Shuckle\n|-damage|p1a: Shuckle|4\/100\n|-enditem|p1a: Shuckle|Sitrus Berry|[eat]\n|-heal|p1a: Shuckle|29\/100|[from] item: Sitrus Berry\n|move|p1a: Shuckle|Encore|p2a: skrrrrra!\n|-start|p2a: skrrrrra!|Encore\n|\n|-damage|p2a: skrrrrra!|40\/100|[from] move: Infestation|[partiallytrapped]\n|upkeep\n|turn|6\n|\n|t:|1700842810\n|move|p2a: skrrrrra!|Surf|p1a: Shuckle\n|-supereffective|p1a: Shuckle\n|-damage|p1a: Shuckle|0 fnt\n|faint|p1a: Shuckle\n|\n|-end|p2a: skrrrrra!|Infestation|[partiallytrapped]\n|upkeep\n|\n|t:|1700842818\n|switch|p1a: Scizor|Scizor, M|100\/100\n|-activate|p1a: Scizor|move: Sticky Web\n|-unboost|p1a: Scizor|spe|1\n|turn|7\n|\n|t:|1700842828\n|switch|p2a: skra|Skarmory, M|100\/100\n|detailschange|p1a: Scizor|Scizor-Mega, M\n|-mega|p1a: Scizor|Scizor|Scizorite\n|move|p1a: Scizor|Swords Dance|p1a: Scizor\n|-boost|p1a: Scizor|atk|2\n|\n|upkeep\n|turn|8\n|\n|t:|1700842838\n|move|p1a: Scizor|Bullet Punch|p2a: skra\n|-resisted|p2a: skra\n|-damage|p2a: skra|70\/100\n|move|p2a: skra|Whirlwind|p1a: Scizor\n|drag|p1a: Rillaboom|Rillaboom, F|100\/100\n|-activate|p1a: Rillaboom|move: Sticky Web\n|-unboost|p1a: Rillaboom|spe|1\n|-fieldstart|move: Grassy Terrain|[from] ability: Grassy Surge|[of] p1a: Rillaboom\n|\n|-heal|p2a: skra|76\/100|[from] item: Leftovers\n|upkeep\n|turn|9\n|\n|t:|1700842852\n|move|p1a: Rillaboom|Fake Out|p2a: skra\n|-resisted|p2a: skra\n|-damage|p2a: skra|68\/100\n|cant|p2a: skra|flinch\n|\n|-heal|p2a: skra|74\/100|[from] item: Leftovers\n|upkeep\n|turn|10\n|\n|t:|1700842860\n|switch|p1a: Blaziken|Blaziken, M|100\/100\n|-activate|p1a: Blaziken|move: Sticky Web\n|-unboost|p1a: Blaziken|spe|1\n|move|p2a: skra|Stealth Rock|p1a: Blaziken\n|-sidestart|p1: Agent62490|move: Stealth Rock\n|\n|-heal|p2a: skra|80\/100|[from] item: Leftovers\n|upkeep\n|turn|11\n|\n|t:|1700842868\n|move|p1a: Blaziken|Swords Dance|p1a: Blaziken\n|-boost|p1a: Blaziken|atk|2\n|move|p2a: skra|Whirlwind|p1a: Blaziken\n|drag|p1a: Thundurus|Thundurus-Therian, M|100\/100\n|-damage|p1a: Thundurus|76\/100|[from] Stealth Rock\n|\n|-heal|p2a: skra|86\/100|[from] item: Leftovers\n|upkeep\n|turn|12\n|\n|t:|1700842876\n|move|p1a: Thundurus|Thunderbolt|p2a: skra\n|-supereffective|p2a: skra\n|-damage|p2a: skra|0 fnt\n|faint|p2a: skra\n|\n|-fieldend|move: Grassy Terrain\n|upkeep\n|\n|t:|1700842885\n|switch|p2a: skrrrrra!|Starmie|40\/100\n|turn|13\n|\n|t:|1700842892\n|switch|p1a: Scizor|Scizor-Mega, M|100\/100\n|-activate|p1a: Scizor|move: Sticky Web\n|-unboost|p1a: Scizor|spe|1\n|-damage|p1a: Scizor|88\/100|[from] Stealth Rock\n|move|p2a: skrrrrra!|Ice Beam|p1a: Scizor\n|-resisted|p1a: Scizor\n|-damage|p1a: Scizor|75\/100\n|\n|upkeep\n|turn|14\n|\n|t:|1700842909\n|switch|p2a: mr. hugs|Drapion, M|100\/100\n|-activate|p2a: mr. hugs|move: Sticky Web\n|-unboost|p2a: mr. hugs|spe|1\n|move|p1a: Scizor|Bullet Punch|p2a: mr. hugs\n|-damage|p2a: mr. hugs|68\/100\n|\n|-heal|p2a: mr. hugs|74\/100|[from] item: Leftovers\n|upkeep\n|turn|15\n|\n|t:|1700842923\n|switch|p1a: Thundurus|Thundurus-Therian, M|76\/100\n|-damage|p1a: Thundurus|51\/100|[from] Stealth Rock\n|move|p2a: mr. hugs|Roar|p1a: Thundurus\n|drag|p1a: Rillaboom|Rillaboom, F|100\/100\n|-activate|p1a: Rillaboom|move: Sticky Web\n|-unboost|p1a: Rillaboom|spe|1\n|-damage|p1a: Rillaboom|88\/100|[from] Stealth Rock\n|-fieldstart|move: Grassy Terrain|[from] ability: Grassy Surge|[of] p1a: Rillaboom\n|\n|-heal|p1a: Rillaboom|94\/100|[from] Grassy Terrain\n|-heal|p2a: mr. hugs|80\/100|[from] Grassy Terrain\n|-heal|p2a: mr. hugs|87\/100|[from] item: Leftovers\n|upkeep\n|turn|16\n|\n|t:|1700842937\n|move|p1a: Rillaboom|Fake Out|p2a: mr. hugs\n|-damage|p2a: mr. hugs|67\/100\n|cant|p2a: mr. hugs|flinch\n|\n|-heal|p1a: Rillaboom|100\/100|[from] Grassy Terrain\n|-heal|p2a: mr. hugs|73\/100|[from] Grassy Terrain\n|-heal|p2a: mr. hugs|80\/100|[from] item: Leftovers\n|upkeep\n|turn|17\n|\n|t:|1700842945\n|switch|p1a: Scizor|Scizor-Mega, M|75\/100\n|-activate|p1a: Scizor|move: Sticky Web\n|-unboost|p1a: Scizor|spe|1\n|-damage|p1a: Scizor|62\/100|[from] Stealth Rock\n|move|p2a: mr. hugs|Toxic Spikes|p1a: Scizor\n|-sidestart|p1: Agent62490|move: Toxic Spikes\n|\n|-heal|p2a: mr. hugs|86\/100|[from] Grassy Terrain\n|-heal|p2a: mr. hugs|92\/100|[from] item: Leftovers\n|-heal|p1a: Scizor|68\/100|[from] Grassy Terrain\n|upkeep\n|turn|18\n|\n|t:|1700842959\n|move|p1a: Scizor|Bullet Punch|p2a: mr. hugs\n|-damage|p2a: mr. hugs|57\/100\n|move|p2a: mr. hugs|Roar|p1a: Scizor\n|drag|p1a: Blaziken|Blaziken, M|100\/100\n|-activate|p1a: Blaziken|move: Sticky Web\n|-unboost|p1a: Blaziken|spe|1\n|-damage|p1a: Blaziken|88\/100|[from] Stealth Rock\n|-status|p1a: Blaziken|psn\n|\n|-heal|p1a: Blaziken|94\/100 psn|[from] Grassy Terrain\n|-heal|p2a: mr. hugs|63\/100|[from] Grassy Terrain\n|-heal|p2a: mr. hugs|69\/100|[from] item: Leftovers\n|-damage|p1a: Blaziken|82\/100 psn|[from] psn\n|upkeep\n|turn|19\n|\n|t:|1700842972\n|move|p1a: Blaziken|Protect|p1a: Blaziken\n|-singleturn|p1a: Blaziken|Protect\n|move|p2a: mr. hugs|Roar|p1a: Blaziken\n|drag|p1a: Rillaboom|Rillaboom, F|100\/100\n|-activate|p1a: Rillaboom|move: Sticky Web\n|-unboost|p1a: Rillaboom|spe|1\n|-damage|p1a: Rillaboom|88\/100|[from] Stealth Rock\n|-status|p1a: Rillaboom|psn\n|\n|-heal|p1a: Rillaboom|94\/100 psn|[from] Grassy Terrain\n|-heal|p2a: mr. hugs|75\/100|[from] Grassy Terrain\n|-heal|p2a: mr. hugs|81\/100|[from] item: Leftovers\n|-damage|p1a: Rillaboom|82\/100 psn|[from] psn\n|-fieldend|move: Grassy Terrain\n|upkeep\n|turn|20\n|-message|Agent62490 forfeited.\n|\n|win|Reivya\n|raw|Agent62490's rating: 1120 &rarr; <strong>1094<\/strong><br \/>(-26 for losing)\n|raw|Reivya's rating: 1109 &rarr; <strong>1135<\/strong><br \/>(+26 for winning)\n|l|\u2606Agent62490\n","uploadtime":1700843000,"views":3,"p1id":"agent62490","p2id":"reivya","formatid":"gen9nationaldex","rating":1094,"private":0,"password":""}