{"id":"gen9nationaldex-1999001652","p1":"Schneider123","p2":"BuccaneerTPDPurge","format":"[Gen 9] National Dex","log":"|html|<div class=\"broadcast-blue\"><strong>[Gen 9] National Dex is currently suspecting Sneasler! For information on how to participate check out the <a href=\"https:\/\/www.smogon.com\/forums\/threads\/sv-national-dex-suspect-8-just-dance.3731534\/\">suspect thread<\/a>.<\/strong><\/div>\n|j|\u2606Schneider123\n|j|\u2606BuccaneerTPDPurge\n|t:|1701022635\n|gametype|singles\n|player|p1|Schneider123|volkner|1228\n|player|p2|BuccaneerTPDPurge|artist|1301\n|teamsize|p1|6\n|teamsize|p2|6\n|gen|9\n|tier|[Gen 9] National Dex\n|rated|\n|rule|HP Percentage Mod: HP is shown in percentages\n|rule|Endless Battle Clause: Forcing endless battles is banned\n|rule|OHKO Clause: OHKO moves are banned\n|rule|Evasion Clause: Evasion abilities, items, and moves are banned\n|rule|Evasion Abilities Clause: Evasion abilities are banned\n|rule|Evasion Items Clause: Evasion items are banned\n|rule|Evasion Moves Clause: Evasion moves are banned\n|rule|Species Clause: Limit one of each Pok\u00e9mon\n|rule|Sleep Clause Mod: Limit one foe put to sleep\n|clearpoke\n|poke|p1|Audino, M|\n|poke|p1|Porygon-Z|\n|poke|p1|Ditto|\n|poke|p1|Ursaluna, F|\n|poke|p1|Meloetta|\n|poke|p1|Cinccino, M|\n|poke|p2|Beedrill, M|\n|poke|p2|Sneasler, M|\n|poke|p2|Munkidori, M|\n|poke|p2|Nidoking, M|\n|poke|p2|Glimmora, F|\n|poke|p2|Drapion, F|\n|teampreview\n|inactive|Battle timer is ON: inactive players will automatically lose when time's up. (requested by Schneider123)\n|\n|t:|1701022644\n|start\n|switch|p1a: Cinccino|Cinccino, M|100\/100\n|switch|p2a: GlimaticoPurge|Glimmora, F|100\/100\n|-item|p2a: GlimaticoPurge|Air Balloon\n|turn|1\n|\n|t:|1701022658\n|switch|p1a: Meloetta|Meloetta|100\/100\n|move|p2a: GlimaticoPurge|Stealth Rock|p1a: Meloetta\n|-sidestart|p1: Schneider123|move: Stealth Rock\n|\n|upkeep\n|turn|2\n|\n|t:|1701022666\n|-zpower|p1a: Meloetta\n|move|p1a: Meloetta|Z-Celebrate|p1a: Meloetta|[anim]Celebrate\n|-boost|p1a: Meloetta|atk|1|[zeffect]\n|-boost|p1a: Meloetta|def|1|[zeffect]\n|-boost|p1a: Meloetta|spa|1|[zeffect]\n|-boost|p1a: Meloetta|spd|1|[zeffect]\n|-boost|p1a: Meloetta|spe|1|[zeffect]\n|-activate|p1a: Meloetta|move: Celebrate\n|move|p2a: GlimaticoPurge|Mortal Spin|p1a: Meloetta\n|-damage|p1a: Meloetta|95\/100\n|-status|p1a: Meloetta|psn\n|\n|-damage|p1a: Meloetta|83\/100 psn|[from] psn\n|upkeep\n|turn|3\n|\n|t:|1701022677\n|move|p2a: GlimaticoPurge|Spiky Shield|p2a: GlimaticoPurge\n|-singleturn|p2a: GlimaticoPurge|move: Protect\n|move|p1a: Meloetta|Psychic|p2a: GlimaticoPurge\n|-activate|p2a: GlimaticoPurge|move: Protect\n|\n|-damage|p1a: Meloetta|71\/100 psn|[from] psn\n|upkeep\n|turn|4\n|\n|t:|1701022684\n|switch|p2a: DrapGangPurger|Drapion, F, shiny|100\/100\n|move|p1a: Meloetta|Psychic|p2a: DrapGangPurger\n|-immune|p2a: DrapGangPurger\n|\n|-damage|p1a: Meloetta|58\/100 psn|[from] psn\n|upkeep\n|turn|5\n|\n|t:|1701022694\n|move|p1a: Meloetta|Hidden Power|p2a: DrapGangPurger\n|-damage|p2a: DrapGangPurger|63\/100\n|move|p2a: DrapGangPurger|Pursuit|p1a: Meloetta\n|-supereffective|p1a: Meloetta\n|-damage|p1a: Meloetta|34\/100 psn\n|\n|-damage|p1a: Meloetta|21\/100 psn|[from] psn\n|upkeep\n|turn|6\n|\n|t:|1701022703\n|move|p1a: Meloetta|Hidden Power|p2a: DrapGangPurger\n|-damage|p2a: DrapGangPurger|26\/100\n|move|p2a: DrapGangPurger|Pursuit|p1a: Meloetta\n|-supereffective|p1a: Meloetta\n|-damage|p1a: Meloetta|0 fnt\n|faint|p1a: Meloetta\n|\n|upkeep\n|\n|t:|1701022710\n|switch|p1a: Ursaluna|Ursaluna, F|100\/100\n|-damage|p1a: Ursaluna|94\/100|[from] Stealth Rock\n|turn|7\n|\n|t:|1701022722\n|move|p2a: DrapGangPurger|Knock Off|p1a: Ursaluna\n|-damage|p1a: Ursaluna|66\/100\n|-enditem|p1a: Ursaluna|Flame Orb|[from] move: Knock Off|[of] p2a: DrapGangPurger\n|move|p1a: Ursaluna|Earthquake|p2a: DrapGangPurger\n|-supereffective|p2a: DrapGangPurger\n|-damage|p2a: DrapGangPurger|0 fnt\n|faint|p2a: DrapGangPurger\n|\n|upkeep\n|\n|t:|1701022743\n|switch|p2a: Neko Von Purger|Nidoking, M, shiny|100\/100\n|turn|8\n|\n|t:|1701022749\n|move|p2a: Neko Von Purger|Ice Beam|p1a: Ursaluna\n|-supereffective|p1a: Ursaluna\n|-damage|p1a: Ursaluna|0 fnt\n|faint|p1a: Ursaluna\n|\n|upkeep\n|\n|t:|1701022766\n|switch|p1a: Porygon-Z|Porygon-Z|100\/100\n|-damage|p1a: Porygon-Z|88\/100|[from] Stealth Rock\n|-ability|p1a: Porygon-Z|Download|boost\n|-boost|p1a: Porygon-Z|spa|1\n|turn|9\n|\n|t:|1701022783\n|move|p1a: Porygon-Z|Tri Attack|p2a: Neko Von Purger\n|-damage|p2a: Neko Von Purger|16\/100\n|move|p2a: Neko Von Purger|Earth Power|p1a: Porygon-Z\n|-damage|p1a: Porygon-Z|10\/100\n|\n|upkeep\n|turn|10\n|\n|t:|1701022790\n|move|p1a: Porygon-Z|Tri Attack|p2a: Neko Von Purger\n|-damage|p2a: Neko Von Purger|0 fnt\n|faint|p2a: Neko Von Purger\n|\n|upkeep\n|\n|t:|1701022793\n|switch|p2a: BeePurging|Beedrill, M|100\/100\n|turn|11\n|\n|t:|1701022797\n|detailschange|p2a: BeePurging|Beedrill-Mega, M\n|-mega|p2a: BeePurging|Beedrill|Beedrillite\n|move|p1a: Porygon-Z|Tri Attack|p2a: BeePurging\n|-damage|p2a: BeePurging|0 fnt\n|faint|p2a: BeePurging\n|\n|upkeep\n|\n|t:|1701022804\n|switch|p2a: GlimaticoPurge|Glimmora, F|100\/100\n|-item|p2a: GlimaticoPurge|Air Balloon\n|turn|12\n|\n|t:|1701022808\n|move|p1a: Porygon-Z|Tri Attack|p2a: GlimaticoPurge\n|-resisted|p2a: GlimaticoPurge\n|-damage|p2a: GlimaticoPurge|68\/100\n|-enditem|p2a: GlimaticoPurge|Air Balloon\n|move|p2a: GlimaticoPurge|Mortal Spin|p1a: Porygon-Z\n|-damage|p1a: Porygon-Z|2\/100\n|-status|p1a: Porygon-Z|psn\n|\n|-damage|p1a: Porygon-Z|0 fnt|[from] psn\n|faint|p1a: Porygon-Z\n|upkeep\n|c|\u2606BuccaneerTPDPurge|oh god it was scarfed\n|\n|t:|1701022835\n|switch|p1a: Cinccino|Cinccino, M|100\/100\n|-damage|p1a: Cinccino|88\/100|[from] Stealth Rock\n|turn|13\n|inactive|Schneider123 has 120 seconds left.\n|\n|t:|1701022852\n|move|p1a: Cinccino|Bullet Seed|p2a: GlimaticoPurge\n|-damage|p2a: GlimaticoPurge|58\/100\n|-activate|p2a: GlimaticoPurge|ability: Toxic Debris\n|-sidestart|p1: Schneider123|move: Toxic Spikes\n|-damage|p2a: GlimaticoPurge|47\/100\n|-activate|p2a: GlimaticoPurge|ability: Toxic Debris\n|-sidestart|p1: Schneider123|move: Toxic Spikes\n|-damage|p2a: GlimaticoPurge|37\/100\n|-damage|p2a: GlimaticoPurge|27\/100\n|-crit|p2a: GlimaticoPurge\n|-damage|p2a: GlimaticoPurge|11\/100\n|-hitcount|p2a: GlimaticoPurge|5\n|-damage|p1a: Cinccino|78\/100|[from] item: Life Orb\n|move|p2a: GlimaticoPurge|Mortal Spin|p1a: Cinccino\n|-damage|p1a: Cinccino|67\/100\n|-status|p1a: Cinccino|psn\n|\n|-damage|p1a: Cinccino|54\/100 psn|[from] psn\n|upkeep\n|turn|14\n|inactive|Schneider123 has 120 seconds left.\n|\n|t:|1701022869\n|move|p2a: GlimaticoPurge|Spiky Shield|p2a: GlimaticoPurge\n|-singleturn|p2a: GlimaticoPurge|move: Protect\n|move|p1a: Cinccino|Bullet Seed|p2a: GlimaticoPurge\n|-activate|p2a: GlimaticoPurge|move: Protect\n|\n|-damage|p1a: Cinccino|42\/100 psn|[from] psn\n|upkeep\n|turn|15\n|inactive|Schneider123 has 120 seconds left.\n|\n|t:|1701022877\n|switch|p1a: Ditto|Ditto|100\/100\n|-damage|p1a: Ditto|88\/100|[from] Stealth Rock\n|-status|p1a: Ditto|tox\n|-transform|p1a: Ditto|p2a: GlimaticoPurge|[from] ability: Imposter\n|move|p2a: GlimaticoPurge|Dazzling Gleam|p1a: Ditto\n|-resisted|p1a: Ditto\n|-crit|p1a: Ditto\n|-damage|p1a: Ditto|67\/100 tox\n|\n|-damage|p1a: Ditto|61\/100 tox|[from] psn\n|upkeep\n|turn|16\n|inactive|Schneider123 has 120 seconds left.\n|\n|t:|1701022891\n|move|p2a: GlimaticoPurge|Spiky Shield|p2a: GlimaticoPurge\n|-singleturn|p2a: GlimaticoPurge|move: Protect\n|move|p1a: Ditto|Mortal Spin|p2a: GlimaticoPurge\n|-activate|p2a: GlimaticoPurge|move: Protect\n|-damage|p1a: Ditto|49\/100 tox|[from] Spiky Shield|[of] p2a: GlimaticoPurge\n|\n|-damage|p1a: Ditto|37\/100 tox|[from] psn\n|upkeep\n|turn|17\n|\n|t:|1701022900\n|move|p1a: Ditto|Mortal Spin|p2a: GlimaticoPurge\n|-resisted|p2a: GlimaticoPurge\n|-damage|p2a: GlimaticoPurge|9\/100\n|-sideend|p1: Schneider123|Toxic Spikes|[from] move: Mortal Spin|[of] p1a: Ditto\n|-sideend|p1: Schneider123|Stealth Rock|[from] move: Mortal Spin|[of] p1a: Ditto\n|move|p2a: GlimaticoPurge|Stealth Rock|p1a: Ditto\n|-sidestart|p1: Schneider123|move: Stealth Rock\n|\n|-damage|p1a: Ditto|19\/100 tox|[from] psn\n|upkeep\n|turn|18\n|\n|t:|1701022912\n|switch|p1a: Audino|Audino, M|100\/100\n|-damage|p1a: Audino|88\/100|[from] Stealth Rock\n|move|p2a: GlimaticoPurge|Spiky Shield||[still]\n|-fail|p2a: GlimaticoPurge\n|\n|upkeep\n|turn|19\n|\n|t:|1701022921\n|move|p2a: GlimaticoPurge|Mortal Spin|p1a: Audino\n|-damage|p1a: Audino|82\/100\n|-status|p1a: Audino|psn\n|move|p1a: Audino|Dazzling Gleam|p2a: GlimaticoPurge\n|-resisted|p2a: GlimaticoPurge\n|-damage|p2a: GlimaticoPurge|3\/100\n|\n|-damage|p1a: Audino|70\/100 psn|[from] psn\n|upkeep\n|turn|20\n|\n|t:|1701022929\n|move|p2a: GlimaticoPurge|Spiky Shield|p2a: GlimaticoPurge\n|-singleturn|p2a: GlimaticoPurge|move: Protect\n|move|p1a: Audino|Wish|p1a: Audino\n|\n|-damage|p1a: Audino|57\/100 psn|[from] psn\n|upkeep\n|turn|21\n|\n|t:|1701022940\n|move|p2a: GlimaticoPurge|Dazzling Gleam|p1a: Audino\n|-damage|p1a: Audino|40\/100 psn\n|move|p1a: Audino|Dazzling Gleam|p2a: GlimaticoPurge\n|-resisted|p2a: GlimaticoPurge\n|-crit|p2a: GlimaticoPurge\n|-damage|p2a: GlimaticoPurge|0 fnt\n|faint|p2a: GlimaticoPurge\n|\n|-heal|p1a: Audino|90\/100 psn|[from] move: Wish|[wisher] Audino\n|-damage|p1a: Audino|77\/100 psn|[from] psn\n|upkeep\n|c|\u2606Schneider123|i never knew mono psychic would be so annoying\n|\n|t:|1701022945\n|switch|p2a: PurgeCarrier|Sneasler, M, shiny|100\/100\n|turn|22\n|c|\u2606BuccaneerTPDPurge|mono psychic?\n|\n|t:|1701022957\n|move|p2a: PurgeCarrier|Close Combat|p1a: Audino\n|-supereffective|p1a: Audino\n|-damage|p1a: Audino|0 fnt\n|-unboost|p2a: PurgeCarrier|def|1\n|-unboost|p2a: PurgeCarrier|spd|1\n|-enditem|p2a: PurgeCarrier|White Herb\n|-clearnegativeboost|p2a: PurgeCarrier|[silent]\n|faint|p1a: Audino\n|\n|upkeep\n|c|\u2606Schneider123|POISON SORRY\n|c|\u2606Schneider123|I got confuse there\n|c|\u2606BuccaneerTPDPurge|its okay\n|\n|t:|1701022969\n|switch|p1a: Cinccino|Cinccino, M|42\/100 psn\n|-damage|p1a: Cinccino|30\/100 psn|[from] Stealth Rock\n|turn|23\n|c|\u2606Schneider123|anyways GG\n|\n|t:|1701022978\n|move|p2a: PurgeCarrier|Acrobatics|p1a: Cinccino\n|-damage|p1a: Cinccino|0 fnt\n|faint|p1a: Cinccino\n|\n|upkeep\n|c|\u2606BuccaneerTPDPurge|gg\n|\n|t:|1701022982\n|switch|p1a: Ditto|Ditto|19\/100 tox\n|-damage|p1a: Ditto|7\/100 tox|[from] Stealth Rock\n|-transform|p1a: Ditto|p2a: PurgeCarrier|[from] ability: Imposter\n|turn|24\n|\n|t:|1701022988\n|move|p2a: PurgeCarrier|Acrobatics|p1a: Ditto\n|-supereffective|p1a: Ditto\n|-damage|p1a: Ditto|0 fnt\n|faint|p1a: Ditto\n|\n|win|BuccaneerTPDPurge\n|raw|Schneider123's rating: 1228 &rarr; <strong>1208<\/strong><br \/>(-20 for losing)\n|raw|BuccaneerTPDPurge's rating: 1301 &rarr; <strong>1317<\/strong><br \/>(+16 for winning)\n|l|\u2606Schneider123\n","uploadtime":1701022999,"views":3,"p1id":"schneider123","p2id":"buccaneertpdpurge","formatid":"gen9nationaldex","rating":1208,"private":0,"password":""}