{"id":"gen9nationaldex-1995602332","p1":"Craniax","p2":"lsj111","format":"[Gen 9] National Dex","log":"|html|<div class=\"broadcast-blue\"><strong>[Gen 9] National Dex is currently suspecting Sneasler! For information on how to participate check out the <a href=\"https:\/\/www.smogon.com\/forums\/threads\/sv-national-dex-suspect-8-just-dance.3731534\/\">suspect thread<\/a>.<\/strong><\/div>\n|j|\u2606Craniax\n|j|\u2606lsj111\n|t:|1700586582\n|gametype|singles\n|player|p1|Craniax|volkner|1338\n|player|p2|lsj111|170|1391\n|teamsize|p1|6\n|teamsize|p2|6\n|gen|9\n|tier|[Gen 9] National Dex\n|rated|\n|rule|HP Percentage Mod: HP is shown in percentages\n|rule|Endless Battle Clause: Forcing endless battles is banned\n|rule|OHKO Clause: OHKO moves are banned\n|rule|Evasion Clause: Evasion abilities, items, and moves are banned\n|rule|Evasion Abilities Clause: Evasion abilities are banned\n|rule|Evasion Items Clause: Evasion items are banned\n|rule|Evasion Moves Clause: Evasion moves are banned\n|rule|Species Clause: Limit one of each Pok\u00e9mon\n|rule|Sleep Clause Mod: Limit one foe put to sleep\n|clearpoke\n|poke|p1|Hoopa-Unbound|\n|poke|p1|Charizard, M|\n|poke|p1|Ferrothorn, M|\n|poke|p1|Great Tusk|\n|poke|p1|Ribombee, M|\n|poke|p1|Tapu Koko|\n|poke|p2|Heatran, M|\n|poke|p2|Greninja-*, M|\n|poke|p2|Landorus-Therian, M|\n|poke|p2|Medicham, M|\n|poke|p2|Rillaboom, F|\n|poke|p2|Slowking-Galar, M|\n|teampreview\n|inactive|Battle timer is ON: inactive players will automatically lose when time's up. (requested by lsj111)\n|inactive|Craniax has 120 seconds left.\n|inactive|Craniax has 90 seconds left.\n|inactive|Craniax has 60 seconds left.\n|\n|t:|1700586683\n|start\n|switch|p1a: Ribombee|Ribombee, M|100\/100\n|switch|p2a: Heatran|Heatran, M|100\/100\n|turn|1\n|inactive|Craniax has 120 seconds left.\n|\n|t:|1700586698\n|move|p1a: Ribombee|Sticky Web|p2a: Heatran\n|-sidestart|p2: lsj111|move: Sticky Web\n|move|p2a: Heatran|Magma Storm|p1a: Ribombee\n|-supereffective|p1a: Ribombee\n|-damage|p1a: Ribombee|0 fnt\n|faint|p1a: Ribombee\n|\n|upkeep\n|inactive|Craniax has 120 seconds left.\n|\n|t:|1700586709\n|switch|p1a: Charizard|Charizard, M|100\/100\n|turn|2\n|\n|t:|1700586720\n|detailschange|p1a: Charizard|Charizard-Mega-Y, M\n|-mega|p1a: Charizard|Charizard|Charizardite Y\n|-weather|SunnyDay|[from] ability: Drought|[of] p1a: Charizard\n|move|p1a: Charizard|Scorching Sands|p2a: Heatran\n|-supereffective|p2a: Heatran\n|-damage|p2a: Heatran|28\/100\n|move|p2a: Heatran|Stealth Rock|p1a: Charizard\n|-sidestart|p1: Craniax|move: Stealth Rock\n|\n|-weather|SunnyDay|[upkeep]\n|-heal|p2a: Heatran|34\/100|[from] item: Leftovers\n|upkeep\n|turn|3\n|\n|t:|1700586735\n|switch|p2a: Landorus|Landorus-Therian, M|100\/100\n|-ability|p2a: Landorus|Intimidate|boost\n|-unboost|p1a: Charizard|atk|1\n|move|p1a: Charizard|Scorching Sands|p2a: Landorus\n|-immune|p2a: Landorus\n|\n|-weather|SunnyDay|[upkeep]\n|upkeep\n|turn|4\n|\n|t:|1700586763\n|switch|p1a: Great Tusk|Great Tusk|100\/100\n|-activate|p1a: Great Tusk|ability: Protosynthesis\n|-start|p1a: Great Tusk|protosynthesisatk\n|move|p2a: Landorus|U-turn|p1a: Great Tusk\n|-resisted|p1a: Great Tusk\n|-damage|p1a: Great Tusk|90\/100\n|inactive|lsj111 has 120 seconds left.\n|\n|t:|1700586774\n|switch|p2a: Medicham|Medicham, M|100\/100|[from] U-turn\n|-activate|p2a: Medicham|move: Sticky Web\n|-unboost|p2a: Medicham|spe|1\n|\n|-weather|SunnyDay|[upkeep]\n|upkeep\n|turn|5\n|\n|t:|1700586786\n|detailschange|p2a: Medicham|Medicham-Mega, M\n|-mega|p2a: Medicham|Medicham|Medichamite\n|-terastallize|p1a: Great Tusk|Dark\n|move|p2a: Medicham|Fake Out|p1a: Great Tusk\n|-damage|p1a: Great Tusk|73\/100\n|cant|p1a: Great Tusk|flinch\n|\n|-weather|SunnyDay|[upkeep]\n|upkeep\n|turn|6\n|\n|t:|1700586798\n|switch|p2a: Landorus|Landorus-Therian, M|100\/100\n|-ability|p2a: Landorus|Intimidate|boost\n|-unboost|p1a: Great Tusk|atk|1\n|move|p1a: Great Tusk|Rapid Spin|p2a: Landorus\n|-damage|p2a: Landorus|82\/100\n|-boost|p1a: Great Tusk|spe|1\n|-sideend|p1: Craniax|Stealth Rock|[from] move: Rapid Spin|[of] p1a: Great Tusk\n|\n|-weather|none\n|-end|p1a: Great Tusk|Protosynthesis\n|upkeep\n|turn|7\n|\n|t:|1700586810\n|-end|p1a: Great Tusk|Protosynthesis|[silent]\n|switch|p1a: Ferrothorn|Ferrothorn, M, shiny|100\/100\n|move|p2a: Landorus|Defog|p1a: Ferrothorn\n|-unboost|p1a: Ferrothorn|evasion|1\n|-sideend|p2: lsj111|Sticky Web|[from] move: Defog|[of] p2a: Landorus\n|\n|upkeep\n|turn|8\n|inactive|lsj111 has 120 seconds left.\n|\n|t:|1700586827\n|switch|p2a: Heatran|Heatran, M|34\/100\n|move|p1a: Ferrothorn|Stealth Rock|p2a: Heatran\n|-sidestart|p2: lsj111|move: Stealth Rock\n|\n|-heal|p2a: Heatran|40\/100|[from] item: Leftovers\n|upkeep\n|turn|9\n|\n|t:|1700586839\n|switch|p1a: Hoopa|Hoopa-Unbound|100\/100\n|move|p2a: Heatran|Stealth Rock|p1a: Hoopa\n|-sidestart|p1: Craniax|move: Stealth Rock\n|\n|-heal|p2a: Heatran|47\/100|[from] item: Leftovers\n|upkeep\n|turn|10\n|inactive|lsj111 has 120 seconds left.\n|\n|t:|1700586859\n|switch|p2a: Slowking|Slowking-Galar, M|100\/100\n|-damage|p2a: Slowking|88\/100|[from] Stealth Rock\n|move|p1a: Hoopa|Dark Pulse|p2a: Slowking\n|-supereffective|p2a: Slowking\n|-damage|p2a: Slowking|0 fnt\n|faint|p2a: Slowking\n|\n|upkeep\n|\n|t:|1700586872\n|switch|p2a: Landorus|Landorus-Therian, M|82\/100\n|-damage|p2a: Landorus|70\/100|[from] Stealth Rock\n|-ability|p2a: Landorus|Intimidate|boost\n|-unboost|p1a: Hoopa|atk|1\n|turn|11\n|inactive|Craniax has 120 seconds left.\n|\n|t:|1700586918\n|switch|p1a: Ferrothorn|Ferrothorn, M, shiny|100\/100\n|-damage|p1a: Ferrothorn|94\/100|[from] Stealth Rock\n|move|p2a: Landorus|U-turn|p1a: Ferrothorn\n|-damage|p1a: Ferrothorn|79\/100\n|-damage|p2a: Landorus|58\/100|[from] ability: Iron Barbs|[of] p1a: Ferrothorn\n|\n|t:|1700586930\n|switch|p2a: Heatran|Heatran, M|47\/100|[from] U-turn\n|-damage|p2a: Heatran|34\/100|[from] Stealth Rock\n|\n|-heal|p2a: Heatran|40\/100|[from] item: Leftovers\n|-heal|p1a: Ferrothorn|85\/100|[from] item: Leftovers\n|upkeep\n|turn|12\n|\n|t:|1700586956\n|switch|p1a: Tapu Koko|Tapu Koko|100\/100\n|-damage|p1a: Tapu Koko|88\/100|[from] Stealth Rock\n|-fieldstart|move: Electric Terrain|[from] ability: Electric Surge|[of] p1a: Tapu Koko\n|move|p2a: Heatran|Magma Storm|p1a: Tapu Koko\n|-damage|p1a: Tapu Koko|20\/100\n|-activate|p1a: Tapu Koko|move: Magma Storm|[of] p2a: Heatran\n|\n|-heal|p2a: Heatran|47\/100|[from] item: Leftovers\n|-damage|p1a: Tapu Koko|7\/100|[from] move: Magma Storm|[partiallytrapped]\n|upkeep\n|turn|13\n|inactive|lsj111 has 90 seconds left.\n|\n|t:|1700586990\n|switch|p2a: Rillaboom|Rillaboom, F|100\/100\n|-damage|p2a: Rillaboom|88\/100|[from] Stealth Rock\n|-fieldstart|move: Grassy Terrain|[from] ability: Grassy Surge|[of] p2a: Rillaboom\n|move|p1a: Tapu Koko|Wild Charge|p2a: Rillaboom\n|-resisted|p2a: Rillaboom\n|-damage|p2a: Rillaboom|60\/100\n|-damage|p1a: Tapu Koko|0 fnt|[from] Recoil\n|faint|p1a: Tapu Koko\n|\n|-heal|p2a: Rillaboom|66\/100|[from] Grassy Terrain\n|upkeep\n|inactive|Craniax has 90 seconds left.\n|\n|t:|1700587011\n|switch|p1a: Ferrothorn|Ferrothorn, M, shiny|85\/100\n|-damage|p1a: Ferrothorn|79\/100|[from] Stealth Rock\n|turn|14\n|inactive|lsj111 has 90 seconds left.\n|\n|t:|1700587037\n|switch|p2a: Heatran|Heatran, M|47\/100\n|-damage|p2a: Heatran|34\/100|[from] Stealth Rock\n|move|p1a: Ferrothorn|Spikes|p2a: Heatran\n|-sidestart|p2: lsj111|Spikes\n|\n|-heal|p2a: Heatran|40\/100|[from] Grassy Terrain\n|-heal|p2a: Heatran|47\/100|[from] item: Leftovers\n|-heal|p1a: Ferrothorn|85\/100|[from] Grassy Terrain\n|-heal|p1a: Ferrothorn|92\/100|[from] item: Leftovers\n|upkeep\n|turn|15\n|inactive|Craniax has 90 seconds left.\n|\n|t:|1700587056\n|switch|p1a: Great Tusk|Great Tusk, tera:Dark|73\/100\n|move|p2a: Heatran|Magma Storm|p1a: Great Tusk\n|-damage|p1a: Great Tusk|5\/100\n|-activate|p1a: Great Tusk|move: Magma Storm|[of] p2a: Heatran\n|\n|-heal|p1a: Great Tusk|11\/100|[from] Grassy Terrain\n|-heal|p2a: Heatran|53\/100|[from] Grassy Terrain\n|-heal|p2a: Heatran|59\/100|[from] item: Leftovers\n|-damage|p1a: Great Tusk|0 fnt|[from] move: Magma Storm|[partiallytrapped]\n|faint|p1a: Great Tusk\n|-end|p1a: Great Tusk|Protosynthesis|[silent]\n|upkeep\n|\n|t:|1700587070\n|switch|p1a: Hoopa|Hoopa-Unbound|100\/100\n|-damage|p1a: Hoopa|88\/100|[from] Stealth Rock\n|turn|16\n|inactive|lsj111 has 90 seconds left.\n|\n|t:|1700587079\n|move|p1a: Hoopa|Dark Pulse|p2a: Heatran\n|-damage|p2a: Heatran|8\/100\n|move|p2a: Heatran|Magma Storm|p1a: Hoopa\n|-damage|p1a: Hoopa|52\/100\n|-activate|p1a: Hoopa|move: Magma Storm|[of] p2a: Heatran\n|\n|-heal|p1a: Hoopa|58\/100|[from] Grassy Terrain\n|-heal|p2a: Heatran|14\/100|[from] Grassy Terrain\n|-heal|p2a: Heatran|21\/100|[from] item: Leftovers\n|-damage|p1a: Hoopa|46\/100|[from] move: Magma Storm|[partiallytrapped]\n|upkeep\n|turn|17\n|inactive|lsj111 has 90 seconds left.\n|\n|t:|1700587107\n|switch|p2a: Greninja|Greninja, M|100\/100\n|-damage|p2a: Greninja|88\/100|[from] Stealth Rock\n|-damage|p2a: Greninja|76\/100|[from] Spikes\n|move|p1a: Hoopa|Dark Pulse|p2a: Greninja\n|-resisted|p2a: Greninja\n|-damage|p2a: Greninja|15\/100\n|\n|-heal|p2a: Greninja|21\/100|[from] Grassy Terrain\n|-heal|p1a: Hoopa|52\/100|[from] Grassy Terrain\n|-end|p1a: Hoopa|Magma Storm|[partiallytrapped]|[silent]\n|-fieldend|move: Grassy Terrain\n|upkeep\n|turn|18\n|\n|t:|1700587124\n|move|p2a: Greninja|Dark Pulse|p1a: Hoopa\n|-damage|p1a: Hoopa|13\/100\n|-damage|p2a: Greninja|11\/100|[from] item: Life Orb\n|move|p1a: Hoopa|Dark Pulse|p2a: Greninja\n|-resisted|p2a: Greninja\n|-damage|p2a: Greninja|0 fnt\n|faint|p2a: Greninja\n|\n|upkeep\n|\n|t:|1700587138\n|switch|p2a: Rillaboom|Rillaboom, F|66\/100\n|-damage|p2a: Rillaboom|54\/100|[from] Stealth Rock\n|-damage|p2a: Rillaboom|41\/100|[from] Spikes\n|-fieldstart|move: Grassy Terrain|[from] ability: Grassy Surge|[of] p2a: Rillaboom\n|turn|19\n|\n|t:|1700587147\n|switch|p1a: Ferrothorn|Ferrothorn, M, shiny|92\/100\n|-damage|p1a: Ferrothorn|85\/100|[from] Stealth Rock\n|move|p2a: Rillaboom|Grassy Glide|p1a: Ferrothorn\n|-resisted|p1a: Ferrothorn\n|-damage|p1a: Ferrothorn|77\/100\n|-damage|p2a: Rillaboom|29\/100|[from] ability: Iron Barbs|[of] p1a: Ferrothorn\n|\n|-heal|p2a: Rillaboom|35\/100|[from] Grassy Terrain\n|-heal|p1a: Ferrothorn|83\/100|[from] Grassy Terrain\n|-heal|p1a: Ferrothorn|89\/100|[from] item: Leftovers\n|upkeep\n|turn|20\n|inactive|Craniax has 90 seconds left.\n|\n|t:|1700587162\n|switch|p2a: Landorus|Landorus-Therian, M|58\/100\n|-damage|p2a: Landorus|46\/100|[from] Stealth Rock\n|-ability|p2a: Landorus|Intimidate|boost\n|-unboost|p1a: Ferrothorn|atk|1\n|move|p1a: Ferrothorn|Power Whip|p2a: Landorus\n|-damage|p2a: Landorus|6\/100\n|\n|-heal|p1a: Ferrothorn|96\/100|[from] Grassy Terrain\n|-heal|p1a: Ferrothorn|100\/100|[from] item: Leftovers\n|upkeep\n|turn|21\n|inactive|Craniax has 90 seconds left.\n|inactive|lsj111 has 60 seconds left.\n|\n|t:|1700587187\n|move|p2a: Landorus|Earthquake|p1a: Ferrothorn\n|-damage|p1a: Ferrothorn|84\/100\n|move|p1a: Ferrothorn|Spikes|p2a: Landorus\n|-sidestart|p2: lsj111|Spikes\n|\n|-heal|p1a: Ferrothorn|90\/100|[from] Grassy Terrain\n|-heal|p1a: Ferrothorn|97\/100|[from] item: Leftovers\n|upkeep\n|turn|22\n|inactive|Craniax has 90 seconds left.\n|inactive|lsj111 has 60 seconds left.\n|\n|t:|1700587200\n|move|p2a: Landorus|Earthquake|p1a: Ferrothorn\n|-damage|p1a: Ferrothorn|81\/100\n|move|p1a: Ferrothorn|Spikes|p2a: Landorus\n|-sidestart|p2: lsj111|Spikes\n|\n|-heal|p1a: Ferrothorn|87\/100|[from] Grassy Terrain\n|-heal|p1a: Ferrothorn|93\/100|[from] item: Leftovers\n|upkeep\n|turn|23\n|inactive|lsj111 has 60 seconds left.\n|\n|t:|1700587210\n|move|p2a: Landorus|Earthquake|p1a: Ferrothorn\n|-damage|p1a: Ferrothorn|75\/100\n|move|p1a: Ferrothorn|Power Whip|p2a: Landorus\n|-damage|p2a: Landorus|0 fnt\n|faint|p2a: Landorus\n|\n|-heal|p1a: Ferrothorn|81\/100|[from] Grassy Terrain\n|-heal|p1a: Ferrothorn|88\/100|[from] item: Leftovers\n|-fieldend|move: Grassy Terrain\n|upkeep\n|inactive|lsj111 has 60 seconds left.\n|\n|t:|1700587224\n|switch|p2a: Heatran|Heatran, M|21\/100\n|-damage|p2a: Heatran|8\/100|[from] Stealth Rock\n|-damage|p2a: Heatran|0 fnt|[from] Spikes\n|faint|p2a: Heatran\n|\n|t:|1700587230\n|switch|p2a: Medicham|Medicham-Mega, M|100\/100\n|-damage|p2a: Medicham|94\/100|[from] Stealth Rock\n|-damage|p2a: Medicham|69\/100|[from] Spikes\n|turn|24\n|inactive|lsj111 has 60 seconds left.\n|\n|t:|1700587240\n|move|p2a: Medicham|Close Combat|p1a: Ferrothorn\n|-supereffective|p1a: Ferrothorn\n|-damage|p1a: Ferrothorn|0 fnt\n|-unboost|p2a: Medicham|def|1\n|-unboost|p2a: Medicham|spd|1\n|-damage|p2a: Medicham|57\/100|[from] ability: Iron Barbs|[of] p1a: Ferrothorn\n|faint|p1a: Ferrothorn\n|\n|upkeep\n|\n|t:|1700587251\n|switch|p1a: Hoopa|Hoopa-Unbound|13\/100\n|-damage|p1a: Hoopa|0 fnt|[from] Stealth Rock\n|faint|p1a: Hoopa\n|\n|t:|1700587256\n|switch|p1a: Charizard|Charizard-Mega-Y, M|100\/100\n|-damage|p1a: Charizard|51\/100|[from] Stealth Rock\n|-weather|SunnyDay|[from] ability: Drought|[of] p1a: Charizard\n|turn|25\n|inactive|lsj111 has 60 seconds left.\n|\n|t:|1700587277\n|switch|p2a: Rillaboom|Rillaboom, F|35\/100\n|-damage|p2a: Rillaboom|23\/100|[from] Stealth Rock\n|-damage|p2a: Rillaboom|0 fnt|[from] Spikes\n|faint|p2a: Rillaboom\n|move|p1a: Charizard|Flamethrower|p2: Rillaboom|[notarget]\n|-fail|p1a: Charizard\n|\n|-weather|SunnyDay|[upkeep]\n|upkeep\n|inactive|lsj111 has 60 seconds left.\n|\n|t:|1700587287\n|switch|p2a: Medicham|Medicham-Mega, M|57\/100\n|-damage|p2a: Medicham|51\/100|[from] Stealth Rock\n|-damage|p2a: Medicham|26\/100|[from] Spikes\n|turn|26\n|inactive|lsj111 has 60 seconds left.\n|\n|t:|1700587294\n|move|p2a: Medicham|Fake Out|p1a: Charizard\n|-damage|p1a: Charizard|20\/100\n|cant|p1a: Charizard|flinch\n|\n|-weather|SunnyDay|[upkeep]\n|upkeep\n|turn|27\n|inactive|Craniax has 120 seconds left.\n|\n|t:|1700587301\n|move|p2a: Medicham|Bullet Punch|p1a: Charizard\n|-resisted|p1a: Charizard\n|-damage|p1a: Charizard|5\/100\n|move|p1a: Charizard|Flamethrower|p2a: Medicham\n|-damage|p2a: Medicham|0 fnt\n|faint|p2a: Medicham\n|\n|win|Craniax\n|raw|Craniax's rating: 1338 &rarr; <strong>1361<\/strong><br \/>(+23 for winning)\n|raw|lsj111's rating: 1391 &rarr; <strong>1368<\/strong><br \/>(-23 for losing)\n|l|\u2606lsj111\n","uploadtime":1700587312,"views":1,"p1id":"craniax","p2id":"lsj111","formatid":"gen9nationaldex","rating":1361,"private":0,"password":""}