{"id":"gen9nationaldex-1998554989","p1":"doodlebug112","p2":"Cleyriser 08","format":"[Gen 9] National Dex","log":"|html|<div class=\"broadcast-blue\"><strong>[Gen 9] National Dex is currently suspecting Sneasler! For information on how to participate check out the <a href=\"https:\/\/www.smogon.com\/forums\/threads\/sv-national-dex-suspect-8-just-dance.3731534\/\">suspect thread<\/a>.<\/strong><\/div>\n|j|\u2606doodlebug112\n|j|\u2606Cleyriser 08\n|t:|1700955767\n|gametype|singles\n|player|p1|doodlebug112|clown|1056\n|player|p2|Cleyriser 08|170|1000\n|teamsize|p1|6\n|teamsize|p2|6\n|gen|9\n|tier|[Gen 9] National Dex\n|rated|\n|rule|HP Percentage Mod: HP is shown in percentages\n|rule|Endless Battle Clause: Forcing endless battles is banned\n|rule|OHKO Clause: OHKO moves are banned\n|rule|Evasion Clause: Evasion abilities, items, and moves are banned\n|rule|Evasion Abilities Clause: Evasion abilities are banned\n|rule|Evasion Items Clause: Evasion items are banned\n|rule|Evasion Moves Clause: Evasion moves are banned\n|rule|Species Clause: Limit one of each Pok\u00e9mon\n|rule|Sleep Clause Mod: Limit one foe put to sleep\n|clearpoke\n|poke|p1|Bruxish, M|\n|poke|p1|Hypno, M|\n|poke|p1|Arctovish|\n|poke|p1|Abomasnow, M|\n|poke|p1|Ribombee, M|\n|poke|p1|Dusclops, F|\n|poke|p2|Azelf|\n|poke|p2|Gliscor, M|\n|poke|p2|Chansey, F|\n|poke|p2|Ambipom, M|\n|poke|p2|Jirachi|\n|poke|p2|Rillaboom, M|\n|teampreview\n|\n|t:|1700955774\n|start\n|switch|p1a: Ribombee|Ribombee, M|100\/100\n|switch|p2a: Gliscor|Gliscor, M|100\/100\n|turn|1\n|\n|t:|1700955779\n|move|p1a: Ribombee|Sticky Web|p2a: Gliscor\n|-sidestart|p2: Cleyriser 08|move: Sticky Web\n|move|p2a: Gliscor|Substitute|p2a: Gliscor\n|-start|p2a: Gliscor|Substitute\n|-damage|p2a: Gliscor|76\/100\n|\n|-status|p2a: Gliscor|tox|[from] item: Toxic Orb\n|upkeep\n|turn|2\n|\n|t:|1700955785\n|move|p1a: Ribombee|Bug Buzz|p2a: Gliscor\n|-resisted|p2a: Gliscor\n|-damage|p2a: Gliscor|50\/100 tox\n|move|p2a: Gliscor|Facade|p1a: Ribombee\n|-damage|p1a: Ribombee|19\/100\n|\n|-heal|p2a: Gliscor|62\/100 tox|[from] ability: Poison Heal\n|upkeep\n|turn|3\n|\n|t:|1700955795\n|move|p1a: Ribombee|Bug Buzz|p2a: Gliscor\n|-resisted|p2a: Gliscor\n|-damage|p2a: Gliscor|36\/100 tox\n|-unboost|p2a: Gliscor|spd|1\n|move|p2a: Gliscor|Swords Dance|p2a: Gliscor\n|-boost|p2a: Gliscor|atk|2\n|\n|-heal|p2a: Gliscor|49\/100 tox|[from] ability: Poison Heal\n|upkeep\n|turn|4\n|\n|t:|1700955804\n|switch|p2a: Chansey|Chansey, F|100\/100\n|-activate|p2a: Chansey|move: Sticky Web\n|-unboost|p2a: Chansey|spe|1\n|move|p1a: Ribombee|Bug Buzz|p2a: Chansey\n|-damage|p2a: Chansey|89\/100\n|\n|upkeep\n|turn|5\n|\n|t:|1700955811\n|move|p1a: Ribombee|Moonblast|p2a: Chansey\n|-damage|p2a: Chansey|77\/100\n|move|p2a: Chansey|Seismic Toss|p1a: Ribombee\n|-damage|p1a: Ribombee|0 fnt\n|faint|p1a: Ribombee\n|\n|upkeep\n|\n|t:|1700955818\n|switch|p1a: Abomasnow|Abomasnow, M|100\/100\n|-weather|Snow|[from] ability: Snow Warning|[of] p1a: Abomasnow\n|turn|6\n|\n|t:|1700955823\n|move|p1a: Abomasnow|Blizzard|p2a: Chansey\n|-damage|p2a: Chansey|62\/100\n|move|p2a: Chansey|Thunder Wave|p1a: Abomasnow|[miss]\n|-miss|p2a: Chansey|p1a: Abomasnow\n|\n|-weather|Snow|[upkeep]\n|upkeep\n|turn|7\n|\n|t:|1700955830\n|move|p1a: Abomasnow|Blizzard|p2a: Chansey\n|-damage|p2a: Chansey|46\/100\n|move|p2a: Chansey|Thunder Wave|p1a: Abomasnow\n|-status|p1a: Abomasnow|par\n|\n|-weather|Snow|[upkeep]\n|upkeep\n|turn|8\n|\n|t:|1700955837\n|move|p2a: Chansey|Soft-Boiled|p2a: Chansey\n|-heal|p2a: Chansey|96\/100\n|move|p1a: Abomasnow|Blizzard|p2a: Chansey\n|-crit|p2a: Chansey\n|-damage|p2a: Chansey|72\/100\n|\n|-weather|Snow|[upkeep]\n|upkeep\n|turn|9\n|\n|t:|1700955844\n|move|p2a: Chansey|Seismic Toss|p1a: Abomasnow\n|-damage|p1a: Abomasnow|74\/100 par\n|move|p1a: Abomasnow|Blizzard|p2a: Chansey\n|-damage|p2a: Chansey|56\/100\n|\n|-weather|Snow|[upkeep]\n|-heal|p1a: Abomasnow|80\/100 par|[from] item: Leftovers\n|upkeep\n|turn|10\n|\n|t:|1700955853\n|switch|p1a: Bruxish|Bruxish, M|100\/100\n|move|p2a: Chansey|Soft-Boiled|p2a: Chansey\n|-heal|p2a: Chansey|100\/100\n|\n|-weather|none\n|upkeep\n|turn|11\n|\n|t:|1700955860\n|move|p1a: Bruxish|Swords Dance|p1a: Bruxish\n|-boost|p1a: Bruxish|atk|2\n|move|p2a: Chansey|Thunder Wave|p1a: Bruxish\n|-status|p1a: Bruxish|par\n|\n|upkeep\n|turn|12\n|\n|t:|1700955865\n|cant|p1a: Bruxish|par\n|move|p2a: Chansey|Seismic Toss|p1a: Bruxish\n|-damage|p1a: Bruxish|64\/100 par\n|\n|upkeep\n|turn|13\n|\n|t:|1700955871\n|cant|p1a: Bruxish|par\n|move|p2a: Chansey|Seismic Toss|p1a: Bruxish\n|-damage|p1a: Bruxish|28\/100 par\n|\n|upkeep\n|turn|14\n|\n|t:|1700955877\n|move|p1a: Bruxish|Psychic Fangs|p2a: Chansey\n|-damage|p2a: Chansey|21\/100\n|move|p2a: Chansey|Seismic Toss|p1a: Bruxish\n|-damage|p1a: Bruxish|0 fnt\n|faint|p1a: Bruxish\n|\n|upkeep\n|\n|t:|1700955883\n|switch|p1a: Abomasnow|Abomasnow, M|80\/100 par\n|-weather|Snow|[from] ability: Snow Warning|[of] p1a: Abomasnow\n|turn|15\n|\n|t:|1700955887\n|move|p2a: Chansey|Soft-Boiled|p2a: Chansey\n|-heal|p2a: Chansey|71\/100\n|move|p1a: Abomasnow|Blizzard|p2a: Chansey\n|-damage|p2a: Chansey|56\/100\n|\n|-weather|Snow|[upkeep]\n|-heal|p1a: Abomasnow|86\/100 par|[from] item: Leftovers\n|upkeep\n|turn|16\n|\n|t:|1700955895\n|switch|p1a: Arctovish|Arctovish|100\/100\n|move|p2a: Chansey|Soft-Boiled|p2a: Chansey\n|-heal|p2a: Chansey|100\/100\n|\n|-weather|Snow|[upkeep]\n|upkeep\n|turn|17\n|\n|t:|1700955901\n|move|p1a: Arctovish|Fishious Rend|p2a: Chansey\n|-damage|p2a: Chansey|52\/100\n|move|p2a: Chansey|Thunder Wave|p1a: Arctovish\n|-status|p1a: Arctovish|par\n|\n|-weather|Snow|[upkeep]\n|upkeep\n|turn|18\n|\n|t:|1700955907\n|move|p1a: Arctovish|Fishious Rend|p2a: Chansey\n|-damage|p2a: Chansey|8\/100\n|move|p2a: Chansey|Soft-Boiled|p2a: Chansey\n|-heal|p2a: Chansey|58\/100\n|\n|-weather|Snow|[upkeep]\n|upkeep\n|turn|19\n|n|!doodlebug112|doodlebug112\n|\n|t:|1700955932\n|switch|p2a: Azelf|Azelf|100\/100\n|move|p1a: Arctovish|Fishious Rend|p2a: Azelf\n|-enditem|p2a: Azelf|Focus Sash\n|-damage|p2a: Azelf|1\/100\n|\n|-weather|none\n|upkeep\n|turn|20\n|\n|t:|1700955946\n|switch|p1a: Dusclops|Dusclops, F|100\/100\n|-ability|p1a: Dusclops|Pressure\n|move|p2a: Azelf|Knock Off|p1a: Dusclops\n|-supereffective|p1a: Dusclops\n|-damage|p1a: Dusclops|58\/100\n|-enditem|p1a: Dusclops|Eviolite|[from] move: Knock Off|[of] p2a: Azelf\n|\n|upkeep\n|turn|21\n|-message|doodlebug112 forfeited.\n|\n|win|Cleyriser 08\n|raw|doodlebug112's rating: 1056 &rarr; <strong>1035<\/strong><br \/>(-21 for losing)\n|raw|Cleyriser 08's rating: 1000 &rarr; <strong>1046<\/strong><br \/>(+46 for winning)\n|l|!doodlebug112\n","uploadtime":1700955927,"views":1,"p1id":"doodlebug112","p2id":"cleyriser08","formatid":"gen9nationaldex","rating":1035,"private":0,"password":""}