{"id":"gen9nationaldex-1998565625","p1":"thatsmeargle","p2":"NDSNEZyedropwhen","format":"[Gen 9] National Dex","log":"|html|<div class=\"broadcast-blue\"><strong>[Gen 9] National Dex is currently suspecting Sneasler! For information on how to participate check out the <a href=\"https:\/\/www.smogon.com\/forums\/threads\/sv-national-dex-suspect-8-just-dance.3731534\/\">suspect thread<\/a>.<\/strong><\/div>\n|j|\u2606thatsmeargle\n|j|\u2606NDSNEZyedropwhen\n|t:|1700957072\n|gametype|singles\n|player|p1|thatsmeargle|pokekid|1550\n|player|p2|NDSNEZyedropwhen|adaman|1623\n|teamsize|p1|6\n|teamsize|p2|6\n|gen|9\n|tier|[Gen 9] National Dex\n|rated|\n|rule|HP Percentage Mod: HP is shown in percentages\n|rule|Endless Battle Clause: Forcing endless battles is banned\n|rule|OHKO Clause: OHKO moves are banned\n|rule|Evasion Clause: Evasion abilities, items, and moves are banned\n|rule|Evasion Abilities Clause: Evasion abilities are banned\n|rule|Evasion Items Clause: Evasion items are banned\n|rule|Evasion Moves Clause: Evasion moves are banned\n|rule|Species Clause: Limit one of each Pok\u00e9mon\n|rule|Sleep Clause Mod: Limit one foe put to sleep\n|clearpoke\n|poke|p1|Pelipper, F|\n|poke|p1|Barraskewda, M|\n|poke|p1|Scizor, F|\n|poke|p1|Clodsire, M|\n|poke|p1|Tapu Koko|\n|poke|p1|Iron Valiant|\n|poke|p2|Toxapex, M|\n|poke|p2|Dondozo, M|\n|poke|p2|Gliscor, M|\n|poke|p2|Blissey, F|\n|poke|p2|Corviknight, M|\n|poke|p2|Tyranitar, M|\n|teampreview\n|inactive|Battle timer is ON: inactive players will automatically lose when time's up. (requested by thatsmeargle)\n|\n|t:|1700957094\n|start\n|switch|p1a: Tapu Koko|Tapu Koko|100\/100\n|switch|p2a: Gliscor|Gliscor, M|100\/100\n|-fieldstart|move: Electric Terrain|[from] ability: Electric Surge|[of] p1a: Tapu Koko\n|turn|1\n|\n|t:|1700957103\n|move|p2a: Gliscor|Protect|p2a: Gliscor\n|-singleturn|p2a: Gliscor|Protect\n|move|p1a: Tapu Koko|Hidden Power|p2a: Gliscor\n|-activate|p2a: Gliscor|move: Protect\n|\n|-status|p2a: Gliscor|tox|[from] item: Toxic Orb\n|upkeep\n|turn|2\n|\n|t:|1700957119\n|switch|p2a: Blissey|Blissey, F|100\/100\n|move|p1a: Tapu Koko|U-turn|p2a: Blissey\n|-damage|p2a: Blissey|76\/100\n|\n|t:|1700957130\n|switch|p1a: Barraskewda|Barraskewda, M, shiny|100\/100|[from] U-turn\n|\n|upkeep\n|turn|3\n|\n|t:|1700957158\n|switch|p2a: Toxapex|Toxapex, M|100\/100\n|move|p1a: Barraskewda|Flip Turn|p2a: Toxapex\n|-resisted|p2a: Toxapex\n|-damage|p2a: Toxapex|84\/100\n|\n|t:|1700957169\n|switch|p1a: Iron Valiant|Iron Valiant|100\/100|[from] Flip Turn\n|-activate|p1a: Iron Valiant|ability: Quark Drive\n|-start|p1a: Iron Valiant|quarkdrivespe\n|\n|upkeep\n|turn|4\n|inactive|NDSNEZyedropwhen has 120 seconds left.\n|\n|t:|1700957205\n|switch|p2a: Gliscor|Gliscor, M|100\/100 tox\n|move|p1a: Iron Valiant|Zen Headbutt|p2a: Gliscor\n|-damage|p2a: Gliscor|82\/100 tox\n|-damage|p1a: Iron Valiant|91\/100|[from] item: Life Orb\n|\n|-heal|p2a: Gliscor|94\/100 tox|[from] ability: Poison Heal\n|upkeep\n|turn|5\n|\n|t:|1700957222\n|-end|p1a: Iron Valiant|Quark Drive|[silent]\n|switch|p1a: Pelipper|Pelipper, F|100\/100\n|-weather|RainDance|[from] ability: Drizzle|[of] p1a: Pelipper\n|move|p2a: Gliscor|Protect||[still]\n|-fail|p2a: Gliscor\n|\n|-weather|RainDance|[upkeep]\n|-heal|p2a: Gliscor|100\/100 tox|[from] ability: Poison Heal\n|-fieldend|move: Electric Terrain\n|upkeep\n|turn|6\n|inactive|NDSNEZyedropwhen has 120 seconds left.\n|\n|t:|1700957237\n|switch|p2a: Toxapex|Toxapex, M|100\/100\n|move|p1a: Pelipper|Scald|p2a: Toxapex\n|-resisted|p2a: Toxapex\n|-damage|p2a: Toxapex|85\/100\n|\n|-weather|RainDance|[upkeep]\n|upkeep\n|turn|7\n|inactive|NDSNEZyedropwhen has 120 seconds left.\n|\n|t:|1700957258\n|move|p1a: Pelipper|U-turn|p2a: Toxapex\n|-resisted|p2a: Toxapex\n|-damage|p2a: Toxapex|82\/100\n|\n|t:|1700957262\n|switch|p1a: Scizor|Scizor, F|100\/100|[from] U-turn\n|move|p2a: Toxapex|Knock Off|p1a: Scizor\n|-damage|p1a: Scizor|91\/100\n|\n|-weather|RainDance|[upkeep]\n|upkeep\n|turn|8\n|\n|t:|1700957273\n|switch|p2a: Gliscor|Gliscor, M|100\/100 tox\n|detailschange|p1a: Scizor|Scizor-Mega, F\n|-mega|p1a: Scizor|Scizor|Scizorite\n|move|p1a: Scizor|Bullet Punch|p2a: Gliscor\n|-damage|p2a: Gliscor|76\/100 tox\n|\n|-weather|RainDance|[upkeep]\n|-heal|p2a: Gliscor|89\/100 tox|[from] ability: Poison Heal\n|upkeep\n|turn|9\n|\n|t:|1700957284\n|move|p2a: Gliscor|Toxic|p1a: Scizor\n|-immune|p1a: Scizor\n|move|p1a: Scizor|Swords Dance|p1a: Scizor\n|-boost|p1a: Scizor|atk|2\n|\n|-weather|RainDance|[upkeep]\n|-heal|p2a: Gliscor|100\/100 tox|[from] ability: Poison Heal\n|upkeep\n|turn|10\n|inactive|NDSNEZyedropwhen has 120 seconds left.\n|\n|t:|1700957299\n|switch|p2a: Dondozo|Dondozo, M|100\/100\n|move|p1a: Scizor|Bullet Punch|p2a: Dondozo\n|-resisted|p2a: Dondozo\n|-damage|p2a: Dondozo|92\/100\n|\n|-weather|RainDance|[upkeep]\n|upkeep\n|turn|11\n|inactive|NDSNEZyedropwhen has 120 seconds left.\n|inactive|NDSNEZyedropwhen has 90 seconds left.\n|\n|t:|1700957346\n|switch|p1a: Tapu Koko|Tapu Koko|100\/100\n|-fieldstart|move: Electric Terrain|[from] ability: Electric Surge|[of] p1a: Tapu Koko\n|move|p2a: Dondozo|Body Press|p1a: Tapu Koko\n|-resisted|p1a: Tapu Koko\n|-damage|p1a: Tapu Koko|86\/100\n|\n|-weather|RainDance|[upkeep]\n|upkeep\n|turn|12\n|\n|t:|1700957361\n|switch|p2a: Blissey|Blissey, F|76\/100\n|move|p1a: Tapu Koko|U-turn|p2a: Blissey\n|-damage|p2a: Blissey|50\/100\n|\n|t:|1700957376\n|switch|p1a: Barraskewda|Barraskewda, M, shiny|100\/100|[from] U-turn\n|\n|-weather|none\n|upkeep\n|turn|13\n|\n|t:|1700957382\n|switch|p2a: Toxapex|Toxapex, M|100\/100\n|move|p1a: Barraskewda|Flip Turn|p2a: Toxapex\n|-resisted|p2a: Toxapex\n|-damage|p2a: Toxapex|85\/100\n|\n|t:|1700957390\n|switch|p1a: Scizor|Scizor-Mega, F|91\/100|[from] Flip Turn\n|\n|upkeep\n|turn|14\n|\n|t:|1700957405\n|switch|p2a: Corviknight|Corviknight, M|100\/100\n|-ability|p2a: Corviknight|Pressure\n|move|p1a: Scizor|Bullet Punch|p2a: Corviknight\n|-resisted|p2a: Corviknight\n|-damage|p2a: Corviknight|84\/100\n|\n|-heal|p2a: Corviknight|90\/100|[from] item: Leftovers\n|upkeep\n|turn|15\n|\n|t:|1700957418\n|switch|p1a: Tapu Koko|Tapu Koko|86\/100\n|switch|p2a: Toxapex|Toxapex, M|100\/100\n|\n|-fieldend|move: Electric Terrain\n|upkeep\n|turn|16\n|inactive|NDSNEZyedropwhen has 120 seconds left.\n|\n|t:|1700957427\n|switch|p2a: Tyranitar|Tyranitar, M|100\/100\n|-weather|Sandstorm|[from] ability: Sand Stream|[of] p2a: Tyranitar\n|move|p1a: Tapu Koko|Thunder|p2a: Tyranitar\n|-damage|p2a: Tyranitar|83\/100\n|\n|-weather|Sandstorm|[upkeep]\n|-damage|p1a: Tapu Koko|80\/100|[from] Sandstorm\n|upkeep\n|turn|17\n|\n|t:|1700957437\n|switch|p2a: Gliscor|Gliscor, M|100\/100 tox\n|move|p1a: Tapu Koko|U-turn|p2a: Gliscor\n|-resisted|p2a: Gliscor\n|-damage|p2a: Gliscor|96\/100 tox\n|\n|t:|1700957448\n|switch|p1a: Pelipper|Pelipper, F|100\/100|[from] U-turn\n|-weather|RainDance|[from] ability: Drizzle|[of] p1a: Pelipper\n|\n|-weather|RainDance|[upkeep]\n|-heal|p2a: Gliscor|100\/100 tox|[from] ability: Poison Heal\n|upkeep\n|turn|18\n|\n|t:|1700957456\n|switch|p2a: Toxapex|Toxapex, M|100\/100\n|move|p1a: Pelipper|U-turn|p2a: Toxapex\n|-resisted|p2a: Toxapex\n|-damage|p2a: Toxapex|98\/100\n|\n|t:|1700957466\n|switch|p1a: Clodsire|Clodsire, M, shiny|100\/100|[from] U-turn\n|\n|-weather|RainDance|[upkeep]\n|upkeep\n|turn|19\n|\n|t:|1700957473\n|switch|p2a: Gliscor|Gliscor, M|100\/100 tox\n|move|p1a: Clodsire|Stealth Rock|p2a: Gliscor\n|-sidestart|p2: NDSNEZyedropwhen|move: Stealth Rock\n|\n|-weather|RainDance|[upkeep]\n|upkeep\n|turn|20\n|\n|t:|1700957488\n|switch|p1a: Pelipper|Pelipper, F|100\/100\n|move|p2a: Gliscor|Spikes|p1a: Pelipper\n|-sidestart|p1: thatsmeargle|Spikes\n|\n|-weather|RainDance|[upkeep]\n|upkeep\n|turn|21\n|\n|t:|1700957495\n|move|p2a: Gliscor|Protect|p2a: Gliscor\n|-singleturn|p2a: Gliscor|Protect\n|move|p1a: Pelipper|U-turn|p2a: Gliscor\n|-activate|p2a: Gliscor|move: Protect\n|\n|-weather|RainDance|[upkeep]\n|upkeep\n|turn|22\n|\n|t:|1700957504\n|switch|p2a: Toxapex|Toxapex, M|100\/100\n|move|p1a: Pelipper|Scald|p2a: Toxapex\n|-resisted|p2a: Toxapex\n|-damage|p2a: Toxapex|83\/100\n|-status|p2a: Toxapex|brn\n|\n|-weather|RainDance|[upkeep]\n|-damage|p2a: Toxapex|77\/100 brn|[from] brn\n|upkeep\n|turn|23\n|\n|t:|1700957516\n|move|p2a: Toxapex|Baneful Bunker|p2a: Toxapex\n|-singleturn|p2a: Toxapex|move: Protect\n|move|p1a: Pelipper|U-turn|p2a: Toxapex\n|-activate|p2a: Toxapex|move: Protect\n|-status|p1a: Pelipper|psn\n|\n|-weather|RainDance|[upkeep]\n|-damage|p1a: Pelipper|88\/100 psn|[from] psn\n|-damage|p2a: Toxapex|71\/100 brn|[from] brn\n|upkeep\n|turn|24\n|\n|t:|1700957526\n|move|p1a: Pelipper|U-turn|p2a: Toxapex\n|-resisted|p2a: Toxapex\n|-damage|p2a: Toxapex|69\/100 brn\n|\n|t:|1700957530\n|switch|p1a: Tapu Koko|Tapu Koko|80\/100|[from] U-turn\n|-fieldstart|move: Electric Terrain|[from] ability: Electric Surge|[of] p1a: Tapu Koko\n|move|p2a: Toxapex|Knock Off|p1a: Tapu Koko\n|-resisted|p1a: Tapu Koko\n|-damage|p1a: Tapu Koko|75\/100\n|-enditem|p1a: Tapu Koko|Heavy-Duty Boots|[from] move: Knock Off|[of] p2a: Toxapex\n|\n|-weather|none\n|-damage|p2a: Toxapex|63\/100 brn|[from] brn\n|upkeep\n|turn|25\n|\n|t:|1700957547\n|move|p2a: Toxapex|Baneful Bunker|p2a: Toxapex\n|-singleturn|p2a: Toxapex|move: Protect\n|move|p1a: Tapu Koko|Thunder|p2a: Toxapex\n|-activate|p2a: Toxapex|move: Protect\n|\n|-damage|p2a: Toxapex|57\/100 brn|[from] brn\n|upkeep\n|turn|26\n|\n|t:|1700957563\n|switch|p2a: Gliscor|Gliscor, M|100\/100 tox\n|-damage|p2a: Gliscor|88\/100 tox|[from] Stealth Rock\n|move|p1a: Tapu Koko|U-turn|p2a: Gliscor\n|-resisted|p2a: Gliscor\n|-damage|p2a: Gliscor|83\/100 tox\n|\n|t:|1700957573\n|switch|p1a: Barraskewda|Barraskewda, M, shiny|100\/100|[from] U-turn\n|-damage|p1a: Barraskewda|88\/100|[from] Spikes\n|\n|-heal|p2a: Gliscor|95\/100 tox|[from] ability: Poison Heal\n|upkeep\n|turn|27\n|\n|t:|1700957581\n|switch|p2a: Toxapex|Toxapex, M|91\/100 brn\n|move|p1a: Barraskewda|Flip Turn|p2a: Toxapex\n|-resisted|p2a: Toxapex\n|-damage|p2a: Toxapex|76\/100 brn\n|\n|t:|1700957589\n|switch|p1a: Tapu Koko|Tapu Koko|75\/100|[from] Flip Turn\n|-damage|p1a: Tapu Koko|63\/100|[from] Spikes\n|\n|-damage|p2a: Toxapex|70\/100 brn|[from] brn\n|upkeep\n|turn|28\n|inactive|NDSNEZyedropwhen has 120 seconds left.\n|\n|t:|1700957628\n|switch|p2a: Tyranitar|Tyranitar, M|83\/100\n|-damage|p2a: Tyranitar|71\/100|[from] Stealth Rock\n|-weather|Sandstorm|[from] ability: Sand Stream|[of] p2a: Tyranitar\n|move|p1a: Tapu Koko|Roost|p1a: Tapu Koko\n|-heal|p1a: Tapu Koko|100\/100\n|-singleturn|p1a: Tapu Koko|move: Roost\n|\n|-weather|Sandstorm|[upkeep]\n|-damage|p1a: Tapu Koko|94\/100|[from] Sandstorm\n|-fieldend|move: Electric Terrain\n|upkeep\n|turn|29\n|inactive|NDSNEZyedropwhen has 120 seconds left.\n|\n|t:|1700957639\n|detailschange|p2a: Tyranitar|Tyranitar-Mega, M\n|-mega|p2a: Tyranitar|Tyranitar|Tyranitarite\n|move|p1a: Tapu Koko|U-turn|p2a: Tyranitar\n|-supereffective|p2a: Tyranitar\n|-damage|p2a: Tyranitar|52\/100\n|\n|t:|1700957645\n|switch|p1a: Pelipper|Pelipper, F|88\/100 psn|[from] U-turn\n|-weather|RainDance|[from] ability: Drizzle|[of] p1a: Pelipper\n|move|p2a: Tyranitar|Knock Off|p1a: Pelipper\n|-crit|p1a: Pelipper\n|-damage|p1a: Pelipper|21\/100 psn\n|-enditem|p1a: Pelipper|Damp Rock|[from] move: Knock Off|[of] p2a: Tyranitar\n|\n|-weather|RainDance|[upkeep]\n|-damage|p1a: Pelipper|9\/100 psn|[from] psn\n|upkeep\n|turn|30\n|\n|t:|1700957659\n|-activate|p1a: Pelipper|move: Pursuit\n|move|p2a: Tyranitar|Pursuit|p1a: Pelipper|[from]Pursuit\n|-crit|p1a: Pelipper\n|-damage|p1a: Pelipper|0 fnt\n|faint|p1a: Pelipper\n|-hint|A Pokemon can't switch between when it runs out of HP and when it faints\n|\n|-weather|RainDance|[upkeep]\n|upkeep\n|\n|t:|1700957674\n|switch|p1a: Barraskewda|Barraskewda, M, shiny|88\/100\n|-damage|p1a: Barraskewda|76\/100|[from] Spikes\n|turn|31\n|\n|t:|1700957680\n|switch|p2a: Toxapex|Toxapex, M|100\/100 brn\n|move|p1a: Barraskewda|Liquidation|p2a: Toxapex\n|-resisted|p2a: Toxapex\n|-damage|p2a: Toxapex|69\/100 brn\n|\n|-weather|RainDance|[upkeep]\n|-damage|p2a: Toxapex|64\/100 brn|[from] brn\n|upkeep\n|turn|32\n|\n|t:|1700957693\n|switch|p1a: Clodsire|Clodsire, M, shiny|100\/100\n|move|p2a: Toxapex|Knock Off|p1a: Clodsire\n|-damage|p1a: Clodsire|92\/100\n|-enditem|p1a: Clodsire|Heavy-Duty Boots|[from] move: Knock Off|[of] p2a: Toxapex\n|\n|-weather|RainDance|[upkeep]\n|-damage|p2a: Toxapex|58\/100 brn|[from] brn\n|upkeep\n|turn|33\n|\n|t:|1700957709\n|switch|p2a: Blissey|Blissey, F|50\/100\n|switch|p1a: Tapu Koko|Tapu Koko|94\/100\n|-damage|p1a: Tapu Koko|82\/100|[from] Spikes\n|-fieldstart|move: Electric Terrain|[from] ability: Electric Surge|[of] p1a: Tapu Koko\n|\n|-weather|RainDance|[upkeep]\n|upkeep\n|turn|34\n|\n|t:|1700957722\n|move|p1a: Tapu Koko|U-turn|p2a: Blissey\n|-damage|p2a: Blissey|23\/100\n|\n|t:|1700957730\n|switch|p1a: Barraskewda|Barraskewda, M, shiny|76\/100|[from] U-turn\n|-damage|p1a: Barraskewda|64\/100|[from] Spikes\n|move|p2a: Blissey|Soft-Boiled|p2a: Blissey\n|-heal|p2a: Blissey|73\/100\n|\n|-weather|RainDance|[upkeep]\n|upkeep\n|turn|35\n|\n|t:|1700957741\n|switch|p2a: Toxapex|Toxapex, M|91\/100 brn\n|move|p1a: Barraskewda|Liquidation|p2a: Toxapex\n|-resisted|p2a: Toxapex\n|-damage|p2a: Toxapex|60\/100 brn\n|\n|-weather|RainDance|[upkeep]\n|-damage|p2a: Toxapex|54\/100 brn|[from] brn\n|upkeep\n|turn|36\n|\n|t:|1700957756\n|switch|p1a: Iron Valiant|Iron Valiant|91\/100\n|-damage|p1a: Iron Valiant|78\/100|[from] Spikes\n|-activate|p1a: Iron Valiant|ability: Quark Drive\n|-start|p1a: Iron Valiant|quarkdrivespe\n|move|p2a: Toxapex|Recover|p2a: Toxapex\n|-heal|p2a: Toxapex|100\/100 brn\n|\n|-weather|none\n|-damage|p2a: Toxapex|95\/100 brn|[from] brn\n|upkeep\n|turn|37\n|\n|t:|1700957770\n|switch|p2a: Gliscor|Gliscor, M|95\/100 tox\n|-damage|p2a: Gliscor|83\/100 tox|[from] Stealth Rock\n|move|p1a: Iron Valiant|Thunderbolt|p2a: Gliscor\n|-immune|p2a: Gliscor\n|\n|-heal|p2a: Gliscor|95\/100 tox|[from] ability: Poison Heal\n|-fieldend|move: Electric Terrain\n|-end|p1a: Iron Valiant|Quark Drive\n|upkeep\n|turn|38\n|\n|t:|1700957781\n|move|p1a: Iron Valiant|Moonblast|p2a: Gliscor\n|-damage|p2a: Gliscor|25\/100 tox\n|-damage|p1a: Iron Valiant|69\/100|[from] item: Life Orb\n|move|p2a: Gliscor|Earthquake|p1a: Iron Valiant\n|-damage|p1a: Iron Valiant|24\/100\n|\n|-heal|p2a: Gliscor|37\/100 tox|[from] ability: Poison Heal\n|upkeep\n|turn|39\n|\n|t:|1700957791\n|move|p2a: Gliscor|Protect|p2a: Gliscor\n|-singleturn|p2a: Gliscor|Protect\n|move|p1a: Iron Valiant|Moonblast|p2a: Gliscor\n|-activate|p2a: Gliscor|move: Protect\n|\n|-heal|p2a: Gliscor|50\/100 tox|[from] ability: Poison Heal\n|upkeep\n|turn|40\n|\n|t:|1700957807\n|switch|p2a: Corviknight|Corviknight, M|90\/100\n|-damage|p2a: Corviknight|78\/100|[from] Stealth Rock\n|-ability|p2a: Corviknight|Pressure\n|move|p1a: Iron Valiant|Moonblast|p2a: Corviknight\n|-resisted|p2a: Corviknight\n|-damage|p2a: Corviknight|56\/100\n|-damage|p1a: Iron Valiant|14\/100|[from] item: Life Orb\n|\n|-heal|p2a: Corviknight|62\/100|[from] item: Leftovers\n|upkeep\n|turn|41\n|\n|t:|1700957820\n|move|p2a: Corviknight|Protect|p2a: Corviknight\n|-singleturn|p2a: Corviknight|Protect\n|move|p1a: Iron Valiant|Thunderbolt|p2a: Corviknight\n|-activate|p2a: Corviknight|move: Protect\n|\n|-heal|p2a: Corviknight|69\/100|[from] item: Leftovers\n|upkeep\n|turn|42\n|\n|t:|1700957828\n|move|p1a: Iron Valiant|Thunderbolt|p2a: Corviknight\n|-supereffective|p2a: Corviknight\n|-damage|p2a: Corviknight|15\/100\n|-damage|p1a: Iron Valiant|5\/100|[from] item: Life Orb\n|move|p2a: Corviknight|Roost|p2a: Corviknight\n|-heal|p2a: Corviknight|65\/100\n|-singleturn|p2a: Corviknight|move: Roost\n|\n|-heal|p2a: Corviknight|71\/100|[from] item: Leftovers\n|upkeep\n|turn|43\n|\n|t:|1700957839\n|move|p2a: Corviknight|Protect|p2a: Corviknight\n|-singleturn|p2a: Corviknight|Protect\n|move|p1a: Iron Valiant|Thunderbolt|p2a: Corviknight\n|-activate|p2a: Corviknight|move: Protect\n|\n|-heal|p2a: Corviknight|77\/100|[from] item: Leftovers\n|upkeep\n|turn|44\n|\n|t:|1700957847\n|move|p1a: Iron Valiant|Thunderbolt|p2a: Corviknight\n|-supereffective|p2a: Corviknight\n|-damage|p2a: Corviknight|25\/100\n|-damage|p1a: Iron Valiant|0 fnt|[from] item: Life Orb\n|faint|p1a: Iron Valiant\n|-end|p1a: Iron Valiant|Quark Drive|[silent]\n|move|p2a: Corviknight|Roost|p2a: Corviknight\n|-heal|p2a: Corviknight|75\/100\n|-singleturn|p2a: Corviknight|move: Roost\n|\n|-heal|p2a: Corviknight|81\/100|[from] item: Leftovers\n|upkeep\n|\n|t:|1700957860\n|switch|p1a: Tapu Koko|Tapu Koko|82\/100\n|-damage|p1a: Tapu Koko|69\/100|[from] Spikes\n|-fieldstart|move: Electric Terrain|[from] ability: Electric Surge|[of] p1a: Tapu Koko\n|turn|45\n|\n|t:|1700957869\n|move|p2a: Corviknight|Protect|p2a: Corviknight\n|-singleturn|p2a: Corviknight|Protect\n|move|p1a: Tapu Koko|Thunder|p2a: Corviknight\n|-activate|p2a: Corviknight|move: Protect\n|\n|-heal|p2a: Corviknight|88\/100|[from] item: Leftovers\n|upkeep\n|turn|46\n|\n|t:|1700957878\n|switch|p2a: Tyranitar|Tyranitar-Mega, M|52\/100\n|-damage|p2a: Tyranitar|39\/100|[from] Stealth Rock\n|-weather|Sandstorm|[from] ability: Sand Stream|[of] p2a: Tyranitar\n|move|p1a: Tapu Koko|Thunder|p2a: Tyranitar|[miss]\n|-miss|p1a: Tapu Koko|p2a: Tyranitar\n|\n|-weather|Sandstorm|[upkeep]\n|-damage|p1a: Tapu Koko|63\/100|[from] Sandstorm\n|upkeep\n|turn|47\n|\n|t:|1700957889\n|move|p1a: Tapu Koko|U-turn|p2a: Tyranitar\n|-supereffective|p2a: Tyranitar\n|-damage|p2a: Tyranitar|22\/100\n|\n|t:|1700957892\n|switch|p1a: Scizor|Scizor-Mega, F|91\/100|[from] U-turn\n|-damage|p1a: Scizor|78\/100|[from] Spikes\n|move|p2a: Tyranitar|Rest||[still]\n|-activate|p2a: Tyranitar|move: Electric Terrain\n|-fail|p2a: Tyranitar\n|\n|-weather|Sandstorm|[upkeep]\n|upkeep\n|turn|48\n|\n|t:|1700957905\n|move|p1a: Scizor|Bullet Punch|p2a: Tyranitar\n|-supereffective|p2a: Tyranitar\n|-damage|p2a: Tyranitar|0 fnt\n|faint|p2a: Tyranitar\n|\n|-weather|Sandstorm|[upkeep]\n|upkeep\n|\n|t:|1700957910\n|switch|p2a: Dondozo|Dondozo, M|92\/100\n|turn|49\n|\n|t:|1700957917\n|switch|p1a: Clodsire|Clodsire, M, shiny|92\/100\n|-damage|p1a: Clodsire|80\/100|[from] Spikes\n|move|p2a: Dondozo|Curse|p2a: Dondozo\n|-unboost|p2a: Dondozo|spe|1\n|-boost|p2a: Dondozo|atk|1\n|-boost|p2a: Dondozo|def|1\n|\n|-weather|Sandstorm|[upkeep]\n|-damage|p2a: Dondozo|85\/100|[from] Sandstorm\n|-fieldend|move: Electric Terrain\n|upkeep\n|turn|50\n|\n|t:|1700957928\n|switch|p2a: Gliscor|Gliscor, M|50\/100 tox\n|-damage|p2a: Gliscor|37\/100 tox|[from] Stealth Rock\n|move|p1a: Clodsire|Poison Jab|p2a: Gliscor\n|-resisted|p2a: Gliscor\n|-damage|p2a: Gliscor|31\/100 tox\n|\n|-weather|none\n|-heal|p2a: Gliscor|43\/100 tox|[from] ability: Poison Heal\n|upkeep\n|turn|51\n|\n|t:|1700957939\n|switch|p1a: Scizor|Scizor-Mega, F|78\/100\n|-damage|p1a: Scizor|66\/100|[from] Spikes\n|move|p2a: Gliscor|Earthquake|p1a: Scizor\n|-damage|p1a: Scizor|40\/100\n|\n|-heal|p2a: Gliscor|56\/100 tox|[from] ability: Poison Heal\n|upkeep\n|turn|52\n|\n|t:|1700957949\n|move|p2a: Gliscor|Earthquake|p1a: Scizor\n|-damage|p1a: Scizor|17\/100\n|move|p1a: Scizor|Roost|p1a: Scizor\n|-heal|p1a: Scizor|67\/100\n|-singleturn|p1a: Scizor|move: Roost\n|\n|-heal|p2a: Gliscor|68\/100 tox|[from] ability: Poison Heal\n|upkeep\n|turn|53\n|\n|t:|1700957957\n|switch|p2a: Dondozo|Dondozo, M|85\/100\n|move|p1a: Scizor|Roost|p1a: Scizor\n|-heal|p1a: Scizor|100\/100\n|-singleturn|p1a: Scizor|move: Roost\n|\n|upkeep\n|turn|54\n|\n|t:|1700957964\n|switch|p1a: Tapu Koko|Tapu Koko|63\/100\n|-damage|p1a: Tapu Koko|51\/100|[from] Spikes\n|-fieldstart|move: Electric Terrain|[from] ability: Electric Surge|[of] p1a: Tapu Koko\n|move|p2a: Dondozo|Curse|p2a: Dondozo\n|-unboost|p2a: Dondozo|spe|1\n|-boost|p2a: Dondozo|atk|1\n|-boost|p2a: Dondozo|def|1\n|\n|upkeep\n|turn|55\n|\n|t:|1700957980\n|switch|p2a: Blissey|Blissey, F|73\/100\n|move|p1a: Tapu Koko|Roost|p1a: Tapu Koko\n|-heal|p1a: Tapu Koko|100\/100\n|-singleturn|p1a: Tapu Koko|move: Roost\n|\n|upkeep\n|turn|56\n|\n|t:|1700957987\n|move|p1a: Tapu Koko|U-turn|p2a: Blissey\n|-damage|p2a: Blissey|48\/100\n|\n|t:|1700957990\n|switch|p1a: Scizor|Scizor-Mega, F|100\/100|[from] U-turn\n|-damage|p1a: Scizor|88\/100|[from] Spikes\n|move|p2a: Blissey|Stealth Rock|p1a: Scizor\n|-sidestart|p1: thatsmeargle|move: Stealth Rock\n|\n|upkeep\n|turn|57\n|\n|t:|1700957999\n|switch|p2a: Corviknight|Corviknight, M|88\/100\n|-damage|p2a: Corviknight|75\/100|[from] Stealth Rock\n|-ability|p2a: Corviknight|Pressure\n|move|p1a: Scizor|Close Combat|p2a: Corviknight\n|-damage|p2a: Corviknight|32\/100\n|-unboost|p1a: Scizor|def|1\n|-unboost|p1a: Scizor|spd|1\n|\n|-heal|p2a: Corviknight|38\/100|[from] item: Leftovers\n|upkeep\n|turn|58\n|\n|t:|1700958012\n|move|p2a: Corviknight|Protect|p2a: Corviknight\n|-singleturn|p2a: Corviknight|Protect\n|move|p1a: Scizor|Close Combat|p2a: Corviknight\n|-activate|p2a: Corviknight|move: Protect\n|\n|-heal|p2a: Corviknight|44\/100|[from] item: Leftovers\n|-fieldend|move: Electric Terrain\n|upkeep\n|turn|59\n|\n|t:|1700958021\n|switch|p2a: Gliscor|Gliscor, M|68\/100 tox\n|-damage|p2a: Gliscor|56\/100 tox|[from] Stealth Rock\n|move|p1a: Scizor|Swords Dance|p1a: Scizor\n|-boost|p1a: Scizor|atk|2\n|\n|-heal|p2a: Gliscor|68\/100 tox|[from] ability: Poison Heal\n|upkeep\n|turn|60\n|\n|t:|1700958033\n|switch|p2a: Dondozo|Dondozo, M|85\/100\n|move|p1a: Scizor|Bullet Punch|p2a: Dondozo\n|-resisted|p2a: Dondozo\n|-damage|p2a: Dondozo|77\/100\n|\n|upkeep\n|turn|61\n|\n|t:|1700958041\n|switch|p1a: Tapu Koko|Tapu Koko|100\/100\n|-damage|p1a: Tapu Koko|88\/100|[from] Spikes\n|-damage|p1a: Tapu Koko|75\/100|[from] Stealth Rock\n|-fieldstart|move: Electric Terrain|[from] ability: Electric Surge|[of] p1a: Tapu Koko\n|move|p2a: Dondozo|Body Press|p1a: Tapu Koko\n|-resisted|p1a: Tapu Koko\n|-damage|p1a: Tapu Koko|60\/100\n|\n|upkeep\n|turn|62\n|\n|t:|1700958054\n|switch|p2a: Corviknight|Corviknight, M|44\/100\n|-damage|p2a: Corviknight|32\/100|[from] Stealth Rock\n|-ability|p2a: Corviknight|Pressure\n|move|p1a: Tapu Koko|Roost|p1a: Tapu Koko\n|-heal|p1a: Tapu Koko|100\/100\n|-singleturn|p1a: Tapu Koko|move: Roost\n|\n|-heal|p2a: Corviknight|38\/100|[from] item: Leftovers\n|upkeep\n|turn|63\n|\n|t:|1700958066\n|move|p2a: Corviknight|Protect|p2a: Corviknight\n|-singleturn|p2a: Corviknight|Protect\n|move|p1a: Tapu Koko|Thunder|p2a: Corviknight\n|-activate|p2a: Corviknight|move: Protect\n|\n|-heal|p2a: Corviknight|44\/100|[from] item: Leftovers\n|upkeep\n|turn|64\n|\n|t:|1700958077\n|-terastallize|p2a: Corviknight|Dragon\n|move|p1a: Tapu Koko|Thunder|p2a: Corviknight\n|-resisted|p2a: Corviknight\n|-crit|p2a: Corviknight\n|-damage|p2a: Corviknight|21\/100\n|-status|p2a: Corviknight|par\n|move|p2a: Corviknight|Roost|p2a: Corviknight\n|-heal|p2a: Corviknight|71\/100 par\n|\n|-heal|p2a: Corviknight|77\/100 par|[from] item: Leftovers\n|upkeep\n|turn|65\n|\n|t:|1700958089\n|move|p1a: Tapu Koko|Hidden Power|p2a: Corviknight\n|-supereffective|p2a: Corviknight\n|-damage|p2a: Corviknight|60\/100 par\n|cant|p2a: Corviknight|par\n|\n|-heal|p2a: Corviknight|66\/100 par|[from] item: Leftovers\n|-fieldend|move: Electric Terrain\n|upkeep\n|turn|66\n|\n|t:|1700958104\n|move|p1a: Tapu Koko|Thunder|p2a: Corviknight\n|-resisted|p2a: Corviknight\n|-crit|p2a: Corviknight\n|-damage|p2a: Corviknight|48\/100 par\n|move|p2a: Corviknight|Roost|p2a: Corviknight\n|-heal|p2a: Corviknight|98\/100 par\n|\n|-heal|p2a: Corviknight|100\/100 par|[from] item: Leftovers\n|upkeep\n|turn|67\n|\n|t:|1700958114\n|move|p1a: Tapu Koko|U-turn|p2a: Corviknight\n|-damage|p2a: Corviknight|87\/100 par\n|\n|t:|1700958116\n|switch|p1a: Scizor|Scizor-Mega, F|88\/100|[from] U-turn\n|-damage|p1a: Scizor|76\/100|[from] Spikes\n|-damage|p1a: Scizor|64\/100|[from] Stealth Rock\n|cant|p2a: Corviknight|par\n|\n|-heal|p2a: Corviknight|93\/100 par|[from] item: Leftovers\n|upkeep\n|turn|68\n|\n|t:|1700958127\n|switch|p2a: Dondozo|Dondozo, M|77\/100\n|move|p1a: Scizor|Roost|p1a: Scizor\n|-heal|p1a: Scizor|100\/100\n|-singleturn|p1a: Scizor|move: Roost\n|\n|upkeep\n|turn|69\n|\n|t:|1700958134\n|switch|p1a: Tapu Koko|Tapu Koko|100\/100\n|-damage|p1a: Tapu Koko|88\/100|[from] Spikes\n|-damage|p1a: Tapu Koko|75\/100|[from] Stealth Rock\n|-fieldstart|move: Electric Terrain|[from] ability: Electric Surge|[of] p1a: Tapu Koko\n|move|p2a: Dondozo|Curse|p2a: Dondozo\n|-unboost|p2a: Dondozo|spe|1\n|-boost|p2a: Dondozo|atk|1\n|-boost|p2a: Dondozo|def|1\n|\n|upkeep\n|turn|70\n|j| NDSNEZ artymas\n|\n|t:|1700958145\n|switch|p2a: Blissey|Blissey, F|48\/100\n|move|p1a: Tapu Koko|Thunder|p2a: Blissey|[miss]\n|-miss|p1a: Tapu Koko|p2a: Blissey\n|\n|upkeep\n|turn|71\n|l| NDSNEZ artymas\n|\n|t:|1700958154\n|move|p1a: Tapu Koko|U-turn|p2a: Blissey\n|-damage|p2a: Blissey|20\/100\n|\n|t:|1700958157\n|switch|p1a: Scizor|Scizor-Mega, F|100\/100|[from] U-turn\n|-damage|p1a: Scizor|88\/100|[from] Spikes\n|-damage|p1a: Scizor|76\/100|[from] Stealth Rock\n|move|p2a: Blissey|Soft-Boiled|p2a: Blissey\n|-heal|p2a: Blissey|70\/100\n|\n|upkeep\n|turn|72\n|\n|t:|1700958167\n|switch|p2a: Gliscor|Gliscor, M|68\/100 tox\n|-damage|p2a: Gliscor|56\/100 tox|[from] Stealth Rock\n|move|p1a: Scizor|Close Combat|p2a: Gliscor\n|-resisted|p2a: Gliscor\n|-damage|p2a: Gliscor|40\/100 tox\n|-unboost|p1a: Scizor|def|1\n|-unboost|p1a: Scizor|spd|1\n|\n|-heal|p2a: Gliscor|52\/100 tox|[from] ability: Poison Heal\n|upkeep\n|turn|73\n|\n|t:|1700958181\n|move|p2a: Gliscor|Earthquake|p1a: Scizor\n|-damage|p1a: Scizor|37\/100\n|move|p1a: Scizor|Swords Dance|p1a: Scizor\n|-boost|p1a: Scizor|atk|2\n|\n|-heal|p2a: Gliscor|65\/100 tox|[from] ability: Poison Heal\n|-fieldend|move: Electric Terrain\n|upkeep\n|turn|74\n|\n|t:|1700958202\n|move|p2a: Gliscor|Protect|p2a: Gliscor\n|-singleturn|p2a: Gliscor|Protect\n|move|p1a: Scizor|Bullet Punch|p2a: Gliscor\n|-activate|p2a: Gliscor|move: Protect\n|\n|-heal|p2a: Gliscor|77\/100 tox|[from] ability: Poison Heal\n|upkeep\n|turn|75\n|\n|t:|1700958211\n|move|p1a: Scizor|Bullet Punch|p2a: Gliscor\n|-damage|p2a: Gliscor|32\/100 tox\n|move|p2a: Gliscor|Earthquake|p1a: Scizor\n|-damage|p1a: Scizor|0 fnt\n|faint|p1a: Scizor\n|\n|-heal|p2a: Gliscor|45\/100 tox|[from] ability: Poison Heal\n|upkeep\n|c|\u2606NDSNEZyedropwhen|gg\n|\n|t:|1700958220\n|switch|p1a: Tapu Koko|Tapu Koko|75\/100\n|-damage|p1a: Tapu Koko|63\/100|[from] Spikes\n|-damage|p1a: Tapu Koko|50\/100|[from] Stealth Rock\n|-fieldstart|move: Electric Terrain|[from] ability: Electric Surge|[of] p1a: Tapu Koko\n|turn|76\n|\n|t:|1700958229\n|move|p2a: Gliscor|Protect|p2a: Gliscor\n|-singleturn|p2a: Gliscor|Protect\n|move|p1a: Tapu Koko|Thunder|p2a: Gliscor\n|-activate|p2a: Gliscor|move: Protect\n|\n|-heal|p2a: Gliscor|57\/100 tox|[from] ability: Poison Heal\n|upkeep\n|turn|77\n|\n|t:|1700958238\n|switch|p2a: Blissey|Blissey, F|70\/100\n|move|p1a: Tapu Koko|Hidden Power|p2a: Blissey\n|-damage|p2a: Blissey|67\/100\n|\n|upkeep\n|turn|78\n|\n|t:|1700958244\n|move|p1a: Tapu Koko|Roost|p1a: Tapu Koko\n|-heal|p1a: Tapu Koko|100\/100\n|-singleturn|p1a: Tapu Koko|move: Roost\n|move|p2a: Blissey|Soft-Boiled|p2a: Blissey\n|-heal|p2a: Blissey|100\/100\n|\n|upkeep\n|turn|79\n|\n|t:|1700958250\n|move|p1a: Tapu Koko|U-turn|p2a: Blissey\n|-damage|p2a: Blissey|73\/100\n|\n|t:|1700958255\n|switch|p1a: Barraskewda|Barraskewda, M, shiny|64\/100|[from] U-turn\n|-damage|p1a: Barraskewda|52\/100|[from] Spikes\n|-damage|p1a: Barraskewda|40\/100|[from] Stealth Rock\n|move|p2a: Blissey|Seismic Toss|p1a: Barraskewda\n|-damage|p1a: Barraskewda|2\/100\n|\n|upkeep\n|turn|80\n|\n|t:|1700958267\n|switch|p2a: Toxapex|Toxapex, M|100\/100 brn\n|move|p1a: Barraskewda|Liquidation|p2a: Toxapex\n|-resisted|p2a: Toxapex\n|-damage|p2a: Toxapex|79\/100 brn\n|\n|-damage|p2a: Toxapex|73\/100 brn|[from] brn\n|-fieldend|move: Electric Terrain\n|upkeep\n|turn|81\n|-message|thatsmeargle forfeited.\n|\n|win|NDSNEZyedropwhen\n|raw|thatsmeargle's rating: 1550 &rarr; <strong>1533<\/strong><br \/>(-17 for losing)\n|raw|NDSNEZyedropwhen's rating: 1601 &rarr; <strong>1618<\/strong><br \/>(+17 for winning)\n|l|\u2606thatsmeargle\n","uploadtime":1700958281,"views":1,"p1id":"thatsmeargle","p2id":"ndsnezyedropwhen","formatid":"gen9nationaldex","rating":1533,"private":0,"password":""}