{"id":"gen9nationaldex-1998803482","p1":"xiaorenren","p2":"xinxinguangcan","format":"[Gen 9] National Dex","log":"|html|<div class=\"broadcast-blue\"><strong>[Gen 9] National Dex is currently suspecting Sneasler! For information on how to participate check out the <a href=\"https:\/\/www.smogon.com\/forums\/threads\/sv-national-dex-suspect-8-just-dance.3731534\/\">suspect thread<\/a>.<\/strong><\/div>\n|j|\u2606xiaorenren\n|j|\u2606xinxinguangcan\n|t:|1700994196\n|gametype|singles\n|player|p1|xiaorenren|101|1043\n|player|p2|xinxinguangcan|170|1131\n|teamsize|p1|6\n|teamsize|p2|6\n|gen|9\n|tier|[Gen 9] National Dex\n|rated|\n|rule|HP Percentage Mod: HP is shown in percentages\n|rule|Endless Battle Clause: Forcing endless battles is banned\n|rule|OHKO Clause: OHKO moves are banned\n|rule|Evasion Clause: Evasion abilities, items, and moves are banned\n|rule|Evasion Abilities Clause: Evasion abilities are banned\n|rule|Evasion Items Clause: Evasion items are banned\n|rule|Evasion Moves Clause: Evasion moves are banned\n|rule|Species Clause: Limit one of each Pok\u00e9mon\n|rule|Sleep Clause Mod: Limit one foe put to sleep\n|clearpoke\n|poke|p1|Maushold-Four|\n|poke|p1|Cinderace, M|\n|poke|p1|Ribombee, F|\n|poke|p1|Pawmot, M|\n|poke|p1|Rabsca, F|\n|poke|p1|Volcanion|\n|poke|p2|Glimmora, F|\n|poke|p2|Weezing-Galar, F|\n|poke|p2|Iron Moth|\n|poke|p2|Clodsire, M|\n|poke|p2|Sneasler, F|\n|poke|p2|Amoonguss, M|\n|teampreview\n|inactive|Battle timer is ON: inactive players will automatically lose when time's up. (requested by xinxinguangcan)\n|\n|t:|1700994219\n|start\n|switch|p1a: Ribombee|Ribombee, F|100\/100\n|switch|p2a: Glimmora|Glimmora, F|100\/100\n|turn|1\n|\n|t:|1700994242\n|move|p1a: Ribombee|Sticky Web|p2a: Glimmora\n|-sidestart|p2: xinxinguangcan|move: Sticky Web\n|move|p2a: Glimmora|Mortal Spin|p1a: Ribombee\n|-supereffective|p1a: Ribombee\n|-damage|p1a: Ribombee|74\/100\n|-sideend|p2: xinxinguangcan|Sticky Web|[from] move: Mortal Spin|[of] p2a: Glimmora\n|\n|upkeep\n|turn|2\n|\n|t:|1700994250\n|move|p1a: Ribombee|Trick|p2a: Glimmora\n|-activate|p1a: Ribombee|move: Trick|[of] p2a: Glimmora\n|-item|p2a: Glimmora|Ultra Ball|[from] move: Trick\n|-item|p1a: Ribombee|Focus Sash|[from] move: Trick\n|move|p2a: Glimmora|Stealth Rock|p1a: Ribombee\n|-sidestart|p1: xiaorenren|move: Stealth Rock\n|\n|upkeep\n|turn|3\n|\n|t:|1700994260\n|move|p1a: Ribombee|U-turn|p2a: Glimmora\n|-resisted|p2a: Glimmora\n|-damage|p2a: Glimmora|94\/100\n|-activate|p2a: Glimmora|ability: Toxic Debris\n|-sidestart|p1: xiaorenren|move: Toxic Spikes\n|\n|t:|1700994264\n|switch|p1a: Volcanion|Volcanion|100\/100|[from] U-turn\n|-damage|p1a: Volcanion|76\/100|[from] Stealth Rock\n|-status|p1a: Volcanion|psn\n|move|p2a: Glimmora|Mortal Spin|p1a: Volcanion\n|-damage|p1a: Volcanion|69\/100 psn\n|\n|-damage|p1a: Volcanion|56\/100 psn|[from] psn\n|upkeep\n|turn|4\n|\n|t:|1700994279\n|move|p2a: Glimmora|Spiky Shield|p2a: Glimmora\n|-singleturn|p2a: Glimmora|move: Protect\n|move|p1a: Volcanion|Steam Eruption|p2a: Glimmora\n|-activate|p2a: Glimmora|move: Protect\n|\n|-damage|p1a: Volcanion|44\/100 psn|[from] psn\n|upkeep\n|turn|5\n|\n|t:|1700994295\n|move|p2a: Glimmora|Spiky Shield|p2a: Glimmora\n|-singleturn|p2a: Glimmora|move: Protect\n|move|p1a: Volcanion|Steam Eruption|p2a: Glimmora\n|-activate|p2a: Glimmora|move: Protect\n|\n|-damage|p1a: Volcanion|32\/100 psn|[from] psn\n|upkeep\n|turn|6\n|\n|t:|1700994317\n|move|p2a: Glimmora|Spiky Shield||[still]\n|-fail|p2a: Glimmora\n|move|p1a: Volcanion|Steam Eruption|p2a: Glimmora\n|-supereffective|p2a: Glimmora\n|-damage|p2a: Glimmora|0 fnt\n|faint|p2a: Glimmora\n|\n|-damage|p1a: Volcanion|19\/100 psn|[from] psn\n|upkeep\n|\n|t:|1700994329\n|switch|p2a: Amoonguss|Amoonguss, M|100\/100\n|turn|7\n|\n|t:|1700994342\n|move|p1a: Volcanion|Explosion|p2a: Amoonguss\n|-damage|p2a: Amoonguss|53\/100\n|faint|p1a: Volcanion\n|move|p2a: Amoonguss|Sludge Bomb|p1: Volcanion|[notarget]\n|-fail|p2a: Amoonguss\n|\n|upkeep\n|\n|t:|1700994356\n|switch|p1a: Pawmot|Pawmot, M|100\/100\n|-damage|p1a: Pawmot|94\/100|[from] Stealth Rock\n|-status|p1a: Pawmot|psn\n|turn|8\n|\n|t:|1700994367\n|move|p1a: Pawmot|Revival Blessing|p1a: Pawmot\n|-enditem|p1a: Pawmot|Leppa Berry|[eat]\n|-activate|p1a: Pawmot|item: Leppa Berry|Revival Blessing|[consumed]\n|\n|t:|1700994370\n|-heal|p1: Volcanion|50\/100|[from] move: Revival Blessing\n|move|p2a: Amoonguss|Sludge Bomb|p1a: Pawmot\n|-damage|p1a: Pawmot|45\/100 psn\n|\n|-damage|p1a: Pawmot|33\/100 psn|[from] psn\n|upkeep\n|turn|9\n|\n|t:|1700994381\n|switch|p1a: Volcanion|Volcanion|50\/100\n|-damage|p1a: Volcanion|25\/100|[from] Stealth Rock\n|-status|p1a: Volcanion|psn\n|move|p2a: Amoonguss|Giga Drain|p1a: Volcanion\n|-damage|p1a: Volcanion|7\/100 psn\n|-heal|p2a: Amoonguss|60\/100|[from] drain|[of] p1a: Volcanion\n|\n|-damage|p1a: Volcanion|0 fnt|[from] psn\n|faint|p1a: Volcanion\n|upkeep\n|\n|t:|1700994388\n|switch|p1a: Cinderace|Cinderace, M|100\/100\n|turn|10\n|\n|t:|1700994408\n|switch|p2a: Clodsire|Clodsire, M|100\/100\n|move|p1a: Cinderace|Pyro Ball|p2a: Clodsire\n|-damage|p2a: Clodsire|40\/100\n|\n|-heal|p2a: Clodsire|46\/100|[from] item: Leftovers\n|upkeep\n|turn|11\n|\n|t:|1700994418\n|move|p1a: Cinderace|Pyro Ball|p2a: Clodsire\n|-damage|p2a: Clodsire|0 fnt\n|faint|p2a: Clodsire\n|\n|upkeep\n|\n|t:|1700994423\n|switch|p2a: Sneasler|Sneasler, F|100\/100\n|turn|12\n|\n|t:|1700994441\n|move|p2a: Sneasler|Fake Out|p1a: Cinderace\n|-enditem|p2a: Sneasler|Normal Gem|[from] gem\n|-crit|p1a: Cinderace\n|-damage|p1a: Cinderace|61\/100\n|cant|p1a: Cinderace|flinch\n|\n|upkeep\n|turn|13\n|\n|t:|1700994450\n|-terastallize|p2a: Sneasler|Flying\n|move|p2a: Sneasler|Acrobatics|p1a: Cinderace\n|-damage|p1a: Cinderace|0 fnt\n|faint|p1a: Cinderace\n|\n|upkeep\n|\n|t:|1700994462\n|switch|p1a: Pawmot|Pawmot, M|33\/100 psn\n|-damage|p1a: Pawmot|27\/100 psn|[from] Stealth Rock\n|turn|14\n|\n|t:|1700994467\n|move|p1a: Pawmot|Fake Out|p2a: Sneasler\n|-damage|p2a: Sneasler|76\/100\n|cant|p2a: Sneasler|flinch\n|\n|-damage|p1a: Pawmot|14\/100 psn|[from] psn\n|upkeep\n|turn|15\n|\n|t:|1700994471\n|move|p2a: Sneasler|Acrobatics|p1a: Pawmot\n|-damage|p1a: Pawmot|0 fnt\n|faint|p1a: Pawmot\n|\n|upkeep\n|\n|t:|1700994477\n|switch|p1a: Maushold|Maushold-Four|100\/100\n|-damage|p1a: Maushold|88\/100|[from] Stealth Rock\n|-status|p1a: Maushold|psn\n|turn|16\n|\n|t:|1700994485\n|switch|p2a: Amoonguss|Amoonguss, M|93\/100\n|move|p1a: Maushold|Tidy Up|p1a: Maushold\n|-sideend|p1: xiaorenren|Toxic Spikes\n|-sideend|p1: xiaorenren|Stealth Rock\n|-activate|p1a: Maushold|move: Tidy Up\n|-boost|p1a: Maushold|atk|1\n|-boost|p1a: Maushold|spe|1\n|\n|-damage|p1a: Maushold|76\/100 psn|[from] psn\n|upkeep\n|turn|17\n|\n|t:|1700994494\n|move|p1a: Maushold|Population Bomb|p2a: Amoonguss\n|-damage|p2a: Amoonguss|79\/100\n|-damage|p1a: Maushold|59\/100 psn|[from] item: Rocky Helmet|[of] p2a: Amoonguss\n|-damage|p2a: Amoonguss|66\/100\n|-damage|p1a: Maushold|42\/100 psn|[from] item: Rocky Helmet|[of] p2a: Amoonguss\n|-damage|p2a: Amoonguss|54\/100\n|-damage|p1a: Maushold|26\/100 psn|[from] item: Rocky Helmet|[of] p2a: Amoonguss\n|-damage|p2a: Amoonguss|41\/100\n|-damage|p1a: Maushold|9\/100 psn|[from] item: Rocky Helmet|[of] p2a: Amoonguss\n|-damage|p2a: Amoonguss|29\/100\n|-damage|p1a: Maushold|0 fnt|[from] item: Rocky Helmet|[of] p2a: Amoonguss\n|faint|p1a: Maushold\n|-hitcount|p2a: Amoonguss|5\n|move|p2a: Amoonguss|Sludge Bomb|p1: Maushold|[notarget]\n|-fail|p2a: Amoonguss\n|\n|upkeep\n|\n|t:|1700994503\n|switch|p1a: Rabsca|Rabsca, F|100\/100\n|turn|18\n|\n|t:|1700994511\n|switch|p2a: Sneasler|Sneasler, F, tera:Flying|76\/100\n|move|p1a: Rabsca|Revival Blessing|p1a: Rabsca\n|\n|t:|1700994517\n|-heal|p1: Pawmot|50\/100|[from] move: Revival Blessing\n|\n|upkeep\n|turn|19\n|\n|t:|1700994532\n|move|p2a: Sneasler|Acrobatics|p1a: Rabsca\n|-supereffective|p1a: Rabsca\n|-damage|p1a: Rabsca|0 fnt\n|faint|p1a: Rabsca\n|\n|upkeep\n|\n|t:|1700994534\n|switch|p1a: Pawmot|Pawmot, M|50\/100\n|turn|20\n|\n|t:|1700994541\n|move|p1a: Pawmot|Fake Out|p2a: Sneasler\n|-damage|p2a: Sneasler|50\/100\n|cant|p2a: Sneasler|flinch\n|\n|upkeep\n|turn|21\n|\n|t:|1700994545\n|-terastallize|p1a: Pawmot|Electric\n|move|p2a: Sneasler|Acrobatics|p1a: Pawmot\n|-resisted|p1a: Pawmot\n|-damage|p1a: Pawmot|0 fnt\n|faint|p1a: Pawmot\n|\n|upkeep\n|-message|xiaorenren forfeited.\n|\n|win|xinxinguangcan\n|raw|xiaorenren's rating: 1043 &rarr; <strong>1031<\/strong><br \/>(-12 for losing)\n|raw|xinxinguangcan's rating: 1131 &rarr; <strong>1150<\/strong><br \/>(+19 for winning)\n|l|\u2606xiaorenren\n","uploadtime":1700994553,"views":6,"p1id":"xiaorenren","p2id":"xinxinguangcan","formatid":"gen9nationaldex","rating":1031,"private":0,"password":""}