{"id":"gen9nationaldex-1999952073","p1":"waterbytes","p2":"AerBlaziken","format":"[Gen 9] National Dex","log":"|html|<div class=\"broadcast-blue\"><strong>[Gen 9] National Dex is currently suspecting Sneasler! For information on how to participate check out the <a href=\"https:\/\/www.smogon.com\/forums\/threads\/sv-national-dex-suspect-8-just-dance.3731534\/\">suspect thread<\/a>.<\/strong><\/div>\n|j|\u2606waterbytes\n|j|\u2606AerBlaziken\n|t:|1701133865\n|gametype|singles\n|player|p1|waterbytes|lusamine-masters|1368\n|player|p2|AerBlaziken|hexmaniac-gen6|1353\n|teamsize|p1|6\n|teamsize|p2|6\n|gen|9\n|tier|[Gen 9] National Dex\n|rated|\n|rule|HP Percentage Mod: HP is shown in percentages\n|rule|Endless Battle Clause: Forcing endless battles is banned\n|rule|OHKO Clause: OHKO moves are banned\n|rule|Evasion Clause: Evasion abilities, items, and moves are banned\n|rule|Evasion Abilities Clause: Evasion abilities are banned\n|rule|Evasion Items Clause: Evasion items are banned\n|rule|Evasion Moves Clause: Evasion moves are banned\n|rule|Species Clause: Limit one of each Pok\u00e9mon\n|rule|Sleep Clause Mod: Limit one foe put to sleep\n|clearpoke\n|poke|p1|Blacephalon|\n|poke|p1|Gliscor, M|\n|poke|p1|Ferrothorn, M|\n|poke|p1|Rotom-Wash|\n|poke|p1|Lopunny, F|\n|poke|p1|Samurott-Hisui, M|\n|poke|p2|Ogerpon-Wellspring, F|\n|poke|p2|Hatterene, F|\n|poke|p2|Cinderace, M|\n|poke|p2|Tyranitar, F|\n|poke|p2|Noivern, M|\n|poke|p2|Thundurus-Therian, M|\n|teampreview\n|\n|t:|1701133872\n|start\n|switch|p1a: Chief Spartan|Samurott-Hisui, M|100\/100\n|switch|p2a: zeus\u2026ZEUS!|Thundurus-Therian, M|100\/100\n|turn|1\n|\n|t:|1701133878\n|move|p2a: zeus\u2026ZEUS!|Volt Switch|p1a: Chief Spartan\n|-supereffective|p1a: Chief Spartan\n|-damage|p1a: Chief Spartan|0 fnt\n|faint|p1a: Chief Spartan\n|\n|t:|1701133888\n|switch|p2a: Dragula|Noivern, M|100\/100|[from] Volt Switch\n|\n|upkeep\n|\n|t:|1701133900\n|switch|p1a: BoogieBoard|Lopunny, F|100\/100\n|turn|2\n|\n|t:|1701133909\n|switch|p2a: zeus\u2026ZEUS!|Thundurus-Therian, M|100\/100\n|detailschange|p1a: BoogieBoard|Lopunny-Mega, F\n|-mega|p1a: BoogieBoard|Lopunny|Lopunnite\n|move|p1a: BoogieBoard|Fake Out|p2a: zeus\u2026ZEUS!\n|-damage|p2a: zeus\u2026ZEUS!|68\/100\n|\n|upkeep\n|turn|3\n|\n|t:|1701133921\n|move|p2a: zeus\u2026ZEUS!|Thunderbolt|p1a: BoogieBoard\n|-damage|p1a: BoogieBoard|33\/100\n|move|p1a: BoogieBoard|Frustration|p2a: zeus\u2026ZEUS!\n|-damage|p2a: zeus\u2026ZEUS!|0 fnt\n|faint|p2a: zeus\u2026ZEUS!\n|\n|upkeep\n|\n|t:|1701133933\n|switch|p2a: Cinnamon|Cinderace, M|100\/100\n|turn|4\n|\n|t:|1701133940\n|switch|p1a: Evil Clown|Blacephalon|100\/100\n|move|p2a: Cinnamon|Pyro Ball|p1a: Evil Clown|[miss]\n|-miss|p2a: Cinnamon|p1a: Evil Clown\n|\n|upkeep\n|turn|5\n|\n|t:|1701133947\n|move|p1a: Evil Clown|Shadow Ball|p2a: Cinnamon\n|-damage|p2a: Cinnamon|37\/100\n|move|p2a: Cinnamon|U-turn|p1a: Evil Clown\n|-start|p2a: Cinnamon|typechange|Bug|[from] ability: Libero\n|-resisted|p1a: Evil Clown\n|-damage|p1a: Evil Clown|82\/100\n|\n|t:|1701133954\n|switch|p2a: ProtectTheLand|Tyranitar, F, shiny|100\/100|[from] U-turn\n|-weather|Sandstorm|[from] ability: Sand Stream|[of] p2a: ProtectTheLand\n|\n|-weather|Sandstorm|[upkeep]\n|-damage|p1a: Evil Clown|76\/100|[from] Sandstorm\n|upkeep\n|turn|6\n|\n|t:|1701133960\n|switch|p1a: Fancy Chef|Gliscor, M|100\/100\n|detailschange|p2a: ProtectTheLand|Tyranitar-Mega, F, shiny\n|-mega|p2a: ProtectTheLand|Tyranitar|Tyranitarite\n|move|p2a: ProtectTheLand|Earthquake|p1a: Fancy Chef\n|-immune|p1a: Fancy Chef\n|\n|-weather|Sandstorm|[upkeep]\n|-status|p1a: Fancy Chef|tox|[from] item: Toxic Orb\n|upkeep\n|turn|7\n|\n|t:|1701133966\n|move|p2a: ProtectTheLand|Dragon Dance|p2a: ProtectTheLand\n|-boost|p2a: ProtectTheLand|atk|1\n|-boost|p2a: ProtectTheLand|spe|1\n|move|p1a: Fancy Chef|Swords Dance|p1a: Fancy Chef\n|-boost|p1a: Fancy Chef|atk|2\n|\n|-weather|Sandstorm|[upkeep]\n|upkeep\n|turn|8\n|\n|t:|1701133972\n|move|p2a: ProtectTheLand|Knock Off|p1a: Fancy Chef\n|-damage|p1a: Fancy Chef|37\/100 tox\n|-enditem|p1a: Fancy Chef|Toxic Orb|[from] move: Knock Off|[of] p2a: ProtectTheLand\n|move|p1a: Fancy Chef|Earthquake|p2a: ProtectTheLand\n|-supereffective|p2a: ProtectTheLand\n|-damage|p2a: ProtectTheLand|19\/100\n|\n|-weather|Sandstorm|[upkeep]\n|-heal|p1a: Fancy Chef|50\/100 tox|[from] ability: Poison Heal\n|upkeep\n|turn|9\n|\n|t:|1701133988\n|move|p2a: ProtectTheLand|Stone Edge|p1a: Fancy Chef\n|-damage|p1a: Fancy Chef|0 fnt\n|faint|p1a: Fancy Chef\n|\n|-weather|none\n|upkeep\n|\n|t:|1701133991\n|switch|p1a: BoogieBoard|Lopunny-Mega, F|33\/100\n|turn|10\n|\n|t:|1701133995\n|move|p1a: BoogieBoard|Fake Out|p2a: ProtectTheLand\n|-resisted|p2a: ProtectTheLand\n|-damage|p2a: ProtectTheLand|12\/100\n|cant|p2a: ProtectTheLand|flinch\n|\n|upkeep\n|turn|11\n|\n|t:|1701134007\n|move|p1a: BoogieBoard|Frustration|p2a: ProtectTheLand\n|-resisted|p2a: ProtectTheLand\n|-damage|p2a: ProtectTheLand|0 fnt\n|faint|p2a: ProtectTheLand\n|\n|upkeep\n|\n|t:|1701134024\n|switch|p2a: Dragula|Noivern, M|100\/100\n|-item|p1a: BoogieBoard|Lopunnite|[from] ability: Frisk|[of] p2a: Dragula|[identify]\n|turn|12\n|\n|t:|1701134036\n|switch|p1a: Chef Laundry|Rotom-Wash|100\/100\n|move|p2a: Dragula|Boomburst|p1a: Chef Laundry\n|-damage|p1a: Chef Laundry|56\/100\n|-enditem|p2a: Dragula|Throat Spray\n|-boost|p2a: Dragula|spa|1|[from] item: Throat Spray\n|\n|-heal|p1a: Chef Laundry|62\/100|[from] item: Leftovers\n|upkeep\n|turn|13\n|\n|t:|1701134045\n|move|p2a: Dragula|Boomburst|p1a: Chef Laundry\n|-damage|p1a: Chef Laundry|0 fnt\n|faint|p1a: Chef Laundry\n|\n|upkeep\n|\n|t:|1701134047\n|switch|p1a: BoogieBoard|Lopunny-Mega, F|33\/100\n|turn|14\n|\n|t:|1701134052\n|move|p1a: BoogieBoard|Fake Out|p2a: Dragula\n|-damage|p2a: Dragula|74\/100\n|cant|p2a: Dragula|flinch\n|\n|upkeep\n|turn|15\n|\n|t:|1701134056\n|move|p1a: BoogieBoard|Frustration|p2a: Dragula\n|-damage|p2a: Dragula|8\/100\n|move|p2a: Dragula|Boomburst|p1a: BoogieBoard\n|-damage|p1a: BoogieBoard|0 fnt\n|faint|p1a: BoogieBoard\n|\n|upkeep\n|\n|t:|1701134059\n|switch|p1a: Evil Clown|Blacephalon|76\/100\n|turn|16\n|\n|t:|1701134064\n|-terastallize|p2a: Dragula|Normal\n|move|p1a: Evil Clown|Shadow Ball|p2a: Dragula\n|-immune|p2a: Dragula\n|move|p2a: Dragula|Dragon Pulse|p1a: Evil Clown\n|-damage|p1a: Evil Clown|0 fnt\n|faint|p1a: Evil Clown\n|\n|upkeep\n|\n|t:|1701134067\n|switch|p1a: Calling4Ferro|Ferrothorn, M|100\/100\n|turn|17\n|-message|waterbytes forfeited.\n|\n|win|AerBlaziken\n|raw|waterbytes's rating: 1368 &rarr; <strong>1347<\/strong><br \/>(-21 for losing)\n|raw|AerBlaziken's rating: 1353 &rarr; <strong>1374<\/strong><br \/>(+21 for winning)\n|l|\u2606waterbytes\n","uploadtime":1701134078,"views":9,"p1id":"waterbytes","p2id":"aerblaziken","formatid":"gen9nationaldex","rating":1347,"private":0,"password":""}