{"id":"gen9nationaldex-1992595030","p1":"Tokiwakano","p2":"Daimnik","format":"[Gen 9] National Dex","log":"|j|\u203dTokiwakano\n|j|\u2606Daimnik\n|t:|1700211819\n|gametype|singles\n|player|p1|Tokiwakano|caitlin|1642\n|player|p2|Daimnik|janitor|1790\n|teamsize|p1|6\n|teamsize|p2|6\n|gen|9\n|tier|[Gen 9] National Dex\n|rated|\n|rule|HP Percentage Mod: HP is shown in percentages\n|rule|Endless Battle Clause: Forcing endless battles is banned\n|rule|OHKO Clause: OHKO moves are banned\n|rule|Evasion Clause: Evasion abilities, items, and moves are banned\n|rule|Evasion Abilities Clause: Evasion abilities are banned\n|rule|Evasion Items Clause: Evasion items are banned\n|rule|Evasion Moves Clause: Evasion moves are banned\n|rule|Species Clause: Limit one of each Pok\u00e9mon\n|rule|Sleep Clause Mod: Limit one foe put to sleep\n|clearpoke\n|poke|p1|Diancie|\n|poke|p1|Clodsire, M|\n|poke|p1|Urshifu-*, M|\n|poke|p1|Corviknight, F|\n|poke|p1|Ogerpon-Wellspring, F|\n|poke|p1|Heatran, M|\n|poke|p2|Iron Moth|\n|poke|p2|Greninja-*, M|\n|poke|p2|Breloom, F|\n|poke|p2|Iron Treads|\n|poke|p2|Bisharp, F|\n|poke|p2|Pinsir, F|\n|teampreview\n|inactive|Battle timer is ON: inactive players will automatically lose when time's up. (requested by Tokiwakano)\n|\n|t:|1700211842\n|start\n|switch|p1a: Urshifu|Urshifu-Rapid-Strike, M|100\/100\n|switch|p2a: Iron Treads|Iron Treads|100\/100\n|turn|1\n|inactive|Daimnik has 120 seconds left.\n|\n|t:|1700211877\n|-terastallize|p2a: Iron Treads|Ghost\n|move|p1a: Urshifu|Surging Strikes|p2a: Iron Treads\n|-crit|p2a: Iron Treads\n|-damage|p2a: Iron Treads|82\/100\n|-crit|p2a: Iron Treads\n|-damage|p2a: Iron Treads|63\/100\n|-crit|p2a: Iron Treads\n|-damage|p2a: Iron Treads|43\/100\n|-hitcount|p2a: Iron Treads|3\n|move|p2a: Iron Treads|Rapid Spin|p1a: Urshifu\n|-damage|p1a: Urshifu|84\/100\n|-boost|p2a: Iron Treads|spe|1\n|\n|upkeep\n|turn|2\n|\n|t:|1700211882\n|move|p2a: Iron Treads|Stealth Rock|p1a: Urshifu\n|-sidestart|p1: Tokiwakano|move: Stealth Rock\n|move|p1a: Urshifu|Surging Strikes|p2a: Iron Treads\n|-crit|p2a: Iron Treads\n|-damage|p2a: Iron Treads|25\/100\n|-crit|p2a: Iron Treads\n|-damage|p2a: Iron Treads|6\/100\n|-crit|p2a: Iron Treads\n|-damage|p2a: Iron Treads|0 fnt\n|faint|p2a: Iron Treads\n|-end|p2a: Iron Treads|Quark Drive|[silent]\n|-hitcount|p2: Iron Treads|3\n|\n|upkeep\n|\n|t:|1700211887\n|switch|p2a: Breloom|Breloom, F|100\/100\n|turn|3\n|\n|t:|1700211892\n|switch|p1a: Ogerpon|Ogerpon-Wellspring, F|100\/100\n|-damage|p1a: Ogerpon|88\/100|[from] Stealth Rock\n|move|p2a: Breloom|Spore|p1a: Ogerpon\n|-immune|p1a: Ogerpon\n|\n|upkeep\n|turn|4\n|\n|t:|1700211912\n|move|p1a: Ogerpon|Ivy Cudgel|p2a: Breloom|[anim] Ivy Cudgel Water\n|-resisted|p2a: Breloom\n|-damage|p2a: Breloom|51\/100\n|move|p2a: Breloom|Close Combat|p1a: Ogerpon\n|-damage|p1a: Ogerpon|11\/100\n|-unboost|p2a: Breloom|def|1\n|-unboost|p2a: Breloom|spd|1\n|\n|upkeep\n|turn|5\n|\n|t:|1700211922\n|move|p2a: Breloom|Mach Punch|p1a: Ogerpon\n|-damage|p1a: Ogerpon|0 fnt\n|faint|p1a: Ogerpon\n|\n|upkeep\n|\n|t:|1700211931\n|switch|p1a: Urshifu|Urshifu-Rapid-Strike, M|84\/100\n|-damage|p1a: Urshifu|78\/100|[from] Stealth Rock\n|turn|6\n|\n|t:|1700211939\n|switch|p2a: Pinsir|Pinsir, F|100\/100\n|move|p1a: Urshifu|Surging Strikes|p2a: Pinsir\n|-crit|p2a: Pinsir\n|-damage|p2a: Pinsir|74\/100\n|-crit|p2a: Pinsir\n|-damage|p2a: Pinsir|50\/100\n|-crit|p2a: Pinsir\n|-damage|p2a: Pinsir|27\/100\n|-hitcount|p2a: Pinsir|3\n|\n|upkeep\n|turn|7\n|\n|t:|1700211955\n|switch|p1a: Corviknight|Corviknight, F|100\/100\n|-damage|p1a: Corviknight|88\/100|[from] Stealth Rock\n|-ability|p1a: Corviknight|Pressure\n|switch|p2a: Breloom|Breloom, F|51\/100\n|\n|upkeep\n|turn|8\n|\n|t:|1700211964\n|move|p2a: Breloom|Spore|p1a: Corviknight\n|-status|p1a: Corviknight|slp|[from] move: Spore\n|cant|p1a: Corviknight|slp\n|\n|upkeep\n|turn|9\n|\n|t:|1700211978\n|move|p2a: Breloom|Close Combat|p1a: Corviknight\n|-damage|p1a: Corviknight|50\/100 slp\n|-unboost|p2a: Breloom|def|1\n|-unboost|p2a: Breloom|spd|1\n|-damage|p2a: Breloom|34\/100|[from] item: Rocky Helmet|[of] p1a: Corviknight\n|-curestatus|p1a: Corviknight|slp|[msg]\n|move|p1a: Corviknight|Defog|p2a: Breloom\n|-unboost|p2a: Breloom|evasion|1\n|-sideend|p1: Tokiwakano|Stealth Rock|[from] move: Defog|[of] p1a: Corviknight\n|\n|upkeep\n|turn|10\n|\n|t:|1700211986\n|move|p2a: Breloom|Spore|p1a: Corviknight\n|-status|p1a: Corviknight|slp|[from] move: Spore\n|cant|p1a: Corviknight|slp\n|\n|upkeep\n|turn|11\n|\n|t:|1700211990\n|move|p2a: Breloom|Close Combat|p1a: Corviknight\n|-damage|p1a: Corviknight|10\/100 slp\n|-unboost|p2a: Breloom|def|1\n|-unboost|p2a: Breloom|spd|1\n|-damage|p2a: Breloom|18\/100|[from] item: Rocky Helmet|[of] p1a: Corviknight\n|cant|p1a: Corviknight|slp\n|\n|upkeep\n|turn|12\n|\n|t:|1700211997\n|move|p2a: Breloom|Close Combat|p1a: Corviknight\n|-damage|p1a: Corviknight|0 fnt\n|-unboost|p2a: Breloom|def|1\n|-unboost|p2a: Breloom|spd|1\n|-damage|p2a: Breloom|1\/100|[from] item: Rocky Helmet|[of] p1a: Corviknight\n|faint|p1a: Corviknight\n|\n|upkeep\n|\n|t:|1700212004\n|switch|p1a: Urshifu|Urshifu-Rapid-Strike, M|78\/100\n|turn|13\n|\n|t:|1700212028\n|switch|p2a: Iron Moth|Iron Moth|100\/100\n|-enditem|p2a: Iron Moth|Booster Energy\n|-activate|p2a: Iron Moth|ability: Quark Drive|[fromitem]\n|-start|p2a: Iron Moth|quarkdrivespe\n|move|p1a: Urshifu|U-turn|p2a: Iron Moth\n|-resisted|p2a: Iron Moth\n|-damage|p2a: Iron Moth|90\/100\n|\n|t:|1700212038\n|switch|p1a: Clodsire|Clodsire, M|100\/100|[from] U-turn\n|\n|upkeep\n|turn|14\n|\n|t:|1700212045\n|move|p2a: Iron Moth|Fiery Dance|p1a: Clodsire\n|-damage|p1a: Clodsire|80\/100\n|move|p1a: Clodsire|Spikes|p2a: Iron Moth\n|-sidestart|p2: Daimnik|Spikes\n|\n|upkeep\n|turn|15\n|\n|t:|1700212051\n|-end|p2a: Iron Moth|Quark Drive|[silent]\n|switch|p2a: Breloom|Breloom, F|1\/100\n|-damage|p2a: Breloom|0 fnt|[from] Spikes\n|faint|p2a: Breloom\n|move|p1a: Clodsire|Earthquake|p2: Breloom|[notarget]\n|-fail|p1a: Clodsire\n|\n|upkeep\n|\n|t:|1700212064\n|switch|p2a: Pinsir|Pinsir, F|27\/100\n|-damage|p2a: Pinsir|15\/100|[from] Spikes\n|turn|16\n|\n|t:|1700212070\n|switch|p1a: Heatran|Heatran, M|100\/100\n|-item|p1a: Heatran|Air Balloon\n|detailschange|p2a: Pinsir|Pinsir-Mega, F\n|-mega|p2a: Pinsir|Pinsir|Pinsirite\n|move|p2a: Pinsir|Return|p1a: Heatran\n|-resisted|p1a: Heatran\n|-damage|p1a: Heatran|72\/100\n|-enditem|p1a: Heatran|Air Balloon\n|\n|upkeep\n|turn|17\n|\n|t:|1700212082\n|switch|p2a: Iron Moth|Iron Moth|90\/100\n|-damage|p2a: Iron Moth|78\/100|[from] Spikes\n|move|p1a: Heatran|Stealth Rock|p2a: Iron Moth\n|-sidestart|p2: Daimnik|move: Stealth Rock\n|\n|upkeep\n|turn|18\n|\n|t:|1700212089\n|switch|p1a: Clodsire|Clodsire, M|80\/100\n|move|p2a: Iron Moth|Discharge|p1a: Clodsire\n|-immune|p1a: Clodsire\n|\n|upkeep\n|turn|19\n|\n|t:|1700212094\n|-end|p2a: Iron Moth|Quark Drive|[silent]\n|switch|p2a: Pinsir|Pinsir-Mega, F|15\/100\n|-damage|p2a: Pinsir|0 fnt|[from] Stealth Rock\n|faint|p2a: Pinsir\n|move|p1a: Clodsire|Earthquake|p2: Pinsir|[notarget]\n|-fail|p1a: Clodsire\n|\n|upkeep\n|\n|t:|1700212106\n|switch|p2a: Bisharp|Bisharp, F|100\/100\n|-damage|p2a: Bisharp|88\/100|[from] Spikes\n|-damage|p2a: Bisharp|82\/100|[from] Stealth Rock\n|turn|20\n|\n|t:|1700212114\n|switch|p1a: Urshifu|Urshifu-Rapid-Strike, M|78\/100\n|move|p2a: Bisharp|Knock Off|p1a: Urshifu\n|-resisted|p1a: Urshifu\n|-damage|p1a: Urshifu|50\/100\n|-enditem|p1a: Urshifu|Choice Scarf|[from] move: Knock Off|[of] p2a: Bisharp\n|\n|upkeep\n|turn|21\n|\n|t:|1700212127\n|switch|p2a: Iron Moth|Iron Moth|78\/100\n|-damage|p2a: Iron Moth|65\/100|[from] Spikes\n|-damage|p2a: Iron Moth|41\/100|[from] Stealth Rock\n|move|p1a: Urshifu|Close Combat|p2a: Iron Moth\n|-resisted|p2a: Iron Moth\n|-damage|p2a: Iron Moth|0 fnt\n|-unboost|p1a: Urshifu|def|1\n|-unboost|p1a: Urshifu|spd|1\n|faint|p2a: Iron Moth\n|-end|p2a: Iron Moth|Quark Drive|[silent]\n|\n|upkeep\n|\n|t:|1700212129\n|switch|p2a: Greninja|Greninja, M|100\/100\n|-damage|p2a: Greninja|88\/100|[from] Spikes\n|-damage|p2a: Greninja|76\/100|[from] Stealth Rock\n|turn|22\n|\n|t:|1700212138\n|switch|p1a: Clodsire|Clodsire, M|80\/100\n|move|p2a: Greninja|Dark Pulse|p1a: Clodsire\n|-crit|p1a: Clodsire\n|-damage|p1a: Clodsire|42\/100\n|-damage|p2a: Greninja|66\/100|[from] item: Life Orb\n|\n|upkeep\n|turn|23\n|\n|t:|1700212150\n|move|p2a: Greninja|Dark Pulse|p1a: Clodsire\n|-damage|p1a: Clodsire|19\/100\n|-damage|p2a: Greninja|56\/100|[from] item: Life Orb\n|move|p1a: Clodsire|Recover|p1a: Clodsire\n|-heal|p1a: Clodsire|69\/100\n|\n|upkeep\n|turn|24\n|\n|t:|1700212157\n|switch|p2a: Bisharp|Bisharp, F|82\/100\n|-damage|p2a: Bisharp|70\/100|[from] Spikes\n|-damage|p2a: Bisharp|64\/100|[from] Stealth Rock\n|move|p1a: Clodsire|Earthquake|p2a: Bisharp\n|-supereffective|p2a: Bisharp\n|-damage|p2a: Bisharp|24\/100\n|\n|upkeep\n|turn|25\n|\n|t:|1700212167\n|switch|p1a: Urshifu|Urshifu-Rapid-Strike, M|50\/100\n|move|p2a: Bisharp|Knock Off|p1a: Urshifu\n|-resisted|p1a: Urshifu\n|-damage|p1a: Urshifu|32\/100\n|\n|upkeep\n|turn|26\n|j| slobadd\n|\n|t:|1700212175\n|move|p2a: Bisharp|Sucker Punch|p1a: Urshifu\n|-resisted|p1a: Urshifu\n|-damage|p1a: Urshifu|10\/100\n|move|p1a: Urshifu|Surging Strikes|p2a: Bisharp\n|-crit|p2a: Bisharp\n|-damage|p2a: Bisharp|6\/100\n|-crit|p2a: Bisharp\n|-damage|p2a: Bisharp|0 fnt\n|faint|p2a: Bisharp\n|-hitcount|p2: Bisharp|2\n|\n|upkeep\n|\n|t:|1700212186\n|switch|p2a: Greninja|Greninja, M|56\/100\n|-damage|p2a: Greninja|44\/100|[from] Spikes\n|-damage|p2a: Greninja|32\/100|[from] Stealth Rock\n|turn|27\n|\n|t:|1700212190\n|move|p1a: Urshifu|Aqua Jet|p2a: Greninja\n|-resisted|p2a: Greninja\n|-damage|p2a: Greninja|14\/100\n|move|p2a: Greninja|Dark Pulse|p1a: Urshifu\n|-resisted|p1a: Urshifu\n|-damage|p1a: Urshifu|0 fnt\n|faint|p1a: Urshifu\n|-ability|p2a: Greninja|Battle Bond|boost\n|-boost|p2a: Greninja|atk|1\n|-boost|p2a: Greninja|spa|1\n|-boost|p2a: Greninja|spe|1\n|-activate|p2a: Greninja|ability: Battle Bond\n|-damage|p2a: Greninja|4\/100|[from] item: Life Orb\n|\n|upkeep\n|\n|t:|1700212197\n|switch|p1a: Diancie|Diancie|100\/100\n|turn|28\n|\n|t:|1700212200\n|move|p2a: Greninja|Surf|p1a: Diancie\n|-supereffective|p1a: Diancie\n|-damage|p1a: Diancie|0 fnt\n|faint|p1a: Diancie\n|-damage|p2a: Greninja|0 fnt|[from] item: Life Orb\n|faint|p2a: Greninja\n|\n|win|Tokiwakano\n|raw|Tokiwakano's rating: 1642 &rarr; <strong>1670<\/strong><br \/>(+28 for winning)\n|raw|Daimnik's rating: 1790 &rarr; <strong>1762<\/strong><br \/>(-28 for losing)\n|l|\u2606Daimnik\n","uploadtime":1700212206,"views":5,"p1id":"tokiwakano","p2id":"daimnik","formatid":"gen9nationaldex","rating":1670,"private":0,"password":""}