{"id":"gen9nationaldex-1995275091","p1":"NeroStudios","p2":"ClappedByZay","format":"[Gen 9] National Dex","log":"|html|<div class=\"broadcast-blue\"><strong>[Gen 9] National Dex is currently suspecting Sneasler! For information on how to participate check out the <a href=\"https:\/\/www.smogon.com\/forums\/threads\/sv-national-dex-suspect-8-just-dance.3731534\/\">suspect thread<\/a>.<\/strong><\/div>\n|j|\u2606NeroStudios\n|j|\u2606ClappedByZay\n|t:|1700545175\n|gametype|singles\n|player|p1|NeroStudios|n|1081\n|player|p2|ClappedByZay|2|1000\n|teamsize|p1|6\n|teamsize|p2|6\n|gen|9\n|tier|[Gen 9] National Dex\n|rated|\n|rule|HP Percentage Mod: HP is shown in percentages\n|rule|Endless Battle Clause: Forcing endless battles is banned\n|rule|OHKO Clause: OHKO moves are banned\n|rule|Evasion Clause: Evasion abilities, items, and moves are banned\n|rule|Evasion Abilities Clause: Evasion abilities are banned\n|rule|Evasion Items Clause: Evasion items are banned\n|rule|Evasion Moves Clause: Evasion moves are banned\n|rule|Species Clause: Limit one of each Pok\u00e9mon\n|rule|Sleep Clause Mod: Limit one foe put to sleep\n|clearpoke\n|poke|p1|Jellicent, F|\n|poke|p1|Iron Moth|\n|poke|p1|Slowking-Galar, F|\n|poke|p1|Ferrothorn, F|\n|poke|p1|Banette, F|\n|poke|p1|Garchomp, F|\n|poke|p2|Galvantula, M|\n|poke|p2|Gliscor, F|\n|poke|p2|Snorlax, M|\n|poke|p2|Toxapex, F|\n|poke|p2|Medicham, M|\n|poke|p2|Ursaluna, M|\n|teampreview\n|\n|t:|1700545187\n|start\n|switch|p1a: Boi 2|Jellicent, F|100\/100\n|switch|p2a: Galvantula|Galvantula, M|100\/100\n|turn|1\n|\n|t:|1700545200\n|move|p2a: Galvantula|Sticky Web|p1a: Boi 2\n|-sidestart|p1: NeroStudios|move: Sticky Web\n|move|p1a: Boi 2|Taunt|p2a: Galvantula\n|-start|p2a: Galvantula|move: Taunt\n|\n|upkeep\n|turn|2\n|\n|t:|1700545210\n|move|p2a: Galvantula|Thunder|p1a: Boi 2\n|-supereffective|p1a: Boi 2\n|-damage|p1a: Boi 2|23\/100\n|-start|p2a: Galvantula|Disable|Thunder|[from] ability: Cursed Body|[of] p1a: Boi 2\n|move|p1a: Boi 2|Will-O-Wisp|p2a: Galvantula\n|-status|p2a: Galvantula|brn\n|\n|-damage|p2a: Galvantula|94\/100 brn|[from] brn\n|upkeep\n|turn|3\n|\n|t:|1700545222\n|move|p2a: Galvantula|Volt Switch|p1a: Boi 2\n|-supereffective|p1a: Boi 2\n|-damage|p1a: Boi 2|0 fnt\n|faint|p1a: Boi 2\n|\n|t:|1700545230\n|switch|p2a: Toxapex|Toxapex, F|100\/100|[from] Volt Switch\n|\n|upkeep\n|\n|t:|1700545235\n|switch|p1a: He stares at you|Ferrothorn, F, shiny|100\/100\n|-activate|p1a: He stares at you|move: Sticky Web\n|-unboost|p1a: He stares at you|spe|1\n|turn|4\n|\n|t:|1700545241\n|move|p2a: Toxapex|Toxic Spikes|p1a: He stares at you\n|-sidestart|p1: NeroStudios|move: Toxic Spikes\n|move|p1a: He stares at you|Knock Off|p2a: Toxapex\n|-damage|p2a: Toxapex|82\/100\n|-enditem|p2a: Toxapex|Black Sludge|[from] move: Knock Off|[of] p1a: He stares at you\n|\n|upkeep\n|turn|5\n|\n|t:|1700545252\n|move|p2a: Toxapex|Toxic Spikes|p1a: He stares at you\n|-sidestart|p1: NeroStudios|move: Toxic Spikes\n|move|p1a: He stares at you|Gyro Ball|p2a: Toxapex\n|-resisted|p2a: Toxapex\n|-damage|p2a: Toxapex|67\/100\n|\n|upkeep\n|turn|6\n|\n|t:|1700545258\n|move|p2a: Toxapex|Toxic Spikes||[still]\n|-fail|p2a: Toxapex\n|move|p1a: He stares at you|Leech Seed|p2a: Toxapex\n|-start|p2a: Toxapex|move: Leech Seed\n|\n|-damage|p2a: Toxapex|55\/100|[from] Leech Seed|[of] p1a: He stares at you\n|upkeep\n|turn|7\n|\n|t:|1700545266\n|move|p2a: Toxapex|Scald|p1a: He stares at you\n|-resisted|p1a: He stares at you\n|-damage|p1a: He stares at you|94\/100\n|-status|p1a: He stares at you|brn\n|move|p1a: He stares at you|Spikes|p2a: Toxapex\n|-sidestart|p2: ClappedByZay|Spikes\n|\n|-heal|p1a: He stares at you|99\/100 brn|[from] item: Leftovers\n|-damage|p2a: Toxapex|42\/100|[from] Leech Seed|[of] p1a: He stares at you\n|-heal|p1a: He stares at you|100\/100 brn|[silent]\n|-damage|p1a: He stares at you|94\/100 brn|[from] brn\n|upkeep\n|turn|8\n|\n|t:|1700545281\n|move|p2a: Toxapex|Recover|p2a: Toxapex\n|-heal|p2a: Toxapex|92\/100\n|move|p1a: He stares at you|Spikes|p2a: Toxapex\n|-sidestart|p2: ClappedByZay|Spikes\n|\n|-heal|p1a: He stares at you|100\/100 brn|[from] item: Leftovers\n|-damage|p2a: Toxapex|80\/100|[from] Leech Seed|[of] p1a: He stares at you\n|-damage|p1a: He stares at you|94\/100 brn|[from] brn\n|upkeep\n|turn|9\n|\n|t:|1700545294\n|move|p2a: Toxapex|Scald|p1a: He stares at you\n|-resisted|p1a: He stares at you\n|-damage|p1a: He stares at you|87\/100 brn\n|move|p1a: He stares at you|Spikes|p2a: Toxapex\n|-sidestart|p2: ClappedByZay|Spikes\n|\n|-heal|p1a: He stares at you|94\/100 brn|[from] item: Leftovers\n|-damage|p2a: Toxapex|67\/100|[from] Leech Seed|[of] p1a: He stares at you\n|-heal|p1a: He stares at you|100\/100 brn|[silent]\n|-damage|p1a: He stares at you|94\/100 brn|[from] brn\n|upkeep\n|turn|10\n|\n|t:|1700545306\n|move|p2a: Toxapex|Scald|p1a: He stares at you\n|-resisted|p1a: He stares at you\n|-damage|p1a: He stares at you|88\/100 brn\n|move|p1a: He stares at you|Knock Off|p2a: Toxapex\n|-damage|p2a: Toxapex|61\/100\n|\n|-heal|p1a: He stares at you|95\/100 brn|[from] item: Leftovers\n|-damage|p2a: Toxapex|49\/100|[from] Leech Seed|[of] p1a: He stares at you\n|-heal|p1a: He stares at you|100\/100 brn|[silent]\n|-damage|p1a: He stares at you|94\/100 brn|[from] brn\n|upkeep\n|turn|11\n|\n|t:|1700545325\n|move|p2a: Toxapex|Scald|p1a: He stares at you\n|-resisted|p1a: He stares at you\n|-damage|p1a: He stares at you|88\/100 brn\n|move|p1a: He stares at you|Knock Off|p2a: Toxapex\n|-damage|p2a: Toxapex|42\/100\n|\n|-heal|p1a: He stares at you|94\/100 brn|[from] item: Leftovers\n|-damage|p2a: Toxapex|30\/100|[from] Leech Seed|[of] p1a: He stares at you\n|-heal|p1a: He stares at you|100\/100 brn|[silent]\n|-damage|p1a: He stares at you|94\/100 brn|[from] brn\n|upkeep\n|turn|12\n|\n|t:|1700545348\n|move|p2a: Toxapex|Baneful Bunker|p2a: Toxapex\n|-singleturn|p2a: Toxapex|move: Protect\n|move|p1a: He stares at you|Knock Off|p2a: Toxapex\n|-activate|p2a: Toxapex|move: Protect\n|\n|-heal|p1a: He stares at you|100\/100 brn|[from] item: Leftovers\n|-damage|p2a: Toxapex|17\/100|[from] Leech Seed|[of] p1a: He stares at you\n|-damage|p1a: He stares at you|94\/100 brn|[from] brn\n|upkeep\n|turn|13\n|\n|t:|1700545359\n|move|p2a: Toxapex|Recover|p2a: Toxapex\n|-heal|p2a: Toxapex|67\/100\n|move|p1a: He stares at you|Knock Off|p2a: Toxapex\n|-damage|p2a: Toxapex|61\/100\n|\n|-heal|p1a: He stares at you|100\/100 brn|[from] item: Leftovers\n|-damage|p2a: Toxapex|49\/100|[from] Leech Seed|[of] p1a: He stares at you\n|-damage|p1a: He stares at you|94\/100 brn|[from] brn\n|upkeep\n|turn|14\n|\n|t:|1700545370\n|move|p2a: Toxapex|Recover|p2a: Toxapex\n|-heal|p2a: Toxapex|99\/100\n|move|p1a: He stares at you|Knock Off|p2a: Toxapex\n|-damage|p2a: Toxapex|93\/100\n|\n|-heal|p1a: He stares at you|100\/100 brn|[from] item: Leftovers\n|-damage|p2a: Toxapex|80\/100|[from] Leech Seed|[of] p1a: He stares at you\n|-damage|p1a: He stares at you|94\/100 brn|[from] brn\n|upkeep\n|turn|15\n|\n|t:|1700545384\n|move|p2a: Toxapex|Scald|p1a: He stares at you\n|-resisted|p1a: He stares at you\n|-damage|p1a: He stares at you|87\/100 brn\n|move|p1a: He stares at you|Knock Off|p2a: Toxapex\n|-damage|p2a: Toxapex|75\/100\n|\n|-heal|p1a: He stares at you|94\/100 brn|[from] item: Leftovers\n|-damage|p2a: Toxapex|62\/100|[from] Leech Seed|[of] p1a: He stares at you\n|-heal|p1a: He stares at you|100\/100 brn|[silent]\n|-damage|p1a: He stares at you|94\/100 brn|[from] brn\n|upkeep\n|turn|16\n|\n|t:|1700545400\n|move|p2a: Toxapex|Scald|p1a: He stares at you\n|-resisted|p1a: He stares at you\n|-damage|p1a: He stares at you|88\/100 brn\n|move|p1a: He stares at you|Spikes||[still]\n|-fail|p1a: He stares at you\n|\n|-heal|p1a: He stares at you|95\/100 brn|[from] item: Leftovers\n|-damage|p2a: Toxapex|50\/100|[from] Leech Seed|[of] p1a: He stares at you\n|-heal|p1a: He stares at you|100\/100 brn|[silent]\n|-damage|p1a: He stares at you|94\/100 brn|[from] brn\n|upkeep\n|turn|17\n|\n|t:|1700545411\n|move|p2a: Toxapex|Scald|p1a: He stares at you\n|-resisted|p1a: He stares at you\n|-damage|p1a: He stares at you|88\/100 brn\n|move|p1a: He stares at you|Spikes||[still]\n|-fail|p1a: He stares at you\n|\n|-heal|p1a: He stares at you|94\/100 brn|[from] item: Leftovers\n|-damage|p2a: Toxapex|37\/100|[from] Leech Seed|[of] p1a: He stares at you\n|-heal|p1a: He stares at you|100\/100 brn|[silent]\n|-damage|p1a: He stares at you|94\/100 brn|[from] brn\n|upkeep\n|turn|18\n|\n|t:|1700545423\n|move|p2a: Toxapex|Scald|p1a: He stares at you\n|-resisted|p1a: He stares at you\n|-damage|p1a: He stares at you|87\/100 brn\n|move|p1a: He stares at you|Spikes||[still]\n|-fail|p1a: He stares at you\n|\n|-heal|p1a: He stares at you|94\/100 brn|[from] item: Leftovers\n|-damage|p2a: Toxapex|25\/100|[from] Leech Seed|[of] p1a: He stares at you\n|-heal|p1a: He stares at you|100\/100 brn|[silent]\n|-damage|p1a: He stares at you|94\/100 brn|[from] brn\n|upkeep\n|turn|19\n|\n|t:|1700545434\n|move|p2a: Toxapex|Recover|p2a: Toxapex\n|-heal|p2a: Toxapex|75\/100\n|move|p1a: He stares at you|Spikes||[still]\n|-fail|p1a: He stares at you\n|\n|-heal|p1a: He stares at you|100\/100 brn|[from] item: Leftovers\n|-damage|p2a: Toxapex|62\/100|[from] Leech Seed|[of] p1a: He stares at you\n|-damage|p1a: He stares at you|94\/100 brn|[from] brn\n|upkeep\n|turn|20\n|\n|t:|1700545445\n|move|p2a: Toxapex|Scald|p1a: He stares at you\n|-resisted|p1a: He stares at you\n|-damage|p1a: He stares at you|88\/100 brn\n|move|p1a: He stares at you|Spikes||[still]\n|-fail|p1a: He stares at you\n|\n|-heal|p1a: He stares at you|94\/100 brn|[from] item: Leftovers\n|-damage|p2a: Toxapex|50\/100|[from] Leech Seed|[of] p1a: He stares at you\n|-heal|p1a: He stares at you|100\/100 brn|[silent]\n|-damage|p1a: He stares at you|94\/100 brn|[from] brn\n|upkeep\n|turn|21\n|\n|t:|1700545470\n|switch|p1a: Violin|Slowking-Galar, F|100\/100\n|-activate|p1a: Violin|move: Sticky Web\n|-unboost|p1a: Violin|spe|1\n|-sideend|p1: NeroStudios|move: Toxic Spikes|[of] p1a: Violin\n|move|p2a: Toxapex|Scald|p1a: Violin\n|-damage|p1a: Violin|93\/100\n|-status|p1a: Violin|brn\n|\n|-damage|p2a: Toxapex|37\/100|[from] Leech Seed|[of] p1a: Violin\n|-heal|p1a: Violin|100\/100 brn|[silent]\n|-damage|p1a: Violin|94\/100 brn|[from] brn\n|upkeep\n|turn|22\n|\n|t:|1700545485\n|switch|p1a: He stares at you|Ferrothorn, F, shiny|94\/100 brn\n|-activate|p1a: He stares at you|move: Sticky Web\n|-unboost|p1a: He stares at you|spe|1\n|move|p2a: Toxapex|Recover|p2a: Toxapex\n|-heal|p2a: Toxapex|87\/100\n|\n|-heal|p1a: He stares at you|100\/100 brn|[from] item: Leftovers\n|-damage|p2a: Toxapex|75\/100|[from] Leech Seed|[of] p1a: He stares at you\n|-damage|p1a: He stares at you|94\/100 brn|[from] brn\n|upkeep\n|turn|23\n|\n|t:|1700545500\n|move|p2a: Toxapex|Scald|p1a: He stares at you\n|-resisted|p1a: He stares at you\n|-damage|p1a: He stares at you|88\/100 brn\n|move|p1a: He stares at you|Spikes||[still]\n|-fail|p1a: He stares at you\n|\n|-heal|p1a: He stares at you|95\/100 brn|[from] item: Leftovers\n|-damage|p2a: Toxapex|62\/100|[from] Leech Seed|[of] p1a: He stares at you\n|-heal|p1a: He stares at you|100\/100 brn|[silent]\n|-damage|p1a: He stares at you|94\/100 brn|[from] brn\n|upkeep\n|turn|24\n|\n|t:|1700545523\n|switch|p2a: Gliscor|Gliscor, F|100\/100\n|switch|p1a: Violin|Slowking-Galar, F|100\/100 brn\n|-activate|p1a: Violin|move: Sticky Web\n|-unboost|p1a: Violin|spe|1\n|\n|-damage|p1a: Violin|94\/100 brn|[from] brn\n|-status|p2a: Gliscor|tox|[from] item: Toxic Orb\n|upkeep\n|turn|25\n|\n|t:|1700545540\n|-terastallize|p1a: Violin|Normal\n|move|p2a: Gliscor|Facade|p1a: Violin\n|-damage|p1a: Violin|61\/100 brn\n|move|p1a: Violin|Ice Beam|p2a: Gliscor\n|-supereffective|p2a: Gliscor\n|-damage|p2a: Gliscor|2\/100 tox\n|\n|-heal|p2a: Gliscor|14\/100 tox|[from] ability: Poison Heal\n|-damage|p1a: Violin|55\/100 brn|[from] brn\n|upkeep\n|turn|26\n|\n|t:|1700545555\n|switch|p1a: He stares at you|Ferrothorn, F, shiny|94\/100 brn\n|-activate|p1a: He stares at you|move: Sticky Web\n|-unboost|p1a: He stares at you|spe|1\n|move|p2a: Gliscor|Facade|p1a: He stares at you\n|-resisted|p1a: He stares at you\n|-damage|p1a: He stares at you|84\/100 brn\n|-damage|p2a: Gliscor|2\/100 tox|[from] ability: Iron Barbs|[of] p1a: He stares at you\n|\n|-heal|p1a: He stares at you|91\/100 brn|[from] item: Leftovers\n|-heal|p2a: Gliscor|14\/100 tox|[from] ability: Poison Heal\n|-damage|p1a: He stares at you|84\/100 brn|[from] brn\n|upkeep\n|turn|27\n|\n|t:|1700545570\n|move|p2a: Gliscor|Earthquake|p1a: He stares at you\n|-damage|p1a: He stares at you|61\/100 brn\n|move|p1a: He stares at you|Leech Seed|p2a: Gliscor\n|-start|p2a: Gliscor|move: Leech Seed\n|\n|-heal|p1a: He stares at you|68\/100 brn|[from] item: Leftovers\n|-damage|p2a: Gliscor|2\/100 tox|[from] Leech Seed|[of] p1a: He stares at you\n|-heal|p1a: He stares at you|80\/100 brn|[silent]\n|-heal|p2a: Gliscor|14\/100 tox|[from] ability: Poison Heal\n|-damage|p1a: He stares at you|74\/100 brn|[from] brn\n|upkeep\n|turn|28\n|\n|t:|1700545582\n|move|p2a: Gliscor|Roost|p2a: Gliscor\n|-heal|p2a: Gliscor|64\/100 tox\n|-singleturn|p2a: Gliscor|move: Roost\n|move|p1a: He stares at you|Knock Off|p2a: Gliscor\n|-damage|p2a: Gliscor|54\/100 tox\n|-enditem|p2a: Gliscor|Toxic Orb|[from] move: Knock Off|[of] p1a: He stares at you\n|\n|-heal|p1a: He stares at you|80\/100 brn|[from] item: Leftovers\n|-damage|p2a: Gliscor|42\/100 tox|[from] Leech Seed|[of] p1a: He stares at you\n|-heal|p1a: He stares at you|93\/100 brn|[silent]\n|-heal|p2a: Gliscor|54\/100 tox|[from] ability: Poison Heal\n|-damage|p1a: He stares at you|86\/100 brn|[from] brn\n|upkeep\n|turn|29\n|\n|t:|1700545597\n|switch|p1a: Violin|Slowking-Galar, F, tera:Normal|89\/100 brn\n|-activate|p1a: Violin|move: Sticky Web\n|-unboost|p1a: Violin|spe|1\n|move|p2a: Gliscor|Roost|p2a: Gliscor\n|-heal|p2a: Gliscor|100\/100 tox\n|-singleturn|p2a: Gliscor|move: Roost\n|\n|-damage|p2a: Gliscor|88\/100 tox|[from] Leech Seed|[of] p1a: Violin\n|-heal|p1a: Violin|99\/100 brn|[silent]\n|-heal|p2a: Gliscor|100\/100 tox|[from] ability: Poison Heal\n|-damage|p1a: Violin|94\/100 brn|[from] brn\n|upkeep\n|turn|30\n|\n|t:|1700545613\n|move|p2a: Gliscor|Facade|p1a: Violin\n|-damage|p1a: Violin|62\/100 brn\n|move|p1a: Violin|Future Sight|p2a: Gliscor\n|-start|p1a: Violin|move: Future Sight\n|\n|-damage|p2a: Gliscor|88\/100 tox|[from] Leech Seed|[of] p1a: Violin\n|-heal|p1a: Violin|74\/100 brn|[silent]\n|-heal|p2a: Gliscor|100\/100 tox|[from] ability: Poison Heal\n|-damage|p1a: Violin|68\/100 brn|[from] brn\n|upkeep\n|turn|31\n|\n|t:|1700545627\n|move|p2a: Gliscor|Facade|p1a: Violin\n|-damage|p1a: Violin|36\/100 brn\n|move|p1a: Violin|Ice Beam|p2a: Gliscor\n|-supereffective|p2a: Gliscor\n|-damage|p2a: Gliscor|4\/100 tox\n|\n|-damage|p2a: Gliscor|0 fnt|[from] Leech Seed|[of] p1a: Violin\n|-heal|p1a: Violin|39\/100 brn|[silent]\n|faint|p2a: Gliscor\n|-damage|p1a: Violin|32\/100 brn|[from] brn\n|upkeep\n|\n|t:|1700545644\n|switch|p2a: Snorlax|Snorlax, M|100\/100\n|-damage|p2a: Snorlax|75\/100|[from] Spikes\n|turn|32\n|\n|t:|1700545649\n|switch|p1a: He stares at you|Ferrothorn, F, shiny|86\/100 brn\n|-activate|p1a: He stares at you|move: Sticky Web\n|-unboost|p1a: He stares at you|spe|1\n|move|p2a: Snorlax|Earthquake|p1a: He stares at you\n|-damage|p1a: He stares at you|68\/100 brn\n|\n|-end|p2a: Snorlax|move: Future Sight\n|-damage|p2a: Snorlax|53\/100\n|-heal|p2a: Snorlax|59\/100|[from] item: Leftovers\n|-heal|p1a: He stares at you|74\/100 brn|[from] item: Leftovers\n|-damage|p1a: He stares at you|68\/100 brn|[from] brn\n|upkeep\n|turn|33\n|\n|t:|1700545664\n|move|p2a: Snorlax|Body Slam|p1a: He stares at you\n|-resisted|p1a: He stares at you\n|-damage|p1a: He stares at you|58\/100 brn\n|-damage|p2a: Snorlax|47\/100|[from] ability: Iron Barbs|[of] p1a: He stares at you\n|move|p1a: He stares at you|Knock Off|p2a: Snorlax\n|-damage|p2a: Snorlax|37\/100\n|-enditem|p2a: Snorlax|Leftovers|[from] move: Knock Off|[of] p1a: He stares at you\n|\n|-heal|p1a: He stares at you|64\/100 brn|[from] item: Leftovers\n|-damage|p1a: He stares at you|58\/100 brn|[from] brn\n|upkeep\n|turn|34\n|\n|t:|1700545677\n|move|p2a: Snorlax|Earthquake|p1a: He stares at you\n|-damage|p1a: He stares at you|41\/100 brn\n|move|p1a: He stares at you|Leech Seed|p2a: Snorlax\n|-start|p2a: Snorlax|move: Leech Seed\n|\n|-heal|p1a: He stares at you|47\/100 brn|[from] item: Leftovers\n|-damage|p2a: Snorlax|25\/100|[from] Leech Seed|[of] p1a: He stares at you\n|-heal|p1a: He stares at you|65\/100 brn|[silent]\n|-damage|p1a: He stares at you|58\/100 brn|[from] brn\n|upkeep\n|turn|35\n|\n|t:|1700545696\n|switch|p1a: Violin|Slowking-Galar, F, tera:Normal|66\/100 brn\n|-activate|p1a: Violin|move: Sticky Web\n|-unboost|p1a: Violin|spe|1\n|move|p2a: Snorlax|Rest|p2a: Snorlax\n|-status|p2a: Snorlax|slp|[from] move: Rest\n|-heal|p2a: Snorlax|100\/100 slp|[silent]\n|\n|-damage|p2a: Snorlax|88\/100 slp|[from] Leech Seed|[of] p1a: Violin\n|-heal|p1a: Violin|82\/100 brn|[silent]\n|-damage|p1a: Violin|76\/100 brn|[from] brn\n|upkeep\n|turn|36\n|\n|t:|1700545714\n|switch|p1a: Not dragapult :(|Garchomp, F|100\/100\n|-activate|p1a: Not dragapult :(|move: Sticky Web\n|-unboost|p1a: Not dragapult :(|spe|1\n|cant|p2a: Snorlax|slp\n|\n|-damage|p2a: Snorlax|76\/100 slp|[from] Leech Seed|[of] p1a: Not dragapult :(\n|upkeep\n|turn|37\n|\n|t:|1700545731\n|move|p1a: Not dragapult :(|Dragon Claw|p2a: Snorlax\n|-damage|p2a: Snorlax|44\/100 slp\n|cant|p2a: Snorlax|slp\n|\n|-damage|p2a: Snorlax|32\/100 slp|[from] Leech Seed|[of] p1a: Not dragapult :(\n|upkeep\n|turn|38\n|\n|t:|1700545741\n|move|p1a: Not dragapult :(|Dragon Claw|p2a: Snorlax\n|-damage|p2a: Snorlax|0 fnt\n|faint|p2a: Snorlax\n|\n|upkeep\n|\n|t:|1700545749\n|switch|p2a: Medicham|Medicham, M|100\/100\n|-damage|p2a: Medicham|76\/100|[from] Spikes\n|turn|39\n|\n|t:|1700545758\n|switch|p1a: Fate Friendship|Banette, F|100\/100\n|-activate|p1a: Fate Friendship|move: Sticky Web\n|-unboost|p1a: Fate Friendship|spe|1\n|detailschange|p2a: Medicham|Medicham-Mega, M\n|-mega|p2a: Medicham|Medicham|Medichamite\n|move|p2a: Medicham|Ice Punch|p1a: Fate Friendship\n|-damage|p1a: Fate Friendship|43\/100\n|\n|upkeep\n|turn|40\n|\n|t:|1700545768\n|detailschange|p1a: Fate Friendship|Banette-Mega, F\n|-mega|p1a: Fate Friendship|Banette|Banettite\n|move|p1a: Fate Friendship|Destiny Bond|p1a: Fate Friendship\n|-singlemove|p1a: Fate Friendship|Destiny Bond\n|move|p2a: Medicham|Zen Headbutt|p1a: Fate Friendship\n|-damage|p1a: Fate Friendship|0 fnt\n|faint|p1a: Fate Friendship\n|-activate|p1a: Fate Friendship|move: Destiny Bond\n|faint|p2a: Medicham\n|\n|upkeep\n|\n|t:|1700545780\n|switch|p2a: Ursaluna|Ursaluna, M|100\/100\n|switch|p1a: He stares at you|Ferrothorn, F, shiny|58\/100 brn\n|-damage|p2a: Ursaluna|75\/100|[from] Spikes\n|-activate|p1a: He stares at you|move: Sticky Web\n|-unboost|p1a: He stares at you|spe|1\n|turn|41\n|\n|t:|1700545794\n|move|p2a: Ursaluna|Stone Edge|p1a: He stares at you|[miss]\n|-miss|p2a: Ursaluna|p1a: He stares at you\n|move|p1a: He stares at you|Knock Off|p2a: Ursaluna\n|-damage|p2a: Ursaluna|67\/100\n|-enditem|p2a: Ursaluna|Flame Orb|[from] move: Knock Off|[of] p1a: He stares at you\n|\n|-heal|p1a: He stares at you|65\/100 brn|[from] item: Leftovers\n|-damage|p1a: He stares at you|58\/100 brn|[from] brn\n|upkeep\n|turn|42\n|\n|t:|1700545804\n|move|p2a: Ursaluna|Earthquake|p1a: He stares at you\n|-crit|p1a: He stares at you\n|-damage|p1a: He stares at you|0 fnt\n|faint|p1a: He stares at you\n|\n|upkeep\n|\n|t:|1700545817\n|switch|p1a: Not dragapult :(|Garchomp, F|100\/100\n|-activate|p1a: Not dragapult :(|move: Sticky Web\n|-unboost|p1a: Not dragapult :(|spe|1\n|turn|43\n|\n|t:|1700545826\n|-terastallize|p2a: Ursaluna|Ground\n|move|p1a: Not dragapult :(|Dragon Claw|p2a: Ursaluna\n|-damage|p2a: Ursaluna|33\/100\n|move|p2a: Ursaluna|Earthquake|p1a: Not dragapult :(\n|-damage|p1a: Not dragapult :(|16\/100\n|\n|upkeep\n|turn|44\n|l|\u2606NeroStudios\n|player|p1|\n|j|\u2606NeroStudios\n|player|p1|NeroStudios|n\n|\n|t:|1700545874\n|switch|p2a: Galvantula|Galvantula, M|94\/100 brn\n|-damage|p2a: Galvantula|70\/100 brn|[from] Spikes\n|move|p1a: Not dragapult :(|Dragon Claw|p2a: Galvantula\n|-damage|p2a: Galvantula|0 fnt\n|faint|p2a: Galvantula\n|\n|upkeep\n|\n|t:|1700545883\n|switch|p2a: Toxapex|Toxapex, F|95\/100\n|-damage|p2a: Toxapex|70\/100|[from] Spikes\n|turn|45\n|\n|t:|1700545895\n|switch|p1a: Violin|Slowking-Galar, F, tera:Normal|100\/100 brn\n|-activate|p1a: Violin|move: Sticky Web\n|-unboost|p1a: Violin|spe|1\n|move|p2a: Toxapex|Scald|p1a: Violin\n|-crit|p1a: Violin\n|-damage|p1a: Violin|89\/100 brn\n|\n|-damage|p1a: Violin|83\/100 brn|[from] brn\n|upkeep\n|turn|46\n|\n|t:|1700545910\n|move|p2a: Toxapex|Toxic Spikes|p1a: Violin\n|-sidestart|p1: NeroStudios|move: Toxic Spikes\n|move|p1a: Violin|Future Sight|p2a: Toxapex\n|-start|p1a: Violin|move: Future Sight\n|\n|-damage|p1a: Violin|77\/100 brn|[from] brn\n|upkeep\n|turn|47\n|\n|t:|1700545927\n|move|p2a: Toxapex|Toxic Spikes|p1a: Violin\n|-sidestart|p1: NeroStudios|move: Toxic Spikes\n|move|p1a: Violin|Ice Beam|p2a: Toxapex\n|-resisted|p2a: Toxapex\n|-damage|p2a: Toxapex|63\/100\n|\n|-damage|p1a: Violin|71\/100 brn|[from] brn\n|upkeep\n|turn|48\n|\n|t:|1700545941\n|switch|p1a: Post-Mantra|Iron Moth, shiny|100\/100\n|-activate|p1a: Post-Mantra|move: Sticky Web\n|-unboost|p1a: Post-Mantra|spe|1\n|-sideend|p1: NeroStudios|move: Toxic Spikes|[of] p1a: Post-Mantra\n|-enditem|p1a: Post-Mantra|Booster Energy\n|-activate|p1a: Post-Mantra|ability: Quark Drive|[fromitem]\n|-start|p1a: Post-Mantra|quarkdrivespa\n|move|p2a: Toxapex|Scald|p1a: Post-Mantra\n|-supereffective|p1a: Post-Mantra\n|-damage|p1a: Post-Mantra|66\/100\n|\n|-end|p2a: Toxapex|move: Future Sight\n|-supereffective|p2a: Toxapex\n|-damage|p2a: Toxapex|0 fnt\n|faint|p2a: Toxapex\n|upkeep\n|\n|t:|1700545956\n|switch|p2a: Ursaluna|Ursaluna, M, tera:Ground|33\/100\n|-damage|p2a: Ursaluna|8\/100|[from] Spikes\n|turn|49\n|\n|t:|1700545963\n|move|p1a: Post-Mantra|Fiery Dance|p2a: Ursaluna\n|-damage|p2a: Ursaluna|0 fnt\n|faint|p2a: Ursaluna\n|\n|win|NeroStudios\n|raw|NeroStudios's rating: 1081 &rarr; <strong>1102<\/strong><br \/>(+21 for winning)\n|raw|ClappedByZay's rating: 1000 &rarr; <strong>1000<\/strong><br \/>(+0 for losing)\n|l|\u2606ClappedByZay\n|c|\u2606NeroStudios|Gg\n","uploadtime":1700545988,"views":13,"p1id":"nerostudios","p2id":"clappedbyzay","formatid":"gen9nationaldex","rating":1000,"private":0,"password":""}