{"id":"gen9nationaldex-1993546017","p1":"i like serperior","p2":"jewzzcluezz","format":"[Gen 9] National Dex","log":"|j|\u2606i like serperior\n|j|\u2606jewzzcluezz\n|t:|1700330253\n|gametype|singles\n|player|p1|i like serperior|colress|1633\n|player|p2|jewzzcluezz|giovanni|1577\n|teamsize|p1|6\n|teamsize|p2|6\n|gen|9\n|tier|[Gen 9] National Dex\n|rated|\n|rule|HP Percentage Mod: HP is shown in percentages\n|rule|Endless Battle Clause: Forcing endless battles is banned\n|rule|OHKO Clause: OHKO moves are banned\n|rule|Evasion Clause: Evasion abilities, items, and moves are banned\n|rule|Evasion Abilities Clause: Evasion abilities are banned\n|rule|Evasion Items Clause: Evasion items are banned\n|rule|Evasion Moves Clause: Evasion moves are banned\n|rule|Species Clause: Limit one of each Pok\u00e9mon\n|rule|Sleep Clause Mod: Limit one foe put to sleep\n|clearpoke\n|poke|p1|Tyranitar, F|\n|poke|p1|Garchomp, M|\n|poke|p1|Dracozolt|\n|poke|p1|Moltres|\n|poke|p1|Gigalith, M|\n|poke|p1|Serperior, F|\n|poke|p2|Zoroark-Hisui, M|\n|poke|p2|Corviknight, M|\n|poke|p2|Samurott-Hisui, M|\n|poke|p2|Slowking-Galar, M|\n|poke|p2|Beedrill, M|\n|poke|p2|Diggersby, M|\n|teampreview\n|\n|t:|1700330267\n|start\n|switch|p1a: Myosotis|Serperior, F, shiny|100\/100\n|switch|p2a: Samurott|Samurott-Hisui, M|100\/100\n|turn|1\n|inactive|Battle timer is ON: inactive players will automatically lose when time's up. (requested by jewzzcluezz)\n|\n|t:|1700330273\n|switch|p2a: Slowking|Slowking-Galar, M, shiny|100\/100\n|move|p1a: Myosotis|Leaf Storm|p2a: Slowking\n|-resisted|p2a: Slowking\n|-damage|p2a: Slowking|80\/100\n|-boost|p1a: Myosotis|spa|2\n|\n|upkeep\n|turn|2\n|\n|t:|1700330282\n|move|p1a: Myosotis|Substitute|p1a: Myosotis\n|-start|p1a: Myosotis|Substitute\n|-damage|p1a: Myosotis|75\/100\n|move|p2a: Slowking|Chilly Reception|p2a: Slowking\n|-weather|Snow\n|\n|t:|1700330287\n|switch|p2a: Beedrill|Beedrill, M, shiny|100\/100|[from] Chilly Reception\n|\n|-weather|Snow|[upkeep]\n|-heal|p1a: Myosotis|82\/100|[from] item: Leftovers\n|upkeep\n|turn|3\n|\n|t:|1700330293\n|detailschange|p2a: Beedrill|Beedrill-Mega, M, shiny\n|-mega|p2a: Beedrill|Beedrill|Beedrillite\n|move|p2a: Beedrill|U-turn|p1a: Myosotis\n|-supereffective|p1a: Myosotis\n|-end|p1a: Myosotis|Substitute\n|\n|t:|1700330297\n|switch|p2a: Slowking|Slowking-Galar, M, shiny|100\/100|[from] U-turn\n|move|p1a: Myosotis|Dragon Pulse|p2a: Slowking\n|-damage|p2a: Slowking|66\/100\n|\n|-weather|Snow|[upkeep]\n|-heal|p1a: Myosotis|88\/100|[from] item: Leftovers\n|upkeep\n|turn|4\n|\n|t:|1700330306\n|move|p1a: Myosotis|Substitute|p1a: Myosotis\n|-start|p1a: Myosotis|Substitute\n|-damage|p1a: Myosotis|63\/100\n|move|p2a: Slowking|Sludge Bomb|p1a: Myosotis\n|-supereffective|p1a: Myosotis\n|-end|p1a: Myosotis|Substitute\n|\n|-weather|Snow|[upkeep]\n|-heal|p1a: Myosotis|69\/100|[from] item: Leftovers\n|upkeep\n|turn|5\n|\n|t:|1700330314\n|switch|p1a: Azurite|Gigalith, M, shiny|100\/100\n|-weather|Sandstorm|[from] ability: Sand Stream|[of] p1a: Azurite\n|move|p2a: Slowking|Sludge Bomb|p1a: Azurite\n|-resisted|p1a: Azurite\n|-damage|p1a: Azurite|83\/100\n|\n|-weather|Sandstorm|[upkeep]\n|-damage|p2a: Slowking|60\/100|[from] Sandstorm\n|upkeep\n|turn|6\n|\n|t:|1700330324\n|switch|p2a: Diggersby|Diggersby, M, shiny|100\/100\n|move|p1a: Azurite|Explosion|p2a: Diggersby\n|-enditem|p1a: Azurite|Normal Gem|[from] gem\n|-damage|p2a: Diggersby|0 fnt\n|faint|p1a: Azurite\n|faint|p2a: Diggersby\n|\n|-weather|Sandstorm|[upkeep]\n|upkeep\n|j| Twintail_Fetish\n|inactive|jewzzcluezz has 120 seconds left.\n|\n|t:|1700330359\n|switch|p2a: Samurott|Samurott-Hisui, M|100\/100\n|switch|p1a: Zyglak|Dracozolt|100\/100\n|turn|7\n|inactive|jewzzcluezz has 120 seconds left.\n|\n|t:|1700330366\n|move|p1a: Zyglak|Bolt Beak|p2a: Samurott\n|-supereffective|p2a: Samurott\n|-enditem|p2a: Samurott|Focus Sash\n|-damage|p2a: Samurott|1\/100\n|-damage|p1a: Zyglak|91\/100|[from] item: Life Orb\n|move|p2a: Samurott|Razor Shell|p1a: Zyglak\n|-resisted|p1a: Zyglak\n|-damage|p1a: Zyglak|63\/100\n|\n|-weather|Sandstorm|[upkeep]\n|-damage|p2a: Samurott|0 fnt|[from] Sandstorm\n|faint|p2a: Samurott\n|upkeep\n|inactive|jewzzcluezz has 120 seconds left.\n|\n|t:|1700330377\n|switch|p2a: Slowking|Slowking-Galar, M, shiny|93\/100\n|turn|8\n|inactive|jewzzcluezz has 120 seconds left.\n|\n|t:|1700330384\n|-terastallize|p1a: Zyglak|Electric\n|move|p1a: Zyglak|Bolt Beak|p2a: Slowking\n|-damage|p2a: Slowking|0 fnt\n|faint|p2a: Slowking\n|-damage|p1a: Zyglak|53\/100|[from] item: Life Orb\n|\n|-weather|Sandstorm|[upkeep]\n|upkeep\n|inactive|jewzzcluezz has 120 seconds left.\n|\n|t:|1700330392\n|switch|p2a: Corviknight|Corviknight, M, shiny|100\/100\n|-ability|p2a: Corviknight|Pressure\n|turn|9\n|\n|t:|1700330396\n|move|p1a: Zyglak|Bolt Beak|p2a: Corviknight\n|-supereffective|p2a: Corviknight\n|-damage|p2a: Corviknight|0 fnt\n|-damage|p1a: Zyglak|37\/100|[from] item: Rocky Helmet|[of] p2a: Corviknight\n|faint|p2a: Corviknight\n|-damage|p1a: Zyglak|27\/100|[from] item: Life Orb\n|\n|-weather|none\n|upkeep\n|\n|t:|1700330403\n|switch|p2a: Beedrill|Beedrill-Mega, M, shiny|100\/100\n|turn|10\n|\n|t:|1700330406\n|switch|p1a: Moltres|Moltres, shiny|100\/100\n|move|p2a: Beedrill|Fell Stinger|p1a: Moltres\n|-resisted|p1a: Moltres\n|-damage|p1a: Moltres|91\/100\n|\n|upkeep\n|turn|11\n|\n|t:|1700330412\n|switch|p1a: Iwajira|Tyranitar, F, shiny|100\/100\n|-weather|Sandstorm|[from] ability: Sand Stream|[of] p1a: Iwajira\n|move|p2a: Beedrill|Poison Jab|p1a: Iwajira\n|-resisted|p1a: Iwajira\n|-damage|p1a: Iwajira|76\/100\n|\n|-weather|Sandstorm|[upkeep]\n|-damage|p2a: Beedrill|95\/100|[from] Sandstorm\n|upkeep\n|turn|12\n|\n|t:|1700330420\n|move|p2a: Beedrill|U-turn|p1a: Iwajira\n|-supereffective|p1a: Iwajira\n|-damage|p1a: Iwajira|0 fnt\n|faint|p1a: Iwajira\n|\n|t:|1700330424\n|switch|p2a: Beedrill|Beedrill-Mega, M, shiny|100\/100|[from] U-turn\n|\n|-weather|Sandstorm|[upkeep]\n|-damage|p2a: Beedrill|95\/100|[from] Sandstorm\n|upkeep\n|\n|t:|1700330429\n|switch|p1a: Zyglak|Dracozolt, tera:Electric|27\/100\n|turn|13\n|\n|t:|1700330432\n|move|p1a: Zyglak|Bolt Beak|p2a: Beedrill\n|-damage|p2a: Beedrill|0 fnt\n|replace|p2a: Zoroark|Zoroark-Hisui, M\n|-end|p2a: Zoroark|Illusion\n|faint|p2a: Zoroark\n|-damage|p1a: Zyglak|17\/100|[from] item: Life Orb\n|\n|-weather|Sandstorm|[upkeep]\n|upkeep\n|\n|t:|1700330438\n|switch|p2a: Beedrill|Beedrill-Mega, M, shiny|95\/100\n|turn|14\n|\n|t:|1700330441\n|move|p1a: Zyglak|Bolt Beak|p2a: Beedrill\n|-damage|p2a: Beedrill|0 fnt\n|faint|p2a: Beedrill\n|-damage|p1a: Zyglak|7\/100|[from] item: Life Orb\n|\n|win|i like serperior\n|raw|i like serperior's rating: 1633 &rarr; <strong>1650<\/strong><br \/>(+17 for winning)\n|raw|jewzzcluezz's rating: 1577 &rarr; <strong>1560<\/strong><br \/>(-17 for losing)\n|l|\u2606jewzzcluezz\n","uploadtime":1700330456,"views":7,"p1id":"ilikeserperior","p2id":"jewzzcluezz","formatid":"gen9nationaldex","rating":1560,"private":0,"password":""}