{"id":"gen9nationaldex-1988243845","p1":"Poof. Jr","p2":"FMRMPL","format":"[Gen 9] National Dex","log":"|j|\u2606Poof. Jr\n|j|\u2606FMRMPL\n|t:|1699693039\n|gametype|singles\n|player|p1|Poof. Jr|265|1283\n|player|p2|FMRMPL|2|1347\n|teamsize|p1|6\n|teamsize|p2|6\n|gen|9\n|tier|[Gen 9] National Dex\n|rated|\n|rule|HP Percentage Mod: HP is shown in percentages\n|rule|Endless Battle Clause: Forcing endless battles is banned\n|rule|OHKO Clause: OHKO moves are banned\n|rule|Evasion Clause: Evasion abilities, items, and moves are banned\n|rule|Evasion Abilities Clause: Evasion abilities are banned\n|rule|Evasion Items Clause: Evasion items are banned\n|rule|Evasion Moves Clause: Evasion moves are banned\n|rule|Species Clause: Limit one of each Pok\u00e9mon\n|rule|Sleep Clause Mod: Limit one foe put to sleep\n|clearpoke\n|poke|p1|Excadrill, M|\n|poke|p1|Dracozolt|\n|poke|p1|Tyranitar, M|\n|poke|p1|Aron, L1, F|\n|poke|p1|Toxapex, F|\n|poke|p1|Corviknight, F|\n|poke|p2|Ferrothorn, F|\n|poke|p2|Toxapex, M|\n|poke|p2|Blissey, F|\n|poke|p2|Garganacl, F|\n|poke|p2|Clefable, M|\n|poke|p2|Slowbro, M|\n|teampreview\n|inactive|Battle timer is ON: inactive players will automatically lose when time's up. (requested by Poof. Jr)\n|\n|t:|1699693048\n|start\n|switch|p1a: Toxapex|Toxapex, F|100\/100\n|switch|p2a: Garganacl|Garganacl, F|100\/100\n|turn|1\n|\n|t:|1699693062\n|move|p1a: Toxapex|Toxic Spikes|p2a: Garganacl\n|-sidestart|p2: FMRMPL|move: Toxic Spikes\n|move|p2a: Garganacl|Salt Cure|p1a: Toxapex\n|-damage|p1a: Toxapex|92\/100\n|-start|p1a: Toxapex|Salt Cure\n|\n|-heal|p1a: Toxapex|99\/100|[from] item: Black Sludge\n|-damage|p1a: Toxapex|74\/100|[from] Salt Cure\n|upkeep\n|turn|2\n|\n|t:|1699693082\n|switch|p1a: Tyranitar|Tyranitar, M|100\/100\n|-weather|Sandstorm|[from] ability: Sand Stream|[of] p1a: Tyranitar\n|move|p2a: Garganacl|Substitute|p2a: Garganacl\n|-start|p2a: Garganacl|Substitute\n|-damage|p2a: Garganacl|76\/100\n|\n|-weather|Sandstorm|[upkeep]\n|-heal|p2a: Garganacl|82\/100|[from] item: Leftovers\n|upkeep\n|turn|3\n|\n|t:|1699693095\n|move|p1a: Tyranitar|Ice Punch|p2a: Garganacl\n|-activate|p2a: Garganacl|move: Substitute|[damage]\n|move|p2a: Garganacl|Salt Cure|p1a: Tyranitar\n|-damage|p1a: Tyranitar|90\/100\n|-start|p1a: Tyranitar|Salt Cure\n|\n|-weather|Sandstorm|[upkeep]\n|-heal|p2a: Garganacl|88\/100|[from] item: Leftovers\n|-damage|p1a: Tyranitar|77\/100|[from] Salt Cure\n|upkeep\n|turn|4\n|inactive|Poof. Jr has 120 seconds left.\n|\n|t:|1699693117\n|switch|p1a: Excadrill|Excadrill, M|100\/100\n|move|p2a: Garganacl|Protect||[still]\n|-fail|p2a: Garganacl\n|\n|-weather|Sandstorm|[upkeep]\n|-heal|p2a: Garganacl|94\/100|[from] item: Leftovers\n|upkeep\n|turn|5\n|inactive|Poof. Jr has 120 seconds left.\n|inactive|FMRMPL has 120 seconds left.\n|\n|t:|1699693162\n|move|p1a: Excadrill|Earthquake|p2a: Garganacl\n|-supereffective|p2a: Garganacl\n|-crit|p2a: Garganacl\n|-end|p2a: Garganacl|Substitute\n|move|p2a: Garganacl|Salt Cure|p1a: Excadrill\n|-resisted|p1a: Excadrill\n|-damage|p1a: Excadrill|96\/100\n|-start|p1a: Excadrill|Salt Cure\n|\n|-weather|Sandstorm|[upkeep]\n|-heal|p2a: Garganacl|99\/100|[from] item: Leftovers\n|-damage|p1a: Excadrill|71\/100|[from] Salt Cure\n|upkeep\n|turn|6\n|inactive|Poof. Jr has 120 seconds left.\n|\n|t:|1699693175\n|move|p2a: Garganacl|Protect|p2a: Garganacl\n|-singleturn|p2a: Garganacl|Protect\n|move|p1a: Excadrill|Earthquake|p2a: Garganacl\n|-activate|p2a: Garganacl|move: Protect\n|\n|-weather|none\n|-heal|p2a: Garganacl|100\/100|[from] item: Leftovers\n|-damage|p1a: Excadrill|46\/100|[from] Salt Cure\n|upkeep\n|turn|7\n|inactive|Poof. Jr has 120 seconds left.\n|\n|t:|1699693185\n|move|p1a: Excadrill|Earthquake|p2a: Garganacl\n|-supereffective|p2a: Garganacl\n|-damage|p2a: Garganacl|37\/100\n|move|p2a: Garganacl|Substitute|p2a: Garganacl\n|-start|p2a: Garganacl|Substitute\n|-damage|p2a: Garganacl|12\/100\n|\n|-heal|p2a: Garganacl|18\/100|[from] item: Leftovers\n|-damage|p1a: Excadrill|22\/100|[from] Salt Cure\n|upkeep\n|turn|8\n|inactive|FMRMPL has 120 seconds left.\n|inactive|Poof. Jr has 120 seconds left.\n|\n|t:|1699693195\n|move|p1a: Excadrill|Stealth Rock|p2a: Garganacl\n|-sidestart|p2: FMRMPL|move: Stealth Rock\n|move|p2a: Garganacl|Recover|p2a: Garganacl\n|-heal|p2a: Garganacl|68\/100\n|\n|-heal|p2a: Garganacl|74\/100|[from] item: Leftovers\n|-damage|p1a: Excadrill|0 fnt|[from] Salt Cure\n|faint|p1a: Excadrill\n|upkeep\n|inactive|Poof. Jr has 120 seconds left.\n|\n|t:|1699693209\n|switch|p1a: Dracozolt|Dracozolt|100\/100\n|turn|9\n|\n|t:|1699693214\n|move|p1a: Dracozolt|Earthquake|p2a: Garganacl\n|-supereffective|p2a: Garganacl\n|-end|p2a: Garganacl|Substitute\n|-damage|p1a: Dracozolt|91\/100|[from] item: Life Orb\n|move|p2a: Garganacl|Salt Cure|p1a: Dracozolt\n|-crit|p1a: Dracozolt\n|-damage|p1a: Dracozolt|65\/100\n|-start|p1a: Dracozolt|Salt Cure\n|\n|-heal|p2a: Garganacl|80\/100|[from] item: Leftovers\n|-damage|p1a: Dracozolt|53\/100|[from] Salt Cure\n|upkeep\n|turn|10\n|inactive|Poof. Jr has 120 seconds left.\n|\n|t:|1699693256\n|switch|p1a: Toxapex|Toxapex, F|100\/100\n|move|p2a: Garganacl|Protect||[still]\n|-fail|p2a: Garganacl\n|\n|-heal|p2a: Garganacl|87\/100|[from] item: Leftovers\n|upkeep\n|turn|11\n|inactive|Poof. Jr has 90 seconds left.\n|\n|t:|1699693282\n|move|p1a: Toxapex|Baneful Bunker|p1a: Toxapex\n|-singleturn|p1a: Toxapex|move: Protect\n|move|p2a: Garganacl|Substitute|p2a: Garganacl\n|-start|p2a: Garganacl|Substitute\n|-damage|p2a: Garganacl|62\/100\n|\n|-heal|p2a: Garganacl|68\/100|[from] item: Leftovers\n|upkeep\n|turn|12\n|inactive|FMRMPL has 120 seconds left.\n|inactive|FMRMPL has 90 seconds left.\n|inactive|FMRMPL has 60 seconds left.\n|\n|t:|1699693372\n|move|p1a: Toxapex|Baneful Bunker||[still]\n|-fail|p1a: Toxapex\n|move|p2a: Garganacl|Salt Cure|p1a: Toxapex\n|-damage|p1a: Toxapex|92\/100\n|-start|p1a: Toxapex|Salt Cure\n|\n|-heal|p2a: Garganacl|74\/100|[from] item: Leftovers\n|-heal|p1a: Toxapex|99\/100|[from] item: Black Sludge\n|-damage|p1a: Toxapex|74\/100|[from] Salt Cure\n|upkeep\n|turn|13\n|inactive|Poof. Jr has 90 seconds left.\n|inactive|FMRMPL has 60 seconds left.\n|\n|t:|1699693396\n|switch|p1a: Corviknight|Corviknight, F|100\/100\n|-ability|p1a: Corviknight|Pressure\n|move|p2a: Garganacl|Recover|p2a: Garganacl\n|-heal|p2a: Garganacl|100\/100\n|\n|upkeep\n|turn|14\n|inactive|FMRMPL has 60 seconds left.\n|\n|t:|1699693421\n|move|p1a: Corviknight|U-turn|p2a: Garganacl\n|-activate|p2a: Garganacl|move: Substitute|[damage]\n|inactive|Poof. Jr has 60 seconds left.\n|\n|t:|1699693451\n|switch|p1a: Dracozolt|Dracozolt|53\/100|[from] U-turn\n|move|p2a: Garganacl|Salt Cure|p1a: Dracozolt\n|-damage|p1a: Dracozolt|36\/100\n|-start|p1a: Dracozolt|Salt Cure\n|\n|-damage|p1a: Dracozolt|24\/100|[from] Salt Cure\n|upkeep\n|turn|15\n|inactive|FMRMPL has 60 seconds left.\n|\n|t:|1699693473\n|move|p2a: Garganacl|Protect|p2a: Garganacl\n|-singleturn|p2a: Garganacl|Protect\n|move|p1a: Dracozolt|Earthquake|p2a: Garganacl\n|-activate|p2a: Garganacl|move: Protect\n|\n|-damage|p1a: Dracozolt|11\/100|[from] Salt Cure\n|upkeep\n|turn|16\n|-message|Poof. Jr forfeited.\n|\n|win|FMRMPL\n|raw|Poof. Jr's rating: 1283 &rarr; <strong>1263<\/strong><br \/>(-20 for losing)\n|raw|FMRMPL's rating: 1347 &rarr; <strong>1363<\/strong><br \/>(+16 for winning)\n|l|\u2606Poof. Jr\n","uploadtime":1699693668,"views":9,"p1id":"poofjr","p2id":"fmrmpl","formatid":"gen9nationaldex","rating":1263,"private":0,"password":""}