{"id":"gen9nationaldex-1998253801","p1":"kjead","p2":"luoxiaoluan","format":"[Gen 9] National Dex","log":"|html|<div class=\"broadcast-blue\"><strong>[Gen 9] National Dex is currently suspecting Sneasler! For information on how to participate check out the <a href=\"https:\/\/www.smogon.com\/forums\/threads\/sv-national-dex-suspect-8-just-dance.3731534\/\">suspect thread<\/a>.<\/strong><\/div>\n|j|\u2606kjead\n|j|\u2606luoxiaoluan\n|t:|1700920361\n|gametype|singles\n|player|p1|kjead|n|1082\n|player|p2|luoxiaoluan|170|1194\n|teamsize|p1|6\n|teamsize|p2|6\n|gen|9\n|tier|[Gen 9] National Dex\n|rated|\n|rule|HP Percentage Mod: HP is shown in percentages\n|rule|Endless Battle Clause: Forcing endless battles is banned\n|rule|OHKO Clause: OHKO moves are banned\n|rule|Evasion Clause: Evasion abilities, items, and moves are banned\n|rule|Evasion Abilities Clause: Evasion abilities are banned\n|rule|Evasion Items Clause: Evasion items are banned\n|rule|Evasion Moves Clause: Evasion moves are banned\n|rule|Species Clause: Limit one of each Pok\u00e9mon\n|rule|Sleep Clause Mod: Limit one foe put to sleep\n|clearpoke\n|poke|p1|Charizard, M|\n|poke|p1|Infernape, M|\n|poke|p1|Cinderace, F|\n|poke|p1|Skeledirge, M|\n|poke|p1|Torkoal, F|\n|poke|p1|Rotom-Heat|\n|poke|p2|Charizard, F|\n|poke|p2|Venusaur, M|\n|poke|p2|Garganacl, F|\n|poke|p2|Torkoal, F|\n|poke|p2|Typhlosion-Hisui, M|\n|poke|p2|Mew|\n|teampreview\n|inactive|Battle timer is ON: inactive players will automatically lose when time's up. (requested by luoxiaoluan)\n|\n|t:|1700920424\n|start\n|switch|p1a: Torkoal|Torkoal, F|100\/100\n|switch|p2a: Charizard|Charizard, F|100\/100\n|-weather|SunnyDay|[from] ability: Drought|[of] p1a: Torkoal\n|turn|1\n|\n|t:|1700920437\n|detailschange|p2a: Charizard|Charizard-Mega-Y, F\n|-mega|p2a: Charizard|Charizard|Charizardite Y\n|move|p2a: Charizard|Scorching Sands|p1a: Torkoal\n|-supereffective|p1a: Torkoal\n|-damage|p1a: Torkoal|23\/100\n|move|p1a: Torkoal|Stealth Rock|p2a: Charizard\n|-sidestart|p2: luoxiaoluan|move: Stealth Rock\n|\n|-weather|SunnyDay|[upkeep]\n|-heal|p1a: Torkoal|29\/100|[from] item: Leftovers\n|upkeep\n|turn|2\n|\n|t:|1700920458\n|switch|p1a: Skeledirge|Skeledirge, M|100\/100\n|move|p2a: Charizard|Weather Ball|p1a: Skeledirge\n|-resisted|p1a: Skeledirge\n|-damage|p1a: Skeledirge|63\/100\n|\n|-weather|SunnyDay|[upkeep]\n|-heal|p1a: Skeledirge|69\/100|[from] item: Leftovers\n|upkeep\n|turn|3\n|\n|t:|1700920463\n|move|p2a: Charizard|Scorching Sands|p1a: Skeledirge\n|-supereffective|p1a: Skeledirge\n|-damage|p1a: Skeledirge|25\/100\n|move|p1a: Skeledirge|Slack Off|p1a: Skeledirge\n|-heal|p1a: Skeledirge|75\/100\n|\n|-weather|SunnyDay|[upkeep]\n|-heal|p1a: Skeledirge|81\/100|[from] item: Leftovers\n|upkeep\n|turn|4\n|\n|t:|1700920467\n|move|p2a: Charizard|Air Slash|p1a: Skeledirge\n|-crit|p1a: Skeledirge\n|-damage|p1a: Skeledirge|30\/100\n|cant|p1a: Skeledirge|flinch\n|\n|-weather|SunnyDay|[upkeep]\n|-heal|p1a: Skeledirge|36\/100|[from] item: Leftovers\n|upkeep\n|turn|5\n|\n|t:|1700920475\n|move|p2a: Charizard|Weather Ball|p1a: Skeledirge\n|-resisted|p1a: Skeledirge\n|-damage|p1a: Skeledirge|0 fnt\n|faint|p1a: Skeledirge\n|\n|-weather|none\n|upkeep\n|\n|t:|1700920482\n|switch|p1a: Rotom|Rotom-Heat|100\/100\n|turn|6\n|\n|t:|1700920488\n|switch|p2a: Torkoal|Torkoal, F|100\/100\n|-damage|p2a: Torkoal|76\/100|[from] Stealth Rock\n|-weather|SunnyDay|[from] ability: Drought|[of] p2a: Torkoal\n|move|p1a: Rotom|Toxic|p2a: Torkoal\n|-status|p2a: Torkoal|tox\n|\n|-weather|SunnyDay|[upkeep]\n|-damage|p2a: Torkoal|70\/100 tox|[from] psn\n|upkeep\n|turn|7\n|\n|t:|1700920499\n|move|p1a: Rotom|Volt Switch|p2a: Torkoal\n|-damage|p2a: Torkoal|44\/100 tox\n|\n|t:|1700920505\n|switch|p1a: Cinderace|Cinderace, F|100\/100|[from] Volt Switch\n|move|p2a: Torkoal|Rapid Spin|p1a: Cinderace\n|-damage|p1a: Cinderace|87\/100\n|-boost|p2a: Torkoal|spe|1\n|-sideend|p2: luoxiaoluan|Stealth Rock|[from] move: Rapid Spin|[of] p2a: Torkoal\n|\n|-weather|SunnyDay|[upkeep]\n|-damage|p2a: Torkoal|32\/100 tox|[from] psn\n|upkeep\n|turn|8\n|\n|t:|1700920510\n|move|p1a: Cinderace|High Jump Kick|p2a: Torkoal\n|-start|p1a: Cinderace|typechange|Fighting|[from] ability: Libero\n|-damage|p2a: Torkoal|0 fnt\n|faint|p2a: Torkoal\n|\n|-weather|SunnyDay|[upkeep]\n|upkeep\n|\n|t:|1700920515\n|switch|p2a: Charizard|Charizard-Mega-Y, F|100\/100\n|turn|9\n|\n|t:|1700920521\n|switch|p1a: Rotom|Rotom-Heat|100\/100\n|move|p2a: Charizard|Weather Ball|p1a: Rotom\n|-resisted|p1a: Rotom\n|-damage|p1a: Rotom|59\/100\n|\n|-weather|SunnyDay|[upkeep]\n|-heal|p1a: Rotom|65\/100|[from] item: Leftovers\n|upkeep\n|turn|10\n|\n|t:|1700920531\n|move|p2a: Charizard|Air Slash|p1a: Rotom|[miss]\n|-miss|p2a: Charizard|p1a: Rotom\n|move|p1a: Rotom|Toxic|p2a: Charizard|[miss]\n|-miss|p1a: Rotom|p2a: Charizard\n|\n|-weather|SunnyDay|[upkeep]\n|-heal|p1a: Rotom|72\/100|[from] item: Leftovers\n|upkeep\n|turn|11\n|\n|t:|1700920542\n|switch|p2a: Venusaur|Venusaur, M|100\/100\n|move|p1a: Rotom|Toxic|p2a: Venusaur\n|-immune|p2a: Venusaur\n|\n|-weather|SunnyDay|[upkeep]\n|-heal|p1a: Rotom|78\/100|[from] item: Leftovers\n|upkeep\n|turn|12\n|\n|t:|1700920549\n|move|p2a: Venusaur|Growth|p2a: Venusaur\n|-boost|p2a: Venusaur|atk|2\n|-boost|p2a: Venusaur|spa|2\n|move|p1a: Rotom|Overheat|p2a: Venusaur\n|-supereffective|p2a: Venusaur\n|-damage|p2a: Venusaur|0 fnt\n|-unboost|p1a: Rotom|spa|2\n|faint|p2a: Venusaur\n|\n|-weather|SunnyDay|[upkeep]\n|-heal|p1a: Rotom|84\/100|[from] item: Leftovers\n|upkeep\n|\n|t:|1700920558\n|switch|p2a: Garganacl|Garganacl, F|100\/100\n|turn|13\n|\n|t:|1700920565\n|move|p1a: Rotom|Volt Switch|p2a: Garganacl\n|-damage|p2a: Garganacl|91\/100\n|\n|t:|1700920567\n|switch|p1a: Torkoal|Torkoal, F|29\/100|[from] Volt Switch\n|move|p2a: Garganacl|Salt Cure|p1a: Torkoal\n|-supereffective|p1a: Torkoal\n|-damage|p1a: Torkoal|11\/100\n|-start|p1a: Torkoal|Salt Cure\n|\n|-weather|none\n|-heal|p2a: Garganacl|97\/100|[from] item: Leftovers\n|-heal|p1a: Torkoal|17\/100|[from] item: Leftovers\n|-damage|p1a: Torkoal|5\/100|[from] Salt Cure\n|upkeep\n|turn|14\n|\n|t:|1700920572\n|move|p2a: Garganacl|Substitute|p2a: Garganacl\n|-start|p2a: Garganacl|Substitute\n|-damage|p2a: Garganacl|73\/100\n|move|p1a: Torkoal|Stealth Rock|p2a: Garganacl\n|-sidestart|p2: luoxiaoluan|move: Stealth Rock\n|\n|-heal|p2a: Garganacl|79\/100|[from] item: Leftovers\n|-heal|p1a: Torkoal|11\/100|[from] item: Leftovers\n|-damage|p1a: Torkoal|0 fnt|[from] Salt Cure\n|faint|p1a: Torkoal\n|upkeep\n|\n|t:|1700920581\n|switch|p1a: Charizard|Charizard, M|100\/100\n|turn|15\n|\n|t:|1700920593\n|switch|p1a: Infernape|Infernape, M|100\/100\n|move|p2a: Garganacl|Salt Cure|p1a: Infernape\n|-damage|p1a: Infernape|79\/100\n|-start|p1a: Infernape|Salt Cure\n|\n|-heal|p2a: Garganacl|85\/100|[from] item: Leftovers\n|-damage|p1a: Infernape|66\/100|[from] Salt Cure\n|upkeep\n|turn|16\n|\n|t:|1700920598\n|move|p1a: Infernape|Mach Punch|p2a: Garganacl\n|-supereffective|p2a: Garganacl\n|-end|p2a: Garganacl|Substitute\n|move|p2a: Garganacl|Salt Cure|p1a: Infernape\n|-damage|p1a: Infernape|47\/100\n|\n|-heal|p2a: Garganacl|91\/100|[from] item: Leftovers\n|-damage|p1a: Infernape|34\/100|[from] Salt Cure\n|upkeep\n|turn|17\n|\n|t:|1700920604\n|move|p2a: Garganacl|Protect|p2a: Garganacl\n|-singleturn|p2a: Garganacl|Protect\n|move|p1a: Infernape|Mach Punch|p2a: Garganacl\n|-activate|p2a: Garganacl|move: Protect\n|\n|-heal|p2a: Garganacl|97\/100|[from] item: Leftovers\n|-damage|p1a: Infernape|22\/100|[from] Salt Cure\n|upkeep\n|turn|18\n|\n|t:|1700920609\n|move|p1a: Infernape|Mach Punch|p2a: Garganacl\n|-supereffective|p2a: Garganacl\n|-damage|p2a: Garganacl|60\/100\n|move|p2a: Garganacl|Substitute|p2a: Garganacl\n|-start|p2a: Garganacl|Substitute\n|-damage|p2a: Garganacl|35\/100\n|\n|-heal|p2a: Garganacl|42\/100|[from] item: Leftovers\n|-damage|p1a: Infernape|10\/100|[from] Salt Cure\n|upkeep\n|turn|19\n|\n|t:|1700920612\n|move|p2a: Garganacl|Protect|p2a: Garganacl\n|-singleturn|p2a: Garganacl|Protect\n|move|p1a: Infernape|Mach Punch|p2a: Garganacl\n|-activate|p2a: Garganacl|move: Protect\n|\n|-heal|p2a: Garganacl|48\/100|[from] item: Leftovers\n|-damage|p1a: Infernape|0 fnt|[from] Salt Cure\n|faint|p1a: Infernape\n|upkeep\n|\n|t:|1700920631\n|switch|p1a: Charizard|Charizard, M|100\/100\n|turn|20\n|\n|t:|1700920635\n|detailschange|p1a: Charizard|Charizard-Mega-Y, M\n|-mega|p1a: Charizard|Charizard|Charizardite Y\n|-weather|SunnyDay|[from] ability: Drought|[of] p1a: Charizard\n|move|p1a: Charizard|Scorching Sands|p2a: Garganacl\n|-supereffective|p2a: Garganacl\n|-end|p2a: Garganacl|Substitute\n|move|p2a: Garganacl|Salt Cure|p1a: Charizard\n|-supereffective|p1a: Charizard\n|-damage|p1a: Charizard|26\/100\n|-start|p1a: Charizard|Salt Cure\n|\n|-weather|SunnyDay|[upkeep]\n|-heal|p2a: Garganacl|54\/100|[from] item: Leftovers\n|-damage|p1a: Charizard|14\/100|[from] Salt Cure\n|upkeep\n|turn|21\n|\n|t:|1700920644\n|move|p2a: Garganacl|Protect|p2a: Garganacl\n|-singleturn|p2a: Garganacl|Protect\n|move|p1a: Charizard|Scorching Sands|p2a: Garganacl\n|-activate|p2a: Garganacl|move: Protect\n|\n|-weather|SunnyDay|[upkeep]\n|-heal|p2a: Garganacl|60\/100|[from] item: Leftovers\n|-damage|p1a: Charizard|2\/100|[from] Salt Cure\n|upkeep\n|turn|22\n|\n|t:|1700920652\n|move|p1a: Charizard|Scorching Sands|p2a: Garganacl\n|-supereffective|p2a: Garganacl\n|-damage|p2a: Garganacl|12\/100\n|move|p2a: Garganacl|Recover|p2a: Garganacl\n|-heal|p2a: Garganacl|62\/100\n|\n|-weather|SunnyDay|[upkeep]\n|-heal|p2a: Garganacl|68\/100|[from] item: Leftovers\n|-damage|p1a: Charizard|0 fnt|[from] Salt Cure\n|faint|p1a: Charizard\n|upkeep\n|\n|t:|1700920657\n|switch|p1a: Cinderace|Cinderace, F|87\/100\n|turn|23\n|\n|t:|1700920663\n|move|p2a: Garganacl|Protect|p2a: Garganacl\n|-singleturn|p2a: Garganacl|Protect\n|move|p1a: Cinderace|Iron Head|p2a: Garganacl\n|-start|p1a: Cinderace|typechange|Steel|[from] ability: Libero\n|-activate|p2a: Garganacl|move: Protect\n|\n|-weather|SunnyDay|[upkeep]\n|-heal|p2a: Garganacl|75\/100|[from] item: Leftovers\n|upkeep\n|turn|24\n|\n|t:|1700920669\n|move|p1a: Cinderace|Iron Head|p2a: Garganacl\n|-supereffective|p2a: Garganacl\n|-damage|p2a: Garganacl|23\/100\n|cant|p2a: Garganacl|flinch\n|\n|-weather|none\n|-heal|p2a: Garganacl|30\/100|[from] item: Leftovers\n|upkeep\n|turn|25\n|\n|t:|1700920677\n|move|p2a: Garganacl|Protect|p2a: Garganacl\n|-singleturn|p2a: Garganacl|Protect\n|move|p1a: Cinderace|Iron Head|p2a: Garganacl\n|-activate|p2a: Garganacl|move: Protect\n|\n|-heal|p2a: Garganacl|36\/100|[from] item: Leftovers\n|upkeep\n|turn|26\n|\n|t:|1700920681\n|-terastallize|p2a: Garganacl|Water\n|move|p1a: Cinderace|Iron Head|p2a: Garganacl\n|-resisted|p2a: Garganacl\n|-damage|p2a: Garganacl|24\/100\n|cant|p2a: Garganacl|flinch\n|\n|-heal|p2a: Garganacl|30\/100|[from] item: Leftovers\n|upkeep\n|turn|27\n|\n|t:|1700920695\n|switch|p1a: Rotom|Rotom-Heat|84\/100\n|move|p2a: Garganacl|Salt Cure|p1a: Rotom\n|-supereffective|p1a: Rotom\n|-damage|p1a: Rotom|54\/100\n|-start|p1a: Rotom|Salt Cure\n|\n|-heal|p1a: Rotom|60\/100|[from] item: Leftovers\n|-heal|p2a: Garganacl|36\/100|[from] item: Leftovers\n|-damage|p1a: Rotom|48\/100|[from] Salt Cure\n|upkeep\n|turn|28\n|\n|t:|1700920701\n|move|p2a: Garganacl|Protect|p2a: Garganacl\n|-singleturn|p2a: Garganacl|Protect\n|move|p1a: Rotom|Volt Switch|p2a: Garganacl\n|-activate|p2a: Garganacl|move: Protect\n|\n|-heal|p1a: Rotom|54\/100|[from] item: Leftovers\n|-heal|p2a: Garganacl|42\/100|[from] item: Leftovers\n|-damage|p1a: Rotom|41\/100|[from] Salt Cure\n|upkeep\n|turn|29\n|\n|t:|1700920705\n|move|p1a: Rotom|Volt Switch|p2a: Garganacl\n|-supereffective|p2a: Garganacl\n|-damage|p2a: Garganacl|0 fnt\n|faint|p2a: Garganacl\n|\n|t:|1700920710\n|switch|p1a: Cinderace|Cinderace, F|87\/100|[from] Volt Switch\n|\n|upkeep\n|\n|t:|1700920723\n|switch|p2a: Typhlosion|Typhlosion-Hisui, M|100\/100\n|-damage|p2a: Typhlosion|75\/100|[from] Stealth Rock\n|-item|p1a: Cinderace|Choice Scarf|[from] ability: Frisk|[of] p2a: Typhlosion|[identify]\n|turn|30\n|\n|t:|1700920738\n|-terastallize|p1a: Cinderace|Fire\n|move|p1a: Cinderace|Pyro Ball|p2a: Typhlosion\n|-resisted|p2a: Typhlosion\n|-damage|p2a: Typhlosion|12\/100\n|move|p2a: Typhlosion|Shadow Ball|p1a: Cinderace\n|-damage|p1a: Cinderace|27\/100\n|\n|upkeep\n|turn|31\n|\n|t:|1700920747\n|move|p1a: Cinderace|Pyro Ball|p2a: Typhlosion\n|-resisted|p2a: Typhlosion\n|-damage|p2a: Typhlosion|0 fnt\n|faint|p2a: Typhlosion\n|\n|upkeep\n|\n|t:|1700920749\n|switch|p2a: Charizard|Charizard-Mega-Y, F|100\/100\n|-damage|p2a: Charizard|51\/100|[from] Stealth Rock\n|-weather|SunnyDay|[from] ability: Drought|[of] p2a: Charizard\n|turn|32\n|\n|t:|1700920754\n|move|p1a: Cinderace|Pyro Ball|p2a: Charizard\n|-resisted|p2a: Charizard\n|-damage|p2a: Charizard|0 fnt\n|faint|p2a: Charizard\n|\n|-weather|SunnyDay|[upkeep]\n|upkeep\n|\n|t:|1700920757\n|switch|p2a: Mew|Mew|100\/100\n|-damage|p2a: Mew|88\/100|[from] Stealth Rock\n|turn|33\n|\n|t:|1700920764\n|move|p1a: Cinderace|Pyro Ball|p2a: Mew\n|-damage|p2a: Mew|5\/100\n|move|p2a: Mew|Cosmic Power|p2a: Mew\n|-boost|p2a: Mew|def|1\n|-boost|p2a: Mew|spd|1\n|\n|-weather|SunnyDay|[upkeep]\n|-heal|p2a: Mew|11\/100|[from] item: Leftovers\n|upkeep\n|turn|34\n|\n|t:|1700920768\n|move|p1a: Cinderace|Pyro Ball|p2a: Mew\n|-damage|p2a: Mew|0 fnt\n|faint|p2a: Mew\n|\n|win|kjead\n|raw|kjead's rating: 1082 &rarr; <strong>1118<\/strong><br \/>(+36 for winning)\n|raw|luoxiaoluan's rating: 1194 &rarr; <strong>1161<\/strong><br \/>(-33 for losing)\n|l|\u2606luoxiaoluan\n","uploadtime":1700920783,"views":1,"p1id":"kjead","p2id":"luoxiaoluan","formatid":"gen9nationaldex","rating":1118,"private":0,"password":""}