{"id":"gen9nationaldex-1990879283","p1":"SSSSSSlizard","p2":"adpg.alt","format":"[Gen 9] National Dex","log":"|j|\u2606SSSSSSlizard\n|j|\u2606adpg.alt\n|t:|1700010645\n|gametype|singles\n|player|p1|SSSSSSlizard|irida|1521\n|player|p2|adpg.alt|hilbert-wonderlauncher|1564\n|teamsize|p1|6\n|teamsize|p2|6\n|gen|9\n|tier|[Gen 9] National Dex\n|rated|\n|rule|HP Percentage Mod: HP is shown in percentages\n|rule|Endless Battle Clause: Forcing endless battles is banned\n|rule|OHKO Clause: OHKO moves are banned\n|rule|Evasion Clause: Evasion abilities, items, and moves are banned\n|rule|Evasion Abilities Clause: Evasion abilities are banned\n|rule|Evasion Items Clause: Evasion items are banned\n|rule|Evasion Moves Clause: Evasion moves are banned\n|rule|Species Clause: Limit one of each Pok\u00e9mon\n|rule|Sleep Clause Mod: Limit one foe put to sleep\n|clearpoke\n|poke|p1|Pelipper, F|\n|poke|p1|Ferrothorn, M|\n|poke|p1|Talonflame, F|\n|poke|p1|Swampert, M|\n|poke|p1|Zapdos|\n|poke|p1|Urshifu-*, F|\n|poke|p2|Samurott-Hisui, M|\n|poke|p2|Grimmsnarl, M|\n|poke|p2|Gyarados, M|\n|poke|p2|Iron Valiant|\n|poke|p2|Sneasler, F|\n|poke|p2|Volcarona, M|\n|teampreview\n|\n|t:|1700010657\n|start\n|switch|p1a: Ferrothorn|Ferrothorn, M|100\/100\n|switch|p2a: Ronin|Samurott-Hisui, M, shiny|100\/100\n|turn|1\n|\n|t:|1700010662\n|move|p2a: Ronin|Ceaseless Edge|p1a: Ferrothorn\n|-damage|p1a: Ferrothorn|69\/100\n|-damage|p2a: Ronin|88\/100|[from] ability: Iron Barbs|[of] p1a: Ferrothorn\n|-sidestart|p1: SSSSSSlizard|Spikes\n|move|p1a: Ferrothorn|Stealth Rock|p2a: Ronin\n|-sidestart|p2: adpg.alt|move: Stealth Rock\n|\n|-heal|p1a: Ferrothorn|75\/100|[from] item: Leftovers\n|upkeep\n|turn|2\n|\n|t:|1700010670\n|move|p2a: Ronin|Taunt|p1a: Ferrothorn\n|-start|p1a: Ferrothorn|move: Taunt\n|cant|p1a: Ferrothorn|move: Taunt|Spikes\n|\n|-heal|p1a: Ferrothorn|81\/100|[from] item: Leftovers\n|upkeep\n|turn|3\n|\n|t:|1700010673\n|move|p2a: Ronin|Ceaseless Edge|p1a: Ferrothorn\n|-crit|p1a: Ferrothorn\n|-damage|p1a: Ferrothorn|36\/100\n|-damage|p2a: Ronin|76\/100|[from] ability: Iron Barbs|[of] p1a: Ferrothorn\n|-sidestart|p1: SSSSSSlizard|Spikes\n|move|p1a: Ferrothorn|Power Whip|p2a: Ronin\n|-supereffective|p2a: Ronin\n|-damage|p2a: Ronin|0 fnt\n|faint|p2a: Ronin\n|\n|-heal|p1a: Ferrothorn|42\/100|[from] item: Leftovers\n|upkeep\n|\n|t:|1700010680\n|switch|p2a: Grimmsnarl|Grimmsnarl, M|100\/100\n|-damage|p2a: Grimmsnarl|88\/100|[from] Stealth Rock\n|turn|4\n|\n|t:|1700010690\n|move|p2a: Grimmsnarl|Reflect|p2a: Grimmsnarl\n|-sidestart|p2: adpg.alt|Reflect\n|move|p1a: Ferrothorn|Gyro Ball|p2a: Grimmsnarl\n|-supereffective|p2a: Grimmsnarl\n|-damage|p2a: Grimmsnarl|55\/100\n|\n|-heal|p1a: Ferrothorn|49\/100|[from] item: Leftovers\n|-end|p1a: Ferrothorn|move: Taunt\n|upkeep\n|turn|5\n|\n|t:|1700010697\n|move|p2a: Grimmsnarl|Parting Shot|p1a: Ferrothorn\n|-unboost|p1a: Ferrothorn|atk|1\n|-unboost|p1a: Ferrothorn|spa|1\n|\n|t:|1700010707\n|switch|p2a: Sonnenk\u00f6nig|Volcarona, M|100\/100|[from] Parting Shot\n|move|p1a: Ferrothorn|Spikes|p2a: Sonnenk\u00f6nig\n|-sidestart|p2: adpg.alt|Spikes\n|\n|-heal|p1a: Ferrothorn|55\/100|[from] item: Leftovers\n|upkeep\n|turn|6\n|\n|t:|1700010713\n|switch|p1a: Urshifu|Urshifu-Rapid-Strike, F|100\/100\n|-damage|p1a: Urshifu|84\/100|[from] Spikes\n|move|p2a: Sonnenk\u00f6nig|Quiver Dance|p2a: Sonnenk\u00f6nig\n|-boost|p2a: Sonnenk\u00f6nig|spa|1\n|-boost|p2a: Sonnenk\u00f6nig|spd|1\n|-boost|p2a: Sonnenk\u00f6nig|spe|1\n|\n|upkeep\n|turn|7\n|\n|t:|1700010730\n|move|p1a: Urshifu|Surging Strikes|p2a: Sonnenk\u00f6nig\n|-supereffective|p2a: Sonnenk\u00f6nig\n|-crit|p2a: Sonnenk\u00f6nig\n|-damage|p2a: Sonnenk\u00f6nig|44\/100\n|-supereffective|p2a: Sonnenk\u00f6nig\n|-crit|p2a: Sonnenk\u00f6nig\n|-damage|p2a: Sonnenk\u00f6nig|0 fnt\n|faint|p2a: Sonnenk\u00f6nig\n|-hitcount|p2: Sonnenk\u00f6nig|2\n|\n|upkeep\n|\n|t:|1700010734\n|switch|p2a: Power Creep?|Gyarados, M|100\/100\n|-damage|p2a: Power Creep?|76\/100|[from] Stealth Rock\n|-ability|p2a: Power Creep?|Intimidate|boost\n|-unboost|p1a: Urshifu|atk|1\n|turn|8\n|\n|t:|1700010768\n|switch|p1a: Zapdos|Zapdos|100\/100\n|move|p2a: Power Creep?|Dragon Dance|p2a: Power Creep?\n|-boost|p2a: Power Creep?|atk|1\n|-boost|p2a: Power Creep?|spe|1\n|\n|upkeep\n|turn|9\n|\n|t:|1700010778\n|detailschange|p2a: Power Creep?|Gyarados-Mega, M\n|-mega|p2a: Power Creep?|Gyarados|Gyaradosite\n|-ability|p2a: Power Creep?|Mold Breaker\n|move|p2a: Power Creep?|Crunch|p1a: Zapdos\n|-damage|p1a: Zapdos|49\/100\n|move|p1a: Zapdos|Volt Switch|p2a: Power Creep?\n|-supereffective|p2a: Power Creep?\n|-damage|p2a: Power Creep?|30\/100\n|j| gfhsfgdfgsd\n|\n|t:|1700010834\n|switch|p1a: Pelipper|Pelipper, F|100\/100|[from] Volt Switch\n|-weather|RainDance|[from] ability: Drizzle|[of] p1a: Pelipper\n|\n|-weather|RainDance|[upkeep]\n|upkeep\n|turn|10\n|\n|t:|1700010838\n|move|p2a: Power Creep?|Dragon Dance|p2a: Power Creep?\n|-boost|p2a: Power Creep?|atk|1\n|-boost|p2a: Power Creep?|spe|1\n|move|p1a: Pelipper|U-turn|p2a: Power Creep?\n|-supereffective|p2a: Power Creep?\n|-damage|p2a: Power Creep?|22\/100\n|\n|t:|1700010848\n|switch|p1a: Talonflame|Talonflame, F|100\/100|[from] U-turn\n|\n|-weather|RainDance|[upkeep]\n|upkeep\n|turn|11\n|\n|t:|1700010855\n|-terastallize|p1a: Talonflame|Flying\n|move|p1a: Talonflame|Hurricane|p2a: Power Creep?\n|-crit|p2a: Power Creep?\n|-damage|p2a: Power Creep?|0 fnt\n|faint|p2a: Power Creep?\n|\n|-weather|RainDance|[upkeep]\n|-sideend|p2: adpg.alt|Reflect\n|upkeep\n|\n|t:|1700010867\n|switch|p2a: Grimmsnarl|Grimmsnarl, M|55\/100\n|-damage|p2a: Grimmsnarl|43\/100|[from] Stealth Rock\n|-damage|p2a: Grimmsnarl|30\/100|[from] Spikes\n|turn|12\n|\n|t:|1700010879\n|move|p1a: Talonflame|Hurricane|p2a: Grimmsnarl\n|-damage|p2a: Grimmsnarl|0 fnt\n|faint|p2a: Grimmsnarl\n|\n|-weather|RainDance|[upkeep]\n|upkeep\n|\n|t:|1700010885\n|switch|p2a: Sweepbot V2|Iron Valiant|100\/100\n|-damage|p2a: Sweepbot V2|94\/100|[from] Stealth Rock\n|-damage|p2a: Sweepbot V2|82\/100|[from] Spikes\n|-enditem|p2a: Sweepbot V2|Booster Energy\n|-activate|p2a: Sweepbot V2|ability: Quark Drive|[fromitem]\n|-start|p2a: Sweepbot V2|quarkdrivespe\n|turn|13\n|\n|t:|1700010893\n|-terastallize|p2a: Sweepbot V2|Steel\n|move|p1a: Talonflame|Hurricane|p2a: Sweepbot V2\n|-resisted|p2a: Sweepbot V2\n|-crit|p2a: Sweepbot V2\n|-damage|p2a: Sweepbot V2|0 fnt\n|faint|p2a: Sweepbot V2\n|-end|p2a: Sweepbot V2|Quark Drive|[silent]\n|\n|-weather|RainDance|[upkeep]\n|upkeep\n|-message|adpg.alt forfeited.\n|\n|win|SSSSSSlizard\n|raw|SSSSSSlizard's rating: 1521 &rarr; <strong>1543<\/strong><br \/>(+22 for winning)\n|raw|adpg.alt's rating: 1564 &rarr; <strong>1542<\/strong><br \/>(-22 for losing)\n|l|\u2606adpg.alt\n|l| gfhsfgdfgsd\n","uploadtime":1700010983,"views":8,"p1id":"sssssslizard","p2id":"adpgalt","formatid":"gen9nationaldex","rating":1542,"private":0,"password":""}