{"id":"gen9nationaldex-1988265516","p1":"Oskarkoks","p2":"Dhenchu","format":"[Gen 9] National Dex","log":"|j|\u2606Oskarkoks\n|j|\u2606Dhenchu\n|t:|1699697741\n|gametype|singles\n|player|p1|Oskarkoks|rosa|1000\n|player|p2|Dhenchu|n|1000\n|teamsize|p1|6\n|teamsize|p2|6\n|gen|9\n|tier|[Gen 9] National Dex\n|rated|\n|rule|HP Percentage Mod: HP is shown in percentages\n|rule|Endless Battle Clause: Forcing endless battles is banned\n|rule|OHKO Clause: OHKO moves are banned\n|rule|Evasion Clause: Evasion abilities, items, and moves are banned\n|rule|Evasion Abilities Clause: Evasion abilities are banned\n|rule|Evasion Items Clause: Evasion items are banned\n|rule|Evasion Moves Clause: Evasion moves are banned\n|rule|Species Clause: Limit one of each Pok\u00e9mon\n|rule|Sleep Clause Mod: Limit one foe put to sleep\n|clearpoke\n|poke|p1|Meowscarada, M|\n|poke|p1|Volcarona, F|\n|poke|p1|Dragonite, F|\n|poke|p1|Glaceon, M|\n|poke|p1|Clodsire, F|\n|poke|p1|Slaking, F|\n|poke|p2|Charizard, M|\n|poke|p2|Greninja-*, M|\n|poke|p2|Venusaur, M|\n|poke|p2|Excadrill, M|\n|poke|p2|Iron Valiant|\n|poke|p2|Mew|\n|teampreview\n|\n|t:|1699697749\n|start\n|switch|p1a: Sid|Slaking, F|100\/100\n|switch|p2a: Greninja|Greninja, M|100\/100\n|turn|1\n|\n|t:|1699697761\n|-terastallize|p1a: Sid|Normal\n|move|p2a: Greninja|Surf|p1a: Sid\n|-damage|p1a: Sid|67\/100\n|move|p1a: Sid|Giga Impact|p2a: Greninja\n|-crit|p2a: Greninja\n|-damage|p2a: Greninja|0 fnt\n|-mustrecharge|p1a: Sid\n|faint|p2a: Greninja\n|\n|upkeep\n|\n|t:|1699697771\n|switch|p2a: Iron Valiant|Iron Valiant, shiny|100\/100\n|turn|2\n|\n|t:|1699697775\n|move|p2a: Iron Valiant|Drain Punch|p1a: Sid\n|-supereffective|p1a: Sid\n|-damage|p1a: Sid|24\/100\n|cant|p1a: Sid|recharge\n|\n|upkeep\n|turn|3\n|\n|t:|1699697782\n|switch|p1a: Multiwitamina|Volcarona, F|100\/100\n|move|p2a: Iron Valiant|Drain Punch|p1a: Multiwitamina\n|-resisted|p1a: Multiwitamina\n|-damage|p1a: Multiwitamina|74\/100\n|\n|upkeep\n|turn|4\n|\n|t:|1699697790\n|-end|p2a: Iron Valiant|Quark Drive|[silent]\n|switch|p2a: Excadrill|Excadrill, M, shiny|100\/100\n|-ability|p2a: Excadrill|Mold Breaker\n|move|p1a: Multiwitamina|Quiver Dance|p1a: Multiwitamina\n|-boost|p1a: Multiwitamina|spa|1\n|-boost|p1a: Multiwitamina|spd|1\n|-boost|p1a: Multiwitamina|spe|1\n|\n|upkeep\n|turn|5\n|\n|t:|1699697801\n|move|p1a: Multiwitamina|Fiery Dance|p2a: Excadrill\n|-supereffective|p2a: Excadrill\n|-damage|p2a: Excadrill|0 fnt\n|-boost|p1a: Multiwitamina|spa|1\n|faint|p2a: Excadrill\n|\n|upkeep\n|\n|t:|1699697809\n|switch|p2a: Iron Valiant|Iron Valiant, shiny|100\/100\n|turn|6\n|\n|t:|1699697817\n|move|p1a: Multiwitamina|Fiery Dance|p2a: Iron Valiant\n|-damage|p2a: Iron Valiant|0 fnt\n|faint|p2a: Iron Valiant\n|-end|p2a: Iron Valiant|Quark Drive|[silent]\n|\n|upkeep\n|\n|t:|1699697823\n|switch|p2a: Charizard|Charizard, M, shiny|100\/100\n|turn|7\n|\n|t:|1699697828\n|detailschange|p2a: Charizard|Charizard-Mega-X, M, shiny\n|-mega|p2a: Charizard|Charizard|Charizardite X\n|move|p1a: Multiwitamina|Fiery Dance|p2a: Charizard\n|-resisted|p2a: Charizard\n|-crit|p2a: Charizard\n|-damage|p2a: Charizard|62\/100\n|-boost|p1a: Multiwitamina|spa|1\n|move|p2a: Charizard|Hurricane|p1a: Multiwitamina\n|-supereffective|p1a: Multiwitamina\n|-damage|p1a: Multiwitamina|39\/100\n|\n|upkeep\n|turn|8\n|\n|t:|1699697839\n|move|p1a: Multiwitamina|Bug Buzz|p2a: Charizard\n|-resisted|p2a: Charizard\n|-damage|p2a: Charizard|0 fnt\n|faint|p2a: Charizard\n|\n|upkeep\n|\n|t:|1699697845\n|switch|p2a: Mew|Mew, shiny|100\/100\n|turn|9\n|\n|t:|1699697850\n|move|p1a: Multiwitamina|Giga Drain|p2a: Mew\n|-damage|p2a: Mew|38\/100\n|-heal|p1a: Multiwitamina|75\/100|[from] drain|[of] p2a: Mew\n|-zpower|p2a: Mew\n|move|p2a: Mew|Genesis Supernova|p1a: Multiwitamina|[zeffect]\n|-damage|p1a: Multiwitamina|37\/100\n|-fieldstart|move: Psychic Terrain\n|\n|upkeep\n|turn|10\n|\n|t:|1699697861\n|move|p1a: Multiwitamina|Giga Drain|p2a: Mew\n|-damage|p2a: Mew|0 fnt\n|-heal|p1a: Multiwitamina|59\/100|[from] drain|[of] p2a: Mew\n|faint|p2a: Mew\n|\n|upkeep\n|\n|t:|1699697867\n|switch|p2a: Venusaur|Venusaur, M, shiny|100\/100\n|turn|11\n|\n|t:|1699697873\n|move|p1a: Multiwitamina|Fiery Dance|p2a: Venusaur\n|-supereffective|p2a: Venusaur\n|-damage|p2a: Venusaur|0 fnt\n|-boost|p1a: Multiwitamina|spa|1\n|faint|p2a: Venusaur\n|\n|win|Oskarkoks\n|raw|Oskarkoks's rating: 1000 &rarr; <strong>1040<\/strong><br \/>(+40 for winning)\n|raw|Dhenchu's rating: 1000 &rarr; <strong>1000<\/strong><br \/>(+0 for losing)\n|l|\u2606Dhenchu\n","uploadtime":1699697980,"views":9,"p1id":"oskarkoks","p2id":"dhenchu","formatid":"gen9nationaldex","rating":1000,"private":0,"password":""}