{"id":"gen9nationaldex-1997802842","p1":"diverse team","p2":"ocho1111","format":"[Gen 9] National Dex","log":"|html|<div class=\"broadcast-blue\"><strong>[Gen 9] National Dex is currently suspecting Sneasler! For information on how to participate check out the <a href=\"https:\/\/www.smogon.com\/forums\/threads\/sv-national-dex-suspect-8-just-dance.3731534\/\">suspect thread<\/a>.<\/strong><\/div>\n|j|\u2606diverse team\n|j|\u2606ocho1111\n|t:|1700854336\n|gametype|singles\n|player|p1|diverse team|unknown|1094\n|player|p2|ocho1111|boarder|1136\n|teamsize|p1|6\n|teamsize|p2|6\n|gen|9\n|tier|[Gen 9] National Dex\n|rated|\n|rule|HP Percentage Mod: HP is shown in percentages\n|rule|Endless Battle Clause: Forcing endless battles is banned\n|rule|OHKO Clause: OHKO moves are banned\n|rule|Evasion Clause: Evasion abilities, items, and moves are banned\n|rule|Evasion Abilities Clause: Evasion abilities are banned\n|rule|Evasion Items Clause: Evasion items are banned\n|rule|Evasion Moves Clause: Evasion moves are banned\n|rule|Species Clause: Limit one of each Pok\u00e9mon\n|rule|Sleep Clause Mod: Limit one foe put to sleep\n|clearpoke\n|poke|p1|Breloom, M|\n|poke|p1|Absol, M|\n|poke|p1|Gastrodon-East, F|\n|poke|p1|Zangoose, M|\n|poke|p1|Sceptile, M|\n|poke|p1|Primeape, M|\n|poke|p2|Mawile, F|\n|poke|p2|Victini|\n|poke|p2|Ursaluna, M|\n|poke|p2|Jellicent, F|\n|poke|p2|Togekiss, M|\n|poke|p2|Meloetta|\n|teampreview\n|\n|t:|1700854344\n|start\n|switch|p1a: Alpharad|Absol, M|100\/100\n|switch|p2a: Jellicent|Jellicent, F|100\/100\n|turn|1\n|c|\u2606ocho1111|absol W\n|c|\u2606diverse team|internet celeb favorite pokemon team!\n|\n|t:|1700854370\n|move|p1a: Alpharad|Night Slash|p2a: Jellicent\n|-supereffective|p2a: Jellicent\n|-crit|p2a: Jellicent\n|-damage|p2a: Jellicent|20\/100\n|move|p2a: Jellicent|Trick Room|p2a: Jellicent\n|-fieldstart|move: Trick Room|[of] p2a: Jellicent\n|\n|-heal|p2a: Jellicent|26\/100|[from] item: Leftovers\n|upkeep\n|turn|2\n|\n|t:|1700854379\n|move|p2a: Jellicent|Scald|p1a: Alpharad\n|-damage|p1a: Alpharad|53\/100\n|-status|p1a: Alpharad|brn\n|move|p1a: Alpharad|Night Slash|p2a: Jellicent\n|-supereffective|p2a: Jellicent\n|-crit|p2a: Jellicent\n|-damage|p2a: Jellicent|0 fnt\n|faint|p2a: Jellicent\n|\n|-damage|p1a: Alpharad|47\/100 brn|[from] brn\n|upkeep\n|\n|t:|1700854388\n|switch|p2a: frebdy fazbor|Ursaluna, M|100\/100\n|turn|3\n|c|\u2606diverse team|super luck + high crit moves\n|\n|t:|1700854397\n|move|p2a: frebdy fazbor|Protect|p2a: frebdy fazbor\n|-singleturn|p2a: frebdy fazbor|Protect\n|move|p1a: Alpharad|Night Slash|p2a: frebdy fazbor\n|-activate|p2a: frebdy fazbor|move: Protect\n|\n|-damage|p1a: Alpharad|41\/100 brn|[from] brn\n|-status|p2a: frebdy fazbor|brn|[from] item: Flame Orb\n|upkeep\n|turn|4\n|\n|t:|1700854407\n|move|p2a: frebdy fazbor|Facade|p1a: Alpharad\n|-crit|p1a: Alpharad\n|-damage|p1a: Alpharad|0 fnt\n|faint|p1a: Alpharad\n|\n|-damage|p2a: frebdy fazbor|94\/100 brn|[from] brn\n|upkeep\n|\n|t:|1700854428\n|switch|p1a: BinjoMonkey TTV|Primeape, M|100\/100\n|turn|5\n|\n|t:|1700854440\n|-terastallize|p1a: BinjoMonkey TTV|Ghost\n|move|p2a: frebdy fazbor|Facade|p1a: BinjoMonkey TTV\n|-immune|p1a: BinjoMonkey TTV\n|move|p1a: BinjoMonkey TTV|Bulk Up|p1a: BinjoMonkey TTV\n|-boost|p1a: BinjoMonkey TTV|atk|1\n|-boost|p1a: BinjoMonkey TTV|def|1\n|\n|-damage|p2a: frebdy fazbor|88\/100 brn|[from] brn\n|-fieldend|move: Trick Room\n|upkeep\n|turn|6\n|\n|t:|1700854455\n|move|p1a: BinjoMonkey TTV|Drain Punch|p2a: frebdy fazbor\n|-supereffective|p2a: frebdy fazbor\n|-damage|p2a: frebdy fazbor|7\/100 brn\n|move|p2a: frebdy fazbor|Earthquake|p1a: BinjoMonkey TTV\n|-damage|p1a: BinjoMonkey TTV|35\/100\n|\n|-damage|p2a: frebdy fazbor|1\/100 brn|[from] brn\n|upkeep\n|turn|7\n|\n|t:|1700854466\n|move|p1a: BinjoMonkey TTV|Earthquake|p2a: frebdy fazbor\n|-damage|p2a: frebdy fazbor|0 fnt\n|faint|p2a: frebdy fazbor\n|\n|upkeep\n|\n|t:|1700854472\n|switch|p2a: Mawile|Mawile, F|100\/100\n|-ability|p2a: Mawile|Intimidate|boost\n|-unboost|p1a: BinjoMonkey TTV|atk|1\n|-ability|p1a: BinjoMonkey TTV|Defiant|boost\n|-boost|p1a: BinjoMonkey TTV|atk|2\n|turn|8\n|\n|t:|1700854482\n|detailschange|p2a: Mawile|Mawile-Mega, F\n|-mega|p2a: Mawile|Mawile|Mawilite\n|move|p2a: Mawile|Sucker Punch|p1a: BinjoMonkey TTV\n|-supereffective|p1a: BinjoMonkey TTV\n|-damage|p1a: BinjoMonkey TTV|0 fnt\n|faint|p1a: BinjoMonkey TTV\n|\n|upkeep\n|\n|t:|1700854512\n|switch|p1a: Mandjtv|Sceptile, M|100\/100\n|turn|9\n|\n|t:|1700854520\n|move|p1a: Mandjtv|Swords Dance|p1a: Mandjtv\n|-boost|p1a: Mandjtv|atk|2\n|move|p2a: Mawile|Swords Dance|p2a: Mawile\n|-boost|p2a: Mawile|atk|2\n|\n|upkeep\n|turn|10\n|\n|t:|1700854533\n|move|p2a: Mawile|Sucker Punch||[still]\n|-fail|p2a: Mawile\n|move|p1a: Mandjtv|Swords Dance|p1a: Mandjtv\n|-boost|p1a: Mandjtv|atk|2\n|\n|upkeep\n|turn|11\n|c|\u2606diverse team|here we go\n|c|\u2606ocho1111|lmao\n|\n|t:|1700854546\n|move|p1a: Mandjtv|Earthquake|p2a: Mawile\n|-supereffective|p2a: Mawile\n|-damage|p2a: Mawile|0 fnt\n|faint|p2a: Mawile\n|\n|upkeep\n|\n|t:|1700854554\n|switch|p2a: Victini|Victini|100\/100\n|turn|12\n|c|\u2606diverse team|and I guessed correct\n|c|\u2606diverse team|hate to see it\n|\n|t:|1700854568\n|move|p2a: Victini|V-create|p1a: Mandjtv\n|-supereffective|p1a: Mandjtv\n|-damage|p1a: Mandjtv|0 fnt\n|-unboost|p2a: Victini|spe|1\n|-unboost|p2a: Victini|def|1\n|-unboost|p2a: Victini|spd|1\n|faint|p1a: Mandjtv\n|\n|upkeep\n|c|\u2606ocho1111|i lost the swords dance race\n|\n|t:|1700854584\n|switch|p1a: JaidenAnimations|Gastrodon-East, F|100\/100\n|turn|13\n|\n|t:|1700854594\n|switch|p2a: Meloetta|Meloetta|100\/100\n|move|p1a: JaidenAnimations|Hydro Pump|p2a: Meloetta\n|-damage|p2a: Meloetta|52\/100\n|\n|-heal|p2a: Meloetta|58\/100|[from] item: Leftovers\n|upkeep\n|turn|14\n|\n|t:|1700854609\n|move|p2a: Meloetta|Psyshock|p1a: JaidenAnimations\n|-damage|p1a: JaidenAnimations|49\/100\n|move|p1a: JaidenAnimations|Hydro Pump|p2a: Meloetta\n|-damage|p2a: Meloetta|8\/100\n|\n|-heal|p2a: Meloetta|14\/100|[from] item: Leftovers\n|upkeep\n|turn|15\n|\n|t:|1700854617\n|move|p2a: Meloetta|Psyshock|p1a: JaidenAnimations\n|-damage|p1a: JaidenAnimations|0 fnt\n|faint|p1a: JaidenAnimations\n|\n|-heal|p2a: Meloetta|20\/100|[from] item: Leftovers\n|upkeep\n|\n|t:|1700854624\n|switch|p1a: PokemonChallenges|Zangoose, M|100\/100\n|turn|16\n|\n|t:|1700854632\n|move|p1a: PokemonChallenges|Agility|p1a: PokemonChallenges\n|-boost|p1a: PokemonChallenges|spe|2\n|move|p2a: Meloetta|Psyshock|p1a: PokemonChallenges\n|-damage|p1a: PokemonChallenges|15\/100\n|\n|-heal|p2a: Meloetta|26\/100|[from] item: Leftovers\n|-status|p1a: PokemonChallenges|tox|[from] item: Toxic Orb\n|upkeep\n|turn|17\n|\n|t:|1700854646\n|move|p1a: PokemonChallenges|Facade|p2a: Meloetta\n|-damage|p2a: Meloetta|0 fnt\n|faint|p2a: Meloetta\n|\n|-damage|p1a: PokemonChallenges|10\/100 tox|[from] psn\n|upkeep\n|\n|t:|1700854658\n|switch|p2a: Togekiss|Togekiss, M|100\/100\n|turn|18\n|\n|t:|1700854661\n|move|p1a: PokemonChallenges|Poison Jab|p2a: Togekiss\n|-supereffective|p2a: Togekiss\n|-damage|p2a: Togekiss|22\/100\n|move|p2a: Togekiss|Air Slash|p1a: PokemonChallenges|[miss]\n|-miss|p2a: Togekiss|p1a: PokemonChallenges\n|\n|-damage|p1a: PokemonChallenges|0 fnt|[from] psn\n|faint|p1a: PokemonChallenges\n|upkeep\n|\n|t:|1700854669\n|switch|p1a: TheOdd1sOut|Breloom, M|100\/100\n|turn|19\n|\n|t:|1700854675\n|move|p1a: TheOdd1sOut|Close Combat|p2a: Togekiss\n|-resisted|p2a: Togekiss\n|-damage|p2a: Togekiss|6\/100\n|-unboost|p1a: TheOdd1sOut|def|1\n|-unboost|p1a: TheOdd1sOut|spd|1\n|move|p2a: Togekiss|Air Slash|p1a: TheOdd1sOut|[miss]\n|-miss|p2a: Togekiss|p1a: TheOdd1sOut\n|\n|upkeep\n|turn|20\n|c|\u2606ocho1111|air miss\n|\n|t:|1700854692\n|move|p1a: TheOdd1sOut|Seed Bomb|p2a: Togekiss\n|-resisted|p2a: Togekiss\n|-damage|p2a: Togekiss|0 fnt\n|faint|p2a: Togekiss\n|\n|upkeep\n|\n|t:|1700854697\n|switch|p2a: Victini|Victini|100\/100\n|turn|21\n|\n|t:|1700854702\n|move|p2a: Victini|V-create|p1a: TheOdd1sOut\n|-supereffective|p1a: TheOdd1sOut\n|-enditem|p1a: TheOdd1sOut|Focus Sash\n|-damage|p1a: TheOdd1sOut|1\/100\n|-unboost|p2a: Victini|spe|1\n|-unboost|p2a: Victini|def|1\n|-unboost|p2a: Victini|spd|1\n|move|p1a: TheOdd1sOut|Swords Dance|p1a: TheOdd1sOut\n|-boost|p1a: TheOdd1sOut|atk|2\n|\n|upkeep\n|turn|22\n|\n|t:|1700854711\n|move|p1a: TheOdd1sOut|Close Combat|p2a: Victini\n|-resisted|p2a: Victini\n|-damage|p2a: Victini|2\/100\n|-unboost|p1a: TheOdd1sOut|def|1\n|-unboost|p1a: TheOdd1sOut|spd|1\n|move|p2a: Victini|V-create|p1a: TheOdd1sOut\n|-supereffective|p1a: TheOdd1sOut\n|-damage|p1a: TheOdd1sOut|0 fnt\n|-unboost|p2a: Victini|spe|1\n|-unboost|p2a: Victini|def|1\n|-unboost|p2a: Victini|spd|1\n|faint|p1a: TheOdd1sOut\n|\n|win|ocho1111\n|raw|diverse team's rating: 1094 &rarr; <strong>1073<\/strong><br \/>(-21 for losing)\n|raw|ocho1111's rating: 1136 &rarr; <strong>1158<\/strong><br \/>(+22 for winning)\n|c|\u2606diverse team|gg\n|c|\u2606ocho1111|NO WAY\n|c|\u2606ocho1111|gg\n|l|\u2606ocho1111\n","uploadtime":1700854731,"views":23,"p1id":"diverseteam","p2id":"ocho1111","formatid":"gen9nationaldex","rating":1073,"private":0,"password":""}