{"id":"gen9nationaldex-1993534276","p1":"ShinyScarfy","p2":"Trockenschwamm","format":"[Gen 9] National Dex","log":"|j|\u2606ShinyScarfy\n|j|\u2606Trockenschwamm\n|t:|1700328982\n|gametype|singles\n|player|p1|ShinyScarfy|alec-anime|1356\n|player|p2|Trockenschwamm|cynthia-gen4|1333\n|teamsize|p1|6\n|teamsize|p2|6\n|gen|9\n|tier|[Gen 9] National Dex\n|rated|\n|rule|HP Percentage Mod: HP is shown in percentages\n|rule|Endless Battle Clause: Forcing endless battles is banned\n|rule|OHKO Clause: OHKO moves are banned\n|rule|Evasion Clause: Evasion abilities, items, and moves are banned\n|rule|Evasion Abilities Clause: Evasion abilities are banned\n|rule|Evasion Items Clause: Evasion items are banned\n|rule|Evasion Moves Clause: Evasion moves are banned\n|rule|Species Clause: Limit one of each Pok\u00e9mon\n|rule|Sleep Clause Mod: Limit one foe put to sleep\n|clearpoke\n|poke|p1|Zoroark-Hisui, M|\n|poke|p1|Togekiss, F|\n|poke|p1|Samurott-Hisui, M|\n|poke|p1|Gliscor, M|\n|poke|p1|Lopunny, F|\n|poke|p1|Goodra-Hisui, F|\n|poke|p2|Pelipper, M|\n|poke|p2|Swampert, M|\n|poke|p2|Manaphy|\n|poke|p2|Zapdos|\n|poke|p2|Kartana|\n|poke|p2|Dondozo, F|\n|teampreview\n|inactive|Battle timer is ON: inactive players will automatically lose when time's up. (requested by ShinyScarfy)\n|\n|t:|1700328994\n|start\n|switch|p1a: Samurott|Samurott-Hisui, M|100\/100\n|switch|p2a: Kartana|Kartana|100\/100\n|turn|1\n|\n|t:|1700329000\n|switch|p1a: Togekiss|Togekiss, F|100\/100\n|-terastallize|p2a: Kartana|Grass\n|move|p2a: Kartana|Leaf Blade|p1a: Togekiss\n|-resisted|p1a: Togekiss\n|-damage|p1a: Togekiss|62\/100\n|\n|upkeep\n|turn|2\n|\n|t:|1700329025\n|switch|p2a: Pelipper|Pelipper, M|100\/100\n|-weather|RainDance|[from] ability: Drizzle|[of] p2a: Pelipper\n|move|p1a: Togekiss|Air Slash|p2a: Pelipper\n|-damage|p2a: Pelipper|42\/100\n|\n|-weather|RainDance|[upkeep]\n|upkeep\n|turn|3\n|inactive|Trockenschwamm has 120 seconds left.\n|\n|t:|1700329053\n|move|p1a: Togekiss|Ancient Power|p2a: Pelipper\n|-supereffective|p2a: Pelipper\n|-damage|p2a: Pelipper|0 fnt\n|faint|p2a: Pelipper\n|\n|-weather|RainDance|[upkeep]\n|upkeep\n|\n|t:|1700329055\n|switch|p2a: Kartana|Kartana, tera:Grass|100\/100\n|turn|4\n|\n|t:|1700329062\n|switch|p1a: Goodra|Goodra-Hisui, F|100\/100\n|move|p2a: Kartana|Smart Strike|p1a: Goodra\n|-resisted|p1a: Goodra\n|-damage|p1a: Goodra|83\/100\n|\n|-weather|RainDance|[upkeep]\n|upkeep\n|turn|5\n|\n|t:|1700329071\n|switch|p2a: Swampert|Swampert, M|100\/100\n|move|p1a: Goodra|Dragon Pulse|p2a: Swampert\n|-damage|p2a: Swampert|56\/100\n|\n|-weather|RainDance|[upkeep]\n|upkeep\n|turn|6\n|\n|t:|1700329080\n|detailschange|p2a: Swampert|Swampert-Mega, M\n|-mega|p2a: Swampert|Swampert|Swampertite\n|-terastallize|p1a: Goodra|Water\n|move|p2a: Swampert|Earthquake|p1a: Goodra\n|-damage|p1a: Goodra|32\/100\n|move|p1a: Goodra|Surf|p2a: Swampert\n|-damage|p2a: Swampert|0 fnt\n|faint|p2a: Swampert\n|\n|-weather|RainDance|[upkeep]\n|upkeep\n|\n|t:|1700329107\n|switch|p2a: Kartana|Kartana, tera:Grass|100\/100\n|turn|7\n|\n|t:|1700329113\n|move|p2a: Kartana|Leaf Blade|p1a: Goodra\n|-ability|p1a: Goodra|Sap Sipper|boost\n|-boost|p1a: Goodra|atk|1\n|move|p1a: Goodra|Dragon Pulse|p2a: Kartana\n|-damage|p2a: Kartana|0 fnt\n|faint|p2a: Kartana\n|\n|-weather|RainDance|[upkeep]\n|upkeep\n|\n|t:|1700329118\n|switch|p2a: Manaphy|Manaphy|100\/100\n|turn|8\n|\n|t:|1700329124\n|move|p2a: Manaphy|Tail Glow|p2a: Manaphy\n|-boost|p2a: Manaphy|spa|3\n|move|p1a: Goodra|Dragon Pulse|p2a: Manaphy\n|-damage|p2a: Manaphy|68\/100\n|\n|-weather|RainDance|[upkeep]\n|upkeep\n|turn|9\n|\n|t:|1700329132\n|move|p2a: Manaphy|Rest|p2a: Manaphy\n|-status|p2a: Manaphy|slp|[from] move: Rest\n|-heal|p2a: Manaphy|100\/100 slp|[silent]\n|move|p1a: Goodra|Dragon Pulse|p2a: Manaphy\n|-damage|p2a: Manaphy|67\/100 slp\n|\n|-weather|none\n|upkeep\n|turn|10\n|\n|t:|1700329140\n|cant|p2a: Manaphy|slp\n|move|p1a: Goodra|Dragon Pulse|p2a: Manaphy\n|-damage|p2a: Manaphy|32\/100 slp\n|\n|upkeep\n|turn|11\n|\n|t:|1700329145\n|cant|p2a: Manaphy|slp\n|move|p1a: Goodra|Dragon Pulse|p2a: Manaphy\n|-damage|p2a: Manaphy|0 fnt\n|faint|p2a: Manaphy\n|\n|upkeep\n|\n|t:|1700329151\n|switch|p2a: Zapdos|Zapdos|100\/100\n|turn|12\n|\n|t:|1700329156\n|switch|p1a: Gliscor|Gliscor, M|100\/100\n|move|p2a: Zapdos|Thunder|p1a: Gliscor\n|-immune|p1a: Gliscor\n|\n|-status|p1a: Gliscor|tox|[from] item: Toxic Orb\n|upkeep\n|turn|13\n|\n|t:|1700329168\n|switch|p2a: Dondozo|Dondozo, F|100\/100\n|move|p1a: Gliscor|Rock Slide|p2a: Dondozo\n|-damage|p2a: Dondozo|91\/100\n|\n|-heal|p2a: Dondozo|97\/100|[from] item: Leftovers\n|upkeep\n|turn|14\n|\n|t:|1700329183\n|switch|p1a: Goodra|Goodra-Hisui, F, tera:Water|32\/100\n|move|p2a: Dondozo|Curse|p2a: Dondozo\n|-unboost|p2a: Dondozo|spe|1\n|-boost|p2a: Dondozo|atk|1\n|-boost|p2a: Dondozo|def|1\n|\n|-heal|p2a: Dondozo|100\/100|[from] item: Leftovers\n|upkeep\n|turn|15\n|\n|t:|1700329196\n|move|p1a: Goodra|Dragon Pulse|p2a: Dondozo\n|-damage|p2a: Dondozo|63\/100\n|move|p2a: Dondozo|Liquidation|p1a: Goodra\n|-resisted|p1a: Goodra\n|-damage|p1a: Goodra|15\/100\n|\n|-heal|p2a: Dondozo|69\/100|[from] item: Leftovers\n|upkeep\n|turn|16\n|\n|t:|1700329203\n|move|p1a: Goodra|Dragon Pulse|p2a: Dondozo\n|-damage|p2a: Dondozo|29\/100\n|move|p2a: Dondozo|Liquidation|p1a: Goodra\n|-resisted|p1a: Goodra\n|-damage|p1a: Goodra|0 fnt\n|faint|p1a: Goodra\n|\n|-heal|p2a: Dondozo|35\/100|[from] item: Leftovers\n|upkeep\n|\n|t:|1700329212\n|switch|p1a: Gliscor|Gliscor, M|100\/100\n|turn|17\n|\n|t:|1700329218\n|replace|p1a: Zoroark|Zoroark-Hisui, M\n|-end|p1a: Zoroark|Illusion\n|-zpower|p1a: Zoroark\n|move|p1a: Zoroark|Breakneck Blitz|p2a: Dondozo|[zeffect]\n|-damage|p2a: Dondozo|0 fnt\n|faint|p2a: Dondozo\n|\n|upkeep\n|\n|t:|1700329224\n|switch|p2a: Zapdos|Zapdos|100\/100\n|turn|18\n|\n|t:|1700329227\n|move|p1a: Zoroark|Hyper Voice|p2a: Zapdos\n|-damage|p2a: Zapdos|50\/100\n|move|p2a: Zapdos|Hurricane|p1a: Zoroark\n|-damage|p1a: Zoroark|0 fnt\n|faint|p1a: Zoroark\n|\n|upkeep\n|\n|t:|1700329232\n|switch|p1a: Samurott|Samurott-Hisui, M|100\/100\n|turn|19\n|\n|t:|1700329235\n|move|p1a: Samurott|Aqua Cutter|p2a: Zapdos\n|-damage|p2a: Zapdos|0 fnt\n|faint|p2a: Zapdos\n|\n|win|ShinyScarfy\n|raw|ShinyScarfy's rating: 1356 &rarr; <strong>1375<\/strong><br \/>(+19 for winning)\n|raw|Trockenschwamm's rating: 1333 &rarr; <strong>1314<\/strong><br \/>(-19 for losing)\n|c|\u2606ShinyScarfy|Gg\n|l|\u2606Trockenschwamm\n","uploadtime":1700329264,"views":7,"p1id":"shinyscarfy","p2id":"trockenschwamm","formatid":"gen9nationaldex","rating":1314,"private":0,"password":""}