{"id":"gen9nationaldex-1995605947","p1":"MaizeFB","p2":"Saltator","format":"[Gen 9] National Dex","log":"|html|<div class=\"broadcast-blue\"><strong>[Gen 9] National Dex is currently suspecting Sneasler! For information on how to participate check out the <a href=\"https:\/\/www.smogon.com\/forums\/threads\/sv-national-dex-suspect-8-just-dance.3731534\/\">suspect thread<\/a>.<\/strong><\/div>\n|j|\u2606MaizeFB\n|j|\u2606Saltator\n|t:|1700586897\n|gametype|singles\n|player|p1|MaizeFB|265|1379\n|player|p2|Saltator|ghetsis|1314\n|teamsize|p1|6\n|teamsize|p2|6\n|gen|9\n|tier|[Gen 9] National Dex\n|rated|\n|rule|HP Percentage Mod: HP is shown in percentages\n|rule|Endless Battle Clause: Forcing endless battles is banned\n|rule|OHKO Clause: OHKO moves are banned\n|rule|Evasion Clause: Evasion abilities, items, and moves are banned\n|rule|Evasion Abilities Clause: Evasion abilities are banned\n|rule|Evasion Items Clause: Evasion items are banned\n|rule|Evasion Moves Clause: Evasion moves are banned\n|rule|Species Clause: Limit one of each Pok\u00e9mon\n|rule|Sleep Clause Mod: Limit one foe put to sleep\n|clearpoke\n|poke|p1|Cresselia, F|\n|poke|p1|Tapu Koko|\n|poke|p1|Regidrago|\n|poke|p1|Diancie|\n|poke|p1|Ditto|\n|poke|p1|Ribombee, M|\n|poke|p2|Salazzle, F|\n|poke|p2|Magnemite, L1|\n|poke|p2|Probopass, L2, M|\n|poke|p2|Mandibuzz, F|\n|poke|p2|Nosepass, L1, M|\n|poke|p2|Tentacruel, F|\n|teampreview\n|inactive|Battle timer is ON: inactive players will automatically lose when time's up. (requested by MaizeFB)\n|\n|t:|1700586921\n|start\n|switch|p1a: Ribombee|Ribombee, M, shiny|100\/100\n|switch|p2a: Sh\ud83d\udca9tsquid|Tentacruel, F|100\/100\n|turn|1\n|\n|t:|1700586933\n|move|p1a: Ribombee|Stun Spore|p2a: Sh\ud83d\udca9tsquid\n|-status|p2a: Sh\ud83d\udca9tsquid|par\n|move|p2a: Sh\ud83d\udca9tsquid|Toxic|p1a: Ribombee\n|-status|p1a: Ribombee|tox\n|\n|-damage|p1a: Ribombee|94\/100 tox|[from] psn\n|upkeep\n|turn|2\n|\n|t:|1700586942\n|switch|p1a: Diancie|Diancie, shiny|100\/100\n|move|p2a: Sh\ud83d\udca9tsquid|Rapid Spin|p1a: Diancie\n|-resisted|p1a: Diancie\n|-damage|p1a: Diancie|96\/100\n|-boost|p2a: Sh\ud83d\udca9tsquid|spe|1\n|\n|upkeep\n|turn|3\n|\n|t:|1700586952\n|detailschange|p1a: Diancie|Diancie-Mega, shiny\n|-mega|p1a: Diancie|Diancie|Diancite\n|move|p1a: Diancie|Earth Power|p2a: Sh\ud83d\udca9tsquid\n|-supereffective|p2a: Sh\ud83d\udca9tsquid\n|-damage|p2a: Sh\ud83d\udca9tsquid|44\/100 par\n|move|p2a: Sh\ud83d\udca9tsquid|Scald|p1a: Diancie\n|-supereffective|p1a: Diancie\n|-damage|p1a: Diancie|38\/100\n|\n|-heal|p2a: Sh\ud83d\udca9tsquid|50\/100 par|[from] item: Leftovers\n|upkeep\n|turn|4\n|\n|t:|1700586965\n|-terastallize|p2a: Sh\ud83d\udca9tsquid|Flying\n|move|p1a: Diancie|Moonblast|p2a: Sh\ud83d\udca9tsquid\n|-damage|p2a: Sh\ud83d\udca9tsquid|3\/100 par\n|cant|p2a: Sh\ud83d\udca9tsquid|par\n|\n|-heal|p2a: Sh\ud83d\udca9tsquid|9\/100 par|[from] item: Leftovers\n|upkeep\n|turn|5\n|\n|t:|1700586975\n|switch|p2a: No Fun Allowed|Salazzle, F|100\/100\n|move|p1a: Diancie|Moonblast|p2a: No Fun Allowed\n|-resisted|p2a: No Fun Allowed\n|-damage|p2a: No Fun Allowed|75\/100\n|\n|-heal|p2a: No Fun Allowed|81\/100|[from] item: Leftovers\n|upkeep\n|turn|6\n|\n|t:|1700586986\n|move|p2a: No Fun Allowed|Flamethrower|p1a: Diancie\n|-resisted|p1a: Diancie\n|-crit|p1a: Diancie\n|-damage|p1a: Diancie|0 fnt\n|faint|p1a: Diancie\n|\n|-heal|p2a: No Fun Allowed|87\/100|[from] item: Leftovers\n|upkeep\n|\n|t:|1700586998\n|switch|p1a: Tapu Koko|Tapu Koko|100\/100\n|-fieldstart|move: Electric Terrain|[from] ability: Electric Surge|[of] p1a: Tapu Koko\n|turn|7\n|\n|t:|1700587017\n|move|p2a: No Fun Allowed|Protect|p2a: No Fun Allowed\n|-singleturn|p2a: No Fun Allowed|Protect\n|move|p1a: Tapu Koko|Wild Charge|p2a: No Fun Allowed\n|-activate|p2a: No Fun Allowed|move: Protect\n|\n|-heal|p2a: No Fun Allowed|93\/100|[from] item: Leftovers\n|upkeep\n|turn|8\n|\n|t:|1700587026\n|switch|p2a: Literally Level 1|Magnemite, L1|100\/100\n|move|p1a: Tapu Koko|Wild Charge|p2a: Literally Level 1\n|-resisted|p2a: Literally Level 1\n|-ability|p2a: Literally Level 1|Sturdy\n|-damage|p2a: Literally Level 1|10\/100\n|-enditem|p2a: Literally Level 1|Berry Juice\n|-heal|p2a: Literally Level 1|100\/100|[from] item: Berry Juice\n|-damage|p1a: Tapu Koko|99\/100|[from] Recoil\n|-damage|p1a: Tapu Koko|89\/100|[from] item: Life Orb\n|\n|upkeep\n|turn|9\n|\n|t:|1700587038\n|move|p1a: Tapu Koko|U-turn|p2a: Literally Level 1\n|-resisted|p2a: Literally Level 1\n|-ability|p2a: Literally Level 1|Sturdy\n|-damage|p2a: Literally Level 1|10\/100\n|-damage|p1a: Tapu Koko|80\/100|[from] item: Life Orb\n|\n|t:|1700587044\n|switch|p1a: Ditto|Ditto|100\/100|[from] U-turn\n|-transform|p1a: Ditto|p2a: Literally Level 1|[from] ability: Imposter\n|move|p2a: Literally Level 1|Recycle|p2a: Literally Level 1\n|-item|p2a: Literally Level 1|Berry Juice|[from] move: Recycle\n|-enditem|p2a: Literally Level 1|Berry Juice\n|-heal|p2a: Literally Level 1|100\/100|[from] item: Berry Juice\n|\n|upkeep\n|turn|10\n|c|\u2606Saltator|lol\n|\n|t:|1700587070\n|switch|p1a: Ribombee|Ribombee, M, shiny|94\/100 tox\n|move|p2a: Literally Level 1|Toxic|p1a: Ribombee\n|-fail|p1a: Ribombee|tox\n|\n|-damage|p1a: Ribombee|88\/100 tox|[from] psn\n|upkeep\n|turn|11\n|\n|t:|1700587083\n|move|p1a: Ribombee|Sticky Web|p2a: Literally Level 1\n|-sidestart|p2: Saltator|move: Sticky Web\n|move|p2a: Literally Level 1|Recycle|p2a: Literally Level 1\n|-item|p2a: Literally Level 1|Berry Juice|[from] move: Recycle\n|\n|-damage|p1a: Ribombee|76\/100 tox|[from] psn\n|-fieldend|move: Electric Terrain\n|upkeep\n|turn|12\n|inactive|MaizeFB has 120 seconds left.\n|inactive|MaizeFB has 90 seconds left.\n|\n|t:|1700587139\n|move|p1a: Ribombee|Moonblast|p2a: Literally Level 1\n|-resisted|p2a: Literally Level 1\n|-ability|p2a: Literally Level 1|Sturdy\n|-damage|p2a: Literally Level 1|10\/100\n|-enditem|p2a: Literally Level 1|Berry Juice\n|-heal|p2a: Literally Level 1|100\/100|[from] item: Berry Juice\n|move|p2a: Literally Level 1|Toxic|p1a: Ribombee\n|-fail|p1a: Ribombee|tox\n|\n|-damage|p1a: Ribombee|58\/100 tox|[from] psn\n|upkeep\n|turn|13\n|\n|t:|1700587150\n|move|p1a: Ribombee|Moonblast|p2a: Literally Level 1\n|-resisted|p2a: Literally Level 1\n|-ability|p2a: Literally Level 1|Sturdy\n|-damage|p2a: Literally Level 1|10\/100\n|-unboost|p2a: Literally Level 1|spa|1\n|move|p2a: Literally Level 1|Recycle|p2a: Literally Level 1\n|-item|p2a: Literally Level 1|Berry Juice|[from] move: Recycle\n|-enditem|p2a: Literally Level 1|Berry Juice\n|-heal|p2a: Literally Level 1|100\/100|[from] item: Berry Juice\n|\n|-damage|p1a: Ribombee|33\/100 tox|[from] psn\n|upkeep\n|turn|14\n|\n|t:|1700587163\n|move|p1a: Ribombee|Stun Spore|p2a: Literally Level 1\n|-immune|p2a: Literally Level 1\n|move|p2a: Literally Level 1|Recycle|p2a: Literally Level 1\n|-item|p2a: Literally Level 1|Berry Juice|[from] move: Recycle\n|\n|-damage|p1a: Ribombee|2\/100 tox|[from] psn\n|upkeep\n|turn|15\n|\n|t:|1700587172\n|move|p2a: Literally Level 1|Protect|p2a: Literally Level 1\n|-singleturn|p2a: Literally Level 1|Protect\n|move|p1a: Ribombee|Moonblast|p2a: Literally Level 1\n|-activate|p2a: Literally Level 1|move: Protect\n|\n|-damage|p1a: Ribombee|0 fnt|[from] psn\n|faint|p1a: Ribombee\n|upkeep\n|\n|t:|1700587182\n|switch|p1a: Tapu Koko|Tapu Koko|80\/100\n|-fieldstart|move: Electric Terrain|[from] ability: Electric Surge|[of] p1a: Tapu Koko\n|turn|16\n|\n|t:|1700587203\n|move|p2a: Literally Level 1|Protect||[still]\n|-fail|p2a: Literally Level 1\n|move|p1a: Tapu Koko|Iron Head|p2a: Literally Level 1\n|-resisted|p2a: Literally Level 1\n|-ability|p2a: Literally Level 1|Sturdy\n|-damage|p2a: Literally Level 1|10\/100\n|-enditem|p2a: Literally Level 1|Berry Juice\n|-heal|p2a: Literally Level 1|100\/100|[from] item: Berry Juice\n|-damage|p1a: Tapu Koko|70\/100|[from] item: Life Orb\n|\n|upkeep\n|turn|17\n|inactive|MaizeFB has 90 seconds left.\n|\n|t:|1700587214\n|move|p1a: Tapu Koko|U-turn|p2a: Literally Level 1\n|-resisted|p2a: Literally Level 1\n|-ability|p2a: Literally Level 1|Sturdy\n|-damage|p2a: Literally Level 1|10\/100\n|-damage|p1a: Tapu Koko|60\/100|[from] item: Life Orb\n|\n|t:|1700587219\n|switch|p1a: Cresselia|Cresselia, F, shiny|100\/100|[from] U-turn\n|-enditem|p1a: Cresselia|Electric Seed\n|-boost|p1a: Cresselia|def|1|[from] item: Electric Seed\n|move|p2a: Literally Level 1|Recycle|p2a: Literally Level 1\n|-item|p2a: Literally Level 1|Berry Juice|[from] move: Recycle\n|-enditem|p2a: Literally Level 1|Berry Juice\n|-heal|p2a: Literally Level 1|100\/100|[from] item: Berry Juice\n|\n|upkeep\n|turn|18\n|inactive|MaizeFB has 90 seconds left.\n|\n|t:|1700587234\n|-terastallize|p1a: Cresselia|Poison\n|move|p1a: Cresselia|Calm Mind|p1a: Cresselia\n|-boost|p1a: Cresselia|spa|1\n|-boost|p1a: Cresselia|spd|1\n|move|p2a: Literally Level 1|Toxic|p1a: Cresselia|[miss]\n|-miss|p2a: Literally Level 1|p1a: Cresselia\n|\n|upkeep\n|turn|19\n|inactive|MaizeFB has 90 seconds left.\n|\n|t:|1700587242\n|switch|p2a: Sh\ud83d\udca9tbird|Mandibuzz, F|100\/100\n|move|p1a: Cresselia|Calm Mind|p1a: Cresselia\n|-boost|p1a: Cresselia|spa|1\n|-boost|p1a: Cresselia|spd|1\n|\n|upkeep\n|turn|20\n|\n|t:|1700587249\n|move|p1a: Cresselia|Moonblast|p2a: Sh\ud83d\udca9tbird\n|-supereffective|p2a: Sh\ud83d\udca9tbird\n|-damage|p2a: Sh\ud83d\udca9tbird|40\/100\n|move|p2a: Sh\ud83d\udca9tbird|Defog|p1a: Cresselia\n|-unboost|p1a: Cresselia|evasion|1\n|-sideend|p2: Saltator|Sticky Web|[from] move: Defog|[of] p2a: Sh\ud83d\udca9tbird\n|-fieldend|move: Electric Terrain\n|\n|upkeep\n|turn|21\n|\n|t:|1700587257\n|switch|p2a: Sh\ud83d\udca9tsquid|Tentacruel, F, tera:Flying|9\/100 par\n|move|p1a: Cresselia|Moonblast|p2a: Sh\ud83d\udca9tsquid\n|-damage|p2a: Sh\ud83d\udca9tsquid|0 fnt\n|faint|p2a: Sh\ud83d\udca9tsquid\n|\n|upkeep\n|\n|t:|1700587266\n|switch|p2a: No Fun Allowed|Salazzle, F|93\/100\n|turn|22\n|\n|t:|1700587270\n|move|p2a: No Fun Allowed|Toxic|p1a: Cresselia\n|-status|p1a: Cresselia|tox\n|move|p1a: Cresselia|Stored Power|p2a: No Fun Allowed\n|-supereffective|p2a: No Fun Allowed\n|-damage|p2a: No Fun Allowed|0 fnt\n|faint|p2a: No Fun Allowed\n|\n|-damage|p1a: Cresselia|94\/100 tox|[from] psn\n|upkeep\n|\n|t:|1700587278\n|switch|p2a: Literally Level 1|Magnemite, L1|100\/100\n|turn|23\n|inactive|MaizeFB has 120 seconds left.\n|\n|t:|1700587290\n|move|p1a: Cresselia|Stored Power|p2a: Literally Level 1\n|-resisted|p2a: Literally Level 1\n|-ability|p2a: Literally Level 1|Sturdy\n|-damage|p2a: Literally Level 1|10\/100\n|move|p2a: Literally Level 1|Recycle|p2a: Literally Level 1\n|-item|p2a: Literally Level 1|Berry Juice|[from] move: Recycle\n|-enditem|p2a: Literally Level 1|Berry Juice\n|-heal|p2a: Literally Level 1|100\/100|[from] item: Berry Juice\n|\n|-damage|p1a: Cresselia|82\/100 tox|[from] psn\n|upkeep\n|turn|24\n|inactive|MaizeFB has 120 seconds left.\n|\n|t:|1700587312\n|move|p1a: Cresselia|Stored Power|p2a: Literally Level 1\n|-resisted|p2a: Literally Level 1\n|-ability|p2a: Literally Level 1|Sturdy\n|-damage|p2a: Literally Level 1|10\/100\n|move|p2a: Literally Level 1|Recycle|p2a: Literally Level 1\n|-item|p2a: Literally Level 1|Berry Juice|[from] move: Recycle\n|-enditem|p2a: Literally Level 1|Berry Juice\n|-heal|p2a: Literally Level 1|100\/100|[from] item: Berry Juice\n|\n|-damage|p1a: Cresselia|64\/100 tox|[from] psn\n|upkeep\n|turn|25\n|inactive|MaizeFB has 120 seconds left.\n|\n|t:|1700587325\n|move|p1a: Cresselia|Stored Power|p2a: Literally Level 1\n|-resisted|p2a: Literally Level 1\n|-ability|p2a: Literally Level 1|Sturdy\n|-damage|p2a: Literally Level 1|10\/100\n|move|p2a: Literally Level 1|Recycle|p2a: Literally Level 1\n|-item|p2a: Literally Level 1|Berry Juice|[from] move: Recycle\n|-enditem|p2a: Literally Level 1|Berry Juice\n|-heal|p2a: Literally Level 1|100\/100|[from] item: Berry Juice\n|\n|-damage|p1a: Cresselia|40\/100 tox|[from] psn\n|upkeep\n|turn|26\n|inactive|MaizeFB has 120 seconds left.\n|\n|t:|1700587337\n|move|p1a: Cresselia|Moonlight|p1a: Cresselia\n|-heal|p1a: Cresselia|90\/100 tox\n|move|p2a: Literally Level 1|Recycle|p2a: Literally Level 1\n|-item|p2a: Literally Level 1|Berry Juice|[from] move: Recycle\n|\n|-damage|p1a: Cresselia|59\/100 tox|[from] psn\n|upkeep\n|turn|27\n|\n|t:|1700587346\n|move|p2a: Literally Level 1|Protect|p2a: Literally Level 1\n|-singleturn|p2a: Literally Level 1|Protect\n|move|p1a: Cresselia|Stored Power|p2a: Literally Level 1\n|-activate|p2a: Literally Level 1|move: Protect\n|\n|-damage|p1a: Cresselia|23\/100 tox|[from] psn\n|upkeep\n|turn|28\n|\n|t:|1700587374\n|move|p1a: Cresselia|Moonlight|p1a: Cresselia\n|-heal|p1a: Cresselia|73\/100 tox\n|move|p2a: Literally Level 1|Recycle||[still]\n|-fail|p2a: Literally Level 1\n|\n|-damage|p1a: Cresselia|30\/100 tox|[from] psn\n|upkeep\n|turn|29\n|\n|t:|1700587384\n|move|p2a: Literally Level 1|Protect|p2a: Literally Level 1\n|-singleturn|p2a: Literally Level 1|Protect\n|move|p1a: Cresselia|Moonlight|p1a: Cresselia\n|-heal|p1a: Cresselia|80\/100 tox\n|\n|-damage|p1a: Cresselia|32\/100 tox|[from] psn\n|upkeep\n|turn|30\n|\n|t:|1700587402\n|move|p1a: Cresselia|Moonlight|p1a: Cresselia\n|-heal|p1a: Cresselia|82\/100 tox\n|move|p2a: Literally Level 1|Recycle||[still]\n|-fail|p2a: Literally Level 1\n|\n|-damage|p1a: Cresselia|27\/100 tox|[from] psn\n|upkeep\n|turn|31\n|\n|t:|1700587410\n|move|p1a: Cresselia|Moonlight|p1a: Cresselia\n|-heal|p1a: Cresselia|77\/100 tox\n|move|p2a: Literally Level 1|Toxic|p1a: Cresselia\n|-fail|p1a: Cresselia|tox\n|\n|-damage|p1a: Cresselia|16\/100 tox|[from] psn\n|upkeep\n|turn|32\n|\n|t:|1700587424\n|move|p2a: Literally Level 1|Protect|p2a: Literally Level 1\n|-singleturn|p2a: Literally Level 1|Protect\n|move|p1a: Cresselia|Moonlight|p1a: Cresselia\n|-heal|p1a: Cresselia|66\/100 tox\n|\n|-damage|p1a: Cresselia|0 fnt|[from] psn\n|faint|p1a: Cresselia\n|upkeep\n|\n|t:|1700587438\n|switch|p1a: Ditto|Ditto|100\/100\n|-transform|p1a: Ditto|p2a: Literally Level 1|[from] ability: Imposter\n|turn|33\n|inactive|Saltator has 120 seconds left.\n|\n|t:|1700587477\n|move|p1a: Ditto|Toxic|p2a: Literally Level 1\n|-immune|p2a: Literally Level 1\n|move|p2a: Literally Level 1|Toxic|p1a: Ditto\n|-immune|p1a: Ditto\n|\n|upkeep\n|turn|34\n|\n|t:|1700587484\n|move|p1a: Ditto|Toxic|p2a: Literally Level 1\n|-immune|p2a: Literally Level 1\n|move|p2a: Literally Level 1|Toxic|p1a: Ditto\n|-immune|p1a: Ditto\n|\n|upkeep\n|turn|35\n|\n|t:|1700587496\n|move|p1a: Ditto|Toxic|p2a: Literally Level 1|[miss]\n|-miss|p1a: Ditto|p2a: Literally Level 1\n|move|p2a: Literally Level 1|Toxic|p1a: Ditto\n|-immune|p1a: Ditto\n|\n|upkeep\n|turn|36\n|\n|t:|1700587503\n|move|p1a: Ditto|Toxic|p2a: Literally Level 1\n|-immune|p2a: Literally Level 1\n|move|p2a: Literally Level 1|Toxic|p1a: Ditto|[miss]\n|-miss|p2a: Literally Level 1|p1a: Ditto\n|\n|upkeep\n|turn|37\n|\n|t:|1700587514\n|move|p1a: Ditto|Toxic|p2a: Literally Level 1\n|-immune|p2a: Literally Level 1\n|move|p2a: Literally Level 1|Toxic|p1a: Ditto\n|-immune|p1a: Ditto\n|\n|upkeep\n|turn|38\n|\n|t:|1700587521\n|-activate|p1a: Ditto|move: Struggle\n|move|p1a: Ditto|Struggle|p2a: Literally Level 1\n|-ability|p2a: Literally Level 1|Sturdy\n|-damage|p2a: Literally Level 1|10\/100\n|-enditem|p2a: Literally Level 1|Berry Juice\n|-heal|p2a: Literally Level 1|100\/100|[from] item: Berry Juice\n|-damage|p1a: Ditto|75\/100|[from] recoil\n|move|p2a: Literally Level 1|Toxic|p1a: Ditto\n|-immune|p1a: Ditto\n|\n|upkeep\n|turn|39\n|\n|t:|1700587531\n|-activate|p1a: Ditto|move: Struggle\n|move|p1a: Ditto|Struggle|p2a: Literally Level 1\n|-ability|p2a: Literally Level 1|Sturdy\n|-damage|p2a: Literally Level 1|10\/100\n|-damage|p1a: Ditto|50\/100|[from] recoil\n|move|p2a: Literally Level 1|Recycle|p2a: Literally Level 1\n|-item|p2a: Literally Level 1|Berry Juice|[from] move: Recycle\n|-enditem|p2a: Literally Level 1|Berry Juice\n|-heal|p2a: Literally Level 1|100\/100|[from] item: Berry Juice\n|\n|upkeep\n|turn|40\n|\n|t:|1700587542\n|switch|p2a: Sh\ud83d\udca9tbird|Mandibuzz, F|40\/100\n|-activate|p1a: Ditto|move: Struggle\n|move|p1a: Ditto|Struggle|p2a: Sh\ud83d\udca9tbird\n|-damage|p2a: Sh\ud83d\udca9tbird|40\/100\n|-damage|p1a: Ditto|25\/100|[from] recoil\n|\n|upkeep\n|turn|41\n|\n|t:|1700587551\n|move|p2a: Sh\ud83d\udca9tbird|Roost|p2a: Sh\ud83d\udca9tbird\n|-heal|p2a: Sh\ud83d\udca9tbird|90\/100\n|-singleturn|p2a: Sh\ud83d\udca9tbird|move: Roost\n|-activate|p1a: Ditto|move: Struggle\n|move|p1a: Ditto|Struggle|p2a: Sh\ud83d\udca9tbird\n|-damage|p2a: Sh\ud83d\udca9tbird|90\/100\n|-damage|p1a: Ditto|0 fnt|[from] recoil\n|faint|p1a: Ditto\n|\n|upkeep\n|\n|t:|1700587567\n|switch|p1a: Regidrago|Regidrago|100\/100\n|turn|42\n|\n|t:|1700587583\n|move|p1a: Regidrago|Dragon Energy|p2a: Sh\ud83d\udca9tbird\n|-damage|p2a: Sh\ud83d\udca9tbird|7\/100\n|move|p2a: Sh\ud83d\udca9tbird|Foul Play|p1a: Regidrago\n|-damage|p1a: Regidrago|72\/100\n|\n|upkeep\n|turn|43\n|\n|t:|1700587594\n|switch|p2a: Click the \u274c|Nosepass, L1, M, shiny|100\/100\n|move|p1a: Regidrago|Dragon Energy|p2a: Click the \u274c\n|-ability|p2a: Click the \u274c|Sturdy\n|-damage|p2a: Click the \u274c|10\/100\n|-enditem|p2a: Click the \u274c|Berry Juice\n|-heal|p2a: Click the \u274c|100\/100|[from] item: Berry Juice\n|\n|upkeep\n|turn|44\n|-message|MaizeFB forfeited.\n|\n|win|Saltator\n|raw|MaizeFB's rating: 1379 &rarr; <strong>1357<\/strong><br \/>(-22 for losing)\n|raw|Saltator's rating: 1338 &rarr; <strong>1360<\/strong><br \/>(+22 for winning)\n|l|\u2606MaizeFB\n","uploadtime":1700587620,"views":0,"p1id":"maizefb","p2id":"saltator","formatid":"gen9nationaldex","rating":1357,"private":0,"password":""}