{"id":"gen9nationaldex-1990675013","p1":"IncognitoWorld","p2":"AngryVanio","format":"[Gen 9] National Dex","log":"|j|\u2606IncognitoWorld\n|j|\u2606AngryVanio\n|t:|1699990778\n|gametype|singles\n|player|p1|IncognitoWorld|gambler|1131\n|player|p2|AngryVanio|pokemonbreederf-gen4|1218\n|teamsize|p1|6\n|teamsize|p2|6\n|gen|9\n|tier|[Gen 9] National Dex\n|rated|\n|rule|HP Percentage Mod: HP is shown in percentages\n|rule|Endless Battle Clause: Forcing endless battles is banned\n|rule|OHKO Clause: OHKO moves are banned\n|rule|Evasion Clause: Evasion abilities, items, and moves are banned\n|rule|Evasion Abilities Clause: Evasion abilities are banned\n|rule|Evasion Items Clause: Evasion items are banned\n|rule|Evasion Moves Clause: Evasion moves are banned\n|rule|Species Clause: Limit one of each Pok\u00e9mon\n|rule|Sleep Clause Mod: Limit one foe put to sleep\n|clearpoke\n|poke|p1|Scizor, F|\n|poke|p1|Sceptile, F|\n|poke|p1|Dragonite, M|\n|poke|p1|Mawile, F|\n|poke|p1|Cinccino, M|\n|poke|p1|Furret, M|\n|poke|p2|Tapu Koko|\n|poke|p2|Raichu-Alola, M|\n|poke|p2|Zapdos|\n|poke|p2|Rotom-Wash|\n|poke|p2|Zeraora|\n|poke|p2|Magnezone|\n|teampreview\n|inactive|Battle timer is ON: inactive players will automatically lose when time's up. (requested by IncognitoWorld)\n|inactive|AngryVanio has 120 seconds left.\n|inactive|AngryVanio has 90 seconds left.\n|inactive|AngryVanio has 60 seconds left.\n|\n|t:|1699990941\n|start\n|switch|p1a: Gustavo Fling|Sceptile, F|100\/100\n|switch|p2a: Tapu Koko|Tapu Koko|100\/100\n|-fieldstart|move: Electric Terrain|[from] ability: Electric Surge|[of] p2a: Tapu Koko\n|turn|1\n|inactive|IncognitoWorld has 120 seconds left.\n|\n|t:|1699990988\n|move|p2a: Tapu Koko|Volt Switch|p1a: Gustavo Fling\n|-resisted|p1a: Gustavo Fling\n|-crit|p1a: Gustavo Fling\n|-damage|p1a: Gustavo Fling|43\/100\n|c|\u2606IncognitoWorld|a crit\n|\n|t:|1699990994\n|switch|p2a: Zapdos|Zapdos|100\/100|[from] Volt Switch\n|move|p1a: Gustavo Fling|Dragon Dance|p1a: Gustavo Fling\n|-boost|p1a: Gustavo Fling|atk|1\n|-boost|p1a: Gustavo Fling|spe|1\n|\n|upkeep\n|turn|2\n|c|\u2606AngryVanio|YEAH\n|c|\u2606AngryVanio|CRIT\n|c|\u2606AngryVanio|YEAH\n|c|\u2606AngryVanio|YOUR LOSE BECAUSE CRIT\n|\n|t:|1699991013\n|move|p1a: Gustavo Fling|Fling|p2a: Zapdos\n|-damage|p2a: Zapdos|43\/100\n|-enditem|p1a: Gustavo Fling|Big Nugget|[from] move: Fling\n|move|p2a: Zapdos|Heat Wave|p1a: Gustavo Fling\n|-supereffective|p1a: Gustavo Fling\n|-damage|p1a: Gustavo Fling|0 fnt\n|faint|p1a: Gustavo Fling\n|\n|upkeep\n|c|\u2606AngryVanio|piece of shit, cry baby\n|c|\u2606IncognitoWorld|brother you are the one crying\n|inactive|IncognitoWorld has 90 seconds left.\n|c|\u2606IncognitoWorld|you complained in 5 sentences\n|\n|t:|1699991049\n|switch|p1a: CuteEldritchHorror|Mawile, F|100\/100\n|-ability|p1a: CuteEldritchHorror|Intimidate|boost\n|-unboost|p2a: Zapdos|atk|1\n|turn|3\n|\n|t:|1699991072\n|detailschange|p1a: CuteEldritchHorror|Mawile-Mega, F\n|-mega|p1a: CuteEldritchHorror|Mawile|Mawilite\n|move|p2a: Zapdos|Roost|p2a: Zapdos\n|-heal|p2a: Zapdos|93\/100\n|-singleturn|p2a: Zapdos|move: Roost\n|move|p1a: CuteEldritchHorror|Swords Dance|p1a: CuteEldritchHorror\n|-boost|p1a: CuteEldritchHorror|atk|2\n|\n|upkeep\n|turn|4\n|j|&Syrinix\n|c|&Syrinix|\/log AngryVanio was warned by Syrinix. (Don't be toxic in the battle chat)\n|hidelines|unlink|angryvanio\n|c|&|\/raw If you have questions about this action, please contact staff by making a <a href=\"view-help-request\" class=\"button\">help ticket<\/a>\n|l|&Syrinix\n|inactive|AngryVanio has 90 seconds left.\n|\n|t:|1699991101\n|move|p2a: Zapdos|Heat Wave|p1a: CuteEldritchHorror\n|-supereffective|p1a: CuteEldritchHorror\n|-damage|p1a: CuteEldritchHorror|36\/100\n|move|p1a: CuteEldritchHorror|Knock Off|p2a: Zapdos\n|-damage|p2a: Zapdos|0 fnt\n|-enditem|p2a: Zapdos|Heavy-Duty Boots|[from] move: Knock Off|[of] p1a: CuteEldritchHorror\n|faint|p2a: Zapdos\n|\n|upkeep\n|\n|t:|1699991106\n|switch|p2a: Tapu Koko|Tapu Koko|100\/100\n|turn|5\n|\n|t:|1699991109\n|switch|p2a: Magnezone|Magnezone|100\/100\n|-item|p2a: Magnezone|Air Balloon\n|move|p1a: CuteEldritchHorror|Sucker Punch||[still]\n|-fail|p1a: CuteEldritchHorror\n|\n|-fieldend|move: Electric Terrain\n|upkeep\n|turn|6\n|\n|t:|1699991116\n|move|p2a: Magnezone|Thunderbolt|p1a: CuteEldritchHorror\n|-damage|p1a: CuteEldritchHorror|0 fnt\n|faint|p1a: CuteEldritchHorror\n|\n|upkeep\n|inactive|IncognitoWorld has 120 seconds left.\n|\n|t:|1699991123\n|switch|p1a: Puntable Baby|Cinccino, M|100\/100\n|turn|7\n|\n|t:|1699991133\n|-terastallize|p1a: Puntable Baby|Rock\n|move|p1a: Puntable Baby|Rock Blast|p2a: Magnezone\n|-resisted|p2a: Magnezone\n|-damage|p2a: Magnezone|96\/100\n|-enditem|p2a: Magnezone|Air Balloon\n|-resisted|p2a: Magnezone\n|-damage|p2a: Magnezone|91\/100\n|-resisted|p2a: Magnezone\n|-damage|p2a: Magnezone|86\/100\n|-resisted|p2a: Magnezone\n|-damage|p2a: Magnezone|82\/100\n|-resisted|p2a: Magnezone\n|-damage|p2a: Magnezone|77\/100\n|-hitcount|p2a: Magnezone|5\n|move|p2a: Magnezone|Volt Switch|p1a: Puntable Baby\n|-damage|p1a: Puntable Baby|9\/100\n|\n|t:|1699991136\n|switch|p2a: Tapu Koko|Tapu Koko|100\/100|[from] Volt Switch\n|-fieldstart|move: Electric Terrain|[from] ability: Electric Surge|[of] p2a: Tapu Koko\n|\n|upkeep\n|turn|8\n|\n|t:|1699991143\n|switch|p2a: Magnezone|Magnezone|77\/100\n|move|p1a: Puntable Baby|Tail Slap|p2a: Magnezone\n|-resisted|p2a: Magnezone\n|-damage|p2a: Magnezone|73\/100\n|-resisted|p2a: Magnezone\n|-crit|p2a: Magnezone\n|-damage|p2a: Magnezone|65\/100\n|-resisted|p2a: Magnezone\n|-damage|p2a: Magnezone|60\/100\n|-resisted|p2a: Magnezone\n|-damage|p2a: Magnezone|56\/100\n|-resisted|p2a: Magnezone\n|-damage|p2a: Magnezone|51\/100\n|-hitcount|p2a: Magnezone|5\n|\n|upkeep\n|turn|9\n|inactive|AngryVanio has 120 seconds left.\n|\n|t:|1699991170\n|move|p1a: Puntable Baby|Knock Off|p2a: Magnezone\n|-damage|p2a: Magnezone|36\/100\n|move|p2a: Magnezone|Volt Switch|p1a: Puntable Baby\n|-damage|p1a: Puntable Baby|0 fnt\n|faint|p1a: Puntable Baby\n|\n|t:|1699991175\n|switch|p2a: Raichu|Raichu-Alola, M|100\/100|[from] Volt Switch\n|\n|upkeep\n|\n|t:|1699991179\n|switch|p1a: Se\u00f1or|Scizor, F|100\/100\n|turn|10\n|\n|t:|1699991184\n|switch|p2a: Magnezone|Magnezone|36\/100\n|move|p1a: Se\u00f1or|Swords Dance|p1a: Se\u00f1or\n|-boost|p1a: Se\u00f1or|atk|2\n|\n|upkeep\n|turn|11\n|\n|t:|1699991193\n|-zpower|p1a: Se\u00f1or\n|move|p1a: Se\u00f1or|All-Out Pummeling|p2a: Magnezone|[zeffect]\n|-supereffective|p2a: Magnezone\n|-damage|p2a: Magnezone|0 fnt\n|faint|p2a: Magnezone\n|\n|-fieldend|move: Electric Terrain\n|upkeep\n|c|\u2606IncognitoWorld|lmao\n|\n|t:|1699991199\n|switch|p2a: Rotom|Rotom-Wash|100\/100\n|turn|12\n|\n|t:|1699991225\n|move|p1a: Se\u00f1or|Bullet Punch|p2a: Rotom\n|-resisted|p2a: Rotom\n|-damage|p2a: Rotom|84\/100\n|move|p2a: Rotom|Will-O-Wisp|p1a: Se\u00f1or\n|-status|p1a: Se\u00f1or|brn\n|\n|-heal|p2a: Rotom|91\/100|[from] item: Leftovers\n|-damage|p1a: Se\u00f1or|94\/100 brn|[from] brn\n|upkeep\n|turn|13\n|\n|t:|1699991230\n|switch|p1a: Ferret walk|Furret, M|100\/100\n|-item|p2a: Rotom|Leftovers|[from] ability: Frisk|[of] p1a: Ferret walk|[identify]\n|move|p2a: Rotom|Volt Switch|p1a: Ferret walk\n|-damage|p1a: Ferret walk|64\/100\n|\n|t:|1699991233\n|switch|p2a: Tapu Koko|Tapu Koko|100\/100|[from] Volt Switch\n|-fieldstart|move: Electric Terrain|[from] ability: Electric Surge|[of] p2a: Tapu Koko\n|\n|-damage|p1a: Ferret walk|52\/100|[from] item: Black Sludge\n|upkeep\n|turn|14\n|\n|t:|1699991237\n|move|p2a: Tapu Koko|Volt Switch|p1a: Ferret walk\n|-damage|p1a: Ferret walk|0 fnt\n|faint|p1a: Ferret walk\n|\n|t:|1699991244\n|switch|p2a: Raichu|Raichu-Alola, M|100\/100|[from] Volt Switch\n|\n|upkeep\n|\n|t:|1699991256\n|switch|p1a: Se\u00f1or|Scizor, F|94\/100 brn\n|turn|15\n|\n|t:|1699991265\n|move|p1a: Se\u00f1or|Bullet Punch|p2a: Raichu\n|-resisted|p2a: Raichu\n|-damage|p2a: Raichu|81\/100\n|move|p2a: Raichu|Volt Switch|p1a: Se\u00f1or\n|-damage|p1a: Se\u00f1or|26\/100 brn\n|-damage|p2a: Raichu|71\/100|[from] item: Life Orb\n|\n|t:|1699991269\n|switch|p2a: Zeraora|Zeraora|100\/100|[from] Volt Switch\n|\n|-damage|p1a: Se\u00f1or|20\/100 brn|[from] brn\n|upkeep\n|turn|16\n|\n|t:|1699991273\n|move|p1a: Se\u00f1or|Bullet Punch|p2a: Zeraora\n|-resisted|p2a: Zeraora\n|-damage|p2a: Zeraora|90\/100\n|move|p2a: Zeraora|Fire Punch|p1a: Se\u00f1or\n|-supereffective|p1a: Se\u00f1or\n|-damage|p1a: Se\u00f1or|0 fnt\n|faint|p1a: Se\u00f1or\n|\n|upkeep\n|\n|t:|1699991275\n|switch|p1a: Real Mascot|Dragonite, M|100\/100\n|turn|17\n|\n|t:|1699991287\n|move|p2a: Zeraora|Fire Punch|p1a: Real Mascot\n|-resisted|p1a: Real Mascot\n|-damage|p1a: Real Mascot|81\/100\n|move|p1a: Real Mascot|Dragon Dance|p1a: Real Mascot\n|-boost|p1a: Real Mascot|atk|1\n|-boost|p1a: Real Mascot|spe|1\n|\n|-heal|p1a: Real Mascot|87\/100|[from] item: Leftovers\n|-fieldend|move: Electric Terrain\n|upkeep\n|turn|18\n|\n|t:|1699991296\n|switch|p2a: Tapu Koko|Tapu Koko|100\/100\n|-fieldstart|move: Electric Terrain|[from] ability: Electric Surge|[of] p2a: Tapu Koko\n|move|p1a: Real Mascot|Earthquake|p2a: Tapu Koko\n|-supereffective|p2a: Tapu Koko\n|-damage|p2a: Tapu Koko|0 fnt\n|faint|p2a: Tapu Koko\n|\n|-heal|p1a: Real Mascot|93\/100|[from] item: Leftovers\n|upkeep\n|\n|t:|1699991301\n|switch|p2a: Raichu|Raichu-Alola, M|71\/100\n|turn|19\n|\n|t:|1699991309\n|move|p1a: Real Mascot|Extreme Speed|p2a: Raichu\n|-damage|p2a: Raichu|0 fnt\n|faint|p2a: Raichu\n|\n|-heal|p1a: Real Mascot|99\/100|[from] item: Leftovers\n|upkeep\n|\n|t:|1699991312\n|switch|p2a: Zeraora|Zeraora|90\/100\n|turn|20\n|\n|t:|1699991317\n|move|p1a: Real Mascot|Extreme Speed|p2a: Zeraora\n|-damage|p2a: Zeraora|24\/100\n|move|p2a: Zeraora|Plasma Fists|p1a: Real Mascot\n|-damage|p1a: Real Mascot|0 fnt\n|-fieldactivate|move: Ion Deluge\n|-hint|Normal-type moves become Electric-type after using Plasma Fists.\n|faint|p1a: Real Mascot\n|\n|win|AngryVanio\n|raw|IncognitoWorld's rating: 1151 &rarr; <strong>1131<\/strong><br \/>(-20 for losing)\n|raw|AngryVanio's rating: 1218 &rarr; <strong>1238<\/strong><br \/>(+20 for winning)\n","uploadtime":1699991023,"views":3,"p1id":"incognitoworld","p2id":"angryvanio","formatid":"gen9nationaldex","rating":1131,"private":0,"password":""}