{"id":"gen9nationaldex-1990715146","p1":"Dephe","p2":"Frubblez","format":"[Gen 9] National Dex","log":"|j|\u2606Dephe\n|j|\u2606Frubblez\n|t:|1699994209\n|gametype|singles\n|player|p1|Dephe|erika|\n|player|p2|Frubblez|marnie|\n|teamsize|p1|6\n|teamsize|p2|6\n|gen|9\n|tier|[Gen 9] National Dex\n|rule|HP Percentage Mod: HP is shown in percentages\n|rule|Endless Battle Clause: Forcing endless battles is banned\n|rule|OHKO Clause: OHKO moves are banned\n|rule|Evasion Clause: Evasion abilities, items, and moves are banned\n|rule|Evasion Abilities Clause: Evasion abilities are banned\n|rule|Evasion Items Clause: Evasion items are banned\n|rule|Evasion Moves Clause: Evasion moves are banned\n|rule|Species Clause: Limit one of each Pok\u00e9mon\n|rule|Sleep Clause Mod: Limit one foe put to sleep\n|rule|Z-Move Clause: Z-Moves are banned\n|rule|Terastal Clause: You cannot Terastallize\n|clearpoke\n|poke|p1|Muk, M|\n|poke|p1|Swellow, F|\n|poke|p1|Rotom-Fan|\n|poke|p1|Bronzong|\n|poke|p1|Decidueye, M|\n|poke|p1|Poliwrath, F|\n|poke|p2|Noivern, F|\n|poke|p2|Orthworm, F|\n|poke|p2|Armaldo, M|\n|poke|p2|Shiinotic, F|\n|poke|p2|Qwilfish, M|\n|poke|p2|Ninetales, M|\n|teampreview\n|c|\u2606Frubblez|glhf\n|c|\u2606Dephe|glhf\n|\n|t:|1699994263\n|start\n|switch|p1a: Average Fan|Rotom-Fan|100\/100\n|switch|p2a: Smiles|Orthworm, F|100\/100\n|turn|1\n|\n|t:|1699994276\n|move|p2a: Smiles|Protect|p2a: Smiles\n|-singleturn|p2a: Smiles|Protect\n|move|p1a: Average Fan|Will-O-Wisp|p2a: Smiles\n|-activate|p2a: Smiles|move: Protect\n|\n|upkeep\n|turn|2\n|n| ymbaem|ymbaem\n|\n|t:|1699994288\n|move|p1a: Average Fan|Volt Switch|p2a: Smiles\n|-damage|p2a: Smiles|62\/100\n|j| sonyhawkproskater\n|j| BoWs1rJr\n|\n|t:|1699994303\n|switch|p1a: Mariners suck lol|Decidueye, M, shiny|100\/100|[from] Volt Switch\n|move|p2a: Smiles|Stealth Rock|p1a: Mariners suck lol\n|-sidestart|p1: Dephe|move: Stealth Rock\n|\n|-heal|p2a: Smiles|68\/100|[from] item: Leftovers\n|upkeep\n|turn|3\n|\n|t:|1699994311\n|switch|p2a: Cindy|Shiinotic, F|100\/100\n|move|p1a: Mariners suck lol|Swords Dance|p1a: Mariners suck lol\n|-boost|p1a: Mariners suck lol|atk|2\n|\n|upkeep\n|turn|4\n|\n|t:|1699994327\n|move|p1a: Mariners suck lol|Poltergeist||[still]\n|-fail|p1a: Mariners suck lol\n|move|p2a: Cindy|Moonblast|p1a: Mariners suck lol\n|-damage|p1a: Mariners suck lol|73\/100\n|\n|upkeep\n|turn|5\n|\n|t:|1699994339\n|move|p1a: Mariners suck lol|Leaf Blade|p2a: Cindy\n|-resisted|p2a: Cindy\n|-crit|p2a: Cindy\n|-damage|p2a: Cindy|41\/100\n|move|p2a: Cindy|Moonblast|p1a: Mariners suck lol\n|-damage|p1a: Mariners suck lol|42\/100\n|-unboost|p1a: Mariners suck lol|spa|1\n|\n|upkeep\n|turn|6\n|j| verminion\n|c|\u2606Frubblez|not the crit\n|\n|t:|1699994351\n|switch|p1a: All's Well|Swellow, F|100\/100\n|-damage|p1a: All's Well|76\/100|[from] Stealth Rock\n|move|p2a: Cindy|Strength Sap|p1a: All's Well\n|-unboost|p1a: All's Well|atk|1\n|-heal|p2a: Cindy|98\/100\n|\n|upkeep\n|turn|7\n|c|\u2606Frubblez|rip\n|l| verminion\n|\n|t:|1699994371\n|switch|p2a: Arthur|Armaldo, M|100\/100\n|move|p1a: All's Well|Boomburst|p2a: Arthur\n|-resisted|p2a: Arthur\n|-damage|p2a: Arthur|82\/100\n|\n|upkeep\n|turn|8\n|\n|t:|1699994385\n|switch|p1a: For thee|Bronzong|100\/100\n|-damage|p1a: For thee|94\/100|[from] Stealth Rock\n|move|p2a: Arthur|Knock Off|p1a: For thee\n|-supereffective|p1a: For thee\n|-damage|p1a: For thee|59\/100\n|-enditem|p1a: For thee|Leftovers|[from] move: Knock Off|[of] p2a: Arthur\n|\n|upkeep\n|turn|9\n|c| ymbaem|armaldo user irl??\n|\n|t:|1699994403\n|switch|p2a: Smiles|Orthworm, F|68\/100\n|move|p1a: For thee|Stealth Rock|p2a: Smiles\n|-sidestart|p2: Frubblez|move: Stealth Rock\n|\n|-heal|p2a: Smiles|74\/100|[from] item: Leftovers\n|upkeep\n|turn|10\n|\n|t:|1699994417\n|move|p2a: Smiles|Spikes|p1a: For thee\n|-sidestart|p1: Dephe|Spikes\n|move|p1a: For thee|Body Press|p2a: Smiles\n|-supereffective|p2a: Smiles\n|-damage|p2a: Smiles|33\/100\n|\n|-heal|p2a: Smiles|39\/100|[from] item: Leftovers\n|upkeep\n|turn|11\n|\n|t:|1699994428\n|move|p2a: Smiles|Protect|p2a: Smiles\n|-singleturn|p2a: Smiles|Protect\n|move|p1a: For thee|Body Press|p2a: Smiles\n|-activate|p2a: Smiles|move: Protect\n|\n|-heal|p2a: Smiles|45\/100|[from] item: Leftovers\n|upkeep\n|turn|12\n|\n|t:|1699994438\n|move|p2a: Smiles|Spikes|p1a: For thee\n|-sidestart|p1: Dephe|Spikes\n|move|p1a: For thee|Body Press|p2a: Smiles\n|-supereffective|p2a: Smiles\n|-damage|p2a: Smiles|3\/100\n|\n|-heal|p2a: Smiles|9\/100|[from] item: Leftovers\n|upkeep\n|turn|13\n|\n|t:|1699994445\n|move|p2a: Smiles|Spikes|p1a: For thee\n|-sidestart|p1: Dephe|Spikes\n|move|p1a: For thee|Body Press|p2a: Smiles\n|-supereffective|p2a: Smiles\n|-damage|p2a: Smiles|0 fnt\n|faint|p2a: Smiles\n|\n|upkeep\n|\n|t:|1699994456\n|switch|p2a: Stellaluna|Noivern, F|100\/100\n|turn|14\n|\n|t:|1699994480\n|switch|p1a: Mariners suck lol|Decidueye, M, shiny|42\/100\n|-damage|p1a: Mariners suck lol|29\/100|[from] Stealth Rock\n|-damage|p1a: Mariners suck lol|4\/100|[from] Spikes\n|move|p2a: Stellaluna|Flamethrower|p1a: Mariners suck lol\n|-supereffective|p1a: Mariners suck lol\n|-damage|p1a: Mariners suck lol|0 fnt\n|faint|p1a: Mariners suck lol\n|\n|upkeep\n|\n|t:|1699994488\n|switch|p1a: Average Fan|Rotom-Fan|100\/100\n|turn|15\n|\n|t:|1699994492\n|move|p2a: Stellaluna|Taunt|p1a: Average Fan\n|-start|p1a: Average Fan|move: Taunt\n|cant|p1a: Average Fan|move: Taunt|Defog\n|\n|upkeep\n|turn|16\n|\n|t:|1699994514\n|move|p2a: Stellaluna|Flamethrower|p1a: Average Fan\n|-damage|p1a: Average Fan|76\/100\n|move|p1a: Average Fan|Volt Switch|p2a: Stellaluna\n|-damage|p2a: Stellaluna|62\/100\n|\n|t:|1699994522\n|switch|p1a: The government xD|Muk, M|100\/100|[from] Volt Switch\n|-damage|p1a: The government xD|88\/100|[from] Stealth Rock\n|-damage|p1a: The government xD|63\/100|[from] Spikes\n|\n|upkeep\n|turn|17\n|\n|t:|1699994531\n|switch|p2a: Underqwil|Qwilfish, M|100\/100\n|-damage|p2a: Underqwil|88\/100|[from] Stealth Rock\n|-ability|p2a: Underqwil|Intimidate|boost\n|-unboost|p1a: The government xD|atk|1\n|move|p1a: The government xD|Zen Headbutt|p2a: Underqwil\n|-supereffective|p2a: Underqwil\n|-damage|p2a: Underqwil|58\/100\n|\n|-heal|p2a: Underqwil|64\/100|[from] item: Black Sludge\n|upkeep\n|turn|18\n|c|\u2606Frubblez|oh nice read\n|\n|t:|1699994546\n|switch|p1a: Average Fan|Rotom-Fan|76\/100\n|move|p2a: Underqwil|Liquidation|p1a: Average Fan\n|-damage|p1a: Average Fan|41\/100\n|\n|-heal|p2a: Underqwil|70\/100|[from] item: Black Sludge\n|upkeep\n|turn|19\n|c|\u2606Dephe|ty\n|\n|t:|1699994570\n|move|p1a: Average Fan|Defog|p2a: Underqwil\n|-unboost|p2a: Underqwil|evasion|1\n|-sideend|p2: Frubblez|Stealth Rock|[from] move: Defog|[of] p1a: Average Fan\n|-sideend|p1: Dephe|Spikes|[from] move: Defog|[of] p1a: Average Fan\n|-sideend|p1: Dephe|Stealth Rock|[from] move: Defog|[of] p1a: Average Fan\n|move|p2a: Underqwil|Taunt|p1a: Average Fan\n|-start|p1a: Average Fan|move: Taunt\n|\n|-heal|p2a: Underqwil|76\/100|[from] item: Black Sludge\n|upkeep\n|turn|20\n|\n|t:|1699994579\n|switch|p2a: Cindy|Shiinotic, F|98\/100\n|move|p1a: Average Fan|Volt Switch|p2a: Cindy\n|-resisted|p2a: Cindy\n|-damage|p2a: Cindy|79\/100\n|c|\u2606Frubblez|rip not fast enough\n|\n|t:|1699994585\n|switch|p1a: For thee|Bronzong|59\/100|[from] Volt Switch\n|\n|upkeep\n|turn|21\n|\n|t:|1699994594\n|move|p2a: Cindy|Spore|p1a: For thee\n|-status|p1a: For thee|slp|[from] move: Spore\n|cant|p1a: For thee|slp\n|\n|upkeep\n|turn|22\n|\n|t:|1699994611\n|switch|p2a: Stellaluna|Noivern, F|62\/100\n|-curestatus|p1a: For thee|slp|[msg]\n|move|p1a: For thee|Rain Dance|p1a: For thee\n|-weather|RainDance\n|\n|-weather|RainDance|[upkeep]\n|upkeep\n|turn|23\n|\n|t:|1699994620\n|move|p2a: Stellaluna|Roost|p2a: Stellaluna\n|-heal|p2a: Stellaluna|100\/100\n|-singleturn|p2a: Stellaluna|move: Roost\n|move|p1a: For thee|Steel Beam|p2a: Stellaluna\n|-crit|p2a: Stellaluna\n|-damage|p2a: Stellaluna|32\/100\n|-damage|p1a: For thee|9\/100|[from] steelbeam\n|\n|-weather|RainDance|[upkeep]\n|upkeep\n|turn|24\n|c|\u2606Frubblez|oof the crit\n|\n|t:|1699994631\n|move|p2a: Stellaluna|Roost|p2a: Stellaluna\n|-heal|p2a: Stellaluna|82\/100\n|-singleturn|p2a: Stellaluna|move: Roost\n|move|p1a: For thee|Steel Beam|p2a: Stellaluna\n|-damage|p2a: Stellaluna|35\/100\n|-damage|p1a: For thee|0 fnt|[from] steelbeam\n|faint|p1a: For thee\n|\n|-weather|RainDance|[upkeep]\n|upkeep\n|\n|t:|1699994640\n|switch|p1a: Anura Strike|Poliwrath, F|100\/100\n|turn|25\n|\n|t:|1699994643\n|switch|p2a: Underqwil|Qwilfish, M|76\/100\n|-ability|p2a: Underqwil|Intimidate|boost\n|-unboost|p1a: Anura Strike|atk|1\n|move|p1a: Anura Strike|Ice Punch|p2a: Underqwil\n|-resisted|p2a: Underqwil\n|-damage|p2a: Underqwil|70\/100\n|\n|-weather|RainDance|[upkeep]\n|-heal|p2a: Underqwil|76\/100|[from] item: Black Sludge\n|upkeep\n|turn|26\n|c| BoWs1rJr|I was hoping for da boom\n|\n|t:|1699994657\n|move|p1a: Anura Strike|Belly Drum|p1a: Anura Strike\n|-damage|p1a: Anura Strike|50\/100\n|-setboost|p1a: Anura Strike|atk|6|[from] move: Belly Drum\n|-enditem|p1a: Anura Strike|Sitrus Berry|[eat]\n|-heal|p1a: Anura Strike|75\/100|[from] item: Sitrus Berry\n|move|p2a: Underqwil|Barb Barrage|p1a: Anura Strike\n|-damage|p1a: Anura Strike|58\/100\n|-status|p1a: Anura Strike|psn\n|\n|-weather|none\n|-heal|p2a: Underqwil|82\/100|[from] item: Black Sludge\n|-damage|p1a: Anura Strike|45\/100 psn|[from] psn\n|upkeep\n|turn|27\n|l| ymbaem\n|\n|t:|1699994684\n|switch|p2a: Cindy|Shiinotic, F|79\/100\n|move|p1a: Anura Strike|Liquidation|p2a: Cindy\n|-resisted|p2a: Cindy\n|-damage|p2a: Cindy|15\/100\n|-unboost|p2a: Cindy|def|1\n|\n|-damage|p1a: Anura Strike|33\/100 psn|[from] psn\n|upkeep\n|turn|28\n|\n|t:|1699994695\n|move|p1a: Anura Strike|Liquidation|p2a: Cindy\n|-resisted|p2a: Cindy\n|-damage|p2a: Cindy|0 fnt\n|faint|p2a: Cindy\n|\n|-damage|p1a: Anura Strike|20\/100 psn|[from] psn\n|upkeep\n|\n|t:|1699994715\n|switch|p2a: beabadoobee|Ninetales, M|100\/100\n|turn|29\n|\n|t:|1699994726\n|move|p2a: beabadoobee|Energy Ball|p1a: Anura Strike\n|-supereffective|p1a: Anura Strike\n|-damage|p1a: Anura Strike|0 fnt\n|faint|p1a: Anura Strike\n|\n|upkeep\n|\n|t:|1699994732\n|switch|p1a: The government xD|Muk, M|63\/100\n|turn|30\n|\n|t:|1699994738\n|switch|p2a: Underqwil|Qwilfish, M|82\/100\n|-ability|p2a: Underqwil|Intimidate|boost\n|-unboost|p1a: The government xD|atk|1\n|switch|p1a: Average Fan|Rotom-Fan|41\/100\n|\n|-heal|p2a: Underqwil|88\/100|[from] item: Black Sludge\n|upkeep\n|turn|31\n|\n|t:|1699994752\n|switch|p2a: beabadoobee|Ninetales, M|100\/100\n|move|p1a: Average Fan|Will-O-Wisp|p2a: beabadoobee\n|-start|p2a: beabadoobee|ability: Flash Fire\n|\n|upkeep\n|turn|32\n|\n|t:|1699994760\n|move|p2a: beabadoobee|Flamethrower|p1a: Average Fan\n|-damage|p1a: Average Fan|0 fnt\n|faint|p1a: Average Fan\n|\n|upkeep\n|\n|t:|1699994765\n|switch|p1a: The government xD|Muk, M|63\/100\n|turn|33\n|\n|t:|1699994770\n|move|p2a: beabadoobee|Flamethrower|p1a: The government xD\n|-damage|p1a: The government xD|30\/100\n|move|p1a: The government xD|Poison Jab|p2a: beabadoobee\n|-damage|p2a: beabadoobee|45\/100\n|-status|p2a: beabadoobee|psn\n|\n|-damage|p2a: beabadoobee|33\/100 psn|[from] psn\n|upkeep\n|turn|34\n|\n|t:|1699994778\n|move|p2a: beabadoobee|Flamethrower|p1a: The government xD\n|-damage|p1a: The government xD|0 fnt\n|faint|p1a: The government xD\n|\n|-damage|p2a: beabadoobee|20\/100 psn|[from] psn\n|upkeep\n|\n|t:|1699994784\n|switch|p1a: All's Well|Swellow, F|76\/100\n|turn|35\n|c|\u2606Frubblez|gg\n|c|\u2606Frubblez|wp\n|c|\u2606Dephe|gg\n|\n|t:|1699994790\n|move|p2a: beabadoobee|Flamethrower|p1a: All's Well\n|-damage|p1a: All's Well|0 fnt\n|faint|p1a: All's Well\n|\n|win|Frubblez\n|l| BoWs1rJr\n","uploadtime":1699994797,"views":32,"p1id":"dephe","p2id":"frubblez","formatid":"gen9nationaldex","rating":0,"private":0,"password":""}