{"id":"gen9nationaldex-1995080276","p1":"SorexHB","p2":"mrmixbreed","format":"[Gen 9] National Dex","log":"|html|<div class=\"broadcast-blue\"><strong>[Gen 9] National Dex is currently suspecting Sneasler! For information on how to participate check out the <a href=\"https:\/\/www.smogon.com\/forums\/threads\/sv-national-dex-suspect-8-just-dance.3731534\/\">suspect thread<\/a>.<\/strong><\/div>\n|j|\u2606SorexHB\n|j|\u2606mrmixbreed\n|t:|1700520372\n|gametype|singles\n|player|p1|SorexHB|harlequin|1149\n|player|p2|mrmixbreed|biker-gen4|1084\n|teamsize|p1|6\n|teamsize|p2|6\n|gen|9\n|tier|[Gen 9] National Dex\n|rated|\n|rule|HP Percentage Mod: HP is shown in percentages\n|rule|Endless Battle Clause: Forcing endless battles is banned\n|rule|OHKO Clause: OHKO moves are banned\n|rule|Evasion Clause: Evasion abilities, items, and moves are banned\n|rule|Evasion Abilities Clause: Evasion abilities are banned\n|rule|Evasion Items Clause: Evasion items are banned\n|rule|Evasion Moves Clause: Evasion moves are banned\n|rule|Species Clause: Limit one of each Pok\u00e9mon\n|rule|Sleep Clause Mod: Limit one foe put to sleep\n|clearpoke\n|poke|p1|Appletun, F|\n|poke|p1|Golurk|\n|poke|p1|Beedrill, M|\n|poke|p1|Blaziken, M|\n|poke|p1|Samurott-Hisui, M|\n|poke|p1|Ninetales-Alola, M|\n|poke|p2|Torkoal, F|\n|poke|p2|Zoroark-Hisui, F|\n|poke|p2|Aurorus, M|\n|poke|p2|Breloom, F|\n|poke|p2|Toxapex, M|\n|poke|p2|Garchomp, F|\n|teampreview\n|inactive|Battle timer is ON: inactive players will automatically lose when time's up. (requested by mrmixbreed)\n|\n|t:|1700520388\n|start\n|switch|p1a: Swordfish|Samurott-Hisui, M, shiny|100\/100\n|switch|p2a: slippery when wet|Toxapex, M|100\/100\n|turn|1\n|\n|t:|1700520402\n|move|p1a: Swordfish|Ceaseless Edge|p2a: slippery when wet|[miss]\n|-miss|p1a: Swordfish|p2a: slippery when wet\n|move|p2a: slippery when wet|Toxic Spikes|p1a: Swordfish\n|-sidestart|p1: SorexHB|move: Toxic Spikes\n|\n|upkeep\n|turn|2\n|\n|t:|1700520407\n|move|p1a: Swordfish|Ceaseless Edge|p2a: slippery when wet|[miss]\n|-miss|p1a: Swordfish|p2a: slippery when wet\n|move|p2a: slippery when wet|Scald|p1a: Swordfish\n|-resisted|p1a: Swordfish\n|-damage|p1a: Swordfish|88\/100\n|\n|upkeep\n|turn|3\n|\n|t:|1700520415\n|move|p1a: Swordfish|Ceaseless Edge|p2a: slippery when wet\n|-damage|p2a: slippery when wet|75\/100\n|-damage|p1a: Swordfish|71\/100|[from] item: Rocky Helmet|[of] p2a: slippery when wet\n|-sidestart|p2: mrmixbreed|Spikes\n|move|p2a: slippery when wet|Scald|p1a: Swordfish\n|-resisted|p1a: Swordfish\n|-damage|p1a: Swordfish|58\/100\n|\n|upkeep\n|turn|4\n|\n|t:|1700520424\n|move|p1a: Swordfish|Ceaseless Edge|p2a: slippery when wet\n|-damage|p2a: slippery when wet|51\/100\n|-damage|p1a: Swordfish|42\/100|[from] item: Rocky Helmet|[of] p2a: slippery when wet\n|-sidestart|p2: mrmixbreed|Spikes\n|move|p2a: slippery when wet|Scald|p1a: Swordfish\n|-resisted|p1a: Swordfish\n|-damage|p1a: Swordfish|30\/100\n|-status|p1a: Swordfish|brn\n|\n|-damage|p1a: Swordfish|24\/100 brn|[from] brn\n|upkeep\n|turn|5\n|\n|t:|1700520434\n|move|p1a: Swordfish|Ceaseless Edge|p2a: slippery when wet\n|-damage|p2a: slippery when wet|37\/100\n|-damage|p1a: Swordfish|8\/100 brn|[from] item: Rocky Helmet|[of] p2a: slippery when wet\n|-sidestart|p2: mrmixbreed|Spikes\n|move|p2a: slippery when wet|Recover|p2a: slippery when wet\n|-heal|p2a: slippery when wet|87\/100\n|\n|-damage|p1a: Swordfish|1\/100 brn|[from] brn\n|upkeep\n|turn|6\n|\n|t:|1700520446\n|move|p1a: Swordfish|Ceaseless Edge|p2a: slippery when wet\n|-crit|p2a: slippery when wet\n|-damage|p2a: slippery when wet|65\/100\n|-damage|p1a: Swordfish|0 fnt|[from] item: Rocky Helmet|[of] p2a: slippery when wet\n|faint|p1a: Swordfish\n|move|p2a: slippery when wet|Light Screen|p2a: slippery when wet\n|-sidestart|p2: mrmixbreed|move: Light Screen\n|\n|upkeep\n|\n|t:|1700520468\n|switch|p1a: Iron Golem|Golurk, shiny|100\/100\n|-status|p1a: Iron Golem|psn\n|turn|7\n|\n|t:|1700520480\n|move|p1a: Iron Golem|Poltergeist|p2a: slippery when wet\n|-activate|p2a: slippery when wet|move: Poltergeist|Rocky Helmet\n|-damage|p2a: slippery when wet|30\/100\n|move|p2a: slippery when wet|Scald|p1a: Iron Golem\n|-supereffective|p1a: Iron Golem\n|-damage|p1a: Iron Golem|64\/100 psn\n|\n|-damage|p1a: Iron Golem|52\/100 psn|[from] psn\n|upkeep\n|turn|8\n|\n|t:|1700520489\n|-zpower|p1a: Iron Golem\n|move|p1a: Iron Golem|Never-Ending Nightmare|p2a: slippery when wet|[zeffect]\n|-damage|p2a: slippery when wet|0 fnt\n|faint|p2a: slippery when wet\n|\n|-damage|p1a: Iron Golem|39\/100 psn|[from] psn\n|upkeep\n|\n|t:|1700520497\n|switch|p2a: Torkoal|Torkoal, F|100\/100\n|-damage|p2a: Torkoal|76\/100|[from] Spikes\n|turn|9\n|\n|t:|1700520506\n|move|p2a: Torkoal|Bitter Malice|p1a: Iron Golem\n|-supereffective|p1a: Iron Golem\n|-damage|p1a: Iron Golem|0 fnt\n|faint|p1a: Iron Golem\n|\n|upkeep\n|\n|t:|1700520521\n|switch|p1a: Honey|Beedrill, M, shiny|100\/100\n|-sideend|p1: SorexHB|move: Toxic Spikes|[of] p1a: Honey\n|turn|10\n|\n|t:|1700520544\n|detailschange|p1a: Honey|Beedrill-Mega, M, shiny\n|-mega|p1a: Honey|Beedrill|Beedrillite\n|move|p1a: Honey|U-turn|p2a: Torkoal\n|-resisted|p2a: Torkoal\n|-damage|p2a: Torkoal|18\/100\n|replace|p2a: (\u2686_\u2686)iCanExplain|Zoroark-Hisui, F, shiny\n|-end|p2a: (\u2686_\u2686)iCanExplain|Illusion\n|inactive|SorexHB has 120 seconds left.\n|\n|t:|1700520567\n|switch|p1a: Rotisserie|Blaziken, M, shiny|100\/100|[from] U-turn\n|move|p2a: (\u2686_\u2686)iCanExplain|Psychic|p1a: Rotisserie\n|-supereffective|p1a: Rotisserie\n|-damage|p1a: Rotisserie|2\/100\n|\n|-sideend|p2: mrmixbreed|move: Light Screen\n|upkeep\n|turn|11\n|inactive|SorexHB has 120 seconds left.\n|\n|t:|1700520581\n|move|p2a: (\u2686_\u2686)iCanExplain|Psychic|p1a: Rotisserie\n|-supereffective|p1a: Rotisserie\n|-damage|p1a: Rotisserie|0 fnt\n|faint|p1a: Rotisserie\n|\n|upkeep\n|\n|t:|1700520587\n|switch|p1a: Honey|Beedrill-Mega, M, shiny|100\/100\n|turn|12\n|\n|t:|1700520591\n|move|p1a: Honey|Fell Stinger|p2a: (\u2686_\u2686)iCanExplain\n|-resisted|p2a: (\u2686_\u2686)iCanExplain\n|-damage|p2a: (\u2686_\u2686)iCanExplain|0 fnt\n|faint|p2a: (\u2686_\u2686)iCanExplain\n|-boost|p1a: Honey|atk|3\n|\n|upkeep\n|\n|t:|1700520596\n|switch|p2a: Torkoal|Torkoal, F|100\/100\n|-damage|p2a: Torkoal|76\/100|[from] Spikes\n|-weather|SunnyDay|[from] ability: Drought|[of] p2a: Torkoal\n|turn|13\n|\n|t:|1700520603\n|move|p1a: Honey|X-Scissor|p2a: Torkoal\n|-resisted|p2a: Torkoal\n|-damage|p2a: Torkoal|22\/100\n|move|p2a: Torkoal|Rapid Spin|p1a: Honey\n|-damage|p1a: Honey|79\/100\n|-boost|p2a: Torkoal|spe|1\n|-sideend|p2: mrmixbreed|Spikes|[from] move: Rapid Spin|[of] p2a: Torkoal\n|\n|-weather|SunnyDay|[upkeep]\n|upkeep\n|turn|14\n|\n|t:|1700520617\n|move|p1a: Honey|Fell Stinger|p2a: Torkoal\n|-resisted|p2a: Torkoal\n|-damage|p2a: Torkoal|0 fnt\n|faint|p2a: Torkoal\n|-boost|p1a: Honey|atk|3\n|\n|-weather|SunnyDay|[upkeep]\n|upkeep\n|\n|t:|1700520623\n|switch|p2a: MyBoyDrumsticks|Breloom, F, shiny|100\/100\n|turn|15\n|\n|t:|1700520630\n|-terastallize|p2a: MyBoyDrumsticks|Water\n|move|p1a: Honey|X-Scissor|p2a: MyBoyDrumsticks\n|-damage|p2a: MyBoyDrumsticks|0 fnt\n|faint|p2a: MyBoyDrumsticks\n|\n|-weather|SunnyDay|[upkeep]\n|upkeep\n|\n|t:|1700520636\n|switch|p2a: Niesen|Aurorus, M|100\/100\n|-weather|Snow|[from] ability: Snow Warning|[of] p2a: Niesen\n|turn|16\n|\n|t:|1700520642\n|move|p1a: Honey|U-turn|p2a: Niesen\n|-enditem|p2a: Niesen|Focus Sash\n|-damage|p2a: Niesen|1\/100\n|\n|t:|1700520648\n|switch|p1a: Danish|Appletun, F, shiny|100\/100|[from] U-turn\n|move|p2a: Niesen|Haze|p2a: Niesen\n|-clearallboost\n|\n|-weather|Snow|[upkeep]\n|upkeep\n|turn|17\n|\n|t:|1700520664\n|move|p2a: Niesen|Blizzard|p1a: Danish\n|-supereffective|p1a: Danish\n|-damage|p1a: Danish|26\/100\n|move|p1a: Danish|Leech Seed|p2a: Niesen\n|-start|p2a: Niesen|move: Leech Seed\n|\n|-weather|Snow|[upkeep]\n|-heal|p1a: Danish|32\/100|[from] item: Leftovers\n|-damage|p2a: Niesen|0 fnt|[from] Leech Seed|[of] p1a: Danish\n|-heal|p1a: Danish|32\/100|[silent]\n|faint|p2a: Niesen\n|upkeep\n|\n|t:|1700520672\n|switch|p2a: YouKilledDrumstick|Garchomp, F, shiny|100\/100\n|turn|18\n|\n|t:|1700520678\n|detailschange|p2a: YouKilledDrumstick|Garchomp-Mega, F, shiny\n|-mega|p2a: YouKilledDrumstick|Garchomp|Garchompite\n|-terastallize|p1a: Danish|Grass\n|move|p2a: YouKilledDrumstick|Dragon Claw|p1a: Danish\n|-damage|p1a: Danish|0 fnt\n|faint|p1a: Danish\n|\n|-weather|Snow|[upkeep]\n|upkeep\n|\n|t:|1700520686\n|switch|p1a: Blizzrad|Ninetales-Alola, M, shiny|100\/100\n|turn|19\n|\n|t:|1700520714\n|move|p1a: Blizzrad|Blizzard|p2a: YouKilledDrumstick\n|-supereffective|p2a: YouKilledDrumstick\n|-damage|p2a: YouKilledDrumstick|0 fnt\n|faint|p2a: YouKilledDrumstick\n|\n|win|SorexHB\n|raw|SorexHB's rating: 1149 &rarr; <strong>1169<\/strong><br \/>(+20 for winning)\n|raw|mrmixbreed's rating: 1084 &rarr; <strong>1066<\/strong><br \/>(-18 for losing)\n|l|\u2606mrmixbreed\n","uploadtime":1700520903,"views":1,"p1id":"sorexhb","p2id":"mrmixbreed","formatid":"gen9nationaldex","rating":1066,"private":0,"password":""}