{"id":"gen9nationaldex-1988240151","p1":"MMQZA6","p2":"variares DD","format":"[Gen 9] National Dex","log":"|j|\u2606MMQZA6\n|j|\u2606variares DD\n|t:|1699692224\n|gametype|singles\n|player|p1|MMQZA6|101|1489\n|player|p2|variares DD|acetrainercouple|1395\n|teamsize|p1|6\n|teamsize|p2|6\n|gen|9\n|tier|[Gen 9] National Dex\n|rated|\n|rule|HP Percentage Mod: HP is shown in percentages\n|rule|Endless Battle Clause: Forcing endless battles is banned\n|rule|OHKO Clause: OHKO moves are banned\n|rule|Evasion Clause: Evasion abilities, items, and moves are banned\n|rule|Evasion Abilities Clause: Evasion abilities are banned\n|rule|Evasion Items Clause: Evasion items are banned\n|rule|Evasion Moves Clause: Evasion moves are banned\n|rule|Species Clause: Limit one of each Pok\u00e9mon\n|rule|Sleep Clause Mod: Limit one foe put to sleep\n|clearpoke\n|poke|p1|Ting-Lu|\n|poke|p1|Greninja-*, M|\n|poke|p1|Hoopa-Unbound|\n|poke|p1|Gyarados, F|\n|poke|p1|Sableye, F|\n|poke|p1|Hydreigon, M|\n|poke|p2|Altaria, F|\n|poke|p2|Jirachi|\n|poke|p2|Heatran, M|\n|poke|p2|Landorus-Therian, M|\n|poke|p2|Greninja-*, M|\n|poke|p2|Corviknight, M|\n|teampreview\n|inactive|Battle timer is ON: inactive players will automatically lose when time's up. (requested by variares DD)\n|l|\u2606MMQZA6\n|inactive|MMQZA6 disconnected and has a minute to reconnect!\n|player|p1|\n|j|\u2606MMQZA6\n|inactive|MMQZA6 reconnected and has 120 seconds left.\n|player|p1|MMQZA6|101\n|l|\u2606MMQZA6\n|inactive|MMQZA6 disconnected and has a minute to reconnect!\n|player|p1|\n|j|\u2606MMQZA6\n|inactive|MMQZA6 reconnected and has 90 seconds left.\n|player|p1|MMQZA6|101\n|\n|t:|1699692290\n|start\n|switch|p1a: Greninja|Greninja, M|100\/100\n|switch|p2a: Greninja|Greninja, M, shiny|100\/100\n|turn|1\n|\n|t:|1699692313\n|move|p2a: Greninja|Ice Beam|p1a: Greninja\n|-start|p2a: Greninja|typechange|Ice|[from] ability: Protean\n|-resisted|p1a: Greninja\n|-damage|p1a: Greninja|70\/100\n|move|p1a: Greninja|Surf|p2a: Greninja\n|-damage|p2a: Greninja|19\/100\n|-damage|p1a: Greninja|60\/100|[from] item: Life Orb\n|\n|upkeep\n|turn|2\n|\n|t:|1699692323\n|move|p1a: Greninja|Water Shuriken|p2a: Greninja\n|-damage|p2a: Greninja|6\/100\n|-damage|p2a: Greninja|0 fnt\n|faint|p2a: Greninja\n|-ability|p1a: Greninja|Battle Bond|boost\n|-boost|p1a: Greninja|atk|1\n|-boost|p1a: Greninja|spa|1\n|-boost|p1a: Greninja|spe|1\n|-activate|p1a: Greninja|ability: Battle Bond\n|-hitcount|p2: Greninja|2\n|-damage|p1a: Greninja|50\/100|[from] item: Life Orb\n|\n|upkeep\n|\n|t:|1699692333\n|switch|p2a: Corviknight|Corviknight, M, shiny|100\/100\n|-ability|p2a: Corviknight|Pressure\n|turn|3\n|c|\u2606variares DD|Was it worth it?\n|c|\u2606variares DD|Losing gren\n|\n|t:|1699692355\n|switch|p1a: Sableye|Sableye, F|100\/100\n|move|p2a: Corviknight|Body Press|p1a: Sableye\n|-immune|p1a: Sableye\n|\n|upkeep\n|turn|4\n|\n|t:|1699692360\n|switch|p2a: Heatran|Heatran, M|100\/100\n|move|p1a: Sableye|Encore||[still]\n|-fail|p1a: Sableye\n|\n|upkeep\n|turn|5\n|\n|t:|1699692366\n|move|p1a: Sableye|Thunder Wave|p2a: Heatran\n|-status|p2a: Heatran|par\n|move|p2a: Heatran|Toxic|p1a: Sableye\n|-status|p1a: Sableye|tox\n|\n|-damage|p1a: Sableye|95\/100 tox|[from] psn\n|upkeep\n|turn|6\n|\n|t:|1699692372\n|move|p1a: Sableye|Encore|p2a: Heatran\n|-start|p2a: Heatran|Encore\n|move|p2a: Heatran|Toxic|p1a: Sableye\n|-fail|p1a: Sableye|tox\n|\n|-damage|p1a: Sableye|83\/100 tox|[from] psn\n|upkeep\n|turn|7\n|\n|t:|1699692381\n|switch|p2a: Altaria|Altaria, F, shiny|100\/100\n|move|p1a: Sableye|Knock Off|p2a: Altaria\n|-crit|p2a: Altaria\n|-damage|p2a: Altaria|82\/100\n|\n|-damage|p1a: Sableye|65\/100 tox|[from] psn\n|upkeep\n|turn|8\n|\n|t:|1699692389\n|detailschange|p2a: Altaria|Altaria-Mega, F, shiny\n|-mega|p2a: Altaria|Altaria|Altarianite\n|move|p1a: Sableye|Thunder Wave|p2a: Altaria\n|-status|p2a: Altaria|par\n|move|p2a: Altaria|Heal Bell|p2a: Altaria\n|-activate|p2a: Altaria|move: Heal Bell\n|-curestatus|p2a: Altaria|par|[msg]\n|-curestatus|p2: Heatran|par|[msg]\n|\n|-damage|p1a: Sableye|41\/100 tox|[from] psn\n|upkeep\n|turn|9\n|\n|t:|1699692405\n|move|p1a: Sableye|Encore|p2a: Altaria\n|-start|p2a: Altaria|Encore\n|move|p2a: Altaria|Heal Bell||[still]\n|-activate|p2a: Altaria|move: Heal Bell\n|-fail|p2a: Altaria\n|\n|-damage|p1a: Sableye|11\/100 tox|[from] psn\n|upkeep\n|turn|10\n|\n|t:|1699692419\n|switch|p1a: Greninja|Greninja, M|50\/100\n|move|p2a: Altaria|Heal Bell||[still]\n|-activate|p2a: Altaria|move: Heal Bell\n|-fail|p2a: Altaria\n|\n|upkeep\n|turn|11\n|\n|t:|1699692432\n|switch|p2a: Corviknight|Corviknight, M, shiny|100\/100\n|-ability|p2a: Corviknight|Pressure\n|move|p1a: Greninja|Surf|p2a: Corviknight\n|-damage|p2a: Corviknight|49\/100\n|-damage|p1a: Greninja|40\/100|[from] item: Life Orb\n|\n|-heal|p2a: Corviknight|55\/100|[from] item: Leftovers\n|upkeep\n|turn|12\n|\n|t:|1699692438\n|-terastallize|p1a: Greninja|Water\n|move|p1a: Greninja|Surf|p2a: Corviknight\n|-damage|p2a: Corviknight|0 fnt\n|faint|p2a: Corviknight\n|-damage|p1a: Greninja|31\/100|[from] item: Life Orb\n|\n|upkeep\n|\n|t:|1699692445\n|switch|p2a: Jirachi|Jirachi|100\/100\n|turn|13\n|\n|t:|1699692456\n|switch|p1a: Hydreigon|Hydreigon, M|100\/100\n|move|p2a: Jirachi|Drain Punch|p1a: Hydreigon\n|-supereffective|p1a: Hydreigon\n|-crit|p1a: Hydreigon\n|-damage|p1a: Hydreigon|25\/100\n|\n|upkeep\n|turn|14\n|\n|t:|1699692462\n|move|p2a: Jirachi|Drain Punch|p1a: Hydreigon\n|-supereffective|p1a: Hydreigon\n|-damage|p1a: Hydreigon|0 fnt\n|faint|p1a: Hydreigon\n|\n|upkeep\n|\n|t:|1699692478\n|switch|p1a: Gyarados|Gyarados, F|100\/100\n|-ability|p1a: Gyarados|Intimidate|boost\n|-unboost|p2a: Jirachi|atk|1\n|turn|15\n|\n|t:|1699692481\n|switch|p2a: Landorus|Landorus-Therian, M|100\/100\n|-ability|p2a: Landorus|Intimidate|boost\n|-unboost|p1a: Gyarados|atk|1\n|move|p1a: Gyarados|Dragon Dance|p1a: Gyarados\n|-boost|p1a: Gyarados|atk|1\n|-boost|p1a: Gyarados|spe|1\n|\n|upkeep\n|turn|16\n|\n|t:|1699692489\n|move|p1a: Gyarados|Dragon Dance|p1a: Gyarados\n|-boost|p1a: Gyarados|atk|1\n|-boost|p1a: Gyarados|spe|1\n|move|p2a: Landorus|Stone Edge|p1a: Gyarados|[miss]\n|-miss|p2a: Landorus|p1a: Gyarados\n|\n|upkeep\n|turn|17\n|\n|t:|1699692497\n|detailschange|p1a: Gyarados|Gyarados-Mega, F\n|-mega|p1a: Gyarados|Gyarados|Gyaradosite\n|-ability|p1a: Gyarados|Mold Breaker\n|move|p1a: Gyarados|Dragon Dance|p1a: Gyarados\n|-boost|p1a: Gyarados|atk|1\n|-boost|p1a: Gyarados|spe|1\n|move|p2a: Landorus|Stone Edge|p1a: Gyarados\n|-damage|p1a: Gyarados|66\/100\n|\n|upkeep\n|turn|18\n|\n|t:|1699692510\n|switch|p2a: Jirachi|Jirachi|100\/100\n|move|p1a: Gyarados|Waterfall|p2a: Jirachi\n|-damage|p2a: Jirachi|0 fnt\n|faint|p2a: Jirachi\n|\n|upkeep\n|\n|t:|1699692512\n|switch|p2a: Landorus|Landorus-Therian, M|100\/100\n|-ability|p2a: Landorus|Intimidate|boost\n|-unboost|p1a: Gyarados|atk|1\n|turn|19\n|\n|t:|1699692520\n|switch|p2a: Altaria|Altaria-Mega, F, shiny|82\/100\n|move|p1a: Gyarados|Waterfall|p2a: Altaria\n|-resisted|p2a: Altaria\n|-damage|p2a: Altaria|57\/100\n|\n|upkeep\n|turn|20\n|\n|t:|1699692524\n|move|p1a: Gyarados|Earthquake|p2a: Altaria\n|-damage|p2a: Altaria|12\/100\n|move|p2a: Altaria|Body Slam|p1a: Gyarados\n|-supereffective|p1a: Gyarados\n|-damage|p1a: Gyarados|0 fnt\n|faint|p1a: Gyarados\n|\n|upkeep\n|\n|t:|1699692534\n|switch|p1a: Greninja|Greninja, M, tera:Water|31\/100\n|turn|21\n|\n|t:|1699692540\n|move|p1a: Greninja|Surf|p2a: Altaria\n|-resisted|p2a: Altaria\n|-damage|p2a: Altaria|0 fnt\n|faint|p2a: Altaria\n|-damage|p1a: Greninja|21\/100|[from] item: Life Orb\n|\n|upkeep\n|\n|t:|1699692542\n|switch|p2a: Landorus|Landorus-Therian, M|100\/100\n|-ability|p2a: Landorus|Intimidate|boost\n|-unboost|p1a: Greninja|atk|1\n|turn|22\n|\n|t:|1699692545\n|-terastallize|p2a: Landorus|Steel\n|move|p1a: Greninja|Ice Beam|p2a: Landorus\n|-resisted|p2a: Landorus\n|-damage|p2a: Landorus|79\/100\n|-damage|p1a: Greninja|11\/100|[from] item: Life Orb\n|move|p2a: Landorus|Earthquake|p1a: Greninja\n|-damage|p1a: Greninja|0 fnt\n|faint|p1a: Greninja\n|\n|upkeep\n|\n|t:|1699692549\n|switch|p1a: Ting-Lu|Ting-Lu|100\/100\n|-ability|p1a: Ting-Lu|Vessel of Ruin\n|turn|23\n|\n|t:|1699692554\n|move|p2a: Landorus|Taunt|p1a: Ting-Lu\n|-start|p1a: Ting-Lu|move: Taunt\n|move|p1a: Ting-Lu|Earthquake|p2a: Landorus\n|-supereffective|p2a: Landorus\n|-damage|p2a: Landorus|0 fnt\n|faint|p2a: Landorus\n|\n|upkeep\n|\n|t:|1699692556\n|switch|p2a: Heatran|Heatran, M|100\/100\n|turn|24\n|\n|t:|1699692558\n|move|p2a: Heatran|Lava Plume|p1a: Ting-Lu\n|-damage|p1a: Ting-Lu|86\/100\n|-status|p1a: Ting-Lu|brn\n|move|p1a: Ting-Lu|Earthquake|p2a: Heatran\n|-supereffective|p2a: Heatran\n|-damage|p2a: Heatran|30\/100\n|\n|-heal|p2a: Heatran|36\/100|[from] item: Leftovers\n|-heal|p1a: Ting-Lu|92\/100 brn|[from] item: Leftovers\n|-damage|p1a: Ting-Lu|86\/100 brn|[from] brn\n|upkeep\n|turn|25\n|\n|t:|1699692562\n|move|p2a: Heatran|Earth Power|p1a: Ting-Lu\n|-damage|p1a: Ting-Lu|75\/100 brn\n|move|p1a: Ting-Lu|Earthquake|p2a: Heatran\n|-supereffective|p2a: Heatran\n|-damage|p2a: Heatran|0 fnt\n|faint|p2a: Heatran\n|\n|win|MMQZA6\n|raw|MMQZA6's rating: 1489 &rarr; <strong>1505<\/strong><br \/>(+16 for winning)\n|raw|variares DD's rating: 1410 &rarr; <strong>1394<\/strong><br \/>(-16 for losing)\n|l|\u2606variares DD\n","uploadtime":1699692570,"views":8,"p1id":"mmqza6","p2id":"variaresdd","formatid":"gen9nationaldex","rating":1394,"private":0,"password":""}