{"id":"gen9nationaldex-1995781313","p1":"jahizle","p2":"imbleed","format":"[Gen 9] National Dex","log":"|html|<div class=\"broadcast-blue\"><strong>[Gen 9] National Dex is currently suspecting Sneasler! For information on how to participate check out the <a href=\"https:\/\/www.smogon.com\/forums\/threads\/sv-national-dex-suspect-8-just-dance.3731534\/\">suspect thread<\/a>.<\/strong><\/div>\n|j|\u2606jahizle\n|j|\u2606imbleed\n|t:|1700602559\n|gametype|singles\n|player|p1|jahizle|169|1304\n|player|p2|imbleed|poppy|1410\n|teamsize|p1|6\n|teamsize|p2|6\n|gen|9\n|tier|[Gen 9] National Dex\n|rated|\n|rule|HP Percentage Mod: HP is shown in percentages\n|rule|Endless Battle Clause: Forcing endless battles is banned\n|rule|OHKO Clause: OHKO moves are banned\n|rule|Evasion Clause: Evasion abilities, items, and moves are banned\n|rule|Evasion Abilities Clause: Evasion abilities are banned\n|rule|Evasion Items Clause: Evasion items are banned\n|rule|Evasion Moves Clause: Evasion moves are banned\n|rule|Species Clause: Limit one of each Pok\u00e9mon\n|rule|Sleep Clause Mod: Limit one foe put to sleep\n|clearpoke\n|poke|p1|Charizard, M|\n|poke|p1|Torkoal, F|\n|poke|p1|Great Tusk|\n|poke|p1|Venusaur, F|\n|poke|p1|Chansey, F|\n|poke|p1|Toxapex, F|\n|poke|p2|Flareon, F|\n|poke|p2|Ninetales-Alola, F|\n|poke|p2|Scolipede, F|\n|poke|p2|Raikou|\n|poke|p2|Zangoose, F|\n|poke|p2|Lycanroc-Dusk, M|\n|teampreview\n|j| kung fu pokechu\n|j| NotBeliever\n|j| TheStroker\n|inactive|Battle timer is ON: inactive players will automatically lose when time's up. (requested by jahizle)\n|\n|t:|1700602598\n|start\n|switch|p1a: Torkoal|Torkoal, F|100\/100\n|switch|p2a: the other cat|Raikou|100\/100\n|-weather|SunnyDay|[from] ability: Drought|[of] p1a: Torkoal\n|turn|1\n|\n|t:|1700602607\n|move|p2a: the other cat|Calm Mind|p2a: the other cat\n|-boost|p2a: the other cat|spa|1\n|-boost|p2a: the other cat|spd|1\n|move|p1a: Torkoal|Stealth Rock|p2a: the other cat\n|-sidestart|p2: imbleed|move: Stealth Rock\n|\n|-weather|SunnyDay|[upkeep]\n|upkeep\n|turn|2\n|\n|t:|1700602613\n|move|p2a: the other cat|Thunderbolt|p1a: Torkoal\n|-damage|p1a: Torkoal|10\/100\n|move|p1a: Torkoal|Yawn|p2a: the other cat\n|-start|p2a: the other cat|move: Yawn|[of] p1a: Torkoal\n|\n|-weather|SunnyDay|[upkeep]\n|upkeep\n|turn|3\n|\n|t:|1700602619\n|move|p2a: the other cat|Scald|p1a: Torkoal\n|-supereffective|p1a: Torkoal\n|-damage|p1a: Torkoal|0 fnt\n|faint|p1a: Torkoal\n|\n|-weather|SunnyDay|[upkeep]\n|-end|p2a: the other cat|move: Yawn|[silent]\n|-status|p2a: the other cat|slp\n|upkeep\n|\n|t:|1700602630\n|switch|p1a: Venusaur|Venusaur, F|100\/100\n|turn|4\n|\n|t:|1700602642\n|switch|p2a: 9 empty tales|Ninetales-Alola, F|100\/100\n|-damage|p2a: 9 empty tales|76\/100|[from] Stealth Rock\n|-weather|Snow|[from] ability: Snow Warning|[of] p2a: 9 empty tales\n|move|p1a: Venusaur|Earth Power|p2a: 9 empty tales\n|-damage|p2a: 9 empty tales|47\/100\n|\n|-weather|Snow|[upkeep]\n|upkeep\n|turn|5\n|\n|t:|1700602651\n|move|p2a: 9 empty tales|Aurora Veil|p2a: 9 empty tales\n|-sidestart|p2: imbleed|move: Aurora Veil\n|move|p1a: Venusaur|Sludge Bomb|p2a: 9 empty tales\n|-supereffective|p2a: 9 empty tales\n|-crit|p2a: 9 empty tales\n|-damage|p2a: 9 empty tales|0 fnt\n|faint|p2a: 9 empty tales\n|\n|-weather|Snow|[upkeep]\n|upkeep\n|\n|t:|1700602670\n|switch|p2a: beed boosted|Scolipede, F|100\/100\n|-damage|p2a: beed boosted|76\/100|[from] Stealth Rock\n|turn|6\n|\n|t:|1700602686\n|switch|p1a: Toxapex|Toxapex, F|100\/100\n|move|p2a: beed boosted|Swords Dance|p2a: beed boosted\n|-boost|p2a: beed boosted|atk|2\n|\n|-weather|Snow|[upkeep]\n|-ability|p2a: beed boosted|Speed Boost|boost\n|-boost|p2a: beed boosted|spe|1\n|upkeep\n|turn|7\n|\n|t:|1700602700\n|move|p2a: beed boosted|Megahorn|p1a: Toxapex\n|-resisted|p1a: Toxapex\n|-damage|p1a: Toxapex|67\/100\n|move|p1a: Toxapex|Haze|p1a: Toxapex\n|-clearallboost\n|\n|-weather|Snow|[upkeep]\n|-heal|p1a: Toxapex|73\/100|[from] item: Black Sludge\n|-ability|p2a: beed boosted|Speed Boost|boost\n|-boost|p2a: beed boosted|spe|1\n|upkeep\n|turn|8\n|\n|t:|1700602712\n|switch|p2a: champ|Zangoose, F|100\/100\n|-damage|p2a: champ|88\/100|[from] Stealth Rock\n|move|p1a: Toxapex|Scald|p2a: champ\n|-crit|p2a: champ\n|-damage|p2a: champ|41\/100\n|\n|-weather|none\n|-heal|p1a: Toxapex|79\/100|[from] item: Black Sludge\n|-status|p2a: champ|tox|[from] item: Toxic Orb\n|upkeep\n|turn|9\n|\n|t:|1700602730\n|move|p2a: champ|Facade|p1a: Toxapex\n|-damage|p1a: Toxapex|24\/100\n|move|p1a: Toxapex|Toxic Spikes|p2a: champ\n|-sidestart|p2: imbleed|move: Toxic Spikes\n|\n|-heal|p1a: Toxapex|30\/100|[from] item: Black Sludge\n|-damage|p2a: champ|35\/100 tox|[from] psn\n|upkeep\n|turn|10\n|\n|t:|1700602746\n|switch|p1a: Chansey|Chansey, F|100\/100\n|move|p2a: champ|Facade|p1a: Chansey\n|-damage|p1a: Chansey|0 fnt\n|faint|p1a: Chansey\n|\n|-damage|p2a: champ|23\/100 tox|[from] psn\n|upkeep\n|\n|t:|1700602749\n|switch|p1a: Charizard|Charizard, M|100\/100\n|turn|11\n|\n|t:|1700602756\n|detailschange|p1a: Charizard|Charizard-Mega-Y, M\n|-mega|p1a: Charizard|Charizard|Charizardite Y\n|-weather|SunnyDay|[from] ability: Drought|[of] p1a: Charizard\n|move|p2a: champ|Quick Attack|p1a: Charizard\n|-crit|p1a: Charizard\n|-damage|p1a: Charizard|47\/100\n|move|p1a: Charizard|Flamethrower|p2a: champ\n|-damage|p2a: champ|0 fnt\n|faint|p2a: champ\n|\n|-weather|SunnyDay|[upkeep]\n|upkeep\n|\n|t:|1700602777\n|switch|p2a: lotta loyalty|Lycanroc-Dusk, M|100\/100\n|-damage|p2a: lotta loyalty|88\/100|[from] Stealth Rock\n|-status|p2a: lotta loyalty|psn\n|turn|12\n|\n|t:|1700602783\n|switch|p1a: Great Tusk|Great Tusk|100\/100\n|-activate|p1a: Great Tusk|ability: Protosynthesis\n|-start|p1a: Great Tusk|protosynthesisspe\n|move|p2a: lotta loyalty|Swords Dance|p2a: lotta loyalty\n|-boost|p2a: lotta loyalty|atk|2\n|\n|-weather|SunnyDay|[upkeep]\n|-damage|p2a: lotta loyalty|76\/100 psn|[from] psn\n|-sideend|p2: imbleed|move: Aurora Veil\n|upkeep\n|turn|13\n|\n|t:|1700602804\n|-terastallize|p2a: lotta loyalty|Fighting\n|move|p1a: Great Tusk|Earthquake|p2a: lotta loyalty\n|-damage|p2a: lotta loyalty|4\/100 psn\n|move|p2a: lotta loyalty|Close Combat|p1a: Great Tusk\n|-enditem|p1a: Great Tusk|Focus Sash\n|-damage|p1a: Great Tusk|1\/100\n|-unboost|p2a: lotta loyalty|def|1\n|-unboost|p2a: lotta loyalty|spd|1\n|-damage|p2a: lotta loyalty|0 fnt|[from] item: Life Orb\n|faint|p2a: lotta loyalty\n|\n|-weather|SunnyDay|[upkeep]\n|upkeep\n|inactive|imbleed has 120 seconds left.\n|\n|t:|1700602817\n|switch|p2a: pet the fluff|Flareon, F|100\/100\n|-damage|p2a: pet the fluff|76\/100|[from] Stealth Rock\n|-status|p2a: pet the fluff|psn\n|turn|14\n|\n|t:|1700602820\n|move|p2a: pet the fluff|Quick Attack|p1a: Great Tusk\n|-damage|p1a: Great Tusk|0 fnt\n|faint|p1a: Great Tusk\n|-end|p1a: Great Tusk|Protosynthesis|[silent]\n|\n|-weather|SunnyDay|[upkeep]\n|-damage|p2a: pet the fluff|64\/100 psn|[from] psn\n|upkeep\n|\n|t:|1700602824\n|switch|p1a: Venusaur|Venusaur, F|100\/100\n|turn|15\n|\n|t:|1700602830\n|move|p1a: Venusaur|Earth Power|p2a: pet the fluff\n|-supereffective|p2a: pet the fluff\n|-damage|p2a: pet the fluff|0 fnt\n|faint|p2a: pet the fluff\n|\n|-weather|none\n|upkeep\n|\n|t:|1700602841\n|switch|p2a: the other cat|Raikou|100\/100 slp\n|-damage|p2a: the other cat|88\/100 slp|[from] Stealth Rock\n|turn|16\n|\n|t:|1700602844\n|cant|p2a: the other cat|slp\n|move|p1a: Venusaur|Earth Power|p2a: the other cat\n|-supereffective|p2a: the other cat\n|-damage|p2a: the other cat|9\/100 slp\n|\n|-heal|p2a: the other cat|15\/100 slp|[from] item: Leftovers\n|upkeep\n|turn|17\n|\n|t:|1700602849\n|switch|p1a: Charizard|Charizard-Mega-Y, M|47\/100\n|-weather|SunnyDay|[from] ability: Drought|[of] p1a: Charizard\n|cant|p2a: the other cat|slp\n|\n|-weather|SunnyDay|[upkeep]\n|-heal|p2a: the other cat|21\/100 slp|[from] item: Leftovers\n|upkeep\n|turn|18\n|\n|t:|1700602854\n|cant|p2a: the other cat|slp\n|move|p1a: Charizard|Air Slash|p2a: the other cat\n|-resisted|p2a: the other cat\n|-crit|p2a: the other cat\n|-damage|p2a: the other cat|0 fnt\n|faint|p2a: the other cat\n|\n|-weather|SunnyDay|[upkeep]\n|upkeep\n|\n|t:|1700602862\n|switch|p2a: beed boosted|Scolipede, F|76\/100\n|-damage|p2a: beed boosted|51\/100|[from] Stealth Rock\n|-sideend|p2: imbleed|move: Toxic Spikes|[of] p2a: beed boosted\n|turn|19\n|\n|t:|1700602868\n|move|p2a: beed boosted|Poison Jab|p1a: Charizard\n|-damage|p1a: Charizard|1\/100\n|-status|p1a: Charizard|psn\n|move|p1a: Charizard|Flamethrower|p2a: beed boosted\n|-supereffective|p2a: beed boosted\n|-damage|p2a: beed boosted|0 fnt\n|faint|p2a: beed boosted\n|\n|win|jahizle\n|raw|jahizle's rating: 1304 &rarr; <strong>1330<\/strong><br \/>(+26 for winning)\n|raw|imbleed's rating: 1410 &rarr; <strong>1384<\/strong><br \/>(-26 for losing)\n|l|\u2606jahizle\n","uploadtime":1700602875,"views":0,"p1id":"jahizle","p2id":"imbleed","formatid":"gen9nationaldex","rating":1330,"private":0,"password":""}