{"id":"gen9nationaldex-1993091639","p1":"tprip15","p2":"popo4456","format":"[Gen 9] National Dex","log":"|j|\u2606tprip15\n|j|\u2606popo4456\n|t:|1700263753\n|gametype|singles\n|player|p1|tprip15|flint|1713\n|player|p2|popo4456|galacticgrunt|1754\n|teamsize|p1|6\n|teamsize|p2|6\n|gen|9\n|tier|[Gen 9] National Dex\n|rated|\n|rule|HP Percentage Mod: HP is shown in percentages\n|rule|Endless Battle Clause: Forcing endless battles is banned\n|rule|OHKO Clause: OHKO moves are banned\n|rule|Evasion Clause: Evasion abilities, items, and moves are banned\n|rule|Evasion Abilities Clause: Evasion abilities are banned\n|rule|Evasion Items Clause: Evasion items are banned\n|rule|Evasion Moves Clause: Evasion moves are banned\n|rule|Species Clause: Limit one of each Pok\u00e9mon\n|rule|Sleep Clause Mod: Limit one foe put to sleep\n|clearpoke\n|poke|p1|Jirachi|\n|poke|p1|Great Tusk|\n|poke|p1|Alomomola, F|\n|poke|p1|Tapu Lele|\n|poke|p1|Hydreigon, F|\n|poke|p1|Sneasler, M|\n|poke|p2|Banette, M|\n|poke|p2|Ting-Lu|\n|poke|p2|Ribombee, M|\n|poke|p2|Celesteela|\n|poke|p2|Kommo-o, F|\n|poke|p2|Serperior, M|\n|teampreview\n|inactive|Battle timer is ON: inactive players will automatically lose when time's up. (requested by tprip15)\n|\n|t:|1700263767\n|start\n|switch|p1a: Jirachi|Jirachi|100\/100\n|switch|p2a: Ribombee|Ribombee, M|100\/100\n|turn|1\n|\n|t:|1700263775\n|move|p2a: Ribombee|Sticky Web|p1a: Jirachi\n|-sidestart|p1: tprip15|move: Sticky Web\n|move|p1a: Jirachi|Iron Head|p2a: Ribombee\n|-supereffective|p2a: Ribombee\n|-crit|p2a: Ribombee\n|-enditem|p2a: Ribombee|Focus Sash\n|-damage|p2a: Ribombee|1\/100\n|\n|upkeep\n|turn|2\n|\n|t:|1700263780\n|switch|p2a: Ting-Lu|Ting-Lu|100\/100\n|-ability|p2a: Ting-Lu|Vessel of Ruin\n|move|p1a: Jirachi|Stealth Rock|p2a: Ting-Lu\n|-sidestart|p2: popo4456|move: Stealth Rock\n|\n|upkeep\n|turn|3\n|\n|t:|1700263787\n|move|p1a: Jirachi|Body Slam|p2a: Ting-Lu\n|-damage|p2a: Ting-Lu|92\/100\n|-status|p2a: Ting-Lu|par\n|move|p2a: Ting-Lu|Whirlwind|p1a: Jirachi\n|drag|p1a: Great Tusk|Great Tusk|100\/100\n|-activate|p1a: Great Tusk|move: Sticky Web\n|-unboost|p1a: Great Tusk|spe|1\n|\n|-heal|p2a: Ting-Lu|98\/100 par|[from] item: Leftovers\n|upkeep\n|turn|4\n|\n|t:|1700263798\n|switch|p2a: Banette|Banette, M|100\/100\n|-damage|p2a: Banette|88\/100|[from] Stealth Rock\n|move|p1a: Great Tusk|Earthquake|p2a: Banette\n|-damage|p2a: Banette|26\/100\n|\n|upkeep\n|turn|5\n|\n|t:|1700263817\n|-end|p1a: Great Tusk|Protosynthesis|[silent]\n|switch|p1a: Alomomola|Alomomola, F|100\/100\n|-activate|p1a: Alomomola|move: Sticky Web\n|-unboost|p1a: Alomomola|spe|1\n|detailschange|p2a: Banette|Banette-Mega, M\n|-mega|p2a: Banette|Banette|Banettite\n|move|p2a: Banette|Will-O-Wisp|p1a: Alomomola\n|-status|p1a: Alomomola|brn\n|\n|-damage|p1a: Alomomola|94\/100 brn|[from] brn\n|upkeep\n|turn|6\n|\n|t:|1700263825\n|switch|p2a: Serperior|Serperior, M|100\/100\n|-damage|p2a: Serperior|88\/100|[from] Stealth Rock\n|move|p1a: Alomomola|Flip Turn|p2a: Serperior\n|-resisted|p2a: Serperior\n|-crit|p2a: Serperior\n|-damage|p2a: Serperior|81\/100\n|\n|t:|1700263831\n|switch|p1a: Hydreigon|Hydreigon, F|100\/100|[from] Flip Turn\n|\n|-heal|p2a: Serperior|87\/100|[from] item: Leftovers\n|upkeep\n|turn|7\n|\n|t:|1700263835\n|switch|p2a: Ribombee|Ribombee, M|1\/100\n|-damage|p2a: Ribombee|0 fnt|[from] Stealth Rock\n|faint|p2a: Ribombee\n|move|p1a: Hydreigon|Dark Pulse|p2: Ribombee|[notarget]\n|-fail|p1a: Hydreigon\n|\n|upkeep\n|\n|t:|1700263842\n|switch|p2a: Ting-Lu|Ting-Lu|98\/100 par\n|-damage|p2a: Ting-Lu|92\/100 par|[from] Stealth Rock\n|-ability|p2a: Ting-Lu|Vessel of Ruin\n|turn|8\n|\n|t:|1700263847\n|switch|p1a: Great Tusk|Great Tusk|100\/100\n|-activate|p1a: Great Tusk|move: Sticky Web\n|-unboost|p1a: Great Tusk|spe|1\n|cant|p2a: Ting-Lu|par\n|\n|-heal|p2a: Ting-Lu|98\/100 par|[from] item: Leftovers\n|upkeep\n|turn|9\n|j| Moonblxstic\n|\n|t:|1700263856\n|switch|p2a: Banette|Banette-Mega, M|26\/100\n|-damage|p2a: Banette|14\/100|[from] Stealth Rock\n|move|p1a: Great Tusk|Rapid Spin|p2a: Banette\n|-immune|p2a: Banette\n|\n|upkeep\n|turn|10\n|l| Moonblxstic\n|\n|t:|1700263867\n|-end|p1a: Great Tusk|Protosynthesis|[silent]\n|switch|p1a: Alomomola|Alomomola, F|100\/100 brn\n|-activate|p1a: Alomomola|move: Sticky Web\n|-unboost|p1a: Alomomola|spe|1\n|move|p2a: Banette|Destiny Bond|p2a: Banette\n|-singlemove|p2a: Banette|Destiny Bond\n|\n|-damage|p1a: Alomomola|94\/100 brn|[from] brn\n|upkeep\n|turn|11\n|\n|t:|1700263873\n|move|p2a: Banette|Shadow Claw|p1a: Alomomola\n|-damage|p1a: Alomomola|72\/100 brn\n|-damage|p2a: Banette|0 fnt|[from] item: Rocky Helmet|[of] p1a: Alomomola\n|faint|p2a: Banette\n|move|p1a: Alomomola|Toxic|p2: Banette|[notarget]\n|-fail|p1a: Alomomola\n|\n|-damage|p1a: Alomomola|65\/100 brn|[from] brn\n|upkeep\n|\n|t:|1700263877\n|switch|p2a: Serperior|Serperior, M|87\/100\n|-damage|p2a: Serperior|75\/100|[from] Stealth Rock\n|turn|12\n|\n|t:|1700263881\n|switch|p1a: Hydreigon|Hydreigon, F|100\/100\n|move|p2a: Serperior|Substitute|p2a: Serperior\n|-start|p2a: Serperior|Substitute\n|-damage|p2a: Serperior|50\/100\n|\n|-heal|p2a: Serperior|56\/100|[from] item: Leftovers\n|upkeep\n|turn|13\n|\n|t:|1700263884\n|move|p2a: Serperior|Leaf Storm|p1a: Hydreigon\n|-resisted|p1a: Hydreigon\n|-damage|p1a: Hydreigon|84\/100\n|-boost|p2a: Serperior|spa|2\n|move|p1a: Hydreigon|Dark Pulse|p2a: Serperior\n|-end|p2a: Serperior|Substitute\n|\n|-heal|p2a: Serperior|62\/100|[from] item: Leftovers\n|upkeep\n|turn|14\n|\n|t:|1700263894\n|switch|p2a: Kommo-o|Kommo-o, F|100\/100\n|-damage|p2a: Kommo-o|94\/100|[from] Stealth Rock\n|move|p1a: Hydreigon|Dark Pulse|p2a: Kommo-o\n|-resisted|p2a: Kommo-o\n|-damage|p2a: Kommo-o|71\/100\n|\n|upkeep\n|turn|15\n|\n|t:|1700263904\n|-terastallize|p1a: Hydreigon|Poison\n|move|p2a: Kommo-o|Poison Jab|p1a: Hydreigon\n|-resisted|p1a: Hydreigon\n|-damage|p1a: Hydreigon|73\/100\n|move|p1a: Hydreigon|Draco Meteor|p2a: Kommo-o\n|-supereffective|p2a: Kommo-o\n|-damage|p2a: Kommo-o|0 fnt\n|-unboost|p1a: Hydreigon|spa|2\n|faint|p2a: Kommo-o\n|\n|upkeep\n|\n|t:|1700263910\n|switch|p2a: Celesteela|Celesteela|100\/100\n|-damage|p2a: Celesteela|88\/100|[from] Stealth Rock\n|turn|16\n|\n|t:|1700263918\n|switch|p1a: Jirachi|Jirachi|100\/100\n|-activate|p1a: Jirachi|move: Sticky Web\n|-unboost|p1a: Jirachi|spe|1\n|move|p2a: Celesteela|Autotomize|p2a: Celesteela\n|-boost|p2a: Celesteela|spe|2\n|-start|p2a: Celesteela|Autotomize\n|\n|upkeep\n|turn|17\n|\n|t:|1700263922\n|move|p2a: Celesteela|Meteor Beam||[still]\n|-prepare|p2a: Celesteela|Meteor Beam\n|-boost|p2a: Celesteela|spa|1\n|-enditem|p2a: Celesteela|Power Herb\n|-anim|p2a: Celesteela|Meteor Beam|p1a: Jirachi\n|-resisted|p1a: Jirachi\n|-damage|p1a: Jirachi|84\/100\n|move|p1a: Jirachi|Body Slam|p2a: Celesteela\n|-resisted|p2a: Celesteela\n|-damage|p2a: Celesteela|79\/100\n|-status|p2a: Celesteela|par\n|\n|-heal|p1a: Jirachi|90\/100|[from] item: Leftovers\n|upkeep\n|turn|18\n|-message|popo4456 forfeited.\n|\n|win|tprip15\n|raw|tprip15's rating: 1713 &rarr; <strong>1735<\/strong><br \/>(+22 for winning)\n|raw|popo4456's rating: 1754 &rarr; <strong>1732<\/strong><br \/>(-22 for losing)\n|l|\u2606popo4456\n","uploadtime":1700263956,"views":23,"p1id":"tprip15","p2id":"popo4456","formatid":"gen9nationaldex","rating":1732,"private":0,"password":""}