{"id":"gen9nationaldex-1990544026","p1":"blorbo shitto","p2":"Crocodileisgood","format":"[Gen 9] National Dex","log":"|j|\u2606blorbo shitto\n|j|\u2606Crocodileisgood\n|t:|1699980161\n|gametype|singles\n|player|p1|blorbo shitto|policeman-gen4|1257\n|player|p2|Crocodileisgood|101|1359\n|teamsize|p1|6\n|teamsize|p2|6\n|gen|9\n|tier|[Gen 9] National Dex\n|rated|\n|rule|HP Percentage Mod: HP is shown in percentages\n|rule|Endless Battle Clause: Forcing endless battles is banned\n|rule|OHKO Clause: OHKO moves are banned\n|rule|Evasion Clause: Evasion abilities, items, and moves are banned\n|rule|Evasion Abilities Clause: Evasion abilities are banned\n|rule|Evasion Items Clause: Evasion items are banned\n|rule|Evasion Moves Clause: Evasion moves are banned\n|rule|Species Clause: Limit one of each Pok\u00e9mon\n|rule|Sleep Clause Mod: Limit one foe put to sleep\n|clearpoke\n|poke|p1|Lopunny, M|\n|poke|p1|Aegislash, M|\n|poke|p1|Dragonite, M|\n|poke|p1|Ferrothorn, F|\n|poke|p1|Sableye, M|\n|poke|p1|Volcarona, M|\n|poke|p2|Heatran, M|\n|poke|p2|Scizor, M|\n|poke|p2|Torkoal, F|\n|poke|p2|Victini|\n|poke|p2|Lilligant-Hisui, F|\n|poke|p2|Seviper, F|\n|teampreview\n|inactive|Battle timer is ON: inactive players will automatically lose when time's up. (requested by blorbo shitto)\n|\n|t:|1699980179\n|start\n|switch|p1a: Lopunny|Lopunny, M, shiny|100\/100\n|switch|p2a: Torkoal|Torkoal, F|100\/100\n|-weather|SunnyDay|[from] ability: Drought|[of] p2a: Torkoal\n|turn|1\n|\n|t:|1699980182\n|detailschange|p1a: Lopunny|Lopunny-Mega, M, shiny\n|-mega|p1a: Lopunny|Lopunny|Lopunnite\n|move|p1a: Lopunny|Fake Out|p2a: Torkoal\n|-damage|p2a: Torkoal|89\/100\n|cant|p2a: Torkoal|flinch\n|\n|-weather|SunnyDay|[upkeep]\n|upkeep\n|turn|2\n|\n|t:|1699980189\n|switch|p2a: Scizor|Scizor, M|100\/100\n|move|p1a: Lopunny|U-turn|p2a: Scizor\n|-resisted|p2a: Scizor\n|-damage|p2a: Scizor|92\/100\n|\n|t:|1699980198\n|switch|p1a: Aegislash|Aegislash, M|100\/100|[from] U-turn\n|\n|-weather|SunnyDay|[upkeep]\n|upkeep\n|turn|3\n|\n|t:|1699980202\n|detailschange|p2a: Scizor|Scizor-Mega, M\n|-mega|p2a: Scizor|Scizor|Scizorite\n|move|p2a: Scizor|U-turn|p1a: Aegislash\n|-resisted|p1a: Aegislash\n|-damage|p1a: Aegislash|94\/100\n|\n|t:|1699980207\n|switch|p2a: Heatran|Heatran, M|100\/100|[from] U-turn\n|move|p1a: Aegislash|Swords Dance|p1a: Aegislash\n|-boost|p1a: Aegislash|atk|2\n|\n|-weather|SunnyDay|[upkeep]\n|upkeep\n|turn|4\n|\n|t:|1699980216\n|move|p1a: Aegislash|King's Shield|p1a: Aegislash\n|-singleturn|p1a: Aegislash|Protect\n|move|p2a: Heatran|Eruption|p1a: Aegislash\n|-activate|p1a: Aegislash|move: Protect\n|\n|-weather|SunnyDay|[upkeep]\n|upkeep\n|turn|5\n|\n|t:|1699980225\n|-terastallize|p1a: Aegislash|Ghost\n|-formechange|p1a: Aegislash|Aegislash-Blade||[from] ability: Stance Change\n|move|p1a: Aegislash|Shadow Sneak|p2a: Heatran\n|-damage|p2a: Heatran|16\/100\n|move|p2a: Heatran|Eruption|p1a: Aegislash\n|-damage|p1a: Aegislash|58\/100\n|\n|-weather|SunnyDay|[upkeep]\n|upkeep\n|turn|6\n|c|\u2606Crocodileisgood|ur death\n|c|\u2606Crocodileisgood|nvm\n|c|\u2606blorbo shitto|lol\n|c|\u2606blorbo shitto|it's  g\n|\n|t:|1699980245\n|move|p1a: Aegislash|Shadow Sneak|p2a: Heatran\n|-damage|p2a: Heatran|0 fnt\n|faint|p2a: Heatran\n|\n|-weather|SunnyDay|[upkeep]\n|upkeep\n|c|\u2606Crocodileisgood|nop\n|\n|t:|1699980252\n|switch|p2a: Scizor|Scizor-Mega, M|92\/100\n|turn|7\n|\n|t:|1699980255\n|-formechange|p1a: Aegislash|Aegislash||[from] ability: Stance Change\n|move|p1a: Aegislash|King's Shield|p1a: Aegislash\n|-singleturn|p1a: Aegislash|Protect\n|move|p2a: Scizor|Curse|p2a: Scizor\n|-unboost|p2a: Scizor|spe|1\n|-boost|p2a: Scizor|atk|1\n|-boost|p2a: Scizor|def|1\n|\n|-weather|SunnyDay|[upkeep]\n|upkeep\n|turn|8\n|\n|t:|1699980265\n|move|p2a: Scizor|Bullet Punch|p1a: Aegislash\n|-damage|p1a: Aegislash|22\/100\n|move|p1a: Aegislash|Swords Dance|p1a: Aegislash\n|-boost|p1a: Aegislash|atk|2\n|\n|-weather|none\n|upkeep\n|turn|9\n|\n|t:|1699980273\n|move|p1a: Aegislash|King's Shield|p1a: Aegislash\n|-singleturn|p1a: Aegislash|Protect\n|move|p2a: Scizor|Curse|p2a: Scizor\n|-unboost|p2a: Scizor|spe|1\n|-boost|p2a: Scizor|atk|1\n|-boost|p2a: Scizor|def|1\n|\n|upkeep\n|turn|10\n|\n|t:|1699980277\n|-formechange|p1a: Aegislash|Aegislash-Blade||[from] ability: Stance Change\n|move|p1a: Aegislash|Shadow Sneak|p2a: Scizor\n|-damage|p2a: Scizor|61\/100\n|move|p2a: Scizor|Bullet Punch|p1a: Aegislash\n|-damage|p1a: Aegislash|0 fnt\n|faint|p1a: Aegislash\n|\n|upkeep\n|c|\u2606Crocodileisgood|bro gets out played 2 times in row\n|c|\u2606blorbo shitto|unfortunately\n|\n|t:|1699980298\n|switch|p1a: Ferrothorn|Ferrothorn, F|100\/100\n|turn|11\n|\n|t:|1699980306\n|switch|p2a: Torkoal|Torkoal, F|89\/100\n|-weather|SunnyDay|[from] ability: Drought|[of] p2a: Torkoal\n|move|p1a: Ferrothorn|Leech Seed|p2a: Torkoal\n|-start|p2a: Torkoal|move: Leech Seed\n|\n|-weather|SunnyDay|[upkeep]\n|-damage|p2a: Torkoal|76\/100|[from] Leech Seed|[of] p1a: Ferrothorn\n|upkeep\n|turn|12\n|\n|t:|1699980315\n|switch|p1a: Dragonite|Dragonite, M|100\/100\n|switch|p2a: Victini|Victini|100\/100\n|\n|-weather|SunnyDay|[upkeep]\n|upkeep\n|turn|13\n|c|\u2606Crocodileisgood|tera.\n|c|\u2606Crocodileisgood|i thought u tera water or smth\n|c|\u2606blorbo shitto|what\n|c|\u2606Crocodileisgood|most people do\n|\n|t:|1699980340\n|-zpower|p2a: Victini\n|move|p2a: Victini|Z-Celebrate|p2a: Victini|[anim]Celebrate\n|-boost|p2a: Victini|atk|1|[zeffect]\n|-boost|p2a: Victini|def|1|[zeffect]\n|-boost|p2a: Victini|spa|1|[zeffect]\n|-boost|p2a: Victini|spd|1|[zeffect]\n|-boost|p2a: Victini|spe|1|[zeffect]\n|-activate|p2a: Victini|move: Celebrate\n|move|p1a: Dragonite|Earthquake|p2a: Victini\n|-supereffective|p2a: Victini\n|-damage|p2a: Victini|34\/100\n|\n|-weather|SunnyDay|[upkeep]\n|upkeep\n|turn|14\n|\n|t:|1699980352\n|move|p2a: Victini|Stored Power|p1a: Dragonite\n|-damage|p1a: Dragonite|55\/100\n|move|p1a: Dragonite|Earthquake|p2a: Victini\n|-supereffective|p2a: Victini\n|-damage|p2a: Victini|0 fnt\n|faint|p2a: Victini\n|\n|-weather|SunnyDay|[upkeep]\n|upkeep\n|\n|t:|1699980361\n|switch|p2a: Lilligant|Lilligant-Hisui, F|100\/100\n|turn|15\n|\n|t:|1699980369\n|switch|p1a: Volcarona|Volcarona, M|100\/100\n|move|p2a: Lilligant|Ice Spinner|p1a: Volcarona\n|-resisted|p1a: Volcarona\n|-damage|p1a: Volcarona|84\/100\n|\n|-weather|SunnyDay|[upkeep]\n|upkeep\n|turn|16\n|\n|t:|1699980378\n|switch|p2a: Torkoal|Torkoal, F|76\/100\n|move|p1a: Volcarona|Fiery Dance|p2a: Torkoal\n|-resisted|p2a: Torkoal\n|-damage|p2a: Torkoal|42\/100\n|\n|-weather|SunnyDay|[upkeep]\n|upkeep\n|turn|17\n|\n|t:|1699980389\n|switch|p1a: Dragonite|Dragonite, M|55\/100\n|move|p2a: Torkoal|Toxic|p1a: Dragonite\n|-status|p1a: Dragonite|tox\n|\n|-weather|SunnyDay|[upkeep]\n|-damage|p1a: Dragonite|48\/100 tox|[from] psn\n|upkeep\n|turn|18\n|c|\u2606Crocodileisgood|poison.\n|\n|t:|1699980400\n|switch|p2a: Scizor|Scizor-Mega, M|61\/100\n|move|p1a: Dragonite|Extreme Speed|p2a: Scizor\n|-resisted|p2a: Scizor\n|-damage|p2a: Scizor|49\/100\n|\n|-weather|none\n|-damage|p1a: Dragonite|36\/100 tox|[from] psn\n|upkeep\n|turn|19\n|\n|t:|1699980404\n|switch|p1a: Volcarona|Volcarona, M|84\/100\n|move|p2a: Scizor|Roost|p2a: Scizor\n|-heal|p2a: Scizor|99\/100\n|-singleturn|p2a: Scizor|move: Roost\n|\n|upkeep\n|turn|20\n|c|\u2606Crocodileisgood|heal scuzir\n|\n|t:|1699980411\n|switch|p2a: Torkoal|Torkoal, F|42\/100\n|-weather|SunnyDay|[from] ability: Drought|[of] p2a: Torkoal\n|move|p1a: Volcarona|Quiver Dance|p1a: Volcarona\n|-boost|p1a: Volcarona|spa|1\n|-boost|p1a: Volcarona|spd|1\n|-boost|p1a: Volcarona|spe|1\n|\n|-weather|SunnyDay|[upkeep]\n|upkeep\n|turn|21\n|c|\u2606Crocodileisgood|uh oh\n|\n|t:|1699980421\n|move|p1a: Volcarona|Fiery Dance|p2a: Torkoal\n|-resisted|p2a: Torkoal\n|-damage|p2a: Torkoal|0 fnt\n|faint|p2a: Torkoal\n|\n|-weather|SunnyDay|[upkeep]\n|upkeep\n|\n|t:|1699980424\n|switch|p2a: Seviper|Seviper, F|100\/100\n|turn|22\n|\n|t:|1699980434\n|-terastallize|p2a: Seviper|Dark\n|move|p2a: Seviper|Sucker Punch|p1a: Volcarona\n|-damage|p1a: Volcarona|55\/100\n|-status|p2a: Seviper|brn|[from] ability: Flame Body|[of] p1a: Volcarona\n|move|p1a: Volcarona|Fiery Dance|p2a: Seviper\n|-damage|p2a: Seviper|0 fnt\n|-boost|p1a: Volcarona|spa|1\n|faint|p2a: Seviper\n|\n|-weather|SunnyDay|[upkeep]\n|upkeep\n|c|\u2606blorbo shitto|F\n|c|\u2606blorbo shitto|i hate when burn happens\n|inactive|Crocodileisgood has 120 seconds left.\n|inactive|Crocodileisgood has 90 seconds left.\n|inactive|Crocodileisgood has 60 seconds left.\n|inactive|Crocodileisgood has 30 seconds left.\n|c|\u2606blorbo shitto|are you stalling\n|inactive|Crocodileisgood has 20 seconds left.\n|inactive|Crocodileisgood has 15 seconds left.\n|c|\u2606blorbo shitto|welp, gg\n|inactive|Crocodileisgood has 10 seconds left.\n|inactive|Crocodileisgood has 5 seconds left.\n|-message|Crocodileisgood lost due to inactivity.\n|\n|win|blorbo shitto\n|raw|blorbo shitto's rating: 1257 &rarr; <strong>1289<\/strong><br \/>(+32 for winning)\n|raw|Crocodileisgood's rating: 1359 &rarr; <strong>1333<\/strong><br \/>(-26 for losing)\n","uploadtime":1699980593,"views":4,"p1id":"blorboshitto","p2id":"crocodileisgood","formatid":"gen9nationaldex","rating":1289,"private":0,"password":""}