{"id":"gen9nationaldex-1988765272","p1":"Upmink","p2":"tonyzs","format":"[Gen 9] National Dex","log":"|j|\u2606Upmink\n|j|\u2606tonyzs\n|t:|1699760248\n|gametype|singles\n|player|p1|Upmink|rosa|1171\n|player|p2|tonyzs|caitlin|1122\n|teamsize|p1|6\n|teamsize|p2|6\n|gen|9\n|tier|[Gen 9] National Dex\n|rated|\n|rule|HP Percentage Mod: HP is shown in percentages\n|rule|Endless Battle Clause: Forcing endless battles is banned\n|rule|OHKO Clause: OHKO moves are banned\n|rule|Evasion Clause: Evasion abilities, items, and moves are banned\n|rule|Evasion Abilities Clause: Evasion abilities are banned\n|rule|Evasion Items Clause: Evasion items are banned\n|rule|Evasion Moves Clause: Evasion moves are banned\n|rule|Species Clause: Limit one of each Pok\u00e9mon\n|rule|Sleep Clause Mod: Limit one foe put to sleep\n|clearpoke\n|poke|p1|Flareon, M|\n|poke|p1|Jolteon, M|\n|poke|p1|Torkoal, F|\n|poke|p1|Leafeon, F|\n|poke|p1|Espeon, M|\n|poke|p1|Vaporeon, M|\n|poke|p2|Zapdos|\n|poke|p2|Glimmora, F|\n|poke|p2|Clodsire, F|\n|poke|p2|Lopunny, M|\n|poke|p2|Hoopa-Unbound|\n|poke|p2|Heatran, F|\n|teampreview\n|\n|t:|1699760258\n|start\n|switch|p1a: Torkoal|Torkoal, F|100\/100\n|switch|p2a: \u79d1\u6280\u306e\u4ea7\u7269|Glimmora, F|100\/100\n|-weather|SunnyDay|[from] ability: Drought|[of] p1a: Torkoal\n|turn|1\n|\n|t:|1699760269\n|move|p2a: \u79d1\u6280\u306e\u4ea7\u7269|Mortal Spin|p1a: Torkoal\n|-damage|p1a: Torkoal|98\/100\n|-status|p1a: Torkoal|psn\n|move|p1a: Torkoal|Overheat|p2a: \u79d1\u6280\u306e\u4ea7\u7269\n|-resisted|p2a: \u79d1\u6280\u306e\u4ea7\u7269\n|-damage|p2a: \u79d1\u6280\u306e\u4ea7\u7269|59\/100\n|-unboost|p1a: Torkoal|spa|2\n|\n|-weather|SunnyDay|[upkeep]\n|-damage|p1a: Torkoal|85\/100 psn|[from] psn\n|upkeep\n|turn|2\n|\n|t:|1699760287\n|switch|p1a: Vaporeon|Vaporeon, M|100\/100\n|move|p2a: \u79d1\u6280\u306e\u4ea7\u7269|Earth Power|p1a: Vaporeon\n|-damage|p1a: Vaporeon|79\/100\n|-unboost|p1a: Vaporeon|spd|1\n|\n|-weather|SunnyDay|[upkeep]\n|-heal|p1a: Vaporeon|85\/100|[from] item: Leftovers\n|upkeep\n|turn|3\n|\n|t:|1699760305\n|switch|p2a: \u6740\u9a6c\u7279|Zapdos|100\/100\n|move|p1a: Vaporeon|Scald|p2a: \u6740\u9a6c\u7279\n|-damage|p2a: \u6740\u9a6c\u7279|86\/100\n|\n|-weather|SunnyDay|[upkeep]\n|-heal|p1a: Vaporeon|91\/100|[from] item: Leftovers\n|upkeep\n|turn|4\n|\n|t:|1699760323\n|switch|p1a: Espeon|Espeon, M|100\/100\n|move|p2a: \u6740\u9a6c\u7279|Hurricane|p1a: Espeon\n|-damage|p1a: Espeon|45\/100\n|-start|p1a: Espeon|confusion\n|\n|-weather|SunnyDay|[upkeep]\n|upkeep\n|turn|5\n|\n|t:|1699760334\n|-activate|p1a: Espeon|confusion\n|move|p1a: Espeon|Psychic|p2a: \u6740\u9a6c\u7279\n|-damage|p2a: \u6740\u9a6c\u7279|30\/100\n|-unboost|p2a: \u6740\u9a6c\u7279|spd|1\n|-damage|p1a: Espeon|35\/100|[from] item: Life Orb\n|move|p2a: \u6740\u9a6c\u7279|Hurricane|p1a: Espeon|[miss]\n|-miss|p2a: \u6740\u9a6c\u7279|p1a: Espeon\n|\n|-weather|SunnyDay|[upkeep]\n|upkeep\n|turn|6\n|c|\u2606tonyzs|cao\n|\n|t:|1699760361\n|switch|p1a: Jolteon|Jolteon, M|100\/100\n|switch|p2a: \u4ece\u4e0d\u4e22\u9489\u5b50|Clodsire, F|100\/100\n|\n|-weather|SunnyDay|[upkeep]\n|upkeep\n|turn|7\n|\n|t:|1699760372\n|switch|p1a: Leafeon|Leafeon, F|100\/100\n|move|p2a: \u4ece\u4e0d\u4e22\u9489\u5b50|Earthquake|p1a: Leafeon\n|-resisted|p1a: Leafeon\n|-damage|p1a: Leafeon|88\/100\n|\n|-weather|SunnyDay|[upkeep]\n|upkeep\n|turn|8\n|\n|t:|1699760382\n|switch|p2a: Heatran|Heatran, F|100\/100\n|move|p1a: Leafeon|Solar Blade||[still]\n|-prepare|p1a: Leafeon|Solar Blade\n|-anim|p1a: Leafeon|Solar Blade|p2a: Heatran\n|-resisted|p2a: Heatran\n|-damage|p2a: Heatran|85\/100\n|-damage|p1a: Leafeon|78\/100|[from] item: Life Orb\n|\n|-weather|none\n|upkeep\n|turn|9\n|\n|t:|1699760396\n|switch|p1a: Torkoal|Torkoal, F|85\/100 psn\n|-weather|SunnyDay|[from] ability: Drought|[of] p1a: Torkoal\n|move|p2a: Heatran|Magma Storm|p1a: Torkoal\n|-resisted|p1a: Torkoal\n|-damage|p1a: Torkoal|31\/100 psn\n|-activate|p1a: Torkoal|move: Magma Storm|[of] p2a: Heatran\n|\n|-weather|SunnyDay|[upkeep]\n|-damage|p1a: Torkoal|19\/100 psn|[from] psn\n|-damage|p1a: Torkoal|7\/100 psn|[from] move: Magma Storm|[partiallytrapped]\n|upkeep\n|turn|10\n|\n|t:|1699760411\n|move|p2a: Heatran|Magma Storm|p1a: Torkoal\n|-resisted|p1a: Torkoal\n|-damage|p1a: Torkoal|0 fnt\n|faint|p1a: Torkoal\n|\n|-weather|SunnyDay|[upkeep]\n|upkeep\n|\n|t:|1699760424\n|switch|p1a: Jolteon|Jolteon, M|100\/100\n|turn|11\n|\n|t:|1699760429\n|move|p1a: Jolteon|Calm Mind|p1a: Jolteon\n|-boost|p1a: Jolteon|spa|1\n|-boost|p1a: Jolteon|spd|1\n|move|p2a: Heatran|Magma Storm|p1a: Jolteon|[miss]\n|-miss|p2a: Heatran|p1a: Jolteon\n|\n|-weather|SunnyDay|[upkeep]\n|upkeep\n|turn|12\n|\n|t:|1699760438\n|move|p1a: Jolteon|Thunderbolt|p2a: Heatran\n|-crit|p2a: Heatran\n|-damage|p2a: Heatran|0 fnt\n|faint|p2a: Heatran\n|\n|-weather|SunnyDay|[upkeep]\n|upkeep\n|\n|t:|1699760457\n|switch|p2a: \u6740\u9a6c\u7279|Zapdos|30\/100\n|turn|13\n|\n|t:|1699760473\n|switch|p2a: \u4ece\u4e0d\u4e22\u9489\u5b50|Clodsire, F|100\/100\n|move|p1a: Jolteon|Volt Switch|p2a: \u4ece\u4e0d\u4e22\u9489\u5b50\n|-immune|p2a: \u4ece\u4e0d\u4e22\u9489\u5b50\n|\n|-weather|SunnyDay|[upkeep]\n|upkeep\n|turn|14\n|inactive|Battle timer is ON: inactive players will automatically lose when time's up. (requested by tonyzs)\n|l|\u2606Upmink\n|inactive|Upmink disconnected and has a minute to reconnect!\n|player|p1|\n|inactive|Upmink has 30 seconds to reconnect!\n|inactive|Upmink has 20 seconds to reconnect!\n|j|\u2606Upmink\n|inactive|Upmink reconnected and has 110 seconds left.\n|player|p1|Upmink|rosa\n|\n|t:|1699760543\n|switch|p1a: Leafeon|Leafeon, F|78\/100\n|move|p2a: \u4ece\u4e0d\u4e22\u9489\u5b50|Earthquake|p1a: Leafeon\n|-resisted|p1a: Leafeon\n|-damage|p1a: Leafeon|67\/100\n|\n|-weather|SunnyDay|[upkeep]\n|upkeep\n|turn|15\n|\n|t:|1699760558\n|switch|p2a: \u77f3\u529b\u6208|Lopunny, M, shiny|100\/100\n|move|p1a: Leafeon|Swords Dance|p1a: Leafeon\n|-boost|p1a: Leafeon|atk|2\n|\n|-weather|SunnyDay|[upkeep]\n|upkeep\n|turn|16\n|\n|t:|1699760566\n|detailschange|p2a: \u77f3\u529b\u6208|Lopunny-Mega, M, shiny\n|-mega|p2a: \u77f3\u529b\u6208|Lopunny|Lopunnite\n|move|p2a: \u77f3\u529b\u6208|Fake Out|p1a: Leafeon\n|-damage|p1a: Leafeon|44\/100\n|cant|p1a: Leafeon|flinch\n|\n|-weather|none\n|upkeep\n|turn|17\n|\n|t:|1699760577\n|move|p2a: \u77f3\u529b\u6208|Close Combat|p1a: Leafeon\n|-damage|p1a: Leafeon|0 fnt\n|-unboost|p2a: \u77f3\u529b\u6208|def|1\n|-unboost|p2a: \u77f3\u529b\u6208|spd|1\n|faint|p1a: Leafeon\n|\n|upkeep\n|\n|t:|1699760592\n|switch|p1a: Flareon|Flareon, M|100\/100\n|turn|18\n|\n|t:|1699760603\n|switch|p2a: \u4ece\u4e0d\u4e22\u9489\u5b50|Clodsire, F|100\/100\n|move|p1a: Flareon|Flame Charge|p2a: \u4ece\u4e0d\u4e22\u9489\u5b50\n|-damage|p2a: \u4ece\u4e0d\u4e22\u9489\u5b50|71\/100\n|-boost|p1a: Flareon|spe|1\n|\n|-heal|p2a: \u4ece\u4e0d\u4e22\u9489\u5b50|77\/100|[from] item: Leftovers\n|upkeep\n|turn|19\n|\n|t:|1699760614\n|move|p1a: Flareon|Trailblaze|p2a: \u4ece\u4e0d\u4e22\u9489\u5b50\n|-damage|p2a: \u4ece\u4e0d\u4e22\u9489\u5b50|58\/100\n|-boost|p1a: Flareon|spe|1\n|move|p2a: \u4ece\u4e0d\u4e22\u9489\u5b50|Recover|p2a: \u4ece\u4e0d\u4e22\u9489\u5b50\n|-heal|p2a: \u4ece\u4e0d\u4e22\u9489\u5b50|100\/100\n|\n|upkeep\n|turn|20\n|\n|t:|1699760625\n|move|p1a: Flareon|Flame Charge|p2a: \u4ece\u4e0d\u4e22\u9489\u5b50\n|-damage|p2a: \u4ece\u4e0d\u4e22\u9489\u5b50|73\/100\n|-boost|p1a: Flareon|spe|1\n|move|p2a: \u4ece\u4e0d\u4e22\u9489\u5b50|Yawn|p1a: Flareon\n|-start|p1a: Flareon|move: Yawn|[of] p2a: \u4ece\u4e0d\u4e22\u9489\u5b50\n|\n|-heal|p2a: \u4ece\u4e0d\u4e22\u9489\u5b50|79\/100|[from] item: Leftovers\n|upkeep\n|turn|21\n|\n|t:|1699760641\n|move|p1a: Flareon|Flare Blitz|p2a: \u4ece\u4e0d\u4e22\u9489\u5b50\n|-damage|p2a: \u4ece\u4e0d\u4e22\u9489\u5b50|5\/100\n|-damage|p1a: Flareon|59\/100|[from] Recoil\n|move|p2a: \u4ece\u4e0d\u4e22\u9489\u5b50|Earthquake|p1a: Flareon\n|-supereffective|p1a: Flareon\n|-damage|p1a: Flareon|0 fnt\n|faint|p1a: Flareon\n|\n|-heal|p2a: \u4ece\u4e0d\u4e22\u9489\u5b50|12\/100|[from] item: Leftovers\n|upkeep\n|\n|t:|1699760656\n|switch|p1a: Espeon|Espeon, M|35\/100\n|turn|22\n|\n|t:|1699760666\n|move|p1a: Espeon|Draining Kiss|p2a: \u4ece\u4e0d\u4e22\u9489\u5b50\n|-resisted|p2a: \u4ece\u4e0d\u4e22\u9489\u5b50\n|-damage|p2a: \u4ece\u4e0d\u4e22\u9489\u5b50|6\/100\n|-heal|p1a: Espeon|42\/100|[from] drain|[of] p2a: \u4ece\u4e0d\u4e22\u9489\u5b50\n|-damage|p1a: Espeon|32\/100|[from] item: Life Orb\n|move|p2a: \u4ece\u4e0d\u4e22\u9489\u5b50|Recover|p2a: \u4ece\u4e0d\u4e22\u9489\u5b50\n|-heal|p2a: \u4ece\u4e0d\u4e22\u9489\u5b50|56\/100\n|\n|-heal|p2a: \u4ece\u4e0d\u4e22\u9489\u5b50|62\/100|[from] item: Leftovers\n|upkeep\n|turn|23\n|\n|t:|1699760684\n|move|p1a: Espeon|Psychic|p2a: \u4ece\u4e0d\u4e22\u9489\u5b50\n|-supereffective|p2a: \u4ece\u4e0d\u4e22\u9489\u5b50\n|-damage|p2a: \u4ece\u4e0d\u4e22\u9489\u5b50|0 fnt\n|faint|p2a: \u4ece\u4e0d\u4e22\u9489\u5b50\n|-damage|p1a: Espeon|22\/100|[from] item: Life Orb\n|\n|upkeep\n|\n|t:|1699760693\n|switch|p2a: \u77f3\u529b\u6208|Lopunny-Mega, M, shiny|100\/100\n|turn|24\n|\n|t:|1699760704\n|switch|p1a: Vaporeon|Vaporeon, M|91\/100\n|move|p2a: \u77f3\u529b\u6208|Fake Out|p1a: Vaporeon\n|-damage|p1a: Vaporeon|72\/100\n|\n|-heal|p1a: Vaporeon|78\/100|[from] item: Leftovers\n|upkeep\n|turn|25\n|\n|t:|1699760716\n|move|p2a: \u77f3\u529b\u6208|Close Combat|p1a: Vaporeon\n|-damage|p1a: Vaporeon|19\/100\n|-unboost|p2a: \u77f3\u529b\u6208|def|1\n|-unboost|p2a: \u77f3\u529b\u6208|spd|1\n|move|p1a: Vaporeon|Acid Armor|p1a: Vaporeon\n|-boost|p1a: Vaporeon|def|2\n|\n|-heal|p1a: Vaporeon|26\/100|[from] item: Leftovers\n|upkeep\n|turn|26\n|-message|Upmink forfeited.\n|\n|win|tonyzs\n|raw|Upmink's rating: 1171 &rarr; <strong>1142<\/strong><br \/>(-29 for losing)\n|raw|tonyzs's rating: 1122 &rarr; <strong>1151<\/strong><br \/>(+29 for winning)\n|l|\u2606Upmink\n","uploadtime":1699760729,"views":4,"p1id":"upmink","p2id":"tonyzs","formatid":"gen9nationaldex","rating":1142,"private":0,"password":""}