{"id":"gen9nationaldex-1993811850","p1":"Chaaro","p2":"Carapace44","format":"[Gen 9] National Dex","log":"|j|\u2606Chaaro\n|j|\u2606Carapace44\n|t:|1700360265\n|gametype|singles\n|player|p1|Chaaro|102|\n|player|p2|Carapace44|biker-gen4|\n|teamsize|p1|6\n|teamsize|p2|6\n|gen|9\n|tier|[Gen 9] National Dex\n|rule|HP Percentage Mod: HP is shown in percentages\n|rule|Endless Battle Clause: Forcing endless battles is banned\n|rule|OHKO Clause: OHKO moves are banned\n|rule|Evasion Clause: Evasion abilities, items, and moves are banned\n|rule|Evasion Abilities Clause: Evasion abilities are banned\n|rule|Evasion Items Clause: Evasion items are banned\n|rule|Evasion Moves Clause: Evasion moves are banned\n|rule|Species Clause: Limit one of each Pok\u00e9mon\n|rule|Sleep Clause Mod: Limit one foe put to sleep\n|clearpoke\n|poke|p1|Meowscarada, F|\n|poke|p1|Weavile, M|\n|poke|p1|Ceruledge, F|\n|poke|p1|Gliscor, F|\n|poke|p1|Tyranitar, M|\n|poke|p1|Corviknight, M|\n|poke|p2|Grimmsnarl, M|\n|poke|p2|Rotom-Wash|\n|poke|p2|Scizor, M|\n|poke|p2|Volcarona, F|\n|poke|p2|Alomomola, F|\n|poke|p2|Dragonite, F|\n|teampreview\n|j| Prince Sparks\n|c|\u2606Carapace44|no timer till the game starts\n|c|\u2606Carapace44|so you can get a look\n|j| Yuufaa\n|c| Yuufaa|peepee\n|c|\u2606Chaaro|don't use timer I beg you\n|c|\u2606Chaaro|please\n|c|\u2606Carapace44|fine\n|c|\u2606Chaaro|ok i gotta put my thinking cap on\n|c| Yuufaa|no\n|c|\u2606Carapace44|goatorona\n|c|\u2606Chaaro|I apologize I am grabbing a drink that's why it's taking so long\n|\n|t:|1700360431\n|start\n|switch|p1a: Tyranitar|Tyranitar, M|100\/100\n|switch|p2a: Rotom|Rotom-Wash|100\/100\n|-weather|Sandstorm|[from] ability: Sand Stream|[of] p1a: Tyranitar\n|turn|1\n|\n|t:|1700360463\n|detailschange|p1a: Tyranitar|Tyranitar-Mega, M\n|-mega|p1a: Tyranitar|Tyranitar|Tyranitarite\n|move|p2a: Rotom|Will-O-Wisp|p1a: Tyranitar\n|-status|p1a: Tyranitar|brn\n|move|p1a: Tyranitar|Dragon Dance|p1a: Tyranitar\n|-boost|p1a: Tyranitar|atk|1\n|-boost|p1a: Tyranitar|spe|1\n|\n|-weather|Sandstorm|[upkeep]\n|-damage|p2a: Rotom|94\/100|[from] Sandstorm\n|-damage|p1a: Tyranitar|94\/100 brn|[from] brn\n|upkeep\n|turn|2\n|c|\u2606Chaaro|I hate this game\n|c| Yuufaa|Someone turn on the timer\n|c|\u2606Carapace44|No timer\n|c|\u2606Chaaro|yo mom\n|c|\u2606Chaaro|I want to actually think for this this kid is so cracked\n|c|\u2606Carapace44|He's already at a disadvantage bc I've seen his team\n|c| Yuufaa|k\n|c| Prince Sparks|Shout out to Aaron Zheng for that will o wisp\n|c|\u2606Carapace44|That's my boy\n|c| Yuufaa|who??????????\n|c|\u2606Chaaro|bro\n|\n|t:|1700360569\n|switch|p2a: Grimmsnarl|Grimmsnarl, M|100\/100\n|move|p1a: Tyranitar|Knock Off|p2a: Grimmsnarl\n|-resisted|p2a: Grimmsnarl\n|-crit|p2a: Grimmsnarl\n|-damage|p2a: Grimmsnarl|84\/100\n|-enditem|p2a: Grimmsnarl|Light Clay|[from] move: Knock Off|[of] p1a: Tyranitar\n|\n|-weather|Sandstorm|[upkeep]\n|-damage|p2a: Grimmsnarl|78\/100|[from] Sandstorm\n|-damage|p1a: Tyranitar|88\/100 brn|[from] brn\n|upkeep\n|turn|3\n|c|\u2606Carapace44|Aaron \"Cybertron\" Zheng\n|c| Prince Sparks|you right\n|c|\u2606Chaaro|this game is hard\n|\n|t:|1700360661\n|move|p2a: Grimmsnarl|Reflect|p2a: Grimmsnarl\n|-sidestart|p2: Carapace44|Reflect\n|move|p1a: Tyranitar|Stealth Rock|p2a: Grimmsnarl\n|-sidestart|p2: Carapace44|move: Stealth Rock\n|\n|-weather|Sandstorm|[upkeep]\n|-damage|p2a: Grimmsnarl|72\/100|[from] Sandstorm\n|-damage|p1a: Tyranitar|82\/100 brn|[from] brn\n|upkeep\n|turn|4\n|\n|t:|1700360673\n|switch|p1a: Meowscarada|Meowscarada, F|100\/100\n|switch|p2a: Scizor|Scizor, M|100\/100\n|-damage|p2a: Scizor|88\/100|[from] Stealth Rock\n|\n|-weather|Sandstorm|[upkeep]\n|-damage|p1a: Meowscarada|94\/100|[from] Sandstorm\n|upkeep\n|turn|5\n|c|\u2606Chaaro|bruh\n|\n|t:|1700360711\n|detailschange|p2a: Scizor|Scizor-Mega, M\n|-mega|p2a: Scizor|Scizor|Scizorite\n|move|p1a: Meowscarada|Spikes|p2a: Scizor\n|-start|p1a: Meowscarada|typechange|Ground|[from] ability: Protean\n|-sidestart|p2: Carapace44|Spikes\n|move|p2a: Scizor|Trailblaze|p1a: Meowscarada\n|-supereffective|p1a: Meowscarada\n|-damage|p1a: Meowscarada|0 fnt\n|-boost|p2a: Scizor|spe|1\n|faint|p1a: Meowscarada\n|\n|-weather|none\n|upkeep\n|c|\u2606Chaaro|that's unfortunate\n|\n|t:|1700360726\n|switch|p1a: Ceruledge|Ceruledge, F|100\/100\n|turn|6\n|\n|t:|1700360742\n|move|p2a: Scizor|Knock Off|p1a: Ceruledge\n|-supereffective|p1a: Ceruledge\n|-damage|p1a: Ceruledge|0 fnt\n|-enditem|p1a: Ceruledge|Heavy-Duty Boots|[from] move: Knock Off|[of] p2a: Scizor\n|faint|p1a: Ceruledge\n|\n|upkeep\n|c|\u2606Chaaro|did that just have that just because\n|c|\u2606Chaaro|why did that have that\n|c|\u2606Carapace44|Knock Off?\n|c| Prince Sparks|because of me\n|c|\u2606Carapace44|So I could hit ghost types\n|c|\u2606Carapace44|Because of Carter actually\n|c|\u2606Chaaro|carter you actually threw this for me\n|c|\u2606Carapace44|Skelidirge walled my entire team\n|\n|t:|1700360801\n|switch|p1a: Corviknight|Corviknight, M|100\/100\n|-ability|p1a: Corviknight|Pressure\n|turn|7\n|c|\u2606Chaaro|that's really unlucky\n|c|\u2606Chaaro|I had a chance without that\n|c| Yuufaa|perish?\n|c| Prince Sparks|perish\n|c| Yuufaa|mm\n|c|\u2606Carapace44|I mean it's not unlucky I just chose a coverage move\n|\n|t:|1700360855\n|switch|p1a: Tyranitar|Tyranitar-Mega, M|82\/100 brn\n|-weather|Sandstorm|[from] ability: Sand Stream|[of] p1a: Tyranitar\n|move|p2a: Scizor|Knock Off|p1a: Tyranitar\n|-resisted|p1a: Tyranitar\n|-damage|p1a: Tyranitar|73\/100 brn\n|\n|-weather|Sandstorm|[upkeep]\n|-damage|p1a: Tyranitar|67\/100 brn|[from] brn\n|-sideend|p2: Carapace44|Reflect\n|upkeep\n|turn|8\n|c|\u2606Chaaro|this is the most OU team ever you're so mean bro\n|c|\u2606Carapace44|tf\n|c|\u2606Carapace44|I chose the mega of my favorite pokemon\n|c|\u2606Carapace44|wdym\n|c|\u2606Carapace44|also play the game\n|\n|t:|1700360913\n|switch|p1a: Corviknight|Corviknight, M|100\/100\n|-ability|p1a: Corviknight|Pressure\n|move|p2a: Scizor|Swords Dance|p2a: Scizor\n|-boost|p2a: Scizor|atk|2\n|\n|-weather|Sandstorm|[upkeep]\n|upkeep\n|turn|9\n|c|\u2606Carapace44|if u lose it's 1-1\n|\n|t:|1700360929\n|move|p2a: Scizor|Knock Off|p1a: Corviknight\n|-damage|p1a: Corviknight|45\/100\n|-enditem|p1a: Corviknight|Leftovers|[from] move: Knock Off|[of] p2a: Scizor\n|move|p1a: Corviknight|Iron Defense|p1a: Corviknight\n|-boost|p1a: Corviknight|def|2\n|\n|-weather|Sandstorm|[upkeep]\n|upkeep\n|turn|10\n|\n|t:|1700360962\n|move|p2a: Scizor|Swords Dance|p2a: Scizor\n|-boost|p2a: Scizor|atk|2\n|move|p1a: Corviknight|Body Press|p2a: Scizor\n|-damage|p2a: Scizor|50\/100\n|\n|-weather|Sandstorm|[upkeep]\n|upkeep\n|turn|11\n|\n|t:|1700360968\n|move|p2a: Scizor|Knock Off|p1a: Corviknight\n|-damage|p1a: Corviknight|19\/100\n|move|p1a: Corviknight|Body Press|p2a: Scizor\n|-damage|p2a: Scizor|11\/100\n|\n|-weather|none\n|upkeep\n|turn|12\n|\n|t:|1700360980\n|move|p2a: Scizor|Knock Off|p1a: Corviknight\n|-damage|p1a: Corviknight|0 fnt\n|faint|p1a: Corviknight\n|\n|upkeep\n|\n|t:|1700360987\n|switch|p1a: Weavile|Weavile, M|100\/100\n|-ability|p1a: Weavile|Pressure\n|turn|13\n|c| Yuufaa|KILL EM WEAVILE\n|\n|t:|1700361034\n|move|p1a: Weavile|Ice Shard|p2a: Scizor\n|-resisted|p2a: Scizor\n|-damage|p2a: Scizor|0 fnt\n|faint|p2a: Scizor\n|\n|upkeep\n|c| Yuufaa|k e w l\n|\n|t:|1700361057\n|switch|p2a: Grimmsnarl|Grimmsnarl, M|72\/100\n|-damage|p2a: Grimmsnarl|60\/100|[from] Stealth Rock\n|-damage|p2a: Grimmsnarl|47\/100|[from] Spikes\n|turn|14\n|\n|t:|1700361071\n|move|p1a: Weavile|Ice Shard|p2a: Grimmsnarl\n|-damage|p2a: Grimmsnarl|23\/100\n|move|p2a: Grimmsnarl|Reflect|p2a: Grimmsnarl\n|-sidestart|p2: Carapace44|Reflect\n|\n|upkeep\n|turn|15\n|\n|t:|1700361093\n|switch|p1a: Tyranitar|Tyranitar-Mega, M|67\/100 brn\n|-weather|Sandstorm|[from] ability: Sand Stream|[of] p1a: Tyranitar\n|switch|p2a: Volcarona|Volcarona, F|100\/100\n|\n|-weather|Sandstorm|[upkeep]\n|-damage|p2a: Volcarona|94\/100|[from] Sandstorm\n|-damage|p1a: Tyranitar|61\/100 brn|[from] brn\n|upkeep\n|turn|16\n|\n|t:|1700361104\n|switch|p2a: Grimmsnarl|Grimmsnarl, M|23\/100\n|-damage|p2a: Grimmsnarl|10\/100|[from] Stealth Rock\n|-damage|p2a: Grimmsnarl|0 fnt|[from] Spikes\n|faint|p2a: Grimmsnarl\n|move|p1a: Tyranitar|Stone Edge|p2: Grimmsnarl|[notarget]\n|-fail|p1a: Tyranitar\n|\n|-weather|Sandstorm|[upkeep]\n|-damage|p1a: Tyranitar|55\/100 brn|[from] brn\n|upkeep\n|c|\u2606Chaaro|holy what a play\n|c|\u2606Chaaro|I'm proud of myself for that one\n|\n|t:|1700361166\n|switch|p2a: Dragonite|Dragonite, F|100\/100\n|-damage|p2a: Dragonite|76\/100|[from] Stealth Rock\n|turn|17\n|\n|t:|1700361240\n|switch|p1a: Gliscor|Gliscor, F|100\/100\n|move|p2a: Dragonite|Outrage|p1a: Gliscor\n|-damage|p1a: Gliscor|47\/100\n|\n|-weather|Sandstorm|[upkeep]\n|-damage|p2a: Dragonite|70\/100|[from] Sandstorm\n|-status|p1a: Gliscor|tox|[from] item: Toxic Orb\n|upkeep\n|turn|18\n|\n|t:|1700361264\n|move|p2a: Dragonite|Outrage|p1a: Gliscor|[from]lockedmove\n|-damage|p1a: Gliscor|0 fnt\n|faint|p1a: Gliscor\n|-start|p2a: Dragonite|confusion|[fatigue]\n|\n|-weather|Sandstorm|[upkeep]\n|-damage|p2a: Dragonite|63\/100|[from] Sandstorm\n|-sideend|p2: Carapace44|Reflect\n|upkeep\n|c| Prince Sparks|bro\n|c| Prince Sparks|he was locked in\n|\n|t:|1700361272\n|switch|p1a: Weavile|Weavile, M|100\/100\n|-ability|p1a: Weavile|Pressure\n|turn|19\n|c|\u2606Carapace44|nooooo\n|\n|t:|1700361293\n|switch|p2a: Alomomola|Alomomola, F|100\/100\n|move|p1a: Weavile|Knock Off|p2a: Alomomola\n|-damage|p2a: Alomomola|64\/100\n|-enditem|p2a: Alomomola|Heavy-Duty Boots|[from] move: Knock Off|[of] p1a: Weavile\n|\n|-weather|none\n|upkeep\n|turn|20\n|\n|t:|1700361304\n|move|p1a: Weavile|Knock Off|p2a: Alomomola\n|-damage|p2a: Alomomola|38\/100\n|move|p2a: Alomomola|Wish|p2a: Alomomola\n|\n|upkeep\n|turn|21\n|\n|t:|1700361336\n|move|p2a: Alomomola|Protect|p2a: Alomomola\n|-singleturn|p2a: Alomomola|Protect\n|move|p1a: Weavile|Knock Off|p2a: Alomomola\n|-activate|p2a: Alomomola|move: Protect\n|\n|-heal|p2a: Alomomola|88\/100|[from] move: Wish|[wisher] Alomomola\n|upkeep\n|turn|22\n|c|\u2606Chaaro|I hate this pokemon\n|c|\u2606Carapace44|I love this pokemon\n|c|\u2606Carapace44|Used it in my bw2 no damage run\n|c|\u2606Carapace44|*no damaging moves\n|\n|t:|1700361378\n|move|p1a: Weavile|Knock Off|p2a: Alomomola\n|-damage|p2a: Alomomola|64\/100\n|move|p2a: Alomomola|Toxic|p1a: Weavile\n|-status|p1a: Weavile|tox\n|\n|-damage|p1a: Weavile|94\/100 tox|[from] psn\n|upkeep\n|turn|23\n|c|\u2606Chaaro|bruh\n|c|\u2606Chaaro|this is literally stall\n|c|\u2606Carapace44|Christian when I have one (1) defensive pokemon\n|c|\u2606Chaaro|it is\n|c|\u2606Chaaro|protect toxic and wish what do you mean\n|\n|t:|1700361440\n|move|p1a: Weavile|Knock Off|p2a: Alomomola\n|-damage|p2a: Alomomola|37\/100\n|move|p2a: Alomomola|Wish|p2a: Alomomola\n|\n|-damage|p1a: Weavile|82\/100 tox|[from] psn\n|upkeep\n|turn|24\n|c|\u2606Carapace44|yeha no shit dude I have a defensive pivot\n|c|\u2606Chaaro|crit time\n|\n|t:|1700361470\n|move|p2a: Alomomola|Protect|p2a: Alomomola\n|-singleturn|p2a: Alomomola|Protect\n|move|p1a: Weavile|Knock Off|p2a: Alomomola\n|-activate|p2a: Alomomola|move: Protect\n|\n|-heal|p2a: Alomomola|87\/100|[from] move: Wish|[wisher] Alomomola\n|-damage|p1a: Weavile|64\/100 tox|[from] psn\n|upkeep\n|turn|25\n|\n|t:|1700361490\n|move|p1a: Weavile|Knock Off|p2a: Alomomola\n|-damage|p2a: Alomomola|62\/100\n|move|p2a: Alomomola|Wish|p2a: Alomomola\n|\n|-damage|p1a: Weavile|40\/100 tox|[from] psn\n|upkeep\n|turn|26\n|c|\u2606Chaaro|give me the crit\n|\n|t:|1700361497\n|move|p2a: Alomomola|Protect|p2a: Alomomola\n|-singleturn|p2a: Alomomola|Protect\n|move|p1a: Weavile|Knock Off|p2a: Alomomola\n|-activate|p2a: Alomomola|move: Protect\n|\n|-heal|p2a: Alomomola|100\/100|[from] move: Wish|[wisher] Alomomola\n|-damage|p1a: Weavile|10\/100 tox|[from] psn\n|upkeep\n|turn|27\n|c|\u2606Chaaro|I hope ur happy btw\n|\n|t:|1700361508\n|move|p1a: Weavile|Knock Off|p2a: Alomomola\n|-damage|p2a: Alomomola|74\/100\n|move|p2a: Alomomola|Flip Turn|p1a: Weavile\n|-damage|p1a: Weavile|0 fnt\n|faint|p1a: Weavile\n|\n|t:|1700361538\n|switch|p2a: Dragonite|Dragonite, F|63\/100|[from] Flip Turn\n|-damage|p2a: Dragonite|39\/100|[from] Stealth Rock\n|\n|upkeep\n|\n|t:|1700361546\n|switch|p1a: Tyranitar|Tyranitar-Mega, M|55\/100 brn\n|-weather|Sandstorm|[from] ability: Sand Stream|[of] p1a: Tyranitar\n|turn|28\n|\n|t:|1700361554\n|move|p2a: Dragonite|Earthquake|p1a: Tyranitar\n|-supereffective|p1a: Tyranitar\n|-damage|p1a: Tyranitar|0 fnt\n|faint|p1a: Tyranitar\n|\n|win|Carapace44\n|l| Prince Sparks\n|l|\u2606Carapace44\n|l|\u2606Chaaro\n|j|\u2606Carapace44\n|player|p2|Carapace44|biker-gen4\n|l|\u2606Carapace44\n|player|p2|\n","uploadtime":1700361972,"views":11,"p1id":"chaaro","p2id":"carapace44","formatid":"gen9nationaldex","rating":0,"private":0,"password":""}