{"id":"gen9nationaldex-1997769924","p1":"slifer13","p2":"SylverOmega","format":"[Gen 9] National Dex","log":"|html|<div class=\"broadcast-blue\"><strong>[Gen 9] National Dex is currently suspecting Sneasler! For information on how to participate check out the <a href=\"https:\/\/www.smogon.com\/forums\/threads\/sv-national-dex-suspect-8-just-dance.3731534\/\">suspect thread<\/a>.<\/strong><\/div>\n|j|\u2606slifer13\n|j|\u2606SylverOmega\n|t:|1700850759\n|gametype|singles\n|player|p1|slifer13|norman|1274\n|player|p2|SylverOmega|palmer|1346\n|teamsize|p1|6\n|teamsize|p2|6\n|gen|9\n|tier|[Gen 9] National Dex\n|rated|\n|rule|HP Percentage Mod: HP is shown in percentages\n|rule|Endless Battle Clause: Forcing endless battles is banned\n|rule|OHKO Clause: OHKO moves are banned\n|rule|Evasion Clause: Evasion abilities, items, and moves are banned\n|rule|Evasion Abilities Clause: Evasion abilities are banned\n|rule|Evasion Items Clause: Evasion items are banned\n|rule|Evasion Moves Clause: Evasion moves are banned\n|rule|Species Clause: Limit one of each Pok\u00e9mon\n|rule|Sleep Clause Mod: Limit one foe put to sleep\n|clearpoke\n|poke|p1|Diancie|\n|poke|p1|Garchomp, M|\n|poke|p1|Iron Valiant|\n|poke|p1|Iron Moth|\n|poke|p1|Dragonite, F|\n|poke|p1|Kartana|\n|poke|p2|Indeedee, M|\n|poke|p2|Slowbro, M|\n|poke|p2|Metagross|\n|poke|p2|Azelf|\n|poke|p2|Victini|\n|poke|p2|Tapu Lele|\n|teampreview\n|inactive|Battle timer is ON: inactive players will automatically lose when time's up. (requested by SylverOmega)\n|c|\u2606SylverOmega|Hf\n|c|\u2606slifer13|u2\n|\n|t:|1700850781\n|start\n|switch|p1a: Diancie|Diancie|100\/100\n|switch|p2a: Indeedee|Indeedee, M|100\/100\n|-fieldstart|move: Psychic Terrain|[from] ability: Psychic Surge|[of] p2a: Indeedee\n|turn|1\n|\n|t:|1700850791\n|detailschange|p1a: Diancie|Diancie-Mega\n|-mega|p1a: Diancie|Diancie|Diancite\n|move|p2a: Indeedee|Expanding Force|p1a: Diancie\n|-damage|p1a: Diancie|32\/100\n|move|p1a: Diancie|Stealth Rock|p2a: Indeedee\n|-sidestart|p2: SylverOmega|move: Stealth Rock\n|\n|upkeep\n|turn|2\n|\n|t:|1700850799\n|move|p2a: Indeedee|Expanding Force|p1a: Diancie\n|-damage|p1a: Diancie|0 fnt\n|faint|p1a: Diancie\n|\n|upkeep\n|\n|t:|1700850809\n|switch|p1a: Garchomp|Garchomp, M|100\/100\n|turn|3\n|\n|t:|1700850813\n|move|p2a: Indeedee|Expanding Force|p1a: Garchomp\n|-damage|p1a: Garchomp|26\/100\n|move|p1a: Garchomp|Earthquake|p2a: Indeedee\n|-damage|p2a: Indeedee|0 fnt\n|faint|p2a: Indeedee\n|\n|upkeep\n|\n|t:|1700850822\n|switch|p2a: Slowbro|Slowbro, M, shiny|100\/100\n|-damage|p2a: Slowbro|88\/100|[from] Stealth Rock\n|turn|4\n|\n|t:|1700850829\n|detailschange|p2a: Slowbro|Slowbro-Mega, M, shiny\n|-mega|p2a: Slowbro|Slowbro|Slowbronite\n|move|p1a: Garchomp|Earthquake|p2a: Slowbro\n|-damage|p2a: Slowbro|62\/100\n|move|p2a: Slowbro|Calm Mind|p2a: Slowbro\n|-boost|p2a: Slowbro|spa|1\n|-boost|p2a: Slowbro|spd|1\n|\n|upkeep\n|turn|5\n|\n|t:|1700850850\n|move|p1a: Garchomp|Earthquake|p2a: Slowbro\n|-damage|p2a: Slowbro|33\/100\n|move|p2a: Slowbro|Slack Off|p2a: Slowbro\n|-heal|p2a: Slowbro|83\/100\n|\n|-fieldend|move: Psychic Terrain\n|upkeep\n|turn|6\n|\n|t:|1700850859\n|move|p1a: Garchomp|Scale Shot|p2a: Slowbro\n|-damage|p2a: Slowbro|76\/100\n|-damage|p2a: Slowbro|69\/100\n|-damage|p2a: Slowbro|61\/100\n|-damage|p2a: Slowbro|54\/100\n|-hitcount|p2a: Slowbro|4\n|-unboost|p1a: Garchomp|def|1\n|-boost|p1a: Garchomp|spe|1\n|move|p2a: Slowbro|Calm Mind|p2a: Slowbro\n|-boost|p2a: Slowbro|spa|1\n|-boost|p2a: Slowbro|spd|1\n|\n|upkeep\n|turn|7\n|\n|t:|1700850871\n|switch|p1a: Kartana|Kartana, shiny|100\/100\n|move|p2a: Slowbro|Slack Off|p2a: Slowbro\n|-heal|p2a: Slowbro|100\/100\n|\n|upkeep\n|turn|8\n|\n|t:|1700850879\n|move|p1a: Kartana|Leaf Blade|p2a: Slowbro\n|-supereffective|p2a: Slowbro\n|-damage|p2a: Slowbro|37\/100\n|move|p2a: Slowbro|Scald|p1a: Kartana\n|-resisted|p1a: Kartana\n|-damage|p1a: Kartana|0 fnt\n|faint|p1a: Kartana\n|\n|upkeep\n|\n|t:|1700850886\n|switch|p1a: Iron Valiant|Iron Valiant, shiny|100\/100\n|-enditem|p1a: Iron Valiant|Booster Energy\n|-activate|p1a: Iron Valiant|ability: Quark Drive|[fromitem]\n|-start|p1a: Iron Valiant|quarkdrivespe\n|turn|9\n|\n|t:|1700850894\n|move|p1a: Iron Valiant|Thunderbolt|p2a: Slowbro\n|-supereffective|p2a: Slowbro\n|-damage|p2a: Slowbro|15\/100\n|move|p2a: Slowbro|Slack Off|p2a: Slowbro\n|-heal|p2a: Slowbro|65\/100\n|\n|upkeep\n|turn|10\n|\n|t:|1700850901\n|move|p1a: Iron Valiant|Thunderbolt|p2a: Slowbro\n|-supereffective|p2a: Slowbro\n|-damage|p2a: Slowbro|44\/100\n|-status|p2a: Slowbro|par\n|move|p2a: Slowbro|Slack Off|p2a: Slowbro\n|-heal|p2a: Slowbro|94\/100 par\n|\n|upkeep\n|turn|11\n|\n|t:|1700850911\n|move|p1a: Iron Valiant|Calm Mind|p1a: Iron Valiant\n|-boost|p1a: Iron Valiant|spa|1\n|-boost|p1a: Iron Valiant|spd|1\n|move|p2a: Slowbro|Psychic|p1a: Iron Valiant\n|-supereffective|p1a: Iron Valiant\n|-damage|p1a: Iron Valiant|0 fnt\n|faint|p1a: Iron Valiant\n|-end|p1a: Iron Valiant|Quark Drive|[silent]\n|\n|upkeep\n|\n|t:|1700850918\n|switch|p1a: Dragonite|Dragonite, F|100\/100\n|turn|12\n|\n|t:|1700850924\n|move|p1a: Dragonite|Extreme Speed|p2a: Slowbro\n|-damage|p2a: Slowbro|76\/100 par\n|move|p2a: Slowbro|Scald|p1a: Dragonite\n|-resisted|p1a: Dragonite\n|-damage|p1a: Dragonite|82\/100\n|\n|upkeep\n|turn|13\n|-message|slifer13 forfeited.\n|\n|win|SylverOmega\n|raw|slifer13's rating: 1274 &rarr; <strong>1254<\/strong><br \/>(-20 for losing)\n|raw|SylverOmega's rating: 1346 &rarr; <strong>1362<\/strong><br \/>(+16 for winning)\n|l|\u2606slifer13\n","uploadtime":1700850935,"views":0,"p1id":"slifer13","p2id":"sylveromega","formatid":"gen9nationaldex","rating":1254,"private":0,"password":""}