{"id":"gen9nationaldex-1987280557","p1":"BlueCarnage","p2":"Maxer59","format":"[Gen 9] National Dex","log":"|j|\u2606BlueCarnage\n|j|\u2606Maxer59\n|t:|1699572655\n|gametype|singles\n|player|p1|BlueCarnage|giovanni|1134\n|player|p2|Maxer59|lucas|1173\n|teamsize|p1|6\n|teamsize|p2|6\n|gen|9\n|tier|[Gen 9] National Dex\n|rated|\n|rule|HP Percentage Mod: HP is shown in percentages\n|rule|Endless Battle Clause: Forcing endless battles is banned\n|rule|OHKO Clause: OHKO moves are banned\n|rule|Evasion Clause: Evasion abilities, items, and moves are banned\n|rule|Evasion Abilities Clause: Evasion abilities are banned\n|rule|Evasion Items Clause: Evasion items are banned\n|rule|Evasion Moves Clause: Evasion moves are banned\n|rule|Species Clause: Limit one of each Pok\u00e9mon\n|rule|Sleep Clause Mod: Limit one foe put to sleep\n|clearpoke\n|poke|p1|Serperior, M|\n|poke|p1|Seviper, M|\n|poke|p1|Dudunsparce-*, F|\n|poke|p1|Milotic, F|\n|poke|p1|Sandaconda, M|\n|poke|p1|Dragonair, F|\n|poke|p2|Xurkitree|\n|poke|p2|Tapu Koko|\n|poke|p2|Raichu-Alola, F|\n|poke|p2|Heliolisk, F|\n|poke|p2|Rotom-Wash|\n|poke|p2|Iron Hands|\n|teampreview\n|inactive|Battle timer is ON: inactive players will automatically lose when time's up. (requested by Maxer59)\n|\n|t:|1699572670\n|start\n|switch|p1a: Sandaconda|Sandaconda, M, shiny|100\/100\n|switch|p2a: Rotom|Rotom-Wash|100\/100\n|turn|1\n|\n|t:|1699572682\n|-terastallize|p1a: Sandaconda|Ghost\n|move|p2a: Rotom|Hydro Pump|p1a: Sandaconda\n|-damage|p1a: Sandaconda|50\/100\n|move|p1a: Sandaconda|Stealth Rock|p2a: Rotom\n|-sidestart|p2: Maxer59|move: Stealth Rock\n|\n|upkeep\n|turn|2\n|\n|t:|1699572693\n|move|p2a: Rotom|Defog|p1a: Sandaconda\n|-unboost|p1a: Sandaconda|evasion|1\n|-sideend|p2: Maxer59|Stealth Rock|[from] move: Defog|[of] p2a: Rotom\n|move|p1a: Sandaconda|Rest|p1a: Sandaconda\n|-status|p1a: Sandaconda|slp|[from] move: Rest\n|-heal|p1a: Sandaconda|100\/100 slp|[silent]\n|\n|-activate|p1a: Sandaconda|ability: Shed Skin\n|-curestatus|p1a: Sandaconda|slp|[msg]\n|upkeep\n|turn|3\n|\n|t:|1699572711\n|switch|p1a: Dudunsparce|Dudunsparce-Three-Segment, F, shiny|100\/100\n|move|p2a: Rotom|Electric Terrain|p2a: Rotom\n|-fieldstart|move: Electric Terrain\n|\n|upkeep\n|turn|4\n|\n|t:|1699572717\n|move|p2a: Rotom|Volt Switch|p1a: Dudunsparce\n|-damage|p1a: Dudunsparce|75\/100\n|\n|t:|1699572730\n|switch|p2a: Xurkitree|Xurkitree|100\/100|[from] Volt Switch\n|move|p1a: Dudunsparce|Calm Mind|p1a: Dudunsparce\n|-boost|p1a: Dudunsparce|spa|1\n|-boost|p1a: Dudunsparce|spd|1\n|\n|-heal|p1a: Dudunsparce|82\/100|[from] item: Leftovers\n|upkeep\n|turn|5\n|\n|t:|1699572740\n|move|p2a: Xurkitree|Tail Glow|p2a: Xurkitree\n|-boost|p2a: Xurkitree|spa|3\n|move|p1a: Dudunsparce|Calm Mind|p1a: Dudunsparce\n|-boost|p1a: Dudunsparce|spa|1\n|-boost|p1a: Dudunsparce|spd|1\n|\n|-heal|p1a: Dudunsparce|88\/100|[from] item: Leftovers\n|upkeep\n|turn|6\n|\n|t:|1699572751\n|move|p2a: Xurkitree|Rising Voltage|p1a: Dudunsparce\n|-hint|Rising Voltage's BP doubled on grounded target.\n|-damage|p1a: Dudunsparce|0 fnt\n|faint|p1a: Dudunsparce\n|-ability|p2a: Xurkitree|Beast Boost|boost\n|-boost|p2a: Xurkitree|spa|1\n|\n|upkeep\n|\n|t:|1699572767\n|switch|p1a: Milotic|Milotic, F|100\/100\n|turn|7\n|\n|t:|1699572779\n|move|p2a: Xurkitree|Rising Voltage|p1a: Milotic\n|-hint|Rising Voltage's BP doubled on grounded target.\n|-supereffective|p1a: Milotic\n|-damage|p1a: Milotic|0 fnt\n|faint|p1a: Milotic\n|-ability|p2a: Xurkitree|Beast Boost|boost\n|-boost|p2a: Xurkitree|spa|1\n|\n|-fieldend|move: Electric Terrain\n|upkeep\n|\n|t:|1699572792\n|switch|p1a: Sandaconda|Sandaconda, M, shiny, tera:Ghost|100\/100\n|turn|8\n|\n|t:|1699572802\n|move|p2a: Xurkitree|Rising Voltage|p1a: Sandaconda\n|-damage|p1a: Sandaconda|0 fnt\n|faint|p1a: Sandaconda\n|-ability|p2a: Xurkitree|Beast Boost|boost\n|-boost|p2a: Xurkitree|spa|1\n|\n|upkeep\n|\n|t:|1699572809\n|switch|p1a: Seviper|Seviper, M, shiny|100\/100\n|turn|9\n|\n|t:|1699572814\n|move|p2a: Xurkitree|Rising Voltage|p1a: Seviper\n|-damage|p1a: Seviper|0 fnt\n|faint|p1a: Seviper\n|\n|upkeep\n|-message|BlueCarnage forfeited.\n|\n|win|Maxer59\n|raw|BlueCarnage's rating: 1134 &rarr; <strong>1112<\/strong><br \/>(-22 for losing)\n|raw|Maxer59's rating: 1173 &rarr; <strong>1195<\/strong><br \/>(+22 for winning)\n|l|\u2606BlueCarnage\n","uploadtime":1699572826,"views":6,"p1id":"bluecarnage","p2id":"maxer59","formatid":"gen9nationaldex","rating":1112,"private":0,"password":""}