{"id":"gen9nationaldex-1988045488","p1":"Kuzwa","p2":"ResourcefulRat","format":"[Gen 9] National Dex","log":"|j|\u2606Kuzwa\n|j|\u2606ResourcefulRat\n|t:|1699662874\n|gametype|singles\n|player|p1|Kuzwa|parasollady|1119\n|player|p2|ResourcefulRat|guzma|1081\n|teamsize|p1|6\n|teamsize|p2|6\n|gen|9\n|tier|[Gen 9] National Dex\n|rated|\n|rule|HP Percentage Mod: HP is shown in percentages\n|rule|Endless Battle Clause: Forcing endless battles is banned\n|rule|OHKO Clause: OHKO moves are banned\n|rule|Evasion Clause: Evasion abilities, items, and moves are banned\n|rule|Evasion Abilities Clause: Evasion abilities are banned\n|rule|Evasion Items Clause: Evasion items are banned\n|rule|Evasion Moves Clause: Evasion moves are banned\n|rule|Species Clause: Limit one of each Pok\u00e9mon\n|rule|Sleep Clause Mod: Limit one foe put to sleep\n|clearpoke\n|poke|p1|Gallade, M|\n|poke|p1|Garchomp, M|\n|poke|p1|Blaziken, M|\n|poke|p1|Kartana|\n|poke|p1|Scizor, M|\n|poke|p1|Weavile, M|\n|poke|p2|Kleavor, M|\n|poke|p2|Kartana|\n|poke|p2|Skeledirge, M|\n|poke|p2|Urshifu-*, M|\n|poke|p2|Volcarona, F|\n|poke|p2|Tapu Koko|\n|teampreview\n|\n|t:|1699662884\n|start\n|switch|p1a: Ken Amada|Scizor, M|100\/100\n|switch|p2a: Kleavor|Kleavor, M|100\/100\n|turn|1\n|\n|t:|1699662890\n|move|p1a: Ken Amada|Bullet Punch|p2a: Kleavor\n|-supereffective|p2a: Kleavor\n|-crit|p2a: Kleavor\n|-enditem|p2a: Kleavor|Focus Sash\n|-damage|p2a: Kleavor|1\/100\n|move|p2a: Kleavor|Stone Axe|p1a: Ken Amada|[miss]\n|-miss|p2a: Kleavor|p1a: Ken Amada\n|\n|upkeep\n|turn|2\n|\n|t:|1699662901\n|move|p1a: Ken Amada|Bullet Punch|p2a: Kleavor\n|-supereffective|p2a: Kleavor\n|-damage|p2a: Kleavor|0 fnt\n|faint|p2a: Kleavor\n|\n|upkeep\n|\n|t:|1699662906\n|switch|p2a: Skeledirge|Skeledirge, M|100\/100\n|turn|3\n|\n|t:|1699662912\n|switch|p1a: Koromaru|Blaziken, M, shiny|100\/100\n|move|p2a: Skeledirge|Will-O-Wisp|p1a: Koromaru|[miss]\n|-miss|p2a: Skeledirge|p1a: Koromaru\n|\n|upkeep\n|turn|4\n|\n|t:|1699662919\n|move|p1a: Koromaru|Poison Jab|p2a: Skeledirge\n|-resisted|p2a: Skeledirge\n|-crit|p2a: Skeledirge\n|-damage|p2a: Skeledirge|82\/100\n|move|p2a: Skeledirge|Hex|p1a: Koromaru\n|-damage|p1a: Koromaru|63\/100\n|\n|-heal|p2a: Skeledirge|88\/100|[from] item: Leftovers\n|-ability|p1a: Koromaru|Speed Boost|boost\n|-boost|p1a: Koromaru|spe|1\n|upkeep\n|turn|5\n|\n|t:|1699662929\n|move|p1a: Koromaru|Poison Jab|p2a: Skeledirge\n|-resisted|p2a: Skeledirge\n|-damage|p2a: Skeledirge|76\/100\n|move|p2a: Skeledirge|Torch Song|p1a: Koromaru\n|-resisted|p1a: Koromaru\n|-damage|p1a: Koromaru|41\/100\n|-boost|p2a: Skeledirge|spa|1\n|\n|-heal|p2a: Skeledirge|82\/100|[from] item: Leftovers\n|-ability|p1a: Koromaru|Speed Boost|boost\n|-boost|p1a: Koromaru|spe|1\n|upkeep\n|turn|6\n|\n|t:|1699662943\n|move|p1a: Koromaru|Protect|p1a: Koromaru\n|-singleturn|p1a: Koromaru|Protect\n|move|p2a: Skeledirge|Torch Song|p1a: Koromaru\n|-activate|p1a: Koromaru|move: Protect\n|\n|-heal|p2a: Skeledirge|88\/100|[from] item: Leftovers\n|-ability|p1a: Koromaru|Speed Boost|boost\n|-boost|p1a: Koromaru|spe|1\n|upkeep\n|turn|7\n|\n|t:|1699662958\n|move|p1a: Koromaru|Poison Jab|p2a: Skeledirge\n|-resisted|p2a: Skeledirge\n|-damage|p2a: Skeledirge|77\/100\n|-status|p2a: Skeledirge|psn\n|move|p2a: Skeledirge|Hex|p1a: Koromaru\n|-damage|p1a: Koromaru|0 fnt\n|faint|p1a: Koromaru\n|\n|-heal|p2a: Skeledirge|83\/100 psn|[from] item: Leftovers\n|-damage|p2a: Skeledirge|70\/100 psn|[from] psn\n|upkeep\n|\n|t:|1699662962\n|switch|p1a: Junpei Iori|Weavile, M, shiny|100\/100\n|turn|8\n|\n|t:|1699662971\n|move|p1a: Junpei Iori|Throat Chop|p2a: Skeledirge\n|-supereffective|p2a: Skeledirge\n|-crit|p2a: Skeledirge\n|-damage|p2a: Skeledirge|0 fnt\n|faint|p2a: Skeledirge\n|\n|upkeep\n|inactive|Battle timer is ON: inactive players will automatically lose when time's up. (requested by Kuzwa)\n|\n|t:|1699662987\n|switch|p2a: Kartana|Kartana|100\/100\n|turn|9\n|\n|t:|1699662995\n|move|p1a: Junpei Iori|Ice Spinner|p2a: Kartana\n|-crit|p2a: Kartana\n|-damage|p2a: Kartana|34\/100\n|move|p2a: Kartana|Sacred Sword|p1a: Junpei Iori\n|-supereffective|p1a: Junpei Iori\n|-enditem|p1a: Junpei Iori|Focus Sash\n|-damage|p1a: Junpei Iori|1\/100\n|-enditem|p2a: Kartana|Adrenaline Orb|[silent]|[from] ability: Pickpocket|[of] p2a: Kartana\n|-item|p1a: Junpei Iori|Adrenaline Orb|[from] ability: Pickpocket|[of] p2a: Kartana\n|\n|upkeep\n|turn|10\n|\n|t:|1699663007\n|move|p1a: Junpei Iori|Ice Spinner|p2a: Kartana\n|-crit|p2a: Kartana\n|-damage|p2a: Kartana|0 fnt\n|faint|p2a: Kartana\n|\n|upkeep\n|\n|t:|1699663013\n|switch|p2a: Volcarona|Volcarona, F|100\/100\n|turn|11\n|\n|t:|1699663016\n|move|p1a: Junpei Iori|Throat Chop|p2a: Volcarona\n|-damage|p2a: Volcarona|38\/100\n|-start|p2a: Volcarona|Throat Chop|[silent]\n|move|p2a: Volcarona|Fiery Dance|p1a: Junpei Iori\n|-supereffective|p1a: Junpei Iori\n|-damage|p1a: Junpei Iori|0 fnt\n|-boost|p2a: Volcarona|spa|1\n|faint|p1a: Junpei Iori\n|\n|upkeep\n|\n|t:|1699663034\n|switch|p1a: Makoto Yuki|Kartana, shiny|100\/100\n|turn|12\n|\n|t:|1699663040\n|move|p1a: Makoto Yuki|Sacred Sword|p2a: Volcarona\n|-resisted|p2a: Volcarona\n|-damage|p2a: Volcarona|9\/100\n|move|p2a: Volcarona|Fiery Dance|p1a: Makoto Yuki\n|-supereffective|p1a: Makoto Yuki\n|-enditem|p1a: Makoto Yuki|Focus Sash\n|-damage|p1a: Makoto Yuki|1\/100\n|-boost|p2a: Volcarona|spa|1\n|\n|-end|p2a: Volcarona|Throat Chop|[silent]\n|upkeep\n|turn|13\n|\n|t:|1699663054\n|move|p1a: Makoto Yuki|Smart Strike|p2a: Volcarona\n|-resisted|p2a: Volcarona\n|-damage|p2a: Volcarona|0 fnt\n|faint|p2a: Volcarona\n|-ability|p1a: Makoto Yuki|Beast Boost|boost\n|-boost|p1a: Makoto Yuki|atk|1\n|\n|upkeep\n|\n|t:|1699663060\n|switch|p2a: Tapu Koko|Tapu Koko|100\/100\n|-fieldstart|move: Electric Terrain|[from] ability: Electric Surge|[of] p2a: Tapu Koko\n|turn|14\n|\n|t:|1699663065\n|move|p2a: Tapu Koko|Thunderbolt|p1a: Makoto Yuki\n|-resisted|p1a: Makoto Yuki\n|-damage|p1a: Makoto Yuki|0 fnt\n|faint|p1a: Makoto Yuki\n|\n|upkeep\n|\n|t:|1699663069\n|switch|p1a: Ken Amada|Scizor, M|100\/100\n|turn|15\n|\n|t:|1699663077\n|move|p2a: Tapu Koko|U-turn|p1a: Ken Amada\n|-resisted|p1a: Ken Amada\n|-damage|p1a: Ken Amada|93\/100\n|\n|t:|1699663080\n|switch|p2a: Urshifu|Urshifu-Rapid-Strike, M|100\/100|[from] U-turn\n|move|p1a: Ken Amada|Swords Dance|p1a: Ken Amada\n|-boost|p1a: Ken Amada|atk|2\n|\n|upkeep\n|turn|16\n|\n|t:|1699663090\n|move|p2a: Urshifu|Surging Strikes|p1a: Ken Amada\n|-crit|p1a: Ken Amada\n|-damage|p1a: Ken Amada|67\/100\n|-crit|p1a: Ken Amada\n|-damage|p1a: Ken Amada|40\/100\n|-crit|p1a: Ken Amada\n|-damage|p1a: Ken Amada|14\/100\n|-hitcount|p1a: Ken Amada|3\n|-damage|p2a: Urshifu|91\/100|[from] item: Life Orb\n|move|p1a: Ken Amada|Acrobatics|p2a: Urshifu\n|-supereffective|p2a: Urshifu\n|-damage|p2a: Urshifu|0 fnt\n|faint|p2a: Urshifu\n|\n|upkeep\n|\n|t:|1699663101\n|switch|p2a: Tapu Koko|Tapu Koko|100\/100\n|turn|17\n|\n|t:|1699663105\n|detailschange|p1a: Ken Amada|Scizor-Mega, M\n|-mega|p1a: Ken Amada|Scizor|Scizorite\n|move|p1a: Ken Amada|Bullet Punch|p2a: Tapu Koko\n|-damage|p2a: Tapu Koko|0 fnt\n|faint|p2a: Tapu Koko\n|\n|win|Kuzwa\n|raw|Kuzwa's rating: 1119 &rarr; <strong>1141<\/strong><br \/>(+22 for winning)\n|raw|ResourcefulRat's rating: 1081 &rarr; <strong>1061<\/strong><br \/>(-20 for losing)\n","uploadtime":1699663114,"views":4,"p1id":"kuzwa","p2id":"resourcefulrat","formatid":"gen9nationaldex","rating":1061,"private":0,"password":""}