{"id":"gen9nationaldex-1999151450","p1":"Kingdomplebs","p2":"AwesomeDabmaste","format":"[Gen 9] National Dex","log":"|html|<div class=\"broadcast-blue\"><strong>[Gen 9] National Dex is currently suspecting Sneasler! For information on how to participate check out the <a href=\"https:\/\/www.smogon.com\/forums\/threads\/sv-national-dex-suspect-8-just-dance.3731534\/\">suspect thread<\/a>.<\/strong><\/div>\n|j|\u2606Kingdomplebs\n|j|\u2606AwesomeDabmaste\n|t:|1701038787\n|gametype|singles\n|player|p1|Kingdomplebs|ghetsis-gen5bw|1484\n|player|p2|AwesomeDabmaste|steven|1330\n|teamsize|p1|6\n|teamsize|p2|6\n|gen|9\n|tier|[Gen 9] National Dex\n|rated|\n|rule|HP Percentage Mod: HP is shown in percentages\n|rule|Endless Battle Clause: Forcing endless battles is banned\n|rule|OHKO Clause: OHKO moves are banned\n|rule|Evasion Clause: Evasion abilities, items, and moves are banned\n|rule|Evasion Abilities Clause: Evasion abilities are banned\n|rule|Evasion Items Clause: Evasion items are banned\n|rule|Evasion Moves Clause: Evasion moves are banned\n|rule|Species Clause: Limit one of each Pok\u00e9mon\n|rule|Sleep Clause Mod: Limit one foe put to sleep\n|clearpoke\n|poke|p1|Landorus-Therian, M|\n|poke|p1|Cinderace, M|\n|poke|p1|Aegislash, F|\n|poke|p1|Tapu Koko|\n|poke|p1|Iron Valiant|\n|poke|p1|Serperior, M|\n|poke|p2|Rotom-Wash|\n|poke|p2|Volcarona, M|\n|poke|p2|Iron Valiant|\n|poke|p2|Lopunny, F|\n|poke|p2|Tapu Koko|\n|poke|p2|Chansey, F|\n|teampreview\n|inactive|Battle timer is ON: inactive players will automatically lose when time's up. (requested by Kingdomplebs)\n|\n|t:|1701038802\n|start\n|switch|p1a: Cinderace|Cinderace, M|100\/100\n|switch|p2a: YOU KNOW DAMN WELL|Lopunny, F, shiny|100\/100\n|turn|1\n|\n|t:|1701038811\n|switch|p1a: Landorus|Landorus-Therian, M|100\/100\n|-ability|p1a: Landorus|Intimidate|boost\n|-unboost|p2a: YOU KNOW DAMN WELL|atk|1\n|detailschange|p2a: YOU KNOW DAMN WELL|Lopunny-Mega, F, shiny\n|-mega|p2a: YOU KNOW DAMN WELL|Lopunny|Lopunnite\n|move|p2a: YOU KNOW DAMN WELL|Fake Out|p1a: Landorus\n|-damage|p1a: Landorus|83\/100\n|\n|upkeep\n|turn|2\n|inactive|AwesomeDabmaste has 120 seconds left.\n|\n|t:|1701038847\n|move|p1a: Landorus|U-turn|p2a: YOU KNOW DAMN WELL\n|-resisted|p2a: YOU KNOW DAMN WELL\n|-damage|p2a: YOU KNOW DAMN WELL|84\/100\n|\n|t:|1701038865\n|switch|p1a: Aegislash|Aegislash, F|100\/100|[from] U-turn\n|move|p2a: YOU KNOW DAMN WELL|U-turn|p1a: Aegislash\n|-resisted|p1a: Aegislash\n|-damage|p1a: Aegislash|97\/100\n|inactive|AwesomeDabmaste has 120 seconds left.\n|\n|t:|1701038873\n|switch|p2a: \"The Eminence\"|Volcarona, M|100\/100|[from] U-turn\n|\n|-heal|p1a: Aegislash|100\/100|[from] item: Leftovers\n|upkeep\n|turn|3\n|\n|t:|1701038883\n|switch|p1a: Landorus|Landorus-Therian, M|83\/100\n|-ability|p1a: Landorus|Intimidate|boost\n|-unboost|p2a: \"The Eminence\"|atk|1\n|move|p2a: \"The Eminence\"|Fiery Dance|p1a: Landorus\n|-damage|p1a: Landorus|37\/100\n|-boost|p2a: \"The Eminence\"|spa|1\n|\n|upkeep\n|turn|4\n|\n|t:|1701038891\n|switch|p2a: The Pink Blob|Chansey, F|100\/100\n|move|p1a: Landorus|Stone Edge|p2a: The Pink Blob\n|-damage|p2a: The Pink Blob|77\/100\n|\n|upkeep\n|turn|5\n|\n|t:|1701038900\n|switch|p1a: Aegislash|Aegislash, F|100\/100\n|move|p2a: The Pink Blob|Toxic|p1a: Aegislash\n|-immune|p1a: Aegislash\n|\n|upkeep\n|turn|6\n|\n|t:|1701038910\n|switch|p1a: Tapu Koko|Tapu Koko|100\/100\n|-fieldstart|move: Electric Terrain|[from] ability: Electric Surge|[of] p1a: Tapu Koko\n|move|p2a: The Pink Blob|Soft-Boiled|p2a: The Pink Blob\n|-heal|p2a: The Pink Blob|100\/100\n|\n|upkeep\n|turn|7\n|\n|t:|1701038917\n|move|p1a: Tapu Koko|Volt Switch|p2a: The Pink Blob\n|-damage|p2a: The Pink Blob|88\/100\n|\n|t:|1701038920\n|switch|p1a: Aegislash|Aegislash, F|100\/100|[from] Volt Switch\n|move|p2a: The Pink Blob|Toxic|p1a: Aegislash\n|-immune|p1a: Aegislash\n|\n|upkeep\n|turn|8\n|\n|t:|1701038929\n|switch|p2a: Blindfold|Tapu Koko, shiny|100\/100\n|-formechange|p1a: Aegislash|Aegislash-Blade||[from] ability: Stance Change\n|move|p1a: Aegislash|Sacred Sword|p2a: Blindfold\n|-resisted|p2a: Blindfold\n|-damage|p2a: Blindfold|75\/100\n|\n|upkeep\n|turn|9\n|\n|t:|1701038943\n|-formechange|p1a: Aegislash|Aegislash||[from] ability: Stance Change\n|move|p1a: Aegislash|King's Shield|p1a: Aegislash\n|-singleturn|p1a: Aegislash|Protect\n|move|p2a: Blindfold|Dazzling Gleam|p1a: Aegislash\n|-activate|p1a: Aegislash|move: Protect\n|\n|upkeep\n|turn|10\n|\n|t:|1701038967\n|move|p2a: Blindfold|Volt Switch|p1a: Aegislash\n|-damage|p1a: Aegislash|61\/100\n|\n|t:|1701038977\n|switch|p2a: \"The Eminence\"|Volcarona, M|100\/100|[from] Volt Switch\n|move|p1a: Aegislash|Swords Dance|p1a: Aegislash\n|-boost|p1a: Aegislash|atk|2\n|\n|-heal|p1a: Aegislash|68\/100|[from] item: Leftovers\n|-fieldend|move: Electric Terrain\n|upkeep\n|turn|11\n|\n|t:|1701038989\n|move|p1a: Aegislash|King's Shield|p1a: Aegislash\n|-singleturn|p1a: Aegislash|Protect\n|move|p2a: \"The Eminence\"|Fiery Dance|p1a: Aegislash\n|-activate|p1a: Aegislash|move: Protect\n|\n|-heal|p1a: Aegislash|74\/100|[from] item: Leftovers\n|upkeep\n|turn|12\n|inactive|AwesomeDabmaste has 120 seconds left.\n|\n|t:|1701039034\n|switch|p1a: Tapu Koko|Tapu Koko|100\/100\n|-fieldstart|move: Electric Terrain|[from] ability: Electric Surge|[of] p1a: Tapu Koko\n|move|p2a: \"The Eminence\"|Fiery Dance|p1a: Tapu Koko\n|-damage|p1a: Tapu Koko|49\/100\n|-boost|p2a: \"The Eminence\"|spa|1\n|\n|upkeep\n|turn|13\n|\n|t:|1701039044\n|-zpower|p1a: Tapu Koko\n|move|p1a: Tapu Koko|Gigavolt Havoc|p2a: \"The Eminence\"|[zeffect]\n|-damage|p2a: \"The Eminence\"|14\/100\n|move|p2a: \"The Eminence\"|Quiver Dance|p2a: \"The Eminence\"\n|-boost|p2a: \"The Eminence\"|spa|1\n|-boost|p2a: \"The Eminence\"|spd|1\n|-boost|p2a: \"The Eminence\"|spe|1\n|\n|-heal|p2a: \"The Eminence\"|21\/100|[from] item: Leftovers\n|upkeep\n|turn|14\n|\n|t:|1701039055\n|move|p1a: Tapu Koko|Volt Switch|p2a: \"The Eminence\"\n|-damage|p2a: \"The Eminence\"|0 fnt\n|faint|p2a: \"The Eminence\"\n|\n|t:|1701039060\n|switch|p1a: Landorus|Landorus-Therian, M|37\/100|[from] Volt Switch\n|\n|upkeep\n|\n|t:|1701039071\n|switch|p2a: Vending|Rotom-Wash|100\/100\n|turn|15\n|\n|t:|1701039077\n|move|p1a: Landorus|Knock Off|p2a: Vending\n|-damage|p2a: Vending|69\/100\n|-enditem|p2a: Vending|Leftovers|[from] move: Knock Off|[of] p1a: Landorus\n|move|p2a: Vending|Hydro Pump|p1a: Landorus\n|-supereffective|p1a: Landorus\n|-damage|p1a: Landorus|0 fnt\n|faint|p1a: Landorus\n|\n|upkeep\n|\n|t:|1701039085\n|switch|p1a: Serperior|Serperior, M|100\/100\n|turn|16\n|inactive|AwesomeDabmaste has 120 seconds left.\n|\n|t:|1701039120\n|move|p1a: Serperior|Leaf Storm|p2a: Vending\n|-supereffective|p2a: Vending\n|-damage|p2a: Vending|0 fnt\n|-boost|p1a: Serperior|spa|2\n|faint|p2a: Vending\n|\n|-fieldend|move: Electric Terrain\n|upkeep\n|\n|t:|1701039127\n|switch|p2a: YOU KNOW DAMN WELL|Lopunny-Mega, F, shiny|84\/100\n|turn|17\n|\n|t:|1701039140\n|switch|p1a: Iron Valiant|Iron Valiant|100\/100\n|-enditem|p1a: Iron Valiant|Booster Energy\n|-activate|p1a: Iron Valiant|ability: Quark Drive|[fromitem]\n|-start|p1a: Iron Valiant|quarkdrivespe\n|move|p2a: YOU KNOW DAMN WELL|Fake Out|p1a: Iron Valiant\n|-damage|p1a: Iron Valiant|70\/100\n|\n|upkeep\n|turn|18\n|\n|t:|1701039150\n|switch|p2a: The Pink Blob|Chansey, F|88\/100\n|move|p1a: Iron Valiant|Moonblast|p2a: The Pink Blob\n|-crit|p2a: The Pink Blob\n|-damage|p2a: The Pink Blob|67\/100\n|-unboost|p2a: The Pink Blob|spa|1\n|\n|upkeep\n|turn|19\n|\n|t:|1701039158\n|move|p1a: Iron Valiant|Close Combat|p2a: The Pink Blob\n|-supereffective|p2a: The Pink Blob\n|-damage|p2a: The Pink Blob|0 fnt\n|-unboost|p1a: Iron Valiant|def|1\n|-unboost|p1a: Iron Valiant|spd|1\n|faint|p2a: The Pink Blob\n|\n|upkeep\n|\n|t:|1701039165\n|switch|p2a: Blindfold|Tapu Koko, shiny|75\/100\n|-fieldstart|move: Electric Terrain|[from] ability: Electric Surge|[of] p2a: Blindfold\n|turn|20\n|\n|t:|1701039170\n|-terastallize|p1a: Iron Valiant|Fairy\n|move|p1a: Iron Valiant|Moonblast|p2a: Blindfold\n|-damage|p2a: Blindfold|0 fnt\n|faint|p2a: Blindfold\n|\n|upkeep\n|\n|t:|1701039174\n|switch|p2a: Those Hands|Iron Valiant|100\/100\n|-activate|p2a: Those Hands|ability: Quark Drive\n|-start|p2a: Those Hands|quarkdrivespe\n|turn|21\n|inactive|AwesomeDabmaste has 120 seconds left.\n|\n|t:|1701039191\n|-terastallize|p2a: Those Hands|Fairy\n|move|p2a: Those Hands|Moonblast|p1a: Iron Valiant\n|-damage|p1a: Iron Valiant|0 fnt\n|faint|p1a: Iron Valiant\n|-end|p1a: Iron Valiant|Quark Drive|[silent]\n|-damage|p2a: Those Hands|91\/100|[from] item: Life Orb\n|\n|upkeep\n|\n|t:|1701039211\n|switch|p1a: Aegislash|Aegislash, F|74\/100\n|turn|22\n|\n|t:|1701039215\n|move|p2a: Those Hands|Calm Mind|p2a: Those Hands\n|-boost|p2a: Those Hands|spa|1\n|-boost|p2a: Those Hands|spd|1\n|move|p1a: Aegislash|Swords Dance|p1a: Aegislash\n|-boost|p1a: Aegislash|atk|2\n|\n|-heal|p1a: Aegislash|80\/100|[from] item: Leftovers\n|upkeep\n|turn|23\n|\n|t:|1701039222\n|move|p2a: Those Hands|Moonblast|p1a: Aegislash\n|-resisted|p1a: Aegislash\n|-damage|p1a: Aegislash|15\/100\n|-unboost|p1a: Aegislash|spa|1\n|-damage|p2a: Those Hands|81\/100|[from] item: Life Orb\n|move|p1a: Aegislash|Swords Dance|p1a: Aegislash\n|-boost|p1a: Aegislash|atk|2\n|\n|-heal|p1a: Aegislash|21\/100|[from] item: Leftovers\n|upkeep\n|turn|24\n|\n|t:|1701039231\n|-formechange|p1a: Aegislash|Aegislash-Blade||[from] ability: Stance Change\n|move|p1a: Aegislash|Shadow Sneak|p2a: Those Hands\n|-damage|p2a: Those Hands|0 fnt\n|faint|p2a: Those Hands\n|-end|p2a: Those Hands|Quark Drive|[silent]\n|\n|-heal|p1a: Aegislash|27\/100|[from] item: Leftovers\n|-fieldend|move: Electric Terrain\n|upkeep\n|\n|t:|1701039236\n|switch|p2a: YOU KNOW DAMN WELL|Lopunny-Mega, F, shiny|84\/100\n|turn|25\n|-message|AwesomeDabmaste forfeited.\n|\n|win|Kingdomplebs\n|raw|Kingdomplebs's rating: 1484 &rarr; <strong>1496<\/strong><br \/>(+12 for winning)\n|raw|AwesomeDabmaste's rating: 1330 &rarr; <strong>1318<\/strong><br \/>(-12 for losing)\n|l|\u2606AwesomeDabmaste\n","uploadtime":1701039249,"views":1,"p1id":"kingdomplebs","p2id":"awesomedabmaste","formatid":"gen9nationaldex","rating":1318,"private":0,"password":""}