{"id":"gen9nationaldex-1998013513","p1":"Hotman2012","p2":"NDSNEZyedropwhen","format":"[Gen 9] National Dex","log":"|html|<div class=\"broadcast-blue\"><strong>[Gen 9] National Dex is currently suspecting Sneasler! For information on how to participate check out the <a href=\"https:\/\/www.smogon.com\/forums\/threads\/sv-national-dex-suspect-8-just-dance.3731534\/\">suspect thread<\/a>.<\/strong><\/div>\n|j|\u2606Hotman2012\n|j|\u2606NDSNEZyedropwhen\n|t:|1700878995\n|gametype|singles\n|player|p1|Hotman2012|riley|1419\n|player|p2|NDSNEZyedropwhen|adaman|1317\n|teamsize|p1|6\n|teamsize|p2|6\n|gen|9\n|tier|[Gen 9] National Dex\n|rated|\n|rule|HP Percentage Mod: HP is shown in percentages\n|rule|Endless Battle Clause: Forcing endless battles is banned\n|rule|OHKO Clause: OHKO moves are banned\n|rule|Evasion Clause: Evasion abilities, items, and moves are banned\n|rule|Evasion Abilities Clause: Evasion abilities are banned\n|rule|Evasion Items Clause: Evasion items are banned\n|rule|Evasion Moves Clause: Evasion moves are banned\n|rule|Species Clause: Limit one of each Pok\u00e9mon\n|rule|Sleep Clause Mod: Limit one foe put to sleep\n|clearpoke\n|poke|p1|Okidogi, M|\n|poke|p1|Ceruledge, F|\n|poke|p1|Gyarados, M|\n|poke|p1|Hydreigon, M|\n|poke|p1|Great Tusk|\n|poke|p1|Rotom-Wash|\n|poke|p2|Toxapex, F|\n|poke|p2|Dondozo, M|\n|poke|p2|Gliscor, F|\n|poke|p2|Blissey, F|\n|poke|p2|Corviknight, M|\n|poke|p2|Tyranitar, M|\n|teampreview\n|\n|t:|1700879013\n|start\n|switch|p1a: Great Tusk|Great Tusk|100\/100\n|switch|p2a: Gliscor|Gliscor, F|100\/100\n|turn|1\n|\n|t:|1700879026\n|move|p2a: Gliscor|Protect|p2a: Gliscor\n|-singleturn|p2a: Gliscor|Protect\n|-zpower|p1a: Great Tusk\n|move|p1a: Great Tusk|Subzero Slammer|p2a: Gliscor|[zeffect]\n|-supereffective|p2a: Gliscor\n|-zbroken|p2a: Gliscor\n|-damage|p2a: Gliscor|70\/100\n|\n|-status|p2a: Gliscor|tox|[from] item: Toxic Orb\n|upkeep\n|turn|2\n|\n|t:|1700879029\n|switch|p2a: Corviknight|Corviknight, M|100\/100\n|-ability|p2a: Corviknight|Pressure\n|move|p1a: Great Tusk|Stealth Rock|p2a: Corviknight\n|-sidestart|p2: NDSNEZyedropwhen|move: Stealth Rock\n|\n|upkeep\n|turn|3\n|\n|t:|1700879039\n|-end|p1a: Great Tusk|Protosynthesis|[silent]\n|switch|p1a: Rotom|Rotom-Wash|100\/100\n|move|p2a: Corviknight|Defog|p1a: Rotom\n|-unboost|p1a: Rotom|evasion|1\n|-sideend|p2: NDSNEZyedropwhen|Stealth Rock|[from] move: Defog|[of] p2a: Corviknight\n|\n|upkeep\n|turn|4\n|\n|t:|1700879052\n|switch|p2a: Blissey|Blissey, F|100\/100\n|move|p1a: Rotom|Will-O-Wisp|p2a: Blissey\n|-status|p2a: Blissey|brn\n|\n|-damage|p2a: Blissey|94\/100 brn|[from] brn\n|upkeep\n|turn|5\n|\n|t:|1700879056\n|move|p1a: Rotom|Volt Switch|p2a: Blissey\n|-damage|p2a: Blissey|87\/100 brn\n|\n|t:|1700879060\n|switch|p1a: Okidogi|Okidogi, M|100\/100|[from] Volt Switch\n|move|p2a: Blissey|Stealth Rock|p1a: Okidogi\n|-sidestart|p1: Hotman2012|move: Stealth Rock\n|\n|-damage|p2a: Blissey|80\/100 brn|[from] brn\n|upkeep\n|turn|6\n|\n|t:|1700879068\n|-curestatus|p2a: Blissey|brn|[from] ability: Natural Cure\n|switch|p2a: Toxapex|Toxapex, F|100\/100\n|move|p1a: Okidogi|Bulk Up|p1a: Okidogi\n|-boost|p1a: Okidogi|atk|1\n|-boost|p1a: Okidogi|def|1\n|\n|upkeep\n|turn|7\n|\n|t:|1700879077\n|move|p1a: Okidogi|Bulk Up|p1a: Okidogi\n|-boost|p1a: Okidogi|atk|1\n|-boost|p1a: Okidogi|def|1\n|move|p2a: Toxapex|Knock Off|p1a: Okidogi\n|-resisted|p1a: Okidogi\n|-damage|p1a: Okidogi|98\/100\n|-enditem|p1a: Okidogi|Leftovers|[from] move: Knock Off|[of] p2a: Toxapex\n|\n|upkeep\n|turn|8\n|\n|t:|1700879083\n|switch|p2a: Dondozo|Dondozo, M|100\/100\n|move|p1a: Okidogi|Bulk Up|p1a: Okidogi\n|-boost|p1a: Okidogi|atk|1\n|-boost|p1a: Okidogi|def|1\n|\n|upkeep\n|turn|9\n|\n|t:|1700879085\n|move|p1a: Okidogi|Poison Jab|p2a: Dondozo\n|-damage|p2a: Dondozo|86\/100\n|move|p2a: Dondozo|Curse|p2a: Dondozo\n|-unboost|p2a: Dondozo|spe|1\n|-boost|p2a: Dondozo|atk|1\n|-boost|p2a: Dondozo|def|1\n|\n|upkeep\n|turn|10\n|\n|t:|1700879094\n|move|p1a: Okidogi|Poison Jab|p2a: Dondozo\n|-crit|p2a: Dondozo\n|-damage|p2a: Dondozo|62\/100\n|move|p2a: Dondozo|Body Press|p1a: Okidogi\n|-resisted|p1a: Okidogi\n|-crit|p1a: Okidogi\n|-damage|p1a: Okidogi|74\/100\n|\n|upkeep\n|turn|11\n|\n|t:|1700879099\n|move|p1a: Okidogi|Drain Punch|p2a: Dondozo\n|-damage|p2a: Dondozo|53\/100\n|-heal|p1a: Okidogi|80\/100|[from] drain|[of] p2a: Dondozo\n|-status|p2a: Dondozo|tox|[from] ability: Toxic Chain|[of] p1a: Okidogi\n|move|p2a: Dondozo|Curse|p2a: Dondozo\n|-unboost|p2a: Dondozo|spe|1\n|-boost|p2a: Dondozo|atk|1\n|-boost|p2a: Dondozo|def|1\n|\n|-damage|p2a: Dondozo|47\/100 tox|[from] psn\n|upkeep\n|turn|12\n|\n|t:|1700879102\n|move|p1a: Okidogi|Poison Jab|p2a: Dondozo\n|-damage|p2a: Dondozo|38\/100 tox\n|move|p2a: Dondozo|Rest|p2a: Dondozo\n|-status|p2a: Dondozo|slp|[from] move: Rest\n|-heal|p2a: Dondozo|100\/100 slp|[silent]\n|\n|upkeep\n|turn|13\n|\n|t:|1700879127\n|move|p1a: Okidogi|Crunch|p2a: Dondozo\n|-damage|p2a: Dondozo|95\/100 slp\n|-unboost|p2a: Dondozo|def|1\n|cant|p2a: Dondozo|slp\n|move|p2a: Dondozo|Sleep Talk|p2a: Dondozo\n|move|p2a: Dondozo|Rest||[from]move: Sleep Talk|[still]\n|-fail|p2a: Dondozo\n|\n|upkeep\n|turn|14\n|\n|t:|1700879132\n|move|p1a: Okidogi|Crunch|p2a: Dondozo\n|-damage|p2a: Dondozo|88\/100 slp\n|-unboost|p2a: Dondozo|def|1\n|cant|p2a: Dondozo|slp\n|move|p2a: Dondozo|Sleep Talk|p2a: Dondozo\n|move|p2a: Dondozo|Body Press|p1a: Okidogi|[from]move: Sleep Talk\n|-resisted|p1a: Okidogi\n|-damage|p1a: Okidogi|70\/100\n|\n|upkeep\n|turn|15\n|\n|t:|1700879139\n|move|p1a: Okidogi|Drain Punch|p2a: Dondozo\n|-damage|p2a: Dondozo|73\/100 slp\n|-heal|p1a: Okidogi|80\/100|[from] drain|[of] p2a: Dondozo\n|-curestatus|p2a: Dondozo|slp|[msg]\n|move|p2a: Dondozo|Curse|p2a: Dondozo\n|-unboost|p2a: Dondozo|spe|1\n|-boost|p2a: Dondozo|atk|1\n|-boost|p2a: Dondozo|def|1\n|\n|upkeep\n|turn|16\n|\n|t:|1700879142\n|move|p1a: Okidogi|Drain Punch|p2a: Dondozo\n|-damage|p2a: Dondozo|63\/100\n|-heal|p1a: Okidogi|87\/100|[from] drain|[of] p2a: Dondozo\n|move|p2a: Dondozo|Body Press|p1a: Okidogi\n|-resisted|p1a: Okidogi\n|-damage|p1a: Okidogi|69\/100\n|\n|upkeep\n|turn|17\n|\n|t:|1700879145\n|move|p1a: Okidogi|Drain Punch|p2a: Dondozo\n|-damage|p2a: Dondozo|53\/100\n|-heal|p1a: Okidogi|76\/100|[from] drain|[of] p2a: Dondozo\n|move|p2a: Dondozo|Curse|p2a: Dondozo\n|-unboost|p2a: Dondozo|spe|1\n|-boost|p2a: Dondozo|atk|1\n|-boost|p2a: Dondozo|def|1\n|\n|upkeep\n|turn|18\n|\n|t:|1700879150\n|move|p1a: Okidogi|Drain Punch|p2a: Dondozo\n|-damage|p2a: Dondozo|46\/100\n|-heal|p1a: Okidogi|81\/100|[from] drain|[of] p2a: Dondozo\n|move|p2a: Dondozo|Body Press|p1a: Okidogi\n|-resisted|p1a: Okidogi\n|-damage|p1a: Okidogi|59\/100\n|\n|upkeep\n|turn|19\n|\n|t:|1700879157\n|move|p1a: Okidogi|Drain Punch|p2a: Dondozo\n|-damage|p2a: Dondozo|38\/100\n|-heal|p1a: Okidogi|64\/100|[from] drain|[of] p2a: Dondozo\n|move|p2a: Dondozo|Body Press|p1a: Okidogi\n|-resisted|p1a: Okidogi\n|-damage|p1a: Okidogi|44\/100\n|\n|upkeep\n|turn|20\n|\n|t:|1700879161\n|move|p1a: Okidogi|Crunch|p2a: Dondozo\n|-crit|p2a: Dondozo\n|-damage|p2a: Dondozo|22\/100\n|-status|p2a: Dondozo|tox|[from] ability: Toxic Chain|[of] p1a: Okidogi\n|move|p2a: Dondozo|Rest|p2a: Dondozo\n|-status|p2a: Dondozo|slp|[from] move: Rest\n|-heal|p2a: Dondozo|100\/100 slp|[silent]\n|\n|upkeep\n|turn|21\n|\n|t:|1700879168\n|switch|p1a: Rotom|Rotom-Wash|100\/100\n|-damage|p1a: Rotom|88\/100|[from] Stealth Rock\n|cant|p2a: Dondozo|slp\n|move|p2a: Dondozo|Sleep Talk|p2a: Dondozo\n|move|p2a: Dondozo|Body Press|p1a: Rotom|[from]move: Sleep Talk\n|-damage|p1a: Rotom|46\/100\n|\n|-heal|p1a: Rotom|52\/100|[from] item: Leftovers\n|upkeep\n|turn|22\n|\n|t:|1700879176\n|switch|p2a: Blissey|Blissey, F|80\/100\n|move|p1a: Rotom|Will-O-Wisp|p2a: Blissey\n|-status|p2a: Blissey|brn\n|\n|-heal|p1a: Rotom|58\/100|[from] item: Leftovers\n|-damage|p2a: Blissey|74\/100 brn|[from] brn\n|upkeep\n|turn|23\n|\n|t:|1700879185\n|move|p1a: Rotom|Volt Switch|p2a: Blissey\n|-damage|p2a: Blissey|66\/100 brn\n|\n|t:|1700879188\n|switch|p1a: Great Tusk|Great Tusk|100\/100|[from] Volt Switch\n|-damage|p1a: Great Tusk|97\/100|[from] Stealth Rock\n|move|p2a: Blissey|Seismic Toss|p1a: Great Tusk\n|-damage|p1a: Great Tusk|74\/100\n|\n|-damage|p2a: Blissey|60\/100 brn|[from] brn\n|upkeep\n|turn|24\n|\n|t:|1700879192\n|-curestatus|p2a: Blissey|brn|[from] ability: Natural Cure\n|switch|p2a: Corviknight|Corviknight, M|100\/100\n|-ability|p2a: Corviknight|Pressure\n|move|p1a: Great Tusk|Stealth Rock|p2a: Corviknight\n|-sidestart|p2: NDSNEZyedropwhen|move: Stealth Rock\n|\n|upkeep\n|turn|25\n|\n|t:|1700879205\n|move|p1a: Great Tusk|Rapid Spin|p2a: Corviknight\n|-resisted|p2a: Corviknight\n|-damage|p2a: Corviknight|94\/100\n|-boost|p1a: Great Tusk|spe|1\n|-sideend|p1: Hotman2012|Stealth Rock|[from] move: Rapid Spin|[of] p1a: Great Tusk\n|move|p2a: Corviknight|Iron Head|p1a: Great Tusk\n|-damage|p1a: Great Tusk|60\/100\n|\n|-heal|p2a: Corviknight|99\/100|[from] item: Leftovers\n|upkeep\n|turn|26\n|\n|t:|1700879225\n|-end|p1a: Great Tusk|Protosynthesis|[silent]\n|switch|p1a: Rotom|Rotom-Wash|58\/100\n|move|p2a: Corviknight|Defog|p1a: Rotom\n|-unboost|p1a: Rotom|evasion|1\n|-sideend|p2: NDSNEZyedropwhen|Stealth Rock|[from] move: Defog|[of] p2a: Corviknight\n|\n|-heal|p1a: Rotom|64\/100|[from] item: Leftovers\n|-heal|p2a: Corviknight|100\/100|[from] item: Leftovers\n|upkeep\n|turn|27\n|\n|t:|1700879235\n|switch|p2a: Blissey|Blissey, F|60\/100\n|move|p1a: Rotom|Volt Switch|p2a: Blissey\n|-damage|p2a: Blissey|52\/100\n|\n|t:|1700879246\n|switch|p1a: Okidogi|Okidogi, M|44\/100|[from] Volt Switch\n|\n|upkeep\n|turn|28\n|\n|t:|1700879250\n|switch|p2a: Gliscor|Gliscor, F|70\/100 tox\n|move|p1a: Okidogi|Drain Punch|p2a: Gliscor\n|-resisted|p2a: Gliscor\n|-damage|p2a: Gliscor|59\/100 tox\n|-heal|p1a: Okidogi|49\/100|[from] drain|[of] p2a: Gliscor\n|\n|-heal|p2a: Gliscor|71\/100 tox|[from] ability: Poison Heal\n|upkeep\n|turn|29\n|\n|t:|1700879265\n|switch|p1a: Rotom|Rotom-Wash|64\/100\n|move|p2a: Gliscor|Spikes|p1a: Rotom\n|-sidestart|p1: Hotman2012|Spikes\n|\n|-heal|p1a: Rotom|71\/100|[from] item: Leftovers\n|-heal|p2a: Gliscor|84\/100 tox|[from] ability: Poison Heal\n|upkeep\n|turn|30\n|\n|t:|1700879269\n|move|p2a: Gliscor|Protect|p2a: Gliscor\n|-singleturn|p2a: Gliscor|Protect\n|move|p1a: Rotom|Hydro Pump|p2a: Gliscor\n|-activate|p2a: Gliscor|move: Protect\n|\n|-heal|p1a: Rotom|77\/100|[from] item: Leftovers\n|-heal|p2a: Gliscor|96\/100 tox|[from] ability: Poison Heal\n|upkeep\n|turn|31\n|\n|t:|1700879273\n|switch|p2a: Toxapex|Toxapex, F|100\/100\n|move|p1a: Rotom|Hydro Pump|p2a: Toxapex\n|-resisted|p2a: Toxapex\n|-damage|p2a: Toxapex|85\/100\n|\n|-heal|p1a: Rotom|83\/100|[from] item: Leftovers\n|upkeep\n|turn|32\n|\n|t:|1700879281\n|move|p1a: Rotom|Will-O-Wisp|p2a: Toxapex\n|-status|p2a: Toxapex|brn\n|move|p2a: Toxapex|Knock Off|p1a: Rotom\n|-damage|p1a: Rotom|77\/100\n|-enditem|p1a: Rotom|Leftovers|[from] move: Knock Off|[of] p2a: Toxapex\n|\n|-damage|p2a: Toxapex|79\/100 brn|[from] brn\n|upkeep\n|turn|33\n|\n|t:|1700879288\n|switch|p2a: Gliscor|Gliscor, F|96\/100 tox\n|move|p1a: Rotom|Volt Switch|p2a: Gliscor\n|-immune|p2a: Gliscor\n|\n|-heal|p2a: Gliscor|100\/100 tox|[from] ability: Poison Heal\n|upkeep\n|turn|34\n|\n|t:|1700879291\n|switch|p1a: Great Tusk|Great Tusk|60\/100\n|-damage|p1a: Great Tusk|47\/100|[from] Spikes\n|move|p2a: Gliscor|Protect||[still]\n|-fail|p2a: Gliscor\n|\n|upkeep\n|turn|35\n|\n|t:|1700879296\n|move|p2a: Gliscor|Toxic|p1a: Great Tusk\n|-status|p1a: Great Tusk|tox\n|move|p1a: Great Tusk|Rapid Spin|p2a: Gliscor\n|-damage|p2a: Gliscor|89\/100 tox\n|-boost|p1a: Great Tusk|spe|1\n|-sideend|p1: Hotman2012|Spikes|[from] move: Rapid Spin|[of] p1a: Great Tusk\n|\n|-damage|p1a: Great Tusk|41\/100 tox|[from] psn\n|-heal|p2a: Gliscor|100\/100 tox|[from] ability: Poison Heal\n|upkeep\n|turn|36\n|\n|t:|1700879310\n|move|p2a: Gliscor|Protect|p2a: Gliscor\n|-singleturn|p2a: Gliscor|Protect\n|move|p1a: Great Tusk|Ice Spinner|p2a: Gliscor\n|-activate|p2a: Gliscor|move: Protect\n|\n|-damage|p1a: Great Tusk|29\/100 tox|[from] psn\n|upkeep\n|turn|37\n|\n|t:|1700879315\n|-end|p1a: Great Tusk|Protosynthesis|[silent]\n|switch|p1a: Ceruledge|Ceruledge, F|100\/100\n|move|p2a: Gliscor|Spikes|p1a: Ceruledge\n|-sidestart|p1: Hotman2012|Spikes\n|\n|upkeep\n|turn|38\n|\n|t:|1700879319\n|move|p2a: Gliscor|Earthquake|p1a: Ceruledge\n|-supereffective|p1a: Ceruledge\n|-damage|p1a: Ceruledge|46\/100\n|-ability|p1a: Ceruledge|Weak Armor|boost\n|-unboost|p1a: Ceruledge|def|1\n|-boost|p1a: Ceruledge|spe|2\n|-enditem|p1a: Ceruledge|Weakness Policy\n|-boost|p1a: Ceruledge|atk|2|[from] item: Weakness Policy\n|-boost|p1a: Ceruledge|spa|2|[from] item: Weakness Policy\n|move|p1a: Ceruledge|Swords Dance|p1a: Ceruledge\n|-boost|p1a: Ceruledge|atk|2\n|\n|upkeep\n|turn|39\n|\n|t:|1700879325\n|switch|p2a: Dondozo|Dondozo, M|100\/100 slp\n|move|p1a: Ceruledge|Bitter Blade|p2a: Dondozo\n|-resisted|p2a: Dondozo\n|-damage|p2a: Dondozo|92\/100 slp\n|-heal|p1a: Ceruledge|52\/100|[from] drain|[of] p2a: Dondozo\n|\n|upkeep\n|turn|40\n|\n|t:|1700879335\n|switch|p1a: Okidogi|Okidogi, M|49\/100\n|-damage|p1a: Okidogi|37\/100|[from] Spikes\n|cant|p2a: Dondozo|slp\n|move|p2a: Dondozo|Sleep Talk|p2a: Dondozo\n|move|p2a: Dondozo|Body Press|p1a: Okidogi|[from]move: Sleep Talk\n|-resisted|p1a: Okidogi\n|-damage|p1a: Okidogi|27\/100\n|\n|upkeep\n|turn|41\n|\n|t:|1700879343\n|switch|p2a: Gliscor|Gliscor, F|100\/100 tox\n|move|p1a: Okidogi|Bulk Up|p1a: Okidogi\n|-boost|p1a: Okidogi|atk|1\n|-boost|p1a: Okidogi|def|1\n|\n|upkeep\n|turn|42\n|\n|t:|1700879354\n|switch|p1a: Rotom|Rotom-Wash|77\/100\n|move|p2a: Gliscor|Spikes|p1a: Rotom\n|-sidestart|p1: Hotman2012|Spikes\n|\n|upkeep\n|turn|43\n|\n|t:|1700879365\n|move|p2a: Gliscor|Protect|p2a: Gliscor\n|-singleturn|p2a: Gliscor|Protect\n|move|p1a: Rotom|Hydro Pump|p2a: Gliscor\n|-activate|p2a: Gliscor|move: Protect\n|\n|upkeep\n|turn|44\n|\n|t:|1700879369\n|switch|p2a: Toxapex|Toxapex, F|100\/100 brn\n|move|p1a: Rotom|Volt Switch|p2a: Toxapex\n|-supereffective|p2a: Toxapex\n|-damage|p2a: Toxapex|60\/100 brn\n|\n|t:|1700879381\n|switch|p1a: Hydreigon|Hydreigon, M|100\/100|[from] Volt Switch\n|\n|-damage|p2a: Toxapex|54\/100 brn|[from] brn\n|upkeep\n|turn|45\n|\n|t:|1700879388\n|switch|p2a: Corviknight|Corviknight, M|100\/100\n|-ability|p2a: Corviknight|Pressure\n|move|p1a: Hydreigon|Draco Meteor|p2a: Corviknight|[miss]\n|-miss|p1a: Hydreigon|p2a: Corviknight\n|\n|upkeep\n|turn|46\n|\n|t:|1700879401\n|switch|p1a: Rotom|Rotom-Wash|77\/100\n|switch|p2a: Blissey|Blissey, F|52\/100\n|\n|upkeep\n|turn|47\n|\n|t:|1700879407\n|move|p1a: Rotom|Hydro Pump|p2a: Blissey\n|-damage|p2a: Blissey|40\/100\n|move|p2a: Blissey|Soft-Boiled|p2a: Blissey\n|-heal|p2a: Blissey|90\/100\n|\n|upkeep\n|turn|48\n|\n|t:|1700879411\n|move|p1a: Rotom|Pain Split|p2a: Blissey\n|-sethp|p2a: Blissey|62\/100|[from] move: Pain Split|[silent]\n|-sethp|p1a: Rotom|100\/100|[from] move: Pain Split\n|move|p2a: Blissey|Stealth Rock|p1a: Rotom\n|-sidestart|p1: Hotman2012|move: Stealth Rock\n|\n|upkeep\n|turn|49\n|\n|t:|1700879416\n|move|p1a: Rotom|Will-O-Wisp|p2a: Blissey\n|-status|p2a: Blissey|brn\n|move|p2a: Blissey|Seismic Toss|p1a: Rotom\n|-damage|p1a: Rotom|68\/100\n|\n|-damage|p2a: Blissey|56\/100 brn|[from] brn\n|upkeep\n|turn|50\n|\n|t:|1700879422\n|move|p1a: Rotom|Hydro Pump|p2a: Blissey\n|-damage|p2a: Blissey|44\/100 brn\n|move|p2a: Blissey|Soft-Boiled|p2a: Blissey\n|-heal|p2a: Blissey|94\/100 brn\n|\n|-damage|p2a: Blissey|88\/100 brn|[from] brn\n|upkeep\n|turn|51\n|\n|t:|1700879427\n|-curestatus|p2a: Blissey|brn|[from] ability: Natural Cure\n|switch|p2a: Toxapex|Toxapex, F|88\/100 brn\n|move|p1a: Rotom|Volt Switch|p2a: Toxapex\n|-supereffective|p2a: Toxapex\n|-damage|p2a: Toxapex|48\/100 brn\n|\n|t:|1700879432\n|switch|p1a: Hydreigon|Hydreigon, M|100\/100|[from] Volt Switch\n|-damage|p1a: Hydreigon|88\/100|[from] Stealth Rock\n|\n|-damage|p2a: Toxapex|42\/100 brn|[from] brn\n|upkeep\n|turn|52\n|\n|t:|1700879434\n|switch|p2a: Blissey|Blissey, F|88\/100\n|move|p1a: Hydreigon|Fire Blast|p2a: Blissey|[miss]\n|-miss|p1a: Hydreigon|p2a: Blissey\n|\n|upkeep\n|turn|53\n|\n|t:|1700879439\n|switch|p1a: Rotom|Rotom-Wash|68\/100\n|-damage|p1a: Rotom|55\/100|[from] Stealth Rock\n|move|p2a: Blissey|Seismic Toss|p1a: Rotom\n|-damage|p1a: Rotom|22\/100\n|\n|upkeep\n|turn|54\n|\n|t:|1700879442\n|switch|p2a: Toxapex|Toxapex, F|75\/100 brn\n|move|p1a: Rotom|Pain Split|p2a: Toxapex\n|-sethp|p2a: Toxapex|49\/100 brn|[from] move: Pain Split|[silent]\n|-sethp|p1a: Rotom|49\/100|[from] move: Pain Split\n|\n|-damage|p2a: Toxapex|43\/100 brn|[from] brn\n|upkeep\n|turn|55\n|\n|t:|1700879447\n|switch|p2a: Blissey|Blissey, F|88\/100\n|move|p1a: Rotom|Volt Switch|p2a: Blissey\n|-damage|p2a: Blissey|80\/100\n|\n|t:|1700879463\n|switch|p1a: Great Tusk|Great Tusk|29\/100 tox|[from] Volt Switch\n|-damage|p1a: Great Tusk|12\/100 tox|[from] Spikes\n|-damage|p1a: Great Tusk|9\/100 tox|[from] Stealth Rock\n|\n|-damage|p1a: Great Tusk|3\/100 tox|[from] psn\n|upkeep\n|turn|56\n|\n|t:|1700879474\n|switch|p2a: Gliscor|Gliscor, F|100\/100 tox\n|move|p1a: Great Tusk|Rapid Spin|p2a: Gliscor\n|-damage|p2a: Gliscor|89\/100 tox\n|-boost|p1a: Great Tusk|spe|1\n|-sideend|p1: Hotman2012|Spikes|[from] move: Rapid Spin|[of] p1a: Great Tusk\n|-sideend|p1: Hotman2012|Stealth Rock|[from] move: Rapid Spin|[of] p1a: Great Tusk\n|\n|-damage|p1a: Great Tusk|0 fnt|[from] psn\n|faint|p1a: Great Tusk\n|-end|p1a: Great Tusk|Protosynthesis|[silent]\n|-heal|p2a: Gliscor|100\/100 tox|[from] ability: Poison Heal\n|upkeep\n|\n|t:|1700879495\n|switch|p1a: Gyarados|Gyarados, M|100\/100\n|-ability|p1a: Gyarados|Intimidate|boost\n|-unboost|p2a: Gliscor|atk|1\n|turn|57\n|\n|t:|1700879505\n|detailschange|p1a: Gyarados|Gyarados-Mega, M\n|-mega|p1a: Gyarados|Gyarados|Gyaradosite\n|-ability|p1a: Gyarados|Mold Breaker\n|move|p1a: Gyarados|Waterfall|p2a: Gliscor\n|-supereffective|p2a: Gliscor\n|-damage|p2a: Gliscor|37\/100 tox\n|move|p2a: Gliscor|Toxic|p1a: Gyarados\n|-status|p1a: Gyarados|tox\n|\n|-damage|p1a: Gyarados|94\/100 tox|[from] psn\n|-heal|p2a: Gliscor|50\/100 tox|[from] ability: Poison Heal\n|upkeep\n|turn|58\n|\n|t:|1700879513\n|switch|p1a: Ceruledge|Ceruledge, F|52\/100\n|switch|p2a: Toxapex|Toxapex, F|76\/100 brn\n|\n|-damage|p2a: Toxapex|70\/100 brn|[from] brn\n|upkeep\n|turn|59\n|\n|t:|1700879519\n|move|p1a: Ceruledge|Swords Dance|p1a: Ceruledge\n|-boost|p1a: Ceruledge|atk|2\n|move|p2a: Toxapex|Toxic|p1a: Ceruledge\n|-status|p1a: Ceruledge|tox\n|\n|-damage|p1a: Ceruledge|46\/100 tox|[from] psn\n|-damage|p2a: Toxapex|64\/100 brn|[from] brn\n|upkeep\n|turn|60\n|\n|t:|1700879526\n|switch|p1a: Rotom|Rotom-Wash|49\/100\n|move|p2a: Toxapex|Baneful Bunker||[still]\n|-fail|p2a: Toxapex\n|\n|-damage|p2a: Toxapex|58\/100 brn|[from] brn\n|upkeep\n|turn|61\n|\n|t:|1700879530\n|move|p1a: Rotom|Pain Split|p2a: Toxapex\n|-sethp|p2a: Toxapex|53\/100 brn|[from] move: Pain Split|[silent]\n|-sethp|p1a: Rotom|53\/100|[from] move: Pain Split\n|move|p2a: Toxapex|Recover|p2a: Toxapex\n|-heal|p2a: Toxapex|100\/100 brn\n|\n|-damage|p2a: Toxapex|95\/100 brn|[from] brn\n|upkeep\n|turn|62\n|\n|t:|1700879537\n|switch|p2a: Blissey|Blissey, F|80\/100\n|move|p1a: Rotom|Volt Switch|p2a: Blissey\n|-damage|p2a: Blissey|72\/100\n|\n|t:|1700879540\n|switch|p1a: Okidogi|Okidogi, M|27\/100|[from] Volt Switch\n|\n|upkeep\n|turn|63\n|\n|t:|1700879542\n|switch|p2a: Gliscor|Gliscor, F|50\/100 tox\n|move|p1a: Okidogi|Drain Punch|p2a: Gliscor\n|-resisted|p2a: Gliscor\n|-damage|p2a: Gliscor|40\/100 tox\n|-heal|p1a: Okidogi|31\/100|[from] drain|[of] p2a: Gliscor\n|\n|-heal|p2a: Gliscor|52\/100 tox|[from] ability: Poison Heal\n|upkeep\n|turn|64\n|\n|t:|1700879555\n|-terastallize|p1a: Okidogi|Dark\n|move|p2a: Gliscor|Spikes|p1a: Okidogi\n|-sidestart|p1: Hotman2012|Spikes\n|move|p1a: Okidogi|Crunch|p2a: Gliscor\n|-damage|p2a: Gliscor|30\/100 tox\n|\n|-heal|p2a: Gliscor|43\/100 tox|[from] ability: Poison Heal\n|upkeep\n|turn|65\n|\n|t:|1700879566\n|move|p2a: Gliscor|Earthquake|p1a: Okidogi\n|-damage|p1a: Okidogi|6\/100\n|move|p1a: Okidogi|Crunch|p2a: Gliscor\n|-damage|p2a: Gliscor|20\/100 tox\n|\n|-heal|p2a: Gliscor|32\/100 tox|[from] ability: Poison Heal\n|upkeep\n|turn|66\n|\n|t:|1700879573\n|switch|p1a: Rotom|Rotom-Wash|53\/100\n|move|p2a: Gliscor|Protect||[still]\n|-fail|p2a: Gliscor\n|\n|-heal|p2a: Gliscor|45\/100 tox|[from] ability: Poison Heal\n|upkeep\n|turn|67\n|\n|t:|1700879577\n|switch|p2a: Blissey|Blissey, F|72\/100\n|move|p1a: Rotom|Pain Split|p2a: Blissey\n|-sethp|p2a: Blissey|48\/100|[from] move: Pain Split|[silent]\n|-sethp|p1a: Rotom|100\/100|[from] move: Pain Split\n|\n|upkeep\n|turn|68\n|\n|t:|1700879588\n|move|p1a: Rotom|Volt Switch|p2a: Blissey\n|-damage|p2a: Blissey|40\/100\n|\n|t:|1700879591\n|switch|p1a: Gyarados|Gyarados-Mega, M|94\/100 tox|[from] Volt Switch\n|-damage|p1a: Gyarados|82\/100 tox|[from] Spikes\n|-ability|p1a: Gyarados|Mold Breaker\n|move|p2a: Blissey|Stealth Rock|p1a: Gyarados\n|-sidestart|p1: Hotman2012|move: Stealth Rock\n|\n|-damage|p1a: Gyarados|76\/100 tox|[from] psn\n|upkeep\n|turn|69\n|\n|t:|1700879597\n|switch|p2a: Dondozo|Dondozo, M|92\/100 slp\n|move|p1a: Gyarados|Waterfall|p2a: Dondozo\n|-resisted|p2a: Dondozo\n|-damage|p2a: Dondozo|82\/100 slp\n|\n|-damage|p1a: Gyarados|64\/100 tox|[from] psn\n|upkeep\n|turn|70\n|\n|t:|1700879603\n|switch|p1a: Hydreigon|Hydreigon, M|88\/100\n|-damage|p1a: Hydreigon|76\/100|[from] Stealth Rock\n|-curestatus|p2a: Dondozo|slp|[msg]\n|move|p2a: Dondozo|Body Press|p1a: Hydreigon\n|-supereffective|p1a: Hydreigon\n|-damage|p1a: Hydreigon|8\/100\n|\n|upkeep\n|turn|71\n|\n|t:|1700879610\n|switch|p2a: Corviknight|Corviknight, M|100\/100\n|-ability|p2a: Corviknight|Pressure\n|move|p1a: Hydreigon|Fire Blast|p2a: Corviknight\n|-supereffective|p2a: Corviknight\n|-damage|p2a: Corviknight|21\/100\n|\n|-heal|p2a: Corviknight|28\/100|[from] item: Leftovers\n|upkeep\n|turn|72\n|\n|t:|1700879614\n|switch|p2a: Tyranitar|Tyranitar, M|100\/100\n|-weather|Sandstorm|[from] ability: Sand Stream|[of] p2a: Tyranitar\n|move|p1a: Hydreigon|Fire Blast|p2a: Tyranitar\n|-resisted|p2a: Tyranitar\n|-damage|p2a: Tyranitar|89\/100\n|\n|-weather|Sandstorm|[upkeep]\n|-damage|p1a: Hydreigon|2\/100|[from] Sandstorm\n|upkeep\n|turn|73\n|\n|t:|1700879620\n|-activate|p1a: Hydreigon|move: Pursuit\n|detailschange|p2a: Tyranitar|Tyranitar-Mega, M\n|-mega|p2a: Tyranitar|Tyranitar|Tyranitarite\n|move|p2a: Tyranitar|Pursuit|p1a: Hydreigon|[from]Pursuit\n|-resisted|p1a: Hydreigon\n|-damage|p1a: Hydreigon|0 fnt\n|faint|p1a: Hydreigon\n|-hint|A Pokemon can't switch between when it runs out of HP and when it faints\n|\n|-weather|Sandstorm|[upkeep]\n|upkeep\n|\n|t:|1700879627\n|switch|p1a: Gyarados|Gyarados-Mega, M|64\/100 tox\n|-damage|p1a: Gyarados|52\/100 tox|[from] Spikes\n|-damage|p1a: Gyarados|40\/100 tox|[from] Stealth Rock\n|-ability|p1a: Gyarados|Mold Breaker\n|turn|74\n|\n|t:|1700879632\n|switch|p2a: Dondozo|Dondozo, M|82\/100\n|move|p1a: Gyarados|Earthquake|p2a: Dondozo\n|-damage|p2a: Dondozo|66\/100\n|\n|-weather|Sandstorm|[upkeep]\n|-damage|p1a: Gyarados|34\/100 tox|[from] Sandstorm\n|-damage|p2a: Dondozo|60\/100|[from] Sandstorm\n|-damage|p1a: Gyarados|28\/100 tox|[from] psn\n|upkeep\n|turn|75\n|\n|t:|1700879640\n|switch|p1a: Rotom|Rotom-Wash|100\/100\n|-damage|p1a: Rotom|88\/100|[from] Stealth Rock\n|move|p2a: Dondozo|Rest|p2a: Dondozo\n|-status|p2a: Dondozo|slp|[from] move: Rest\n|-heal|p2a: Dondozo|100\/100 slp|[silent]\n|\n|-weather|Sandstorm|[upkeep]\n|-damage|p1a: Rotom|82\/100|[from] Sandstorm\n|-damage|p2a: Dondozo|94\/100 slp|[from] Sandstorm\n|upkeep\n|turn|76\n|\n|t:|1700879649\n|switch|p2a: Gliscor|Gliscor, F|45\/100 tox\n|move|p1a: Rotom|Will-O-Wisp||[still]\n|-fail|p1a: Rotom\n|\n|-weather|none\n|-heal|p2a: Gliscor|57\/100 tox|[from] ability: Poison Heal\n|upkeep\n|turn|77\n|\n|t:|1700879652\n|move|p2a: Gliscor|Protect|p2a: Gliscor\n|-singleturn|p2a: Gliscor|Protect\n|move|p1a: Rotom|Hydro Pump|p2a: Gliscor\n|-activate|p2a: Gliscor|move: Protect\n|\n|-heal|p2a: Gliscor|70\/100 tox|[from] ability: Poison Heal\n|upkeep\n|turn|78\n|\n|t:|1700879655\n|switch|p2a: Blissey|Blissey, F|40\/100\n|move|p1a: Rotom|Hydro Pump|p2a: Blissey\n|-damage|p2a: Blissey|28\/100\n|\n|upkeep\n|turn|79\n|\n|t:|1700879661\n|move|p1a: Rotom|Volt Switch|p2a: Blissey\n|-damage|p2a: Blissey|21\/100\n|\n|t:|1700879667\n|switch|p1a: Ceruledge|Ceruledge, F|46\/100 tox|[from] Volt Switch\n|-damage|p1a: Ceruledge|33\/100 tox|[from] Spikes\n|-damage|p1a: Ceruledge|8\/100 tox|[from] Stealth Rock\n|move|p2a: Blissey|Soft-Boiled|p2a: Blissey\n|-heal|p2a: Blissey|71\/100\n|\n|-damage|p1a: Ceruledge|2\/100 tox|[from] psn\n|upkeep\n|turn|80\n|\n|t:|1700879674\n|switch|p2a: Dondozo|Dondozo, M|94\/100 slp\n|move|p1a: Ceruledge|Bitter Blade|p2a: Dondozo\n|-resisted|p2a: Dondozo\n|-damage|p2a: Dondozo|87\/100 slp\n|-heal|p1a: Ceruledge|8\/100 tox|[from] drain|[of] p2a: Dondozo\n|\n|-damage|p1a: Ceruledge|0 fnt|[from] psn\n|faint|p1a: Ceruledge\n|upkeep\n|\n|t:|1700879680\n|switch|p1a: Rotom|Rotom-Wash|82\/100\n|-damage|p1a: Rotom|69\/100|[from] Stealth Rock\n|turn|81\n|\n|t:|1700879682\n|switch|p2a: Blissey|Blissey, F|71\/100\n|move|p1a: Rotom|Pain Split|p2a: Blissey\n|-sethp|p2a: Blissey|50\/100|[from] move: Pain Split|[silent]\n|-sethp|p1a: Rotom|100\/100|[from] move: Pain Split\n|\n|upkeep\n|turn|82\n|\n|t:|1700879687\n|move|p1a: Rotom|Pain Split|p2a: Blissey\n|-sethp|p2a: Blissey|47\/100|[from] move: Pain Split|[silent]\n|-sethp|p1a: Rotom|100\/100|[from] move: Pain Split\n|move|p2a: Blissey|Soft-Boiled|p2a: Blissey\n|-heal|p2a: Blissey|97\/100\n|\n|upkeep\n|turn|83\n|\n|t:|1700879692\n|switch|p2a: Gliscor|Gliscor, F|70\/100 tox\n|move|p1a: Rotom|Will-O-Wisp||[still]\n|-fail|p1a: Rotom\n|\n|-heal|p2a: Gliscor|82\/100 tox|[from] ability: Poison Heal\n|upkeep\n|turn|84\n|\n|t:|1700879696\n|switch|p2a: Toxapex|Toxapex, F|100\/100 brn\n|move|p1a: Rotom|Hydro Pump|p2a: Toxapex\n|-resisted|p2a: Toxapex\n|-damage|p2a: Toxapex|83\/100 brn\n|\n|-damage|p2a: Toxapex|77\/100 brn|[from] brn\n|upkeep\n|turn|85\n|c|\u2606NDSNEZyedropwhen|gg\n|\n|t:|1700879703\n|switch|p2a: Gliscor|Gliscor, F|82\/100 tox\n|move|p1a: Rotom|Will-O-Wisp||[still]\n|-fail|p1a: Rotom\n|\n|-heal|p2a: Gliscor|95\/100 tox|[from] ability: Poison Heal\n|upkeep\n|turn|86\n|\n|t:|1700879707\n|move|p2a: Gliscor|Spikes|p1a: Rotom\n|-sidestart|p1: Hotman2012|Spikes\n|move|p1a: Rotom|Will-O-Wisp||[still]\n|-fail|p1a: Rotom\n|\n|-heal|p2a: Gliscor|100\/100 tox|[from] ability: Poison Heal\n|upkeep\n|turn|87\n|\n|t:|1700879709\n|move|p2a: Gliscor|Spikes|p1a: Rotom\n|-sidestart|p1: Hotman2012|Spikes\n|move|p1a: Rotom|Will-O-Wisp|p2a: Gliscor|[miss]\n|-miss|p1a: Rotom|p2a: Gliscor\n|\n|upkeep\n|turn|88\n|\n|t:|1700879712\n|move|p2a: Gliscor|Toxic|p1a: Rotom\n|-status|p1a: Rotom|tox\n|move|p1a: Rotom|Will-O-Wisp||[still]\n|-fail|p1a: Rotom\n|\n|-damage|p1a: Rotom|94\/100 tox|[from] psn\n|upkeep\n|turn|89\n|\n|t:|1700879715\n|move|p2a: Gliscor|Earthquake|p1a: Rotom\n|-immune|p1a: Rotom|[from] ability: Levitate\n|move|p1a: Rotom|Will-O-Wisp|p2a: Gliscor|[miss]\n|-miss|p1a: Rotom|p2a: Gliscor\n|\n|-damage|p1a: Rotom|82\/100 tox|[from] psn\n|upkeep\n|turn|90\n|\n|t:|1700879717\n|move|p2a: Gliscor|Earthquake|p1a: Rotom\n|-immune|p1a: Rotom|[from] ability: Levitate\n|move|p1a: Rotom|Will-O-Wisp||[still]\n|-fail|p1a: Rotom\n|\n|-damage|p1a: Rotom|63\/100 tox|[from] psn\n|upkeep\n|turn|91\n|\n|t:|1700879719\n|move|p2a: Gliscor|Earthquake|p1a: Rotom\n|-immune|p1a: Rotom|[from] ability: Levitate\n|move|p1a: Rotom|Will-O-Wisp||[still]\n|-fail|p1a: Rotom\n|\n|-damage|p1a: Rotom|38\/100 tox|[from] psn\n|upkeep\n|turn|92\n|\n|t:|1700879723\n|move|p2a: Gliscor|Earthquake|p1a: Rotom\n|-immune|p1a: Rotom|[from] ability: Levitate\n|move|p1a: Rotom|Pain Split|p2a: Gliscor\n|-sethp|p2a: Gliscor|67\/100 tox|[from] move: Pain Split|[silent]\n|-sethp|p1a: Rotom|77\/100 tox|[from] move: Pain Split\n|\n|-heal|p2a: Gliscor|79\/100 tox|[from] ability: Poison Heal\n|-damage|p1a: Rotom|46\/100 tox|[from] psn\n|upkeep\n|turn|93\n|\n|t:|1700879728\n|move|p2a: Gliscor|Protect|p2a: Gliscor\n|-singleturn|p2a: Gliscor|Protect\n|move|p1a: Rotom|Pain Split|p2a: Gliscor\n|-activate|p2a: Gliscor|move: Protect\n|\n|-heal|p2a: Gliscor|91\/100 tox|[from] ability: Poison Heal\n|-damage|p1a: Rotom|9\/100 tox|[from] psn\n|upkeep\n|turn|94\n|\n|t:|1700879731\n|move|p2a: Gliscor|Earthquake|p1a: Rotom\n|-immune|p1a: Rotom|[from] ability: Levitate\n|move|p1a: Rotom|Pain Split|p2a: Gliscor\n|-sethp|p2a: Gliscor|49\/100 tox|[from] move: Pain Split|[silent]\n|-sethp|p1a: Rotom|57\/100 tox|[from] move: Pain Split\n|\n|-heal|p2a: Gliscor|62\/100 tox|[from] ability: Poison Heal\n|-damage|p1a: Rotom|14\/100 tox|[from] psn\n|upkeep\n|turn|95\n|\n|t:|1700879734\n|move|p2a: Gliscor|Protect|p2a: Gliscor\n|-singleturn|p2a: Gliscor|Protect\n|move|p1a: Rotom|Pain Split|p2a: Gliscor\n|-activate|p2a: Gliscor|move: Protect\n|\n|-heal|p2a: Gliscor|74\/100 tox|[from] ability: Poison Heal\n|-damage|p1a: Rotom|0 fnt|[from] psn\n|faint|p1a: Rotom\n|upkeep\n|\n|t:|1700879738\n|switch|p1a: Okidogi|Okidogi, M, tera:Dark|6\/100\n|-damage|p1a: Okidogi|0 fnt|[from] Spikes\n|faint|p1a: Okidogi\n|-message|Hotman2012 forfeited.\n|\n|win|NDSNEZyedropwhen\n|raw|Hotman2012's rating: 1419 &rarr; <strong>1394<\/strong><br \/>(-25 for losing)\n|raw|NDSNEZyedropwhen's rating: 1334 &rarr; <strong>1359<\/strong><br \/>(+25 for winning)\n|l|\u2606Hotman2012\n","uploadtime":1700879745,"views":1,"p1id":"hotman2012","p2id":"ndsnezyedropwhen","formatid":"gen9nationaldex","rating":1359,"private":0,"password":""}