{"id":"gen9nationaldex-1988871467","p1":"h1rsfr","p2":"Kartik thats it","format":"[Gen 9] National Dex","log":"|j|\u2606h1rsfr\n|j|\u2606Kartik thats it\n|t:|1699778035\n|gametype|singles\n|player|p1|h1rsfr|dawn|\n|player|p2|Kartik thats it|volkner|\n|teamsize|p1|6\n|teamsize|p2|6\n|gen|9\n|tier|[Gen 9] National Dex\n|rule|HP Percentage Mod: HP is shown in percentages\n|rule|Endless Battle Clause: Forcing endless battles is banned\n|rule|OHKO Clause: OHKO moves are banned\n|rule|Evasion Clause: Evasion abilities, items, and moves are banned\n|rule|Evasion Abilities Clause: Evasion abilities are banned\n|rule|Evasion Items Clause: Evasion items are banned\n|rule|Evasion Moves Clause: Evasion moves are banned\n|rule|Species Clause: Limit one of each Pok\u00e9mon\n|rule|Sleep Clause Mod: Limit one foe put to sleep\n|clearpoke\n|poke|p1|Tapu Lele|\n|poke|p1|Dondozo, F|\n|poke|p1|Sneasler, M|\n|poke|p1|Glimmora, M|\n|poke|p1|Manaphy|\n|poke|p1|Kommo-o, M|\n|poke|p2|Moltres-Galar|\n|poke|p2|Sneasler, F|\n|poke|p2|Zapdos|\n|poke|p2|Ogerpon-Wellspring, F|\n|poke|p2|Tapu Lele|\n|poke|p2|Blacephalon|\n|teampreview\n|\n|t:|1699778068\n|start\n|switch|p1a: Tapu Lele|Tapu Lele|100\/100\n|switch|p2a: Devil ka baap|Moltres-Galar, shiny|100\/100\n|-fieldstart|move: Psychic Terrain|[from] ability: Psychic Surge|[of] p1a: Tapu Lele\n|turn|1\n|\n|t:|1699778090\n|move|p1a: Tapu Lele|Moonblast|p2a: Devil ka baap\n|-supereffective|p2a: Devil ka baap\n|-crit|p2a: Devil ka baap\n|-damage|p2a: Devil ka baap|0 fnt\n|faint|p2a: Devil ka baap\n|\n|upkeep\n|\n|t:|1699778104\n|switch|p2a: Blacephalon|Blacephalon, shiny|100\/100\n|turn|2\n|\n|t:|1699778122\n|-terastallize|p2a: Blacephalon|Grass\n|move|p2a: Blacephalon|Shadow Ball|p1a: Tapu Lele\n|-supereffective|p1a: Tapu Lele\n|-damage|p1a: Tapu Lele|2\/100\n|move|p1a: Tapu Lele|Moonblast|p2a: Blacephalon\n|-damage|p2a: Blacephalon|12\/100\n|-unboost|p2a: Blacephalon|spa|1\n|\n|upkeep\n|turn|3\n|\n|t:|1699778134\n|switch|p1a: Dondozo|Dondozo, F|100\/100\n|move|p2a: Blacephalon|Shadow Ball|p1a: Dondozo\n|-damage|p1a: Dondozo|55\/100\n|\n|upkeep\n|turn|4\n|\n|t:|1699778142\n|move|p2a: Blacephalon|Shadow Ball|p1a: Dondozo\n|-damage|p1a: Dondozo|8\/100\n|move|p1a: Dondozo|Liquidation|p2a: Blacephalon\n|-resisted|p2a: Blacephalon\n|-damage|p2a: Blacephalon|0 fnt\n|faint|p2a: Blacephalon\n|\n|upkeep\n|\n|t:|1699778163\n|switch|p2a: Zapdos|Zapdos, shiny|100\/100\n|turn|5\n|j| Blazzeon\n|\n|t:|1699778172\n|move|p2a: Zapdos|Thunderbolt|p1a: Dondozo\n|-supereffective|p1a: Dondozo\n|-damage|p1a: Dondozo|0 fnt\n|faint|p1a: Dondozo\n|\n|-fieldend|move: Psychic Terrain\n|upkeep\n|c| Blazzeon|Dig bick\n|\n|t:|1699778186\n|switch|p1a: Glimmora|Glimmora, M|100\/100\n|turn|6\n|c|\u2606Kartik thats it|Acha\n|\n|t:|1699778200\n|move|p2a: Zapdos|Thunderbolt|p1a: Glimmora\n|-damage|p1a: Glimmora|36\/100\n|move|p1a: Glimmora|Stealth Rock|p2a: Zapdos\n|-sidestart|p2: Kartik thats it|move: Stealth Rock\n|\n|upkeep\n|turn|7\n|\n|t:|1699778208\n|move|p2a: Zapdos|Thunderbolt|p1a: Glimmora\n|-damage|p1a: Glimmora|0 fnt\n|faint|p1a: Glimmora\n|\n|upkeep\n|\n|t:|1699778221\n|switch|p1a: Kommo-o|Kommo-o, M, shiny|100\/100\n|turn|8\n|\n|t:|1699778230\n|-terastallize|p1a: Kommo-o|Fire\n|-zpower|p2a: Zapdos\n|move|p2a: Zapdos|Supersonic Skystrike|p1a: Kommo-o|[zeffect]\n|-damage|p1a: Kommo-o|0 fnt\n|faint|p1a: Kommo-o\n|\n|upkeep\n|\n|t:|1699778236\n|switch|p1a: Tapu Lele|Tapu Lele|2\/100\n|-fieldstart|move: Psychic Terrain|[from] ability: Psychic Surge|[of] p1a: Tapu Lele\n|turn|9\n|\n|t:|1699778246\n|move|p1a: Tapu Lele|Future Sight|p2a: Zapdos\n|-start|p1a: Tapu Lele|move: Future Sight\n|move|p2a: Zapdos|Thunderbolt|p1a: Tapu Lele\n|-crit|p1a: Tapu Lele\n|-damage|p1a: Tapu Lele|0 fnt\n|faint|p1a: Tapu Lele\n|\n|upkeep\n|c| Blazzeon|Hagdia redx ne\n|c|\u2606h1rsfr|Rial\n|\n|t:|1699778253\n|switch|p1a: Manaphy|Manaphy|100\/100\n|turn|10\n|c|\u2606Kartik thats it|Ok\n|c|\u2606h1rsfr|Fuk ye misclick tha\n|c| Blazzeon|Flying h wo uske samne kyu nikala\n|c|\u2606h1rsfr|Manaphy ni nikalna tha\n|c| Blazzeon|One shot ni hoga thunderbolt se\n|\n|t:|1699778279\n|-zpower|p1a: Manaphy\n|move|p1a: Manaphy|Z-Rain Dance|p1a: Manaphy|[anim]Rain Dance\n|-boost|p1a: Manaphy|spe|1|[zeffect]\n|-weather|RainDance\n|move|p2a: Zapdos|Thunderbolt|p1a: Manaphy\n|-supereffective|p1a: Manaphy\n|-damage|p1a: Manaphy|10\/100\n|\n|-weather|RainDance|[upkeep]\n|upkeep\n|turn|11\n|\n|t:|1699778291\n|move|p1a: Manaphy|Rest|p1a: Manaphy\n|-status|p1a: Manaphy|slp|[from] move: Rest\n|-heal|p1a: Manaphy|100\/100 slp|[silent]\n|move|p2a: Zapdos|Thunderbolt|p1a: Manaphy\n|-supereffective|p1a: Manaphy\n|-damage|p1a: Manaphy|14\/100 slp\n|\n|-weather|RainDance|[upkeep]\n|-end|p2a: Zapdos|move: Future Sight\n|-damage|p2a: Zapdos|7\/100\n|-activate|p1a: Manaphy|ability: Hydration\n|-curestatus|p1a: Manaphy|slp|[msg]\n|upkeep\n|turn|12\n|\n|t:|1699778305\n|move|p1a: Manaphy|Surf|p2a: Zapdos\n|-damage|p2a: Zapdos|0 fnt\n|faint|p2a: Zapdos\n|\n|-weather|RainDance|[upkeep]\n|upkeep\n|\n|t:|1699778316\n|switch|p2a: Liam|Tapu Lele, shiny|100\/100\n|-damage|p2a: Liam|88\/100|[from] Stealth Rock\n|turn|13\n|\n|t:|1699778325\n|move|p1a: Manaphy|Rest|p1a: Manaphy\n|-status|p1a: Manaphy|slp|[from] move: Rest\n|-heal|p1a: Manaphy|100\/100 slp|[silent]\n|move|p2a: Liam|Psychic|p1a: Manaphy\n|-damage|p1a: Manaphy|8\/100 slp\n|\n|-weather|RainDance|[upkeep]\n|-activate|p1a: Manaphy|ability: Hydration\n|-curestatus|p1a: Manaphy|slp|[msg]\n|-fieldend|move: Psychic Terrain\n|upkeep\n|turn|14\n|\n|t:|1699778337\n|move|p1a: Manaphy|Surf|p2a: Liam\n|-damage|p2a: Liam|23\/100\n|move|p2a: Liam|Psychic|p1a: Manaphy\n|-damage|p1a: Manaphy|0 fnt\n|faint|p1a: Manaphy\n|\n|-weather|none\n|upkeep\n|\n|t:|1699778343\n|switch|p1a: Sneasler|Sneasler, M|100\/100\n|turn|15\n|\n|t:|1699778349\n|move|p1a: Sneasler|Dire Claw|p2a: Liam\n|-supereffective|p2a: Liam\n|-damage|p2a: Liam|0 fnt\n|faint|p2a: Liam\n|\n|upkeep\n|c| Blazzeon|Sneasler active kon krega\n|\n|t:|1699778359\n|switch|p2a: Zayn|Sneasler, F, shiny|100\/100\n|-damage|p2a: Zayn|95\/100|[from] Stealth Rock\n|turn|16\n|c|\u2606h1rsfr|Kese kru\n|c| Blazzeon|Pehle nikalta\n|c| Blazzeon|Manaphy waste krdia\n|inactive|Battle timer is ON: inactive players will automatically lose when time's up. (requested by h1rsfr)\n|\n|t:|1699778397\n|move|p2a: Zayn|Dire Claw|p1a: Sneasler\n|-resisted|p1a: Sneasler\n|-damage|p1a: Sneasler|63\/100\n|move|p1a: Sneasler|Acrobatics|p2a: Zayn\n|-supereffective|p2a: Zayn\n|-damage|p2a: Zayn|22\/100\n|\n|upkeep\n|turn|17\n|c|\u2606h1rsfr|Kartik jitjayga\n|c|\u2606h1rsfr|Manaphy glti se nikalgya\n|\n|t:|1699778413\n|move|p2a: Zayn|Shadow Claw|p1a: Sneasler\n|-damage|p1a: Sneasler|25\/100\n|move|p1a: Sneasler|Acrobatics|p2a: Zayn\n|-supereffective|p2a: Zayn\n|-damage|p2a: Zayn|0 fnt\n|faint|p2a: Zayn\n|\n|upkeep\n|c| Blazzeon|Speed tie h\n|\n|t:|1699778422\n|switch|p2a: Niall|Ogerpon-Wellspring, F|100\/100\n|-damage|p2a: Niall|88\/100|[from] Stealth Rock\n|turn|18\n|c| Blazzeon|Redx moves kya hai\n|\n|t:|1699778435\n|move|p2a: Niall|Ivy Cudgel|p1a: Sneasler\n|-damage|p1a: Sneasler|0 fnt\n|faint|p1a: Sneasler\n|\n|win|Kartik thats it\n|c|\u2606Kartik thats it|Gg\n|c| Blazzeon|Scarf ogerpon\n","uploadtime":1699778449,"views":7,"p1id":"h1rsfr","p2id":"kartikthatsit","formatid":"gen9nationaldex","rating":0,"private":0,"password":""}