{"id":"gen9nationaldex-1987392309","p1":"SpecsGastr0","p2":"ChikosBiggestFan","format":"[Gen 9] National Dex","log":"|j|\u2606SpecsGastr0\n|j|\u203dChikosBiggestFan\n|t:|1699585476\n|gametype|singles\n|player|p1|SpecsGastr0|colress|1113\n|player|p2|ChikosBiggestFan|nate|1149\n|teamsize|p1|6\n|teamsize|p2|6\n|gen|9\n|tier|[Gen 9] National Dex\n|rated|\n|rule|HP Percentage Mod: HP is shown in percentages\n|rule|Endless Battle Clause: Forcing endless battles is banned\n|rule|OHKO Clause: OHKO moves are banned\n|rule|Evasion Clause: Evasion abilities, items, and moves are banned\n|rule|Evasion Abilities Clause: Evasion abilities are banned\n|rule|Evasion Items Clause: Evasion items are banned\n|rule|Evasion Moves Clause: Evasion moves are banned\n|rule|Species Clause: Limit one of each Pok\u00e9mon\n|rule|Sleep Clause Mod: Limit one foe put to sleep\n|clearpoke\n|poke|p1|Bellibolt, F|\n|poke|p1|Slowbro, F|\n|poke|p1|Arcanine-Hisui, M|\n|poke|p1|Swampert, M|\n|poke|p1|Lurantis, F|\n|poke|p1|Drifblim, M|\n|poke|p2|Scizor, M|\n|poke|p2|Porygon-Z|\n|poke|p2|Magnezone|\n|poke|p2|Dragonite, F|\n|poke|p2|Inteleon, M|\n|poke|p2|Blaziken, M|\n|teampreview\n|inactive|Battle timer is ON: inactive players will automatically lose when time's up. (requested by ChikosBiggestFan)\n|\n|t:|1699585504\n|start\n|switch|p1a: Suwako|Bellibolt, F|100\/100\n|switch|p2a: Inteleon|Inteleon, M|100\/100\n|turn|1\n|\n|t:|1699585525\n|switch|p2a: Dragonite|Dragonite, F|100\/100\n|move|p1a: Suwako|Thunderbolt|p2a: Dragonite\n|-damage|p2a: Dragonite|85\/100\n|-status|p2a: Dragonite|par\n|\n|upkeep\n|turn|2\n|\n|t:|1699585537\n|move|p2a: Dragonite|Dragon Dance|p2a: Dragonite\n|-boost|p2a: Dragonite|atk|1\n|-boost|p2a: Dragonite|spe|1\n|move|p1a: Suwako|Volt Switch|p2a: Dragonite\n|-damage|p2a: Dragonite|58\/100 par\n|\n|t:|1699585561\n|switch|p1a: Lieutenant Garr|Arcanine-Hisui, M|100\/100|[from] Volt Switch\n|\n|upkeep\n|turn|3\n|\n|t:|1699585568\n|move|p1a: Lieutenant Garr|Head Smash|p2a: Dragonite|[miss]\n|-miss|p1a: Lieutenant Garr|p2a: Dragonite\n|move|p2a: Dragonite|Dragon Claw|p1a: Lieutenant Garr\n|-damage|p1a: Lieutenant Garr|20\/100\n|\n|upkeep\n|turn|4\n|\n|t:|1699585576\n|move|p2a: Dragonite|Extreme Speed|p1a: Lieutenant Garr\n|-resisted|p1a: Lieutenant Garr\n|-damage|p1a: Lieutenant Garr|0 fnt\n|faint|p1a: Lieutenant Garr\n|\n|upkeep\n|inactive|SpecsGastr0 has 120 seconds left.\n|\n|t:|1699585602\n|switch|p1a: Slowsis|Slowbro, F, shiny|100\/100\n|turn|5\n|\n|t:|1699585612\n|move|p2a: Dragonite|Roost|p2a: Dragonite\n|-heal|p2a: Dragonite|100\/100 par\n|-singleturn|p2a: Dragonite|move: Roost\n|move|p1a: Slowsis|Future Sight|p2a: Dragonite\n|-start|p1a: Slowsis|move: Future Sight\n|\n|upkeep\n|turn|6\n|\n|t:|1699585620\n|move|p2a: Dragonite|Dragon Dance|p2a: Dragonite\n|-boost|p2a: Dragonite|atk|1\n|-boost|p2a: Dragonite|spe|1\n|move|p1a: Slowsis|Scald|p2a: Dragonite\n|-resisted|p2a: Dragonite\n|-damage|p2a: Dragonite|94\/100 par\n|\n|upkeep\n|turn|7\n|\n|t:|1699585629\n|move|p2a: Dragonite|Roost|p2a: Dragonite\n|-heal|p2a: Dragonite|100\/100 par\n|-singleturn|p2a: Dragonite|move: Roost\n|move|p1a: Slowsis|Teleport|p1a: Slowsis\n|\n|t:|1699585640\n|switch|p1a: Hisoutensoku|Drifblim, M, shiny|100\/100|[from] Teleport\n|\n|-end|p2a: Dragonite|move: Future Sight\n|-damage|p2a: Dragonite|78\/100 par\n|-status|p1a: Hisoutensoku|brn|[from] item: Flame Orb\n|upkeep\n|turn|8\n|\n|t:|1699585651\n|move|p1a: Hisoutensoku|Shadow Ball|p2a: Dragonite\n|-damage|p2a: Dragonite|24\/100 par\n|move|p2a: Dragonite|Dragon Claw|p1a: Hisoutensoku\n|-damage|p1a: Hisoutensoku|0 fnt\n|faint|p1a: Hisoutensoku\n|\n|upkeep\n|\n|t:|1699585660\n|switch|p1a: Potemkin|Swampert, M|100\/100\n|turn|9\n|\n|t:|1699585664\n|detailschange|p1a: Potemkin|Swampert-Mega, M\n|-mega|p1a: Potemkin|Swampert|Swampertite\n|move|p2a: Dragonite|Dragon Claw|p1a: Potemkin\n|-damage|p1a: Potemkin|21\/100\n|move|p1a: Potemkin|Liquidation|p2a: Dragonite\n|-resisted|p2a: Dragonite\n|-damage|p2a: Dragonite|0 fnt\n|faint|p2a: Dragonite\n|\n|upkeep\n|\n|t:|1699585685\n|switch|p2a: Inteleon|Inteleon, M|100\/100\n|turn|10\n|\n|t:|1699585690\n|switch|p1a: Hot Pants|Lurantis, F|100\/100\n|move|p2a: Inteleon|Dark Pulse|p1a: Hot Pants\n|-damage|p1a: Hot Pants|70\/100\n|\n|-heal|p1a: Hot Pants|76\/100|[from] item: Leftovers\n|upkeep\n|turn|11\n|\n|t:|1699585703\n|move|p2a: Inteleon|Ice Beam|p1a: Hot Pants\n|-supereffective|p1a: Hot Pants\n|-damage|p1a: Hot Pants|5\/100\n|move|p1a: Hot Pants|Superpower|p2a: Inteleon\n|-damage|p2a: Inteleon|29\/100\n|-boost|p1a: Hot Pants|atk|1\n|-boost|p1a: Hot Pants|def|1\n|\n|-heal|p1a: Hot Pants|11\/100|[from] item: Leftovers\n|upkeep\n|turn|12\n|\n|t:|1699585716\n|switch|p1a: Slowsis|Slowbro, F, shiny|100\/100\n|move|p2a: Inteleon|Ice Beam|p1a: Slowsis\n|-resisted|p1a: Slowsis\n|-damage|p1a: Slowsis|84\/100\n|-status|p1a: Slowsis|frz\n|\n|upkeep\n|turn|13\n|\n|t:|1699585726\n|move|p2a: Inteleon|Focus Energy|p2a: Inteleon\n|-start|p2a: Inteleon|move: Focus Energy\n|-curestatus|p1a: Slowsis|frz|[msg]\n|move|p1a: Slowsis|Future Sight|p2a: Inteleon\n|-start|p1a: Slowsis|move: Future Sight\n|\n|upkeep\n|turn|14\n|\n|t:|1699585732\n|move|p2a: Inteleon|Dark Pulse|p1a: Slowsis\n|-supereffective|p1a: Slowsis\n|-crit|p1a: Slowsis\n|-damage|p1a: Slowsis|0 fnt\n|faint|p1a: Slowsis\n|\n|upkeep\n|\n|t:|1699585741\n|switch|p1a: Suwako|Bellibolt, F|100\/100\n|turn|15\n|\n|t:|1699585746\n|move|p2a: Inteleon|Snipe Shot|p1a: Suwako\n|-crit|p1a: Suwako\n|-damage|p1a: Suwako|38\/100\n|-start|p1a: Suwako|Charge|Snipe Shot|[from] ability: Electromorphosis\n|move|p1a: Suwako|Slack Off|p1a: Suwako\n|-heal|p1a: Suwako|88\/100\n|\n|-end|p2a: Inteleon|move: Future Sight\n|-damage|p2a: Inteleon|0 fnt\n|faint|p2a: Inteleon\n|-heal|p1a: Suwako|94\/100|[from] item: Leftovers\n|upkeep\n|\n|t:|1699585761\n|switch|p2a: Blaziken|Blaziken, M|100\/100\n|turn|16\n|\n|t:|1699585766\n|move|p2a: Blaziken|Swords Dance|p2a: Blaziken\n|-boost|p2a: Blaziken|atk|2\n|move|p1a: Suwako|Thunderbolt|p2a: Blaziken\n|-damage|p2a: Blaziken|4\/100\n|-end|p1a: Suwako|Charge|[silent]\n|\n|-heal|p1a: Suwako|99\/100|[from] item: Leftovers\n|-ability|p2a: Blaziken|Speed Boost|boost\n|-boost|p2a: Blaziken|spe|1\n|upkeep\n|turn|17\n|\n|t:|1699585782\n|move|p2a: Blaziken|Close Combat|p1a: Suwako\n|-crit|p1a: Suwako\n|-damage|p1a: Suwako|0 fnt\n|-unboost|p2a: Blaziken|def|1\n|-unboost|p2a: Blaziken|spd|1\n|faint|p1a: Suwako\n|\n|-ability|p2a: Blaziken|Speed Boost|boost\n|-boost|p2a: Blaziken|spe|1\n|upkeep\n|\n|t:|1699585790\n|switch|p1a: Potemkin|Swampert-Mega, M|21\/100\n|turn|18\n|\n|t:|1699585795\n|move|p2a: Blaziken|Protect|p2a: Blaziken\n|-singleturn|p2a: Blaziken|Protect\n|move|p1a: Potemkin|Earthquake|p2a: Blaziken\n|-activate|p2a: Blaziken|move: Protect\n|\n|-ability|p2a: Blaziken|Speed Boost|boost\n|-boost|p2a: Blaziken|spe|1\n|upkeep\n|turn|19\n|\n|t:|1699585810\n|move|p2a: Blaziken|Close Combat|p1a: Potemkin\n|-damage|p1a: Potemkin|0 fnt\n|-unboost|p2a: Blaziken|def|1\n|-unboost|p2a: Blaziken|spd|1\n|faint|p1a: Potemkin\n|\n|-ability|p2a: Blaziken|Speed Boost|boost\n|-boost|p2a: Blaziken|spe|1\n|upkeep\n|\n|t:|1699585817\n|switch|p1a: Hot Pants|Lurantis, F|11\/100\n|turn|20\n|\n|t:|1699585821\n|move|p2a: Blaziken|Blaze Kick|p1a: Hot Pants\n|-supereffective|p1a: Hot Pants\n|-crit|p1a: Hot Pants\n|-damage|p1a: Hot Pants|0 fnt\n|faint|p1a: Hot Pants\n|\n|win|ChikosBiggestFan\n|raw|SpecsGastr0's rating: 1113 &rarr; <strong>1091<\/strong><br \/>(-22 for losing)\n|raw|ChikosBiggestFan's rating: 1149 &rarr; <strong>1171<\/strong><br \/>(+22 for winning)\n","uploadtime":1699585828,"views":5,"p1id":"specsgastr0","p2id":"chikosbiggestfan","formatid":"gen9nationaldex","rating":1091,"private":0,"password":""}