{"id":"gen9nationaldex-1988324306","p1":"Margotbollox","p2":"A.private","format":"[Gen 9] National Dex","log":"|j|\u2606Margotbollox\n|j|\u2606A.private\n|t:|1699708651\n|gametype|singles\n|player|p1|Margotbollox|emmet|1123\n|player|p2|A.private|rosa|1138\n|teamsize|p1|6\n|teamsize|p2|6\n|gen|9\n|tier|[Gen 9] National Dex\n|rated|\n|rule|HP Percentage Mod: HP is shown in percentages\n|rule|Endless Battle Clause: Forcing endless battles is banned\n|rule|OHKO Clause: OHKO moves are banned\n|rule|Evasion Clause: Evasion abilities, items, and moves are banned\n|rule|Evasion Abilities Clause: Evasion abilities are banned\n|rule|Evasion Items Clause: Evasion items are banned\n|rule|Evasion Moves Clause: Evasion moves are banned\n|rule|Species Clause: Limit one of each Pok\u00e9mon\n|rule|Sleep Clause Mod: Limit one foe put to sleep\n|clearpoke\n|poke|p1|Luxray, M|\n|poke|p1|Electivire, M|\n|poke|p1|Eelektross, M|\n|poke|p1|Galvantula, F|\n|poke|p1|Emolga, F|\n|poke|p1|Zebstrika, M|\n|poke|p2|Lycanroc-Dusk, M|\n|poke|p2|Absol, M|\n|poke|p2|Claydol|\n|poke|p2|Oricorio-Sensu, M|\n|poke|p2|Entei|\n|poke|p2|Azumarill, F|\n|teampreview\n|inactive|Battle timer is ON: inactive players will automatically lose when time's up. (requested by A.private)\n|\n|t:|1699708666\n|start\n|switch|p1a: Luxray|Luxray, M|100\/100\n|switch|p2a: Absol|Absol, M|100\/100\n|-ability|p1a: Luxray|Intimidate|boost\n|-unboost|p2a: Absol|atk|1\n|-item|p1a: Luxray|Air Balloon\n|turn|1\n|\n|t:|1699708675\n|detailschange|p2a: Absol|Absol-Mega, M\n|-mega|p2a: Absol|Absol|Absolite\n|move|p2a: Absol|Protect|p2a: Absol\n|-singleturn|p2a: Absol|Protect\n|move|p1a: Luxray|Play Rough|p2a: Absol\n|-activate|p2a: Absol|move: Protect\n|\n|upkeep\n|turn|2\n|\n|t:|1699708693\n|switch|p2a: Claydol|Claydol|100\/100\n|move|p1a: Luxray|Play Rough|p2a: Claydol\n|-damage|p2a: Claydol|70\/100\n|\n|upkeep\n|turn|3\n|\n|t:|1699708699\n|move|p2a: Claydol|Ice Beam|p1a: Luxray\n|-damage|p1a: Luxray|76\/100\n|-enditem|p1a: Luxray|Air Balloon\n|move|p1a: Luxray|Ice Fang|p2a: Claydol\n|-supereffective|p2a: Claydol\n|-damage|p2a: Claydol|18\/100\n|-enditem|p2a: Claydol|Aguav Berry|[eat]\n|-heal|p2a: Claydol|51\/100|[from] item: Aguav Berry\n|\n|upkeep\n|turn|4\n|\n|t:|1699708715\n|-terastallize|p2a: Claydol|Steel\n|move|p2a: Claydol|Earth Power|p1a: Luxray\n|-supereffective|p1a: Luxray\n|-damage|p1a: Luxray|0 fnt\n|faint|p1a: Luxray\n|\n|upkeep\n|\n|t:|1699708726\n|switch|p1a: Electivire|Electivire, M|100\/100\n|turn|5\n|\n|t:|1699708734\n|move|p1a: Electivire|Brick Break|p2a: Claydol\n|-supereffective|p2a: Claydol\n|-damage|p2a: Claydol|0 fnt\n|faint|p2a: Claydol\n|\n|upkeep\n|\n|t:|1699708741\n|switch|p2a: Entei|Entei|100\/100\n|turn|6\n|\n|t:|1699708746\n|move|p2a: Entei|Stomping Tantrum|p1a: Electivire\n|-supereffective|p1a: Electivire\n|-damage|p1a: Electivire|25\/100\n|-damage|p2a: Entei|84\/100|[from] item: Rocky Helmet|[of] p1a: Electivire\n|move|p1a: Electivire|Wild Charge|p2a: Entei\n|-crit|p2a: Entei\n|-damage|p2a: Entei|0 fnt\n|faint|p2a: Entei\n|-damage|p1a: Electivire|0 fnt|[from] Recoil\n|faint|p1a: Electivire\n|\n|upkeep\n|\n|t:|1699708758\n|switch|p2a: Absol|Absol-Mega, M|100\/100\n|switch|p1a: Eelektross|Eelektross, M|100\/100\n|turn|7\n|\n|t:|1699708763\n|move|p2a: Absol|Protect|p2a: Absol\n|-singleturn|p2a: Absol|Protect\n|move|p1a: Eelektross|Discharge|p2a: Absol\n|-activate|p2a: Absol|move: Protect\n|\n|upkeep\n|turn|8\n|\n|t:|1699708772\n|move|p2a: Absol|Snatch|p2a: Absol\n|-singleturn|p2a: Absol|Snatch\n|move|p1a: Eelektross|Discharge|p2a: Absol\n|-damage|p2a: Absol|41\/100\n|-status|p2a: Absol|par\n|\n|upkeep\n|turn|9\n|\n|t:|1699708781\n|move|p2a: Absol|Sucker Punch|p1a: Eelektross\n|-damage|p1a: Eelektross|49\/100\n|-enditem|p1a: Eelektross|Sitrus Berry|[eat]\n|-heal|p1a: Eelektross|74\/100|[from] item: Sitrus Berry\n|move|p1a: Eelektross|Discharge|p2a: Absol\n|-damage|p2a: Absol|0 fnt\n|faint|p2a: Absol\n|\n|upkeep\n|\n|t:|1699708790\n|switch|p2a: Lycanroc|Lycanroc-Dusk, M|100\/100\n|turn|10\n|\n|t:|1699708794\n|move|p2a: Lycanroc|Close Combat|p1a: Eelektross\n|-damage|p1a: Eelektross|0 fnt\n|-unboost|p2a: Lycanroc|def|1\n|-unboost|p2a: Lycanroc|spd|1\n|faint|p1a: Eelektross\n|\n|upkeep\n|\n|t:|1699708799\n|switch|p1a: Emolga|Emolga, F|100\/100\n|turn|11\n|\n|t:|1699708804\n|switch|p2a: Oricorio|Oricorio-Sensu, M|100\/100\n|move|p1a: Emolga|Energy Ball|p2a: Oricorio\n|-resisted|p2a: Oricorio\n|-damage|p2a: Oricorio|87\/100\n|\n|upkeep\n|turn|12\n|\n|t:|1699708815\n|move|p1a: Emolga|Nuzzle|p2a: Oricorio\n|-supereffective|p2a: Oricorio\n|-damage|p2a: Oricorio|78\/100\n|-status|p2a: Oricorio|par\n|move|p2a: Oricorio|Revelation Dance|p1a: Emolga\n|-damage|p1a: Emolga|35\/100\n|\n|upkeep\n|turn|13\n|\n|t:|1699708826\n|move|p1a: Emolga|Volt Switch|p2a: Oricorio\n|-supereffective|p2a: Oricorio\n|-damage|p2a: Oricorio|11\/100 par\n|\n|t:|1699708834\n|switch|p1a: Galvantula|Galvantula, F|100\/100|[from] Volt Switch\n|cant|p2a: Oricorio|par\n|\n|upkeep\n|turn|14\n|\n|t:|1699708843\n|move|p1a: Galvantula|Charge Beam|p2a: Oricorio\n|-supereffective|p2a: Oricorio\n|-damage|p2a: Oricorio|0 fnt\n|-boost|p1a: Galvantula|spa|1\n|faint|p2a: Oricorio\n|\n|upkeep\n|\n|t:|1699708851\n|switch|p2a: Lycanroc|Lycanroc-Dusk, M|100\/100\n|turn|15\n|\n|t:|1699708859\n|move|p2a: Lycanroc|Accelerock|p1a: Galvantula\n|-supereffective|p1a: Galvantula\n|-damage|p1a: Galvantula|0 fnt\n|faint|p1a: Galvantula\n|\n|upkeep\n|\n|t:|1699708862\n|switch|p1a: Zebstrika|Zebstrika, M|100\/100\n|turn|16\n|\n|t:|1699708874\n|switch|p2a: Azumarill|Azumarill, F|100\/100\n|move|p1a: Zebstrika|Low Kick|p2a: Azumarill\n|-resisted|p2a: Azumarill\n|-damage|p2a: Azumarill|92\/100\n|\n|upkeep\n|turn|17\n|\n|t:|1699708889\n|move|p1a: Zebstrika|Wild Charge|p2a: Azumarill\n|-supereffective|p2a: Azumarill\n|-damage|p2a: Azumarill|8\/100\n|-damage|p1a: Zebstrika|71\/100|[from] Recoil\n|move|p2a: Azumarill|Liquidation|p1a: Zebstrika\n|-damage|p1a: Zebstrika|0 fnt\n|faint|p1a: Zebstrika\n|\n|upkeep\n|\n|t:|1699708895\n|switch|p1a: Emolga|Emolga, F|35\/100\n|turn|18\n|\n|t:|1699708900\n|move|p2a: Azumarill|Aqua Jet|p1a: Emolga\n|-damage|p1a: Emolga|0 fnt\n|faint|p1a: Emolga\n|\n|win|A.private\n|raw|Margotbollox's rating: 1123 &rarr; <strong>1099<\/strong><br \/>(-24 for losing)\n|raw|A.private's rating: 1138 &rarr; <strong>1162<\/strong><br \/>(+24 for winning)\n|l|\u2606Margotbollox\n","uploadtime":1699708908,"views":7,"p1id":"margotbollox","p2id":"aprivate","formatid":"gen9nationaldex","rating":1099,"private":0,"password":""}