{"id":"gen9nationaldex-1991010493","p1":"Syph0n_78","p2":"ttttttttttvvz","format":"[Gen 9] National Dex","log":"|j|\u2606Syph0n_78\n|j|\u2606ttttttttttvvz\n|t:|1700027474\n|gametype|singles\n|player|p1|Syph0n_78|iris-gen5bw2|1153\n|player|p2|ttttttttttvvz|fantina|1068\n|teamsize|p1|6\n|teamsize|p2|6\n|gen|9\n|tier|[Gen 9] National Dex\n|rated|\n|rule|HP Percentage Mod: HP is shown in percentages\n|rule|Endless Battle Clause: Forcing endless battles is banned\n|rule|OHKO Clause: OHKO moves are banned\n|rule|Evasion Clause: Evasion abilities, items, and moves are banned\n|rule|Evasion Abilities Clause: Evasion abilities are banned\n|rule|Evasion Items Clause: Evasion items are banned\n|rule|Evasion Moves Clause: Evasion moves are banned\n|rule|Species Clause: Limit one of each Pok\u00e9mon\n|rule|Sleep Clause Mod: Limit one foe put to sleep\n|clearpoke\n|poke|p1|Golisopod, M|\n|poke|p1|Gligar, F|\n|poke|p1|Garganacl, F|\n|poke|p1|Hydreigon, M|\n|poke|p1|Ogerpon-Wellspring, F|\n|poke|p1|Weezing-Galar, M|\n|poke|p2|Cloyster, F|\n|poke|p2|Togekiss, F|\n|poke|p2|Blacephalon|\n|poke|p2|Spidops, M|\n|poke|p2|Heracross, M|\n|poke|p2|Ferrothorn, M|\n|teampreview\n|\n|t:|1700027510\n|start\n|switch|p1a: Garganacl|Garganacl, F|100\/100\n|switch|p2a: Spidops|Spidops, M|100\/100\n|turn|1\n|\n|t:|1700027546\n|move|p2a: Spidops|Sticky Web|p1a: Garganacl\n|-sidestart|p1: Syph0n_78|move: Sticky Web\n|move|p1a: Garganacl|Salt Cure|p2a: Spidops\n|-supereffective|p2a: Spidops\n|-damage|p2a: Spidops|61\/100\n|-start|p2a: Spidops|Salt Cure\n|\n|-damage|p2a: Spidops|49\/100|[from] Salt Cure\n|upkeep\n|turn|2\n|\n|t:|1700027557\n|move|p2a: Spidops|Pounce|p1a: Garganacl\n|-damage|p1a: Garganacl|92\/100\n|-unboost|p1a: Garganacl|spe|1\n|move|p1a: Garganacl|Salt Cure|p2a: Spidops\n|-supereffective|p2a: Spidops\n|-damage|p2a: Spidops|8\/100\n|\n|-heal|p1a: Garganacl|98\/100|[from] item: Leftovers\n|-damage|p2a: Spidops|0 fnt|[from] Salt Cure\n|faint|p2a: Spidops\n|upkeep\n|\n|t:|1700027588\n|switch|p2a: Blacephalon|Blacephalon|100\/100\n|turn|3\n|inactive|Battle timer is ON: inactive players will automatically lose when time's up. (requested by ttttttttttvvz)\n|\n|t:|1700027609\n|move|p2a: Blacephalon|Shadow Ball|p1a: Garganacl\n|-damage|p1a: Garganacl|66\/100\n|-unboost|p1a: Garganacl|spd|1\n|move|p1a: Garganacl|Salt Cure|p2a: Blacephalon\n|-supereffective|p2a: Blacephalon\n|-damage|p2a: Blacephalon|38\/100\n|-start|p2a: Blacephalon|Salt Cure\n|\n|-heal|p1a: Garganacl|72\/100|[from] item: Leftovers\n|-damage|p2a: Blacephalon|25\/100|[from] Salt Cure\n|upkeep\n|turn|4\n|\n|t:|1700027631\n|move|p2a: Blacephalon|Shadow Ball|p1a: Garganacl\n|-damage|p1a: Garganacl|25\/100\n|move|p1a: Garganacl|Recover|p1a: Garganacl\n|-heal|p1a: Garganacl|75\/100\n|\n|-heal|p1a: Garganacl|81\/100|[from] item: Leftovers\n|-damage|p2a: Blacephalon|13\/100|[from] Salt Cure\n|upkeep\n|turn|5\n|\n|t:|1700027641\n|move|p2a: Blacephalon|Shadow Ball|p1a: Garganacl\n|-damage|p1a: Garganacl|32\/100\n|move|p1a: Garganacl|Recover|p1a: Garganacl\n|-heal|p1a: Garganacl|82\/100\n|\n|-heal|p1a: Garganacl|88\/100|[from] item: Leftovers\n|-damage|p2a: Blacephalon|0 fnt|[from] Salt Cure\n|faint|p2a: Blacephalon\n|upkeep\n|inactive|ttttttttttvvz has 120 seconds left.\n|c|\u2606ttttttttttvvz|obnoxious shit pokemon\n|c|\u2606Syph0n_78|true\n|\n|t:|1700027675\n|switch|p2a: Ferrothorn|Ferrothorn, M|100\/100\n|turn|6\n|c|\u2606Syph0n_78|you havent seen gligoat yet tho\n|\n|t:|1700027680\n|move|p1a: Garganacl|Salt Cure|p2a: Ferrothorn\n|-resisted|p2a: Ferrothorn\n|-damage|p2a: Ferrothorn|95\/100\n|-start|p2a: Ferrothorn|Salt Cure\n|move|p2a: Ferrothorn|Iron Defense|p2a: Ferrothorn\n|-boost|p2a: Ferrothorn|def|2\n|\n|-heal|p1a: Garganacl|94\/100|[from] item: Leftovers\n|-heal|p2a: Ferrothorn|100\/100|[from] item: Leftovers\n|-damage|p2a: Ferrothorn|76\/100|[from] Salt Cure\n|upkeep\n|turn|7\n|inactive|ttttttttttvvz has 120 seconds left.\n|\n|t:|1700027695\n|switch|p1a: Gligar|Gligar, F|100\/100\n|move|p2a: Ferrothorn|Iron Defense|p2a: Ferrothorn\n|-boost|p2a: Ferrothorn|def|2\n|\n|-heal|p2a: Ferrothorn|82\/100|[from] item: Leftovers\n|-damage|p2a: Ferrothorn|57\/100|[from] Salt Cure\n|upkeep\n|turn|8\n|\n|t:|1700027702\n|move|p1a: Gligar|Knock Off|p2a: Ferrothorn\n|-damage|p2a: Ferrothorn|52\/100\n|-damage|p1a: Gligar|88\/100|[from] ability: Iron Barbs|[of] p2a: Ferrothorn\n|-enditem|p2a: Ferrothorn|Leftovers|[from] move: Knock Off|[of] p1a: Gligar\n|move|p2a: Ferrothorn|Leech Seed|p1a: Gligar\n|-start|p1a: Gligar|move: Leech Seed\n|\n|-damage|p1a: Gligar|76\/100|[from] Leech Seed|[of] p2a: Ferrothorn\n|-heal|p2a: Ferrothorn|66\/100|[silent]\n|-damage|p2a: Ferrothorn|41\/100|[from] Salt Cure\n|upkeep\n|turn|9\n|\n|t:|1700027712\n|move|p1a: Gligar|U-turn|p2a: Ferrothorn\n|-damage|p2a: Ferrothorn|38\/100\n|-damage|p1a: Gligar|64\/100|[from] ability: Iron Barbs|[of] p2a: Ferrothorn\n|\n|t:|1700027719\n|switch|p1a: Weezing|Weezing-Galar, M|100\/100|[from] U-turn\n|-ability|p1a: Weezing|Neutralizing Gas\n|-activate|p1a: Weezing|move: Sticky Web\n|-unboost|p1a: Weezing|spe|1\n|move|p2a: Ferrothorn|Body Press|p1a: Weezing\n|-resisted|p1a: Weezing\n|-damage|p1a: Weezing|83\/100\n|\n|-heal|p1a: Weezing|89\/100|[from] item: Leftovers\n|-damage|p2a: Ferrothorn|13\/100|[from] Salt Cure\n|upkeep\n|turn|10\n|\n|t:|1700027733\n|move|p1a: Weezing|Flamethrower|p2a: Ferrothorn\n|-supereffective|p2a: Ferrothorn\n|-crit|p2a: Ferrothorn\n|-damage|p2a: Ferrothorn|0 fnt\n|faint|p2a: Ferrothorn\n|\n|-heal|p1a: Weezing|95\/100|[from] item: Leftovers\n|upkeep\n|\n|t:|1700027739\n|switch|p2a: Togekiss|Togekiss, F|100\/100\n|turn|11\n|\n|t:|1700027745\n|move|p2a: Togekiss|Thunder Wave|p1a: Weezing\n|-status|p1a: Weezing|par\n|move|p1a: Weezing|Clear Smog|p2a: Togekiss\n|-supereffective|p2a: Togekiss\n|-damage|p2a: Togekiss|79\/100\n|-clearboost|p2a: Togekiss\n|\n|-heal|p2a: Togekiss|85\/100|[from] item: Leftovers\n|-heal|p1a: Weezing|100\/100 par|[from] item: Leftovers\n|upkeep\n|turn|12\n|\n|t:|1700027765\n|move|p2a: Togekiss|Air Slash|p1a: Weezing\n|-damage|p1a: Weezing|74\/100 par\n|cant|p1a: Weezing|par\n|\n|-heal|p2a: Togekiss|91\/100|[from] item: Leftovers\n|-heal|p1a: Weezing|80\/100 par|[from] item: Leftovers\n|upkeep\n|turn|13\n|\n|t:|1700027779\n|move|p2a: Togekiss|Air Slash|p1a: Weezing\n|-damage|p1a: Weezing|55\/100 par\n|move|p1a: Weezing|Will-O-Wisp|p2a: Togekiss\n|-status|p2a: Togekiss|brn\n|\n|-heal|p2a: Togekiss|97\/100 brn|[from] item: Leftovers\n|-heal|p1a: Weezing|61\/100 par|[from] item: Leftovers\n|-damage|p2a: Togekiss|91\/100 brn|[from] brn\n|upkeep\n|turn|14\n|\n|t:|1700027798\n|-end|p1a: Weezing|ability: Neutralizing Gas\n|switch|p1a: Hydreigon|Hydreigon, M|100\/100\n|move|p2a: Togekiss|Air Slash|p1a: Hydreigon\n|-damage|p1a: Hydreigon|69\/100\n|\n|-heal|p2a: Togekiss|97\/100 brn|[from] item: Leftovers\n|-damage|p2a: Togekiss|91\/100 brn|[from] brn\n|upkeep\n|turn|15\n|\n|t:|1700027811\n|move|p1a: Hydreigon|Flash Cannon|p2a: Togekiss\n|-supereffective|p2a: Togekiss\n|-damage|p2a: Togekiss|29\/100 brn\n|move|p2a: Togekiss|Thunder Wave|p1a: Hydreigon\n|-status|p1a: Hydreigon|par\n|\n|-heal|p2a: Togekiss|35\/100 brn|[from] item: Leftovers\n|-damage|p2a: Togekiss|29\/100 brn|[from] brn\n|upkeep\n|turn|16\n|\n|t:|1700027820\n|move|p2a: Togekiss|Dazzling Gleam|p1a: Hydreigon\n|-supereffective|p1a: Hydreigon\n|-damage|p1a: Hydreigon|0 fnt\n|faint|p1a: Hydreigon\n|\n|-heal|p2a: Togekiss|35\/100 brn|[from] item: Leftovers\n|-damage|p2a: Togekiss|29\/100 brn|[from] brn\n|upkeep\n|inactive|Syph0n_78 has 120 seconds left.\n|\n|t:|1700027836\n|switch|p1a: Gligar|Gligar, F|64\/100\n|turn|17\n|\n|t:|1700027842\n|move|p2a: Togekiss|Air Slash|p1a: Gligar\n|-damage|p1a: Gligar|34\/100\n|move|p1a: Gligar|Knock Off|p2a: Togekiss\n|-resisted|p2a: Togekiss\n|-damage|p2a: Togekiss|19\/100 brn\n|-enditem|p2a: Togekiss|Leftovers|[from] move: Knock Off|[of] p1a: Gligar\n|\n|-damage|p2a: Togekiss|13\/100 brn|[from] brn\n|upkeep\n|turn|18\n|\n|t:|1700027852\n|switch|p1a: Garganacl|Garganacl, F|94\/100\n|-activate|p1a: Garganacl|move: Sticky Web\n|-unboost|p1a: Garganacl|spe|1\n|move|p2a: Togekiss|Air Slash|p1a: Garganacl\n|-resisted|p1a: Garganacl\n|-damage|p1a: Garganacl|79\/100\n|\n|-heal|p1a: Garganacl|86\/100|[from] item: Leftovers\n|-damage|p2a: Togekiss|7\/100 brn|[from] brn\n|upkeep\n|turn|19\n|\n|t:|1700027865\n|move|p2a: Togekiss|Air Slash|p1a: Garganacl\n|-resisted|p1a: Garganacl\n|-damage|p1a: Garganacl|72\/100\n|cant|p1a: Garganacl|flinch\n|\n|-heal|p1a: Garganacl|78\/100|[from] item: Leftovers\n|-damage|p2a: Togekiss|1\/100 brn|[from] brn\n|upkeep\n|turn|20\n|\n|t:|1700027873\n|move|p2a: Togekiss|Air Slash|p1a: Garganacl\n|-resisted|p1a: Garganacl\n|-damage|p1a: Garganacl|65\/100\n|move|p1a: Garganacl|Recover|p1a: Garganacl\n|-heal|p1a: Garganacl|100\/100\n|\n|-damage|p2a: Togekiss|0 fnt|[from] brn\n|faint|p2a: Togekiss\n|upkeep\n|c|\u2606ttttttttttvvz|GOD\n|\n|t:|1700027880\n|switch|p2a: Heracross|Heracross, M|100\/100\n|turn|21\n|\n|t:|1700027896\n|detailschange|p2a: Heracross|Heracross-Mega, M\n|-mega|p2a: Heracross|Heracross|Heracronite\n|-terastallize|p1a: Garganacl|Ghost\n|move|p2a: Heracross|Bulk Up|p2a: Heracross\n|-boost|p2a: Heracross|atk|1\n|-boost|p2a: Heracross|def|1\n|move|p1a: Garganacl|Salt Cure|p2a: Heracross\n|-damage|p2a: Heracross|91\/100\n|-start|p2a: Heracross|Salt Cure\n|\n|-damage|p2a: Heracross|79\/100|[from] Salt Cure\n|upkeep\n|turn|22\n|inactive|Syph0n_78 has 120 seconds left.\n|\n|t:|1700027926\n|move|p2a: Heracross|Trailblaze|p1a: Garganacl\n|-damage|p1a: Garganacl|81\/100\n|-boost|p2a: Heracross|spe|1\n|move|p1a: Garganacl|Stone Edge|p2a: Heracross\n|-damage|p2a: Heracross|55\/100\n|\n|-heal|p1a: Garganacl|87\/100|[from] item: Leftovers\n|-damage|p2a: Heracross|43\/100|[from] Salt Cure\n|upkeep\n|turn|23\n|inactive|Syph0n_78 has 120 seconds left.\n|\n|t:|1700027949\n|move|p2a: Heracross|Bulk Up|p2a: Heracross\n|-boost|p2a: Heracross|atk|1\n|-boost|p2a: Heracross|def|1\n|move|p1a: Garganacl|Stone Edge|p2a: Heracross\n|-damage|p2a: Heracross|25\/100\n|\n|-heal|p1a: Garganacl|94\/100|[from] item: Leftovers\n|-damage|p2a: Heracross|12\/100|[from] Salt Cure\n|upkeep\n|turn|24\n|c|\u2606Syph0n_78|minecraft donkey kong\n|inactive|Syph0n_78 has 120 seconds left.\n|\n|t:|1700027969\n|move|p2a: Heracross|Rock Blast|p1a: Garganacl\n|-damage|p1a: Garganacl|80\/100\n|-damage|p1a: Garganacl|68\/100\n|-damage|p1a: Garganacl|55\/100\n|-damage|p1a: Garganacl|43\/100\n|-damage|p1a: Garganacl|31\/100\n|-hitcount|p1a: Garganacl|5\n|move|p1a: Garganacl|Recover|p1a: Garganacl\n|-heal|p1a: Garganacl|81\/100\n|\n|-heal|p1a: Garganacl|87\/100|[from] item: Leftovers\n|-damage|p2a: Heracross|0 fnt|[from] Salt Cure\n|faint|p2a: Heracross\n|upkeep\n|inactive|ttttttttttvvz has 120 seconds left.\n|\n|t:|1700027983\n|switch|p2a: Cloyster|Cloyster, F|100\/100\n|turn|25\n|\n|t:|1700027988\n|-terastallize|p2a: Cloyster|Water\n|move|p2a: Cloyster|Shell Smash|p2a: Cloyster\n|-unboost|p2a: Cloyster|def|1\n|-unboost|p2a: Cloyster|spd|1\n|-boost|p2a: Cloyster|atk|2\n|-boost|p2a: Cloyster|spa|2\n|-boost|p2a: Cloyster|spe|2\n|-enditem|p2a: Cloyster|White Herb\n|-clearnegativeboost|p2a: Cloyster|[silent]\n|move|p1a: Garganacl|Salt Cure|p2a: Cloyster\n|-damage|p2a: Cloyster|89\/100\n|-start|p2a: Cloyster|Salt Cure\n|\n|-heal|p1a: Garganacl|93\/100|[from] item: Leftovers\n|-damage|p2a: Cloyster|64\/100|[from] Salt Cure\n|upkeep\n|turn|26\n|\n|t:|1700028007\n|move|p2a: Cloyster|Icicle Spear|p1a: Garganacl\n|-damage|p1a: Garganacl|82\/100\n|-damage|p1a: Garganacl|70\/100\n|-damage|p1a: Garganacl|58\/100\n|-damage|p1a: Garganacl|45\/100\n|-damage|p1a: Garganacl|33\/100\n|-hitcount|p1a: Garganacl|5\n|move|p1a: Garganacl|Salt Cure|p2a: Cloyster\n|-damage|p2a: Cloyster|52\/100\n|\n|-heal|p1a: Garganacl|39\/100|[from] item: Leftovers\n|-damage|p2a: Cloyster|27\/100|[from] Salt Cure\n|upkeep\n|turn|27\n|c|\u2606ttttttttttvvz|absolutely vile cvnt\n|c|\u2606ttttttttttvvz|kill all stallmons\n|inactive|Syph0n_78 has 120 seconds left.\n|inactive|ttttttttttvvz has 120 seconds left.\n|c|\u2606Syph0n_78|true\n|\n|t:|1700028028\n|move|p2a: Cloyster|Icicle Spear|p1a: Garganacl\n|-crit|p1a: Garganacl\n|-damage|p1a: Garganacl|21\/100\n|-damage|p1a: Garganacl|10\/100\n|-damage|p1a: Garganacl|0 fnt\n|faint|p1a: Garganacl\n|-hitcount|p1: Garganacl|3\n|\n|-damage|p2a: Cloyster|3\/100|[from] Salt Cure\n|upkeep\n|c|\u2606ttttttttttvvz|gg\n|\n|t:|1700028041\n|switch|p1a: Golisopod|Golisopod, M|100\/100\n|-activate|p1a: Golisopod|move: Sticky Web\n|-unboost|p1a: Golisopod|spe|1\n|turn|28\n|c|\u2606Syph0n_78|gg\n|inactive|ttttttttttvvz has 120 seconds left.\n|inactive|ttttttttttvvz has 90 seconds left.\n|n|!Syph0n_78|syph0n78\n|inactive|ttttttttttvvz has 60 seconds left.\n|inactive|ttttttttttvvz has 30 seconds left.\n|inactive|ttttttttttvvz has 20 seconds left.\n|inactive|ttttttttttvvz has 15 seconds left.\n|inactive|ttttttttttvvz has 10 seconds left.\n|inactive|ttttttttttvvz has 5 seconds left.\n|-message|ttttttttttvvz lost due to inactivity.\n|\n|win|Syph0n_78\n|raw|Syph0n_78's rating: 1153 &rarr; <strong>1172<\/strong><br \/>(+19 for winning)\n|raw|ttttttttttvvz's rating: 1068 &rarr; <strong>1053<\/strong><br \/>(-15 for losing)\n","uploadtime":1700028099,"views":4,"p1id":"syph0n78","p2id":"ttttttttttvvz","formatid":"gen9nationaldex","rating":1053,"private":0,"password":""}