{"id":"gen9nationaldex-1995191315","p1":"thanoscrib23","p2":"aiyalexei","format":"[Gen 9] National Dex","log":"|html|<div class=\"broadcast-blue\"><strong>[Gen 9] National Dex is currently suspecting Sneasler! For information on how to participate check out the <a href=\"https:\/\/www.smogon.com\/forums\/threads\/sv-national-dex-suspect-8-just-dance.3731534\/\">suspect thread<\/a>.<\/strong><\/div>\n|j|\u2606thanoscrib23\n|j|\u2606aiyalexei\n|t:|1700532833\n|gametype|singles\n|player|p1|thanoscrib23|1|\n|player|p2|aiyalexei|carmine-festival|\n|teamsize|p1|6\n|teamsize|p2|6\n|gen|9\n|tier|[Gen 9] National Dex\n|rule|HP Percentage Mod: HP is shown in percentages\n|rule|Endless Battle Clause: Forcing endless battles is banned\n|rule|OHKO Clause: OHKO moves are banned\n|rule|Evasion Clause: Evasion abilities, items, and moves are banned\n|rule|Evasion Abilities Clause: Evasion abilities are banned\n|rule|Evasion Items Clause: Evasion items are banned\n|rule|Evasion Moves Clause: Evasion moves are banned\n|rule|Species Clause: Limit one of each Pok\u00e9mon\n|rule|Sleep Clause Mod: Limit one foe put to sleep\n|clearpoke\n|poke|p1|Snorlax, M|\n|poke|p1|Polteageist|\n|poke|p1|Alakazam, M|\n|poke|p1|Tatsugiri, M|\n|poke|p1|Crabominable, M|\n|poke|p1|Amoonguss, F|\n|poke|p2|Blissey, F|\n|poke|p2|Rotom-Heat|\n|poke|p2|Amoonguss, F|\n|poke|p2|Dondozo, M|\n|poke|p2|Garganacl, F|\n|poke|p2|Slowking-Galar, M|\n|teampreview\n|\n|t:|1700532865\n|start\n|switch|p1a: Polteageist|Polteageist|100\/100\n|switch|p2a: Garganacl|Garganacl, F|100\/100\n|turn|1\n|\n|t:|1700532887\n|move|p1a: Polteageist|Shell Smash|p1a: Polteageist\n|-unboost|p1a: Polteageist|def|1\n|-unboost|p1a: Polteageist|spd|1\n|-boost|p1a: Polteageist|atk|2\n|-boost|p1a: Polteageist|spa|2\n|-boost|p1a: Polteageist|spe|2\n|move|p2a: Garganacl|Salt Cure|p1a: Polteageist\n|-damage|p1a: Polteageist|61\/100\n|-start|p1a: Polteageist|Salt Cure\n|-ability|p1a: Polteageist|Weak Armor|boost\n|-unboost|p1a: Polteageist|def|1\n|-boost|p1a: Polteageist|spe|2\n|\n|-damage|p1a: Polteageist|49\/100|[from] Salt Cure\n|upkeep\n|turn|2\n|\n|t:|1700532907\n|move|p2a: Garganacl|Protect|p2a: Garganacl\n|-singleturn|p2a: Garganacl|Protect\n|move|p1a: Polteageist|Stored Power|p2a: Garganacl\n|-activate|p2a: Garganacl|move: Protect\n|\n|-damage|p1a: Polteageist|37\/100|[from] Salt Cure\n|upkeep\n|turn|3\n|\n|t:|1700532915\n|switch|p2a: Blissey|Blissey, F|100\/100\n|move|p1a: Polteageist|Stored Power|p2a: Blissey\n|-damage|p2a: Blissey|48\/100\n|\n|-damage|p1a: Polteageist|24\/100|[from] Salt Cure\n|upkeep\n|turn|4\n|\n|t:|1700532929\n|move|p2a: Blissey|Protect|p2a: Blissey\n|-singleturn|p2a: Blissey|Protect\n|move|p1a: Polteageist|Stored Power|p2a: Blissey\n|-activate|p2a: Blissey|move: Protect\n|\n|-damage|p1a: Polteageist|12\/100|[from] Salt Cure\n|upkeep\n|turn|5\n|\n|t:|1700532938\n|move|p1a: Polteageist|Stored Power|p2a: Blissey\n|-damage|p2a: Blissey|0 fnt\n|faint|p2a: Blissey\n|\n|-damage|p1a: Polteageist|0 fnt|[from] Salt Cure\n|faint|p1a: Polteageist\n|upkeep\n|\n|t:|1700532978\n|switch|p1a: Crabominable|Crabominable, M|100\/100\n|switch|p2a: Garganacl|Garganacl, F|100\/100\n|turn|6\n|\n|t:|1700533009\n|-terastallize|p2a: Garganacl|Ghost\n|move|p1a: Crabominable|Ice Hammer|p2a: Garganacl\n|-damage|p2a: Garganacl|47\/100\n|-unboost|p1a: Crabominable|spe|1\n|move|p2a: Garganacl|Salt Cure|p1a: Crabominable\n|-damage|p1a: Crabominable|85\/100\n|-start|p1a: Crabominable|Salt Cure\n|\n|-heal|p2a: Garganacl|53\/100|[from] item: Leftovers\n|-damage|p1a: Crabominable|73\/100|[from] Salt Cure\n|upkeep\n|turn|7\n|\n|t:|1700533034\n|switch|p2a: Dondozo|Dondozo, M|100\/100\n|switch|p1a: Tatsugiri|Tatsugiri, M|100\/100\n|\n|upkeep\n|turn|8\n|\n|t:|1700533086\n|switch|p2a: Slowking|Slowking-Galar, M|100\/100\n|move|p1a: Tatsugiri|Draco Meteor|p2a: Slowking\n|-damage|p2a: Slowking|46\/100\n|-unboost|p1a: Tatsugiri|spa|2\n|\n|upkeep\n|turn|9\n|\n|t:|1700533129\n|move|p1a: Tatsugiri|Nasty Plot|p1a: Tatsugiri\n|-boost|p1a: Tatsugiri|spa|2\n|move|p2a: Slowking|Thunder Wave|p1a: Tatsugiri\n|-status|p1a: Tatsugiri|par\n|\n|upkeep\n|turn|10\n|\n|t:|1700533145\n|switch|p2a: Dondozo|Dondozo, M|100\/100\n|move|p1a: Tatsugiri|Draco Meteor|p2a: Dondozo\n|-damage|p2a: Dondozo|59\/100\n|-unboost|p1a: Tatsugiri|spa|2\n|\n|-heal|p2a: Dondozo|65\/100|[from] item: Leftovers\n|upkeep\n|turn|11\n|\n|t:|1700533164\n|switch|p2a: Slowking|Slowking-Galar, M|79\/100\n|cant|p1a: Tatsugiri|par\n|\n|upkeep\n|turn|12\n|\n|t:|1700533181\n|switch|p1a: Snorlax|Snorlax, M|100\/100\n|move|p2a: Slowking|Future Sight|p1a: Snorlax\n|-start|p2a: Slowking|move: Future Sight\n|\n|upkeep\n|turn|13\n|\n|t:|1700533229\n|move|p1a: Snorlax|Earthquake|p2a: Slowking\n|-supereffective|p2a: Slowking\n|-damage|p2a: Slowking|30\/100\n|move|p2a: Slowking|Thunder Wave|p1a: Snorlax\n|-status|p1a: Snorlax|par\n|\n|upkeep\n|turn|14\n|\n|t:|1700533247\n|switch|p2a: Amoonguss|Amoonguss, F|100\/100\n|cant|p1a: Snorlax|par\n|\n|-end|p1a: Snorlax|move: Future Sight\n|-damage|p1a: Snorlax|74\/100 par\n|upkeep\n|turn|15\n|\n|t:|1700533258\n|move|p2a: Amoonguss|Foul Play|p1a: Snorlax\n|-damage|p1a: Snorlax|45\/100 par\n|cant|p1a: Snorlax|par\n|\n|upkeep\n|turn|16\n|\n|t:|1700533277\n|move|p2a: Amoonguss|Foul Play|p1a: Snorlax\n|-damage|p1a: Snorlax|14\/100 par\n|move|p1a: Snorlax|Rest|p1a: Snorlax\n|-status|p1a: Snorlax|slp|[from] move: Rest\n|-heal|p1a: Snorlax|100\/100 slp|[silent]\n|-enditem|p1a: Snorlax|Chesto Berry|[eat]\n|-curestatus|p1a: Snorlax|slp|[msg]\n|\n|upkeep\n|turn|17\n|\n|t:|1700533289\n|move|p1a: Snorlax|Curse|p1a: Snorlax\n|-unboost|p1a: Snorlax|spe|1\n|-boost|p1a: Snorlax|atk|1\n|-boost|p1a: Snorlax|def|1\n|move|p2a: Amoonguss|Toxic|p1a: Snorlax\n|-status|p1a: Snorlax|tox\n|\n|-damage|p1a: Snorlax|94\/100 tox|[from] psn\n|upkeep\n|turn|18\n|\n|t:|1700533302\n|move|p2a: Amoonguss|Foul Play|p1a: Snorlax\n|-damage|p1a: Snorlax|63\/100 tox\n|move|p1a: Snorlax|Body Slam|p2a: Amoonguss\n|-damage|p2a: Amoonguss|55\/100\n|-status|p2a: Amoonguss|par\n|-damage|p1a: Snorlax|46\/100 tox|[from] item: Rocky Helmet|[of] p2a: Amoonguss\n|\n|-damage|p1a: Snorlax|34\/100 tox|[from] psn\n|upkeep\n|turn|19\n|\n|t:|1700533312\n|move|p1a: Snorlax|Rest|p1a: Snorlax\n|-status|p1a: Snorlax|slp|[from] move: Rest\n|-heal|p1a: Snorlax|100\/100 slp|[silent]\n|move|p2a: Amoonguss|Foul Play|p1a: Snorlax\n|-damage|p1a: Snorlax|69\/100 slp\n|\n|upkeep\n|turn|20\n|\n|t:|1700533322\n|switch|p2a: Garganacl|Garganacl, F, tera:Ghost|53\/100\n|cant|p1a: Snorlax|slp\n|\n|-heal|p2a: Garganacl|59\/100|[from] item: Leftovers\n|upkeep\n|turn|21\n|\n|t:|1700533330\n|move|p2a: Garganacl|Salt Cure|p1a: Snorlax\n|-damage|p1a: Snorlax|61\/100 slp\n|-start|p1a: Snorlax|Salt Cure\n|cant|p1a: Snorlax|slp\n|\n|-heal|p2a: Garganacl|66\/100|[from] item: Leftovers\n|-damage|p1a: Snorlax|48\/100 slp|[from] Salt Cure\n|upkeep\n|turn|22\n|\n|t:|1700533350\n|move|p2a: Garganacl|Stealth Rock|p1a: Snorlax\n|-sidestart|p1: thanoscrib23|move: Stealth Rock\n|-curestatus|p1a: Snorlax|slp|[msg]\n|move|p1a: Snorlax|Earthquake|p2a: Garganacl\n|-damage|p2a: Garganacl|41\/100\n|\n|-heal|p2a: Garganacl|47\/100|[from] item: Leftovers\n|-damage|p1a: Snorlax|36\/100|[from] Salt Cure\n|upkeep\n|turn|23\n|\n|t:|1700533365\n|move|p2a: Garganacl|Recover|p2a: Garganacl\n|-heal|p2a: Garganacl|97\/100\n|move|p1a: Snorlax|Curse|p1a: Snorlax\n|-unboost|p1a: Snorlax|spe|1\n|-boost|p1a: Snorlax|atk|1\n|-boost|p1a: Snorlax|def|1\n|\n|-heal|p2a: Garganacl|100\/100|[from] item: Leftovers\n|-damage|p1a: Snorlax|23\/100|[from] Salt Cure\n|upkeep\n|turn|24\n|\n|t:|1700533391\n|switch|p2a: Dondozo|Dondozo, M|65\/100\n|move|p1a: Snorlax|Rest|p1a: Snorlax\n|-status|p1a: Snorlax|slp|[from] move: Rest\n|-heal|p1a: Snorlax|100\/100 slp|[silent]\n|\n|-heal|p2a: Dondozo|71\/100|[from] item: Leftovers\n|-damage|p1a: Snorlax|88\/100 slp|[from] Salt Cure\n|upkeep\n|turn|25\n|\n|t:|1700533417\n|move|p2a: Dondozo|Curse|p2a: Dondozo\n|-unboost|p2a: Dondozo|spe|1\n|-boost|p2a: Dondozo|atk|1\n|-boost|p2a: Dondozo|def|1\n|cant|p1a: Snorlax|slp\n|\n|-heal|p2a: Dondozo|77\/100|[from] item: Leftovers\n|-damage|p1a: Snorlax|76\/100 slp|[from] Salt Cure\n|upkeep\n|turn|26\n|\n|t:|1700533431\n|switch|p1a: Tatsugiri|Tatsugiri, M|100\/100 par\n|move|p2a: Dondozo|Curse|p2a: Dondozo\n|-unboost|p2a: Dondozo|spe|1\n|-boost|p2a: Dondozo|atk|1\n|-boost|p2a: Dondozo|def|1\n|\n|-heal|p2a: Dondozo|83\/100|[from] item: Leftovers\n|upkeep\n|turn|27\n|\n|t:|1700533443\n|move|p1a: Tatsugiri|Draco Meteor|p2a: Dondozo\n|-damage|p2a: Dondozo|43\/100\n|-unboost|p1a: Tatsugiri|spa|2\n|move|p2a: Dondozo|Curse|p2a: Dondozo\n|-unboost|p2a: Dondozo|spe|1\n|-boost|p2a: Dondozo|atk|1\n|-boost|p2a: Dondozo|def|1\n|\n|-heal|p2a: Dondozo|49\/100|[from] item: Leftovers\n|upkeep\n|turn|28\n|\n|t:|1700533523\n|-terastallize|p1a: Tatsugiri|Dragon\n|cant|p1a: Tatsugiri|par\n|move|p2a: Dondozo|Rest|p2a: Dondozo\n|-status|p2a: Dondozo|slp|[from] move: Rest\n|-heal|p2a: Dondozo|100\/100 slp|[silent]\n|\n|upkeep\n|turn|29\n|\n|t:|1700533557\n|cant|p1a: Tatsugiri|par\n|cant|p2a: Dondozo|slp\n|move|p2a: Dondozo|Sleep Talk|p2a: Dondozo\n|move|p2a: Dondozo|Rest||[from]move: Sleep Talk|[still]\n|-fail|p2a: Dondozo\n|\n|upkeep\n|turn|30\n|\n|t:|1700533568\n|move|p1a: Tatsugiri|Draco Meteor|p2a: Dondozo\n|-damage|p2a: Dondozo|50\/100 slp\n|-unboost|p1a: Tatsugiri|spa|2\n|cant|p2a: Dondozo|slp\n|move|p2a: Dondozo|Sleep Talk|p2a: Dondozo\n|move|p2a: Dondozo|Curse|p2a: Dondozo|[from]move: Sleep Talk\n|-unboost|p2a: Dondozo|spe|1\n|-boost|p2a: Dondozo|atk|1\n|-boost|p2a: Dondozo|def|1\n|\n|-heal|p2a: Dondozo|57\/100 slp|[from] item: Leftovers\n|upkeep\n|turn|31\n|\n|t:|1700533582\n|switch|p2a: Slowking|Slowking-Galar, M|63\/100\n|move|p1a: Tatsugiri|Draco Meteor|p2a: Slowking\n|-damage|p2a: Slowking|38\/100\n|-unboost|p1a: Tatsugiri|spa|2\n|\n|upkeep\n|turn|32\n|\n|t:|1700533596\n|switch|p1a: Crabominable|Crabominable, M|73\/100\n|-damage|p1a: Crabominable|61\/100|[from] Stealth Rock\n|move|p2a: Slowking|Future Sight|p1a: Crabominable\n|-start|p2a: Slowking|move: Future Sight\n|\n|upkeep\n|turn|33\n|\n|t:|1700533613\n|switch|p2a: Dondozo|Dondozo, M|57\/100 slp\n|move|p1a: Crabominable|Knock Off|p2a: Dondozo\n|-damage|p2a: Dondozo|24\/100 slp\n|-enditem|p2a: Dondozo|Leftovers|[from] move: Knock Off|[of] p1a: Crabominable\n|\n|upkeep\n|turn|34\n|\n|t:|1700533625\n|move|p1a: Crabominable|Knock Off|p2a: Dondozo\n|-damage|p2a: Dondozo|1\/100 slp\n|-curestatus|p2a: Dondozo|slp|[msg]\n|move|p2a: Dondozo|Rest|p2a: Dondozo\n|-status|p2a: Dondozo|slp|[from] move: Rest\n|-heal|p2a: Dondozo|100\/100 slp|[silent]\n|\n|-end|p1a: Crabominable|move: Future Sight\n|-supereffective|p1a: Crabominable\n|-damage|p1a: Crabominable|0 fnt\n|faint|p1a: Crabominable\n|upkeep\n|\n|t:|1700533660\n|switch|p1a: Amoonguss|Amoonguss, F|100\/100\n|-damage|p1a: Amoonguss|88\/100|[from] Stealth Rock\n|turn|35\n|\n|t:|1700533679\n|switch|p2a: Rotom|Rotom-Heat|100\/100\n|move|p1a: Amoonguss|Leaf Storm|p2a: Rotom\n|-resisted|p2a: Rotom\n|-damage|p2a: Rotom|62\/100\n|-unboost|p1a: Amoonguss|spa|2\n|-damage|p1a: Amoonguss|78\/100|[from] item: Life Orb\n|\n|upkeep\n|turn|36\n|\n|t:|1700533700\n|switch|p1a: Tatsugiri|Tatsugiri, M, tera:Dragon|100\/100 par\n|move|p2a: Rotom|Volt Switch|p1a: Tatsugiri\n|-resisted|p1a: Tatsugiri\n|-damage|p1a: Tatsugiri|84\/100 par\n|\n|t:|1700533715\n|switch|p2a: Garganacl|Garganacl, F, tera:Ghost|100\/100|[from] Volt Switch\n|\n|upkeep\n|turn|37\n|\n|t:|1700533730\n|move|p1a: Tatsugiri|Hydro Pump|p2a: Garganacl\n|-damage|p2a: Garganacl|54\/100\n|move|p2a: Garganacl|Salt Cure|p1a: Tatsugiri\n|-damage|p1a: Tatsugiri|57\/100 par\n|-start|p1a: Tatsugiri|Salt Cure\n|\n|-heal|p2a: Garganacl|61\/100|[from] item: Leftovers\n|-damage|p1a: Tatsugiri|45\/100 par|[from] Salt Cure\n|upkeep\n|turn|38\n|\n|t:|1700533745\n|move|p2a: Garganacl|Protect|p2a: Garganacl\n|-singleturn|p2a: Garganacl|Protect\n|move|p1a: Tatsugiri|Draco Meteor|p2a: Garganacl\n|-activate|p2a: Garganacl|move: Protect\n|\n|-heal|p2a: Garganacl|67\/100|[from] item: Leftovers\n|-damage|p1a: Tatsugiri|33\/100 par|[from] Salt Cure\n|upkeep\n|turn|39\n|\n|t:|1700533755\n|switch|p2a: Dondozo|Dondozo, M|100\/100 slp\n|move|p1a: Tatsugiri|Hydro Pump|p2a: Dondozo\n|-resisted|p2a: Dondozo\n|-damage|p2a: Dondozo|82\/100 slp\n|\n|-damage|p1a: Tatsugiri|20\/100 par|[from] Salt Cure\n|upkeep\n|turn|40\n|\n|t:|1700533768\n|cant|p1a: Tatsugiri|par\n|cant|p2a: Dondozo|slp\n|move|p2a: Dondozo|Sleep Talk|p2a: Dondozo\n|move|p2a: Dondozo|Rest||[from]move: Sleep Talk|[still]\n|-fail|p2a: Dondozo\n|\n|-damage|p1a: Tatsugiri|8\/100 par|[from] Salt Cure\n|upkeep\n|turn|41\n|\n|t:|1700533794\n|move|p1a: Tatsugiri|Draco Meteor|p2a: Dondozo\n|-damage|p2a: Dondozo|25\/100 slp\n|-unboost|p1a: Tatsugiri|spa|2\n|cant|p2a: Dondozo|slp\n|move|p2a: Dondozo|Sleep Talk|p2a: Dondozo\n|move|p2a: Dondozo|Rest||[from]move: Sleep Talk|[still]\n|-fail|p2a: Dondozo\n|\n|-damage|p1a: Tatsugiri|0 fnt|[from] Salt Cure\n|faint|p1a: Tatsugiri\n|upkeep\n|\n|t:|1700533806\n|switch|p1a: Alakazam|Alakazam, M|100\/100\n|turn|42\n|\n|t:|1700533819\n|move|p1a: Alakazam|Psychic|p2a: Dondozo\n|-damage|p2a: Dondozo|0 fnt\n|faint|p2a: Dondozo\n|\n|upkeep\n|\n|t:|1700533823\n|switch|p2a: Slowking|Slowking-Galar, M|71\/100\n|turn|43\n|\n|t:|1700533843\n|switch|p1a: Snorlax|Snorlax, M|76\/100 slp\n|-damage|p1a: Snorlax|63\/100 slp|[from] Stealth Rock\n|move|p2a: Slowking|Thunder Wave||[still]\n|-fail|p2a: Slowking\n|\n|upkeep\n|turn|44\n|\n|t:|1700533856\n|cant|p1a: Snorlax|slp\n|move|p2a: Slowking|Future Sight|p1a: Snorlax\n|-start|p2a: Slowking|move: Future Sight\n|\n|upkeep\n|turn|45\n|\n|t:|1700533861\n|-curestatus|p1a: Snorlax|slp|[msg]\n|move|p1a: Snorlax|Earthquake|p2a: Slowking\n|-supereffective|p2a: Slowking\n|-damage|p2a: Slowking|20\/100\n|move|p2a: Slowking|Chilly Reception|p2a: Slowking\n|-weather|Snow\n|\n|t:|1700533871\n|switch|p2a: Garganacl|Garganacl, F, tera:Ghost|67\/100|[from] Chilly Reception\n|\n|-weather|Snow|[upkeep]\n|-heal|p2a: Garganacl|73\/100|[from] item: Leftovers\n|upkeep\n|turn|46\n|\n|t:|1700533909\n|move|p2a: Garganacl|Salt Cure|p1a: Snorlax\n|-damage|p1a: Snorlax|50\/100\n|-start|p1a: Snorlax|Salt Cure\n|move|p1a: Snorlax|Earthquake|p2a: Garganacl\n|-crit|p2a: Garganacl\n|-damage|p2a: Garganacl|49\/100\n|\n|-weather|Snow|[upkeep]\n|-end|p1a: Snorlax|move: Future Sight\n|-damage|p1a: Snorlax|22\/100\n|-heal|p2a: Garganacl|55\/100|[from] item: Leftovers\n|-damage|p1a: Snorlax|10\/100|[from] Salt Cure\n|upkeep\n|turn|47\n|\n|t:|1700533939\n|switch|p2a: Slowking|Slowking-Galar, M|53\/100\n|move|p1a: Snorlax|Rest|p1a: Snorlax\n|-status|p1a: Snorlax|slp|[from] move: Rest\n|-heal|p1a: Snorlax|100\/100 slp|[silent]\n|\n|-weather|Snow|[upkeep]\n|-damage|p1a: Snorlax|88\/100 slp|[from] Salt Cure\n|upkeep\n|turn|48\n|\n|t:|1700533952\n|switch|p2a: Amoonguss|Amoonguss, F|88\/100 par\n|cant|p1a: Snorlax|slp\n|\n|-weather|Snow|[upkeep]\n|-damage|p1a: Snorlax|76\/100 slp|[from] Salt Cure\n|upkeep\n|turn|49\n|\n|t:|1700533965\n|switch|p2a: Slowking|Slowking-Galar, M|87\/100\n|cant|p1a: Snorlax|slp\n|\n|-weather|none\n|-damage|p1a: Snorlax|63\/100 slp|[from] Salt Cure\n|upkeep\n|turn|50\n|\n|t:|1700533973\n|-curestatus|p1a: Snorlax|slp|[msg]\n|move|p1a: Snorlax|Body Slam|p2a: Slowking\n|-damage|p2a: Slowking|56\/100\n|move|p2a: Slowking|Future Sight|p1a: Snorlax\n|-start|p2a: Slowking|move: Future Sight\n|\n|-damage|p1a: Snorlax|51\/100|[from] Salt Cure\n|upkeep\n|turn|51\n|\n|t:|1700533989\n|switch|p2a: Garganacl|Garganacl, F, tera:Ghost|55\/100\n|move|p1a: Snorlax|Earthquake|p2a: Garganacl\n|-damage|p2a: Garganacl|37\/100\n|\n|-heal|p2a: Garganacl|43\/100|[from] item: Leftovers\n|-damage|p1a: Snorlax|38\/100|[from] Salt Cure\n|upkeep\n|turn|52\n|\n|t:|1700534005\n|move|p2a: Garganacl|Recover|p2a: Garganacl\n|-heal|p2a: Garganacl|93\/100\n|move|p1a: Snorlax|Body Slam|p2a: Garganacl\n|-immune|p2a: Garganacl\n|\n|-end|p1a: Snorlax|move: Future Sight\n|-damage|p1a: Snorlax|9\/100\n|-heal|p2a: Garganacl|99\/100|[from] item: Leftovers\n|-damage|p1a: Snorlax|0 fnt|[from] Salt Cure\n|faint|p1a: Snorlax\n|upkeep\n|\n|t:|1700534016\n|switch|p1a: Alakazam|Alakazam, M|100\/100\n|turn|53\n|\n|t:|1700534037\n|switch|p2a: Slowking|Slowking-Galar, M|89\/100\n|move|p1a: Alakazam|Psychic|p2a: Slowking\n|-damage|p2a: Slowking|43\/100\n|\n|upkeep\n|turn|54\n|\n|t:|1700534050\n|switch|p2a: Garganacl|Garganacl, F, tera:Ghost|99\/100\n|move|p1a: Alakazam|Psychic|p2a: Garganacl\n|-damage|p2a: Garganacl|38\/100\n|\n|-heal|p2a: Garganacl|44\/100|[from] item: Leftovers\n|upkeep\n|turn|55\n|\n|t:|1700534060\n|switch|p2a: Rotom|Rotom-Heat|62\/100\n|move|p1a: Alakazam|Psychic|p2a: Rotom\n|-damage|p2a: Rotom|0 fnt\n|faint|p2a: Rotom\n|\n|upkeep\n|\n|t:|1700534063\n|switch|p2a: Slowking|Slowking-Galar, M|77\/100\n|turn|56\n|\n|t:|1700534076\n|switch|p1a: Amoonguss|Amoonguss, F|100\/100\n|-damage|p1a: Amoonguss|88\/100|[from] Stealth Rock\n|move|p2a: Slowking|Thunder Wave|p1a: Amoonguss\n|-status|p1a: Amoonguss|par\n|\n|upkeep\n|turn|57\n|j| cuttlepoke\n|\n|t:|1700534091\n|switch|p2a: Garganacl|Garganacl, F, tera:Ghost|44\/100\n|move|p1a: Amoonguss|Spore|p2a: Garganacl\n|-immune|p2a: Garganacl|[from] ability: Purifying Salt\n|\n|-heal|p2a: Garganacl|50\/100|[from] item: Leftovers\n|upkeep\n|turn|58\n|\n|t:|1700534103\n|move|p2a: Garganacl|Protect|p2a: Garganacl\n|-singleturn|p2a: Garganacl|Protect\n|move|p1a: Amoonguss|Leaf Storm|p2a: Garganacl\n|-activate|p2a: Garganacl|move: Protect\n|\n|-heal|p2a: Garganacl|56\/100|[from] item: Leftovers\n|upkeep\n|turn|59\n|\n|t:|1700534113\n|move|p2a: Garganacl|Recover|p2a: Garganacl\n|-heal|p2a: Garganacl|100\/100\n|cant|p1a: Amoonguss|par\n|\n|upkeep\n|turn|60\n|\n|t:|1700534132\n|switch|p2a: Slowking|Slowking-Galar, M|100\/100\n|cant|p1a: Amoonguss|par\n|\n|upkeep\n|turn|61\n|\n|t:|1700534171\n|move|p2a: Slowking|Future Sight|p1a: Amoonguss\n|-start|p2a: Slowking|move: Future Sight\n|cant|p1a: Amoonguss|par\n|\n|upkeep\n|turn|62\n|\n|t:|1700534189\n|move|p2a: Slowking|Sludge Bomb|p1a: Amoonguss\n|-damage|p1a: Amoonguss|57\/100 par\n|move|p1a: Amoonguss|Leaf Storm|p2a: Slowking\n|-resisted|p2a: Slowking\n|-damage|p2a: Slowking|71\/100\n|-unboost|p1a: Amoonguss|spa|2\n|-damage|p1a: Amoonguss|47\/100 par|[from] item: Life Orb\n|\n|upkeep\n|turn|63\n|\n|t:|1700534213\n|switch|p2a: Amoonguss|Amoonguss, F|100\/100 par\n|move|p1a: Amoonguss|Spore|p2a: Amoonguss\n|-immune|p2a: Amoonguss\n|\n|-end|p1a: Amoonguss|move: Future Sight\n|-supereffective|p1a: Amoonguss\n|-damage|p1a: Amoonguss|0 fnt\n|faint|p1a: Amoonguss\n|upkeep\n|\n|t:|1700534223\n|switch|p1a: Alakazam|Alakazam, M|100\/100\n|turn|64\n|\n|t:|1700534234\n|move|p1a: Alakazam|Psychic|p2a: Amoonguss\n|-supereffective|p2a: Amoonguss\n|-damage|p2a: Amoonguss|0 fnt\n|faint|p2a: Amoonguss\n|\n|upkeep\n|\n|t:|1700534246\n|switch|p2a: Slowking|Slowking-Galar, M|100\/100\n|turn|65\n|\n|t:|1700534257\n|move|p1a: Alakazam|Psychic|p2a: Slowking\n|-damage|p2a: Slowking|49\/100\n|move|p2a: Slowking|Thunder Wave|p1a: Alakazam\n|-status|p1a: Alakazam|par\n|\n|upkeep\n|turn|66\n|\n|t:|1700534275\n|switch|p2a: Garganacl|Garganacl, F, tera:Ghost|100\/100\n|move|p1a: Alakazam|Psychic|p2a: Garganacl\n|-damage|p2a: Garganacl|38\/100\n|\n|-heal|p2a: Garganacl|45\/100|[from] item: Leftovers\n|upkeep\n|turn|67\n|\n|t:|1700534291\n|move|p2a: Garganacl|Protect|p2a: Garganacl\n|-singleturn|p2a: Garganacl|Protect\n|move|p1a: Alakazam|Psychic|p2a: Garganacl\n|-activate|p2a: Garganacl|move: Protect\n|\n|-heal|p2a: Garganacl|51\/100|[from] item: Leftovers\n|upkeep\n|turn|68\n|\n|t:|1700534311\n|switch|p2a: Slowking|Slowking-Galar, M|82\/100\n|move|p1a: Alakazam|Psychic|p2a: Slowking\n|-damage|p2a: Slowking|29\/100\n|\n|upkeep\n|turn|69\n|\n|t:|1700534320\n|switch|p2a: Garganacl|Garganacl, F, tera:Ghost|51\/100\n|move|p1a: Alakazam|Psychic|p2a: Garganacl\n|-damage|p2a: Garganacl|0 fnt\n|faint|p2a: Garganacl\n|\n|upkeep\n|\n|t:|1700534324\n|switch|p2a: Slowking|Slowking-Galar, M|63\/100\n|turn|70\n|\n|t:|1700534332\n|move|p1a: Alakazam|Psychic|p2a: Slowking\n|-damage|p2a: Slowking|11\/100\n|move|p2a: Slowking|Sludge Bomb|p1a: Alakazam\n|-damage|p1a: Alakazam|53\/100 par\n|\n|upkeep\n|turn|71\n|\n|t:|1700534341\n|move|p1a: Alakazam|Psychic|p2a: Slowking\n|-damage|p2a: Slowking|0 fnt\n|faint|p2a: Slowking\n|\n|win|thanoscrib23\n|l|\u2606aiyalexei\n","uploadtime":1700534361,"views":6,"p1id":"thanoscrib23","p2id":"aiyalexei","formatid":"gen9nationaldex","rating":0,"private":0,"password":""}