{"id":"gen9nationaldex-1990223803","p1":"IceBerryCoffee","p2":"mtyqjltz5","format":"[Gen 9] National Dex","log":"|j|\u2606IceBerryCoffee\n|j|\u2606mtyqjltz5\n|t:|1699939975\n|gametype|singles\n|player|p1|IceBerryCoffee|266|1233\n|player|p2|mtyqjltz5|elesa|1225\n|teamsize|p1|6\n|teamsize|p2|6\n|gen|9\n|tier|[Gen 9] National Dex\n|rated|\n|rule|HP Percentage Mod: HP is shown in percentages\n|rule|Endless Battle Clause: Forcing endless battles is banned\n|rule|OHKO Clause: OHKO moves are banned\n|rule|Evasion Clause: Evasion abilities, items, and moves are banned\n|rule|Evasion Abilities Clause: Evasion abilities are banned\n|rule|Evasion Items Clause: Evasion items are banned\n|rule|Evasion Moves Clause: Evasion moves are banned\n|rule|Species Clause: Limit one of each Pok\u00e9mon\n|rule|Sleep Clause Mod: Limit one foe put to sleep\n|clearpoke\n|poke|p1|Scizor, M|\n|poke|p1|Great Tusk|\n|poke|p1|Volcarona, F|\n|poke|p1|Landorus-Therian, M|\n|poke|p1|Munkidori, M|\n|poke|p1|Rotom-Wash|\n|poke|p2|Beedrill, M|\n|poke|p2|Chansey, F|\n|poke|p2|Garchomp, M|\n|poke|p2|Urshifu-*, M|\n|poke|p2|Zapdos|\n|poke|p2|Tapu Lele|\n|teampreview\n|inactive|Battle timer is ON: inactive players will automatically lose when time's up. (requested by IceBerryCoffee)\n|\n|t:|1699940004\n|start\n|switch|p1a: Rotom|Rotom-Wash|100\/100\n|switch|p2a: Beedrill|Beedrill, M|100\/100\n|turn|1\n|\n|t:|1699940026\n|detailschange|p2a: Beedrill|Beedrill-Mega, M\n|-mega|p2a: Beedrill|Beedrill|Beedrillite\n|move|p1a: Rotom|Thunder Wave|p2a: Beedrill\n|-status|p2a: Beedrill|par\n|cant|p2a: Beedrill|par\n|\n|upkeep\n|turn|2\n|\n|t:|1699940048\n|switch|p1a: Landorus|Landorus-Therian, M|100\/100\n|-ability|p1a: Landorus|Intimidate|boost\n|-unboost|p2a: Beedrill|atk|1\n|move|p2a: Beedrill|Knock Off|p1a: Landorus\n|-damage|p1a: Landorus|84\/100\n|-damage|p2a: Beedrill|84\/100 par|[from] item: Rocky Helmet|[of] p1a: Landorus\n|-enditem|p1a: Landorus|Rocky Helmet|[from] move: Knock Off|[of] p2a: Beedrill\n|\n|upkeep\n|turn|3\n|\n|t:|1699940061\n|switch|p2a: Garchomp|Garchomp, M, shiny|100\/100\n|move|p1a: Landorus|Stealth Rock|p2a: Garchomp\n|-sidestart|p2: mtyqjltz5|move: Stealth Rock\n|\n|upkeep\n|turn|4\n|\n|t:|1699940070\n|move|p2a: Garchomp|Swords Dance|p2a: Garchomp\n|-boost|p2a: Garchomp|atk|2\n|move|p1a: Landorus|Toxic|p2a: Garchomp\n|-status|p2a: Garchomp|tox\n|\n|-damage|p2a: Garchomp|94\/100 tox|[from] psn\n|upkeep\n|turn|5\n|\n|t:|1699940079\n|switch|p1a: Rotom|Rotom-Wash|100\/100\n|-zpower|p2a: Garchomp\n|move|p2a: Garchomp|Devastating Drake|p1a: Rotom|[zeffect]\n|-damage|p1a: Rotom|0 fnt\n|faint|p1a: Rotom\n|\n|-damage|p2a: Garchomp|82\/100 tox|[from] psn\n|upkeep\n|\n|t:|1699940090\n|switch|p1a: Landorus|Landorus-Therian, M|84\/100\n|-ability|p1a: Landorus|Intimidate|boost\n|-unboost|p2a: Garchomp|atk|1\n|turn|6\n|\n|t:|1699940105\n|move|p2a: Garchomp|Swords Dance|p2a: Garchomp\n|-boost|p2a: Garchomp|atk|2\n|move|p1a: Landorus|U-turn|p2a: Garchomp\n|-damage|p2a: Garchomp|61\/100 tox\n|-damage|p1a: Landorus|71\/100|[from] ability: Rough Skin|[of] p2a: Garchomp\n|\n|t:|1699940116\n|switch|p1a: Great Tusk|Great Tusk|100\/100|[from] U-turn\n|\n|-damage|p2a: Garchomp|42\/100 tox|[from] psn\n|upkeep\n|turn|7\n|\n|t:|1699940121\n|-end|p1a: Great Tusk|Protosynthesis|[silent]\n|switch|p1a: Landorus|Landorus-Therian, M|71\/100\n|-ability|p1a: Landorus|Intimidate|boost\n|-unboost|p2a: Garchomp|atk|1\n|move|p2a: Garchomp|Outrage|p1a: Landorus\n|-damage|p1a: Landorus|0 fnt\n|faint|p1a: Landorus\n|\n|-damage|p2a: Garchomp|18\/100 tox|[from] psn\n|upkeep\n|\n|t:|1699940136\n|switch|p1a: Munkidori|Munkidori, M|100\/100\n|turn|8\n|\n|t:|1699940143\n|move|p1a: Munkidori|Psychic|p2a: Garchomp\n|-damage|p2a: Garchomp|0 fnt\n|faint|p2a: Garchomp\n|\n|upkeep\n|\n|t:|1699940160\n|switch|p2a: Chansey|Chansey, F|100\/100\n|-damage|p2a: Chansey|88\/100|[from] Stealth Rock\n|turn|9\n|\n|t:|1699940164\n|switch|p1a: Scizor|Scizor, M|100\/100\n|move|p2a: Chansey|Seismic Toss|p1a: Scizor\n|-damage|p1a: Scizor|71\/100\n|\n|upkeep\n|turn|10\n|\n|t:|1699940170\n|switch|p2a: Tapu Lele|Tapu Lele|100\/100\n|-damage|p2a: Tapu Lele|88\/100|[from] Stealth Rock\n|-fieldstart|move: Psychic Terrain|[from] ability: Psychic Surge|[of] p2a: Tapu Lele\n|detailschange|p1a: Scizor|Scizor-Mega, M\n|-mega|p1a: Scizor|Scizor|Scizorite\n|move|p1a: Scizor|Close Combat|p2a: Tapu Lele\n|-resisted|p2a: Tapu Lele\n|-damage|p2a: Tapu Lele|69\/100\n|-unboost|p1a: Scizor|def|1\n|-unboost|p1a: Scizor|spd|1\n|\n|upkeep\n|turn|11\n|\n|t:|1699940185\n|move|p2a: Tapu Lele|Hidden Power|p1a: Scizor\n|-supereffective|p1a: Scizor\n|-damage|p1a: Scizor|0 fnt\n|faint|p1a: Scizor\n|\n|upkeep\n|\n|t:|1699940189\n|switch|p1a: Munkidori|Munkidori, M|100\/100\n|turn|12\n|\n|t:|1699940193\n|switch|p2a: Chansey|Chansey, F|88\/100\n|-damage|p2a: Chansey|76\/100|[from] Stealth Rock\n|move|p1a: Munkidori|Sludge Bomb|p2a: Chansey\n|-damage|p2a: Chansey|61\/100\n|\n|upkeep\n|turn|13\n|\n|t:|1699940202\n|switch|p1a: Great Tusk|Great Tusk|100\/100\n|move|p2a: Chansey|Soft-Boiled|p2a: Chansey\n|-heal|p2a: Chansey|100\/100\n|\n|upkeep\n|turn|14\n|\n|t:|1699940208\n|switch|p2a: Zapdos|Zapdos|100\/100\n|move|p1a: Great Tusk|Rapid Spin|p2a: Zapdos\n|-damage|p2a: Zapdos|87\/100\n|-boost|p1a: Great Tusk|spe|1\n|\n|-fieldend|move: Psychic Terrain\n|upkeep\n|turn|15\n|\n|t:|1699940217\n|move|p1a: Great Tusk|Ice Spinner|p2a: Zapdos\n|-supereffective|p2a: Zapdos\n|-damage|p2a: Zapdos|50\/100\n|-status|p1a: Great Tusk|par|[from] ability: Static|[of] p2a: Zapdos\n|move|p2a: Zapdos|Hurricane|p1a: Great Tusk|[miss]\n|-miss|p2a: Zapdos|p1a: Great Tusk\n|\n|upkeep\n|turn|16\n|\n|t:|1699940225\n|move|p2a: Zapdos|Roost|p2a: Zapdos\n|-heal|p2a: Zapdos|99\/100\n|-singleturn|p2a: Zapdos|move: Roost\n|move|p1a: Great Tusk|Ice Spinner|p2a: Zapdos\n|-damage|p2a: Zapdos|80\/100\n|\n|upkeep\n|turn|17\n|-message|IceBerryCoffee forfeited.\n|\n|win|mtyqjltz5\n|raw|IceBerryCoffee's rating: 1233 &rarr; <strong>1207<\/strong><br \/>(-26 for losing)\n|raw|mtyqjltz5's rating: 1225 &rarr; <strong>1251<\/strong><br \/>(+26 for winning)\n|l|\u2606IceBerryCoffee\n","uploadtime":1699940239,"views":4,"p1id":"iceberrycoffee","p2id":"mtyqjltz5","formatid":"gen9nationaldex","rating":1207,"private":0,"password":""}