{"id":"gen9nationaldex-1991475136","p1":"salpicadura","p2":"JogadorCaro","format":"[Gen 9] National Dex","log":"|j|\u2606salpicadura\n|j|\u2606JogadorCaro\n|t:|1700080348\n|gametype|singles\n|player|p1|salpicadura|fisherman-gen4|1694\n|player|p2|JogadorCaro|tate|1736\n|teamsize|p1|6\n|teamsize|p2|6\n|gen|9\n|tier|[Gen 9] National Dex\n|rated|\n|rule|HP Percentage Mod: HP is shown in percentages\n|rule|Endless Battle Clause: Forcing endless battles is banned\n|rule|OHKO Clause: OHKO moves are banned\n|rule|Evasion Clause: Evasion abilities, items, and moves are banned\n|rule|Evasion Abilities Clause: Evasion abilities are banned\n|rule|Evasion Items Clause: Evasion items are banned\n|rule|Evasion Moves Clause: Evasion moves are banned\n|rule|Species Clause: Limit one of each Pok\u00e9mon\n|rule|Sleep Clause Mod: Limit one foe put to sleep\n|clearpoke\n|poke|p1|Corviknight, F|\n|poke|p1|Hoopa-Unbound|\n|poke|p1|Alomomola, M|\n|poke|p1|Rillaboom, F|\n|poke|p1|Heatran, F|\n|poke|p1|Tapu Koko|\n|poke|p2|Garganacl, M|\n|poke|p2|Zamazenta-*|\n|poke|p2|Volcarona, M|\n|poke|p2|Hoopa-Unbound|\n|poke|p2|Dondozo, F|\n|poke|p2|Rotom-Wash|\n|teampreview\n|c|\u2606JogadorCaro|Esse nick\n|c|\u2606JogadorCaro|me representa em 10 linguas diferentes\n|\n|t:|1700080365\n|start\n|switch|p1a: Heatran|Heatran, F|100\/100\n|switch|p2a: mulher|Rotom-Wash|100\/100\n|-item|p1a: Heatran|Air Balloon\n|turn|1\n|\n|t:|1700080367\n|move|p2a: mulher|Hydro Pump|p1a: Heatran\n|-supereffective|p1a: Heatran\n|-damage|p1a: Heatran|49\/100\n|-enditem|p1a: Heatran|Air Balloon\n|move|p1a: Heatran|Stealth Rock|p2a: mulher\n|-sidestart|p2: JogadorCaro|move: Stealth Rock\n|\n|upkeep\n|turn|2\n|\n|t:|1700080370\n|switch|p1a: Hoopa|Hoopa-Unbound|100\/100\n|move|p2a: mulher|Hydro Pump|p1a: Hoopa\n|-damage|p1a: Hoopa|65\/100\n|\n|upkeep\n|turn|3\n|\n|t:|1700080375\n|switch|p2a: Mahoraga|Garganacl, M|100\/100\n|-damage|p2a: Mahoraga|88\/100|[from] Stealth Rock\n|move|p1a: Hoopa|Hyperspace Fury|p2a: Mahoraga\n|-damage|p2a: Mahoraga|42\/100\n|-unboost|p1a: Hoopa|def|1\n|\n|-heal|p2a: Mahoraga|48\/100|[from] item: Leftovers\n|upkeep\n|turn|4\n|\n|t:|1700080403\n|-terastallize|p1a: Hoopa|Dark\n|move|p1a: Hoopa|Hyperspace Fury|p2a: Mahoraga\n|-damage|p2a: Mahoraga|0 fnt\n|-unboost|p1a: Hoopa|def|1\n|faint|p2a: Mahoraga\n|\n|upkeep\n|inactive|Battle timer is ON: inactive players will automatically lose when time's up. (requested by salpicadura)\n|\n|t:|1700080432\n|switch|p2a: Toji|Zamazenta|100\/100\n|-damage|p2a: Toji|94\/100|[from] Stealth Rock\n|-ability|p2a: Toji|Dauntless Shield|boost\n|-boost|p2a: Toji|def|1\n|turn|5\n|\n|t:|1700080441\n|switch|p1a: Corviknight|Corviknight, F|100\/100\n|-ability|p1a: Corviknight|Pressure\n|-terastallize|p2a: Toji|Fighting\n|move|p2a: Toji|Close Combat|p1a: Corviknight\n|-damage|p1a: Corviknight|27\/100\n|-unboost|p2a: Toji|def|1\n|-unboost|p2a: Toji|spd|1\n|-damage|p2a: Toji|78\/100|[from] item: Rocky Helmet|[of] p1a: Corviknight\n|\n|upkeep\n|turn|6\n|\n|t:|1700080444\n|move|p2a: Toji|Close Combat|p1a: Corviknight\n|-damage|p1a: Corviknight|0 fnt\n|-unboost|p2a: Toji|def|1\n|-unboost|p2a: Toji|spd|1\n|-damage|p2a: Toji|61\/100|[from] item: Rocky Helmet|[of] p1a: Corviknight\n|faint|p1a: Corviknight\n|\n|upkeep\n|\n|t:|1700080448\n|switch|p1a: Alomomola|Alomomola, M|100\/100\n|turn|7\n|\n|t:|1700080450\n|switch|p2a: Agito|Hoopa-Unbound|100\/100\n|-damage|p2a: Agito|88\/100|[from] Stealth Rock\n|move|p1a: Alomomola|Flip Turn|p2a: Agito\n|-damage|p2a: Agito|61\/100\n|\n|t:|1700080456\n|switch|p1a: Rillaboom|Rillaboom, F|100\/100|[from] Flip Turn\n|-fieldstart|move: Grassy Terrain|[from] ability: Grassy Surge|[of] p1a: Rillaboom\n|\n|-heal|p2a: Agito|67\/100|[from] Grassy Terrain\n|upkeep\n|turn|8\n|\n|t:|1700080458\n|switch|p2a: Endeavor|Volcarona, M|100\/100\n|move|p1a: Rillaboom|Grassy Glide|p2a: Endeavor\n|-resisted|p2a: Endeavor\n|-damage|p2a: Endeavor|78\/100\n|\n|-heal|p2a: Endeavor|84\/100|[from] Grassy Terrain\n|upkeep\n|turn|9\n|\n|t:|1700080467\n|switch|p2a: mulher|Rotom-Wash|100\/100\n|-damage|p2a: mulher|88\/100|[from] Stealth Rock\n|switch|p1a: Heatran|Heatran, F|49\/100\n|\n|-heal|p2a: mulher|94\/100|[from] item: Leftovers\n|-heal|p1a: Heatran|55\/100|[from] Grassy Terrain\n|upkeep\n|turn|10\n|\n|t:|1700080471\n|move|p2a: mulher|Hydro Pump|p1a: Heatran\n|-supereffective|p1a: Heatran\n|-damage|p1a: Heatran|10\/100\n|move|p1a: Heatran|Toxic|p2a: mulher\n|-status|p2a: mulher|tox\n|\n|-heal|p2a: mulher|100\/100 tox|[from] item: Leftovers\n|-heal|p1a: Heatran|16\/100|[from] Grassy Terrain\n|-damage|p2a: mulher|94\/100 tox|[from] psn\n|upkeep\n|turn|11\n|\n|t:|1700080475\n|switch|p1a: Alomomola|Alomomola, M|100\/100\n|move|p2a: mulher|Defog|p1a: Alomomola\n|-unboost|p1a: Alomomola|evasion|1\n|-sideend|p2: JogadorCaro|Stealth Rock|[from] move: Defog|[of] p2a: mulher\n|-fieldend|move: Grassy Terrain\n|\n|-heal|p2a: mulher|100\/100 tox|[from] item: Leftovers\n|-damage|p2a: mulher|88\/100 tox|[from] psn\n|upkeep\n|turn|12\n|\n|t:|1700080480\n|move|p1a: Alomomola|Protect|p1a: Alomomola\n|-singleturn|p1a: Alomomola|Protect\n|move|p2a: mulher|Volt Switch|p1a: Alomomola\n|-activate|p1a: Alomomola|move: Protect\n|\n|-heal|p2a: mulher|94\/100 tox|[from] item: Leftovers\n|-damage|p2a: mulher|75\/100 tox|[from] psn\n|upkeep\n|turn|13\n|\n|t:|1700080482\n|switch|p1a: Heatran|Heatran, F|16\/100\n|move|p2a: mulher|Volt Switch|p1a: Heatran\n|-damage|p1a: Heatran|0 fnt\n|faint|p1a: Heatran\n|\n|t:|1700080492\n|switch|p2a: Bale\u00e3o|Dondozo, F|100\/100|[from] Volt Switch\n|\n|upkeep\n|\n|t:|1700080497\n|switch|p1a: Tapu Koko|Tapu Koko|100\/100\n|-fieldstart|move: Electric Terrain|[from] ability: Electric Surge|[of] p1a: Tapu Koko\n|turn|14\n|inactive|JogadorCaro has 120 seconds left.\n|\n|t:|1700080532\n|move|p1a: Tapu Koko|Thunderbolt|p2a: Bale\u00e3o\n|-supereffective|p2a: Bale\u00e3o\n|-damage|p2a: Bale\u00e3o|42\/100\n|move|p2a: Bale\u00e3o|Wave Crash|p1a: Tapu Koko\n|-damage|p1a: Tapu Koko|45\/100\n|-damage|p2a: Bale\u00e3o|32\/100|[from] Recoil\n|\n|-heal|p2a: Bale\u00e3o|38\/100|[from] item: Leftovers\n|upkeep\n|turn|15\n|\n|t:|1700080538\n|move|p1a: Tapu Koko|Thunderbolt|p2a: Bale\u00e3o\n|-supereffective|p2a: Bale\u00e3o\n|-damage|p2a: Bale\u00e3o|0 fnt\n|faint|p2a: Bale\u00e3o\n|\n|upkeep\n|\n|t:|1700080541\n|switch|p2a: Toji|Zamazenta, tera:Fighting|61\/100\n|turn|16\n|\n|t:|1700080556\n|switch|p1a: Alomomola|Alomomola, M|100\/100\n|move|p2a: Toji|Close Combat|p1a: Alomomola\n|-damage|p1a: Alomomola|34\/100\n|-unboost|p2a: Toji|def|1\n|-unboost|p2a: Toji|spd|1\n|-damage|p2a: Toji|44\/100|[from] item: Rocky Helmet|[of] p1a: Alomomola\n|\n|upkeep\n|turn|17\n|\n|t:|1700080561\n|move|p1a: Alomomola|Protect|p1a: Alomomola\n|-singleturn|p1a: Alomomola|Protect\n|move|p2a: Toji|Close Combat|p1a: Alomomola\n|-activate|p1a: Alomomola|move: Protect\n|\n|upkeep\n|turn|18\n|\n|t:|1700080571\n|move|p2a: Toji|Close Combat|p1a: Alomomola\n|-damage|p1a: Alomomola|0 fnt\n|-unboost|p2a: Toji|def|1\n|-unboost|p2a: Toji|spd|1\n|-damage|p2a: Toji|28\/100|[from] item: Rocky Helmet|[of] p1a: Alomomola\n|faint|p1a: Alomomola\n|\n|-fieldend|move: Electric Terrain\n|upkeep\n|\n|t:|1700080575\n|switch|p1a: Rillaboom|Rillaboom, F|100\/100\n|-fieldstart|move: Grassy Terrain|[from] ability: Grassy Surge|[of] p1a: Rillaboom\n|turn|19\n|\n|t:|1700080579\n|switch|p2a: Endeavor|Volcarona, M|84\/100\n|move|p1a: Rillaboom|Grassy Glide|p2a: Endeavor\n|-resisted|p2a: Endeavor\n|-damage|p2a: Endeavor|61\/100\n|-status|p1a: Rillaboom|brn|[from] ability: Flame Body|[of] p2a: Endeavor\n|\n|-heal|p2a: Endeavor|67\/100|[from] Grassy Terrain\n|-damage|p1a: Rillaboom|94\/100 brn|[from] brn\n|upkeep\n|turn|20\n|c|\u2606JogadorCaro|Ta bom\n|\n|t:|1700080595\n|switch|p1a: Hoopa|Hoopa-Unbound, tera:Dark|65\/100\n|move|p2a: Endeavor|Quiver Dance|p2a: Endeavor\n|-boost|p2a: Endeavor|spa|1\n|-boost|p2a: Endeavor|spd|1\n|-boost|p2a: Endeavor|spe|1\n|\n|-heal|p2a: Endeavor|73\/100|[from] Grassy Terrain\n|-heal|p1a: Hoopa|71\/100|[from] Grassy Terrain\n|upkeep\n|turn|21\n|c|\u2606JogadorCaro|parou o primeiro meteoro\n|c|\u2606JogadorCaro|Mas o que vai fazer a respeito do segundo?\n|\n|t:|1700080604\n|move|p2a: Endeavor|Bug Buzz|p1a: Hoopa\n|-supereffective|p1a: Hoopa\n|-damage|p1a: Hoopa|0 fnt\n|faint|p1a: Hoopa\n|\n|-heal|p2a: Endeavor|79\/100|[from] Grassy Terrain\n|upkeep\n|j| Aziz Le Bledart\n|-message|salpicadura forfeited.\n|\n|win|JogadorCaro\n|raw|salpicadura's rating: 1705 &rarr; <strong>1687<\/strong><br \/>(-18 for losing)\n|raw|JogadorCaro's rating: 1736 &rarr; <strong>1754<\/strong><br \/>(+18 for winning)\n|l|\u2606salpicadura\n|l| Aziz Le Bledart\n","uploadtime":1700080700,"views":6,"p1id":"salpicadura","p2id":"jogadorcaro","formatid":"gen9nationaldex","rating":1687,"private":0,"password":""}