{"id":"gen9nationaldex-1992355441","p1":"FrostDragoTree","p2":"halemango69","format":"[Gen 9] National Dex","log":"|j|\u2606FrostDragoTree\n|j|\u2606halemango69\n|t:|1700178079\n|gametype|singles\n|player|p1|FrostDragoTree|169|\n|player|p2|halemango69|2|\n|teamsize|p1|6\n|teamsize|p2|6\n|gen|9\n|tier|[Gen 9] National Dex\n|rule|HP Percentage Mod: HP is shown in percentages\n|rule|Endless Battle Clause: Forcing endless battles is banned\n|rule|OHKO Clause: OHKO moves are banned\n|rule|Evasion Clause: Evasion abilities, items, and moves are banned\n|rule|Evasion Abilities Clause: Evasion abilities are banned\n|rule|Evasion Items Clause: Evasion items are banned\n|rule|Evasion Moves Clause: Evasion moves are banned\n|rule|Species Clause: Limit one of each Pok\u00e9mon\n|rule|Sleep Clause Mod: Limit one foe put to sleep\n|clearpoke\n|poke|p1|Latias, F|\n|poke|p1|Cyclizar, F|\n|poke|p1|Rotom-Wash|\n|poke|p1|Samurott-Hisui, M|\n|poke|p1|Ceruledge, F|\n|poke|p1|Sandy Shocks|\n|poke|p2|Sneasler, F|\n|poke|p2|Iron Moth|\n|poke|p2|Beedrill, F|\n|poke|p2|Nihilego|\n|poke|p2|Okidogi, M|\n|poke|p2|Muk-Alola, F|\n|teampreview\n|\n|t:|1700178115\n|start\n|switch|p1a: Rotom|Rotom-Wash|100\/100\n|switch|p2a: Iron Moth|Iron Moth|100\/100\n|-enditem|p2a: Iron Moth|Booster Energy\n|-activate|p2a: Iron Moth|ability: Quark Drive|[fromitem]\n|-start|p2a: Iron Moth|quarkdrivespa\n|turn|1\n|\n|t:|1700178135\n|move|p2a: Iron Moth|Energy Ball|p1a: Rotom\n|-supereffective|p1a: Rotom\n|-crit|p1a: Rotom\n|-damage|p1a: Rotom|0 fnt\n|faint|p1a: Rotom\n|\n|upkeep\n|\n|t:|1700178149\n|switch|p1a: Samurott|Samurott-Hisui, M|100\/100\n|turn|2\n|\n|t:|1700178155\n|-end|p2a: Iron Moth|Quark Drive|[silent]\n|switch|p2a: Muk|Muk-Alola, F|100\/100\n|move|p1a: Samurott|Aqua Cutter|p2a: Muk\n|-damage|p2a: Muk|37\/100\n|\n|upkeep\n|turn|3\n|\n|t:|1700178176\n|move|p1a: Samurott|Aqua Cutter|p2a: Muk\n|-damage|p2a: Muk|0 fnt\n|faint|p2a: Muk\n|\n|upkeep\n|\n|t:|1700178181\n|switch|p2a: Beedrill|Beedrill, F|100\/100\n|turn|4\n|\n|t:|1700178189\n|detailschange|p2a: Beedrill|Beedrill-Mega, F\n|-mega|p2a: Beedrill|Beedrill|Beedrillite\n|move|p1a: Samurott|Aqua Cutter|p2a: Beedrill\n|-damage|p2a: Beedrill|0 fnt\n|faint|p2a: Beedrill\n|\n|upkeep\n|\n|t:|1700178201\n|switch|p2a: Nihilego|Nihilego|100\/100\n|turn|5\n|\n|t:|1700178212\n|move|p2a: Nihilego|Thunderbolt|p1a: Samurott\n|-supereffective|p1a: Samurott\n|-damage|p1a: Samurott|8\/100\n|move|p1a: Samurott|Aqua Cutter|p2a: Nihilego\n|-supereffective|p2a: Nihilego\n|-damage|p2a: Nihilego|0 fnt\n|faint|p2a: Nihilego\n|\n|upkeep\n|\n|t:|1700178220\n|switch|p2a: Sneasler|Sneasler, F|100\/100\n|turn|6\n|\n|t:|1700178224\n|switch|p1a: Ceruledge|Ceruledge, F|100\/100\n|move|p2a: Sneasler|Fake Out|p1a: Ceruledge\n|-immune|p1a: Ceruledge\n|\n|upkeep\n|turn|7\n|\n|t:|1700178233\n|switch|p2a: Okidogi|Okidogi, M|100\/100\n|move|p1a: Ceruledge|Swords Dance|p1a: Ceruledge\n|-boost|p1a: Ceruledge|atk|2\n|\n|upkeep\n|turn|8\n|\n|t:|1700178239\n|move|p1a: Ceruledge|Psycho Cut|p2a: Okidogi\n|-supereffective|p2a: Okidogi\n|-damage|p2a: Okidogi|0 fnt\n|faint|p2a: Okidogi\n|\n|upkeep\n|\n|t:|1700178249\n|switch|p2a: Iron Moth|Iron Moth|100\/100\n|turn|9\n|\n|t:|1700178256\n|move|p1a: Ceruledge|Shadow Sneak|p2a: Iron Moth\n|-damage|p2a: Iron Moth|33\/100\n|move|p2a: Iron Moth|Sludge Wave|p1a: Ceruledge\n|-resisted|p1a: Ceruledge\n|-damage|p1a: Ceruledge|69\/100\n|\n|upkeep\n|turn|10\n|\n|t:|1700178265\n|move|p1a: Ceruledge|Shadow Sneak|p2a: Iron Moth\n|-damage|p2a: Iron Moth|0 fnt\n|faint|p2a: Iron Moth\n|-end|p2a: Iron Moth|Quark Drive|[silent]\n|\n|upkeep\n|\n|t:|1700178269\n|switch|p2a: Sneasler|Sneasler, F|100\/100\n|turn|11\n|\n|t:|1700178283\n|move|p2a: Sneasler|Acrobatics|p1a: Ceruledge\n|-damage|p1a: Ceruledge|44\/100\n|-ability|p1a: Ceruledge|Weak Armor|boost\n|-unboost|p1a: Ceruledge|def|1\n|-boost|p1a: Ceruledge|spe|2\n|move|p1a: Ceruledge|Psycho Cut|p2a: Sneasler\n|-supereffective|p2a: Sneasler\n|-damage|p2a: Sneasler|0 fnt\n|faint|p2a: Sneasler\n|\n|win|FrostDragoTree\n|c|\u2606FrostDragoTree|gg 1 more, make any changes if needed\n|c|\u2606halemango69|gg\n|l|\u2606halemango69\n","uploadtime":1700178667,"views":33,"p1id":"frostdragotree","p2id":"halemango69","formatid":"gen9nationaldex","rating":0,"private":0,"password":""}