{"id":"gen9nationaldex-1988252340","p1":"fjdjbdjsjcbf","p2":"dn_kolsa","format":"[Gen 9] National Dex","log":"|j|\u2606fjdjbdjsjcbf\n|j|\u2606dn_kolsa\n|t:|1699694899\n|gametype|singles\n|player|p1|fjdjbdjsjcbf|2|1000\n|player|p2|dn_kolsa|benga|1112\n|teamsize|p1|6\n|teamsize|p2|6\n|gen|9\n|tier|[Gen 9] National Dex\n|rated|\n|rule|HP Percentage Mod: HP is shown in percentages\n|rule|Endless Battle Clause: Forcing endless battles is banned\n|rule|OHKO Clause: OHKO moves are banned\n|rule|Evasion Clause: Evasion abilities, items, and moves are banned\n|rule|Evasion Abilities Clause: Evasion abilities are banned\n|rule|Evasion Items Clause: Evasion items are banned\n|rule|Evasion Moves Clause: Evasion moves are banned\n|rule|Species Clause: Limit one of each Pok\u00e9mon\n|rule|Sleep Clause Mod: Limit one foe put to sleep\n|clearpoke\n|poke|p1|Banette, F|\n|poke|p1|Ogerpon-Wellspring, F|\n|poke|p1|Great Tusk|\n|poke|p1|Tapu Lele|\n|poke|p1|Iron Valiant|\n|poke|p1|Sneasler, F|\n|poke|p2|Hitmonlee, M|\n|poke|p2|Gliscor, M|\n|poke|p2|Sneasler, M|\n|poke|p2|Volcarona, F|\n|poke|p2|Manaphy|\n|poke|p2|Jirachi|\n|teampreview\n|\n|t:|1699694908\n|start\n|switch|p1a: Great Tusk|Great Tusk|100\/100\n|switch|p2a: Jirachi|Jirachi|100\/100\n|-enditem|p1a: Great Tusk|Booster Energy\n|-activate|p1a: Great Tusk|ability: Protosynthesis|[fromitem]\n|-start|p1a: Great Tusk|protosynthesisspe\n|turn|1\n|\n|t:|1699694918\n|move|p1a: Great Tusk|Stealth Rock|p2a: Jirachi\n|-sidestart|p2: dn_kolsa|move: Stealth Rock\n|move|p2a: Jirachi|Ancient Power|p1a: Great Tusk\n|-resisted|p1a: Great Tusk\n|-damage|p1a: Great Tusk|96\/100\n|\n|upkeep\n|turn|2\n|\n|t:|1699694925\n|move|p1a: Great Tusk|Stealth Rock||[still]\n|-fail|p1a: Great Tusk\n|move|p2a: Jirachi|Ancient Power|p1a: Great Tusk\n|-resisted|p1a: Great Tusk\n|-damage|p1a: Great Tusk|91\/100\n|\n|upkeep\n|turn|3\n|\n|t:|1699694931\n|move|p1a: Great Tusk|Knock Off|p2a: Jirachi\n|-supereffective|p2a: Jirachi\n|-damage|p2a: Jirachi|40\/100\n|-enditem|p2a: Jirachi|Clear Amulet|[from] move: Knock Off|[of] p1a: Great Tusk\n|move|p2a: Jirachi|Ancient Power|p1a: Great Tusk\n|-resisted|p1a: Great Tusk\n|-damage|p1a: Great Tusk|86\/100\n|-boost|p2a: Jirachi|atk|1\n|-boost|p2a: Jirachi|def|1\n|-boost|p2a: Jirachi|spa|1\n|-boost|p2a: Jirachi|spd|1\n|-boost|p2a: Jirachi|spe|1\n|\n|upkeep\n|turn|4\n|\n|t:|1699694942\n|move|p2a: Jirachi|Zen Headbutt|p1a: Great Tusk\n|-supereffective|p1a: Great Tusk\n|-damage|p1a: Great Tusk|23\/100\n|move|p1a: Great Tusk|Headlong Rush|p2a: Jirachi\n|-supereffective|p2a: Jirachi\n|-damage|p2a: Jirachi|0 fnt\n|-unboost|p1a: Great Tusk|def|1\n|-unboost|p1a: Great Tusk|spd|1\n|faint|p2a: Jirachi\n|\n|upkeep\n|\n|t:|1699694961\n|switch|p2a: Volcarona|Volcarona, F|100\/100\n|turn|5\n|\n|t:|1699694970\n|move|p1a: Great Tusk|Taunt|p2a: Volcarona\n|-start|p2a: Volcarona|move: Taunt\n|cant|p2a: Volcarona|move: Taunt|Quiver Dance\n|\n|upkeep\n|turn|6\n|\n|t:|1699694977\n|move|p1a: Great Tusk|Headlong Rush|p2a: Volcarona\n|-crit|p2a: Volcarona\n|-damage|p2a: Volcarona|0 fnt\n|-unboost|p1a: Great Tusk|def|1\n|-unboost|p1a: Great Tusk|spd|1\n|faint|p2a: Volcarona\n|\n|upkeep\n|\n|t:|1699694989\n|switch|p2a: Manaphy|Manaphy|100\/100\n|-damage|p2a: Manaphy|88\/100|[from] Stealth Rock\n|turn|7\n|\n|t:|1699694994\n|move|p1a: Great Tusk|Taunt|p2a: Manaphy\n|-start|p2a: Manaphy|move: Taunt\n|cant|p2a: Manaphy|move: Taunt|Tail Glow\n|\n|upkeep\n|turn|8\n|\n|t:|1699694999\n|move|p1a: Great Tusk|Headlong Rush|p2a: Manaphy\n|-damage|p2a: Manaphy|40\/100\n|-unboost|p1a: Great Tusk|def|1\n|-unboost|p1a: Great Tusk|spd|1\n|move|p2a: Manaphy|Ice Beam|p1a: Great Tusk\n|-supereffective|p1a: Great Tusk\n|-damage|p1a: Great Tusk|0 fnt\n|faint|p1a: Great Tusk\n|-end|p1a: Great Tusk|Protosynthesis|[silent]\n|\n|upkeep\n|\n|t:|1699695015\n|switch|p1a: Banette|Banette, F|100\/100\n|turn|9\n|\n|t:|1699695021\n|detailschange|p1a: Banette|Banette-Mega, F\n|-mega|p1a: Banette|Banette|Banettite\n|move|p2a: Manaphy|Surf|p1a: Banette\n|-damage|p1a: Banette|47\/100\n|move|p1a: Banette|Poltergeist|p2a: Manaphy|[miss]\n|-miss|p1a: Banette|p2a: Manaphy\n|\n|-end|p2a: Manaphy|move: Taunt\n|upkeep\n|turn|10\n|\n|t:|1699695030\n|move|p1a: Banette|Destiny Bond|p1a: Banette\n|-singlemove|p1a: Banette|Destiny Bond\n|move|p2a: Manaphy|Surf|p1a: Banette\n|-damage|p1a: Banette|0 fnt\n|faint|p1a: Banette\n|-activate|p1a: Banette|move: Destiny Bond\n|faint|p2a: Manaphy\n|\n|upkeep\n|\n|t:|1699695046\n|switch|p2a: Gliscor|Gliscor, M|100\/100\n|switch|p1a: Tapu Lele|Tapu Lele|100\/100\n|-fieldstart|move: Psychic Terrain|[from] ability: Psychic Surge|[of] p1a: Tapu Lele\n|-damage|p2a: Gliscor|88\/100|[from] Stealth Rock\n|turn|11\n|\n|t:|1699695054\n|move|p1a: Tapu Lele|Psychic|p2a: Gliscor\n|-damage|p2a: Gliscor|0 fnt\n|faint|p2a: Gliscor\n|\n|upkeep\n|\n|t:|1699695062\n|switch|p2a: Sneasler|Sneasler, M|100\/100\n|-damage|p2a: Sneasler|95\/100|[from] Stealth Rock\n|turn|12\n|\n|t:|1699695078\n|move|p2a: Sneasler|Dire Claw|p1a: Tapu Lele\n|-supereffective|p1a: Tapu Lele\n|-damage|p1a: Tapu Lele|0 fnt\n|faint|p1a: Tapu Lele\n|\n|upkeep\n|\n|t:|1699695084\n|switch|p1a: Sneasler|Sneasler, F|100\/100\n|-enditem|p1a: Sneasler|Psychic Seed\n|-boost|p1a: Sneasler|spd|1|[from] item: Psychic Seed\n|turn|13\n|\n|t:|1699695096\n|-terastallize|p1a: Sneasler|Flying\n|move|p1a: Sneasler|Acrobatics|p2a: Sneasler\n|-supereffective|p2a: Sneasler\n|-damage|p2a: Sneasler|0 fnt\n|faint|p2a: Sneasler\n|\n|upkeep\n|\n|t:|1699695102\n|switch|p2a: Hitmonlee|Hitmonlee, M|100\/100\n|-damage|p2a: Hitmonlee|94\/100|[from] Stealth Rock\n|turn|14\n|\n|t:|1699695107\n|move|p2a: Hitmonlee|Endure|p2a: Hitmonlee\n|-singleturn|p2a: Hitmonlee|move: Endure\n|move|p1a: Sneasler|Acrobatics|p2a: Hitmonlee\n|-supereffective|p2a: Hitmonlee\n|-activate|p2a: Hitmonlee|move: Endure\n|-damage|p2a: Hitmonlee|1\/100\n|-enditem|p2a: Hitmonlee|Liechi Berry|[eat]\n|-boost|p2a: Hitmonlee|atk|1|[from] item: Liechi Berry\n|\n|upkeep\n|turn|15\n|\n|t:|1699695123\n|move|p1a: Sneasler|Acrobatics|p2a: Hitmonlee\n|-supereffective|p2a: Hitmonlee\n|-damage|p2a: Hitmonlee|0 fnt\n|faint|p2a: Hitmonlee\n|\n|win|fjdjbdjsjcbf\n|raw|fjdjbdjsjcbf's rating: 1000 &rarr; <strong>1052<\/strong><br \/>(+52 for winning)\n|raw|dn_kolsa's rating: 1112 &rarr; <strong>1079<\/strong><br \/>(-33 for losing)\n","uploadtime":1699695133,"views":10,"p1id":"fjdjbdjsjcbf","p2id":"dnkolsa","formatid":"gen9nationaldex","rating":1052,"private":0,"password":""}