{"id":"gen9nationaldex-1992462801","p1":"Yukishiro Ai","p2":"mtyqjltz5","format":"[Gen 9] National Dex","log":"|j|\u2606Yukishiro Ai\n|j|\u2606mtyqjltz5\n|t:|1700190584\n|gametype|singles\n|player|p1|Yukishiro Ai|hilda|1380\n|player|p2|mtyqjltz5|elesa|1431\n|teamsize|p1|6\n|teamsize|p2|6\n|gen|9\n|tier|[Gen 9] National Dex\n|rated|\n|rule|HP Percentage Mod: HP is shown in percentages\n|rule|Endless Battle Clause: Forcing endless battles is banned\n|rule|OHKO Clause: OHKO moves are banned\n|rule|Evasion Clause: Evasion abilities, items, and moves are banned\n|rule|Evasion Abilities Clause: Evasion abilities are banned\n|rule|Evasion Items Clause: Evasion items are banned\n|rule|Evasion Moves Clause: Evasion moves are banned\n|rule|Species Clause: Limit one of each Pok\u00e9mon\n|rule|Sleep Clause Mod: Limit one foe put to sleep\n|clearpoke\n|poke|p1|Pelipper, M|\n|poke|p1|Barraskewda, M|\n|poke|p1|Scizor, M|\n|poke|p1|Kingdra, M|\n|poke|p1|Zapdos|\n|poke|p1|Krookodile, M|\n|poke|p2|Pidgeot, M|\n|poke|p2|Rotom-Wash|\n|poke|p2|Slowking-Galar, M|\n|poke|p2|Rillaboom, M|\n|poke|p2|Ceruledge, F|\n|poke|p2|Great Tusk|\n|teampreview\n|\n|t:|1700190597\n|start\n|switch|p1a: Krookodile|Krookodile, M|100\/100\n|switch|p2a: Rotom|Rotom-Wash, shiny|100\/100\n|turn|1\n|\n|t:|1700190610\n|switch|p1a: Pelipper|Pelipper, M|100\/100\n|-weather|RainDance|[from] ability: Drizzle|[of] p1a: Pelipper\n|move|p2a: Rotom|Hydro Pump|p1a: Pelipper\n|-resisted|p1a: Pelipper\n|-damage|p1a: Pelipper|63\/100\n|\n|-weather|RainDance|[upkeep]\n|upkeep\n|turn|2\n|\n|t:|1700190618\n|move|p2a: Rotom|Volt Switch|p1a: Pelipper\n|-supereffective|p1a: Pelipper\n|-damage|p1a: Pelipper|0 fnt\n|faint|p1a: Pelipper\n|inactive|Battle timer is ON: inactive players will automatically lose when time's up. (requested by mtyqjltz5)\n|\n|t:|1700190658\n|switch|p2a: Rillaboom|Rillaboom, M|100\/100|[from] Volt Switch\n|-fieldstart|move: Grassy Terrain|[from] ability: Grassy Surge|[of] p2a: Rillaboom\n|\n|-weather|RainDance|[upkeep]\n|upkeep\n|\n|t:|1700190669\n|switch|p1a: Scizor|Scizor, M|100\/100\n|turn|3\n|\n|t:|1700190680\n|switch|p2a: Rotom|Rotom-Wash, shiny|100\/100\n|detailschange|p1a: Scizor|Scizor-Mega, M\n|-mega|p1a: Scizor|Scizor|Scizorite\n|move|p1a: Scizor|Swords Dance|p1a: Scizor\n|-boost|p1a: Scizor|atk|2\n|\n|-weather|RainDance|[upkeep]\n|upkeep\n|turn|4\n|\n|t:|1700190695\n|switch|p1a: Kingdra|Kingdra, M|100\/100\n|move|p2a: Rotom|Will-O-Wisp|p1a: Kingdra\n|-status|p1a: Kingdra|brn\n|\n|-weather|RainDance|[upkeep]\n|-damage|p1a: Kingdra|94\/100 brn|[from] brn\n|upkeep\n|turn|5\n|\n|t:|1700190702\n|switch|p2a: Slowking|Slowking-Galar, M, shiny|100\/100\n|move|p1a: Kingdra|Draco Meteor|p2a: Slowking\n|-damage|p2a: Slowking|39\/100\n|-unboost|p1a: Kingdra|spa|2\n|\n|-weather|RainDance|[upkeep]\n|-heal|p1a: Kingdra|100\/100 brn|[from] Grassy Terrain\n|-heal|p2a: Slowking|46\/100|[from] Grassy Terrain\n|-damage|p1a: Kingdra|94\/100 brn|[from] brn\n|upkeep\n|turn|6\n|\n|t:|1700190714\n|switch|p1a: Scizor|Scizor-Mega, M|100\/100\n|move|p2a: Slowking|Chilly Reception|p2a: Slowking\n|-weather|Snow\n|\n|t:|1700190720\n|switch|p2a: Ceruledge|Ceruledge, F|100\/100|[from] Chilly Reception\n|\n|-weather|Snow|[upkeep]\n|-fieldend|move: Grassy Terrain\n|upkeep\n|turn|7\n|\n|t:|1700190732\n|switch|p1a: Krookodile|Krookodile, M|100\/100\n|move|p2a: Ceruledge|Swords Dance|p2a: Ceruledge\n|-boost|p2a: Ceruledge|atk|2\n|\n|-weather|Snow|[upkeep]\n|upkeep\n|turn|8\n|\n|t:|1700190742\n|move|p1a: Krookodile|Bulk Up|p1a: Krookodile\n|-boost|p1a: Krookodile|atk|1\n|-boost|p1a: Krookodile|def|1\n|move|p2a: Ceruledge|Bitter Blade|p1a: Krookodile\n|-damage|p1a: Krookodile|22\/100\n|\n|-weather|Snow|[upkeep]\n|upkeep\n|turn|9\n|\n|t:|1700190751\n|-terastallize|p1a: Krookodile|Dragon\n|move|p2a: Ceruledge|Shadow Sneak|p1a: Krookodile\n|-damage|p1a: Krookodile|0 fnt\n|faint|p1a: Krookodile\n|\n|-weather|Snow|[upkeep]\n|upkeep\n|-message|Yukishiro Ai forfeited.\n|\n|win|mtyqjltz5\n|raw|Yukishiro Ai's rating: 1380 &rarr; <strong>1363<\/strong><br \/>(-17 for losing)\n|raw|mtyqjltz5's rating: 1431 &rarr; <strong>1448<\/strong><br \/>(+17 for winning)\n|l|\u2606Yukishiro Ai\n","uploadtime":1700190777,"views":6,"p1id":"yukishiroai","p2id":"mtyqjltz5","formatid":"gen9nationaldex","rating":1363,"private":0,"password":""}