{"id":"gen9nationaldex-1987509066","p1":"Square K","p2":"cucumberboy69","format":"[Gen 9] National Dex","log":"|j|\u2606Square K\n|j|\u2606cucumberboy69\n|t:|1699603824\n|gametype|singles\n|player|p1|Square K|chuck|1415\n|player|p2|cucumberboy69|265|1325\n|teamsize|p1|6\n|teamsize|p2|6\n|gen|9\n|tier|[Gen 9] National Dex\n|rated|\n|rule|HP Percentage Mod: HP is shown in percentages\n|rule|Endless Battle Clause: Forcing endless battles is banned\n|rule|OHKO Clause: OHKO moves are banned\n|rule|Evasion Clause: Evasion abilities, items, and moves are banned\n|rule|Evasion Abilities Clause: Evasion abilities are banned\n|rule|Evasion Items Clause: Evasion items are banned\n|rule|Evasion Moves Clause: Evasion moves are banned\n|rule|Species Clause: Limit one of each Pok\u00e9mon\n|rule|Sleep Clause Mod: Limit one foe put to sleep\n|clearpoke\n|poke|p1|Kommo-o, F|\n|poke|p1|Heatran, F|\n|poke|p1|Alomomola, F|\n|poke|p1|Lopunny, F|\n|poke|p1|Urshifu-*, F|\n|poke|p1|Toxapex, F|\n|poke|p2|Banette, F|\n|poke|p2|Garchomp, F|\n|poke|p2|Great Tusk|\n|poke|p2|Sneasler, F|\n|poke|p2|Volcarona, F|\n|poke|p2|Greninja-*, F|\n|teampreview\n|inactive|Battle timer is ON: inactive players will automatically lose when time's up. (requested by cucumberboy69)\n|\n|t:|1699603839\n|start\n|switch|p1a: \u95ea\u5149\u7684\u5f17\u83b1\u4ec0|Lopunny, F, shiny|100\/100\n|switch|p2a: glhf|Garchomp, F|100\/100\n|turn|1\n|\n|t:|1699603846\n|detailschange|p1a: \u95ea\u5149\u7684\u5f17\u83b1\u4ec0|Lopunny-Mega, F, shiny\n|-mega|p1a: \u95ea\u5149\u7684\u5f17\u83b1\u4ec0|Lopunny|Lopunnite\n|move|p1a: \u95ea\u5149\u7684\u5f17\u83b1\u4ec0|Fake Out|p2a: glhf\n|-damage|p2a: glhf|80\/100\n|-damage|p1a: \u95ea\u5149\u7684\u5f17\u83b1\u4ec0|88\/100|[from] ability: Rough Skin|[of] p2a: glhf\n|-damage|p1a: \u95ea\u5149\u7684\u5f17\u83b1\u4ec0|72\/100|[from] item: Rocky Helmet|[of] p2a: glhf\n|cant|p2a: glhf|flinch\n|\n|upkeep\n|turn|2\n|\n|t:|1699603857\n|switch|p1a: \u5439\u96ea|Alomomola, F|100\/100\n|move|p2a: glhf|Earthquake|p1a: \u5439\u96ea\n|-damage|p1a: \u5439\u96ea|80\/100\n|\n|upkeep\n|turn|3\n|\n|t:|1699603863\n|move|p2a: glhf|Stealth Rock|p1a: \u5439\u96ea\n|-sidestart|p1: Square K|move: Stealth Rock\n|move|p1a: \u5439\u96ea|Wish|p1a: \u5439\u96ea\n|\n|upkeep\n|turn|4\n|\n|t:|1699603868\n|move|p2a: glhf|Spikes|p1a: \u5439\u96ea\n|-sidestart|p1: Square K|Spikes\n|move|p1a: \u5439\u96ea|Ice Beam|p2a: glhf\n|-supereffective|p2a: glhf\n|-damage|p2a: glhf|39\/100\n|\n|-heal|p1a: \u5439\u96ea|100\/100|[from] move: Wish|[wisher] \u5439\u96ea\n|upkeep\n|turn|5\n|\n|t:|1699603879\n|move|p2a: glhf|Spikes|p1a: \u5439\u96ea\n|-sidestart|p1: Square K|Spikes\n|move|p1a: \u5439\u96ea|Ice Beam|p2a: glhf\n|-supereffective|p2a: glhf\n|-damage|p2a: glhf|0 fnt\n|faint|p2a: glhf\n|\n|upkeep\n|\n|t:|1699603891\n|switch|p2a: you died|Sneasler, F|100\/100\n|turn|6\n|\n|t:|1699603894\n|move|p2a: you died|Close Combat|p1a: \u5439\u96ea\n|-damage|p1a: \u5439\u96ea|48\/100\n|-unboost|p2a: you died|def|1\n|-unboost|p2a: you died|spd|1\n|-damage|p2a: you died|84\/100|[from] item: Rocky Helmet|[of] p1a: \u5439\u96ea\n|move|p1a: \u5439\u96ea|Wish|p1a: \u5439\u96ea\n|\n|upkeep\n|turn|7\n|\n|t:|1699603910\n|move|p2a: you died|Close Combat|p1a: \u5439\u96ea\n|-damage|p1a: \u5439\u96ea|0 fnt\n|-unboost|p2a: you died|def|1\n|-unboost|p2a: you died|spd|1\n|-damage|p2a: you died|67\/100|[from] item: Rocky Helmet|[of] p1a: \u5439\u96ea\n|faint|p1a: \u5439\u96ea\n|\n|upkeep\n|\n|t:|1699603915\n|switch|p1a: \u95ea\u5149\u7684\u5f17\u83b1\u4ec0|Lopunny-Mega, F, shiny|72\/100\n|-damage|p1a: \u95ea\u5149\u7684\u5f17\u83b1\u4ec0|66\/100|[from] Stealth Rock\n|-damage|p1a: \u95ea\u5149\u7684\u5f17\u83b1\u4ec0|49\/100|[from] Spikes\n|turn|8\n|\n|t:|1699603924\n|move|p1a: \u95ea\u5149\u7684\u5f17\u83b1\u4ec0|Fake Out|p2a: you died\n|-damage|p2a: you died|0 fnt\n|faint|p2a: you died\n|\n|upkeep\n|\n|t:|1699603938\n|switch|p2a: queers dancing|Volcarona, F|100\/100\n|turn|9\n|\n|t:|1699603946\n|move|p1a: \u95ea\u5149\u7684\u5f17\u83b1\u4ec0|U-turn|p2a: queers dancing\n|-resisted|p2a: queers dancing\n|-damage|p2a: queers dancing|79\/100\n|\n|t:|1699603951\n|switch|p1a: \u91d1\u5c5e\u9a91\u58eb|Heatran, F|100\/100|[from] U-turn\n|-damage|p1a: \u91d1\u5c5e\u9a91\u58eb|88\/100|[from] Stealth Rock\n|-damage|p1a: \u91d1\u5c5e\u9a91\u58eb|71\/100|[from] Spikes\n|move|p2a: queers dancing|Quiver Dance|p2a: queers dancing\n|-boost|p2a: queers dancing|spa|1\n|-boost|p2a: queers dancing|spd|1\n|-boost|p2a: queers dancing|spe|1\n|\n|-heal|p1a: \u91d1\u5c5e\u9a91\u58eb|78\/100|[from] item: Leftovers\n|upkeep\n|turn|10\n|\n|t:|1699603965\n|switch|p2a: greater-landorus|Great Tusk|100\/100\n|move|p1a: \u91d1\u5c5e\u9a91\u58eb|Earth Power|p2a: greater-landorus\n|-damage|p2a: greater-landorus|52\/100\n|-unboost|p2a: greater-landorus|spd|1\n|\n|-heal|p2a: greater-landorus|59\/100|[from] item: Leftovers\n|-heal|p1a: \u91d1\u5c5e\u9a91\u58eb|84\/100|[from] item: Leftovers\n|upkeep\n|turn|11\n|\n|t:|1699603974\n|move|p1a: \u91d1\u5c5e\u9a91\u58eb|Protect|p1a: \u91d1\u5c5e\u9a91\u58eb\n|-singleturn|p1a: \u91d1\u5c5e\u9a91\u58eb|Protect\n|move|p2a: greater-landorus|Earthquake|p1a: \u91d1\u5c5e\u9a91\u58eb\n|-activate|p1a: \u91d1\u5c5e\u9a91\u58eb|move: Protect\n|\n|-heal|p2a: greater-landorus|65\/100|[from] item: Leftovers\n|-heal|p1a: \u91d1\u5c5e\u9a91\u58eb|90\/100|[from] item: Leftovers\n|upkeep\n|turn|12\n|\n|t:|1699603994\n|-terastallize|p1a: \u91d1\u5c5e\u9a91\u58eb|Grass\n|move|p2a: greater-landorus|Earthquake|p1a: \u91d1\u5c5e\u9a91\u58eb\n|-resisted|p1a: \u91d1\u5c5e\u9a91\u58eb\n|-crit|p1a: \u91d1\u5c5e\u9a91\u58eb\n|-damage|p1a: \u91d1\u5c5e\u9a91\u58eb|57\/100\n|move|p1a: \u91d1\u5c5e\u9a91\u58eb|Tera Blast|p2a: greater-landorus|[anim] Tera Blast Grass\n|-supereffective|p2a: greater-landorus\n|-damage|p2a: greater-landorus|0 fnt\n|faint|p2a: greater-landorus\n|-end|p2a: greater-landorus|Protosynthesis|[silent]\n|\n|-heal|p1a: \u91d1\u5c5e\u9a91\u58eb|64\/100|[from] item: Leftovers\n|upkeep\n|inactive|cucumberboy69 has 120 seconds left.\n|\n|t:|1699604033\n|switch|p2a: queers dancing|Volcarona, F|79\/100\n|turn|13\n|\n|t:|1699604037\n|move|p2a: queers dancing|Bug Buzz|p1a: \u91d1\u5c5e\u9a91\u58eb\n|-supereffective|p1a: \u91d1\u5c5e\u9a91\u58eb\n|-damage|p1a: \u91d1\u5c5e\u9a91\u58eb|0 fnt\n|faint|p1a: \u91d1\u5c5e\u9a91\u58eb\n|\n|upkeep\n|\n|t:|1699604041\n|switch|p1a: \u79c3\u5934\u62ab\u98ce\u4fa0|Kommo-o, F|100\/100\n|-damage|p1a: \u79c3\u5934\u62ab\u98ce\u4fa0|94\/100|[from] Stealth Rock\n|-damage|p1a: \u79c3\u5934\u62ab\u98ce\u4fa0|78\/100|[from] Spikes\n|turn|14\n|\n|t:|1699604047\n|move|p2a: queers dancing|Quiver Dance|p2a: queers dancing\n|-boost|p2a: queers dancing|spa|1\n|-boost|p2a: queers dancing|spd|1\n|-boost|p2a: queers dancing|spe|1\n|-zpower|p1a: \u79c3\u5934\u62ab\u98ce\u4fa0\n|move|p1a: \u79c3\u5934\u62ab\u98ce\u4fa0|Clangorous Soulblaze|p2a: queers dancing|[zeffect]\n|-damage|p2a: queers dancing|28\/100\n|-boost|p1a: \u79c3\u5934\u62ab\u98ce\u4fa0|atk|1\n|-boost|p1a: \u79c3\u5934\u62ab\u98ce\u4fa0|def|1\n|-boost|p1a: \u79c3\u5934\u62ab\u98ce\u4fa0|spa|1\n|-boost|p1a: \u79c3\u5934\u62ab\u98ce\u4fa0|spd|1\n|-boost|p1a: \u79c3\u5934\u62ab\u98ce\u4fa0|spe|1\n|\n|upkeep\n|turn|15\n|\n|t:|1699604063\n|move|p2a: queers dancing|Roost|p2a: queers dancing\n|-heal|p2a: queers dancing|78\/100\n|-singleturn|p2a: queers dancing|move: Roost\n|move|p1a: \u79c3\u5934\u62ab\u98ce\u4fa0|Drain Punch|p2a: queers dancing\n|-resisted|p2a: queers dancing\n|-damage|p2a: queers dancing|49\/100\n|-heal|p1a: \u79c3\u5934\u62ab\u98ce\u4fa0|94\/100|[from] drain|[of] p2a: queers dancing\n|-status|p1a: \u79c3\u5934\u62ab\u98ce\u4fa0|brn|[from] ability: Flame Body|[of] p2a: queers dancing\n|\n|-damage|p1a: \u79c3\u5934\u62ab\u98ce\u4fa0|87\/100 brn|[from] brn\n|upkeep\n|turn|16\n|\n|t:|1699604074\n|move|p2a: queers dancing|Roost|p2a: queers dancing\n|-heal|p2a: queers dancing|99\/100\n|-singleturn|p2a: queers dancing|move: Roost\n|move|p1a: \u79c3\u5934\u62ab\u98ce\u4fa0|Drain Punch|p2a: queers dancing\n|-resisted|p2a: queers dancing\n|-damage|p2a: queers dancing|85\/100\n|-heal|p1a: \u79c3\u5934\u62ab\u98ce\u4fa0|95\/100 brn|[from] drain|[of] p2a: queers dancing\n|\n|-damage|p1a: \u79c3\u5934\u62ab\u98ce\u4fa0|89\/100 brn|[from] brn\n|upkeep\n|turn|17\n|inactive|cucumberboy69 has 120 seconds left.\n|\n|t:|1699604101\n|move|p2a: queers dancing|Fiery Dance|p1a: \u79c3\u5934\u62ab\u98ce\u4fa0\n|-resisted|p1a: \u79c3\u5934\u62ab\u98ce\u4fa0\n|-damage|p1a: \u79c3\u5934\u62ab\u98ce\u4fa0|63\/100 brn\n|-boost|p2a: queers dancing|spa|1\n|move|p1a: \u79c3\u5934\u62ab\u98ce\u4fa0|Clanging Scales|p2a: queers dancing\n|-damage|p2a: queers dancing|30\/100\n|-unboost|p1a: \u79c3\u5934\u62ab\u98ce\u4fa0|def|1\n|\n|-damage|p1a: \u79c3\u5934\u62ab\u98ce\u4fa0|57\/100 brn|[from] brn\n|upkeep\n|turn|18\n|\n|t:|1699604109\n|move|p2a: queers dancing|Roost|p2a: queers dancing\n|-heal|p2a: queers dancing|80\/100\n|-singleturn|p2a: queers dancing|move: Roost\n|move|p1a: \u79c3\u5934\u62ab\u98ce\u4fa0|Clanging Scales|p2a: queers dancing\n|-crit|p2a: queers dancing\n|-damage|p2a: queers dancing|0 fnt\n|faint|p2a: queers dancing\n|-unboost|p1a: \u79c3\u5934\u62ab\u98ce\u4fa0|def|1\n|\n|-damage|p1a: \u79c3\u5934\u62ab\u98ce\u4fa0|50\/100 brn|[from] brn\n|upkeep\n|\n|t:|1699604117\n|switch|p2a: 165 attack btw|Banette, F|100\/100\n|-item|p1a: \u79c3\u5934\u62ab\u98ce\u4fa0|Kommonium Z|[from] ability: Frisk|[of] p2a: 165 attack btw|[identify]\n|turn|19\n|\n|t:|1699604124\n|switch|p1a: \u95ea\u5149\u7684\u5f17\u83b1\u4ec0|Lopunny-Mega, F, shiny|49\/100\n|-damage|p1a: \u95ea\u5149\u7684\u5f17\u83b1\u4ec0|43\/100|[from] Stealth Rock\n|-damage|p1a: \u95ea\u5149\u7684\u5f17\u83b1\u4ec0|27\/100|[from] Spikes\n|detailschange|p2a: 165 attack btw|Banette-Mega, F\n|-mega|p2a: 165 attack btw|Banette|Banettite\n|move|p2a: 165 attack btw|Shadow Sneak|p1a: \u95ea\u5149\u7684\u5f17\u83b1\u4ec0\n|-immune|p1a: \u95ea\u5149\u7684\u5f17\u83b1\u4ec0\n|\n|upkeep\n|turn|20\n|\n|t:|1699604139\n|move|p1a: \u95ea\u5149\u7684\u5f17\u83b1\u4ec0|Fake Out|p2a: 165 attack btw\n|-damage|p2a: 165 attack btw|72\/100\n|cant|p2a: 165 attack btw|flinch\n|\n|upkeep\n|turn|21\n|\n|t:|1699604143\n|move|p2a: 165 attack btw|Thunder Wave|p1a: \u95ea\u5149\u7684\u5f17\u83b1\u4ec0|[miss]\n|-miss|p2a: 165 attack btw|p1a: \u95ea\u5149\u7684\u5f17\u83b1\u4ec0\n|move|p1a: \u95ea\u5149\u7684\u5f17\u83b1\u4ec0|Close Combat|p2a: 165 attack btw\n|-damage|p2a: 165 attack btw|0 fnt\n|-unboost|p1a: \u95ea\u5149\u7684\u5f17\u83b1\u4ec0|def|1\n|-unboost|p1a: \u95ea\u5149\u7684\u5f17\u83b1\u4ec0|spd|1\n|faint|p2a: 165 attack btw\n|\n|upkeep\n|-message|cucumberboy69 forfeited.\n|\n|win|Square K\n|raw|Square K's rating: 1415 &rarr; <strong>1430<\/strong><br \/>(+15 for winning)\n|raw|cucumberboy69's rating: 1325 &rarr; <strong>1310<\/strong><br \/>(-15 for losing)\n|l|\u2606cucumberboy69\n","uploadtime":1699604155,"views":4,"p1id":"squarek","p2id":"cucumberboy69","formatid":"gen9nationaldex","rating":1310,"private":0,"password":""}