{"id":"gen9nationaldex-1987337342","p1":"darwindelillo","p2":"leon lp","format":"[Gen 9] National Dex","log":"|j|\u2606darwindelillo\n|j|\u2606leon lp\n|t:|1699579066\n|gametype|singles\n|player|p1|darwindelillo|blue|1214\n|player|p2|leon lp|169|1239\n|teamsize|p1|6\n|teamsize|p2|6\n|gen|9\n|tier|[Gen 9] National Dex\n|rated|\n|rule|HP Percentage Mod: HP is shown in percentages\n|rule|Endless Battle Clause: Forcing endless battles is banned\n|rule|OHKO Clause: OHKO moves are banned\n|rule|Evasion Clause: Evasion abilities, items, and moves are banned\n|rule|Evasion Abilities Clause: Evasion abilities are banned\n|rule|Evasion Items Clause: Evasion items are banned\n|rule|Evasion Moves Clause: Evasion moves are banned\n|rule|Species Clause: Limit one of each Pok\u00e9mon\n|rule|Sleep Clause Mod: Limit one foe put to sleep\n|clearpoke\n|poke|p1|Vileplume, F|\n|poke|p1|Golurk|\n|poke|p1|Dondozo, M|\n|poke|p1|Clefable, F|\n|poke|p1|Togekiss, M|\n|poke|p1|Vanilluxe, M|\n|poke|p2|Blaziken, M|\n|poke|p2|Aegislash, F|\n|poke|p2|Swellow, F|\n|poke|p2|Grimmsnarl, M|\n|poke|p2|Sneasler, M|\n|poke|p2|Gourgeist-*, M|\n|teampreview\n|inactive|Battle timer is ON: inactive players will automatically lose when time's up. (requested by darwindelillo)\n|j| Bayern72915\n|inactive|leon lp has 120 seconds left.\n|l| Bayern72915\n|\n|t:|1699579101\n|start\n|switch|p1a: Golurk|Golurk|100\/100\n|switch|p2a: Sneasler|Sneasler, M|100\/100\n|turn|1\n|\n|t:|1699579107\n|move|p2a: Sneasler|Dire Claw|p1a: Golurk\n|-resisted|p1a: Golurk\n|-damage|p1a: Golurk|90\/100\n|-status|p1a: Golurk|psn\n|move|p1a: Golurk|Dynamic Punch|p2a: Sneasler\n|-resisted|p2a: Sneasler\n|-damage|p2a: Sneasler|74\/100\n|-start|p2a: Sneasler|confusion\n|\n|-damage|p1a: Golurk|78\/100 psn|[from] psn\n|upkeep\n|turn|2\n|\n|t:|1699579121\n|switch|p2a: Ari|Swellow, F|100\/100\n|move|p1a: Golurk|Earthquake|p2a: Ari\n|-immune|p2a: Ari\n|\n|-damage|p1a: Golurk|65\/100 psn|[from] psn\n|upkeep\n|turn|3\n|\n|t:|1699579129\n|move|p2a: Ari|Boomburst|p1a: Golurk\n|-damage|p1a: Golurk|21\/100 psn\n|-enditem|p2a: Ari|Throat Spray\n|-boost|p2a: Ari|spa|1|[from] item: Throat Spray\n|move|p1a: Golurk|Dynamic Punch|p2a: Ari\n|-damage|p2a: Ari|37\/100\n|-start|p2a: Ari|confusion\n|\n|-damage|p1a: Golurk|9\/100 psn|[from] psn\n|upkeep\n|turn|4\n|\n|t:|1699579138\n|-activate|p2a: Ari|confusion\n|move|p2a: Ari|Boomburst|p1a: Golurk\n|-damage|p1a: Golurk|0 fnt\n|faint|p1a: Golurk\n|\n|upkeep\n|\n|t:|1699579145\n|switch|p1a: PinkFable|Clefable, F|100\/100\n|turn|5\n|\n|t:|1699579149\n|-activate|p2a: Ari|confusion\n|move|p2a: Ari|Hurricane|p1a: PinkFable\n|-damage|p1a: PinkFable|62\/100\n|move|p1a: PinkFable|Moonblast|p2a: Ari\n|-crit|p2a: Ari\n|-damage|p2a: Ari|0 fnt\n|faint|p2a: Ari\n|\n|upkeep\n|\n|t:|1699579159\n|switch|p2a: Sneasler|Sneasler, M|74\/100\n|turn|6\n|\n|t:|1699579167\n|-terastallize|p1a: PinkFable|Steel\n|move|p2a: Sneasler|Fake Out|p1a: PinkFable\n|-enditem|p2a: Sneasler|Normal Gem|[from] gem\n|-resisted|p1a: PinkFable\n|-damage|p1a: PinkFable|55\/100\n|cant|p1a: PinkFable|flinch\n|\n|upkeep\n|turn|7\n|\n|t:|1699579176\n|switch|p1a: Florlita|Vileplume, F|100\/100\n|move|p2a: Sneasler|Close Combat|p1a: Florlita\n|-resisted|p1a: Florlita\n|-damage|p1a: Florlita|69\/100\n|-unboost|p2a: Sneasler|def|1\n|-unboost|p2a: Sneasler|spd|1\n|\n|-heal|p1a: Florlita|75\/100|[from] item: Leftovers\n|upkeep\n|turn|8\n|\n|t:|1699579198\n|switch|p2a: Candy|Gourgeist-Small, M|100\/100\n|-item|p1a: Florlita|Leftovers|[from] ability: Frisk|[of] p2a: Candy|[identify]\n|move|p1a: Florlita|Strength Sap|p2a: Candy\n|-unboost|p2a: Candy|atk|1\n|-heal|p1a: Florlita|100\/100\n|\n|upkeep\n|turn|9\n|\n|t:|1699579210\n|move|p2a: Candy|Poltergeist|p1a: Florlita\n|-activate|p1a: Florlita|move: Poltergeist|Leftovers\n|-damage|p1a: Florlita|73\/100\n|move|p1a: Florlita|Sludge Bomb|p2a: Candy\n|-damage|p2a: Candy|44\/100\n|\n|-heal|p1a: Florlita|79\/100|[from] item: Leftovers\n|upkeep\n|turn|10\n|\n|t:|1699579220\n|-zpower|p2a: Candy\n|move|p2a: Candy|Z-Trick-or-Treat|p1a: Florlita|[anim]Trick-or-Treat\n|-boost|p2a: Candy|atk|1|[zeffect]\n|-boost|p2a: Candy|def|1|[zeffect]\n|-boost|p2a: Candy|spa|1|[zeffect]\n|-boost|p2a: Candy|spd|1|[zeffect]\n|-boost|p2a: Candy|spe|1|[zeffect]\n|-start|p1a: Florlita|typeadd|Ghost|[from] move: Trick-or-Treat\n|move|p1a: Florlita|Substitute|p1a: Florlita\n|-start|p1a: Florlita|Substitute\n|-damage|p1a: Florlita|54\/100\n|\n|-heal|p1a: Florlita|60\/100|[from] item: Leftovers\n|upkeep\n|turn|11\n|\n|t:|1699579233\n|move|p2a: Candy|Poltergeist|p1a: Florlita\n|-activate|p1a: Florlita|move: Poltergeist|Leftovers\n|-supereffective|p1a: Florlita\n|-end|p1a: Florlita|Substitute\n|move|p1a: Florlita|Sludge Bomb|p2a: Candy\n|-damage|p2a: Candy|0 fnt\n|faint|p2a: Candy\n|\n|-heal|p1a: Florlita|67\/100|[from] item: Leftovers\n|upkeep\n|\n|t:|1699579242\n|switch|p2a: Muramasa|Aegislash, F|100\/100\n|turn|12\n|\n|t:|1699579248\n|switch|p1a: PinkFable|Clefable, F, tera:Steel|55\/100\n|-formechange|p2a: Muramasa|Aegislash-Blade||[from] ability: Stance Change\n|move|p2a: Muramasa|Shadow Sneak|p1a: PinkFable\n|-damage|p1a: PinkFable|25\/100\n|-damage|p2a: Muramasa|91\/100|[from] item: Life Orb\n|\n|upkeep\n|turn|13\n|\n|t:|1699579255\n|move|p2a: Muramasa|Shadow Sneak|p1a: PinkFable\n|-damage|p1a: PinkFable|0 fnt\n|faint|p1a: PinkFable\n|-damage|p2a: Muramasa|81\/100|[from] item: Life Orb\n|\n|upkeep\n|\n|t:|1699579260\n|switch|p1a: Bonanza|Dondozo, M|100\/100\n|turn|14\n|\n|t:|1699579263\n|-formechange|p2a: Muramasa|Aegislash||[from] ability: Stance Change\n|move|p2a: Muramasa|King's Shield|p2a: Muramasa\n|-singleturn|p2a: Muramasa|Protect\n|move|p1a: Bonanza|Earthquake|p2a: Muramasa\n|-activate|p2a: Muramasa|move: Protect\n|\n|upkeep\n|turn|15\n|\n|t:|1699579271\n|-terastallize|p2a: Muramasa|Flying\n|move|p2a: Muramasa|Swords Dance|p2a: Muramasa\n|-boost|p2a: Muramasa|atk|2\n|move|p1a: Bonanza|Earthquake|p2a: Muramasa\n|-immune|p2a: Muramasa\n|\n|upkeep\n|turn|16\n|\n|t:|1699579278\n|-formechange|p2a: Muramasa|Aegislash-Blade||[from] ability: Stance Change\n|move|p2a: Muramasa|Iron Head|p1a: Bonanza\n|-resisted|p1a: Bonanza\n|-damage|p1a: Bonanza|80\/100\n|-damage|p2a: Muramasa|71\/100|[from] item: Life Orb\n|cant|p1a: Bonanza|flinch\n|\n|upkeep\n|turn|17\n|c|\u2606leon lp|unaware\n|\n|t:|1699579286\n|move|p2a: Muramasa|Iron Head|p1a: Bonanza\n|-resisted|p1a: Bonanza\n|-damage|p1a: Bonanza|60\/100\n|-damage|p2a: Muramasa|61\/100|[from] item: Life Orb\n|move|p1a: Bonanza|Crunch|p2a: Muramasa\n|-damage|p2a: Muramasa|19\/100\n|\n|upkeep\n|turn|18\n|\n|t:|1699579295\n|-formechange|p2a: Muramasa|Aegislash||[from] ability: Stance Change\n|move|p2a: Muramasa|King's Shield|p2a: Muramasa\n|-singleturn|p2a: Muramasa|Protect\n|move|p1a: Bonanza|Crunch|p2a: Muramasa\n|-activate|p2a: Muramasa|move: Protect\n|-unboost|p1a: Bonanza|atk|1\n|\n|upkeep\n|turn|19\n|\n|t:|1699579303\n|-formechange|p2a: Muramasa|Aegislash-Blade||[from] ability: Stance Change\n|move|p2a: Muramasa|Iron Head|p1a: Bonanza\n|-resisted|p1a: Bonanza\n|-damage|p1a: Bonanza|41\/100\n|-damage|p2a: Muramasa|9\/100|[from] item: Life Orb\n|move|p1a: Bonanza|Crunch|p2a: Muramasa\n|-damage|p2a: Muramasa|0 fnt\n|faint|p2a: Muramasa\n|\n|upkeep\n|\n|t:|1699579316\n|switch|p2a: Kakuzu|Grimmsnarl, M|100\/100\n|turn|20\n|\n|t:|1699579320\n|move|p2a: Kakuzu|Reflect|p2a: Kakuzu\n|-sidestart|p2: leon lp|Reflect\n|move|p1a: Bonanza|Body Slam|p2a: Kakuzu\n|-damage|p2a: Kakuzu|90\/100\n|\n|upkeep\n|turn|21\n|\n|t:|1699579324\n|move|p2a: Kakuzu|Parting Shot|p1a: Bonanza\n|-unboost|p1a: Bonanza|atk|1\n|-unboost|p1a: Bonanza|spa|1\n|\n|t:|1699579328\n|switch|p2a: KFC|Blaziken, M, shiny|100\/100|[from] Parting Shot\n|move|p1a: Bonanza|Body Slam|p2a: KFC\n|-damage|p2a: KFC|91\/100\n|\n|upkeep\n|turn|22\n|\n|t:|1699579334\n|move|p2a: KFC|Focus Energy|p2a: KFC\n|-start|p2a: KFC|move: Focus Energy\n|move|p1a: Bonanza|Liquidation|p2a: KFC\n|-supereffective|p2a: KFC\n|-damage|p2a: KFC|65\/100\n|-unboost|p2a: KFC|def|1\n|\n|-ability|p2a: KFC|Speed Boost|boost\n|-boost|p2a: KFC|spe|1\n|upkeep\n|turn|23\n|\n|t:|1699579344\n|move|p2a: KFC|Close Combat|p1a: Bonanza\n|-crit|p1a: Bonanza\n|-damage|p1a: Bonanza|0 fnt\n|-unboost|p2a: KFC|def|1\n|-unboost|p2a: KFC|spd|1\n|faint|p1a: Bonanza\n|\n|-ability|p2a: KFC|Speed Boost|boost\n|-boost|p2a: KFC|spe|1\n|upkeep\n|\n|t:|1699579353\n|switch|p1a: Togekiss|Togekiss, M|100\/100\n|turn|24\n|\n|t:|1699579357\n|move|p2a: KFC|Overheat|p1a: Togekiss\n|-crit|p1a: Togekiss\n|-damage|p1a: Togekiss|52\/100\n|-unboost|p2a: KFC|spa|2\n|move|p1a: Togekiss|Air Slash|p2a: KFC\n|-supereffective|p2a: KFC\n|-damage|p2a: KFC|0 fnt\n|faint|p2a: KFC\n|\n|upkeep\n|\n|t:|1699579366\n|switch|p2a: Kakuzu|Grimmsnarl, M|90\/100\n|turn|25\n|\n|t:|1699579369\n|move|p2a: Kakuzu|Light Screen|p2a: Kakuzu\n|-sidestart|p2: leon lp|move: Light Screen\n|move|p1a: Togekiss|Tri Attack|p2a: Kakuzu\n|-damage|p2a: Kakuzu|81\/100\n|\n|upkeep\n|turn|26\n|\n|t:|1699579375\n|move|p2a: Kakuzu|Parting Shot|p1a: Togekiss\n|-unboost|p1a: Togekiss|atk|1\n|-unboost|p1a: Togekiss|spa|1\n|\n|t:|1699579378\n|switch|p2a: Sneasler|Sneasler, M|74\/100|[from] Parting Shot\n|move|p1a: Togekiss|Tri Attack|p2a: Sneasler\n|-damage|p2a: Sneasler|64\/100\n|\n|upkeep\n|turn|27\n|\n|t:|1699579384\n|switch|p1a: Florlita|Vileplume, F|67\/100\n|move|p2a: Sneasler|Fake Out|p1a: Florlita\n|-damage|p1a: Florlita|52\/100\n|\n|-heal|p1a: Florlita|58\/100|[from] item: Leftovers\n|-sideend|p2: leon lp|Reflect\n|upkeep\n|turn|28\n|\n|t:|1699579392\n|move|p2a: Sneasler|Dire Claw|p1a: Florlita\n|-damage|p1a: Florlita|21\/100\n|move|p1a: Florlita|Strength Sap|p2a: Sneasler\n|-unboost|p2a: Sneasler|atk|1\n|-heal|p1a: Florlita|100\/100\n|\n|upkeep\n|turn|29\n|\n|t:|1699579401\n|switch|p2a: Kakuzu|Grimmsnarl, M|81\/100\n|move|p1a: Florlita|Substitute|p1a: Florlita\n|-start|p1a: Florlita|Substitute\n|-damage|p1a: Florlita|76\/100\n|\n|-heal|p1a: Florlita|82\/100|[from] item: Leftovers\n|upkeep\n|turn|30\n|\n|t:|1699579408\n|move|p2a: Kakuzu|Spirit Break|p1a: Florlita\n|-resisted|p1a: Florlita\n|-activate|p1a: Florlita|move: Substitute|[damage]\n|move|p1a: Florlita|Sludge Bomb|p2a: Kakuzu\n|-supereffective|p2a: Kakuzu\n|-damage|p2a: Kakuzu|55\/100\n|\n|-heal|p1a: Florlita|88\/100|[from] item: Leftovers\n|upkeep\n|turn|31\n|\n|t:|1699579418\n|move|p2a: Kakuzu|Parting Shot|p1a: Florlita\n|-unboost|p1a: Florlita|atk|1\n|-unboost|p1a: Florlita|spa|1\n|\n|t:|1699579422\n|switch|p2a: Sneasler|Sneasler, M|64\/100|[from] Parting Shot\n|move|p1a: Florlita|Sludge Bomb|p2a: Sneasler\n|-resisted|p2a: Sneasler\n|-damage|p2a: Sneasler|56\/100\n|\n|-heal|p1a: Florlita|94\/100|[from] item: Leftovers\n|upkeep\n|turn|32\n|\n|t:|1699579432\n|move|p2a: Sneasler|Acrobatics|p1a: Florlita\n|-supereffective|p1a: Florlita\n|-end|p1a: Florlita|Substitute\n|move|p1a: Florlita|Giga Drain|p2a: Sneasler\n|-resisted|p2a: Sneasler\n|-damage|p2a: Sneasler|50\/100\n|-heal|p1a: Florlita|97\/100|[from] drain|[of] p2a: Sneasler\n|\n|-heal|p1a: Florlita|100\/100|[from] item: Leftovers\n|-sideend|p2: leon lp|move: Light Screen\n|upkeep\n|turn|33\n|\n|t:|1699579446\n|switch|p1a: Vanilluxe|Vanilluxe, M|100\/100\n|-weather|Snow|[from] ability: Snow Warning|[of] p1a: Vanilluxe\n|move|p2a: Sneasler|Acrobatics|p1a: Vanilluxe\n|-damage|p1a: Vanilluxe|75\/100\n|\n|-weather|Snow|[upkeep]\n|upkeep\n|turn|34\n|\n|t:|1699579454\n|move|p2a: Sneasler|Close Combat|p1a: Vanilluxe\n|-supereffective|p1a: Vanilluxe\n|-damage|p1a: Vanilluxe|0 fnt\n|-unboost|p2a: Sneasler|def|1\n|-unboost|p2a: Sneasler|spd|1\n|faint|p1a: Vanilluxe\n|\n|-weather|Snow|[upkeep]\n|upkeep\n|\n|t:|1699579461\n|switch|p1a: Togekiss|Togekiss, M|52\/100\n|turn|35\n|\n|t:|1699579464\n|move|p2a: Sneasler|Dire Claw|p1a: Togekiss\n|-supereffective|p1a: Togekiss\n|-damage|p1a: Togekiss|0 fnt\n|faint|p1a: Togekiss\n|\n|-weather|Snow|[upkeep]\n|upkeep\n|\n|t:|1699579471\n|switch|p1a: Florlita|Vileplume, F|100\/100\n|turn|36\n|\n|t:|1699579474\n|switch|p2a: Kakuzu|Grimmsnarl, M|55\/100\n|move|p1a: Florlita|Strength Sap|p2a: Kakuzu\n|-unboost|p2a: Kakuzu|atk|1\n|\n|-weather|Snow|[upkeep]\n|upkeep\n|turn|37\n|\n|t:|1699579482\n|move|p2a: Kakuzu|Light Screen|p2a: Kakuzu\n|-sidestart|p2: leon lp|move: Light Screen\n|move|p1a: Florlita|Sludge Bomb|p2a: Kakuzu\n|-supereffective|p2a: Kakuzu\n|-damage|p2a: Kakuzu|27\/100\n|\n|-weather|none\n|upkeep\n|turn|38\n|\n|t:|1699579488\n|move|p2a: Kakuzu|Parting Shot|p1a: Florlita\n|-unboost|p1a: Florlita|atk|1\n|-unboost|p1a: Florlita|spa|1\n|\n|t:|1699579491\n|switch|p2a: Sneasler|Sneasler, M|50\/100|[from] Parting Shot\n|move|p1a: Florlita|Sludge Bomb|p2a: Sneasler\n|-resisted|p2a: Sneasler\n|-damage|p2a: Sneasler|41\/100\n|\n|upkeep\n|turn|39\n|\n|t:|1699579497\n|move|p2a: Sneasler|Acrobatics|p1a: Florlita\n|-supereffective|p1a: Florlita\n|-damage|p1a: Florlita|24\/100\n|-status|p2a: Sneasler|slp|[from] ability: Effect Spore|[of] p1a: Florlita\n|move|p1a: Florlita|Strength Sap|p2a: Sneasler\n|-unboost|p2a: Sneasler|atk|1\n|-heal|p1a: Florlita|100\/100\n|\n|upkeep\n|turn|40\n|c|\u2606leon lp|crazy stall\n|\n|t:|1699579516\n|cant|p2a: Sneasler|slp\n|move|p1a: Florlita|Giga Drain|p2a: Sneasler\n|-resisted|p2a: Sneasler\n|-damage|p2a: Sneasler|34\/100 slp\n|\n|upkeep\n|turn|41\n|\n|t:|1699579521\n|-curestatus|p2a: Sneasler|slp|[msg]\n|move|p2a: Sneasler|Acrobatics|p1a: Florlita\n|-supereffective|p1a: Florlita\n|-damage|p1a: Florlita|50\/100\n|move|p1a: Florlita|Substitute|p1a: Florlita\n|-start|p1a: Florlita|Substitute\n|-damage|p1a: Florlita|25\/100\n|\n|-heal|p1a: Florlita|31\/100|[from] item: Leftovers\n|upkeep\n|turn|42\n|\n|t:|1699579530\n|move|p2a: Sneasler|Acrobatics|p1a: Florlita\n|-supereffective|p1a: Florlita\n|-crit|p1a: Florlita\n|-end|p1a: Florlita|Substitute\n|move|p1a: Florlita|Strength Sap|p2a: Sneasler\n|-unboost|p2a: Sneasler|atk|1\n|-heal|p1a: Florlita|100\/100\n|\n|upkeep\n|turn|43\n|\n|t:|1699579539\n|move|p2a: Sneasler|Dire Claw|p1a: Florlita\n|-damage|p1a: Florlita|80\/100\n|-status|p1a: Florlita|par\n|move|p1a: Florlita|Strength Sap|p2a: Sneasler\n|-unboost|p2a: Sneasler|atk|1\n|-heal|p1a: Florlita|100\/100 par\n|\n|upkeep\n|turn|44\n|\n|t:|1699579549\n|switch|p2a: Kakuzu|Grimmsnarl, M|27\/100\n|move|p1a: Florlita|Giga Drain|p2a: Kakuzu\n|-crit|p2a: Kakuzu\n|-damage|p2a: Kakuzu|0 fnt\n|faint|p2a: Kakuzu\n|\n|-sideend|p2: leon lp|move: Light Screen\n|upkeep\n|\n|t:|1699579556\n|switch|p2a: Sneasler|Sneasler, M|34\/100\n|turn|45\n|\n|t:|1699579559\n|move|p2a: Sneasler|Fake Out|p1a: Florlita\n|-damage|p1a: Florlita|87\/100 par\n|-status|p2a: Sneasler|par|[from] ability: Effect Spore|[of] p1a: Florlita\n|cant|p1a: Florlita|flinch\n|\n|-heal|p1a: Florlita|93\/100 par|[from] item: Leftovers\n|upkeep\n|turn|46\n|\n|t:|1699579567\n|move|p2a: Sneasler|Acrobatics|p1a: Florlita\n|-supereffective|p1a: Florlita\n|-damage|p1a: Florlita|23\/100 par\n|cant|p1a: Florlita|par\n|\n|-heal|p1a: Florlita|29\/100 par|[from] item: Leftovers\n|upkeep\n|turn|47\n|\n|t:|1699579573\n|move|p2a: Sneasler|Acrobatics|p1a: Florlita\n|-supereffective|p1a: Florlita\n|-damage|p1a: Florlita|0 fnt\n|faint|p1a: Florlita\n|\n|win|leon lp\n|raw|darwindelillo's rating: 1214 &rarr; <strong>1191<\/strong><br \/>(-23 for losing)\n|raw|leon lp's rating: 1239 &rarr; <strong>1262<\/strong><br \/>(+23 for winning)\n|l|\u2606darwindelillo\n|c|\u2606leon lp|ez\n|c|\u2606leon lp|noob\n","uploadtime":1699579585,"views":4,"p1id":"darwindelillo","p2id":"leonlp","formatid":"gen9nationaldex","rating":1191,"private":0,"password":""}