{"id":"gen9nationaldex-1993433040","p1":"psng","p2":"ShinyScarfy","format":"[Gen 9] National Dex","log":"|j|\u2606psng\n|j|\u2606ShinyScarfy\n|t:|1700317258\n|gametype|singles\n|player|p1|psng|wallace|1421\n|player|p2|ShinyScarfy|alec-anime|1317\n|teamsize|p1|6\n|teamsize|p2|6\n|gen|9\n|tier|[Gen 9] National Dex\n|rated|\n|rule|HP Percentage Mod: HP is shown in percentages\n|rule|Endless Battle Clause: Forcing endless battles is banned\n|rule|OHKO Clause: OHKO moves are banned\n|rule|Evasion Clause: Evasion abilities, items, and moves are banned\n|rule|Evasion Abilities Clause: Evasion abilities are banned\n|rule|Evasion Items Clause: Evasion items are banned\n|rule|Evasion Moves Clause: Evasion moves are banned\n|rule|Species Clause: Limit one of each Pok\u00e9mon\n|rule|Sleep Clause Mod: Limit one foe put to sleep\n|clearpoke\n|poke|p1|Pelipper, M|\n|poke|p1|Tapu Lele|\n|poke|p1|Swampert, M|\n|poke|p1|Greninja-*, M|\n|poke|p1|Zapdos|\n|poke|p1|Ferrothorn, F|\n|poke|p2|Zoroark-Hisui, M|\n|poke|p2|Togekiss, F|\n|poke|p2|Samurott-Hisui, M|\n|poke|p2|Gliscor, M|\n|poke|p2|Lopunny, F|\n|poke|p2|Goodra-Hisui, F|\n|teampreview\n|inactive|Battle timer is ON: inactive players will automatically lose when time's up. (requested by ShinyScarfy)\n|inactive|psng also wants the timer to be on.\n|inactive|psng has 120 seconds left.\n|\n|t:|1700317288\n|start\n|switch|p1a: Pelipper|Pelipper, M, shiny|100\/100\n|switch|p2a: Gliscor|Gliscor, M|100\/100\n|-weather|RainDance|[from] ability: Drizzle|[of] p1a: Pelipper\n|turn|1\n|\n|t:|1700317292\n|replace|p2a: Zoroark|Zoroark-Hisui, M\n|-end|p2a: Zoroark|Illusion\n|-zpower|p2a: Zoroark\n|move|p2a: Zoroark|Z-Happy Hour|p2a: Zoroark|[anim]Happy Hour\n|-boost|p2a: Zoroark|atk|1|[zeffect]\n|-boost|p2a: Zoroark|def|1|[zeffect]\n|-boost|p2a: Zoroark|spa|1|[zeffect]\n|-boost|p2a: Zoroark|spd|1|[zeffect]\n|-boost|p2a: Zoroark|spe|1|[zeffect]\n|move|p1a: Pelipper|U-turn|p2a: Zoroark\n|-resisted|p2a: Zoroark\n|-damage|p2a: Zoroark|95\/100\n|\n|t:|1700317305\n|switch|p1a: Swampert|Swampert, M, shiny|100\/100|[from] U-turn\n|\n|-weather|RainDance|[upkeep]\n|upkeep\n|turn|2\n|\n|t:|1700317311\n|detailschange|p1a: Swampert|Swampert-Mega, M, shiny\n|-mega|p1a: Swampert|Swampert|Swampertite\n|move|p2a: Zoroark|Hyper Voice|p1a: Swampert\n|-damage|p1a: Swampert|35\/100\n|move|p1a: Swampert|Liquidation|p2a: Zoroark\n|-damage|p2a: Zoroark|0 fnt\n|faint|p2a: Zoroark\n|\n|-weather|RainDance|[upkeep]\n|upkeep\n|\n|t:|1700317331\n|switch|p2a: Goodra|Goodra-Hisui, F|100\/100\n|turn|3\n|\n|t:|1700317339\n|-terastallize|p2a: Goodra|Water\n|move|p1a: Swampert|Earthquake|p2a: Goodra\n|-damage|p2a: Goodra|47\/100\n|move|p2a: Goodra|Surf|p1a: Swampert\n|-damage|p1a: Swampert|0 fnt\n|faint|p1a: Swampert\n|\n|-weather|RainDance|[upkeep]\n|upkeep\n|\n|t:|1700317349\n|switch|p1a: Zapdos|Zapdos, shiny|100\/100\n|turn|4\n|\n|t:|1700317353\n|switch|p2a: Gliscor|Gliscor, M|100\/100\n|move|p1a: Zapdos|Hurricane|p2a: Gliscor\n|-damage|p2a: Gliscor|35\/100\n|\n|-weather|RainDance|[upkeep]\n|-status|p2a: Gliscor|tox|[from] item: Toxic Orb\n|upkeep\n|turn|5\n|\n|t:|1700317362\n|switch|p2a: Goodra|Goodra-Hisui, F, tera:Water|47\/100\n|move|p1a: Zapdos|Hurricane|p2a: Goodra\n|-damage|p2a: Goodra|22\/100\n|\n|-weather|RainDance|[upkeep]\n|upkeep\n|turn|6\n|\n|t:|1700317369\n|move|p1a: Zapdos|Hurricane|p2a: Goodra\n|-damage|p2a: Goodra|0 fnt\n|faint|p2a: Goodra\n|\n|-weather|RainDance|[upkeep]\n|upkeep\n|\n|t:|1700317373\n|switch|p2a: Samurott|Samurott-Hisui, M|100\/100\n|turn|7\n|\n|t:|1700317378\n|move|p2a: Samurott|Aqua Cutter|p1a: Zapdos\n|-damage|p1a: Zapdos|45\/100\n|move|p1a: Zapdos|Hurricane|p2a: Samurott\n|-damage|p2a: Samurott|29\/100\n|\n|-weather|RainDance|[upkeep]\n|upkeep\n|turn|8\n|\n|t:|1700317384\n|switch|p1a: Ferrothorn|Ferrothorn, F, shiny|100\/100\n|move|p2a: Samurott|Aqua Cutter|p1a: Ferrothorn\n|-resisted|p1a: Ferrothorn\n|-damage|p1a: Ferrothorn|71\/100\n|\n|-weather|none\n|-heal|p1a: Ferrothorn|77\/100|[from] item: Leftovers\n|upkeep\n|turn|9\n|\n|t:|1700317388\n|switch|p2a: Gliscor|Gliscor, M|35\/100 tox\n|move|p1a: Ferrothorn|Stealth Rock|p2a: Gliscor\n|-sidestart|p2: ShinyScarfy|move: Stealth Rock\n|\n|-heal|p1a: Ferrothorn|83\/100|[from] item: Leftovers\n|-heal|p2a: Gliscor|47\/100 tox|[from] ability: Poison Heal\n|upkeep\n|turn|10\n|\n|t:|1700317394\n|move|p2a: Gliscor|Swords Dance|p2a: Gliscor\n|-boost|p2a: Gliscor|atk|2\n|move|p1a: Ferrothorn|Leech Seed|p2a: Gliscor\n|-start|p2a: Gliscor|move: Leech Seed\n|\n|-heal|p1a: Ferrothorn|89\/100|[from] item: Leftovers\n|-damage|p2a: Gliscor|35\/100 tox|[from] Leech Seed|[of] p1a: Ferrothorn\n|-heal|p1a: Ferrothorn|99\/100|[silent]\n|-heal|p2a: Gliscor|47\/100 tox|[from] ability: Poison Heal\n|upkeep\n|turn|11\n|\n|t:|1700317402\n|switch|p1a: Pelipper|Pelipper, M, shiny|100\/100\n|-weather|RainDance|[from] ability: Drizzle|[of] p1a: Pelipper\n|move|p2a: Gliscor|Earthquake|p1a: Pelipper\n|-immune|p1a: Pelipper\n|\n|-weather|RainDance|[upkeep]\n|-damage|p2a: Gliscor|35\/100 tox|[from] Leech Seed|[of] p1a: Pelipper\n|-heal|p2a: Gliscor|47\/100 tox|[from] ability: Poison Heal\n|upkeep\n|turn|12\n|\n|t:|1700317407\n|move|p2a: Gliscor|Rock Slide|p1a: Pelipper\n|-supereffective|p1a: Pelipper\n|-damage|p1a: Pelipper|37\/100\n|move|p1a: Pelipper|U-turn|p2a: Gliscor\n|-resisted|p2a: Gliscor\n|-damage|p2a: Gliscor|43\/100 tox\n|\n|t:|1700317414\n|switch|p1a: Tapu Lele|Tapu Lele, shiny|100\/100|[from] U-turn\n|-fieldstart|move: Psychic Terrain|[from] ability: Psychic Surge|[of] p1a: Tapu Lele\n|\n|-weather|RainDance|[upkeep]\n|-damage|p2a: Gliscor|30\/100 tox|[from] Leech Seed|[of] p1a: Tapu Lele\n|-heal|p2a: Gliscor|43\/100 tox|[from] ability: Poison Heal\n|upkeep\n|turn|13\n|\n|t:|1700317421\n|move|p1a: Tapu Lele|Moonblast|p2a: Gliscor\n|-damage|p2a: Gliscor|0 fnt\n|faint|p2a: Gliscor\n|\n|-weather|RainDance|[upkeep]\n|upkeep\n|\n|t:|1700317425\n|switch|p2a: Togekiss|Togekiss, F|100\/100\n|-damage|p2a: Togekiss|76\/100|[from] Stealth Rock\n|turn|14\n|\n|t:|1700317432\n|move|p1a: Tapu Lele|Moonblast|p2a: Togekiss\n|-damage|p2a: Togekiss|45\/100\n|-unboost|p2a: Togekiss|spa|1\n|move|p2a: Togekiss|Air Slash|p1a: Tapu Lele\n|-damage|p1a: Tapu Lele|70\/100\n|\n|-weather|RainDance|[upkeep]\n|upkeep\n|turn|15\n|-message|ShinyScarfy forfeited.\n|\n|win|psng\n|raw|psng's rating: 1421 &rarr; <strong>1435<\/strong><br \/>(+14 for winning)\n|raw|ShinyScarfy's rating: 1317 &rarr; <strong>1303<\/strong><br \/>(-14 for losing)\n|l|\u2606ShinyScarfy\n","uploadtime":1700317446,"views":6,"p1id":"psng","p2id":"shinyscarfy","formatid":"gen9nationaldex","rating":1303,"private":0,"password":""}