{"id":"gen9nationaldex-1988986864","p1":"NotAnElk","p2":"Phillammon","format":"[Gen 9] National Dex","log":"|j|\u2606NotAnElk\n|j|\u2606Phillammon\n|t:|1699798732\n|gametype|singles\n|player|p1|NotAnElk|nita|\n|player|p2|Phillammon|erika|\n|teamsize|p1|6\n|teamsize|p2|6\n|gen|9\n|tier|[Gen 9] National Dex\n|rule|HP Percentage Mod: HP is shown in percentages\n|rule|Endless Battle Clause: Forcing endless battles is banned\n|rule|OHKO Clause: OHKO moves are banned\n|rule|Evasion Clause: Evasion abilities, items, and moves are banned\n|rule|Evasion Abilities Clause: Evasion abilities are banned\n|rule|Evasion Items Clause: Evasion items are banned\n|rule|Evasion Moves Clause: Evasion moves are banned\n|rule|Species Clause: Limit one of each Pok\u00e9mon\n|rule|Sleep Clause Mod: Limit one foe put to sleep\n|clearpoke\n|poke|p1|Frosmoth, F|\n|poke|p1|Iron Valiant|\n|poke|p1|Kartana|\n|poke|p1|Vanilluxe, F|\n|poke|p1|Volcarona, F|\n|poke|p1|Slurpuff, M|\n|poke|p2|Garchomp, F|\n|poke|p2|Azumarill, F|\n|poke|p2|Sneasler, F|\n|poke|p2|Greninja-*, M|\n|poke|p2|Quaquaval, F|\n|poke|p2|Hydreigon, F|\n|teampreview\n|\n|t:|1699798748\n|start\n|switch|p1a: The Twins|Vanilluxe, F|100\/100\n|switch|p2a: Sneasler|Sneasler, F|100\/100\n|-weather|Snow|[from] ability: Snow Warning|[of] p1a: The Twins\n|turn|1\n|\n|t:|1699798755\n|move|p2a: Sneasler|Fake Out|p1a: The Twins\n|-enditem|p2a: Sneasler|Normal Gem|[from] gem\n|-damage|p1a: The Twins|82\/100\n|cant|p1a: The Twins|flinch\n|\n|-weather|Snow|[upkeep]\n|upkeep\n|turn|2\n|\n|t:|1699798775\n|move|p2a: Sneasler|Close Combat|p1a: The Twins\n|-supereffective|p1a: The Twins\n|-damage|p1a: The Twins|0 fnt\n|-unboost|p2a: Sneasler|def|1\n|-unboost|p2a: Sneasler|spd|1\n|faint|p1a: The Twins\n|\n|-weather|Snow|[upkeep]\n|upkeep\n|\n|t:|1699798778\n|switch|p1a: Just a lil' guy|Slurpuff, M|100\/100\n|turn|3\n|\n|t:|1699798788\n|-terastallize|p2a: Sneasler|Flying\n|move|p2a: Sneasler|Swords Dance|p2a: Sneasler\n|-boost|p2a: Sneasler|atk|2\n|move|p1a: Just a lil' guy|Belly Drum|p1a: Just a lil' guy\n|-damage|p1a: Just a lil' guy|50\/100\n|-setboost|p1a: Just a lil' guy|atk|6|[from] move: Belly Drum\n|-enditem|p1a: Just a lil' guy|Sitrus Berry|[eat]\n|-heal|p1a: Just a lil' guy|75\/100|[from] item: Sitrus Berry\n|\n|-weather|Snow|[upkeep]\n|upkeep\n|turn|4\n|\n|t:|1699798803\n|move|p2a: Sneasler|Acrobatics|p1a: Just a lil' guy\n|-damage|p1a: Just a lil' guy|0 fnt\n|faint|p1a: Just a lil' guy\n|\n|-weather|Snow|[upkeep]\n|upkeep\n|\n|t:|1699798806\n|switch|p1a: Gender|Iron Valiant|100\/100\n|-enditem|p1a: Gender|Booster Energy\n|-activate|p1a: Gender|ability: Quark Drive|[fromitem]\n|-start|p1a: Gender|quarkdrivespe\n|turn|5\n|\n|t:|1699798884\n|-terastallize|p1a: Gender|Electric\n|move|p2a: Sneasler|Close Combat|p1a: Gender\n|-damage|p1a: Gender|0 fnt\n|-unboost|p2a: Sneasler|def|1\n|-unboost|p2a: Sneasler|spd|1\n|faint|p1a: Gender\n|-end|p1a: Gender|Quark Drive|[silent]\n|\n|-weather|none\n|upkeep\n|\n|t:|1699798890\n|switch|p1a: Flesh Moth|Volcarona, F|100\/100\n|turn|6\n|\n|t:|1699798895\n|move|p2a: Sneasler|Acrobatics|p1a: Flesh Moth\n|-supereffective|p1a: Flesh Moth\n|-damage|p1a: Flesh Moth|0 fnt\n|faint|p1a: Flesh Moth\n|\n|upkeep\n|\n|t:|1699798898\n|switch|p1a: Me|Frosmoth, F|100\/100\n|turn|7\n|\n|t:|1699798901\n|move|p2a: Sneasler|Acrobatics|p1a: Me\n|-supereffective|p1a: Me\n|-damage|p1a: Me|0 fnt\n|faint|p1a: Me\n|\n|upkeep\n|\n|t:|1699798903\n|switch|p1a: Yeowch paper cut|Kartana|100\/100\n|turn|8\n|\n|t:|1699798907\n|move|p2a: Sneasler|Acrobatics|p1a: Yeowch paper cut\n|-damage|p1a: Yeowch paper cut|0 fnt\n|faint|p1a: Yeowch paper cut\n|\n|win|Phillammon\n|c|\u2606NotAnElk|gg\n|l|\u2606Phillammon\n|l|\u2606NotAnElk\n|j|\u2606Phillammon\n|player|p2|Phillammon|erika\n","uploadtime":1699798913,"views":23,"p1id":"notanelk","p2id":"phillammon","formatid":"gen9nationaldex","rating":0,"private":0,"password":""}