{"id":"gen9nationaldex-1999312789","p1":"Superfrogadam","p2":"kilhousevanhouten","format":"[Gen 9] National Dex","log":"|html|<div class=\"broadcast-blue\"><strong>[Gen 9] National Dex is currently suspecting Sneasler! For information on how to participate check out the <a href=\"https:\/\/www.smogon.com\/forums\/threads\/sv-national-dex-suspect-8-just-dance.3731534\/\">suspect thread<\/a>.<\/strong><\/div>\n|j|\u2606Superfrogadam\n|j|\u2606kilhousevanhouten\n|t:|1701058753\n|gametype|singles\n|player|p1|Superfrogadam|acetrainer-gen4dp|1086\n|player|p2|kilhousevanhouten|cameraman|1138\n|teamsize|p1|6\n|teamsize|p2|6\n|gen|9\n|tier|[Gen 9] National Dex\n|rated|\n|rule|HP Percentage Mod: HP is shown in percentages\n|rule|Endless Battle Clause: Forcing endless battles is banned\n|rule|OHKO Clause: OHKO moves are banned\n|rule|Evasion Clause: Evasion abilities, items, and moves are banned\n|rule|Evasion Abilities Clause: Evasion abilities are banned\n|rule|Evasion Items Clause: Evasion items are banned\n|rule|Evasion Moves Clause: Evasion moves are banned\n|rule|Species Clause: Limit one of each Pok\u00e9mon\n|rule|Sleep Clause Mod: Limit one foe put to sleep\n|clearpoke\n|poke|p1|Politoed, M|\n|poke|p1|Seismitoad, M|\n|poke|p1|Toxicroak, M|\n|poke|p1|Pelipper, M|\n|poke|p1|Heliolisk, F|\n|poke|p1|Gyarados, F|\n|poke|p2|Garchomp, F|\n|poke|p2|Hawlucha, F|\n|poke|p2|Volcarona, M|\n|poke|p2|Ceruledge, F|\n|poke|p2|Munkidori, M|\n|poke|p2|Tyranitar, F|\n|teampreview\n|inactive|Battle timer is ON: inactive players will automatically lose when time's up. (requested by kilhousevanhouten)\n|\n|t:|1701058768\n|start\n|switch|p1a: Pelipper|Pelipper, M|100\/100\n|switch|p2a: the element|Tyranitar, F|100\/100\n|-weather|RainDance|[from] ability: Drizzle|[of] p1a: Pelipper\n|-weather|Sandstorm|[from] ability: Sand Stream|[of] p2a: the element\n|turn|1\n|\n|t:|1701058785\n|detailschange|p2a: the element|Tyranitar-Mega, F\n|-mega|p2a: the element|Tyranitar|Tyranitarite\n|move|p2a: the element|Ice Fang|p1a: Pelipper\n|-damage|p1a: Pelipper|76\/100\n|-status|p1a: Pelipper|frz\n|cant|p1a: Pelipper|frz\n|\n|-weather|Sandstorm|[upkeep]\n|-damage|p1a: Pelipper|70\/100 frz|[from] Sandstorm\n|upkeep\n|turn|2\n|\n|t:|1701058797\n|move|p2a: the element|Knock Off|p1a: Pelipper\n|-damage|p1a: Pelipper|22\/100 frz\n|-enditem|p1a: Pelipper|Damp Rock|[from] move: Knock Off|[of] p2a: the element\n|-curestatus|p1a: Pelipper|frz|[msg]\n|move|p1a: Pelipper|Hydro Pump|p2a: the element\n|-supereffective|p2a: the element\n|-damage|p2a: the element|62\/100\n|\n|-weather|Sandstorm|[upkeep]\n|-damage|p1a: Pelipper|16\/100|[from] Sandstorm\n|upkeep\n|turn|3\n|\n|t:|1701058810\n|switch|p1a: Politoed|Politoed, M|100\/100\n|-weather|RainDance|[from] ability: Drizzle|[of] p1a: Politoed\n|move|p2a: the element|Brick Break|p1a: Politoed\n|-damage|p1a: Politoed|61\/100\n|\n|-weather|RainDance|[upkeep]\n|-heal|p1a: Politoed|67\/100|[from] item: Leftovers\n|upkeep\n|turn|4\n|\n|t:|1701058824\n|move|p2a: the element|Knock Off|p1a: Politoed\n|-damage|p1a: Politoed|0 fnt\n|-enditem|p1a: Politoed|Leftovers|[from] move: Knock Off|[of] p2a: the element\n|faint|p1a: Politoed\n|\n|-weather|RainDance|[upkeep]\n|upkeep\n|\n|t:|1701058831\n|switch|p1a: Seismitoad|Seismitoad, M|100\/100\n|turn|5\n|\n|t:|1701058839\n|switch|p2a: rick flair|Hawlucha, F|100\/100\n|-ability|p2a: rick flair|Mold Breaker\n|move|p1a: Seismitoad|Drain Punch|p2a: rick flair\n|-resisted|p2a: rick flair\n|-damage|p2a: rick flair|83\/100\n|\n|-weather|RainDance|[upkeep]\n|upkeep\n|turn|6\n|\n|t:|1701058849\n|move|p1a: Seismitoad|Ice Punch|p2a: rick flair\n|-supereffective|p2a: rick flair\n|-damage|p2a: rick flair|10\/100\n|move|p2a: rick flair|Power-Up Punch|p1a: Seismitoad\n|-damage|p1a: Seismitoad|81\/100\n|-boost|p2a: rick flair|atk|1\n|\n|-weather|RainDance|[upkeep]\n|upkeep\n|turn|7\n|\n|t:|1701058861\n|move|p1a: Seismitoad|Ice Punch|p2a: rick flair\n|-supereffective|p2a: rick flair\n|-damage|p2a: rick flair|0 fnt\n|faint|p2a: rick flair\n|\n|-weather|none\n|upkeep\n|\n|t:|1701058864\n|switch|p2a: trae|Munkidori, M|100\/100\n|turn|8\n|\n|t:|1701058875\n|move|p2a: trae|Sludge Bomb|p1a: Seismitoad\n|-resisted|p1a: Seismitoad\n|-damage|p1a: Seismitoad|61\/100\n|move|p1a: Seismitoad|Earthquake|p2a: trae\n|-supereffective|p2a: trae\n|-damage|p2a: trae|0 fnt\n|faint|p2a: trae\n|\n|upkeep\n|\n|t:|1701058883\n|switch|p2a: Adrenae|Volcarona, M|100\/100\n|turn|9\n|\n|t:|1701058888\n|-terastallize|p2a: Adrenae|Water\n|move|p2a: Adrenae|Quiver Dance|p2a: Adrenae\n|-boost|p2a: Adrenae|spa|1\n|-boost|p2a: Adrenae|spd|1\n|-boost|p2a: Adrenae|spe|1\n|move|p1a: Seismitoad|Earthquake|p2a: Adrenae\n|-damage|p2a: Adrenae|24\/100\n|\n|upkeep\n|turn|10\n|\n|t:|1701058897\n|move|p2a: Adrenae|Giga Drain|p1a: Seismitoad\n|-supereffective|p1a: Seismitoad\n|-damage|p1a: Seismitoad|0 fnt\n|-heal|p2a: Adrenae|69\/100|[from] drain|[of] p1a: Seismitoad\n|faint|p1a: Seismitoad\n|\n|upkeep\n|\n|t:|1701058904\n|switch|p1a: Pelipper|Pelipper, M|16\/100\n|-weather|RainDance|[from] ability: Drizzle|[of] p1a: Pelipper\n|turn|11\n|\n|t:|1701058913\n|move|p2a: Adrenae|Giga Drain|p1a: Pelipper\n|-damage|p1a: Pelipper|0 fnt\n|-heal|p2a: Adrenae|79\/100|[from] drain|[of] p1a: Pelipper\n|faint|p1a: Pelipper\n|\n|-weather|RainDance|[upkeep]\n|upkeep\n|\n|t:|1701058920\n|switch|p1a: Heliolisk|Heliolisk, F|100\/100\n|turn|12\n|\n|t:|1701058928\n|move|p2a: Adrenae|Flamethrower|p1a: Heliolisk\n|-damage|p1a: Heliolisk|29\/100\n|move|p1a: Heliolisk|Thunder|p2a: Adrenae\n|-supereffective|p2a: Adrenae\n|-damage|p2a: Adrenae|0 fnt\n|faint|p2a: Adrenae\n|\n|-weather|RainDance|[upkeep]\n|-heal|p1a: Heliolisk|41\/100|[from] ability: Dry Skin\n|upkeep\n|\n|t:|1701058933\n|switch|p2a: the element|Tyranitar-Mega, F|62\/100\n|-weather|Sandstorm|[from] ability: Sand Stream|[of] p2a: the element\n|turn|13\n|\n|t:|1701058943\n|move|p1a: Heliolisk|Focus Blast|p2a: the element\n|-supereffective|p2a: the element\n|-damage|p2a: the element|0 fnt\n|faint|p2a: the element\n|\n|-weather|Sandstorm|[upkeep]\n|-damage|p1a: Heliolisk|35\/100|[from] Sandstorm\n|upkeep\n|\n|t:|1701058954\n|switch|p2a: big scrunch|Garchomp, F|100\/100\n|turn|14\n|\n|t:|1701058969\n|switch|p1a: Gyarados|Gyarados, F|100\/100\n|-ability|p1a: Gyarados|Intimidate|boost\n|-unboost|p2a: big scrunch|atk|1\n|move|p2a: big scrunch|Liquidation|p1a: Gyarados\n|-resisted|p1a: Gyarados\n|-damage|p1a: Gyarados|87\/100\n|\n|-weather|Sandstorm|[upkeep]\n|-damage|p1a: Gyarados|81\/100|[from] Sandstorm\n|upkeep\n|turn|15\n|\n|t:|1701058982\n|move|p2a: big scrunch|Swords Dance|p2a: big scrunch\n|-boost|p2a: big scrunch|atk|2\n|move|p1a: Gyarados|Avalanche|p2a: big scrunch\n|-supereffective|p2a: big scrunch\n|-damage|p2a: big scrunch|23\/100\n|-damage|p1a: Gyarados|68\/100|[from] ability: Rough Skin|[of] p2a: big scrunch\n|\n|-weather|Sandstorm|[upkeep]\n|-damage|p1a: Gyarados|62\/100|[from] Sandstorm\n|upkeep\n|turn|16\n|\n|t:|1701058993\n|move|p2a: big scrunch|Outrage|p1a: Gyarados\n|-damage|p1a: Gyarados|0 fnt\n|faint|p1a: Gyarados\n|\n|-weather|Sandstorm|[upkeep]\n|upkeep\n|\n|t:|1701058999\n|switch|p1a: Toxicroak|Toxicroak, M|100\/100\n|turn|17\n|\n|t:|1701059003\n|move|p1a: Toxicroak|Sucker Punch|p2a: big scrunch\n|-damage|p2a: big scrunch|0 fnt\n|-damage|p1a: Toxicroak|88\/100|[from] ability: Rough Skin|[of] p2a: big scrunch\n|faint|p2a: big scrunch\n|-damage|p1a: Toxicroak|78\/100|[from] item: Life Orb\n|\n|-weather|none\n|upkeep\n|\n|t:|1701059005\n|switch|p2a: cut man|Ceruledge, F|100\/100\n|turn|18\n|\n|t:|1701059017\n|move|p1a: Toxicroak|Sucker Punch||[still]\n|-fail|p1a: Toxicroak\n|move|p2a: cut man|Bulk Up|p2a: cut man\n|-boost|p2a: cut man|atk|1\n|-boost|p2a: cut man|def|1\n|\n|upkeep\n|turn|19\n|\n|t:|1701059026\n|move|p1a: Toxicroak|Sucker Punch||[still]\n|-fail|p1a: Toxicroak\n|move|p2a: cut man|Bulk Up|p2a: cut man\n|-boost|p2a: cut man|atk|1\n|-boost|p2a: cut man|def|1\n|\n|upkeep\n|turn|20\n|\n|t:|1701059035\n|move|p1a: Toxicroak|Gunk Shot|p2a: cut man\n|-resisted|p2a: cut man\n|-damage|p2a: cut man|73\/100\n|-ability|p2a: cut man|Weak Armor|boost\n|-unboost|p2a: cut man|def|1\n|-boost|p2a: cut man|spe|2\n|-damage|p1a: Toxicroak|69\/100|[from] item: Life Orb\n|move|p2a: cut man|Bitter Blade|p1a: Toxicroak\n|-damage|p1a: Toxicroak|0 fnt\n|-heal|p2a: cut man|100\/100|[from] drain|[of] p1a: Toxicroak\n|faint|p1a: Toxicroak\n|\n|upkeep\n|\n|t:|1701059048\n|switch|p1a: Heliolisk|Heliolisk, F|35\/100\n|turn|21\n|\n|t:|1701059059\n|move|p2a: cut man|Bitter Blade|p1a: Heliolisk\n|-damage|p1a: Heliolisk|0 fnt\n|faint|p1a: Heliolisk\n|\n|win|kilhousevanhouten\n|raw|Superfrogadam's rating: 1086 &rarr; <strong>1067<\/strong><br \/>(-19 for losing)\n|raw|kilhousevanhouten's rating: 1138 &rarr; <strong>1159<\/strong><br \/>(+21 for winning)\n|c|\u2606kilhousevanhouten|gg\n|l|\u2606Superfrogadam\n","uploadtime":1701059073,"views":8,"p1id":"superfrogadam","p2id":"kilhousevanhouten","formatid":"gen9nationaldex","rating":1067,"private":0,"password":""}