{"id":"gen9nationaldex-1995428249","p1":"RoadPizza","p2":"Herengay","format":"[Gen 9] National Dex","log":"|html|<div class=\"broadcast-blue\"><strong>[Gen 9] National Dex is currently suspecting Sneasler! For information on how to participate check out the <a href=\"https:\/\/www.smogon.com\/forums\/threads\/sv-national-dex-suspect-8-just-dance.3731534\/\">suspect thread<\/a>.<\/strong><\/div>\n|j|\u2606RoadPizza\n|j|\u2606Herengay\n|t:|1700569529\n|gametype|singles\n|player|p1|RoadPizza|gambler|1308\n|player|p2|Herengay|allister|1396\n|teamsize|p1|6\n|teamsize|p2|6\n|gen|9\n|tier|[Gen 9] National Dex\n|rated|\n|rule|HP Percentage Mod: HP is shown in percentages\n|rule|Endless Battle Clause: Forcing endless battles is banned\n|rule|OHKO Clause: OHKO moves are banned\n|rule|Evasion Clause: Evasion abilities, items, and moves are banned\n|rule|Evasion Abilities Clause: Evasion abilities are banned\n|rule|Evasion Items Clause: Evasion items are banned\n|rule|Evasion Moves Clause: Evasion moves are banned\n|rule|Species Clause: Limit one of each Pok\u00e9mon\n|rule|Sleep Clause Mod: Limit one foe put to sleep\n|clearpoke\n|poke|p1|Hatterene, F|\n|poke|p1|Scizor, M|\n|poke|p1|Typhlosion, F|\n|poke|p1|Landorus-Therian, M|\n|poke|p1|Ogerpon-Wellspring, F|\n|poke|p1|Glimmora, M|\n|poke|p2|Aegislash, M|\n|poke|p2|Zapdos|\n|poke|p2|Slowking-Galar, F|\n|poke|p2|Lopunny, F|\n|poke|p2|Garchomp, M|\n|poke|p2|Tapu Koko|\n|teampreview\n|inactive|Battle timer is ON: inactive players will automatically lose when time's up. (requested by RoadPizza)\n|\n|t:|1700569541\n|start\n|switch|p1a: Landorus|Landorus-Therian, M|100\/100\n|switch|p2a: Tapu Koko|Tapu Koko|100\/100\n|-fieldstart|move: Electric Terrain|[from] ability: Electric Surge|[of] p2a: Tapu Koko\n|-ability|p1a: Landorus|Intimidate|boost\n|-unboost|p2a: Tapu Koko|atk|1\n|turn|1\n|\n|t:|1700569549\n|switch|p2a: Zapdos|Zapdos|100\/100\n|move|p1a: Landorus|Stealth Rock|p2a: Zapdos\n|-sidestart|p2: Herengay|move: Stealth Rock\n|\n|upkeep\n|turn|2\n|\n|t:|1700569560\n|move|p2a: Zapdos|Defog|p1a: Landorus\n|-unboost|p1a: Landorus|evasion|1\n|-sideend|p2: Herengay|Stealth Rock|[from] move: Defog|[of] p2a: Zapdos\n|-fieldend|move: Electric Terrain\n|move|p1a: Landorus|Knock Off|p2a: Zapdos\n|-damage|p2a: Zapdos|67\/100\n|-status|p1a: Landorus|par|[from] ability: Static|[of] p2a: Zapdos\n|-enditem|p2a: Zapdos|Heavy-Duty Boots|[from] move: Knock Off|[of] p1a: Landorus\n|\n|upkeep\n|turn|3\n|\n|t:|1700569568\n|move|p2a: Zapdos|Hurricane|p1a: Landorus|[miss]\n|-miss|p2a: Zapdos|p1a: Landorus\n|move|p1a: Landorus|Stealth Rock|p2a: Zapdos\n|-sidestart|p2: Herengay|move: Stealth Rock\n|\n|upkeep\n|turn|4\n|\n|t:|1700569577\n|switch|p1a: Typhlosion|Typhlosion, F|100\/100\n|move|p2a: Zapdos|Defog|p1a: Typhlosion\n|-unboost|p1a: Typhlosion|evasion|1\n|-sideend|p2: Herengay|Stealth Rock|[from] move: Defog|[of] p2a: Zapdos\n|\n|upkeep\n|turn|5\n|\n|t:|1700569582\n|switch|p2a: Slowking|Slowking-Galar, F|100\/100\n|move|p1a: Typhlosion|Eruption|p2a: Slowking\n|-damage|p2a: Slowking|58\/100\n|\n|upkeep\n|turn|6\n|\n|t:|1700569598\n|switch|p1a: Ogerpon|Ogerpon-Wellspring, F|100\/100\n|move|p2a: Slowking|Chilly Reception|p2a: Slowking\n|-weather|Snow\n|\n|t:|1700569603\n|switch|p2a: Lopunny|Lopunny, F|100\/100|[from] Chilly Reception\n|\n|-weather|Snow|[upkeep]\n|upkeep\n|turn|7\n|\n|t:|1700569608\n|switch|p1a: Landorus|Landorus-Therian, M|100\/100 par\n|-ability|p1a: Landorus|Intimidate|boost\n|-unboost|p2a: Lopunny|atk|1\n|detailschange|p2a: Lopunny|Lopunny-Mega, F\n|-mega|p2a: Lopunny|Lopunny|Lopunnite\n|move|p2a: Lopunny|Fake Out|p1a: Landorus\n|-damage|p1a: Landorus|83\/100 par\n|\n|-weather|Snow|[upkeep]\n|-heal|p1a: Landorus|89\/100 par|[from] item: Leftovers\n|upkeep\n|turn|8\n|\n|t:|1700569616\n|move|p2a: Lopunny|U-turn|p1a: Landorus\n|-resisted|p1a: Landorus\n|-damage|p1a: Landorus|80\/100 par\n|\n|t:|1700569619\n|switch|p2a: Zapdos|Zapdos|67\/100|[from] U-turn\n|move|p1a: Landorus|Stealth Rock|p2a: Zapdos\n|-sidestart|p2: Herengay|move: Stealth Rock\n|\n|-weather|Snow|[upkeep]\n|-heal|p1a: Landorus|86\/100 par|[from] item: Leftovers\n|upkeep\n|turn|9\n|\n|t:|1700569633\n|switch|p1a: Hatterene|Hatterene, F|100\/100\n|move|p2a: Zapdos|Defog|p1a: Hatterene\n|move|p1a: Hatterene|Defog|p2a: Zapdos|[from]ability: Magic Bounce\n|-unboost|p2a: Zapdos|evasion|1\n|-sideend|p2: Herengay|Stealth Rock|[from] move: Defog|[of] p1a: Hatterene\n|\n|-weather|Snow|[upkeep]\n|upkeep\n|turn|10\n|\n|t:|1700569642\n|switch|p2a: Aegislash|Aegislash, M|100\/100\n|move|p1a: Hatterene|Calm Mind|p1a: Hatterene\n|-boost|p1a: Hatterene|spa|1\n|-boost|p1a: Hatterene|spd|1\n|\n|-weather|none\n|upkeep\n|turn|11\n|\n|t:|1700569650\n|move|p2a: Aegislash|Swords Dance|p2a: Aegislash\n|-boost|p2a: Aegislash|atk|2\n|move|p1a: Hatterene|Mystical Fire|p2a: Aegislash\n|-supereffective|p2a: Aegislash\n|-damage|p2a: Aegislash|50\/100\n|-unboost|p2a: Aegislash|spa|1\n|\n|upkeep\n|turn|12\n|\n|t:|1700569661\n|-formechange|p2a: Aegislash|Aegislash-Blade||[from] ability: Stance Change\n|move|p2a: Aegislash|Iron Head|p1a: Hatterene\n|-supereffective|p1a: Hatterene\n|-damage|p1a: Hatterene|0 fnt\n|faint|p1a: Hatterene\n|\n|upkeep\n|l|\u2606RoadPizza\n|inactive|RoadPizza disconnected and has a minute to reconnect!\n|player|p1|\n|j|\u2606RoadPizza\n|inactive|RoadPizza reconnected and has 120 seconds left.\n|player|p1|RoadPizza|gambler\n|\n|t:|1700569695\n|switch|p1a: Typhlosion|Typhlosion, F|100\/100\n|turn|13\n|inactive|RoadPizza has 120 seconds left.\n|\n|t:|1700569701\n|-formechange|p2a: Aegislash|Aegislash||[from] ability: Stance Change\n|move|p2a: Aegislash|King's Shield|p2a: Aegislash\n|-singleturn|p2a: Aegislash|Protect\n|move|p1a: Typhlosion|Eruption|p2a: Aegislash\n|-activate|p2a: Aegislash|move: Protect\n|\n|upkeep\n|turn|14\n|\n|t:|1700569709\n|switch|p2a: Slowking|Slowking-Galar, F|91\/100\n|move|p1a: Typhlosion|Eruption|p2a: Slowking\n|-damage|p2a: Slowking|44\/100\n|\n|upkeep\n|turn|15\n|\n|t:|1700569721\n|move|p1a: Typhlosion|Eruption|p2a: Slowking\n|-damage|p2a: Slowking|0 fnt\n|faint|p2a: Slowking\n|\n|upkeep\n|\n|t:|1700569724\n|switch|p2a: Lopunny|Lopunny-Mega, F|100\/100\n|turn|16\n|\n|t:|1700569733\n|switch|p1a: Glimmora|Glimmora, M|100\/100\n|move|p2a: Lopunny|Return|p1a: Glimmora\n|-resisted|p1a: Glimmora\n|-damage|p1a: Glimmora|67\/100\n|-activate|p1a: Glimmora|ability: Toxic Debris\n|-sidestart|p2: Herengay|move: Toxic Spikes\n|\n|-heal|p1a: Glimmora|73\/100|[from] item: Black Sludge\n|upkeep\n|turn|17\n|\n|t:|1700569743\n|move|p2a: Lopunny|Close Combat|p1a: Glimmora\n|-damage|p1a: Glimmora|0 fnt\n|-unboost|p2a: Lopunny|def|1\n|-unboost|p2a: Lopunny|spd|1\n|-activate|p1a: Glimmora|ability: Toxic Debris\n|-sidestart|p2: Herengay|move: Toxic Spikes\n|faint|p1a: Glimmora\n|\n|upkeep\n|\n|t:|1700569754\n|switch|p1a: Typhlosion|Typhlosion, F|100\/100\n|turn|18\n|\n|t:|1700569766\n|switch|p2a: Aegislash|Aegislash, M|50\/100\n|move|p1a: Typhlosion|Eruption|p2a: Aegislash\n|-supereffective|p2a: Aegislash\n|-damage|p2a: Aegislash|0 fnt\n|faint|p2a: Aegislash\n|\n|upkeep\n|\n|t:|1700569771\n|switch|p2a: Zapdos|Zapdos|67\/100\n|turn|19\n|\n|t:|1700569776\n|-terastallize|p2a: Zapdos|Water\n|move|p1a: Typhlosion|Eruption|p2a: Zapdos\n|-resisted|p2a: Zapdos\n|-damage|p2a: Zapdos|32\/100\n|move|p2a: Zapdos|Roost|p2a: Zapdos\n|-heal|p2a: Zapdos|82\/100\n|\n|upkeep\n|turn|20\n|\n|t:|1700569786\n|switch|p1a: Ogerpon|Ogerpon-Wellspring, F|100\/100\n|move|p2a: Zapdos|Defog|p1a: Ogerpon\n|-unboost|p1a: Ogerpon|evasion|1\n|-sideend|p2: Herengay|Toxic Spikes|[from] move: Defog|[of] p2a: Zapdos\n|\n|upkeep\n|turn|21\n|\n|t:|1700569793\n|switch|p2a: Garchomp|Garchomp, M|100\/100\n|move|p1a: Ogerpon|Swords Dance|p1a: Ogerpon\n|-boost|p1a: Ogerpon|atk|2\n|\n|upkeep\n|turn|22\n|\n|t:|1700569800\n|move|p1a: Ogerpon|Ivy Cudgel|p2a: Garchomp|[anim] Ivy Cudgel Water\n|-damage|p2a: Garchomp|0 fnt\n|faint|p2a: Garchomp\n|\n|upkeep\n|\n|t:|1700569804\n|switch|p2a: Tapu Koko|Tapu Koko|100\/100\n|-fieldstart|move: Electric Terrain|[from] ability: Electric Surge|[of] p2a: Tapu Koko\n|turn|23\n|\n|t:|1700569815\n|move|p2a: Tapu Koko|Volt Switch|p1a: Ogerpon\n|-damage|p1a: Ogerpon|68\/100\n|\n|t:|1700569818\n|switch|p2a: Zapdos|Zapdos, tera:Water|82\/100|[from] Volt Switch\n|move|p1a: Ogerpon|Horn Leech|p2a: Zapdos\n|-supereffective|p2a: Zapdos\n|-damage|p2a: Zapdos|0 fnt\n|-heal|p1a: Ogerpon|100\/100|[from] drain|[of] p2a: Zapdos\n|-status|p1a: Ogerpon|par|[from] ability: Static|[of] p2a: Zapdos\n|faint|p2a: Zapdos\n|\n|upkeep\n|\n|t:|1700569832\n|switch|p2a: Lopunny|Lopunny-Mega, F|100\/100\n|turn|24\n|\n|t:|1700569837\n|move|p2a: Lopunny|Fake Out|p1a: Ogerpon\n|-damage|p1a: Ogerpon|69\/100 par\n|cant|p1a: Ogerpon|flinch\n|\n|upkeep\n|turn|25\n|\n|t:|1700569847\n|move|p2a: Lopunny|Return|p1a: Ogerpon\n|-damage|p1a: Ogerpon|0 fnt\n|faint|p1a: Ogerpon\n|\n|upkeep\n|\n|t:|1700569851\n|switch|p1a: Landorus|Landorus-Therian, M|86\/100 par\n|-ability|p1a: Landorus|Intimidate|boost\n|-fail|p2a: Lopunny|unboost|Attack|[from] ability: Scrappy|[of] p2a: Lopunny\n|turn|26\n|\n|t:|1700569855\n|move|p2a: Lopunny|Return|p1a: Landorus\n|-damage|p1a: Landorus|21\/100 par\n|move|p1a: Landorus|Earthquake|p2a: Lopunny\n|-damage|p2a: Lopunny|40\/100\n|\n|-heal|p1a: Landorus|28\/100 par|[from] item: Leftovers\n|upkeep\n|turn|27\n|\n|t:|1700569872\n|move|p2a: Lopunny|Return|p1a: Landorus\n|-damage|p1a: Landorus|0 fnt\n|faint|p1a: Landorus\n|\n|-fieldend|move: Electric Terrain\n|upkeep\n|\n|t:|1700569882\n|switch|p1a: Typhlosion|Typhlosion, F|100\/100\n|turn|28\n|\n|t:|1700569887\n|move|p2a: Lopunny|Fake Out||[still]\n|-hint|Fake Out only works on your first turn out.\n|-fail|p2a: Lopunny\n|move|p1a: Typhlosion|Eruption|p2a: Lopunny\n|-damage|p2a: Lopunny|0 fnt\n|faint|p2a: Lopunny\n|\n|upkeep\n|\n|t:|1700569891\n|switch|p2a: Tapu Koko|Tapu Koko|100\/100\n|-fieldstart|move: Electric Terrain|[from] ability: Electric Surge|[of] p2a: Tapu Koko\n|turn|29\n|\n|t:|1700569895\n|-terastallize|p1a: Typhlosion|Fire\n|move|p1a: Typhlosion|Eruption|p2a: Tapu Koko\n|-damage|p2a: Tapu Koko|0 fnt\n|faint|p2a: Tapu Koko\n|\n|win|RoadPizza\n|raw|RoadPizza's rating: 1308 &rarr; <strong>1333<\/strong><br \/>(+25 for winning)\n|raw|Herengay's rating: 1396 &rarr; <strong>1371<\/strong><br \/>(-25 for losing)\n","uploadtime":1700569903,"views":11,"p1id":"roadpizza","p2id":"herengay","formatid":"gen9nationaldex","rating":1333,"private":0,"password":""}