{"id":"gen9nationaldex-1996672074","p1":"An Epic Fatal1ty","p2":"dre from atlantis","format":"[Gen 9] National Dex","log":"|html|<div class=\"broadcast-blue\"><strong>[Gen 9] National Dex is currently suspecting Sneasler! For information on how to participate check out the <a href=\"https:\/\/www.smogon.com\/forums\/threads\/sv-national-dex-suspect-8-just-dance.3731534\/\">suspect thread<\/a>.<\/strong><\/div>\n|j|\u2606An Epic Fatal1ty\n|j|\u2606dre from atlantis\n|t:|1700707849\n|gametype|singles\n|player|p1|An Epic Fatal1ty|266|\n|player|p2|dre from atlantis|marlon|\n|teamsize|p1|3\n|teamsize|p2|3\n|gen|9\n|tier|[Gen 9] National Dex\n|rule|HP Percentage Mod: HP is shown in percentages\n|rule|Endless Battle Clause: Forcing endless battles is banned\n|rule|OHKO Clause: OHKO moves are banned\n|rule|Evasion Clause: Evasion abilities, items, and moves are banned\n|rule|Evasion Abilities Clause: Evasion abilities are banned\n|rule|Evasion Items Clause: Evasion items are banned\n|rule|Evasion Moves Clause: Evasion moves are banned\n|rule|Species Clause: Limit one of each Pok\u00e9mon\n|rule|Sleep Clause Mod: Limit one foe put to sleep\n|clearpoke\n|poke|p1|Nidoking, M|\n|poke|p1|Lapras, M|\n|poke|p1|Scyther, M|\n|poke|p2|Cloyster, F|\n|poke|p2|Scyther, F|\n|poke|p2|Jolteon, M|\n|teampreview\n|j| DayumDaisy\n|\n|t:|1700707876\n|start\n|switch|p1a: Scyther|Scyther, M|100\/100\n|switch|p2a: Scyther|Scyther, F|100\/100\n|turn|1\n|\n|t:|1700707897\n|move|p2a: Scyther|Pounce|p1a: Scyther\n|-resisted|p1a: Scyther\n|-damage|p1a: Scyther|80\/100\n|-unboost|p1a: Scyther|spe|1\n|move|p1a: Scyther|Double-Edge|p2a: Scyther\n|-damage|p2a: Scyther|73\/100\n|-damage|p1a: Scyther|72\/100|[from] Recoil\n|\n|upkeep\n|turn|2\n|j| leapers1\n|\n|t:|1700707910\n|switch|p1a: Lapras|Lapras, M|100\/100\n|move|p2a: Scyther|Dual Wingbeat|p1a: Lapras\n|-damage|p1a: Lapras|77\/100\n|-damage|p1a: Lapras|52\/100\n|-hitcount|p1a: Lapras|2\n|\n|-heal|p1a: Lapras|59\/100|[from] item: Leftovers\n|upkeep\n|turn|3\n|\n|t:|1700707936\n|move|p2a: Scyther|Pounce|p1a: Lapras\n|-damage|p1a: Lapras|30\/100\n|-unboost|p1a: Lapras|spe|1\n|move|p1a: Lapras|Blizzard|p2a: Scyther\n|-supereffective|p2a: Scyther\n|-damage|p2a: Scyther|0 fnt\n|faint|p2a: Scyther\n|\n|-heal|p1a: Lapras|36\/100|[from] item: Leftovers\n|upkeep\n|\n|t:|1700707949\n|switch|p2a: Cloyster|Cloyster, F|100\/100\n|turn|4\n|\n|t:|1700707957\n|switch|p1a: Nidoking|Nidoking, M|100\/100\n|move|p2a: Cloyster|Aqua Ring|p2a: Cloyster\n|-start|p2a: Cloyster|Aqua Ring\n|\n|upkeep\n|turn|5\n|\n|t:|1700707966\n|move|p2a: Cloyster|Icicle Spear|p1a: Nidoking\n|-supereffective|p1a: Nidoking\n|-damage|p1a: Nidoking|78\/100\n|-supereffective|p1a: Nidoking\n|-damage|p1a: Nidoking|55\/100\n|-supereffective|p1a: Nidoking\n|-damage|p1a: Nidoking|30\/100\n|-supereffective|p1a: Nidoking\n|-damage|p1a: Nidoking|8\/100\n|-supereffective|p1a: Nidoking\n|-damage|p1a: Nidoking|0 fnt\n|faint|p1a: Nidoking\n|-hitcount|p1: Nidoking|5\n|\n|upkeep\n|\n|t:|1700707991\n|switch|p1a: Lapras|Lapras, M|36\/100\n|turn|6\n|\n|t:|1700707997\n|move|p2a: Cloyster|Clamp|p1a: Lapras\n|-heal|p1a: Lapras|61\/100|[from] ability: Water Absorb|[of] p2a: Cloyster\n|move|p1a: Lapras|Hydro Pump|p2a: Cloyster\n|-resisted|p2a: Cloyster\n|-damage|p2a: Cloyster|53\/100\n|\n|-heal|p2a: Cloyster|59\/100|[from] item: Leftovers\n|-heal|p1a: Lapras|67\/100|[from] item: Leftovers\n|-heal|p2a: Cloyster|66\/100|[from] Aqua Ring\n|upkeep\n|turn|7\n|\n|t:|1700708020\n|move|p2a: Cloyster|Icicle Spear|p1a: Lapras\n|-resisted|p1a: Lapras\n|-damage|p1a: Lapras|65\/100\n|-resisted|p1a: Lapras\n|-damage|p1a: Lapras|63\/100\n|-resisted|p1a: Lapras\n|-damage|p1a: Lapras|60\/100\n|-resisted|p1a: Lapras\n|-damage|p1a: Lapras|58\/100\n|-resisted|p1a: Lapras\n|-damage|p1a: Lapras|55\/100\n|-hitcount|p1a: Lapras|5\n|move|p1a: Lapras|Hydro Pump|p2a: Cloyster|[miss]\n|-miss|p1a: Lapras|p2a: Cloyster\n|\n|-heal|p2a: Cloyster|72\/100|[from] item: Leftovers\n|-heal|p1a: Lapras|62\/100|[from] item: Leftovers\n|-heal|p2a: Cloyster|78\/100|[from] Aqua Ring\n|upkeep\n|turn|8\n|\n|t:|1700708055\n|move|p2a: Cloyster|Shell Smash|p2a: Cloyster\n|-unboost|p2a: Cloyster|def|1\n|-unboost|p2a: Cloyster|spd|1\n|-boost|p2a: Cloyster|atk|2\n|-boost|p2a: Cloyster|spa|2\n|-boost|p2a: Cloyster|spe|2\n|move|p1a: Lapras|Liquidation|p2a: Cloyster\n|-resisted|p2a: Cloyster\n|-damage|p2a: Cloyster|61\/100\n|\n|-heal|p2a: Cloyster|67\/100|[from] item: Leftovers\n|-heal|p1a: Lapras|68\/100|[from] item: Leftovers\n|-heal|p2a: Cloyster|73\/100|[from] Aqua Ring\n|upkeep\n|turn|9\n|\n|t:|1700708073\n|move|p2a: Cloyster|Icicle Spear|p1a: Lapras\n|-resisted|p1a: Lapras\n|-damage|p1a: Lapras|63\/100\n|-resisted|p1a: Lapras\n|-damage|p1a: Lapras|59\/100\n|-resisted|p1a: Lapras\n|-damage|p1a: Lapras|54\/100\n|-resisted|p1a: Lapras\n|-damage|p1a: Lapras|48\/100\n|-resisted|p1a: Lapras\n|-damage|p1a: Lapras|43\/100\n|-hitcount|p1a: Lapras|5\n|move|p1a: Lapras|Hydro Pump|p2a: Cloyster\n|-resisted|p2a: Cloyster\n|-damage|p2a: Cloyster|0 fnt\n|faint|p2a: Cloyster\n|\n|-heal|p1a: Lapras|49\/100|[from] item: Leftovers\n|upkeep\n|\n|t:|1700708087\n|switch|p2a: Jolteon|Jolteon, M|100\/100\n|turn|10\n|\n|t:|1700708096\n|switch|p1a: Scyther|Scyther, M|72\/100\n|move|p2a: Jolteon|Discharge|p1a: Scyther\n|-supereffective|p1a: Scyther\n|-damage|p1a: Scyther|0 fnt\n|faint|p1a: Scyther\n|\n|upkeep\n|\n|t:|1700708103\n|switch|p1a: Lapras|Lapras, M|49\/100\n|turn|11\n|\n|t:|1700708113\n|move|p2a: Jolteon|Discharge|p1a: Lapras\n|-supereffective|p1a: Lapras\n|-damage|p1a: Lapras|0 fnt\n|faint|p1a: Lapras\n|\n|win|dre from atlantis\n","uploadtime":1700708118,"views":2,"p1id":"anepicfatal1ty","p2id":"drefromatlantis","formatid":"gen9nationaldex","rating":0,"private":0,"password":""}