{"id":"gen9nationaldex-1998488414","p1":"Onlymanever","p2":"hicknick2","format":"[Gen 9] National Dex","log":"|html|<div class=\"broadcast-blue\"><strong>[Gen 9] National Dex is currently suspecting Sneasler! For information on how to participate check out the <a href=\"https:\/\/www.smogon.com\/forums\/threads\/sv-national-dex-suspect-8-just-dance.3731534\/\">suspect thread<\/a>.<\/strong><\/div>\n|j|\u203dOnlymanever\n|j|\u2606hicknick2\n|t:|1700948008\n|gametype|singles\n|player|p1|Onlymanever|lyra|1070\n|player|p2|hicknick2|cyrus|1133\n|teamsize|p1|6\n|teamsize|p2|6\n|gen|9\n|tier|[Gen 9] National Dex\n|rated|\n|rule|HP Percentage Mod: HP is shown in percentages\n|rule|Endless Battle Clause: Forcing endless battles is banned\n|rule|OHKO Clause: OHKO moves are banned\n|rule|Evasion Clause: Evasion abilities, items, and moves are banned\n|rule|Evasion Abilities Clause: Evasion abilities are banned\n|rule|Evasion Items Clause: Evasion items are banned\n|rule|Evasion Moves Clause: Evasion moves are banned\n|rule|Species Clause: Limit one of each Pok\u00e9mon\n|rule|Sleep Clause Mod: Limit one foe put to sleep\n|clearpoke\n|poke|p1|Decidueye, F|\n|poke|p1|Bruxish, M|\n|poke|p1|Turtonator, F|\n|poke|p1|Lycanroc, F|\n|poke|p1|Komala, M|\n|poke|p1|Vikavolt, F|\n|poke|p2|Absol, M|\n|poke|p2|Sharpedo, F|\n|poke|p2|Ting-Lu|\n|poke|p2|Meganium, M|\n|poke|p2|Great Tusk|\n|poke|p2|Taillow, L1, M|\n|teampreview\n|\n|t:|1700948018\n|start\n|switch|p1a: Vikavolt|Vikavolt, F|100\/100\n|switch|p2a: Great Tusk|Great Tusk|100\/100\n|-enditem|p2a: Great Tusk|Booster Energy\n|-activate|p2a: Great Tusk|ability: Protosynthesis|[fromitem]\n|-start|p2a: Great Tusk|protosynthesisatk\n|turn|1\n|\n|t:|1700948029\n|move|p2a: Great Tusk|Stealth Rock|p1a: Vikavolt\n|-sidestart|p1: Onlymanever|move: Stealth Rock\n|move|p1a: Vikavolt|Sticky Web|p2a: Great Tusk\n|-sidestart|p2: hicknick2|move: Sticky Web\n|\n|upkeep\n|turn|2\n|\n|t:|1700948045\n|move|p2a: Great Tusk|Rapid Spin|p1a: Vikavolt\n|-damage|p1a: Vikavolt|71\/100\n|-boost|p2a: Great Tusk|spe|1\n|-sideend|p2: hicknick2|Sticky Web|[from] move: Rapid Spin|[of] p2a: Great Tusk\n|move|p1a: Vikavolt|Bug Buzz|p2a: Great Tusk\n|-resisted|p2a: Great Tusk\n|-damage|p2a: Great Tusk|69\/100\n|\n|-heal|p1a: Vikavolt|77\/100|[from] item: Leftovers\n|upkeep\n|turn|3\n|\n|t:|1700948057\n|move|p2a: Great Tusk|Close Combat|p1a: Vikavolt\n|-resisted|p1a: Vikavolt\n|-damage|p1a: Vikavolt|23\/100\n|-unboost|p2a: Great Tusk|def|1\n|-unboost|p2a: Great Tusk|spd|1\n|move|p1a: Vikavolt|Sticky Web|p2a: Great Tusk\n|-sidestart|p2: hicknick2|move: Sticky Web\n|\n|-heal|p1a: Vikavolt|29\/100|[from] item: Leftovers\n|upkeep\n|turn|4\n|\n|t:|1700948070\n|move|p2a: Great Tusk|Rapid Spin|p1a: Vikavolt\n|-damage|p1a: Vikavolt|0 fnt\n|-boost|p2a: Great Tusk|spe|1\n|-sideend|p2: hicknick2|Sticky Web|[from] move: Rapid Spin|[of] p2a: Great Tusk\n|faint|p1a: Vikavolt\n|\n|upkeep\n|\n|t:|1700948080\n|switch|p1a: Decidueye|Decidueye, F|100\/100\n|-damage|p1a: Decidueye|88\/100|[from] Stealth Rock\n|turn|5\n|\n|t:|1700948089\n|move|p2a: Great Tusk|Headlong Rush|p1a: Decidueye\n|-resisted|p1a: Decidueye\n|-damage|p1a: Decidueye|21\/100\n|-unboost|p2a: Great Tusk|def|1\n|-unboost|p2a: Great Tusk|spd|1\n|move|p1a: Decidueye|Leaf Blade|p2a: Great Tusk\n|-supereffective|p2a: Great Tusk\n|-damage|p2a: Great Tusk|0 fnt\n|faint|p2a: Great Tusk\n|-end|p2a: Great Tusk|Protosynthesis|[silent]\n|\n|-heal|p1a: Decidueye|27\/100|[from] item: Leftovers\n|upkeep\n|\n|t:|1700948106\n|switch|p2a: Sharpedo|Sharpedo, F|100\/100\n|turn|6\n|inactive|Battle timer is ON: inactive players will automatically lose when time's up. (requested by Onlymanever)\n|\n|t:|1700948112\n|move|p2a: Sharpedo|Crunch|p1a: Decidueye\n|-supereffective|p1a: Decidueye\n|-damage|p1a: Decidueye|0 fnt\n|faint|p1a: Decidueye\n|\n|-ability|p2a: Sharpedo|Speed Boost|boost\n|-boost|p2a: Sharpedo|spe|1\n|upkeep\n|\n|t:|1700948130\n|switch|p1a: Turtonator|Turtonator, F|100\/100\n|-damage|p1a: Turtonator|76\/100|[from] Stealth Rock\n|turn|7\n|\n|t:|1700948139\n|move|p2a: Sharpedo|Liquidation|p1a: Turtonator\n|-damage|p1a: Turtonator|33\/100\n|move|p1a: Turtonator|Dragon Claw|p2a: Sharpedo\n|-damage|p2a: Sharpedo|22\/100\n|\n|-heal|p1a: Turtonator|39\/100|[from] item: Leftovers\n|-ability|p2a: Sharpedo|Speed Boost|boost\n|-boost|p2a: Sharpedo|spe|1\n|upkeep\n|turn|8\n|\n|t:|1700948151\n|move|p2a: Sharpedo|Destiny Bond|p2a: Sharpedo\n|-singlemove|p2a: Sharpedo|Destiny Bond\n|move|p1a: Turtonator|Dragon Claw|p2a: Sharpedo\n|-damage|p2a: Sharpedo|0 fnt\n|faint|p2a: Sharpedo\n|-activate|p2a: Sharpedo|move: Destiny Bond\n|faint|p1a: Turtonator\n|\n|upkeep\n|\n|t:|1700948169\n|switch|p2a: Ting-Lu|Ting-Lu|100\/100\n|switch|p1a: Komala|Komala, M|100\/100\n|-damage|p1a: Komala|88\/100|[from] Stealth Rock\n|-ability|p1a: Komala|Comatose\n|-ability|p2a: Ting-Lu|Vessel of Ruin\n|turn|9\n|\n|t:|1700948188\n|move|p1a: Komala|Yawn|p2a: Ting-Lu\n|-start|p2a: Ting-Lu|move: Yawn|[of] p1a: Komala\n|move|p2a: Ting-Lu|Throat Chop|p1a: Komala\n|-damage|p1a: Komala|0 fnt\n|faint|p1a: Komala\n|\n|upkeep\n|\n|t:|1700948205\n|switch|p1a: Lycanroc|Lycanroc, F|100\/100\n|-damage|p1a: Lycanroc|88\/100|[from] Stealth Rock\n|turn|10\n|\n|t:|1700948212\n|move|p1a: Lycanroc|Bulk Up|p1a: Lycanroc\n|-boost|p1a: Lycanroc|atk|1\n|-boost|p1a: Lycanroc|def|1\n|move|p2a: Ting-Lu|Throat Chop|p1a: Lycanroc\n|-damage|p1a: Lycanroc|23\/100\n|-start|p1a: Lycanroc|Throat Chop|[silent]\n|\n|-heal|p1a: Lycanroc|29\/100|[from] item: Leftovers\n|-end|p2a: Ting-Lu|move: Yawn|[silent]\n|-status|p2a: Ting-Lu|slp\n|upkeep\n|turn|11\n|\n|t:|1700948223\n|switch|p2a: Meganium|Meganium, M|100\/100\n|move|p1a: Lycanroc|Bulk Up|p1a: Lycanroc\n|-boost|p1a: Lycanroc|atk|1\n|-boost|p1a: Lycanroc|def|1\n|\n|-heal|p1a: Lycanroc|35\/100|[from] item: Leftovers\n|-end|p1a: Lycanroc|Throat Chop|[silent]\n|upkeep\n|turn|12\n|\n|t:|1700948235\n|-terastallize|p1a: Lycanroc|Rock\n|move|p1a: Lycanroc|Stone Edge|p2a: Meganium\n|-damage|p2a: Meganium|0 fnt\n|faint|p2a: Meganium\n|\n|-heal|p1a: Lycanroc|41\/100|[from] item: Leftovers\n|upkeep\n|\n|t:|1700948241\n|switch|p2a: Ting-Lu|Ting-Lu|100\/100 slp\n|-ability|p2a: Ting-Lu|Vessel of Ruin\n|turn|13\n|\n|t:|1700948250\n|move|p1a: Lycanroc|Close Combat|p2a: Ting-Lu\n|-supereffective|p2a: Ting-Lu\n|-damage|p2a: Ting-Lu|10\/100 slp\n|-unboost|p1a: Lycanroc|def|1\n|-unboost|p1a: Lycanroc|spd|1\n|cant|p2a: Ting-Lu|slp\n|\n|-heal|p1a: Lycanroc|48\/100|[from] item: Leftovers\n|upkeep\n|turn|14\n|\n|t:|1700948265\n|move|p1a: Lycanroc|Accelerock|p2a: Ting-Lu\n|-resisted|p2a: Ting-Lu\n|-damage|p2a: Ting-Lu|0 fnt\n|faint|p2a: Ting-Lu\n|\n|-heal|p1a: Lycanroc|54\/100|[from] item: Leftovers\n|upkeep\n|\n|t:|1700948283\n|switch|p2a: Taillow|Taillow, L1, M|100\/100\n|turn|15\n|inactive|hicknick2 has 120 seconds left.\n|\n|t:|1700948310\n|move|p1a: Lycanroc|Accelerock|p2a: Taillow\n|-supereffective|p2a: Taillow\n|-enditem|p2a: Taillow|Focus Sash\n|-damage|p2a: Taillow|9\/100\n|move|p2a: Taillow|Endeavor|p1a: Lycanroc\n|-damage|p1a: Lycanroc|1\/100\n|\n|-heal|p1a: Lycanroc|7\/100|[from] item: Leftovers\n|upkeep\n|turn|16\n|inactive|hicknick2 has 120 seconds left.\n|\n|t:|1700948323\n|move|p1a: Lycanroc|Accelerock|p2a: Taillow\n|-supereffective|p2a: Taillow\n|-damage|p2a: Taillow|0 fnt\n|faint|p2a: Taillow\n|\n|-heal|p1a: Lycanroc|13\/100|[from] item: Leftovers\n|upkeep\n|inactive|hicknick2 has 120 seconds left.\n|\n|t:|1700948328\n|switch|p2a: Absol|Absol, M|100\/100\n|-ability|p2a: Absol|Pressure\n|turn|17\n|inactive|hicknick2 has 120 seconds left.\n|\n|t:|1700948341\n|detailschange|p2a: Absol|Absol-Mega, M\n|-mega|p2a: Absol|Absol|Absolite\n|move|p1a: Lycanroc|Accelerock|p2a: Absol\n|-damage|p2a: Absol|0 fnt\n|faint|p2a: Absol\n|\n|win|Onlymanever\n|raw|Onlymanever's rating: 1070 &rarr; <strong>1105<\/strong><br \/>(+35 for winning)\n|raw|hicknick2's rating: 1133 &rarr; <strong>1104<\/strong><br \/>(-29 for losing)\n|l|\u2606hicknick2\n","uploadtime":1700948350,"views":1,"p1id":"onlymanever","p2id":"hicknick2","formatid":"gen9nationaldex","rating":1104,"private":0,"password":""}