{"id":"gen9nationaldex-1988697486","p1":"Allahsmh","p2":"Prtbl_Trash","format":"[Gen 9] National Dex","log":"|j|\u2606Allahsmh\n|j|\u2606Prtbl_Trash\n|t:|1699751948\n|gametype|singles\n|player|p1|Allahsmh|hilbert|1296\n|player|p2|Prtbl_Trash|rosa|1369\n|teamsize|p1|6\n|teamsize|p2|6\n|gen|9\n|tier|[Gen 9] National Dex\n|rated|\n|rule|HP Percentage Mod: HP is shown in percentages\n|rule|Endless Battle Clause: Forcing endless battles is banned\n|rule|OHKO Clause: OHKO moves are banned\n|rule|Evasion Clause: Evasion abilities, items, and moves are banned\n|rule|Evasion Abilities Clause: Evasion abilities are banned\n|rule|Evasion Items Clause: Evasion items are banned\n|rule|Evasion Moves Clause: Evasion moves are banned\n|rule|Species Clause: Limit one of each Pok\u00e9mon\n|rule|Sleep Clause Mod: Limit one foe put to sleep\n|clearpoke\n|poke|p1|Kartana|\n|poke|p1|Swampert, M|\n|poke|p1|Tapu Koko|\n|poke|p1|Pelipper, M|\n|poke|p1|Sneasler, F|\n|poke|p1|Dragonite, M|\n|poke|p2|Thundurus-Therian, M|\n|poke|p2|Toxapex, F|\n|poke|p2|Excadrill, M|\n|poke|p2|Skeledirge, F|\n|poke|p2|Meowscarada, M|\n|poke|p2|Lopunny, M|\n|teampreview\n|inactive|Battle timer is ON: inactive players will automatically lose when time's up. (requested by Prtbl_Trash)\n|\n|t:|1699751953\n|start\n|switch|p1a: Pelipper|Pelipper, M|100\/100\n|switch|p2a: Thundurus|Thundurus-Therian, M|100\/100\n|-weather|RainDance|[from] ability: Drizzle|[of] p1a: Pelipper\n|turn|1\n|\n|t:|1699751961\n|switch|p1a: Swampert|Swampert, M|100\/100\n|move|p2a: Thundurus|Grass Knot|p1a: Swampert\n|-supereffective|p1a: Swampert\n|-damage|p1a: Swampert|0 fnt\n|faint|p1a: Swampert\n|\n|-weather|RainDance|[upkeep]\n|upkeep\n|\n|t:|1699751980\n|switch|p1a: Kartana|Kartana|100\/100\n|turn|2\n|\n|t:|1699751997\n|switch|p2a: Lopunny|Lopunny, M|100\/100\n|-zpower|p1a: Kartana\n|move|p1a: Kartana|Breakneck Blitz|p2a: Lopunny|[zeffect]\n|-damage|p2a: Lopunny|0 fnt\n|faint|p2a: Lopunny\n|-ability|p1a: Kartana|Beast Boost|boost\n|-boost|p1a: Kartana|atk|1\n|\n|-weather|RainDance|[upkeep]\n|upkeep\n|\n|t:|1699752014\n|switch|p2a: Skeledirge|Skeledirge, F|100\/100\n|turn|3\n|\n|t:|1699752019\n|switch|p1a: Pelipper|Pelipper, M|100\/100\n|-terastallize|p2a: Skeledirge|Water\n|move|p2a: Skeledirge|Will-O-Wisp|p1a: Pelipper\n|-status|p1a: Pelipper|brn\n|\n|-weather|RainDance|[upkeep]\n|-damage|p1a: Pelipper|94\/100 brn|[from] brn\n|upkeep\n|turn|4\n|\n|t:|1699752029\n|move|p2a: Skeledirge|Torch Song|p1a: Pelipper\n|-resisted|p1a: Pelipper\n|-damage|p1a: Pelipper|85\/100 brn\n|-boost|p2a: Skeledirge|spa|1\n|move|p1a: Pelipper|Knock Off|p2a: Skeledirge\n|-damage|p2a: Skeledirge|96\/100\n|-enditem|p2a: Skeledirge|Heavy-Duty Boots|[from] move: Knock Off|[of] p1a: Pelipper\n|\n|-weather|RainDance|[upkeep]\n|-damage|p1a: Pelipper|79\/100 brn|[from] brn\n|upkeep\n|turn|5\n|\n|t:|1699752045\n|switch|p1a: Tapu Koko|Tapu Koko|100\/100\n|-fieldstart|move: Electric Terrain|[from] ability: Electric Surge|[of] p1a: Tapu Koko\n|move|p2a: Skeledirge|Torch Song|p1a: Tapu Koko\n|-damage|p1a: Tapu Koko|69\/100\n|-boost|p2a: Skeledirge|spa|1\n|\n|-weather|none\n|upkeep\n|turn|6\n|\n|t:|1699752059\n|move|p1a: Tapu Koko|Volt Switch|p2a: Skeledirge\n|-supereffective|p2a: Skeledirge\n|-damage|p2a: Skeledirge|16\/100\n|\n|t:|1699752063\n|switch|p1a: Pelipper|Pelipper, M|79\/100 brn|[from] Volt Switch\n|-weather|RainDance|[from] ability: Drizzle|[of] p1a: Pelipper\n|move|p2a: Skeledirge|Torch Song|p1a: Pelipper\n|-resisted|p1a: Pelipper\n|-damage|p1a: Pelipper|61\/100 brn\n|-boost|p2a: Skeledirge|spa|1\n|\n|-weather|RainDance|[upkeep]\n|-damage|p1a: Pelipper|55\/100 brn|[from] brn\n|upkeep\n|turn|7\n|\n|t:|1699752076\n|move|p2a: Skeledirge|Slack Off|p2a: Skeledirge\n|-heal|p2a: Skeledirge|66\/100\n|move|p1a: Pelipper|Hurricane|p2a: Skeledirge\n|-damage|p2a: Skeledirge|41\/100\n|\n|-weather|RainDance|[upkeep]\n|-damage|p1a: Pelipper|49\/100 brn|[from] brn\n|upkeep\n|turn|8\n|\n|t:|1699752088\n|switch|p1a: Tapu Koko|Tapu Koko|69\/100\n|move|p2a: Skeledirge|Hex|p1a: Tapu Koko\n|-damage|p1a: Tapu Koko|0 fnt\n|faint|p1a: Tapu Koko\n|\n|-weather|RainDance|[upkeep]\n|upkeep\n|\n|t:|1699752095\n|switch|p1a: Kartana|Kartana|100\/100\n|turn|9\n|\n|t:|1699752102\n|switch|p2a: Thundurus|Thundurus-Therian, M|100\/100\n|move|p1a: Kartana|Leaf Blade|p2a: Thundurus\n|-resisted|p2a: Thundurus\n|-crit|p2a: Thundurus\n|-damage|p2a: Thundurus|32\/100\n|\n|-weather|RainDance|[upkeep]\n|-fieldend|move: Electric Terrain\n|upkeep\n|turn|10\n|\n|t:|1699752111\n|move|p1a: Kartana|Leaf Blade|p2a: Thundurus\n|-resisted|p2a: Thundurus\n|-damage|p2a: Thundurus|0 fnt\n|faint|p2a: Thundurus\n|-ability|p1a: Kartana|Beast Boost|boost\n|-boost|p1a: Kartana|atk|1\n|\n|-weather|none\n|upkeep\n|\n|t:|1699752115\n|switch|p2a: Excadrill|Excadrill, M|100\/100\n|-ability|p2a: Excadrill|Mold Breaker\n|turn|11\n|\n|t:|1699752122\n|move|p1a: Kartana|Leaf Blade|p2a: Excadrill\n|-enditem|p2a: Excadrill|Focus Sash\n|-damage|p2a: Excadrill|1\/100\n|move|p2a: Excadrill|Rapid Spin|p1a: Kartana\n|-resisted|p1a: Kartana\n|-damage|p1a: Kartana|90\/100\n|-boost|p2a: Excadrill|spe|1\n|\n|upkeep\n|turn|12\n|\n|t:|1699752135\n|move|p2a: Excadrill|Earthquake|p1a: Kartana\n|-damage|p1a: Kartana|36\/100\n|move|p1a: Kartana|Leaf Blade|p2a: Excadrill\n|-damage|p2a: Excadrill|0 fnt\n|faint|p2a: Excadrill\n|-ability|p1a: Kartana|Beast Boost|boost\n|-boost|p1a: Kartana|atk|1\n|\n|upkeep\n|\n|t:|1699752138\n|switch|p2a: Meowscarada|Meowscarada, M|100\/100\n|turn|13\n|\n|t:|1699752147\n|move|p2a: Meowscarada|Sucker Punch|p1a: Kartana\n|-start|p2a: Meowscarada|typechange|Dark|[from] ability: Protean\n|-damage|p1a: Kartana|0 fnt\n|faint|p1a: Kartana\n|\n|upkeep\n|\n|t:|1699752153\n|switch|p1a: Pelipper|Pelipper, M|49\/100 brn\n|-weather|RainDance|[from] ability: Drizzle|[of] p1a: Pelipper\n|turn|14\n|\n|t:|1699752161\n|switch|p2a: Toxapex|Toxapex, F|100\/100\n|move|p1a: Pelipper|Hurricane|p2a: Toxapex\n|-damage|p2a: Toxapex|73\/100\n|\n|-weather|RainDance|[upkeep]\n|-damage|p1a: Pelipper|42\/100 brn|[from] brn\n|upkeep\n|turn|15\n|\n|t:|1699752170\n|switch|p1a: Dragonite|Dragonite, M|100\/100\n|switch|p2a: Skeledirge|Skeledirge, F, tera:Water|41\/100\n|\n|-weather|RainDance|[upkeep]\n|upkeep\n|turn|16\n|\n|t:|1699752190\n|-terastallize|p1a: Dragonite|Normal\n|move|p1a: Dragonite|Extreme Speed|p2a: Skeledirge\n|-damage|p2a: Skeledirge|1\/100\n|move|p2a: Skeledirge|Will-O-Wisp|p1a: Dragonite\n|-status|p1a: Dragonite|brn\n|\n|-weather|RainDance|[upkeep]\n|-damage|p1a: Dragonite|94\/100 brn|[from] brn\n|upkeep\n|turn|17\n|\n|t:|1699752208\n|move|p1a: Dragonite|Extreme Speed|p2a: Skeledirge\n|-damage|p2a: Skeledirge|0 fnt\n|faint|p2a: Skeledirge\n|\n|-weather|RainDance|[upkeep]\n|-damage|p1a: Dragonite|88\/100 brn|[from] brn\n|upkeep\n|\n|t:|1699752209\n|switch|p2a: Meowscarada|Meowscarada, M|100\/100\n|turn|18\n|\n|t:|1699752216\n|move|p2a: Meowscarada|Knock Off|p1a: Dragonite\n|-start|p2a: Meowscarada|typechange|Dark|[from] ability: Protean\n|-damage|p1a: Dragonite|5\/100 brn\n|-enditem|p1a: Dragonite|Heavy-Duty Boots|[from] move: Knock Off|[of] p2a: Meowscarada\n|move|p1a: Dragonite|Dragon Dance|p1a: Dragonite\n|-boost|p1a: Dragonite|atk|1\n|-boost|p1a: Dragonite|spe|1\n|\n|-weather|none\n|-damage|p1a: Dragonite|0 fnt|[from] brn\n|faint|p1a: Dragonite\n|upkeep\n|\n|t:|1699752227\n|switch|p1a: Sneasler|Sneasler, F|100\/100\n|turn|19\n|\n|t:|1699752232\n|switch|p2a: Toxapex|Toxapex, F|100\/100\n|move|p1a: Sneasler|Close Combat|p2a: Toxapex\n|-resisted|p2a: Toxapex\n|-damage|p2a: Toxapex|81\/100\n|-unboost|p1a: Sneasler|def|1\n|-unboost|p1a: Sneasler|spd|1\n|\n|upkeep\n|turn|20\n|\n|t:|1699752240\n|switch|p1a: Pelipper|Pelipper, M|42\/100 brn\n|-weather|RainDance|[from] ability: Drizzle|[of] p1a: Pelipper\n|move|p2a: Toxapex|Scald|p1a: Pelipper\n|-resisted|p1a: Pelipper\n|-damage|p1a: Pelipper|26\/100 brn\n|\n|-weather|RainDance|[upkeep]\n|-damage|p1a: Pelipper|20\/100 brn|[from] brn\n|upkeep\n|turn|21\n|\n|t:|1699752251\n|switch|p2a: Meowscarada|Meowscarada, M|100\/100\n|move|p1a: Pelipper|Knock Off|p2a: Meowscarada\n|-resisted|p2a: Meowscarada\n|-damage|p2a: Meowscarada|96\/100\n|-enditem|p2a: Meowscarada|Choice Band|[from] move: Knock Off|[of] p1a: Pelipper\n|\n|-weather|RainDance|[upkeep]\n|-damage|p1a: Pelipper|13\/100 brn|[from] brn\n|upkeep\n|turn|22\n|\n|t:|1699752260\n|move|p2a: Meowscarada|U-turn|p1a: Pelipper\n|-start|p2a: Meowscarada|typechange|Bug|[from] ability: Protean\n|-resisted|p1a: Pelipper\n|-damage|p1a: Pelipper|0 fnt\n|faint|p1a: Pelipper\n|\n|t:|1699752265\n|switch|p2a: Toxapex|Toxapex, F|100\/100|[from] U-turn\n|\n|-weather|RainDance|[upkeep]\n|upkeep\n|l|\u2606Allahsmh\n|inactive|Allahsmh disconnected and has a minute to reconnect!\n|player|p1|\n|inactive|Allahsmh has 30 seconds to reconnect!\n|inactive|Allahsmh has 20 seconds to reconnect!\n|inactive|Allahsmh has 15 seconds to reconnect!\n|inactive|Allahsmh has 10 seconds to reconnect!\n|inactive|Allahsmh has 5 seconds to reconnect!\n|-message|Allahsmh lost due to inactivity.\n|\n|win|Prtbl_Trash\n|raw|Allahsmh's rating: 1296 &rarr; <strong>1276<\/strong><br \/>(-20 for losing)\n|raw|Prtbl_Trash's rating: 1369 &rarr; <strong>1385<\/strong><br \/>(+16 for winning)\n","uploadtime":1699752338,"views":15,"p1id":"allahsmh","p2id":"prtbltrash","formatid":"gen9nationaldex","rating":1276,"private":0,"password":""}