{"id":"gen9nationaldex-1998438297","p1":"ITS EDOT BABY","p2":"Spookycooke","format":"[Gen 9] National Dex","log":"|html|<div class=\"broadcast-blue\"><strong>[Gen 9] National Dex is currently suspecting Sneasler! For information on how to participate check out the <a href=\"https:\/\/www.smogon.com\/forums\/threads\/sv-national-dex-suspect-8-just-dance.3731534\/\">suspect thread<\/a>.<\/strong><\/div>\n|j|\u2606ITS EDOT BABY\n|j|\u2606Spookycooke\n|t:|1700942332\n|gametype|singles\n|player|p1|ITS EDOT BABY|ariana|1785\n|player|p2|Spookycooke|allister|1819\n|teamsize|p1|6\n|teamsize|p2|6\n|gen|9\n|tier|[Gen 9] National Dex\n|rated|\n|rule|HP Percentage Mod: HP is shown in percentages\n|rule|Endless Battle Clause: Forcing endless battles is banned\n|rule|OHKO Clause: OHKO moves are banned\n|rule|Evasion Clause: Evasion abilities, items, and moves are banned\n|rule|Evasion Abilities Clause: Evasion abilities are banned\n|rule|Evasion Items Clause: Evasion items are banned\n|rule|Evasion Moves Clause: Evasion moves are banned\n|rule|Species Clause: Limit one of each Pok\u00e9mon\n|rule|Sleep Clause Mod: Limit one foe put to sleep\n|clearpoke\n|poke|p1|Scizor, F|\n|poke|p1|Garchomp, F|\n|poke|p1|Zeraora|\n|poke|p1|Skeledirge, M|\n|poke|p1|Slowking-Galar, M|\n|poke|p1|Samurott-Hisui, F|\n|poke|p2|Ribombee, F|\n|poke|p2|Nihilego|\n|poke|p2|Kartana|\n|poke|p2|Great Tusk|\n|poke|p2|Skeledirge, M|\n|poke|p2|Banette, M|\n|teampreview\n|\n|t:|1700942336\n|start\n|switch|p1a: JIGGY IN JERSEY|Scizor, F|100\/100\n|switch|p2a: Ribombee|Ribombee, F|100\/100\n|turn|1\n|\n|t:|1700942338\n|detailschange|p1a: JIGGY IN JERSEY|Scizor-Mega, F\n|-mega|p1a: JIGGY IN JERSEY|Scizor|Scizorite\n|move|p1a: JIGGY IN JERSEY|Bullet Punch|p2a: Ribombee\n|-supereffective|p2a: Ribombee\n|-enditem|p2a: Ribombee|Focus Sash\n|-damage|p2a: Ribombee|1\/100\n|move|p2a: Ribombee|Sticky Web|p1a: JIGGY IN JERSEY\n|-sidestart|p1: ITS EDOT BABY|move: Sticky Web\n|\n|upkeep\n|turn|2\n|inactive|Battle timer is ON: inactive players will automatically lose when time's up. (requested by Spookycooke)\n|\n|t:|1700942343\n|switch|p2a: Skeledirge|Skeledirge, M|100\/100\n|move|p1a: JIGGY IN JERSEY|Defog|p2a: Skeledirge\n|-unboost|p2a: Skeledirge|evasion|1\n|-sideend|p1: ITS EDOT BABY|Sticky Web|[from] move: Defog|[of] p1a: JIGGY IN JERSEY\n|\n|upkeep\n|turn|3\n|\n|t:|1700942348\n|switch|p1a: blove|Slowking-Galar, M|100\/100\n|move|p2a: Skeledirge|Will-O-Wisp|p1a: blove\n|-status|p1a: blove|brn\n|\n|-damage|p1a: blove|94\/100 brn|[from] brn\n|upkeep\n|turn|4\n|\n|t:|1700942357\n|switch|p2a: Nihilego|Nihilego|100\/100\n|switch|p1a: OPP SPOTTER|Samurott-Hisui, F|100\/100\n|\n|upkeep\n|turn|5\n|\n|t:|1700942363\n|switch|p2a: Great Tusk|Great Tusk|100\/100\n|move|p1a: OPP SPOTTER|Ceaseless Edge|p2a: Great Tusk\n|-resisted|p2a: Great Tusk\n|-damage|p2a: Great Tusk|84\/100\n|-sidestart|p2: Spookycooke|Spikes\n|\n|-heal|p2a: Great Tusk|90\/100|[from] item: Leftovers\n|upkeep\n|turn|6\n|\n|t:|1700942371\n|switch|p1a: JIGGY IN JERSEY|Scizor-Mega, F|100\/100\n|move|p2a: Great Tusk|Rapid Spin|p1a: JIGGY IN JERSEY\n|-resisted|p1a: JIGGY IN JERSEY\n|-damage|p1a: JIGGY IN JERSEY|95\/100\n|-boost|p2a: Great Tusk|spe|1\n|-sideend|p2: Spookycooke|Spikes|[from] move: Rapid Spin|[of] p2a: Great Tusk\n|\n|-heal|p2a: Great Tusk|96\/100|[from] item: Leftovers\n|upkeep\n|turn|7\n|\n|t:|1700942373\n|move|p2a: Great Tusk|Bulk Up|p2a: Great Tusk\n|-boost|p2a: Great Tusk|atk|1\n|-boost|p2a: Great Tusk|def|1\n|move|p1a: JIGGY IN JERSEY|U-turn|p2a: Great Tusk\n|-resisted|p2a: Great Tusk\n|-damage|p2a: Great Tusk|89\/100\n|\n|t:|1700942375\n|switch|p1a: when kayflock free|Skeledirge, M|100\/100|[from] U-turn\n|\n|-heal|p2a: Great Tusk|95\/100|[from] item: Leftovers\n|upkeep\n|turn|8\n|\n|t:|1700942378\n|move|p2a: Great Tusk|Headlong Rush|p1a: when kayflock free\n|-supereffective|p1a: when kayflock free\n|-damage|p1a: when kayflock free|17\/100\n|-unboost|p2a: Great Tusk|def|1\n|-unboost|p2a: Great Tusk|spd|1\n|move|p1a: when kayflock free|Will-O-Wisp|p2a: Great Tusk\n|-status|p2a: Great Tusk|brn\n|\n|-heal|p2a: Great Tusk|100\/100 brn|[from] item: Leftovers\n|-damage|p2a: Great Tusk|94\/100 brn|[from] brn\n|upkeep\n|turn|9\n|\n|t:|1700942386\n|move|p2a: Great Tusk|Headlong Rush|p1a: when kayflock free\n|-supereffective|p1a: when kayflock free\n|-damage|p1a: when kayflock free|0 fnt\n|-unboost|p2a: Great Tusk|def|1\n|-unboost|p2a: Great Tusk|spd|1\n|faint|p1a: when kayflock free\n|\n|-heal|p2a: Great Tusk|100\/100 brn|[from] item: Leftovers\n|-damage|p2a: Great Tusk|94\/100 brn|[from] brn\n|upkeep\n|\n|t:|1700942399\n|switch|p1a: extended da clip|Garchomp, F|100\/100\n|turn|10\n|\n|t:|1700942402\n|move|p2a: Great Tusk|Bulk Up|p2a: Great Tusk\n|-boost|p2a: Great Tusk|atk|1\n|-boost|p2a: Great Tusk|def|1\n|move|p1a: extended da clip|Stealth Rock|p2a: Great Tusk\n|-sidestart|p2: Spookycooke|move: Stealth Rock\n|\n|-heal|p2a: Great Tusk|100\/100 brn|[from] item: Leftovers\n|-damage|p2a: Great Tusk|94\/100 brn|[from] brn\n|upkeep\n|turn|11\n|\n|t:|1700942410\n|move|p2a: Great Tusk|Bulk Up|p2a: Great Tusk\n|-boost|p2a: Great Tusk|atk|1\n|-boost|p2a: Great Tusk|def|1\n|-zpower|p1a: extended da clip\n|move|p1a: extended da clip|Devastating Drake|p2a: Great Tusk|[zeffect]\n|-damage|p2a: Great Tusk|45\/100 brn\n|\n|-heal|p2a: Great Tusk|51\/100 brn|[from] item: Leftovers\n|-damage|p2a: Great Tusk|45\/100 brn|[from] brn\n|upkeep\n|turn|12\n|\n|t:|1700942419\n|move|p2a: Great Tusk|Rapid Spin|p1a: extended da clip\n|-damage|p1a: extended da clip|78\/100\n|-boost|p2a: Great Tusk|spe|1\n|-damage|p2a: Great Tusk|33\/100 brn|[from] ability: Rough Skin|[of] p1a: extended da clip\n|-sideend|p2: Spookycooke|Stealth Rock|[from] move: Rapid Spin|[of] p2a: Great Tusk\n|move|p1a: extended da clip|Outrage|p2a: Great Tusk\n|-damage|p2a: Great Tusk|3\/100 brn\n|\n|-heal|p2a: Great Tusk|9\/100 brn|[from] item: Leftovers\n|-damage|p2a: Great Tusk|3\/100 brn|[from] brn\n|upkeep\n|turn|13\n|\n|t:|1700942422\n|move|p2a: Great Tusk|Ice Spinner|p1a: extended da clip\n|-supereffective|p1a: extended da clip\n|-damage|p1a: extended da clip|0 fnt\n|-damage|p2a: Great Tusk|0 fnt|[from] ability: Rough Skin|[of] p1a: extended da clip\n|faint|p1a: extended da clip\n|faint|p2a: Great Tusk\n|-end|p2a: Great Tusk|Protosynthesis|[silent]\n|\n|upkeep\n|\n|t:|1700942436\n|switch|p1a: reyway anthem|Zeraora|100\/100\n|switch|p2a: Ribombee|Ribombee, F|1\/100\n|turn|14\n|\n|t:|1700942441\n|switch|p2a: Banette|Banette, M|100\/100\n|-item|p1a: reyway anthem|Expert Belt|[from] ability: Frisk|[of] p2a: Banette|[identify]\n|move|p1a: reyway anthem|Plasma Fists|p2a: Banette\n|-damage|p2a: Banette|30\/100\n|-fieldactivate|move: Ion Deluge\n|-hint|Normal-type moves become Electric-type after using Plasma Fists.\n|\n|upkeep\n|turn|15\n|\n|t:|1700942449\n|switch|p1a: JIGGY IN JERSEY|Scizor-Mega, F|95\/100\n|detailschange|p2a: Banette|Banette-Mega, M\n|-mega|p2a: Banette|Banette|Banettite\n|move|p2a: Banette|Will-O-Wisp|p1a: JIGGY IN JERSEY\n|-status|p1a: JIGGY IN JERSEY|brn\n|\n|-damage|p1a: JIGGY IN JERSEY|89\/100 brn|[from] brn\n|upkeep\n|turn|16\n|\n|t:|1700942451\n|move|p1a: JIGGY IN JERSEY|Bullet Punch|p2a: Banette\n|-damage|p2a: Banette|9\/100\n|move|p2a: Banette|Destiny Bond|p2a: Banette\n|-singlemove|p2a: Banette|Destiny Bond\n|\n|-damage|p1a: JIGGY IN JERSEY|82\/100 brn|[from] brn\n|upkeep\n|turn|17\n|\n|t:|1700942455\n|move|p1a: JIGGY IN JERSEY|U-turn|p2a: Banette\n|-resisted|p2a: Banette\n|-damage|p2a: Banette|0 fnt\n|faint|p2a: Banette\n|-activate|p2a: Banette|move: Destiny Bond\n|faint|p1a: JIGGY IN JERSEY\n|\n|upkeep\n|\n|t:|1700942458\n|switch|p1a: OPP SPOTTER|Samurott-Hisui, F|100\/100\n|switch|p2a: Ribombee|Ribombee, F|1\/100\n|turn|18\n|\n|t:|1700942461\n|move|p1a: OPP SPOTTER|Ceaseless Edge|p2a: Ribombee\n|-resisted|p2a: Ribombee\n|-damage|p2a: Ribombee|0 fnt\n|-sidestart|p2: Spookycooke|Spikes\n|faint|p2a: Ribombee\n|\n|upkeep\n|\n|t:|1700942463\n|switch|p2a: Kartana|Kartana|100\/100\n|-damage|p2a: Kartana|88\/100|[from] Spikes\n|turn|19\n|\n|t:|1700942470\n|switch|p1a: blove|Slowking-Galar, M|100\/100 brn\n|move|p2a: Kartana|Leaf Blade|p1a: blove\n|-resisted|p1a: blove\n|-damage|p1a: blove|72\/100 brn\n|\n|-damage|p1a: blove|65\/100 brn|[from] brn\n|upkeep\n|turn|20\n|\n|t:|1700942474\n|-zpower|p2a: Kartana\n|move|p2a: Kartana|Breakneck Blitz|p1a: blove|[zeffect]\n|-damage|p1a: blove|0 fnt\n|faint|p1a: blove\n|-ability|p2a: Kartana|Beast Boost|boost\n|-boost|p2a: Kartana|atk|1\n|\n|upkeep\n|\n|t:|1700942477\n|switch|p1a: reyway anthem|Zeraora|100\/100\n|turn|21\n|\n|t:|1700942479\n|switch|p2a: Skeledirge|Skeledirge, M|100\/100\n|-damage|p2a: Skeledirge|88\/100|[from] Spikes\n|move|p1a: reyway anthem|Close Combat|p2a: Skeledirge\n|-immune|p2a: Skeledirge\n|\n|-heal|p2a: Skeledirge|94\/100|[from] item: Leftovers\n|upkeep\n|turn|22\n|\n|t:|1700942489\n|move|p1a: reyway anthem|Plasma Fists|p2a: Skeledirge\n|-damage|p2a: Skeledirge|54\/100\n|-fieldactivate|move: Ion Deluge\n|-hint|Normal-type moves become Electric-type after using Plasma Fists.\n|move|p2a: Skeledirge|Will-O-Wisp|p1a: reyway anthem\n|-status|p1a: reyway anthem|brn\n|\n|-heal|p2a: Skeledirge|60\/100|[from] item: Leftovers\n|-damage|p1a: reyway anthem|95\/100 brn|[from] brn\n|upkeep\n|turn|23\n|\n|t:|1700942492\n|move|p1a: reyway anthem|Volt Switch|p2a: Skeledirge\n|-damage|p2a: Skeledirge|42\/100\n|\n|t:|1700942494\n|switch|p1a: OPP SPOTTER|Samurott-Hisui, F|100\/100|[from] Volt Switch\n|move|p2a: Skeledirge|Slack Off|p2a: Skeledirge\n|-heal|p2a: Skeledirge|92\/100\n|\n|-heal|p2a: Skeledirge|98\/100|[from] item: Leftovers\n|upkeep\n|turn|24\n|\n|t:|1700942497\n|-terastallize|p1a: OPP SPOTTER|Dark\n|move|p1a: OPP SPOTTER|Ceaseless Edge|p2a: Skeledirge\n|-supereffective|p2a: Skeledirge\n|-crit|p2a: Skeledirge\n|-damage|p2a: Skeledirge|0 fnt\n|-sidestart|p2: Spookycooke|Spikes\n|faint|p2a: Skeledirge\n|\n|upkeep\n|\n|t:|1700942504\n|switch|p2a: Kartana|Kartana|88\/100\n|-damage|p2a: Kartana|72\/100|[from] Spikes\n|turn|25\n|j| OuterDreams\n|\n|t:|1700942523\n|switch|p1a: reyway anthem|Zeraora|95\/100 brn\n|move|p2a: Kartana|Knock Off|p1a: reyway anthem\n|-damage|p1a: reyway anthem|34\/100 brn\n|-enditem|p1a: reyway anthem|Expert Belt|[from] move: Knock Off|[of] p2a: Kartana\n|\n|-damage|p1a: reyway anthem|28\/100 brn|[from] brn\n|upkeep\n|turn|26\n|\n|t:|1700942533\n|move|p1a: reyway anthem|Hidden Power|p2a: Kartana\n|-damage|p2a: Kartana|29\/100\n|move|p2a: Kartana|Leaf Blade|p1a: reyway anthem\n|-damage|p1a: reyway anthem|0 fnt\n|faint|p1a: reyway anthem\n|-ability|p2a: Kartana|Beast Boost|boost\n|-boost|p2a: Kartana|atk|1\n|\n|upkeep\n|\n|t:|1700942536\n|switch|p1a: OPP SPOTTER|Samurott-Hisui, F, tera:Dark|100\/100\n|turn|27\n|\n|t:|1700942540\n|move|p1a: OPP SPOTTER|Ceaseless Edge|p2a: Kartana\n|-damage|p2a: Kartana|0 fnt\n|-sidestart|p2: Spookycooke|Spikes\n|faint|p2a: Kartana\n|\n|upkeep\n|\n|t:|1700942541\n|switch|p2a: Nihilego|Nihilego|100\/100\n|-damage|p2a: Nihilego|76\/100|[from] Spikes\n|turn|28\n|\n|t:|1700942543\n|move|p1a: OPP SPOTTER|Ceaseless Edge|p2a: Nihilego\n|-damage|p2a: Nihilego|0 fnt\n|faint|p2a: Nihilego\n|\n|win|ITS EDOT BABY\n|raw|ITS EDOT BABY's rating: 1785 &rarr; <strong>1807<\/strong><br \/>(+22 for winning)\n|raw|Spookycooke's rating: 1819 &rarr; <strong>1797<\/strong><br \/>(-22 for losing)\n|l|\u2606Spookycooke\n|l| OuterDreams\n|l|\u2606ITS EDOT BABY\n|j|\u2606ITS EDOT BABY\n|player|p1|ITS EDOT BABY|ariana\n","uploadtime":1700942916,"views":3,"p1id":"itsedotbaby","p2id":"spookycooke","formatid":"gen9nationaldex","rating":1797,"private":0,"password":""}