{"id":"gen9nationaldex-1988160549","p1":"trix_n_trsh","p2":"zhaona","format":"[Gen 9] National Dex","log":"|j|\u2606trix_n_trsh\n|j|\u2606zhaona\n|t:|1699677471\n|gametype|singles\n|player|p1|trix_n_trsh|pokemonbreeder-gen4|1367\n|player|p2|zhaona|wattson|1360\n|teamsize|p1|6\n|teamsize|p2|6\n|gen|9\n|tier|[Gen 9] National Dex\n|rated|\n|rule|HP Percentage Mod: HP is shown in percentages\n|rule|Endless Battle Clause: Forcing endless battles is banned\n|rule|OHKO Clause: OHKO moves are banned\n|rule|Evasion Clause: Evasion abilities, items, and moves are banned\n|rule|Evasion Abilities Clause: Evasion abilities are banned\n|rule|Evasion Items Clause: Evasion items are banned\n|rule|Evasion Moves Clause: Evasion moves are banned\n|rule|Species Clause: Limit one of each Pok\u00e9mon\n|rule|Sleep Clause Mod: Limit one foe put to sleep\n|clearpoke\n|poke|p1|Gliscor, F|\n|poke|p1|Tyranitar, F|\n|poke|p1|Ursaluna, F|\n|poke|p1|Great Tusk|\n|poke|p1|Gastrodon, F|\n|poke|p1|Goodra, M|\n|poke|p2|Cottonee, L1, M|\n|poke|p2|Garganacl, F|\n|poke|p2|Charizard, F|\n|poke|p2|Hoopa-Unbound|\n|poke|p2|Iron Treads|\n|poke|p2|Sneasler, M|\n|teampreview\n|inactive|Battle timer is ON: inactive players will automatically lose when time's up. (requested by trix_n_trsh)\n|inactive|zhaona also wants the timer to be on.\n|\n|t:|1699677492\n|start\n|switch|p1a: Goodra|Goodra, M|100\/100\n|switch|p2a: Garganacl|Garganacl, F|100\/100\n|turn|1\n|\n|t:|1699677503\n|move|p1a: Goodra|Dragon Pulse|p2a: Garganacl\n|-damage|p2a: Garganacl|70\/100\n|move|p2a: Garganacl|Salt Cure|p1a: Goodra\n|-damage|p1a: Goodra|85\/100\n|-start|p1a: Goodra|Salt Cure\n|\n|-heal|p2a: Garganacl|76\/100|[from] item: Leftovers\n|-damage|p1a: Goodra|73\/100|[from] Salt Cure\n|upkeep\n|turn|2\n|\n|t:|1699677509\n|switch|p1a: Gastrodon|Gastrodon, F|100\/100\n|move|p2a: Garganacl|Iron Defense|p2a: Garganacl\n|-boost|p2a: Garganacl|def|2\n|\n|-heal|p2a: Garganacl|82\/100|[from] item: Leftovers\n|upkeep\n|turn|3\n|\n|t:|1699677513\n|move|p1a: Gastrodon|Scald|p2a: Garganacl\n|-supereffective|p2a: Garganacl\n|-damage|p2a: Garganacl|50\/100\n|move|p2a: Garganacl|Salt Cure|p1a: Gastrodon\n|-resisted|p1a: Gastrodon\n|-damage|p1a: Gastrodon|95\/100\n|-start|p1a: Gastrodon|Salt Cure\n|\n|-heal|p1a: Gastrodon|100\/100|[from] item: Leftovers\n|-heal|p2a: Garganacl|56\/100|[from] item: Leftovers\n|-damage|p1a: Gastrodon|76\/100|[from] Salt Cure\n|upkeep\n|turn|4\n|\n|t:|1699677520\n|move|p1a: Gastrodon|Scald|p2a: Garganacl\n|-supereffective|p2a: Garganacl\n|-damage|p2a: Garganacl|23\/100\n|move|p2a: Garganacl|Recover|p2a: Garganacl\n|-heal|p2a: Garganacl|73\/100\n|\n|-heal|p1a: Gastrodon|82\/100|[from] item: Leftovers\n|-heal|p2a: Garganacl|79\/100|[from] item: Leftovers\n|-damage|p1a: Gastrodon|57\/100|[from] Salt Cure\n|upkeep\n|turn|5\n|\n|t:|1699677539\n|switch|p1a: Goodra|Goodra, M|73\/100\n|move|p2a: Garganacl|Iron Defense|p2a: Garganacl\n|-boost|p2a: Garganacl|def|2\n|\n|-heal|p2a: Garganacl|86\/100|[from] item: Leftovers\n|upkeep\n|turn|6\n|\n|t:|1699677544\n|move|p1a: Goodra|Thunderbolt|p2a: Garganacl\n|-damage|p2a: Garganacl|67\/100\n|move|p2a: Garganacl|Salt Cure|p1a: Goodra\n|-damage|p1a: Goodra|57\/100\n|-start|p1a: Goodra|Salt Cure\n|\n|-heal|p2a: Garganacl|73\/100|[from] item: Leftovers\n|-damage|p1a: Goodra|44\/100|[from] Salt Cure\n|upkeep\n|turn|7\n|\n|t:|1699677551\n|move|p1a: Goodra|Thunderbolt|p2a: Garganacl\n|-damage|p2a: Garganacl|51\/100\n|move|p2a: Garganacl|Recover|p2a: Garganacl\n|-heal|p2a: Garganacl|100\/100\n|\n|-damage|p1a: Goodra|32\/100|[from] Salt Cure\n|upkeep\n|turn|8\n|\n|t:|1699677557\n|move|p1a: Goodra|Dragon Pulse|p2a: Garganacl\n|-damage|p2a: Garganacl|71\/100\n|move|p2a: Garganacl|Iron Defense|p2a: Garganacl\n|-boost|p2a: Garganacl|def|2\n|\n|-heal|p2a: Garganacl|77\/100|[from] item: Leftovers\n|-damage|p1a: Goodra|20\/100|[from] Salt Cure\n|upkeep\n|turn|9\n|\n|t:|1699677561\n|move|p1a: Goodra|Dragon Pulse|p2a: Garganacl\n|-damage|p2a: Garganacl|48\/100\n|move|p2a: Garganacl|Body Press|p1a: Goodra\n|-damage|p1a: Goodra|0 fnt\n|faint|p1a: Goodra\n|\n|-heal|p2a: Garganacl|54\/100|[from] item: Leftovers\n|upkeep\n|\n|t:|1699677565\n|switch|p1a: Gastrodon|Gastrodon, F|57\/100\n|turn|10\n|\n|t:|1699677571\n|-terastallize|p1a: Gastrodon|Water\n|move|p1a: Gastrodon|Scald|p2a: Garganacl\n|-supereffective|p2a: Garganacl\n|-damage|p2a: Garganacl|9\/100\n|move|p2a: Garganacl|Recover|p2a: Garganacl\n|-heal|p2a: Garganacl|59\/100\n|\n|-heal|p1a: Gastrodon|63\/100|[from] item: Leftovers\n|-heal|p2a: Garganacl|65\/100|[from] item: Leftovers\n|upkeep\n|turn|11\n|\n|t:|1699677580\n|-terastallize|p2a: Garganacl|Water\n|move|p1a: Gastrodon|Scald|p2a: Garganacl\n|-resisted|p2a: Garganacl\n|-damage|p2a: Garganacl|53\/100\n|move|p2a: Garganacl|Recover|p2a: Garganacl\n|-heal|p2a: Garganacl|100\/100\n|\n|-heal|p1a: Gastrodon|69\/100|[from] item: Leftovers\n|upkeep\n|turn|12\n|\n|t:|1699677586\n|move|p1a: Gastrodon|Scald|p2a: Garganacl\n|-resisted|p2a: Garganacl\n|-damage|p2a: Garganacl|89\/100\n|move|p2a: Garganacl|Salt Cure|p1a: Gastrodon\n|-damage|p1a: Gastrodon|60\/100\n|-start|p1a: Gastrodon|Salt Cure\n|\n|-heal|p1a: Gastrodon|66\/100|[from] item: Leftovers\n|-heal|p2a: Garganacl|95\/100|[from] item: Leftovers\n|-damage|p1a: Gastrodon|41\/100|[from] Salt Cure\n|upkeep\n|turn|13\n|\n|t:|1699677591\n|switch|p1a: Tyranitar|Tyranitar, F|100\/100\n|-weather|Sandstorm|[from] ability: Sand Stream|[of] p1a: Tyranitar\n|move|p2a: Garganacl|Body Press|p1a: Tyranitar\n|-supereffective|p1a: Tyranitar\n|-damage|p1a: Tyranitar|0 fnt\n|faint|p1a: Tyranitar\n|\n|-weather|Sandstorm|[upkeep]\n|-damage|p2a: Garganacl|89\/100|[from] Sandstorm\n|-heal|p2a: Garganacl|95\/100|[from] item: Leftovers\n|upkeep\n|\n|t:|1699677593\n|switch|p1a: Gliscor|Gliscor, F|100\/100\n|turn|14\n|\n|t:|1699677595\n|move|p1a: Gliscor|Knock Off|p2a: Garganacl\n|-damage|p2a: Garganacl|91\/100\n|-enditem|p2a: Garganacl|Leftovers|[from] move: Knock Off|[of] p1a: Gliscor\n|move|p2a: Garganacl|Salt Cure|p1a: Gliscor\n|-damage|p1a: Gliscor|86\/100\n|-start|p1a: Gliscor|Salt Cure\n|\n|-weather|Sandstorm|[upkeep]\n|-damage|p2a: Garganacl|84\/100|[from] Sandstorm\n|-damage|p1a: Gliscor|74\/100|[from] Salt Cure\n|-status|p1a: Gliscor|tox|[from] item: Toxic Orb\n|upkeep\n|turn|15\n|\n|t:|1699677601\n|switch|p1a: Gastrodon|Gastrodon, F, tera:Water|41\/100\n|move|p2a: Garganacl|Body Press|p1a: Gastrodon\n|-damage|p1a: Gastrodon|0 fnt\n|faint|p1a: Gastrodon\n|\n|-weather|Sandstorm|[upkeep]\n|-damage|p2a: Garganacl|78\/100|[from] Sandstorm\n|upkeep\n|-message|trix_n_trsh forfeited.\n|\n|win|zhaona\n|raw|trix_n_trsh's rating: 1367 &rarr; <strong>1347<\/strong><br \/>(-20 for losing)\n|raw|zhaona's rating: 1360 &rarr; <strong>1380<\/strong><br \/>(+20 for winning)\n|l|\u2606trix_n_trsh\n","uploadtime":1699677608,"views":5,"p1id":"trixntrsh","p2id":"zhaona","formatid":"gen9nationaldex","rating":1347,"private":0,"password":""}