{"id":"gen9nationaldex-1999778038","p1":"mescobedof","p2":"Podcaster13","format":"[Gen 9] National Dex","log":"|html|<div class=\"broadcast-blue\"><strong>[Gen 9] National Dex is currently suspecting Sneasler! For information on how to participate check out the <a href=\"https:\/\/www.smogon.com\/forums\/threads\/sv-national-dex-suspect-8-just-dance.3731534\/\">suspect thread<\/a>.<\/strong><\/div>\n|j|\u2606mescobedof\n|j|\u2606Podcaster13\n|t:|1701115816\n|gametype|singles\n|player|p1|mescobedof|lucas-gen4pt|1083\n|player|p2|Podcaster13|steven|1098\n|teamsize|p1|6\n|teamsize|p2|6\n|gen|9\n|tier|[Gen 9] National Dex\n|rated|\n|rule|HP Percentage Mod: HP is shown in percentages\n|rule|Endless Battle Clause: Forcing endless battles is banned\n|rule|OHKO Clause: OHKO moves are banned\n|rule|Evasion Clause: Evasion abilities, items, and moves are banned\n|rule|Evasion Abilities Clause: Evasion abilities are banned\n|rule|Evasion Items Clause: Evasion items are banned\n|rule|Evasion Moves Clause: Evasion moves are banned\n|rule|Species Clause: Limit one of each Pok\u00e9mon\n|rule|Sleep Clause Mod: Limit one foe put to sleep\n|clearpoke\n|poke|p1|Torterra, M|\n|poke|p1|Mew|\n|poke|p1|Snorlax, M|\n|poke|p1|Heracross, M|\n|poke|p1|Shuckle, M|\n|poke|p1|Tinkaton, F|\n|poke|p2|Breloom, M|\n|poke|p2|Gallade, M|\n|poke|p2|Blaziken, M|\n|poke|p2|Enamorus, F|\n|poke|p2|Inteleon, M|\n|poke|p2|Ceruledge, M|\n|teampreview\n|c|\u2606Podcaster13|Hello\n|\n|t:|1701115826\n|start\n|switch|p1a: Mew|Mew, shiny|100\/100\n|switch|p2a: Zoro|Gallade, M|100\/100\n|turn|1\n|\n|t:|1701115835\n|move|p1a: Mew|Toxic|p2a: Zoro\n|-status|p2a: Zoro|tox\n|move|p2a: Zoro|Leaf Blade|p1a: Mew\n|-damage|p1a: Mew|54\/100\n|-damage|p2a: Zoro|91\/100 tox|[from] item: Life Orb\n|\n|-damage|p2a: Zoro|85\/100 tox|[from] psn\n|upkeep\n|turn|2\n|\n|t:|1701115856\n|switch|p1a: Snorlax|Snorlax, M|100\/100\n|move|p2a: Zoro|Leaf Blade|p1a: Snorlax\n|-damage|p1a: Snorlax|52\/100\n|-damage|p2a: Zoro|75\/100 tox|[from] item: Life Orb\n|\n|-damage|p2a: Zoro|63\/100 tox|[from] psn\n|upkeep\n|turn|3\n|\n|t:|1701115866\n|switch|p2a: Brook|Ceruledge, M, shiny|100\/100\n|move|p1a: Snorlax|Darkest Lariat|p2a: Brook\n|-supereffective|p2a: Brook\n|-enditem|p2a: Brook|Focus Sash\n|-damage|p2a: Brook|1\/100\n|-ability|p2a: Brook|Weak Armor|boost\n|-unboost|p2a: Brook|def|1\n|-boost|p2a: Brook|spe|2\n|\n|upkeep\n|turn|4\n|\n|t:|1701115883\n|-terastallize|p2a: Brook|Ice\n|move|p2a: Brook|Tera Blast|p1a: Snorlax|[anim] Tera Blast Ice\n|-damage|p1a: Snorlax|23\/100\n|move|p1a: Snorlax|Darkest Lariat|p2a: Brook\n|-damage|p2a: Brook|0 fnt\n|faint|p2a: Brook\n|\n|upkeep\n|\n|t:|1701115892\n|switch|p2a: Luffy|Breloom, M, shiny|100\/100\n|turn|5\n|\n|t:|1701115901\n|switch|p1a: Tinkaton|Tinkaton, F|100\/100\n|-ability|p1a: Tinkaton|Mold Breaker\n|-item|p1a: Tinkaton|Air Balloon\n|move|p2a: Luffy|Mach Punch|p1a: Tinkaton\n|-damage|p1a: Tinkaton|62\/100\n|-enditem|p1a: Tinkaton|Air Balloon\n|\n|upkeep\n|turn|6\n|\n|t:|1701115914\n|move|p1a: Tinkaton|Light Screen|p1a: Tinkaton\n|-sidestart|p1: mescobedof|move: Light Screen\n|move|p2a: Luffy|Close Combat|p1a: Tinkaton\n|-damage|p1a: Tinkaton|0 fnt\n|-unboost|p2a: Luffy|def|1\n|-unboost|p2a: Luffy|spd|1\n|faint|p1a: Tinkaton\n|\n|upkeep\n|\n|t:|1701115925\n|switch|p1a: Heracross|Heracross, M|100\/100\n|turn|7\n|\n|t:|1701115932\n|switch|p2a: Sanji|Blaziken, M, shiny|100\/100\n|move|p1a: Heracross|Swords Dance|p1a: Heracross\n|-boost|p1a: Heracross|atk|2\n|\n|upkeep\n|turn|8\n|\n|t:|1701115944\n|detailschange|p1a: Heracross|Heracross-Mega, M\n|-mega|p1a: Heracross|Heracross|Heracronite\n|move|p2a: Sanji|Brave Bird|p1a: Heracross\n|-supereffective|p1a: Heracross\n|-damage|p1a: Heracross|0 fnt\n|faint|p1a: Heracross\n|-damage|p2a: Sanji|66\/100|[from] Recoil\n|\n|-ability|p2a: Sanji|Speed Boost|boost\n|-boost|p2a: Sanji|spe|1\n|upkeep\n|\n|t:|1701115953\n|switch|p1a: Mew|Mew, shiny|54\/100\n|turn|9\n|\n|t:|1701115959\n|move|p2a: Sanji|Blaze Kick|p1a: Mew\n|-damage|p1a: Mew|16\/100\n|-zpower|p1a: Mew\n|move|p1a: Mew|Genesis Supernova|p2a: Sanji|[zeffect]\n|-supereffective|p2a: Sanji\n|-damage|p2a: Sanji|0 fnt\n|-fieldstart|move: Psychic Terrain\n|faint|p2a: Sanji\n|\n|upkeep\n|\n|t:|1701115976\n|switch|p2a: Usopp|Inteleon, M|100\/100\n|turn|10\n|\n|t:|1701115986\n|move|p2a: Usopp|Dark Pulse|p1a: Mew\n|-supereffective|p1a: Mew\n|-damage|p1a: Mew|0 fnt\n|faint|p1a: Mew\n|\n|-sideend|p1: mescobedof|move: Light Screen\n|upkeep\n|\n|t:|1701115991\n|switch|p1a: Gigapagos|Torterra, M|100\/100\n|turn|11\n|\n|t:|1701115996\n|-terastallize|p1a: Gigapagos|Steel\n|move|p2a: Usopp|Ice Beam|p1a: Gigapagos\n|-resisted|p1a: Gigapagos\n|-damage|p1a: Gigapagos|87\/100\n|move|p1a: Gigapagos|Giga Drain|p2a: Usopp\n|-supereffective|p2a: Usopp\n|-damage|p2a: Usopp|21\/100\n|-heal|p1a: Gigapagos|100\/100|[from] drain|[of] p2a: Usopp\n|\n|upkeep\n|turn|12\n|\n|t:|1701116012\n|move|p2a: Usopp|Snipe Shot|p1a: Gigapagos\n|-damage|p1a: Gigapagos|64\/100\n|move|p1a: Gigapagos|Giga Drain|p2a: Usopp\n|-supereffective|p2a: Usopp\n|-damage|p2a: Usopp|0 fnt\n|-heal|p1a: Gigapagos|73\/100|[from] drain|[of] p2a: Usopp\n|faint|p2a: Usopp\n|\n|upkeep\n|\n|t:|1701116019\n|switch|p2a: Luffy|Breloom, M, shiny|100\/100\n|turn|13\n|\n|t:|1701116034\n|switch|p1a: Shuckle|Shuckle, M|100\/100\n|move|p2a: Luffy|Close Combat|p1a: Shuckle\n|-damage|p1a: Shuckle|48\/100\n|-unboost|p2a: Luffy|def|1\n|-unboost|p2a: Luffy|spd|1\n|-enditem|p1a: Shuckle|Aguav Berry|[eat]\n|-heal|p1a: Shuckle|81\/100|[from] item: Aguav Berry\n|\n|-fieldend|move: Psychic Terrain\n|upkeep\n|turn|14\n|\n|t:|1701116046\n|switch|p2a: Zoro|Gallade, M|63\/100 tox\n|move|p1a: Shuckle|Stealth Rock|p2a: Zoro\n|-sidestart|p2: Podcaster13|move: Stealth Rock\n|\n|-damage|p2a: Zoro|56\/100 tox|[from] psn\n|upkeep\n|turn|15\n|\n|t:|1701116055\n|move|p2a: Zoro|Aqua Cutter|p1a: Shuckle\n|-supereffective|p1a: Shuckle\n|-damage|p1a: Shuckle|9\/100\n|-damage|p2a: Zoro|47\/100 tox|[from] item: Life Orb\n|move|p1a: Shuckle|Reversal|p2a: Zoro\n|-resisted|p2a: Zoro\n|-damage|p2a: Zoro|40\/100 tox\n|\n|-damage|p2a: Zoro|28\/100 tox|[from] psn\n|upkeep\n|turn|16\n|\n|t:|1701116067\n|move|p2a: Zoro|Brick Break|p1a: Shuckle\n|-damage|p1a: Shuckle|0 fnt\n|faint|p1a: Shuckle\n|-damage|p2a: Zoro|18\/100 tox|[from] item: Life Orb\n|\n|-damage|p2a: Zoro|0 fnt|[from] psn\n|faint|p2a: Zoro\n|upkeep\n|\n|t:|1701116077\n|switch|p2a: Nami|Enamorus, F, shiny|100\/100\n|switch|p1a: Snorlax|Snorlax, M|23\/100\n|-damage|p2a: Nami|76\/100|[from] Stealth Rock\n|turn|17\n|\n|t:|1701116089\n|move|p2a: Nami|Springtide Storm|p1a: Snorlax\n|-damage|p1a: Snorlax|0 fnt\n|faint|p1a: Snorlax\n|\n|upkeep\n|\n|t:|1701116093\n|switch|p1a: Gigapagos|Torterra, M, tera:Steel|73\/100\n|turn|18\n|\n|t:|1701116097\n|move|p2a: Nami|Tailwind|p2a: Nami\n|-sidestart|p2: Podcaster13|move: Tailwind\n|move|p1a: Gigapagos|Iron Head|p2a: Nami\n|-supereffective|p2a: Nami\n|-damage|p2a: Nami|0 fnt\n|-start|p1a: Gigapagos|Attract|[from] ability: Cute Charm|[of] p2a: Nami\n|faint|p2a: Nami\n|-end|p1a: Gigapagos|Attract|[silent]\n|\n|upkeep\n|\n|t:|1701116102\n|switch|p2a: Luffy|Breloom, M, shiny|100\/100\n|-damage|p2a: Luffy|94\/100|[from] Stealth Rock\n|turn|19\n|c|\u2606Podcaster13|Luffy shall avenge his crew!\n|\n|t:|1701116120\n|move|p2a: Luffy|Close Combat|p1a: Gigapagos\n|-supereffective|p1a: Gigapagos\n|-damage|p1a: Gigapagos|0 fnt\n|-unboost|p2a: Luffy|def|1\n|-unboost|p2a: Luffy|spd|1\n|faint|p1a: Gigapagos\n|\n|win|Podcaster13\n|raw|mescobedof's rating: 1083 &rarr; <strong>1062<\/strong><br \/>(-21 for losing)\n|raw|Podcaster13's rating: 1098 &rarr; <strong>1122<\/strong><br \/>(+24 for winning)\n|c|\u2606Podcaster13|Gg\n","uploadtime":1701116147,"views":12,"p1id":"mescobedof","p2id":"podcaster13","formatid":"gen9nationaldex","rating":1062,"private":0,"password":""}