{"id":"gen9nationaldex-2000272642","p1":"Wicxk","p2":"burnpoke","format":"[Gen 9] National Dex","log":"|html|<div class=\"broadcast-blue\"><strong>[Gen 9] National Dex is currently suspecting Sneasler! For information on how to participate check out the <a href=\"https:\/\/www.smogon.com\/forums\/threads\/sv-national-dex-suspect-8-just-dance.3731534\/\">suspect thread<\/a>.<\/strong><\/div>\n|j|\u2606Wicxk\n|j|\u2606burnpoke\n|t:|1701180027\n|gametype|singles\n|player|p1|Wicxk|265|1267\n|player|p2|burnpoke|unknown|1343\n|teamsize|p1|6\n|teamsize|p2|6\n|gen|9\n|tier|[Gen 9] National Dex\n|rated|\n|rule|HP Percentage Mod: HP is shown in percentages\n|rule|Endless Battle Clause: Forcing endless battles is banned\n|rule|OHKO Clause: OHKO moves are banned\n|rule|Evasion Clause: Evasion abilities, items, and moves are banned\n|rule|Evasion Abilities Clause: Evasion abilities are banned\n|rule|Evasion Items Clause: Evasion items are banned\n|rule|Evasion Moves Clause: Evasion moves are banned\n|rule|Species Clause: Limit one of each Pok\u00e9mon\n|rule|Sleep Clause Mod: Limit one foe put to sleep\n|clearpoke\n|poke|p1|Alomomola, M|\n|poke|p1|Moltres|\n|poke|p1|Ogerpon-Cornerstone, F|\n|poke|p1|Banette, F|\n|poke|p1|Great Tusk|\n|poke|p1|Kleavor, M|\n|poke|p2|Garganacl, M|\n|poke|p2|Ferrothorn, F|\n|poke|p2|Kommo-o, M|\n|poke|p2|Tapu Lele|\n|poke|p2|Scizor, M|\n|poke|p2|Corviknight, M|\n|teampreview\n|inactive|Battle timer is ON: inactive players will automatically lose when time's up. (requested by burnpoke)\n|inactive|Wicxk also wants the timer to be on.\n|\n|t:|1701180041\n|start\n|switch|p1a: Great Tusk|Great Tusk|100\/100\n|switch|p2a: Tapu Lele|Tapu Lele|100\/100\n|-fieldstart|move: Psychic Terrain|[from] ability: Psychic Surge|[of] p2a: Tapu Lele\n|turn|1\n|\n|t:|1701180064\n|-end|p1a: Great Tusk|Protosynthesis|[silent]\n|switch|p1a: Moltres|Moltres|100\/100\n|move|p2a: Tapu Lele|Psychic|p1a: Moltres\n|-damage|p1a: Moltres|10\/100\n|\n|upkeep\n|turn|2\n|\n|t:|1701180079\n|move|p2a: Tapu Lele|Psychic|p1a: Moltres\n|-damage|p1a: Moltres|0 fnt\n|faint|p1a: Moltres\n|\n|upkeep\n|\n|t:|1701180083\n|switch|p1a: Kleavor|Kleavor, M|100\/100\n|turn|3\n|\n|t:|1701180088\n|move|p2a: Tapu Lele|Psychic|p1a: Kleavor\n|-enditem|p1a: Kleavor|Focus Sash\n|-damage|p1a: Kleavor|1\/100\n|move|p1a: Kleavor|Stone Axe|p2a: Tapu Lele\n|-damage|p2a: Tapu Lele|7\/100\n|-sidestart|p2: burnpoke|move: Stealth Rock\n|\n|upkeep\n|turn|4\n|\n|t:|1701180098\n|move|p2a: Tapu Lele|Psychic|p1a: Kleavor\n|-damage|p1a: Kleavor|0 fnt\n|faint|p1a: Kleavor\n|\n|upkeep\n|\n|t:|1701180103\n|switch|p1a: Ogerpon|Ogerpon-Cornerstone, F|100\/100\n|turn|5\n|\n|t:|1701180108\n|move|p1a: Ogerpon|Trailblaze|p2a: Tapu Lele\n|-crit|p2a: Tapu Lele\n|-damage|p2a: Tapu Lele|0 fnt\n|-boost|p1a: Ogerpon|spe|1\n|faint|p2a: Tapu Lele\n|\n|-fieldend|move: Psychic Terrain\n|upkeep\n|\n|t:|1701180117\n|switch|p2a: Kommo-o|Kommo-o, M|100\/100\n|-damage|p2a: Kommo-o|94\/100|[from] Stealth Rock\n|turn|6\n|\n|t:|1701180123\n|move|p1a: Ogerpon|Swords Dance|p1a: Ogerpon\n|-boost|p1a: Ogerpon|atk|2\n|-zpower|p2a: Kommo-o\n|move|p2a: Kommo-o|Clangorous Soulblaze|p1a: Ogerpon|[zeffect]\n|-damage|p1a: Ogerpon|11\/100\n|-boost|p2a: Kommo-o|atk|1\n|-boost|p2a: Kommo-o|def|1\n|-boost|p2a: Kommo-o|spa|1\n|-boost|p2a: Kommo-o|spd|1\n|-boost|p2a: Kommo-o|spe|1\n|\n|upkeep\n|turn|7\n|\n|t:|1701180147\n|-terastallize|p1a: Ogerpon|Rock\n|detailschange|p1a: Ogerpon|Ogerpon-Cornerstone-Tera, F, tera:Rock\n|-ability|p1a: Ogerpon|Embody Aspect (Cornerstone)|boost\n|-boost|p1a: Ogerpon|def|1\n|move|p1a: Ogerpon|Ivy Cudgel|p2a: Kommo-o|[anim] Ivy Cudgel Rock\n|-resisted|p2a: Kommo-o\n|-damage|p2a: Kommo-o|42\/100\n|move|p2a: Kommo-o|Boomburst|p1a: Ogerpon\n|-resisted|p1a: Ogerpon\n|-damage|p1a: Ogerpon|0 fnt\n|faint|p1a: Ogerpon\n|\n|upkeep\n|\n|t:|1701180159\n|switch|p1a: Banette|Banette, F|100\/100\n|turn|8\n|\n|t:|1701180171\n|detailschange|p1a: Banette|Banette-Mega, F\n|-mega|p1a: Banette|Banette|Banettite\n|move|p1a: Banette|Encore|p2a: Kommo-o\n|-start|p2a: Kommo-o|Encore\n|move|p2a: Kommo-o|Boomburst|p1a: Banette\n|-immune|p1a: Banette\n|\n|upkeep\n|turn|9\n|\n|t:|1701180181\n|move|p2a: Kommo-o|Boomburst|p1a: Banette\n|-immune|p1a: Banette\n|move|p1a: Banette|Poltergeist|p2a: Kommo-o\n|-activate|p2a: Kommo-o|move: Poltergeist|Kommonium Z\n|-crit|p2a: Kommo-o\n|-damage|p2a: Kommo-o|0 fnt\n|faint|p2a: Kommo-o\n|\n|upkeep\n|\n|t:|1701180185\n|switch|p2a: Scizor|Scizor, M|100\/100\n|-damage|p2a: Scizor|88\/100|[from] Stealth Rock\n|turn|10\n|\n|t:|1701180196\n|switch|p1a: Great Tusk|Great Tusk|100\/100\n|detailschange|p2a: Scizor|Scizor-Mega, M\n|-mega|p2a: Scizor|Scizor|Scizorite\n|move|p2a: Scizor|Brick Break|p1a: Great Tusk\n|-damage|p1a: Great Tusk|80\/100\n|\n|-heal|p1a: Great Tusk|86\/100|[from] item: Leftovers\n|upkeep\n|turn|11\n|\n|t:|1701180221\n|move|p2a: Scizor|Swords Dance|p2a: Scizor\n|-boost|p2a: Scizor|atk|2\n|move|p1a: Great Tusk|Bulk Up|p1a: Great Tusk\n|-boost|p1a: Great Tusk|atk|1\n|-boost|p1a: Great Tusk|def|1\n|\n|-heal|p1a: Great Tusk|92\/100|[from] item: Leftovers\n|upkeep\n|turn|12\n|\n|t:|1701180227\n|move|p2a: Scizor|Swords Dance|p2a: Scizor\n|-boost|p2a: Scizor|atk|2\n|move|p1a: Great Tusk|Bulk Up|p1a: Great Tusk\n|-boost|p1a: Great Tusk|atk|1\n|-boost|p1a: Great Tusk|def|1\n|\n|-heal|p1a: Great Tusk|98\/100|[from] item: Leftovers\n|upkeep\n|turn|13\n|\n|t:|1701180237\n|move|p2a: Scizor|Bullet Punch|p1a: Great Tusk\n|-damage|p1a: Great Tusk|63\/100\n|move|p1a: Great Tusk|Bulk Up|p1a: Great Tusk\n|-boost|p1a: Great Tusk|atk|1\n|-boost|p1a: Great Tusk|def|1\n|\n|-heal|p1a: Great Tusk|69\/100|[from] item: Leftovers\n|upkeep\n|turn|14\n|\n|t:|1701180244\n|move|p2a: Scizor|Bullet Punch|p1a: Great Tusk\n|-damage|p1a: Great Tusk|39\/100\n|move|p1a: Great Tusk|Bulk Up|p1a: Great Tusk\n|-boost|p1a: Great Tusk|atk|1\n|-boost|p1a: Great Tusk|def|1\n|\n|-heal|p1a: Great Tusk|45\/100|[from] item: Leftovers\n|upkeep\n|turn|15\n|\n|t:|1701180252\n|move|p2a: Scizor|Bullet Punch|p1a: Great Tusk\n|-damage|p1a: Great Tusk|20\/100\n|move|p1a: Great Tusk|Earthquake|p2a: Scizor\n|-damage|p2a: Scizor|0 fnt\n|faint|p2a: Scizor\n|\n|-heal|p1a: Great Tusk|26\/100|[from] item: Leftovers\n|upkeep\n|\n|t:|1701180257\n|switch|p2a: Ferrothorn|Ferrothorn, F|100\/100\n|-damage|p2a: Ferrothorn|95\/100|[from] Stealth Rock\n|turn|16\n|\n|t:|1701180266\n|move|p1a: Great Tusk|Earthquake|p2a: Ferrothorn\n|-damage|p2a: Ferrothorn|0 fnt\n|faint|p2a: Ferrothorn\n|\n|-heal|p1a: Great Tusk|32\/100|[from] item: Leftovers\n|upkeep\n|\n|t:|1701180274\n|switch|p2a: Corviknight|Corviknight, M|100\/100\n|-damage|p2a: Corviknight|88\/100|[from] Stealth Rock\n|-ability|p2a: Corviknight|Pressure\n|turn|17\n|\n|t:|1701180281\n|move|p1a: Great Tusk|Ice Spinner|p2a: Corviknight\n|-damage|p2a: Corviknight|28\/100\n|move|p2a: Corviknight|Brave Bird|p1a: Great Tusk\n|-supereffective|p1a: Great Tusk\n|-damage|p1a: Great Tusk|17\/100\n|-damage|p2a: Corviknight|22\/100|[from] Recoil\n|\n|-heal|p1a: Great Tusk|23\/100|[from] item: Leftovers\n|upkeep\n|turn|18\n|\n|t:|1701180290\n|move|p1a: Great Tusk|Ice Spinner|p2a: Corviknight\n|-damage|p2a: Corviknight|0 fnt\n|faint|p2a: Corviknight\n|\n|-heal|p1a: Great Tusk|29\/100|[from] item: Leftovers\n|upkeep\n|\n|t:|1701180293\n|switch|p2a: Garganacl|Garganacl, M|100\/100\n|-damage|p2a: Garganacl|88\/100|[from] Stealth Rock\n|turn|19\n|\n|t:|1701180300\n|move|p1a: Great Tusk|Earthquake|p2a: Garganacl\n|-supereffective|p2a: Garganacl\n|-damage|p2a: Garganacl|0 fnt\n|faint|p2a: Garganacl\n|\n|win|Wicxk\n|raw|Wicxk's rating: 1267 &rarr; <strong>1297<\/strong><br \/>(+30 for winning)\n|raw|burnpoke's rating: 1343 &rarr; <strong>1319<\/strong><br \/>(-24 for losing)\n","uploadtime":1701180309,"views":3,"p1id":"wicxk","p2id":"burnpoke","formatid":"gen9nationaldex","rating":1297,"private":0,"password":""}