{"id":"gen9nationaldex-1991005867","p1":"TheTurtwigWrangler","p2":"BasicGirly","format":"[Gen 9] National Dex","log":"|j|\u2606TheTurtwigWrangler\n|j|\u2606BasicGirly\n|t:|1700026694\n|gametype|singles\n|player|p1|TheTurtwigWrangler|worker|1201\n|player|p2|BasicGirly|pokemonbreederf-gen4|1172\n|teamsize|p1|6\n|teamsize|p2|6\n|gen|9\n|tier|[Gen 9] National Dex\n|rated|\n|rule|HP Percentage Mod: HP is shown in percentages\n|rule|Endless Battle Clause: Forcing endless battles is banned\n|rule|OHKO Clause: OHKO moves are banned\n|rule|Evasion Clause: Evasion abilities, items, and moves are banned\n|rule|Evasion Abilities Clause: Evasion abilities are banned\n|rule|Evasion Items Clause: Evasion items are banned\n|rule|Evasion Moves Clause: Evasion moves are banned\n|rule|Species Clause: Limit one of each Pok\u00e9mon\n|rule|Sleep Clause Mod: Limit one foe put to sleep\n|clearpoke\n|poke|p1|Heracross, M|\n|poke|p1|Weavile, F|\n|poke|p1|Aggron, M|\n|poke|p1|Alakazam, M|\n|poke|p1|Haxorus, M|\n|poke|p1|Togekiss, F|\n|poke|p2|Iron Leaves|\n|poke|p2|Tapu Koko|\n|poke|p2|Thundurus, M|\n|poke|p2|Rotom-Heat|\n|poke|p2|Raichu-Alola, F|\n|poke|p2|Iron Hands|\n|teampreview\n|c|\u2606TheTurtwigWrangler|yooo sick team\n|c|\u2606BasicGirly|:P\n|\n|t:|1700026716\n|start\n|switch|p1a: Gremlin|Weavile, F|100\/100\n|switch|p2a: Rotom|Rotom-Heat|100\/100\n|-ability|p1a: Gremlin|Pressure\n|turn|1\n|c|\u2606TheTurtwigWrangler|electric team\n|c|\u2606TheTurtwigWrangler|is ur iron leaves tera elect?\n|\n|t:|1700026743\n|move|p2a: Rotom|Volt Switch|p1a: Gremlin\n|-damage|p1a: Gremlin|59\/100\n|c|\u2606BasicGirly|yep :D\n|\n|t:|1700026748\n|switch|p2a: Iron Hands|Iron Hands|100\/100|[from] Volt Switch\n|-enditem|p2a: Iron Hands|Booster Energy\n|-activate|p2a: Iron Hands|ability: Quark Drive|[fromitem]\n|-start|p2a: Iron Hands|quarkdriveatk\n|move|p1a: Gremlin|Knock Off|p2a: Iron Hands\n|-resisted|p2a: Iron Hands\n|-damage|p2a: Iron Hands|91\/100\n|\n|upkeep\n|turn|2\n|c|\u2606TheTurtwigWrangler|i see then yeah love that\n|c|\u2606TheTurtwigWrangler|u rlly went full paldean gym leader\n|\n|t:|1700026784\n|move|p1a: Gremlin|Low Kick|p2a: Iron Hands\n|-damage|p2a: Iron Hands|64\/100\n|move|p2a: Iron Hands|Thunder Punch|p1a: Gremlin\n|-damage|p1a: Gremlin|0 fnt\n|faint|p1a: Gremlin\n|\n|upkeep\n|\n|t:|1700026794\n|switch|p1a: Genocidal Egg|Togekiss, F|100\/100\n|turn|3\n|c|\u2606BasicGirly|yea i liked that paldean gym leaders changed another pokemon into their type\n|\n|t:|1700026807\n|move|p1a: Genocidal Egg|Air Slash|p2a: Iron Hands\n|-damage|p2a: Iron Hands|31\/100\n|cant|p2a: Iron Hands|flinch\n|\n|upkeep\n|turn|4\n|c|\u2606TheTurtwigWrangler|honestly same here\n|\n|t:|1700026821\n|-end|p2a: Iron Hands|Quark Drive|[silent]\n|switch|p2a: Thundurus|Thundurus, M|100\/100\n|move|p1a: Genocidal Egg|Air Slash|p2a: Thundurus\n|-resisted|p2a: Thundurus\n|-damage|p2a: Thundurus|77\/100\n|\n|upkeep\n|turn|5\n|\n|t:|1700026831\n|switch|p1a: War Criminal|Haxorus, M|100\/100\n|-ability|p1a: War Criminal|Mold Breaker\n|move|p2a: Thundurus|Discharge|p1a: War Criminal\n|-resisted|p1a: War Criminal\n|-damage|p1a: War Criminal|72\/100\n|\n|upkeep\n|turn|6\n|\n|t:|1700026835\n|move|p2a: Thundurus|Electric Terrain|p2a: Thundurus\n|-fieldstart|move: Electric Terrain\n|move|p1a: War Criminal|Scale Shot|p2a: Thundurus\n|-damage|p2a: Thundurus|54\/100\n|-damage|p2a: Thundurus|33\/100\n|-hitcount|p2a: Thundurus|2\n|-unboost|p1a: War Criminal|def|1\n|-boost|p1a: War Criminal|spe|1\n|\n|upkeep\n|turn|7\n|\n|t:|1700026850\n|switch|p2a: Tapu Koko|Tapu Koko|100\/100\n|move|p1a: War Criminal|Scale Shot|p2a: Tapu Koko\n|-immune|p2a: Tapu Koko\n|\n|upkeep\n|turn|8\n|\n|t:|1700026855\n|move|p1a: War Criminal|Earthquake|p2a: Tapu Koko\n|-supereffective|p2a: Tapu Koko\n|-damage|p2a: Tapu Koko|0 fnt\n|faint|p2a: Tapu Koko\n|\n|upkeep\n|\n|t:|1700026858\n|switch|p2a: Raichu|Raichu-Alola, F|100\/100\n|turn|9\n|\n|t:|1700026872\n|move|p2a: Raichu|Rising Voltage|p1a: War Criminal\n|-hint|Rising Voltage's BP doubled on grounded target.\n|-resisted|p1a: War Criminal\n|-damage|p1a: War Criminal|0 fnt\n|faint|p1a: War Criminal\n|\n|upkeep\n|\n|t:|1700026883\n|switch|p1a: Old Fart|Alakazam, M|100\/100\n|turn|10\n|\n|t:|1700026887\n|move|p2a: Raichu|Rising Voltage|p1a: Old Fart\n|-hint|Rising Voltage's BP doubled on grounded target.\n|-crit|p1a: Old Fart\n|-enditem|p1a: Old Fart|Focus Sash\n|-damage|p1a: Old Fart|1\/100\n|move|p1a: Old Fart|Shadow Ball|p2a: Raichu\n|-supereffective|p2a: Raichu\n|-damage|p2a: Raichu|8\/100\n|-unboost|p2a: Raichu|spd|1\n|\n|-fieldend|move: Electric Terrain\n|upkeep\n|turn|11\n|\n|t:|1700026906\n|switch|p2a: Iron Hands|Iron Hands|31\/100\n|move|p1a: Old Fart|Shadow Ball|p2a: Iron Hands\n|-crit|p2a: Iron Hands\n|-damage|p2a: Iron Hands|0 fnt\n|faint|p2a: Iron Hands\n|-end|p2a: Iron Hands|Quark Drive|[silent]\n|\n|upkeep\n|\n|t:|1700026911\n|switch|p2a: Rotom|Rotom-Heat|100\/100\n|turn|12\n|\n|t:|1700026915\n|move|p2a: Rotom|Volt Switch|p1a: Old Fart\n|-damage|p1a: Old Fart|0 fnt\n|faint|p1a: Old Fart\n|\n|t:|1700026918\n|switch|p2a: Thundurus|Thundurus, M|33\/100|[from] Volt Switch\n|\n|upkeep\n|\n|t:|1700026923\n|switch|p1a: Cement Lover|Heracross, M|100\/100\n|turn|13\n|\n|t:|1700026927\n|-terastallize|p1a: Cement Lover|Normal\n|move|p2a: Thundurus|Electric Terrain|p2a: Thundurus\n|-fieldstart|move: Electric Terrain\n|move|p1a: Cement Lover|Trailblaze|p2a: Thundurus\n|-resisted|p2a: Thundurus\n|-damage|p2a: Thundurus|21\/100\n|-boost|p1a: Cement Lover|spe|1\n|\n|-status|p1a: Cement Lover|brn|[from] item: Flame Orb\n|upkeep\n|turn|14\n|\n|t:|1700026938\n|move|p1a: Cement Lover|Trailblaze|p2a: Thundurus\n|-resisted|p2a: Thundurus\n|-damage|p2a: Thundurus|1\/100\n|-boost|p1a: Cement Lover|spe|1\n|move|p2a: Thundurus|Discharge|p1a: Cement Lover\n|-damage|p1a: Cement Lover|50\/100 brn\n|\n|-damage|p1a: Cement Lover|44\/100 brn|[from] brn\n|upkeep\n|turn|15\n|\n|t:|1700026953\n|move|p1a: Cement Lover|Trailblaze|p2a: Thundurus\n|-resisted|p2a: Thundurus\n|-damage|p2a: Thundurus|0 fnt\n|-boost|p1a: Cement Lover|spe|1\n|faint|p2a: Thundurus\n|\n|-damage|p1a: Cement Lover|38\/100 brn|[from] brn\n|upkeep\n|\n|t:|1700026959\n|switch|p2a: Raichu|Raichu-Alola, F|8\/100\n|turn|16\n|\n|t:|1700026962\n|move|p1a: Cement Lover|Knock Off|p2a: Raichu\n|-supereffective|p2a: Raichu\n|-damage|p2a: Raichu|0 fnt\n|-enditem|p2a: Raichu|Choice Specs|[from] move: Knock Off|[of] p1a: Cement Lover\n|faint|p2a: Raichu\n|\n|-damage|p1a: Cement Lover|32\/100 brn|[from] brn\n|upkeep\n|\n|t:|1700026965\n|switch|p2a: Iron Leaves|Iron Leaves|100\/100\n|-activate|p2a: Iron Leaves|ability: Quark Drive\n|-start|p2a: Iron Leaves|quarkdrivespe\n|turn|17\n|\n|t:|1700026972\n|-terastallize|p2a: Iron Leaves|Electric\n|move|p1a: Cement Lover|Facade|p2a: Iron Leaves\n|-damage|p2a: Iron Leaves|0 fnt\n|faint|p2a: Iron Leaves\n|-end|p2a: Iron Leaves|Quark Drive|[silent]\n|\n|-damage|p1a: Cement Lover|26\/100 brn|[from] brn\n|-fieldend|move: Electric Terrain\n|upkeep\n|c|\u2606BasicGirly|rip\n|\n|t:|1700026977\n|switch|p2a: Rotom|Rotom-Heat|100\/100\n|turn|18\n|c|\u2606BasicGirly|gg\n|c|\u2606TheTurtwigWrangler|gg man\n|\n|t:|1700026992\n|move|p1a: Cement Lover|Facade|p2a: Rotom\n|-damage|p2a: Rotom|0 fnt\n|faint|p2a: Rotom\n|\n|win|TheTurtwigWrangler\n|raw|TheTurtwigWrangler's rating: 1201 &rarr; <strong>1224<\/strong><br \/>(+23 for winning)\n|raw|BasicGirly's rating: 1172 &rarr; <strong>1149<\/strong><br \/>(-23 for losing)\n|c|\u2606TheTurtwigWrangler|give me my badge plz\n|c|\u2606BasicGirly|its a golden star sticker :P\n|c|\u2606TheTurtwigWrangler|good enough\n|l|\u2606BasicGirly\n","uploadtime":1700027023,"views":4,"p1id":"theturtwigwrangler","p2id":"basicgirly","formatid":"gen9nationaldex","rating":1149,"private":0,"password":""}