{"id":"gen9nationaldex-1999504218","p1":"lawrenceyu","p2":"Autistic_Rabbit","format":"[Gen 9] National Dex","log":"|html|<div class=\"broadcast-blue\"><strong>[Gen 9] National Dex is currently suspecting Sneasler! For information on how to participate check out the <a href=\"https:\/\/www.smogon.com\/forums\/threads\/sv-national-dex-suspect-8-just-dance.3731534\/\">suspect thread<\/a>.<\/strong><\/div>\n|j|\u2606lawrenceyu\n|j|\u2606Autistic_Rabbit\n|t:|1701090023\n|gametype|singles\n|player|p1|lawrenceyu|266|1648\n|player|p2|Autistic_Rabbit|dawn|1716\n|teamsize|p1|6\n|teamsize|p2|6\n|gen|9\n|tier|[Gen 9] National Dex\n|rated|\n|rule|HP Percentage Mod: HP is shown in percentages\n|rule|Endless Battle Clause: Forcing endless battles is banned\n|rule|OHKO Clause: OHKO moves are banned\n|rule|Evasion Clause: Evasion abilities, items, and moves are banned\n|rule|Evasion Abilities Clause: Evasion abilities are banned\n|rule|Evasion Items Clause: Evasion items are banned\n|rule|Evasion Moves Clause: Evasion moves are banned\n|rule|Species Clause: Limit one of each Pok\u00e9mon\n|rule|Sleep Clause Mod: Limit one foe put to sleep\n|clearpoke\n|poke|p1|Toxapex, F|\n|poke|p1|Sirfetch\u2019d, F|\n|poke|p1|Tapu Lele|\n|poke|p1|Ferrothorn, M|\n|poke|p1|Landorus-Therian, M|\n|poke|p1|Diancie|\n|poke|p2|Mawile, M|\n|poke|p2|Marowak-Alola, M|\n|poke|p2|Hatterene, F|\n|poke|p2|Cresselia, F|\n|poke|p2|Porygon2|\n|poke|p2|Ursaluna, F|\n|teampreview\n|\n|t:|1701090041\n|start\n|switch|p1a: Sirfetch\u2019d|Sirfetch\u2019d, F|100\/100\n|switch|p2a: Mawile|Mawile, M|100\/100\n|-ability|p2a: Mawile|Intimidate|boost\n|-fail|p1a: Sirfetch\u2019d|unboost|Attack|[from] ability: Scrappy|[of] p1a: Sirfetch\u2019d\n|turn|1\n|inactive|Battle timer is ON: inactive players will automatically lose when time's up. (requested by lawrenceyu)\n|\n|t:|1701090051\n|switch|p1a: Toxapex|Toxapex, F|100\/100\n|detailschange|p2a: Mawile|Mawile-Mega, M\n|-mega|p2a: Mawile|Mawile|Mawilite\n|move|p2a: Mawile|Play Rough|p1a: Toxapex\n|-resisted|p1a: Toxapex\n|-damage|p1a: Toxapex|71\/100\n|-damage|p2a: Mawile|84\/100|[from] item: Rocky Helmet|[of] p1a: Toxapex\n|\n|upkeep\n|turn|2\n|\n|t:|1701090062\n|switch|p2a: Porygon2|Porygon2|100\/100\n|-ability|p2a: Porygon2|Regenerator|[from] ability: Trace|[of] p1a: Toxapex\n|switch|p1a: Sirfetch\u2019d|Sirfetch\u2019d, F|100\/100\n|\n|upkeep\n|turn|3\n|\n|t:|1701090073\n|switch|p2a: Cresselia|Cresselia, F|100\/100\n|move|p1a: Sirfetch\u2019d|Knock Off|p2a: Cresselia\n|-supereffective|p2a: Cresselia\n|-crit|p2a: Cresselia\n|-enditem|p2a: Cresselia|Colbur Berry|[eat]\n|-enditem|p2a: Cresselia|Colbur Berry|[weaken]\n|-damage|p2a: Cresselia|73\/100\n|\n|upkeep\n|turn|4\n|\n|t:|1701090082\n|move|p1a: Sirfetch\u2019d|Knock Off|p2a: Cresselia\n|-supereffective|p2a: Cresselia\n|-crit|p2a: Cresselia\n|-damage|p2a: Cresselia|33\/100\n|move|p2a: Cresselia|Trick Room|p2a: Cresselia\n|-fieldstart|move: Trick Room|[of] p2a: Cresselia\n|\n|upkeep\n|turn|5\n|\n|t:|1701090091\n|switch|p1a: Ferrothorn|Ferrothorn, M|100\/100\n|move|p2a: Cresselia|Psychic|p1a: Ferrothorn\n|-resisted|p1a: Ferrothorn\n|-damage|p1a: Ferrothorn|93\/100\n|\n|-heal|p1a: Ferrothorn|99\/100|[from] item: Leftovers\n|upkeep\n|turn|6\n|\n|t:|1701090100\n|move|p1a: Ferrothorn|Leech Seed|p2a: Cresselia\n|-start|p2a: Cresselia|move: Leech Seed\n|move|p2a: Cresselia|Lunar Dance|p2a: Cresselia\n|faint|p2a: Cresselia\n|\n|-heal|p1a: Ferrothorn|100\/100|[from] item: Leftovers\n|upkeep\n|\n|t:|1701090109\n|switch|p2a: Ursaluna|Ursaluna, F|100\/100\n|turn|7\n|\n|t:|1701090114\n|move|p1a: Ferrothorn|Leech Seed|p2a: Ursaluna|[miss]\n|-miss|p1a: Ferrothorn|p2a: Ursaluna\n|move|p2a: Ursaluna|Fire Punch|p1a: Ferrothorn\n|-supereffective|p1a: Ferrothorn\n|-damage|p1a: Ferrothorn|7\/100\n|-damage|p2a: Ursaluna|88\/100|[from] ability: Iron Barbs|[of] p1a: Ferrothorn\n|\n|-heal|p1a: Ferrothorn|13\/100|[from] item: Leftovers\n|-status|p2a: Ursaluna|brn|[from] item: Flame Orb\n|upkeep\n|turn|8\n|\n|t:|1701090124\n|move|p1a: Ferrothorn|Protect|p1a: Ferrothorn\n|-singleturn|p1a: Ferrothorn|Protect\n|move|p2a: Ursaluna|Fire Punch|p1a: Ferrothorn\n|-activate|p1a: Ferrothorn|move: Protect\n|\n|-heal|p1a: Ferrothorn|19\/100|[from] item: Leftovers\n|-damage|p2a: Ursaluna|82\/100 brn|[from] brn\n|-fieldend|move: Trick Room\n|upkeep\n|turn|9\n|\n|t:|1701090133\n|move|p2a: Ursaluna|Facade|p1a: Ferrothorn\n|-resisted|p1a: Ferrothorn\n|-damage|p1a: Ferrothorn|0 fnt\n|-damage|p2a: Ursaluna|70\/100 brn|[from] ability: Iron Barbs|[of] p1a: Ferrothorn\n|faint|p1a: Ferrothorn\n|\n|-damage|p2a: Ursaluna|64\/100 brn|[from] brn\n|upkeep\n|\n|t:|1701090143\n|switch|p1a: Sirfetch\u2019d|Sirfetch\u2019d, F|100\/100\n|turn|10\n|\n|t:|1701090154\n|switch|p1a: Toxapex|Toxapex, F|100\/100\n|switch|p2a: Hatterene|Hatterene, F|100\/100\n|\n|upkeep\n|turn|11\n|\n|t:|1701090162\n|switch|p2a: Porygon2|Porygon2|100\/100\n|-ability|p2a: Porygon2|Regenerator|[from] ability: Trace|[of] p1a: Toxapex\n|move|p1a: Toxapex|Scald|p2a: Porygon2\n|-damage|p2a: Porygon2|90\/100\n|-status|p2a: Porygon2|brn\n|\n|-damage|p2a: Porygon2|84\/100 brn|[from] brn\n|upkeep\n|turn|12\n|\n|t:|1701090176\n|move|p2a: Porygon2|Thunderbolt|p1a: Toxapex\n|-supereffective|p1a: Toxapex\n|-damage|p1a: Toxapex|63\/100\n|move|p1a: Toxapex|Scald|p2a: Porygon2\n|-damage|p2a: Porygon2|74\/100 brn\n|\n|-damage|p2a: Porygon2|68\/100 brn|[from] brn\n|upkeep\n|turn|13\n|\n|t:|1701090184\n|-terastallize|p2a: Porygon2|Ghost\n|move|p1a: Toxapex|Recover|p1a: Toxapex\n|-heal|p1a: Toxapex|100\/100\n|move|p2a: Porygon2|Teleport|p2a: Porygon2\n|\n|t:|1701090192\n|switch|p2a: Ursaluna|Ursaluna, F|64\/100 brn|[from] Teleport\n|-heal|p2a: Ursaluna|100\/100|[from] move: Lunar Dance\n|\n|-status|p2a: Ursaluna|brn|[from] item: Flame Orb\n|upkeep\n|turn|14\n|\n|t:|1701090200\n|move|p1a: Toxapex|Baneful Bunker|p1a: Toxapex\n|-singleturn|p1a: Toxapex|move: Protect\n|move|p2a: Ursaluna|Facade|p1a: Toxapex\n|-activate|p1a: Toxapex|move: Protect\n|\n|-damage|p2a: Ursaluna|94\/100 brn|[from] brn\n|upkeep\n|turn|15\n|j| Dabman1069\n|\n|t:|1701090207\n|switch|p1a: Diancie|Diancie|100\/100\n|move|p2a: Ursaluna|Facade|p1a: Diancie\n|-resisted|p1a: Diancie\n|-damage|p1a: Diancie|35\/100\n|\n|-damage|p2a: Ursaluna|88\/100 brn|[from] brn\n|upkeep\n|turn|16\n|\n|t:|1701090217\n|detailschange|p1a: Diancie|Diancie-Mega\n|-mega|p1a: Diancie|Diancie|Diancite\n|move|p1a: Diancie|Moonblast|p2a: Ursaluna\n|-damage|p2a: Ursaluna|39\/100 brn\n|move|p2a: Ursaluna|Facade|p1a: Diancie\n|-resisted|p1a: Diancie\n|-damage|p1a: Diancie|0 fnt\n|faint|p1a: Diancie\n|\n|-damage|p2a: Ursaluna|32\/100 brn|[from] brn\n|upkeep\n|\n|t:|1701090230\n|switch|p1a: Sirfetch\u2019d|Sirfetch\u2019d, F|100\/100\n|turn|17\n|\n|t:|1701090233\n|switch|p2a: Porygon2|Porygon2, tera:Ghost|100\/100 brn\n|-ability|p2a: Porygon2|Scrappy|[from] ability: Trace|[of] p1a: Sirfetch\u2019d\n|move|p1a: Sirfetch\u2019d|Knock Off|p2a: Porygon2\n|-supereffective|p2a: Porygon2\n|-crit|p2a: Porygon2\n|-damage|p2a: Porygon2|43\/100 brn\n|-enditem|p2a: Porygon2|Eviolite|[from] move: Knock Off|[of] p1a: Sirfetch\u2019d\n|\n|-damage|p2a: Porygon2|37\/100 brn|[from] brn\n|upkeep\n|turn|18\n|\n|t:|1701090243\n|move|p1a: Sirfetch\u2019d|Knock Off|p2a: Porygon2\n|-supereffective|p2a: Porygon2\n|-crit|p2a: Porygon2\n|-damage|p2a: Porygon2|0 fnt\n|faint|p2a: Porygon2\n|\n|upkeep\n|\n|t:|1701090247\n|switch|p2a: Hatterene|Hatterene, F|100\/100\n|turn|19\n|\n|t:|1701090252\n|move|p1a: Sirfetch\u2019d|Knock Off|p2a: Hatterene\n|-crit|p2a: Hatterene\n|-damage|p2a: Hatterene|38\/100\n|-enditem|p2a: Hatterene|Focus Sash|[from] move: Knock Off|[of] p1a: Sirfetch\u2019d\n|move|p2a: Hatterene|Trick Room|p2a: Hatterene\n|-fieldstart|move: Trick Room|[of] p2a: Hatterene\n|\n|upkeep\n|turn|20\n|\n|t:|1701090260\n|switch|p1a: Tapu Lele|Tapu Lele|100\/100\n|-fieldstart|move: Psychic Terrain|[from] ability: Psychic Surge|[of] p1a: Tapu Lele\n|move|p2a: Hatterene|Healing Wish|p2a: Hatterene\n|faint|p2a: Hatterene\n|\n|upkeep\n|\n|t:|1701090264\n|switch|p2a: Ursaluna|Ursaluna, F|32\/100 brn\n|-heal|p2a: Ursaluna|100\/100|[from] move: Healing Wish\n|turn|21\n|\n|t:|1701090274\n|move|p2a: Ursaluna|Facade|p1a: Tapu Lele\n|-damage|p1a: Tapu Lele|34\/100\n|move|p1a: Tapu Lele|Moonblast|p2a: Ursaluna\n|-damage|p2a: Ursaluna|56\/100\n|-unboost|p2a: Ursaluna|spa|1\n|\n|-status|p2a: Ursaluna|brn|[from] item: Flame Orb\n|upkeep\n|turn|22\n|\n|t:|1701090282\n|move|p2a: Ursaluna|Facade|p1a: Tapu Lele\n|-damage|p1a: Tapu Lele|0 fnt\n|faint|p1a: Tapu Lele\n|\n|-damage|p2a: Ursaluna|50\/100 brn|[from] brn\n|upkeep\n|\n|t:|1701090289\n|switch|p1a: Toxapex|Toxapex, F|100\/100\n|turn|23\n|\n|t:|1701090294\n|move|p1a: Toxapex|Baneful Bunker|p1a: Toxapex\n|-singleturn|p1a: Toxapex|move: Protect\n|move|p2a: Ursaluna|Swords Dance|p2a: Ursaluna\n|-boost|p2a: Ursaluna|atk|2\n|\n|-damage|p2a: Ursaluna|43\/100 brn|[from] brn\n|-fieldend|move: Trick Room\n|upkeep\n|turn|24\n|\n|t:|1701090306\n|move|p1a: Toxapex|Scald|p2a: Ursaluna\n|-supereffective|p2a: Ursaluna\n|-damage|p2a: Ursaluna|16\/100 brn\n|move|p2a: Ursaluna|Facade|p1a: Toxapex\n|-damage|p1a: Toxapex|0 fnt\n|-damage|p2a: Ursaluna|0 fnt|[from] item: Rocky Helmet|[of] p1a: Toxapex\n|faint|p1a: Toxapex\n|faint|p2a: Ursaluna\n|\n|-fieldend|move: Psychic Terrain\n|upkeep\n|\n|t:|1701090315\n|switch|p1a: Landorus|Landorus-Therian, M|100\/100\n|switch|p2a: Marowak|Marowak-Alola, M|100\/100\n|-ability|p1a: Landorus|Intimidate|boost\n|-unboost|p2a: Marowak|atk|1\n|turn|25\n|\n|t:|1701090324\n|move|p1a: Landorus|Earthquake|p2a: Marowak\n|-supereffective|p2a: Marowak\n|-crit|p2a: Marowak\n|-damage|p2a: Marowak|0 fnt\n|faint|p2a: Marowak\n|\n|upkeep\n|\n|t:|1701090327\n|switch|p2a: Mawile|Mawile-Mega, M|84\/100\n|turn|26\n|\n|t:|1701090331\n|move|p1a: Landorus|Earthquake|p2a: Mawile\n|-supereffective|p2a: Mawile\n|-damage|p2a: Mawile|0 fnt\n|faint|p2a: Mawile\n|\n|win|lawrenceyu\n|raw|lawrenceyu's rating: 1648 &rarr; <strong>1672<\/strong><br \/>(+24 for winning)\n|raw|Autistic_Rabbit's rating: 1716 &rarr; <strong>1692<\/strong><br \/>(-24 for losing)\n","uploadtime":1701090337,"views":1,"p1id":"lawrenceyu","p2id":"autisticrabbit","formatid":"gen9nationaldex","rating":1672,"private":0,"password":""}