{"id":"gen9nationaldex-1989278944","p1":"dinglemanschmidt","p2":"downfall18","format":"[Gen 9] National Dex","log":"|j|\u2606dinglemanschmidt\n|j|\u2606downfall18\n|t:|1699831172\n|gametype|singles\n|player|p1|dinglemanschmidt|265|\n|player|p2|downfall18|cyrus|\n|teamsize|p1|6\n|teamsize|p2|6\n|gen|9\n|tier|[Gen 9] National Dex\n|rule|HP Percentage Mod: HP is shown in percentages\n|rule|Endless Battle Clause: Forcing endless battles is banned\n|rule|OHKO Clause: OHKO moves are banned\n|rule|Evasion Clause: Evasion abilities, items, and moves are banned\n|rule|Evasion Abilities Clause: Evasion abilities are banned\n|rule|Evasion Items Clause: Evasion items are banned\n|rule|Evasion Moves Clause: Evasion moves are banned\n|rule|Species Clause: Limit one of each Pok\u00e9mon\n|rule|Sleep Clause Mod: Limit one foe put to sleep\n|clearpoke\n|poke|p1|Meowscarada, F|\n|poke|p1|Rhyperior, F|\n|poke|p1|Okidogi, M|\n|poke|p1|Mandibuzz, F|\n|poke|p1|Ursaring, F|\n|poke|p1|Tangela, F|\n|poke|p2|Rapidash-Galar, M|\n|poke|p2|Glimmora, F|\n|poke|p2|Lycanroc, F|\n|poke|p2|Banette, F|\n|poke|p2|Ogerpon-Wellspring, F|\n|poke|p2|Pawmot, M|\n|teampreview\n|c|\u2606downfall18|tera fight on rapi\n|c|\u2606downfall18|glhf!\n|c|\u2606dinglemanschmidt|have fun!\n|\n|t:|1699831219\n|start\n|switch|p1a: Meowscarada|Meowscarada, F|100\/100\n|switch|p2a: Glimmora|Glimmora, F|100\/100\n|turn|1\n|\n|t:|1699831234\n|move|p1a: Meowscarada|U-turn|p2a: Glimmora\n|-start|p1a: Meowscarada|typechange|Bug|[from] ability: Protean\n|-resisted|p2a: Glimmora\n|-damage|p2a: Glimmora|71\/100\n|-activate|p2a: Glimmora|ability: Toxic Debris\n|-sidestart|p1: dinglemanschmidt|move: Toxic Spikes\n|\n|t:|1699831240\n|switch|p1a: Okidogi|Okidogi, M|100\/100|[from] U-turn\n|-sideend|p1: dinglemanschmidt|move: Toxic Spikes|[of] p1a: Okidogi\n|move|p2a: Glimmora|Sludge Wave|p1a: Okidogi\n|-resisted|p1a: Okidogi\n|-damage|p1a: Okidogi|71\/100\n|\n|upkeep\n|turn|2\n|\n|t:|1699831298\n|move|p1a: Okidogi|High Horsepower|p2a: Glimmora\n|-supereffective|p2a: Glimmora\n|-crit|p2a: Glimmora\n|-damage|p2a: Glimmora|0 fnt\n|-activate|p2a: Glimmora|ability: Toxic Debris\n|-sidestart|p1: dinglemanschmidt|move: Toxic Spikes\n|faint|p2a: Glimmora\n|\n|upkeep\n|\n|t:|1699831336\n|switch|p2a: Banette|Banette, F|100\/100\n|-item|p1a: Okidogi|Choice Scarf|[from] ability: Frisk|[of] p2a: Banette|[identify]\n|turn|3\n|\n|t:|1699831341\n|switch|p1a: Ursaring|Ursaring, F|100\/100\n|-status|p1a: Ursaring|psn\n|detailschange|p2a: Banette|Banette-Mega, F\n|-mega|p2a: Banette|Banette|Banettite\n|move|p2a: Banette|Will-O-Wisp||[still]\n|-fail|p2a: Banette\n|\n|-damage|p1a: Ursaring|88\/100 psn|[from] psn\n|upkeep\n|turn|4\n|\n|t:|1699831385\n|move|p1a: Ursaring|Bulk Up|p1a: Ursaring\n|-boost|p1a: Ursaring|atk|1\n|-boost|p1a: Ursaring|def|1\n|move|p2a: Banette|Knock Off|p1a: Ursaring\n|-damage|p1a: Ursaring|68\/100 psn\n|-enditem|p1a: Ursaring|Eviolite|[from] move: Knock Off|[of] p2a: Banette\n|\n|-damage|p1a: Ursaring|56\/100 psn|[from] psn\n|upkeep\n|turn|5\n|\n|t:|1699831401\n|move|p2a: Banette|Rain Dance|p2a: Banette\n|-weather|RainDance\n|move|p1a: Ursaring|Crunch|p2a: Banette\n|-supereffective|p2a: Banette\n|-damage|p2a: Banette|0 fnt\n|faint|p2a: Banette\n|\n|-weather|RainDance|[upkeep]\n|-damage|p1a: Ursaring|43\/100 psn|[from] psn\n|upkeep\n|\n|t:|1699831406\n|switch|p2a: Ogerpon|Ogerpon-Wellspring, F|100\/100\n|turn|6\n|\n|t:|1699831410\n|move|p2a: Ogerpon|Ivy Cudgel|p1a: Ursaring\n|-damage|p1a: Ursaring|0 fnt\n|faint|p1a: Ursaring\n|\n|-weather|RainDance|[upkeep]\n|upkeep\n|\n|t:|1699831434\n|switch|p1a: Mandibuzz|Mandibuzz, F|100\/100\n|turn|7\n|\n|t:|1699831449\n|move|p2a: Ogerpon|Ivy Cudgel|p1a: Mandibuzz\n|-damage|p1a: Mandibuzz|52\/100\n|move|p1a: Mandibuzz|Defog|p2a: Ogerpon\n|-unboost|p2a: Ogerpon|evasion|1\n|-sideend|p1: dinglemanschmidt|Toxic Spikes|[from] move: Defog|[of] p1a: Mandibuzz\n|\n|-weather|RainDance|[upkeep]\n|upkeep\n|turn|8\n|\n|t:|1699831460\n|switch|p1a: Tangela|Tangela, F|100\/100\n|move|p2a: Ogerpon|Ivy Cudgel|p1a: Tangela\n|-resisted|p1a: Tangela\n|-crit|p1a: Tangela\n|-damage|p1a: Tangela|57\/100\n|\n|-weather|RainDance|[upkeep]\n|upkeep\n|turn|9\n|\n|t:|1699831481\n|move|p2a: Ogerpon|Knock Off|p1a: Tangela\n|-damage|p1a: Tangela|33\/100\n|-enditem|p1a: Tangela|Eviolite|[from] move: Knock Off|[of] p2a: Ogerpon\n|move|p1a: Tangela|Giga Drain|p2a: Ogerpon\n|-damage|p2a: Ogerpon|70\/100\n|-heal|p1a: Tangela|47\/100|[from] drain|[of] p2a: Ogerpon\n|\n|-weather|none\n|upkeep\n|turn|10\n|\n|t:|1699831527\n|switch|p2a: Pawmot|Pawmot, M|100\/100\n|move|p1a: Tangela|Giga Drain|p2a: Pawmot\n|-damage|p2a: Pawmot|50\/100\n|-heal|p1a: Tangela|68\/100|[from] drain|[of] p2a: Pawmot\n|\n|upkeep\n|turn|11\n|\n|t:|1699831584\n|move|p2a: Pawmot|Ice Punch|p1a: Tangela\n|-supereffective|p1a: Tangela\n|-damage|p1a: Tangela|24\/100\n|-status|p1a: Tangela|frz\n|-curestatus|p1a: Tangela|frz|[msg]\n|move|p1a: Tangela|Giga Drain|p2a: Pawmot\n|-damage|p2a: Pawmot|6\/100\n|-heal|p1a: Tangela|42\/100|[from] drain|[of] p2a: Pawmot\n|\n|upkeep\n|turn|12\n|c|\u2606dinglemanschmidt|tangela my hero\n|\n|t:|1699831611\n|switch|p1a: Rhyperior|Rhyperior, F|100\/100\n|move|p2a: Pawmot|Revival Blessing|p2a: Pawmot\n|c|\u2606downfall18|he was not feeling frosty\n|\n|t:|1699831618\n|-heal|p2: Banette|50\/100|[from] move: Revival Blessing\n|\n|upkeep\n|turn|13\n|\n|t:|1699831636\n|-terastallize|p1a: Rhyperior|Steel\n|move|p2a: Pawmot|Close Combat|p1a: Rhyperior\n|-supereffective|p1a: Rhyperior\n|-damage|p1a: Rhyperior|53\/100\n|-unboost|p2a: Pawmot|def|1\n|-unboost|p2a: Pawmot|spd|1\n|move|p1a: Rhyperior|Heavy Slam|p2a: Pawmot\n|-resisted|p2a: Pawmot\n|-damage|p2a: Pawmot|0 fnt\n|faint|p2a: Pawmot\n|\n|-heal|p1a: Rhyperior|59\/100|[from] item: Leftovers\n|upkeep\n|\n|t:|1699831769\n|switch|p2a: Lycanroc|Lycanroc, F|100\/100\n|turn|14\n|\n|t:|1699831773\n|move|p2a: Lycanroc|Close Combat|p1a: Rhyperior\n|-supereffective|p1a: Rhyperior\n|-damage|p1a: Rhyperior|13\/100\n|-unboost|p2a: Lycanroc|def|1\n|-unboost|p2a: Lycanroc|spd|1\n|move|p1a: Rhyperior|Heavy Slam|p2a: Lycanroc\n|-supereffective|p2a: Lycanroc\n|-damage|p2a: Lycanroc|0 fnt\n|faint|p2a: Lycanroc\n|\n|-heal|p1a: Rhyperior|19\/100|[from] item: Leftovers\n|upkeep\n|\n|t:|1699831781\n|switch|p2a: Rapidash|Rapidash-Galar, M|100\/100\n|turn|15\n|\n|t:|1699831822\n|switch|p1a: Mandibuzz|Mandibuzz, F|52\/100\n|-terastallize|p2a: Rapidash|Fighting\n|move|p2a: Rapidash|Double Kick|p1a: Mandibuzz\n|-damage|p1a: Mandibuzz|42\/100\n|-damage|p1a: Mandibuzz|32\/100\n|-hitcount|p1a: Mandibuzz|2\n|-damage|p2a: Rapidash|91\/100|[from] item: Life Orb\n|\n|upkeep\n|turn|16\n|\n|t:|1699831832\n|move|p2a: Rapidash|Play Rough|p1a: Mandibuzz\n|-supereffective|p1a: Mandibuzz\n|-damage|p1a: Mandibuzz|0 fnt\n|faint|p1a: Mandibuzz\n|-damage|p2a: Rapidash|81\/100|[from] item: Life Orb\n|\n|upkeep\n|\n|t:|1699831897\n|switch|p1a: Meowscarada|Meowscarada, F|100\/100\n|turn|17\n|\n|t:|1699831919\n|move|p1a: Meowscarada|Flower Trick|p2a: Rapidash\n|-start|p1a: Meowscarada|typechange|Grass|[from] ability: Protean\n|-crit|p2a: Rapidash\n|-damage|p2a: Rapidash|0 fnt\n|faint|p2a: Rapidash\n|\n|upkeep\n|\n|t:|1699831923\n|switch|p2a: Banette|Banette-Mega, F|50\/100\n|turn|18\n|\n|t:|1699831940\n|switch|p1a: Tangela|Tangela, F|76\/100\n|move|p2a: Banette|Rain Dance|p2a: Banette\n|-weather|RainDance\n|\n|-weather|RainDance|[upkeep]\n|upkeep\n|turn|19\n|\n|t:|1699831948\n|move|p2a: Banette|Knock Off|p1a: Tangela\n|-damage|p1a: Tangela|55\/100\n|move|p1a: Tangela|Substitute|p1a: Tangela\n|-start|p1a: Tangela|Substitute\n|-damage|p1a: Tangela|30\/100\n|\n|-weather|RainDance|[upkeep]\n|upkeep\n|turn|20\n|\n|t:|1699831977\n|move|p2a: Banette|Knock Off|p1a: Tangela\n|-activate|p1a: Tangela|move: Substitute|[damage]\n|move|p1a: Tangela|Giga Drain|p2a: Banette\n|-damage|p2a: Banette|18\/100\n|-heal|p1a: Tangela|47\/100|[from] drain|[of] p2a: Banette\n|\n|-weather|RainDance|[upkeep]\n|upkeep\n|turn|21\n|\n|t:|1699831986\n|move|p2a: Banette|Knock Off|p1a: Tangela\n|-end|p1a: Tangela|Substitute\n|move|p1a: Tangela|Giga Drain|p2a: Banette\n|-damage|p2a: Banette|0 fnt\n|-heal|p1a: Tangela|55\/100|[from] drain|[of] p2a: Banette\n|faint|p2a: Banette\n|\n|-weather|RainDance|[upkeep]\n|upkeep\n|\n|t:|1699831990\n|switch|p2a: Ogerpon|Ogerpon-Wellspring, F|70\/100\n|turn|22\n|\n|t:|1699832009\n|move|p2a: Ogerpon|Ivy Cudgel|p1a: Tangela\n|-resisted|p1a: Tangela\n|-damage|p1a: Tangela|19\/100\n|move|p1a: Tangela|Substitute|p1a: Tangela\n|-fail|p1a: Tangela|move: Substitute|[weak]\n|\n|-weather|none\n|upkeep\n|turn|23\n|\n|t:|1699832015\n|move|p2a: Ogerpon|Ivy Cudgel|p1a: Tangela\n|-resisted|p1a: Tangela\n|-crit|p1a: Tangela\n|-damage|p1a: Tangela|0 fnt\n|faint|p1a: Tangela\n|\n|upkeep\n|\n|t:|1699832037\n|switch|p1a: Okidogi|Okidogi, M|71\/100\n|turn|24\n|\n|t:|1699832040\n|move|p1a: Okidogi|Poison Jab|p2a: Ogerpon\n|-supereffective|p2a: Ogerpon\n|-damage|p2a: Ogerpon|0 fnt\n|faint|p2a: Ogerpon\n|\n|win|dinglemanschmidt\n|c|\u2606downfall18|gg\n|c|\u2606downfall18|gonna make a couple change\n","uploadtime":1699832111,"views":19,"p1id":"dinglemanschmidt","p2id":"downfall18","formatid":"gen9nationaldex","rating":0,"private":0,"password":""}