{"id":"gen9nationaldex-1995329740","p1":"The Angel Devil","p2":"NDSNEZ Larrea","format":"[Gen 9] National Dex","log":"|html|<div class=\"broadcast-blue\"><strong>[Gen 9] National Dex is currently suspecting Sneasler! For information on how to participate check out the <a href=\"https:\/\/www.smogon.com\/forums\/threads\/sv-national-dex-suspect-8-just-dance.3731534\/\">suspect thread<\/a>.<\/strong><\/div>\n|j|\u2606The Angel Devil\n|j|\u2606NDSNEZ Larrea\n|inactive|Battle timer is ON: inactive players will automatically lose when time's up.\n|t:|1700554714\n|gametype|singles\n|player|p1|The Angel Devil|n-masters|\n|player|p2|NDSNEZ Larrea|olivia|\n|teamsize|p1|6\n|teamsize|p2|6\n|gen|9\n|tier|[Gen 9] National Dex\n|rated|Tournament battle\n|rule|HP Percentage Mod: HP is shown in percentages\n|rule|Endless Battle Clause: Forcing endless battles is banned\n|rule|OHKO Clause: OHKO moves are banned\n|rule|Evasion Clause: Evasion abilities, items, and moves are banned\n|rule|Evasion Abilities Clause: Evasion abilities are banned\n|rule|Evasion Items Clause: Evasion items are banned\n|rule|Evasion Moves Clause: Evasion moves are banned\n|rule|Species Clause: Limit one of each Pok\u00e9mon\n|rule|Sleep Clause Mod: Limit one foe put to sleep\n|clearpoke\n|poke|p1|Rillaboom, M|\n|poke|p1|Dragonite, F|\n|poke|p1|Gardevoir, F|\n|poke|p1|Quaquaval, M|\n|poke|p1|Skeledirge, M|\n|poke|p1|Scizor, M|\n|poke|p2|Tapu Lele|\n|poke|p2|Garchomp, M|\n|poke|p2|Sneasler, M|\n|poke|p2|Landorus-Therian, M|\n|poke|p2|Ninetales-Alola, F|\n|poke|p2|Kommo-o, M|\n|teampreview\n|j| The power of ROCK\n|\n|t:|1700554731\n|start\n|switch|p1a: Gladius|Scizor, M|100\/100\n|switch|p2a: Ninetales|Ninetales-Alola, F|100\/100\n|-weather|Snow|[from] ability: Snow Warning|[of] p2a: Ninetales\n|turn|1\n|\n|t:|1700554735\n|switch|p2a: Landorus|Landorus-Therian, M|100\/100\n|-ability|p2a: Landorus|Intimidate|boost\n|-unboost|p1a: Gladius|atk|1\n|move|p1a: Gladius|Bullet Punch|p2a: Landorus\n|-damage|p2a: Landorus|77\/100\n|-damage|p1a: Gladius|84\/100|[from] item: Rocky Helmet|[of] p2a: Landorus\n|\n|-weather|Snow|[upkeep]\n|upkeep\n|turn|2\n|j| DoctorFiraga\n|\n|t:|1700554742\n|switch|p1a: Taiko no Tatsujin|Rillaboom, M|100\/100\n|-fieldstart|move: Grassy Terrain|[from] ability: Grassy Surge|[of] p1a: Taiko no Tatsujin\n|move|p2a: Landorus|U-turn|p1a: Taiko no Tatsujin\n|-supereffective|p1a: Taiko no Tatsujin\n|-damage|p1a: Taiko no Tatsujin|56\/100\n|c|\u2606NDSNEZ Larrea|no mega?\n|c|\u2606NDSNEZ Larrea|interesting\n|\n|t:|1700554754\n|switch|p2a: Ninetales|Ninetales-Alola, F|100\/100|[from] U-turn\n|\n|-weather|Snow|[upkeep]\n|-heal|p1a: Taiko no Tatsujin|62\/100|[from] Grassy Terrain\n|upkeep\n|turn|3\n|\n|t:|1700554758\n|move|p1a: Taiko no Tatsujin|Grassy Glide|p2a: Ninetales\n|-damage|p2a: Ninetales|44\/100\n|move|p2a: Ninetales|Aurora Veil|p2a: Ninetales\n|-sidestart|p2: NDSNEZ Larrea|move: Aurora Veil\n|\n|-weather|Snow|[upkeep]\n|-heal|p2a: Ninetales|50\/100|[from] Grassy Terrain\n|-heal|p1a: Taiko no Tatsujin|68\/100|[from] Grassy Terrain\n|upkeep\n|turn|4\n|\n|t:|1700554763\n|switch|p1a: Gladius|Scizor, M|84\/100\n|move|p2a: Ninetales|Encore||[still]\n|-fail|p2a: Ninetales\n|\n|-weather|Snow|[upkeep]\n|-heal|p2a: Ninetales|56\/100|[from] Grassy Terrain\n|-heal|p1a: Gladius|90\/100|[from] Grassy Terrain\n|upkeep\n|turn|5\n|\n|t:|1700554770\n|switch|p2a: Kommo-o|Kommo-o, M|100\/100\n|move|p1a: Gladius|U-turn|p2a: Kommo-o\n|-resisted|p2a: Kommo-o\n|-damage|p2a: Kommo-o|85\/100\n|\n|t:|1700554772\n|switch|p1a: Mana|Gardevoir, F, shiny|100\/100|[from] U-turn\n|-ability|p1a: Mana|Bulletproof|[from] ability: Trace|[of] p2a: Kommo-o\n|\n|-weather|none\n|-heal|p2a: Kommo-o|91\/100|[from] Grassy Terrain\n|upkeep\n|turn|6\n|\n|t:|1700554782\n|switch|p2a: Tapu Lele|Tapu Lele|100\/100\n|-fieldstart|move: Psychic Terrain|[from] ability: Psychic Surge|[of] p2a: Tapu Lele\n|detailschange|p1a: Mana|Gardevoir-Mega, F, shiny\n|-mega|p1a: Mana|Gardevoir|Gardevoirite\n|move|p1a: Mana|Future Sight|p2a: Tapu Lele\n|-start|p1a: Mana|move: Future Sight\n|\n|upkeep\n|turn|7\n|j| batmanga\n|inactive|NDSNEZ Larrea has 120 seconds left.\n|\n|t:|1700554823\n|-terastallize|p2a: Tapu Lele|Psychic\n|move|p1a: Mana|Mystical Fire|p2a: Tapu Lele\n|-damage|p2a: Tapu Lele|83\/100\n|-unboost|p2a: Tapu Lele|spa|1\n|move|p2a: Tapu Lele|Psyshock|p1a: Mana\n|-resisted|p1a: Mana\n|-damage|p1a: Mana|36\/100\n|\n|upkeep\n|turn|8\n|\n|t:|1700554832\n|switch|p1a: Gladius|Scizor, M|90\/100\n|move|p2a: Tapu Lele|Psyshock|p1a: Gladius\n|-resisted|p1a: Gladius\n|-damage|p1a: Gladius|55\/100\n|\n|-end|p2a: Tapu Lele|move: Future Sight\n|-resisted|p2a: Tapu Lele\n|-damage|p2a: Tapu Lele|60\/100\n|upkeep\n|turn|9\n|\n|t:|1700554836\n|switch|p2a: Landorus|Landorus-Therian, M|77\/100\n|-ability|p2a: Landorus|Intimidate|boost\n|-unboost|p1a: Gladius|atk|1\n|move|p1a: Gladius|U-turn|p2a: Landorus\n|-resisted|p2a: Landorus\n|-damage|p2a: Landorus|69\/100\n|-damage|p1a: Gladius|39\/100|[from] item: Rocky Helmet|[of] p2a: Landorus\n|\n|t:|1700554847\n|switch|p1a: Giorno|Quaquaval, M|100\/100|[from] U-turn\n|\n|upkeep\n|turn|10\n|\n|t:|1700554851\n|move|p1a: Giorno|Aqua Step|p2a: Landorus\n|-supereffective|p2a: Landorus\n|-damage|p2a: Landorus|40\/100\n|-boost|p1a: Giorno|spe|1\n|-damage|p1a: Giorno|84\/100|[from] item: Rocky Helmet|[of] p2a: Landorus\n|move|p2a: Landorus|Toxic|p1a: Giorno\n|-status|p1a: Giorno|tox\n|\n|-damage|p1a: Giorno|78\/100 tox|[from] psn\n|-sideend|p2: NDSNEZ Larrea|move: Aurora Veil\n|-fieldend|move: Psychic Terrain\n|upkeep\n|turn|11\n|\n|t:|1700554858\n|switch|p2a: Garchomp|Garchomp, M|100\/100\n|move|p1a: Giorno|Ice Spinner|p2a: Garchomp\n|-supereffective|p2a: Garchomp\n|-damage|p2a: Garchomp|0 fnt\n|-damage|p1a: Giorno|66\/100 tox|[from] ability: Rough Skin|[of] p2a: Garchomp\n|faint|p2a: Garchomp\n|-ability|p1a: Giorno|Moxie|boost\n|-boost|p1a: Giorno|atk|1\n|\n|-damage|p1a: Giorno|54\/100 tox|[from] psn\n|upkeep\n|\n|t:|1700554861\n|switch|p2a: Landorus|Landorus-Therian, M|40\/100\n|-ability|p2a: Landorus|Intimidate|boost\n|-unboost|p1a: Giorno|atk|1\n|turn|12\n|c| DoctorFiraga|Giorno Giovanna???\n|\n|t:|1700554871\n|switch|p2a: Kommo-o|Kommo-o, M|91\/100\n|move|p1a: Giorno|Aqua Step|p2a: Kommo-o\n|-resisted|p2a: Kommo-o\n|-crit|p2a: Kommo-o\n|-damage|p2a: Kommo-o|64\/100\n|-boost|p1a: Giorno|spe|1\n|\n|-damage|p1a: Giorno|35\/100 tox|[from] psn\n|upkeep\n|turn|13\n|\n|t:|1700554890\n|move|p1a: Giorno|Ice Spinner|p2a: Kommo-o\n|-supereffective|p2a: Kommo-o\n|-damage|p2a: Kommo-o|13\/100\n|-zpower|p2a: Kommo-o\n|move|p2a: Kommo-o|Clangorous Soulblaze|p1a: Giorno|[zeffect]\n|-damage|p1a: Giorno|0 fnt\n|faint|p1a: Giorno\n|-boost|p2a: Kommo-o|atk|1\n|-boost|p2a: Kommo-o|def|1\n|-boost|p2a: Kommo-o|spa|1\n|-boost|p2a: Kommo-o|spd|1\n|-boost|p2a: Kommo-o|spe|1\n|\n|upkeep\n|\n|t:|1700554894\n|switch|p1a: Ryuji|Dragonite, F|100\/100\n|turn|14\n|j| Meelll0\n|inactive|NDSNEZ Larrea has 120 seconds left.\n|\n|t:|1700554940\n|move|p1a: Ryuji|Extreme Speed|p2a: Kommo-o\n|-damage|p2a: Kommo-o|0 fnt\n|faint|p2a: Kommo-o\n|\n|upkeep\n|\n|t:|1700554943\n|switch|p2a: Landorus|Landorus-Therian, M|40\/100\n|-ability|p2a: Landorus|Intimidate|boost\n|-unboost|p1a: Ryuji|atk|1\n|turn|15\n|\n|t:|1700554953\n|switch|p1a: Gladius|Scizor, M|39\/100\n|move|p2a: Landorus|U-turn|p1a: Gladius\n|-resisted|p1a: Gladius\n|-damage|p1a: Gladius|28\/100\n|\n|t:|1700554957\n|switch|p2a: Tapu Lele|Tapu Lele, tera:Psychic|60\/100|[from] U-turn\n|-fieldstart|move: Psychic Terrain|[from] ability: Psychic Surge|[of] p2a: Tapu Lele\n|\n|upkeep\n|turn|16\n|\n|t:|1700554967\n|switch|p1a: Taiko no Tatsujin|Rillaboom, M|68\/100\n|-fieldstart|move: Grassy Terrain|[from] ability: Grassy Surge|[of] p1a: Taiko no Tatsujin\n|move|p2a: Tapu Lele|Psychic|p1a: Taiko no Tatsujin\n|-damage|p1a: Taiko no Tatsujin|0 fnt\n|faint|p1a: Taiko no Tatsujin\n|\n|-heal|p2a: Tapu Lele|66\/100|[from] Grassy Terrain\n|upkeep\n|\n|t:|1700554970\n|switch|p1a: Ryuji|Dragonite, F|100\/100\n|turn|17\n|\n|t:|1700554975\n|switch|p2a: Landorus|Landorus-Therian, M|40\/100\n|-ability|p2a: Landorus|Intimidate|boost\n|-unboost|p1a: Ryuji|atk|1\n|move|p1a: Ryuji|Dragon Dance|p1a: Ryuji\n|-boost|p1a: Ryuji|atk|1\n|-boost|p1a: Ryuji|spe|1\n|\n|upkeep\n|turn|18\n|\n|t:|1700554977\n|move|p1a: Ryuji|Dragon Dance|p1a: Ryuji\n|-boost|p1a: Ryuji|atk|1\n|-boost|p1a: Ryuji|spe|1\n|move|p2a: Landorus|Toxic|p1a: Ryuji\n|-status|p1a: Ryuji|tox\n|\n|-damage|p1a: Ryuji|94\/100 tox|[from] psn\n|upkeep\n|turn|19\n|\n|t:|1700554981\n|move|p1a: Ryuji|Dragon Dance|p1a: Ryuji\n|-boost|p1a: Ryuji|atk|1\n|-boost|p1a: Ryuji|spe|1\n|move|p2a: Landorus|U-turn|p1a: Ryuji\n|-resisted|p1a: Ryuji\n|-damage|p1a: Ryuji|81\/100 tox\n|\n|t:|1700554983\n|switch|p2a: Tapu Lele|Tapu Lele, tera:Psychic|66\/100|[from] U-turn\n|-fieldstart|move: Psychic Terrain|[from] ability: Psychic Surge|[of] p2a: Tapu Lele\n|\n|-damage|p1a: Ryuji|69\/100 tox|[from] psn\n|upkeep\n|turn|20\n|\n|t:|1700554985\n|switch|p2a: Landorus|Landorus-Therian, M|40\/100\n|-ability|p2a: Landorus|Intimidate|boost\n|-unboost|p1a: Ryuji|atk|1\n|move|p1a: Ryuji|Earthquake|p2a: Landorus\n|-immune|p2a: Landorus\n|\n|-damage|p1a: Ryuji|50\/100 tox|[from] psn\n|upkeep\n|turn|21\n|\n|t:|1700554988\n|move|p1a: Ryuji|Roost|p1a: Ryuji\n|-heal|p1a: Ryuji|100\/100 tox\n|-singleturn|p1a: Ryuji|move: Roost\n|move|p2a: Landorus|U-turn|p1a: Ryuji\n|-damage|p1a: Ryuji|89\/100 tox\n|\n|t:|1700554997\n|switch|p2a: Ninetales|Ninetales-Alola, F|56\/100|[from] U-turn\n|-weather|Snow|[from] ability: Snow Warning|[of] p2a: Ninetales\n|\n|-weather|Snow|[upkeep]\n|-damage|p1a: Ryuji|65\/100 tox|[from] psn\n|upkeep\n|turn|22\n|\n|t:|1700555003\n|switch|p2a: Landorus|Landorus-Therian, M|40\/100\n|-ability|p2a: Landorus|Intimidate|boost\n|-unboost|p1a: Ryuji|atk|1\n|move|p1a: Ryuji|Earthquake|p2a: Landorus\n|-immune|p2a: Landorus\n|\n|-weather|Snow|[upkeep]\n|-damage|p1a: Ryuji|34\/100 tox|[from] psn\n|upkeep\n|turn|23\n|\n|t:|1700555009\n|move|p1a: Ryuji|Roost|p1a: Ryuji\n|-heal|p1a: Ryuji|84\/100 tox\n|-singleturn|p1a: Ryuji|move: Roost\n|move|p2a: Landorus|U-turn|p1a: Ryuji\n|-damage|p1a: Ryuji|61\/100 tox\n|\n|t:|1700555015\n|switch|p2a: Sneasler|Sneasler, M|100\/100|[from] U-turn\n|-enditem|p2a: Sneasler|Psychic Seed\n|-boost|p2a: Sneasler|spd|1|[from] item: Psychic Seed\n|\n|-weather|Snow|[upkeep]\n|-damage|p1a: Ryuji|24\/100 tox|[from] psn\n|-fieldend|move: Psychic Terrain\n|upkeep\n|turn|24\n|\n|t:|1700555027\n|switch|p1a: Skellek|Skeledirge, M|100\/100\n|move|p2a: Sneasler|Swords Dance|p2a: Sneasler\n|-boost|p2a: Sneasler|atk|2\n|\n|-weather|Snow|[upkeep]\n|upkeep\n|turn|25\n|\n|t:|1700555031\n|move|p2a: Sneasler|Dire Claw|p1a: Skellek\n|-resisted|p1a: Skellek\n|-damage|p1a: Skellek|87\/100\n|-status|p1a: Skellek|slp\n|cant|p1a: Skellek|slp\n|\n|-weather|none\n|upkeep\n|turn|26\n|\n|t:|1700555035\n|move|p2a: Sneasler|Acrobatics|p1a: Skellek\n|-damage|p1a: Skellek|62\/100 slp\n|cant|p1a: Skellek|slp\n|\n|upkeep\n|turn|27\n|c| batmanga|Ptsd\n|\n|t:|1700555038\n|move|p2a: Sneasler|Acrobatics|p1a: Skellek\n|-damage|p1a: Skellek|35\/100 slp\n|-curestatus|p1a: Skellek|slp|[msg]\n|move|p1a: Skellek|Slack Off|p1a: Skellek\n|-heal|p1a: Skellek|85\/100\n|\n|upkeep\n|turn|28\n|c|\u2606NDSNEZ Larrea|clap clap clap\n|\n|t:|1700555043\n|move|p2a: Sneasler|Dire Claw|p1a: Skellek\n|-resisted|p1a: Skellek\n|-damage|p1a: Skellek|71\/100\n|move|p1a: Skellek|Will-O-Wisp|p2a: Sneasler\n|-status|p2a: Sneasler|brn\n|\n|-damage|p2a: Sneasler|95\/100 brn|[from] brn\n|upkeep\n|turn|29\n|c| DoctorFiraga|Oh no\n|\n|t:|1700555047\n|move|p2a: Sneasler|Dire Claw|p1a: Skellek\n|-resisted|p1a: Skellek\n|-damage|p1a: Skellek|64\/100\n|move|p1a: Skellek|Hex|p2a: Sneasler\n|-damage|p2a: Sneasler|24\/100 brn\n|\n|-damage|p2a: Sneasler|18\/100 brn|[from] brn\n|upkeep\n|turn|30\n|\n|t:|1700555055\n|switch|p2a: Landorus|Landorus-Therian, M|40\/100\n|-ability|p2a: Landorus|Intimidate|boost\n|-unboost|p1a: Skellek|atk|1\n|move|p1a: Skellek|Slack Off|p1a: Skellek\n|-heal|p1a: Skellek|100\/100\n|\n|upkeep\n|turn|31\n|\n|t:|1700555059\n|switch|p1a: Ryuji|Dragonite, F|24\/100 tox\n|move|p2a: Landorus|Toxic|p1a: Ryuji\n|-fail|p1a: Ryuji|tox\n|\n|-damage|p1a: Ryuji|18\/100 tox|[from] psn\n|upkeep\n|turn|32\n|\n|t:|1700555063\n|move|p1a: Ryuji|Roost|p1a: Ryuji\n|-heal|p1a: Ryuji|68\/100 tox\n|-singleturn|p1a: Ryuji|move: Roost\n|move|p2a: Landorus|Stealth Rock|p1a: Ryuji\n|-sidestart|p1: The Angel Devil|move: Stealth Rock\n|\n|-damage|p1a: Ryuji|55\/100 tox|[from] psn\n|upkeep\n|turn|33\n|\n|t:|1700555070\n|move|p1a: Ryuji|Extreme Speed|p2a: Landorus\n|-damage|p2a: Landorus|17\/100\n|-damage|p1a: Ryuji|39\/100 tox|[from] item: Rocky Helmet|[of] p2a: Landorus\n|move|p2a: Landorus|U-turn|p1a: Ryuji\n|-resisted|p1a: Ryuji\n|-damage|p1a: Ryuji|26\/100 tox\n|\n|t:|1700555075\n|switch|p2a: Tapu Lele|Tapu Lele, tera:Psychic|66\/100|[from] U-turn\n|-fieldstart|move: Psychic Terrain|[from] ability: Psychic Surge|[of] p2a: Tapu Lele\n|\n|-damage|p1a: Ryuji|7\/100 tox|[from] psn\n|upkeep\n|turn|34\n|c| batmanga|The good ending lesgo\n|\n|t:|1700555082\n|move|p2a: Tapu Lele|Psychic|p1a: Ryuji\n|-damage|p1a: Ryuji|0 fnt\n|faint|p1a: Ryuji\n|\n|upkeep\n|\n|t:|1700555084\n|switch|p1a: Mana|Gardevoir-Mega, F, shiny|36\/100\n|-damage|p1a: Mana|23\/100|[from] Stealth Rock\n|turn|35\n|\n|t:|1700555089\n|switch|p2a: Ninetales|Ninetales-Alola, F|56\/100\n|-weather|Snow|[from] ability: Snow Warning|[of] p2a: Ninetales\n|move|p1a: Mana|Hyper Voice|p2a: Ninetales\n|-damage|p2a: Ninetales|0 fnt\n|faint|p2a: Ninetales\n|\n|-weather|Snow|[upkeep]\n|upkeep\n|\n|t:|1700555094\n|switch|p2a: Sneasler|Sneasler, M|18\/100 brn\n|turn|36\n|\n|t:|1700555099\n|switch|p1a: Skellek|Skeledirge, M|100\/100\n|move|p2a: Sneasler|Dire Claw|p1a: Skellek\n|-resisted|p1a: Skellek\n|-damage|p1a: Skellek|93\/100\n|-status|p1a: Skellek|slp\n|\n|-weather|Snow|[upkeep]\n|-damage|p2a: Sneasler|12\/100 brn|[from] brn\n|upkeep\n|turn|37\n|\n|t:|1700555103\n|switch|p2a: Tapu Lele|Tapu Lele, tera:Psychic|66\/100\n|cant|p1a: Skellek|slp\n|\n|-weather|Snow|[upkeep]\n|-fieldend|move: Psychic Terrain\n|upkeep\n|turn|38\n|\n|t:|1700555109\n|move|p2a: Tapu Lele|Psychic|p1a: Skellek\n|-damage|p1a: Skellek|0 fnt\n|faint|p1a: Skellek\n|\n|-weather|Snow|[upkeep]\n|upkeep\n|\n|t:|1700555112\n|switch|p1a: Mana|Gardevoir-Mega, F, shiny|23\/100\n|-damage|p1a: Mana|11\/100|[from] Stealth Rock\n|turn|39\n|\n|t:|1700555124\n|switch|p2a: Landorus|Landorus-Therian, M|17\/100\n|-ability|p2a: Landorus|Intimidate|boost\n|-unboost|p1a: Mana|atk|1\n|move|p1a: Mana|Hyper Voice|p2a: Landorus\n|-damage|p2a: Landorus|0 fnt\n|faint|p2a: Landorus\n|\n|-weather|none\n|upkeep\n|\n|t:|1700555125\n|switch|p2a: Sneasler|Sneasler, M|12\/100 brn\n|turn|40\n|\n|t:|1700555128\n|move|p2a: Sneasler|Close Combat|p1a: Mana\n|-resisted|p1a: Mana\n|-damage|p1a: Mana|0 fnt\n|-unboost|p2a: Sneasler|def|1\n|-unboost|p2a: Sneasler|spd|1\n|faint|p1a: Mana\n|\n|-damage|p2a: Sneasler|6\/100 brn|[from] brn\n|upkeep\n|\n|t:|1700555130\n|switch|p1a: Gladius|Scizor, M|28\/100\n|-damage|p1a: Gladius|15\/100|[from] Stealth Rock\n|turn|41\n|\n|t:|1700555132\n|move|p1a: Gladius|Bullet Punch|p2a: Sneasler\n|-damage|p2a: Sneasler|0 fnt\n|faint|p2a: Sneasler\n|\n|upkeep\n|\n|t:|1700555134\n|switch|p2a: Tapu Lele|Tapu Lele, tera:Psychic|66\/100\n|-fieldstart|move: Psychic Terrain|[from] ability: Psychic Surge|[of] p2a: Tapu Lele\n|turn|42\n|\n|t:|1700555136\n|move|p1a: Gladius|Bullet Punch|p2a: Tapu Lele\n|-activate|p2a: Tapu Lele|move: Psychic Terrain\n|move|p2a: Tapu Lele|Psychic|p1a: Gladius\n|-resisted|p1a: Gladius\n|-damage|p1a: Gladius|0 fnt\n|faint|p1a: Gladius\n|\n|win|NDSNEZ Larrea\n|n|\u2606The Angel Devil|theangeldevil\n|n|\u2606NDSNEZ Larrea|ndsnezlarrea\n|n| The power of ROCK|thepowerofrock\n|n| DoctorFiraga|doctorfiraga\n|n| batmanga|batmanga\n|n| Meelll0|meelll0\n","uploadtime":1700555137,"views":2,"p1id":"theangeldevil","p2id":"ndsnezlarrea","formatid":"gen9nationaldex","rating":0,"private":0,"password":""}