{"id":"gen9nationaldex-1995275410","p1":"Sirrawrz","p2":"qingcang","format":"[Gen 9] National Dex","log":"|html|<div class=\"broadcast-blue\"><strong>[Gen 9] National Dex is currently suspecting Sneasler! For information on how to participate check out the <a href=\"https:\/\/www.smogon.com\/forums\/threads\/sv-national-dex-suspect-8-just-dance.3731534\/\">suspect thread<\/a>.<\/strong><\/div>\n|j|\u2606Sirrawrz\n|j|\u203dqingcang\n|t:|1700545229\n|gametype|singles\n|player|p1|Sirrawrz|emmet|1539\n|player|p2|qingcang|266|1660\n|teamsize|p1|6\n|teamsize|p2|6\n|gen|9\n|tier|[Gen 9] National Dex\n|rated|\n|rule|HP Percentage Mod: HP is shown in percentages\n|rule|Endless Battle Clause: Forcing endless battles is banned\n|rule|OHKO Clause: OHKO moves are banned\n|rule|Evasion Clause: Evasion abilities, items, and moves are banned\n|rule|Evasion Abilities Clause: Evasion abilities are banned\n|rule|Evasion Items Clause: Evasion items are banned\n|rule|Evasion Moves Clause: Evasion moves are banned\n|rule|Species Clause: Limit one of each Pok\u00e9mon\n|rule|Sleep Clause Mod: Limit one foe put to sleep\n|clearpoke\n|poke|p1|Ninetales, M|\n|poke|p1|Venusaur, M|\n|poke|p1|Jolteon, F|\n|poke|p1|Blastoise, F|\n|poke|p1|Rhydon, M|\n|poke|p1|Scyther, F|\n|poke|p2|Pelipper, F|\n|poke|p2|Urshifu-*, F|\n|poke|p2|Barraskewda, F|\n|poke|p2|Zapdos|\n|poke|p2|Garchomp, F|\n|poke|p2|Scizor, M|\n|teampreview\n|\n|t:|1700545236\n|start\n|switch|p1a: Jolteon|Jolteon, F, shiny|100\/100\n|switch|p2a: Garchomp|Garchomp, F|100\/100\n|turn|1\n|inactive|Battle timer is ON: inactive players will automatically lose when time's up. (requested by qingcang)\n|\n|t:|1700545242\n|-terastallize|p1a: Jolteon|Ice\n|move|p1a: Jolteon|Tera Blast|p2a: Garchomp|[anim] Tera Blast Ice\n|-supereffective|p2a: Garchomp\n|-enditem|p2a: Garchomp|Focus Sash\n|-damage|p2a: Garchomp|1\/100\n|move|p2a: Garchomp|Earthquake|p1a: Jolteon\n|-damage|p1a: Jolteon|10\/100\n|\n|-status|p1a: Jolteon|brn|[from] item: Flame Orb\n|upkeep\n|turn|2\n|\n|t:|1700545258\n|switch|p2a: Scizor|Scizor, M|100\/100\n|move|p1a: Jolteon|Tera Blast|p2a: Scizor|[anim] Tera Blast Ice\n|-resisted|p2a: Scizor\n|-damage|p2a: Scizor|74\/100\n|\n|-damage|p1a: Jolteon|3\/100 brn|[from] brn\n|upkeep\n|turn|3\n|\n|t:|1700545267\n|switch|p1a: Blastoise|Blastoise, F, shiny|100\/100\n|detailschange|p2a: Scizor|Scizor-Mega, M\n|-mega|p2a: Scizor|Scizor|Scizorite\n|move|p2a: Scizor|Bullet Punch|p1a: Blastoise\n|-resisted|p1a: Blastoise\n|-damage|p1a: Blastoise|86\/100\n|\n|upkeep\n|turn|4\n|\n|t:|1700545278\n|move|p2a: Scizor|Acrobatics|p1a: Blastoise\n|-damage|p1a: Blastoise|63\/100\n|move|p1a: Blastoise|Flip Turn|p2a: Scizor\n|-damage|p2a: Scizor|59\/100\n|\n|t:|1700545287\n|switch|p1a: Scyther|Scyther, F, shiny|100\/100|[from] Flip Turn\n|\n|upkeep\n|turn|5\n|\n|t:|1700545293\n|move|p1a: Scyther|Dual Wingbeat|p2a: Scizor\n|-damage|p2a: Scizor|19\/100\n|-damage|p2a: Scizor|0 fnt\n|faint|p2a: Scizor\n|-hitcount|p2: Scizor|2\n|\n|upkeep\n|\n|t:|1700545303\n|switch|p2a: Zapdos|Zapdos|100\/100\n|turn|6\n|\n|t:|1700545307\n|switch|p1a: Rhydon|Rhydon, M, shiny|100\/100\n|-zpower|p2a: Zapdos\n|move|p2a: Zapdos|Z-Rain Dance|p2a: Zapdos|[anim]Rain Dance\n|-boost|p2a: Zapdos|spe|1|[zeffect]\n|-weather|RainDance\n|\n|-weather|RainDance|[upkeep]\n|upkeep\n|turn|7\n|\n|t:|1700545315\n|switch|p1a: Ninetales|Ninetales, M, shiny|100\/100\n|-weather|SunnyDay|[from] ability: Drought|[of] p1a: Ninetales\n|move|p2a: Zapdos|Weather Ball|p1a: Ninetales\n|-resisted|p1a: Ninetales\n|-damage|p1a: Ninetales|68\/100\n|\n|-weather|SunnyDay|[upkeep]\n|upkeep\n|turn|8\n|\n|t:|1700545320\n|move|p1a: Ninetales|Weather Ball|p2a: Zapdos\n|-damage|p2a: Zapdos|38\/100\n|move|p2a: Zapdos|Rain Dance|p2a: Zapdos\n|-weather|RainDance\n|\n|-weather|RainDance|[upkeep]\n|upkeep\n|turn|9\n|\n|t:|1700545333\n|switch|p2a: Pelipper|Pelipper, F|100\/100\n|move|p1a: Ninetales|Weather Ball|p2a: Pelipper\n|-resisted|p2a: Pelipper\n|-damage|p2a: Pelipper|78\/100\n|\n|-weather|RainDance|[upkeep]\n|upkeep\n|turn|10\n|\n|t:|1700545340\n|switch|p1a: Blastoise|Blastoise, F, shiny|63\/100\n|move|p2a: Pelipper|U-turn|p1a: Blastoise\n|-damage|p1a: Blastoise|57\/100\n|\n|t:|1700545345\n|switch|p2a: Garchomp|Garchomp, F|1\/100|[from] U-turn\n|\n|-weather|RainDance|[upkeep]\n|-heal|p1a: Blastoise|63\/100|[from] ability: Rain Dish\n|upkeep\n|turn|11\n|\n|t:|1700545351\n|move|p2a: Garchomp|Stealth Rock|p1a: Blastoise\n|-sidestart|p1: Sirrawrz|move: Stealth Rock\n|move|p1a: Blastoise|Flip Turn|p2a: Garchomp\n|-damage|p2a: Garchomp|0 fnt\n|-damage|p1a: Blastoise|51\/100|[from] ability: Rough Skin|[of] p2a: Garchomp\n|faint|p2a: Garchomp\n|\n|t:|1700545360\n|switch|p1a: Venusaur|Venusaur, M, shiny|100\/100|[from] Flip Turn\n|-damage|p1a: Venusaur|88\/100|[from] Stealth Rock\n|\n|-weather|RainDance|[upkeep]\n|upkeep\n|\n|t:|1700545366\n|switch|p2a: Zapdos|Zapdos|38\/100\n|turn|12\n|\n|t:|1700545379\n|switch|p1a: Blastoise|Blastoise, F, shiny|51\/100\n|-damage|p1a: Blastoise|39\/100|[from] Stealth Rock\n|move|p2a: Zapdos|Hurricane|p1a: Blastoise\n|-damage|p1a: Blastoise|0 fnt\n|faint|p1a: Blastoise\n|\n|-weather|none\n|upkeep\n|\n|t:|1700545387\n|switch|p1a: Rhydon|Rhydon, M, shiny|100\/100\n|-damage|p1a: Rhydon|94\/100|[from] Stealth Rock\n|turn|13\n|\n|t:|1700545394\n|switch|p2a: Pelipper|Pelipper, F|78\/100\n|-weather|RainDance|[from] ability: Drizzle|[of] p2a: Pelipper\n|move|p1a: Rhydon|Avalanche|p2a: Pelipper\n|-damage|p2a: Pelipper|62\/100\n|\n|-weather|RainDance|[upkeep]\n|upkeep\n|turn|14\n|\n|t:|1700545400\n|move|p2a: Pelipper|Scald|p1a: Rhydon\n|-supereffective|p1a: Rhydon\n|-damage|p1a: Rhydon|0 fnt\n|faint|p1a: Rhydon\n|\n|-weather|RainDance|[upkeep]\n|upkeep\n|\n|t:|1700545411\n|switch|p1a: Ninetales|Ninetales, M, shiny|68\/100\n|-damage|p1a: Ninetales|43\/100|[from] Stealth Rock\n|-weather|SunnyDay|[from] ability: Drought|[of] p1a: Ninetales\n|turn|15\n|\n|t:|1700545416\n|switch|p1a: Jolteon|Jolteon, F, shiny, tera:Ice|3\/100 brn\n|-damage|p1a: Jolteon|0 fnt|[from] Stealth Rock\n|faint|p1a: Jolteon\n|switch|p2a: Zapdos|Zapdos|38\/100\n|\n|-weather|SunnyDay|[upkeep]\n|upkeep\n|\n|t:|1700545420\n|switch|p1a: Venusaur|Venusaur, M, shiny|88\/100\n|-damage|p1a: Venusaur|76\/100|[from] Stealth Rock\n|turn|16\n|\n|t:|1700545427\n|switch|p2a: Pelipper|Pelipper, F|62\/100\n|-weather|RainDance|[from] ability: Drizzle|[of] p2a: Pelipper\n|move|p1a: Venusaur|Sludge Bomb|p2a: Pelipper\n|-damage|p2a: Pelipper|0 fnt\n|faint|p2a: Pelipper\n|-damage|p1a: Venusaur|66\/100|[from] item: Life Orb\n|\n|-weather|RainDance|[upkeep]\n|upkeep\n|\n|t:|1700545431\n|switch|p2a: Zapdos|Zapdos|38\/100\n|turn|17\n|\n|t:|1700545442\n|switch|p1a: Scyther|Scyther, F, shiny|100\/100\n|-damage|p1a: Scyther|51\/100|[from] Stealth Rock\n|move|p2a: Zapdos|Hurricane|p1a: Scyther\n|-supereffective|p1a: Scyther\n|-damage|p1a: Scyther|0 fnt\n|faint|p1a: Scyther\n|\n|-weather|RainDance|[upkeep]\n|upkeep\n|\n|t:|1700545450\n|switch|p1a: Ninetales|Ninetales, M, shiny|43\/100\n|-damage|p1a: Ninetales|18\/100|[from] Stealth Rock\n|-weather|SunnyDay|[from] ability: Drought|[of] p1a: Ninetales\n|turn|18\n|\n|t:|1700545457\n|switch|p2a: Urshifu|Urshifu-Rapid-Strike, F|100\/100\n|move|p1a: Ninetales|Healing Wish|p1a: Ninetales\n|faint|p1a: Ninetales\n|\n|-weather|SunnyDay|[upkeep]\n|upkeep\n|\n|t:|1700545459\n|switch|p1a: Venusaur|Venusaur, M, shiny|66\/100\n|-heal|p1a: Venusaur|100\/100|[from] move: Healing Wish\n|-damage|p1a: Venusaur|88\/100|[from] Stealth Rock\n|turn|19\n|\n|t:|1700545474\n|move|p1a: Venusaur|Giga Drain|p2a: Urshifu\n|-supereffective|p2a: Urshifu\n|-damage|p2a: Urshifu|0 fnt\n|-heal|p1a: Venusaur|100\/100|[from] drain|[of] p2a: Urshifu\n|faint|p2a: Urshifu\n|-damage|p1a: Venusaur|91\/100|[from] item: Life Orb\n|\n|-weather|SunnyDay|[upkeep]\n|upkeep\n|\n|t:|1700545483\n|switch|p2a: Zapdos|Zapdos|38\/100\n|turn|20\n|\n|t:|1700545486\n|move|p1a: Venusaur|Weather Ball|p2a: Zapdos\n|-damage|p2a: Zapdos|0 fnt\n|faint|p2a: Zapdos\n|-damage|p1a: Venusaur|81\/100|[from] item: Life Orb\n|\n|-weather|SunnyDay|[upkeep]\n|upkeep\n|\n|t:|1700545488\n|switch|p2a: Barraskewda|Barraskewda, F|100\/100\n|turn|21\n|j| Finnyiii\n|\n|t:|1700545495\n|-terastallize|p2a: Barraskewda|Water\n|move|p1a: Venusaur|Giga Drain|p2a: Barraskewda\n|-supereffective|p2a: Barraskewda\n|-damage|p2a: Barraskewda|0 fnt\n|-heal|p1a: Venusaur|100\/100|[from] drain|[of] p2a: Barraskewda\n|faint|p2a: Barraskewda\n|-damage|p1a: Venusaur|91\/100|[from] item: Life Orb\n|\n|win|Sirrawrz\n|raw|Sirrawrz's rating: 1539 &rarr; <strong>1566<\/strong><br \/>(+27 for winning)\n|raw|qingcang's rating: 1660 &rarr; <strong>1633<\/strong><br \/>(-27 for losing)\n|l|\u203dqingcang\n","uploadtime":1700545513,"views":2,"p1id":"sirrawrz","p2id":"qingcang","formatid":"gen9nationaldex","rating":1566,"private":0,"password":""}