{"id":"gen9nationaldex-1992430734","p1":"Goeasyplzz","p2":"HanFong","format":"[Gen 9] National Dex","log":"|j|\u2606Goeasyplzz\n|j|\u2606HanFong\n|t:|1700186708\n|gametype|singles\n|player|p1|Goeasyplzz|caitlin|1351\n|player|p2|HanFong|1|1411\n|teamsize|p1|6\n|teamsize|p2|6\n|gen|9\n|tier|[Gen 9] National Dex\n|rated|\n|rule|HP Percentage Mod: HP is shown in percentages\n|rule|Endless Battle Clause: Forcing endless battles is banned\n|rule|OHKO Clause: OHKO moves are banned\n|rule|Evasion Clause: Evasion abilities, items, and moves are banned\n|rule|Evasion Abilities Clause: Evasion abilities are banned\n|rule|Evasion Items Clause: Evasion items are banned\n|rule|Evasion Moves Clause: Evasion moves are banned\n|rule|Species Clause: Limit one of each Pok\u00e9mon\n|rule|Sleep Clause Mod: Limit one foe put to sleep\n|clearpoke\n|poke|p1|Jirachi|\n|poke|p1|Togekiss, F|\n|poke|p1|Scizor, F|\n|poke|p1|Porygon2|\n|poke|p1|Ogerpon-Wellspring, F|\n|poke|p1|Zapdos|\n|poke|p2|Sneasler, M|\n|poke|p2|Rillaboom, F|\n|poke|p2|Heatran, M|\n|poke|p2|Empoleon, M|\n|poke|p2|Gliscor, F|\n|poke|p2|Zapdos|\n|teampreview\n|\n|t:|1700186724\n|start\n|switch|p1a: Ogerpon|Ogerpon-Wellspring, F|100\/100\n|switch|p2a: Empoleon|Empoleon, M|100\/100\n|turn|1\n|\n|t:|1700186735\n|move|p1a: Ogerpon|Swords Dance|p1a: Ogerpon\n|-boost|p1a: Ogerpon|atk|2\n|move|p2a: Empoleon|Toxic|p1a: Ogerpon\n|-status|p1a: Ogerpon|tox\n|\n|-damage|p1a: Ogerpon|95\/100 tox|[from] psn\n|upkeep\n|turn|2\n|\n|t:|1700186742\n|switch|p2a: Rillaboom|Rillaboom, F|100\/100\n|-fieldstart|move: Grassy Terrain|[from] ability: Grassy Surge|[of] p2a: Rillaboom\n|move|p1a: Ogerpon|Brick Break|p2a: Rillaboom\n|-damage|p2a: Rillaboom|48\/100\n|\n|-heal|p1a: Ogerpon|100\/100 tox|[from] Grassy Terrain\n|-heal|p2a: Rillaboom|54\/100|[from] Grassy Terrain\n|-damage|p1a: Ogerpon|89\/100 tox|[from] psn\n|upkeep\n|turn|3\n|\n|t:|1700186757\n|move|p2a: Rillaboom|Grassy Glide|p1a: Ogerpon\n|-damage|p1a: Ogerpon|28\/100 tox\n|move|p1a: Ogerpon|Horn Leech|p2a: Rillaboom\n|-resisted|p2a: Rillaboom\n|-damage|p2a: Rillaboom|0 fnt\n|-heal|p1a: Ogerpon|65\/100 tox|[from] drain|[of] p2a: Rillaboom\n|faint|p2a: Rillaboom\n|\n|-heal|p1a: Ogerpon|71\/100 tox|[from] Grassy Terrain\n|-damage|p1a: Ogerpon|53\/100 tox|[from] psn\n|upkeep\n|\n|t:|1700186763\n|switch|p2a: Sneasler|Sneasler, M|100\/100\n|turn|4\n|\n|t:|1700186769\n|switch|p1a: Jirachi|Jirachi, shiny|100\/100\n|move|p2a: Sneasler|Dire Claw|p1a: Jirachi\n|-immune|p1a: Jirachi\n|\n|upkeep\n|turn|5\n|\n|t:|1700186780\n|-terastallize|p2a: Sneasler|Flying\n|move|p2a: Sneasler|Swords Dance|p2a: Sneasler\n|-boost|p2a: Sneasler|atk|2\n|move|p1a: Jirachi|Toxic|p2a: Sneasler\n|-status|p2a: Sneasler|tox\n|\n|-damage|p2a: Sneasler|95\/100 tox|[from] psn\n|upkeep\n|turn|6\n|\n|t:|1700186787\n|move|p2a: Sneasler|Close Combat|p1a: Jirachi\n|-damage|p1a: Jirachi|0 fnt\n|-unboost|p2a: Sneasler|def|1\n|-unboost|p2a: Sneasler|spd|1\n|-damage|p2a: Sneasler|78\/100 tox|[from] item: Rocky Helmet|[of] p1a: Jirachi\n|faint|p1a: Jirachi\n|\n|-damage|p2a: Sneasler|66\/100 tox|[from] psn\n|-fieldend|move: Grassy Terrain\n|upkeep\n|\n|t:|1700186792\n|switch|p1a: Scizor|Scizor, F|100\/100\n|turn|7\n|\n|t:|1700186796\n|switch|p2a: Zapdos|Zapdos|100\/100\n|detailschange|p1a: Scizor|Scizor-Mega, F\n|-mega|p1a: Scizor|Scizor|Scizorite\n|move|p1a: Scizor|Bullet Punch|p2a: Zapdos\n|-resisted|p2a: Zapdos\n|-damage|p2a: Zapdos|85\/100\n|\n|upkeep\n|turn|8\n|\n|t:|1700186802\n|switch|p1a: Porygon2|Porygon2, shiny|100\/100\n|-ability|p1a: Porygon2|Static|[from] ability: Trace|[of] p2a: Zapdos\n|move|p2a: Zapdos|Volt Switch|p1a: Porygon2\n|-crit|p1a: Porygon2\n|-damage|p1a: Porygon2|76\/100\n|\n|t:|1700186808\n|switch|p2a: Sneasler|Sneasler, M, tera:Flying|66\/100 tox|[from] Volt Switch\n|\n|-damage|p2a: Sneasler|60\/100 tox|[from] psn\n|upkeep\n|turn|9\n|\n|t:|1700186818\n|-terastallize|p1a: Porygon2|Ghost\n|move|p2a: Sneasler|Swords Dance|p2a: Sneasler\n|-boost|p2a: Sneasler|atk|2\n|move|p1a: Porygon2|Ice Beam|p2a: Sneasler\n|-supereffective|p2a: Sneasler\n|-damage|p2a: Sneasler|0 fnt\n|faint|p2a: Sneasler\n|\n|upkeep\n|\n|t:|1700186826\n|switch|p2a: Gliscor|Gliscor, F|100\/100\n|turn|10\n|\n|t:|1700186830\n|switch|p2a: Empoleon|Empoleon, M|100\/100\n|move|p1a: Porygon2|Ice Beam|p2a: Empoleon\n|-resisted|p2a: Empoleon\n|-damage|p2a: Empoleon|97\/100\n|\n|upkeep\n|turn|11\n|\n|t:|1700186834\n|move|p2a: Empoleon|Knock Off|p1a: Porygon2\n|-supereffective|p1a: Porygon2\n|-damage|p1a: Porygon2|49\/100\n|-enditem|p1a: Porygon2|Eviolite|[from] move: Knock Off|[of] p2a: Empoleon\n|move|p1a: Porygon2|Thunder Wave|p2a: Empoleon\n|-status|p2a: Empoleon|par\n|\n|upkeep\n|turn|12\n|\n|t:|1700186850\n|move|p1a: Porygon2|Recover|p1a: Porygon2\n|-heal|p1a: Porygon2|99\/100\n|cant|p2a: Empoleon|par\n|\n|upkeep\n|turn|13\n|\n|t:|1700186854\n|move|p1a: Porygon2|Tri Attack|p2a: Empoleon\n|-resisted|p2a: Empoleon\n|-damage|p2a: Empoleon|87\/100 par\n|move|p2a: Empoleon|Toxic|p1a: Porygon2\n|-status|p1a: Porygon2|tox\n|\n|-damage|p1a: Porygon2|93\/100 tox|[from] psn\n|upkeep\n|turn|14\n|\n|t:|1700186863\n|switch|p1a: Togekiss|Togekiss, F|100\/100\n|move|p2a: Empoleon|Flip Turn|p1a: Togekiss\n|-damage|p1a: Togekiss|79\/100\n|\n|t:|1700186869\n|switch|p2a: Heatran|Heatran, M|100\/100|[from] Flip Turn\n|\n|upkeep\n|turn|15\n|\n|t:|1700186875\n|move|p1a: Togekiss|Thunder Wave|p2a: Heatran|[miss]\n|-miss|p1a: Togekiss|p2a: Heatran\n|move|p2a: Heatran|Stealth Rock|p1a: Togekiss\n|-sidestart|p1: Goeasyplzz|move: Stealth Rock\n|\n|upkeep\n|turn|16\n|\n|t:|1700186879\n|switch|p2a: Zapdos|Zapdos|85\/100\n|move|p1a: Togekiss|Air Slash|p2a: Zapdos\n|-resisted|p2a: Zapdos\n|-damage|p2a: Zapdos|67\/100\n|\n|upkeep\n|turn|17\n|\n|t:|1700186883\n|move|p1a: Togekiss|Tri Attack|p2a: Zapdos\n|-damage|p2a: Zapdos|41\/100\n|move|p2a: Zapdos|Volt Switch|p1a: Togekiss\n|-supereffective|p1a: Togekiss\n|-damage|p1a: Togekiss|17\/100\n|\n|t:|1700186891\n|switch|p2a: Empoleon|Empoleon, M|87\/100 par|[from] Volt Switch\n|\n|upkeep\n|turn|18\n|\n|t:|1700186900\n|move|p1a: Togekiss|Air Slash|p2a: Empoleon\n|-resisted|p2a: Empoleon\n|-damage|p2a: Empoleon|74\/100 par\n|cant|p2a: Empoleon|par\n|\n|upkeep\n|turn|19\n|\n|t:|1700186905\n|move|p1a: Togekiss|Air Slash|p2a: Empoleon\n|-resisted|p2a: Empoleon\n|-damage|p2a: Empoleon|62\/100 par\n|cant|p2a: Empoleon|flinch\n|\n|upkeep\n|turn|20\n|\n|t:|1700186911\n|switch|p2a: Zapdos|Zapdos|41\/100\n|move|p1a: Togekiss|Air Slash|p2a: Zapdos\n|-resisted|p2a: Zapdos\n|-damage|p2a: Zapdos|26\/100\n|\n|upkeep\n|turn|21\n|\n|t:|1700186917\n|move|p1a: Togekiss|Tri Attack|p2a: Zapdos\n|-damage|p2a: Zapdos|3\/100\n|-status|p2a: Zapdos|frz\n|-curestatus|p2a: Zapdos|frz|[msg]\n|move|p2a: Zapdos|Roost|p2a: Zapdos\n|-heal|p2a: Zapdos|53\/100\n|-singleturn|p2a: Zapdos|move: Roost\n|\n|upkeep\n|turn|22\n|\n|t:|1700186924\n|move|p1a: Togekiss|Tri Attack|p2a: Zapdos\n|-damage|p2a: Zapdos|27\/100\n|move|p2a: Zapdos|Roost|p2a: Zapdos\n|-heal|p2a: Zapdos|78\/100\n|-singleturn|p2a: Zapdos|move: Roost\n|\n|upkeep\n|turn|23\n|\n|t:|1700186928\n|move|p1a: Togekiss|Air Slash|p2a: Zapdos\n|-resisted|p2a: Zapdos\n|-damage|p2a: Zapdos|59\/100\n|move|p2a: Zapdos|Volt Switch|p1a: Togekiss\n|-supereffective|p1a: Togekiss\n|-damage|p1a: Togekiss|0 fnt\n|faint|p1a: Togekiss\n|\n|t:|1700186933\n|switch|p2a: Heatran|Heatran, M|100\/100|[from] Volt Switch\n|\n|upkeep\n|\n|t:|1700186938\n|switch|p1a: Ogerpon|Ogerpon-Wellspring, F|53\/100 tox\n|-damage|p1a: Ogerpon|40\/100 tox|[from] Stealth Rock\n|turn|24\n|\n|t:|1700186948\n|move|p1a: Ogerpon|Brick Break|p2a: Heatran\n|-supereffective|p2a: Heatran\n|-damage|p2a: Heatran|59\/100\n|move|p2a: Heatran|Magma Storm|p1a: Ogerpon\n|-damage|p1a: Ogerpon|0 fnt\n|faint|p1a: Ogerpon\n|\n|-heal|p2a: Heatran|65\/100|[from] item: Leftovers\n|upkeep\n|\n|t:|1700186955\n|switch|p1a: Porygon2|Porygon2, shiny, tera:Ghost|93\/100 tox\n|-damage|p1a: Porygon2|81\/100 tox|[from] Stealth Rock\n|-ability|p1a: Porygon2|Flash Fire|[from] ability: Trace|[of] p2a: Heatran\n|turn|25\n|\n|t:|1700186960\n|move|p2a: Heatran|Protect|p2a: Heatran\n|-singleturn|p2a: Heatran|Protect\n|move|p1a: Porygon2|Tri Attack|p2a: Heatran\n|-activate|p2a: Heatran|move: Protect\n|\n|-heal|p2a: Heatran|71\/100|[from] item: Leftovers\n|-damage|p1a: Porygon2|75\/100 tox|[from] psn\n|upkeep\n|turn|26\n|\n|t:|1700186966\n|switch|p2a: Empoleon|Empoleon, M|62\/100 par\n|move|p1a: Porygon2|Tri Attack|p2a: Empoleon\n|-resisted|p2a: Empoleon\n|-damage|p2a: Empoleon|52\/100 par\n|\n|-damage|p1a: Porygon2|63\/100 tox|[from] psn\n|upkeep\n|turn|27\n|\n|t:|1700186974\n|move|p1a: Porygon2|Recover|p1a: Porygon2\n|-heal|p1a: Porygon2|100\/100 tox\n|move|p2a: Empoleon|Roost|p2a: Empoleon\n|-heal|p2a: Empoleon|100\/100 par\n|-singleturn|p2a: Empoleon|move: Roost\n|\n|-damage|p1a: Porygon2|82\/100 tox|[from] psn\n|upkeep\n|turn|28\n|\n|t:|1700186980\n|switch|p1a: Zapdos|Zapdos|100\/100\n|-damage|p1a: Zapdos|76\/100|[from] Stealth Rock\n|cant|p2a: Empoleon|par\n|\n|-heal|p1a: Zapdos|82\/100|[from] item: Leftovers\n|upkeep\n|turn|29\n|\n|t:|1700186986\n|move|p1a: Zapdos|Defog|p2a: Empoleon\n|-unboost|p2a: Empoleon|evasion|1\n|-ability|p2a: Empoleon|Competitive|boost\n|-boost|p2a: Empoleon|spa|2\n|-sideend|p1: Goeasyplzz|Stealth Rock|[from] move: Defog|[of] p1a: Zapdos\n|cant|p2a: Empoleon|par\n|\n|-heal|p1a: Zapdos|88\/100|[from] item: Leftovers\n|upkeep\n|turn|30\n|\n|t:|1700186994\n|switch|p2a: Gliscor|Gliscor, F|100\/100\n|move|p1a: Zapdos|Discharge|p2a: Gliscor\n|-immune|p2a: Gliscor\n|\n|-heal|p1a: Zapdos|94\/100|[from] item: Leftovers\n|-status|p2a: Gliscor|tox|[from] item: Toxic Orb\n|upkeep\n|turn|31\n|\n|t:|1700186998\n|move|p1a: Zapdos|Hurricane|p2a: Gliscor\n|-damage|p2a: Gliscor|36\/100 tox\n|-start|p2a: Gliscor|confusion\n|-activate|p2a: Gliscor|confusion\n|-damage|p2a: Gliscor|30\/100 tox|[from] confusion\n|\n|-heal|p1a: Zapdos|100\/100|[from] item: Leftovers\n|-heal|p2a: Gliscor|43\/100 tox|[from] ability: Poison Heal\n|upkeep\n|turn|32\n|\n|t:|1700187004\n|-activate|p2a: Gliscor|confusion\n|move|p2a: Gliscor|Protect|p2a: Gliscor\n|-singleturn|p2a: Gliscor|Protect\n|move|p1a: Zapdos|Hurricane|p2a: Gliscor\n|-activate|p2a: Gliscor|move: Protect\n|\n|-heal|p2a: Gliscor|55\/100 tox|[from] ability: Poison Heal\n|upkeep\n|turn|33\n|\n|t:|1700187010\n|move|p1a: Zapdos|Hurricane|p2a: Gliscor\n|-damage|p2a: Gliscor|0 fnt\n|faint|p2a: Gliscor\n|\n|upkeep\n|\n|t:|1700187014\n|switch|p2a: Heatran|Heatran, M|71\/100\n|turn|34\n|\n|t:|1700187018\n|move|p2a: Heatran|Protect|p2a: Heatran\n|-singleturn|p2a: Heatran|Protect\n|move|p1a: Zapdos|Discharge|p2a: Heatran\n|-activate|p2a: Heatran|move: Protect\n|\n|-heal|p2a: Heatran|77\/100|[from] item: Leftovers\n|upkeep\n|turn|35\n|\n|t:|1700187022\n|move|p1a: Zapdos|Discharge|p2a: Heatran\n|-damage|p2a: Heatran|46\/100\n|move|p2a: Heatran|Magma Storm|p1a: Zapdos|[miss]\n|-miss|p2a: Heatran|p1a: Zapdos\n|\n|-heal|p2a: Heatran|52\/100|[from] item: Leftovers\n|upkeep\n|turn|36\n|\n|t:|1700187025\n|move|p2a: Heatran|Protect|p2a: Heatran\n|-singleturn|p2a: Heatran|Protect\n|move|p1a: Zapdos|Discharge|p2a: Heatran\n|-activate|p2a: Heatran|move: Protect\n|\n|-heal|p2a: Heatran|58\/100|[from] item: Leftovers\n|upkeep\n|turn|37\n|\n|t:|1700187028\n|move|p1a: Zapdos|Discharge|p2a: Heatran\n|-damage|p2a: Heatran|23\/100\n|-status|p2a: Heatran|par\n|cant|p2a: Heatran|par\n|\n|-heal|p2a: Heatran|29\/100 par|[from] item: Leftovers\n|upkeep\n|turn|38\n|\n|t:|1700187033\n|move|p2a: Heatran|Protect|p2a: Heatran\n|-singleturn|p2a: Heatran|Protect\n|move|p1a: Zapdos|Discharge|p2a: Heatran\n|-activate|p2a: Heatran|move: Protect\n|\n|-heal|p2a: Heatran|35\/100 par|[from] item: Leftovers\n|upkeep\n|turn|39\n|\n|t:|1700187037\n|move|p1a: Zapdos|Discharge|p2a: Heatran\n|-damage|p2a: Heatran|0 fnt\n|faint|p2a: Heatran\n|\n|upkeep\n|\n|t:|1700187041\n|switch|p2a: Zapdos|Zapdos|59\/100\n|turn|40\n|\n|t:|1700187048\n|move|p1a: Zapdos|Hurricane|p2a: Zapdos|[miss]\n|-miss|p1a: Zapdos|p2a: Zapdos\n|move|p2a: Zapdos|Roost|p2a: Zapdos\n|-heal|p2a: Zapdos|100\/100\n|-singleturn|p2a: Zapdos|move: Roost\n|\n|upkeep\n|turn|41\n|\n|t:|1700187052\n|move|p1a: Zapdos|Hurricane|p2a: Zapdos\n|-resisted|p2a: Zapdos\n|-damage|p2a: Zapdos|75\/100\n|move|p2a: Zapdos|Hidden Power|p1a: Zapdos\n|-supereffective|p1a: Zapdos\n|-damage|p1a: Zapdos|59\/100\n|\n|-heal|p1a: Zapdos|66\/100|[from] item: Leftovers\n|upkeep\n|turn|42\n|\n|t:|1700187057\n|move|p1a: Zapdos|Heat Wave|p2a: Zapdos\n|-damage|p2a: Zapdos|44\/100\n|move|p2a: Zapdos|Hidden Power|p1a: Zapdos\n|-supereffective|p1a: Zapdos\n|-damage|p1a: Zapdos|22\/100\n|\n|-heal|p1a: Zapdos|28\/100|[from] item: Leftovers\n|upkeep\n|turn|43\n|\n|t:|1700187063\n|move|p1a: Zapdos|Hurricane|p2a: Zapdos\n|-resisted|p2a: Zapdos\n|-damage|p2a: Zapdos|16\/100\n|move|p2a: Zapdos|Hidden Power|p1a: Zapdos\n|-supereffective|p1a: Zapdos\n|-damage|p1a: Zapdos|0 fnt\n|faint|p1a: Zapdos\n|\n|upkeep\n|\n|t:|1700187066\n|switch|p1a: Porygon2|Porygon2, shiny, tera:Ghost|82\/100 tox\n|-ability|p1a: Porygon2|Static|[from] ability: Trace|[of] p2a: Zapdos\n|turn|44\n|\n|t:|1700187070\n|switch|p2a: Empoleon|Empoleon, M|100\/100 par\n|move|p1a: Porygon2|Tri Attack|p2a: Empoleon\n|-resisted|p2a: Empoleon\n|-damage|p2a: Empoleon|90\/100 par\n|\n|-damage|p1a: Porygon2|76\/100 tox|[from] psn\n|upkeep\n|turn|45\n|\n|t:|1700187073\n|switch|p1a: Scizor|Scizor-Mega, F|100\/100\n|move|p2a: Empoleon|Knock Off|p1a: Scizor\n|-damage|p1a: Scizor|91\/100\n|\n|upkeep\n|turn|46\n|\n|t:|1700187077\n|move|p1a: Scizor|Swords Dance|p1a: Scizor\n|-boost|p1a: Scizor|atk|2\n|move|p2a: Empoleon|Flip Turn|p1a: Scizor\n|-damage|p1a: Scizor|77\/100\n|\n|t:|1700187080\n|switch|p2a: Zapdos|Zapdos|16\/100|[from] Flip Turn\n|\n|upkeep\n|turn|47\n|\n|t:|1700187084\n|move|p1a: Scizor|Bullet Punch|p2a: Zapdos\n|-resisted|p2a: Zapdos\n|-damage|p2a: Zapdos|0 fnt\n|faint|p2a: Zapdos\n|\n|upkeep\n|\n|t:|1700187086\n|switch|p2a: Empoleon|Empoleon, M|90\/100 par\n|turn|48\n|\n|t:|1700187089\n|move|p1a: Scizor|Knock Off|p2a: Empoleon\n|-damage|p2a: Empoleon|17\/100 par\n|-damage|p1a: Scizor|60\/100|[from] item: Rocky Helmet|[of] p2a: Empoleon\n|-enditem|p2a: Empoleon|Rocky Helmet|[from] move: Knock Off|[of] p1a: Scizor\n|move|p2a: Empoleon|Knock Off|p1a: Scizor\n|-damage|p1a: Scizor|51\/100\n|\n|upkeep\n|turn|49\n|\n|t:|1700187092\n|move|p1a: Scizor|Lunge|p2a: Empoleon\n|-resisted|p2a: Empoleon\n|-damage|p2a: Empoleon|0 fnt\n|faint|p2a: Empoleon\n|\n|win|Goeasyplzz\n|raw|Goeasyplzz's rating: 1351 &rarr; <strong>1374<\/strong><br \/>(+23 for winning)\n|raw|HanFong's rating: 1411 &rarr; <strong>1388<\/strong><br \/>(-23 for losing)\n","uploadtime":1700187096,"views":4,"p1id":"goeasyplzz","p2id":"hanfong","formatid":"gen9nationaldex","rating":1374,"private":0,"password":""}