{"id":"gen9nationaldex-1995248904","p1":"sgzf","p2":"DarkSceps","format":"[Gen 9] National Dex","log":"|html|<div class=\"broadcast-blue\"><strong>[Gen 9] National Dex is currently suspecting Sneasler! For information on how to participate check out the <a href=\"https:\/\/www.smogon.com\/forums\/threads\/sv-national-dex-suspect-8-just-dance.3731534\/\">suspect thread<\/a>.<\/strong><\/div>\n|j|\u2606sgzf\n|j|\u2606DarkSceps\n|t:|1700539979\n|gametype|singles\n|player|p1|sgzf|dawn-gen4pt|1124\n|player|p2|DarkSceps|steven|1000\n|teamsize|p1|6\n|teamsize|p2|6\n|gen|9\n|tier|[Gen 9] National Dex\n|rated|\n|rule|HP Percentage Mod: HP is shown in percentages\n|rule|Endless Battle Clause: Forcing endless battles is banned\n|rule|OHKO Clause: OHKO moves are banned\n|rule|Evasion Clause: Evasion abilities, items, and moves are banned\n|rule|Evasion Abilities Clause: Evasion abilities are banned\n|rule|Evasion Items Clause: Evasion items are banned\n|rule|Evasion Moves Clause: Evasion moves are banned\n|rule|Species Clause: Limit one of each Pok\u00e9mon\n|rule|Sleep Clause Mod: Limit one foe put to sleep\n|clearpoke\n|poke|p1|Garchomp, F|\n|poke|p1|Ferrothorn, M|\n|poke|p1|Lopunny, F|\n|poke|p1|Moltres|\n|poke|p1|Clodsire, F|\n|poke|p1|Corviknight, F|\n|poke|p2|Altaria, F|\n|poke|p2|Archeops, F|\n|poke|p2|Delphox, M|\n|poke|p2|Aggron, F|\n|poke|p2|Quaquaval, F|\n|poke|p2|Florges, F|\n|teampreview\n|inactive|Battle timer is ON: inactive players will automatically lose when time's up. (requested by sgzf)\n|j| AnOddWizardd\n|\n|t:|1700540017\n|start\n|switch|p1a: Ferrothorn|Ferrothorn, M|100\/100\n|switch|p2a: Aggron|Aggron, F|100\/100\n|turn|1\n|\n|t:|1700540024\n|move|p2a: Aggron|Stealth Rock|p1a: Ferrothorn\n|-sidestart|p1: sgzf|move: Stealth Rock\n|move|p1a: Ferrothorn|Thunder Wave|p2a: Aggron\n|-status|p2a: Aggron|par\n|\n|upkeep\n|turn|2\n|\n|t:|1700540033\n|switch|p2a: Delphox|Delphox, M|100\/100\n|move|p1a: Ferrothorn|Spikes|p2a: Delphox\n|-sidestart|p2: DarkSceps|Spikes\n|\n|upkeep\n|turn|3\n|\n|t:|1700540043\n|switch|p1a: Moltres|Moltres|100\/100\n|move|p2a: Delphox|Calm Mind|p2a: Delphox\n|-boost|p2a: Delphox|spa|1\n|-boost|p2a: Delphox|spd|1\n|\n|upkeep\n|turn|4\n|\n|t:|1700540056\n|move|p2a: Delphox|Psyshock|p1a: Moltres\n|-damage|p1a: Moltres|47\/100\n|-damage|p2a: Delphox|91\/100|[from] item: Life Orb\n|move|p1a: Moltres|Scorching Sands|p2a: Delphox\n|-supereffective|p2a: Delphox\n|-damage|p2a: Delphox|62\/100\n|\n|upkeep\n|turn|5\n|inactive|sgzf has 120 seconds left.\n|\n|t:|1700540088\n|switch|p1a: Clodsire|Clodsire, F|100\/100\n|move|p2a: Delphox|Psyshock|p1a: Clodsire\n|-supereffective|p1a: Clodsire\n|-damage|p1a: Clodsire|0 fnt\n|faint|p1a: Clodsire\n|-damage|p2a: Delphox|52\/100|[from] item: Life Orb\n|\n|upkeep\n|\n|t:|1700540092\n|switch|p1a: Ferrothorn|Ferrothorn, M|100\/100\n|-damage|p1a: Ferrothorn|95\/100|[from] Stealth Rock\n|turn|6\n|\n|t:|1700540098\n|-terastallize|p1a: Ferrothorn|Ghost\n|move|p2a: Delphox|Flamethrower|p1a: Ferrothorn\n|-damage|p1a: Ferrothorn|18\/100\n|-damage|p2a: Delphox|42\/100|[from] item: Life Orb\n|move|p1a: Ferrothorn|Knock Off|p2a: Delphox\n|-supereffective|p2a: Delphox\n|-damage|p2a: Delphox|0 fnt\n|-enditem|p2a: Delphox|Life Orb|[from] move: Knock Off|[of] p1a: Ferrothorn\n|faint|p2a: Delphox\n|\n|-heal|p1a: Ferrothorn|24\/100|[from] item: Leftovers\n|upkeep\n|\n|t:|1700540118\n|switch|p2a: Quaquaval|Quaquaval, F|100\/100\n|-damage|p2a: Quaquaval|88\/100|[from] Spikes\n|turn|7\n|\n|t:|1700540126\n|switch|p1a: Garchomp|Garchomp, F|100\/100\n|-damage|p1a: Garchomp|94\/100|[from] Stealth Rock\n|move|p2a: Quaquaval|Knock Off|p1a: Garchomp\n|-damage|p1a: Garchomp|64\/100\n|-damage|p2a: Quaquaval|76\/100|[from] ability: Rough Skin|[of] p1a: Garchomp\n|-damage|p2a: Quaquaval|66\/100|[from] item: Life Orb\n|\n|upkeep\n|turn|8\n|\n|t:|1700540138\n|-zpower|p1a: Garchomp\n|move|p1a: Garchomp|Devastating Drake|p2a: Quaquaval|[zeffect]\n|-damage|p2a: Quaquaval|0 fnt\n|faint|p2a: Quaquaval\n|\n|upkeep\n|\n|t:|1700540148\n|switch|p2a: Florges|Florges, F|100\/100\n|-damage|p2a: Florges|88\/100|[from] Spikes\n|turn|9\n|\n|t:|1700540158\n|switch|p1a: Moltres|Moltres|47\/100\n|move|p2a: Florges|Hidden Power|p1a: Moltres\n|-resisted|p1a: Moltres\n|-damage|p1a: Moltres|37\/100\n|\n|upkeep\n|turn|10\n|\n|t:|1700540170\n|move|p1a: Moltres|Roost|p1a: Moltres\n|-heal|p1a: Moltres|87\/100\n|-singleturn|p1a: Moltres|move: Roost\n|move|p2a: Florges|Psychic|p1a: Moltres\n|-damage|p1a: Moltres|61\/100\n|\n|upkeep\n|turn|11\n|\n|t:|1700540179\n|switch|p2a: Aggron|Aggron, F|100\/100 par\n|-damage|p2a: Aggron|88\/100 par|[from] Spikes\n|move|p1a: Moltres|Roost|p1a: Moltres\n|-heal|p1a: Moltres|100\/100\n|-singleturn|p1a: Moltres|move: Roost\n|\n|-heal|p2a: Aggron|94\/100 par|[from] item: Leftovers\n|upkeep\n|turn|12\n|\n|t:|1700540190\n|switch|p1a: Ferrothorn|Ferrothorn, M, tera:Ghost|24\/100\n|-damage|p1a: Ferrothorn|11\/100|[from] Stealth Rock\n|move|p2a: Aggron|Head Smash|p1a: Ferrothorn|[miss]\n|-miss|p2a: Aggron|p1a: Ferrothorn\n|\n|-heal|p1a: Ferrothorn|17\/100|[from] item: Leftovers\n|-heal|p2a: Aggron|99\/100 par|[from] item: Leftovers\n|upkeep\n|turn|13\n|\n|t:|1700540200\n|move|p1a: Ferrothorn|Leech Seed|p2a: Aggron\n|-start|p2a: Aggron|move: Leech Seed\n|cant|p2a: Aggron|par\n|\n|-heal|p1a: Ferrothorn|23\/100|[from] item: Leftovers\n|-heal|p2a: Aggron|100\/100 par|[from] item: Leftovers\n|-damage|p2a: Aggron|88\/100 par|[from] Leech Seed|[of] p1a: Ferrothorn\n|-heal|p1a: Ferrothorn|36\/100|[silent]\n|upkeep\n|turn|14\n|\n|t:|1700540209\n|move|p1a: Ferrothorn|Spikes|p2a: Aggron\n|-sidestart|p2: DarkSceps|Spikes\n|move|p2a: Aggron|Earthquake|p1a: Ferrothorn\n|-damage|p1a: Ferrothorn|21\/100\n|\n|-heal|p1a: Ferrothorn|27\/100|[from] item: Leftovers\n|-heal|p2a: Aggron|94\/100 par|[from] item: Leftovers\n|-damage|p2a: Aggron|82\/100 par|[from] Leech Seed|[of] p1a: Ferrothorn\n|-heal|p1a: Ferrothorn|39\/100|[silent]\n|upkeep\n|turn|15\n|\n|t:|1700540219\n|move|p1a: Ferrothorn|Spikes|p2a: Aggron\n|-sidestart|p2: DarkSceps|Spikes\n|move|p2a: Aggron|Iron Head|p1a: Ferrothorn\n|-damage|p1a: Ferrothorn|22\/100\n|-damage|p2a: Aggron|69\/100 par|[from] ability: Iron Barbs|[of] p1a: Ferrothorn\n|\n|-heal|p1a: Ferrothorn|28\/100|[from] item: Leftovers\n|-heal|p2a: Aggron|75\/100 par|[from] item: Leftovers\n|-damage|p2a: Aggron|63\/100 par|[from] Leech Seed|[of] p1a: Ferrothorn\n|-heal|p1a: Ferrothorn|40\/100|[silent]\n|upkeep\n|turn|16\n|\n|t:|1700540229\n|move|p1a: Ferrothorn|Knock Off|p2a: Aggron\n|-crit|p2a: Aggron\n|-damage|p2a: Aggron|47\/100 par\n|-enditem|p2a: Aggron|Leftovers|[from] move: Knock Off|[of] p1a: Ferrothorn\n|move|p2a: Aggron|Head Smash|p1a: Ferrothorn\n|-damage|p1a: Ferrothorn|9\/100\n|-damage|p2a: Aggron|35\/100 par|[from] ability: Iron Barbs|[of] p1a: Ferrothorn\n|\n|-heal|p1a: Ferrothorn|15\/100|[from] item: Leftovers\n|-damage|p2a: Aggron|22\/100 par|[from] Leech Seed|[of] p1a: Ferrothorn\n|-heal|p1a: Ferrothorn|27\/100|[silent]\n|upkeep\n|turn|17\n|\n|t:|1700540253\n|move|p1a: Ferrothorn|Thunder Wave|p2a: Aggron|[miss]\n|-miss|p1a: Ferrothorn|p2a: Aggron\n|move|p2a: Aggron|Head Smash|p1a: Ferrothorn\n|-damage|p1a: Ferrothorn|0 fnt\n|-damage|p2a: Aggron|10\/100 par|[from] ability: Iron Barbs|[of] p1a: Ferrothorn\n|faint|p1a: Ferrothorn\n|\n|upkeep\n|\n|t:|1700540262\n|switch|p1a: Corviknight|Corviknight, F|100\/100\n|-damage|p1a: Corviknight|88\/100|[from] Stealth Rock\n|-ability|p1a: Corviknight|Pressure\n|turn|18\n|\n|t:|1700540271\n|move|p1a: Corviknight|Iron Defense|p1a: Corviknight\n|-boost|p1a: Corviknight|def|2\n|cant|p2a: Aggron|par\n|\n|-heal|p1a: Corviknight|94\/100|[from] item: Leftovers\n|-damage|p2a: Aggron|0 fnt|[from] Leech Seed|[of] p1a: Corviknight\n|-heal|p1a: Corviknight|100\/100|[silent]\n|faint|p2a: Aggron\n|upkeep\n|\n|t:|1700540288\n|switch|p2a: Archeops|Archeops, F|100\/100\n|turn|19\n|\n|t:|1700540293\n|move|p2a: Archeops|Stone Edge|p1a: Corviknight\n|-damage|p1a: Corviknight|81\/100\n|move|p1a: Corviknight|Iron Defense|p1a: Corviknight\n|-boost|p1a: Corviknight|def|2\n|\n|-heal|p1a: Corviknight|87\/100|[from] item: Leftovers\n|upkeep\n|turn|20\n|\n|t:|1700540302\n|move|p2a: Archeops|Stone Edge|p1a: Corviknight\n|-damage|p1a: Corviknight|75\/100\n|move|p1a: Corviknight|Iron Defense|p1a: Corviknight\n|-boost|p1a: Corviknight|def|2\n|\n|-heal|p1a: Corviknight|81\/100|[from] item: Leftovers\n|upkeep\n|turn|21\n|\n|t:|1700540309\n|move|p2a: Archeops|Stone Edge|p1a: Corviknight\n|-damage|p1a: Corviknight|72\/100\n|move|p1a: Corviknight|Body Press|p2a: Archeops\n|-damage|p2a: Archeops|0 fnt\n|faint|p2a: Archeops\n|\n|-heal|p1a: Corviknight|78\/100|[from] item: Leftovers\n|upkeep\n|l| AnOddWizardd\n|\n|t:|1700540327\n|switch|p2a: Florges|Florges, F|88\/100\n|-damage|p2a: Florges|63\/100|[from] Spikes\n|turn|22\n|\n|t:|1700540330\n|move|p2a: Florges|Hidden Power|p1a: Corviknight\n|-supereffective|p1a: Corviknight\n|-crit|p1a: Corviknight\n|-damage|p1a: Corviknight|30\/100\n|move|p1a: Corviknight|Iron Head|p2a: Florges\n|-supereffective|p2a: Florges\n|-damage|p2a: Florges|0 fnt\n|faint|p2a: Florges\n|\n|-heal|p1a: Corviknight|36\/100|[from] item: Leftovers\n|upkeep\n|\n|t:|1700540340\n|switch|p2a: Altaria|Altaria, F|100\/100\n|-ability|p2a: Altaria|Cloud Nine\n|turn|23\n|\n|t:|1700540345\n|move|p2a: Altaria|Dragon Claw|p1a: Corviknight\n|-resisted|p1a: Corviknight\n|-damage|p1a: Corviknight|34\/100\n|move|p1a: Corviknight|Body Press|p2a: Altaria\n|-resisted|p2a: Altaria\n|-damage|p2a: Altaria|46\/100\n|\n|-heal|p1a: Corviknight|40\/100|[from] item: Leftovers\n|upkeep\n|turn|24\n|\n|t:|1700540354\n|move|p2a: Altaria|Will-O-Wisp|p1a: Corviknight\n|-status|p1a: Corviknight|brn\n|move|p1a: Corviknight|Roost|p1a: Corviknight\n|-heal|p1a: Corviknight|90\/100 brn\n|-singleturn|p1a: Corviknight|move: Roost\n|\n|-heal|p1a: Corviknight|96\/100 brn|[from] item: Leftovers\n|-damage|p1a: Corviknight|90\/100 brn|[from] brn\n|upkeep\n|turn|25\n|\n|t:|1700540366\n|move|p2a: Altaria|Dragon Claw|p1a: Corviknight\n|-resisted|p1a: Corviknight\n|-damage|p1a: Corviknight|88\/100 brn\n|move|p1a: Corviknight|Body Press|p2a: Altaria\n|-resisted|p2a: Altaria\n|-damage|p2a: Altaria|21\/100\n|\n|-heal|p1a: Corviknight|94\/100 brn|[from] item: Leftovers\n|-damage|p1a: Corviknight|88\/100 brn|[from] brn\n|upkeep\n|turn|26\n|\n|t:|1700540376\n|move|p2a: Altaria|Dragon Claw|p1a: Corviknight\n|-resisted|p1a: Corviknight\n|-damage|p1a: Corviknight|87\/100 brn\n|move|p1a: Corviknight|Iron Head|p2a: Altaria\n|-damage|p2a: Altaria|8\/100\n|\n|-heal|p1a: Corviknight|93\/100 brn|[from] item: Leftovers\n|-damage|p1a: Corviknight|87\/100 brn|[from] brn\n|upkeep\n|turn|27\n|\n|t:|1700540385\n|move|p2a: Altaria|Dragon Claw|p1a: Corviknight\n|-resisted|p1a: Corviknight\n|-damage|p1a: Corviknight|85\/100 brn\n|move|p1a: Corviknight|Body Press|p2a: Altaria\n|-resisted|p2a: Altaria\n|-damage|p2a: Altaria|0 fnt\n|faint|p2a: Altaria\n|\n|win|sgzf\n|raw|sgzf's rating: 1124 &rarr; <strong>1140<\/strong><br \/>(+16 for winning)\n|raw|DarkSceps's rating: 1000 &rarr; <strong>1000<\/strong><br \/>(+0 for losing)\n","uploadtime":1700540392,"views":2,"p1id":"sgzf","p2id":"darksceps","formatid":"gen9nationaldex","rating":1000,"private":0,"password":""}