{"id":"gen9nationaldex-1992012590","p1":"asd4657","p2":"as cheu","format":"[Gen 9] National Dex","log":"|j|\u2606asd4657\n|j|\u2606as cheu\n|t:|1700147667\n|gametype|singles\n|player|p1|asd4657|102|1504\n|player|p2|as cheu|officeworker|1546\n|teamsize|p1|6\n|teamsize|p2|6\n|gen|9\n|tier|[Gen 9] National Dex\n|rated|\n|rule|HP Percentage Mod: HP is shown in percentages\n|rule|Endless Battle Clause: Forcing endless battles is banned\n|rule|OHKO Clause: OHKO moves are banned\n|rule|Evasion Clause: Evasion abilities, items, and moves are banned\n|rule|Evasion Abilities Clause: Evasion abilities are banned\n|rule|Evasion Items Clause: Evasion items are banned\n|rule|Evasion Moves Clause: Evasion moves are banned\n|rule|Species Clause: Limit one of each Pok\u00e9mon\n|rule|Sleep Clause Mod: Limit one foe put to sleep\n|clearpoke\n|poke|p1|Charizard, F|\n|poke|p1|Exeggutor, F|\n|poke|p1|Slither Wing|\n|poke|p1|Clefable, M|\n|poke|p1|Blissey, F|\n|poke|p1|Zapdos|\n|poke|p2|Cloyster, M|\n|poke|p2|Umbreon, F|\n|poke|p2|Gardevoir, F|\n|poke|p2|Forretress, M|\n|poke|p2|Thundurus-Therian, M|\n|poke|p2|Sneasler, M|\n|teampreview\n|inactive|Battle timer is ON: inactive players will automatically lose when time's up. (requested by as cheu)\n|\n|t:|1700147674\n|start\n|switch|p1a: Slither Wing|Slither Wing|100\/100\n|switch|p2a: Sneasler|Sneasler, M|100\/100\n|turn|1\n|\n|t:|1700147685\n|move|p2a: Sneasler|U-turn|p1a: Slither Wing\n|-resisted|p1a: Slither Wing\n|-damage|p1a: Slither Wing|84\/100\n|\n|t:|1700147690\n|switch|p2a: \u56e1\u56e1|Umbreon, F|100\/100|[from] U-turn\n|move|p1a: Slither Wing|Flare Blitz|p2a: \u56e1\u56e1\n|-damage|p2a: \u56e1\u56e1|74\/100\n|-damage|p1a: Slither Wing|73\/100|[from] Recoil\n|\n|-heal|p2a: \u56e1\u56e1|80\/100|[from] item: Leftovers\n|upkeep\n|turn|2\n|\n|t:|1700147696\n|-end|p1a: Slither Wing|Protosynthesis|[silent]\n|switch|p1a: Blissey|Blissey, F|100\/100\n|switch|p2a: Forretress|Forretress, M|100\/100\n|\n|upkeep\n|turn|3\n|\n|t:|1700147702\n|move|p2a: Forretress|Stealth Rock|p1a: Blissey\n|-sidestart|p1: asd4657|move: Stealth Rock\n|move|p1a: Blissey|Teleport|p1a: Blissey\n|\n|t:|1700147704\n|switch|p1a: Zapdos|Zapdos|100\/100|[from] Teleport\n|-damage|p1a: Zapdos|76\/100|[from] Stealth Rock\n|\n|upkeep\n|turn|4\n|\n|t:|1700147707\n|switch|p2a: Thundurus|Thundurus-Therian, M|100\/100\n|move|p1a: Zapdos|Sunny Day|p1a: Zapdos\n|-weather|SunnyDay\n|\n|-weather|SunnyDay|[upkeep]\n|upkeep\n|turn|5\n|\n|t:|1700147712\n|move|p2a: Thundurus|Thunderbolt|p1a: Zapdos\n|-damage|p1a: Zapdos|28\/100\n|move|p1a: Zapdos|Defog|p2a: Thundurus\n|-unboost|p2a: Thundurus|evasion|1\n|-sideend|p1: asd4657|Stealth Rock|[from] move: Defog|[of] p1a: Zapdos\n|\n|-weather|SunnyDay|[upkeep]\n|upkeep\n|turn|6\n|\n|t:|1700147719\n|switch|p2a: Sneasler|Sneasler, M|100\/100\n|switch|p1a: Blissey|Blissey, F|100\/100\n|\n|-weather|SunnyDay|[upkeep]\n|upkeep\n|turn|7\n|\n|t:|1700147724\n|switch|p1a: Zapdos|Zapdos|28\/100\n|move|p2a: Sneasler|Dire Claw|p1a: Zapdos\n|-damage|p1a: Zapdos|0 fnt\n|faint|p1a: Zapdos\n|\n|-weather|SunnyDay|[upkeep]\n|upkeep\n|\n|t:|1700147728\n|switch|p1a: Charizard|Charizard, F|100\/100\n|turn|8\n|\n|t:|1700147733\n|detailschange|p1a: Charizard|Charizard-Mega-X, F\n|-mega|p1a: Charizard|Charizard|Charizardite X\n|move|p2a: Sneasler|Dire Claw|p1a: Charizard\n|-damage|p1a: Charizard|59\/100\n|-status|p1a: Charizard|par\n|move|p1a: Charizard|Dragon Dance|p1a: Charizard\n|-boost|p1a: Charizard|atk|1\n|-boost|p1a: Charizard|spe|1\n|\n|-weather|SunnyDay|[upkeep]\n|upkeep\n|turn|9\n|\n|t:|1700147747\n|switch|p2a: \u9b3c\u65af|Cloyster, M|100\/100\n|move|p1a: Charizard|Earthquake|p2a: \u9b3c\u65af\n|-damage|p2a: \u9b3c\u65af|58\/100\n|\n|-weather|SunnyDay|[upkeep]\n|upkeep\n|turn|10\n|\n|t:|1700147752\n|move|p1a: Charizard|Flare Blitz|p2a: \u9b3c\u65af\n|-damage|p2a: \u9b3c\u65af|0 fnt\n|faint|p2a: \u9b3c\u65af\n|-damage|p1a: Charizard|43\/100 par|[from] Recoil\n|\n|-weather|SunnyDay|[upkeep]\n|upkeep\n|\n|t:|1700147763\n|switch|p2a: Sneasler|Sneasler, M|100\/100\n|turn|11\n|\n|t:|1700147768\n|move|p2a: Sneasler|Close Combat|p1a: Charizard\n|-damage|p1a: Charizard|0 fnt\n|-unboost|p2a: Sneasler|def|1\n|-unboost|p2a: Sneasler|spd|1\n|faint|p1a: Charizard\n|\n|-weather|none\n|upkeep\n|\n|t:|1700147771\n|switch|p1a: Exeggutor|Exeggutor, F|100\/100\n|turn|12\n|\n|t:|1700147780\n|switch|p2a: Forretress|Forretress, M|100\/100\n|switch|p1a: Slither Wing|Slither Wing|73\/100\n|\n|upkeep\n|turn|13\n|\n|t:|1700147785\n|-terastallize|p2a: Forretress|Fire\n|move|p1a: Slither Wing|U-turn|p2a: Forretress\n|-resisted|p2a: Forretress\n|-damage|p2a: Forretress|89\/100\n|-damage|p1a: Slither Wing|57\/100|[from] item: Rocky Helmet|[of] p2a: Forretress\n|\n|t:|1700147793\n|-end|p1a: Slither Wing|Protosynthesis|[silent]\n|switch|p1a: Blissey|Blissey, F|100\/100|[from] U-turn\n|move|p2a: Forretress|Stealth Rock|p1a: Blissey\n|-sidestart|p1: asd4657|move: Stealth Rock\n|\n|upkeep\n|turn|14\n|\n|t:|1700147797\n|switch|p2a: Sneasler|Sneasler, M|100\/100\n|move|p1a: Blissey|Sunny Day|p1a: Blissey\n|-weather|SunnyDay\n|\n|-weather|SunnyDay|[upkeep]\n|upkeep\n|turn|15\n|\n|t:|1700147801\n|move|p2a: Sneasler|Close Combat|p1a: Blissey\n|-supereffective|p1a: Blissey\n|-damage|p1a: Blissey|0 fnt\n|-unboost|p2a: Sneasler|def|1\n|-unboost|p2a: Sneasler|spd|1\n|faint|p1a: Blissey\n|\n|-weather|SunnyDay|[upkeep]\n|upkeep\n|\n|t:|1700147809\n|switch|p1a: Exeggutor|Exeggutor, F|100\/100\n|-damage|p1a: Exeggutor|88\/100|[from] Stealth Rock\n|turn|16\n|\n|t:|1700147816\n|switch|p2a: Forretress|Forretress, M, tera:Fire|89\/100\n|move|p1a: Exeggutor|Ancient Power|p2a: Forretress\n|-supereffective|p2a: Forretress\n|-damage|p2a: Forretress|24\/100\n|-damage|p1a: Exeggutor|78\/100|[from] item: Life Orb\n|\n|-weather|SunnyDay|[upkeep]\n|upkeep\n|turn|17\n|\n|t:|1700147821\n|move|p1a: Exeggutor|Ancient Power|p2a: Forretress\n|-supereffective|p2a: Forretress\n|-damage|p2a: Forretress|0 fnt\n|faint|p2a: Forretress\n|-damage|p1a: Exeggutor|68\/100|[from] item: Life Orb\n|\n|-weather|SunnyDay|[upkeep]\n|upkeep\n|\n|t:|1700147826\n|switch|p2a: Sneasler|Sneasler, M|100\/100\n|turn|18\n|\n|t:|1700147830\n|move|p2a: Sneasler|U-turn|p1a: Exeggutor\n|-supereffective|p1a: Exeggutor\n|-damage|p1a: Exeggutor|0 fnt\n|faint|p1a: Exeggutor\n|\n|t:|1700147837\n|switch|p2a: \u56e1\u56e1|Umbreon, F|80\/100|[from] U-turn\n|\n|-weather|SunnyDay|[upkeep]\n|-heal|p2a: \u56e1\u56e1|86\/100|[from] item: Leftovers\n|upkeep\n|\n|t:|1700147840\n|switch|p1a: Slither Wing|Slither Wing|57\/100\n|-damage|p1a: Slither Wing|45\/100|[from] Stealth Rock\n|-activate|p1a: Slither Wing|ability: Protosynthesis\n|-start|p1a: Slither Wing|protosynthesisatk\n|turn|19\n|\n|t:|1700147844\n|move|p2a: \u56e1\u56e1|Protect|p2a: \u56e1\u56e1\n|-singleturn|p2a: \u56e1\u56e1|Protect\n|move|p1a: Slither Wing|Flare Blitz|p2a: \u56e1\u56e1\n|-activate|p2a: \u56e1\u56e1|move: Protect\n|\n|-weather|SunnyDay|[upkeep]\n|-heal|p2a: \u56e1\u56e1|92\/100|[from] item: Leftovers\n|upkeep\n|turn|20\n|\n|t:|1700147849\n|move|p1a: Slither Wing|Flare Blitz|p2a: \u56e1\u56e1\n|-damage|p2a: \u56e1\u56e1|39\/100\n|-damage|p1a: Slither Wing|23\/100|[from] Recoil\n|move|p2a: \u56e1\u56e1|Wish|p2a: \u56e1\u56e1\n|\n|-weather|SunnyDay|[upkeep]\n|-heal|p2a: \u56e1\u56e1|45\/100|[from] item: Leftovers\n|upkeep\n|turn|21\n|\n|t:|1700147853\n|move|p2a: \u56e1\u56e1|Protect|p2a: \u56e1\u56e1\n|-singleturn|p2a: \u56e1\u56e1|Protect\n|move|p1a: Slither Wing|Flare Blitz|p2a: \u56e1\u56e1\n|-activate|p2a: \u56e1\u56e1|move: Protect\n|\n|-weather|none\n|-end|p1a: Slither Wing|Protosynthesis\n|-heal|p2a: \u56e1\u56e1|95\/100|[from] move: Wish|[wisher] \u56e1\u56e1\n|-heal|p2a: \u56e1\u56e1|100\/100|[from] item: Leftovers\n|upkeep\n|turn|22\n|\n|t:|1700147857\n|-end|p1a: Slither Wing|Protosynthesis|[silent]\n|switch|p1a: Clefable|Clefable, M|100\/100\n|-damage|p1a: Clefable|88\/100|[from] Stealth Rock\n|move|p2a: \u56e1\u56e1|Wish|p2a: \u56e1\u56e1\n|\n|-heal|p1a: Clefable|94\/100|[from] item: Leftovers\n|upkeep\n|turn|23\n|\n|t:|1700147862\n|switch|p2a: Sneasler|Sneasler, M|100\/100\n|-terastallize|p1a: Clefable|Steel\n|move|p1a: Clefable|Cosmic Power|p1a: Clefable\n|-boost|p1a: Clefable|def|1\n|-boost|p1a: Clefable|spd|1\n|\n|-heal|p1a: Clefable|99\/100|[from] item: Leftovers\n|upkeep\n|turn|24\n|\n|t:|1700147866\n|move|p2a: Sneasler|Close Combat|p1a: Clefable\n|-supereffective|p1a: Clefable\n|-damage|p1a: Clefable|32\/100\n|-unboost|p2a: Sneasler|def|1\n|-unboost|p2a: Sneasler|spd|1\n|move|p1a: Clefable|Cosmic Power|p1a: Clefable\n|-boost|p1a: Clefable|def|1\n|-boost|p1a: Clefable|spd|1\n|\n|-heal|p1a: Clefable|38\/100|[from] item: Leftovers\n|upkeep\n|turn|25\n|\n|t:|1700147871\n|move|p2a: Sneasler|Close Combat|p1a: Clefable\n|-supereffective|p1a: Clefable\n|-damage|p1a: Clefable|0 fnt\n|-unboost|p2a: Sneasler|def|1\n|-unboost|p2a: Sneasler|spd|1\n|faint|p1a: Clefable\n|\n|upkeep\n|-message|asd4657 forfeited.\n|\n|win|as cheu\n|raw|asd4657's rating: 1504 &rarr; <strong>1486<\/strong><br \/>(-18 for losing)\n|raw|as cheu's rating: 1546 &rarr; <strong>1564<\/strong><br \/>(+18 for winning)\n|l|\u2606asd4657\n","uploadtime":1700147881,"views":5,"p1id":"asd4657","p2id":"ascheu","formatid":"gen9nationaldex","rating":1486,"private":0,"password":""}