{"id":"gen9nationaldex-1991556825","p1":"ex.re","p2":"DragsAlt","format":"[Gen 9] National Dex","log":"|j|\u2606ex.re\n|j|\u2606DragsAlt\n|t:|1700088076\n|gametype|singles\n|player|p1|ex.re|shadowtriad|1224\n|player|p2|DragsAlt|roxie|1139\n|teamsize|p1|6\n|teamsize|p2|6\n|gen|9\n|tier|[Gen 9] National Dex\n|rated|\n|rule|HP Percentage Mod: HP is shown in percentages\n|rule|Endless Battle Clause: Forcing endless battles is banned\n|rule|OHKO Clause: OHKO moves are banned\n|rule|Evasion Clause: Evasion abilities, items, and moves are banned\n|rule|Evasion Abilities Clause: Evasion abilities are banned\n|rule|Evasion Items Clause: Evasion items are banned\n|rule|Evasion Moves Clause: Evasion moves are banned\n|rule|Species Clause: Limit one of each Pok\u00e9mon\n|rule|Sleep Clause Mod: Limit one foe put to sleep\n|clearpoke\n|poke|p1|Absol, M|\n|poke|p1|Leafeon, M|\n|poke|p1|Starmie|\n|poke|p1|Venomoth, F|\n|poke|p1|Mismagius, F|\n|poke|p1|Tropius, M|\n|poke|p2|Great Tusk|\n|poke|p2|Togedemaru, F|\n|poke|p2|Togekiss, F|\n|poke|p2|Wo-Chien|\n|poke|p2|Toxapex, F|\n|poke|p2|Charizard, M|\n|teampreview\n|inactive|Battle timer is ON: inactive players will automatically lose when time's up. (requested by ex.re)\n|c|\u2606DragsAlt|glhf\n|\n|t:|1700088088\n|start\n|switch|p1a: Absol|Absol, M|100\/100\n|switch|p2a: Togekiss|Togekiss, F|100\/100\n|turn|1\n|\n|t:|1700088093\n|switch|p1a: Tropius|Tropius, M|100\/100\n|-zpower|p2a: Togekiss\n|move|p2a: Togekiss|Z-Tailwind|p2a: Togekiss|[anim]Tailwind\n|-start|p2a: Togekiss|move: Focus Energy|[zeffect]\n|-sidestart|p2: DragsAlt|move: Tailwind\n|\n|upkeep\n|turn|2\n|\n|t:|1700088102\n|-terastallize|p1a: Tropius|Steel\n|move|p2a: Togekiss|Air Slash|p1a: Tropius\n|-resisted|p1a: Tropius\n|-crit|p1a: Tropius\n|-damage|p1a: Tropius|68\/100\n|move|p1a: Tropius|Whirlwind|p2a: Togekiss\n|drag|p2a: Great Tusk|Great Tusk|100\/100\n|\n|upkeep\n|turn|3\n|\n|t:|1700088114\n|switch|p1a: Mismagius|Mismagius, F|100\/100\n|move|p2a: Great Tusk|Iron Head|p1a: Mismagius\n|-damage|p1a: Mismagius|42\/100\n|\n|upkeep\n|turn|4\n|c|\u2606DragsAlt|OWNED\n|c|\u2606DragsAlt|OOOOOOOO\n|c|\u2606DragsAlt|glhf\n|c|\u2606DragsAlt|lmao\n|\n|t:|1700088137\n|move|p2a: Great Tusk|Iron Head|p1a: Mismagius\n|-damage|p1a: Mismagius|0 fnt\n|faint|p1a: Mismagius\n|\n|-sideend|p2: DragsAlt|move: Tailwind\n|upkeep\n|\n|t:|1700088145\n|switch|p1a: Leafeon|Leafeon, M|100\/100\n|turn|5\n|\n|t:|1700088156\n|move|p2a: Great Tusk|Close Combat|p1a: Leafeon\n|-damage|p1a: Leafeon|45\/100\n|-unboost|p2a: Great Tusk|def|1\n|-unboost|p2a: Great Tusk|spd|1\n|move|p1a: Leafeon|Leech Seed|p2a: Great Tusk\n|-start|p2a: Great Tusk|move: Leech Seed\n|\n|-heal|p1a: Leafeon|51\/100|[from] item: Leftovers\n|-damage|p2a: Great Tusk|88\/100|[from] Leech Seed|[of] p1a: Leafeon\n|-heal|p1a: Leafeon|68\/100|[silent]\n|upkeep\n|turn|6\n|\n|t:|1700088173\n|-end|p2a: Great Tusk|Protosynthesis|[silent]\n|switch|p2a: Wo-Chien|Wo-Chien|100\/100\n|-ability|p2a: Wo-Chien|Tablets of Ruin\n|switch|p1a: Starmie|Starmie|100\/100\n|\n|upkeep\n|turn|7\n|c|\u2606DragsAlt|SUPPORT LEAFEON!?!?\n|\n|t:|1700088188\n|switch|p1a: Venomoth|Venomoth, F|100\/100\n|move|p2a: Wo-Chien|Protect||[still]\n|-fail|p2a: Wo-Chien\n|\n|upkeep\n|turn|8\n|\n|t:|1700088207\n|switch|p2a: Oonga Boonga|Charizard, M, shiny|100\/100\n|move|p1a: Venomoth|Quiver Dance|p1a: Venomoth\n|-boost|p1a: Venomoth|spa|1\n|-boost|p1a: Venomoth|spd|1\n|-boost|p1a: Venomoth|spe|1\n|\n|upkeep\n|turn|9\n|\n|t:|1700088213\n|move|p1a: Venomoth|Quiver Dance|p1a: Venomoth\n|-boost|p1a: Venomoth|spa|1\n|-boost|p1a: Venomoth|spd|1\n|-boost|p1a: Venomoth|spe|1\n|move|p2a: Oonga Boonga|Dragon Dance|p2a: Oonga Boonga\n|-boost|p2a: Oonga Boonga|atk|1\n|-boost|p2a: Oonga Boonga|spe|1\n|\n|upkeep\n|turn|10\n|\n|t:|1700088220\n|move|p2a: Oonga Boonga|Rock Slide|p1a: Venomoth\n|-supereffective|p1a: Venomoth\n|-damage|p1a: Venomoth|0 fnt\n|faint|p1a: Venomoth\n|\n|upkeep\n|\n|t:|1700088227\n|switch|p1a: Starmie|Starmie|100\/100\n|turn|11\n|\n|t:|1700088233\n|detailschange|p2a: Oonga Boonga|Charizard-Mega-X, M, shiny\n|-mega|p2a: Oonga Boonga|Charizard|Charizardite X\n|move|p2a: Oonga Boonga|Dragon Claw|p1a: Starmie\n|-damage|p1a: Starmie|0 fnt\n|faint|p1a: Starmie\n|\n|upkeep\n|c|\u2606DragsAlt|:)\n|\n|t:|1700088242\n|switch|p1a: Absol|Absol, M|100\/100\n|turn|12\n|\n|t:|1700088246\n|detailschange|p1a: Absol|Absol-Mega, M\n|-mega|p1a: Absol|Absol|Absolite\n|move|p1a: Absol|Sucker Punch|p2a: Oonga Boonga\n|-damage|p2a: Oonga Boonga|52\/100\n|move|p2a: Oonga Boonga|Dragon Claw|p1a: Absol\n|-damage|p1a: Absol|0 fnt\n|faint|p1a: Absol\n|\n|upkeep\n|\n|t:|1700088254\n|switch|p1a: Tropius|Tropius, M, tera:Steel|68\/100\n|turn|13\n|\n|t:|1700088257\n|move|p2a: Oonga Boonga|Fire Punch|p1a: Tropius\n|-supereffective|p1a: Tropius\n|-damage|p1a: Tropius|0 fnt\n|faint|p1a: Tropius\n|\n|upkeep\n|\n|t:|1700088262\n|switch|p1a: Leafeon|Leafeon, M|68\/100\n|turn|14\n|\n|t:|1700088265\n|move|p2a: Oonga Boonga|Fire Punch|p1a: Leafeon\n|-supereffective|p1a: Leafeon\n|-damage|p1a: Leafeon|0 fnt\n|faint|p1a: Leafeon\n|\n|win|DragsAlt\n|raw|ex.re's rating: 1224 &rarr; <strong>1193<\/strong><br \/>(-31 for losing)\n|raw|DragsAlt's rating: 1139 &rarr; <strong>1170<\/strong><br \/>(+31 for winning)\n|l|\u2606ex.re\n|l|\u2606DragsAlt\n|j|\u2606DragsAlt\n|player|p2|DragsAlt|guitarist\n","uploadtime":1700088544,"views":4,"p1id":"exre","p2id":"dragsalt","formatid":"gen9nationaldex","rating":1170,"private":0,"password":""}