{"id":"gen9nationaldex-1993857466","p1":"yq02","p2":"SpecsGastr0","format":"[Gen 9] National Dex","log":"|j|\u2606yq02\n|j|\u2606SpecsGastr0\n|t:|1700366081\n|gametype|singles\n|player|p1|yq02|caitlin|1352\n|player|p2|SpecsGastr0|colress|1265\n|teamsize|p1|6\n|teamsize|p2|6\n|gen|9\n|tier|[Gen 9] National Dex\n|rated|\n|rule|HP Percentage Mod: HP is shown in percentages\n|rule|Endless Battle Clause: Forcing endless battles is banned\n|rule|OHKO Clause: OHKO moves are banned\n|rule|Evasion Clause: Evasion abilities, items, and moves are banned\n|rule|Evasion Abilities Clause: Evasion abilities are banned\n|rule|Evasion Items Clause: Evasion items are banned\n|rule|Evasion Moves Clause: Evasion moves are banned\n|rule|Species Clause: Limit one of each Pok\u00e9mon\n|rule|Sleep Clause Mod: Limit one foe put to sleep\n|clearpoke\n|poke|p1|Alomomola, M|\n|poke|p1|Banette, F|\n|poke|p1|Garganacl, M|\n|poke|p1|Dragonite, F|\n|poke|p1|Glimmora, M|\n|poke|p1|Magnezone|\n|poke|p2|Gigalith, F|\n|poke|p2|Excadrill, M|\n|poke|p2|Ninetales-Alola, F|\n|poke|p2|Sandslash-Alola, M|\n|poke|p2|Gliscor, M|\n|poke|p2|Abomasnow, M|\n|teampreview\n|inactive|Battle timer is ON: inactive players will automatically lose when time's up. (requested by yq02)\n|inactive|yq02 has 120 seconds left.\n|inactive|SpecsGastr0 has 120 seconds left.\n|\n|t:|1700366118\n|start\n|switch|p1a: Glimmora|Glimmora, M, shiny|100\/100\n|switch|p2a: LEND ME SOME SUGAR|Ninetales-Alola, F|100\/100\n|-weather|Snow|[from] ability: Snow Warning|[of] p2a: LEND ME SOME SUGAR\n|turn|1\n|\n|t:|1700366127\n|move|p2a: LEND ME SOME SUGAR|Aurora Veil|p2a: LEND ME SOME SUGAR\n|-sidestart|p2: SpecsGastr0|move: Aurora Veil\n|move|p1a: Glimmora|Stealth Rock|p2a: LEND ME SOME SUGAR\n|-sidestart|p2: SpecsGastr0|move: Stealth Rock\n|\n|-weather|Snow|[upkeep]\n|upkeep\n|turn|2\n|\n|t:|1700366148\n|switch|p1a: Garganacl|Garganacl, M, shiny|100\/100\n|move|p2a: LEND ME SOME SUGAR|Blizzard|p1a: Garganacl\n|-damage|p1a: Garganacl|71\/100\n|\n|-weather|Snow|[upkeep]\n|-heal|p1a: Garganacl|78\/100|[from] item: Leftovers\n|upkeep\n|turn|3\n|\n|t:|1700366158\n|move|p2a: LEND ME SOME SUGAR|Blizzard|p1a: Garganacl\n|-damage|p1a: Garganacl|48\/100\n|move|p1a: Garganacl|Salt Cure|p2a: LEND ME SOME SUGAR\n|-supereffective|p2a: LEND ME SOME SUGAR\n|-damage|p2a: LEND ME SOME SUGAR|85\/100\n|-start|p2a: LEND ME SOME SUGAR|Salt Cure\n|\n|-weather|Snow|[upkeep]\n|-heal|p1a: Garganacl|54\/100|[from] item: Leftovers\n|-damage|p2a: LEND ME SOME SUGAR|73\/100|[from] Salt Cure\n|upkeep\n|turn|4\n|inactive|SpecsGastr0 has 120 seconds left.\n|\n|t:|1700366189\n|switch|p2a: SO IN DENIAL|Gliscor, M, shiny|100\/100\n|-damage|p2a: SO IN DENIAL|88\/100|[from] Stealth Rock\n|switch|p1a: Magnezone|Magnezone, shiny|100\/100\n|\n|-weather|Snow|[upkeep]\n|-status|p2a: SO IN DENIAL|tox|[from] item: Toxic Orb\n|upkeep\n|turn|5\n|inactive|SpecsGastr0 has 120 seconds left.\n|\n|t:|1700366198\n|switch|p1a: Dragonite|Dragonite, F, shiny|100\/100\n|move|p2a: SO IN DENIAL|Spikes|p1a: Dragonite\n|-sidestart|p1: yq02|Spikes\n|\n|-weather|none\n|-heal|p2a: SO IN DENIAL|100\/100 tox|[from] ability: Poison Heal\n|upkeep\n|turn|6\n|inactive|SpecsGastr0 has 120 seconds left.\n|\n|t:|1700366208\n|switch|p2a: FIGHT THE FEELING|Sandslash-Alola, M|100\/100\n|move|p1a: Dragonite|Dragon Dance|p1a: Dragonite\n|-boost|p1a: Dragonite|atk|1\n|-boost|p1a: Dragonite|spe|1\n|\n|upkeep\n|turn|7\n|\n|t:|1700366218\n|-terastallize|p1a: Dragonite|Normal\n|move|p1a: Dragonite|Earthquake|p2a: FIGHT THE FEELING\n|-supereffective|p2a: FIGHT THE FEELING\n|-damage|p2a: FIGHT THE FEELING|38\/100\n|move|p2a: FIGHT THE FEELING|Triple Axel|p1a: Dragonite\n|-damage|p1a: Dragonite|95\/100\n|-damage|p1a: Dragonite|73\/100\n|-damage|p1a: Dragonite|41\/100\n|-hitcount|p1a: Dragonite|3\n|\n|upkeep\n|turn|8\n|inactive|SpecsGastr0 has 120 seconds left.\n|\n|t:|1700366239\n|switch|p2a: HEY YA!|Abomasnow, M|100\/100\n|-damage|p2a: HEY YA!|76\/100|[from] Stealth Rock\n|-weather|Snow|[from] ability: Snow Warning|[of] p2a: HEY YA!\n|move|p1a: Dragonite|Earthquake|p2a: HEY YA!\n|-resisted|p2a: HEY YA!\n|-damage|p2a: HEY YA!|66\/100\n|\n|-weather|Snow|[upkeep]\n|-sideend|p2: SpecsGastr0|move: Aurora Veil\n|upkeep\n|turn|9\n|inactive|SpecsGastr0 has 120 seconds left.\n|\n|t:|1700366259\n|detailschange|p2a: HEY YA!|Abomasnow-Mega, M\n|-mega|p2a: HEY YA!|Abomasnow|Abomasite\n|move|p1a: Dragonite|Roost|p1a: Dragonite\n|-heal|p1a: Dragonite|92\/100\n|move|p2a: HEY YA!|Swords Dance|p2a: HEY YA!\n|-boost|p2a: HEY YA!|atk|2\n|\n|-weather|Snow|[upkeep]\n|upkeep\n|turn|10\n|inactive|yq02 has 120 seconds left.\n|\n|t:|1700366291\n|move|p1a: Dragonite|Extreme Speed|p2a: HEY YA!\n|-damage|p2a: HEY YA!|25\/100\n|move|p2a: HEY YA!|Ice Shard|p1a: Dragonite\n|-damage|p1a: Dragonite|36\/100\n|\n|-weather|Snow|[upkeep]\n|upkeep\n|turn|11\n|\n|t:|1700366308\n|switch|p2a: NOTHING IS FOREVER|Gigalith, F, shiny|100\/100\n|-damage|p2a: NOTHING IS FOREVER|88\/100|[from] Stealth Rock\n|-weather|Sandstorm|[from] ability: Sand Stream|[of] p2a: NOTHING IS FOREVER\n|move|p1a: Dragonite|Extreme Speed|p2a: NOTHING IS FOREVER\n|-resisted|p2a: NOTHING IS FOREVER\n|-damage|p2a: NOTHING IS FOREVER|61\/100\n|\n|-weather|Sandstorm|[upkeep]\n|-damage|p1a: Dragonite|30\/100|[from] Sandstorm\n|-heal|p2a: NOTHING IS FOREVER|67\/100|[from] item: Leftovers\n|upkeep\n|turn|12\n|\n|t:|1700366320\n|switch|p2a: SO IN DENIAL|Gliscor, M, shiny|100\/100 tox\n|-damage|p2a: SO IN DENIAL|88\/100 tox|[from] Stealth Rock\n|move|p1a: Dragonite|Roost|p1a: Dragonite\n|-heal|p1a: Dragonite|80\/100\n|\n|-weather|Sandstorm|[upkeep]\n|-damage|p1a: Dragonite|74\/100|[from] Sandstorm\n|-heal|p2a: SO IN DENIAL|100\/100 tox|[from] ability: Poison Heal\n|upkeep\n|turn|13\n|inactive|SpecsGastr0 has 90 seconds left.\n|\n|t:|1700366356\n|switch|p2a: NOTHING IS FOREVER|Gigalith, F, shiny|67\/100\n|-damage|p2a: NOTHING IS FOREVER|55\/100|[from] Stealth Rock\n|move|p1a: Dragonite|Dragon Dance|p1a: Dragonite\n|-boost|p1a: Dragonite|atk|1\n|-boost|p1a: Dragonite|spe|1\n|\n|-weather|Sandstorm|[upkeep]\n|-damage|p1a: Dragonite|67\/100|[from] Sandstorm\n|-heal|p2a: NOTHING IS FOREVER|61\/100|[from] item: Leftovers\n|upkeep\n|turn|14\n|\n|t:|1700366366\n|move|p1a: Dragonite|Earthquake|p2a: NOTHING IS FOREVER\n|-supereffective|p2a: NOTHING IS FOREVER\n|-damage|p2a: NOTHING IS FOREVER|0 fnt\n|faint|p2a: NOTHING IS FOREVER\n|\n|-weather|Sandstorm|[upkeep]\n|-damage|p1a: Dragonite|61\/100|[from] Sandstorm\n|upkeep\n|\n|t:|1700366384\n|switch|p2a: STAND TO SEE ME|Excadrill, M|100\/100\n|-damage|p2a: STAND TO SEE ME|97\/100|[from] Stealth Rock\n|turn|15\n|\n|t:|1700366390\n|move|p2a: STAND TO SEE ME|Brick Break|p1a: Dragonite\n|-supereffective|p1a: Dragonite\n|-damage|p1a: Dragonite|0 fnt\n|faint|p1a: Dragonite\n|\n|-weather|none\n|upkeep\n|\n|t:|1700366407\n|switch|p1a: Alomomola|Alomomola, M, shiny|100\/100\n|turn|16\n|inactive|SpecsGastr0 has 90 seconds left.\n|\n|t:|1700366417\n|switch|p2a: LEND ME SOME SUGAR|Ninetales-Alola, F|73\/100\n|-damage|p2a: LEND ME SOME SUGAR|48\/100|[from] Stealth Rock\n|-weather|Snow|[from] ability: Snow Warning|[of] p2a: LEND ME SOME SUGAR\n|move|p1a: Alomomola|Flip Turn|p2a: LEND ME SOME SUGAR\n|-damage|p2a: LEND ME SOME SUGAR|31\/100\n|\n|t:|1700366442\n|switch|p1a: Glimmora|Glimmora, M, shiny|100\/100|[from] Flip Turn\n|-damage|p1a: Glimmora|88\/100|[from] Spikes\n|\n|-weather|Snow|[upkeep]\n|upkeep\n|turn|17\n|\n|t:|1700366448\n|move|p2a: LEND ME SOME SUGAR|Aurora Veil|p2a: LEND ME SOME SUGAR\n|-sidestart|p2: SpecsGastr0|move: Aurora Veil\n|move|p1a: Glimmora|Power Gem|p2a: LEND ME SOME SUGAR\n|-supereffective|p2a: LEND ME SOME SUGAR\n|-damage|p2a: LEND ME SOME SUGAR|0 fnt\n|faint|p2a: LEND ME SOME SUGAR\n|\n|-weather|Snow|[upkeep]\n|upkeep\n|\n|t:|1700366457\n|switch|p2a: FIGHT THE FEELING|Sandslash-Alola, M|38\/100\n|turn|18\n|\n|t:|1700366466\n|move|p2a: FIGHT THE FEELING|Rapid Spin|p1a: Glimmora\n|-resisted|p1a: Glimmora\n|-damage|p1a: Glimmora|79\/100\n|-boost|p2a: FIGHT THE FEELING|spe|1\n|-activate|p1a: Glimmora|ability: Toxic Debris\n|-sidestart|p2: SpecsGastr0|move: Toxic Spikes\n|-sideend|p2: SpecsGastr0|Toxic Spikes|[from] move: Rapid Spin|[of] p2a: FIGHT THE FEELING\n|-sideend|p2: SpecsGastr0|Stealth Rock|[from] move: Rapid Spin|[of] p2a: FIGHT THE FEELING\n|move|p1a: Glimmora|Earth Power|p2a: FIGHT THE FEELING\n|-supereffective|p2a: FIGHT THE FEELING\n|-damage|p2a: FIGHT THE FEELING|0 fnt\n|faint|p2a: FIGHT THE FEELING\n|\n|-weather|Snow|[upkeep]\n|upkeep\n|inactive|SpecsGastr0 has 90 seconds left.\n|\n|t:|1700366503\n|switch|p2a: STAND TO SEE ME|Excadrill, M|97\/100\n|turn|19\n|\n|t:|1700366510\n|switch|p1a: Alomomola|Alomomola, M, shiny|100\/100\n|move|p2a: STAND TO SEE ME|Earthquake|p1a: Alomomola\n|-damage|p1a: Alomomola|47\/100\n|\n|-weather|Snow|[upkeep]\n|upkeep\n|turn|20\n|inactive|SpecsGastr0 has 90 seconds left.\n|\n|t:|1700366537\n|switch|p1a: Garganacl|Garganacl, M, shiny|54\/100\n|-damage|p1a: Garganacl|42\/100|[from] Spikes\n|move|p2a: STAND TO SEE ME|Earthquake|p1a: Garganacl\n|-supereffective|p1a: Garganacl\n|-damage|p1a: Garganacl|0 fnt\n|faint|p1a: Garganacl\n|\n|-weather|none\n|upkeep\n|\n|t:|1700366543\n|switch|p1a: Banette|Banette, F, shiny|100\/100\n|-damage|p1a: Banette|88\/100|[from] Spikes\n|turn|21\n|\n|t:|1700366549\n|detailschange|p1a: Banette|Banette-Mega, F, shiny\n|-mega|p1a: Banette|Banette|Banettite\n|move|p1a: Banette|Destiny Bond|p1a: Banette\n|-singlemove|p1a: Banette|Destiny Bond\n|move|p2a: STAND TO SEE ME|Earthquake|p1a: Banette\n|-damage|p1a: Banette|0 fnt\n|faint|p1a: Banette\n|-activate|p1a: Banette|move: Destiny Bond\n|faint|p2a: STAND TO SEE ME\n|\n|upkeep\n|\n|t:|1700366573\n|switch|p2a: HEY YA!|Abomasnow-Mega, M|25\/100\n|switch|p1a: Glimmora|Glimmora, M, shiny|79\/100\n|-damage|p1a: Glimmora|66\/100|[from] Spikes\n|-weather|Snow|[from] ability: Snow Warning|[of] p2a: HEY YA!\n|turn|22\n|\n|t:|1700366587\n|move|p2a: HEY YA!|Ice Shard|p1a: Glimmora\n|-damage|p1a: Glimmora|38\/100\n|-activate|p1a: Glimmora|ability: Toxic Debris\n|-sidestart|p2: SpecsGastr0|move: Toxic Spikes\n|move|p1a: Glimmora|Power Gem|p2a: HEY YA!\n|-supereffective|p2a: HEY YA!\n|-damage|p2a: HEY YA!|0 fnt\n|faint|p2a: HEY YA!\n|\n|-weather|Snow|[upkeep]\n|upkeep\n|\n|t:|1700366596\n|switch|p2a: SO IN DENIAL|Gliscor, M, shiny|100\/100 tox\n|turn|23\n|\n|t:|1700366605\n|move|p1a: Glimmora|Power Gem|p2a: SO IN DENIAL\n|-damage|p2a: SO IN DENIAL|75\/100 tox\n|move|p2a: SO IN DENIAL|Crabhammer|p1a: Glimmora\n|-supereffective|p1a: Glimmora\n|-damage|p1a: Glimmora|0 fnt\n|-activate|p1a: Glimmora|ability: Toxic Debris\n|-sidestart|p2: SpecsGastr0|move: Toxic Spikes\n|faint|p1a: Glimmora\n|\n|-weather|Snow|[upkeep]\n|-heal|p2a: SO IN DENIAL|88\/100 tox|[from] ability: Poison Heal\n|upkeep\n|\n|t:|1700366614\n|switch|p1a: Alomomola|Alomomola, M, shiny|80\/100\n|turn|24\n|\n|t:|1700366617\n|move|p2a: SO IN DENIAL|Crabhammer|p1a: Alomomola|[miss]\n|-miss|p2a: SO IN DENIAL|p1a: Alomomola\n|move|p1a: Alomomola|Flip Turn|p2a: SO IN DENIAL\n|-supereffective|p2a: SO IN DENIAL\n|-damage|p2a: SO IN DENIAL|78\/100 tox\n|\n|t:|1700366624\n|switch|p1a: Magnezone|Magnezone, shiny|100\/100|[from] Flip Turn\n|-damage|p1a: Magnezone|88\/100|[from] Spikes\n|\n|-weather|Snow|[upkeep]\n|-heal|p2a: SO IN DENIAL|90\/100 tox|[from] ability: Poison Heal\n|-sideend|p2: SpecsGastr0|move: Aurora Veil\n|upkeep\n|turn|25\n|\n|t:|1700366635\n|move|p2a: SO IN DENIAL|Crabhammer|p1a: Magnezone\n|-damage|p1a: Magnezone|68\/100\n|move|p1a: Magnezone|Flash Cannon|p2a: SO IN DENIAL\n|-damage|p2a: SO IN DENIAL|23\/100 tox\n|\n|-weather|Snow|[upkeep]\n|-heal|p2a: SO IN DENIAL|36\/100 tox|[from] ability: Poison Heal\n|upkeep\n|turn|26\n|\n|t:|1700366643\n|move|p2a: SO IN DENIAL|Protect|p2a: SO IN DENIAL\n|-singleturn|p2a: SO IN DENIAL|Protect\n|move|p1a: Magnezone|Flash Cannon|p2a: SO IN DENIAL\n|-activate|p2a: SO IN DENIAL|move: Protect\n|\n|-weather|none\n|-heal|p2a: SO IN DENIAL|48\/100 tox|[from] ability: Poison Heal\n|upkeep\n|turn|27\n|\n|t:|1700366652\n|move|p2a: SO IN DENIAL|Crabhammer|p1a: Magnezone\n|-damage|p1a: Magnezone|49\/100\n|move|p1a: Magnezone|Flash Cannon|p2a: SO IN DENIAL\n|-damage|p2a: SO IN DENIAL|0 fnt\n|faint|p2a: SO IN DENIAL\n|\n|win|yq02\n|raw|yq02's rating: 1352 &rarr; <strong>1367<\/strong><br \/>(+15 for winning)\n|raw|SpecsGastr0's rating: 1265 &rarr; <strong>1246<\/strong><br \/>(-19 for losing)\n","uploadtime":1700366668,"views":7,"p1id":"yq02","p2id":"specsgastr0","formatid":"gen9nationaldex","rating":1246,"private":0,"password":""}