{"id":"gen9nationaldex-1987086377","p1":"Squige137","p2":"Grosel","format":"[Gen 9] National Dex","log":"|j|\u2606Squige137\n|j|\u2606Grosel\n|t:|1699554939\n|gametype|singles\n|player|p1|Squige137|infielder|1347\n|player|p2|Grosel|drayden|1316\n|teamsize|p1|6\n|teamsize|p2|6\n|gen|9\n|tier|[Gen 9] National Dex\n|rated|\n|rule|HP Percentage Mod: HP is shown in percentages\n|rule|Endless Battle Clause: Forcing endless battles is banned\n|rule|OHKO Clause: OHKO moves are banned\n|rule|Evasion Clause: Evasion abilities, items, and moves are banned\n|rule|Evasion Abilities Clause: Evasion abilities are banned\n|rule|Evasion Items Clause: Evasion items are banned\n|rule|Evasion Moves Clause: Evasion moves are banned\n|rule|Species Clause: Limit one of each Pok\u00e9mon\n|rule|Sleep Clause Mod: Limit one foe put to sleep\n|clearpoke\n|poke|p1|Corsola-Galar, M|\n|poke|p1|Ferrothorn, F|\n|poke|p1|Dipplin, F|\n|poke|p1|Glimmora, F|\n|poke|p1|Munkidori, M|\n|poke|p1|Staraptor, M|\n|poke|p2|Pelipper, M|\n|poke|p2|Zapdos|\n|poke|p2|Swampert, F|\n|poke|p2|Rillaboom, M|\n|poke|p2|Sneasler, F|\n|poke|p2|Corviknight, M|\n|teampreview\n|inactive|Battle timer is ON: inactive players will automatically lose when time's up. (requested by Grosel)\n|inactive|Squige137 also wants the timer to be on.\n|c|\u2606Squige137|glhf\n|\n|t:|1699554945\n|start\n|switch|p1a: Munkidori|Munkidori, M|100\/100\n|switch|p2a: Pelipper|Pelipper, M|100\/100\n|-weather|RainDance|[from] ability: Drizzle|[of] p2a: Pelipper\n|turn|1\n|\n|t:|1699554961\n|switch|p2a: Swampert|Swampert, F|100\/100\n|move|p1a: Munkidori|Fake Out|p2a: Swampert\n|-damage|p2a: Swampert|92\/100\n|\n|-weather|RainDance|[upkeep]\n|upkeep\n|turn|2\n|\n|t:|1699554971\n|switch|p1a: Staraptor|Staraptor, M|100\/100\n|-ability|p1a: Staraptor|Intimidate|boost\n|-unboost|p2a: Swampert|atk|1\n|detailschange|p2a: Swampert|Swampert-Mega, F\n|-mega|p2a: Swampert|Swampert|Swampertite\n|move|p2a: Swampert|Earthquake|p1a: Staraptor\n|-immune|p1a: Staraptor\n|\n|-weather|RainDance|[upkeep]\n|upkeep\n|turn|3\n|\n|t:|1699554981\n|switch|p2a: Corviknight|Corviknight, M|100\/100\n|switch|p1a: Corsola|Corsola-Galar, M|100\/100\n|\n|-weather|RainDance|[upkeep]\n|upkeep\n|turn|4\n|\n|t:|1699554988\n|move|p2a: Corviknight|Brave Bird|p1a: Corsola\n|-damage|p1a: Corsola|76\/100\n|-damage|p2a: Corviknight|94\/100|[from] Recoil\n|move|p1a: Corsola|Will-O-Wisp|p2a: Corviknight\n|-status|p2a: Corviknight|brn\n|\n|-weather|RainDance|[upkeep]\n|-heal|p2a: Corviknight|99\/100 brn|[from] item: Leftovers\n|-damage|p2a: Corviknight|94\/100 brn|[from] brn\n|upkeep\n|turn|5\n|\n|t:|1699555001\n|switch|p2a: Zapdos|Zapdos, shiny|100\/100\n|move|p1a: Corsola|Night Shade|p2a: Zapdos\n|-damage|p2a: Zapdos|74\/100\n|\n|-weather|RainDance|[upkeep]\n|upkeep\n|turn|6\n|\n|t:|1699555015\n|switch|p1a: Dipplin|Dipplin, F|100\/100\n|move|p2a: Zapdos|Thunder|p1a: Dipplin\n|-resisted|p1a: Dipplin\n|-damage|p1a: Dipplin|90\/100\n|-status|p1a: Dipplin|par\n|\n|-weather|RainDance|[upkeep]\n|upkeep\n|turn|7\n|\n|t:|1699555025\n|move|p2a: Zapdos|Hurricane|p1a: Dipplin\n|-supereffective|p1a: Dipplin\n|-damage|p1a: Dipplin|0 fnt\n|faint|p1a: Dipplin\n|\n|-weather|RainDance|[upkeep]\n|upkeep\n|c|\u2606Squige137|oof\n|\n|t:|1699555033\n|switch|p1a: Munkidori|Munkidori, M|100\/100\n|turn|8\n|\n|t:|1699555039\n|switch|p2a: Swampert|Swampert-Mega, F|92\/100\n|move|p1a: Munkidori|Fake Out|p2a: Swampert\n|-damage|p2a: Swampert|84\/100\n|\n|-weather|none\n|upkeep\n|turn|9\n|\n|t:|1699555047\n|move|p1a: Munkidori|Future Sight|p2a: Swampert\n|-start|p1a: Munkidori|move: Future Sight\n|move|p2a: Swampert|Flip Turn|p1a: Munkidori\n|-damage|p1a: Munkidori|47\/100\n|\n|t:|1699555057\n|switch|p2a: Pelipper|Pelipper, M|100\/100|[from] Flip Turn\n|-weather|RainDance|[from] ability: Drizzle|[of] p2a: Pelipper\n|\n|-weather|RainDance|[upkeep]\n|upkeep\n|turn|10\n|\n|t:|1699555065\n|move|p1a: Munkidori|U-turn|p2a: Pelipper\n|-resisted|p2a: Pelipper\n|-damage|p2a: Pelipper|96\/100\n|\n|t:|1699555073\n|switch|p1a: Ferrothorn|Ferrothorn, F|100\/100|[from] U-turn\n|move|p2a: Pelipper|U-turn|p1a: Ferrothorn\n|-damage|p1a: Ferrothorn|96\/100\n|-damage|p2a: Pelipper|83\/100|[from] ability: Iron Barbs|[of] p1a: Ferrothorn\n|-damage|p2a: Pelipper|67\/100|[from] item: Rocky Helmet|[of] p1a: Ferrothorn\n|\n|t:|1699555079\n|switch|p2a: Corviknight|Corviknight, M|94\/100 brn|[from] U-turn\n|\n|-weather|RainDance|[upkeep]\n|-heal|p2a: Corviknight|99\/100 brn|[from] item: Leftovers\n|-damage|p2a: Corviknight|94\/100 brn|[from] brn\n|upkeep\n|turn|11\n|\n|t:|1699555089\n|move|p2a: Corviknight|Bulk Up|p2a: Corviknight\n|-boost|p2a: Corviknight|atk|1\n|-boost|p2a: Corviknight|def|1\n|move|p1a: Ferrothorn|Knock Off|p2a: Corviknight\n|-damage|p2a: Corviknight|85\/100 brn\n|-enditem|p2a: Corviknight|Leftovers|[from] move: Knock Off|[of] p1a: Ferrothorn\n|\n|-weather|RainDance|[upkeep]\n|-end|p2a: Corviknight|move: Future Sight\n|-resisted|p2a: Corviknight\n|-damage|p2a: Corviknight|54\/100 brn\n|-damage|p2a: Corviknight|48\/100 brn|[from] brn\n|upkeep\n|turn|12\n|\n|t:|1699555101\n|switch|p1a: Corsola|Corsola-Galar, M|76\/100\n|move|p2a: Corviknight|Body Press|p1a: Corsola\n|-immune|p1a: Corsola\n|\n|-weather|RainDance|[upkeep]\n|-damage|p2a: Corviknight|42\/100 brn|[from] brn\n|upkeep\n|turn|13\n|\n|t:|1699555110\n|switch|p2a: Rillaboom|Rillaboom, M|100\/100\n|-fieldstart|move: Grassy Terrain|[from] ability: Grassy Surge|[of] p2a: Rillaboom\n|move|p1a: Corsola|Strength Sap|p2a: Rillaboom\n|-unboost|p2a: Rillaboom|atk|1\n|-heal|p1a: Corsola|100\/100\n|\n|-weather|RainDance|[upkeep]\n|upkeep\n|turn|14\n|\n|t:|1699555120\n|switch|p1a: Ferrothorn|Ferrothorn, F|96\/100\n|move|p2a: Rillaboom|Knock Off|p1a: Ferrothorn\n|-damage|p1a: Ferrothorn|83\/100\n|-damage|p2a: Rillaboom|88\/100|[from] ability: Iron Barbs|[of] p1a: Ferrothorn\n|-damage|p2a: Rillaboom|72\/100|[from] item: Rocky Helmet|[of] p1a: Ferrothorn\n|-enditem|p1a: Ferrothorn|Rocky Helmet|[from] move: Knock Off|[of] p2a: Rillaboom\n|\n|-weather|RainDance|[upkeep]\n|-heal|p2a: Rillaboom|78\/100|[from] Grassy Terrain\n|-heal|p1a: Ferrothorn|89\/100|[from] Grassy Terrain\n|upkeep\n|turn|15\n|\n|t:|1699555132\n|switch|p2a: Sneasler|Sneasler, F, shiny|100\/100\n|move|p1a: Ferrothorn|Toxic|p2a: Sneasler\n|-immune|p2a: Sneasler\n|\n|-weather|RainDance|[upkeep]\n|-heal|p1a: Ferrothorn|95\/100|[from] Grassy Terrain\n|upkeep\n|turn|16\n|\n|t:|1699555140\n|move|p2a: Sneasler|Fake Out|p1a: Ferrothorn\n|-enditem|p2a: Sneasler|Normal Gem|[from] gem\n|-resisted|p1a: Ferrothorn\n|-damage|p1a: Ferrothorn|89\/100\n|-damage|p2a: Sneasler|88\/100|[from] ability: Iron Barbs|[of] p1a: Ferrothorn\n|cant|p1a: Ferrothorn|flinch\n|\n|-weather|none\n|-heal|p2a: Sneasler|94\/100|[from] Grassy Terrain\n|-heal|p1a: Ferrothorn|95\/100|[from] Grassy Terrain\n|upkeep\n|turn|17\n|\n|t:|1699555150\n|switch|p1a: Corsola|Corsola-Galar, M|100\/100\n|move|p2a: Sneasler|Close Combat|p1a: Corsola\n|-immune|p1a: Corsola\n|\n|-heal|p2a: Sneasler|99\/100|[from] Grassy Terrain\n|-fieldend|move: Grassy Terrain\n|upkeep\n|turn|18\n|\n|t:|1699555159\n|-terastallize|p2a: Sneasler|Flying\n|move|p2a: Sneasler|Acrobatics|p1a: Corsola\n|-damage|p1a: Corsola|57\/100\n|-start|p2a: Sneasler|Disable|Acrobatics|[from] ability: Cursed Body|[of] p1a: Corsola\n|move|p1a: Corsola|Will-O-Wisp|p2a: Sneasler\n|-status|p2a: Sneasler|brn\n|\n|-damage|p2a: Sneasler|94\/100 brn|[from] brn\n|upkeep\n|turn|19\n|\n|t:|1699555170\n|move|p2a: Sneasler|Dire Claw|p1a: Corsola\n|-resisted|p1a: Corsola\n|-damage|p1a: Corsola|48\/100\n|-status|p1a: Corsola|slp\n|cant|p1a: Corsola|slp\n|\n|-damage|p2a: Sneasler|88\/100 brn|[from] brn\n|upkeep\n|turn|20\n|c|\u2606Squige137|:l\n|\n|t:|1699555181\n|switch|p2a: Swampert|Swampert-Mega, F|84\/100\n|cant|p1a: Corsola|slp\n|\n|upkeep\n|turn|21\n|\n|t:|1699555188\n|move|p2a: Swampert|Waterfall|p1a: Corsola\n|-damage|p1a: Corsola|13\/100 slp\n|cant|p1a: Corsola|slp\n|\n|upkeep\n|turn|22\n|\n|t:|1699555197\n|switch|p1a: Ferrothorn|Ferrothorn, F|95\/100\n|move|p2a: Swampert|Flip Turn|p1a: Ferrothorn\n|-resisted|p1a: Ferrothorn\n|-damage|p1a: Ferrothorn|85\/100\n|-damage|p2a: Swampert|72\/100|[from] ability: Iron Barbs|[of] p1a: Ferrothorn\n|\n|t:|1699555200\n|switch|p2a: Pelipper|Pelipper, M|67\/100|[from] Flip Turn\n|-weather|RainDance|[from] ability: Drizzle|[of] p2a: Pelipper\n|\n|-weather|RainDance|[upkeep]\n|upkeep\n|turn|23\n|\n|t:|1699555209\n|switch|p2a: Zapdos|Zapdos, shiny|74\/100\n|move|p1a: Ferrothorn|Toxic|p2a: Zapdos\n|-status|p2a: Zapdos|tox\n|\n|-weather|RainDance|[upkeep]\n|-damage|p2a: Zapdos|68\/100 tox|[from] psn\n|upkeep\n|turn|24\n|\n|t:|1699555221\n|switch|p1a: Glimmora|Glimmora, F|100\/100\n|move|p2a: Zapdos|Hurricane|p1a: Glimmora\n|-resisted|p1a: Glimmora\n|-damage|p1a: Glimmora|69\/100\n|\n|-weather|RainDance|[upkeep]\n|-damage|p2a: Zapdos|56\/100 tox|[from] psn\n|upkeep\n|turn|25\n|\n|t:|1699555233\n|move|p1a: Glimmora|Mortal Spin|p2a: Zapdos\n|-damage|p2a: Zapdos|50\/100 tox\n|-damage|p1a: Glimmora|53\/100|[from] item: Rocky Helmet|[of] p2a: Zapdos\n|move|p2a: Zapdos|Volt Switch|p1a: Glimmora\n|-damage|p1a: Glimmora|11\/100\n|\n|t:|1699555237\n|switch|p2a: Rillaboom|Rillaboom, M|78\/100|[from] Volt Switch\n|-fieldstart|move: Grassy Terrain|[from] ability: Grassy Surge|[of] p2a: Rillaboom\n|\n|-weather|RainDance|[upkeep]\n|-heal|p1a: Glimmora|18\/100|[from] Grassy Terrain\n|-heal|p2a: Rillaboom|84\/100|[from] Grassy Terrain\n|upkeep\n|turn|26\n|\n|t:|1699555246\n|move|p1a: Glimmora|Spiky Shield|p1a: Glimmora\n|-singleturn|p1a: Glimmora|move: Protect\n|move|p2a: Rillaboom|Grassy Glide|p1a: Glimmora\n|-activate|p1a: Glimmora|move: Protect\n|-damage|p2a: Rillaboom|72\/100|[from] Spiky Shield|[of] p1a: Glimmora\n|\n|-weather|RainDance|[upkeep]\n|-heal|p1a: Glimmora|24\/100|[from] Grassy Terrain\n|-heal|p2a: Rillaboom|78\/100|[from] Grassy Terrain\n|upkeep\n|turn|27\n|\n|t:|1699555256\n|switch|p1a: Ferrothorn|Ferrothorn, F|85\/100\n|move|p2a: Rillaboom|Grassy Glide|p1a: Ferrothorn\n|-resisted|p1a: Ferrothorn\n|-damage|p1a: Ferrothorn|80\/100\n|-damage|p2a: Rillaboom|66\/100|[from] ability: Iron Barbs|[of] p1a: Ferrothorn\n|\n|-weather|RainDance|[upkeep]\n|-heal|p2a: Rillaboom|72\/100|[from] Grassy Terrain\n|-heal|p1a: Ferrothorn|86\/100|[from] Grassy Terrain\n|upkeep\n|turn|28\n|\n|t:|1699555267\n|switch|p2a: Zapdos|Zapdos, shiny|50\/100 tox\n|move|p1a: Ferrothorn|Leech Seed|p2a: Zapdos\n|-start|p2a: Zapdos|move: Leech Seed\n|\n|-weather|RainDance|[upkeep]\n|-heal|p1a: Ferrothorn|92\/100|[from] Grassy Terrain\n|-damage|p2a: Zapdos|38\/100 tox|[from] Leech Seed|[of] p1a: Ferrothorn\n|-heal|p1a: Ferrothorn|100\/100|[silent]\n|-damage|p2a: Zapdos|32\/100 tox|[from] psn\n|upkeep\n|turn|29\n|\n|t:|1699555278\n|move|p2a: Zapdos|Roost|p2a: Zapdos\n|-heal|p2a: Zapdos|82\/100 tox\n|-singleturn|p2a: Zapdos|move: Roost\n|move|p1a: Ferrothorn|Knock Off|p2a: Zapdos\n|-damage|p2a: Zapdos|60\/100 tox\n|-damage|p1a: Ferrothorn|84\/100|[from] item: Rocky Helmet|[of] p2a: Zapdos\n|-enditem|p2a: Zapdos|Rocky Helmet|[from] move: Knock Off|[of] p1a: Ferrothorn\n|\n|-weather|none\n|-heal|p2a: Zapdos|66\/100 tox|[from] Grassy Terrain\n|-heal|p1a: Ferrothorn|90\/100|[from] Grassy Terrain\n|-damage|p2a: Zapdos|54\/100 tox|[from] Leech Seed|[of] p1a: Ferrothorn\n|-heal|p1a: Ferrothorn|100\/100|[silent]\n|-damage|p2a: Zapdos|42\/100 tox|[from] psn\n|-fieldend|move: Grassy Terrain\n|upkeep\n|turn|30\n|\n|t:|1699555295\n|switch|p2a: Pelipper|Pelipper, M|67\/100\n|-weather|RainDance|[from] ability: Drizzle|[of] p2a: Pelipper\n|switch|p1a: Staraptor|Staraptor, M|100\/100\n|-ability|p1a: Staraptor|Intimidate|boost\n|-unboost|p2a: Pelipper|atk|1\n|\n|-weather|RainDance|[upkeep]\n|upkeep\n|turn|31\n|\n|t:|1699555306\n|move|p1a: Staraptor|U-turn|p2a: Pelipper\n|-resisted|p2a: Pelipper\n|-damage|p2a: Pelipper|58\/100\n|\n|t:|1699555315\n|switch|p1a: Ferrothorn|Ferrothorn, F|100\/100|[from] U-turn\n|move|p2a: Pelipper|Weather Ball|p1a: Ferrothorn\n|-resisted|p1a: Ferrothorn\n|-damage|p1a: Ferrothorn|81\/100\n|\n|-weather|RainDance|[upkeep]\n|upkeep\n|turn|32\n|\n|t:|1699555323\n|switch|p2a: Sneasler|Sneasler, F, shiny, tera:Flying|88\/100 brn\n|move|p1a: Ferrothorn|Spikes|p2a: Sneasler\n|-sidestart|p2: Grosel|Spikes\n|\n|-weather|RainDance|[upkeep]\n|-damage|p2a: Sneasler|82\/100 brn|[from] brn\n|upkeep\n|turn|33\n|\n|t:|1699555330\n|switch|p1a: Corsola|Corsola-Galar, M|13\/100 slp\n|move|p2a: Sneasler|Acrobatics|p1a: Corsola\n|-damage|p1a: Corsola|0 fnt\n|faint|p1a: Corsola\n|\n|-weather|RainDance|[upkeep]\n|-damage|p2a: Sneasler|76\/100 brn|[from] brn\n|upkeep\n|c|\u2606Grosel|Finally\n|\n|t:|1699555338\n|switch|p1a: Staraptor|Staraptor, M|100\/100\n|-ability|p1a: Staraptor|Intimidate|boost\n|-unboost|p2a: Sneasler|atk|1\n|turn|34\n|\n|t:|1699555343\n|move|p2a: Sneasler|Dire Claw|p1a: Staraptor\n|-damage|p1a: Staraptor|77\/100\n|-status|p1a: Staraptor|psn\n|move|p1a: Staraptor|Acrobatics|p2a: Sneasler\n|-damage|p2a: Sneasler|0 fnt\n|faint|p2a: Sneasler\n|\n|-weather|RainDance|[upkeep]\n|-damage|p1a: Staraptor|65\/100 psn|[from] psn\n|upkeep\n|\n|t:|1699555354\n|switch|p2a: Corviknight|Corviknight, M|42\/100 brn\n|turn|35\n|\n|t:|1699555362\n|-terastallize|p1a: Staraptor|Fighting\n|move|p1a: Staraptor|Close Combat|p2a: Corviknight\n|-damage|p2a: Corviknight|6\/100 brn\n|-unboost|p1a: Staraptor|def|1\n|-unboost|p1a: Staraptor|spd|1\n|move|p2a: Corviknight|Roost|p2a: Corviknight\n|-heal|p2a: Corviknight|56\/100 brn\n|-singleturn|p2a: Corviknight|move: Roost\n|\n|-weather|RainDance|[upkeep]\n|-damage|p1a: Staraptor|53\/100 psn|[from] psn\n|-damage|p2a: Corviknight|50\/100 brn|[from] brn\n|upkeep\n|turn|36\n|c|\u2606Squige137|:(\n|\n|t:|1699555375\n|move|p1a: Staraptor|U-turn|p2a: Corviknight\n|-resisted|p2a: Corviknight\n|-damage|p2a: Corviknight|46\/100 brn\n|\n|t:|1699555378\n|switch|p1a: Ferrothorn|Ferrothorn, F|81\/100|[from] U-turn\n|move|p2a: Corviknight|Roost|p2a: Corviknight\n|-heal|p2a: Corviknight|96\/100 brn\n|-singleturn|p2a: Corviknight|move: Roost\n|\n|-weather|RainDance|[upkeep]\n|-damage|p2a: Corviknight|90\/100 brn|[from] brn\n|upkeep\n|turn|37\n|\n|t:|1699555387\n|move|p2a: Corviknight|Bulk Up|p2a: Corviknight\n|-boost|p2a: Corviknight|atk|1\n|-boost|p2a: Corviknight|def|1\n|move|p1a: Ferrothorn|Leech Seed|p2a: Corviknight\n|-start|p2a: Corviknight|move: Leech Seed\n|\n|-weather|none\n|-damage|p2a: Corviknight|78\/100 brn|[from] Leech Seed|[of] p1a: Ferrothorn\n|-heal|p1a: Ferrothorn|95\/100|[silent]\n|-damage|p2a: Corviknight|72\/100 brn|[from] brn\n|upkeep\n|turn|38\n|\n|t:|1699555397\n|switch|p1a: Glimmora|Glimmora, F|24\/100\n|move|p2a: Corviknight|Bulk Up|p2a: Corviknight\n|-boost|p2a: Corviknight|atk|1\n|-boost|p2a: Corviknight|def|1\n|\n|-damage|p2a: Corviknight|60\/100 brn|[from] Leech Seed|[of] p1a: Glimmora\n|-heal|p1a: Glimmora|37\/100|[silent]\n|-damage|p2a: Corviknight|54\/100 brn|[from] brn\n|upkeep\n|turn|39\n|\n|t:|1699555409\n|move|p1a: Glimmora|Spiky Shield|p1a: Glimmora\n|-singleturn|p1a: Glimmora|move: Protect\n|move|p2a: Corviknight|Body Press|p1a: Glimmora\n|-activate|p1a: Glimmora|move: Protect\n|-damage|p2a: Corviknight|42\/100 brn|[from] Spiky Shield|[of] p1a: Glimmora\n|\n|-damage|p2a: Corviknight|29\/100 brn|[from] Leech Seed|[of] p1a: Glimmora\n|-heal|p1a: Glimmora|50\/100|[silent]\n|-damage|p2a: Corviknight|23\/100 brn|[from] brn\n|upkeep\n|turn|40\n|\n|t:|1699555419\n|move|p1a: Glimmora|Spikes|p2a: Corviknight\n|-sidestart|p2: Grosel|Spikes\n|move|p2a: Corviknight|Roost|p2a: Corviknight\n|-heal|p2a: Corviknight|73\/100 brn\n|-singleturn|p2a: Corviknight|move: Roost\n|\n|-damage|p2a: Corviknight|61\/100 brn|[from] Leech Seed|[of] p1a: Glimmora\n|-heal|p1a: Glimmora|63\/100|[silent]\n|-damage|p2a: Corviknight|55\/100 brn|[from] brn\n|upkeep\n|turn|41\n|\n|t:|1699555428\n|move|p1a: Glimmora|Spikes|p2a: Corviknight\n|-sidestart|p2: Grosel|Spikes\n|move|p2a: Corviknight|Body Press|p1a: Glimmora\n|-damage|p1a: Glimmora|38\/100\n|\n|-damage|p2a: Corviknight|43\/100 brn|[from] Leech Seed|[of] p1a: Glimmora\n|-heal|p1a: Glimmora|52\/100|[silent]\n|-damage|p2a: Corviknight|37\/100 brn|[from] brn\n|upkeep\n|turn|42\n|\n|t:|1699555439\n|switch|p1a: Munkidori|Munkidori, M|47\/100\n|move|p2a: Corviknight|Roost|p2a: Corviknight\n|-heal|p2a: Corviknight|87\/100 brn\n|-singleturn|p2a: Corviknight|move: Roost\n|\n|-damage|p2a: Corviknight|75\/100 brn|[from] Leech Seed|[of] p1a: Munkidori\n|-heal|p1a: Munkidori|62\/100|[silent]\n|-damage|p2a: Corviknight|69\/100 brn|[from] brn\n|upkeep\n|turn|43\n|\n|t:|1699555449\n|move|p1a: Munkidori|Fake Out|p2a: Corviknight\n|-resisted|p2a: Corviknight\n|-damage|p2a: Corviknight|67\/100 brn\n|cant|p2a: Corviknight|flinch\n|\n|-damage|p2a: Corviknight|55\/100 brn|[from] Leech Seed|[of] p1a: Munkidori\n|-heal|p1a: Munkidori|77\/100|[silent]\n|-damage|p2a: Corviknight|49\/100 brn|[from] brn\n|upkeep\n|turn|44\n|\n|t:|1699555457\n|move|p1a: Munkidori|Focus Blast|p2a: Corviknight\n|-damage|p2a: Corviknight|9\/100 brn\n|move|p2a: Corviknight|Brave Bird|p1a: Munkidori\n|-damage|p1a: Munkidori|15\/100\n|-damage|p2a: Corviknight|0 fnt|[from] Recoil\n|faint|p2a: Corviknight\n|\n|upkeep\n|\n|t:|1699555462\n|switch|p2a: Pelipper|Pelipper, M|58\/100\n|-weather|RainDance|[from] ability: Drizzle|[of] p2a: Pelipper\n|turn|45\n|\n|t:|1699555469\n|move|p1a: Munkidori|Future Sight|p2a: Pelipper\n|-start|p1a: Munkidori|move: Future Sight\n|move|p2a: Pelipper|Weather Ball|p1a: Munkidori\n|-damage|p1a: Munkidori|0 fnt\n|faint|p1a: Munkidori\n|\n|-weather|RainDance|[upkeep]\n|upkeep\n|inactive|Squige137 has 120 seconds left.\n|\n|t:|1699555516\n|switch|p1a: Staraptor|Staraptor, M, tera:Fighting|53\/100 psn\n|-ability|p1a: Staraptor|Intimidate|boost\n|-unboost|p2a: Pelipper|atk|1\n|turn|46\n|\n|t:|1699555528\n|move|p1a: Staraptor|U-turn|p2a: Pelipper\n|-resisted|p2a: Pelipper\n|-damage|p2a: Pelipper|50\/100\n|\n|t:|1699555532\n|switch|p1a: Ferrothorn|Ferrothorn, F|95\/100|[from] U-turn\n|move|p2a: Pelipper|Defog|p1a: Ferrothorn\n|-unboost|p1a: Ferrothorn|evasion|1\n|-sideend|p2: Grosel|Spikes|[from] move: Defog|[of] p2a: Pelipper\n|\n|-weather|RainDance|[upkeep]\n|upkeep\n|turn|47\n|c|\u2606Squige137|>:(\n|\n|t:|1699555544\n|move|p2a: Pelipper|U-turn|p1a: Ferrothorn\n|-damage|p1a: Ferrothorn|91\/100\n|-damage|p2a: Pelipper|37\/100|[from] ability: Iron Barbs|[of] p1a: Ferrothorn\n|\n|t:|1699555547\n|switch|p2a: Swampert|Swampert-Mega, F|72\/100|[from] U-turn\n|move|p1a: Ferrothorn|Toxic|p2a: Swampert\n|-status|p2a: Swampert|tox\n|\n|-weather|RainDance|[upkeep]\n|-end|p2a: Swampert|move: Future Sight\n|-damage|p2a: Swampert|19\/100 tox\n|-damage|p2a: Swampert|13\/100 tox|[from] psn\n|upkeep\n|turn|48\n|inactive|Squige137 has 120 seconds left.\n|\n|t:|1699555560\n|switch|p1a: Staraptor|Staraptor, M, tera:Fighting|53\/100 psn\n|-ability|p1a: Staraptor|Intimidate|boost\n|-unboost|p2a: Swampert|atk|1\n|move|p2a: Swampert|Earthquake|p1a: Staraptor\n|-damage|p1a: Staraptor|0 fnt\n|faint|p1a: Staraptor\n|\n|-weather|RainDance|[upkeep]\n|-damage|p2a: Swampert|1\/100 tox|[from] psn\n|upkeep\n|c|\u2606Squige137|oh shit xD\n|c|\u2606Squige137|I forgot about the tera\n|c|\u2606Grosel|Thank god for tera lol!\n|c|\u2606Squige137|hahaha\n|c|\u2606Grosel|Haha\n|\n|t:|1699555584\n|switch|p1a: Glimmora|Glimmora, F|52\/100\n|turn|49\n|\n|t:|1699555591\n|move|p1a: Glimmora|Spiky Shield|p1a: Glimmora\n|-singleturn|p1a: Glimmora|move: Protect\n|move|p2a: Swampert|Flip Turn|p1a: Glimmora\n|-activate|p1a: Glimmora|move: Protect\n|-damage|p2a: Swampert|0 fnt|[from] Spiky Shield|[of] p1a: Glimmora\n|faint|p2a: Swampert\n|\n|-weather|RainDance|[upkeep]\n|upkeep\n|\n|t:|1699555600\n|switch|p2a: Rillaboom|Rillaboom, M|72\/100\n|-fieldstart|move: Grassy Terrain|[from] ability: Grassy Surge|[of] p2a: Rillaboom\n|turn|50\n|inactive|Squige137 has 120 seconds left.\n|\n|t:|1699555607\n|move|p1a: Glimmora|Spiky Shield||[still]\n|-fail|p1a: Glimmora\n|move|p2a: Rillaboom|Fake Out|p1a: Glimmora\n|-resisted|p1a: Glimmora\n|-damage|p1a: Glimmora|44\/100\n|\n|-weather|RainDance|[upkeep]\n|-heal|p1a: Glimmora|50\/100|[from] Grassy Terrain\n|-heal|p2a: Rillaboom|78\/100|[from] Grassy Terrain\n|upkeep\n|turn|51\n|\n|t:|1699555615\n|move|p1a: Glimmora|Spiky Shield|p1a: Glimmora\n|-singleturn|p1a: Glimmora|move: Protect\n|move|p2a: Rillaboom|U-turn|p1a: Glimmora\n|-activate|p1a: Glimmora|move: Protect\n|-damage|p2a: Rillaboom|66\/100|[from] Spiky Shield|[of] p1a: Glimmora\n|\n|-weather|RainDance|[upkeep]\n|-heal|p1a: Glimmora|56\/100|[from] Grassy Terrain\n|-heal|p2a: Rillaboom|72\/100|[from] Grassy Terrain\n|upkeep\n|turn|52\n|\n|t:|1699555624\n|move|p1a: Glimmora|Mortal Spin|p2a: Rillaboom\n|-supereffective|p2a: Rillaboom\n|-damage|p2a: Rillaboom|58\/100\n|-status|p2a: Rillaboom|psn\n|move|p2a: Rillaboom|U-turn|p1a: Glimmora\n|-resisted|p1a: Glimmora\n|-damage|p1a: Glimmora|45\/100\n|\n|t:|1699555628\n|switch|p2a: Zapdos|Zapdos, shiny|42\/100 tox|[from] U-turn\n|\n|-weather|none\n|-heal|p1a: Glimmora|51\/100|[from] Grassy Terrain\n|-damage|p2a: Zapdos|36\/100 tox|[from] psn\n|upkeep\n|turn|53\n|\n|t:|1699555638\n|switch|p2a: Pelipper|Pelipper, M|37\/100\n|-weather|RainDance|[from] ability: Drizzle|[of] p2a: Pelipper\n|move|p1a: Glimmora|Spikes|p2a: Pelipper\n|-sidestart|p2: Grosel|Spikes\n|\n|-weather|RainDance|[upkeep]\n|-heal|p1a: Glimmora|57\/100|[from] Grassy Terrain\n|upkeep\n|turn|54\n|\n|t:|1699555646\n|move|p1a: Glimmora|Mortal Spin|p2a: Pelipper\n|-damage|p2a: Pelipper|31\/100\n|-status|p2a: Pelipper|psn\n|move|p2a: Pelipper|Weather Ball|p1a: Glimmora\n|-supereffective|p1a: Glimmora\n|-damage|p1a: Glimmora|0 fnt\n|faint|p1a: Glimmora\n|\n|-weather|RainDance|[upkeep]\n|-damage|p2a: Pelipper|19\/100 psn|[from] psn\n|-fieldend|move: Grassy Terrain\n|upkeep\n|\n|t:|1699555656\n|switch|p1a: Ferrothorn|Ferrothorn, F|91\/100\n|turn|55\n|c|\u2606Grosel|Now I just have to get rid off this wall\n|\n|t:|1699555666\n|move|p2a: Pelipper|Defog|p1a: Ferrothorn\n|-unboost|p1a: Ferrothorn|evasion|1\n|-sideend|p2: Grosel|Spikes|[from] move: Defog|[of] p2a: Pelipper\n|move|p1a: Ferrothorn|Leech Seed|p2a: Pelipper\n|-start|p2a: Pelipper|move: Leech Seed\n|\n|-weather|RainDance|[upkeep]\n|-damage|p2a: Pelipper|7\/100 psn|[from] Leech Seed|[of] p1a: Ferrothorn\n|-heal|p1a: Ferrothorn|100\/100|[silent]\n|-damage|p2a: Pelipper|0 fnt|[from] psn\n|faint|p2a: Pelipper\n|upkeep\n|\n|t:|1699555668\n|switch|p2a: Zapdos|Zapdos, shiny|36\/100 tox\n|turn|56\n|\n|t:|1699555679\n|move|p2a: Zapdos|Roost|p2a: Zapdos\n|-heal|p2a: Zapdos|86\/100 tox\n|-singleturn|p2a: Zapdos|move: Roost\n|move|p1a: Ferrothorn|Leech Seed|p2a: Zapdos\n|-start|p2a: Zapdos|move: Leech Seed\n|\n|-weather|RainDance|[upkeep]\n|-damage|p2a: Zapdos|74\/100 tox|[from] Leech Seed|[of] p1a: Ferrothorn\n|-damage|p2a: Zapdos|68\/100 tox|[from] psn\n|upkeep\n|turn|57\n|c|\u2606Grosel|With 0.75 evasion I definitely can't miss even without rain I think\n|\n|t:|1699555694\n|move|p2a: Zapdos|Hurricane|p1a: Ferrothorn\n|-damage|p1a: Ferrothorn|46\/100\n|move|p1a: Ferrothorn|Spikes|p2a: Zapdos\n|-sidestart|p2: Grosel|Spikes\n|\n|-weather|RainDance|[upkeep]\n|-damage|p2a: Zapdos|55\/100 tox|[from] Leech Seed|[of] p1a: Ferrothorn\n|-heal|p1a: Ferrothorn|60\/100|[silent]\n|-damage|p2a: Zapdos|43\/100 tox|[from] psn\n|upkeep\n|turn|58\n|c|\u2606Squige137|awww, gg to you i think\n|\n|t:|1699555708\n|move|p2a: Zapdos|Hurricane|p1a: Ferrothorn\n|-damage|p1a: Ferrothorn|10\/100\n|-start|p1a: Ferrothorn|confusion\n|-activate|p1a: Ferrothorn|confusion\n|-damage|p1a: Ferrothorn|5\/100|[from] confusion\n|\n|-weather|RainDance|[upkeep]\n|-damage|p2a: Zapdos|31\/100 tox|[from] Leech Seed|[of] p1a: Ferrothorn\n|-heal|p1a: Ferrothorn|18\/100|[silent]\n|-damage|p2a: Zapdos|13\/100 tox|[from] psn\n|upkeep\n|turn|59\n|c|\u2606Squige137|xD\n|\n|t:|1699555718\n|move|p2a: Zapdos|Hurricane|p1a: Ferrothorn\n|-damage|p1a: Ferrothorn|0 fnt\n|faint|p1a: Ferrothorn\n|\n|win|Grosel\n|raw|Squige137's rating: 1347 &rarr; <strong>1325<\/strong><br \/>(-22 for losing)\n|raw|Grosel's rating: 1316 &rarr; <strong>1338<\/strong><br \/>(+22 for winning)\n|c|\u2606Squige137|wp, was fun\n|c|\u2606Grosel|GG\n|c|\u2606Grosel|It was fun\n|c|\u2606Squige137|good luck out there\n|l|\u2606Squige137\n","uploadtime":1699555743,"views":4,"p1id":"squige137","p2id":"grosel","formatid":"gen9nationaldex","rating":1325,"private":0,"password":""}