{"id":"gen9nationaldex-1988450626","p1":"Grantypoo","p2":"IamTogedemaru","format":"[Gen 9] National Dex","log":"|j|\u2606Grantypoo\n|j|\u2606IamTogedemaru\n|t:|1699724282\n|gametype|singles\n|player|p1|Grantypoo|shauntal|1048\n|player|p2|IamTogedemaru|kieran-festival|1113\n|teamsize|p1|6\n|teamsize|p2|6\n|gen|9\n|tier|[Gen 9] National Dex\n|rated|\n|rule|HP Percentage Mod: HP is shown in percentages\n|rule|Endless Battle Clause: Forcing endless battles is banned\n|rule|OHKO Clause: OHKO moves are banned\n|rule|Evasion Clause: Evasion abilities, items, and moves are banned\n|rule|Evasion Abilities Clause: Evasion abilities are banned\n|rule|Evasion Items Clause: Evasion items are banned\n|rule|Evasion Moves Clause: Evasion moves are banned\n|rule|Species Clause: Limit one of each Pok\u00e9mon\n|rule|Sleep Clause Mod: Limit one foe put to sleep\n|clearpoke\n|poke|p1|Ferrothorn, F|\n|poke|p1|Toxapex, M|\n|poke|p1|Chansey, F|\n|poke|p1|Scizor, F|\n|poke|p1|Cofagrigus, M|\n|poke|p1|Clodsire, M|\n|poke|p2|Froslass, F|\n|poke|p2|Drapion, M|\n|poke|p2|Electivire, M|\n|poke|p2|Ninjask, M|\n|poke|p2|Gastrodon-East, F|\n|poke|p2|Aggron, F|\n|teampreview\n|c|\u2606Grantypoo|Greetings\n|\n|t:|1699724296\n|start\n|switch|p1a: Offensive wall|Scizor, F, shiny|100\/100\n|switch|p2a: Gastrodon|Gastrodon-East, F|100\/100\n|turn|1\n|inactive|Battle timer is ON: inactive players will automatically lose when time's up. (requested by IamTogedemaru)\n|\n|t:|1699724302\n|switch|p1a: Thorn wall|Ferrothorn, F, shiny|100\/100\n|move|p2a: Gastrodon|Stealth Rock|p1a: Thorn wall\n|-sidestart|p1: Grantypoo|move: Stealth Rock\n|\n|upkeep\n|turn|2\n|\n|t:|1699724311\n|switch|p2a: Froslass|Froslass, F|100\/100\n|move|p1a: Thorn wall|Leech Seed|p2a: Froslass\n|-start|p2a: Froslass|move: Leech Seed\n|\n|-damage|p2a: Froslass|88\/100|[from] Leech Seed|[of] p1a: Thorn wall\n|upkeep\n|turn|3\n|\n|t:|1699724317\n|move|p2a: Froslass|Spikes|p1a: Thorn wall\n|-sidestart|p1: Grantypoo|Spikes\n|move|p1a: Thorn wall|Spikes|p2a: Froslass\n|-sidestart|p2: IamTogedemaru|Spikes\n|\n|-damage|p2a: Froslass|76\/100|[from] Leech Seed|[of] p1a: Thorn wall\n|upkeep\n|turn|4\n|\n|t:|1699724322\n|move|p2a: Froslass|Shadow Ball|p1a: Thorn wall\n|-damage|p1a: Thorn wall|79\/100\n|move|p1a: Thorn wall|Spikes|p2a: Froslass\n|-sidestart|p2: IamTogedemaru|Spikes\n|\n|-damage|p2a: Froslass|63\/100|[from] Leech Seed|[of] p1a: Thorn wall\n|-heal|p1a: Thorn wall|92\/100|[silent]\n|upkeep\n|turn|5\n|\n|t:|1699724329\n|move|p2a: Froslass|Shadow Ball|p1a: Thorn wall\n|-damage|p1a: Thorn wall|68\/100\n|-unboost|p1a: Thorn wall|spd|1\n|move|p1a: Thorn wall|Spikes|p2a: Froslass\n|-sidestart|p2: IamTogedemaru|Spikes\n|\n|-damage|p2a: Froslass|51\/100|[from] Leech Seed|[of] p1a: Thorn wall\n|-heal|p1a: Thorn wall|80\/100|[silent]\n|upkeep\n|turn|6\n|\n|t:|1699724337\n|move|p1a: Thorn wall|Protect|p1a: Thorn wall\n|-singleturn|p1a: Thorn wall|Protect\n|move|p2a: Froslass|Destiny Bond|p2a: Froslass\n|-singlemove|p2a: Froslass|Destiny Bond\n|\n|-damage|p2a: Froslass|38\/100|[from] Leech Seed|[of] p1a: Thorn wall\n|-heal|p1a: Thorn wall|93\/100|[silent]\n|upkeep\n|turn|7\n|\n|t:|1699724344\n|move|p2a: Froslass|Shadow Ball|p1a: Thorn wall\n|-damage|p1a: Thorn wall|60\/100\n|-unboost|p1a: Thorn wall|spd|1\n|move|p1a: Thorn wall|Seed Bomb|p2a: Froslass\n|-damage|p2a: Froslass|0 fnt\n|faint|p2a: Froslass\n|\n|upkeep\n|\n|t:|1699724353\n|switch|p2a: Electivire|Electivire, M|100\/100\n|-damage|p2a: Electivire|76\/100|[from] Spikes\n|turn|8\n|\n|t:|1699724359\n|move|p2a: Electivire|Power-Up Punch|p1a: Thorn wall\n|-supereffective|p1a: Thorn wall\n|-damage|p1a: Thorn wall|34\/100\n|-boost|p2a: Electivire|atk|1\n|-damage|p2a: Electivire|63\/100|[from] ability: Iron Barbs|[of] p1a: Thorn wall\n|-damage|p2a: Electivire|47\/100|[from] item: Rocky Helmet|[of] p1a: Thorn wall\n|move|p1a: Thorn wall|Leech Seed|p2a: Electivire\n|-start|p2a: Electivire|move: Leech Seed\n|\n|-damage|p2a: Electivire|35\/100|[from] Leech Seed|[of] p1a: Thorn wall\n|-heal|p1a: Thorn wall|46\/100|[silent]\n|upkeep\n|turn|9\n|\n|t:|1699724370\n|move|p1a: Thorn wall|Protect|p1a: Thorn wall\n|-singleturn|p1a: Thorn wall|Protect\n|move|p2a: Electivire|Bulldoze|p1a: Thorn wall\n|-activate|p1a: Thorn wall|move: Protect\n|\n|-damage|p2a: Electivire|22\/100|[from] Leech Seed|[of] p1a: Thorn wall\n|-heal|p1a: Thorn wall|59\/100|[silent]\n|upkeep\n|turn|10\n|\n|t:|1699724376\n|move|p2a: Electivire|Bulldoze|p1a: Thorn wall\n|-damage|p1a: Thorn wall|33\/100\n|-unboost|p1a: Thorn wall|spe|1\n|move|p1a: Thorn wall|Seed Bomb|p2a: Electivire\n|-damage|p2a: Electivire|0 fnt\n|faint|p2a: Electivire\n|\n|upkeep\n|\n|t:|1699724380\n|switch|p2a: Drapion|Drapion, M|100\/100\n|-item|p2a: Drapion|Air Balloon\n|turn|11\n|\n|t:|1699724388\n|move|p2a: Drapion|Agility|p2a: Drapion\n|-boost|p2a: Drapion|spe|2\n|move|p1a: Thorn wall|Leech Seed|p2a: Drapion\n|-start|p2a: Drapion|move: Leech Seed\n|\n|-damage|p2a: Drapion|88\/100|[from] Leech Seed|[of] p1a: Thorn wall\n|-heal|p1a: Thorn wall|45\/100|[silent]\n|upkeep\n|turn|12\n|\n|t:|1699724395\n|move|p1a: Thorn wall|Protect|p1a: Thorn wall\n|-singleturn|p1a: Thorn wall|Protect\n|move|p2a: Drapion|Night Slash|p1a: Thorn wall\n|-activate|p1a: Thorn wall|move: Protect\n|\n|-damage|p2a: Drapion|76\/100|[from] Leech Seed|[of] p1a: Thorn wall\n|-heal|p1a: Thorn wall|57\/100|[silent]\n|upkeep\n|turn|13\n|\n|t:|1699724403\n|move|p2a: Drapion|Night Slash|p1a: Thorn wall\n|-damage|p1a: Thorn wall|33\/100\n|-damage|p2a: Drapion|63\/100|[from] ability: Iron Barbs|[of] p1a: Thorn wall\n|-damage|p2a: Drapion|47\/100|[from] item: Rocky Helmet|[of] p1a: Thorn wall\n|move|p1a: Thorn wall|Seed Bomb|p2a: Drapion\n|-resisted|p2a: Drapion\n|-damage|p2a: Drapion|33\/100\n|-enditem|p2a: Drapion|Air Balloon\n|\n|-damage|p2a: Drapion|20\/100|[from] Leech Seed|[of] p1a: Thorn wall\n|-heal|p1a: Thorn wall|45\/100|[silent]\n|upkeep\n|turn|14\n|\n|t:|1699724414\n|move|p1a: Thorn wall|Protect|p1a: Thorn wall\n|-singleturn|p1a: Thorn wall|Protect\n|move|p2a: Drapion|Fell Stinger|p1a: Thorn wall\n|-activate|p1a: Thorn wall|move: Protect\n|\n|-damage|p2a: Drapion|8\/100|[from] Leech Seed|[of] p1a: Thorn wall\n|-heal|p1a: Thorn wall|57\/100|[silent]\n|upkeep\n|turn|15\n|\n|t:|1699724421\n|move|p2a: Drapion|Fell Stinger|p1a: Thorn wall\n|-damage|p1a: Thorn wall|45\/100\n|-damage|p2a: Drapion|0 fnt|[from] ability: Iron Barbs|[of] p1a: Thorn wall\n|faint|p2a: Drapion\n|move|p1a: Thorn wall|Seed Bomb|p2: Drapion|[notarget]\n|-fail|p1a: Thorn wall\n|\n|upkeep\n|-message|IamTogedemaru forfeited.\n|\n|win|Grantypoo\n|raw|Grantypoo's rating: 1048 &rarr; <strong>1087<\/strong><br \/>(+39 for winning)\n|raw|IamTogedemaru's rating: 1113 &rarr; <strong>1083<\/strong><br \/>(-30 for losing)\n|l|\u2606IamTogedemaru\n","uploadtime":1699724443,"views":5,"p1id":"grantypoo","p2id":"iamtogedemaru","formatid":"gen9nationaldex","rating":1083,"private":0,"password":""}