{"id":"gen9nationaldex-1993410366","p1":"ShinyScarfy","p2":"maybe cat","format":"[Gen 9] National Dex","log":"|j|\u2606ShinyScarfy\n|j|\u2606maybe cat\n|t:|1700314129\n|gametype|singles\n|player|p1|ShinyScarfy|alec-anime|1317\n|player|p2|maybe cat|winona|1344\n|teamsize|p1|6\n|teamsize|p2|6\n|gen|9\n|tier|[Gen 9] National Dex\n|rated|\n|rule|HP Percentage Mod: HP is shown in percentages\n|rule|Endless Battle Clause: Forcing endless battles is banned\n|rule|OHKO Clause: OHKO moves are banned\n|rule|Evasion Clause: Evasion abilities, items, and moves are banned\n|rule|Evasion Abilities Clause: Evasion abilities are banned\n|rule|Evasion Items Clause: Evasion items are banned\n|rule|Evasion Moves Clause: Evasion moves are banned\n|rule|Species Clause: Limit one of each Pok\u00e9mon\n|rule|Sleep Clause Mod: Limit one foe put to sleep\n|clearpoke\n|poke|p1|Zoroark-Hisui, M|\n|poke|p1|Togekiss, F|\n|poke|p1|Samurott-Hisui, M|\n|poke|p1|Gliscor, M|\n|poke|p1|Lopunny, F|\n|poke|p1|Goodra-Hisui, F|\n|poke|p2|Ogerpon-Wellspring, F|\n|poke|p2|Pelipper, F|\n|poke|p2|Corviknight, F|\n|poke|p2|Garganacl, M|\n|poke|p2|Rillaboom, F|\n|poke|p2|Barraskewda, M|\n|teampreview\n|inactive|Battle timer is ON: inactive players will automatically lose when time's up. (requested by ShinyScarfy)\n|\n|t:|1700314150\n|start\n|switch|p1a: Togekiss|Togekiss, F|100\/100\n|switch|p2a: Garganacl|Garganacl, M|100\/100\n|turn|1\n|\n|t:|1700314162\n|switch|p1a: Goodra|Goodra-Hisui, F|100\/100\n|move|p2a: Garganacl|Salt Cure|p1a: Goodra\n|-resisted|p1a: Goodra\n|-damage|p1a: Goodra|95\/100\n|-start|p1a: Goodra|Salt Cure\n|\n|-damage|p1a: Goodra|70\/100|[from] Salt Cure\n|upkeep\n|turn|2\n|\n|t:|1700314174\n|switch|p1a: Samurott|Samurott-Hisui, M|100\/100\n|switch|p2a: Corviknight|Corviknight, F|100\/100\n|-ability|p2a: Corviknight|Pressure\n|\n|upkeep\n|turn|3\n|\n|t:|1700314184\n|move|p1a: Samurott|Ceaseless Edge|p2a: Corviknight\n|-damage|p2a: Corviknight|70\/100\n|-damage|p1a: Samurott|84\/100|[from] item: Rocky Helmet|[of] p2a: Corviknight\n|-sidestart|p2: maybe cat|Spikes\n|move|p2a: Corviknight|Defog|p1a: Samurott\n|-unboost|p1a: Samurott|evasion|1\n|-sideend|p2: maybe cat|Spikes|[from] move: Defog|[of] p2a: Corviknight\n|\n|upkeep\n|turn|4\n|\n|t:|1700314195\n|switch|p1a: Gliscor|Gliscor, M|100\/100\n|move|p2a: Corviknight|Roost|p2a: Corviknight\n|-heal|p2a: Corviknight|100\/100\n|-singleturn|p2a: Corviknight|move: Roost\n|\n|-status|p1a: Gliscor|tox|[from] item: Toxic Orb\n|upkeep\n|turn|5\n|\n|t:|1700314205\n|move|p1a: Gliscor|Swords Dance|p1a: Gliscor\n|-boost|p1a: Gliscor|atk|2\n|move|p2a: Corviknight|U-turn|p1a: Gliscor\n|-resisted|p1a: Gliscor\n|-damage|p1a: Gliscor|93\/100 tox\n|\n|t:|1700314213\n|switch|p2a: Pelipper|Pelipper, F|100\/100|[from] U-turn\n|-weather|RainDance|[from] ability: Drizzle|[of] p2a: Pelipper\n|\n|-weather|RainDance|[upkeep]\n|-heal|p1a: Gliscor|100\/100 tox|[from] ability: Poison Heal\n|upkeep\n|turn|6\n|\n|t:|1700314222\n|move|p1a: Gliscor|Rock Slide|p2a: Pelipper\n|-supereffective|p2a: Pelipper\n|-damage|p2a: Pelipper|34\/100\n|cant|p2a: Pelipper|flinch\n|\n|-weather|RainDance|[upkeep]\n|upkeep\n|turn|7\n|\n|t:|1700314232\n|switch|p2a: Barraskewda|Barraskewda, M|100\/100\n|move|p1a: Gliscor|Dual Wingbeat|p2a: Barraskewda\n|-damage|p2a: Barraskewda|33\/100\n|-damage|p2a: Barraskewda|0 fnt\n|faint|p2a: Barraskewda\n|-hitcount|p2: Barraskewda|2\n|\n|-weather|RainDance|[upkeep]\n|upkeep\n|\n|t:|1700314243\n|switch|p2a: Ogerpon|Ogerpon-Wellspring, F|100\/100\n|turn|8\n|\n|t:|1700314251\n|-terastallize|p1a: Gliscor|Steel\n|move|p2a: Ogerpon|Ivy Cudgel|p1a: Gliscor|[anim] Ivy Cudgel Water\n|-damage|p1a: Gliscor|8\/100 tox\n|move|p1a: Gliscor|Dual Wingbeat|p2a: Ogerpon|[miss]\n|-miss|p1a: Gliscor|p2a: Ogerpon\n|\n|-weather|RainDance|[upkeep]\n|-heal|p1a: Gliscor|21\/100 tox|[from] ability: Poison Heal\n|upkeep\n|turn|9\n|\n|t:|1700314262\n|move|p2a: Ogerpon|Ivy Cudgel|p1a: Gliscor|[anim] Ivy Cudgel Water\n|-damage|p1a: Gliscor|0 fnt\n|faint|p1a: Gliscor\n|\n|-weather|RainDance|[upkeep]\n|upkeep\n|\n|t:|1700314275\n|switch|p1a: Lopunny|Lopunny, F|100\/100\n|turn|10\n|\n|t:|1700314284\n|switch|p2a: Corviknight|Corviknight, F|100\/100\n|-ability|p2a: Corviknight|Pressure\n|detailschange|p1a: Lopunny|Lopunny-Mega, F\n|-mega|p1a: Lopunny|Lopunny|Lopunnite\n|move|p1a: Lopunny|Fake Out|p2a: Corviknight\n|-resisted|p2a: Corviknight\n|-damage|p2a: Corviknight|93\/100\n|-damage|p1a: Lopunny|84\/100|[from] item: Rocky Helmet|[of] p2a: Corviknight\n|\n|-weather|RainDance|[upkeep]\n|upkeep\n|turn|11\n|\n|t:|1700314297\n|switch|p1a: Togekiss|Togekiss, F|100\/100\n|move|p2a: Corviknight|U-turn|p1a: Togekiss\n|-resisted|p1a: Togekiss\n|-damage|p1a: Togekiss|97\/100\n|\n|t:|1700314303\n|switch|p2a: Garganacl|Garganacl, M|100\/100|[from] U-turn\n|\n|-weather|RainDance|[upkeep]\n|upkeep\n|turn|12\n|\n|t:|1700314311\n|move|p1a: Togekiss|Ancient Power|p2a: Garganacl\n|-damage|p2a: Garganacl|85\/100\n|move|p2a: Garganacl|Salt Cure|p1a: Togekiss\n|-supereffective|p1a: Togekiss\n|-damage|p1a: Togekiss|72\/100\n|-start|p1a: Togekiss|Salt Cure\n|\n|-weather|none\n|-heal|p2a: Garganacl|91\/100|[from] item: Leftovers\n|-damage|p1a: Togekiss|59\/100|[from] Salt Cure\n|upkeep\n|turn|13\n|\n|t:|1700314323\n|move|p1a: Togekiss|Ancient Power|p2a: Garganacl\n|-damage|p2a: Garganacl|76\/100\n|move|p2a: Garganacl|Iron Defense|p2a: Garganacl\n|-boost|p2a: Garganacl|def|2\n|\n|-heal|p2a: Garganacl|83\/100|[from] item: Leftovers\n|-damage|p1a: Togekiss|47\/100|[from] Salt Cure\n|upkeep\n|turn|14\n|\n|t:|1700314333\n|move|p1a: Togekiss|Draining Kiss|p2a: Garganacl\n|-damage|p2a: Garganacl|64\/100\n|-heal|p1a: Togekiss|65\/100|[from] drain|[of] p2a: Garganacl\n|move|p2a: Garganacl|Salt Cure|p1a: Togekiss\n|-supereffective|p1a: Togekiss\n|-damage|p1a: Togekiss|40\/100\n|\n|-heal|p2a: Garganacl|70\/100|[from] item: Leftovers\n|-damage|p1a: Togekiss|28\/100|[from] Salt Cure\n|upkeep\n|turn|15\n|\n|t:|1700314344\n|move|p1a: Togekiss|Tri Attack|p2a: Garganacl\n|-resisted|p2a: Garganacl\n|-damage|p2a: Garganacl|60\/100\n|move|p2a: Garganacl|Salt Cure|p1a: Togekiss\n|-supereffective|p1a: Togekiss\n|-damage|p1a: Togekiss|0 fnt\n|faint|p1a: Togekiss\n|\n|-heal|p2a: Garganacl|66\/100|[from] item: Leftovers\n|upkeep\n|\n|t:|1700314356\n|switch|p1a: Goodra|Goodra-Hisui, F|70\/100\n|turn|16\n|\n|t:|1700314361\n|move|p1a: Goodra|Flash Cannon|p2a: Garganacl\n|-supereffective|p2a: Garganacl\n|-damage|p2a: Garganacl|17\/100\n|move|p2a: Garganacl|Recover|p2a: Garganacl\n|-heal|p2a: Garganacl|67\/100\n|\n|-heal|p2a: Garganacl|73\/100|[from] item: Leftovers\n|upkeep\n|turn|17\n|\n|t:|1700314371\n|switch|p2a: Corviknight|Corviknight, F|93\/100\n|-ability|p2a: Corviknight|Pressure\n|move|p1a: Goodra|Flash Cannon|p2a: Corviknight\n|-resisted|p2a: Corviknight\n|-damage|p2a: Corviknight|76\/100\n|\n|upkeep\n|turn|18\n|\n|t:|1700314380\n|move|p2a: Corviknight|U-turn|p1a: Goodra\n|-resisted|p1a: Goodra\n|-damage|p1a: Goodra|64\/100\n|\n|t:|1700314386\n|switch|p2a: Pelipper|Pelipper, F|34\/100|[from] U-turn\n|-weather|RainDance|[from] ability: Drizzle|[of] p2a: Pelipper\n|move|p1a: Goodra|Surf|p2a: Pelipper\n|-resisted|p2a: Pelipper\n|-damage|p2a: Pelipper|5\/100\n|\n|-weather|RainDance|[upkeep]\n|upkeep\n|turn|19\n|\n|t:|1700314398\n|move|p2a: Pelipper|U-turn|p1a: Goodra\n|-resisted|p1a: Goodra\n|-crit|p1a: Goodra\n|-damage|p1a: Goodra|58\/100\n|\n|t:|1700314406\n|switch|p2a: Ogerpon|Ogerpon-Wellspring, F|100\/100|[from] U-turn\n|move|p1a: Goodra|Dragon Pulse|p2a: Ogerpon\n|-damage|p2a: Ogerpon|57\/100\n|\n|-weather|RainDance|[upkeep]\n|upkeep\n|turn|20\n|\n|t:|1700314417\n|-terastallize|p2a: Ogerpon|Water\n|detailschange|p2a: Ogerpon|Ogerpon-Wellspring-Tera, F, tera:Water\n|-ability|p2a: Ogerpon|Embody Aspect (Wellspring)|boost\n|-boost|p2a: Ogerpon|spd|1\n|move|p2a: Ogerpon|Ivy Cudgel|p1a: Goodra|[anim] Ivy Cudgel Water\n|-resisted|p1a: Goodra\n|-damage|p1a: Goodra|13\/100\n|move|p1a: Goodra|Dragon Pulse|p2a: Ogerpon\n|-damage|p2a: Ogerpon|26\/100\n|\n|-weather|RainDance|[upkeep]\n|upkeep\n|turn|21\n|\n|t:|1700314433\n|move|p2a: Ogerpon|Ivy Cudgel|p1a: Goodra|[anim] Ivy Cudgel Water\n|-resisted|p1a: Goodra\n|-damage|p1a: Goodra|0 fnt\n|faint|p1a: Goodra\n|\n|-weather|RainDance|[upkeep]\n|upkeep\n|\n|t:|1700314434\n|switch|p1a: Samurott|Samurott-Hisui, M|84\/100\n|turn|22\n|\n|t:|1700314447\n|switch|p2a: Corviknight|Corviknight, F|76\/100\n|-ability|p2a: Corviknight|Pressure\n|move|p1a: Samurott|Aqua Cutter|p2a: Corviknight\n|-crit|p2a: Corviknight\n|-damage|p2a: Corviknight|1\/100\n|\n|-weather|RainDance|[upkeep]\n|upkeep\n|turn|23\n|\n|t:|1700314465\n|move|p1a: Samurott|Aqua Cutter|p2a: Corviknight\n|-damage|p2a: Corviknight|0 fnt\n|faint|p2a: Corviknight\n|\n|-weather|RainDance|[upkeep]\n|upkeep\n|\n|t:|1700314473\n|switch|p2a: Rillaboom|Rillaboom, F|100\/100\n|-fieldstart|move: Grassy Terrain|[from] ability: Grassy Surge|[of] p2a: Rillaboom\n|turn|24\n|\n|t:|1700314480\n|move|p2a: Rillaboom|Grassy Glide|p1a: Samurott\n|-supereffective|p1a: Samurott\n|-damage|p1a: Samurott|0 fnt\n|faint|p1a: Samurott\n|\n|-weather|RainDance|[upkeep]\n|upkeep\n|\n|t:|1700314483\n|switch|p1a: Lopunny|Lopunny-Mega, F|84\/100\n|turn|25\n|\n|t:|1700314490\n|move|p1a: Lopunny|Fake Out|p2a: Rillaboom\n|-crit|p2a: Rillaboom\n|-damage|p2a: Rillaboom|70\/100\n|cant|p2a: Rillaboom|flinch\n|\n|-weather|none\n|-heal|p1a: Lopunny|90\/100|[from] Grassy Terrain\n|-heal|p2a: Rillaboom|77\/100|[from] Grassy Terrain\n|-heal|p2a: Rillaboom|83\/100|[from] item: Leftovers\n|upkeep\n|turn|26\n|\n|t:|1700314501\n|move|p2a: Rillaboom|Grassy Glide|p1a: Lopunny\n|-damage|p1a: Lopunny|33\/100\n|move|p1a: Lopunny|Triple Axel|p2a: Rillaboom\n|-supereffective|p2a: Rillaboom\n|-damage|p2a: Rillaboom|70\/100\n|-supereffective|p2a: Rillaboom\n|-crit|p2a: Rillaboom\n|-damage|p2a: Rillaboom|32\/100\n|-supereffective|p2a: Rillaboom\n|-damage|p2a: Rillaboom|0 fnt\n|faint|p2a: Rillaboom\n|-hitcount|p2: Rillaboom|3\n|\n|-heal|p1a: Lopunny|39\/100|[from] Grassy Terrain\n|upkeep\n|\n|t:|1700314517\n|switch|p2a: Garganacl|Garganacl, M|73\/100\n|turn|27\n|\n|t:|1700314521\n|move|p1a: Lopunny|Close Combat|p2a: Garganacl\n|-supereffective|p2a: Garganacl\n|-damage|p2a: Garganacl|0 fnt\n|-unboost|p1a: Lopunny|def|1\n|-unboost|p1a: Lopunny|spd|1\n|faint|p2a: Garganacl\n|\n|-heal|p1a: Lopunny|45\/100|[from] Grassy Terrain\n|upkeep\n|\n|t:|1700314532\n|switch|p2a: Ogerpon|Ogerpon-Wellspring-Tera, F, tera:Water|26\/100\n|-ability|p2a: Ogerpon|Embody Aspect (Wellspring)|boost\n|-boost|p2a: Ogerpon|spd|1\n|turn|28\n|\n|t:|1700314537\n|move|p1a: Lopunny|Return|p2a: Ogerpon\n|-damage|p2a: Ogerpon|0 fnt\n|faint|p2a: Ogerpon\n|\n|-heal|p1a: Lopunny|51\/100|[from] Grassy Terrain\n|-fieldend|move: Grassy Terrain\n|upkeep\n|-message|maybe cat forfeited.\n|\n|win|ShinyScarfy\n|raw|ShinyScarfy's rating: 1317 &rarr; <strong>1339<\/strong><br \/>(+22 for winning)\n|raw|maybe cat's rating: 1344 &rarr; <strong>1322<\/strong><br \/>(-22 for losing)\n|l|\u2606maybe cat\n","uploadtime":1700314564,"views":6,"p1id":"shinyscarfy","p2id":"maybecat","formatid":"gen9nationaldex","rating":1322,"private":0,"password":""}