{"id":"gen9nationaldex-1988961429","p1":"heinousactszx","p2":"Lone_Garurumon","format":"[Gen 9] National Dex","log":"|j|\u2606heinousactszx\n|j|\u2606Lone_Garurumon\n|t:|1699795032\n|gametype|singles\n|player|p1|heinousactszx|101|\n|player|p2|Lone_Garurumon|hanbei-conquest|\n|teamsize|p1|6\n|teamsize|p2|6\n|gen|9\n|tier|[Gen 9] National Dex\n|rule|HP Percentage Mod: HP is shown in percentages\n|rule|Endless Battle Clause: Forcing endless battles is banned\n|rule|OHKO Clause: OHKO moves are banned\n|rule|Evasion Clause: Evasion abilities, items, and moves are banned\n|rule|Evasion Abilities Clause: Evasion abilities are banned\n|rule|Evasion Items Clause: Evasion items are banned\n|rule|Evasion Moves Clause: Evasion moves are banned\n|rule|Species Clause: Limit one of each Pok\u00e9mon\n|rule|Sleep Clause Mod: Limit one foe put to sleep\n|clearpoke\n|poke|p1|Torkoal, M|\n|poke|p1|Shiftry, M|\n|poke|p1|Kleavor, F|\n|poke|p1|Garganacl, F|\n|poke|p1|Volcanion|\n|poke|p1|Hitmontop, M|\n|poke|p2|Lucario, F|\n|poke|p2|Sneasler, M|\n|poke|p2|Gyarados, F|\n|poke|p2|Metagross|\n|poke|p2|Manaphy|\n|poke|p2|Greninja-*, M|\n|teampreview\n|\n|t:|1699795051\n|start\n|switch|p1a: Edelgard|Kleavor, F|100\/100\n|switch|p2a: Henson|Greninja, M|100\/100\n|turn|1\n|\n|t:|1699795065\n|move|p2a: Henson|Water Shuriken|p1a: Edelgard\n|-start|p2a: Henson|typechange|Water|[from] ability: Protean\n|-supereffective|p1a: Edelgard\n|-damage|p1a: Edelgard|68\/100\n|-supereffective|p1a: Edelgard\n|-damage|p1a: Edelgard|34\/100\n|-supereffective|p1a: Edelgard\n|-damage|p1a: Edelgard|2\/100\n|-hitcount|p1a: Edelgard|3\n|move|p1a: Edelgard|U-turn|p2a: Henson\n|-damage|p2a: Henson|33\/100\n|c|\u2606Lone_Garurumon|Oh hey, this looks familiar\n|\n|t:|1699795116\n|switch|p1a: Vile|Volcanion|100\/100|[from] U-turn\n|\n|upkeep\n|turn|2\n|\n|t:|1699795162\n|switch|p2a: Garrison|Gyarados, F|100\/100\n|move|p1a: Vile|Steam Eruption|p2a: Garrison\n|-resisted|p2a: Garrison\n|-damage|p2a: Garrison|55\/100\n|\n|upkeep\n|turn|3\n|c|\u2606Lone_Garurumon|Huh, not the call I expected, I will not lie to you\n|c|\u2606Lone_Garurumon|Honestly not even in the top 2\n|c|\u2606heinousactszx|i really wanted the burn\n|\n|t:|1699795208\n|move|p2a: Garrison|Earthquake|p1a: Vile\n|-supereffective|p1a: Vile\n|-damage|p1a: Vile|29\/100\n|move|p1a: Vile|Steam Eruption|p2a: Garrison\n|-resisted|p2a: Garrison\n|-damage|p2a: Garrison|5\/100\n|\n|upkeep\n|turn|4\n|\n|t:|1699795221\n|move|p2a: Garrison|Earthquake|p1a: Vile\n|-supereffective|p1a: Vile\n|-damage|p1a: Vile|0 fnt\n|faint|p1a: Vile\n|-ability|p2a: Garrison|Moxie|boost\n|-boost|p2a: Garrison|atk|1\n|\n|upkeep\n|\n|t:|1699795228\n|switch|p1a: Edelgard|Kleavor, F|2\/100\n|turn|5\n|\n|t:|1699795242\n|move|p1a: Edelgard|Stone Axe|p2a: Garrison\n|-supereffective|p2a: Garrison\n|-damage|p2a: Garrison|0 fnt\n|-sidestart|p2: Lone_Garurumon|move: Stealth Rock\n|faint|p2a: Garrison\n|\n|upkeep\n|\n|t:|1699795259\n|switch|p2a: Henson|Greninja, M|33\/100\n|-damage|p2a: Henson|21\/100|[from] Stealth Rock\n|turn|6\n|\n|t:|1699795267\n|switch|p1a: Carlton|Hitmontop, M|100\/100\n|move|p2a: Henson|Water Shuriken|p1a: Carlton\n|-start|p2a: Henson|typechange|Water|[from] ability: Protean\n|-damage|p1a: Carlton|93\/100\n|-damage|p1a: Carlton|85\/100\n|-damage|p1a: Carlton|79\/100\n|-hitcount|p1a: Carlton|3\n|\n|upkeep\n|turn|7\n|c|\u2606Lone_Garurumon|Hoo, bulky boy\n|\n|t:|1699795315\n|move|p2a: Henson|Water Shuriken|p1a: Carlton\n|-damage|p1a: Carlton|72\/100\n|-crit|p1a: Carlton\n|-damage|p1a: Carlton|61\/100\n|-hitcount|p1a: Carlton|2\n|move|p1a: Carlton|Close Combat|p2a: Henson\n|-damage|p2a: Henson|0 fnt\n|-unboost|p1a: Carlton|def|1\n|-unboost|p1a: Carlton|spd|1\n|faint|p2a: Henson\n|\n|upkeep\n|\n|t:|1699795361\n|switch|p2a: Debbi|Sneasler, M|100\/100\n|-damage|p2a: Debbi|95\/100|[from] Stealth Rock\n|turn|8\n|\n|t:|1699795371\n|move|p2a: Debbi|Swords Dance|p2a: Debbi\n|-boost|p2a: Debbi|atk|2\n|move|p1a: Carlton|Triple Axel|p2a: Debbi\n|-damage|p2a: Debbi|79\/100\n|-crit|p2a: Debbi\n|-damage|p2a: Debbi|33\/100\n|-crit|p2a: Debbi\n|-damage|p2a: Debbi|0 fnt\n|faint|p2a: Debbi\n|-hitcount|p2: Debbi|3\n|\n|upkeep\n|c|\u2606Lone_Garurumon|Daaaamn, two crits\n|\n|t:|1699795399\n|switch|p2a: Rio|Lucario, F, shiny|100\/100\n|-damage|p2a: Rio|98\/100|[from] Stealth Rock\n|turn|9\n|c|\u2606heinousactszx|to be fair, it would have put you into mach punch range even without the crits\n|\n|t:|1699795421\n|move|p1a: Carlton|Mach Punch|p2a: Rio\n|-supereffective|p2a: Rio\n|-damage|p2a: Rio|8\/100\n|move|p2a: Rio|Aura Sphere|p1a: Carlton\n|-damage|p1a: Carlton|18\/100\n|\n|upkeep\n|turn|10\n|\n|t:|1699795431\n|move|p1a: Carlton|Mach Punch|p2a: Rio\n|-supereffective|p2a: Rio\n|-damage|p2a: Rio|0 fnt\n|faint|p2a: Rio\n|\n|upkeep\n|\n|t:|1699795445\n|switch|p2a: Milton Edwards|Metagross|100\/100\n|-damage|p2a: Milton Edwards|94\/100|[from] Stealth Rock\n|turn|11\n|\n|t:|1699795452\n|move|p1a: Carlton|Mach Punch|p2a: Milton Edwards\n|-damage|p2a: Milton Edwards|72\/100\n|move|p2a: Milton Edwards|Meteor Mash|p1a: Carlton\n|-damage|p1a: Carlton|0 fnt\n|faint|p1a: Carlton\n|\n|upkeep\n|\n|t:|1699795459\n|switch|p1a: Turtle Power|Torkoal, M|100\/100\n|-weather|SunnyDay|[from] ability: Drought|[of] p1a: Turtle Power\n|turn|12\n|\n|t:|1699795469\n|move|p2a: Milton Edwards|Psycho Cut|p1a: Turtle Power\n|-damage|p1a: Turtle Power|69\/100\n|move|p1a: Turtle Power|Lava Plume|p2a: Milton Edwards\n|-supereffective|p2a: Milton Edwards\n|-damage|p2a: Milton Edwards|19\/100\n|\n|-weather|SunnyDay|[upkeep]\n|upkeep\n|turn|13\n|c|\u2606Lone_Garurumon|I legitimately don't think I ever realised how absolutely bulky Torkoal is before\n|\n|t:|1699795521\n|move|p2a: Milton Edwards|Thunder Punch|p1a: Turtle Power\n|-damage|p1a: Turtle Power|47\/100\n|-status|p1a: Turtle Power|par\n|move|p1a: Turtle Power|Lava Plume|p2a: Milton Edwards\n|-supereffective|p2a: Milton Edwards\n|-damage|p2a: Milton Edwards|0 fnt\n|faint|p2a: Milton Edwards\n|\n|-weather|SunnyDay|[upkeep]\n|upkeep\n|\n|t:|1699795531\n|switch|p2a: Venice|Manaphy|100\/100\n|-damage|p2a: Venice|88\/100|[from] Stealth Rock\n|turn|14\n|\n|t:|1699795545\n|switch|p1a: Treebeard|Shiftry, M|100\/100\n|move|p2a: Venice|Tail Glow|p2a: Venice\n|-boost|p2a: Venice|spa|3\n|\n|-weather|SunnyDay|[upkeep]\n|-heal|p2a: Venice|94\/100|[from] item: Leftovers\n|upkeep\n|turn|15\n|c|\u2606heinousactszx|it's a way better sun sun setter than ninetales\n|\n|t:|1699795564\n|-terastallize|p2a: Venice|Grass\n|move|p1a: Treebeard|Solar Blade||[still]\n|-prepare|p1a: Treebeard|Solar Blade\n|-anim|p1a: Treebeard|Solar Blade|p2a: Venice\n|-resisted|p2a: Venice\n|-damage|p2a: Venice|62\/100\n|-damage|p1a: Treebeard|91\/100|[from] item: Life Orb\n|move|p2a: Venice|Scald|p1a: Treebeard\n|-resisted|p1a: Treebeard\n|-damage|p1a: Treebeard|53\/100\n|-status|p1a: Treebeard|brn\n|\n|-weather|SunnyDay|[upkeep]\n|-heal|p2a: Venice|69\/100|[from] item: Leftovers\n|-damage|p1a: Treebeard|47\/100 brn|[from] brn\n|upkeep\n|turn|16\n|c|\u2606Lone_Garurumon|Oof, that is not enough\n|\n|t:|1699795585\n|move|p1a: Treebeard|Knock Off|p2a: Venice\n|-damage|p2a: Venice|44\/100\n|-enditem|p2a: Venice|Leftovers|[from] move: Knock Off|[of] p1a: Treebeard\n|-damage|p1a: Treebeard|37\/100 brn|[from] item: Life Orb\n|move|p2a: Venice|Energy Ball|p1a: Treebeard\n|-resisted|p1a: Treebeard\n|-damage|p1a: Treebeard|0 fnt\n|faint|p1a: Treebeard\n|\n|-weather|SunnyDay|[upkeep]\n|upkeep\n|\n|t:|1699795595\n|switch|p1a: Edelgard|Kleavor, F|2\/100\n|turn|17\n|\n|t:|1699795599\n|move|p1a: Edelgard|X-Scissor|p2a: Venice\n|-supereffective|p2a: Venice\n|-damage|p2a: Venice|0 fnt\n|faint|p2a: Venice\n|\n|win|heinousactszx\n|l|\u2606heinousactszx\n|c|\u2606Lone_Garurumon|Ok, not the best game 2, it's all good, we can clean this up\n","uploadtime":1699795622,"views":7,"p1id":"heinousactszx","p2id":"lonegarurumon","formatid":"gen9nationaldex","rating":0,"private":0,"password":""}