{"id":"gen9nationaldex-1991774099","p1":"Dono_XD","p2":"w0909","format":"[Gen 9] National Dex","log":"|j|\u2606Dono_XD\n|j|\u2606w0909\n|t:|1700114850\n|gametype|singles\n|player|p1|Dono_XD|nate|\n|player|p2|w0909|klara|\n|teamsize|p1|6\n|teamsize|p2|6\n|gen|9\n|tier|[Gen 9] National Dex\n|rule|HP Percentage Mod: HP is shown in percentages\n|rule|Endless Battle Clause: Forcing endless battles is banned\n|rule|OHKO Clause: OHKO moves are banned\n|rule|Evasion Clause: Evasion abilities, items, and moves are banned\n|rule|Evasion Abilities Clause: Evasion abilities are banned\n|rule|Evasion Items Clause: Evasion items are banned\n|rule|Evasion Moves Clause: Evasion moves are banned\n|rule|Species Clause: Limit one of each Pok\u00e9mon\n|rule|Sleep Clause Mod: Limit one foe put to sleep\n|clearpoke\n|poke|p1|Corviknight, M|\n|poke|p1|Gengar, F|\n|poke|p1|Decidueye-Hisui, F|\n|poke|p1|Sableye, F|\n|poke|p1|Dugtrio, F|\n|poke|p1|Jigglypuff, F|\n|poke|p2|Corviknight, F|\n|poke|p2|Regidrago|\n|poke|p2|Sylveon, M|\n|poke|p2|Medicham, F|\n|poke|p2|Dugtrio-Alola, M|\n|poke|p2|Arctibax, F|\n|teampreview\n|\n|t:|1700114863\n|start\n|switch|p1a: I smell pennies|Sableye, F|100\/100\n|switch|p2a: Dugtrio|Dugtrio-Alola, M|100\/100\n|turn|1\n|\n|t:|1700114875\n|move|p1a: I smell pennies|Will-O-Wisp|p2a: Dugtrio\n|-status|p2a: Dugtrio|brn\n|move|p2a: Dugtrio|Earthquake|p1a: I smell pennies\n|-damage|p1a: I smell pennies|70\/100\n|-damage|p2a: Dugtrio|91\/100 brn|[from] item: Life Orb\n|\n|-damage|p2a: Dugtrio|84\/100 brn|[from] brn\n|upkeep\n|turn|2\n|\n|t:|1700114885\n|move|p1a: I smell pennies|Reflect|p1a: I smell pennies\n|-sidestart|p1: Dono_XD|Reflect\n|move|p2a: Dugtrio|Stealth Rock|p1a: I smell pennies\n|-sidestart|p1: Dono_XD|move: Stealth Rock\n|\n|-damage|p2a: Dugtrio|78\/100 brn|[from] brn\n|upkeep\n|turn|3\n|\n|t:|1700114896\n|move|p1a: I smell pennies|Light Screen|p1a: I smell pennies\n|-sidestart|p1: Dono_XD|move: Light Screen\n|move|p2a: Dugtrio|Iron Head|p1a: I smell pennies\n|-damage|p1a: I smell pennies|60\/100\n|-damage|p2a: Dugtrio|68\/100 brn|[from] item: Life Orb\n|\n|-damage|p2a: Dugtrio|62\/100 brn|[from] brn\n|upkeep\n|turn|4\n|\n|t:|1700114915\n|move|p2a: Dugtrio|Iron Head|p1a: I smell pennies\n|-damage|p1a: I smell pennies|50\/100\n|-damage|p2a: Dugtrio|52\/100 brn|[from] item: Life Orb\n|cant|p1a: I smell pennies|flinch\n|\n|-damage|p2a: Dugtrio|46\/100 brn|[from] brn\n|upkeep\n|turn|5\n|\n|t:|1700114924\n|move|p2a: Dugtrio|Iron Head|p1a: I smell pennies\n|-damage|p1a: I smell pennies|38\/100\n|-damage|p2a: Dugtrio|36\/100 brn|[from] item: Life Orb\n|move|p1a: I smell pennies|Knock Off|p2a: Dugtrio\n|-damage|p2a: Dugtrio|0 fnt\n|-ability|p2a: Dugtrio|Tangling Hair\n|-unboost|p1a: I smell pennies|spe|1\n|-enditem|p2a: Dugtrio|Life Orb|[from] move: Knock Off|[of] p1a: I smell pennies\n|faint|p2a: Dugtrio\n|\n|upkeep\n|\n|t:|1700114934\n|switch|p2a: Sylveon|Sylveon, M|100\/100\n|turn|6\n|\n|t:|1700114937\n|move|p1a: I smell pennies|Will-O-Wisp|p2a: Sylveon\n|-status|p2a: Sylveon|brn\n|move|p2a: Sylveon|Hyper Voice|p1a: I smell pennies\n|-supereffective|p1a: I smell pennies\n|-damage|p1a: I smell pennies|0 fnt\n|faint|p1a: I smell pennies\n|\n|-damage|p2a: Sylveon|94\/100 brn|[from] brn\n|upkeep\n|\n|t:|1700114952\n|switch|p1a: Noah|Gengar, F, shiny|100\/100\n|-damage|p1a: Noah|88\/100|[from] Stealth Rock\n|turn|7\n|\n|t:|1700114959\n|switch|p2a: Corviknight|Corviknight, F|100\/100\n|move|p1a: Noah|Sludge Bomb|p2a: Corviknight\n|-immune|p2a: Corviknight\n|\n|upkeep\n|turn|8\n|\n|t:|1700114968\n|switch|p1a: Jiggle on dat puff|Jigglypuff, F, shiny|100\/100\n|-damage|p1a: Jiggle on dat puff|88\/100|[from] Stealth Rock\n|move|p2a: Corviknight|Defog|p1a: Jiggle on dat puff\n|-unboost|p1a: Jiggle on dat puff|evasion|1\n|-ability|p1a: Jiggle on dat puff|Competitive|boost\n|-boost|p1a: Jiggle on dat puff|spa|2\n|-sideend|p1: Dono_XD|Reflect\n|-sideend|p1: Dono_XD|move: Light Screen\n|-sideend|p1: Dono_XD|Stealth Rock|[from] move: Defog|[of] p2a: Corviknight\n|\n|upkeep\n|turn|9\n|\n|t:|1700114977\n|move|p2a: Corviknight|U-turn|p1a: Jiggle on dat puff\n|-resisted|p1a: Jiggle on dat puff\n|-damage|p1a: Jiggle on dat puff|82\/100\n|\n|t:|1700114980\n|switch|p2a: Sylveon|Sylveon, M|94\/100 brn|[from] U-turn\n|move|p1a: Jiggle on dat puff|Thunder Wave||[still]\n|-fail|p1a: Jiggle on dat puff\n|\n|-heal|p2a: Sylveon|100\/100 brn|[from] item: Leftovers\n|-damage|p2a: Sylveon|94\/100 brn|[from] brn\n|upkeep\n|turn|10\n|inactive|Battle timer is ON: inactive players will automatically lose when time's up. (requested by w0909)\n|inactiveoff|Battle timer is now OFF.\n|\n|t:|1700114995\n|move|p1a: Jiggle on dat puff|Protect|p1a: Jiggle on dat puff\n|-singleturn|p1a: Jiggle on dat puff|Protect\n|move|p2a: Sylveon|Hyper Voice|p1a: Jiggle on dat puff\n|-activate|p1a: Jiggle on dat puff|move: Protect\n|\n|-heal|p2a: Sylveon|100\/100 brn|[from] item: Leftovers\n|-damage|p2a: Sylveon|94\/100 brn|[from] brn\n|upkeep\n|turn|11\n|\n|t:|1700115005\n|move|p2a: Sylveon|Hyper Voice|p1a: Jiggle on dat puff\n|-damage|p1a: Jiggle on dat puff|0 fnt\n|faint|p1a: Jiggle on dat puff\n|\n|-heal|p2a: Sylveon|100\/100 brn|[from] item: Leftovers\n|-damage|p2a: Sylveon|94\/100 brn|[from] brn\n|upkeep\n|\n|t:|1700115012\n|switch|p1a: Biggest Berd|Corviknight, M, shiny|100\/100\n|turn|12\n|\n|t:|1700115024\n|switch|p1a: Dugtrio|Dugtrio, F|100\/100\n|move|p2a: Sylveon|Mystical Fire|p1a: Dugtrio\n|-damage|p1a: Dugtrio|54\/100\n|-unboost|p1a: Dugtrio|spa|1\n|\n|-heal|p2a: Sylveon|100\/100 brn|[from] item: Leftovers\n|-damage|p2a: Sylveon|94\/100 brn|[from] brn\n|upkeep\n|turn|13\n|\n|t:|1700115040\n|switch|p2a: Corviknight|Corviknight, F|100\/100\n|move|p1a: Dugtrio|Earthquake|p2a: Corviknight\n|-immune|p2a: Corviknight\n|\n|upkeep\n|turn|14\n|\n|t:|1700115046\n|move|p1a: Dugtrio|Stealth Rock|p2a: Corviknight\n|-sidestart|p2: w0909|move: Stealth Rock\n|move|p2a: Corviknight|Brave Bird|p1a: Dugtrio\n|-damage|p1a: Dugtrio|0 fnt\n|faint|p1a: Dugtrio\n|-damage|p2a: Corviknight|88\/100|[from] Recoil\n|\n|upkeep\n|\n|t:|1700115053\n|switch|p1a: Decidueye|Decidueye-Hisui, F, shiny|100\/100\n|turn|15\n|\n|t:|1700115059\n|move|p1a: Decidueye|Knock Off|p2a: Corviknight\n|-damage|p2a: Corviknight|64\/100\n|-damage|p1a: Decidueye|84\/100|[from] item: Rocky Helmet|[of] p2a: Corviknight\n|-enditem|p2a: Corviknight|Rocky Helmet|[from] move: Knock Off|[of] p1a: Decidueye\n|-damage|p1a: Decidueye|74\/100|[from] item: Life Orb\n|move|p2a: Corviknight|Brave Bird|p1a: Decidueye\n|-supereffective|p1a: Decidueye\n|-crit|p1a: Decidueye\n|-damage|p1a: Decidueye|0 fnt\n|faint|p1a: Decidueye\n|-damage|p2a: Corviknight|45\/100|[from] Recoil\n|\n|upkeep\n|\n|t:|1700115072\n|switch|p1a: Biggest Berd|Corviknight, M, shiny|100\/100\n|turn|16\n|\n|t:|1700115082\n|move|p2a: Corviknight|Defog|p1a: Biggest Berd\n|-ability|p1a: Biggest Berd|Mirror Armor\n|-unboost|p2a: Corviknight|evasion|1\n|-sideend|p2: w0909|Stealth Rock|[from] move: Defog|[of] p2a: Corviknight\n|move|p1a: Biggest Berd|Iron Head|p2a: Corviknight\n|-resisted|p2a: Corviknight\n|-damage|p2a: Corviknight|38\/100\n|\n|upkeep\n|turn|17\n|\n|t:|1700115095\n|switch|p2a: Medicham|Medicham, F|100\/100\n|move|p1a: Biggest Berd|Brave Bird|p2a: Medicham\n|-supereffective|p2a: Medicham\n|-damage|p2a: Medicham|0 fnt\n|faint|p2a: Medicham\n|-damage|p1a: Biggest Berd|79\/100|[from] Recoil\n|\n|-heal|p1a: Biggest Berd|85\/100|[from] item: Leftovers\n|upkeep\n|\n|t:|1700115102\n|switch|p2a: Sylveon|Sylveon, M|94\/100 brn\n|turn|18\n|\n|t:|1700115107\n|-terastallize|p1a: Biggest Berd|Water\n|move|p1a: Biggest Berd|Iron Head|p2a: Sylveon\n|-supereffective|p2a: Sylveon\n|-damage|p2a: Sylveon|35\/100 brn\n|move|p2a: Sylveon|Mystical Fire|p1a: Biggest Berd\n|-resisted|p1a: Biggest Berd\n|-damage|p1a: Biggest Berd|71\/100\n|-ability|p1a: Biggest Berd|Mirror Armor\n|-unboost|p2a: Sylveon|spa|1\n|\n|-heal|p1a: Biggest Berd|77\/100|[from] item: Leftovers\n|-heal|p2a: Sylveon|41\/100 brn|[from] item: Leftovers\n|-damage|p2a: Sylveon|35\/100 brn|[from] brn\n|upkeep\n|turn|19\n|\n|t:|1700115122\n|switch|p1a: Noah|Gengar, F, shiny|88\/100\n|move|p2a: Sylveon|Hyper Voice|p1a: Noah\n|-resisted|p1a: Noah\n|-damage|p1a: Noah|59\/100\n|-start|p2a: Sylveon|Disable|Hyper Voice|[from] ability: Cursed Body|[of] p1a: Noah\n|\n|-heal|p2a: Sylveon|41\/100 brn|[from] item: Leftovers\n|-damage|p2a: Sylveon|35\/100 brn|[from] brn\n|upkeep\n|turn|20\n|\n|t:|1700115133\n|switch|p2a: Corviknight|Corviknight, F|38\/100\n|move|p1a: Noah|Sludge Bomb|p2a: Corviknight\n|-immune|p2a: Corviknight\n|\n|upkeep\n|turn|21\n|\n|t:|1700115138\n|switch|p1a: Biggest Berd|Corviknight, M, shiny, tera:Water|77\/100\n|move|p2a: Corviknight|Roost|p2a: Corviknight\n|-heal|p2a: Corviknight|88\/100\n|-singleturn|p2a: Corviknight|move: Roost\n|\n|-heal|p1a: Biggest Berd|83\/100|[from] item: Leftovers\n|upkeep\n|turn|22\n|\n|t:|1700115147\n|move|p1a: Biggest Berd|Tera Blast|p2a: Corviknight|[anim] Tera Blast Water\n|-damage|p2a: Corviknight|73\/100\n|move|p2a: Corviknight|U-turn|p1a: Biggest Berd\n|-damage|p1a: Biggest Berd|75\/100\n|\n|t:|1700115152\n|switch|p2a: Regidrago|Regidrago|100\/100|[from] U-turn\n|\n|-heal|p1a: Biggest Berd|81\/100|[from] item: Leftovers\n|upkeep\n|turn|23\n|\n|t:|1700115162\n|switch|p1a: Noah|Gengar, F, shiny|59\/100\n|move|p2a: Regidrago|Dragon Energy|p1a: Noah\n|-damage|p1a: Noah|0 fnt\n|faint|p1a: Noah\n|\n|upkeep\n|\n|t:|1700115167\n|switch|p1a: Biggest Berd|Corviknight, M, shiny, tera:Water|81\/100\n|turn|24\n|\n|t:|1700115170\n|move|p2a: Regidrago|Dragon Energy|p1a: Biggest Berd\n|-damage|p1a: Biggest Berd|0 fnt\n|faint|p1a: Biggest Berd\n|\n|win|w0909\n|l|\u2606Dono_XD\n","uploadtime":1700115193,"views":5,"p1id":"donoxd","p2id":"w0909","formatid":"gen9nationaldex","rating":0,"private":0,"password":""}