{"id":"gen9nationaldex-1999395108","p1":"Zabanya-Z","p2":"blueblack27","format":"[Gen 9] National Dex","log":"|html|<div class=\"broadcast-blue\"><strong>[Gen 9] National Dex is currently suspecting Sneasler! For information on how to participate check out the <a href=\"https:\/\/www.smogon.com\/forums\/threads\/sv-national-dex-suspect-8-just-dance.3731534\/\">suspect thread<\/a>.<\/strong><\/div>\n|j|\u203dZabanya-Z\n|j|\u2606blueblack27\n|t:|1701073164\n|gametype|singles\n|player|p1|Zabanya-Z|proton|1288\n|player|p2|blueblack27|2|1295\n|teamsize|p1|6\n|teamsize|p2|6\n|gen|9\n|tier|[Gen 9] National Dex\n|rated|\n|rule|HP Percentage Mod: HP is shown in percentages\n|rule|Endless Battle Clause: Forcing endless battles is banned\n|rule|OHKO Clause: OHKO moves are banned\n|rule|Evasion Clause: Evasion abilities, items, and moves are banned\n|rule|Evasion Abilities Clause: Evasion abilities are banned\n|rule|Evasion Items Clause: Evasion items are banned\n|rule|Evasion Moves Clause: Evasion moves are banned\n|rule|Species Clause: Limit one of each Pok\u00e9mon\n|rule|Sleep Clause Mod: Limit one foe put to sleep\n|clearpoke\n|poke|p1|Glimmora, M|\n|poke|p1|Ogerpon-Wellspring, F|\n|poke|p1|Ceruledge, F|\n|poke|p1|Scizor, M|\n|poke|p1|Iron Valiant|\n|poke|p1|Dragonite, M|\n|poke|p2|Mawile, M|\n|poke|p2|Marowak-Alola, F|\n|poke|p2|Hatterene, F|\n|poke|p2|Cresselia, F|\n|poke|p2|Porygon2|\n|poke|p2|Ursaluna, F|\n|teampreview\n|inactive|Battle timer is ON: inactive players will automatically lose when time's up. (requested by blueblack27)\n|inactive|Zabanya-Z also wants the timer to be on.\n|inactive|Zabanya-Z has 120 seconds left.\n|\n|t:|1701073204\n|start\n|switch|p1a: Scizor|Scizor, M|100\/100\n|switch|p2a: Porygon2|Porygon2|100\/100\n|-ability|p2a: Porygon2|Technician|[from] ability: Trace|[of] p1a: Scizor\n|turn|1\n|\n|t:|1701073209\n|detailschange|p1a: Scizor|Scizor-Mega, M\n|-mega|p1a: Scizor|Scizor|Scizorite\n|move|p1a: Scizor|Close Combat|p2a: Porygon2\n|-supereffective|p2a: Porygon2\n|-damage|p2a: Porygon2|47\/100\n|-unboost|p1a: Scizor|def|1\n|-unboost|p1a: Scizor|spd|1\n|move|p2a: Porygon2|Trick Room|p2a: Porygon2\n|-fieldstart|move: Trick Room|[of] p2a: Porygon2\n|\n|upkeep\n|turn|2\n|\n|t:|1701073217\n|switch|p2a: Marowak|Marowak-Alola, F|100\/100\n|move|p1a: Scizor|Close Combat|p2a: Marowak\n|-immune|p2a: Marowak\n|\n|upkeep\n|turn|3\n|\n|t:|1701073229\n|switch|p1a: Ogerpon|Ogerpon-Wellspring, F|100\/100\n|move|p2a: Marowak|Poltergeist|p1a: Ogerpon\n|-activate|p1a: Ogerpon|move: Poltergeist|Wellspring Mask\n|-damage|p1a: Ogerpon|0 fnt\n|faint|p1a: Ogerpon\n|\n|upkeep\n|\n|t:|1701073238\n|switch|p1a: Glimmora|Glimmora, M|100\/100\n|turn|4\n|\n|t:|1701073244\n|move|p2a: Marowak|Poltergeist|p1a: Glimmora\n|-activate|p1a: Glimmora|move: Poltergeist|Focus Sash\n|-enditem|p1a: Glimmora|Focus Sash\n|-damage|p1a: Glimmora|1\/100\n|-activate|p1a: Glimmora|ability: Toxic Debris\n|-sidestart|p2: blueblack27|move: Toxic Spikes\n|move|p1a: Glimmora|Power Gem|p2a: Marowak\n|-supereffective|p2a: Marowak\n|-damage|p2a: Marowak|0 fnt\n|faint|p2a: Marowak\n|\n|upkeep\n|\n|t:|1701073251\n|switch|p2a: Porygon2|Porygon2|47\/100\n|-status|p2a: Porygon2|psn\n|-ability|p2a: Porygon2|Toxic Debris|[from] ability: Trace|[of] p1a: Glimmora\n|turn|5\n|\n|t:|1701073256\n|move|p2a: Porygon2|Ice Beam|p1a: Glimmora\n|-damage|p1a: Glimmora|0 fnt\n|faint|p1a: Glimmora\n|\n|-damage|p2a: Porygon2|35\/100 psn|[from] psn\n|-fieldend|move: Trick Room\n|upkeep\n|\n|t:|1701073260\n|switch|p1a: Ceruledge|Ceruledge, F|100\/100\n|turn|6\n|\n|t:|1701073267\n|move|p1a: Ceruledge|Bitter Blade|p2a: Porygon2\n|-damage|p2a: Porygon2|10\/100 psn\n|-activate|p2a: Porygon2|ability: Toxic Debris\n|-sidestart|p1: Zabanya-Z|move: Toxic Spikes\n|move|p2a: Porygon2|Trick Room|p2a: Porygon2\n|-fieldstart|move: Trick Room|[of] p2a: Porygon2\n|\n|-damage|p2a: Porygon2|0 fnt|[from] psn\n|faint|p2a: Porygon2\n|upkeep\n|\n|t:|1701073278\n|switch|p2a: Mawile|Mawile, M|100\/100\n|-ability|p2a: Mawile|Intimidate|boost\n|-unboost|p1a: Ceruledge|atk|1\n|turn|7\n|\n|t:|1701073281\n|detailschange|p2a: Mawile|Mawile-Mega, M\n|-mega|p2a: Mawile|Mawile|Mawilite\n|move|p2a: Mawile|Play Rough|p1a: Ceruledge\n|-resisted|p1a: Ceruledge\n|-damage|p1a: Ceruledge|38\/100\n|-ability|p1a: Ceruledge|Weak Armor|boost\n|-unboost|p1a: Ceruledge|def|1\n|-boost|p1a: Ceruledge|spe|2\n|move|p1a: Ceruledge|Swords Dance|p1a: Ceruledge\n|-boost|p1a: Ceruledge|atk|2\n|\n|upkeep\n|turn|8\n|\n|t:|1701073287\n|move|p2a: Mawile|Sucker Punch|p1a: Ceruledge\n|-supereffective|p1a: Ceruledge\n|-damage|p1a: Ceruledge|0 fnt\n|faint|p1a: Ceruledge\n|\n|upkeep\n|\n|t:|1701073294\n|switch|p1a: Scizor|Scizor-Mega, M|100\/100\n|turn|9\n|\n|t:|1701073300\n|move|p2a: Mawile|Fire Fang|p1a: Scizor\n|-supereffective|p1a: Scizor\n|-damage|p1a: Scizor|0 fnt\n|faint|p1a: Scizor\n|\n|upkeep\n|-message|Zabanya-Z forfeited.\n|\n|win|blueblack27\n|raw|Zabanya-Z's rating: 1288 &rarr; <strong>1264<\/strong><br \/>(-24 for losing)\n|raw|blueblack27's rating: 1295 &rarr; <strong>1319<\/strong><br \/>(+24 for winning)\n|l|\u203dZabanya-Z\n","uploadtime":1701073308,"views":1,"p1id":"zabanyaz","p2id":"blueblack27","formatid":"gen9nationaldex","rating":1264,"private":0,"password":""}