{"id":"gen9nationaldex-1991033224","p1":"GABRIEL_HU","p2":"RashestPlains","format":"[Gen 9] National Dex","log":"|j|\u2606GABRIEL_HU\n|j|\u2606RashestPlains\n|t:|1700031571\n|gametype|singles\n|player|p1|GABRIEL_HU|guitarist|1434\n|player|p2|RashestPlains|smasher|1263\n|teamsize|p1|6\n|teamsize|p2|6\n|gen|9\n|tier|[Gen 9] National Dex\n|rated|\n|rule|HP Percentage Mod: HP is shown in percentages\n|rule|Endless Battle Clause: Forcing endless battles is banned\n|rule|OHKO Clause: OHKO moves are banned\n|rule|Evasion Clause: Evasion abilities, items, and moves are banned\n|rule|Evasion Abilities Clause: Evasion abilities are banned\n|rule|Evasion Items Clause: Evasion items are banned\n|rule|Evasion Moves Clause: Evasion moves are banned\n|rule|Species Clause: Limit one of each Pok\u00e9mon\n|rule|Sleep Clause Mod: Limit one foe put to sleep\n|clearpoke\n|poke|p1|Garganacl, F|\n|poke|p1|Greninja-*, M|\n|poke|p1|Zapdos|\n|poke|p1|Great Tusk|\n|poke|p1|Heatran, F|\n|poke|p1|Scizor, F|\n|poke|p2|Torkoal, M|\n|poke|p2|Charizard, M|\n|poke|p2|Volcarona, M|\n|poke|p2|Infernape, M|\n|poke|p2|Venusaur, M|\n|poke|p2|Xatu, M|\n|teampreview\n|inactive|Battle timer is ON: inactive players will automatically lose when time's up. (requested by RashestPlains)\n|inactive|RashestPlains has 120 seconds left.\n|\n|t:|1700031602\n|start\n|switch|p1a: Great Tusk|Great Tusk|100\/100\n|switch|p2a: Torkoal|Torkoal, M|100\/100\n|-weather|SunnyDay|[from] ability: Drought|[of] p2a: Torkoal\n|-activate|p1a: Great Tusk|ability: Protosynthesis\n|-start|p1a: Great Tusk|protosynthesisatk\n|turn|1\n|\n|t:|1700031631\n|switch|p2a: Xatu|Xatu, M|100\/100\n|move|p1a: Great Tusk|Rapid Spin|p2a: Xatu\n|-damage|p2a: Xatu|71\/100\n|-boost|p1a: Great Tusk|spe|1\n|\n|-weather|SunnyDay|[upkeep]\n|upkeep\n|turn|2\n|\n|t:|1700031637\n|-zpower|p1a: Great Tusk\n|move|p1a: Great Tusk|Subzero Slammer|p2a: Xatu|[zeffect]\n|-supereffective|p2a: Xatu\n|-crit|p2a: Xatu\n|-damage|p2a: Xatu|0 fnt\n|faint|p2a: Xatu\n|\n|-weather|SunnyDay|[upkeep]\n|upkeep\n|\n|t:|1700031642\n|switch|p2a: Venusaur|Venusaur, M|100\/100\n|turn|3\n|\n|t:|1700031650\n|-end|p1a: Great Tusk|Protosynthesis|[silent]\n|switch|p1a: Heatran|Heatran, F|100\/100\n|move|p2a: Venusaur|Giga Drain|p1a: Heatran\n|-resisted|p1a: Heatran\n|-damage|p1a: Heatran|93\/100\n|-damage|p2a: Venusaur|91\/100|[from] item: Life Orb\n|\n|-weather|SunnyDay|[upkeep]\n|upkeep\n|turn|4\n|\n|t:|1700031655\n|switch|p2a: Infernape|Infernape, M|100\/100\n|move|p1a: Heatran|Stealth Rock|p2a: Infernape\n|-sidestart|p2: RashestPlains|move: Stealth Rock\n|\n|-weather|SunnyDay|[upkeep]\n|upkeep\n|turn|5\n|\n|t:|1700031659\n|move|p1a: Heatran|Protect|p1a: Heatran\n|-singleturn|p1a: Heatran|Protect\n|move|p2a: Infernape|U-turn|p1a: Heatran\n|-activate|p1a: Heatran|move: Protect\n|\n|-weather|SunnyDay|[upkeep]\n|upkeep\n|turn|6\n|\n|t:|1700031666\n|move|p2a: Infernape|U-turn|p1a: Heatran\n|-resisted|p1a: Heatran\n|-damage|p1a: Heatran|88\/100\n|-damage|p2a: Infernape|84\/100|[from] item: Rocky Helmet|[of] p1a: Heatran\n|\n|t:|1700031668\n|switch|p2a: Torkoal|Torkoal, M|100\/100|[from] U-turn\n|-damage|p2a: Torkoal|75\/100|[from] Stealth Rock\n|move|p1a: Heatran|Toxic|p2a: Torkoal\n|-status|p2a: Torkoal|tox\n|\n|-weather|SunnyDay|[upkeep]\n|-damage|p2a: Torkoal|69\/100 tox|[from] psn\n|upkeep\n|turn|7\n|\n|t:|1700031680\n|move|p1a: Heatran|Protect|p1a: Heatran\n|-singleturn|p1a: Heatran|Protect\n|move|p2a: Torkoal|Stealth Rock|p1a: Heatran\n|-sidestart|p1: GABRIEL_HU|move: Stealth Rock\n|\n|-weather|SunnyDay|[upkeep]\n|-damage|p2a: Torkoal|57\/100 tox|[from] psn\n|upkeep\n|turn|8\n|\n|t:|1700031685\n|switch|p2a: Infernape|Infernape, M|84\/100\n|-damage|p2a: Infernape|72\/100|[from] Stealth Rock\n|move|p1a: Heatran|Magma Storm|p2a: Infernape\n|-resisted|p2a: Infernape\n|-damage|p2a: Infernape|22\/100\n|-activate|p2a: Infernape|move: Magma Storm|[of] p1a: Heatran\n|\n|-weather|none\n|-damage|p2a: Infernape|9\/100|[from] move: Magma Storm|[partiallytrapped]\n|upkeep\n|turn|9\n|-message|RashestPlains forfeited.\n|\n|win|GABRIEL_HU\n|raw|GABRIEL_HU's rating: 1434 &rarr; <strong>1445<\/strong><br \/>(+11 for winning)\n|raw|RashestPlains's rating: 1263 &rarr; <strong>1249<\/strong><br \/>(-14 for losing)\n|l|\u2606RashestPlains\n","uploadtime":1700031710,"views":4,"p1id":"gabrielhu","p2id":"rashestplains","formatid":"gen9nationaldex","rating":1249,"private":0,"password":""}