{"id":"gen9nationaldex-1992187144","p1":"PEEN0R","p2":"testing a funni3","format":"[Gen 9] National Dex","log":"|j|\u2606PEEN0R\n|j|\u2606testing a funni3\n|t:|1700162210\n|gametype|singles\n|player|p1|PEEN0R|swimmer-gen4dp|1543\n|player|p2|testing a funni3|unknownf|1396\n|teamsize|p1|6\n|teamsize|p2|6\n|gen|9\n|tier|[Gen 9] National Dex\n|rated|\n|rule|HP Percentage Mod: HP is shown in percentages\n|rule|Endless Battle Clause: Forcing endless battles is banned\n|rule|OHKO Clause: OHKO moves are banned\n|rule|Evasion Clause: Evasion abilities, items, and moves are banned\n|rule|Evasion Abilities Clause: Evasion abilities are banned\n|rule|Evasion Items Clause: Evasion items are banned\n|rule|Evasion Moves Clause: Evasion moves are banned\n|rule|Species Clause: Limit one of each Pok\u00e9mon\n|rule|Sleep Clause Mod: Limit one foe put to sleep\n|clearpoke\n|poke|p1|Venusaur, M|\n|poke|p1|Great Tusk|\n|poke|p1|Alomomola, F|\n|poke|p1|Tapu Koko|\n|poke|p1|Corviknight, F|\n|poke|p1|Weavile, F|\n|poke|p2|Latios, M|\n|poke|p2|Buzzwole|\n|poke|p2|Gliscor, M|\n|poke|p2|Weavile, F|\n|poke|p2|Heatran, M|\n|poke|p2|Ogerpon-Wellspring, F|\n|teampreview\n|\n|t:|1700162232\n|start\n|switch|p1a: Venusaur|Venusaur, M|100\/100\n|switch|p2a: Weavile|Weavile, F|100\/100\n|-ability|p2a: Weavile|Pressure\n|turn|1\n|\n|t:|1700162238\n|switch|p1a: Alomomola|Alomomola, F|100\/100\n|move|p2a: Weavile|Triple Axel|p1a: Alomomola\n|-resisted|p1a: Alomomola\n|-damage|p1a: Alomomola|96\/100\n|-resisted|p1a: Alomomola\n|-damage|p1a: Alomomola|88\/100\n|-resisted|p1a: Alomomola\n|-damage|p1a: Alomomola|75\/100\n|-hitcount|p1a: Alomomola|3\n|\n|upkeep\n|turn|2\n|\n|t:|1700162245\n|switch|p2a: Ogerpon|Ogerpon-Wellspring, F|100\/100\n|move|p1a: Alomomola|Flip Turn|p2a: Ogerpon\n|-immune|p2a: Ogerpon|[from] ability: Water Absorb\n|\n|upkeep\n|turn|3\n|\n|t:|1700162273\n|switch|p1a: Venusaur|Venusaur, M|100\/100\n|move|p2a: Ogerpon|Swords Dance|p2a: Ogerpon\n|-boost|p2a: Ogerpon|atk|2\n|\n|upkeep\n|turn|4\n|\n|t:|1700162288\n|detailschange|p1a: Venusaur|Venusaur-Mega, M\n|-mega|p1a: Venusaur|Venusaur|Venusaurite\n|-terastallize|p2a: Ogerpon|Water\n|detailschange|p2a: Ogerpon|Ogerpon-Wellspring-Tera, F, tera:Water\n|-ability|p2a: Ogerpon|Embody Aspect (Wellspring)|boost\n|-boost|p2a: Ogerpon|spd|1\n|move|p2a: Ogerpon|Ivy Cudgel|p1a: Venusaur|[anim] Ivy Cudgel Water\n|-resisted|p1a: Venusaur\n|-crit|p1a: Venusaur\n|-damage|p1a: Venusaur|9\/100\n|move|p1a: Venusaur|Sludge Bomb|p2a: Ogerpon\n|-damage|p2a: Ogerpon|67\/100\n|\n|upkeep\n|turn|5\n|\n|t:|1700162311\n|switch|p1a: Corviknight|Corviknight, F|100\/100\n|-ability|p1a: Corviknight|Pressure\n|move|p2a: Ogerpon|Ivy Cudgel|p1a: Corviknight|[anim] Ivy Cudgel Water\n|-crit|p1a: Corviknight\n|-damage|p1a: Corviknight|0 fnt\n|faint|p1a: Corviknight\n|\n|upkeep\n|\n|t:|1700162316\n|switch|p1a: Tapu Koko|Tapu Koko|100\/100\n|-fieldstart|move: Electric Terrain|[from] ability: Electric Surge|[of] p1a: Tapu Koko\n|turn|6\n|\n|t:|1700162319\n|switch|p2a: Gliscor|Gliscor, M|100\/100\n|move|p1a: Tapu Koko|Thunderbolt|p2a: Gliscor\n|-immune|p2a: Gliscor\n|\n|-status|p2a: Gliscor|tox|[from] item: Toxic Orb\n|upkeep\n|turn|7\n|\n|t:|1700162342\n|move|p1a: Tapu Koko|U-turn|p2a: Gliscor\n|-resisted|p2a: Gliscor\n|-damage|p2a: Gliscor|94\/100 tox\n|\n|t:|1700162344\n|switch|p1a: Weavile|Weavile, F|100\/100|[from] U-turn\n|-ability|p1a: Weavile|Pressure\n|move|p2a: Gliscor|Toxic|p1a: Weavile\n|-status|p1a: Weavile|tox\n|\n|-damage|p1a: Weavile|94\/100 tox|[from] psn\n|-heal|p2a: Gliscor|100\/100 tox|[from] ability: Poison Heal\n|upkeep\n|turn|8\n|\n|t:|1700162353\n|switch|p2a: Buzzwole|Buzzwole|100\/100\n|move|p1a: Weavile|Knock Off|p2a: Buzzwole\n|-resisted|p2a: Buzzwole\n|-damage|p2a: Buzzwole|90\/100\n|-enditem|p2a: Buzzwole|Heavy-Duty Boots|[from] move: Knock Off|[of] p1a: Weavile\n|\n|-damage|p1a: Weavile|82\/100 tox|[from] psn\n|upkeep\n|turn|9\n|\n|t:|1700162359\n|switch|p1a: Alomomola|Alomomola, F|100\/100\n|move|p2a: Buzzwole|Bulk Up|p2a: Buzzwole\n|-boost|p2a: Buzzwole|atk|1\n|-boost|p2a: Buzzwole|def|1\n|\n|upkeep\n|turn|10\n|inactive|Battle timer is ON: inactive players will automatically lose when time's up. (requested by PEEN0R)\n|\n|t:|1700162366\n|move|p2a: Buzzwole|Bulk Up|p2a: Buzzwole\n|-boost|p2a: Buzzwole|atk|1\n|-boost|p2a: Buzzwole|def|1\n|move|p1a: Alomomola|Toxic|p2a: Buzzwole\n|-status|p2a: Buzzwole|tox\n|\n|-damage|p2a: Buzzwole|84\/100 tox|[from] psn\n|-fieldend|move: Electric Terrain\n|upkeep\n|turn|11\n|\n|t:|1700162373\n|move|p2a: Buzzwole|Drain Punch|p1a: Alomomola\n|-damage|p1a: Alomomola|62\/100\n|-heal|p2a: Buzzwole|100\/100 tox|[from] drain|[of] p1a: Alomomola\n|move|p1a: Alomomola|Wish|p1a: Alomomola\n|\n|-damage|p2a: Buzzwole|88\/100 tox|[from] psn\n|upkeep\n|turn|12\n|\n|t:|1700162378\n|switch|p2a: Heatran|Heatran, M|100\/100\n|move|p1a: Alomomola|Flip Turn|p2a: Heatran\n|-supereffective|p2a: Heatran\n|-damage|p2a: Heatran|72\/100\n|\n|t:|1700162381\n|switch|p1a: Venusaur|Venusaur-Mega, M|9\/100|[from] Flip Turn\n|\n|-heal|p1a: Venusaur|74\/100|[from] move: Wish|[wisher] Alomomola\n|-heal|p2a: Heatran|78\/100|[from] item: Leftovers\n|upkeep\n|turn|13\n|\n|t:|1700162389\n|move|p1a: Venusaur|Earth Power|p2a: Heatran\n|-supereffective|p2a: Heatran\n|-damage|p2a: Heatran|0 fnt\n|faint|p2a: Heatran\n|\n|upkeep\n|\n|t:|1700162396\n|switch|p2a: Latios|Latios, M|100\/100\n|turn|14\n|\n|t:|1700162403\n|switch|p1a: Alomomola|Alomomola, F|95\/100\n|detailschange|p2a: Latios|Latios-Mega, M\n|-mega|p2a: Latios|Latios|Latiosite\n|move|p2a: Latios|Psychic|p1a: Alomomola\n|-damage|p1a: Alomomola|44\/100\n|\n|upkeep\n|turn|15\n|\n|t:|1700162408\n|switch|p1a: Weavile|Weavile, F|82\/100 tox\n|-ability|p1a: Weavile|Pressure\n|move|p2a: Latios|Psychic|p1a: Weavile\n|-immune|p1a: Weavile\n|\n|-damage|p1a: Weavile|76\/100 tox|[from] psn\n|upkeep\n|turn|16\n|\n|t:|1700162416\n|switch|p2a: Buzzwole|Buzzwole|88\/100 tox\n|move|p1a: Weavile|Triple Axel|p2a: Buzzwole\n|-damage|p2a: Buzzwole|83\/100 tox\n|-damage|p2a: Buzzwole|73\/100 tox\n|-damage|p2a: Buzzwole|59\/100 tox\n|-hitcount|p2a: Buzzwole|3\n|\n|-damage|p1a: Weavile|64\/100 tox|[from] psn\n|-damage|p2a: Buzzwole|53\/100 tox|[from] psn\n|upkeep\n|turn|17\n|\n|t:|1700162421\n|switch|p1a: Alomomola|Alomomola, F|77\/100\n|move|p2a: Buzzwole|Roost|p2a: Buzzwole\n|-heal|p2a: Buzzwole|100\/100 tox\n|-singleturn|p2a: Buzzwole|move: Roost\n|\n|-damage|p2a: Buzzwole|88\/100 tox|[from] psn\n|upkeep\n|turn|18\n|\n|t:|1700162425\n|switch|p2a: Gliscor|Gliscor, M|100\/100 tox\n|move|p1a: Alomomola|Wish|p1a: Alomomola\n|\n|upkeep\n|turn|19\n|\n|t:|1700162430\n|move|p2a: Gliscor|Toxic|p1a: Alomomola\n|-status|p1a: Alomomola|tox\n|move|p1a: Alomomola|Flip Turn|p2a: Gliscor\n|-supereffective|p2a: Gliscor\n|-damage|p2a: Gliscor|74\/100 tox\n|\n|t:|1700162432\n|switch|p1a: Weavile|Weavile, F|64\/100 tox|[from] Flip Turn\n|-ability|p1a: Weavile|Pressure\n|\n|-heal|p1a: Weavile|100\/100 tox|[from] move: Wish|[wisher] Alomomola\n|-damage|p1a: Weavile|94\/100 tox|[from] psn\n|-heal|p2a: Gliscor|87\/100 tox|[from] ability: Poison Heal\n|upkeep\n|turn|20\n|\n|t:|1700162437\n|switch|p2a: Buzzwole|Buzzwole|88\/100 tox\n|move|p1a: Weavile|Swords Dance|p1a: Weavile\n|-boost|p1a: Weavile|atk|2\n|\n|-damage|p1a: Weavile|82\/100 tox|[from] psn\n|-damage|p2a: Buzzwole|82\/100 tox|[from] psn\n|upkeep\n|turn|21\n|\n|t:|1700162441\n|move|p1a: Weavile|Triple Axel|p2a: Buzzwole\n|-damage|p2a: Buzzwole|72\/100 tox\n|-damage|p2a: Buzzwole|54\/100 tox\n|-damage|p2a: Buzzwole|24\/100 tox\n|-hitcount|p2a: Buzzwole|3\n|move|p2a: Buzzwole|Drain Punch|p1a: Weavile\n|-supereffective|p1a: Weavile\n|-crit|p1a: Weavile\n|-damage|p1a: Weavile|0 fnt\n|-heal|p2a: Buzzwole|52\/100 tox|[from] drain|[of] p1a: Weavile\n|faint|p1a: Weavile\n|-ability|p2a: Buzzwole|Beast Boost|boost\n|-boost|p2a: Buzzwole|def|1\n|\n|-damage|p2a: Buzzwole|40\/100 tox|[from] psn\n|upkeep\n|\n|t:|1700162447\n|switch|p1a: Tapu Koko|Tapu Koko|100\/100\n|-fieldstart|move: Electric Terrain|[from] ability: Electric Surge|[of] p1a: Tapu Koko\n|turn|22\n|\n|t:|1700162454\n|switch|p2a: Gliscor|Gliscor, M|87\/100 tox\n|move|p1a: Tapu Koko|Dazzling Gleam|p2a: Gliscor\n|-damage|p2a: Gliscor|58\/100 tox\n|\n|-heal|p2a: Gliscor|70\/100 tox|[from] ability: Poison Heal\n|upkeep\n|turn|23\n|-message|PEEN0R forfeited.\n|\n|win|testing a funni3\n|raw|PEEN0R's rating: 1520 &rarr; <strong>1493<\/strong><br \/>(-27 for losing)\n|raw|testing a funni3's rating: 1396 &rarr; <strong>1423<\/strong><br \/>(+27 for winning)\n|l|\u2606PEEN0R\n","uploadtime":1700162467,"views":9,"p1id":"peen0r","p2id":"testingafunni3","formatid":"gen9nationaldex","rating":1423,"private":0,"password":""}