{"id":"gen9nationaldex-1991837596","p1":"Jinbishanshanshan","p2":"Venator leo","format":"[Gen 9] National Dex","log":"|j|\u2606Jinbishanshanshan\n|j|\u2606Venator leo\n|t:|1700126121\n|gametype|singles\n|player|p1|Jinbishanshanshan|lillie-z|1380\n|player|p2|Venator leo|volkner|1385\n|teamsize|p1|6\n|teamsize|p2|6\n|gen|9\n|tier|[Gen 9] National Dex\n|rated|\n|rule|HP Percentage Mod: HP is shown in percentages\n|rule|Endless Battle Clause: Forcing endless battles is banned\n|rule|OHKO Clause: OHKO moves are banned\n|rule|Evasion Clause: Evasion abilities, items, and moves are banned\n|rule|Evasion Abilities Clause: Evasion abilities are banned\n|rule|Evasion Items Clause: Evasion items are banned\n|rule|Evasion Moves Clause: Evasion moves are banned\n|rule|Species Clause: Limit one of each Pok\u00e9mon\n|rule|Sleep Clause Mod: Limit one foe put to sleep\n|clearpoke\n|poke|p1|Rillaboom, F|\n|poke|p1|Heatran, F|\n|poke|p1|Urshifu-*, M|\n|poke|p1|Slowking-Galar, F|\n|poke|p1|Thundurus-Therian, M|\n|poke|p1|Weezing-Galar, F|\n|poke|p2|Zamazenta-*|\n|poke|p2|Whimsicott, M|\n|poke|p2|Garganacl, M|\n|poke|p2|Hoopa-Unbound|\n|poke|p2|Dondozo, M|\n|poke|p2|Gigalith, M|\n|teampreview\n|inactive|Battle timer is ON: inactive players will automatically lose when time's up. (requested by Venator leo)\n|\n|t:|1700126131\n|start\n|switch|p1a: Thundurus|Thundurus-Therian, M|100\/100\n|switch|p2a: Whimsicott|Whimsicott, M|100\/100\n|turn|1\n|\n|t:|1700126157\n|move|p2a: Whimsicott|Protect|p2a: Whimsicott\n|-singleturn|p2a: Whimsicott|Protect\n|move|p1a: Thundurus|Hidden Power|p2a: Whimsicott\n|-activate|p2a: Whimsicott|move: Protect\n|\n|upkeep\n|turn|2\n|\n|t:|1700126166\n|switch|p2a: Gigalith|Gigalith, M|100\/100\n|-weather|Sandstorm|[from] ability: Sand Stream|[of] p2a: Gigalith\n|move|p1a: Thundurus|Hidden Power|p2a: Gigalith\n|-damage|p2a: Gigalith|92\/100\n|\n|-weather|Sandstorm|[upkeep]\n|-damage|p1a: Thundurus|94\/100|[from] Sandstorm\n|upkeep\n|turn|3\n|\n|t:|1700126177\n|switch|p1a: Rillaboom|Rillaboom, F|100\/100\n|-fieldstart|move: Grassy Terrain|[from] ability: Grassy Surge|[of] p1a: Rillaboom\n|switch|p2a: Whimsicott|Whimsicott, M|100\/100\n|\n|-weather|Sandstorm|[upkeep]\n|-damage|p2a: Whimsicott|94\/100|[from] Sandstorm\n|-damage|p1a: Rillaboom|94\/100|[from] Sandstorm\n|-heal|p2a: Whimsicott|100\/100|[from] Grassy Terrain\n|-heal|p1a: Rillaboom|100\/100|[from] Grassy Terrain\n|upkeep\n|turn|4\n|\n|t:|1700126190\n|move|p2a: Whimsicott|Toxic|p1a: Rillaboom\n|-status|p1a: Rillaboom|tox\n|move|p1a: Rillaboom|U-turn|p2a: Whimsicott\n|-damage|p2a: Whimsicott|53\/100\n|\n|t:|1700126200\n|switch|p1a: Slowking|Slowking-Galar, F|100\/100|[from] U-turn\n|\n|-weather|Sandstorm|[upkeep]\n|-damage|p2a: Whimsicott|47\/100|[from] Sandstorm\n|-damage|p1a: Slowking|94\/100|[from] Sandstorm\n|-heal|p2a: Whimsicott|53\/100|[from] Grassy Terrain\n|-heal|p2a: Whimsicott|59\/100|[from] item: Leftovers\n|-heal|p1a: Slowking|100\/100|[from] Grassy Terrain\n|upkeep\n|turn|5\n|\n|t:|1700126207\n|move|p2a: Whimsicott|Leech Seed|p1a: Slowking\n|-start|p1a: Slowking|move: Leech Seed\n|move|p1a: Slowking|Future Sight|p2a: Whimsicott\n|-start|p1a: Slowking|move: Future Sight\n|\n|-weather|Sandstorm|[upkeep]\n|-damage|p2a: Whimsicott|53\/100|[from] Sandstorm\n|-damage|p1a: Slowking|94\/100|[from] Sandstorm\n|-heal|p2a: Whimsicott|59\/100|[from] Grassy Terrain\n|-heal|p2a: Whimsicott|66\/100|[from] item: Leftovers\n|-heal|p1a: Slowking|100\/100|[from] Grassy Terrain\n|-damage|p1a: Slowking|88\/100|[from] Leech Seed|[of] p2a: Whimsicott\n|-heal|p2a: Whimsicott|81\/100|[silent]\n|upkeep\n|turn|6\n|\n|t:|1700126214\n|move|p2a: Whimsicott|Protect|p2a: Whimsicott\n|-singleturn|p2a: Whimsicott|Protect\n|move|p1a: Slowking|Sludge Bomb|p2a: Whimsicott\n|-activate|p2a: Whimsicott|move: Protect\n|\n|-weather|none\n|-heal|p2a: Whimsicott|87\/100|[from] Grassy Terrain\n|-heal|p2a: Whimsicott|93\/100|[from] item: Leftovers\n|-heal|p1a: Slowking|94\/100|[from] Grassy Terrain\n|-damage|p1a: Slowking|82\/100|[from] Leech Seed|[of] p2a: Whimsicott\n|-heal|p2a: Whimsicott|100\/100|[silent]\n|upkeep\n|turn|7\n|\n|t:|1700126224\n|switch|p2a: Hoopa|Hoopa-Unbound|100\/100\n|move|p1a: Slowking|Chilly Reception|p1a: Slowking\n|-weather|Snow\n|\n|t:|1700126234\n|switch|p1a: Urshifu|Urshifu-Rapid-Strike, M|100\/100|[from] Chilly Reception\n|\n|-weather|Snow|[upkeep]\n|-end|p2a: Hoopa|move: Future Sight\n|-immune|p2a: Hoopa\n|-fieldend|move: Grassy Terrain\n|upkeep\n|turn|8\n|\n|t:|1700126243\n|switch|p2a: Dondozo|Dondozo, M|100\/100\n|move|p1a: Urshifu|U-turn|p2a: Dondozo\n|-damage|p2a: Dondozo|82\/100\n|\n|t:|1700126251\n|switch|p1a: Thundurus|Thundurus-Therian, M|94\/100|[from] U-turn\n|\n|-weather|Snow|[upkeep]\n|upkeep\n|turn|9\n|\n|t:|1700126259\n|move|p1a: Thundurus|Volt Switch|p2a: Dondozo\n|-supereffective|p2a: Dondozo\n|-damage|p2a: Dondozo|40\/100\n|\n|t:|1700126274\n|switch|p1a: Weezing|Weezing-Galar, F|100\/100|[from] Volt Switch\n|-ability|p1a: Weezing|Neutralizing Gas\n|move|p2a: Dondozo|Wave Crash|p1a: Weezing\n|-damage|p1a: Weezing|72\/100\n|-damage|p2a: Dondozo|34\/100|[from] Recoil\n|\n|-weather|Snow|[upkeep]\n|-heal|p1a: Weezing|78\/100|[from] item: Leftovers\n|upkeep\n|turn|10\n|\n|t:|1700126292\n|switch|p2a: Hoopa|Hoopa-Unbound|100\/100\n|move|p1a: Weezing|Will-O-Wisp|p2a: Hoopa\n|-status|p2a: Hoopa|brn\n|\n|-weather|Snow|[upkeep]\n|-heal|p1a: Weezing|84\/100|[from] item: Leftovers\n|-damage|p2a: Hoopa|95\/100 brn|[from] brn\n|upkeep\n|turn|11\n|\n|t:|1700126310\n|-end|p1a: Weezing|ability: Neutralizing Gas\n|switch|p1a: Heatran|Heatran, F|100\/100\n|move|p2a: Hoopa|Dark Pulse|p1a: Heatran\n|-damage|p1a: Heatran|48\/100\n|\n|-weather|none\n|-heal|p1a: Heatran|54\/100|[from] item: Leftovers\n|-damage|p2a: Hoopa|89\/100 brn|[from] brn\n|upkeep\n|turn|12\n|\n|t:|1700126322\n|move|p2a: Hoopa|Dark Pulse|p1a: Heatran\n|-crit|p1a: Heatran\n|-damage|p1a: Heatran|0 fnt\n|faint|p1a: Heatran\n|\n|-damage|p2a: Hoopa|83\/100 brn|[from] brn\n|upkeep\n|\n|t:|1700126327\n|switch|p1a: Urshifu|Urshifu-Rapid-Strike, M|100\/100\n|turn|13\n|\n|t:|1700126340\n|switch|p2a: Dondozo|Dondozo, M|34\/100\n|move|p1a: Urshifu|U-turn|p2a: Dondozo\n|-damage|p2a: Dondozo|14\/100\n|\n|t:|1700126346\n|switch|p1a: Thundurus|Thundurus-Therian, M|94\/100|[from] U-turn\n|\n|upkeep\n|turn|14\n|\n|t:|1700126353\n|switch|p2a: Whimsicott|Whimsicott, M|100\/100\n|move|p1a: Thundurus|Volt Switch|p2a: Whimsicott\n|-resisted|p2a: Whimsicott\n|-damage|p2a: Whimsicott|75\/100\n|\n|t:|1700126359\n|switch|p1a: Slowking|Slowking-Galar, F|100\/100|[from] Volt Switch\n|\n|-heal|p2a: Whimsicott|81\/100|[from] item: Leftovers\n|upkeep\n|turn|15\n|\n|t:|1700126364\n|switch|p2a: Hoopa|Hoopa-Unbound|83\/100 brn\n|move|p1a: Slowking|Sludge Bomb|p2a: Hoopa\n|-damage|p2a: Hoopa|52\/100 brn\n|\n|-damage|p2a: Hoopa|46\/100 brn|[from] brn\n|upkeep\n|turn|16\n|inactive|Jinbishanshanshan has 120 seconds left.\n|\n|t:|1700126410\n|move|p2a: Hoopa|Dark Pulse|p1a: Slowking\n|-supereffective|p1a: Slowking\n|-damage|p1a: Slowking|0 fnt\n|faint|p1a: Slowking\n|\n|-damage|p2a: Hoopa|40\/100 brn|[from] brn\n|upkeep\n|c|\u2606Venator leo|Imagine calcing mid battle\n|inactive|Jinbishanshanshan has 90 seconds left.\n|\n|t:|1700126432\n|switch|p1a: Urshifu|Urshifu-Rapid-Strike, M|100\/100\n|turn|17\n|\n|t:|1700126441\n|switch|p2a: Dondozo|Dondozo, M|14\/100\n|move|p1a: Urshifu|U-turn|p2a: Dondozo\n|-damage|p2a: Dondozo|0 fnt\n|faint|p2a: Dondozo\n|\n|t:|1700126447\n|switch|p1a: Thundurus|Thundurus-Therian, M|94\/100|[from] U-turn\n|\n|upkeep\n|\n|t:|1700126453\n|switch|p2a: Garganacl|Garganacl, M|100\/100\n|turn|18\n|\n|t:|1700126461\n|move|p1a: Thundurus|Volt Switch|p2a: Garganacl\n|-damage|p2a: Garganacl|72\/100\n|\n|t:|1700126467\n|switch|p1a: Weezing|Weezing-Galar, F|84\/100|[from] Volt Switch\n|-ability|p1a: Weezing|Neutralizing Gas\n|move|p2a: Garganacl|Salt Cure|p1a: Weezing\n|-damage|p1a: Weezing|75\/100\n|-start|p1a: Weezing|Salt Cure\n|\n|-heal|p1a: Weezing|81\/100|[from] item: Leftovers\n|-heal|p2a: Garganacl|79\/100|[from] item: Leftovers\n|-damage|p1a: Weezing|69\/100|[from] Salt Cure\n|upkeep\n|turn|19\n|\n|t:|1700126477\n|move|p1a: Weezing|Toxic Spikes|p2a: Garganacl\n|-sidestart|p2: Venator leo|move: Toxic Spikes\n|move|p2a: Garganacl|Iron Defense|p2a: Garganacl\n|-boost|p2a: Garganacl|def|2\n|\n|-heal|p1a: Weezing|75\/100|[from] item: Leftovers\n|-heal|p2a: Garganacl|85\/100|[from] item: Leftovers\n|-damage|p1a: Weezing|62\/100|[from] Salt Cure\n|upkeep\n|turn|20\n|\n|t:|1700126483\n|-end|p1a: Weezing|ability: Neutralizing Gas\n|switch|p1a: Urshifu|Urshifu-Rapid-Strike, M|100\/100\n|switch|p2a: Hoopa|Hoopa-Unbound|40\/100 brn\n|\n|-damage|p2a: Hoopa|34\/100 brn|[from] brn\n|upkeep\n|turn|21\n|inactive|Jinbishanshanshan has 120 seconds left.\n|\n|t:|1700126496\n|move|p1a: Urshifu|U-turn|p2a: Hoopa\n|-supereffective|p2a: Hoopa\n|-damage|p2a: Hoopa|0 fnt\n|faint|p2a: Hoopa\n|\n|t:|1700126500\n|switch|p1a: Thundurus|Thundurus-Therian, M|94\/100|[from] U-turn\n|\n|upkeep\n|\n|t:|1700126520\n|switch|p2a: Garganacl|Garganacl, M|85\/100\n|turn|22\n|\n|t:|1700126527\n|move|p1a: Thundurus|Volt Switch|p2a: Garganacl\n|-damage|p2a: Garganacl|58\/100\n|\n|t:|1700126530\n|switch|p1a: Rillaboom|Rillaboom, F|100\/100 tox|[from] Volt Switch\n|-fieldstart|move: Grassy Terrain|[from] ability: Grassy Surge|[of] p1a: Rillaboom\n|move|p2a: Garganacl|Salt Cure|p1a: Rillaboom\n|-damage|p1a: Rillaboom|85\/100 tox\n|-start|p1a: Rillaboom|Salt Cure\n|\n|-heal|p1a: Rillaboom|91\/100 tox|[from] Grassy Terrain\n|-heal|p2a: Garganacl|64\/100|[from] Grassy Terrain\n|-heal|p2a: Garganacl|70\/100|[from] item: Leftovers\n|-damage|p1a: Rillaboom|85\/100 tox|[from] psn\n|-damage|p1a: Rillaboom|73\/100 tox|[from] Salt Cure\n|upkeep\n|turn|23\n|\n|t:|1700126546\n|switch|p2a: Whimsicott|Whimsicott, M|81\/100\n|-status|p2a: Whimsicott|psn\n|move|p1a: Rillaboom|Wood Hammer|p2a: Whimsicott\n|-resisted|p2a: Whimsicott\n|-damage|p2a: Whimsicott|7\/100 psn\n|-damage|p1a: Rillaboom|50\/100 tox|[from] Recoil\n|\n|-heal|p2a: Whimsicott|13\/100 psn|[from] Grassy Terrain\n|-heal|p2a: Whimsicott|19\/100 psn|[from] item: Leftovers\n|-heal|p1a: Rillaboom|56\/100 tox|[from] Grassy Terrain\n|-damage|p2a: Whimsicott|7\/100 psn|[from] psn\n|-damage|p1a: Rillaboom|44\/100 tox|[from] psn\n|-damage|p1a: Rillaboom|31\/100 tox|[from] Salt Cure\n|upkeep\n|turn|24\n|\n|t:|1700126568\n|switch|p1a: Thundurus|Thundurus-Therian, M|94\/100\n|move|p2a: Whimsicott|Toxic|p1a: Thundurus\n|-status|p1a: Thundurus|tox\n|\n|-heal|p2a: Whimsicott|13\/100 psn|[from] Grassy Terrain\n|-heal|p2a: Whimsicott|19\/100 psn|[from] item: Leftovers\n|-damage|p1a: Thundurus|88\/100 tox|[from] psn\n|-damage|p2a: Whimsicott|7\/100 psn|[from] psn\n|upkeep\n|turn|25\n|\n|t:|1700126577\n|move|p2a: Whimsicott|Protect|p2a: Whimsicott\n|-singleturn|p2a: Whimsicott|Protect\n|move|p1a: Thundurus|Volt Switch|p2a: Whimsicott\n|-activate|p2a: Whimsicott|move: Protect\n|\n|-heal|p2a: Whimsicott|13\/100 psn|[from] Grassy Terrain\n|-heal|p2a: Whimsicott|19\/100 psn|[from] item: Leftovers\n|-damage|p1a: Thundurus|76\/100 tox|[from] psn\n|-damage|p2a: Whimsicott|7\/100 psn|[from] psn\n|upkeep\n|turn|26\n|\n|t:|1700126582\n|move|p2a: Whimsicott|Leech Seed|p1a: Thundurus\n|-start|p1a: Thundurus|move: Leech Seed\n|move|p1a: Thundurus|Volt Switch|p2a: Whimsicott\n|-resisted|p2a: Whimsicott\n|-damage|p2a: Whimsicott|0 fnt\n|faint|p2a: Whimsicott\n|\n|t:|1700126594\n|switch|p1a: Weezing|Weezing-Galar, F|62\/100|[from] Volt Switch\n|-ability|p1a: Weezing|Neutralizing Gas\n|\n|-heal|p1a: Weezing|68\/100|[from] Grassy Terrain\n|-heal|p1a: Weezing|74\/100|[from] item: Leftovers\n|-fieldend|move: Grassy Terrain\n|upkeep\n|\n|t:|1700126598\n|switch|p2a: Garganacl|Garganacl, M|70\/100\n|-status|p2a: Garganacl|psn\n|turn|27\n|\n|t:|1700126607\n|-end|p1a: Weezing|ability: Neutralizing Gas\n|switch|p1a: Urshifu|Urshifu-Rapid-Strike, M|100\/100\n|move|p2a: Garganacl|Recover|p2a: Garganacl\n|-heal|p2a: Garganacl|100\/100 psn\n|\n|-damage|p2a: Garganacl|88\/100 psn|[from] psn\n|upkeep\n|turn|28\n|\n|t:|1700126615\n|-terastallize|p1a: Urshifu|Water\n|move|p1a: Urshifu|Surging Strikes|p2a: Garganacl\n|-supereffective|p2a: Garganacl\n|-crit|p2a: Garganacl\n|-damage|p2a: Garganacl|39\/100 psn\n|-supereffective|p2a: Garganacl\n|-crit|p2a: Garganacl\n|-damage|p2a: Garganacl|0 fnt\n|faint|p2a: Garganacl\n|-hitcount|p2: Garganacl|2\n|\n|upkeep\n|\n|t:|1700126621\n|switch|p2a: Zamazenta|Zamazenta|100\/100\n|-status|p2a: Zamazenta|psn\n|-ability|p2a: Zamazenta|Dauntless Shield|boost\n|-boost|p2a: Zamazenta|def|1\n|turn|29\n|\n|t:|1700126629\n|move|p2a: Zamazenta|Iron Defense|p2a: Zamazenta\n|-boost|p2a: Zamazenta|def|2\n|move|p1a: Urshifu|Surging Strikes|p2a: Zamazenta\n|-crit|p2a: Zamazenta\n|-damage|p2a: Zamazenta|68\/100 psn\n|-crit|p2a: Zamazenta\n|-damage|p2a: Zamazenta|32\/100 psn\n|-crit|p2a: Zamazenta\n|-damage|p2a: Zamazenta|0 fnt\n|faint|p2a: Zamazenta\n|-hitcount|p2: Zamazenta|3\n|\n|upkeep\n|c|\u2606Jinbishanshanshan|gg\n|-message|Venator leo forfeited.\n|\n|win|Jinbishanshanshan\n|raw|Jinbishanshanshan's rating: 1380 &rarr; <strong>1400<\/strong><br \/>(+20 for winning)\n|raw|Venator leo's rating: 1385 &rarr; <strong>1365<\/strong><br \/>(-20 for losing)\n|l|\u2606Venator leo\n","uploadtime":1700126812,"views":4,"p1id":"jinbishanshanshan","p2id":"venatorleo","formatid":"gen9nationaldex","rating":1365,"private":0,"password":""}