{"id":"gen9nationaldex-1997839155","p1":"Reivya","p2":"Mob Boss Joey","format":"[Gen 9] National Dex","log":"|html|<div class=\"broadcast-blue\"><strong>[Gen 9] National Dex is currently suspecting Sneasler! For information on how to participate check out the <a href=\"https:\/\/www.smogon.com\/forums\/threads\/sv-national-dex-suspect-8-just-dance.3731534\/\">suspect thread<\/a>.<\/strong><\/div>\n|j|\u2606Reivya\n|j|\u2606Mob Boss Joey\n|t:|1700858317\n|gametype|singles\n|player|p1|Reivya|jupiter|1136\n|player|p2|Mob Boss Joey|265|1206\n|teamsize|p1|6\n|teamsize|p2|6\n|gen|9\n|tier|[Gen 9] National Dex\n|rated|\n|rule|HP Percentage Mod: HP is shown in percentages\n|rule|Endless Battle Clause: Forcing endless battles is banned\n|rule|OHKO Clause: OHKO moves are banned\n|rule|Evasion Clause: Evasion abilities, items, and moves are banned\n|rule|Evasion Abilities Clause: Evasion abilities are banned\n|rule|Evasion Items Clause: Evasion items are banned\n|rule|Evasion Moves Clause: Evasion moves are banned\n|rule|Species Clause: Limit one of each Pok\u00e9mon\n|rule|Sleep Clause Mod: Limit one foe put to sleep\n|clearpoke\n|poke|p1|Gardevoir, F|\n|poke|p1|Lopunny, F|\n|poke|p1|Tsareena, F|\n|poke|p1|Gothitelle, F|\n|poke|p1|Ribombee, M|\n|poke|p1|Vaporeon, F|\n|poke|p2|Munkidori, M|\n|poke|p2|Quagsire, M|\n|poke|p2|Wormadam-Trash, F|\n|poke|p2|Iron Valiant|\n|poke|p2|Banette, M|\n|poke|p2|Pawmot, M|\n|teampreview\n|c|\u2606Reivya|glhf\n|\n|t:|1700858332\n|start\n|switch|p1a: Lopunny|Lopunny, F|100\/100\n|switch|p2a: Basura|Wormadam-Trash, F|100\/100\n|turn|1\n|\n|t:|1700858351\n|switch|p1a: Tsareena|Tsareena, F|100\/100\n|move|p2a: Basura|Quiver Dance|p2a: Basura\n|-boost|p2a: Basura|spa|1\n|-boost|p2a: Basura|spd|1\n|-boost|p2a: Basura|spe|1\n|\n|upkeep\n|turn|2\n|c|\u2606Mob Boss Joey|u too\n|\n|t:|1700858358\n|move|p2a: Basura|Quiver Dance|p2a: Basura\n|-boost|p2a: Basura|spa|1\n|-boost|p2a: Basura|spd|1\n|-boost|p2a: Basura|spe|1\n|move|p1a: Tsareena|Taunt|p2a: Basura\n|-start|p2a: Basura|move: Taunt\n|\n|upkeep\n|turn|3\n|\n|t:|1700858377\n|switch|p1a: Gardevoir|Gardevoir, F|100\/100\n|move|p2a: Basura|Bug Buzz|p1a: Gardevoir\n|-damage|p1a: Gardevoir|29\/100\n|\n|upkeep\n|turn|4\n|\n|t:|1700858395\n|switch|p1a: Ribombee|Ribombee, M|100\/100\n|move|p2a: Basura|Flash Cannon|p1a: Ribombee\n|-supereffective|p1a: Ribombee\n|-damage|p1a: Ribombee|0 fnt\n|faint|p1a: Ribombee\n|\n|upkeep\n|\n|t:|1700858403\n|switch|p1a: Vaporeon|Vaporeon, F|100\/100\n|turn|5\n|\n|t:|1700858406\n|move|p2a: Basura|Bug Buzz|p1a: Vaporeon\n|-damage|p1a: Vaporeon|45\/100\n|move|p1a: Vaporeon|Wish|p1a: Vaporeon\n|\n|-heal|p1a: Vaporeon|52\/100|[from] item: Leftovers\n|-end|p2a: Basura|move: Taunt\n|upkeep\n|turn|6\n|\n|t:|1700858417\n|move|p2a: Basura|Bug Buzz|p1a: Vaporeon\n|-damage|p1a: Vaporeon|0 fnt\n|faint|p1a: Vaporeon\n|\n|upkeep\n|\n|t:|1700858421\n|switch|p1a: Gardevoir|Gardevoir, F|29\/100\n|turn|7\n|c|\u2606Mob Boss Joey|your wish ain't coming true boiiiiiiiiiiiiiiiiii\n|\n|t:|1700858432\n|move|p1a: Gardevoir|Endure|p1a: Gardevoir\n|-singleturn|p1a: Gardevoir|move: Endure\n|move|p2a: Basura|Flash Cannon|p1a: Gardevoir\n|-supereffective|p1a: Gardevoir\n|-activate|p1a: Gardevoir|move: Endure\n|-damage|p1a: Gardevoir|1\/100\n|-enditem|p1a: Gardevoir|Salac Berry|[eat]\n|-boost|p1a: Gardevoir|spe|1|[from] item: Salac Berry\n|\n|upkeep\n|turn|8\n|\n|t:|1700858443\n|-terastallize|p1a: Gardevoir|Electric\n|move|p1a: Gardevoir|Thunderbolt|p2a: Basura\n|-damage|p2a: Basura|68\/100\n|move|p2a: Basura|Bug Buzz|p1a: Gardevoir\n|-damage|p1a: Gardevoir|0 fnt\n|faint|p1a: Gardevoir\n|\n|upkeep\n|\n|t:|1700858451\n|switch|p1a: Lopunny|Lopunny, F|100\/100\n|turn|9\n|\n|t:|1700858457\n|detailschange|p1a: Lopunny|Lopunny-Mega, F\n|-mega|p1a: Lopunny|Lopunny|Lopunnite\n|move|p1a: Lopunny|Power-Up Punch|p2a: Basura\n|-damage|p2a: Basura|38\/100\n|-boost|p1a: Lopunny|atk|1\n|move|p2a: Basura|Bug Buzz|p1a: Lopunny\n|-resisted|p1a: Lopunny\n|-damage|p1a: Lopunny|57\/100\n|\n|upkeep\n|turn|10\n|\n|t:|1700858467\n|move|p1a: Lopunny|Drain Punch|p2a: Basura\n|-damage|p2a: Basura|0 fnt\n|-heal|p1a: Lopunny|75\/100|[from] drain|[of] p2a: Basura\n|faint|p2a: Basura\n|\n|upkeep\n|\n|t:|1700858473\n|switch|p2a: No b8 m8|Quagsire, M, shiny|100\/100\n|turn|11\n|\n|t:|1700858480\n|move|p1a: Lopunny|Return|p2a: No b8 m8\n|-damage|p2a: No b8 m8|59\/100\n|move|p2a: No b8 m8|Scald|p1a: Lopunny\n|-damage|p1a: Lopunny|50\/100\n|\n|-heal|p2a: No b8 m8|65\/100|[from] item: Leftovers\n|upkeep\n|turn|12\n|\n|t:|1700858489\n|move|p1a: Lopunny|Drain Punch|p2a: No b8 m8\n|-damage|p2a: No b8 m8|39\/100\n|-heal|p1a: Lopunny|70\/100|[from] drain|[of] p2a: No b8 m8\n|move|p2a: No b8 m8|Scald|p1a: Lopunny\n|-damage|p1a: Lopunny|47\/100\n|\n|-heal|p2a: No b8 m8|45\/100|[from] item: Leftovers\n|upkeep\n|turn|13\n|\n|t:|1700858498\n|move|p1a: Lopunny|Return|p2a: No b8 m8\n|-damage|p2a: No b8 m8|6\/100\n|move|p2a: No b8 m8|Recover|p2a: No b8 m8\n|-heal|p2a: No b8 m8|56\/100\n|\n|-heal|p2a: No b8 m8|62\/100|[from] item: Leftovers\n|upkeep\n|turn|14\n|\n|t:|1700858505\n|move|p1a: Lopunny|Return|p2a: No b8 m8\n|-damage|p2a: No b8 m8|23\/100\n|move|p2a: No b8 m8|Recover|p2a: No b8 m8\n|-heal|p2a: No b8 m8|73\/100\n|\n|-heal|p2a: No b8 m8|79\/100|[from] item: Leftovers\n|upkeep\n|turn|15\n|\n|t:|1700858513\n|move|p1a: Lopunny|Encore|p2a: No b8 m8\n|-start|p2a: No b8 m8|Encore\n|move|p2a: No b8 m8|Recover|p2a: No b8 m8\n|-heal|p2a: No b8 m8|100\/100\n|\n|upkeep\n|turn|16\n|\n|t:|1700858520\n|switch|p2a: Master of Puppets|Banette, M|100\/100\n|move|p1a: Lopunny|Power-Up Punch|p2a: Master of Puppets\n|-damage|p2a: Master of Puppets|49\/100\n|-boost|p1a: Lopunny|atk|1\n|\n|upkeep\n|turn|17\n|\n|t:|1700858528\n|detailschange|p2a: Master of Puppets|Banette-Mega, M\n|-mega|p2a: Master of Puppets|Banette|Banettite\n|move|p2a: Master of Puppets|Destiny Bond|p2a: Master of Puppets\n|-singlemove|p2a: Master of Puppets|Destiny Bond\n|move|p1a: Lopunny|Drain Punch|p2a: Master of Puppets\n|-damage|p2a: Master of Puppets|0 fnt\n|-heal|p1a: Lopunny|77\/100|[from] drain|[of] p2a: Master of Puppets\n|faint|p2a: Master of Puppets\n|-activate|p2a: Master of Puppets|move: Destiny Bond\n|faint|p1a: Lopunny\n|\n|upkeep\n|\n|t:|1700858548\n|switch|p1a: Tsareena|Tsareena, F|100\/100\n|switch|p2a: DVD Player|Munkidori, M|100\/100\n|turn|18\n|\n|t:|1700858554\n|move|p2a: DVD Player|Sludge Wave|p1a: Tsareena\n|-supereffective|p1a: Tsareena\n|-damage|p1a: Tsareena|0 fnt\n|faint|p1a: Tsareena\n|-damage|p2a: DVD Player|91\/100|[from] item: Life Orb\n|\n|upkeep\n|\n|t:|1700858560\n|switch|p1a: Gothitelle|Gothitelle, F|100\/100\n|turn|19\n|\n|t:|1700858569\n|move|p2a: DVD Player|Shadow Ball|p1a: Gothitelle\n|-supereffective|p1a: Gothitelle\n|-crit|p1a: Gothitelle\n|-damage|p1a: Gothitelle|5\/100\n|-damage|p2a: DVD Player|81\/100|[from] item: Life Orb\n|move|p1a: Gothitelle|Thunder Wave|p2a: DVD Player\n|-status|p2a: DVD Player|par\n|\n|-heal|p1a: Gothitelle|11\/100|[from] item: Leftovers\n|upkeep\n|turn|20\n|\n|t:|1700858579\n|move|p2a: DVD Player|Shadow Ball|p1a: Gothitelle\n|-supereffective|p1a: Gothitelle\n|-damage|p1a: Gothitelle|0 fnt\n|faint|p1a: Gothitelle\n|-damage|p2a: DVD Player|71\/100 par|[from] item: Life Orb\n|\n|win|Mob Boss Joey\n|raw|Reivya's rating: 1136 &rarr; <strong>1116<\/strong><br \/>(-20 for losing)\n|raw|Mob Boss Joey's rating: 1206 &rarr; <strong>1226<\/strong><br \/>(+20 for winning)\n|c|\u2606Reivya|gg\n","uploadtime":1700858586,"views":8,"p1id":"reivya","p2id":"mobbossjoey","formatid":"gen9nationaldex","rating":1116,"private":0,"password":""}