{"id":"gen9nationaldex-1992851886","p1":"dr needs","p2":"htrrrr","format":"[Gen 9] National Dex","log":"|j|\u2606dr needs\n|j|\u2606htrrrr\n|t:|1700240995\n|gametype|singles\n|player|p1|dr needs|265|1267\n|player|p2|htrrrr|clerkf|1181\n|teamsize|p1|6\n|teamsize|p2|6\n|gen|9\n|tier|[Gen 9] National Dex\n|rated|\n|rule|HP Percentage Mod: HP is shown in percentages\n|rule|Endless Battle Clause: Forcing endless battles is banned\n|rule|OHKO Clause: OHKO moves are banned\n|rule|Evasion Clause: Evasion abilities, items, and moves are banned\n|rule|Evasion Abilities Clause: Evasion abilities are banned\n|rule|Evasion Items Clause: Evasion items are banned\n|rule|Evasion Moves Clause: Evasion moves are banned\n|rule|Species Clause: Limit one of each Pok\u00e9mon\n|rule|Sleep Clause Mod: Limit one foe put to sleep\n|clearpoke\n|poke|p1|Kommo-o, M|\n|poke|p1|Lickilicky, M|\n|poke|p1|Latios, M|\n|poke|p1|Corviknight, F|\n|poke|p1|Rillaboom, F|\n|poke|p1|Darmanitan, F|\n|poke|p2|Typhlosion, M|\n|poke|p2|Tyranitar, F|\n|poke|p2|Torterra, M|\n|poke|p2|Torkoal, M|\n|poke|p2|Tentacruel, F|\n|poke|p2|Garchomp, F|\n|teampreview\n|inactive|Battle timer is ON: inactive players will automatically lose when time's up. (requested by htrrrr)\n|\n|t:|1700241014\n|start\n|switch|p1a: beans|Darmanitan, F|100\/100\n|switch|p2a: Tyler|Typhlosion, M, shiny|100\/100\n|turn|1\n|\n|t:|1700241028\n|move|p2a: Tyler|Shadow Ball|p1a: beans\n|-damage|p1a: beans|65\/100\n|-unboost|p1a: beans|spd|1\n|move|p1a: beans|Earthquake|p2a: Tyler\n|-supereffective|p2a: Tyler\n|-damage|p2a: Tyler|0 fnt\n|faint|p2a: Tyler\n|\n|upkeep\n|\n|t:|1700241036\n|switch|p2a: Tyler 2|Tyranitar, F, shiny|100\/100\n|-weather|Sandstorm|[from] ability: Sand Stream|[of] p2a: Tyler 2\n|turn|2\n|\n|t:|1700241042\n|move|p1a: beans|Earthquake|p2a: Tyler 2\n|-supereffective|p2a: Tyler 2\n|-damage|p2a: Tyler 2|18\/100\n|move|p2a: Tyler 2|Earthquake|p1a: beans\n|-supereffective|p1a: beans\n|-damage|p1a: beans|0 fnt\n|faint|p1a: beans\n|\n|-weather|Sandstorm|[upkeep]\n|upkeep\n|c|\u2606dr needs|lol\n|c|\u2606dr needs|tyler 2\n|\n|t:|1700241056\n|switch|p1a: lueeuua|Corviknight, F|100\/100\n|turn|3\n|\n|t:|1700241061\n|move|p1a: lueeuua|U-turn|p2a: Tyler 2\n|-supereffective|p2a: Tyler 2\n|-damage|p2a: Tyler 2|0 fnt\n|-damage|p1a: lueeuua|84\/100|[from] item: Rocky Helmet|[of] p2a: Tyler 2\n|faint|p2a: Tyler 2\n|\n|t:|1700241064\n|switch|p1a: splicky|Lickilicky, M|100\/100|[from] U-turn\n|\n|-weather|Sandstorm|[upkeep]\n|-damage|p1a: splicky|94\/100|[from] Sandstorm\n|upkeep\n|\n|t:|1700241070\n|switch|p2a: Tyler 3|Torterra, M, shiny|100\/100\n|turn|4\n|\n|t:|1700241076\n|move|p1a: splicky|Fire Punch|p2a: Tyler 3\n|-supereffective|p2a: Tyler 3\n|-damage|p2a: Tyler 3|76\/100\n|-damage|p1a: splicky|78\/100|[from] item: Rocky Helmet|[of] p2a: Tyler 3\n|move|p2a: Tyler 3|Outrage|p1a: splicky\n|-damage|p1a: splicky|53\/100\n|\n|-weather|Sandstorm|[upkeep]\n|-damage|p1a: splicky|47\/100|[from] Sandstorm\n|upkeep\n|turn|5\n|\n|t:|1700241085\n|move|p1a: splicky|Explosion|p2a: Tyler 3\n|-damage|p2a: Tyler 3|12\/100\n|faint|p1a: splicky\n|move|p2a: Tyler 3|Outrage|p1: splicky|[from]lockedmove|[notarget]\n|-fail|p2a: Tyler 3\n|-start|p2a: Tyler 3|confusion|[fatigue]\n|\n|-weather|Sandstorm|[upkeep]\n|upkeep\n|\n|t:|1700241092\n|switch|p1a: lumini|Latios, M|100\/100\n|turn|6\n|\n|t:|1700241094\n|detailschange|p1a: lumini|Latios-Mega, M\n|-mega|p1a: lumini|Latios|Latiosite\n|move|p1a: lumini|Dragon Dance|p1a: lumini\n|-boost|p1a: lumini|atk|1\n|-boost|p1a: lumini|spe|1\n|-activate|p2a: Tyler 3|confusion\n|-damage|p2a: Tyler 3|6\/100|[from] confusion\n|\n|-weather|none\n|upkeep\n|turn|7\n|\n|t:|1700241102\n|move|p1a: lumini|Psycho Cut|p2a: Tyler 3\n|-damage|p2a: Tyler 3|0 fnt\n|faint|p2a: Tyler 3\n|\n|upkeep\n|\n|t:|1700241107\n|switch|p2a: Tyler 4|Torkoal, M, shiny|100\/100\n|turn|8\n|\n|t:|1700241111\n|move|p1a: lumini|Earthquake|p2a: Tyler 4\n|-supereffective|p2a: Tyler 4\n|-damage|p2a: Tyler 4|19\/100\n|move|p2a: Tyler 4|Explosion|p1a: lumini\n|-damage|p1a: lumini|20\/100\n|faint|p2a: Tyler 4\n|\n|upkeep\n|\n|t:|1700241118\n|switch|p2a: Tyler 5|Tentacruel, F, shiny|100\/100\n|turn|9\n|\n|t:|1700241125\n|move|p1a: lumini|Psycho Cut|p2a: Tyler 5\n|-supereffective|p2a: Tyler 5\n|-damage|p2a: Tyler 5|0 fnt\n|faint|p2a: Tyler 5\n|\n|upkeep\n|\n|t:|1700241129\n|switch|p2a: Gary|Garchomp, F, shiny|100\/100\n|turn|10\n|\n|t:|1700241133\n|move|p1a: lumini|Draco Meteor|p2a: Gary\n|-supereffective|p2a: Gary\n|-crit|p2a: Gary\n|-damage|p2a: Gary|0 fnt\n|-unboost|p1a: lumini|spa|2\n|faint|p2a: Gary\n|\n|win|dr needs\n|raw|dr needs's rating: 1267 &rarr; <strong>1286<\/strong><br \/>(+19 for winning)\n|raw|htrrrr's rating: 1181 &rarr; <strong>1162<\/strong><br \/>(-19 for losing)\n|c|\u2606dr needs|u got me f\u2019d up\n","uploadtime":1700241143,"views":10,"p1id":"drneeds","p2id":"htrrrr","formatid":"gen9nationaldex","rating":1162,"private":0,"password":""}