{"id":"gen9nationaldex-1989513504","p1":"The Np sweep","p2":"Miku Nakano ily","format":"[Gen 9] National Dex","log":"|j|\u203dThe Np sweep\n|j|\u2606Miku Nakano ily\n|inactive|Battle timer is ON: inactive players will automatically lose when time's up.\n|t:|1699863609\n|gametype|singles\n|player|p1|The Np sweep|hilbert|\n|player|p2|Miku Nakano ily|red|\n|teamsize|p1|6\n|teamsize|p2|6\n|gen|9\n|tier|[Gen 9] National Dex\n|rated|Tournament battle\n|rule|HP Percentage Mod: HP is shown in percentages\n|rule|Endless Battle Clause: Forcing endless battles is banned\n|rule|OHKO Clause: OHKO moves are banned\n|rule|Evasion Clause: Evasion abilities, items, and moves are banned\n|rule|Evasion Abilities Clause: Evasion abilities are banned\n|rule|Evasion Items Clause: Evasion items are banned\n|rule|Evasion Moves Clause: Evasion moves are banned\n|rule|Species Clause: Limit one of each Pok\u00e9mon\n|rule|Sleep Clause Mod: Limit one foe put to sleep\n|clearpoke\n|poke|p1|Urshifu-*, M|\n|poke|p1|Iron Valiant|\n|poke|p1|Tapu Lele|\n|poke|p1|Zapdos|\n|poke|p1|Zamazenta-*|\n|poke|p1|Ferrothorn, F|\n|poke|p2|Charizard, F|\n|poke|p2|Alomomola, M|\n|poke|p2|Slowking-Galar, F|\n|poke|p2|Iron Valiant|\n|poke|p2|Landorus-Therian, M|\n|poke|p2|Cinderace, F|\n|teampreview\n|inactive|Miku Nakano ily also wants the timer to be on.\n|c|\u2606Miku Nakano ily|hf\n|\n|t:|1699863625\n|start\n|switch|p1a: Zapdos|Zapdos, shiny|100\/100\n|switch|p2a: Cinderace|Cinderace, F|100\/100\n|turn|1\n|\n|t:|1699863630\n|switch|p2a: Slowking|Slowking-Galar, F|100\/100\n|move|p1a: Zapdos|Thunderbolt|p2a: Slowking\n|-damage|p2a: Slowking|77\/100\n|\n|-heal|p2a: Slowking|83\/100|[from] item: Leftovers\n|upkeep\n|turn|2\n|\n|t:|1699863637\n|switch|p1a: Ferrothorn|Ferrothorn, F|100\/100\n|move|p2a: Slowking|Chilly Reception|p2a: Slowking\n|-weather|Snow\n|\n|t:|1699863640\n|switch|p2a: Charizard|Charizard, F|100\/100|[from] Chilly Reception\n|\n|-weather|Snow|[upkeep]\n|upkeep\n|turn|3\n|\n|t:|1699863648\n|detailschange|p2a: Charizard|Charizard-Mega-Y, F\n|-mega|p2a: Charizard|Charizard|Charizardite Y\n|-weather|SunnyDay|[from] ability: Drought|[of] p2a: Charizard\n|-terastallize|p1a: Ferrothorn|Water\n|move|p2a: Charizard|Weather Ball|p1a: Ferrothorn\n|-resisted|p1a: Ferrothorn\n|-damage|p1a: Ferrothorn|72\/100\n|move|p1a: Ferrothorn|Leech Seed|p2a: Charizard\n|-start|p2a: Charizard|move: Leech Seed\n|\n|-weather|SunnyDay|[upkeep]\n|-heal|p1a: Ferrothorn|78\/100|[from] item: Leftovers\n|-damage|p2a: Charizard|88\/100|[from] Leech Seed|[of] p1a: Ferrothorn\n|-heal|p1a: Ferrothorn|88\/100|[silent]\n|upkeep\n|turn|4\n|\n|t:|1699863656\n|switch|p2a: Slowking|Slowking-Galar, F|100\/100\n|switch|p1a: Zapdos|Zapdos, shiny|100\/100\n|\n|-weather|SunnyDay|[upkeep]\n|upkeep\n|turn|5\n|\n|t:|1699863660\n|switch|p1a: Ferrothorn|Ferrothorn, F, tera:Water|88\/100\n|move|p2a: Slowking|Future Sight|p1a: Ferrothorn\n|-start|p2a: Slowking|move: Future Sight\n|\n|-weather|SunnyDay|[upkeep]\n|-heal|p1a: Ferrothorn|95\/100|[from] item: Leftovers\n|upkeep\n|turn|6\n|\n|t:|1699863664\n|move|p2a: Slowking|Chilly Reception|p2a: Slowking\n|-weather|Snow\n|\n|t:|1699863676\n|switch|p2a: Alomomola|Alomomola, M|100\/100|[from] Chilly Reception\n|move|p1a: Ferrothorn|Stealth Rock|p2a: Alomomola\n|-sidestart|p2: Miku Nakano ily|move: Stealth Rock\n|\n|-weather|Snow|[upkeep]\n|-heal|p1a: Ferrothorn|100\/100|[from] item: Leftovers\n|upkeep\n|turn|7\n|\n|t:|1699863681\n|move|p1a: Ferrothorn|Leech Seed|p2a: Alomomola\n|-start|p2a: Alomomola|move: Leech Seed\n|move|p2a: Alomomola|Toxic|p1a: Ferrothorn\n|-status|p1a: Ferrothorn|tox\n|\n|-weather|Snow|[upkeep]\n|-end|p1a: Ferrothorn|move: Future Sight\n|-damage|p1a: Ferrothorn|72\/100 tox\n|-heal|p1a: Ferrothorn|79\/100 tox|[from] item: Leftovers\n|-damage|p2a: Alomomola|88\/100|[from] Leech Seed|[of] p1a: Ferrothorn\n|-heal|p1a: Ferrothorn|97\/100 tox|[silent]\n|-damage|p1a: Ferrothorn|91\/100 tox|[from] psn\n|upkeep\n|turn|8\n|\n|t:|1699863686\n|switch|p1a: Zapdos|Zapdos, shiny|100\/100\n|move|p2a: Alomomola|Flip Turn|p1a: Zapdos\n|-damage|p1a: Zapdos|81\/100\n|\n|t:|1699863697\n|switch|p2a: Slowking|Slowking-Galar, F|100\/100|[from] Flip Turn\n|-damage|p2a: Slowking|88\/100|[from] Stealth Rock\n|\n|-weather|Snow|[upkeep]\n|-heal|p2a: Slowking|94\/100|[from] item: Leftovers\n|upkeep\n|turn|9\n|\n|t:|1699863701\n|switch|p1a: Ferrothorn|Ferrothorn, F, tera:Water|91\/100 tox\n|move|p2a: Slowking|Ice Beam|p1a: Ferrothorn\n|-resisted|p1a: Ferrothorn\n|-damage|p1a: Ferrothorn|85\/100 tox\n|\n|-weather|Snow|[upkeep]\n|-heal|p2a: Slowking|99\/100|[from] item: Leftovers\n|-heal|p1a: Ferrothorn|91\/100 tox|[from] item: Leftovers\n|-damage|p1a: Ferrothorn|85\/100 tox|[from] psn\n|upkeep\n|turn|10\n|\n|t:|1699863710\n|switch|p2a: Alomomola|Alomomola, M|100\/100\n|-damage|p2a: Alomomola|88\/100|[from] Stealth Rock\n|move|p1a: Ferrothorn|Leech Seed|p2a: Alomomola\n|-start|p2a: Alomomola|move: Leech Seed\n|\n|-weather|none\n|-heal|p1a: Ferrothorn|91\/100 tox|[from] item: Leftovers\n|-damage|p2a: Alomomola|76\/100|[from] Leech Seed|[of] p1a: Ferrothorn\n|-heal|p1a: Ferrothorn|100\/100 tox|[silent]\n|-damage|p1a: Ferrothorn|88\/100 tox|[from] psn\n|upkeep\n|turn|11\n|\n|t:|1699863716\n|switch|p1a: Iron Valiant|Iron Valiant|100\/100\n|move|p2a: Alomomola|Flip Turn|p1a: Iron Valiant\n|-damage|p1a: Iron Valiant|78\/100\n|\n|t:|1699863720\n|switch|p2a: Landorus|Landorus-Therian, M|100\/100|[from] Flip Turn\n|-damage|p2a: Landorus|88\/100|[from] Stealth Rock\n|-ability|p2a: Landorus|Intimidate|boost\n|-unboost|p1a: Iron Valiant|atk|1\n|\n|-heal|p2a: Landorus|94\/100|[from] item: Leftovers\n|upkeep\n|turn|12\n|\n|t:|1699863724\n|move|p1a: Iron Valiant|Moonblast|p2a: Landorus\n|-damage|p2a: Landorus|51\/100\n|-damage|p1a: Iron Valiant|68\/100|[from] item: Life Orb\n|move|p2a: Landorus|Knock Off|p1a: Iron Valiant\n|-resisted|p1a: Iron Valiant\n|-damage|p1a: Iron Valiant|59\/100\n|-enditem|p1a: Iron Valiant|Life Orb|[from] move: Knock Off|[of] p2a: Landorus\n|\n|-heal|p2a: Landorus|57\/100|[from] item: Leftovers\n|upkeep\n|turn|13\n|\n|t:|1699863731\n|-end|p1a: Iron Valiant|Quark Drive|[silent]\n|switch|p1a: Zapdos|Zapdos, shiny|81\/100\n|move|p2a: Landorus|Earthquake|p1a: Zapdos\n|-immune|p1a: Zapdos\n|\n|-heal|p2a: Landorus|63\/100|[from] item: Leftovers\n|upkeep\n|turn|14\n|\n|t:|1699863739\n|switch|p1a: Urshifu|Urshifu-Rapid-Strike, M|100\/100\n|switch|p2a: Slowking|Slowking-Galar, F|100\/100\n|-damage|p2a: Slowking|88\/100|[from] Stealth Rock\n|\n|-heal|p2a: Slowking|94\/100|[from] item: Leftovers\n|upkeep\n|turn|15\n|\n|t:|1699863745\n|switch|p2a: Alomomola|Alomomola, M|100\/100\n|-damage|p2a: Alomomola|88\/100|[from] Stealth Rock\n|move|p1a: Urshifu|Surging Strikes|p2a: Alomomola\n|-resisted|p2a: Alomomola\n|-crit|p2a: Alomomola\n|-damage|p2a: Alomomola|83\/100\n|-resisted|p2a: Alomomola\n|-crit|p2a: Alomomola\n|-damage|p2a: Alomomola|77\/100\n|-resisted|p2a: Alomomola\n|-crit|p2a: Alomomola\n|-damage|p2a: Alomomola|71\/100\n|-hitcount|p2a: Alomomola|3\n|\n|upkeep\n|turn|16\n|\n|t:|1699863750\n|move|p1a: Urshifu|Close Combat|p2a: Alomomola\n|-damage|p2a: Alomomola|40\/100\n|-unboost|p1a: Urshifu|def|1\n|-unboost|p1a: Urshifu|spd|1\n|move|p2a: Alomomola|Wish|p2a: Alomomola\n|\n|upkeep\n|turn|17\n|\n|t:|1699863761\n|switch|p1a: Tapu Lele|Tapu Lele, shiny|100\/100\n|-fieldstart|move: Psychic Terrain|[from] ability: Psychic Surge|[of] p1a: Tapu Lele\n|move|p2a: Alomomola|Toxic|p1a: Tapu Lele|[miss]\n|-miss|p2a: Alomomola|p1a: Tapu Lele\n|\n|-heal|p2a: Alomomola|90\/100|[from] move: Wish|[wisher] Alomomola\n|upkeep\n|turn|18\n|\n|t:|1699863767\n|switch|p2a: Slowking|Slowking-Galar, F|100\/100\n|-damage|p2a: Slowking|88\/100|[from] Stealth Rock\n|move|p1a: Tapu Lele|Psychic|p2a: Slowking\n|-crit|p2a: Slowking\n|-damage|p2a: Slowking|31\/100\n|\n|-heal|p2a: Slowking|38\/100|[from] item: Leftovers\n|upkeep\n|turn|19\n|\n|t:|1699863774\n|move|p1a: Tapu Lele|Psychic|p2a: Slowking\n|-damage|p2a: Slowking|0 fnt\n|faint|p2a: Slowking\n|\n|upkeep\n|\n|t:|1699863780\n|switch|p2a: Cinderace|Cinderace, F|100\/100\n|turn|20\n|\n|t:|1699863783\n|move|p1a: Tapu Lele|Psychic|p2a: Cinderace\n|-crit|p2a: Cinderace\n|-damage|p2a: Cinderace|0 fnt\n|faint|p2a: Cinderace\n|\n|upkeep\n|c|\u2606Miku Nakano ily|crit on demand\n|\n|t:|1699863798\n|switch|p2a: Landorus|Landorus-Therian, M|63\/100\n|-damage|p2a: Landorus|51\/100|[from] Stealth Rock\n|-ability|p2a: Landorus|Intimidate|boost\n|-unboost|p1a: Tapu Lele|atk|1\n|turn|21\n|\n|t:|1699863801\n|move|p1a: Tapu Lele|Psychic|p2a: Landorus\n|-damage|p2a: Landorus|0 fnt\n|faint|p2a: Landorus\n|\n|-fieldend|move: Psychic Terrain\n|upkeep\n|\n|t:|1699863810\n|switch|p2a: Iron Valiant|Iron Valiant, shiny|100\/100\n|-damage|p2a: Iron Valiant|94\/100|[from] Stealth Rock\n|-enditem|p2a: Iron Valiant|Booster Energy\n|-activate|p2a: Iron Valiant|ability: Quark Drive|[fromitem]\n|-start|p2a: Iron Valiant|quarkdrivespe\n|turn|22\n|\n|t:|1699863815\n|-terastallize|p2a: Iron Valiant|Steel\n|move|p2a: Iron Valiant|Swords Dance|p2a: Iron Valiant\n|-boost|p2a: Iron Valiant|atk|2\n|move|p1a: Tapu Lele|Psychic|p2a: Iron Valiant\n|-resisted|p2a: Iron Valiant\n|-damage|p2a: Iron Valiant|50\/100\n|\n|upkeep\n|turn|23\n|\n|t:|1699863823\n|switch|p1a: Zapdos|Zapdos, shiny|81\/100\n|move|p2a: Iron Valiant|Swords Dance|p2a: Iron Valiant\n|-boost|p2a: Iron Valiant|atk|2\n|\n|upkeep\n|turn|24\n|\n|t:|1699863828\n|move|p2a: Iron Valiant|Spirit Break|p1a: Zapdos\n|-damage|p1a: Zapdos|0 fnt\n|faint|p1a: Zapdos\n|\n|upkeep\n|\n|t:|1699863834\n|switch|p1a: Ferrothorn|Ferrothorn, F, tera:Water|88\/100 tox\n|turn|25\n|\n|t:|1699863837\n|move|p2a: Iron Valiant|Drain Punch|p1a: Ferrothorn\n|-damage|p1a: Ferrothorn|1\/100 tox\n|-heal|p2a: Iron Valiant|100\/100|[from] drain|[of] p1a: Ferrothorn\n|-damage|p2a: Iron Valiant|88\/100|[from] ability: Iron Barbs|[of] p1a: Ferrothorn\n|move|p1a: Ferrothorn|Gyro Ball|p2a: Iron Valiant\n|-resisted|p2a: Iron Valiant\n|-damage|p2a: Iron Valiant|59\/100\n|\n|-heal|p1a: Ferrothorn|7\/100 tox|[from] item: Leftovers\n|-damage|p1a: Ferrothorn|1\/100 tox|[from] psn\n|upkeep\n|turn|26\n|\n|t:|1699863847\n|move|p2a: Iron Valiant|Drain Punch|p1a: Ferrothorn\n|-crit|p1a: Ferrothorn\n|-damage|p1a: Ferrothorn|0 fnt\n|-heal|p2a: Iron Valiant|59\/100|[from] drain|[of] p1a: Ferrothorn\n|-damage|p2a: Iron Valiant|47\/100|[from] ability: Iron Barbs|[of] p1a: Ferrothorn\n|faint|p1a: Ferrothorn\n|\n|upkeep\n|-message|The Np sweep forfeited.\n|\n|win|Miku Nakano ily\n|n|\u203dThe Np sweep|thenpsweep\n|n|\u2606Miku Nakano ily|mikunakanoily\n","uploadtime":1699863866,"views":5,"p1id":"thenpsweep","p2id":"mikunakanoily","formatid":"gen9nationaldex","rating":0,"private":0,"password":""}