{"id":"gen9nationaldex-1986973600","p1":"Icey37","p2":"Draxxmoon","format":"[Gen 9] National Dex","log":"|j|\u203dIcey37\n|j|\u2606Draxxmoon\n|t:|1699545733\n|gametype|singles\n|player|p1|Icey37|bea|1439\n|player|p2|Draxxmoon|ethan|1516\n|teamsize|p1|6\n|teamsize|p2|6\n|gen|9\n|tier|[Gen 9] National Dex\n|rated|\n|rule|HP Percentage Mod: HP is shown in percentages\n|rule|Endless Battle Clause: Forcing endless battles is banned\n|rule|OHKO Clause: OHKO moves are banned\n|rule|Evasion Clause: Evasion abilities, items, and moves are banned\n|rule|Evasion Abilities Clause: Evasion abilities are banned\n|rule|Evasion Items Clause: Evasion items are banned\n|rule|Evasion Moves Clause: Evasion moves are banned\n|rule|Species Clause: Limit one of each Pok\u00e9mon\n|rule|Sleep Clause Mod: Limit one foe put to sleep\n|clearpoke\n|poke|p1|Typhlosion-Hisui, M|\n|poke|p1|Ferrothorn, F|\n|poke|p1|Diancie|\n|poke|p1|Ogerpon-Wellspring, F|\n|poke|p1|Alomomola, M|\n|poke|p1|Dragonite, F|\n|poke|p2|Excadrill, F|\n|poke|p2|Tyranitar, M|\n|poke|p2|Urshifu-*, F|\n|poke|p2|Rotom-Wash|\n|poke|p2|Bisharp, F|\n|poke|p2|Hydreigon, F|\n|teampreview\n|inactive|Battle timer is ON: inactive players will automatically lose when time's up. (requested by Icey37)\n|\n|t:|1699545744\n|start\n|switch|p1a: Ferrothorn|Ferrothorn, F|100\/100\n|switch|p2a: Tyranitar|Tyranitar, M|100\/100\n|-weather|Sandstorm|[from] ability: Sand Stream|[of] p2a: Tyranitar\n|turn|1\n|\n|t:|1699545766\n|switch|p2a: Bisharp|Bisharp, F|100\/100\n|move|p1a: Ferrothorn|Thunder Wave|p2a: Bisharp\n|-status|p2a: Bisharp|par\n|\n|-weather|Sandstorm|[upkeep]\n|upkeep\n|turn|2\n|\n|t:|1699545773\n|cant|p2a: Bisharp|par\n|move|p1a: Ferrothorn|Leech Seed|p2a: Bisharp\n|-start|p2a: Bisharp|move: Leech Seed\n|\n|-weather|Sandstorm|[upkeep]\n|-damage|p2a: Bisharp|88\/100 par|[from] Leech Seed|[of] p1a: Ferrothorn\n|upkeep\n|turn|3\n|\n|t:|1699545781\n|switch|p2a: Rotom|Rotom-Wash|100\/100\n|move|p1a: Ferrothorn|Stealth Rock|p2a: Rotom\n|-sidestart|p2: Draxxmoon|move: Stealth Rock\n|\n|-weather|Sandstorm|[upkeep]\n|-damage|p2a: Rotom|94\/100|[from] Sandstorm\n|-heal|p2a: Rotom|100\/100|[from] item: Leftovers\n|upkeep\n|turn|4\n|\n|t:|1699545790\n|move|p2a: Rotom|Defog|p1a: Ferrothorn\n|-unboost|p1a: Ferrothorn|evasion|1\n|-sideend|p2: Draxxmoon|Stealth Rock|[from] move: Defog|[of] p2a: Rotom\n|move|p1a: Ferrothorn|Knock Off|p2a: Rotom\n|-damage|p2a: Rotom|80\/100\n|-enditem|p2a: Rotom|Leftovers|[from] move: Knock Off|[of] p1a: Ferrothorn\n|\n|-weather|Sandstorm|[upkeep]\n|-damage|p2a: Rotom|74\/100|[from] Sandstorm\n|upkeep\n|turn|5\n|\n|t:|1699545798\n|move|p2a: Rotom|Will-O-Wisp|p1a: Ferrothorn\n|-status|p1a: Ferrothorn|brn\n|move|p1a: Ferrothorn|Leech Seed|p2a: Rotom\n|-start|p2a: Rotom|move: Leech Seed\n|\n|-weather|Sandstorm|[upkeep]\n|-damage|p2a: Rotom|67\/100|[from] Sandstorm\n|-damage|p2a: Rotom|55\/100|[from] Leech Seed|[of] p1a: Ferrothorn\n|-damage|p1a: Ferrothorn|94\/100 brn|[from] brn\n|upkeep\n|turn|6\n|\n|t:|1699545809\n|move|p2a: Rotom|Volt Switch|p1a: Ferrothorn\n|-resisted|p1a: Ferrothorn\n|-damage|p1a: Ferrothorn|82\/100 brn\n|\n|t:|1699545813\n|switch|p2a: Bisharp|Bisharp, F|88\/100 par|[from] Volt Switch\n|move|p1a: Ferrothorn|Stealth Rock|p2a: Bisharp\n|-sidestart|p2: Draxxmoon|move: Stealth Rock\n|\n|-weather|Sandstorm|[upkeep]\n|-heal|p1a: Ferrothorn|89\/100 brn|[from] item: Leftovers\n|-damage|p1a: Ferrothorn|82\/100 brn|[from] brn\n|upkeep\n|turn|7\n|\n|t:|1699545823\n|move|p2a: Bisharp|Knock Off|p1a: Ferrothorn\n|-damage|p1a: Ferrothorn|53\/100 brn\n|-damage|p2a: Bisharp|76\/100 par|[from] ability: Iron Barbs|[of] p1a: Ferrothorn\n|-enditem|p1a: Ferrothorn|Leftovers|[from] move: Knock Off|[of] p2a: Bisharp\n|move|p1a: Ferrothorn|Leech Seed|p2a: Bisharp\n|-start|p2a: Bisharp|move: Leech Seed\n|\n|-weather|Sandstorm|[upkeep]\n|-damage|p2a: Bisharp|64\/100 par|[from] Leech Seed|[of] p1a: Ferrothorn\n|-heal|p1a: Ferrothorn|64\/100 brn|[silent]\n|-damage|p1a: Ferrothorn|57\/100 brn|[from] brn\n|upkeep\n|turn|8\n|\n|t:|1699545836\n|cant|p2a: Bisharp|par\n|move|p1a: Ferrothorn|Knock Off|p2a: Bisharp\n|-resisted|p2a: Bisharp\n|-damage|p2a: Bisharp|60\/100 par\n|-enditem|p2a: Bisharp|Eviolite|[from] move: Knock Off|[of] p1a: Ferrothorn\n|\n|-weather|none\n|-damage|p2a: Bisharp|48\/100 par|[from] Leech Seed|[of] p1a: Ferrothorn\n|-heal|p1a: Ferrothorn|68\/100 brn|[silent]\n|-damage|p1a: Ferrothorn|62\/100 brn|[from] brn\n|upkeep\n|turn|9\n|\n|t:|1699545848\n|move|p2a: Bisharp|Swords Dance|p2a: Bisharp\n|-boost|p2a: Bisharp|atk|2\n|move|p1a: Ferrothorn|Knock Off|p2a: Bisharp\n|-resisted|p2a: Bisharp\n|-damage|p2a: Bisharp|43\/100 par\n|\n|-damage|p2a: Bisharp|31\/100 par|[from] Leech Seed|[of] p1a: Ferrothorn\n|-heal|p1a: Ferrothorn|72\/100 brn|[silent]\n|-damage|p1a: Ferrothorn|66\/100 brn|[from] brn\n|upkeep\n|turn|10\n|\n|t:|1699545856\n|move|p2a: Bisharp|Sucker Punch|p1a: Ferrothorn\n|-damage|p1a: Ferrothorn|22\/100 brn\n|-damage|p2a: Bisharp|19\/100 par|[from] ability: Iron Barbs|[of] p1a: Ferrothorn\n|move|p1a: Ferrothorn|Knock Off|p2a: Bisharp\n|-resisted|p2a: Bisharp\n|-damage|p2a: Bisharp|14\/100 par\n|\n|-damage|p2a: Bisharp|2\/100 par|[from] Leech Seed|[of] p1a: Ferrothorn\n|-heal|p1a: Ferrothorn|33\/100 brn|[silent]\n|-damage|p1a: Ferrothorn|26\/100 brn|[from] brn\n|upkeep\n|turn|11\n|\n|t:|1699545869\n|switch|p1a: Dragonite|Dragonite, F|100\/100\n|move|p2a: Bisharp|Knock Off|p1a: Dragonite\n|-damage|p1a: Dragonite|57\/100\n|-enditem|p1a: Dragonite|Heavy-Duty Boots|[from] move: Knock Off|[of] p2a: Bisharp\n|\n|-damage|p2a: Bisharp|0 fnt|[from] Leech Seed|[of] p1a: Dragonite\n|-heal|p1a: Dragonite|59\/100|[silent]\n|faint|p2a: Bisharp\n|upkeep\n|\n|t:|1699545881\n|switch|p2a: Tyranitar|Tyranitar, M|100\/100\n|-damage|p2a: Tyranitar|88\/100|[from] Stealth Rock\n|-weather|Sandstorm|[from] ability: Sand Stream|[of] p2a: Tyranitar\n|turn|12\n|\n|t:|1699545889\n|move|p1a: Dragonite|Roost|p1a: Dragonite\n|-heal|p1a: Dragonite|100\/100\n|-singleturn|p1a: Dragonite|move: Roost\n|move|p2a: Tyranitar|Crunch|p1a: Dragonite\n|-damage|p1a: Dragonite|82\/100\n|\n|-weather|Sandstorm|[upkeep]\n|-damage|p1a: Dragonite|76\/100|[from] Sandstorm\n|upkeep\n|turn|13\n|\n|t:|1699545909\n|switch|p1a: Diancie|Diancie|100\/100\n|move|p2a: Tyranitar|Crunch|p1a: Diancie\n|-resisted|p1a: Diancie\n|-damage|p1a: Diancie|83\/100\n|\n|-weather|Sandstorm|[upkeep]\n|upkeep\n|turn|14\n|\n|t:|1699545920\n|switch|p2a: Rotom|Rotom-Wash|55\/100\n|-damage|p2a: Rotom|43\/100|[from] Stealth Rock\n|detailschange|p1a: Diancie|Diancie-Mega\n|-mega|p1a: Diancie|Diancie|Diancite\n|move|p1a: Diancie|Play Rough|p2a: Rotom\n|-damage|p2a: Rotom|0 fnt\n|faint|p2a: Rotom\n|\n|-weather|Sandstorm|[upkeep]\n|upkeep\n|\n|t:|1699545930\n|switch|p2a: Excadrill|Excadrill, F|100\/100\n|-damage|p2a: Excadrill|97\/100|[from] Stealth Rock\n|turn|15\n|\n|t:|1699545935\n|switch|p1a: Dragonite|Dragonite, F|76\/100\n|move|p2a: Excadrill|Iron Head|p1a: Dragonite\n|-damage|p1a: Dragonite|33\/100\n|\n|-weather|Sandstorm|[upkeep]\n|-damage|p1a: Dragonite|26\/100|[from] Sandstorm\n|upkeep\n|turn|16\n|\n|t:|1699545942\n|switch|p1a: Ferrothorn|Ferrothorn, F|26\/100 brn\n|move|p2a: Excadrill|Iron Head|p1a: Ferrothorn\n|-resisted|p1a: Ferrothorn\n|-damage|p1a: Ferrothorn|14\/100 brn\n|-damage|p2a: Excadrill|85\/100|[from] ability: Iron Barbs|[of] p1a: Ferrothorn\n|\n|-weather|Sandstorm|[upkeep]\n|-damage|p1a: Ferrothorn|7\/100 brn|[from] brn\n|upkeep\n|turn|17\n|\n|t:|1699545951\n|move|p2a: Excadrill|Rock Slide|p1a: Ferrothorn\n|-resisted|p1a: Ferrothorn\n|-damage|p1a: Ferrothorn|0 fnt\n|faint|p1a: Ferrothorn\n|\n|-weather|Sandstorm|[upkeep]\n|upkeep\n|\n|t:|1699545953\n|switch|p1a: Alomomola|Alomomola, M|100\/100\n|turn|18\n|\n|t:|1699545965\n|-terastallize|p2a: Excadrill|Flying\n|move|p2a: Excadrill|Swords Dance|p2a: Excadrill\n|-boost|p2a: Excadrill|atk|2\n|move|p1a: Alomomola|Wish|p1a: Alomomola\n|\n|-weather|Sandstorm|[upkeep]\n|-damage|p1a: Alomomola|94\/100|[from] Sandstorm\n|upkeep\n|turn|19\n|\n|t:|1699545974\n|move|p2a: Excadrill|Earthquake|p1a: Alomomola\n|-damage|p1a: Alomomola|24\/100\n|move|p1a: Alomomola|Toxic|p2a: Excadrill\n|-status|p2a: Excadrill|tox\n|\n|-weather|none\n|-heal|p1a: Alomomola|74\/100|[from] move: Wish|[wisher] Alomomola\n|-damage|p2a: Excadrill|79\/100 tox|[from] psn\n|upkeep\n|turn|20\n|\n|t:|1699545984\n|move|p2a: Excadrill|Earthquake|p1a: Alomomola\n|-damage|p1a: Alomomola|5\/100\n|move|p1a: Alomomola|Flip Turn|p2a: Excadrill\n|-damage|p2a: Excadrill|55\/100 tox\n|\n|t:|1699545993\n|switch|p1a: Diancie|Diancie-Mega|83\/100|[from] Flip Turn\n|\n|-damage|p2a: Excadrill|43\/100 tox|[from] psn\n|upkeep\n|turn|21\n|\n|t:|1699545998\n|move|p1a: Diancie|Diamond Storm|p2a: Excadrill\n|-supereffective|p2a: Excadrill\n|-damage|p2a: Excadrill|0 fnt\n|faint|p2a: Excadrill\n|\n|upkeep\n|\n|t:|1699546003\n|switch|p2a: Urshifu|Urshifu-Rapid-Strike, F|100\/100\n|-damage|p2a: Urshifu|94\/100|[from] Stealth Rock\n|turn|22\n|\n|t:|1699546017\n|switch|p1a: Ogerpon|Ogerpon-Wellspring, F|100\/100\n|move|p2a: Urshifu|Surging Strikes|p1a: Ogerpon\n|-immune|p1a: Ogerpon|[from] ability: Water Absorb\n|\n|upkeep\n|turn|23\n|\n|t:|1699546025\n|switch|p2a: Hydreigon|Hydreigon, F|100\/100\n|-damage|p2a: Hydreigon|88\/100|[from] Stealth Rock\n|move|p1a: Ogerpon|Horn Leech|p2a: Hydreigon\n|-resisted|p2a: Hydreigon\n|-damage|p2a: Hydreigon|63\/100\n|\n|upkeep\n|turn|24\n|\n|t:|1699546045\n|-terastallize|p1a: Ogerpon|Water\n|detailschange|p1a: Ogerpon|Ogerpon-Wellspring-Tera, F, tera:Water\n|-ability|p1a: Ogerpon|Embody Aspect (Wellspring)|boost\n|-boost|p1a: Ogerpon|spd|1\n|move|p2a: Hydreigon|Dark Pulse|p1a: Ogerpon\n|-crit|p1a: Ogerpon\n|-damage|p1a: Ogerpon|24\/100\n|move|p1a: Ogerpon|Play Rough|p2a: Hydreigon\n|-supereffective|p2a: Hydreigon\n|-damage|p2a: Hydreigon|0 fnt\n|faint|p2a: Hydreigon\n|\n|upkeep\n|\n|t:|1699546056\n|switch|p2a: Urshifu|Urshifu-Rapid-Strike, F|94\/100\n|-damage|p2a: Urshifu|88\/100|[from] Stealth Rock\n|turn|25\n|\n|t:|1699546066\n|switch|p1a: Alomomola|Alomomola, M|38\/100\n|move|p2a: Urshifu|Surging Strikes|p1a: Alomomola\n|-resisted|p1a: Alomomola\n|-crit|p1a: Alomomola\n|-damage|p1a: Alomomola|30\/100\n|-resisted|p1a: Alomomola\n|-crit|p1a: Alomomola\n|-damage|p1a: Alomomola|21\/100\n|-resisted|p1a: Alomomola\n|-crit|p1a: Alomomola\n|-damage|p1a: Alomomola|13\/100\n|-hitcount|p1a: Alomomola|3\n|\n|upkeep\n|turn|26\n|\n|t:|1699546075\n|move|p2a: Urshifu|Surging Strikes|p1a: Alomomola\n|-resisted|p1a: Alomomola\n|-crit|p1a: Alomomola\n|-damage|p1a: Alomomola|3\/100\n|-resisted|p1a: Alomomola\n|-crit|p1a: Alomomola\n|-damage|p1a: Alomomola|0 fnt\n|faint|p1a: Alomomola\n|-hitcount|p1: Alomomola|2\n|\n|upkeep\n|\n|t:|1699546096\n|switch|p1a: Dragonite|Dragonite, F|26\/100\n|turn|27\n|\n|t:|1699546104\n|switch|p2a: Tyranitar|Tyranitar, M|88\/100\n|-damage|p2a: Tyranitar|76\/100|[from] Stealth Rock\n|-weather|Sandstorm|[from] ability: Sand Stream|[of] p2a: Tyranitar\n|move|p1a: Dragonite|Roost|p1a: Dragonite\n|-heal|p1a: Dragonite|76\/100\n|-singleturn|p1a: Dragonite|move: Roost\n|\n|-weather|Sandstorm|[upkeep]\n|-damage|p1a: Dragonite|70\/100|[from] Sandstorm\n|upkeep\n|turn|28\n|\n|t:|1699546118\n|switch|p1a: Diancie|Diancie-Mega|83\/100\n|move|p2a: Tyranitar|Stone Edge|p1a: Diancie\n|-crit|p1a: Diancie\n|-damage|p1a: Diancie|0 fnt\n|faint|p1a: Diancie\n|\n|-weather|Sandstorm|[upkeep]\n|upkeep\n|\n|t:|1699546127\n|switch|p1a: Dragonite|Dragonite, F|70\/100\n|turn|29\n|\n|t:|1699546130\n|move|p1a: Dragonite|Roost|p1a: Dragonite\n|-heal|p1a: Dragonite|100\/100\n|-singleturn|p1a: Dragonite|move: Roost\n|move|p2a: Tyranitar|Tera Blast|p1a: Dragonite\n|-damage|p1a: Dragonite|96\/100\n|\n|-weather|Sandstorm|[upkeep]\n|-damage|p1a: Dragonite|89\/100|[from] Sandstorm\n|upkeep\n|turn|30\n|\n|t:|1699546141\n|move|p1a: Dragonite|Roost|p1a: Dragonite\n|-heal|p1a: Dragonite|100\/100\n|-singleturn|p1a: Dragonite|move: Roost\n|move|p2a: Tyranitar|Stone Edge|p1a: Dragonite\n|-crit|p1a: Dragonite\n|-damage|p1a: Dragonite|69\/100\n|\n|-weather|Sandstorm|[upkeep]\n|-damage|p1a: Dragonite|63\/100|[from] Sandstorm\n|upkeep\n|turn|31\n|\n|t:|1699546150\n|move|p1a: Dragonite|Roost|p1a: Dragonite\n|-heal|p1a: Dragonite|100\/100\n|-singleturn|p1a: Dragonite|move: Roost\n|move|p2a: Tyranitar|Stealth Rock|p1a: Dragonite\n|-sidestart|p1: Icey37|move: Stealth Rock\n|\n|-weather|Sandstorm|[upkeep]\n|-damage|p1a: Dragonite|94\/100|[from] Sandstorm\n|upkeep\n|turn|32\n|\n|t:|1699546162\n|move|p2a: Tyranitar|Stone Edge|p1a: Dragonite\n|-supereffective|p1a: Dragonite\n|-damage|p1a: Dragonite|7\/100\n|move|p1a: Dragonite|Dragon Tail|p2a: Tyranitar\n|-damage|p2a: Tyranitar|58\/100\n|drag|p2a: Urshifu|Urshifu-Rapid-Strike, F|88\/100\n|-damage|p2a: Urshifu|82\/100|[from] Stealth Rock\n|\n|-weather|Sandstorm|[upkeep]\n|-damage|p2a: Urshifu|76\/100|[from] Sandstorm\n|-damage|p1a: Dragonite|1\/100|[from] Sandstorm\n|upkeep\n|turn|33\n|\n|t:|1699546174\n|move|p2a: Urshifu|Surging Strikes|p1a: Dragonite\n|-resisted|p1a: Dragonite\n|-crit|p1a: Dragonite\n|-damage|p1a: Dragonite|0 fnt\n|faint|p1a: Dragonite\n|-hitcount|p1: Dragonite|1\n|\n|-weather|Sandstorm|[upkeep]\n|-damage|p2a: Urshifu|70\/100|[from] Sandstorm\n|upkeep\n|\n|t:|1699546179\n|switch|p1a: Ogerpon|Ogerpon-Wellspring-Tera, F, tera:Water|24\/100\n|-damage|p1a: Ogerpon|12\/100|[from] Stealth Rock\n|-ability|p1a: Ogerpon|Embody Aspect (Wellspring)|boost\n|-boost|p1a: Ogerpon|spd|1\n|turn|34\n|\n|t:|1699546185\n|move|p1a: Ogerpon|Horn Leech|p2a: Urshifu\n|-supereffective|p2a: Urshifu\n|-damage|p2a: Urshifu|0 fnt\n|-heal|p1a: Ogerpon|51\/100|[from] drain|[of] p2a: Urshifu\n|faint|p2a: Urshifu\n|\n|-weather|none\n|upkeep\n|\n|t:|1699546191\n|switch|p2a: Tyranitar|Tyranitar, M|58\/100\n|-damage|p2a: Tyranitar|45\/100|[from] Stealth Rock\n|-weather|Sandstorm|[from] ability: Sand Stream|[of] p2a: Tyranitar\n|turn|35\n|\n|t:|1699546197\n|move|p1a: Ogerpon|Ivy Cudgel|p2a: Tyranitar\n|-supereffective|p2a: Tyranitar\n|-damage|p2a: Tyranitar|0 fnt\n|faint|p2a: Tyranitar\n|\n|win|Icey37\n|raw|Icey37's rating: 1439 &rarr; <strong>1463<\/strong><br \/>(+24 for winning)\n|raw|Draxxmoon's rating: 1516 &rarr; <strong>1492<\/strong><br \/>(-24 for losing)\n|l|\u2606Draxxmoon\n","uploadtime":1699546216,"views":15,"p1id":"icey37","p2id":"draxxmoon","formatid":"gen9nationaldex","rating":1463,"private":0,"password":""}