{"id":"gen9nationaldex-1993926944","p1":"GHollow","p2":"xp5757xp","format":"[Gen 9] National Dex","log":"|j|\u2606GHollow\n|j|\u2606xp5757xp\n|t:|1700376792\n|gametype|singles\n|player|p1|GHollow|shadowtriad|1292\n|player|p2|xp5757xp|akari|1222\n|teamsize|p1|6\n|teamsize|p2|6\n|gen|9\n|tier|[Gen 9] National Dex\n|rated|\n|rule|HP Percentage Mod: HP is shown in percentages\n|rule|Endless Battle Clause: Forcing endless battles is banned\n|rule|OHKO Clause: OHKO moves are banned\n|rule|Evasion Clause: Evasion abilities, items, and moves are banned\n|rule|Evasion Abilities Clause: Evasion abilities are banned\n|rule|Evasion Items Clause: Evasion items are banned\n|rule|Evasion Moves Clause: Evasion moves are banned\n|rule|Species Clause: Limit one of each Pok\u00e9mon\n|rule|Sleep Clause Mod: Limit one foe put to sleep\n|clearpoke\n|poke|p1|Pelipper, F|\n|poke|p1|Gyarados, M|\n|poke|p1|Primarina, M|\n|poke|p1|Kingler, M|\n|poke|p1|Garchomp, M|\n|poke|p1|Samurott-Hisui, M|\n|poke|p2|Politoed, M|\n|poke|p2|Swampert, F|\n|poke|p2|Ferrothorn, M|\n|poke|p2|Rillaboom, F|\n|poke|p2|Kingdra, M|\n|poke|p2|Urshifu-*, F|\n|teampreview\n|\n|t:|1700376817\n|start\n|switch|p1a: Pelipper|Pelipper, F|100\/100\n|switch|p2a: \u5361\u5657\u7329\u7329|Rillaboom, F|100\/100\n|-fieldstart|move: Grassy Terrain|[from] ability: Grassy Surge|[of] p2a: \u5361\u5657\u7329\u7329\n|-weather|RainDance|[from] ability: Drizzle|[of] p1a: Pelipper\n|turn|1\n|\n|t:|1700376829\n|switch|p2a: \u70e6\u6b7b\u4f60|Ferrothorn, M|100\/100\n|move|p1a: Pelipper|Hurricane|p2a: \u70e6\u6b7b\u4f60\n|-damage|p2a: \u70e6\u6b7b\u4f60|68\/100\n|\n|-weather|RainDance|[upkeep]\n|-heal|p2a: \u70e6\u6b7b\u4f60|74\/100|[from] Grassy Terrain\n|upkeep\n|turn|2\n|\n|t:|1700376836\n|move|p1a: Pelipper|Hurricane|p2a: \u70e6\u6b7b\u4f60\n|-damage|p2a: \u70e6\u6b7b\u4f60|45\/100\n|-start|p2a: \u70e6\u6b7b\u4f60|confusion\n|-activate|p2a: \u70e6\u6b7b\u4f60|confusion\n|move|p2a: \u70e6\u6b7b\u4f60|Leech Seed|p1a: Pelipper\n|-start|p1a: Pelipper|move: Leech Seed\n|\n|-weather|RainDance|[upkeep]\n|-heal|p2a: \u70e6\u6b7b\u4f60|51\/100|[from] Grassy Terrain\n|-damage|p1a: Pelipper|88\/100|[from] Leech Seed|[of] p2a: \u70e6\u6b7b\u4f60\n|-heal|p2a: \u70e6\u6b7b\u4f60|62\/100|[silent]\n|upkeep\n|turn|3\n|\n|t:|1700376849\n|switch|p1a: Samurott|Samurott-Hisui, M|100\/100\n|switch|p2a: \u561b\u5676\u8fdb\u5316|Swampert, F|100\/100\n|\n|-weather|RainDance|[upkeep]\n|upkeep\n|turn|4\n|\n|t:|1700376859\n|detailschange|p2a: \u561b\u5676\u8fdb\u5316|Swampert-Mega, F\n|-mega|p2a: \u561b\u5676\u8fdb\u5316|Swampert|Swampertite\n|move|p1a: Samurott|Razor Shell|p2a: \u561b\u5676\u8fdb\u5316|[miss]\n|-miss|p1a: Samurott|p2a: \u561b\u5676\u8fdb\u5316\n|move|p2a: \u561b\u5676\u8fdb\u5316|Bulk Up|p2a: \u561b\u5676\u8fdb\u5316\n|-boost|p2a: \u561b\u5676\u8fdb\u5316|atk|1\n|-boost|p2a: \u561b\u5676\u8fdb\u5316|def|1\n|\n|-weather|RainDance|[upkeep]\n|upkeep\n|turn|5\n|\n|t:|1700376877\n|move|p1a: Samurott|Razor Shell|p2a: \u561b\u5676\u8fdb\u5316\n|-damage|p2a: \u561b\u5676\u8fdb\u5316|63\/100\n|-unboost|p2a: \u561b\u5676\u8fdb\u5316|def|1\n|move|p2a: \u561b\u5676\u8fdb\u5316|Aqua Tail|p1a: Samurott\n|-resisted|p1a: Samurott\n|-damage|p1a: Samurott|20\/100\n|\n|-weather|RainDance|[upkeep]\n|-heal|p1a: Samurott|27\/100|[from] Grassy Terrain\n|-heal|p2a: \u561b\u5676\u8fdb\u5316|69\/100|[from] Grassy Terrain\n|-fieldend|move: Grassy Terrain\n|upkeep\n|turn|6\n|\n|t:|1700376888\n|move|p1a: Samurott|Razor Shell|p2a: \u561b\u5676\u8fdb\u5316\n|-damage|p2a: \u561b\u5676\u8fdb\u5316|11\/100\n|move|p2a: \u561b\u5676\u8fdb\u5316|Aqua Tail|p1a: Samurott\n|-resisted|p1a: Samurott\n|-damage|p1a: Samurott|0 fnt\n|faint|p1a: Samurott\n|\n|-weather|RainDance|[upkeep]\n|upkeep\n|\n|t:|1700376903\n|switch|p1a: Gyarados|Gyarados, M, shiny|100\/100\n|-ability|p1a: Gyarados|Intimidate|boost\n|-unboost|p2a: \u561b\u5676\u8fdb\u5316|atk|1\n|turn|7\n|\n|t:|1700376908\n|switch|p2a: \u70e6\u6b7b\u4f60|Ferrothorn, M|62\/100\n|detailschange|p1a: Gyarados|Gyarados-Mega, M, shiny\n|-mega|p1a: Gyarados|Gyarados|Gyaradosite\n|-ability|p1a: Gyarados|Mold Breaker\n|move|p1a: Gyarados|Dragon Dance|p1a: Gyarados\n|-boost|p1a: Gyarados|atk|1\n|-boost|p1a: Gyarados|spe|1\n|\n|-weather|RainDance|[upkeep]\n|upkeep\n|turn|8\n|\n|t:|1700376917\n|move|p1a: Gyarados|Crunch|p2a: \u70e6\u6b7b\u4f60\n|-damage|p2a: \u70e6\u6b7b\u4f60|15\/100\n|-unboost|p2a: \u70e6\u6b7b\u4f60|def|1\n|-damage|p1a: Gyarados|88\/100|[from] ability: Iron Barbs|[of] p2a: \u70e6\u6b7b\u4f60\n|-damage|p1a: Gyarados|71\/100|[from] item: Rocky Helmet|[of] p2a: \u70e6\u6b7b\u4f60\n|move|p2a: \u70e6\u6b7b\u4f60|Leech Seed|p1a: Gyarados\n|-start|p1a: Gyarados|move: Leech Seed\n|\n|-weather|none\n|-damage|p1a: Gyarados|59\/100|[from] Leech Seed|[of] p2a: \u70e6\u6b7b\u4f60\n|-heal|p2a: \u70e6\u6b7b\u4f60|26\/100|[silent]\n|upkeep\n|turn|9\n|\n|t:|1700376934\n|switch|p2a: \u561b\u5676\u8fdb\u5316|Swampert-Mega, F|11\/100\n|move|p1a: Gyarados|Crunch|p2a: \u561b\u5676\u8fdb\u5316\n|-damage|p2a: \u561b\u5676\u8fdb\u5316|0 fnt\n|faint|p2a: \u561b\u5676\u8fdb\u5316\n|\n|upkeep\n|\n|t:|1700376940\n|switch|p2a: \u70e6\u6b7b\u4f60|Ferrothorn, M|26\/100\n|turn|10\n|\n|t:|1700376945\n|move|p1a: Gyarados|Crunch|p2a: \u70e6\u6b7b\u4f60\n|-damage|p2a: \u70e6\u6b7b\u4f60|0 fnt\n|-damage|p1a: Gyarados|47\/100|[from] ability: Iron Barbs|[of] p2a: \u70e6\u6b7b\u4f60\n|-damage|p1a: Gyarados|30\/100|[from] item: Rocky Helmet|[of] p2a: \u70e6\u6b7b\u4f60\n|faint|p2a: \u70e6\u6b7b\u4f60\n|\n|upkeep\n|\n|t:|1700376948\n|switch|p2a: \u5361\u5657\u7329\u7329|Rillaboom, F|100\/100\n|-fieldstart|move: Grassy Terrain|[from] ability: Grassy Surge|[of] p2a: \u5361\u5657\u7329\u7329\n|turn|11\n|\n|t:|1700376954\n|move|p2a: \u5361\u5657\u7329\u7329|Grassy Glide|p1a: Gyarados\n|-supereffective|p1a: Gyarados\n|-damage|p1a: Gyarados|0 fnt\n|faint|p1a: Gyarados\n|\n|upkeep\n|\n|t:|1700376959\n|switch|p1a: Pelipper|Pelipper, F|88\/100\n|-weather|RainDance|[from] ability: Drizzle|[of] p1a: Pelipper\n|turn|12\n|\n|t:|1700376972\n|switch|p2a: \u6d77\u9a6c|Kingdra, M|100\/100\n|move|p1a: Pelipper|Hurricane|p2a: \u6d77\u9a6c\n|-damage|p2a: \u6d77\u9a6c|57\/100\n|-start|p2a: \u6d77\u9a6c|confusion\n|\n|-weather|RainDance|[upkeep]\n|-heal|p2a: \u6d77\u9a6c|63\/100|[from] Grassy Terrain\n|upkeep\n|turn|13\n|\n|t:|1700376982\n|switch|p1a: Primarina|Primarina, M|100\/100\n|-activate|p2a: \u6d77\u9a6c|confusion\n|-damage|p2a: \u6d77\u9a6c|55\/100|[from] confusion\n|\n|-weather|RainDance|[upkeep]\n|-heal|p2a: \u6d77\u9a6c|61\/100|[from] Grassy Terrain\n|upkeep\n|turn|14\n|\n|t:|1700376989\n|-end|p2a: \u6d77\u9a6c|confusion\n|move|p2a: \u6d77\u9a6c|Hurricane|p1a: Primarina\n|-damage|p1a: Primarina|66\/100\n|-damage|p2a: \u6d77\u9a6c|51\/100|[from] item: Life Orb\n|move|p1a: Primarina|Moonblast|p2a: \u6d77\u9a6c\n|-supereffective|p2a: \u6d77\u9a6c\n|-damage|p2a: \u6d77\u9a6c|0 fnt\n|faint|p2a: \u6d77\u9a6c\n|\n|-weather|RainDance|[upkeep]\n|-heal|p1a: Primarina|72\/100|[from] Grassy Terrain\n|upkeep\n|\n|t:|1700376998\n|switch|p2a: \u5361\u5657\u7329\u7329|Rillaboom, F|100\/100\n|turn|15\n|\n|t:|1700377002\n|switch|p1a: Pelipper|Pelipper, F|88\/100\n|move|p2a: \u5361\u5657\u7329\u7329|Leech Seed|p1a: Pelipper\n|-start|p1a: Pelipper|move: Leech Seed\n|\n|-weather|RainDance|[upkeep]\n|-damage|p1a: Pelipper|76\/100|[from] Leech Seed|[of] p2a: \u5361\u5657\u7329\u7329\n|-fieldend|move: Grassy Terrain\n|upkeep\n|turn|16\n|\n|t:|1700377010\n|move|p2a: \u5361\u5657\u7329\u7329|Protect|p2a: \u5361\u5657\u7329\u7329\n|-singleturn|p2a: \u5361\u5657\u7329\u7329|Protect\n|move|p1a: Pelipper|Hurricane|p2a: \u5361\u5657\u7329\u7329\n|-activate|p2a: \u5361\u5657\u7329\u7329|move: Protect\n|\n|-weather|RainDance|[upkeep]\n|-damage|p1a: Pelipper|63\/100|[from] Leech Seed|[of] p2a: \u5361\u5657\u7329\u7329\n|upkeep\n|turn|17\n|\n|t:|1700377019\n|switch|p2a: \u5929\u6c14\u9884\u62a5|Politoed, M|100\/100\n|move|p1a: Pelipper|Hurricane|p2a: \u5929\u6c14\u9884\u62a5\n|-damage|p2a: \u5929\u6c14\u9884\u62a5|66\/100\n|\n|-weather|RainDance|[upkeep]\n|-damage|p1a: Pelipper|51\/100|[from] Leech Seed|[of] p2a: \u5929\u6c14\u9884\u62a5\n|-heal|p2a: \u5929\u6c14\u9884\u62a5|76\/100|[silent]\n|upkeep\n|turn|18\n|\n|t:|1700377028\n|switch|p1a: Kingler|Kingler, M|100\/100\n|move|p2a: \u5929\u6c14\u9884\u62a5|Protect||[still]\n|-fail|p2a: \u5929\u6c14\u9884\u62a5\n|\n|-weather|RainDance|[upkeep]\n|upkeep\n|turn|19\n|\n|t:|1700377034\n|move|p1a: Kingler|Body Slam|p2a: \u5929\u6c14\u9884\u62a5\n|-damage|p2a: \u5929\u6c14\u9884\u62a5|21\/100\n|move|p2a: \u5929\u6c14\u9884\u62a5|Perish Song|p2a: \u5929\u6c14\u9884\u62a5\n|-start|p1a: Kingler|perish3|[silent]\n|-start|p2a: \u5929\u6c14\u9884\u62a5|perish3|[silent]\n|-fieldactivate|move: Perish Song\n|\n|-weather|none\n|-start|p1a: Kingler|perish3\n|-start|p2a: \u5929\u6c14\u9884\u62a5|perish3\n|upkeep\n|turn|20\n|\n|t:|1700377042\n|move|p2a: \u5929\u6c14\u9884\u62a5|Protect|p2a: \u5929\u6c14\u9884\u62a5\n|-singleturn|p2a: \u5929\u6c14\u9884\u62a5|Protect\n|move|p1a: Kingler|Body Slam|p2a: \u5929\u6c14\u9884\u62a5\n|-activate|p2a: \u5929\u6c14\u9884\u62a5|move: Protect\n|\n|-start|p1a: Kingler|perish2\n|-start|p2a: \u5929\u6c14\u9884\u62a5|perish2\n|upkeep\n|turn|21\n|\n|t:|1700377049\n|switch|p2a: \u5361\u5657\u7329\u7329|Rillaboom, F|100\/100\n|-fieldstart|move: Grassy Terrain|[from] ability: Grassy Surge|[of] p2a: \u5361\u5657\u7329\u7329\n|move|p1a: Kingler|Body Slam|p2a: \u5361\u5657\u7329\u7329\n|-damage|p2a: \u5361\u5657\u7329\u7329|70\/100\n|\n|-heal|p2a: \u5361\u5657\u7329\u7329|76\/100|[from] Grassy Terrain\n|-heal|p2a: \u5361\u5657\u7329\u7329|82\/100|[from] item: Leftovers\n|-start|p1a: Kingler|perish1\n|upkeep\n|turn|22\n|\n|t:|1700377060\n|switch|p1a: Pelipper|Pelipper, F|51\/100\n|-weather|RainDance|[from] ability: Drizzle|[of] p1a: Pelipper\n|move|p2a: \u5361\u5657\u7329\u7329|Leech Seed|p1a: Pelipper\n|-start|p1a: Pelipper|move: Leech Seed\n|\n|-weather|RainDance|[upkeep]\n|-heal|p2a: \u5361\u5657\u7329\u7329|89\/100|[from] Grassy Terrain\n|-heal|p2a: \u5361\u5657\u7329\u7329|95\/100|[from] item: Leftovers\n|-damage|p1a: Pelipper|39\/100|[from] Leech Seed|[of] p2a: \u5361\u5657\u7329\u7329\n|-heal|p2a: \u5361\u5657\u7329\u7329|100\/100|[silent]\n|upkeep\n|turn|23\n|\n|t:|1700377071\n|move|p2a: \u5361\u5657\u7329\u7329|Protect|p2a: \u5361\u5657\u7329\u7329\n|-singleturn|p2a: \u5361\u5657\u7329\u7329|Protect\n|move|p1a: Pelipper|Roost|p1a: Pelipper\n|-heal|p1a: Pelipper|89\/100\n|-singleturn|p1a: Pelipper|move: Roost\n|\n|-weather|RainDance|[upkeep]\n|-heal|p1a: Pelipper|95\/100|[from] Grassy Terrain\n|-damage|p1a: Pelipper|83\/100|[from] Leech Seed|[of] p2a: \u5361\u5657\u7329\u7329\n|upkeep\n|turn|24\n|\n|t:|1700377080\n|switch|p2a: \u5929\u6c14\u9884\u62a5|Politoed, M|21\/100\n|move|p1a: Pelipper|Hurricane|p2a: \u5929\u6c14\u9884\u62a5\n|-damage|p2a: \u5929\u6c14\u9884\u62a5|0 fnt\n|faint|p2a: \u5929\u6c14\u9884\u62a5\n|\n|-weather|RainDance|[upkeep]\n|upkeep\n|\n|t:|1700377085\n|switch|p2a: \u718a\u4e8c|Urshifu-Rapid-Strike, F|100\/100\n|turn|25\n|\n|t:|1700377093\n|move|p2a: \u718a\u4e8c|Surging Strikes|p1a: Pelipper\n|-resisted|p1a: Pelipper\n|-crit|p1a: Pelipper\n|-damage|p1a: Pelipper|66\/100\n|-resisted|p1a: Pelipper\n|-crit|p1a: Pelipper\n|-damage|p1a: Pelipper|49\/100\n|-resisted|p1a: Pelipper\n|-crit|p1a: Pelipper\n|-damage|p1a: Pelipper|31\/100\n|-hitcount|p1a: Pelipper|3\n|move|p1a: Pelipper|Hurricane|p2a: \u718a\u4e8c\n|-supereffective|p2a: \u718a\u4e8c\n|-damage|p2a: \u718a\u4e8c|0 fnt\n|faint|p2a: \u718a\u4e8c\n|\n|-weather|RainDance|[upkeep]\n|-fieldend|move: Grassy Terrain\n|upkeep\n|\n|t:|1700377103\n|switch|p2a: \u5361\u5657\u7329\u7329|Rillaboom, F|100\/100\n|-fieldstart|move: Grassy Terrain|[from] ability: Grassy Surge|[of] p2a: \u5361\u5657\u7329\u7329\n|turn|26\n|\n|t:|1700377109\n|move|p2a: \u5361\u5657\u7329\u7329|Grassy Glide|p1a: Pelipper\n|-damage|p1a: Pelipper|8\/100\n|move|p1a: Pelipper|Roost|p1a: Pelipper\n|-heal|p1a: Pelipper|58\/100\n|-singleturn|p1a: Pelipper|move: Roost\n|\n|-weather|RainDance|[upkeep]\n|-heal|p1a: Pelipper|64\/100|[from] Grassy Terrain\n|-damage|p1a: Pelipper|52\/100|[from] Leech Seed|[of] p2a: \u5361\u5657\u7329\u7329\n|upkeep\n|turn|27\n|-message|xp5757xp forfeited.\n|\n|win|GHollow\n|raw|GHollow's rating: 1292 &rarr; <strong>1312<\/strong><br \/>(+20 for winning)\n|raw|xp5757xp's rating: 1222 &rarr; <strong>1202<\/strong><br \/>(-20 for losing)\n|l|\u2606xp5757xp\n","uploadtime":1700377123,"views":7,"p1id":"ghollow","p2id":"xp5757xp","formatid":"gen9nationaldex","rating":1202,"private":0,"password":""}