{"id":"gen9nationaldex-1993864725","p1":"gganimo","p2":"lmewl2","format":"[Gen 9] National Dex","log":"|j|\u2606gganimo\n|j|\u2606lmewl2\n|t:|1700367069\n|gametype|singles\n|player|p1|gganimo|102|1045\n|player|p2|lmewl2|cheren|1008\n|teamsize|p1|6\n|teamsize|p2|6\n|gen|9\n|tier|[Gen 9] National Dex\n|rated|\n|rule|HP Percentage Mod: HP is shown in percentages\n|rule|Endless Battle Clause: Forcing endless battles is banned\n|rule|OHKO Clause: OHKO moves are banned\n|rule|Evasion Clause: Evasion abilities, items, and moves are banned\n|rule|Evasion Abilities Clause: Evasion abilities are banned\n|rule|Evasion Items Clause: Evasion items are banned\n|rule|Evasion Moves Clause: Evasion moves are banned\n|rule|Species Clause: Limit one of each Pok\u00e9mon\n|rule|Sleep Clause Mod: Limit one foe put to sleep\n|clearpoke\n|poke|p1|Cradily, M|\n|poke|p1|Pikachu, F|\n|poke|p1|Pidgeot, F|\n|poke|p1|Alomomola, M|\n|poke|p1|Incineroar, M|\n|poke|p1|Alakazam, M|\n|poke|p2|Charizard, M|\n|poke|p2|Gliscor, F|\n|poke|p2|Zoroark, M|\n|poke|p2|Swampert, F|\n|poke|p2|Manectric, F|\n|poke|p2|Gardevoir, M|\n|teampreview\n|\n|t:|1700367106\n|start\n|switch|p1a: Alomomola|Alomomola, M|100\/100\n|switch|p2a: Manectric|Manectric, F|100\/100\n|turn|1\n|\n|t:|1700367116\n|switch|p1a: Pikachu|Pikachu, F|100\/100\n|move|p2a: Manectric|Thunderbolt|p1a: Pikachu\n|-resisted|p1a: Pikachu\n|-damage|p1a: Pikachu|46\/100\n|\n|upkeep\n|turn|2\n|\n|t:|1700367126\n|-singleturn|p1a: Pikachu|move: Focus Punch\n|move|p2a: Manectric|Thunderbolt|p1a: Pikachu\n|-resisted|p1a: Pikachu\n|-damage|p1a: Pikachu|0 fnt\n|faint|p1a: Pikachu\n|\n|upkeep\n|\n|t:|1700367135\n|switch|p1a: Cradily|Cradily, M|100\/100\n|turn|3\n|\n|t:|1700367143\n|move|p2a: Manectric|Flamethrower|p1a: Cradily\n|-damage|p1a: Cradily|83\/100\n|move|p1a: Cradily|Rock Blast|p2a: Manectric\n|-damage|p2a: Manectric|87\/100\n|-damage|p2a: Manectric|73\/100\n|-damage|p2a: Manectric|59\/100\n|-damage|p2a: Manectric|45\/100\n|-hitcount|p2a: Manectric|4\n|\n|-heal|p1a: Cradily|89\/100|[from] item: Leftovers\n|upkeep\n|turn|4\n|\n|t:|1700367155\n|move|p2a: Manectric|Toxic|p1a: Cradily\n|-status|p1a: Cradily|tox\n|move|p1a: Cradily|Leech Seed|p2a: Manectric\n|-start|p2a: Manectric|move: Leech Seed\n|\n|-heal|p1a: Cradily|95\/100 tox|[from] item: Leftovers\n|-damage|p2a: Manectric|32\/100|[from] Leech Seed|[of] p1a: Cradily\n|-heal|p1a: Cradily|100\/100 tox|[silent]\n|-damage|p1a: Cradily|94\/100 tox|[from] psn\n|upkeep\n|turn|5\n|\n|t:|1700367167\n|-terastallize|p1a: Cradily|Rock\n|move|p2a: Manectric|Thunderbolt|p1a: Cradily\n|-damage|p1a: Cradily|68\/100 tox\n|move|p1a: Cradily|Rock Blast|p2a: Manectric\n|-damage|p2a: Manectric|12\/100\n|-damage|p2a: Manectric|0 fnt\n|faint|p2a: Manectric\n|-hitcount|p2: Manectric|2\n|\n|-heal|p1a: Cradily|74\/100 tox|[from] item: Leftovers\n|-damage|p1a: Cradily|62\/100 tox|[from] psn\n|upkeep\n|\n|t:|1700367190\n|switch|p2a: Swampert|Swampert, F|100\/100\n|turn|6\n|\n|t:|1700367193\n|move|p2a: Swampert|Liquidation|p1a: Cradily\n|-ability|p1a: Cradily|Storm Drain|boost\n|-boost|p1a: Cradily|spa|1\n|move|p1a: Cradily|Leech Seed|p2a: Swampert\n|-start|p2a: Swampert|move: Leech Seed\n|\n|-heal|p1a: Cradily|68\/100 tox|[from] item: Leftovers\n|-damage|p2a: Swampert|88\/100|[from] Leech Seed|[of] p1a: Cradily\n|-heal|p1a: Cradily|79\/100 tox|[silent]\n|-damage|p1a: Cradily|61\/100 tox|[from] psn\n|upkeep\n|turn|7\n|\n|t:|1700367208\n|move|p2a: Swampert|Liquidation|p1a: Cradily\n|-ability|p1a: Cradily|Storm Drain|boost\n|-boost|p1a: Cradily|spa|1\n|move|p1a: Cradily|Giga Drain|p2a: Swampert\n|-supereffective|p2a: Swampert\n|-damage|p2a: Swampert|0 fnt\n|-heal|p1a: Cradily|100\/100 tox|[from] drain|[of] p2a: Swampert\n|faint|p2a: Swampert\n|\n|-damage|p1a: Cradily|76\/100 tox|[from] psn\n|upkeep\n|\n|t:|1700367224\n|switch|p2a: Gliscor|Gliscor, F|100\/100\n|turn|8\n|\n|t:|1700367229\n|move|p2a: Gliscor|Earthquake|p1a: Cradily\n|-supereffective|p1a: Cradily\n|-crit|p1a: Cradily\n|-damage|p1a: Cradily|0 fnt\n|faint|p1a: Cradily\n|\n|-status|p2a: Gliscor|tox|[from] item: Toxic Orb\n|upkeep\n|\n|t:|1700367240\n|switch|p1a: Alakazam|Alakazam, M|100\/100\n|turn|9\n|\n|t:|1700367259\n|-terastallize|p2a: Gliscor|Ground\n|move|p1a: Alakazam|Foul Play|p2a: Gliscor\n|-damage|p2a: Gliscor|81\/100 tox\n|move|p2a: Gliscor|Earthquake|p1a: Alakazam\n|-damage|p1a: Alakazam|0 fnt\n|faint|p1a: Alakazam\n|\n|-heal|p2a: Gliscor|93\/100 tox|[from] ability: Poison Heal\n|upkeep\n|\n|t:|1700367272\n|switch|p1a: Alomomola|Alomomola, M|100\/100\n|turn|10\n|\n|t:|1700367276\n|move|p2a: Gliscor|Swords Dance|p2a: Gliscor\n|-boost|p2a: Gliscor|atk|2\n|move|p1a: Alomomola|Scald|p2a: Gliscor\n|-supereffective|p2a: Gliscor\n|-damage|p2a: Gliscor|65\/100 tox\n|\n|-heal|p2a: Gliscor|78\/100 tox|[from] ability: Poison Heal\n|upkeep\n|turn|11\n|\n|t:|1700367286\n|move|p2a: Gliscor|Swords Dance|p2a: Gliscor\n|-boost|p2a: Gliscor|atk|2\n|move|p1a: Alomomola|Scald|p2a: Gliscor\n|-supereffective|p2a: Gliscor\n|-damage|p2a: Gliscor|50\/100 tox\n|\n|-heal|p2a: Gliscor|63\/100 tox|[from] ability: Poison Heal\n|upkeep\n|turn|12\n|\n|t:|1700367295\n|move|p2a: Gliscor|Swords Dance|p2a: Gliscor\n|-boost|p2a: Gliscor|atk|2\n|move|p1a: Alomomola|Scald|p2a: Gliscor\n|-supereffective|p2a: Gliscor\n|-damage|p2a: Gliscor|36\/100 tox\n|\n|-heal|p2a: Gliscor|48\/100 tox|[from] ability: Poison Heal\n|upkeep\n|turn|13\n|\n|t:|1700367306\n|move|p2a: Gliscor|Roost|p2a: Gliscor\n|-heal|p2a: Gliscor|98\/100 tox\n|move|p1a: Alomomola|Scald|p2a: Gliscor\n|-supereffective|p2a: Gliscor\n|-damage|p2a: Gliscor|72\/100 tox\n|\n|-heal|p2a: Gliscor|84\/100 tox|[from] ability: Poison Heal\n|upkeep\n|turn|14\n|\n|t:|1700367319\n|move|p2a: Gliscor|Swords Dance|p2a: Gliscor\n|-boost|p2a: Gliscor|atk|0\n|move|p1a: Alomomola|Knock Off|p2a: Gliscor\n|-damage|p2a: Gliscor|62\/100 tox\n|-enditem|p2a: Gliscor|Toxic Orb|[from] move: Knock Off|[of] p1a: Alomomola\n|\n|-heal|p2a: Gliscor|75\/100 tox|[from] ability: Poison Heal\n|upkeep\n|turn|15\n|\n|t:|1700367332\n|move|p2a: Gliscor|Swords Dance|p2a: Gliscor\n|-boost|p2a: Gliscor|atk|0\n|move|p1a: Alomomola|Scald|p2a: Gliscor\n|-supereffective|p2a: Gliscor\n|-damage|p2a: Gliscor|49\/100 tox\n|\n|-heal|p2a: Gliscor|61\/100 tox|[from] ability: Poison Heal\n|upkeep\n|turn|16\n|\n|t:|1700367342\n|move|p2a: Gliscor|Roost|p2a: Gliscor\n|-heal|p2a: Gliscor|100\/100 tox\n|move|p1a: Alomomola|Scald|p2a: Gliscor\n|-supereffective|p2a: Gliscor\n|-damage|p2a: Gliscor|72\/100 tox\n|\n|-heal|p2a: Gliscor|84\/100 tox|[from] ability: Poison Heal\n|upkeep\n|turn|17\n|\n|t:|1700367351\n|move|p2a: Gliscor|Facade|p1a: Alomomola\n|-damage|p1a: Alomomola|0 fnt\n|faint|p1a: Alomomola\n|\n|-heal|p2a: Gliscor|97\/100 tox|[from] ability: Poison Heal\n|upkeep\n|\n|t:|1700367358\n|switch|p1a: Incineroar|Incineroar, M|100\/100\n|-ability|p1a: Incineroar|Intimidate|boost\n|-unboost|p2a: Gliscor|atk|1\n|turn|18\n|\n|t:|1700367364\n|move|p2a: Gliscor|Facade|p1a: Incineroar\n|-damage|p1a: Incineroar|0 fnt\n|faint|p1a: Incineroar\n|\n|-heal|p2a: Gliscor|100\/100 tox|[from] ability: Poison Heal\n|upkeep\n|\n|t:|1700367373\n|switch|p1a: Pidgeot|Pidgeot, F|100\/100\n|turn|19\n|\n|t:|1700367387\n|detailschange|p1a: Pidgeot|Pidgeot-Mega, F\n|-mega|p1a: Pidgeot|Pidgeot|Pidgeotite\n|move|p1a: Pidgeot|Brave Bird|p2a: Gliscor\n|-damage|p2a: Gliscor|64\/100 tox\n|-damage|p1a: Pidgeot|86\/100|[from] Recoil\n|move|p2a: Gliscor|Facade|p1a: Pidgeot\n|-damage|p1a: Pidgeot|0 fnt\n|faint|p1a: Pidgeot\n|\n|win|lmewl2\n|raw|gganimo's rating: 1045 &rarr; <strong>1026<\/strong><br \/>(-19 for losing)\n|raw|lmewl2's rating: 1008 &rarr; <strong>1051<\/strong><br \/>(+43 for winning)\n","uploadtime":1700367408,"views":12,"p1id":"gganimo","p2id":"lmewl2","formatid":"gen9nationaldex","rating":1026,"private":0,"password":""}