{"id":"gen9nationaldex-1995013298","p1":"Glass101","p2":"lebronlover","format":"[Gen 9] National Dex","log":"|html|<div class=\"broadcast-blue\"><strong>[Gen 9] National Dex is currently suspecting Sneasler! For information on how to participate check out the <a href=\"https:\/\/www.smogon.com\/forums\/threads\/sv-national-dex-suspect-8-just-dance.3731534\/\">suspect thread<\/a>.<\/strong><\/div>\n|j|\u2606Glass101\n|j|\u2606lebronlover\n|t:|1700513375\n|gametype|singles\n|player|p1|Glass101|rocketgruntf|1552\n|player|p2|lebronlover|cheryl|1476\n|teamsize|p1|6\n|teamsize|p2|6\n|gen|9\n|tier|[Gen 9] National Dex\n|rated|\n|rule|HP Percentage Mod: HP is shown in percentages\n|rule|Endless Battle Clause: Forcing endless battles is banned\n|rule|OHKO Clause: OHKO moves are banned\n|rule|Evasion Clause: Evasion abilities, items, and moves are banned\n|rule|Evasion Abilities Clause: Evasion abilities are banned\n|rule|Evasion Items Clause: Evasion items are banned\n|rule|Evasion Moves Clause: Evasion moves are banned\n|rule|Species Clause: Limit one of each Pok\u00e9mon\n|rule|Sleep Clause Mod: Limit one foe put to sleep\n|clearpoke\n|poke|p1|Clodsire, M|\n|poke|p1|Chansey, F|\n|poke|p1|Toxapex, M|\n|poke|p1|Skarmory, F|\n|poke|p1|Kyurem|\n|poke|p1|Sableye, F|\n|poke|p2|Kommo-o, M|\n|poke|p2|Charizard, F|\n|poke|p2|Rotom-Wash|\n|poke|p2|Rillaboom, F|\n|poke|p2|Sneasler, F|\n|poke|p2|Sandy Shocks|\n|teampreview\n|inactive|Battle timer is ON: inactive players will automatically lose when time's up. (requested by lebronlover)\n|\n|t:|1700513392\n|start\n|switch|p1a: Sorry \":D|Sableye, F|100\/100\n|switch|p2a: Charizard|Charizard, F|100\/100\n|turn|1\n|\n|t:|1700513400\n|switch|p1a: Ahh!|Toxapex, M|100\/100\n|detailschange|p2a: Charizard|Charizard-Mega-Y, F\n|-mega|p2a: Charizard|Charizard|Charizardite Y\n|-weather|SunnyDay|[from] ability: Drought|[of] p2a: Charizard\n|move|p2a: Charizard|Weather Ball|p1a: Ahh!\n|-resisted|p1a: Ahh!\n|-damage|p1a: Ahh!|58\/100\n|\n|-weather|SunnyDay|[upkeep]\n|upkeep\n|turn|2\n|\n|t:|1700513409\n|move|p2a: Charizard|Scorching Sands|p1a: Ahh!\n|-supereffective|p1a: Ahh!\n|-damage|p1a: Ahh!|8\/100\n|move|p1a: Ahh!|Toxic|p2a: Charizard\n|-status|p2a: Charizard|tox\n|\n|-weather|SunnyDay|[upkeep]\n|-damage|p2a: Charizard|94\/100 tox|[from] psn\n|upkeep\n|turn|3\n|j| Diegogris\n|\n|t:|1700513419\n|switch|p1a: Whupsies|Chansey, F|100\/100\n|move|p2a: Charizard|Weather Ball|p1a: Whupsies\n|-damage|p1a: Whupsies|76\/100\n|\n|-weather|SunnyDay|[upkeep]\n|-damage|p2a: Charizard|82\/100 tox|[from] psn\n|upkeep\n|turn|4\n|\n|t:|1700513423\n|switch|p2a: Kommo-o|Kommo-o, M|100\/100\n|move|p1a: Whupsies|Seismic Toss|p2a: Kommo-o\n|-damage|p2a: Kommo-o|66\/100\n|\n|-weather|SunnyDay|[upkeep]\n|upkeep\n|turn|5\n|\n|t:|1700513430\n|switch|p1a: The Worst|Skarmory, F|100\/100\n|move|p2a: Kommo-o|Drain Punch|p1a: The Worst\n|-damage|p1a: The Worst|81\/100\n|-heal|p2a: Kommo-o|77\/100|[from] drain|[of] p1a: The Worst\n|-damage|p2a: Kommo-o|61\/100|[from] item: Rocky Helmet|[of] p1a: The Worst\n|\n|-weather|none\n|upkeep\n|turn|6\n|\n|t:|1700513439\n|switch|p2a: Sandy Shocks|Sandy Shocks|100\/100\n|move|p1a: The Worst|Whirlwind|p2a: Sandy Shocks\n|-end|p2a: Sandy Shocks|Protosynthesis|[silent]\n|drag|p2a: Rillaboom|Rillaboom, F|100\/100\n|-fieldstart|move: Grassy Terrain|[from] ability: Grassy Surge|[of] p2a: Rillaboom\n|\n|upkeep\n|turn|7\n|\n|t:|1700513459\n|switch|p1a: Whupsies|Chansey, F|76\/100\n|move|p2a: Rillaboom|Knock Off|p1a: Whupsies\n|-damage|p1a: Whupsies|0 fnt\n|-enditem|p1a: Whupsies|Eviolite|[from] move: Knock Off|[of] p2a: Rillaboom\n|faint|p1a: Whupsies\n|\n|upkeep\n|\n|t:|1700513465\n|switch|p1a: Oops|Kyurem|100\/100\n|-ability|p1a: Oops|Pressure\n|turn|8\n|\n|t:|1700513470\n|switch|p2a: Sneasler|Sneasler, F|100\/100\n|-enditem|p2a: Sneasler|Grassy Seed\n|-boost|p2a: Sneasler|def|1|[from] item: Grassy Seed\n|move|p1a: Oops|Substitute|p1a: Oops\n|-start|p1a: Oops|Substitute\n|-damage|p1a: Oops|76\/100\n|\n|-heal|p1a: Oops|82\/100|[from] Grassy Terrain\n|upkeep\n|turn|9\n|\n|t:|1700513477\n|move|p2a: Sneasler|Dire Claw|p1a: Oops\n|-end|p1a: Oops|Substitute\n|move|p1a: Oops|Earth Power|p2a: Sneasler\n|-supereffective|p2a: Sneasler\n|-damage|p2a: Sneasler|0 fnt\n|faint|p2a: Sneasler\n|-damage|p1a: Oops|72\/100|[from] item: Life Orb\n|\n|-heal|p1a: Oops|78\/100|[from] Grassy Terrain\n|upkeep\n|\n|t:|1700513492\n|switch|p2a: Kommo-o|Kommo-o, M|61\/100\n|turn|10\n|\n|t:|1700513497\n|switch|p1a: The Worst|Skarmory, F|81\/100\n|-zpower|p2a: Kommo-o\n|move|p2a: Kommo-o|Clangorous Soulblaze|p1a: The Worst|[zeffect]\n|-resisted|p1a: The Worst\n|-damage|p1a: The Worst|36\/100\n|-boost|p2a: Kommo-o|atk|1\n|-boost|p2a: Kommo-o|def|1\n|-boost|p2a: Kommo-o|spa|1\n|-boost|p2a: Kommo-o|spd|1\n|-boost|p2a: Kommo-o|spe|1\n|\n|-heal|p2a: Kommo-o|67\/100|[from] Grassy Terrain\n|-fieldend|move: Grassy Terrain\n|upkeep\n|turn|11\n|\n|t:|1700513502\n|move|p2a: Kommo-o|Fire Punch|p1a: The Worst\n|-supereffective|p1a: The Worst\n|-damage|p1a: The Worst|0 fnt\n|-damage|p2a: Kommo-o|51\/100|[from] item: Rocky Helmet|[of] p1a: The Worst\n|faint|p1a: The Worst\n|\n|upkeep\n|\n|t:|1700513514\n|switch|p1a: Amazing Regardless|Clodsire, M|100\/100\n|turn|12\n|\n|t:|1700513517\n|move|p2a: Kommo-o|Clanging Scales|p1a: Amazing Regardless\n|-damage|p1a: Amazing Regardless|71\/100\n|-unboost|p2a: Kommo-o|def|1\n|move|p1a: Amazing Regardless|Counter||[still]\n|-fail|p1a: Amazing Regardless\n|\n|upkeep\n|turn|13\n|\n|t:|1700513531\n|switch|p2a: Charizard|Charizard-Mega-Y, F|82\/100 tox\n|-weather|SunnyDay|[from] ability: Drought|[of] p2a: Charizard\n|move|p1a: Amazing Regardless|Toxic|p2a: Charizard\n|-fail|p2a: Charizard|tox\n|\n|-weather|SunnyDay|[upkeep]\n|-damage|p2a: Charizard|76\/100 tox|[from] psn\n|upkeep\n|turn|14\n|\n|t:|1700513544\n|switch|p1a: Ahh!|Toxapex, M|41\/100\n|move|p2a: Charizard|Weather Ball|p1a: Ahh!\n|-resisted|p1a: Ahh!\n|-damage|p1a: Ahh!|0 fnt\n|faint|p1a: Ahh!\n|\n|-weather|SunnyDay|[upkeep]\n|-damage|p2a: Charizard|64\/100 tox|[from] psn\n|upkeep\n|\n|t:|1700513546\n|switch|p1a: Oops|Kyurem|78\/100\n|-ability|p1a: Oops|Pressure\n|turn|15\n|\n|t:|1700513551\n|move|p2a: Charizard|Weather Ball|p1a: Oops\n|-damage|p1a: Oops|0 fnt\n|faint|p1a: Oops\n|\n|-weather|SunnyDay|[upkeep]\n|-damage|p2a: Charizard|46\/100 tox|[from] psn\n|upkeep\n|-message|Glass101 forfeited.\n|\n|win|lebronlover\n|raw|Glass101's rating: 1552 &rarr; <strong>1528<\/strong><br \/>(-24 for losing)\n|raw|lebronlover's rating: 1476 &rarr; <strong>1500<\/strong><br \/>(+24 for winning)\n|l|\u2606Glass101\n|l|\u2606lebronlover\n","uploadtime":1700513727,"views":2,"p1id":"glass101","p2id":"lebronlover","formatid":"gen9nationaldex","rating":1500,"private":0,"password":""}