{"id":"gen9nationaldex-1987400785","p1":"FlynnStingray","p2":"Spix on YT","format":"[Gen 9] National Dex","log":"|j|\u2606FlynnStingray\n|j|\u2606Spix on YT\n|t:|1699586510\n|gametype|singles\n|player|p1|FlynnStingray|erika|1116\n|player|p2|Spix on YT|ghetsis|1164\n|teamsize|p1|6\n|teamsize|p2|6\n|gen|9\n|tier|[Gen 9] National Dex\n|rated|\n|rule|HP Percentage Mod: HP is shown in percentages\n|rule|Endless Battle Clause: Forcing endless battles is banned\n|rule|OHKO Clause: OHKO moves are banned\n|rule|Evasion Clause: Evasion abilities, items, and moves are banned\n|rule|Evasion Abilities Clause: Evasion abilities are banned\n|rule|Evasion Items Clause: Evasion items are banned\n|rule|Evasion Moves Clause: Evasion moves are banned\n|rule|Species Clause: Limit one of each Pok\u00e9mon\n|rule|Sleep Clause Mod: Limit one foe put to sleep\n|clearpoke\n|poke|p1|Landorus-Therian, M|\n|poke|p1|Kleavor, F|\n|poke|p1|Rillaboom, M|\n|poke|p1|Urshifu-*, M|\n|poke|p1|Skeledirge, F|\n|poke|p1|Dragonite, M|\n|poke|p2|Manectric, F|\n|poke|p2|Victini|\n|poke|p2|Great Tusk|\n|poke|p2|Pyukumuku, M|\n|poke|p2|Corviknight, M|\n|poke|p2|Scolipede, M|\n|teampreview\n|c|\u2606FlynnStingray|Cool team\n|\n|t:|1699586518\n|start\n|switch|p1a: Barney|Dragonite, M, shiny|100\/100\n|switch|p2a: Scolipede|Scolipede, M, shiny|100\/100\n|turn|1\n|\n|t:|1699586527\n|switch|p2a: Corviknight|Corviknight, M|100\/100\n|move|p1a: Barney|Dragon Dance|p1a: Barney\n|-boost|p1a: Barney|atk|1\n|-boost|p1a: Barney|spe|1\n|\n|upkeep\n|turn|2\n|\n|t:|1699586534\n|move|p1a: Barney|Dragon Dance|p1a: Barney\n|-boost|p1a: Barney|atk|1\n|-boost|p1a: Barney|spe|1\n|move|p2a: Corviknight|Taunt|p1a: Barney\n|-start|p1a: Barney|move: Taunt\n|\n|upkeep\n|turn|3\n|c|\u2606Spix on YT|tyty you too\n|\n|t:|1699586543\n|move|p1a: Barney|Fire Punch|p2a: Corviknight\n|-supereffective|p2a: Corviknight\n|-damage|p2a: Corviknight|33\/100\n|move|p2a: Corviknight|U-turn|p1a: Barney\n|-resisted|p1a: Barney\n|-damage|p1a: Barney|96\/100\n|\n|t:|1699586549\n|switch|p2a: Pyukumuku|Pyukumuku, M|100\/100|[from] U-turn\n|\n|upkeep\n|turn|4\n|\n|t:|1699586554\n|-terastallize|p1a: Barney|Dragon\n|move|p1a: Barney|Dragon Claw|p2a: Pyukumuku\n|-damage|p2a: Pyukumuku|47\/100\n|move|p2a: Pyukumuku|Toxic|p1a: Barney\n|-status|p1a: Barney|tox\n|\n|-heal|p2a: Pyukumuku|53\/100|[from] item: Leftovers\n|-damage|p1a: Barney|90\/100 tox|[from] psn\n|upkeep\n|turn|5\n|\n|t:|1699586564\n|move|p2a: Pyukumuku|Protect|p2a: Pyukumuku\n|-singleturn|p2a: Pyukumuku|Protect\n|move|p1a: Barney|Dragon Claw|p2a: Pyukumuku\n|-activate|p2a: Pyukumuku|move: Protect\n|\n|-heal|p2a: Pyukumuku|59\/100|[from] item: Leftovers\n|-damage|p1a: Barney|78\/100 tox|[from] psn\n|-end|p1a: Barney|move: Taunt\n|upkeep\n|turn|6\n|\n|t:|1699586576\n|move|p1a: Barney|Dragon Claw|p2a: Pyukumuku\n|-damage|p2a: Pyukumuku|6\/100\n|move|p2a: Pyukumuku|Recover|p2a: Pyukumuku\n|-heal|p2a: Pyukumuku|56\/100\n|\n|-heal|p2a: Pyukumuku|62\/100|[from] item: Leftovers\n|-damage|p1a: Barney|59\/100 tox|[from] psn\n|upkeep\n|turn|7\n|\n|t:|1699586585\n|switch|p1a: Whiplash|Rillaboom, M|100\/100\n|-fieldstart|move: Grassy Terrain|[from] ability: Grassy Surge|[of] p1a: Whiplash\n|move|p2a: Pyukumuku|Protect||[still]\n|-fail|p2a: Pyukumuku\n|\n|-heal|p2a: Pyukumuku|68\/100|[from] Grassy Terrain\n|-heal|p2a: Pyukumuku|74\/100|[from] item: Leftovers\n|upkeep\n|turn|8\n|\n|t:|1699586595\n|switch|p2a: Scolipede|Scolipede, M, shiny|100\/100\n|move|p1a: Whiplash|Grassy Glide|p2a: Scolipede\n|-resisted|p2a: Scolipede\n|-damage|p2a: Scolipede|87\/100\n|\n|-heal|p2a: Scolipede|93\/100|[from] Grassy Terrain\n|-heal|p2a: Scolipede|99\/100|[from] item: Leftovers\n|upkeep\n|turn|9\n|\n|t:|1699586603\n|move|p2a: Scolipede|Swords Dance|p2a: Scolipede\n|-boost|p2a: Scolipede|atk|2\n|move|p1a: Whiplash|High Horsepower|p2a: Scolipede\n|-damage|p2a: Scolipede|54\/100\n|\n|-heal|p2a: Scolipede|60\/100|[from] Grassy Terrain\n|-heal|p2a: Scolipede|66\/100|[from] item: Leftovers\n|-ability|p2a: Scolipede|Speed Boost|boost\n|-boost|p2a: Scolipede|spe|1\n|upkeep\n|turn|10\n|\n|t:|1699586612\n|move|p2a: Scolipede|Poison Jab|p1a: Whiplash\n|-supereffective|p1a: Whiplash\n|-damage|p1a: Whiplash|0 fnt\n|faint|p1a: Whiplash\n|\n|-heal|p2a: Scolipede|73\/100|[from] Grassy Terrain\n|-heal|p2a: Scolipede|79\/100|[from] item: Leftovers\n|-ability|p2a: Scolipede|Speed Boost|boost\n|-boost|p2a: Scolipede|spe|1\n|upkeep\n|c|\u2606FlynnStingray|Damn this team is Tanky\n|\n|t:|1699586624\n|switch|p1a: The AXE|Kleavor, F, shiny|100\/100\n|turn|11\n|c|\u2606Spix on YT|mine or urs\n|\n|t:|1699586634\n|move|p2a: Scolipede|Superpower|p1a: The AXE\n|-damage|p1a: The AXE|18\/100\n|-unboost|p2a: Scolipede|atk|1\n|-unboost|p2a: Scolipede|def|1\n|move|p1a: The AXE|Stone Axe|p2a: Scolipede\n|-supereffective|p2a: Scolipede\n|-damage|p2a: Scolipede|0 fnt\n|-sidestart|p2: Spix on YT|move: Stealth Rock\n|faint|p2a: Scolipede\n|\n|-heal|p1a: The AXE|24\/100|[from] Grassy Terrain\n|-fieldend|move: Grassy Terrain\n|upkeep\n|c|\u2606FlynnStingray|urs\n|\n|t:|1699586643\n|switch|p2a: Great Tusk|Great Tusk|100\/100\n|-damage|p2a: Great Tusk|98\/100|[from] Stealth Rock\n|turn|12\n|\n|t:|1699586648\n|move|p2a: Great Tusk|Rapid Spin|p1a: The AXE\n|-resisted|p1a: The AXE\n|-damage|p1a: The AXE|13\/100\n|-boost|p2a: Great Tusk|spe|1\n|-sideend|p2: Spix on YT|Stealth Rock|[from] move: Rapid Spin|[of] p2a: Great Tusk\n|move|p1a: The AXE|Roost|p1a: The AXE\n|-heal|p1a: The AXE|63\/100\n|-singleturn|p1a: The AXE|move: Roost\n|\n|upkeep\n|turn|13\n|c|\u2606Spix on YT|bro im not gonna question how kleavor gets roost\n|c|\u2606Spix on YT|except\n|c|\u2606Spix on YT|yknow\n|c|\u2606Spix on YT|scyther\n|\n|t:|1699586695\n|-end|p2a: Great Tusk|Protosynthesis|[silent]\n|switch|p2a: Victini|Victini|100\/100\n|move|p1a: The AXE|Stone Axe|p2a: Victini\n|-supereffective|p2a: Victini\n|-damage|p2a: Victini|17\/100\n|-sidestart|p2: Spix on YT|move: Stealth Rock\n|\n|upkeep\n|turn|14\n|\n|t:|1699586702\n|move|p2a: Victini|Blue Flare|p1a: The AXE\n|-damage|p1a: The AXE|0 fnt\n|faint|p1a: The AXE\n|\n|upkeep\n|\n|t:|1699586718\n|switch|p1a: Randy Jr.|Landorus-Therian, M|100\/100\n|-ability|p1a: Randy Jr.|Intimidate|boost\n|-unboost|p2a: Victini|atk|1\n|turn|15\n|\n|t:|1699586730\n|switch|p2a: Corviknight|Corviknight, M|33\/100\n|-damage|p2a: Corviknight|20\/100|[from] Stealth Rock\n|move|p1a: Randy Jr.|Crunch|p2a: Corviknight\n|-damage|p2a: Corviknight|0 fnt\n|faint|p2a: Corviknight\n|-damage|p1a: Randy Jr.|91\/100|[from] item: Life Orb\n|\n|upkeep\n|\n|t:|1699586739\n|switch|p2a: Manectric|Manectric, F|100\/100\n|-damage|p2a: Manectric|88\/100|[from] Stealth Rock\n|turn|16\n|\n|t:|1699586750\n|detailschange|p2a: Manectric|Manectric-Mega, F\n|-mega|p2a: Manectric|Manectric|Manectite\n|-ability|p2a: Manectric|Intimidate|boost\n|-unboost|p1a: Randy Jr.|atk|1\n|move|p2a: Manectric|Hidden Power|p1a: Randy Jr.\n|-supereffective|p1a: Randy Jr.\n|-damage|p1a: Randy Jr.|0 fnt\n|faint|p1a: Randy Jr.\n|\n|upkeep\n|\n|t:|1699586761\n|switch|p1a: Drippy|Skeledirge, F, shiny|100\/100\n|turn|17\n|\n|t:|1699586771\n|move|p2a: Manectric|Volt Switch|p1a: Drippy\n|-damage|p1a: Drippy|62\/100\n|\n|t:|1699586772\n|switch|p2a: Victini|Victini|17\/100|[from] Volt Switch\n|-damage|p2a: Victini|0 fnt|[from] Stealth Rock\n|faint|p2a: Victini\n|move|p1a: Drippy|Earth Power|p2: Victini|[notarget]\n|-fail|p1a: Drippy\n|\n|upkeep\n|\n|t:|1699586781\n|switch|p2a: Manectric|Manectric-Mega, F|88\/100\n|-damage|p2a: Manectric|76\/100|[from] Stealth Rock\n|-ability|p2a: Manectric|Intimidate|boost\n|-unboost|p1a: Drippy|atk|1\n|turn|18\n|\n|t:|1699586786\n|move|p2a: Manectric|Thunderbolt|p1a: Drippy\n|-damage|p1a: Drippy|11\/100\n|move|p1a: Drippy|Earth Power|p2a: Manectric\n|-supereffective|p2a: Manectric\n|-damage|p2a: Manectric|0 fnt\n|faint|p2a: Manectric\n|\n|upkeep\n|\n|t:|1699586790\n|switch|p2a: Great Tusk|Great Tusk|98\/100\n|-damage|p2a: Great Tusk|95\/100|[from] Stealth Rock\n|turn|19\n|\n|t:|1699586798\n|move|p2a: Great Tusk|Headlong Rush|p1a: Drippy\n|-supereffective|p1a: Drippy\n|-damage|p1a: Drippy|0 fnt\n|-unboost|p2a: Great Tusk|def|1\n|-unboost|p2a: Great Tusk|spd|1\n|faint|p1a: Drippy\n|\n|upkeep\n|\n|t:|1699586804\n|switch|p1a: Beowulf|Urshifu-Rapid-Strike, M|100\/100\n|turn|20\n|\n|t:|1699586808\n|-end|p2a: Great Tusk|Protosynthesis|[silent]\n|switch|p2a: Pyukumuku|Pyukumuku, M|74\/100\n|-damage|p2a: Pyukumuku|61\/100|[from] Stealth Rock\n|move|p1a: Beowulf|Surging Strikes|p2a: Pyukumuku\n|-resisted|p2a: Pyukumuku\n|-crit|p2a: Pyukumuku\n|-damage|p2a: Pyukumuku|48\/100\n|-resisted|p2a: Pyukumuku\n|-crit|p2a: Pyukumuku\n|-damage|p2a: Pyukumuku|36\/100\n|-resisted|p2a: Pyukumuku\n|-crit|p2a: Pyukumuku\n|-damage|p2a: Pyukumuku|23\/100\n|-hitcount|p2a: Pyukumuku|3\n|\n|-heal|p2a: Pyukumuku|29\/100|[from] item: Leftovers\n|upkeep\n|turn|21\n|\n|t:|1699586821\n|move|p1a: Beowulf|Surging Strikes|p2a: Pyukumuku\n|-resisted|p2a: Pyukumuku\n|-crit|p2a: Pyukumuku\n|-damage|p2a: Pyukumuku|16\/100\n|-resisted|p2a: Pyukumuku\n|-crit|p2a: Pyukumuku\n|-damage|p2a: Pyukumuku|4\/100\n|-resisted|p2a: Pyukumuku\n|-crit|p2a: Pyukumuku\n|-damage|p2a: Pyukumuku|0 fnt\n|faint|p2a: Pyukumuku\n|-hitcount|p2: Pyukumuku|3\n|\n|upkeep\n|\n|t:|1699586830\n|switch|p2a: Great Tusk|Great Tusk|95\/100\n|-damage|p2a: Great Tusk|92\/100|[from] Stealth Rock\n|turn|22\n|\n|t:|1699586835\n|move|p2a: Great Tusk|Rapid Spin|p1a: Beowulf\n|-damage|p1a: Beowulf|82\/100\n|-boost|p2a: Great Tusk|spe|1\n|-sideend|p2: Spix on YT|Stealth Rock|[from] move: Rapid Spin|[of] p2a: Great Tusk\n|move|p1a: Beowulf|Surging Strikes|p2a: Great Tusk\n|-supereffective|p2a: Great Tusk\n|-crit|p2a: Great Tusk\n|-damage|p2a: Great Tusk|47\/100\n|-supereffective|p2a: Great Tusk\n|-crit|p2a: Great Tusk\n|-damage|p2a: Great Tusk|2\/100\n|-supereffective|p2a: Great Tusk\n|-crit|p2a: Great Tusk\n|-damage|p2a: Great Tusk|0 fnt\n|faint|p2a: Great Tusk\n|-end|p2a: Great Tusk|Protosynthesis|[silent]\n|-hitcount|p2: Great Tusk|3\n|\n|win|FlynnStingray\n|raw|FlynnStingray's rating: 1116 &rarr; <strong>1144<\/strong><br \/>(+28 for winning)\n|raw|Spix on YT's rating: 1164 &rarr; <strong>1136<\/strong><br \/>(-28 for losing)\n|c|\u2606Spix on YT|gg\n|c|\u2606FlynnStingray|GGs\n|l|\u2606Spix on YT\n","uploadtime":1699586848,"views":4,"p1id":"flynnstingray","p2id":"spixonyt","formatid":"gen9nationaldex","rating":1136,"private":0,"password":""}