{"id":"gen9nationaldex-1996678767","p1":"aka Lalo","p2":"Onlymanever","format":"[Gen 9] National Dex","log":"|html|<div class=\"broadcast-blue\"><strong>[Gen 9] National Dex is currently suspecting Sneasler! For information on how to participate check out the <a href=\"https:\/\/www.smogon.com\/forums\/threads\/sv-national-dex-suspect-8-just-dance.3731534\/\">suspect thread<\/a>.<\/strong><\/div>\n|j|\u2606aka Lalo\n|j|\u203dOnlymanever\n|t:|1700708692\n|gametype|singles\n|player|p1|aka Lalo|101|1004\n|player|p2|Onlymanever|lyra|1000\n|teamsize|p1|6\n|teamsize|p2|6\n|gen|9\n|tier|[Gen 9] National Dex\n|rated|\n|rule|HP Percentage Mod: HP is shown in percentages\n|rule|Endless Battle Clause: Forcing endless battles is banned\n|rule|OHKO Clause: OHKO moves are banned\n|rule|Evasion Clause: Evasion abilities, items, and moves are banned\n|rule|Evasion Abilities Clause: Evasion abilities are banned\n|rule|Evasion Items Clause: Evasion items are banned\n|rule|Evasion Moves Clause: Evasion moves are banned\n|rule|Species Clause: Limit one of each Pok\u00e9mon\n|rule|Sleep Clause Mod: Limit one foe put to sleep\n|clearpoke\n|poke|p1|Gengar, M|\n|poke|p1|Stunfisk, M|\n|poke|p1|Scrafty, M|\n|poke|p1|Serperior, F|\n|poke|p1|Clefable, F|\n|poke|p1|Oricorio, M|\n|poke|p2|Mr. Mime, F|\n|poke|p2|Inteleon, M|\n|poke|p2|Gallade, M|\n|poke|p2|Arcanine, M|\n|poke|p2|Staraptor, F|\n|poke|p2|Electivire, M|\n|teampreview\n|inactive|Battle timer is ON: inactive players will automatically lose when time's up. (requested by Onlymanever)\n|\n|t:|1700708720\n|start\n|switch|p1a: Serperior|Serperior, F, shiny|100\/100\n|switch|p2a: Inteleon|Inteleon, M|100\/100\n|turn|1\n|\n|t:|1700708729\n|-terastallize|p2a: Inteleon|Ice\n|move|p2a: Inteleon|Ice Beam|p1a: Serperior\n|-supereffective|p1a: Serperior\n|-damage|p1a: Serperior|16\/100\n|-enditem|p1a: Serperior|Salac Berry|[eat]\n|-boost|p1a: Serperior|spe|1|[from] item: Salac Berry\n|move|p1a: Serperior|Coil|p1a: Serperior\n|-boost|p1a: Serperior|atk|1\n|-boost|p1a: Serperior|def|1\n|-boost|p1a: Serperior|accuracy|1\n|\n|upkeep\n|turn|2\n|\n|t:|1700708754\n|move|p1a: Serperior|Leaf Blade|p2a: Inteleon\n|-damage|p2a: Inteleon|0 fnt\n|faint|p2a: Inteleon\n|\n|upkeep\n|\n|t:|1700708767\n|switch|p2a: Arcanine|Arcanine, M|100\/100\n|turn|3\n|\n|t:|1700708772\n|move|p1a: Serperior|Aqua Tail|p2a: Arcanine\n|-supereffective|p2a: Arcanine\n|-damage|p2a: Arcanine|2\/100\n|move|p2a: Arcanine|Flare Blitz|p1a: Serperior\n|-supereffective|p1a: Serperior\n|-damage|p1a: Serperior|0 fnt\n|faint|p1a: Serperior\n|-damage|p2a: Arcanine|0 fnt|[from] Recoil\n|faint|p2a: Arcanine\n|\n|upkeep\n|inactive|Onlymanever has 120 seconds left.\n|\n|t:|1700708803\n|switch|p2a: Electivire|Electivire, M|100\/100\n|switch|p1a: Oricorio|Oricorio, M, shiny|100\/100\n|turn|4\n|\n|t:|1700708815\n|move|p1a: Oricorio|Revelation Dance|p2a: Electivire\n|-damage|p2a: Electivire|48\/100\n|move|p2a: Electivire|Thunder Punch|p1a: Oricorio\n|-supereffective|p1a: Oricorio\n|-damage|p1a: Oricorio|0 fnt\n|faint|p1a: Oricorio\n|\n|-heal|p2a: Electivire|54\/100|[from] item: Leftovers\n|upkeep\n|inactive|aka Lalo has 120 seconds left.\n|\n|t:|1700708827\n|switch|p1a: Clefable|Clefable, F|100\/100\n|turn|5\n|\n|t:|1700708833\n|move|p2a: Electivire|Thunderbolt|p1a: Clefable\n|-damage|p1a: Clefable|80\/100\n|move|p1a: Clefable|Curse|p1a: Clefable\n|-unboost|p1a: Clefable|spe|1\n|-boost|p1a: Clefable|atk|1\n|-boost|p1a: Clefable|def|1\n|\n|-heal|p2a: Electivire|60\/100|[from] item: Leftovers\n|-status|p1a: Clefable|brn|[from] item: Flame Orb\n|upkeep\n|turn|6\n|\n|t:|1700708845\n|move|p2a: Electivire|Thunder Punch|p1a: Clefable\n|-damage|p1a: Clefable|52\/100 brn\n|move|p1a: Clefable|Curse|p1a: Clefable\n|-unboost|p1a: Clefable|spe|1\n|-boost|p1a: Clefable|atk|1\n|-boost|p1a: Clefable|def|1\n|\n|-heal|p2a: Electivire|66\/100|[from] item: Leftovers\n|upkeep\n|turn|7\n|\n|t:|1700708855\n|switch|p2a: Mr. Mime|Mr. Mime, F|100\/100\n|move|p1a: Clefable|Rest|p1a: Clefable\n|-status|p1a: Clefable|slp|[from] move: Rest\n|-heal|p1a: Clefable|100\/100 slp|[silent]\n|\n|upkeep\n|turn|8\n|\n|t:|1700708863\n|move|p2a: Mr. Mime|Encore|p1a: Clefable\n|-start|p1a: Clefable|Encore\n|cant|p1a: Clefable|slp\n|\n|upkeep\n|turn|9\n|\n|t:|1700708875\n|-terastallize|p1a: Clefable|Normal\n|move|p2a: Mr. Mime|Calm Mind|p2a: Mr. Mime\n|-boost|p2a: Mr. Mime|spa|1\n|-boost|p2a: Mr. Mime|spd|1\n|cant|p1a: Clefable|slp\n|\n|upkeep\n|turn|10\n|\n|t:|1700708883\n|move|p2a: Mr. Mime|Calm Mind|p2a: Mr. Mime\n|-boost|p2a: Mr. Mime|spa|1\n|-boost|p2a: Mr. Mime|spd|1\n|-curestatus|p1a: Clefable|slp|[msg]\n|move|p1a: Clefable|Rest|p1a: Clefable\n|-fail|p1a: Clefable|heal\n|\n|-end|p1a: Clefable|Encore\n|-status|p1a: Clefable|brn|[from] item: Flame Orb\n|upkeep\n|turn|11\n|\n|t:|1700708910\n|switch|p1a: Gengar|Gengar, M|100\/100\n|move|p2a: Mr. Mime|Encore||[still]\n|-fail|p2a: Mr. Mime\n|\n|upkeep\n|turn|12\n|\n|t:|1700708917\n|move|p1a: Gengar|Trick|p2a: Mr. Mime\n|-activate|p1a: Gengar|move: Trick|[of] p2a: Mr. Mime\n|-item|p2a: Mr. Mime|Choice Specs|[from] move: Trick\n|-item|p1a: Gengar|Leftovers|[from] move: Trick\n|move|p2a: Mr. Mime|Psychic|p1a: Gengar\n|-supereffective|p1a: Gengar\n|-damage|p1a: Gengar|0 fnt\n|faint|p1a: Gengar\n|\n|upkeep\n|\n|t:|1700708925\n|switch|p1a: Scrafty|Scrafty, M|100\/100\n|turn|13\n|\n|t:|1700708930\n|switch|p2a: Gallade|Gallade, M|100\/100\n|move|p1a: Scrafty|Dragon Dance|p1a: Scrafty\n|-boost|p1a: Scrafty|atk|1\n|-boost|p1a: Scrafty|spe|1\n|\n|upkeep\n|turn|14\n|\n|t:|1700708942\n|move|p1a: Scrafty|Knock Off|p2a: Gallade\n|-damage|p2a: Gallade|21\/100\n|-ability|p2a: Gallade|Justified|boost\n|-boost|p2a: Gallade|atk|1\n|-enditem|p2a: Gallade|Leftovers|[from] move: Knock Off|[of] p1a: Scrafty\n|move|p2a: Gallade|Close Combat|p1a: Scrafty\n|-supereffective|p1a: Scrafty\n|-damage|p1a: Scrafty|0 fnt\n|-unboost|p2a: Gallade|def|1\n|-unboost|p2a: Gallade|spd|1\n|faint|p1a: Scrafty\n|\n|upkeep\n|\n|t:|1700708954\n|switch|p1a: Clefable|Clefable, F, tera:Normal|100\/100 brn\n|turn|15\n|\n|t:|1700708959\n|move|p2a: Gallade|Close Combat|p1a: Clefable\n|-supereffective|p1a: Clefable\n|-damage|p1a: Clefable|0 fnt\n|-unboost|p2a: Gallade|def|1\n|-unboost|p2a: Gallade|spd|1\n|faint|p1a: Clefable\n|\n|upkeep\n|\n|t:|1700708964\n|switch|p1a: Stunfisk|Stunfisk, M, shiny|100\/100\n|turn|16\n|\n|t:|1700708971\n|move|p2a: Gallade|Psycho Cut|p1a: Stunfisk\n|-damage|p1a: Stunfisk|55\/100\n|move|p1a: Stunfisk|Sludge Wave|p2a: Gallade\n|-damage|p2a: Gallade|0 fnt\n|faint|p2a: Gallade\n|\n|upkeep\n|\n|t:|1700708982\n|switch|p2a: Mr. Mime|Mr. Mime, F|100\/100\n|turn|17\n|\n|t:|1700708986\n|move|p2a: Mr. Mime|Psychic|p1a: Stunfisk\n|-damage|p1a: Stunfisk|6\/100\n|move|p1a: Stunfisk|Sludge Wave|p2a: Mr. Mime\n|-supereffective|p2a: Mr. Mime\n|-damage|p2a: Mr. Mime|34\/100\n|\n|upkeep\n|turn|18\n|\n|t:|1700708993\n|move|p2a: Mr. Mime|Psychic|p1a: Stunfisk\n|-damage|p1a: Stunfisk|0 fnt\n|faint|p1a: Stunfisk\n|\n|win|Onlymanever\n|raw|aka Lalo's rating: 1004 &rarr; <strong>1000<\/strong><br \/>(-4 for losing)\n|raw|Onlymanever's rating: 1000 &rarr; <strong>1040<\/strong><br \/>(+40 for winning)\n|l|\u2606aka Lalo\n","uploadtime":1700708999,"views":7,"p1id":"akalalo","p2id":"onlymanever","formatid":"gen9nationaldex","rating":1000,"private":0,"password":""}