{"id":"gen9nationaldex-1991032012","p1":"soughce","p2":"Nexela","format":"[Gen 9] National Dex","log":"|j|\u2606soughce\n|j|\u2606Nexela\n|t:|1700031342\n|gametype|singles\n|player|p1|soughce|acetrainer-gen4|1141\n|player|p2|Nexela|ghetsis|1240\n|teamsize|p1|6\n|teamsize|p2|6\n|gen|9\n|tier|[Gen 9] National Dex\n|rated|\n|rule|HP Percentage Mod: HP is shown in percentages\n|rule|Endless Battle Clause: Forcing endless battles is banned\n|rule|OHKO Clause: OHKO moves are banned\n|rule|Evasion Clause: Evasion abilities, items, and moves are banned\n|rule|Evasion Abilities Clause: Evasion abilities are banned\n|rule|Evasion Items Clause: Evasion items are banned\n|rule|Evasion Moves Clause: Evasion moves are banned\n|rule|Species Clause: Limit one of each Pok\u00e9mon\n|rule|Sleep Clause Mod: Limit one foe put to sleep\n|clearpoke\n|poke|p1|Sceptile, M|\n|poke|p1|Cetitan, M|\n|poke|p1|Bisharp, M|\n|poke|p1|Heatran, F|\n|poke|p1|Sneasler, M|\n|poke|p1|Ninetales-Alola, F|\n|poke|p2|Slowking-Galar, F|\n|poke|p2|Glastrier|\n|poke|p2|Stakataka|\n|poke|p2|Banette, M|\n|poke|p2|Weezing-Galar, F|\n|poke|p2|Reuniclus, F|\n|teampreview\n|\n|t:|1700031353\n|start\n|switch|p1a: Ninetales|Ninetales-Alola, F, shiny|100\/100\n|switch|p2a: Banette|Banette, M|100\/100\n|-weather|Snow|[from] ability: Snow Warning|[of] p1a: Ninetales\n|-item|p1a: Ninetales|Light Clay|[from] ability: Frisk|[of] p2a: Banette|[identify]\n|turn|1\n|\n|t:|1700031361\n|detailschange|p2a: Banette|Banette-Mega, M\n|-mega|p2a: Banette|Banette|Banettite\n|move|p2a: Banette|Taunt|p1a: Ninetales\n|-start|p1a: Ninetales|move: Taunt\n|cant|p1a: Ninetales|move: Taunt|Aurora Veil\n|\n|-weather|Snow|[upkeep]\n|upkeep\n|turn|2\n|\n|t:|1700031370\n|move|p1a: Ninetales|Weather Ball|p2a: Banette\n|-damage|p2a: Banette|75\/100\n|move|p2a: Banette|Trick Room|p2a: Banette\n|-fieldstart|move: Trick Room|[of] p2a: Banette\n|\n|-weather|Snow|[upkeep]\n|upkeep\n|turn|3\n|\n|t:|1700031390\n|switch|p1a: Bisharp|Bisharp, M|100\/100\n|move|p2a: Banette|Knock Off|p1a: Bisharp\n|-resisted|p1a: Bisharp\n|-damage|p1a: Bisharp|89\/100\n|-enditem|p1a: Bisharp|Eviolite|[from] move: Knock Off|[of] p2a: Banette\n|\n|-weather|Snow|[upkeep]\n|upkeep\n|turn|4\n|\n|t:|1700031428\n|switch|p2a: Stakataka|Stakataka|100\/100\n|move|p1a: Bisharp|Night Slash|p2a: Stakataka\n|-damage|p2a: Stakataka|82\/100\n|-damage|p1a: Bisharp|72\/100|[from] item: Rocky Helmet|[of] p2a: Stakataka\n|\n|-weather|Snow|[upkeep]\n|upkeep\n|turn|5\n|\n|t:|1700031457\n|move|p1a: Bisharp|Sucker Punch|p2a: Stakataka\n|-damage|p2a: Stakataka|66\/100\n|-damage|p1a: Bisharp|56\/100|[from] item: Rocky Helmet|[of] p2a: Stakataka\n|move|p2a: Stakataka|Body Press|p1a: Bisharp\n|-supereffective|p1a: Bisharp\n|-damage|p1a: Bisharp|0 fnt\n|faint|p1a: Bisharp\n|-ability|p2a: Stakataka|Beast Boost|boost\n|-boost|p2a: Stakataka|def|1\n|\n|-weather|none\n|upkeep\n|\n|t:|1700031470\n|switch|p1a: Sceptile|Sceptile, M, shiny|100\/100\n|turn|6\n|\n|t:|1700031476\n|detailschange|p1a: Sceptile|Sceptile-Mega, M, shiny\n|-mega|p1a: Sceptile|Sceptile|Sceptilite\n|move|p2a: Stakataka|Gyro Ball|p1a: Sceptile\n|-damage|p1a: Sceptile|9\/100\n|move|p1a: Sceptile|Leaf Storm|p2a: Stakataka|[miss]\n|-miss|p1a: Sceptile|p2a: Stakataka\n|\n|-fieldend|move: Trick Room\n|upkeep\n|turn|7\n|\n|t:|1700031483\n|move|p1a: Sceptile|Leaf Storm|p2a: Stakataka\n|-damage|p2a: Stakataka|0 fnt\n|-unboost|p1a: Sceptile|spa|2\n|faint|p2a: Stakataka\n|\n|upkeep\n|\n|t:|1700031494\n|switch|p2a: Slowking|Slowking-Galar, F|100\/100\n|turn|8\n|\n|t:|1700031513\n|move|p1a: Sceptile|Leaf Blade|p2a: Slowking\n|-resisted|p2a: Slowking\n|-damage|p2a: Slowking|82\/100\n|move|p2a: Slowking|Trick Room|p2a: Slowking\n|-fieldstart|move: Trick Room|[of] p2a: Slowking\n|\n|-heal|p2a: Slowking|88\/100|[from] item: Black Sludge\n|upkeep\n|turn|9\n|\n|t:|1700031527\n|move|p2a: Slowking|Psyshock|p1a: Sceptile\n|-damage|p1a: Sceptile|0 fnt\n|faint|p1a: Sceptile\n|\n|-heal|p2a: Slowking|94\/100|[from] item: Black Sludge\n|upkeep\n|\n|t:|1700031533\n|switch|p1a: Sneasler|Sneasler, M|100\/100\n|-item|p1a: Sneasler|Air Balloon\n|turn|10\n|\n|t:|1700031539\n|move|p1a: Sneasler|Fake Out|p2a: Slowking\n|-damage|p2a: Slowking|78\/100\n|cant|p2a: Slowking|flinch\n|\n|-heal|p2a: Slowking|84\/100|[from] item: Black Sludge\n|upkeep\n|turn|11\n|\n|t:|1700031568\n|-terastallize|p1a: Sneasler|Flying\n|move|p2a: Slowking|Psyshock|p1a: Sneasler\n|-damage|p1a: Sneasler|48\/100\n|-enditem|p1a: Sneasler|Air Balloon\n|move|p1a: Sneasler|Acrobatics|p2a: Slowking\n|-damage|p2a: Slowking|16\/100\n|\n|-heal|p2a: Slowking|22\/100|[from] item: Black Sludge\n|upkeep\n|turn|12\n|\n|t:|1700031589\n|switch|p1a: Ninetales|Ninetales-Alola, F, shiny|100\/100\n|-weather|Snow|[from] ability: Snow Warning|[of] p1a: Ninetales\n|move|p2a: Slowking|Psyshock|p1a: Ninetales\n|-damage|p1a: Ninetales|76\/100\n|\n|-weather|Snow|[upkeep]\n|-heal|p2a: Slowking|28\/100|[from] item: Black Sludge\n|-fieldend|move: Trick Room\n|upkeep\n|turn|13\n|\n|t:|1700031610\n|move|p1a: Ninetales|Aurora Veil|p1a: Ninetales\n|-sidestart|p1: soughce|move: Aurora Veil\n|move|p2a: Slowking|Trick Room|p2a: Slowking\n|-fieldstart|move: Trick Room|[of] p2a: Slowking\n|\n|-weather|Snow|[upkeep]\n|-heal|p2a: Slowking|34\/100|[from] item: Black Sludge\n|upkeep\n|turn|14\n|\n|t:|1700031624\n|move|p2a: Slowking|Slack Off|p2a: Slowking\n|-heal|p2a: Slowking|84\/100\n|move|p1a: Ninetales|Encore|p2a: Slowking\n|-start|p2a: Slowking|Encore\n|\n|-weather|Snow|[upkeep]\n|-heal|p2a: Slowking|90\/100|[from] item: Black Sludge\n|upkeep\n|turn|15\n|\n|t:|1700031647\n|switch|p2a: Glastrier|Glastrier|100\/100\n|switch|p1a: Cetitan|Cetitan, M|100\/100\n|\n|-weather|Snow|[upkeep]\n|upkeep\n|turn|16\n|\n|t:|1700031659\n|move|p2a: Glastrier|Close Combat|p1a: Cetitan\n|-supereffective|p1a: Cetitan\n|-damage|p1a: Cetitan|66\/100\n|-unboost|p2a: Glastrier|def|1\n|-unboost|p2a: Glastrier|spd|1\n|move|p1a: Cetitan|Belly Drum|p1a: Cetitan\n|-damage|p1a: Cetitan|16\/100\n|-setboost|p1a: Cetitan|atk|6|[from] move: Belly Drum\n|-enditem|p1a: Cetitan|Sitrus Berry|[eat]\n|-heal|p1a: Cetitan|41\/100|[from] item: Sitrus Berry\n|\n|-weather|none\n|upkeep\n|turn|17\n|\n|t:|1700031694\n|switch|p2a: Slowking|Slowking-Galar, F|100\/100\n|move|p1a: Cetitan|Play Rough|p2a: Slowking\n|-resisted|p2a: Slowking\n|-damage|p2a: Slowking|40\/100\n|\n|-heal|p2a: Slowking|46\/100|[from] item: Black Sludge\n|-fieldend|move: Trick Room\n|upkeep\n|turn|18\n|\n|t:|1700031712\n|move|p1a: Cetitan|Earthquake|p2a: Slowking\n|-supereffective|p2a: Slowking\n|-damage|p2a: Slowking|0 fnt\n|faint|p2a: Slowking\n|\n|upkeep\n|\n|t:|1700031716\n|switch|p2a: Banette|Banette-Mega, M|75\/100\n|turn|19\n|\n|t:|1700031726\n|move|p1a: Cetitan|Earthquake|p2a: Banette\n|-damage|p2a: Banette|0 fnt\n|faint|p2a: Banette\n|\n|upkeep\n|\n|t:|1700031743\n|switch|p2a: Weezing|Weezing-Galar, F|100\/100\n|turn|20\n|\n|t:|1700031762\n|move|p1a: Cetitan|Play Rough|p2a: Weezing\n|-resisted|p2a: Weezing\n|-damage|p2a: Weezing|54\/100\n|move|p2a: Weezing|Clear Smog|p1a: Cetitan\n|-damage|p1a: Cetitan|33\/100\n|-clearboost|p1a: Cetitan\n|\n|-sideend|p1: soughce|move: Aurora Veil\n|upkeep\n|turn|21\n|\n|t:|1700031775\n|move|p1a: Cetitan|Ice Shard|p2a: Weezing\n|-damage|p2a: Weezing|39\/100\n|move|p2a: Weezing|Dazzling Gleam|p1a: Cetitan\n|-damage|p1a: Cetitan|4\/100\n|\n|upkeep\n|turn|22\n|\n|t:|1700031784\n|move|p1a: Cetitan|Play Rough|p2a: Weezing\n|-resisted|p2a: Weezing\n|-damage|p2a: Weezing|28\/100\n|-unboost|p2a: Weezing|atk|1\n|move|p2a: Weezing|Dazzling Gleam|p1a: Cetitan\n|-damage|p1a: Cetitan|0 fnt\n|faint|p1a: Cetitan\n|\n|upkeep\n|\n|t:|1700031796\n|switch|p1a: Sneasler|Sneasler, M, tera:Flying|48\/100\n|turn|23\n|\n|t:|1700031815\n|move|p1a: Sneasler|Fake Out|p2a: Weezing\n|-damage|p2a: Weezing|17\/100\n|cant|p2a: Weezing|flinch\n|\n|upkeep\n|turn|24\n|\n|t:|1700031821\n|move|p1a: Sneasler|Acrobatics|p2a: Weezing\n|-damage|p2a: Weezing|0 fnt\n|faint|p2a: Weezing\n|\n|upkeep\n|\n|t:|1700031834\n|switch|p2a: Glastrier|Glastrier|100\/100\n|turn|25\n|\n|t:|1700031843\n|move|p1a: Sneasler|Close Combat|p2a: Glastrier\n|-supereffective|p2a: Glastrier\n|-damage|p2a: Glastrier|4\/100\n|-unboost|p1a: Sneasler|def|1\n|-unboost|p1a: Sneasler|spd|1\n|move|p2a: Glastrier|Icicle Crash|p1a: Sneasler\n|-supereffective|p1a: Sneasler\n|-damage|p1a: Sneasler|0 fnt\n|faint|p1a: Sneasler\n|-ability|p2a: Glastrier|Chilling Neigh|boost\n|-boost|p2a: Glastrier|atk|1\n|\n|-heal|p2a: Glastrier|10\/100|[from] item: Leftovers\n|upkeep\n|\n|t:|1700031855\n|switch|p1a: Heatran|Heatran, F|100\/100\n|turn|26\n|\n|t:|1700031861\n|move|p1a: Heatran|Flash Cannon|p2a: Glastrier\n|-supereffective|p2a: Glastrier\n|-damage|p2a: Glastrier|0 fnt\n|faint|p2a: Glastrier\n|\n|upkeep\n|\n|t:|1700031863\n|switch|p2a: Reuniclus|Reuniclus, F|100\/100\n|turn|27\n|\n|t:|1700031872\n|move|p1a: Heatran|Fire Blast|p2a: Reuniclus\n|-damage|p2a: Reuniclus|39\/100\n|move|p2a: Reuniclus|Trick Room|p2a: Reuniclus\n|-fieldstart|move: Trick Room|[of] p2a: Reuniclus\n|\n|upkeep\n|turn|28\n|\n|t:|1700031883\n|-terastallize|p2a: Reuniclus|Fighting\n|move|p2a: Reuniclus|Focus Blast|p1a: Heatran\n|-supereffective|p1a: Heatran\n|-damage|p1a: Heatran|9\/100\n|move|p1a: Heatran|Flash Cannon|p2a: Reuniclus\n|-damage|p2a: Reuniclus|0 fnt\n|faint|p2a: Reuniclus\n|\n|win|soughce\n|raw|soughce's rating: 1141 &rarr; <strong>1173<\/strong><br \/>(+32 for winning)\n|raw|Nexela's rating: 1240 &rarr; <strong>1208<\/strong><br \/>(-32 for losing)\n","uploadtime":1700031892,"views":23,"p1id":"soughce","p2id":"nexela","formatid":"gen9nationaldex","rating":1173,"private":0,"password":""}