{"id":"gen9nationaldex-1989606082","p1":"ZenKei","p2":"wassuup","format":"[Gen 9] National Dex","log":"|j|\u2606ZenKei\n|j|\u2606wassuup\n|t:|1699877968\n|gametype|singles\n|player|p1|ZenKei|elesa-masters2|1048\n|player|p2|wassuup|265|1000\n|teamsize|p1|6\n|teamsize|p2|6\n|gen|9\n|tier|[Gen 9] National Dex\n|rated|\n|rule|HP Percentage Mod: HP is shown in percentages\n|rule|Endless Battle Clause: Forcing endless battles is banned\n|rule|OHKO Clause: OHKO moves are banned\n|rule|Evasion Clause: Evasion abilities, items, and moves are banned\n|rule|Evasion Abilities Clause: Evasion abilities are banned\n|rule|Evasion Items Clause: Evasion items are banned\n|rule|Evasion Moves Clause: Evasion moves are banned\n|rule|Species Clause: Limit one of each Pok\u00e9mon\n|rule|Sleep Clause Mod: Limit one foe put to sleep\n|clearpoke\n|poke|p1|Spinda, M|\n|poke|p1|Victini|\n|poke|p1|Lucario, F|\n|poke|p1|Zamazenta-*|\n|poke|p1|Gliscor, M|\n|poke|p1|Medicham, M|\n|poke|p2|Ursaring, F|\n|poke|p2|Dragonite, F|\n|poke|p2|Conkeldurr, F|\n|poke|p2|Politoed, M|\n|poke|p2|Basculegion, M|\n|poke|p2|Hoopa-Unbound|\n|teampreview\n|inactive|Battle timer is ON: inactive players will automatically lose when time's up. (requested by ZenKei)\n|\n|t:|1699877973\n|start\n|switch|p1a: Zamazenta|Zamazenta|100\/100\n|switch|p2a: Politoed|Politoed, M|100\/100\n|-ability|p1a: Zamazenta|Dauntless Shield|boost\n|-boost|p1a: Zamazenta|def|1\n|-weather|RainDance|[from] ability: Drizzle|[of] p2a: Politoed\n|turn|1\n|\n|t:|1699877983\n|-terastallize|p1a: Zamazenta|Steel\n|move|p1a: Zamazenta|Light Screen|p1a: Zamazenta\n|-sidestart|p1: ZenKei|move: Light Screen\n|move|p2a: Politoed|Psychic|p1a: Zamazenta\n|-resisted|p1a: Zamazenta\n|-damage|p1a: Zamazenta|95\/100\n|-enditem|p1a: Zamazenta|Red Card|[of] p2a: Politoed\n|drag|p2a: Conkeldurr|Conkeldurr, F|100\/100\n|\n|-weather|RainDance|[upkeep]\n|upkeep\n|turn|2\n|\n|t:|1699877997\n|move|p1a: Zamazenta|Focus Energy|p1a: Zamazenta\n|-start|p1a: Zamazenta|move: Focus Energy\n|move|p2a: Conkeldurr|Drain Punch|p1a: Zamazenta\n|-supereffective|p1a: Zamazenta\n|-damage|p1a: Zamazenta|33\/100\n|\n|-weather|RainDance|[upkeep]\n|upkeep\n|turn|3\n|\n|t:|1699878006\n|move|p1a: Zamazenta|Body Press|p2a: Conkeldurr\n|-crit|p2a: Conkeldurr\n|-damage|p2a: Conkeldurr|39\/100\n|move|p2a: Conkeldurr|Earthquake|p1a: Zamazenta\n|-supereffective|p1a: Zamazenta\n|-damage|p1a: Zamazenta|0 fnt\n|faint|p1a: Zamazenta\n|\n|-weather|RainDance|[upkeep]\n|upkeep\n|\n|t:|1699878018\n|switch|p1a: Spinda|Spinda, M|100\/100\n|turn|4\n|\n|t:|1699878025\n|move|p2a: Conkeldurr|Mach Punch|p1a: Spinda\n|-supereffective|p1a: Spinda\n|-damage|p1a: Spinda|12\/100\n|move|p1a: Spinda|Skill Swap|p2a: Conkeldurr\n|-activate|p1a: Spinda|move: Skill Swap|Guts|Contrary|[of] p2a: Conkeldurr\n|\n|-weather|RainDance|[upkeep]\n|upkeep\n|turn|5\n|\n|t:|1699878036\n|switch|p1a: Victini|Victini|100\/100\n|move|p2a: Conkeldurr|Mach Punch|p1a: Victini\n|-resisted|p1a: Victini\n|-damage|p1a: Victini|92\/100\n|\n|-weather|none\n|-sideend|p1: ZenKei|move: Light Screen\n|upkeep\n|turn|6\n|\n|t:|1699878046\n|switch|p2a: Politoed|Politoed, M|100\/100\n|-weather|RainDance|[from] ability: Drizzle|[of] p2a: Politoed\n|move|p1a: Victini|Skill Swap|p2a: Politoed\n|-activate|p1a: Victini|move: Skill Swap|Drizzle|Victory Star|[of] p2a: Politoed\n|\n|-weather|RainDance|[upkeep]\n|upkeep\n|turn|7\n|\n|t:|1699878056\n|switch|p1a: Medicham|Medicham, M|100\/100\n|move|p2a: Politoed|Surf|p1a: Medicham\n|-damage|p1a: Medicham|5\/100\n|\n|-weather|RainDance|[upkeep]\n|upkeep\n|turn|8\n|\n|t:|1699878064\n|move|p2a: Politoed|Surf|p1a: Medicham\n|-damage|p1a: Medicham|0 fnt\n|faint|p1a: Medicham\n|\n|-weather|RainDance|[upkeep]\n|upkeep\n|\n|t:|1699878070\n|switch|p1a: Spinda|Spinda, M|12\/100\n|turn|9\n|\n|t:|1699878074\n|move|p1a: Spinda|Skill Swap|p2a: Politoed\n|-activate|p1a: Spinda|move: Skill Swap|Victory Star|Contrary|[of] p2a: Politoed\n|move|p2a: Politoed|Surf|p1a: Spinda\n|-damage|p1a: Spinda|0 fnt\n|faint|p1a: Spinda\n|\n|-weather|RainDance|[upkeep]\n|upkeep\n|\n|t:|1699878081\n|switch|p1a: Victini|Victini|92\/100\n|turn|10\n|\n|t:|1699878087\n|move|p2a: Politoed|Surf|p1a: Victini\n|-supereffective|p1a: Victini\n|-damage|p1a: Victini|0 fnt\n|faint|p1a: Victini\n|\n|-weather|none\n|upkeep\n|-message|ZenKei forfeited.\n|\n|win|wassuup\n|raw|ZenKei's rating: 1048 &rarr; <strong>1028<\/strong><br \/>(-20 for losing)\n|raw|wassuup's rating: 1000 &rarr; <strong>1045<\/strong><br \/>(+45 for winning)\n|l|\u2606ZenKei\n","uploadtime":1699878097,"views":4,"p1id":"zenkei","p2id":"wassuup","formatid":"gen9nationaldex","rating":1028,"private":0,"password":""}