{"id":"gen9nationaldex-1991985944","p1":"sky522","p2":"Kinggavi","format":"[Gen 9] National Dex","log":"|j|\u2606sky522\n|j|\u2606Kinggavi\n|t:|1700145247\n|gametype|singles\n|player|p1|sky522|ghetsis|1000\n|player|p2|Kinggavi|102|1047\n|teamsize|p1|6\n|teamsize|p2|6\n|gen|9\n|tier|[Gen 9] National Dex\n|rated|\n|rule|HP Percentage Mod: HP is shown in percentages\n|rule|Endless Battle Clause: Forcing endless battles is banned\n|rule|OHKO Clause: OHKO moves are banned\n|rule|Evasion Clause: Evasion abilities, items, and moves are banned\n|rule|Evasion Abilities Clause: Evasion abilities are banned\n|rule|Evasion Items Clause: Evasion items are banned\n|rule|Evasion Moves Clause: Evasion moves are banned\n|rule|Species Clause: Limit one of each Pok\u00e9mon\n|rule|Sleep Clause Mod: Limit one foe put to sleep\n|clearpoke\n|poke|p1|Garchomp, M|\n|poke|p1|Krookodile, F|\n|poke|p1|Gliscor, M|\n|poke|p1|Golurk|\n|poke|p1|Steelix, F|\n|poke|p1|Mudsdale, M|\n|poke|p2|Mismagius, M|\n|poke|p2|Ferrothorn, F|\n|poke|p2|Dragonite, M|\n|poke|p2|Venusaur, F|\n|poke|p2|Raichu-Alola, F|\n|poke|p2|Klinklang|\n|teampreview\n|inactive|Battle timer is ON: inactive players will automatically lose when time's up. (requested by sky522)\n|\n|t:|1700145251\n|start\n|switch|p1a: Golurk|Golurk|100\/100\n|switch|p2a: Ferrothorn|Ferrothorn, F|100\/100\n|turn|1\n|\n|t:|1700145255\n|move|p1a: Golurk|Drain Punch|p2a: Ferrothorn\n|-supereffective|p2a: Ferrothorn\n|-damage|p2a: Ferrothorn|28\/100\n|-damage|p1a: Golurk|88\/100|[from] ability: Iron Barbs|[of] p2a: Ferrothorn\n|-damage|p1a: Golurk|72\/100|[from] item: Rocky Helmet|[of] p2a: Ferrothorn\n|-damage|p1a: Golurk|62\/100|[from] item: Life Orb\n|move|p2a: Ferrothorn|Spikes|p1a: Golurk\n|-sidestart|p1: sky522|Spikes\n|\n|upkeep\n|turn|2\n|\n|t:|1700145264\n|-terastallize|p2a: Ferrothorn|Ghost\n|move|p1a: Golurk|Drain Punch|p2a: Ferrothorn\n|-immune|p2a: Ferrothorn\n|move|p2a: Ferrothorn|Stealth Rock|p1a: Golurk\n|-sidestart|p1: sky522|move: Stealth Rock\n|\n|upkeep\n|turn|3\n|\n|t:|1700145271\n|move|p1a: Golurk|Shadow Punch|p2a: Ferrothorn\n|-supereffective|p2a: Ferrothorn\n|-damage|p2a: Ferrothorn|0 fnt\n|-damage|p1a: Golurk|50\/100|[from] ability: Iron Barbs|[of] p2a: Ferrothorn\n|-damage|p1a: Golurk|33\/100|[from] item: Rocky Helmet|[of] p2a: Ferrothorn\n|faint|p2a: Ferrothorn\n|-damage|p1a: Golurk|23\/100|[from] item: Life Orb\n|\n|upkeep\n|\n|t:|1700145279\n|switch|p2a: Mismagius|Mismagius, M|100\/100\n|turn|4\n|\n|t:|1700145285\n|move|p2a: Mismagius|Shadow Ball|p1a: Golurk\n|-supereffective|p1a: Golurk\n|-damage|p1a: Golurk|0 fnt\n|faint|p1a: Golurk\n|\n|upkeep\n|\n|t:|1700145291\n|switch|p1a: Mudsdale|Mudsdale, M|100\/100\n|-damage|p1a: Mudsdale|88\/100|[from] Spikes\n|-damage|p1a: Mudsdale|82\/100|[from] Stealth Rock\n|turn|5\n|\n|t:|1700145295\n|move|p2a: Mismagius|Calm Mind|p2a: Mismagius\n|-boost|p2a: Mismagius|spa|1\n|-boost|p2a: Mismagius|spd|1\n|move|p1a: Mudsdale|Heavy Slam|p2a: Mismagius\n|-damage|p2a: Mismagius|26\/100\n|\n|upkeep\n|turn|6\n|\n|t:|1700145301\n|move|p2a: Mismagius|Energy Ball|p1a: Mudsdale\n|-supereffective|p1a: Mudsdale\n|-damage|p1a: Mudsdale|0 fnt\n|faint|p1a: Mudsdale\n|\n|upkeep\n|\n|t:|1700145308\n|switch|p1a: Krookodile|Krookodile, F|100\/100\n|-damage|p1a: Krookodile|88\/100|[from] Spikes\n|-damage|p1a: Krookodile|82\/100|[from] Stealth Rock\n|turn|7\n|\n|t:|1700145310\n|move|p2a: Mismagius|Energy Ball|p1a: Krookodile\n|-supereffective|p1a: Krookodile\n|-damage|p1a: Krookodile|0 fnt\n|faint|p1a: Krookodile\n|\n|upkeep\n|\n|t:|1700145313\n|switch|p1a: Gliscor|Gliscor, M|100\/100\n|-damage|p1a: Gliscor|88\/100|[from] Stealth Rock\n|turn|8\n|\n|t:|1700145319\n|move|p2a: Mismagius|Will-O-Wisp|p1a: Gliscor\n|-status|p1a: Gliscor|brn\n|move|p1a: Gliscor|Poison Jab|p2a: Mismagius\n|-resisted|p2a: Mismagius\n|-damage|p2a: Mismagius|17\/100\n|-status|p2a: Mismagius|psn\n|\n|-damage|p2a: Mismagius|5\/100 psn|[from] psn\n|-damage|p1a: Gliscor|82\/100 brn|[from] brn\n|upkeep\n|turn|9\n|\n|t:|1700145325\n|move|p2a: Mismagius|Shadow Ball|p1a: Gliscor\n|-damage|p1a: Gliscor|0 fnt\n|faint|p1a: Gliscor\n|\n|-damage|p2a: Mismagius|0 fnt|[from] psn\n|faint|p2a: Mismagius\n|upkeep\n|-message|sky522 forfeited.\n|\n|win|Kinggavi\n|raw|sky522's rating: 1000 &rarr; <strong>1000<\/strong><br \/>(+0 for losing)\n|raw|Kinggavi's rating: 1047 &rarr; <strong>1076<\/strong><br \/>(+29 for winning)\n|l|\u2606sky522\n","uploadtime":1700145345,"views":20,"p1id":"sky522","p2id":"kinggavi","formatid":"gen9nationaldex","rating":1000,"private":0,"password":""}