{"id":"gen9nationaldex-1991716987","p1":"mtyqjltz5","p2":"muxftbtx","format":"[Gen 9] National Dex","log":"|j|\u2606mtyqjltz5\n|j|\u2606muxftbtx\n|t:|1700106317\n|gametype|singles\n|player|p1|mtyqjltz5|elesa|1432\n|player|p2|muxftbtx|brendan|1530\n|teamsize|p1|6\n|teamsize|p2|6\n|gen|9\n|tier|[Gen 9] National Dex\n|rated|\n|rule|HP Percentage Mod: HP is shown in percentages\n|rule|Endless Battle Clause: Forcing endless battles is banned\n|rule|OHKO Clause: OHKO moves are banned\n|rule|Evasion Clause: Evasion abilities, items, and moves are banned\n|rule|Evasion Abilities Clause: Evasion abilities are banned\n|rule|Evasion Items Clause: Evasion items are banned\n|rule|Evasion Moves Clause: Evasion moves are banned\n|rule|Species Clause: Limit one of each Pok\u00e9mon\n|rule|Sleep Clause Mod: Limit one foe put to sleep\n|clearpoke\n|poke|p1|Pidgeot, M|\n|poke|p1|Sandy Shocks|\n|poke|p1|Rillaboom, M|\n|poke|p1|Weezing-Galar, M|\n|poke|p1|Heatran, M|\n|poke|p1|Aegislash, F|\n|poke|p2|Swampert, M|\n|poke|p2|Pelipper, M|\n|poke|p2|Kingdra, M|\n|poke|p2|Goodra-Hisui, F|\n|poke|p2|Volcanion|\n|poke|p2|Urshifu-*, M|\n|teampreview\n|inactive|Battle timer is ON: inactive players will automatically lose when time's up. (requested by muxftbtx)\n|inactive|mtyqjltz5 has 120 seconds left.\n|\n|t:|1700106364\n|start\n|switch|p1a: Sandy Shocks|Sandy Shocks|100\/100\n|switch|p2a: \u5854\u739b\u5e0c|Swampert, M|100\/100\n|turn|1\n|\n|t:|1700106378\n|-end|p1a: Sandy Shocks|Protosynthesis|[silent]\n|switch|p1a: Rillaboom|Rillaboom, M|100\/100\n|-fieldstart|move: Grassy Terrain|[from] ability: Grassy Surge|[of] p1a: Rillaboom\n|detailschange|p2a: \u5854\u739b\u5e0c|Swampert-Mega, M\n|-mega|p2a: \u5854\u739b\u5e0c|Swampert|Swampertite\n|move|p2a: \u5854\u739b\u5e0c|Stealth Rock|p1a: Rillaboom\n|-sidestart|p1: mtyqjltz5|move: Stealth Rock\n|\n|upkeep\n|turn|2\n|\n|t:|1700106401\n|switch|p2a: \u96e8\u5929\u4fdd\u59c6|Goodra-Hisui, F|100\/100\n|move|p1a: Rillaboom|Knock Off|p2a: \u96e8\u5929\u4fdd\u59c6\n|-damage|p2a: \u96e8\u5929\u4fdd\u59c6|49\/100\n|-enditem|p2a: \u96e8\u5929\u4fdd\u59c6|Assault Vest|[from] move: Knock Off|[of] p1a: Rillaboom\n|\n|-heal|p2a: \u96e8\u5929\u4fdd\u59c6|55\/100|[from] Grassy Terrain\n|upkeep\n|turn|3\n|inactive|mtyqjltz5 has 120 seconds left.\n|c|\u2606mtyqjltz5|\u8fd9\u4e24\u5929\u611f\u89c9\u6345\u4e86\u96e8\u5929\u7a9d\u4e86\u554a\n|\n|t:|1700106434\n|switch|p1a: Heatran|Heatran, M|100\/100\n|-damage|p1a: Heatran|88\/100|[from] Stealth Rock\n|move|p2a: \u96e8\u5929\u4fdd\u59c6|Flamethrower|p1a: Heatran\n|-start|p1a: Heatran|ability: Flash Fire\n|\n|-heal|p1a: Heatran|94\/100|[from] Grassy Terrain\n|-heal|p1a: Heatran|100\/100|[from] item: Leftovers\n|-heal|p2a: \u96e8\u5929\u4fdd\u59c6|61\/100|[from] Grassy Terrain\n|upkeep\n|turn|4\n|c|\u2606muxftbtx|\u3002\n|c|\u2606mtyqjltz5|\u4eba\u90fd\u9ebb\u4e86\n|\n|t:|1700106450\n|switch|p2a: \u5c0f\u76d6|Pelipper, M|100\/100\n|-weather|RainDance|[from] ability: Drizzle|[of] p2a: \u5c0f\u76d6\n|move|p1a: Heatran|Stealth Rock|p2a: \u5c0f\u76d6\n|-sidestart|p2: muxftbtx|move: Stealth Rock\n|\n|-weather|RainDance|[upkeep]\n|upkeep\n|turn|5\n|\n|t:|1700106472\n|-terastallize|p1a: Heatran|Grass\n|move|p1a: Heatran|Magma Storm|p2a: \u5c0f\u76d6\n|-resisted|p2a: \u5c0f\u76d6\n|-damage|p2a: \u5c0f\u76d6|78\/100\n|-activate|p2a: \u5c0f\u76d6|move: Magma Storm|[of] p1a: Heatran\n|move|p2a: \u5c0f\u76d6|U-turn|p1a: Heatran\n|-supereffective|p1a: Heatran\n|-damage|p1a: Heatran|83\/100\n|\n|t:|1700106479\n|switch|p2a: \u96e8\u5929\u5927\u5c06|Kingdra, M|100\/100|[from] U-turn\n|-damage|p2a: \u96e8\u5929\u5927\u5c06|88\/100|[from] Stealth Rock\n|\n|-weather|RainDance|[upkeep]\n|-heal|p2a: \u96e8\u5929\u5927\u5c06|94\/100|[from] Grassy Terrain\n|-heal|p1a: Heatran|90\/100|[from] Grassy Terrain\n|-heal|p1a: Heatran|96\/100|[from] item: Leftovers\n|-fieldend|move: Grassy Terrain\n|upkeep\n|turn|6\n|\n|t:|1700106487\n|-end|p1a: Heatran|ability: Flash Fire|[silent]\n|switch|p1a: Aegislash|Aegislash, F|100\/100\n|-damage|p1a: Aegislash|94\/100|[from] Stealth Rock\n|move|p2a: \u96e8\u5929\u5927\u5c06|Hurricane|p1a: Aegislash\n|-resisted|p1a: Aegislash\n|-damage|p1a: Aegislash|70\/100\n|\n|-weather|RainDance|[upkeep]\n|upkeep\n|turn|7\n|inactive|mtyqjltz5 has 90 seconds left.\n|\n|t:|1700106521\n|switch|p2a: \u6c34\u706b\uff0c\u6211\u7684\u8d85\u4eba|Volcanion|100\/100\n|move|p1a: Aegislash|Swords Dance|p1a: Aegislash\n|-boost|p1a: Aegislash|atk|2\n|\n|-weather|RainDance|[upkeep]\n|upkeep\n|turn|8\n|inactive|mtyqjltz5 has 90 seconds left.\n|\n|t:|1700106539\n|-formechange|p1a: Aegislash|Aegislash-Blade||[from] ability: Stance Change\n|move|p1a: Aegislash|Shadow Sneak|p2a: \u6c34\u706b\uff0c\u6211\u7684\u8d85\u4eba\n|-damage|p2a: \u6c34\u706b\uff0c\u6211\u7684\u8d85\u4eba|61\/100\n|move|p2a: \u6c34\u706b\uff0c\u6211\u7684\u8d85\u4eba|Steam Eruption|p1a: Aegislash|[miss]\n|-miss|p2a: \u6c34\u706b\uff0c\u6211\u7684\u8d85\u4eba|p1a: Aegislash\n|\n|-weather|RainDance|[upkeep]\n|upkeep\n|turn|9\n|\n|t:|1700106552\n|move|p1a: Aegislash|Shadow Sneak|p2a: \u6c34\u706b\uff0c\u6211\u7684\u8d85\u4eba\n|-damage|p2a: \u6c34\u706b\uff0c\u6211\u7684\u8d85\u4eba|25\/100\n|move|p2a: \u6c34\u706b\uff0c\u6211\u7684\u8d85\u4eba|Steam Eruption|p1a: Aegislash\n|-damage|p1a: Aegislash|0 fnt\n|faint|p1a: Aegislash\n|\n|-weather|RainDance|[upkeep]\n|upkeep\n|\n|t:|1700106565\n|switch|p1a: Pidgeot|Pidgeot, M, shiny|100\/100\n|-damage|p1a: Pidgeot|76\/100|[from] Stealth Rock\n|turn|10\n|\n|t:|1700106571\n|detailschange|p1a: Pidgeot|Pidgeot-Mega, M, shiny\n|-mega|p1a: Pidgeot|Pidgeot|Pidgeotite\n|move|p1a: Pidgeot|Hurricane|p2a: \u6c34\u706b\uff0c\u6211\u7684\u8d85\u4eba\n|-damage|p2a: \u6c34\u706b\uff0c\u6211\u7684\u8d85\u4eba|0 fnt\n|faint|p2a: \u6c34\u706b\uff0c\u6211\u7684\u8d85\u4eba\n|\n|-weather|RainDance|[upkeep]\n|upkeep\n|\n|t:|1700106586\n|switch|p2a: \u5854\u739b\u5e0c|Swampert-Mega, M|100\/100\n|-damage|p2a: \u5854\u739b\u5e0c|94\/100|[from] Stealth Rock\n|turn|11\n|inactive|mtyqjltz5 has 90 seconds left.\n|\n|t:|1700106591\n|switch|p1a: Weezing|Weezing-Galar, M|100\/100\n|-damage|p1a: Weezing|88\/100|[from] Stealth Rock\n|move|p2a: \u5854\u739b\u5e0c|Waterfall|p1a: Weezing\n|-damage|p1a: Weezing|40\/100\n|\n|-weather|none\n|-heal|p1a: Weezing|46\/100|[from] item: Leftovers\n|upkeep\n|turn|12\n|inactive|mtyqjltz5 has 90 seconds left.\n|\n|t:|1700106612\n|move|p2a: \u5854\u739b\u5e0c|Flip Turn|p1a: Weezing\n|-damage|p1a: Weezing|22\/100\n|\n|t:|1700106616\n|switch|p2a: \u5c0f\u76d6|Pelipper, M|78\/100|[from] Flip Turn\n|-damage|p2a: \u5c0f\u76d6|53\/100|[from] Stealth Rock\n|-weather|RainDance|[from] ability: Drizzle|[of] p2a: \u5c0f\u76d6\n|move|p1a: Weezing|Will-O-Wisp|p2a: \u5c0f\u76d6\n|-status|p2a: \u5c0f\u76d6|brn\n|\n|-weather|RainDance|[upkeep]\n|-heal|p1a: Weezing|28\/100|[from] item: Leftovers\n|-damage|p2a: \u5c0f\u76d6|47\/100 brn|[from] brn\n|upkeep\n|turn|13\n|inactive|mtyqjltz5 has 90 seconds left.\n|\n|t:|1700106631\n|move|p1a: Weezing|Toxic Spikes|p2a: \u5c0f\u76d6\n|-sidestart|p2: muxftbtx|move: Toxic Spikes\n|move|p2a: \u5c0f\u76d6|Surf|p1a: Weezing\n|-damage|p1a: Weezing|0 fnt\n|faint|p1a: Weezing\n|\n|-weather|RainDance|[upkeep]\n|-damage|p2a: \u5c0f\u76d6|41\/100 brn|[from] brn\n|upkeep\n|\n|t:|1700106644\n|switch|p1a: Rillaboom|Rillaboom, M|100\/100\n|-damage|p1a: Rillaboom|88\/100|[from] Stealth Rock\n|-fieldstart|move: Grassy Terrain|[from] ability: Grassy Surge|[of] p1a: Rillaboom\n|turn|14\n|\n|t:|1700106657\n|move|p1a: Rillaboom|Wood Hammer|p2a: \u5c0f\u76d6\n|-damage|p2a: \u5c0f\u76d6|0 fnt\n|faint|p2a: \u5c0f\u76d6\n|-damage|p1a: Rillaboom|76\/100|[from] Recoil\n|\n|-weather|RainDance|[upkeep]\n|-heal|p1a: Rillaboom|82\/100|[from] Grassy Terrain\n|upkeep\n|\n|t:|1700106663\n|switch|p2a: \u96e8\u5929\u4fdd\u59c6|Goodra-Hisui, F|61\/100\n|-damage|p2a: \u96e8\u5929\u4fdd\u59c6|55\/100|[from] Stealth Rock\n|turn|15\n|\n|t:|1700106666\n|switch|p1a: Heatran|Heatran, M, tera:Grass|96\/100\n|-damage|p1a: Heatran|83\/100|[from] Stealth Rock\n|move|p2a: \u96e8\u5929\u4fdd\u59c6|Flash Cannon|p1a: Heatran\n|-damage|p1a: Heatran|59\/100\n|\n|-weather|RainDance|[upkeep]\n|-heal|p1a: Heatran|66\/100|[from] Grassy Terrain\n|-heal|p1a: Heatran|72\/100|[from] item: Leftovers\n|-heal|p2a: \u96e8\u5929\u4fdd\u59c6|61\/100|[from] Grassy Terrain\n|upkeep\n|turn|16\n|\n|t:|1700106676\n|switch|p2a: \u96e8\u5929\u5927\u5c06|Kingdra, M|94\/100\n|-damage|p2a: \u96e8\u5929\u5927\u5c06|82\/100|[from] Stealth Rock\n|-status|p2a: \u96e8\u5929\u5927\u5c06|psn\n|move|p1a: Heatran|Earth Power|p2a: \u96e8\u5929\u5927\u5c06\n|-damage|p2a: \u96e8\u5929\u5927\u5c06|55\/100 psn\n|\n|-weather|RainDance|[upkeep]\n|-heal|p2a: \u96e8\u5929\u5927\u5c06|61\/100 psn|[from] Grassy Terrain\n|-heal|p1a: Heatran|78\/100|[from] Grassy Terrain\n|-heal|p1a: Heatran|84\/100|[from] item: Leftovers\n|-damage|p2a: \u96e8\u5929\u5927\u5c06|49\/100 psn|[from] psn\n|upkeep\n|turn|17\n|\n|t:|1700106689\n|move|p2a: \u96e8\u5929\u5927\u5c06|Hurricane|p1a: Heatran\n|-supereffective|p1a: Heatran\n|-damage|p1a: Heatran|27\/100\n|move|p1a: Heatran|Earth Power|p2a: \u96e8\u5929\u5927\u5c06\n|-damage|p2a: \u96e8\u5929\u5927\u5c06|21\/100 psn\n|-unboost|p2a: \u96e8\u5929\u5927\u5c06|spd|1\n|\n|-weather|RainDance|[upkeep]\n|-heal|p2a: \u96e8\u5929\u5927\u5c06|27\/100 psn|[from] Grassy Terrain\n|-heal|p1a: Heatran|33\/100|[from] Grassy Terrain\n|-heal|p1a: Heatran|40\/100|[from] item: Leftovers\n|-damage|p2a: \u96e8\u5929\u5927\u5c06|15\/100 psn|[from] psn\n|upkeep\n|turn|18\n|\n|t:|1700106698\n|move|p2a: \u96e8\u5929\u5927\u5c06|Hurricane|p1a: Heatran\n|-supereffective|p1a: Heatran\n|-damage|p1a: Heatran|0 fnt\n|faint|p1a: Heatran\n|\n|-weather|RainDance|[upkeep]\n|-heal|p2a: \u96e8\u5929\u5927\u5c06|21\/100 psn|[from] Grassy Terrain\n|-damage|p2a: \u96e8\u5929\u5927\u5c06|9\/100 psn|[from] psn\n|-fieldend|move: Grassy Terrain\n|upkeep\n|\n|t:|1700106701\n|switch|p1a: Rillaboom|Rillaboom, M|82\/100\n|-damage|p1a: Rillaboom|69\/100|[from] Stealth Rock\n|-fieldstart|move: Grassy Terrain|[from] ability: Grassy Surge|[of] p1a: Rillaboom\n|turn|19\n|\n|t:|1700106705\n|move|p1a: Rillaboom|Grassy Glide|p2a: \u96e8\u5929\u5927\u5c06\n|-damage|p2a: \u96e8\u5929\u5927\u5c06|0 fnt\n|faint|p2a: \u96e8\u5929\u5927\u5c06\n|\n|-weather|none\n|-heal|p1a: Rillaboom|76\/100|[from] Grassy Terrain\n|upkeep\n|\n|t:|1700106709\n|switch|p2a: \u96e8\u5929\u4fdd\u59c6|Goodra-Hisui, F|61\/100\n|-damage|p2a: \u96e8\u5929\u4fdd\u59c6|55\/100|[from] Stealth Rock\n|turn|20\n|inactive|mtyqjltz5 has 120 seconds left.\n|\n|t:|1700106734\n|switch|p1a: Sandy Shocks|Sandy Shocks|100\/100\n|move|p2a: \u96e8\u5929\u4fdd\u59c6|Flamethrower|p1a: Sandy Shocks\n|-damage|p1a: Sandy Shocks|64\/100\n|\n|-heal|p1a: Sandy Shocks|70\/100|[from] Grassy Terrain\n|-heal|p2a: \u96e8\u5929\u4fdd\u59c6|61\/100|[from] Grassy Terrain\n|upkeep\n|turn|21\n|\n|t:|1700106741\n|switch|p2a: \u5854\u739b\u5e0c|Swampert-Mega, M|94\/100\n|-damage|p2a: \u5854\u739b\u5e0c|88\/100|[from] Stealth Rock\n|-status|p2a: \u5854\u739b\u5e0c|psn\n|move|p1a: Sandy Shocks|Earth Power|p2a: \u5854\u739b\u5e0c\n|-damage|p2a: \u5854\u739b\u5e0c|48\/100 psn\n|\n|-heal|p1a: Sandy Shocks|76\/100|[from] Grassy Terrain\n|-heal|p2a: \u5854\u739b\u5e0c|54\/100 psn|[from] Grassy Terrain\n|-damage|p2a: \u5854\u739b\u5e0c|41\/100 psn|[from] psn\n|upkeep\n|turn|22\n|\n|t:|1700106751\n|move|p1a: Sandy Shocks|Earth Power|p2a: \u5854\u739b\u5e0c\n|-damage|p2a: \u5854\u739b\u5e0c|0 fnt\n|faint|p2a: \u5854\u739b\u5e0c\n|\n|-heal|p1a: Sandy Shocks|82\/100|[from] Grassy Terrain\n|upkeep\n|\n|t:|1700106757\n|switch|p2a: \u718a\u54e5|Urshifu-Rapid-Strike, M|100\/100\n|-damage|p2a: \u718a\u54e5|94\/100|[from] Stealth Rock\n|-status|p2a: \u718a\u54e5|psn\n|turn|23\n|\n|t:|1700106764\n|move|p1a: Sandy Shocks|Thunderbolt|p2a: \u718a\u54e5\n|-supereffective|p2a: \u718a\u54e5\n|-damage|p2a: \u718a\u54e5|0 fnt\n|faint|p2a: \u718a\u54e5\n|\n|-heal|p1a: Sandy Shocks|88\/100|[from] Grassy Terrain\n|-fieldend|move: Grassy Terrain\n|upkeep\n|\n|t:|1700106766\n|switch|p2a: \u96e8\u5929\u4fdd\u59c6|Goodra-Hisui, F|61\/100\n|-damage|p2a: \u96e8\u5929\u4fdd\u59c6|55\/100|[from] Stealth Rock\n|turn|24\n|\n|t:|1700106768\n|move|p1a: Sandy Shocks|Earth Power|p2a: \u96e8\u5929\u4fdd\u59c6\n|-supereffective|p2a: \u96e8\u5929\u4fdd\u59c6\n|-damage|p2a: \u96e8\u5929\u4fdd\u59c6|0 fnt\n|faint|p2a: \u96e8\u5929\u4fdd\u59c6\n|\n|win|mtyqjltz5\n|raw|mtyqjltz5's rating: 1432 &rarr; <strong>1457<\/strong><br \/>(+25 for winning)\n|raw|muxftbtx's rating: 1530 &rarr; <strong>1505<\/strong><br \/>(-25 for losing)\n|l|\u2606muxftbtx\n","uploadtime":1700106796,"views":4,"p1id":"mtyqjltz5","p2id":"muxftbtx","formatid":"gen9nationaldex","rating":1457,"private":0,"password":""}