{"id":"gen9nationaldex-1996000538","p1":"coldSTZ","p2":"jojomix","format":"[Gen 9] National Dex","log":"|html|<div class=\"broadcast-blue\"><strong>[Gen 9] National Dex is currently suspecting Sneasler! For information on how to participate check out the <a href=\"https:\/\/www.smogon.com\/forums\/threads\/sv-national-dex-suspect-8-just-dance.3731534\/\">suspect thread<\/a>.<\/strong><\/div>\n|j|\u2606coldSTZ\n|j|\u2606jojomix\n|t:|1700627523\n|gametype|singles\n|player|p1|coldSTZ|clair|1135\n|player|p2|jojomix|dragontamer|1153\n|teamsize|p1|6\n|teamsize|p2|6\n|gen|9\n|tier|[Gen 9] National Dex\n|rated|\n|rule|HP Percentage Mod: HP is shown in percentages\n|rule|Endless Battle Clause: Forcing endless battles is banned\n|rule|OHKO Clause: OHKO moves are banned\n|rule|Evasion Clause: Evasion abilities, items, and moves are banned\n|rule|Evasion Abilities Clause: Evasion abilities are banned\n|rule|Evasion Items Clause: Evasion items are banned\n|rule|Evasion Moves Clause: Evasion moves are banned\n|rule|Species Clause: Limit one of each Pok\u00e9mon\n|rule|Sleep Clause Mod: Limit one foe put to sleep\n|clearpoke\n|poke|p1|Pinsir, F|\n|poke|p1|Volcarona, F|\n|poke|p1|Ribombee, F|\n|poke|p1|Araquanid, F|\n|poke|p1|Buzzwole|\n|poke|p1|Yanmega, F|\n|poke|p2|Charizard, M|\n|poke|p2|Deoxys-Defense|\n|poke|p2|Polteageist-Antique|\n|poke|p2|Kommo-o, M|\n|poke|p2|Blissey, F|\n|poke|p2|Sylveon, M|\n|teampreview\n|inactive|Battle timer is ON: inactive players will automatically lose when time's up. (requested by coldSTZ)\n|\n|t:|1700627545\n|start\n|switch|p1a: Yanmega|Yanmega, F, shiny|100\/100\n|switch|p2a: Egg Mom|Blissey, F|100\/100\n|turn|1\n|inactive|coldSTZ has 120 seconds left.\n|\n|t:|1700627580\n|switch|p1a: Buzzwole|Buzzwole, shiny|100\/100\n|switch|p2a: Dena|Deoxys-Defense|100\/100\n|-ability|p2a: Dena|Pressure\n|\n|upkeep\n|turn|2\n|inactive|coldSTZ has 120 seconds left.\n|\n|t:|1700627600\n|switch|p1a: Ribombee|Ribombee, F, shiny|100\/100\n|move|p2a: Dena|Taunt|p1a: Ribombee\n|-start|p1a: Ribombee|move: Taunt\n|\n|upkeep\n|turn|3\n|\n|t:|1700627612\n|switch|p1a: Yanmega|Yanmega, F, shiny|100\/100\n|move|p2a: Dena|Mirror Coat||[still]\n|-fail|p2a: Dena\n|\n|upkeep\n|turn|4\n|\n|t:|1700627623\n|move|p1a: Yanmega|Bug Buzz|p2a: Dena\n|-supereffective|p2a: Dena\n|-damage|p2a: Dena|29\/100\n|move|p2a: Dena|Taunt|p1a: Yanmega\n|-start|p1a: Yanmega|move: Taunt\n|\n|-heal|p2a: Dena|35\/100|[from] item: Leftovers\n|upkeep\n|turn|5\n|\n|t:|1700627633\n|switch|p2a: Trans|Sylveon, M, shiny|100\/100\n|move|p1a: Yanmega|Bug Buzz|p2a: Trans\n|-resisted|p2a: Trans\n|-damage|p2a: Trans|58\/100\n|\n|upkeep\n|turn|6\n|inactive|coldSTZ has 120 seconds left.\n|\n|t:|1700627643\n|-terastallize|p1a: Yanmega|Bug\n|move|p1a: Yanmega|Bug Buzz|p2a: Trans\n|-resisted|p2a: Trans\n|-damage|p2a: Trans|0 fnt\n|faint|p2a: Trans\n|\n|upkeep\n|\n|t:|1700627650\n|switch|p2a: Black Raz|Charizard, M, shiny|100\/100\n|turn|7\n|\n|t:|1700627663\n|switch|p1a: Volcarona|Volcarona, F, shiny|100\/100\n|detailschange|p2a: Black Raz|Charizard-Mega-Y, M, shiny\n|-mega|p2a: Black Raz|Charizard|Charizardite Y\n|-weather|SunnyDay|[from] ability: Drought|[of] p2a: Black Raz\n|move|p2a: Black Raz|Weather Ball|p1a: Volcarona\n|-damage|p1a: Volcarona|0 fnt\n|faint|p1a: Volcarona\n|\n|-weather|SunnyDay|[upkeep]\n|upkeep\n|inactive|coldSTZ has 120 seconds left.\n|\n|t:|1700627679\n|switch|p1a: Araquanid|Araquanid, F, shiny|100\/100\n|turn|8\n|inactive|coldSTZ has 120 seconds left.\n|\n|t:|1700627688\n|move|p2a: Black Raz|Tailwind|p2a: Black Raz\n|-sidestart|p2: jojomix|move: Tailwind\n|move|p1a: Araquanid|Mirror Coat||[still]\n|-fail|p1a: Araquanid\n|\n|-weather|SunnyDay|[upkeep]\n|upkeep\n|turn|9\n|\n|t:|1700627698\n|move|p2a: Black Raz|Air Slash|p1a: Araquanid|[miss]\n|-miss|p2a: Black Raz|p1a: Araquanid\n|move|p1a: Araquanid|Infestation|p2a: Black Raz\n|-resisted|p2a: Black Raz\n|-damage|p2a: Black Raz|99\/100\n|-activate|p2a: Black Raz|move: Infestation|[of] p1a: Araquanid\n|\n|-weather|SunnyDay|[upkeep]\n|-damage|p2a: Black Raz|87\/100|[from] move: Infestation|[partiallytrapped]\n|upkeep\n|turn|10\n|\n|t:|1700627707\n|move|p2a: Black Raz|Weather Ball|p1a: Araquanid\n|-damage|p1a: Araquanid|60\/100\n|move|p1a: Araquanid|Mirror Coat|p2a: Black Raz\n|-damage|p2a: Black Raz|10\/100\n|\n|-weather|SunnyDay|[upkeep]\n|-damage|p2a: Black Raz|0 fnt|[from] move: Infestation|[partiallytrapped]\n|faint|p2a: Black Raz\n|upkeep\n|\n|t:|1700627717\n|switch|p2a: Cammie|Polteageist-Antique|100\/100\n|turn|11\n|\n|t:|1700627736\n|-terastallize|p2a: Cammie|Dragon\n|move|p2a: Cammie|Shell Smash|p2a: Cammie\n|-unboost|p2a: Cammie|def|1\n|-unboost|p2a: Cammie|spd|1\n|-boost|p2a: Cammie|atk|2\n|-boost|p2a: Cammie|spa|2\n|-boost|p2a: Cammie|spe|2\n|-enditem|p2a: Cammie|White Herb\n|-clearnegativeboost|p2a: Cammie|[silent]\n|move|p1a: Araquanid|Infestation|p2a: Cammie\n|-damage|p2a: Cammie|96\/100\n|-activate|p2a: Cammie|move: Infestation|[of] p1a: Araquanid\n|-start|p1a: Araquanid|Disable|Infestation|[from] ability: Cursed Body|[of] p2a: Cammie\n|\n|-weather|none\n|-damage|p2a: Cammie|83\/100|[from] move: Infestation|[partiallytrapped]\n|-sideend|p2: jojomix|move: Tailwind\n|upkeep\n|turn|12\n|\n|t:|1700627754\n|move|p2a: Cammie|Shell Smash|p2a: Cammie\n|-unboost|p2a: Cammie|def|1\n|-unboost|p2a: Cammie|spd|1\n|-boost|p2a: Cammie|atk|2\n|-boost|p2a: Cammie|spa|2\n|-boost|p2a: Cammie|spe|2\n|move|p1a: Araquanid|Mirror Coat||[still]\n|-fail|p1a: Araquanid\n|\n|-damage|p2a: Cammie|71\/100|[from] move: Infestation|[partiallytrapped]\n|upkeep\n|turn|13\n|\n|t:|1700627775\n|move|p2a: Cammie|Giga Drain|p1a: Araquanid\n|-damage|p1a: Araquanid|0 fnt\n|-heal|p2a: Cammie|100\/100|[from] drain|[of] p1a: Araquanid\n|faint|p1a: Araquanid\n|\n|-end|p2a: Cammie|Infestation|[partiallytrapped]|[silent]\n|upkeep\n|inactive|coldSTZ has 120 seconds left.\n|\n|t:|1700627790\n|switch|p1a: Ribombee|Ribombee, F, shiny|100\/100\n|turn|14\n|\n|t:|1700627796\n|move|p2a: Cammie|Stored Power|p1a: Ribombee\n|-enditem|p1a: Ribombee|Focus Sash\n|-damage|p1a: Ribombee|1\/100\n|move|p1a: Ribombee|Moonblast|p2a: Cammie\n|-supereffective|p2a: Cammie\n|-damage|p2a: Cammie|0 fnt\n|faint|p2a: Cammie\n|\n|upkeep\n|\n|t:|1700627808\n|switch|p2a: Egg Mom|Blissey, F|100\/100\n|turn|15\n|\n|t:|1700627814\n|move|p1a: Ribombee|Toxic|p2a: Egg Mom\n|-status|p2a: Egg Mom|tox\n|move|p2a: Egg Mom|Light Screen|p2a: Egg Mom\n|-sidestart|p2: jojomix|move: Light Screen\n|\n|-damage|p2a: Egg Mom|94\/100 tox|[from] psn\n|upkeep\n|turn|16\n|\n|t:|1700627824\n|move|p1a: Ribombee|Sticky Web|p2a: Egg Mom\n|-sidestart|p2: jojomix|move: Sticky Web\n|move|p2a: Egg Mom|Aromatherapy|p2a: Egg Mom\n|-activate|p2a: Egg Mom|move: Aromatherapy\n|-curestatus|p2a: Egg Mom|tox|[msg]\n|\n|upkeep\n|turn|17\n|\n|t:|1700627830\n|move|p1a: Ribombee|Toxic|p2a: Egg Mom\n|-status|p2a: Egg Mom|tox\n|move|p2a: Egg Mom|Reflect|p2a: Egg Mom\n|-sidestart|p2: jojomix|Reflect\n|\n|-damage|p2a: Egg Mom|88\/100 tox|[from] psn\n|upkeep\n|turn|18\n|\n|t:|1700627848\n|switch|p1a: Buzzwole|Buzzwole, shiny|100\/100\n|move|p2a: Egg Mom|Aromatherapy|p2a: Egg Mom\n|-activate|p2a: Egg Mom|move: Aromatherapy\n|-curestatus|p2a: Egg Mom|tox|[msg]\n|\n|upkeep\n|turn|19\n|\n|t:|1700627858\n|switch|p1a: Ribombee|Ribombee, F, shiny|1\/100\n|switch|p2a: Kommo-o|Kommo-o, M|100\/100\n|-activate|p2a: Kommo-o|move: Sticky Web\n|-unboost|p2a: Kommo-o|spe|1\n|\n|upkeep\n|turn|20\n|\n|t:|1700627869\n|switch|p2a: Dena|Deoxys-Defense|35\/100\n|-activate|p2a: Dena|move: Sticky Web\n|-unboost|p2a: Dena|spe|1\n|-ability|p2a: Dena|Pressure\n|move|p1a: Ribombee|Moonblast|p2a: Dena\n|-damage|p2a: Dena|24\/100\n|-unboost|p2a: Dena|spa|1\n|\n|-heal|p2a: Dena|30\/100|[from] item: Leftovers\n|upkeep\n|turn|21\n|\n|t:|1700627881\n|switch|p1a: Yanmega|Yanmega, F, shiny, tera:Bug|100\/100\n|move|p2a: Dena|Recover|p2a: Dena\n|-heal|p2a: Dena|80\/100\n|\n|-heal|p2a: Dena|87\/100|[from] item: Leftovers\n|upkeep\n|turn|22\n|\n|t:|1700627889\n|move|p1a: Yanmega|Bug Buzz|p2a: Dena\n|-supereffective|p2a: Dena\n|-damage|p2a: Dena|37\/100\n|move|p2a: Dena|Taunt|p1a: Yanmega\n|-start|p1a: Yanmega|move: Taunt\n|\n|-heal|p2a: Dena|44\/100|[from] item: Leftovers\n|-sideend|p2: jojomix|move: Light Screen\n|upkeep\n|turn|23\n|\n|t:|1700627899\n|switch|p2a: Egg Mom|Blissey, F|88\/100\n|-activate|p2a: Egg Mom|move: Sticky Web\n|-unboost|p2a: Egg Mom|spe|1\n|move|p1a: Yanmega|Bug Buzz|p2a: Egg Mom\n|-damage|p2a: Egg Mom|57\/100\n|\n|upkeep\n|turn|24\n|\n|t:|1700627912\n|switch|p1a: Buzzwole|Buzzwole, shiny|100\/100\n|move|p2a: Egg Mom|Light Screen|p2a: Egg Mom\n|-sidestart|p2: jojomix|move: Light Screen\n|\n|-sideend|p2: jojomix|Reflect\n|upkeep\n|turn|25\n|\n|t:|1700627932\n|switch|p1a: Ribombee|Ribombee, F, shiny|1\/100\n|move|p2a: Egg Mom|Reflect|p2a: Egg Mom\n|-sidestart|p2: jojomix|Reflect\n|\n|upkeep\n|turn|26\n|\n|t:|1700627941\n|move|p1a: Ribombee|Toxic|p2a: Egg Mom\n|-status|p2a: Egg Mom|tox\n|move|p2a: Egg Mom|Soft-Boiled|p2a: Egg Mom\n|-heal|p2a: Egg Mom|100\/100 tox\n|\n|-damage|p2a: Egg Mom|94\/100 tox|[from] psn\n|upkeep\n|turn|27\n|\n|t:|1700627951\n|switch|p2a: Dena|Deoxys-Defense|44\/100\n|-activate|p2a: Dena|move: Sticky Web\n|-unboost|p2a: Dena|spe|1\n|-ability|p2a: Dena|Pressure\n|move|p1a: Ribombee|Psychic|p2a: Dena\n|-resisted|p2a: Dena\n|-damage|p2a: Dena|40\/100\n|-unboost|p2a: Dena|spd|1\n|\n|-heal|p2a: Dena|46\/100|[from] item: Leftovers\n|upkeep\n|turn|28\n|\n|t:|1700627964\n|switch|p1a: Yanmega|Yanmega, F, shiny, tera:Bug|100\/100\n|move|p2a: Dena|Recover|p2a: Dena\n|-heal|p2a: Dena|96\/100\n|\n|-heal|p2a: Dena|100\/100|[from] item: Leftovers\n|upkeep\n|turn|29\n|\n|t:|1700627973\n|move|p1a: Yanmega|Bug Buzz|p2a: Dena\n|-supereffective|p2a: Dena\n|-damage|p2a: Dena|31\/100\n|move|p2a: Dena|Mirror Coat|p1a: Yanmega\n|-damage|p1a: Yanmega|0 fnt\n|faint|p1a: Yanmega\n|\n|-heal|p2a: Dena|38\/100|[from] item: Leftovers\n|upkeep\n|\n|t:|1700627983\n|switch|p1a: Pinsir|Pinsir, F|100\/100\n|turn|30\n|\n|t:|1700627991\n|detailschange|p1a: Pinsir|Pinsir-Mega, F\n|-mega|p1a: Pinsir|Pinsir|Pinsirite\n|move|p1a: Pinsir|Swords Dance|p1a: Pinsir\n|-boost|p1a: Pinsir|atk|2\n|move|p2a: Dena|Recover|p2a: Dena\n|-heal|p2a: Dena|88\/100\n|\n|-heal|p2a: Dena|94\/100|[from] item: Leftovers\n|upkeep\n|turn|31\n|\n|t:|1700628004\n|switch|p2a: Kommo-o|Kommo-o, M|100\/100\n|-activate|p2a: Kommo-o|move: Sticky Web\n|-unboost|p2a: Kommo-o|spe|1\n|move|p1a: Pinsir|Swords Dance|p1a: Pinsir\n|-boost|p1a: Pinsir|atk|2\n|\n|-sideend|p2: jojomix|move: Light Screen\n|upkeep\n|turn|32\n|\n|t:|1700628016\n|move|p1a: Pinsir|Return|p2a: Kommo-o\n|-supereffective|p2a: Kommo-o\n|-damage|p2a: Kommo-o|0 fnt\n|faint|p2a: Kommo-o\n|\n|-sideend|p2: jojomix|Reflect\n|upkeep\n|\n|t:|1700628023\n|switch|p2a: Dena|Deoxys-Defense|94\/100\n|-activate|p2a: Dena|move: Sticky Web\n|-unboost|p2a: Dena|spe|1\n|-ability|p2a: Dena|Pressure\n|turn|33\n|\n|t:|1700628029\n|move|p1a: Pinsir|Return|p2a: Dena\n|-damage|p2a: Dena|0 fnt\n|faint|p2a: Dena\n|\n|upkeep\n|c|\u2606jojomix|gg\n|\n|t:|1700628039\n|switch|p2a: Egg Mom|Blissey, F|94\/100 tox\n|-activate|p2a: Egg Mom|move: Sticky Web\n|-unboost|p2a: Egg Mom|spe|1\n|turn|34\n|c|\u2606coldSTZ|gg\n|\n|t:|1700628043\n|move|p1a: Pinsir|Return|p2a: Egg Mom\n|-damage|p2a: Egg Mom|0 fnt\n|faint|p2a: Egg Mom\n|\n|win|coldSTZ\n|raw|coldSTZ's rating: 1135 &rarr; <strong>1161<\/strong><br \/>(+26 for winning)\n|raw|jojomix's rating: 1153 &rarr; <strong>1127<\/strong><br \/>(-26 for losing)\n|l|\u2606jojomix\n","uploadtime":1700628060,"views":13,"p1id":"coldstz","p2id":"jojomix","formatid":"gen9nationaldex","rating":1127,"private":0,"password":""}