{"id":"gen9nationaldex-1988263031","p1":"spoogati","p2":"MRI007","format":"[Gen 9] National Dex","log":"|j|\u2606spoogati\n|j|\u2606MRI007\n|t:|1699697200\n|gametype|singles\n|player|p1|spoogati|ingo|1562\n|player|p2|MRI007|265|1600\n|teamsize|p1|6\n|teamsize|p2|6\n|gen|9\n|tier|[Gen 9] National Dex\n|rated|\n|rule|HP Percentage Mod: HP is shown in percentages\n|rule|Endless Battle Clause: Forcing endless battles is banned\n|rule|OHKO Clause: OHKO moves are banned\n|rule|Evasion Clause: Evasion abilities, items, and moves are banned\n|rule|Evasion Abilities Clause: Evasion abilities are banned\n|rule|Evasion Items Clause: Evasion items are banned\n|rule|Evasion Moves Clause: Evasion moves are banned\n|rule|Species Clause: Limit one of each Pok\u00e9mon\n|rule|Sleep Clause Mod: Limit one foe put to sleep\n|clearpoke\n|poke|p1|Weavile, F|\n|poke|p1|Lopunny, F|\n|poke|p1|Iron Treads|\n|poke|p1|Ceruledge, F|\n|poke|p1|Alomomola, M|\n|poke|p1|Xurkitree|\n|poke|p2|Alomomola, F|\n|poke|p2|Chansey, F|\n|poke|p2|Tapu Lele|\n|poke|p2|Urshifu-*, M|\n|poke|p2|Kyurem|\n|poke|p2|Moltres|\n|teampreview\n|\n|t:|1699697210\n|start\n|switch|p1a: Lopunny|Lopunny, F|100\/100\n|switch|p2a: Urshifu|Urshifu-Rapid-Strike, M|100\/100\n|turn|1\n|\n|t:|1699697220\n|switch|p2a: Alomomola|Alomomola, F|100\/100\n|detailschange|p1a: Lopunny|Lopunny-Mega, F\n|-mega|p1a: Lopunny|Lopunny|Lopunnite\n|move|p1a: Lopunny|Fake Out|p2a: Alomomola\n|-damage|p2a: Alomomola|85\/100\n|-damage|p1a: Lopunny|84\/100|[from] item: Rocky Helmet|[of] p2a: Alomomola\n|\n|upkeep\n|turn|2\n|\n|t:|1699697238\n|switch|p1a: Alomomola|Alomomola, M|100\/100\n|move|p2a: Alomomola|Flip Turn|p1a: Alomomola\n|-resisted|p1a: Alomomola\n|-damage|p1a: Alomomola|96\/100\n|\n|t:|1699697276\n|switch|p2a: Kyurem|Kyurem|100\/100|[from] Flip Turn\n|-ability|p2a: Kyurem|Pressure\n|\n|-heal|p1a: Alomomola|100\/100|[from] item: Leftovers\n|upkeep\n|turn|3\n|\n|t:|1699697293\n|move|p1a: Alomomola|Protect|p1a: Alomomola\n|-singleturn|p1a: Alomomola|Protect\n|move|p2a: Kyurem|Substitute|p2a: Kyurem\n|-start|p2a: Kyurem|Substitute\n|-damage|p2a: Kyurem|76\/100\n|\n|-heal|p2a: Kyurem|82\/100|[from] item: Leftovers\n|upkeep\n|turn|4\n|\n|t:|1699697302\n|move|p2a: Kyurem|Dragon Dance|p2a: Kyurem\n|-boost|p2a: Kyurem|atk|1\n|-boost|p2a: Kyurem|spe|1\n|move|p1a: Alomomola|Flip Turn|p2a: Kyurem\n|-resisted|p2a: Kyurem\n|-activate|p2a: Kyurem|move: Substitute|[damage]\n|\n|t:|1699697317\n|switch|p1a: Lopunny|Lopunny-Mega, F|84\/100|[from] Flip Turn\n|\n|-heal|p2a: Kyurem|88\/100|[from] item: Leftovers\n|upkeep\n|turn|5\n|\n|t:|1699697331\n|move|p1a: Lopunny|Fake Out|p2a: Kyurem\n|-activate|p2a: Kyurem|move: Substitute|[damage]\n|move|p2a: Kyurem|Dragon Dance|p2a: Kyurem\n|-boost|p2a: Kyurem|atk|1\n|-boost|p2a: Kyurem|spe|1\n|\n|-heal|p2a: Kyurem|94\/100|[from] item: Leftovers\n|upkeep\n|turn|6\n|\n|t:|1699697344\n|move|p2a: Kyurem|Dragon Dance|p2a: Kyurem\n|-boost|p2a: Kyurem|atk|1\n|-boost|p2a: Kyurem|spe|1\n|move|p1a: Lopunny|U-turn|p2a: Kyurem\n|-end|p2a: Kyurem|Substitute\n|\n|t:|1699697356\n|switch|p1a: Weavile|Weavile, F|100\/100|[from] U-turn\n|\n|-heal|p2a: Kyurem|99\/100|[from] item: Leftovers\n|upkeep\n|turn|7\n|\n|t:|1699697363\n|move|p2a: Kyurem|Substitute|p2a: Kyurem\n|-start|p2a: Kyurem|Substitute\n|-damage|p2a: Kyurem|75\/100\n|move|p1a: Weavile|Counter||[still]\n|-fail|p1a: Weavile\n|\n|-heal|p2a: Kyurem|82\/100|[from] item: Leftovers\n|upkeep\n|turn|8\n|inactive|Battle timer is ON: inactive players will automatically lose when time's up. (requested by spoogati)\n|\n|t:|1699697383\n|move|p2a: Kyurem|Dragon Dance|p2a: Kyurem\n|-boost|p2a: Kyurem|atk|1\n|-boost|p2a: Kyurem|spe|1\n|move|p1a: Weavile|Triple Axel|p2a: Kyurem\n|-activate|p2a: Kyurem|move: Substitute|[damage]\n|-activate|p2a: Kyurem|move: Substitute|[damage]\n|-end|p2a: Kyurem|Substitute\n|-hitcount|p2a: Kyurem|3\n|\n|-heal|p2a: Kyurem|88\/100|[from] item: Leftovers\n|upkeep\n|turn|9\n|\n|t:|1699697396\n|move|p2a: Kyurem|Substitute|p2a: Kyurem\n|-start|p2a: Kyurem|Substitute\n|-damage|p2a: Kyurem|63\/100\n|move|p1a: Weavile|Triple Axel|p2a: Kyurem\n|-activate|p2a: Kyurem|move: Substitute|[damage]\n|-activate|p2a: Kyurem|move: Substitute|[damage]\n|-hitcount|p2a: Kyurem|2\n|\n|-heal|p2a: Kyurem|69\/100|[from] item: Leftovers\n|upkeep\n|turn|10\n|\n|t:|1699697407\n|move|p2a: Kyurem|Icicle Spear|p1a: Weavile\n|-resisted|p1a: Weavile\n|-damage|p1a: Weavile|73\/100\n|-resisted|p1a: Weavile\n|-damage|p1a: Weavile|48\/100\n|-resisted|p1a: Weavile\n|-damage|p1a: Weavile|20\/100\n|-resisted|p1a: Weavile\n|-crit|p1a: Weavile\n|-damage|p1a: Weavile|0 fnt\n|faint|p1a: Weavile\n|-hitcount|p1: Weavile|4\n|\n|-heal|p2a: Kyurem|75\/100|[from] item: Leftovers\n|upkeep\n|\n|t:|1699697413\n|switch|p1a: Ceruledge|Ceruledge, F|100\/100\n|turn|11\n|\n|t:|1699697427\n|move|p2a: Kyurem|Roost|p2a: Kyurem\n|-heal|p2a: Kyurem|100\/100\n|-singleturn|p2a: Kyurem|move: Roost\n|move|p1a: Ceruledge|Poltergeist|p2a: Kyurem\n|-activate|p2a: Kyurem|move: Poltergeist|Leftovers\n|-end|p2a: Kyurem|Substitute\n|\n|upkeep\n|turn|12\n|\n|t:|1699697437\n|-terastallize|p2a: Kyurem|Fairy\n|move|p2a: Kyurem|Substitute|p2a: Kyurem\n|-start|p2a: Kyurem|Substitute\n|-damage|p2a: Kyurem|76\/100\n|move|p1a: Ceruledge|Bitter Blade|p2a: Kyurem\n|-end|p2a: Kyurem|Substitute\n|\n|-heal|p2a: Kyurem|82\/100|[from] item: Leftovers\n|upkeep\n|turn|13\n|\n|t:|1699697455\n|move|p2a: Kyurem|Dragon Dance|p2a: Kyurem\n|-boost|p2a: Kyurem|atk|1\n|-boost|p2a: Kyurem|spe|1\n|move|p1a: Ceruledge|Bitter Blade|p2a: Kyurem\n|-crit|p2a: Kyurem\n|-damage|p2a: Kyurem|38\/100\n|\n|-heal|p2a: Kyurem|44\/100|[from] item: Leftovers\n|upkeep\n|turn|14\n|\n|t:|1699697473\n|move|p2a: Kyurem|Roost|p2a: Kyurem\n|-heal|p2a: Kyurem|94\/100\n|move|p1a: Ceruledge|Bitter Blade|p2a: Kyurem\n|-damage|p2a: Kyurem|65\/100\n|\n|-heal|p2a: Kyurem|72\/100|[from] item: Leftovers\n|upkeep\n|turn|15\n|\n|t:|1699697484\n|-terastallize|p1a: Ceruledge|Fire\n|move|p2a: Kyurem|Dragon Dance|p2a: Kyurem\n|-boost|p2a: Kyurem|atk|1\n|-boost|p2a: Kyurem|spe|1\n|move|p1a: Ceruledge|Bitter Blade|p2a: Kyurem\n|-damage|p2a: Kyurem|36\/100\n|\n|-heal|p2a: Kyurem|42\/100|[from] item: Leftovers\n|upkeep\n|turn|16\n|j| amun-ra666\n|inactive|MRI007 has 120 seconds left.\n|\n|t:|1699697520\n|move|p2a: Kyurem|Roost|p2a: Kyurem\n|-heal|p2a: Kyurem|92\/100\n|move|p1a: Ceruledge|Bitter Blade|p2a: Kyurem\n|-damage|p2a: Kyurem|51\/100\n|\n|-heal|p2a: Kyurem|57\/100|[from] item: Leftovers\n|upkeep\n|turn|17\n|inactive|MRI007 has 120 seconds left.\n|\n|t:|1699697531\n|move|p2a: Kyurem|Roost|p2a: Kyurem\n|-heal|p2a: Kyurem|100\/100\n|move|p1a: Ceruledge|Swords Dance|p1a: Ceruledge\n|-boost|p1a: Ceruledge|atk|2\n|\n|upkeep\n|turn|18\n|inactive|MRI007 has 120 seconds left.\n|\n|t:|1699697541\n|move|p2a: Kyurem|Icicle Spear|p1a: Ceruledge\n|-resisted|p1a: Ceruledge\n|-damage|p1a: Ceruledge|68\/100\n|-ability|p1a: Ceruledge|Weak Armor|boost\n|-unboost|p1a: Ceruledge|def|1\n|-boost|p1a: Ceruledge|spe|2\n|-resisted|p1a: Ceruledge\n|-damage|p1a: Ceruledge|18\/100\n|-ability|p1a: Ceruledge|Weak Armor|boost\n|-unboost|p1a: Ceruledge|def|1\n|-boost|p1a: Ceruledge|spe|2\n|-hitcount|p1a: Ceruledge|2\n|move|p1a: Ceruledge|Bitter Blade|p2a: Kyurem\n|-damage|p2a: Kyurem|22\/100\n|-heal|p1a: Ceruledge|80\/100|[from] drain|[of] p2a: Kyurem\n|\n|-heal|p2a: Kyurem|28\/100|[from] item: Leftovers\n|upkeep\n|turn|19\n|inactive|MRI007 has 120 seconds left.\n|\n|t:|1699697562\n|move|p2a: Kyurem|Icicle Spear|p1a: Ceruledge\n|-resisted|p1a: Ceruledge\n|-damage|p1a: Ceruledge|22\/100\n|-ability|p1a: Ceruledge|Weak Armor|boost\n|-unboost|p1a: Ceruledge|def|1\n|-boost|p1a: Ceruledge|spe|2\n|-resisted|p1a: Ceruledge\n|-damage|p1a: Ceruledge|0 fnt\n|faint|p1a: Ceruledge\n|-hitcount|p1: Ceruledge|2\n|\n|-heal|p2a: Kyurem|34\/100|[from] item: Leftovers\n|upkeep\n|\n|t:|1699697568\n|switch|p1a: Lopunny|Lopunny-Mega, F|84\/100\n|turn|20\n|inactive|MRI007 has 120 seconds left.\n|\n|t:|1699697579\n|move|p1a: Lopunny|Fake Out|p2a: Kyurem\n|-damage|p2a: Kyurem|19\/100\n|cant|p2a: Kyurem|flinch\n|\n|-heal|p2a: Kyurem|26\/100|[from] item: Leftovers\n|upkeep\n|turn|21\n|inactive|MRI007 has 120 seconds left.\n|\n|t:|1699697591\n|move|p2a: Kyurem|Icicle Spear|p1a: Lopunny\n|-damage|p1a: Lopunny|27\/100\n|-damage|p1a: Lopunny|0 fnt\n|faint|p1a: Lopunny\n|-hitcount|p1: Lopunny|2\n|\n|-heal|p2a: Kyurem|32\/100|[from] item: Leftovers\n|upkeep\n|\n|t:|1699697600\n|switch|p1a: Xurkitree|Xurkitree|100\/100\n|turn|22\n|\n|t:|1699697608\n|move|p2a: Kyurem|Icicle Spear|p1a: Xurkitree\n|-damage|p1a: Xurkitree|36\/100\n|-damage|p1a: Xurkitree|0 fnt\n|faint|p1a: Xurkitree\n|-hitcount|p1: Xurkitree|2\n|\n|-heal|p2a: Kyurem|38\/100|[from] item: Leftovers\n|upkeep\n|-message|spoogati forfeited.\n|\n|win|MRI007\n|raw|spoogati's rating: 1562 &rarr; <strong>1544<\/strong><br \/>(-18 for losing)\n|raw|MRI007's rating: 1600 &rarr; <strong>1618<\/strong><br \/>(+18 for winning)\n|l|\u2606spoogati\n","uploadtime":1699697664,"views":8,"p1id":"spoogati","p2id":"mri007","formatid":"gen9nationaldex","rating":1544,"private":0,"password":""}