{"id":"gen9nationaldex-1991778101","p1":"Zera & Lucy","p2":"Whothis41","format":"[Gen 9] National Dex","log":"|j|\u2606Zera & Lucy\n|j|\u2606Whothis41\n|t:|1700115571\n|gametype|singles\n|player|p1|Zera & Lucy|cynthia|1123\n|player|p2|Whothis41|170|1000\n|teamsize|p1|6\n|teamsize|p2|6\n|gen|9\n|tier|[Gen 9] National Dex\n|rated|\n|rule|HP Percentage Mod: HP is shown in percentages\n|rule|Endless Battle Clause: Forcing endless battles is banned\n|rule|OHKO Clause: OHKO moves are banned\n|rule|Evasion Clause: Evasion abilities, items, and moves are banned\n|rule|Evasion Abilities Clause: Evasion abilities are banned\n|rule|Evasion Items Clause: Evasion items are banned\n|rule|Evasion Moves Clause: Evasion moves are banned\n|rule|Species Clause: Limit one of each Pok\u00e9mon\n|rule|Sleep Clause Mod: Limit one foe put to sleep\n|clearpoke\n|poke|p1|Ambipom, M|\n|poke|p1|Zoroark-Hisui, F|\n|poke|p1|Cinccino, F|\n|poke|p1|Indeedee, M|\n|poke|p1|Cyclizar, F|\n|poke|p1|Komala, M|\n|poke|p2|Heracross, M|\n|poke|p2|Quaquaval, M|\n|poke|p2|Lucario, M|\n|poke|p2|Decidueye-Hisui, F|\n|poke|p2|Toxicroak, M|\n|poke|p2|Infernape, M|\n|teampreview\n|inactive|Battle timer is ON: inactive players will automatically lose when time's up. (requested by Zera & Lucy)\n|inactive|Whothis41 has 120 seconds left.\n|\n|t:|1700115603\n|start\n|switch|p1a: Ambipom|Ambipom, M|100\/100\n|switch|p2a: Quaquaval|Quaquaval, M|100\/100\n|turn|1\n|\n|t:|1700115611\n|-terastallize|p1a: Ambipom|Normal\n|move|p1a: Ambipom|Fake Out|p2a: Quaquaval\n|-damage|p2a: Quaquaval|46\/100\n|cant|p2a: Quaquaval|flinch\n|\n|-heal|p2a: Quaquaval|53\/100|[from] item: Leftovers\n|upkeep\n|turn|2\n|\n|t:|1700115619\n|move|p1a: Ambipom|U-turn|p2a: Quaquaval\n|-resisted|p2a: Quaquaval\n|-damage|p2a: Quaquaval|40\/100\n|\n|t:|1700115623\n|switch|p1a: Cyclizar|Cyclizar, F|100\/100|[from] U-turn\n|move|p2a: Quaquaval|Aqua Step|p1a: Cyclizar\n|-damage|p1a: Cyclizar|19\/100\n|-boost|p2a: Quaquaval|spe|1\n|replace|p1a: Zoroark|Zoroark-Hisui, F\n|-end|p1a: Zoroark|Illusion\n|\n|-heal|p2a: Quaquaval|46\/100|[from] item: Leftovers\n|upkeep\n|turn|3\n|\n|t:|1700115632\n|move|p2a: Quaquaval|Aqua Step|p1a: Zoroark\n|-damage|p1a: Zoroark|0 fnt\n|-boost|p2a: Quaquaval|spe|1\n|faint|p1a: Zoroark\n|-ability|p2a: Quaquaval|Moxie|boost\n|-boost|p2a: Quaquaval|atk|1\n|\n|-heal|p2a: Quaquaval|52\/100|[from] item: Leftovers\n|upkeep\n|\n|t:|1700115642\n|switch|p1a: Ambipom|Ambipom, M, tera:Normal|100\/100\n|turn|4\n|\n|t:|1700115650\n|move|p1a: Ambipom|Fake Out|p2a: Quaquaval\n|-damage|p2a: Quaquaval|0 fnt\n|faint|p2a: Quaquaval\n|\n|upkeep\n|\n|t:|1700115672\n|switch|p2a: Lucario|Lucario, M|100\/100\n|turn|5\n|\n|t:|1700115681\n|move|p1a: Ambipom|U-turn|p2a: Lucario\n|-resisted|p2a: Lucario\n|-damage|p2a: Lucario|92\/100\n|\n|t:|1700115684\n|switch|p1a: Cyclizar|Cyclizar, F|100\/100|[from] U-turn\n|move|p2a: Lucario|Swords Dance|p2a: Lucario\n|-boost|p2a: Lucario|atk|2\n|\n|-heal|p2a: Lucario|98\/100|[from] item: Leftovers\n|upkeep\n|turn|6\n|\n|t:|1700115696\n|move|p1a: Cyclizar|Rapid Spin|p2a: Lucario\n|-resisted|p2a: Lucario\n|-crit|p2a: Lucario\n|-damage|p2a: Lucario|77\/100\n|-boost|p1a: Cyclizar|spe|1\n|move|p2a: Lucario|Drain Punch|p1a: Cyclizar\n|-supereffective|p1a: Cyclizar\n|-damage|p1a: Cyclizar|0 fnt\n|-heal|p2a: Lucario|100\/100|[from] drain|[of] p1a: Cyclizar\n|faint|p1a: Cyclizar\n|\n|upkeep\n|\n|t:|1700115703\n|switch|p1a: Komala|Komala, M|100\/100\n|-ability|p1a: Komala|Comatose\n|turn|7\n|\n|t:|1700115724\n|move|p2a: Lucario|Drain Punch|p1a: Komala\n|-supereffective|p1a: Komala\n|-damage|p1a: Komala|0 fnt\n|faint|p1a: Komala\n|\n|upkeep\n|\n|t:|1700115729\n|switch|p1a: Indeedee|Indeedee, M|100\/100\n|-fieldstart|move: Psychic Terrain|[from] ability: Psychic Surge|[of] p1a: Indeedee\n|turn|8\n|\n|t:|1700115733\n|move|p1a: Indeedee|Expanding Force|p2a: Lucario\n|-damage|p2a: Lucario|0 fnt\n|faint|p2a: Lucario\n|\n|upkeep\n|\n|t:|1700115741\n|switch|p2a: Infernape|Infernape, M|100\/100\n|turn|9\n|\n|t:|1700115747\n|move|p1a: Indeedee|Expanding Force|p2a: Infernape\n|-supereffective|p2a: Infernape\n|-damage|p2a: Infernape|0 fnt\n|faint|p2a: Infernape\n|\n|upkeep\n|\n|t:|1700115749\n|switch|p2a: Toxicroak|Toxicroak, M|100\/100\n|turn|10\n|\n|t:|1700115754\n|-terastallize|p2a: Toxicroak|Dragon\n|move|p1a: Indeedee|Expanding Force|p2a: Toxicroak\n|-damage|p2a: Toxicroak|0 fnt\n|faint|p2a: Toxicroak\n|\n|upkeep\n|-message|Whothis41 forfeited.\n|\n|win|Zera & Lucy\n|raw|Zera &amp; Lucy's rating: 1123 &rarr; <strong>1140<\/strong><br \/>(+17 for winning)\n|raw|Whothis41's rating: 1000 &rarr; <strong>1000<\/strong><br \/>(+0 for losing)\n|l|\u2606Whothis41\n","uploadtime":1700115764,"views":5,"p1id":"zeralucy","p2id":"whothis41","formatid":"gen9nationaldex","rating":1000,"private":0,"password":""}