{"id":"gen9nationaldex-1997429964","p1":"sgyyds","p2":"Play Lame","format":"[Gen 9] National Dex","log":"|html|<div class=\"broadcast-blue\"><strong>[Gen 9] National Dex is currently suspecting Sneasler! For information on how to participate check out the <a href=\"https:\/\/www.smogon.com\/forums\/threads\/sv-national-dex-suspect-8-just-dance.3731534\/\">suspect thread<\/a>.<\/strong><\/div>\n|j|\u2606sgyyds\n|j|\u2606Play Lame\n|t:|1700803833\n|gametype|singles\n|player|p1|sgyyds|lucas|1043\n|player|p2|Play Lame|burglar|1115\n|teamsize|p1|6\n|teamsize|p2|6\n|gen|9\n|tier|[Gen 9] National Dex\n|rated|\n|rule|HP Percentage Mod: HP is shown in percentages\n|rule|Endless Battle Clause: Forcing endless battles is banned\n|rule|OHKO Clause: OHKO moves are banned\n|rule|Evasion Clause: Evasion abilities, items, and moves are banned\n|rule|Evasion Abilities Clause: Evasion abilities are banned\n|rule|Evasion Items Clause: Evasion items are banned\n|rule|Evasion Moves Clause: Evasion moves are banned\n|rule|Species Clause: Limit one of each Pok\u00e9mon\n|rule|Sleep Clause Mod: Limit one foe put to sleep\n|clearpoke\n|poke|p1|Snorlax, F|\n|poke|p1|Urshifu-*, F|\n|poke|p1|Sneasler, M|\n|poke|p1|Torkoal, F|\n|poke|p1|Ferrothorn, F|\n|poke|p1|Rotom-Frost|\n|poke|p2|Sandslash-Alola, F|\n|poke|p2|Scolipede, M|\n|poke|p2|Ambipom, M|\n|poke|p2|Tropius, M|\n|poke|p2|Pangoro, F|\n|poke|p2|Marowak-Alola, F|\n|teampreview\n|\n|t:|1700803841\n|start\n|switch|p1a: Sneasler|Sneasler, M|100\/100\n|switch|p2a: Ambipom|Ambipom, M|100\/100\n|turn|1\n|\n|t:|1700803850\n|move|p2a: Ambipom|Fake Out|p1a: Sneasler\n|-damage|p1a: Sneasler|58\/100\n|cant|p1a: Sneasler|flinch\n|\n|upkeep\n|turn|2\n|\n|t:|1700803857\n|move|p1a: Sneasler|Close Combat|p2a: Ambipom\n|-supereffective|p2a: Ambipom\n|-damage|p2a: Ambipom|0 fnt\n|-unboost|p1a: Sneasler|def|1\n|-unboost|p1a: Sneasler|spd|1\n|faint|p2a: Ambipom\n|\n|upkeep\n|\n|t:|1700803870\n|switch|p2a: Marowak|Marowak-Alola, F|100\/100\n|turn|3\n|\n|t:|1700803875\n|move|p1a: Sneasler|Shadow Claw|p2a: Marowak\n|-supereffective|p2a: Marowak\n|-damage|p2a: Marowak|49\/100\n|move|p2a: Marowak|Flare Blitz|p1a: Sneasler\n|-damage|p1a: Sneasler|0 fnt\n|faint|p1a: Sneasler\n|\n|upkeep\n|\n|t:|1700803883\n|switch|p1a: Urshifu|Urshifu-Rapid-Strike, F|100\/100\n|turn|4\n|\n|t:|1700803889\n|move|p1a: Urshifu|Aqua Jet|p2a: Marowak\n|-supereffective|p2a: Marowak\n|-damage|p2a: Marowak|12\/100\n|move|p2a: Marowak|Stealth Rock|p1a: Urshifu\n|-sidestart|p1: sgyyds|move: Stealth Rock\n|\n|upkeep\n|turn|5\n|\n|t:|1700803898\n|move|p1a: Urshifu|Aqua Jet|p2a: Marowak\n|-supereffective|p2a: Marowak\n|-damage|p2a: Marowak|0 fnt\n|faint|p2a: Marowak\n|\n|upkeep\n|\n|t:|1700803903\n|switch|p2a: Tropius|Tropius, M, shiny|100\/100\n|turn|6\n|\n|t:|1700803910\n|move|p1a: Urshifu|Ice Spinner|p2a: Tropius\n|-supereffective|p2a: Tropius\n|-damage|p2a: Tropius|6\/100\n|-enditem|p2a: Tropius|Sitrus Berry|[eat]\n|-heal|p2a: Tropius|31\/100|[from] item: Sitrus Berry\n|move|p2a: Tropius|Air Slash|p1a: Urshifu\n|-supereffective|p1a: Urshifu\n|-crit|p1a: Urshifu\n|-damage|p1a: Urshifu|14\/100\n|\n|-item|p2a: Tropius|Sitrus Berry|[from] ability: Harvest\n|upkeep\n|-enditem|p2a: Tropius|Sitrus Berry|[eat]\n|-heal|p2a: Tropius|57\/100|[from] item: Sitrus Berry\n|turn|7\n|\n|t:|1700803924\n|move|p2a: Tropius|Protect|p2a: Tropius\n|-singleturn|p2a: Tropius|Protect\n|move|p1a: Urshifu|Ice Spinner|p2a: Tropius\n|-supereffective|p2a: Tropius\n|-damage|p2a: Tropius|0 fnt\n|faint|p2a: Tropius\n|\n|upkeep\n|\n|t:|1700803935\n|switch|p2a: Pangoro|Pangoro, F|100\/100\n|turn|8\n|\n|t:|1700803946\n|switch|p1a: Torkoal|Torkoal, F|100\/100\n|-weather|SunnyDay|[from] ability: Drought|[of] p1a: Torkoal\n|move|p2a: Pangoro|Bullet Punch|p1a: Torkoal\n|-resisted|p1a: Torkoal\n|-damage|p1a: Torkoal|96\/100\n|\n|-weather|SunnyDay|[upkeep]\n|upkeep\n|turn|9\n|\n|t:|1700803955\n|move|p2a: Pangoro|Bulk Up|p2a: Pangoro\n|-boost|p2a: Pangoro|atk|1\n|-boost|p2a: Pangoro|def|1\n|move|p1a: Torkoal|Rapid Spin|p2a: Pangoro\n|-damage|p2a: Pangoro|94\/100\n|-boost|p1a: Torkoal|spe|1\n|-sideend|p1: sgyyds|Stealth Rock|[from] move: Rapid Spin|[of] p1a: Torkoal\n|\n|-weather|SunnyDay|[upkeep]\n|-heal|p2a: Pangoro|99\/100|[from] item: Leftovers\n|upkeep\n|turn|10\n|\n|t:|1700803967\n|move|p2a: Pangoro|Bulk Up|p2a: Pangoro\n|-boost|p2a: Pangoro|atk|1\n|-boost|p2a: Pangoro|def|1\n|move|p1a: Torkoal|Will-O-Wisp|p2a: Pangoro\n|-status|p2a: Pangoro|brn\n|\n|-weather|SunnyDay|[upkeep]\n|-heal|p2a: Pangoro|100\/100 brn|[from] item: Leftovers\n|-damage|p2a: Pangoro|94\/100 brn|[from] brn\n|upkeep\n|turn|11\n|\n|t:|1700803985\n|switch|p1a: Urshifu|Urshifu-Rapid-Strike, F|14\/100\n|move|p2a: Pangoro|Storm Throw|p1a: Urshifu\n|-crit|p1a: Urshifu\n|-damage|p1a: Urshifu|0 fnt\n|-damage|p2a: Pangoro|78\/100 brn|[from] item: Rocky Helmet|[of] p1a: Urshifu\n|faint|p1a: Urshifu\n|\n|-weather|SunnyDay|[upkeep]\n|-heal|p2a: Pangoro|84\/100 brn|[from] item: Leftovers\n|-damage|p2a: Pangoro|78\/100 brn|[from] brn\n|upkeep\n|\n|t:|1700804001\n|switch|p1a: Ferrothorn|Ferrothorn, F|100\/100\n|turn|12\n|\n|t:|1700804009\n|move|p2a: Pangoro|Storm Throw|p1a: Ferrothorn\n|-supereffective|p1a: Ferrothorn\n|-crit|p1a: Ferrothorn\n|-damage|p1a: Ferrothorn|25\/100\n|-damage|p2a: Pangoro|65\/100 brn|[from] ability: Iron Barbs|[of] p1a: Ferrothorn\n|move|p1a: Ferrothorn|Stealth Rock|p2a: Pangoro\n|-sidestart|p2: Play Lame|move: Stealth Rock\n|\n|-weather|none\n|-heal|p2a: Pangoro|72\/100 brn|[from] item: Leftovers\n|-heal|p1a: Ferrothorn|31\/100|[from] item: Leftovers\n|-damage|p2a: Pangoro|65\/100 brn|[from] brn\n|upkeep\n|turn|13\n|\n|t:|1700804023\n|move|p2a: Pangoro|Storm Throw|p1a: Ferrothorn\n|-supereffective|p1a: Ferrothorn\n|-crit|p1a: Ferrothorn\n|-damage|p1a: Ferrothorn|0 fnt\n|-damage|p2a: Pangoro|53\/100 brn|[from] ability: Iron Barbs|[of] p1a: Ferrothorn\n|faint|p1a: Ferrothorn\n|\n|-heal|p2a: Pangoro|59\/100 brn|[from] item: Leftovers\n|-damage|p2a: Pangoro|53\/100 brn|[from] brn\n|upkeep\n|\n|t:|1700804028\n|switch|p1a: Rotom|Rotom-Frost|100\/100\n|turn|14\n|\n|t:|1700804036\n|move|p1a: Rotom|Volt Switch|p2a: Pangoro\n|-damage|p2a: Pangoro|25\/100 brn\n|\n|t:|1700804041\n|switch|p1a: Torkoal|Torkoal, F|96\/100|[from] Volt Switch\n|-weather|SunnyDay|[from] ability: Drought|[of] p1a: Torkoal\n|move|p2a: Pangoro|Storm Throw|p1a: Torkoal\n|-crit|p1a: Torkoal\n|-damage|p1a: Torkoal|65\/100\n|\n|-weather|SunnyDay|[upkeep]\n|-heal|p2a: Pangoro|31\/100 brn|[from] item: Leftovers\n|-damage|p2a: Pangoro|25\/100 brn|[from] brn\n|upkeep\n|turn|15\n|\n|t:|1700804053\n|move|p2a: Pangoro|Darkest Lariat|p1a: Torkoal\n|-damage|p1a: Torkoal|37\/100\n|move|p1a: Torkoal|Lava Plume|p2a: Pangoro\n|-damage|p2a: Pangoro|0 fnt\n|faint|p2a: Pangoro\n|\n|-weather|SunnyDay|[upkeep]\n|upkeep\n|\n|t:|1700804065\n|switch|p2a: Sandslash|Sandslash-Alola, F, shiny|100\/100\n|-damage|p2a: Sandslash|88\/100|[from] Stealth Rock\n|turn|16\n|\n|t:|1700804073\n|move|p2a: Sandslash|Knock Off|p1a: Torkoal\n|-damage|p1a: Torkoal|17\/100\n|-enditem|p1a: Torkoal|Heavy-Duty Boots|[from] move: Knock Off|[of] p2a: Sandslash\n|move|p1a: Torkoal|Lava Plume|p2a: Sandslash\n|-supereffective|p2a: Sandslash\n|-damage|p2a: Sandslash|0 fnt\n|faint|p2a: Sandslash\n|\n|-weather|SunnyDay|[upkeep]\n|upkeep\n|\n|t:|1700804083\n|switch|p2a: Scolipede|Scolipede, M, shiny|100\/100\n|-damage|p2a: Scolipede|76\/100|[from] Stealth Rock\n|turn|17\n|\n|t:|1700804090\n|-terastallize|p2a: Scolipede|Normal\n|move|p2a: Scolipede|Substitute|p2a: Scolipede\n|-start|p2a: Scolipede|Substitute\n|-damage|p2a: Scolipede|51\/100\n|move|p1a: Torkoal|Lava Plume|p2a: Scolipede\n|-end|p2a: Scolipede|Substitute\n|\n|-weather|SunnyDay|[upkeep]\n|-heal|p2a: Scolipede|57\/100|[from] item: Leftovers\n|-ability|p2a: Scolipede|Speed Boost|boost\n|-boost|p2a: Scolipede|spe|1\n|upkeep\n|turn|18\n|\n|t:|1700804105\n|move|p2a: Scolipede|Cross Poison|p1a: Torkoal\n|-damage|p1a: Torkoal|0 fnt\n|faint|p1a: Torkoal\n|\n|-weather|none\n|-heal|p2a: Scolipede|63\/100|[from] item: Leftovers\n|-ability|p2a: Scolipede|Speed Boost|boost\n|-boost|p2a: Scolipede|spe|1\n|upkeep\n|\n|t:|1700804113\n|switch|p1a: Snorlax|Snorlax, F|100\/100\n|turn|19\n|\n|t:|1700804121\n|move|p2a: Scolipede|Swords Dance|p2a: Scolipede\n|-boost|p2a: Scolipede|atk|2\n|move|p1a: Snorlax|Earthquake|p2a: Scolipede\n|-damage|p2a: Scolipede|22\/100\n|\n|-heal|p2a: Scolipede|28\/100|[from] item: Leftovers\n|-ability|p2a: Scolipede|Speed Boost|boost\n|-boost|p2a: Scolipede|spe|1\n|upkeep\n|turn|20\n|\n|t:|1700804136\n|move|p2a: Scolipede|Cross Poison|p1a: Snorlax\n|-damage|p1a: Snorlax|38\/100\n|move|p1a: Snorlax|Earthquake|p2a: Scolipede\n|-damage|p2a: Scolipede|0 fnt\n|faint|p2a: Scolipede\n|\n|win|sgyyds\n|raw|sgyyds's rating: 1043 &rarr; <strong>1083<\/strong><br \/>(+40 for winning)\n|raw|Play Lame's rating: 1115 &rarr; <strong>1085<\/strong><br \/>(-30 for losing)\n|l|\u2606Play Lame\n","uploadtime":1700804149,"views":10,"p1id":"sgyyds","p2id":"playlame","formatid":"gen9nationaldex","rating":1083,"private":0,"password":""}