{"id":"gen9nationaldex-1990647841","p1":"XLioneldoX","p2":"RegiSauce","format":"[Gen 9] National Dex","log":"|j|\u2606XLioneldoX\n|j|\u2606RegiSauce\n|t:|1699988552\n|gametype|singles\n|player|p1|XLioneldoX|169|1271\n|player|p2|RegiSauce|ghetsis|1305\n|teamsize|p1|6\n|teamsize|p2|6\n|gen|9\n|tier|[Gen 9] National Dex\n|rated|\n|rule|HP Percentage Mod: HP is shown in percentages\n|rule|Endless Battle Clause: Forcing endless battles is banned\n|rule|OHKO Clause: OHKO moves are banned\n|rule|Evasion Clause: Evasion abilities, items, and moves are banned\n|rule|Evasion Abilities Clause: Evasion abilities are banned\n|rule|Evasion Items Clause: Evasion items are banned\n|rule|Evasion Moves Clause: Evasion moves are banned\n|rule|Species Clause: Limit one of each Pok\u00e9mon\n|rule|Sleep Clause Mod: Limit one foe put to sleep\n|clearpoke\n|poke|p1|Tapu Lele|\n|poke|p1|Sneasler, F|\n|poke|p1|Landorus-Therian, M|\n|poke|p1|Mawile, M|\n|poke|p1|Rotom-Wash|\n|poke|p1|Heatran, F|\n|poke|p2|Zeraora|\n|poke|p2|Togekiss, F|\n|poke|p2|Hoopa|\n|poke|p2|Tsareena, F|\n|poke|p2|Tyranitar, F|\n|poke|p2|Absol, F|\n|teampreview\n|\n|t:|1699988564\n|start\n|switch|p1a: Tapu Lele|Tapu Lele|100\/100\n|switch|p2a: World pulse|Tyranitar, F|100\/100\n|-fieldstart|move: Psychic Terrain|[from] ability: Psychic Surge|[of] p1a: Tapu Lele\n|-weather|Sandstorm|[from] ability: Sand Stream|[of] p2a: World pulse\n|turn|1\n|inactive|Battle timer is ON: inactive players will automatically lose when time's up. (requested by RegiSauce)\n|\n|t:|1699988588\n|-activate|p1a: Tapu Lele|move: Pursuit\n|move|p2a: World pulse|Pursuit|p1a: Tapu Lele|[from]Pursuit\n|-damage|p1a: Tapu Lele|34\/100\n|switch|p1a: Rotom|Rotom-Wash|100\/100\n|\n|-weather|Sandstorm|[upkeep]\n|-damage|p1a: Rotom|95\/100|[from] Sandstorm\n|upkeep\n|turn|2\n|\n|t:|1699988599\n|switch|p2a: Summer Sky|Togekiss, F|100\/100\n|move|p1a: Rotom|Nasty Plot|p1a: Rotom\n|-boost|p1a: Rotom|spa|2\n|\n|-weather|Sandstorm|[upkeep]\n|-damage|p1a: Rotom|89\/100|[from] Sandstorm\n|-damage|p2a: Summer Sky|94\/100|[from] Sandstorm\n|-heal|p2a: Summer Sky|100\/100|[from] item: Leftovers\n|upkeep\n|turn|3\n|\n|t:|1699988607\n|switch|p2a: Dragon Sage|Zeraora, shiny|100\/100\n|-item|p2a: Dragon Sage|Air Balloon\n|move|p1a: Rotom|Discharge|p2a: Dragon Sage\n|-immune|p2a: Dragon Sage|[from] ability: Volt Absorb\n|\n|-weather|Sandstorm|[upkeep]\n|-damage|p2a: Dragon Sage|95\/100|[from] Sandstorm\n|-damage|p1a: Rotom|83\/100|[from] Sandstorm\n|upkeep\n|turn|4\n|\n|t:|1699988615\n|move|p2a: Dragon Sage|Bulk Up|p2a: Dragon Sage\n|-boost|p2a: Dragon Sage|atk|1\n|-boost|p2a: Dragon Sage|def|1\n|move|p1a: Rotom|Hydro Pump|p2a: Dragon Sage\n|-damage|p2a: Dragon Sage|0 fnt\n|-enditem|p2a: Dragon Sage|Air Balloon\n|faint|p2a: Dragon Sage\n|\n|-weather|Sandstorm|[upkeep]\n|-damage|p1a: Rotom|77\/100|[from] Sandstorm\n|upkeep\n|\n|t:|1699988620\n|switch|p2a: Noli's domain|Hoopa|100\/100\n|turn|5\n|\n|t:|1699988634\n|move|p1a: Rotom|Hydro Pump|p2a: Noli's domain\n|-damage|p2a: Noli's domain|34\/100\n|move|p2a: Noli's domain|Trick Room|p2a: Noli's domain\n|-fieldstart|move: Trick Room|[of] p2a: Noli's domain\n|-enditem|p2a: Noli's domain|Room Service\n|-unboost|p2a: Noli's domain|spe|1|[from] item: Room Service\n|\n|-weather|none\n|-fieldend|move: Psychic Terrain\n|upkeep\n|turn|6\n|\n|t:|1699988640\n|move|p2a: Noli's domain|Shadow Ball|p1a: Rotom\n|-damage|p1a: Rotom|17\/100\n|move|p1a: Rotom|Discharge|p2a: Noli's domain\n|-damage|p2a: Noli's domain|0 fnt\n|faint|p2a: Noli's domain\n|\n|upkeep\n|\n|t:|1699988646\n|switch|p2a: World pulse|Tyranitar, F|100\/100\n|-weather|Sandstorm|[from] ability: Sand Stream|[of] p2a: World pulse\n|turn|7\n|\n|t:|1699988651\n|move|p2a: World pulse|Pursuit|p1a: Rotom\n|-damage|p1a: Rotom|0 fnt\n|faint|p1a: Rotom\n|\n|-weather|Sandstorm|[upkeep]\n|upkeep\n|\n|t:|1699988661\n|switch|p1a: Mawile|Mawile, M|100\/100\n|-ability|p1a: Mawile|Intimidate|boost\n|-unboost|p2a: World pulse|atk|1\n|turn|8\n|\n|t:|1699988671\n|switch|p2a: Summer Sky|Togekiss, F|100\/100\n|detailschange|p1a: Mawile|Mawile-Mega, M\n|-mega|p1a: Mawile|Mawile|Mawilite\n|move|p1a: Mawile|Swords Dance|p1a: Mawile\n|-boost|p1a: Mawile|atk|2\n|\n|-weather|Sandstorm|[upkeep]\n|-damage|p2a: Summer Sky|94\/100|[from] Sandstorm\n|-heal|p2a: Summer Sky|100\/100|[from] item: Leftovers\n|upkeep\n|turn|9\n|\n|t:|1699988681\n|-terastallize|p2a: Summer Sky|Fire\n|move|p1a: Mawile|Ice Punch|p2a: Summer Sky\n|-resisted|p2a: Summer Sky\n|-damage|p2a: Summer Sky|52\/100\n|move|p2a: Summer Sky|Fire Blast|p1a: Mawile|[miss]\n|-miss|p2a: Summer Sky|p1a: Mawile\n|\n|-weather|Sandstorm|[upkeep]\n|-damage|p2a: Summer Sky|46\/100|[from] Sandstorm\n|-heal|p2a: Summer Sky|52\/100|[from] item: Leftovers\n|-fieldend|move: Trick Room\n|upkeep\n|turn|10\n|\n|t:|1699988687\n|move|p1a: Mawile|Sucker Punch|p2a: Summer Sky\n|-damage|p2a: Summer Sky|0 fnt\n|faint|p2a: Summer Sky\n|\n|-weather|Sandstorm|[upkeep]\n|upkeep\n|-message|RegiSauce forfeited.\n|\n|win|XLioneldoX\n|raw|XLioneldoX's rating: 1271 &rarr; <strong>1298<\/strong><br \/>(+27 for winning)\n|raw|RegiSauce's rating: 1305 &rarr; <strong>1283<\/strong><br \/>(-22 for losing)\n|l|\u2606RegiSauce\n","uploadtime":1699988700,"views":7,"p1id":"xlioneldox","p2id":"regisauce","formatid":"gen9nationaldex","rating":1283,"private":0,"password":""}