{"id":"gen9nationaldex-1994007442","p1":"topang567","p2":"wangziqiang","format":"[Gen 9] National Dex","log":"|j|\u2606topang567\n|j|\u2606wangziqiang\n|t:|1700392474\n|gametype|singles\n|player|p1|topang567|dancer|1090\n|player|p2|wangziqiang|1|1178\n|teamsize|p1|6\n|teamsize|p2|6\n|gen|9\n|tier|[Gen 9] National Dex\n|rated|\n|rule|HP Percentage Mod: HP is shown in percentages\n|rule|Endless Battle Clause: Forcing endless battles is banned\n|rule|OHKO Clause: OHKO moves are banned\n|rule|Evasion Clause: Evasion abilities, items, and moves are banned\n|rule|Evasion Abilities Clause: Evasion abilities are banned\n|rule|Evasion Items Clause: Evasion items are banned\n|rule|Evasion Moves Clause: Evasion moves are banned\n|rule|Species Clause: Limit one of each Pok\u00e9mon\n|rule|Sleep Clause Mod: Limit one foe put to sleep\n|clearpoke\n|poke|p1|Iron Moth|\n|poke|p1|Charizard, F|\n|poke|p1|Coalossal, F|\n|poke|p1|Blacephalon|\n|poke|p1|Blaziken, F|\n|poke|p1|Scovillain, M|\n|poke|p2|Garchomp, M|\n|poke|p2|Heatran, M|\n|poke|p2|Clodsire, M|\n|poke|p2|Tapu Koko|\n|poke|p2|Gliscor, F|\n|poke|p2|Charizard, M|\n|teampreview\n|\n|t:|1700392513\n|start\n|switch|p1a: cabronosal|Coalossal, F|100\/100\n|switch|p2a: Clodsire|Clodsire, M|100\/100\n|turn|1\n|l|\u2606wangziqiang\n|player|p2|\n|inactive|Battle timer is ON: inactive players will automatically lose when time's up. (requested by topang567)\n|j|\u2606wangziqiang\n|inactive|wangziqiang reconnected and has 140 seconds left.\n|player|p2|wangziqiang|1\n|\n|t:|1700392548\n|move|p1a: cabronosal|Earthquake|p2a: Clodsire\n|-supereffective|p2a: Clodsire\n|-crit|p2a: Clodsire\n|-damage|p2a: Clodsire|24\/100\n|move|p2a: Clodsire|Stealth Rock|p1a: cabronosal\n|-sidestart|p1: topang567|move: Stealth Rock\n|\n|-heal|p2a: Clodsire|30\/100|[from] item: Leftovers\n|upkeep\n|turn|2\n|\n|t:|1700392561\n|switch|p2a: Gliscor|Gliscor, F, shiny|100\/100\n|move|p1a: cabronosal|Iron Defense|p1a: cabronosal\n|-boost|p1a: cabronosal|def|2\n|\n|-status|p2a: Gliscor|tox|[from] item: Toxic Orb\n|upkeep\n|turn|3\n|\n|t:|1700392583\n|move|p2a: Gliscor|Earthquake|p1a: cabronosal\n|-supereffective|p1a: cabronosal\n|-damage|p1a: cabronosal|55\/100\n|move|p1a: cabronosal|Iron Defense|p1a: cabronosal\n|-boost|p1a: cabronosal|def|2\n|\n|upkeep\n|turn|4\n|\n|t:|1700392600\n|switch|p2a: Clodsire|Clodsire, M|30\/100\n|move|p1a: cabronosal|Body Press|p2a: Clodsire\n|-resisted|p2a: Clodsire\n|-damage|p2a: Clodsire|0 fnt\n|faint|p2a: Clodsire\n|\n|upkeep\n|inactive|wangziqiang has 120 seconds left.\n|\n|t:|1700392628\n|switch|p2a: Heatran|Heatran, M|100\/100\n|turn|5\n|inactive|wangziqiang has 120 seconds left.\n|\n|t:|1700392645\n|-terastallize|p1a: cabronosal|Fighting\n|move|p2a: Heatran|Earth Power|p1a: cabronosal\n|-damage|p1a: cabronosal|27\/100\n|move|p1a: cabronosal|Earthquake|p2a: Heatran\n|-supereffective|p2a: Heatran\n|-damage|p2a: Heatran|0 fnt\n|faint|p2a: Heatran\n|\n|upkeep\n|inactive|wangziqiang has 120 seconds left.\n|\n|t:|1700392661\n|switch|p2a: Tapu Koko|Tapu Koko, shiny|100\/100\n|-fieldstart|move: Electric Terrain|[from] ability: Electric Surge|[of] p2a: Tapu Koko\n|turn|6\n|inactive|topang567 has 120 seconds left.\n|\n|t:|1700392713\n|move|p2a: Tapu Koko|Volt Switch|p1a: cabronosal\n|-damage|p1a: cabronosal|0 fnt\n|faint|p1a: cabronosal\n|\n|t:|1700392720\n|switch|p2a: Gliscor|Gliscor, F, shiny|100\/100 tox|[from] Volt Switch\n|\n|upkeep\n|\n|t:|1700392726\n|switch|p1a: kfc|Blaziken, F|100\/100\n|turn|7\n|\n|t:|1700392732\n|move|p1a: kfc|Protect|p1a: kfc\n|-singleturn|p1a: kfc|Protect\n|move|p2a: Gliscor|Earthquake|p1a: kfc\n|-activate|p1a: kfc|move: Protect\n|\n|-ability|p1a: kfc|Speed Boost|boost\n|-boost|p1a: kfc|spe|1\n|upkeep\n|turn|8\n|l|\u2606wangziqiang\n|inactive|wangziqiang disconnected and has a minute to reconnect!\n|player|p2|\n|inactive|topang567 has 90 seconds left.\n|j|\u2606wangziqiang\n|inactive|wangziqiang reconnected.\n|player|p2|wangziqiang|1\n|inactive|topang567 has 60 seconds left.\n|\n|t:|1700392797\n|move|p1a: kfc|Knock Off|p2a: Gliscor\n|-damage|p2a: Gliscor|73\/100 tox\n|-enditem|p2a: Gliscor|Toxic Orb|[from] move: Knock Off|[of] p1a: kfc\n|move|p2a: Gliscor|Earthquake|p1a: kfc\n|-supereffective|p1a: kfc\n|-damage|p1a: kfc|0 fnt\n|faint|p1a: kfc\n|\n|-heal|p2a: Gliscor|85\/100 tox|[from] ability: Poison Heal\n|upkeep\n|\n|t:|1700392804\n|switch|p1a: Scovillain|Scovillain, M|100\/100\n|-damage|p1a: Scovillain|76\/100|[from] Stealth Rock\n|turn|9\n|\n|t:|1700392823\n|move|p1a: Scovillain|Energy Ball|p2a: Gliscor\n|-damage|p2a: Gliscor|48\/100 tox\n|move|p2a: Gliscor|Swords Dance|p2a: Gliscor\n|-boost|p2a: Gliscor|atk|2\n|\n|-heal|p2a: Gliscor|60\/100 tox|[from] ability: Poison Heal\n|upkeep\n|turn|10\n|inactive|topang567 has 60 seconds left.\n|\n|t:|1700392857\n|-terastallize|p2a: Gliscor|Fairy\n|move|p1a: Scovillain|Energy Ball|p2a: Gliscor\n|-damage|p2a: Gliscor|23\/100 tox\n|move|p2a: Gliscor|Earthquake|p1a: Scovillain\n|-damage|p1a: Scovillain|0 fnt\n|faint|p1a: Scovillain\n|\n|-heal|p2a: Gliscor|35\/100 tox|[from] ability: Poison Heal\n|-fieldend|move: Electric Terrain\n|upkeep\n|\n|t:|1700392865\n|switch|p1a: globitos durex|Blacephalon|100\/100\n|-damage|p1a: globitos durex|76\/100|[from] Stealth Rock\n|turn|11\n|\n|t:|1700392877\n|move|p1a: globitos durex|Fire Blast|p2a: Gliscor\n|-damage|p2a: Gliscor|0 fnt\n|faint|p2a: Gliscor\n|-ability|p1a: globitos durex|Beast Boost|boost\n|-boost|p1a: globitos durex|spa|1\n|\n|-heal|p1a: globitos durex|82\/100|[from] item: Leftovers\n|upkeep\n|inactive|wangziqiang has 120 seconds left.\n|\n|t:|1700392904\n|switch|p2a: Garchomp|Garchomp, M|100\/100\n|turn|12\n|inactive|wangziqiang has 120 seconds left.\n|inactive|topang567 has 60 seconds left.\n|l|\u2606wangziqiang\n|inactive|wangziqiang disconnected and has a minute to reconnect!\n|player|p2|\n|j|\u2606wangziqiang\n|inactive|wangziqiang reconnected and has 100 seconds left.\n|player|p2|wangziqiang|1\n|\n|t:|1700392939\n|move|p1a: globitos durex|Will-O-Wisp|p2a: Garchomp\n|-status|p2a: Garchomp|brn\n|move|p2a: Garchomp|Earthquake|p1a: globitos durex\n|-supereffective|p1a: globitos durex\n|-damage|p1a: globitos durex|0 fnt\n|faint|p1a: globitos durex\n|\n|-damage|p2a: Garchomp|94\/100 brn|[from] brn\n|upkeep\n|\n|t:|1700392947\n|switch|p1a: Dragon fake|Charizard, F|100\/100\n|-damage|p1a: Dragon fake|51\/100|[from] Stealth Rock\n|turn|13\n|\n|t:|1700392953\n|detailschange|p1a: Dragon fake|Charizard-Mega-X, F\n|-mega|p1a: Dragon fake|Charizard|Charizardite X\n|move|p2a: Garchomp|Scale Shot|p1a: Dragon fake\n|-supereffective|p1a: Dragon fake\n|-damage|p1a: Dragon fake|35\/100\n|-supereffective|p1a: Dragon fake\n|-damage|p1a: Dragon fake|20\/100\n|-supereffective|p1a: Dragon fake\n|-damage|p1a: Dragon fake|6\/100\n|-supereffective|p1a: Dragon fake\n|-damage|p1a: Dragon fake|0 fnt\n|faint|p1a: Dragon fake\n|-hitcount|p1: Dragon fake|4\n|-unboost|p2a: Garchomp|def|1\n|-boost|p2a: Garchomp|spe|1\n|\n|-damage|p2a: Garchomp|88\/100 brn|[from] brn\n|upkeep\n|\n|t:|1700392959\n|switch|p1a: Polilla|Iron Moth|100\/100\n|-damage|p1a: Polilla|76\/100|[from] Stealth Rock\n|-enditem|p1a: Polilla|Booster Energy\n|-activate|p1a: Polilla|ability: Quark Drive|[fromitem]\n|-start|p1a: Polilla|quarkdrivespa\n|turn|14\n|c|\u2606topang567|gg\n|l|\u2606wangziqiang\n|inactive|wangziqiang disconnected and has a minute to reconnect!\n|player|p2|\n|j|\u2606wangziqiang\n|inactive|wangziqiang reconnected and has 75 seconds left.\n|player|p2|wangziqiang|1\n|\n|t:|1700393009\n|move|p2a: Garchomp|Earthquake|p1a: Polilla\n|-supereffective|p1a: Polilla\n|-crit|p1a: Polilla\n|-damage|p1a: Polilla|0 fnt\n|faint|p1a: Polilla\n|-end|p1a: Polilla|Quark Drive|[silent]\n|\n|win|wangziqiang\n|raw|topang567's rating: 1090 &rarr; <strong>1072<\/strong><br \/>(-18 for losing)\n|raw|wangziqiang's rating: 1178 &rarr; <strong>1197<\/strong><br \/>(+19 for winning)\n|l|\u2606topang567\n","uploadtime":1700393019,"views":11,"p1id":"topang567","p2id":"wangziqiang","formatid":"gen9nationaldex","rating":1072,"private":0,"password":""}