{"id":"gen9nationaldex-1998484271","p1":"Shiesterrr","p2":"EclipseWave","format":"[Gen 9] National Dex","log":"|html|<div class=\"broadcast-blue\"><strong>[Gen 9] National Dex is currently suspecting Sneasler! For information on how to participate check out the <a href=\"https:\/\/www.smogon.com\/forums\/threads\/sv-national-dex-suspect-8-just-dance.3731534\/\">suspect thread<\/a>.<\/strong><\/div>\n|j|\u2606Shiesterrr\n|j|\u2606EclipseWave\n|t:|1700947531\n|gametype|singles\n|player|p1|Shiesterrr|ethan|1070\n|player|p2|EclipseWave|workerice|1068\n|teamsize|p1|6\n|teamsize|p2|6\n|gen|9\n|tier|[Gen 9] National Dex\n|rated|\n|rule|HP Percentage Mod: HP is shown in percentages\n|rule|Endless Battle Clause: Forcing endless battles is banned\n|rule|OHKO Clause: OHKO moves are banned\n|rule|Evasion Clause: Evasion abilities, items, and moves are banned\n|rule|Evasion Abilities Clause: Evasion abilities are banned\n|rule|Evasion Items Clause: Evasion items are banned\n|rule|Evasion Moves Clause: Evasion moves are banned\n|rule|Species Clause: Limit one of each Pok\u00e9mon\n|rule|Sleep Clause Mod: Limit one foe put to sleep\n|clearpoke\n|poke|p1|Medicham, M|\n|poke|p1|Ogerpon-Wellspring, F|\n|poke|p1|Slowking-Galar, F|\n|poke|p1|Clefable, M|\n|poke|p1|Heatran, F|\n|poke|p1|Landorus-Therian, M|\n|poke|p2|Comfey, M|\n|poke|p2|Arctozolt|\n|poke|p2|Ninetales-Alola, M|\n|poke|p2|Sceptile, M|\n|poke|p2|Wyrdeer, F|\n|poke|p2|Frosmoth, M|\n|teampreview\n|inactive|Battle timer is ON: inactive players will automatically lose when time's up. (requested by EclipseWave)\n|\n|t:|1700947544\n|start\n|switch|p1a: Landorus|Landorus-Therian, M, shiny|100\/100\n|switch|p2a: Ninetales|Ninetales-Alola, M|100\/100\n|-ability|p1a: Landorus|Intimidate|boost\n|-unboost|p2a: Ninetales|atk|1\n|-weather|Snow|[from] ability: Snow Warning|[of] p2a: Ninetales\n|turn|1\n|\n|t:|1700947556\n|move|p1a: Landorus|U-turn|p2a: Ninetales\n|-resisted|p2a: Ninetales\n|-damage|p2a: Ninetales|88\/100\n|\n|t:|1700947558\n|switch|p1a: Heatran|Heatran, F, shiny|100\/100|[from] U-turn\n|move|p2a: Ninetales|Aurora Veil|p2a: Ninetales\n|-sidestart|p2: EclipseWave|move: Aurora Veil\n|\n|-weather|Snow|[upkeep]\n|upkeep\n|turn|2\n|\n|t:|1700947567\n|move|p2a: Ninetales|Blizzard|p1a: Heatran\n|-resisted|p1a: Heatran\n|-damage|p1a: Heatran|94\/100\n|move|p1a: Heatran|Magma Storm|p2a: Ninetales\n|-supereffective|p2a: Ninetales\n|-damage|p2a: Ninetales|39\/100\n|-activate|p2a: Ninetales|move: Magma Storm|[of] p1a: Heatran\n|\n|-weather|Snow|[upkeep]\n|-heal|p1a: Heatran|100\/100|[from] item: Leftovers\n|-damage|p2a: Ninetales|27\/100|[from] move: Magma Storm|[partiallytrapped]\n|upkeep\n|turn|3\n|\n|t:|1700947573\n|move|p2a: Ninetales|Draining Kiss|p1a: Heatran\n|-resisted|p1a: Heatran\n|-crit|p1a: Heatran\n|-damage|p1a: Heatran|96\/100\n|-heal|p2a: Ninetales|31\/100|[from] drain|[of] p1a: Heatran\n|move|p1a: Heatran|Stealth Rock|p2a: Ninetales\n|-sidestart|p2: EclipseWave|move: Stealth Rock\n|\n|-weather|Snow|[upkeep]\n|-heal|p1a: Heatran|100\/100|[from] item: Leftovers\n|-damage|p2a: Ninetales|19\/100|[from] move: Magma Storm|[partiallytrapped]\n|upkeep\n|turn|4\n|\n|t:|1700947576\n|move|p2a: Ninetales|Draining Kiss|p1a: Heatran\n|-resisted|p1a: Heatran\n|-damage|p1a: Heatran|97\/100\n|-heal|p2a: Ninetales|22\/100|[from] drain|[of] p1a: Heatran\n|move|p1a: Heatran|Taunt|p2a: Ninetales\n|-start|p2a: Ninetales|move: Taunt\n|\n|-weather|Snow|[upkeep]\n|-heal|p1a: Heatran|100\/100|[from] item: Leftovers\n|-damage|p2a: Ninetales|10\/100|[from] move: Magma Storm|[partiallytrapped]\n|upkeep\n|turn|5\n|\n|t:|1700947580\n|move|p2a: Ninetales|Draining Kiss|p1a: Heatran\n|-resisted|p1a: Heatran\n|-damage|p1a: Heatran|98\/100\n|-heal|p2a: Ninetales|12\/100|[from] drain|[of] p1a: Heatran\n|move|p1a: Heatran|Earth Power|p2a: Ninetales\n|-damage|p2a: Ninetales|0 fnt\n|faint|p2a: Ninetales\n|\n|-weather|none\n|-heal|p1a: Heatran|100\/100|[from] item: Leftovers\n|upkeep\n|\n|t:|1700947582\n|switch|p2a: Arctozolt|Arctozolt|100\/100\n|-damage|p2a: Arctozolt|76\/100|[from] Stealth Rock\n|turn|6\n|\n|t:|1700947585\n|move|p2a: Arctozolt|Bolt Beak|p1a: Heatran\n|-damage|p1a: Heatran|38\/100\n|move|p1a: Heatran|Magma Storm|p2a: Arctozolt\n|-supereffective|p2a: Arctozolt\n|-damage|p2a: Arctozolt|21\/100\n|-activate|p2a: Arctozolt|move: Magma Storm|[of] p1a: Heatran\n|\n|-heal|p1a: Heatran|44\/100|[from] item: Leftovers\n|-damage|p2a: Arctozolt|9\/100|[from] move: Magma Storm|[partiallytrapped]\n|upkeep\n|turn|7\n|\n|t:|1700947589\n|switch|p1a: Landorus|Landorus-Therian, M, shiny|100\/100\n|-ability|p1a: Landorus|Intimidate|boost\n|-unboost|p2a: Arctozolt|atk|1\n|move|p2a: Arctozolt|Bolt Beak|p1a: Landorus\n|-immune|p1a: Landorus\n|\n|-end|p2a: Arctozolt|Magma Storm|[partiallytrapped]|[silent]\n|upkeep\n|turn|8\n|\n|t:|1700947594\n|switch|p2a: Sceptile|Sceptile, M|100\/100\n|-damage|p2a: Sceptile|88\/100|[from] Stealth Rock\n|move|p1a: Landorus|U-turn|p2a: Sceptile\n|-supereffective|p2a: Sceptile\n|-damage|p2a: Sceptile|52\/100\n|\n|t:|1700947600\n|switch|p1a: Medicham|Medicham, M, shiny|100\/100|[from] U-turn\n|\n|-sideend|p2: EclipseWave|move: Aurora Veil\n|upkeep\n|turn|9\n|\n|t:|1700947606\n|detailschange|p2a: Sceptile|Sceptile-Mega, M\n|-mega|p2a: Sceptile|Sceptile|Sceptilite\n|detailschange|p1a: Medicham|Medicham-Mega, M, shiny\n|-mega|p1a: Medicham|Medicham|Medichamite\n|move|p1a: Medicham|Fake Out|p2a: Sceptile\n|-damage|p2a: Sceptile|16\/100\n|cant|p2a: Sceptile|flinch\n|\n|upkeep\n|turn|10\n|\n|t:|1700947613\n|move|p1a: Medicham|Bullet Punch|p2a: Sceptile\n|-damage|p2a: Sceptile|0 fnt\n|faint|p2a: Sceptile\n|\n|upkeep\n|\n|t:|1700947619\n|switch|p2a: Comfey|Comfey, M|100\/100\n|-damage|p2a: Comfey|88\/100|[from] Stealth Rock\n|turn|11\n|\n|t:|1700947623\n|switch|p1a: Heatran|Heatran, F, shiny|44\/100\n|move|p2a: Comfey|Draining Kiss|p1a: Heatran\n|-resisted|p1a: Heatran\n|-damage|p1a: Heatran|40\/100\n|-heal|p2a: Comfey|94\/100|[from] drain|[of] p1a: Heatran\n|-damage|p2a: Comfey|84\/100|[from] item: Life Orb\n|\n|-heal|p1a: Heatran|46\/100|[from] item: Leftovers\n|upkeep\n|turn|12\n|c|\u2606EclipseWave|damn\n|c|\u2606Shiesterrr|my fault g\n|c|\u2606EclipseWave|merry early christmas tho\n|c|\u2606Shiesterrr|u2 man\n|c|\u2606EclipseWave|trying out a christmas team\n|c|\u2606Shiesterrr|nice nice\n|c|\u2606EclipseWave|gotta rework it lel\n|inactive|EclipseWave has 120 seconds left.\n|c|\u2606Shiesterrr|yea im just chilling lmfaoo\n|\n|t:|1700947655\n|move|p2a: Comfey|Calm Mind|p2a: Comfey\n|-boost|p2a: Comfey|spa|1\n|-boost|p2a: Comfey|spd|1\n|move|p1a: Heatran|Magma Storm|p2a: Comfey\n|-damage|p2a: Comfey|45\/100\n|-activate|p2a: Comfey|move: Magma Storm|[of] p1a: Heatran\n|\n|-heal|p1a: Heatran|52\/100|[from] item: Leftovers\n|-damage|p2a: Comfey|33\/100|[from] move: Magma Storm|[partiallytrapped]\n|upkeep\n|turn|13\n|c|\u2606Shiesterrr|nice team doe\n|\n|t:|1700947660\n|move|p2a: Comfey|Leech Seed|p1a: Heatran|[miss]\n|-miss|p2a: Comfey|p1a: Heatran\n|move|p1a: Heatran|Earth Power|p2a: Comfey\n|-damage|p2a: Comfey|10\/100\n|\n|-heal|p1a: Heatran|59\/100|[from] item: Leftovers\n|-damage|p2a: Comfey|0 fnt|[from] move: Magma Storm|[partiallytrapped]\n|faint|p2a: Comfey\n|upkeep\n|\n|t:|1700947662\n|switch|p2a: Wyrdeer|Wyrdeer, F|100\/100\n|-damage|p2a: Wyrdeer|88\/100|[from] Stealth Rock\n|-ability|p2a: Wyrdeer|Intimidate|boost\n|-unboost|p1a: Heatran|atk|1\n|turn|14\n|\n|t:|1700947665\n|move|p1a: Heatran|Magma Storm|p2a: Wyrdeer\n|-damage|p2a: Wyrdeer|48\/100\n|-activate|p2a: Wyrdeer|move: Magma Storm|[of] p1a: Heatran\n|move|p2a: Wyrdeer|Earth Power|p1a: Heatran\n|-supereffective|p1a: Heatran\n|-damage|p1a: Heatran|0 fnt\n|faint|p1a: Heatran\n|\n|-heal|p2a: Wyrdeer|54\/100|[from] item: Leftovers\n|-end|p2a: Wyrdeer|Magma Storm|[partiallytrapped]|[silent]\n|upkeep\n|\n|t:|1700947669\n|switch|p1a: Ogerpon|Ogerpon-Wellspring, F|100\/100\n|turn|15\n|\n|t:|1700947674\n|-terastallize|p1a: Ogerpon|Water\n|detailschange|p1a: Ogerpon|Ogerpon-Wellspring-Tera, F, tera:Water\n|-ability|p1a: Ogerpon|Embody Aspect (Wellspring)|boost\n|-boost|p1a: Ogerpon|spd|1\n|move|p1a: Ogerpon|Ivy Cudgel|p2a: Wyrdeer|[anim] Ivy Cudgel Water\n|-damage|p2a: Wyrdeer|0 fnt\n|faint|p2a: Wyrdeer\n|\n|upkeep\n|\n|t:|1700947676\n|switch|p2a: Frosmoth|Frosmoth, M|100\/100\n|-damage|p2a: Frosmoth|51\/100|[from] Stealth Rock\n|turn|16\n|\n|t:|1700947680\n|move|p1a: Ogerpon|Ivy Cudgel|p2a: Frosmoth|[anim] Ivy Cudgel Water\n|-damage|p2a: Frosmoth|0 fnt\n|faint|p2a: Frosmoth\n|\n|upkeep\n|\n|t:|1700947682\n|switch|p2a: Arctozolt|Arctozolt|9\/100\n|-damage|p2a: Arctozolt|0 fnt|[from] Stealth Rock\n|faint|p2a: Arctozolt\n|\n|win|Shiesterrr\n|raw|Shiesterrr's rating: 1070 &rarr; <strong>1099<\/strong><br \/>(+29 for winning)\n|raw|EclipseWave's rating: 1068 &rarr; <strong>1048<\/strong><br \/>(-20 for losing)\n|c|\u2606Shiesterrr|gg\n|c|\u2606Shiesterrr|have a good one\n|c|\u2606EclipseWave|gg\n|c|\u2606EclipseWave|u2\n","uploadtime":1700947693,"views":4,"p1id":"shiesterrr","p2id":"eclipsewave","formatid":"gen9nationaldex","rating":1048,"private":0,"password":""}