{"id":"gen9nationaldex-1992406492","p1":"CommonBaxcaliburW","p2":"StealthBox","format":"[Gen 9] National Dex","log":"|j|\u2606CommonBaxcaliburW\n|j|\u2606StealthBox\n|t:|1700183887\n|gametype|singles\n|player|p1|CommonBaxcaliburW|whitney|1219\n|player|p2|StealthBox|hilbert|1285\n|teamsize|p1|6\n|teamsize|p2|6\n|gen|9\n|tier|[Gen 9] National Dex\n|rated|\n|rule|HP Percentage Mod: HP is shown in percentages\n|rule|Endless Battle Clause: Forcing endless battles is banned\n|rule|OHKO Clause: OHKO moves are banned\n|rule|Evasion Clause: Evasion abilities, items, and moves are banned\n|rule|Evasion Abilities Clause: Evasion abilities are banned\n|rule|Evasion Items Clause: Evasion items are banned\n|rule|Evasion Moves Clause: Evasion moves are banned\n|rule|Species Clause: Limit one of each Pok\u00e9mon\n|rule|Sleep Clause Mod: Limit one foe put to sleep\n|clearpoke\n|poke|p1|Weavile, M|\n|poke|p1|Samurott-Hisui, M|\n|poke|p1|Scizor, M|\n|poke|p1|Rillaboom, M|\n|poke|p1|Blacephalon|\n|poke|p1|Urshifu-*, M|\n|poke|p2|Sceptile, M|\n|poke|p2|Garchomp, F|\n|poke|p2|Magnezone|\n|poke|p2|Slowking, F|\n|poke|p2|Mandibuzz, F|\n|poke|p2|Infernape, F|\n|teampreview\n|inactive|Battle timer is ON: inactive players will automatically lose when time's up. (requested by CommonBaxcaliburW)\n|\n|t:|1700183906\n|start\n|switch|p1a: Samurott|Samurott-Hisui, M|100\/100\n|switch|p2a: Infernape|Infernape, F|100\/100\n|turn|1\n|\n|t:|1700183917\n|switch|p2a: Mandibuzz|Mandibuzz, F|100\/100\n|move|p1a: Samurott|Ceaseless Edge|p2a: Mandibuzz\n|-resisted|p2a: Mandibuzz\n|-damage|p2a: Mandibuzz|86\/100\n|-damage|p1a: Samurott|84\/100|[from] item: Rocky Helmet|[of] p2a: Mandibuzz\n|-sidestart|p2: StealthBox|Spikes\n|\n|upkeep\n|turn|2\n|\n|t:|1700183926\n|move|p1a: Samurott|Ceaseless Edge|p2a: Mandibuzz\n|-resisted|p2a: Mandibuzz\n|-damage|p2a: Mandibuzz|71\/100\n|-damage|p1a: Samurott|67\/100|[from] item: Rocky Helmet|[of] p2a: Mandibuzz\n|-sidestart|p2: StealthBox|Spikes\n|move|p2a: Mandibuzz|Foul Play|p1a: Samurott\n|-resisted|p1a: Samurott\n|-damage|p1a: Samurott|37\/100\n|\n|upkeep\n|turn|3\n|\n|t:|1700183941\n|move|p1a: Samurott|Razor Shell|p2a: Mandibuzz\n|-damage|p2a: Mandibuzz|38\/100\n|-unboost|p2a: Mandibuzz|def|1\n|-damage|p1a: Samurott|21\/100|[from] item: Rocky Helmet|[of] p2a: Mandibuzz\n|move|p2a: Mandibuzz|Foul Play|p1a: Samurott\n|-resisted|p1a: Samurott\n|-damage|p1a: Samurott|0 fnt\n|faint|p1a: Samurott\n|\n|upkeep\n|\n|t:|1700183945\n|switch|p1a: Weavile|Weavile, M|100\/100\n|-ability|p1a: Weavile|Pressure\n|turn|4\n|inactive|StealthBox has 120 seconds left.\n|\n|t:|1700183979\n|switch|p2a: Magnezone|Magnezone|100\/100\n|-damage|p2a: Magnezone|84\/100|[from] Spikes\n|move|p1a: Weavile|Swords Dance|p1a: Weavile\n|-boost|p1a: Weavile|atk|2\n|\n|upkeep\n|turn|5\n|\n|t:|1700183987\n|move|p1a: Weavile|Low Kick|p2a: Magnezone\n|-supereffective|p2a: Magnezone\n|-damage|p2a: Magnezone|0 fnt\n|faint|p2a: Magnezone\n|\n|upkeep\n|inactive|StealthBox has 120 seconds left.\n|\n|t:|1700183998\n|switch|p2a: Infernape|Infernape, F|100\/100\n|-damage|p2a: Infernape|84\/100|[from] Spikes\n|turn|6\n|inactive|StealthBox has 120 seconds left.\n|\n|t:|1700184013\n|move|p1a: Weavile|Knock Off|p2a: Infernape\n|-resisted|p2a: Infernape\n|-damage|p2a: Infernape|4\/100\n|-enditem|p2a: Infernape|Life Orb|[from] move: Knock Off|[of] p1a: Weavile\n|move|p2a: Infernape|Fire Punch|p1a: Weavile\n|-supereffective|p1a: Weavile\n|-enditem|p1a: Weavile|Focus Sash\n|-damage|p1a: Weavile|1\/100\n|\n|upkeep\n|turn|7\n|\n|t:|1700184021\n|move|p2a: Infernape|Mach Punch|p1a: Weavile\n|-supereffective|p1a: Weavile\n|-damage|p1a: Weavile|0 fnt\n|faint|p1a: Weavile\n|\n|upkeep\n|\n|t:|1700184029\n|switch|p1a: Scizor|Scizor, M|100\/100\n|turn|8\n|\n|t:|1700184032\n|move|p2a: Infernape|Mach Punch|p1a: Scizor\n|-damage|p1a: Scizor|81\/100\n|move|p1a: Scizor|Bullet Punch|p2a: Infernape\n|-resisted|p2a: Infernape\n|-damage|p2a: Infernape|0 fnt\n|faint|p2a: Infernape\n|\n|upkeep\n|\n|t:|1700184039\n|switch|p2a: Mandibuzz|Mandibuzz, F|38\/100\n|turn|9\n|\n|t:|1700184049\n|move|p2a: Mandibuzz|Roost|p2a: Mandibuzz\n|-heal|p2a: Mandibuzz|88\/100\n|-singleturn|p2a: Mandibuzz|move: Roost\n|move|p1a: Scizor|Swords Dance|p1a: Scizor\n|-boost|p1a: Scizor|atk|2\n|\n|upkeep\n|turn|10\n|\n|t:|1700184058\n|detailschange|p1a: Scizor|Scizor-Mega, M\n|-mega|p1a: Scizor|Scizor|Scizorite\n|move|p2a: Mandibuzz|Defog|p1a: Scizor\n|-unboost|p1a: Scizor|evasion|1\n|-sideend|p2: StealthBox|Spikes|[from] move: Defog|[of] p2a: Mandibuzz\n|move|p1a: Scizor|Bug Bite|p2a: Mandibuzz\n|-damage|p2a: Mandibuzz|13\/100\n|-damage|p1a: Scizor|64\/100|[from] item: Rocky Helmet|[of] p2a: Mandibuzz\n|\n|upkeep\n|turn|11\n|\n|t:|1700184081\n|move|p2a: Mandibuzz|Foul Play|p1a: Scizor\n|-crit|p1a: Scizor\n|-damage|p1a: Scizor|0 fnt\n|faint|p1a: Scizor\n|\n|upkeep\n|\n|t:|1700184085\n|switch|p1a: Urshifu|Urshifu-Rapid-Strike, M|100\/100\n|turn|12\n|\n|t:|1700184094\n|move|p1a: Urshifu|Surging Strikes|p2a: Mandibuzz\n|-crit|p2a: Mandibuzz\n|-damage|p2a: Mandibuzz|0 fnt\n|-damage|p1a: Urshifu|84\/100|[from] item: Rocky Helmet|[of] p2a: Mandibuzz\n|faint|p2a: Mandibuzz\n|-hitcount|p2: Mandibuzz|1\n|\n|upkeep\n|\n|t:|1700184103\n|switch|p2a: Sceptile|Sceptile, M|100\/100\n|turn|13\n|\n|t:|1700184119\n|detailschange|p2a: Sceptile|Sceptile-Mega, M\n|-mega|p2a: Sceptile|Sceptile|Sceptilite\n|-terastallize|p1a: Urshifu|Fighting\n|move|p2a: Sceptile|Dragon Pulse|p1a: Urshifu\n|-damage|p1a: Urshifu|11\/100\n|move|p1a: Urshifu|Poison Jab|p2a: Sceptile\n|-supereffective|p2a: Sceptile\n|-damage|p2a: Sceptile|12\/100\n|\n|upkeep\n|turn|14\n|\n|t:|1700184129\n|move|p1a: Urshifu|Aqua Jet|p2a: Sceptile\n|-resisted|p2a: Sceptile\n|-damage|p2a: Sceptile|2\/100\n|move|p2a: Sceptile|Energy Ball|p1a: Urshifu\n|-damage|p1a: Urshifu|0 fnt\n|faint|p1a: Urshifu\n|\n|upkeep\n|\n|t:|1700184135\n|switch|p1a: Rillaboom|Rillaboom, M|100\/100\n|-fieldstart|move: Grassy Terrain|[from] ability: Grassy Surge|[of] p1a: Rillaboom\n|turn|15\n|\n|t:|1700184151\n|move|p2a: Sceptile|Protect|p2a: Sceptile\n|-singleturn|p2a: Sceptile|Protect\n|move|p1a: Rillaboom|Grassy Glide|p2a: Sceptile\n|-activate|p2a: Sceptile|move: Protect\n|\n|-heal|p2a: Sceptile|8\/100|[from] Grassy Terrain\n|upkeep\n|turn|16\n|\n|t:|1700184162\n|move|p2a: Sceptile|Dragon Pulse|p1a: Rillaboom\n|-damage|p1a: Rillaboom|33\/100\n|move|p1a: Rillaboom|Knock Off|p2a: Sceptile\n|-damage|p2a: Sceptile|0 fnt\n|faint|p2a: Sceptile\n|\n|-heal|p1a: Rillaboom|40\/100|[from] Grassy Terrain\n|upkeep\n|\n|t:|1700184172\n|switch|p2a: Garchomp|Garchomp, F|100\/100\n|turn|17\n|\n|t:|1700184179\n|move|p1a: Rillaboom|Grassy Glide|p2a: Garchomp\n|-damage|p2a: Garchomp|63\/100\n|-damage|p1a: Rillaboom|27\/100|[from] ability: Rough Skin|[of] p2a: Garchomp\n|move|p2a: Garchomp|Outrage|p1a: Rillaboom\n|-damage|p1a: Rillaboom|0 fnt\n|faint|p1a: Rillaboom\n|\n|-heal|p2a: Garchomp|69\/100|[from] Grassy Terrain\n|upkeep\n|\n|t:|1700184181\n|switch|p1a: Blacephalon|Blacephalon|100\/100\n|turn|18\n|\n|t:|1700184190\n|move|p2a: Garchomp|Outrage|p1a: Blacephalon|[from]lockedmove\n|-enditem|p1a: Blacephalon|Focus Sash\n|-damage|p1a: Blacephalon|1\/100\n|-start|p2a: Garchomp|confusion|[fatigue]\n|move|p1a: Blacephalon|Shadow Ball|p2a: Garchomp\n|-damage|p2a: Garchomp|22\/100\n|\n|-heal|p2a: Garchomp|29\/100|[from] Grassy Terrain\n|-heal|p1a: Blacephalon|7\/100|[from] Grassy Terrain\n|upkeep\n|turn|19\n|\n|t:|1700184201\n|-activate|p2a: Garchomp|confusion\n|move|p2a: Garchomp|Outrage|p1a: Blacephalon\n|-damage|p1a: Blacephalon|0 fnt\n|faint|p1a: Blacephalon\n|\n|win|StealthBox\n|raw|CommonBaxcaliburW's rating: 1219 &rarr; <strong>1199<\/strong><br \/>(-20 for losing)\n|raw|StealthBox's rating: 1285 &rarr; <strong>1305<\/strong><br \/>(+20 for winning)\n|l|\u2606CommonBaxcaliburW\n","uploadtime":1700184217,"views":7,"p1id":"commonbaxcaliburw","p2id":"stealthbox","formatid":"gen9nationaldex","rating":1199,"private":0,"password":""}