{"id":"gen9nationaldex-1992528505","p1":"MMQZA7","p2":"Balazs1102","format":"[Gen 9] National Dex","log":"|j|\u2606MMQZA7\n|j|\u2606Balazs1102\n|t:|1700200098\n|gametype|singles\n|player|p1|MMQZA7|170|1526\n|player|p2|Balazs1102|jogger|1473\n|teamsize|p1|6\n|teamsize|p2|6\n|gen|9\n|tier|[Gen 9] National Dex\n|rated|\n|rule|HP Percentage Mod: HP is shown in percentages\n|rule|Endless Battle Clause: Forcing endless battles is banned\n|rule|OHKO Clause: OHKO moves are banned\n|rule|Evasion Clause: Evasion abilities, items, and moves are banned\n|rule|Evasion Abilities Clause: Evasion abilities are banned\n|rule|Evasion Items Clause: Evasion items are banned\n|rule|Evasion Moves Clause: Evasion moves are banned\n|rule|Species Clause: Limit one of each Pok\u00e9mon\n|rule|Sleep Clause Mod: Limit one foe put to sleep\n|clearpoke\n|poke|p1|Swellow, F|\n|poke|p1|Lopunny, F|\n|poke|p1|Garchomp, F|\n|poke|p1|Corviknight, M|\n|poke|p1|Clodsire, F|\n|poke|p1|Ogerpon-Cornerstone, F|\n|poke|p2|Galvantula, M|\n|poke|p2|Mawile, F|\n|poke|p2|Goodra-Hisui, M|\n|poke|p2|Articuno-Galar|\n|poke|p2|Tsareena, F|\n|poke|p2|Arcanine-Hisui, M|\n|teampreview\n|inactive|Battle timer is ON: inactive players will automatically lose when time's up. (requested by Balazs1102)\n|c|\u2606Balazs1102|gl\n|\n|t:|1700200110\n|start\n|switch|p1a: Lopunny|Lopunny, F|100\/100\n|switch|p2a: Alactria|Mawile, F|100\/100\n|-ability|p2a: Alactria|Intimidate|boost\n|-unboost|p1a: Lopunny|atk|1\n|turn|1\n|\n|t:|1700200117\n|switch|p2a: Charlotte|Tsareena, F|100\/100\n|detailschange|p1a: Lopunny|Lopunny-Mega, F\n|-mega|p1a: Lopunny|Lopunny|Lopunnite\n|move|p1a: Lopunny|Fake Out||[still]\n|cant|p2a: Charlotte|ability: Queenly Majesty|Fake Out|[of] p1a: Lopunny\n|\n|upkeep\n|turn|2\n|\n|t:|1700200125\n|switch|p1a: Corviknight|Corviknight, M|100\/100\n|-ability|p1a: Corviknight|Pressure\n|switch|p2a: Alactria|Mawile, F|100\/100\n|-ability|p2a: Alactria|Intimidate|boost\n|-unboost|p1a: Corviknight|atk|1\n|\n|upkeep\n|turn|3\n|\n|t:|1700200145\n|switch|p2a: Azure|Goodra-Hisui, M|100\/100\n|move|p1a: Corviknight|Body Press|p2a: Azure\n|-supereffective|p2a: Azure\n|-damage|p2a: Azure|58\/100\n|-ability|p2a: Azure|Gooey\n|-unboost|p1a: Corviknight|spe|1\n|\n|-heal|p2a: Azure|64\/100|[from] item: Leftovers\n|upkeep\n|turn|4\n|\n|t:|1700200152\n|switch|p1a: Clodsire|Clodsire, F|100\/100\n|move|p2a: Azure|Acid Armor|p2a: Azure\n|-boost|p2a: Azure|def|2\n|\n|-heal|p2a: Azure|70\/100|[from] item: Leftovers\n|upkeep\n|turn|5\n|\n|t:|1700200158\n|switch|p2a: Sibyl|Articuno-Galar|100\/100\n|move|p1a: Clodsire|Stealth Rock|p2a: Sibyl\n|-sidestart|p2: Balazs1102|move: Stealth Rock\n|\n|upkeep\n|turn|6\n|\n|t:|1700200168\n|switch|p1a: Corviknight|Corviknight, M|100\/100\n|-ability|p1a: Corviknight|Pressure\n|move|p2a: Sibyl|Freezing Glare|p1a: Corviknight\n|-resisted|p1a: Corviknight\n|-damage|p1a: Corviknight|65\/100\n|\n|upkeep\n|turn|7\n|\n|t:|1700200171\n|move|p2a: Sibyl|Freezing Glare|p1a: Corviknight\n|-resisted|p1a: Corviknight\n|-damage|p1a: Corviknight|33\/100\n|move|p1a: Corviknight|Roost|p1a: Corviknight\n|-heal|p1a: Corviknight|83\/100\n|-singleturn|p1a: Corviknight|move: Roost\n|\n|upkeep\n|turn|8\n|\n|t:|1700200175\n|move|p2a: Sibyl|Freezing Glare|p1a: Corviknight\n|-resisted|p1a: Corviknight\n|-damage|p1a: Corviknight|50\/100\n|move|p1a: Corviknight|Roost|p1a: Corviknight\n|-heal|p1a: Corviknight|99\/100\n|-singleturn|p1a: Corviknight|move: Roost\n|\n|upkeep\n|turn|9\n|\n|t:|1700200179\n|move|p2a: Sibyl|Freezing Glare|p1a: Corviknight\n|-resisted|p1a: Corviknight\n|-damage|p1a: Corviknight|68\/100\n|move|p1a: Corviknight|U-turn|p2a: Sibyl\n|-damage|p2a: Sibyl|84\/100\n|l|\u2606MMQZA7\n|inactive|MMQZA7 disconnected and has a minute to reconnect!\n|player|p1|\n|j|\u2606MMQZA7\n|inactive|MMQZA7 reconnected and has 120 seconds left.\n|player|p1|MMQZA7|170\n|\n|t:|1700200221\n|switch|p1a: Swellow|Swellow, F|100\/100|[from] U-turn\n|\n|upkeep\n|turn|10\n|\n|t:|1700200225\n|-terastallize|p1a: Swellow|Normal\n|move|p1a: Swellow|Boomburst|p2a: Sibyl\n|-damage|p2a: Sibyl|0 fnt\n|faint|p2a: Sibyl\n|\n|upkeep\n|\n|t:|1700200230\n|switch|p2a: Azure|Goodra-Hisui, M|70\/100\n|-damage|p2a: Azure|64\/100|[from] Stealth Rock\n|turn|11\n|\n|t:|1700200236\n|switch|p1a: Ogerpon|Ogerpon-Cornerstone, F|100\/100\n|move|p2a: Azure|Body Press|p1a: Ogerpon\n|-supereffective|p1a: Ogerpon\n|-damage|p1a: Ogerpon|45\/100\n|\n|-heal|p2a: Azure|70\/100|[from] item: Leftovers\n|upkeep\n|turn|12\n|\n|t:|1700200243\n|move|p1a: Ogerpon|U-turn|p2a: Azure\n|-resisted|p2a: Azure\n|-damage|p2a: Azure|59\/100\n|-ability|p2a: Azure|Gooey\n|-unboost|p1a: Ogerpon|spe|1\n|\n|t:|1700200254\n|switch|p1a: Clodsire|Clodsire, F|100\/100|[from] U-turn\n|move|p2a: Azure|Body Press|p1a: Clodsire\n|-resisted|p1a: Clodsire\n|-damage|p1a: Clodsire|88\/100\n|\n|-heal|p2a: Azure|65\/100|[from] item: Leftovers\n|-heal|p1a: Clodsire|94\/100|[from] item: Leftovers\n|upkeep\n|turn|13\n|\n|t:|1700200262\n|move|p2a: Azure|Dragon Pulse|p1a: Clodsire\n|-damage|p1a: Clodsire|78\/100\n|move|p1a: Clodsire|Earthquake|p2a: Azure\n|-supereffective|p2a: Azure\n|-damage|p2a: Azure|18\/100\n|\n|-heal|p2a: Azure|24\/100|[from] item: Leftovers\n|-heal|p1a: Clodsire|84\/100|[from] item: Leftovers\n|upkeep\n|turn|14\n|\n|t:|1700200266\n|move|p2a: Azure|Dragon Pulse|p1a: Clodsire\n|-damage|p1a: Clodsire|69\/100\n|move|p1a: Clodsire|Earthquake|p2a: Azure\n|-supereffective|p2a: Azure\n|-damage|p2a: Azure|0 fnt\n|faint|p2a: Azure\n|\n|-heal|p1a: Clodsire|75\/100|[from] item: Leftovers\n|upkeep\n|\n|t:|1700200269\n|switch|p2a: Charlotte|Tsareena, F|100\/100\n|-damage|p2a: Charlotte|88\/100|[from] Stealth Rock\n|turn|15\n|\n|t:|1700200276\n|switch|p1a: Corviknight|Corviknight, M|68\/100\n|-ability|p1a: Corviknight|Pressure\n|move|p2a: Charlotte|Rapid Spin|p1a: Corviknight\n|-resisted|p1a: Corviknight\n|-damage|p1a: Corviknight|62\/100\n|-boost|p2a: Charlotte|spe|1\n|-damage|p2a: Charlotte|71\/100|[from] item: Rocky Helmet|[of] p1a: Corviknight\n|-sideend|p2: Balazs1102|Stealth Rock|[from] move: Rapid Spin|[of] p2a: Charlotte\n|\n|upkeep\n|turn|16\n|\n|t:|1700200285\n|switch|p2a: Alactria|Mawile, F|100\/100\n|-ability|p2a: Alactria|Intimidate|boost\n|-unboost|p1a: Corviknight|atk|1\n|move|p1a: Corviknight|U-turn|p2a: Alactria\n|-resisted|p2a: Alactria\n|-damage|p2a: Alactria|97\/100\n|\n|t:|1700200288\n|switch|p1a: Garchomp|Garchomp, F|100\/100|[from] U-turn\n|\n|upkeep\n|turn|17\n|\n|t:|1700200297\n|switch|p2a: Charlotte|Tsareena, F|71\/100\n|move|p1a: Garchomp|Earthquake|p2a: Charlotte\n|-resisted|p2a: Charlotte\n|-damage|p2a: Charlotte|46\/100\n|\n|upkeep\n|turn|18\n|\n|t:|1700200312\n|switch|p1a: Corviknight|Corviknight, M|62\/100\n|-ability|p1a: Corviknight|Pressure\n|move|p2a: Charlotte|Triple Axel|p1a: Corviknight\n|-damage|p1a: Corviknight|58\/100\n|-damage|p2a: Charlotte|29\/100|[from] item: Rocky Helmet|[of] p1a: Corviknight\n|-damage|p1a: Corviknight|49\/100\n|-damage|p2a: Charlotte|13\/100|[from] item: Rocky Helmet|[of] p1a: Corviknight\n|-damage|p1a: Corviknight|35\/100\n|-damage|p2a: Charlotte|0 fnt|[from] item: Rocky Helmet|[of] p1a: Corviknight\n|faint|p2a: Charlotte\n|-hitcount|p1a: Corviknight|3\n|\n|upkeep\n|\n|t:|1700200315\n|switch|p2a: Smolder|Arcanine-Hisui, M|100\/100\n|turn|19\n|\n|t:|1700200323\n|switch|p1a: Clodsire|Clodsire, F|75\/100\n|move|p2a: Smolder|Flare Blitz|p1a: Clodsire\n|-crit|p1a: Clodsire\n|-damage|p1a: Clodsire|0 fnt\n|faint|p1a: Clodsire\n|\n|upkeep\n|\n|t:|1700200328\n|switch|p1a: Garchomp|Garchomp, F|100\/100\n|turn|20\n|\n|t:|1700200331\n|-terastallize|p2a: Smolder|Normal\n|move|p1a: Garchomp|Earthquake|p2a: Smolder\n|-damage|p2a: Smolder|31\/100\n|move|p2a: Smolder|Flare Blitz|p1a: Garchomp\n|-resisted|p1a: Garchomp\n|-damage|p1a: Garchomp|61\/100\n|-damage|p2a: Smolder|19\/100|[from] ability: Rough Skin|[of] p1a: Garchomp\n|\n|upkeep\n|turn|21\n|\n|t:|1700200339\n|move|p1a: Garchomp|Earthquake|p2a: Smolder\n|-damage|p2a: Smolder|0 fnt\n|faint|p2a: Smolder\n|\n|upkeep\n|\n|t:|1700200341\n|switch|p2a: Alactria|Mawile, F|97\/100\n|-ability|p2a: Alactria|Intimidate|boost\n|-unboost|p1a: Garchomp|atk|1\n|turn|22\n|\n|t:|1700200349\n|detailschange|p2a: Alactria|Mawile-Mega, F\n|-mega|p2a: Alactria|Mawile|Mawilite\n|move|p1a: Garchomp|Earthquake|p2a: Alactria\n|-supereffective|p2a: Alactria\n|-damage|p2a: Alactria|30\/100\n|move|p2a: Alactria|Play Rough|p1a: Garchomp\n|-supereffective|p1a: Garchomp\n|-damage|p1a: Garchomp|0 fnt\n|-damage|p2a: Alactria|18\/100|[from] ability: Rough Skin|[of] p1a: Garchomp\n|faint|p1a: Garchomp\n|\n|upkeep\n|\n|t:|1700200357\n|switch|p1a: Lopunny|Lopunny-Mega, F|100\/100\n|turn|23\n|\n|t:|1700200359\n|move|p1a: Lopunny|Fake Out|p2a: Alactria\n|-resisted|p2a: Alactria\n|-damage|p2a: Alactria|8\/100\n|cant|p2a: Alactria|flinch\n|\n|upkeep\n|turn|24\n|\n|t:|1700200364\n|switch|p1a: Corviknight|Corviknight, M|35\/100\n|-ability|p1a: Corviknight|Pressure\n|move|p2a: Alactria|Sucker Punch||[still]\n|-fail|p2a: Alactria\n|\n|upkeep\n|turn|25\n|\n|t:|1700200370\n|move|p1a: Corviknight|U-turn|p2a: Alactria\n|-resisted|p2a: Alactria\n|-crit|p2a: Alactria\n|-damage|p2a: Alactria|2\/100\n|\n|t:|1700200378\n|switch|p1a: Ogerpon|Ogerpon-Cornerstone, F|45\/100|[from] U-turn\n|move|p2a: Alactria|Swords Dance|p2a: Alactria\n|-boost|p2a: Alactria|atk|2\n|\n|upkeep\n|turn|26\n|\n|t:|1700200381\n|move|p2a: Alactria|Sucker Punch||[still]\n|-fail|p2a: Alactria\n|move|p1a: Ogerpon|Encore|p2a: Alactria\n|-start|p2a: Alactria|Encore\n|\n|upkeep\n|turn|27\n|\n|t:|1700200389\n|switch|p1a: Corviknight|Corviknight, M|35\/100\n|-ability|p1a: Corviknight|Pressure\n|switch|p2a: Galvan|Galvantula, M|100\/100\n|\n|upkeep\n|turn|28\n|\n|t:|1700200393\n|switch|p1a: Ogerpon|Ogerpon-Cornerstone, F|45\/100\n|move|p2a: Galvan|Thunder|p1a: Ogerpon\n|-resisted|p1a: Ogerpon\n|-damage|p1a: Ogerpon|16\/100\n|-status|p1a: Ogerpon|par\n|\n|upkeep\n|turn|29\n|\n|t:|1700200400\n|move|p2a: Galvan|Sticky Web|p1a: Ogerpon\n|-sidestart|p1: MMQZA7|move: Sticky Web\n|move|p1a: Ogerpon|Ivy Cudgel|p2a: Galvan|[anim] Ivy Cudgel Rock\n|-supereffective|p2a: Galvan\n|-enditem|p2a: Galvan|Focus Sash\n|-damage|p2a: Galvan|1\/100\n|\n|upkeep\n|turn|30\n|\n|t:|1700200405\n|move|p2a: Galvan|Bug Buzz|p1a: Ogerpon\n|-supereffective|p1a: Ogerpon\n|-damage|p1a: Ogerpon|0 fnt\n|faint|p1a: Ogerpon\n|\n|upkeep\n|\n|t:|1700200414\n|switch|p1a: Lopunny|Lopunny-Mega, F|100\/100\n|-activate|p1a: Lopunny|move: Sticky Web\n|-unboost|p1a: Lopunny|spe|1\n|turn|31\n|c|\u2606Balazs1102|wp\n|\n|t:|1700200418\n|move|p1a: Lopunny|Fake Out|p2a: Galvan\n|-damage|p2a: Galvan|0 fnt\n|faint|p2a: Galvan\n|\n|upkeep\n|\n|t:|1700200419\n|switch|p2a: Alactria|Mawile-Mega, F|2\/100\n|turn|32\n|\n|t:|1700200422\n|switch|p1a: Corviknight|Corviknight, M|35\/100\n|-ability|p1a: Corviknight|Pressure\n|move|p2a: Alactria|Play Rough|p1a: Corviknight\n|-resisted|p1a: Corviknight\n|-damage|p1a: Corviknight|7\/100\n|-damage|p2a: Alactria|0 fnt|[from] item: Rocky Helmet|[of] p1a: Corviknight\n|faint|p2a: Alactria\n|\n|win|MMQZA7\n|raw|MMQZA7's rating: 1526 &rarr; <strong>1543<\/strong><br \/>(+17 for winning)\n|raw|Balazs1102's rating: 1473 &rarr; <strong>1456<\/strong><br \/>(-17 for losing)\n|l|\u2606Balazs1102\n","uploadtime":1700200432,"views":5,"p1id":"mmqza7","p2id":"balazs1102","formatid":"gen9nationaldex","rating":1456,"private":0,"password":""}