{"id":"gen9nationaldex-1996797834","p1":"Reivya","p2":"Reeject","format":"[Gen 9] National Dex","log":"|html|<div class=\"broadcast-blue\"><strong>[Gen 9] National Dex is currently suspecting Sneasler! For information on how to participate check out the <a href=\"https:\/\/www.smogon.com\/forums\/threads\/sv-national-dex-suspect-8-just-dance.3731534\/\">suspect thread<\/a>.<\/strong><\/div>\n|j|\u2606Reivya\n|j|\u2606Reeject\n|t:|1700726997\n|gametype|singles\n|player|p1|Reivya|pokemonbreederf-gen4|1086\n|player|p2|Reeject|whitney|1054\n|teamsize|p1|6\n|teamsize|p2|6\n|gen|9\n|tier|[Gen 9] National Dex\n|rated|\n|rule|HP Percentage Mod: HP is shown in percentages\n|rule|Endless Battle Clause: Forcing endless battles is banned\n|rule|OHKO Clause: OHKO moves are banned\n|rule|Evasion Clause: Evasion abilities, items, and moves are banned\n|rule|Evasion Abilities Clause: Evasion abilities are banned\n|rule|Evasion Items Clause: Evasion items are banned\n|rule|Evasion Moves Clause: Evasion moves are banned\n|rule|Species Clause: Limit one of each Pok\u00e9mon\n|rule|Sleep Clause Mod: Limit one foe put to sleep\n|clearpoke\n|poke|p1|Ribombee, F|\n|poke|p1|Skarmory, M|\n|poke|p1|Gardevoir, F|\n|poke|p1|Toxapex, M|\n|poke|p1|Starmie|\n|poke|p1|Gigalith, F|\n|poke|p2|Miltank, F|\n|poke|p2|Camerupt, F|\n|poke|p2|Mamoswine, M|\n|poke|p2|Ninetales-Alola, F|\n|poke|p2|Yanmega, M|\n|poke|p2|Breloom, F|\n|teampreview\n|inactive|Battle timer is ON: inactive players will automatically lose when time's up. (requested by Reeject)\n|c|\u2606Reivya|good luck, have fun\n|\n|t:|1700727005\n|start\n|switch|p1a: skrrrrra!|Starmie|100\/100\n|switch|p2a: Ice Fox|Ninetales-Alola, F|100\/100\n|-weather|Snow|[from] ability: Snow Warning|[of] p2a: Ice Fox\n|turn|1\n|c|\u2606Reeject|u too\n|\n|t:|1700727022\n|switch|p1a: skra|Skarmory, M|100\/100\n|move|p2a: Ice Fox|Aurora Veil|p2a: Ice Fox\n|-sidestart|p2: Reeject|move: Aurora Veil\n|\n|-weather|Snow|[upkeep]\n|upkeep\n|turn|2\n|\n|t:|1700727028\n|switch|p2a: Goat|Camerupt, F|100\/100\n|move|p1a: skra|Stealth Rock|p2a: Goat\n|-sidestart|p2: Reeject|move: Stealth Rock\n|\n|-weather|Snow|[upkeep]\n|upkeep\n|turn|3\n|\n|t:|1700727035\n|switch|p1a: lil guy|Toxapex, M|100\/100\n|detailschange|p2a: Goat|Camerupt-Mega, F\n|-mega|p2a: Goat|Camerupt|Cameruptite\n|move|p2a: Goat|Eruption|p1a: lil guy\n|-resisted|p1a: lil guy\n|-damage|p1a: lil guy|67\/100\n|\n|-weather|Snow|[upkeep]\n|-heal|p1a: lil guy|74\/100|[from] item: Leftovers\n|upkeep\n|turn|4\n|\n|t:|1700727046\n|move|p1a: lil guy|Toxic|p2a: Goat\n|-status|p2a: Goat|tox\n|move|p2a: Goat|Earth Power|p1a: lil guy\n|-supereffective|p1a: lil guy\n|-damage|p1a: lil guy|0 fnt\n|faint|p1a: lil guy\n|\n|-weather|Snow|[upkeep]\n|-damage|p2a: Goat|94\/100 tox|[from] psn\n|upkeep\n|\n|t:|1700727064\n|switch|p1a: skrrrrra!|Starmie|100\/100\n|turn|5\n|\n|t:|1700727073\n|switch|p2a: Onion|Breloom, F|100\/100\n|-damage|p2a: Onion|94\/100|[from] Stealth Rock\n|move|p1a: skrrrrra!|Surf|p2a: Onion\n|-resisted|p2a: Onion\n|-damage|p2a: Onion|79\/100\n|\n|-weather|none\n|-status|p2a: Onion|tox|[from] item: Toxic Orb\n|upkeep\n|turn|6\n|\n|t:|1700727082\n|move|p1a: skrrrrra!|Magic Coat|p1a: skrrrrra!\n|-singleturn|p1a: skrrrrra!|move: Magic Coat\n|move|p2a: Onion|Substitute|p2a: Onion\n|-start|p2a: Onion|Substitute\n|-damage|p2a: Onion|55\/100 tox\n|\n|-heal|p2a: Onion|67\/100 tox|[from] ability: Poison Heal\n|upkeep\n|turn|7\n|\n|t:|1700727089\n|move|p1a: skrrrrra!|Ice Beam|p2a: Onion\n|-supereffective|p2a: Onion\n|-end|p2a: Onion|Substitute\n|move|p2a: Onion|Spore|p1a: skrrrrra!\n|-status|p1a: skrrrrra!|slp|[from] move: Spore\n|\n|-heal|p2a: Onion|79\/100 tox|[from] ability: Poison Heal\n|upkeep\n|turn|8\n|\n|t:|1700727100\n|-curestatus|p1a: skrrrrra!|slp|[from] ability: Natural Cure\n|switch|p1a: it's hip|Ribombee, F|100\/100\n|move|p2a: Onion|Substitute|p2a: Onion\n|-start|p2a: Onion|Substitute\n|-damage|p2a: Onion|55\/100 tox\n|\n|-heal|p2a: Onion|67\/100 tox|[from] ability: Poison Heal\n|-sideend|p2: Reeject|move: Aurora Veil\n|upkeep\n|turn|9\n|\n|t:|1700727111\n|move|p1a: it's hip|Sticky Web|p2a: Onion\n|-sidestart|p2: Reeject|move: Sticky Web\n|move|p2a: Onion|Facade|p1a: it's hip\n|-damage|p1a: it's hip|39\/100\n|\n|-heal|p2a: Onion|79\/100 tox|[from] ability: Poison Heal\n|upkeep\n|turn|10\n|\n|t:|1700727123\n|switch|p1a: skrrrrra!|Starmie|100\/100\n|-singleturn|p2a: Onion|move: Focus Punch\n|move|p2a: Onion|Focus Punch|p1a: skrrrrra!\n|-resisted|p1a: skrrrrra!\n|-damage|p1a: skrrrrra!|50\/100\n|\n|-heal|p2a: Onion|92\/100 tox|[from] ability: Poison Heal\n|upkeep\n|turn|11\n|\n|t:|1700727135\n|move|p1a: skrrrrra!|Ice Beam|p2a: Onion\n|-supereffective|p2a: Onion\n|-end|p2a: Onion|Substitute\n|move|p2a: Onion|Spore|p1a: skrrrrra!\n|-status|p1a: skrrrrra!|slp|[from] move: Spore\n|\n|-heal|p2a: Onion|100\/100 tox|[from] ability: Poison Heal\n|upkeep\n|turn|12\n|\n|t:|1700727148\n|-curestatus|p1a: skrrrrra!|slp|[from] ability: Natural Cure\n|switch|p1a: ayy lmao|Gardevoir, F|100\/100\n|move|p2a: Onion|Substitute|p2a: Onion\n|-start|p2a: Onion|Substitute\n|-damage|p2a: Onion|76\/100 tox\n|\n|-heal|p2a: Onion|88\/100 tox|[from] ability: Poison Heal\n|upkeep\n|turn|13\n|\n|t:|1700727158\n|move|p1a: ayy lmao|Draining Kiss|p2a: Onion\n|-supereffective|p2a: Onion\n|-end|p2a: Onion|Substitute\n|move|p2a: Onion|Facade|p1a: ayy lmao\n|-damage|p1a: ayy lmao|32\/100\n|\n|-heal|p2a: Onion|100\/100 tox|[from] ability: Poison Heal\n|upkeep\n|turn|14\n|\n|t:|1700727167\n|move|p1a: ayy lmao|Draining Kiss|p2a: Onion\n|-supereffective|p2a: Onion\n|-damage|p2a: Onion|13\/100 tox\n|-heal|p1a: ayy lmao|100\/100|[from] drain|[of] p2a: Onion\n|move|p2a: Onion|Facade|p1a: ayy lmao\n|-damage|p1a: ayy lmao|25\/100\n|-enditem|p1a: ayy lmao|Salac Berry|[eat]\n|-boost|p1a: ayy lmao|spe|1|[from] item: Salac Berry\n|\n|-heal|p2a: Onion|26\/100 tox|[from] ability: Poison Heal\n|upkeep\n|turn|15\n|\n|t:|1700727177\n|move|p1a: ayy lmao|Draining Kiss|p2a: Onion\n|-supereffective|p2a: Onion\n|-damage|p2a: Onion|0 fnt\n|-heal|p1a: ayy lmao|47\/100|[from] drain|[of] p2a: Onion\n|faint|p2a: Onion\n|\n|upkeep\n|\n|t:|1700727181\n|switch|p2a: Ice Fox|Ninetales-Alola, F|100\/100\n|-damage|p2a: Ice Fox|76\/100|[from] Stealth Rock\n|-activate|p2a: Ice Fox|move: Sticky Web\n|-unboost|p2a: Ice Fox|spe|1\n|-weather|Snow|[from] ability: Snow Warning|[of] p2a: Ice Fox\n|turn|16\n|\n|t:|1700727208\n|-terastallize|p1a: ayy lmao|Electric\n|move|p1a: ayy lmao|Thunderbolt|p2a: Ice Fox\n|-damage|p2a: Ice Fox|26\/100\n|move|p2a: Ice Fox|Aurora Veil|p2a: Ice Fox\n|-sidestart|p2: Reeject|move: Aurora Veil\n|\n|-weather|Snow|[upkeep]\n|upkeep\n|turn|17\n|\n|t:|1700727215\n|switch|p2a: Pig|Mamoswine, M|100\/100\n|-damage|p2a: Pig|88\/100|[from] Stealth Rock\n|-activate|p2a: Pig|move: Sticky Web\n|-unboost|p2a: Pig|spe|1\n|move|p1a: ayy lmao|Draining Kiss|p2a: Pig\n|-damage|p2a: Pig|69\/100\n|-heal|p1a: ayy lmao|65\/100|[from] drain|[of] p2a: Pig\n|\n|-weather|Snow|[upkeep]\n|upkeep\n|turn|18\n|\n|t:|1700727229\n|move|p1a: ayy lmao|Draining Kiss|p2a: Pig\n|-damage|p2a: Pig|51\/100\n|-heal|p1a: ayy lmao|84\/100|[from] drain|[of] p2a: Pig\n|move|p2a: Pig|Swagger|p1a: ayy lmao|[miss]\n|-miss|p2a: Pig|p1a: ayy lmao\n|\n|-weather|Snow|[upkeep]\n|upkeep\n|turn|19\n|\n|t:|1700727242\n|move|p1a: ayy lmao|Draining Kiss|p2a: Pig\n|-damage|p2a: Pig|34\/100\n|-heal|p1a: ayy lmao|100\/100|[from] drain|[of] p2a: Pig\n|move|p2a: Pig|Swagger|p1a: ayy lmao\n|-boost|p1a: ayy lmao|atk|2\n|-enditem|p2a: Pig|Mirror Herb\n|-boost|p2a: Pig|atk|2|[from] item: Mirror Herb\n|-start|p1a: ayy lmao|confusion\n|\n|-weather|Snow|[upkeep]\n|upkeep\n|turn|20\n|\n|t:|1700727256\n|switch|p1a: subarashii|Gigalith, F|100\/100\n|move|p2a: Pig|Body Slam|p1a: subarashii\n|-resisted|p1a: subarashii\n|-damage|p1a: subarashii|80\/100\n|\n|-weather|none\n|upkeep\n|turn|21\n|\n|t:|1700727265\n|switch|p1a: skra|Skarmory, M|100\/100\n|move|p2a: Pig|Trailblaze|p1a: skra\n|-resisted|p1a: skra\n|-damage|p1a: skra|93\/100\n|-boost|p2a: Pig|spe|1\n|\n|-heal|p1a: skra|99\/100|[from] item: Leftovers\n|upkeep\n|turn|22\n|\n|t:|1700727276\n|move|p2a: Pig|Body Slam|p1a: skra\n|-resisted|p1a: skra\n|-damage|p1a: skra|79\/100\n|-status|p1a: skra|par\n|move|p1a: skra|Whirlwind|p2a: Pig\n|drag|p2a: Goat|Camerupt-Mega, F|94\/100 tox\n|-damage|p2a: Goat|82\/100 tox|[from] Stealth Rock\n|-activate|p2a: Goat|move: Sticky Web\n|-unboost|p2a: Goat|spe|1\n|\n|-heal|p1a: skra|85\/100 par|[from] item: Leftovers\n|-damage|p2a: Goat|76\/100 tox|[from] psn\n|upkeep\n|turn|23\n|\n|t:|1700727293\n|move|p2a: Goat|Rest|p2a: Goat\n|-status|p2a: Goat|slp|[from] move: Rest\n|-heal|p2a: Goat|100\/100 slp|[silent]\n|move|p1a: skra|Whirlwind|p2a: Goat\n|drag|p2a: Underrated|Yanmega, M|100\/100\n|-damage|p2a: Underrated|51\/100|[from] Stealth Rock\n|\n|-heal|p1a: skra|91\/100 par|[from] item: Leftovers\n|-sideend|p2: Reeject|move: Aurora Veil\n|upkeep\n|turn|24\n|\n|t:|1700727307\n|move|p2a: Underrated|Bug Buzz|p1a: skra\n|-resisted|p1a: skra\n|-damage|p1a: skra|59\/100 par\n|move|p1a: skra|Whirlwind|p2a: Underrated\n|drag|p2a: Ice Fox|Ninetales-Alola, F|26\/100\n|-damage|p2a: Ice Fox|1\/100|[from] Stealth Rock\n|-activate|p2a: Ice Fox|move: Sticky Web\n|-unboost|p2a: Ice Fox|spe|1\n|-weather|Snow|[from] ability: Snow Warning|[of] p2a: Ice Fox\n|\n|-weather|Snow|[upkeep]\n|-heal|p1a: skra|65\/100 par|[from] item: Leftovers\n|upkeep\n|turn|25\n|\n|t:|1700727319\n|move|p2a: Ice Fox|Aurora Veil|p2a: Ice Fox\n|-sidestart|p2: Reeject|move: Aurora Veil\n|move|p1a: skra|Spikes|p2a: Ice Fox\n|-sidestart|p2: Reeject|Spikes\n|\n|-weather|Snow|[upkeep]\n|-heal|p1a: skra|71\/100 par|[from] item: Leftovers\n|upkeep\n|turn|26\n|\n|t:|1700727324\n|move|p2a: Ice Fox|Dark Pulse|p1a: skra\n|-damage|p1a: skra|53\/100 par\n|move|p1a: skra|Spikes|p2a: Ice Fox\n|-sidestart|p2: Reeject|Spikes\n|\n|-weather|Snow|[upkeep]\n|-heal|p1a: skra|59\/100 par|[from] item: Leftovers\n|upkeep\n|turn|27\n|\n|t:|1700727331\n|move|p2a: Ice Fox|Dark Pulse|p1a: skra\n|-damage|p1a: skra|38\/100 par\n|move|p1a: skra|Spikes|p2a: Ice Fox\n|-sidestart|p2: Reeject|Spikes\n|\n|-weather|Snow|[upkeep]\n|-heal|p1a: skra|44\/100 par|[from] item: Leftovers\n|upkeep\n|turn|28\n|\n|t:|1700727339\n|move|p2a: Ice Fox|Dark Pulse|p1a: skra\n|-damage|p1a: skra|25\/100 par\n|cant|p1a: skra|flinch\n|\n|-weather|none\n|-heal|p1a: skra|31\/100 par|[from] item: Leftovers\n|upkeep\n|turn|29\n|\n|t:|1700727350\n|move|p2a: Ice Fox|Dark Pulse|p1a: skra\n|-crit|p1a: skra\n|-damage|p1a: skra|3\/100 par\n|move|p1a: skra|Whirlwind|p2a: Ice Fox\n|drag|p2a: Whitney's Baby|Miltank, F, shiny|100\/100\n|-damage|p2a: Whitney's Baby|88\/100|[from] Stealth Rock\n|-activate|p2a: Whitney's Baby|move: Sticky Web\n|-unboost|p2a: Whitney's Baby|spe|1\n|-damage|p2a: Whitney's Baby|63\/100|[from] Spikes\n|\n|-heal|p2a: Whitney's Baby|69\/100|[from] item: Leftovers\n|-heal|p1a: skra|9\/100 par|[from] item: Leftovers\n|upkeep\n|turn|30\n|\n|t:|1700727378\n|switch|p1a: ayy lmao|Gardevoir, F, tera:Electric|100\/100\n|move|p2a: Whitney's Baby|Rollout|p1a: ayy lmao\n|-damage|p1a: ayy lmao|85\/100\n|\n|-heal|p2a: Whitney's Baby|75\/100|[from] item: Leftovers\n|upkeep\n|turn|31\n|\n|t:|1700727389\n|move|p1a: ayy lmao|Calm Mind|p1a: ayy lmao\n|-boost|p1a: ayy lmao|spa|1\n|-boost|p1a: ayy lmao|spd|1\n|move|p2a: Whitney's Baby|Rollout|p1a: ayy lmao|[from]lockedmove\n|-damage|p1a: ayy lmao|55\/100\n|\n|-heal|p2a: Whitney's Baby|81\/100|[from] item: Leftovers\n|upkeep\n|turn|32\n|\n|t:|1700727397\n|move|p1a: ayy lmao|Calm Mind|p1a: ayy lmao\n|-boost|p1a: ayy lmao|spa|1\n|-boost|p1a: ayy lmao|spd|1\n|move|p2a: Whitney's Baby|Rollout|p1a: ayy lmao|[from]lockedmove\n|-damage|p1a: ayy lmao|0 fnt\n|faint|p1a: ayy lmao\n|\n|-heal|p2a: Whitney's Baby|88\/100|[from] item: Leftovers\n|-sideend|p2: Reeject|move: Aurora Veil\n|upkeep\n|inactive|Reivya has 120 seconds left.\n|\n|t:|1700727415\n|switch|p1a: it's hip|Ribombee, F|39\/100\n|turn|33\n|inactive|Reivya has 120 seconds left.\n|\n|t:|1700727426\n|move|p1a: it's hip|Switcheroo|p2a: Whitney's Baby\n|-activate|p1a: it's hip|move: Trick|[of] p2a: Whitney's Baby\n|-item|p2a: Whitney's Baby|Choice Specs|[from] move: Switcheroo\n|-item|p1a: it's hip|Leftovers|[from] move: Switcheroo\n|move|p2a: Whitney's Baby|Rollout|p1a: it's hip|[from]lockedmove\n|-supereffective|p1a: it's hip\n|-damage|p1a: it's hip|0 fnt\n|faint|p1a: it's hip\n|\n|upkeep\n|inactive|Reivya has 120 seconds left.\n|\n|t:|1700727438\n|switch|p1a: skrrrrra!|Starmie|50\/100\n|turn|34\n|inactive|Reivya has 120 seconds left.\n|\n|t:|1700727446\n|move|p1a: skrrrrra!|Surf|p2a: Whitney's Baby\n|-damage|p2a: Whitney's Baby|42\/100\n|move|p2a: Whitney's Baby|Rollout|p1a: skrrrrra!|[from]lockedmove\n|-damage|p1a: skrrrrra!|0 fnt\n|faint|p1a: skrrrrra!\n|\n|upkeep\n|inactive|Reivya has 120 seconds left.\n|\n|t:|1700727453\n|switch|p1a: subarashii|Gigalith, F|80\/100\n|turn|35\n|\n|t:|1700727457\n|move|p2a: Whitney's Baby|Rollout|p1a: subarashii\n|-damage|p1a: subarashii|73\/100\n|move|p1a: subarashii|Stone Edge|p2a: Whitney's Baby\n|-crit|p2a: Whitney's Baby\n|-damage|p2a: Whitney's Baby|0 fnt\n|faint|p2a: Whitney's Baby\n|\n|upkeep\n|\n|t:|1700727462\n|switch|p2a: Underrated|Yanmega, M|51\/100\n|-damage|p2a: Underrated|1\/100|[from] Stealth Rock\n|turn|36\n|\n|t:|1700727468\n|move|p2a: Underrated|Hidden Power|p1a: subarashii\n|-supereffective|p1a: subarashii\n|-damage|p1a: subarashii|11\/100\n|move|p1a: subarashii|Stone Edge|p2a: Underrated\n|-supereffective|p2a: Underrated\n|-damage|p2a: Underrated|0 fnt\n|faint|p2a: Underrated\n|\n|upkeep\n|\n|t:|1700727477\n|switch|p2a: Pig|Mamoswine, M|34\/100\n|-damage|p2a: Pig|21\/100|[from] Stealth Rock\n|-activate|p2a: Pig|move: Sticky Web\n|-unboost|p2a: Pig|spe|1\n|-damage|p2a: Pig|0 fnt|[from] Spikes\n|faint|p2a: Pig\n|\n|t:|1700727486\n|switch|p2a: Goat|Camerupt-Mega, F|100\/100 slp\n|-damage|p2a: Goat|88\/100 slp|[from] Stealth Rock\n|-activate|p2a: Goat|move: Sticky Web\n|-unboost|p2a: Goat|spe|1\n|-damage|p2a: Goat|63\/100 slp|[from] Spikes\n|turn|37\n|-enditem|p1a: subarashii|Custap Berry|[eat]\n|-activate|p1a: subarashii|item: Custap Berry|[consumed]\n|\n|t:|1700727494\n|move|p1a: subarashii|Explosion|p2a: Goat\n|-damage|p2a: Goat|0 fnt\n|faint|p1a: subarashii\n|faint|p2a: Goat\n|\n|upkeep\n|c|\u2606Reeject|gg\n|\n|t:|1700727501\n|switch|p1a: skra|Skarmory, M|9\/100 par\n|switch|p2a: Ice Fox|Ninetales-Alola, F|1\/100\n|-damage|p2a: Ice Fox|0 fnt|[from] Stealth Rock\n|-activate|p2a: Ice Fox|move: Sticky Web\n|faint|p2a: Ice Fox\n|\n|win|Reivya\n|raw|Reivya's rating: 1086 &rarr; <strong>1111<\/strong><br \/>(+25 for winning)\n|raw|Reeject's rating: 1054 &rarr; <strong>1038<\/strong><br \/>(-16 for losing)\n|c|\u2606Reivya|ggwp\n","uploadtime":1700727509,"views":3,"p1id":"reivya","p2id":"reeject","formatid":"gen9nationaldex","rating":1038,"private":0,"password":""}