{"id":"gen9nationaldex-1991364480","p1":"Hysuto","p2":"JogadorCaro","format":"[Gen 9] National Dex","log":"|j|\u2606Hysuto\n|j|\u2606JogadorCaro\n|t:|1700070989\n|gametype|singles\n|player|p1|Hysuto|burglar|1609\n|player|p2|JogadorCaro|tate|1713\n|teamsize|p1|6\n|teamsize|p2|6\n|gen|9\n|tier|[Gen 9] National Dex\n|rated|\n|rule|HP Percentage Mod: HP is shown in percentages\n|rule|Endless Battle Clause: Forcing endless battles is banned\n|rule|OHKO Clause: OHKO moves are banned\n|rule|Evasion Clause: Evasion abilities, items, and moves are banned\n|rule|Evasion Abilities Clause: Evasion abilities are banned\n|rule|Evasion Items Clause: Evasion items are banned\n|rule|Evasion Moves Clause: Evasion moves are banned\n|rule|Species Clause: Limit one of each Pok\u00e9mon\n|rule|Sleep Clause Mod: Limit one foe put to sleep\n|clearpoke\n|poke|p1|Alomomola, F|\n|poke|p1|Aggron, M|\n|poke|p1|Heatran, M|\n|poke|p1|Rillaboom, M|\n|poke|p1|Sneasler, M|\n|poke|p1|Moltres|\n|poke|p2|Garganacl, M|\n|poke|p2|Zamazenta-*|\n|poke|p2|Volcarona, F|\n|poke|p2|Hoopa-Unbound|\n|poke|p2|Dondozo, F|\n|poke|p2|Rotom-Wash|\n|teampreview\n|inactive|Battle timer is ON: inactive players will automatically lose when time's up. (requested by Hysuto)\n|\n|t:|1700071005\n|start\n|switch|p1a: Rillaboom|Rillaboom, M|100\/100\n|switch|p2a: mulher|Rotom-Wash|100\/100\n|-fieldstart|move: Grassy Terrain|[from] ability: Grassy Surge|[of] p1a: Rillaboom\n|turn|1\n|\n|t:|1700071015\n|switch|p1a: Moltres|Moltres|100\/100\n|switch|p2a: Endeavor|Volcarona, F|100\/100\n|\n|upkeep\n|turn|2\n|\n|t:|1700071018\n|switch|p2a: mulher|Rotom-Wash|100\/100\n|move|p1a: Moltres|U-turn|p2a: mulher\n|-damage|p2a: mulher|85\/100\n|\n|t:|1700071023\n|switch|p1a: Alomomola|Alomomola, F|100\/100|[from] U-turn\n|\n|-heal|p2a: mulher|91\/100|[from] item: Leftovers\n|upkeep\n|turn|3\n|\n|t:|1700071025\n|move|p2a: mulher|Volt Switch|p1a: Alomomola\n|-supereffective|p1a: Alomomola\n|-damage|p1a: Alomomola|62\/100\n|\n|t:|1700071030\n|switch|p2a: Mahoraga|Garganacl, M|100\/100|[from] Volt Switch\n|move|p1a: Alomomola|Toxic|p2a: Mahoraga\n|-immune|p2a: Mahoraga|[from] ability: Purifying Salt\n|\n|-heal|p1a: Alomomola|68\/100|[from] Grassy Terrain\n|upkeep\n|turn|4\n|\n|t:|1700071035\n|move|p1a: Alomomola|Flip Turn|p2a: Mahoraga\n|-supereffective|p2a: Mahoraga\n|-damage|p2a: Mahoraga|83\/100\n|\n|t:|1700071039\n|switch|p1a: Rillaboom|Rillaboom, M|100\/100|[from] Flip Turn\n|move|p2a: Mahoraga|Salt Cure|p1a: Rillaboom\n|-damage|p1a: Rillaboom|86\/100\n|-start|p1a: Rillaboom|Salt Cure\n|\n|-heal|p1a: Rillaboom|92\/100|[from] Grassy Terrain\n|-heal|p2a: Mahoraga|89\/100|[from] Grassy Terrain\n|-heal|p2a: Mahoraga|95\/100|[from] item: Leftovers\n|-damage|p1a: Rillaboom|79\/100|[from] Salt Cure\n|upkeep\n|turn|5\n|\n|t:|1700071041\n|switch|p2a: Endeavor|Volcarona, F|100\/100\n|move|p1a: Rillaboom|U-turn|p2a: Endeavor\n|-resisted|p2a: Endeavor\n|-damage|p2a: Endeavor|73\/100\n|\n|t:|1700071045\n|switch|p1a: Sneasler|Sneasler, M, shiny|100\/100|[from] U-turn\n|-enditem|p1a: Sneasler|Grassy Seed\n|-boost|p1a: Sneasler|def|1|[from] item: Grassy Seed\n|\n|-heal|p2a: Endeavor|79\/100|[from] Grassy Terrain\n|-fieldend|move: Grassy Terrain\n|upkeep\n|turn|6\n|\n|t:|1700071050\n|switch|p2a: Mahoraga|Garganacl, M|95\/100\n|move|p1a: Sneasler|Substitute|p1a: Sneasler\n|-start|p1a: Sneasler|Substitute\n|-damage|p1a: Sneasler|76\/100\n|\n|-heal|p2a: Mahoraga|100\/100|[from] item: Leftovers\n|upkeep\n|turn|7\n|\n|t:|1700071055\n|-terastallize|p2a: Mahoraga|Ghost\n|move|p1a: Sneasler|Close Combat|p2a: Mahoraga\n|-immune|p2a: Mahoraga\n|move|p2a: Mahoraga|Iron Defense|p2a: Mahoraga\n|-boost|p2a: Mahoraga|def|2\n|\n|upkeep\n|turn|8\n|\n|t:|1700071061\n|move|p1a: Sneasler|Substitute|p1a: Sneasler\n|-fail|p1a: Sneasler|move: Substitute\n|move|p2a: Mahoraga|Iron Defense|p2a: Mahoraga\n|-boost|p2a: Mahoraga|def|2\n|\n|upkeep\n|turn|9\n|\n|t:|1700071063\n|move|p1a: Sneasler|Swords Dance|p1a: Sneasler\n|-boost|p1a: Sneasler|atk|2\n|move|p2a: Mahoraga|Iron Defense|p2a: Mahoraga\n|-boost|p2a: Mahoraga|def|2\n|\n|upkeep\n|turn|10\n|\n|t:|1700071067\n|move|p1a: Sneasler|Swords Dance|p1a: Sneasler\n|-boost|p1a: Sneasler|atk|2\n|move|p2a: Mahoraga|Body Press|p1a: Sneasler\n|-resisted|p1a: Sneasler\n|-end|p1a: Sneasler|Substitute\n|\n|upkeep\n|turn|11\n|\n|t:|1700071070\n|move|p1a: Sneasler|Substitute|p1a: Sneasler\n|-start|p1a: Sneasler|Substitute\n|-damage|p1a: Sneasler|51\/100\n|move|p2a: Mahoraga|Body Press|p1a: Sneasler\n|-resisted|p1a: Sneasler\n|-end|p1a: Sneasler|Substitute\n|\n|upkeep\n|turn|12\n|\n|t:|1700071077\n|move|p1a: Sneasler|Substitute|p1a: Sneasler\n|-start|p1a: Sneasler|Substitute\n|-damage|p1a: Sneasler|26\/100\n|move|p2a: Mahoraga|Body Press|p1a: Sneasler\n|-resisted|p1a: Sneasler\n|-end|p1a: Sneasler|Substitute\n|\n|upkeep\n|turn|13\n|\n|t:|1700071082\n|-terastallize|p1a: Sneasler|Flying\n|move|p1a: Sneasler|Acrobatics|p2a: Mahoraga\n|-damage|p2a: Mahoraga|77\/100\n|move|p2a: Mahoraga|Body Press|p1a: Sneasler\n|-resisted|p1a: Sneasler\n|-damage|p1a: Sneasler|0 fnt\n|faint|p1a: Sneasler\n|\n|-heal|p2a: Mahoraga|84\/100|[from] item: Leftovers\n|upkeep\n|-message|Hysuto forfeited.\n|\n|win|JogadorCaro\n|raw|Hysuto's rating: 1609 &rarr; <strong>1595<\/strong><br \/>(-14 for losing)\n|raw|JogadorCaro's rating: 1713 &rarr; <strong>1727<\/strong><br \/>(+14 for winning)\n|l|\u2606Hysuto\n","uploadtime":1700071092,"views":6,"p1id":"hysuto","p2id":"jogadorcaro","formatid":"gen9nationaldex","rating":1595,"private":0,"password":""}