{"id":"gen9nationaldex-1994614354","p1":"Doubleyu","p2":"mengxingzhu","format":"[Gen 9] National Dex","log":"|html|<div class=\"broadcast-blue\"><strong>[Gen 9] National Dex is currently suspecting Sneasler! For information on how to participate check out the <a href=\"https:\/\/www.smogon.com\/forums\/threads\/sv-national-dex-suspect-8-just-dance.3731534\/\">suspect thread<\/a>.<\/strong><\/div>\n|j|\u2606Doubleyu\n|j|\u2606mengxingzhu\n|t:|1700469618\n|gametype|singles\n|player|p1|Doubleyu|red|1630\n|player|p2|mengxingzhu|wallace|1663\n|teamsize|p1|6\n|teamsize|p2|6\n|gen|9\n|tier|[Gen 9] National Dex\n|rated|\n|rule|HP Percentage Mod: HP is shown in percentages\n|rule|Endless Battle Clause: Forcing endless battles is banned\n|rule|OHKO Clause: OHKO moves are banned\n|rule|Evasion Clause: Evasion abilities, items, and moves are banned\n|rule|Evasion Abilities Clause: Evasion abilities are banned\n|rule|Evasion Items Clause: Evasion items are banned\n|rule|Evasion Moves Clause: Evasion moves are banned\n|rule|Species Clause: Limit one of each Pok\u00e9mon\n|rule|Sleep Clause Mod: Limit one foe put to sleep\n|clearpoke\n|poke|p1|Sneasler, M|\n|poke|p1|Scizor, F|\n|poke|p1|Samurott-Hisui, F|\n|poke|p1|Landorus-Therian, M|\n|poke|p1|Greninja-*, M|\n|poke|p1|Dragonite, M|\n|poke|p2|Heracross, F|\n|poke|p2|Alomomola, F|\n|poke|p2|Landorus-Therian, M|\n|poke|p2|Tapu Lele|\n|poke|p2|Heatran, F|\n|poke|p2|Dragonite, M|\n|teampreview\n|inactive|Battle timer is ON: inactive players will automatically lose when time's up. (requested by mengxingzhu)\n|\n|t:|1700469632\n|start\n|switch|p1a: Sneasler|Sneasler, M, shiny|100\/100\n|switch|p2a: Heracross|Heracross, F|100\/100\n|turn|1\n|\n|t:|1700469648\n|switch|p2a: Dragonite|Dragonite, M|100\/100\n|move|p1a: Sneasler|Fake Out|p2a: Dragonite\n|-crit|p2a: Dragonite\n|-damage|p2a: Dragonite|89\/100\n|-status|p2a: Dragonite|psn|[from] ability: Poison Touch|[of] p1a: Sneasler\n|\n|-damage|p2a: Dragonite|77\/100 psn|[from] psn\n|upkeep\n|turn|2\n|\n|t:|1700469670\n|move|p1a: Sneasler|U-turn|p2a: Dragonite\n|-resisted|p2a: Dragonite\n|-damage|p2a: Dragonite|65\/100 psn\n|\n|t:|1700469678\n|switch|p1a: Landorus|Landorus-Therian, M|100\/100|[from] U-turn\n|-ability|p1a: Landorus|Intimidate|boost\n|-unboost|p2a: Dragonite|atk|1\n|move|p2a: Dragonite|Dragon Dance|p2a: Dragonite\n|-boost|p2a: Dragonite|atk|1\n|-boost|p2a: Dragonite|spe|1\n|\n|-damage|p2a: Dragonite|52\/100 psn|[from] psn\n|upkeep\n|turn|3\n|\n|t:|1700469693\n|-zpower|p2a: Dragonite\n|move|p2a: Dragonite|Devastating Drake|p1a: Landorus|[zeffect]\n|-damage|p1a: Landorus|26\/100\n|move|p1a: Landorus|U-turn|p2a: Dragonite\n|-resisted|p2a: Dragonite\n|-damage|p2a: Dragonite|40\/100 psn\n|j| KoKohs\n|inactive|Doubleyu has 120 seconds left.\n|inactive|Doubleyu has 90 seconds left.\n|\n|t:|1700469739\n|switch|p1a: Sneasler|Sneasler, M, shiny|100\/100|[from] U-turn\n|\n|-damage|p2a: Dragonite|28\/100 psn|[from] psn\n|upkeep\n|turn|4\n|\n|t:|1700469747\n|move|p1a: Sneasler|Fake Out|p2a: Dragonite\n|-damage|p2a: Dragonite|13\/100 psn\n|cant|p2a: Dragonite|flinch\n|\n|-damage|p2a: Dragonite|0 fnt|[from] psn\n|faint|p2a: Dragonite\n|upkeep\n|\n|t:|1700469762\n|switch|p2a: Heracross|Heracross, F|100\/100\n|turn|5\n|\n|t:|1700469772\n|detailschange|p2a: Heracross|Heracross-Mega, F\n|-mega|p2a: Heracross|Heracross|Heracronite\n|move|p1a: Sneasler|U-turn|p2a: Heracross\n|-resisted|p2a: Heracross\n|-damage|p2a: Heracross|88\/100\n|\n|t:|1700469783\n|switch|p1a: Landorus|Landorus-Therian, M|26\/100|[from] U-turn\n|-ability|p1a: Landorus|Intimidate|boost\n|-unboost|p2a: Heracross|atk|1\n|move|p2a: Heracross|Trailblaze|p1a: Landorus\n|-damage|p1a: Landorus|14\/100\n|-boost|p2a: Heracross|spe|1\n|-damage|p2a: Heracross|72\/100|[from] item: Rocky Helmet|[of] p1a: Landorus\n|\n|upkeep\n|turn|6\n|inactive|Doubleyu has 90 seconds left.\n|\n|t:|1700469804\n|move|p2a: Heracross|Trailblaze|p1a: Landorus\n|-damage|p1a: Landorus|3\/100\n|-boost|p2a: Heracross|spe|1\n|-damage|p2a: Heracross|55\/100|[from] item: Rocky Helmet|[of] p1a: Landorus\n|move|p1a: Landorus|U-turn|p2a: Heracross\n|-resisted|p2a: Heracross\n|-damage|p2a: Heracross|45\/100\n|inactive|Doubleyu has 90 seconds left.\n|\n|t:|1700469817\n|switch|p1a: Sneasler|Sneasler, M, shiny|100\/100|[from] U-turn\n|\n|upkeep\n|turn|7\n|j| Ghha\n|\n|t:|1700469825\n|move|p1a: Sneasler|Fake Out|p2a: Heracross\n|-damage|p2a: Heracross|30\/100\n|-status|p2a: Heracross|psn|[from] ability: Poison Touch|[of] p1a: Sneasler\n|cant|p2a: Heracross|flinch\n|\n|-damage|p2a: Heracross|17\/100 psn|[from] psn\n|upkeep\n|turn|8\n|\n|t:|1700469834\n|switch|p1a: Landorus|Landorus-Therian, M|3\/100\n|-ability|p1a: Landorus|Intimidate|boost\n|-unboost|p2a: Heracross|atk|1\n|move|p2a: Heracross|Close Combat|p1a: Landorus\n|-resisted|p1a: Landorus\n|-damage|p1a: Landorus|0 fnt\n|-unboost|p2a: Heracross|def|1\n|-unboost|p2a: Heracross|spd|1\n|-damage|p2a: Heracross|1\/100 psn|[from] item: Rocky Helmet|[of] p1a: Landorus\n|faint|p1a: Landorus\n|\n|-damage|p2a: Heracross|0 fnt|[from] psn\n|faint|p2a: Heracross\n|upkeep\n|inactive|Doubleyu has 90 seconds left.\n|\n|t:|1700469856\n|switch|p2a: Alomomola|Alomomola, F|100\/100\n|switch|p1a: Sneasler|Sneasler, M, shiny|100\/100\n|turn|9\n|\n|t:|1700469863\n|move|p1a: Sneasler|Dire Claw|p2a: Alomomola\n|-damage|p2a: Alomomola|75\/100\n|-status|p2a: Alomomola|slp\n|cant|p2a: Alomomola|slp\n|\n|upkeep\n|turn|10\n|\n|t:|1700469871\n|move|p1a: Sneasler|Dire Claw|p2a: Alomomola\n|-damage|p2a: Alomomola|52\/100 slp\n|cant|p2a: Alomomola|slp\n|\n|upkeep\n|turn|11\n|\n|t:|1700469878\n|move|p1a: Sneasler|Dire Claw|p2a: Alomomola\n|-damage|p2a: Alomomola|29\/100 slp\n|cant|p2a: Alomomola|slp\n|\n|upkeep\n|turn|12\n|\n|t:|1700469883\n|move|p1a: Sneasler|Close Combat|p2a: Alomomola\n|-damage|p2a: Alomomola|0 fnt\n|-unboost|p1a: Sneasler|def|1\n|-unboost|p1a: Sneasler|spd|1\n|faint|p2a: Alomomola\n|\n|upkeep\n|\n|t:|1700469888\n|switch|p2a: Tapu Lele|Tapu Lele|100\/100\n|-fieldstart|move: Psychic Terrain|[from] ability: Psychic Surge|[of] p2a: Tapu Lele\n|turn|13\n|\n|t:|1700469892\n|switch|p1a: Scizor|Scizor, F, shiny|100\/100\n|move|p2a: Tapu Lele|Moonblast|p1a: Scizor\n|-resisted|p1a: Scizor\n|-damage|p1a: Scizor|72\/100\n|\n|upkeep\n|turn|14\n|l| Ghha\n|\n|t:|1700469902\n|switch|p2a: Heatran|Heatran, F|100\/100\n|detailschange|p1a: Scizor|Scizor-Mega, F, shiny\n|-mega|p1a: Scizor|Scizor|Scizorite\n|move|p1a: Scizor|U-turn|p2a: Heatran\n|-resisted|p2a: Heatran\n|-damage|p2a: Heatran|93\/100\n|inactive|Doubleyu has 120 seconds left.\n|\n|t:|1700469938\n|switch|p1a: Samurott|Samurott-Hisui, F, shiny|100\/100|[from] U-turn\n|\n|-heal|p2a: Heatran|99\/100|[from] item: Leftovers\n|upkeep\n|turn|15\n|\n|t:|1700469962\n|-terastallize|p2a: Heatran|Grass\n|move|p1a: Samurott|Ceaseless Edge|p2a: Heatran\n|-damage|p2a: Heatran|60\/100\n|-sidestart|p2: mengxingzhu|Spikes\n|move|p2a: Heatran|Magma Storm|p1a: Samurott\n|-resisted|p1a: Samurott\n|-damage|p1a: Samurott|68\/100\n|-activate|p1a: Samurott|move: Magma Storm|[of] p2a: Heatran\n|\n|-heal|p2a: Heatran|66\/100|[from] item: Leftovers\n|-damage|p1a: Samurott|55\/100|[from] move: Magma Storm|[partiallytrapped]\n|upkeep\n|turn|16\n|\n|t:|1700469968\n|move|p1a: Samurott|Ceaseless Edge|p2a: Heatran\n|-damage|p2a: Heatran|28\/100\n|-sidestart|p2: mengxingzhu|Spikes\n|move|p2a: Heatran|Toxic|p1a: Samurott\n|-status|p1a: Samurott|tox\n|\n|-heal|p2a: Heatran|34\/100|[from] item: Leftovers\n|-damage|p1a: Samurott|49\/100 tox|[from] psn\n|-damage|p1a: Samurott|37\/100 tox|[from] move: Magma Storm|[partiallytrapped]\n|upkeep\n|turn|17\n|\n|t:|1700469976\n|move|p1a: Samurott|Ceaseless Edge|p2a: Heatran\n|-damage|p2a: Heatran|0 fnt\n|-sidestart|p2: mengxingzhu|Spikes\n|faint|p2a: Heatran\n|\n|-damage|p1a: Samurott|24\/100 tox|[from] psn\n|-end|p1a: Samurott|Magma Storm|[partiallytrapped]|[silent]\n|-fieldend|move: Psychic Terrain\n|upkeep\n|\n|t:|1700469979\n|switch|p2a: Tapu Lele|Tapu Lele|100\/100\n|-damage|p2a: Tapu Lele|76\/100|[from] Spikes\n|-fieldstart|move: Psychic Terrain|[from] ability: Psychic Surge|[of] p2a: Tapu Lele\n|turn|18\n|inactive|Doubleyu has 120 seconds left.\n|\n|t:|1700470016\n|switch|p1a: Scizor|Scizor-Mega, F, shiny|72\/100\n|move|p2a: Tapu Lele|Moonblast|p1a: Scizor\n|-resisted|p1a: Scizor\n|-damage|p1a: Scizor|50\/100\n|\n|upkeep\n|turn|19\n|\n|t:|1700470024\n|switch|p2a: Landorus|Landorus-Therian, M|100\/100\n|-ability|p2a: Landorus|Intimidate|boost\n|-unboost|p1a: Scizor|atk|1\n|move|p1a: Scizor|U-turn|p2a: Landorus\n|-resisted|p2a: Landorus\n|-damage|p2a: Landorus|88\/100\n|\n|t:|1700470031\n|switch|p1a: Greninja|Greninja, M|100\/100|[from] U-turn\n|\n|-heal|p2a: Landorus|94\/100|[from] item: Leftovers\n|upkeep\n|turn|20\n|\n|t:|1700470035\n|move|p1a: Greninja|Hydro Pump|p2a: Landorus|[miss]\n|-miss|p1a: Greninja|p2a: Landorus\n|move|p2a: Landorus|Defog|p1a: Greninja\n|-unboost|p1a: Greninja|evasion|1\n|-sideend|p2: mengxingzhu|Spikes|[from] move: Defog|[of] p2a: Landorus\n|-fieldend|move: Psychic Terrain\n|\n|-heal|p2a: Landorus|100\/100|[from] item: Leftovers\n|upkeep\n|turn|21\n|\n|t:|1700470038\n|move|p1a: Greninja|Hydro Pump|p2a: Landorus\n|-supereffective|p2a: Landorus\n|-damage|p2a: Landorus|0 fnt\n|faint|p2a: Landorus\n|-ability|p1a: Greninja|Battle Bond|boost\n|-boost|p1a: Greninja|atk|1\n|-boost|p1a: Greninja|spa|1\n|-boost|p1a: Greninja|spe|1\n|-activate|p1a: Greninja|ability: Battle Bond\n|-damage|p1a: Greninja|91\/100|[from] item: Life Orb\n|\n|upkeep\n|\n|t:|1700470041\n|switch|p2a: Tapu Lele|Tapu Lele|76\/100\n|-fieldstart|move: Psychic Terrain|[from] ability: Psychic Surge|[of] p2a: Tapu Lele\n|turn|22\n|\n|t:|1700470045\n|-terastallize|p1a: Greninja|Fire\n|move|p1a: Greninja|Hydro Pump|p2a: Tapu Lele|[miss]\n|-miss|p1a: Greninja|p2a: Tapu Lele\n|move|p2a: Tapu Lele|Moonblast|p1a: Greninja\n|-resisted|p1a: Greninja\n|-damage|p1a: Greninja|48\/100\n|\n|upkeep\n|turn|23\n|\n|t:|1700470051\n|move|p1a: Greninja|Hydro Pump|p2a: Tapu Lele\n|-damage|p2a: Tapu Lele|0 fnt\n|faint|p2a: Tapu Lele\n|-damage|p1a: Greninja|38\/100|[from] item: Life Orb\n|\n|win|Doubleyu\n|raw|Doubleyu's rating: 1630 &rarr; <strong>1652<\/strong><br \/>(+22 for winning)\n|raw|mengxingzhu's rating: 1663 &rarr; <strong>1641<\/strong><br \/>(-22 for losing)\n","uploadtime":1700470060,"views":13,"p1id":"doubleyu","p2id":"mengxingzhu","formatid":"gen9nationaldex","rating":1641,"private":0,"password":""}