{"id":"gen9nationaldex-1995566652","p1":"Dinotrooper","p2":"kingcow_thegoat","format":"[Gen 9] National Dex","log":"|html|<div class=\"broadcast-blue\"><strong>[Gen 9] National Dex is currently suspecting Sneasler! For information on how to participate check out the <a href=\"https:\/\/www.smogon.com\/forums\/threads\/sv-national-dex-suspect-8-just-dance.3731534\/\">suspect thread<\/a>.<\/strong><\/div>\n|j|\u2606Dinotrooper\n|j|\u2606kingcow_thegoat\n|t:|1700583482\n|gametype|singles\n|player|p1|Dinotrooper|102|\n|player|p2|kingcow_thegoat|1|\n|teamsize|p1|6\n|teamsize|p2|6\n|gen|9\n|tier|[Gen 9] National Dex\n|rule|HP Percentage Mod: HP is shown in percentages\n|rule|Endless Battle Clause: Forcing endless battles is banned\n|rule|OHKO Clause: OHKO moves are banned\n|rule|Evasion Clause: Evasion abilities, items, and moves are banned\n|rule|Evasion Abilities Clause: Evasion abilities are banned\n|rule|Evasion Items Clause: Evasion items are banned\n|rule|Evasion Moves Clause: Evasion moves are banned\n|rule|Species Clause: Limit one of each Pok\u00e9mon\n|rule|Sleep Clause Mod: Limit one foe put to sleep\n|clearpoke\n|poke|p1|Hydreigon, M|\n|poke|p1|Regidrago|\n|poke|p1|Altaria, F|\n|poke|p1|Turtonator, M|\n|poke|p1|Goodra-Hisui, F|\n|poke|p1|Tyrantrum, M|\n|poke|p2|Tapu Bulu|\n|poke|p2|Sneasler, F|\n|poke|p2|Milotic, M|\n|poke|p2|Ninetales-Alola, M|\n|poke|p2|Toxapex, F|\n|poke|p2|Lopunny, M|\n|teampreview\n|\n|t:|1700583499\n|start\n|switch|p1a: Tyrantrum|Tyrantrum, M|100\/100\n|switch|p2a: Tapu Bulu|Tapu Bulu|100\/100\n|-fieldstart|move: Grassy Terrain|[from] ability: Grassy Surge|[of] p2a: Tapu Bulu\n|turn|1\n|\n|t:|1700583519\n|move|p1a: Tyrantrum|Head Smash|p2a: Tapu Bulu|[miss]\n|-miss|p1a: Tyrantrum|p2a: Tapu Bulu\n|move|p2a: Tapu Bulu|Close Combat|p1a: Tyrantrum\n|-supereffective|p1a: Tyrantrum\n|-damage|p1a: Tyrantrum|0 fnt\n|-unboost|p2a: Tapu Bulu|def|1\n|-unboost|p2a: Tapu Bulu|spd|1\n|faint|p1a: Tyrantrum\n|\n|upkeep\n|c|\u2606Dinotrooper|nahh\n|\n|t:|1700583530\n|switch|p1a: Regidrago|Regidrago|100\/100\n|turn|2\n|\n|t:|1700583538\n|-terastallize|p1a: Regidrago|Steel\n|move|p1a: Regidrago|Tera Blast|p2a: Tapu Bulu|[anim] Tera Blast Steel\n|-supereffective|p2a: Tapu Bulu\n|-damage|p2a: Tapu Bulu|0 fnt\n|faint|p2a: Tapu Bulu\n|\n|upkeep\n|\n|t:|1700583548\n|switch|p2a: Sneasler|Sneasler, F|100\/100\n|-enditem|p2a: Sneasler|Grassy Seed\n|-boost|p2a: Sneasler|def|1|[from] item: Grassy Seed\n|turn|3\n|\n|t:|1700583560\n|switch|p1a: Altaria|Altaria, F|100\/100\n|move|p2a: Sneasler|Close Combat|p1a: Altaria\n|-resisted|p1a: Altaria\n|-damage|p1a: Altaria|56\/100\n|-unboost|p2a: Sneasler|def|1\n|-unboost|p2a: Sneasler|spd|1\n|\n|upkeep\n|turn|4\n|\n|t:|1700583582\n|move|p2a: Sneasler|Dire Claw|p1a: Altaria\n|-damage|p1a: Altaria|0 fnt\n|faint|p1a: Altaria\n|\n|upkeep\n|\n|t:|1700583588\n|switch|p1a: Regidrago|Regidrago, tera:Steel|100\/100\n|turn|5\n|\n|t:|1700583594\n|-terastallize|p2a: Sneasler|Flying\n|move|p2a: Sneasler|Acrobatics|p1a: Regidrago\n|-resisted|p1a: Regidrago\n|-damage|p1a: Regidrago|64\/100\n|move|p1a: Regidrago|Dragon Energy|p2a: Sneasler\n|-damage|p2a: Sneasler|0 fnt\n|faint|p2a: Sneasler\n|\n|-heal|p1a: Regidrago|70\/100|[from] Grassy Terrain\n|-fieldend|move: Grassy Terrain\n|upkeep\n|c|\u2606kingcow_thegoat|omfg, forgot tera\n|\n|t:|1700583610\n|switch|p2a: Ninetales|Ninetales-Alola, M|100\/100\n|-weather|Snow|[from] ability: Snow Warning|[of] p2a: Ninetales\n|turn|6\n|\n|t:|1700583626\n|switch|p1a: Goodra|Goodra-Hisui, F|100\/100\n|move|p2a: Ninetales|Nasty Plot|p2a: Ninetales\n|-boost|p2a: Ninetales|spa|2\n|\n|-weather|Snow|[upkeep]\n|upkeep\n|turn|7\n|\n|t:|1700583636\n|move|p2a: Ninetales|Blizzard|p1a: Goodra\n|-damage|p1a: Goodra|61\/100\n|move|p1a: Goodra|Flash Cannon|p2a: Ninetales\n|-supereffective|p2a: Ninetales\n|-damage|p2a: Ninetales|0 fnt\n|faint|p2a: Ninetales\n|\n|-weather|Snow|[upkeep]\n|upkeep\n|\n|t:|1700583643\n|switch|p2a: Lopunny|Lopunny, M|100\/100\n|turn|8\n|\n|t:|1700583653\n|move|p2a: Lopunny|Fake Out|p1a: Goodra\n|-resisted|p1a: Goodra\n|-damage|p1a: Goodra|54\/100\n|cant|p1a: Goodra|flinch\n|\n|-weather|Snow|[upkeep]\n|upkeep\n|turn|9\n|\n|t:|1700583667\n|switch|p1a: Turtonator|Turtonator, M|100\/100\n|move|p2a: Lopunny|U-turn|p1a: Turtonator\n|-resisted|p1a: Turtonator\n|-damage|p1a: Turtonator|94\/100\n|\n|t:|1700583675\n|switch|p2a: Toxapex|Toxapex, F|100\/100|[from] U-turn\n|\n|-weather|Snow|[upkeep]\n|upkeep\n|turn|10\n|\n|t:|1700583687\n|move|p1a: Turtonator|Shell Smash|p1a: Turtonator\n|-unboost|p1a: Turtonator|def|1\n|-unboost|p1a: Turtonator|spd|1\n|-boost|p1a: Turtonator|atk|2\n|-boost|p1a: Turtonator|spa|2\n|-boost|p1a: Turtonator|spe|2\n|-enditem|p1a: Turtonator|White Herb\n|-clearnegativeboost|p1a: Turtonator|[silent]\n|move|p2a: Toxapex|Toxic|p1a: Turtonator\n|-status|p1a: Turtonator|tox\n|\n|-weather|Snow|[upkeep]\n|-damage|p1a: Turtonator|87\/100 tox|[from] psn\n|upkeep\n|turn|11\n|\n|t:|1700583693\n|move|p2a: Toxapex|Baneful Bunker|p2a: Toxapex\n|-singleturn|p2a: Toxapex|move: Protect\n|move|p1a: Turtonator|Dragon Pulse|p2a: Toxapex\n|-activate|p2a: Toxapex|move: Protect\n|\n|-weather|Snow|[upkeep]\n|-damage|p1a: Turtonator|75\/100 tox|[from] psn\n|upkeep\n|turn|12\n|\n|t:|1700583701\n|move|p1a: Turtonator|Dragon Pulse|p2a: Toxapex\n|-damage|p2a: Toxapex|39\/100\n|move|p2a: Toxapex|Scald|p1a: Turtonator\n|-damage|p1a: Turtonator|50\/100 tox\n|\n|-weather|Snow|[upkeep]\n|-heal|p2a: Toxapex|45\/100|[from] item: Leftovers\n|-damage|p1a: Turtonator|32\/100 tox|[from] psn\n|upkeep\n|turn|13\n|\n|t:|1700583709\n|move|p2a: Toxapex|Baneful Bunker|p2a: Toxapex\n|-singleturn|p2a: Toxapex|move: Protect\n|move|p1a: Turtonator|Shell Smash|p1a: Turtonator\n|-unboost|p1a: Turtonator|def|1\n|-unboost|p1a: Turtonator|spd|1\n|-boost|p1a: Turtonator|atk|2\n|-boost|p1a: Turtonator|spa|2\n|-boost|p1a: Turtonator|spe|2\n|\n|-weather|none\n|-heal|p2a: Toxapex|51\/100|[from] item: Leftovers\n|-damage|p1a: Turtonator|7\/100 tox|[from] psn\n|upkeep\n|turn|14\n|\n|t:|1700583719\n|move|p2a: Toxapex|Baneful Bunker|p2a: Toxapex\n|-singleturn|p2a: Toxapex|move: Protect\n|move|p1a: Turtonator|Dragon Pulse|p2a: Toxapex\n|-activate|p2a: Toxapex|move: Protect\n|\n|-heal|p2a: Toxapex|58\/100|[from] item: Leftovers\n|-damage|p1a: Turtonator|0 fnt|[from] psn\n|faint|p1a: Turtonator\n|upkeep\n|c|\u2606Dinotrooper|...\n|\n|t:|1700583731\n|switch|p1a: Regidrago|Regidrago, tera:Steel|70\/100\n|turn|15\n|\n|t:|1700583742\n|move|p1a: Regidrago|Dragon Energy|p2a: Toxapex\n|-damage|p2a: Toxapex|0 fnt\n|faint|p2a: Toxapex\n|\n|upkeep\n|\n|t:|1700583744\n|switch|p2a: Lopunny|Lopunny, M|100\/100\n|turn|16\n|\n|t:|1700583753\n|move|p2a: Lopunny|Fake Out|p1a: Regidrago\n|-resisted|p1a: Regidrago\n|-damage|p1a: Regidrago|63\/100\n|cant|p1a: Regidrago|flinch\n|\n|upkeep\n|turn|17\n|\n|t:|1700583761\n|detailschange|p2a: Lopunny|Lopunny-Mega, M\n|-mega|p2a: Lopunny|Lopunny|Lopunnite\n|move|p1a: Regidrago|Dragon Energy|p2a: Lopunny\n|-damage|p2a: Lopunny|21\/100\n|move|p2a: Lopunny|Close Combat|p1a: Regidrago\n|-supereffective|p1a: Regidrago\n|-damage|p1a: Regidrago|0 fnt\n|-unboost|p2a: Lopunny|def|1\n|-unboost|p2a: Lopunny|spd|1\n|faint|p1a: Regidrago\n|\n|upkeep\n|\n|t:|1700583771\n|switch|p1a: Goodra|Goodra-Hisui, F|54\/100\n|turn|18\n|\n|t:|1700583793\n|move|p2a: Lopunny|Close Combat|p1a: Goodra\n|-supereffective|p1a: Goodra\n|-damage|p1a: Goodra|0 fnt\n|-unboost|p2a: Lopunny|def|1\n|-unboost|p2a: Lopunny|spd|1\n|faint|p1a: Goodra\n|\n|upkeep\n|\n|t:|1700583803\n|switch|p1a: Hydreigon|Hydreigon, M|100\/100\n|turn|19\n|\n|t:|1700583811\n|move|p2a: Lopunny|Close Combat|p1a: Hydreigon\n|-supereffective|p1a: Hydreigon\n|-damage|p1a: Hydreigon|0 fnt\n|-unboost|p2a: Lopunny|def|1\n|-unboost|p2a: Lopunny|spd|1\n|faint|p1a: Hydreigon\n|\n|win|kingcow_thegoat\n|c|\u2606kingcow_thegoat|gg\n","uploadtime":1700583849,"views":6,"p1id":"dinotrooper","p2id":"kingcowthegoat","formatid":"gen9nationaldex","rating":0,"private":0,"password":""}