{"id":"gen9nationaldex-1998437781","p1":"yolo420dabmaster","p2":"j.silverflame","format":"[Gen 9] National Dex","log":"|html|<div class=\"broadcast-blue\"><strong>[Gen 9] National Dex is currently suspecting Sneasler! For information on how to participate check out the <a href=\"https:\/\/www.smogon.com\/forums\/threads\/sv-national-dex-suspect-8-just-dance.3731534\/\">suspect thread<\/a>.<\/strong><\/div>\n|j|\u2606yolo420dabmaster\n|j|\u2606j.silverflame\n|t:|1700942276\n|gametype|singles\n|player|p1|yolo420dabmaster|harlequin|\n|player|p2|j.silverflame|170|\n|teamsize|p1|6\n|teamsize|p2|6\n|gen|9\n|tier|[Gen 9] National Dex\n|rule|HP Percentage Mod: HP is shown in percentages\n|rule|Endless Battle Clause: Forcing endless battles is banned\n|rule|OHKO Clause: OHKO moves are banned\n|rule|Evasion Clause: Evasion abilities, items, and moves are banned\n|rule|Evasion Abilities Clause: Evasion abilities are banned\n|rule|Evasion Items Clause: Evasion items are banned\n|rule|Evasion Moves Clause: Evasion moves are banned\n|rule|Species Clause: Limit one of each Pok\u00e9mon\n|rule|Sleep Clause Mod: Limit one foe put to sleep\n|clearpoke\n|poke|p1|Diancie|\n|poke|p1|Mew|\n|poke|p1|Zapdos|\n|poke|p1|Latias, F|\n|poke|p1|Kartana|\n|poke|p1|Hariyama, F|\n|poke|p2|Ting-Lu|\n|poke|p2|Urshifu-*, F|\n|poke|p2|Aegislash, F|\n|poke|p2|Galvantula, M|\n|poke|p2|Noivern, M|\n|poke|p2|Cresselia, F|\n|teampreview\n|j| carutothehocarge\n|j| Porkedcar\n|j| brevie nicks\n|\n|t:|1700942338\n|start\n|switch|p1a: Watahphone|Zapdos|100\/100\n|switch|p2a: Eurypterid|Galvantula, M|100\/100\n|-ability|p1a: Watahphone|Pressure\n|turn|1\n|\n|t:|1700942360\n|switch|p1a: Abusive frog gf|Diancie|100\/100\n|move|p2a: Eurypterid|Sticky Web|p1a: Abusive frog gf\n|-sidestart|p1: yolo420dabmaster|move: Sticky Web\n|\n|upkeep\n|turn|2\n|\n|t:|1700942370\n|detailschange|p1a: Abusive frog gf|Diancie-Mega\n|-mega|p1a: Abusive frog gf|Diancie|Diancite\n|move|p1a: Abusive frog gf|Earth Power|p2a: Eurypterid\n|-damage|p2a: Eurypterid|28\/100\n|move|p2a: Eurypterid|Hidden Power|p1a: Abusive frog gf\n|-supereffective|p1a: Abusive frog gf\n|-damage|p1a: Abusive frog gf|13\/100\n|\n|upkeep\n|turn|3\n|\n|t:|1700942383\n|move|p1a: Abusive frog gf|Moonblast|p2a: Eurypterid\n|-damage|p2a: Eurypterid|0 fnt\n|faint|p2a: Eurypterid\n|\n|upkeep\n|\n|t:|1700942409\n|switch|p2a: Ooga Booga|Urshifu-Rapid-Strike, F|100\/100\n|turn|4\n|\n|t:|1700942420\n|switch|p1a: Medium Well|Mew|100\/100\n|move|p2a: Ooga Booga|Surging Strikes|p1a: Medium Well\n|-crit|p1a: Medium Well\n|-damage|p1a: Medium Well|86\/100\n|-crit|p1a: Medium Well\n|-damage|p1a: Medium Well|72\/100\n|-crit|p1a: Medium Well\n|-damage|p1a: Medium Well|59\/100\n|-hitcount|p1a: Medium Well|3\n|\n|upkeep\n|turn|5\n|\n|t:|1700942448\n|switch|p2a: Rhombus|Aegislash, F|100\/100\n|move|p1a: Medium Well|Toxic|p2a: Rhombus\n|-immune|p2a: Rhombus\n|\n|upkeep\n|turn|6\n|\n|t:|1700942479\n|switch|p1a: Watahphone|Zapdos|100\/100\n|-ability|p1a: Watahphone|Pressure\n|-formechange|p2a: Rhombus|Aegislash-Blade||[from] ability: Stance Change\n|move|p2a: Rhombus|Shadow Ball|p1a: Watahphone\n|-damage|p1a: Watahphone|57\/100\n|\n|upkeep\n|turn|7\n|\n|t:|1700942490\n|move|p1a: Watahphone|Heat Wave|p2a: Rhombus\n|-supereffective|p2a: Rhombus\n|-damage|p2a: Rhombus|0 fnt\n|faint|p2a: Rhombus\n|\n|upkeep\n|\n|t:|1700942506\n|switch|p2a: Ooga Booga|Urshifu-Rapid-Strike, F|100\/100\n|turn|8\n|\n|t:|1700942525\n|switch|p1a: Medium Well|Mew|59\/100\n|move|p2a: Ooga Booga|Surging Strikes|p1a: Medium Well\n|-crit|p1a: Medium Well\n|-damage|p1a: Medium Well|45\/100\n|-crit|p1a: Medium Well\n|-damage|p1a: Medium Well|31\/100\n|-crit|p1a: Medium Well\n|-damage|p1a: Medium Well|18\/100\n|-hitcount|p1a: Medium Well|3\n|\n|upkeep\n|turn|9\n|\n|t:|1700942534\n|move|p2a: Ooga Booga|Surging Strikes|p1a: Medium Well\n|-crit|p1a: Medium Well\n|-damage|p1a: Medium Well|4\/100\n|-crit|p1a: Medium Well\n|-damage|p1a: Medium Well|0 fnt\n|faint|p1a: Medium Well\n|-hitcount|p1: Medium Well|2\n|\n|upkeep\n|\n|t:|1700942572\n|switch|p1a: Propaganda|Latias, F|100\/100\n|turn|10\n|j| Quorin\n|\n|t:|1700942595\n|switch|p2a: Cauldron Deer|Ting-Lu|100\/100\n|-ability|p2a: Cauldron Deer|Vessel of Ruin\n|move|p1a: Propaganda|Air Slash|p2a: Cauldron Deer\n|-damage|p2a: Cauldron Deer|86\/100\n|\n|-heal|p2a: Cauldron Deer|93\/100|[from] item: Leftovers\n|upkeep\n|turn|11\n|\n|t:|1700942643\n|switch|p1a: Kcehc tats|Hariyama, F|100\/100\n|-activate|p1a: Kcehc tats|move: Sticky Web\n|-unboost|p1a: Kcehc tats|spe|1\n|move|p2a: Cauldron Deer|Stealth Rock|p1a: Kcehc tats\n|-sidestart|p1: yolo420dabmaster|move: Stealth Rock\n|\n|-heal|p2a: Cauldron Deer|99\/100|[from] item: Leftovers\n|upkeep\n|turn|12\n|\n|t:|1700942669\n|switch|p2a: Skips Leg Day|Cresselia, F|100\/100\n|move|p1a: Kcehc tats|Rock Slide|p2a: Skips Leg Day\n|-damage|p2a: Skips Leg Day|80\/100\n|\n|-heal|p2a: Skips Leg Day|86\/100|[from] item: Leftovers\n|upkeep\n|turn|13\n|\n|t:|1700942683\n|switch|p1a: Propaganda|Latias, F|100\/100\n|-damage|p1a: Propaganda|88\/100|[from] Stealth Rock\n|move|p2a: Skips Leg Day|Psyshock|p1a: Propaganda\n|-resisted|p1a: Propaganda\n|-damage|p1a: Propaganda|70\/100\n|\n|-heal|p2a: Skips Leg Day|92\/100|[from] item: Leftovers\n|upkeep\n|turn|14\n|\n|t:|1700942696\n|move|p1a: Propaganda|Shadow Ball|p2a: Skips Leg Day\n|-supereffective|p2a: Skips Leg Day\n|-damage|p2a: Skips Leg Day|61\/100\n|move|p2a: Skips Leg Day|Shadow Ball|p1a: Propaganda\n|-supereffective|p1a: Propaganda\n|-damage|p1a: Propaganda|46\/100\n|-unboost|p1a: Propaganda|spd|1\n|\n|-heal|p2a: Skips Leg Day|68\/100|[from] item: Leftovers\n|upkeep\n|turn|15\n|\n|t:|1700942714\n|switch|p1a: Kertano|Kartana|100\/100\n|-activate|p1a: Kertano|move: Sticky Web\n|-unboost|p1a: Kertano|spe|1\n|-damage|p1a: Kertano|94\/100|[from] Stealth Rock\n|move|p2a: Skips Leg Day|Shadow Ball|p1a: Kertano\n|-damage|p1a: Kertano|29\/100\n|\n|-heal|p2a: Skips Leg Day|74\/100|[from] item: Leftovers\n|upkeep\n|turn|16\n|\n|t:|1700942731\n|move|p1a: Kertano|Knock Off|p2a: Skips Leg Day\n|-supereffective|p2a: Skips Leg Day\n|-damage|p2a: Skips Leg Day|0 fnt\n|-enditem|p2a: Skips Leg Day|Leftovers|[from] move: Knock Off|[of] p1a: Kertano\n|faint|p2a: Skips Leg Day\n|-ability|p1a: Kertano|Beast Boost|boost\n|-boost|p1a: Kertano|atk|1\n|-damage|p1a: Kertano|19\/100|[from] item: Life Orb\n|\n|upkeep\n|\n|t:|1700942742\n|switch|p2a: Ooga Booga|Urshifu-Rapid-Strike, F|100\/100\n|turn|17\n|\n|t:|1700942761\n|switch|p1a: Watahphone|Zapdos|57\/100\n|-ability|p1a: Watahphone|Pressure\n|move|p2a: Ooga Booga|Surging Strikes|p1a: Watahphone\n|-crit|p1a: Watahphone\n|-damage|p1a: Watahphone|40\/100\n|-crit|p1a: Watahphone\n|-damage|p1a: Watahphone|23\/100\n|-crit|p1a: Watahphone\n|-damage|p1a: Watahphone|3\/100\n|-hitcount|p1a: Watahphone|3\n|\n|upkeep\n|turn|18\n|\n|t:|1700942783\n|move|p2a: Ooga Booga|Surging Strikes|p1a: Watahphone\n|-crit|p1a: Watahphone\n|-damage|p1a: Watahphone|0 fnt\n|faint|p1a: Watahphone\n|-hitcount|p1: Watahphone|1\n|\n|upkeep\n|\n|t:|1700942793\n|switch|p1a: Kcehc tats|Hariyama, F|100\/100\n|-activate|p1a: Kcehc tats|move: Sticky Web\n|-unboost|p1a: Kcehc tats|spe|1\n|-damage|p1a: Kcehc tats|94\/100|[from] Stealth Rock\n|turn|19\n|\n|t:|1700942799\n|move|p2a: Ooga Booga|Surging Strikes|p1a: Kcehc tats\n|-crit|p1a: Kcehc tats\n|-damage|p1a: Kcehc tats|72\/100\n|-crit|p1a: Kcehc tats\n|-damage|p1a: Kcehc tats|50\/100\n|-crit|p1a: Kcehc tats\n|-damage|p1a: Kcehc tats|29\/100\n|-hitcount|p1a: Kcehc tats|3\n|move|p1a: Kcehc tats|Thunder Punch|p2a: Ooga Booga\n|-supereffective|p2a: Ooga Booga\n|-damage|p2a: Ooga Booga|50\/100\n|\n|upkeep\n|turn|20\n|\n|t:|1700942814\n|switch|p2a: Bamboozler|Noivern, M|100\/100\n|move|p1a: Kcehc tats|Bullet Punch|p2a: Bamboozler\n|-damage|p2a: Bamboozler|80\/100\n|\n|upkeep\n|turn|21\n|\n|t:|1700942839\n|switch|p1a: Kertano|Kartana|19\/100\n|-activate|p1a: Kertano|move: Sticky Web\n|-unboost|p1a: Kertano|spe|1\n|-damage|p1a: Kertano|13\/100|[from] Stealth Rock\n|move|p2a: Bamboozler|Hurricane|p1a: Kertano\n|-damage|p1a: Kertano|0 fnt\n|faint|p1a: Kertano\n|\n|upkeep\n|\n|t:|1700942848\n|switch|p1a: Propaganda|Latias, F|46\/100\n|-damage|p1a: Propaganda|34\/100|[from] Stealth Rock\n|turn|22\n|\n|t:|1700942859\n|move|p2a: Bamboozler|Hurricane|p1a: Propaganda\n|-damage|p1a: Propaganda|6\/100\n|-start|p1a: Propaganda|confusion\n|-activate|p1a: Propaganda|confusion\n|move|p1a: Propaganda|Air Slash|p2a: Bamboozler\n|-crit|p2a: Bamboozler\n|-damage|p2a: Bamboozler|35\/100\n|\n|upkeep\n|turn|23\n|\n|t:|1700942869\n|move|p2a: Bamboozler|Hurricane|p1a: Propaganda|[miss]\n|-miss|p2a: Bamboozler|p1a: Propaganda\n|-activate|p1a: Propaganda|confusion\n|move|p1a: Propaganda|Psychic|p2a: Bamboozler\n|-damage|p2a: Bamboozler|0 fnt\n|faint|p2a: Bamboozler\n|\n|upkeep\n|\n|t:|1700942875\n|switch|p2a: Ooga Booga|Urshifu-Rapid-Strike, F|50\/100\n|turn|24\n|\n|t:|1700942883\n|move|p2a: Ooga Booga|Close Combat|p1a: Propaganda\n|-resisted|p1a: Propaganda\n|-damage|p1a: Propaganda|0 fnt\n|-unboost|p2a: Ooga Booga|def|1\n|-unboost|p2a: Ooga Booga|spd|1\n|faint|p1a: Propaganda\n|\n|upkeep\n|\n|t:|1700942890\n|switch|p1a: Kcehc tats|Hariyama, F|29\/100\n|-activate|p1a: Kcehc tats|move: Sticky Web\n|-unboost|p1a: Kcehc tats|spe|1\n|-damage|p1a: Kcehc tats|22\/100|[from] Stealth Rock\n|turn|25\n|\n|t:|1700942895\n|move|p1a: Kcehc tats|Bullet Punch|p2a: Ooga Booga\n|-resisted|p2a: Ooga Booga\n|-damage|p2a: Ooga Booga|40\/100\n|move|p2a: Ooga Booga|Close Combat|p1a: Kcehc tats\n|-damage|p1a: Kcehc tats|0 fnt\n|-unboost|p2a: Ooga Booga|def|1\n|-unboost|p2a: Ooga Booga|spd|1\n|faint|p1a: Kcehc tats\n|\n|upkeep\n|\n|t:|1700942903\n|switch|p1a: Abusive frog gf|Diancie-Mega|13\/100\n|-activate|p1a: Abusive frog gf|move: Sticky Web\n|-unboost|p1a: Abusive frog gf|spe|1\n|-damage|p1a: Abusive frog gf|0 fnt|[from] Stealth Rock\n|faint|p1a: Abusive frog gf\n|\n|win|j.silverflame\n|l|\u2606yolo420dabmaster\n","uploadtime":1700942911,"views":30,"p1id":"yolo420dabmaster","p2id":"jsilverflame","formatid":"gen9nationaldex","rating":0,"private":0,"password":""}