{"id":"gen9nationaldex-1988083636","p1":"isma_PE","p2":"TeamGardevoir123","format":"[Gen 9] National Dex","log":"|j|\u2606isma_PE\n|j|\u2606TeamGardevoir123\n|t:|1699667512\n|gametype|singles\n|player|p1|isma_PE|hilbert-wonderlauncher|\n|player|p2|TeamGardevoir123|rosa-masters2|\n|teamsize|p1|6\n|teamsize|p2|6\n|gen|9\n|tier|[Gen 9] National Dex\n|rule|HP Percentage Mod: HP is shown in percentages\n|rule|Endless Battle Clause: Forcing endless battles is banned\n|rule|OHKO Clause: OHKO moves are banned\n|rule|Evasion Clause: Evasion abilities, items, and moves are banned\n|rule|Evasion Abilities Clause: Evasion abilities are banned\n|rule|Evasion Items Clause: Evasion items are banned\n|rule|Evasion Moves Clause: Evasion moves are banned\n|rule|Species Clause: Limit one of each Pok\u00e9mon\n|rule|Sleep Clause Mod: Limit one foe put to sleep\n|clearpoke\n|poke|p1|Meowscarada, M|\n|poke|p1|Moltres-Galar|\n|poke|p1|Brute Bonnet|\n|poke|p1|Grimmsnarl, M|\n|poke|p1|Necrozma|\n|poke|p1|Houndstone, F|\n|poke|p2|Amoonguss, M|\n|poke|p2|Absol, F|\n|poke|p2|Hatterene, F|\n|poke|p2|Grimmsnarl, M|\n|poke|p2|Delphox, F|\n|poke|p2|Moltres-Galar|\n|teampreview\n|\n|t:|1699667585\n|start\n|switch|p1a: Meowscarada|Meowscarada, M|100\/100\n|switch|p2a: Grimmsnarl|Grimmsnarl, M|100\/100\n|turn|1\n|\n|t:|1699667606\n|move|p1a: Meowscarada|Play Rough|p2a: Grimmsnarl\n|-start|p1a: Meowscarada|typechange|Fairy|[from] ability: Protean\n|-supereffective|p2a: Grimmsnarl\n|-damage|p2a: Grimmsnarl|0 fnt\n|faint|p2a: Grimmsnarl\n|\n|upkeep\n|\n|t:|1699667617\n|switch|p2a: Amoonguss|Amoonguss, M|100\/100\n|turn|2\n|\n|t:|1699667639\n|switch|p1a: Moltres|Moltres-Galar|100\/100\n|move|p2a: Amoonguss|Spore|p1a: Moltres\n|-status|p1a: Moltres|slp|[from] move: Spore\n|-enditem|p1a: Moltres|Chesto Berry|[eat]\n|-curestatus|p1a: Moltres|slp|[msg]\n|\n|upkeep\n|turn|3\n|\n|t:|1699667650\n|move|p1a: Moltres|Substitute|p1a: Moltres\n|-start|p1a: Moltres|Substitute\n|-damage|p1a: Moltres|76\/100\n|move|p2a: Amoonguss|Toxic||[still]\n|-fail|p2a: Amoonguss\n|\n|upkeep\n|turn|4\n|\n|t:|1699667671\n|switch|p2a: MBFF|Hatterene, F|100\/100\n|move|p1a: Moltres|Agility|p1a: Moltres\n|-boost|p1a: Moltres|spe|2\n|\n|upkeep\n|turn|5\n|\n|t:|1699667680\n|move|p1a: Moltres|Fiery Wrath|p2a: MBFF\n|-damage|p2a: MBFF|51\/100\n|cant|p2a: MBFF|flinch\n|\n|-heal|p2a: MBFF|57\/100|[from] item: Leftovers\n|upkeep\n|turn|6\n|\n|t:|1699667689\n|move|p1a: Moltres|Fiery Wrath|p2a: MBFF\n|-damage|p2a: MBFF|10\/100\n|move|p2a: MBFF|Draining Kiss|p1a: Moltres\n|-supereffective|p1a: Moltres\n|-end|p1a: Moltres|Substitute\n|-heal|p2a: MBFF|29\/100|[from] drain|[of] p1a: Moltres\n|\n|-heal|p2a: MBFF|35\/100|[from] item: Leftovers\n|upkeep\n|turn|7\n|\n|t:|1699667704\n|switch|p2a: Moltres|Moltres-Galar, shiny|100\/100\n|move|p1a: Moltres|Fiery Wrath|p2a: Moltres\n|-resisted|p2a: Moltres\n|-damage|p2a: Moltres|86\/100\n|\n|upkeep\n|turn|8\n|\n|t:|1699667744\n|switch|p1a: Grimmsnarl|Grimmsnarl, M|100\/100\n|move|p2a: Moltres|Tailwind|p2a: Moltres\n|-sidestart|p2: TeamGardevoir123|move: Tailwind\n|\n|upkeep\n|turn|9\n|\n|t:|1699667759\n|move|p1a: Grimmsnarl|Light Screen|p1a: Grimmsnarl\n|-sidestart|p1: isma_PE|move: Light Screen\n|move|p2a: Moltres|Hurricane|p1a: Grimmsnarl|[miss]\n|-miss|p2a: Moltres|p1a: Grimmsnarl\n|\n|upkeep\n|turn|10\n|\n|t:|1699667777\n|switch|p2a: Amoonguss|Amoonguss, M|100\/100\n|move|p1a: Grimmsnarl|Reflect|p1a: Grimmsnarl\n|-sidestart|p1: isma_PE|Reflect\n|\n|upkeep\n|turn|11\n|\n|t:|1699667800\n|move|p1a: Grimmsnarl|Thunder Wave|p2a: Amoonguss\n|-status|p2a: Amoonguss|par\n|move|p2a: Amoonguss|Toxic|p1a: Grimmsnarl\n|-status|p1a: Grimmsnarl|tox\n|\n|-damage|p1a: Grimmsnarl|94\/100 tox|[from] psn\n|-sideend|p2: TeamGardevoir123|move: Tailwind\n|upkeep\n|turn|12\n|\n|t:|1699667812\n|move|p1a: Grimmsnarl|Parting Shot|p2a: Amoonguss\n|-unboost|p2a: Amoonguss|atk|1\n|-unboost|p2a: Amoonguss|spa|1\n|\n|t:|1699667820\n|switch|p1a: Meowscarada|Meowscarada, M|100\/100|[from] Parting Shot\n|move|p2a: Amoonguss|Sludge Bomb|p1a: Meowscarada\n|-supereffective|p1a: Meowscarada\n|-damage|p1a: Meowscarada|70\/100\n|\n|upkeep\n|turn|13\n|\n|t:|1699667880\n|move|p1a: Meowscarada|Play Rough|p2a: Amoonguss\n|-start|p1a: Meowscarada|typechange|Fairy|[from] ability: Protean\n|-resisted|p2a: Amoonguss\n|-damage|p2a: Amoonguss|67\/100 par\n|-damage|p1a: Meowscarada|53\/100|[from] item: Rocky Helmet|[of] p2a: Amoonguss\n|move|p2a: Amoonguss|Sludge Bomb|p1a: Meowscarada\n|-supereffective|p1a: Meowscarada\n|-damage|p1a: Meowscarada|23\/100\n|\n|upkeep\n|turn|14\n|\n|t:|1699667900\n|switch|p1a: Necrozma|Necrozma|100\/100\n|move|p2a: Amoonguss|Sludge Bomb|p1a: Necrozma\n|-damage|p1a: Necrozma|90\/100\n|\n|upkeep\n|turn|15\n|\n|t:|1699667910\n|move|p1a: Necrozma|Substitute|p1a: Necrozma\n|-start|p1a: Necrozma|Substitute\n|-damage|p1a: Necrozma|65\/100\n|cant|p2a: Amoonguss|par\n|\n|upkeep\n|turn|16\n|\n|t:|1699667926\n|switch|p2a: Moltres|Moltres-Galar, shiny|86\/100\n|move|p1a: Necrozma|Photon Geyser|p2a: Moltres\n|-immune|p2a: Moltres\n|\n|-sideend|p1: isma_PE|move: Light Screen\n|upkeep\n|turn|17\n|\n|t:|1699667953\n|switch|p1a: Moltres|Moltres-Galar|76\/100\n|move|p2a: Moltres|Fiery Wrath|p1a: Moltres\n|-resisted|p1a: Moltres\n|-damage|p1a: Moltres|57\/100\n|\n|-sideend|p1: isma_PE|Reflect\n|upkeep\n|turn|18\n|\n|t:|1699667970\n|move|p1a: Moltres|Fiery Wrath|p2a: Moltres\n|-resisted|p2a: Moltres\n|-damage|p2a: Moltres|70\/100\n|cant|p2a: Moltres|flinch\n|\n|upkeep\n|turn|19\n|\n|t:|1699668006\n|move|p1a: Moltres|Substitute|p1a: Moltres\n|-start|p1a: Moltres|Substitute\n|-damage|p1a: Moltres|32\/100\n|move|p2a: Moltres|Tailwind|p2a: Moltres\n|-sidestart|p2: TeamGardevoir123|move: Tailwind\n|\n|upkeep\n|turn|20\n|\n|t:|1699668017\n|move|p2a: Moltres|Hurricane|p1a: Moltres\n|-crit|p1a: Moltres\n|-end|p1a: Moltres|Substitute\n|move|p1a: Moltres|Agility|p1a: Moltres\n|-boost|p1a: Moltres|spe|2\n|\n|upkeep\n|turn|21\n|\n|t:|1699668028\n|move|p1a: Moltres|Rest|p1a: Moltres\n|-status|p1a: Moltres|slp|[from] move: Rest\n|-heal|p1a: Moltres|100\/100 slp|[silent]\n|move|p2a: Moltres|Hurricane|p1a: Moltres\n|-damage|p1a: Moltres|53\/100 slp\n|-start|p1a: Moltres|confusion\n|\n|upkeep\n|turn|22\n|\n|t:|1699668040\n|cant|p1a: Moltres|slp\n|move|p2a: Moltres|Hurricane|p1a: Moltres|[miss]\n|-miss|p2a: Moltres|p1a: Moltres\n|\n|-sideend|p2: TeamGardevoir123|move: Tailwind\n|upkeep\n|turn|23\n|\n|t:|1699668047\n|cant|p1a: Moltres|slp\n|move|p2a: Moltres|Hurricane|p1a: Moltres|[miss]\n|-miss|p2a: Moltres|p1a: Moltres\n|\n|upkeep\n|turn|24\n|\n|t:|1699668053\n|-curestatus|p1a: Moltres|slp|[msg]\n|-activate|p1a: Moltres|confusion\n|-damage|p1a: Moltres|46\/100|[from] confusion\n|move|p2a: Moltres|Hurricane|p1a: Moltres\n|-damage|p1a: Moltres|0 fnt\n|faint|p1a: Moltres\n|\n|upkeep\n|\n|t:|1699668066\n|switch|p1a: Meowscarada|Meowscarada, M|23\/100\n|turn|25\n|\n|t:|1699668072\n|switch|p2a: Amoonguss|Amoonguss, M|99\/100 par\n|move|p1a: Meowscarada|U-turn|p2a: Amoonguss\n|-start|p1a: Meowscarada|typechange|Bug|[from] ability: Protean\n|-damage|p2a: Amoonguss|41\/100 par\n|-damage|p1a: Meowscarada|6\/100|[from] item: Rocky Helmet|[of] p2a: Amoonguss\n|\n|t:|1699668107\n|switch|p1a: Necrozma|Necrozma|65\/100|[from] U-turn\n|\n|upkeep\n|turn|26\n|\n|t:|1699668120\n|switch|p1a: Grimmsnarl|Grimmsnarl, M|94\/100 tox\n|switch|p2a: Moltres|Moltres-Galar, shiny|70\/100\n|\n|-damage|p1a: Grimmsnarl|88\/100 tox|[from] psn\n|upkeep\n|turn|27\n|\n|t:|1699668128\n|switch|p2a: MBFF|Hatterene, F|35\/100\n|move|p1a: Grimmsnarl|Thunder Wave|p2a: MBFF\n|move|p2a: MBFF|Thunder Wave||[from]ability: Magic Bounce|[still]\n|-fail|p2a: MBFF\n|\n|-heal|p2a: MBFF|41\/100|[from] item: Leftovers\n|-damage|p1a: Grimmsnarl|76\/100 tox|[from] psn\n|upkeep\n|turn|28\n|\n|t:|1699668145\n|move|p1a: Grimmsnarl|Parting Shot|p2a: MBFF\n|move|p2a: MBFF|Parting Shot|p1a: Grimmsnarl|[from]ability: Magic Bounce\n|-unboost|p1a: Grimmsnarl|atk|1\n|-unboost|p1a: Grimmsnarl|spa|1\n|\n|t:|1699668153\n|switch|p2a: Absolem|Absol, F|100\/100|[from] Parting Shot\n|-ability|p2a: Absolem|Pressure\n|\n|-damage|p1a: Grimmsnarl|58\/100 tox|[from] psn\n|upkeep\n|turn|29\n|\n|t:|1699668166\n|detailschange|p2a: Absolem|Absol-Mega, F\n|-mega|p2a: Absolem|Absol|Absolite\n|move|p1a: Grimmsnarl|Reflect|p1a: Grimmsnarl\n|-sidestart|p1: isma_PE|Reflect\n|move|p2a: Absolem|Knock Off|p1a: Grimmsnarl\n|-resisted|p1a: Grimmsnarl\n|-damage|p1a: Grimmsnarl|49\/100 tox\n|-enditem|p1a: Grimmsnarl|Light Clay|[from] move: Knock Off|[of] p2a: Absolem\n|\n|-damage|p1a: Grimmsnarl|25\/100 tox|[from] psn\n|upkeep\n|turn|30\n|\n|t:|1699668180\n|switch|p2a: MBFF|Hatterene, F|41\/100\n|switch|p1a: Brute Bonnet|Brute Bonnet|100\/100\n|\n|-heal|p2a: MBFF|47\/100|[from] item: Leftovers\n|upkeep\n|turn|31\n|\n|t:|1699668195\n|move|p1a: Brute Bonnet|Seed Bomb|p2a: MBFF\n|-crit|p2a: MBFF\n|-damage|p2a: MBFF|0 fnt\n|faint|p2a: MBFF\n|\n|upkeep\n|\n|t:|1699668202\n|switch|p2a: Moltres|Moltres-Galar, shiny|70\/100\n|turn|32\n|\n|t:|1699668235\n|move|p2a: Moltres|Hurricane|p1a: Brute Bonnet\n|-supereffective|p1a: Brute Bonnet\n|-damage|p1a: Brute Bonnet|9\/100\n|move|p1a: Brute Bonnet|Spore|p2a: Moltres\n|-status|p2a: Moltres|slp|[from] move: Spore\n|-enditem|p2a: Moltres|Chesto Berry|[eat]\n|-curestatus|p2a: Moltres|slp|[msg]\n|\n|upkeep\n|turn|33\n|\n|t:|1699668266\n|-terastallize|p1a: Brute Bonnet|Dark\n|move|p1a: Brute Bonnet|Sucker Punch|p2a: Moltres\n|-resisted|p2a: Moltres\n|-crit|p2a: Moltres\n|-damage|p2a: Moltres|22\/100\n|-ability|p2a: Moltres|Berserk|boost\n|-boost|p2a: Moltres|spa|1\n|move|p2a: Moltres|Fiery Wrath|p1a: Brute Bonnet\n|-resisted|p1a: Brute Bonnet\n|-damage|p1a: Brute Bonnet|0 fnt\n|faint|p1a: Brute Bonnet\n|-end|p1a: Brute Bonnet|Protosynthesis|[silent]\n|\n|upkeep\n|\n|t:|1699668281\n|switch|p1a: Meowscarada|Meowscarada, M|6\/100\n|turn|34\n|\n|t:|1699668289\n|switch|p2a: Amoonguss|Amoonguss, M|74\/100 par\n|move|p1a: Meowscarada|Flower Trick|p2a: Amoonguss\n|-start|p1a: Meowscarada|typechange|Grass|[from] ability: Protean\n|-resisted|p2a: Amoonguss\n|-crit|p2a: Amoonguss\n|-damage|p2a: Amoonguss|51\/100 par\n|\n|upkeep\n|turn|35\n|\n|t:|1699668318\n|switch|p1a: Grimmsnarl|Grimmsnarl, M|25\/100 tox\n|move|p2a: Amoonguss|Toxic|p1a: Grimmsnarl\n|-fail|p1a: Grimmsnarl|tox\n|\n|-damage|p1a: Grimmsnarl|19\/100 tox|[from] psn\n|upkeep\n|turn|36\n|\n|t:|1699668330\n|move|p1a: Grimmsnarl|Light Screen|p1a: Grimmsnarl\n|-sidestart|p1: isma_PE|move: Light Screen\n|move|p2a: Amoonguss|Sludge Bomb|p1a: Grimmsnarl\n|-supereffective|p1a: Grimmsnarl\n|-damage|p1a: Grimmsnarl|0 fnt\n|faint|p1a: Grimmsnarl\n|\n|-sideend|p1: isma_PE|Reflect\n|upkeep\n|\n|t:|1699668342\n|switch|p1a: Necrozma|Necrozma|65\/100\n|turn|37\n|\n|t:|1699668384\n|switch|p2a: Delphox|Delphox, F|100\/100\n|move|p1a: Necrozma|Photon Geyser|p2a: Delphox\n|-resisted|p2a: Delphox\n|-damage|p2a: Delphox|61\/100\n|\n|upkeep\n|turn|38\n|\n|t:|1699668400\n|move|p2a: Delphox|Trick|p1a: Necrozma\n|-activate|p2a: Delphox|move: Trick|[of] p1a: Necrozma\n|-item|p1a: Necrozma|Choice Specs|[from] move: Trick\n|-item|p2a: Delphox|Weakness Policy|[from] move: Trick\n|move|p1a: Necrozma|Earthquake|p2a: Delphox\n|-supereffective|p2a: Delphox\n|-damage|p2a: Delphox|0 fnt\n|faint|p2a: Delphox\n|\n|upkeep\n|\n|t:|1699668409\n|switch|p2a: Moltres|Moltres-Galar, shiny|22\/100\n|turn|39\n|\n|t:|1699668417\n|switch|p1a: Houndstone|Houndstone, F|100\/100\n|move|p2a: Moltres|Hurricane|p1a: Houndstone|[miss]\n|-miss|p2a: Moltres|p1a: Houndstone\n|\n|upkeep\n|turn|40\n|\n|t:|1699668447\n|move|p2a: Moltres|Tailwind|p2a: Moltres\n|-sidestart|p2: TeamGardevoir123|move: Tailwind\n|move|p1a: Houndstone|Body Press|p2a: Moltres\n|-damage|p2a: Moltres|0 fnt\n|faint|p2a: Moltres\n|\n|-sideend|p1: isma_PE|move: Light Screen\n|upkeep\n|\n|t:|1699668458\n|switch|p2a: Amoonguss|Amoonguss, M|85\/100 par\n|turn|41\n|\n|t:|1699668469\n|move|p1a: Houndstone|Poltergeist|p2a: Amoonguss\n|-activate|p2a: Amoonguss|move: Poltergeist|Rocky Helmet\n|-damage|p2a: Amoonguss|42\/100 par\n|cant|p2a: Amoonguss|par\n|\n|upkeep\n|turn|42\n|\n|t:|1699668480\n|move|p1a: Houndstone|Poltergeist|p2a: Amoonguss\n|-activate|p2a: Amoonguss|move: Poltergeist|Rocky Helmet\n|-damage|p2a: Amoonguss|0 fnt\n|faint|p2a: Amoonguss\n|\n|upkeep\n|\n|t:|1699668488\n|switch|p2a: Absolem|Absol-Mega, F|100\/100\n|turn|43\n|\n|t:|1699668495\n|move|p2a: Absolem|Knock Off|p1a: Houndstone\n|-supereffective|p1a: Houndstone\n|-damage|p1a: Houndstone|64\/100\n|-enditem|p1a: Houndstone|Leftovers|[from] move: Knock Off|[of] p2a: Absolem\n|move|p1a: Houndstone|Body Press|p2a: Absolem\n|-supereffective|p2a: Absolem\n|-crit|p2a: Absolem\n|-damage|p2a: Absolem|0 fnt\n|faint|p2a: Absolem\n|\n|win|isma_PE\n|c|\u2606isma_PE|Un grande houndstone\n","uploadtime":1699668518,"views":4,"p1id":"ismape","p2id":"teamgardevoir123","formatid":"gen9nationaldex","rating":0,"private":0,"password":""}