{"id":"gen9nationaldex-1987100378","p1":"king0fallkarp","p2":"Sherlock4580","format":"[Gen 9] National Dex","log":"|j|\u2606king0fallkarp\n|j|\u2606Sherlock4580\n|t:|1699556065\n|gametype|singles\n|player|p1|king0fallkarp|169|1084\n|player|p2|Sherlock4580|silver|1014\n|teamsize|p1|6\n|teamsize|p2|6\n|gen|9\n|tier|[Gen 9] National Dex\n|rated|\n|rule|HP Percentage Mod: HP is shown in percentages\n|rule|Endless Battle Clause: Forcing endless battles is banned\n|rule|OHKO Clause: OHKO moves are banned\n|rule|Evasion Clause: Evasion abilities, items, and moves are banned\n|rule|Evasion Abilities Clause: Evasion abilities are banned\n|rule|Evasion Items Clause: Evasion items are banned\n|rule|Evasion Moves Clause: Evasion moves are banned\n|rule|Species Clause: Limit one of each Pok\u00e9mon\n|rule|Sleep Clause Mod: Limit one foe put to sleep\n|clearpoke\n|poke|p1|Diancie|\n|poke|p1|Landorus-Therian, M|\n|poke|p1|Gigalith, M|\n|poke|p1|Pawmot, M|\n|poke|p1|Rabsca, M|\n|poke|p1|Blacephalon|\n|poke|p2|Munkidori, M|\n|poke|p2|Alomomola, M|\n|poke|p2|Ursaluna-Bloodmoon, M|\n|poke|p2|Lopunny, F|\n|poke|p2|Victini|\n|poke|p2|Salamence, F|\n|teampreview\n|\n|t:|1699556077\n|start\n|switch|p1a: Landorus|Landorus-Therian, M|100\/100\n|switch|p2a: Munkidori|Munkidori, M|100\/100\n|-ability|p1a: Landorus|Intimidate|boost\n|-unboost|p2a: Munkidori|atk|1\n|turn|1\n|\n|t:|1699556084\n|move|p2a: Munkidori|Future Sight|p1a: Landorus\n|-start|p2a: Munkidori|move: Future Sight\n|move|p1a: Landorus|Explosion|p2a: Munkidori\n|-damage|p2a: Munkidori|0 fnt\n|faint|p1a: Landorus\n|faint|p2a: Munkidori\n|\n|upkeep\n|\n|t:|1699556096\n|switch|p2a: Lopunny|Lopunny, F|100\/100\n|switch|p1a: Diancie|Diancie|100\/100\n|turn|2\n|\n|t:|1699556106\n|detailschange|p2a: Lopunny|Lopunny-Mega, F\n|-mega|p2a: Lopunny|Lopunny|Lopunnite\n|detailschange|p1a: Diancie|Diancie-Mega\n|-mega|p1a: Diancie|Diancie|Diancite\n|move|p2a: Lopunny|Fake Out|p1a: Diancie\n|-resisted|p1a: Diancie\n|-damage|p1a: Diancie|87\/100\n|cant|p1a: Diancie|flinch\n|\n|upkeep\n|turn|3\n|\n|t:|1699556116\n|move|p1a: Diancie|Explosion|p2a: Lopunny\n|-damage|p2a: Lopunny|0 fnt\n|faint|p1a: Diancie\n|faint|p2a: Lopunny\n|\n|-hint|Future Sight did not hit because the target is fainted.\n|upkeep\n|\n|t:|1699556126\n|switch|p2a: Alomomola|Alomomola, M|100\/100\n|switch|p1a: Gigalith|Gigalith, M|100\/100\n|turn|4\n|\n|t:|1699556132\n|-terastallize|p1a: Gigalith|Normal\n|move|p2a: Alomomola|Light Screen|p2a: Alomomola\n|-sidestart|p2: Sherlock4580|move: Light Screen\n|move|p1a: Gigalith|Explosion|p2a: Alomomola\n|-damage|p2a: Alomomola|0 fnt\n|faint|p1a: Gigalith\n|faint|p2a: Alomomola\n|\n|upkeep\n|\n|t:|1699556141\n|switch|p2a: Victini|Victini|100\/100\n|switch|p1a: Pawmot|Pawmot, M|100\/100\n|turn|5\n|\n|t:|1699556146\n|move|p1a: Pawmot|Revival Blessing|p1a: Pawmot\n|-enditem|p1a: Pawmot|Leppa Berry|[eat]\n|-activate|p1a: Pawmot|item: Leppa Berry|Revival Blessing|[consumed]\n|\n|t:|1699556149\n|-heal|p1: Diancie|50\/100|[from] move: Revival Blessing\n|move|p2a: Victini|Psyshock|p1a: Pawmot\n|-supereffective|p1a: Pawmot\n|-damage|p1a: Pawmot|38\/100\n|\n|upkeep\n|turn|6\n|\n|t:|1699556156\n|move|p1a: Pawmot|Revival Blessing|p1a: Pawmot\n|\n|t:|1699556161\n|-heal|p1: Landorus|50\/100|[from] move: Revival Blessing\n|move|p2a: Victini|Psyshock|p1a: Pawmot\n|-supereffective|p1a: Pawmot\n|-damage|p1a: Pawmot|0 fnt\n|faint|p1a: Pawmot\n|\n|upkeep\n|\n|t:|1699556167\n|switch|p1a: Diancie|Diancie-Mega|50\/100\n|turn|7\n|\n|t:|1699556173\n|move|p1a: Diancie|Explosion|p2a: Victini\n|-damage|p2a: Victini|10\/100\n|-enditem|p2a: Victini|Aguav Berry|[eat]\n|-heal|p2a: Victini|43\/100|[from] item: Aguav Berry\n|faint|p1a: Diancie\n|move|p2a: Victini|Trick Room|p2a: Victini\n|-fieldstart|move: Trick Room|[of] p2a: Victini\n|\n|upkeep\n|\n|t:|1699556183\n|switch|p1a: Landorus|Landorus-Therian, M|50\/100\n|-ability|p1a: Landorus|Intimidate|boost\n|-unboost|p2a: Victini|atk|1\n|turn|8\n|\n|t:|1699556192\n|move|p2a: Victini|Psyshock|p1a: Landorus\n|-damage|p1a: Landorus|18\/100\n|move|p1a: Landorus|Explosion|p2a: Victini\n|-damage|p2a: Victini|0 fnt\n|faint|p1a: Landorus\n|faint|p2a: Victini\n|\n|-sideend|p2: Sherlock4580|move: Light Screen\n|upkeep\n|\n|t:|1699556200\n|switch|p2a: Salamence|Salamence, F|100\/100\n|switch|p1a: Rabsca|Rabsca, M|100\/100\n|-ability|p2a: Salamence|Intimidate|boost\n|-unboost|p1a: Rabsca|atk|1\n|turn|9\n|\n|t:|1699556212\n|switch|p2a: Ursaluna|Ursaluna-Bloodmoon, M|100\/100\n|move|p1a: Rabsca|Revival Blessing|p1a: Rabsca\n|-enditem|p1a: Rabsca|Leppa Berry|[eat]\n|-activate|p1a: Rabsca|item: Leppa Berry|Revival Blessing|[consumed]\n|\n|t:|1699556219\n|-heal|p1: Diancie|50\/100|[from] move: Revival Blessing\n|\n|upkeep\n|turn|10\n|\n|t:|1699556228\n|move|p1a: Rabsca|Revival Blessing|p1a: Rabsca\n|\n|t:|1699556231\n|-heal|p1: Landorus|50\/100|[from] move: Revival Blessing\n|move|p2a: Ursaluna|Blood Moon|p1a: Rabsca\n|-damage|p1a: Rabsca|25\/100\n|\n|upkeep\n|turn|11\n|\n|t:|1699556237\n|switch|p1a: Blacephalon|Blacephalon|100\/100\n|move|p2a: Ursaluna|Earth Power|p1a: Blacephalon\n|-supereffective|p1a: Blacephalon\n|-damage|p1a: Blacephalon|0 fnt\n|faint|p1a: Blacephalon\n|\n|-fieldend|move: Trick Room\n|upkeep\n|\n|t:|1699556241\n|switch|p1a: Landorus|Landorus-Therian, M|50\/100\n|-ability|p1a: Landorus|Intimidate|boost\n|-unboost|p2a: Ursaluna|atk|1\n|turn|12\n|\n|t:|1699556245\n|move|p1a: Landorus|Explosion|p2a: Ursaluna\n|-damage|p2a: Ursaluna|0 fnt\n|faint|p1a: Landorus\n|faint|p2a: Ursaluna\n|\n|upkeep\n|\n|t:|1699556250\n|switch|p1a: Diancie|Diancie-Mega|50\/100\n|switch|p2a: Salamence|Salamence, F|100\/100\n|-ability|p2a: Salamence|Intimidate|boost\n|-unboost|p1a: Diancie|atk|1\n|turn|13\n|\n|t:|1699556267\n|move|p1a: Diancie|Explosion|p2a: Salamence\n|-damage|p2a: Salamence|15\/100\n|-enditem|p2a: Salamence|Aguav Berry|[eat]\n|-heal|p2a: Salamence|49\/100|[from] item: Aguav Berry\n|faint|p1a: Diancie\n|move|p2a: Salamence|Earthquake|p1: Diancie|[notarget]\n|-fail|p2a: Salamence\n|\n|upkeep\n|inactive|Battle timer is ON: inactive players will automatically lose when time's up. (requested by king0fallkarp)\n|\n|t:|1699556274\n|switch|p1a: Rabsca|Rabsca, M|25\/100\n|turn|14\n|\n|t:|1699556279\n|move|p2a: Salamence|Dual Wingbeat|p1a: Rabsca\n|-supereffective|p1a: Rabsca\n|-damage|p1a: Rabsca|0 fnt\n|faint|p1a: Rabsca\n|-hitcount|p1: Rabsca|1\n|\n|win|Sherlock4580\n|raw|king0fallkarp's rating: 1084 &rarr; <strong>1057<\/strong><br \/>(-27 for losing)\n|raw|Sherlock4580's rating: 1014 &rarr; <strong>1059<\/strong><br \/>(+45 for winning)\n|l|\u2606king0fallkarp\n","uploadtime":1699556284,"views":4,"p1id":"king0fallkarp","p2id":"sherlock4580","formatid":"gen9nationaldex","rating":1057,"private":0,"password":""}