{"id":"gen9nationaldex-1992671739","p1":"hydrodragon1236","p2":"viiicey","format":"[Gen 9] National Dex","log":"|j|\u2606hydrodragon1236\n|j|\u2606viiicey\n|t:|1700223352\n|gametype|singles\n|player|p1|hydrodragon1236|1|1266\n|player|p2|viiicey|102|1277\n|teamsize|p1|6\n|teamsize|p2|6\n|gen|9\n|tier|[Gen 9] National Dex\n|rated|\n|rule|HP Percentage Mod: HP is shown in percentages\n|rule|Endless Battle Clause: Forcing endless battles is banned\n|rule|OHKO Clause: OHKO moves are banned\n|rule|Evasion Clause: Evasion abilities, items, and moves are banned\n|rule|Evasion Abilities Clause: Evasion abilities are banned\n|rule|Evasion Items Clause: Evasion items are banned\n|rule|Evasion Moves Clause: Evasion moves are banned\n|rule|Species Clause: Limit one of each Pok\u00e9mon\n|rule|Sleep Clause Mod: Limit one foe put to sleep\n|clearpoke\n|poke|p1|Abomasnow, F|\n|poke|p1|Noivern, F|\n|poke|p1|Dubwool, F|\n|poke|p1|Lanturn, F|\n|poke|p1|Overqwil, M|\n|poke|p1|Zoroark-Hisui, F|\n|poke|p2|Slaking, M|\n|poke|p2|Mew|\n|poke|p2|Venusaur, M|\n|poke|p2|Cobalion|\n|poke|p2|Grafaiai, M|\n|poke|p2|Hippowdon, M|\n|teampreview\n|inactive|Battle timer is ON: inactive players will automatically lose when time's up. (requested by viiicey)\n|\n|t:|1700223364\n|start\n|switch|p1a: Dubwool|Dubwool, F|100\/100\n|switch|p2a: Hafthor|Slaking, M|100\/100\n|turn|1\n|\n|t:|1700223370\n|-terastallize|p2a: Hafthor|Normal\n|move|p2a: Hafthor|Return|p1a: Dubwool\n|-damage|p1a: Dubwool|19\/100\n|move|p1a: Dubwool|Cotton Guard|p1a: Dubwool\n|-boost|p1a: Dubwool|def|3\n|\n|-heal|p1a: Dubwool|25\/100|[from] item: Leftovers\n|upkeep\n|turn|2\n|\n|t:|1700223378\n|switch|p2a: Big Z|Grafaiai, M|100\/100\n|move|p1a: Dubwool|Body Press|p2a: Big Z\n|-damage|p2a: Big Z|11\/100\n|\n|-heal|p1a: Dubwool|31\/100|[from] item: Leftovers\n|upkeep\n|turn|3\n|\n|t:|1700223384\n|move|p2a: Big Z|Toxic|p1a: Dubwool\n|-status|p1a: Dubwool|tox\n|move|p1a: Dubwool|Zen Headbutt|p2a: Big Z\n|-supereffective|p2a: Big Z\n|-damage|p2a: Big Z|0 fnt\n|faint|p2a: Big Z\n|\n|-heal|p1a: Dubwool|37\/100 tox|[from] item: Leftovers\n|-damage|p1a: Dubwool|31\/100 tox|[from] psn\n|upkeep\n|\n|t:|1700223402\n|switch|p2a: Nakonechnyy|Venusaur, M|100\/100\n|turn|4\n|\n|t:|1700223408\n|detailschange|p2a: Nakonechnyy|Venusaur-Mega, M\n|-mega|p2a: Nakonechnyy|Venusaur|Venusaurite\n|move|p1a: Dubwool|Zen Headbutt|p2a: Nakonechnyy\n|-supereffective|p2a: Nakonechnyy\n|-damage|p2a: Nakonechnyy|75\/100\n|cant|p2a: Nakonechnyy|flinch\n|\n|-heal|p1a: Dubwool|37\/100 tox|[from] item: Leftovers\n|-damage|p1a: Dubwool|25\/100 tox|[from] psn\n|upkeep\n|turn|5\n|\n|t:|1700223416\n|move|p1a: Dubwool|Zen Headbutt|p2a: Nakonechnyy\n|-supereffective|p2a: Nakonechnyy\n|-damage|p2a: Nakonechnyy|52\/100\n|move|p2a: Nakonechnyy|Giga Drain|p1a: Dubwool\n|-damage|p1a: Dubwool|0 fnt\n|-heal|p2a: Nakonechnyy|64\/100|[from] drain|[of] p1a: Dubwool\n|faint|p1a: Dubwool\n|\n|upkeep\n|\n|t:|1700223440\n|switch|p1a: Abomasnow|Abomasnow, F|100\/100\n|-weather|Snow|[from] ability: Snow Warning|[of] p1a: Abomasnow\n|turn|6\n|\n|t:|1700223445\n|detailschange|p1a: Abomasnow|Abomasnow-Mega, F\n|-mega|p1a: Abomasnow|Abomasnow|Abomasite\n|move|p2a: Nakonechnyy|Sludge Bomb|p1a: Abomasnow\n|-supereffective|p1a: Abomasnow\n|-damage|p1a: Abomasnow|45\/100\n|-status|p1a: Abomasnow|psn\n|move|p1a: Abomasnow|Blizzard|p2a: Nakonechnyy\n|-supereffective|p2a: Nakonechnyy\n|-damage|p2a: Nakonechnyy|34\/100\n|\n|-weather|Snow|[upkeep]\n|-damage|p1a: Abomasnow|32\/100 psn|[from] psn\n|upkeep\n|turn|7\n|\n|t:|1700223453\n|switch|p1a: Lanturn|Lanturn, F|100\/100\n|move|p2a: Nakonechnyy|Synthesis|p2a: Nakonechnyy\n|-heal|p2a: Nakonechnyy|59\/100\n|\n|-weather|Snow|[upkeep]\n|upkeep\n|turn|8\n|\n|t:|1700223459\n|move|p2a: Nakonechnyy|Giga Drain|p1a: Lanturn\n|-supereffective|p1a: Lanturn\n|-damage|p1a: Lanturn|49\/100\n|-heal|p2a: Nakonechnyy|91\/100|[from] drain|[of] p1a: Lanturn\n|move|p1a: Lanturn|Thunder Wave|p2a: Nakonechnyy\n|-status|p2a: Nakonechnyy|par\n|\n|-weather|Snow|[upkeep]\n|-heal|p1a: Lanturn|55\/100|[from] item: Leftovers\n|upkeep\n|turn|9\n|\n|t:|1700223465\n|switch|p1a: Noivern|Noivern, F|100\/100\n|move|p2a: Nakonechnyy|Giga Drain|p1a: Noivern\n|-resisted|p1a: Noivern\n|-damage|p1a: Noivern|90\/100\n|-heal|p2a: Nakonechnyy|96\/100 par|[from] drain|[of] p1a: Noivern\n|\n|-weather|Snow|[upkeep]\n|upkeep\n|turn|10\n|\n|t:|1700223475\n|switch|p2a: Licis|Mew|100\/100\n|move|p1a: Noivern|Air Slash|p2a: Licis\n|-damage|p2a: Licis|75\/100\n|\n|-weather|none\n|upkeep\n|turn|11\n|\n|t:|1700223480\n|-terastallize|p1a: Noivern|Normal\n|move|p1a: Noivern|Boomburst|p2a: Licis\n|-damage|p2a: Licis|32\/100\n|-enditem|p1a: Noivern|Throat Spray\n|-boost|p1a: Noivern|spa|1|[from] item: Throat Spray\n|move|p2a: Licis|Psychic|p1a: Noivern\n|-damage|p1a: Noivern|47\/100\n|\n|upkeep\n|turn|12\n|\n|t:|1700223488\n|move|p1a: Noivern|Boomburst|p2a: Licis\n|-damage|p2a: Licis|0 fnt\n|faint|p2a: Licis\n|\n|upkeep\n|\n|t:|1700223491\n|switch|p2a: Hafthor|Slaking, M, tera:Normal|100\/100\n|turn|13\n|\n|t:|1700223497\n|move|p2a: Hafthor|Sucker Punch|p1a: Noivern\n|-damage|p1a: Noivern|0 fnt\n|faint|p1a: Noivern\n|\n|upkeep\n|\n|t:|1700223505\n|switch|p1a: Overqwil|Overqwil, M|100\/100\n|turn|14\n|\n|t:|1700223513\n|switch|p2a: Shaw|Hippowdon, M|100\/100\n|-weather|Sandstorm|[from] ability: Sand Stream|[of] p2a: Shaw\n|move|p1a: Overqwil|Sludge Bomb|p2a: Shaw\n|-resisted|p2a: Shaw\n|-damage|p2a: Shaw|78\/100\n|\n|-weather|Sandstorm|[upkeep]\n|-damage|p1a: Overqwil|95\/100|[from] Sandstorm\n|-heal|p2a: Shaw|85\/100|[from] item: Leftovers\n|upkeep\n|turn|15\n|\n|t:|1700223522\n|switch|p1a: Abomasnow|Abomasnow-Mega, F|32\/100 psn\n|-weather|Snow|[from] ability: Snow Warning|[of] p1a: Abomasnow\n|move|p2a: Shaw|Yawn||[still]\n|-fail|p2a: Shaw\n|\n|-weather|Snow|[upkeep]\n|-heal|p2a: Shaw|91\/100|[from] item: Leftovers\n|-damage|p1a: Abomasnow|20\/100 psn|[from] psn\n|upkeep\n|turn|16\n|\n|t:|1700223530\n|switch|p2a: Nakonechnyy|Venusaur-Mega, M|96\/100 par\n|move|p1a: Abomasnow|Giga Drain|p2a: Nakonechnyy\n|-resisted|p2a: Nakonechnyy\n|-damage|p2a: Nakonechnyy|91\/100 par\n|-heal|p1a: Abomasnow|23\/100 psn|[from] drain|[of] p2a: Nakonechnyy\n|\n|-weather|Snow|[upkeep]\n|-damage|p1a: Abomasnow|11\/100 psn|[from] psn\n|upkeep\n|turn|17\n|\n|t:|1700223538\n|move|p1a: Abomasnow|Ice Shard|p2a: Nakonechnyy\n|-supereffective|p2a: Nakonechnyy\n|-damage|p2a: Nakonechnyy|74\/100 par\n|cant|p2a: Nakonechnyy|par\n|\n|-weather|Snow|[upkeep]\n|-damage|p1a: Abomasnow|0 fnt|[from] psn\n|faint|p1a: Abomasnow\n|upkeep\n|\n|t:|1700223544\n|switch|p1a: Overqwil|Overqwil, M|100\/100\n|-ability|p1a: Overqwil|Intimidate|boost\n|-unboost|p2a: Nakonechnyy|atk|1\n|turn|18\n|\n|t:|1700223549\n|switch|p2a: Shaw|Hippowdon, M|91\/100\n|-weather|Sandstorm|[from] ability: Sand Stream|[of] p2a: Shaw\n|move|p1a: Overqwil|Crunch|p2a: Shaw\n|-damage|p2a: Shaw|71\/100\n|\n|-weather|Sandstorm|[upkeep]\n|-damage|p1a: Overqwil|94\/100|[from] Sandstorm\n|-heal|p2a: Shaw|77\/100|[from] item: Leftovers\n|upkeep\n|turn|19\n|\n|t:|1700223557\n|move|p1a: Overqwil|Liquidation|p2a: Shaw\n|-supereffective|p2a: Shaw\n|-damage|p2a: Shaw|46\/100\n|move|p2a: Shaw|Yawn|p1a: Overqwil\n|-start|p1a: Overqwil|move: Yawn|[of] p2a: Shaw\n|\n|-weather|Sandstorm|[upkeep]\n|-damage|p1a: Overqwil|88\/100|[from] Sandstorm\n|-heal|p2a: Shaw|52\/100|[from] item: Leftovers\n|upkeep\n|turn|20\n|\n|t:|1700223563\n|switch|p1a: Overqwil|Overqwil, M|95\/100\n|move|p2a: Shaw|Stealth Rock|p1a: Overqwil\n|-sidestart|p1: hydrodragon1236|move: Stealth Rock\n|\n|-weather|Sandstorm|[upkeep]\n|-damage|p1a: Overqwil|89\/100|[from] Sandstorm\n|-heal|p2a: Shaw|58\/100|[from] item: Leftovers\n|upkeep\n|turn|21\n|\n|t:|1700223569\n|move|p1a: Overqwil|Bitter Malice|p2a: Shaw\n|-damage|p2a: Shaw|2\/100\n|-unboost|p2a: Shaw|atk|1\n|move|p2a: Shaw|Earthquake|p1a: Overqwil\n|-damage|p1a: Overqwil|35\/100\n|replace|p1a: Zoroark|Zoroark-Hisui, F\n|-end|p1a: Zoroark|Illusion\n|\n|-weather|Sandstorm|[upkeep]\n|-damage|p1a: Zoroark|29\/100|[from] Sandstorm\n|-heal|p2a: Shaw|8\/100|[from] item: Leftovers\n|upkeep\n|turn|22\n|\n|t:|1700223579\n|move|p1a: Zoroark|Bitter Malice|p2a: Shaw\n|-damage|p2a: Shaw|0 fnt\n|faint|p2a: Shaw\n|\n|-weather|none\n|upkeep\n|\n|t:|1700223593\n|switch|p2a: Hafthor|Slaking, M, tera:Normal|100\/100\n|turn|23\n|\n|t:|1700223598\n|switch|p1a: Overqwil|Overqwil, M|88\/100\n|-damage|p1a: Overqwil|76\/100|[from] Stealth Rock\n|-ability|p1a: Overqwil|Intimidate|boost\n|-unboost|p2a: Hafthor|atk|1\n|move|p2a: Hafthor|Earthquake|p1a: Overqwil\n|-supereffective|p1a: Overqwil\n|-damage|p1a: Overqwil|3\/100\n|\n|upkeep\n|turn|24\n|\n|t:|1700223608\n|switch|p2a: Nakonechnyy|Venusaur-Mega, M|74\/100 par\n|move|p1a: Overqwil|Barb Barrage|p2a: Nakonechnyy\n|-damage|p2a: Nakonechnyy|52\/100 par\n|\n|upkeep\n|turn|25\n|\n|t:|1700223613\n|move|p1a: Overqwil|Crunch|p2a: Nakonechnyy\n|-damage|p2a: Nakonechnyy|21\/100 par\n|-unboost|p2a: Nakonechnyy|def|1\n|cant|p2a: Nakonechnyy|par\n|\n|upkeep\n|turn|26\n|\n|t:|1700223619\n|move|p1a: Overqwil|Crunch|p2a: Nakonechnyy\n|-damage|p2a: Nakonechnyy|0 fnt\n|faint|p2a: Nakonechnyy\n|\n|upkeep\n|\n|t:|1700223622\n|switch|p2a: Stoltman|Cobalion|100\/100\n|turn|27\n|\n|t:|1700223633\n|move|p2a: Stoltman|Flash Cannon|p1a: Overqwil\n|-damage|p1a: Overqwil|0 fnt\n|faint|p1a: Overqwil\n|\n|upkeep\n|\n|t:|1700223639\n|switch|p1a: Lanturn|Lanturn, F|29\/100\n|-damage|p1a: Lanturn|16\/100|[from] Stealth Rock\n|turn|28\n|\n|t:|1700223651\n|move|p1a: Lanturn|Flamethrower|p2a: Stoltman\n|-supereffective|p2a: Stoltman\n|-damage|p2a: Stoltman|0 fnt\n|faint|p2a: Stoltman\n|\n|upkeep\n|\n|t:|1700223653\n|switch|p2a: Hafthor|Slaking, M, tera:Normal|100\/100\n|turn|29\n|\n|t:|1700223662\n|move|p1a: Lanturn|Flamethrower|p2a: Hafthor\n|-damage|p2a: Hafthor|50\/100\n|move|p2a: Hafthor|Earthquake|p1a: Lanturn\n|-damage|p1a: Lanturn|0 fnt\n|replace|p1a: Zoroark|Zoroark-Hisui, F\n|-end|p1a: Zoroark|Illusion\n|faint|p1a: Zoroark\n|\n|upkeep\n|\n|t:|1700223665\n|switch|p1a: Lanturn|Lanturn, F|55\/100\n|-damage|p1a: Lanturn|43\/100|[from] Stealth Rock\n|turn|30\n|\n|t:|1700223675\n|cant|p2a: Hafthor|ability: Truant\n|move|p1a: Lanturn|Scald|p2a: Hafthor\n|-damage|p2a: Hafthor|27\/100\n|\n|-heal|p1a: Lanturn|49\/100|[from] item: Leftovers\n|upkeep\n|turn|31\n|\n|t:|1700223680\n|move|p2a: Hafthor|Earthquake|p1a: Lanturn\n|-supereffective|p1a: Lanturn\n|-crit|p1a: Lanturn\n|-damage|p1a: Lanturn|0 fnt\n|faint|p1a: Lanturn\n|\n|win|viiicey\n|raw|hydrodragon1236's rating: 1266 &rarr; <strong>1242<\/strong><br \/>(-24 for losing)\n|raw|viiicey's rating: 1277 &rarr; <strong>1301<\/strong><br \/>(+24 for winning)\n|l|\u2606hydrodragon1236\n","uploadtime":1700223689,"views":6,"p1id":"hydrodragon1236","p2id":"viiicey","formatid":"gen9nationaldex","rating":1242,"private":0,"password":""}