{"id":"gen9nationaldex-1987055157","p1":"lxvliiz","p2":"InsBAPlayer","format":"[Gen 9] National Dex","log":"|j|\u2606lxvliiz\n|j|\u2606InsBAPlayer\n|t:|1699552407\n|gametype|singles\n|player|p1|lxvliiz|guitarist|1190\n|player|p2|InsBAPlayer|266|1197\n|teamsize|p1|6\n|teamsize|p2|6\n|gen|9\n|tier|[Gen 9] National Dex\n|rated|\n|rule|HP Percentage Mod: HP is shown in percentages\n|rule|Endless Battle Clause: Forcing endless battles is banned\n|rule|OHKO Clause: OHKO moves are banned\n|rule|Evasion Clause: Evasion abilities, items, and moves are banned\n|rule|Evasion Abilities Clause: Evasion abilities are banned\n|rule|Evasion Items Clause: Evasion items are banned\n|rule|Evasion Moves Clause: Evasion moves are banned\n|rule|Species Clause: Limit one of each Pok\u00e9mon\n|rule|Sleep Clause Mod: Limit one foe put to sleep\n|clearpoke\n|poke|p1|Charizard, F|\n|poke|p1|Azumarill, F|\n|poke|p1|Lilligant-Hisui, F|\n|poke|p1|Aegislash, F|\n|poke|p1|Nidoking, M|\n|poke|p1|Grimmsnarl, M|\n|poke|p2|Volbeat, M|\n|poke|p2|Orbeetle, M|\n|poke|p2|Beedrill, F|\n|poke|p2|Kleavor, M|\n|poke|p2|Vikavolt, M|\n|poke|p2|Forretress, F|\n|teampreview\n|inactive|Battle timer is ON: inactive players will automatically lose when time's up. (requested by InsBAPlayer)\n|c|\u2606lxvliiz|hi\n|\n|t:|1699552415\n|start\n|switch|p1a: Grimmsnarl|Grimmsnarl, M|100\/100\n|switch|p2a: Orbeetle|Orbeetle, M|100\/100\n|-item|p1a: Grimmsnarl|Iron Ball|[from] ability: Frisk|[of] p2a: Orbeetle|[identify]\n|turn|1\n|\n|t:|1699552422\n|move|p1a: Grimmsnarl|Reflect|p1a: Grimmsnarl\n|-sidestart|p1: lxvliiz|Reflect\n|move|p2a: Orbeetle|Trick|p1a: Grimmsnarl\n|-activate|p2a: Orbeetle|move: Trick|[of] p1a: Grimmsnarl\n|-item|p1a: Grimmsnarl|Choice Scarf|[from] move: Trick\n|-item|p2a: Orbeetle|Iron Ball|[from] move: Trick\n|\n|upkeep\n|turn|2\n|\n|t:|1699552427\n|move|p1a: Grimmsnarl|Trick|p2a: Orbeetle\n|-activate|p1a: Grimmsnarl|move: Trick|[of] p2a: Orbeetle\n|-item|p2a: Orbeetle|Choice Scarf|[from] move: Trick\n|-item|p1a: Grimmsnarl|Iron Ball|[from] move: Trick\n|move|p2a: Orbeetle|U-turn|p1a: Grimmsnarl\n|-damage|p1a: Grimmsnarl|93\/100\n|c|\u2606lxvliiz|lmao\n|\n|t:|1699552446\n|switch|p2a: Forretress|Forretress, F|100\/100|[from] U-turn\n|\n|upkeep\n|turn|3\n|\n|t:|1699552451\n|move|p1a: Grimmsnarl|Light Screen|p1a: Grimmsnarl\n|-sidestart|p1: lxvliiz|move: Light Screen\n|move|p2a: Forretress|Gyro Ball|p1a: Grimmsnarl\n|-supereffective|p1a: Grimmsnarl\n|-damage|p1a: Grimmsnarl|77\/100\n|\n|upkeep\n|turn|4\n|\n|t:|1699552455\n|move|p1a: Grimmsnarl|Parting Shot|p2a: Forretress\n|-unboost|p2a: Forretress|atk|1\n|-unboost|p2a: Forretress|spa|1\n|\n|t:|1699552465\n|switch|p1a: Azumarill|Azumarill, F|100\/100|[from] Parting Shot\n|move|p2a: Forretress|Volt Switch|p1a: Azumarill\n|-supereffective|p1a: Azumarill\n|-damage|p1a: Azumarill|92\/100\n|\n|t:|1699552473\n|switch|p2a: Orbeetle|Orbeetle, M|100\/100|[from] Volt Switch\n|-item|p1a: Azumarill|Sitrus Berry|[from] ability: Frisk|[of] p2a: Orbeetle|[identify]\n|\n|upkeep\n|turn|5\n|\n|t:|1699552487\n|move|p2a: Orbeetle|Trick|p1a: Azumarill\n|-activate|p2a: Orbeetle|move: Trick|[of] p1a: Azumarill\n|-item|p1a: Azumarill|Choice Scarf|[from] move: Trick\n|-item|p2a: Orbeetle|Sitrus Berry|[from] move: Trick\n|move|p1a: Azumarill|Belly Drum|p1a: Azumarill\n|-damage|p1a: Azumarill|42\/100\n|-setboost|p1a: Azumarill|atk|6|[from] move: Belly Drum\n|\n|-sideend|p1: lxvliiz|Reflect\n|upkeep\n|turn|6\n|c|\u2606lxvliiz|\ud83d\ude2d\n|\n|t:|1699552497\n|switch|p1a: Grimmsnarl|Grimmsnarl, M|77\/100\n|move|p2a: Orbeetle|Sticky Web|p1a: Grimmsnarl\n|-sidestart|p1: lxvliiz|move: Sticky Web\n|\n|upkeep\n|turn|7\n|\n|t:|1699552506\n|switch|p2a: Beedrill|Beedrill, F|100\/100\n|move|p1a: Grimmsnarl|Parting Shot|p2a: Beedrill\n|-unboost|p2a: Beedrill|atk|1\n|-unboost|p2a: Beedrill|spa|1\n|\n|t:|1699552513\n|switch|p1a: Charizard|Charizard, F|100\/100|[from] Parting Shot\n|\n|-sideend|p1: lxvliiz|move: Light Screen\n|upkeep\n|turn|8\n|\n|t:|1699552517\n|detailschange|p1a: Charizard|Charizard-Mega-Y, F\n|-mega|p1a: Charizard|Charizard|Charizardite Y\n|-weather|SunnyDay|[from] ability: Drought|[of] p1a: Charizard\n|detailschange|p2a: Beedrill|Beedrill-Mega, F\n|-mega|p2a: Beedrill|Beedrill|Beedrillite\n|move|p2a: Beedrill|U-turn|p1a: Charizard\n|-resisted|p1a: Charizard\n|-damage|p1a: Charizard|89\/100\n|\n|t:|1699552526\n|switch|p2a: Orbeetle|Orbeetle, M|100\/100|[from] U-turn\n|-item|p1a: Charizard|Charizardite Y|[from] ability: Frisk|[of] p2a: Orbeetle|[identify]\n|move|p1a: Charizard|Flamethrower|p2a: Orbeetle\n|-supereffective|p2a: Orbeetle\n|-damage|p2a: Orbeetle|0 fnt\n|faint|p2a: Orbeetle\n|\n|-weather|SunnyDay|[upkeep]\n|upkeep\n|\n|t:|1699552531\n|switch|p2a: Volbeat|Volbeat, M|100\/100\n|turn|9\n|\n|t:|1699552538\n|move|p2a: Volbeat|Thunder Wave|p1a: Charizard\n|-status|p1a: Charizard|par\n|cant|p1a: Charizard|par\n|\n|-weather|SunnyDay|[upkeep]\n|upkeep\n|turn|10\n|\n|t:|1699552546\n|move|p2a: Volbeat|U-turn|p1a: Charizard\n|-resisted|p1a: Charizard\n|-damage|p1a: Charizard|82\/100 par\n|\n|t:|1699552551\n|switch|p2a: Kleavor|Kleavor, M|100\/100|[from] U-turn\n|move|p1a: Charizard|Flamethrower|p2a: Kleavor\n|-damage|p2a: Kleavor|0 fnt\n|faint|p2a: Kleavor\n|\n|-weather|SunnyDay|[upkeep]\n|upkeep\n|\n|t:|1699552558\n|switch|p2a: Beedrill|Beedrill-Mega, F|100\/100\n|turn|11\n|\n|t:|1699552561\n|move|p2a: Beedrill|U-turn|p1a: Charizard\n|-resisted|p1a: Charizard\n|-damage|p1a: Charizard|64\/100 par\n|\n|t:|1699552563\n|switch|p2a: Volbeat|Volbeat, M|100\/100|[from] U-turn\n|move|p1a: Charizard|Flamethrower|p2a: Volbeat\n|-supereffective|p2a: Volbeat\n|-damage|p2a: Volbeat|0 fnt\n|faint|p2a: Volbeat\n|\n|-weather|SunnyDay|[upkeep]\n|upkeep\n|\n|t:|1699552568\n|switch|p2a: Vikavolt|Vikavolt, M|100\/100\n|turn|12\n|\n|t:|1699552572\n|-terastallize|p2a: Vikavolt|Electric\n|move|p2a: Vikavolt|Volt Switch|p1a: Charizard\n|-supereffective|p1a: Charizard\n|-damage|p1a: Charizard|0 fnt\n|faint|p1a: Charizard\n|\n|t:|1699552577\n|switch|p2a: Beedrill|Beedrill-Mega, F|100\/100|[from] Volt Switch\n|\n|-weather|none\n|upkeep\n|\n|t:|1699552581\n|switch|p1a: Grimmsnarl|Grimmsnarl, M|77\/100\n|-activate|p1a: Grimmsnarl|move: Sticky Web\n|-unboost|p1a: Grimmsnarl|spe|1\n|turn|13\n|\n|t:|1699552587\n|move|p1a: Grimmsnarl|Reflect|p1a: Grimmsnarl\n|-sidestart|p1: lxvliiz|Reflect\n|move|p2a: Beedrill|Poison Jab|p1a: Grimmsnarl\n|-supereffective|p1a: Grimmsnarl\n|-damage|p1a: Grimmsnarl|4\/100\n|\n|upkeep\n|turn|14\n|\n|t:|1699552592\n|move|p1a: Grimmsnarl|Light Screen|p1a: Grimmsnarl\n|-sidestart|p1: lxvliiz|move: Light Screen\n|move|p2a: Beedrill|Fell Stinger|p1a: Grimmsnarl\n|-damage|p1a: Grimmsnarl|0 fnt\n|faint|p1a: Grimmsnarl\n|-boost|p2a: Beedrill|atk|3\n|\n|upkeep\n|\n|t:|1699552600\n|switch|p1a: Aegislash|Aegislash, F|100\/100\n|-activate|p1a: Aegislash|move: Sticky Web\n|-unboost|p1a: Aegislash|spe|1\n|turn|15\n|\n|t:|1699552605\n|move|p2a: Beedrill|Knock Off|p1a: Aegislash\n|-supereffective|p1a: Aegislash\n|-damage|p1a: Aegislash|32\/100\n|-enditem|p1a: Aegislash|Iron Ball|[from] move: Knock Off|[of] p2a: Beedrill\n|-formechange|p1a: Aegislash|Aegislash-Blade||[from] ability: Stance Change\n|move|p1a: Aegislash|Gyro Ball|p2a: Beedrill\n|-damage|p2a: Beedrill|0 fnt\n|faint|p2a: Beedrill\n|\n|upkeep\n|\n|t:|1699552613\n|switch|p2a: Vikavolt|Vikavolt, M, tera:Electric|100\/100\n|turn|16\n|\n|t:|1699552616\n|-formechange|p1a: Aegislash|Aegislash||[from] ability: Stance Change\n|move|p1a: Aegislash|King's Shield|p1a: Aegislash\n|-singleturn|p1a: Aegislash|Protect\n|move|p2a: Vikavolt|Volt Switch|p1a: Aegislash\n|-activate|p1a: Aegislash|move: Protect\n|\n|upkeep\n|turn|17\n|\n|t:|1699552619\n|move|p2a: Vikavolt|Volt Switch|p1a: Aegislash\n|-damage|p1a: Aegislash|7\/100\n|\n|t:|1699552622\n|switch|p2a: Forretress|Forretress, F|100\/100|[from] Volt Switch\n|-formechange|p1a: Aegislash|Aegislash-Blade||[from] ability: Stance Change\n|move|p1a: Aegislash|Gyro Ball|p2a: Forretress\n|-resisted|p2a: Forretress\n|-damage|p2a: Forretress|96\/100\n|\n|-sideend|p1: lxvliiz|Reflect\n|upkeep\n|turn|18\n|\n|t:|1699552631\n|move|p2a: Forretress|Volt Switch|p1a: Aegislash\n|-damage|p1a: Aegislash|1\/100\n|\n|t:|1699552635\n|switch|p2a: Vikavolt|Vikavolt, M, tera:Electric|100\/100|[from] Volt Switch\n|move|p1a: Aegislash|Shadow Ball|p2a: Vikavolt\n|-damage|p2a: Vikavolt|44\/100\n|\n|-sideend|p1: lxvliiz|move: Light Screen\n|upkeep\n|turn|19\n|\n|t:|1699552642\n|switch|p2a: Forretress|Forretress, F|96\/100\n|move|p1a: Aegislash|Shadow Ball|p2a: Forretress\n|-damage|p2a: Forretress|44\/100\n|\n|upkeep\n|turn|20\n|\n|t:|1699552648\n|move|p2a: Forretress|Volt Switch|p1a: Aegislash\n|-damage|p1a: Aegislash|0 fnt\n|faint|p1a: Aegislash\n|\n|t:|1699552651\n|switch|p2a: Vikavolt|Vikavolt, M, tera:Electric|44\/100|[from] Volt Switch\n|\n|upkeep\n|\n|t:|1699552655\n|switch|p1a: Nidoking|Nidoking, M|100\/100\n|-activate|p1a: Nidoking|move: Sticky Web\n|-unboost|p1a: Nidoking|spe|1\n|turn|21\n|\n|t:|1699552660\n|-terastallize|p1a: Nidoking|Poison\n|move|p1a: Nidoking|Sludge Wave|p2a: Vikavolt\n|-damage|p2a: Vikavolt|0 fnt\n|faint|p2a: Vikavolt\n|\n|upkeep\n|-message|InsBAPlayer forfeited.\n|\n|win|lxvliiz\n|raw|lxvliiz's rating: 1190 &rarr; <strong>1216<\/strong><br \/>(+26 for winning)\n|raw|InsBAPlayer's rating: 1197 &rarr; <strong>1171<\/strong><br \/>(-26 for losing)\n|l|\u2606InsBAPlayer\n","uploadtime":1699552670,"views":4,"p1id":"lxvliiz","p2id":"insbaplayer","formatid":"gen9nationaldex","rating":1171,"private":0,"password":""}