{"id":"gen9nationaldex-1994066631","p1":"3.14159265359e","p2":"xdswl","format":"[Gen 9] National Dex","log":"|j|\u26063.14159265359e\n|j|\u2606xdswl\n|t:|1700402417\n|gametype|singles\n|player|p1|3.14159265359e|kieran|\n|player|p2|xdswl|265|\n|teamsize|p1|6\n|teamsize|p2|6\n|gen|9\n|tier|[Gen 9] National Dex\n|rule|HP Percentage Mod: HP is shown in percentages\n|rule|Endless Battle Clause: Forcing endless battles is banned\n|rule|OHKO Clause: OHKO moves are banned\n|rule|Evasion Clause: Evasion abilities, items, and moves are banned\n|rule|Evasion Abilities Clause: Evasion abilities are banned\n|rule|Evasion Items Clause: Evasion items are banned\n|rule|Evasion Moves Clause: Evasion moves are banned\n|rule|Species Clause: Limit one of each Pok\u00e9mon\n|rule|Sleep Clause Mod: Limit one foe put to sleep\n|rule|Tier Shift Mod: Pok\u00e9mon get stat buffs depending on their tier, excluding HP.\n|rule|Flipped Mod: Pokemon have their stats flipped (HP becomes Spe, vice versa).\n|clearpoke\n|poke|p1|Tornadus-Therian, M|\n|poke|p1|Blissey, F|\n|poke|p1|Mienshao, F|\n|poke|p1|Slowbro, F|\n|poke|p1|Starmie|\n|poke|p1|Skeledirge, F|\n|poke|p2|Zamazenta-*|\n|poke|p2|Garchomp, M|\n|poke|p2|Scizor, F|\n|poke|p2|Mantine, M|\n|poke|p2|Tapu Koko|\n|poke|p2|Volcarona, F|\n|teampreview\n|c|\u2606xdswl|\u8349\n|c|\u2606xdswl|\u600e\u4e48\u8fd9\u4e48\u53d7\u2026\n|\n|t:|1700402446\n|start\n|switch|p1a: \u98a8t|Tornadus-Therian, M|100\/100\n|switch|p2a: Tapu Koko|Tapu Koko|100\/100\n|-fieldstart|move: Electric Terrain|[from] ability: Electric Surge|[of] p2a: Tapu Koko\n|turn|1\n|\n|t:|1700402476\n|switch|p1a: \u5730\u4e2d\u6d77|Skeledirge, F|100\/100\n|move|p2a: Tapu Koko|U-turn|p1a: \u5730\u4e2d\u6d77\n|-resisted|p1a: \u5730\u4e2d\u6d77\n|-damage|p1a: \u5730\u4e2d\u6d77|98\/100\n|\n|t:|1700402489\n|switch|p2a: Zamazenta|Zamazenta|100\/100|[from] U-turn\n|-ability|p2a: Zamazenta|Dauntless Shield|boost\n|-boost|p2a: Zamazenta|def|1\n|\n|upkeep\n|turn|2\n|\n|t:|1700402497\n|move|p1a: \u5730\u4e2d\u6d77|Torch Song|p2a: Zamazenta\n|-damage|p2a: Zamazenta|75\/100\n|-boost|p1a: \u5730\u4e2d\u6d77|spa|1\n|-zpower|p2a: Zamazenta\n|move|p2a: Zamazenta|Continental Crush|p1a: \u5730\u4e2d\u6d77|[zeffect]\n|-supereffective|p1a: \u5730\u4e2d\u6d77\n|-damage|p1a: \u5730\u4e2d\u6d77|0 fnt\n|faint|p1a: \u5730\u4e2d\u6d77\n|\n|upkeep\n|c|\u2606xdswl|\uff1f\n|\n|t:|1700402519\n|switch|p1a: \u98a8t|Tornadus-Therian, M|100\/100\n|turn|3\n|\n|t:|1700402527\n|move|p2a: Zamazenta|Stone Edge|p1a: \u98a8t\n|-supereffective|p1a: \u98a8t\n|-damage|p1a: \u98a8t|52\/100\n|move|p1a: \u98a8t|Hurricane|p2a: Zamazenta|[miss]\n|-miss|p1a: \u98a8t|p2a: Zamazenta\n|\n|upkeep\n|turn|4\n|\n|t:|1700402538\n|switch|p2a: Tapu Koko|Tapu Koko|100\/100\n|move|p1a: \u98a8t|U-turn|p2a: Tapu Koko\n|-resisted|p2a: Tapu Koko\n|-damage|p2a: Tapu Koko|95\/100\n|c|\u2606xdswl|\u3002\n|\n|t:|1700402574\n|switch|p1a: \ud83e\udd5a|Blissey, F|100\/100|[from] U-turn\n|\n|upkeep\n|turn|5\n|\n|t:|1700402580\n|-zpower|p1a: \ud83e\udd5a\n|move|p1a: \ud83e\udd5a|Breakneck Blitz|p2a: Tapu Koko|[zeffect]\n|-damage|p2a: Tapu Koko|0 fnt\n|faint|p2a: Tapu Koko\n|\n|-fieldend|move: Electric Terrain\n|upkeep\n|c|\u2606xdswl|\uff1f\n|c|\u2606xdswl|\u5565\u4e1c\u897f\uff1f\uff1f\n|j| lightdarks\n|\n|t:|1700402680\n|switch|p2a: Zamazenta|Zamazenta|75\/100\n|turn|6\n|inactive|Battle timer is ON: inactive players will automatically lose when time's up. (requested by 3.14159265359e)\n|\n|t:|1700402699\n|switch|p1a: \u6536\u85cf|Starmie|100\/100\n|move|p2a: Zamazenta|Close Combat|p1a: \u6536\u85cf\n|-resisted|p1a: \u6536\u85cf\n|-damage|p1a: \u6536\u85cf|86\/100\n|-unboost|p2a: Zamazenta|def|1\n|-unboost|p2a: Zamazenta|spd|1\n|\n|-heal|p1a: \u6536\u85cf|92\/100|[from] item: Leftovers\n|upkeep\n|turn|7\n|\n|t:|1700402708\n|switch|p2a: Mantine|Mantine, M|100\/100\n|move|p1a: \u6536\u85cf|Scald|p2a: Mantine\n|-immune|p2a: Mantine|[from] ability: Water Absorb\n|\n|-heal|p1a: \u6536\u85cf|98\/100|[from] item: Leftovers\n|upkeep\n|turn|8\n|\n|t:|1700402715\n|move|p1a: \u6536\u85cf|Magic Coat|p1a: \u6536\u85cf\n|-singleturn|p1a: \u6536\u85cf|move: Magic Coat\n|move|p2a: Mantine|Toxic|p1a: \u6536\u85cf\n|move|p1a: \u6536\u85cf|Toxic|p2a: Mantine|[from]Magic Coat|[miss]\n|-miss|p1a: \u6536\u85cf|p2a: Mantine\n|\n|-heal|p1a: \u6536\u85cf|100\/100|[from] item: Leftovers\n|upkeep\n|turn|9\n|\n|t:|1700402725\n|move|p1a: \u6536\u85cf|Magic Coat|p1a: \u6536\u85cf\n|-singleturn|p1a: \u6536\u85cf|move: Magic Coat\n|move|p2a: Mantine|Scald|p1a: \u6536\u85cf\n|-resisted|p1a: \u6536\u85cf\n|-damage|p1a: \u6536\u85cf|90\/100\n|\n|-heal|p1a: \u6536\u85cf|96\/100|[from] item: Leftovers\n|upkeep\n|turn|10\n|inactive|xdswl has 270 seconds left.\n|inactive|xdswl has 240 seconds left.\n|inactive|xdswl has 210 seconds left.\n|\n|t:|1700402816\n|switch|p1a: \u98a8t|Tornadus-Therian, M|85\/100\n|move|p2a: Mantine|Scald|p1a: \u98a8t\n|-damage|p1a: \u98a8t|64\/100\n|\n|upkeep\n|turn|11\n|j| qingche\n|j| xiaoheizi114514\n|\n|t:|1700402829\n|move|p1a: \u98a8t|Knock Off|p2a: Mantine\n|-damage|p2a: Mantine|87\/100\n|-enditem|p2a: Mantine|Heavy-Duty Boots|[from] move: Knock Off|[of] p1a: \u98a8t\n|move|p2a: Mantine|Toxic|p1a: \u98a8t\n|-status|p1a: \u98a8t|tox\n|\n|-damage|p1a: \u98a8t|58\/100 tox|[from] psn\n|upkeep\n|turn|12\n|inactive|xdswl has 210 seconds left.\n|l| xiaoheizi114514\n|c|\u2606xdswl|\u4e4b\u524d\u90a3\u4e2a\u5927\u86cb\u6bd4\u6211koko\u5757\n|c|\u2606xdswl|\u6211\u4eba\u90fd\u50bb\u4e86\n|\n|t:|1700402858\n|move|p1a: \u98a8t|Hurricane|p2a: Mantine\n|-damage|p2a: Mantine|43\/100\n|move|p2a: Mantine|Scald|p1a: \u98a8t\n|-damage|p1a: \u98a8t|38\/100 tox\n|\n|-damage|p1a: \u98a8t|26\/100 tox|[from] psn\n|upkeep\n|turn|13\n|\n|t:|1700402867\n|switch|p2a: Scizor|Scizor, F|100\/100\n|move|p1a: \u98a8t|U-turn|p2a: Scizor\n|-resisted|p2a: Scizor\n|-damage|p2a: Scizor|92\/100\n|\n|t:|1700402871\n|switch|p1a: \u6536\u85cf|Starmie|96\/100|[from] U-turn\n|\n|-heal|p1a: \u6536\u85cf|100\/100|[from] item: Leftovers\n|upkeep\n|turn|14\n|\n|t:|1700402880\n|detailschange|p2a: Scizor|Scizor-Mega, F\n|-mega|p2a: Scizor|Scizor|Scizorite\n|move|p1a: \u6536\u85cf|Scald|p2a: Scizor\n|-damage|p2a: Scizor|76\/100\n|move|p2a: Scizor|U-turn|p1a: \u6536\u85cf\n|-supereffective|p1a: \u6536\u85cf\n|-damage|p1a: \u6536\u85cf|78\/100\n|inactive|xdswl has 210 seconds left.\n|\n|t:|1700402891\n|switch|p2a: Volcarona|Volcarona, F|100\/100|[from] U-turn\n|\n|-heal|p1a: \u6536\u85cf|84\/100|[from] item: Leftovers\n|upkeep\n|turn|15\n|\n|t:|1700402898\n|move|p2a: Volcarona|Quiver Dance|p2a: Volcarona\n|-boost|p2a: Volcarona|spa|1\n|-boost|p2a: Volcarona|spd|1\n|-boost|p2a: Volcarona|spe|1\n|move|p1a: \u6536\u85cf|Scald|p2a: Volcarona\n|-supereffective|p2a: Volcarona\n|-damage|p2a: Volcarona|51\/100\n|\n|-heal|p1a: \u6536\u85cf|90\/100|[from] item: Leftovers\n|upkeep\n|turn|16\n|\n|t:|1700402913\n|-terastallize|p2a: Volcarona|Grass\n|move|p2a: Volcarona|Giga Drain|p1a: \u6536\u85cf\n|-supereffective|p1a: \u6536\u85cf\n|-damage|p1a: \u6536\u85cf|42\/100\n|-heal|p2a: Volcarona|77\/100|[from] drain|[of] p1a: \u6536\u85cf\n|move|p1a: \u6536\u85cf|Scald|p2a: Volcarona\n|-resisted|p2a: Volcarona\n|-damage|p2a: Volcarona|64\/100\n|\n|-heal|p1a: \u6536\u85cf|48\/100|[from] item: Leftovers\n|upkeep\n|turn|17\n|j| Forever1507\n|\n|t:|1700402934\n|move|p2a: Volcarona|Fiery Dance|p1a: \u6536\u85cf\n|-resisted|p1a: \u6536\u85cf\n|-damage|p1a: \u6536\u85cf|37\/100\n|move|p1a: \u6536\u85cf|Scald|p2a: Volcarona\n|-resisted|p2a: Volcarona\n|-damage|p2a: Volcarona|51\/100\n|\n|-heal|p1a: \u6536\u85cf|43\/100|[from] item: Leftovers\n|upkeep\n|turn|18\n|inactive|xdswl has 210 seconds left.\n|c|\u2606xdswl|Tier Shift Mod: Pok\u00e9mon get stat buffs depending on their tier, excluding HP.\n|c|\u2606xdswl|Flipped Mod: Pokemon have their stats flipped (HP becomes Spe, vice versa).\n|c|\u2606xdswl|\u54ea\u4f4d\u5927\u4f6c\u89e3\u91ca\u4e00\u4e0b\u4ec0\u4e48\u610f\u601d\uff08\n|inactive|xdswl has 180 seconds left.\n|\n|t:|1700402993\n|move|p2a: Volcarona|Giga Drain|p1a: \u6536\u85cf\n|-supereffective|p1a: \u6536\u85cf\n|-damage|p1a: \u6536\u85cf|0 fnt\n|-heal|p2a: Volcarona|74\/100|[from] drain|[of] p1a: \u6536\u85cf\n|faint|p1a: \u6536\u85cf\n|\n|upkeep\n|\n|t:|1700403002\n|switch|p1a: seafood\u53c8|Mienshao, F|100\/100\n|turn|19\n|\n|t:|1700403006\n|move|p1a: seafood\u53c8|Fake Out|p2a: Volcarona\n|-damage|p2a: Volcarona|68\/100\n|cant|p2a: Volcarona|flinch\n|\n|upkeep\n|turn|20\n|\n|t:|1700403017\n|move|p2a: Volcarona|Quiver Dance|p2a: Volcarona\n|-boost|p2a: Volcarona|spa|1\n|-boost|p2a: Volcarona|spd|1\n|-boost|p2a: Volcarona|spe|1\n|move|p1a: seafood\u53c8|Knock Off|p2a: Volcarona\n|-damage|p2a: Volcarona|56\/100\n|-status|p1a: seafood\u53c8|brn|[from] ability: Flame Body|[of] p2a: Volcarona\n|-enditem|p2a: Volcarona|Heavy-Duty Boots|[from] move: Knock Off|[of] p1a: seafood\u53c8\n|\n|-damage|p1a: seafood\u53c8|94\/100 brn|[from] brn\n|upkeep\n|turn|21\n|\n|t:|1700403034\n|move|p2a: Volcarona|Quiver Dance|p2a: Volcarona\n|-boost|p2a: Volcarona|spa|1\n|-boost|p2a: Volcarona|spd|1\n|-boost|p2a: Volcarona|spe|1\n|move|p1a: seafood\u53c8|Rock Tomb|p2a: Volcarona\n|-damage|p2a: Volcarona|51\/100\n|-unboost|p2a: Volcarona|spe|1\n|\n|-damage|p1a: seafood\u53c8|88\/100 brn|[from] brn\n|upkeep\n|turn|22\n|c| lightdarks|HP\u548c\u901f\u5ea6\u4e92\u6362\u4e86\n|c|\u2606xdswl|OK\n|inactive|xdswl has 210 seconds left.\n|c|\u2606xdswl|\u602a\u4e0d\u5f97\u90a3\u5927\u86cb\u90a3\u4e48\u5feb\n|c|\u2606xdswl|\u5bf9\u9762\u8001\u54e5\u4e0d\u5730\u9053\u554a\n|l| Forever1507\n|\n|t:|1700403071\n|move|p2a: Volcarona|Air Slash|p1a: seafood\u53c8\n|-supereffective|p1a: seafood\u53c8\n|-damage|p1a: seafood\u53c8|65\/100 brn\n|move|p1a: seafood\u53c8|U-turn|p2a: Volcarona\n|-supereffective|p2a: Volcarona\n|-damage|p2a: Volcarona|41\/100\n|c|\u26063.14159265359e|\ud83d\ude05\n|c|\u2606xdswl|\u8349\n|c| lightdarks|\u8fd8\u6709\u4e2a\u5c5e\u6027\u589e\u76ca\n|\n|t:|1700403086\n|switch|p1a: \u98a8t|Tornadus-Therian, M|59\/100 tox|[from] U-turn\n|\n|-damage|p1a: \u98a8t|53\/100 tox|[from] psn\n|upkeep\n|turn|23\n|c|\u2606xdswl|\u7b2c\u4e00\u6b21\u89c1\u5230\u4e09\u6bb5\u8776\u821e\u522e\u75e7\u7684\n|inactive|3.14159265359e has 270 seconds left.\n|c| lightdarks|\u4f46\u6211\u4e0d\u660e\u767d\u4ec0\u4e48\u610f\u601d\n|c|\u2606xdswl|\u4f69\u670d\u4f69\u670d\n|c|\u26063.14159265359e|\u958b\u4e86\u5427\uff08\n|\n|t:|1700403111\n|switch|p2a: Scizor|Scizor-Mega, F|76\/100\n|move|p1a: \u98a8t|Hurricane|p2a: Scizor\n|-damage|p2a: Scizor|57\/100\n|\n|-damage|p1a: \u98a8t|41\/100 tox|[from] psn\n|upkeep\n|turn|24\n|inactive|3.14159265359e has 270 seconds left.\n|\n|t:|1700403119\n|move|p1a: \u98a8t|U-turn|p2a: Scizor\n|-resisted|p2a: Scizor\n|-damage|p2a: Scizor|47\/100\n|inactive|3.14159265359e has 270 seconds left.\n|c|\u2606xdswl|\u8fd9\u8f88\u5b50\u6ca1\u89c1\u8fc7\u8fd9\u4e2a\u4e1c\u897f\uff08\n|\n|t:|1700403132\n|switch|p1a: \u5427\u5427|Slowbro, F|100\/100|[from] U-turn\n|move|p2a: Scizor|Roost|p2a: Scizor\n|-heal|p2a: Scizor|97\/100\n|-singleturn|p2a: Scizor|move: Roost\n|\n|upkeep\n|turn|25\n|inactive|3.14159265359e has 270 seconds left.\n|\n|t:|1700403139\n|detailschange|p1a: \u5427\u5427|Slowbro-Mega, F\n|-mega|p1a: \u5427\u5427|Slowbro|Slowbronite\n|move|p1a: \u5427\u5427|Surf|p2a: Scizor\n|-damage|p2a: Scizor|58\/100\n|move|p2a: Scizor|U-turn|p1a: \u5427\u5427\n|-supereffective|p1a: \u5427\u5427\n|-damage|p1a: \u5427\u5427|47\/100\n|inactive|xdswl has 210 seconds left.\n|c|\u2606xdswl|\u4eca\u5915\u662f\u4f55\u5e74\n|c|\u2606xdswl|m\u87b3\u8782ut\u8fc7\u534am\u8001\u5427\u2026\n|\n|t:|1700403178\n|switch|p2a: Volcarona|Volcarona, F, tera:Grass|41\/100|[from] U-turn\n|\n|upkeep\n|turn|26\n|\n|t:|1700403183\n|move|p1a: \u5427\u5427|Ice Beam|p2a: Volcarona\n|-supereffective|p2a: Volcarona\n|-damage|p2a: Volcarona|0 fnt\n|faint|p2a: Volcarona\n|\n|upkeep\n|\n|t:|1700403187\n|switch|p2a: Scizor|Scizor-Mega, F|58\/100\n|turn|27\n|\n|t:|1700403203\n|switch|p1a: \u98a8t|Tornadus-Therian, M|74\/100 tox\n|move|p2a: Scizor|U-turn|p1a: \u98a8t\n|-resisted|p1a: \u98a8t\n|-damage|p1a: \u98a8t|66\/100 tox\n|c|\u2606xdswl|\u4e0d\u662f\n|inactive|xdswl has 180 seconds left.\n|c|\u2606xdswl|\u6211\u5730\u9f99\u7269\u653b269\n|c|\u2606xdswl|\u600e\u4e48\u6253\u2026\n|\n|t:|1700403246\n|switch|p2a: Zamazenta|Zamazenta|75\/100|[from] U-turn\n|\n|-damage|p1a: \u98a8t|60\/100 tox|[from] psn\n|upkeep\n|turn|28\n|\n|t:|1700403254\n|move|p2a: Zamazenta|Stone Edge|p1a: \u98a8t\n|-supereffective|p1a: \u98a8t\n|-damage|p1a: \u98a8t|11\/100 tox\n|move|p1a: \u98a8t|Hurricane|p2a: Zamazenta|[miss]\n|-miss|p1a: \u98a8t|p2a: Zamazenta\n|\n|-damage|p1a: \u98a8t|0 fnt|[from] psn\n|faint|p1a: \u98a8t\n|upkeep\n|\n|t:|1700403264\n|switch|p1a: \u5427\u5427|Slowbro-Mega, F|47\/100\n|turn|29\n|\n|t:|1700403277\n|switch|p2a: Mantine|Mantine, M|43\/100\n|move|p1a: \u5427\u5427|Psychic|p2a: Mantine\n|-damage|p2a: Mantine|0 fnt\n|faint|p2a: Mantine\n|\n|upkeep\n|\n|t:|1700403283\n|switch|p2a: Scizor|Scizor-Mega, F|58\/100\n|turn|30\n|\n|t:|1700403290\n|switch|p1a: seafood\u53c8|Mienshao, F|65\/100 brn\n|move|p2a: Scizor|Roost|p2a: Scizor\n|-heal|p2a: Scizor|100\/100\n|-singleturn|p2a: Scizor|move: Roost\n|\n|-damage|p1a: seafood\u53c8|58\/100 brn|[from] brn\n|upkeep\n|turn|31\n|\n|t:|1700403296\n|move|p2a: Scizor|Bullet Punch|p1a: seafood\u53c8\n|-damage|p1a: seafood\u53c8|39\/100 brn\n|move|p1a: seafood\u53c8|Rock Tomb|p2a: Scizor\n|-damage|p2a: Scizor|90\/100\n|-unboost|p2a: Scizor|spe|1\n|\n|-damage|p1a: seafood\u53c8|33\/100 brn|[from] brn\n|upkeep\n|turn|32\n|\n|t:|1700403301\n|move|p2a: Scizor|Bullet Punch|p1a: seafood\u53c8\n|-damage|p1a: seafood\u53c8|16\/100 brn\n|move|p1a: seafood\u53c8|U-turn|p2a: Scizor\n|-resisted|p2a: Scizor\n|-damage|p2a: Scizor|84\/100\n|\n|t:|1700403305\n|switch|p1a: \ud83e\udd5a|Blissey, F|100\/100|[from] U-turn\n|\n|upkeep\n|turn|33\n|\n|t:|1700403315\n|switch|p2a: Zamazenta|Zamazenta|75\/100\n|move|p1a: \ud83e\udd5a|Earthquake|p2a: Zamazenta\n|-damage|p2a: Zamazenta|32\/100\n|\n|upkeep\n|turn|34\n|c|\u2606xdswl|\u65e0\u8bed\u4e86\n|\n|t:|1700403331\n|move|p1a: \ud83e\udd5a|Earthquake|p2a: Zamazenta\n|-damage|p2a: Zamazenta|0 fnt\n|faint|p2a: Zamazenta\n|\n|upkeep\n|\n|t:|1700403337\n|switch|p2a: Scizor|Scizor-Mega, F|84\/100\n|turn|35\n|\n|t:|1700403344\n|move|p2a: Scizor|Bullet Punch|p1a: \ud83e\udd5a\n|-crit|p1a: \ud83e\udd5a\n|-damage|p1a: \ud83e\udd5a|63\/100\n|move|p1a: \ud83e\udd5a|Earthquake|p2a: Scizor\n|-damage|p2a: Scizor|25\/100\n|\n|upkeep\n|turn|36\n|\n|t:|1700403351\n|move|p2a: Scizor|Bullet Punch|p1a: \ud83e\udd5a\n|-crit|p1a: \ud83e\udd5a\n|-damage|p1a: \ud83e\udd5a|29\/100\n|move|p1a: \ud83e\udd5a|Earthquake|p2a: Scizor\n|-damage|p2a: Scizor|0 fnt\n|faint|p2a: Scizor\n|\n|upkeep\n|\n|t:|1700403354\n|switch|p2a: Garchomp|Garchomp, M|100\/100\n|turn|37\n|\n|t:|1700403361\n|move|p1a: \ud83e\udd5a|Return|p2a: Garchomp\n|-damage|p2a: Garchomp|20\/100\n|-damage|p1a: \ud83e\udd5a|17\/100|[from] ability: Rough Skin|[of] p2a: Garchomp\n|move|p2a: Garchomp|Earthquake|p1a: \ud83e\udd5a\n|-damage|p1a: \ud83e\udd5a|0 fnt\n|faint|p1a: \ud83e\udd5a\n|\n|upkeep\n|\n|t:|1700403368\n|switch|p1a: \u5427\u5427|Slowbro-Mega, F|47\/100\n|turn|38\n|\n|t:|1700403374\n|move|p1a: \u5427\u5427|Psychic|p2a: Garchomp\n|-damage|p2a: Garchomp|0 fnt\n|faint|p2a: Garchomp\n|\n|win|3.14159265359e\n","uploadtime":1700403379,"views":7,"p1id":"314159265359e","p2id":"xdswl","formatid":"gen9nationaldex","rating":0,"private":0,"password":""}