{"id":"gen9nationaldex-1989224582","p1":"Ling17","p2":"peanutthepengui","format":"[Gen 9] National Dex","log":"|j|\u2606Ling17\n|j|\u2606peanutthepengui\n|t:|1699825268\n|gametype|singles\n|player|p1|Ling17|ariana|1371\n|player|p2|peanutthepengui|170|1334\n|teamsize|p1|6\n|teamsize|p2|6\n|gen|9\n|tier|[Gen 9] National Dex\n|rated|\n|rule|HP Percentage Mod: HP is shown in percentages\n|rule|Endless Battle Clause: Forcing endless battles is banned\n|rule|OHKO Clause: OHKO moves are banned\n|rule|Evasion Clause: Evasion abilities, items, and moves are banned\n|rule|Evasion Abilities Clause: Evasion abilities are banned\n|rule|Evasion Items Clause: Evasion items are banned\n|rule|Evasion Moves Clause: Evasion moves are banned\n|rule|Species Clause: Limit one of each Pok\u00e9mon\n|rule|Sleep Clause Mod: Limit one foe put to sleep\n|clearpoke\n|poke|p1|Spidops, F|\n|poke|p1|Latios, M|\n|poke|p1|Landorus-Therian, M|\n|poke|p1|Grimmsnarl, M|\n|poke|p1|Scizor, F|\n|poke|p1|Volcarona, M|\n|poke|p2|Veluza, M|\n|poke|p2|Iron Jugulis|\n|poke|p2|Tapu Koko|\n|poke|p2|Ferrothorn, F|\n|poke|p2|Ninetales-Alola, M|\n|poke|p2|Iron Treads|\n|teampreview\n|inactive|Battle timer is ON: inactive players will automatically lose when time's up. (requested by Ling17)\n|j| Mixlus pi\n|l| Mixlus pi\n|inactive|Ling17 has 120 seconds left.\n|\n|t:|1699825315\n|start\n|switch|p1a: Spidops|Spidops, F|100\/100\n|switch|p2a: Veluza|Veluza, M|100\/100\n|turn|1\n|\n|t:|1699825324\n|move|p2a: Veluza|Fillet Away|p2a: Veluza\n|-boost|p2a: Veluza|atk|2\n|-boost|p2a: Veluza|spa|2\n|-boost|p2a: Veluza|spe|2\n|-damage|p2a: Veluza|51\/100\n|move|p1a: Spidops|Sticky Web|p2a: Veluza\n|-sidestart|p2: peanutthepengui|move: Sticky Web\n|\n|upkeep\n|turn|2\n|\n|t:|1699825334\n|move|p1a: Spidops|Silk Trap|p1a: Spidops\n|-singleturn|p1a: Spidops|Protect\n|move|p2a: Veluza|Aqua Cutter|p1a: Spidops\n|-activate|p1a: Spidops|move: Protect\n|\n|upkeep\n|turn|3\n|\n|t:|1699825338\n|move|p2a: Veluza|Aqua Cutter|p1a: Spidops\n|-damage|p1a: Spidops|18\/100\n|move|p1a: Spidops|U-turn|p2a: Veluza\n|-supereffective|p2a: Veluza\n|-damage|p2a: Veluza|0 fnt\n|faint|p2a: Veluza\n|\n|t:|1699825347\n|switch|p1a: Volcarona|Volcarona, M|100\/100|[from] U-turn\n|\n|upkeep\n|\n|t:|1699825353\n|switch|p2a: Iron Jugulis|Iron Jugulis|100\/100\n|turn|4\n|\n|t:|1699825360\n|switch|p1a: Spidops|Spidops, F|18\/100\n|move|p2a: Iron Jugulis|Hurricane|p1a: Spidops|[miss]\n|-miss|p2a: Iron Jugulis|p1a: Spidops\n|\n|upkeep\n|turn|5\n|\n|t:|1699825365\n|move|p2a: Iron Jugulis|Hurricane|p1a: Spidops\n|-supereffective|p1a: Spidops\n|-damage|p1a: Spidops|0 fnt\n|faint|p1a: Spidops\n|\n|upkeep\n|\n|t:|1699825368\n|switch|p1a: Latios|Latios, M|100\/100\n|turn|6\n|\n|t:|1699825371\n|-end|p2a: Iron Jugulis|Quark Drive|[silent]\n|switch|p2a: Ninetales|Ninetales-Alola, M|100\/100\n|-activate|p2a: Ninetales|move: Sticky Web\n|-unboost|p2a: Ninetales|spe|1\n|-weather|Snow|[from] ability: Snow Warning|[of] p2a: Ninetales\n|-terastallize|p1a: Latios|Electric\n|move|p1a: Latios|Thunderbolt|p2a: Ninetales\n|-damage|p2a: Ninetales|29\/100\n|\n|-weather|Snow|[upkeep]\n|upkeep\n|turn|7\n|\n|t:|1699825374\n|move|p1a: Latios|Thunderbolt|p2a: Ninetales\n|-damage|p2a: Ninetales|0 fnt\n|faint|p2a: Ninetales\n|\n|-weather|Snow|[upkeep]\n|upkeep\n|\n|t:|1699825377\n|switch|p2a: Ferrothorn|Ferrothorn, F|100\/100\n|-activate|p2a: Ferrothorn|move: Sticky Web\n|-unboost|p2a: Ferrothorn|spe|1\n|turn|8\n|\n|t:|1699825381\n|switch|p1a: Volcarona|Volcarona, M|100\/100\n|move|p2a: Ferrothorn|Leech Seed|p1a: Volcarona\n|-start|p1a: Volcarona|move: Leech Seed\n|\n|-weather|Snow|[upkeep]\n|-damage|p1a: Volcarona|88\/100|[from] Leech Seed|[of] p2a: Ferrothorn\n|upkeep\n|turn|9\n|\n|t:|1699825394\n|switch|p2a: Iron Jugulis|Iron Jugulis|100\/100\n|move|p1a: Volcarona|Fiery Dance|p2a: Iron Jugulis\n|-damage|p2a: Iron Jugulis|40\/100\n|\n|-weather|Snow|[upkeep]\n|-damage|p1a: Volcarona|76\/100|[from] Leech Seed|[of] p2a: Iron Jugulis\n|-heal|p2a: Iron Jugulis|52\/100|[silent]\n|upkeep\n|turn|10\n|\n|t:|1699825401\n|switch|p1a: Grimmsnarl|Grimmsnarl, M|100\/100\n|move|p2a: Iron Jugulis|Dark Pulse|p1a: Grimmsnarl\n|-resisted|p1a: Grimmsnarl\n|-damage|p1a: Grimmsnarl|89\/100\n|\n|-weather|none\n|upkeep\n|turn|11\n|\n|t:|1699825407\n|-end|p2a: Iron Jugulis|Quark Drive|[silent]\n|switch|p2a: Ferrothorn|Ferrothorn, F|100\/100\n|-activate|p2a: Ferrothorn|move: Sticky Web\n|-unboost|p2a: Ferrothorn|spe|1\n|move|p1a: Grimmsnarl|Light Screen|p1a: Grimmsnarl\n|-sidestart|p1: Ling17|move: Light Screen\n|\n|upkeep\n|turn|12\n|\n|t:|1699825412\n|move|p1a: Grimmsnarl|Taunt|p2a: Ferrothorn\n|-start|p2a: Ferrothorn|move: Taunt\n|cant|p2a: Ferrothorn|move: Taunt|Stealth Rock\n|\n|upkeep\n|turn|13\n|\n|t:|1699825415\n|move|p1a: Grimmsnarl|Reflect|p1a: Grimmsnarl\n|-sidestart|p1: Ling17|Reflect\n|move|p2a: Ferrothorn|Gyro Ball|p1a: Grimmsnarl\n|-supereffective|p1a: Grimmsnarl\n|-damage|p1a: Grimmsnarl|27\/100\n|\n|upkeep\n|turn|14\n|\n|t:|1699825424\n|move|p1a: Grimmsnarl|Parting Shot|p2a: Ferrothorn\n|-unboost|p2a: Ferrothorn|atk|1\n|-unboost|p2a: Ferrothorn|spa|1\n|\n|t:|1699825427\n|switch|p1a: Volcarona|Volcarona, M|76\/100|[from] Parting Shot\n|move|p2a: Ferrothorn|Gyro Ball|p1a: Volcarona\n|-resisted|p1a: Volcarona\n|-damage|p1a: Volcarona|64\/100\n|\n|-end|p2a: Ferrothorn|move: Taunt\n|upkeep\n|turn|15\n|\n|t:|1699825433\n|switch|p2a: Iron Jugulis|Iron Jugulis|52\/100\n|move|p1a: Volcarona|Quiver Dance|p1a: Volcarona\n|-boost|p1a: Volcarona|spa|1\n|-boost|p1a: Volcarona|spd|1\n|-boost|p1a: Volcarona|spe|1\n|\n|upkeep\n|turn|16\n|\n|t:|1699825436\n|move|p1a: Volcarona|Fiery Dance|p2a: Iron Jugulis\n|-damage|p2a: Iron Jugulis|0 fnt\n|faint|p2a: Iron Jugulis\n|-end|p2a: Iron Jugulis|Quark Drive|[silent]\n|\n|upkeep\n|\n|t:|1699825440\n|switch|p2a: Tapu Koko|Tapu Koko|100\/100\n|-activate|p2a: Tapu Koko|move: Sticky Web\n|-unboost|p2a: Tapu Koko|spe|1\n|-fieldstart|move: Electric Terrain|[from] ability: Electric Surge|[of] p2a: Tapu Koko\n|turn|17\n|\n|t:|1699825444\n|move|p1a: Volcarona|Fiery Dance|p2a: Tapu Koko\n|-damage|p2a: Tapu Koko|0 fnt\n|faint|p2a: Tapu Koko\n|\n|upkeep\n|\n|t:|1699825448\n|switch|p2a: Ferrothorn|Ferrothorn, F|100\/100\n|-activate|p2a: Ferrothorn|move: Sticky Web\n|-unboost|p2a: Ferrothorn|spe|1\n|turn|18\n|\n|t:|1699825453\n|-terastallize|p2a: Ferrothorn|Water\n|move|p1a: Volcarona|Giga Drain|p2a: Ferrothorn\n|-supereffective|p2a: Ferrothorn\n|-damage|p2a: Ferrothorn|25\/100\n|-heal|p1a: Volcarona|100\/100|[from] drain|[of] p2a: Ferrothorn\n|move|p2a: Ferrothorn|Leech Seed|p1a: Volcarona\n|-start|p1a: Volcarona|move: Leech Seed\n|\n|-heal|p2a: Ferrothorn|31\/100|[from] item: Leftovers\n|-damage|p1a: Volcarona|88\/100|[from] Leech Seed|[of] p2a: Ferrothorn\n|-heal|p2a: Ferrothorn|42\/100|[silent]\n|-sideend|p1: Ling17|move: Light Screen\n|upkeep\n|turn|19\n|\n|t:|1699825461\n|move|p1a: Volcarona|Giga Drain|p2a: Ferrothorn\n|-supereffective|p2a: Ferrothorn\n|-damage|p2a: Ferrothorn|0 fnt\n|-heal|p1a: Volcarona|100\/100|[from] drain|[of] p2a: Ferrothorn\n|faint|p2a: Ferrothorn\n|\n|upkeep\n|\n|t:|1699825463\n|switch|p2a: Iron Treads|Iron Treads|100\/100\n|-activate|p2a: Iron Treads|move: Sticky Web\n|-unboost|p2a: Iron Treads|spe|1\n|-activate|p2a: Iron Treads|ability: Quark Drive\n|-start|p2a: Iron Treads|quarkdrivedef\n|turn|20\n|\n|t:|1699825466\n|move|p1a: Volcarona|Fiery Dance|p2a: Iron Treads\n|-supereffective|p2a: Iron Treads\n|-crit|p2a: Iron Treads\n|-damage|p2a: Iron Treads|0 fnt\n|faint|p2a: Iron Treads\n|-end|p2a: Iron Treads|Quark Drive|[silent]\n|\n|win|Ling17\n|raw|Ling17's rating: 1371 &rarr; <strong>1389<\/strong><br \/>(+18 for winning)\n|raw|peanutthepengui's rating: 1334 &rarr; <strong>1316<\/strong><br \/>(-18 for losing)\n","uploadtime":1699825473,"views":4,"p1id":"ling17","p2id":"peanutthepengui","formatid":"gen9nationaldex","rating":1316,"private":0,"password":""}