{"id":"gen9nationaldex-1988694859","p1":"Fallout 3 Enjoyer","p2":"bmp123","format":"[Gen 9] National Dex","log":"|j|\u2606Fallout 3 Enjoyer\n|j|\u2606bmp123\n|t:|1699751635\n|gametype|singles\n|player|p1|Fallout 3 Enjoyer|caitlin|1149\n|player|p2|bmp123|2|1087\n|teamsize|p1|6\n|teamsize|p2|6\n|gen|9\n|tier|[Gen 9] National Dex\n|rated|\n|rule|HP Percentage Mod: HP is shown in percentages\n|rule|Endless Battle Clause: Forcing endless battles is banned\n|rule|OHKO Clause: OHKO moves are banned\n|rule|Evasion Clause: Evasion abilities, items, and moves are banned\n|rule|Evasion Abilities Clause: Evasion abilities are banned\n|rule|Evasion Items Clause: Evasion items are banned\n|rule|Evasion Moves Clause: Evasion moves are banned\n|rule|Species Clause: Limit one of each Pok\u00e9mon\n|rule|Sleep Clause Mod: Limit one foe put to sleep\n|clearpoke\n|poke|p1|Clodsire, F|\n|poke|p1|Bellibolt, F|\n|poke|p1|Poliwrath, M|\n|poke|p1|Politoed, F|\n|poke|p1|Swampert, M|\n|poke|p1|Toxicroak, M|\n|poke|p2|Blastoise, M|\n|poke|p2|Lapras, M|\n|poke|p2|Torkoal, F|\n|poke|p2|Torterra, F|\n|poke|p2|Turtonator, F|\n|poke|p2|Drednaw, F|\n|teampreview\n|inactive|Battle timer is ON: inactive players will automatically lose when time's up. (requested by Fallout 3 Enjoyer)\n|c|\u2606Fallout 3 Enjoyer|greetings\n|\n|t:|1699751652\n|start\n|switch|p1a: Rain Frog|Politoed, F, shiny|100\/100\n|switch|p2a: Drednaw|Drednaw, F|100\/100\n|-weather|RainDance|[from] ability: Drizzle|[of] p1a: Rain Frog\n|turn|1\n|\n|t:|1699751667\n|move|p2a: Drednaw|Shell Smash|p2a: Drednaw\n|-unboost|p2a: Drednaw|def|1\n|-unboost|p2a: Drednaw|spd|1\n|-boost|p2a: Drednaw|atk|2\n|-boost|p2a: Drednaw|spa|2\n|-boost|p2a: Drednaw|spe|2\n|-enditem|p2a: Drednaw|White Herb\n|-clearnegativeboost|p2a: Drednaw|[silent]\n|move|p1a: Rain Frog|Focus Blast|p2a: Drednaw\n|-supereffective|p2a: Drednaw\n|-damage|p2a: Drednaw|25\/100\n|\n|-weather|RainDance|[upkeep]\n|upkeep\n|turn|2\n|\n|t:|1699751677\n|move|p2a: Drednaw|Crunch|p1a: Rain Frog\n|-damage|p1a: Rain Frog|5\/100\n|move|p1a: Rain Frog|Scald|p2a: Drednaw\n|-damage|p2a: Drednaw|0 fnt\n|faint|p2a: Drednaw\n|\n|-weather|RainDance|[upkeep]\n|upkeep\n|\n|t:|1699751684\n|switch|p2a: Lapras|Lapras, M|100\/100\n|turn|3\n|\n|t:|1699751689\n|switch|p1a: Dart Frog|Toxicroak, M|100\/100\n|move|p2a: Lapras|Ice Shard|p1a: Dart Frog\n|-damage|p1a: Dart Frog|71\/100\n|\n|-weather|RainDance|[upkeep]\n|-heal|p1a: Dart Frog|83\/100|[from] ability: Dry Skin\n|upkeep\n|turn|4\n|\n|t:|1699751701\n|switch|p2a: Torkoal|Torkoal, F|100\/100\n|-weather|SunnyDay|[from] ability: Drought|[of] p2a: Torkoal\n|move|p1a: Dart Frog|Fake Out|p2a: Torkoal\n|-damage|p2a: Torkoal|89\/100\n|-damage|p1a: Dart Frog|73\/100|[from] item: Life Orb\n|\n|-weather|SunnyDay|[upkeep]\n|-damage|p1a: Dart Frog|61\/100|[from] ability: Dry Skin|[of] p1a: Dart Frog\n|upkeep\n|turn|5\n|\n|t:|1699751717\n|switch|p1a: Rain Frog|Politoed, F, shiny|5\/100\n|-weather|RainDance|[from] ability: Drizzle|[of] p1a: Rain Frog\n|move|p2a: Torkoal|Earth Power|p1a: Rain Frog\n|-damage|p1a: Rain Frog|0 fnt\n|faint|p1a: Rain Frog\n|\n|-weather|RainDance|[upkeep]\n|upkeep\n|\n|t:|1699751720\n|switch|p1a: Roid Frog|Swampert, M|100\/100\n|turn|6\n|\n|t:|1699751730\n|switch|p2a: Torterra|Torterra, F|100\/100\n|detailschange|p1a: Roid Frog|Swampert-Mega, M\n|-mega|p1a: Roid Frog|Swampert|Swampertite\n|move|p1a: Roid Frog|Liquidation|p2a: Torterra\n|-damage|p2a: Torterra|29\/100\n|\n|-weather|RainDance|[upkeep]\n|-heal|p2a: Torterra|35\/100|[from] item: Leftovers\n|upkeep\n|turn|7\n|\n|t:|1699751741\n|move|p1a: Roid Frog|Earthquake|p2a: Torterra\n|-resisted|p2a: Torterra\n|-damage|p2a: Torterra|9\/100\n|move|p2a: Torterra|Wood Hammer|p1a: Roid Frog\n|-supereffective|p1a: Roid Frog\n|-damage|p1a: Roid Frog|0 fnt\n|faint|p1a: Roid Frog\n|-damage|p2a: Torterra|0 fnt|[from] Recoil\n|faint|p2a: Torterra\n|\n|-weather|RainDance|[upkeep]\n|upkeep\n|\n|t:|1699751753\n|switch|p1a: Charge Frog|Bellibolt, F|100\/100\n|switch|p2a: Torkoal|Torkoal, F|89\/100\n|-weather|SunnyDay|[from] ability: Drought|[of] p2a: Torkoal\n|turn|8\n|\n|t:|1699751759\n|move|p1a: Charge Frog|Charge Beam|p2a: Torkoal\n|-damage|p2a: Torkoal|73\/100\n|-boost|p1a: Charge Frog|spa|1\n|move|p2a: Torkoal|Earth Power|p1a: Charge Frog\n|-supereffective|p1a: Charge Frog\n|-damage|p1a: Charge Frog|50\/100\n|-start|p1a: Charge Frog|Charge|Earth Power|[from] ability: Electromorphosis\n|\n|-weather|SunnyDay|[upkeep]\n|-heal|p1a: Charge Frog|56\/100|[from] item: Leftovers\n|upkeep\n|turn|9\n|\n|t:|1699751769\n|-terastallize|p1a: Charge Frog|Water\n|move|p1a: Charge Frog|Parabolic Charge|p2a: Torkoal\n|-damage|p2a: Torkoal|11\/100\n|-heal|p1a: Charge Frog|81\/100|[from] drain|[of] p2a: Torkoal\n|-end|p1a: Charge Frog|Charge|[silent]\n|move|p2a: Torkoal|Earth Power|p1a: Charge Frog\n|-damage|p1a: Charge Frog|58\/100\n|-unboost|p1a: Charge Frog|spd|1\n|-start|p1a: Charge Frog|Charge|Earth Power|[from] ability: Electromorphosis\n|\n|-weather|SunnyDay|[upkeep]\n|-heal|p1a: Charge Frog|64\/100|[from] item: Leftovers\n|upkeep\n|turn|10\n|\n|t:|1699751781\n|move|p1a: Charge Frog|Charge Beam|p2a: Torkoal\n|-damage|p2a: Torkoal|0 fnt\n|-boost|p1a: Charge Frog|spa|1\n|faint|p2a: Torkoal\n|-end|p1a: Charge Frog|Charge|[silent]\n|\n|-weather|SunnyDay|[upkeep]\n|-heal|p1a: Charge Frog|71\/100|[from] item: Leftovers\n|upkeep\n|\n|t:|1699751801\n|switch|p2a: Turtonator|Turtonator, F|100\/100\n|-item|p2a: Turtonator|Air Balloon\n|turn|11\n|inactive|bmp123 has 120 seconds left.\n|\n|t:|1699751817\n|move|p1a: Charge Frog|Muddy Water|p2a: Turtonator\n|-damage|p2a: Turtonator|63\/100\n|-enditem|p2a: Turtonator|Air Balloon\n|move|p2a: Turtonator|Draco Meteor|p1a: Charge Frog|[miss]\n|-miss|p2a: Turtonator|p1a: Charge Frog\n|\n|-weather|SunnyDay|[upkeep]\n|-heal|p1a: Charge Frog|77\/100|[from] item: Leftovers\n|upkeep\n|turn|12\n|\n|t:|1699751826\n|move|p1a: Charge Frog|Parabolic Charge|p2a: Turtonator\n|-resisted|p2a: Turtonator\n|-damage|p2a: Turtonator|36\/100\n|-heal|p1a: Charge Frog|87\/100|[from] drain|[of] p2a: Turtonator\n|move|p2a: Turtonator|Draco Meteor|p1a: Charge Frog|[miss]\n|-miss|p2a: Turtonator|p1a: Charge Frog\n|\n|-weather|none\n|-heal|p1a: Charge Frog|93\/100|[from] item: Leftovers\n|upkeep\n|turn|13\n|\n|t:|1699751835\n|move|p1a: Charge Frog|Charge Beam|p2a: Turtonator\n|-resisted|p2a: Turtonator\n|-damage|p2a: Turtonator|17\/100\n|move|p2a: Turtonator|Draco Meteor|p1a: Charge Frog\n|-damage|p1a: Charge Frog|11\/100\n|-unboost|p2a: Turtonator|spa|2\n|-start|p1a: Charge Frog|Charge|Draco Meteor|[from] ability: Electromorphosis\n|\n|-heal|p1a: Charge Frog|17\/100|[from] item: Leftovers\n|upkeep\n|turn|14\n|\n|t:|1699751844\n|move|p1a: Charge Frog|Parabolic Charge|p2a: Turtonator\n|-resisted|p2a: Turtonator\n|-damage|p2a: Turtonator|0 fnt\n|-heal|p1a: Charge Frog|23\/100|[from] drain|[of] p2a: Turtonator\n|faint|p2a: Turtonator\n|-end|p1a: Charge Frog|Charge|[silent]\n|\n|-heal|p1a: Charge Frog|29\/100|[from] item: Leftovers\n|upkeep\n|\n|t:|1699751851\n|switch|p2a: Blastoise|Blastoise, M|100\/100\n|turn|15\n|\n|t:|1699751854\n|move|p2a: Blastoise|Aura Sphere|p1a: Charge Frog\n|-damage|p1a: Charge Frog|0 fnt\n|faint|p1a: Charge Frog\n|\n|upkeep\n|\n|t:|1699751857\n|switch|p1a: Dart Frog|Toxicroak, M|61\/100\n|turn|16\n|\n|t:|1699751863\n|move|p1a: Dart Frog|Fake Out|p2a: Blastoise\n|-damage|p2a: Blastoise|82\/100\n|-damage|p1a: Dart Frog|51\/100|[from] item: Life Orb\n|cant|p2a: Blastoise|flinch\n|\n|upkeep\n|turn|17\n|\n|t:|1699751871\n|move|p1a: Dart Frog|Poison Jab|p2a: Blastoise\n|-damage|p2a: Blastoise|24\/100\n|-status|p2a: Blastoise|psn\n|-damage|p1a: Dart Frog|42\/100|[from] item: Life Orb\n|move|p2a: Blastoise|Shell Smash|p2a: Blastoise\n|-unboost|p2a: Blastoise|def|1\n|-unboost|p2a: Blastoise|spd|1\n|-boost|p2a: Blastoise|atk|2\n|-boost|p2a: Blastoise|spa|2\n|-boost|p2a: Blastoise|spe|2\n|-enditem|p2a: Blastoise|White Herb\n|-clearnegativeboost|p2a: Blastoise|[silent]\n|\n|-damage|p2a: Blastoise|12\/100 psn|[from] psn\n|upkeep\n|turn|18\n|\n|t:|1699751883\n|move|p2a: Blastoise|Ice Beam|p1a: Dart Frog\n|-damage|p1a: Dart Frog|0 fnt\n|faint|p1a: Dart Frog\n|\n|-damage|p2a: Blastoise|0 fnt|[from] psn\n|faint|p2a: Blastoise\n|upkeep\n|\n|t:|1699751888\n|switch|p1a: Punch Frog|Poliwrath, M|100\/100\n|switch|p2a: Lapras|Lapras, M|100\/100\n|turn|19\n|\n|t:|1699751900\n|-terastallize|p2a: Lapras|Water\n|move|p1a: Punch Frog|Close Combat|p2a: Lapras\n|-damage|p2a: Lapras|31\/100\n|-unboost|p1a: Punch Frog|def|1\n|-unboost|p1a: Punch Frog|spd|1\n|move|p2a: Lapras|Body Slam|p1a: Punch Frog\n|-damage|p1a: Punch Frog|57\/100\n|\n|-heal|p2a: Lapras|37\/100|[from] item: Leftovers\n|upkeep\n|turn|20\n|\n|t:|1699751909\n|move|p1a: Punch Frog|Close Combat|p2a: Lapras\n|-damage|p2a: Lapras|0 fnt\n|-unboost|p1a: Punch Frog|def|1\n|-unboost|p1a: Punch Frog|spd|1\n|faint|p2a: Lapras\n|\n|win|Fallout 3 Enjoyer\n|raw|Fallout 3 Enjoyer's rating: 1149 &rarr; <strong>1170<\/strong><br \/>(+21 for winning)\n|raw|bmp123's rating: 1087 &rarr; <strong>1068<\/strong><br \/>(-19 for losing)\n|c|\u2606Fallout 3 Enjoyer|gg\n|l|\u2606bmp123\n","uploadtime":1699751917,"views":10,"p1id":"fallout3enjoyer","p2id":"bmp123","formatid":"gen9nationaldex","rating":1068,"private":0,"password":""}