{"id":"gen9nationaldex-1988225521","p1":"Helmed Horror","p2":"oktheMaster","format":"[Gen 9] National Dex","log":"|j|\u2606Helmed Horror\n|j|\u2606oktheMaster\n|t:|1699689027\n|gametype|singles\n|player|p1|Helmed Horror|170|1497\n|player|p2|oktheMaster|irida|1483\n|teamsize|p1|6\n|teamsize|p2|6\n|gen|9\n|tier|[Gen 9] National Dex\n|rated|\n|rule|HP Percentage Mod: HP is shown in percentages\n|rule|Endless Battle Clause: Forcing endless battles is banned\n|rule|OHKO Clause: OHKO moves are banned\n|rule|Evasion Clause: Evasion abilities, items, and moves are banned\n|rule|Evasion Abilities Clause: Evasion abilities are banned\n|rule|Evasion Items Clause: Evasion items are banned\n|rule|Evasion Moves Clause: Evasion moves are banned\n|rule|Species Clause: Limit one of each Pok\u00e9mon\n|rule|Sleep Clause Mod: Limit one foe put to sleep\n|clearpoke\n|poke|p1|Charizard, M|\n|poke|p1|Serperior, F|\n|poke|p1|Tyranitar, F|\n|poke|p1|Great Tusk|\n|poke|p1|Alomomola, M|\n|poke|p1|Aegislash, M|\n|poke|p2|Bisharp, F|\n|poke|p2|Moltres|\n|poke|p2|Clodsire, M|\n|poke|p2|Tapu Lele|\n|poke|p2|Medicham, M|\n|poke|p2|Hydreigon, M|\n|teampreview\n|inactive|Battle timer is ON: inactive players will automatically lose when time's up. (requested by oktheMaster)\n|inactive|Helmed Horror has 120 seconds left.\n|\n|t:|1699689061\n|start\n|switch|p1a: Tyranitar|Tyranitar, F|100\/100\n|switch|p2a: Hydreigon|Hydreigon, M|100\/100\n|-weather|Sandstorm|[from] ability: Sand Stream|[of] p1a: Tyranitar\n|turn|1\n|\n|t:|1699689070\n|move|p2a: Hydreigon|U-turn|p1a: Tyranitar\n|-supereffective|p1a: Tyranitar\n|-damage|p1a: Tyranitar|76\/100\n|\n|t:|1699689078\n|switch|p2a: Medicham|Medicham, M|100\/100|[from] U-turn\n|move|p1a: Tyranitar|Ice Beam|p2a: Medicham\n|-damage|p2a: Medicham|53\/100\n|\n|-weather|Sandstorm|[upkeep]\n|-damage|p2a: Medicham|47\/100|[from] Sandstorm\n|upkeep\n|turn|2\n|\n|t:|1699689088\n|switch|p1a: Aegislash|Aegislash, M|100\/100\n|detailschange|p2a: Medicham|Medicham-Mega, M\n|-mega|p2a: Medicham|Medicham|Medichamite\n|move|p2a: Medicham|Close Combat|p1a: Aegislash\n|-immune|p1a: Aegislash\n|\n|-weather|Sandstorm|[upkeep]\n|-damage|p2a: Medicham|41\/100|[from] Sandstorm\n|upkeep\n|turn|3\n|\n|t:|1699689100\n|switch|p2a: Moltres|Moltres|100\/100\n|move|p1a: Aegislash|Swords Dance|p1a: Aegislash\n|-boost|p1a: Aegislash|atk|2\n|\n|-weather|Sandstorm|[upkeep]\n|-damage|p2a: Moltres|94\/100|[from] Sandstorm\n|upkeep\n|turn|4\n|\n|t:|1699689117\n|switch|p1a: Alomomola|Alomomola, M, shiny|100\/100\n|move|p2a: Moltres|Flamethrower|p1a: Alomomola\n|-resisted|p1a: Alomomola\n|-damage|p1a: Alomomola|78\/100\n|\n|-weather|Sandstorm|[upkeep]\n|-damage|p2a: Moltres|88\/100|[from] Sandstorm\n|-damage|p1a: Alomomola|72\/100|[from] Sandstorm\n|upkeep\n|turn|5\n|\n|t:|1699689121\n|move|p2a: Moltres|U-turn|p1a: Alomomola\n|-damage|p1a: Alomomola|64\/100\n|\n|t:|1699689123\n|switch|p2a: Clodsire|Clodsire, M|100\/100|[from] U-turn\n|move|p1a: Alomomola|Toxic|p2a: Clodsire|[miss]\n|-miss|p1a: Alomomola|p2a: Clodsire\n|\n|-weather|none\n|upkeep\n|turn|6\n|\n|t:|1699689130\n|move|p1a: Alomomola|Flip Turn|p2a: Clodsire\n|-immune|p2a: Clodsire|[from] ability: Water Absorb\n|move|p2a: Clodsire|Toxic|p1a: Alomomola\n|-status|p1a: Alomomola|tox\n|\n|-damage|p1a: Alomomola|58\/100 tox|[from] psn\n|upkeep\n|turn|7\n|\n|t:|1699689137\n|move|p1a: Alomomola|Wish|p1a: Alomomola\n|move|p2a: Clodsire|Stealth Rock|p1a: Alomomola\n|-sidestart|p1: Helmed Horror|move: Stealth Rock\n|\n|-damage|p1a: Alomomola|45\/100 tox|[from] psn\n|upkeep\n|turn|8\n|\n|t:|1699689141\n|move|p1a: Alomomola|Protect|p1a: Alomomola\n|-singleturn|p1a: Alomomola|Protect\n|move|p2a: Clodsire|Earthquake|p1a: Alomomola\n|-activate|p1a: Alomomola|move: Protect\n|\n|-heal|p1a: Alomomola|95\/100 tox|[from] move: Wish|[wisher] Alomomola\n|-damage|p1a: Alomomola|77\/100 tox|[from] psn\n|upkeep\n|turn|9\n|\n|t:|1699689148\n|switch|p1a: Great Tusk|Great Tusk|100\/100\n|-damage|p1a: Great Tusk|98\/100|[from] Stealth Rock\n|move|p2a: Clodsire|Toxic|p1a: Great Tusk\n|-status|p1a: Great Tusk|tox\n|\n|-damage|p1a: Great Tusk|91\/100 tox|[from] psn\n|upkeep\n|turn|10\n|inactive|oktheMaster has 120 seconds left.\n|\n|t:|1699689182\n|switch|p2a: Moltres|Moltres|88\/100\n|move|p1a: Great Tusk|Headlong Rush|p2a: Moltres\n|-immune|p2a: Moltres\n|\n|-damage|p1a: Great Tusk|79\/100 tox|[from] psn\n|upkeep\n|turn|11\n|\n|t:|1699689189\n|-zpower|p1a: Great Tusk\n|move|p1a: Great Tusk|Continental Crush|p2a: Moltres|[zeffect]\n|-supereffective|p2a: Moltres\n|-damage|p2a: Moltres|0 fnt\n|faint|p2a: Moltres\n|\n|-damage|p1a: Great Tusk|60\/100 tox|[from] psn\n|upkeep\n|inactive|oktheMaster has 120 seconds left.\n|\n|t:|1699689199\n|switch|p2a: Medicham|Medicham-Mega, M|41\/100\n|turn|12\n|\n|t:|1699689203\n|-end|p1a: Great Tusk|Protosynthesis|[silent]\n|switch|p1a: Aegislash|Aegislash, M|100\/100\n|-damage|p1a: Aegislash|94\/100|[from] Stealth Rock\n|move|p2a: Medicham|Zen Headbutt|p1a: Aegislash\n|-resisted|p1a: Aegislash\n|-damage|p1a: Aegislash|69\/100\n|\n|-heal|p1a: Aegislash|75\/100|[from] item: Leftovers\n|upkeep\n|turn|13\n|\n|t:|1699689217\n|switch|p2a: Bisharp|Bisharp, F|100\/100\n|-formechange|p1a: Aegislash|Aegislash-Blade||[from] ability: Stance Change\n|move|p1a: Aegislash|Close Combat|p2a: Bisharp\n|-supereffective|p2a: Bisharp\n|-damage|p2a: Bisharp|0 fnt\n|-unboost|p1a: Aegislash|def|1\n|-unboost|p1a: Aegislash|spd|1\n|faint|p2a: Bisharp\n|\n|-heal|p1a: Aegislash|81\/100|[from] item: Leftovers\n|upkeep\n|\n|t:|1699689231\n|switch|p2a: Hydreigon|Hydreigon, M|100\/100\n|turn|14\n|\n|t:|1699689241\n|-formechange|p1a: Aegislash|Aegislash||[from] ability: Stance Change\n|move|p1a: Aegislash|King's Shield|p1a: Aegislash\n|-singleturn|p1a: Aegislash|Protect\n|move|p2a: Hydreigon|Dark Pulse|p1a: Aegislash\n|-activate|p1a: Aegislash|move: Protect\n|\n|-heal|p1a: Aegislash|87\/100|[from] item: Leftovers\n|upkeep\n|turn|15\n|\n|t:|1699689249\n|switch|p1a: Great Tusk|Great Tusk|60\/100 tox\n|-damage|p1a: Great Tusk|57\/100 tox|[from] Stealth Rock\n|move|p2a: Hydreigon|Dark Pulse|p1a: Great Tusk\n|-resisted|p1a: Great Tusk\n|-damage|p1a: Great Tusk|25\/100 tox\n|\n|-damage|p1a: Great Tusk|19\/100 tox|[from] psn\n|upkeep\n|turn|16\n|\n|t:|1699689254\n|move|p2a: Hydreigon|Dark Pulse|p1a: Great Tusk\n|-resisted|p1a: Great Tusk\n|-damage|p1a: Great Tusk|0 fnt\n|faint|p1a: Great Tusk\n|-end|p1a: Great Tusk|Protosynthesis|[silent]\n|\n|upkeep\n|\n|t:|1699689275\n|switch|p1a: Tyranitar|Tyranitar, F|76\/100\n|-damage|p1a: Tyranitar|63\/100|[from] Stealth Rock\n|-weather|Sandstorm|[from] ability: Sand Stream|[of] p1a: Tyranitar\n|turn|17\n|\n|t:|1699689281\n|switch|p2a: Clodsire|Clodsire, M|100\/100\n|move|p1a: Tyranitar|Stealth Rock|p2a: Clodsire\n|-sidestart|p2: oktheMaster|move: Stealth Rock\n|\n|-weather|Sandstorm|[upkeep]\n|upkeep\n|turn|18\n|\n|t:|1699689297\n|move|p1a: Tyranitar|Knock Off|p2a: Clodsire\n|-damage|p2a: Clodsire|50\/100\n|-enditem|p2a: Clodsire|Leftovers|[from] move: Knock Off|[of] p1a: Tyranitar\n|move|p2a: Clodsire|Toxic|p1a: Tyranitar\n|-status|p1a: Tyranitar|tox\n|\n|-weather|Sandstorm|[upkeep]\n|-damage|p1a: Tyranitar|57\/100 tox|[from] psn\n|upkeep\n|turn|19\n|\n|t:|1699689302\n|move|p1a: Tyranitar|Ice Beam|p2a: Clodsire\n|-supereffective|p2a: Clodsire\n|-damage|p2a: Clodsire|21\/100\n|-status|p2a: Clodsire|frz\n|cant|p2a: Clodsire|frz\n|\n|-weather|Sandstorm|[upkeep]\n|-damage|p1a: Tyranitar|45\/100 tox|[from] psn\n|upkeep\n|turn|20\n|\n|t:|1699689325\n|switch|p1a: Aegislash|Aegislash, M|87\/100\n|-damage|p1a: Aegislash|81\/100|[from] Stealth Rock\n|cant|p2a: Clodsire|frz\n|\n|-weather|Sandstorm|[upkeep]\n|-heal|p1a: Aegislash|87\/100|[from] item: Leftovers\n|upkeep\n|turn|21\n|\n|t:|1699689329\n|move|p1a: Aegislash|Swords Dance|p1a: Aegislash\n|-boost|p1a: Aegislash|atk|2\n|-curestatus|p2a: Clodsire|frz|[msg]\n|move|p2a: Clodsire|Recover|p2a: Clodsire\n|-heal|p2a: Clodsire|71\/100\n|\n|-weather|none\n|-heal|p1a: Aegislash|93\/100|[from] item: Leftovers\n|upkeep\n|turn|22\n|\n|t:|1699689337\n|-formechange|p1a: Aegislash|Aegislash-Blade||[from] ability: Stance Change\n|move|p1a: Aegislash|Close Combat|p2a: Clodsire\n|-resisted|p2a: Clodsire\n|-damage|p2a: Clodsire|18\/100\n|-unboost|p1a: Aegislash|def|1\n|-unboost|p1a: Aegislash|spd|1\n|move|p2a: Clodsire|Earthquake|p1a: Aegislash\n|-supereffective|p1a: Aegislash\n|-damage|p1a: Aegislash|0 fnt\n|faint|p1a: Aegislash\n|\n|upkeep\n|\n|t:|1699689341\n|switch|p1a: Tyranitar|Tyranitar, F|45\/100 tox\n|-damage|p1a: Tyranitar|32\/100 tox|[from] Stealth Rock\n|-weather|Sandstorm|[from] ability: Sand Stream|[of] p1a: Tyranitar\n|turn|23\n|\n|t:|1699689361\n|move|p1a: Tyranitar|Ice Beam|p2a: Clodsire\n|-supereffective|p2a: Clodsire\n|-damage|p2a: Clodsire|0 fnt\n|faint|p2a: Clodsire\n|\n|-weather|Sandstorm|[upkeep]\n|-damage|p1a: Tyranitar|26\/100 tox|[from] psn\n|upkeep\n|inactive|oktheMaster has 120 seconds left.\n|\n|t:|1699689388\n|switch|p2a: Tapu Lele|Tapu Lele|100\/100\n|-damage|p2a: Tapu Lele|88\/100|[from] Stealth Rock\n|-fieldstart|move: Psychic Terrain|[from] ability: Psychic Surge|[of] p2a: Tapu Lele\n|turn|24\n|\n|t:|1699689394\n|move|p2a: Tapu Lele|Moonblast|p1a: Tyranitar\n|-supereffective|p1a: Tyranitar\n|-damage|p1a: Tyranitar|0 fnt\n|faint|p1a: Tyranitar\n|\n|-weather|Sandstorm|[upkeep]\n|-damage|p2a: Tapu Lele|82\/100|[from] Sandstorm\n|upkeep\n|\n|t:|1699689401\n|switch|p1a: Serperior|Serperior, F|100\/100\n|-damage|p1a: Serperior|88\/100|[from] Stealth Rock\n|turn|25\n|\n|t:|1699689411\n|move|p2a: Tapu Lele|Moonblast|p1a: Serperior\n|-damage|p1a: Serperior|34\/100\n|move|p1a: Serperior|Leaf Storm|p2a: Tapu Lele\n|-damage|p2a: Tapu Lele|36\/100\n|-boost|p1a: Serperior|spa|2\n|\n|-weather|Sandstorm|[upkeep]\n|-damage|p2a: Tapu Lele|30\/100|[from] Sandstorm\n|-damage|p1a: Serperior|27\/100|[from] Sandstorm\n|-heal|p1a: Serperior|34\/100|[from] item: Leftovers\n|upkeep\n|turn|26\n|\n|t:|1699689423\n|move|p2a: Tapu Lele|Moonblast|p1a: Serperior\n|-damage|p1a: Serperior|0 fnt\n|faint|p1a: Serperior\n|\n|-weather|Sandstorm|[upkeep]\n|-damage|p2a: Tapu Lele|24\/100|[from] Sandstorm\n|upkeep\n|\n|t:|1699689426\n|switch|p1a: Charizard|Charizard, M|100\/100\n|-damage|p1a: Charizard|51\/100|[from] Stealth Rock\n|turn|27\n|\n|t:|1699689434\n|switch|p2a: Hydreigon|Hydreigon, M|100\/100\n|-damage|p2a: Hydreigon|88\/100|[from] Stealth Rock\n|detailschange|p1a: Charizard|Charizard-Mega-Y, M\n|-mega|p1a: Charizard|Charizard|Charizardite Y\n|-weather|SunnyDay|[from] ability: Drought|[of] p1a: Charizard\n|move|p1a: Charizard|Weather Ball|p2a: Hydreigon\n|-resisted|p2a: Hydreigon\n|-damage|p2a: Hydreigon|33\/100\n|\n|-weather|SunnyDay|[upkeep]\n|upkeep\n|turn|28\n|\n|t:|1699689448\n|move|p2a: Hydreigon|Draco Meteor|p1a: Charizard\n|-damage|p1a: Charizard|0 fnt\n|-unboost|p2a: Hydreigon|spa|2\n|faint|p1a: Charizard\n|\n|-weather|SunnyDay|[upkeep]\n|-fieldend|move: Psychic Terrain\n|upkeep\n|-message|Helmed Horror forfeited.\n|\n|win|oktheMaster\n|raw|Helmed Horror's rating: 1497 &rarr; <strong>1476<\/strong><br \/>(-21 for losing)\n|raw|oktheMaster's rating: 1483 &rarr; <strong>1504<\/strong><br \/>(+21 for winning)\n|l|\u2606Helmed Horror\n","uploadtime":1699689459,"views":4,"p1id":"helmedhorror","p2id":"okthemaster","formatid":"gen9nationaldex","rating":1476,"private":0,"password":""}