{"id":"gen9nationaldex-1999482958","p1":"PoV_pm","p2":"Natezero58","format":"[Gen 9] National Dex","log":"|html|<div class=\"broadcast-blue\"><strong>[Gen 9] National Dex is currently suspecting Sneasler! For information on how to participate check out the <a href=\"https:\/\/www.smogon.com\/forums\/threads\/sv-national-dex-suspect-8-just-dance.3731534\/\">suspect thread<\/a>.<\/strong><\/div>\n|j|\u2606PoV_pm\n|j|\u2606Natezero58\n|t:|1701087290\n|gametype|singles\n|player|p1|PoV_pm|cynthia-gen4|1513\n|player|p2|Natezero58|266|1617\n|teamsize|p1|6\n|teamsize|p2|6\n|gen|9\n|tier|[Gen 9] National Dex\n|rated|\n|rule|HP Percentage Mod: HP is shown in percentages\n|rule|Endless Battle Clause: Forcing endless battles is banned\n|rule|OHKO Clause: OHKO moves are banned\n|rule|Evasion Clause: Evasion abilities, items, and moves are banned\n|rule|Evasion Abilities Clause: Evasion abilities are banned\n|rule|Evasion Items Clause: Evasion items are banned\n|rule|Evasion Moves Clause: Evasion moves are banned\n|rule|Species Clause: Limit one of each Pok\u00e9mon\n|rule|Sleep Clause Mod: Limit one foe put to sleep\n|clearpoke\n|poke|p1|Charizard, M|\n|poke|p1|Great Tusk|\n|poke|p1|Rillaboom, M|\n|poke|p1|Clodsire, F|\n|poke|p1|Landorus-Therian, M|\n|poke|p1|Garganacl, M|\n|poke|p2|Zamazenta-*|\n|poke|p2|Serperior, M|\n|poke|p2|Ribombee, M|\n|poke|p2|Excadrill, M|\n|poke|p2|Comfey, F|\n|poke|p2|Iron Moth|\n|teampreview\n|inactive|Battle timer is ON: inactive players will automatically lose when time's up. (requested by Natezero58)\n|\n|t:|1701087310\n|start\n|switch|p1a: Landorus|Landorus-Therian, M|100\/100\n|switch|p2a: Ribombee|Ribombee, M|100\/100\n|-ability|p1a: Landorus|Intimidate|boost\n|-unboost|p2a: Ribombee|atk|1\n|turn|1\n|\n|t:|1701087314\n|move|p2a: Ribombee|Sticky Web|p1a: Landorus\n|-sidestart|p1: PoV_pm|move: Sticky Web\n|move|p1a: Landorus|Stealth Rock|p2a: Ribombee\n|-sidestart|p2: Natezero58|move: Stealth Rock\n|\n|upkeep\n|turn|2\n|\n|t:|1701087318\n|move|p2a: Ribombee|Moonblast|p1a: Landorus\n|-damage|p1a: Landorus|60\/100\n|move|p1a: Landorus|Earthquake|p2a: Ribombee\n|-resisted|p2a: Ribombee\n|-damage|p2a: Ribombee|45\/100\n|\n|upkeep\n|turn|3\n|\n|t:|1701087327\n|move|p2a: Ribombee|Moonblast|p1a: Landorus\n|-damage|p1a: Landorus|18\/100\n|-unboost|p1a: Landorus|spa|1\n|move|p1a: Landorus|Earthquake|p2a: Ribombee\n|-resisted|p2a: Ribombee\n|-damage|p2a: Ribombee|0 fnt\n|faint|p2a: Ribombee\n|\n|upkeep\n|\n|t:|1701087334\n|switch|p2a: Iron Moth|Iron Moth|100\/100\n|-damage|p2a: Iron Moth|76\/100|[from] Stealth Rock\n|-enditem|p2a: Iron Moth|Booster Energy\n|-activate|p2a: Iron Moth|ability: Quark Drive|[fromitem]\n|-start|p2a: Iron Moth|quarkdrivespa\n|turn|4\n|\n|t:|1701087341\n|switch|p1a: Clodsire|Clodsire, F|100\/100\n|move|p2a: Iron Moth|Fiery Dance|p1a: Clodsire\n|-damage|p1a: Clodsire|69\/100\n|\n|upkeep\n|turn|5\n|\n|t:|1701087355\n|move|p2a: Iron Moth|Energy Ball|p1a: Clodsire\n|-crit|p1a: Clodsire\n|-damage|p1a: Clodsire|38\/100\n|move|p1a: Clodsire|Recover|p1a: Clodsire\n|-heal|p1a: Clodsire|88\/100\n|\n|upkeep\n|turn|6\n|\n|t:|1701087359\n|move|p2a: Iron Moth|Fiery Dance|p1a: Clodsire\n|-damage|p1a: Clodsire|59\/100\n|move|p1a: Clodsire|Earthquake|p2a: Iron Moth\n|-supereffective|p2a: Iron Moth\n|-damage|p2a: Iron Moth|0 fnt\n|faint|p2a: Iron Moth\n|-end|p2a: Iron Moth|Quark Drive|[silent]\n|\n|upkeep\n|\n|t:|1701087362\n|switch|p2a: Serperior|Serperior, M|100\/100\n|-damage|p2a: Serperior|88\/100|[from] Stealth Rock\n|turn|7\n|\n|t:|1701087377\n|move|p2a: Serperior|Substitute|p2a: Serperior\n|-start|p2a: Serperior|Substitute\n|-damage|p2a: Serperior|63\/100\n|move|p1a: Clodsire|Toxic||[still]\n|-fail|p1a: Clodsire\n|\n|-heal|p2a: Serperior|69\/100|[from] item: Leftovers\n|upkeep\n|turn|8\n|\n|t:|1701087380\n|move|p2a: Serperior|Leaf Storm|p1a: Clodsire\n|-damage|p1a: Clodsire|34\/100\n|-boost|p2a: Serperior|spa|2\n|move|p1a: Clodsire|Recover|p1a: Clodsire\n|-heal|p1a: Clodsire|84\/100\n|\n|-heal|p2a: Serperior|75\/100|[from] item: Leftovers\n|upkeep\n|turn|9\n|\n|t:|1701087388\n|switch|p1a: Rillaboom|Rillaboom, M|100\/100\n|-activate|p1a: Rillaboom|move: Sticky Web\n|-unboost|p1a: Rillaboom|spe|1\n|-fieldstart|move: Grassy Terrain|[from] ability: Grassy Surge|[of] p1a: Rillaboom\n|move|p2a: Serperior|Leech Seed|p1a: Rillaboom\n|-immune|p1a: Rillaboom\n|\n|-heal|p2a: Serperior|82\/100|[from] Grassy Terrain\n|-heal|p2a: Serperior|88\/100|[from] item: Leftovers\n|upkeep\n|turn|10\n|\n|t:|1701087399\n|move|p2a: Serperior|Leaf Storm|p1a: Rillaboom\n|-resisted|p1a: Rillaboom\n|-damage|p1a: Rillaboom|30\/100\n|-boost|p2a: Serperior|spa|2\n|move|p1a: Rillaboom|U-turn|p2a: Serperior\n|-supereffective|p2a: Serperior\n|-end|p2a: Serperior|Substitute\n|\n|t:|1701087402\n|switch|p1a: Charizard|Charizard, M|100\/100|[from] U-turn\n|\n|-heal|p2a: Serperior|94\/100|[from] Grassy Terrain\n|-heal|p2a: Serperior|99\/100|[from] item: Leftovers\n|upkeep\n|turn|11\n|\n|t:|1701087407\n|detailschange|p1a: Charizard|Charizard-Mega-Y, M\n|-mega|p1a: Charizard|Charizard|Charizardite Y\n|-weather|SunnyDay|[from] ability: Drought|[of] p1a: Charizard\n|move|p2a: Serperior|Glare|p1a: Charizard\n|-status|p1a: Charizard|par\n|move|p1a: Charizard|Weather Ball|p2a: Serperior\n|-supereffective|p2a: Serperior\n|-damage|p2a: Serperior|0 fnt\n|faint|p2a: Serperior\n|\n|-weather|SunnyDay|[upkeep]\n|upkeep\n|\n|t:|1701087415\n|switch|p2a: Excadrill|Excadrill, M|100\/100\n|-damage|p2a: Excadrill|97\/100|[from] Stealth Rock\n|-ability|p2a: Excadrill|Mold Breaker\n|turn|12\n|\n|t:|1701087429\n|switch|p1a: Great Tusk|Great Tusk, shiny|100\/100\n|-activate|p1a: Great Tusk|move: Sticky Web\n|-unboost|p1a: Great Tusk|spe|1\n|-activate|p1a: Great Tusk|ability: Protosynthesis\n|-start|p1a: Great Tusk|protosynthesisatk\n|move|p2a: Excadrill|Rock Blast|p1a: Great Tusk\n|-resisted|p1a: Great Tusk\n|-damage|p1a: Great Tusk|99\/100\n|-resisted|p1a: Great Tusk\n|-damage|p1a: Great Tusk|97\/100\n|-resisted|p1a: Great Tusk\n|-damage|p1a: Great Tusk|96\/100\n|-hitcount|p1a: Great Tusk|3\n|\n|-weather|SunnyDay|[upkeep]\n|-heal|p2a: Excadrill|100\/100|[from] Grassy Terrain\n|-heal|p1a: Great Tusk|100\/100|[from] Grassy Terrain\n|upkeep\n|turn|13\n|\n|t:|1701087439\n|switch|p2a: Zamazenta|Zamazenta|100\/100\n|-damage|p2a: Zamazenta|94\/100|[from] Stealth Rock\n|-ability|p2a: Zamazenta|Dauntless Shield|boost\n|-boost|p2a: Zamazenta|def|1\n|move|p1a: Great Tusk|Rapid Spin|p2a: Zamazenta\n|-damage|p2a: Zamazenta|85\/100\n|-boost|p1a: Great Tusk|spe|1\n|-sideend|p1: PoV_pm|Sticky Web|[from] move: Rapid Spin|[of] p1a: Great Tusk\n|\n|-weather|SunnyDay|[upkeep]\n|-heal|p2a: Zamazenta|91\/100|[from] Grassy Terrain\n|-heal|p2a: Zamazenta|98\/100|[from] item: Leftovers\n|-fieldend|move: Grassy Terrain\n|upkeep\n|turn|14\n|\n|t:|1701087461\n|-end|p1a: Great Tusk|Protosynthesis|[silent]\n|switch|p1a: Landorus|Landorus-Therian, M|18\/100\n|-ability|p1a: Landorus|Intimidate|boost\n|-unboost|p2a: Zamazenta|atk|1\n|move|p2a: Zamazenta|Iron Defense|p2a: Zamazenta\n|-boost|p2a: Zamazenta|def|2\n|\n|-weather|SunnyDay|[upkeep]\n|-heal|p2a: Zamazenta|100\/100|[from] item: Leftovers\n|upkeep\n|turn|15\n|\n|t:|1701087470\n|move|p2a: Zamazenta|Substitute|p2a: Zamazenta\n|-start|p2a: Zamazenta|Substitute\n|-damage|p2a: Zamazenta|75\/100\n|move|p1a: Landorus|U-turn|p2a: Zamazenta\n|-resisted|p2a: Zamazenta\n|-activate|p2a: Zamazenta|move: Substitute|[damage]\n|\n|t:|1701087474\n|switch|p1a: Garganacl|Garganacl, M|100\/100|[from] U-turn\n|\n|-weather|none\n|-heal|p2a: Zamazenta|82\/100|[from] item: Leftovers\n|upkeep\n|turn|16\n|\n|t:|1701087478\n|-terastallize|p1a: Garganacl|Ghost\n|move|p2a: Zamazenta|Body Press|p1a: Garganacl\n|-immune|p1a: Garganacl\n|move|p1a: Garganacl|Curse|p2a: Zamazenta\n|-start|p2a: Zamazenta|Curse|[of] p1a: Garganacl\n|-damage|p1a: Garganacl|50\/100\n|\n|-heal|p2a: Zamazenta|88\/100|[from] item: Leftovers\n|-damage|p2a: Zamazenta|63\/100|[from] Curse\n|upkeep\n|turn|17\n|\n|t:|1701087487\n|move|p2a: Zamazenta|Heavy Slam|p1a: Garganacl\n|-damage|p1a: Garganacl|46\/100\n|move|p1a: Garganacl|Recover|p1a: Garganacl\n|-heal|p1a: Garganacl|96\/100\n|\n|-heal|p2a: Zamazenta|69\/100|[from] item: Leftovers\n|-damage|p2a: Zamazenta|44\/100|[from] Curse\n|upkeep\n|turn|18\n|\n|t:|1701087492\n|switch|p2a: Excadrill|Excadrill, M|100\/100\n|-damage|p2a: Excadrill|97\/100|[from] Stealth Rock\n|-ability|p2a: Excadrill|Mold Breaker\n|move|p1a: Garganacl|Curse|p2a: Excadrill\n|-start|p2a: Excadrill|Curse|[of] p1a: Garganacl\n|-damage|p1a: Garganacl|46\/100\n|\n|-damage|p2a: Excadrill|73\/100|[from] Curse\n|upkeep\n|turn|19\n|\n|t:|1701087499\n|switch|p2a: Comfey|Comfey, F|100\/100\n|-damage|p2a: Comfey|88\/100|[from] Stealth Rock\n|move|p1a: Garganacl|Recover|p1a: Garganacl\n|-heal|p1a: Garganacl|96\/100\n|\n|upkeep\n|turn|20\n|\n|t:|1701087502\n|move|p2a: Comfey|Calm Mind|p2a: Comfey\n|-boost|p2a: Comfey|spa|1\n|-boost|p2a: Comfey|spd|1\n|move|p1a: Garganacl|Curse|p2a: Comfey\n|-start|p2a: Comfey|Curse|[of] p1a: Garganacl\n|-damage|p1a: Garganacl|46\/100\n|\n|-damage|p2a: Comfey|63\/100|[from] Curse\n|upkeep\n|turn|21\n|\n|t:|1701087505\n|move|p2a: Comfey|Calm Mind|p2a: Comfey\n|-boost|p2a: Comfey|spa|1\n|-boost|p2a: Comfey|spd|1\n|move|p1a: Garganacl|Recover|p1a: Garganacl\n|-heal|p1a: Garganacl|96\/100\n|\n|-damage|p2a: Comfey|38\/100|[from] Curse\n|upkeep\n|turn|22\n|\n|t:|1701087509\n|-terastallize|p2a: Comfey|Fairy\n|move|p2a: Comfey|Draining Kiss|p1a: Garganacl\n|-damage|p1a: Garganacl|37\/100\n|-heal|p2a: Comfey|97\/100|[from] drain|[of] p1a: Garganacl\n|-damage|p2a: Comfey|87\/100|[from] item: Life Orb\n|move|p1a: Garganacl|Salt Cure|p2a: Comfey\n|-damage|p2a: Comfey|71\/100\n|-start|p2a: Comfey|Salt Cure\n|\n|-damage|p2a: Comfey|46\/100|[from] Curse\n|-damage|p2a: Comfey|34\/100|[from] Salt Cure\n|upkeep\n|turn|23\n|\n|t:|1701087515\n|switch|p1a: Clodsire|Clodsire, F|84\/100\n|move|p2a: Comfey|Draining Kiss|p1a: Clodsire\n|-resisted|p1a: Clodsire\n|-damage|p1a: Clodsire|66\/100\n|-heal|p2a: Comfey|55\/100|[from] drain|[of] p1a: Clodsire\n|-damage|p2a: Comfey|45\/100|[from] item: Life Orb\n|\n|-damage|p2a: Comfey|20\/100|[from] Curse\n|-damage|p2a: Comfey|8\/100|[from] Salt Cure\n|upkeep\n|turn|24\n|\n|t:|1701087522\n|move|p2a: Comfey|Giga Drain|p1a: Clodsire\n|-crit|p1a: Clodsire\n|-damage|p1a: Clodsire|20\/100\n|-heal|p2a: Comfey|43\/100|[from] drain|[of] p1a: Clodsire\n|-damage|p2a: Comfey|33\/100|[from] item: Life Orb\n|move|p1a: Clodsire|Earthquake|p2a: Comfey\n|-damage|p2a: Comfey|0 fnt\n|faint|p2a: Comfey\n|\n|upkeep\n|\n|t:|1701087526\n|switch|p2a: Excadrill|Excadrill, M|73\/100\n|-damage|p2a: Excadrill|70\/100|[from] Stealth Rock\n|-ability|p2a: Excadrill|Mold Breaker\n|turn|25\n|\n|t:|1701087533\n|switch|p1a: Landorus|Landorus-Therian, M|18\/100\n|-ability|p1a: Landorus|Intimidate|boost\n|-unboost|p2a: Excadrill|atk|1\n|move|p2a: Excadrill|Rapid Spin|p1a: Landorus\n|-damage|p1a: Landorus|9\/100\n|-boost|p2a: Excadrill|spe|1\n|-damage|p2a: Excadrill|53\/100|[from] item: Rocky Helmet|[of] p1a: Landorus\n|-sideend|p2: Natezero58|Stealth Rock|[from] move: Rapid Spin|[of] p2a: Excadrill\n|\n|upkeep\n|turn|26\n|\n|t:|1701087543\n|move|p2a: Excadrill|Rock Blast|p1a: Landorus\n|-damage|p1a: Landorus|5\/100\n|-damage|p1a: Landorus|0 fnt\n|faint|p1a: Landorus\n|-hitcount|p1: Landorus|2\n|\n|upkeep\n|\n|t:|1701087556\n|switch|p1a: Great Tusk|Great Tusk, shiny|100\/100\n|turn|27\n|\n|t:|1701087580\n|move|p2a: Excadrill|Earthquake|p1a: Great Tusk\n|-damage|p1a: Great Tusk|73\/100\n|move|p1a: Great Tusk|Headlong Rush|p2a: Excadrill\n|-supereffective|p2a: Excadrill\n|-damage|p2a: Excadrill|0 fnt\n|-unboost|p1a: Great Tusk|def|1\n|-unboost|p1a: Great Tusk|spd|1\n|faint|p2a: Excadrill\n|\n|upkeep\n|inactive|Natezero58 has 120 seconds left.\n|inactive|Natezero58 has 90 seconds left.\n|inactive|Natezero58 has 60 seconds left.\n|inactive|Natezero58 has 30 seconds left.\n|inactive|Natezero58 has 20 seconds left.\n|inactive|Natezero58 has 15 seconds left.\n|inactive|Natezero58 has 10 seconds left.\n|inactive|Natezero58 has 5 seconds left.\n|-message|Natezero58 lost due to inactivity.\n|\n|win|PoV_pm\n|raw|PoV_pm's rating: 1513 &rarr; <strong>1539<\/strong><br \/>(+26 for winning)\n|raw|Natezero58's rating: 1617 &rarr; <strong>1591<\/strong><br \/>(-26 for losing)\n","uploadtime":1701087738,"views":6,"p1id":"povpm","p2id":"natezero58","formatid":"gen9nationaldex","rating":1539,"private":0,"password":""}