{"id":"gen9nationaldex-1999882362","p1":"Alejinhoo","p2":"Theadonia","format":"[Gen 9] National Dex","log":"|html|<div class=\"broadcast-blue\"><strong>[Gen 9] National Dex is currently suspecting Sneasler! For information on how to participate check out the <a href=\"https:\/\/www.smogon.com\/forums\/threads\/sv-national-dex-suspect-8-just-dance.3731534\/\">suspect thread<\/a>.<\/strong><\/div>\n|j|\u2606Alejinhoo\n|j|\u2606Theadonia\n|t:|1701125956\n|gametype|singles\n|player|p1|Alejinhoo|102|1152\n|player|p2|Theadonia|roxie|1210\n|teamsize|p1|6\n|teamsize|p2|6\n|gen|9\n|tier|[Gen 9] National Dex\n|rated|\n|rule|HP Percentage Mod: HP is shown in percentages\n|rule|Endless Battle Clause: Forcing endless battles is banned\n|rule|OHKO Clause: OHKO moves are banned\n|rule|Evasion Clause: Evasion abilities, items, and moves are banned\n|rule|Evasion Abilities Clause: Evasion abilities are banned\n|rule|Evasion Items Clause: Evasion items are banned\n|rule|Evasion Moves Clause: Evasion moves are banned\n|rule|Species Clause: Limit one of each Pok\u00e9mon\n|rule|Sleep Clause Mod: Limit one foe put to sleep\n|clearpoke\n|poke|p1|Garchomp, M|\n|poke|p1|Clefable, M|\n|poke|p1|Talonflame, F|\n|poke|p1|Rotom-Wash|\n|poke|p1|Ferrothorn, M|\n|poke|p1|Gyarados, F|\n|poke|p2|Torterra, F|\n|poke|p2|Furret, M|\n|poke|p2|Ribombee, F|\n|poke|p2|Arcanine-Hisui, F|\n|poke|p2|Gyarados, M|\n|poke|p2|Muk-Alola, F|\n|teampreview\n|\n|t:|1701125970\n|start\n|switch|p1a: Ferrothorn|Ferrothorn, M, shiny|100\/100\n|switch|p2a: Torterra|Torterra, F|100\/100\n|turn|1\n|\n|t:|1701125979\n|move|p2a: Torterra|Shell Smash|p2a: Torterra\n|-unboost|p2a: Torterra|def|1\n|-unboost|p2a: Torterra|spd|1\n|-boost|p2a: Torterra|atk|2\n|-boost|p2a: Torterra|spa|2\n|-boost|p2a: Torterra|spe|2\n|move|p1a: Ferrothorn|Leech Seed|p2a: Torterra\n|-immune|p2a: Torterra\n|\n|upkeep\n|turn|2\n|\n|t:|1701125995\n|move|p2a: Torterra|Headlong Rush|p1a: Ferrothorn\n|-damage|p1a: Ferrothorn|27\/100\n|-unboost|p2a: Torterra|def|1\n|-unboost|p2a: Torterra|spd|1\n|-damage|p2a: Torterra|88\/100|[from] ability: Iron Barbs|[of] p1a: Ferrothorn\n|move|p1a: Ferrothorn|Gyro Ball|p2a: Torterra\n|-damage|p2a: Torterra|0 fnt\n|faint|p2a: Torterra\n|\n|-heal|p1a: Ferrothorn|33\/100|[from] item: Leftovers\n|upkeep\n|\n|t:|1701126008\n|switch|p2a: Arcanine|Arcanine-Hisui, F, shiny|100\/100\n|turn|3\n|\n|t:|1701126018\n|move|p2a: Arcanine|Flare Blitz|p1a: Ferrothorn\n|-supereffective|p1a: Ferrothorn\n|-damage|p1a: Ferrothorn|0 fnt\n|-damage|p2a: Arcanine|88\/100|[from] ability: Iron Barbs|[of] p1a: Ferrothorn\n|faint|p1a: Ferrothorn\n|\n|upkeep\n|\n|t:|1701126021\n|switch|p1a: Rotom|Rotom-Wash, shiny|100\/100\n|turn|4\n|\n|t:|1701126041\n|-terastallize|p2a: Arcanine|Grass\n|move|p2a: Arcanine|Tera Blast|p1a: Rotom|[anim] Tera Blast Grass\n|-supereffective|p1a: Rotom\n|-damage|p1a: Rotom|45\/100\n|move|p1a: Rotom|Hydro Pump|p2a: Arcanine\n|-resisted|p2a: Arcanine\n|-damage|p2a: Arcanine|63\/100\n|\n|upkeep\n|turn|5\n|\n|t:|1701126051\n|-terastallize|p1a: Rotom|Electric\n|move|p2a: Arcanine|Head Smash|p1a: Rotom\n|-damage|p1a: Rotom|0 fnt\n|faint|p1a: Rotom\n|\n|upkeep\n|\n|t:|1701126055\n|switch|p1a: Garchomp|Garchomp, M, shiny|100\/100\n|turn|6\n|\n|t:|1701126064\n|switch|p2a: Gyarados|Gyarados, M, shiny|100\/100\n|-ability|p2a: Gyarados|Intimidate|boost\n|-unboost|p1a: Garchomp|atk|1\n|detailschange|p1a: Garchomp|Garchomp-Mega, M, shiny\n|-mega|p1a: Garchomp|Garchomp|Garchompite\n|move|p1a: Garchomp|Fire Fang|p2a: Gyarados\n|-resisted|p2a: Gyarados\n|-damage|p2a: Gyarados|88\/100\n|\n|upkeep\n|turn|7\n|\n|t:|1701126074\n|switch|p1a: Clefable|Clefable, M, shiny|100\/100\n|move|p2a: Gyarados|Dragon Dance|p2a: Gyarados\n|-boost|p2a: Gyarados|atk|1\n|-boost|p2a: Gyarados|spe|1\n|\n|upkeep\n|turn|8\n|\n|t:|1701126084\n|move|p2a: Gyarados|Waterfall|p1a: Clefable\n|-damage|p1a: Clefable|40\/100\n|move|p1a: Clefable|Thunder Wave|p2a: Gyarados\n|-status|p2a: Gyarados|par\n|\n|-heal|p1a: Clefable|46\/100|[from] item: Leftovers\n|upkeep\n|turn|9\n|\n|t:|1701126094\n|cant|p2a: Gyarados|par\n|move|p1a: Clefable|Soft-Boiled|p1a: Clefable\n|-heal|p1a: Clefable|96\/100\n|\n|-heal|p1a: Clefable|100\/100|[from] item: Leftovers\n|upkeep\n|turn|10\n|\n|t:|1701126099\n|move|p2a: Gyarados|Dragon Dance|p2a: Gyarados\n|-boost|p2a: Gyarados|atk|1\n|-boost|p2a: Gyarados|spe|1\n|move|p1a: Clefable|Moonblast|p2a: Gyarados\n|-damage|p2a: Gyarados|55\/100 par\n|-unboost|p2a: Gyarados|spa|1\n|\n|upkeep\n|turn|11\n|\n|t:|1701126102\n|cant|p2a: Gyarados|par\n|move|p1a: Clefable|Moonblast|p2a: Gyarados\n|-damage|p2a: Gyarados|25\/100 par\n|-unboost|p2a: Gyarados|spa|1\n|\n|upkeep\n|turn|12\n|\n|t:|1701126106\n|move|p2a: Gyarados|Waterfall|p1a: Clefable\n|-damage|p1a: Clefable|23\/100\n|move|p1a: Clefable|Moonblast|p2a: Gyarados\n|-damage|p2a: Gyarados|0 fnt\n|faint|p2a: Gyarados\n|\n|-heal|p1a: Clefable|29\/100|[from] item: Leftovers\n|upkeep\n|\n|t:|1701126116\n|switch|p2a: Muk|Muk-Alola, F, shiny|100\/100\n|turn|13\n|\n|t:|1701126135\n|move|p1a: Clefable|Thunder Wave|p2a: Muk\n|-status|p2a: Muk|par\n|move|p2a: Muk|Poison Jab|p1a: Clefable\n|-supereffective|p1a: Clefable\n|-damage|p1a: Clefable|0 fnt\n|faint|p1a: Clefable\n|\n|upkeep\n|\n|t:|1701126142\n|switch|p1a: Gyarados|Gyarados, F, shiny|100\/100\n|-ability|p1a: Gyarados|Intimidate|boost\n|-unboost|p2a: Muk|atk|1\n|turn|14\n|\n|t:|1701126144\n|move|p1a: Gyarados|Dragon Dance|p1a: Gyarados\n|-boost|p1a: Gyarados|atk|1\n|-boost|p1a: Gyarados|spe|1\n|move|p2a: Muk|Acid Armor|p2a: Muk\n|-boost|p2a: Muk|def|2\n|\n|upkeep\n|turn|15\n|\n|t:|1701126158\n|switch|p1a: Garchomp|Garchomp-Mega, M, shiny|100\/100\n|move|p2a: Muk|Acid Armor|p2a: Muk\n|-boost|p2a: Muk|def|2\n|\n|upkeep\n|turn|16\n|inactive|Battle timer is ON: inactive players will automatically lose when time's up. (requested by Theadonia)\n|\n|t:|1701126198\n|move|p1a: Garchomp|Swords Dance|p1a: Garchomp\n|-boost|p1a: Garchomp|atk|2\n|move|p2a: Muk|Drain Punch|p1a: Garchomp\n|-damage|p1a: Garchomp|87\/100\n|\n|upkeep\n|turn|17\n|\n|t:|1701126201\n|move|p1a: Garchomp|Swords Dance|p1a: Garchomp\n|-boost|p1a: Garchomp|atk|2\n|move|p2a: Muk|Knock Off|p1a: Garchomp\n|-damage|p1a: Garchomp|67\/100\n|\n|upkeep\n|turn|18\n|\n|t:|1701126204\n|move|p1a: Garchomp|Swords Dance|p1a: Garchomp\n|-boost|p1a: Garchomp|atk|2\n|move|p2a: Muk|Knock Off|p1a: Garchomp\n|-crit|p1a: Garchomp\n|-damage|p1a: Garchomp|27\/100\n|\n|upkeep\n|turn|19\n|\n|t:|1701126206\n|move|p1a: Garchomp|Earthquake|p2a: Muk\n|-supereffective|p2a: Muk\n|-damage|p2a: Muk|0 fnt\n|faint|p2a: Muk\n|\n|upkeep\n|\n|t:|1701126211\n|switch|p2a: Ribombee|Ribombee, F|100\/100\n|turn|20\n|\n|t:|1701126215\n|move|p2a: Ribombee|Moonblast|p1a: Garchomp\n|-supereffective|p1a: Garchomp\n|-damage|p1a: Garchomp|0 fnt\n|faint|p1a: Garchomp\n|\n|upkeep\n|\n|t:|1701126219\n|switch|p1a: Talonflame|Talonflame, F, shiny|100\/100\n|turn|21\n|\n|t:|1701126228\n|move|p2a: Ribombee|Moonblast|p1a: Talonflame\n|-resisted|p1a: Talonflame\n|-damage|p1a: Talonflame|72\/100\n|-unboost|p1a: Talonflame|spa|1\n|move|p1a: Talonflame|Swords Dance|p1a: Talonflame\n|-boost|p1a: Talonflame|atk|2\n|\n|upkeep\n|turn|22\n|-message|Alejinhoo forfeited.\n|\n|win|Theadonia\n|raw|Alejinhoo's rating: 1152 &rarr; <strong>1131<\/strong><br \/>(-21 for losing)\n|raw|Theadonia's rating: 1210 &rarr; <strong>1231<\/strong><br \/>(+21 for winning)\n|l|\u2606Alejinhoo\n","uploadtime":1701126248,"views":1,"p1id":"alejinhoo","p2id":"theadonia","formatid":"gen9nationaldex","rating":1131,"private":0,"password":""}