{"id":"gen9nationaldex-1991744435","p1":"Faiz Kediri Butuh","p2":"LVGLO","format":"[Gen 9] National Dex","log":"|j|\u2606Faiz Kediri Butuh\n|j|\u2606LVGLO\n|t:|1700109985\n|gametype|singles\n|player|p1|Faiz Kediri Butuh|preschoolerf-gen7|1394\n|player|p2|LVGLO|266|1545\n|teamsize|p1|6\n|teamsize|p2|6\n|gen|9\n|tier|[Gen 9] National Dex\n|rated|\n|rule|HP Percentage Mod: HP is shown in percentages\n|rule|Endless Battle Clause: Forcing endless battles is banned\n|rule|OHKO Clause: OHKO moves are banned\n|rule|Evasion Clause: Evasion abilities, items, and moves are banned\n|rule|Evasion Abilities Clause: Evasion abilities are banned\n|rule|Evasion Items Clause: Evasion items are banned\n|rule|Evasion Moves Clause: Evasion moves are banned\n|rule|Species Clause: Limit one of each Pok\u00e9mon\n|rule|Sleep Clause Mod: Limit one foe put to sleep\n|clearpoke\n|poke|p1|Malamar, F|\n|poke|p1|Quagsire, F|\n|poke|p1|Clefable, F|\n|poke|p1|Manectric, F|\n|poke|p1|Sandaconda, F|\n|poke|p1|Gyarados, F|\n|poke|p2|Mew|\n|poke|p2|Victini|\n|poke|p2|Xatu, M|\n|poke|p2|Togekiss, F|\n|poke|p2|Tapu Fini|\n|poke|p2|Grimmsnarl, M|\n|teampreview\n|\n|t:|1700109991\n|start\n|switch|p1a: Thicc Snake|Sandaconda, F|100\/100\n|switch|p2a: Victini|Victini|100\/100\n|turn|1\n|inactive|Battle timer is ON: inactive players will automatically lose when time's up. (requested by Faiz Kediri Butuh)\n|\n|t:|1700109998\n|move|p2a: Victini|Final Gambit|p1a: Thicc Snake\n|-enditem|p1a: Thicc Snake|Focus Sash\n|-damage|p1a: Thicc Snake|1\/100\n|faint|p2a: Victini\n|move|p1a: Thicc Snake|Glare|p2: Victini|[notarget]\n|-fail|p1a: Thicc Snake\n|\n|upkeep\n|\n|t:|1700110012\n|switch|p2a: Togekiss|Togekiss, F|100\/100\n|turn|2\n|\n|t:|1700110027\n|move|p2a: Togekiss|Air Slash|p1a: Thicc Snake\n|-damage|p1a: Thicc Snake|0 fnt\n|faint|p1a: Thicc Snake\n|\n|upkeep\n|\n|t:|1700110034\n|switch|p1a: Paw Patrol|Manectric, F|100\/100\n|turn|3\n|\n|t:|1700110039\n|detailschange|p1a: Paw Patrol|Manectric-Mega, F\n|-mega|p1a: Paw Patrol|Manectric|Manectite\n|-ability|p1a: Paw Patrol|Intimidate|boost\n|-unboost|p2a: Togekiss|atk|1\n|move|p2a: Togekiss|Air Slash|p1a: Paw Patrol\n|-resisted|p1a: Paw Patrol\n|-damage|p1a: Paw Patrol|74\/100\n|move|p1a: Paw Patrol|Thunder Wave|p2a: Togekiss\n|-status|p2a: Togekiss|par\n|\n|upkeep\n|turn|4\n|\n|t:|1700110049\n|move|p1a: Paw Patrol|Thunderbolt|p2a: Togekiss\n|-supereffective|p2a: Togekiss\n|-damage|p2a: Togekiss|4\/100 par\n|move|p2a: Togekiss|Air Slash|p1a: Paw Patrol\n|-resisted|p1a: Paw Patrol\n|-damage|p1a: Paw Patrol|46\/100\n|\n|upkeep\n|turn|5\n|\n|t:|1700110056\n|move|p1a: Paw Patrol|Thunderbolt|p2a: Togekiss\n|-supereffective|p2a: Togekiss\n|-damage|p2a: Togekiss|0 fnt\n|faint|p2a: Togekiss\n|\n|upkeep\n|\n|t:|1700110060\n|switch|p2a: Grimmsnarl|Grimmsnarl, M|100\/100\n|turn|6\n|\n|t:|1700110072\n|move|p2a: Grimmsnarl|Light Screen|p2a: Grimmsnarl\n|-sidestart|p2: LVGLO|move: Light Screen\n|move|p1a: Paw Patrol|Thunder Wave|p2a: Grimmsnarl\n|-status|p2a: Grimmsnarl|par\n|\n|upkeep\n|turn|7\n|\n|t:|1700110080\n|cant|p2a: Grimmsnarl|par\n|move|p1a: Paw Patrol|Thunderbolt|p2a: Grimmsnarl\n|-damage|p2a: Grimmsnarl|73\/100 par\n|\n|upkeep\n|turn|8\n|\n|t:|1700110090\n|switch|p1a: Dark Squidward|Malamar, F|100\/100\n|move|p2a: Grimmsnarl|Reflect|p2a: Grimmsnarl\n|-sidestart|p2: LVGLO|Reflect\n|\n|upkeep\n|turn|9\n|\n|t:|1700110099\n|switch|p2a: Mew|Mew|100\/100\n|move|p1a: Dark Squidward|Superpower|p2a: Mew\n|-resisted|p2a: Mew\n|-damage|p2a: Mew|93\/100\n|-boost|p1a: Dark Squidward|atk|1\n|-boost|p1a: Dark Squidward|def|1\n|\n|-heal|p2a: Mew|99\/100|[from] item: Leftovers\n|upkeep\n|turn|10\n|\n|t:|1700110110\n|move|p2a: Mew|Imprison|p2a: Mew\n|-start|p2a: Mew|move: Imprison\n|move|p1a: Dark Squidward|Knock Off|p2a: Mew\n|-supereffective|p2a: Mew\n|-damage|p2a: Mew|45\/100\n|-enditem|p2a: Mew|Leftovers|[from] move: Knock Off|[of] p1a: Dark Squidward\n|\n|upkeep\n|turn|11\n|inactive|Faiz Kediri Butuh has 120 seconds left.\n|\n|t:|1700110155\n|move|p2a: Mew|Roost|p2a: Mew\n|-heal|p2a: Mew|95\/100\n|-singleturn|p2a: Mew|move: Roost\n|move|p1a: Dark Squidward|Knock Off|p2a: Mew\n|-supereffective|p2a: Mew\n|-damage|p2a: Mew|57\/100\n|\n|upkeep\n|turn|12\n|\n|t:|1700110163\n|switch|p1a: Cute Gengar|Clefable, F|100\/100\n|move|p2a: Mew|Block|p1a: Cute Gengar\n|-activate|p1a: Cute Gengar|trapped\n|\n|upkeep\n|turn|13\n|inactive|Faiz Kediri Butuh has 120 seconds left.\n|\n|t:|1700110170\n|move|p2a: Mew|Transform|p1a: Cute Gengar\n|-transform|p2a: Mew|p1a: Cute Gengar\n|cant|p1a: Cute Gengar|move: Imprison|Thunder Wave\n|\n|-sideend|p2: LVGLO|move: Light Screen\n|upkeep\n|turn|14\n|\n|t:|1700110177\n|move|p2a: Mew|Soft-Boiled|p2a: Mew\n|-heal|p2a: Mew|100\/100\n|-activate|p1a: Cute Gengar|move: Struggle\n|move|p1a: Cute Gengar|Struggle|p2a: Mew\n|-damage|p2a: Mew|98\/100\n|-damage|p1a: Cute Gengar|75\/100|[from] recoil\n|\n|upkeep\n|turn|15\n|\n|t:|1700110185\n|move|p2a: Mew|Soft-Boiled|p2a: Mew\n|-heal|p2a: Mew|100\/100\n|-activate|p1a: Cute Gengar|move: Struggle\n|move|p1a: Cute Gengar|Struggle|p2a: Mew\n|-damage|p2a: Mew|98\/100\n|-damage|p1a: Cute Gengar|50\/100|[from] recoil\n|\n|-sideend|p2: LVGLO|Reflect\n|upkeep\n|turn|16\n|\n|t:|1700110195\n|-activate|p1a: Cute Gengar|move: Struggle\n|move|p1a: Cute Gengar|Struggle|p2a: Mew\n|-damage|p2a: Mew|93\/100\n|-damage|p1a: Cute Gengar|25\/100|[from] recoil\n|move|p2a: Mew|Soft-Boiled|p2a: Mew\n|-heal|p2a: Mew|100\/100\n|\n|upkeep\n|turn|17\n|\n|t:|1700110203\n|switch|p2a: Grimmsnarl|Grimmsnarl, M|73\/100 par\n|-activate|p1a: Cute Gengar|move: Struggle\n|move|p1a: Cute Gengar|Struggle|p2a: Grimmsnarl\n|-damage|p2a: Grimmsnarl|68\/100 par\n|-damage|p1a: Cute Gengar|0 fnt|[from] recoil\n|faint|p1a: Cute Gengar\n|\n|upkeep\n|\n|t:|1700110213\n|switch|p1a: Dark Squidward|Malamar, F|100\/100\n|turn|18\n|\n|t:|1700110216\n|move|p2a: Grimmsnarl|Reflect|p2a: Grimmsnarl\n|-sidestart|p2: LVGLO|Reflect\n|move|p1a: Dark Squidward|Knock Off|p2a: Grimmsnarl\n|-resisted|p2a: Grimmsnarl\n|-damage|p2a: Grimmsnarl|62\/100 par\n|-enditem|p2a: Grimmsnarl|Light Clay|[from] move: Knock Off|[of] p1a: Dark Squidward\n|\n|upkeep\n|turn|19\n|\n|t:|1700110224\n|switch|p2a: Mew|Mew|100\/100\n|move|p1a: Dark Squidward|Superpower|p2a: Mew\n|-resisted|p2a: Mew\n|-damage|p2a: Mew|94\/100\n|-boost|p1a: Dark Squidward|atk|1\n|-boost|p1a: Dark Squidward|def|1\n|\n|upkeep\n|turn|20\n|\n|t:|1700110237\n|move|p2a: Mew|Imprison|p2a: Mew\n|-start|p2a: Mew|move: Imprison\n|move|p1a: Dark Squidward|Superpower|p2a: Mew\n|-resisted|p2a: Mew\n|-damage|p2a: Mew|82\/100\n|-boost|p1a: Dark Squidward|atk|1\n|-boost|p1a: Dark Squidward|def|1\n|\n|upkeep\n|turn|21\n|\n|t:|1700110249\n|move|p2a: Mew|Transform|p1a: Dark Squidward\n|-transform|p2a: Mew|p1a: Dark Squidward\n|cant|p1a: Dark Squidward|move: Imprison|Knock Off\n|\n|upkeep\n|turn|22\n|\n|t:|1700110257\n|move|p2a: Mew|Superpower|p1a: Dark Squidward\n|-damage|p1a: Dark Squidward|64\/100\n|-boost|p2a: Mew|atk|1\n|-boost|p2a: Mew|def|1\n|-activate|p1a: Dark Squidward|move: Struggle\n|move|p1a: Dark Squidward|Struggle|p2a: Mew\n|-damage|p2a: Mew|77\/100\n|-damage|p1a: Dark Squidward|39\/100|[from] recoil\n|-heal|p1a: Dark Squidward|39\/100|[from] item: Shell Bell|[of] p2a: Mew\n|\n|upkeep\n|turn|23\n|\n|t:|1700110270\n|move|p2a: Mew|Superpower|p1a: Dark Squidward\n|-damage|p1a: Dark Squidward|0 fnt\n|-boost|p2a: Mew|atk|1\n|-boost|p2a: Mew|def|1\n|faint|p1a: Dark Squidward\n|\n|upkeep\n|\n|t:|1700110277\n|switch|p1a: Paw Patrol|Manectric-Mega, F|46\/100\n|-ability|p1a: Paw Patrol|Intimidate|boost\n|-boost|p2a: Mew|atk|1\n|turn|24\n|\n|t:|1700110284\n|move|p1a: Paw Patrol|Thunder Wave|p2a: Mew\n|-status|p2a: Mew|par\n|cant|p2a: Mew|par\n|\n|upkeep\n|turn|25\n|\n|t:|1700110291\n|move|p1a: Paw Patrol|Thunderbolt|p2a: Mew\n|-damage|p2a: Mew|23\/100 par\n|move|p2a: Mew|Superpower|p1a: Paw Patrol\n|-damage|p1a: Paw Patrol|0 fnt\n|-boost|p2a: Mew|atk|1\n|-boost|p2a: Mew|def|1\n|faint|p1a: Paw Patrol\n|\n|-sideend|p2: LVGLO|Reflect\n|upkeep\n|\n|t:|1700110302\n|switch|p1a: Masbro|Quagsire, F|100\/100\n|turn|26\n|\n|t:|1700110306\n|move|p1a: Masbro|Earthquake|p2a: Mew\n|-damage|p2a: Mew|2\/100 par\n|cant|p2a: Mew|par\n|\n|upkeep\n|turn|27\n|\n|t:|1700110313\n|switch|p2a: Xatu|Xatu, M|100\/100\n|move|p1a: Masbro|Earthquake|p2a: Xatu\n|-immune|p2a: Xatu\n|\n|upkeep\n|turn|28\n|\n|t:|1700110320\n|move|p2a: Xatu|Cosmic Power|p2a: Xatu\n|-boost|p2a: Xatu|def|1\n|-boost|p2a: Xatu|spd|1\n|move|p1a: Masbro|Ice Beam|p2a: Xatu\n|-supereffective|p2a: Xatu\n|-damage|p2a: Xatu|66\/100\n|\n|upkeep\n|turn|29\n|\n|t:|1700110328\n|move|p2a: Xatu|Cosmic Power|p2a: Xatu\n|-boost|p2a: Xatu|def|1\n|-boost|p2a: Xatu|spd|1\n|move|p1a: Masbro|Ice Beam|p2a: Xatu\n|-supereffective|p2a: Xatu\n|-damage|p2a: Xatu|33\/100\n|\n|upkeep\n|turn|30\n|\n|t:|1700110335\n|move|p2a: Xatu|Roost|p2a: Xatu\n|-heal|p2a: Xatu|83\/100\n|-singleturn|p2a: Xatu|move: Roost\n|move|p1a: Masbro|Ice Beam|p2a: Xatu\n|-damage|p2a: Xatu|65\/100\n|\n|upkeep\n|turn|31\n|\n|t:|1700110344\n|move|p2a: Xatu|Cosmic Power|p2a: Xatu\n|-boost|p2a: Xatu|def|1\n|-boost|p2a: Xatu|spd|1\n|move|p1a: Masbro|Ice Beam|p2a: Xatu\n|-supereffective|p2a: Xatu\n|-crit|p2a: Xatu\n|-damage|p2a: Xatu|12\/100\n|\n|upkeep\n|turn|32\n|\n|t:|1700110352\n|move|p2a: Xatu|Roost|p2a: Xatu\n|-heal|p2a: Xatu|62\/100\n|-singleturn|p2a: Xatu|move: Roost\n|move|p1a: Masbro|Ice Beam|p2a: Xatu\n|-damage|p2a: Xatu|45\/100\n|\n|upkeep\n|turn|33\n|\n|t:|1700110360\n|move|p2a: Xatu|Roost|p2a: Xatu\n|-heal|p2a: Xatu|95\/100\n|-singleturn|p2a: Xatu|move: Roost\n|move|p1a: Masbro|Ice Beam|p2a: Xatu\n|-damage|p2a: Xatu|78\/100\n|\n|upkeep\n|turn|34\n|\n|t:|1700110368\n|move|p2a: Xatu|Cosmic Power|p2a: Xatu\n|-boost|p2a: Xatu|def|1\n|-boost|p2a: Xatu|spd|1\n|move|p1a: Masbro|Ice Beam|p2a: Xatu\n|-supereffective|p2a: Xatu\n|-damage|p2a: Xatu|47\/100\n|-status|p2a: Xatu|frz\n|\n|upkeep\n|turn|35\n|\n|t:|1700110379\n|cant|p2a: Xatu|frz\n|move|p1a: Masbro|Ice Beam|p2a: Xatu\n|-supereffective|p2a: Xatu\n|-damage|p2a: Xatu|11\/100 frz\n|\n|upkeep\n|turn|36\n|\n|t:|1700110385\n|cant|p2a: Xatu|frz\n|move|p1a: Masbro|Ice Beam|p2a: Xatu\n|-supereffective|p2a: Xatu\n|-damage|p2a: Xatu|0 fnt\n|faint|p2a: Xatu\n|\n|upkeep\n|\n|t:|1700110391\n|switch|p2a: Grimmsnarl|Grimmsnarl, M|62\/100 par\n|turn|37\n|\n|t:|1700110396\n|move|p2a: Grimmsnarl|Parting Shot|p1a: Masbro\n|-unboost|p1a: Masbro|atk|1\n|-unboost|p1a: Masbro|spa|1\n|\n|t:|1700110398\n|switch|p2a: Tapu Fini|Tapu Fini|100\/100|[from] Parting Shot\n|-fieldstart|move: Misty Terrain|[from] ability: Misty Surge|[of] p2a: Tapu Fini\n|move|p1a: Masbro|Earthquake|p2a: Tapu Fini\n|-damage|p2a: Tapu Fini|85\/100\n|\n|-heal|p2a: Tapu Fini|91\/100|[from] item: Leftovers\n|upkeep\n|turn|38\n|\n|t:|1700110413\n|move|p2a: Tapu Fini|Calm Mind|p2a: Tapu Fini\n|-boost|p2a: Tapu Fini|spa|1\n|-boost|p2a: Tapu Fini|spd|1\n|move|p1a: Masbro|Earthquake|p2a: Tapu Fini\n|-damage|p2a: Tapu Fini|74\/100\n|\n|-heal|p2a: Tapu Fini|80\/100|[from] item: Leftovers\n|upkeep\n|turn|39\n|\n|t:|1700110423\n|move|p2a: Tapu Fini|Iron Defense|p2a: Tapu Fini\n|-boost|p2a: Tapu Fini|def|2\n|move|p1a: Masbro|Earthquake|p2a: Tapu Fini\n|-damage|p2a: Tapu Fini|65\/100\n|\n|-heal|p2a: Tapu Fini|71\/100|[from] item: Leftovers\n|upkeep\n|turn|40\n|\n|t:|1700110432\n|move|p2a: Tapu Fini|Calm Mind|p2a: Tapu Fini\n|-boost|p2a: Tapu Fini|spa|1\n|-boost|p2a: Tapu Fini|spd|1\n|move|p1a: Masbro|Earthquake|p2a: Tapu Fini\n|-damage|p2a: Tapu Fini|56\/100\n|\n|-heal|p2a: Tapu Fini|62\/100|[from] item: Leftovers\n|upkeep\n|turn|41\n|\n|t:|1700110442\n|move|p2a: Tapu Fini|Stored Power|p1a: Masbro\n|-damage|p1a: Masbro|59\/100\n|move|p1a: Masbro|Earthquake|p2a: Tapu Fini\n|-damage|p2a: Tapu Fini|47\/100\n|\n|-heal|p2a: Tapu Fini|53\/100|[from] item: Leftovers\n|-heal|p1a: Masbro|65\/100|[from] item: Leftovers\n|-fieldend|Misty Terrain\n|upkeep\n|turn|42\n|\n|t:|1700110454\n|move|p2a: Tapu Fini|Draining Kiss|p1a: Masbro\n|-damage|p1a: Masbro|44\/100\n|-heal|p2a: Tapu Fini|68\/100|[from] drain|[of] p1a: Masbro\n|move|p1a: Masbro|Toxic|p2a: Tapu Fini\n|-status|p2a: Tapu Fini|tox\n|\n|-heal|p2a: Tapu Fini|74\/100 tox|[from] item: Leftovers\n|-heal|p1a: Masbro|50\/100|[from] item: Leftovers\n|-damage|p2a: Tapu Fini|68\/100 tox|[from] psn\n|upkeep\n|turn|43\n|\n|t:|1700110470\n|move|p2a: Tapu Fini|Stored Power|p1a: Masbro\n|-damage|p1a: Masbro|10\/100\n|move|p1a: Masbro|Recover|p1a: Masbro\n|-heal|p1a: Masbro|60\/100\n|\n|-heal|p2a: Tapu Fini|74\/100 tox|[from] item: Leftovers\n|-heal|p1a: Masbro|66\/100|[from] item: Leftovers\n|-damage|p2a: Tapu Fini|62\/100 tox|[from] psn\n|upkeep\n|turn|44\n|\n|t:|1700110481\n|move|p2a: Tapu Fini|Calm Mind|p2a: Tapu Fini\n|-boost|p2a: Tapu Fini|spa|1\n|-boost|p2a: Tapu Fini|spd|1\n|move|p1a: Masbro|Recover|p1a: Masbro\n|-heal|p1a: Masbro|100\/100\n|\n|-heal|p2a: Tapu Fini|68\/100 tox|[from] item: Leftovers\n|-damage|p2a: Tapu Fini|50\/100 tox|[from] psn\n|upkeep\n|turn|45\n|\n|t:|1700110492\n|move|p2a: Tapu Fini|Stored Power|p1a: Masbro\n|-damage|p1a: Masbro|54\/100\n|move|p1a: Masbro|Recover|p1a: Masbro\n|-heal|p1a: Masbro|100\/100\n|\n|-heal|p2a: Tapu Fini|56\/100 tox|[from] item: Leftovers\n|-damage|p2a: Tapu Fini|32\/100 tox|[from] psn\n|upkeep\n|turn|46\n|-message|LVGLO forfeited.\n|\n|win|Faiz Kediri Butuh\n|raw|Faiz Kediri Butuh's rating: 1394 &rarr; <strong>1422<\/strong><br \/>(+28 for winning)\n|raw|LVGLO's rating: 1545 &rarr; <strong>1517<\/strong><br \/>(-28 for losing)\n|l|\u2606LVGLO\n","uploadtime":1700110552,"views":7,"p1id":"faizkediributuh","p2id":"lvglo","formatid":"gen9nationaldex","rating":1422,"private":0,"password":""}