{"id":"gen9nationaldex-1996403479","p1":"GroodonKyogri","p2":"hayeskerr","format":"[Gen 9] National Dex","log":"|html|<div class=\"broadcast-blue\"><strong>[Gen 9] National Dex is currently suspecting Sneasler! For information on how to participate check out the <a href=\"https:\/\/www.smogon.com\/forums\/threads\/sv-national-dex-suspect-8-just-dance.3731534\/\">suspect thread<\/a>.<\/strong><\/div>\n|j|\u2606GroodonKyogri\n|j|\u2606hayeskerr\n|t:|1700678718\n|gametype|singles\n|player|p1|GroodonKyogri|266|\n|player|p2|hayeskerr|lucas|\n|teamsize|p1|6\n|teamsize|p2|5\n|gen|9\n|tier|[Gen 9] National Dex\n|rule|HP Percentage Mod: HP is shown in percentages\n|rule|Endless Battle Clause: Forcing endless battles is banned\n|rule|OHKO Clause: OHKO moves are banned\n|rule|Evasion Clause: Evasion abilities, items, and moves are banned\n|rule|Evasion Abilities Clause: Evasion abilities are banned\n|rule|Evasion Items Clause: Evasion items are banned\n|rule|Evasion Moves Clause: Evasion moves are banned\n|rule|Species Clause: Limit one of each Pok\u00e9mon\n|rule|Sleep Clause Mod: Limit one foe put to sleep\n|clearpoke\n|poke|p1|Maushold-Four|\n|poke|p1|Murkrow, M|\n|poke|p1|Forretress, M|\n|poke|p1|Salamence, F|\n|poke|p1|Gengar, F|\n|poke|p1|Torkoal, M|\n|poke|p2|Garchomp, M|\n|poke|p2|Weavile, M|\n|poke|p2|Volcarona, F|\n|poke|p2|Mawile, F|\n|poke|p2|Serperior, F|\n|teampreview\n|\n|t:|1700678753\n|start\n|switch|p1a: Armored Ballock|Forretress, M, shiny|100\/100\n|switch|p2a: Weavile|Weavile, M|100\/100\n|-ability|p2a: Weavile|Pressure\n|turn|1\n|\n|t:|1700678761\n|move|p2a: Weavile|Ice Punch|p1a: Armored Ballock\n|-resisted|p1a: Armored Ballock\n|-damage|p1a: Armored Ballock|84\/100\n|-damage|p2a: Weavile|91\/100|[from] item: Life Orb\n|move|p1a: Armored Ballock|Stealth Rock|p2a: Weavile\n|-sidestart|p2: hayeskerr|move: Stealth Rock\n|\n|upkeep\n|turn|2\n|\n|t:|1700678772\n|move|p2a: Weavile|Low Kick|p1a: Armored Ballock\n|-crit|p1a: Armored Ballock\n|-damage|p1a: Armored Ballock|42\/100\n|-damage|p2a: Weavile|81\/100|[from] item: Life Orb\n|move|p1a: Armored Ballock|Toxic Spikes|p2a: Weavile\n|-sidestart|p2: hayeskerr|move: Toxic Spikes\n|\n|upkeep\n|turn|3\n|\n|t:|1700678778\n|move|p2a: Weavile|Low Kick|p1a: Armored Ballock\n|-damage|p1a: Armored Ballock|11\/100\n|-damage|p2a: Weavile|71\/100|[from] item: Life Orb\n|move|p1a: Armored Ballock|Toxic Spikes|p2a: Weavile\n|-sidestart|p2: hayeskerr|move: Toxic Spikes\n|\n|upkeep\n|turn|4\n|\n|t:|1700678790\n|move|p2a: Weavile|Low Kick|p1a: Armored Ballock\n|-damage|p1a: Armored Ballock|0 fnt\n|faint|p1a: Armored Ballock\n|-damage|p2a: Weavile|61\/100|[from] item: Life Orb\n|\n|upkeep\n|\n|t:|1700678803\n|switch|p1a: Burger Meat|Torkoal, M|100\/100\n|-weather|SunnyDay|[from] ability: Drought|[of] p1a: Burger Meat\n|turn|5\n|\n|t:|1700678812\n|move|p2a: Weavile|Fake Out||[still]\n|-hint|Fake Out only works on your first turn out.\n|-fail|p2a: Weavile\n|move|p1a: Burger Meat|Shell Smash|p1a: Burger Meat\n|-unboost|p1a: Burger Meat|def|1\n|-unboost|p1a: Burger Meat|spd|1\n|-boost|p1a: Burger Meat|atk|2\n|-boost|p1a: Burger Meat|spa|2\n|-boost|p1a: Burger Meat|spe|2\n|-enditem|p1a: Burger Meat|White Herb\n|-clearnegativeboost|p1a: Burger Meat|[silent]\n|\n|-weather|SunnyDay|[upkeep]\n|upkeep\n|turn|6\n|\n|t:|1700678831\n|switch|p2a: Volcarona|Volcarona, F|100\/100\n|-damage|p2a: Volcarona|51\/100|[from] Stealth Rock\n|-status|p2a: Volcarona|tox\n|move|p1a: Burger Meat|Flamethrower|p2a: Volcarona\n|-damage|p2a: Volcarona|0 fnt\n|faint|p2a: Volcarona\n|\n|-weather|SunnyDay|[upkeep]\n|upkeep\n|\n|t:|1700678842\n|switch|p2a: Mawile|Mawile, F|100\/100\n|-damage|p2a: Mawile|94\/100|[from] Stealth Rock\n|-ability|p2a: Mawile|Intimidate|boost\n|-unboost|p1a: Burger Meat|atk|1\n|turn|7\n|\n|t:|1700678853\n|move|p1a: Burger Meat|Flamethrower|p2a: Mawile\n|-supereffective|p2a: Mawile\n|-crit|p2a: Mawile\n|-damage|p2a: Mawile|0 fnt\n|faint|p2a: Mawile\n|\n|-weather|SunnyDay|[upkeep]\n|upkeep\n|\n|t:|1700678860\n|switch|p2a: Garchomp|Garchomp, M|100\/100\n|-damage|p2a: Garchomp|94\/100|[from] Stealth Rock\n|-status|p2a: Garchomp|tox\n|turn|8\n|\n|t:|1700678872\n|-terastallize|p2a: Garchomp|Dragon\n|move|p2a: Garchomp|Outrage|p1a: Burger Meat\n|-damage|p1a: Burger Meat|42\/100\n|move|p1a: Burger Meat|Earthquake|p2a: Garchomp\n|-damage|p2a: Garchomp|67\/100 tox\n|\n|-weather|SunnyDay|[upkeep]\n|-damage|p2a: Garchomp|60\/100 tox|[from] psn\n|upkeep\n|turn|9\n|\n|t:|1700678890\n|move|p2a: Garchomp|Outrage|p1a: Burger Meat|[from]lockedmove\n|-damage|p1a: Burger Meat|0 fnt\n|faint|p1a: Burger Meat\n|-start|p2a: Garchomp|confusion|[fatigue]\n|\n|-weather|none\n|-damage|p2a: Garchomp|48\/100 tox|[from] psn\n|upkeep\n|\n|t:|1700678905\n|switch|p1a: Undertales|Maushold-Four|100\/100\n|turn|10\n|\n|t:|1700678912\n|-activate|p2a: Garchomp|confusion\n|move|p2a: Garchomp|Outrage|p1a: Undertales\n|-damage|p1a: Undertales|0 fnt\n|faint|p1a: Undertales\n|\n|-damage|p2a: Garchomp|30\/100 tox|[from] psn\n|upkeep\n|\n|t:|1700678920\n|switch|p1a: October|Gengar, F, shiny|100\/100\n|turn|11\n|\n|t:|1700678929\n|-activate|p2a: Garchomp|confusion\n|move|p2a: Garchomp|Outrage|p1a: October|[from]lockedmove\n|-damage|p1a: October|0 fnt\n|-start|p2a: Garchomp|Disable|Outrage|[from] ability: Cursed Body|[of] p1a: October\n|faint|p1a: October\n|\n|-damage|p2a: Garchomp|5\/100 tox|[from] psn\n|upkeep\n|\n|t:|1700678945\n|switch|p1a: Sinatra|Murkrow, M|100\/100\n|turn|12\n|\n|t:|1700678964\n|-end|p2a: Garchomp|confusion\n|move|p2a: Garchomp|Rock Slide|p1a: Sinatra\n|-supereffective|p1a: Sinatra\n|-damage|p1a: Sinatra|50\/100\n|cant|p1a: Sinatra|flinch\n|\n|-damage|p2a: Garchomp|0 fnt|[from] psn\n|faint|p2a: Garchomp\n|upkeep\n|\n|t:|1700678976\n|switch|p2a: Weavile|Weavile, M|61\/100\n|-damage|p2a: Weavile|36\/100|[from] Stealth Rock\n|-status|p2a: Weavile|tox\n|-ability|p2a: Weavile|Pressure\n|turn|13\n|\n|t:|1700679003\n|-terastallize|p1a: Sinatra|Ghost\n|move|p2a: Weavile|Fake Out|p1a: Sinatra\n|-immune|p1a: Sinatra\n|move|p1a: Sinatra|Hex|p2a: Weavile\n|-resisted|p2a: Weavile\n|-damage|p2a: Weavile|8\/100 tox\n|\n|-damage|p2a: Weavile|2\/100 tox|[from] psn\n|upkeep\n|turn|14\n|\n|t:|1700679015\n|move|p2a: Weavile|Ice Punch|p1a: Sinatra\n|-damage|p1a: Sinatra|0 fnt\n|faint|p1a: Sinatra\n|-damage|p2a: Weavile|0 fnt|[from] item: Life Orb\n|faint|p2a: Weavile\n|\n|upkeep\n|\n|t:|1700679023\n|switch|p2a: Serperior|Serperior, F|100\/100\n|switch|p1a: Claire|Salamence, F|100\/100\n|-damage|p2a: Serperior|88\/100|[from] Stealth Rock\n|-status|p2a: Serperior|tox\n|-ability|p1a: Claire|Intimidate|boost\n|-boost|p2a: Serperior|atk|1\n|turn|15\n|\n|t:|1700679038\n|move|p2a: Serperior|Dragon Pulse|p1a: Claire\n|-supereffective|p1a: Claire\n|-damage|p1a: Claire|52\/100\n|move|p1a: Claire|Dragon Dance|p1a: Claire\n|-boost|p1a: Claire|atk|1\n|-boost|p1a: Claire|spe|1\n|\n|-damage|p2a: Serperior|82\/100 tox|[from] psn\n|upkeep\n|turn|16\n|\n|t:|1700679054\n|move|p1a: Claire|Dragon Claw|p2a: Serperior\n|-damage|p2a: Serperior|7\/100 tox\n|move|p2a: Serperior|Dragon Pulse|p1a: Claire\n|-supereffective|p1a: Claire\n|-damage|p1a: Claire|0 fnt\n|faint|p1a: Claire\n|\n|win|hayeskerr\n","uploadtime":1700679087,"views":7,"p1id":"groodonkyogri","p2id":"hayeskerr","formatid":"gen9nationaldex","rating":0,"private":0,"password":""}