{"id":"gen9nationaldex-1999097647","p1":"eusoufael","p2":"Clarkenshi","format":"[Gen 9] National Dex","log":"|html|<div class=\"broadcast-blue\"><strong>[Gen 9] National Dex is currently suspecting Sneasler! For information on how to participate check out the <a href=\"https:\/\/www.smogon.com\/forums\/threads\/sv-national-dex-suspect-8-just-dance.3731534\/\">suspect thread<\/a>.<\/strong><\/div>\n|j|\u2606eusoufael\n|j|\u2606Clarkenshi\n|t:|1701032873\n|gametype|singles\n|player|p1|eusoufael|169|1082\n|player|p2|Clarkenshi|hilbert|1000\n|teamsize|p1|6\n|teamsize|p2|6\n|gen|9\n|tier|[Gen 9] National Dex\n|rated|\n|rule|HP Percentage Mod: HP is shown in percentages\n|rule|Endless Battle Clause: Forcing endless battles is banned\n|rule|OHKO Clause: OHKO moves are banned\n|rule|Evasion Clause: Evasion abilities, items, and moves are banned\n|rule|Evasion Abilities Clause: Evasion abilities are banned\n|rule|Evasion Items Clause: Evasion items are banned\n|rule|Evasion Moves Clause: Evasion moves are banned\n|rule|Species Clause: Limit one of each Pok\u00e9mon\n|rule|Sleep Clause Mod: Limit one foe put to sleep\n|clearpoke\n|poke|p1|Electivire, M|\n|poke|p1|Charizard, F|\n|poke|p1|Torterra, F|\n|poke|p1|Gengar, F|\n|poke|p1|Dragonite, M|\n|poke|p1|Lucario, M|\n|poke|p2|Dragonite, F|\n|poke|p2|Clodsire, M|\n|poke|p2|Corviknight, F|\n|poke|p2|Greninja-*, M|\n|poke|p2|Iron Valiant|\n|poke|p2|Ninetales-Alola, F|\n|teampreview\n|\n|t:|1701032877\n|start\n|switch|p1a: Torterra|Torterra, F|100\/100\n|switch|p2a: Clodsire|Clodsire, M|100\/100\n|turn|1\n|\n|t:|1701032882\n|move|p1a: Torterra|Stealth Rock|p2a: Clodsire\n|-sidestart|p2: Clarkenshi|move: Stealth Rock\n|move|p2a: Clodsire|Gunk Shot|p1a: Torterra|[miss]\n|-miss|p2a: Clodsire|p1a: Torterra\n|\n|upkeep\n|turn|2\n|\n|t:|1701032902\n|move|p1a: Torterra|Leech Seed|p2a: Clodsire\n|-start|p2a: Clodsire|move: Leech Seed\n|move|p2a: Clodsire|Gunk Shot|p1a: Torterra\n|-damage|p1a: Torterra|78\/100\n|-status|p1a: Torterra|psn\n|\n|-heal|p1a: Torterra|84\/100 psn|[from] item: Leftovers\n|-damage|p2a: Clodsire|88\/100|[from] Leech Seed|[of] p1a: Torterra\n|-heal|p1a: Torterra|97\/100 psn|[silent]\n|-damage|p1a: Torterra|85\/100 psn|[from] psn\n|upkeep\n|turn|3\n|\n|t:|1701032916\n|-terastallize|p2a: Clodsire|Poison\n|move|p1a: Torterra|Earthquake|p2a: Clodsire\n|-supereffective|p2a: Clodsire\n|-damage|p2a: Clodsire|16\/100\n|move|p2a: Clodsire|Body Slam|p1a: Torterra\n|-damage|p1a: Torterra|74\/100 psn\n|\n|-heal|p1a: Torterra|80\/100 psn|[from] item: Leftovers\n|-heal|p2a: Clodsire|22\/100|[from] item: Leftovers\n|-damage|p2a: Clodsire|9\/100|[from] Leech Seed|[of] p1a: Torterra\n|-heal|p1a: Torterra|92\/100 psn|[silent]\n|-damage|p1a: Torterra|80\/100 psn|[from] psn\n|upkeep\n|turn|4\n|\n|t:|1701032928\n|move|p1a: Torterra|Giga Drain|p2a: Clodsire\n|-resisted|p2a: Clodsire\n|-damage|p2a: Clodsire|3\/100\n|-heal|p1a: Torterra|83\/100 psn|[from] drain|[of] p2a: Clodsire\n|move|p2a: Clodsire|Gunk Shot|p1a: Torterra\n|-damage|p1a: Torterra|53\/100 psn\n|\n|-heal|p1a: Torterra|59\/100 psn|[from] item: Leftovers\n|-heal|p2a: Clodsire|9\/100|[from] item: Leftovers\n|-damage|p2a: Clodsire|0 fnt|[from] Leech Seed|[of] p1a: Torterra\n|-heal|p1a: Torterra|68\/100 psn|[silent]\n|faint|p2a: Clodsire\n|-damage|p1a: Torterra|55\/100 psn|[from] psn\n|upkeep\n|\n|t:|1701032936\n|switch|p2a: Corviknight|Corviknight, F, shiny|100\/100\n|-damage|p2a: Corviknight|88\/100|[from] Stealth Rock\n|turn|5\n|\n|t:|1701032952\n|switch|p1a: Charizard|Charizard, F|100\/100\n|move|p2a: Corviknight|Brave Bird|p1a: Charizard\n|-damage|p1a: Charizard|37\/100\n|-damage|p2a: Corviknight|70\/100|[from] Recoil\n|\n|upkeep\n|turn|6\n|\n|t:|1701032961\n|switch|p2a: Greninja|Greninja, M|100\/100\n|-damage|p2a: Greninja|88\/100|[from] Stealth Rock\n|detailschange|p1a: Charizard|Charizard-Mega-Y, F\n|-mega|p1a: Charizard|Charizard|Charizardite Y\n|-weather|SunnyDay|[from] ability: Drought|[of] p1a: Charizard\n|move|p1a: Charizard|Flamethrower|p2a: Greninja\n|-resisted|p2a: Greninja\n|-damage|p2a: Greninja|34\/100\n|-status|p2a: Greninja|brn\n|\n|-weather|SunnyDay|[upkeep]\n|-damage|p2a: Greninja|28\/100 brn|[from] brn\n|upkeep\n|turn|7\n|\n|t:|1701032973\n|move|p2a: Greninja|Water Shuriken|p1a: Charizard\n|-supereffective|p1a: Charizard\n|-damage|p1a: Charizard|31\/100\n|-supereffective|p1a: Charizard\n|-damage|p1a: Charizard|25\/100\n|-supereffective|p1a: Charizard\n|-damage|p1a: Charizard|19\/100\n|-hitcount|p1a: Charizard|3\n|move|p1a: Charizard|Solar Beam||[still]\n|-prepare|p1a: Charizard|Solar Beam\n|-anim|p1a: Charizard|Solar Beam|p2a: Greninja\n|-supereffective|p2a: Greninja\n|-damage|p2a: Greninja|0 fnt\n|faint|p2a: Greninja\n|\n|-weather|SunnyDay|[upkeep]\n|upkeep\n|\n|t:|1701032986\n|switch|p2a: Iron Valiant|Iron Valiant|100\/100\n|-damage|p2a: Iron Valiant|95\/100|[from] Stealth Rock\n|turn|8\n|\n|t:|1701032993\n|move|p1a: Charizard|Flamethrower|p2a: Iron Valiant\n|-damage|p2a: Iron Valiant|0 fnt\n|faint|p2a: Iron Valiant\n|-end|p2a: Iron Valiant|Quark Drive|[silent]\n|\n|-weather|SunnyDay|[upkeep]\n|upkeep\n|\n|t:|1701032998\n|switch|p2a: Dragonite|Dragonite, F|100\/100\n|-damage|p2a: Dragonite|75\/100|[from] Stealth Rock\n|turn|9\n|\n|t:|1701033005\n|move|p1a: Charizard|Flamethrower|p2a: Dragonite\n|-resisted|p2a: Dragonite\n|-damage|p2a: Dragonite|33\/100\n|move|p2a: Dragonite|Chilling Water|p1a: Charizard\n|-supereffective|p1a: Charizard\n|-damage|p1a: Charizard|6\/100\n|-unboost|p1a: Charizard|atk|1\n|\n|-weather|SunnyDay|[upkeep]\n|-heal|p2a: Dragonite|39\/100|[from] item: Leftovers\n|upkeep\n|turn|10\n|\n|t:|1701033009\n|move|p1a: Charizard|Flamethrower|p2a: Dragonite\n|-resisted|p2a: Dragonite\n|-damage|p2a: Dragonite|3\/100\n|move|p2a: Dragonite|Chilling Water|p1a: Charizard\n|-supereffective|p1a: Charizard\n|-damage|p1a: Charizard|0 fnt\n|faint|p1a: Charizard\n|\n|-weather|none\n|-heal|p2a: Dragonite|9\/100|[from] item: Leftovers\n|upkeep\n|\n|t:|1701033013\n|switch|p1a: Dragonite|Dragonite, M|100\/100\n|turn|11\n|\n|t:|1701033020\n|move|p2a: Dragonite|Draco Meteor|p1a: Dragonite\n|-supereffective|p1a: Dragonite\n|-damage|p1a: Dragonite|59\/100\n|-unboost|p2a: Dragonite|spa|2\n|move|p1a: Dragonite|Dragon Claw|p2a: Dragonite\n|-supereffective|p2a: Dragonite\n|-damage|p2a: Dragonite|0 fnt\n|faint|p2a: Dragonite\n|\n|upkeep\n|\n|t:|1701033024\n|switch|p2a: Corviknight|Corviknight, F, shiny|70\/100\n|-damage|p2a: Corviknight|58\/100|[from] Stealth Rock\n|turn|12\n|\n|t:|1701033041\n|move|p2a: Corviknight|Brave Bird|p1a: Dragonite\n|-damage|p1a: Dragonite|19\/100\n|-damage|p2a: Corviknight|41\/100|[from] item: Rocky Helmet|[of] p1a: Dragonite\n|-damage|p2a: Corviknight|27\/100|[from] Recoil\n|move|p1a: Dragonite|Dragon Claw|p2a: Corviknight\n|-resisted|p2a: Corviknight\n|-damage|p2a: Corviknight|6\/100\n|\n|upkeep\n|turn|13\n|\n|t:|1701033051\n|move|p2a: Corviknight|Drill Peck|p1a: Dragonite\n|-damage|p1a: Dragonite|0 fnt\n|-damage|p2a: Corviknight|0 fnt|[from] item: Rocky Helmet|[of] p1a: Dragonite\n|faint|p1a: Dragonite\n|faint|p2a: Corviknight\n|\n|upkeep\n|\n|t:|1701033059\n|switch|p2a: Ninetales|Ninetales-Alola, F, shiny|100\/100\n|switch|p1a: Electivire|Electivire, M, shiny|100\/100\n|-damage|p2a: Ninetales|76\/100|[from] Stealth Rock\n|-weather|Snow|[from] ability: Snow Warning|[of] p2a: Ninetales\n|turn|14\n|\n|t:|1701033069\n|move|p2a: Ninetales|Blizzard|p1a: Electivire\n|-damage|p1a: Electivire|48\/100\n|move|p1a: Electivire|Fire Punch|p2a: Ninetales\n|-supereffective|p2a: Ninetales\n|-damage|p2a: Ninetales|26\/100\n|\n|-weather|Snow|[upkeep]\n|-heal|p2a: Ninetales|32\/100|[from] item: Leftovers\n|-heal|p1a: Electivire|54\/100|[from] item: Leftovers\n|upkeep\n|turn|15\n|\n|t:|1701033078\n|move|p2a: Ninetales|Blizzard|p1a: Electivire\n|-damage|p1a: Electivire|4\/100\n|move|p1a: Electivire|Fire Punch|p2a: Ninetales\n|-supereffective|p2a: Ninetales\n|-damage|p2a: Ninetales|0 fnt\n|faint|p2a: Ninetales\n|\n|win|eusoufael\n|raw|eusoufael's rating: 1082 &rarr; <strong>1103<\/strong><br \/>(+21 for winning)\n|raw|Clarkenshi's rating: 1000 &rarr; <strong>1000<\/strong><br \/>(+0 for losing)\n|c|\u2606Clarkenshi|Good fight.\n|l|\u2606Clarkenshi\n","uploadtime":1701033097,"views":6,"p1id":"eusoufael","p2id":"clarkenshi","formatid":"gen9nationaldex","rating":1000,"private":0,"password":""}