{"id":"gen9nationaldex-1997958179","p1":"JazzyNazzy","p2":"hsenb\u59da\u67d0","format":"[Gen 9] National Dex","log":"|html|<div class=\"broadcast-blue\"><strong>[Gen 9] National Dex is currently suspecting Sneasler! For information on how to participate check out the <a href=\"https:\/\/www.smogon.com\/forums\/threads\/sv-national-dex-suspect-8-just-dance.3731534\/\">suspect thread<\/a>.<\/strong><\/div>\n|j|\u2606JazzyNazzy\n|j|\u2606hsenb\u59da\u67d0\n|inactive|Battle timer is ON: inactive players will automatically lose when time's up.\n|t:|1700872157\n|gametype|singles\n|player|p1|JazzyNazzy|266|\n|player|p2|hsenb\u59da\u67d0|may-contest|\n|teamsize|p1|6\n|teamsize|p2|6\n|gen|9\n|tier|[Gen 9] National Dex\n|rated|Tournament battle\n|rule|HP Percentage Mod: HP is shown in percentages\n|rule|Endless Battle Clause: Forcing endless battles is banned\n|rule|OHKO Clause: OHKO moves are banned\n|rule|Evasion Clause: Evasion abilities, items, and moves are banned\n|rule|Evasion Abilities Clause: Evasion abilities are banned\n|rule|Evasion Items Clause: Evasion items are banned\n|rule|Evasion Moves Clause: Evasion moves are banned\n|rule|Species Clause: Limit one of each Pok\u00e9mon\n|rule|Sleep Clause Mod: Limit one foe put to sleep\n|clearpoke\n|poke|p1|Glastrier|\n|poke|p1|Landorus-Therian, M|\n|poke|p1|Iron Valiant|\n|poke|p1|Toxapex, M|\n|poke|p1|Tornadus-Therian, M|\n|poke|p1|Latias, F|\n|poke|p2|Lokix, F|\n|poke|p2|Vivillon-Pokeball, F|\n|poke|p2|Scizor, F|\n|poke|p2|Kleavor, M|\n|poke|p2|Buzzwole|\n|poke|p2|Ribombee, M|\n|teampreview\n|j| looking 4 horizons\n|\n|t:|1700872175\n|start\n|switch|p1a: Toxapex|Toxapex, M|100\/100\n|switch|p2a: \u5f00\u7f51\uff0c\u6ca1\u4e86|Ribombee, M|100\/100\n|turn|1\n|j| its for fun lol\n|\n|t:|1700872189\n|switch|p1a: Tornadus|Tornadus-Therian, M|100\/100\n|move|p2a: \u5f00\u7f51\uff0c\u6ca1\u4e86|Sticky Web|p1a: Tornadus\n|-sidestart|p1: JazzyNazzy|move: Sticky Web\n|\n|upkeep\n|turn|2\n|\n|t:|1700872192\n|move|p2a: \u5f00\u7f51\uff0c\u6ca1\u4e86|Stun Spore|p1a: Tornadus|[miss]\n|-miss|p2a: \u5f00\u7f51\uff0c\u6ca1\u4e86|p1a: Tornadus\n|move|p1a: Tornadus|Bleakwind Storm|p2a: \u5f00\u7f51\uff0c\u6ca1\u4e86\n|-supereffective|p2a: \u5f00\u7f51\uff0c\u6ca1\u4e86\n|-enditem|p2a: \u5f00\u7f51\uff0c\u6ca1\u4e86|Focus Sash\n|-damage|p2a: \u5f00\u7f51\uff0c\u6ca1\u4e86|1\/100\n|\n|upkeep\n|turn|3\n|\n|t:|1700872209\n|switch|p1a: Toxapex|Toxapex, M|100\/100\n|-activate|p1a: Toxapex|move: Sticky Web\n|-unboost|p1a: Toxapex|spe|1\n|move|p2a: \u5f00\u7f51\uff0c\u6ca1\u4e86|Moonblast|p1a: Toxapex\n|-resisted|p1a: Toxapex\n|-damage|p1a: Toxapex|84\/100\n|\n|-heal|p1a: Toxapex|90\/100|[from] item: Leftovers\n|upkeep\n|turn|4\n|l| its for fun lol\n|\n|t:|1700872220\n|move|p2a: \u5f00\u7f51\uff0c\u6ca1\u4e86|Moonblast|p1a: Toxapex\n|-resisted|p1a: Toxapex\n|-damage|p1a: Toxapex|73\/100\n|move|p1a: Toxapex|Scald|p2a: \u5f00\u7f51\uff0c\u6ca1\u4e86\n|-damage|p2a: \u5f00\u7f51\uff0c\u6ca1\u4e86|0 fnt\n|faint|p2a: \u5f00\u7f51\uff0c\u6ca1\u4e86\n|\n|-heal|p1a: Toxapex|79\/100|[from] item: Leftovers\n|upkeep\n|\n|t:|1700872245\n|switch|p2a: \u4e00\u6b21\u6027\u7528\u54c1|Kleavor, M|100\/100\n|turn|5\n|inactive|JazzyNazzy has 120 seconds left.\n|\n|t:|1700872280\n|move|p2a: \u4e00\u6b21\u6027\u7528\u54c1|Stone Axe|p1a: Toxapex\n|-damage|p1a: Toxapex|45\/100\n|-sidestart|p1: JazzyNazzy|move: Stealth Rock\n|move|p1a: Toxapex|Scald|p2a: \u4e00\u6b21\u6027\u7528\u54c1\n|-supereffective|p2a: \u4e00\u6b21\u6027\u7528\u54c1\n|-damage|p2a: \u4e00\u6b21\u6027\u7528\u54c1|54\/100\n|\n|-heal|p1a: Toxapex|51\/100|[from] item: Leftovers\n|upkeep\n|turn|6\n|\n|t:|1700872289\n|switch|p2a: \u6211tm\u5ae9\u6b7b\u4f60|Lokix, F|100\/100\n|move|p1a: Toxapex|Scald|p2a: \u6211tm\u5ae9\u6b7b\u4f60\n|-damage|p2a: \u6211tm\u5ae9\u6b7b\u4f60|70\/100\n|-status|p2a: \u6211tm\u5ae9\u6b7b\u4f60|brn\n|\n|-heal|p1a: Toxapex|58\/100|[from] item: Leftovers\n|-damage|p2a: \u6211tm\u5ae9\u6b7b\u4f60|64\/100 brn|[from] brn\n|upkeep\n|turn|7\n|inactive|JazzyNazzy has 120 seconds left.\n|\n|t:|1700872304\n|switch|p1a: Landorus|Landorus-Therian, M|100\/100\n|-damage|p1a: Landorus|88\/100|[from] Stealth Rock\n|-ability|p1a: Landorus|Intimidate|boost\n|-unboost|p2a: \u6211tm\u5ae9\u6b7b\u4f60|atk|1\n|move|p2a: \u6211tm\u5ae9\u6b7b\u4f60|Knock Off|p1a: Landorus\n|-crit|p1a: Landorus\n|-damage|p1a: Landorus|49\/100\n|-enditem|p1a: Landorus|Leftovers|[from] move: Knock Off|[of] p2a: \u6211tm\u5ae9\u6b7b\u4f60\n|-damage|p2a: \u6211tm\u5ae9\u6b7b\u4f60|55\/100 brn|[from] item: Life Orb\n|\n|-damage|p2a: \u6211tm\u5ae9\u6b7b\u4f60|49\/100 brn|[from] brn\n|upkeep\n|turn|8\n|\n|t:|1700872314\n|move|p2a: \u6211tm\u5ae9\u6b7b\u4f60|Knock Off|p1a: Landorus\n|-damage|p1a: Landorus|37\/100\n|-damage|p2a: \u6211tm\u5ae9\u6b7b\u4f60|39\/100 brn|[from] item: Life Orb\n|move|p1a: Landorus|Defog|p2a: \u6211tm\u5ae9\u6b7b\u4f60\n|-unboost|p2a: \u6211tm\u5ae9\u6b7b\u4f60|evasion|1\n|-sideend|p1: JazzyNazzy|Stealth Rock|[from] move: Defog|[of] p1a: Landorus\n|-sideend|p1: JazzyNazzy|Sticky Web|[from] move: Defog|[of] p1a: Landorus\n|\n|-damage|p2a: \u6211tm\u5ae9\u6b7b\u4f60|33\/100 brn|[from] brn\n|upkeep\n|turn|9\n|\n|t:|1700872318\n|move|p2a: \u6211tm\u5ae9\u6b7b\u4f60|Sucker Punch||[still]\n|-fail|p2a: \u6211tm\u5ae9\u6b7b\u4f60\n|move|p1a: Landorus|Stealth Rock|p2a: \u6211tm\u5ae9\u6b7b\u4f60\n|-sidestart|p2: hsenb\u59da\u67d0|move: Stealth Rock\n|\n|-damage|p2a: \u6211tm\u5ae9\u6b7b\u4f60|27\/100 brn|[from] brn\n|upkeep\n|turn|10\n|\n|t:|1700872323\n|move|p2a: \u6211tm\u5ae9\u6b7b\u4f60|Knock Off|p1a: Landorus\n|-crit|p1a: Landorus\n|-damage|p1a: Landorus|11\/100\n|-damage|p2a: \u6211tm\u5ae9\u6b7b\u4f60|17\/100 brn|[from] item: Life Orb\n|move|p1a: Landorus|U-turn|p2a: \u6211tm\u5ae9\u6b7b\u4f60\n|-supereffective|p2a: \u6211tm\u5ae9\u6b7b\u4f60\n|-damage|p2a: \u6211tm\u5ae9\u6b7b\u4f60|0 fnt\n|faint|p2a: \u6211tm\u5ae9\u6b7b\u4f60\n|\n|t:|1700872335\n|switch|p1a: Toxapex|Toxapex, M|91\/100|[from] U-turn\n|\n|-heal|p1a: Toxapex|97\/100|[from] item: Leftovers\n|upkeep\n|\n|t:|1700872340\n|switch|p2a: \u4f60\u5c31\u662f\u4e2afw\u6211\u8bf4\u5b9e\u8bdd|Vivillon-Pokeball, F|100\/100\n|-damage|p2a: \u4f60\u5c31\u662f\u4e2afw\u6211\u8bf4\u5b9e\u8bdd|51\/100|[from] Stealth Rock\n|turn|11\n|\n|t:|1700872349\n|move|p2a: \u4f60\u5c31\u662f\u4e2afw\u6211\u8bf4\u5b9e\u8bdd|Substitute|p2a: \u4f60\u5c31\u662f\u4e2afw\u6211\u8bf4\u5b9e\u8bdd\n|-start|p2a: \u4f60\u5c31\u662f\u4e2afw\u6211\u8bf4\u5b9e\u8bdd|Substitute\n|-damage|p2a: \u4f60\u5c31\u662f\u4e2afw\u6211\u8bf4\u5b9e\u8bdd|26\/100\n|move|p1a: Toxapex|Toxic||[still]\n|-fail|p1a: Toxapex\n|\n|-heal|p2a: \u4f60\u5c31\u662f\u4e2afw\u6211\u8bf4\u5b9e\u8bdd|32\/100|[from] item: Leftovers\n|-heal|p1a: Toxapex|100\/100|[from] item: Leftovers\n|upkeep\n|turn|12\n|\n|t:|1700872352\n|switch|p1a: Glastrier|Glastrier|100\/100\n|move|p2a: \u4f60\u5c31\u662f\u4e2afw\u6211\u8bf4\u5b9e\u8bdd|Quiver Dance|p2a: \u4f60\u5c31\u662f\u4e2afw\u6211\u8bf4\u5b9e\u8bdd\n|-boost|p2a: \u4f60\u5c31\u662f\u4e2afw\u6211\u8bf4\u5b9e\u8bdd|spa|1\n|-boost|p2a: \u4f60\u5c31\u662f\u4e2afw\u6211\u8bf4\u5b9e\u8bdd|spd|1\n|-boost|p2a: \u4f60\u5c31\u662f\u4e2afw\u6211\u8bf4\u5b9e\u8bdd|spe|1\n|\n|-heal|p2a: \u4f60\u5c31\u662f\u4e2afw\u6211\u8bf4\u5b9e\u8bdd|38\/100|[from] item: Leftovers\n|upkeep\n|turn|13\n|\n|t:|1700872355\n|move|p2a: \u4f60\u5c31\u662f\u4e2afw\u6211\u8bf4\u5b9e\u8bdd|Sleep Powder|p1a: Glastrier\n|-status|p1a: Glastrier|slp|[from] move: Sleep Powder\n|cant|p1a: Glastrier|slp\n|\n|-heal|p2a: \u4f60\u5c31\u662f\u4e2afw\u6211\u8bf4\u5b9e\u8bdd|44\/100|[from] item: Leftovers\n|upkeep\n|turn|14\n|\n|t:|1700872358\n|-terastallize|p2a: \u4f60\u5c31\u662f\u4e2afw\u6211\u8bf4\u5b9e\u8bdd|Flying\n|move|p2a: \u4f60\u5c31\u662f\u4e2afw\u6211\u8bf4\u5b9e\u8bdd|Hurricane|p1a: Glastrier\n|-damage|p1a: Glastrier|31\/100 slp\n|-curestatus|p1a: Glastrier|slp|[msg]\n|move|p1a: Glastrier|Icicle Spear|p2a: \u4f60\u5c31\u662f\u4e2afw\u6211\u8bf4\u5b9e\u8bdd\n|-supereffective|p2a: \u4f60\u5c31\u662f\u4e2afw\u6211\u8bf4\u5b9e\u8bdd\n|-end|p2a: \u4f60\u5c31\u662f\u4e2afw\u6211\u8bf4\u5b9e\u8bdd|Substitute\n|-supereffective|p2a: \u4f60\u5c31\u662f\u4e2afw\u6211\u8bf4\u5b9e\u8bdd\n|-damage|p2a: \u4f60\u5c31\u662f\u4e2afw\u6211\u8bf4\u5b9e\u8bdd|0 fnt\n|faint|p2a: \u4f60\u5c31\u662f\u4e2afw\u6211\u8bf4\u5b9e\u8bdd\n|-ability|p1a: Glastrier|Chilling Neigh|boost\n|-boost|p1a: Glastrier|atk|1\n|-hitcount|p2: \u4f60\u5c31\u662f\u4e2afw\u6211\u8bf4\u5b9e\u8bdd|2\n|\n|upkeep\n|c|\u2606JazzyNazzy|Holy shit\n|\n|t:|1700872369\n|switch|p2a: \u5251\u821e\u63a8\u63a8\u63a8|Scizor, F|100\/100\n|-damage|p2a: \u5251\u821e\u63a8\u63a8\u63a8|88\/100|[from] Stealth Rock\n|turn|15\n|\n|t:|1700872374\n|detailschange|p2a: \u5251\u821e\u63a8\u63a8\u63a8|Scizor-Mega, F\n|-mega|p2a: \u5251\u821e\u63a8\u63a8\u63a8|Scizor|Scizorite\n|move|p2a: \u5251\u821e\u63a8\u63a8\u63a8|Bullet Punch|p1a: Glastrier\n|-supereffective|p1a: Glastrier\n|-damage|p1a: Glastrier|0 fnt\n|faint|p1a: Glastrier\n|\n|upkeep\n|\n|t:|1700872378\n|switch|p1a: Tornadus|Tornadus-Therian, M|100\/100\n|turn|16\n|j| its for fun lol\n|\n|t:|1700872387\n|-terastallize|p1a: Tornadus|Steel\n|move|p1a: Tornadus|Heat Wave|p2a: \u5251\u821e\u63a8\u63a8\u63a8\n|-supereffective|p2a: \u5251\u821e\u63a8\u63a8\u63a8\n|-damage|p2a: \u5251\u821e\u63a8\u63a8\u63a8|1\/100\n|move|p2a: \u5251\u821e\u63a8\u63a8\u63a8|Swords Dance|p2a: \u5251\u821e\u63a8\u63a8\u63a8\n|-boost|p2a: \u5251\u821e\u63a8\u63a8\u63a8|atk|2\n|\n|upkeep\n|turn|17\n|j| Hittite Jumpscare\n|l| its for fun lol\n|-message|hsenb\u59da\u67d0 forfeited.\n|\n|win|JazzyNazzy\n|n|\u2606JazzyNazzy|jazzynazzy\n|n|\u2606hsenb\u59da\u67d0|hsenb\n|n| looking 4 horizons|looking4horizons\n|n| Hittite Jumpscare|hittitejumpscare\n|l|\u2606hsenb\u59da\u67d0\n","uploadtime":1700872394,"views":2,"p1id":"jazzynazzy","p2id":"hsenb","formatid":"gen9nationaldex","rating":0,"private":0,"password":""}