{"id":"gen9nationaldex-1999034406","p1":"Jam20Jam","p2":"tbor2002","format":"[Gen 9] National Dex","log":"|html|<div class=\"broadcast-blue\"><strong>[Gen 9] National Dex is currently suspecting Sneasler! For information on how to participate check out the <a href=\"https:\/\/www.smogon.com\/forums\/threads\/sv-national-dex-suspect-8-just-dance.3731534\/\">suspect thread<\/a>.<\/strong><\/div>\n|j|\u2606Jam20Jam\n|j|\u2606tbor2002\n|t:|1701026128\n|gametype|singles\n|player|p1|Jam20Jam|carmine|\n|player|p2|tbor2002|wattson|\n|teamsize|p1|6\n|teamsize|p2|6\n|gen|9\n|tier|[Gen 9] National Dex\n|rule|HP Percentage Mod: HP is shown in percentages\n|rule|Endless Battle Clause: Forcing endless battles is banned\n|rule|OHKO Clause: OHKO moves are banned\n|rule|Evasion Clause: Evasion abilities, items, and moves are banned\n|rule|Evasion Abilities Clause: Evasion abilities are banned\n|rule|Evasion Items Clause: Evasion items are banned\n|rule|Evasion Moves Clause: Evasion moves are banned\n|rule|Species Clause: Limit one of each Pok\u00e9mon\n|rule|Sleep Clause Mod: Limit one foe put to sleep\n|clearpoke\n|poke|p1|Coalossal, F|\n|poke|p1|Veluza, F|\n|poke|p1|Cetitan, M|\n|poke|p1|Great Tusk|\n|poke|p1|Meditite, M|\n|poke|p1|Gengar, M|\n|poke|p2|Zamazenta-*|\n|poke|p2|Goodra-Hisui, M|\n|poke|p2|Jolteon, M|\n|poke|p2|Eelektross, M|\n|poke|p2|Crabominable, M|\n|poke|p2|Mareanie, F|\n|teampreview\n|\n|t:|1701026176\n|start\n|switch|p1a: Gengar|Gengar, M|100\/100\n|switch|p2a: Crabominable|Crabominable, M|100\/100\n|turn|1\n|\n|t:|1701026187\n|move|p1a: Gengar|Shadow Ball|p2a: Crabominable\n|-damage|p2a: Crabominable|70\/100\n|move|p2a: Crabominable|Earthquake|p1a: Gengar\n|-supereffective|p1a: Gengar\n|-damage|p1a: Gengar|0 fnt\n|-start|p2a: Crabominable|Disable|Earthquake|[from] ability: Cursed Body|[of] p1a: Gengar\n|faint|p1a: Gengar\n|\n|upkeep\n|\n|t:|1701026199\n|switch|p1a: Meditite|Meditite, M|100\/100\n|turn|2\n|\n|t:|1701026206\n|switch|p2a: Eelektross|Eelektross, M|100\/100\n|-terastallize|p1a: Meditite|Steel\n|move|p1a: Meditite|Bullet Punch|p2a: Eelektross\n|-resisted|p2a: Eelektross\n|-damage|p2a: Eelektross|86\/100\n|\n|upkeep\n|turn|3\n|\n|t:|1701026228\n|switch|p1a: Great Tusk|Great Tusk|100\/100\n|-enditem|p1a: Great Tusk|Booster Energy\n|-activate|p1a: Great Tusk|ability: Protosynthesis|[fromitem]\n|-start|p1a: Great Tusk|protosynthesisatk\n|move|p2a: Eelektross|Dragon Tail|p1a: Great Tusk\n|-damage|p1a: Great Tusk|90\/100\n|-end|p1a: Great Tusk|Protosynthesis|[silent]\n|drag|p1a: Meditite|Meditite, M, tera:Steel|100\/100\n|\n|upkeep\n|turn|4\n|\n|t:|1701026245\n|move|p1a: Meditite|Bullet Punch|p2a: Eelektross\n|-resisted|p2a: Eelektross\n|-damage|p2a: Eelektross|70\/100\n|move|p2a: Eelektross|Dragon Tail|p1a: Meditite\n|-resisted|p1a: Meditite\n|-damage|p1a: Meditite|84\/100\n|drag|p1a: SpanishInquisition|Coalossal, F|100\/100\n|\n|upkeep\n|turn|5\n|\n|t:|1701026265\n|switch|p1a: Great Tusk|Great Tusk|90\/100\n|move|p2a: Eelektross|Discharge|p1a: Great Tusk\n|-immune|p1a: Great Tusk\n|\n|upkeep\n|turn|6\n|\n|t:|1701026280\n|move|p1a: Great Tusk|Megahorn|p2a: Eelektross\n|-crit|p2a: Eelektross\n|-damage|p2a: Eelektross|2\/100\n|move|p2a: Eelektross|Giga Drain|p1a: Great Tusk\n|-supereffective|p1a: Great Tusk\n|-damage|p1a: Great Tusk|40\/100\n|-heal|p2a: Eelektross|27\/100|[from] drain|[of] p1a: Great Tusk\n|\n|upkeep\n|turn|7\n|\n|t:|1701026289\n|move|p1a: Great Tusk|Close Combat|p2a: Eelektross\n|-damage|p2a: Eelektross|0 fnt\n|-unboost|p1a: Great Tusk|def|1\n|-unboost|p1a: Great Tusk|spd|1\n|faint|p2a: Eelektross\n|\n|upkeep\n|\n|t:|1701026301\n|switch|p2a: Mareanie|Mareanie, F|100\/100\n|turn|8\n|\n|t:|1701026341\n|-end|p1a: Great Tusk|Protosynthesis|[silent]\n|switch|p1a: SpanishInquisition|Coalossal, F|100\/100\n|move|p2a: Mareanie|Surf|p1a: SpanishInquisition\n|-supereffective|p1a: SpanishInquisition\n|-damage|p1a: SpanishInquisition|55\/100\n|\n|upkeep\n|turn|9\n|\n|t:|1701026360\n|move|p2a: Mareanie|Surf|p1a: SpanishInquisition\n|-supereffective|p1a: SpanishInquisition\n|-damage|p1a: SpanishInquisition|10\/100\n|move|p1a: SpanishInquisition|Earthquake|p2a: Mareanie\n|-supereffective|p2a: Mareanie\n|-damage|p2a: Mareanie|42\/100\n|\n|upkeep\n|turn|10\n|\n|t:|1701026370\n|move|p2a: Mareanie|Surf|p1a: SpanishInquisition\n|-supereffective|p1a: SpanishInquisition\n|-damage|p1a: SpanishInquisition|0 fnt\n|faint|p1a: SpanishInquisition\n|\n|upkeep\n|\n|t:|1701026374\n|switch|p1a: Great Tusk|Great Tusk|40\/100\n|turn|11\n|\n|t:|1701026390\n|switch|p2a: Crabominable|Crabominable, M|70\/100\n|move|p1a: Great Tusk|Megahorn|p2a: Crabominable\n|-resisted|p2a: Crabominable\n|-damage|p2a: Crabominable|49\/100\n|\n|upkeep\n|turn|12\n|\n|t:|1701026423\n|move|p1a: Great Tusk|Close Combat|p2a: Crabominable\n|-supereffective|p2a: Crabominable\n|-damage|p2a: Crabominable|0 fnt\n|-unboost|p1a: Great Tusk|def|1\n|-unboost|p1a: Great Tusk|spd|1\n|faint|p2a: Crabominable\n|\n|upkeep\n|\n|t:|1701026448\n|switch|p2a: Zamazenta|Zamazenta, shiny|100\/100\n|-ability|p2a: Zamazenta|Dauntless Shield|boost\n|-boost|p2a: Zamazenta|def|1\n|turn|13\n|\n|t:|1701026460\n|-end|p1a: Great Tusk|Protosynthesis|[silent]\n|switch|p1a: Veluza|Veluza, F|100\/100\n|-ability|p1a: Veluza|Mold Breaker\n|-terastallize|p2a: Zamazenta|Steel\n|move|p2a: Zamazenta|Body Press|p1a: Veluza\n|-resisted|p1a: Veluza\n|-damage|p1a: Veluza|63\/100\n|\n|upkeep\n|turn|14\n|\n|t:|1701026473\n|move|p2a: Zamazenta|Crunch|p1a: Veluza\n|-supereffective|p1a: Veluza\n|-damage|p1a: Veluza|0 fnt\n|faint|p1a: Veluza\n|\n|upkeep\n|\n|t:|1701026479\n|switch|p1a: Great Tusk|Great Tusk|40\/100\n|turn|15\n|\n|t:|1701026486\n|move|p2a: Zamazenta|Body Press|p1a: Great Tusk\n|-damage|p1a: Great Tusk|3\/100\n|move|p1a: Great Tusk|Close Combat|p2a: Zamazenta\n|-supereffective|p2a: Zamazenta\n|-damage|p2a: Zamazenta|40\/100\n|-unboost|p1a: Great Tusk|def|1\n|-unboost|p1a: Great Tusk|spd|1\n|\n|-heal|p2a: Zamazenta|46\/100|[from] item: Leftovers\n|upkeep\n|turn|16\n|\n|t:|1701026495\n|move|p2a: Zamazenta|Body Press|p1a: Great Tusk\n|-damage|p1a: Great Tusk|0 fnt\n|faint|p1a: Great Tusk\n|-end|p1a: Great Tusk|Protosynthesis|[silent]\n|\n|-heal|p2a: Zamazenta|52\/100|[from] item: Leftovers\n|upkeep\n|\n|t:|1701026507\n|switch|p1a: Meditite|Meditite, M, tera:Steel|84\/100\n|turn|17\n|\n|t:|1701026515\n|move|p2a: Zamazenta|Body Press|p1a: Meditite\n|-supereffective|p1a: Meditite\n|-damage|p1a: Meditite|0 fnt\n|faint|p1a: Meditite\n|\n|-heal|p2a: Zamazenta|58\/100|[from] item: Leftovers\n|upkeep\n|\n|t:|1701026521\n|switch|p1a: I BELIVE|Cetitan, M|100\/100\n|turn|18\n|\n|t:|1701026528\n|move|p2a: Zamazenta|Body Press|p1a: I BELIVE\n|-supereffective|p1a: I BELIVE\n|-damage|p1a: I BELIVE|5\/100\n|-enditem|p1a: I BELIVE|Sitrus Berry|[eat]\n|-heal|p1a: I BELIVE|30\/100|[from] item: Sitrus Berry\n|move|p1a: I BELIVE|Earthquake|p2a: Zamazenta\n|-supereffective|p2a: Zamazenta\n|-damage|p2a: Zamazenta|26\/100\n|\n|-heal|p2a: Zamazenta|32\/100|[from] item: Leftovers\n|upkeep\n|turn|19\n|\n|t:|1701026537\n|move|p2a: Zamazenta|Body Press|p1a: I BELIVE\n|-supereffective|p1a: I BELIVE\n|-damage|p1a: I BELIVE|0 fnt\n|faint|p1a: I BELIVE\n|\n|win|tbor2002\n","uploadtime":1701026543,"views":1,"p1id":"jam20jam","p2id":"tbor2002","formatid":"gen9nationaldex","rating":0,"private":0,"password":""}