{"id":"gen9nationaldex-1994020126","p1":"Archen156","p2":"Iloveonepiecehehe","format":"[Gen 9] National Dex","log":"|j|\u2606Archen156\n|j|\u2606Iloveonepiecehehe\n|t:|1700394810\n|gametype|singles\n|player|p1|Archen156|lucas-gen4pt|1107\n|player|p2|Iloveonepiecehehe|n-masters3|1000\n|teamsize|p1|6\n|teamsize|p2|6\n|gen|9\n|tier|[Gen 9] National Dex\n|rated|\n|rule|HP Percentage Mod: HP is shown in percentages\n|rule|Endless Battle Clause: Forcing endless battles is banned\n|rule|OHKO Clause: OHKO moves are banned\n|rule|Evasion Clause: Evasion abilities, items, and moves are banned\n|rule|Evasion Abilities Clause: Evasion abilities are banned\n|rule|Evasion Items Clause: Evasion items are banned\n|rule|Evasion Moves Clause: Evasion moves are banned\n|rule|Species Clause: Limit one of each Pok\u00e9mon\n|rule|Sleep Clause Mod: Limit one foe put to sleep\n|clearpoke\n|poke|p1|Heatran, M|\n|poke|p1|Rillaboom, M|\n|poke|p1|Machamp, F|\n|poke|p1|Golurk|\n|poke|p1|Grimmsnarl, M|\n|poke|p1|Lapras, M|\n|poke|p2|Infernape, M|\n|poke|p2|Gallade, M|\n|poke|p2|Bewear, M|\n|poke|p2|Lanturn, M|\n|poke|p2|Decidueye, M|\n|poke|p2|Hawlucha, M|\n|teampreview\n|inactive|Battle timer is ON: inactive players will automatically lose when time's up. (requested by Archen156)\n|inactive|Iloveonepiecehehe has 120 seconds left.\n|\n|t:|1700394857\n|start\n|switch|p1a: Beast Titan|Rillaboom, M|100\/100\n|switch|p2a: Roronoa Zoro|Gallade, M|100\/100\n|-fieldstart|move: Grassy Terrain|[from] ability: Grassy Surge|[of] p1a: Beast Titan\n|-enditem|p1a: Beast Titan|Grassy Seed\n|-boost|p1a: Beast Titan|def|1|[from] item: Grassy Seed\n|turn|1\n|\n|t:|1700394862\n|switch|p2a: Monkey D. Luffy|Infernape, M|100\/100\n|move|p1a: Beast Titan|Acrobatics|p2a: Monkey D. Luffy\n|-supereffective|p2a: Monkey D. Luffy\n|-damage|p2a: Monkey D. Luffy|0 fnt\n|faint|p2a: Monkey D. Luffy\n|\n|upkeep\n|\n|t:|1700394871\n|switch|p2a: Tony Chopper|Bewear, M|100\/100\n|turn|2\n|c|\u2606Archen156|based team\n|\n|t:|1700394880\n|move|p1a: Beast Titan|Drain Punch|p2a: Tony Chopper\n|-supereffective|p2a: Tony Chopper\n|-damage|p2a: Tony Chopper|78\/100\n|move|p2a: Tony Chopper|Drain Punch|p1a: Beast Titan\n|-damage|p1a: Beast Titan|73\/100\n|-heal|p2a: Tony Chopper|89\/100|[from] drain|[of] p1a: Beast Titan\n|\n|-heal|p1a: Beast Titan|79\/100|[from] Grassy Terrain\n|-heal|p2a: Tony Chopper|95\/100|[from] Grassy Terrain\n|-heal|p2a: Tony Chopper|100\/100|[from] item: Leftovers\n|upkeep\n|turn|3\n|\n|t:|1700394892\n|move|p1a: Beast Titan|Swords Dance|p1a: Beast Titan\n|-boost|p1a: Beast Titan|atk|2\n|move|p2a: Tony Chopper|Bulk Up|p2a: Tony Chopper\n|-boost|p2a: Tony Chopper|atk|1\n|-boost|p2a: Tony Chopper|def|1\n|\n|-heal|p1a: Beast Titan|86\/100|[from] Grassy Terrain\n|upkeep\n|turn|4\n|\n|t:|1700394896\n|move|p1a: Beast Titan|Swords Dance|p1a: Beast Titan\n|-boost|p1a: Beast Titan|atk|2\n|move|p2a: Tony Chopper|Drain Punch|p1a: Beast Titan\n|-damage|p1a: Beast Titan|42\/100\n|\n|-heal|p1a: Beast Titan|49\/100|[from] Grassy Terrain\n|upkeep\n|turn|5\n|\n|t:|1700394904\n|move|p1a: Beast Titan|Drain Punch|p2a: Tony Chopper\n|-supereffective|p2a: Tony Chopper\n|-crit|p2a: Tony Chopper\n|-damage|p2a: Tony Chopper|0 fnt\n|-heal|p1a: Beast Titan|100\/100|[from] drain|[of] p2a: Tony Chopper\n|faint|p2a: Tony Chopper\n|\n|-fieldend|move: Grassy Terrain\n|upkeep\n|\n|t:|1700394918\n|switch|p2a: Usopp|Decidueye, M|100\/100\n|turn|6\n|\n|t:|1700394927\n|move|p1a: Beast Titan|Acrobatics|p2a: Usopp\n|-supereffective|p2a: Usopp\n|-damage|p2a: Usopp|0 fnt\n|faint|p2a: Usopp\n|\n|upkeep\n|\n|t:|1700394938\n|switch|p2a: Vinsmoke Sanji|Hawlucha, M|100\/100\n|turn|7\n|inactive|Archen156 has 120 seconds left.\n|c|\u2606Archen156|why hawlucha for Sanji? Is it supposed to be the Raid Suit?\n|\n|t:|1700394974\n|move|p2a: Vinsmoke Sanji|Endure|p2a: Vinsmoke Sanji\n|-singleturn|p2a: Vinsmoke Sanji|move: Endure\n|move|p1a: Beast Titan|Acrobatics|p2a: Vinsmoke Sanji\n|-supereffective|p2a: Vinsmoke Sanji\n|-activate|p2a: Vinsmoke Sanji|move: Endure\n|-damage|p2a: Vinsmoke Sanji|1\/100\n|-enditem|p2a: Vinsmoke Sanji|Liechi Berry|[eat]\n|-boost|p2a: Vinsmoke Sanji|atk|1|[from] item: Liechi Berry\n|\n|upkeep\n|turn|8\n|\n|t:|1700394984\n|move|p2a: Vinsmoke Sanji|Dual Wingbeat|p1a: Beast Titan|[miss]\n|-miss|p2a: Vinsmoke Sanji|p1a: Beast Titan\n|move|p1a: Beast Titan|Acrobatics|p2a: Vinsmoke Sanji\n|-supereffective|p2a: Vinsmoke Sanji\n|-damage|p2a: Vinsmoke Sanji|0 fnt\n|faint|p2a: Vinsmoke Sanji\n|\n|upkeep\n|\n|t:|1700394995\n|switch|p2a: Nami|Lanturn, M|100\/100\n|turn|9\n|\n|t:|1700394999\n|move|p1a: Beast Titan|Grassy Glide|p2a: Nami\n|-supereffective|p2a: Nami\n|-damage|p2a: Nami|0 fnt\n|faint|p2a: Nami\n|\n|upkeep\n|\n|t:|1700395002\n|switch|p2a: Roronoa Zoro|Gallade, M|100\/100\n|turn|10\n|\n|t:|1700395007\n|detailschange|p2a: Roronoa Zoro|Gallade-Mega, M\n|-mega|p2a: Roronoa Zoro|Gallade|Galladite\n|move|p2a: Roronoa Zoro|Close Combat|p1a: Beast Titan\n|-damage|p1a: Beast Titan|47\/100\n|-unboost|p2a: Roronoa Zoro|def|1\n|-unboost|p2a: Roronoa Zoro|spd|1\n|move|p1a: Beast Titan|Acrobatics|p2a: Roronoa Zoro\n|-supereffective|p2a: Roronoa Zoro\n|-damage|p2a: Roronoa Zoro|0 fnt\n|faint|p2a: Roronoa Zoro\n|\n|win|Archen156\n|raw|Archen156's rating: 1107 &rarr; <strong>1125<\/strong><br \/>(+18 for winning)\n|raw|Iloveonepiecehehe's rating: 1000 &rarr; <strong>1000<\/strong><br \/>(+0 for losing)\n|c|\u2606Archen156|gg\n","uploadtime":1700395026,"views":18,"p1id":"archen156","p2id":"iloveonepiecehehe","formatid":"gen9nationaldex","rating":1000,"private":0,"password":""}