{"id":"gen9nationaldex-1988449481","p1":"Username2344","p2":"Dahness","format":"[Gen 9] National Dex","log":"|j|\u2606Username2344\n|j|\u2606Dahness\n|t:|1699724158\n|gametype|singles\n|player|p1|Username2344|pokemonranger-gen4|\n|player|p2|Dahness|guitarist-gen2|\n|teamsize|p1|6\n|teamsize|p2|6\n|gen|9\n|tier|[Gen 9] National Dex\n|rule|HP Percentage Mod: HP is shown in percentages\n|rule|Endless Battle Clause: Forcing endless battles is banned\n|rule|OHKO Clause: OHKO moves are banned\n|rule|Evasion Clause: Evasion abilities, items, and moves are banned\n|rule|Evasion Abilities Clause: Evasion abilities are banned\n|rule|Evasion Items Clause: Evasion items are banned\n|rule|Evasion Moves Clause: Evasion moves are banned\n|rule|Species Clause: Limit one of each Pok\u00e9mon\n|rule|Sleep Clause Mod: Limit one foe put to sleep\n|clearpoke\n|poke|p1|Hatterene, F|\n|poke|p1|Gliscor, F|\n|poke|p1|Garganacl, M|\n|poke|p1|Rotom-Wash|\n|poke|p1|Cinderace, F|\n|poke|p1|Dragonite, M|\n|poke|p2|Kyurem|\n|poke|p2|Tyranitar, M|\n|poke|p2|Gliscor, M|\n|poke|p2|Volcarona, F|\n|poke|p2|Alomomola, M|\n|poke|p2|Tapu Lele|\n|teampreview\n|\n|t:|1699724177\n|start\n|switch|p1a: Cinderace|Cinderace, F|100\/100\n|switch|p2a: Gliscor|Gliscor, M|100\/100\n|turn|1\n|\n|t:|1699724194\n|-terastallize|p1a: Cinderace|Ice\n|move|p1a: Cinderace|Tera Blast|p2a: Gliscor|[anim] Tera Blast Ice\n|-supereffective|p2a: Gliscor\n|-damage|p2a: Gliscor|0 fnt\n|faint|p2a: Gliscor\n|\n|upkeep\n|\n|t:|1699724204\n|switch|p2a: Tyranitar|Tyranitar, M|100\/100\n|-weather|Sandstorm|[from] ability: Sand Stream|[of] p2a: Tyranitar\n|turn|2\n|\n|t:|1699724209\n|detailschange|p2a: Tyranitar|Tyranitar-Mega, M\n|-mega|p2a: Tyranitar|Tyranitar|Tyranitarite\n|move|p1a: Cinderace|High Jump Kick|p2a: Tyranitar\n|-supereffective|p2a: Tyranitar\n|-damage|p2a: Tyranitar|2\/100\n|move|p2a: Tyranitar|Pursuit|p1a: Cinderace\n|-damage|p1a: Cinderace|55\/100\n|\n|-weather|Sandstorm|[upkeep]\n|-damage|p1a: Cinderace|49\/100|[from] Sandstorm\n|upkeep\n|turn|3\n|\n|t:|1699724225\n|switch|p2a: Alomomola|Alomomola, M, shiny|100\/100\n|move|p1a: Cinderace|U-turn|p2a: Alomomola\n|-damage|p2a: Alomomola|85\/100\n|\n|t:|1699724229\n|switch|p1a: Rotom|Rotom-Wash|100\/100|[from] U-turn\n|\n|-weather|Sandstorm|[upkeep]\n|-damage|p1a: Rotom|94\/100|[from] Sandstorm\n|-damage|p2a: Alomomola|79\/100|[from] Sandstorm\n|upkeep\n|turn|4\n|\n|t:|1699724235\n|move|p2a: Alomomola|Protect|p2a: Alomomola\n|-singleturn|p2a: Alomomola|Protect\n|move|p1a: Rotom|Volt Switch|p2a: Alomomola\n|-activate|p2a: Alomomola|move: Protect\n|\n|-weather|Sandstorm|[upkeep]\n|-damage|p1a: Rotom|88\/100|[from] Sandstorm\n|-damage|p2a: Alomomola|73\/100|[from] Sandstorm\n|upkeep\n|turn|5\n|\n|t:|1699724242\n|switch|p2a: Kyurem|Kyurem|100\/100\n|-ability|p2a: Kyurem|Pressure\n|move|p1a: Rotom|Volt Switch|p2a: Kyurem\n|-resisted|p2a: Kyurem\n|-damage|p2a: Kyurem|88\/100\n|\n|t:|1699724255\n|switch|p1a: Garganacl|Garganacl, M|100\/100|[from] Volt Switch\n|\n|-weather|Sandstorm|[upkeep]\n|-damage|p2a: Kyurem|81\/100|[from] Sandstorm\n|upkeep\n|turn|6\n|\n|t:|1699724265\n|switch|p2a: Alomomola|Alomomola, M, shiny|100\/100\n|move|p1a: Garganacl|Protect||[still]\n|-fail|p1a: Garganacl\n|\n|-weather|none\n|upkeep\n|turn|7\n|\n|t:|1699724271\n|move|p2a: Alomomola|Flip Turn|p1a: Garganacl\n|-supereffective|p1a: Garganacl\n|-damage|p1a: Garganacl|78\/100\n|\n|t:|1699724275\n|switch|p2a: Tapu Lele|Tapu Lele|100\/100|[from] Flip Turn\n|-fieldstart|move: Psychic Terrain|[from] ability: Psychic Surge|[of] p2a: Tapu Lele\n|move|p1a: Garganacl|Stealth Rock|p2a: Tapu Lele\n|-sidestart|p2: Dahness|move: Stealth Rock\n|\n|-heal|p1a: Garganacl|84\/100|[from] item: Leftovers\n|upkeep\n|turn|8\n|\n|t:|1699724280\n|move|p2a: Tapu Lele|Future Sight|p1a: Garganacl\n|-start|p2a: Tapu Lele|move: Future Sight\n|move|p1a: Garganacl|Salt Cure|p2a: Tapu Lele\n|-damage|p2a: Tapu Lele|79\/100\n|-start|p2a: Tapu Lele|Salt Cure\n|\n|-heal|p1a: Garganacl|90\/100|[from] item: Leftovers\n|-damage|p2a: Tapu Lele|67\/100|[from] Salt Cure\n|upkeep\n|turn|9\n|\n|t:|1699724287\n|switch|p2a: Alomomola|Alomomola, M, shiny|100\/100\n|move|p1a: Garganacl|Salt Cure|p2a: Alomomola\n|-damage|p2a: Alomomola|90\/100\n|-start|p2a: Alomomola|Salt Cure\n|\n|-heal|p1a: Garganacl|96\/100|[from] item: Leftovers\n|-damage|p2a: Alomomola|65\/100|[from] Salt Cure\n|upkeep\n|turn|10\n|\n|t:|1699724301\n|move|p1a: Garganacl|Protect|p1a: Garganacl\n|-singleturn|p1a: Garganacl|Protect\n|move|p2a: Alomomola|Wish|p2a: Alomomola\n|\n|-end|p1a: Garganacl|move: Future Sight\n|-damage|p1a: Garganacl|40\/100\n|-heal|p1a: Garganacl|47\/100|[from] item: Leftovers\n|-damage|p2a: Alomomola|41\/100|[from] Salt Cure\n|upkeep\n|turn|11\n|\n|t:|1699724307\n|move|p2a: Alomomola|Flip Turn|p1a: Garganacl\n|-supereffective|p1a: Garganacl\n|-damage|p1a: Garganacl|25\/100\n|\n|t:|1699724311\n|switch|p2a: Kyurem|Kyurem|81\/100|[from] Flip Turn\n|-ability|p2a: Kyurem|Pressure\n|move|p1a: Garganacl|Recover|p1a: Garganacl\n|-heal|p1a: Garganacl|75\/100\n|\n|-heal|p2a: Kyurem|100\/100|[from] move: Wish|[wisher] Alomomola\n|-heal|p1a: Garganacl|81\/100|[from] item: Leftovers\n|-fieldend|move: Psychic Terrain\n|upkeep\n|turn|12\n|\n|t:|1699724325\n|-terastallize|p2a: Kyurem|Fairy\n|move|p2a: Kyurem|Substitute|p2a: Kyurem\n|-start|p2a: Kyurem|Substitute\n|-damage|p2a: Kyurem|75\/100\n|move|p1a: Garganacl|Salt Cure|p2a: Kyurem\n|-activate|p2a: Kyurem|move: Substitute|[damage]\n|\n|-heal|p1a: Garganacl|88\/100|[from] item: Leftovers\n|upkeep\n|turn|13\n|\n|t:|1699724333\n|switch|p1a: Hatterene|Hatterene, F|100\/100\n|move|p2a: Kyurem|Earth Power|p1a: Hatterene\n|-damage|p1a: Hatterene|70\/100\n|\n|-heal|p1a: Hatterene|76\/100|[from] item: Leftovers\n|upkeep\n|turn|14\n|\n|t:|1699724338\n|move|p2a: Kyurem|Freeze-Dry|p1a: Hatterene\n|-damage|p1a: Hatterene|39\/100\n|-status|p1a: Hatterene|frz\n|cant|p1a: Hatterene|frz\n|\n|-heal|p1a: Hatterene|45\/100 frz|[from] item: Leftovers\n|upkeep\n|turn|15\n|\n|t:|1699724345\n|move|p2a: Kyurem|Freeze-Dry|p1a: Hatterene\n|-damage|p1a: Hatterene|10\/100 frz\n|cant|p1a: Hatterene|frz\n|\n|-heal|p1a: Hatterene|16\/100 frz|[from] item: Leftovers\n|upkeep\n|turn|16\n|\n|t:|1699724351\n|move|p2a: Kyurem|Earth Power|p1a: Hatterene\n|-damage|p1a: Hatterene|0 fnt\n|faint|p1a: Hatterene\n|\n|upkeep\n|\n|t:|1699724354\n|switch|p1a: Cinderace|Cinderace, F, tera:Ice|49\/100\n|turn|17\n|\n|t:|1699724361\n|move|p1a: Cinderace|Tera Blast|p2a: Kyurem|[anim] Tera Blast Ice\n|-end|p2a: Kyurem|Substitute\n|move|p2a: Kyurem|Earth Power|p1a: Cinderace\n|-damage|p1a: Cinderace|3\/100\n|\n|upkeep\n|turn|18\n|\n|t:|1699724371\n|switch|p2a: Alomomola|Alomomola, M, shiny|74\/100\n|move|p1a: Cinderace|Pyro Ball|p2a: Alomomola\n|-resisted|p2a: Alomomola\n|-damage|p2a: Alomomola|56\/100\n|\n|upkeep\n|turn|19\n|\n|t:|1699724378\n|move|p1a: Cinderace|U-turn|p2a: Alomomola\n|-damage|p2a: Alomomola|41\/100\n|\n|t:|1699724388\n|switch|p1a: Dragonite|Dragonite, M|100\/100|[from] U-turn\n|move|p2a: Alomomola|Flip Turn|p1a: Dragonite\n|-resisted|p1a: Dragonite\n|-damage|p1a: Dragonite|96\/100\n|\n|t:|1699724395\n|switch|p2a: Kyurem|Kyurem, tera:Fairy|75\/100|[from] Flip Turn\n|-ability|p2a: Kyurem|Pressure\n|\n|upkeep\n|turn|20\n|\n|t:|1699724408\n|move|p2a: Kyurem|Freeze-Dry|p1a: Dragonite\n|-supereffective|p1a: Dragonite\n|-damage|p1a: Dragonite|0 fnt\n|faint|p1a: Dragonite\n|\n|upkeep\n|\n|t:|1699724418\n|switch|p1a: Rotom|Rotom-Wash|88\/100\n|turn|21\n|\n|t:|1699724425\n|switch|p2a: Tyranitar|Tyranitar-Mega, M|2\/100\n|-damage|p2a: Tyranitar|0 fnt|[from] Stealth Rock\n|faint|p2a: Tyranitar\n|move|p1a: Rotom|Trick|p2: Tyranitar|[notarget]\n|-fail|p1a: Rotom\n|\n|upkeep\n|\n|t:|1699724439\n|switch|p2a: Tapu Lele|Tapu Lele|67\/100\n|-damage|p2a: Tapu Lele|54\/100|[from] Stealth Rock\n|-fieldstart|move: Psychic Terrain|[from] ability: Psychic Surge|[of] p2a: Tapu Lele\n|turn|22\n|\n|t:|1699724444\n|switch|p1a: Cinderace|Cinderace, F, tera:Ice|3\/100\n|move|p2a: Tapu Lele|Psychic|p1a: Cinderace\n|-damage|p1a: Cinderace|0 fnt\n|faint|p1a: Cinderace\n|\n|upkeep\n|\n|t:|1699724450\n|switch|p1a: Gliscor|Gliscor, F|100\/100\n|turn|23\n|\n|t:|1699724454\n|move|p2a: Tapu Lele|Psychic|p1a: Gliscor\n|-damage|p1a: Gliscor|26\/100\n|move|p1a: Gliscor|Earthquake|p2a: Tapu Lele\n|-damage|p2a: Tapu Lele|3\/100\n|\n|-status|p1a: Gliscor|tox|[from] item: Toxic Orb\n|upkeep\n|turn|24\n|\n|t:|1699724459\n|move|p2a: Tapu Lele|Psychic|p1a: Gliscor\n|-damage|p1a: Gliscor|0 fnt\n|faint|p1a: Gliscor\n|\n|upkeep\n|\n|t:|1699724464\n|switch|p1a: Rotom|Rotom-Wash|88\/100\n|turn|25\n|\n|t:|1699724467\n|move|p2a: Tapu Lele|Psychic|p1a: Rotom\n|-damage|p1a: Rotom|25\/100\n|move|p1a: Rotom|Volt Switch|p2a: Tapu Lele\n|-damage|p2a: Tapu Lele|0 fnt\n|faint|p2a: Tapu Lele\n|\n|t:|1699724470\n|switch|p1a: Garganacl|Garganacl, M|88\/100|[from] Volt Switch\n|\n|-heal|p1a: Garganacl|94\/100|[from] item: Leftovers\n|upkeep\n|\n|t:|1699724478\n|switch|p2a: Kyurem|Kyurem, tera:Fairy|75\/100\n|-ability|p2a: Kyurem|Pressure\n|turn|26\n|\n|t:|1699724484\n|move|p2a: Kyurem|Substitute|p2a: Kyurem\n|-start|p2a: Kyurem|Substitute\n|-damage|p2a: Kyurem|50\/100\n|move|p1a: Garganacl|Salt Cure|p2a: Kyurem\n|-activate|p2a: Kyurem|move: Substitute|[damage]\n|\n|-heal|p1a: Garganacl|99\/100|[from] item: Leftovers\n|-fieldend|move: Psychic Terrain\n|upkeep\n|turn|27\n|\n|t:|1699724488\n|move|p2a: Kyurem|Earth Power|p1a: Garganacl\n|-supereffective|p1a: Garganacl\n|-damage|p1a: Garganacl|60\/100\n|move|p1a: Garganacl|Salt Cure|p2a: Kyurem\n|-end|p2a: Kyurem|Substitute\n|\n|-heal|p1a: Garganacl|66\/100|[from] item: Leftovers\n|upkeep\n|turn|28\n|\n|t:|1699724498\n|move|p1a: Garganacl|Protect|p1a: Garganacl\n|-singleturn|p1a: Garganacl|Protect\n|move|p2a: Kyurem|Substitute|p2a: Kyurem\n|-start|p2a: Kyurem|Substitute\n|-damage|p2a: Kyurem|25\/100\n|\n|-heal|p1a: Garganacl|72\/100|[from] item: Leftovers\n|upkeep\n|turn|29\n|\n|t:|1699724505\n|move|p2a: Kyurem|Roost|p2a: Kyurem\n|-heal|p2a: Kyurem|75\/100\n|move|p1a: Garganacl|Recover|p1a: Garganacl\n|-heal|p1a: Garganacl|100\/100\n|\n|upkeep\n|turn|30\n|\n|t:|1699724509\n|move|p2a: Kyurem|Earth Power|p1a: Garganacl\n|-supereffective|p1a: Garganacl\n|-crit|p1a: Garganacl\n|-damage|p1a: Garganacl|39\/100\n|-unboost|p1a: Garganacl|spd|1\n|move|p1a: Garganacl|Salt Cure|p2a: Kyurem\n|-activate|p2a: Kyurem|move: Substitute|[damage]\n|\n|-heal|p1a: Garganacl|45\/100|[from] item: Leftovers\n|upkeep\n|turn|31\n|\n|t:|1699724516\n|move|p2a: Kyurem|Freeze-Dry|p1a: Garganacl\n|-damage|p1a: Garganacl|8\/100\n|move|p1a: Garganacl|Salt Cure|p2a: Kyurem\n|-end|p2a: Kyurem|Substitute\n|\n|-heal|p1a: Garganacl|14\/100|[from] item: Leftovers\n|upkeep\n|turn|32\n|c|\u2606Username2344|Gg\n|-message|Username2344 forfeited.\n|\n|win|Dahness\n|l|\u2606Username2344\n","uploadtime":1699724536,"views":9,"p1id":"username2344","p2id":"dahness","formatid":"gen9nationaldex","rating":0,"private":0,"password":""}