{"id":"gen9nationaldex-1988174061","p1":"popo4456","p2":"lchx","format":"[Gen 9] National Dex","log":"|j|\u2606popo4456\n|j|\u2606lchx\n|t:|1699679523\n|gametype|singles\n|player|p1|popo4456|galacticgrunt|1708\n|player|p2|lchx|ghetsis|1721\n|teamsize|p1|6\n|teamsize|p2|6\n|gen|9\n|tier|[Gen 9] National Dex\n|rated|\n|rule|HP Percentage Mod: HP is shown in percentages\n|rule|Endless Battle Clause: Forcing endless battles is banned\n|rule|OHKO Clause: OHKO moves are banned\n|rule|Evasion Clause: Evasion abilities, items, and moves are banned\n|rule|Evasion Abilities Clause: Evasion abilities are banned\n|rule|Evasion Items Clause: Evasion items are banned\n|rule|Evasion Moves Clause: Evasion moves are banned\n|rule|Species Clause: Limit one of each Pok\u00e9mon\n|rule|Sleep Clause Mod: Limit one foe put to sleep\n|clearpoke\n|poke|p1|Banette, F|\n|poke|p1|Ting-Lu|\n|poke|p1|Ribombee, M|\n|poke|p1|Celesteela|\n|poke|p1|Kommo-o, F|\n|poke|p1|Serperior, M|\n|poke|p2|Iron Treads|\n|poke|p2|Ceruledge, F|\n|poke|p2|Iron Valiant|\n|poke|p2|Azumarill, F|\n|poke|p2|Tapu Koko|\n|poke|p2|Hawlucha, M|\n|teampreview\n|\n|t:|1699679541\n|start\n|switch|p1a: Ting-Lu|Ting-Lu|100\/100\n|switch|p2a: \u6211\u81ea\u6740\u7ed9\u4f60\u770b|Iron Treads|100\/100\n|-ability|p1a: Ting-Lu|Vessel of Ruin\n|-enditem|p2a: \u6211\u81ea\u6740\u7ed9\u4f60\u770b|Booster Energy\n|-activate|p2a: \u6211\u81ea\u6740\u7ed9\u4f60\u770b|ability: Quark Drive|[fromitem]\n|-start|p2a: \u6211\u81ea\u6740\u7ed9\u4f60\u770b|quarkdrivespe\n|turn|1\n|\n|t:|1699679552\n|move|p2a: \u6211\u81ea\u6740\u7ed9\u4f60\u770b|Stealth Rock|p1a: Ting-Lu\n|-sidestart|p1: popo4456|move: Stealth Rock\n|move|p1a: Ting-Lu|Earthquake|p2a: \u6211\u81ea\u6740\u7ed9\u4f60\u770b\n|-supereffective|p2a: \u6211\u81ea\u6740\u7ed9\u4f60\u770b\n|-damage|p2a: \u6211\u81ea\u6740\u7ed9\u4f60\u770b|34\/100\n|\n|upkeep\n|turn|2\n|\n|t:|1699679558\n|move|p2a: \u6211\u81ea\u6740\u7ed9\u4f60\u770b|Rapid Spin|p1a: Ting-Lu\n|-damage|p1a: Ting-Lu|95\/100\n|-boost|p2a: \u6211\u81ea\u6740\u7ed9\u4f60\u770b|spe|1\n|move|p1a: Ting-Lu|Earthquake|p2a: \u6211\u81ea\u6740\u7ed9\u4f60\u770b\n|-supereffective|p2a: \u6211\u81ea\u6740\u7ed9\u4f60\u770b\n|-damage|p2a: \u6211\u81ea\u6740\u7ed9\u4f60\u770b|0 fnt\n|faint|p2a: \u6211\u81ea\u6740\u7ed9\u4f60\u770b\n|-end|p2a: \u6211\u81ea\u6740\u7ed9\u4f60\u770b|Quark Drive|[silent]\n|\n|-heal|p1a: Ting-Lu|100\/100|[from] item: Leftovers\n|upkeep\n|\n|t:|1699679567\n|switch|p2a: \u613f\u4e16\u95f4\u518d\u65e0\u7279\u8010\u5929\u874e\u738b|Tapu Koko|100\/100\n|-fieldstart|move: Electric Terrain|[from] ability: Electric Surge|[of] p2a: \u613f\u4e16\u95f4\u518d\u65e0\u7279\u8010\u5929\u874e\u738b\n|turn|3\n|\n|t:|1699679573\n|move|p2a: \u613f\u4e16\u95f4\u518d\u65e0\u7279\u8010\u5929\u874e\u738b|U-turn|p1a: Ting-Lu\n|-supereffective|p1a: Ting-Lu\n|-damage|p1a: Ting-Lu|85\/100\n|\n|t:|1699679576\n|switch|p2a: \u7528\u5c167|Hawlucha, M|100\/100|[from] U-turn\n|-enditem|p2a: \u7528\u5c167|Electric Seed\n|-boost|p2a: \u7528\u5c167|def|1|[from] item: Electric Seed\n|move|p1a: Ting-Lu|Stealth Rock|p2a: \u7528\u5c167\n|-sidestart|p2: lchx|move: Stealth Rock\n|\n|-heal|p1a: Ting-Lu|92\/100|[from] item: Leftovers\n|upkeep\n|turn|4\n|j| Duragonite\n|\n|t:|1699679586\n|move|p2a: \u7528\u5c167|Taunt|p1a: Ting-Lu\n|-start|p1a: Ting-Lu|move: Taunt\n|cant|p1a: Ting-Lu|move: Taunt|Whirlwind\n|\n|-heal|p1a: Ting-Lu|98\/100|[from] item: Leftovers\n|upkeep\n|turn|5\n|\n|t:|1699679592\n|switch|p1a: Banette|Banette, F|100\/100\n|-damage|p1a: Banette|88\/100|[from] Stealth Rock\n|move|p2a: \u7528\u5c167|Swords Dance|p2a: \u7528\u5c167\n|-boost|p2a: \u7528\u5c167|atk|2\n|\n|upkeep\n|turn|6\n|\n|t:|1699679597\n|detailschange|p1a: Banette|Banette-Mega, F\n|-mega|p1a: Banette|Banette|Banettite\n|-terastallize|p2a: \u7528\u5c167|Dark\n|move|p1a: Banette|Will-O-Wisp|p2a: \u7528\u5c167\n|-hint|Since gen 7, Dark is immune to Prankster moves.\n|-immune|p2a: \u7528\u5c167\n|move|p2a: \u7528\u5c167|Swords Dance|p2a: \u7528\u5c167\n|-boost|p2a: \u7528\u5c167|atk|2\n|\n|upkeep\n|turn|7\n|\n|t:|1699679609\n|move|p1a: Banette|Destiny Bond|p1a: Banette\n|-singlemove|p1a: Banette|Destiny Bond\n|move|p2a: \u7528\u5c167|Swords Dance|p2a: \u7528\u5c167\n|-boost|p2a: \u7528\u5c167|atk|2\n|\n|-fieldend|move: Electric Terrain\n|upkeep\n|turn|8\n|\n|t:|1699679636\n|move|p2a: \u7528\u5c167|Taunt|p1a: Banette\n|-start|p1a: Banette|move: Taunt\n|move|p1a: Banette|Shadow Claw|p2a: \u7528\u5c167\n|-resisted|p2a: \u7528\u5c167\n|-damage|p2a: \u7528\u5c167|82\/100\n|\n|upkeep\n|turn|9\n|\n|t:|1699679649\n|switch|p1a: Ribombee|Ribombee, M|100\/100\n|-damage|p1a: Ribombee|75\/100|[from] Stealth Rock\n|move|p2a: \u7528\u5c167|Acrobatics|p1a: Ribombee\n|-supereffective|p1a: Ribombee\n|-damage|p1a: Ribombee|0 fnt\n|faint|p1a: Ribombee\n|\n|upkeep\n|\n|t:|1699679653\n|switch|p1a: Banette|Banette-Mega, F|88\/100\n|-damage|p1a: Banette|76\/100|[from] Stealth Rock\n|turn|10\n|\n|t:|1699679658\n|move|p2a: \u7528\u5c167|Taunt|p1a: Banette\n|-start|p1a: Banette|move: Taunt\n|move|p1a: Banette|Shadow Claw|p2a: \u7528\u5c167\n|-resisted|p2a: \u7528\u5c167\n|-damage|p2a: \u7528\u5c167|61\/100\n|\n|upkeep\n|turn|11\n|\n|t:|1699679677\n|switch|p1a: Ting-Lu|Ting-Lu|98\/100\n|-damage|p1a: Ting-Lu|92\/100|[from] Stealth Rock\n|-ability|p1a: Ting-Lu|Vessel of Ruin\n|move|p2a: \u7528\u5c167|Acrobatics|p1a: Ting-Lu\n|-damage|p1a: Ting-Lu|10\/100\n|\n|-heal|p1a: Ting-Lu|16\/100|[from] item: Leftovers\n|upkeep\n|turn|12\n|\n|t:|1699679684\n|move|p2a: \u7528\u5c167|Acrobatics|p1a: Ting-Lu\n|-crit|p1a: Ting-Lu\n|-damage|p1a: Ting-Lu|0 fnt\n|faint|p1a: Ting-Lu\n|\n|upkeep\n|\n|t:|1699679689\n|switch|p1a: Banette|Banette-Mega, F|76\/100\n|-damage|p1a: Banette|63\/100|[from] Stealth Rock\n|turn|13\n|\n|t:|1699679696\n|move|p1a: Banette|Destiny Bond|p1a: Banette\n|-singlemove|p1a: Banette|Destiny Bond\n|move|p2a: \u7528\u5c167|Taunt|p1a: Banette\n|-start|p1a: Banette|move: Taunt\n|\n|upkeep\n|turn|14\n|inactive|Battle timer is ON: inactive players will automatically lose when time's up. (requested by lchx)\n|\n|t:|1699679704\n|move|p2a: \u7528\u5c167|Taunt||[still]\n|-fail|p2a: \u7528\u5c167\n|move|p1a: Banette|Shadow Claw|p2a: \u7528\u5c167\n|-resisted|p2a: \u7528\u5c167\n|-damage|p2a: \u7528\u5c167|41\/100\n|\n|upkeep\n|turn|15\n|\n|t:|1699679716\n|switch|p1a: Serperior|Serperior, M|100\/100\n|-damage|p1a: Serperior|88\/100|[from] Stealth Rock\n|move|p2a: \u7528\u5c167|Drain Punch|p1a: Serperior\n|-damage|p1a: Serperior|0 fnt\n|-heal|p2a: \u7528\u5c167|81\/100|[from] drain|[of] p1a: Serperior\n|faint|p1a: Serperior\n|\n|upkeep\n|\n|t:|1699679730\n|switch|p1a: Celesteela|Celesteela|100\/100\n|-damage|p1a: Celesteela|88\/100|[from] Stealth Rock\n|turn|16\n|\n|t:|1699679734\n|move|p2a: \u7528\u5c167|Drain Punch|p1a: Celesteela\n|-damage|p1a: Celesteela|0 fnt\n|-heal|p2a: \u7528\u5c167|100\/100|[from] drain|[of] p1a: Celesteela\n|faint|p1a: Celesteela\n|\n|upkeep\n|-message|popo4456 forfeited.\n|\n|win|lchx\n|raw|popo4456's rating: 1708 &rarr; <strong>1689<\/strong><br \/>(-19 for losing)\n|raw|lchx's rating: 1721 &rarr; <strong>1740<\/strong><br \/>(+19 for winning)\n|l|\u2606popo4456\n","uploadtime":1699679745,"views":14,"p1id":"popo4456","p2id":"lchx","formatid":"gen9nationaldex","rating":1689,"private":0,"password":""}