{"id":"gen9nationaldex-1992836312","p1":"natillo","p2":"Vadertron","format":"[Gen 9] National Dex","log":"|j|\u2606natillo\n|j|\u2606Vadertron\n|t:|1700239637\n|gametype|singles\n|player|p1|natillo|biker|1222\n|player|p2|Vadertron|burglar|1116\n|teamsize|p1|6\n|teamsize|p2|6\n|gen|9\n|tier|[Gen 9] National Dex\n|rated|\n|rule|HP Percentage Mod: HP is shown in percentages\n|rule|Endless Battle Clause: Forcing endless battles is banned\n|rule|OHKO Clause: OHKO moves are banned\n|rule|Evasion Clause: Evasion abilities, items, and moves are banned\n|rule|Evasion Abilities Clause: Evasion abilities are banned\n|rule|Evasion Items Clause: Evasion items are banned\n|rule|Evasion Moves Clause: Evasion moves are banned\n|rule|Species Clause: Limit one of each Pok\u00e9mon\n|rule|Sleep Clause Mod: Limit one foe put to sleep\n|clearpoke\n|poke|p1|Cresselia, F|\n|poke|p1|Ogerpon-Wellspring, F|\n|poke|p1|Glimmora, M|\n|poke|p1|Empoleon, M|\n|poke|p1|Kommo-o, M|\n|poke|p1|Corviknight, F|\n|poke|p2|Ditto|\n|poke|p2|Corviknight, M|\n|poke|p2|Clodsire, F|\n|poke|p2|Serperior, M|\n|poke|p2|Scizor, M|\n|poke|p2|Rotom-Wash|\n|teampreview\n|inactive|Battle timer is ON: inactive players will automatically lose when time's up. (requested by Vadertron)\n|inactive|Vadertron has 120 seconds left.\n|inactive|Vadertron has 90 seconds left.\n|inactive|natillo has 120 seconds left.\n|inactive|Vadertron has 60 seconds left.\n|\n|t:|1700239747\n|start\n|switch|p1a: Glimmora|Glimmora, M|100\/100\n|switch|p2a: Serperior|Serperior, M, shiny|100\/100\n|turn|1\n|\n|t:|1700239754\n|move|p2a: Serperior|Glare|p1a: Glimmora\n|-status|p1a: Glimmora|par\n|move|p1a: Glimmora|Mortal Spin|p2a: Serperior\n|-supereffective|p2a: Serperior\n|-damage|p2a: Serperior|85\/100\n|-status|p2a: Serperior|psn\n|\n|-heal|p2a: Serperior|92\/100 psn|[from] item: Leftovers\n|-damage|p2a: Serperior|79\/100 psn|[from] psn\n|upkeep\n|turn|2\n|inactive|Vadertron has 120 seconds left.\n|\n|t:|1700239768\n|switch|p2a: Scizor|Scizor, M|100\/100\n|switch|p1a: Corviknight|Corviknight, F, shiny|100\/100\n|\n|upkeep\n|turn|3\n|inactive|Vadertron has 120 seconds left.\n|\n|t:|1700239780\n|switch|p1a: Kommo-o|Kommo-o, M|100\/100\n|switch|p2a: Clodsire|Clodsire, F|100\/100\n|\n|upkeep\n|turn|4\n|inactive|Vadertron has 120 seconds left.\n|\n|t:|1700239794\n|switch|p1a: Glimmora|Glimmora, M|100\/100 par\n|move|p2a: Clodsire|Curse|p2a: Clodsire\n|-unboost|p2a: Clodsire|spe|1\n|-boost|p2a: Clodsire|atk|1\n|-boost|p2a: Clodsire|def|1\n|\n|upkeep\n|turn|5\n|\n|t:|1700239800\n|move|p1a: Glimmora|Earth Power|p2a: Clodsire\n|-supereffective|p2a: Clodsire\n|-damage|p2a: Clodsire|66\/100\n|move|p2a: Clodsire|Curse|p2a: Clodsire\n|-unboost|p2a: Clodsire|spe|1\n|-boost|p2a: Clodsire|atk|1\n|-boost|p2a: Clodsire|def|1\n|\n|-heal|p2a: Clodsire|72\/100|[from] item: Leftovers\n|upkeep\n|turn|6\n|\n|t:|1700239808\n|move|p1a: Glimmora|Earth Power|p2a: Clodsire\n|-supereffective|p2a: Clodsire\n|-damage|p2a: Clodsire|41\/100\n|move|p2a: Clodsire|Earthquake|p1a: Glimmora\n|-supereffective|p1a: Glimmora\n|-enditem|p1a: Glimmora|Focus Sash\n|-damage|p1a: Glimmora|1\/100 par\n|-activate|p1a: Glimmora|ability: Toxic Debris\n|-sidestart|p2: Vadertron|move: Toxic Spikes\n|\n|-heal|p2a: Clodsire|47\/100|[from] item: Leftovers\n|upkeep\n|turn|7\n|\n|t:|1700239811\n|move|p1a: Glimmora|Earth Power|p2a: Clodsire\n|-supereffective|p2a: Clodsire\n|-damage|p2a: Clodsire|13\/100\n|move|p2a: Clodsire|Recover|p2a: Clodsire\n|-heal|p2a: Clodsire|63\/100\n|\n|-heal|p2a: Clodsire|70\/100|[from] item: Leftovers\n|upkeep\n|turn|8\n|\n|t:|1700239818\n|cant|p1a: Glimmora|par\n|move|p2a: Clodsire|Recover|p2a: Clodsire\n|-heal|p2a: Clodsire|100\/100\n|\n|upkeep\n|turn|9\n|\n|t:|1700239822\n|move|p1a: Glimmora|Stealth Rock|p2a: Clodsire\n|-sidestart|p2: Vadertron|move: Stealth Rock\n|move|p2a: Clodsire|Earthquake|p1a: Glimmora\n|-supereffective|p1a: Glimmora\n|-damage|p1a: Glimmora|0 fnt\n|-activate|p1a: Glimmora|ability: Toxic Debris\n|-sidestart|p2: Vadertron|move: Toxic Spikes\n|faint|p1a: Glimmora\n|\n|upkeep\n|\n|t:|1700239835\n|switch|p1a: Kommo-o|Kommo-o, M|100\/100\n|turn|10\n|\n|t:|1700239842\n|move|p1a: Kommo-o|Clangorous Soul|p1a: Kommo-o\n|-boost|p1a: Kommo-o|atk|1\n|-boost|p1a: Kommo-o|def|1\n|-boost|p1a: Kommo-o|spa|1\n|-boost|p1a: Kommo-o|spd|1\n|-boost|p1a: Kommo-o|spe|1\n|-damage|p1a: Kommo-o|68\/100\n|-enditem|p1a: Kommo-o|Throat Spray\n|-boost|p1a: Kommo-o|spa|1|[from] item: Throat Spray\n|move|p2a: Clodsire|Curse|p2a: Clodsire\n|-unboost|p2a: Clodsire|spe|1\n|-boost|p2a: Clodsire|atk|1\n|-boost|p2a: Clodsire|def|1\n|\n|upkeep\n|turn|11\n|\n|t:|1700239852\n|move|p1a: Kommo-o|Clanging Scales|p2a: Clodsire\n|-damage|p2a: Clodsire|73\/100\n|-unboost|p1a: Kommo-o|def|1\n|move|p2a: Clodsire|Curse|p2a: Clodsire\n|-unboost|p2a: Clodsire|spe|1\n|-boost|p2a: Clodsire|atk|1\n|-boost|p2a: Clodsire|def|1\n|\n|-heal|p2a: Clodsire|80\/100|[from] item: Leftovers\n|upkeep\n|turn|12\n|\n|t:|1700239855\n|move|p1a: Kommo-o|Boomburst|p2a: Clodsire\n|-damage|p2a: Clodsire|58\/100\n|move|p2a: Clodsire|Curse|p2a: Clodsire\n|-unboost|p2a: Clodsire|spe|1\n|-boost|p2a: Clodsire|atk|1\n|-boost|p2a: Clodsire|def|1\n|\n|-heal|p2a: Clodsire|65\/100|[from] item: Leftovers\n|upkeep\n|turn|13\n|\n|t:|1700239862\n|move|p1a: Kommo-o|Boomburst|p2a: Clodsire\n|-damage|p2a: Clodsire|43\/100\n|move|p2a: Clodsire|Recover|p2a: Clodsire\n|-heal|p2a: Clodsire|93\/100\n|\n|-heal|p2a: Clodsire|99\/100|[from] item: Leftovers\n|upkeep\n|turn|14\n|\n|t:|1700239864\n|move|p1a: Kommo-o|Clangorous Soul|p1a: Kommo-o\n|-boost|p1a: Kommo-o|atk|1\n|-boost|p1a: Kommo-o|def|1\n|-boost|p1a: Kommo-o|spa|1\n|-boost|p1a: Kommo-o|spd|1\n|-boost|p1a: Kommo-o|spe|1\n|-damage|p1a: Kommo-o|35\/100\n|move|p2a: Clodsire|Curse|p2a: Clodsire\n|-unboost|p2a: Clodsire|spe|1\n|-boost|p2a: Clodsire|atk|1\n|-boost|p2a: Clodsire|def|1\n|\n|-heal|p2a: Clodsire|100\/100|[from] item: Leftovers\n|upkeep\n|turn|15\n|\n|t:|1700239868\n|move|p1a: Kommo-o|Boomburst|p2a: Clodsire\n|-damage|p2a: Clodsire|79\/100\n|move|p2a: Clodsire|Poison Jab|p1a: Kommo-o\n|-damage|p1a: Kommo-o|0 fnt\n|faint|p1a: Kommo-o\n|\n|-heal|p2a: Clodsire|85\/100|[from] item: Leftovers\n|upkeep\n|\n|t:|1700239878\n|switch|p1a: Ogerpon|Ogerpon-Wellspring, F|100\/100\n|turn|16\n|\n|t:|1700239883\n|-terastallize|p1a: Ogerpon|Water\n|detailschange|p1a: Ogerpon|Ogerpon-Wellspring-Tera, F, tera:Water\n|-ability|p1a: Ogerpon|Embody Aspect (Wellspring)|boost\n|-boost|p1a: Ogerpon|spd|1\n|move|p1a: Ogerpon|Focus Energy|p1a: Ogerpon\n|-start|p1a: Ogerpon|move: Focus Energy\n|move|p2a: Clodsire|Poison Jab|p1a: Ogerpon\n|-damage|p1a: Ogerpon|0 fnt\n|faint|p1a: Ogerpon\n|\n|-heal|p2a: Clodsire|91\/100|[from] item: Leftovers\n|upkeep\n|-message|natillo forfeited.\n|\n|win|Vadertron\n|raw|natillo's rating: 1222 &rarr; <strong>1190<\/strong><br \/>(-32 for losing)\n|raw|Vadertron's rating: 1116 &rarr; <strong>1148<\/strong><br \/>(+32 for winning)\n|l|\u2606natillo\n","uploadtime":1700239901,"views":6,"p1id":"natillo","p2id":"vadertron","formatid":"gen9nationaldex","rating":1148,"private":0,"password":""}