{"id":"gen9nationaldex-1991313803","p1":"NassBug","p2":"losubaby","format":"[Gen 9] National Dex","log":"|j|\u2606NassBug\n|j|\u2606losubaby\n|t:|1700066734\n|gametype|singles\n|player|p1|NassBug|clerkf|1198\n|player|p2|losubaby|iris-gen5bw2|1280\n|teamsize|p1|6\n|teamsize|p2|6\n|gen|9\n|tier|[Gen 9] National Dex\n|rated|\n|rule|HP Percentage Mod: HP is shown in percentages\n|rule|Endless Battle Clause: Forcing endless battles is banned\n|rule|OHKO Clause: OHKO moves are banned\n|rule|Evasion Clause: Evasion abilities, items, and moves are banned\n|rule|Evasion Abilities Clause: Evasion abilities are banned\n|rule|Evasion Items Clause: Evasion items are banned\n|rule|Evasion Moves Clause: Evasion moves are banned\n|rule|Species Clause: Limit one of each Pok\u00e9mon\n|rule|Sleep Clause Mod: Limit one foe put to sleep\n|clearpoke\n|poke|p1|Xurkitree|\n|poke|p1|Kartana|\n|poke|p1|Nihilego|\n|poke|p1|Blacephalon|\n|poke|p1|Buzzwole|\n|poke|p1|Guzzlord|\n|poke|p2|Sneasler, F|\n|poke|p2|Tapu Lele|\n|poke|p2|Chansey, F|\n|poke|p2|Alakazam, M|\n|poke|p2|Cinderace, F|\n|poke|p2|Latias, F|\n|teampreview\n|inactive|Battle timer is ON: inactive players will automatically lose when time's up. (requested by losubaby)\n|inactiveoff|Battle timer is now OFF.\n|\n|t:|1700066770\n|start\n|switch|p1a: Nihilego|Nihilego|100\/100\n|switch|p2a: Chansey|Chansey, F|100\/100\n|turn|1\n|inactive|Battle timer is ON: inactive players will automatically lose when time's up. (requested by losubaby)\n|j| xishuaideshuai\n|\n|t:|1700066788\n|move|p1a: Nihilego|Meteor Beam||[still]\n|-prepare|p1a: Nihilego|Meteor Beam\n|-boost|p1a: Nihilego|spa|1\n|-enditem|p1a: Nihilego|Power Herb\n|-anim|p1a: Nihilego|Meteor Beam|p2a: Chansey\n|-damage|p2a: Chansey|74\/100\n|move|p2a: Chansey|Thunder Wave|p1a: Nihilego\n|-status|p1a: Nihilego|par\n|\n|upkeep\n|turn|2\n|\n|t:|1700066797\n|move|p1a: Nihilego|Psyshock|p2a: Chansey\n|-damage|p2a: Chansey|51\/100\n|move|p2a: Chansey|Counter||[still]\n|-fail|p2a: Chansey\n|\n|upkeep\n|turn|3\n|\n|t:|1700066810\n|move|p1a: Nihilego|Psyshock|p2a: Chansey\n|-damage|p2a: Chansey|29\/100\n|move|p2a: Chansey|Soft-Boiled|p2a: Chansey\n|-heal|p2a: Chansey|79\/100\n|\n|upkeep\n|turn|4\n|\n|t:|1700066824\n|cant|p1a: Nihilego|par\n|move|p2a: Chansey|Teleport|p2a: Chansey\n|\n|t:|1700066830\n|switch|p2a: Tapu Lele|Tapu Lele|100\/100|[from] Teleport\n|-fieldstart|move: Psychic Terrain|[from] ability: Psychic Surge|[of] p2a: Tapu Lele\n|\n|upkeep\n|turn|5\n|\n|t:|1700066839\n|move|p2a: Tapu Lele|Psychic|p1a: Nihilego\n|-supereffective|p1a: Nihilego\n|-damage|p1a: Nihilego|8\/100 par\n|move|p1a: Nihilego|Sludge Wave|p2a: Tapu Lele\n|-supereffective|p2a: Tapu Lele\n|-damage|p2a: Tapu Lele|0 fnt\n|faint|p2a: Tapu Lele\n|-ability|p1a: Nihilego|Beast Boost|boost\n|-boost|p1a: Nihilego|spe|1\n|\n|upkeep\n|\n|t:|1700066844\n|switch|p2a: Alakazam|Alakazam, M|100\/100\n|turn|6\n|\n|t:|1700066849\n|move|p2a: Alakazam|Expanding Force|p1a: Nihilego\n|-supereffective|p1a: Nihilego\n|-damage|p1a: Nihilego|0 fnt\n|faint|p1a: Nihilego\n|\n|upkeep\n|inactive|NassBug has 120 seconds left.\n|\n|t:|1700066890\n|switch|p1a: SlanderMan|Xurkitree|100\/100\n|turn|7\n|\n|t:|1700066912\n|-terastallize|p2a: Alakazam|Fairy\n|move|p1a: SlanderMan|Thunderbolt|p2a: Alakazam\n|-damage|p2a: Alakazam|25\/100\n|-status|p2a: Alakazam|par\n|move|p2a: Alakazam|Expanding Force|p1a: SlanderMan\n|-damage|p1a: SlanderMan|0 fnt\n|faint|p1a: SlanderMan\n|\n|upkeep\n|\n|t:|1700066922\n|switch|p1a: Buzzwole|Buzzwole|100\/100\n|turn|8\n|\n|t:|1700066930\n|move|p1a: Buzzwole|Fell Stinger|p2a: Alakazam\n|-resisted|p2a: Alakazam\n|-damage|p2a: Alakazam|0 fnt\n|faint|p2a: Alakazam\n|-ability|p1a: Buzzwole|Beast Boost|boost\n|-boost|p1a: Buzzwole|def|1\n|-boost|p1a: Buzzwole|atk|3\n|-damage|p1a: Buzzwole|91\/100|[from] item: Life Orb\n|\n|upkeep\n|\n|t:|1700066936\n|switch|p2a: Sneasler|Sneasler, F|100\/100\n|-enditem|p2a: Sneasler|Psychic Seed\n|-boost|p2a: Sneasler|spd|1|[from] item: Psychic Seed\n|turn|9\n|\n|t:|1700066947\n|move|p2a: Sneasler|Acrobatics|p1a: Buzzwole\n|-supereffective|p1a: Buzzwole\n|-damage|p1a: Buzzwole|32\/100\n|move|p1a: Buzzwole|Dual Wingbeat|p2a: Sneasler\n|-supereffective|p2a: Sneasler\n|-damage|p2a: Sneasler|0 fnt\n|faint|p2a: Sneasler\n|-ability|p1a: Buzzwole|Beast Boost|boost\n|-boost|p1a: Buzzwole|def|1\n|-hitcount|p2: Sneasler|1\n|-damage|p1a: Buzzwole|23\/100|[from] item: Life Orb\n|\n|upkeep\n|\n|t:|1700066957\n|switch|p2a: Chansey|Chansey, F|79\/100\n|turn|10\n|\n|t:|1700066971\n|switch|p2a: Cinderace|Cinderace, F|100\/100\n|move|p1a: Buzzwole|Drain Punch|p2a: Cinderace\n|-damage|p2a: Cinderace|0 fnt\n|-heal|p1a: Buzzwole|59\/100|[from] drain|[of] p2a: Cinderace\n|faint|p2a: Cinderace\n|-ability|p1a: Buzzwole|Beast Boost|boost\n|-boost|p1a: Buzzwole|def|1\n|-damage|p1a: Buzzwole|49\/100|[from] item: Life Orb\n|\n|upkeep\n|\n|t:|1700066979\n|switch|p2a: Latias|Latias, F|100\/100\n|turn|11\n|\n|t:|1700066989\n|detailschange|p2a: Latias|Latias-Mega, F\n|-mega|p2a: Latias|Latias|Latiasite\n|move|p1a: Buzzwole|Fell Stinger|p2a: Latias\n|-supereffective|p2a: Latias\n|-damage|p2a: Latias|17\/100\n|-damage|p1a: Buzzwole|39\/100|[from] item: Life Orb\n|move|p2a: Latias|Psyshock|p1a: Buzzwole\n|-supereffective|p1a: Buzzwole\n|-damage|p1a: Buzzwole|22\/100\n|\n|-fieldend|move: Psychic Terrain\n|upkeep\n|turn|12\n|\n|t:|1700067004\n|move|p1a: Buzzwole|Fell Stinger|p2a: Latias\n|-supereffective|p2a: Latias\n|-damage|p2a: Latias|0 fnt\n|faint|p2a: Latias\n|-ability|p1a: Buzzwole|Beast Boost|boost\n|-boost|p1a: Buzzwole|def|1\n|-boost|p1a: Buzzwole|atk|3\n|-damage|p1a: Buzzwole|12\/100|[from] item: Life Orb\n|\n|upkeep\n|\n|t:|1700067007\n|switch|p2a: Chansey|Chansey, F|79\/100\n|turn|13\n|\n|t:|1700067011\n|move|p1a: Buzzwole|Drain Punch|p2a: Chansey\n|-supereffective|p2a: Chansey\n|-damage|p2a: Chansey|0 fnt\n|-heal|p1a: Buzzwole|78\/100|[from] drain|[of] p2a: Chansey\n|faint|p2a: Chansey\n|-damage|p1a: Buzzwole|68\/100|[from] item: Life Orb\n|\n|win|NassBug\n|raw|NassBug's rating: 1198 &rarr; <strong>1229<\/strong><br \/>(+31 for winning)\n|raw|losubaby's rating: 1280 &rarr; <strong>1249<\/strong><br \/>(-31 for losing)\n","uploadtime":1700067020,"views":5,"p1id":"nassbug","p2id":"losubaby","formatid":"gen9nationaldex","rating":1229,"private":0,"password":""}