{"id":"gen9nationaldex-1999504339","p1":"TheSunKing1","p2":"baigu","format":"[Gen 9] National Dex","log":"|html|<div class=\"broadcast-blue\"><strong>[Gen 9] National Dex is currently suspecting Sneasler! For information on how to participate check out the <a href=\"https:\/\/www.smogon.com\/forums\/threads\/sv-national-dex-suspect-8-just-dance.3731534\/\">suspect thread<\/a>.<\/strong><\/div>\n|j|\u2606TheSunKing1\n|j|\u2606baigu\n|t:|1701090041\n|gametype|singles\n|player|p1|TheSunKing1|silver-masters|1674\n|player|p2|baigu|266|1870\n|teamsize|p1|6\n|teamsize|p2|6\n|gen|9\n|tier|[Gen 9] National Dex\n|rated|\n|rule|HP Percentage Mod: HP is shown in percentages\n|rule|Endless Battle Clause: Forcing endless battles is banned\n|rule|OHKO Clause: OHKO moves are banned\n|rule|Evasion Clause: Evasion abilities, items, and moves are banned\n|rule|Evasion Abilities Clause: Evasion abilities are banned\n|rule|Evasion Items Clause: Evasion items are banned\n|rule|Evasion Moves Clause: Evasion moves are banned\n|rule|Species Clause: Limit one of each Pok\u00e9mon\n|rule|Sleep Clause Mod: Limit one foe put to sleep\n|clearpoke\n|poke|p1|Torkoal, M|\n|poke|p1|Leafeon, F|\n|poke|p1|Landorus-Therian, M|\n|poke|p1|Heatran, F|\n|poke|p1|Weavile, F|\n|poke|p1|Victini|\n|poke|p2|Ursaluna, M|\n|poke|p2|Slowking, F|\n|poke|p2|Corviknight, M|\n|poke|p2|Hoopa-Unbound|\n|poke|p2|Dragonite, F|\n|poke|p2|Tapu Koko|\n|teampreview\n|\n|t:|1701090065\n|start\n|switch|p1a: Victini|Victini|100\/100\n|switch|p2a: Hoopa|Hoopa-Unbound|100\/100\n|turn|1\n|\n|t:|1701090079\n|switch|p2a: Dragonite|Dragonite, F|100\/100\n|move|p1a: Victini|U-turn|p2a: Dragonite\n|-resisted|p2a: Dragonite\n|-damage|p2a: Dragonite|93\/100\n|\n|t:|1701090100\n|switch|p1a: Torkoal|Torkoal, M|100\/100|[from] U-turn\n|-weather|SunnyDay|[from] ability: Drought|[of] p1a: Torkoal\n|\n|-weather|SunnyDay|[upkeep]\n|upkeep\n|turn|2\n|\n|t:|1701090115\n|switch|p2a: Hoopa|Hoopa-Unbound|100\/100\n|switch|p1a: Landorus|Landorus-Therian, M|100\/100\n|-ability|p1a: Landorus|Intimidate|boost\n|-unboost|p2a: Hoopa|atk|1\n|\n|-weather|SunnyDay|[upkeep]\n|upkeep\n|turn|3\n|\n|t:|1701090128\n|switch|p2a: Corviknight|Corviknight, M|100\/100\n|-ability|p2a: Corviknight|Pressure\n|move|p1a: Landorus|U-turn|p2a: Corviknight\n|-resisted|p2a: Corviknight\n|-damage|p2a: Corviknight|97\/100\n|-damage|p1a: Landorus|84\/100|[from] item: Rocky Helmet|[of] p2a: Corviknight\n|\n|t:|1701090136\n|switch|p1a: Victini|Victini|100\/100|[from] U-turn\n|\n|-weather|SunnyDay|[upkeep]\n|upkeep\n|turn|4\n|inactive|Battle timer is ON: inactive players will automatically lose when time's up. (requested by baigu)\n|\n|t:|1701090168\n|switch|p2a: Dragonite|Dragonite, F|93\/100\n|move|p1a: Victini|V-create|p2a: Dragonite\n|-resisted|p2a: Dragonite\n|-damage|p2a: Dragonite|0 fnt\n|-unboost|p1a: Victini|spe|1\n|-unboost|p1a: Victini|def|1\n|-unboost|p1a: Victini|spd|1\n|faint|p2a: Dragonite\n|\n|-weather|SunnyDay|[upkeep]\n|upkeep\n|\n|t:|1701090179\n|switch|p2a: Tapu Koko|Tapu Koko|100\/100\n|-fieldstart|move: Electric Terrain|[from] ability: Electric Surge|[of] p2a: Tapu Koko\n|turn|5\n|inactive|TheSunKing1 has 120 seconds left.\n|\n|t:|1701090219\n|switch|p1a: Heatran|Heatran, F|100\/100\n|-item|p1a: Heatran|Air Balloon\n|move|p2a: Tapu Koko|Dazzling Gleam|p1a: Heatran\n|-resisted|p1a: Heatran\n|-damage|p1a: Heatran|88\/100\n|-enditem|p1a: Heatran|Air Balloon\n|\n|-weather|SunnyDay|[upkeep]\n|upkeep\n|turn|6\n|\n|t:|1701090230\n|switch|p2a: Slowking|Slowking, F|100\/100\n|move|p1a: Heatran|Stealth Rock|p2a: Slowking\n|-sidestart|p2: baigu|move: Stealth Rock\n|\n|-weather|SunnyDay|[upkeep]\n|upkeep\n|turn|7\n|\n|t:|1701090249\n|move|p1a: Heatran|Toxic|p2a: Slowking\n|-status|p2a: Slowking|tox\n|move|p2a: Slowking|Teleport|p2a: Slowking\n|\n|t:|1701090263\n|switch|p2a: Hoopa|Hoopa-Unbound|100\/100|[from] Teleport\n|-damage|p2a: Hoopa|88\/100|[from] Stealth Rock\n|\n|-weather|SunnyDay|[upkeep]\n|upkeep\n|turn|8\n|\n|t:|1701090274\n|switch|p1a: Landorus|Landorus-Therian, M|84\/100\n|-ability|p1a: Landorus|Intimidate|boost\n|-unboost|p2a: Hoopa|atk|1\n|-zpower|p2a: Hoopa\n|move|p2a: Hoopa|All-Out Pummeling|p1a: Landorus|[zeffect]\n|-resisted|p1a: Landorus\n|-damage|p1a: Landorus|41\/100\n|\n|-weather|none\n|upkeep\n|turn|9\n|j| Nomer16\n|\n|t:|1701090283\n|move|p1a: Landorus|U-turn|p2a: Hoopa\n|-supereffective|p2a: Hoopa\n|-damage|p2a: Hoopa|0 fnt\n|faint|p2a: Hoopa\n|\n|t:|1701090291\n|switch|p1a: Torkoal|Torkoal, M|100\/100|[from] U-turn\n|-weather|SunnyDay|[from] ability: Drought|[of] p1a: Torkoal\n|\n|-weather|SunnyDay|[upkeep]\n|-fieldend|move: Electric Terrain\n|upkeep\n|\n|t:|1701090296\n|switch|p2a: \u718a\u5927|Ursaluna, M|100\/100\n|-damage|p2a: \u718a\u5927|94\/100|[from] Stealth Rock\n|turn|10\n|inactive|TheSunKing1 has 120 seconds left.\n|\n|t:|1701090312\n|switch|p1a: Landorus|Landorus-Therian, M|41\/100\n|-ability|p1a: Landorus|Intimidate|boost\n|-unboost|p2a: \u718a\u5927|atk|1\n|move|p2a: \u718a\u5927|Facade|p1a: Landorus\n|-crit|p1a: Landorus\n|-damage|p1a: Landorus|0 fnt\n|faint|p1a: Landorus\n|\n|-weather|SunnyDay|[upkeep]\n|-status|p2a: \u718a\u5927|brn|[from] item: Flame Orb\n|upkeep\n|\n|t:|1701090319\n|switch|p1a: Victini|Victini|100\/100\n|turn|11\n|\n|t:|1701090323\n|switch|p2a: Slowking|Slowking, F|100\/100 tox\n|move|p1a: Victini|V-create|p2a: Slowking\n|-resisted|p2a: Slowking\n|-damage|p2a: Slowking|4\/100 tox\n|-unboost|p1a: Victini|spe|1\n|-unboost|p1a: Victini|def|1\n|-unboost|p1a: Victini|spd|1\n|\n|-weather|SunnyDay|[upkeep]\n|-damage|p2a: Slowking|0 fnt|[from] psn\n|faint|p2a: Slowking\n|upkeep\n|\n|t:|1701090328\n|switch|p2a: Tapu Koko|Tapu Koko|100\/100\n|-damage|p2a: Tapu Koko|88\/100|[from] Stealth Rock\n|-fieldstart|move: Electric Terrain|[from] ability: Electric Surge|[of] p2a: Tapu Koko\n|turn|12\n|inactive|TheSunKing1 has 120 seconds left.\n|inactive|baigu has 120 seconds left.\n|inactive|baigu has 90 seconds left.\n|\n|t:|1701090401\n|switch|p1a: Heatran|Heatran, F|88\/100\n|-terastallize|p2a: Tapu Koko|Electric\n|move|p2a: Tapu Koko|Thunderbolt|p1a: Heatran\n|-damage|p1a: Heatran|0 fnt\n|faint|p1a: Heatran\n|\n|-weather|SunnyDay|[upkeep]\n|upkeep\n|j| Dabman1069\n|inactive|TheSunKing1 has 120 seconds left.\n|\n|t:|1701090432\n|switch|p1a: Leafeon|Leafeon, F|100\/100\n|turn|13\n|inactive|baigu has 90 seconds left.\n|\n|t:|1701090453\n|switch|p2a: Corviknight|Corviknight, M|97\/100\n|-damage|p2a: Corviknight|85\/100|[from] Stealth Rock\n|-ability|p2a: Corviknight|Pressure\n|-terastallize|p1a: Leafeon|Fire\n|move|p1a: Leafeon|Tera Blast|p2a: Corviknight|[anim] Tera Blast Fire\n|-supereffective|p2a: Corviknight\n|-damage|p2a: Corviknight|0 fnt\n|faint|p2a: Corviknight\n|-damage|p1a: Leafeon|91\/100|[from] item: Life Orb\n|\n|-weather|SunnyDay|[upkeep]\n|upkeep\n|\n|t:|1701090455\n|switch|p2a: Tapu Koko|Tapu Koko, tera:Electric|88\/100\n|-damage|p2a: Tapu Koko|76\/100|[from] Stealth Rock\n|turn|14\n|-message|baigu forfeited.\n|\n|win|TheSunKing1\n|raw|TheSunKing1's rating: 1674 &rarr; <strong>1704<\/strong><br \/>(+30 for winning)\n|raw|baigu's rating: 1870 &rarr; <strong>1840<\/strong><br \/>(-30 for losing)\n|l|\u2606baigu\n|l| Dabman1069\n|l| Nomer16\n","uploadtime":1701090664,"views":5,"p1id":"thesunking1","p2id":"baigu","formatid":"gen9nationaldex","rating":1704,"private":0,"password":""}