{"id":"gen9nationaldex-1995867897","p1":"janeeyreisass","p2":"Dancing Roach","format":"[Gen 9] National Dex","log":"|html|<div class=\"broadcast-blue\"><strong>[Gen 9] National Dex is currently suspecting Sneasler! For information on how to participate check out the <a href=\"https:\/\/www.smogon.com\/forums\/threads\/sv-national-dex-suspect-8-just-dance.3731534\/\">suspect thread<\/a>.<\/strong><\/div>\n|j|\u2606janeeyreisass\n|j|\u2606Dancing Roach\n|t:|1700611503\n|gametype|singles\n|player|p1|janeeyreisass|170|1369\n|player|p2|Dancing Roach|juan|1478\n|teamsize|p1|6\n|teamsize|p2|6\n|gen|9\n|tier|[Gen 9] National Dex\n|rated|\n|rule|HP Percentage Mod: HP is shown in percentages\n|rule|Endless Battle Clause: Forcing endless battles is banned\n|rule|OHKO Clause: OHKO moves are banned\n|rule|Evasion Clause: Evasion abilities, items, and moves are banned\n|rule|Evasion Abilities Clause: Evasion abilities are banned\n|rule|Evasion Items Clause: Evasion items are banned\n|rule|Evasion Moves Clause: Evasion moves are banned\n|rule|Species Clause: Limit one of each Pok\u00e9mon\n|rule|Sleep Clause Mod: Limit one foe put to sleep\n|clearpoke\n|poke|p1|Blissey, F|\n|poke|p1|Alomomola, M|\n|poke|p1|Clodsire, F|\n|poke|p1|Toxapex, M|\n|poke|p1|Sableye, F|\n|poke|p1|Gliscor, F|\n|poke|p2|Gyarados, M|\n|poke|p2|Zapdos|\n|poke|p2|Ninetales-Alola, M|\n|poke|p2|Gliscor, F|\n|poke|p2|Iron Valiant|\n|poke|p2|Heatran, F|\n|teampreview\n|inactive|Battle timer is ON: inactive players will automatically lose when time's up. (requested by janeeyreisass)\n|\n|t:|1700611516\n|start\n|switch|p1a: Gliscor|Gliscor, F|100\/100\n|switch|p2a: Zapdos|Zapdos|100\/100\n|turn|1\n|\n|t:|1700611521\n|move|p2a: Zapdos|Hurricane|p1a: Gliscor|[miss]\n|-miss|p2a: Zapdos|p1a: Gliscor\n|move|p1a: Gliscor|Toxic|p2a: Zapdos\n|-status|p2a: Zapdos|tox\n|\n|-damage|p2a: Zapdos|94\/100 tox|[from] psn\n|-status|p1a: Gliscor|tox|[from] item: Toxic Orb\n|upkeep\n|turn|2\n|\n|t:|1700611525\n|switch|p1a: Clodsire|Clodsire, F|100\/100\n|move|p2a: Zapdos|Hurricane|p1a: Clodsire\n|-damage|p1a: Clodsire|69\/100\n|\n|-damage|p2a: Zapdos|82\/100 tox|[from] psn\n|upkeep\n|turn|3\n|\n|t:|1700611532\n|switch|p2a: Ninetales|Ninetales-Alola, M|100\/100\n|-weather|Snow|[from] ability: Snow Warning|[of] p2a: Ninetales\n|move|p1a: Clodsire|Spikes|p2a: Ninetales\n|-sidestart|p2: Dancing Roach|Spikes\n|\n|-weather|Snow|[upkeep]\n|upkeep\n|turn|4\n|\n|t:|1700611536\n|move|p2a: Ninetales|Aurora Veil|p2a: Ninetales\n|-sidestart|p2: Dancing Roach|move: Aurora Veil\n|move|p1a: Clodsire|Recover|p1a: Clodsire\n|-heal|p1a: Clodsire|100\/100\n|\n|-weather|Snow|[upkeep]\n|upkeep\n|turn|5\n|\n|t:|1700611538\n|move|p1a: Clodsire|Toxic|p2a: Ninetales\n|-status|p2a: Ninetales|tox\n|move|p2a: Ninetales|Roar|p1a: Clodsire\n|drag|p1a: Gliscor|Gliscor, F|100\/100 tox\n|\n|-weather|Snow|[upkeep]\n|-damage|p2a: Ninetales|94\/100 tox|[from] psn\n|upkeep\n|turn|6\n|\n|t:|1700611543\n|switch|p1a: Blissey|Blissey, F|100\/100\n|move|p2a: Ninetales|Freeze-Dry|p1a: Blissey\n|-damage|p1a: Blissey|93\/100\n|\n|-weather|Snow|[upkeep]\n|-damage|p2a: Ninetales|82\/100 tox|[from] psn\n|upkeep\n|turn|7\n|\n|t:|1700611546\n|move|p1a: Blissey|Stealth Rock|p2a: Ninetales\n|-sidestart|p2: Dancing Roach|move: Stealth Rock\n|move|p2a: Ninetales|Roar|p1a: Blissey\n|drag|p1a: Gliscor|Gliscor, F|100\/100 tox\n|\n|-weather|none\n|-damage|p2a: Ninetales|64\/100 tox|[from] psn\n|upkeep\n|turn|8\n|\n|t:|1700611556\n|switch|p2a: Zapdos|Zapdos|82\/100 tox\n|switch|p1a: Blissey|Blissey, F|93\/100\n|\n|-damage|p2a: Zapdos|76\/100 tox|[from] psn\n|upkeep\n|turn|9\n|\n|t:|1700611563\n|move|p2a: Zapdos|Defog|p1a: Blissey\n|-unboost|p1a: Blissey|evasion|1\n|-sideend|p2: Dancing Roach|Spikes|[from] move: Defog|[of] p2a: Zapdos\n|-sideend|p2: Dancing Roach|Stealth Rock|[from] move: Defog|[of] p2a: Zapdos\n|move|p1a: Blissey|Seismic Toss|p2a: Zapdos\n|-damage|p2a: Zapdos|50\/100 tox\n|\n|-damage|p2a: Zapdos|38\/100 tox|[from] psn\n|upkeep\n|turn|10\n|\n|t:|1700611566\n|move|p2a: Zapdos|Volt Switch|p1a: Blissey\n|-damage|p1a: Blissey|79\/100\n|\n|t:|1700611568\n|switch|p2a: Gyarados|Gyarados, M|100\/100|[from] Volt Switch\n|-ability|p2a: Gyarados|Intimidate|boost\n|-unboost|p1a: Blissey|atk|1\n|move|p1a: Blissey|Stealth Rock|p2a: Gyarados\n|-sidestart|p2: Dancing Roach|move: Stealth Rock\n|\n|upkeep\n|turn|11\n|\n|t:|1700611574\n|detailschange|p2a: Gyarados|Gyarados-Mega, M\n|-mega|p2a: Gyarados|Gyarados|Gyaradosite\n|-ability|p2a: Gyarados|Mold Breaker\n|move|p2a: Gyarados|Substitute|p2a: Gyarados\n|-start|p2a: Gyarados|Substitute\n|-damage|p2a: Gyarados|76\/100\n|move|p1a: Blissey|Toxic||[still]\n|-fail|p1a: Blissey\n|\n|-sideend|p2: Dancing Roach|move: Aurora Veil\n|upkeep\n|turn|12\n|\n|t:|1700611580\n|switch|p1a: Gliscor|Gliscor, F|100\/100 tox\n|move|p2a: Gyarados|Dragon Dance|p2a: Gyarados\n|-boost|p2a: Gyarados|atk|1\n|-boost|p2a: Gyarados|spe|1\n|\n|upkeep\n|turn|13\n|\n|t:|1700611583\n|move|p2a: Gyarados|Dragon Dance|p2a: Gyarados\n|-boost|p2a: Gyarados|atk|1\n|-boost|p2a: Gyarados|spe|1\n|move|p1a: Gliscor|Earthquake|p2a: Gyarados\n|-end|p2a: Gyarados|Substitute\n|\n|upkeep\n|turn|14\n|\n|t:|1700611589\n|-terastallize|p1a: Gliscor|Water\n|move|p2a: Gyarados|Substitute|p2a: Gyarados\n|-start|p2a: Gyarados|Substitute\n|-damage|p2a: Gyarados|51\/100\n|move|p1a: Gliscor|Earthquake|p2a: Gyarados\n|-end|p2a: Gyarados|Substitute\n|\n|upkeep\n|turn|15\n|\n|t:|1700611593\n|move|p2a: Gyarados|Crunch|p1a: Gliscor\n|-damage|p1a: Gliscor|44\/100 tox\n|move|p1a: Gliscor|Toxic|p2a: Gyarados\n|-status|p2a: Gyarados|tox\n|\n|-damage|p2a: Gyarados|45\/100 tox|[from] psn\n|-heal|p1a: Gliscor|56\/100 tox|[from] ability: Poison Heal\n|upkeep\n|turn|16\n|\n|t:|1700611597\n|move|p2a: Gyarados|Crunch|p1a: Gliscor\n|-damage|p1a: Gliscor|0 fnt\n|faint|p1a: Gliscor\n|\n|-damage|p2a: Gyarados|33\/100 tox|[from] psn\n|upkeep\n|\n|t:|1700611600\n|switch|p1a: Sableye|Sableye, F|100\/100\n|turn|17\n|\n|t:|1700611602\n|detailschange|p1a: Sableye|Sableye-Mega, F\n|-mega|p1a: Sableye|Sableye|Sablenite\n|move|p1a: Sableye|Protect|p1a: Sableye\n|-singleturn|p1a: Sableye|Protect\n|move|p2a: Gyarados|Waterfall|p1a: Sableye\n|-activate|p1a: Sableye|move: Protect\n|\n|-damage|p2a: Gyarados|15\/100 tox|[from] psn\n|upkeep\n|turn|18\n|\n|t:|1700611605\n|switch|p1a: Toxapex|Toxapex, M|100\/100\n|move|p2a: Gyarados|Waterfall|p1a: Toxapex\n|-resisted|p1a: Toxapex\n|-damage|p1a: Toxapex|72\/100\n|\n|-damage|p2a: Gyarados|0 fnt|[from] psn\n|faint|p2a: Gyarados\n|upkeep\n|\n|t:|1700611611\n|switch|p2a: Zapdos|Zapdos|38\/100 tox\n|turn|19\n|\n|t:|1700611615\n|switch|p1a: Clodsire|Clodsire, F|100\/100\n|move|p2a: Zapdos|Defog|p1a: Clodsire\n|-unboost|p1a: Clodsire|evasion|1\n|-sideend|p2: Dancing Roach|Stealth Rock|[from] move: Defog|[of] p2a: Zapdos\n|\n|-damage|p2a: Zapdos|32\/100 tox|[from] psn\n|upkeep\n|turn|20\n|\n|t:|1700611619\n|switch|p2a: Gliscor|Gliscor, F|100\/100\n|move|p1a: Clodsire|Spikes|p2a: Gliscor\n|-sidestart|p2: Dancing Roach|Spikes\n|\n|-status|p2a: Gliscor|tox|[from] item: Toxic Orb\n|upkeep\n|turn|21\n|\n|t:|1700611626\n|switch|p1a: Toxapex|Toxapex, M|100\/100\n|move|p2a: Gliscor|Earthquake|p1a: Toxapex\n|-supereffective|p1a: Toxapex\n|-damage|p1a: Toxapex|60\/100\n|\n|upkeep\n|turn|22\n|\n|t:|1700611631\n|move|p2a: Gliscor|Spikes|p1a: Toxapex\n|-sidestart|p1: janeeyreisass|Spikes\n|move|p1a: Toxapex|Recover|p1a: Toxapex\n|-heal|p1a: Toxapex|100\/100\n|\n|upkeep\n|turn|23\n|\n|t:|1700611635\n|switch|p1a: Alomomola|Alomomola, M|100\/100\n|move|p2a: Gliscor|Protect||[still]\n|-fail|p2a: Gliscor\n|\n|upkeep\n|turn|24\n|\n|t:|1700611637\n|move|p2a: Gliscor|Toxic|p1a: Alomomola\n|-status|p1a: Alomomola|tox\n|move|p1a: Alomomola|Scald|p2a: Gliscor\n|-supereffective|p2a: Gliscor\n|-damage|p2a: Gliscor|64\/100 tox\n|\n|-heal|p2a: Gliscor|77\/100 tox|[from] ability: Poison Heal\n|-damage|p1a: Alomomola|94\/100 tox|[from] psn\n|upkeep\n|turn|25\n|\n|t:|1700611641\n|move|p2a: Gliscor|Spikes|p1a: Alomomola\n|-sidestart|p1: janeeyreisass|Spikes\n|move|p1a: Alomomola|Flip Turn|p2a: Gliscor\n|-supereffective|p2a: Gliscor\n|-damage|p2a: Gliscor|60\/100 tox\n|\n|t:|1700611646\n|switch|p1a: Toxapex|Toxapex, M|100\/100|[from] Flip Turn\n|\n|-heal|p2a: Gliscor|72\/100 tox|[from] ability: Poison Heal\n|upkeep\n|turn|26\n|\n|t:|1700611649\n|switch|p1a: Sableye|Sableye-Mega, F|100\/100\n|-damage|p1a: Sableye|84\/100|[from] Spikes\n|move|p2a: Gliscor|Protect||[still]\n|-fail|p2a: Gliscor\n|\n|-heal|p2a: Gliscor|85\/100 tox|[from] ability: Poison Heal\n|upkeep\n|turn|27\n|\n|t:|1700611653\n|move|p2a: Gliscor|Earthquake|p1a: Sableye\n|-damage|p1a: Sableye|52\/100\n|move|p1a: Sableye|Foul Play|p2a: Gliscor\n|-damage|p2a: Gliscor|67\/100 tox\n|\n|-heal|p2a: Gliscor|79\/100 tox|[from] ability: Poison Heal\n|upkeep\n|turn|28\n|\n|t:|1700611656\n|move|p2a: Gliscor|Earthquake|p1a: Sableye\n|-damage|p1a: Sableye|22\/100\n|move|p1a: Sableye|Foul Play|p2a: Gliscor\n|-damage|p2a: Gliscor|61\/100 tox\n|\n|-heal|p2a: Gliscor|73\/100 tox|[from] ability: Poison Heal\n|upkeep\n|turn|29\n|\n|t:|1700611658\n|move|p1a: Sableye|Protect|p1a: Sableye\n|-singleturn|p1a: Sableye|Protect\n|move|p2a: Gliscor|Earthquake|p1a: Sableye\n|-activate|p1a: Sableye|move: Protect\n|\n|-heal|p2a: Gliscor|86\/100 tox|[from] ability: Poison Heal\n|upkeep\n|turn|30\n|\n|t:|1700611662\n|switch|p1a: Alomomola|Alomomola, M|100\/100 tox\n|move|p2a: Gliscor|Earthquake|p1a: Alomomola\n|-damage|p1a: Alomomola|82\/100 tox\n|\n|-heal|p2a: Gliscor|98\/100 tox|[from] ability: Poison Heal\n|-damage|p1a: Alomomola|76\/100 tox|[from] psn\n|upkeep\n|turn|31\n|\n|t:|1700611664\n|move|p2a: Gliscor|Protect|p2a: Gliscor\n|-singleturn|p2a: Gliscor|Protect\n|move|p1a: Alomomola|Wish|p1a: Alomomola\n|\n|-heal|p2a: Gliscor|100\/100 tox|[from] ability: Poison Heal\n|-damage|p1a: Alomomola|64\/100 tox|[from] psn\n|upkeep\n|turn|32\n|\n|t:|1700611666\n|move|p2a: Gliscor|Spikes|p1a: Alomomola\n|-sidestart|p1: janeeyreisass|Spikes\n|move|p1a: Alomomola|Flip Turn|p2a: Gliscor\n|-supereffective|p2a: Gliscor\n|-crit|p2a: Gliscor\n|-damage|p2a: Gliscor|76\/100 tox\n|\n|t:|1700611669\n|switch|p1a: Sableye|Sableye-Mega, F|22\/100|[from] Flip Turn\n|-damage|p1a: Sableye|0 fnt|[from] Spikes\n|faint|p1a: Sableye\n|\n|-heal|p2a: Gliscor|89\/100 tox|[from] ability: Poison Heal\n|upkeep\n|-message|janeeyreisass forfeited.\n|\n|win|Dancing Roach\n|raw|janeeyreisass's rating: 1369 &rarr; <strong>1355<\/strong><br \/>(-14 for losing)\n|raw|Dancing Roach's rating: 1478 &rarr; <strong>1492<\/strong><br \/>(+14 for winning)\n|c|\u2606Dancing Roach|nice\n|l|\u2606janeeyreisass\n","uploadtime":1700611677,"views":2,"p1id":"janeeyreisass","p2id":"dancingroach","formatid":"gen9nationaldex","rating":1355,"private":0,"password":""}