{"id":"gen9nationaldex-1996312730","p1":"830r","p2":"ciuriddiano","format":"[Gen 9] National Dex","log":"|html|<div class=\"broadcast-blue\"><strong>[Gen 9] National Dex is currently suspecting Sneasler! For information on how to participate check out the <a href=\"https:\/\/www.smogon.com\/forums\/threads\/sv-national-dex-suspect-8-just-dance.3731534\/\">suspect thread<\/a>.<\/strong><\/div>\n|j|\u2606830r\n|j|\u2606ciuriddiano\n|t:|1700670137\n|gametype|singles\n|player|p1|830r|veteran|1236\n|player|p2|ciuriddiano|102|1157\n|teamsize|p1|6\n|teamsize|p2|6\n|gen|9\n|tier|[Gen 9] National Dex\n|rated|\n|rule|HP Percentage Mod: HP is shown in percentages\n|rule|Endless Battle Clause: Forcing endless battles is banned\n|rule|OHKO Clause: OHKO moves are banned\n|rule|Evasion Clause: Evasion abilities, items, and moves are banned\n|rule|Evasion Abilities Clause: Evasion abilities are banned\n|rule|Evasion Items Clause: Evasion items are banned\n|rule|Evasion Moves Clause: Evasion moves are banned\n|rule|Species Clause: Limit one of each Pok\u00e9mon\n|rule|Sleep Clause Mod: Limit one foe put to sleep\n|clearpoke\n|poke|p1|Celesteela|\n|poke|p1|Toxapex, F|\n|poke|p1|Garganacl, M|\n|poke|p1|Zamazenta-*|\n|poke|p1|Crawdaunt, F|\n|poke|p1|Mew|\n|poke|p2|Electrode-Hisui|\n|poke|p2|Zamazenta-*|\n|poke|p2|Heracross, M|\n|poke|p2|Haxorus, F|\n|poke|p2|Snorlax, F|\n|poke|p2|Dusknoir, F|\n|teampreview\n|inactive|Battle timer is ON: inactive players will automatically lose when time's up. (requested by 830r)\n|\n|t:|1700670152\n|start\n|switch|p1a: Crawdaunt|Crawdaunt, F|100\/100\n|switch|p2a: Electrode|Electrode-Hisui|100\/100\n|turn|1\n|\n|t:|1700670159\n|move|p2a: Electrode|Leech Seed|p1a: Crawdaunt\n|-start|p1a: Crawdaunt|move: Leech Seed\n|move|p1a: Crawdaunt|Knock Off|p2a: Electrode\n|-damage|p2a: Electrode|0 fnt\n|-damage|p1a: Crawdaunt|76\/100|[from] ability: Aftermath|[of] p2a: Electrode\n|-enditem|p2a: Electrode|Leftovers|[from] move: Knock Off|[of] p1a: Crawdaunt\n|faint|p2a: Electrode\n|\n|upkeep\n|\n|t:|1700670181\n|switch|p2a: Snorlax|Snorlax, F|100\/100\n|turn|2\n|inactive|ciuriddiano has 120 seconds left.\n|\n|t:|1700670203\n|move|p1a: Crawdaunt|Knock Off|p2a: Snorlax\n|-damage|p2a: Snorlax|36\/100\n|-enditem|p2a: Snorlax|Chesto Berry|[from] move: Knock Off|[of] p1a: Crawdaunt\n|move|p2a: Snorlax|Thunder Punch|p1a: Crawdaunt\n|-supereffective|p1a: Crawdaunt\n|-damage|p1a: Crawdaunt|8\/100\n|\n|-damage|p1a: Crawdaunt|0 fnt|[from] Leech Seed|[of] p2a: Snorlax\n|-heal|p2a: Snorlax|40\/100|[silent]\n|faint|p1a: Crawdaunt\n|upkeep\n|\n|t:|1700670217\n|switch|p1a: Zamazenta|Zamazenta|100\/100\n|-ability|p1a: Zamazenta|Dauntless Shield|boost\n|-boost|p1a: Zamazenta|def|1\n|turn|3\n|inactive|ciuriddiano has 120 seconds left.\n|\n|t:|1700670252\n|move|p1a: Zamazenta|Body Press|p2a: Snorlax\n|-supereffective|p2a: Snorlax\n|-damage|p2a: Snorlax|0 fnt\n|faint|p2a: Snorlax\n|\n|upkeep\n|inactive|ciuriddiano has 90 seconds left.\n|\n|t:|1700670285\n|switch|p2a: Haxorus|Haxorus, F|100\/100\n|-ability|p2a: Haxorus|Mold Breaker\n|turn|4\n|inactive|830r has 120 seconds left.\n|\n|t:|1700670317\n|move|p1a: Zamazenta|Body Press|p2a: Haxorus\n|-damage|p2a: Haxorus|50\/100\n|move|p2a: Haxorus|Dragon Dance|p2a: Haxorus\n|-boost|p2a: Haxorus|atk|1\n|-boost|p2a: Haxorus|spe|1\n|\n|upkeep\n|turn|5\n|inactive|ciuriddiano has 90 seconds left.\n|\n|t:|1700670339\n|move|p2a: Haxorus|Outrage|p1a: Zamazenta\n|-damage|p1a: Zamazenta|50\/100\n|move|p1a: Zamazenta|Body Press|p2a: Haxorus\n|-damage|p2a: Haxorus|0 fnt\n|faint|p2a: Haxorus\n|\n|upkeep\n|\n|t:|1700670346\n|switch|p2a: Heracross|Heracross, M|100\/100\n|turn|6\n|\n|t:|1700670362\n|switch|p1a: Toxapex|Toxapex, F, shiny|100\/100\n|move|p2a: Heracross|Earthquake|p1a: Toxapex\n|-supereffective|p1a: Toxapex\n|-damage|p1a: Toxapex|53\/100\n|\n|-heal|p1a: Toxapex|59\/100|[from] item: Black Sludge\n|-status|p2a: Heracross|brn|[from] item: Flame Orb\n|upkeep\n|turn|7\n|inactive|ciuriddiano has 90 seconds left.\n|\n|t:|1700670382\n|move|p1a: Toxapex|Baneful Bunker|p1a: Toxapex\n|-singleturn|p1a: Toxapex|move: Protect\n|move|p2a: Heracross|Megahorn|p1a: Toxapex\n|-activate|p1a: Toxapex|move: Protect\n|\n|-heal|p1a: Toxapex|66\/100|[from] item: Black Sludge\n|-damage|p2a: Heracross|95\/100 brn|[from] brn\n|upkeep\n|turn|8\n|\n|t:|1700670388\n|switch|p1a: Celesteela|Celesteela|100\/100\n|move|p2a: Heracross|Megahorn|p1a: Celesteela\n|-resisted|p1a: Celesteela\n|-damage|p1a: Celesteela|84\/100\n|\n|-heal|p1a: Celesteela|90\/100|[from] item: Leftovers\n|-damage|p2a: Heracross|89\/100 brn|[from] brn\n|upkeep\n|turn|9\n|inactive|ciuriddiano has 90 seconds left.\n|\n|t:|1700670414\n|move|p2a: Heracross|Stone Edge|p1a: Celesteela\n|-damage|p1a: Celesteela|54\/100\n|move|p1a: Celesteela|Substitute|p1a: Celesteela\n|-start|p1a: Celesteela|Substitute\n|-damage|p1a: Celesteela|29\/100\n|\n|-heal|p1a: Celesteela|35\/100|[from] item: Leftovers\n|-damage|p2a: Heracross|83\/100 brn|[from] brn\n|upkeep\n|turn|10\n|inactive|ciuriddiano has 60 seconds left.\n|\n|t:|1700670436\n|move|p2a: Heracross|Earthquake|p1a: Celesteela\n|-immune|p1a: Celesteela\n|move|p1a: Celesteela|Leech Seed|p2a: Heracross\n|-start|p2a: Heracross|move: Leech Seed\n|\n|-heal|p1a: Celesteela|41\/100|[from] item: Leftovers\n|-damage|p2a: Heracross|70\/100 brn|[from] Leech Seed|[of] p1a: Celesteela\n|-heal|p1a: Celesteela|51\/100|[silent]\n|-damage|p2a: Heracross|64\/100 brn|[from] brn\n|upkeep\n|turn|11\n|\n|t:|1700670445\n|move|p2a: Heracross|Earthquake|p1a: Celesteela\n|-immune|p1a: Celesteela\n|move|p1a: Celesteela|Substitute|p1a: Celesteela\n|-fail|p1a: Celesteela|move: Substitute\n|\n|-heal|p1a: Celesteela|57\/100|[from] item: Leftovers\n|-damage|p2a: Heracross|52\/100 brn|[from] Leech Seed|[of] p1a: Celesteela\n|-heal|p1a: Celesteela|66\/100|[silent]\n|-damage|p2a: Heracross|46\/100 brn|[from] brn\n|upkeep\n|turn|12\n|\n|t:|1700670452\n|move|p2a: Heracross|Megahorn|p1a: Celesteela\n|-resisted|p1a: Celesteela\n|-activate|p1a: Celesteela|move: Substitute|[damage]\n|move|p1a: Celesteela|Substitute|p1a: Celesteela\n|-fail|p1a: Celesteela|move: Substitute\n|\n|-heal|p1a: Celesteela|72\/100|[from] item: Leftovers\n|-damage|p2a: Heracross|34\/100 brn|[from] Leech Seed|[of] p1a: Celesteela\n|-heal|p1a: Celesteela|81\/100|[silent]\n|-damage|p2a: Heracross|28\/100 brn|[from] brn\n|upkeep\n|turn|13\n|\n|t:|1700670463\n|move|p2a: Heracross|Stone Edge|p1a: Celesteela\n|-end|p1a: Celesteela|Substitute\n|move|p1a: Celesteela|Substitute|p1a: Celesteela\n|-start|p1a: Celesteela|Substitute\n|-damage|p1a: Celesteela|57\/100\n|\n|-heal|p1a: Celesteela|63\/100|[from] item: Leftovers\n|-damage|p2a: Heracross|15\/100 brn|[from] Leech Seed|[of] p1a: Celesteela\n|-heal|p1a: Celesteela|72\/100|[silent]\n|-damage|p2a: Heracross|9\/100 brn|[from] brn\n|upkeep\n|turn|14\n|inactive|ciuriddiano has 60 seconds left.\n|\n|t:|1700670483\n|move|p2a: Heracross|Stone Edge|p1a: Celesteela\n|-end|p1a: Celesteela|Substitute\n|move|p1a: Celesteela|Substitute|p1a: Celesteela\n|-start|p1a: Celesteela|Substitute\n|-damage|p1a: Celesteela|47\/100\n|\n|-heal|p1a: Celesteela|53\/100|[from] item: Leftovers\n|-damage|p2a: Heracross|0 fnt|[from] Leech Seed|[of] p1a: Celesteela\n|-heal|p1a: Celesteela|60\/100|[silent]\n|faint|p2a: Heracross\n|upkeep\n|inactive|ciuriddiano has 60 seconds left.\n|\n|t:|1700670507\n|switch|p2a: Dusknoir|Dusknoir, F|100\/100\n|-ability|p2a: Dusknoir|Pressure\n|turn|15\n|\n|t:|1700670519\n|move|p1a: Celesteela|Toxic|p2a: Dusknoir\n|-status|p2a: Dusknoir|tox\n|move|p2a: Dusknoir|Leech Life|p1a: Celesteela\n|-resisted|p1a: Celesteela\n|-activate|p1a: Celesteela|move: Substitute|[damage]\n|\n|-heal|p1a: Celesteela|66\/100|[from] item: Leftovers\n|-damage|p2a: Dusknoir|94\/100 tox|[from] psn\n|upkeep\n|turn|16\n|\n|t:|1700670530\n|move|p1a: Celesteela|Leech Seed|p2a: Dusknoir\n|-start|p2a: Dusknoir|move: Leech Seed\n|move|p2a: Dusknoir|Brick Break|p1a: Celesteela\n|-activate|p1a: Celesteela|move: Substitute|[damage]\n|\n|-heal|p1a: Celesteela|72\/100|[from] item: Leftovers\n|-damage|p2a: Dusknoir|82\/100 tox|[from] Leech Seed|[of] p1a: Celesteela\n|-heal|p1a: Celesteela|79\/100|[silent]\n|-damage|p2a: Dusknoir|70\/100 tox|[from] psn\n|upkeep\n|turn|17\n|inactive|ciuriddiano has 30 seconds left.\n|-message|ciuriddiano forfeited.\n|\n|win|830r\n|inactive|ciuriddiano has 30 seconds left this turn.\n|raw|830r's rating: 1236 &rarr; <strong>1255<\/strong><br \/>(+19 for winning)\n|raw|ciuriddiano's rating: 1157 &rarr; <strong>1138<\/strong><br \/>(-19 for losing)\n|l|\u2606ciuriddiano\n","uploadtime":1700670563,"views":2,"p1id":"830r","p2id":"ciuriddiano","formatid":"gen9nationaldex","rating":1138,"private":0,"password":""}