{"id":"gen9nationaldex-1994612741","p1":"csb1123","p2":"xiezhouqun","format":"[Gen 9] National Dex","log":"|html|<div class=\"broadcast-blue\"><strong>[Gen 9] National Dex is currently suspecting Sneasler! For information on how to participate check out the <a href=\"https:\/\/www.smogon.com\/forums\/threads\/sv-national-dex-suspect-8-just-dance.3731534\/\">suspect thread<\/a>.<\/strong><\/div>\n|j|\u2606csb1123\n|j|\u2606xiezhouqun\n|t:|1700469349\n|gametype|singles\n|player|p1|csb1123|101|1709\n|player|p2|xiezhouqun|fisherman-gen4|1670\n|teamsize|p1|6\n|teamsize|p2|6\n|gen|9\n|tier|[Gen 9] National Dex\n|rated|\n|rule|HP Percentage Mod: HP is shown in percentages\n|rule|Endless Battle Clause: Forcing endless battles is banned\n|rule|OHKO Clause: OHKO moves are banned\n|rule|Evasion Clause: Evasion abilities, items, and moves are banned\n|rule|Evasion Abilities Clause: Evasion abilities are banned\n|rule|Evasion Items Clause: Evasion items are banned\n|rule|Evasion Moves Clause: Evasion moves are banned\n|rule|Species Clause: Limit one of each Pok\u00e9mon\n|rule|Sleep Clause Mod: Limit one foe put to sleep\n|clearpoke\n|poke|p1|Ogerpon, F|\n|poke|p1|Corviknight, M|\n|poke|p1|Clodsire, F|\n|poke|p1|Tyranitar, F|\n|poke|p1|Tapu Fini|\n|poke|p1|Banette, F|\n|poke|p2|Tapu Lele|\n|poke|p2|Rillaboom, M|\n|poke|p2|Banette, M|\n|poke|p2|Sneasler, F|\n|poke|p2|Hydreigon, F|\n|poke|p2|Bisharp, M|\n|teampreview\n|inactive|Battle timer is ON: inactive players will automatically lose when time's up. (requested by csb1123)\n|j| KoKohs\n|\n|t:|1700469372\n|start\n|switch|p1a: Corviknight|Corviknight, M|100\/100\n|switch|p2a: Rillaboom|Rillaboom, M|100\/100\n|-fieldstart|move: Grassy Terrain|[from] ability: Grassy Surge|[of] p2a: Rillaboom\n|-ability|p1a: Corviknight|Pressure\n|turn|1\n|\n|t:|1700469381\n|move|p2a: Rillaboom|U-turn|p1a: Corviknight\n|-resisted|p1a: Corviknight\n|-damage|p1a: Corviknight|97\/100\n|\n|t:|1700469389\n|switch|p2a: Banette|Banette, M|100\/100|[from] U-turn\n|move|p1a: Corviknight|U-turn|p2a: Banette\n|-resisted|p2a: Banette\n|-damage|p2a: Banette|87\/100\n|\n|t:|1700469394\n|switch|p1a: Tyranitar|Tyranitar, F|100\/100|[from] U-turn\n|-weather|Sandstorm|[from] ability: Sand Stream|[of] p1a: Tyranitar\n|\n|-weather|Sandstorm|[upkeep]\n|-damage|p2a: Banette|81\/100|[from] Sandstorm\n|-heal|p2a: Banette|87\/100|[from] Grassy Terrain\n|upkeep\n|turn|2\n|\n|t:|1700469414\n|detailschange|p2a: Banette|Banette-Mega, M\n|-mega|p2a: Banette|Banette|Banettite\n|move|p2a: Banette|Destiny Bond|p2a: Banette\n|-singlemove|p2a: Banette|Destiny Bond\n|move|p1a: Tyranitar|Pursuit|p2a: Banette\n|-supereffective|p2a: Banette\n|-damage|p2a: Banette|29\/100\n|\n|-weather|Sandstorm|[upkeep]\n|-damage|p2a: Banette|23\/100|[from] Sandstorm\n|-heal|p2a: Banette|29\/100|[from] Grassy Terrain\n|upkeep\n|turn|3\n|\n|t:|1700469427\n|move|p2a: Banette|Disable|p1a: Tyranitar\n|-hint|Since gen 7, Dark is immune to Prankster moves.\n|-immune|p1a: Tyranitar\n|move|p1a: Tyranitar|Pursuit|p2a: Banette\n|-supereffective|p2a: Banette\n|-damage|p2a: Banette|0 fnt\n|faint|p2a: Banette\n|\n|-weather|Sandstorm|[upkeep]\n|upkeep\n|inactive|xiezhouqun has 120 seconds left.\n|\n|t:|1700469458\n|switch|p2a: Bisharp|Bisharp, M|100\/100\n|turn|4\n|\n|t:|1700469465\n|switch|p1a: Corviknight|Corviknight, M|97\/100\n|-ability|p1a: Corviknight|Pressure\n|move|p2a: Bisharp|Swords Dance|p2a: Bisharp\n|-boost|p2a: Bisharp|atk|2\n|\n|-weather|Sandstorm|[upkeep]\n|upkeep\n|turn|5\n|inactive|xiezhouqun has 120 seconds left.\n|\n|t:|1700469479\n|-terastallize|p2a: Bisharp|Fire\n|move|p2a: Bisharp|Swords Dance|p2a: Bisharp\n|-boost|p2a: Bisharp|atk|2\n|move|p1a: Corviknight|Iron Defense|p1a: Corviknight\n|-boost|p1a: Corviknight|def|2\n|\n|-weather|none\n|-fieldend|move: Grassy Terrain\n|upkeep\n|turn|6\n|\n|t:|1700469489\n|move|p2a: Bisharp|Swords Dance|p2a: Bisharp\n|-boost|p2a: Bisharp|atk|2\n|move|p1a: Corviknight|Iron Defense|p1a: Corviknight\n|-boost|p1a: Corviknight|def|2\n|\n|upkeep\n|turn|7\n|\n|t:|1700469497\n|move|p2a: Bisharp|Knock Off|p1a: Corviknight\n|-damage|p1a: Corviknight|54\/100\n|-enditem|p1a: Corviknight|Covert Cloak|[from] move: Knock Off|[of] p2a: Bisharp\n|move|p1a: Corviknight|Iron Defense|p1a: Corviknight\n|-boost|p1a: Corviknight|def|2\n|\n|upkeep\n|turn|8\n|\n|t:|1700469504\n|move|p2a: Bisharp|Iron Head|p1a: Corviknight\n|-resisted|p1a: Corviknight\n|-damage|p1a: Corviknight|41\/100\n|move|p1a: Corviknight|Roost|p1a: Corviknight\n|-heal|p1a: Corviknight|91\/100\n|-singleturn|p1a: Corviknight|move: Roost\n|\n|upkeep\n|turn|9\n|\n|t:|1700469514\n|move|p2a: Bisharp|Knock Off|p1a: Corviknight\n|-damage|p1a: Corviknight|69\/100\n|move|p1a: Corviknight|Body Press|p2a: Bisharp\n|-damage|p2a: Bisharp|25\/100\n|\n|upkeep\n|turn|10\n|\n|t:|1700469520\n|move|p2a: Bisharp|Knock Off|p1a: Corviknight\n|-damage|p1a: Corviknight|47\/100\n|move|p1a: Corviknight|Roost|p1a: Corviknight\n|-heal|p1a: Corviknight|97\/100\n|-singleturn|p1a: Corviknight|move: Roost\n|\n|upkeep\n|turn|11\n|\n|t:|1700469528\n|move|p2a: Bisharp|Knock Off|p1a: Corviknight\n|-damage|p1a: Corviknight|77\/100\n|move|p1a: Corviknight|Body Press|p2a: Bisharp\n|-damage|p2a: Bisharp|0 fnt\n|faint|p2a: Bisharp\n|\n|upkeep\n|\n|t:|1700469535\n|switch|p2a: Tapu Lele|Tapu Lele|100\/100\n|-fieldstart|move: Psychic Terrain|[from] ability: Psychic Surge|[of] p2a: Tapu Lele\n|turn|12\n|\n|t:|1700469542\n|switch|p1a: Tyranitar|Tyranitar, F|100\/100\n|-weather|Sandstorm|[from] ability: Sand Stream|[of] p1a: Tyranitar\n|move|p2a: Tapu Lele|Thunderbolt|p1a: Tyranitar\n|-damage|p1a: Tyranitar|85\/100\n|\n|-weather|Sandstorm|[upkeep]\n|-damage|p2a: Tapu Lele|94\/100|[from] Sandstorm\n|upkeep\n|turn|13\n|\n|t:|1700469556\n|-activate|p2a: Tapu Lele|move: Pursuit\n|move|p1a: Tyranitar|Pursuit|p2a: Tapu Lele|[from]Pursuit\n|-damage|p2a: Tapu Lele|37\/100\n|switch|p2a: Rillaboom|Rillaboom, M|100\/100\n|-fieldstart|move: Grassy Terrain|[from] ability: Grassy Surge|[of] p2a: Rillaboom\n|\n|-weather|Sandstorm|[upkeep]\n|-damage|p2a: Rillaboom|94\/100|[from] Sandstorm\n|-heal|p1a: Tyranitar|91\/100|[from] Grassy Terrain\n|-heal|p2a: Rillaboom|100\/100|[from] Grassy Terrain\n|upkeep\n|turn|14\n|\n|t:|1700469573\n|switch|p1a: Corviknight|Corviknight, M|77\/100\n|-ability|p1a: Corviknight|Pressure\n|move|p2a: Rillaboom|U-turn|p1a: Corviknight\n|-resisted|p1a: Corviknight\n|-damage|p1a: Corviknight|73\/100\n|\n|t:|1700469580\n|switch|p2a: Sneasler|Sneasler, F|100\/100|[from] U-turn\n|-enditem|p2a: Sneasler|Grassy Seed\n|-boost|p2a: Sneasler|def|1|[from] item: Grassy Seed\n|\n|-weather|Sandstorm|[upkeep]\n|-damage|p2a: Sneasler|95\/100|[from] Sandstorm\n|-heal|p2a: Sneasler|100\/100|[from] Grassy Terrain\n|upkeep\n|turn|15\n|\n|t:|1700469594\n|switch|p1a: Banette|Banette, F|100\/100\n|move|p2a: Sneasler|Close Combat|p1a: Banette\n|-immune|p1a: Banette\n|\n|-weather|Sandstorm|[upkeep]\n|-damage|p2a: Sneasler|95\/100|[from] Sandstorm\n|-damage|p1a: Banette|95\/100|[from] Sandstorm\n|-heal|p2a: Sneasler|100\/100|[from] Grassy Terrain\n|-heal|p1a: Banette|100\/100|[from] Grassy Terrain\n|upkeep\n|turn|16\n|\n|t:|1700469606\n|switch|p2a: Tapu Lele|Tapu Lele|37\/100\n|-fieldstart|move: Psychic Terrain|[from] ability: Psychic Surge|[of] p2a: Tapu Lele\n|detailschange|p1a: Banette|Banette-Mega, F\n|-mega|p1a: Banette|Banette|Banettite\n|move|p1a: Banette|Encore|p2a: Tapu Lele\n|-activate|p2a: Tapu Lele|move: Psychic Terrain\n|\n|-weather|none\n|upkeep\n|turn|17\n|\n|t:|1700469616\n|switch|p1a: Tapu Fini|Tapu Fini|100\/100\n|-fieldstart|move: Misty Terrain|[from] ability: Misty Surge|[of] p1a: Tapu Fini\n|move|p2a: Tapu Lele|Moonblast|p1a: Tapu Fini\n|-damage|p1a: Tapu Fini|62\/100\n|\n|-heal|p1a: Tapu Fini|68\/100|[from] item: Leftovers\n|upkeep\n|turn|18\n|\n|t:|1700469628\n|switch|p2a: Rillaboom|Rillaboom, M|100\/100\n|-fieldstart|move: Grassy Terrain|[from] ability: Grassy Surge|[of] p2a: Rillaboom\n|move|p1a: Tapu Fini|Calm Mind|p1a: Tapu Fini\n|-boost|p1a: Tapu Fini|spa|1\n|-boost|p1a: Tapu Fini|spd|1\n|\n|-heal|p1a: Tapu Fini|74\/100|[from] Grassy Terrain\n|-heal|p1a: Tapu Fini|80\/100|[from] item: Leftovers\n|upkeep\n|turn|19\n|\n|t:|1700469639\n|-terastallize|p1a: Tapu Fini|Poison\n|move|p2a: Rillaboom|Swords Dance|p2a: Rillaboom\n|-boost|p2a: Rillaboom|atk|2\n|move|p1a: Tapu Fini|Calm Mind|p1a: Tapu Fini\n|-boost|p1a: Tapu Fini|spa|1\n|-boost|p1a: Tapu Fini|spd|1\n|\n|-heal|p1a: Tapu Fini|86\/100|[from] Grassy Terrain\n|-heal|p1a: Tapu Fini|92\/100|[from] item: Leftovers\n|upkeep\n|turn|20\n|\n|t:|1700469652\n|move|p2a: Rillaboom|U-turn|p1a: Tapu Fini\n|-resisted|p1a: Tapu Fini\n|-damage|p1a: Tapu Fini|75\/100\n|\n|t:|1700469656\n|switch|p2a: Sneasler|Sneasler, F|100\/100|[from] U-turn\n|move|p1a: Tapu Fini|Draining Kiss|p2a: Sneasler\n|-damage|p2a: Sneasler|57\/100\n|-heal|p1a: Tapu Fini|100\/100|[from] drain|[of] p2a: Sneasler\n|\n|-heal|p2a: Sneasler|63\/100|[from] Grassy Terrain\n|upkeep\n|turn|21\n|\n|t:|1700469667\n|move|p2a: Sneasler|Swords Dance|p2a: Sneasler\n|-boost|p2a: Sneasler|atk|2\n|move|p1a: Tapu Fini|Calm Mind|p1a: Tapu Fini\n|-boost|p1a: Tapu Fini|spa|1\n|-boost|p1a: Tapu Fini|spd|1\n|\n|-heal|p2a: Sneasler|69\/100|[from] Grassy Terrain\n|upkeep\n|turn|22\n|\n|t:|1700469677\n|move|p2a: Sneasler|Acrobatics|p1a: Tapu Fini\n|-damage|p1a: Tapu Fini|46\/100\n|move|p1a: Tapu Fini|Draining Kiss|p2a: Sneasler\n|-damage|p2a: Sneasler|14\/100\n|-heal|p1a: Tapu Fini|82\/100|[from] drain|[of] p2a: Sneasler\n|\n|-heal|p2a: Sneasler|20\/100|[from] Grassy Terrain\n|-heal|p1a: Tapu Fini|88\/100|[from] Grassy Terrain\n|-heal|p1a: Tapu Fini|94\/100|[from] item: Leftovers\n|-fieldend|move: Grassy Terrain\n|upkeep\n|turn|23\n|-message|xiezhouqun forfeited.\n|\n|win|csb1123\n|raw|csb1123's rating: 1709 &rarr; <strong>1727<\/strong><br \/>(+18 for winning)\n|raw|xiezhouqun's rating: 1670 &rarr; <strong>1652<\/strong><br \/>(-18 for losing)\n|l|\u2606xiezhouqun\n","uploadtime":1700469695,"views":3,"p1id":"csb1123","p2id":"xiezhouqun","formatid":"gen9nationaldex","rating":1652,"private":0,"password":""}