{"id":"gen9nationaldex-1991945644","p1":"Najirs","p2":"DeathRayKPK","format":"[Gen 9] National Dex","log":"|j|\u2606Najirs\n|j|\u2606DeathRayKPK\n|t:|1700141210\n|gametype|singles\n|player|p1|Najirs|grimsley-masters|\n|player|p2|DeathRayKPK|2|\n|teamsize|p1|6\n|teamsize|p2|6\n|gen|9\n|tier|[Gen 9] National Dex\n|rule|HP Percentage Mod: HP is shown in percentages\n|rule|Endless Battle Clause: Forcing endless battles is banned\n|rule|OHKO Clause: OHKO moves are banned\n|rule|Evasion Clause: Evasion abilities, items, and moves are banned\n|rule|Evasion Abilities Clause: Evasion abilities are banned\n|rule|Evasion Items Clause: Evasion items are banned\n|rule|Evasion Moves Clause: Evasion moves are banned\n|rule|Species Clause: Limit one of each Pok\u00e9mon\n|rule|Sleep Clause Mod: Limit one foe put to sleep\n|clearpoke\n|poke|p1|Blastoise, F|\n|poke|p1|Mamoswine, M|\n|poke|p1|Sneasler, M|\n|poke|p1|Diancie|\n|poke|p1|Zapdos|\n|poke|p1|Slowking-Galar, F|\n|poke|p2|Scizor, M|\n|poke|p2|Corviknight, F|\n|poke|p2|Heatran, F|\n|poke|p2|Ferrothorn, F|\n|poke|p2|Jirachi|\n|poke|p2|Goodra-Hisui, F|\n|teampreview\n|\n|t:|1700141221\n|start\n|switch|p1a: Zapdos|Zapdos|100\/100\n|switch|p2a: Scizor|Scizor, M|100\/100\n|turn|1\n|c|\u2606DeathRayKPK|damn is this my old team\n|c|\u2606Najirs|Yeah lol\n|\n|t:|1700141240\n|switch|p2a: Ferrothorn|Ferrothorn, F|100\/100\n|move|p1a: Zapdos|Hurricane|p2a: Ferrothorn|[miss]\n|-miss|p1a: Zapdos|p2a: Ferrothorn\n|\n|upkeep\n|turn|2\n|c|\u2606Najirs|Wow\n|\n|t:|1700141254\n|move|p1a: Zapdos|Hurricane|p2a: Ferrothorn\n|-damage|p2a: Ferrothorn|63\/100\n|move|p2a: Ferrothorn|Stealth Rock|p1a: Zapdos\n|-sidestart|p1: Najirs|move: Stealth Rock\n|\n|-heal|p2a: Ferrothorn|69\/100|[from] item: Leftovers\n|upkeep\n|turn|3\n|\n|t:|1700141273\n|move|p2a: Ferrothorn|Protect|p2a: Ferrothorn\n|-singleturn|p2a: Ferrothorn|Protect\n|move|p1a: Zapdos|Defog|p2a: Ferrothorn\n|-activate|p2a: Ferrothorn|move: Protect\n|\n|-heal|p2a: Ferrothorn|75\/100|[from] item: Leftovers\n|upkeep\n|turn|4\n|\n|t:|1700141302\n|move|p1a: Zapdos|Hurricane|p2a: Ferrothorn\n|-damage|p2a: Ferrothorn|38\/100\n|move|p2a: Ferrothorn|Stealth Rock||[still]\n|-fail|p2a: Ferrothorn\n|\n|-heal|p2a: Ferrothorn|44\/100|[from] item: Leftovers\n|upkeep\n|turn|5\n|\n|t:|1700141315\n|move|p1a: Zapdos|Hurricane|p2a: Ferrothorn\n|-damage|p2a: Ferrothorn|8\/100\n|move|p2a: Ferrothorn|Leech Seed|p1a: Zapdos|[miss]\n|-miss|p2a: Ferrothorn|p1a: Zapdos\n|\n|-heal|p2a: Ferrothorn|14\/100|[from] item: Leftovers\n|upkeep\n|turn|6\n|c|\u2606Najirs|Lol\n|c|\u2606DeathRayKPK|nice\n|\n|t:|1700141342\n|move|p2a: Ferrothorn|Protect|p2a: Ferrothorn\n|-singleturn|p2a: Ferrothorn|Protect\n|move|p1a: Zapdos|Defog|p2a: Ferrothorn\n|-activate|p2a: Ferrothorn|move: Protect\n|\n|-heal|p2a: Ferrothorn|20\/100|[from] item: Leftovers\n|upkeep\n|turn|7\n|\n|t:|1700141359\n|switch|p2a: Goodra|Goodra-Hisui, F|100\/100\n|move|p1a: Zapdos|Defog|p2a: Goodra\n|-unboost|p2a: Goodra|evasion|1\n|-sideend|p1: Najirs|Stealth Rock|[from] move: Defog|[of] p1a: Zapdos\n|\n|upkeep\n|turn|8\n|\n|t:|1700141369\n|move|p1a: Zapdos|Volt Switch|p2a: Goodra\n|-resisted|p2a: Goodra\n|-damage|p2a: Goodra|91\/100\n|\n|t:|1700141375\n|switch|p1a: Mamoswine|Mamoswine, M|100\/100|[from] Volt Switch\n|move|p2a: Goodra|Acid Spray|p1a: Mamoswine\n|-resisted|p1a: Mamoswine\n|-damage|p1a: Mamoswine|95\/100\n|-unboost|p1a: Mamoswine|spd|2\n|\n|-heal|p2a: Goodra|97\/100|[from] item: Leftovers\n|upkeep\n|turn|9\n|inactive|Battle timer is ON: inactive players will automatically lose when time's up. (requested by Najirs)\n|\n|t:|1700141428\n|switch|p2a: Jirachi|Jirachi|100\/100\n|move|p1a: Mamoswine|Earthquake|p2a: Jirachi\n|-supereffective|p2a: Jirachi\n|-damage|p2a: Jirachi|6\/100\n|\n|-heal|p2a: Jirachi|13\/100|[from] item: Leftovers\n|upkeep\n|turn|10\n|c|\u2606DeathRayKPK|why do I keep thinking this dude learns levitate\n|c|\u2606Najirs|Lol\n|\n|t:|1700141449\n|switch|p1a: Slowking|Slowking-Galar, F|100\/100\n|move|p2a: Jirachi|Protect||[still]\n|-fail|p2a: Jirachi\n|\n|-heal|p2a: Jirachi|19\/100|[from] item: Leftovers\n|upkeep\n|turn|11\n|c|\u2606DeathRayKPK|yeah I remember this fked up slowking set\n|inactive|DeathRayKPK has 270 seconds left.\n|\n|t:|1700141483\n|switch|p2a: Goodra|Goodra-Hisui, F|97\/100\n|move|p1a: Slowking|Flamethrower|p2a: Goodra\n|-damage|p2a: Goodra|80\/100\n|-status|p2a: Goodra|brn\n|\n|-heal|p2a: Goodra|86\/100 brn|[from] item: Leftovers\n|-damage|p2a: Goodra|80\/100 brn|[from] brn\n|upkeep\n|turn|12\n|inactive|Najirs has 270 seconds left.\n|inactive|DeathRayKPK has 240 seconds left.\n|c|\u2606Najirs|Lmaooo\n|inactive|DeathRayKPK has 210 seconds left.\n|\n|t:|1700141549\n|move|p2a: Goodra|Flash Cannon|p1a: Slowking\n|-damage|p1a: Slowking|81\/100\n|move|p1a: Slowking|Flamethrower|p2a: Goodra\n|-damage|p2a: Goodra|63\/100 brn\n|\n|-heal|p2a: Goodra|69\/100 brn|[from] item: Leftovers\n|-damage|p2a: Goodra|63\/100 brn|[from] brn\n|upkeep\n|turn|13\n|inactive|DeathRayKPK has 210 seconds left.\n|inactive|Najirs has 270 seconds left.\n|c|\u2606DeathRayKPK|what lmao?\n|inactive|Najirs has 240 seconds left.\n|\n|t:|1700141615\n|move|p2a: Goodra|Acid Spray|p1a: Slowking\n|-resisted|p1a: Slowking\n|-damage|p1a: Slowking|78\/100\n|-unboost|p1a: Slowking|spd|2\n|move|p1a: Slowking|Flamethrower|p2a: Goodra\n|-damage|p2a: Goodra|45\/100 brn\n|\n|-heal|p2a: Goodra|51\/100 brn|[from] item: Leftovers\n|-damage|p2a: Goodra|45\/100 brn|[from] brn\n|upkeep\n|turn|14\n|inactive|DeathRayKPK has 210 seconds left.\n|inactive|Najirs has 210 seconds left.\n|c|\u2606Najirs|Lmao for you remembering the fucked up slowking set\n|\n|t:|1700141645\n|move|p2a: Goodra|Acid Spray|p1a: Slowking\n|-resisted|p1a: Slowking\n|-damage|p1a: Slowking|72\/100\n|-unboost|p1a: Slowking|spd|2\n|move|p1a: Slowking|Flamethrower|p2a: Goodra\n|-damage|p2a: Goodra|27\/100 brn\n|\n|-heal|p2a: Goodra|33\/100 brn|[from] item: Leftovers\n|-damage|p2a: Goodra|27\/100 brn|[from] brn\n|upkeep\n|turn|15\n|\n|t:|1700141659\n|move|p2a: Goodra|Flash Cannon|p1a: Slowking\n|-damage|p1a: Slowking|12\/100\n|move|p1a: Slowking|Flamethrower|p2a: Goodra\n|-damage|p2a: Goodra|8\/100 brn\n|\n|-heal|p2a: Goodra|14\/100 brn|[from] item: Leftovers\n|-damage|p2a: Goodra|8\/100 brn|[from] brn\n|upkeep\n|turn|16\n|\n|t:|1700141669\n|switch|p1a: Zapdos|Zapdos|100\/100\n|move|p2a: Goodra|Flash Cannon|p1a: Zapdos\n|-resisted|p1a: Zapdos\n|-damage|p1a: Zapdos|82\/100\n|\n|-heal|p2a: Goodra|14\/100 brn|[from] item: Leftovers\n|-damage|p2a: Goodra|8\/100 brn|[from] brn\n|upkeep\n|turn|17\n|\n|t:|1700141678\n|move|p1a: Zapdos|Volt Switch|p2a: Goodra\n|-resisted|p2a: Goodra\n|-damage|p2a: Goodra|0 fnt\n|faint|p2a: Goodra\n|\n|t:|1700141686\n|switch|p1a: Slowking|Slowking-Galar, F|45\/100|[from] Volt Switch\n|\n|upkeep\n|inactive|DeathRayKPK has 210 seconds left.\n|\n|t:|1700141694\n|switch|p2a: Heatran|Heatran, F|100\/100\n|turn|18\n|inactive|Najirs has 210 seconds left.\n|inactive|DeathRayKPK has 210 seconds left.\n|c|\u2606Najirs|Lol nice\n|\n|t:|1700141730\n|switch|p1a: Zapdos|Zapdos|82\/100\n|-terastallize|p2a: Heatran|Bug\n|move|p2a: Heatran|Magma Storm|p1a: Zapdos\n|-damage|p1a: Zapdos|43\/100\n|-activate|p1a: Zapdos|move: Magma Storm|[of] p2a: Heatran\n|\n|-damage|p1a: Zapdos|30\/100|[from] move: Magma Storm|[partiallytrapped]\n|upkeep\n|turn|19\n|inactive|DeathRayKPK has 180 seconds left.\n|\n|t:|1700141746\n|switch|p2a: Scizor|Scizor, M|100\/100\n|move|p1a: Zapdos|Hurricane|p2a: Scizor\n|-damage|p2a: Scizor|47\/100\n|\n|-end|p1a: Zapdos|Magma Storm|[partiallytrapped]|[silent]\n|upkeep\n|turn|20\n|\n|t:|1700141754\n|detailschange|p2a: Scizor|Scizor-Mega, M\n|-mega|p2a: Scizor|Scizor|Scizorite\n|move|p1a: Zapdos|Hurricane|p2a: Scizor|[miss]\n|-miss|p1a: Zapdos|p2a: Scizor\n|move|p2a: Scizor|Roost|p2a: Scizor\n|-heal|p2a: Scizor|97\/100\n|-singleturn|p2a: Scizor|move: Roost\n|\n|upkeep\n|turn|21\n|inactive|Najirs has 210 seconds left.\n|c|\u2606Najirs|Oof\n|inactive|DeathRayKPK has 180 seconds left.\n|\n|t:|1700141771\n|move|p1a: Zapdos|Volt Switch|p2a: Scizor\n|-damage|p2a: Scizor|66\/100\n|\n|t:|1700141775\n|switch|p1a: Slowking|Slowking-Galar, F|78\/100|[from] Volt Switch\n|move|p2a: Scizor|Swords Dance|p2a: Scizor\n|-boost|p2a: Scizor|atk|2\n|\n|upkeep\n|turn|22\n|\n|t:|1700141789\n|move|p2a: Scizor|U-turn|p1a: Slowking\n|-damage|p1a: Slowking|1\/100\n|c|\u2606Najirs|Oof\n|c|\u2606DeathRayKPK|F\n|inactive|DeathRayKPK has 180 seconds left.\n|\n|t:|1700141803\n|switch|p2a: Heatran|Heatran, F, tera:Bug|100\/100|[from] U-turn\n|move|p1a: Slowking|Flamethrower|p2a: Heatran\n|-start|p2a: Heatran|ability: Flash Fire\n|\n|upkeep\n|turn|23\n|inactive|DeathRayKPK has 180 seconds left.\n|\n|t:|1700141820\n|switch|p1a: Diancie|Diancie|100\/100\n|move|p2a: Heatran|Toxic|p1a: Diancie\n|-status|p1a: Diancie|tox\n|\n|-damage|p1a: Diancie|94\/100 tox|[from] psn\n|upkeep\n|turn|24\n|inactive|DeathRayKPK has 180 seconds left.\n|c|\u2606DeathRayKPK|sike bich\n|c|\u2606Najirs|Ah fuck\n|c|\u2606DeathRayKPK|no magic bounce yet\n|c|\u2606DeathRayKPK|thing is\n|inactive|Najirs has 210 seconds left.\n|c|\u2606DeathRayKPK|I don't remember this Diancie set fully\n|inactive|DeathRayKPK has 150 seconds left.\n|c|\u2606DeathRayKPK|so I sense trouble\n|\n|t:|1700141868\n|-end|p2a: Heatran|ability: Flash Fire|[silent]\n|switch|p2a: Jirachi|Jirachi|19\/100\n|detailschange|p1a: Diancie|Diancie-Mega\n|-mega|p1a: Diancie|Diancie|Diancite\n|move|p1a: Diancie|Diamond Storm|p2a: Jirachi\n|-resisted|p2a: Jirachi\n|-damage|p2a: Jirachi|0 fnt\n|faint|p2a: Jirachi\n|\n|-damage|p1a: Diancie|82\/100 tox|[from] psn\n|upkeep\n|\n|t:|1700141878\n|switch|p2a: Scizor|Scizor-Mega, M|66\/100\n|turn|25\n|\n|t:|1700141887\n|switch|p1a: Zapdos|Zapdos|30\/100\n|move|p2a: Scizor|Bullet Punch|p1a: Zapdos\n|-resisted|p1a: Zapdos\n|-damage|p1a: Zapdos|14\/100\n|-status|p2a: Scizor|par|[from] ability: Static|[of] p1a: Zapdos\n|\n|upkeep\n|turn|26\n|inactive|DeathRayKPK has 150 seconds left.\n|c|\u2606Najirs|Heh nice\n|c|\u2606DeathRayKPK|I expected that\n|c|\u2606DeathRayKPK|but only move\n|inactive|Najirs has 210 seconds left.\n|\n|t:|1700141909\n|cant|p2a: Scizor|par\n|move|p1a: Zapdos|Roost|p1a: Zapdos\n|-heal|p1a: Zapdos|64\/100\n|-singleturn|p1a: Zapdos|move: Roost\n|\n|upkeep\n|turn|27\n|inactive|DeathRayKPK has 150 seconds left.\n|c|\u2606Najirs|Woo yeah baby\n|inactive|Najirs has 210 seconds left.\n|c|\u2606Najirs|25% my ass\n|\n|t:|1700141924\n|move|p1a: Zapdos|Roost|p1a: Zapdos\n|-heal|p1a: Zapdos|100\/100\n|-singleturn|p1a: Zapdos|move: Roost\n|cant|p2a: Scizor|par\n|\n|upkeep\n|turn|28\n|\n|t:|1700141935\n|move|p1a: Zapdos|Defog|p2a: Scizor\n|-unboost|p2a: Scizor|evasion|1\n|move|p2a: Scizor|Roost|p2a: Scizor\n|-heal|p2a: Scizor|100\/100 par\n|-singleturn|p2a: Scizor|move: Roost\n|\n|upkeep\n|turn|29\n|\n|t:|1700141943\n|move|p1a: Zapdos|Hurricane|p2a: Scizor|[miss]\n|-miss|p1a: Zapdos|p2a: Scizor\n|move|p2a: Scizor|Swords Dance|p2a: Scizor\n|-boost|p2a: Scizor|atk|2\n|\n|upkeep\n|turn|30\n|inactive|DeathRayKPK has 150 seconds left.\n|c|\u2606Najirs|Wow\n|\n|t:|1700141959\n|move|p1a: Zapdos|Hurricane|p2a: Scizor\n|-damage|p2a: Scizor|56\/100 par\n|cant|p2a: Scizor|par\n|\n|upkeep\n|turn|31\n|\n|t:|1700141974\n|move|p1a: Zapdos|Hurricane|p2a: Scizor\n|-damage|p2a: Scizor|11\/100 par\n|-start|p2a: Scizor|confusion\n|-activate|p2a: Scizor|confusion\n|move|p2a: Scizor|Roost|p2a: Scizor\n|-heal|p2a: Scizor|61\/100 par\n|-singleturn|p2a: Scizor|move: Roost\n|\n|upkeep\n|turn|32\n|inactive|DeathRayKPK has 150 seconds left.\n|\n|t:|1700141991\n|move|p1a: Zapdos|Hurricane|p2a: Scizor\n|-damage|p2a: Scizor|14\/100 par\n|-end|p2a: Scizor|confusion\n|move|p2a: Scizor|Roost|p2a: Scizor\n|-heal|p2a: Scizor|64\/100 par\n|-singleturn|p2a: Scizor|move: Roost\n|\n|upkeep\n|turn|33\n|inactive|DeathRayKPK has 120 seconds left.\n|\n|t:|1700142027\n|move|p1a: Zapdos|Defog|p2a: Scizor\n|-unboost|p2a: Scizor|evasion|1\n|move|p2a: Scizor|Roost|p2a: Scizor\n|-heal|p2a: Scizor|100\/100 par\n|-singleturn|p2a: Scizor|move: Roost\n|\n|upkeep\n|turn|34\n|inactive|DeathRayKPK has 120 seconds left.\n|\n|t:|1700142036\n|move|p1a: Zapdos|Hurricane|p2a: Scizor\n|-damage|p2a: Scizor|57\/100 par\n|move|p2a: Scizor|Swords Dance|p2a: Scizor\n|-boost|p2a: Scizor|atk|2\n|\n|upkeep\n|turn|35\n|inactive|DeathRayKPK has 120 seconds left.\n|\n|t:|1700142048\n|move|p1a: Zapdos|Hurricane|p2a: Scizor\n|-damage|p2a: Scizor|9\/100 par\n|move|p2a: Scizor|Roost|p2a: Scizor\n|-heal|p2a: Scizor|59\/100 par\n|-singleturn|p2a: Scizor|move: Roost\n|\n|upkeep\n|turn|36\n|inactive|Najirs has 240 seconds left.\n|\n|t:|1700142056\n|cant|p2a: Scizor|par\n|move|p1a: Zapdos|Hurricane|p2a: Scizor\n|-damage|p2a: Scizor|16\/100 par\n|-start|p2a: Scizor|confusion\n|\n|upkeep\n|turn|37\n|\n|t:|1700142063\n|-activate|p2a: Scizor|confusion\n|move|p2a: Scizor|Bullet Punch|p1a: Zapdos\n|-resisted|p1a: Zapdos\n|-damage|p1a: Zapdos|51\/100\n|move|p1a: Zapdos|Volt Switch|p2a: Scizor\n|-damage|p2a: Scizor|0 fnt\n|faint|p2a: Scizor\n|inactive|Najirs has 240 seconds left.\n|\n|t:|1700142073\n|switch|p1a: Slowking|Slowking-Galar, F|34\/100|[from] Volt Switch\n|\n|upkeep\n|\n|t:|1700142079\n|switch|p2a: Corviknight|Corviknight, F|100\/100\n|turn|38\n|\n|t:|1700142093\n|switch|p2a: Heatran|Heatran, F, tera:Bug|100\/100\n|switch|p1a: Zapdos|Zapdos|51\/100\n|\n|upkeep\n|turn|39\n|c|\u2606Najirs|Heh saw it coming\n|c|\u2606DeathRayKPK|congrats\n|c|\u2606DeathRayKPK|you think I had a choice?\n|c|\u2606Najirs|Thanksss\n|c|\u2606Najirs|Lmao\n|inactive|DeathRayKPK has 120 seconds left.\n|\n|t:|1700142132\n|move|p1a: Zapdos|Roost|p1a: Zapdos\n|-heal|p1a: Zapdos|100\/100\n|-singleturn|p1a: Zapdos|move: Roost\n|move|p2a: Heatran|Magma Storm|p1a: Zapdos\n|-damage|p1a: Zapdos|59\/100\n|-activate|p1a: Zapdos|move: Magma Storm|[of] p2a: Heatran\n|\n|-damage|p1a: Zapdos|46\/100|[from] move: Magma Storm|[partiallytrapped]\n|upkeep\n|turn|40\n|inactive|DeathRayKPK has 120 seconds left.\n|inactive|Najirs has 240 seconds left.\n|\n|t:|1700142159\n|move|p1a: Zapdos|Volt Switch|p2a: Heatran\n|-damage|p2a: Heatran|82\/100\n|inactive|Najirs has 240 seconds left.\n|\n|t:|1700142166\n|switch|p1a: Blastoise|Blastoise, F|100\/100|[from] Volt Switch\n|move|p2a: Heatran|Magma Storm|p1a: Blastoise\n|-resisted|p1a: Blastoise\n|-damage|p1a: Blastoise|84\/100\n|-activate|p1a: Blastoise|move: Magma Storm|[of] p2a: Heatran\n|\n|-heal|p2a: Heatran|88\/100|[from] item: Leftovers\n|-heal|p1a: Blastoise|91\/100|[from] item: Leftovers\n|-damage|p1a: Blastoise|78\/100|[from] move: Magma Storm|[partiallytrapped]\n|upkeep\n|turn|41\n|inactive|Najirs has 240 seconds left.\n|inactive|DeathRayKPK has 120 seconds left.\n|\n|t:|1700142180\n|move|p2a: Heatran|Toxic|p1a: Blastoise\n|-status|p1a: Blastoise|tox\n|move|p1a: Blastoise|Rapid Spin|p2a: Heatran\n|-damage|p2a: Heatran|81\/100\n|-boost|p1a: Blastoise|spe|1\n|-end|p1a: Blastoise|Magma Storm|[partiallytrapped]\n|\n|-heal|p1a: Blastoise|84\/100 tox|[from] item: Leftovers\n|-heal|p2a: Heatran|87\/100|[from] item: Leftovers\n|-damage|p1a: Blastoise|78\/100 tox|[from] psn\n|upkeep\n|turn|42\n|inactive|Najirs has 240 seconds left.\n|inactive|DeathRayKPK has 120 seconds left.\n|\n|t:|1700142201\n|move|p1a: Blastoise|Rapid Spin|p2a: Heatran\n|-damage|p2a: Heatran|79\/100\n|-boost|p1a: Blastoise|spe|1\n|move|p2a: Heatran|Earth Power|p1a: Blastoise\n|-damage|p1a: Blastoise|59\/100 tox\n|\n|-heal|p1a: Blastoise|65\/100 tox|[from] item: Leftovers\n|-heal|p2a: Heatran|85\/100|[from] item: Leftovers\n|-damage|p1a: Blastoise|53\/100 tox|[from] psn\n|upkeep\n|turn|43\n|inactive|Najirs has 240 seconds left.\n|\n|t:|1700142222\n|switch|p2a: Corviknight|Corviknight, F|100\/100\n|move|p1a: Blastoise|Toxic|p2a: Corviknight\n|-immune|p2a: Corviknight\n|\n|-heal|p1a: Blastoise|59\/100 tox|[from] item: Leftovers\n|-damage|p1a: Blastoise|41\/100 tox|[from] psn\n|upkeep\n|turn|44\n|inactive|Najirs has 240 seconds left.\n|\n|t:|1700142235\n|switch|p1a: Slowking|Slowking-Galar, F|67\/100\n|move|p2a: Corviknight|Bulk Up|p2a: Corviknight\n|-boost|p2a: Corviknight|atk|1\n|-boost|p2a: Corviknight|def|1\n|\n|upkeep\n|turn|45\n|inactive|Najirs has 240 seconds left.\n|\n|t:|1700142257\n|switch|p2a: Heatran|Heatran, F, tera:Bug|85\/100\n|move|p1a: Slowking|Ice Beam|p2a: Heatran\n|-damage|p2a: Heatran|67\/100\n|\n|-heal|p2a: Heatran|74\/100|[from] item: Leftovers\n|upkeep\n|turn|46\n|inactive|DeathRayKPK has 90 seconds left.\n|\n|t:|1700142279\n|switch|p1a: Zapdos|Zapdos|46\/100\n|move|p2a: Heatran|Earth Power|p1a: Zapdos\n|-immune|p1a: Zapdos\n|\n|-heal|p2a: Heatran|80\/100|[from] item: Leftovers\n|upkeep\n|turn|47\n|inactive|DeathRayKPK has 90 seconds left.\n|\n|t:|1700142306\n|switch|p2a: Corviknight|Corviknight, F|100\/100\n|move|p1a: Zapdos|Hurricane|p2a: Corviknight|[miss]\n|-miss|p1a: Zapdos|p2a: Corviknight\n|\n|upkeep\n|turn|48\n|\n|t:|1700142329\n|switch|p2a: Ferrothorn|Ferrothorn, F|20\/100\n|move|p1a: Zapdos|Roost|p1a: Zapdos\n|-heal|p1a: Zapdos|96\/100\n|-singleturn|p1a: Zapdos|move: Roost\n|\n|-heal|p2a: Ferrothorn|27\/100|[from] item: Leftovers\n|upkeep\n|turn|49\n|inactive|DeathRayKPK has 60 seconds left.\n|\n|t:|1700142350\n|move|p2a: Ferrothorn|Protect|p2a: Ferrothorn\n|-singleturn|p2a: Ferrothorn|Protect\n|move|p1a: Zapdos|Volt Switch|p2a: Ferrothorn\n|-activate|p2a: Ferrothorn|move: Protect\n|\n|-heal|p2a: Ferrothorn|33\/100|[from] item: Leftovers\n|upkeep\n|turn|50\n|inactive|DeathRayKPK has 60 seconds left.\n|\n|t:|1700142366\n|move|p1a: Zapdos|Volt Switch|p2a: Ferrothorn\n|-resisted|p2a: Ferrothorn\n|-damage|p2a: Ferrothorn|21\/100\n|\n|t:|1700142377\n|switch|p1a: Slowking|Slowking-Galar, F|100\/100|[from] Volt Switch\n|move|p2a: Ferrothorn|Leech Seed|p1a: Slowking\n|-start|p1a: Slowking|move: Leech Seed\n|\n|-heal|p2a: Ferrothorn|27\/100|[from] item: Leftovers\n|-damage|p1a: Slowking|88\/100|[from] Leech Seed|[of] p2a: Ferrothorn\n|-heal|p2a: Ferrothorn|41\/100|[silent]\n|upkeep\n|turn|51\n|inactive|DeathRayKPK has 60 seconds left.\n|\n|t:|1700142390\n|switch|p1a: Zapdos|Zapdos|96\/100\n|move|p2a: Ferrothorn|Protect||[still]\n|-fail|p2a: Ferrothorn\n|\n|-heal|p2a: Ferrothorn|47\/100|[from] item: Leftovers\n|upkeep\n|turn|52\n|inactive|DeathRayKPK has 60 seconds left.\n|\n|t:|1700142410\n|move|p1a: Zapdos|Defog|p2a: Ferrothorn\n|-unboost|p2a: Ferrothorn|evasion|1\n|move|p2a: Ferrothorn|Leech Seed|p1a: Zapdos\n|-start|p1a: Zapdos|move: Leech Seed\n|\n|-heal|p2a: Ferrothorn|53\/100|[from] item: Leftovers\n|-damage|p1a: Zapdos|84\/100|[from] Leech Seed|[of] p2a: Ferrothorn\n|-heal|p2a: Ferrothorn|67\/100|[silent]\n|upkeep\n|turn|53\n|\n|t:|1700142425\n|switch|p1a: Slowking|Slowking-Galar, F|100\/100\n|move|p2a: Ferrothorn|Protect||[still]\n|-fail|p2a: Ferrothorn\n|\n|-heal|p2a: Ferrothorn|73\/100|[from] item: Leftovers\n|upkeep\n|turn|54\n|\n|t:|1700142434\n|switch|p2a: Heatran|Heatran, F, tera:Bug|80\/100\n|move|p1a: Slowking|Flamethrower|p2a: Heatran\n|-start|p2a: Heatran|ability: Flash Fire\n|\n|-heal|p2a: Heatran|86\/100|[from] item: Leftovers\n|upkeep\n|turn|55\n|\n|t:|1700142447\n|switch|p1a: Blastoise|Blastoise, F|41\/100 tox\n|move|p2a: Heatran|Toxic|p1a: Blastoise\n|-fail|p1a: Blastoise|tox\n|\n|-heal|p2a: Heatran|92\/100|[from] item: Leftovers\n|-heal|p1a: Blastoise|47\/100 tox|[from] item: Leftovers\n|-damage|p1a: Blastoise|41\/100 tox|[from] psn\n|upkeep\n|turn|56\n|\n|t:|1700142457\n|-end|p2a: Heatran|ability: Flash Fire|[silent]\n|switch|p2a: Ferrothorn|Ferrothorn, F|73\/100\n|move|p1a: Blastoise|Toxic|p2a: Ferrothorn|[miss]\n|-miss|p1a: Blastoise|p2a: Ferrothorn\n|\n|-heal|p1a: Blastoise|47\/100 tox|[from] item: Leftovers\n|-heal|p2a: Ferrothorn|79\/100|[from] item: Leftovers\n|-damage|p1a: Blastoise|35\/100 tox|[from] psn\n|upkeep\n|turn|57\n|inactive|DeathRayKPK has 60 seconds left.\n|\n|t:|1700142475\n|switch|p1a: Zapdos|Zapdos|84\/100\n|move|p2a: Ferrothorn|Stealth Rock|p1a: Zapdos\n|-sidestart|p1: Najirs|move: Stealth Rock\n|\n|-heal|p2a: Ferrothorn|86\/100|[from] item: Leftovers\n|upkeep\n|turn|58\n|inactive|DeathRayKPK has 60 seconds left.\n|inactive|Najirs has 210 seconds left.\n|c|\u2606Najirs|How is this motherfucker back at full health\n|c|\u2606DeathRayKPK|keep quiet you lucky ass\n|\n|t:|1700142510\n|move|p1a: Zapdos|Defog|p2a: Ferrothorn\n|-unboost|p2a: Ferrothorn|evasion|1\n|-sideend|p1: Najirs|Stealth Rock|[from] move: Defog|[of] p1a: Zapdos\n|move|p2a: Ferrothorn|Leech Seed|p1a: Zapdos\n|-start|p1a: Zapdos|move: Leech Seed\n|\n|-heal|p2a: Ferrothorn|92\/100|[from] item: Leftovers\n|-damage|p1a: Zapdos|71\/100|[from] Leech Seed|[of] p2a: Ferrothorn\n|-heal|p2a: Ferrothorn|100\/100|[silent]\n|upkeep\n|turn|59\n|inactive|DeathRayKPK has 60 seconds left.\n|c|\u2606DeathRayKPK|I struggled through your harsh ass luck\n|\n|t:|1700142523\n|switch|p1a: Slowking|Slowking-Galar, F|100\/100\n|move|p2a: Ferrothorn|Stealth Rock|p1a: Slowking\n|-sidestart|p1: Najirs|move: Stealth Rock\n|\n|upkeep\n|turn|60\n|inactive|DeathRayKPK has 60 seconds left.\n|\n|t:|1700142533\n|switch|p2a: Heatran|Heatran, F, tera:Bug|92\/100\n|move|p1a: Slowking|Future Sight|p2a: Heatran\n|-start|p1a: Slowking|move: Future Sight\n|\n|-heal|p2a: Heatran|98\/100|[from] item: Leftovers\n|upkeep\n|turn|61\n|inactive|Najirs has 210 seconds left.\n|inactive|DeathRayKPK has 60 seconds left.\n|\n|t:|1700142543\n|move|p2a: Heatran|Magma Storm|p1a: Slowking\n|-damage|p1a: Slowking|80\/100\n|-activate|p1a: Slowking|move: Magma Storm|[of] p2a: Heatran\n|move|p1a: Slowking|Ice Beam|p2a: Heatran\n|-damage|p2a: Heatran|81\/100\n|\n|-heal|p2a: Heatran|87\/100|[from] item: Leftovers\n|-damage|p1a: Slowking|67\/100|[from] move: Magma Storm|[partiallytrapped]\n|upkeep\n|turn|62\n|inactive|Najirs has 210 seconds left.\n|inactive|DeathRayKPK has 60 seconds left.\n|\n|t:|1700142557\n|move|p2a: Heatran|Earth Power|p1a: Slowking\n|-supereffective|p1a: Slowking\n|-damage|p1a: Slowking|43\/100\n|move|p1a: Slowking|Sludge Wave|p2a: Heatran\n|-damage|p2a: Heatran|59\/100\n|\n|-end|p2a: Heatran|move: Future Sight\n|-damage|p2a: Heatran|28\/100\n|-heal|p2a: Heatran|34\/100|[from] item: Leftovers\n|-damage|p1a: Slowking|31\/100|[from] move: Magma Storm|[partiallytrapped]\n|upkeep\n|turn|63\n|inactive|Najirs has 210 seconds left.\n|inactive|DeathRayKPK has 60 seconds left.\n|\n|t:|1700142575\n|move|p2a: Heatran|Earth Power|p1a: Slowking\n|-supereffective|p1a: Slowking\n|-damage|p1a: Slowking|9\/100\n|-unboost|p1a: Slowking|spd|1\n|move|p1a: Slowking|Sludge Wave|p2a: Heatran\n|-damage|p2a: Heatran|10\/100\n|\n|-heal|p2a: Heatran|17\/100|[from] item: Leftovers\n|-damage|p1a: Slowking|0 fnt|[from] move: Magma Storm|[partiallytrapped]\n|faint|p1a: Slowking\n|upkeep\n|inactive|Najirs has 210 seconds left.\n|c|\u2606DeathRayKPK|FINALLY\n|c|\u2606DeathRayKPK|sheesh\n|c|\u2606Najirs|Fucking hell\n|c|\u2606DeathRayKPK|fkn fatass\n|\n|t:|1700142602\n|switch|p1a: Sneasler|Sneasler, M|100\/100\n|-damage|p1a: Sneasler|95\/100|[from] Stealth Rock\n|turn|64\n|c|\u2606DeathRayKPK|damn\n|c|\u2606DeathRayKPK|sneasler looks different\n|inactive|DeathRayKPK has 60 seconds left.\n|c|\u2606Najirs|YYOOOOOOOOO\n|c|\u2606Najirs|THEY GAVE MY BABY ANIMATIONS\n|inactive|Najirs has 180 seconds left.\n|c|\u2606Najirs|FUCKING FINALLY\n|c|\u2606Najirs|LETSSAS FUCKING GOOOOOOOO\n|\n|t:|1700142636\n|switch|p2a: Corviknight|Corviknight, F|100\/100\n|move|p1a: Sneasler|Close Combat|p2a: Corviknight\n|-damage|p2a: Corviknight|58\/100\n|-unboost|p1a: Sneasler|def|1\n|-unboost|p1a: Sneasler|spd|1\n|-damage|p1a: Sneasler|78\/100|[from] item: Rocky Helmet|[of] p2a: Corviknight\n|\n|upkeep\n|turn|65\n|\n|t:|1700142650\n|switch|p1a: Zapdos|Zapdos|71\/100\n|move|p2a: Corviknight|Roost|p2a: Corviknight\n|-heal|p2a: Corviknight|100\/100\n|-singleturn|p2a: Corviknight|move: Roost\n|\n|upkeep\n|turn|66\n|\n|t:|1700142671\n|switch|p2a: Ferrothorn|Ferrothorn, F|100\/100\n|move|p1a: Zapdos|Defog|p2a: Ferrothorn\n|-unboost|p2a: Ferrothorn|evasion|1\n|-sideend|p1: Najirs|Stealth Rock|[from] move: Defog|[of] p1a: Zapdos\n|\n|upkeep\n|turn|67\n|inactive|Najirs has 180 seconds left.\n|inactive|DeathRayKPK has 30 seconds left.\n|c|\u2606DeathRayKPK|why is this test game\n|c|\u2606DeathRayKPK|going on longer than\n|c|\u2606DeathRayKPK|the actual game\n|c|\u2606Najirs|Lmaooooo\n|inactive|DeathRayKPK has 20 seconds left.\n|\n|t:|1700142697\n|move|p1a: Zapdos|Volt Switch|p2a: Ferrothorn\n|-resisted|p2a: Ferrothorn\n|-damage|p2a: Ferrothorn|89\/100\n|inactive|DeathRayKPK has 25 seconds left this turn.\n|\n|t:|1700142702\n|switch|p1a: Sneasler|Sneasler, M|78\/100|[from] Volt Switch\n|move|p2a: Ferrothorn|Stealth Rock|p1a: Sneasler\n|-sidestart|p1: Najirs|move: Stealth Rock\n|\n|-heal|p2a: Ferrothorn|95\/100|[from] item: Leftovers\n|upkeep\n|turn|68\n|inactive|DeathRayKPK has 30 seconds left.\n|inactive|DeathRayKPK has 20 seconds left.\n|\n|t:|1700142718\n|switch|p2a: Corviknight|Corviknight, F|100\/100\n|move|p1a: Sneasler|Swords Dance|p1a: Sneasler\n|-boost|p1a: Sneasler|atk|2\n|\n|upkeep\n|turn|69\n|inactive|DeathRayKPK has 30 seconds left this turn.\n|inactive|DeathRayKPK has 20 seconds left.\n|\n|t:|1700142732\n|move|p1a: Sneasler|Swords Dance|p1a: Sneasler\n|-boost|p1a: Sneasler|atk|2\n|move|p2a: Corviknight|Bulk Up|p2a: Corviknight\n|-boost|p2a: Corviknight|atk|1\n|-boost|p2a: Corviknight|def|1\n|\n|upkeep\n|turn|70\n|inactive|DeathRayKPK has 30 seconds left this turn.\n|inactive|DeathRayKPK has 20 seconds left.\n|\n|t:|1700142743\n|move|p1a: Sneasler|Close Combat|p2a: Corviknight\n|-damage|p2a: Corviknight|14\/100\n|-unboost|p1a: Sneasler|def|1\n|-unboost|p1a: Sneasler|spd|1\n|-damage|p1a: Sneasler|61\/100|[from] item: Rocky Helmet|[of] p2a: Corviknight\n|move|p2a: Corviknight|Bulk Up|p2a: Corviknight\n|-boost|p2a: Corviknight|atk|1\n|-boost|p2a: Corviknight|def|1\n|\n|upkeep\n|turn|71\n|inactive|DeathRayKPK has 30 seconds left this turn.\n|inactive|DeathRayKPK has 20 seconds left.\n|inactive|DeathRayKPK has 15 seconds left.\n|inactive|DeathRayKPK has 10 seconds left.\n|c|\u2606DeathRayKPK|oh I gave this guy SD uh\n|inactive|DeathRayKPK has 5 seconds left.\n|inactiveoff|Battle timer is now OFF.\n|\n|t:|1700142770\n|move|p1a: Sneasler|Close Combat|p2a: Corviknight\n|-damage|p2a: Corviknight|0 fnt\n|-unboost|p1a: Sneasler|def|1\n|-unboost|p1a: Sneasler|spd|1\n|-damage|p1a: Sneasler|45\/100|[from] item: Rocky Helmet|[of] p2a: Corviknight\n|faint|p2a: Corviknight\n|\n|upkeep\n|\n|t:|1700142777\n|switch|p2a: Heatran|Heatran, F, tera:Bug|17\/100\n|turn|72\n|c|\u2606Najirs|Bitch watch out for timer\n|c|\u2606DeathRayKPK|nah that's okay\n|c|\u2606DeathRayKPK|I keep track\n|c|\u2606DeathRayKPK|on PC\n|inactive|Battle timer is ON: inactive players will automatically lose when time's up. (requested by DeathRayKPK)\n|inactive|DeathRayKPK has 10 seconds left this turn.\n|\n|t:|1700142792\n|move|p1a: Sneasler|Dire Claw|p2a: Heatran\n|-damage|p2a: Heatran|0 fnt\n|faint|p2a: Heatran\n|\n|upkeep\n|inactive|DeathRayKPK has 15 seconds left this turn.\n|\n|t:|1700142797\n|switch|p2a: Ferrothorn|Ferrothorn, F|95\/100\n|turn|73\n|inactive|DeathRayKPK has 25 seconds left this turn.\n|\n|t:|1700142802\n|move|p2a: Ferrothorn|Protect|p2a: Ferrothorn\n|-singleturn|p2a: Ferrothorn|Protect\n|move|p1a: Sneasler|Close Combat|p2a: Ferrothorn\n|-activate|p2a: Ferrothorn|move: Protect\n|\n|-heal|p2a: Ferrothorn|100\/100|[from] item: Leftovers\n|upkeep\n|turn|74\n|inactive|DeathRayKPK has 30 seconds left.\n|\n|t:|1700142812\n|-terastallize|p1a: Sneasler|Rock\n|move|p1a: Sneasler|Close Combat|p2a: Ferrothorn\n|-supereffective|p2a: Ferrothorn\n|-damage|p2a: Ferrothorn|0 fnt\n|-unboost|p1a: Sneasler|def|1\n|-unboost|p1a: Sneasler|spd|1\n|-damage|p1a: Sneasler|32\/100|[from] ability: Iron Barbs|[of] p2a: Ferrothorn\n|faint|p2a: Ferrothorn\n|\n|win|Najirs\n|inactive|DeathRayKPK has 30 seconds left this turn.\n|c|\u2606DeathRayKPK|gg\n|c|\u2606Najirs|Gg\n|c|\u2606DeathRayKPK|well then power trip corvi isn't a smart idea\n|c|\u2606DeathRayKPK|best stick to the known stuff\n|c|\u2606Najirs|Yeah\n","uploadtime":1700143584,"views":5,"p1id":"najirs","p2id":"deathraykpk","formatid":"gen9nationaldex","rating":0,"private":0,"password":""}