{"id":"gen9nationaldex-1989568204","p1":"qhjm1","p2":"daniel241595","format":"[Gen 9] National Dex","log":"|j|\u2606qhjm1\n|j|\u2606daniel241595\n|t:|1699872590\n|gametype|singles\n|player|p1|qhjm1|1|1452\n|player|p2|daniel241595|gambler|1492\n|teamsize|p1|6\n|teamsize|p2|6\n|gen|9\n|tier|[Gen 9] National Dex\n|rated|\n|rule|HP Percentage Mod: HP is shown in percentages\n|rule|Endless Battle Clause: Forcing endless battles is banned\n|rule|OHKO Clause: OHKO moves are banned\n|rule|Evasion Clause: Evasion abilities, items, and moves are banned\n|rule|Evasion Abilities Clause: Evasion abilities are banned\n|rule|Evasion Items Clause: Evasion items are banned\n|rule|Evasion Moves Clause: Evasion moves are banned\n|rule|Species Clause: Limit one of each Pok\u00e9mon\n|rule|Sleep Clause Mod: Limit one foe put to sleep\n|clearpoke\n|poke|p1|Tapu Koko|\n|poke|p1|Iron Treads|\n|poke|p1|Iron Leaves|\n|poke|p1|Iron Moth|\n|poke|p1|Iron Hands|\n|poke|p1|Iron Jugulis|\n|poke|p2|Arcanine, M|\n|poke|p2|Ampharos, F|\n|poke|p2|Swampert, M|\n|poke|p2|Florges, F|\n|poke|p2|Rillaboom, M|\n|poke|p2|Cetitan, F|\n|teampreview\n|\n|t:|1699872595\n|start\n|switch|p1a: Tapu Koko|Tapu Koko|100\/100\n|switch|p2a: Rillaboom|Rillaboom, M|100\/100\n|-fieldstart|move: Electric Terrain|[from] ability: Electric Surge|[of] p1a: Tapu Koko\n|-fieldstart|move: Grassy Terrain|[from] ability: Grassy Surge|[of] p2a: Rillaboom\n|turn|1\n|inactive|Battle timer is ON: inactive players will automatically lose when time's up. (requested by daniel241595)\n|\n|t:|1699872602\n|move|p1a: Tapu Koko|Volt Switch|p2a: Rillaboom\n|-resisted|p2a: Rillaboom\n|-damage|p2a: Rillaboom|81\/100\n|\n|t:|1699872606\n|switch|p1a: Iron Moth|Iron Moth|100\/100|[from] Volt Switch\n|move|p2a: Rillaboom|U-turn|p1a: Iron Moth\n|-resisted|p1a: Iron Moth\n|-crit|p1a: Iron Moth\n|-damage|p1a: Iron Moth|79\/100\n|\n|t:|1699872618\n|switch|p2a: Ampharos|Ampharos, F|100\/100|[from] U-turn\n|\n|-heal|p1a: Iron Moth|85\/100|[from] Grassy Terrain\n|upkeep\n|turn|2\n|\n|t:|1699872633\n|detailschange|p2a: Ampharos|Ampharos-Mega, F\n|-mega|p2a: Ampharos|Ampharos|Ampharosite\n|-ability|p2a: Ampharos|Mold Breaker\n|move|p1a: Iron Moth|Energy Ball|p2a: Ampharos\n|-resisted|p2a: Ampharos\n|-damage|p2a: Ampharos|82\/100\n|-unboost|p2a: Ampharos|spd|1\n|move|p2a: Ampharos|Dragon Pulse|p1a: Iron Moth\n|-damage|p1a: Iron Moth|25\/100\n|\n|-heal|p1a: Iron Moth|31\/100|[from] Grassy Terrain\n|-heal|p2a: Ampharos|88\/100|[from] Grassy Terrain\n|upkeep\n|turn|3\n|\n|t:|1699872651\n|-end|p1a: Iron Moth|Quark Drive|[silent]\n|switch|p1a: Tapu Koko|Tapu Koko|100\/100\n|-fieldstart|move: Electric Terrain|[from] ability: Electric Surge|[of] p1a: Tapu Koko\n|switch|p2a: Arcanine|Arcanine, M|100\/100\n|-ability|p2a: Arcanine|Intimidate|boost\n|-unboost|p1a: Tapu Koko|atk|1\n|\n|upkeep\n|turn|4\n|\n|t:|1699872658\n|switch|p2a: Swampert|Swampert, M|100\/100\n|move|p1a: Tapu Koko|Taunt|p2a: Swampert\n|-start|p2a: Swampert|move: Taunt\n|\n|upkeep\n|turn|5\n|\n|t:|1699872671\n|switch|p1a: Iron Leaves|Iron Leaves|100\/100\n|-activate|p1a: Iron Leaves|ability: Quark Drive\n|-start|p1a: Iron Leaves|quarkdrivespe\n|switch|p2a: Florges|Florges, F|100\/100\n|\n|upkeep\n|turn|6\n|\n|t:|1699872684\n|move|p1a: Iron Leaves|Swords Dance|p1a: Iron Leaves\n|-boost|p1a: Iron Leaves|atk|2\n|move|p2a: Florges|Moonblast|p1a: Iron Leaves\n|-damage|p1a: Iron Leaves|67\/100\n|\n|upkeep\n|turn|7\n|\n|t:|1699872697\n|-terastallize|p1a: Iron Leaves|Steel\n|move|p1a: Iron Leaves|Swords Dance|p1a: Iron Leaves\n|-boost|p1a: Iron Leaves|atk|2\n|move|p2a: Florges|Moonblast|p1a: Iron Leaves\n|-resisted|p1a: Iron Leaves\n|-crit|p1a: Iron Leaves\n|-damage|p1a: Iron Leaves|42\/100\n|\n|upkeep\n|turn|8\n|inactive|daniel241595 has 120 seconds left.\n|\n|t:|1699872729\n|switch|p2a: Swampert|Swampert, M|100\/100\n|move|p1a: Iron Leaves|Leaf Blade|p2a: Swampert\n|-supereffective|p2a: Swampert\n|-damage|p2a: Swampert|0 fnt\n|faint|p2a: Swampert\n|\n|upkeep\n|inactive|daniel241595 has 120 seconds left.\n|inactive|daniel241595 has 90 seconds left.\n|\n|t:|1699872765\n|switch|p2a: Arcanine|Arcanine, M|100\/100\n|-ability|p2a: Arcanine|Intimidate|boost\n|-unboost|p1a: Iron Leaves|atk|1\n|turn|9\n|\n|t:|1699872769\n|move|p2a: Arcanine|Extreme Speed|p1a: Iron Leaves\n|-resisted|p1a: Iron Leaves\n|-damage|p1a: Iron Leaves|21\/100\n|move|p1a: Iron Leaves|Psyblade|p2a: Arcanine\n|-damage|p2a: Arcanine|0 fnt\n|faint|p2a: Arcanine\n|\n|upkeep\n|inactive|daniel241595 has 90 seconds left.\n|\n|t:|1699872790\n|switch|p2a: Rillaboom|Rillaboom, M|81\/100\n|-fieldstart|move: Grassy Terrain|[from] ability: Grassy Surge|[of] p2a: Rillaboom\n|-end|p1a: Iron Leaves|Quark Drive\n|-enditem|p1a: Iron Leaves|Booster Energy\n|-activate|p1a: Iron Leaves|ability: Quark Drive|[fromitem]\n|-start|p1a: Iron Leaves|quarkdriveatk\n|turn|10\n|inactive|daniel241595 has 90 seconds left.\n|\n|t:|1699872803\n|move|p2a: Rillaboom|Grassy Glide|p1a: Iron Leaves\n|-resisted|p1a: Iron Leaves\n|-damage|p1a: Iron Leaves|0 fnt\n|faint|p1a: Iron Leaves\n|-end|p1a: Iron Leaves|Quark Drive|[silent]\n|\n|-heal|p2a: Rillaboom|88\/100|[from] Grassy Terrain\n|upkeep\n|\n|t:|1699872814\n|switch|p1a: Iron Moth|Iron Moth|31\/100\n|turn|11\n|inactive|daniel241595 has 90 seconds left.\n|\n|t:|1699872839\n|move|p2a: Rillaboom|Grassy Glide|p1a: Iron Moth\n|-resisted|p1a: Iron Moth\n|-damage|p1a: Iron Moth|8\/100\n|move|p1a: Iron Moth|Sludge Wave|p2a: Rillaboom\n|-supereffective|p2a: Rillaboom\n|-damage|p2a: Rillaboom|0 fnt\n|faint|p2a: Rillaboom\n|\n|-heal|p1a: Iron Moth|14\/100|[from] Grassy Terrain\n|upkeep\n|\n|t:|1699872846\n|switch|p2a: Cetitan|Cetitan, F, shiny|100\/100\n|turn|12\n|\n|t:|1699872850\n|-terastallize|p2a: Cetitan|Ground\n|move|p1a: Iron Moth|Sludge Wave|p2a: Cetitan\n|-resisted|p2a: Cetitan\n|-damage|p2a: Cetitan|72\/100\n|-status|p2a: Cetitan|psn\n|move|p2a: Cetitan|Belly Drum|p2a: Cetitan\n|-damage|p2a: Cetitan|22\/100 psn\n|-setboost|p2a: Cetitan|atk|6|[from] move: Belly Drum\n|-enditem|p2a: Cetitan|Salac Berry|[eat]\n|-boost|p2a: Cetitan|spe|1|[from] item: Salac Berry\n|\n|-heal|p1a: Iron Moth|20\/100|[from] Grassy Terrain\n|-heal|p2a: Cetitan|28\/100 psn|[from] Grassy Terrain\n|-damage|p2a: Cetitan|15\/100 psn|[from] psn\n|upkeep\n|turn|13\n|inactive|daniel241595 has 90 seconds left.\n|\n|t:|1699872858\n|move|p2a: Cetitan|Ice Shard|p1a: Iron Moth\n|-resisted|p1a: Iron Moth\n|-damage|p1a: Iron Moth|0 fnt\n|faint|p1a: Iron Moth\n|-end|p1a: Iron Moth|Quark Drive|[silent]\n|\n|-heal|p2a: Cetitan|22\/100 psn|[from] Grassy Terrain\n|-damage|p2a: Cetitan|9\/100 psn|[from] psn\n|upkeep\n|\n|t:|1699872860\n|switch|p1a: Iron Hands|Iron Hands|100\/100\n|turn|14\n|\n|t:|1699872864\n|move|p1a: Iron Hands|Fake Out|p2a: Cetitan\n|-damage|p2a: Cetitan|0 fnt\n|faint|p2a: Cetitan\n|\n|-fieldend|move: Grassy Terrain\n|upkeep\n|\n|t:|1699872867\n|switch|p2a: Florges|Florges, F|100\/100\n|turn|15\n|\n|t:|1699872870\n|-end|p1a: Iron Hands|Quark Drive|[silent]\n|switch|p1a: Tapu Koko|Tapu Koko|100\/100\n|-fieldstart|move: Electric Terrain|[from] ability: Electric Surge|[of] p1a: Tapu Koko\n|move|p2a: Florges|Moonblast|p1a: Tapu Koko\n|-damage|p1a: Tapu Koko|49\/100\n|\n|upkeep\n|turn|16\n|\n|t:|1699872874\n|move|p1a: Tapu Koko|Volt Switch|p2a: Florges\n|-damage|p2a: Florges|77\/100\n|\n|t:|1699872877\n|switch|p1a: Iron Treads|Iron Treads|100\/100|[from] Volt Switch\n|-activate|p1a: Iron Treads|ability: Quark Drive\n|-start|p1a: Iron Treads|quarkdrivespe\n|-item|p1a: Iron Treads|Air Balloon\n|move|p2a: Florges|Defog|p1a: Iron Treads\n|-unboost|p1a: Iron Treads|evasion|1\n|-fieldend|move: Electric Terrain\n|-end|p1a: Iron Treads|Quark Drive\n|\n|-heal|p2a: Florges|83\/100|[from] item: Leftovers\n|upkeep\n|turn|17\n|\n|t:|1699872883\n|move|p1a: Iron Treads|Earthquake|p2a: Florges\n|-damage|p2a: Florges|42\/100\n|move|p2a: Florges|Moonblast|p1a: Iron Treads\n|-resisted|p1a: Iron Treads\n|-damage|p1a: Iron Treads|76\/100\n|-unboost|p1a: Iron Treads|spa|1\n|-enditem|p1a: Iron Treads|Air Balloon\n|\n|-heal|p2a: Florges|48\/100|[from] item: Leftovers\n|upkeep\n|turn|18\n|\n|t:|1699872887\n|move|p1a: Iron Treads|Earthquake|p2a: Florges\n|-damage|p2a: Florges|8\/100\n|move|p2a: Florges|Synthesis|p2a: Florges\n|-heal|p2a: Florges|58\/100\n|\n|-heal|p2a: Florges|64\/100|[from] item: Leftovers\n|upkeep\n|turn|19\n|\n|t:|1699872891\n|move|p1a: Iron Treads|Earthquake|p2a: Florges\n|-damage|p2a: Florges|23\/100\n|move|p2a: Florges|Synthesis|p2a: Florges\n|-heal|p2a: Florges|72\/100\n|\n|-heal|p2a: Florges|78\/100|[from] item: Leftovers\n|upkeep\n|turn|20\n|\n|t:|1699872896\n|move|p1a: Iron Treads|Earthquake|p2a: Florges\n|-damage|p2a: Florges|37\/100\n|move|p2a: Florges|Synthesis|p2a: Florges\n|-heal|p2a: Florges|87\/100\n|\n|-heal|p2a: Florges|93\/100|[from] item: Leftovers\n|upkeep\n|turn|21\n|\n|t:|1699872899\n|move|p1a: Iron Treads|Earthquake|p2a: Florges\n|-damage|p2a: Florges|52\/100\n|move|p2a: Florges|Moonblast|p1a: Iron Treads\n|-resisted|p1a: Iron Treads\n|-damage|p1a: Iron Treads|49\/100\n|\n|-heal|p2a: Florges|58\/100|[from] item: Leftovers\n|upkeep\n|turn|22\n|\n|t:|1699872904\n|move|p1a: Iron Treads|Earthquake|p2a: Florges\n|-damage|p2a: Florges|16\/100\n|move|p2a: Florges|Synthesis|p2a: Florges\n|-heal|p2a: Florges|66\/100\n|\n|-heal|p2a: Florges|72\/100|[from] item: Leftovers\n|upkeep\n|turn|23\n|\n|t:|1699872909\n|move|p1a: Iron Treads|Earthquake|p2a: Florges\n|-damage|p2a: Florges|29\/100\n|move|p2a: Florges|Synthesis|p2a: Florges\n|-heal|p2a: Florges|79\/100\n|\n|-heal|p2a: Florges|85\/100|[from] item: Leftovers\n|upkeep\n|turn|24\n|\n|t:|1699872913\n|move|p1a: Iron Treads|Earthquake|p2a: Florges\n|-damage|p2a: Florges|41\/100\n|move|p2a: Florges|Wish|p2a: Florges\n|\n|-heal|p2a: Florges|47\/100|[from] item: Leftovers\n|upkeep\n|turn|25\n|\n|t:|1699872918\n|move|p1a: Iron Treads|Earthquake|p2a: Florges\n|-damage|p2a: Florges|6\/100\n|move|p2a: Florges|Moonblast|p1a: Iron Treads\n|-resisted|p1a: Iron Treads\n|-damage|p1a: Iron Treads|22\/100\n|-unboost|p1a: Iron Treads|spa|1\n|\n|-heal|p2a: Florges|56\/100|[from] move: Wish|[wisher] Florges\n|-heal|p2a: Florges|62\/100|[from] item: Leftovers\n|upkeep\n|turn|26\n|\n|t:|1699872922\n|move|p1a: Iron Treads|Earthquake|p2a: Florges\n|-damage|p2a: Florges|23\/100\n|move|p2a: Florges|Synthesis|p2a: Florges\n|-heal|p2a: Florges|73\/100\n|\n|-heal|p2a: Florges|79\/100|[from] item: Leftovers\n|upkeep\n|turn|27\n|\n|t:|1699872927\n|move|p1a: Iron Treads|Earthquake|p2a: Florges\n|-damage|p2a: Florges|37\/100\n|move|p2a: Florges|Synthesis|p2a: Florges\n|-heal|p2a: Florges|87\/100\n|\n|-heal|p2a: Florges|93\/100|[from] item: Leftovers\n|upkeep\n|turn|28\n|\n|t:|1699872932\n|move|p1a: Iron Treads|Earthquake|p2a: Florges\n|-damage|p2a: Florges|52\/100\n|move|p2a: Florges|Moonblast|p1a: Iron Treads\n|-resisted|p1a: Iron Treads\n|-damage|p1a: Iron Treads|0 fnt\n|faint|p1a: Iron Treads\n|-end|p1a: Iron Treads|Quark Drive|[silent]\n|\n|-heal|p2a: Florges|58\/100|[from] item: Leftovers\n|upkeep\n|\n|t:|1699872939\n|switch|p1a: Tapu Koko|Tapu Koko|49\/100\n|-fieldstart|move: Electric Terrain|[from] ability: Electric Surge|[of] p1a: Tapu Koko\n|turn|29\n|\n|t:|1699872955\n|move|p1a: Tapu Koko|Taunt|p2a: Florges\n|-start|p2a: Florges|move: Taunt\n|cant|p2a: Florges|move: Taunt|Synthesis\n|\n|-heal|p2a: Florges|64\/100|[from] item: Leftovers\n|upkeep\n|turn|30\n|\n|t:|1699872972\n|move|p1a: Tapu Koko|Dazzling Gleam|p2a: Florges\n|-damage|p2a: Florges|43\/100\n|move|p2a: Florges|Moonblast|p1a: Tapu Koko\n|-damage|p1a: Tapu Koko|0 fnt\n|faint|p1a: Tapu Koko\n|\n|-heal|p2a: Florges|49\/100|[from] item: Leftovers\n|upkeep\n|\n|t:|1699872975\n|switch|p1a: Iron Hands|Iron Hands|100\/100\n|-activate|p1a: Iron Hands|ability: Quark Drive\n|-start|p1a: Iron Hands|quarkdriveatk\n|turn|31\n|\n|t:|1699872983\n|move|p2a: Florges|Moonblast|p1a: Iron Hands\n|-supereffective|p1a: Iron Hands\n|-damage|p1a: Iron Hands|19\/100\n|move|p1a: Iron Hands|Thunder Punch|p2a: Florges\n|-damage|p2a: Florges|0 fnt\n|faint|p2a: Florges\n|\n|-heal|p1a: Iron Hands|25\/100|[from] item: Leftovers\n|upkeep\n|\n|t:|1699872986\n|switch|p2a: Ampharos|Ampharos-Mega, F|88\/100\n|-ability|p2a: Ampharos|Mold Breaker\n|turn|32\n|\n|t:|1699872989\n|move|p2a: Ampharos|Dragon Pulse|p1a: Iron Hands\n|-crit|p1a: Iron Hands\n|-damage|p1a: Iron Hands|0 fnt\n|faint|p1a: Iron Hands\n|-end|p1a: Iron Hands|Quark Drive|[silent]\n|\n|upkeep\n|\n|t:|1699872992\n|switch|p1a: Iron Jugulis|Iron Jugulis|100\/100\n|-activate|p1a: Iron Jugulis|ability: Quark Drive\n|-start|p1a: Iron Jugulis|quarkdrivespe\n|turn|33\n|\n|t:|1699872993\n|-zpower|p1a: Iron Jugulis\n|move|p1a: Iron Jugulis|Supersonic Skystrike|p2a: Ampharos|[zeffect]\n|-resisted|p2a: Ampharos\n|-crit|p2a: Ampharos\n|-damage|p2a: Ampharos|29\/100\n|move|p2a: Ampharos|Volt Switch|p1a: Iron Jugulis\n|-supereffective|p1a: Iron Jugulis\n|-damage|p1a: Iron Jugulis|0 fnt\n|faint|p1a: Iron Jugulis\n|-end|p1a: Iron Jugulis|Quark Drive|[silent]\n|\n|win|daniel241595\n|raw|qhjm1's rating: 1452 &rarr; <strong>1434<\/strong><br \/>(-18 for losing)\n|raw|daniel241595's rating: 1492 &rarr; <strong>1510<\/strong><br \/>(+18 for winning)\n","uploadtime":1699872997,"views":20,"p1id":"qhjm1","p2id":"daniel241595","formatid":"gen9nationaldex","rating":1434,"private":0,"password":""}