{"id":"gen9nationaldex-1999737550","p1":"Yoye420","p2":"C9 MEEHE","format":"[Gen 9] National Dex","log":"|html|<div class=\"broadcast-blue\"><strong>[Gen 9] National Dex is currently suspecting Sneasler! For information on how to participate check out the <a href=\"https:\/\/www.smogon.com\/forums\/threads\/sv-national-dex-suspect-8-just-dance.3731534\/\">suspect thread<\/a>.<\/strong><\/div>\n|j|\u2606Yoye420\n|j|\u2606C9 MEEHE\n|t:|1701112262\n|gametype|singles\n|player|p1|Yoye420|ethan|1060\n|player|p2|C9 MEEHE|smasher|1073\n|teamsize|p1|6\n|teamsize|p2|6\n|gen|9\n|tier|[Gen 9] National Dex\n|rated|\n|rule|HP Percentage Mod: HP is shown in percentages\n|rule|Endless Battle Clause: Forcing endless battles is banned\n|rule|OHKO Clause: OHKO moves are banned\n|rule|Evasion Clause: Evasion abilities, items, and moves are banned\n|rule|Evasion Abilities Clause: Evasion abilities are banned\n|rule|Evasion Items Clause: Evasion items are banned\n|rule|Evasion Moves Clause: Evasion moves are banned\n|rule|Species Clause: Limit one of each Pok\u00e9mon\n|rule|Sleep Clause Mod: Limit one foe put to sleep\n|clearpoke\n|poke|p1|Slowbro, F|\n|poke|p1|Umbreon, F|\n|poke|p1|Volcarona, M|\n|poke|p1|Hippowdon, F|\n|poke|p1|Skarmory, M|\n|poke|p1|Crobat, F|\n|poke|p2|Garchomp, F|\n|poke|p2|Rotom-Mow|\n|poke|p2|Aegislash, M|\n|poke|p2|Ferrothorn, F|\n|poke|p2|Mandibuzz, F|\n|poke|p2|Hatterene, F|\n|teampreview\n|inactive|Battle timer is ON: inactive players will automatically lose when time's up. (requested by Yoye420)\n|\n|t:|1701112295\n|start\n|switch|p1a: Hippowdon|Hippowdon, F|100\/100\n|switch|p2a: Ferrothorn|Ferrothorn, F|100\/100\n|-weather|Sandstorm|[from] ability: Sand Stream|[of] p1a: Hippowdon\n|turn|1\n|\n|t:|1701112299\n|move|p1a: Hippowdon|Sand Tomb|p2a: Ferrothorn|[miss]\n|-miss|p1a: Hippowdon|p2a: Ferrothorn\n|move|p2a: Ferrothorn|Leech Seed|p1a: Hippowdon\n|-start|p1a: Hippowdon|move: Leech Seed\n|\n|-weather|Sandstorm|[upkeep]\n|-damage|p1a: Hippowdon|88\/100|[from] Leech Seed|[of] p2a: Ferrothorn\n|upkeep\n|turn|2\n|\n|t:|1701112302\n|switch|p1a: Volcarona|Volcarona, M|100\/100\n|move|p2a: Ferrothorn|Stealth Rock|p1a: Volcarona\n|-sidestart|p1: Yoye420|move: Stealth Rock\n|\n|-weather|Sandstorm|[upkeep]\n|-damage|p1a: Volcarona|94\/100|[from] Sandstorm\n|-heal|p1a: Volcarona|100\/100|[from] item: Leftovers\n|upkeep\n|turn|3\n|\n|t:|1701112306\n|switch|p2a: Nilce|Garchomp, F|100\/100\n|move|p1a: Volcarona|Fiery Dance|p2a: Nilce\n|-resisted|p2a: Nilce\n|-damage|p2a: Nilce|80\/100\n|\n|-weather|Sandstorm|[upkeep]\n|-damage|p1a: Volcarona|94\/100|[from] Sandstorm\n|-heal|p1a: Volcarona|100\/100|[from] item: Leftovers\n|upkeep\n|turn|4\n|\n|t:|1701112315\n|move|p2a: Nilce|Swords Dance|p2a: Nilce\n|-boost|p2a: Nilce|atk|2\n|move|p1a: Volcarona|Giga Drain|p2a: Nilce\n|-damage|p2a: Nilce|55\/100\n|\n|-weather|Sandstorm|[upkeep]\n|-damage|p1a: Volcarona|94\/100|[from] Sandstorm\n|-heal|p1a: Volcarona|100\/100|[from] item: Leftovers\n|upkeep\n|turn|5\n|\n|t:|1701112321\n|switch|p1a: Skarmory|Skarmory, M|100\/100\n|-damage|p1a: Skarmory|88\/100|[from] Stealth Rock\n|move|p2a: Nilce|Earthquake|p1a: Skarmory\n|-immune|p1a: Skarmory\n|\n|-weather|none\n|upkeep\n|turn|6\n|\n|t:|1701112324\n|move|p2a: Nilce|Outrage|p1a: Skarmory\n|-resisted|p1a: Skarmory\n|-damage|p1a: Skarmory|22\/100\n|-damage|p2a: Nilce|39\/100|[from] item: Rocky Helmet|[of] p1a: Skarmory\n|-damage|p2a: Nilce|29\/100|[from] item: Life Orb\n|move|p1a: Skarmory|Iron Defense|p1a: Skarmory\n|-boost|p1a: Skarmory|def|2\n|\n|upkeep\n|turn|7\n|\n|t:|1701112329\n|move|p2a: Nilce|Outrage|p1a: Skarmory|[from]lockedmove\n|-resisted|p1a: Skarmory\n|-damage|p1a: Skarmory|0 fnt\n|-damage|p2a: Nilce|12\/100|[from] item: Rocky Helmet|[of] p1a: Skarmory\n|faint|p1a: Skarmory\n|-damage|p2a: Nilce|2\/100|[from] item: Life Orb\n|\n|upkeep\n|\n|t:|1701112336\n|switch|p1a: Crobat|Crobat, F|100\/100\n|-damage|p1a: Crobat|76\/100|[from] Stealth Rock\n|turn|8\n|\n|t:|1701112340\n|move|p2a: Nilce|Outrage|p1a: Crobat|[from]lockedmove\n|-damage|p1a: Crobat|0 fnt\n|faint|p1a: Crobat\n|-damage|p2a: Nilce|0 fnt|[from] item: Life Orb\n|faint|p2a: Nilce\n|\n|upkeep\n|-message|Yoye420 forfeited.\n|\n|win|C9 MEEHE\n|raw|Yoye420's rating: 1060 &rarr; <strong>1042<\/strong><br \/>(-18 for losing)\n|raw|C9 MEEHE's rating: 1073 &rarr; <strong>1101<\/strong><br \/>(+28 for winning)\n|l|\u2606Yoye420\n","uploadtime":1701112351,"views":2,"p1id":"yoye420","p2id":"c9meehe","formatid":"gen9nationaldex","rating":1042,"private":0,"password":""}