{"id":"gen9nationaldex-1987451761","p1":"FlyingSudowoodo","p2":"Cheesethe","format":"[Gen 9] National Dex","log":"|j|\u2606FlyingSudowoodo\n|j|\u2606Cheesethe\n|t:|1699593646\n|gametype|singles\n|player|p1|FlyingSudowoodo|cheren|1447\n|player|p2|Cheesethe|170|1561\n|teamsize|p1|6\n|teamsize|p2|6\n|gen|9\n|tier|[Gen 9] National Dex\n|rated|\n|rule|HP Percentage Mod: HP is shown in percentages\n|rule|Endless Battle Clause: Forcing endless battles is banned\n|rule|OHKO Clause: OHKO moves are banned\n|rule|Evasion Clause: Evasion abilities, items, and moves are banned\n|rule|Evasion Abilities Clause: Evasion abilities are banned\n|rule|Evasion Items Clause: Evasion items are banned\n|rule|Evasion Moves Clause: Evasion moves are banned\n|rule|Species Clause: Limit one of each Pok\u00e9mon\n|rule|Sleep Clause Mod: Limit one foe put to sleep\n|clearpoke\n|poke|p1|Pelipper, F|\n|poke|p1|Corviknight, M|\n|poke|p1|Gliscor, M|\n|poke|p1|Talonflame, M|\n|poke|p1|Zapdos|\n|poke|p1|Enamorus, F|\n|poke|p2|Tapu Koko|\n|poke|p2|Iron Valiant|\n|poke|p2|Raichu-Alola, F|\n|poke|p2|Ogerpon-Wellspring, F|\n|poke|p2|Scizor, M|\n|poke|p2|Weavile, F|\n|teampreview\n|inactive|Battle timer is ON: inactive players will automatically lose when time's up. (requested by Cheesethe)\n|\n|t:|1699593669\n|start\n|switch|p1a: Pelipper|Pelipper, F|100\/100\n|switch|p2a: Tapu Koko|Tapu Koko|100\/100\n|-fieldstart|move: Electric Terrain|[from] ability: Electric Surge|[of] p2a: Tapu Koko\n|-weather|RainDance|[from] ability: Drizzle|[of] p1a: Pelipper\n|turn|1\n|\n|t:|1699593680\n|switch|p1a: Gliscor|Gliscor, M, shiny|100\/100\n|move|p2a: Tapu Koko|Thunderbolt|p1a: Gliscor\n|-immune|p1a: Gliscor\n|\n|-weather|RainDance|[upkeep]\n|-status|p1a: Gliscor|tox|[from] item: Toxic Orb\n|upkeep\n|turn|2\n|\n|t:|1699593689\n|move|p2a: Tapu Koko|Hidden Power|p1a: Gliscor\n|-supereffective|p1a: Gliscor\n|-damage|p1a: Gliscor|54\/100 tox\n|move|p1a: Gliscor|Stealth Rock|p2a: Tapu Koko\n|-sidestart|p2: Cheesethe|move: Stealth Rock\n|\n|-weather|RainDance|[upkeep]\n|-heal|p1a: Gliscor|66\/100 tox|[from] ability: Poison Heal\n|upkeep\n|turn|3\n|\n|t:|1699593696\n|move|p2a: Tapu Koko|U-turn|p1a: Gliscor\n|-resisted|p1a: Gliscor\n|-damage|p1a: Gliscor|60\/100 tox\n|\n|t:|1699593699\n|switch|p2a: Ogerpon|Ogerpon-Wellspring, F|100\/100|[from] U-turn\n|-damage|p2a: Ogerpon|88\/100|[from] Stealth Rock\n|move|p1a: Gliscor|Earthquake|p2a: Ogerpon\n|-resisted|p2a: Ogerpon\n|-damage|p2a: Ogerpon|67\/100\n|\n|-weather|RainDance|[upkeep]\n|-heal|p1a: Gliscor|72\/100 tox|[from] ability: Poison Heal\n|upkeep\n|turn|4\n|\n|t:|1699593710\n|switch|p1a: Pelipper|Pelipper, F|100\/100\n|move|p2a: Ogerpon|Ivy Cudgel|p1a: Pelipper\n|-resisted|p1a: Pelipper\n|-damage|p1a: Pelipper|67\/100\n|\n|-weather|RainDance|[upkeep]\n|upkeep\n|turn|5\n|\n|t:|1699593718\n|move|p2a: Ogerpon|Power Whip|p1a: Pelipper\n|-damage|p1a: Pelipper|10\/100\n|move|p1a: Pelipper|Roost|p1a: Pelipper\n|-heal|p1a: Pelipper|60\/100\n|-singleturn|p1a: Pelipper|move: Roost\n|\n|-weather|RainDance|[upkeep]\n|upkeep\n|turn|6\n|\n|t:|1699593727\n|switch|p1a: Corviknight|Corviknight, M, shiny|100\/100\n|move|p2a: Ogerpon|Power Whip|p1a: Corviknight\n|-resisted|p1a: Corviknight\n|-damage|p1a: Corviknight|90\/100\n|-damage|p2a: Ogerpon|50\/100|[from] item: Rocky Helmet|[of] p1a: Corviknight\n|\n|-weather|RainDance|[upkeep]\n|upkeep\n|turn|7\n|\n|t:|1699593735\n|move|p2a: Ogerpon|Swords Dance|p2a: Ogerpon\n|-boost|p2a: Ogerpon|atk|2\n|move|p1a: Corviknight|U-turn|p2a: Ogerpon\n|-supereffective|p2a: Ogerpon\n|-damage|p2a: Ogerpon|11\/100\n|\n|t:|1699593740\n|switch|p1a: Talonflame|Talonflame, M, shiny|100\/100|[from] U-turn\n|\n|-weather|RainDance|[upkeep]\n|upkeep\n|turn|8\n|\n|t:|1699593745\n|move|p1a: Talonflame|Hurricane|p2a: Ogerpon\n|-supereffective|p2a: Ogerpon\n|-damage|p2a: Ogerpon|0 fnt\n|faint|p2a: Ogerpon\n|\n|-weather|none\n|-fieldend|move: Electric Terrain\n|upkeep\n|\n|t:|1699593748\n|switch|p2a: Tapu Koko|Tapu Koko|100\/100\n|-damage|p2a: Tapu Koko|88\/100|[from] Stealth Rock\n|-fieldstart|move: Electric Terrain|[from] ability: Electric Surge|[of] p2a: Tapu Koko\n|turn|9\n|\n|t:|1699593759\n|switch|p1a: Gliscor|Gliscor, M, shiny|72\/100 tox\n|move|p2a: Tapu Koko|Thunderbolt|p1a: Gliscor\n|-immune|p1a: Gliscor\n|\n|-heal|p1a: Gliscor|85\/100 tox|[from] ability: Poison Heal\n|upkeep\n|turn|10\n|\n|t:|1699593767\n|move|p2a: Tapu Koko|U-turn|p1a: Gliscor\n|-resisted|p1a: Gliscor\n|-damage|p1a: Gliscor|78\/100 tox\n|\n|t:|1699593769\n|switch|p2a: Scizor|Scizor, M|100\/100|[from] U-turn\n|-damage|p2a: Scizor|88\/100|[from] Stealth Rock\n|move|p1a: Gliscor|Roost|p1a: Gliscor\n|-heal|p1a: Gliscor|100\/100 tox\n|-singleturn|p1a: Gliscor|move: Roost\n|\n|upkeep\n|turn|11\n|\n|t:|1699593776\n|detailschange|p2a: Scizor|Scizor-Mega, M\n|-mega|p2a: Scizor|Scizor|Scizorite\n|move|p1a: Gliscor|Taunt|p2a: Scizor\n|-start|p2a: Scizor|move: Taunt\n|cant|p2a: Scizor|move: Taunt|Defog\n|\n|upkeep\n|turn|12\n|\n|t:|1699593784\n|switch|p1a: Zapdos|Zapdos|100\/100\n|move|p2a: Scizor|Bullet Punch|p1a: Zapdos\n|-resisted|p1a: Zapdos\n|-damage|p1a: Zapdos|85\/100\n|-status|p2a: Scizor|par|[from] ability: Static|[of] p1a: Zapdos\n|\n|upkeep\n|turn|13\n|\n|t:|1699593792\n|switch|p1a: Pelipper|Pelipper, F|60\/100\n|-weather|RainDance|[from] ability: Drizzle|[of] p1a: Pelipper\n|move|p2a: Scizor|U-turn|p1a: Pelipper\n|-resisted|p1a: Pelipper\n|-damage|p1a: Pelipper|47\/100\n|\n|t:|1699593795\n|switch|p2a: Raichu|Raichu-Alola, F|100\/100|[from] U-turn\n|-damage|p2a: Raichu|88\/100|[from] Stealth Rock\n|\n|-weather|RainDance|[upkeep]\n|upkeep\n|turn|14\n|\n|t:|1699593809\n|-terastallize|p1a: Pelipper|Ground\n|move|p2a: Raichu|Psyshock|p1a: Pelipper\n|-damage|p1a: Pelipper|13\/100\n|-damage|p2a: Raichu|78\/100|[from] item: Life Orb\n|move|p1a: Pelipper|Roost|p1a: Pelipper\n|-heal|p1a: Pelipper|63\/100\n|\n|-weather|RainDance|[upkeep]\n|upkeep\n|turn|15\n|\n|t:|1699593821\n|move|p2a: Raichu|Nasty Plot|p2a: Raichu\n|-boost|p2a: Raichu|spa|2\n|move|p1a: Pelipper|Scald|p2a: Raichu\n|-damage|p2a: Raichu|19\/100\n|-status|p2a: Raichu|brn\n|\n|-weather|RainDance|[upkeep]\n|-damage|p2a: Raichu|12\/100 brn|[from] brn\n|upkeep\n|turn|16\n|\n|t:|1699593830\n|switch|p1a: Corviknight|Corviknight, M, shiny|90\/100\n|move|p2a: Raichu|Psyshock|p1a: Corviknight\n|-resisted|p1a: Corviknight\n|-damage|p1a: Corviknight|63\/100\n|-damage|p2a: Raichu|2\/100 brn|[from] item: Life Orb\n|\n|-weather|RainDance|[upkeep]\n|-damage|p2a: Raichu|0 fnt|[from] brn\n|faint|p2a: Raichu\n|-fieldend|move: Electric Terrain\n|upkeep\n|\n|t:|1699593837\n|switch|p2a: Iron Valiant|Iron Valiant|100\/100\n|-damage|p2a: Iron Valiant|94\/100|[from] Stealth Rock\n|turn|17\n|\n|t:|1699593842\n|move|p2a: Iron Valiant|Thunderbolt|p1a: Corviknight\n|-supereffective|p1a: Corviknight\n|-damage|p1a: Corviknight|0 fnt\n|faint|p1a: Corviknight\n|\n|-weather|RainDance|[upkeep]\n|upkeep\n|\n|t:|1699593849\n|switch|p1a: Talonflame|Talonflame, M, shiny|100\/100\n|turn|18\n|\n|t:|1699593852\n|move|p1a: Talonflame|Hurricane|p2a: Iron Valiant\n|-supereffective|p2a: Iron Valiant\n|-damage|p2a: Iron Valiant|0 fnt\n|faint|p2a: Iron Valiant\n|-end|p2a: Iron Valiant|Quark Drive|[silent]\n|\n|-weather|RainDance|[upkeep]\n|upkeep\n|l|\u2606Cheesethe\n|inactive|Cheesethe disconnected and has a minute to reconnect!\n|player|p2|\n|inactive|Cheesethe has 30 seconds to reconnect!\n|inactive|Cheesethe has 20 seconds to reconnect!\n|inactive|Cheesethe has 15 seconds to reconnect!\n|inactive|Cheesethe has 10 seconds to reconnect!\n|inactive|Cheesethe has 5 seconds to reconnect!\n|-message|Cheesethe lost due to inactivity.\n|\n|win|FlyingSudowoodo\n|raw|FlyingSudowoodo's rating: 1447 &rarr; <strong>1473<\/strong><br \/>(+26 for winning)\n|raw|Cheesethe's rating: 1561 &rarr; <strong>1535<\/strong><br \/>(-26 for losing)\n","uploadtime":1699593939,"views":4,"p1id":"flyingsudowoodo","p2id":"cheesethe","formatid":"gen9nationaldex","rating":1473,"private":0,"password":""}