{"id":"gen9nationaldex-1990922127","p1":"GABRIEL_HU","p2":"prextet","format":"[Gen 9] National Dex","log":"|j|\u2606GABRIEL_HU\n|j|\u2606prextet\n|t:|1700015460\n|gametype|singles\n|player|p1|GABRIEL_HU|guitarist|1354\n|player|p2|prextet|lady-gen4|1295\n|teamsize|p1|6\n|teamsize|p2|6\n|gen|9\n|tier|[Gen 9] National Dex\n|rated|\n|rule|HP Percentage Mod: HP is shown in percentages\n|rule|Endless Battle Clause: Forcing endless battles is banned\n|rule|OHKO Clause: OHKO moves are banned\n|rule|Evasion Clause: Evasion abilities, items, and moves are banned\n|rule|Evasion Abilities Clause: Evasion abilities are banned\n|rule|Evasion Items Clause: Evasion items are banned\n|rule|Evasion Moves Clause: Evasion moves are banned\n|rule|Species Clause: Limit one of each Pok\u00e9mon\n|rule|Sleep Clause Mod: Limit one foe put to sleep\n|clearpoke\n|poke|p1|Garganacl, F|\n|poke|p1|Greninja-*, M|\n|poke|p1|Zapdos|\n|poke|p1|Great Tusk|\n|poke|p1|Heatran, F|\n|poke|p1|Scizor, M|\n|poke|p2|Scizor, F|\n|poke|p2|Heatran, F|\n|poke|p2|Gliscor, M|\n|poke|p2|Toxapex, M|\n|poke|p2|Tapu Lele|\n|poke|p2|Ting-Lu|\n|teampreview\n|\n|t:|1700015467\n|start\n|switch|p1a: Great Tusk|Great Tusk|100\/100\n|switch|p2a: Toxapex|Toxapex, M|100\/100\n|turn|1\n|inactive|Battle timer is ON: inactive players will automatically lose when time's up. (requested by GABRIEL_HU)\n|\n|t:|1700015473\n|-end|p1a: Great Tusk|Protosynthesis|[silent]\n|switch|p1a: Garganacl|Garganacl, F, shiny|100\/100\n|switch|p2a: Gliscor|Gliscor, M|100\/100\n|\n|-status|p2a: Gliscor|tox|[from] item: Toxic Orb\n|upkeep\n|turn|2\n|\n|t:|1700015479\n|-terastallize|p1a: Garganacl|Water\n|move|p2a: Gliscor|Earthquake|p1a: Garganacl\n|-damage|p1a: Garganacl|77\/100\n|move|p1a: Garganacl|Salt Cure|p2a: Gliscor\n|-damage|p2a: Gliscor|90\/100 tox\n|-start|p2a: Gliscor|Salt Cure\n|\n|-heal|p1a: Garganacl|83\/100|[from] item: Leftovers\n|-heal|p2a: Gliscor|100\/100 tox|[from] ability: Poison Heal\n|-damage|p2a: Gliscor|88\/100 tox|[from] Salt Cure\n|upkeep\n|turn|3\n|\n|t:|1700015486\n|move|p2a: Gliscor|U-turn|p1a: Garganacl\n|-damage|p1a: Garganacl|73\/100\n|\n|t:|1700015493\n|switch|p2a: Ting-Lu|Ting-Lu|100\/100|[from] U-turn\n|-ability|p2a: Ting-Lu|Vessel of Ruin\n|move|p1a: Garganacl|Iron Defense|p1a: Garganacl\n|-boost|p1a: Garganacl|def|2\n|\n|-heal|p1a: Garganacl|79\/100|[from] item: Leftovers\n|upkeep\n|turn|4\n|\n|t:|1700015499\n|move|p1a: Garganacl|Salt Cure|p2a: Ting-Lu\n|-resisted|p2a: Ting-Lu\n|-damage|p2a: Ting-Lu|98\/100\n|-start|p2a: Ting-Lu|Salt Cure\n|move|p2a: Ting-Lu|Whirlwind|p1a: Garganacl\n|drag|p1a: Greninja|Greninja, M|100\/100\n|\n|-heal|p2a: Ting-Lu|100\/100|[from] item: Leftovers\n|-damage|p2a: Ting-Lu|88\/100|[from] Salt Cure\n|upkeep\n|turn|5\n|\n|t:|1700015510\n|switch|p2a: Aesc|Tapu Lele|100\/100\n|-fieldstart|move: Psychic Terrain|[from] ability: Psychic Surge|[of] p2a: Aesc\n|move|p1a: Greninja|Surf|p2a: Aesc\n|-damage|p2a: Aesc|42\/100\n|-damage|p1a: Greninja|91\/100|[from] item: Life Orb\n|\n|upkeep\n|turn|6\n|\n|t:|1700015520\n|move|p2a: Aesc|Moonblast|p1a: Greninja\n|-supereffective|p1a: Greninja\n|-damage|p1a: Greninja|0 fnt\n|faint|p1a: Greninja\n|\n|upkeep\n|\n|t:|1700015527\n|switch|p1a: Heatran|Heatran, F|100\/100\n|turn|7\n|\n|t:|1700015551\n|switch|p2a: Toxapex|Toxapex, M|100\/100\n|move|p1a: Heatran|Stealth Rock|p2a: Toxapex\n|-sidestart|p2: prextet|move: Stealth Rock\n|\n|upkeep\n|turn|8\n|inactive|GABRIEL_HU has 120 seconds left.\n|\n|t:|1700015587\n|move|p1a: Heatran|Protect|p1a: Heatran\n|-singleturn|p1a: Heatran|Protect\n|move|p2a: Toxapex|Scald|p1a: Heatran\n|-activate|p1a: Heatran|move: Protect\n|\n|upkeep\n|turn|9\n|inactive|GABRIEL_HU has 120 seconds left.\n|inactive|prextet has 120 seconds left.\n|\n|t:|1700015621\n|switch|p1a: Garganacl|Garganacl, F, shiny, tera:Water|79\/100\n|move|p2a: Toxapex|Scald|p1a: Garganacl\n|-resisted|p1a: Garganacl\n|-damage|p1a: Garganacl|74\/100\n|\n|-heal|p1a: Garganacl|80\/100|[from] item: Leftovers\n|-fieldend|move: Psychic Terrain\n|upkeep\n|turn|10\n|inactive|prextet has 120 seconds left.\n|inactive|GABRIEL_HU has 120 seconds left.\n|\n|t:|1700015640\n|switch|p2a: Heatran|Heatran, F|100\/100\n|-damage|p2a: Heatran|88\/100|[from] Stealth Rock\n|-item|p2a: Heatran|Air Balloon\n|move|p1a: Garganacl|Salt Cure|p2a: Heatran\n|-damage|p2a: Heatran|77\/100\n|-start|p2a: Heatran|Salt Cure\n|-enditem|p2a: Heatran|Air Balloon\n|\n|-heal|p1a: Garganacl|86\/100|[from] item: Leftovers\n|-damage|p2a: Heatran|52\/100|[from] Salt Cure\n|upkeep\n|turn|11\n|inactive|prextet has 120 seconds left.\n|inactive|GABRIEL_HU has 120 seconds left.\n|\n|t:|1700015662\n|move|p2a: Heatran|Taunt|p1a: Garganacl\n|-start|p1a: Garganacl|move: Taunt\n|move|p1a: Garganacl|Body Press|p2a: Heatran\n|-supereffective|p2a: Heatran\n|-damage|p2a: Heatran|11\/100\n|\n|-heal|p1a: Garganacl|92\/100|[from] item: Leftovers\n|-damage|p2a: Heatran|0 fnt|[from] Salt Cure\n|faint|p2a: Heatran\n|upkeep\n|\n|t:|1700015669\n|switch|p2a: Scizor|Scizor, F|100\/100\n|-damage|p2a: Scizor|88\/100|[from] Stealth Rock\n|turn|12\n|\n|t:|1700015673\n|detailschange|p2a: Scizor|Scizor-Mega, F\n|-mega|p2a: Scizor|Scizor|Scizorite\n|move|p2a: Scizor|Swords Dance|p2a: Scizor\n|-boost|p2a: Scizor|atk|2\n|move|p1a: Garganacl|Salt Cure|p2a: Scizor\n|-damage|p2a: Scizor|76\/100\n|-start|p2a: Scizor|Salt Cure\n|\n|-heal|p1a: Garganacl|98\/100|[from] item: Leftovers\n|-damage|p2a: Scizor|51\/100|[from] Salt Cure\n|upkeep\n|turn|13\n|\n|t:|1700015683\n|move|p2a: Scizor|Swords Dance|p2a: Scizor\n|-boost|p2a: Scizor|atk|2\n|move|p1a: Garganacl|Body Press|p2a: Scizor\n|-damage|p2a: Scizor|34\/100\n|\n|-heal|p1a: Garganacl|100\/100|[from] item: Leftovers\n|-damage|p2a: Scizor|9\/100|[from] Salt Cure\n|-end|p1a: Garganacl|move: Taunt\n|upkeep\n|turn|14\n|\n|t:|1700015695\n|switch|p1a: Zapdos|Zapdos|100\/100\n|move|p2a: Scizor|Close Combat|p1a: Zapdos\n|-resisted|p1a: Zapdos\n|-damage|p1a: Zapdos|46\/100\n|-unboost|p2a: Scizor|def|1\n|-unboost|p2a: Scizor|spd|1\n|-status|p2a: Scizor|par|[from] ability: Static|[of] p1a: Zapdos\n|\n|-damage|p2a: Scizor|0 fnt|[from] Salt Cure\n|faint|p2a: Scizor\n|upkeep\n|\n|t:|1700015709\n|switch|p2a: Gliscor|Gliscor, M|88\/100 tox\n|-damage|p2a: Gliscor|75\/100 tox|[from] Stealth Rock\n|turn|15\n|\n|t:|1700015713\n|switch|p1a: Garganacl|Garganacl, F, shiny, tera:Water|100\/100\n|move|p2a: Gliscor|Defog|p1a: Garganacl\n|-unboost|p1a: Garganacl|evasion|1\n|-sideend|p2: prextet|Stealth Rock|[from] move: Defog|[of] p2a: Gliscor\n|\n|-heal|p2a: Gliscor|88\/100 tox|[from] ability: Poison Heal\n|upkeep\n|turn|16\n|\n|t:|1700015717\n|move|p2a: Gliscor|U-turn|p1a: Garganacl\n|-damage|p1a: Garganacl|89\/100\n|\n|t:|1700015720\n|switch|p2a: Toxapex|Toxapex, M|100\/100|[from] U-turn\n|move|p1a: Garganacl|Salt Cure|p2a: Toxapex\n|-damage|p2a: Toxapex|88\/100\n|-start|p2a: Toxapex|Salt Cure\n|\n|-heal|p1a: Garganacl|95\/100|[from] item: Leftovers\n|-heal|p2a: Toxapex|94\/100|[from] item: Black Sludge\n|-damage|p2a: Toxapex|69\/100|[from] Salt Cure\n|upkeep\n|turn|17\n|\n|t:|1700015728\n|switch|p2a: Ting-Lu|Ting-Lu|88\/100\n|-ability|p2a: Ting-Lu|Vessel of Ruin\n|move|p1a: Garganacl|Iron Defense|p1a: Garganacl\n|-boost|p1a: Garganacl|def|2\n|\n|-heal|p2a: Ting-Lu|94\/100|[from] item: Leftovers\n|-heal|p1a: Garganacl|100\/100|[from] item: Leftovers\n|upkeep\n|turn|18\n|\n|t:|1700015732\n|move|p2a: Ting-Lu|Stealth Rock|p1a: Garganacl\n|-sidestart|p1: GABRIEL_HU|move: Stealth Rock\n|move|p1a: Garganacl|Body Press|p2a: Ting-Lu\n|-supereffective|p2a: Ting-Lu\n|-damage|p2a: Ting-Lu|56\/100\n|\n|-heal|p2a: Ting-Lu|62\/100|[from] item: Leftovers\n|upkeep\n|turn|19\n|\n|t:|1700015736\n|move|p1a: Garganacl|Salt Cure|p2a: Ting-Lu\n|-resisted|p2a: Ting-Lu\n|-damage|p2a: Ting-Lu|60\/100\n|-start|p2a: Ting-Lu|Salt Cure\n|move|p2a: Ting-Lu|Whirlwind|p1a: Garganacl\n|drag|p1a: Heatran|Heatran, F|100\/100\n|-damage|p1a: Heatran|88\/100|[from] Stealth Rock\n|\n|-heal|p2a: Ting-Lu|66\/100|[from] item: Leftovers\n|-damage|p2a: Ting-Lu|53\/100|[from] Salt Cure\n|upkeep\n|turn|20\n|\n|t:|1700015742\n|move|p1a: Heatran|Stealth Rock|p2a: Ting-Lu\n|-sidestart|p2: prextet|move: Stealth Rock\n|move|p2a: Ting-Lu|Earthquake|p1a: Heatran\n|-supereffective|p1a: Heatran\n|-damage|p1a: Heatran|0 fnt\n|faint|p1a: Heatran\n|\n|-heal|p2a: Ting-Lu|60\/100|[from] item: Leftovers\n|-damage|p2a: Ting-Lu|47\/100|[from] Salt Cure\n|upkeep\n|\n|t:|1700015748\n|switch|p1a: Scizor|Scizor, M|100\/100\n|-damage|p1a: Scizor|88\/100|[from] Stealth Rock\n|turn|21\n|\n|t:|1700015751\n|detailschange|p1a: Scizor|Scizor-Mega, M\n|-mega|p1a: Scizor|Scizor|Scizorite\n|move|p1a: Scizor|U-turn|p2a: Ting-Lu\n|-supereffective|p2a: Ting-Lu\n|-damage|p2a: Ting-Lu|19\/100\n|\n|t:|1700015756\n|switch|p1a: Zapdos|Zapdos|46\/100|[from] U-turn\n|move|p2a: Ting-Lu|Whirlwind|p1a: Zapdos\n|drag|p1a: Great Tusk|Great Tusk|100\/100\n|-damage|p1a: Great Tusk|98\/100|[from] Stealth Rock\n|\n|-heal|p2a: Ting-Lu|25\/100|[from] item: Leftovers\n|-damage|p2a: Ting-Lu|13\/100|[from] Salt Cure\n|upkeep\n|turn|22\n|\n|t:|1700015764\n|move|p1a: Great Tusk|Rapid Spin|p2a: Ting-Lu\n|-damage|p2a: Ting-Lu|6\/100\n|-boost|p1a: Great Tusk|spe|1\n|-sideend|p1: GABRIEL_HU|Stealth Rock|[from] move: Rapid Spin|[of] p1a: Great Tusk\n|move|p2a: Ting-Lu|Ruination|p1a: Great Tusk\n|-damage|p1a: Great Tusk|49\/100\n|\n|-heal|p2a: Ting-Lu|13\/100|[from] item: Leftovers\n|-damage|p2a: Ting-Lu|0 fnt|[from] Salt Cure\n|faint|p2a: Ting-Lu\n|upkeep\n|\n|t:|1700015772\n|switch|p2a: Aesc|Tapu Lele|42\/100\n|-damage|p2a: Aesc|30\/100|[from] Stealth Rock\n|-fieldstart|move: Psychic Terrain|[from] ability: Psychic Surge|[of] p2a: Aesc\n|turn|23\n|\n|t:|1700015782\n|-end|p1a: Great Tusk|Protosynthesis|[silent]\n|switch|p1a: Garganacl|Garganacl, F, shiny, tera:Water|100\/100\n|move|p2a: Aesc|Psychic|p1a: Garganacl\n|-damage|p1a: Garganacl|60\/100\n|\n|-heal|p1a: Garganacl|67\/100|[from] item: Leftovers\n|upkeep\n|turn|24\n|\n|t:|1700015789\n|-terastallize|p2a: Aesc|Psychic\n|move|p2a: Aesc|Psychic|p1a: Garganacl\n|-damage|p1a: Garganacl|10\/100\n|-unboost|p1a: Garganacl|spd|1\n|move|p1a: Garganacl|Salt Cure|p2a: Aesc\n|-damage|p2a: Aesc|10\/100\n|-start|p2a: Aesc|Salt Cure\n|\n|-heal|p1a: Garganacl|16\/100|[from] item: Leftovers\n|-damage|p2a: Aesc|0 fnt|[from] Salt Cure\n|faint|p2a: Aesc\n|upkeep\n|\n|t:|1700015797\n|switch|p2a: Gliscor|Gliscor, M|88\/100 tox\n|-damage|p2a: Gliscor|75\/100 tox|[from] Stealth Rock\n|turn|25\n|\n|t:|1700015811\n|switch|p1a: Zapdos|Zapdos|46\/100\n|move|p2a: Gliscor|Earthquake|p1a: Zapdos\n|-immune|p1a: Zapdos\n|\n|-heal|p2a: Gliscor|88\/100 tox|[from] ability: Poison Heal\n|upkeep\n|turn|26\n|\n|t:|1700015814\n|move|p2a: Gliscor|Defog|p1a: Zapdos\n|-unboost|p1a: Zapdos|evasion|1\n|-sideend|p2: prextet|Stealth Rock|[from] move: Defog|[of] p2a: Gliscor\n|-fieldend|move: Psychic Terrain\n|move|p1a: Zapdos|Roost|p1a: Zapdos\n|-heal|p1a: Zapdos|96\/100\n|-singleturn|p1a: Zapdos|move: Roost\n|\n|-heal|p2a: Gliscor|100\/100 tox|[from] ability: Poison Heal\n|upkeep\n|turn|27\n|\n|t:|1700015820\n|move|p2a: Gliscor|U-turn|p1a: Zapdos\n|-resisted|p1a: Zapdos\n|-damage|p1a: Zapdos|91\/100\n|\n|t:|1700015824\n|switch|p2a: Toxapex|Toxapex, M|100\/100|[from] U-turn\n|move|p1a: Zapdos|U-turn|p2a: Toxapex\n|-resisted|p2a: Toxapex\n|-damage|p2a: Toxapex|95\/100\n|\n|t:|1700015826\n|switch|p1a: Garganacl|Garganacl, F, shiny, tera:Water|16\/100|[from] U-turn\n|\n|-heal|p1a: Garganacl|22\/100|[from] item: Leftovers\n|-heal|p2a: Toxapex|100\/100|[from] item: Black Sludge\n|upkeep\n|turn|28\n|\n|t:|1700015830\n|switch|p2a: Gliscor|Gliscor, M|100\/100 tox\n|move|p1a: Garganacl|Recover|p1a: Garganacl\n|-heal|p1a: Garganacl|72\/100\n|\n|-heal|p1a: Garganacl|78\/100|[from] item: Leftovers\n|upkeep\n|turn|29\n|\n|t:|1700015835\n|move|p2a: Gliscor|Earthquake|p1a: Garganacl\n|-damage|p1a: Garganacl|56\/100\n|move|p1a: Garganacl|Salt Cure|p2a: Gliscor\n|-crit|p2a: Gliscor\n|-damage|p2a: Gliscor|84\/100 tox\n|-start|p2a: Gliscor|Salt Cure\n|\n|-heal|p1a: Garganacl|62\/100|[from] item: Leftovers\n|-heal|p2a: Gliscor|96\/100 tox|[from] ability: Poison Heal\n|-damage|p2a: Gliscor|84\/100 tox|[from] Salt Cure\n|upkeep\n|turn|30\n|\n|t:|1700015841\n|move|p2a: Gliscor|U-turn|p1a: Garganacl\n|-damage|p1a: Garganacl|50\/100\n|\n|t:|1700015843\n|switch|p2a: Toxapex|Toxapex, M|100\/100|[from] U-turn\n|move|p1a: Garganacl|Iron Defense|p1a: Garganacl\n|-boost|p1a: Garganacl|def|2\n|\n|-heal|p1a: Garganacl|57\/100|[from] item: Leftovers\n|upkeep\n|turn|31\n|\n|t:|1700015850\n|move|p2a: Toxapex|Haze|p2a: Toxapex\n|-clearallboost\n|move|p1a: Garganacl|Salt Cure|p2a: Toxapex\n|-damage|p2a: Toxapex|90\/100\n|-start|p2a: Toxapex|Salt Cure\n|\n|-heal|p1a: Garganacl|63\/100|[from] item: Leftovers\n|-heal|p2a: Toxapex|96\/100|[from] item: Black Sludge\n|-damage|p2a: Toxapex|71\/100|[from] Salt Cure\n|upkeep\n|turn|32\n|\n|t:|1700015857\n|move|p1a: Garganacl|Salt Cure|p2a: Toxapex\n|-damage|p2a: Toxapex|61\/100\n|move|p2a: Toxapex|Scald|p1a: Garganacl\n|-resisted|p1a: Garganacl\n|-damage|p1a: Garganacl|58\/100\n|\n|-heal|p1a: Garganacl|64\/100|[from] item: Leftovers\n|-heal|p2a: Toxapex|67\/100|[from] item: Black Sludge\n|-damage|p2a: Toxapex|42\/100|[from] Salt Cure\n|upkeep\n|turn|33\n|\n|t:|1700015866\n|move|p1a: Garganacl|Iron Defense|p1a: Garganacl\n|-boost|p1a: Garganacl|def|2\n|move|p2a: Toxapex|Recover|p2a: Toxapex\n|-heal|p2a: Toxapex|92\/100\n|\n|-heal|p1a: Garganacl|70\/100|[from] item: Leftovers\n|-heal|p2a: Toxapex|98\/100|[from] item: Black Sludge\n|-damage|p2a: Toxapex|73\/100|[from] Salt Cure\n|upkeep\n|turn|34\n|\n|t:|1700015872\n|move|p2a: Toxapex|Scald|p1a: Garganacl\n|-resisted|p1a: Garganacl\n|-crit|p1a: Garganacl\n|-damage|p1a: Garganacl|61\/100\n|move|p1a: Garganacl|Body Press|p2a: Toxapex\n|-resisted|p2a: Toxapex\n|-damage|p2a: Toxapex|55\/100\n|\n|-heal|p1a: Garganacl|68\/100|[from] item: Leftovers\n|-heal|p2a: Toxapex|61\/100|[from] item: Black Sludge\n|-damage|p2a: Toxapex|36\/100|[from] Salt Cure\n|upkeep\n|turn|35\n|\n|t:|1700015882\n|move|p2a: Toxapex|Recover|p2a: Toxapex\n|-heal|p2a: Toxapex|86\/100\n|move|p1a: Garganacl|Salt Cure|p2a: Toxapex\n|-damage|p2a: Toxapex|75\/100\n|\n|-heal|p2a: Toxapex|81\/100|[from] item: Black Sludge\n|-heal|p1a: Garganacl|74\/100|[from] item: Leftovers\n|-damage|p2a: Toxapex|56\/100|[from] Salt Cure\n|upkeep\n|turn|36\n|\n|t:|1700015890\n|move|p2a: Toxapex|Scald|p1a: Garganacl\n|-resisted|p1a: Garganacl\n|-damage|p1a: Garganacl|68\/100\n|move|p1a: Garganacl|Iron Defense|p1a: Garganacl\n|-boost|p1a: Garganacl|def|2\n|\n|-heal|p1a: Garganacl|74\/100|[from] item: Leftovers\n|-heal|p2a: Toxapex|62\/100|[from] item: Black Sludge\n|-damage|p2a: Toxapex|37\/100|[from] Salt Cure\n|upkeep\n|turn|37\n|\n|t:|1700015898\n|move|p2a: Toxapex|Haze|p2a: Toxapex\n|-clearallboost\n|move|p1a: Garganacl|Body Press|p2a: Toxapex\n|-resisted|p2a: Toxapex\n|-damage|p2a: Toxapex|28\/100\n|\n|-heal|p1a: Garganacl|80\/100|[from] item: Leftovers\n|-heal|p2a: Toxapex|35\/100|[from] item: Black Sludge\n|-damage|p2a: Toxapex|10\/100|[from] Salt Cure\n|upkeep\n|turn|38\n|\n|t:|1700015903\n|move|p2a: Toxapex|Recover|p2a: Toxapex\n|-heal|p2a: Toxapex|60\/100\n|move|p1a: Garganacl|Iron Defense|p1a: Garganacl\n|-boost|p1a: Garganacl|def|2\n|\n|-heal|p1a: Garganacl|87\/100|[from] item: Leftovers\n|-heal|p2a: Toxapex|66\/100|[from] item: Black Sludge\n|-damage|p2a: Toxapex|41\/100|[from] Salt Cure\n|upkeep\n|turn|39\n|\n|t:|1700015907\n|switch|p2a: Gliscor|Gliscor, M|84\/100 tox\n|move|p1a: Garganacl|Body Press|p2a: Gliscor\n|-resisted|p2a: Gliscor\n|-damage|p2a: Gliscor|65\/100 tox\n|\n|-heal|p1a: Garganacl|93\/100|[from] item: Leftovers\n|-heal|p2a: Gliscor|77\/100 tox|[from] ability: Poison Heal\n|upkeep\n|turn|40\n|\n|t:|1700015915\n|move|p2a: Gliscor|Earthquake|p1a: Garganacl\n|-damage|p1a: Garganacl|82\/100\n|move|p1a: Garganacl|Iron Defense|p1a: Garganacl\n|-boost|p1a: Garganacl|def|2\n|\n|-heal|p1a: Garganacl|88\/100|[from] item: Leftovers\n|-heal|p2a: Gliscor|90\/100 tox|[from] ability: Poison Heal\n|upkeep\n|turn|41\n|\n|t:|1700015920\n|move|p2a: Gliscor|U-turn|p1a: Garganacl\n|-damage|p1a: Garganacl|84\/100\n|\n|t:|1700015922\n|switch|p2a: Toxapex|Toxapex, M|74\/100|[from] U-turn\n|move|p1a: Garganacl|Salt Cure|p2a: Toxapex\n|-damage|p2a: Toxapex|64\/100\n|-start|p2a: Toxapex|Salt Cure\n|\n|-heal|p2a: Toxapex|70\/100|[from] item: Black Sludge\n|-heal|p1a: Garganacl|90\/100|[from] item: Leftovers\n|-damage|p2a: Toxapex|45\/100|[from] Salt Cure\n|upkeep\n|turn|42\n|\n|t:|1700015927\n|move|p1a: Garganacl|Body Press|p2a: Toxapex\n|-resisted|p2a: Toxapex\n|-damage|p2a: Toxapex|20\/100\n|move|p2a: Toxapex|Recover|p2a: Toxapex\n|-heal|p2a: Toxapex|70\/100\n|\n|-heal|p2a: Toxapex|77\/100|[from] item: Black Sludge\n|-heal|p1a: Garganacl|96\/100|[from] item: Leftovers\n|-damage|p2a: Toxapex|52\/100|[from] Salt Cure\n|upkeep\n|turn|43\n|\n|t:|1700015936\n|move|p1a: Garganacl|Body Press|p2a: Toxapex\n|-resisted|p2a: Toxapex\n|-damage|p2a: Toxapex|26\/100\n|move|p2a: Toxapex|Recover|p2a: Toxapex\n|-heal|p2a: Toxapex|76\/100\n|\n|-heal|p2a: Toxapex|82\/100|[from] item: Black Sludge\n|-heal|p1a: Garganacl|100\/100|[from] item: Leftovers\n|-damage|p2a: Toxapex|57\/100|[from] Salt Cure\n|upkeep\n|turn|44\n|\n|t:|1700015943\n|move|p1a: Garganacl|Body Press|p2a: Toxapex\n|-resisted|p2a: Toxapex\n|-crit|p2a: Toxapex\n|-damage|p2a: Toxapex|20\/100\n|move|p2a: Toxapex|Haze|p2a: Toxapex\n|-clearallboost\n|\n|-heal|p2a: Toxapex|26\/100|[from] item: Black Sludge\n|-damage|p2a: Toxapex|1\/100|[from] Salt Cure\n|upkeep\n|turn|45\n|\n|t:|1700015950\n|switch|p2a: Gliscor|Gliscor, M|90\/100 tox\n|move|p1a: Garganacl|Salt Cure|p2a: Gliscor\n|-crit|p2a: Gliscor\n|-damage|p2a: Gliscor|74\/100 tox\n|-start|p2a: Gliscor|Salt Cure\n|\n|-heal|p2a: Gliscor|87\/100 tox|[from] ability: Poison Heal\n|-damage|p2a: Gliscor|74\/100 tox|[from] Salt Cure\n|upkeep\n|turn|46\n|\n|t:|1700015963\n|move|p2a: Gliscor|Earthquake|p1a: Garganacl\n|-damage|p1a: Garganacl|79\/100\n|move|p1a: Garganacl|Iron Defense|p1a: Garganacl\n|-boost|p1a: Garganacl|def|2\n|\n|-heal|p1a: Garganacl|86\/100|[from] item: Leftovers\n|-heal|p2a: Gliscor|87\/100 tox|[from] ability: Poison Heal\n|-damage|p2a: Gliscor|74\/100 tox|[from] Salt Cure\n|upkeep\n|turn|47\n|\n|t:|1700015968\n|move|p2a: Gliscor|Earthquake|p1a: Garganacl\n|-damage|p1a: Garganacl|75\/100\n|move|p1a: Garganacl|Salt Cure|p2a: Gliscor\n|-damage|p2a: Gliscor|63\/100 tox\n|\n|-heal|p1a: Garganacl|81\/100|[from] item: Leftovers\n|-heal|p2a: Gliscor|75\/100 tox|[from] ability: Poison Heal\n|-damage|p2a: Gliscor|63\/100 tox|[from] Salt Cure\n|upkeep\n|turn|48\n|\n|t:|1700015978\n|move|p2a: Gliscor|U-turn|p1a: Garganacl\n|-damage|p1a: Garganacl|75\/100\n|\n|t:|1700015985\n|switch|p2a: Toxapex|Toxapex, M|34\/100|[from] U-turn\n|move|p1a: Garganacl|Iron Defense|p1a: Garganacl\n|-boost|p1a: Garganacl|def|2\n|\n|-heal|p2a: Toxapex|40\/100|[from] item: Black Sludge\n|-heal|p1a: Garganacl|82\/100|[from] item: Leftovers\n|upkeep\n|turn|49\n|\n|t:|1700015989\n|move|p2a: Toxapex|Haze|p2a: Toxapex\n|-clearallboost\n|move|p1a: Garganacl|Salt Cure|p2a: Toxapex\n|-damage|p2a: Toxapex|30\/100\n|-start|p2a: Toxapex|Salt Cure\n|\n|-heal|p2a: Toxapex|36\/100|[from] item: Black Sludge\n|-heal|p1a: Garganacl|88\/100|[from] item: Leftovers\n|-damage|p2a: Toxapex|11\/100|[from] Salt Cure\n|upkeep\n|turn|50\n|\n|t:|1700015996\n|switch|p2a: Gliscor|Gliscor, M|63\/100 tox\n|move|p1a: Garganacl|Iron Defense|p1a: Garganacl\n|-boost|p1a: Garganacl|def|2\n|\n|-heal|p1a: Garganacl|94\/100|[from] item: Leftovers\n|-heal|p2a: Gliscor|75\/100 tox|[from] ability: Poison Heal\n|upkeep\n|turn|51\n|\n|t:|1700016006\n|move|p2a: Gliscor|Earthquake|p1a: Garganacl\n|-damage|p1a: Garganacl|83\/100\n|move|p1a: Garganacl|Salt Cure|p2a: Gliscor\n|-damage|p2a: Gliscor|65\/100 tox\n|-start|p2a: Gliscor|Salt Cure\n|\n|-heal|p1a: Garganacl|89\/100|[from] item: Leftovers\n|-heal|p2a: Gliscor|78\/100 tox|[from] ability: Poison Heal\n|-damage|p2a: Gliscor|65\/100 tox|[from] Salt Cure\n|upkeep\n|turn|52\n|\n|t:|1700016017\n|move|p2a: Gliscor|Earthquake|p1a: Garganacl\n|-damage|p1a: Garganacl|78\/100\n|move|p1a: Garganacl|Body Press|p2a: Gliscor\n|-resisted|p2a: Gliscor\n|-damage|p2a: Gliscor|47\/100 tox\n|\n|-heal|p1a: Garganacl|84\/100|[from] item: Leftovers\n|-heal|p2a: Gliscor|60\/100 tox|[from] ability: Poison Heal\n|-damage|p2a: Gliscor|47\/100 tox|[from] Salt Cure\n|upkeep\n|turn|53\n|\n|t:|1700016029\n|move|p2a: Gliscor|Roost|p2a: Gliscor\n|-heal|p2a: Gliscor|97\/100 tox\n|-singleturn|p2a: Gliscor|move: Roost\n|move|p1a: Garganacl|Body Press|p2a: Gliscor\n|-damage|p2a: Gliscor|61\/100 tox\n|\n|-heal|p1a: Garganacl|90\/100|[from] item: Leftovers\n|-heal|p2a: Gliscor|74\/100 tox|[from] ability: Poison Heal\n|-damage|p2a: Gliscor|61\/100 tox|[from] Salt Cure\n|upkeep\n|turn|54\n|\n|t:|1700016043\n|switch|p1a: Great Tusk|Great Tusk|49\/100\n|move|p2a: Gliscor|U-turn|p1a: Great Tusk\n|-resisted|p1a: Great Tusk\n|-damage|p1a: Great Tusk|43\/100\n|\n|t:|1700016046\n|switch|p2a: Toxapex|Toxapex, M|44\/100|[from] U-turn\n|\n|-heal|p2a: Toxapex|50\/100|[from] item: Black Sludge\n|upkeep\n|turn|55\n|\n|t:|1700016052\n|switch|p2a: Gliscor|Gliscor, M|61\/100 tox\n|move|p1a: Great Tusk|Headlong Rush|p2a: Gliscor\n|-immune|p2a: Gliscor\n|\n|-heal|p2a: Gliscor|74\/100 tox|[from] ability: Poison Heal\n|upkeep\n|turn|56\n|\n|t:|1700016056\n|move|p2a: Gliscor|Earthquake|p1a: Great Tusk\n|-damage|p1a: Great Tusk|19\/100\n|-zpower|p1a: Great Tusk\n|move|p1a: Great Tusk|Subzero Slammer|p2a: Gliscor|[zeffect]\n|-supereffective|p2a: Gliscor\n|-damage|p2a: Gliscor|0 fnt\n|faint|p2a: Gliscor\n|\n|upkeep\n|\n|t:|1700016061\n|switch|p2a: Toxapex|Toxapex, M|83\/100\n|turn|57\n|\n|t:|1700016064\n|move|p1a: Great Tusk|Headlong Rush|p2a: Toxapex\n|-supereffective|p2a: Toxapex\n|-damage|p2a: Toxapex|0 fnt\n|-unboost|p1a: Great Tusk|def|1\n|-unboost|p1a: Great Tusk|spd|1\n|faint|p2a: Toxapex\n|\n|win|GABRIEL_HU\n|raw|GABRIEL_HU's rating: 1354 &rarr; <strong>1371<\/strong><br \/>(+17 for winning)\n|raw|prextet's rating: 1295 &rarr; <strong>1274<\/strong><br \/>(-21 for losing)\n|l|\u2606prextet\n","uploadtime":1700016071,"views":12,"p1id":"gabrielhu","p2id":"prextet","formatid":"gen9nationaldex","rating":1274,"private":0,"password":""}