{"id":"gen9nationaldex-1989156109","p1":"Jor99fran","p2":"Oxxo_ntsm","format":"[Gen 9] National Dex","log":"|j|\u2606Jor99fran\n|j|\u2606Oxxo_ntsm\n|t:|1699818188\n|gametype|singles\n|player|p1|Jor99fran|ghetsis|\n|player|p2|Oxxo_ntsm|hilbert-wonderlauncher|\n|teamsize|p1|6\n|teamsize|p2|6\n|gen|9\n|tier|[Gen 9] National Dex\n|rule|HP Percentage Mod: HP is shown in percentages\n|rule|Endless Battle Clause: Forcing endless battles is banned\n|rule|OHKO Clause: OHKO moves are banned\n|rule|Evasion Clause: Evasion abilities, items, and moves are banned\n|rule|Evasion Abilities Clause: Evasion abilities are banned\n|rule|Evasion Items Clause: Evasion items are banned\n|rule|Evasion Moves Clause: Evasion moves are banned\n|rule|Species Clause: Limit one of each Pok\u00e9mon\n|rule|Sleep Clause Mod: Limit one foe put to sleep\n|clearpoke\n|poke|p1|Zoroark-Hisui, M|\n|poke|p1|Mimikyu, M|\n|poke|p1|Froslass, F|\n|poke|p1|Ceruledge, M|\n|poke|p1|Mismagius, F|\n|poke|p1|Typhlosion-Hisui, M|\n|poke|p2|Charizard, M|\n|poke|p2|Volcarona, F|\n|poke|p2|Victini|\n|poke|p2|Ceruledge, M|\n|poke|p2|Chandelure, F|\n|poke|p2|Flareon, M|\n|teampreview\n|inactive|Battle timer is ON: inactive players will automatically lose when time's up. (requested by Oxxo_ntsm)\n|c|\u2606Jor99fran|buena suerte\n|c|\u2606Oxxo_ntsm|Buena suerte\n|\n|t:|1699818206\n|start\n|switch|p1a: Froslass|Froslass, F|100\/100\n|switch|p2a: Nacho|Flareon, M|100\/100\n|turn|1\n|\n|t:|1699818217\n|move|p1a: Froslass|Spikes|p2a: Nacho\n|-sidestart|p2: Oxxo_ntsm|Spikes\n|move|p2a: Nacho|Toxic|p1a: Froslass\n|-status|p1a: Froslass|tox\n|\n|-damage|p1a: Froslass|94\/100 tox|[from] psn\n|upkeep\n|turn|2\n|\n|t:|1699818224\n|move|p1a: Froslass|Spikes|p2a: Nacho\n|-sidestart|p2: Oxxo_ntsm|Spikes\n|move|p2a: Nacho|Flare Blitz|p1a: Froslass\n|-supereffective|p1a: Froslass\n|-damage|p1a: Froslass|0 fnt\n|faint|p1a: Froslass\n|-damage|p2a: Nacho|74\/100|[from] Recoil\n|\n|-heal|p2a: Nacho|80\/100|[from] item: Leftovers\n|upkeep\n|\n|t:|1699818237\n|switch|p1a: Mimikyu|Mimikyu, M|100\/100\n|turn|3\n|\n|t:|1699818243\n|move|p1a: Mimikyu|Swords Dance|p1a: Mimikyu\n|-boost|p1a: Mimikyu|atk|2\n|move|p2a: Nacho|Wish|p2a: Nacho\n|\n|-heal|p2a: Nacho|86\/100|[from] item: Leftovers\n|upkeep\n|turn|4\n|\n|t:|1699818255\n|move|p1a: Mimikyu|Play Rough|p2a: Nacho\n|-resisted|p2a: Nacho\n|-damage|p2a: Nacho|7\/100\n|-damage|p1a: Mimikyu|91\/100|[from] item: Life Orb\n|move|p2a: Nacho|Flare Blitz|p1a: Mimikyu\n|-activate|p1a: Mimikyu|ability: Disguise\n|-damage|p1a: Mimikyu|91\/100\n|detailschange|p1a: Mimikyu|Mimikyu-Busted, M\n|-damage|p1a: Mimikyu|78\/100|[from] pokemon: Mimikyu-Busted\n|\n|-heal|p2a: Nacho|57\/100|[from] move: Wish|[wisher] Nacho\n|-heal|p2a: Nacho|63\/100|[from] item: Leftovers\n|upkeep\n|turn|5\n|c|\u2606Jor99fran|chao naho\n|c|\u2606Jor99fran|A\n|\n|t:|1699818282\n|move|p1a: Mimikyu|Play Rough|p2a: Nacho\n|-resisted|p2a: Nacho\n|-damage|p2a: Nacho|0 fnt\n|faint|p2a: Nacho\n|-damage|p1a: Mimikyu|68\/100|[from] item: Life Orb\n|\n|upkeep\n|inactive|Oxxo_ntsm has 270 seconds left.\n|\n|t:|1699818296\n|switch|p2a: Shin Chan|Chandelure, F|100\/100\n|-damage|p2a: Shin Chan|84\/100|[from] Spikes\n|turn|6\n|\n|t:|1699818304\n|move|p1a: Mimikyu|Shadow Claw|p2a: Shin Chan\n|-supereffective|p2a: Shin Chan\n|-damage|p2a: Shin Chan|0 fnt\n|faint|p2a: Shin Chan\n|-damage|p1a: Mimikyu|58\/100|[from] item: Life Orb\n|\n|upkeep\n|\n|t:|1699818312\n|switch|p2a: Mothra|Volcarona, F|100\/100\n|turn|7\n|\n|t:|1699818318\n|move|p2a: Mothra|Quiver Dance|p2a: Mothra\n|-boost|p2a: Mothra|spa|1\n|-boost|p2a: Mothra|spd|1\n|-boost|p2a: Mothra|spe|1\n|move|p1a: Mimikyu|Play Rough|p2a: Mothra\n|-resisted|p2a: Mothra\n|-damage|p2a: Mothra|25\/100\n|-damage|p1a: Mimikyu|48\/100|[from] item: Life Orb\n|\n|upkeep\n|turn|8\n|\n|t:|1699818339\n|-terastallize|p2a: Mothra|Ground\n|move|p2a: Mothra|Tera Blast|p1a: Mimikyu|[anim] Tera Blast Ground\n|-damage|p1a: Mimikyu|0 fnt\n|faint|p1a: Mimikyu\n|\n|upkeep\n|\n|t:|1699818347\n|switch|p1a: Ceruledge|Ceruledge, M|100\/100\n|turn|9\n|\n|t:|1699818359\n|-terastallize|p1a: Ceruledge|Ghost\n|move|p2a: Mothra|Tera Blast|p1a: Ceruledge|[anim] Tera Blast Ground\n|-enditem|p1a: Ceruledge|Focus Sash\n|-damage|p1a: Ceruledge|1\/100\n|replace|p1a: Zoroark|Zoroark-Hisui, M\n|-end|p1a: Zoroark|Illusion\n|move|p1a: Zoroark|Grass Knot|p2a: Mothra\n|-supereffective|p2a: Mothra\n|-damage|p2a: Mothra|0 fnt\n|faint|p2a: Mothra\n|\n|upkeep\n|c|\u2606Jor99fran|chao\n|c|\u2606Jor99fran|XD\n|\n|t:|1699818381\n|switch|p2a: Destripachorizo|Charizard, M, shiny|100\/100\n|turn|10\n|\n|t:|1699818389\n|detailschange|p2a: Destripachorizo|Charizard-Mega-Y, M, shiny\n|-mega|p2a: Destripachorizo|Charizard|Charizardite Y\n|-weather|SunnyDay|[from] ability: Drought|[of] p2a: Destripachorizo\n|move|p1a: Zoroark|Shadow Ball|p2a: Destripachorizo\n|-damage|p2a: Destripachorizo|43\/100\n|move|p2a: Destripachorizo|Ancient Power|p1a: Zoroark\n|-damage|p1a: Zoroark|0 fnt\n|-boost|p2a: Destripachorizo|atk|1\n|-boost|p2a: Destripachorizo|def|1\n|-boost|p2a: Destripachorizo|spa|1\n|-boost|p2a: Destripachorizo|spd|1\n|-boost|p2a: Destripachorizo|spe|1\n|faint|p1a: Zoroark\n|\n|-weather|SunnyDay|[upkeep]\n|upkeep\n|c|\u2606Jor99fran|buena suerte tienes\n|c|\u2606Oxxo_ntsm|Nice\n|\n|t:|1699818409\n|switch|p1a: Typhlosion|Typhlosion-Hisui, M|100\/100\n|-item|p2a: Destripachorizo|Charizardite Y|[from] ability: Frisk|[of] p1a: Typhlosion|[identify]\n|turn|11\n|\n|t:|1699818416\n|move|p2a: Destripachorizo|Ancient Power|p1a: Typhlosion\n|-supereffective|p1a: Typhlosion\n|-damage|p1a: Typhlosion|6\/100\n|move|p1a: Typhlosion|Shadow Ball|p2a: Destripachorizo\n|-damage|p2a: Destripachorizo|16\/100\n|\n|-weather|SunnyDay|[upkeep]\n|upkeep\n|turn|12\n|\n|t:|1699818425\n|move|p2a: Destripachorizo|Ancient Power|p1a: Typhlosion\n|-supereffective|p1a: Typhlosion\n|-damage|p1a: Typhlosion|0 fnt\n|faint|p1a: Typhlosion\n|\n|-weather|SunnyDay|[upkeep]\n|upkeep\n|\n|t:|1699818430\n|switch|p1a: Ceruledge|Ceruledge, M|100\/100\n|turn|13\n|\n|t:|1699818437\n|move|p1a: Ceruledge|Shadow Sneak|p2a: Destripachorizo\n|-damage|p2a: Destripachorizo|0 fnt\n|faint|p2a: Destripachorizo\n|\n|-weather|SunnyDay|[upkeep]\n|upkeep\n|c|\u2606Jor99fran|pelea de espadachines?\n|\n|t:|1699818448\n|switch|p2a: Vic|Victini|100\/100\n|-damage|p2a: Vic|84\/100|[from] Spikes\n|turn|14\n|c|\u2606Jor99fran|a\n|\n|t:|1699818472\n|move|p1a: Ceruledge|Shadow Sneak|p2a: Vic\n|-supereffective|p2a: Vic\n|-damage|p2a: Vic|49\/100\n|move|p2a: Vic|Fusion Bolt|p1a: Ceruledge\n|-damage|p1a: Ceruledge|52\/100\n|-ability|p1a: Ceruledge|Weak Armor|boost\n|-unboost|p1a: Ceruledge|def|1\n|-boost|p1a: Ceruledge|spe|2\n|\n|-weather|none\n|upkeep\n|turn|15\n|c|\u2606Jor99fran|gracias\n|\n|t:|1699818490\n|move|p1a: Ceruledge|Bitter Blade|p2a: Vic\n|-resisted|p2a: Vic\n|-damage|p2a: Vic|29\/100\n|-heal|p1a: Ceruledge|66\/100|[from] drain|[of] p2a: Vic\n|move|p2a: Vic|Zen Headbutt|p1a: Ceruledge\n|-crit|p1a: Ceruledge\n|-damage|p1a: Ceruledge|0 fnt\n|faint|p1a: Ceruledge\n|\n|upkeep\n|\n|t:|1699818497\n|switch|p1a: Mismagius|Mismagius, F|100\/100\n|turn|16\n|\n|t:|1699818504\n|move|p1a: Mismagius|Trick|p2a: Vic\n|-activate|p1a: Mismagius|move: Trick|[of] p2a: Vic\n|-item|p2a: Vic|Choice Scarf|[from] move: Trick\n|-item|p1a: Mismagius|Assault Vest|[from] move: Trick\n|move|p2a: Vic|Zen Headbutt|p1a: Mismagius\n|-damage|p1a: Mismagius|25\/100\n|\n|upkeep\n|turn|17\n|j| N3ROZ3RO\n|\n|t:|1699818519\n|move|p2a: Vic|Zen Headbutt|p1a: Mismagius\n|-damage|p1a: Mismagius|0 fnt\n|faint|p1a: Mismagius\n|\n|win|Oxxo_ntsm\n|c|\u2606Jor99fran|a\n|c|\u2606Oxxo_ntsm|gg\n|c|\u2606Jor99fran|malos calculos\n|c|\u2606Jor99fran|gg\n|l|\u2606Oxxo_ntsm\n|l|\u2606Jor99fran\n|j|\u2606Oxxo_ntsm\n|player|p2|Oxxo_ntsm|hilbert-wonderlauncher\n|l|\u2606Oxxo_ntsm\n|player|p2|\n","uploadtime":1699818528,"views":9,"p1id":"jor99fran","p2id":"oxxontsm","formatid":"gen9nationaldex","rating":0,"private":0,"password":""}