{"id":"gen9nationaldex-1987967816","p1":"F3KSuS","p2":"DeltaTM06","format":"[Gen 9] National Dex","log":"|j|\u2606F3KSuS\n|j|\u2606DeltaTM06\n|t:|1699654162\n|gametype|singles\n|player|p1|F3KSuS|giovanni|1069\n|player|p2|DeltaTM06|erika|1098\n|teamsize|p1|6\n|teamsize|p2|6\n|gen|9\n|tier|[Gen 9] National Dex\n|rated|\n|rule|HP Percentage Mod: HP is shown in percentages\n|rule|Endless Battle Clause: Forcing endless battles is banned\n|rule|OHKO Clause: OHKO moves are banned\n|rule|Evasion Clause: Evasion abilities, items, and moves are banned\n|rule|Evasion Abilities Clause: Evasion abilities are banned\n|rule|Evasion Items Clause: Evasion items are banned\n|rule|Evasion Moves Clause: Evasion moves are banned\n|rule|Species Clause: Limit one of each Pok\u00e9mon\n|rule|Sleep Clause Mod: Limit one foe put to sleep\n|clearpoke\n|poke|p1|Simipour, M|\n|poke|p1|Rillaboom, F|\n|poke|p1|Darmanitan, F|\n|poke|p1|Ambipom, F|\n|poke|p1|Primeape, M|\n|poke|p1|Oranguru, F|\n|poke|p2|Mamoswine, F|\n|poke|p2|Darmanitan, F|\n|poke|p2|Slowking-Galar, M|\n|poke|p2|Ambipom, F|\n|poke|p2|Sawsbuck-Winter, M|\n|poke|p2|Krookodile, M|\n|teampreview\n|c|\u2606DeltaTM06|fellow ambipom enjoyer\n|\n|t:|1699654184\n|start\n|switch|p1a: Ambipom|Ambipom, F|100\/100\n|switch|p2a: Slappy Doo|Ambipom, F, shiny|100\/100\n|turn|1\n|\n|t:|1699654191\n|move|p2a: Slappy Doo|Fake Out|p1a: Ambipom\n|-damage|p1a: Ambipom|61\/100\n|cant|p1a: Ambipom|flinch\n|\n|upkeep\n|turn|2\n|\n|t:|1699654197\n|move|p2a: Slappy Doo|Tail Slap|p1a: Ambipom\n|-damage|p1a: Ambipom|34\/100\n|-damage|p1a: Ambipom|7\/100\n|-damage|p1a: Ambipom|0 fnt\n|faint|p1a: Ambipom\n|-hitcount|p1: Ambipom|3\n|\n|upkeep\n|\n|t:|1699654206\n|switch|p1a: Darmanitan|Darmanitan, F|100\/100\n|turn|3\n|\n|t:|1699654251\n|move|p1a: Darmanitan|Flare Blitz|p2a: Slappy Doo\n|-damage|p2a: Slappy Doo|0 fnt\n|faint|p2a: Slappy Doo\n|-damage|p1a: Darmanitan|73\/100|[from] Recoil\n|\n|upkeep\n|\n|t:|1699654257\n|switch|p2a: Ballin'|Darmanitan, F, shiny|100\/100\n|turn|4\n|\n|t:|1699654265\n|switch|p1a: Simipour|Simipour, M|100\/100\n|move|p2a: Ballin'|U-turn|p1a: Simipour\n|-damage|p1a: Simipour|54\/100\n|\n|t:|1699654269\n|switch|p2a: BucksLikeMilwaukee|Sawsbuck-Winter, M|100\/100|[from] U-turn\n|\n|upkeep\n|turn|5\n|\n|t:|1699654274\n|move|p1a: Simipour|Ice Beam|p2a: BucksLikeMilwaukee\n|-supereffective|p2a: BucksLikeMilwaukee\n|-damage|p2a: BucksLikeMilwaukee|13\/100\n|move|p2a: BucksLikeMilwaukee|Return|p1a: Simipour\n|-damage|p1a: Simipour|0 fnt\n|faint|p1a: Simipour\n|\n|upkeep\n|\n|t:|1699654285\n|switch|p1a: Primeape|Primeape, M|100\/100\n|turn|6\n|\n|t:|1699654293\n|move|p2a: BucksLikeMilwaukee|Return|p1a: Primeape\n|-damage|p1a: Primeape|16\/100\n|move|p1a: Primeape|Ice Punch|p2a: BucksLikeMilwaukee\n|-supereffective|p2a: BucksLikeMilwaukee\n|-damage|p2a: BucksLikeMilwaukee|0 fnt\n|faint|p2a: BucksLikeMilwaukee\n|\n|upkeep\n|\n|t:|1699654318\n|switch|p2a: Ballin'|Darmanitan, F, shiny|100\/100\n|turn|7\n|\n|t:|1699654324\n|move|p2a: Ballin'|U-turn|p1a: Primeape\n|-resisted|p1a: Primeape\n|-damage|p1a: Primeape|0 fnt\n|faint|p1a: Primeape\n|\n|t:|1699654330\n|switch|p2a: Bowser|Mamoswine, F|100\/100|[from] U-turn\n|\n|upkeep\n|\n|t:|1699654333\n|switch|p1a: Darmanitan|Darmanitan, F|73\/100\n|turn|8\n|\n|t:|1699654337\n|move|p1a: Darmanitan|Rock Slide|p2a: Bowser\n|-damage|p2a: Bowser|59\/100\n|move|p2a: Bowser|Earthquake|p1a: Darmanitan\n|-supereffective|p1a: Darmanitan\n|-damage|p1a: Darmanitan|0 fnt\n|faint|p1a: Darmanitan\n|\n|upkeep\n|\n|t:|1699654342\n|switch|p1a: Rillaboom|Rillaboom, F|100\/100\n|-fieldstart|move: Grassy Terrain|[from] ability: Grassy Surge|[of] p1a: Rillaboom\n|turn|9\n|\n|t:|1699654347\n|move|p1a: Rillaboom|Grassy Glide|p2a: Bowser\n|-supereffective|p2a: Bowser\n|-damage|p2a: Bowser|0 fnt\n|faint|p2a: Bowser\n|\n|upkeep\n|\n|t:|1699654352\n|switch|p2a: Ballin'|Darmanitan, F, shiny|100\/100\n|turn|10\n|\n|t:|1699654355\n|switch|p1a: Oranguru|Oranguru, F|100\/100\n|move|p2a: Ballin'|Flare Blitz|p1a: Oranguru\n|-damage|p1a: Oranguru|8\/100\n|-damage|p2a: Ballin'|67\/100|[from] Recoil\n|\n|-heal|p2a: Ballin'|73\/100|[from] Grassy Terrain\n|-heal|p1a: Oranguru|14\/100|[from] Grassy Terrain\n|upkeep\n|turn|11\n|\n|t:|1699654369\n|switch|p2a: Need some dome rn|Slowking-Galar, M|100\/100\n|move|p1a: Oranguru|Future Sight|p2a: Need some dome rn\n|-start|p1a: Oranguru|move: Future Sight\n|\n|-heal|p1a: Oranguru|20\/100|[from] Grassy Terrain\n|upkeep\n|turn|12\n|\n|t:|1699654378\n|move|p1a: Oranguru|Reflect|p1a: Oranguru\n|-sidestart|p1: F3KSuS|Reflect\n|move|p2a: Need some dome rn|Future Sight|p1a: Oranguru\n|-start|p2a: Need some dome rn|move: Future Sight\n|\n|-heal|p1a: Oranguru|26\/100|[from] Grassy Terrain\n|upkeep\n|turn|13\n|\n|t:|1699654384\n|move|p1a: Oranguru|Light Screen|p1a: Oranguru\n|-sidestart|p1: F3KSuS|move: Light Screen\n|move|p2a: Need some dome rn|Sludge Wave|p1a: Oranguru\n|-damage|p1a: Oranguru|15\/100\n|\n|-end|p2a: Need some dome rn|move: Future Sight\n|-damage|p2a: Need some dome rn|87\/100\n|-heal|p1a: Oranguru|21\/100|[from] Grassy Terrain\n|-heal|p2a: Need some dome rn|93\/100|[from] Grassy Terrain\n|-fieldend|move: Grassy Terrain\n|upkeep\n|turn|14\n|\n|t:|1699654394\n|move|p1a: Oranguru|Future Sight|p2a: Need some dome rn\n|-start|p1a: Oranguru|move: Future Sight\n|move|p2a: Need some dome rn|Sludge Wave|p1a: Oranguru\n|-damage|p1a: Oranguru|11\/100\n|\n|-end|p1a: Oranguru|move: Future Sight\n|-resisted|p1a: Oranguru\n|-damage|p1a: Oranguru|4\/100\n|upkeep\n|turn|15\n|\n|t:|1699654401\n|switch|p1a: Rillaboom|Rillaboom, F|100\/100\n|-fieldstart|move: Grassy Terrain|[from] ability: Grassy Surge|[of] p1a: Rillaboom\n|move|p2a: Need some dome rn|Future Sight|p1a: Rillaboom\n|-start|p2a: Need some dome rn|move: Future Sight\n|\n|-heal|p2a: Need some dome rn|99\/100|[from] Grassy Terrain\n|upkeep\n|turn|16\n|\n|t:|1699654408\n|move|p1a: Rillaboom|High Horsepower|p2a: Need some dome rn\n|-supereffective|p2a: Need some dome rn\n|-damage|p2a: Need some dome rn|6\/100\n|move|p2a: Need some dome rn|Sludge Wave|p1a: Rillaboom\n|-supereffective|p1a: Rillaboom\n|-damage|p1a: Rillaboom|51\/100\n|\n|-end|p2a: Need some dome rn|move: Future Sight\n|-damage|p2a: Need some dome rn|0 fnt\n|faint|p2a: Need some dome rn\n|-heal|p1a: Rillaboom|57\/100|[from] Grassy Terrain\n|upkeep\n|\n|t:|1699654421\n|switch|p2a: Ballin'|Darmanitan, F, shiny|73\/100\n|turn|17\n|\n|t:|1699654430\n|move|p2a: Ballin'|U-turn|p1a: Rillaboom\n|-supereffective|p1a: Rillaboom\n|-damage|p1a: Rillaboom|29\/100\n|\n|t:|1699654433\n|switch|p2a: Hail to the King|Krookodile, M|100\/100|[from] U-turn\n|move|p1a: Rillaboom|High Horsepower|p2a: Hail to the King|[miss]\n|-miss|p1a: Rillaboom|p2a: Hail to the King\n|\n|-end|p1a: Rillaboom|move: Future Sight\n|-damage|p1a: Rillaboom|0 fnt\n|faint|p1a: Rillaboom\n|upkeep\n|\n|t:|1699654442\n|switch|p1a: Oranguru|Oranguru, F|4\/100\n|turn|18\n|\n|t:|1699654447\n|move|p2a: Hail to the King|Knock Off|p1a: Oranguru\n|-supereffective|p1a: Oranguru\n|-damage|p1a: Oranguru|0 fnt\n|-enditem|p1a: Oranguru|Light Clay|[from] move: Knock Off|[of] p2a: Hail to the King\n|faint|p1a: Oranguru\n|\n|win|DeltaTM06\n|raw|F3KSuS's rating: 1069 &rarr; <strong>1050<\/strong><br \/>(-19 for losing)\n|raw|DeltaTM06's rating: 1098 &rarr; <strong>1121<\/strong><br \/>(+23 for winning)\n|c|\u2606DeltaTM06|gg\n|l|\u2606F3KSuS\n","uploadtime":1699654456,"views":11,"p1id":"f3ksus","p2id":"deltatm06","formatid":"gen9nationaldex","rating":1050,"private":0,"password":""}