{"id":"gen9nationaldex-1989611589","p1":"3.14159265359e","p2":"jzhuc1841","format":"[Gen 9] National Dex","log":"|j|\u26063.14159265359e\n|j|\u2606jzhuc1841\n|t:|1699878687\n|gametype|singles\n|player|p1|3.14159265359e|kieran|\n|player|p2|jzhuc1841|hilbert-wonderlauncher|\n|teamsize|p1|6\n|teamsize|p2|6\n|gen|9\n|tier|[Gen 9] National Dex\n|rule|HP Percentage Mod: HP is shown in percentages\n|rule|Endless Battle Clause: Forcing endless battles is banned\n|rule|OHKO Clause: OHKO moves are banned\n|rule|Evasion Clause: Evasion abilities, items, and moves are banned\n|rule|Evasion Abilities Clause: Evasion abilities are banned\n|rule|Evasion Items Clause: Evasion items are banned\n|rule|Evasion Moves Clause: Evasion moves are banned\n|rule|Species Clause: Limit one of each Pok\u00e9mon\n|rule|Sleep Clause Mod: Limit one foe put to sleep\n|rule|Tier Shift Mod: Pok\u00e9mon get stat buffs depending on their tier, excluding HP.\n|clearpoke\n|poke|p1|Iron Treads|\n|poke|p1|Beedrill, M|\n|poke|p1|Suicune|\n|poke|p1|Victini|\n|poke|p1|Celesteela|\n|poke|p1|Bisharp, F|\n|poke|p2|Zamazenta-*|\n|poke|p2|Sneasler, M|\n|poke|p2|Skeledirge, M|\n|poke|p2|Tapu Koko|\n|poke|p2|Dragonite, M|\n|poke|p2|Scizor, M|\n|teampreview\n|\n|t:|1699878702\n|start\n|switch|p1a: \u9435\u7259\u8056|Iron Treads|100\/100\n|switch|p2a: Tapu Koko|Tapu Koko|100\/100\n|-fieldstart|move: Electric Terrain|[from] ability: Electric Surge|[of] p2a: Tapu Koko\n|-activate|p1a: \u9435\u7259\u8056|ability: Quark Drive\n|-start|p1a: \u9435\u7259\u8056|quarkdrivespe\n|turn|1\n|\n|t:|1699878708\n|move|p1a: \u9435\u7259\u8056|Stealth Rock|p2a: Tapu Koko\n|-sidestart|p2: jzhuc1841|move: Stealth Rock\n|move|p2a: Tapu Koko|U-turn|p1a: \u9435\u7259\u8056\n|-resisted|p1a: \u9435\u7259\u8056\n|-damage|p1a: \u9435\u7259\u8056|93\/100\n|\n|t:|1699878717\n|switch|p2a: Scizor|Scizor, M|100\/100|[from] U-turn\n|-damage|p2a: Scizor|88\/100|[from] Stealth Rock\n|\n|-heal|p1a: \u9435\u7259\u8056|99\/100|[from] item: Leftovers\n|upkeep\n|turn|2\n|\n|t:|1699878727\n|-end|p1a: \u9435\u7259\u8056|Quark Drive|[silent]\n|switch|p1a: \u6355\u7db2\u7403 \u555f\u52d5|Suicune|100\/100\n|-ability|p1a: \u6355\u7db2\u7403 \u555f\u52d5|Pressure\n|detailschange|p2a: Scizor|Scizor-Mega, M\n|-mega|p2a: Scizor|Scizor|Scizorite\n|move|p2a: Scizor|Defog|p1a: \u6355\u7db2\u7403 \u555f\u52d5\n|-unboost|p1a: \u6355\u7db2\u7403 \u555f\u52d5|evasion|1\n|-sideend|p2: jzhuc1841|Stealth Rock|[from] move: Defog|[of] p2a: Scizor\n|-fieldend|move: Electric Terrain\n|\n|upkeep\n|turn|3\n|\n|t:|1699878734\n|move|p1a: \u6355\u7db2\u7403 \u555f\u52d5|Substitute|p1a: \u6355\u7db2\u7403 \u555f\u52d5\n|-start|p1a: \u6355\u7db2\u7403 \u555f\u52d5|Substitute\n|-damage|p1a: \u6355\u7db2\u7403 \u555f\u52d5|76\/100\n|move|p2a: Scizor|U-turn|p1a: \u6355\u7db2\u7403 \u555f\u52d5\n|-activate|p1a: \u6355\u7db2\u7403 \u555f\u52d5|move: Substitute|[damage]\n|\n|t:|1699878743\n|switch|p2a: Tapu Koko|Tapu Koko|100\/100|[from] U-turn\n|-fieldstart|move: Electric Terrain|[from] ability: Electric Surge|[of] p2a: Tapu Koko\n|\n|-heal|p1a: \u6355\u7db2\u7403 \u555f\u52d5|82\/100|[from] item: Leftovers\n|upkeep\n|turn|4\n|\n|t:|1699878750\n|move|p1a: \u6355\u7db2\u7403 \u555f\u52d5|Protect|p1a: \u6355\u7db2\u7403 \u555f\u52d5\n|-singleturn|p1a: \u6355\u7db2\u7403 \u555f\u52d5|Protect\n|move|p2a: Tapu Koko|Thunderbolt|p1a: \u6355\u7db2\u7403 \u555f\u52d5\n|-activate|p1a: \u6355\u7db2\u7403 \u555f\u52d5|move: Protect\n|\n|-heal|p1a: \u6355\u7db2\u7403 \u555f\u52d5|88\/100|[from] item: Leftovers\n|upkeep\n|turn|5\n|\n|t:|1699878755\n|-terastallize|p1a: \u6355\u7db2\u7403 \u555f\u52d5|Grass\n|move|p2a: Tapu Koko|Thunderbolt|p1a: \u6355\u7db2\u7403 \u555f\u52d5\n|-resisted|p1a: \u6355\u7db2\u7403 \u555f\u52d5\n|-end|p1a: \u6355\u7db2\u7403 \u555f\u52d5|Substitute\n|move|p1a: \u6355\u7db2\u7403 \u555f\u52d5|Calm Mind|p1a: \u6355\u7db2\u7403 \u555f\u52d5\n|-boost|p1a: \u6355\u7db2\u7403 \u555f\u52d5|spa|1\n|-boost|p1a: \u6355\u7db2\u7403 \u555f\u52d5|spd|1\n|\n|-heal|p1a: \u6355\u7db2\u7403 \u555f\u52d5|94\/100|[from] item: Leftovers\n|upkeep\n|turn|6\n|\n|t:|1699878764\n|switch|p2a: Scizor|Scizor-Mega, M|88\/100\n|move|p1a: \u6355\u7db2\u7403 \u555f\u52d5|Calm Mind|p1a: \u6355\u7db2\u7403 \u555f\u52d5\n|-boost|p1a: \u6355\u7db2\u7403 \u555f\u52d5|spa|1\n|-boost|p1a: \u6355\u7db2\u7403 \u555f\u52d5|spd|1\n|\n|-heal|p1a: \u6355\u7db2\u7403 \u555f\u52d5|100\/100|[from] item: Leftovers\n|upkeep\n|turn|7\n|\n|t:|1699878768\n|move|p1a: \u6355\u7db2\u7403 \u555f\u52d5|Scald|p2a: Scizor\n|-damage|p2a: Scizor|26\/100\n|move|p2a: Scizor|U-turn|p1a: \u6355\u7db2\u7403 \u555f\u52d5\n|-supereffective|p1a: \u6355\u7db2\u7403 \u555f\u52d5\n|-damage|p1a: \u6355\u7db2\u7403 \u555f\u52d5|62\/100\n|\n|t:|1699878777\n|switch|p2a: Sneasler|Sneasler, M|100\/100|[from] U-turn\n|-enditem|p2a: Sneasler|Electric Seed\n|-boost|p2a: Sneasler|def|1|[from] item: Electric Seed\n|\n|-heal|p1a: \u6355\u7db2\u7403 \u555f\u52d5|68\/100|[from] item: Leftovers\n|-fieldend|move: Electric Terrain\n|upkeep\n|turn|8\n|\n|t:|1699878784\n|move|p1a: \u6355\u7db2\u7403 \u555f\u52d5|Protect|p1a: \u6355\u7db2\u7403 \u555f\u52d5\n|-singleturn|p1a: \u6355\u7db2\u7403 \u555f\u52d5|Protect\n|move|p2a: Sneasler|Dire Claw|p1a: \u6355\u7db2\u7403 \u555f\u52d5\n|-activate|p1a: \u6355\u7db2\u7403 \u555f\u52d5|move: Protect\n|\n|-heal|p1a: \u6355\u7db2\u7403 \u555f\u52d5|74\/100|[from] item: Leftovers\n|upkeep\n|turn|9\n|\n|t:|1699878787\n|switch|p1a: \u4e2d\u5c07|Bisharp, F|100\/100\n|move|p2a: Sneasler|Dire Claw|p1a: \u4e2d\u5c07\n|-immune|p1a: \u4e2d\u5c07\n|\n|upkeep\n|turn|10\n|inactive|Battle timer is ON: inactive players will automatically lose when time's up. (requested by jzhuc1841)\n|\n|t:|1699878838\n|switch|p1a: \u92fc\u93a7\u9d09-\u963f\u7f85\u62c9\u7684\u6a23\u5b50|Celesteela|100\/100\n|move|p2a: Sneasler|Close Combat|p1a: \u92fc\u93a7\u9d09-\u963f\u7f85\u62c9\u7684\u6a23\u5b50\n|-damage|p1a: \u92fc\u93a7\u9d09-\u963f\u7f85\u62c9\u7684\u6a23\u5b50|55\/100\n|-unboost|p2a: Sneasler|def|1\n|-unboost|p2a: Sneasler|spd|1\n|\n|-heal|p1a: \u92fc\u93a7\u9d09-\u963f\u7f85\u62c9\u7684\u6a23\u5b50|61\/100|[from] item: Leftovers\n|upkeep\n|turn|11\n|\n|t:|1699878847\n|move|p2a: Sneasler|Swords Dance|p2a: Sneasler\n|-boost|p2a: Sneasler|atk|2\n|move|p1a: \u92fc\u93a7\u9d09-\u963f\u7f85\u62c9\u7684\u6a23\u5b50|Leech Seed|p2a: Sneasler|[miss]\n|-miss|p1a: \u92fc\u93a7\u9d09-\u963f\u7f85\u62c9\u7684\u6a23\u5b50|p2a: Sneasler\n|\n|-heal|p1a: \u92fc\u93a7\u9d09-\u963f\u7f85\u62c9\u7684\u6a23\u5b50|67\/100|[from] item: Leftovers\n|upkeep\n|turn|12\n|c|\u26063.14159265359e|\ud83e\udd2f\ud83e\udd2f\ud83e\udd2f\n|\n|t:|1699878859\n|move|p1a: \u92fc\u93a7\u9d09-\u963f\u7f85\u62c9\u7684\u6a23\u5b50|Protect|p1a: \u92fc\u93a7\u9d09-\u963f\u7f85\u62c9\u7684\u6a23\u5b50\n|-singleturn|p1a: \u92fc\u93a7\u9d09-\u963f\u7f85\u62c9\u7684\u6a23\u5b50|Protect\n|move|p2a: Sneasler|Close Combat|p1a: \u92fc\u93a7\u9d09-\u963f\u7f85\u62c9\u7684\u6a23\u5b50\n|-activate|p1a: \u92fc\u93a7\u9d09-\u963f\u7f85\u62c9\u7684\u6a23\u5b50|move: Protect\n|\n|-heal|p1a: \u92fc\u93a7\u9d09-\u963f\u7f85\u62c9\u7684\u6a23\u5b50|73\/100|[from] item: Leftovers\n|upkeep\n|turn|13\n|\n|t:|1699878863\n|move|p2a: Sneasler|Close Combat|p1a: \u92fc\u93a7\u9d09-\u963f\u7f85\u62c9\u7684\u6a23\u5b50\n|-damage|p1a: \u92fc\u93a7\u9d09-\u963f\u7f85\u62c9\u7684\u6a23\u5b50|0 fnt\n|-unboost|p2a: Sneasler|def|1\n|-unboost|p2a: Sneasler|spd|1\n|faint|p1a: \u92fc\u93a7\u9d09-\u963f\u7f85\u62c9\u7684\u6a23\u5b50\n|\n|upkeep\n|\n|t:|1699878870\n|switch|p1a: \u4e2d\u5c07|Bisharp, F|100\/100\n|turn|14\n|\n|t:|1699878873\n|move|p1a: \u4e2d\u5c07|Sucker Punch|p2a: Sneasler\n|-resisted|p2a: Sneasler\n|-damage|p2a: Sneasler|42\/100\n|move|p2a: Sneasler|Close Combat|p1a: \u4e2d\u5c07\n|-supereffective|p1a: \u4e2d\u5c07\n|-damage|p1a: \u4e2d\u5c07|0 fnt\n|-unboost|p2a: Sneasler|def|1\n|-unboost|p2a: Sneasler|spd|1\n|faint|p1a: \u4e2d\u5c07\n|\n|upkeep\n|inactive|3.14159265359e has 270 seconds left.\n|j| hbgzd\n|\n|t:|1699878904\n|switch|p1a: \u5b87\u5b99\u7b2c\u4e00\u6355\u87f2\u5c11\u5e74|Beedrill, M|100\/100\n|turn|15\n|inactive|3.14159265359e has 270 seconds left.\n|\n|t:|1699878918\n|detailschange|p1a: \u5b87\u5b99\u7b2c\u4e00\u6355\u87f2\u5c11\u5e74|Beedrill-Mega, M\n|-mega|p1a: \u5b87\u5b99\u7b2c\u4e00\u6355\u87f2\u5c11\u5e74|Beedrill|Beedrillite\n|move|p2a: Sneasler|Acrobatics|p1a: \u5b87\u5b99\u7b2c\u4e00\u6355\u87f2\u5c11\u5e74\n|-supereffective|p1a: \u5b87\u5b99\u7b2c\u4e00\u6355\u87f2\u5c11\u5e74\n|-damage|p1a: \u5b87\u5b99\u7b2c\u4e00\u6355\u87f2\u5c11\u5e74|0 fnt\n|faint|p1a: \u5b87\u5b99\u7b2c\u4e00\u6355\u87f2\u5c11\u5e74\n|\n|upkeep\n|inactive|3.14159265359e has 270 seconds left.\n|\n|t:|1699878924\n|switch|p1a: V\u71b1\u7130!|Victini|100\/100\n|turn|16\n|\n|t:|1699878928\n|move|p2a: Sneasler|Dire Claw|p1a: V\u71b1\u7130!\n|-damage|p1a: V\u71b1\u7130!|29\/100\n|-status|p1a: V\u71b1\u7130!|par\n|move|p1a: V\u71b1\u7130!|Heat Wave|p2a: Sneasler\n|-damage|p2a: Sneasler|0 fnt\n|faint|p2a: Sneasler\n|\n|upkeep\n|c|\u26063.14159265359e|\ud83d\ude21\ud83d\ude21\ud83d\ude21\ud83d\ude21\ud83d\ude21\n|\n|t:|1699878941\n|switch|p2a: Skeledirge|Skeledirge, M|100\/100\n|turn|17\n|inactive|3.14159265359e has 270 seconds left.\n|c|\u2606jzhuc1841|\u751a\u81f3\u662f\u70ed\u98ce\n|inactive|3.14159265359e has 240 seconds left.\n|c|\u26063.14159265359e|!dt Victory Star\n|raw|<ul class=\"utilichart\"><li class=\"result\"><span class=\"col namecol\"><a href=\"https:\/\/dex.pokemonshowdown.com\/abilities\/victorystar\">Victory Star<\/a><\/span> <span class=\"col abilitydesccol\">This Pokemon and its allies' moves have their accuracy multiplied by 1.1.<\/span> <\/li><li style=\"clear:both\"><\/li><\/ul>\n|raw|<font size=\"1\"><font color=\"#686868\">Gen:<\/font> 5<\/font>\n\n|c|\u26063.14159265359e|\uff1a\uff09\n|\n|t:|1699879025\n|switch|p1a: \u9435\u7259\u8056|Iron Treads|99\/100\n|move|p2a: Skeledirge|Torch Song|p1a: \u9435\u7259\u8056\n|-supereffective|p1a: \u9435\u7259\u8056\n|-damage|p1a: \u9435\u7259\u8056|14\/100\n|-boost|p2a: Skeledirge|spa|1\n|\n|-heal|p1a: \u9435\u7259\u8056|20\/100|[from] item: Leftovers\n|upkeep\n|turn|18\n|\n|t:|1699879035\n|-terastallize|p2a: Skeledirge|Water\n|move|p1a: \u9435\u7259\u8056|Knock Off|p2a: Skeledirge\n|-damage|p2a: Skeledirge|78\/100\n|-enditem|p2a: Skeledirge|Heavy-Duty Boots|[from] move: Knock Off|[of] p1a: \u9435\u7259\u8056\n|move|p2a: Skeledirge|Torch Song|p1a: \u9435\u7259\u8056\n|-supereffective|p1a: \u9435\u7259\u8056\n|-damage|p1a: \u9435\u7259\u8056|0 fnt\n|-boost|p2a: Skeledirge|spa|1\n|faint|p1a: \u9435\u7259\u8056\n|-end|p1a: \u9435\u7259\u8056|Quark Drive|[silent]\n|\n|upkeep\n|-message|3.14159265359e forfeited.\n|\n|win|jzhuc1841\n|l|\u26063.14159265359e\n","uploadtime":1699879051,"views":4,"p1id":"314159265359e","p2id":"jzhuc1841","formatid":"gen9nationaldex","rating":0,"private":0,"password":""}