{"id":"gen9nationaldex-1989720263","p1":"pacolin","p2":"Cabdrum","format":"[Gen 9] National Dex","log":"|j|\u2606pacolin\n|j|\u2606Cabdrum\n|t:|1699889923\n|gametype|singles\n|player|p1|pacolin|n|1011\n|player|p2|Cabdrum|hilbert|1124\n|teamsize|p1|6\n|teamsize|p2|6\n|gen|9\n|tier|[Gen 9] National Dex\n|rated|\n|rule|HP Percentage Mod: HP is shown in percentages\n|rule|Endless Battle Clause: Forcing endless battles is banned\n|rule|OHKO Clause: OHKO moves are banned\n|rule|Evasion Clause: Evasion abilities, items, and moves are banned\n|rule|Evasion Abilities Clause: Evasion abilities are banned\n|rule|Evasion Items Clause: Evasion items are banned\n|rule|Evasion Moves Clause: Evasion moves are banned\n|rule|Species Clause: Limit one of each Pok\u00e9mon\n|rule|Sleep Clause Mod: Limit one foe put to sleep\n|clearpoke\n|poke|p1|Volcarona, F|\n|poke|p1|Steelix, F|\n|poke|p1|Lanturn, M|\n|poke|p1|Umbreon, M|\n|poke|p1|Landorus-Therian, M|\n|poke|p1|Gothitelle, F|\n|poke|p2|Mienshao, M|\n|poke|p2|Charizard, M|\n|poke|p2|Togedemaru, M|\n|poke|p2|Cramorant, F|\n|poke|p2|Heliolisk, M|\n|poke|p2|Arcanine-Hisui, M|\n|teampreview\n|inactive|Battle timer is ON: inactive players will automatically lose when time's up. (requested by Cabdrum)\n|\n|t:|1699889931\n|start\n|switch|p1a: Landorus|Landorus-Therian, M|100\/100\n|switch|p2a: Mienshao|Mienshao, M|100\/100\n|-ability|p1a: Landorus|Intimidate|boost\n|-unboost|p2a: Mienshao|atk|1\n|turn|1\n|l|\u2606Cabdrum\n|inactive|Cabdrum disconnected and has a minute to reconnect!\n|player|p2|\n|j|\u2606Cabdrum\n|inactive|Cabdrum reconnected and has 140 seconds left.\n|player|p2|Cabdrum|hilbert\n|\n|t:|1699889944\n|move|p2a: Mienshao|Swords Dance|p2a: Mienshao\n|-boost|p2a: Mienshao|atk|2\n|move|p1a: Landorus|Fly||[still]\n|-prepare|p1a: Landorus|Fly\n|\n|upkeep\n|turn|2\n|\n|t:|1699889950\n|move|p2a: Mienshao|Swords Dance|p2a: Mienshao\n|-boost|p2a: Mienshao|atk|2\n|move|p1a: Landorus|Fly|p2a: Mienshao|[from]lockedmove\n|-supereffective|p2a: Mienshao\n|-enditem|p2a: Mienshao|Focus Sash\n|-damage|p2a: Mienshao|1\/100\n|-damage|p1a: Landorus|91\/100|[from] item: Life Orb\n|\n|upkeep\n|turn|3\n|\n|t:|1699889959\n|move|p2a: Mienshao|Reversal|p1a: Landorus\n|-resisted|p1a: Landorus\n|-damage|p1a: Landorus|0 fnt\n|faint|p1a: Landorus\n|\n|upkeep\n|\n|t:|1699889969\n|switch|p1a: Steelix|Steelix, F|100\/100\n|turn|4\n|\n|t:|1699889972\n|detailschange|p1a: Steelix|Steelix-Mega, F\n|-mega|p1a: Steelix|Steelix|Steelixite\n|move|p2a: Mienshao|Reversal|p1a: Steelix\n|-supereffective|p1a: Steelix\n|-damage|p1a: Steelix|0 fnt\n|faint|p1a: Steelix\n|\n|upkeep\n|\n|t:|1699889977\n|switch|p1a: Gothitelle|Gothitelle, F|100\/100\n|turn|5\n|\n|t:|1699889981\n|move|p2a: Mienshao|Reversal|p1a: Gothitelle\n|-resisted|p1a: Gothitelle\n|-crit|p1a: Gothitelle\n|-enditem|p1a: Gothitelle|Focus Sash\n|-damage|p1a: Gothitelle|1\/100\n|move|p1a: Gothitelle|Psyshock|p2a: Mienshao\n|-supereffective|p2a: Mienshao\n|-damage|p2a: Mienshao|0 fnt\n|faint|p2a: Mienshao\n|\n|upkeep\n|\n|t:|1699889992\n|switch|p2a: Heliolisk|Heliolisk, M|100\/100\n|turn|6\n|\n|t:|1699889997\n|-terastallize|p1a: Gothitelle|Psychic\n|move|p2a: Heliolisk|Thunderbolt|p1a: Gothitelle\n|-damage|p1a: Gothitelle|0 fnt\n|faint|p1a: Gothitelle\n|\n|upkeep\n|\n|t:|1699890002\n|switch|p1a: Volcarona|Volcarona, F|100\/100\n|turn|7\n|\n|t:|1699890009\n|move|p2a: Heliolisk|Glare|p1a: Volcarona\n|-status|p1a: Volcarona|par\n|move|p1a: Volcarona|Quiver Dance|p1a: Volcarona\n|-boost|p1a: Volcarona|spa|1\n|-boost|p1a: Volcarona|spd|1\n|-boost|p1a: Volcarona|spe|1\n|\n|upkeep\n|turn|8\n|\n|t:|1699890016\n|move|p2a: Heliolisk|Hyper Voice|p1a: Volcarona\n|-damage|p1a: Volcarona|69\/100 par\n|cant|p1a: Volcarona|par\n|\n|upkeep\n|turn|9\n|\n|t:|1699890025\n|move|p2a: Heliolisk|Hyper Voice|p1a: Volcarona\n|-damage|p1a: Volcarona|39\/100 par\n|cant|p1a: Volcarona|par\n|\n|upkeep\n|turn|10\n|\n|t:|1699890032\n|move|p2a: Heliolisk|Thunderbolt|p1a: Volcarona\n|-crit|p1a: Volcarona\n|-damage|p1a: Volcarona|0 fnt\n|faint|p1a: Volcarona\n|\n|upkeep\n|\n|t:|1699890036\n|switch|p1a: Umbreon|Umbreon, M|100\/100\n|turn|11\n|c|\u2606Cabdrum|Hi\n|\n|t:|1699890041\n|move|p2a: Heliolisk|Glare|p1a: Umbreon\n|-status|p1a: Umbreon|par\n|-activate|p1a: Umbreon|ability: Synchronize\n|-immune|p2a: Heliolisk\n|cant|p1a: Umbreon|par\n|\n|upkeep\n|turn|12\n|\n|t:|1699890049\n|move|p2a: Heliolisk|Thunderbolt|p1a: Umbreon\n|-damage|p1a: Umbreon|70\/100 par\n|move|p1a: Umbreon|Toxic|p2a: Heliolisk\n|-status|p2a: Heliolisk|tox\n|\n|-heal|p1a: Umbreon|76\/100 par|[from] item: Leftovers\n|-damage|p2a: Heliolisk|94\/100 tox|[from] psn\n|upkeep\n|turn|13\n|\n|t:|1699890058\n|move|p2a: Heliolisk|Thunderbolt|p1a: Umbreon\n|-damage|p1a: Umbreon|42\/100 par\n|move|p1a: Umbreon|Heal Bell|p1a: Umbreon\n|-activate|p1a: Umbreon|move: Heal Bell\n|-curestatus|p1a: Umbreon|par|[msg]\n|\n|-heal|p2a: Heliolisk|100\/100 tox|[from] item: Leftovers\n|-heal|p1a: Umbreon|48\/100|[from] item: Leftovers\n|-damage|p2a: Heliolisk|88\/100 tox|[from] psn\n|upkeep\n|turn|14\n|\n|t:|1699890069\n|move|p2a: Heliolisk|Glare||[still]\n|-status|p1a: Umbreon|par\n|-activate|p1a: Umbreon|ability: Synchronize\n|-fail|p1a: Umbreon\n|move|p1a: Umbreon|Moonlight|p1a: Umbreon\n|-heal|p1a: Umbreon|98\/100 par\n|\n|-heal|p2a: Heliolisk|94\/100 tox|[from] item: Leftovers\n|-heal|p1a: Umbreon|100\/100 par|[from] item: Leftovers\n|-damage|p2a: Heliolisk|76\/100 tox|[from] psn\n|upkeep\n|turn|15\n|\n|t:|1699890085\n|move|p2a: Heliolisk|Hyper Voice|p1a: Umbreon\n|-damage|p1a: Umbreon|69\/100 par\n|cant|p1a: Umbreon|par\n|\n|-heal|p2a: Heliolisk|82\/100 tox|[from] item: Leftovers\n|-heal|p1a: Umbreon|75\/100 par|[from] item: Leftovers\n|-damage|p2a: Heliolisk|58\/100 tox|[from] psn\n|upkeep\n|turn|16\n|\n|t:|1699890095\n|move|p2a: Heliolisk|Thunderbolt|p1a: Umbreon\n|-damage|p1a: Umbreon|44\/100 par\n|move|p1a: Umbreon|Heal Bell|p1a: Umbreon\n|-activate|p1a: Umbreon|move: Heal Bell\n|-curestatus|p1a: Umbreon|par|[msg]\n|\n|-heal|p2a: Heliolisk|64\/100 tox|[from] item: Leftovers\n|-heal|p1a: Umbreon|50\/100|[from] item: Leftovers\n|-damage|p2a: Heliolisk|34\/100 tox|[from] psn\n|upkeep\n|turn|17\n|\n|t:|1699890109\n|move|p2a: Heliolisk|Glare||[still]\n|-status|p1a: Umbreon|par\n|-activate|p1a: Umbreon|ability: Synchronize\n|-fail|p1a: Umbreon\n|move|p1a: Umbreon|Heal Bell|p1a: Umbreon\n|-activate|p1a: Umbreon|move: Heal Bell\n|-curestatus|p1a: Umbreon|par|[msg]\n|\n|-heal|p2a: Heliolisk|40\/100 tox|[from] item: Leftovers\n|-heal|p1a: Umbreon|56\/100|[from] item: Leftovers\n|-damage|p2a: Heliolisk|4\/100 tox|[from] psn\n|upkeep\n|turn|18\n|\n|t:|1699890122\n|switch|p2a: Arcanine|Arcanine-Hisui, M|100\/100\n|move|p1a: Umbreon|Moonlight|p1a: Umbreon\n|-heal|p1a: Umbreon|100\/100\n|\n|upkeep\n|turn|19\n|\n|t:|1699890131\n|move|p2a: Arcanine|Flare Blitz|p1a: Umbreon\n|-damage|p1a: Umbreon|67\/100\n|move|p1a: Umbreon|Toxic|p2a: Arcanine\n|-status|p2a: Arcanine|tox\n|\n|-heal|p1a: Umbreon|74\/100|[from] item: Leftovers\n|-damage|p2a: Arcanine|94\/100 tox|[from] psn\n|upkeep\n|turn|20\n|\n|t:|1699890140\n|move|p2a: Arcanine|Head Smash|p1a: Umbreon\n|-damage|p1a: Umbreon|27\/100\n|move|p1a: Umbreon|Moonlight|p1a: Umbreon\n|-heal|p1a: Umbreon|76\/100\n|\n|-heal|p1a: Umbreon|83\/100|[from] item: Leftovers\n|-damage|p2a: Arcanine|82\/100 tox|[from] psn\n|upkeep\n|turn|21\n|\n|t:|1699890150\n|move|p1a: Umbreon|Protect|p1a: Umbreon\n|-singleturn|p1a: Umbreon|Protect\n|move|p2a: Arcanine|Close Combat|p1a: Umbreon\n|-activate|p1a: Umbreon|move: Protect\n|\n|-heal|p1a: Umbreon|89\/100|[from] item: Leftovers\n|-damage|p2a: Arcanine|64\/100 tox|[from] psn\n|upkeep\n|turn|22\n|\n|t:|1699890159\n|move|p2a: Arcanine|Close Combat|p1a: Umbreon\n|-supereffective|p1a: Umbreon\n|-damage|p1a: Umbreon|39\/100\n|-unboost|p2a: Arcanine|def|1\n|-unboost|p2a: Arcanine|spd|1\n|move|p1a: Umbreon|Moonlight|p1a: Umbreon\n|-heal|p1a: Umbreon|89\/100\n|\n|-heal|p1a: Umbreon|95\/100|[from] item: Leftovers\n|-damage|p2a: Arcanine|40\/100 tox|[from] psn\n|upkeep\n|turn|23\n|\n|t:|1699890176\n|switch|p2a: Cramorant|Cramorant, F|100\/100\n|move|p1a: Umbreon|Protect||[still]\n|-fail|p1a: Umbreon\n|\n|-heal|p1a: Umbreon|100\/100|[from] item: Leftovers\n|upkeep\n|turn|24\n|\n|t:|1699890183\n|move|p2a: Cramorant|Surf|p1a: Umbreon\n|-formechange|p2a: Cramorant|Cramorant-Gulping|\n|-damage|p1a: Umbreon|73\/100\n|move|p1a: Umbreon|Toxic|p2a: Cramorant\n|-status|p2a: Cramorant|tox\n|\n|-heal|p1a: Umbreon|79\/100|[from] item: Leftovers\n|-damage|p2a: Cramorant|94\/100 tox|[from] psn\n|upkeep\n|turn|25\n|\n|t:|1699890193\n|move|p2a: Cramorant|Air Slash|p1a: Umbreon\n|-damage|p1a: Umbreon|58\/100\n|move|p1a: Umbreon|Heal Bell||[still]\n|-activate|p1a: Umbreon|move: Heal Bell\n|-fail|p1a: Umbreon\n|\n|-heal|p1a: Umbreon|64\/100|[from] item: Leftovers\n|-damage|p2a: Cramorant|82\/100 tox|[from] psn\n|upkeep\n|turn|26\n|\n|t:|1699890203\n|move|p2a: Cramorant|Air Slash|p1a: Umbreon\n|-damage|p1a: Umbreon|43\/100\n|move|p1a: Umbreon|Moonlight|p1a: Umbreon\n|-heal|p1a: Umbreon|92\/100\n|\n|-heal|p1a: Umbreon|98\/100|[from] item: Leftovers\n|-damage|p2a: Cramorant|64\/100 tox|[from] psn\n|upkeep\n|turn|27\n|\n|t:|1699890214\n|move|p2a: Cramorant|Air Slash|p1a: Umbreon\n|-damage|p1a: Umbreon|77\/100\n|move|p1a: Umbreon|Toxic|p2a: Cramorant\n|-fail|p2a: Cramorant|tox\n|\n|-heal|p1a: Umbreon|83\/100|[from] item: Leftovers\n|-damage|p2a: Cramorant|40\/100 tox|[from] psn\n|upkeep\n|turn|28\n|\n|t:|1699890223\n|move|p2a: Cramorant|Surf|p1a: Umbreon\n|-damage|p1a: Umbreon|56\/100\n|move|p1a: Umbreon|Toxic|p2a: Cramorant\n|-fail|p2a: Cramorant|tox\n|\n|-heal|p1a: Umbreon|62\/100|[from] item: Leftovers\n|-damage|p2a: Cramorant|10\/100 tox|[from] psn\n|upkeep\n|turn|29\n|\n|t:|1699890232\n|move|p2a: Cramorant|Surf|p1a: Umbreon\n|-damage|p1a: Umbreon|36\/100\n|move|p1a: Umbreon|Moonlight|p1a: Umbreon\n|-heal|p1a: Umbreon|85\/100\n|\n|-heal|p1a: Umbreon|92\/100|[from] item: Leftovers\n|-damage|p2a: Cramorant|0 fnt|[from] psn\n|faint|p2a: Cramorant\n|upkeep\n|\n|t:|1699890245\n|switch|p2a: Charizard|Charizard, M|100\/100\n|turn|30\n|\n|t:|1699890253\n|detailschange|p2a: Charizard|Charizard-Mega-X, M\n|-mega|p2a: Charizard|Charizard|Charizardite X\n|move|p2a: Charizard|Dragon Dance|p2a: Charizard\n|-boost|p2a: Charizard|atk|1\n|-boost|p2a: Charizard|spe|1\n|move|p1a: Umbreon|Toxic|p2a: Charizard\n|-status|p2a: Charizard|tox\n|\n|-heal|p1a: Umbreon|98\/100|[from] item: Leftovers\n|-damage|p2a: Charizard|94\/100 tox|[from] psn\n|upkeep\n|turn|31\n|\n|t:|1699890266\n|move|p2a: Charizard|Dragon Dance|p2a: Charizard\n|-boost|p2a: Charizard|atk|1\n|-boost|p2a: Charizard|spe|1\n|move|p1a: Umbreon|Heal Bell||[still]\n|-activate|p1a: Umbreon|move: Heal Bell\n|-fail|p1a: Umbreon\n|\n|-heal|p1a: Umbreon|100\/100|[from] item: Leftovers\n|-damage|p2a: Charizard|82\/100 tox|[from] psn\n|upkeep\n|turn|32\n|c|\u2606Cabdrum|Why stall?\n|\n|t:|1699890279\n|move|p1a: Umbreon|Protect|p1a: Umbreon\n|-singleturn|p1a: Umbreon|Protect\n|move|p2a: Charizard|Dragon Dance|p2a: Charizard\n|-boost|p2a: Charizard|atk|1\n|-boost|p2a: Charizard|spe|1\n|\n|-damage|p2a: Charizard|64\/100 tox|[from] psn\n|upkeep\n|turn|33\n|\n|t:|1699890287\n|move|p2a: Charizard|Dual Wingbeat|p1a: Umbreon|[miss]\n|-miss|p2a: Charizard|p1a: Umbreon\n|move|p1a: Umbreon|Moonlight|p1a: Umbreon\n|-fail|p1a: Umbreon|heal\n|\n|-damage|p2a: Charizard|40\/100 tox|[from] psn\n|upkeep\n|turn|34\n|\n|t:|1699890296\n|move|p1a: Umbreon|Protect|p1a: Umbreon\n|-singleturn|p1a: Umbreon|Protect\n|move|p2a: Charizard|Dual Wingbeat|p1a: Umbreon\n|-activate|p1a: Umbreon|move: Protect\n|\n|-damage|p2a: Charizard|10\/100 tox|[from] psn\n|upkeep\n|turn|35\n|\n|t:|1699890305\n|move|p2a: Charizard|Dual Wingbeat|p1a: Umbreon|[miss]\n|-miss|p2a: Charizard|p1a: Umbreon\n|move|p1a: Umbreon|Toxic|p2a: Charizard\n|-fail|p2a: Charizard|tox\n|\n|-damage|p2a: Charizard|0 fnt|[from] psn\n|faint|p2a: Charizard\n|upkeep\n|\n|t:|1699890315\n|switch|p2a: Togedemaru|Togedemaru, M|100\/100\n|turn|36\n|\n|t:|1699890319\n|move|p2a: Togedemaru|Nuzzle|p1a: Umbreon\n|-damage|p1a: Umbreon|94\/100\n|-status|p1a: Umbreon|par\n|-activate|p1a: Umbreon|ability: Synchronize\n|-immune|p2a: Togedemaru\n|move|p1a: Umbreon|Toxic|p2a: Togedemaru\n|-immune|p2a: Togedemaru\n|\n|-heal|p1a: Umbreon|100\/100 par|[from] item: Leftovers\n|upkeep\n|turn|37\n|c|\u2606pacolin|uh oh\n|\n|t:|1699890342\n|move|p2a: Togedemaru|Zing Zap|p1a: Umbreon\n|-damage|p1a: Umbreon|75\/100 par\n|move|p1a: Umbreon|Heal Bell|p1a: Umbreon\n|-activate|p1a: Umbreon|move: Heal Bell\n|-curestatus|p1a: Umbreon|par|[msg]\n|\n|-heal|p1a: Umbreon|81\/100|[from] item: Leftovers\n|upkeep\n|turn|38\n|\n|t:|1699890353\n|switch|p1a: Lanturn|Lanturn, M|100\/100\n|move|p2a: Togedemaru|Nuzzle|p1a: Lanturn\n|-immune|p1a: Lanturn|[from] ability: Volt Absorb\n|\n|upkeep\n|turn|39\n|\n|t:|1699890364\n|move|p2a: Togedemaru|Iron Head|p1a: Lanturn\n|-resisted|p1a: Lanturn\n|-damage|p1a: Lanturn|92\/100\n|move|p1a: Lanturn|Hydro Pump|p2a: Togedemaru\n|-damage|p2a: Togedemaru|32\/100\n|\n|-heal|p2a: Togedemaru|38\/100|[from] item: Leftovers\n|upkeep\n|turn|40\n|\n|t:|1699890374\n|switch|p2a: Arcanine|Arcanine-Hisui, M|40\/100 tox\n|move|p1a: Lanturn|Hydro Pump|p2a: Arcanine\n|-supereffective|p2a: Arcanine\n|-damage|p2a: Arcanine|0 fnt\n|faint|p2a: Arcanine\n|\n|upkeep\n|\n|t:|1699890382\n|switch|p2a: Heliolisk|Heliolisk, M|4\/100 tox\n|turn|41\n|\n|t:|1699890385\n|move|p1a: Lanturn|Protect|p1a: Lanturn\n|-singleturn|p1a: Lanturn|Protect\n|move|p2a: Heliolisk|Glare|p1a: Lanturn\n|-activate|p1a: Lanturn|move: Protect\n|\n|-heal|p2a: Heliolisk|10\/100 tox|[from] item: Leftovers\n|-damage|p2a: Heliolisk|4\/100 tox|[from] psn\n|upkeep\n|turn|42\n|\n|t:|1699890396\n|move|p2a: Heliolisk|Glare|p1a: Lanturn\n|-immune|p1a: Lanturn\n|move|p1a: Lanturn|Thunder Wave||[still]\n|-fail|p1a: Lanturn\n|\n|-heal|p2a: Heliolisk|10\/100 tox|[from] item: Leftovers\n|-damage|p2a: Heliolisk|0 fnt|[from] psn\n|faint|p2a: Heliolisk\n|upkeep\n|\n|t:|1699890405\n|switch|p2a: Togedemaru|Togedemaru, M|38\/100\n|turn|43\n|c|\u2606Cabdrum|Bro man why stall\n|c|\u2606Cabdrum|i worked so hard\n|c|\u2606Cabdrum|fir these ooibts\n|c|\u2606Cabdrum|points\n|c|\u2606pacolin|L\n|inactive|Cabdrum has 120 seconds left.\n|\n|t:|1699890440\n|move|p2a: Togedemaru|Iron Head|p1a: Lanturn\n|-resisted|p1a: Lanturn\n|-damage|p1a: Lanturn|83\/100\n|cant|p1a: Lanturn|flinch\n|\n|-heal|p2a: Togedemaru|44\/100|[from] item: Leftovers\n|upkeep\n|turn|44\n|inactive|Cabdrum has 120 seconds left.\n|\n|t:|1699890448\n|move|p2a: Togedemaru|Iron Head|p1a: Lanturn\n|-resisted|p1a: Lanturn\n|-damage|p1a: Lanturn|74\/100\n|move|p1a: Lanturn|Hydro Pump|p2a: Togedemaru\n|-damage|p2a: Togedemaru|0 fnt\n|faint|p2a: Togedemaru\n|\n|win|pacolin\n|raw|pacolin's rating: 1011 &rarr; <strong>1061<\/strong><br \/>(+50 for winning)\n|raw|Cabdrum's rating: 1124 &rarr; <strong>1091<\/strong><br \/>(-33 for losing)\n|c|\u2606pacolin|gg\n|c|\u2606Cabdrum|You don\u2019t deserve it\n|c|\u2606pacolin|lol\n|c|\u2606Cabdrum|But gg\n","uploadtime":1699890475,"views":20,"p1id":"pacolin","p2id":"cabdrum","formatid":"gen9nationaldex","rating":1061,"private":0,"password":""}