{"id":"gen9nationaldex-1999055700","p1":"TheTrueLtaker","p2":"adpg.alt","format":"[Gen 9] National Dex","log":"|j|\u2606TheTrueLtaker\n|j|\u2606adpg.alt\n|t:|1701028395\n|gametype|singles\n|player|p1|TheTrueLtaker|marnie-masters3|\n|player|p2|adpg.alt|hilbert-wonderlauncher|\n|teamsize|p1|6\n|teamsize|p2|6\n|gen|9\n|tier|[Gen 9] National Dex\n|rated|Tournament battle\n|rule|HP Percentage Mod: HP is shown in percentages\n|rule|Endless Battle Clause: Forcing endless battles is banned\n|rule|OHKO Clause: OHKO moves are banned\n|rule|Evasion Clause: Evasion abilities, items, and moves are banned\n|rule|Evasion Abilities Clause: Evasion abilities are banned\n|rule|Evasion Items Clause: Evasion items are banned\n|rule|Evasion Moves Clause: Evasion moves are banned\n|rule|Species Clause: Limit one of each Pok\u00e9mon\n|rule|Sleep Clause Mod: Limit one foe put to sleep\n|rule|Camomons Mod: Pok\u00e9mon have their types set to match their first two moves.\n|rule|CFZ Clause: Crystal-free Z-Moves are banned\n|rule|Sleep Moves Clause: Sleep-inducing moves are banned\n|rule|Terastal Clause: You cannot Terastallize\n|clearpoke\n|poke|p1|Torkoal, F|\n|poke|p1|Houndoom, F|\n|poke|p1|Lapras, M|\n|poke|p1|Walking Wake|\n|poke|p1|Snorlax, M|\n|poke|p1|Lilligant-Hisui, F|\n|poke|p2|Zeraora|\n|poke|p2|Manectric, F|\n|poke|p2|Barraskewda, M|\n|poke|p2|Tapu Lele|\n|poke|p2|Rillaboom, M|\n|poke|p2|Greninja-*, M|\n|teampreview\n|j|%Iolanthe\n|inactive|Battle timer is ON: inactive players will automatically lose when time's up. (requested by TheTrueLtaker)\n|j| ShionShadows\n|c|\u2606TheTrueLtaker|Glhf\n|\n|t:|1701028405\n|start\n|switch|p1a: Salute the Sun|Torkoal, F|100\/100\n|switch|p2a: Barraskewda|Barraskewda, M|100\/100\n|-start|p2a: Barraskewda|typechange|Normal\/Fire|[silent]\n|-start|p1a: Salute the Sun|typechange|Poison\/Dragon|[silent]\n|-weather|SunnyDay|[from] ability: Drought|[of] p1a: Salute the Sun\n|-start|p1a: Salute the Sun|typechange|Poison\/Dragon|[silent]\n|-start|p2a: Barraskewda|typechange|Normal\/Fire|[silent]\n|turn|1\n|l|%Iolanthe\n|c|\u2606adpg.alt|U2\n|\n|t:|1701028415\n|move|p2a: Barraskewda|Stone Axe|p1a: Salute the Sun\n|-damage|p1a: Salute the Sun|85\/100\n|-sidestart|p1: TheTrueLtaker|move: Stealth Rock\n|move|p1a: Salute the Sun|Teleport|p1a: Salute the Sun\n|\n|t:|1701028422\n|switch|p1a: Porky|Snorlax, M|100\/100|[from] Teleport\n|-start|p1a: Porky|typechange|Flying\/Steel|[silent]\n|-damage|p1a: Porky|88\/100|[from] Stealth Rock\n|\n|-weather|SunnyDay|[upkeep]\n|-heal|p1a: Porky|94\/100|[from] item: Leftovers\n|upkeep\n|-start|p1a: Porky|typechange|Flying\/Steel|[silent]\n|turn|2\n|c|\u2606TheTrueLtaker|Uh\n|c|\u2606TheTrueLtaker|This isn't the team i wanted\n|\n|t:|1701028436\n|switch|p1a: Salute the Sun|Torkoal, F|85\/100\n|-start|p1a: Salute the Sun|typechange|Poison\/Dragon|[silent]\n|-damage|p1a: Salute the Sun|73\/100|[from] Stealth Rock\n|move|p2a: Barraskewda|Sacred Fire|p1a: Salute the Sun\n|-resisted|p1a: Salute the Sun\n|-damage|p1a: Salute the Sun|45\/100\n|-status|p1a: Salute the Sun|brn\n|\n|-weather|SunnyDay|[upkeep]\n|-heal|p1a: Salute the Sun|51\/100 brn|[from] item: Black Sludge\n|-damage|p1a: Salute the Sun|45\/100 brn|[from] brn\n|upkeep\n|-start|p1a: Salute the Sun|typechange|Poison\/Dragon|[silent]\n|turn|3\n|\n|t:|1701028455\n|switch|p2a: Rillaboom|Rillaboom, M|100\/100\n|-start|p2a: Rillaboom|typechange|Grass\/Fire|[silent]\n|-fieldstart|move: Grassy Terrain|[from] ability: Grassy Surge|[of] p2a: Rillaboom\n|move|p1a: Salute the Sun|Morning Sun|p1a: Salute the Sun\n|-heal|p1a: Salute the Sun|100\/100 brn\n|\n|-weather|SunnyDay|[upkeep]\n|-damage|p1a: Salute the Sun|94\/100 brn|[from] brn\n|upkeep\n|-start|p2a: Rillaboom|typechange|Grass\/Fire|[silent]\n|turn|4\n|\n|t:|1701028466\n|move|p2a: Rillaboom|U-turn|p1a: Salute the Sun\n|-resisted|p1a: Salute the Sun\n|-damage|p1a: Salute the Sun|82\/100 brn\n|\n|t:|1701028473\n|switch|p2a: Tapu Lele|Tapu Lele|100\/100|[from] U-turn\n|-start|p2a: Tapu Lele|typechange|Psychic\/Fairy|[silent]\n|-fieldstart|move: Psychic Terrain|[from] ability: Psychic Surge|[of] p2a: Tapu Lele\n|move|p1a: Salute the Sun|Mortal Spin|p2a: Tapu Lele\n|-supereffective|p2a: Tapu Lele\n|-damage|p2a: Tapu Lele|87\/100\n|-status|p2a: Tapu Lele|psn\n|-sideend|p1: TheTrueLtaker|Stealth Rock|[from] move: Mortal Spin|[of] p1a: Salute the Sun\n|\n|-weather|SunnyDay|[upkeep]\n|-heal|p1a: Salute the Sun|88\/100 brn|[from] item: Black Sludge\n|-damage|p2a: Tapu Lele|74\/100 psn|[from] psn\n|-damage|p1a: Salute the Sun|82\/100 brn|[from] brn\n|upkeep\n|turn|5\n|\n|t:|1701028483\n|switch|p1a: Porky|Snorlax, M|94\/100\n|-start|p1a: Porky|typechange|Flying\/Steel|[silent]\n|move|p2a: Tapu Lele|Expanding Force|p1a: Porky\n|-resisted|p1a: Porky\n|-damage|p1a: Porky|76\/100\n|\n|-weather|none\n|-heal|p1a: Porky|82\/100|[from] item: Leftovers\n|-damage|p2a: Tapu Lele|62\/100 psn|[from] psn\n|upkeep\n|-start|p1a: Porky|typechange|Flying\/Steel|[silent]\n|turn|6\n|\n|t:|1701028490\n|switch|p2a: Barraskewda|Barraskewda, M|100\/100\n|-start|p2a: Barraskewda|typechange|Normal\/Fire|[silent]\n|-singleturn|p1a: Porky|move: Beak Blast\n|move|p1a: Porky|Beak Blast|p2a: Barraskewda\n|-crit|p2a: Barraskewda\n|-enditem|p2a: Barraskewda|Focus Sash\n|-damage|p2a: Barraskewda|1\/100\n|\n|-heal|p1a: Porky|88\/100|[from] item: Leftovers\n|upkeep\n|-start|p2a: Barraskewda|typechange|Normal\/Fire|[silent]\n|turn|7\n|\n|t:|1701028500\n|switch|p1a: Salute the Sun|Torkoal, F|82\/100 brn\n|-start|p1a: Salute the Sun|typechange|Poison\/Dragon|[silent]\n|-weather|SunnyDay|[from] ability: Drought|[of] p1a: Salute the Sun\n|move|p2a: Barraskewda|Stone Axe|p1a: Salute the Sun\n|-damage|p1a: Salute the Sun|66\/100 brn\n|-sidestart|p1: TheTrueLtaker|move: Stealth Rock\n|\n|-weather|SunnyDay|[upkeep]\n|-heal|p1a: Salute the Sun|72\/100 brn|[from] item: Black Sludge\n|-damage|p1a: Salute the Sun|66\/100 brn|[from] brn\n|upkeep\n|-start|p1a: Salute the Sun|typechange|Poison\/Dragon|[silent]\n|turn|8\n|\n|t:|1701028504\n|move|p2a: Barraskewda|Explosion|p1a: Salute the Sun\n|-damage|p1a: Salute the Sun|0 fnt\n|faint|p2a: Barraskewda\n|faint|p1a: Salute the Sun\n|\n|-weather|SunnyDay|[upkeep]\n|-fieldend|move: Psychic Terrain\n|upkeep\n|\n|t:|1701028518\n|switch|p2a: Rillaboom|Rillaboom, M|100\/100\n|switch|p1a: Lilligant|Lilligant-Hisui, F|100\/100\n|-start|p1a: Lilligant|typechange|Fire\/Grass|[silent]\n|-damage|p1a: Lilligant|76\/100|[from] Stealth Rock\n|-start|p2a: Rillaboom|typechange|Grass\/Fire|[silent]\n|-fieldstart|move: Grassy Terrain|[from] ability: Grassy Surge|[of] p2a: Rillaboom\n|-start|p1a: Lilligant|typechange|Fire\/Grass|[silent]\n|-start|p2a: Rillaboom|typechange|Grass\/Fire|[silent]\n|turn|9\n|c|\u2606TheTrueLtaker|Yeah\n|c|\u2606TheTrueLtaker|This is not the right team at all\n|inactive|TheTrueLtaker has 120 seconds left.\n|\n|t:|1701028563\n|move|p1a: Lilligant|Fire Lash|p2a: Rillaboom\n|-damage|p2a: Rillaboom|40\/100\n|-unboost|p2a: Rillaboom|def|1\n|move|p2a: Rillaboom|Bitter Blade|p1a: Lilligant\n|-damage|p1a: Lilligant|0 fnt\n|-heal|p2a: Rillaboom|71\/100|[from] drain|[of] p1a: Lilligant\n|faint|p1a: Lilligant\n|\n|-weather|SunnyDay|[upkeep]\n|-heal|p2a: Rillaboom|77\/100|[from] Grassy Terrain\n|upkeep\n|\n|t:|1701028572\n|switch|p1a: Magnamolo|Houndoom, F, shiny|100\/100\n|-start|p1a: Magnamolo|typechange|Fire\/Fighting|[silent]\n|-damage|p1a: Magnamolo|88\/100|[from] Stealth Rock\n|-start|p1a: Magnamolo|typechange|Fire\/Fighting|[silent]\n|turn|10\n|\n|t:|1701028592\n|detailschange|p1a: Magnamolo|Houndoom-Mega, F, shiny\n|-mega|p1a: Magnamolo|Houndoom|Houndoominite\n|-start|p1a: Magnamolo|typechange|Fire\/Fighting|[silent]\n|move|p1a: Magnamolo|Blue Flare|p2a: Rillaboom\n|-damage|p2a: Rillaboom|0 fnt\n|faint|p2a: Rillaboom\n|\n|-weather|SunnyDay|[upkeep]\n|-damage|p1a: Magnamolo|76\/100|[from] ability: Solar Power|[of] p1a: Magnamolo\n|-heal|p1a: Magnamolo|82\/100|[from] Grassy Terrain\n|upkeep\n|\n|t:|1701028600\n|switch|p2a: Tapu Lele|Tapu Lele|62\/100 psn\n|-start|p2a: Tapu Lele|typechange|Psychic\/Fairy|[silent]\n|-fieldstart|move: Psychic Terrain|[from] ability: Psychic Surge|[of] p2a: Tapu Lele\n|-start|p1a: Magnamolo|typechange|Fire\/Fighting|[silent]\n|turn|11\n|\n|t:|1701028607\n|switch|p1a: Porky|Snorlax, M|88\/100\n|-start|p1a: Porky|typechange|Flying\/Steel|[silent]\n|-damage|p1a: Porky|75\/100|[from] Stealth Rock\n|move|p2a: Tapu Lele|Trick|p1a: Porky\n|-activate|p2a: Tapu Lele|move: Trick|[of] p1a: Porky\n|-item|p1a: Porky|Choice Scarf|[from] move: Trick\n|-item|p2a: Tapu Lele|Leftovers|[from] move: Trick\n|\n|-weather|none\n|-heal|p2a: Tapu Lele|68\/100 psn|[from] item: Leftovers\n|-damage|p2a: Tapu Lele|55\/100 psn|[from] psn\n|upkeep\n|-start|p1a: Porky|typechange|Flying\/Steel|[silent]\n|turn|12\n|\n|t:|1701028625\n|switch|p2a: Manectric|Manectric, F|100\/100\n|-start|p2a: Manectric|typechange|Ghost\/Fighting|[silent]\n|move|p1a: Porky|Tidy Up|p1a: Porky\n|-sideend|p1: TheTrueLtaker|Stealth Rock\n|-activate|p1a: Porky|move: Tidy Up\n|-boost|p1a: Porky|atk|1\n|-boost|p1a: Porky|spe|1\n|\n|upkeep\n|-start|p2a: Manectric|typechange|Ghost\/Fighting|[silent]\n|turn|13\n|\n|t:|1701028640\n|switch|p1a: Thirsty MF|Lapras, M|100\/100\n|-start|p1a: Thirsty MF|typechange|Flying\/Ground|[silent]\n|detailschange|p2a: Manectric|Manectric-Mega, F\n|-mega|p2a: Manectric|Manectric|Manectite\n|-ability|p2a: Manectric|Intimidate|boost\n|-unboost|p1a: Thirsty MF|atk|1\n|-start|p2a: Manectric|typechange|Ghost\/Fighting|[silent]\n|move|p2a: Manectric|Nasty Plot|p2a: Manectric\n|-boost|p2a: Manectric|spa|2\n|\n|upkeep\n|-start|p1a: Thirsty MF|typechange|Flying\/Ground|[silent]\n|-start|p2a: Manectric|typechange|Ghost\/Fighting|[silent]\n|turn|14\n|\n|t:|1701028650\n|move|p2a: Manectric|Moongeist Beam|p1a: Thirsty MF\n|-damage|p1a: Thirsty MF|24\/100\n|move|p1a: Thirsty MF|Oblivion Wing|p2a: Manectric\n|-supereffective|p2a: Manectric\n|-damage|p2a: Manectric|32\/100\n|-heal|p1a: Thirsty MF|55\/100|[from] drain|[of] p2a: Manectric\n|\n|-heal|p1a: Thirsty MF|61\/100|[from] item: Leftovers\n|upkeep\n|turn|15\n|\n|t:|1701028659\n|move|p2a: Manectric|Moongeist Beam|p1a: Thirsty MF\n|-damage|p1a: Thirsty MF|0 fnt\n|faint|p1a: Thirsty MF\n|\n|-fieldend|move: Psychic Terrain\n|upkeep\n|\n|t:|1701028661\n|switch|p1a: Porky|Snorlax, M|75\/100\n|-start|p1a: Porky|typechange|Flying\/Steel|[silent]\n|-start|p1a: Porky|typechange|Flying\/Steel|[silent]\n|turn|16\n|\n|t:|1701028666\n|-singleturn|p1a: Porky|move: Beak Blast\n|move|p2a: Manectric|Secret Sword|p1a: Porky\n|-damage|p1a: Porky|0 fnt\n|faint|p1a: Porky\n|\n|upkeep\n|-message|TheTrueLtaker forfeited.\n|\n|win|adpg.alt\n|n|\u2606TheTrueLtaker|thetrueltaker\n|n|\u2606adpg.alt|adpgalt\n|n| ShionShadows|shionshadows\n","uploadtime":1701028675,"views":2,"p1id":"thetrueltaker","p2id":"adpgalt","formatid":"gen9nationaldex","rating":0,"private":0,"password":""}