{"id":"gen9nationaldex-2000350239","p1":"reimdm","p2":"tyrannical trinity","format":"[Gen 9] National Dex","log":"|html|<div class=\"broadcast-blue\"><strong>[Gen 9] National Dex is currently suspecting Sneasler! For information on how to participate check out the <a href=\"https:\/\/www.smogon.com\/forums\/threads\/sv-national-dex-suspect-8-just-dance.3731534\/\">suspect thread<\/a>.<\/strong><\/div>\n|j|\u2606reimdm\n|j|\u2606tyrannical trinity\n|t:|1701187331\n|gametype|singles\n|player|p1|reimdm|170|1095\n|player|p2|tyrannical trinity|richboy-gen4|1040\n|teamsize|p1|6\n|teamsize|p2|6\n|gen|9\n|tier|[Gen 9] National Dex\n|rated|\n|rule|HP Percentage Mod: HP is shown in percentages\n|rule|Endless Battle Clause: Forcing endless battles is banned\n|rule|OHKO Clause: OHKO moves are banned\n|rule|Evasion Clause: Evasion abilities, items, and moves are banned\n|rule|Evasion Abilities Clause: Evasion abilities are banned\n|rule|Evasion Items Clause: Evasion items are banned\n|rule|Evasion Moves Clause: Evasion moves are banned\n|rule|Species Clause: Limit one of each Pok\u00e9mon\n|rule|Sleep Clause Mod: Limit one foe put to sleep\n|clearpoke\n|poke|p1|Pyukumuku, F|\n|poke|p1|Weavile, F|\n|poke|p1|Galvantula, M|\n|poke|p1|Corviknight, F|\n|poke|p1|Manaphy|\n|poke|p1|Beedrill, M|\n|poke|p2|Serperior, F|\n|poke|p2|Gliscor, M|\n|poke|p2|Alomomola, F|\n|poke|p2|Medicham, M|\n|poke|p2|Heatran, M|\n|poke|p2|Zapdos|\n|teampreview\n|j| Repeater211\n|\n|t:|1701187340\n|start\n|switch|p1a: Galvantula|Galvantula, M|100\/100\n|switch|p2a: Heatran|Heatran, M|100\/100\n|-item|p2a: Heatran|Air Balloon\n|turn|1\n|\n|t:|1701187343\n|move|p1a: Galvantula|Sticky Web|p2a: Heatran\n|-sidestart|p2: tyrannical trinity|move: Sticky Web\n|move|p2a: Heatran|Magma Storm|p1a: Galvantula\n|-supereffective|p1a: Galvantula\n|-enditem|p1a: Galvantula|Focus Sash\n|-damage|p1a: Galvantula|1\/100\n|-activate|p1a: Galvantula|move: Magma Storm|[of] p2a: Heatran\n|\n|-damage|p1a: Galvantula|0 fnt|[from] move: Magma Storm|[partiallytrapped]\n|faint|p1a: Galvantula\n|upkeep\n|\n|t:|1701187348\n|switch|p1a: Beedrill|Beedrill, M|100\/100\n|turn|2\n|\n|t:|1701187359\n|switch|p2a: Gliscor|Gliscor, M, shiny|100\/100\n|detailschange|p1a: Beedrill|Beedrill-Mega, M\n|-mega|p1a: Beedrill|Beedrill|Beedrillite\n|move|p1a: Beedrill|Drill Run|p2a: Gliscor\n|-immune|p2a: Gliscor\n|\n|-status|p2a: Gliscor|tox|[from] item: Toxic Orb\n|upkeep\n|turn|3\n|\n|t:|1701187376\n|switch|p1a: Corviknight|Corviknight, F|100\/100\n|-ability|p1a: Corviknight|Pressure\n|move|p2a: Gliscor|Stealth Rock|p1a: Corviknight\n|-sidestart|p1: reimdm|move: Stealth Rock\n|\n|upkeep\n|turn|4\n|\n|t:|1701187382\n|switch|p2a: Zapdos|Zapdos|100\/100\n|move|p1a: Corviknight|Brave Bird|p2a: Zapdos\n|-resisted|p2a: Zapdos\n|-damage|p2a: Zapdos|87\/100\n|-damage|p1a: Corviknight|96\/100|[from] Recoil\n|\n|-heal|p1a: Corviknight|100\/100|[from] item: Leftovers\n|upkeep\n|turn|5\n|\n|t:|1701187403\n|move|p2a: Zapdos|Defog|p1a: Corviknight\n|-unboost|p1a: Corviknight|evasion|1\n|-sideend|p1: reimdm|Stealth Rock|[from] move: Defog|[of] p2a: Zapdos\n|-sideend|p2: tyrannical trinity|Sticky Web|[from] move: Defog|[of] p2a: Zapdos\n|move|p1a: Corviknight|Roost||[still]\n|-fail|p1a: Corviknight|heal\n|\n|upkeep\n|turn|6\n|\n|t:|1701187408\n|move|p2a: Zapdos|Volt Switch|p1a: Corviknight\n|-supereffective|p1a: Corviknight\n|-damage|p1a: Corviknight|50\/100\n|inactive|Battle timer is ON: inactive players will automatically lose when time's up. (requested by reimdm)\n|\n|t:|1701187414\n|switch|p2a: Alomomola|Alomomola, F|100\/100|[from] Volt Switch\n|move|p1a: Corviknight|Brave Bird|p2a: Alomomola\n|-damage|p2a: Alomomola|80\/100\n|-damage|p1a: Corviknight|41\/100|[from] Recoil\n|\n|-heal|p1a: Corviknight|47\/100|[from] item: Leftovers\n|upkeep\n|turn|7\n|\n|t:|1701187419\n|move|p1a: Corviknight|Roost|p1a: Corviknight\n|-heal|p1a: Corviknight|97\/100\n|-singleturn|p1a: Corviknight|move: Roost\n|move|p2a: Alomomola|Flip Turn|p1a: Corviknight\n|-damage|p1a: Corviknight|87\/100\n|\n|t:|1701187422\n|switch|p2a: Heatran|Heatran, M|100\/100|[from] Flip Turn\n|-item|p2a: Heatran|Air Balloon\n|\n|-heal|p1a: Corviknight|93\/100|[from] item: Leftovers\n|upkeep\n|turn|8\n|\n|t:|1701187426\n|switch|p1a: Manaphy|Manaphy|100\/100\n|move|p2a: Heatran|Magma Storm|p1a: Manaphy\n|-resisted|p1a: Manaphy\n|-crit|p1a: Manaphy\n|-damage|p1a: Manaphy|68\/100\n|-activate|p1a: Manaphy|move: Magma Storm|[of] p2a: Heatran\n|\n|-damage|p1a: Manaphy|55\/100|[from] move: Magma Storm|[partiallytrapped]\n|upkeep\n|turn|9\n|\n|t:|1701187445\n|switch|p2a: Serperior|Serperior, F|100\/100\n|move|p1a: Manaphy|Surf|p2a: Serperior\n|-resisted|p2a: Serperior\n|-damage|p2a: Serperior|80\/100\n|\n|-heal|p2a: Serperior|86\/100|[from] item: Leftovers\n|-end|p1a: Manaphy|Magma Storm|[partiallytrapped]|[silent]\n|upkeep\n|turn|10\n|\n|t:|1701187459\n|switch|p2a: Zapdos|Zapdos|87\/100\n|switch|p1a: Corviknight|Corviknight, F|93\/100\n|-ability|p1a: Corviknight|Pressure\n|\n|-heal|p1a: Corviknight|99\/100|[from] item: Leftovers\n|upkeep\n|turn|11\n|\n|t:|1701187472\n|switch|p1a: Manaphy|Manaphy|55\/100\n|move|p2a: Zapdos|Volt Switch|p1a: Manaphy\n|-supereffective|p1a: Manaphy\n|-damage|p1a: Manaphy|0 fnt\n|faint|p1a: Manaphy\n|\n|t:|1701187482\n|switch|p2a: Alomomola|Alomomola, F|100\/100|[from] Volt Switch\n|\n|upkeep\n|\n|t:|1701187490\n|switch|p1a: Pyukumuku|Pyukumuku, F|100\/100\n|turn|12\n|\n|t:|1701187506\n|move|p2a: Alomomola|Toxic|p1a: Pyukumuku\n|-status|p1a: Pyukumuku|tox\n|move|p1a: Pyukumuku|Toxic|p2a: Alomomola\n|-status|p2a: Alomomola|tox\n|\n|-damage|p2a: Alomomola|94\/100 tox|[from] psn\n|-damage|p1a: Pyukumuku|94\/100 tox|[from] psn\n|upkeep\n|turn|13\n|\n|t:|1701187512\n|switch|p1a: Weavile|Weavile, F|100\/100\n|-ability|p1a: Weavile|Pressure\n|move|p2a: Alomomola|Wish|p2a: Alomomola\n|\n|-damage|p2a: Alomomola|82\/100 tox|[from] psn\n|upkeep\n|turn|14\n|\n|t:|1701187518\n|move|p1a: Weavile|Taunt|p2a: Alomomola\n|-start|p2a: Alomomola|move: Taunt\n|move|p2a: Alomomola|Flip Turn|p1a: Weavile\n|-damage|p1a: Weavile|72\/100\n|\n|t:|1701187528\n|switch|p2a: Heatran|Heatran, M|100\/100|[from] Flip Turn\n|-item|p2a: Heatran|Air Balloon\n|\n|upkeep\n|turn|15\n|\n|t:|1701187537\n|move|p1a: Weavile|Knock Off|p2a: Heatran\n|-damage|p2a: Heatran|53\/100\n|-enditem|p2a: Heatran|Air Balloon\n|-damage|p1a: Weavile|63\/100|[from] item: Life Orb\n|move|p2a: Heatran|Magma Storm|p1a: Weavile\n|-supereffective|p1a: Weavile\n|-damage|p1a: Weavile|0 fnt\n|faint|p1a: Weavile\n|\n|upkeep\n|\n|t:|1701187552\n|switch|p1a: Beedrill|Beedrill-Mega, M|100\/100\n|turn|16\n|\n|t:|1701187564\n|switch|p2a: Gliscor|Gliscor, M, shiny|100\/100 tox\n|move|p1a: Beedrill|Knock Off|p2a: Gliscor\n|-damage|p2a: Gliscor|70\/100 tox\n|-enditem|p2a: Gliscor|Toxic Orb|[from] move: Knock Off|[of] p1a: Beedrill\n|\n|-heal|p2a: Gliscor|82\/100 tox|[from] ability: Poison Heal\n|upkeep\n|turn|17\n|\n|t:|1701187577\n|switch|p1a: Corviknight|Corviknight, F|99\/100\n|-ability|p1a: Corviknight|Pressure\n|move|p2a: Gliscor|Stealth Rock|p1a: Corviknight\n|-sidestart|p1: reimdm|move: Stealth Rock\n|\n|-heal|p1a: Corviknight|100\/100|[from] item: Leftovers\n|-heal|p2a: Gliscor|95\/100 tox|[from] ability: Poison Heal\n|upkeep\n|turn|18\n|\n|t:|1701187593\n|switch|p2a: Heatran|Heatran, M|53\/100\n|switch|p1a: Beedrill|Beedrill-Mega, M|100\/100\n|-damage|p1a: Beedrill|75\/100|[from] Stealth Rock\n|\n|upkeep\n|turn|19\n|\n|t:|1701187597\n|switch|p2a: Gliscor|Gliscor, M, shiny|95\/100 tox\n|move|p1a: Beedrill|Drill Run|p2a: Gliscor\n|-immune|p2a: Gliscor\n|\n|-heal|p2a: Gliscor|100\/100 tox|[from] ability: Poison Heal\n|upkeep\n|turn|20\n|\n|t:|1701187610\n|move|p1a: Beedrill|Fell Stinger|p2a: Gliscor\n|-resisted|p2a: Gliscor\n|-damage|p2a: Gliscor|86\/100 tox\n|move|p2a: Gliscor|Knock Off|p1a: Beedrill\n|-damage|p1a: Beedrill|39\/100\n|\n|-heal|p2a: Gliscor|98\/100 tox|[from] ability: Poison Heal\n|upkeep\n|turn|21\n|-message|reimdm forfeited.\n|\n|win|tyrannical trinity\n|raw|reimdm's rating: 1095 &rarr; <strong>1067<\/strong><br \/>(-28 for losing)\n|raw|tyrannical trinity's rating: 1040 &rarr; <strong>1079<\/strong><br \/>(+39 for winning)\n|c| Repeater211|?\n","uploadtime":1701187623,"views":1,"p1id":"reimdm","p2id":"tyrannicaltrinity","formatid":"gen9nationaldex","rating":1067,"private":0,"password":""}