{"id":"gen9nationaldex-1993009238","p1":"Azu_CriticalXD","p2":"mariopan","format":"[Gen 9] National Dex","log":"|j|\u2606Azu_CriticalXD\n|j|\u2606mariopan\n|t:|1700255087\n|gametype|singles\n|player|p1|Azu_CriticalXD|ltsurge|\n|player|p2|mariopan|hilbert|\n|teamsize|p1|6\n|teamsize|p2|6\n|gen|9\n|tier|[Gen 9] National Dex\n|rule|HP Percentage Mod: HP is shown in percentages\n|rule|Endless Battle Clause: Forcing endless battles is banned\n|rule|OHKO Clause: OHKO moves are banned\n|rule|Evasion Clause: Evasion abilities, items, and moves are banned\n|rule|Evasion Abilities Clause: Evasion abilities are banned\n|rule|Evasion Items Clause: Evasion items are banned\n|rule|Evasion Moves Clause: Evasion moves are banned\n|rule|Species Clause: Limit one of each Pok\u00e9mon\n|rule|Sleep Clause Mod: Limit one foe put to sleep\n|clearpoke\n|poke|p1|Chansey, F|\n|poke|p1|Ursaluna, F|\n|poke|p1|Maushold-Four|\n|poke|p1|Regigigas|\n|poke|p1|Pidgeot, M|\n|poke|p1|Porygon-Z|\n|poke|p2|Garganacl, M|\n|poke|p2|Glimmora, M|\n|poke|p2|Aerodactyl, F|\n|poke|p2|Shuckle, M|\n|poke|p2|Cradily, M|\n|poke|p2|Tyranitar, F|\n|teampreview\n|\n|t:|1700255097\n|start\n|switch|p1a: Regbeat|Regigigas, shiny|100\/100\n|switch|p2a: Tyranitar|Tyranitar, F|100\/100\n|-start|p1a: Regbeat|ability: Slow Start\n|-weather|Sandstorm|[from] ability: Sand Stream|[of] p2a: Tyranitar\n|turn|1\n|\n|t:|1700255107\n|move|p2a: Tyranitar|Thunder Wave|p1a: Regbeat\n|-status|p1a: Regbeat|par\n|move|p1a: Regbeat|Drain Punch|p2a: Tyranitar\n|-supereffective|p2a: Tyranitar\n|-damage|p2a: Tyranitar|37\/100\n|\n|-weather|Sandstorm|[upkeep]\n|-damage|p1a: Regbeat|94\/100 par|[from] Sandstorm\n|-heal|p1a: Regbeat|100\/100 par|[from] item: Leftovers\n|upkeep\n|turn|2\n|\n|t:|1700255124\n|switch|p2a: Garganacl|Garganacl, M|100\/100\n|-end|p1a: Regbeat|Slow Start|[silent]\n|switch|p1a: Cuichan|Chansey, F, shiny|100\/100\n|\n|-weather|Sandstorm|[upkeep]\n|-damage|p1a: Cuichan|94\/100|[from] Sandstorm\n|upkeep\n|turn|3\n|\n|t:|1700255132\n|move|p1a: Cuichan|Heal Bell|p1a: Cuichan\n|-activate|p1a: Cuichan|move: Heal Bell\n|-curestatus|p1: Regbeat|par|[msg]\n|move|p2a: Garganacl|Salt Cure|p1a: Cuichan\n|-damage|p1a: Cuichan|86\/100\n|-start|p1a: Cuichan|Salt Cure\n|\n|-weather|Sandstorm|[upkeep]\n|-damage|p1a: Cuichan|80\/100|[from] Sandstorm\n|-damage|p1a: Cuichan|67\/100|[from] Salt Cure\n|upkeep\n|turn|4\n|\n|t:|1700255141\n|move|p1a: Cuichan|Wish|p1a: Cuichan\n|move|p2a: Garganacl|Stealth Rock|p1a: Cuichan\n|-sidestart|p1: Azu_CriticalXD|move: Stealth Rock\n|\n|-weather|Sandstorm|[upkeep]\n|-damage|p1a: Cuichan|61\/100|[from] Sandstorm\n|-damage|p1a: Cuichan|49\/100|[from] Salt Cure\n|upkeep\n|turn|5\n|\n|t:|1700255151\n|switch|p2a: Shuckle|Shuckle, M|100\/100\n|move|p1a: Cuichan|Toxic|p2a: Shuckle\n|-status|p2a: Shuckle|tox\n|\n|-weather|Sandstorm|[upkeep]\n|-damage|p1a: Cuichan|43\/100|[from] Sandstorm\n|-heal|p1a: Cuichan|93\/100|[from] move: Wish|[wisher] Cuichan\n|-damage|p2a: Shuckle|94\/100 tox|[from] psn\n|-damage|p1a: Cuichan|80\/100|[from] Salt Cure\n|upkeep\n|turn|6\n|\n|t:|1700255164\n|switch|p1a: Regbeat|Regigigas, shiny|100\/100\n|-damage|p1a: Regbeat|88\/100|[from] Stealth Rock\n|-start|p1a: Regbeat|ability: Slow Start\n|move|p2a: Shuckle|Sticky Web|p1a: Regbeat\n|-sidestart|p1: Azu_CriticalXD|move: Sticky Web\n|\n|-weather|Sandstorm|[upkeep]\n|-damage|p1a: Regbeat|82\/100|[from] Sandstorm\n|-heal|p1a: Regbeat|88\/100|[from] item: Leftovers\n|-damage|p2a: Shuckle|82\/100 tox|[from] psn\n|upkeep\n|turn|7\n|\n|t:|1700255175\n|move|p1a: Regbeat|Power-Up Punch|p2a: Shuckle\n|-damage|p2a: Shuckle|77\/100 tox\n|-boost|p1a: Regbeat|atk|1\n|-enditem|p2a: Shuckle|Red Card|[of] p1a: Regbeat\n|-end|p1a: Regbeat|Slow Start|[silent]\n|drag|p1a: Fancie|Ursaluna, F, shiny|100\/100\n|-damage|p1a: Fancie|94\/100|[from] Stealth Rock\n|-activate|p1a: Fancie|move: Sticky Web\n|-unboost|p1a: Fancie|spe|1\n|move|p2a: Shuckle|Toxic|p1a: Fancie\n|-status|p1a: Fancie|tox\n|\n|-weather|Sandstorm|[upkeep]\n|-damage|p1a: Fancie|88\/100 tox|[from] psn\n|-damage|p2a: Shuckle|59\/100 tox|[from] psn\n|upkeep\n|turn|8\n|c|\u2606Azu_CriticalXD|vrga xd\n|c|\u2606Azu_CriticalXD|me sacaste a la osa\n|c|\u2606mariopan|la buena tarjeta roja\n|\n|t:|1700255220\n|switch|p1a: Cuichan|Chansey, F, shiny|80\/100\n|-damage|p1a: Cuichan|68\/100|[from] Stealth Rock\n|-activate|p1a: Cuichan|move: Sticky Web\n|-unboost|p1a: Cuichan|spe|1\n|switch|p2a: Glimmora|Glimmora, M|100\/100\n|\n|-weather|none\n|upkeep\n|turn|9\n|\n|t:|1700255229\n|move|p2a: Glimmora|Spikes|p1a: Cuichan\n|-sidestart|p1: Azu_CriticalXD|Spikes\n|move|p1a: Cuichan|Heal Bell|p1a: Cuichan\n|-activate|p1a: Cuichan|move: Heal Bell\n|-curestatus|p1: Fancie|tox|[msg]\n|\n|upkeep\n|turn|10\n|\n|t:|1700255236\n|switch|p1a: Bloodmen|Maushold-Four, shiny|100\/100\n|-damage|p1a: Bloodmen|88\/100|[from] Stealth Rock\n|-activate|p1a: Bloodmen|move: Sticky Web\n|-unboost|p1a: Bloodmen|spe|1\n|-damage|p1a: Bloodmen|76\/100|[from] Spikes\n|move|p2a: Glimmora|Spikes|p1a: Bloodmen\n|-sidestart|p1: Azu_CriticalXD|Spikes\n|\n|upkeep\n|turn|11\n|\n|t:|1700255244\n|switch|p2a: Garganacl|Garganacl, M|100\/100\n|move|p1a: Bloodmen|Tidy Up|p1a: Bloodmen\n|-sideend|p1: Azu_CriticalXD|Spikes\n|-sideend|p1: Azu_CriticalXD|Stealth Rock\n|-sideend|p1: Azu_CriticalXD|Sticky Web\n|-activate|p1a: Bloodmen|move: Tidy Up\n|-boost|p1a: Bloodmen|atk|1\n|-boost|p1a: Bloodmen|spe|1\n|\n|upkeep\n|turn|12\n|\n|t:|1700255257\n|move|p1a: Bloodmen|Population Bomb|p2a: Garganacl\n|-resisted|p2a: Garganacl\n|-damage|p2a: Garganacl|95\/100\n|-resisted|p2a: Garganacl\n|-damage|p2a: Garganacl|89\/100\n|-resisted|p2a: Garganacl\n|-damage|p2a: Garganacl|84\/100\n|-resisted|p2a: Garganacl\n|-damage|p2a: Garganacl|78\/100\n|-resisted|p2a: Garganacl\n|-damage|p2a: Garganacl|73\/100\n|-resisted|p2a: Garganacl\n|-crit|p2a: Garganacl\n|-damage|p2a: Garganacl|65\/100\n|-resisted|p2a: Garganacl\n|-damage|p2a: Garganacl|59\/100\n|-resisted|p2a: Garganacl\n|-damage|p2a: Garganacl|54\/100\n|-resisted|p2a: Garganacl\n|-damage|p2a: Garganacl|48\/100\n|-resisted|p2a: Garganacl\n|-damage|p2a: Garganacl|42\/100\n|-hitcount|p2a: Garganacl|10\n|move|p2a: Garganacl|Salt Cure|p1a: Bloodmen\n|-damage|p1a: Bloodmen|55\/100\n|-start|p1a: Bloodmen|Salt Cure\n|\n|-damage|p1a: Bloodmen|42\/100|[from] Salt Cure\n|upkeep\n|turn|13\n|\n|t:|1700255282\n|switch|p1a: Cuichan|Chansey, F, shiny|68\/100\n|move|p2a: Garganacl|Protect||[still]\n|-fail|p2a: Garganacl\n|\n|upkeep\n|turn|14\n|\n|t:|1700255287\n|move|p1a: Cuichan|Wish|p1a: Cuichan\n|move|p2a: Garganacl|Recover|p2a: Garganacl\n|-heal|p2a: Garganacl|92\/100\n|\n|upkeep\n|turn|15\n|\n|t:|1700255295\n|move|p1a: Cuichan|Toxic|p2a: Garganacl\n|-immune|p2a: Garganacl|[from] ability: Purifying Salt\n|move|p2a: Garganacl|Stealth Rock|p1a: Cuichan\n|-sidestart|p1: Azu_CriticalXD|move: Stealth Rock\n|\n|-heal|p1a: Cuichan|100\/100|[from] move: Wish|[wisher] Cuichan\n|upkeep\n|turn|16\n|c|\u2606Azu_CriticalXD|a si vrda xdd\n|\n|t:|1700255306\n|move|p1a: Cuichan|Wish|p1a: Cuichan\n|move|p2a: Garganacl|Salt Cure|p1a: Cuichan\n|-damage|p1a: Cuichan|92\/100\n|-start|p1a: Cuichan|Salt Cure\n|\n|-damage|p1a: Cuichan|80\/100|[from] Salt Cure\n|upkeep\n|turn|17\n|\n|t:|1700255316\n|switch|p1a: Bloodmen|Maushold-Four, shiny|42\/100\n|-damage|p1a: Bloodmen|30\/100|[from] Stealth Rock\n|switch|p2a: Tyranitar|Tyranitar, F|37\/100\n|-weather|Sandstorm|[from] ability: Sand Stream|[of] p2a: Tyranitar\n|\n|-weather|Sandstorm|[upkeep]\n|-damage|p1a: Bloodmen|24\/100|[from] Sandstorm\n|-heal|p1a: Bloodmen|100\/100|[from] move: Wish|[wisher] Cuichan\n|upkeep\n|turn|18\n|\n|t:|1700255348\n|switch|p2a: Shuckle|Shuckle, M|59\/100 tox\n|move|p1a: Bloodmen|Population Bomb|p2a: Shuckle\n|-resisted|p2a: Shuckle\n|-damage|p2a: Shuckle|55\/100 tox\n|-resisted|p2a: Shuckle\n|-damage|p2a: Shuckle|52\/100 tox\n|-resisted|p2a: Shuckle\n|-damage|p2a: Shuckle|49\/100 tox\n|-resisted|p2a: Shuckle\n|-damage|p2a: Shuckle|46\/100 tox\n|-resisted|p2a: Shuckle\n|-damage|p2a: Shuckle|44\/100 tox\n|-resisted|p2a: Shuckle\n|-damage|p2a: Shuckle|40\/100 tox\n|-resisted|p2a: Shuckle\n|-damage|p2a: Shuckle|37\/100 tox\n|-resisted|p2a: Shuckle\n|-damage|p2a: Shuckle|34\/100 tox\n|-resisted|p2a: Shuckle\n|-damage|p2a: Shuckle|31\/100 tox\n|-resisted|p2a: Shuckle\n|-damage|p2a: Shuckle|28\/100 tox\n|-hitcount|p2a: Shuckle|10\n|\n|-weather|Sandstorm|[upkeep]\n|-damage|p1a: Bloodmen|94\/100|[from] Sandstorm\n|-damage|p2a: Shuckle|21\/100 tox|[from] psn\n|upkeep\n|turn|19\n|\n|t:|1700255360\n|move|p1a: Bloodmen|Tidy Up|p1a: Bloodmen\n|-sideend|p1: Azu_CriticalXD|Stealth Rock\n|-activate|p1a: Bloodmen|move: Tidy Up\n|-boost|p1a: Bloodmen|atk|1\n|-boost|p1a: Bloodmen|spe|1\n|move|p2a: Shuckle|Toxic|p1a: Bloodmen\n|-status|p1a: Bloodmen|tox\n|\n|-weather|Sandstorm|[upkeep]\n|-damage|p1a: Bloodmen|88\/100 tox|[from] Sandstorm\n|-damage|p1a: Bloodmen|82\/100 tox|[from] psn\n|-damage|p2a: Shuckle|9\/100 tox|[from] psn\n|upkeep\n|turn|20\n|\n|t:|1700255384\n|move|p1a: Bloodmen|Population Bomb|p2a: Shuckle\n|-resisted|p2a: Shuckle\n|-damage|p2a: Shuckle|5\/100 tox\n|-resisted|p2a: Shuckle\n|-damage|p2a: Shuckle|0 fnt\n|faint|p2a: Shuckle\n|-hitcount|p2: Shuckle|2\n|\n|-weather|Sandstorm|[upkeep]\n|-damage|p1a: Bloodmen|76\/100 tox|[from] Sandstorm\n|-damage|p1a: Bloodmen|63\/100 tox|[from] psn\n|upkeep\n|\n|t:|1700255393\n|switch|p2a: Garganacl|Garganacl, M|92\/100\n|turn|21\n|\n|t:|1700255400\n|move|p1a: Bloodmen|Encore||[still]\n|-fail|p1a: Bloodmen\n|move|p2a: Garganacl|Salt Cure|p1a: Bloodmen\n|-damage|p1a: Bloodmen|40\/100 tox\n|-start|p1a: Bloodmen|Salt Cure\n|\n|-weather|Sandstorm|[upkeep]\n|-damage|p1a: Bloodmen|34\/100 tox|[from] Sandstorm\n|-damage|p1a: Bloodmen|15\/100 tox|[from] psn\n|-damage|p1a: Bloodmen|3\/100 tox|[from] Salt Cure\n|upkeep\n|turn|22\n|\n|t:|1700255413\n|switch|p1a: Cuichan|Chansey, F, shiny|80\/100\n|move|p2a: Garganacl|Stealth Rock|p1a: Cuichan\n|-sidestart|p1: Azu_CriticalXD|move: Stealth Rock\n|\n|-weather|Sandstorm|[upkeep]\n|-damage|p1a: Cuichan|74\/100|[from] Sandstorm\n|upkeep\n|turn|23\n|\n|t:|1700255425\n|switch|p2a: Glimmora|Glimmora, M|100\/100\n|move|p1a: Cuichan|Wish|p1a: Cuichan\n|\n|-weather|Sandstorm|[upkeep]\n|-damage|p1a: Cuichan|68\/100|[from] Sandstorm\n|upkeep\n|turn|24\n|\n|t:|1700255442\n|move|p2a: Glimmora|Sludge Wave|p1a: Cuichan\n|-damage|p1a: Cuichan|51\/100\n|-status|p1a: Cuichan|psn\n|move|p1a: Cuichan|Seismic Toss|p2a: Glimmora\n|-damage|p2a: Glimmora|68\/100\n|-activate|p2a: Glimmora|ability: Toxic Debris\n|-sidestart|p1: Azu_CriticalXD|move: Toxic Spikes\n|\n|-weather|none\n|-heal|p1a: Cuichan|100\/100 psn|[from] move: Wish|[wisher] Cuichan\n|-damage|p1a: Cuichan|88\/100 psn|[from] psn\n|upkeep\n|turn|25\n|\n|t:|1700255456\n|move|p2a: Glimmora|Sludge Wave|p1a: Cuichan\n|-damage|p1a: Cuichan|72\/100 psn\n|move|p1a: Cuichan|Seismic Toss|p2a: Glimmora\n|-damage|p2a: Glimmora|36\/100\n|-activate|p2a: Glimmora|ability: Toxic Debris\n|-sidestart|p1: Azu_CriticalXD|move: Toxic Spikes\n|\n|-damage|p1a: Cuichan|60\/100 psn|[from] psn\n|upkeep\n|turn|26\n|\n|t:|1700255475\n|switch|p2a: Cradily|Cradily, M|100\/100\n|-curestatus|p1a: Cuichan|psn|[from] ability: Natural Cure\n|switch|p1a: LordJesus|Pidgeot, M, shiny|100\/100\n|-damage|p1a: LordJesus|76\/100|[from] Stealth Rock\n|\n|upkeep\n|turn|27\n|\n|t:|1700255492\n|detailschange|p1a: LordJesus|Pidgeot-Mega, M, shiny\n|-mega|p1a: LordJesus|Pidgeot|Pidgeotite\n|-terastallize|p2a: Cradily|Rock\n|move|p1a: LordJesus|Defog|p2a: Cradily\n|-unboost|p2a: Cradily|evasion|1\n|-sideend|p1: Azu_CriticalXD|Toxic Spikes|[from] move: Defog|[of] p1a: LordJesus\n|-sideend|p1: Azu_CriticalXD|Stealth Rock|[from] move: Defog|[of] p1a: LordJesus\n|move|p2a: Cradily|Ancient Power|p1a: LordJesus\n|-supereffective|p1a: LordJesus\n|-damage|p1a: LordJesus|13\/100\n|\n|upkeep\n|turn|28\n|\n|t:|1700255507\n|switch|p1a: Regbeat|Regigigas, shiny|88\/100\n|-start|p1a: Regbeat|ability: Slow Start\n|move|p2a: Cradily|Ancient Power|p1a: Regbeat\n|-damage|p1a: Regbeat|71\/100\n|\n|-heal|p1a: Regbeat|77\/100|[from] item: Leftovers\n|upkeep\n|turn|29\n|\n|t:|1700255524\n|-terastallize|p1a: Regbeat|Fighting\n|move|p2a: Cradily|Toxic|p1a: Regbeat\n|-status|p1a: Regbeat|tox\n|move|p1a: Regbeat|Drain Punch|p2a: Cradily\n|-supereffective|p2a: Cradily\n|-damage|p2a: Cradily|62\/100\n|-heal|p1a: Regbeat|95\/100 tox|[from] drain|[of] p2a: Cradily\n|\n|-heal|p2a: Cradily|68\/100|[from] item: Leftovers\n|-heal|p1a: Regbeat|100\/100 tox|[from] item: Leftovers\n|-damage|p1a: Regbeat|94\/100 tox|[from] psn\n|upkeep\n|turn|30\n|\n|t:|1700255537\n|switch|p2a: Tyranitar|Tyranitar, F|37\/100\n|-weather|Sandstorm|[from] ability: Sand Stream|[of] p2a: Tyranitar\n|move|p1a: Regbeat|Avalanche|p2a: Tyranitar\n|-damage|p2a: Tyranitar|26\/100\n|\n|-weather|Sandstorm|[upkeep]\n|-damage|p1a: Regbeat|88\/100 tox|[from] Sandstorm\n|-heal|p1a: Regbeat|94\/100 tox|[from] item: Leftovers\n|-damage|p1a: Regbeat|82\/100 tox|[from] psn\n|upkeep\n|turn|31\n|\n|t:|1700255550\n|switch|p2a: Garganacl|Garganacl, M|92\/100\n|move|p1a: Regbeat|Drain Punch|p2a: Garganacl\n|-supereffective|p2a: Garganacl\n|-damage|p2a: Garganacl|56\/100\n|-heal|p1a: Regbeat|99\/100 tox|[from] drain|[of] p2a: Garganacl\n|\n|-weather|Sandstorm|[upkeep]\n|-damage|p1a: Regbeat|94\/100 tox|[from] Sandstorm\n|-heal|p1a: Regbeat|99\/100 tox|[from] item: Leftovers\n|-damage|p1a: Regbeat|81\/100 tox|[from] psn\n|upkeep\n|turn|32\n|\n|t:|1700255563\n|move|p1a: Regbeat|Drain Punch|p2a: Garganacl\n|-supereffective|p2a: Garganacl\n|-damage|p2a: Garganacl|24\/100\n|-heal|p1a: Regbeat|97\/100 tox|[from] drain|[of] p2a: Garganacl\n|move|p2a: Garganacl|Salt Cure|p1a: Regbeat\n|-resisted|p1a: Regbeat\n|-damage|p1a: Regbeat|92\/100 tox\n|-start|p1a: Regbeat|Salt Cure\n|\n|-weather|Sandstorm|[upkeep]\n|-damage|p1a: Regbeat|86\/100 tox|[from] Sandstorm\n|-heal|p1a: Regbeat|92\/100 tox|[from] item: Leftovers\n|-damage|p1a: Regbeat|67\/100 tox|[from] psn\n|-damage|p1a: Regbeat|55\/100 tox|[from] Salt Cure\n|-end|p1a: Regbeat|Slow Start\n|upkeep\n|turn|33\n|\n|t:|1700255582\n|move|p2a: Garganacl|Protect|p2a: Garganacl\n|-singleturn|p2a: Garganacl|Protect\n|move|p1a: Regbeat|Drain Punch|p2a: Garganacl\n|-activate|p2a: Garganacl|move: Protect\n|\n|-weather|Sandstorm|[upkeep]\n|-damage|p1a: Regbeat|48\/100 tox|[from] Sandstorm\n|-heal|p1a: Regbeat|55\/100 tox|[from] item: Leftovers\n|-damage|p1a: Regbeat|23\/100 tox|[from] psn\n|-damage|p1a: Regbeat|11\/100 tox|[from] Salt Cure\n|upkeep\n|turn|34\n|\n|t:|1700255604\n|switch|p2a: Cradily|Cradily, M, tera:Rock|68\/100\n|move|p1a: Regbeat|Drain Punch|p2a: Cradily\n|-supereffective|p2a: Cradily\n|-damage|p2a: Cradily|0 fnt\n|-heal|p1a: Regbeat|43\/100 tox|[from] drain|[of] p2a: Cradily\n|faint|p2a: Cradily\n|\n|-weather|Sandstorm|[upkeep]\n|-damage|p1a: Regbeat|37\/100 tox|[from] Sandstorm\n|-heal|p1a: Regbeat|43\/100 tox|[from] item: Leftovers\n|-damage|p1a: Regbeat|5\/100 tox|[from] psn\n|-damage|p1a: Regbeat|0 fnt|[from] Salt Cure\n|faint|p1a: Regbeat\n|-end|p1a: Regbeat|Slow Start|[silent]\n|upkeep\n|\n|t:|1700255627\n|switch|p1a: Cuichan|Chansey, F, shiny|60\/100\n|switch|p2a: Aerodactyl|Aerodactyl, F|100\/100\n|turn|35\n|\n|t:|1700255642\n|detailschange|p2a: Aerodactyl|Aerodactyl-Mega, F\n|-mega|p2a: Aerodactyl|Aerodactyl|Aerodactylite\n|move|p2a: Aerodactyl|Hone Claws|p2a: Aerodactyl\n|-boost|p2a: Aerodactyl|atk|1\n|-boost|p2a: Aerodactyl|accuracy|1\n|move|p1a: Cuichan|Heal Bell|p1a: Cuichan\n|-activate|p1a: Cuichan|move: Heal Bell\n|-curestatus|p1: Bloodmen|tox|[msg]\n|\n|-weather|Sandstorm|[upkeep]\n|-damage|p1a: Cuichan|54\/100|[from] Sandstorm\n|upkeep\n|turn|36\n|\n|t:|1700255659\n|move|p2a: Aerodactyl|Stone Edge|p1a: Cuichan\n|-damage|p1a: Cuichan|0 fnt\n|faint|p1a: Cuichan\n|\n|-weather|Sandstorm|[upkeep]\n|upkeep\n|\n|t:|1700255665\n|switch|p1a: Glitchman|Porygon-Z, shiny|100\/100\n|turn|37\n|\n|t:|1700255674\n|move|p1a: Glitchman|Ice Beam|p2a: Aerodactyl\n|-supereffective|p2a: Aerodactyl\n|-damage|p2a: Aerodactyl|47\/100\n|move|p2a: Aerodactyl|Stone Edge|p1a: Glitchman\n|-damage|p1a: Glitchman|0 fnt\n|faint|p1a: Glitchman\n|\n|-weather|none\n|upkeep\n|\n|t:|1700255690\n|switch|p1a: LordJesus|Pidgeot-Mega, M, shiny|13\/100\n|turn|38\n|\n|t:|1700255694\n|move|p2a: Aerodactyl|Stone Edge|p1a: LordJesus\n|-supereffective|p1a: LordJesus\n|-damage|p1a: LordJesus|0 fnt\n|faint|p1a: LordJesus\n|\n|upkeep\n|\n|t:|1700255700\n|switch|p1a: Fancie|Ursaluna, F, shiny|88\/100\n|turn|39\n|\n|t:|1700255708\n|move|p2a: Aerodactyl|Earthquake|p1a: Fancie\n|-damage|p1a: Fancie|48\/100\n|move|p1a: Fancie|Facade|p2a: Aerodactyl\n|-resisted|p2a: Aerodactyl\n|-damage|p2a: Aerodactyl|22\/100\n|\n|-status|p1a: Fancie|brn|[from] item: Flame Orb\n|upkeep\n|turn|40\n|\n|t:|1700255720\n|move|p2a: Aerodactyl|Earthquake|p1a: Fancie\n|-damage|p1a: Fancie|6\/100 brn\n|move|p1a: Fancie|Facade|p2a: Aerodactyl\n|-resisted|p2a: Aerodactyl\n|-damage|p2a: Aerodactyl|0 fnt\n|faint|p2a: Aerodactyl\n|\n|-damage|p1a: Fancie|0 fnt|[from] brn\n|faint|p1a: Fancie\n|upkeep\n|\n|t:|1700255730\n|switch|p2a: Tyranitar|Tyranitar, F|26\/100\n|switch|p1a: Bloodmen|Maushold-Four, shiny|3\/100\n|-weather|Sandstorm|[from] ability: Sand Stream|[of] p2a: Tyranitar\n|turn|41\n|\n|t:|1700255738\n|move|p1a: Bloodmen|Population Bomb|p2a: Tyranitar\n|-resisted|p2a: Tyranitar\n|-damage|p2a: Tyranitar|21\/100\n|-resisted|p2a: Tyranitar\n|-damage|p2a: Tyranitar|16\/100\n|-resisted|p2a: Tyranitar\n|-damage|p2a: Tyranitar|11\/100\n|-resisted|p2a: Tyranitar\n|-damage|p2a: Tyranitar|6\/100\n|-resisted|p2a: Tyranitar\n|-damage|p2a: Tyranitar|1\/100\n|-resisted|p2a: Tyranitar\n|-damage|p2a: Tyranitar|0 fnt\n|faint|p2a: Tyranitar\n|-hitcount|p2: Tyranitar|6\n|\n|-weather|Sandstorm|[upkeep]\n|-damage|p1a: Bloodmen|0 fnt|[from] Sandstorm\n|faint|p1a: Bloodmen\n|\n|win|mariopan\n|upkeep\n|c|\u2606Azu_CriticalXD|gg\n|c|\u2606mariopan|gg\n|l|\u2606Azu_CriticalXD\n","uploadtime":1700255790,"views":18,"p1id":"azucriticalxd","p2id":"mariopan","formatid":"gen9nationaldex","rating":0,"private":0,"password":""}