{"id":"gen9nationaldex-1991550783","p1":"LEONERROR500","p2":"Plutonium PT","format":"[Gen 9] National Dex","log":"|j|\u2606LEONERROR500\n|j|\u2606Plutonium PT\n|inactive|Battle timer is ON: inactive players will automatically lose when time's up.\n|t:|1700087469\n|gametype|singles\n|player|p1|LEONERROR500|red|\n|player|p2|Plutonium PT|clay|\n|teamsize|p1|6\n|teamsize|p2|6\n|gen|9\n|tier|[Gen 9] National Dex\n|rated|Tournament battle\n|rule|HP Percentage Mod: HP is shown in percentages\n|rule|Endless Battle Clause: Forcing endless battles is banned\n|rule|OHKO Clause: OHKO moves are banned\n|rule|Evasion Clause: Evasion abilities, items, and moves are banned\n|rule|Evasion Abilities Clause: Evasion abilities are banned\n|rule|Evasion Items Clause: Evasion items are banned\n|rule|Evasion Moves Clause: Evasion moves are banned\n|rule|Species Clause: Limit one of each Pok\u00e9mon\n|rule|Sleep Clause Mod: Limit one foe put to sleep\n|clearpoke\n|poke|p1|Iron Moth|\n|poke|p1|Rillaboom, M|\n|poke|p1|Glimmora, M|\n|poke|p1|Ceruledge, M|\n|poke|p1|Ogerpon-Wellspring, F|\n|poke|p1|Iron Valiant|\n|poke|p2|Garganacl, M|\n|poke|p2|Moltres|\n|poke|p2|Meowscarada, F|\n|poke|p2|Urshifu-*, M|\n|poke|p2|Garchomp, F|\n|poke|p2|Jirachi|\n|teampreview\n|inactive|LEONERROR500 also wants the timer to be on.\n|c|\u2606Plutonium PT|hf\n|j| asoespresso\n|c|\u2606LEONERROR500|glhf\n|j| Toxic Ariados\n|c|\u2606Plutonium PT|oh that looks like SV ou\n|\n|t:|1700087488\n|start\n|switch|p1a: Rillaboom|Rillaboom, M|100\/100\n|switch|p2a: Furry Bait|Urshifu-Rapid-Strike, M|100\/100\n|-fieldstart|move: Grassy Terrain|[from] ability: Grassy Surge|[of] p1a: Rillaboom\n|turn|1\n|\n|t:|1700087497\n|switch|p1a: Glimmora|Glimmora, M|100\/100\n|move|p2a: Furry Bait|U-turn|p1a: Glimmora\n|-resisted|p1a: Glimmora\n|-damage|p1a: Glimmora|85\/100\n|-activate|p1a: Glimmora|ability: Toxic Debris\n|-sidestart|p2: Plutonium PT|move: Toxic Spikes\n|\n|t:|1700087503\n|switch|p2a: Titan|Jirachi|100\/100|[from] U-turn\n|\n|-heal|p1a: Glimmora|91\/100|[from] Grassy Terrain\n|upkeep\n|turn|2\n|\n|t:|1700087506\n|move|p1a: Glimmora|Stealth Rock|p2a: Titan\n|-sidestart|p2: Plutonium PT|move: Stealth Rock\n|move|p2a: Titan|Wish|p2a: Titan\n|\n|-heal|p1a: Glimmora|98\/100|[from] Grassy Terrain\n|upkeep\n|turn|3\n|\n|t:|1700087509\n|move|p1a: Glimmora|Earth Power|p2a: Titan\n|-supereffective|p2a: Titan\n|-damage|p2a: Titan|60\/100\n|move|p2a: Titan|Iron Head|p1a: Glimmora\n|-supereffective|p1a: Glimmora\n|-damage|p1a: Glimmora|35\/100\n|-activate|p1a: Glimmora|ability: Toxic Debris\n|-sidestart|p2: Plutonium PT|move: Toxic Spikes\n|\n|-heal|p2a: Titan|100\/100|[from] move: Wish|[wisher] Titan\n|-heal|p1a: Glimmora|41\/100|[from] Grassy Terrain\n|upkeep\n|turn|4\n|\n|t:|1700087514\n|move|p1a: Glimmora|Earth Power|p2a: Titan\n|-supereffective|p2a: Titan\n|-damage|p2a: Titan|60\/100\n|move|p2a: Titan|U-turn|p1a: Glimmora\n|-resisted|p1a: Glimmora\n|-damage|p1a: Glimmora|30\/100\n|\n|t:|1700087526\n|switch|p2a: Nando's|Moltres|100\/100|[from] U-turn\n|\n|-heal|p1a: Glimmora|37\/100|[from] Grassy Terrain\n|upkeep\n|turn|5\n|\n|t:|1700087533\n|switch|p2a: Titan|Jirachi|60\/100\n|-damage|p2a: Titan|54\/100|[from] Stealth Rock\n|move|p1a: Glimmora|Power Gem|p2a: Titan\n|-resisted|p2a: Titan\n|-damage|p2a: Titan|41\/100\n|\n|-heal|p1a: Glimmora|43\/100|[from] Grassy Terrain\n|-heal|p2a: Titan|47\/100|[from] Grassy Terrain\n|-heal|p2a: Titan|53\/100|[from] item: Leftovers\n|-fieldend|move: Grassy Terrain\n|upkeep\n|turn|6\n|\n|t:|1700087538\n|move|p1a: Glimmora|Earth Power|p2a: Titan\n|-supereffective|p2a: Titan\n|-damage|p2a: Titan|14\/100\n|move|p2a: Titan|Wish|p2a: Titan\n|\n|-heal|p2a: Titan|20\/100|[from] item: Leftovers\n|upkeep\n|turn|7\n|\n|t:|1700087542\n|move|p2a: Titan|Protect|p2a: Titan\n|-singleturn|p2a: Titan|Protect\n|move|p1a: Glimmora|Earth Power|p2a: Titan\n|-activate|p2a: Titan|move: Protect\n|\n|-heal|p2a: Titan|70\/100|[from] move: Wish|[wisher] Titan\n|-heal|p2a: Titan|76\/100|[from] item: Leftovers\n|upkeep\n|turn|8\n|j| Klawf Up A Lung\n|\n|t:|1700087546\n|move|p1a: Glimmora|Earth Power|p2a: Titan\n|-supereffective|p2a: Titan\n|-damage|p2a: Titan|38\/100\n|move|p2a: Titan|Wish|p2a: Titan\n|\n|-heal|p2a: Titan|45\/100|[from] item: Leftovers\n|upkeep\n|turn|9\n|j| The Critical God\n|j| KoraiDonaldTrump\n|\n|t:|1700087553\n|move|p1a: Glimmora|Earth Power|p2a: Titan\n|-supereffective|p2a: Titan\n|-damage|p2a: Titan|6\/100\n|move|p2a: Titan|Iron Head|p1a: Glimmora\n|-supereffective|p1a: Glimmora\n|-damage|p1a: Glimmora|0 fnt\n|faint|p1a: Glimmora\n|\n|-heal|p2a: Titan|56\/100|[from] move: Wish|[wisher] Titan\n|-heal|p2a: Titan|63\/100|[from] item: Leftovers\n|upkeep\n|l| asoespresso\n|l| KoraiDonaldTrump\n|\n|t:|1700087563\n|switch|p1a: Ceruledge|Ceruledge, M|100\/100\n|turn|10\n|\n|t:|1700087567\n|switch|p2a: Pillar|Garganacl, M|100\/100\n|-damage|p2a: Pillar|88\/100|[from] Stealth Rock\n|move|p1a: Ceruledge|Poltergeist|p2a: Pillar\n|-activate|p2a: Pillar|move: Poltergeist|Leftovers\n|-damage|p2a: Pillar|74\/100\n|\n|-heal|p2a: Pillar|80\/100|[from] item: Leftovers\n|upkeep\n|turn|11\n|\n|t:|1700087574\n|switch|p1a: Rillaboom|Rillaboom, M|100\/100\n|-fieldstart|move: Grassy Terrain|[from] ability: Grassy Surge|[of] p1a: Rillaboom\n|move|p2a: Pillar|Salt Cure|p1a: Rillaboom\n|-damage|p1a: Rillaboom|87\/100\n|-start|p1a: Rillaboom|Salt Cure\n|\n|-heal|p1a: Rillaboom|93\/100|[from] Grassy Terrain\n|-heal|p2a: Pillar|86\/100|[from] Grassy Terrain\n|-heal|p2a: Pillar|92\/100|[from] item: Leftovers\n|-damage|p1a: Rillaboom|81\/100|[from] Salt Cure\n|upkeep\n|turn|12\n|\n|t:|1700087579\n|switch|p1a: Iron Valiant|Iron Valiant|100\/100\n|-enditem|p1a: Iron Valiant|Booster Energy\n|-activate|p1a: Iron Valiant|ability: Quark Drive|[fromitem]\n|-start|p1a: Iron Valiant|quarkdrivespe\n|switch|p2a: Nando's|Moltres|100\/100\n|\n|upkeep\n|turn|13\n|\n|t:|1700087586\n|move|p1a: Iron Valiant|Thunderbolt|p2a: Nando's\n|-supereffective|p2a: Nando's\n|-damage|p2a: Nando's|41\/100\n|move|p2a: Nando's|Defog|p1a: Iron Valiant\n|-unboost|p1a: Iron Valiant|evasion|1\n|-sideend|p2: Plutonium PT|Toxic Spikes|[from] move: Defog|[of] p2a: Nando's\n|-sideend|p2: Plutonium PT|Stealth Rock|[from] move: Defog|[of] p2a: Nando's\n|-fieldend|move: Grassy Terrain\n|\n|upkeep\n|turn|14\n|\n|t:|1700087593\n|switch|p2a: Titan|Jirachi|63\/100\n|move|p1a: Iron Valiant|Thunderbolt|p2a: Titan\n|-damage|p2a: Titan|45\/100\n|\n|-heal|p2a: Titan|51\/100|[from] item: Leftovers\n|upkeep\n|turn|15\n|\n|t:|1700087599\n|move|p1a: Iron Valiant|Aura Sphere|p2a: Titan\n|-crit|p2a: Titan\n|-damage|p2a: Titan|14\/100\n|move|p2a: Titan|Wish|p2a: Titan\n|\n|-heal|p2a: Titan|20\/100|[from] item: Leftovers\n|upkeep\n|turn|16\n|\n|t:|1700087602\n|move|p2a: Titan|Protect|p2a: Titan\n|-singleturn|p2a: Titan|Protect\n|move|p1a: Iron Valiant|Aura Sphere|p2a: Titan\n|-activate|p2a: Titan|move: Protect\n|\n|-heal|p2a: Titan|70\/100|[from] move: Wish|[wisher] Titan\n|-heal|p2a: Titan|76\/100|[from] item: Leftovers\n|upkeep\n|turn|17\n|\n|t:|1700087604\n|move|p1a: Iron Valiant|Destiny Bond|p1a: Iron Valiant\n|-singlemove|p1a: Iron Valiant|Destiny Bond\n|move|p2a: Titan|Iron Head|p1a: Iron Valiant\n|-supereffective|p1a: Iron Valiant\n|-damage|p1a: Iron Valiant|35\/100\n|\n|-heal|p2a: Titan|82\/100|[from] item: Leftovers\n|upkeep\n|turn|18\n|c|\u2606LEONERROR500|no\n|\n|t:|1700087614\n|-end|p1a: Iron Valiant|Quark Drive|[silent]\n|switch|p1a: Ceruledge|Ceruledge, M|100\/100\n|move|p2a: Titan|Iron Head|p1a: Ceruledge\n|-resisted|p1a: Ceruledge\n|-damage|p1a: Ceruledge|81\/100\n|-ability|p1a: Ceruledge|Weak Armor|boost\n|-unboost|p1a: Ceruledge|def|1\n|-boost|p1a: Ceruledge|spe|2\n|\n|-heal|p2a: Titan|88\/100|[from] item: Leftovers\n|upkeep\n|turn|19\n|\n|t:|1700087621\n|move|p1a: Ceruledge|Swords Dance|p1a: Ceruledge\n|-boost|p1a: Ceruledge|atk|2\n|move|p2a: Titan|U-turn|p1a: Ceruledge\n|-resisted|p1a: Ceruledge\n|-damage|p1a: Ceruledge|72\/100\n|-ability|p1a: Ceruledge|Weak Armor|boost\n|-unboost|p1a: Ceruledge|def|1\n|-boost|p1a: Ceruledge|spe|2\n|\n|t:|1700087626\n|switch|p2a: Pillar|Garganacl, M|92\/100|[from] U-turn\n|\n|-heal|p2a: Pillar|99\/100|[from] item: Leftovers\n|upkeep\n|turn|20\n|c|\u2606LEONERROR500|wdum furry bait urshifu\n|c|\u2606Plutonium PT|i had no idea\n|c|\u2606Plutonium PT|for the name\n|c|\u2606Plutonium PT|i just went to the first thing that came to mind\n|c|\u2606Plutonium PT|which is the ninetales name i use\n|c|\u2606LEONERROR500|i gonna call the ibama\n|inactive|Plutonium PT has 120 seconds left.\n|c|\u2606LEONERROR500|for you\n|\n|t:|1700087677\n|move|p1a: Ceruledge|Close Combat|p2a: Pillar\n|-supereffective|p2a: Pillar\n|-damage|p2a: Pillar|0 fnt\n|-unboost|p1a: Ceruledge|def|1\n|-unboost|p1a: Ceruledge|spd|1\n|faint|p2a: Pillar\n|\n|upkeep\n|\n|t:|1700087683\n|switch|p2a: Aerodynamic|Garchomp, F|100\/100\n|turn|21\n|\n|t:|1700087688\n|switch|p1a: Iron Valiant|Iron Valiant|35\/100\n|detailschange|p2a: Aerodynamic|Garchomp-Mega, F\n|-mega|p2a: Aerodynamic|Garchomp|Garchompite\n|move|p2a: Aerodynamic|Earthquake|p1a: Iron Valiant\n|-damage|p1a: Iron Valiant|0 fnt\n|faint|p1a: Iron Valiant\n|-end|p1a: Iron Valiant|Quark Drive|[silent]\n|\n|upkeep\n|c|\u2606LEONERROR500|wait\n|c|\u2606LEONERROR500|was that\n|c|\u2606LEONERROR500|mega chompo\n|c|\u2606Plutonium PT|yes\n|c|\u2606LEONERROR500|mega chomp\n|\n|t:|1700087710\n|switch|p1a: Rillaboom|Rillaboom, M|81\/100\n|-fieldstart|move: Grassy Terrain|[from] ability: Grassy Surge|[of] p1a: Rillaboom\n|turn|22\n|inactive|Plutonium PT has 120 seconds left.\n|c|\u2606LEONERROR500|i never see someone using it\n|\n|t:|1700087720\n|move|p1a: Rillaboom|U-turn|p2a: Aerodynamic\n|-damage|p2a: Aerodynamic|73\/100\n|\n|t:|1700087723\n|switch|p1a: Ogerpon|Ogerpon-Wellspring, F|100\/100|[from] U-turn\n|move|p2a: Aerodynamic|Flamethrower|p1a: Ogerpon\n|-damage|p1a: Ogerpon|73\/100\n|\n|-heal|p1a: Ogerpon|79\/100|[from] Grassy Terrain\n|-heal|p2a: Aerodynamic|79\/100|[from] Grassy Terrain\n|upkeep\n|turn|23\n|c|\u2606Plutonium PT|its very very bulky\n|c|\u2606Plutonium PT|it works in this team\n|c|\u2606Plutonium PT|its not a good mon at all\n|c|\u2606Plutonium PT|but it works here\n|\n|t:|1700087737\n|switch|p2a: Herba|Meowscarada, F|100\/100\n|move|p1a: Ogerpon|Power Whip|p2a: Herba\n|-resisted|p2a: Herba\n|-damage|p2a: Herba|31\/100\n|\n|-heal|p2a: Herba|37\/100|[from] Grassy Terrain\n|-heal|p1a: Ogerpon|85\/100|[from] Grassy Terrain\n|upkeep\n|turn|24\n|\n|t:|1700087743\n|switch|p1a: Ceruledge|Ceruledge, M|72\/100\n|move|p2a: Herba|U-turn|p1a: Ceruledge\n|-start|p2a: Herba|typechange|Bug|[from] ability: Protean\n|-resisted|p1a: Ceruledge\n|-damage|p1a: Ceruledge|55\/100\n|-ability|p1a: Ceruledge|Weak Armor|boost\n|-unboost|p1a: Ceruledge|def|1\n|-boost|p1a: Ceruledge|spe|2\n|\n|t:|1700087746\n|switch|p2a: Aerodynamic|Garchomp-Mega, F|79\/100|[from] U-turn\n|\n|-heal|p1a: Ceruledge|62\/100|[from] Grassy Terrain\n|-heal|p2a: Aerodynamic|85\/100|[from] Grassy Terrain\n|upkeep\n|turn|25\n|\n|t:|1700087751\n|switch|p1a: Ogerpon|Ogerpon-Wellspring, F|85\/100\n|move|p2a: Aerodynamic|Stealth Rock|p1a: Ogerpon\n|-sidestart|p1: LEONERROR500|move: Stealth Rock\n|\n|-heal|p1a: Ogerpon|91\/100|[from] Grassy Terrain\n|-heal|p2a: Aerodynamic|91\/100|[from] Grassy Terrain\n|upkeep\n|turn|26\n|\n|t:|1700087761\n|switch|p2a: Nando's|Moltres|41\/100\n|move|p1a: Ogerpon|Power Whip|p2a: Nando's\n|-resisted|p2a: Nando's\n|-crit|p2a: Nando's\n|-damage|p2a: Nando's|17\/100\n|\n|-heal|p1a: Ogerpon|97\/100|[from] Grassy Terrain\n|-fieldend|move: Grassy Terrain\n|upkeep\n|turn|27\n|\n|t:|1700087767\n|move|p1a: Ogerpon|Ivy Cudgel|p2a: Nando's|[anim] Ivy Cudgel Water\n|-supereffective|p2a: Nando's\n|-damage|p2a: Nando's|0 fnt\n|faint|p2a: Nando's\n|\n|upkeep\n|\n|t:|1700087770\n|switch|p2a: Herba|Meowscarada, F|37\/100\n|turn|28\n|c|\u2606LEONERROR500|moltres gone\n|c|\u2606Plutonium PT|ye no worries\n|c|\u2606Plutonium PT|i can deal with the rilla\n|\n|t:|1700087788\n|switch|p1a: Ceruledge|Ceruledge, M|62\/100\n|move|p2a: Herba|U-turn|p1a: Ceruledge\n|-start|p2a: Herba|typechange|Bug|[from] ability: Protean\n|-resisted|p1a: Ceruledge\n|-damage|p1a: Ceruledge|45\/100\n|-ability|p1a: Ceruledge|Weak Armor|boost\n|-unboost|p1a: Ceruledge|def|1\n|-boost|p1a: Ceruledge|spe|2\n|\n|t:|1700087793\n|switch|p2a: Aerodynamic|Garchomp-Mega, F|91\/100|[from] U-turn\n|\n|upkeep\n|turn|29\n|j| Potatofromsinnoh\n|\n|t:|1700087796\n|move|p1a: Ceruledge|Poltergeist|p2a: Aerodynamic\n|-activate|p2a: Aerodynamic|move: Poltergeist|Garchompite\n|-damage|p2a: Aerodynamic|51\/100\n|move|p2a: Aerodynamic|Earthquake|p1a: Ceruledge\n|-supereffective|p1a: Ceruledge\n|-crit|p1a: Ceruledge\n|-damage|p1a: Ceruledge|0 fnt\n|faint|p1a: Ceruledge\n|\n|upkeep\n|\n|t:|1700087800\n|switch|p1a: Ogerpon|Ogerpon-Wellspring, F|97\/100\n|-damage|p1a: Ogerpon|85\/100|[from] Stealth Rock\n|turn|30\n|\n|t:|1700087806\n|switch|p2a: Titan|Jirachi|88\/100\n|move|p1a: Ogerpon|Ivy Cudgel|p2a: Titan|[anim] Ivy Cudgel Water\n|-damage|p2a: Titan|42\/100\n|\n|-heal|p2a: Titan|49\/100|[from] item: Leftovers\n|upkeep\n|turn|31\n|\n|t:|1700087812\n|move|p1a: Ogerpon|Swords Dance|p1a: Ogerpon\n|-boost|p1a: Ogerpon|atk|2\n|move|p2a: Titan|U-turn|p1a: Ogerpon\n|-supereffective|p1a: Ogerpon\n|-damage|p1a: Ogerpon|42\/100\n|\n|t:|1700087814\n|switch|p2a: Herba|Meowscarada, F|37\/100|[from] U-turn\n|\n|upkeep\n|turn|32\n|\n|t:|1700087829\n|switch|p1a: Rillaboom|Rillaboom, M|81\/100\n|-damage|p1a: Rillaboom|69\/100|[from] Stealth Rock\n|-fieldstart|move: Grassy Terrain|[from] ability: Grassy Surge|[of] p1a: Rillaboom\n|move|p2a: Herba|U-turn|p1a: Rillaboom\n|-start|p2a: Herba|typechange|Bug|[from] ability: Protean\n|-supereffective|p1a: Rillaboom\n|-damage|p1a: Rillaboom|0 fnt\n|faint|p1a: Rillaboom\n|\n|t:|1700087835\n|switch|p2a: Aerodynamic|Garchomp-Mega, F|51\/100|[from] U-turn\n|\n|-heal|p2a: Aerodynamic|57\/100|[from] Grassy Terrain\n|upkeep\n|\n|t:|1700087839\n|switch|p1a: Ogerpon|Ogerpon-Wellspring, F|42\/100\n|-damage|p1a: Ogerpon|30\/100|[from] Stealth Rock\n|turn|33\n|\n|t:|1700087842\n|switch|p2a: Titan|Jirachi|49\/100\n|move|p1a: Ogerpon|Power Whip|p2a: Titan|[miss]\n|-miss|p1a: Ogerpon|p2a: Titan\n|\n|-heal|p1a: Ogerpon|36\/100|[from] Grassy Terrain\n|-heal|p2a: Titan|55\/100|[from] Grassy Terrain\n|-heal|p2a: Titan|61\/100|[from] item: Leftovers\n|upkeep\n|turn|34\n|\n|t:|1700087845\n|move|p1a: Ogerpon|Swords Dance|p1a: Ogerpon\n|-boost|p1a: Ogerpon|atk|2\n|move|p2a: Titan|U-turn|p1a: Ogerpon\n|-supereffective|p1a: Ogerpon\n|-damage|p1a: Ogerpon|0 fnt\n|faint|p1a: Ogerpon\n|\n|t:|1700087852\n|switch|p2a: Aerodynamic|Garchomp-Mega, F|57\/100|[from] U-turn\n|\n|-heal|p2a: Aerodynamic|64\/100|[from] Grassy Terrain\n|upkeep\n|\n|t:|1700087854\n|switch|p1a: Iron Moth|Iron Moth|100\/100\n|-damage|p1a: Iron Moth|76\/100|[from] Stealth Rock\n|-enditem|p1a: Iron Moth|Booster Energy\n|-activate|p1a: Iron Moth|ability: Quark Drive|[fromitem]\n|-start|p1a: Iron Moth|quarkdrivespe\n|turn|35\n|\n|t:|1700087870\n|-terastallize|p1a: Iron Moth|Grass\n|move|p1a: Iron Moth|Dazzling Gleam|p2a: Aerodynamic\n|-supereffective|p2a: Aerodynamic\n|-damage|p2a: Aerodynamic|32\/100\n|move|p2a: Aerodynamic|Draco Meteor|p1a: Iron Moth\n|-damage|p1a: Iron Moth|25\/100\n|-unboost|p2a: Aerodynamic|spa|2\n|\n|-heal|p1a: Iron Moth|31\/100|[from] Grassy Terrain\n|-heal|p2a: Aerodynamic|38\/100|[from] Grassy Terrain\n|upkeep\n|turn|36\n|\n|t:|1700087876\n|move|p1a: Iron Moth|Substitute|p1a: Iron Moth\n|-start|p1a: Iron Moth|Substitute\n|-damage|p1a: Iron Moth|6\/100\n|move|p2a: Aerodynamic|Flamethrower|p1a: Iron Moth\n|-supereffective|p1a: Iron Moth\n|-end|p1a: Iron Moth|Substitute\n|\n|-heal|p1a: Iron Moth|12\/100|[from] Grassy Terrain\n|-heal|p2a: Aerodynamic|44\/100|[from] Grassy Terrain\n|-fieldend|move: Grassy Terrain\n|upkeep\n|turn|37\n|c|\u2606Plutonium PT|ggs\n|\n|t:|1700087882\n|move|p1a: Iron Moth|Energy Ball|p2a: Aerodynamic\n|-damage|p2a: Aerodynamic|15\/100\n|-unboost|p2a: Aerodynamic|spd|1\n|move|p2a: Aerodynamic|Flamethrower|p1a: Iron Moth\n|-supereffective|p1a: Iron Moth\n|-damage|p1a: Iron Moth|0 fnt\n|faint|p1a: Iron Moth\n|-end|p1a: Iron Moth|Quark Drive|[silent]\n|\n|win|Plutonium PT\n|n|\u2606LEONERROR500|leonerror500\n|n|\u2606Plutonium PT|plutoniumpt\n|n| Toxic Ariados|toxicariados\n|n| Klawf Up A Lung|klawfupalung\n|n| The Critical God|thecriticalgod\n|n| Potatofromsinnoh|potatofromsinnoh\n","uploadtime":1700087883,"views":4,"p1id":"leonerror500","p2id":"plutoniumpt","formatid":"gen9nationaldex","rating":0,"private":0,"password":""}