{"id":"gen9nationaldex-1997522416","p1":"sweeper(troll)","p2":"madien","format":"[Gen 9] National Dex","log":"|html|<div class=\"broadcast-blue\"><strong>[Gen 9] National Dex is currently suspecting Sneasler! For information on how to participate check out the <a href=\"https:\/\/www.smogon.com\/forums\/threads\/sv-national-dex-suspect-8-just-dance.3731534\/\">suspect thread<\/a>.<\/strong><\/div>\n|j|\u2606sweeper(troll)\n|j|\u2606madien\n|t:|1700819692\n|gametype|singles\n|player|p1|sweeper(troll)|170|1036\n|player|p2|madien|1|1028\n|teamsize|p1|6\n|teamsize|p2|6\n|gen|9\n|tier|[Gen 9] National Dex\n|rated|\n|rule|HP Percentage Mod: HP is shown in percentages\n|rule|Endless Battle Clause: Forcing endless battles is banned\n|rule|OHKO Clause: OHKO moves are banned\n|rule|Evasion Clause: Evasion abilities, items, and moves are banned\n|rule|Evasion Abilities Clause: Evasion abilities are banned\n|rule|Evasion Items Clause: Evasion items are banned\n|rule|Evasion Moves Clause: Evasion moves are banned\n|rule|Species Clause: Limit one of each Pok\u00e9mon\n|rule|Sleep Clause Mod: Limit one foe put to sleep\n|clearpoke\n|poke|p1|Ledian, M|\n|poke|p1|Ribombee, M|\n|poke|p1|Glimmora, F|\n|poke|p1|Cyclizar, F|\n|poke|p1|Banette, F|\n|poke|p1|Landorus-Therian, M|\n|poke|p2|Umbreon, M|\n|poke|p2|Murkrow, M|\n|poke|p2|Houndoom, F|\n|poke|p2|Grimmsnarl, M|\n|poke|p2|Muk-Alola, M|\n|poke|p2|Spiritomb, F|\n|teampreview\n|inactive|Battle timer is ON: inactive players will automatically lose when time's up. (requested by sweeper(troll))\n|\n|t:|1700819697\n|start\n|switch|p1a: Support 2|Glimmora, F|100\/100\n|switch|p2a: Muk|Muk-Alola, M|100\/100\n|turn|1\n|\n|t:|1700819700\n|move|p1a: Support 2|Stealth Rock|p2a: Muk\n|-sidestart|p2: madien|move: Stealth Rock\n|move|p2a: Muk|Mean Look|p1a: Support 2\n|-activate|p1a: Support 2|trapped\n|\n|upkeep\n|turn|2\n|\n|t:|1700819705\n|move|p1a: Support 2|Earth Power|p2a: Muk\n|-supereffective|p2a: Muk\n|-damage|p2a: Muk|53\/100\n|move|p2a: Muk|Knock Off|p1a: Support 2\n|-damage|p1a: Support 2|55\/100\n|-activate|p1a: Support 2|ability: Toxic Debris\n|-sidestart|p2: madien|move: Toxic Spikes\n|-enditem|p1a: Support 2|Focus Sash|[from] move: Knock Off|[of] p2a: Muk\n|\n|-heal|p2a: Muk|59\/100|[from] item: Black Sludge\n|upkeep\n|turn|3\n|\n|t:|1700819711\n|move|p1a: Support 2|Earth Power|p2a: Muk\n|-supereffective|p2a: Muk\n|-damage|p2a: Muk|7\/100\n|move|p2a: Muk|Memento|p1a: Support 2\n|-unboost|p1a: Support 2|atk|2\n|-unboost|p1a: Support 2|spa|2\n|faint|p2a: Muk\n|\n|upkeep\n|\n|t:|1700819715\n|switch|p2a: Murkrow|Murkrow, M|100\/100\n|-damage|p2a: Murkrow|76\/100|[from] Stealth Rock\n|turn|4\n|\n|t:|1700819720\n|move|p2a: Murkrow|Defog|p1a: Support 2\n|-unboost|p1a: Support 2|evasion|1\n|-sideend|p2: madien|Toxic Spikes|[from] move: Defog|[of] p2a: Murkrow\n|-sideend|p2: madien|Stealth Rock|[from] move: Defog|[of] p2a: Murkrow\n|move|p1a: Support 2|Mortal Spin|p2a: Murkrow\n|-damage|p2a: Murkrow|72\/100\n|-status|p2a: Murkrow|psn\n|\n|-damage|p2a: Murkrow|60\/100 psn|[from] psn\n|upkeep\n|turn|5\n|\n|t:|1700819727\n|move|p2a: Murkrow|Thunder Wave|p1a: Support 2\n|-status|p1a: Support 2|par\n|move|p1a: Support 2|Stealth Rock|p2a: Murkrow\n|-sidestart|p2: madien|move: Stealth Rock\n|\n|-damage|p2a: Murkrow|47\/100 psn|[from] psn\n|upkeep\n|turn|6\n|\n|t:|1700819734\n|switch|p2a: Umbreon|Umbreon, M|100\/100\n|-damage|p2a: Umbreon|88\/100|[from] Stealth Rock\n|cant|p1a: Support 2|par\n|\n|-heal|p2a: Umbreon|94\/100|[from] item: Leftovers\n|upkeep\n|turn|7\n|\n|t:|1700819738\n|cant|p1a: Support 2|par\n|move|p2a: Umbreon|Curse|p2a: Umbreon\n|-unboost|p2a: Umbreon|spe|1\n|-boost|p2a: Umbreon|atk|1\n|-boost|p2a: Umbreon|def|1\n|\n|-heal|p2a: Umbreon|99\/100|[from] item: Leftovers\n|upkeep\n|turn|8\n|\n|t:|1700819741\n|move|p1a: Support 2|Mortal Spin||[still]\n|-damage|p2a: Umbreon|98\/100\n|-status|p2a: Umbreon|psn\n|-activate|p2a: Umbreon|ability: Synchronize\n|-fail|p2a: Umbreon\n|move|p2a: Umbreon|Curse|p2a: Umbreon\n|-unboost|p2a: Umbreon|spe|1\n|-boost|p2a: Umbreon|atk|1\n|-boost|p2a: Umbreon|def|1\n|\n|-heal|p2a: Umbreon|100\/100 psn|[from] item: Leftovers\n|-damage|p2a: Umbreon|88\/100 psn|[from] psn\n|upkeep\n|turn|9\n|\n|t:|1700819745\n|move|p1a: Support 2|Earth Power|p2a: Umbreon\n|-damage|p2a: Umbreon|80\/100 psn\n|move|p2a: Umbreon|Curse|p2a: Umbreon\n|-unboost|p2a: Umbreon|spe|1\n|-boost|p2a: Umbreon|atk|1\n|-boost|p2a: Umbreon|def|1\n|\n|-heal|p2a: Umbreon|86\/100 psn|[from] item: Leftovers\n|-damage|p2a: Umbreon|74\/100 psn|[from] psn\n|upkeep\n|turn|10\n|\n|t:|1700819751\n|move|p1a: Support 2|Earth Power|p2a: Umbreon\n|-damage|p2a: Umbreon|65\/100 psn\n|-unboost|p2a: Umbreon|spd|1\n|move|p2a: Umbreon|Body Slam|p1a: Support 2\n|-resisted|p1a: Support 2\n|-damage|p1a: Support 2|35\/100 par\n|-activate|p1a: Support 2|ability: Toxic Debris\n|-sidestart|p2: madien|move: Toxic Spikes\n|\n|-heal|p2a: Umbreon|71\/100 psn|[from] item: Leftovers\n|-damage|p2a: Umbreon|59\/100 psn|[from] psn\n|upkeep\n|turn|11\n|\n|t:|1700819758\n|move|p1a: Support 2|Earth Power|p2a: Umbreon\n|-damage|p2a: Umbreon|47\/100 psn\n|move|p2a: Umbreon|Moonlight|p2a: Umbreon\n|-heal|p2a: Umbreon|97\/100 psn\n|\n|-heal|p2a: Umbreon|100\/100 psn|[from] item: Leftovers\n|-damage|p2a: Umbreon|88\/100 psn|[from] psn\n|upkeep\n|turn|12\n|\n|t:|1700819765\n|move|p1a: Support 2|Earth Power|p2a: Umbreon\n|-damage|p2a: Umbreon|77\/100 psn\n|move|p2a: Umbreon|Curse|p2a: Umbreon\n|-unboost|p2a: Umbreon|spe|1\n|-boost|p2a: Umbreon|atk|1\n|-boost|p2a: Umbreon|def|1\n|\n|-heal|p2a: Umbreon|83\/100 psn|[from] item: Leftovers\n|-damage|p2a: Umbreon|70\/100 psn|[from] psn\n|upkeep\n|turn|13\n|\n|t:|1700819775\n|move|p1a: Support 2|Earth Power|p2a: Umbreon\n|-damage|p2a: Umbreon|59\/100 psn\n|move|p2a: Umbreon|Moonlight|p2a: Umbreon\n|-heal|p2a: Umbreon|100\/100 psn\n|\n|-damage|p2a: Umbreon|88\/100 psn|[from] psn\n|upkeep\n|turn|14\n|\n|t:|1700819780\n|cant|p1a: Support 2|par\n|move|p2a: Umbreon|Curse|p2a: Umbreon\n|-unboost|p2a: Umbreon|spe|1\n|-boost|p2a: Umbreon|atk|1\n|-boost|p2a: Umbreon|def|1\n|\n|-heal|p2a: Umbreon|94\/100 psn|[from] item: Leftovers\n|-damage|p2a: Umbreon|82\/100 psn|[from] psn\n|upkeep\n|turn|15\n|\n|t:|1700819785\n|move|p1a: Support 2|Earth Power|p2a: Umbreon\n|-damage|p2a: Umbreon|69\/100 psn\n|move|p2a: Umbreon|Curse|p2a: Umbreon\n|-unboost|p2a: Umbreon|spe|1\n|-boost|p2a: Umbreon|atk|1\n|-boost|p2a: Umbreon|def|1\n|\n|-heal|p2a: Umbreon|75\/100 psn|[from] item: Leftovers\n|-damage|p2a: Umbreon|63\/100 psn|[from] psn\n|upkeep\n|turn|16\n|\n|t:|1700819798\n|move|p1a: Support 2|Earth Power|p2a: Umbreon\n|-damage|p2a: Umbreon|51\/100 psn\n|move|p2a: Umbreon|Moonlight|p2a: Umbreon\n|-heal|p2a: Umbreon|100\/100 psn\n|\n|-damage|p2a: Umbreon|88\/100 psn|[from] psn\n|upkeep\n|turn|17\n|\n|t:|1700819804\n|cant|p1a: Support 2|par\n|move|p2a: Umbreon|Body Slam|p1a: Support 2\n|-resisted|p1a: Support 2\n|-damage|p1a: Support 2|0 fnt\n|-activate|p1a: Support 2|ability: Toxic Debris\n|-sidestart|p2: madien|move: Toxic Spikes\n|faint|p1a: Support 2\n|\n|-heal|p2a: Umbreon|94\/100 psn|[from] item: Leftovers\n|-damage|p2a: Umbreon|82\/100 psn|[from] psn\n|upkeep\n|\n|t:|1700819811\n|switch|p1a: Ribombee|Ribombee, M|100\/100\n|turn|18\n|\n|t:|1700819816\n|move|p1a: Ribombee|Sticky Web|p2a: Umbreon\n|-sidestart|p2: madien|move: Sticky Web\n|move|p2a: Umbreon|Body Slam|p1a: Ribombee\n|-damage|p1a: Ribombee|20\/100\n|\n|-heal|p2a: Umbreon|88\/100 psn|[from] item: Leftovers\n|-damage|p2a: Umbreon|75\/100 psn|[from] psn\n|upkeep\n|turn|19\n|\n|t:|1700819821\n|move|p1a: Ribombee|Moonblast|p2a: Umbreon\n|-supereffective|p2a: Umbreon\n|-damage|p2a: Umbreon|22\/100 psn\n|-unboost|p2a: Umbreon|spa|1\n|move|p2a: Umbreon|Body Slam|p1a: Ribombee\n|-damage|p1a: Ribombee|0 fnt\n|faint|p1a: Ribombee\n|\n|-heal|p2a: Umbreon|28\/100 psn|[from] item: Leftovers\n|-damage|p2a: Umbreon|15\/100 psn|[from] psn\n|upkeep\n|\n|t:|1700819827\n|switch|p1a: Cyclizar|Cyclizar, F|100\/100\n|turn|20\n|\n|t:|1700819829\n|move|p1a: Cyclizar|Taunt|p2a: Umbreon\n|-start|p2a: Umbreon|move: Taunt\n|move|p2a: Umbreon|Payback|p1a: Cyclizar\n|-damage|p1a: Cyclizar|0 fnt\n|faint|p1a: Cyclizar\n|\n|-heal|p2a: Umbreon|21\/100 psn|[from] item: Leftovers\n|-damage|p2a: Umbreon|9\/100 psn|[from] psn\n|upkeep\n|\n|t:|1700819833\n|switch|p1a: Goal: 1 kill|Ledian, M|100\/100\n|turn|21\n|\n|t:|1700819841\n|move|p1a: Goal: 1 kill|Drain Punch|p2a: Umbreon\n|-supereffective|p2a: Umbreon\n|-damage|p2a: Umbreon|0 fnt\n|faint|p2a: Umbreon\n|-damage|p1a: Goal: 1 kill|91\/100|[from] item: Life Orb\n|\n|upkeep\n|\n|t:|1700819844\n|switch|p2a: Murkrow|Murkrow, M|47\/100 psn\n|-damage|p2a: Murkrow|23\/100 psn|[from] Stealth Rock\n|turn|22\n|\n|t:|1700819848\n|move|p2a: Murkrow|Defog|p1a: Goal: 1 kill\n|-unboost|p1a: Goal: 1 kill|evasion|1\n|-sideend|p2: madien|Toxic Spikes|[from] move: Defog|[of] p2a: Murkrow\n|-sideend|p2: madien|Stealth Rock|[from] move: Defog|[of] p2a: Murkrow\n|-sideend|p2: madien|Sticky Web|[from] move: Defog|[of] p2a: Murkrow\n|move|p1a: Goal: 1 kill|Swords Dance|p1a: Goal: 1 kill\n|-boost|p1a: Goal: 1 kill|atk|2\n|\n|-damage|p2a: Murkrow|10\/100 psn|[from] psn\n|upkeep\n|turn|23\n|\n|t:|1700819854\n|move|p2a: Murkrow|Thunder Wave|p1a: Goal: 1 kill\n|-status|p1a: Goal: 1 kill|par\n|cant|p1a: Goal: 1 kill|par\n|\n|-damage|p2a: Murkrow|0 fnt|[from] psn\n|faint|p2a: Murkrow\n|upkeep\n|\n|t:|1700819861\n|switch|p2a: Grimmsnarl|Grimmsnarl, M|100\/100\n|turn|24\n|\n|t:|1700819864\n|move|p2a: Grimmsnarl|Reflect|p2a: Grimmsnarl\n|-sidestart|p2: madien|Reflect\n|cant|p1a: Goal: 1 kill|par\n|\n|upkeep\n|turn|25\n|\n|t:|1700819867\n|move|p2a: Grimmsnarl|Foul Play|p1a: Goal: 1 kill\n|-damage|p1a: Goal: 1 kill|0 fnt\n|faint|p1a: Goal: 1 kill\n|\n|upkeep\n|-message|sweeper(troll) forfeited.\n|\n|win|madien\n|raw|sweeper(troll)'s rating: 1036 &rarr; <strong>1020<\/strong><br \/>(-16 for losing)\n|raw|madien's rating: 1028 &rarr; <strong>1065<\/strong><br \/>(+37 for winning)\n|l|\u2606sweeper(troll)\n","uploadtime":1700819875,"views":7,"p1id":"sweepertroll","p2id":"madien","formatid":"gen9nationaldex","rating":1020,"private":0,"password":""}