{"id":"gen9nationaldex-1994510306","p1":"CapitandelEspacio","p2":"csb1123","format":"[Gen 9] National Dex","log":"|j|\u2606CapitandelEspacio\n|j|\u2606csb1123\n|t:|1700452543\n|gametype|singles\n|player|p1|CapitandelEspacio|2|1627\n|player|p2|csb1123|102|1663\n|teamsize|p1|6\n|teamsize|p2|6\n|gen|9\n|tier|[Gen 9] National Dex\n|rated|\n|rule|HP Percentage Mod: HP is shown in percentages\n|rule|Endless Battle Clause: Forcing endless battles is banned\n|rule|OHKO Clause: OHKO moves are banned\n|rule|Evasion Clause: Evasion abilities, items, and moves are banned\n|rule|Evasion Abilities Clause: Evasion abilities are banned\n|rule|Evasion Items Clause: Evasion items are banned\n|rule|Evasion Moves Clause: Evasion moves are banned\n|rule|Species Clause: Limit one of each Pok\u00e9mon\n|rule|Sleep Clause Mod: Limit one foe put to sleep\n|clearpoke\n|poke|p1|Ogerpon-Wellspring, F|\n|poke|p1|Jirachi|\n|poke|p1|Cinderace, F|\n|poke|p1|Great Tusk|\n|poke|p1|Zapdos|\n|poke|p1|Hydreigon, F|\n|poke|p2|Ogerpon, F|\n|poke|p2|Corviknight, F|\n|poke|p2|Clodsire, M|\n|poke|p2|Tyranitar, F|\n|poke|p2|Tapu Fini|\n|poke|p2|Banette, F|\n|teampreview\n|inactive|Battle timer is ON: inactive players will automatically lose when time's up. (requested by CapitandelEspacio)\n|\n|t:|1700452565\n|start\n|switch|p1a: Hydreigon|Hydreigon, F|100\/100\n|switch|p2a: Banette|Banette, F|100\/100\n|turn|1\n|\n|t:|1700452571\n|switch|p2a: Clodsire|Clodsire, M|100\/100\n|move|p1a: Hydreigon|Flamethrower|p2a: Clodsire\n|-damage|p2a: Clodsire|85\/100\n|\n|-heal|p2a: Clodsire|91\/100|[from] item: Leftovers\n|upkeep\n|turn|2\n|\n|t:|1700452597\n|-terastallize|p1a: Hydreigon|Poison\n|move|p1a: Hydreigon|Dark Pulse|p2a: Clodsire\n|-damage|p2a: Clodsire|73\/100\n|move|p2a: Clodsire|Stealth Rock|p1a: Hydreigon\n|-sidestart|p1: CapitandelEspacio|move: Stealth Rock\n|\n|-heal|p2a: Clodsire|79\/100|[from] item: Leftovers\n|upkeep\n|turn|3\n|\n|t:|1700452611\n|switch|p2a: Tyranitar|Tyranitar, F|100\/100\n|-weather|Sandstorm|[from] ability: Sand Stream|[of] p2a: Tyranitar\n|move|p1a: Hydreigon|Dark Pulse|p2a: Tyranitar\n|-resisted|p2a: Tyranitar\n|-damage|p2a: Tyranitar|93\/100\n|\n|-weather|Sandstorm|[upkeep]\n|-damage|p1a: Hydreigon|94\/100|[from] Sandstorm\n|-heal|p1a: Hydreigon|100\/100|[from] item: Leftovers\n|upkeep\n|turn|4\n|\n|t:|1700452617\n|move|p2a: Tyranitar|Ice Beam|p1a: Hydreigon\n|-damage|p1a: Hydreigon|83\/100\n|move|p1a: Hydreigon|U-turn|p2a: Tyranitar\n|-supereffective|p2a: Tyranitar\n|-damage|p2a: Tyranitar|61\/100\n|\n|t:|1700452625\n|switch|p1a: Great Tusk|Great Tusk|100\/100|[from] U-turn\n|-damage|p1a: Great Tusk|98\/100|[from] Stealth Rock\n|\n|-weather|Sandstorm|[upkeep]\n|-heal|p1a: Great Tusk|100\/100|[from] item: Leftovers\n|upkeep\n|turn|5\n|inactive|CapitandelEspacio has 120 seconds left.\n|\n|t:|1700452671\n|move|p1a: Great Tusk|Earthquake|p2a: Tyranitar\n|-supereffective|p2a: Tyranitar\n|-damage|p2a: Tyranitar|0 fnt\n|faint|p2a: Tyranitar\n|\n|-weather|Sandstorm|[upkeep]\n|upkeep\n|\n|t:|1700452675\n|switch|p2a: Ogerpon|Ogerpon, F|100\/100\n|turn|6\n|\n|t:|1700452681\n|-end|p1a: Great Tusk|Protosynthesis|[silent]\n|switch|p1a: Zapdos|Zapdos, shiny|100\/100\n|move|p2a: Ogerpon|Swords Dance|p2a: Ogerpon\n|-boost|p2a: Ogerpon|atk|2\n|\n|-weather|Sandstorm|[upkeep]\n|-damage|p2a: Ogerpon|95\/100|[from] Sandstorm\n|-damage|p1a: Zapdos|94\/100|[from] Sandstorm\n|upkeep\n|turn|7\n|\n|t:|1700452685\n|move|p2a: Ogerpon|Rock Tomb|p1a: Zapdos\n|-supereffective|p1a: Zapdos\n|-damage|p1a: Zapdos|15\/100\n|-unboost|p1a: Zapdos|spe|1\n|-damage|p2a: Ogerpon|85\/100|[from] item: Life Orb\n|move|p1a: Zapdos|Heat Wave|p2a: Ogerpon\n|-supereffective|p2a: Ogerpon\n|-damage|p2a: Ogerpon|23\/100\n|\n|-weather|none\n|upkeep\n|turn|8\n|inactive|CapitandelEspacio has 120 seconds left.\n|\n|t:|1700452719\n|switch|p1a: Jirachi|Jirachi|100\/100\n|-damage|p1a: Jirachi|94\/100|[from] Stealth Rock\n|move|p2a: Ogerpon|Ivy Cudgel|p1a: Jirachi\n|-resisted|p1a: Jirachi\n|-damage|p1a: Jirachi|41\/100\n|-damage|p2a: Ogerpon|13\/100|[from] item: Life Orb\n|\n|-heal|p1a: Jirachi|47\/100|[from] item: Leftovers\n|upkeep\n|turn|9\n|\n|t:|1700452724\n|move|p1a: Jirachi|Protect|p1a: Jirachi\n|-singleturn|p1a: Jirachi|Protect\n|move|p2a: Ogerpon|Ivy Cudgel|p1a: Jirachi\n|-activate|p1a: Jirachi|move: Protect\n|\n|-heal|p1a: Jirachi|53\/100|[from] item: Leftovers\n|upkeep\n|turn|10\n|\n|t:|1700452736\n|move|p2a: Ogerpon|Ivy Cudgel|p1a: Jirachi\n|-resisted|p1a: Jirachi\n|-damage|p1a: Jirachi|0 fnt\n|faint|p1a: Jirachi\n|-damage|p2a: Ogerpon|3\/100|[from] item: Life Orb\n|\n|upkeep\n|\n|t:|1700452743\n|switch|p1a: Cinderace|Cinderace, F|100\/100\n|turn|11\n|\n|t:|1700452761\n|-terastallize|p2a: Ogerpon|Grass\n|detailschange|p2a: Ogerpon|Ogerpon-Teal-Tera, F, tera:Grass\n|-ability|p2a: Ogerpon|Embody Aspect (Teal)|boost\n|-boost|p2a: Ogerpon|spe|1\n|move|p1a: Cinderace|Sucker Punch|p2a: Ogerpon\n|-start|p1a: Cinderace|typechange|Dark|[from] ability: Libero\n|-damage|p2a: Ogerpon|0 fnt\n|faint|p2a: Ogerpon\n|\n|upkeep\n|\n|t:|1700452768\n|switch|p2a: Tapu Fini|Tapu Fini|100\/100\n|-fieldstart|move: Misty Terrain|[from] ability: Misty Surge|[of] p2a: Tapu Fini\n|turn|12\n|\n|t:|1700452781\n|move|p1a: Cinderace|U-turn|p2a: Tapu Fini\n|-resisted|p2a: Tapu Fini\n|-crit|p2a: Tapu Fini\n|-damage|p2a: Tapu Fini|90\/100\n|\n|t:|1700452788\n|switch|p1a: Hydreigon|Hydreigon, F, tera:Poison|83\/100|[from] U-turn\n|-damage|p1a: Hydreigon|71\/100|[from] Stealth Rock\n|move|p2a: Tapu Fini|Calm Mind|p2a: Tapu Fini\n|-boost|p2a: Tapu Fini|spa|1\n|-boost|p2a: Tapu Fini|spd|1\n|\n|-heal|p1a: Hydreigon|77\/100|[from] item: Leftovers\n|-heal|p2a: Tapu Fini|96\/100|[from] item: Leftovers\n|upkeep\n|turn|13\n|\n|t:|1700452790\n|move|p1a: Hydreigon|U-turn|p2a: Tapu Fini\n|-resisted|p2a: Tapu Fini\n|-damage|p2a: Tapu Fini|92\/100\n|\n|t:|1700452792\n|switch|p1a: Ogerpon|Ogerpon-Wellspring, F|100\/100|[from] U-turn\n|-damage|p1a: Ogerpon|88\/100|[from] Stealth Rock\n|move|p2a: Tapu Fini|Calm Mind|p2a: Tapu Fini\n|-boost|p2a: Tapu Fini|spa|1\n|-boost|p2a: Tapu Fini|spd|1\n|\n|-heal|p2a: Tapu Fini|98\/100|[from] item: Leftovers\n|upkeep\n|turn|14\n|j| duanran\n|\n|t:|1700452802\n|move|p1a: Ogerpon|Encore|p2a: Tapu Fini\n|-start|p2a: Tapu Fini|Encore\n|move|p2a: Tapu Fini|Calm Mind|p2a: Tapu Fini\n|-boost|p2a: Tapu Fini|spa|1\n|-boost|p2a: Tapu Fini|spd|1\n|\n|-heal|p2a: Tapu Fini|100\/100|[from] item: Leftovers\n|upkeep\n|turn|15\n|\n|t:|1700452807\n|switch|p2a: Banette|Banette, F|100\/100\n|move|p1a: Ogerpon|Swords Dance|p1a: Ogerpon\n|-boost|p1a: Ogerpon|atk|2\n|\n|upkeep\n|turn|16\n|\n|t:|1700452820\n|switch|p1a: Hydreigon|Hydreigon, F, tera:Poison|77\/100\n|-damage|p1a: Hydreigon|64\/100|[from] Stealth Rock\n|detailschange|p2a: Banette|Banette-Mega, F\n|-mega|p2a: Banette|Banette|Banettite\n|move|p2a: Banette|Encore||[still]\n|-fail|p2a: Banette\n|\n|-heal|p1a: Hydreigon|71\/100|[from] item: Leftovers\n|-fieldend|Misty Terrain\n|upkeep\n|turn|17\n|\n|t:|1700452837\n|switch|p2a: Tapu Fini|Tapu Fini|100\/100\n|-fieldstart|move: Misty Terrain|[from] ability: Misty Surge|[of] p2a: Tapu Fini\n|move|p1a: Hydreigon|Dark Pulse|p2a: Tapu Fini\n|-resisted|p2a: Tapu Fini\n|-damage|p2a: Tapu Fini|86\/100\n|\n|-heal|p1a: Hydreigon|77\/100|[from] item: Leftovers\n|-heal|p2a: Tapu Fini|92\/100|[from] item: Leftovers\n|upkeep\n|turn|18\n|\n|t:|1700452845\n|move|p1a: Hydreigon|U-turn|p2a: Tapu Fini\n|-resisted|p2a: Tapu Fini\n|-damage|p2a: Tapu Fini|87\/100\n|\n|t:|1700452853\n|switch|p1a: Ogerpon|Ogerpon-Wellspring, F|88\/100|[from] U-turn\n|-damage|p1a: Ogerpon|76\/100|[from] Stealth Rock\n|move|p2a: Tapu Fini|Draining Kiss|p1a: Ogerpon\n|-damage|p1a: Ogerpon|58\/100\n|-heal|p2a: Tapu Fini|99\/100|[from] drain|[of] p1a: Ogerpon\n|\n|-heal|p2a: Tapu Fini|100\/100|[from] item: Leftovers\n|upkeep\n|turn|19\n|\n|t:|1700452861\n|switch|p2a: Corviknight|Corviknight, F|100\/100\n|-ability|p2a: Corviknight|Pressure\n|move|p1a: Ogerpon|Power Whip|p2a: Corviknight|[miss]\n|-miss|p1a: Ogerpon|p2a: Corviknight\n|\n|upkeep\n|turn|20\n|\n|t:|1700452869\n|switch|p1a: Great Tusk|Great Tusk|100\/100\n|-damage|p1a: Great Tusk|98\/100|[from] Stealth Rock\n|move|p2a: Corviknight|U-turn|p1a: Great Tusk\n|-resisted|p1a: Great Tusk\n|-damage|p1a: Great Tusk|93\/100\n|\n|t:|1700452872\n|switch|p2a: Tapu Fini|Tapu Fini|100\/100|[from] U-turn\n|\n|-heal|p1a: Great Tusk|99\/100|[from] item: Leftovers\n|upkeep\n|turn|21\n|\n|t:|1700452880\n|-end|p1a: Great Tusk|Protosynthesis|[silent]\n|switch|p1a: Hydreigon|Hydreigon, F, tera:Poison|77\/100\n|-damage|p1a: Hydreigon|64\/100|[from] Stealth Rock\n|move|p2a: Tapu Fini|Draining Kiss|p1a: Hydreigon\n|-resisted|p1a: Hydreigon\n|-damage|p1a: Hydreigon|58\/100\n|\n|-heal|p1a: Hydreigon|64\/100|[from] item: Leftovers\n|-fieldend|Misty Terrain\n|upkeep\n|turn|22\n|l| duanran\n|\n|t:|1700452890\n|move|p1a: Hydreigon|Roost|p1a: Hydreigon\n|-heal|p1a: Hydreigon|100\/100\n|move|p2a: Tapu Fini|Draining Kiss|p1a: Hydreigon\n|-resisted|p1a: Hydreigon\n|-damage|p1a: Hydreigon|95\/100\n|\n|-heal|p1a: Hydreigon|100\/100|[from] item: Leftovers\n|upkeep\n|turn|23\n|\n|t:|1700452895\n|move|p1a: Hydreigon|Flamethrower|p2a: Tapu Fini\n|-resisted|p2a: Tapu Fini\n|-damage|p2a: Tapu Fini|90\/100\n|move|p2a: Tapu Fini|Calm Mind|p2a: Tapu Fini\n|-boost|p2a: Tapu Fini|spa|1\n|-boost|p2a: Tapu Fini|spd|1\n|\n|-heal|p2a: Tapu Fini|96\/100|[from] item: Leftovers\n|upkeep\n|turn|24\n|\n|t:|1700452899\n|move|p1a: Hydreigon|U-turn|p2a: Tapu Fini\n|-resisted|p2a: Tapu Fini\n|-damage|p2a: Tapu Fini|91\/100\n|\n|t:|1700452902\n|switch|p1a: Ogerpon|Ogerpon-Wellspring, F|58\/100|[from] U-turn\n|-damage|p1a: Ogerpon|46\/100|[from] Stealth Rock\n|move|p2a: Tapu Fini|Draining Kiss|p1a: Ogerpon\n|-damage|p1a: Ogerpon|18\/100\n|-heal|p2a: Tapu Fini|100\/100|[from] drain|[of] p1a: Ogerpon\n|\n|upkeep\n|turn|25\n|\n|t:|1700452913\n|switch|p2a: Corviknight|Corviknight, F|100\/100\n|-ability|p2a: Corviknight|Pressure\n|move|p1a: Ogerpon|Swords Dance|p1a: Ogerpon\n|-boost|p1a: Ogerpon|atk|2\n|\n|upkeep\n|turn|26\n|\n|t:|1700452922\n|move|p1a: Ogerpon|Ivy Cudgel|p2a: Corviknight|[anim] Ivy Cudgel Water\n|-damage|p2a: Corviknight|28\/100\n|move|p2a: Corviknight|U-turn|p1a: Ogerpon\n|-supereffective|p1a: Ogerpon\n|-damage|p1a: Ogerpon|0 fnt\n|faint|p1a: Ogerpon\n|\n|t:|1700452930\n|switch|p2a: Tapu Fini|Tapu Fini|100\/100|[from] U-turn\n|-fieldstart|move: Misty Terrain|[from] ability: Misty Surge|[of] p2a: Tapu Fini\n|\n|upkeep\n|\n|t:|1700452939\n|switch|p1a: Zapdos|Zapdos, shiny|15\/100\n|turn|27\n|\n|t:|1700452946\n|move|p1a: Zapdos|Roost|p1a: Zapdos\n|-heal|p1a: Zapdos|65\/100\n|-singleturn|p1a: Zapdos|move: Roost\n|move|p2a: Tapu Fini|Calm Mind|p2a: Tapu Fini\n|-boost|p2a: Tapu Fini|spa|1\n|-boost|p2a: Tapu Fini|spd|1\n|\n|upkeep\n|turn|28\n|\n|t:|1700452950\n|move|p1a: Zapdos|Volt Switch|p2a: Tapu Fini\n|-supereffective|p2a: Tapu Fini\n|-damage|p2a: Tapu Fini|69\/100\n|\n|t:|1700452955\n|switch|p1a: Hydreigon|Hydreigon, F, tera:Poison|100\/100|[from] Volt Switch\n|-damage|p1a: Hydreigon|88\/100|[from] Stealth Rock\n|move|p2a: Tapu Fini|Calm Mind|p2a: Tapu Fini\n|-boost|p2a: Tapu Fini|spa|1\n|-boost|p2a: Tapu Fini|spd|1\n|\n|-heal|p1a: Hydreigon|94\/100|[from] item: Leftovers\n|-heal|p2a: Tapu Fini|75\/100|[from] item: Leftovers\n|upkeep\n|turn|29\n|\n|t:|1700452963\n|move|p1a: Hydreigon|U-turn|p2a: Tapu Fini\n|-resisted|p2a: Tapu Fini\n|-damage|p2a: Tapu Fini|70\/100\n|\n|t:|1700452965\n|switch|p1a: Zapdos|Zapdos, shiny|65\/100|[from] U-turn\n|move|p2a: Tapu Fini|Calm Mind|p2a: Tapu Fini\n|-boost|p2a: Tapu Fini|spa|1\n|-boost|p2a: Tapu Fini|spd|1\n|\n|-heal|p2a: Tapu Fini|76\/100|[from] item: Leftovers\n|upkeep\n|turn|30\n|\n|t:|1700452969\n|move|p1a: Zapdos|Volt Switch|p2a: Tapu Fini\n|-supereffective|p2a: Tapu Fini\n|-damage|p2a: Tapu Fini|55\/100\n|\n|t:|1700452978\n|switch|p1a: Hydreigon|Hydreigon, F, tera:Poison|94\/100|[from] Volt Switch\n|-damage|p1a: Hydreigon|82\/100|[from] Stealth Rock\n|move|p2a: Tapu Fini|Draining Kiss|p1a: Hydreigon\n|-resisted|p1a: Hydreigon\n|-damage|p1a: Hydreigon|66\/100\n|-heal|p2a: Tapu Fini|68\/100|[from] drain|[of] p1a: Hydreigon\n|\n|-heal|p1a: Hydreigon|73\/100|[from] item: Leftovers\n|-heal|p2a: Tapu Fini|74\/100|[from] item: Leftovers\n|-fieldend|Misty Terrain\n|upkeep\n|turn|31\n|\n|t:|1700452982\n|move|p1a: Hydreigon|Flamethrower|p2a: Tapu Fini\n|-resisted|p2a: Tapu Fini\n|-damage|p2a: Tapu Fini|70\/100\n|move|p2a: Tapu Fini|Calm Mind|p2a: Tapu Fini\n|-boost|p2a: Tapu Fini|spa|1\n|-boost|p2a: Tapu Fini|spd|1\n|\n|-heal|p1a: Hydreigon|79\/100|[from] item: Leftovers\n|-heal|p2a: Tapu Fini|76\/100|[from] item: Leftovers\n|upkeep\n|turn|32\n|\n|t:|1700452987\n|move|p1a: Hydreigon|Dark Pulse|p2a: Tapu Fini\n|-resisted|p2a: Tapu Fini\n|-damage|p2a: Tapu Fini|71\/100\n|move|p2a: Tapu Fini|Calm Mind|p2a: Tapu Fini\n|-boost|p2a: Tapu Fini|spa|1\n|-boost|p2a: Tapu Fini|spd|1\n|\n|-heal|p1a: Hydreigon|85\/100|[from] item: Leftovers\n|-heal|p2a: Tapu Fini|77\/100|[from] item: Leftovers\n|upkeep\n|turn|33\n|-message|CapitandelEspacio forfeited.\n|\n|win|csb1123\n|raw|CapitandelEspacio's rating: 1627 &rarr; <strong>1609<\/strong><br \/>(-18 for losing)\n|raw|csb1123's rating: 1663 &rarr; <strong>1681<\/strong><br \/>(+18 for winning)\n|l|\u2606CapitandelEspacio\n","uploadtime":1700452994,"views":7,"p1id":"capitandelespacio","p2id":"csb1123","formatid":"gen9nationaldex","rating":1609,"private":0,"password":""}