{"id":"gen9nationaldex-1998543135","p1":"papunutriaxd","p2":"Danwithnoplan","format":"[Gen 9] National Dex","log":"|html|<div class=\"broadcast-blue\"><strong>[Gen 9] National Dex is currently suspecting Sneasler! For information on how to participate check out the <a href=\"https:\/\/www.smogon.com\/forums\/threads\/sv-national-dex-suspect-8-just-dance.3731534\/\">suspect thread<\/a>.<\/strong><\/div>\n|j|\u2606papunutriaxd\n|j|\u2606Danwithnoplan\n|t:|1700954340\n|gametype|singles\n|player|p1|papunutriaxd|clair|1406\n|player|p2|Danwithnoplan|anthea|1390\n|teamsize|p1|6\n|teamsize|p2|6\n|gen|9\n|tier|[Gen 9] National Dex\n|rated|\n|rule|HP Percentage Mod: HP is shown in percentages\n|rule|Endless Battle Clause: Forcing endless battles is banned\n|rule|OHKO Clause: OHKO moves are banned\n|rule|Evasion Clause: Evasion abilities, items, and moves are banned\n|rule|Evasion Abilities Clause: Evasion abilities are banned\n|rule|Evasion Items Clause: Evasion items are banned\n|rule|Evasion Moves Clause: Evasion moves are banned\n|rule|Species Clause: Limit one of each Pok\u00e9mon\n|rule|Sleep Clause Mod: Limit one foe put to sleep\n|clearpoke\n|poke|p1|Blacephalon|\n|poke|p1|Great Tusk|\n|poke|p1|Blaziken, F|\n|poke|p1|Sneasler, F|\n|poke|p1|Tapu Koko|\n|poke|p1|Decidueye, F|\n|poke|p2|Charizard, F|\n|poke|p2|Great Tusk|\n|poke|p2|Victini|\n|poke|p2|Kartana|\n|poke|p2|Tornadus-Therian, M|\n|poke|p2|Tyranitar, F|\n|teampreview\n|\n|t:|1700954361\n|start\n|switch|p1a: Tapu Koko|Tapu Koko|100\/100\n|switch|p2a: Victini|Victini|100\/100\n|-fieldstart|move: Electric Terrain|[from] ability: Electric Surge|[of] p1a: Tapu Koko\n|turn|1\n|\n|t:|1700954366\n|move|p2a: Victini|V-create|p1a: Tapu Koko\n|-damage|p1a: Tapu Koko|17\/100\n|-unboost|p2a: Victini|spe|1\n|-unboost|p2a: Victini|def|1\n|-unboost|p2a: Victini|spd|1\n|move|p1a: Tapu Koko|Light Screen|p1a: Tapu Koko\n|-sidestart|p1: papunutriaxd|move: Light Screen\n|\n|upkeep\n|turn|2\n|\n|t:|1700954376\n|switch|p1a: Blacephalon|Blacephalon|100\/100\n|move|p2a: Victini|V-create|p1a: Blacephalon\n|-resisted|p1a: Blacephalon\n|-damage|p1a: Blacephalon|7\/100\n|-unboost|p2a: Victini|spe|1\n|-unboost|p2a: Victini|def|1\n|-unboost|p2a: Victini|spd|1\n|\n|upkeep\n|turn|3\n|\n|t:|1700954385\n|switch|p2a: Tyranitar|Tyranitar, F|100\/100\n|-weather|Sandstorm|[from] ability: Sand Stream|[of] p2a: Tyranitar\n|move|p1a: Blacephalon|Trick|p2a: Tyranitar\n|-activate|p1a: Blacephalon|move: Trick|[of] p2a: Tyranitar\n|-item|p2a: Tyranitar|Choice Scarf|[from] move: Trick\n|-item|p1a: Blacephalon|Choice Band|[from] move: Trick\n|\n|-weather|Sandstorm|[upkeep]\n|-damage|p1a: Blacephalon|1\/100|[from] Sandstorm\n|upkeep\n|turn|4\n|\n|t:|1700954392\n|move|p1a: Blacephalon|Flamethrower|p2a: Tyranitar\n|-resisted|p2a: Tyranitar\n|-damage|p2a: Tyranitar|83\/100\n|move|p2a: Tyranitar|Knock Off|p1a: Blacephalon\n|-supereffective|p1a: Blacephalon\n|-damage|p1a: Blacephalon|0 fnt\n|-enditem|p1a: Blacephalon|Choice Band|[from] move: Knock Off|[of] p2a: Tyranitar\n|faint|p1a: Blacephalon\n|\n|-weather|Sandstorm|[upkeep]\n|upkeep\n|c|\u2606Danwithnoplan|ok\n|\n|t:|1700954403\n|switch|p1a: Sneasler|Sneasler, F|100\/100\n|-enditem|p1a: Sneasler|Electric Seed\n|-boost|p1a: Sneasler|def|1|[from] item: Electric Seed\n|turn|5\n|c|\u2606Danwithnoplan|this is actually kinda good fo me\n|inactive|Battle timer is ON: inactive players will automatically lose when time's up. (requested by papunutriaxd)\n|\n|t:|1700954424\n|switch|p2a: Great Tusk|Great Tusk|100\/100\n|move|p1a: Sneasler|Swords Dance|p1a: Sneasler\n|-boost|p1a: Sneasler|atk|2\n|\n|-weather|Sandstorm|[upkeep]\n|-damage|p1a: Sneasler|95\/100|[from] Sandstorm\n|-fieldend|move: Electric Terrain\n|upkeep\n|turn|6\n|c|\u2606papunutriaxd|watafak dude\n|\n|t:|1700954434\n|-terastallize|p1a: Sneasler|Flying\n|-terastallize|p2a: Great Tusk|Water\n|move|p1a: Sneasler|Acrobatics|p2a: Great Tusk\n|-damage|p2a: Great Tusk|7\/100\n|move|p2a: Great Tusk|Ice Spinner|p1a: Sneasler\n|-supereffective|p1a: Sneasler\n|-damage|p1a: Sneasler|29\/100\n|\n|-weather|Sandstorm|[upkeep]\n|-damage|p1a: Sneasler|23\/100|[from] Sandstorm\n|-damage|p2a: Great Tusk|1\/100|[from] Sandstorm\n|upkeep\n|turn|7\n|\n|t:|1700954444\n|move|p1a: Sneasler|Dire Claw|p2a: Great Tusk\n|-damage|p2a: Great Tusk|0 fnt\n|faint|p2a: Great Tusk\n|-end|p2a: Great Tusk|Protosynthesis|[silent]\n|\n|-weather|none\n|upkeep\n|inactive|Danwithnoplan has 120 seconds left.\n|\n|t:|1700954476\n|switch|p2a: Tyranitar|Tyranitar, F|83\/100\n|-weather|Sandstorm|[from] ability: Sand Stream|[of] p2a: Tyranitar\n|turn|8\n|inactive|Danwithnoplan has 120 seconds left.\n|\n|t:|1700954486\n|switch|p2a: Tornadus|Tornadus-Therian, M|100\/100\n|move|p1a: Sneasler|Close Combat|p2a: Tornadus\n|-resisted|p2a: Tornadus\n|-damage|p2a: Tornadus|1\/100\n|-unboost|p1a: Sneasler|def|1\n|-unboost|p1a: Sneasler|spd|1\n|\n|-weather|Sandstorm|[upkeep]\n|-damage|p1a: Sneasler|17\/100|[from] Sandstorm\n|-damage|p2a: Tornadus|0 fnt|[from] Sandstorm\n|faint|p2a: Tornadus\n|-sideend|p1: papunutriaxd|move: Light Screen\n|upkeep\n|inactive|Danwithnoplan has 120 seconds left.\n|\n|t:|1700954496\n|switch|p2a: Tyranitar|Tyranitar, F|83\/100\n|turn|9\n|\n|t:|1700954501\n|move|p1a: Sneasler|Close Combat|p2a: Tyranitar\n|-supereffective|p2a: Tyranitar\n|-damage|p2a: Tyranitar|0 fnt\n|-unboost|p1a: Sneasler|def|1\n|-unboost|p1a: Sneasler|spd|1\n|faint|p2a: Tyranitar\n|\n|-weather|Sandstorm|[upkeep]\n|-damage|p1a: Sneasler|11\/100|[from] Sandstorm\n|upkeep\n|c|\u2606Danwithnoplan|nvm\n|\n|t:|1700954515\n|switch|p2a: Victini|Victini|100\/100\n|turn|10\n|\n|t:|1700954520\n|move|p1a: Sneasler|Acrobatics|p2a: Victini\n|-damage|p2a: Victini|0 fnt\n|faint|p2a: Victini\n|\n|-weather|Sandstorm|[upkeep]\n|-damage|p1a: Sneasler|5\/100|[from] Sandstorm\n|upkeep\n|\n|t:|1700954526\n|switch|p2a: Charizard|Charizard, F|100\/100\n|turn|11\n|\n|t:|1700954529\n|detailschange|p2a: Charizard|Charizard-Mega-Y, F\n|-mega|p2a: Charizard|Charizard|Charizardite Y\n|-weather|SunnyDay|[from] ability: Drought|[of] p2a: Charizard\n|move|p1a: Sneasler|Acrobatics|p2a: Charizard\n|-damage|p2a: Charizard|0 fnt\n|faint|p2a: Charizard\n|\n|-weather|SunnyDay|[upkeep]\n|upkeep\n|\n|t:|1700954535\n|switch|p2a: Kartana|Kartana|100\/100\n|turn|12\n|\n|t:|1700954537\n|move|p1a: Sneasler|Close Combat|p2a: Kartana\n|-supereffective|p2a: Kartana\n|-damage|p2a: Kartana|0 fnt\n|-unboost|p1a: Sneasler|def|1\n|-unboost|p1a: Sneasler|spd|1\n|faint|p2a: Kartana\n|\n|win|papunutriaxd\n|raw|papunutriaxd's rating: 1406 &rarr; <strong>1425<\/strong><br \/>(+19 for winning)\n|raw|Danwithnoplan's rating: 1390 &rarr; <strong>1371<\/strong><br \/>(-19 for losing)\n|c|\u2606papunutriaxd|GG\n|c|\u2606Danwithnoplan|gg\n","uploadtime":1700954558,"views":2,"p1id":"papunutriaxd","p2id":"danwithnoplan","formatid":"gen9nationaldex","rating":1371,"private":0,"password":""}