{"id":"gen9nationaldex-2000613901","p1":"Niforemeh","p2":"ggez53","format":"[Gen 9] National Dex","log":"|html|<div class=\"broadcast-blue\"><strong>[Gen 9] National Dex is currently suspecting Sneasler! For information on how to participate check out the <a href=\"https:\/\/www.smogon.com\/forums\/threads\/sv-national-dex-suspect-8-just-dance.3731534\/\">suspect thread<\/a>.<\/strong><\/div>\n|j|\u2606Niforemeh\n|j|\u2606ggez53\n|t:|1701210628\n|gametype|singles\n|player|p1|Niforemeh|drayden|1066\n|player|p2|ggez53|lucas|1156\n|teamsize|p1|6\n|teamsize|p2|6\n|gen|9\n|tier|[Gen 9] National Dex\n|rated|\n|rule|HP Percentage Mod: HP is shown in percentages\n|rule|Endless Battle Clause: Forcing endless battles is banned\n|rule|OHKO Clause: OHKO moves are banned\n|rule|Evasion Clause: Evasion abilities, items, and moves are banned\n|rule|Evasion Abilities Clause: Evasion abilities are banned\n|rule|Evasion Items Clause: Evasion items are banned\n|rule|Evasion Moves Clause: Evasion moves are banned\n|rule|Species Clause: Limit one of each Pok\u00e9mon\n|rule|Sleep Clause Mod: Limit one foe put to sleep\n|clearpoke\n|poke|p1|Eevee, F|\n|poke|p1|Jolteon, F|\n|poke|p1|Umbreon, M|\n|poke|p1|Espeon, M|\n|poke|p1|Vaporeon, F|\n|poke|p1|Leafeon, M|\n|poke|p2|Zoroark-Hisui, M|\n|poke|p2|Blissey, F|\n|poke|p2|Urshifu-*, M|\n|poke|p2|Volcarona, F|\n|poke|p2|Charizard, F|\n|poke|p2|Glimmora, F|\n|teampreview\n|l|\u2606Niforemeh\n|player|p1|\n|c|\u2606ggez53|what is this satanic team\n|inactive|Battle timer is ON: inactive players will automatically lose when time's up. (requested by ggez53)\n|j|\u2606Niforemeh\n|inactive|Niforemeh reconnected and has 125 seconds left.\n|player|p1|Niforemeh|drayden\n|inactive|Niforemeh has 120 seconds left.\n|\n|t:|1701210686\n|start\n|switch|p1a: Jolteon|Jolteon, F|100\/100\n|switch|p2a: Glimmora|Glimmora, F|100\/100\n|turn|1\n|\n|t:|1701210698\n|move|p1a: Jolteon|Volt Switch|p2a: Glimmora\n|-damage|p2a: Glimmora|31\/100\n|replace|p2a: Zoroark|Zoroark-Hisui, M\n|-end|p2a: Zoroark|Illusion\n|c|\u2606Niforemeh|:3\n|\n|t:|1701210707\n|switch|p1a: Umbreon|Umbreon, M|100\/100|[from] Volt Switch\n|move|p2a: Zoroark|Bitter Malice|p1a: Umbreon\n|-resisted|p1a: Umbreon\n|-damage|p1a: Umbreon|88\/100\n|-unboost|p1a: Umbreon|atk|1\n|\n|-heal|p1a: Umbreon|94\/100|[from] item: Leftovers\n|upkeep\n|turn|2\n|l|\u2606Niforemeh\n|inactive|Niforemeh disconnected and has a minute to reconnect!\n|player|p1|\n|inactive|Niforemeh has 30 seconds to reconnect!\n|j|\u2606Niforemeh\n|inactive|Niforemeh reconnected and has 115 seconds left.\n|player|p1|Niforemeh|drayden\n|\n|t:|1701210746\n|move|p2a: Zoroark|Sludge Bomb|p1a: Umbreon\n|-damage|p1a: Umbreon|74\/100\n|-status|p1a: Umbreon|psn\n|move|p1a: Umbreon|Foul Play|p2a: Zoroark\n|-supereffective|p2a: Zoroark\n|-damage|p2a: Zoroark|0 fnt\n|faint|p2a: Zoroark\n|\n|-heal|p1a: Umbreon|80\/100 psn|[from] item: Leftovers\n|-damage|p1a: Umbreon|68\/100 psn|[from] psn\n|upkeep\n|inactive|ggez53 has 120 seconds left.\n|\n|t:|1701210764\n|switch|p2a: Blissey|Blissey, F|100\/100\n|turn|3\n|\n|t:|1701210771\n|move|p1a: Umbreon|Confuse Ray|p2a: Blissey\n|-start|p2a: Blissey|confusion\n|-activate|p2a: Blissey|confusion\n|move|p2a: Blissey|Counter||[still]\n|-fail|p2a: Blissey\n|\n|-heal|p1a: Umbreon|74\/100 psn|[from] item: Leftovers\n|-damage|p1a: Umbreon|61\/100 psn|[from] psn\n|upkeep\n|turn|4\n|\n|t:|1701210779\n|switch|p2a: Urshifu|Urshifu-Rapid-Strike, M|100\/100\n|move|p1a: Umbreon|Toxic|p2a: Urshifu|[miss]\n|-miss|p1a: Umbreon|p2a: Urshifu\n|\n|-heal|p1a: Umbreon|68\/100 psn|[from] item: Leftovers\n|-damage|p1a: Umbreon|55\/100 psn|[from] psn\n|upkeep\n|turn|5\n|\n|t:|1701210799\n|move|p2a: Urshifu|Surging Strikes|p1a: Umbreon\n|-crit|p1a: Umbreon\n|-damage|p1a: Umbreon|38\/100 psn\n|-crit|p1a: Umbreon\n|-damage|p1a: Umbreon|24\/100 psn\n|-crit|p1a: Umbreon\n|-damage|p1a: Umbreon|8\/100 psn\n|-hitcount|p1a: Umbreon|3\n|move|p1a: Umbreon|Moonlight|p1a: Umbreon\n|-heal|p1a: Umbreon|58\/100 psn\n|\n|-heal|p1a: Umbreon|64\/100 psn|[from] item: Leftovers\n|-damage|p1a: Umbreon|52\/100 psn|[from] psn\n|upkeep\n|turn|6\n|\n|t:|1701210813\n|switch|p2a: Blissey|Blissey, F|100\/100\n|move|p1a: Umbreon|Moonlight|p1a: Umbreon\n|-heal|p1a: Umbreon|100\/100 psn\n|\n|-damage|p1a: Umbreon|88\/100 psn|[from] psn\n|upkeep\n|turn|7\n|\n|t:|1701210822\n|move|p1a: Umbreon|Toxic|p2a: Blissey|[miss]\n|-miss|p1a: Umbreon|p2a: Blissey\n|move|p2a: Blissey|Counter||[still]\n|-fail|p2a: Blissey\n|\n|-heal|p1a: Umbreon|94\/100 psn|[from] item: Leftovers\n|-damage|p1a: Umbreon|82\/100 psn|[from] psn\n|upkeep\n|turn|8\n|c|\u2606ggez53|the poison will get you eventually\n|\n|t:|1701210833\n|move|p1a: Umbreon|Toxic|p2a: Blissey\n|-status|p2a: Blissey|tox\n|move|p2a: Blissey|Toxic||[still]\n|-fail|p2a: Blissey\n|\n|-heal|p1a: Umbreon|88\/100 psn|[from] item: Leftovers\n|-damage|p1a: Umbreon|75\/100 psn|[from] psn\n|-damage|p2a: Blissey|94\/100 tox|[from] psn\n|upkeep\n|turn|9\n|\n|t:|1701210842\n|move|p1a: Umbreon|Confuse Ray|p2a: Blissey\n|-start|p2a: Blissey|confusion\n|-activate|p2a: Blissey|confusion\n|-damage|p2a: Blissey|93\/100 tox|[from] confusion\n|\n|-heal|p1a: Umbreon|81\/100 psn|[from] item: Leftovers\n|-damage|p1a: Umbreon|69\/100 psn|[from] psn\n|-damage|p2a: Blissey|81\/100 tox|[from] psn\n|upkeep\n|turn|10\n|\n|t:|1701210854\n|-curestatus|p2a: Blissey|tox|[from] ability: Natural Cure\n|switch|p2a: Glimmora|Glimmora, F|100\/100\n|move|p1a: Umbreon|Foul Play|p2a: Glimmora\n|-damage|p2a: Glimmora|84\/100\n|-activate|p2a: Glimmora|ability: Toxic Debris\n|-sidestart|p1: Niforemeh|move: Toxic Spikes\n|\n|-heal|p1a: Umbreon|75\/100 psn|[from] item: Leftovers\n|-damage|p1a: Umbreon|63\/100 psn|[from] psn\n|upkeep\n|turn|11\n|\n|t:|1701210867\n|move|p2a: Glimmora|Stealth Rock|p1a: Umbreon\n|-sidestart|p1: Niforemeh|move: Stealth Rock\n|move|p1a: Umbreon|Confuse Ray|p2a: Glimmora\n|-start|p2a: Glimmora|confusion\n|\n|-heal|p1a: Umbreon|69\/100 psn|[from] item: Leftovers\n|-damage|p1a: Umbreon|56\/100 psn|[from] psn\n|upkeep\n|turn|12\n|\n|t:|1701210878\n|-activate|p2a: Glimmora|confusion\n|move|p2a: Glimmora|Spikes|p1a: Umbreon\n|-sidestart|p1: Niforemeh|Spikes\n|move|p1a: Umbreon|Foul Play|p2a: Glimmora\n|-damage|p2a: Glimmora|69\/100\n|-activate|p2a: Glimmora|ability: Toxic Debris\n|-sidestart|p1: Niforemeh|move: Toxic Spikes\n|\n|-heal|p1a: Umbreon|62\/100 psn|[from] item: Leftovers\n|-damage|p1a: Umbreon|50\/100 psn|[from] psn\n|upkeep\n|turn|13\n|\n|t:|1701210887\n|switch|p1a: Espeon|Espeon, M|100\/100\n|-status|p1a: Espeon|tox\n|-damage|p1a: Espeon|88\/100 tox|[from] Stealth Rock\n|-damage|p1a: Espeon|76\/100 tox|[from] Spikes\n|-end|p2a: Glimmora|confusion\n|move|p2a: Glimmora|Reflect|p2a: Glimmora\n|-sidestart|p2: ggez53|Reflect\n|\n|-damage|p1a: Espeon|70\/100 tox|[from] psn\n|upkeep\n|turn|14\n|\n|t:|1701210914\n|move|p1a: Espeon|Psychic|p2a: Glimmora\n|-supereffective|p2a: Glimmora\n|-damage|p2a: Glimmora|0 fnt\n|faint|p2a: Glimmora\n|\n|-damage|p1a: Espeon|58\/100 tox|[from] psn\n|upkeep\n|inactive|ggez53 has 120 seconds left.\n|c|\u2606Niforemeh|The only thing I dislike is that no eeveelution has defog ;w;\n|\n|t:|1701210928\n|switch|p2a: Blissey|Blissey, F|81\/100\n|turn|15\n|\n|t:|1701210935\n|switch|p1a: Umbreon|Umbreon, M|50\/100 psn\n|-damage|p1a: Umbreon|38\/100 psn|[from] Stealth Rock\n|-damage|p1a: Umbreon|25\/100 psn|[from] Spikes\n|move|p2a: Blissey|Soft-Boiled|p2a: Blissey\n|-heal|p2a: Blissey|100\/100\n|\n|-heal|p1a: Umbreon|31\/100 psn|[from] item: Leftovers\n|-damage|p1a: Umbreon|19\/100 psn|[from] psn\n|upkeep\n|turn|16\n|\n|t:|1701210948\n|switch|p2a: Urshifu|Urshifu-Rapid-Strike, M|100\/100\n|move|p1a: Umbreon|Moonlight|p1a: Umbreon\n|-heal|p1a: Umbreon|69\/100 psn\n|\n|-heal|p1a: Umbreon|75\/100 psn|[from] item: Leftovers\n|-damage|p1a: Umbreon|62\/100 psn|[from] psn\n|upkeep\n|turn|17\n|\n|t:|1701210957\n|move|p2a: Urshifu|Swords Dance|p2a: Urshifu\n|-boost|p2a: Urshifu|atk|2\n|move|p1a: Umbreon|Confuse Ray|p2a: Urshifu\n|-start|p2a: Urshifu|confusion\n|\n|-heal|p1a: Umbreon|69\/100 psn|[from] item: Leftovers\n|-damage|p1a: Umbreon|56\/100 psn|[from] psn\n|-sideend|p2: ggez53|Reflect\n|upkeep\n|turn|18\n|\n|t:|1701210965\n|-activate|p2a: Urshifu|confusion\n|move|p2a: Urshifu|Drain Punch|p1a: Umbreon\n|-supereffective|p1a: Umbreon\n|-damage|p1a: Umbreon|0 fnt\n|faint|p1a: Umbreon\n|\n|upkeep\n|\n|t:|1701210970\n|switch|p1a: Espeon|Espeon, M|58\/100 tox\n|-damage|p1a: Espeon|46\/100 tox|[from] Stealth Rock\n|-damage|p1a: Espeon|34\/100 tox|[from] Spikes\n|turn|19\n|\n|t:|1701210975\n|switch|p2a: Volcarona|Volcarona, F|100\/100\n|move|p1a: Espeon|Psychic|p2a: Volcarona\n|-damage|p2a: Volcarona|47\/100\n|\n|-damage|p1a: Espeon|28\/100 tox|[from] psn\n|upkeep\n|turn|20\n|\n|t:|1701210985\n|move|p1a: Espeon|Psychic|p2a: Volcarona\n|-damage|p2a: Volcarona|0 fnt\n|faint|p2a: Volcarona\n|\n|-damage|p1a: Espeon|16\/100 tox|[from] psn\n|upkeep\n|\n|t:|1701210991\n|switch|p2a: Urshifu|Urshifu-Rapid-Strike, M|100\/100\n|turn|21\n|\n|t:|1701210993\n|move|p2a: Urshifu|Aqua Jet|p1a: Espeon\n|-damage|p1a: Espeon|0 fnt\n|faint|p1a: Espeon\n|\n|upkeep\n|\n|t:|1701211000\n|switch|p1a: Jolteon|Jolteon, F|100\/100\n|-status|p1a: Jolteon|tox\n|-damage|p1a: Jolteon|88\/100 tox|[from] Stealth Rock\n|-damage|p1a: Jolteon|76\/100 tox|[from] Spikes\n|turn|22\n|\n|t:|1701211006\n|switch|p2a: Blissey|Blissey, F|100\/100\n|move|p1a: Jolteon|Reflect|p1a: Jolteon\n|-sidestart|p1: Niforemeh|Reflect\n|\n|-damage|p1a: Jolteon|70\/100 tox|[from] psn\n|upkeep\n|turn|23\n|\n|t:|1701211016\n|move|p1a: Jolteon|Light Screen|p1a: Jolteon\n|-sidestart|p1: Niforemeh|move: Light Screen\n|move|p2a: Blissey|Counter||[still]\n|-fail|p2a: Blissey\n|\n|-damage|p1a: Jolteon|58\/100 tox|[from] psn\n|upkeep\n|turn|24\n|\n|t:|1701211021\n|move|p1a: Jolteon|Tera Blast|p2a: Blissey\n|-damage|p2a: Blissey|91\/100\n|move|p2a: Blissey|Counter||[still]\n|-fail|p2a: Blissey\n|\n|-damage|p1a: Jolteon|41\/100 tox|[from] psn\n|upkeep\n|turn|25\n|\n|t:|1701211030\n|move|p1a: Jolteon|Volt Switch|p2a: Blissey\n|-damage|p2a: Blissey|78\/100\n|\n|t:|1701211034\n|switch|p1a: Leafeon|Leafeon, M|100\/100|[from] Volt Switch\n|-status|p1a: Leafeon|tox\n|-damage|p1a: Leafeon|88\/100 tox|[from] Stealth Rock\n|-damage|p1a: Leafeon|76\/100 tox|[from] Spikes\n|move|p2a: Blissey|Soft-Boiled|p2a: Blissey\n|-heal|p2a: Blissey|100\/100\n|\n|-damage|p1a: Leafeon|70\/100 tox|[from] psn\n|upkeep\n|turn|26\n|\n|t:|1701211046\n|move|p1a: Leafeon|Double Kick|p2a: Blissey\n|-supereffective|p2a: Blissey\n|-damage|p2a: Blissey|83\/100\n|-supereffective|p2a: Blissey\n|-damage|p2a: Blissey|68\/100\n|-hitcount|p2a: Blissey|2\n|move|p2a: Blissey|Soft-Boiled|p2a: Blissey\n|-heal|p2a: Blissey|100\/100\n|\n|-damage|p1a: Leafeon|58\/100 tox|[from] psn\n|upkeep\n|turn|27\n|\n|t:|1701211057\n|move|p1a: Leafeon|Knock Off|p2a: Blissey\n|-damage|p2a: Blissey|74\/100\n|-enditem|p2a: Blissey|Sitrus Berry|[from] move: Knock Off|[of] p1a: Leafeon\n|move|p2a: Blissey|Soft-Boiled|p2a: Blissey\n|-heal|p2a: Blissey|100\/100\n|\n|-damage|p1a: Leafeon|41\/100 tox|[from] psn\n|upkeep\n|turn|28\n|\n|t:|1701211076\n|move|p1a: Leafeon|Leaf Blade|p2a: Blissey\n|-damage|p2a: Blissey|64\/100\n|move|p2a: Blissey|Counter|p1a: Leafeon\n|-damage|p1a: Leafeon|0 fnt\n|faint|p1a: Leafeon\n|\n|upkeep\n|\n|t:|1701211085\n|switch|p1a: Jolteon|Jolteon, F|41\/100 tox\n|-damage|p1a: Jolteon|29\/100 tox|[from] Stealth Rock\n|-damage|p1a: Jolteon|16\/100 tox|[from] Spikes\n|turn|29\n|\n|t:|1701211090\n|move|p1a: Jolteon|Light Screen||[still]\n|-fail|p1a: Jolteon\n|move|p2a: Blissey|Soft-Boiled|p2a: Blissey\n|-heal|p2a: Blissey|100\/100\n|\n|-damage|p1a: Jolteon|10\/100 tox|[from] psn\n|-sideend|p1: Niforemeh|Reflect\n|upkeep\n|turn|30\n|\n|t:|1701211111\n|move|p1a: Jolteon|Reflect|p1a: Jolteon\n|-sidestart|p1: Niforemeh|Reflect\n|move|p2a: Blissey|Soft-Boiled||[still]\n|-fail|p2a: Blissey|heal\n|\n|-damage|p1a: Jolteon|0 fnt|[from] psn\n|faint|p1a: Jolteon\n|-sideend|p1: Niforemeh|move: Light Screen\n|upkeep\n|\n|t:|1701211115\n|switch|p1a: Surprise|Eevee, F, shiny|100\/100\n|-status|p1a: Surprise|tox\n|-damage|p1a: Surprise|88\/100 tox|[from] Stealth Rock\n|-damage|p1a: Surprise|76\/100 tox|[from] Spikes\n|turn|31\n|\n|t:|1701211136\n|-zpower|p1a: Surprise\n|move|p1a: Surprise|Extreme Evoboost|p1a: Surprise\n|-boost|p1a: Surprise|atk|2\n|-boost|p1a: Surprise|def|2\n|-boost|p1a: Surprise|spa|2\n|-boost|p1a: Surprise|spd|2\n|-boost|p1a: Surprise|spe|2\n|move|p2a: Blissey|Counter||[still]\n|-fail|p2a: Blissey\n|\n|-damage|p1a: Surprise|70\/100 tox|[from] psn\n|upkeep\n|turn|32\n|\n|t:|1701211146\n|move|p1a: Surprise|Detect|p1a: Surprise\n|-singleturn|p1a: Surprise|Protect\n|move|p2a: Blissey|Counter||[still]\n|-fail|p2a: Blissey\n|\n|-damage|p1a: Surprise|58\/100 tox|[from] psn\n|upkeep\n|turn|33\n|\n|t:|1701211151\n|move|p1a: Surprise|Last Resort|p2a: Blissey\n|-damage|p2a: Blissey|7\/100\n|move|p2a: Blissey|Counter|p1a: Surprise\n|-damage|p1a: Surprise|0 fnt\n|faint|p1a: Surprise\n|\n|upkeep\n|\n|t:|1701211155\n|switch|p1a: Did you know\u2026?|Vaporeon, F|100\/100\n|-status|p1a: Did you know\u2026?|tox\n|-damage|p1a: Did you know\u2026?|88\/100 tox|[from] Stealth Rock\n|-damage|p1a: Did you know\u2026?|75\/100 tox|[from] Spikes\n|turn|34\n|inactive|ggez53 has 120 seconds left.\n|inactive|ggez53 has 90 seconds left.\n|\n|t:|1701211226\n|move|p1a: Did you know\u2026?|Hydro Pump|p2a: Blissey\n|-damage|p2a: Blissey|0 fnt\n|faint|p2a: Blissey\n|\n|-damage|p1a: Did you know\u2026?|69\/100 tox|[from] psn\n|upkeep\n|\n|t:|1701211233\n|switch|p2a: Charizard|Charizard, F|100\/100\n|turn|35\n|\n|t:|1701211237\n|detailschange|p2a: Charizard|Charizard-Mega-X, F\n|-mega|p2a: Charizard|Charizard|Charizardite X\n|move|p2a: Charizard|Thunder Punch|p1a: Did you know\u2026?\n|-supereffective|p1a: Did you know\u2026?\n|-damage|p1a: Did you know\u2026?|27\/100 tox\n|move|p1a: Did you know\u2026?|Hydro Pump|p2a: Charizard\n|-damage|p2a: Charizard|0 fnt\n|faint|p2a: Charizard\n|\n|-damage|p1a: Did you know\u2026?|15\/100 tox|[from] psn\n|upkeep\n|inactive|ggez53 has 90 seconds left.\n|\n|t:|1701211246\n|switch|p2a: Urshifu|Urshifu-Rapid-Strike, M|100\/100\n|turn|36\n|\n|t:|1701211249\n|move|p2a: Urshifu|Aqua Jet|p1a: Did you know\u2026?\n|-heal|p1a: Did you know\u2026?|40\/100 tox|[from] ability: Water Absorb|[of] p2a: Urshifu\n|move|p1a: Did you know\u2026?|Hydro Pump|p2a: Urshifu\n|-resisted|p2a: Urshifu\n|-damage|p2a: Urshifu|40\/100\n|\n|-damage|p1a: Did you know\u2026?|21\/100 tox|[from] psn\n|upkeep\n|turn|37\n|\n|t:|1701211258\n|-terastallize|p1a: Did you know\u2026?|Fire\n|move|p2a: Urshifu|Drain Punch|p1a: Did you know\u2026?\n|-damage|p1a: Did you know\u2026?|0 fnt\n|-heal|p2a: Urshifu|54\/100|[from] drain|[of] p1a: Did you know\u2026?\n|faint|p1a: Did you know\u2026?\n|\n|win|ggez53\n|raw|Niforemeh's rating: 1066 &rarr; <strong>1051<\/strong><br \/>(-15 for losing)\n|raw|ggez53's rating: 1156 &rarr; <strong>1175<\/strong><br \/>(+19 for winning)\n|l|\u2606Niforemeh\n","uploadtime":1701212178,"views":0,"p1id":"niforemeh","p2id":"ggez53","formatid":"gen9nationaldex","rating":1051,"private":0,"password":""}