{"id":"gen9nationaldex-1994266077","p1":"Shido464","p2":"karpaguy","format":"[Gen 9] National Dex","log":"|j|\u2606Shido464\n|j|\u2606karpaguy\n|t:|1700425093\n|gametype|singles\n|player|p1|Shido464|shadowtriad|\n|player|p2|karpaguy|giovanni|\n|teamsize|p1|6\n|teamsize|p2|6\n|gen|9\n|tier|[Gen 9] National Dex\n|rule|HP Percentage Mod: HP is shown in percentages\n|rule|Endless Battle Clause: Forcing endless battles is banned\n|rule|OHKO Clause: OHKO moves are banned\n|rule|Evasion Clause: Evasion abilities, items, and moves are banned\n|rule|Evasion Abilities Clause: Evasion abilities are banned\n|rule|Evasion Items Clause: Evasion items are banned\n|rule|Evasion Moves Clause: Evasion moves are banned\n|rule|Species Clause: Limit one of each Pok\u00e9mon\n|rule|Sleep Clause Mod: Limit one foe put to sleep\n|clearpoke\n|poke|p1|Inteleon, M|\n|poke|p1|Sableye, M|\n|poke|p1|Fezandipiti, M|\n|poke|p1|Sandy Shocks|\n|poke|p1|Ditto|\n|poke|p1|Skarmory, M|\n|poke|p2|Alomomola, F|\n|poke|p2|Jirachi|\n|poke|p2|Great Tusk|\n|poke|p2|Ambipom, F|\n|poke|p2|Zapdos|\n|poke|p2|Wailord, M|\n|teampreview\n|\n|t:|1700425103\n|start\n|switch|p1a: Sandy Shocks|Sandy Shocks|100\/100\n|switch|p2a: MAKONHAAAA|Great Tusk|100\/100\n|-enditem|p2a: MAKONHAAAA|Booster Energy\n|-activate|p2a: MAKONHAAAA|ability: Protosynthesis|[fromitem]\n|-start|p2a: MAKONHAAAA|protosynthesisatk\n|turn|1\n|\n|t:|1700425109\n|-end|p1a: Sandy Shocks|Protosynthesis|[silent]\n|switch|p1a: Skarmory|Skarmory, M|100\/100\n|move|p2a: MAKONHAAAA|Stealth Rock|p1a: Skarmory\n|-sidestart|p1: Shido464|move: Stealth Rock\n|\n|upkeep\n|turn|2\n|\n|t:|1700425118\n|-terastallize|p2a: MAKONHAAAA|Flying\n|move|p2a: MAKONHAAAA|Body Press|p1a: Skarmory\n|-damage|p1a: Skarmory|72\/100\n|-damage|p2a: MAKONHAAAA|84\/100|[from] item: Rocky Helmet|[of] p1a: Skarmory\n|move|p1a: Skarmory|Curse|p1a: Skarmory\n|-unboost|p1a: Skarmory|spe|1\n|-boost|p1a: Skarmory|atk|1\n|-boost|p1a: Skarmory|def|1\n|\n|upkeep\n|turn|3\n|\n|t:|1700425144\n|-end|p2a: MAKONHAAAA|Protosynthesis|[silent]\n|switch|p2a: 2 KILO DE P\u00d3|Zapdos|100\/100\n|move|p1a: Skarmory|Curse|p1a: Skarmory\n|-unboost|p1a: Skarmory|spe|1\n|-boost|p1a: Skarmory|atk|1\n|-boost|p1a: Skarmory|def|1\n|\n|upkeep\n|turn|4\n|\n|t:|1700425151\n|switch|p1a: Sandy Shocks|Sandy Shocks|100\/100\n|-damage|p1a: Sandy Shocks|94\/100|[from] Stealth Rock\n|move|p2a: 2 KILO DE P\u00d3|Thunderbolt|p1a: Sandy Shocks\n|-immune|p1a: Sandy Shocks\n|\n|upkeep\n|turn|5\n|\n|t:|1700425158\n|move|p1a: Sandy Shocks|Power Gem|p2a: 2 KILO DE P\u00d3\n|-supereffective|p2a: 2 KILO DE P\u00d3\n|-damage|p2a: 2 KILO DE P\u00d3|29\/100\n|-enditem|p2a: 2 KILO DE P\u00d3|Sitrus Berry|[eat]\n|-heal|p2a: 2 KILO DE P\u00d3|54\/100|[from] item: Sitrus Berry\n|move|p2a: 2 KILO DE P\u00d3|U-turn|p1a: Sandy Shocks\n|-damage|p1a: Sandy Shocks|74\/100\n|\n|t:|1700425175\n|switch|p2a: Jirachi|Jirachi|100\/100|[from] U-turn\n|\n|upkeep\n|turn|6\n|\n|t:|1700425182\n|-end|p1a: Sandy Shocks|Protosynthesis|[silent]\n|switch|p1a: Mewtwo.|Sableye, M|100\/100\n|-damage|p1a: Mewtwo.|88\/100|[from] Stealth Rock\n|move|p2a: Jirachi|Substitute|p2a: Jirachi\n|-start|p2a: Jirachi|Substitute\n|-damage|p2a: Jirachi|76\/100\n|\n|upkeep\n|turn|7\n|\n|t:|1700425191\n|detailschange|p1a: Mewtwo.|Sableye-Mega, M\n|-mega|p1a: Mewtwo.|Sableye|Sablenite\n|move|p2a: Jirachi|Fire Punch|p1a: Mewtwo.\n|-damage|p1a: Mewtwo.|69\/100\n|move|p1a: Mewtwo.|Knock Off|p2a: Jirachi\n|-supereffective|p2a: Jirachi\n|-end|p2a: Jirachi|Substitute\n|\n|upkeep\n|turn|8\n|\n|t:|1700425199\n|move|p2a: Jirachi|Healing Wish|p2a: Jirachi\n|faint|p2a: Jirachi\n|move|p1a: Mewtwo.|Knock Off|p2: Jirachi|[notarget]\n|-fail|p1a: Mewtwo.\n|\n|upkeep\n|\n|t:|1700425206\n|switch|p2a: 2 KILO DE P\u00d3|Zapdos|54\/100\n|-heal|p2a: 2 KILO DE P\u00d3|100\/100|[from] move: Healing Wish\n|turn|9\n|\n|t:|1700425215\n|switch|p1a: Sandy Shocks|Sandy Shocks|74\/100\n|-damage|p1a: Sandy Shocks|68\/100|[from] Stealth Rock\n|move|p2a: 2 KILO DE P\u00d3|Acrobatics|p1a: Sandy Shocks\n|-resisted|p1a: Sandy Shocks\n|-damage|p1a: Sandy Shocks|40\/100\n|\n|upkeep\n|turn|10\n|\n|t:|1700425228\n|switch|p2a: S.S. Tua M\u00e3e|Wailord, M|100\/100\n|-ability|p2a: S.S. Tua M\u00e3e|Pressure\n|move|p1a: Sandy Shocks|Power Gem|p2a: S.S. Tua M\u00e3e\n|-damage|p2a: S.S. Tua M\u00e3e|78\/100\n|\n|-heal|p2a: S.S. Tua M\u00e3e|84\/100|[from] item: Leftovers\n|upkeep\n|turn|11\n|\n|t:|1700425241\n|-end|p1a: Sandy Shocks|Protosynthesis|[silent]\n|switch|p1a: Skarmory|Skarmory, M|72\/100\n|-damage|p1a: Skarmory|59\/100|[from] Stealth Rock\n|move|p2a: S.S. Tua M\u00e3e|Protect||[still]\n|-fail|p2a: S.S. Tua M\u00e3e\n|\n|-heal|p2a: S.S. Tua M\u00e3e|90\/100|[from] item: Leftovers\n|upkeep\n|turn|12\n|\n|t:|1700425249\n|move|p1a: Skarmory|Roost|p1a: Skarmory\n|-heal|p1a: Skarmory|100\/100\n|-singleturn|p1a: Skarmory|move: Roost\n|move|p2a: S.S. Tua M\u00e3e|Curse|p2a: S.S. Tua M\u00e3e\n|-unboost|p2a: S.S. Tua M\u00e3e|spe|1\n|-boost|p2a: S.S. Tua M\u00e3e|atk|1\n|-boost|p2a: S.S. Tua M\u00e3e|def|1\n|\n|-heal|p2a: S.S. Tua M\u00e3e|96\/100|[from] item: Leftovers\n|upkeep\n|turn|13\n|\n|t:|1700425259\n|move|p1a: Skarmory|Curse|p1a: Skarmory\n|-unboost|p1a: Skarmory|spe|1\n|-boost|p1a: Skarmory|atk|1\n|-boost|p1a: Skarmory|def|1\n|move|p2a: S.S. Tua M\u00e3e|Curse|p2a: S.S. Tua M\u00e3e\n|-unboost|p2a: S.S. Tua M\u00e3e|spe|1\n|-boost|p2a: S.S. Tua M\u00e3e|atk|1\n|-boost|p2a: S.S. Tua M\u00e3e|def|1\n|\n|-heal|p2a: S.S. Tua M\u00e3e|100\/100|[from] item: Leftovers\n|upkeep\n|turn|14\n|\n|t:|1700425269\n|move|p1a: Skarmory|Curse|p1a: Skarmory\n|-unboost|p1a: Skarmory|spe|1\n|-boost|p1a: Skarmory|atk|1\n|-boost|p1a: Skarmory|def|1\n|move|p2a: S.S. Tua M\u00e3e|Liquidation|p1a: Skarmory\n|-damage|p1a: Skarmory|83\/100\n|-damage|p2a: S.S. Tua M\u00e3e|84\/100|[from] item: Rocky Helmet|[of] p1a: Skarmory\n|\n|-heal|p2a: S.S. Tua M\u00e3e|90\/100|[from] item: Leftovers\n|upkeep\n|turn|15\n|\n|t:|1700425281\n|move|p1a: Skarmory|Iron Head|p2a: S.S. Tua M\u00e3e\n|-resisted|p2a: S.S. Tua M\u00e3e\n|-damage|p2a: S.S. Tua M\u00e3e|77\/100\n|move|p2a: S.S. Tua M\u00e3e|Curse|p2a: S.S. Tua M\u00e3e\n|-unboost|p2a: S.S. Tua M\u00e3e|spe|1\n|-boost|p2a: S.S. Tua M\u00e3e|atk|1\n|-boost|p2a: S.S. Tua M\u00e3e|def|1\n|\n|-heal|p2a: S.S. Tua M\u00e3e|83\/100|[from] item: Leftovers\n|upkeep\n|turn|16\n|\n|t:|1700425289\n|move|p1a: Skarmory|Curse|p1a: Skarmory\n|-unboost|p1a: Skarmory|spe|1\n|-boost|p1a: Skarmory|atk|1\n|-boost|p1a: Skarmory|def|1\n|move|p2a: S.S. Tua M\u00e3e|Curse|p2a: S.S. Tua M\u00e3e\n|-unboost|p2a: S.S. Tua M\u00e3e|spe|1\n|-boost|p2a: S.S. Tua M\u00e3e|atk|1\n|-boost|p2a: S.S. Tua M\u00e3e|def|1\n|\n|-heal|p2a: S.S. Tua M\u00e3e|89\/100|[from] item: Leftovers\n|upkeep\n|turn|17\n|\n|t:|1700425297\n|move|p1a: Skarmory|Curse|p1a: Skarmory\n|-unboost|p1a: Skarmory|spe|1\n|-boost|p1a: Skarmory|atk|1\n|-boost|p1a: Skarmory|def|1\n|move|p2a: S.S. Tua M\u00e3e|Curse|p2a: S.S. Tua M\u00e3e\n|-unboost|p2a: S.S. Tua M\u00e3e|spe|1\n|-boost|p2a: S.S. Tua M\u00e3e|atk|1\n|-boost|p2a: S.S. Tua M\u00e3e|def|1\n|\n|-heal|p2a: S.S. Tua M\u00e3e|95\/100|[from] item: Leftovers\n|upkeep\n|turn|18\n|\n|t:|1700425306\n|move|p1a: Skarmory|Curse|p1a: Skarmory\n|-unboost|p1a: Skarmory|spe|1\n|-boost|p1a: Skarmory|atk|1\n|-boost|p1a: Skarmory|def|1\n|move|p2a: S.S. Tua M\u00e3e|Curse|p2a: S.S. Tua M\u00e3e\n|-unboost|p2a: S.S. Tua M\u00e3e|spe|1\n|-boost|p2a: S.S. Tua M\u00e3e|atk|1\n|-boost|p2a: S.S. Tua M\u00e3e|def|1\n|\n|-heal|p2a: S.S. Tua M\u00e3e|100\/100|[from] item: Leftovers\n|upkeep\n|turn|19\n|\n|t:|1700425316\n|move|p1a: Skarmory|Curse|p1a: Skarmory\n|-unboost|p1a: Skarmory|spe|1\n|-boost|p1a: Skarmory|atk|1\n|-boost|p1a: Skarmory|def|1\n|move|p2a: S.S. Tua M\u00e3e|Liquidation|p1a: Skarmory\n|-damage|p1a: Skarmory|67\/100\n|-damage|p2a: S.S. Tua M\u00e3e|84\/100|[from] item: Rocky Helmet|[of] p1a: Skarmory\n|\n|-heal|p2a: S.S. Tua M\u00e3e|90\/100|[from] item: Leftovers\n|upkeep\n|turn|20\n|\n|t:|1700425325\n|move|p2a: S.S. Tua M\u00e3e|Protect|p2a: S.S. Tua M\u00e3e\n|-singleturn|p2a: S.S. Tua M\u00e3e|Protect\n|move|p1a: Skarmory|Iron Head|p2a: S.S. Tua M\u00e3e\n|-activate|p2a: S.S. Tua M\u00e3e|move: Protect\n|\n|-heal|p2a: S.S. Tua M\u00e3e|96\/100|[from] item: Leftovers\n|upkeep\n|turn|21\n|\n|t:|1700425339\n|move|p1a: Skarmory|Iron Head|p2a: S.S. Tua M\u00e3e\n|-resisted|p2a: S.S. Tua M\u00e3e\n|-damage|p2a: S.S. Tua M\u00e3e|82\/100\n|move|p2a: S.S. Tua M\u00e3e|Liquidation|p1a: Skarmory\n|-damage|p1a: Skarmory|50\/100\n|-damage|p2a: S.S. Tua M\u00e3e|66\/100|[from] item: Rocky Helmet|[of] p1a: Skarmory\n|\n|-heal|p2a: S.S. Tua M\u00e3e|72\/100|[from] item: Leftovers\n|upkeep\n|turn|22\n|\n|t:|1700425351\n|move|p1a: Skarmory|Iron Head|p2a: S.S. Tua M\u00e3e\n|-resisted|p2a: S.S. Tua M\u00e3e\n|-damage|p2a: S.S. Tua M\u00e3e|58\/100\n|move|p2a: S.S. Tua M\u00e3e|Liquidation|p1a: Skarmory\n|-damage|p1a: Skarmory|35\/100\n|-unboost|p1a: Skarmory|def|1\n|-damage|p2a: S.S. Tua M\u00e3e|42\/100|[from] item: Rocky Helmet|[of] p1a: Skarmory\n|\n|-heal|p2a: S.S. Tua M\u00e3e|48\/100|[from] item: Leftovers\n|upkeep\n|turn|23\n|\n|t:|1700425365\n|move|p2a: S.S. Tua M\u00e3e|Protect|p2a: S.S. Tua M\u00e3e\n|-singleturn|p2a: S.S. Tua M\u00e3e|Protect\n|move|p1a: Skarmory|Iron Head|p2a: S.S. Tua M\u00e3e\n|-activate|p2a: S.S. Tua M\u00e3e|move: Protect\n|\n|-heal|p2a: S.S. Tua M\u00e3e|54\/100|[from] item: Leftovers\n|upkeep\n|turn|24\n|\n|t:|1700425373\n|move|p1a: Skarmory|Roost|p1a: Skarmory\n|-heal|p1a: Skarmory|85\/100\n|-singleturn|p1a: Skarmory|move: Roost\n|move|p2a: S.S. Tua M\u00e3e|Liquidation|p1a: Skarmory\n|-damage|p1a: Skarmory|67\/100\n|-damage|p2a: S.S. Tua M\u00e3e|37\/100|[from] item: Rocky Helmet|[of] p1a: Skarmory\n|\n|-heal|p2a: S.S. Tua M\u00e3e|43\/100|[from] item: Leftovers\n|upkeep\n|turn|25\n|\n|t:|1700425382\n|move|p2a: S.S. Tua M\u00e3e|Protect|p2a: S.S. Tua M\u00e3e\n|-singleturn|p2a: S.S. Tua M\u00e3e|Protect\n|move|p1a: Skarmory|Iron Head|p2a: S.S. Tua M\u00e3e\n|-activate|p2a: S.S. Tua M\u00e3e|move: Protect\n|\n|-heal|p2a: S.S. Tua M\u00e3e|49\/100|[from] item: Leftovers\n|upkeep\n|turn|26\n|\n|t:|1700425393\n|move|p1a: Skarmory|Iron Head|p2a: S.S. Tua M\u00e3e\n|-resisted|p2a: S.S. Tua M\u00e3e\n|-damage|p2a: S.S. Tua M\u00e3e|37\/100\n|move|p2a: S.S. Tua M\u00e3e|Curse|p2a: S.S. Tua M\u00e3e\n|\n|-heal|p2a: S.S. Tua M\u00e3e|43\/100|[from] item: Leftovers\n|upkeep\n|turn|27\n|\n|t:|1700425399\n|move|p2a: S.S. Tua M\u00e3e|Protect|p2a: S.S. Tua M\u00e3e\n|-singleturn|p2a: S.S. Tua M\u00e3e|Protect\n|move|p1a: Skarmory|Drill Peck|p2a: S.S. Tua M\u00e3e\n|-activate|p2a: S.S. Tua M\u00e3e|move: Protect\n|\n|-heal|p2a: S.S. Tua M\u00e3e|49\/100|[from] item: Leftovers\n|upkeep\n|turn|28\n|\n|t:|1700425407\n|move|p1a: Skarmory|Drill Peck|p2a: S.S. Tua M\u00e3e\n|-damage|p2a: S.S. Tua M\u00e3e|22\/100\n|move|p2a: S.S. Tua M\u00e3e|Liquidation|p1a: Skarmory\n|-damage|p1a: Skarmory|48\/100\n|-damage|p2a: S.S. Tua M\u00e3e|5\/100|[from] item: Rocky Helmet|[of] p1a: Skarmory\n|\n|-heal|p2a: S.S. Tua M\u00e3e|12\/100|[from] item: Leftovers\n|upkeep\n|turn|29\n|\n|t:|1700425414\n|move|p2a: S.S. Tua M\u00e3e|Protect|p2a: S.S. Tua M\u00e3e\n|-singleturn|p2a: S.S. Tua M\u00e3e|Protect\n|move|p1a: Skarmory|Drill Peck|p2a: S.S. Tua M\u00e3e\n|-activate|p2a: S.S. Tua M\u00e3e|move: Protect\n|\n|-heal|p2a: S.S. Tua M\u00e3e|18\/100|[from] item: Leftovers\n|upkeep\n|turn|30\n|\n|t:|1700425421\n|move|p1a: Skarmory|Drill Peck|p2a: S.S. Tua M\u00e3e\n|-damage|p2a: S.S. Tua M\u00e3e|0 fnt\n|faint|p2a: S.S. Tua M\u00e3e\n|\n|upkeep\n|\n|t:|1700425425\n|switch|p2a: 2 KILO DE P\u00d3|Zapdos|100\/100\n|turn|31\n|\n|t:|1700425432\n|switch|p1a: Sandy Shocks|Sandy Shocks|40\/100\n|-damage|p1a: Sandy Shocks|34\/100|[from] Stealth Rock\n|move|p2a: 2 KILO DE P\u00d3|U-turn|p1a: Sandy Shocks\n|-damage|p1a: Sandy Shocks|11\/100\n|\n|t:|1700425439\n|switch|p2a: Heroina|Ambipom, F, shiny|100\/100|[from] U-turn\n|\n|upkeep\n|turn|32\n|\n|t:|1700425445\n|-end|p1a: Sandy Shocks|Protosynthesis|[silent]\n|switch|p1a: Skarmory|Skarmory, M|48\/100\n|-damage|p1a: Skarmory|36\/100|[from] Stealth Rock\n|move|p2a: Heroina|Power-Up Punch|p1a: Skarmory\n|-damage|p1a: Skarmory|22\/100\n|-boost|p2a: Heroina|atk|1\n|-damage|p2a: Heroina|84\/100|[from] item: Rocky Helmet|[of] p1a: Skarmory\n|-damage|p2a: Heroina|74\/100|[from] item: Life Orb\n|\n|upkeep\n|turn|33\n|\n|t:|1700425456\n|move|p2a: Heroina|Knock Off|p1a: Skarmory\n|-damage|p1a: Skarmory|0 fnt\n|-damage|p2a: Heroina|58\/100|[from] item: Rocky Helmet|[of] p1a: Skarmory\n|-enditem|p1a: Skarmory|Rocky Helmet|[from] move: Knock Off|[of] p2a: Heroina\n|faint|p1a: Skarmory\n|-damage|p2a: Heroina|48\/100|[from] item: Life Orb\n|\n|upkeep\n|\n|t:|1700425471\n|switch|p1a: Ditto|Ditto|100\/100\n|-damage|p1a: Ditto|88\/100|[from] Stealth Rock\n|-transform|p1a: Ditto|p2a: Heroina|[from] ability: Imposter\n|turn|34\n|\n|t:|1700425484\n|move|p1a: Ditto|Power-Up Punch|p2a: Heroina\n|-supereffective|p2a: Heroina\n|-damage|p2a: Heroina|0 fnt\n|-boost|p1a: Ditto|atk|1\n|faint|p2a: Heroina\n|\n|upkeep\n|\n|t:|1700425490\n|switch|p2a: 2 KILO DE P\u00d3|Zapdos|100\/100\n|turn|35\n|\n|t:|1700425494\n|switch|p1a: Sandy Shocks|Sandy Shocks|11\/100\n|-damage|p1a: Sandy Shocks|5\/100|[from] Stealth Rock\n|move|p2a: 2 KILO DE P\u00d3|U-turn|p1a: Sandy Shocks\n|-damage|p1a: Sandy Shocks|0 fnt\n|faint|p1a: Sandy Shocks\n|-end|p1a: Sandy Shocks|Protosynthesis|[silent]\n|\n|t:|1700425501\n|switch|p2a: Saco de Crack|Alomomola, F, shiny|100\/100|[from] U-turn\n|\n|upkeep\n|\n|t:|1700425505\n|switch|p1a: Defesa special|Fezandipiti, M|100\/100\n|-damage|p1a: Defesa special|88\/100|[from] Stealth Rock\n|turn|36\n|\n|t:|1700425510\n|move|p1a: Defesa special|Calm Mind|p1a: Defesa special\n|-boost|p1a: Defesa special|spa|1\n|-boost|p1a: Defesa special|spd|1\n|move|p2a: Saco de Crack|Calm Mind|p2a: Saco de Crack\n|-boost|p2a: Saco de Crack|spa|1\n|-boost|p2a: Saco de Crack|spd|1\n|\n|-heal|p1a: Defesa special|94\/100|[from] item: Black Sludge\n|upkeep\n|turn|37\n|\n|t:|1700425519\n|move|p1a: Defesa special|Moonblast|p2a: Saco de Crack\n|-damage|p2a: Saco de Crack|72\/100\n|move|p2a: Saco de Crack|Calm Mind|p2a: Saco de Crack\n|-boost|p2a: Saco de Crack|spa|1\n|-boost|p2a: Saco de Crack|spd|1\n|\n|-heal|p1a: Defesa special|99\/100|[from] item: Black Sludge\n|-heal|p2a: Saco de Crack|78\/100|[from] item: Leftovers\n|upkeep\n|turn|38\n|\n|t:|1700425527\n|move|p1a: Defesa special|Calm Mind|p1a: Defesa special\n|-boost|p1a: Defesa special|spa|1\n|-boost|p1a: Defesa special|spd|1\n|move|p2a: Saco de Crack|Calm Mind|p2a: Saco de Crack\n|-boost|p2a: Saco de Crack|spa|1\n|-boost|p2a: Saco de Crack|spd|1\n|\n|-heal|p1a: Defesa special|100\/100|[from] item: Black Sludge\n|-heal|p2a: Saco de Crack|84\/100|[from] item: Leftovers\n|upkeep\n|turn|39\n|\n|t:|1700425538\n|move|p1a: Defesa special|Calm Mind|p1a: Defesa special\n|-boost|p1a: Defesa special|spa|1\n|-boost|p1a: Defesa special|spd|1\n|move|p2a: Saco de Crack|Calm Mind|p2a: Saco de Crack\n|-boost|p2a: Saco de Crack|spa|1\n|-boost|p2a: Saco de Crack|spd|1\n|\n|-heal|p2a: Saco de Crack|90\/100|[from] item: Leftovers\n|upkeep\n|turn|40\n|\n|t:|1700425545\n|move|p1a: Defesa special|Calm Mind|p1a: Defesa special\n|-boost|p1a: Defesa special|spa|1\n|-boost|p1a: Defesa special|spd|1\n|move|p2a: Saco de Crack|Ice Beam|p1a: Defesa special\n|-damage|p1a: Defesa special|91\/100\n|\n|-heal|p1a: Defesa special|97\/100|[from] item: Black Sludge\n|-heal|p2a: Saco de Crack|97\/100|[from] item: Leftovers\n|upkeep\n|turn|41\n|\n|t:|1700425553\n|move|p1a: Defesa special|Calm Mind|p1a: Defesa special\n|-boost|p1a: Defesa special|spa|1\n|-boost|p1a: Defesa special|spd|1\n|move|p2a: Saco de Crack|Ice Beam|p1a: Defesa special\n|-damage|p1a: Defesa special|88\/100\n|-status|p1a: Defesa special|frz\n|\n|-heal|p1a: Defesa special|94\/100 frz|[from] item: Black Sludge\n|-heal|p2a: Saco de Crack|100\/100|[from] item: Leftovers\n|upkeep\n|turn|42\n|\n|t:|1700425563\n|switch|p2a: MAKONHAAAA|Great Tusk, tera:Flying|84\/100\n|cant|p1a: Defesa special|frz\n|\n|-heal|p1a: Defesa special|99\/100 frz|[from] item: Black Sludge\n|upkeep\n|turn|43\n|\n|t:|1700425577\n|switch|p1a: Mewtwo.|Sableye-Mega, M|69\/100\n|-damage|p1a: Mewtwo.|57\/100|[from] Stealth Rock\n|move|p2a: MAKONHAAAA|Earthquake|p1a: Mewtwo.\n|-damage|p1a: Mewtwo.|9\/100\n|\n|upkeep\n|turn|44\n|\n|t:|1700425591\n|move|p2a: MAKONHAAAA|Earthquake|p1a: Mewtwo.\n|-damage|p1a: Mewtwo.|0 fnt\n|faint|p1a: Mewtwo.\n|\n|upkeep\n|\n|t:|1700425596\n|switch|p1a: Malandro|Inteleon, M|100\/100\n|-damage|p1a: Malandro|88\/100|[from] Stealth Rock\n|turn|45\n|\n|t:|1700425600\n|-end|p2a: MAKONHAAAA|Protosynthesis|[silent]\n|switch|p2a: 2 KILO DE P\u00d3|Zapdos|100\/100\n|move|p1a: Malandro|Snipe Shot|p2a: 2 KILO DE P\u00d3\n|-crit|p2a: 2 KILO DE P\u00d3\n|-damage|p2a: 2 KILO DE P\u00d3|0 fnt\n|faint|p2a: 2 KILO DE P\u00d3\n|\n|upkeep\n|\n|t:|1700425607\n|switch|p2a: Saco de Crack|Alomomola, F, shiny|100\/100\n|turn|46\n|\n|t:|1700425610\n|move|p1a: Malandro|Focus Energy|p1a: Malandro\n|-start|p1a: Malandro|move: Focus Energy\n|move|p2a: Saco de Crack|Calm Mind|p2a: Saco de Crack\n|-boost|p2a: Saco de Crack|spa|1\n|-boost|p2a: Saco de Crack|spd|1\n|\n|upkeep\n|turn|47\n|\n|t:|1700425615\n|-terastallize|p1a: Malandro|Water\n|move|p1a: Malandro|Snipe Shot|p2a: Saco de Crack\n|-resisted|p2a: Saco de Crack\n|-crit|p2a: Saco de Crack\n|-damage|p2a: Saco de Crack|22\/100\n|move|p2a: Saco de Crack|Calm Mind|p2a: Saco de Crack\n|-boost|p2a: Saco de Crack|spa|1\n|-boost|p2a: Saco de Crack|spd|1\n|\n|-heal|p2a: Saco de Crack|28\/100|[from] item: Leftovers\n|upkeep\n|turn|48\n|\n|t:|1700425623\n|move|p2a: Saco de Crack|Protect|p2a: Saco de Crack\n|-singleturn|p2a: Saco de Crack|Protect\n|move|p1a: Malandro|Snipe Shot|p2a: Saco de Crack\n|-activate|p2a: Saco de Crack|move: Protect\n|\n|-heal|p2a: Saco de Crack|35\/100|[from] item: Leftovers\n|upkeep\n|turn|49\n|\n|t:|1700425630\n|move|p1a: Malandro|Snipe Shot|p2a: Saco de Crack\n|-resisted|p2a: Saco de Crack\n|-crit|p2a: Saco de Crack\n|-damage|p2a: Saco de Crack|0 fnt\n|faint|p2a: Saco de Crack\n|\n|upkeep\n|\n|t:|1700425634\n|switch|p2a: MAKONHAAAA|Great Tusk, tera:Flying|84\/100\n|turn|50\n|\n|t:|1700425638\n|move|p1a: Malandro|Snipe Shot|p2a: MAKONHAAAA\n|-crit|p2a: MAKONHAAAA\n|-damage|p2a: MAKONHAAAA|0 fnt\n|faint|p2a: MAKONHAAAA\n|-end|p2a: MAKONHAAAA|Protosynthesis|[silent]\n|\n|win|Shido464\n","uploadtime":1700425643,"views":5,"p1id":"shido464","p2id":"karpaguy","formatid":"gen9nationaldex","rating":0,"private":0,"password":""}