{"id":"gen9nationaldex-1988323858","p1":"Cosbel","p2":"richappy","format":"[Gen 9] National Dex","log":"|j|\u2606Cosbel\n|j|\u2606richappy\n|t:|1699708574\n|gametype|singles\n|player|p1|Cosbel|scientist-gen4dp|1314\n|player|p2|richappy|giovanni|1221\n|teamsize|p1|6\n|teamsize|p2|6\n|gen|9\n|tier|[Gen 9] National Dex\n|rated|\n|rule|HP Percentage Mod: HP is shown in percentages\n|rule|Endless Battle Clause: Forcing endless battles is banned\n|rule|OHKO Clause: OHKO moves are banned\n|rule|Evasion Clause: Evasion abilities, items, and moves are banned\n|rule|Evasion Abilities Clause: Evasion abilities are banned\n|rule|Evasion Items Clause: Evasion items are banned\n|rule|Evasion Moves Clause: Evasion moves are banned\n|rule|Species Clause: Limit one of each Pok\u00e9mon\n|rule|Sleep Clause Mod: Limit one foe put to sleep\n|clearpoke\n|poke|p1|Excadrill, F|\n|poke|p1|Kartana|\n|poke|p1|Volcarona, M|\n|poke|p1|Tapu Koko|\n|poke|p1|Hawlucha, F|\n|poke|p1|Gyarados, M|\n|poke|p2|Heatran, M|\n|poke|p2|Banette, M|\n|poke|p2|Weavile, M|\n|poke|p2|Alomomola, F|\n|poke|p2|Excadrill, F|\n|poke|p2|Tapu Koko|\n|teampreview\n|inactive|Battle timer is ON: inactive players will automatically lose when time's up. (requested by Cosbel)\n|\n|t:|1699708604\n|start\n|switch|p1a: Excadrill|Excadrill, F, shiny|100\/100\n|switch|p2a: Heatran|Heatran, M|100\/100\n|-ability|p1a: Excadrill|Mold Breaker\n|turn|1\n|\n|t:|1699708610\n|move|p2a: Heatran|Earth Power|p1a: Excadrill\n|-supereffective|p1a: Excadrill\n|-damage|p1a: Excadrill|12\/100\n|move|p1a: Excadrill|Rapid Spin|p2a: Heatran\n|-resisted|p2a: Heatran\n|-damage|p2a: Heatran|90\/100\n|-boost|p1a: Excadrill|spe|1\n|\n|upkeep\n|turn|2\n|\n|t:|1699708633\n|switch|p2a: Alomomola|Alomomola, F|100\/100\n|move|p1a: Excadrill|Stealth Rock|p2a: Alomomola\n|-sidestart|p2: richappy|move: Stealth Rock\n|\n|upkeep\n|turn|3\n|\n|t:|1699708648\n|move|p2a: Alomomola|Protect|p2a: Alomomola\n|-singleturn|p2a: Alomomola|Protect\n|move|p1a: Excadrill|Earthquake|p2a: Alomomola\n|-activate|p2a: Alomomola|move: Protect\n|\n|upkeep\n|turn|4\n|\n|t:|1699708656\n|move|p1a: Excadrill|Earthquake|p2a: Alomomola\n|-damage|p2a: Alomomola|68\/100\n|move|p2a: Alomomola|Flip Turn|p1a: Excadrill\n|-supereffective|p1a: Excadrill\n|-damage|p1a: Excadrill|0 fnt\n|faint|p1a: Excadrill\n|\n|t:|1699708660\n|switch|p2a: Excadrill|Excadrill, F|100\/100|[from] Flip Turn\n|-damage|p2a: Excadrill|97\/100|[from] Stealth Rock\n|-ability|p2a: Excadrill|Mold Breaker\n|\n|upkeep\n|\n|t:|1699708671\n|switch|p1a: Tapu Koko|Tapu Koko|100\/100\n|-fieldstart|move: Electric Terrain|[from] ability: Electric Surge|[of] p1a: Tapu Koko\n|turn|5\n|\n|t:|1699708676\n|move|p1a: Tapu Koko|Reflect|p1a: Tapu Koko\n|-sidestart|p1: Cosbel|Reflect\n|move|p2a: Excadrill|Rapid Spin|p1a: Tapu Koko\n|-damage|p1a: Tapu Koko|88\/100\n|-boost|p2a: Excadrill|spe|1\n|-sideend|p2: richappy|Stealth Rock|[from] move: Rapid Spin|[of] p2a: Excadrill\n|\n|upkeep\n|turn|6\n|\n|t:|1699708680\n|move|p2a: Excadrill|Earthquake|p1a: Tapu Koko\n|-supereffective|p1a: Tapu Koko\n|-damage|p1a: Tapu Koko|7\/100\n|move|p1a: Tapu Koko|Taunt|p2a: Excadrill\n|-start|p2a: Excadrill|move: Taunt\n|\n|upkeep\n|turn|7\n|\n|t:|1699708687\n|move|p2a: Excadrill|Rapid Spin|p1a: Tapu Koko\n|-damage|p1a: Tapu Koko|0 fnt\n|-boost|p2a: Excadrill|spe|1\n|faint|p1a: Tapu Koko\n|\n|upkeep\n|\n|t:|1699708692\n|switch|p1a: Hawlucha|Hawlucha, F, shiny|100\/100\n|-enditem|p1a: Hawlucha|Electric Seed\n|-boost|p1a: Hawlucha|def|1|[from] item: Electric Seed\n|turn|8\n|\n|t:|1699708701\n|move|p1a: Hawlucha|Swords Dance|p1a: Hawlucha\n|-boost|p1a: Hawlucha|atk|2\n|move|p2a: Excadrill|Fling|p1a: Hawlucha\n|-resisted|p1a: Hawlucha\n|-damage|p1a: Hawlucha|94\/100\n|-enditem|p2a: Excadrill|Assault Vest|[from] move: Fling\n|\n|upkeep\n|turn|9\n|\n|t:|1699708712\n|move|p1a: Hawlucha|Substitute|p1a: Hawlucha\n|-start|p1a: Hawlucha|Substitute\n|-damage|p1a: Hawlucha|69\/100\n|move|p2a: Excadrill|Rapid Spin|p1a: Hawlucha\n|-activate|p1a: Hawlucha|move: Substitute|[damage]\n|-boost|p2a: Excadrill|spe|1\n|\n|-end|p2a: Excadrill|move: Taunt\n|-fieldend|move: Electric Terrain\n|upkeep\n|turn|10\n|\n|t:|1699708721\n|move|p2a: Excadrill|Rapid Spin|p1a: Hawlucha\n|-activate|p1a: Hawlucha|move: Substitute|[damage]\n|-boost|p2a: Excadrill|spe|1\n|move|p1a: Hawlucha|Close Combat|p2a: Excadrill\n|-supereffective|p2a: Excadrill\n|-damage|p2a: Excadrill|0 fnt\n|-unboost|p1a: Hawlucha|def|1\n|-unboost|p1a: Hawlucha|spd|1\n|faint|p2a: Excadrill\n|\n|upkeep\n|\n|t:|1699708724\n|switch|p2a: Banette|Banette, M|100\/100\n|turn|11\n|\n|t:|1699708731\n|detailschange|p2a: Banette|Banette-Mega, M\n|-mega|p2a: Banette|Banette|Banettite\n|move|p2a: Banette|Encore|p1a: Hawlucha\n|-start|p1a: Hawlucha|Encore\n|move|p1a: Hawlucha|Close Combat|p2a: Banette\n|-immune|p2a: Banette\n|\n|upkeep\n|turn|12\n|\n|t:|1699708738\n|move|p1a: Hawlucha|Close Combat|p2a: Banette\n|-immune|p2a: Banette\n|move|p2a: Banette|Infestation|p1a: Hawlucha\n|-resisted|p1a: Hawlucha\n|-activate|p1a: Hawlucha|move: Substitute|[damage]\n|\n|-sideend|p1: Cosbel|Reflect\n|upkeep\n|turn|13\n|\n|t:|1699708743\n|move|p1a: Hawlucha|Close Combat|p2a: Banette\n|-immune|p2a: Banette\n|move|p2a: Banette|Infestation|p1a: Hawlucha\n|-resisted|p1a: Hawlucha\n|-activate|p1a: Hawlucha|move: Substitute|[damage]\n|\n|-end|p1a: Hawlucha|Encore\n|upkeep\n|turn|14\n|\n|t:|1699708746\n|move|p2a: Banette|Encore|p1a: Hawlucha\n|-start|p1a: Hawlucha|Encore\n|move|p1a: Hawlucha|Close Combat|p2a: Banette\n|-immune|p2a: Banette\n|\n|upkeep\n|turn|15\n|\n|t:|1699708749\n|move|p1a: Hawlucha|Close Combat|p2a: Banette\n|-immune|p2a: Banette\n|move|p2a: Banette|Infestation|p1a: Hawlucha\n|-resisted|p1a: Hawlucha\n|-activate|p1a: Hawlucha|move: Substitute|[damage]\n|\n|upkeep\n|turn|16\n|\n|t:|1699708752\n|move|p1a: Hawlucha|Close Combat|p2a: Banette\n|-immune|p2a: Banette\n|move|p2a: Banette|Infestation|p1a: Hawlucha\n|-resisted|p1a: Hawlucha\n|-activate|p1a: Hawlucha|move: Substitute|[damage]\n|\n|-end|p1a: Hawlucha|Encore\n|upkeep\n|turn|17\n|\n|t:|1699708757\n|move|p2a: Banette|Encore|p1a: Hawlucha\n|-start|p1a: Hawlucha|Encore\n|move|p1a: Hawlucha|Close Combat|p2a: Banette\n|-immune|p2a: Banette\n|\n|-end|p1a: Hawlucha|Encore\n|upkeep\n|turn|18\n|\n|t:|1699708761\n|switch|p2a: Tapu Koko|Tapu Koko|100\/100\n|-fieldstart|move: Electric Terrain|[from] ability: Electric Surge|[of] p2a: Tapu Koko\n|move|p1a: Hawlucha|Acrobatics|p2a: Tapu Koko\n|-resisted|p2a: Tapu Koko\n|-damage|p2a: Tapu Koko|30\/100\n|\n|upkeep\n|turn|19\n|\n|t:|1699708771\n|move|p1a: Hawlucha|Acrobatics|p2a: Tapu Koko\n|-resisted|p2a: Tapu Koko\n|-damage|p2a: Tapu Koko|0 fnt\n|faint|p2a: Tapu Koko\n|\n|upkeep\n|\n|t:|1699708773\n|switch|p2a: Heatran|Heatran, M|90\/100\n|turn|20\n|\n|t:|1699708782\n|move|p1a: Hawlucha|Swords Dance|p1a: Hawlucha\n|-boost|p1a: Hawlucha|atk|2\n|move|p2a: Heatran|Flash Cannon|p1a: Hawlucha\n|-end|p1a: Hawlucha|Substitute\n|\n|upkeep\n|turn|21\n|\n|t:|1699708786\n|move|p1a: Hawlucha|Acrobatics|p2a: Heatran\n|-resisted|p2a: Heatran\n|-damage|p2a: Heatran|19\/100\n|move|p2a: Heatran|Flash Cannon|p1a: Hawlucha\n|-damage|p1a: Hawlucha|0 fnt\n|faint|p1a: Hawlucha\n|\n|upkeep\n|\n|t:|1699708799\n|switch|p1a: Gyarados|Gyarados, M, shiny|100\/100\n|-ability|p1a: Gyarados|Intimidate|boost\n|-unboost|p2a: Heatran|atk|1\n|turn|22\n|\n|t:|1699708805\n|switch|p2a: Alomomola|Alomomola, F|100\/100\n|detailschange|p1a: Gyarados|Gyarados-Mega, M, shiny\n|-mega|p1a: Gyarados|Gyarados|Gyaradosite\n|-ability|p1a: Gyarados|Mold Breaker\n|move|p1a: Gyarados|Substitute|p1a: Gyarados\n|-start|p1a: Gyarados|Substitute\n|-damage|p1a: Gyarados|76\/100\n|\n|-fieldend|move: Electric Terrain\n|upkeep\n|turn|23\n|\n|t:|1699708810\n|move|p1a: Gyarados|Dragon Dance|p1a: Gyarados\n|-boost|p1a: Gyarados|atk|1\n|-boost|p1a: Gyarados|spe|1\n|move|p2a: Alomomola|Flip Turn|p1a: Gyarados\n|-resisted|p1a: Gyarados\n|-activate|p1a: Gyarados|move: Substitute|[damage]\n|\n|t:|1699708812\n|switch|p2a: Banette|Banette-Mega, M|100\/100|[from] Flip Turn\n|\n|upkeep\n|turn|24\n|\n|t:|1699708816\n|move|p2a: Banette|Encore|p1a: Gyarados\n|-hint|Since gen 7, Dark is immune to Prankster moves.\n|-immune|p1a: Gyarados\n|move|p1a: Gyarados|Dragon Dance|p1a: Gyarados\n|-boost|p1a: Gyarados|atk|1\n|-boost|p1a: Gyarados|spe|1\n|\n|upkeep\n|turn|25\n|\n|t:|1699708823\n|move|p2a: Banette|Destiny Bond|p2a: Banette\n|-singlemove|p2a: Banette|Destiny Bond\n|move|p1a: Gyarados|Dragon Dance|p1a: Gyarados\n|-boost|p1a: Gyarados|atk|1\n|-boost|p1a: Gyarados|spe|1\n|\n|upkeep\n|turn|26\n|\n|t:|1699708826\n|move|p1a: Gyarados|Dragon Dance|p1a: Gyarados\n|-boost|p1a: Gyarados|atk|1\n|-boost|p1a: Gyarados|spe|1\n|move|p2a: Banette|Infestation|p1a: Gyarados\n|-supereffective|p1a: Gyarados\n|-activate|p1a: Gyarados|move: Substitute|[damage]\n|\n|upkeep\n|turn|27\n|\n|t:|1699708834\n|move|p1a: Gyarados|Dragon Dance|p1a: Gyarados\n|-boost|p1a: Gyarados|atk|1\n|-boost|p1a: Gyarados|spe|1\n|move|p2a: Banette|Infestation|p1a: Gyarados\n|-supereffective|p1a: Gyarados\n|-activate|p1a: Gyarados|move: Substitute|[damage]\n|\n|upkeep\n|turn|28\n|\n|t:|1699708837\n|move|p2a: Banette|Destiny Bond|p2a: Banette\n|-singlemove|p2a: Banette|Destiny Bond\n|move|p1a: Gyarados|Dragon Dance|p1a: Gyarados\n|-boost|p1a: Gyarados|atk|1\n|-boost|p1a: Gyarados|spe|1\n|\n|upkeep\n|turn|29\n|\n|t:|1699708840\n|move|p1a: Gyarados|Dragon Dance|p1a: Gyarados\n|-boost|p1a: Gyarados|atk|0\n|-boost|p1a: Gyarados|spe|0\n|move|p2a: Banette|Infestation|p1a: Gyarados\n|-supereffective|p1a: Gyarados\n|-crit|p1a: Gyarados\n|-end|p1a: Gyarados|Substitute\n|\n|upkeep\n|turn|30\n|\n|t:|1699708844\n|move|p1a: Gyarados|Crunch|p2a: Banette\n|-supereffective|p2a: Banette\n|-damage|p2a: Banette|0 fnt\n|faint|p2a: Banette\n|\n|upkeep\n|-message|richappy forfeited.\n|\n|win|Cosbel\n|raw|Cosbel's rating: 1314 &rarr; <strong>1329<\/strong><br \/>(+15 for winning)\n|raw|richappy's rating: 1221 &rarr; <strong>1203<\/strong><br \/>(-18 for losing)\n","uploadtime":1699708859,"views":11,"p1id":"cosbel","p2id":"richappy","formatid":"gen9nationaldex","rating":1203,"private":0,"password":""}