{"id":"gen9nationaldex-1987141591","p1":"Blake-Mamba","p2":"Xmen393","format":"[Gen 9] National Dex","log":"|j|\u2606Blake-Mamba\n|j|\u2606Xmen393\n|t:|1699559510\n|gametype|singles\n|player|p1|Blake-Mamba|juan|1187\n|player|p2|Xmen393|265|1114\n|teamsize|p1|6\n|teamsize|p2|6\n|gen|9\n|tier|[Gen 9] National Dex\n|rated|\n|rule|HP Percentage Mod: HP is shown in percentages\n|rule|Endless Battle Clause: Forcing endless battles is banned\n|rule|OHKO Clause: OHKO moves are banned\n|rule|Evasion Clause: Evasion abilities, items, and moves are banned\n|rule|Evasion Abilities Clause: Evasion abilities are banned\n|rule|Evasion Items Clause: Evasion items are banned\n|rule|Evasion Moves Clause: Evasion moves are banned\n|rule|Species Clause: Limit one of each Pok\u00e9mon\n|rule|Sleep Clause Mod: Limit one foe put to sleep\n|clearpoke\n|poke|p1|Cinccino, M|\n|poke|p1|Zebstrika, F|\n|poke|p1|Ferrothorn, M|\n|poke|p1|Seismitoad, F|\n|poke|p1|Krookodile, F|\n|poke|p1|Emboar, F|\n|poke|p2|Serperior, M|\n|poke|p2|Togekiss, M|\n|poke|p2|Gliscor, M|\n|poke|p2|Ferrothorn, F|\n|poke|p2|Toxapex, F|\n|poke|p2|Lopunny, M|\n|teampreview\n|\n|t:|1699559514\n|start\n|switch|p1a: Cinccino|Cinccino, M|100\/100\n|switch|p2a: Ferrothorn|Ferrothorn, F, shiny|100\/100\n|turn|1\n|inactive|Battle timer is ON: inactive players will automatically lose when time's up. (requested by Blake-Mamba)\n|\n|t:|1699559522\n|switch|p1a: Emboar|Emboar, F, shiny|100\/100\n|move|p2a: Ferrothorn|Stealth Rock|p1a: Emboar\n|-sidestart|p1: Blake-Mamba|move: Stealth Rock\n|\n|upkeep\n|turn|2\n|\n|t:|1699559528\n|switch|p2a: Toxapex|Toxapex, F, shiny|100\/100\n|move|p1a: Emboar|Flare Blitz|p2a: Toxapex\n|-resisted|p2a: Toxapex\n|-damage|p2a: Toxapex|77\/100\n|-status|p2a: Toxapex|brn\n|-damage|p1a: Emboar|94\/100|[from] Recoil\n|\n|-heal|p2a: Toxapex|83\/100 brn|[from] item: Black Sludge\n|-damage|p2a: Toxapex|77\/100 brn|[from] brn\n|upkeep\n|turn|3\n|\n|t:|1699559540\n|switch|p1a: Ferrothorn|Ferrothorn, M|100\/100\n|-damage|p1a: Ferrothorn|94\/100|[from] Stealth Rock\n|move|p2a: Toxapex|Toxic|p1a: Ferrothorn\n|-immune|p1a: Ferrothorn\n|\n|-heal|p2a: Toxapex|83\/100 brn|[from] item: Black Sludge\n|-damage|p2a: Toxapex|77\/100 brn|[from] brn\n|upkeep\n|turn|4\n|\n|t:|1699559559\n|switch|p2a: Ferrothorn|Ferrothorn, F, shiny|100\/100\n|move|p1a: Ferrothorn|Iron Defense|p1a: Ferrothorn\n|-boost|p1a: Ferrothorn|def|2\n|\n|upkeep\n|turn|5\n|\n|t:|1699559566\n|move|p1a: Ferrothorn|Iron Defense|p1a: Ferrothorn\n|-boost|p1a: Ferrothorn|def|2\n|move|p2a: Ferrothorn|Body Press|p1a: Ferrothorn\n|-supereffective|p1a: Ferrothorn\n|-damage|p1a: Ferrothorn|81\/100\n|-damage|p2a: Ferrothorn|88\/100|[from] ability: Iron Barbs|[of] p1a: Ferrothorn\n|-damage|p2a: Ferrothorn|72\/100|[from] item: Rocky Helmet|[of] p1a: Ferrothorn\n|\n|upkeep\n|turn|6\n|\n|t:|1699559575\n|move|p1a: Ferrothorn|Body Press|p2a: Ferrothorn\n|-supereffective|p2a: Ferrothorn\n|-damage|p2a: Ferrothorn|0 fnt\n|-damage|p1a: Ferrothorn|69\/100|[from] ability: Iron Barbs|[of] p2a: Ferrothorn\n|-damage|p1a: Ferrothorn|52\/100|[from] item: Rocky Helmet|[of] p2a: Ferrothorn\n|faint|p2a: Ferrothorn\n|\n|upkeep\n|\n|t:|1699559582\n|switch|p2a: Lopunny|Lopunny, M|100\/100\n|turn|7\n|\n|t:|1699559586\n|detailschange|p2a: Lopunny|Lopunny-Mega, M\n|-mega|p2a: Lopunny|Lopunny|Lopunnite\n|-terastallize|p1a: Ferrothorn|Ghost\n|move|p2a: Lopunny|High Jump Kick|p1a: Ferrothorn\n|-damage|p1a: Ferrothorn|39\/100\n|-damage|p2a: Lopunny|88\/100|[from] ability: Iron Barbs|[of] p1a: Ferrothorn\n|-damage|p2a: Lopunny|71\/100|[from] item: Rocky Helmet|[of] p1a: Ferrothorn\n|move|p1a: Ferrothorn|Body Press|p2a: Lopunny\n|-supereffective|p2a: Lopunny\n|-damage|p2a: Lopunny|0 fnt\n|faint|p2a: Lopunny\n|\n|upkeep\n|\n|t:|1699559598\n|switch|p2a: Gliscor|Gliscor, M|100\/100\n|turn|8\n|\n|t:|1699559602\n|move|p2a: Gliscor|Toxic|p1a: Ferrothorn\n|-status|p1a: Ferrothorn|tox\n|move|p1a: Ferrothorn|Leech Seed|p2a: Gliscor\n|-start|p2a: Gliscor|move: Leech Seed\n|\n|-damage|p2a: Gliscor|88\/100|[from] Leech Seed|[of] p1a: Ferrothorn\n|-heal|p1a: Ferrothorn|52\/100 tox|[silent]\n|-damage|p1a: Ferrothorn|45\/100 tox|[from] psn\n|-status|p2a: Gliscor|tox|[from] item: Toxic Orb\n|upkeep\n|turn|9\n|\n|t:|1699559613\n|switch|p1a: Seismitoad|Seismitoad, F|100\/100\n|-damage|p1a: Seismitoad|94\/100|[from] Stealth Rock\n|move|p2a: Gliscor|Substitute|p2a: Gliscor\n|-start|p2a: Gliscor|Substitute\n|-damage|p2a: Gliscor|63\/100 tox\n|\n|-damage|p2a: Gliscor|51\/100 tox|[from] Leech Seed|[of] p1a: Seismitoad\n|-heal|p1a: Seismitoad|100\/100|[silent]\n|-heal|p2a: Gliscor|63\/100 tox|[from] ability: Poison Heal\n|upkeep\n|turn|10\n|\n|t:|1699559624\n|move|p2a: Gliscor|Toxic|p1a: Seismitoad\n|-status|p1a: Seismitoad|tox\n|move|p1a: Seismitoad|Scald|p2a: Gliscor\n|-supereffective|p2a: Gliscor\n|-end|p2a: Gliscor|Substitute\n|\n|-damage|p2a: Gliscor|51\/100 tox|[from] Leech Seed|[of] p1a: Seismitoad\n|-heal|p2a: Gliscor|63\/100 tox|[from] ability: Poison Heal\n|-damage|p1a: Seismitoad|94\/100 tox|[from] psn\n|upkeep\n|turn|11\n|\n|t:|1699559636\n|move|p2a: Gliscor|Protect|p2a: Gliscor\n|-singleturn|p2a: Gliscor|Protect\n|move|p1a: Seismitoad|Scald|p2a: Gliscor\n|-activate|p2a: Gliscor|move: Protect\n|\n|-damage|p2a: Gliscor|51\/100 tox|[from] Leech Seed|[of] p1a: Seismitoad\n|-heal|p1a: Seismitoad|100\/100 tox|[silent]\n|-heal|p2a: Gliscor|63\/100 tox|[from] ability: Poison Heal\n|-damage|p1a: Seismitoad|88\/100 tox|[from] psn\n|upkeep\n|turn|12\n|\n|t:|1699559647\n|move|p2a: Gliscor|Substitute|p2a: Gliscor\n|-start|p2a: Gliscor|Substitute\n|-damage|p2a: Gliscor|38\/100 tox\n|move|p1a: Seismitoad|Scald|p2a: Gliscor\n|-supereffective|p2a: Gliscor\n|-end|p2a: Gliscor|Substitute\n|\n|-damage|p2a: Gliscor|26\/100 tox|[from] Leech Seed|[of] p1a: Seismitoad\n|-heal|p1a: Seismitoad|99\/100 tox|[silent]\n|-heal|p2a: Gliscor|38\/100 tox|[from] ability: Poison Heal\n|-damage|p1a: Seismitoad|81\/100 tox|[from] psn\n|upkeep\n|turn|13\n|\n|t:|1699559660\n|switch|p1a: Cinccino|Cinccino, M|100\/100\n|-damage|p1a: Cinccino|88\/100|[from] Stealth Rock\n|move|p2a: Gliscor|Protect||[still]\n|-fail|p2a: Gliscor\n|\n|-damage|p2a: Gliscor|26\/100 tox|[from] Leech Seed|[of] p1a: Cinccino\n|-heal|p1a: Cinccino|100\/100|[silent]\n|-heal|p2a: Gliscor|38\/100 tox|[from] ability: Poison Heal\n|upkeep\n|turn|14\n|\n|t:|1699559671\n|switch|p2a: Toxapex|Toxapex, F, shiny|100\/100 brn\n|move|p1a: Cinccino|Tail Slap|p2a: Toxapex\n|-damage|p2a: Toxapex|85\/100 brn\n|-damage|p2a: Toxapex|67\/100 brn\n|-damage|p2a: Toxapex|51\/100 brn\n|-damage|p2a: Toxapex|37\/100 brn\n|-hitcount|p2a: Toxapex|4\n|-damage|p1a: Cinccino|91\/100|[from] item: Life Orb\n|\n|-heal|p2a: Toxapex|43\/100 brn|[from] item: Black Sludge\n|-damage|p2a: Toxapex|37\/100 brn|[from] brn\n|upkeep\n|turn|15\n|\n|t:|1699559684\n|move|p1a: Cinccino|Tail Slap|p2a: Toxapex\n|-damage|p2a: Toxapex|21\/100 brn\n|-damage|p2a: Toxapex|4\/100 brn\n|-damage|p2a: Toxapex|0 fnt\n|faint|p2a: Toxapex\n|-hitcount|p2: Toxapex|3\n|-damage|p1a: Cinccino|81\/100|[from] item: Life Orb\n|\n|upkeep\n|\n|t:|1699559691\n|switch|p2a: Serperior|Serperior, M, shiny|100\/100\n|turn|16\n|\n|t:|1699559695\n|move|p2a: Serperior|Leaf Storm|p1a: Cinccino\n|-damage|p1a: Cinccino|0 fnt\n|-boost|p2a: Serperior|spa|2\n|faint|p1a: Cinccino\n|-damage|p2a: Serperior|91\/100|[from] item: Life Orb\n|\n|upkeep\n|\n|t:|1699559701\n|switch|p1a: Zebstrika|Zebstrika, F, shiny|100\/100\n|-damage|p1a: Zebstrika|88\/100|[from] Stealth Rock\n|turn|17\n|\n|t:|1699559706\n|move|p2a: Serperior|Leaf Storm|p1a: Zebstrika\n|-ability|p1a: Zebstrika|Sap Sipper|boost\n|-boost|p1a: Zebstrika|atk|1\n|move|p1a: Zebstrika|Flame Charge|p2a: Serperior\n|-supereffective|p2a: Serperior\n|-damage|p2a: Serperior|36\/100\n|-boost|p1a: Zebstrika|spe|1\n|\n|upkeep\n|turn|18\n|\n|t:|1699559715\n|move|p1a: Zebstrika|Flame Charge|p2a: Serperior\n|-supereffective|p2a: Serperior\n|-damage|p2a: Serperior|0 fnt\n|-boost|p1a: Zebstrika|spe|1\n|faint|p2a: Serperior\n|\n|upkeep\n|\n|t:|1699559722\n|switch|p2a: Gliscor|Gliscor, M|38\/100 tox\n|turn|19\n|\n|t:|1699559729\n|move|p1a: Zebstrika|Flame Charge|p2a: Gliscor\n|-damage|p2a: Gliscor|18\/100 tox\n|-boost|p1a: Zebstrika|spe|1\n|move|p2a: Gliscor|Earthquake|p1a: Zebstrika\n|-supereffective|p1a: Zebstrika\n|-damage|p1a: Zebstrika|0 fnt\n|faint|p1a: Zebstrika\n|\n|-heal|p2a: Gliscor|31\/100 tox|[from] ability: Poison Heal\n|upkeep\n|\n|t:|1699559740\n|switch|p1a: Krookodile|Krookodile, F|100\/100\n|-damage|p1a: Krookodile|94\/100|[from] Stealth Rock\n|turn|20\n|\n|t:|1699559746\n|move|p2a: Gliscor|Protect|p2a: Gliscor\n|-singleturn|p2a: Gliscor|Protect\n|move|p1a: Krookodile|Scale Shot|p2a: Gliscor\n|-activate|p2a: Gliscor|move: Protect\n|\n|-heal|p2a: Gliscor|43\/100 tox|[from] ability: Poison Heal\n|upkeep\n|turn|21\n|\n|t:|1699559755\n|switch|p2a: Togekiss|Togekiss, M, shiny|100\/100\n|move|p1a: Krookodile|Stone Edge|p2a: Togekiss|[miss]\n|-miss|p1a: Krookodile|p2a: Togekiss\n|\n|upkeep\n|turn|22\n|\n|t:|1699559764\n|switch|p1a: Ferrothorn|Ferrothorn, M, tera:Ghost|45\/100 tox\n|-damage|p1a: Ferrothorn|33\/100 tox|[from] Stealth Rock\n|-zpower|p2a: Togekiss\n|move|p2a: Togekiss|Twinkle Tackle|p1a: Ferrothorn|[zeffect]\n|-damage|p1a: Ferrothorn|0 fnt\n|faint|p1a: Ferrothorn\n|\n|upkeep\n|\n|t:|1699559775\n|switch|p1a: Emboar|Emboar, F, shiny|94\/100\n|-damage|p1a: Emboar|81\/100|[from] Stealth Rock\n|turn|23\n|\n|t:|1699559780\n|move|p1a: Emboar|Head Smash|p2a: Togekiss\n|-supereffective|p2a: Togekiss\n|-damage|p2a: Togekiss|6\/100\n|-damage|p1a: Emboar|33\/100|[from] Recoil\n|move|p2a: Togekiss|Ancient Power|p1a: Emboar\n|-damage|p1a: Emboar|12\/100\n|\n|upkeep\n|turn|24\n|\n|t:|1699559788\n|move|p1a: Emboar|Head Smash|p2a: Togekiss\n|-supereffective|p2a: Togekiss\n|-damage|p2a: Togekiss|0 fnt\n|faint|p2a: Togekiss\n|-damage|p1a: Emboar|9\/100|[from] Recoil\n|\n|upkeep\n|\n|t:|1699559793\n|switch|p2a: Gliscor|Gliscor, M|43\/100 tox\n|turn|25\n|\n|t:|1699559796\n|move|p2a: Gliscor|Protect|p2a: Gliscor\n|-singleturn|p2a: Gliscor|Protect\n|move|p1a: Emboar|Head Smash|p2a: Gliscor\n|-activate|p2a: Gliscor|move: Protect\n|\n|-heal|p2a: Gliscor|56\/100 tox|[from] ability: Poison Heal\n|upkeep\n|turn|26\n|\n|t:|1699559804\n|move|p1a: Emboar|Head Smash|p2a: Gliscor\n|-damage|p2a: Gliscor|10\/100 tox\n|-damage|p1a: Emboar|0 fnt|[from] Recoil\n|faint|p1a: Emboar\n|move|p2a: Gliscor|Earthquake|p1: Emboar|[notarget]\n|-fail|p2a: Gliscor\n|\n|-heal|p2a: Gliscor|23\/100 tox|[from] ability: Poison Heal\n|upkeep\n|\n|t:|1699559814\n|switch|p1a: Krookodile|Krookodile, F|94\/100\n|-damage|p1a: Krookodile|88\/100|[from] Stealth Rock\n|turn|27\n|\n|t:|1699559819\n|move|p2a: Gliscor|Protect|p2a: Gliscor\n|-singleturn|p2a: Gliscor|Protect\n|move|p1a: Krookodile|Stone Edge|p2a: Gliscor\n|-activate|p2a: Gliscor|move: Protect\n|\n|-heal|p2a: Gliscor|35\/100 tox|[from] ability: Poison Heal\n|upkeep\n|turn|28\n|\n|t:|1699559828\n|move|p2a: Gliscor|Substitute|p2a: Gliscor\n|-start|p2a: Gliscor|Substitute\n|-damage|p2a: Gliscor|10\/100 tox\n|move|p1a: Krookodile|Scale Shot|p2a: Gliscor\n|-crit|p2a: Gliscor\n|-activate|p2a: Gliscor|move: Substitute|[damage]\n|-activate|p2a: Gliscor|move: Substitute|[damage]\n|-end|p2a: Gliscor|Substitute\n|-damage|p2a: Gliscor|3\/100 tox\n|-crit|p2a: Gliscor\n|-damage|p2a: Gliscor|0 fnt\n|faint|p2a: Gliscor\n|-hitcount|p2: Gliscor|5\n|\n|win|Blake-Mamba\n|raw|Blake-Mamba's rating: 1187 &rarr; <strong>1207<\/strong><br \/>(+20 for winning)\n|raw|Xmen393's rating: 1114 &rarr; <strong>1094<\/strong><br \/>(-20 for losing)\n|l|\u2606Xmen393\n","uploadtime":1699559848,"views":10,"p1id":"blakemamba","p2id":"xmen393","formatid":"gen9nationaldex","rating":1094,"private":0,"password":""}