{"id":"gen9nationaldex-1992633904","p1":"admftw","p2":"equizxz","format":"[Gen 9] National Dex","log":"|j|\u2606admftw\n|j|\u2606equizxz\n|t:|1700218014\n|gametype|singles\n|player|p1|admftw|gambler|1141\n|player|p2|equizxz|102|1091\n|teamsize|p1|6\n|teamsize|p2|6\n|gen|9\n|tier|[Gen 9] National Dex\n|rated|\n|rule|HP Percentage Mod: HP is shown in percentages\n|rule|Endless Battle Clause: Forcing endless battles is banned\n|rule|OHKO Clause: OHKO moves are banned\n|rule|Evasion Clause: Evasion abilities, items, and moves are banned\n|rule|Evasion Abilities Clause: Evasion abilities are banned\n|rule|Evasion Items Clause: Evasion items are banned\n|rule|Evasion Moves Clause: Evasion moves are banned\n|rule|Species Clause: Limit one of each Pok\u00e9mon\n|rule|Sleep Clause Mod: Limit one foe put to sleep\n|clearpoke\n|poke|p1|Tyranitar, F|\n|poke|p1|Cradily, F|\n|poke|p1|Gigalith, F|\n|poke|p1|Kleavor, M|\n|poke|p1|Garganacl, M|\n|poke|p1|Glimmora, F|\n|poke|p2|Ceruledge, M|\n|poke|p2|Hydreigon, F|\n|poke|p2|Corviknight, M|\n|poke|p2|Mawile, F|\n|poke|p2|Zamazenta-*|\n|poke|p2|Quagsire, M|\n|teampreview\n|\n|t:|1700218022\n|start\n|switch|p1a: Glimmora|Glimmora, F|100\/100\n|switch|p2a: Zamazenta|Zamazenta|100\/100\n|-ability|p2a: Zamazenta|Dauntless Shield|boost\n|-boost|p2a: Zamazenta|def|1\n|turn|1\n|\n|t:|1700218031\n|move|p2a: Zamazenta|Close Combat|p1a: Glimmora\n|-enditem|p1a: Glimmora|Focus Sash\n|-damage|p1a: Glimmora|1\/100\n|-unboost|p2a: Zamazenta|def|1\n|-unboost|p2a: Zamazenta|spd|1\n|-activate|p1a: Glimmora|ability: Toxic Debris\n|-sidestart|p2: equizxz|move: Toxic Spikes\n|move|p1a: Glimmora|Mortal Spin|p2a: Zamazenta\n|-damage|p2a: Zamazenta|95\/100\n|-status|p2a: Zamazenta|psn\n|\n|-damage|p2a: Zamazenta|82\/100 psn|[from] psn\n|upkeep\n|turn|2\n|\n|t:|1700218045\n|move|p2a: Zamazenta|Close Combat|p1a: Glimmora\n|-damage|p1a: Glimmora|0 fnt\n|-unboost|p2a: Zamazenta|def|1\n|-unboost|p2a: Zamazenta|spd|1\n|-activate|p1a: Glimmora|ability: Toxic Debris\n|-sidestart|p2: equizxz|move: Toxic Spikes\n|faint|p1a: Glimmora\n|\n|-damage|p2a: Zamazenta|70\/100 psn|[from] psn\n|upkeep\n|\n|t:|1700218048\n|switch|p1a: Kleavor|Kleavor, M|100\/100\n|turn|3\n|\n|t:|1700218056\n|switch|p2a: Corviknight|Corviknight, M|100\/100\n|-ability|p2a: Corviknight|Pressure\n|move|p1a: Kleavor|Stone Axe|p2a: Corviknight\n|-damage|p2a: Corviknight|65\/100\n|-damage|p1a: Kleavor|84\/100|[from] item: Rocky Helmet|[of] p2a: Corviknight\n|-sidestart|p2: equizxz|move: Stealth Rock\n|\n|upkeep\n|turn|4\n|\n|t:|1700218065\n|move|p1a: Kleavor|Stone Axe|p2a: Corviknight\n|-damage|p2a: Corviknight|34\/100\n|-damage|p1a: Kleavor|68\/100|[from] item: Rocky Helmet|[of] p2a: Corviknight\n|move|p2a: Corviknight|Defog|p1a: Kleavor\n|-unboost|p1a: Kleavor|evasion|1\n|-sideend|p2: equizxz|Toxic Spikes|[from] move: Defog|[of] p2a: Corviknight\n|-sideend|p2: equizxz|Stealth Rock|[from] move: Defog|[of] p2a: Corviknight\n|\n|upkeep\n|turn|5\n|\n|t:|1700218072\n|move|p1a: Kleavor|Stone Axe|p2a: Corviknight\n|-damage|p2a: Corviknight|2\/100\n|-damage|p1a: Kleavor|51\/100|[from] item: Rocky Helmet|[of] p2a: Corviknight\n|-sidestart|p2: equizxz|move: Stealth Rock\n|move|p2a: Corviknight|Roost|p2a: Corviknight\n|-heal|p2a: Corviknight|52\/100\n|-singleturn|p2a: Corviknight|move: Roost\n|\n|upkeep\n|turn|6\n|\n|t:|1700218080\n|move|p1a: Kleavor|Stone Axe|p2a: Corviknight\n|-damage|p2a: Corviknight|18\/100\n|-damage|p1a: Kleavor|35\/100|[from] item: Rocky Helmet|[of] p2a: Corviknight\n|move|p2a: Corviknight|Roost|p2a: Corviknight\n|-heal|p2a: Corviknight|68\/100\n|-singleturn|p2a: Corviknight|move: Roost\n|\n|upkeep\n|turn|7\n|\n|t:|1700218092\n|switch|p1a: Garganacl|Garganacl, M|100\/100\n|move|p2a: Corviknight|Roost|p2a: Corviknight\n|-heal|p2a: Corviknight|100\/100\n|-singleturn|p2a: Corviknight|move: Roost\n|\n|upkeep\n|turn|8\n|\n|t:|1700218099\n|move|p2a: Corviknight|Defog|p1a: Garganacl\n|-unboost|p1a: Garganacl|evasion|1\n|-sideend|p2: equizxz|Stealth Rock|[from] move: Defog|[of] p2a: Corviknight\n|move|p1a: Garganacl|Salt Cure|p2a: Corviknight\n|-damage|p2a: Corviknight|91\/100\n|-start|p2a: Corviknight|Salt Cure\n|\n|-damage|p2a: Corviknight|66\/100|[from] Salt Cure\n|upkeep\n|turn|9\n|\n|t:|1700218111\n|switch|p2a: Mawile|Mawile, F|100\/100\n|-ability|p2a: Mawile|Intimidate|boost\n|-unboost|p1a: Garganacl|atk|1\n|switch|p1a: Kleavor|Kleavor, M|35\/100\n|\n|upkeep\n|turn|10\n|\n|t:|1700218122\n|detailschange|p2a: Mawile|Mawile-Mega, F\n|-mega|p2a: Mawile|Mawile|Mawilite\n|move|p1a: Kleavor|Stone Axe|p2a: Mawile\n|-resisted|p2a: Mawile\n|-damage|p2a: Mawile|73\/100\n|-sidestart|p2: equizxz|move: Stealth Rock\n|move|p2a: Mawile|Play Rough|p1a: Kleavor\n|-damage|p1a: Kleavor|0 fnt\n|faint|p1a: Kleavor\n|\n|upkeep\n|\n|t:|1700218127\n|switch|p1a: Garganacl|Garganacl, M|100\/100\n|turn|11\n|\n|t:|1700218134\n|move|p2a: Mawile|Play Rough|p1a: Garganacl\n|-damage|p1a: Garganacl|56\/100\n|-damage|p2a: Mawile|56\/100|[from] item: Rocky Helmet|[of] p1a: Garganacl\n|move|p1a: Garganacl|Salt Cure|p2a: Mawile\n|-resisted|p2a: Mawile\n|-damage|p2a: Mawile|49\/100\n|-start|p2a: Mawile|Salt Cure\n|\n|-damage|p2a: Mawile|24\/100|[from] Salt Cure\n|upkeep\n|turn|12\n|\n|t:|1700218149\n|switch|p2a: Quagsire|Quagsire, M|100\/100\n|-damage|p2a: Quagsire|94\/100|[from] Stealth Rock\n|move|p1a: Garganacl|Recover|p1a: Garganacl\n|-heal|p1a: Garganacl|100\/100\n|\n|-heal|p2a: Quagsire|100\/100|[from] item: Leftovers\n|upkeep\n|turn|13\n|\n|t:|1700218158\n|move|p2a: Quagsire|Toxic|p1a: Garganacl\n|-immune|p1a: Garganacl|[from] ability: Purifying Salt\n|move|p1a: Garganacl|Salt Cure|p2a: Quagsire\n|-resisted|p2a: Quagsire\n|-damage|p2a: Quagsire|96\/100\n|-start|p2a: Quagsire|Salt Cure\n|\n|-heal|p2a: Quagsire|100\/100|[from] item: Leftovers\n|-damage|p2a: Quagsire|76\/100|[from] Salt Cure\n|upkeep\n|turn|14\n|\n|t:|1700218167\n|switch|p2a: Hydreigon|Hydreigon, F|100\/100\n|-damage|p2a: Hydreigon|88\/100|[from] Stealth Rock\n|switch|p1a: Gigalith|Gigalith, F|100\/100\n|-weather|Sandstorm|[from] ability: Sand Stream|[of] p1a: Gigalith\n|\n|-weather|Sandstorm|[upkeep]\n|-damage|p2a: Hydreigon|82\/100|[from] Sandstorm\n|upkeep\n|turn|15\n|\n|t:|1700218180\n|move|p2a: Hydreigon|Flash Cannon|p1a: Gigalith\n|-supereffective|p1a: Gigalith\n|-damage|p1a: Gigalith|40\/100\n|-unboost|p1a: Gigalith|spd|1\n|move|p1a: Gigalith|Toxic|p2a: Hydreigon\n|-status|p2a: Hydreigon|tox\n|\n|-weather|Sandstorm|[upkeep]\n|-damage|p2a: Hydreigon|76\/100 tox|[from] Sandstorm\n|-damage|p2a: Hydreigon|70\/100 tox|[from] psn\n|upkeep\n|turn|16\n|\n|t:|1700218192\n|move|p2a: Hydreigon|Flash Cannon|p1a: Gigalith\n|-supereffective|p1a: Gigalith\n|-damage|p1a: Gigalith|0 fnt\n|faint|p1a: Gigalith\n|\n|-weather|Sandstorm|[upkeep]\n|-damage|p2a: Hydreigon|64\/100 tox|[from] Sandstorm\n|-damage|p2a: Hydreigon|51\/100 tox|[from] psn\n|upkeep\n|\n|t:|1700218197\n|switch|p1a: Cradily|Cradily, F|100\/100\n|turn|17\n|\n|t:|1700218203\n|switch|p2a: Corviknight|Corviknight, M|66\/100\n|-damage|p2a: Corviknight|54\/100|[from] Stealth Rock\n|-ability|p2a: Corviknight|Pressure\n|move|p1a: Cradily|Leech Seed|p2a: Corviknight\n|-start|p2a: Corviknight|move: Leech Seed\n|\n|-weather|Sandstorm|[upkeep]\n|-damage|p2a: Corviknight|41\/100|[from] Leech Seed|[of] p1a: Cradily\n|upkeep\n|turn|18\n|\n|t:|1700218212\n|move|p2a: Corviknight|Defog|p1a: Cradily\n|-unboost|p1a: Cradily|evasion|1\n|-sideend|p2: equizxz|Stealth Rock|[from] move: Defog|[of] p2a: Corviknight\n|move|p1a: Cradily|Infestation|p2a: Corviknight\n|-resisted|p2a: Corviknight\n|-damage|p2a: Corviknight|41\/100\n|-activate|p2a: Corviknight|move: Infestation|[of] p1a: Cradily\n|-damage|p1a: Cradily|84\/100|[from] item: Rocky Helmet|[of] p2a: Corviknight\n|\n|-weather|Sandstorm|[upkeep]\n|-heal|p1a: Cradily|90\/100|[from] item: Leftovers\n|-damage|p2a: Corviknight|28\/100|[from] Leech Seed|[of] p1a: Cradily\n|-heal|p1a: Cradily|100\/100|[silent]\n|-damage|p2a: Corviknight|16\/100|[from] move: Infestation|[partiallytrapped]\n|upkeep\n|turn|19\n|\n|t:|1700218233\n|switch|p1a: Garganacl|Garganacl, M|100\/100\n|move|p2a: Corviknight|Roost|p2a: Corviknight\n|-heal|p2a: Corviknight|66\/100\n|-singleturn|p2a: Corviknight|move: Roost\n|\n|-weather|Sandstorm|[upkeep]\n|-damage|p2a: Corviknight|53\/100|[from] Leech Seed|[of] p1a: Garganacl\n|-end|p2a: Corviknight|Infestation|[partiallytrapped]|[silent]\n|upkeep\n|turn|20\n|\n|t:|1700218242\n|move|p2a: Corviknight|U-turn|p1a: Garganacl\n|-damage|p1a: Garganacl|94\/100\n|-damage|p2a: Corviknight|37\/100|[from] item: Rocky Helmet|[of] p1a: Garganacl\n|\n|t:|1700218247\n|switch|p2a: Zamazenta|Zamazenta|70\/100 psn|[from] U-turn\n|move|p1a: Garganacl|Salt Cure|p2a: Zamazenta\n|-resisted|p2a: Zamazenta\n|-damage|p2a: Zamazenta|64\/100 psn\n|-start|p2a: Zamazenta|Salt Cure\n|\n|-weather|Sandstorm|[upkeep]\n|-damage|p2a: Zamazenta|58\/100 psn|[from] Sandstorm\n|-damage|p2a: Zamazenta|45\/100 psn|[from] psn\n|-damage|p2a: Zamazenta|33\/100 psn|[from] Salt Cure\n|upkeep\n|turn|21\n|\n|t:|1700218258\n|move|p2a: Zamazenta|Close Combat|p1a: Garganacl\n|-supereffective|p1a: Garganacl\n|-damage|p1a: Garganacl|7\/100\n|-unboost|p2a: Zamazenta|def|1\n|-unboost|p2a: Zamazenta|spd|1\n|-damage|p2a: Zamazenta|16\/100 psn|[from] item: Rocky Helmet|[of] p1a: Garganacl\n|move|p1a: Garganacl|Iron Defense|p1a: Garganacl\n|-boost|p1a: Garganacl|def|2\n|\n|-weather|none\n|-damage|p2a: Zamazenta|4\/100 psn|[from] psn\n|-damage|p2a: Zamazenta|0 fnt|[from] Salt Cure\n|faint|p2a: Zamazenta\n|upkeep\n|\n|t:|1700218282\n|switch|p2a: Mawile|Mawile-Mega, F|24\/100\n|turn|22\n|\n|t:|1700218288\n|move|p2a: Mawile|Play Rough|p1a: Garganacl\n|-damage|p1a: Garganacl|0 fnt\n|-damage|p2a: Mawile|7\/100|[from] item: Rocky Helmet|[of] p1a: Garganacl\n|faint|p1a: Garganacl\n|\n|upkeep\n|\n|t:|1700218296\n|switch|p1a: Cradily|Cradily, F|100\/100\n|turn|23\n|\n|t:|1700218303\n|move|p2a: Mawile|Play Rough|p1a: Cradily\n|-damage|p1a: Cradily|14\/100\n|move|p1a: Cradily|Leech Seed|p2a: Mawile\n|-start|p2a: Mawile|move: Leech Seed\n|\n|-heal|p1a: Cradily|20\/100|[from] item: Leftovers\n|-damage|p2a: Mawile|0 fnt|[from] Leech Seed|[of] p1a: Cradily\n|-heal|p1a: Cradily|25\/100|[silent]\n|faint|p2a: Mawile\n|upkeep\n|\n|t:|1700218312\n|switch|p2a: Ceruledge|Ceruledge, M|100\/100\n|turn|24\n|\n|t:|1700218316\n|move|p2a: Ceruledge|Bulk Up|p2a: Ceruledge\n|-boost|p2a: Ceruledge|atk|1\n|-boost|p2a: Ceruledge|def|1\n|move|p1a: Cradily|Leech Seed|p2a: Ceruledge\n|-start|p2a: Ceruledge|move: Leech Seed\n|\n|-heal|p1a: Cradily|31\/100|[from] item: Leftovers\n|-damage|p2a: Ceruledge|88\/100|[from] Leech Seed|[of] p1a: Cradily\n|-heal|p1a: Cradily|43\/100|[silent]\n|upkeep\n|turn|25\n|\n|t:|1700218326\n|move|p2a: Ceruledge|Bulk Up|p2a: Ceruledge\n|-boost|p2a: Ceruledge|atk|1\n|-boost|p2a: Ceruledge|def|1\n|move|p1a: Cradily|Toxic|p2a: Ceruledge\n|-status|p2a: Ceruledge|tox\n|\n|-heal|p2a: Ceruledge|94\/100 tox|[from] item: Leftovers\n|-heal|p1a: Cradily|49\/100|[from] item: Leftovers\n|-damage|p2a: Ceruledge|82\/100 tox|[from] Leech Seed|[of] p1a: Cradily\n|-heal|p1a: Cradily|60\/100|[silent]\n|-damage|p2a: Ceruledge|76\/100 tox|[from] psn\n|upkeep\n|turn|26\n|\n|t:|1700218343\n|-terastallize|p1a: Cradily|Rock\n|move|p2a: Ceruledge|Bitter Blade|p1a: Cradily\n|-resisted|p1a: Cradily\n|-damage|p1a: Cradily|26\/100\n|-heal|p2a: Ceruledge|94\/100 tox|[from] drain|[of] p1a: Cradily\n|move|p1a: Cradily|Recover|p1a: Cradily\n|-heal|p1a: Cradily|76\/100\n|\n|-heal|p2a: Ceruledge|99\/100 tox|[from] item: Leftovers\n|-heal|p1a: Cradily|82\/100|[from] item: Leftovers\n|-damage|p2a: Ceruledge|88\/100 tox|[from] Leech Seed|[of] p1a: Cradily\n|-heal|p1a: Cradily|94\/100|[silent]\n|-damage|p2a: Ceruledge|75\/100 tox|[from] psn\n|upkeep\n|turn|27\n|\n|t:|1700218356\n|switch|p2a: Corviknight|Corviknight, M|37\/100\n|-ability|p2a: Corviknight|Pressure\n|move|p1a: Cradily|Infestation|p2a: Corviknight\n|-resisted|p2a: Corviknight\n|-damage|p2a: Corviknight|36\/100\n|-activate|p2a: Corviknight|move: Infestation|[of] p1a: Cradily\n|-damage|p1a: Cradily|77\/100|[from] item: Rocky Helmet|[of] p2a: Corviknight\n|\n|-heal|p1a: Cradily|83\/100|[from] item: Leftovers\n|-damage|p2a: Corviknight|23\/100|[from] move: Infestation|[partiallytrapped]\n|upkeep\n|turn|28\n|\n|t:|1700218367\n|move|p2a: Corviknight|Roost|p2a: Corviknight\n|-heal|p2a: Corviknight|73\/100\n|-singleturn|p2a: Corviknight|move: Roost\n|move|p1a: Cradily|Leech Seed|p2a: Corviknight\n|-start|p2a: Corviknight|move: Leech Seed\n|\n|-heal|p1a: Cradily|90\/100|[from] item: Leftovers\n|-damage|p2a: Corviknight|61\/100|[from] Leech Seed|[of] p1a: Cradily\n|-heal|p1a: Cradily|100\/100|[silent]\n|-damage|p2a: Corviknight|48\/100|[from] move: Infestation|[partiallytrapped]\n|upkeep\n|turn|29\n|\n|t:|1700218385\n|move|p2a: Corviknight|Roost|p2a: Corviknight\n|-heal|p2a: Corviknight|98\/100\n|-singleturn|p2a: Corviknight|move: Roost\n|move|p1a: Cradily|Infestation|p2a: Corviknight\n|-resisted|p2a: Corviknight\n|-damage|p2a: Corviknight|97\/100\n|-damage|p1a: Cradily|84\/100|[from] item: Rocky Helmet|[of] p2a: Corviknight\n|\n|-heal|p1a: Cradily|90\/100|[from] item: Leftovers\n|-damage|p2a: Corviknight|84\/100|[from] Leech Seed|[of] p1a: Cradily\n|-heal|p1a: Cradily|100\/100|[silent]\n|-damage|p2a: Corviknight|72\/100|[from] move: Infestation|[partiallytrapped]\n|upkeep\n|turn|30\n|\n|t:|1700218409\n|move|p2a: Corviknight|Brave Bird|p1a: Cradily\n|-resisted|p1a: Cradily\n|-damage|p1a: Cradily|82\/100\n|-damage|p2a: Corviknight|66\/100|[from] Recoil\n|move|p1a: Cradily|Infestation|p2a: Corviknight\n|-resisted|p2a: Corviknight\n|-damage|p2a: Corviknight|65\/100\n|-damage|p1a: Cradily|66\/100|[from] item: Rocky Helmet|[of] p2a: Corviknight\n|\n|-heal|p1a: Cradily|72\/100|[from] item: Leftovers\n|-damage|p2a: Corviknight|53\/100|[from] Leech Seed|[of] p1a: Cradily\n|-heal|p1a: Cradily|85\/100|[silent]\n|-damage|p2a: Corviknight|40\/100|[from] move: Infestation|[partiallytrapped]\n|upkeep\n|turn|31\n|\n|t:|1700218421\n|move|p2a: Corviknight|Roost|p2a: Corviknight\n|-heal|p2a: Corviknight|90\/100\n|-singleturn|p2a: Corviknight|move: Roost\n|move|p1a: Cradily|Infestation|p2a: Corviknight\n|-resisted|p2a: Corviknight\n|-damage|p2a: Corviknight|88\/100\n|-damage|p1a: Cradily|69\/100|[from] item: Rocky Helmet|[of] p2a: Corviknight\n|\n|-heal|p1a: Cradily|75\/100|[from] item: Leftovers\n|-damage|p2a: Corviknight|76\/100|[from] Leech Seed|[of] p1a: Cradily\n|-heal|p1a: Cradily|88\/100|[silent]\n|-damage|p2a: Corviknight|63\/100|[from] move: Infestation|[partiallytrapped]\n|upkeep\n|turn|32\n|\n|t:|1700218446\n|move|p2a: Corviknight|U-turn|p1a: Cradily\n|-damage|p1a: Cradily|74\/100\n|\n|t:|1700218450\n|switch|p2a: Hydreigon|Hydreigon, F|51\/100 tox|[from] U-turn\n|move|p1a: Cradily|Infestation|p2a: Hydreigon\n|-supereffective|p2a: Hydreigon\n|-damage|p2a: Hydreigon|42\/100 tox\n|-activate|p2a: Hydreigon|move: Infestation|[of] p1a: Cradily\n|\n|-heal|p1a: Cradily|80\/100|[from] item: Leftovers\n|-damage|p2a: Hydreigon|36\/100 tox|[from] psn\n|-damage|p2a: Hydreigon|24\/100 tox|[from] move: Infestation|[partiallytrapped]\n|upkeep\n|turn|33\n|\n|t:|1700218486\n|-terastallize|p2a: Hydreigon|Dark\n|move|p2a: Hydreigon|Dark Pulse|p1a: Cradily\n|-damage|p1a: Cradily|32\/100\n|move|p1a: Cradily|Recover|p1a: Cradily\n|-heal|p1a: Cradily|82\/100\n|\n|-heal|p1a: Cradily|89\/100|[from] item: Leftovers\n|-damage|p2a: Hydreigon|11\/100 tox|[from] psn\n|-damage|p2a: Hydreigon|0 fnt|[from] move: Infestation|[partiallytrapped]\n|faint|p2a: Hydreigon\n|upkeep\n|n|\u2606equizxz|equizxz\n|c|\u2606equizxz|fck you staller\n|-message|equizxz forfeited.\n|\n|win|admftw\n|raw|admftw's rating: 1141 &rarr; <strong>1162<\/strong><br \/>(+21 for winning)\n|raw|equizxz's rating: 1091 &rarr; <strong>1071<\/strong><br \/>(-20 for losing)\n","uploadtime":1700218523,"views":4,"p1id":"admftw","p2id":"equizxz","formatid":"gen9nationaldex","rating":1071,"private":0,"password":""}