{"id":"gen9nationaldex-1995263048","p1":"ChaosEmperor96","p2":"Twind_bg","format":"[Gen 9] National Dex","log":"|html|<div class=\"broadcast-blue\"><strong>[Gen 9] National Dex is currently suspecting Sneasler! For information on how to participate check out the <a href=\"https:\/\/www.smogon.com\/forums\/threads\/sv-national-dex-suspect-8-just-dance.3731534\/\">suspect thread<\/a>.<\/strong><\/div>\n|j|\u2606ChaosEmperor96\n|j|\u2606Twind_bg\n|t:|1700543223\n|gametype|singles\n|player|p1|ChaosEmperor96|marshal|1158\n|player|p2|Twind_bg|falkner|1110\n|teamsize|p1|6\n|teamsize|p2|6\n|gen|9\n|tier|[Gen 9] National Dex\n|rated|\n|rule|HP Percentage Mod: HP is shown in percentages\n|rule|Endless Battle Clause: Forcing endless battles is banned\n|rule|OHKO Clause: OHKO moves are banned\n|rule|Evasion Clause: Evasion abilities, items, and moves are banned\n|rule|Evasion Abilities Clause: Evasion abilities are banned\n|rule|Evasion Items Clause: Evasion items are banned\n|rule|Evasion Moves Clause: Evasion moves are banned\n|rule|Species Clause: Limit one of each Pok\u00e9mon\n|rule|Sleep Clause Mod: Limit one foe put to sleep\n|clearpoke\n|poke|p1|Emboar, M|\n|poke|p1|Haxorus, M|\n|poke|p1|Excadrill, M|\n|poke|p1|Galvantula, M|\n|poke|p1|Mandibuzz, F|\n|poke|p1|Vanilluxe, M|\n|poke|p2|Gallade, M|\n|poke|p2|Aegislash, M|\n|poke|p2|Volcarona, F|\n|poke|p2|Greninja-*, M|\n|poke|p2|Ninetales-Alola, M|\n|poke|p2|Clodsire, M|\n|teampreview\n|\n|t:|1700543228\n|start\n|switch|p1a: Excadrill|Excadrill, M, shiny|100\/100\n|switch|p2a: Clodsire|Clodsire, M|100\/100\n|turn|1\n|\n|t:|1700543236\n|-terastallize|p1a: Excadrill|Ground\n|move|p1a: Excadrill|Earthquake|p2a: Clodsire\n|-supereffective|p2a: Clodsire\n|-damage|p2a: Clodsire|0 fnt\n|faint|p2a: Clodsire\n|\n|upkeep\n|inactive|Battle timer is ON: inactive players will automatically lose when time's up. (requested by ChaosEmperor96)\n|\n|t:|1700543254\n|switch|p2a: Ninetales|Ninetales-Alola, M|100\/100\n|-weather|Snow|[from] ability: Snow Warning|[of] p2a: Ninetales\n|turn|2\n|\n|t:|1700543261\n|move|p2a: Ninetales|Blizzard|p1a: Excadrill\n|-supereffective|p1a: Excadrill\n|-enditem|p1a: Excadrill|Focus Sash\n|-damage|p1a: Excadrill|1\/100\n|move|p1a: Excadrill|Iron Head|p2a: Ninetales\n|-supereffective|p2a: Ninetales\n|-damage|p2a: Ninetales|0 fnt\n|faint|p2a: Ninetales\n|\n|-weather|Snow|[upkeep]\n|upkeep\n|\n|t:|1700543271\n|switch|p2a: Greninja|Greninja, M|100\/100\n|turn|3\n|\n|t:|1700543276\n|switch|p1a: Mandibuzz|Mandibuzz, F, shiny|100\/100\n|move|p2a: Greninja|Water Shuriken|p1a: Mandibuzz\n|-damage|p1a: Mandibuzz|95\/100\n|-damage|p1a: Mandibuzz|89\/100\n|-damage|p1a: Mandibuzz|83\/100\n|-damage|p1a: Mandibuzz|77\/100\n|-hitcount|p1a: Mandibuzz|4\n|\n|-weather|Snow|[upkeep]\n|upkeep\n|turn|4\n|\n|t:|1700543290\n|-terastallize|p2a: Greninja|Fairy\n|move|p2a: Greninja|Tera Blast|p1a: Mandibuzz|[anim] Tera Blast Fairy\n|-supereffective|p1a: Mandibuzz\n|-damage|p1a: Mandibuzz|12\/100\n|move|p1a: Mandibuzz|U-turn|p2a: Greninja\n|-resisted|p2a: Greninja\n|-damage|p2a: Greninja|90\/100\n|\n|t:|1700543309\n|switch|p1a: Vanilluxe|Vanilluxe, M, shiny|100\/100|[from] U-turn\n|\n|-weather|Snow|[upkeep]\n|upkeep\n|turn|5\n|\n|t:|1700543317\n|move|p2a: Greninja|Water Shuriken|p1a: Vanilluxe\n|-damage|p1a: Vanilluxe|92\/100\n|-damage|p1a: Vanilluxe|83\/100\n|-damage|p1a: Vanilluxe|74\/100\n|-damage|p1a: Vanilluxe|66\/100\n|-hitcount|p1a: Vanilluxe|4\n|move|p1a: Vanilluxe|Flash Cannon|p2a: Greninja\n|-supereffective|p2a: Greninja\n|-damage|p2a: Greninja|8\/100\n|\n|-weather|Snow|[upkeep]\n|upkeep\n|turn|6\n|inactive|Twind_bg has 120 seconds left.\n|\n|t:|1700543349\n|move|p2a: Greninja|Water Shuriken|p1a: Vanilluxe\n|-damage|p1a: Vanilluxe|57\/100\n|-damage|p1a: Vanilluxe|48\/100\n|-damage|p1a: Vanilluxe|38\/100\n|-damage|p1a: Vanilluxe|28\/100\n|-damage|p1a: Vanilluxe|20\/100\n|-hitcount|p1a: Vanilluxe|5\n|move|p1a: Vanilluxe|Ice Beam|p2a: Greninja\n|-damage|p2a: Greninja|0 fnt\n|faint|p2a: Greninja\n|\n|-weather|none\n|upkeep\n|inactive|Twind_bg has 120 seconds left.\n|\n|t:|1700543364\n|switch|p2a: Aegislash|Aegislash, M, shiny|100\/100\n|turn|7\n|inactive|Twind_bg has 120 seconds left.\n|\n|t:|1700543370\n|switch|p1a: Mandibuzz|Mandibuzz, F, shiny|12\/100\n|-formechange|p2a: Aegislash|Aegislash-Blade||[from] ability: Stance Change\n|move|p2a: Aegislash|Brick Break|p1a: Mandibuzz\n|-damage|p1a: Mandibuzz|0 fnt\n|faint|p1a: Mandibuzz\n|\n|upkeep\n|\n|t:|1700543381\n|switch|p1a: Excadrill|Excadrill, M, shiny, tera:Ground|1\/100\n|turn|8\n|\n|t:|1700543392\n|-formechange|p2a: Aegislash|Aegislash||[from] ability: Stance Change\n|move|p2a: Aegislash|King's Shield|p2a: Aegislash\n|-singleturn|p2a: Aegislash|Protect\n|move|p1a: Excadrill|Earthquake|p2a: Aegislash\n|-activate|p2a: Aegislash|move: Protect\n|\n|upkeep\n|turn|9\n|\n|t:|1700543401\n|move|p1a: Excadrill|Earthquake|p2a: Aegislash\n|-supereffective|p2a: Aegislash\n|-enditem|p2a: Aegislash|Focus Sash\n|-damage|p2a: Aegislash|1\/100\n|-formechange|p2a: Aegislash|Aegislash-Blade||[from] ability: Stance Change\n|move|p2a: Aegislash|Brick Break|p1a: Excadrill\n|-damage|p1a: Excadrill|0 fnt\n|faint|p1a: Excadrill\n|\n|upkeep\n|\n|t:|1700543415\n|switch|p1a: Galvantula|Galvantula, M, shiny|100\/100\n|turn|10\n|\n|t:|1700543420\n|-formechange|p2a: Aegislash|Aegislash||[from] ability: Stance Change\n|move|p2a: Aegislash|King's Shield|p2a: Aegislash\n|-singleturn|p2a: Aegislash|Protect\n|move|p1a: Galvantula|Thunderbolt|p2a: Aegislash\n|-activate|p2a: Aegislash|move: Protect\n|\n|upkeep\n|turn|11\n|inactive|Twind_bg has 120 seconds left.\n|\n|t:|1700543461\n|move|p1a: Galvantula|Thunderbolt|p2a: Aegislash\n|-damage|p2a: Aegislash|0 fnt\n|faint|p2a: Aegislash\n|\n|upkeep\n|\n|t:|1700543465\n|switch|p2a: Volcarona|Volcarona, F, shiny|100\/100\n|turn|12\n|inactive|Twind_bg has 120 seconds left.\n|\n|t:|1700543472\n|switch|p1a: Emboar|Emboar, M, shiny|100\/100\n|-zpower|p2a: Volcarona\n|move|p2a: Volcarona|Inferno Overdrive|p1a: Emboar|[zeffect]\n|-resisted|p1a: Emboar\n|-damage|p1a: Emboar|37\/100\n|\n|upkeep\n|turn|13\n|\n|t:|1700543482\n|move|p1a: Emboar|Head Smash|p2a: Volcarona\n|-supereffective|p2a: Volcarona\n|-damage|p2a: Volcarona|0 fnt\n|faint|p2a: Volcarona\n|-damage|p1a: Emboar|0 fnt|[from] Recoil\n|faint|p1a: Emboar\n|\n|upkeep\n|\n|t:|1700543490\n|switch|p1a: Galvantula|Galvantula, M, shiny|100\/100\n|switch|p2a: Kingsler|Gallade, M, shiny|100\/100\n|turn|14\n|\n|t:|1700543509\n|detailschange|p2a: Kingsler|Gallade-Mega, M, shiny\n|-mega|p2a: Kingsler|Gallade|Galladite\n|move|p2a: Kingsler|Sacred Sword|p1a: Galvantula\n|-resisted|p1a: Galvantula\n|-damage|p1a: Galvantula|46\/100\n|move|p1a: Galvantula|Thunderbolt|p2a: Kingsler\n|-damage|p2a: Kingsler|59\/100\n|\n|upkeep\n|turn|15\n|\n|t:|1700543524\n|move|p2a: Kingsler|Sacred Sword|p1a: Galvantula\n|-resisted|p1a: Galvantula\n|-damage|p1a: Galvantula|0 fnt\n|faint|p1a: Galvantula\n|\n|upkeep\n|\n|t:|1700543529\n|switch|p1a: Haxorus|Haxorus, M, shiny|100\/100\n|-ability|p1a: Haxorus|Mold Breaker\n|turn|16\n|\n|t:|1700543540\n|move|p2a: Kingsler|Sacred Sword|p1a: Haxorus\n|-crit|p1a: Haxorus\n|-enditem|p1a: Haxorus|Focus Sash\n|-damage|p1a: Haxorus|1\/100\n|move|p1a: Haxorus|Outrage|p2a: Kingsler\n|-damage|p2a: Kingsler|0 fnt\n|faint|p2a: Kingsler\n|\n|win|ChaosEmperor96\n|raw|ChaosEmperor96's rating: 1158 &rarr; <strong>1180<\/strong><br \/>(+22 for winning)\n|raw|Twind_bg's rating: 1110 &rarr; <strong>1088<\/strong><br \/>(-22 for losing)\n|c|\u2606ChaosEmperor96|Gg\n|c|\u2606Twind_bg|gg\n","uploadtime":1700543556,"views":2,"p1id":"chaosemperor96","p2id":"twindbg","formatid":"gen9nationaldex","rating":1088,"private":0,"password":""}