{"id":"gen9nationaldex-1993457658","p1":"bruhhzapdos","p2":"runeatest","format":"[Gen 9] National Dex","log":"|j|\u2606bruhhzapdos\n|j|\u2606runeatest\n|t:|1700320306\n|gametype|singles\n|player|p1|bruhhzapdos|266|1212\n|player|p2|runeatest|fisherman-gen4|1195\n|teamsize|p1|6\n|teamsize|p2|6\n|gen|9\n|tier|[Gen 9] National Dex\n|rated|\n|rule|HP Percentage Mod: HP is shown in percentages\n|rule|Endless Battle Clause: Forcing endless battles is banned\n|rule|OHKO Clause: OHKO moves are banned\n|rule|Evasion Clause: Evasion abilities, items, and moves are banned\n|rule|Evasion Abilities Clause: Evasion abilities are banned\n|rule|Evasion Items Clause: Evasion items are banned\n|rule|Evasion Moves Clause: Evasion moves are banned\n|rule|Species Clause: Limit one of each Pok\u00e9mon\n|rule|Sleep Clause Mod: Limit one foe put to sleep\n|clearpoke\n|poke|p1|Kommo-o, M|\n|poke|p1|Shuckle, F|\n|poke|p1|Gliscor, M|\n|poke|p1|Primarina, F|\n|poke|p1|Zoroark-Hisui, F|\n|poke|p1|Arcanine-Hisui, F|\n|poke|p2|Glaceon, M|\n|poke|p2|Flygon, M|\n|poke|p2|Emolga, M|\n|poke|p2|Marowak-Alola, M|\n|poke|p2|Sirfetch\u2019d, M|\n|poke|p2|Lapras, M|\n|teampreview\n|inactive|Battle timer is ON: inactive players will automatically lose when time's up. (requested by runeatest)\n|\n|t:|1700320318\n|start\n|switch|p1a: Shuckle|Shuckle, F|100\/100\n|switch|p2a: Sirfetch\u2019d|Sirfetch\u2019d, M|100\/100\n|turn|1\n|\n|t:|1700320329\n|move|p2a: Sirfetch\u2019d|Close Combat|p1a: Shuckle\n|-crit|p1a: Shuckle\n|-damage|p1a: Shuckle|46\/100\n|-unboost|p2a: Sirfetch\u2019d|def|1\n|-unboost|p2a: Sirfetch\u2019d|spd|1\n|move|p1a: Shuckle|Toxic|p2a: Sirfetch\u2019d|[miss]\n|-miss|p1a: Shuckle|p2a: Sirfetch\u2019d\n|\n|-heal|p1a: Shuckle|53\/100|[from] item: Leftovers\n|upkeep\n|turn|2\n|\n|t:|1700320340\n|move|p2a: Sirfetch\u2019d|Close Combat|p1a: Shuckle\n|-damage|p1a: Shuckle|16\/100\n|-unboost|p2a: Sirfetch\u2019d|def|1\n|-unboost|p2a: Sirfetch\u2019d|spd|1\n|move|p1a: Shuckle|Toxic|p2a: Sirfetch\u2019d\n|-status|p2a: Sirfetch\u2019d|tox\n|\n|-heal|p1a: Shuckle|22\/100|[from] item: Leftovers\n|-damage|p2a: Sirfetch\u2019d|94\/100 tox|[from] psn\n|upkeep\n|turn|3\n|\n|t:|1700320351\n|move|p1a: Shuckle|Protect|p1a: Shuckle\n|-singleturn|p1a: Shuckle|Protect\n|move|p2a: Sirfetch\u2019d|Close Combat|p1a: Shuckle\n|-activate|p1a: Shuckle|move: Protect\n|\n|-heal|p1a: Shuckle|28\/100|[from] item: Leftovers\n|-damage|p2a: Sirfetch\u2019d|82\/100 tox|[from] psn\n|upkeep\n|turn|4\n|\n|t:|1700320362\n|switch|p1a: Arcanine|Arcanine-Hisui, F|100\/100\n|move|p2a: Sirfetch\u2019d|Close Combat|p1a: Arcanine\n|-supereffective|p1a: Arcanine\n|-enditem|p1a: Arcanine|Focus Sash\n|-damage|p1a: Arcanine|1\/100\n|-unboost|p2a: Sirfetch\u2019d|def|1\n|-unboost|p2a: Sirfetch\u2019d|spd|1\n|replace|p1a: Zoroark|Zoroark-Hisui, F\n|-end|p1a: Zoroark|Illusion\n|\n|-damage|p2a: Sirfetch\u2019d|64\/100 tox|[from] psn\n|upkeep\n|turn|5\n|c|\u2606bruhhzapdos|why is close combat dark?\n|inactive|bruhhzapdos has 120 seconds left.\n|\n|t:|1700320395\n|switch|p2a: Lapras|Lapras, M|100\/100\n|move|p1a: Zoroark|Psychic|p2a: Lapras\n|-damage|p2a: Lapras|78\/100\n|\n|-heal|p2a: Lapras|84\/100|[from] item: Leftovers\n|upkeep\n|turn|6\n|\n|t:|1700320405\n|move|p1a: Zoroark|Shadow Ball|p2a: Lapras\n|-damage|p2a: Lapras|54\/100\n|move|p2a: Lapras|Heal Bell|p2a: Lapras\n|-activate|p2a: Lapras|move: Heal Bell\n|-curestatus|p2: Sirfetch\u2019d|tox|[msg]\n|\n|-heal|p2a: Lapras|60\/100|[from] item: Leftovers\n|upkeep\n|turn|7\n|\n|t:|1700320414\n|move|p1a: Zoroark|Shadow Ball|p2a: Lapras\n|-damage|p2a: Lapras|29\/100\n|move|p2a: Lapras|Freeze-Dry|p1a: Zoroark\n|-damage|p1a: Zoroark|0 fnt\n|faint|p1a: Zoroark\n|\n|-heal|p2a: Lapras|35\/100|[from] item: Leftovers\n|upkeep\n|inactive|bruhhzapdos has 120 seconds left.\n|\n|t:|1700320430\n|switch|p1a: Arcanine|Arcanine-Hisui, F|100\/100\n|turn|8\n|\n|t:|1700320439\n|move|p1a: Arcanine|Wild Charge|p2a: Lapras\n|-supereffective|p2a: Lapras\n|-damage|p2a: Lapras|0 fnt\n|faint|p2a: Lapras\n|\n|upkeep\n|\n|t:|1700320450\n|switch|p2a: Marowak|Marowak-Alola, M|100\/100\n|turn|9\n|\n|t:|1700320460\n|move|p1a: Arcanine|Head Smash|p2a: Marowak\n|-supereffective|p2a: Marowak\n|-damage|p2a: Marowak|0 fnt\n|faint|p2a: Marowak\n|\n|upkeep\n|\n|t:|1700320466\n|switch|p2a: Flygon|Flygon, M|100\/100\n|turn|10\n|\n|t:|1700320478\n|switch|p1a: Gliscor|Gliscor, M|100\/100\n|move|p2a: Flygon|Earthquake|p1a: Gliscor\n|-immune|p1a: Gliscor\n|\n|-status|p1a: Gliscor|tox|[from] item: Toxic Orb\n|upkeep\n|turn|11\n|\n|t:|1700320493\n|switch|p2a: Glaceon|Glaceon, M|100\/100\n|move|p1a: Gliscor|U-turn|p2a: Glaceon\n|-damage|p2a: Glaceon|80\/100\n|\n|t:|1700320498\n|switch|p1a: Arcanine|Arcanine-Hisui, F|100\/100|[from] U-turn\n|\n|upkeep\n|turn|12\n|\n|t:|1700320504\n|-terastallize|p2a: Glaceon|Ghost\n|move|p1a: Arcanine|Flare Blitz|p2a: Glaceon\n|-damage|p2a: Glaceon|23\/100\n|move|p2a: Glaceon|Shadow Ball|p1a: Arcanine\n|-damage|p1a: Arcanine|44\/100\n|\n|upkeep\n|turn|13\n|\n|t:|1700320513\n|move|p1a: Arcanine|Flare Blitz|p2a: Glaceon\n|-damage|p2a: Glaceon|0 fnt\n|faint|p2a: Glaceon\n|\n|upkeep\n|\n|t:|1700320517\n|switch|p2a: Flygon|Flygon, M|100\/100\n|turn|14\n|\n|t:|1700320520\n|switch|p1a: Gliscor|Gliscor, M|100\/100 tox\n|move|p2a: Flygon|Dragon Dance|p2a: Flygon\n|-boost|p2a: Flygon|atk|1\n|-boost|p2a: Flygon|spe|1\n|\n|upkeep\n|turn|15\n|\n|t:|1700320532\n|move|p2a: Flygon|Stone Edge|p1a: Gliscor\n|-crit|p1a: Gliscor\n|-damage|p1a: Gliscor|37\/100 tox\n|move|p1a: Gliscor|U-turn|p2a: Flygon\n|-damage|p2a: Flygon|73\/100\n|\n|t:|1700320538\n|switch|p1a: Kommo-o|Kommo-o, M|100\/100|[from] U-turn\n|\n|upkeep\n|turn|16\n|\n|t:|1700320542\n|switch|p1a: Primarina|Primarina, F|100\/100\n|move|p2a: Flygon|Dragon Claw|p1a: Primarina\n|-immune|p1a: Primarina\n|\n|upkeep\n|turn|17\n|\n|t:|1700320555\n|move|p2a: Flygon|Earthquake|p1a: Primarina\n|-crit|p1a: Primarina\n|-damage|p1a: Primarina|0 fnt\n|faint|p1a: Primarina\n|\n|upkeep\n|\n|t:|1700320563\n|switch|p1a: Kommo-o|Kommo-o, M|100\/100\n|turn|18\n|\n|t:|1700320566\n|move|p2a: Flygon|Dragon Claw|p1a: Kommo-o\n|-supereffective|p1a: Kommo-o\n|-damage|p1a: Kommo-o|0 fnt\n|faint|p1a: Kommo-o\n|\n|upkeep\n|\n|t:|1700320573\n|switch|p1a: Arcanine|Arcanine-Hisui, F|44\/100\n|turn|19\n|\n|t:|1700320579\n|switch|p1a: Gliscor|Gliscor, M|37\/100 tox\n|move|p2a: Flygon|Earthquake|p1a: Gliscor\n|-immune|p1a: Gliscor\n|\n|-heal|p1a: Gliscor|49\/100 tox|[from] ability: Poison Heal\n|upkeep\n|turn|20\n|\n|t:|1700320587\n|move|p2a: Flygon|Dragon Claw|p1a: Gliscor\n|-damage|p1a: Gliscor|2\/100 tox\n|move|p1a: Gliscor|Poison Jab|p2a: Flygon\n|-resisted|p2a: Flygon\n|-damage|p2a: Flygon|57\/100\n|\n|-heal|p1a: Gliscor|14\/100 tox|[from] ability: Poison Heal\n|upkeep\n|turn|21\n|\n|t:|1700320597\n|move|p2a: Flygon|Dragon Claw|p1a: Gliscor\n|-damage|p1a: Gliscor|0 fnt\n|faint|p1a: Gliscor\n|\n|upkeep\n|\n|t:|1700320602\n|switch|p1a: Shuckle|Shuckle, F|28\/100\n|turn|22\n|\n|t:|1700320605\n|move|p1a: Shuckle|Protect|p1a: Shuckle\n|-singleturn|p1a: Shuckle|Protect\n|move|p2a: Flygon|Earthquake|p1a: Shuckle\n|-activate|p1a: Shuckle|move: Protect\n|\n|-heal|p1a: Shuckle|34\/100|[from] item: Leftovers\n|upkeep\n|turn|23\n|\n|t:|1700320612\n|move|p2a: Flygon|Earthquake|p1a: Shuckle\n|-damage|p1a: Shuckle|0 fnt\n|faint|p1a: Shuckle\n|\n|upkeep\n|\n|t:|1700320617\n|switch|p1a: Arcanine|Arcanine-Hisui, F|44\/100\n|turn|24\n|c|\u2606runeatest|STUPID!\n|c|\u2606bruhhzapdos|you won cause of a crit\n|c|\u2606bruhhzapdos|chill out\n|\n|t:|1700320637\n|move|p2a: Flygon|Earthquake|p1a: Arcanine\n|-supereffective|p1a: Arcanine\n|-crit|p1a: Arcanine\n|-damage|p1a: Arcanine|0 fnt\n|faint|p1a: Arcanine\n|\n|win|runeatest\n|raw|bruhhzapdos's rating: 1212 &rarr; <strong>1186<\/strong><br \/>(-26 for losing)\n|raw|runeatest's rating: 1195 &rarr; <strong>1221<\/strong><br \/>(+26 for winning)\n|l|\u2606bruhhzapdos\n","uploadtime":1700320651,"views":6,"p1id":"bruhhzapdos","p2id":"runeatest","formatid":"gen9nationaldex","rating":1186,"private":0,"password":""}