{"id":"gen9nationaldex-1989155479","p1":"Sukia Play","p2":"onlyfactsss","format":"[Gen 9] National Dex","log":"|j|\u2606Sukia Play\n|j|\u2606onlyfactsss\n|t:|1699818118\n|gametype|singles\n|player|p1|Sukia Play|ghetsis|\n|player|p2|onlyfactsss|266|\n|teamsize|p1|6\n|teamsize|p2|6\n|gen|9\n|tier|[Gen 9] National Dex\n|rule|HP Percentage Mod: HP is shown in percentages\n|rule|Endless Battle Clause: Forcing endless battles is banned\n|rule|OHKO Clause: OHKO moves are banned\n|rule|Evasion Clause: Evasion abilities, items, and moves are banned\n|rule|Evasion Abilities Clause: Evasion abilities are banned\n|rule|Evasion Items Clause: Evasion items are banned\n|rule|Evasion Moves Clause: Evasion moves are banned\n|rule|Species Clause: Limit one of each Pok\u00e9mon\n|rule|Sleep Clause Mod: Limit one foe put to sleep\n|clearpoke\n|poke|p1|Dondozo, M|\n|poke|p1|Medicham, F|\n|poke|p1|Cinderace, M|\n|poke|p1|Zapdos|\n|poke|p1|Clodsire, M|\n|poke|p1|Corviknight, F|\n|poke|p2|Enamorus, F|\n|poke|p2|Landorus-Therian, M|\n|poke|p2|Rillaboom, M|\n|poke|p2|Cresselia, F|\n|poke|p2|Rotom-Heat|\n|poke|p2|Tornadus, M|\n|teampreview\n|inactive|Battle timer is ON: inactive players will automatically lose when time's up. (requested by Sukia Play)\n|\n|t:|1699818145\n|start\n|switch|p1a: Cinderace|Cinderace, M|100\/100\n|switch|p2a: The Swagger|Tornadus, M, shiny|100\/100\n|turn|1\n|\n|t:|1699818156\n|move|p2a: The Swagger|Tailwind|p2a: The Swagger\n|-sidestart|p2: onlyfactsss|move: Tailwind\n|move|p1a: Cinderace|U-turn|p2a: The Swagger\n|-start|p1a: Cinderace|typechange|Bug|[from] ability: Libero\n|-resisted|p2a: The Swagger\n|-damage|p2a: The Swagger|78\/100\n|\n|t:|1699818165\n|switch|p1a: Clodsire|Clodsire, M|100\/100|[from] U-turn\n|\n|upkeep\n|turn|2\n|\n|t:|1699818172\n|move|p2a: The Swagger|Hurricane|p1a: Clodsire\n|-damage|p1a: Clodsire|69\/100\n|-start|p1a: Clodsire|confusion\n|-activate|p1a: Clodsire|confusion\n|-damage|p1a: Clodsire|61\/100|[from] confusion\n|\n|-heal|p1a: Clodsire|67\/100|[from] item: Leftovers\n|upkeep\n|turn|3\n|\n|t:|1699818187\n|move|p2a: The Swagger|Hurricane|p1a: Clodsire\n|-damage|p1a: Clodsire|35\/100\n|-activate|p1a: Clodsire|confusion\n|-damage|p1a: Clodsire|26\/100|[from] confusion\n|\n|-heal|p1a: Clodsire|32\/100|[from] item: Leftovers\n|upkeep\n|turn|4\n|\n|t:|1699818194\n|move|p2a: The Swagger|Hurricane|p1a: Clodsire\n|-damage|p1a: Clodsire|0 fnt\n|faint|p1a: Clodsire\n|\n|-sideend|p2: onlyfactsss|move: Tailwind\n|upkeep\n|\n|t:|1699818198\n|switch|p1a: Zapdos|Zapdos|100\/100\n|turn|5\n|\n|t:|1699818203\n|move|p2a: The Swagger|Protect|p2a: The Swagger\n|-singleturn|p2a: The Swagger|Protect\n|move|p1a: Zapdos|Hurricane|p2a: The Swagger\n|-activate|p2a: The Swagger|move: Protect\n|\n|upkeep\n|turn|6\n|\n|t:|1699818214\n|move|p2a: The Swagger|Tailwind|p2a: The Swagger\n|-sidestart|p2: onlyfactsss|move: Tailwind\n|move|p1a: Zapdos|Hurricane|p2a: The Swagger\n|-damage|p2a: The Swagger|12\/100\n|\n|upkeep\n|turn|7\n|\n|t:|1699818220\n|move|p2a: The Swagger|Hurricane|p1a: Zapdos|[miss]\n|-miss|p2a: The Swagger|p1a: Zapdos\n|move|p1a: Zapdos|Volt Switch|p2a: The Swagger\n|-supereffective|p2a: The Swagger\n|-damage|p2a: The Swagger|0 fnt\n|faint|p2a: The Swagger\n|\n|t:|1699818229\n|switch|p1a: Medicham|Medicham, F|100\/100|[from] Volt Switch\n|\n|upkeep\n|inactive|onlyfactsss has 270 seconds left.\n|\n|t:|1699818264\n|switch|p2a: Mentirosa|Enamorus, F|100\/100\n|turn|8\n|inactive|onlyfactsss has 270 seconds left.\n|\n|t:|1699818273\n|detailschange|p1a: Medicham|Medicham-Mega, F\n|-mega|p1a: Medicham|Medicham|Medichamite\n|move|p1a: Medicham|Fake Out|p2a: Mentirosa\n|-damage|p2a: Mentirosa|64\/100\n|cant|p2a: Mentirosa|flinch\n|\n|upkeep\n|turn|9\n|inactive|onlyfactsss has 270 seconds left.\n|\n|t:|1699818296\n|move|p1a: Medicham|Bullet Punch|p2a: Mentirosa\n|-supereffective|p2a: Mentirosa\n|-damage|p2a: Mentirosa|0 fnt\n|faint|p2a: Mentirosa\n|\n|-sideend|p2: onlyfactsss|move: Tailwind\n|upkeep\n|inactive|onlyfactsss has 270 seconds left.\n|\n|t:|1699818311\n|switch|p2a: Guccito|Landorus-Therian, M|100\/100\n|-ability|p2a: Guccito|Intimidate|boost\n|-unboost|p1a: Medicham|atk|1\n|turn|10\n|\n|t:|1699818319\n|switch|p1a: Corviknight|Corviknight, F|100\/100\n|-ability|p1a: Corviknight|Pressure\n|-terastallize|p2a: Guccito|Flying\n|move|p2a: Guccito|Tera Blast|p1a: Corviknight|[anim] Tera Blast Flying\n|-resisted|p1a: Corviknight\n|-damage|p1a: Corviknight|78\/100\n|\n|upkeep\n|turn|11\n|inactive|onlyfactsss has 270 seconds left.\n|\n|t:|1699818325\n|move|p2a: Guccito|U-turn|p1a: Corviknight\n|-resisted|p1a: Corviknight\n|-damage|p1a: Corviknight|76\/100\n|-damage|p2a: Guccito|84\/100|[from] item: Rocky Helmet|[of] p1a: Corviknight\n|inactive|onlyfactsss has 270 seconds left.\n|\n|t:|1699818333\n|switch|p2a: Saquemao|Rotom-Heat, shiny|100\/100|[from] U-turn\n|move|p1a: Corviknight|U-turn|p2a: Saquemao\n|-resisted|p2a: Saquemao\n|-damage|p2a: Saquemao|91\/100\n|\n|t:|1699818342\n|switch|p1a: Medicham|Medicham-Mega, F|100\/100|[from] U-turn\n|\n|upkeep\n|turn|12\n|\n|t:|1699818348\n|move|p1a: Medicham|Fake Out|p2a: Saquemao\n|-damage|p2a: Saquemao|55\/100\n|cant|p2a: Saquemao|flinch\n|\n|upkeep\n|turn|13\n|\n|t:|1699818362\n|move|p1a: Medicham|Zen Headbutt|p2a: Saquemao|[miss]\n|-miss|p1a: Medicham|p2a: Saquemao\n|move|p2a: Saquemao|Will-O-Wisp|p1a: Medicham\n|-status|p1a: Medicham|brn\n|\n|-damage|p1a: Medicham|94\/100 brn|[from] brn\n|upkeep\n|turn|14\n|\n|t:|1699818390\n|switch|p2a: CMD|Cresselia, F, shiny|100\/100\n|move|p1a: Medicham|Close Combat|p2a: CMD\n|-resisted|p2a: CMD\n|-damage|p2a: CMD|83\/100\n|-unboost|p1a: Medicham|def|1\n|-unboost|p1a: Medicham|spd|1\n|\n|-heal|p2a: CMD|89\/100|[from] item: Leftovers\n|-damage|p1a: Medicham|88\/100 brn|[from] brn\n|upkeep\n|turn|15\n|\n|t:|1699818406\n|switch|p1a: Corviknight|Corviknight, F|76\/100\n|-ability|p1a: Corviknight|Pressure\n|move|p2a: CMD|Psychic|p1a: Corviknight\n|-resisted|p1a: Corviknight\n|-damage|p1a: Corviknight|61\/100\n|-unboost|p1a: Corviknight|spd|1\n|\n|-heal|p2a: CMD|95\/100|[from] item: Leftovers\n|upkeep\n|turn|16\n|\n|t:|1699818420\n|switch|p2a: Saquemao|Rotom-Heat, shiny|55\/100\n|move|p1a: Corviknight|Roost|p1a: Corviknight\n|-heal|p1a: Corviknight|100\/100\n|-singleturn|p1a: Corviknight|move: Roost\n|\n|upkeep\n|turn|17\n|\n|t:|1699818431\n|switch|p1a: Zapdos|Zapdos|100\/100\n|move|p2a: Saquemao|Thunder|p1a: Zapdos\n|-damage|p1a: Zapdos|44\/100\n|\n|upkeep\n|turn|18\n|\n|t:|1699818445\n|switch|p2a: CMD|Cresselia, F, shiny|95\/100\n|move|p1a: Zapdos|Roost|p1a: Zapdos\n|-heal|p1a: Zapdos|94\/100\n|-singleturn|p1a: Zapdos|move: Roost\n|\n|-heal|p2a: CMD|100\/100|[from] item: Leftovers\n|upkeep\n|turn|19\n|\n|t:|1699818455\n|move|p1a: Zapdos|Volt Switch|p2a: CMD\n|-damage|p2a: CMD|79\/100\n|\n|t:|1699818462\n|switch|p1a: Corviknight|Corviknight, F|100\/100|[from] Volt Switch\n|-ability|p1a: Corviknight|Pressure\n|move|p2a: CMD|Calm Mind|p2a: CMD\n|-boost|p2a: CMD|spa|1\n|-boost|p2a: CMD|spd|1\n|\n|-heal|p2a: CMD|85\/100|[from] item: Leftovers\n|upkeep\n|turn|20\n|\n|t:|1699818472\n|move|p2a: CMD|Psychic|p1a: Corviknight\n|-resisted|p1a: Corviknight\n|-damage|p1a: Corviknight|77\/100\n|move|p1a: Corviknight|U-turn|p2a: CMD\n|-supereffective|p2a: CMD\n|-damage|p2a: CMD|66\/100\n|\n|t:|1699818477\n|switch|p1a: Cinderace|Cinderace, M|100\/100|[from] U-turn\n|\n|-heal|p2a: CMD|72\/100|[from] item: Leftovers\n|upkeep\n|turn|21\n|\n|t:|1699818484\n|move|p1a: Cinderace|Sucker Punch|p2a: CMD\n|-start|p1a: Cinderace|typechange|Dark|[from] ability: Libero\n|-supereffective|p2a: CMD\n|-damage|p2a: CMD|28\/100\n|move|p2a: CMD|Moonblast|p1a: Cinderace\n|-supereffective|p1a: Cinderace\n|-damage|p1a: Cinderace|0 fnt\n|faint|p1a: Cinderace\n|\n|-heal|p2a: CMD|34\/100|[from] item: Leftovers\n|upkeep\n|\n|t:|1699818509\n|switch|p1a: Zapdos|Zapdos|94\/100\n|turn|22\n|inactive|Sukia Play has 270 seconds left.\n|inactive|Sukia Play has 240 seconds left.\n|\n|t:|1699818565\n|-zpower|p1a: Zapdos\n|move|p1a: Zapdos|Supersonic Skystrike|p2a: CMD|[zeffect]\n|-damage|p2a: CMD|0 fnt\n|faint|p2a: CMD\n|\n|upkeep\n|\n|t:|1699818580\n|switch|p2a: Guccito|Landorus-Therian, M, tera:Flying|84\/100\n|-ability|p2a: Guccito|Intimidate|boost\n|-unboost|p1a: Zapdos|atk|1\n|turn|23\n|\n|t:|1699818594\n|move|p1a: Zapdos|Thunderbolt|p2a: Guccito\n|-supereffective|p2a: Guccito\n|-damage|p2a: Guccito|16\/100\n|move|p2a: Guccito|Sludge Bomb|p1a: Zapdos\n|-damage|p1a: Zapdos|66\/100\n|\n|upkeep\n|turn|24\n|\n|t:|1699818603\n|switch|p2a: Saquemao|Rotom-Heat, shiny|55\/100\n|move|p1a: Zapdos|Thunderbolt|p2a: Saquemao\n|-resisted|p2a: Saquemao\n|-damage|p2a: Saquemao|26\/100\n|\n|upkeep\n|turn|25\n|inactive|Sukia Play has 240 seconds left.\n|\n|t:|1699818640\n|move|p1a: Zapdos|Thunderbolt|p2a: Saquemao\n|-resisted|p2a: Saquemao\n|-damage|p2a: Saquemao|0 fnt\n|faint|p2a: Saquemao\n|\n|upkeep\n|\n|t:|1699818649\n|switch|p2a: Guccito|Landorus-Therian, M, tera:Flying|16\/100\n|-ability|p2a: Guccito|Intimidate|boost\n|-unboost|p1a: Zapdos|atk|1\n|turn|26\n|\n|t:|1699818652\n|move|p1a: Zapdos|Thunderbolt|p2a: Guccito\n|-supereffective|p2a: Guccito\n|-damage|p2a: Guccito|0 fnt\n|faint|p2a: Guccito\n|\n|upkeep\n|\n|t:|1699818655\n|switch|p2a: El to\u00f1as|Rillaboom, M|100\/100\n|-fieldstart|move: Grassy Terrain|[from] ability: Grassy Surge|[of] p2a: El to\u00f1as\n|turn|27\n|\n|t:|1699818658\n|move|p2a: El to\u00f1as|Grassy Glide|p1a: Zapdos\n|-resisted|p1a: Zapdos\n|-damage|p1a: Zapdos|41\/100\n|move|p1a: Zapdos|Hurricane|p2a: El to\u00f1as\n|-supereffective|p2a: El to\u00f1as\n|-crit|p2a: El to\u00f1as\n|-damage|p2a: El to\u00f1as|0 fnt\n|faint|p2a: El to\u00f1as\n|\n|win|Sukia Play\n|c|\u2606onlyfactsss|gg\n","uploadtime":1699818663,"views":15,"p1id":"sukiaplay","p2id":"onlyfactsss","formatid":"gen9nationaldex","rating":0,"private":0,"password":""}