{"id":"gen9nationaldex-1996811974","p1":"FromRussiaWithLove","p2":"Unrealxlion","format":"[Gen 9] National Dex","log":"|html|<div class=\"broadcast-blue\"><strong>[Gen 9] National Dex is currently suspecting Sneasler! For information on how to participate check out the <a href=\"https:\/\/www.smogon.com\/forums\/threads\/sv-national-dex-suspect-8-just-dance.3731534\/\">suspect thread<\/a>.<\/strong><\/div>\n|j|\u2606FromRussiaWithLove\n|j|\u2606Unrealxlion\n|t:|1700729295\n|gametype|singles\n|player|p1|FromRussiaWithLove|swimmerf|1032\n|player|p2|Unrealxlion|gambler|1100\n|teamsize|p1|6\n|teamsize|p2|6\n|gen|9\n|tier|[Gen 9] National Dex\n|rated|\n|rule|HP Percentage Mod: HP is shown in percentages\n|rule|Endless Battle Clause: Forcing endless battles is banned\n|rule|OHKO Clause: OHKO moves are banned\n|rule|Evasion Clause: Evasion abilities, items, and moves are banned\n|rule|Evasion Abilities Clause: Evasion abilities are banned\n|rule|Evasion Items Clause: Evasion items are banned\n|rule|Evasion Moves Clause: Evasion moves are banned\n|rule|Species Clause: Limit one of each Pok\u00e9mon\n|rule|Sleep Clause Mod: Limit one foe put to sleep\n|clearpoke\n|poke|p1|Absol, M|\n|poke|p1|Hitmonlee, M|\n|poke|p1|Arboliva, M|\n|poke|p1|Aromatisse, M|\n|poke|p1|Comfey, M|\n|poke|p1|Cacturne, M|\n|poke|p2|Ninetales-Alola, F|\n|poke|p2|Haxorus, M|\n|poke|p2|Conkeldurr, F|\n|poke|p2|Thundurus, M|\n|poke|p2|Terrakion|\n|poke|p2|Magnezone|\n|teampreview\n|inactive|Battle timer is ON: inactive players will automatically lose when time's up. (requested by FromRussiaWithLove)\n|\n|t:|1700729310\n|start\n|switch|p1a: MR.BADASS|Absol, M|100\/100\n|switch|p2a: Magnezone|Magnezone, shiny|100\/100\n|turn|1\n|\n|t:|1700729319\n|switch|p1a: ARVORIA|Arboliva, M|100\/100\n|switch|p2a: Conkeldurr|Conkeldurr, F|100\/100\n|\n|-status|p2a: Conkeldurr|brn|[from] item: Flame Orb\n|upkeep\n|turn|2\n|\n|t:|1700729333\n|switch|p1a: MISTLETOE|Comfey, M, shiny|100\/100\n|move|p2a: Conkeldurr|Knock Off|p1a: MISTLETOE\n|-resisted|p1a: MISTLETOE\n|-damage|p1a: MISTLETOE|74\/100\n|-enditem|p1a: MISTLETOE|Leftovers|[from] move: Knock Off|[of] p2a: Conkeldurr\n|\n|-damage|p2a: Conkeldurr|94\/100 brn|[from] brn\n|upkeep\n|turn|3\n|\n|t:|1700729349\n|switch|p2a: Magnezone|Magnezone, shiny|100\/100\n|move|p1a: MISTLETOE|Calm Mind|p1a: MISTLETOE\n|-boost|p1a: MISTLETOE|spa|1\n|-boost|p1a: MISTLETOE|spd|1\n|\n|upkeep\n|turn|4\n|\n|t:|1700729354\n|move|p1a: MISTLETOE|Calm Mind|p1a: MISTLETOE\n|-boost|p1a: MISTLETOE|spa|1\n|-boost|p1a: MISTLETOE|spd|1\n|move|p2a: Magnezone|Flash Cannon|p1a: MISTLETOE\n|-supereffective|p1a: MISTLETOE\n|-damage|p1a: MISTLETOE|30\/100\n|\n|upkeep\n|turn|5\n|\n|t:|1700729362\n|move|p1a: MISTLETOE|Calm Mind|p1a: MISTLETOE\n|-boost|p1a: MISTLETOE|spa|1\n|-boost|p1a: MISTLETOE|spd|1\n|move|p2a: Magnezone|Flash Cannon|p1a: MISTLETOE\n|-supereffective|p1a: MISTLETOE\n|-damage|p1a: MISTLETOE|0 fnt\n|faint|p1a: MISTLETOE\n|\n|upkeep\n|\n|t:|1700729371\n|switch|p1a: BRUCE LEE|Hitmonlee, M|100\/100\n|turn|6\n|\n|t:|1700729380\n|switch|p1a: MR.BADASS|Absol, M|100\/100\n|switch|p2a: Thundurus|Thundurus, M|100\/100\n|\n|upkeep\n|turn|7\n|c|\u2606Unrealxlion|!dt absol\n|raw|<div class=\"message\"><ul class=\"utilichart\"><li class=\"result\"><span class=\"col numcol\">RU<\/span> <span class=\"col iconcol\"><psicon pokemon=\"absol\"\/><\/span> <span class=\"col pokemonnamecol\" style=\"white-space:nowrap\"><a href=\"https:\/\/dex.pokemonshowdown.com\/pokemon\/absol\" target=\"_blank\">Absol<\/a><\/span> <span class=\"col typecol\"><img src=\"https:\/\/play.pokemonshowdown.com\/sprites\/types\/Dark.png\" alt=\"Dark\" height=\"14\" width=\"32\"><\/span> <span style=\"float:left;min-height:26px\"><span class=\"col twoabilitycol\">Pressure<br \/>Super Luck<\/span><span class=\"col abilitycol\"><em>Justified<\/em><\/span><\/span><span style=\"float:left;min-height:26px\"><span class=\"col statcol\"><em>HP<\/em><br \/>65<\/span> <span class=\"col statcol\"><em>Atk<\/em><br \/>130<\/span> <span class=\"col statcol\"><em>Def<\/em><br \/>60<\/span> <span class=\"col statcol\"><em>SpA<\/em><br \/>75<\/span> <span class=\"col statcol\"><em>SpD<\/em><br \/>60<\/span> <span class=\"col statcol\"><em>Spe<\/em><br \/>75<\/span> <span class=\"col bstcol\"><em>BST<br \/>465<\/em><\/span> <\/span><\/li><li style=\"clear:both\"><\/li><\/ul><\/div>\n|raw|<font size=\"1\"><font color=\"#686868\">Dex#:<\/font> 359&nbsp;|&ThickSpace;<font color=\"#686868\">Gen:<\/font> 3&nbsp;|&ThickSpace;<font color=\"#686868\">Height:<\/font> 1.2 m&nbsp;|&ThickSpace;<font color=\"#686868\">Weight:<\/font> 47 kg <em>(60 BP)<\/em>&nbsp;|&ThickSpace;<font color=\"#686868\">Dex Colour:<\/font> White&nbsp;|&ThickSpace;<font color=\"#686868\">Egg Group(s):<\/font> Field&nbsp;|&ThickSpace;<font color=\"#686868\">Does Not Evolve<\/font><\/font>\n\n|inactive|Unrealxlion has 120 seconds left.\n|\n|t:|1700729421\n|detailschange|p1a: MR.BADASS|Absol-Mega, M\n|-mega|p1a: MR.BADASS|Absol|Absolite\n|move|p2a: Thundurus|Nasty Plot|p2a: Thundurus\n|-boost|p2a: Thundurus|spa|2\n|move|p1a: MR.BADASS|Hone Claws|p1a: MR.BADASS\n|-boost|p1a: MR.BADASS|atk|1\n|-boost|p1a: MR.BADASS|accuracy|1\n|\n|upkeep\n|turn|8\n|\n|t:|1700729427\n|move|p1a: MR.BADASS|Stone Edge|p2a: Thundurus\n|-supereffective|p2a: Thundurus\n|-damage|p2a: Thundurus|0 fnt\n|faint|p2a: Thundurus\n|\n|upkeep\n|inactive|Unrealxlion has 120 seconds left.\n|\n|t:|1700729435\n|switch|p2a: Conkeldurr|Conkeldurr, F|94\/100 brn\n|turn|9\n|\n|t:|1700729444\n|move|p2a: Conkeldurr|Mach Punch|p1a: MR.BADASS\n|-supereffective|p1a: MR.BADASS\n|-damage|p1a: MR.BADASS|0 fnt\n|faint|p1a: MR.BADASS\n|\n|-damage|p2a: Conkeldurr|88\/100 brn|[from] brn\n|upkeep\n|\n|t:|1700729452\n|switch|p1a: SCARECROW|Cacturne, M|100\/100\n|turn|10\n|\n|t:|1700729457\n|move|p1a: SCARECROW|Spiky Shield|p1a: SCARECROW\n|-singleturn|p1a: SCARECROW|move: Protect\n|move|p2a: Conkeldurr|Mach Punch|p1a: SCARECROW\n|-activate|p1a: SCARECROW|move: Protect\n|-damage|p2a: Conkeldurr|76\/100 brn|[from] Spiky Shield|[of] p1a: SCARECROW\n|\n|-damage|p2a: Conkeldurr|70\/100 brn|[from] brn\n|upkeep\n|turn|11\n|\n|t:|1700729463\n|move|p2a: Conkeldurr|Mach Punch|p1a: SCARECROW\n|-supereffective|p1a: SCARECROW\n|-enditem|p1a: SCARECROW|Focus Sash\n|-damage|p1a: SCARECROW|1\/100\n|move|p1a: SCARECROW|Counter|p2a: Conkeldurr\n|-damage|p2a: Conkeldurr|0 fnt\n|faint|p2a: Conkeldurr\n|\n|upkeep\n|\n|t:|1700729478\n|switch|p2a: Ninetales|Ninetales-Alola, F|100\/100\n|-weather|Snow|[from] ability: Snow Warning|[of] p2a: Ninetales\n|turn|12\n|\n|t:|1700729483\n|move|p2a: Ninetales|Aurora Veil|p2a: Ninetales\n|-sidestart|p2: Unrealxlion|move: Aurora Veil\n|move|p1a: SCARECROW|Spikes|p2a: Ninetales\n|-sidestart|p2: Unrealxlion|Spikes\n|\n|-weather|Snow|[upkeep]\n|upkeep\n|turn|13\n|\n|t:|1700729493\n|move|p1a: SCARECROW|Sucker Punch|p2a: Ninetales\n|-resisted|p2a: Ninetales\n|-damage|p2a: Ninetales|95\/100\n|move|p2a: Ninetales|Freeze-Dry|p1a: SCARECROW\n|-supereffective|p1a: SCARECROW\n|-damage|p1a: SCARECROW|0 fnt\n|faint|p1a: SCARECROW\n|\n|-weather|Snow|[upkeep]\n|upkeep\n|\n|t:|1700729500\n|switch|p1a: NIGEL|Aromatisse, M, shiny|100\/100\n|turn|14\n|\n|t:|1700729505\n|move|p2a: Ninetales|Hypnosis|p1a: NIGEL\n|-status|p1a: NIGEL|slp|[from] move: Hypnosis\n|cant|p1a: NIGEL|slp\n|\n|-weather|Snow|[upkeep]\n|upkeep\n|turn|15\n|\n|t:|1700729511\n|switch|p2a: Magnezone|Magnezone, shiny|100\/100\n|-damage|p2a: Magnezone|88\/100|[from] Spikes\n|cant|p1a: NIGEL|slp\n|\n|-weather|Snow|[upkeep]\n|upkeep\n|turn|16\n|\n|t:|1700729518\n|switch|p1a: ARVORIA|Arboliva, M|100\/100\n|-zpower|p2a: Magnezone\n|move|p2a: Magnezone|Gigavolt Havoc|p1a: ARVORIA|[zeffect]\n|-resisted|p1a: ARVORIA\n|-damage|p1a: ARVORIA|58\/100\n|\n|-weather|none\n|upkeep\n|turn|17\n|\n|t:|1700729526\n|move|p2a: Magnezone|Hidden Power|p1a: ARVORIA\n|-supereffective|p1a: ARVORIA\n|-damage|p1a: ARVORIA|23\/100\n|-enditem|p1a: ARVORIA|Sitrus Berry|[eat]\n|-heal|p1a: ARVORIA|48\/100|[from] item: Sitrus Berry\n|move|p1a: ARVORIA|Leech Seed|p2a: Magnezone\n|-start|p2a: Magnezone|move: Leech Seed\n|\n|-damage|p2a: Magnezone|76\/100|[from] Leech Seed|[of] p1a: ARVORIA\n|-heal|p1a: ARVORIA|58\/100|[silent]\n|upkeep\n|turn|18\n|\n|t:|1700729538\n|switch|p2a: Ninetales|Ninetales-Alola, F|95\/100\n|-damage|p2a: Ninetales|83\/100|[from] Spikes\n|-weather|Snow|[from] ability: Snow Warning|[of] p2a: Ninetales\n|move|p1a: ARVORIA|Strength Sap|p2a: Ninetales\n|-unboost|p2a: Ninetales|atk|1\n|-heal|p1a: ARVORIA|93\/100\n|\n|-weather|Snow|[upkeep]\n|upkeep\n|turn|19\n|\n|t:|1700729551\n|move|p2a: Ninetales|Freeze-Dry|p1a: ARVORIA\n|-supereffective|p1a: ARVORIA\n|-damage|p1a: ARVORIA|59\/100\n|move|p1a: ARVORIA|Leech Seed|p2a: Ninetales\n|-start|p2a: Ninetales|move: Leech Seed\n|\n|-weather|Snow|[upkeep]\n|-damage|p2a: Ninetales|70\/100|[from] Leech Seed|[of] p1a: ARVORIA\n|-heal|p1a: ARVORIA|71\/100|[silent]\n|-sideend|p2: Unrealxlion|move: Aurora Veil\n|-item|p1a: ARVORIA|Sitrus Berry|[from] ability: Harvest\n|upkeep\n|turn|20\n|\n|t:|1700729571\n|move|p2a: Ninetales|Aurora Veil|p2a: Ninetales\n|-sidestart|p2: Unrealxlion|move: Aurora Veil\n|move|p1a: ARVORIA|Giga Drain|p2a: Ninetales\n|-damage|p2a: Ninetales|56\/100\n|-heal|p1a: ARVORIA|78\/100|[from] drain|[of] p2a: Ninetales\n|\n|-weather|Snow|[upkeep]\n|-damage|p2a: Ninetales|44\/100|[from] Leech Seed|[of] p1a: ARVORIA\n|-heal|p1a: ARVORIA|90\/100|[silent]\n|upkeep\n|turn|21\n|\n|t:|1700729582\n|move|p2a: Ninetales|Freeze-Dry|p1a: ARVORIA\n|-supereffective|p1a: ARVORIA\n|-damage|p1a: ARVORIA|55\/100\n|-status|p1a: ARVORIA|frz\n|cant|p1a: ARVORIA|frz\n|\n|-weather|Snow|[upkeep]\n|-damage|p2a: Ninetales|31\/100|[from] Leech Seed|[of] p1a: ARVORIA\n|-heal|p1a: ARVORIA|67\/100 frz|[silent]\n|upkeep\n|turn|22\n|\n|t:|1700729593\n|switch|p2a: Terrakion|Terrakion|100\/100\n|-damage|p2a: Terrakion|88\/100|[from] Spikes\n|cant|p1a: ARVORIA|frz\n|\n|-weather|none\n|upkeep\n|turn|23\n|\n|t:|1700729599\n|move|p2a: Terrakion|Swords Dance|p2a: Terrakion\n|-boost|p2a: Terrakion|atk|2\n|cant|p1a: ARVORIA|frz\n|\n|upkeep\n|turn|24\n|\n|t:|1700729601\n|move|p2a: Terrakion|Close Combat|p1a: ARVORIA\n|-supereffective|p1a: ARVORIA\n|-crit|p1a: ARVORIA\n|-damage|p1a: ARVORIA|0 fnt\n|-unboost|p2a: Terrakion|def|1\n|-unboost|p2a: Terrakion|spd|1\n|faint|p1a: ARVORIA\n|\n|upkeep\n|\n|t:|1700729608\n|switch|p1a: BRUCE LEE|Hitmonlee, M|100\/100\n|turn|25\n|\n|t:|1700729614\n|move|p1a: BRUCE LEE|Endure|p1a: BRUCE LEE\n|-singleturn|p1a: BRUCE LEE|move: Endure\n|move|p2a: Terrakion|Close Combat|p1a: BRUCE LEE\n|-activate|p1a: BRUCE LEE|move: Endure\n|-damage|p1a: BRUCE LEE|1\/100\n|-unboost|p2a: Terrakion|def|1\n|-unboost|p2a: Terrakion|spd|1\n|-enditem|p1a: BRUCE LEE|Liechi Berry|[eat]\n|-boost|p1a: BRUCE LEE|atk|1|[from] item: Liechi Berry\n|\n|upkeep\n|turn|26\n|\n|t:|1700729627\n|move|p1a: BRUCE LEE|Reversal|p2a: Terrakion\n|-supereffective|p2a: Terrakion\n|-damage|p2a: Terrakion|0 fnt\n|faint|p2a: Terrakion\n|\n|upkeep\n|\n|t:|1700729632\n|switch|p2a: Haxorus|Haxorus, M|100\/100\n|-damage|p2a: Haxorus|88\/100|[from] Spikes\n|-ability|p2a: Haxorus|Mold Breaker\n|turn|27\n|\n|t:|1700729640\n|move|p1a: BRUCE LEE|Reversal|p2a: Haxorus\n|-damage|p2a: Haxorus|0 fnt\n|faint|p2a: Haxorus\n|\n|-sideend|p2: Unrealxlion|move: Aurora Veil\n|upkeep\n|\n|t:|1700729652\n|switch|p2a: Ninetales|Ninetales-Alola, F|31\/100\n|-damage|p2a: Ninetales|19\/100|[from] Spikes\n|-weather|Snow|[from] ability: Snow Warning|[of] p2a: Ninetales\n|turn|28\n|\n|t:|1700729660\n|move|p1a: BRUCE LEE|Bullet Punch|p2a: Ninetales\n|-supereffective|p2a: Ninetales\n|-damage|p2a: Ninetales|0 fnt\n|faint|p2a: Ninetales\n|\n|-weather|Snow|[upkeep]\n|upkeep\n|\n|t:|1700729662\n|switch|p2a: Magnezone|Magnezone, shiny|76\/100\n|-damage|p2a: Magnezone|63\/100|[from] Spikes\n|turn|29\n|\n|t:|1700729664\n|move|p1a: BRUCE LEE|Reversal|p2a: Magnezone\n|-supereffective|p2a: Magnezone\n|-damage|p2a: Magnezone|0 fnt\n|faint|p2a: Magnezone\n|\n|win|FromRussiaWithLove\n|raw|FromRussiaWithLove's rating: 1032 &rarr; <strong>1074<\/strong><br \/>(+42 for winning)\n|raw|Unrealxlion's rating: 1100 &rarr; <strong>1070<\/strong><br \/>(-30 for losing)\n|l|\u2606Unrealxlion\n","uploadtime":1700729669,"views":8,"p1id":"fromrussiawithlove","p2id":"unrealxlion","formatid":"gen9nationaldex","rating":1070,"private":0,"password":""}