{"id":"gen9nationaldex-1989147497","p1":"AxolotlNumber2","p2":"drop cocaine","format":"[Gen 9] National Dex","log":"|j|\u2606AxolotlNumber2\n|j|\u2606drop cocaine\n|t:|1699817278\n|gametype|singles\n|player|p1|AxolotlNumber2|firebreather|1000\n|player|p2|drop cocaine|lady|1000\n|teamsize|p1|1\n|teamsize|p2|6\n|gen|9\n|tier|[Gen 9] National Dex\n|rated|\n|rule|HP Percentage Mod: HP is shown in percentages\n|rule|Endless Battle Clause: Forcing endless battles is banned\n|rule|OHKO Clause: OHKO moves are banned\n|rule|Evasion Clause: Evasion abilities, items, and moves are banned\n|rule|Evasion Abilities Clause: Evasion abilities are banned\n|rule|Evasion Items Clause: Evasion items are banned\n|rule|Evasion Moves Clause: Evasion moves are banned\n|rule|Species Clause: Limit one of each Pok\u00e9mon\n|rule|Sleep Clause Mod: Limit one foe put to sleep\n|clearpoke\n|poke|p1|Slowbro, M|\n|poke|p2|Ferrothorn, M|\n|poke|p2|Tapu Koko|\n|poke|p2|Volcarona, M|\n|poke|p2|Garchomp, M|\n|poke|p2|Toxapex, F|\n|poke|p2|Landorus-Therian, M|\n|teampreview\n|inactive|Battle timer is ON: inactive players will automatically lose when time's up. (requested by drop cocaine)\n|\n|t:|1699817285\n|start\n|switch|p1a: Duhhhhhhhhhh|Slowbro, M|100\/100\n|switch|p2a: Garchomp|Garchomp, M|100\/100\n|turn|1\n|c|\u2606drop cocaine|fun bro?\n|\n|t:|1699817293\n|detailschange|p2a: Garchomp|Garchomp-Mega, M\n|-mega|p2a: Garchomp|Garchomp|Garchompite\n|move|p2a: Garchomp|Earthquake|p1a: Duhhhhhhhhhh\n|-damage|p1a: Duhhhhhhhhhh|64\/100\n|move|p1a: Duhhhhhhhhhh|Block|p2a: Garchomp\n|-activate|p2a: Garchomp|trapped\n|\n|upkeep\n|turn|2\n|c|\u2606AxolotlNumber2|there is somthing i want to test out\n|c|\u2606drop cocaine|ohhh\n|\n|t:|1699817306\n|move|p2a: Garchomp|Dragon Claw|p1a: Duhhhhhhhhhh\n|-damage|p1a: Duhhhhhhhhhh|35\/100\n|move|p1a: Duhhhhhhhhhh|Slack Off|p1a: Duhhhhhhhhhh\n|-heal|p1a: Duhhhhhhhhhh|85\/100\n|\n|upkeep\n|turn|3\n|\n|t:|1699817315\n|move|p2a: Garchomp|Earthquake|p1a: Duhhhhhhhhhh\n|-damage|p1a: Duhhhhhhhhhh|48\/100\n|move|p1a: Duhhhhhhhhhh|Slack Off|p1a: Duhhhhhhhhhh\n|-heal|p1a: Duhhhhhhhhhh|98\/100\n|\n|upkeep\n|turn|4\n|\n|t:|1699817322\n|move|p2a: Garchomp|Earthquake|p1a: Duhhhhhhhhhh\n|-damage|p1a: Duhhhhhhhhhh|58\/100\n|move|p1a: Duhhhhhhhhhh|Slack Off|p1a: Duhhhhhhhhhh\n|-heal|p1a: Duhhhhhhhhhh|100\/100\n|\n|upkeep\n|turn|5\n|\n|t:|1699817330\n|move|p2a: Garchomp|Earthquake|p1a: Duhhhhhhhhhh\n|-damage|p1a: Duhhhhhhhhhh|60\/100\n|move|p1a: Duhhhhhhhhhh|Slack Off|p1a: Duhhhhhhhhhh\n|-heal|p1a: Duhhhhhhhhhh|100\/100\n|\n|upkeep\n|turn|6\n|\n|t:|1699817338\n|move|p2a: Garchomp|Earthquake|p1a: Duhhhhhhhhhh\n|-damage|p1a: Duhhhhhhhhhh|62\/100\n|move|p1a: Duhhhhhhhhhh|Slack Off|p1a: Duhhhhhhhhhh\n|-heal|p1a: Duhhhhhhhhhh|100\/100\n|\n|upkeep\n|turn|7\n|\n|t:|1699817344\n|move|p2a: Garchomp|Earthquake|p1a: Duhhhhhhhhhh\n|-damage|p1a: Duhhhhhhhhhh|63\/100\n|move|p1a: Duhhhhhhhhhh|Slack Off|p1a: Duhhhhhhhhhh\n|-heal|p1a: Duhhhhhhhhhh|100\/100\n|\n|upkeep\n|turn|8\n|\n|t:|1699817350\n|move|p2a: Garchomp|Earthquake|p1a: Duhhhhhhhhhh\n|-damage|p1a: Duhhhhhhhhhh|61\/100\n|move|p1a: Duhhhhhhhhhh|Slack Off|p1a: Duhhhhhhhhhh\n|-heal|p1a: Duhhhhhhhhhh|100\/100\n|\n|upkeep\n|turn|9\n|\n|t:|1699817356\n|move|p2a: Garchomp|Earthquake|p1a: Duhhhhhhhhhh\n|-damage|p1a: Duhhhhhhhhhh|62\/100\n|move|p1a: Duhhhhhhhhhh|Slack Off|p1a: Duhhhhhhhhhh\n|-heal|p1a: Duhhhhhhhhhh|100\/100\n|-enditem|p1a: Duhhhhhhhhhh|Leppa Berry|[eat]\n|-activate|p1a: Duhhhhhhhhhh|item: Leppa Berry|Slack Off|[consumed]\n|\n|upkeep\n|turn|10\n|\n|t:|1699817364\n|move|p2a: Garchomp|Earthquake|p1a: Duhhhhhhhhhh\n|-damage|p1a: Duhhhhhhhhhh|64\/100\n|move|p1a: Duhhhhhhhhhh|Slack Off|p1a: Duhhhhhhhhhh\n|-heal|p1a: Duhhhhhhhhhh|100\/100\n|\n|upkeep\n|turn|11\n|c|\u2606drop cocaine|infinite cycle of pain\n|c|\u2606AxolotlNumber2|yes\n|c|\u2606drop cocaine|u have recycle too right\n|\n|t:|1699817385\n|move|p2a: Garchomp|Earthquake|p1a: Duhhhhhhhhhh\n|-damage|p1a: Duhhhhhhhhhh|61\/100\n|move|p1a: Duhhhhhhhhhh|Slack Off|p1a: Duhhhhhhhhhh\n|-heal|p1a: Duhhhhhhhhhh|100\/100\n|\n|upkeep\n|turn|12\n|c|\u2606AxolotlNumber2|and heal pulse\n|\n|t:|1699817392\n|move|p2a: Garchomp|Earthquake|p1a: Duhhhhhhhhhh\n|-damage|p1a: Duhhhhhhhhhh|64\/100\n|move|p1a: Duhhhhhhhhhh|Slack Off|p1a: Duhhhhhhhhhh\n|-heal|p1a: Duhhhhhhhhhh|100\/100\n|\n|upkeep\n|turn|13\n|c|\u2606drop cocaine|yep\n|c|\u2606drop cocaine|fun bro[\n|\n|t:|1699817399\n|move|p2a: Garchomp|Earthquake|p1a: Duhhhhhhhhhh\n|-damage|p1a: Duhhhhhhhhhh|65\/100\n|move|p1a: Duhhhhhhhhhh|Slack Off|p1a: Duhhhhhhhhhh\n|-heal|p1a: Duhhhhhhhhhh|100\/100\n|\n|upkeep\n|turn|14\n|c|\u2606AxolotlNumber2|i wonder hat is the world record of the most turns in a showdown battle\n|\n|t:|1699817420\n|move|p2a: Garchomp|Iron Head|p1a: Duhhhhhhhhhh\n|-resisted|p1a: Duhhhhhhhhhh\n|-damage|p1a: Duhhhhhhhhhh|91\/100\n|cant|p1a: Duhhhhhhhhhh|flinch\n|\n|upkeep\n|turn|15\n|\n|t:|1699817429\n|move|p2a: Garchomp|Iron Head|p1a: Duhhhhhhhhhh\n|-resisted|p1a: Duhhhhhhhhhh\n|-damage|p1a: Duhhhhhhhhhh|81\/100\n|cant|p1a: Duhhhhhhhhhh|flinch\n|\n|upkeep\n|turn|16\n|\n|t:|1699817435\n|move|p2a: Garchomp|Iron Head|p1a: Duhhhhhhhhhh\n|-resisted|p1a: Duhhhhhhhhhh\n|-damage|p1a: Duhhhhhhhhhh|70\/100\n|move|p1a: Duhhhhhhhhhh|Slack Off|p1a: Duhhhhhhhhhh\n|-heal|p1a: Duhhhhhhhhhh|100\/100\n|\n|upkeep\n|turn|17\n|c|\u2606drop cocaine|if i get luckt enough\n|\n|t:|1699817443\n|move|p2a: Garchomp|Iron Head|p1a: Duhhhhhhhhhh\n|-resisted|p1a: Duhhhhhhhhhh\n|-damage|p1a: Duhhhhhhhhhh|90\/100\n|move|p1a: Duhhhhhhhhhh|Slack Off|p1a: Duhhhhhhhhhh\n|-heal|p1a: Duhhhhhhhhhh|100\/100\n|\n|upkeep\n|turn|18\n|\n|t:|1699817450\n|move|p2a: Garchomp|Stone Edge|p1a: Duhhhhhhhhhh\n|-damage|p1a: Duhhhhhhhhhh|76\/100\n|move|p1a: Duhhhhhhhhhh|Slack Off|p1a: Duhhhhhhhhhh\n|-heal|p1a: Duhhhhhhhhhh|100\/100\n|\n|upkeep\n|turn|19\n|\n|t:|1699817456\n|move|p2a: Garchomp|Stone Edge|p1a: Duhhhhhhhhhh\n|-damage|p1a: Duhhhhhhhhhh|75\/100\n|move|p1a: Duhhhhhhhhhh|Slack Off|p1a: Duhhhhhhhhhh\n|-heal|p1a: Duhhhhhhhhhh|100\/100\n|\n|upkeep\n|turn|20\n|\n|t:|1699817462\n|move|p2a: Garchomp|Stone Edge|p1a: Duhhhhhhhhhh\n|-damage|p1a: Duhhhhhhhhhh|76\/100\n|move|p1a: Duhhhhhhhhhh|Recycle|p1a: Duhhhhhhhhhh\n|-item|p1a: Duhhhhhhhhhh|Leppa Berry|[from] move: Recycle\n|-enditem|p1a: Duhhhhhhhhhh|Leppa Berry|[eat]\n|-activate|p1a: Duhhhhhhhhhh|item: Leppa Berry|Slack Off|[consumed]\n|\n|upkeep\n|turn|21\n|\n|t:|1699817469\n|move|p2a: Garchomp|Stone Edge|p1a: Duhhhhhhhhhh|[miss]\n|-miss|p2a: Garchomp|p1a: Duhhhhhhhhhh\n|move|p1a: Duhhhhhhhhhh|Slack Off|p1a: Duhhhhhhhhhh\n|-heal|p1a: Duhhhhhhhhhh|100\/100\n|\n|upkeep\n|turn|22\n|\n|t:|1699817475\n|move|p2a: Garchomp|Stone Edge|p1a: Duhhhhhhhhhh\n|-damage|p1a: Duhhhhhhhhhh|76\/100\n|move|p1a: Duhhhhhhhhhh|Slack Off|p1a: Duhhhhhhhhhh\n|-heal|p1a: Duhhhhhhhhhh|100\/100\n|\n|upkeep\n|turn|23\n|\n|t:|1699817481\n|move|p2a: Garchomp|Stone Edge|p1a: Duhhhhhhhhhh|[miss]\n|-miss|p2a: Garchomp|p1a: Duhhhhhhhhhh\n|move|p1a: Duhhhhhhhhhh|Slack Off||[still]\n|-fail|p1a: Duhhhhhhhhhh|heal\n|\n|upkeep\n|turn|24\n|\n|t:|1699817505\n|move|p2a: Garchomp|Stone Edge|p1a: Duhhhhhhhhhh\n|-damage|p1a: Duhhhhhhhhhh|75\/100\n|move|p1a: Duhhhhhhhhhh|Slack Off|p1a: Duhhhhhhhhhh\n|-heal|p1a: Duhhhhhhhhhh|100\/100\n|\n|upkeep\n|turn|25\n|c|\u2606AxolotlNumber2|you know what\n|c|\u2606drop cocaine|what\n|c|\u2606AxolotlNumber2|if we reach turn 100\n|c|\u2606AxolotlNumber2|i'll forfiet\n|\n|t:|1699817523\n|move|p2a: Garchomp|Stone Edge|p1a: Duhhhhhhhhhh\n|-damage|p1a: Duhhhhhhhhhh|77\/100\n|move|p1a: Duhhhhhhhhhh|Slack Off|p1a: Duhhhhhhhhhh\n|-heal|p1a: Duhhhhhhhhhh|100\/100\n|\n|upkeep\n|turn|26\n|\n|t:|1699817529\n|move|p2a: Garchomp|Dragon Claw|p1a: Duhhhhhhhhhh\n|-damage|p1a: Duhhhhhhhhhh|69\/100\n|move|p1a: Duhhhhhhhhhh|Slack Off|p1a: Duhhhhhhhhhh\n|-heal|p1a: Duhhhhhhhhhh|100\/100\n|\n|upkeep\n|turn|27\n|c|\u2606drop cocaine|this is kinda funny lmao\n|c|\u2606AxolotlNumber2|yea fr\n|c|\u2606AxolotlNumber2|you knoww what\n|c|\u2606AxolotlNumber2|dince i am board\n|c|\u2606AxolotlNumber2|tera time\n|\n|t:|1699817548\n|-terastallize|p1a: Duhhhhhhhhhh|Water\n|move|p2a: Garchomp|Dragon Claw|p1a: Duhhhhhhhhhh\n|-damage|p1a: Duhhhhhhhhhh|73\/100\n|move|p1a: Duhhhhhhhhhh|Slack Off|p1a: Duhhhhhhhhhh\n|-heal|p1a: Duhhhhhhhhhh|100\/100\n|\n|upkeep\n|turn|28\n|\n|t:|1699817570\n|move|p2a: Garchomp|Dragon Claw|p1a: Duhhhhhhhhhh\n|-damage|p1a: Duhhhhhhhhhh|71\/100\n|move|p1a: Duhhhhhhhhhh|Slack Off|p1a: Duhhhhhhhhhh\n|-heal|p1a: Duhhhhhhhhhh|100\/100\n|\n|upkeep\n|turn|29\n|c|\u2606AxolotlNumber2|so uhhh, hru man\n|\n|t:|1699817579\n|move|p2a: Garchomp|Dragon Claw|p1a: Duhhhhhhhhhh\n|-damage|p1a: Duhhhhhhhhhh|69\/100\n|move|p1a: Duhhhhhhhhhh|Recycle|p1a: Duhhhhhhhhhh\n|-item|p1a: Duhhhhhhhhhh|Leppa Berry|[from] move: Recycle\n|-enditem|p1a: Duhhhhhhhhhh|Leppa Berry|[eat]\n|-activate|p1a: Duhhhhhhhhhh|item: Leppa Berry|Slack Off|[consumed]\n|\n|upkeep\n|turn|30\n|c|\u2606drop cocaine|alright\n|c|\u2606drop cocaine|how was ur day\n|c|\u2606AxolotlNumber2|i did a themed nuzlocke on fire red\n|\n|t:|1699817595\n|move|p2a: Garchomp|Earthquake|p1a: Duhhhhhhhhhh\n|-damage|p1a: Duhhhhhhhhhh|30\/100\n|move|p1a: Duhhhhhhhhhh|Slack Off|p1a: Duhhhhhhhhhh\n|-heal|p1a: Duhhhhhhhhhh|80\/100\n|\n|upkeep\n|turn|31\n|c|\u2606AxolotlNumber2|but thats good to hear\n|c|\u2606drop cocaine|niceee\n|\n|t:|1699817603\n|move|p2a: Garchomp|Earthquake|p1a: Duhhhhhhhhhh\n|-damage|p1a: Duhhhhhhhhhh|40\/100\n|move|p1a: Duhhhhhhhhhh|Slack Off|p1a: Duhhhhhhhhhh\n|-heal|p1a: Duhhhhhhhhhh|90\/100\n|\n|upkeep\n|turn|32\n|c|\u2606drop cocaine|what kind of theme\n|c|\u2606AxolotlNumber2|i don't really want to get contreversial\n|\n|t:|1699817622\n|move|p2a: Garchomp|Earthquake|p1a: Duhhhhhhhhhh\n|-damage|p1a: Duhhhhhhhhhh|54\/100\n|move|p1a: Duhhhhhhhhhh|Slack Off|p1a: Duhhhhhhhhhh\n|-heal|p1a: Duhhhhhhhhhh|100\/100\n|\n|upkeep\n|turn|33\n|c|\u2606drop cocaine|my roomate is streaming and rapping\n|c|\u2606drop cocaine|help\n|c|\u2606drop cocaine|oh women speedrun?\n|c|\u2606AxolotlNumber2|oh god\n|c|\u2606AxolotlNumber2|that must suck fr\n|c|\u2606AxolotlNumber2|nah\n|c|\u2606AxolotlNumber2|blue and white mons only\n|c|\u2606drop cocaine|i got no more ears\n|\n|t:|1699817641\n|move|p2a: Garchomp|Dragon Claw|p1a: Duhhhhhhhhhh\n|-damage|p1a: Duhhhhhhhhhh|72\/100\n|move|p1a: Duhhhhhhhhhh|Slack Off|p1a: Duhhhhhhhhhh\n|-heal|p1a: Duhhhhhhhhhh|100\/100\n|\n|upkeep\n|turn|34\n|c|\u2606drop cocaine|damn\n|c|\u2606drop cocaine|dw\n|c|\u2606drop cocaine|i did one for only blacks\n|\n|t:|1699817653\n|move|p2a: Garchomp|Dragon Claw|p1a: Duhhhhhhhhhh\n|-damage|p1a: Duhhhhhhhhhh|71\/100\n|move|p1a: Duhhhhhhhhhh|Slack Off|p1a: Duhhhhhhhhhh\n|-heal|p1a: Duhhhhhhhhhh|100\/100\n|\n|upkeep\n|turn|35\n|c|\u2606AxolotlNumber2|oh cool\n|\n|t:|1699817660\n|move|p2a: Garchomp|Dragon Claw|p1a: Duhhhhhhhhhh\n|-damage|p1a: Duhhhhhhhhhh|71\/100\n|move|p1a: Duhhhhhhhhhh|Slack Off|p1a: Duhhhhhhhhhh\n|-heal|p1a: Duhhhhhhhhhh|100\/100\n|\n|upkeep\n|turn|36\n|c|\u2606AxolotlNumber2|which game\n|\n|t:|1699817669\n|move|p2a: Garchomp|Dragon Claw|p1a: Duhhhhhhhhhh\n|-crit|p1a: Duhhhhhhhhhh\n|-damage|p1a: Duhhhhhhhhhh|56\/100\n|move|p1a: Duhhhhhhhhhh|Slack Off|p1a: Duhhhhhhhhhh\n|-heal|p1a: Duhhhhhhhhhh|100\/100\n|\n|upkeep\n|turn|37\n|c|\u2606drop cocaine|black 2 and white 2\n|c|\u2606AxolotlNumber2|ohhhh\n|c|\u2606AxolotlNumber2|those games are very challanging\n|\n|t:|1699817686\n|move|p2a: Garchomp|Dragon Claw|p1a: Duhhhhhhhhhh\n|-damage|p1a: Duhhhhhhhhhh|72\/100\n|move|p1a: Duhhhhhhhhhh|Slack Off|p1a: Duhhhhhhhhhh\n|-heal|p1a: Duhhhhhhhhhh|100\/100\n|\n|upkeep\n|turn|38\n|c|\u2606drop cocaine|yeah\n|c|\u2606drop cocaine|x and y is piss easy\n|c|\u2606AxolotlNumber2|i tried to nuzlocke it before\n|c|\u2606AxolotlNumber2|succeeded but hard\n|\n|t:|1699817700\n|move|p2a: Garchomp|Dragon Claw|p1a: Duhhhhhhhhhh\n|-damage|p1a: Duhhhhhhhhhh|72\/100\n|move|p1a: Duhhhhhhhhhh|Recycle|p1a: Duhhhhhhhhhh\n|-item|p1a: Duhhhhhhhhhh|Leppa Berry|[from] move: Recycle\n|-enditem|p1a: Duhhhhhhhhhh|Leppa Berry|[eat]\n|-activate|p1a: Duhhhhhhhhhh|item: Leppa Berry|Slack Off|[consumed]\n|\n|upkeep\n|turn|39\n|c|\u2606drop cocaine|mhm\n|\n|t:|1699817708\n|move|p2a: Garchomp|Earthquake|p1a: Duhhhhhhhhhh\n|-damage|p1a: Duhhhhhhhhhh|32\/100\n|move|p1a: Duhhhhhhhhhh|Slack Off|p1a: Duhhhhhhhhhh\n|-heal|p1a: Duhhhhhhhhhh|82\/100\n|\n|upkeep\n|turn|40\n|inactive|AxolotlNumber2 has 120 seconds left.\n|c|\u2606AxolotlNumber2|funny story, i defeated pokemon xy nuzlocke on my first try\n|c|\u2606AxolotlNumber2|but second run was a fail\n|\n|t:|1699817746\n|move|p2a: Garchomp|Dragon Claw|p1a: Duhhhhhhhhhh\n|-crit|p1a: Duhhhhhhhhhh\n|-damage|p1a: Duhhhhhhhhhh|39\/100\n|move|p1a: Duhhhhhhhhhh|Slack Off|p1a: Duhhhhhhhhhh\n|-heal|p1a: Duhhhhhhhhhh|89\/100\n|\n|upkeep\n|turn|41\n|inactive|AxolotlNumber2 has 120 seconds left.\n|c|\u2606AxolotlNumber2|i wonder if it is because i did bring emolga to there\n|c|\u2606drop cocaine|lmfao\n|\n|t:|1699817766\n|move|p2a: Garchomp|Dragon Claw|p1a: Duhhhhhhhhhh\n|-damage|p1a: Duhhhhhhhhhh|60\/100\n|move|p1a: Duhhhhhhhhhh|Slack Off|p1a: Duhhhhhhhhhh\n|-heal|p1a: Duhhhhhhhhhh|100\/100\n|\n|upkeep\n|turn|42\n|c|\u2606drop cocaine|i choked 3 different nuzlockes\n|\n|t:|1699817784\n|move|p2a: Garchomp|Dragon Claw|p1a: Duhhhhhhhhhh\n|-damage|p1a: Duhhhhhhhhhh|70\/100\n|move|p1a: Duhhhhhhhhhh|Recycle|p1a: Duhhhhhhhhhh\n|-item|p1a: Duhhhhhhhhhh|Leppa Berry|[from] move: Recycle\n|\n|upkeep\n|turn|43\n|inactive|AxolotlNumber2 has 120 seconds left.\n|c|\u2606AxolotlNumber2|lol\n|\n|t:|1699817793\n|move|p2a: Garchomp|Dragon Claw|p1a: Duhhhhhhhhhh\n|-damage|p1a: Duhhhhhhhhhh|42\/100\n|move|p1a: Duhhhhhhhhhh|Slack Off|p1a: Duhhhhhhhhhh\n|-heal|p1a: Duhhhhhhhhhh|92\/100\n|\n|upkeep\n|turn|44\n|\n|t:|1699817799\n|move|p2a: Garchomp|Dragon Claw|p1a: Duhhhhhhhhhh\n|-damage|p1a: Duhhhhhhhhhh|64\/100\n|move|p1a: Duhhhhhhhhhh|Slack Off|p1a: Duhhhhhhhhhh\n|-heal|p1a: Duhhhhhhhhhh|100\/100\n|\n|upkeep\n|turn|45\n|c|\u2606drop cocaine|its either\n|c|\u2606drop cocaine|first try\n|c|\u2606drop cocaine|or it takes me 5 years\n|inactive|AxolotlNumber2 has 120 seconds left.\n|c|\u2606AxolotlNumber2|yea fr\n|\n|t:|1699817816\n|move|p2a: Garchomp|Dragon Claw|p1a: Duhhhhhhhhhh\n|-damage|p1a: Duhhhhhhhhhh|71\/100\n|move|p1a: Duhhhhhhhhhh|Slack Off|p1a: Duhhhhhhhhhh\n|-heal|p1a: Duhhhhhhhhhh|100\/100\n|\n|upkeep\n|turn|46\n|c|\u2606drop cocaine|have u triede emerald kaizo?\n|c|\u2606AxolotlNumber2|did u beat any drayano hacks before with nuzlocke rules\n|inactive|AxolotlNumber2 has 120 seconds left.\n|\n|t:|1699817827\n|move|p2a: Garchomp|Dragon Claw|p1a: Duhhhhhhhhhh\n|-damage|p1a: Duhhhhhhhhhh|73\/100\n|move|p1a: Duhhhhhhhhhh|Slack Off|p1a: Duhhhhhhhhhh\n|-heal|p1a: Duhhhhhhhhhh|100\/100\n|\n|upkeep\n|turn|47\n|c|\u2606drop cocaine|nah\n|c|\u2606drop cocaine|havent tried\n|inactive|AxolotlNumber2 has 120 seconds left.\n|c|\u2606AxolotlNumber2|then start with omega ruby\n|c|\u2606AxolotlNumber2|sorry\n|c|\u2606AxolotlNumber2|i mean\n|c|\u2606AxolotlNumber2|fire red omega\n|c|\u2606AxolotlNumber2|lol\n|\n|t:|1699817848\n|move|p2a: Garchomp|Dragon Claw|p1a: Duhhhhhhhhhh\n|-damage|p1a: Duhhhhhhhhhh|72\/100\n|move|p1a: Duhhhhhhhhhh|Slack Off|p1a: Duhhhhhhhhhh\n|-heal|p1a: Duhhhhhhhhhh|100\/100\n|-enditem|p1a: Duhhhhhhhhhh|Leppa Berry|[eat]\n|-activate|p1a: Duhhhhhhhhhh|item: Leppa Berry|Slack Off|[consumed]\n|\n|upkeep\n|turn|48\n|c|\u2606drop cocaine|lmao\n|c|\u2606drop cocaine|ight\n|c|\u2606drop cocaine|maybe sometime\n|c|\u2606drop cocaine|during my holiday\n|\n|t:|1699817859\n|move|p2a: Garchomp|Iron Head|p1a: Duhhhhhhhhhh\n|-resisted|p1a: Duhhhhhhhhhh\n|-damage|p1a: Duhhhhhhhhhh|90\/100\n|move|p1a: Duhhhhhhhhhh|Slack Off|p1a: Duhhhhhhhhhh\n|-heal|p1a: Duhhhhhhhhhh|100\/100\n|\n|upkeep\n|turn|49\n|\n|t:|1699817868\n|move|p2a: Garchomp|Iron Head|p1a: Duhhhhhhhhhh\n|-resisted|p1a: Duhhhhhhhhhh\n|-damage|p1a: Duhhhhhhhhhh|90\/100\n|move|p1a: Duhhhhhhhhhh|Slack Off|p1a: Duhhhhhhhhhh\n|-heal|p1a: Duhhhhhhhhhh|100\/100\n|\n|upkeep\n|turn|50\n|inactive|AxolotlNumber2 has 120 seconds left.\n|c|\u2606AxolotlNumber2|oh\n|c|\u2606AxolotlNumber2|chrismass?\n|\n|t:|1699817881\n|move|p2a: Garchomp|Iron Head|p1a: Duhhhhhhhhhh\n|-resisted|p1a: Duhhhhhhhhhh\n|-damage|p1a: Duhhhhhhhhhh|90\/100\n|move|p1a: Duhhhhhhhhhh|Slack Off|p1a: Duhhhhhhhhhh\n|-heal|p1a: Duhhhhhhhhhh|100\/100\n|\n|upkeep\n|turn|51\n|c|\u2606drop cocaine|ye\n|c|\u2606drop cocaine|still have school\n|inactive|AxolotlNumber2 has 120 seconds left.\n|c|\u2606drop cocaine|just woke up\n|c|\u2606AxolotlNumber2|i celebrate hanukkah\n|\n|t:|1699817895\n|move|p2a: Garchomp|Dragon Claw|p1a: Duhhhhhhhhhh\n|-damage|p1a: Duhhhhhhhhhh|71\/100\n|move|p1a: Duhhhhhhhhhh|Slack Off|p1a: Duhhhhhhhhhh\n|-heal|p1a: Duhhhhhhhhhh|100\/100\n|\n|upkeep\n|turn|52\n|inactive|AxolotlNumber2 has 120 seconds left.\n|c|\u2606AxolotlNumber2|oh\n|\n|t:|1699817916\n|move|p2a: Garchomp|Dragon Claw|p1a: Duhhhhhhhhhh\n|-damage|p1a: Duhhhhhhhhhh|69\/100\n|move|p1a: Duhhhhhhhhhh|Slack Off|p1a: Duhhhhhhhhhh\n|-heal|p1a: Duhhhhhhhhhh|100\/100\n|\n|upkeep\n|turn|53\n|inactive|AxolotlNumber2 has 120 seconds left.\n|c|\u2606AxolotlNumber2|wait so you woke up and your roomate just raps in the other room, what a great roomate you have lol\n|\n|t:|1699817930\n|move|p2a: Garchomp|Dragon Claw|p1a: Duhhhhhhhhhh\n|-damage|p1a: Duhhhhhhhhhh|69\/100\n|move|p1a: Duhhhhhhhhhh|Slack Off|p1a: Duhhhhhhhhhh\n|-heal|p1a: Duhhhhhhhhhh|100\/100\n|\n|upkeep\n|turn|54\n|c|\u2606drop cocaine|yes\n|c|\u2606drop cocaine|ikr\n|c|\u2606drop cocaine|his half of the room smells like shit\n|c|\u2606drop cocaine|and he slaps the table\n|c|\u2606drop cocaine|side effects of rejection\n|\n|t:|1699817952\n|move|p2a: Garchomp|Dragon Claw|p1a: Duhhhhhhhhhh\n|-damage|p1a: Duhhhhhhhhhh|71\/100\n|move|p1a: Duhhhhhhhhhh|Slack Off|p1a: Duhhhhhhhhhh\n|-heal|p1a: Duhhhhhhhhhh|100\/100\n|\n|upkeep\n|turn|55\n|c|\u2606AxolotlNumber2|oh god\n|\n|t:|1699817959\n|move|p2a: Garchomp|Dragon Claw|p1a: Duhhhhhhhhhh\n|-damage|p1a: Duhhhhhhhhhh|68\/100\n|move|p1a: Duhhhhhhhhhh|Slack Off|p1a: Duhhhhhhhhhh\n|-heal|p1a: Duhhhhhhhhhh|100\/100\n|\n|upkeep\n|turn|56\n|\n|t:|1699817965\n|move|p2a: Garchomp|Iron Head|p1a: Duhhhhhhhhhh\n|-resisted|p1a: Duhhhhhhhhhh\n|-damage|p1a: Duhhhhhhhhhh|91\/100\n|cant|p1a: Duhhhhhhhhhh|flinch\n|\n|upkeep\n|turn|57\n|c|\u2606drop cocaine|hesblowing on his medal rn\n|c|\u2606drop cocaine|wtf\n|\n|t:|1699817972\n|move|p2a: Garchomp|Iron Head|p1a: Duhhhhhhhhhh\n|-resisted|p1a: Duhhhhhhhhhh\n|-damage|p1a: Duhhhhhhhhhh|80\/100\n|cant|p1a: Duhhhhhhhhhh|flinch\n|\n|upkeep\n|turn|58\n|\n|t:|1699817977\n|move|p2a: Garchomp|Iron Head|p1a: Duhhhhhhhhhh\n|-resisted|p1a: Duhhhhhhhhhh\n|-damage|p1a: Duhhhhhhhhhh|71\/100\n|move|p1a: Duhhhhhhhhhh|Recycle|p1a: Duhhhhhhhhhh\n|-item|p1a: Duhhhhhhhhhh|Leppa Berry|[from] move: Recycle\n|-enditem|p1a: Duhhhhhhhhhh|Leppa Berry|[eat]\n|-activate|p1a: Duhhhhhhhhhh|item: Leppa Berry|Slack Off|[consumed]\n|\n|upkeep\n|turn|59\n|\n|t:|1699817983\n|move|p2a: Garchomp|Iron Head|p1a: Duhhhhhhhhhh\n|-resisted|p1a: Duhhhhhhhhhh\n|-damage|p1a: Duhhhhhhhhhh|61\/100\n|move|p1a: Duhhhhhhhhhh|Slack Off|p1a: Duhhhhhhhhhh\n|-heal|p1a: Duhhhhhhhhhh|100\/100\n|\n|upkeep\n|turn|60\n|c|\u2606AxolotlNumber2|the roomate is totaly normal\n|\n|t:|1699818009\n|move|p2a: Garchomp|Iron Head|p1a: Duhhhhhhhhhh\n|-resisted|p1a: Duhhhhhhhhhh\n|-damage|p1a: Duhhhhhhhhhh|91\/100\n|move|p1a: Duhhhhhhhhhh|Slack Off|p1a: Duhhhhhhhhhh\n|-heal|p1a: Duhhhhhhhhhh|100\/100\n|\n|upkeep\n|turn|61\n|inactive|AxolotlNumber2 has 120 seconds left.\n|\n|t:|1699818029\n|move|p2a: Garchomp|Iron Head|p1a: Duhhhhhhhhhh\n|-resisted|p1a: Duhhhhhhhhhh\n|-damage|p1a: Duhhhhhhhhhh|90\/100\n|move|p1a: Duhhhhhhhhhh|Slack Off|p1a: Duhhhhhhhhhh\n|-heal|p1a: Duhhhhhhhhhh|100\/100\n|\n|upkeep\n|turn|62\n|c|\u2606drop cocaine|yes\n|c|\u2606drop cocaine|i love high school\n|\n|t:|1699818038\n|move|p2a: Garchomp|Iron Head|p1a: Duhhhhhhhhhh\n|-resisted|p1a: Duhhhhhhhhhh\n|-damage|p1a: Duhhhhhhhhhh|91\/100\n|move|p1a: Duhhhhhhhhhh|Slack Off|p1a: Duhhhhhhhhhh\n|-heal|p1a: Duhhhhhhhhhh|100\/100\n|\n|upkeep\n|turn|63\n|inactive|AxolotlNumber2 has 120 seconds left.\n|c|\u2606AxolotlNumber2|i thought roomates start from colage\n|\n|t:|1699818057\n|move|p2a: Garchomp|Iron Head|p1a: Duhhhhhhhhhh\n|-resisted|p1a: Duhhhhhhhhhh\n|-damage|p1a: Duhhhhhhhhhh|91\/100\n|move|p1a: Duhhhhhhhhhh|Slack Off|p1a: Duhhhhhhhhhh\n|-heal|p1a: Duhhhhhhhhhh|100\/100\n|\n|upkeep\n|turn|64\n|inactive|drop cocaine has 120 seconds left.\n|\n|t:|1699818097\n|move|p2a: Garchomp|Iron Head|p1a: Duhhhhhhhhhh\n|-resisted|p1a: Duhhhhhhhhhh\n|-damage|p1a: Duhhhhhhhhhh|90\/100\n|move|p1a: Duhhhhhhhhhh|Slack Off|p1a: Duhhhhhhhhhh\n|-heal|p1a: Duhhhhhhhhhh|100\/100\n|\n|upkeep\n|turn|65\n|c|\u2606drop cocaine|nah\n|c|\u2606drop cocaine|not for me at least\n|\n|t:|1699818105\n|move|p2a: Garchomp|Iron Head|p1a: Duhhhhhhhhhh\n|-resisted|p1a: Duhhhhhhhhhh\n|-damage|p1a: Duhhhhhhhhhh|90\/100\n|move|p1a: Duhhhhhhhhhh|Slack Off|p1a: Duhhhhhhhhhh\n|-heal|p1a: Duhhhhhhhhhh|100\/100\n|\n|upkeep\n|turn|66\n|c|\u2606AxolotlNumber2|in my country we do not have collage\n|c|\u2606AxolotlNumber2|we have universities\n|\n|t:|1699818119\n|move|p2a: Garchomp|Iron Head|p1a: Duhhhhhhhhhh\n|-resisted|p1a: Duhhhhhhhhhh\n|-damage|p1a: Duhhhhhhhhhh|90\/100\n|cant|p1a: Duhhhhhhhhhh|flinch\n|\n|upkeep\n|turn|67\n|c|\u2606drop cocaine|where ru?\n|\n|t:|1699818124\n|move|p2a: Garchomp|Iron Head|p1a: Duhhhhhhhhhh\n|-resisted|p1a: Duhhhhhhhhhh\n|-damage|p1a: Duhhhhhhhhhh|80\/100\n|cant|p1a: Duhhhhhhhhhh|flinch\n|\n|upkeep\n|turn|68\n|c|\u2606AxolotlNumber2|middle east, specificly israel\n|\n|t:|1699818134\n|move|p2a: Garchomp|Iron Head|p1a: Duhhhhhhhhhh\n|-resisted|p1a: Duhhhhhhhhhh\n|-damage|p1a: Duhhhhhhhhhh|70\/100\n|move|p1a: Duhhhhhhhhhh|Slack Off|p1a: Duhhhhhhhhhh\n|-heal|p1a: Duhhhhhhhhhh|100\/100\n|\n|upkeep\n|turn|69\n|c|\u2606drop cocaine|damn\n|c|\u2606drop cocaine|must be tough rn\n|c|\u2606drop cocaine|cuz of the war\n|\n|t:|1699818145\n|move|p2a: Garchomp|Iron Head|p1a: Duhhhhhhhhhh\n|-resisted|p1a: Duhhhhhhhhhh\n|-damage|p1a: Duhhhhhhhhhh|90\/100\n|move|p1a: Duhhhhhhhhhh|Recycle|p1a: Duhhhhhhhhhh\n|-item|p1a: Duhhhhhhhhhh|Leppa Berry|[from] move: Recycle\n|-enditem|p1a: Duhhhhhhhhhh|Leppa Berry|[eat]\n|-activate|p1a: Duhhhhhhhhhh|item: Leppa Berry|Slack Off|[consumed]\n|\n|upkeep\n|turn|70\n|c|\u2606AxolotlNumber2|wait you know about it\n|\n|t:|1699818153\n|move|p2a: Garchomp|Iron Head|p1a: Duhhhhhhhhhh\n|-resisted|p1a: Duhhhhhhhhhh\n|-damage|p1a: Duhhhhhhhhhh|80\/100\n|move|p1a: Duhhhhhhhhhh|Slack Off|p1a: Duhhhhhhhhhh\n|-heal|p1a: Duhhhhhhhhhh|100\/100\n|\n|upkeep\n|turn|71\n|c|\u2606drop cocaine|ye\n|c|\u2606AxolotlNumber2|oh\n|c|\u2606drop cocaine|im in the uk for schooling\n|inactive|AxolotlNumber2 has 120 seconds left.\n|c|\u2606AxolotlNumber2|like there has been a lot of gory and bad cases but lucily for me the wrost that happened are just some few alarms\n|\n|t:|1699818194\n|move|p2a: Garchomp|Iron Head|p1a: Duhhhhhhhhhh\n|-resisted|p1a: Duhhhhhhhhhh\n|-damage|p1a: Duhhhhhhhhhh|91\/100\n|move|p1a: Duhhhhhhhhhh|Slack Off|p1a: Duhhhhhhhhhh\n|-heal|p1a: Duhhhhhhhhhh|100\/100\n|\n|upkeep\n|turn|72\n|c|\u2606AxolotlNumber2|ok so you are from the UK?\n|inactive|drop cocaine has 120 seconds left.\n|c|\u2606drop cocaine|no\n|c|\u2606drop cocaine|im from the pacfici\n|c|\u2606drop cocaine|pacific\n|\n|t:|1699818249\n|move|p2a: Garchomp|Iron Head|p1a: Duhhhhhhhhhh\n|-resisted|p1a: Duhhhhhhhhhh\n|-damage|p1a: Duhhhhhhhhhh|90\/100\n|move|p1a: Duhhhhhhhhhh|Slack Off|p1a: Duhhhhhhhhhh\n|-heal|p1a: Duhhhhhhhhhh|100\/100\n|\n|upkeep\n|turn|73\n|inactive|AxolotlNumber2 has 120 seconds left.\n|c|\u2606AxolotlNumber2|oh\n|\n|t:|1699818257\n|-activate|p2a: Garchomp|move: Struggle\n|move|p2a: Garchomp|Struggle|p1a: Duhhhhhhhhhh\n|-damage|p1a: Duhhhhhhhhhh|88\/100\n|-damage|p2a: Garchomp|76\/100|[from] recoil\n|move|p1a: Duhhhhhhhhhh|Slack Off|p1a: Duhhhhhhhhhh\n|-heal|p1a: Duhhhhhhhhhh|100\/100\n|\n|upkeep\n|turn|74\n|c|\u2606AxolotlNumber2|since i am kind\n|inactive|AxolotlNumber2 has 120 seconds left.\n|c|\u2606drop cocaine|now for the healing\n|\n|t:|1699818271\n|-activate|p2a: Garchomp|move: Struggle\n|move|p2a: Garchomp|Struggle|p1a: Duhhhhhhhhhh\n|-damage|p1a: Duhhhhhhhhhh|89\/100\n|-damage|p2a: Garchomp|51\/100|[from] recoil\n|move|p1a: Duhhhhhhhhhh|Heal Pulse|p2a: Garchomp\n|-heal|p2a: Garchomp|100\/100\n|\n|upkeep\n|turn|75\n|c|\u2606AxolotlNumber2|i'll help you\n|inactive|drop cocaine has 120 seconds left.\n|c|\u2606drop cocaine|yay\n|\n|t:|1699818282\n|-activate|p2a: Garchomp|move: Struggle\n|move|p2a: Garchomp|Struggle|p1a: Duhhhhhhhhhh\n|-damage|p1a: Duhhhhhhhhhh|77\/100\n|-damage|p2a: Garchomp|76\/100|[from] recoil\n|move|p1a: Duhhhhhhhhhh|Heal Pulse|p2a: Garchomp\n|-heal|p2a: Garchomp|100\/100\n|\n|upkeep\n|turn|76\n|c|\u2606AxolotlNumber2|the endless hell\n|\n|t:|1699818290\n|-activate|p2a: Garchomp|move: Struggle\n|move|p2a: Garchomp|Struggle|p1a: Duhhhhhhhhhh\n|-damage|p1a: Duhhhhhhhhhh|64\/100\n|-damage|p2a: Garchomp|76\/100|[from] recoil\n|move|p1a: Duhhhhhhhhhh|Heal Pulse|p2a: Garchomp\n|-heal|p2a: Garchomp|100\/100\n|\n|upkeep\n|turn|77\n|c|\u2606drop cocaine|yep\n|c|\u2606drop cocaine|funbro\n|\n|t:|1699818301\n|-activate|p2a: Garchomp|move: Struggle\n|move|p2a: Garchomp|Struggle|p1a: Duhhhhhhhhhh\n|-damage|p1a: Duhhhhhhhhhh|53\/100\n|-damage|p2a: Garchomp|76\/100|[from] recoil\n|move|p1a: Duhhhhhhhhhh|Heal Pulse|p2a: Garchomp\n|-heal|p2a: Garchomp|100\/100\n|\n|upkeep\n|turn|78\n|inactive|drop cocaine has 120 seconds left.\n|\n|t:|1699818326\n|-activate|p2a: Garchomp|move: Struggle\n|move|p2a: Garchomp|Struggle|p1a: Duhhhhhhhhhh\n|-damage|p1a: Duhhhhhhhhhh|40\/100\n|-damage|p2a: Garchomp|76\/100|[from] recoil\n|move|p1a: Duhhhhhhhhhh|Slack Off|p1a: Duhhhhhhhhhh\n|-heal|p1a: Duhhhhhhhhhh|90\/100\n|\n|upkeep\n|turn|79\n|c|\u2606drop cocaine|just came ehre from regular gen 9\n|\n|t:|1699818338\n|-activate|p2a: Garchomp|move: Struggle\n|move|p2a: Garchomp|Struggle|p1a: Duhhhhhhhhhh\n|-damage|p1a: Duhhhhhhhhhh|77\/100\n|-damage|p2a: Garchomp|51\/100|[from] recoil\n|move|p1a: Duhhhhhhhhhh|Heal Pulse|p2a: Garchomp\n|-heal|p2a: Garchomp|100\/100\n|\n|upkeep\n|turn|80\n|c|\u2606drop cocaine|to try out megas\n|inactive|AxolotlNumber2 has 120 seconds left.\n|c|\u2606AxolotlNumber2|dude i didn't expect to start deep convos with sombdoy here, bever happened before\n|\n|t:|1699818366\n|-activate|p2a: Garchomp|move: Struggle\n|move|p2a: Garchomp|Struggle|p1a: Duhhhhhhhhhh\n|-damage|p1a: Duhhhhhhhhhh|66\/100\n|-damage|p2a: Garchomp|76\/100|[from] recoil\n|move|p1a: Duhhhhhhhhhh|Slack Off|p1a: Duhhhhhhhhhh\n|-heal|p1a: Duhhhhhhhhhh|100\/100\n|\n|upkeep\n|turn|81\n|inactive|drop cocaine has 120 seconds left.\n|\n|t:|1699818393\n|-activate|p2a: Garchomp|move: Struggle\n|move|p2a: Garchomp|Struggle|p1a: Duhhhhhhhhhh\n|-damage|p1a: Duhhhhhhhhhh|88\/100\n|-damage|p2a: Garchomp|51\/100|[from] recoil\n|move|p1a: Duhhhhhhhhhh|Heal Pulse|p2a: Garchomp\n|-heal|p2a: Garchomp|100\/100\n|\n|upkeep\n|turn|82\n|c|\u2606AxolotlNumber2|19 turns and i'll forfiet\n|c|\u2606drop cocaine|this is hat happens when u have fun\n|c|\u2606drop cocaine|what*\n|\n|t:|1699818407\n|-activate|p2a: Garchomp|move: Struggle\n|move|p2a: Garchomp|Struggle|p1a: Duhhhhhhhhhh\n|-damage|p1a: Duhhhhhhhhhh|75\/100\n|-damage|p2a: Garchomp|76\/100|[from] recoil\n|move|p1a: Duhhhhhhhhhh|Heal Pulse|p2a: Garchomp\n|-heal|p2a: Garchomp|100\/100\n|\n|upkeep\n|turn|83\n|\n|t:|1699818414\n|-activate|p2a: Garchomp|move: Struggle\n|move|p2a: Garchomp|Struggle|p1a: Duhhhhhhhhhh\n|-crit|p1a: Duhhhhhhhhhh\n|-damage|p1a: Duhhhhhhhhhh|57\/100\n|-damage|p2a: Garchomp|76\/100|[from] recoil\n|move|p1a: Duhhhhhhhhhh|Slack Off|p1a: Duhhhhhhhhhh\n|-heal|p1a: Duhhhhhhhhhh|100\/100\n|\n|upkeep\n|turn|84\n|c|\u2606AxolotlNumber2|this is the funniest thing i saw on shwodown\n|\n|t:|1699818427\n|-activate|p2a: Garchomp|move: Struggle\n|move|p2a: Garchomp|Struggle|p1a: Duhhhhhhhhhh\n|-crit|p1a: Duhhhhhhhhhh\n|-damage|p1a: Duhhhhhhhhhh|82\/100\n|-damage|p2a: Garchomp|51\/100|[from] recoil\n|move|p1a: Duhhhhhhhhhh|Recycle|p1a: Duhhhhhhhhhh\n|-item|p1a: Duhhhhhhhhhh|Leppa Berry|[from] move: Recycle\n|\n|upkeep\n|turn|85\n|\n|t:|1699818435\n|-activate|p2a: Garchomp|move: Struggle\n|move|p2a: Garchomp|Struggle|p1a: Duhhhhhhhhhh\n|-damage|p1a: Duhhhhhhhhhh|69\/100\n|-damage|p2a: Garchomp|26\/100|[from] recoil\n|move|p1a: Duhhhhhhhhhh|Heal Pulse|p2a: Garchomp\n|-heal|p2a: Garchomp|76\/100\n|\n|upkeep\n|turn|86\n|c|\u2606drop cocaine|would be funny if i had u turn\n|\n|t:|1699818445\n|-activate|p2a: Garchomp|move: Struggle\n|move|p2a: Garchomp|Struggle|p1a: Duhhhhhhhhhh\n|-damage|p1a: Duhhhhhhhhhh|56\/100\n|-damage|p2a: Garchomp|51\/100|[from] recoil\n|move|p1a: Duhhhhhhhhhh|Slack Off|p1a: Duhhhhhhhhhh\n|-heal|p1a: Duhhhhhhhhhh|100\/100\n|-enditem|p1a: Duhhhhhhhhhh|Leppa Berry|[eat]\n|-activate|p1a: Duhhhhhhhhhh|item: Leppa Berry|Slack Off|[consumed]\n|\n|upkeep\n|turn|87\n|c|\u2606drop cocaine|and tera tapu koko crit\n|\n|t:|1699818456\n|-activate|p2a: Garchomp|move: Struggle\n|move|p2a: Garchomp|Struggle|p1a: Duhhhhhhhhhh\n|-damage|p1a: Duhhhhhhhhhh|88\/100\n|-damage|p2a: Garchomp|26\/100|[from] recoil\n|move|p1a: Duhhhhhhhhhh|Heal Pulse|p2a: Garchomp\n|-heal|p2a: Garchomp|76\/100\n|\n|upkeep\n|turn|88\n|\n|t:|1699818464\n|-activate|p2a: Garchomp|move: Struggle\n|move|p2a: Garchomp|Struggle|p1a: Duhhhhhhhhhh\n|-damage|p1a: Duhhhhhhhhhh|75\/100\n|-damage|p2a: Garchomp|51\/100|[from] recoil\n|move|p1a: Duhhhhhhhhhh|Recycle|p1a: Duhhhhhhhhhh\n|-item|p1a: Duhhhhhhhhhh|Leppa Berry|[from] move: Recycle\n|\n|upkeep\n|turn|89\n|\n|t:|1699818471\n|-activate|p2a: Garchomp|move: Struggle\n|move|p2a: Garchomp|Struggle|p1a: Duhhhhhhhhhh\n|-damage|p1a: Duhhhhhhhhhh|62\/100\n|-damage|p2a: Garchomp|26\/100|[from] recoil\n|move|p1a: Duhhhhhhhhhh|Heal Pulse|p2a: Garchomp\n|-heal|p2a: Garchomp|76\/100\n|\n|upkeep\n|turn|90\n|\n|t:|1699818486\n|-activate|p2a: Garchomp|move: Struggle\n|move|p2a: Garchomp|Struggle|p1a: Duhhhhhhhhhh\n|-damage|p1a: Duhhhhhhhhhh|49\/100\n|-damage|p2a: Garchomp|51\/100|[from] recoil\n|move|p1a: Duhhhhhhhhhh|Heal Pulse|p2a: Garchomp\n|-heal|p2a: Garchomp|100\/100\n|\n|upkeep\n|turn|91\n|\n|t:|1699818505\n|-activate|p2a: Garchomp|move: Struggle\n|move|p2a: Garchomp|Struggle|p1a: Duhhhhhhhhhh\n|-damage|p1a: Duhhhhhhhhhh|36\/100\n|-damage|p2a: Garchomp|76\/100|[from] recoil\n|move|p1a: Duhhhhhhhhhh|Slack Off|p1a: Duhhhhhhhhhh\n|-heal|p1a: Duhhhhhhhhhh|86\/100\n|\n|upkeep\n|turn|92\n|\n|t:|1699818527\n|-activate|p2a: Garchomp|move: Struggle\n|move|p2a: Garchomp|Struggle|p1a: Duhhhhhhhhhh\n|-damage|p1a: Duhhhhhhhhhh|74\/100\n|-damage|p2a: Garchomp|51\/100|[from] recoil\n|move|p1a: Duhhhhhhhhhh|Recycle||[still]\n|-fail|p1a: Duhhhhhhhhhh\n|\n|upkeep\n|turn|93\n|\n|t:|1699818533\n|-activate|p2a: Garchomp|move: Struggle\n|move|p2a: Garchomp|Struggle|p1a: Duhhhhhhhhhh\n|-damage|p1a: Duhhhhhhhhhh|62\/100\n|-damage|p2a: Garchomp|26\/100|[from] recoil\n|move|p1a: Duhhhhhhhhhh|Heal Pulse|p2a: Garchomp\n|-heal|p2a: Garchomp|76\/100\n|\n|upkeep\n|turn|94\n|\n|t:|1699818541\n|-activate|p2a: Garchomp|move: Struggle\n|move|p2a: Garchomp|Struggle|p1a: Duhhhhhhhhhh\n|-damage|p1a: Duhhhhhhhhhh|50\/100\n|-damage|p2a: Garchomp|51\/100|[from] recoil\n|move|p1a: Duhhhhhhhhhh|Heal Pulse|p2a: Garchomp\n|-heal|p2a: Garchomp|100\/100\n|\n|upkeep\n|turn|95\n|c|\u2606AxolotlNumber2|lol wtf is happening rn\n|\n|t:|1699818556\n|-activate|p2a: Garchomp|move: Struggle\n|move|p2a: Garchomp|Struggle|p1a: Duhhhhhhhhhh\n|-damage|p1a: Duhhhhhhhhhh|38\/100\n|-damage|p2a: Garchomp|76\/100|[from] recoil\n|move|p1a: Duhhhhhhhhhh|Slack Off|p1a: Duhhhhhhhhhh\n|-heal|p1a: Duhhhhhhhhhh|88\/100\n|\n|upkeep\n|turn|96\n|c|\u2606drop cocaine|idk\n|c|\u2606AxolotlNumber2|dw\n|c|\u2606drop cocaine|does leppa berry recover all pp for all the moves\n|c|\u2606AxolotlNumber2|at turn 101 u'll forfiet\n|c|\u2606drop cocaine|yes\n|\n|t:|1699818573\n|-activate|p2a: Garchomp|move: Struggle\n|move|p2a: Garchomp|Struggle|p1a: Duhhhhhhhhhh\n|-damage|p1a: Duhhhhhhhhhh|76\/100\n|-damage|p2a: Garchomp|51\/100|[from] recoil\n|move|p1a: Duhhhhhhhhhh|Slack Off|p1a: Duhhhhhhhhhh\n|-heal|p1a: Duhhhhhhhhhh|100\/100\n|\n|upkeep\n|turn|97\n|c|\u2606drop cocaine|i will forfeit\n|c|\u2606drop cocaine|funny\n|c|\u2606AxolotlNumber2|i'lll forfiet\n|c|\u2606AxolotlNumber2|sorry\n|c|\u2606AxolotlNumber2|mb\n|inactive|AxolotlNumber2 has 120 seconds left.\n|c|\u2606AxolotlNumber2|the i and u are close\n|\n|t:|1699818597\n|-activate|p2a: Garchomp|move: Struggle\n|move|p2a: Garchomp|Struggle|p1a: Duhhhhhhhhhh\n|-damage|p1a: Duhhhhhhhhhh|87\/100\n|-damage|p2a: Garchomp|26\/100|[from] recoil\n|move|p1a: Duhhhhhhhhhh|Heal Pulse|p2a: Garchomp\n|-heal|p2a: Garchomp|76\/100\n|\n|upkeep\n|turn|98\n|c|\u2606drop cocaine|not if i do first\n|c|\u2606drop cocaine|sheesh pick up line\n|\n|t:|1699818609\n|-activate|p2a: Garchomp|move: Struggle\n|move|p2a: Garchomp|Struggle|p1a: Duhhhhhhhhhh\n|-damage|p1a: Duhhhhhhhhhh|75\/100\n|-damage|p2a: Garchomp|51\/100|[from] recoil\n|move|p1a: Duhhhhhhhhhh|Slack Off|p1a: Duhhhhhhhhhh\n|-heal|p1a: Duhhhhhhhhhh|100\/100\n|\n|upkeep\n|turn|99\n|\n|t:|1699818616\n|-activate|p2a: Garchomp|move: Struggle\n|move|p2a: Garchomp|Struggle|p1a: Duhhhhhhhhhh\n|-damage|p1a: Duhhhhhhhhhh|89\/100\n|-damage|p2a: Garchomp|26\/100|[from] recoil\n|move|p1a: Duhhhhhhhhhh|Heal Pulse|p2a: Garchomp\n|-heal|p2a: Garchomp|76\/100\n|\n|upkeep\n|turn|100\n|-message|drop cocaine forfeited.\n|\n|win|AxolotlNumber2\n|raw|AxolotlNumber2's rating: 1000 &rarr; <strong>1040<\/strong><br \/>(+40 for winning)\n|raw|drop cocaine's rating: 1000 &rarr; <strong>1000<\/strong><br \/>(+0 for losing)\n|l|\u2606drop cocaine\n","uploadtime":1699818629,"views":45,"p1id":"axolotlnumber2","p2id":"dropcocaine","formatid":"gen9nationaldex","rating":1000,"private":0,"password":""}