{"id":"gen9nationaldex-1993877649","p1":"UserJexx","p2":"baigu2","format":"[Gen 9] National Dex","log":"|j|\u2606UserJexx\n|j|\u2606baigu2\n|t:|1700368903\n|gametype|singles\n|player|p1|UserJexx|lusamine-nihilego|1699\n|player|p2|baigu2|dawn|1781\n|teamsize|p1|6\n|teamsize|p2|6\n|gen|9\n|tier|[Gen 9] National Dex\n|rated|\n|rule|HP Percentage Mod: HP is shown in percentages\n|rule|Endless Battle Clause: Forcing endless battles is banned\n|rule|OHKO Clause: OHKO moves are banned\n|rule|Evasion Clause: Evasion abilities, items, and moves are banned\n|rule|Evasion Abilities Clause: Evasion abilities are banned\n|rule|Evasion Items Clause: Evasion items are banned\n|rule|Evasion Moves Clause: Evasion moves are banned\n|rule|Species Clause: Limit one of each Pok\u00e9mon\n|rule|Sleep Clause Mod: Limit one foe put to sleep\n|clearpoke\n|poke|p1|Goodra-Hisui, F|\n|poke|p1|Ceruledge, F|\n|poke|p1|Gliscor, F|\n|poke|p1|Hatterene, F|\n|poke|p1|Gastrodon-East, F|\n|poke|p1|Ditto|\n|poke|p2|Ursaluna, F|\n|poke|p2|Dragonite, M|\n|poke|p2|Slowking, F|\n|poke|p2|Tapu Koko|\n|poke|p2|Hoopa-Unbound|\n|poke|p2|Great Tusk|\n|teampreview\n|j| Durr plant100\n|inactive|Battle timer is ON: inactive players will automatically lose when time's up. (requested by UserJexx)\n|\n|t:|1700368922\n|start\n|switch|p1a: Medusa|Hatterene, F, shiny|100\/100\n|switch|p2a: Tapu Koko|Tapu Koko|100\/100\n|-fieldstart|move: Electric Terrain|[from] ability: Electric Surge|[of] p2a: Tapu Koko\n|turn|1\n|\n|t:|1700368929\n|switch|p1a: Nerites|Goodra-Hisui, F|100\/100\n|move|p2a: Tapu Koko|U-turn|p1a: Nerites\n|-resisted|p1a: Nerites\n|-damage|p1a: Nerites|93\/100\n|\n|t:|1700368939\n|switch|p2a: Ursaluna|Ursaluna, F|100\/100|[from] U-turn\n|\n|-status|p2a: Ursaluna|brn|[from] item: Flame Orb\n|upkeep\n|turn|2\n|\n|t:|1700368947\n|switch|p1a: Orion|Gliscor, F, shiny|100\/100\n|move|p2a: Ursaluna|Headlong Rush|p1a: Orion\n|-immune|p1a: Orion\n|\n|-damage|p2a: Ursaluna|94\/100 brn|[from] brn\n|-status|p1a: Orion|tox|[from] item: Toxic Orb\n|upkeep\n|turn|3\n|\n|t:|1700368953\n|switch|p1a: Hephaestus|Ceruledge, F, shiny|100\/100\n|-terastallize|p2a: Ursaluna|Normal\n|move|p2a: Ursaluna|Facade|p1a: Hephaestus\n|-immune|p1a: Hephaestus\n|\n|-damage|p2a: Ursaluna|88\/100 brn|[from] brn\n|upkeep\n|turn|4\n|\n|t:|1700368967\n|switch|p1a: Orion|Gliscor, F, shiny|100\/100 tox\n|move|p2a: Ursaluna|Throat Chop|p1a: Orion\n|-damage|p1a: Orion|73\/100 tox\n|-start|p1a: Orion|Throat Chop|[silent]\n|\n|-heal|p1a: Orion|85\/100 tox|[from] ability: Poison Heal\n|-damage|p2a: Ursaluna|82\/100 brn|[from] brn\n|upkeep\n|turn|5\n|\n|t:|1700368975\n|move|p1a: Orion|Earthquake|p2a: Ursaluna\n|-damage|p2a: Ursaluna|57\/100 brn\n|move|p2a: Ursaluna|Facade|p1a: Orion\n|-damage|p1a: Orion|0 fnt\n|faint|p1a: Orion\n|\n|-damage|p2a: Ursaluna|50\/100 brn|[from] brn\n|-fieldend|move: Electric Terrain\n|upkeep\n|\n|t:|1700368981\n|switch|p1a: Hephaestus|Ceruledge, F, shiny|100\/100\n|turn|6\n|\n|t:|1700368994\n|switch|p2a: Great Tusk|Great Tusk|100\/100\n|move|p1a: Hephaestus|Close Combat|p2a: Great Tusk\n|-damage|p2a: Great Tusk|77\/100\n|-unboost|p1a: Hephaestus|def|1\n|-unboost|p1a: Hephaestus|spd|1\n|\n|upkeep\n|turn|7\n|\n|t:|1700369003\n|switch|p1a: Poseidon|Gastrodon-East, F|100\/100\n|move|p2a: Great Tusk|Headlong Rush|p1a: Poseidon\n|-damage|p1a: Poseidon|20\/100\n|-unboost|p2a: Great Tusk|def|1\n|-unboost|p2a: Great Tusk|spd|1\n|\n|-heal|p1a: Poseidon|26\/100|[from] item: Leftovers\n|upkeep\n|turn|8\n|\n|t:|1700369011\n|move|p2a: Great Tusk|Headlong Rush|p1a: Poseidon\n|-damage|p1a: Poseidon|0 fnt\n|-unboost|p2a: Great Tusk|def|1\n|-unboost|p2a: Great Tusk|spd|1\n|faint|p1a: Poseidon\n|\n|upkeep\n|\n|t:|1700369014\n|switch|p1a: Medusa|Hatterene, F, shiny|100\/100\n|turn|9\n|\n|t:|1700369020\n|-end|p2a: Great Tusk|Protosynthesis|[silent]\n|switch|p2a: Slowking|Slowking, F|100\/100\n|move|p1a: Medusa|Draining Kiss|p2a: Slowking\n|-damage|p2a: Slowking|83\/100\n|\n|upkeep\n|turn|10\n|\n|t:|1700369024\n|move|p1a: Medusa|Giga Drain|p2a: Slowking\n|-supereffective|p2a: Slowking\n|-damage|p2a: Slowking|47\/100\n|move|p2a: Slowking|Teleport|p2a: Slowking\n|\n|t:|1700369027\n|switch|p2a: Ursaluna|Ursaluna, F, tera:Normal|50\/100 brn|[from] Teleport\n|\n|-damage|p2a: Ursaluna|44\/100 brn|[from] brn\n|upkeep\n|turn|11\n|\n|t:|1700369034\n|switch|p1a: Nerites|Goodra-Hisui, F|93\/100\n|move|p2a: Ursaluna|Headlong Rush|p1a: Nerites\n|-supereffective|p1a: Nerites\n|-damage|p1a: Nerites|0 fnt\n|-unboost|p2a: Ursaluna|def|1\n|-unboost|p2a: Ursaluna|spd|1\n|faint|p1a: Nerites\n|\n|-damage|p2a: Ursaluna|38\/100 brn|[from] brn\n|upkeep\n|\n|t:|1700369037\n|switch|p1a: Dolos|Ditto|100\/100\n|-transform|p1a: Dolos|p2a: Ursaluna|[from] ability: Imposter\n|turn|12\n|\n|t:|1700369050\n|switch|p2a: Great Tusk|Great Tusk|77\/100\n|move|p1a: Dolos|Headlong Rush|p2a: Great Tusk\n|-damage|p2a: Great Tusk|31\/100\n|-unboost|p1a: Dolos|def|1\n|-unboost|p1a: Dolos|spd|1\n|\n|upkeep\n|turn|13\n|\n|t:|1700369056\n|move|p2a: Great Tusk|Headlong Rush|p1a: Dolos\n|-damage|p1a: Dolos|0 fnt\n|-unboost|p2a: Great Tusk|def|1\n|-unboost|p2a: Great Tusk|spd|1\n|faint|p1a: Dolos\n|\n|upkeep\n|\n|t:|1700369059\n|switch|p1a: Medusa|Hatterene, F, shiny|100\/100\n|turn|14\n|\n|t:|1700369062\n|move|p2a: Great Tusk|Headlong Rush|p1a: Medusa\n|-damage|p1a: Medusa|17\/100\n|-unboost|p2a: Great Tusk|def|1\n|-unboost|p2a: Great Tusk|spd|1\n|move|p1a: Medusa|Giga Drain|p2a: Great Tusk\n|-supereffective|p2a: Great Tusk\n|-damage|p2a: Great Tusk|0 fnt\n|-heal|p1a: Medusa|44\/100|[from] drain|[of] p2a: Great Tusk\n|faint|p2a: Great Tusk\n|-end|p2a: Great Tusk|Protosynthesis|[silent]\n|\n|upkeep\n|\n|t:|1700369065\n|switch|p2a: Tapu Koko|Tapu Koko|100\/100\n|-fieldstart|move: Electric Terrain|[from] ability: Electric Surge|[of] p2a: Tapu Koko\n|turn|15\n|\n|t:|1700369068\n|switch|p1a: Hephaestus|Ceruledge, F, shiny|100\/100\n|move|p2a: Tapu Koko|Thunderbolt|p1a: Hephaestus\n|-damage|p1a: Hephaestus|9\/100\n|\n|upkeep\n|turn|16\n|\n|t:|1700369073\n|-terastallize|p1a: Hephaestus|Fire\n|move|p1a: Hephaestus|Bitter Blade|p2a: Tapu Koko\n|-damage|p2a: Tapu Koko|16\/100\n|-heal|p1a: Hephaestus|50\/100|[from] drain|[of] p2a: Tapu Koko\n|move|p2a: Tapu Koko|Thunderbolt|p1a: Hephaestus\n|-damage|p1a: Hephaestus|0 fnt\n|faint|p1a: Hephaestus\n|\n|upkeep\n|-message|UserJexx forfeited.\n|\n|win|baigu2\n|raw|UserJexx's rating: 1699 &rarr; <strong>1684<\/strong><br \/>(-15 for losing)\n|raw|baigu2's rating: 1781 &rarr; <strong>1796<\/strong><br \/>(+15 for winning)\n","uploadtime":1700369085,"views":7,"p1id":"userjexx","p2id":"baigu2","formatid":"gen9nationaldex","rating":1684,"private":0,"password":""}