{"id":"gen9nationaldex-1996691563","p1":"conkzilla","p2":"LimeyAce","format":"[Gen 9] National Dex","log":"|html|<div class=\"broadcast-blue\"><strong>[Gen 9] National Dex is currently suspecting Sneasler! For information on how to participate check out the <a href=\"https:\/\/www.smogon.com\/forums\/threads\/sv-national-dex-suspect-8-just-dance.3731534\/\">suspect thread<\/a>.<\/strong><\/div>\n|j|\u2606conkzilla\n|j|\u2606LimeyAce\n|t:|1700710318\n|gametype|singles\n|player|p1|conkzilla|gardenia|\n|player|p2|LimeyAce|iris|\n|teamsize|p1|6\n|teamsize|p2|6\n|gen|9\n|tier|[Gen 9] National Dex\n|rule|HP Percentage Mod: HP is shown in percentages\n|rule|Endless Battle Clause: Forcing endless battles is banned\n|rule|OHKO Clause: OHKO moves are banned\n|rule|Evasion Clause: Evasion abilities, items, and moves are banned\n|rule|Evasion Abilities Clause: Evasion abilities are banned\n|rule|Evasion Items Clause: Evasion items are banned\n|rule|Evasion Moves Clause: Evasion moves are banned\n|rule|Species Clause: Limit one of each Pok\u00e9mon\n|rule|Sleep Clause Mod: Limit one foe put to sleep\n|clearpoke\n|poke|p1|Iron Valiant|\n|poke|p1|Lilligant-Hisui, F|\n|poke|p1|Weavile, F|\n|poke|p1|Blaziken, M|\n|poke|p1|Greninja-*, M|\n|poke|p1|Ogerpon, F|\n|poke|p2|Gliscor, M|\n|poke|p2|Ferrothorn, M|\n|poke|p2|Tsareena, F|\n|poke|p2|Galvantula, F|\n|poke|p2|Basculegion, M|\n|poke|p2|Garchomp, F|\n|teampreview\n|\n|t:|1700710358\n|start\n|switch|p1a: Princess Fiona|Ogerpon, F|100\/100\n|switch|p2a: Joltz|Galvantula, F|100\/100\n|turn|1\n|\n|t:|1700710366\n|move|p1a: Princess Fiona|Swords Dance|p1a: Princess Fiona\n|-boost|p1a: Princess Fiona|atk|2\n|move|p2a: Joltz|Thunder Wave|p1a: Princess Fiona\n|-status|p1a: Princess Fiona|par\n|\n|upkeep\n|turn|2\n|\n|t:|1700710374\n|move|p2a: Joltz|Sticky Web|p1a: Princess Fiona\n|-sidestart|p1: conkzilla|move: Sticky Web\n|move|p1a: Princess Fiona|Knock Off|p2a: Joltz\n|-enditem|p2a: Joltz|Focus Sash\n|-damage|p2a: Joltz|1\/100\n|\n|upkeep\n|turn|3\n|l|\u2606conkzilla\n|player|p1|\n|j|\u2606conkzilla\n|player|p1|conkzilla|gardenia\n|c|\u2606LimeyAce|Hi\n|\n|t:|1700710426\n|move|p2a: Joltz|Bug Buzz|p1a: Princess Fiona\n|-supereffective|p1a: Princess Fiona\n|-damage|p1a: Princess Fiona|13\/100 par\n|move|p1a: Princess Fiona|Zen Headbutt|p2a: Joltz|[miss]\n|-miss|p1a: Princess Fiona|p2a: Joltz\n|\n|-heal|p1a: Princess Fiona|19\/100 par|[from] item: Leftovers\n|upkeep\n|turn|4\n|\n|t:|1700710439\n|move|p2a: Joltz|Bug Buzz|p1a: Princess Fiona\n|-supereffective|p1a: Princess Fiona\n|-damage|p1a: Princess Fiona|0 fnt\n|faint|p1a: Princess Fiona\n|\n|upkeep\n|\n|t:|1700710448\n|switch|p1a: Bird Up!!|Blaziken, M|100\/100\n|-activate|p1a: Bird Up!!|move: Sticky Web\n|-unboost|p1a: Bird Up!!|spe|1\n|turn|5\n|\n|t:|1700710455\n|move|p1a: Bird Up!!|Protect|p1a: Bird Up!!\n|-singleturn|p1a: Bird Up!!|Protect\n|move|p2a: Joltz|Thunder Wave|p1a: Bird Up!!\n|-activate|p1a: Bird Up!!|move: Protect\n|\n|-ability|p1a: Bird Up!!|Speed Boost|boost\n|-boost|p1a: Bird Up!!|spe|1\n|upkeep\n|turn|6\n|\n|t:|1700710466\n|move|p1a: Bird Up!!|Protect||[still]\n|-fail|p1a: Bird Up!!\n|move|p2a: Joltz|Thunder Wave|p1a: Bird Up!!\n|-status|p1a: Bird Up!!|par\n|\n|-ability|p1a: Bird Up!!|Speed Boost|boost\n|-boost|p1a: Bird Up!!|spe|1\n|upkeep\n|turn|7\n|\n|t:|1700710474\n|move|p2a: Joltz|Thunder|p1a: Bird Up!!\n|-damage|p1a: Bird Up!!|30\/100 par\n|move|p1a: Bird Up!!|Swords Dance|p1a: Bird Up!!\n|-boost|p1a: Bird Up!!|atk|2\n|\n|-ability|p1a: Bird Up!!|Speed Boost|boost\n|-boost|p1a: Bird Up!!|spe|1\n|upkeep\n|turn|8\n|\n|t:|1700710484\n|move|p2a: Joltz|Thunder|p1a: Bird Up!!\n|-damage|p1a: Bird Up!!|0 fnt\n|faint|p1a: Bird Up!!\n|\n|upkeep\n|\n|t:|1700710495\n|switch|p1a: It's a Canon Event|Iron Valiant|100\/100\n|-activate|p1a: It's a Canon Event|move: Sticky Web\n|-unboost|p1a: It's a Canon Event|spe|1\n|-enditem|p1a: It's a Canon Event|Booster Energy\n|-activate|p1a: It's a Canon Event|ability: Quark Drive|[fromitem]\n|-start|p1a: It's a Canon Event|quarkdriveatk\n|turn|9\n|\n|t:|1700710507\n|move|p2a: Joltz|Thunder|p1a: It's a Canon Event\n|-damage|p1a: It's a Canon Event|18\/100\n|move|p1a: It's a Canon Event|Knock Off|p2a: Joltz\n|-damage|p2a: Joltz|0 fnt\n|faint|p2a: Joltz\n|\n|upkeep\n|\n|t:|1700710539\n|switch|p2a: Omnom|Garchomp, F|100\/100\n|turn|10\n|\n|t:|1700710553\n|-end|p1a: It's a Canon Event|Quark Drive|[silent]\n|switch|p1a: FLEENTSTONES!?!|Weavile, F|100\/100\n|-activate|p1a: FLEENTSTONES!?!|move: Sticky Web\n|-unboost|p1a: FLEENTSTONES!?!|spe|1\n|-ability|p1a: FLEENTSTONES!?!|Pressure\n|move|p2a: Omnom|Earthquake|p1a: FLEENTSTONES!?!\n|-damage|p1a: FLEENTSTONES!?!|0 fnt\n|faint|p1a: FLEENTSTONES!?!\n|-damage|p2a: Omnom|91\/100|[from] item: Life Orb\n|\n|upkeep\n|\n|t:|1700710564\n|switch|p1a: Nerfed as Hell|Greninja, M|100\/100\n|-activate|p1a: Nerfed as Hell|move: Sticky Web\n|-unboost|p1a: Nerfed as Hell|spe|1\n|turn|11\n|\n|t:|1700710578\n|-terastallize|p2a: Omnom|Steel\n|move|p2a: Omnom|Earthquake|p1a: Nerfed as Hell\n|-damage|p1a: Nerfed as Hell|0 fnt\n|faint|p1a: Nerfed as Hell\n|-damage|p2a: Omnom|81\/100|[from] item: Life Orb\n|\n|upkeep\n|\n|t:|1700710584\n|switch|p1a: Bad Apple|Lilligant-Hisui, F, shiny|100\/100\n|-activate|p1a: Bad Apple|move: Sticky Web\n|-unboost|p1a: Bad Apple|spe|1\n|turn|12\n|\n|t:|1700710597\n|move|p2a: Omnom|Iron Head|p1a: Bad Apple\n|-damage|p1a: Bad Apple|13\/100\n|-damage|p2a: Omnom|71\/100|[from] item: Life Orb\n|move|p1a: Bad Apple|Close Combat|p2a: Omnom\n|-supereffective|p2a: Omnom\n|-damage|p2a: Omnom|0 fnt\n|-unboost|p1a: Bad Apple|def|1\n|-unboost|p1a: Bad Apple|spd|1\n|-damage|p1a: Bad Apple|0 fnt|[from] ability: Rough Skin|[of] p2a: Omnom\n|faint|p2a: Omnom\n|faint|p1a: Bad Apple\n|\n|upkeep\n|\n|t:|1700710616\n|switch|p1a: It's a Canon Event|Iron Valiant|18\/100\n|switch|p2a: Guppy|Basculegion, M|100\/100\n|-activate|p1a: It's a Canon Event|move: Sticky Web\n|-unboost|p1a: It's a Canon Event|spe|1\n|turn|13\n|\n|t:|1700710623\n|move|p2a: Guppy|Psychic Fangs|p1a: It's a Canon Event\n|-supereffective|p1a: It's a Canon Event\n|-damage|p1a: It's a Canon Event|0 fnt\n|faint|p1a: It's a Canon Event\n|-end|p1a: It's a Canon Event|Quark Drive|[silent]\n|\n|win|LimeyAce\n|l|\u2606conkzilla\n","uploadtime":1700710630,"views":10,"p1id":"conkzilla","p2id":"limeyace","formatid":"gen9nationaldex","rating":0,"private":0,"password":""}