{"id":"gen9nationaldex-2000133072","p1":"Krysta11","p2":"mergency\u4e71\u821e","format":"[Gen 9] National Dex","log":"|html|<div class=\"broadcast-blue\"><strong>[Gen 9] National Dex is currently suspecting Sneasler! For information on how to participate check out the <a href=\"https:\/\/www.smogon.com\/forums\/threads\/sv-national-dex-suspect-8-just-dance.3731534\/\">suspect thread<\/a>.<\/strong><\/div>\n|j|\u2606Krysta11\n|j|\u2606mergency\u4e71\u821e\n|t:|1701160705\n|gametype|singles\n|player|p1|Krysta11|bellelba|1289\n|player|p2|mergency\u4e71\u821e|policeman-gen4|1301\n|teamsize|p1|6\n|teamsize|p2|6\n|gen|9\n|tier|[Gen 9] National Dex\n|rated|\n|rule|HP Percentage Mod: HP is shown in percentages\n|rule|Endless Battle Clause: Forcing endless battles is banned\n|rule|OHKO Clause: OHKO moves are banned\n|rule|Evasion Clause: Evasion abilities, items, and moves are banned\n|rule|Evasion Abilities Clause: Evasion abilities are banned\n|rule|Evasion Items Clause: Evasion items are banned\n|rule|Evasion Moves Clause: Evasion moves are banned\n|rule|Species Clause: Limit one of each Pok\u00e9mon\n|rule|Sleep Clause Mod: Limit one foe put to sleep\n|clearpoke\n|poke|p1|Ferrothorn, F|\n|poke|p1|Swampert, M|\n|poke|p1|Pelipper, F|\n|poke|p1|Urshifu-*, F|\n|poke|p1|Landorus-Therian, M|\n|poke|p1|Nidoking, M|\n|poke|p2|Mawile, F|\n|poke|p2|Marowak-Alola, F|\n|poke|p2|Hatterene, F|\n|poke|p2|Porygon2|\n|poke|p2|Ursaluna, F|\n|poke|p2|Crawdaunt, F|\n|teampreview\n|inactive|Battle timer is ON: inactive players will automatically lose when time's up. (requested by mergency\u4e71\u821e)\n|\n|t:|1701160717\n|start\n|switch|p1a: Urshifu|Urshifu-Rapid-Strike, F|100\/100\n|switch|p2a: Porygon2|Porygon2, shiny|100\/100\n|-ability|p2a: Porygon2|Unseen Fist|[from] ability: Trace|[of] p1a: Urshifu\n|turn|1\n|\n|t:|1701160728\n|move|p1a: Urshifu|Close Combat|p2a: Porygon2\n|-supereffective|p2a: Porygon2\n|-damage|p2a: Porygon2|32\/100\n|-unboost|p1a: Urshifu|def|1\n|-unboost|p1a: Urshifu|spd|1\n|move|p2a: Porygon2|Trick Room|p2a: Porygon2\n|-fieldstart|move: Trick Room|[of] p2a: Porygon2\n|\n|upkeep\n|turn|2\n|\n|t:|1701160746\n|switch|p1a: Landorus|Landorus-Therian, M|100\/100\n|-ability|p1a: Landorus|Intimidate|boost\n|-unboost|p2a: Porygon2|atk|1\n|move|p2a: Porygon2|Thunderbolt|p1a: Landorus\n|-immune|p1a: Landorus\n|\n|upkeep\n|turn|3\n|\n|t:|1701160756\n|move|p1a: Landorus|Knock Off|p2a: Porygon2\n|-damage|p2a: Porygon2|17\/100\n|-enditem|p2a: Porygon2|Eviolite|[from] move: Knock Off|[of] p1a: Landorus\n|move|p2a: Porygon2|Teleport|p2a: Porygon2\n|\n|t:|1701160760\n|switch|p2a: Ursaluna|Ursaluna, F, shiny|100\/100|[from] Teleport\n|\n|-status|p2a: Ursaluna|brn|[from] item: Flame Orb\n|upkeep\n|turn|4\n|\n|t:|1701160769\n|-terastallize|p2a: Ursaluna|Normal\n|move|p2a: Ursaluna|Facade|p1a: Landorus\n|-damage|p1a: Landorus|0 fnt\n|faint|p1a: Landorus\n|\n|-damage|p2a: Ursaluna|94\/100 brn|[from] brn\n|upkeep\n|\n|t:|1701160783\n|switch|p1a: Ferrothorn|Ferrothorn, F, shiny|100\/100\n|turn|5\n|\n|t:|1701160792\n|move|p1a: Ferrothorn|Stealth Rock|p2a: Ursaluna\n|-sidestart|p2: mergency\u4e71\u821e|move: Stealth Rock\n|move|p2a: Ursaluna|Fire Punch|p1a: Ferrothorn\n|-supereffective|p1a: Ferrothorn\n|-damage|p1a: Ferrothorn|0 fnt\n|-damage|p2a: Ursaluna|82\/100 brn|[from] ability: Iron Barbs|[of] p1a: Ferrothorn\n|-damage|p2a: Ursaluna|66\/100 brn|[from] item: Rocky Helmet|[of] p1a: Ferrothorn\n|faint|p1a: Ferrothorn\n|\n|-damage|p2a: Ursaluna|59\/100 brn|[from] brn\n|-fieldend|move: Trick Room\n|upkeep\n|\n|t:|1701160797\n|switch|p1a: Urshifu|Urshifu-Rapid-Strike, F|100\/100\n|turn|6\n|\n|t:|1701160802\n|switch|p2a: Porygon2|Porygon2, shiny|17\/100\n|-damage|p2a: Porygon2|5\/100|[from] Stealth Rock\n|-ability|p2a: Porygon2|Unseen Fist|[from] ability: Trace|[of] p1a: Urshifu\n|move|p1a: Urshifu|Close Combat|p2a: Porygon2\n|-supereffective|p2a: Porygon2\n|-damage|p2a: Porygon2|0 fnt\n|-unboost|p1a: Urshifu|def|1\n|-unboost|p1a: Urshifu|spd|1\n|faint|p2a: Porygon2\n|\n|upkeep\n|\n|t:|1701160811\n|switch|p2a: Hatterene|Hatterene, F, shiny|100\/100\n|-damage|p2a: Hatterene|88\/100|[from] Stealth Rock\n|turn|7\n|\n|t:|1701160818\n|switch|p1a: Nidoking|Nidoking, M|100\/100\n|move|p2a: Hatterene|Trick Room|p2a: Hatterene\n|-fieldstart|move: Trick Room|[of] p2a: Hatterene\n|\n|upkeep\n|turn|8\n|\n|t:|1701160830\n|switch|p2a: Mawile|Mawile, F, shiny|100\/100\n|-damage|p2a: Mawile|95\/100|[from] Stealth Rock\n|-ability|p2a: Mawile|Intimidate|boost\n|-unboost|p1a: Nidoking|atk|1\n|move|p1a: Nidoking|Ice Beam|p2a: Mawile\n|-resisted|p2a: Mawile\n|-damage|p2a: Mawile|53\/100\n|\n|upkeep\n|turn|9\n|\n|t:|1701160846\n|detailschange|p2a: Mawile|Mawile-Mega, F, shiny\n|-mega|p2a: Mawile|Mawile|Mawilite\n|move|p2a: Mawile|Play Rough|p1a: Nidoking\n|-resisted|p1a: Nidoking\n|-damage|p1a: Nidoking|34\/100\n|-unboost|p1a: Nidoking|atk|1\n|move|p1a: Nidoking|Flamethrower|p2a: Mawile\n|-supereffective|p2a: Mawile\n|-damage|p2a: Mawile|0 fnt\n|faint|p2a: Mawile\n|\n|upkeep\n|\n|t:|1701160855\n|switch|p2a: Ursaluna|Ursaluna, F, shiny, tera:Normal|59\/100 brn\n|-damage|p2a: Ursaluna|47\/100 brn|[from] Stealth Rock\n|turn|10\n|\n|t:|1701160865\n|move|p2a: Ursaluna|Facade|p1a: Nidoking\n|-damage|p1a: Nidoking|0 fnt\n|faint|p1a: Nidoking\n|\n|-damage|p2a: Ursaluna|41\/100 brn|[from] brn\n|upkeep\n|\n|t:|1701160872\n|switch|p1a: Swampert|Swampert, M|100\/100\n|turn|11\n|\n|t:|1701160881\n|move|p1a: Swampert|Protect|p1a: Swampert\n|-singleturn|p1a: Swampert|Protect\n|move|p2a: Ursaluna|Facade|p1a: Swampert\n|-activate|p1a: Swampert|move: Protect\n|\n|-damage|p2a: Ursaluna|35\/100 brn|[from] brn\n|-fieldend|move: Trick Room\n|upkeep\n|turn|12\n|\n|t:|1701160889\n|switch|p2a: Crawdaunt|Crawdaunt, F|100\/100\n|-damage|p2a: Crawdaunt|88\/100|[from] Stealth Rock\n|detailschange|p1a: Swampert|Swampert-Mega, M\n|-mega|p1a: Swampert|Swampert|Swampertite\n|move|p1a: Swampert|Liquidation|p2a: Crawdaunt\n|-resisted|p2a: Crawdaunt\n|-damage|p2a: Crawdaunt|55\/100\n|\n|upkeep\n|turn|13\n|\n|t:|1701160905\n|move|p1a: Swampert|Earthquake|p2a: Crawdaunt\n|-crit|p2a: Crawdaunt\n|-damage|p2a: Crawdaunt|0 fnt\n|faint|p2a: Crawdaunt\n|\n|upkeep\n|\n|t:|1701160909\n|switch|p2a: Hatterene|Hatterene, F, shiny|88\/100\n|-damage|p2a: Hatterene|76\/100|[from] Stealth Rock\n|turn|14\n|\n|t:|1701160913\n|move|p1a: Swampert|Earthquake|p2a: Hatterene\n|-damage|p2a: Hatterene|0 fnt\n|faint|p2a: Hatterene\n|\n|upkeep\n|-message|mergency\u4e71\u821e forfeited.\n|\n|win|Krysta11\n|raw|Krysta11's rating: 1289 &rarr; <strong>1315<\/strong><br \/>(+26 for winning)\n|raw|mergency\u4e71\u821e's rating: 1301 &rarr; <strong>1280<\/strong><br \/>(-21 for losing)\n|l|\u2606mergency\u4e71\u821e\n","uploadtime":1701160925,"views":2,"p1id":"krysta11","p2id":"mergency","formatid":"gen9nationaldex","rating":1280,"private":0,"password":""}