{"id":"gen9nationaldex-1996662194","p1":"InsBAPlayer","p2":"noobmaster9817","format":"[Gen 9] National Dex","log":"|html|<div class=\"broadcast-blue\"><strong>[Gen 9] National Dex is currently suspecting Sneasler! For information on how to participate check out the <a href=\"https:\/\/www.smogon.com\/forums\/threads\/sv-national-dex-suspect-8-just-dance.3731534\/\">suspect thread<\/a>.<\/strong><\/div>\n|j|\u2606InsBAPlayer\n|j|\u2606noobmaster9817\n|t:|1700706635\n|gametype|singles\n|player|p1|InsBAPlayer|169|1191\n|player|p2|noobmaster9817|policeman-gen4|1129\n|teamsize|p1|6\n|teamsize|p2|6\n|gen|9\n|tier|[Gen 9] National Dex\n|rated|\n|rule|HP Percentage Mod: HP is shown in percentages\n|rule|Endless Battle Clause: Forcing endless battles is banned\n|rule|OHKO Clause: OHKO moves are banned\n|rule|Evasion Clause: Evasion abilities, items, and moves are banned\n|rule|Evasion Abilities Clause: Evasion abilities are banned\n|rule|Evasion Items Clause: Evasion items are banned\n|rule|Evasion Moves Clause: Evasion moves are banned\n|rule|Species Clause: Limit one of each Pok\u00e9mon\n|rule|Sleep Clause Mod: Limit one foe put to sleep\n|clearpoke\n|poke|p1|Galvantula, M|\n|poke|p1|Pinsir, M|\n|poke|p1|Forretress, M|\n|poke|p1|Araquanid, F|\n|poke|p1|Venomoth, F|\n|poke|p1|Lokix, M|\n|poke|p2|Gyarados, F|\n|poke|p2|Zamazenta-*|\n|poke|p2|Aegislash, M|\n|poke|p2|Gliscor, F|\n|poke|p2|Terrakion|\n|poke|p2|Tornadus-Therian, M|\n|teampreview\n|inactive|Battle timer is ON: inactive players will automatically lose when time's up. (requested by noobmaster9817)\n|inactive|InsBAPlayer also wants the timer to be on.\n|\n|t:|1700706651\n|start\n|switch|p1a: Galvantula|Galvantula, M|100\/100\n|switch|p2a: Gliscor|Gliscor, F, shiny|100\/100\n|turn|1\n|\n|t:|1700706658\n|move|p1a: Galvantula|Hidden Power|p2a: Gliscor\n|-supereffective|p2a: Gliscor\n|-damage|p2a: Gliscor|28\/100\n|-damage|p1a: Galvantula|91\/100|[from] item: Life Orb\n|move|p2a: Gliscor|Earthquake|p1a: Galvantula\n|-damage|p1a: Galvantula|27\/100\n|\n|-status|p2a: Gliscor|tox|[from] item: Toxic Orb\n|upkeep\n|turn|2\n|\n|t:|1700706677\n|switch|p2a: Tornadus|Tornadus-Therian, M, shiny|100\/100\n|move|p1a: Galvantula|Sticky Web|p2a: Tornadus\n|-sidestart|p2: noobmaster9817|move: Sticky Web\n|\n|upkeep\n|turn|3\n|\n|t:|1700706683\n|move|p2a: Tornadus|Knock Off|p1a: Galvantula\n|-damage|p1a: Galvantula|0 fnt\n|-enditem|p1a: Galvantula|Life Orb|[from] move: Knock Off|[of] p2a: Tornadus\n|faint|p1a: Galvantula\n|\n|upkeep\n|\n|t:|1700706692\n|switch|p1a: Lokix|Lokix, M|100\/100\n|turn|4\n|\n|t:|1700706698\n|move|p1a: Lokix|First Impression|p2a: Tornadus\n|-resisted|p2a: Tornadus\n|-damage|p2a: Tornadus|40\/100\n|-damage|p1a: Lokix|91\/100|[from] item: Life Orb\n|move|p2a: Tornadus|Hurricane|p1a: Lokix\n|-supereffective|p1a: Lokix\n|-damage|p1a: Lokix|0 fnt\n|faint|p1a: Lokix\n|\n|upkeep\n|\n|t:|1700706707\n|switch|p1a: Venomoth|Venomoth, F|100\/100\n|turn|5\n|\n|t:|1700706713\n|-terastallize|p1a: Venomoth|Water\n|move|p2a: Tornadus|Heat Wave|p1a: Venomoth\n|-resisted|p1a: Venomoth\n|-damage|p1a: Venomoth|82\/100\n|move|p1a: Venomoth|Quiver Dance|p1a: Venomoth\n|-boost|p1a: Venomoth|spa|1\n|-boost|p1a: Venomoth|spd|1\n|-boost|p1a: Venomoth|spe|1\n|\n|-damage|p1a: Venomoth|69\/100|[from] item: Black Sludge\n|upkeep\n|turn|6\n|\n|t:|1700706725\n|move|p1a: Venomoth|Quiver Dance|p1a: Venomoth\n|-boost|p1a: Venomoth|spa|1\n|-boost|p1a: Venomoth|spd|1\n|-boost|p1a: Venomoth|spe|1\n|move|p2a: Tornadus|Hurricane|p1a: Venomoth\n|-crit|p1a: Venomoth\n|-damage|p1a: Venomoth|0 fnt\n|faint|p1a: Venomoth\n|\n|upkeep\n|\n|t:|1700706736\n|switch|p1a: Forretress|Forretress, M|100\/100\n|turn|7\n|\n|t:|1700706739\n|move|p2a: Tornadus|Heat Wave|p1a: Forretress\n|-supereffective|p1a: Forretress\n|-ability|p1a: Forretress|Sturdy\n|-damage|p1a: Forretress|1\/100\n|move|p1a: Forretress|Gyro Ball|p2a: Tornadus\n|-damage|p2a: Tornadus|0 fnt\n|faint|p2a: Tornadus\n|\n|upkeep\n|\n|t:|1700706751\n|switch|p2a: Gliscor|Gliscor, F, shiny|28\/100 tox\n|turn|8\n|\n|t:|1700706754\n|move|p2a: Gliscor|Roost|p2a: Gliscor\n|-heal|p2a: Gliscor|78\/100 tox\n|-singleturn|p2a: Gliscor|move: Roost\n|move|p1a: Forretress|Ice Spinner|p2a: Gliscor\n|-supereffective|p2a: Gliscor\n|-damage|p2a: Gliscor|43\/100 tox\n|\n|-heal|p2a: Gliscor|55\/100 tox|[from] ability: Poison Heal\n|upkeep\n|turn|9\n|\n|t:|1700706761\n|move|p2a: Gliscor|Roost|p2a: Gliscor\n|-heal|p2a: Gliscor|100\/100 tox\n|-singleturn|p2a: Gliscor|move: Roost\n|move|p1a: Forretress|Gyro Ball|p2a: Gliscor\n|-damage|p2a: Gliscor|71\/100 tox\n|\n|-heal|p2a: Gliscor|84\/100 tox|[from] ability: Poison Heal\n|upkeep\n|turn|10\n|\n|t:|1700706766\n|switch|p1a: Araquanid|Araquanid, F|100\/100\n|move|p2a: Gliscor|Defog|p1a: Araquanid\n|-unboost|p1a: Araquanid|evasion|1\n|-sideend|p2: noobmaster9817|Sticky Web|[from] move: Defog|[of] p2a: Gliscor\n|\n|-heal|p2a: Gliscor|96\/100 tox|[from] ability: Poison Heal\n|upkeep\n|turn|11\n|\n|t:|1700706775\n|switch|p2a: Gyarados|Gyarados, F, shiny|100\/100\n|-ability|p2a: Gyarados|Intimidate|boost\n|-unboost|p1a: Araquanid|atk|1\n|move|p1a: Araquanid|Liquidation|p2a: Gyarados\n|-resisted|p2a: Gyarados\n|-damage|p2a: Gyarados|62\/100\n|\n|upkeep\n|turn|12\n|\n|t:|1700706786\n|move|p2a: Gyarados|Dragon Dance|p2a: Gyarados\n|-boost|p2a: Gyarados|atk|1\n|-boost|p2a: Gyarados|spe|1\n|move|p1a: Araquanid|Liquidation|p2a: Gyarados\n|-resisted|p2a: Gyarados\n|-damage|p2a: Gyarados|20\/100\n|\n|upkeep\n|turn|13\n|\n|t:|1700706795\n|detailschange|p2a: Gyarados|Gyarados-Mega, F, shiny\n|-mega|p2a: Gyarados|Gyarados|Gyaradosite\n|-ability|p2a: Gyarados|Mold Breaker\n|move|p2a: Gyarados|Crunch|p1a: Araquanid\n|-damage|p1a: Araquanid|0 fnt\n|faint|p1a: Araquanid\n|\n|upkeep\n|\n|t:|1700706802\n|switch|p1a: Pinsir|Pinsir, M|100\/100\n|turn|14\n|\n|t:|1700706806\n|move|p1a: Pinsir|Quick Attack|p2a: Gyarados\n|-damage|p2a: Gyarados|6\/100\n|move|p2a: Gyarados|Waterfall|p1a: Pinsir\n|-damage|p1a: Pinsir|0 fnt\n|faint|p1a: Pinsir\n|\n|upkeep\n|-message|InsBAPlayer forfeited.\n|\n|win|noobmaster9817\n|raw|InsBAPlayer's rating: 1191 &rarr; <strong>1162<\/strong><br \/>(-29 for losing)\n|raw|noobmaster9817's rating: 1129 &rarr; <strong>1158<\/strong><br \/>(+29 for winning)\n|l|\u2606InsBAPlayer\n|j|\u2606InsBAPlayer\n|player|p1|InsBAPlayer|169\n","uploadtime":1700706816,"views":2,"p1id":"insbaplayer","p2id":"noobmaster9817","formatid":"gen9nationaldex","rating":1158,"private":0,"password":""}