{"id":"gen9nationaldex-1993423247","p1":"haokunya","p2":"baigu2","format":"[Gen 9] National Dex","log":"|j|\u2606haokunya\n|j|\u2606baigu2\n|t:|1700315963\n|gametype|singles\n|player|p1|haokunya|red|1658\n|player|p2|baigu2|dawn|1789\n|teamsize|p1|6\n|teamsize|p2|6\n|gen|9\n|tier|[Gen 9] National Dex\n|rated|\n|rule|HP Percentage Mod: HP is shown in percentages\n|rule|Endless Battle Clause: Forcing endless battles is banned\n|rule|OHKO Clause: OHKO moves are banned\n|rule|Evasion Clause: Evasion abilities, items, and moves are banned\n|rule|Evasion Abilities Clause: Evasion abilities are banned\n|rule|Evasion Items Clause: Evasion items are banned\n|rule|Evasion Moves Clause: Evasion moves are banned\n|rule|Species Clause: Limit one of each Pok\u00e9mon\n|rule|Sleep Clause Mod: Limit one foe put to sleep\n|clearpoke\n|poke|p1|Charizard, F|\n|poke|p1|Hatterene, F|\n|poke|p1|Great Tusk|\n|poke|p1|Heatran, M|\n|poke|p1|Rillaboom, M|\n|poke|p1|Sneasler, M|\n|poke|p2|Ursaluna, M|\n|poke|p2|Dragonite, M|\n|poke|p2|Slowking, M|\n|poke|p2|Tapu Koko|\n|poke|p2|Hoopa-Unbound|\n|poke|p2|Great Tusk|\n|teampreview\n|inactive|Battle timer is ON: inactive players will automatically lose when time's up. (requested by haokunya)\n|\n|t:|1700315976\n|start\n|switch|p1a: Charizard|Charizard, F|100\/100\n|switch|p2a: Great Tusk|Great Tusk|100\/100\n|turn|1\n|\n|t:|1700315980\n|-end|p2a: Great Tusk|Protosynthesis|[silent]\n|switch|p2a: Slowking|Slowking, M|100\/100\n|detailschange|p1a: Charizard|Charizard-Mega-Y, F\n|-mega|p1a: Charizard|Charizard|Charizardite Y\n|-weather|SunnyDay|[from] ability: Drought|[of] p1a: Charizard\n|move|p1a: Charizard|Weather Ball|p2a: Slowking\n|-resisted|p2a: Slowking\n|-damage|p2a: Slowking|72\/100\n|\n|-weather|SunnyDay|[upkeep]\n|upkeep\n|turn|2\n|\n|t:|1700315990\n|switch|p2a: Dragonite|Dragonite, M|100\/100\n|move|p1a: Charizard|Air Slash|p2a: Dragonite\n|-damage|p2a: Dragonite|80\/100\n|\n|-weather|SunnyDay|[upkeep]\n|upkeep\n|turn|3\n|\n|t:|1700316014\n|switch|p1a: Great Tusk|Great Tusk|100\/100\n|-activate|p1a: Great Tusk|ability: Protosynthesis\n|-start|p1a: Great Tusk|protosynthesisatk\n|switch|p2a: Slowking|Slowking, M|100\/100\n|\n|-weather|SunnyDay|[upkeep]\n|upkeep\n|turn|4\n|\n|t:|1700316022\n|move|p1a: Great Tusk|Rapid Spin|p2a: Slowking\n|-damage|p2a: Slowking|78\/100\n|-boost|p1a: Great Tusk|spe|1\n|move|p2a: Slowking|Teleport|p2a: Slowking\n|\n|t:|1700316026\n|switch|p2a: Great Tusk|Great Tusk|100\/100|[from] Teleport\n|-activate|p2a: Great Tusk|ability: Protosynthesis\n|-start|p2a: Great Tusk|protosynthesisatk\n|\n|-weather|SunnyDay|[upkeep]\n|upkeep\n|turn|5\n|\n|t:|1700316031\n|-zpower|p1a: Great Tusk\n|move|p1a: Great Tusk|Subzero Slammer|p2a: Great Tusk|[zeffect]\n|-supereffective|p2a: Great Tusk\n|-damage|p2a: Great Tusk|6\/100\n|move|p2a: Great Tusk|Ice Spinner|p1a: Great Tusk\n|-supereffective|p1a: Great Tusk\n|-damage|p1a: Great Tusk|44\/100\n|\n|-weather|none\n|-end|p1a: Great Tusk|Protosynthesis\n|-end|p2a: Great Tusk|Protosynthesis\n|upkeep\n|turn|6\n|\n|t:|1700316045\n|-end|p2a: Great Tusk|Protosynthesis|[silent]\n|switch|p2a: Slowking|Slowking, M|100\/100\n|move|p1a: Great Tusk|Rapid Spin|p2a: Slowking\n|-damage|p2a: Slowking|82\/100\n|-boost|p1a: Great Tusk|spe|1\n|\n|upkeep\n|turn|7\n|\n|t:|1700316050\n|-end|p1a: Great Tusk|Protosynthesis|[silent]\n|switch|p1a: Rillaboom|Rillaboom, M|100\/100\n|-fieldstart|move: Grassy Terrain|[from] ability: Grassy Surge|[of] p1a: Rillaboom\n|move|p2a: Slowking|Scald|p1a: Rillaboom\n|-resisted|p1a: Rillaboom\n|-damage|p1a: Rillaboom|81\/100\n|\n|-heal|p1a: Rillaboom|87\/100|[from] Grassy Terrain\n|-heal|p2a: Slowking|88\/100|[from] Grassy Terrain\n|upkeep\n|turn|8\n|\n|t:|1700316057\n|switch|p2a: Dragonite|Dragonite, M|80\/100\n|move|p1a: Rillaboom|U-turn|p2a: Dragonite\n|-resisted|p2a: Dragonite\n|-damage|p2a: Dragonite|64\/100\n|\n|t:|1700316066\n|switch|p1a: Hatterene|Hatterene, F|100\/100|[from] U-turn\n|\n|upkeep\n|turn|9\n|\n|t:|1700316071\n|switch|p2a: Ursaluna|Ursaluna, M|100\/100\n|move|p1a: Hatterene|Calm Mind|p1a: Hatterene\n|-boost|p1a: Hatterene|spa|1\n|-boost|p1a: Hatterene|spd|1\n|\n|-status|p2a: Ursaluna|brn|[from] item: Flame Orb\n|upkeep\n|turn|10\n|\n|t:|1700316079\n|move|p2a: Ursaluna|Facade|p1a: Hatterene\n|-damage|p1a: Hatterene|0 fnt\n|faint|p1a: Hatterene\n|\n|-damage|p2a: Ursaluna|94\/100 brn|[from] brn\n|upkeep\n|\n|t:|1700316082\n|switch|p1a: Charizard|Charizard-Mega-Y, F|100\/100\n|-weather|SunnyDay|[from] ability: Drought|[of] p1a: Charizard\n|turn|11\n|\n|t:|1700316087\n|-terastallize|p2a: Ursaluna|Normal\n|move|p1a: Charizard|Weather Ball|p2a: Ursaluna\n|-damage|p2a: Ursaluna|11\/100 brn\n|move|p2a: Ursaluna|Facade|p1a: Charizard\n|-damage|p1a: Charizard|0 fnt\n|faint|p1a: Charizard\n|\n|-weather|SunnyDay|[upkeep]\n|-heal|p2a: Ursaluna|18\/100 brn|[from] Grassy Terrain\n|-damage|p2a: Ursaluna|11\/100 brn|[from] brn\n|-fieldend|move: Grassy Terrain\n|upkeep\n|\n|t:|1700316095\n|switch|p1a: Heatran|Heatran, M|100\/100\n|turn|12\n|\n|t:|1700316103\n|switch|p2a: Hoopa|Hoopa-Unbound|100\/100\n|-terastallize|p1a: Heatran|Fire\n|move|p1a: Heatran|Eruption|p2a: Hoopa\n|-crit|p2a: Hoopa\n|-damage|p2a: Hoopa|0 fnt\n|faint|p2a: Hoopa\n|\n|-weather|SunnyDay|[upkeep]\n|upkeep\n|\n|t:|1700316106\n|switch|p2a: Slowking|Slowking, M|100\/100\n|turn|13\n|\n|t:|1700316113\n|switch|p1a: Rillaboom|Rillaboom, M|87\/100\n|-fieldstart|move: Grassy Terrain|[from] ability: Grassy Surge|[of] p1a: Rillaboom\n|move|p2a: Slowking|Trick Room|p2a: Slowking\n|-fieldstart|move: Trick Room|[of] p2a: Slowking\n|\n|-weather|SunnyDay|[upkeep]\n|-heal|p1a: Rillaboom|93\/100|[from] Grassy Terrain\n|upkeep\n|turn|14\n|\n|t:|1700316120\n|switch|p2a: Dragonite|Dragonite, M|64\/100\n|move|p1a: Rillaboom|Wood Hammer|p2a: Dragonite\n|-resisted|p2a: Dragonite\n|-damage|p2a: Dragonite|36\/100\n|-damage|p1a: Rillaboom|83\/100|[from] Recoil\n|\n|-weather|SunnyDay|[upkeep]\n|-heal|p1a: Rillaboom|89\/100|[from] Grassy Terrain\n|upkeep\n|turn|15\n|\n|t:|1700316126\n|switch|p1a: Great Tusk|Great Tusk|44\/100\n|-activate|p1a: Great Tusk|ability: Protosynthesis\n|-start|p1a: Great Tusk|protosynthesisatk\n|move|p2a: Dragonite|Dual Wingbeat|p1a: Great Tusk\n|-supereffective|p1a: Great Tusk\n|-damage|p1a: Great Tusk|0 fnt\n|faint|p1a: Great Tusk\n|-end|p1a: Great Tusk|Protosynthesis|[silent]\n|-hitcount|p1: Great Tusk|1\n|\n|-weather|none\n|upkeep\n|\n|t:|1700316141\n|switch|p1a: Heatran|Heatran, M, tera:Fire|100\/100\n|turn|16\n|\n|t:|1700316144\n|switch|p2a: Slowking|Slowking, M|100\/100\n|move|p1a: Heatran|Power Gem|p2a: Slowking\n|-damage|p2a: Slowking|85\/100\n|\n|-heal|p2a: Slowking|91\/100|[from] Grassy Terrain\n|upkeep\n|turn|17\n|\n|t:|1700316151\n|switch|p1a: Rillaboom|Rillaboom, M|89\/100\n|move|p2a: Slowking|Teleport|p2a: Slowking\n|\n|t:|1700316157\n|switch|p2a: Tapu Koko|Tapu Koko|100\/100|[from] Teleport\n|-fieldstart|move: Electric Terrain|[from] ability: Electric Surge|[of] p2a: Tapu Koko\n|\n|-fieldend|move: Trick Room\n|upkeep\n|turn|18\n|\n|t:|1700316160\n|move|p2a: Tapu Koko|Dazzling Gleam|p1a: Rillaboom\n|-damage|p1a: Rillaboom|25\/100\n|move|p1a: Rillaboom|U-turn|p2a: Tapu Koko\n|-resisted|p2a: Tapu Koko\n|-damage|p2a: Tapu Koko|72\/100\n|\n|t:|1700316163\n|switch|p1a: Heatran|Heatran, M, tera:Fire|100\/100|[from] U-turn\n|\n|upkeep\n|turn|19\n|\n|t:|1700316166\n|switch|p1a: Rillaboom|Rillaboom, M|25\/100\n|-fieldstart|move: Grassy Terrain|[from] ability: Grassy Surge|[of] p1a: Rillaboom\n|switch|p2a: Slowking|Slowking, M|100\/100\n|\n|-heal|p1a: Rillaboom|31\/100|[from] Grassy Terrain\n|upkeep\n|turn|20\n|\n|t:|1700316170\n|switch|p2a: Great Tusk|Great Tusk|6\/100\n|move|p1a: Rillaboom|Wood Hammer|p2a: Great Tusk\n|-supereffective|p2a: Great Tusk\n|-damage|p2a: Great Tusk|0 fnt\n|faint|p2a: Great Tusk\n|-end|p2a: Great Tusk|Protosynthesis|[silent]\n|-damage|p1a: Rillaboom|29\/100|[from] Recoil\n|\n|-heal|p1a: Rillaboom|35\/100|[from] Grassy Terrain\n|upkeep\n|\n|t:|1700316177\n|switch|p2a: Dragonite|Dragonite, M|36\/100\n|turn|21\n|\n|t:|1700316181\n|move|p1a: Rillaboom|Wood Hammer|p2a: Dragonite\n|-resisted|p2a: Dragonite\n|-damage|p2a: Dragonite|7\/100\n|-damage|p1a: Rillaboom|24\/100|[from] Recoil\n|move|p2a: Dragonite|Dual Wingbeat|p1a: Rillaboom\n|-supereffective|p1a: Rillaboom\n|-damage|p1a: Rillaboom|0 fnt\n|faint|p1a: Rillaboom\n|-hitcount|p1: Rillaboom|1\n|\n|upkeep\n|j| Lilm_mo\n|\n|t:|1700316187\n|switch|p1a: Sneasler|Sneasler, M|100\/100\n|-enditem|p1a: Sneasler|Grassy Seed\n|-boost|p1a: Sneasler|def|1|[from] item: Grassy Seed\n|turn|22\n|\n|t:|1700316197\n|move|p1a: Sneasler|Acrobatics|p2a: Dragonite\n|-damage|p2a: Dragonite|0 fnt\n|faint|p2a: Dragonite\n|\n|upkeep\n|\n|t:|1700316201\n|switch|p2a: Slowking|Slowking, M|100\/100\n|turn|23\n|\n|t:|1700316204\n|move|p1a: Sneasler|Substitute|p1a: Sneasler\n|-start|p1a: Sneasler|Substitute\n|-damage|p1a: Sneasler|76\/100\n|move|p2a: Slowking|Trick Room|p2a: Slowking\n|-fieldstart|move: Trick Room|[of] p2a: Slowking\n|\n|-heal|p1a: Sneasler|82\/100|[from] Grassy Terrain\n|-fieldend|move: Grassy Terrain\n|upkeep\n|turn|24\n|\n|t:|1700316208\n|move|p2a: Slowking|Scald|p1a: Sneasler\n|-end|p1a: Sneasler|Substitute\n|move|p1a: Sneasler|Substitute|p1a: Sneasler\n|-start|p1a: Sneasler|Substitute\n|-damage|p1a: Sneasler|57\/100\n|\n|upkeep\n|turn|25\n|\n|t:|1700316211\n|move|p2a: Slowking|Scald|p1a: Sneasler\n|-end|p1a: Sneasler|Substitute\n|move|p1a: Sneasler|Substitute|p1a: Sneasler\n|-start|p1a: Sneasler|Substitute\n|-damage|p1a: Sneasler|32\/100\n|\n|upkeep\n|turn|26\n|\n|t:|1700316216\n|move|p2a: Slowking|Scald|p1a: Sneasler\n|-end|p1a: Sneasler|Substitute\n|move|p1a: Sneasler|Substitute|p1a: Sneasler\n|-start|p1a: Sneasler|Substitute\n|-damage|p1a: Sneasler|7\/100\n|\n|upkeep\n|turn|27\n|\n|t:|1700316219\n|move|p2a: Slowking|Scald|p1a: Sneasler\n|-end|p1a: Sneasler|Substitute\n|move|p1a: Sneasler|Swords Dance|p1a: Sneasler\n|-boost|p1a: Sneasler|atk|2\n|\n|-fieldend|move: Trick Room\n|upkeep\n|turn|28\n|j| cangyue\n|\n|t:|1700316223\n|move|p1a: Sneasler|Acrobatics|p2a: Slowking\n|-damage|p2a: Slowking|21\/100\n|move|p2a: Slowking|Scald|p1a: Sneasler\n|-damage|p1a: Sneasler|0 fnt\n|faint|p1a: Sneasler\n|\n|upkeep\n|\n|t:|1700316228\n|switch|p1a: Heatran|Heatran, M, tera:Fire|100\/100\n|turn|29\n|\n|t:|1700316234\n|switch|p2a: Tapu Koko|Tapu Koko|72\/100\n|-fieldstart|move: Electric Terrain|[from] ability: Electric Surge|[of] p2a: Tapu Koko\n|move|p1a: Heatran|Eruption|p2a: Tapu Koko\n|-damage|p2a: Tapu Koko|0 fnt\n|faint|p2a: Tapu Koko\n|\n|upkeep\n|\n|t:|1700316238\n|switch|p2a: Slowking|Slowking, M|54\/100\n|turn|30\n|\n|t:|1700316240\n|move|p1a: Heatran|Eruption|p2a: Slowking\n|-resisted|p2a: Slowking\n|-damage|p2a: Slowking|21\/100\n|move|p2a: Slowking|Slack Off|p2a: Slowking\n|-heal|p2a: Slowking|71\/100\n|\n|upkeep\n|turn|31\n|\n|t:|1700316243\n|move|p1a: Heatran|Eruption|p2a: Slowking\n|-resisted|p2a: Slowking\n|-damage|p2a: Slowking|40\/100\n|move|p2a: Slowking|Slack Off|p2a: Slowking\n|-heal|p2a: Slowking|90\/100\n|\n|upkeep\n|turn|32\n|\n|t:|1700316246\n|move|p1a: Heatran|Eruption|p2a: Slowking\n|-resisted|p2a: Slowking\n|-damage|p2a: Slowking|62\/100\n|move|p2a: Slowking|Scald|p1a: Heatran\n|-supereffective|p1a: Heatran\n|-damage|p1a: Heatran|41\/100\n|\n|upkeep\n|turn|33\n|-message|haokunya forfeited.\n|\n|win|baigu2\n|raw|haokunya's rating: 1658 &rarr; <strong>1645<\/strong><br \/>(-13 for losing)\n|raw|baigu2's rating: 1789 &rarr; <strong>1802<\/strong><br \/>(+13 for winning)\n|l|\u2606haokunya\n","uploadtime":1700316252,"views":6,"p1id":"haokunya","p2id":"baigu2","formatid":"gen9nationaldex","rating":1645,"private":0,"password":""}