{"id":"gen9nationaldex-1996680533","p1":"guzmfran","p2":"TheZooKid","format":"[Gen 9] National Dex","log":"|html|<div class=\"broadcast-blue\"><strong>[Gen 9] National Dex is currently suspecting Sneasler! For information on how to participate check out the <a href=\"https:\/\/www.smogon.com\/forums\/threads\/sv-national-dex-suspect-8-just-dance.3731534\/\">suspect thread<\/a>.<\/strong><\/div>\n|j|\u2606guzmfran\n|j|\u2606TheZooKid\n|t:|1700708923\n|gametype|singles\n|player|p1|guzmfran|ninjaboy|\n|player|p2|TheZooKid|dragontamer|\n|teamsize|p1|6\n|teamsize|p2|6\n|gen|9\n|tier|[Gen 9] National Dex\n|rule|HP Percentage Mod: HP is shown in percentages\n|rule|Endless Battle Clause: Forcing endless battles is banned\n|rule|OHKO Clause: OHKO moves are banned\n|rule|Evasion Clause: Evasion abilities, items, and moves are banned\n|rule|Evasion Abilities Clause: Evasion abilities are banned\n|rule|Evasion Items Clause: Evasion items are banned\n|rule|Evasion Moves Clause: Evasion moves are banned\n|rule|Species Clause: Limit one of each Pok\u00e9mon\n|rule|Sleep Clause Mod: Limit one foe put to sleep\n|clearpoke\n|poke|p1|Gliscor, F|\n|poke|p1|Dondozo, F|\n|poke|p1|Blissey, F|\n|poke|p1|Infernape, M|\n|poke|p1|Clefable, M|\n|poke|p1|Skeledirge, F|\n|poke|p2|Mamoswine, F|\n|poke|p2|Ninetales-Alola, M|\n|poke|p2|Kyurem|\n|poke|p2|Arctozolt|\n|poke|p2|Cloyster, M|\n|poke|p2|Rotom-Frost|\n|teampreview\n|c|\u2606TheZooKid|glhf\n|\n|t:|1700708943\n|start\n|switch|p1a: Blissey|Blissey, F|100\/100\n|switch|p2a: Ninetales|Ninetales-Alola, M|100\/100\n|-weather|Snow|[from] ability: Snow Warning|[of] p2a: Ninetales\n|turn|1\n|\n|t:|1700708954\n|move|p2a: Ninetales|Aurora Veil|p2a: Ninetales\n|-sidestart|p2: TheZooKid|move: Aurora Veil\n|move|p1a: Blissey|Stealth Rock|p2a: Ninetales\n|-sidestart|p2: TheZooKid|move: Stealth Rock\n|\n|-weather|Snow|[upkeep]\n|upkeep\n|turn|2\n|\n|t:|1700708961\n|switch|p1a: Gliscor|Gliscor, F|100\/100\n|move|p2a: Ninetales|Encore||[still]\n|-fail|p2a: Ninetales\n|\n|-weather|Snow|[upkeep]\n|-status|p1a: Gliscor|tox|[from] item: Toxic Orb\n|upkeep\n|turn|3\n|\n|t:|1700708970\n|-terastallize|p1a: Gliscor|Water\n|move|p2a: Ninetales|Blizzard|p1a: Gliscor\n|-resisted|p1a: Gliscor\n|-damage|p1a: Gliscor|81\/100 tox\n|move|p1a: Gliscor|Toxic|p2a: Ninetales\n|-status|p2a: Ninetales|tox\n|\n|-weather|Snow|[upkeep]\n|-damage|p2a: Ninetales|94\/100 tox|[from] psn\n|-heal|p1a: Gliscor|93\/100 tox|[from] ability: Poison Heal\n|upkeep\n|turn|4\n|\n|t:|1700708984\n|move|p2a: Ninetales|Encore|p1a: Gliscor\n|-start|p1a: Gliscor|Encore\n|move|p1a: Gliscor|Toxic|p2a: Ninetales\n|-fail|p2a: Ninetales|tox\n|\n|-weather|Snow|[upkeep]\n|-damage|p2a: Ninetales|82\/100 tox|[from] psn\n|-heal|p1a: Gliscor|100\/100 tox|[from] ability: Poison Heal\n|upkeep\n|turn|5\n|\n|t:|1700708994\n|switch|p2a: Rotom|Rotom-Frost|100\/100\n|move|p1a: Gliscor|Toxic|p2a: Rotom|[miss]\n|-miss|p1a: Gliscor|p2a: Rotom\n|\n|-weather|none\n|upkeep\n|turn|6\n|\n|t:|1700709002\n|switch|p1a: Blissey|Blissey, F|100\/100\n|move|p2a: Rotom|Defog|p1a: Blissey\n|-unboost|p1a: Blissey|evasion|1\n|-sideend|p2: TheZooKid|Stealth Rock|[from] move: Defog|[of] p2a: Rotom\n|\n|upkeep\n|turn|7\n|\n|t:|1700709010\n|move|p2a: Rotom|Volt Switch|p1a: Blissey\n|-damage|p1a: Blissey|90\/100\n|\n|t:|1700709027\n|switch|p2a: Cloyster|Cloyster, M|100\/100|[from] Volt Switch\n|move|p1a: Blissey|Stealth Rock|p2a: Cloyster\n|-sidestart|p2: TheZooKid|move: Stealth Rock\n|\n|upkeep\n|turn|8\n|\n|t:|1700709036\n|move|p2a: Cloyster|Shell Smash|p2a: Cloyster\n|-unboost|p2a: Cloyster|def|1\n|-unboost|p2a: Cloyster|spd|1\n|-boost|p2a: Cloyster|atk|2\n|-boost|p2a: Cloyster|spa|2\n|-boost|p2a: Cloyster|spe|2\n|-enditem|p2a: Cloyster|White Herb\n|-clearnegativeboost|p2a: Cloyster|[silent]\n|move|p1a: Blissey|Shadow Ball|p2a: Cloyster\n|-damage|p2a: Cloyster|83\/100\n|-unboost|p2a: Cloyster|spd|1\n|\n|-sideend|p2: TheZooKid|move: Aurora Veil\n|upkeep\n|turn|9\n|\n|t:|1700709050\n|switch|p1a: Dondozo|Dondozo, F|100\/100\n|move|p2a: Cloyster|Icicle Spear|p1a: Dondozo\n|-resisted|p1a: Dondozo\n|-damage|p1a: Dondozo|98\/100\n|-resisted|p1a: Dondozo\n|-damage|p1a: Dondozo|96\/100\n|-resisted|p1a: Dondozo\n|-damage|p1a: Dondozo|93\/100\n|-resisted|p1a: Dondozo\n|-damage|p1a: Dondozo|90\/100\n|-resisted|p1a: Dondozo\n|-damage|p1a: Dondozo|88\/100\n|-hitcount|p1a: Dondozo|5\n|\n|upkeep\n|turn|10\n|\n|t:|1700709066\n|switch|p2a: Arctozolt|Arctozolt|100\/100\n|-damage|p2a: Arctozolt|75\/100|[from] Stealth Rock\n|move|p1a: Dondozo|Body Press|p2a: Arctozolt\n|-supereffective|p2a: Arctozolt\n|-damage|p2a: Arctozolt|15\/100\n|\n|upkeep\n|turn|11\n|\n|t:|1700709095\n|switch|p1a: Infernape|Infernape, M|100\/100\n|move|p2a: Arctozolt|Bolt Beak|p1a: Infernape\n|-enditem|p1a: Infernape|Focus Sash\n|-damage|p1a: Infernape|1\/100\n|\n|upkeep\n|turn|12\n|\n|t:|1700709107\n|move|p1a: Infernape|Mach Punch|p2a: Arctozolt\n|-supereffective|p2a: Arctozolt\n|-damage|p2a: Arctozolt|0 fnt\n|faint|p2a: Arctozolt\n|\n|upkeep\n|\n|t:|1700709114\n|switch|p2a: Ninetales|Ninetales-Alola, M|82\/100 tox\n|-damage|p2a: Ninetales|58\/100 tox|[from] Stealth Rock\n|-weather|Snow|[from] ability: Snow Warning|[of] p2a: Ninetales\n|turn|13\n|\n|t:|1700709121\n|move|p2a: Ninetales|Moonblast|p1a: Infernape\n|-damage|p1a: Infernape|0 fnt\n|faint|p1a: Infernape\n|\n|-weather|Snow|[upkeep]\n|-damage|p2a: Ninetales|52\/100 tox|[from] psn\n|upkeep\n|\n|t:|1700709131\n|switch|p1a: Skeledirge|Skeledirge, F, shiny|100\/100\n|turn|14\n|\n|t:|1700709152\n|switch|p2a: Cloyster|Cloyster, M|83\/100\n|-damage|p2a: Cloyster|58\/100|[from] Stealth Rock\n|move|p1a: Skeledirge|Torch Song|p2a: Cloyster\n|-damage|p2a: Cloyster|0 fnt\n|-boost|p1a: Skeledirge|spa|1\n|faint|p2a: Cloyster\n|\n|-weather|Snow|[upkeep]\n|upkeep\n|\n|t:|1700709158\n|switch|p2a: Mamoswine|Mamoswine, F|100\/100\n|-damage|p2a: Mamoswine|88\/100|[from] Stealth Rock\n|turn|15\n|\n|t:|1700709173\n|move|p2a: Mamoswine|Knock Off|p1a: Skeledirge\n|-supereffective|p1a: Skeledirge\n|-damage|p1a: Skeledirge|41\/100\n|-enditem|p1a: Skeledirge|Heavy-Duty Boots|[from] move: Knock Off|[of] p2a: Mamoswine\n|move|p1a: Skeledirge|Will-O-Wisp|p2a: Mamoswine\n|-status|p2a: Mamoswine|brn\n|\n|-weather|Snow|[upkeep]\n|-damage|p2a: Mamoswine|82\/100 brn|[from] brn\n|upkeep\n|turn|16\n|\n|t:|1700709185\n|switch|p2a: Kyurem|Kyurem|100\/100\n|-damage|p2a: Kyurem|76\/100|[from] Stealth Rock\n|-ability|p2a: Kyurem|Pressure\n|move|p1a: Skeledirge|Slack Off|p1a: Skeledirge\n|-heal|p1a: Skeledirge|91\/100\n|\n|-weather|Snow|[upkeep]\n|upkeep\n|turn|17\n|\n|t:|1700709194\n|move|p2a: Kyurem|Scale Shot|p1a: Skeledirge\n|-damage|p1a: Skeledirge|79\/100\n|-damage|p1a: Skeledirge|68\/100\n|-damage|p1a: Skeledirge|57\/100\n|-damage|p1a: Skeledirge|45\/100\n|-damage|p1a: Skeledirge|33\/100\n|-hitcount|p1a: Skeledirge|5\n|-unboost|p2a: Kyurem|def|1\n|-boost|p2a: Kyurem|spe|1\n|move|p1a: Skeledirge|Will-O-Wisp|p2a: Kyurem|[miss]\n|-miss|p1a: Skeledirge|p2a: Kyurem\n|\n|-weather|none\n|upkeep\n|turn|18\n|\n|t:|1700709211\n|move|p2a: Kyurem|Scale Shot|p1a: Skeledirge\n|-damage|p1a: Skeledirge|21\/100\n|-damage|p1a: Skeledirge|9\/100\n|-damage|p1a: Skeledirge|0 fnt\n|faint|p1a: Skeledirge\n|-hitcount|p1: Skeledirge|3\n|-unboost|p2a: Kyurem|def|1\n|-boost|p2a: Kyurem|spe|1\n|\n|upkeep\n|\n|t:|1700709221\n|switch|p1a: Dondozo|Dondozo, F|88\/100\n|turn|19\n|\n|t:|1700709228\n|move|p2a: Kyurem|Scale Shot|p1a: Dondozo|[miss]\n|-miss|p2a: Kyurem|p1a: Dondozo\n|move|p1a: Dondozo|Body Press|p2a: Kyurem\n|-supereffective|p2a: Kyurem\n|-damage|p2a: Kyurem|25\/100\n|\n|upkeep\n|turn|20\n|\n|t:|1700709235\n|move|p2a: Kyurem|Scale Shot|p1a: Dondozo\n|-damage|p1a: Dondozo|81\/100\n|-damage|p1a: Dondozo|75\/100\n|-damage|p1a: Dondozo|68\/100\n|-damage|p1a: Dondozo|62\/100\n|-damage|p1a: Dondozo|55\/100\n|-hitcount|p1a: Dondozo|5\n|-unboost|p2a: Kyurem|def|1\n|-boost|p2a: Kyurem|spe|1\n|move|p1a: Dondozo|Body Press|p2a: Kyurem\n|-supereffective|p2a: Kyurem\n|-damage|p2a: Kyurem|0 fnt\n|faint|p2a: Kyurem\n|\n|upkeep\n|\n|t:|1700709242\n|switch|p2a: Rotom|Rotom-Frost|100\/100\n|turn|21\n|\n|t:|1700709260\n|switch|p1a: Gliscor|Gliscor, F, tera:Water|100\/100 tox\n|move|p2a: Rotom|Volt Switch|p1a: Gliscor\n|-supereffective|p1a: Gliscor\n|-damage|p1a: Gliscor|25\/100 tox\n|\n|t:|1700709266\n|switch|p2a: Ninetales|Ninetales-Alola, M|52\/100 tox|[from] Volt Switch\n|-damage|p2a: Ninetales|27\/100 tox|[from] Stealth Rock\n|-weather|Snow|[from] ability: Snow Warning|[of] p2a: Ninetales\n|\n|-weather|Snow|[upkeep]\n|-damage|p2a: Ninetales|21\/100 tox|[from] psn\n|-heal|p1a: Gliscor|38\/100 tox|[from] ability: Poison Heal\n|upkeep\n|turn|22\n|\n|t:|1700709278\n|move|p1a: Gliscor|Protect|p1a: Gliscor\n|-singleturn|p1a: Gliscor|Protect\n|move|p2a: Ninetales|Moonblast|p1a: Gliscor\n|-activate|p1a: Gliscor|move: Protect\n|\n|-weather|Snow|[upkeep]\n|-damage|p2a: Ninetales|9\/100 tox|[from] psn\n|-heal|p1a: Gliscor|50\/100 tox|[from] ability: Poison Heal\n|upkeep\n|turn|23\n|\n|t:|1700709289\n|switch|p1a: Blissey|Blissey, F|90\/100\n|move|p2a: Ninetales|Moonblast|p1a: Blissey\n|-damage|p1a: Blissey|82\/100\n|-unboost|p1a: Blissey|spa|1\n|\n|-weather|Snow|[upkeep]\n|-damage|p2a: Ninetales|0 fnt|[from] psn\n|faint|p2a: Ninetales\n|upkeep\n|\n|t:|1700709296\n|switch|p2a: Mamoswine|Mamoswine, F|82\/100 brn\n|-damage|p2a: Mamoswine|69\/100 brn|[from] Stealth Rock\n|turn|24\n|\n|t:|1700709305\n|switch|p1a: Clefable|Clefable, M, shiny|100\/100\n|move|p2a: Mamoswine|Earthquake|p1a: Clefable\n|-damage|p1a: Clefable|81\/100\n|\n|-weather|Snow|[upkeep]\n|-heal|p1a: Clefable|88\/100|[from] item: Leftovers\n|-damage|p2a: Mamoswine|63\/100 brn|[from] brn\n|upkeep\n|turn|25\n|\n|t:|1700709316\n|switch|p2a: Rotom|Rotom-Frost|100\/100\n|move|p1a: Clefable|Calm Mind|p1a: Clefable\n|-boost|p1a: Clefable|spa|1\n|-boost|p1a: Clefable|spd|1\n|\n|-weather|none\n|-heal|p1a: Clefable|94\/100|[from] item: Leftovers\n|upkeep\n|turn|26\n|\n|t:|1700709325\n|move|p2a: Rotom|Blizzard|p1a: Clefable\n|-damage|p1a: Clefable|64\/100\n|move|p1a: Clefable|Moonblast|p2a: Rotom\n|-crit|p2a: Rotom\n|-damage|p2a: Rotom|13\/100\n|-unboost|p2a: Rotom|spa|1\n|\n|-heal|p1a: Clefable|70\/100|[from] item: Leftovers\n|upkeep\n|turn|27\n|\n|t:|1700709335\n|-terastallize|p2a: Rotom|Ice\n|move|p2a: Rotom|Blizzard|p1a: Clefable\n|-damage|p1a: Clefable|42\/100\n|move|p1a: Clefable|Moonblast|p2a: Rotom\n|-damage|p2a: Rotom|0 fnt\n|faint|p2a: Rotom\n|\n|-heal|p1a: Clefable|48\/100|[from] item: Leftovers\n|upkeep\n|\n|t:|1700709342\n|switch|p2a: Mamoswine|Mamoswine, F|63\/100 brn\n|-damage|p2a: Mamoswine|51\/100 brn|[from] Stealth Rock\n|turn|28\n|\n|t:|1700709350\n|move|p2a: Mamoswine|Heavy Slam|p1a: Clefable\n|-supereffective|p1a: Clefable\n|-damage|p1a: Clefable|17\/100\n|move|p1a: Clefable|Moonblast|p2a: Mamoswine\n|-damage|p2a: Mamoswine|0 fnt\n|faint|p2a: Mamoswine\n|\n|win|guzmfran\n","uploadtime":1700709356,"views":2,"p1id":"guzmfran","p2id":"thezookid","formatid":"gen9nationaldex","rating":0,"private":0,"password":""}