{"id":"gen9nationaldex-1990733028","p1":"Nakuy","p2":"Abrar83","format":"[Gen 9] National Dex","log":"|j|\u2606Nakuy\n|j|\u2606Abrar83\n|t:|1699995762\n|gametype|singles\n|player|p1|Nakuy|byron|\n|player|p2|Abrar83|nobunaga-conquest|\n|teamsize|p1|6\n|teamsize|p2|6\n|gen|9\n|tier|[Gen 9] National Dex\n|rule|HP Percentage Mod: HP is shown in percentages\n|rule|Endless Battle Clause: Forcing endless battles is banned\n|rule|OHKO Clause: OHKO moves are banned\n|rule|Evasion Clause: Evasion abilities, items, and moves are banned\n|rule|Evasion Abilities Clause: Evasion abilities are banned\n|rule|Evasion Items Clause: Evasion items are banned\n|rule|Evasion Moves Clause: Evasion moves are banned\n|rule|Species Clause: Limit one of each Pok\u00e9mon\n|rule|Sleep Clause Mod: Limit one foe put to sleep\n|clearpoke\n|poke|p1|Garganacl, M|\n|poke|p1|Weavile, F|\n|poke|p1|Haxorus, M|\n|poke|p1|Scizor, M|\n|poke|p1|Grimmsnarl, M|\n|poke|p1|Clodsire, M|\n|poke|p2|Gardevoir, F|\n|poke|p2|Arcanine-Hisui, M|\n|poke|p2|Dragonite, M|\n|poke|p2|Bisharp, M|\n|poke|p2|Zapdos|\n|poke|p2|Great Tusk|\n|teampreview\n|\n|t:|1699995780\n|start\n|switch|p1a: No.|Grimmsnarl, M|100\/100\n|switch|p2a: Sasakibe|Zapdos|100\/100\n|turn|1\n|\n|t:|1699995794\n|move|p1a: No.|Light Screen|p1a: No.\n|-sidestart|p1: Nakuy|move: Light Screen\n|move|p2a: Sasakibe|Discharge|p1a: No.\n|-damage|p1a: No.|84\/100\n|\n|upkeep\n|turn|2\n|\n|t:|1699995813\n|move|p1a: No.|Reflect|p1a: No.\n|-sidestart|p1: Nakuy|Reflect\n|move|p2a: Sasakibe|Hurricane|p1a: No.\n|-damage|p1a: No.|59\/100\n|\n|upkeep\n|turn|3\n|\n|t:|1699995825\n|move|p1a: No.|Parting Shot|p2a: Sasakibe\n|-unboost|p2a: Sasakibe|atk|1\n|-unboost|p2a: Sasakibe|spa|1\n|\n|t:|1699995830\n|switch|p1a: Kosher|Garganacl, M|100\/100|[from] Parting Shot\n|move|p2a: Sasakibe|Hurricane|p1a: Kosher\n|-resisted|p1a: Kosher\n|-crit|p1a: Kosher\n|-damage|p1a: Kosher|69\/100\n|\n|-heal|p1a: Kosher|75\/100|[from] item: Leftovers\n|upkeep\n|turn|4\n|\n|t:|1699995849\n|switch|p2a: Ode To Joy|Great Tusk|100\/100\n|-enditem|p2a: Ode To Joy|Booster Energy\n|-activate|p2a: Ode To Joy|ability: Protosynthesis|[fromitem]\n|-start|p2a: Ode To Joy|protosynthesisatk\n|move|p1a: Kosher|Iron Defense|p1a: Kosher\n|-boost|p1a: Kosher|def|2\n|\n|-heal|p1a: Kosher|81\/100|[from] item: Leftovers\n|upkeep\n|turn|5\n|\n|t:|1699995867\n|move|p2a: Ode To Joy|Close Combat|p1a: Kosher\n|-supereffective|p1a: Kosher\n|-damage|p1a: Kosher|52\/100\n|-unboost|p2a: Ode To Joy|def|1\n|-unboost|p2a: Ode To Joy|spd|1\n|move|p1a: Kosher|Body Press|p2a: Ode To Joy\n|-damage|p2a: Ode To Joy|53\/100\n|\n|-heal|p1a: Kosher|58\/100|[from] item: Leftovers\n|upkeep\n|turn|6\n|\n|t:|1699995890\n|move|p2a: Ode To Joy|Close Combat|p1a: Kosher\n|-supereffective|p1a: Kosher\n|-damage|p1a: Kosher|30\/100\n|-unboost|p2a: Ode To Joy|def|1\n|-unboost|p2a: Ode To Joy|spd|1\n|move|p1a: Kosher|Body Press|p2a: Ode To Joy\n|-damage|p2a: Ode To Joy|0 fnt\n|faint|p2a: Ode To Joy\n|-end|p2a: Ode To Joy|Protosynthesis|[silent]\n|\n|-heal|p1a: Kosher|36\/100|[from] item: Leftovers\n|upkeep\n|\n|t:|1699995901\n|switch|p2a: Ylia|Gardevoir, F|100\/100\n|-ability|p2a: Ylia|Purifying Salt|[from] ability: Trace|[of] p1a: Kosher\n|turn|7\n|\n|t:|1699995910\n|detailschange|p2a: Ylia|Gardevoir-Mega, F\n|-mega|p2a: Ylia|Gardevoir|Gardevoirite\n|move|p2a: Ylia|Energy Ball|p1a: Kosher\n|-supereffective|p1a: Kosher\n|-damage|p1a: Kosher|10\/100\n|move|p1a: Kosher|Recover|p1a: Kosher\n|-heal|p1a: Kosher|60\/100\n|\n|-heal|p1a: Kosher|66\/100|[from] item: Leftovers\n|upkeep\n|turn|8\n|\n|t:|1699995920\n|move|p2a: Ylia|Hyper Voice|p1a: Kosher\n|-damage|p1a: Kosher|45\/100\n|move|p1a: Kosher|Salt Cure|p2a: Ylia\n|-damage|p2a: Ylia|76\/100\n|-start|p2a: Ylia|Salt Cure\n|\n|-heal|p1a: Kosher|51\/100|[from] item: Leftovers\n|-damage|p2a: Ylia|63\/100|[from] Salt Cure\n|-sideend|p1: Nakuy|move: Light Screen\n|upkeep\n|turn|9\n|\n|t:|1699995945\n|switch|p1a: Scizor|Scizor, M|100\/100\n|move|p2a: Ylia|Energy Ball|p1a: Scizor\n|-resisted|p1a: Scizor\n|-damage|p1a: Scizor|89\/100\n|\n|-damage|p2a: Ylia|51\/100|[from] Salt Cure\n|-sideend|p1: Nakuy|Reflect\n|upkeep\n|turn|10\n|\n|t:|1699995983\n|switch|p2a: Sasakibe|Zapdos|100\/100\n|detailschange|p1a: Scizor|Scizor-Mega, M\n|-mega|p1a: Scizor|Scizor|Scizorite\n|move|p1a: Scizor|Swords Dance|p1a: Scizor\n|-boost|p1a: Scizor|atk|2\n|\n|upkeep\n|turn|11\n|\n|t:|1699995993\n|move|p1a: Scizor|Bullet Punch|p2a: Sasakibe\n|-resisted|p2a: Sasakibe\n|-damage|p2a: Sasakibe|68\/100\n|move|p2a: Sasakibe|Heat Wave|p1a: Scizor\n|-supereffective|p1a: Scizor\n|-damage|p1a: Scizor|0 fnt\n|faint|p1a: Scizor\n|\n|upkeep\n|\n|t:|1699996006\n|switch|p1a: Weavile|Weavile, F|100\/100\n|-ability|p1a: Weavile|Pressure\n|turn|12\n|\n|t:|1699996011\n|switch|p2a: Milotic?|Arcanine-Hisui, M|100\/100\n|move|p1a: Weavile|Triple Axel|p2a: Milotic?\n|-resisted|p2a: Milotic?\n|-damage|p2a: Milotic?|92\/100\n|-resisted|p2a: Milotic?\n|-crit|p2a: Milotic?\n|-damage|p2a: Milotic?|68\/100\n|-resisted|p2a: Milotic?\n|-damage|p2a: Milotic?|44\/100\n|-hitcount|p2a: Milotic?|3\n|-damage|p1a: Weavile|91\/100|[from] item: Life Orb\n|\n|upkeep\n|turn|13\n|\n|t:|1699996055\n|switch|p1a: No.|Grimmsnarl, M|59\/100\n|move|p2a: Milotic?|Flare Blitz|p1a: No.\n|-damage|p1a: No.|0 fnt\n|faint|p1a: No.\n|\n|upkeep\n|\n|t:|1699996061\n|switch|p1a: Haxorus|Haxorus, M|100\/100\n|-ability|p1a: Haxorus|Mold Breaker\n|turn|14\n|\n|t:|1699996075\n|switch|p2a: Ylia|Gardevoir-Mega, F|51\/100\n|move|p1a: Haxorus|Iron Head|p2a: Ylia\n|-supereffective|p2a: Ylia\n|-damage|p2a: Ylia|0 fnt\n|faint|p2a: Ylia\n|\n|upkeep\n|\n|t:|1699996104\n|switch|p2a: Zolo|Bisharp, M|100\/100\n|turn|15\n|\n|t:|1699996112\n|switch|p1a: STOP|Clodsire, M|100\/100\n|move|p2a: Zolo|Swords Dance|p2a: Zolo\n|-boost|p2a: Zolo|atk|2\n|\n|upkeep\n|turn|16\n|\n|t:|1699996127\n|move|p2a: Zolo|Knock Off|p1a: STOP\n|-damage|p1a: STOP|61\/100\n|-enditem|p1a: STOP|Black Sludge|[from] move: Knock Off|[of] p2a: Zolo\n|move|p1a: STOP|Toxic Spikes|p2a: Zolo\n|-sidestart|p2: Abrar83|move: Toxic Spikes\n|\n|upkeep\n|turn|17\n|\n|t:|1699996146\n|move|p2a: Zolo|Iron Head|p1a: STOP\n|-damage|p1a: STOP|27\/100\n|move|p1a: STOP|Toxic Spikes|p2a: Zolo\n|-sidestart|p2: Abrar83|move: Toxic Spikes\n|\n|upkeep\n|turn|18\n|\n|t:|1699996161\n|move|p2a: Zolo|Iron Head|p1a: STOP\n|-damage|p1a: STOP|0 fnt\n|faint|p1a: STOP\n|\n|upkeep\n|\n|t:|1699996197\n|switch|p1a: Kosher|Garganacl, M|51\/100\n|turn|19\n|\n|t:|1699996208\n|move|p2a: Zolo|Iron Head|p1a: Kosher\n|-supereffective|p1a: Kosher\n|-damage|p1a: Kosher|0 fnt\n|faint|p1a: Kosher\n|\n|upkeep\n|\n|t:|1699996213\n|switch|p1a: Haxorus|Haxorus, M|100\/100\n|-ability|p1a: Haxorus|Mold Breaker\n|turn|20\n|\n|t:|1699996224\n|-terastallize|p2a: Zolo|Flying\n|move|p1a: Haxorus|Close Combat|p2a: Zolo\n|-resisted|p2a: Zolo\n|-damage|p2a: Zolo|85\/100\n|-unboost|p1a: Haxorus|def|1\n|-unboost|p1a: Haxorus|spd|1\n|move|p2a: Zolo|Knock Off|p1a: Haxorus\n|-damage|p1a: Haxorus|0 fnt\n|-enditem|p1a: Haxorus|Choice Scarf|[from] move: Knock Off|[of] p2a: Zolo\n|faint|p1a: Haxorus\n|\n|upkeep\n|\n|t:|1699996232\n|switch|p1a: Weavile|Weavile, F|91\/100\n|-ability|p1a: Weavile|Pressure\n|turn|21\n|\n|t:|1699996239\n|move|p1a: Weavile|Ice Shard|p2a: Zolo\n|-supereffective|p2a: Zolo\n|-damage|p2a: Zolo|51\/100\n|-damage|p1a: Weavile|81\/100|[from] item: Life Orb\n|move|p2a: Zolo|Sucker Punch||[still]\n|-fail|p2a: Zolo\n|\n|upkeep\n|turn|22\n|\n|t:|1699996246\n|move|p1a: Weavile|Ice Shard|p2a: Zolo\n|-supereffective|p2a: Zolo\n|-damage|p2a: Zolo|13\/100\n|-damage|p1a: Weavile|71\/100|[from] item: Life Orb\n|move|p2a: Zolo|Iron Head|p1a: Weavile\n|-supereffective|p1a: Weavile\n|-damage|p1a: Weavile|0 fnt\n|faint|p1a: Weavile\n|\n|win|Abrar83\n|l|\u2606Abrar83\n","uploadtime":1699996884,"views":4,"p1id":"nakuy","p2id":"abrar83","formatid":"gen9nationaldex","rating":0,"private":0,"password":""}