{"id":"gen9nationaldex-1999223208","p1":"Lylak-Plus","p2":"Vroom Varoom","format":"[Gen 9] National Dex","log":"|html|<div class=\"broadcast-blue\"><strong>[Gen 9] National Dex is currently suspecting Sneasler! For information on how to participate check out the <a href=\"https:\/\/www.smogon.com\/forums\/threads\/sv-national-dex-suspect-8-just-dance.3731534\/\">suspect thread<\/a>.<\/strong><\/div>\n|j|\u2606Lylak-Plus\n|j|\u2606Vroom Varoom\n|t:|1701047435\n|gametype|singles\n|player|p1|Lylak-Plus|skyla|\n|player|p2|Vroom Varoom|265|\n|teamsize|p1|6\n|teamsize|p2|6\n|gen|9\n|tier|[Gen 9] National Dex\n|rule|HP Percentage Mod: HP is shown in percentages\n|rule|Endless Battle Clause: Forcing endless battles is banned\n|rule|OHKO Clause: OHKO moves are banned\n|rule|Evasion Clause: Evasion abilities, items, and moves are banned\n|rule|Evasion Abilities Clause: Evasion abilities are banned\n|rule|Evasion Items Clause: Evasion items are banned\n|rule|Evasion Moves Clause: Evasion moves are banned\n|rule|Species Clause: Limit one of each Pok\u00e9mon\n|rule|Sleep Clause Mod: Limit one foe put to sleep\n|clearpoke\n|poke|p1|Weavile, M|\n|poke|p1|Kleavor, F|\n|poke|p1|Qwilfish-Hisui, M|\n|poke|p1|Hatterene, F|\n|poke|p1|Typhlosion-Hisui, M|\n|poke|p1|Altaria, M|\n|poke|p2|Mawile, F|\n|poke|p2|Starmie|\n|poke|p2|Sandy Shocks|\n|poke|p2|Lokix, M|\n|poke|p2|Dusclops, M|\n|poke|p2|Druddigon, F|\n|teampreview\n|c|\u2606Vroom Varoom|ah tera\n|c|\u2606Vroom Varoom|am water\n|c|\u2606Vroom Varoom|u?\n|c|\u2606Lylak-Plus|Ground\n|c|\u2606Vroom Varoom|kk\n|\n|t:|1701047546\n|start\n|switch|p1a: Geld|Qwilfish-Hisui, M|100\/100\n|switch|p2a: Dusclops|Dusclops, M|100\/100\n|-ability|p1a: Geld|Intimidate|boost\n|-unboost|p2a: Dusclops|atk|1\n|-item|p1a: Geld|Eviolite|[from] ability: Frisk|[of] p2a: Dusclops|[identify]\n|turn|1\n|\n|t:|1701047557\n|move|p1a: Geld|Toxic|p2a: Dusclops\n|-status|p2a: Dusclops|tox\n|move|p2a: Dusclops|Will-O-Wisp|p1a: Geld\n|-status|p1a: Geld|brn\n|\n|-damage|p2a: Dusclops|95\/100 tox|[from] psn\n|-damage|p1a: Geld|94\/100 brn|[from] brn\n|upkeep\n|turn|2\n|\n|t:|1701047572\n|move|p1a: Geld|Taunt|p2a: Dusclops\n|-start|p2a: Dusclops|move: Taunt\n|move|p2a: Dusclops|Night Shade|p1a: Geld\n|-damage|p1a: Geld|64\/100 brn\n|\n|-damage|p2a: Dusclops|83\/100 tox|[from] psn\n|-damage|p1a: Geld|58\/100 brn|[from] brn\n|upkeep\n|turn|3\n|\n|t:|1701047589\n|switch|p2a: Lokix|Lokix, M|100\/100\n|move|p1a: Geld|Spikes|p2a: Lokix\n|-sidestart|p2: Vroom Varoom|Spikes\n|\n|-damage|p1a: Geld|52\/100 brn|[from] brn\n|upkeep\n|turn|4\n|\n|t:|1701047621\n|move|p2a: Lokix|U-turn|p1a: Geld\n|-damage|p1a: Geld|35\/100 brn\n|\n|t:|1701047624\n|switch|p2a: Sandy Shocks|Sandy Shocks|100\/100|[from] U-turn\n|move|p1a: Geld|Spikes|p2a: Sandy Shocks\n|-sidestart|p2: Vroom Varoom|Spikes\n|\n|-damage|p1a: Geld|29\/100 brn|[from] brn\n|upkeep\n|turn|5\n|\n|t:|1701047635\n|switch|p1a: Ultima|Hatterene, F|100\/100\n|move|p2a: Sandy Shocks|Volt Switch|p1a: Ultima\n|-crit|p1a: Ultima\n|-damage|p1a: Ultima|42\/100\n|-enditem|p1a: Ultima|Eject Button\n|\n|t:|1701047657\n|switch|p1a: Remiru|Weavile, M|100\/100\n|-ability|p1a: Remiru|Pressure\n|\n|upkeep\n|turn|6\n|\n|t:|1701047666\n|-end|p2a: Sandy Shocks|Protosynthesis|[silent]\n|switch|p2a: Mawile|Mawile, F|100\/100\n|-damage|p2a: Mawile|84\/100|[from] Spikes\n|-ability|p2a: Mawile|Intimidate|boost\n|-unboost|p1a: Remiru|atk|1\n|move|p1a: Remiru|Icicle Crash|p2a: Mawile\n|-resisted|p2a: Mawile\n|-damage|p2a: Mawile|66\/100\n|\n|upkeep\n|turn|7\n|\n|t:|1701047679\n|switch|p1a: Geld|Qwilfish-Hisui, M|29\/100 brn\n|-ability|p1a: Geld|Intimidate|boost\n|-unboost|p2a: Mawile|atk|1\n|detailschange|p2a: Mawile|Mawile-Mega, F\n|-mega|p2a: Mawile|Mawile|Mawilite\n|move|p2a: Mawile|Knock Off|p1a: Geld\n|-resisted|p1a: Geld\n|-damage|p1a: Geld|19\/100 brn\n|-enditem|p1a: Geld|Eviolite|[from] move: Knock Off|[of] p2a: Mawile\n|\n|-damage|p1a: Geld|13\/100 brn|[from] brn\n|upkeep\n|turn|8\n|\n|t:|1701047702\n|move|p1a: Geld|Spikes|p2a: Mawile\n|-sidestart|p2: Vroom Varoom|Spikes\n|move|p2a: Mawile|Iron Head|p1a: Geld\n|-damage|p1a: Geld|0 fnt\n|faint|p1a: Geld\n|\n|upkeep\n|\n|t:|1701047707\n|switch|p1a: Veldora|Altaria, M|100\/100\n|turn|9\n|\n|t:|1701047714\n|move|p1a: Veldora|Will-O-Wisp|p2a: Mawile\n|-status|p2a: Mawile|brn\n|move|p2a: Mawile|Knock Off|p1a: Veldora\n|-damage|p1a: Veldora|78\/100\n|-enditem|p1a: Veldora|Leftovers|[from] move: Knock Off|[of] p2a: Mawile\n|\n|-damage|p2a: Mawile|60\/100 brn|[from] brn\n|upkeep\n|turn|10\n|\n|t:|1701047724\n|switch|p2a: Starmie|Starmie|100\/100\n|move|p1a: Veldora|Roar|p2a: Starmie\n|drag|p2a: Lokix|Lokix, M|100\/100\n|\n|upkeep\n|turn|11\n|\n|t:|1701047742\n|move|p2a: Lokix|U-turn|p1a: Veldora\n|-resisted|p1a: Veldora\n|-damage|p1a: Veldora|48\/100\n|\n|t:|1701047745\n|switch|p2a: Mawile|Mawile-Mega, F|60\/100 brn|[from] U-turn\n|-damage|p2a: Mawile|35\/100 brn|[from] Spikes\n|move|p1a: Veldora|Roost|p1a: Veldora\n|-heal|p1a: Veldora|99\/100\n|-singleturn|p1a: Veldora|move: Roost\n|\n|-damage|p2a: Mawile|30\/100 brn|[from] brn\n|upkeep\n|turn|12\n|\n|t:|1701047785\n|move|p2a: Mawile|Iron Head|p1a: Veldora\n|-damage|p1a: Veldora|58\/100\n|cant|p1a: Veldora|flinch\n|\n|-damage|p2a: Mawile|24\/100 brn|[from] brn\n|upkeep\n|turn|13\n|\n|t:|1701047789\n|move|p1a: Veldora|Roost|p1a: Veldora\n|-heal|p1a: Veldora|100\/100\n|-singleturn|p1a: Veldora|move: Roost\n|move|p2a: Mawile|Iron Head|p1a: Veldora\n|-damage|p1a: Veldora|57\/100\n|\n|-damage|p2a: Mawile|18\/100 brn|[from] brn\n|upkeep\n|turn|14\n|\n|t:|1701047797\n|move|p1a: Veldora|Roost|p1a: Veldora\n|-heal|p1a: Veldora|100\/100\n|-singleturn|p1a: Veldora|move: Roost\n|move|p2a: Mawile|Swords Dance|p2a: Mawile\n|-boost|p2a: Mawile|atk|2\n|\n|-damage|p2a: Mawile|12\/100 brn|[from] brn\n|upkeep\n|turn|15\n|\n|t:|1701047802\n|-terastallize|p1a: Veldora|Ground\n|move|p1a: Veldora|Tera Blast|p2a: Mawile|[anim] Tera Blast Ground\n|-supereffective|p2a: Mawile\n|-damage|p2a: Mawile|0 fnt\n|faint|p2a: Mawile\n|\n|upkeep\n|\n|t:|1701047808\n|switch|p2a: Starmie|Starmie|100\/100\n|turn|16\n|\n|t:|1701047854\n|switch|p1a: Shion|Kleavor, F|100\/100\n|move|p2a: Starmie|Hydro Pump|p1a: Shion\n|-supereffective|p1a: Shion\n|-crit|p1a: Shion\n|-damage|p1a: Shion|0 fnt\n|faint|p1a: Shion\n|\n|upkeep\n|\n|t:|1701047859\n|switch|p1a: Remiru|Weavile, M|100\/100\n|-ability|p1a: Remiru|Pressure\n|turn|17\n|\n|t:|1701047868\n|switch|p2a: Druddigon|Druddigon, F|100\/100\n|-damage|p2a: Druddigon|76\/100|[from] Spikes\n|-ability|p2a: Druddigon|Mold Breaker\n|move|p1a: Remiru|Knock Off|p2a: Druddigon\n|-damage|p2a: Druddigon|30\/100\n|-enditem|p2a: Druddigon|Leftovers|[from] move: Knock Off|[of] p1a: Remiru\n|\n|upkeep\n|turn|18\n|\n|t:|1701047878\n|move|p1a: Remiru|Icicle Crash|p2a: Druddigon\n|-supereffective|p2a: Druddigon\n|-damage|p2a: Druddigon|0 fnt\n|faint|p2a: Druddigon\n|\n|upkeep\n|\n|t:|1701047882\n|switch|p2a: Lokix|Lokix, M|100\/100\n|turn|19\n|\n|t:|1701047886\n|move|p1a: Remiru|Protect|p1a: Remiru\n|-singleturn|p1a: Remiru|Protect\n|move|p2a: Lokix|First Impression|p1a: Remiru\n|-activate|p1a: Remiru|move: Protect\n|\n|upkeep\n|turn|20\n|\n|t:|1701047918\n|switch|p1a: Ultima|Hatterene, F|42\/100\n|move|p2a: Lokix|U-turn|p1a: Ultima\n|-damage|p1a: Ultima|16\/100\n|\n|t:|1701047934\n|switch|p2a: Sandy Shocks|Sandy Shocks|100\/100|[from] U-turn\n|\n|upkeep\n|turn|21\n|\n|t:|1701047943\n|move|p2a: Sandy Shocks|Earth Power|p1a: Ultima\n|-damage|p1a: Ultima|0 fnt\n|faint|p1a: Ultima\n|\n|upkeep\n|\n|t:|1701047950\n|switch|p1a: Remiru|Weavile, M|100\/100\n|-ability|p1a: Remiru|Pressure\n|turn|22\n|\n|t:|1701047973\n|-end|p2a: Sandy Shocks|Protosynthesis|[silent]\n|switch|p2a: Dusclops|Dusclops, M|83\/100 tox\n|-damage|p2a: Dusclops|58\/100 tox|[from] Spikes\n|-item|p1a: Remiru|Focus Sash|[from] ability: Frisk|[of] p2a: Dusclops|[identify]\n|move|p1a: Remiru|Icicle Crash|p2a: Dusclops\n|-damage|p2a: Dusclops|37\/100 tox\n|\n|-damage|p2a: Dusclops|31\/100 tox|[from] psn\n|upkeep\n|turn|23\n|\n|t:|1701048013\n|-terastallize|p2a: Dusclops|Water\n|move|p1a: Remiru|Protect|p1a: Remiru\n|-singleturn|p1a: Remiru|Protect\n|move|p2a: Dusclops|Rest|p2a: Dusclops\n|-status|p2a: Dusclops|slp|[from] move: Rest\n|-heal|p2a: Dusclops|100\/100 slp|[silent]\n|\n|upkeep\n|turn|24\n|\n|t:|1701048023\n|switch|p1a: Veldora|Altaria, M, tera:Ground|100\/100\n|cant|p2a: Dusclops|slp\n|move|p2a: Dusclops|Sleep Talk|p2a: Dusclops\n|move|p2a: Dusclops|Rest||[from]move: Sleep Talk|[still]\n|-fail|p2a: Dusclops\n|\n|upkeep\n|turn|25\n|\n|t:|1701048026\n|cant|p2a: Dusclops|slp\n|move|p2a: Dusclops|Sleep Talk|p2a: Dusclops\n|move|p2a: Dusclops|Will-O-Wisp|p1a: Veldora|[from]move: Sleep Talk\n|-status|p1a: Veldora|brn\n|move|p1a: Veldora|Roar|p2a: Dusclops\n|drag|p2a: Sandy Shocks|Sandy Shocks|100\/100\n|\n|-damage|p1a: Veldora|94\/100 brn|[from] brn\n|upkeep\n|turn|26\n|\n|t:|1701048033\n|move|p2a: Sandy Shocks|Spikes|p1a: Veldora\n|-sidestart|p1: Lylak-Plus|Spikes\n|move|p1a: Veldora|Tera Blast|p2a: Sandy Shocks|[anim] Tera Blast Ground\n|-supereffective|p2a: Sandy Shocks\n|-damage|p2a: Sandy Shocks|45\/100\n|\n|-damage|p1a: Veldora|88\/100 brn|[from] brn\n|upkeep\n|turn|27\n|\n|t:|1701048039\n|-end|p2a: Sandy Shocks|Protosynthesis|[silent]\n|switch|p2a: Starmie|Starmie|100\/100\n|move|p1a: Veldora|Tera Blast|p2a: Starmie|[anim] Tera Blast Ground\n|-damage|p2a: Starmie|70\/100\n|\n|-damage|p1a: Veldora|82\/100 brn|[from] brn\n|upkeep\n|turn|28\n|\n|t:|1701048063\n|move|p2a: Starmie|Hydro Pump|p1a: Veldora\n|-supereffective|p1a: Veldora\n|-damage|p1a: Veldora|21\/100 brn\n|move|p1a: Veldora|Tera Blast|p2a: Starmie|[anim] Tera Blast Ground\n|-damage|p2a: Starmie|37\/100\n|\n|-damage|p1a: Veldora|14\/100 brn|[from] brn\n|upkeep\n|turn|29\n|\n|t:|1701048069\n|move|p2a: Starmie|Ice Beam|p1a: Veldora\n|-supereffective|p1a: Veldora\n|-damage|p1a: Veldora|0 fnt\n|faint|p1a: Veldora\n|\n|upkeep\n|\n|t:|1701048080\n|switch|p1a: Remiru|Weavile, M|100\/100\n|-damage|p1a: Remiru|88\/100|[from] Spikes\n|-ability|p1a: Remiru|Pressure\n|turn|30\n|\n|t:|1701048094\n|switch|p2a: Sandy Shocks|Sandy Shocks|45\/100\n|move|p1a: Remiru|Knock Off|p2a: Sandy Shocks\n|-damage|p2a: Sandy Shocks|0 fnt\n|-enditem|p2a: Sandy Shocks|Heavy-Duty Boots|[from] move: Knock Off|[of] p1a: Remiru\n|faint|p2a: Sandy Shocks\n|-end|p2a: Sandy Shocks|Protosynthesis|[silent]\n|\n|upkeep\n|\n|t:|1701048096\n|switch|p2a: Dusclops|Dusclops, M, tera:Water|100\/100 slp\n|-damage|p2a: Dusclops|75\/100 slp|[from] Spikes\n|-item|p1a: Remiru|Focus Sash|[from] ability: Frisk|[of] p2a: Dusclops|[identify]\n|turn|31\n|\n|t:|1701048104\n|switch|p1a: Benimaru|Typhlosion-Hisui, M|100\/100\n|-damage|p1a: Benimaru|88\/100|[from] Spikes\n|-item|p2a: Dusclops|Eviolite|[from] ability: Frisk|[of] p1a: Benimaru|[identify]\n|-curestatus|p2a: Dusclops|slp|[msg]\n|move|p2a: Dusclops|Will-O-Wisp|p1a: Benimaru\n|-immune|p1a: Benimaru\n|\n|upkeep\n|turn|32\n|\n|t:|1701048138\n|move|p1a: Benimaru|Shadow Ball|p2a: Dusclops\n|-damage|p2a: Dusclops|49\/100\n|move|p2a: Dusclops|Night Shade|p1a: Benimaru\n|-damage|p1a: Benimaru|53\/100\n|\n|upkeep\n|turn|33\n|\n|t:|1701048160\n|switch|p1a: Remiru|Weavile, M|88\/100\n|-damage|p1a: Remiru|76\/100|[from] Spikes\n|-ability|p1a: Remiru|Pressure\n|move|p2a: Dusclops|Night Shade|p1a: Remiru\n|-damage|p1a: Remiru|40\/100\n|\n|upkeep\n|turn|34\n|\n|t:|1701048169\n|move|p1a: Remiru|Knock Off|p2a: Dusclops\n|-damage|p2a: Dusclops|25\/100\n|-enditem|p2a: Dusclops|Eviolite|[from] move: Knock Off|[of] p1a: Remiru\n|move|p2a: Dusclops|Will-O-Wisp|p1a: Remiru\n|-status|p1a: Remiru|brn\n|\n|-damage|p1a: Remiru|34\/100 brn|[from] brn\n|upkeep\n|turn|35\n|\n|t:|1701048185\n|switch|p1a: Benimaru|Typhlosion-Hisui, M|53\/100\n|-damage|p1a: Benimaru|41\/100|[from] Spikes\n|move|p2a: Dusclops|Rest|p2a: Dusclops\n|-status|p2a: Dusclops|slp|[from] move: Rest\n|-heal|p2a: Dusclops|100\/100 slp|[silent]\n|\n|upkeep\n|turn|36\n|\n|t:|1701048188\n|move|p1a: Benimaru|Infernal Parade|p2a: Dusclops\n|-damage|p2a: Dusclops|44\/100 slp\n|cant|p2a: Dusclops|slp\n|move|p2a: Dusclops|Sleep Talk|p2a: Dusclops\n|move|p2a: Dusclops|Will-O-Wisp|p1a: Benimaru|[from]move: Sleep Talk\n|-immune|p1a: Benimaru\n|\n|upkeep\n|turn|37\n|\n|t:|1701048191\n|move|p1a: Benimaru|Infernal Parade|p2a: Dusclops\n|-damage|p2a: Dusclops|0 fnt\n|faint|p2a: Dusclops\n|\n|upkeep\n|\n|t:|1701048193\n|switch|p2a: Lokix|Lokix, M|100\/100\n|turn|38\n|\n|t:|1701048205\n|switch|p1a: Remiru|Weavile, M|34\/100 brn\n|-damage|p1a: Remiru|21\/100 brn|[from] Spikes\n|-ability|p1a: Remiru|Pressure\n|move|p2a: Lokix|Sucker Punch||[still]\n|-fail|p2a: Lokix\n|\n|-damage|p1a: Remiru|15\/100 brn|[from] brn\n|upkeep\n|turn|39\n|\n|t:|1701048221\n|move|p1a: Remiru|Icicle Crash|p2a: Lokix\n|-damage|p2a: Lokix|68\/100\n|move|p2a: Lokix|U-turn|p1a: Remiru\n|-supereffective|p1a: Remiru\n|-damage|p1a: Remiru|0 fnt\n|faint|p1a: Remiru\n|\n|t:|1701048223\n|switch|p2a: Starmie|Starmie|37\/100|[from] U-turn\n|\n|upkeep\n|\n|t:|1701048249\n|switch|p1a: Benimaru|Typhlosion-Hisui, M|41\/100\n|-damage|p1a: Benimaru|29\/100|[from] Spikes\n|-item|p2a: Starmie|Heavy-Duty Boots|[from] ability: Frisk|[of] p1a: Benimaru|[identify]\n|turn|40\n|\n|t:|1701048276\n|move|p1a: Benimaru|Shadow Ball|p2a: Starmie\n|-supereffective|p2a: Starmie\n|-damage|p2a: Starmie|0 fnt\n|faint|p2a: Starmie\n|\n|upkeep\n|\n|t:|1701048279\n|switch|p2a: Lokix|Lokix, M|68\/100\n|turn|41\n|\n|t:|1701048281\n|move|p2a: Lokix|Sucker Punch|p1a: Benimaru\n|-supereffective|p1a: Benimaru\n|-damage|p1a: Benimaru|0 fnt\n|faint|p1a: Benimaru\n|\n|win|Vroom Varoom\n|c|\u2606Vroom Varoom|gg\n|c|\u2606Lylak-Plus|making changes\n|c|\u2606Vroom Varoom|making changes\n|c|\u2606Vroom Varoom|ya\n","uploadtime":1701048290,"views":16,"p1id":"lylakplus","p2id":"vroomvaroom","formatid":"gen9nationaldex","rating":0,"private":0,"password":""}