{"id":"gen9nationaldex-1988529865","p1":"Abrar83","p2":"Nakuy","format":"[Gen 9] National Dex","log":"|j|\u2606Abrar83\n|j|\u2606Nakuy\n|t:|1699732788\n|gametype|singles\n|player|p1|Abrar83|morty-masters|\n|player|p2|Nakuy|byron|\n|teamsize|p1|6\n|teamsize|p2|6\n|gen|9\n|tier|[Gen 9] National Dex\n|rule|HP Percentage Mod: HP is shown in percentages\n|rule|Endless Battle Clause: Forcing endless battles is banned\n|rule|OHKO Clause: OHKO moves are banned\n|rule|Evasion Clause: Evasion abilities, items, and moves are banned\n|rule|Evasion Abilities Clause: Evasion abilities are banned\n|rule|Evasion Items Clause: Evasion items are banned\n|rule|Evasion Moves Clause: Evasion moves are banned\n|rule|Species Clause: Limit one of each Pok\u00e9mon\n|rule|Sleep Clause Mod: Limit one foe put to sleep\n|clearpoke\n|poke|p1|Diancie|\n|poke|p1|Serperior, F|\n|poke|p1|Dragonite, F|\n|poke|p1|Metagross|\n|poke|p1|Zapdos|\n|poke|p1|Ursaring, F|\n|poke|p2|Ogerpon-Wellspring, F|\n|poke|p2|Glimmora, M|\n|poke|p2|Iron Moth|\n|poke|p2|Iron Valiant|\n|poke|p2|Bisharp, F|\n|poke|p2|Aerodactyl, M|\n|teampreview\n|\n|t:|1699732821\n|start\n|switch|p1a: Metagross|Metagross|100\/100\n|switch|p2a: Glimmora|Glimmora, M|100\/100\n|turn|1\n|\n|t:|1699732835\n|move|p2a: Glimmora|Earth Power|p1a: Metagross\n|-supereffective|p1a: Metagross\n|-damage|p1a: Metagross|32\/100\n|move|p1a: Metagross|Cosmic Power|p1a: Metagross\n|-boost|p1a: Metagross|def|1\n|-boost|p1a: Metagross|spd|1\n|\n|-heal|p1a: Metagross|38\/100|[from] item: Leftovers\n|upkeep\n|turn|2\n|\n|t:|1699732844\n|move|p1a: Metagross|Protect|p1a: Metagross\n|-singleturn|p1a: Metagross|Protect\n|move|p2a: Glimmora|Earth Power|p1a: Metagross\n|-activate|p1a: Metagross|move: Protect\n|\n|-heal|p1a: Metagross|44\/100|[from] item: Leftovers\n|upkeep\n|turn|3\n|\n|t:|1699732853\n|move|p2a: Glimmora|Earth Power|p1a: Metagross\n|-supereffective|p1a: Metagross\n|-damage|p1a: Metagross|0 fnt\n|faint|p1a: Metagross\n|\n|upkeep\n|\n|t:|1699732874\n|switch|p1a: Diancie|Diancie|100\/100\n|turn|4\n|\n|t:|1699732883\n|detailschange|p1a: Diancie|Diancie-Mega\n|-mega|p1a: Diancie|Diancie|Diancite\n|move|p1a: Diancie|Power Gem|p2a: Glimmora\n|-damage|p2a: Glimmora|33\/100\n|move|p2a: Glimmora|Earth Power|p1a: Diancie\n|-supereffective|p1a: Diancie\n|-damage|p1a: Diancie|18\/100\n|\n|upkeep\n|turn|5\n|\n|t:|1699732907\n|switch|p2a: Bisharp|Bisharp, F|100\/100\n|move|p1a: Diancie|Power Gem|p2a: Bisharp\n|-resisted|p2a: Bisharp\n|-damage|p2a: Bisharp|74\/100\n|\n|upkeep\n|turn|6\n|\n|t:|1699732927\n|move|p2a: Bisharp|Sucker Punch||[still]\n|-fail|p2a: Bisharp\n|move|p1a: Diancie|Stealth Rock|p2a: Bisharp\n|-sidestart|p2: Nakuy|move: Stealth Rock\n|\n|upkeep\n|turn|7\n|\n|t:|1699732935\n|move|p2a: Bisharp|Sucker Punch||[still]\n|-fail|p2a: Bisharp\n|move|p1a: Diancie|Calm Mind|p1a: Diancie\n|-boost|p1a: Diancie|spa|1\n|-boost|p1a: Diancie|spd|1\n|\n|upkeep\n|turn|8\n|\n|t:|1699732941\n|move|p2a: Bisharp|Sucker Punch||[still]\n|-fail|p2a: Bisharp\n|move|p1a: Diancie|Calm Mind|p1a: Diancie\n|-boost|p1a: Diancie|spa|1\n|-boost|p1a: Diancie|spd|1\n|\n|upkeep\n|turn|9\n|\n|t:|1699732945\n|move|p2a: Bisharp|Sucker Punch||[still]\n|-fail|p2a: Bisharp\n|move|p1a: Diancie|Calm Mind|p1a: Diancie\n|-boost|p1a: Diancie|spa|1\n|-boost|p1a: Diancie|spd|1\n|\n|upkeep\n|turn|10\n|\n|t:|1699732949\n|move|p2a: Bisharp|Sucker Punch||[still]\n|-fail|p2a: Bisharp\n|move|p1a: Diancie|Calm Mind|p1a: Diancie\n|-boost|p1a: Diancie|spa|1\n|-boost|p1a: Diancie|spd|1\n|\n|upkeep\n|turn|11\n|\n|t:|1699732952\n|move|p2a: Bisharp|Sucker Punch||[still]\n|-fail|p2a: Bisharp\n|move|p1a: Diancie|Calm Mind|p1a: Diancie\n|-boost|p1a: Diancie|spa|1\n|-boost|p1a: Diancie|spd|1\n|\n|upkeep\n|turn|12\n|\n|t:|1699732959\n|move|p2a: Bisharp|Sucker Punch|p1a: Diancie\n|-resisted|p1a: Diancie\n|-damage|p1a: Diancie|0 fnt\n|faint|p1a: Diancie\n|\n|upkeep\n|\n|t:|1699732968\n|switch|p1a: Zapdos|Zapdos|100\/100\n|turn|13\n|\n|t:|1699733041\n|-terastallize|p2a: Bisharp|Flying\n|move|p1a: Zapdos|Heat Wave|p2a: Bisharp\n|-damage|p2a: Bisharp|40\/100\n|move|p2a: Bisharp|Swords Dance|p2a: Bisharp\n|-boost|p2a: Bisharp|atk|2\n|\n|upkeep\n|turn|14\n|\n|t:|1699733059\n|move|p2a: Bisharp|Sucker Punch||[still]\n|-fail|p2a: Bisharp\n|move|p1a: Zapdos|Roost||[still]\n|-fail|p1a: Zapdos|heal\n|\n|upkeep\n|turn|15\n|\n|t:|1699733075\n|move|p1a: Zapdos|Discharge|p2a: Bisharp\n|-supereffective|p2a: Bisharp\n|-damage|p2a: Bisharp|0 fnt\n|faint|p2a: Bisharp\n|\n|upkeep\n|\n|t:|1699733082\n|switch|p2a: Glimmora|Glimmora, M|33\/100\n|-damage|p2a: Glimmora|21\/100|[from] Stealth Rock\n|turn|16\n|\n|t:|1699733091\n|switch|p1a: Serperior|Serperior, F|100\/100\n|move|p2a: Glimmora|Power Gem|p1a: Serperior\n|-damage|p1a: Serperior|58\/100\n|\n|-heal|p1a: Serperior|64\/100|[from] item: Leftovers\n|upkeep\n|turn|17\n|\n|t:|1699733107\n|switch|p2a: Iron Moth|Iron Moth|100\/100\n|-damage|p2a: Iron Moth|76\/100|[from] Stealth Rock\n|-enditem|p2a: Iron Moth|Booster Energy\n|-activate|p2a: Iron Moth|ability: Quark Drive|[fromitem]\n|-start|p2a: Iron Moth|quarkdrivespe\n|move|p1a: Serperior|Leaf Storm|p2a: Iron Moth\n|-resisted|p2a: Iron Moth\n|-damage|p2a: Iron Moth|67\/100\n|-boost|p1a: Serperior|spa|2\n|\n|-heal|p1a: Serperior|70\/100|[from] item: Leftovers\n|upkeep\n|turn|18\n|\n|t:|1699733119\n|-terastallize|p1a: Serperior|Fire\n|move|p2a: Iron Moth|Fiery Dance|p1a: Serperior\n|-resisted|p1a: Serperior\n|-damage|p1a: Serperior|49\/100\n|-boost|p2a: Iron Moth|spa|1\n|move|p1a: Serperior|Leech Seed|p2a: Iron Moth|[miss]\n|-miss|p1a: Serperior|p2a: Iron Moth\n|\n|-heal|p1a: Serperior|55\/100|[from] item: Leftovers\n|upkeep\n|turn|19\n|\n|t:|1699733131\n|move|p2a: Iron Moth|Sludge Wave|p1a: Serperior\n|-damage|p1a: Serperior|0 fnt\n|faint|p1a: Serperior\n|\n|upkeep\n|\n|t:|1699733138\n|switch|p1a: Dragonite|Dragonite, F|100\/100\n|turn|20\n|\n|t:|1699733146\n|move|p2a: Iron Moth|Substitute|p2a: Iron Moth\n|-start|p2a: Iron Moth|Substitute\n|-damage|p2a: Iron Moth|42\/100\n|move|p1a: Dragonite|Earthquake|p2a: Iron Moth\n|-supereffective|p2a: Iron Moth\n|-end|p2a: Iron Moth|Substitute\n|\n|upkeep\n|turn|21\n|\n|t:|1699733153\n|move|p2a: Iron Moth|Dazzling Gleam|p1a: Dragonite\n|-supereffective|p1a: Dragonite\n|-crit|p1a: Dragonite\n|-damage|p1a: Dragonite|61\/100\n|move|p1a: Dragonite|Earthquake|p2a: Iron Moth\n|-supereffective|p2a: Iron Moth\n|-damage|p2a: Iron Moth|0 fnt\n|faint|p2a: Iron Moth\n|-end|p2a: Iron Moth|Quark Drive|[silent]\n|\n|-heal|p1a: Dragonite|67\/100|[from] item: Leftovers\n|upkeep\n|\n|t:|1699733163\n|switch|p2a: Iron Valiant|Iron Valiant|100\/100\n|-damage|p2a: Iron Valiant|94\/100|[from] Stealth Rock\n|-enditem|p2a: Iron Valiant|Booster Energy\n|-activate|p2a: Iron Valiant|ability: Quark Drive|[fromitem]\n|-start|p2a: Iron Valiant|quarkdrivespe\n|turn|22\n|\n|t:|1699733169\n|move|p1a: Dragonite|Extreme Speed|p2a: Iron Valiant\n|-damage|p2a: Iron Valiant|65\/100\n|move|p2a: Iron Valiant|Moonblast|p1a: Dragonite\n|-supereffective|p1a: Dragonite\n|-damage|p1a: Dragonite|6\/100\n|\n|-heal|p1a: Dragonite|12\/100|[from] item: Leftovers\n|upkeep\n|turn|23\n|\n|t:|1699733175\n|move|p1a: Dragonite|Extreme Speed|p2a: Iron Valiant\n|-damage|p2a: Iron Valiant|33\/100\n|move|p2a: Iron Valiant|Moonblast|p1a: Dragonite\n|-supereffective|p1a: Dragonite\n|-damage|p1a: Dragonite|0 fnt\n|faint|p1a: Dragonite\n|\n|upkeep\n|\n|t:|1699733189\n|switch|p1a: Ursaring|Ursaring, F|100\/100\n|turn|24\n|\n|t:|1699733203\n|move|p2a: Iron Valiant|Moonblast|p1a: Ursaring\n|-damage|p1a: Ursaring|66\/100\n|move|p1a: Ursaring|Rest|p1a: Ursaring\n|-status|p1a: Ursaring|slp|[from] move: Rest\n|-heal|p1a: Ursaring|100\/100 slp|[silent]\n|\n|upkeep\n|turn|25\n|\n|t:|1699733211\n|move|p2a: Iron Valiant|Calm Mind|p2a: Iron Valiant\n|-boost|p2a: Iron Valiant|spa|1\n|-boost|p2a: Iron Valiant|spd|1\n|cant|p1a: Ursaring|slp\n|move|p1a: Ursaring|Sleep Talk|p1a: Ursaring\n|move|p1a: Ursaring|Earthquake|p2a: Iron Valiant|[from]move: Sleep Talk\n|-damage|p2a: Iron Valiant|0 fnt\n|faint|p2a: Iron Valiant\n|-end|p2a: Iron Valiant|Quark Drive|[silent]\n|\n|upkeep\n|\n|t:|1699733225\n|switch|p2a: Aerodactyl|Aerodactyl, M|100\/100\n|-ability|p2a: Aerodactyl|Unnerve\n|-damage|p2a: Aerodactyl|75\/100|[from] Stealth Rock\n|turn|26\n|\n|t:|1699733229\n|detailschange|p2a: Aerodactyl|Aerodactyl-Mega, M\n|-mega|p2a: Aerodactyl|Aerodactyl|Aerodactylite\n|move|p2a: Aerodactyl|Hone Claws|p2a: Aerodactyl\n|-boost|p2a: Aerodactyl|atk|1\n|-boost|p2a: Aerodactyl|accuracy|1\n|cant|p1a: Ursaring|slp\n|move|p1a: Ursaring|Sleep Talk|p1a: Ursaring\n|move|p1a: Ursaring|Body Slam|p2a: Aerodactyl|[from]move: Sleep Talk\n|-resisted|p2a: Aerodactyl\n|-damage|p2a: Aerodactyl|33\/100\n|\n|upkeep\n|turn|27\n|\n|t:|1699733246\n|move|p2a: Aerodactyl|Dual Wingbeat|p1a: Ursaring\n|-damage|p1a: Ursaring|68\/100 slp\n|-damage|p1a: Ursaring|31\/100 slp\n|-hitcount|p1a: Ursaring|2\n|-curestatus|p1a: Ursaring|slp|[msg]\n|move|p1a: Ursaring|Rest|p1a: Ursaring\n|-status|p1a: Ursaring|slp|[from] move: Rest\n|-heal|p1a: Ursaring|100\/100 slp|[silent]\n|\n|upkeep\n|turn|28\n|\n|t:|1699733257\n|move|p2a: Aerodactyl|Dual Wingbeat|p1a: Ursaring\n|-damage|p1a: Ursaring|65\/100 slp\n|-damage|p1a: Ursaring|32\/100 slp\n|-hitcount|p1a: Ursaring|2\n|cant|p1a: Ursaring|slp\n|move|p1a: Ursaring|Sleep Talk|p1a: Ursaring\n|move|p1a: Ursaring|Body Slam|p2a: Aerodactyl|[from]move: Sleep Talk\n|-resisted|p2a: Aerodactyl\n|-damage|p2a: Aerodactyl|0 fnt\n|faint|p2a: Aerodactyl\n|\n|upkeep\n|\n|t:|1699733267\n|switch|p2a: Ogerpon|Ogerpon-Wellspring, F|100\/100\n|-damage|p2a: Ogerpon|88\/100|[from] Stealth Rock\n|turn|29\n|\n|t:|1699733283\n|move|p2a: Ogerpon|Ivy Cudgel|p1a: Ursaring\n|-damage|p1a: Ursaring|0 fnt\n|faint|p1a: Ursaring\n|\n|upkeep\n|\n|t:|1699733286\n|switch|p1a: Zapdos|Zapdos|100\/100\n|turn|30\n|\n|t:|1699733290\n|move|p2a: Ogerpon|Ivy Cudgel|p1a: Zapdos\n|-damage|p1a: Zapdos|45\/100\n|-zpower|p1a: Zapdos\n|move|p1a: Zapdos|Supersonic Skystrike|p2a: Ogerpon|[zeffect]\n|-supereffective|p2a: Ogerpon\n|-damage|p2a: Ogerpon|0 fnt\n|faint|p2a: Ogerpon\n|\n|upkeep\n|\n|t:|1699733297\n|switch|p2a: Glimmora|Glimmora, M|21\/100\n|-damage|p2a: Glimmora|8\/100|[from] Stealth Rock\n|turn|31\n|\n|t:|1699733306\n|move|p2a: Glimmora|Power Gem|p1a: Zapdos\n|-supereffective|p1a: Zapdos\n|-damage|p1a: Zapdos|0 fnt\n|faint|p1a: Zapdos\n|\n|win|Nakuy\n|l|\u2606Abrar83\n","uploadtime":1699733869,"views":5,"p1id":"abrar83","p2id":"nakuy","formatid":"gen9nationaldex","rating":0,"private":0,"password":""}