{"id":"gen9nationaldex-1991142055","p1":"KIOOOOOOOO","p2":"wopowopo","format":"[Gen 9] National Dex","log":"|j|\u2606KIOOOOOOOO\n|j|\u2606wopowopo\n|t:|1700049276\n|gametype|singles\n|player|p1|KIOOOOOOOO|psychic-gen4|1170\n|player|p2|wopowopo|170|1247\n|teamsize|p1|6\n|teamsize|p2|6\n|gen|9\n|tier|[Gen 9] National Dex\n|rated|\n|rule|HP Percentage Mod: HP is shown in percentages\n|rule|Endless Battle Clause: Forcing endless battles is banned\n|rule|OHKO Clause: OHKO moves are banned\n|rule|Evasion Clause: Evasion abilities, items, and moves are banned\n|rule|Evasion Abilities Clause: Evasion abilities are banned\n|rule|Evasion Items Clause: Evasion items are banned\n|rule|Evasion Moves Clause: Evasion moves are banned\n|rule|Species Clause: Limit one of each Pok\u00e9mon\n|rule|Sleep Clause Mod: Limit one foe put to sleep\n|clearpoke\n|poke|p1|Iron Valiant|\n|poke|p1|Typhlosion-Hisui, M|\n|poke|p1|Tapu Koko|\n|poke|p1|Mandibuzz, F|\n|poke|p1|Gardevoir, M|\n|poke|p1|Great Tusk|\n|poke|p2|Glimmora, M|\n|poke|p2|Rillaboom, F|\n|poke|p2|Serperior, M|\n|poke|p2|Charizard, M|\n|poke|p2|Lokix, F|\n|poke|p2|Ogerpon, F|\n|teampreview\n|inactive|Battle timer is ON: inactive players will automatically lose when time's up. (requested by wopowopo)\n|\n|t:|1700049299\n|start\n|switch|p1a: Great Tusk|Great Tusk|100\/100\n|switch|p2a: Glimmora|Glimmora, M|100\/100\n|-enditem|p1a: Great Tusk|Booster Energy\n|-activate|p1a: Great Tusk|ability: Protosynthesis|[fromitem]\n|-start|p1a: Great Tusk|protosynthesisatk\n|turn|1\n|c|\u2606wopowopo|\u79d2\u4e86\n|\n|t:|1700049314\n|-terastallize|p2a: Glimmora|Grass\n|move|p2a: Glimmora|Energy Ball|p1a: Great Tusk\n|-supereffective|p1a: Great Tusk\n|-damage|p1a: Great Tusk|0 fnt\n|faint|p1a: Great Tusk\n|-end|p1a: Great Tusk|Protosynthesis|[silent]\n|\n|upkeep\n|\n|t:|1700049322\n|switch|p1a: Typhlosion|Typhlosion-Hisui, M|100\/100\n|turn|2\n|\n|t:|1700049328\n|switch|p2a: Charizard|Charizard, M|100\/100\n|move|p1a: Typhlosion|Eruption|p2a: Charizard\n|-resisted|p2a: Charizard\n|-damage|p2a: Charizard|31\/100\n|\n|upkeep\n|turn|3\n|\n|t:|1700049347\n|switch|p1a: Tapu Koko|Tapu Koko|100\/100\n|-fieldstart|move: Electric Terrain|[from] ability: Electric Surge|[of] p1a: Tapu Koko\n|detailschange|p2a: Charizard|Charizard-Mega-Y, M\n|-mega|p2a: Charizard|Charizard|Charizardite Y\n|-weather|SunnyDay|[from] ability: Drought|[of] p2a: Charizard\n|move|p2a: Charizard|Fire Blast|p1a: Tapu Koko\n|-damage|p1a: Tapu Koko|0 fnt\n|faint|p1a: Tapu Koko\n|\n|-weather|SunnyDay|[upkeep]\n|upkeep\n|\n|t:|1700049358\n|switch|p1a: Iron Valiant|Iron Valiant|100\/100\n|-activate|p1a: Iron Valiant|ability: Quark Drive\n|-start|p1a: Iron Valiant|quarkdrivespe\n|turn|4\n|\n|t:|1700049365\n|move|p1a: Iron Valiant|Thunder Punch|p2a: Charizard\n|-supereffective|p2a: Charizard\n|-damage|p2a: Charizard|0 fnt\n|faint|p2a: Charizard\n|\n|-weather|SunnyDay|[upkeep]\n|upkeep\n|\n|t:|1700049369\n|switch|p2a: Lokix|Lokix, F|100\/100\n|turn|5\n|\n|t:|1700049377\n|-terastallize|p1a: Iron Valiant|Steel\n|move|p2a: Lokix|First Impression|p1a: Iron Valiant\n|-resisted|p1a: Iron Valiant\n|-damage|p1a: Iron Valiant|20\/100\n|move|p1a: Iron Valiant|Swords Dance|p1a: Iron Valiant\n|-boost|p1a: Iron Valiant|atk|2\n|\n|-weather|SunnyDay|[upkeep]\n|upkeep\n|turn|6\n|\n|t:|1700049387\n|switch|p2a: Serperior|Serperior, M|100\/100\n|move|p1a: Iron Valiant|Spirit Break|p2a: Serperior\n|-damage|p2a: Serperior|5\/100\n|-boost|p2a: Serperior|spa|1\n|\n|-weather|SunnyDay|[upkeep]\n|-heal|p2a: Serperior|11\/100|[from] item: Leftovers\n|upkeep\n|turn|7\n|\n|t:|1700049393\n|move|p1a: Iron Valiant|Spirit Break|p2a: Serperior\n|-damage|p2a: Serperior|0 fnt\n|faint|p2a: Serperior\n|\n|-weather|none\n|-fieldend|move: Electric Terrain\n|-end|p1a: Iron Valiant|Quark Drive\n|upkeep\n|-enditem|p1a: Iron Valiant|Booster Energy\n|-activate|p1a: Iron Valiant|ability: Quark Drive|[fromitem]\n|-start|p1a: Iron Valiant|quarkdriveatk\n|\n|t:|1700049396\n|switch|p2a: Lokix|Lokix, F|100\/100\n|turn|8\n|\n|t:|1700049403\n|-end|p1a: Iron Valiant|Quark Drive|[silent]\n|switch|p1a: Typhlosion|Typhlosion-Hisui, M|100\/100\n|move|p2a: Lokix|First Impression|p1a: Typhlosion\n|-resisted|p1a: Typhlosion\n|-damage|p1a: Typhlosion|57\/100\n|\n|upkeep\n|turn|9\n|\n|t:|1700049419\n|switch|p2a: Glimmora|Glimmora, M, tera:Grass|100\/100\n|move|p1a: Typhlosion|Eruption|p2a: Glimmora\n|-supereffective|p2a: Glimmora\n|-damage|p2a: Glimmora|0 fnt\n|faint|p2a: Glimmora\n|\n|upkeep\n|\n|t:|1700049424\n|switch|p2a: Ogerpon|Ogerpon, F|100\/100\n|turn|10\n|\n|t:|1700049429\n|move|p2a: Ogerpon|Ivy Cudgel|p1a: Typhlosion\n|-resisted|p1a: Typhlosion\n|-damage|p1a: Typhlosion|20\/100\n|move|p1a: Typhlosion|Eruption|p2a: Ogerpon\n|-supereffective|p2a: Ogerpon\n|-damage|p2a: Ogerpon|20\/100\n|\n|upkeep\n|turn|11\n|\n|t:|1700049436\n|move|p2a: Ogerpon|Ivy Cudgel|p1a: Typhlosion\n|-resisted|p1a: Typhlosion\n|-damage|p1a: Typhlosion|0 fnt\n|faint|p1a: Typhlosion\n|\n|upkeep\n|\n|t:|1700049440\n|switch|p1a: Iron Valiant|Iron Valiant, tera:Steel|20\/100\n|turn|12\n|\n|t:|1700049446\n|move|p1a: Iron Valiant|Spirit Break|p2a: Ogerpon\n|-damage|p2a: Ogerpon|0 fnt\n|faint|p2a: Ogerpon\n|\n|upkeep\n|\n|t:|1700049449\n|switch|p2a: Lokix|Lokix, F|100\/100\n|turn|13\n|\n|t:|1700049455\n|move|p1a: Iron Valiant|Close Combat|p2a: Lokix\n|-damage|p2a: Lokix|34\/100\n|-unboost|p1a: Iron Valiant|def|1\n|-unboost|p1a: Iron Valiant|spd|1\n|move|p2a: Lokix|U-turn|p1a: Iron Valiant\n|-resisted|p1a: Iron Valiant\n|-damage|p1a: Iron Valiant|0 fnt\n|faint|p1a: Iron Valiant\n|-end|p1a: Iron Valiant|Quark Drive|[silent]\n|\n|t:|1700049459\n|switch|p2a: Rillaboom|Rillaboom, F|100\/100|[from] U-turn\n|-fieldstart|move: Grassy Terrain|[from] ability: Grassy Surge|[of] p2a: Rillaboom\n|\n|upkeep\n|\n|t:|1700049465\n|switch|p1a: Mandibuzz|Mandibuzz, F|100\/100\n|turn|14\n|\n|t:|1700049471\n|move|p2a: Rillaboom|U-turn|p1a: Mandibuzz\n|-damage|p1a: Mandibuzz|80\/100\n|\n|t:|1700049474\n|switch|p2a: Lokix|Lokix, F|34\/100|[from] U-turn\n|move|p1a: Mandibuzz|Toxic|p2a: Lokix\n|-status|p2a: Lokix|tox\n|\n|-heal|p2a: Lokix|41\/100 tox|[from] Grassy Terrain\n|-heal|p1a: Mandibuzz|87\/100|[from] item: Leftovers\n|-damage|p2a: Lokix|34\/100 tox|[from] psn\n|upkeep\n|turn|15\n|\n|t:|1700049483\n|move|p2a: Lokix|First Impression|p1a: Mandibuzz\n|-damage|p1a: Mandibuzz|50\/100\n|move|p1a: Mandibuzz|Foul Play|p2a: Lokix\n|-resisted|p2a: Lokix\n|-damage|p2a: Lokix|5\/100 tox\n|\n|-heal|p2a: Lokix|12\/100 tox|[from] Grassy Terrain\n|-heal|p1a: Mandibuzz|56\/100|[from] item: Leftovers\n|-damage|p2a: Lokix|0 fnt|[from] psn\n|faint|p2a: Lokix\n|upkeep\n|\n|t:|1700049505\n|switch|p2a: Rillaboom|Rillaboom, F|100\/100\n|turn|16\n|\n|t:|1700049509\n|move|p2a: Rillaboom|Wood Hammer|p1a: Mandibuzz\n|-resisted|p1a: Mandibuzz\n|-damage|p1a: Mandibuzz|22\/100\n|-damage|p2a: Rillaboom|88\/100|[from] Recoil\n|move|p1a: Mandibuzz|Roost|p1a: Mandibuzz\n|-heal|p1a: Mandibuzz|72\/100\n|-singleturn|p1a: Mandibuzz|move: Roost\n|\n|-heal|p2a: Rillaboom|94\/100|[from] Grassy Terrain\n|-heal|p1a: Mandibuzz|78\/100|[from] Grassy Terrain\n|-heal|p1a: Mandibuzz|84\/100|[from] item: Leftovers\n|upkeep\n|turn|17\n|-message|wopowopo forfeited.\n|\n|win|KIOOOOOOOO\n|raw|KIOOOOOOOO's rating: 1170 &rarr; <strong>1200<\/strong><br \/>(+30 for winning)\n|raw|wopowopo's rating: 1247 &rarr; <strong>1217<\/strong><br \/>(-30 for losing)\n|l|\u2606wopowopo\n","uploadtime":1700049519,"views":4,"p1id":"kioooooooo","p2id":"wopowopo","formatid":"gen9nationaldex","rating":1200,"private":0,"password":""}