{"id":"gen9nationaldex-1989700934","p1":"Bekie","p2":"Bluufax","format":"[Gen 9] National Dex","log":"|j|\u2606Bekie\n|j|\u2606Bluufax\n|t:|1699888188\n|gametype|singles\n|player|p1|Bekie|266|1000\n|player|p2|Bluufax|2|1000\n|teamsize|p1|6\n|teamsize|p2|6\n|gen|9\n|tier|[Gen 9] National Dex\n|rated|\n|rule|HP Percentage Mod: HP is shown in percentages\n|rule|Endless Battle Clause: Forcing endless battles is banned\n|rule|OHKO Clause: OHKO moves are banned\n|rule|Evasion Clause: Evasion abilities, items, and moves are banned\n|rule|Evasion Abilities Clause: Evasion abilities are banned\n|rule|Evasion Items Clause: Evasion items are banned\n|rule|Evasion Moves Clause: Evasion moves are banned\n|rule|Species Clause: Limit one of each Pok\u00e9mon\n|rule|Sleep Clause Mod: Limit one foe put to sleep\n|clearpoke\n|poke|p1|Medicham, F|\n|poke|p1|Cinderace, F|\n|poke|p1|Glimmora, F|\n|poke|p1|Empoleon, M|\n|poke|p1|Landorus-Therian, M|\n|poke|p1|Iron Valiant|\n|poke|p2|Dondozo, M|\n|poke|p2|Maushold-Four|\n|poke|p2|Grimmsnarl, M|\n|poke|p2|Dragonite, M|\n|poke|p2|Hatterene, F|\n|poke|p2|Chansey, F|\n|teampreview\n|\n|t:|1699888206\n|start\n|switch|p1a: Glimmora|Glimmora, F|100\/100\n|switch|p2a: Grimmsnarl|Grimmsnarl, M|100\/100\n|turn|1\n|\n|t:|1699888221\n|move|p2a: Grimmsnarl|Taunt|p1a: Glimmora\n|-start|p1a: Glimmora|move: Taunt\n|move|p1a: Glimmora|Earth Power|p2a: Grimmsnarl\n|-damage|p2a: Grimmsnarl|66\/100\n|-unboost|p2a: Grimmsnarl|spd|1\n|\n|upkeep\n|turn|2\n|\n|t:|1699888235\n|move|p2a: Grimmsnarl|Light Screen|p2a: Grimmsnarl\n|-sidestart|p2: Bluufax|move: Light Screen\n|move|p1a: Glimmora|Dazzling Gleam|p2a: Grimmsnarl\n|-supereffective|p2a: Grimmsnarl\n|-damage|p2a: Grimmsnarl|17\/100\n|\n|upkeep\n|turn|3\n|\n|t:|1699888246\n|move|p2a: Grimmsnarl|Reflect|p2a: Grimmsnarl\n|-sidestart|p2: Bluufax|Reflect\n|move|p1a: Glimmora|Mortal Spin|p2a: Grimmsnarl\n|-supereffective|p2a: Grimmsnarl\n|-damage|p2a: Grimmsnarl|10\/100\n|-status|p2a: Grimmsnarl|psn\n|\n|-damage|p2a: Grimmsnarl|0 fnt|[from] psn\n|faint|p2a: Grimmsnarl\n|-end|p1a: Glimmora|move: Taunt\n|upkeep\n|\n|t:|1699888261\n|switch|p2a: Chansey|Chansey, F|100\/100\n|turn|4\n|\n|t:|1699888267\n|move|p1a: Glimmora|Mortal Spin|p2a: Chansey\n|-damage|p2a: Chansey|96\/100\n|-status|p2a: Chansey|psn\n|move|p2a: Chansey|Earthquake|p1a: Glimmora\n|-supereffective|p1a: Glimmora\n|-crit|p1a: Glimmora\n|-damage|p1a: Glimmora|37\/100\n|-activate|p1a: Glimmora|ability: Toxic Debris\n|-sidestart|p2: Bluufax|move: Toxic Spikes\n|\n|-damage|p2a: Chansey|84\/100 psn|[from] psn\n|upkeep\n|turn|5\n|\n|t:|1699888284\n|move|p1a: Glimmora|Earth Power|p2a: Chansey\n|-damage|p2a: Chansey|77\/100 psn\n|move|p2a: Chansey|Drain Punch|p1a: Glimmora\n|-damage|p1a: Glimmora|30\/100\n|-heal|p2a: Chansey|78\/100 psn|[from] drain|[of] p1a: Glimmora\n|-activate|p1a: Glimmora|ability: Toxic Debris\n|-sidestart|p2: Bluufax|move: Toxic Spikes\n|\n|-damage|p2a: Chansey|66\/100 psn|[from] psn\n|upkeep\n|turn|6\n|\n|t:|1699888306\n|switch|p1a: Landorus|Landorus-Therian, M|100\/100\n|-ability|p1a: Landorus|Intimidate|boost\n|-unboost|p2a: Chansey|atk|1\n|move|p2a: Chansey|Earthquake|p1a: Landorus\n|-immune|p1a: Landorus\n|\n|-damage|p2a: Chansey|53\/100 psn|[from] psn\n|upkeep\n|turn|7\n|\n|t:|1699888315\n|move|p1a: Landorus|Stealth Rock|p2a: Chansey\n|-sidestart|p2: Bluufax|move: Stealth Rock\n|move|p2a: Chansey|Thunder|p1a: Landorus\n|-immune|p1a: Landorus\n|\n|-damage|p2a: Chansey|41\/100 psn|[from] psn\n|upkeep\n|turn|8\n|\n|t:|1699888328\n|move|p1a: Landorus|Earthquake|p2a: Chansey\n|-damage|p2a: Chansey|0 fnt\n|faint|p2a: Chansey\n|\n|upkeep\n|\n|t:|1699888331\n|switch|p2a: Maushold|Maushold-Four|100\/100\n|turn|9\n|\n|t:|1699888343\n|move|p2a: Maushold|Tidy Up|p2a: Maushold\n|-sideend|p2: Bluufax|Toxic Spikes\n|-sideend|p2: Bluufax|Stealth Rock\n|-activate|p2a: Maushold|move: Tidy Up\n|-boost|p2a: Maushold|atk|1\n|-boost|p2a: Maushold|spe|1\n|-zpower|p1a: Landorus\n|move|p1a: Landorus|Supersonic Skystrike|p2a: Maushold|[zeffect]\n|-damage|p2a: Maushold|37\/100\n|\n|-sideend|p2: Bluufax|move: Light Screen\n|upkeep\n|turn|10\n|\n|t:|1699888355\n|move|p2a: Maushold|Population Bomb|p1a: Landorus\n|-damage|p1a: Landorus|87\/100\n|-damage|p1a: Landorus|75\/100\n|-damage|p1a: Landorus|62\/100\n|-damage|p1a: Landorus|48\/100\n|-damage|p1a: Landorus|35\/100\n|-damage|p1a: Landorus|24\/100\n|-damage|p1a: Landorus|10\/100\n|-damage|p1a: Landorus|0 fnt\n|faint|p1a: Landorus\n|-hitcount|p1: Landorus|8\n|\n|-sideend|p2: Bluufax|Reflect\n|upkeep\n|\n|t:|1699888372\n|switch|p1a: Glimmora|Glimmora, F|30\/100\n|turn|11\n|\n|t:|1699888381\n|move|p2a: Maushold|Bullet Seed|p1a: Glimmora\n|-damage|p1a: Glimmora|18\/100\n|-activate|p1a: Glimmora|ability: Toxic Debris\n|-sidestart|p2: Bluufax|move: Toxic Spikes\n|-damage|p1a: Glimmora|4\/100\n|-activate|p1a: Glimmora|ability: Toxic Debris\n|-sidestart|p2: Bluufax|move: Toxic Spikes\n|-damage|p1a: Glimmora|0 fnt\n|faint|p1a: Glimmora\n|-hitcount|p1: Glimmora|3\n|\n|upkeep\n|\n|t:|1699888392\n|switch|p1a: Empoleon|Empoleon, M, shiny|100\/100\n|turn|12\n|\n|t:|1699888399\n|move|p2a: Maushold|Tidy Up|p2a: Maushold\n|-sideend|p2: Bluufax|Toxic Spikes\n|-activate|p2a: Maushold|move: Tidy Up\n|-boost|p2a: Maushold|atk|1\n|-boost|p2a: Maushold|spe|1\n|move|p1a: Empoleon|Chilling Water|p2a: Maushold\n|-damage|p2a: Maushold|12\/100\n|-unboost|p2a: Maushold|atk|1\n|\n|upkeep\n|turn|13\n|\n|t:|1699888410\n|move|p2a: Maushold|Bullet Seed|p1a: Empoleon\n|-damage|p1a: Empoleon|92\/100\n|-damage|p1a: Empoleon|83\/100\n|-damage|p1a: Empoleon|74\/100\n|-hitcount|p1a: Empoleon|3\n|move|p1a: Empoleon|Chilling Water|p2a: Maushold\n|-damage|p2a: Maushold|0 fnt\n|faint|p2a: Maushold\n|\n|upkeep\n|\n|t:|1699888415\n|switch|p2a: Dondozo|Dondozo, M|100\/100\n|turn|14\n|\n|t:|1699888430\n|move|p1a: Empoleon|Chilling Water|p2a: Dondozo\n|-resisted|p2a: Dondozo\n|-damage|p2a: Dondozo|91\/100\n|-unboost|p2a: Dondozo|atk|1\n|move|p2a: Dondozo|Curse|p2a: Dondozo\n|-unboost|p2a: Dondozo|spe|1\n|-boost|p2a: Dondozo|atk|1\n|-boost|p2a: Dondozo|def|1\n|\n|-heal|p2a: Dondozo|98\/100|[from] item: Leftovers\n|upkeep\n|turn|15\n|\n|t:|1699888447\n|switch|p2a: Hatterene|Hatterene, F|100\/100\n|move|p1a: Empoleon|Chilling Water|p2a: Hatterene\n|-damage|p2a: Hatterene|82\/100\n|-unboost|p2a: Hatterene|atk|1\n|\n|upkeep\n|turn|16\n|\n|t:|1699888457\n|move|p1a: Empoleon|Flash Cannon|p2a: Hatterene\n|-supereffective|p2a: Hatterene\n|-crit|p2a: Hatterene\n|-damage|p2a: Hatterene|0 fnt\n|faint|p2a: Hatterene\n|\n|upkeep\n|\n|t:|1699888460\n|switch|p2a: Dragonite|Dragonite, M|100\/100\n|turn|17\n|\n|t:|1699888470\n|move|p2a: Dragonite|Dragon Dance|p2a: Dragonite\n|-boost|p2a: Dragonite|atk|1\n|-boost|p2a: Dragonite|spe|1\n|move|p1a: Empoleon|Chilling Water|p2a: Dragonite\n|-resisted|p2a: Dragonite\n|-damage|p2a: Dragonite|96\/100\n|-unboost|p2a: Dragonite|atk|1\n|\n|upkeep\n|turn|18\n|\n|t:|1699888478\n|move|p2a: Dragonite|Ominous Wind|p1a: Empoleon\n|-damage|p1a: Empoleon|66\/100\n|move|p1a: Empoleon|Ice Beam|p2a: Dragonite\n|-supereffective|p2a: Dragonite\n|-damage|p2a: Dragonite|0 fnt\n|faint|p2a: Dragonite\n|\n|upkeep\n|\n|t:|1699888482\n|switch|p2a: Dondozo|Dondozo, M|98\/100\n|turn|19\n|\n|t:|1699888488\n|move|p1a: Empoleon|Chilling Water|p2a: Dondozo\n|-resisted|p2a: Dondozo\n|-crit|p2a: Dondozo\n|-damage|p2a: Dondozo|83\/100\n|-unboost|p2a: Dondozo|atk|1\n|move|p2a: Dondozo|Curse|p2a: Dondozo\n|-unboost|p2a: Dondozo|spe|1\n|-boost|p2a: Dondozo|atk|1\n|-boost|p2a: Dondozo|def|1\n|\n|-heal|p2a: Dondozo|89\/100|[from] item: Leftovers\n|upkeep\n|turn|20\n|\n|t:|1699888498\n|move|p1a: Empoleon|Chilling Water|p2a: Dondozo\n|-resisted|p2a: Dondozo\n|-damage|p2a: Dondozo|81\/100\n|-unboost|p2a: Dondozo|atk|1\n|move|p2a: Dondozo|Curse|p2a: Dondozo\n|-unboost|p2a: Dondozo|spe|1\n|-boost|p2a: Dondozo|atk|1\n|-boost|p2a: Dondozo|def|1\n|\n|-heal|p2a: Dondozo|87\/100|[from] item: Leftovers\n|upkeep\n|turn|21\n|\n|t:|1699888507\n|move|p1a: Empoleon|Chilling Water|p2a: Dondozo\n|-resisted|p2a: Dondozo\n|-damage|p2a: Dondozo|79\/100\n|-unboost|p2a: Dondozo|atk|1\n|move|p2a: Dondozo|Curse|p2a: Dondozo\n|-unboost|p2a: Dondozo|spe|1\n|-boost|p2a: Dondozo|atk|1\n|-boost|p2a: Dondozo|def|1\n|\n|-heal|p2a: Dondozo|85\/100|[from] item: Leftovers\n|upkeep\n|turn|22\n|\n|t:|1699888517\n|move|p1a: Empoleon|Chilling Water|p2a: Dondozo\n|-resisted|p2a: Dondozo\n|-damage|p2a: Dondozo|76\/100\n|-unboost|p2a: Dondozo|atk|1\n|move|p2a: Dondozo|Curse|p2a: Dondozo\n|-unboost|p2a: Dondozo|spe|1\n|-boost|p2a: Dondozo|atk|1\n|-boost|p2a: Dondozo|def|1\n|\n|-heal|p2a: Dondozo|83\/100|[from] item: Leftovers\n|upkeep\n|turn|23\n|\n|t:|1699888528\n|move|p1a: Empoleon|Chilling Water|p2a: Dondozo\n|-resisted|p2a: Dondozo\n|-damage|p2a: Dondozo|73\/100\n|-unboost|p2a: Dondozo|atk|1\n|move|p2a: Dondozo|Curse|p2a: Dondozo\n|-unboost|p2a: Dondozo|spe|1\n|-boost|p2a: Dondozo|atk|1\n|-boost|p2a: Dondozo|def|1\n|\n|-heal|p2a: Dondozo|79\/100|[from] item: Leftovers\n|upkeep\n|turn|24\n|\n|t:|1699888549\n|move|p1a: Empoleon|Chilling Water|p2a: Dondozo\n|-resisted|p2a: Dondozo\n|-damage|p2a: Dondozo|70\/100\n|-unboost|p2a: Dondozo|atk|1\n|move|p2a: Dondozo|Curse|p2a: Dondozo\n|-unboost|p2a: Dondozo|spe|1\n|-boost|p2a: Dondozo|atk|1\n|-boost|p2a: Dondozo|def|1\n|\n|-heal|p2a: Dondozo|76\/100|[from] item: Leftovers\n|upkeep\n|turn|25\n|\n|t:|1699888559\n|move|p1a: Empoleon|Chilling Water|p2a: Dondozo\n|-resisted|p2a: Dondozo\n|-damage|p2a: Dondozo|67\/100\n|-unboost|p2a: Dondozo|atk|1\n|move|p2a: Dondozo|Wave Crash|p1a: Empoleon\n|-resisted|p1a: Empoleon\n|-damage|p1a: Empoleon|53\/100\n|-damage|p2a: Dondozo|64\/100|[from] Recoil\n|\n|-heal|p2a: Dondozo|70\/100|[from] item: Leftovers\n|upkeep\n|turn|26\n|\n|t:|1699888571\n|move|p1a: Empoleon|Chilling Water|p2a: Dondozo\n|-resisted|p2a: Dondozo\n|-damage|p2a: Dondozo|60\/100\n|-unboost|p2a: Dondozo|atk|1\n|move|p2a: Dondozo|Wave Crash|p1a: Empoleon\n|-resisted|p1a: Empoleon\n|-damage|p1a: Empoleon|42\/100\n|-damage|p2a: Dondozo|58\/100|[from] Recoil\n|\n|-heal|p2a: Dondozo|64\/100|[from] item: Leftovers\n|upkeep\n|turn|27\n|\n|t:|1699888582\n|move|p1a: Empoleon|Chilling Water|p2a: Dondozo\n|-resisted|p2a: Dondozo\n|-damage|p2a: Dondozo|54\/100\n|-unboost|p2a: Dondozo|atk|1\n|move|p2a: Dondozo|Wave Crash|p1a: Empoleon\n|-resisted|p1a: Empoleon\n|-damage|p1a: Empoleon|34\/100\n|-damage|p2a: Dondozo|52\/100|[from] Recoil\n|\n|-heal|p2a: Dondozo|58\/100|[from] item: Leftovers\n|upkeep\n|turn|28\n|\n|t:|1699888596\n|move|p1a: Empoleon|Flash Cannon|p2a: Dondozo\n|-resisted|p2a: Dondozo\n|-crit|p2a: Dondozo\n|-damage|p2a: Dondozo|35\/100\n|move|p2a: Dondozo|Wave Crash|p1a: Empoleon\n|-resisted|p1a: Empoleon\n|-damage|p1a: Empoleon|26\/100\n|-damage|p2a: Dondozo|33\/100|[from] Recoil\n|\n|-heal|p2a: Dondozo|39\/100|[from] item: Leftovers\n|upkeep\n|turn|29\n|\n|t:|1699888605\n|move|p1a: Empoleon|Flash Cannon|p2a: Dondozo\n|-resisted|p2a: Dondozo\n|-damage|p2a: Dondozo|25\/100\n|move|p2a: Dondozo|Rest|p2a: Dondozo\n|-status|p2a: Dondozo|slp|[from] move: Rest\n|-heal|p2a: Dondozo|100\/100 slp|[silent]\n|\n|upkeep\n|turn|30\n|\n|t:|1699888612\n|switch|p1a: Iron Valiant|Iron Valiant|100\/100\n|-enditem|p1a: Iron Valiant|Booster Energy\n|-activate|p1a: Iron Valiant|ability: Quark Drive|[fromitem]\n|-start|p1a: Iron Valiant|quarkdrivespe\n|cant|p2a: Dondozo|slp\n|move|p2a: Dondozo|Sleep Talk|p2a: Dondozo\n|move|p2a: Dondozo|Rest||[from]move: Sleep Talk|[still]\n|-fail|p2a: Dondozo\n|\n|upkeep\n|turn|31\n|\n|t:|1699888622\n|move|p1a: Iron Valiant|Calm Mind|p1a: Iron Valiant\n|-boost|p1a: Iron Valiant|spa|1\n|-boost|p1a: Iron Valiant|spd|1\n|cant|p2a: Dondozo|slp\n|move|p2a: Dondozo|Sleep Talk|p2a: Dondozo\n|move|p2a: Dondozo|Wave Crash|p1a: Iron Valiant|[from]move: Sleep Talk\n|-damage|p1a: Iron Valiant|76\/100\n|-damage|p2a: Dondozo|95\/100 slp|[from] Recoil\n|\n|-heal|p2a: Dondozo|100\/100 slp|[from] item: Leftovers\n|upkeep\n|turn|32\n|\n|t:|1699888634\n|-terastallize|p1a: Iron Valiant|Fairy\n|move|p1a: Iron Valiant|Moonblast|p2a: Dondozo\n|-damage|p2a: Dondozo|44\/100 slp\n|-curestatus|p2a: Dondozo|slp|[msg]\n|move|p2a: Dondozo|Curse|p2a: Dondozo\n|-boost|p2a: Dondozo|atk|1\n|\n|-heal|p2a: Dondozo|50\/100|[from] item: Leftovers\n|upkeep\n|turn|33\n|\n|t:|1699888644\n|move|p1a: Iron Valiant|Moonblast|p2a: Dondozo\n|-damage|p2a: Dondozo|0 fnt\n|faint|p2a: Dondozo\n|\n|win|Bekie\n|raw|Bekie's rating: 1000 &rarr; <strong>1040<\/strong><br \/>(+40 for winning)\n|raw|Bluufax's rating: 1000 &rarr; <strong>1000<\/strong><br \/>(+0 for losing)\n|l|\u2606Bluufax\n","uploadtime":1699888651,"views":5,"p1id":"bekie","p2id":"bluufax","formatid":"gen9nationaldex","rating":1000,"private":0,"password":""}