{"id":"gen9nationaldex-1990060730","p1":"Pappysbro56","p2":"ChefSkully","format":"[Gen 9] National Dex","log":"|j|\u2606Pappysbro56\n|j|\u2606ChefSkully\n|t:|1699920299\n|gametype|singles\n|player|p1|Pappysbro56|larry|\n|player|p2|ChefSkully|psychic-lgpe|\n|teamsize|p1|6\n|teamsize|p2|6\n|gen|9\n|tier|[Gen 9] National Dex\n|rule|HP Percentage Mod: HP is shown in percentages\n|rule|Endless Battle Clause: Forcing endless battles is banned\n|rule|OHKO Clause: OHKO moves are banned\n|rule|Evasion Clause: Evasion abilities, items, and moves are banned\n|rule|Evasion Abilities Clause: Evasion abilities are banned\n|rule|Evasion Items Clause: Evasion items are banned\n|rule|Evasion Moves Clause: Evasion moves are banned\n|rule|Species Clause: Limit one of each Pok\u00e9mon\n|rule|Sleep Clause Mod: Limit one foe put to sleep\n|clearpoke\n|poke|p1|Thundurus, M|\n|poke|p1|Victini|\n|poke|p1|Toxtricity-Low-Key, F|\n|poke|p1|Samurott, F|\n|poke|p1|Mawile, F|\n|poke|p1|Blaziken, M|\n|poke|p2|Blissey, F|\n|poke|p2|Thundurus, M|\n|poke|p2|Keldeo-Resolute|\n|poke|p2|Greninja-*, M|\n|poke|p2|Carracosta, F|\n|poke|p2|Eelektross, F|\n|teampreview\n|c|\u2606ChefSkully|gl hf\n|c|\u2606Pappysbro56|Your team is pretty good\n|c|\u2606ChefSkully|thx\n|\n|t:|1699920319\n|start\n|switch|p1a: Toxtricity|Toxtricity-Low-Key, F, shiny|100\/100\n|switch|p2a: Thundurus|Thundurus, M|100\/100\n|turn|1\n|\n|t:|1699920324\n|move|p2a: Thundurus|Rain Dance|p2a: Thundurus\n|-weather|RainDance\n|move|p1a: Toxtricity|Overdrive|p2a: Thundurus\n|-damage|p2a: Thundurus|0 fnt\n|faint|p2a: Thundurus\n|\n|-weather|RainDance|[upkeep]\n|upkeep\n|\n|t:|1699920328\n|switch|p2a: Keldeo|Keldeo-Resolute|100\/100\n|turn|2\n|\n|t:|1699920334\n|move|p2a: Keldeo|Hidden Power|p1a: Toxtricity\n|-supereffective|p1a: Toxtricity\n|-damage|p1a: Toxtricity|0 fnt\n|faint|p1a: Toxtricity\n|\n|-weather|RainDance|[upkeep]\n|upkeep\n|\n|t:|1699920338\n|switch|p1a: Thundurus|Thundurus, M, shiny|100\/100\n|turn|3\n|\n|t:|1699920343\n|switch|p2a: Eelektross|Eelektross, F|100\/100\n|move|p1a: Thundurus|Bulk Up|p1a: Thundurus\n|-boost|p1a: Thundurus|atk|1\n|-boost|p1a: Thundurus|def|1\n|\n|-weather|RainDance|[upkeep]\n|upkeep\n|turn|4\n|\n|t:|1699920352\n|move|p1a: Thundurus|Taunt|p2a: Eelektross\n|-start|p2a: Eelektross|move: Taunt\n|cant|p2a: Eelektross|move: Taunt|Coil\n|\n|-weather|RainDance|[upkeep]\n|upkeep\n|turn|5\n|\n|t:|1699920358\n|move|p1a: Thundurus|Bulk Up|p1a: Thundurus\n|-boost|p1a: Thundurus|atk|1\n|-boost|p1a: Thundurus|def|1\n|move|p2a: Eelektross|Rock Tomb|p1a: Thundurus\n|-supereffective|p1a: Thundurus\n|-damage|p1a: Thundurus|68\/100\n|-unboost|p1a: Thundurus|spe|1\n|\n|-weather|RainDance|[upkeep]\n|-heal|p1a: Thundurus|74\/100|[from] item: Leftovers\n|upkeep\n|turn|6\n|\n|t:|1699920364\n|move|p1a: Thundurus|Knock Off|p2a: Eelektross\n|-damage|p2a: Eelektross|32\/100\n|-enditem|p2a: Eelektross|Leftovers|[from] move: Knock Off|[of] p1a: Thundurus\n|move|p2a: Eelektross|Rock Tomb|p1a: Thundurus\n|-supereffective|p1a: Thundurus\n|-damage|p1a: Thundurus|40\/100\n|-unboost|p1a: Thundurus|spe|1\n|\n|-weather|RainDance|[upkeep]\n|-heal|p1a: Thundurus|46\/100|[from] item: Leftovers\n|-end|p2a: Eelektross|move: Taunt\n|upkeep\n|turn|7\n|\n|t:|1699920376\n|move|p1a: Thundurus|Knock Off|p2a: Eelektross\n|-damage|p2a: Eelektross|0 fnt\n|faint|p2a: Eelektross\n|\n|-weather|RainDance|[upkeep]\n|-heal|p1a: Thundurus|52\/100|[from] item: Leftovers\n|upkeep\n|\n|t:|1699920380\n|switch|p2a: Keldeo|Keldeo-Resolute|100\/100\n|turn|8\n|\n|t:|1699920385\n|move|p2a: Keldeo|Scald|p1a: Thundurus\n|-crit|p1a: Thundurus\n|-damage|p1a: Thundurus|0 fnt\n|faint|p1a: Thundurus\n|\n|-weather|none\n|upkeep\n|\n|t:|1699920397\n|switch|p1a: Mawile|Mawile, F, shiny|100\/100\n|-ability|p1a: Mawile|Intimidate|boost\n|-unboost|p2a: Keldeo|atk|1\n|turn|9\n|\n|t:|1699920408\n|detailschange|p1a: Mawile|Mawile-Mega, F, shiny\n|-mega|p1a: Mawile|Mawile|Mawilite\n|move|p2a: Keldeo|Scald|p1a: Mawile\n|-damage|p1a: Mawile|50\/100\n|move|p1a: Mawile|Play Rough|p2a: Keldeo|[miss]\n|-miss|p1a: Mawile|p2a: Keldeo\n|\n|upkeep\n|turn|10\n|\n|t:|1699920416\n|move|p1a: Mawile|Sucker Punch|p2a: Keldeo\n|-resisted|p2a: Keldeo\n|-damage|p2a: Keldeo|73\/100\n|-ability|p2a: Keldeo|Justified|boost\n|-boost|p2a: Keldeo|atk|1\n|move|p2a: Keldeo|Scald|p1a: Mawile\n|-damage|p1a: Mawile|0 fnt\n|faint|p1a: Mawile\n|\n|upkeep\n|c|\u2606ChefSkully|ip\n|c|\u2606ChefSkully|rip\n|\n|t:|1699920418\n|switch|p1a: Victini|Victini|100\/100\n|turn|11\n|\n|t:|1699920422\n|-terastallize|p1a: Victini|Electric\n|move|p2a: Keldeo|Scald|p1a: Victini\n|-damage|p1a: Victini|61\/100\n|-status|p1a: Victini|brn\n|move|p1a: Victini|Wild Charge|p2a: Keldeo\n|-supereffective|p2a: Keldeo\n|-damage|p2a: Keldeo|24\/100\n|-damage|p1a: Victini|50\/100 brn|[from] Recoil\n|\n|-damage|p1a: Victini|44\/100 brn|[from] brn\n|upkeep\n|turn|12\n|c|\u2606ChefSkully|rip\n|\n|t:|1699920431\n|move|p2a: Keldeo|Scald|p1a: Victini\n|-damage|p1a: Victini|5\/100 brn\n|-enditem|p1a: Victini|Aguav Berry|[eat]\n|-heal|p1a: Victini|39\/100 brn|[from] item: Aguav Berry\n|move|p1a: Victini|Wild Charge|p2a: Keldeo\n|-supereffective|p2a: Keldeo\n|-damage|p2a: Keldeo|0 fnt\n|faint|p2a: Keldeo\n|-damage|p1a: Victini|33\/100 brn|[from] Recoil\n|\n|-damage|p1a: Victini|27\/100 brn|[from] brn\n|upkeep\n|\n|t:|1699920440\n|switch|p2a: Greninja|Greninja, M|100\/100\n|turn|13\n|\n|t:|1699920446\n|move|p2a: Greninja|U-turn|p1a: Victini\n|-start|p2a: Greninja|typechange|Bug|[from] ability: Protean\n|-damage|p1a: Victini|4\/100 brn\n|\n|t:|1699920450\n|switch|p2a: Blissey|Blissey, F|100\/100|[from] U-turn\n|move|p1a: Victini|Scorching Sands|p2a: Blissey\n|-damage|p2a: Blissey|94\/100\n|\n|-damage|p1a: Victini|0 fnt|[from] brn\n|faint|p1a: Victini\n|upkeep\n|\n|t:|1699920459\n|switch|p1a: Blaziken|Blaziken, M, shiny|100\/100\n|turn|14\n|\n|t:|1699920477\n|-terastallize|p2a: Blissey|Ghost\n|move|p1a: Blaziken|Blaze Kick|p2a: Blissey\n|-damage|p2a: Blissey|44\/100\n|-damage|p1a: Blaziken|91\/100|[from] item: Life Orb\n|move|p2a: Blissey|Thunder Wave|p1a: Blaziken\n|-status|p1a: Blaziken|par\n|\n|-ability|p1a: Blaziken|Speed Boost|boost\n|-boost|p1a: Blaziken|spe|1\n|upkeep\n|turn|15\n|\n|t:|1699920484\n|move|p1a: Blaziken|Blaze Kick|p2a: Blissey\n|-damage|p2a: Blissey|0 fnt\n|faint|p2a: Blissey\n|-damage|p1a: Blaziken|81\/100 par|[from] item: Life Orb\n|\n|-ability|p1a: Blaziken|Speed Boost|boost\n|-boost|p1a: Blaziken|spe|1\n|upkeep\n|c|\u2606ChefSkully|oh damn\n|\n|t:|1699920491\n|switch|p2a: Greninja|Greninja, M|100\/100\n|turn|16\n|\n|t:|1699920494\n|move|p2a: Greninja|Hydro Pump|p1a: Blaziken\n|-start|p2a: Greninja|typechange|Water|[from] ability: Protean\n|-supereffective|p1a: Blaziken\n|-damage|p1a: Blaziken|0 fnt\n|faint|p1a: Blaziken\n|\n|upkeep\n|\n|t:|1699920498\n|switch|p1a: Samurott|Samurott, F, shiny|100\/100\n|turn|17\n|\n|t:|1699920501\n|move|p2a: Greninja|Hydro Pump|p1a: Samurott\n|-resisted|p1a: Samurott\n|-damage|p1a: Samurott|71\/100\n|move|p1a: Samurott|Air Slash|p2a: Greninja\n|-damage|p2a: Greninja|60\/100\n|\n|upkeep\n|turn|18\n|\n|t:|1699920506\n|move|p2a: Greninja|Hydro Pump|p1a: Samurott|[miss]\n|-miss|p2a: Greninja|p1a: Samurott\n|move|p1a: Samurott|Air Slash|p2a: Greninja\n|-damage|p2a: Greninja|19\/100\n|\n|upkeep\n|turn|19\n|\n|t:|1699920511\n|move|p2a: Greninja|Hydro Pump|p1a: Samurott\n|-resisted|p1a: Samurott\n|-damage|p1a: Samurott|40\/100\n|move|p1a: Samurott|Air Slash|p2a: Greninja\n|-damage|p2a: Greninja|0 fnt\n|faint|p2a: Greninja\n|\n|upkeep\n|\n|t:|1699920514\n|switch|p2a: Carracosta|Carracosta, F|100\/100\n|turn|20\n|\n|t:|1699920520\n|move|p2a: Carracosta|Shell Smash|p2a: Carracosta\n|-unboost|p2a: Carracosta|def|1\n|-unboost|p2a: Carracosta|spd|1\n|-boost|p2a: Carracosta|atk|2\n|-boost|p2a: Carracosta|spa|2\n|-boost|p2a: Carracosta|spe|2\n|-enditem|p2a: Carracosta|White Herb\n|-clearnegativeboost|p2a: Carracosta|[silent]\n|move|p1a: Samurott|Scald|p2a: Carracosta\n|-damage|p2a: Carracosta|28\/100\n|-status|p2a: Carracosta|brn\n|\n|-damage|p2a: Carracosta|22\/100 brn|[from] brn\n|upkeep\n|turn|21\n|\n|t:|1699920533\n|move|p1a: Samurott|Aqua Jet|p2a: Carracosta\n|-damage|p2a: Carracosta|9\/100 brn\n|move|p2a: Carracosta|Hidden Power|p1a: Samurott\n|-supereffective|p1a: Samurott\n|-damage|p1a: Samurott|0 fnt\n|faint|p1a: Samurott\n|\n|win|ChefSkully\n|c|\u2606ChefSkully|ggwp\n|c|\u2606ChefSkully|close game\n|c|\u2606Pappysbro56|Gg\n","uploadtime":1699920544,"views":28,"p1id":"pappysbro56","p2id":"chefskully","formatid":"gen9nationaldex","rating":0,"private":0,"password":""}