{"id":"gen9nationaldex-1996609571","p1":"ositogg99","p2":"famus123","format":"[Gen 9] National Dex","log":"|html|<div class=\"broadcast-blue\"><strong>[Gen 9] National Dex is currently suspecting Sneasler! For information on how to participate check out the <a href=\"https:\/\/www.smogon.com\/forums\/threads\/sv-national-dex-suspect-8-just-dance.3731534\/\">suspect thread<\/a>.<\/strong><\/div>\n|j|\u2606ositogg99\n|j|\u2606famus123\n|t:|1700700218\n|gametype|singles\n|player|p1|ositogg99|unknown|\n|player|p2|famus123|kukui|\n|teamsize|p1|6\n|teamsize|p2|6\n|gen|9\n|tier|[Gen 9] National Dex\n|rule|HP Percentage Mod: HP is shown in percentages\n|rule|Endless Battle Clause: Forcing endless battles is banned\n|rule|OHKO Clause: OHKO moves are banned\n|rule|Evasion Clause: Evasion abilities, items, and moves are banned\n|rule|Evasion Abilities Clause: Evasion abilities are banned\n|rule|Evasion Items Clause: Evasion items are banned\n|rule|Evasion Moves Clause: Evasion moves are banned\n|rule|Species Clause: Limit one of each Pok\u00e9mon\n|rule|Sleep Clause Mod: Limit one foe put to sleep\n|clearpoke\n|poke|p1|Infernape, M|\n|poke|p1|Milotic, F|\n|poke|p1|Lucario, F|\n|poke|p1|Roserade, F|\n|poke|p1|Garchomp, M|\n|poke|p1|Togekiss, F|\n|poke|p2|Cinderace, F|\n|poke|p2|Corviknight, F|\n|poke|p2|Slowking-Galar, M|\n|poke|p2|Dragonite, M|\n|poke|p2|Mawile, M|\n|poke|p2|Arctozolt|\n|teampreview\n|inactive|Battle timer is ON: inactive players will automatically lose when time's up. (requested by famus123)\n|\n|t:|1700700248\n|start\n|switch|p1a: Paz|Togekiss, F|100\/100\n|switch|p2a: Slowking|Slowking-Galar, M|100\/100\n|turn|1\n|\n|t:|1700700261\n|switch|p1a: Ryusagi|Lucario, F|100\/100\n|move|p2a: Slowking|Thunder Wave|p1a: Ryusagi\n|-status|p1a: Ryusagi|par\n|\n|upkeep\n|turn|2\n|\n|t:|1700700272\n|cant|p1a: Ryusagi|par\n|move|p2a: Slowking|Chilly Reception|p2a: Slowking\n|-weather|Snow\n|\n|t:|1700700279\n|switch|p2a: Cinderace|Cinderace, F|100\/100|[from] Chilly Reception\n|\n|-weather|Snow|[upkeep]\n|upkeep\n|turn|3\n|\n|t:|1700700288\n|switch|p1a: Serenity|Milotic, F|100\/100\n|move|p2a: Cinderace|Pyro Ball|p1a: Serenity\n|-resisted|p1a: Serenity\n|-damage|p1a: Serenity|80\/100\n|\n|-weather|Snow|[upkeep]\n|-heal|p1a: Serenity|86\/100|[from] item: Leftovers\n|upkeep\n|turn|4\n|\n|t:|1700700302\n|switch|p2a: Arctozolt|Arctozolt|100\/100\n|move|p1a: Serenity|Scald|p2a: Arctozolt\n|-damage|p2a: Arctozolt|63\/100\n|\n|-weather|Snow|[upkeep]\n|-heal|p2a: Arctozolt|69\/100|[from] item: Leftovers\n|-heal|p1a: Serenity|92\/100|[from] item: Leftovers\n|upkeep\n|turn|5\n|\n|t:|1700700312\n|move|p2a: Arctozolt|Bolt Beak|p1a: Serenity\n|-supereffective|p1a: Serenity\n|-damage|p1a: Serenity|0 fnt\n|faint|p1a: Serenity\n|\n|-weather|Snow|[upkeep]\n|-heal|p2a: Arctozolt|75\/100|[from] item: Leftovers\n|upkeep\n|\n|t:|1700700319\n|switch|p1a: Ryusagi|Lucario, F|100\/100 par\n|turn|6\n|\n|t:|1700700325\n|move|p2a: Arctozolt|Bolt Beak|p1a: Ryusagi\n|-damage|p1a: Ryusagi|0 fnt\n|faint|p1a: Ryusagi\n|\n|-weather|none\n|-heal|p2a: Arctozolt|81\/100|[from] item: Leftovers\n|upkeep\n|\n|t:|1700700332\n|switch|p1a: Wukong|Infernape, M|100\/100\n|turn|7\n|\n|t:|1700700338\n|switch|p2a: Dragonite|Dragonite, M|100\/100\n|move|p1a: Wukong|U-turn|p2a: Dragonite\n|-resisted|p2a: Dragonite\n|-damage|p2a: Dragonite|94\/100\n|\n|t:|1700700342\n|switch|p1a: Cinthya|Garchomp, M|100\/100|[from] U-turn\n|\n|upkeep\n|turn|8\n|\n|t:|1700700353\n|-terastallize|p1a: Cinthya|Steel\n|move|p1a: Cinthya|Swords Dance|p1a: Cinthya\n|-boost|p1a: Cinthya|atk|2\n|move|p2a: Dragonite|Dragon Dance|p2a: Dragonite\n|-boost|p2a: Dragonite|atk|1\n|-boost|p2a: Dragonite|spe|1\n|\n|upkeep\n|turn|9\n|\n|t:|1700700360\n|move|p2a: Dragonite|Earthquake|p1a: Cinthya\n|-supereffective|p1a: Cinthya\n|-damage|p1a: Cinthya|0 fnt\n|faint|p1a: Cinthya\n|\n|upkeep\n|\n|t:|1700700364\n|switch|p1a: Paz|Togekiss, F|100\/100\n|turn|10\n|\n|t:|1700700369\n|-terastallize|p2a: Dragonite|Normal\n|move|p2a: Dragonite|Extreme Speed|p1a: Paz\n|-damage|p1a: Paz|36\/100\n|move|p1a: Paz|Air Slash|p2a: Dragonite\n|-damage|p2a: Dragonite|42\/100\n|-damage|p1a: Paz|26\/100|[from] item: Life Orb\n|\n|upkeep\n|turn|11\n|\n|t:|1700700376\n|move|p2a: Dragonite|Extreme Speed|p1a: Paz\n|-crit|p1a: Paz\n|-damage|p1a: Paz|0 fnt\n|faint|p1a: Paz\n|\n|upkeep\n|-message|ositogg99 forfeited.\n|\n|win|famus123\n|l|\u2606ositogg99\n|c|\u2606famus123|gg\n","uploadtime":1700700389,"views":19,"p1id":"ositogg99","p2id":"famus123","formatid":"gen9nationaldex","rating":0,"private":0,"password":""}