{"id":"gen9nationaldex-1998416492","p1":"Kingdomplebs","p2":"twopenguin","format":"[Gen 9] National Dex","log":"|html|<div class=\"broadcast-blue\"><strong>[Gen 9] National Dex is currently suspecting Sneasler! For information on how to participate check out the <a href=\"https:\/\/www.smogon.com\/forums\/threads\/sv-national-dex-suspect-8-just-dance.3731534\/\">suspect thread<\/a>.<\/strong><\/div>\n|j|\u2606Kingdomplebs\n|j|\u2606twopenguin\n|t:|1700939907\n|gametype|singles\n|player|p1|Kingdomplebs|ghetsis-gen5bw|1404\n|player|p2|twopenguin|dahlia|1383\n|teamsize|p1|6\n|teamsize|p2|6\n|gen|9\n|tier|[Gen 9] National Dex\n|rated|\n|rule|HP Percentage Mod: HP is shown in percentages\n|rule|Endless Battle Clause: Forcing endless battles is banned\n|rule|OHKO Clause: OHKO moves are banned\n|rule|Evasion Clause: Evasion abilities, items, and moves are banned\n|rule|Evasion Abilities Clause: Evasion abilities are banned\n|rule|Evasion Items Clause: Evasion items are banned\n|rule|Evasion Moves Clause: Evasion moves are banned\n|rule|Species Clause: Limit one of each Pok\u00e9mon\n|rule|Sleep Clause Mod: Limit one foe put to sleep\n|clearpoke\n|poke|p1|Landorus-Therian, M|\n|poke|p1|Cinderace, M|\n|poke|p1|Aegislash, M|\n|poke|p1|Tapu Koko|\n|poke|p1|Iron Valiant|\n|poke|p1|Serperior, M|\n|poke|p2|Pelipper, F|\n|poke|p2|Ferrothorn, F|\n|poke|p2|Swampert, M|\n|poke|p2|Politoed, F|\n|poke|p2|Kingdra, M|\n|poke|p2|Zapdos|\n|teampreview\n|inactive|Battle timer is ON: inactive players will automatically lose when time's up. (requested by twopenguin)\n|\n|t:|1700939922\n|start\n|switch|p1a: Landorus|Landorus-Therian, M|100\/100\n|switch|p2a: Pelipper|Pelipper, F|100\/100\n|-ability|p1a: Landorus|Intimidate|boost\n|-unboost|p2a: Pelipper|atk|1\n|-weather|RainDance|[from] ability: Drizzle|[of] p2a: Pelipper\n|turn|1\n|\n|t:|1700939935\n|move|p1a: Landorus|Knock Off|p2a: Pelipper\n|-damage|p2a: Pelipper|74\/100\n|-enditem|p2a: Pelipper|Damp Rock|[from] move: Knock Off|[of] p1a: Landorus\n|move|p2a: Pelipper|Scald|p1a: Landorus\n|-supereffective|p1a: Landorus\n|-damage|p1a: Landorus|0 fnt\n|faint|p1a: Landorus\n|\n|-weather|RainDance|[upkeep]\n|upkeep\n|\n|t:|1700939950\n|switch|p1a: Iron Valiant|Iron Valiant|100\/100\n|-enditem|p1a: Iron Valiant|Booster Energy\n|-activate|p1a: Iron Valiant|ability: Quark Drive|[fromitem]\n|-start|p1a: Iron Valiant|quarkdrivespe\n|turn|2\n|\n|t:|1700939960\n|move|p1a: Iron Valiant|Moonblast|p2a: Pelipper\n|-damage|p2a: Pelipper|5\/100\n|move|p2a: Pelipper|Hurricane|p1a: Iron Valiant\n|-supereffective|p1a: Iron Valiant\n|-damage|p1a: Iron Valiant|0 fnt\n|faint|p1a: Iron Valiant\n|-end|p1a: Iron Valiant|Quark Drive|[silent]\n|\n|-weather|RainDance|[upkeep]\n|upkeep\n|\n|t:|1700939967\n|switch|p1a: Serperior|Serperior, M|100\/100\n|turn|3\n|\n|t:|1700939994\n|switch|p2a: Ferrothorn|Ferrothorn, F|100\/100\n|move|p1a: Serperior|Leaf Storm|p2a: Ferrothorn\n|-resisted|p2a: Ferrothorn\n|-damage|p2a: Ferrothorn|90\/100\n|-boost|p1a: Serperior|spa|2\n|\n|-weather|RainDance|[upkeep]\n|-heal|p2a: Ferrothorn|96\/100|[from] item: Leftovers\n|upkeep\n|turn|4\n|\n|t:|1700940006\n|switch|p1a: Aegislash|Aegislash, M|100\/100\n|move|p2a: Ferrothorn|Thunder Wave|p1a: Aegislash\n|-status|p1a: Aegislash|par\n|\n|-weather|RainDance|[upkeep]\n|-heal|p2a: Ferrothorn|100\/100|[from] item: Leftovers\n|upkeep\n|turn|5\n|inactive|twopenguin has 120 seconds left.\n|\n|t:|1700940043\n|switch|p1a: Cinderace|Cinderace, M|100\/100\n|move|p2a: Ferrothorn|Spikes|p1a: Cinderace\n|-sidestart|p1: Kingdomplebs|Spikes\n|\n|-weather|RainDance|[upkeep]\n|upkeep\n|turn|6\n|\n|t:|1700940050\n|switch|p2a: Swampert|Swampert, M|100\/100\n|move|p1a: Cinderace|U-turn|p2a: Swampert\n|-start|p1a: Cinderace|typechange|Bug|[from] ability: Libero\n|-damage|p2a: Swampert|45\/100\n|\n|t:|1700940064\n|switch|p1a: Serperior|Serperior, M|100\/100|[from] U-turn\n|-damage|p1a: Serperior|88\/100|[from] Spikes\n|\n|-weather|RainDance|[upkeep]\n|upkeep\n|turn|7\n|inactive|twopenguin has 120 seconds left.\n|\n|t:|1700940080\n|detailschange|p2a: Swampert|Swampert-Mega, M\n|-mega|p2a: Swampert|Swampert|Swampertite\n|-terastallize|p1a: Serperior|Fire\n|move|p2a: Swampert|Ice Punch|p1a: Serperior\n|-resisted|p1a: Serperior\n|-damage|p1a: Serperior|67\/100\n|move|p1a: Serperior|Leaf Storm|p2a: Swampert\n|-supereffective|p2a: Swampert\n|-damage|p2a: Swampert|0 fnt\n|-boost|p1a: Serperior|spa|2\n|faint|p2a: Swampert\n|\n|-weather|RainDance|[upkeep]\n|upkeep\n|\n|t:|1700940090\n|switch|p2a: Ferrothorn|Ferrothorn, F|100\/100\n|turn|8\n|\n|t:|1700940095\n|switch|p1a: Cinderace|Cinderace, M|100\/100\n|-damage|p1a: Cinderace|88\/100|[from] Spikes\n|move|p2a: Ferrothorn|Thunder Wave|p1a: Cinderace\n|-status|p1a: Cinderace|par\n|\n|-weather|none\n|upkeep\n|turn|9\n|inactive|twopenguin has 120 seconds left.\n|\n|t:|1700940108\n|switch|p2a: Pelipper|Pelipper, F|5\/100\n|-weather|RainDance|[from] ability: Drizzle|[of] p2a: Pelipper\n|move|p1a: Cinderace|U-turn|p2a: Pelipper\n|-start|p1a: Cinderace|typechange|Bug|[from] ability: Libero\n|-resisted|p2a: Pelipper\n|-damage|p2a: Pelipper|0 fnt\n|faint|p2a: Pelipper\n|\n|t:|1700940123\n|switch|p1a: Tapu Koko|Tapu Koko|100\/100|[from] U-turn\n|-damage|p1a: Tapu Koko|88\/100|[from] Spikes\n|-fieldstart|move: Electric Terrain|[from] ability: Electric Surge|[of] p1a: Tapu Koko\n|\n|-weather|RainDance|[upkeep]\n|upkeep\n|inactive|twopenguin has 120 seconds left.\n|\n|t:|1700940141\n|switch|p2a: Ferrothorn|Ferrothorn, F|100\/100\n|turn|10\n|\n|t:|1700940145\n|move|p1a: Tapu Koko|Volt Switch|p2a: Ferrothorn\n|-resisted|p2a: Ferrothorn\n|-damage|p2a: Ferrothorn|89\/100\n|\n|t:|1700940152\n|switch|p1a: Cinderace|Cinderace, M|88\/100 par|[from] Volt Switch\n|-damage|p1a: Cinderace|76\/100 par|[from] Spikes\n|move|p2a: Ferrothorn|Leech Seed|p1a: Cinderace\n|-start|p1a: Cinderace|move: Leech Seed\n|\n|-weather|RainDance|[upkeep]\n|-heal|p2a: Ferrothorn|95\/100|[from] item: Leftovers\n|-damage|p1a: Cinderace|64\/100 par|[from] Leech Seed|[of] p2a: Ferrothorn\n|-heal|p2a: Ferrothorn|100\/100|[silent]\n|upkeep\n|turn|11\n|\n|t:|1700940162\n|move|p1a: Cinderace|U-turn|p2a: Ferrothorn\n|-start|p1a: Cinderace|typechange|Bug|[from] ability: Libero\n|-damage|p2a: Ferrothorn|63\/100\n|-damage|p1a: Cinderace|51\/100 par|[from] ability: Iron Barbs|[of] p2a: Ferrothorn\n|\n|t:|1700940169\n|switch|p1a: Aegislash|Aegislash, M|100\/100 par|[from] U-turn\n|-damage|p1a: Aegislash|88\/100 par|[from] Spikes\n|move|p2a: Ferrothorn|Spikes|p1a: Aegislash\n|-sidestart|p1: Kingdomplebs|Spikes\n|\n|-weather|RainDance|[upkeep]\n|-heal|p1a: Aegislash|94\/100 par|[from] item: Leftovers\n|-heal|p2a: Ferrothorn|69\/100|[from] item: Leftovers\n|upkeep\n|turn|12\n|\n|t:|1700940178\n|move|p1a: Aegislash|Swords Dance|p1a: Aegislash\n|-boost|p1a: Aegislash|atk|2\n|move|p2a: Ferrothorn|Spikes|p1a: Aegislash\n|-sidestart|p1: Kingdomplebs|Spikes\n|\n|-weather|RainDance|[upkeep]\n|-heal|p1a: Aegislash|100\/100 par|[from] item: Leftovers\n|-heal|p2a: Ferrothorn|75\/100|[from] item: Leftovers\n|upkeep\n|turn|13\n|\n|t:|1700940185\n|-formechange|p1a: Aegislash|Aegislash-Blade||[from] ability: Stance Change\n|move|p1a: Aegislash|Sacred Sword|p2a: Ferrothorn\n|-supereffective|p2a: Ferrothorn\n|-damage|p2a: Ferrothorn|0 fnt\n|-damage|p1a: Aegislash|88\/100 par|[from] ability: Iron Barbs|[of] p2a: Ferrothorn\n|faint|p2a: Ferrothorn\n|\n|-weather|none\n|-heal|p1a: Aegislash|94\/100 par|[from] item: Leftovers\n|-fieldend|move: Electric Terrain\n|upkeep\n|\n|t:|1700940198\n|switch|p2a: Politoed|Politoed, F|100\/100\n|-weather|RainDance|[from] ability: Drizzle|[of] p2a: Politoed\n|turn|14\n|\n|t:|1700940205\n|-formechange|p1a: Aegislash|Aegislash||[from] ability: Stance Change\n|move|p1a: Aegislash|King's Shield|p1a: Aegislash\n|-singleturn|p1a: Aegislash|Protect\n|move|p2a: Politoed|Encore|p1a: Aegislash\n|-start|p1a: Aegislash|Encore\n|\n|-weather|RainDance|[upkeep]\n|-heal|p1a: Aegislash|100\/100 par|[from] item: Leftovers\n|upkeep\n|turn|15\n|\n|t:|1700940218\n|switch|p2a: Kingdra|Kingdra, M|100\/100\n|switch|p1a: Tapu Koko|Tapu Koko|88\/100\n|-damage|p1a: Tapu Koko|63\/100|[from] Spikes\n|-fieldstart|move: Electric Terrain|[from] ability: Electric Surge|[of] p1a: Tapu Koko\n|\n|-weather|RainDance|[upkeep]\n|upkeep\n|turn|16\n|\n|t:|1700940237\n|move|p2a: Kingdra|Surf|p1a: Tapu Koko\n|-damage|p1a: Tapu Koko|0 fnt\n|faint|p1a: Tapu Koko\n|-damage|p2a: Kingdra|91\/100|[from] item: Life Orb\n|\n|-weather|RainDance|[upkeep]\n|upkeep\n|\n|t:|1700940243\n|switch|p1a: Cinderace|Cinderace, M|51\/100 par\n|-damage|p1a: Cinderace|26\/100 par|[from] Spikes\n|turn|17\n|\n|t:|1700940247\n|move|p1a: Cinderace|Sucker Punch|p2a: Kingdra\n|-start|p1a: Cinderace|typechange|Dark|[from] ability: Libero\n|-crit|p2a: Kingdra\n|-damage|p2a: Kingdra|0 fnt\n|faint|p2a: Kingdra\n|\n|-weather|RainDance|[upkeep]\n|upkeep\n|\n|t:|1700940254\n|switch|p2a: Zapdos|Zapdos|100\/100\n|turn|18\n|\n|t:|1700940257\n|move|p1a: Cinderace|Sucker Punch|p2a: Zapdos\n|-damage|p2a: Zapdos|38\/100\n|-damage|p1a: Cinderace|10\/100 par|[from] item: Rocky Helmet|[of] p2a: Zapdos\n|move|p2a: Zapdos|Thunder|p1a: Cinderace\n|-damage|p1a: Cinderace|0 fnt\n|faint|p1a: Cinderace\n|\n|-weather|none\n|upkeep\n|\n|t:|1700940268\n|switch|p1a: Serperior|Serperior, M, tera:Fire|67\/100\n|-damage|p1a: Serperior|42\/100|[from] Spikes\n|turn|19\n|\n|t:|1700940273\n|switch|p2a: Politoed|Politoed, F|100\/100\n|-weather|RainDance|[from] ability: Drizzle|[of] p2a: Politoed\n|move|p1a: Serperior|Leaf Storm|p2a: Politoed\n|-supereffective|p2a: Politoed\n|-damage|p2a: Politoed|12\/100\n|-boost|p1a: Serperior|spa|2\n|-enditem|p2a: Politoed|Figy Berry|[eat]\n|-heal|p2a: Politoed|46\/100|[from] item: Figy Berry\n|-start|p2a: Politoed|confusion\n|\n|-weather|RainDance|[upkeep]\n|-fieldend|move: Electric Terrain\n|upkeep\n|turn|20\n|\n|t:|1700940285\n|move|p1a: Serperior|Leaf Storm|p2a: Politoed\n|-supereffective|p2a: Politoed\n|-damage|p2a: Politoed|0 fnt\n|-boost|p1a: Serperior|spa|2\n|faint|p2a: Politoed\n|\n|-weather|RainDance|[upkeep]\n|upkeep\n|\n|t:|1700940288\n|switch|p2a: Zapdos|Zapdos|38\/100\n|turn|21\n|\n|t:|1700940293\n|move|p1a: Serperior|Leaf Storm|p2a: Zapdos\n|-resisted|p2a: Zapdos\n|-damage|p2a: Zapdos|0 fnt\n|-boost|p1a: Serperior|spa|2\n|faint|p2a: Zapdos\n|\n|win|Kingdomplebs\n|raw|Kingdomplebs's rating: 1404 &rarr; <strong>1423<\/strong><br \/>(+19 for winning)\n|raw|twopenguin's rating: 1383 &rarr; <strong>1364<\/strong><br \/>(-19 for losing)\n|l|\u2606twopenguin\n","uploadtime":1700940303,"views":4,"p1id":"kingdomplebs","p2id":"twopenguin","formatid":"gen9nationaldex","rating":1364,"private":0,"password":""}