{"id":"gen9nationaldex-1988931684","p1":"wendaqu","p2":"fakersleep","format":"[Gen 9] National Dex","log":"|j|\u2606wendaqu\n|j|\u2606fakersleep\n|t:|1699790067\n|gametype|singles\n|player|p1|wendaqu|brock|1339\n|player|p2|fakersleep|norman|1230\n|teamsize|p1|6\n|teamsize|p2|6\n|gen|9\n|tier|[Gen 9] National Dex\n|rated|\n|rule|HP Percentage Mod: HP is shown in percentages\n|rule|Endless Battle Clause: Forcing endless battles is banned\n|rule|OHKO Clause: OHKO moves are banned\n|rule|Evasion Clause: Evasion abilities, items, and moves are banned\n|rule|Evasion Abilities Clause: Evasion abilities are banned\n|rule|Evasion Items Clause: Evasion items are banned\n|rule|Evasion Moves Clause: Evasion moves are banned\n|rule|Species Clause: Limit one of each Pok\u00e9mon\n|rule|Sleep Clause Mod: Limit one foe put to sleep\n|clearpoke\n|poke|p1|Medicham, M|\n|poke|p1|Heatran, F|\n|poke|p1|Zamazenta-*|\n|poke|p1|Ting-Lu|\n|poke|p1|Ogerpon-Wellspring, F|\n|poke|p1|Celesteela|\n|poke|p2|Urshifu-*, F|\n|poke|p2|Scizor, F|\n|poke|p2|Tapu Koko|\n|poke|p2|Garganacl, F|\n|poke|p2|Iron Valiant|\n|poke|p2|Volcarona, F|\n|teampreview\n|inactive|Battle timer is ON: inactive players will automatically lose when time's up. (requested by fakersleep)\n|\n|t:|1699790088\n|start\n|switch|p1a: Heatran|Heatran, F|100\/100\n|switch|p2a: Urshifu|Urshifu-Rapid-Strike, F|100\/100\n|turn|1\n|\n|t:|1699790096\n|switch|p1a: Ogerpon|Ogerpon-Wellspring, F|100\/100\n|move|p2a: Urshifu|Surging Strikes|p1a: Ogerpon\n|-immune|p1a: Ogerpon|[from] ability: Water Absorb\n|\n|upkeep\n|turn|2\n|\n|t:|1699790103\n|switch|p2a: Scizor|Scizor, F|100\/100\n|move|p1a: Ogerpon|Swords Dance|p1a: Ogerpon\n|-boost|p1a: Ogerpon|atk|2\n|\n|upkeep\n|turn|3\n|\n|t:|1699790110\n|detailschange|p2a: Scizor|Scizor-Mega, F\n|-mega|p2a: Scizor|Scizor|Scizorite\n|move|p1a: Ogerpon|Ivy Cudgel|p2a: Scizor\n|-damage|p2a: Scizor|27\/100\n|move|p2a: Scizor|U-turn|p1a: Ogerpon\n|-supereffective|p1a: Ogerpon\n|-damage|p1a: Ogerpon|5\/100\n|\n|t:|1699790121\n|switch|p2a: Tapu Koko|Tapu Koko|100\/100|[from] U-turn\n|-fieldstart|move: Electric Terrain|[from] ability: Electric Surge|[of] p2a: Tapu Koko\n|\n|upkeep\n|turn|4\n|\n|t:|1699790126\n|switch|p1a: Ting-Lu|Ting-Lu|100\/100\n|-ability|p1a: Ting-Lu|Vessel of Ruin\n|move|p2a: Tapu Koko|U-turn|p1a: Ting-Lu\n|-supereffective|p1a: Ting-Lu\n|-damage|p1a: Ting-Lu|81\/100\n|\n|t:|1699790137\n|switch|p2a: Volcarona|Volcarona, F|100\/100|[from] U-turn\n|\n|-heal|p1a: Ting-Lu|87\/100|[from] item: Leftovers\n|upkeep\n|turn|5\n|\n|t:|1699790143\n|move|p2a: Volcarona|Quiver Dance|p2a: Volcarona\n|-boost|p2a: Volcarona|spa|1\n|-boost|p2a: Volcarona|spd|1\n|-boost|p2a: Volcarona|spe|1\n|move|p1a: Ting-Lu|Whirlwind|p2a: Volcarona\n|drag|p2a: Scizor|Scizor-Mega, F|27\/100\n|\n|-heal|p1a: Ting-Lu|93\/100|[from] item: Leftovers\n|upkeep\n|turn|6\n|\n|t:|1699790151\n|move|p2a: Scizor|Roost|p2a: Scizor\n|-heal|p2a: Scizor|77\/100\n|-singleturn|p2a: Scizor|move: Roost\n|move|p1a: Ting-Lu|Stealth Rock|p2a: Scizor\n|-sidestart|p2: fakersleep|move: Stealth Rock\n|\n|-heal|p1a: Ting-Lu|99\/100|[from] item: Leftovers\n|upkeep\n|turn|7\n|\n|t:|1699790156\n|move|p2a: Scizor|U-turn|p1a: Ting-Lu\n|-supereffective|p1a: Ting-Lu\n|-damage|p1a: Ting-Lu|62\/100\n|\n|t:|1699790163\n|switch|p2a: Volcarona|Volcarona, F|100\/100|[from] U-turn\n|move|p1a: Ting-Lu|Whirlwind|p2a: Volcarona\n|drag|p2a: Garganacl|Garganacl, F|100\/100\n|-damage|p2a: Garganacl|88\/100|[from] Stealth Rock\n|\n|-heal|p1a: Ting-Lu|68\/100|[from] item: Leftovers\n|-heal|p2a: Garganacl|94\/100|[from] item: Leftovers\n|-fieldend|move: Electric Terrain\n|upkeep\n|turn|8\n|\n|t:|1699790172\n|move|p1a: Ting-Lu|Earthquake|p2a: Garganacl\n|-supereffective|p2a: Garganacl\n|-damage|p2a: Garganacl|45\/100\n|move|p2a: Garganacl|Salt Cure|p1a: Ting-Lu\n|-resisted|p1a: Ting-Lu\n|-damage|p1a: Ting-Lu|65\/100\n|-start|p1a: Ting-Lu|Salt Cure\n|\n|-heal|p1a: Ting-Lu|71\/100|[from] item: Leftovers\n|-heal|p2a: Garganacl|51\/100|[from] item: Leftovers\n|-damage|p1a: Ting-Lu|58\/100|[from] Salt Cure\n|upkeep\n|turn|9\n|\n|t:|1699790181\n|switch|p2a: Volcarona|Volcarona, F|100\/100\n|move|p1a: Ting-Lu|Whirlwind|p2a: Volcarona\n|drag|p2a: Scizor|Scizor-Mega, F|77\/100\n|-damage|p2a: Scizor|65\/100|[from] Stealth Rock\n|\n|-heal|p1a: Ting-Lu|65\/100|[from] item: Leftovers\n|-damage|p1a: Ting-Lu|52\/100|[from] Salt Cure\n|upkeep\n|turn|10\n|\n|t:|1699790186\n|move|p2a: Scizor|U-turn|p1a: Ting-Lu\n|-supereffective|p1a: Ting-Lu\n|-damage|p1a: Ting-Lu|17\/100\n|\n|t:|1699790190\n|switch|p2a: Volcarona|Volcarona, F|100\/100|[from] U-turn\n|move|p1a: Ting-Lu|Whirlwind|p2a: Volcarona\n|drag|p2a: Scizor|Scizor-Mega, F|65\/100\n|-damage|p2a: Scizor|52\/100|[from] Stealth Rock\n|\n|-heal|p1a: Ting-Lu|23\/100|[from] item: Leftovers\n|-damage|p1a: Ting-Lu|11\/100|[from] Salt Cure\n|upkeep\n|turn|11\n|\n|t:|1699790205\n|switch|p1a: Heatran|Heatran, F|100\/100\n|move|p2a: Scizor|Bullet Punch|p1a: Heatran\n|-resisted|p1a: Heatran\n|-damage|p1a: Heatran|94\/100\n|\n|-heal|p1a: Heatran|99\/100|[from] item: Leftovers\n|upkeep\n|turn|12\n|\n|t:|1699790212\n|switch|p1a: Celesteela|Celesteela|100\/100\n|move|p2a: Scizor|U-turn|p1a: Celesteela\n|-resisted|p1a: Celesteela\n|-damage|p1a: Celesteela|91\/100\n|\n|t:|1699790218\n|switch|p2a: Volcarona|Volcarona, F|100\/100|[from] U-turn\n|\n|upkeep\n|turn|13\n|\n|t:|1699790226\n|-terastallize|p2a: Volcarona|Grass\n|move|p2a: Volcarona|Quiver Dance|p2a: Volcarona\n|-boost|p2a: Volcarona|spa|1\n|-boost|p2a: Volcarona|spd|1\n|-boost|p2a: Volcarona|spe|1\n|move|p1a: Celesteela|Meteor Beam||[still]\n|-prepare|p1a: Celesteela|Meteor Beam\n|-boost|p1a: Celesteela|spa|1\n|-enditem|p1a: Celesteela|Power Herb\n|-anim|p1a: Celesteela|Meteor Beam|p2a: Volcarona\n|-damage|p2a: Volcarona|56\/100\n|\n|upkeep\n|turn|14\n|\n|t:|1699790238\n|move|p2a: Volcarona|Flamethrower|p1a: Celesteela\n|-supereffective|p1a: Celesteela\n|-damage|p1a: Celesteela|0 fnt\n|faint|p1a: Celesteela\n|\n|upkeep\n|\n|t:|1699790247\n|switch|p1a: Heatran|Heatran, F|99\/100\n|turn|15\n|\n|t:|1699790258\n|-terastallize|p1a: Heatran|Flying\n|move|p2a: Volcarona|Hidden Power|p1a: Heatran\n|-immune|p1a: Heatran\n|move|p1a: Heatran|Magma Storm|p2a: Volcarona|[miss]\n|-miss|p1a: Heatran|p2a: Volcarona\n|\n|-heal|p1a: Heatran|100\/100|[from] item: Leftovers\n|upkeep\n|turn|16\n|\n|t:|1699790263\n|move|p2a: Volcarona|Giga Drain|p1a: Heatran\n|-resisted|p1a: Heatran\n|-damage|p1a: Heatran|76\/100\n|-heal|p2a: Volcarona|71\/100|[from] drain|[of] p1a: Heatran\n|move|p1a: Heatran|Magma Storm|p2a: Volcarona\n|-supereffective|p2a: Volcarona\n|-damage|p2a: Volcarona|0 fnt\n|faint|p2a: Volcarona\n|\n|-heal|p1a: Heatran|82\/100|[from] item: Leftovers\n|upkeep\n|\n|t:|1699790279\n|switch|p2a: Tapu Koko|Tapu Koko|100\/100\n|-fieldstart|move: Electric Terrain|[from] ability: Electric Surge|[of] p2a: Tapu Koko\n|turn|17\n|\n|t:|1699790293\n|move|p2a: Tapu Koko|Thunderbolt|p1a: Heatran\n|-supereffective|p1a: Heatran\n|-crit|p1a: Heatran\n|-damage|p1a: Heatran|0 fnt\n|faint|p1a: Heatran\n|\n|upkeep\n|\n|t:|1699790298\n|switch|p1a: Medicham|Medicham, M|100\/100\n|turn|18\n|\n|t:|1699790306\n|detailschange|p1a: Medicham|Medicham-Mega, M\n|-mega|p1a: Medicham|Medicham|Medichamite\n|move|p1a: Medicham|Fake Out|p2a: Tapu Koko\n|-damage|p2a: Tapu Koko|70\/100\n|cant|p2a: Tapu Koko|flinch\n|\n|upkeep\n|turn|19\n|\n|t:|1699790310\n|switch|p1a: Ting-Lu|Ting-Lu|11\/100\n|-ability|p1a: Ting-Lu|Vessel of Ruin\n|move|p2a: Tapu Koko|U-turn|p1a: Ting-Lu\n|-supereffective|p1a: Ting-Lu\n|-damage|p1a: Ting-Lu|0 fnt\n|faint|p1a: Ting-Lu\n|\n|t:|1699790323\n|switch|p2a: Scizor|Scizor-Mega, F|52\/100|[from] U-turn\n|-damage|p2a: Scizor|40\/100|[from] Stealth Rock\n|\n|upkeep\n|\n|t:|1699790331\n|switch|p1a: Medicham|Medicham-Mega, M|100\/100\n|turn|20\n|\n|t:|1699790338\n|move|p1a: Medicham|Close Combat|p2a: Scizor\n|-damage|p2a: Scizor|0 fnt\n|-unboost|p1a: Medicham|def|1\n|-unboost|p1a: Medicham|spd|1\n|faint|p2a: Scizor\n|\n|upkeep\n|\n|t:|1699790344\n|switch|p2a: Tapu Koko|Tapu Koko|70\/100\n|turn|21\n|\n|t:|1699790348\n|switch|p1a: Ogerpon|Ogerpon-Wellspring, F|5\/100\n|move|p2a: Tapu Koko|Thunderbolt|p1a: Ogerpon\n|-damage|p1a: Ogerpon|0 fnt\n|faint|p1a: Ogerpon\n|\n|-fieldend|move: Electric Terrain\n|upkeep\n|\n|t:|1699790354\n|switch|p1a: Zamazenta|Zamazenta|100\/100\n|-ability|p1a: Zamazenta|Dauntless Shield|boost\n|-boost|p1a: Zamazenta|def|1\n|turn|22\n|\n|t:|1699790369\n|switch|p2a: Garganacl|Garganacl, F|51\/100\n|-damage|p2a: Garganacl|38\/100|[from] Stealth Rock\n|move|p1a: Zamazenta|Body Press|p2a: Garganacl\n|-supereffective|p2a: Garganacl\n|-damage|p2a: Garganacl|0 fnt\n|faint|p2a: Garganacl\n|\n|upkeep\n|\n|t:|1699790383\n|switch|p2a: Iron Valiant|Iron Valiant|100\/100\n|-damage|p2a: Iron Valiant|94\/100|[from] Stealth Rock\n|-enditem|p2a: Iron Valiant|Booster Energy\n|-activate|p2a: Iron Valiant|ability: Quark Drive|[fromitem]\n|-start|p2a: Iron Valiant|quarkdrivespe\n|turn|23\n|\n|t:|1699790395\n|move|p2a: Iron Valiant|Knock Off|p1a: Zamazenta\n|-resisted|p1a: Zamazenta\n|-damage|p1a: Zamazenta|91\/100\n|-enditem|p1a: Zamazenta|Leftovers|[from] move: Knock Off|[of] p2a: Iron Valiant\n|move|p1a: Zamazenta|Body Press|p2a: Iron Valiant\n|-resisted|p2a: Iron Valiant\n|-damage|p2a: Iron Valiant|64\/100\n|\n|upkeep\n|turn|24\n|\n|t:|1699790417\n|move|p2a: Iron Valiant|Close Combat|p1a: Zamazenta\n|-damage|p1a: Zamazenta|57\/100\n|-unboost|p2a: Iron Valiant|def|1\n|-unboost|p2a: Iron Valiant|spd|1\n|move|p1a: Zamazenta|Body Press|p2a: Iron Valiant\n|-resisted|p2a: Iron Valiant\n|-damage|p2a: Iron Valiant|15\/100\n|\n|upkeep\n|turn|25\n|\n|t:|1699790427\n|move|p2a: Iron Valiant|Close Combat|p1a: Zamazenta\n|-damage|p1a: Zamazenta|25\/100\n|-unboost|p2a: Iron Valiant|def|1\n|-unboost|p2a: Iron Valiant|spd|1\n|move|p1a: Zamazenta|Body Press|p2a: Iron Valiant\n|-resisted|p2a: Iron Valiant\n|-damage|p2a: Iron Valiant|0 fnt\n|faint|p2a: Iron Valiant\n|-end|p2a: Iron Valiant|Quark Drive|[silent]\n|\n|upkeep\n|\n|t:|1699790432\n|switch|p2a: Urshifu|Urshifu-Rapid-Strike, F|100\/100\n|-damage|p2a: Urshifu|94\/100|[from] Stealth Rock\n|turn|26\n|\n|t:|1699790439\n|move|p2a: Urshifu|Aqua Jet|p1a: Zamazenta\n|-damage|p1a: Zamazenta|8\/100\n|move|p1a: Zamazenta|Body Press|p2a: Urshifu\n|-crit|p2a: Urshifu\n|-damage|p2a: Urshifu|28\/100\n|\n|upkeep\n|turn|27\n|\n|t:|1699790447\n|switch|p1a: Medicham|Medicham-Mega, M|100\/100\n|move|p2a: Urshifu|Aqua Jet|p1a: Medicham\n|-damage|p1a: Medicham|54\/100\n|\n|upkeep\n|turn|28\n|\n|t:|1699790450\n|switch|p2a: Tapu Koko|Tapu Koko|70\/100\n|-fieldstart|move: Electric Terrain|[from] ability: Electric Surge|[of] p2a: Tapu Koko\n|move|p1a: Medicham|Fake Out|p2a: Tapu Koko\n|-damage|p2a: Tapu Koko|37\/100\n|\n|upkeep\n|turn|29\n|\n|t:|1699790454\n|move|p1a: Medicham|Bullet Punch|p2a: Tapu Koko\n|-damage|p2a: Tapu Koko|6\/100\n|move|p2a: Tapu Koko|Thunderbolt|p1a: Medicham\n|-damage|p1a: Medicham|0 fnt\n|faint|p1a: Medicham\n|\n|upkeep\n|\n|t:|1699790457\n|switch|p1a: Zamazenta|Zamazenta|8\/100\n|turn|30\n|\n|t:|1699790462\n|move|p1a: Zamazenta|Body Press|p2a: Tapu Koko\n|-resisted|p2a: Tapu Koko\n|-crit|p2a: Tapu Koko\n|-damage|p2a: Tapu Koko|0 fnt\n|faint|p2a: Tapu Koko\n|\n|upkeep\n|\n|t:|1699790465\n|switch|p2a: Urshifu|Urshifu-Rapid-Strike, F|28\/100\n|-damage|p2a: Urshifu|22\/100|[from] Stealth Rock\n|turn|31\n|\n|t:|1699790468\n|move|p2a: Urshifu|Aqua Jet|p1a: Zamazenta\n|-damage|p1a: Zamazenta|0 fnt\n|faint|p1a: Zamazenta\n|\n|win|fakersleep\n|raw|wendaqu's rating: 1339 &rarr; <strong>1313<\/strong><br \/>(-26 for losing)\n|raw|fakersleep's rating: 1230 &rarr; <strong>1263<\/strong><br \/>(+33 for winning)\n|l|\u2606wendaqu\n","uploadtime":1699790487,"views":5,"p1id":"wendaqu","p2id":"fakersleep","formatid":"gen9nationaldex","rating":1263,"private":0,"password":""}