{"id":"gen9nationaldex-1996334058","p1":"MP1024","p2":"PM4201","format":"[Gen 9] National Dex","log":"|html|<div class=\"broadcast-blue\"><strong>[Gen 9] National Dex is currently suspecting Sneasler! For information on how to participate check out the <a href=\"https:\/\/www.smogon.com\/forums\/threads\/sv-national-dex-suspect-8-just-dance.3731534\/\">suspect thread<\/a>.<\/strong><\/div>\n|j|\u2606MP1024\n|j|\u2606PM4201\n|t:|1700672150\n|gametype|singles\n|player|p1|MP1024|scientist|\n|player|p2|PM4201|pokemonranger-gen4|\n|teamsize|p1|6\n|teamsize|p2|6\n|gen|9\n|tier|[Gen 9] National Dex\n|rule|HP Percentage Mod: HP is shown in percentages\n|rule|Endless Battle Clause: Forcing endless battles is banned\n|rule|OHKO Clause: OHKO moves are banned\n|rule|Evasion Clause: Evasion abilities, items, and moves are banned\n|rule|Evasion Abilities Clause: Evasion abilities are banned\n|rule|Evasion Items Clause: Evasion items are banned\n|rule|Evasion Moves Clause: Evasion moves are banned\n|rule|Species Clause: Limit one of each Pok\u00e9mon\n|rule|Sleep Clause Mod: Limit one foe put to sleep\n|clearpoke\n|poke|p1|Houndoom, M|\n|poke|p1|Farigiraf, M|\n|poke|p1|Hitmontop, M|\n|poke|p1|Azumarill, M|\n|poke|p1|Magmortar, F|\n|poke|p1|Skarmory, F|\n|poke|p2|Blacephalon|\n|poke|p2|Celesteela|\n|poke|p2|Nihilego|\n|poke|p2|Xurkitree|\n|poke|p2|Grumpig, F|\n|poke|p2|Ludicolo, F|\n|teampreview\n|inactive|Battle timer is ON: inactive players will automatically lose when time's up. (requested by MP1024)\n|\n|t:|1700672158\n|start\n|switch|p1a: Houndoom|Houndoom, M|100\/100\n|switch|p2a: Grumpig|Grumpig, F|100\/100\n|-ability|p1a: Houndoom|Unnerve\n|turn|1\n|\n|t:|1700672174\n|detailschange|p1a: Houndoom|Houndoom-Mega, M\n|-mega|p1a: Houndoom|Houndoom|Houndoominite\n|move|p1a: Houndoom|Nasty Plot|p1a: Houndoom\n|-boost|p1a: Houndoom|spa|2\n|move|p2a: Grumpig|Energy Ball|p1a: Houndoom\n|-resisted|p1a: Houndoom\n|-damage|p1a: Houndoom|86\/100\n|\n|upkeep\n|turn|2\n|\n|t:|1700672188\n|switch|p2a: Celesteela|Celesteela|100\/100\n|move|p1a: Houndoom|Dark Pulse|p2a: Celesteela\n|-damage|p2a: Celesteela|32\/100\n|\n|upkeep\n|turn|3\n|\n|t:|1700672197\n|move|p1a: Houndoom|Flamethrower|p2a: Celesteela\n|-supereffective|p2a: Celesteela\n|-damage|p2a: Celesteela|0 fnt\n|faint|p2a: Celesteela\n|\n|upkeep\n|\n|t:|1700672204\n|switch|p2a: Nihilego|Nihilego|100\/100\n|turn|4\n|\n|t:|1700672208\n|move|p1a: Houndoom|Dark Pulse|p2a: Nihilego\n|-damage|p2a: Nihilego|34\/100\n|move|p2a: Nihilego|Power Gem|p1a: Houndoom\n|-supereffective|p1a: Houndoom\n|-damage|p1a: Houndoom|0 fnt\n|faint|p1a: Houndoom\n|-ability|p2a: Nihilego|Beast Boost|boost\n|-boost|p2a: Nihilego|spa|1\n|\n|upkeep\n|\n|t:|1700672219\n|switch|p1a: Hitmontop|Hitmontop, M|100\/100\n|turn|5\n|\n|t:|1700672224\n|move|p1a: Hitmontop|Fake Out|p2a: Nihilego\n|-resisted|p2a: Nihilego\n|-damage|p2a: Nihilego|17\/100\n|cant|p2a: Nihilego|flinch\n|\n|upkeep\n|turn|6\n|\n|t:|1700672229\n|move|p1a: Hitmontop|Bullet Punch|p2a: Nihilego\n|-supereffective|p2a: Nihilego\n|-damage|p2a: Nihilego|0 fnt\n|faint|p2a: Nihilego\n|\n|upkeep\n|\n|t:|1700672236\n|switch|p2a: Blacephalon|Blacephalon|100\/100\n|turn|7\n|\n|t:|1700672248\n|move|p2a: Blacephalon|Mind Blown|p1a: Hitmontop\n|-damage|p1a: Hitmontop|18\/100\n|-damage|p2a: Blacephalon|50\/100|[from] mindblown\n|-enditem|p1a: Hitmontop|Aguav Berry|[eat]\n|-heal|p1a: Hitmontop|51\/100|[from] item: Aguav Berry\n|move|p1a: Hitmontop|Triple Axel|p2a: Blacephalon\n|-resisted|p2a: Blacephalon\n|-damage|p2a: Blacephalon|39\/100\n|-resisted|p2a: Blacephalon\n|-damage|p2a: Blacephalon|17\/100\n|-resisted|p2a: Blacephalon\n|-damage|p2a: Blacephalon|0 fnt\n|faint|p2a: Blacephalon\n|-hitcount|p2: Blacephalon|3\n|\n|upkeep\n|\n|t:|1700672264\n|switch|p2a: Xurkitree|Xurkitree|100\/100\n|turn|8\n|\n|t:|1700672271\n|move|p1a: Hitmontop|Mach Punch|p2a: Xurkitree\n|-damage|p2a: Xurkitree|61\/100\n|move|p2a: Xurkitree|Tail Glow|p2a: Xurkitree\n|-boost|p2a: Xurkitree|spa|3\n|\n|upkeep\n|turn|9\n|\n|t:|1700672286\n|move|p1a: Hitmontop|Mach Punch|p2a: Xurkitree\n|-damage|p2a: Xurkitree|22\/100\n|move|p2a: Xurkitree|Discharge|p1a: Hitmontop\n|-damage|p1a: Hitmontop|0 fnt\n|faint|p1a: Hitmontop\n|-ability|p2a: Xurkitree|Beast Boost|boost\n|-boost|p2a: Xurkitree|spa|1\n|\n|upkeep\n|\n|t:|1700672299\n|switch|p1a: Magmortar|Magmortar, F|100\/100\n|turn|10\n|\n|t:|1700672306\n|-zpower|p2a: Xurkitree\n|move|p2a: Xurkitree|Gigavolt Havoc|p1a: Magmortar|[zeffect]\n|-damage|p1a: Magmortar|0 fnt\n|faint|p1a: Magmortar\n|-ability|p2a: Xurkitree|Beast Boost|boost\n|-boost|p2a: Xurkitree|spa|1\n|\n|upkeep\n|inactive|MP1024 has 270 seconds left.\n|inactive|MP1024 has 240 seconds left.\n|\n|t:|1700672384\n|switch|p1a: Farigiraf|Farigiraf, M|100\/100\n|turn|11\n|\n|t:|1700672388\n|move|p2a: Xurkitree|Signal Beam|p1a: Farigiraf\n|-supereffective|p1a: Farigiraf\n|-damage|p1a: Farigiraf|0 fnt\n|faint|p1a: Farigiraf\n|-ability|p2a: Xurkitree|Beast Boost|boost\n|-boost|p2a: Xurkitree|spa|1\n|\n|upkeep\n|\n|t:|1700672403\n|switch|p1a: Azumarill|Azumarill, M|100\/100\n|turn|12\n|\n|t:|1700672407\n|move|p1a: Azumarill|Aqua Jet|p2a: Xurkitree\n|-damage|p2a: Xurkitree|0 fnt\n|faint|p2a: Xurkitree\n|-damage|p1a: Azumarill|91\/100|[from] item: Life Orb\n|\n|upkeep\n|\n|t:|1700672414\n|switch|p2a: Ludicolo|Ludicolo, F|100\/100\n|turn|13\n|\n|t:|1700672421\n|move|p2a: Ludicolo|Seed Bomb|p1a: Azumarill\n|-supereffective|p1a: Azumarill\n|-damage|p1a: Azumarill|0 fnt\n|faint|p1a: Azumarill\n|\n|upkeep\n|\n|t:|1700672427\n|switch|p1a: Skarmory|Skarmory, F|100\/100\n|turn|14\n|\n|t:|1700672432\n|switch|p2a: Grumpig|Grumpig, F|100\/100\n|move|p1a: Skarmory|Brave Bird|p2a: Grumpig\n|-damage|p2a: Grumpig|25\/100\n|-enditem|p2a: Grumpig|Iapapa Berry|[eat]\n|-heal|p2a: Grumpig|59\/100|[from] item: Iapapa Berry\n|-damage|p1a: Skarmory|78\/100|[from] Recoil\n|\n|-heal|p1a: Skarmory|84\/100|[from] item: Leftovers\n|upkeep\n|turn|15\n|\n|t:|1700672452\n|move|p2a: Grumpig|Psychic|p1a: Skarmory\n|-resisted|p1a: Skarmory\n|-damage|p1a: Skarmory|60\/100\n|move|p1a: Skarmory|Night Slash|p2a: Grumpig\n|-supereffective|p2a: Grumpig\n|-damage|p2a: Grumpig|1\/100\n|\n|-heal|p1a: Skarmory|66\/100|[from] item: Leftovers\n|upkeep\n|turn|16\n|\n|t:|1700672466\n|-terastallize|p2a: Grumpig|Psychic\n|-terastallize|p1a: Skarmory|Steel\n|move|p2a: Grumpig|Psychic|p1a: Skarmory\n|-resisted|p1a: Skarmory\n|-damage|p1a: Skarmory|30\/100\n|move|p1a: Skarmory|Iron Head|p2a: Grumpig\n|-damage|p2a: Grumpig|0 fnt\n|faint|p2a: Grumpig\n|\n|-heal|p1a: Skarmory|36\/100|[from] item: Leftovers\n|upkeep\n|\n|t:|1700672480\n|switch|p2a: Ludicolo|Ludicolo, F|100\/100\n|turn|17\n|\n|t:|1700672488\n|move|p1a: Skarmory|Brave Bird|p2a: Ludicolo\n|-supereffective|p2a: Ludicolo\n|-damage|p2a: Ludicolo|0 fnt\n|faint|p2a: Ludicolo\n|-damage|p1a: Skarmory|0 fnt|[from] Recoil\n|faint|p1a: Skarmory\n|\n|win|MP1024\n","uploadtime":1700672499,"views":0,"p1id":"mp1024","p2id":"pm4201","formatid":"gen9nationaldex","rating":0,"private":0,"password":""}