{"id":"gen9nationaldex-1988472605","p1":"tartagliazhongli","p2":"Sonanta","format":"[Gen 9] National Dex","log":"|j|\u2606tartagliazhongli\n|j|\u2606Sonanta\n|t:|1699726622\n|gametype|singles\n|player|p1|tartagliazhongli|2|1449\n|player|p2|Sonanta|flint|1527\n|teamsize|p1|6\n|teamsize|p2|6\n|gen|9\n|tier|[Gen 9] National Dex\n|rated|\n|rule|HP Percentage Mod: HP is shown in percentages\n|rule|Endless Battle Clause: Forcing endless battles is banned\n|rule|OHKO Clause: OHKO moves are banned\n|rule|Evasion Clause: Evasion abilities, items, and moves are banned\n|rule|Evasion Abilities Clause: Evasion abilities are banned\n|rule|Evasion Items Clause: Evasion items are banned\n|rule|Evasion Moves Clause: Evasion moves are banned\n|rule|Species Clause: Limit one of each Pok\u00e9mon\n|rule|Sleep Clause Mod: Limit one foe put to sleep\n|clearpoke\n|poke|p1|Aerodactyl, M|\n|poke|p1|Volcarona, F|\n|poke|p1|Ninetales-Alola, F|\n|poke|p1|Hatterene, F|\n|poke|p1|Landorus-Therian, M|\n|poke|p1|Hoopa-Unbound|\n|poke|p2|Garchomp, F|\n|poke|p2|Dondozo, M|\n|poke|p2|Scizor, M|\n|poke|p2|Chansey, F|\n|poke|p2|Zapdos|\n|poke|p2|Heatran, M|\n|teampreview\n|inactive|Battle timer is ON: inactive players will automatically lose when time's up. (requested by tartagliazhongli)\n|\n|t:|1699726657\n|start\n|switch|p1a: Ninetales|Ninetales-Alola, F|100\/100\n|switch|p2a: iron-bug|Scizor, M|100\/100\n|-weather|Snow|[from] ability: Snow Warning|[of] p1a: Ninetales\n|turn|1\n|\n|t:|1699726675\n|switch|p1a: Volcarona|Volcarona, F|100\/100\n|detailschange|p2a: iron-bug|Scizor-Mega, M\n|-mega|p2a: iron-bug|Scizor|Scizorite\n|move|p2a: iron-bug|Bullet Punch|p1a: Volcarona\n|-resisted|p1a: Volcarona\n|-damage|p1a: Volcarona|80\/100\n|\n|-weather|Snow|[upkeep]\n|upkeep\n|turn|2\n|\n|t:|1699726691\n|switch|p1a: Hoopa|Hoopa-Unbound|100\/100\n|switch|p2a: Chansey|Chansey, F|100\/100\n|\n|-weather|Snow|[upkeep]\n|upkeep\n|turn|3\n|inactive|Sonanta has 120 seconds left.\n|\n|t:|1699726727\n|switch|p2a: Zapdos|Zapdos|100\/100\n|move|p1a: Hoopa|Hyperspace Fury|p2a: Zapdos\n|-damage|p2a: Zapdos|66\/100\n|-unboost|p1a: Hoopa|def|1\n|-enditem|p1a: Hoopa|White Herb\n|-clearnegativeboost|p1a: Hoopa|[silent]\n|-item|p1a: Hoopa|Heavy-Duty Boots|[from] ability: Magician|[of] p2a: Zapdos\n|\n|-weather|Snow|[upkeep]\n|upkeep\n|turn|4\n|inactive|Sonanta has 120 seconds left.\n|\n|t:|1699726749\n|move|p1a: Hoopa|Psychic|p2a: Zapdos\n|-damage|p2a: Zapdos|20\/100\n|move|p2a: Zapdos|Volt Switch|p1a: Hoopa\n|-damage|p1a: Hoopa|80\/100\n|\n|t:|1699726759\n|switch|p2a: iron-bug|Scizor-Mega, M|100\/100|[from] Volt Switch\n|\n|-weather|Snow|[upkeep]\n|upkeep\n|turn|5\n|\n|t:|1699726766\n|switch|p1a: Volcarona|Volcarona, F|80\/100\n|move|p2a: iron-bug|U-turn|p1a: Volcarona\n|-resisted|p1a: Volcarona\n|-damage|p1a: Volcarona|59\/100\n|inactive|Sonanta has 120 seconds left.\n|\n|t:|1699726777\n|switch|p2a: Chansey|Chansey, F|100\/100|[from] U-turn\n|\n|-weather|none\n|upkeep\n|turn|6\n|\n|t:|1699726783\n|switch|p1a: Hatterene|Hatterene, F|100\/100\n|move|p2a: Chansey|Toxic|p1a: Hatterene\n|move|p1a: Hatterene|Toxic|p2a: Chansey|[from]ability: Magic Bounce\n|-status|p2a: Chansey|tox\n|\n|-damage|p2a: Chansey|94\/100 tox|[from] psn\n|upkeep\n|turn|7\n|\n|t:|1699726808\n|switch|p1a: Landorus|Landorus-Therian, M|100\/100\n|-ability|p1a: Landorus|Intimidate|boost\n|-unboost|p2a: Chansey|atk|1\n|move|p2a: Chansey|Seismic Toss|p1a: Landorus\n|-damage|p1a: Landorus|74\/100\n|\n|-damage|p2a: Chansey|82\/100 tox|[from] psn\n|upkeep\n|turn|8\n|\n|t:|1699726817\n|-curestatus|p2a: Chansey|tox|[from] ability: Natural Cure\n|switch|p2a: Zapdos|Zapdos|20\/100\n|-zpower|p1a: Landorus\n|move|p1a: Landorus|Supersonic Skystrike|p2a: Zapdos|[zeffect]\n|-resisted|p2a: Zapdos\n|-damage|p2a: Zapdos|0 fnt\n|faint|p2a: Zapdos\n|\n|upkeep\n|\n|t:|1699726828\n|switch|p2a: magna|Heatran, M|100\/100\n|turn|9\n|\n|t:|1699726836\n|-terastallize|p2a: magna|Fire\n|move|p2a: magna|Eruption|p1a: Landorus\n|-damage|p1a: Landorus|0 fnt\n|faint|p1a: Landorus\n|\n|upkeep\n|\n|t:|1699726841\n|switch|p1a: Aerodactyl|Aerodactyl, M|100\/100\n|-ability|p1a: Aerodactyl|Unnerve\n|turn|10\n|\n|t:|1699726857\n|switch|p2a: iron-bug|Scizor-Mega, M|100\/100\n|detailschange|p1a: Aerodactyl|Aerodactyl-Mega, M\n|-mega|p1a: Aerodactyl|Aerodactyl|Aerodactylite\n|move|p1a: Aerodactyl|Dragon Dance|p1a: Aerodactyl\n|-boost|p1a: Aerodactyl|atk|1\n|-boost|p1a: Aerodactyl|spe|1\n|\n|upkeep\n|turn|11\n|\n|t:|1699726867\n|switch|p1a: Volcarona|Volcarona, F|59\/100\n|move|p2a: iron-bug|U-turn|p1a: Volcarona\n|-resisted|p1a: Volcarona\n|-damage|p1a: Volcarona|35\/100\n|-status|p2a: iron-bug|brn|[from] ability: Flame Body|[of] p1a: Volcarona\n|\n|t:|1699726874\n|switch|p2a: Chansey|Chansey, F|82\/100|[from] U-turn\n|\n|upkeep\n|turn|12\n|\n|t:|1699726886\n|switch|p1a: Hatterene|Hatterene, F|100\/100\n|move|p2a: Chansey|Heal Bell|p2a: Chansey\n|-activate|p2a: Chansey|move: Heal Bell\n|-curestatus|p2: iron-bug|brn|[msg]\n|\n|upkeep\n|turn|13\n|\n|t:|1699726893\n|switch|p1a: Aerodactyl|Aerodactyl-Mega, M|100\/100\n|move|p2a: Chansey|Seismic Toss|p1a: Aerodactyl\n|-damage|p1a: Aerodactyl|67\/100\n|\n|upkeep\n|turn|14\n|\n|t:|1699726900\n|switch|p2a: Dondozo|Dondozo, M, shiny|100\/100\n|move|p1a: Aerodactyl|Stealth Rock|p2a: Dondozo\n|-sidestart|p2: Sonanta|move: Stealth Rock\n|\n|upkeep\n|turn|15\n|\n|t:|1699726907\n|switch|p1a: Ninetales|Ninetales-Alola, F|100\/100\n|-weather|Snow|[from] ability: Snow Warning|[of] p1a: Ninetales\n|move|p2a: Dondozo|Wave Crash|p1a: Ninetales\n|-damage|p1a: Ninetales|66\/100\n|-damage|p2a: Dondozo|93\/100|[from] Recoil\n|\n|-weather|Snow|[upkeep]\n|-heal|p2a: Dondozo|99\/100|[from] item: Leftovers\n|upkeep\n|turn|16\n|\n|t:|1699726917\n|switch|p2a: magna|Heatran, M, tera:Fire|100\/100\n|-damage|p2a: magna|76\/100|[from] Stealth Rock\n|move|p1a: Ninetales|Aurora Veil|p1a: Ninetales\n|-sidestart|p1: tartagliazhongli|move: Aurora Veil\n|\n|-weather|Snow|[upkeep]\n|upkeep\n|turn|17\n|\n|t:|1699726928\n|switch|p1a: Hoopa|Hoopa-Unbound|80\/100\n|move|p2a: magna|Eruption|p1a: Hoopa\n|-damage|p1a: Hoopa|48\/100\n|\n|-weather|Snow|[upkeep]\n|upkeep\n|turn|18\n|\n|t:|1699726941\n|move|p2a: magna|Eruption|p1a: Hoopa\n|-damage|p1a: Hoopa|13\/100\n|move|p1a: Hoopa|Psychic|p2a: magna\n|-damage|p2a: magna|27\/100\n|\n|-weather|Snow|[upkeep]\n|upkeep\n|turn|19\n|\n|t:|1699726948\n|move|p2a: magna|Eruption|p1a: Hoopa\n|-damage|p1a: Hoopa|0 fnt\n|faint|p1a: Hoopa\n|\n|-weather|none\n|upkeep\n|\n|t:|1699726953\n|switch|p1a: Aerodactyl|Aerodactyl-Mega, M|67\/100\n|turn|20\n|\n|t:|1699726960\n|switch|p2a: Dondozo|Dondozo, M, shiny|99\/100\n|-damage|p2a: Dondozo|86\/100|[from] Stealth Rock\n|move|p1a: Aerodactyl|Dragon Dance|p1a: Aerodactyl\n|-boost|p1a: Aerodactyl|atk|1\n|-boost|p1a: Aerodactyl|spe|1\n|\n|-heal|p2a: Dondozo|92\/100|[from] item: Leftovers\n|upkeep\n|turn|21\n|\n|t:|1699726969\n|switch|p1a: Ninetales|Ninetales-Alola, F|66\/100\n|-weather|Snow|[from] ability: Snow Warning|[of] p1a: Ninetales\n|move|p2a: Dondozo|Wave Crash|p1a: Ninetales\n|-damage|p1a: Ninetales|49\/100\n|-damage|p2a: Dondozo|89\/100|[from] Recoil\n|\n|-weather|Snow|[upkeep]\n|-heal|p2a: Dondozo|95\/100|[from] item: Leftovers\n|upkeep\n|turn|22\n|\n|t:|1699726980\n|switch|p2a: Chansey|Chansey, F|82\/100\n|-damage|p2a: Chansey|69\/100|[from] Stealth Rock\n|move|p1a: Ninetales|Hypnosis|p2a: Chansey\n|-status|p2a: Chansey|slp|[from] move: Hypnosis\n|\n|-weather|Snow|[upkeep]\n|upkeep\n|turn|23\n|\n|t:|1699726993\n|switch|p1a: Volcarona|Volcarona, F|35\/100\n|-curestatus|p2a: Chansey|slp|[from] ability: Natural Cure\n|switch|p2a: iron-bug|Scizor-Mega, M|100\/100\n|-damage|p2a: iron-bug|88\/100|[from] Stealth Rock\n|\n|-weather|Snow|[upkeep]\n|-sideend|p1: tartagliazhongli|move: Aurora Veil\n|upkeep\n|turn|24\n|\n|t:|1699727002\n|switch|p2a: Chansey|Chansey, F|69\/100\n|-damage|p2a: Chansey|57\/100|[from] Stealth Rock\n|move|p1a: Volcarona|Quiver Dance|p1a: Volcarona\n|-boost|p1a: Volcarona|spa|1\n|-boost|p1a: Volcarona|spd|1\n|-boost|p1a: Volcarona|spe|1\n|\n|-weather|Snow|[upkeep]\n|upkeep\n|turn|25\n|\n|t:|1699727010\n|-terastallize|p1a: Volcarona|Fighting\n|move|p1a: Volcarona|Tera Blast|p2a: Chansey|[anim] Tera Blast Fighting\n|-supereffective|p2a: Chansey\n|-damage|p2a: Chansey|22\/100\n|move|p2a: Chansey|Soft-Boiled|p2a: Chansey\n|-heal|p2a: Chansey|72\/100\n|\n|-weather|none\n|upkeep\n|turn|26\n|\n|t:|1699727021\n|switch|p1a: Hatterene|Hatterene, F|100\/100\n|move|p2a: Chansey|Seismic Toss|p1a: Hatterene\n|-damage|p1a: Hatterene|69\/100\n|\n|-heal|p1a: Hatterene|75\/100|[from] item: Leftovers\n|upkeep\n|turn|27\n|\n|t:|1699727034\n|switch|p1a: Aerodactyl|Aerodactyl-Mega, M|67\/100\n|move|p2a: Chansey|Seismic Toss|p1a: Aerodactyl\n|-damage|p1a: Aerodactyl|34\/100\n|\n|upkeep\n|turn|28\n|\n|t:|1699727044\n|switch|p2a: Dondozo|Dondozo, M, shiny|95\/100\n|-damage|p2a: Dondozo|82\/100|[from] Stealth Rock\n|move|p1a: Aerodactyl|Dual Wingbeat|p2a: Dondozo\n|-damage|p2a: Dondozo|71\/100\n|-damage|p2a: Dondozo|57\/100\n|-hitcount|p2a: Dondozo|2\n|\n|-heal|p2a: Dondozo|64\/100|[from] item: Leftovers\n|upkeep\n|turn|29\n|-message|tartagliazhongli forfeited.\n|\n|win|Sonanta\n|raw|tartagliazhongli's rating: 1449 &rarr; <strong>1433<\/strong><br \/>(-16 for losing)\n|raw|Sonanta's rating: 1527 &rarr; <strong>1543<\/strong><br \/>(+16 for winning)\n|l|\u2606tartagliazhongli\n","uploadtime":1699727071,"views":6,"p1id":"tartagliazhongli","p2id":"sonanta","formatid":"gen9nationaldex","rating":1433,"private":0,"password":""}