{"id":"gen9nationaldex-1999853242","p1":"221savage","p2":"Akihiro Nira","format":"[Gen 9] National Dex","log":"|html|<div class=\"broadcast-blue\"><strong>[Gen 9] National Dex is currently suspecting Sneasler! For information on how to participate check out the <a href=\"https:\/\/www.smogon.com\/forums\/threads\/sv-national-dex-suspect-8-just-dance.3731534\/\">suspect thread<\/a>.<\/strong><\/div>\n|j|\u2606221savage\n|j|\u2606Akihiro Nira\n|t:|1701122942\n|gametype|singles\n|player|p1|221savage|2|1443\n|player|p2|Akihiro Nira|n-masters|1341\n|teamsize|p1|6\n|teamsize|p2|6\n|gen|9\n|tier|[Gen 9] National Dex\n|rated|\n|rule|HP Percentage Mod: HP is shown in percentages\n|rule|Endless Battle Clause: Forcing endless battles is banned\n|rule|OHKO Clause: OHKO moves are banned\n|rule|Evasion Clause: Evasion abilities, items, and moves are banned\n|rule|Evasion Abilities Clause: Evasion abilities are banned\n|rule|Evasion Items Clause: Evasion items are banned\n|rule|Evasion Moves Clause: Evasion moves are banned\n|rule|Species Clause: Limit one of each Pok\u00e9mon\n|rule|Sleep Clause Mod: Limit one foe put to sleep\n|clearpoke\n|poke|p1|Blastoise, F|\n|poke|p1|Banette, F|\n|poke|p1|Machamp, M|\n|poke|p1|Darmanitan, M|\n|poke|p1|Tsareena, F|\n|poke|p1|Toxtricity, F|\n|poke|p2|Slither Wing|\n|poke|p2|Klefki, F|\n|poke|p2|Ninetales-Alola, F|\n|poke|p2|Rotom-Wash|\n|poke|p2|Heatran, F|\n|poke|p2|Garchomp, F|\n|teampreview\n|\n|t:|1701122955\n|start\n|switch|p1a: Toxtricity|Toxtricity, F|100\/100\n|switch|p2a: Rotom|Rotom-Wash|100\/100\n|turn|1\n|\n|t:|1701122962\n|move|p2a: Rotom|Trick|p1a: Toxtricity\n|-activate|p2a: Rotom|move: Trick|[of] p1a: Toxtricity\n|-item|p1a: Toxtricity|Choice Scarf|[from] move: Trick\n|-item|p2a: Rotom|Choice Specs|[from] move: Trick\n|move|p1a: Toxtricity|Boomburst|p2a: Rotom\n|-damage|p2a: Rotom|39\/100\n|\n|upkeep\n|turn|2\n|c|\u2606221savage|thanks\n|\n|t:|1701122972\n|switch|p2a: Heatran|Heatran, F|100\/100\n|move|p1a: Toxtricity|Boomburst|p2a: Heatran\n|-resisted|p2a: Heatran\n|-damage|p2a: Heatran|83\/100\n|\n|-heal|p2a: Heatran|89\/100|[from] item: Leftovers\n|upkeep\n|turn|3\n|\n|t:|1701122975\n|switch|p1a: Blastoise|Blastoise, F|100\/100\n|move|p2a: Heatran|Magma Storm|p1a: Blastoise\n|-resisted|p1a: Blastoise\n|-damage|p1a: Blastoise|78\/100\n|-activate|p1a: Blastoise|move: Magma Storm|[of] p2a: Heatran\n|\n|-heal|p2a: Heatran|95\/100|[from] item: Leftovers\n|-damage|p1a: Blastoise|66\/100|[from] move: Magma Storm|[partiallytrapped]\n|upkeep\n|turn|4\n|\n|t:|1701122978\n|move|p1a: Blastoise|Shell Smash|p1a: Blastoise\n|-unboost|p1a: Blastoise|def|1\n|-unboost|p1a: Blastoise|spd|1\n|-boost|p1a: Blastoise|atk|2\n|-boost|p1a: Blastoise|spa|2\n|-boost|p1a: Blastoise|spe|2\n|move|p2a: Heatran|Taunt|p1a: Blastoise\n|-start|p1a: Blastoise|move: Taunt\n|\n|-heal|p2a: Heatran|100\/100|[from] item: Leftovers\n|-damage|p1a: Blastoise|54\/100|[from] move: Magma Storm|[partiallytrapped]\n|upkeep\n|turn|5\n|\n|t:|1701122988\n|move|p2a: Heatran|Protect|p2a: Heatran\n|-singleturn|p2a: Heatran|Protect\n|-zpower|p1a: Blastoise\n|move|p1a: Blastoise|All-Out Pummeling|p2a: Heatran|[zeffect]\n|-supereffective|p2a: Heatran\n|-zbroken|p2a: Heatran\n|-damage|p2a: Heatran|67\/100\n|\n|-heal|p2a: Heatran|73\/100|[from] item: Leftovers\n|-damage|p1a: Blastoise|41\/100|[from] move: Magma Storm|[partiallytrapped]\n|upkeep\n|turn|6\n|\n|t:|1701122994\n|switch|p2a: Klefki|Klefki, F|100\/100\n|move|p1a: Blastoise|Hydro Pump|p2a: Klefki\n|-damage|p2a: Klefki|0 fnt\n|faint|p2a: Klefki\n|\n|-end|p1a: Blastoise|Magma Storm|[partiallytrapped]|[silent]\n|upkeep\n|\n|t:|1701123010\n|switch|p2a: Ninetales|Ninetales-Alola, F|100\/100\n|-weather|Snow|[from] ability: Snow Warning|[of] p2a: Ninetales\n|turn|7\n|\n|t:|1701123015\n|move|p1a: Blastoise|Hydro Pump|p2a: Ninetales\n|-damage|p2a: Ninetales|14\/100\n|move|p2a: Ninetales|Aurora Veil|p2a: Ninetales\n|-sidestart|p2: Akihiro Nira|move: Aurora Veil\n|\n|-weather|Snow|[upkeep]\n|-end|p1a: Blastoise|move: Taunt\n|upkeep\n|turn|8\n|\n|t:|1701123027\n|move|p1a: Blastoise|Hydro Pump|p2a: Ninetales|[miss]\n|-miss|p1a: Blastoise|p2a: Ninetales\n|move|p2a: Ninetales|Safeguard|p2a: Ninetales\n|-sidestart|p2: Akihiro Nira|Safeguard\n|\n|-weather|Snow|[upkeep]\n|upkeep\n|turn|9\n|\n|t:|1701123030\n|move|p1a: Blastoise|Hydro Pump|p2a: Ninetales\n|-damage|p2a: Ninetales|0 fnt\n|faint|p2a: Ninetales\n|\n|-weather|Snow|[upkeep]\n|upkeep\n|\n|t:|1701123032\n|switch|p2a: Slither Wing|Slither Wing|100\/100\n|-enditem|p2a: Slither Wing|Booster Energy\n|-activate|p2a: Slither Wing|ability: Protosynthesis|[fromitem]\n|-start|p2a: Slither Wing|protosynthesisspe\n|turn|10\n|c|\u2606221savage|wtf\n|\n|t:|1701123038\n|move|p1a: Blastoise|Hydro Pump|p2a: Slither Wing\n|-damage|p2a: Slither Wing|60\/100\n|move|p2a: Slither Wing|Bulk Up|p2a: Slither Wing\n|-boost|p2a: Slither Wing|atk|1\n|-boost|p2a: Slither Wing|def|1\n|\n|-weather|Snow|[upkeep]\n|upkeep\n|turn|11\n|\n|t:|1701123054\n|move|p1a: Blastoise|Hydro Pump|p2a: Slither Wing\n|-damage|p2a: Slither Wing|18\/100\n|move|p2a: Slither Wing|Bulk Up|p2a: Slither Wing\n|-boost|p2a: Slither Wing|atk|1\n|-boost|p2a: Slither Wing|def|1\n|\n|-weather|none\n|upkeep\n|turn|12\n|c|\u2606221savage|bruh\n|\n|t:|1701123062\n|move|p1a: Blastoise|Hydro Pump|p2a: Slither Wing\n|-damage|p2a: Slither Wing|0 fnt\n|faint|p2a: Slither Wing\n|-end|p2a: Slither Wing|Protosynthesis|[silent]\n|\n|-sideend|p2: Akihiro Nira|Safeguard\n|upkeep\n|c|\u2606221savage|way too easy\n|\n|t:|1701123075\n|switch|p2a: Rotom|Rotom-Wash|39\/100\n|turn|13\n|\n|t:|1701123078\n|move|p1a: Blastoise|Focus Blast|p2a: Rotom\n|-damage|p2a: Rotom|0 fnt\n|faint|p2a: Rotom\n|\n|upkeep\n|\n|t:|1701123081\n|switch|p2a: Garchomp|Garchomp, F|100\/100\n|turn|14\n|\n|t:|1701123084\n|move|p1a: Blastoise|Ice Beam|p2a: Garchomp\n|-supereffective|p2a: Garchomp\n|-damage|p2a: Garchomp|0 fnt\n|faint|p2a: Garchomp\n|\n|-sideend|p2: Akihiro Nira|move: Aurora Veil\n|upkeep\n|\n|t:|1701123086\n|switch|p2a: Heatran|Heatran, F|73\/100\n|turn|15\n|\n|t:|1701123088\n|move|p1a: Blastoise|Hydro Pump|p2a: Heatran\n|-supereffective|p2a: Heatran\n|-damage|p2a: Heatran|0 fnt\n|faint|p2a: Heatran\n|\n|win|221savage\n|raw|221savage's rating: 1443 &rarr; <strong>1457<\/strong><br \/>(+14 for winning)\n|raw|Akihiro Nira's rating: 1341 &rarr; <strong>1327<\/strong><br \/>(-14 for losing)\n","uploadtime":1701123096,"views":2,"p1id":"221savage","p2id":"akihironira","formatid":"gen9nationaldex","rating":1327,"private":0,"password":""}