{"id":"gen9nationaldex-1994116105","p1":"MaxKouto","p2":"megagamer020","format":"[Gen 9] National Dex","log":"|j|\u2606MaxKouto\n|j|\u2606megagamer020\n|t:|1700408773\n|gametype|singles\n|player|p1|MaxKouto|falkner|1222\n|player|p2|megagamer020|chili|1160\n|teamsize|p1|6\n|teamsize|p2|6\n|gen|9\n|tier|[Gen 9] National Dex\n|rated|\n|rule|HP Percentage Mod: HP is shown in percentages\n|rule|Endless Battle Clause: Forcing endless battles is banned\n|rule|OHKO Clause: OHKO moves are banned\n|rule|Evasion Clause: Evasion abilities, items, and moves are banned\n|rule|Evasion Abilities Clause: Evasion abilities are banned\n|rule|Evasion Items Clause: Evasion items are banned\n|rule|Evasion Moves Clause: Evasion moves are banned\n|rule|Species Clause: Limit one of each Pok\u00e9mon\n|rule|Sleep Clause Mod: Limit one foe put to sleep\n|clearpoke\n|poke|p1|Banette, F|\n|poke|p1|Kommo-o, M|\n|poke|p1|Aegislash, M|\n|poke|p1|Iron Valiant|\n|poke|p1|Samurott-Hisui, M|\n|poke|p1|Ninetales-Alola, F|\n|poke|p2|Feraligatr, M|\n|poke|p2|Pelipper, F|\n|poke|p2|Ferrothorn, M|\n|poke|p2|Swampert, F|\n|poke|p2|Zapdos|\n|poke|p2|Urshifu-*, M|\n|teampreview\n|c|\u2606MaxKouto|Feraligatr ftw\n|\n|t:|1700408812\n|start\n|switch|p1a: Fierro compadre|Iron Valiant|100\/100\n|switch|p2a: Pelipper|Pelipper, F|100\/100\n|-weather|RainDance|[from] ability: Drizzle|[of] p2a: Pelipper\n|turn|1\n|\n|t:|1700408833\n|switch|p2a: Zapdos|Zapdos|100\/100\n|move|p1a: Fierro compadre|Thunderbolt|p2a: Zapdos\n|-damage|p2a: Zapdos|67\/100\n|\n|-weather|RainDance|[upkeep]\n|upkeep\n|turn|2\n|\n|t:|1700408838\n|-end|p1a: Fierro compadre|Quark Drive|[silent]\n|switch|p1a: Kurama-F|Ninetales-Alola, F|100\/100\n|-weather|Snow|[from] ability: Snow Warning|[of] p1a: Kurama-F\n|move|p2a: Zapdos|Hurricane|p1a: Kurama-F|[miss]\n|-miss|p2a: Zapdos|p1a: Kurama-F\n|\n|-weather|Snow|[upkeep]\n|upkeep\n|turn|3\n|\n|t:|1700408846\n|switch|p2a: Pelipper|Pelipper, F|100\/100\n|-weather|RainDance|[from] ability: Drizzle|[of] p2a: Pelipper\n|move|p1a: Kurama-F|Freeze-Dry|p2a: Pelipper\n|-supereffective|p2a: Pelipper\n|-damage|p2a: Pelipper|21\/100\n|\n|-weather|RainDance|[upkeep]\n|upkeep\n|turn|4\n|\n|t:|1700408865\n|switch|p2a: Urshifu|Urshifu-Rapid-Strike, M|100\/100\n|move|p1a: Kurama-F|Freeze-Dry|p2a: Urshifu\n|-supereffective|p2a: Urshifu\n|-damage|p2a: Urshifu|38\/100\n|\n|-weather|RainDance|[upkeep]\n|upkeep\n|turn|5\n|\n|t:|1700408879\n|switch|p1a: Como-No|Kommo-o, M|100\/100\n|move|p2a: Urshifu|Surging Strikes|p1a: Como-No\n|-resisted|p1a: Como-No\n|-crit|p1a: Como-No\n|-damage|p1a: Como-No|85\/100\n|-resisted|p1a: Como-No\n|-crit|p1a: Como-No\n|-damage|p1a: Como-No|68\/100\n|-resisted|p1a: Como-No\n|-crit|p1a: Como-No\n|-damage|p1a: Como-No|52\/100\n|-hitcount|p1a: Como-No|3\n|\n|-weather|RainDance|[upkeep]\n|upkeep\n|turn|6\n|\n|t:|1700408891\n|switch|p2a: Pelipper|Pelipper, F|21\/100\n|-zpower|p1a: Como-No\n|move|p1a: Como-No|Clangorous Soulblaze|p2a: Pelipper|[zeffect]\n|-damage|p2a: Pelipper|0 fnt\n|faint|p2a: Pelipper\n|-boost|p1a: Como-No|atk|1\n|-boost|p1a: Como-No|def|1\n|-boost|p1a: Como-No|spa|1\n|-boost|p1a: Como-No|spd|1\n|-boost|p1a: Como-No|spe|1\n|\n|-weather|RainDance|[upkeep]\n|upkeep\n|\n|t:|1700408895\n|switch|p2a: Zapdos|Zapdos|67\/100\n|turn|7\n|\n|t:|1700408909\n|move|p1a: Como-No|Clanging Scales|p2a: Zapdos\n|-crit|p2a: Zapdos\n|-damage|p2a: Zapdos|0 fnt\n|faint|p2a: Zapdos\n|-unboost|p1a: Como-No|def|1\n|\n|-weather|RainDance|[upkeep]\n|upkeep\n|\n|t:|1700408929\n|switch|p2a: Swampert|Swampert, F|100\/100\n|turn|8\n|\n|t:|1700408934\n|detailschange|p2a: Swampert|Swampert-Mega, F\n|-mega|p2a: Swampert|Swampert|Swampertite\n|move|p2a: Swampert|Ice Punch|p1a: Como-No\n|-supereffective|p1a: Como-No\n|-damage|p1a: Como-No|0 fnt\n|faint|p1a: Como-No\n|\n|-weather|RainDance|[upkeep]\n|upkeep\n|\n|t:|1700408940\n|switch|p1a: Kurama-F|Ninetales-Alola, F|100\/100\n|-weather|Snow|[from] ability: Snow Warning|[of] p1a: Kurama-F\n|turn|9\n|\n|t:|1700408950\n|move|p1a: Kurama-F|Aurora Veil|p1a: Kurama-F\n|-sidestart|p1: MaxKouto|move: Aurora Veil\n|move|p2a: Swampert|Liquidation|p1a: Kurama-F\n|-damage|p1a: Kurama-F|79\/100\n|\n|-weather|Snow|[upkeep]\n|upkeep\n|turn|10\n|\n|t:|1700408955\n|move|p1a: Kurama-F|Freeze-Dry|p2a: Swampert\n|-supereffective|p2a: Swampert\n|-damage|p2a: Swampert|25\/100\n|move|p2a: Swampert|Flip Turn|p1a: Kurama-F\n|-damage|p1a: Kurama-F|64\/100\n|\n|t:|1700408960\n|switch|p2a: Urshifu|Urshifu-Rapid-Strike, M|38\/100|[from] Flip Turn\n|\n|-weather|Snow|[upkeep]\n|upkeep\n|turn|11\n|\n|t:|1700408966\n|-terastallize|p2a: Urshifu|Electric\n|move|p1a: Kurama-F|Moonblast|p2a: Urshifu\n|-damage|p2a: Urshifu|0 fnt\n|faint|p2a: Urshifu\n|\n|-weather|Snow|[upkeep]\n|upkeep\n|\n|t:|1700408973\n|switch|p2a: Ferrothorn|Ferrothorn, M|100\/100\n|turn|12\n|\n|t:|1700408984\n|switch|p1a: The Fuhrer|Aegislash, M, shiny|100\/100\n|move|p2a: Ferrothorn|Gyro Ball|p1a: The Fuhrer\n|-resisted|p1a: The Fuhrer\n|-damage|p1a: The Fuhrer|94\/100\n|\n|-weather|Snow|[upkeep]\n|-heal|p1a: The Fuhrer|99\/100|[from] item: Leftovers\n|upkeep\n|turn|13\n|\n|t:|1700409005\n|move|p1a: The Fuhrer|Swords Dance|p1a: The Fuhrer\n|-boost|p1a: The Fuhrer|atk|2\n|move|p2a: Ferrothorn|Stealth Rock|p1a: The Fuhrer\n|-sidestart|p1: MaxKouto|move: Stealth Rock\n|\n|-weather|none\n|-heal|p1a: The Fuhrer|100\/100|[from] item: Leftovers\n|upkeep\n|turn|14\n|\n|t:|1700409010\n|move|p1a: The Fuhrer|Swords Dance|p1a: The Fuhrer\n|-boost|p1a: The Fuhrer|atk|2\n|move|p2a: Ferrothorn|Spikes|p1a: The Fuhrer\n|-sidestart|p1: MaxKouto|Spikes\n|\n|upkeep\n|turn|15\n|\n|t:|1700409017\n|move|p1a: The Fuhrer|Swords Dance|p1a: The Fuhrer\n|-boost|p1a: The Fuhrer|atk|2\n|move|p2a: Ferrothorn|Spikes|p1a: The Fuhrer\n|-sidestart|p1: MaxKouto|Spikes\n|\n|upkeep\n|turn|16\n|\n|t:|1700409030\n|-formechange|p1a: The Fuhrer|Aegislash-Blade||[from] ability: Stance Change\n|move|p1a: The Fuhrer|Iron Head|p2a: Ferrothorn\n|-resisted|p2a: Ferrothorn\n|-damage|p2a: Ferrothorn|46\/100\n|-damage|p1a: The Fuhrer|88\/100|[from] ability: Iron Barbs|[of] p2a: Ferrothorn\n|move|p2a: Ferrothorn|Spikes|p1a: The Fuhrer\n|-sidestart|p1: MaxKouto|Spikes\n|\n|-heal|p1a: The Fuhrer|94\/100|[from] item: Leftovers\n|-sideend|p1: MaxKouto|move: Aurora Veil\n|upkeep\n|turn|17\n|\n|t:|1700409040\n|move|p1a: The Fuhrer|Iron Head|p2a: Ferrothorn\n|-resisted|p2a: Ferrothorn\n|-damage|p2a: Ferrothorn|0 fnt\n|-damage|p1a: The Fuhrer|82\/100|[from] ability: Iron Barbs|[of] p2a: Ferrothorn\n|faint|p2a: Ferrothorn\n|\n|-heal|p1a: The Fuhrer|88\/100|[from] item: Leftovers\n|upkeep\n|\n|t:|1700409042\n|switch|p2a: Feraligatr|Feraligatr, M|100\/100\n|turn|18\n|\n|t:|1700409048\n|-terastallize|p1a: The Fuhrer|Ghost\n|move|p1a: The Fuhrer|Shadow Sneak|p2a: Feraligatr\n|-damage|p2a: Feraligatr|0 fnt\n|faint|p2a: Feraligatr\n|\n|-heal|p1a: The Fuhrer|94\/100|[from] item: Leftovers\n|upkeep\n|\n|t:|1700409053\n|switch|p2a: Swampert|Swampert-Mega, F|25\/100\n|turn|19\n|\n|t:|1700409057\n|move|p1a: The Fuhrer|Shadow Sneak|p2a: Swampert\n|-damage|p2a: Swampert|0 fnt\n|faint|p2a: Swampert\n|\n|win|MaxKouto\n|raw|MaxKouto's rating: 1222 &rarr; <strong>1243<\/strong><br \/>(+21 for winning)\n|raw|megagamer020's rating: 1160 &rarr; <strong>1139<\/strong><br \/>(-21 for losing)\n|l|\u2606megagamer020\n|c|\u2606MaxKouto|gg\n","uploadtime":1700409063,"views":5,"p1id":"maxkouto","p2id":"megagamer020","formatid":"gen9nationaldex","rating":1139,"private":0,"password":""}