{"id":"gen9nationaldex-1987624693","p1":"johim","p2":"Godigimon","format":"[Gen 9] National Dex","log":"|j|\u2606johim\n|j|\u2606Godigimon\n|t:|1699621051\n|gametype|singles\n|player|p1|johim|riley|1298\n|player|p2|Godigimon|2|1317\n|teamsize|p1|6\n|teamsize|p2|6\n|gen|9\n|tier|[Gen 9] National Dex\n|rated|\n|rule|HP Percentage Mod: HP is shown in percentages\n|rule|Endless Battle Clause: Forcing endless battles is banned\n|rule|OHKO Clause: OHKO moves are banned\n|rule|Evasion Clause: Evasion abilities, items, and moves are banned\n|rule|Evasion Abilities Clause: Evasion abilities are banned\n|rule|Evasion Items Clause: Evasion items are banned\n|rule|Evasion Moves Clause: Evasion moves are banned\n|rule|Species Clause: Limit one of each Pok\u00e9mon\n|rule|Sleep Clause Mod: Limit one foe put to sleep\n|clearpoke\n|poke|p1|Charizard, M|\n|poke|p1|Rhydon, M|\n|poke|p1|Cloyster, M|\n|poke|p1|Crobat, M|\n|poke|p1|Magneton|\n|poke|p1|Hitmonlee, M|\n|poke|p2|Tapu Koko|\n|poke|p2|Iron Valiant|\n|poke|p2|Hawlucha, M|\n|poke|p2|Iron Moth|\n|poke|p2|Landorus-Therian, M|\n|poke|p2|Scizor, M|\n|teampreview\n|inactive|Battle timer is ON: inactive players will automatically lose when time's up. (requested by Godigimon)\n|\n|t:|1699621075\n|start\n|switch|p1a: Rhydon|Rhydon, M|100\/100\n|switch|p2a: Tapu Koko|Tapu Koko|100\/100\n|-fieldstart|move: Electric Terrain|[from] ability: Electric Surge|[of] p2a: Tapu Koko\n|turn|1\n|\n|t:|1699621079\n|move|p2a: Tapu Koko|U-turn|p1a: Rhydon\n|-damage|p1a: Rhydon|92\/100\n|\n|t:|1699621083\n|switch|p2a: Landorus|Landorus-Therian, M|100\/100|[from] U-turn\n|-ability|p2a: Landorus|Intimidate|boost\n|-unboost|p1a: Rhydon|atk|1\n|move|p1a: Rhydon|Swords Dance|p1a: Rhydon\n|-boost|p1a: Rhydon|atk|2\n|\n|upkeep\n|turn|2\n|\n|t:|1699621092\n|-terastallize|p1a: Rhydon|Water\n|move|p2a: Landorus|Earthquake|p1a: Rhydon\n|-damage|p1a: Rhydon|70\/100\n|move|p1a: Rhydon|Swords Dance|p1a: Rhydon\n|-boost|p1a: Rhydon|atk|2\n|\n|upkeep\n|turn|3\n|\n|t:|1699621097\n|move|p2a: Landorus|Stealth Rock|p1a: Rhydon\n|-sidestart|p1: johim|move: Stealth Rock\n|move|p1a: Rhydon|Ice Punch|p2a: Landorus\n|-supereffective|p2a: Landorus\n|-damage|p2a: Landorus|0 fnt\n|faint|p2a: Landorus\n|\n|upkeep\n|\n|t:|1699621116\n|switch|p2a: Tapu Koko|Tapu Koko|100\/100\n|turn|4\n|\n|t:|1699621119\n|move|p2a: Tapu Koko|Thunderbolt|p1a: Rhydon\n|-ability|p1a: Rhydon|Lightning Rod|boost\n|-boost|p1a: Rhydon|spa|1\n|move|p1a: Rhydon|Earthquake|p2a: Tapu Koko\n|-supereffective|p2a: Tapu Koko\n|-damage|p2a: Tapu Koko|0 fnt\n|faint|p2a: Tapu Koko\n|\n|upkeep\n|\n|t:|1699621123\n|switch|p2a: Iron Moth|Iron Moth|100\/100\n|-activate|p2a: Iron Moth|ability: Quark Drive\n|-start|p2a: Iron Moth|quarkdrivespe\n|turn|5\n|\n|t:|1699621127\n|move|p2a: Iron Moth|Energy Ball|p1a: Rhydon\n|-supereffective|p1a: Rhydon\n|-damage|p1a: Rhydon|32\/100\n|move|p1a: Rhydon|Earthquake|p2a: Iron Moth\n|-supereffective|p2a: Iron Moth\n|-damage|p2a: Iron Moth|0 fnt\n|faint|p2a: Iron Moth\n|-end|p2a: Iron Moth|Quark Drive|[silent]\n|\n|upkeep\n|\n|t:|1699621130\n|switch|p2a: Hawlucha|Hawlucha, M|100\/100\n|-enditem|p2a: Hawlucha|Electric Seed\n|-boost|p2a: Hawlucha|def|1|[from] item: Electric Seed\n|turn|6\n|\n|t:|1699621149\n|-terastallize|p2a: Hawlucha|Steel\n|move|p2a: Hawlucha|Swords Dance|p2a: Hawlucha\n|-boost|p2a: Hawlucha|atk|2\n|move|p1a: Rhydon|Ice Punch|p2a: Hawlucha\n|-resisted|p2a: Hawlucha\n|-damage|p2a: Hawlucha|75\/100\n|\n|upkeep\n|turn|7\n|\n|t:|1699621154\n|move|p2a: Hawlucha|Acrobatics|p1a: Rhydon\n|-damage|p1a: Rhydon|0 fnt\n|faint|p1a: Rhydon\n|\n|upkeep\n|\n|t:|1699621159\n|switch|p1a: Magneton|Magneton|100\/100\n|-damage|p1a: Magneton|94\/100|[from] Stealth Rock\n|turn|8\n|\n|t:|1699621164\n|move|p2a: Hawlucha|Close Combat|p1a: Magneton\n|-supereffective|p1a: Magneton\n|-damage|p1a: Magneton|0 fnt\n|-unboost|p2a: Hawlucha|def|1\n|-unboost|p2a: Hawlucha|spd|1\n|faint|p1a: Magneton\n|\n|-fieldend|move: Electric Terrain\n|upkeep\n|\n|t:|1699621178\n|switch|p1a: Hitmonlee|Hitmonlee, M|100\/100\n|-damage|p1a: Hitmonlee|94\/100|[from] Stealth Rock\n|turn|9\n|\n|t:|1699621187\n|move|p2a: Hawlucha|Taunt|p1a: Hitmonlee\n|-start|p1a: Hitmonlee|move: Taunt\n|move|p1a: Hitmonlee|Rapid Spin|p2a: Hawlucha\n|-resisted|p2a: Hawlucha\n|-damage|p2a: Hawlucha|63\/100\n|-boost|p1a: Hitmonlee|spe|1\n|-sideend|p1: johim|Stealth Rock|[from] move: Rapid Spin|[of] p1a: Hitmonlee\n|\n|upkeep\n|turn|10\n|\n|t:|1699621192\n|move|p2a: Hawlucha|Acrobatics|p1a: Hitmonlee\n|-supereffective|p1a: Hitmonlee\n|-damage|p1a: Hitmonlee|0 fnt\n|faint|p1a: Hitmonlee\n|\n|upkeep\n|\n|t:|1699621203\n|switch|p1a: Crobat|Crobat, M|100\/100\n|turn|11\n|\n|t:|1699621206\n|move|p2a: Hawlucha|Acrobatics|p1a: Crobat\n|-enditem|p1a: Crobat|Focus Sash\n|-damage|p1a: Crobat|1\/100\n|move|p1a: Crobat|Heat Wave|p2a: Hawlucha\n|-supereffective|p2a: Hawlucha\n|-damage|p2a: Hawlucha|0 fnt\n|faint|p2a: Hawlucha\n|\n|upkeep\n|\n|t:|1699621216\n|switch|p2a: Scizor|Scizor, M|100\/100\n|turn|12\n|\n|t:|1699621233\n|detailschange|p2a: Scizor|Scizor-Mega, M\n|-mega|p2a: Scizor|Scizor|Scizorite\n|move|p2a: Scizor|Bullet Punch|p1a: Crobat\n|-damage|p1a: Crobat|0 fnt\n|faint|p1a: Crobat\n|\n|upkeep\n|\n|t:|1699621235\n|switch|p1a: Charizard|Charizard, M|100\/100\n|turn|13\n|\n|t:|1699621239\n|detailschange|p1a: Charizard|Charizard-Mega-Y, M\n|-mega|p1a: Charizard|Charizard|Charizardite Y\n|-weather|SunnyDay|[from] ability: Drought|[of] p1a: Charizard\n|move|p1a: Charizard|Fire Blast|p2a: Scizor|[miss]\n|-miss|p1a: Charizard|p2a: Scizor\n|move|p2a: Scizor|Close Combat|p1a: Charizard\n|-resisted|p1a: Charizard\n|-damage|p1a: Charizard|63\/100\n|-unboost|p2a: Scizor|def|1\n|-unboost|p2a: Scizor|spd|1\n|\n|-weather|SunnyDay|[upkeep]\n|upkeep\n|turn|14\n|\n|t:|1699621245\n|move|p1a: Charizard|Fire Blast|p2a: Scizor\n|-supereffective|p2a: Scizor\n|-damage|p2a: Scizor|0 fnt\n|faint|p2a: Scizor\n|\n|-weather|SunnyDay|[upkeep]\n|upkeep\n|\n|t:|1699621249\n|switch|p2a: Iron Valiant|Iron Valiant|100\/100\n|turn|15\n|\n|t:|1699621252\n|move|p2a: Iron Valiant|Thunderbolt|p1a: Charizard\n|-supereffective|p1a: Charizard\n|-crit|p1a: Charizard\n|-damage|p1a: Charizard|0 fnt\n|faint|p1a: Charizard\n|-damage|p2a: Iron Valiant|91\/100|[from] item: Life Orb\n|\n|-weather|SunnyDay|[upkeep]\n|upkeep\n|\n|t:|1699621254\n|switch|p1a: Cloyster|Cloyster, M|100\/100\n|turn|16\n|\n|t:|1699621265\n|move|p2a: Iron Valiant|Moonblast|p1a: Cloyster\n|-enditem|p1a: Cloyster|Focus Sash\n|-damage|p1a: Cloyster|1\/100\n|-damage|p2a: Iron Valiant|81\/100|[from] item: Life Orb\n|move|p1a: Cloyster|Shell Smash|p1a: Cloyster\n|-unboost|p1a: Cloyster|def|1\n|-unboost|p1a: Cloyster|spd|1\n|-boost|p1a: Cloyster|atk|2\n|-boost|p1a: Cloyster|spa|2\n|-boost|p1a: Cloyster|spe|2\n|\n|-weather|SunnyDay|[upkeep]\n|upkeep\n|turn|17\n|\n|t:|1699621268\n|move|p1a: Cloyster|Icicle Spear|p2a: Iron Valiant\n|-damage|p2a: Iron Valiant|55\/100\n|-damage|p2a: Iron Valiant|28\/100\n|-damage|p2a: Iron Valiant|0 fnt\n|faint|p2a: Iron Valiant\n|-end|p2a: Iron Valiant|Quark Drive|[silent]\n|-hitcount|p2: Iron Valiant|3\n|\n|win|johim\n|raw|johim's rating: 1298 &rarr; <strong>1324<\/strong><br \/>(+26 for winning)\n|raw|Godigimon's rating: 1317 &rarr; <strong>1296<\/strong><br \/>(-21 for losing)\n","uploadtime":1699621274,"views":9,"p1id":"johim","p2id":"godigimon","formatid":"gen9nationaldex","rating":1296,"private":0,"password":""}