{"id":"gen9nationaldex-1994571964","p1":"Glass101","p2":"dwill16","format":"[Gen 9] National Dex","log":"|html|<div class=\"broadcast-blue\"><strong>[Gen 9] National Dex is currently suspecting Sneasler! For information on how to participate check out the <a href=\"https:\/\/www.smogon.com\/forums\/threads\/sv-national-dex-suspect-8-just-dance.3731534\/\">suspect thread<\/a>.<\/strong><\/div>\n|j|\u2606Glass101\n|j|\u2606dwill16\n|t:|1700461991\n|gametype|singles\n|player|p1|Glass101|2|1511\n|player|p2|dwill16|lady-gen4|1759\n|teamsize|p1|6\n|teamsize|p2|6\n|gen|9\n|tier|[Gen 9] National Dex\n|rated|\n|rule|HP Percentage Mod: HP is shown in percentages\n|rule|Endless Battle Clause: Forcing endless battles is banned\n|rule|OHKO Clause: OHKO moves are banned\n|rule|Evasion Clause: Evasion abilities, items, and moves are banned\n|rule|Evasion Abilities Clause: Evasion abilities are banned\n|rule|Evasion Items Clause: Evasion items are banned\n|rule|Evasion Moves Clause: Evasion moves are banned\n|rule|Species Clause: Limit one of each Pok\u00e9mon\n|rule|Sleep Clause Mod: Limit one foe put to sleep\n|clearpoke\n|poke|p1|Sinistcha|\n|poke|p1|Ceruledge, F|\n|poke|p1|Toxapex, M|\n|poke|p1|Cresselia, F|\n|poke|p1|Gliscor, M|\n|poke|p1|Clodsire, M|\n|poke|p2|Tapu Lele|\n|poke|p2|Great Tusk|\n|poke|p2|Charizard, F|\n|poke|p2|Garganacl, F|\n|poke|p2|Skarmory, M|\n|poke|p2|Aegislash, F|\n|teampreview\n|inactive|Battle timer is ON: inactive players will automatically lose when time's up. (requested by Glass101)\n|\n|t:|1700462019\n|start\n|switch|p1a: Sinistcha|Sinistcha|100\/100\n|switch|p2a: \u571f\u738b|Garganacl, F|100\/100\n|turn|1\n|\n|t:|1700462026\n|switch|p2a: \u55b7\u706b\u9f99X|Charizard, F|100\/100\n|move|p1a: Sinistcha|Matcha Gotcha|p2a: \u55b7\u706b\u9f99X\n|-resisted|p2a: \u55b7\u706b\u9f99X\n|-damage|p2a: \u55b7\u706b\u9f99X|89\/100\n|\n|upkeep\n|turn|2\n|\n|t:|1700462033\n|switch|p1a: Ceruledge|Ceruledge, F|100\/100\n|detailschange|p2a: \u55b7\u706b\u9f99X|Charizard-Mega-Y, F\n|-mega|p2a: \u55b7\u706b\u9f99X|Charizard|Charizardite Y\n|-weather|SunnyDay|[from] ability: Drought|[of] p2a: \u55b7\u706b\u9f99X\n|move|p2a: \u55b7\u706b\u9f99X|Scorching Sands|p1a: Ceruledge\n|-supereffective|p1a: Ceruledge\n|-damage|p1a: Ceruledge|39\/100\n|\n|-weather|SunnyDay|[upkeep]\n|upkeep\n|turn|3\n|\n|t:|1700462037\n|move|p2a: \u55b7\u706b\u9f99X|Scorching Sands|p1a: Ceruledge\n|-supereffective|p1a: Ceruledge\n|-damage|p1a: Ceruledge|0 fnt\n|faint|p1a: Ceruledge\n|\n|-weather|SunnyDay|[upkeep]\n|upkeep\n|\n|t:|1700462039\n|switch|p1a: Toxapex|Toxapex, M|100\/100\n|turn|4\n|\n|t:|1700462043\n|switch|p2a: \u94c1\u8f99\u8ff9|Great Tusk|100\/100\n|-activate|p2a: \u94c1\u8f99\u8ff9|ability: Protosynthesis\n|-start|p2a: \u94c1\u8f99\u8ff9|protosynthesisspe\n|move|p1a: Toxapex|Toxic|p2a: \u94c1\u8f99\u8ff9\n|-status|p2a: \u94c1\u8f99\u8ff9|tox\n|\n|-weather|SunnyDay|[upkeep]\n|-damage|p2a: \u94c1\u8f99\u8ff9|94\/100 tox|[from] psn\n|upkeep\n|turn|5\n|\n|t:|1700462050\n|-end|p2a: \u94c1\u8f99\u8ff9|Protosynthesis|[silent]\n|switch|p2a: \u8d5b\u5bcc\u8c6a|Aegislash, F|100\/100\n|switch|p1a: Mr Blue sky|Cresselia, F, shiny|100\/100\n|\n|-weather|SunnyDay|[upkeep]\n|upkeep\n|turn|6\n|\n|t:|1700462055\n|switch|p1a: Toxapex|Toxapex, M|100\/100\n|move|p2a: \u8d5b\u5bcc\u8c6a|Swords Dance|p2a: \u8d5b\u5bcc\u8c6a\n|-boost|p2a: \u8d5b\u5bcc\u8c6a|atk|2\n|\n|-weather|none\n|upkeep\n|turn|7\n|\n|t:|1700462060\n|-formechange|p2a: \u8d5b\u5bcc\u8c6a|Aegislash-Blade||[from] ability: Stance Change\n|move|p2a: \u8d5b\u5bcc\u8c6a|Shadow Claw|p1a: Toxapex\n|-damage|p1a: Toxapex|46\/100\n|-damage|p2a: \u8d5b\u5bcc\u8c6a|84\/100|[from] item: Rocky Helmet|[of] p1a: Toxapex\n|move|p1a: Toxapex|Haze|p1a: Toxapex\n|-clearallboost\n|\n|upkeep\n|turn|8\n|\n|t:|1700462063\n|move|p2a: \u8d5b\u5bcc\u8c6a|Shadow Claw|p1a: Toxapex\n|-damage|p1a: Toxapex|22\/100\n|-damage|p2a: \u8d5b\u5bcc\u8c6a|67\/100|[from] item: Rocky Helmet|[of] p1a: Toxapex\n|move|p1a: Toxapex|Scald|p2a: \u8d5b\u5bcc\u8c6a\n|-damage|p2a: \u8d5b\u5bcc\u8c6a|38\/100\n|\n|upkeep\n|turn|9\n|j| KoKohs\n|l| KoKohs\n|\n|t:|1700462076\n|switch|p2a: \u55b7\u706b\u9f99X|Charizard-Mega-Y, F|89\/100\n|-weather|SunnyDay|[from] ability: Drought|[of] p2a: \u55b7\u706b\u9f99X\n|switch|p1a: Gliscor|Gliscor, M|100\/100\n|\n|-weather|SunnyDay|[upkeep]\n|-status|p1a: Gliscor|tox|[from] item: Toxic Orb\n|upkeep\n|turn|10\n|\n|t:|1700462081\n|move|p1a: Gliscor|Protect|p1a: Gliscor\n|-singleturn|p1a: Gliscor|Protect\n|move|p2a: \u55b7\u706b\u9f99X|Weather Ball|p1a: Gliscor\n|-activate|p1a: Gliscor|move: Protect\n|\n|-weather|SunnyDay|[upkeep]\n|upkeep\n|turn|11\n|\n|t:|1700462087\n|switch|p1a: Toxapex|Toxapex, M|55\/100\n|move|p2a: \u55b7\u706b\u9f99X|Weather Ball|p1a: Toxapex\n|-resisted|p1a: Toxapex\n|-damage|p1a: Toxapex|14\/100\n|\n|-weather|SunnyDay|[upkeep]\n|upkeep\n|turn|12\n|\n|t:|1700462091\n|switch|p1a: Gliscor|Gliscor, M|100\/100 tox\n|move|p2a: \u55b7\u706b\u9f99X|Weather Ball|p1a: Gliscor\n|-damage|p1a: Gliscor|0 fnt\n|faint|p1a: Gliscor\n|\n|-weather|SunnyDay|[upkeep]\n|upkeep\n|\n|t:|1700462096\n|switch|p1a: Toxapex|Toxapex, M|47\/100\n|turn|13\n|\n|t:|1700462099\n|move|p2a: \u55b7\u706b\u9f99X|Weather Ball|p1a: Toxapex\n|-resisted|p1a: Toxapex\n|-crit|p1a: Toxapex\n|-damage|p1a: Toxapex|0 fnt\n|faint|p1a: Toxapex\n|\n|-weather|none\n|upkeep\n|\n|t:|1700462102\n|switch|p1a: Mr Blue sky|Cresselia, F, shiny|100\/100\n|turn|14\n|\n|t:|1700462108\n|switch|p2a: \u94a2\u94e0\u9e26|Skarmory, M|100\/100\n|move|p1a: Mr Blue sky|Calm Mind|p1a: Mr Blue sky\n|-boost|p1a: Mr Blue sky|spa|1\n|-boost|p1a: Mr Blue sky|spd|1\n|\n|upkeep\n|turn|15\n|\n|t:|1700462110\n|move|p1a: Mr Blue sky|Calm Mind|p1a: Mr Blue sky\n|-boost|p1a: Mr Blue sky|spa|1\n|-boost|p1a: Mr Blue sky|spd|1\n|move|p2a: \u94a2\u94e0\u9e26|Whirlwind|p1a: Mr Blue sky\n|drag|p1a: Clodsire|Clodsire, M|100\/100\n|\n|upkeep\n|turn|16\n|\n|t:|1700462114\n|switch|p2a: \u5361\u666e\u9e23\u9e23|Tapu Lele|100\/100\n|-fieldstart|move: Psychic Terrain|[from] ability: Psychic Surge|[of] p2a: \u5361\u666e\u9e23\u9e23\n|switch|p1a: Sinistcha|Sinistcha|100\/100\n|\n|upkeep\n|turn|17\n|\n|t:|1700462120\n|switch|p2a: \u55b7\u706b\u9f99X|Charizard-Mega-Y, F|89\/100\n|-weather|SunnyDay|[from] ability: Drought|[of] p2a: \u55b7\u706b\u9f99X\n|switch|p1a: Mr Blue sky|Cresselia, F, shiny|100\/100\n|\n|-weather|SunnyDay|[upkeep]\n|upkeep\n|turn|18\n|\n|t:|1700462122\n|move|p2a: \u55b7\u706b\u9f99X|Weather Ball|p1a: Mr Blue sky\n|-damage|p1a: Mr Blue sky|37\/100\n|move|p1a: Mr Blue sky|Moonlight|p1a: Mr Blue sky\n|-heal|p1a: Mr Blue sky|100\/100\n|\n|-weather|SunnyDay|[upkeep]\n|upkeep\n|turn|19\n|\n|t:|1700462125\n|move|p2a: \u55b7\u706b\u9f99X|Weather Ball|p1a: Mr Blue sky\n|-damage|p1a: Mr Blue sky|40\/100\n|move|p1a: Mr Blue sky|Moonlight|p1a: Mr Blue sky\n|-heal|p1a: Mr Blue sky|100\/100\n|\n|-weather|SunnyDay|[upkeep]\n|upkeep\n|turn|20\n|\n|t:|1700462129\n|move|p2a: \u55b7\u706b\u9f99X|Weather Ball|p1a: Mr Blue sky\n|-damage|p1a: Mr Blue sky|42\/100\n|move|p1a: Mr Blue sky|Moonlight|p1a: Mr Blue sky\n|-heal|p1a: Mr Blue sky|100\/100\n|\n|-weather|SunnyDay|[upkeep]\n|-fieldend|move: Psychic Terrain\n|upkeep\n|turn|21\n|\n|t:|1700462134\n|move|p2a: \u55b7\u706b\u9f99X|Weather Ball|p1a: Mr Blue sky\n|-damage|p1a: Mr Blue sky|41\/100\n|move|p1a: Mr Blue sky|Moonlight|p1a: Mr Blue sky\n|-heal|p1a: Mr Blue sky|100\/100\n|\n|-weather|none\n|upkeep\n|turn|22\n|\n|t:|1700462138\n|switch|p2a: \u94a2\u94e0\u9e26|Skarmory, M|100\/100\n|move|p1a: Mr Blue sky|Calm Mind|p1a: Mr Blue sky\n|-boost|p1a: Mr Blue sky|spa|1\n|-boost|p1a: Mr Blue sky|spd|1\n|\n|upkeep\n|turn|23\n|\n|t:|1700462141\n|move|p1a: Mr Blue sky|Stored Power|p2a: \u94a2\u94e0\u9e26\n|-resisted|p2a: \u94a2\u94e0\u9e26\n|-damage|p2a: \u94a2\u94e0\u9e26|89\/100\n|move|p2a: \u94a2\u94e0\u9e26|Whirlwind|p1a: Mr Blue sky\n|drag|p1a: Clodsire|Clodsire, M|100\/100\n|\n|upkeep\n|turn|24\n|\n|t:|1700462149\n|switch|p2a: \u94c1\u8f99\u8ff9|Great Tusk|94\/100 tox\n|move|p1a: Clodsire|Toxic|p2a: \u94c1\u8f99\u8ff9\n|-fail|p2a: \u94c1\u8f99\u8ff9|tox\n|\n|-damage|p2a: \u94c1\u8f99\u8ff9|88\/100 tox|[from] psn\n|upkeep\n|turn|25\n|\n|t:|1700462153\n|-end|p2a: \u94c1\u8f99\u8ff9|Protosynthesis|[silent]\n|switch|p2a: \u55b7\u706b\u9f99X|Charizard-Mega-Y, F|89\/100\n|-weather|SunnyDay|[from] ability: Drought|[of] p2a: \u55b7\u706b\u9f99X\n|move|p1a: Clodsire|Toxic|p2a: \u55b7\u706b\u9f99X\n|-status|p2a: \u55b7\u706b\u9f99X|tox\n|\n|-weather|SunnyDay|[upkeep]\n|-damage|p2a: \u55b7\u706b\u9f99X|83\/100 tox|[from] psn\n|upkeep\n|turn|26\n|\n|t:|1700462158\n|move|p2a: \u55b7\u706b\u9f99X|Weather Ball|p1a: Clodsire\n|-damage|p1a: Clodsire|29\/100\n|move|p1a: Clodsire|Earthquake|p2a: \u55b7\u706b\u9f99X\n|-immune|p2a: \u55b7\u706b\u9f99X\n|\n|-weather|SunnyDay|[upkeep]\n|-damage|p2a: \u55b7\u706b\u9f99X|71\/100 tox|[from] psn\n|upkeep\n|turn|27\n|\n|t:|1700462161\n|move|p2a: \u55b7\u706b\u9f99X|Weather Ball|p1a: Clodsire\n|-damage|p1a: Clodsire|0 fnt\n|faint|p1a: Clodsire\n|\n|-weather|SunnyDay|[upkeep]\n|-damage|p2a: \u55b7\u706b\u9f99X|53\/100 tox|[from] psn\n|upkeep\n|\n|t:|1700462163\n|switch|p1a: Sinistcha|Sinistcha|100\/100\n|turn|28\n|\n|t:|1700462166\n|switch|p1a: Mr Blue sky|Cresselia, F, shiny|100\/100\n|move|p2a: \u55b7\u706b\u9f99X|Weather Ball|p1a: Mr Blue sky\n|-damage|p1a: Mr Blue sky|40\/100\n|\n|-weather|SunnyDay|[upkeep]\n|-damage|p2a: \u55b7\u706b\u9f99X|28\/100 tox|[from] psn\n|upkeep\n|turn|29\n|\n|t:|1700462169\n|move|p2a: \u55b7\u706b\u9f99X|Weather Ball|p1a: Mr Blue sky\n|-damage|p1a: Mr Blue sky|0 fnt\n|faint|p1a: Mr Blue sky\n|\n|-weather|none\n|-damage|p2a: \u55b7\u706b\u9f99X|0 fnt|[from] psn\n|faint|p2a: \u55b7\u706b\u9f99X\n|upkeep\n|l|\u2606Glass101\n|inactive|Glass101 disconnected and has a minute to reconnect!\n|player|p1|\n|j|\u2606Glass101\n|inactive|Glass101 reconnected and has 145 seconds left.\n|player|p1|Glass101|2\n|\n|t:|1700462179\n|switch|p2a: \u94c1\u8f99\u8ff9|Great Tusk|88\/100 tox\n|switch|p1a: Sinistcha|Sinistcha|100\/100\n|turn|30\n|\n|t:|1700462181\n|-zpower|p2a: \u94c1\u8f99\u8ff9\n|move|p2a: \u94c1\u8f99\u8ff9|Subzero Slammer|p1a: Sinistcha|[zeffect]\n|-supereffective|p1a: Sinistcha\n|-damage|p1a: Sinistcha|33\/100\n|move|p1a: Sinistcha|Calm Mind|p1a: Sinistcha\n|-boost|p1a: Sinistcha|spa|1\n|-boost|p1a: Sinistcha|spd|1\n|\n|-heal|p1a: Sinistcha|40\/100|[from] item: Leftovers\n|-damage|p2a: \u94c1\u8f99\u8ff9|82\/100 tox|[from] psn\n|upkeep\n|turn|31\n|\n|t:|1700462185\n|move|p2a: \u94c1\u8f99\u8ff9|Ice Spinner|p1a: Sinistcha\n|-supereffective|p1a: Sinistcha\n|-damage|p1a: Sinistcha|7\/100\n|move|p1a: Sinistcha|Strength Sap|p2a: \u94c1\u8f99\u8ff9\n|-unboost|p2a: \u94c1\u8f99\u8ff9|atk|1\n|-heal|p1a: Sinistcha|93\/100\n|\n|-heal|p1a: Sinistcha|99\/100|[from] item: Leftovers\n|-damage|p2a: \u94c1\u8f99\u8ff9|69\/100 tox|[from] psn\n|upkeep\n|turn|32\n|\n|t:|1700462190\n|-end|p2a: \u94c1\u8f99\u8ff9|Protosynthesis|[silent]\n|switch|p2a: \u571f\u738b|Garganacl, F|100\/100\n|move|p1a: Sinistcha|Calm Mind|p1a: Sinistcha\n|-boost|p1a: Sinistcha|spa|1\n|-boost|p1a: Sinistcha|spd|1\n|\n|-heal|p1a: Sinistcha|100\/100|[from] item: Leftovers\n|upkeep\n|turn|33\n|\n|t:|1700462193\n|move|p1a: Sinistcha|Matcha Gotcha|p2a: \u571f\u738b\n|-supereffective|p2a: \u571f\u738b\n|-damage|p2a: \u571f\u738b|20\/100\n|move|p2a: \u571f\u738b|Salt Cure|p1a: Sinistcha\n|-damage|p1a: Sinistcha|91\/100\n|-start|p1a: Sinistcha|Salt Cure\n|\n|-heal|p1a: Sinistcha|97\/100|[from] item: Leftovers\n|-heal|p2a: \u571f\u738b|26\/100|[from] item: Leftovers\n|-damage|p1a: Sinistcha|85\/100|[from] Salt Cure\n|upkeep\n|turn|34\n|\n|t:|1700462197\n|move|p2a: \u571f\u738b|Protect|p2a: \u571f\u738b\n|-singleturn|p2a: \u571f\u738b|Protect\n|move|p1a: Sinistcha|Calm Mind|p1a: Sinistcha\n|-boost|p1a: Sinistcha|spa|1\n|-boost|p1a: Sinistcha|spd|1\n|\n|-heal|p1a: Sinistcha|91\/100|[from] item: Leftovers\n|-heal|p2a: \u571f\u738b|32\/100|[from] item: Leftovers\n|-damage|p1a: Sinistcha|78\/100|[from] Salt Cure\n|upkeep\n|turn|35\n|\n|t:|1700462202\n|switch|p2a: \u94a2\u94e0\u9e26|Skarmory, M|89\/100\n|move|p1a: Sinistcha|Matcha Gotcha|p2a: \u94a2\u94e0\u9e26\n|-resisted|p2a: \u94a2\u94e0\u9e26\n|-damage|p2a: \u94a2\u94e0\u9e26|67\/100\n|-heal|p1a: Sinistcha|89\/100|[from] drain|[of] p2a: \u94a2\u94e0\u9e26\n|-status|p2a: \u94a2\u94e0\u9e26|brn\n|\n|-heal|p1a: Sinistcha|95\/100|[from] item: Leftovers\n|-damage|p2a: \u94a2\u94e0\u9e26|61\/100 brn|[from] brn\n|-damage|p1a: Sinistcha|83\/100|[from] Salt Cure\n|upkeep\n|turn|36\n|\n|t:|1700462205\n|move|p1a: Sinistcha|Shadow Ball|p2a: \u94a2\u94e0\u9e26\n|-damage|p2a: \u94a2\u94e0\u9e26|0 fnt\n|faint|p2a: \u94a2\u94e0\u9e26\n|\n|-heal|p1a: Sinistcha|89\/100|[from] item: Leftovers\n|-damage|p1a: Sinistcha|76\/100|[from] Salt Cure\n|upkeep\n|\n|t:|1700462212\n|switch|p2a: \u571f\u738b|Garganacl, F|32\/100\n|turn|37\n|\n|t:|1700462214\n|move|p2a: \u571f\u738b|Protect|p2a: \u571f\u738b\n|-singleturn|p2a: \u571f\u738b|Protect\n|move|p1a: Sinistcha|Matcha Gotcha|p2a: \u571f\u738b\n|-activate|p2a: \u571f\u738b|move: Protect\n|\n|-heal|p1a: Sinistcha|82\/100|[from] item: Leftovers\n|-heal|p2a: \u571f\u738b|38\/100|[from] item: Leftovers\n|-damage|p1a: Sinistcha|70\/100|[from] Salt Cure\n|upkeep\n|turn|38\n|\n|t:|1700462223\n|-terastallize|p2a: \u571f\u738b|Dragon\n|move|p1a: Sinistcha|Matcha Gotcha|p2a: \u571f\u738b\n|-resisted|p2a: \u571f\u738b\n|-damage|p2a: \u571f\u738b|13\/100\n|-heal|p1a: Sinistcha|85\/100|[from] drain|[of] p2a: \u571f\u738b\n|move|p2a: \u571f\u738b|Recover|p2a: \u571f\u738b\n|-heal|p2a: \u571f\u738b|63\/100\n|\n|-heal|p1a: Sinistcha|91\/100|[from] item: Leftovers\n|-heal|p2a: \u571f\u738b|70\/100|[from] item: Leftovers\n|-damage|p1a: Sinistcha|78\/100|[from] Salt Cure\n|upkeep\n|turn|39\n|\n|t:|1700462227\n|move|p1a: Sinistcha|Calm Mind|p1a: Sinistcha\n|-boost|p1a: Sinistcha|spa|1\n|-boost|p1a: Sinistcha|spd|1\n|move|p2a: \u571f\u738b|Recover|p2a: \u571f\u738b\n|-heal|p2a: \u571f\u738b|100\/100\n|\n|-heal|p1a: Sinistcha|84\/100|[from] item: Leftovers\n|-damage|p1a: Sinistcha|72\/100|[from] Salt Cure\n|upkeep\n|turn|40\n|\n|t:|1700462230\n|move|p1a: Sinistcha|Shadow Ball|p2a: \u571f\u738b\n|-damage|p2a: \u571f\u738b|71\/100\n|move|p2a: \u571f\u738b|Salt Cure|p1a: Sinistcha\n|-damage|p1a: Sinistcha|61\/100\n|\n|-heal|p1a: Sinistcha|68\/100|[from] item: Leftovers\n|-heal|p2a: \u571f\u738b|77\/100|[from] item: Leftovers\n|-damage|p1a: Sinistcha|55\/100|[from] Salt Cure\n|upkeep\n|turn|41\n|\n|t:|1700462234\n|move|p2a: \u571f\u738b|Protect|p2a: \u571f\u738b\n|-singleturn|p2a: \u571f\u738b|Protect\n|move|p1a: Sinistcha|Shadow Ball|p2a: \u571f\u738b\n|-activate|p2a: \u571f\u738b|move: Protect\n|\n|-heal|p1a: Sinistcha|61\/100|[from] item: Leftovers\n|-heal|p2a: \u571f\u738b|83\/100|[from] item: Leftovers\n|-damage|p1a: Sinistcha|49\/100|[from] Salt Cure\n|upkeep\n|turn|42\n|\n|t:|1700462236\n|move|p1a: Sinistcha|Shadow Ball|p2a: \u571f\u738b\n|-damage|p2a: \u571f\u738b|51\/100\n|move|p2a: \u571f\u738b|Salt Cure|p1a: Sinistcha\n|-damage|p1a: Sinistcha|39\/100\n|\n|-heal|p1a: Sinistcha|45\/100|[from] item: Leftovers\n|-heal|p2a: \u571f\u738b|58\/100|[from] item: Leftovers\n|-damage|p1a: Sinistcha|33\/100|[from] Salt Cure\n|upkeep\n|turn|43\n|\n|t:|1700462239\n|move|p1a: Sinistcha|Calm Mind|p1a: Sinistcha\n|-boost|p1a: Sinistcha|spa|1\n|-boost|p1a: Sinistcha|spd|1\n|move|p2a: \u571f\u738b|Recover|p2a: \u571f\u738b\n|-heal|p2a: \u571f\u738b|100\/100\n|\n|-heal|p1a: Sinistcha|39\/100|[from] item: Leftovers\n|-damage|p1a: Sinistcha|27\/100|[from] Salt Cure\n|upkeep\n|turn|44\n|\n|t:|1700462243\n|move|p1a: Sinistcha|Matcha Gotcha|p2a: \u571f\u738b\n|-resisted|p2a: \u571f\u738b\n|-damage|p2a: \u571f\u738b|64\/100\n|-heal|p1a: Sinistcha|48\/100|[from] drain|[of] p2a: \u571f\u738b\n|move|p2a: \u571f\u738b|Salt Cure|p1a: Sinistcha\n|-damage|p1a: Sinistcha|38\/100\n|\n|-heal|p1a: Sinistcha|44\/100|[from] item: Leftovers\n|-heal|p2a: \u571f\u738b|70\/100|[from] item: Leftovers\n|-damage|p1a: Sinistcha|31\/100|[from] Salt Cure\n|upkeep\n|turn|45\n|\n|t:|1700462253\n|move|p2a: \u571f\u738b|Protect|p2a: \u571f\u738b\n|-singleturn|p2a: \u571f\u738b|Protect\n|move|p1a: Sinistcha|Matcha Gotcha|p2a: \u571f\u738b\n|-activate|p2a: \u571f\u738b|move: Protect\n|\n|-heal|p1a: Sinistcha|37\/100|[from] item: Leftovers\n|-heal|p2a: \u571f\u738b|76\/100|[from] item: Leftovers\n|-damage|p1a: Sinistcha|25\/100|[from] Salt Cure\n|upkeep\n|turn|46\n|\n|t:|1700462256\n|move|p1a: Sinistcha|Matcha Gotcha|p2a: \u571f\u738b\n|-resisted|p2a: \u571f\u738b\n|-crit|p2a: \u571f\u738b\n|-damage|p2a: \u571f\u738b|20\/100\n|-heal|p1a: Sinistcha|58\/100|[from] drain|[of] p2a: \u571f\u738b\n|move|p2a: \u571f\u738b|Recover|p2a: \u571f\u738b\n|-heal|p2a: \u571f\u738b|70\/100\n|\n|-heal|p1a: Sinistcha|64\/100|[from] item: Leftovers\n|-heal|p2a: \u571f\u738b|76\/100|[from] item: Leftovers\n|-damage|p1a: Sinistcha|52\/100|[from] Salt Cure\n|upkeep\n|turn|47\n|\n|t:|1700462262\n|move|p2a: \u571f\u738b|Protect|p2a: \u571f\u738b\n|-singleturn|p2a: \u571f\u738b|Protect\n|move|p1a: Sinistcha|Matcha Gotcha|p2a: \u571f\u738b\n|-activate|p2a: \u571f\u738b|move: Protect\n|\n|-heal|p1a: Sinistcha|58\/100|[from] item: Leftovers\n|-heal|p2a: \u571f\u738b|82\/100|[from] item: Leftovers\n|-damage|p1a: Sinistcha|45\/100|[from] Salt Cure\n|upkeep\n|turn|48\n|\n|t:|1700462271\n|move|p1a: Sinistcha|Matcha Gotcha|p2a: \u571f\u738b\n|-resisted|p2a: \u571f\u738b\n|-damage|p2a: \u571f\u738b|42\/100\n|-heal|p1a: Sinistcha|69\/100|[from] drain|[of] p2a: \u571f\u738b\n|move|p2a: \u571f\u738b|Salt Cure|p1a: Sinistcha\n|-damage|p1a: Sinistcha|58\/100\n|\n|-heal|p1a: Sinistcha|64\/100|[from] item: Leftovers\n|-heal|p2a: \u571f\u738b|48\/100|[from] item: Leftovers\n|-damage|p1a: Sinistcha|52\/100|[from] Salt Cure\n|upkeep\n|turn|49\n|\n|t:|1700462274\n|move|p2a: \u571f\u738b|Protect|p2a: \u571f\u738b\n|-singleturn|p2a: \u571f\u738b|Protect\n|move|p1a: Sinistcha|Calm Mind|p1a: Sinistcha\n|-boost|p1a: Sinistcha|spa|1\n|-boost|p1a: Sinistcha|spd|1\n|\n|-heal|p1a: Sinistcha|58\/100|[from] item: Leftovers\n|-heal|p2a: \u571f\u738b|54\/100|[from] item: Leftovers\n|-damage|p1a: Sinistcha|46\/100|[from] Salt Cure\n|upkeep\n|turn|50\n|\n|t:|1700462278\n|move|p1a: Sinistcha|Matcha Gotcha|p2a: \u571f\u738b\n|-resisted|p2a: \u571f\u738b\n|-crit|p2a: \u571f\u738b\n|-damage|p2a: \u571f\u738b|0 fnt\n|-heal|p1a: Sinistcha|77\/100|[from] drain|[of] p2a: \u571f\u738b\n|faint|p2a: \u571f\u738b\n|\n|-heal|p1a: Sinistcha|83\/100|[from] item: Leftovers\n|-damage|p1a: Sinistcha|71\/100|[from] Salt Cure\n|upkeep\n|\n|t:|1700462285\n|switch|p2a: \u8d5b\u5bcc\u8c6a|Aegislash, F|38\/100\n|turn|51\n|\n|t:|1700462288\n|move|p2a: \u8d5b\u5bcc\u8c6a|King's Shield|p2a: \u8d5b\u5bcc\u8c6a\n|-singleturn|p2a: \u8d5b\u5bcc\u8c6a|Protect\n|move|p1a: Sinistcha|Matcha Gotcha|p2a: \u8d5b\u5bcc\u8c6a\n|-activate|p2a: \u8d5b\u5bcc\u8c6a|move: Protect\n|\n|-heal|p1a: Sinistcha|77\/100|[from] item: Leftovers\n|-damage|p1a: Sinistcha|64\/100|[from] Salt Cure\n|upkeep\n|turn|52\n|\n|t:|1700462293\n|move|p1a: Sinistcha|Matcha Gotcha|p2a: \u8d5b\u5bcc\u8c6a\n|-resisted|p2a: \u8d5b\u5bcc\u8c6a\n|-damage|p2a: \u8d5b\u5bcc\u8c6a|0 fnt\n|-heal|p1a: Sinistcha|82\/100|[from] drain|[of] p2a: \u8d5b\u5bcc\u8c6a\n|faint|p2a: \u8d5b\u5bcc\u8c6a\n|\n|-heal|p1a: Sinistcha|88\/100|[from] item: Leftovers\n|-damage|p1a: Sinistcha|75\/100|[from] Salt Cure\n|upkeep\n|\n|t:|1700462303\n|switch|p2a: \u5361\u666e\u9e23\u9e23|Tapu Lele|100\/100\n|-fieldstart|move: Psychic Terrain|[from] ability: Psychic Surge|[of] p2a: \u5361\u666e\u9e23\u9e23\n|turn|53\n|\n|t:|1700462307\n|move|p2a: \u5361\u666e\u9e23\u9e23|Psyshock|p1a: Sinistcha\n|-damage|p1a: Sinistcha|41\/100\n|move|p1a: Sinistcha|Matcha Gotcha|p2a: \u5361\u666e\u9e23\u9e23\n|-damage|p2a: \u5361\u666e\u9e23\u9e23|0 fnt\n|-heal|p1a: Sinistcha|82\/100|[from] drain|[of] p2a: \u5361\u666e\u9e23\u9e23\n|faint|p2a: \u5361\u666e\u9e23\u9e23\n|\n|-heal|p1a: Sinistcha|88\/100|[from] item: Leftovers\n|-damage|p1a: Sinistcha|76\/100|[from] Salt Cure\n|upkeep\n|\n|t:|1700462310\n|switch|p2a: \u94c1\u8f99\u8ff9|Great Tusk|69\/100 tox\n|turn|54\n|\n|t:|1700462312\n|move|p2a: \u94c1\u8f99\u8ff9|Ice Spinner|p1a: Sinistcha\n|-supereffective|p1a: Sinistcha\n|-damage|p1a: Sinistcha|43\/100\n|-fieldend|move: Psychic Terrain\n|move|p1a: Sinistcha|Matcha Gotcha|p2a: \u94c1\u8f99\u8ff9\n|-supereffective|p2a: \u94c1\u8f99\u8ff9\n|-damage|p2a: \u94c1\u8f99\u8ff9|0 fnt\n|-heal|p1a: Sinistcha|86\/100|[from] drain|[of] p2a: \u94c1\u8f99\u8ff9\n|faint|p2a: \u94c1\u8f99\u8ff9\n|-end|p2a: \u94c1\u8f99\u8ff9|Protosynthesis|[silent]\n|\n|win|Glass101\n|raw|Glass101's rating: 1511 &rarr; <strong>1543<\/strong><br \/>(+32 for winning)\n|raw|dwill16's rating: 1759 &rarr; <strong>1727<\/strong><br \/>(-32 for losing)\n|l|\u2606dwill16\n","uploadtime":1700462327,"views":5,"p1id":"glass101","p2id":"dwill16","formatid":"gen9nationaldex","rating":1543,"private":0,"password":""}