{"id":"gen9nationaldex-1997231572","p1":"NDSNEZ CappyPulpy","p2":"arianagfan33","format":"[Gen 9] National Dex","log":"|html|<div class=\"broadcast-blue\"><strong>[Gen 9] National Dex is currently suspecting Sneasler! For information on how to participate check out the <a href=\"https:\/\/www.smogon.com\/forums\/threads\/sv-national-dex-suspect-8-just-dance.3731534\/\">suspect thread<\/a>.<\/strong><\/div>\n|j|\u2606NDSNEZ CappyPulpy\n|j|\u2606arianagfan33\n|inactive|Battle timer is ON: inactive players will automatically lose when time's up.\n|t:|1700778270\n|gametype|singles\n|player|p1|NDSNEZ CappyPulpy|101|\n|player|p2|arianagfan33|101|\n|teamsize|p1|6\n|teamsize|p2|6\n|gen|9\n|tier|[Gen 9] National Dex\n|rated|Tournament battle\n|rule|HP Percentage Mod: HP is shown in percentages\n|rule|Endless Battle Clause: Forcing endless battles is banned\n|rule|OHKO Clause: OHKO moves are banned\n|rule|Evasion Clause: Evasion abilities, items, and moves are banned\n|rule|Evasion Abilities Clause: Evasion abilities are banned\n|rule|Evasion Items Clause: Evasion items are banned\n|rule|Evasion Moves Clause: Evasion moves are banned\n|rule|Species Clause: Limit one of each Pok\u00e9mon\n|rule|Sleep Clause Mod: Limit one foe put to sleep\n|clearpoke\n|poke|p1|Mawile, F|\n|poke|p1|Hatterene, F|\n|poke|p1|Weavile, F|\n|poke|p1|Rotom-Wash|\n|poke|p1|Garganacl, M|\n|poke|p1|Zapdos|\n|poke|p2|Serperior, M|\n|poke|p2|Galvantula, F|\n|poke|p2|Bisharp, F|\n|poke|p2|Tapu Lele|\n|poke|p2|Medicham, M|\n|poke|p2|Great Tusk|\n|teampreview\n|\n|t:|1700778284\n|start\n|switch|p1a: Weavile|Weavile, F|100\/100\n|switch|p2a: Medicham|Medicham, M|100\/100\n|-ability|p1a: Weavile|Pressure\n|turn|1\n|\n|t:|1700778293\n|switch|p1a: Zapdos|Zapdos|100\/100\n|detailschange|p2a: Medicham|Medicham-Mega, M\n|-mega|p2a: Medicham|Medicham|Medichamite\n|move|p2a: Medicham|Fake Out|p1a: Zapdos\n|-damage|p1a: Zapdos|72\/100\n|\n|upkeep\n|turn|2\n|\n|t:|1700778301\n|switch|p2a: Galvantula|Galvantula, F|100\/100\n|-zpower|p1a: Zapdos\n|move|p1a: Zapdos|Supersonic Skystrike|p2a: Galvantula|[zeffect]\n|-enditem|p2a: Galvantula|Focus Sash\n|-damage|p2a: Galvantula|1\/100\n|\n|upkeep\n|turn|3\n|\n|t:|1700778306\n|switch|p1a: Hatterene|Hatterene, F|100\/100\n|move|p2a: Galvantula|Sticky Web|p1a: Hatterene\n|move|p1a: Hatterene|Sticky Web|p2a: Galvantula|[from]ability: Magic Bounce\n|-sidestart|p2: arianagfan33|move: Sticky Web\n|\n|upkeep\n|turn|4\n|\n|t:|1700778317\n|move|p2a: Galvantula|Thunder|p1a: Hatterene\n|-damage|p1a: Hatterene|55\/100\n|-status|p1a: Hatterene|par\n|move|p1a: Hatterene|Psyshock|p2a: Galvantula\n|-damage|p2a: Galvantula|0 fnt\n|faint|p2a: Galvantula\n|\n|-heal|p1a: Hatterene|61\/100 par|[from] item: Leftovers\n|upkeep\n|j| josh kiddey\n|\n|t:|1700778325\n|switch|p2a: Bisharp|Bisharp, F|100\/100\n|-activate|p2a: Bisharp|move: Sticky Web\n|-unboost|p2a: Bisharp|spe|1\n|-ability|p2a: Bisharp|Defiant|boost\n|-boost|p2a: Bisharp|atk|2\n|turn|5\n|\n|t:|1700778334\n|-terastallize|p2a: Bisharp|Dark\n|move|p2a: Bisharp|Knock Off|p1a: Hatterene\n|-damage|p1a: Hatterene|0 fnt\n|-enditem|p1a: Hatterene|Leftovers|[from] move: Knock Off|[of] p2a: Bisharp\n|faint|p1a: Hatterene\n|-damage|p2a: Bisharp|91\/100|[from] item: Life Orb\n|\n|upkeep\n|\n|t:|1700778350\n|switch|p1a: Weavile|Weavile, F|100\/100\n|-ability|p1a: Weavile|Pressure\n|turn|6\n|\n|t:|1700778356\n|move|p2a: Bisharp|Sucker Punch|p1a: Weavile\n|-resisted|p1a: Weavile\n|-damage|p1a: Weavile|0 fnt\n|faint|p1a: Weavile\n|-damage|p2a: Bisharp|81\/100|[from] item: Life Orb\n|\n|upkeep\n|\n|t:|1700778366\n|switch|p1a: Mawile|Mawile, F|100\/100\n|-ability|p1a: Mawile|Intimidate|boost\n|-unboost|p2a: Bisharp|atk|1\n|-ability|p2a: Bisharp|Defiant|boost\n|-boost|p2a: Bisharp|atk|2\n|turn|7\n|c|\u2606NDSNEZ CappyPulpy|DAMN I SUCK\n|j| jkljlkh\n|\n|t:|1700778377\n|detailschange|p1a: Mawile|Mawile-Mega, F\n|-mega|p1a: Mawile|Mawile|Mawilite\n|move|p2a: Bisharp|Sucker Punch|p1a: Mawile\n|-resisted|p1a: Mawile\n|-damage|p1a: Mawile|9\/100\n|-damage|p2a: Bisharp|71\/100|[from] item: Life Orb\n|move|p1a: Mawile|Brick Break|p2a: Bisharp\n|-supereffective|p2a: Bisharp\n|-damage|p2a: Bisharp|0 fnt\n|faint|p2a: Bisharp\n|\n|upkeep\n|c| josh kiddey|im sure maw eats a sucker\n|\n|t:|1700778386\n|switch|p2a: Medicham|Medicham-Mega, M|100\/100\n|-activate|p2a: Medicham|move: Sticky Web\n|-unboost|p2a: Medicham|spe|1\n|turn|8\n|\n|t:|1700778391\n|switch|p1a: Rotom|Rotom-Wash|100\/100\n|move|p2a: Medicham|Fake Out|p1a: Rotom\n|-damage|p1a: Rotom|83\/100\n|\n|-heal|p1a: Rotom|89\/100|[from] item: Leftovers\n|upkeep\n|turn|9\n|\n|t:|1700778395\n|move|p2a: Medicham|Zen Headbutt|p1a: Rotom\n|-damage|p1a: Rotom|34\/100\n|move|p1a: Rotom|Will-O-Wisp|p2a: Medicham\n|-status|p2a: Medicham|brn\n|\n|-heal|p1a: Rotom|40\/100|[from] item: Leftovers\n|-damage|p2a: Medicham|94\/100 brn|[from] brn\n|upkeep\n|turn|10\n|\n|t:|1700778399\n|move|p2a: Medicham|Close Combat|p1a: Rotom\n|-crit|p1a: Rotom\n|-damage|p1a: Rotom|0 fnt\n|-unboost|p2a: Medicham|def|1\n|-unboost|p2a: Medicham|spd|1\n|faint|p1a: Rotom\n|\n|-damage|p2a: Medicham|88\/100 brn|[from] brn\n|upkeep\n|l| jkljlkh\n|c|\u2606NDSNEZ CappyPulpy|oh damn and theres contrary serp\n|c|\u2606NDSNEZ CappyPulpy|i got so mega baited with the magic bounce\n|\n|t:|1700778421\n|switch|p1a: Zapdos|Zapdos|72\/100\n|turn|11\n|c|\u2606arianagfan33|i literally forgot bout serp\n|\n|t:|1700778447\n|switch|p2a: Tapu Lele|Tapu Lele|100\/100\n|-activate|p2a: Tapu Lele|move: Sticky Web\n|-unboost|p2a: Tapu Lele|spe|1\n|-fieldstart|move: Psychic Terrain|[from] ability: Psychic Surge|[of] p2a: Tapu Lele\n|move|p1a: Zapdos|Hurricane|p2a: Tapu Lele\n|-damage|p2a: Tapu Lele|47\/100\n|\n|upkeep\n|turn|12\n|\n|t:|1700778458\n|move|p1a: Zapdos|Hurricane|p2a: Tapu Lele|[miss]\n|-miss|p1a: Zapdos|p2a: Tapu Lele\n|move|p2a: Tapu Lele|Psychic|p1a: Zapdos\n|-damage|p1a: Zapdos|10\/100\n|\n|upkeep\n|turn|13\n|\n|t:|1700778462\n|move|p1a: Zapdos|Hurricane|p2a: Tapu Lele\n|-damage|p2a: Tapu Lele|0 fnt\n|faint|p2a: Tapu Lele\n|\n|upkeep\n|\n|t:|1700778467\n|switch|p2a: Medicham|Medicham-Mega, M|88\/100 brn\n|-activate|p2a: Medicham|move: Sticky Web\n|-unboost|p2a: Medicham|spe|1\n|turn|14\n|\n|t:|1700778471\n|move|p2a: Medicham|Fake Out|p1a: Zapdos\n|-hint|Psychic Terrain doesn't affect Pok\u00e9mon immune to Ground.\n|-damage|p1a: Zapdos|0 fnt\n|faint|p1a: Zapdos\n|\n|-damage|p2a: Medicham|82\/100 brn|[from] brn\n|upkeep\n|\n|t:|1700778479\n|switch|p1a: Garganacl|Garganacl, M|100\/100\n|turn|15\n|\n|t:|1700778484\n|switch|p2a: Great Tusk|Great Tusk|100\/100\n|-terastallize|p1a: Garganacl|Water\n|move|p1a: Garganacl|Salt Cure|p2a: Great Tusk\n|-resisted|p2a: Great Tusk\n|-damage|p2a: Great Tusk|98\/100\n|-start|p2a: Great Tusk|Salt Cure\n|\n|-damage|p2a: Great Tusk|86\/100|[from] Salt Cure\n|-fieldend|move: Psychic Terrain\n|upkeep\n|turn|16\n|\n|t:|1700778502\n|-end|p2a: Great Tusk|Protosynthesis|[silent]\n|switch|p2a: Serperior|Serperior, M|100\/100\n|-activate|p2a: Serperior|move: Sticky Web\n|-boost|p2a: Serperior|spe|1\n|move|p1a: Garganacl|Salt Cure|p2a: Serperior\n|-damage|p2a: Serperior|84\/100\n|-start|p2a: Serperior|Salt Cure\n|\n|-heal|p2a: Serperior|90\/100|[from] item: Leftovers\n|-damage|p2a: Serperior|78\/100|[from] Salt Cure\n|upkeep\n|turn|17\n|\n|t:|1700778513\n|move|p1a: Garganacl|Protect|p1a: Garganacl\n|-singleturn|p1a: Garganacl|Protect\n|move|p2a: Serperior|Leaf Storm|p1a: Garganacl\n|-activate|p1a: Garganacl|move: Protect\n|\n|-heal|p2a: Serperior|84\/100|[from] item: Leftovers\n|-damage|p2a: Serperior|71\/100|[from] Salt Cure\n|upkeep\n|turn|18\n|\n|t:|1700778521\n|move|p2a: Serperior|Leaf Storm|p1a: Garganacl\n|-supereffective|p1a: Garganacl\n|-damage|p1a: Garganacl|43\/100\n|-boost|p2a: Serperior|spa|2\n|move|p1a: Garganacl|Salt Cure|p2a: Serperior\n|-damage|p2a: Serperior|54\/100\n|\n|-heal|p2a: Serperior|60\/100|[from] item: Leftovers\n|-heal|p1a: Garganacl|49\/100|[from] item: Leftovers\n|-damage|p2a: Serperior|48\/100|[from] Salt Cure\n|upkeep\n|turn|19\n|\n|t:|1700778527\n|move|p1a: Garganacl|Protect|p1a: Garganacl\n|-singleturn|p1a: Garganacl|Protect\n|move|p2a: Serperior|Substitute|p2a: Serperior\n|-start|p2a: Serperior|Substitute\n|-damage|p2a: Serperior|23\/100\n|\n|-heal|p2a: Serperior|29\/100|[from] item: Leftovers\n|-heal|p1a: Garganacl|55\/100|[from] item: Leftovers\n|-damage|p2a: Serperior|17\/100|[from] Salt Cure\n|upkeep\n|turn|20\n|\n|t:|1700778538\n|move|p2a: Serperior|Leaf Storm|p1a: Garganacl\n|-supereffective|p1a: Garganacl\n|-damage|p1a: Garganacl|0 fnt\n|-boost|p2a: Serperior|spa|2\n|faint|p1a: Garganacl\n|\n|-heal|p2a: Serperior|23\/100|[from] item: Leftovers\n|-damage|p2a: Serperior|11\/100|[from] Salt Cure\n|upkeep\n|c|\u2606NDSNEZ CappyPulpy|gg\n|c| josh kiddey|why\n|c| josh kiddey|why didnt u go maw\n|c|\u2606arianagfan33|gg\n|c| josh kiddey|u won dude\n|c|\u2606NDSNEZ CappyPulpy|it doesnt tick you down in time\n|c| josh kiddey|u have protect\n|inactive|NDSNEZ CappyPulpy has 120 seconds left.\n|c|\u2606NDSNEZ CappyPulpy|still i doubt it does\n|c| josh kiddey|it does\n|c|\u2606NDSNEZ CappyPulpy|damn you might be right\n|c|\u2606NDSNEZ CappyPulpy|ugh feels bad\n|c| josh kiddey|even if it didnt\n|j| jkljlkh\n|c| josh kiddey|u can still fish for double protect\n|c|\u2606NDSNEZ CappyPulpy|gg anyways\n|c| josh kiddey|maw was useless here\n|inactive|NDSNEZ CappyPulpy has 90 seconds left.\n|-message|NDSNEZ CappyPulpy forfeited.\n|\n|win|arianagfan33\n|n|\u2606NDSNEZ CappyPulpy|ndsnezcappypulpy\n|n|\u2606arianagfan33|arianagfan33\n|n| josh kiddey|joshkiddey\n|n| jkljlkh|jkljlkh\n","uploadtime":1700778596,"views":3,"p1id":"ndsnezcappypulpy","p2id":"arianagfan33","formatid":"gen9nationaldex","rating":0,"private":0,"password":""}