{"id":"gen9nationaldex-1992253454","p1":"ZXD34","p2":"HighSchoolHeroine","format":"[Gen 9] National Dex","log":"|j|\u203dZXD34\n|j|\u2606HighSchoolHeroine\n|t:|1700167986\n|gametype|singles\n|player|p1|ZXD34|alec-anime|1187\n|player|p2|HighSchoolHeroine|magmagruntf|1107\n|teamsize|p1|6\n|teamsize|p2|6\n|gen|9\n|tier|[Gen 9] National Dex\n|rated|\n|rule|HP Percentage Mod: HP is shown in percentages\n|rule|Endless Battle Clause: Forcing endless battles is banned\n|rule|OHKO Clause: OHKO moves are banned\n|rule|Evasion Clause: Evasion abilities, items, and moves are banned\n|rule|Evasion Abilities Clause: Evasion abilities are banned\n|rule|Evasion Items Clause: Evasion items are banned\n|rule|Evasion Moves Clause: Evasion moves are banned\n|rule|Species Clause: Limit one of each Pok\u00e9mon\n|rule|Sleep Clause Mod: Limit one foe put to sleep\n|clearpoke\n|poke|p1|Aegislash, M|\n|poke|p1|Ceruledge, M|\n|poke|p1|Garchomp, M|\n|poke|p1|Gliscor, M|\n|poke|p1|Samurott-Hisui, M|\n|poke|p1|Scizor, M|\n|poke|p2|Blacephalon|\n|poke|p2|Tapu Lele|\n|poke|p2|Ribombee, M|\n|poke|p2|Great Tusk|\n|poke|p2|Beedrill, F|\n|poke|p2|Porygon-Z|\n|teampreview\n|\n|t:|1700167990\n|start\n|switch|p1a: Samurott|Samurott-Hisui, M|100\/100\n|switch|p2a: i love ribee!!!|Ribombee, M, shiny|100\/100\n|turn|1\n|\n|t:|1700167999\n|switch|p1a: Aegislash|Aegislash, M|100\/100\n|move|p2a: i love ribee!!!|Sticky Web|p1a: Aegislash\n|-sidestart|p1: ZXD34|move: Sticky Web\n|\n|upkeep\n|turn|2\n|inactive|Battle timer is ON: inactive players will automatically lose when time's up. (requested by ZXD34)\n|\n|t:|1700168017\n|switch|p2a: bozo|Blacephalon, shiny|100\/100\n|-formechange|p1a: Aegislash|Aegislash-Blade||[from] ability: Stance Change\n|move|p1a: Aegislash|Shadow Claw|p2a: bozo\n|-supereffective|p2a: bozo\n|-damage|p2a: bozo|0 fnt\n|faint|p2a: bozo\n|\n|upkeep\n|\n|t:|1700168025\n|switch|p2a: big man|Great Tusk|100\/100\n|turn|3\n|\n|t:|1700168040\n|-formechange|p1a: Aegislash|Aegislash||[from] ability: Stance Change\n|move|p1a: Aegislash|King's Shield|p1a: Aegislash\n|-singleturn|p1a: Aegislash|Protect\n|move|p2a: big man|Headlong Rush|p1a: Aegislash\n|-activate|p1a: Aegislash|move: Protect\n|-unboost|p2a: big man|atk|1\n|\n|upkeep\n|turn|4\n|\n|t:|1700168054\n|move|p2a: big man|Headlong Rush|p1a: Aegislash\n|-supereffective|p1a: Aegislash\n|-damage|p1a: Aegislash|28\/100\n|-unboost|p2a: big man|def|1\n|-unboost|p2a: big man|spd|1\n|-formechange|p1a: Aegislash|Aegislash-Blade||[from] ability: Stance Change\n|move|p1a: Aegislash|Close Combat|p2a: big man\n|-damage|p2a: big man|43\/100\n|-unboost|p1a: Aegislash|def|1\n|-unboost|p1a: Aegislash|spd|1\n|\n|-heal|p1a: Aegislash|34\/100|[from] item: Leftovers\n|upkeep\n|turn|5\n|\n|t:|1700168066\n|switch|p1a: Gliscor|Gliscor, M|100\/100\n|move|p2a: big man|Headlong Rush|p1a: Gliscor\n|-immune|p1a: Gliscor\n|\n|-status|p1a: Gliscor|tox|[from] item: Toxic Orb\n|upkeep\n|turn|6\n|\n|t:|1700168085\n|-end|p2a: big man|Protosynthesis|[silent]\n|switch|p2a: conversion therapy|Porygon-Z|100\/100\n|move|p1a: Gliscor|Knock Off|p2a: conversion therapy\n|-damage|p2a: conversion therapy|79\/100\n|\n|upkeep\n|turn|7\n|\n|t:|1700168094\n|-zpower|p2a: conversion therapy\n|move|p2a: conversion therapy|Z-Conversion|p2a: conversion therapy|[anim]Conversion\n|-boost|p2a: conversion therapy|atk|1|[zeffect]\n|-boost|p2a: conversion therapy|def|1|[zeffect]\n|-boost|p2a: conversion therapy|spa|1|[zeffect]\n|-boost|p2a: conversion therapy|spd|1|[zeffect]\n|-boost|p2a: conversion therapy|spe|1|[zeffect]\n|-start|p2a: conversion therapy|typechange|Electric\n|move|p1a: Gliscor|Defog|p2a: conversion therapy\n|-unboost|p2a: conversion therapy|evasion|1\n|-sideend|p1: ZXD34|Sticky Web|[from] move: Defog|[of] p1a: Gliscor\n|\n|upkeep\n|turn|8\n|\n|t:|1700168102\n|move|p2a: conversion therapy|Ice Beam|p1a: Gliscor\n|-supereffective|p1a: Gliscor\n|-damage|p1a: Gliscor|0 fnt\n|faint|p1a: Gliscor\n|\n|upkeep\n|\n|t:|1700168106\n|switch|p1a: Scizor|Scizor, M|100\/100\n|turn|9\n|\n|t:|1700168114\n|detailschange|p1a: Scizor|Scizor-Mega, M\n|-mega|p1a: Scizor|Scizor|Scizorite\n|move|p2a: conversion therapy|Thunderbolt|p1a: Scizor\n|-damage|p1a: Scizor|0 fnt\n|faint|p1a: Scizor\n|\n|upkeep\n|\n|t:|1700168121\n|switch|p1a: Garchomp|Garchomp, M|100\/100\n|turn|10\n|\n|t:|1700168125\n|move|p2a: conversion therapy|Ice Beam|p1a: Garchomp\n|-supereffective|p1a: Garchomp\n|-damage|p1a: Garchomp|0 fnt\n|faint|p1a: Garchomp\n|\n|upkeep\n|c|\u2606HighSchoolHeroine|CONVERSION THERAPY\n|\n|t:|1700168130\n|switch|p1a: Samurott|Samurott-Hisui, M|100\/100\n|turn|11\n|c|\u2606HighSchoolHeroine|RAHHHHHHHHHHHHHHHHHHH\n|c|\u2606HighSchoolHeroine|GET CONVERTED\n|\n|t:|1700168140\n|move|p1a: Samurott|Sucker Punch|p2a: conversion therapy\n|-damage|p2a: conversion therapy|45\/100\n|move|p2a: conversion therapy|Thunderbolt|p1a: Samurott\n|-supereffective|p1a: Samurott\n|-damage|p1a: Samurott|0 fnt\n|faint|p1a: Samurott\n|\n|upkeep\n|\n|t:|1700168145\n|switch|p1a: Ceruledge|Ceruledge, M|100\/100\n|turn|12\n|\n|t:|1700168153\n|-terastallize|p1a: Ceruledge|Fighting\n|move|p2a: conversion therapy|Thunderbolt|p1a: Ceruledge\n|-enditem|p1a: Ceruledge|Focus Sash\n|-damage|p1a: Ceruledge|1\/100\n|move|p1a: Ceruledge|Swords Dance|p1a: Ceruledge\n|-boost|p1a: Ceruledge|atk|2\n|\n|upkeep\n|turn|13\n|-message|ZXD34 forfeited.\n|\n|win|HighSchoolHeroine\n|raw|ZXD34's rating: 1187 &rarr; <strong>1156<\/strong><br \/>(-31 for losing)\n|raw|HighSchoolHeroine's rating: 1107 &rarr; <strong>1138<\/strong><br \/>(+31 for winning)\n|l|\u203dZXD34\n|c|\u2606HighSchoolHeroine|GET CONVERTED\n|c|\u2606HighSchoolHeroine|RAHHHHHHHHHHH\n","uploadtime":1700168169,"views":6,"p1id":"zxd34","p2id":"highschoolheroine","formatid":"gen9nationaldex","rating":1138,"private":0,"password":""}