{"id":"gen9nationaldex-2000006404","p1":"Victreenie","p2":"0xyt0c1njunk1e","format":"[Gen 9] National Dex","log":"|html|<div class=\"broadcast-blue\"><strong>[Gen 9] National Dex is currently suspecting Sneasler! For information on how to participate check out the <a href=\"https:\/\/www.smogon.com\/forums\/threads\/sv-national-dex-suspect-8-just-dance.3731534\/\">suspect thread<\/a>.<\/strong><\/div>\n|j|\u2606Victreenie\n|j|\u26060xyt0c1njunk1e\n|t:|1701140325\n|gametype|singles\n|player|p1|Victreenie|n|1534\n|player|p2|0xyt0c1njunk1e|iris|1408\n|teamsize|p1|6\n|teamsize|p2|6\n|gen|9\n|tier|[Gen 9] National Dex\n|rated|\n|rule|HP Percentage Mod: HP is shown in percentages\n|rule|Endless Battle Clause: Forcing endless battles is banned\n|rule|OHKO Clause: OHKO moves are banned\n|rule|Evasion Clause: Evasion abilities, items, and moves are banned\n|rule|Evasion Abilities Clause: Evasion abilities are banned\n|rule|Evasion Items Clause: Evasion items are banned\n|rule|Evasion Moves Clause: Evasion moves are banned\n|rule|Species Clause: Limit one of each Pok\u00e9mon\n|rule|Sleep Clause Mod: Limit one foe put to sleep\n|clearpoke\n|poke|p1|Glimmora, F|\n|poke|p1|Vivillon-Monsoon, M|\n|poke|p1|Victini|\n|poke|p1|Quagsire, F|\n|poke|p1|Minior-Indigo|\n|poke|p1|Lucario, F|\n|poke|p2|Clodsire, M|\n|poke|p2|Dondozo, M|\n|poke|p2|Alomomola, F|\n|poke|p2|Blissey, F|\n|poke|p2|Ferrothorn, M|\n|poke|p2|Moltres|\n|teampreview\n|inactive|Battle timer is ON: inactive players will automatically lose when time's up. (requested by 0xyt0c1njunk1e)\n|\n|t:|1701140344\n|start\n|switch|p1a: Vivillon|Vivillon-Monsoon, M|100\/100\n|switch|p2a: Ferrothorn|Ferrothorn, M|100\/100\n|turn|1\n|\n|t:|1701140362\n|move|p1a: Vivillon|Substitute|p1a: Vivillon\n|-start|p1a: Vivillon|Substitute\n|-damage|p1a: Vivillon|76\/100\n|move|p2a: Ferrothorn|Leech Seed||[still]\n|-fail|p2a: Ferrothorn\n|\n|-heal|p1a: Vivillon|82\/100|[from] item: Leftovers\n|upkeep\n|turn|2\n|\n|t:|1701140365\n|move|p1a: Vivillon|Quiver Dance|p1a: Vivillon\n|-boost|p1a: Vivillon|spa|1\n|-boost|p1a: Vivillon|spd|1\n|-boost|p1a: Vivillon|spe|1\n|move|p2a: Ferrothorn|Knock Off|p1a: Vivillon\n|-crit|p1a: Vivillon\n|-end|p1a: Vivillon|Substitute\n|\n|-heal|p1a: Vivillon|88\/100|[from] item: Leftovers\n|upkeep\n|turn|3\n|\n|t:|1701140368\n|move|p1a: Vivillon|Substitute|p1a: Vivillon\n|-start|p1a: Vivillon|Substitute\n|-damage|p1a: Vivillon|63\/100\n|move|p2a: Ferrothorn|Knock Off|p1a: Vivillon\n|-end|p1a: Vivillon|Substitute\n|\n|-heal|p1a: Vivillon|69\/100|[from] item: Leftovers\n|upkeep\n|turn|4\n|\n|t:|1701140371\n|move|p1a: Vivillon|Quiver Dance|p1a: Vivillon\n|-boost|p1a: Vivillon|spa|1\n|-boost|p1a: Vivillon|spd|1\n|-boost|p1a: Vivillon|spe|1\n|move|p2a: Ferrothorn|Knock Off|p1a: Vivillon\n|-damage|p1a: Vivillon|28\/100\n|-enditem|p1a: Vivillon|Leftovers|[from] move: Knock Off|[of] p2a: Ferrothorn\n|\n|upkeep\n|turn|5\n|\n|t:|1701140375\n|move|p1a: Vivillon|Hurricane|p2a: Ferrothorn\n|-damage|p2a: Ferrothorn|23\/100\n|-start|p2a: Ferrothorn|confusion\n|-activate|p2a: Ferrothorn|confusion\n|move|p2a: Ferrothorn|Knock Off|p1a: Vivillon\n|-damage|p1a: Vivillon|2\/100\n|\n|upkeep\n|turn|6\n|\n|t:|1701140382\n|switch|p2a: Clodsire|Clodsire, M|100\/100\n|move|p1a: Vivillon|Hurricane|p2a: Clodsire\n|-damage|p2a: Clodsire|75\/100\n|\n|upkeep\n|turn|7\n|\n|t:|1701140388\n|move|p1a: Vivillon|Sleep Powder|p2a: Clodsire\n|-status|p2a: Clodsire|slp|[from] move: Sleep Powder\n|cant|p2a: Clodsire|slp\n|\n|upkeep\n|turn|8\n|\n|t:|1701140390\n|move|p1a: Vivillon|Hurricane|p2a: Clodsire\n|-damage|p2a: Clodsire|51\/100 slp\n|-start|p2a: Clodsire|confusion\n|cant|p2a: Clodsire|slp\n|\n|upkeep\n|turn|9\n|\n|t:|1701140395\n|move|p1a: Vivillon|Hurricane|p2a: Clodsire\n|-damage|p2a: Clodsire|25\/100 slp\n|cant|p2a: Clodsire|slp\n|\n|upkeep\n|turn|10\n|\n|t:|1701140400\n|move|p1a: Vivillon|Hurricane|p2a: Clodsire\n|-damage|p2a: Clodsire|0 fnt\n|faint|p2a: Clodsire\n|\n|upkeep\n|\n|t:|1701140409\n|switch|p2a: Blissey|Blissey, F|100\/100\n|turn|11\n|\n|t:|1701140412\n|move|p1a: Vivillon|Sleep Powder|p2a: Blissey\n|-status|p2a: Blissey|slp|[from] move: Sleep Powder\n|cant|p2a: Blissey|slp\n|\n|upkeep\n|turn|12\n|\n|t:|1701140414\n|move|p1a: Vivillon|Quiver Dance|p1a: Vivillon\n|-boost|p1a: Vivillon|spa|1\n|-boost|p1a: Vivillon|spd|1\n|-boost|p1a: Vivillon|spe|1\n|-curestatus|p2a: Blissey|slp|[msg]\n|move|p2a: Blissey|Seismic Toss|p1a: Vivillon\n|-damage|p1a: Vivillon|0 fnt\n|faint|p1a: Vivillon\n|\n|upkeep\n|\n|t:|1701140420\n|switch|p1a: Lucario|Lucario, F|100\/100\n|turn|13\n|\n|t:|1701140425\n|switch|p1a: Glimmora|Glimmora, F|100\/100\n|-item|p1a: Glimmora|Air Balloon\n|switch|p2a: Alomomola|Alomomola, F|100\/100\n|\n|upkeep\n|turn|14\n|\n|t:|1701140437\n|move|p1a: Glimmora|Spikes|p2a: Alomomola\n|-sidestart|p2: 0xyt0c1njunk1e|Spikes\n|move|p2a: Alomomola|Wish|p2a: Alomomola\n|\n|upkeep\n|turn|15\n|\n|t:|1701140441\n|switch|p2a: Ferrothorn|Ferrothorn, M|23\/100\n|-damage|p2a: Ferrothorn|11\/100|[from] Spikes\n|move|p1a: Glimmora|Spikes|p2a: Ferrothorn\n|-sidestart|p2: 0xyt0c1njunk1e|Spikes\n|\n|-heal|p2a: Ferrothorn|87\/100|[from] move: Wish|[wisher] Alomomola\n|upkeep\n|turn|16\n|\n|t:|1701140451\n|move|p1a: Glimmora|Spikes|p2a: Ferrothorn\n|-sidestart|p2: 0xyt0c1njunk1e|Spikes\n|move|p2a: Ferrothorn|Leech Seed|p1a: Glimmora\n|-start|p1a: Glimmora|move: Leech Seed\n|\n|-damage|p1a: Glimmora|88\/100|[from] Leech Seed|[of] p2a: Ferrothorn\n|-heal|p2a: Ferrothorn|99\/100|[silent]\n|upkeep\n|turn|17\n|\n|t:|1701140454\n|switch|p1a: Victini|Victini|100\/100\n|move|p2a: Ferrothorn|Spikes|p1a: Victini\n|-sidestart|p1: Victreenie|Spikes\n|\n|upkeep\n|turn|18\n|\n|t:|1701140461\n|switch|p2a: Dondozo|Dondozo, M|100\/100\n|move|p1a: Victini|Thunderbolt|p2a: Dondozo\n|-supereffective|p2a: Dondozo\n|-damage|p2a: Dondozo|54\/100\n|\n|upkeep\n|turn|19\n|\n|t:|1701140469\n|switch|p2a: Blissey|Blissey, F|100\/100\n|move|p1a: Victini|Searing Shot|p2a: Blissey\n|-crit|p2a: Blissey\n|-damage|p2a: Blissey|82\/100\n|\n|upkeep\n|turn|20\n|\n|t:|1701140496\n|switch|p1a: Minior|Minior-Indigo|100\/100\n|-formechange|p1a: Minior|Minior-Meteor||[from] ability: Shields Down\n|move|p2a: Blissey|Stealth Rock|p1a: Minior\n|-sidestart|p1: Victreenie|move: Stealth Rock\n|\n|upkeep\n|turn|21\n|\n|t:|1701140516\n|move|p1a: Minior|Shell Smash|p1a: Minior\n|-unboost|p1a: Minior|def|1\n|-unboost|p1a: Minior|spd|1\n|-boost|p1a: Minior|atk|2\n|-boost|p1a: Minior|spa|2\n|-boost|p1a: Minior|spe|2\n|-enditem|p1a: Minior|White Herb\n|-clearnegativeboost|p1a: Minior|[silent]\n|move|p2a: Blissey|Seismic Toss|p1a: Minior\n|-damage|p1a: Minior|62\/100\n|\n|upkeep\n|turn|22\n|\n|t:|1701140528\n|switch|p2a: Dondozo|Dondozo, M|54\/100\n|move|p1a: Minior|Stone Edge|p2a: Dondozo\n|-damage|p2a: Dondozo|38\/100\n|\n|upkeep\n|turn|23\n|inactive|Victreenie has 120 seconds left.\n|\n|t:|1701140557\n|move|p1a: Minior|Stone Edge|p2a: Dondozo\n|-damage|p2a: Dondozo|22\/100\n|move|p2a: Dondozo|Rest|p2a: Dondozo\n|-status|p2a: Dondozo|slp|[from] move: Rest\n|-heal|p2a: Dondozo|100\/100 slp|[silent]\n|\n|upkeep\n|turn|24\n|\n|t:|1701140565\n|switch|p1a: Glimmora|Glimmora, F|88\/100\n|-damage|p1a: Glimmora|76\/100|[from] Stealth Rock\n|-item|p1a: Glimmora|Air Balloon\n|cant|p2a: Dondozo|slp\n|move|p2a: Dondozo|Sleep Talk|p2a: Dondozo\n|move|p2a: Dondozo|Rest||[from]move: Sleep Talk|[still]\n|-fail|p2a: Dondozo\n|\n|upkeep\n|turn|25\n|inactive|Victreenie has 120 seconds left.\n|\n|t:|1701140575\n|move|p1a: Glimmora|Power Gem|p2a: Dondozo\n|-damage|p2a: Dondozo|66\/100 slp\n|cant|p2a: Dondozo|slp\n|move|p2a: Dondozo|Sleep Talk|p2a: Dondozo\n|move|p2a: Dondozo|Body Press|p1a: Glimmora|[from]move: Sleep Talk\n|-damage|p1a: Glimmora|49\/100\n|-activate|p1a: Glimmora|ability: Toxic Debris\n|-sidestart|p2: 0xyt0c1njunk1e|move: Toxic Spikes\n|-enditem|p1a: Glimmora|Air Balloon\n|\n|upkeep\n|turn|26\n|inactive|Victreenie has 120 seconds left.\n|\n|t:|1701140590\n|switch|p1a: Lucario|Lucario, F|100\/100\n|-damage|p1a: Lucario|88\/100|[from] Spikes\n|-damage|p1a: Lucario|85\/100|[from] Stealth Rock\n|switch|p2a: Blissey|Blissey, F|82\/100\n|\n|upkeep\n|turn|27\n|inactive|Victreenie has 120 seconds left.\n|\n|t:|1701140599\n|switch|p2a: Dondozo|Dondozo, M|66\/100 slp\n|move|p1a: Lucario|Swords Dance|p1a: Lucario\n|-boost|p1a: Lucario|atk|2\n|\n|upkeep\n|turn|28\n|\n|t:|1701140604\n|move|p1a: Lucario|Close Combat|p2a: Dondozo\n|-damage|p2a: Dondozo|31\/100 slp\n|-unboost|p1a: Lucario|def|1\n|-unboost|p1a: Lucario|spd|1\n|-damage|p1a: Lucario|75\/100|[from] item: Life Orb\n|-curestatus|p2a: Dondozo|slp|[msg]\n|move|p2a: Dondozo|Body Press|p1a: Lucario\n|-supereffective|p1a: Lucario\n|-damage|p1a: Lucario|0 fnt\n|faint|p1a: Lucario\n|\n|upkeep\n|\n|t:|1701140617\n|switch|p1a: Glimmora|Glimmora, F|49\/100\n|-damage|p1a: Glimmora|37\/100|[from] Spikes\n|-damage|p1a: Glimmora|24\/100|[from] Stealth Rock\n|turn|29\n|\n|t:|1701140627\n|switch|p2a: Blissey|Blissey, F|82\/100\n|move|p1a: Glimmora|Power Gem|p2a: Blissey\n|-damage|p2a: Blissey|73\/100\n|\n|upkeep\n|turn|30\n|\n|t:|1701140641\n|move|p1a: Glimmora|Stealth Rock|p2a: Blissey\n|-sidestart|p2: 0xyt0c1njunk1e|move: Stealth Rock\n|move|p2a: Blissey|Seismic Toss|p1a: Glimmora\n|-damage|p1a: Glimmora|0 fnt\n|-activate|p1a: Glimmora|ability: Toxic Debris\n|-sidestart|p2: 0xyt0c1njunk1e|move: Toxic Spikes\n|faint|p1a: Glimmora\n|\n|upkeep\n|\n|t:|1701140654\n|switch|p1a: Minior|Minior-Indigo|62\/100\n|-damage|p1a: Minior|37\/100|[from] Stealth Rock\n|turn|31\n|\n|t:|1701140671\n|switch|p2a: Dondozo|Dondozo, M|31\/100\n|move|p1a: Minior|Acrobatics|p2a: Dondozo\n|-damage|p2a: Dondozo|8\/100\n|\n|upkeep\n|turn|32\n|\n|t:|1701140680\n|switch|p2a: Ferrothorn|Ferrothorn, M|99\/100\n|-damage|p2a: Ferrothorn|75\/100|[from] Spikes\n|-damage|p2a: Ferrothorn|69\/100|[from] Stealth Rock\n|move|p1a: Minior|Stone Edge|p2a: Ferrothorn\n|-resisted|p2a: Ferrothorn\n|-damage|p2a: Ferrothorn|54\/100\n|\n|upkeep\n|turn|33\n|\n|t:|1701140688\n|move|p1a: Minior|Earthquake|p2a: Ferrothorn\n|-damage|p2a: Ferrothorn|35\/100\n|move|p2a: Ferrothorn|Leech Seed|p1a: Minior\n|-start|p1a: Minior|move: Leech Seed\n|\n|-damage|p1a: Minior|25\/100|[from] Leech Seed|[of] p2a: Ferrothorn\n|-heal|p2a: Ferrothorn|44\/100|[silent]\n|upkeep\n|turn|34\n|\n|t:|1701140698\n|move|p1a: Minior|Acrobatics|p2a: Ferrothorn\n|-damage|p2a: Ferrothorn|12\/100\n|-damage|p1a: Minior|13\/100|[from] ability: Iron Barbs|[of] p2a: Ferrothorn\n|-damage|p1a: Minior|0 fnt|[from] item: Rocky Helmet|[of] p2a: Ferrothorn\n|faint|p1a: Minior\n|move|p2a: Ferrothorn|Spikes|p1: Minior\n|-sidestart|p1: Victreenie|Spikes\n|\n|upkeep\n|\n|t:|1701140702\n|switch|p1a: Victini|Victini|100\/100\n|-damage|p1a: Victini|84\/100|[from] Spikes\n|-damage|p1a: Victini|59\/100|[from] Stealth Rock\n|turn|35\n|\n|t:|1701140714\n|switch|p2a: Blissey|Blissey, F|73\/100\n|move|p1a: Victini|Searing Shot|p2a: Blissey\n|-damage|p2a: Blissey|61\/100\n|\n|upkeep\n|turn|36\n|\n|t:|1701140721\n|-zpower|p1a: Victini\n|move|p1a: Victini|Z-Celebrate|p1a: Victini|[anim]Celebrate\n|-boost|p1a: Victini|atk|1|[zeffect]\n|-boost|p1a: Victini|def|1|[zeffect]\n|-boost|p1a: Victini|spa|1|[zeffect]\n|-boost|p1a: Victini|spd|1|[zeffect]\n|-boost|p1a: Victini|spe|1|[zeffect]\n|-activate|p1a: Victini|move: Celebrate\n|move|p2a: Blissey|Seismic Toss|p1a: Victini\n|-damage|p1a: Victini|30\/100\n|\n|upkeep\n|turn|37\n|\n|t:|1701140734\n|move|p1a: Victini|Stored Power|p2a: Blissey\n|-damage|p2a: Blissey|39\/100\n|move|p2a: Blissey|Soft-Boiled|p2a: Blissey\n|-heal|p2a: Blissey|89\/100\n|\n|upkeep\n|turn|38\n|\n|t:|1701140739\n|move|p1a: Victini|Stored Power|p2a: Blissey\n|-crit|p2a: Blissey\n|-damage|p2a: Blissey|55\/100\n|move|p2a: Blissey|Seismic Toss|p1a: Victini\n|-damage|p1a: Victini|0 fnt\n|faint|p1a: Victini\n|\n|upkeep\n|\n|t:|1701140742\n|switch|p1a: Quagsire|Quagsire, F|100\/100\n|-damage|p1a: Quagsire|84\/100|[from] Spikes\n|-damage|p1a: Quagsire|78\/100|[from] Stealth Rock\n|turn|39\n|\n|t:|1701140746\n|move|p2a: Blissey|Soft-Boiled|p2a: Blissey\n|-heal|p2a: Blissey|100\/100\n|move|p1a: Quagsire|Curse|p1a: Quagsire\n|-unboost|p1a: Quagsire|spe|1\n|-boost|p1a: Quagsire|atk|1\n|-boost|p1a: Quagsire|def|1\n|\n|-heal|p1a: Quagsire|84\/100|[from] item: Leftovers\n|upkeep\n|turn|40\n|\n|t:|1701140753\n|move|p2a: Blissey|Seismic Toss|p1a: Quagsire\n|-damage|p1a: Quagsire|59\/100\n|move|p1a: Quagsire|Earthquake|p2a: Blissey\n|-damage|p2a: Blissey|13\/100\n|\n|-heal|p1a: Quagsire|65\/100|[from] item: Leftovers\n|upkeep\n|turn|41\n|\n|t:|1701140759\n|move|p2a: Blissey|Seismic Toss|p1a: Quagsire\n|-damage|p1a: Quagsire|39\/100\n|move|p1a: Quagsire|Recover|p1a: Quagsire\n|-heal|p1a: Quagsire|89\/100\n|\n|-heal|p1a: Quagsire|95\/100|[from] item: Leftovers\n|upkeep\n|turn|42\n|\n|t:|1701140765\n|move|p2a: Blissey|Seismic Toss|p1a: Quagsire\n|-damage|p1a: Quagsire|70\/100\n|move|p1a: Quagsire|Curse|p1a: Quagsire\n|-unboost|p1a: Quagsire|spe|1\n|-boost|p1a: Quagsire|atk|1\n|-boost|p1a: Quagsire|def|1\n|\n|-heal|p1a: Quagsire|76\/100|[from] item: Leftovers\n|upkeep\n|turn|43\n|\n|t:|1701140779\n|move|p2a: Blissey|Seismic Toss|p1a: Quagsire\n|-damage|p1a: Quagsire|51\/100\n|move|p1a: Quagsire|Ice Punch|p2a: Blissey\n|-damage|p2a: Blissey|0 fnt\n|faint|p2a: Blissey\n|\n|-heal|p1a: Quagsire|57\/100|[from] item: Leftovers\n|upkeep\n|\n|t:|1701140785\n|switch|p2a: Moltres|Moltres|100\/100\n|turn|44\n|\n|t:|1701140792\n|move|p2a: Moltres|Defog|p1a: Quagsire\n|-unboost|p1a: Quagsire|evasion|1\n|-sideend|p1: Victreenie|Spikes|[from] move: Defog|[of] p2a: Moltres\n|-sideend|p1: Victreenie|Stealth Rock|[from] move: Defog|[of] p2a: Moltres\n|-sideend|p2: 0xyt0c1njunk1e|Spikes|[from] move: Defog|[of] p2a: Moltres\n|-sideend|p2: 0xyt0c1njunk1e|Toxic Spikes|[from] move: Defog|[of] p2a: Moltres\n|-sideend|p2: 0xyt0c1njunk1e|Stealth Rock|[from] move: Defog|[of] p2a: Moltres\n|move|p1a: Quagsire|Recover|p1a: Quagsire\n|-heal|p1a: Quagsire|100\/100\n|\n|upkeep\n|turn|45\n|\n|t:|1701140805\n|move|p2a: Moltres|Flamethrower|p1a: Quagsire\n|-resisted|p1a: Quagsire\n|-damage|p1a: Quagsire|79\/100\n|move|p1a: Quagsire|Curse|p1a: Quagsire\n|-unboost|p1a: Quagsire|spe|1\n|-boost|p1a: Quagsire|atk|1\n|-boost|p1a: Quagsire|def|1\n|\n|-heal|p1a: Quagsire|85\/100|[from] item: Leftovers\n|upkeep\n|turn|46\n|\n|t:|1701140819\n|move|p2a: Moltres|Flamethrower|p1a: Quagsire\n|-resisted|p1a: Quagsire\n|-damage|p1a: Quagsire|61\/100\n|move|p1a: Quagsire|Ice Punch|p2a: Moltres\n|-damage|p2a: Moltres|76\/100\n|-status|p1a: Quagsire|brn|[from] ability: Flame Body|[of] p2a: Moltres\n|\n|-heal|p1a: Quagsire|67\/100 brn|[from] item: Leftovers\n|-damage|p1a: Quagsire|61\/100 brn|[from] brn\n|upkeep\n|turn|47\n|\n|t:|1701140828\n|switch|p2a: Alomomola|Alomomola, F|100\/100\n|move|p1a: Quagsire|Recover|p1a: Quagsire\n|-heal|p1a: Quagsire|100\/100 brn\n|\n|-damage|p1a: Quagsire|94\/100 brn|[from] brn\n|upkeep\n|turn|48\n|\n|t:|1701140833\n|move|p2a: Alomomola|Whirlpool|p1a: Quagsire\n|-damage|p1a: Quagsire|87\/100 brn\n|-activate|p1a: Quagsire|move: Whirlpool|[of] p2a: Alomomola\n|move|p1a: Quagsire|Earthquake|p2a: Alomomola\n|-damage|p2a: Alomomola|79\/100\n|\n|-heal|p1a: Quagsire|93\/100 brn|[from] item: Leftovers\n|-damage|p1a: Quagsire|87\/100 brn|[from] brn\n|-damage|p1a: Quagsire|74\/100 brn|[from] move: Whirlpool|[partiallytrapped]\n|upkeep\n|turn|49\n|\n|t:|1701140839\n|move|p2a: Alomomola|Wish|p2a: Alomomola\n|move|p1a: Quagsire|Curse|p1a: Quagsire\n|-unboost|p1a: Quagsire|spe|1\n|-boost|p1a: Quagsire|atk|1\n|-boost|p1a: Quagsire|def|1\n|\n|-heal|p1a: Quagsire|80\/100 brn|[from] item: Leftovers\n|-damage|p1a: Quagsire|74\/100 brn|[from] brn\n|-damage|p1a: Quagsire|62\/100 brn|[from] move: Whirlpool|[partiallytrapped]\n|upkeep\n|turn|50\n|\n|t:|1701140843\n|switch|p2a: Ferrothorn|Ferrothorn, M|12\/100\n|move|p1a: Quagsire|Recover|p1a: Quagsire\n|-heal|p1a: Quagsire|100\/100 brn\n|\n|-heal|p2a: Ferrothorn|89\/100|[from] move: Wish|[wisher] Alomomola\n|-damage|p1a: Quagsire|94\/100 brn|[from] brn\n|-end|p1a: Quagsire|Whirlpool|[partiallytrapped]|[silent]\n|upkeep\n|turn|51\n|\n|t:|1701140848\n|move|p2a: Ferrothorn|Leech Seed|p1a: Quagsire\n|-start|p1a: Quagsire|move: Leech Seed\n|move|p1a: Quagsire|Earthquake|p2a: Ferrothorn\n|-damage|p2a: Ferrothorn|62\/100\n|\n|-heal|p1a: Quagsire|100\/100 brn|[from] item: Leftovers\n|-damage|p1a: Quagsire|88\/100 brn|[from] Leech Seed|[of] p2a: Ferrothorn\n|-heal|p2a: Ferrothorn|76\/100|[silent]\n|-damage|p1a: Quagsire|82\/100 brn|[from] brn\n|upkeep\n|turn|52\n|-message|Victreenie forfeited.\n|\n|win|0xyt0c1njunk1e\n|raw|Victreenie's rating: 1534 &rarr; <strong>1507<\/strong><br \/>(-27 for losing)\n|raw|0xyt0c1njunk1e's rating: 1408 &rarr; <strong>1435<\/strong><br \/>(+27 for winning)\n|l|\u2606Victreenie\n","uploadtime":1701140863,"views":3,"p1id":"victreenie","p2id":"0xyt0c1njunk1e","formatid":"gen9nationaldex","rating":1435,"private":0,"password":""}