{"id":"gen9nationaldex-1992442254","p1":"mtyqjltz5","p2":"Bonus6","format":"[Gen 9] National Dex","log":"|j|\u2606mtyqjltz5\n|j|\u2606Bonus6\n|t:|1700188089\n|gametype|singles\n|player|p1|mtyqjltz5|elesa|1370\n|player|p2|Bonus6|169|1333\n|teamsize|p1|6\n|teamsize|p2|6\n|gen|9\n|tier|[Gen 9] National Dex\n|rated|\n|rule|HP Percentage Mod: HP is shown in percentages\n|rule|Endless Battle Clause: Forcing endless battles is banned\n|rule|OHKO Clause: OHKO moves are banned\n|rule|Evasion Clause: Evasion abilities, items, and moves are banned\n|rule|Evasion Abilities Clause: Evasion abilities are banned\n|rule|Evasion Items Clause: Evasion items are banned\n|rule|Evasion Moves Clause: Evasion moves are banned\n|rule|Species Clause: Limit one of each Pok\u00e9mon\n|rule|Sleep Clause Mod: Limit one foe put to sleep\n|clearpoke\n|poke|p1|Pidgeot, M|\n|poke|p1|Rotom-Wash|\n|poke|p1|Slowking-Galar, M|\n|poke|p1|Rillaboom, M|\n|poke|p1|Ceruledge, M|\n|poke|p1|Great Tusk|\n|poke|p2|Clawitzer, F|\n|poke|p2|Polteageist-Antique|\n|poke|p2|Salamence, M|\n|poke|p2|Tapu Bulu|\n|poke|p2|Infernape, F|\n|poke|p2|Grimmsnarl, M|\n|teampreview\n|inactive|Battle timer is ON: inactive players will automatically lose when time's up. (requested by Bonus6)\n|inactive|mtyqjltz5 also wants the timer to be on.\n|\n|t:|1700188104\n|start\n|switch|p1a: Slowking|Slowking-Galar, M, shiny|100\/100\n|switch|p2a: Polteageist|Polteageist-Antique|100\/100\n|turn|1\n|\n|t:|1700188115\n|move|p2a: Polteageist|Shell Smash|p2a: Polteageist\n|-unboost|p2a: Polteageist|def|1\n|-unboost|p2a: Polteageist|spd|1\n|-boost|p2a: Polteageist|atk|2\n|-boost|p2a: Polteageist|spa|2\n|-boost|p2a: Polteageist|spe|2\n|move|p1a: Slowking|Thunder Wave|p2a: Polteageist\n|-status|p2a: Polteageist|par\n|\n|upkeep\n|turn|2\n|c|\u2606mtyqjltz5|\u3002\n|\n|t:|1700188140\n|-terastallize|p1a: Slowking|Dark\n|cant|p2a: Polteageist|par\n|move|p1a: Slowking|Future Sight|p2a: Polteageist\n|-start|p1a: Slowking|move: Future Sight\n|\n|upkeep\n|turn|3\n|\n|t:|1700188146\n|move|p2a: Polteageist|Shell Smash|p2a: Polteageist\n|-unboost|p2a: Polteageist|def|1\n|-unboost|p2a: Polteageist|spd|1\n|-boost|p2a: Polteageist|atk|2\n|-boost|p2a: Polteageist|spa|2\n|-boost|p2a: Polteageist|spe|2\n|move|p1a: Slowking|Sludge Bomb|p2a: Polteageist\n|-resisted|p2a: Polteageist\n|-damage|p2a: Polteageist|64\/100 par\n|\n|upkeep\n|turn|4\n|\n|t:|1700188155\n|move|p2a: Polteageist|Giga Drain|p1a: Slowking\n|-damage|p1a: Slowking|34\/100\n|-heal|p2a: Polteageist|100\/100 par|[from] drain|[of] p1a: Slowking\n|move|p1a: Slowking|Sludge Bomb|p2a: Polteageist\n|-resisted|p2a: Polteageist\n|-damage|p2a: Polteageist|60\/100 par\n|\n|-end|p2a: Polteageist|move: Future Sight\n|-damage|p2a: Polteageist|0 fnt\n|faint|p2a: Polteageist\n|upkeep\n|\n|t:|1700188164\n|switch|p2a: Salamence|Salamence, M|100\/100\n|-ability|p2a: Salamence|Intimidate|boost\n|-unboost|p1a: Slowking|atk|1\n|turn|5\n|\n|t:|1700188169\n|switch|p1a: Rotom|Rotom-Wash, shiny|100\/100\n|move|p2a: Salamence|Swagger|p1a: Rotom|[miss]\n|-miss|p2a: Salamence|p1a: Rotom\n|\n|upkeep\n|turn|6\n|\n|t:|1700188176\n|-terastallize|p2a: Salamence|Ground\n|move|p2a: Salamence|Swagger|p1a: Rotom\n|-boost|p1a: Rotom|atk|2\n|-enditem|p2a: Salamence|Mirror Herb\n|-boost|p2a: Salamence|atk|2|[from] item: Mirror Herb\n|-start|p1a: Rotom|confusion\n|-activate|p1a: Rotom|confusion\n|move|p1a: Rotom|Will-O-Wisp|p2a: Salamence\n|-status|p2a: Salamence|brn\n|\n|-damage|p2a: Salamence|94\/100 brn|[from] brn\n|upkeep\n|turn|7\n|\n|t:|1700188192\n|switch|p1a: Rillaboom|Rillaboom, M|100\/100\n|-fieldstart|move: Grassy Terrain|[from] ability: Grassy Surge|[of] p1a: Rillaboom\n|move|p2a: Salamence|Dragon Claw|p1a: Rillaboom\n|-damage|p1a: Rillaboom|53\/100\n|\n|-heal|p2a: Salamence|100\/100 brn|[from] Grassy Terrain\n|-heal|p1a: Rillaboom|59\/100|[from] Grassy Terrain\n|-damage|p2a: Salamence|94\/100 brn|[from] brn\n|upkeep\n|turn|8\n|\n|t:|1700188207\n|switch|p1a: Rotom|Rotom-Wash, shiny|100\/100\n|move|p2a: Salamence|Dragon Claw|p1a: Rotom\n|-damage|p1a: Rotom|65\/100\n|\n|-heal|p2a: Salamence|100\/100 brn|[from] Grassy Terrain\n|-heal|p1a: Rotom|72\/100|[from] item: Leftovers\n|-damage|p2a: Salamence|94\/100 brn|[from] brn\n|upkeep\n|turn|9\n|\n|t:|1700188213\n|move|p2a: Salamence|Dragon Claw|p1a: Rotom\n|-damage|p1a: Rotom|36\/100\n|move|p1a: Rotom|Hydro Pump|p2a: Salamence\n|-supereffective|p2a: Salamence\n|-damage|p2a: Salamence|0 fnt\n|faint|p2a: Salamence\n|\n|-heal|p1a: Rotom|42\/100|[from] item: Leftovers\n|upkeep\n|\n|t:|1700188222\n|switch|p2a: Clawitzer|Clawitzer, F|100\/100\n|turn|10\n|\n|t:|1700188248\n|move|p1a: Rotom|Volt Switch|p2a: Clawitzer\n|-supereffective|p2a: Clawitzer\n|-damage|p2a: Clawitzer|67\/100\n|\n|t:|1700188254\n|switch|p1a: Slowking|Slowking-Galar, M, shiny, tera:Dark|68\/100|[from] Volt Switch\n|move|p2a: Clawitzer|Terrain Pulse|p1a: Slowking\n|-damage|p1a: Slowking|17\/100\n|\n|-heal|p2a: Clawitzer|73\/100|[from] Grassy Terrain\n|-heal|p1a: Slowking|23\/100|[from] Grassy Terrain\n|upkeep\n|turn|11\n|inactive|mtyqjltz5 has 120 seconds left.\n|\n|t:|1700188293\n|move|p2a: Clawitzer|Terrain Pulse|p1a: Slowking\n|-damage|p1a: Slowking|0 fnt\n|faint|p1a: Slowking\n|\n|-heal|p2a: Clawitzer|79\/100|[from] Grassy Terrain\n|-fieldend|move: Grassy Terrain\n|upkeep\n|\n|t:|1700188295\n|switch|p1a: Rillaboom|Rillaboom, M|59\/100\n|-fieldstart|move: Grassy Terrain|[from] ability: Grassy Surge|[of] p1a: Rillaboom\n|turn|12\n|\n|t:|1700188304\n|move|p1a: Rillaboom|Wood Hammer|p2a: Clawitzer\n|-supereffective|p2a: Clawitzer\n|-damage|p2a: Clawitzer|0 fnt\n|faint|p2a: Clawitzer\n|-damage|p1a: Rillaboom|33\/100|[from] Recoil\n|\n|-heal|p1a: Rillaboom|39\/100|[from] Grassy Terrain\n|upkeep\n|\n|t:|1700188312\n|switch|p2a: Infernape|Infernape, F|100\/100\n|turn|13\n|\n|t:|1700188320\n|switch|p1a: Ceruledge|Ceruledge, M|100\/100\n|move|p2a: Infernape|Fire Punch|p1a: Ceruledge\n|-resisted|p1a: Ceruledge\n|-damage|p1a: Ceruledge|68\/100\n|-ability|p1a: Ceruledge|Weak Armor|boost\n|-unboost|p1a: Ceruledge|def|1\n|-boost|p1a: Ceruledge|spe|2\n|\n|-heal|p1a: Ceruledge|74\/100|[from] Grassy Terrain\n|upkeep\n|turn|14\n|\n|t:|1700188332\n|move|p1a: Ceruledge|Poltergeist|p2a: Infernape\n|-activate|p2a: Infernape|move: Poltergeist|Punching Glove\n|-damage|p2a: Infernape|20\/100\n|move|p2a: Infernape|Thunder Punch|p1a: Ceruledge\n|-damage|p1a: Ceruledge|8\/100\n|-ability|p1a: Ceruledge|Weak Armor|boost\n|-unboost|p1a: Ceruledge|def|1\n|-boost|p1a: Ceruledge|spe|2\n|\n|-heal|p1a: Ceruledge|14\/100|[from] Grassy Terrain\n|-heal|p2a: Infernape|26\/100|[from] Grassy Terrain\n|upkeep\n|turn|15\n|\n|t:|1700188339\n|move|p1a: Ceruledge|Shadow Sneak|p2a: Infernape\n|-damage|p2a: Infernape|0 fnt\n|faint|p2a: Infernape\n|\n|-heal|p1a: Ceruledge|20\/100|[from] Grassy Terrain\n|upkeep\n|\n|t:|1700188343\n|switch|p2a: Grimmsnarl|Grimmsnarl, M|100\/100\n|turn|16\n|\n|t:|1700188347\n|move|p1a: Ceruledge|Bitter Blade|p2a: Grimmsnarl\n|-damage|p2a: Grimmsnarl|45\/100\n|-heal|p1a: Ceruledge|58\/100|[from] drain|[of] p2a: Grimmsnarl\n|move|p2a: Grimmsnarl|Spirit Break|p1a: Ceruledge\n|-resisted|p1a: Ceruledge\n|-damage|p1a: Ceruledge|0 fnt\n|faint|p1a: Ceruledge\n|\n|-heal|p2a: Grimmsnarl|51\/100|[from] Grassy Terrain\n|-fieldend|move: Grassy Terrain\n|upkeep\n|\n|t:|1700188367\n|switch|p1a: Rillaboom|Rillaboom, M|39\/100\n|-fieldstart|move: Grassy Terrain|[from] ability: Grassy Surge|[of] p1a: Rillaboom\n|turn|17\n|\n|t:|1700188374\n|move|p1a: Rillaboom|Wood Hammer|p2a: Grimmsnarl\n|-damage|p2a: Grimmsnarl|0 fnt\n|faint|p2a: Grimmsnarl\n|-damage|p1a: Rillaboom|20\/100|[from] Recoil\n|\n|-heal|p1a: Rillaboom|26\/100|[from] Grassy Terrain\n|upkeep\n|\n|t:|1700188376\n|switch|p2a: Tapu Bulu|Tapu Bulu|100\/100\n|turn|18\n|\n|t:|1700188388\n|switch|p1a: Rotom|Rotom-Wash, shiny|42\/100\n|move|p2a: Tapu Bulu|Darkest Lariat|p1a: Rotom\n|-damage|p1a: Rotom|17\/100\n|\n|-heal|p1a: Rotom|23\/100|[from] item: Leftovers\n|upkeep\n|turn|19\n|\n|t:|1700188394\n|move|p1a: Rotom|Will-O-Wisp|p2a: Tapu Bulu\n|-status|p2a: Tapu Bulu|brn\n|move|p2a: Tapu Bulu|Horn Leech|p1a: Rotom\n|-supereffective|p1a: Rotom\n|-damage|p1a: Rotom|0 fnt\n|faint|p1a: Rotom\n|\n|-damage|p2a: Tapu Bulu|94\/100 brn|[from] brn\n|upkeep\n|-message|Bonus6 forfeited.\n|\n|win|mtyqjltz5\n|raw|mtyqjltz5's rating: 1370 &rarr; <strong>1388<\/strong><br \/>(+18 for winning)\n|raw|Bonus6's rating: 1333 &rarr; <strong>1315<\/strong><br \/>(-18 for losing)\n|l|\u2606Bonus6\n","uploadtime":1700188407,"views":4,"p1id":"mtyqjltz5","p2id":"bonus6","formatid":"gen9nationaldex","rating":1315,"private":0,"password":""}