{"id":"gen9nationaldex-1996830228","p1":"ex.re","p2":"red_texan","format":"[Gen 9] National Dex","log":"|html|<div class=\"broadcast-blue\"><strong>[Gen 9] National Dex is currently suspecting Sneasler! For information on how to participate check out the <a href=\"https:\/\/www.smogon.com\/forums\/threads\/sv-national-dex-suspect-8-just-dance.3731534\/\">suspect thread<\/a>.<\/strong><\/div>\n|j|\u2606ex.re\n|j|\u2606red_texan\n|t:|1700732170\n|gametype|singles\n|player|p1|ex.re|medium|1099\n|player|p2|red_texan|hapu|1101\n|teamsize|p1|6\n|teamsize|p2|6\n|gen|9\n|tier|[Gen 9] National Dex\n|rated|\n|rule|HP Percentage Mod: HP is shown in percentages\n|rule|Endless Battle Clause: Forcing endless battles is banned\n|rule|OHKO Clause: OHKO moves are banned\n|rule|Evasion Clause: Evasion abilities, items, and moves are banned\n|rule|Evasion Abilities Clause: Evasion abilities are banned\n|rule|Evasion Items Clause: Evasion items are banned\n|rule|Evasion Moves Clause: Evasion moves are banned\n|rule|Species Clause: Limit one of each Pok\u00e9mon\n|rule|Sleep Clause Mod: Limit one foe put to sleep\n|clearpoke\n|poke|p1|Absol, M|\n|poke|p1|Leafeon, M|\n|poke|p1|Starmie|\n|poke|p1|Venomoth, F|\n|poke|p1|Mismagius, F|\n|poke|p1|Tropius, M|\n|poke|p2|Braviary-Hisui, M|\n|poke|p2|Aerodactyl, F|\n|poke|p2|Squawkabilly-White, F|\n|poke|p2|Flygon, F|\n|poke|p2|Flamigo, F|\n|poke|p2|Togekiss, F|\n|teampreview\n|inactive|Battle timer is ON: inactive players will automatically lose when time's up. (requested by ex.re)\n|\n|t:|1700732192\n|start\n|switch|p1a: Absol|Absol, M|100\/100\n|switch|p2a: Togekiss|Togekiss, F|100\/100\n|turn|1\n|\n|t:|1700732198\n|detailschange|p1a: Absol|Absol-Mega, M\n|-mega|p1a: Absol|Absol|Absolite\n|move|p1a: Absol|Rock Slide|p2a: Togekiss\n|-supereffective|p2a: Togekiss\n|-damage|p2a: Togekiss|29\/100\n|move|p2a: Togekiss|Dazzling Gleam|p1a: Absol\n|-supereffective|p1a: Absol\n|-damage|p1a: Absol|0 fnt\n|faint|p1a: Absol\n|\n|upkeep\n|\n|t:|1700732209\n|switch|p1a: Starmie|Starmie|100\/100\n|turn|2\n|\n|t:|1700732218\n|move|p1a: Starmie|Thunderbolt|p2a: Togekiss\n|-supereffective|p2a: Togekiss\n|-damage|p2a: Togekiss|3\/100\n|move|p2a: Togekiss|Air Slash|p1a: Starmie\n|-damage|p1a: Starmie|46\/100\n|\n|upkeep\n|turn|3\n|\n|t:|1700732235\n|switch|p2a: Braviary|Braviary-Hisui, M|100\/100\n|move|p1a: Starmie|Rapid Spin|p2a: Braviary\n|-damage|p2a: Braviary|92\/100\n|-boost|p1a: Starmie|spe|1\n|\n|upkeep\n|turn|4\n|\n|t:|1700732243\n|-terastallize|p1a: Starmie|Ice\n|move|p1a: Starmie|Ice Beam|p2a: Braviary\n|-supereffective|p2a: Braviary\n|-damage|p2a: Braviary|6\/100\n|move|p2a: Braviary|Air Slash|p1a: Starmie\n|-damage|p1a: Starmie|0 fnt\n|faint|p1a: Starmie\n|-damage|p2a: Braviary|0 fnt|[from] item: Life Orb\n|faint|p2a: Braviary\n|\n|upkeep\n|\n|t:|1700732259\n|switch|p1a: Venomoth|Venomoth, F|100\/100\n|switch|p2a: Squawkabilly|Squawkabilly-White, F|100\/100\n|turn|5\n|\n|t:|1700732264\n|move|p2a: Squawkabilly|Brave Bird|p1a: Venomoth\n|-supereffective|p1a: Venomoth\n|-damage|p1a: Venomoth|0 fnt\n|faint|p1a: Venomoth\n|-damage|p2a: Squawkabilly|70\/100|[from] Recoil\n|\n|upkeep\n|\n|t:|1700732270\n|switch|p1a: Tropius|Tropius, M|100\/100\n|turn|6\n|\n|t:|1700732274\n|move|p2a: Squawkabilly|Brave Bird|p1a: Tropius\n|-supereffective|p1a: Tropius\n|-damage|p1a: Tropius|0 fnt\n|faint|p1a: Tropius\n|-damage|p2a: Squawkabilly|33\/100|[from] Recoil\n|\n|upkeep\n|\n|t:|1700732279\n|switch|p1a: Leafeon|Leafeon, M|100\/100\n|turn|7\n|\n|t:|1700732282\n|move|p2a: Squawkabilly|Brave Bird|p1a: Leafeon\n|-supereffective|p1a: Leafeon\n|-damage|p1a: Leafeon|0 fnt\n|faint|p1a: Leafeon\n|-damage|p2a: Squawkabilly|4\/100|[from] Recoil\n|\n|upkeep\n|\n|t:|1700732287\n|switch|p1a: Mismagius|Mismagius, F|100\/100\n|turn|8\n|\n|t:|1700732296\n|move|p2a: Squawkabilly|Brave Bird|p1a: Mismagius\n|-crit|p1a: Mismagius\n|-damage|p1a: Mismagius|0 fnt\n|faint|p1a: Mismagius\n|-damage|p2a: Squawkabilly|0 fnt|[from] Recoil\n|faint|p2a: Squawkabilly\n|\n|win|red_texan\n|raw|ex.re's rating: 1099 &rarr; <strong>1074<\/strong><br \/>(-25 for losing)\n|raw|red_texan's rating: 1101 &rarr; <strong>1126<\/strong><br \/>(+25 for winning)\n","uploadtime":1700732300,"views":11,"p1id":"exre","p2id":"redtexan","formatid":"gen9nationaldex","rating":1074,"private":0,"password":""}