{"id":"gen9nationaldex-1998478166","p1":"imbwc","p2":"Shiesterrr","format":"[Gen 9] National Dex","log":"|html|<div class=\"broadcast-blue\"><strong>[Gen 9] National Dex is currently suspecting Sneasler! For information on how to participate check out the <a href=\"https:\/\/www.smogon.com\/forums\/threads\/sv-national-dex-suspect-8-just-dance.3731534\/\">suspect thread<\/a>.<\/strong><\/div>\n|j|\u2606imbwc\n|j|\u2606Shiesterrr\n|t:|1700946841\n|gametype|singles\n|player|p1|imbwc|poppy|1000\n|player|p2|Shiesterrr|ethan|1040\n|teamsize|p1|6\n|teamsize|p2|6\n|gen|9\n|tier|[Gen 9] National Dex\n|rated|\n|rule|HP Percentage Mod: HP is shown in percentages\n|rule|Endless Battle Clause: Forcing endless battles is banned\n|rule|OHKO Clause: OHKO moves are banned\n|rule|Evasion Clause: Evasion abilities, items, and moves are banned\n|rule|Evasion Abilities Clause: Evasion abilities are banned\n|rule|Evasion Items Clause: Evasion items are banned\n|rule|Evasion Moves Clause: Evasion moves are banned\n|rule|Species Clause: Limit one of each Pok\u00e9mon\n|rule|Sleep Clause Mod: Limit one foe put to sleep\n|clearpoke\n|poke|p1|Steelix, M|\n|poke|p1|Oinkologne-F, F|\n|poke|p1|Darmanitan, F|\n|poke|p1|Hoopa-Unbound|\n|poke|p1|Stakataka|\n|poke|p1|Castform, M|\n|poke|p2|Mawile, F|\n|poke|p2|Tapu Lele|\n|poke|p2|Ogerpon-Wellspring, F|\n|poke|p2|Zamazenta-*|\n|poke|p2|Landorus-Therian, M|\n|poke|p2|Heatran, F|\n|teampreview\n|\n|t:|1700946882\n|start\n|switch|p1a: morpheus|Stakataka|100\/100\n|switch|p2a: Landorus|Landorus-Therian, M, shiny|100\/100\n|-ability|p2a: Landorus|Intimidate|boost\n|-unboost|p1a: morpheus|atk|1\n|-item|p1a: morpheus|Air Balloon\n|turn|1\n|\n|t:|1700946913\n|switch|p1a: fartpig|Oinkologne-F, F|100\/100\n|move|p2a: Landorus|Taunt|p1a: fartpig\n|-start|p1a: fartpig|move: Taunt\n|\n|upkeep\n|turn|2\n|\n|t:|1700946920\n|switch|p1a: morpheus|Stakataka|100\/100\n|-item|p1a: morpheus|Air Balloon\n|move|p2a: Landorus|U-turn|p1a: morpheus\n|-resisted|p1a: morpheus\n|-damage|p1a: morpheus|94\/100\n|-enditem|p1a: morpheus|Air Balloon\n|\n|t:|1700946929\n|switch|p2a: Ogerpon|Ogerpon-Wellspring, F|100\/100|[from] U-turn\n|\n|upkeep\n|turn|3\n|\n|t:|1700946946\n|move|p2a: Ogerpon|Swords Dance|p2a: Ogerpon\n|-boost|p2a: Ogerpon|atk|2\n|move|p1a: morpheus|Trick Room|p1a: morpheus\n|-fieldstart|move: Trick Room|[of] p1a: morpheus\n|\n|upkeep\n|turn|4\n|\n|t:|1700946956\n|switch|p2a: Landorus|Landorus-Therian, M, shiny|100\/100\n|-ability|p2a: Landorus|Intimidate|boost\n|-unboost|p1a: morpheus|atk|1\n|move|p1a: morpheus|Stone Edge|p2a: Landorus|[miss]\n|-miss|p1a: morpheus|p2a: Landorus\n|\n|upkeep\n|turn|5\n|\n|t:|1700946971\n|switch|p1a: morpheo|Castform, M|100\/100\n|move|p2a: Landorus|Earthquake|p1a: morpheo\n|-damage|p1a: morpheo|57\/100\n|\n|upkeep\n|turn|6\n|\n|t:|1700946977\n|move|p1a: morpheo|Weather Ball|p2a: Landorus\n|-damage|p2a: Landorus|88\/100\n|move|p2a: Landorus|Taunt|p1a: morpheo\n|-start|p1a: morpheo|move: Taunt\n|\n|-heal|p2a: Landorus|94\/100|[from] item: Leftovers\n|upkeep\n|turn|7\n|\n|t:|1700946983\n|move|p1a: morpheo|Hurricane|p2a: Landorus\n|-damage|p2a: Landorus|75\/100\n|-start|p2a: Landorus|confusion\n|-activate|p2a: Landorus|confusion\n|move|p2a: Landorus|U-turn|p1a: morpheo\n|-damage|p1a: morpheo|36\/100\n|\n|t:|1700946986\n|switch|p2a: Zamazenta|Zamazenta, shiny|100\/100|[from] U-turn\n|-ability|p2a: Zamazenta|Dauntless Shield|boost\n|-boost|p2a: Zamazenta|def|1\n|\n|-fieldend|move: Trick Room\n|upkeep\n|turn|8\n|\n|t:|1700946991\n|move|p2a: Zamazenta|Close Combat|p1a: morpheo\n|-supereffective|p1a: morpheo\n|-damage|p1a: morpheo|0 fnt\n|-unboost|p2a: Zamazenta|def|1\n|-unboost|p2a: Zamazenta|spd|1\n|faint|p1a: morpheo\n|\n|upkeep\n|\n|t:|1700946996\n|switch|p1a: morpheus|Stakataka|94\/100\n|turn|9\n|\n|t:|1700946999\n|-terastallize|p1a: morpheus|Flying\n|move|p2a: Zamazenta|Close Combat|p1a: morpheus\n|-resisted|p1a: morpheus\n|-damage|p1a: morpheus|76\/100\n|-unboost|p2a: Zamazenta|def|1\n|-unboost|p2a: Zamazenta|spd|1\n|move|p1a: morpheus|Trick Room|p1a: morpheus\n|-fieldstart|move: Trick Room|[of] p1a: morpheus\n|\n|upkeep\n|turn|10\n|\n|t:|1700947006\n|switch|p2a: Landorus|Landorus-Therian, M, shiny|75\/100\n|-ability|p2a: Landorus|Intimidate|boost\n|-unboost|p1a: morpheus|atk|1\n|move|p1a: morpheus|Gyro Ball|p2a: Landorus\n|-damage|p2a: Landorus|33\/100\n|\n|-heal|p2a: Landorus|39\/100|[from] item: Leftovers\n|upkeep\n|turn|11\n|\n|t:|1700947012\n|switch|p2a: Heatran|Heatran, F, shiny|100\/100\n|move|p1a: morpheus|Stone Edge|p2a: Heatran\n|-crit|p2a: Heatran\n|-damage|p2a: Heatran|33\/100\n|\n|-heal|p2a: Heatran|39\/100|[from] item: Leftovers\n|upkeep\n|turn|12\n|\n|t:|1700947019\n|switch|p2a: Landorus|Landorus-Therian, M, shiny|39\/100\n|-ability|p2a: Landorus|Intimidate|boost\n|-unboost|p1a: morpheus|atk|1\n|move|p1a: morpheus|Stone Edge|p2a: Landorus\n|-damage|p2a: Landorus|18\/100\n|\n|-heal|p2a: Landorus|24\/100|[from] item: Leftovers\n|upkeep\n|turn|13\n|\n|t:|1700947024\n|switch|p2a: Mawile|Mawile, F, shiny|100\/100\n|-ability|p2a: Mawile|Intimidate|boost\n|-unboost|p1a: morpheus|atk|1\n|move|p1a: morpheus|Stone Edge|p2a: Mawile\n|-resisted|p2a: Mawile\n|-damage|p2a: Mawile|82\/100\n|\n|-fieldend|move: Trick Room\n|upkeep\n|turn|14\n|j| mistahmerrikuu\n|\n|t:|1700947036\n|switch|p1a: Weedle-Mega|Steelix, M, shiny|100\/100\n|detailschange|p2a: Mawile|Mawile-Mega, F, shiny\n|-mega|p2a: Mawile|Mawile|Mawilite\n|move|p2a: Mawile|Ice Punch|p1a: Weedle-Mega\n|-damage|p1a: Weedle-Mega|76\/100\n|\n|upkeep\n|turn|15\n|\n|t:|1700947059\n|switch|p2a: Landorus|Landorus-Therian, M, shiny|24\/100\n|-ability|p2a: Landorus|Intimidate|boost\n|-unboost|p1a: Weedle-Mega|atk|1\n|detailschange|p1a: Weedle-Mega|Steelix-Mega, M, shiny\n|-mega|p1a: Weedle-Mega|Steelix|Steelixite\n|move|p1a: Weedle-Mega|Curse|p1a: Weedle-Mega\n|-unboost|p1a: Weedle-Mega|spe|1\n|-boost|p1a: Weedle-Mega|atk|1\n|-boost|p1a: Weedle-Mega|def|1\n|\n|-heal|p2a: Landorus|30\/100|[from] item: Leftovers\n|upkeep\n|turn|16\n|\n|t:|1700947073\n|move|p2a: Landorus|Taunt|p1a: Weedle-Mega\n|-start|p1a: Weedle-Mega|move: Taunt\n|cant|p1a: Weedle-Mega|move: Taunt|Stealth Rock\n|\n|-heal|p2a: Landorus|36\/100|[from] item: Leftovers\n|upkeep\n|turn|17\n|\n|t:|1700947099\n|move|p2a: Landorus|Earthquake|p1a: Weedle-Mega\n|-supereffective|p1a: Weedle-Mega\n|-damage|p1a: Weedle-Mega|47\/100\n|move|p1a: Weedle-Mega|Gyro Ball|p2a: Landorus\n|-damage|p2a: Landorus|0 fnt\n|faint|p2a: Landorus\n|\n|upkeep\n|\n|t:|1700947104\n|switch|p2a: Ogerpon|Ogerpon-Wellspring, F|100\/100\n|turn|18\n|\n|t:|1700947121\n|-terastallize|p2a: Ogerpon|Water\n|detailschange|p2a: Ogerpon|Ogerpon-Wellspring-Tera, F, tera:Water\n|-ability|p2a: Ogerpon|Embody Aspect (Wellspring)|boost\n|-boost|p2a: Ogerpon|spd|1\n|move|p2a: Ogerpon|Ivy Cudgel|p1a: Weedle-Mega|[anim] Ivy Cudgel Water\n|-supereffective|p1a: Weedle-Mega\n|-damage|p1a: Weedle-Mega|0 fnt\n|faint|p1a: Weedle-Mega\n|\n|upkeep\n|\n|t:|1700947135\n|switch|p1a: 7 dix in hand|Hoopa-Unbound|100\/100\n|turn|19\n|\n|t:|1700947137\n|move|p2a: Ogerpon|Ivy Cudgel|p1a: 7 dix in hand|[anim] Ivy Cudgel Water\n|-damage|p1a: 7 dix in hand|0 fnt\n|faint|p1a: 7 dix in hand\n|\n|upkeep\n|\n|t:|1700947141\n|switch|p1a: fartpig|Oinkologne-F, F|100\/100\n|turn|20\n|\n|t:|1700947143\n|move|p2a: Ogerpon|Swords Dance|p2a: Ogerpon\n|-boost|p2a: Ogerpon|atk|2\n|move|p1a: fartpig|Hyper Voice|p2a: Ogerpon\n|-damage|p2a: Ogerpon|75\/100\n|\n|upkeep\n|turn|21\n|\n|t:|1700947146\n|move|p2a: Ogerpon|Ivy Cudgel|p1a: fartpig|[anim] Ivy Cudgel Water\n|-damage|p1a: fartpig|0 fnt\n|faint|p1a: fartpig\n|\n|upkeep\n|\n|t:|1700947149\n|switch|p1a: morpheus|Stakataka, tera:Flying|76\/100\n|turn|22\n|\n|t:|1700947156\n|move|p2a: Ogerpon|Ivy Cudgel|p1a: morpheus|[anim] Ivy Cudgel Water\n|-damage|p1a: morpheus|0 fnt\n|faint|p1a: morpheus\n|\n|upkeep\n|\n|t:|1700947164\n|switch|p1a: morbius|Darmanitan, F|100\/100\n|turn|23\n|\n|t:|1700947175\n|move|p2a: Ogerpon|Ivy Cudgel|p1a: morbius|[anim] Ivy Cudgel Water\n|-supereffective|p1a: morbius\n|-damage|p1a: morbius|0 fnt\n|faint|p1a: morbius\n|\n|win|Shiesterrr\n|raw|imbwc's rating: 1000 &rarr; <strong>1000<\/strong><br \/>(+0 for losing)\n|raw|Shiesterrr's rating: 1040 &rarr; <strong>1070<\/strong><br \/>(+30 for winning)\n|c|\u2606Shiesterrr|lmfao\n","uploadtime":1700947183,"views":4,"p1id":"imbwc","p2id":"shiesterrr","formatid":"gen9nationaldex","rating":1000,"private":0,"password":""}