{"id":"gen9nationaldex-1995692457","p1":"Motorgis3534","p2":"zeonteo","format":"[Gen 9] National Dex","log":"|html|<div class=\"broadcast-blue\"><strong>[Gen 9] National Dex is currently suspecting Sneasler! For information on how to participate check out the <a href=\"https:\/\/www.smogon.com\/forums\/threads\/sv-national-dex-suspect-8-just-dance.3731534\/\">suspect thread<\/a>.<\/strong><\/div>\n|j|\u2606Motorgis3534\n|j|\u2606zeonteo\n|t:|1700594438\n|gametype|singles\n|player|p1|Motorgis3534|benga|1261\n|player|p2|zeonteo|pokemonranger-gen4|1327\n|teamsize|p1|6\n|teamsize|p2|6\n|gen|9\n|tier|[Gen 9] National Dex\n|rated|\n|rule|HP Percentage Mod: HP is shown in percentages\n|rule|Endless Battle Clause: Forcing endless battles is banned\n|rule|OHKO Clause: OHKO moves are banned\n|rule|Evasion Clause: Evasion abilities, items, and moves are banned\n|rule|Evasion Abilities Clause: Evasion abilities are banned\n|rule|Evasion Items Clause: Evasion items are banned\n|rule|Evasion Moves Clause: Evasion moves are banned\n|rule|Species Clause: Limit one of each Pok\u00e9mon\n|rule|Sleep Clause Mod: Limit one foe put to sleep\n|clearpoke\n|poke|p1|Ogerpon-Cornerstone, F|\n|poke|p1|Obstagoon, F|\n|poke|p1|Kleavor, M|\n|poke|p1|Garganacl, M|\n|poke|p1|Gallade, M|\n|poke|p1|Crobat, M|\n|poke|p2|Raichu-Alola, F|\n|poke|p2|Tapu Koko|\n|poke|p2|Iron Hands|\n|poke|p2|Iron Jugulis|\n|poke|p2|Iron Treads|\n|poke|p2|Iron Moth|\n|teampreview\n|inactive|Battle timer is ON: inactive players will automatically lose when time's up. (requested by zeonteo)\n|\n|t:|1700594460\n|start\n|switch|p1a: Kleavor|Kleavor, M|100\/100\n|switch|p2a: Iron Hands|Iron Hands|100\/100\n|-enditem|p2a: Iron Hands|Booster Energy\n|-activate|p2a: Iron Hands|ability: Quark Drive|[fromitem]\n|-start|p2a: Iron Hands|quarkdriveatk\n|turn|1\n|\n|t:|1700594475\n|move|p1a: Kleavor|Stone Axe|p2a: Iron Hands\n|-resisted|p2a: Iron Hands\n|-damage|p2a: Iron Hands|79\/100\n|-sidestart|p2: zeonteo|move: Stealth Rock\n|-damage|p1a: Kleavor|91\/100|[from] item: Life Orb\n|move|p2a: Iron Hands|Thunder Punch|p1a: Kleavor\n|-crit|p1a: Kleavor\n|-damage|p1a: Kleavor|0 fnt\n|faint|p1a: Kleavor\n|\n|upkeep\n|\n|t:|1700594482\n|switch|p1a: Crobat|Crobat, M|100\/100\n|turn|2\n|\n|t:|1700594490\n|move|p1a: Crobat|Confuse Ray|p2a: Iron Hands\n|-start|p2a: Iron Hands|confusion\n|-activate|p2a: Iron Hands|confusion\n|move|p2a: Iron Hands|Ice Punch|p1a: Crobat\n|-supereffective|p1a: Crobat\n|-damage|p1a: Crobat|3\/100\n|-enditem|p1a: Crobat|Sitrus Berry|[eat]\n|-heal|p1a: Crobat|28\/100|[from] item: Sitrus Berry\n|\n|upkeep\n|turn|3\n|\n|t:|1700594503\n|move|p1a: Crobat|Acrobatics|p2a: Iron Hands\n|-damage|p2a: Iron Hands|50\/100\n|-end|p2a: Iron Hands|confusion\n|move|p2a: Iron Hands|Thunder Punch|p1a: Crobat\n|-supereffective|p1a: Crobat\n|-damage|p1a: Crobat|0 fnt\n|faint|p1a: Crobat\n|\n|upkeep\n|\n|t:|1700594514\n|switch|p1a: Gallade|Gallade, M|100\/100\n|turn|4\n|\n|t:|1700594518\n|-end|p2a: Iron Hands|Quark Drive|[silent]\n|switch|p2a: Iron Jugulis|Iron Jugulis|100\/100\n|-damage|p2a: Iron Jugulis|76\/100|[from] Stealth Rock\n|-enditem|p2a: Iron Jugulis|Booster Energy\n|-activate|p2a: Iron Jugulis|ability: Quark Drive|[fromitem]\n|-start|p2a: Iron Jugulis|quarkdrivespe\n|move|p1a: Gallade|Psycho Cut|p2a: Iron Jugulis\n|-immune|p2a: Iron Jugulis\n|\n|upkeep\n|turn|5\n|\n|t:|1700594531\n|switch|p1a: Garganacl|Garganacl, M|100\/100\n|move|p2a: Iron Jugulis|Earth Power|p1a: Garganacl\n|-supereffective|p1a: Garganacl\n|-damage|p1a: Garganacl|42\/100\n|\n|-heal|p1a: Garganacl|48\/100|[from] item: Leftovers\n|upkeep\n|turn|6\n|\n|t:|1700594540\n|move|p2a: Iron Jugulis|Earth Power|p1a: Garganacl\n|-supereffective|p1a: Garganacl\n|-damage|p1a: Garganacl|0 fnt\n|faint|p1a: Garganacl\n|\n|upkeep\n|\n|t:|1700594552\n|switch|p1a: Obstagoon|Obstagoon, F|100\/100\n|turn|7\n|\n|t:|1700594566\n|move|p2a: Iron Jugulis|Flamethrower|p1a: Obstagoon\n|-damage|p1a: Obstagoon|61\/100\n|move|p1a: Obstagoon|Facade|p2a: Iron Jugulis\n|-damage|p2a: Iron Jugulis|41\/100\n|\n|-status|p1a: Obstagoon|brn|[from] item: Flame Orb\n|upkeep\n|turn|8\n|\n|t:|1700594579\n|move|p2a: Iron Jugulis|Earth Power|p1a: Obstagoon\n|-damage|p1a: Obstagoon|27\/100 brn\n|move|p1a: Obstagoon|Facade|p2a: Iron Jugulis\n|-damage|p2a: Iron Jugulis|0 fnt\n|faint|p2a: Iron Jugulis\n|-end|p2a: Iron Jugulis|Quark Drive|[silent]\n|\n|-damage|p1a: Obstagoon|21\/100 brn|[from] brn\n|upkeep\n|\n|t:|1700594601\n|switch|p2a: Iron Moth|Iron Moth|100\/100\n|-damage|p2a: Iron Moth|76\/100|[from] Stealth Rock\n|-enditem|p2a: Iron Moth|Booster Energy\n|-activate|p2a: Iron Moth|ability: Quark Drive|[fromitem]\n|-start|p2a: Iron Moth|quarkdrivespe\n|turn|9\n|\n|t:|1700594608\n|move|p2a: Iron Moth|Fiery Dance|p1a: Obstagoon\n|-damage|p1a: Obstagoon|0 fnt\n|-boost|p2a: Iron Moth|spa|1\n|faint|p1a: Obstagoon\n|\n|upkeep\n|\n|t:|1700594613\n|switch|p1a: Ogerpon|Ogerpon-Cornerstone, F|100\/100\n|turn|10\n|\n|t:|1700594623\n|-terastallize|p1a: Ogerpon|Rock\n|detailschange|p1a: Ogerpon|Ogerpon-Cornerstone-Tera, F, tera:Rock\n|-ability|p1a: Ogerpon|Embody Aspect (Cornerstone)|boost\n|-boost|p1a: Ogerpon|def|1\n|move|p2a: Iron Moth|Sludge Wave|p1a: Ogerpon\n|-resisted|p1a: Ogerpon\n|-damage|p1a: Ogerpon|62\/100\n|move|p1a: Ogerpon|Ivy Cudgel|p2a: Iron Moth|[anim] Ivy Cudgel Rock\n|-supereffective|p2a: Iron Moth\n|-crit|p2a: Iron Moth\n|-damage|p2a: Iron Moth|0 fnt\n|faint|p2a: Iron Moth\n|-end|p2a: Iron Moth|Quark Drive|[silent]\n|\n|upkeep\n|\n|t:|1700594642\n|switch|p2a: Tapu Koko|Tapu Koko|100\/100\n|-damage|p2a: Tapu Koko|88\/100|[from] Stealth Rock\n|-fieldstart|move: Electric Terrain|[from] ability: Electric Surge|[of] p2a: Tapu Koko\n|turn|11\n|\n|t:|1700594650\n|move|p2a: Tapu Koko|Volt Switch|p1a: Ogerpon\n|-damage|p1a: Ogerpon|15\/100\n|\n|t:|1700594658\n|switch|p2a: Iron Treads|Iron Treads|100\/100|[from] Volt Switch\n|-damage|p2a: Iron Treads|97\/100|[from] Stealth Rock\n|-activate|p2a: Iron Treads|ability: Quark Drive\n|-start|p2a: Iron Treads|quarkdriveatk\n|move|p1a: Ogerpon|Ivy Cudgel|p2a: Iron Treads|[anim] Ivy Cudgel Rock\n|-resisted|p2a: Iron Treads\n|-damage|p2a: Iron Treads|79\/100\n|\n|upkeep\n|turn|12\n|\n|t:|1700594670\n|move|p1a: Ogerpon|Knock Off|p2a: Iron Treads\n|-damage|p2a: Iron Treads|55\/100\n|move|p2a: Iron Treads|Rapid Spin|p1a: Ogerpon\n|-resisted|p1a: Ogerpon\n|-damage|p1a: Ogerpon|5\/100\n|-boost|p2a: Iron Treads|spe|1\n|-sideend|p2: zeonteo|Stealth Rock|[from] move: Rapid Spin|[of] p2a: Iron Treads\n|\n|upkeep\n|turn|13\n|\n|t:|1700594684\n|move|p2a: Iron Treads|Ice Spinner|p1a: Ogerpon\n|-damage|p1a: Ogerpon|0 fnt\n|-fieldend|move: Electric Terrain\n|-end|p2a: Iron Treads|Quark Drive\n|-enditem|p2a: Iron Treads|Booster Energy\n|-activate|p2a: Iron Treads|ability: Quark Drive|[fromitem]\n|-start|p2a: Iron Treads|quarkdrivespe\n|faint|p1a: Ogerpon\n|\n|upkeep\n|\n|t:|1700594687\n|switch|p1a: Gallade|Gallade, M|100\/100\n|turn|14\n|\n|t:|1700594701\n|move|p2a: Iron Treads|Earthquake|p1a: Gallade\n|-damage|p1a: Gallade|13\/100\n|move|p1a: Gallade|Sacred Sword|p2a: Iron Treads\n|-supereffective|p2a: Iron Treads\n|-damage|p2a: Iron Treads|0 fnt\n|faint|p2a: Iron Treads\n|-end|p2a: Iron Treads|Quark Drive|[silent]\n|\n|upkeep\n|\n|t:|1700594717\n|switch|p2a: Tapu Koko|Tapu Koko|88\/100\n|-fieldstart|move: Electric Terrain|[from] ability: Electric Surge|[of] p2a: Tapu Koko\n|turn|15\n|\n|t:|1700594724\n|move|p1a: Gallade|Sacred Sword|p2a: Tapu Koko\n|-resisted|p2a: Tapu Koko\n|-damage|p2a: Tapu Koko|39\/100\n|move|p2a: Tapu Koko|Volt Switch|p1a: Gallade\n|-damage|p1a: Gallade|0 fnt\n|faint|p1a: Gallade\n|\n|win|zeonteo\n|raw|Motorgis3534's rating: 1261 &rarr; <strong>1241<\/strong><br \/>(-20 for losing)\n|raw|zeonteo's rating: 1327 &rarr; <strong>1343<\/strong><br \/>(+16 for winning)\n|l|\u2606Motorgis3534\n","uploadtime":1700594742,"views":4,"p1id":"motorgis3534","p2id":"zeonteo","formatid":"gen9nationaldex","rating":1241,"private":0,"password":""}