{"id":"gen9nationaldex-1990289675","p1":"FlyingSudowoodo","p2":"CharonsFerry596","format":"[Gen 9] National Dex","log":"|j|\u2606FlyingSudowoodo\n|j|\u2606CharonsFerry596\n|t:|1699951455\n|gametype|singles\n|player|p1|FlyingSudowoodo|cheren|1447\n|player|p2|CharonsFerry596|veteran|1433\n|teamsize|p1|6\n|teamsize|p2|6\n|gen|9\n|tier|[Gen 9] National Dex\n|rated|\n|rule|HP Percentage Mod: HP is shown in percentages\n|rule|Endless Battle Clause: Forcing endless battles is banned\n|rule|OHKO Clause: OHKO moves are banned\n|rule|Evasion Clause: Evasion abilities, items, and moves are banned\n|rule|Evasion Abilities Clause: Evasion abilities are banned\n|rule|Evasion Items Clause: Evasion items are banned\n|rule|Evasion Moves Clause: Evasion moves are banned\n|rule|Species Clause: Limit one of each Pok\u00e9mon\n|rule|Sleep Clause Mod: Limit one foe put to sleep\n|clearpoke\n|poke|p1|Ribombee, F|\n|poke|p1|Glimmora, M|\n|poke|p1|Great Tusk|\n|poke|p1|Enamorus, F|\n|poke|p1|Samurott-Hisui, F|\n|poke|p1|Iron Moth|\n|poke|p2|Toxapex, M|\n|poke|p2|Ferrothorn, M|\n|poke|p2|Zapdos|\n|poke|p2|Barraskewda, F|\n|poke|p2|Chandelure, M|\n|poke|p2|Bisharp, M|\n|teampreview\n|inactive|Battle timer is ON: inactive players will automatically lose when time's up. (requested by FlyingSudowoodo)\n|\n|t:|1699951496\n|start\n|switch|p1a: Ribombee|Ribombee, F|100\/100\n|switch|p2a: Chuck|Zapdos, shiny|100\/100\n|turn|1\n|\n|t:|1699951501\n|move|p1a: Ribombee|Sticky Web|p2a: Chuck\n|-sidestart|p2: CharonsFerry596|move: Sticky Web\n|move|p2a: Chuck|Volt Switch|p1a: Ribombee\n|-damage|p1a: Ribombee|46\/100\n|\n|t:|1699951508\n|switch|p2a: Dingus|Ferrothorn, M|100\/100|[from] Volt Switch\n|-activate|p2a: Dingus|move: Sticky Web\n|-unboost|p2a: Dingus|spe|1\n|\n|upkeep\n|turn|2\n|\n|t:|1699951521\n|switch|p1a: Enamorus|Enamorus, F|100\/100\n|move|p2a: Dingus|Stealth Rock|p1a: Enamorus\n|-sidestart|p1: FlyingSudowoodo|move: Stealth Rock\n|\n|upkeep\n|turn|3\n|\n|t:|1699951528\n|switch|p2a: Piton|Toxapex, M|100\/100\n|-activate|p2a: Piton|move: Sticky Web\n|-unboost|p2a: Piton|spe|1\n|move|p1a: Enamorus|Mystical Fire|p2a: Piton\n|-resisted|p2a: Piton\n|-damage|p2a: Piton|91\/100\n|-unboost|p2a: Piton|spa|1\n|\n|upkeep\n|turn|4\n|\n|t:|1699951536\n|switch|p1a: Glimmora|Glimmora, M|100\/100\n|-damage|p1a: Glimmora|88\/100|[from] Stealth Rock\n|-item|p1a: Glimmora|Air Balloon\n|move|p2a: Piton|Toxic|p1a: Glimmora\n|-immune|p1a: Glimmora\n|\n|upkeep\n|turn|5\n|\n|t:|1699951547\n|switch|p2a: Chuck|Zapdos, shiny|100\/100\n|move|p1a: Glimmora|Mortal Spin|p2a: Chuck\n|-damage|p2a: Chuck|96\/100\n|-status|p2a: Chuck|psn\n|-sideend|p1: FlyingSudowoodo|Stealth Rock|[from] move: Mortal Spin|[of] p1a: Glimmora\n|\n|-damage|p2a: Chuck|83\/100 psn|[from] psn\n|upkeep\n|turn|6\n|\n|t:|1699951557\n|move|p1a: Glimmora|Power Gem|p2a: Chuck\n|-supereffective|p2a: Chuck\n|-damage|p2a: Chuck|23\/100 psn\n|move|p2a: Chuck|Volt Switch|p1a: Glimmora\n|-damage|p1a: Glimmora|50\/100\n|-enditem|p1a: Glimmora|Air Balloon\n|\n|t:|1699951584\n|switch|p2a: Javelina|Barraskewda, F|100\/100|[from] Volt Switch\n|-activate|p2a: Javelina|move: Sticky Web\n|-unboost|p2a: Javelina|spe|1\n|\n|upkeep\n|turn|7\n|c|\u2606CharonsFerry596|!data glimmora\n|raw|<div class=\"message\"><ul class=\"utilichart\"><li class=\"result\"><span class=\"col numcol\">OU<\/span> <span class=\"col iconcol\"><psicon pokemon=\"glimmora\"\/><\/span> <span class=\"col pokemonnamecol\" style=\"white-space:nowrap\"><a href=\"https:\/\/dex.pokemonshowdown.com\/pokemon\/glimmora\" target=\"_blank\">Glimmora<\/a><\/span> <span class=\"col typecol\"><img src=\"https:\/\/play.pokemonshowdown.com\/sprites\/types\/Rock.png\" alt=\"Rock\" height=\"14\" width=\"32\"><img src=\"https:\/\/play.pokemonshowdown.com\/sprites\/types\/Poison.png\" alt=\"Poison\" height=\"14\" width=\"32\"><\/span> <span style=\"float:left;min-height:26px\"><span class=\"col abilitycol\">Toxic Debris<\/span><span class=\"col abilitycol\"><em>Corrosion<\/em><\/span><\/span><span style=\"float:left;min-height:26px\"><span class=\"col statcol\"><em>HP<\/em><br \/>83<\/span> <span class=\"col statcol\"><em>Atk<\/em><br \/>55<\/span> <span class=\"col statcol\"><em>Def<\/em><br \/>90<\/span> <span class=\"col statcol\"><em>SpA<\/em><br \/>130<\/span> <span class=\"col statcol\"><em>SpD<\/em><br \/>81<\/span> <span class=\"col statcol\"><em>Spe<\/em><br \/>86<\/span> <span class=\"col bstcol\"><em>BST<br \/>525<\/em><\/span> <\/span><\/li><li style=\"clear:both\"><\/li><\/ul><\/div>\n\n|inactive|CharonsFerry596 has 120 seconds left.\n|\n|t:|1699951615\n|switch|p2a: Dingus|Ferrothorn, M|100\/100\n|-activate|p2a: Dingus|move: Sticky Web\n|-unboost|p2a: Dingus|spe|1\n|move|p1a: Glimmora|Stealth Rock|p2a: Dingus\n|-sidestart|p2: CharonsFerry596|move: Stealth Rock\n|\n|upkeep\n|turn|8\n|\n|t:|1699951625\n|switch|p1a: Samurott|Samurott-Hisui, F|100\/100\n|move|p2a: Dingus|Power Whip|p1a: Samurott\n|-supereffective|p1a: Samurott\n|-damage|p1a: Samurott|0 fnt\n|faint|p1a: Samurott\n|\n|upkeep\n|\n|t:|1699951636\n|switch|p1a: Enamorus|Enamorus, F|100\/100\n|turn|9\n|\n|t:|1699951645\n|move|p1a: Enamorus|Mystical Fire|p2a: Dingus\n|-supereffective|p2a: Dingus\n|-crit|p2a: Dingus\n|-damage|p2a: Dingus|0 fnt\n|faint|p2a: Dingus\n|\n|upkeep\n|\n|t:|1699951648\n|switch|p2a: O.Saki|Bisharp, M|100\/100\n|-activate|p2a: O.Saki|move: Sticky Web\n|-unboost|p2a: O.Saki|spe|1\n|-ability|p2a: O.Saki|Defiant|boost\n|-boost|p2a: O.Saki|atk|2\n|-damage|p2a: O.Saki|94\/100|[from] Stealth Rock\n|turn|10\n|\n|t:|1699951659\n|-terastallize|p2a: O.Saki|Flying\n|move|p1a: Enamorus|Earth Power|p2a: O.Saki\n|-immune|p2a: O.Saki\n|move|p2a: O.Saki|Iron Head|p1a: Enamorus\n|-supereffective|p1a: Enamorus\n|-damage|p1a: Enamorus|0 fnt\n|-start|p2a: O.Saki|Attract|[from] ability: Cute Charm|[of] p1a: Enamorus\n|faint|p1a: Enamorus\n|-end|p2a: O.Saki|Attract|[silent]\n|\n|upkeep\n|\n|t:|1699951673\n|switch|p1a: Ribombee|Ribombee, F|46\/100\n|turn|11\n|\n|t:|1699951681\n|move|p1a: Ribombee|Toxic|p2a: O.Saki\n|-status|p2a: O.Saki|tox\n|move|p2a: O.Saki|Iron Head|p1a: Ribombee\n|-supereffective|p1a: Ribombee\n|-damage|p1a: Ribombee|0 fnt\n|faint|p1a: Ribombee\n|\n|-damage|p2a: O.Saki|88\/100 tox|[from] psn\n|upkeep\n|\n|t:|1699951688\n|switch|p1a: Great Tusk|Great Tusk|100\/100\n|turn|12\n|\n|t:|1699951693\n|move|p1a: Great Tusk|Bulk Up|p1a: Great Tusk\n|-boost|p1a: Great Tusk|atk|1\n|-boost|p1a: Great Tusk|def|1\n|move|p2a: O.Saki|Swords Dance|p2a: O.Saki\n|-boost|p2a: O.Saki|atk|2\n|\n|-damage|p2a: O.Saki|76\/100 tox|[from] psn\n|upkeep\n|turn|13\n|\n|t:|1699951704\n|move|p1a: Great Tusk|Ice Spinner|p2a: O.Saki\n|-supereffective|p2a: O.Saki\n|-damage|p2a: O.Saki|28\/100 tox\n|move|p2a: O.Saki|Iron Head|p1a: Great Tusk\n|-damage|p1a: Great Tusk|57\/100\n|\n|-heal|p1a: Great Tusk|64\/100|[from] item: Leftovers\n|-damage|p2a: O.Saki|9\/100 tox|[from] psn\n|upkeep\n|turn|14\n|\n|t:|1699951713\n|move|p2a: O.Saki|Sucker Punch||[still]\n|-fail|p2a: O.Saki\n|move|p1a: Great Tusk|Bulk Up|p1a: Great Tusk\n|-boost|p1a: Great Tusk|atk|1\n|-boost|p1a: Great Tusk|def|1\n|\n|-heal|p1a: Great Tusk|70\/100|[from] item: Leftovers\n|-damage|p2a: O.Saki|0 fnt|[from] psn\n|faint|p2a: O.Saki\n|upkeep\n|\n|t:|1699951729\n|switch|p2a: Crisp|Chandelure, M|100\/100\n|-activate|p2a: Crisp|move: Sticky Web\n|-unboost|p2a: Crisp|spe|1\n|-damage|p2a: Crisp|76\/100|[from] Stealth Rock\n|turn|15\n|-message|CharonsFerry596 forfeited.\n|\n|win|FlyingSudowoodo\n|raw|FlyingSudowoodo's rating: 1447 &rarr; <strong>1466<\/strong><br \/>(+19 for winning)\n|raw|CharonsFerry596's rating: 1433 &rarr; <strong>1414<\/strong><br \/>(-19 for losing)\n|l|\u2606CharonsFerry596\n","uploadtime":1699951746,"views":4,"p1id":"flyingsudowoodo","p2id":"charonsferry596","formatid":"gen9nationaldex","rating":1414,"private":0,"password":""}