{"id":"gen9nationaldex-1987959200","p1":"Urfavegirly","p2":"DeltaTM06","format":"[Gen 9] National Dex","log":"|j|\u2606Urfavegirly\n|j|\u2606DeltaTM06\n|t:|1699653247\n|gametype|singles\n|player|p1|Urfavegirly|cynthia-gen4|1000\n|player|p2|DeltaTM06|erika|1068\n|teamsize|p1|6\n|teamsize|p2|6\n|gen|9\n|tier|[Gen 9] National Dex\n|rated|\n|rule|HP Percentage Mod: HP is shown in percentages\n|rule|Endless Battle Clause: Forcing endless battles is banned\n|rule|OHKO Clause: OHKO moves are banned\n|rule|Evasion Clause: Evasion abilities, items, and moves are banned\n|rule|Evasion Abilities Clause: Evasion abilities are banned\n|rule|Evasion Items Clause: Evasion items are banned\n|rule|Evasion Moves Clause: Evasion moves are banned\n|rule|Species Clause: Limit one of each Pok\u00e9mon\n|rule|Sleep Clause Mod: Limit one foe put to sleep\n|clearpoke\n|poke|p1|Charizard, F|\n|poke|p1|Chandelure, M|\n|poke|p1|Marowak-Alola, M|\n|poke|p1|Volcarona, F|\n|poke|p1|Pyroar, F|\n|poke|p1|Centiskorch, M|\n|poke|p2|Mamoswine, M|\n|poke|p2|Darmanitan, F|\n|poke|p2|Slowking-Galar, M|\n|poke|p2|Ambipom, F|\n|poke|p2|Sawsbuck-Winter, M|\n|poke|p2|Krookodile, F|\n|teampreview\n|inactive|Battle timer is ON: inactive players will automatically lose when time's up. (requested by Urfavegirly)\n|c|\u2606DeltaTM06|ayo mono fire?!\n|c|\u2606Urfavegirly|I LOVE FIRE\n|c|\u2606Urfavegirly|MWAHAHHAHA\n|c|\u2606DeltaTM06|based\n|c|\u2606Urfavegirly|tyty\n|\n|t:|1699653277\n|start\n|switch|p1a: Centiskorch|Centiskorch, M, shiny|100\/100\n|switch|p2a: Slappy Doo|Ambipom, F, shiny|100\/100\n|turn|1\n|c|\u2606DeltaTM06|I asked a bunch of friends on twitter to give me a random pokemon and this is what they all gave me lmao\n|\n|t:|1699653305\n|move|p2a: Slappy Doo|Fake Out|p1a: Centiskorch\n|-damage|p1a: Centiskorch|67\/100\n|cant|p1a: Centiskorch|flinch\n|\n|upkeep\n|turn|2\n|c|\u2606Urfavegirly|ooo\n|\n|t:|1699653311\n|move|p2a: Slappy Doo|Tail Slap|p1a: Centiskorch\n|-damage|p1a: Centiskorch|47\/100\n|-damage|p1a: Centiskorch|28\/100\n|-damage|p1a: Centiskorch|10\/100\n|-damage|p1a: Centiskorch|0 fnt\n|faint|p1a: Centiskorch\n|-hitcount|p1: Centiskorch|4\n|\n|upkeep\n|\n|t:|1699653320\n|switch|p1a: Chandelure|Chandelure, M, shiny|100\/100\n|turn|3\n|\n|t:|1699653326\n|switch|p2a: Need some dome rn|Slowking-Galar, M|100\/100\n|move|p1a: Chandelure|Calm Mind|p1a: Chandelure\n|-boost|p1a: Chandelure|spa|1\n|-boost|p1a: Chandelure|spd|1\n|\n|upkeep\n|turn|4\n|\n|t:|1699653335\n|move|p1a: Chandelure|Shadow Ball|p2a: Need some dome rn\n|-supereffective|p2a: Need some dome rn\n|-damage|p2a: Need some dome rn|44\/100\n|move|p2a: Need some dome rn|Future Sight|p1a: Chandelure\n|-start|p2a: Need some dome rn|move: Future Sight\n|\n|upkeep\n|turn|5\n|\n|t:|1699653345\n|switch|p2a: Slappy Doo|Ambipom, F, shiny|100\/100\n|move|p1a: Chandelure|Fire Blast|p2a: Slappy Doo|[miss]\n|-miss|p1a: Chandelure|p2a: Slappy Doo\n|\n|upkeep\n|turn|6\n|c|\u2606DeltaTM06|rip good read\n|\n|t:|1699653354\n|move|p2a: Slappy Doo|Knock Off|p1a: Chandelure\n|-supereffective|p1a: Chandelure\n|-damage|p1a: Chandelure|19\/100\n|-enditem|p1a: Chandelure|Charcoal|[from] move: Knock Off|[of] p2a: Slappy Doo\n|move|p1a: Chandelure|Fire Blast|p2a: Slappy Doo\n|-damage|p2a: Slappy Doo|0 fnt\n|faint|p2a: Slappy Doo\n|\n|-end|p1a: Chandelure|move: Future Sight\n|-damage|p1a: Chandelure|0 fnt\n|faint|p1a: Chandelure\n|upkeep\n|c|\u2606Urfavegirly|tyty\n|c|\u2606Urfavegirly|OH NO\n|\n|t:|1699653370\n|switch|p2a: Hail to the King|Krookodile, F|100\/100\n|switch|p1a: Marowak|Marowak-Alola, M, shiny|100\/100\n|turn|7\n|c|\u2606DeltaTM06|I love future sight\n|c|\u2606Urfavegirly|i forgot about future sight ;-;\n|inactive|Urfavegirly has 120 seconds left.\n|\n|t:|1699653396\n|-terastallize|p2a: Hail to the King|Dark\n|move|p2a: Hail to the King|Knock Off|p1a: Marowak\n|-supereffective|p1a: Marowak\n|-damage|p1a: Marowak|0 fnt\n|-enditem|p1a: Marowak|Thick Club|[from] move: Knock Off|[of] p2a: Hail to the King\n|faint|p1a: Marowak\n|-ability|p2a: Hail to the King|Moxie|boost\n|-boost|p2a: Hail to the King|atk|1\n|\n|upkeep\n|inactive|Urfavegirly has 120 seconds left.\n|\n|t:|1699653403\n|switch|p1a: Pyroar|Pyroar, F, shiny|100\/100\n|turn|8\n|\n|t:|1699653409\n|move|p2a: Hail to the King|Knock Off|p1a: Pyroar\n|-damage|p1a: Pyroar|0 fnt\n|-enditem|p1a: Pyroar|Heavy-Duty Boots|[from] move: Knock Off|[of] p2a: Hail to the King\n|faint|p1a: Pyroar\n|-ability|p2a: Hail to the King|Moxie|boost\n|-boost|p2a: Hail to the King|atk|1\n|\n|upkeep\n|\n|t:|1699653416\n|switch|p1a: Volcarona|Volcarona, F, shiny|100\/100\n|turn|9\n|\n|t:|1699653423\n|-terastallize|p1a: Volcarona|Bug\n|move|p2a: Hail to the King|Knock Off|p1a: Volcarona\n|-damage|p1a: Volcarona|0 fnt\n|-enditem|p1a: Volcarona|Shell Bell|[from] move: Knock Off|[of] p2a: Hail to the King\n|faint|p1a: Volcarona\n|-ability|p2a: Hail to the King|Moxie|boost\n|-boost|p2a: Hail to the King|atk|1\n|\n|upkeep\n|\n|t:|1699653430\n|switch|p1a: Charizard|Charizard, F, shiny|100\/100\n|turn|10\n|\n|t:|1699653435\n|detailschange|p1a: Charizard|Charizard-Mega-X, F, shiny\n|-mega|p1a: Charizard|Charizard|Charizardite X\n|move|p2a: Hail to the King|Knock Off|p1a: Charizard\n|-damage|p1a: Charizard|0 fnt\n|faint|p1a: Charizard\n|\n|win|DeltaTM06\n|raw|Urfavegirly's rating: 1000 &rarr; <strong>1000<\/strong><br \/>(+0 for losing)\n|raw|DeltaTM06's rating: 1068 &rarr; <strong>1092<\/strong><br \/>(+24 for winning)\n|c|\u2606DeltaTM06|krook my GOAT\n|c|\u2606DeltaTM06|GG\n|c|\u2606Urfavegirly|OOOOF\n|c|\u2606Urfavegirly|GG\n|l|\u2606Urfavegirly\n","uploadtime":1699653447,"views":10,"p1id":"urfavegirly","p2id":"deltatm06","formatid":"gen9nationaldex","rating":1000,"private":0,"password":""}