{"id":"gen9nationaldex-1991726034","p1":"FisheePhishee","p2":"PapaPena","format":"[Gen 9] National Dex","log":"|j|\u2606FisheePhishee\n|j|\u2606PapaPena\n|t:|1700107469\n|gametype|singles\n|player|p1|FisheePhishee|1|\n|player|p2|PapaPena|roughneck|\n|teamsize|p1|6\n|teamsize|p2|6\n|gen|9\n|tier|[Gen 9] National Dex\n|rule|HP Percentage Mod: HP is shown in percentages\n|rule|Endless Battle Clause: Forcing endless battles is banned\n|rule|OHKO Clause: OHKO moves are banned\n|rule|Evasion Clause: Evasion abilities, items, and moves are banned\n|rule|Evasion Abilities Clause: Evasion abilities are banned\n|rule|Evasion Items Clause: Evasion items are banned\n|rule|Evasion Moves Clause: Evasion moves are banned\n|rule|Species Clause: Limit one of each Pok\u00e9mon\n|rule|Sleep Clause Mod: Limit one foe put to sleep\n|clearpoke\n|poke|p1|Toxapex, F|\n|poke|p1|Ceruledge, M|\n|poke|p1|Slither Wing|\n|poke|p1|Vivillon, F|\n|poke|p1|Krokorok, M|\n|poke|p1|Gogoat, M|\n|poke|p2|Moltres|\n|poke|p2|Tornadus-Therian, M|\n|poke|p2|Klefki, M|\n|poke|p2|Eelektross, M|\n|poke|p2|Lycanroc-Midnight, M|\n|poke|p2|Toedscool, M|\n|teampreview\n|\n|t:|1700107524\n|start\n|switch|p1a: Gogoat|Gogoat, M|100\/100\n|switch|p2a: Lycanroc|Lycanroc-Midnight, M|100\/100\n|turn|1\n|\n|t:|1700107547\n|move|p2a: Lycanroc|Fire Punch|p1a: Gogoat\n|-supereffective|p1a: Gogoat\n|-damage|p1a: Gogoat|36\/100\n|move|p1a: Gogoat|Horn Leech|p2a: Lycanroc\n|-supereffective|p2a: Lycanroc\n|-damage|p2a: Lycanroc|0 fnt\n|-heal|p1a: Gogoat|71\/100|[from] drain|[of] p2a: Lycanroc\n|faint|p2a: Lycanroc\n|\n|upkeep\n|\n|t:|1700107569\n|switch|p2a: Klefki|Klefki, M|100\/100\n|turn|2\n|\n|t:|1700107579\n|move|p2a: Klefki|Spikes|p1a: Gogoat\n|-sidestart|p1: FisheePhishee|Spikes\n|move|p1a: Gogoat|Milk Drink|p1a: Gogoat\n|-heal|p1a: Gogoat|100\/100\n|\n|upkeep\n|turn|3\n|\n|t:|1700107594\n|move|p2a: Klefki|Spikes|p1a: Gogoat\n|-sidestart|p1: FisheePhishee|Spikes\n|move|p1a: Gogoat|Brick Break|p2a: Klefki\n|-damage|p2a: Klefki|82\/100\n|\n|upkeep\n|turn|4\n|\n|t:|1700107602\n|switch|p2a: what dat mouth do|Eelektross, M|100\/100\n|move|p1a: Gogoat|Horn Leech|p2a: what dat mouth do\n|-damage|p2a: what dat mouth do|59\/100\n|\n|upkeep\n|turn|5\n|\n|t:|1700107612\n|move|p1a: Gogoat|Brick Break|p2a: what dat mouth do\n|-damage|p2a: what dat mouth do|31\/100\n|move|p2a: what dat mouth do|Outrage|p1a: Gogoat\n|-damage|p1a: Gogoat|28\/100\n|\n|upkeep\n|turn|6\n|\n|t:|1700107619\n|move|p1a: Gogoat|Horn Leech|p2a: what dat mouth do\n|-damage|p2a: what dat mouth do|0 fnt\n|-heal|p1a: Gogoat|40\/100|[from] drain|[of] p2a: what dat mouth do\n|faint|p2a: what dat mouth do\n|\n|upkeep\n|\n|t:|1700107628\n|switch|p2a: squeeward|Toedscool, M|100\/100\n|turn|7\n|\n|t:|1700107644\n|move|p2a: squeeward|Knock Off|p1a: Gogoat\n|-crit|p1a: Gogoat\n|-damage|p1a: Gogoat|23\/100\n|-enditem|p1a: Gogoat|Coba Berry|[from] move: Knock Off|[of] p2a: squeeward\n|move|p1a: Gogoat|Milk Drink|p1a: Gogoat\n|-heal|p1a: Gogoat|73\/100\n|\n|upkeep\n|turn|8\n|\n|t:|1700107662\n|switch|p2a: flame-ingo|Moltres, shiny|100\/100\n|switch|p1a: Ceruledge|Ceruledge, M, shiny|100\/100\n|-damage|p1a: Ceruledge|84\/100|[from] Spikes\n|\n|upkeep\n|turn|9\n|\n|t:|1700107690\n|switch|p1a: Krokorok|Krokorok, M|100\/100\n|-damage|p1a: Krokorok|84\/100|[from] Spikes\n|-ability|p1a: Krokorok|Intimidate|boost\n|-unboost|p2a: flame-ingo|atk|1\n|move|p2a: flame-ingo|Scorching Sands|p1a: Krokorok\n|-damage|p1a: Krokorok|53\/100\n|-status|p1a: Krokorok|brn\n|\n|-damage|p1a: Krokorok|47\/100 brn|[from] brn\n|upkeep\n|turn|10\n|\n|t:|1700107726\n|switch|p2a: squeeward|Toedscool, M|100\/100\n|move|p1a: Krokorok|Stone Edge|p2a: squeeward|[miss]\n|-miss|p1a: Krokorok|p2a: squeeward\n|\n|-damage|p1a: Krokorok|41\/100 brn|[from] brn\n|upkeep\n|turn|11\n|\n|t:|1700107762\n|move|p1a: Krokorok|Knock Off|p2a: squeeward\n|-damage|p2a: squeeward|68\/100\n|-enditem|p2a: squeeward|Eviolite|[from] move: Knock Off|[of] p1a: Krokorok\n|move|p2a: squeeward|Leech Seed|p1a: Krokorok\n|-start|p1a: Krokorok|move: Leech Seed\n|\n|-damage|p1a: Krokorok|28\/100 brn|[from] Leech Seed|[of] p2a: squeeward\n|-heal|p2a: squeeward|79\/100|[silent]\n|-damage|p1a: Krokorok|22\/100 brn|[from] brn\n|upkeep\n|turn|12\n|\n|t:|1700107777\n|switch|p1a: Ceruledge|Ceruledge, M, shiny|84\/100\n|-damage|p1a: Ceruledge|68\/100|[from] Spikes\n|move|p2a: squeeward|Knock Off|p1a: Ceruledge\n|-supereffective|p1a: Ceruledge\n|-damage|p1a: Ceruledge|36\/100\n|-enditem|p1a: Ceruledge|Expert Belt|[from] move: Knock Off|[of] p2a: squeeward\n|\n|upkeep\n|turn|13\n|\n|t:|1700107805\n|switch|p2a: flame-ingo|Moltres, shiny|100\/100\n|move|p1a: Ceruledge|Close Combat|p2a: flame-ingo\n|-resisted|p2a: flame-ingo\n|-damage|p2a: flame-ingo|79\/100\n|-unboost|p1a: Ceruledge|def|1\n|-unboost|p1a: Ceruledge|spd|1\n|\n|upkeep\n|turn|14\n|\n|t:|1700107815\n|switch|p1a: Krokorok|Krokorok, M|22\/100 brn\n|-damage|p1a: Krokorok|6\/100 brn|[from] Spikes\n|-ability|p1a: Krokorok|Intimidate|boost\n|-unboost|p2a: flame-ingo|atk|1\n|move|p2a: flame-ingo|Scorching Sands|p1a: Krokorok\n|-damage|p1a: Krokorok|0 fnt\n|faint|p1a: Krokorok\n|\n|upkeep\n|\n|t:|1700107838\n|switch|p1a: Vivillon|Vivillon, F|100\/100\n|turn|15\n|\n|t:|1700107848\n|move|p1a: Vivillon|Sleep Powder|p2a: flame-ingo\n|-status|p2a: flame-ingo|slp|[from] move: Sleep Powder\n|cant|p2a: flame-ingo|slp\n|\n|upkeep\n|turn|16\n|\n|t:|1700107870\n|move|p1a: Vivillon|Bug Buzz|p2a: flame-ingo\n|-resisted|p2a: flame-ingo\n|-damage|p2a: flame-ingo|73\/100 slp\n|cant|p2a: flame-ingo|slp\n|\n|upkeep\n|turn|17\n|\n|t:|1700107885\n|move|p1a: Vivillon|Hurricane|p2a: flame-ingo\n|-damage|p2a: flame-ingo|44\/100 slp\n|cant|p2a: flame-ingo|slp\n|\n|upkeep\n|turn|18\n|\n|t:|1700107890\n|move|p1a: Vivillon|Hurricane|p2a: flame-ingo\n|-damage|p2a: flame-ingo|18\/100 slp\n|-curestatus|p2a: flame-ingo|slp|[msg]\n|move|p2a: flame-ingo|Roost|p2a: flame-ingo\n|-heal|p2a: flame-ingo|68\/100\n|-singleturn|p2a: flame-ingo|move: Roost\n|\n|upkeep\n|turn|19\n|\n|t:|1700107899\n|move|p1a: Vivillon|Sleep Powder|p2a: flame-ingo\n|-status|p2a: flame-ingo|slp|[from] move: Sleep Powder\n|cant|p2a: flame-ingo|slp\n|\n|upkeep\n|turn|20\n|\n|t:|1700107904\n|move|p1a: Vivillon|Hurricane|p2a: flame-ingo\n|-damage|p2a: flame-ingo|40\/100 slp\n|cant|p2a: flame-ingo|slp\n|\n|upkeep\n|turn|21\n|\n|t:|1700107909\n|move|p1a: Vivillon|Hurricane|p2a: flame-ingo\n|-damage|p2a: flame-ingo|10\/100 slp\n|cant|p2a: flame-ingo|slp\n|\n|upkeep\n|turn|22\n|\n|t:|1700107917\n|switch|p2a: Klefki|Klefki, M|82\/100\n|move|p1a: Vivillon|Hurricane|p2a: Klefki\n|-resisted|p2a: Klefki\n|-damage|p2a: Klefki|58\/100\n|-start|p2a: Klefki|confusion\n|\n|upkeep\n|turn|23\n|\n|t:|1700107941\n|switch|p1a: Gogoat|Gogoat, M|73\/100\n|-damage|p1a: Gogoat|56\/100|[from] Spikes\n|-activate|p2a: Klefki|confusion\n|-damage|p2a: Klefki|53\/100|[from] confusion\n|\n|upkeep\n|turn|24\n|\n|t:|1700107951\n|-activate|p2a: Klefki|confusion\n|move|p2a: Klefki|Spikes|p1a: Gogoat\n|-sidestart|p1: FisheePhishee|Spikes\n|move|p1a: Gogoat|Brick Break|p2a: Klefki\n|-damage|p2a: Klefki|32\/100\n|\n|upkeep\n|turn|25\n|\n|t:|1700107957\n|-activate|p2a: Klefki|confusion\n|move|p2a: Klefki|Spikes||[still]\n|-fail|p2a: Klefki\n|move|p1a: Gogoat|Milk Drink|p1a: Gogoat\n|-heal|p1a: Gogoat|100\/100\n|\n|upkeep\n|turn|26\n|\n|t:|1700107973\n|switch|p2a: squeeward|Toedscool, M|79\/100\n|move|p1a: Gogoat|Brick Break|p2a: squeeward\n|-damage|p2a: squeeward|15\/100\n|\n|upkeep\n|turn|27\n|\n|t:|1700107991\n|move|p1a: Gogoat|Brick Break|p2a: squeeward\n|-damage|p2a: squeeward|0 fnt\n|faint|p2a: squeeward\n|\n|upkeep\n|\n|t:|1700107996\n|switch|p2a: flame-ingo|Moltres, shiny|10\/100 slp\n|turn|28\n|\n|t:|1700108002\n|-curestatus|p2a: flame-ingo|slp|[msg]\n|move|p2a: flame-ingo|Roost|p2a: flame-ingo\n|-heal|p2a: flame-ingo|60\/100\n|-singleturn|p2a: flame-ingo|move: Roost\n|move|p1a: Gogoat|Rock Slide|p2a: flame-ingo\n|-supereffective|p2a: flame-ingo\n|-damage|p2a: flame-ingo|10\/100\n|\n|upkeep\n|turn|29\n|\n|t:|1700108012\n|move|p2a: flame-ingo|Roost|p2a: flame-ingo\n|-heal|p2a: flame-ingo|60\/100\n|-singleturn|p2a: flame-ingo|move: Roost\n|move|p1a: Gogoat|Rock Slide|p2a: flame-ingo\n|-supereffective|p2a: flame-ingo\n|-damage|p2a: flame-ingo|17\/100\n|\n|upkeep\n|turn|30\n|\n|t:|1700108022\n|move|p2a: flame-ingo|Roost|p2a: flame-ingo\n|-heal|p2a: flame-ingo|67\/100\n|-singleturn|p2a: flame-ingo|move: Roost\n|move|p1a: Gogoat|Rock Slide|p2a: flame-ingo\n|-supereffective|p2a: flame-ingo\n|-damage|p2a: flame-ingo|19\/100\n|\n|upkeep\n|turn|31\n|\n|t:|1700108029\n|move|p2a: flame-ingo|Roost|p2a: flame-ingo\n|-heal|p2a: flame-ingo|69\/100\n|-singleturn|p2a: flame-ingo|move: Roost\n|move|p1a: Gogoat|Rock Slide|p2a: flame-ingo\n|-supereffective|p2a: flame-ingo\n|-damage|p2a: flame-ingo|26\/100\n|\n|upkeep\n|turn|32\n|\n|t:|1700108039\n|move|p2a: flame-ingo|Roost|p2a: flame-ingo\n|-heal|p2a: flame-ingo|76\/100\n|-singleturn|p2a: flame-ingo|move: Roost\n|move|p1a: Gogoat|Rock Slide|p2a: flame-ingo\n|-supereffective|p2a: flame-ingo\n|-damage|p2a: flame-ingo|33\/100\n|\n|upkeep\n|turn|33\n|\n|t:|1700108059\n|move|p2a: flame-ingo|Roost|p2a: flame-ingo\n|-heal|p2a: flame-ingo|83\/100\n|-singleturn|p2a: flame-ingo|move: Roost\n|move|p1a: Gogoat|Rock Slide|p2a: flame-ingo\n|-supereffective|p2a: flame-ingo\n|-damage|p2a: flame-ingo|32\/100\n|\n|upkeep\n|turn|34\n|\n|t:|1700108067\n|move|p2a: flame-ingo|Flamethrower|p1a: Gogoat\n|-supereffective|p1a: Gogoat\n|-damage|p1a: Gogoat|35\/100\n|move|p1a: Gogoat|Rock Slide|p2a: flame-ingo\n|-supereffective|p2a: flame-ingo\n|-damage|p2a: flame-ingo|0 fnt\n|faint|p2a: flame-ingo\n|\n|upkeep\n|\n|t:|1700108074\n|switch|p2a: Tornadus|Tornadus-Therian, M|100\/100\n|turn|35\n|\n|t:|1700108085\n|-terastallize|p2a: Tornadus|Ground\n|move|p2a: Tornadus|Bleakwind Storm|p1a: Gogoat|[miss]\n|-miss|p2a: Tornadus|p1a: Gogoat\n|move|p1a: Gogoat|Rock Slide|p2a: Tornadus\n|-resisted|p2a: Tornadus\n|-damage|p2a: Tornadus|83\/100\n|\n|-heal|p2a: Tornadus|89\/100|[from] item: Leftovers\n|upkeep\n|turn|36\n|\n|t:|1700108101\n|switch|p1a: Toxapex|Toxapex, F|100\/100\n|-damage|p1a: Toxapex|75\/100|[from] Spikes\n|move|p2a: Tornadus|Bleakwind Storm|p1a: Toxapex\n|-damage|p1a: Toxapex|40\/100\n|\n|-heal|p2a: Tornadus|95\/100|[from] item: Leftovers\n|-heal|p1a: Toxapex|46\/100|[from] item: Black Sludge\n|upkeep\n|turn|37\n|\n|t:|1700108110\n|move|p2a: Tornadus|Bleakwind Storm|p1a: Toxapex\n|-damage|p1a: Toxapex|8\/100\n|move|p1a: Toxapex|Scald|p2a: Tornadus\n|-supereffective|p2a: Tornadus\n|-damage|p2a: Tornadus|51\/100\n|\n|-heal|p2a: Tornadus|57\/100|[from] item: Leftovers\n|-heal|p1a: Toxapex|14\/100|[from] item: Black Sludge\n|upkeep\n|turn|38\n|\n|t:|1700108119\n|switch|p2a: Klefki|Klefki, M|32\/100\n|move|p1a: Toxapex|Scald|p2a: Klefki\n|-damage|p2a: Klefki|11\/100\n|\n|-heal|p1a: Toxapex|21\/100|[from] item: Black Sludge\n|upkeep\n|turn|39\n|\n|t:|1700108128\n|move|p2a: Klefki|Light Screen|p2a: Klefki\n|-sidestart|p2: PapaPena|move: Light Screen\n|move|p1a: Toxapex|Scald|p2a: Klefki\n|-damage|p2a: Klefki|2\/100\n|\n|-heal|p1a: Toxapex|27\/100|[from] item: Black Sludge\n|upkeep\n|turn|40\n|\n|t:|1700108134\n|move|p2a: Klefki|Reflect|p2a: Klefki\n|-sidestart|p2: PapaPena|Reflect\n|move|p1a: Toxapex|Scald|p2a: Klefki\n|-damage|p2a: Klefki|0 fnt\n|faint|p2a: Klefki\n|\n|-heal|p1a: Toxapex|33\/100|[from] item: Black Sludge\n|upkeep\n|\n|t:|1700108140\n|switch|p2a: Tornadus|Tornadus-Therian, M, tera:Ground|90\/100\n|turn|41\n|\n|t:|1700108152\n|move|p2a: Tornadus|Bleakwind Storm|p1a: Toxapex\n|-damage|p1a: Toxapex|0 fnt\n|faint|p1a: Toxapex\n|\n|-heal|p2a: Tornadus|96\/100|[from] item: Leftovers\n|upkeep\n|\n|t:|1700108164\n|switch|p1a: Slither Wing|Slither Wing|100\/100\n|-damage|p1a: Slither Wing|76\/100|[from] Spikes\n|-enditem|p1a: Slither Wing|Booster Energy\n|-activate|p1a: Slither Wing|ability: Protosynthesis|[fromitem]\n|-start|p1a: Slither Wing|protosynthesisatk\n|turn|42\n|\n|t:|1700108170\n|move|p1a: Slither Wing|First Impression|p2a: Tornadus\n|-damage|p2a: Tornadus|50\/100\n|move|p2a: Tornadus|Bleakwind Storm|p1a: Slither Wing\n|-supereffective|p1a: Slither Wing\n|-damage|p1a: Slither Wing|0 fnt\n|faint|p1a: Slither Wing\n|-end|p1a: Slither Wing|Protosynthesis|[silent]\n|\n|-heal|p2a: Tornadus|56\/100|[from] item: Leftovers\n|upkeep\n|\n|t:|1700108179\n|switch|p1a: Vivillon|Vivillon, F|100\/100\n|turn|43\n|\n|t:|1700108187\n|move|p2a: Tornadus|Bleakwind Storm|p1a: Vivillon\n|-supereffective|p1a: Vivillon\n|-damage|p1a: Vivillon|0 fnt\n|faint|p1a: Vivillon\n|\n|-heal|p2a: Tornadus|62\/100|[from] item: Leftovers\n|upkeep\n|\n|t:|1700108194\n|switch|p1a: Gogoat|Gogoat, M|35\/100\n|-damage|p1a: Gogoat|10\/100|[from] Spikes\n|turn|44\n|\n|t:|1700108212\n|move|p2a: Tornadus|Dark Pulse|p1a: Gogoat\n|-damage|p1a: Gogoat|0 fnt\n|faint|p1a: Gogoat\n|\n|-heal|p2a: Tornadus|68\/100|[from] item: Leftovers\n|upkeep\n|\n|t:|1700108217\n|switch|p1a: Ceruledge|Ceruledge, M, shiny|36\/100\n|-damage|p1a: Ceruledge|11\/100|[from] Spikes\n|turn|45\n|\n|t:|1700108226\n|move|p1a: Ceruledge|Shadow Sneak|p2a: Tornadus\n|-crit|p2a: Tornadus\n|-damage|p2a: Tornadus|28\/100\n|move|p2a: Tornadus|Dark Pulse|p1a: Ceruledge\n|-supereffective|p1a: Ceruledge\n|-damage|p1a: Ceruledge|0 fnt\n|faint|p1a: Ceruledge\n|\n|win|PapaPena\n|l|\u2606FisheePhishee\n","uploadtime":1700108423,"views":6,"p1id":"fisheephishee","p2id":"papapena","formatid":"gen9nationaldex","rating":0,"private":0,"password":""}