{"id":"gen9nationaldex-2000289899","p1":"ikun\u4e00\u4e2a\u771f\u6b63\u7684man","p2":"gen7wins","format":"[Gen 9] National Dex","log":"|html|<div class=\"broadcast-blue\"><strong>[Gen 9] National Dex is currently suspecting Sneasler! For information on how to participate check out the <a href=\"https:\/\/www.smogon.com\/forums\/threads\/sv-national-dex-suspect-8-just-dance.3731534\/\">suspect thread<\/a>.<\/strong><\/div>\n|j|\u2606ikun\u4e00\u4e2a\u771f\u6b63\u7684man\n|j|\u2606gen7wins\n|t:|1701181785\n|gametype|singles\n|player|p1|ikun\u4e00\u4e2a\u771f\u6b63\u7684man|fisherman|1536\n|player|p2|gen7wins|169|1507\n|teamsize|p1|6\n|teamsize|p2|6\n|gen|9\n|tier|[Gen 9] National Dex\n|rated|\n|rule|HP Percentage Mod: HP is shown in percentages\n|rule|Endless Battle Clause: Forcing endless battles is banned\n|rule|OHKO Clause: OHKO moves are banned\n|rule|Evasion Clause: Evasion abilities, items, and moves are banned\n|rule|Evasion Abilities Clause: Evasion abilities are banned\n|rule|Evasion Items Clause: Evasion items are banned\n|rule|Evasion Moves Clause: Evasion moves are banned\n|rule|Species Clause: Limit one of each Pok\u00e9mon\n|rule|Sleep Clause Mod: Limit one foe put to sleep\n|clearpoke\n|poke|p1|Torkoal, F|\n|poke|p1|Venusaur, F|\n|poke|p1|Victini|\n|poke|p1|Hatterene, F|\n|poke|p1|Comfey, M|\n|poke|p1|Great Tusk|\n|poke|p2|Scizor, F|\n|poke|p2|Rillaboom, M|\n|poke|p2|Hippowdon, M|\n|poke|p2|Rotom-Wash|\n|poke|p2|Heatran, F|\n|poke|p2|Greninja-*, M|\n|teampreview\n|inactive|Battle timer is ON: inactive players will automatically lose when time's up. (requested by ikun\u4e00\u4e2a\u771f\u6b63\u7684man)\n|\n|t:|1701181793\n|start\n|switch|p1a: Great Tusk|Great Tusk|100\/100\n|switch|p2a: Rotom|Rotom-Wash|100\/100\n|turn|1\n|\n|t:|1701181799\n|-end|p1a: Great Tusk|Protosynthesis|[silent]\n|switch|p1a: Hatterene|Hatterene, F|100\/100\n|move|p2a: Rotom|Hydro Pump|p1a: Hatterene\n|-damage|p1a: Hatterene|57\/100\n|-enditem|p1a: Hatterene|Eject Button\n|\n|t:|1701181805\n|switch|p1a: Venusaur|Venusaur, F|100\/100\n|\n|upkeep\n|turn|2\n|\n|t:|1701181810\n|move|p2a: Rotom|Volt Switch|p1a: Venusaur\n|-resisted|p1a: Venusaur\n|-damage|p1a: Venusaur|85\/100\n|\n|t:|1701181813\n|switch|p2a: Scizor|Scizor, F|100\/100|[from] Volt Switch\n|move|p1a: Venusaur|Giga Drain|p2a: Scizor\n|-resisted|p2a: Scizor\n|-damage|p2a: Scizor|85\/100\n|-heal|p1a: Venusaur|93\/100|[from] drain|[of] p2a: Scizor\n|-damage|p1a: Venusaur|83\/100|[from] item: Life Orb\n|\n|upkeep\n|turn|3\n|\n|t:|1701181819\n|switch|p1a: Torkoal|Torkoal, F|100\/100\n|-weather|SunnyDay|[from] ability: Drought|[of] p1a: Torkoal\n|detailschange|p2a: Scizor|Scizor-Mega, F\n|-mega|p2a: Scizor|Scizor|Scizorite\n|move|p2a: Scizor|U-turn|p1a: Torkoal\n|-resisted|p1a: Torkoal\n|-damage|p1a: Torkoal|89\/100\n|\n|t:|1701181820\n|switch|p2a: Hippowdon|Hippowdon, M|100\/100|[from] U-turn\n|-weather|Sandstorm|[from] ability: Sand Stream|[of] p2a: Hippowdon\n|\n|-weather|Sandstorm|[upkeep]\n|-damage|p1a: Torkoal|83\/100|[from] Sandstorm\n|upkeep\n|turn|4\n|\n|t:|1701181828\n|move|p2a: Hippowdon|Earthquake|p1a: Torkoal\n|-supereffective|p1a: Torkoal\n|-damage|p1a: Torkoal|41\/100\n|move|p1a: Torkoal|Stealth Rock|p2a: Hippowdon\n|-sidestart|p2: gen7wins|move: Stealth Rock\n|\n|-weather|Sandstorm|[upkeep]\n|-damage|p1a: Torkoal|35\/100|[from] Sandstorm\n|upkeep\n|turn|5\n|\n|t:|1701181835\n|switch|p2a: Scizor|Scizor-Mega, F|85\/100\n|-damage|p2a: Scizor|73\/100|[from] Stealth Rock\n|switch|p1a: Venusaur|Venusaur, F|83\/100\n|\n|-weather|Sandstorm|[upkeep]\n|-damage|p1a: Venusaur|77\/100|[from] Sandstorm\n|upkeep\n|turn|6\n|\n|t:|1701181841\n|switch|p1a: Victini|Victini|100\/100\n|move|p2a: Scizor|U-turn|p1a: Victini\n|-damage|p1a: Victini|65\/100\n|\n|t:|1701181847\n|switch|p2a: Hippowdon|Hippowdon, M|100\/100|[from] U-turn\n|-damage|p2a: Hippowdon|94\/100|[from] Stealth Rock\n|\n|-weather|Sandstorm|[upkeep]\n|-damage|p1a: Victini|59\/100|[from] Sandstorm\n|upkeep\n|turn|7\n|\n|t:|1701181853\n|move|p1a: Victini|U-turn|p2a: Hippowdon\n|-damage|p2a: Hippowdon|77\/100\n|-damage|p1a: Victini|42\/100|[from] item: Rocky Helmet|[of] p2a: Hippowdon\n|\n|t:|1701181858\n|switch|p1a: Venusaur|Venusaur, F|77\/100|[from] U-turn\n|move|p2a: Hippowdon|Slack Off|p2a: Hippowdon\n|-heal|p2a: Hippowdon|100\/100\n|\n|-weather|none\n|upkeep\n|turn|8\n|\n|t:|1701181864\n|switch|p2a: Scizor|Scizor-Mega, F|73\/100\n|-damage|p2a: Scizor|61\/100|[from] Stealth Rock\n|move|p1a: Venusaur|Earth Power|p2a: Scizor\n|-damage|p2a: Scizor|18\/100\n|-damage|p1a: Venusaur|67\/100|[from] item: Life Orb\n|\n|upkeep\n|turn|9\n|\n|t:|1701181889\n|switch|p2a: Rillaboom|Rillaboom, M|100\/100\n|-damage|p2a: Rillaboom|88\/100|[from] Stealth Rock\n|-fieldstart|move: Grassy Terrain|[from] ability: Grassy Surge|[of] p2a: Rillaboom\n|move|p1a: Venusaur|Earth Power|p2a: Rillaboom\n|-resisted|p2a: Rillaboom\n|-crit|p2a: Rillaboom\n|-damage|p2a: Rillaboom|53\/100\n|-damage|p1a: Venusaur|57\/100|[from] item: Life Orb\n|\n|-heal|p2a: Rillaboom|59\/100|[from] Grassy Terrain\n|-heal|p1a: Venusaur|63\/100|[from] Grassy Terrain\n|upkeep\n|turn|10\n|inactive|ikun\u4e00\u4e2a\u771f\u6b63\u7684man has 120 seconds left.\n|\n|t:|1701181909\n|switch|p1a: Hatterene|Hatterene, F|57\/100\n|move|p2a: Rillaboom|U-turn|p1a: Hatterene\n|-damage|p1a: Hatterene|28\/100\n|\n|t:|1701181916\n|switch|p2a: Rotom|Rotom-Wash|100\/100|[from] U-turn\n|-damage|p2a: Rotom|88\/100|[from] Stealth Rock\n|\n|-heal|p2a: Rotom|94\/100|[from] item: Leftovers\n|-heal|p1a: Hatterene|34\/100|[from] Grassy Terrain\n|upkeep\n|turn|11\n|\n|t:|1701181921\n|move|p2a: Rotom|Defog|p1a: Hatterene\n|move|p1a: Hatterene|Defog|p2a: Rotom|[from]ability: Magic Bounce\n|-unboost|p2a: Rotom|evasion|1\n|-sideend|p2: gen7wins|Stealth Rock|[from] move: Defog|[of] p1a: Hatterene\n|-fieldend|move: Grassy Terrain\n|move|p1a: Hatterene|Healing Wish|p1a: Hatterene\n|faint|p1a: Hatterene\n|\n|-heal|p2a: Rotom|100\/100|[from] item: Leftovers\n|upkeep\n|\n|t:|1701181928\n|switch|p1a: Torkoal|Torkoal, F|35\/100\n|-heal|p1a: Torkoal|100\/100|[from] move: Healing Wish\n|-weather|SunnyDay|[from] ability: Drought|[of] p1a: Torkoal\n|turn|12\n|\n|t:|1701181934\n|switch|p1a: Venusaur|Venusaur, F|63\/100\n|move|p2a: Rotom|Volt Switch|p1a: Venusaur\n|-resisted|p1a: Venusaur\n|-damage|p1a: Venusaur|48\/100\n|inactive|gen7wins has 120 seconds left.\n|\n|t:|1701181965\n|switch|p2a: Heatran|Heatran, F|100\/100|[from] Volt Switch\n|\n|-weather|SunnyDay|[upkeep]\n|upkeep\n|turn|13\n|\n|t:|1701181971\n|-terastallize|p2a: Heatran|Flying\n|move|p1a: Venusaur|Earth Power|p2a: Heatran\n|-immune|p2a: Heatran\n|move|p2a: Heatran|Magma Storm|p1a: Venusaur\n|-supereffective|p1a: Venusaur\n|-damage|p1a: Venusaur|0 fnt\n|faint|p1a: Venusaur\n|\n|-weather|SunnyDay|[upkeep]\n|upkeep\n|\n|t:|1701181979\n|switch|p1a: Victini|Victini|42\/100\n|turn|14\n|\n|t:|1701181983\n|switch|p2a: Hippowdon|Hippowdon, M|100\/100\n|-weather|Sandstorm|[from] ability: Sand Stream|[of] p2a: Hippowdon\n|move|p1a: Victini|Bolt Strike|p2a: Hippowdon\n|-immune|p2a: Hippowdon\n|\n|-weather|Sandstorm|[upkeep]\n|-damage|p1a: Victini|36\/100|[from] Sandstorm\n|upkeep\n|turn|15\n|\n|t:|1701181988\n|switch|p1a: Great Tusk|Great Tusk|100\/100\n|switch|p2a: Rillaboom|Rillaboom, M|59\/100\n|-fieldstart|move: Grassy Terrain|[from] ability: Grassy Surge|[of] p2a: Rillaboom\n|\n|-weather|Sandstorm|[upkeep]\n|-damage|p2a: Rillaboom|53\/100|[from] Sandstorm\n|-heal|p2a: Rillaboom|59\/100|[from] Grassy Terrain\n|upkeep\n|turn|16\n|\n|t:|1701181992\n|move|p1a: Great Tusk|Ice Spinner|p2a: Rillaboom\n|-supereffective|p2a: Rillaboom\n|-damage|p2a: Rillaboom|0 fnt\n|-fieldend|move: Grassy Terrain\n|faint|p2a: Rillaboom\n|\n|-weather|Sandstorm|[upkeep]\n|upkeep\n|\n|t:|1701182000\n|switch|p2a: Rotom|Rotom-Wash|100\/100\n|turn|17\n|\n|t:|1701182004\n|-end|p1a: Great Tusk|Protosynthesis|[silent]\n|switch|p1a: Torkoal|Torkoal, F|100\/100\n|-weather|SunnyDay|[from] ability: Drought|[of] p1a: Torkoal\n|move|p2a: Rotom|Hydro Pump|p1a: Torkoal\n|-supereffective|p1a: Torkoal\n|-damage|p1a: Torkoal|46\/100\n|\n|-weather|SunnyDay|[upkeep]\n|upkeep\n|turn|18\n|\n|t:|1701182009\n|switch|p1a: Comfey|Comfey, M|100\/100\n|move|p2a: Rotom|Hydro Pump|p1a: Comfey\n|-damage|p1a: Comfey|80\/100\n|\n|-weather|SunnyDay|[upkeep]\n|upkeep\n|turn|19\n|\n|t:|1701182017\n|switch|p2a: Heatran|Heatran, F, tera:Flying|100\/100\n|move|p1a: Comfey|Growth|p1a: Comfey\n|-boost|p1a: Comfey|atk|2\n|-boost|p1a: Comfey|spa|2\n|\n|-weather|SunnyDay|[upkeep]\n|upkeep\n|turn|20\n|\n|t:|1701182025\n|-terastallize|p1a: Comfey|Fire\n|move|p1a: Comfey|Draining Kiss|p2a: Heatran\n|-damage|p2a: Heatran|69\/100\n|-heal|p1a: Comfey|100\/100|[from] drain|[of] p2a: Heatran\n|-damage|p1a: Comfey|91\/100|[from] item: Life Orb\n|move|p2a: Heatran|Toxic|p1a: Comfey\n|-status|p1a: Comfey|tox\n|\n|-weather|SunnyDay|[upkeep]\n|-heal|p2a: Heatran|75\/100|[from] item: Leftovers\n|-damage|p1a: Comfey|84\/100 tox|[from] psn\n|upkeep\n|turn|21\n|\n|t:|1701182032\n|move|p1a: Comfey|Draining Kiss|p2a: Heatran\n|-crit|p2a: Heatran\n|-damage|p2a: Heatran|27\/100\n|-heal|p1a: Comfey|100\/100 tox|[from] drain|[of] p2a: Heatran\n|-damage|p1a: Comfey|91\/100 tox|[from] item: Life Orb\n|move|p2a: Heatran|Magma Storm|p1a: Comfey|[miss]\n|-miss|p2a: Heatran|p1a: Comfey\n|\n|-weather|SunnyDay|[upkeep]\n|-heal|p2a: Heatran|33\/100|[from] item: Leftovers\n|-damage|p1a: Comfey|78\/100 tox|[from] psn\n|upkeep\n|turn|22\n|\n|t:|1701182037\n|move|p1a: Comfey|Draining Kiss|p2a: Heatran\n|-damage|p2a: Heatran|0 fnt\n|-heal|p1a: Comfey|100\/100 tox|[from] drain|[of] p2a: Heatran\n|faint|p2a: Heatran\n|-damage|p1a: Comfey|91\/100 tox|[from] item: Life Orb\n|\n|-weather|SunnyDay|[upkeep]\n|-damage|p1a: Comfey|72\/100 tox|[from] psn\n|upkeep\n|\n|t:|1701182045\n|switch|p2a: Hippowdon|Hippowdon, M|100\/100\n|-weather|Sandstorm|[from] ability: Sand Stream|[of] p2a: Hippowdon\n|turn|23\n|\n|t:|1701182049\n|switch|p2a: Scizor|Scizor-Mega, F|18\/100\n|move|p1a: Comfey|Giga Drain|p2a: Scizor\n|-resisted|p2a: Scizor\n|-damage|p2a: Scizor|3\/100\n|-heal|p1a: Comfey|80\/100 tox|[from] drain|[of] p2a: Scizor\n|-damage|p1a: Comfey|70\/100 tox|[from] item: Life Orb\n|\n|-weather|Sandstorm|[upkeep]\n|-damage|p1a: Comfey|64\/100 tox|[from] Sandstorm\n|-damage|p1a: Comfey|39\/100 tox|[from] psn\n|upkeep\n|turn|24\n|\n|t:|1701182056\n|move|p1a: Comfey|Giga Drain|p2a: Scizor\n|-resisted|p2a: Scizor\n|-damage|p2a: Scizor|0 fnt\n|-heal|p1a: Comfey|40\/100 tox|[from] drain|[of] p2a: Scizor\n|faint|p2a: Scizor\n|-damage|p1a: Comfey|31\/100 tox|[from] item: Life Orb\n|\n|-weather|Sandstorm|[upkeep]\n|-damage|p1a: Comfey|24\/100 tox|[from] Sandstorm\n|-damage|p1a: Comfey|0 fnt|[from] psn\n|faint|p1a: Comfey\n|upkeep\n|\n|t:|1701182071\n|switch|p1a: Torkoal|Torkoal, F|46\/100\n|switch|p2a: Rotom|Rotom-Wash|100\/100\n|-weather|SunnyDay|[from] ability: Drought|[of] p1a: Torkoal\n|turn|25\n|\n|t:|1701182079\n|switch|p1a: Victini|Victini|36\/100\n|move|p2a: Rotom|Hydro Pump|p1a: Victini\n|-supereffective|p1a: Victini\n|-damage|p1a: Victini|0 fnt\n|faint|p1a: Victini\n|\n|-weather|SunnyDay|[upkeep]\n|upkeep\n|\n|t:|1701182081\n|switch|p1a: Great Tusk|Great Tusk|100\/100\n|-activate|p1a: Great Tusk|ability: Protosynthesis\n|-start|p1a: Great Tusk|protosynthesisatk\n|turn|26\n|\n|t:|1701182086\n|switch|p2a: Hippowdon|Hippowdon, M|100\/100\n|-weather|Sandstorm|[from] ability: Sand Stream|[of] p2a: Hippowdon\n|-end|p1a: Great Tusk|Protosynthesis\n|move|p1a: Great Tusk|Close Combat|p2a: Hippowdon\n|-damage|p2a: Hippowdon|64\/100\n|-unboost|p1a: Great Tusk|def|1\n|-unboost|p1a: Great Tusk|spd|1\n|-damage|p1a: Great Tusk|84\/100|[from] item: Rocky Helmet|[of] p2a: Hippowdon\n|\n|-weather|Sandstorm|[upkeep]\n|upkeep\n|turn|27\n|\n|t:|1701182091\n|move|p1a: Great Tusk|Close Combat|p2a: Hippowdon\n|-damage|p2a: Hippowdon|27\/100\n|-unboost|p1a: Great Tusk|def|1\n|-unboost|p1a: Great Tusk|spd|1\n|-damage|p1a: Great Tusk|68\/100|[from] item: Rocky Helmet|[of] p2a: Hippowdon\n|move|p2a: Hippowdon|Earthquake|p1a: Great Tusk\n|-damage|p1a: Great Tusk|16\/100\n|\n|-weather|Sandstorm|[upkeep]\n|upkeep\n|turn|28\n|\n|t:|1701182097\n|-end|p1a: Great Tusk|Protosynthesis|[silent]\n|switch|p1a: Torkoal|Torkoal, F|46\/100\n|-weather|SunnyDay|[from] ability: Drought|[of] p1a: Torkoal\n|move|p2a: Hippowdon|Earthquake|p1a: Torkoal\n|-supereffective|p1a: Torkoal\n|-damage|p1a: Torkoal|2\/100\n|\n|-weather|SunnyDay|[upkeep]\n|upkeep\n|turn|29\n|-message|ikun\u4e00\u4e2a\u771f\u6b63\u7684man forfeited.\n|\n|win|gen7wins\n|raw|ikun\u4e00\u4e2a\u771f\u6b63\u7684man's rating: 1536 &rarr; <strong>1514<\/strong><br \/>(-22 for losing)\n|raw|gen7wins's rating: 1507 &rarr; <strong>1529<\/strong><br \/>(+22 for winning)\n|l|\u2606ikun\u4e00\u4e2a\u771f\u6b63\u7684man\n","uploadtime":1701182117,"views":3,"p1id":"ikunman","p2id":"gen7wins","formatid":"gen9nationaldex","rating":1514,"private":0,"password":""}