{"id":"gen9nationaldex-1987382190","p1":"EmX_14","p2":"SpecsGastr0","format":"[Gen 9] National Dex","log":"|j|\u2606EmX_14\n|j|\u2606SpecsGastr0\n|t:|1699584259\n|gametype|singles\n|player|p1|EmX_14|bede-masters|1169\n|player|p2|SpecsGastr0|colress|1160\n|teamsize|p1|6\n|teamsize|p2|6\n|gen|9\n|tier|[Gen 9] National Dex\n|rated|\n|rule|HP Percentage Mod: HP is shown in percentages\n|rule|Endless Battle Clause: Forcing endless battles is banned\n|rule|OHKO Clause: OHKO moves are banned\n|rule|Evasion Clause: Evasion abilities, items, and moves are banned\n|rule|Evasion Abilities Clause: Evasion abilities are banned\n|rule|Evasion Items Clause: Evasion items are banned\n|rule|Evasion Moves Clause: Evasion moves are banned\n|rule|Species Clause: Limit one of each Pok\u00e9mon\n|rule|Sleep Clause Mod: Limit one foe put to sleep\n|clearpoke\n|poke|p1|Skeledirge, F|\n|poke|p1|Urshifu-*, M|\n|poke|p1|Hatterene, F|\n|poke|p1|Zapdos|\n|poke|p1|Great Tusk|\n|poke|p1|Kommo-o, M|\n|poke|p2|Bellibolt, F|\n|poke|p2|Slowbro, F|\n|poke|p2|Arcanine-Hisui, M|\n|poke|p2|Swampert, M|\n|poke|p2|Lurantis, F|\n|poke|p2|Drifblim, M|\n|teampreview\n|inactive|Battle timer is ON: inactive players will automatically lose when time's up. (requested by EmX_14)\n|inactive|SpecsGastr0 has 120 seconds left.\n|\n|t:|1699584297\n|start\n|switch|p1a: Kommo-o|Kommo-o, M|100\/100\n|switch|p2a: Suwako|Bellibolt, F|100\/100\n|turn|1\n|\n|t:|1699584310\n|move|p1a: Kommo-o|Substitute|p1a: Kommo-o\n|-start|p1a: Kommo-o|Substitute\n|-damage|p1a: Kommo-o|76\/100\n|move|p2a: Suwako|Volt Switch|p1a: Kommo-o\n|-resisted|p1a: Kommo-o\n|-activate|p1a: Kommo-o|move: Substitute|[damage]\n|\n|t:|1699584334\n|switch|p2a: Hot Pants|Lurantis, F|100\/100|[from] Volt Switch\n|\n|upkeep\n|turn|2\n|\n|t:|1699584339\n|move|p1a: Kommo-o|Clangorous Soul|p1a: Kommo-o\n|-boost|p1a: Kommo-o|atk|1\n|-boost|p1a: Kommo-o|def|1\n|-boost|p1a: Kommo-o|spa|1\n|-boost|p1a: Kommo-o|spd|1\n|-boost|p1a: Kommo-o|spe|1\n|-damage|p1a: Kommo-o|43\/100\n|move|p2a: Hot Pants|Superpower|p1a: Kommo-o\n|-end|p1a: Kommo-o|Substitute\n|-boost|p2a: Hot Pants|atk|1\n|-boost|p2a: Hot Pants|def|1\n|\n|upkeep\n|turn|3\n|\n|t:|1699584353\n|-zpower|p1a: Kommo-o\n|move|p1a: Kommo-o|Clangorous Soulblaze|p2a: Hot Pants|[zeffect]\n|-damage|p2a: Hot Pants|0 fnt\n|faint|p2a: Hot Pants\n|-boost|p1a: Kommo-o|atk|1\n|-boost|p1a: Kommo-o|def|1\n|-boost|p1a: Kommo-o|spa|1\n|-boost|p1a: Kommo-o|spd|1\n|-boost|p1a: Kommo-o|spe|1\n|\n|upkeep\n|inactive|SpecsGastr0 has 120 seconds left.\n|\n|t:|1699584379\n|switch|p2a: Slowsis|Slowbro, F, shiny|100\/100\n|turn|4\n|\n|t:|1699584388\n|move|p1a: Kommo-o|Clanging Scales|p2a: Slowsis\n|-damage|p2a: Slowsis|16\/100\n|-unboost|p1a: Kommo-o|def|1\n|move|p2a: Slowsis|Future Sight|p1a: Kommo-o\n|-start|p2a: Slowsis|move: Future Sight\n|\n|upkeep\n|turn|5\n|inactive|SpecsGastr0 has 120 seconds left.\n|\n|t:|1699584405\n|switch|p2a: Suwako|Bellibolt, F|100\/100\n|move|p1a: Kommo-o|Substitute|p1a: Kommo-o\n|-start|p1a: Kommo-o|Substitute\n|-damage|p1a: Kommo-o|18\/100\n|\n|upkeep\n|turn|6\n|\n|t:|1699584412\n|move|p1a: Kommo-o|Clanging Scales|p2a: Suwako\n|-damage|p2a: Suwako|49\/100\n|-start|p2a: Suwako|Charge|Clanging Scales|[from] ability: Electromorphosis\n|-unboost|p1a: Kommo-o|def|1\n|move|p2a: Suwako|Thunderbolt|p1a: Kommo-o\n|-resisted|p1a: Kommo-o\n|-activate|p1a: Kommo-o|move: Substitute|[damage]\n|-end|p2a: Suwako|Charge|[silent]\n|\n|-end|p1a: Kommo-o|move: Future Sight\n|-supereffective|p1a: Kommo-o\n|-end|p1a: Kommo-o|Substitute\n|-heal|p2a: Suwako|55\/100|[from] item: Leftovers\n|upkeep\n|turn|7\n|\n|t:|1699584425\n|move|p1a: Kommo-o|Clanging Scales|p2a: Suwako\n|-damage|p2a: Suwako|4\/100\n|-start|p2a: Suwako|Charge|Clanging Scales|[from] ability: Electromorphosis\n|-unboost|p1a: Kommo-o|def|1\n|move|p2a: Suwako|Thunderbolt|p1a: Kommo-o\n|-resisted|p1a: Kommo-o\n|-damage|p1a: Kommo-o|3\/100\n|-end|p2a: Suwako|Charge|[silent]\n|\n|-heal|p2a: Suwako|10\/100|[from] item: Leftovers\n|upkeep\n|turn|8\n|\n|t:|1699584438\n|move|p1a: Kommo-o|Boomburst|p2a: Suwako\n|-damage|p2a: Suwako|0 fnt\n|faint|p2a: Suwako\n|\n|upkeep\n|\n|t:|1699584447\n|switch|p2a: Lieutenant Garr|Arcanine-Hisui, M|100\/100\n|turn|9\n|\n|t:|1699584454\n|move|p2a: Lieutenant Garr|Extreme Speed|p1a: Kommo-o\n|-damage|p1a: Kommo-o|0 fnt\n|faint|p1a: Kommo-o\n|\n|upkeep\n|\n|t:|1699584458\n|switch|p1a: Great Tusk|Great Tusk|100\/100\n|turn|10\n|\n|t:|1699584474\n|switch|p2a: Slowsis|Slowbro, F, shiny|49\/100\n|move|p1a: Great Tusk|Headlong Rush|p2a: Slowsis\n|-damage|p2a: Slowsis|14\/100\n|-unboost|p1a: Great Tusk|def|1\n|-unboost|p1a: Great Tusk|spd|1\n|-damage|p1a: Great Tusk|84\/100|[from] item: Rocky Helmet|[of] p2a: Slowsis\n|\n|upkeep\n|turn|11\n|\n|t:|1699584490\n|switch|p2a: Potemkin|Swampert, M|100\/100\n|move|p1a: Great Tusk|Headlong Rush|p2a: Potemkin\n|-damage|p2a: Potemkin|27\/100\n|-unboost|p1a: Great Tusk|def|1\n|-unboost|p1a: Great Tusk|spd|1\n|\n|upkeep\n|turn|12\n|inactive|SpecsGastr0 has 120 seconds left.\n|\n|t:|1699584507\n|-end|p1a: Great Tusk|Protosynthesis|[silent]\n|switch|p1a: Zapdos|Zapdos|100\/100\n|detailschange|p2a: Potemkin|Swampert-Mega, M\n|-mega|p2a: Potemkin|Swampert|Swampertite\n|move|p2a: Potemkin|Flip Turn|p1a: Zapdos\n|-damage|p1a: Zapdos|51\/100\n|inactive|SpecsGastr0 has 120 seconds left.\n|\n|t:|1699584530\n|switch|p2a: Lieutenant Garr|Arcanine-Hisui, M|100\/100|[from] Flip Turn\n|\n|upkeep\n|turn|13\n|\n|t:|1699584539\n|move|p1a: Zapdos|Volt Switch|p2a: Lieutenant Garr\n|-damage|p2a: Lieutenant Garr|56\/100\n|\n|t:|1699584543\n|switch|p1a: Great Tusk|Great Tusk|84\/100|[from] Volt Switch\n|move|p2a: Lieutenant Garr|Flare Blitz|p1a: Great Tusk\n|-damage|p1a: Great Tusk|29\/100\n|\n|upkeep\n|turn|14\n|inactive|SpecsGastr0 has 120 seconds left.\n|\n|t:|1699584563\n|-end|p1a: Great Tusk|Protosynthesis|[silent]\n|switch|p1a: Skeledirge|Skeledirge, F|100\/100\n|move|p2a: Lieutenant Garr|Flare Blitz|p1a: Skeledirge\n|-resisted|p1a: Skeledirge\n|-damage|p1a: Skeledirge|68\/100\n|\n|upkeep\n|turn|15\n|\n|t:|1699584571\n|switch|p2a: Slowsis|Slowbro, F, shiny|47\/100\n|move|p1a: Skeledirge|Torch Song|p2a: Slowsis\n|-resisted|p2a: Slowsis\n|-damage|p2a: Slowsis|33\/100\n|-boost|p1a: Skeledirge|spa|1\n|\n|upkeep\n|turn|16\n|\n|t:|1699584582\n|move|p1a: Skeledirge|Hex|p2a: Slowsis\n|-supereffective|p2a: Slowsis\n|-damage|p2a: Slowsis|0 fnt\n|faint|p2a: Slowsis\n|\n|upkeep\n|\n|t:|1699584597\n|switch|p2a: Potemkin|Swampert-Mega, M|27\/100\n|turn|17\n|\n|t:|1699584604\n|switch|p1a: Zapdos|Zapdos|51\/100\n|move|p2a: Potemkin|Liquidation|p1a: Zapdos\n|-damage|p1a: Zapdos|0 fnt\n|faint|p1a: Zapdos\n|\n|upkeep\n|\n|t:|1699584610\n|switch|p1a: Urshifu|Urshifu-Rapid-Strike, M|100\/100\n|turn|18\n|inactive|SpecsGastr0 has 120 seconds left.\n|\n|t:|1699584635\n|move|p1a: Urshifu|Surging Strikes|p2a: Potemkin\n|-crit|p2a: Potemkin\n|-damage|p2a: Potemkin|8\/100\n|-crit|p2a: Potemkin\n|-damage|p2a: Potemkin|0 fnt\n|faint|p2a: Potemkin\n|-hitcount|p2: Potemkin|2\n|\n|upkeep\n|\n|t:|1699584641\n|switch|p2a: Hisoutensoku|Drifblim, M, shiny|100\/100\n|turn|19\n|\n|t:|1699584645\n|move|p1a: Urshifu|Surging Strikes|p2a: Hisoutensoku\n|-crit|p2a: Hisoutensoku\n|-damage|p2a: Hisoutensoku|70\/100\n|-crit|p2a: Hisoutensoku\n|-damage|p2a: Hisoutensoku|42\/100\n|-crit|p2a: Hisoutensoku\n|-damage|p2a: Hisoutensoku|14\/100\n|-hitcount|p2a: Hisoutensoku|3\n|move|p2a: Hisoutensoku|Strength Sap|p1a: Urshifu\n|-unboost|p1a: Urshifu|atk|1\n|-heal|p2a: Hisoutensoku|96\/100\n|\n|-status|p2a: Hisoutensoku|brn|[from] item: Flame Orb\n|upkeep\n|turn|20\n|inactive|SpecsGastr0 has 120 seconds left.\n|\n|t:|1699584662\n|move|p1a: Urshifu|U-turn|p2a: Hisoutensoku\n|-resisted|p2a: Hisoutensoku\n|-damage|p2a: Hisoutensoku|90\/100 brn\n|\n|t:|1699584665\n|switch|p1a: Hatterene|Hatterene, F, shiny|100\/100|[from] U-turn\n|move|p2a: Hisoutensoku|Air Slash|p1a: Hatterene\n|-damage|p1a: Hatterene|56\/100\n|\n|-heal|p1a: Hatterene|62\/100|[from] item: Leftovers\n|-damage|p2a: Hisoutensoku|84\/100 brn|[from] brn\n|upkeep\n|turn|21\n|\n|t:|1699584673\n|move|p2a: Hisoutensoku|Shadow Ball|p1a: Hatterene\n|-supereffective|p1a: Hatterene\n|-damage|p1a: Hatterene|0 fnt\n|faint|p1a: Hatterene\n|\n|-damage|p2a: Hisoutensoku|78\/100 brn|[from] brn\n|upkeep\n|\n|t:|1699584679\n|switch|p1a: Great Tusk|Great Tusk|29\/100\n|turn|22\n|\n|t:|1699584692\n|move|p2a: Hisoutensoku|Shadow Ball|p1a: Great Tusk\n|-damage|p1a: Great Tusk|0 fnt\n|faint|p1a: Great Tusk\n|-end|p1a: Great Tusk|Protosynthesis|[silent]\n|\n|-damage|p2a: Hisoutensoku|72\/100 brn|[from] brn\n|upkeep\n|\n|t:|1699584695\n|switch|p1a: Urshifu|Urshifu-Rapid-Strike, M|100\/100\n|turn|23\n|\n|t:|1699584714\n|-terastallize|p1a: Urshifu|Electric\n|move|p1a: Urshifu|Tera Blast|p2a: Hisoutensoku|[anim] Tera Blast Electric\n|-supereffective|p2a: Hisoutensoku\n|-damage|p2a: Hisoutensoku|0 fnt\n|faint|p2a: Hisoutensoku\n|\n|upkeep\n|inactive|SpecsGastr0 has 120 seconds left.\n|\n|t:|1699584729\n|switch|p2a: Lieutenant Garr|Arcanine-Hisui, M|56\/100\n|turn|24\n|\n|t:|1699584734\n|move|p1a: Urshifu|Surging Strikes|p2a: Lieutenant Garr\n|-supereffective|p2a: Lieutenant Garr\n|-crit|p2a: Lieutenant Garr\n|-damage|p2a: Lieutenant Garr|0 fnt\n|faint|p2a: Lieutenant Garr\n|-hitcount|p2: Lieutenant Garr|1\n|\n|win|EmX_14\n|raw|EmX_14's rating: 1169 &rarr; <strong>1193<\/strong><br \/>(+24 for winning)\n|raw|SpecsGastr0's rating: 1160 &rarr; <strong>1136<\/strong><br \/>(-24 for losing)\n|l|\u2606EmX_14\n","uploadtime":1699584742,"views":6,"p1id":"emx14","p2id":"specsgastr0","formatid":"gen9nationaldex","rating":1136,"private":0,"password":""}