{"id":"gen9nationaldex-1994821112","p1":"Vadertron","p2":"bunstickyhold","format":"[Gen 9] National Dex","log":"|html|<div class=\"broadcast-blue\"><strong>[Gen 9] National Dex is currently suspecting Sneasler! For information on how to participate check out the <a href=\"https:\/\/www.smogon.com\/forums\/threads\/sv-national-dex-suspect-8-just-dance.3731534\/\">suspect thread<\/a>.<\/strong><\/div>\n|j|\u2606Vadertron\n|j|\u2606bunstickyhold\n|t:|1700495898\n|gametype|singles\n|player|p1|Vadertron|burglar|1169\n|player|p2|bunstickyhold|skierf|1243\n|teamsize|p1|6\n|teamsize|p2|6\n|gen|9\n|tier|[Gen 9] National Dex\n|rated|\n|rule|HP Percentage Mod: HP is shown in percentages\n|rule|Endless Battle Clause: Forcing endless battles is banned\n|rule|OHKO Clause: OHKO moves are banned\n|rule|Evasion Clause: Evasion abilities, items, and moves are banned\n|rule|Evasion Abilities Clause: Evasion abilities are banned\n|rule|Evasion Items Clause: Evasion items are banned\n|rule|Evasion Moves Clause: Evasion moves are banned\n|rule|Species Clause: Limit one of each Pok\u00e9mon\n|rule|Sleep Clause Mod: Limit one foe put to sleep\n|clearpoke\n|poke|p1|Porygon-Z|\n|poke|p1|Clodsire, F|\n|poke|p1|Ditto|\n|poke|p1|Rotom-Wash|\n|poke|p1|Serperior, M|\n|poke|p1|Lopunny, F|\n|poke|p2|Sableye, F|\n|poke|p2|Xurkitree|\n|poke|p2|Azelf|\n|poke|p2|Lilligant-Hisui, F|\n|poke|p2|Houndoom, M|\n|poke|p2|Komala, F|\n|teampreview\n|inactive|Battle timer is ON: inactive players will automatically lose when time's up. (requested by bunstickyhold)\n|inactive|Vadertron also wants the timer to be on.\n|\n|t:|1700495904\n|start\n|switch|p1a: Lopunny|Lopunny, F|100\/100\n|switch|p2a: Sableye|Sableye, F|100\/100\n|turn|1\n|\n|t:|1700495907\n|detailschange|p1a: Lopunny|Lopunny-Mega, F\n|-mega|p1a: Lopunny|Lopunny|Lopunnite\n|move|p1a: Lopunny|Fake Out|p2a: Sableye\n|-damage|p2a: Sableye|80\/100\n|cant|p2a: Sableye|flinch\n|\n|-heal|p2a: Sableye|87\/100|[from] item: Leftovers\n|upkeep\n|turn|2\n|\n|t:|1700495922\n|switch|p1a: Clodsire|Clodsire, F|100\/100\n|move|p2a: Sableye|Will-O-Wisp|p1a: Clodsire|[miss]\n|-miss|p2a: Sableye|p1a: Clodsire\n|\n|-heal|p2a: Sableye|93\/100|[from] item: Leftovers\n|upkeep\n|turn|3\n|\n|t:|1700495933\n|switch|p2a: Komala|Komala, F|100\/100\n|-ability|p2a: Komala|Comatose\n|switch|p1a: Ditto|Ditto, shiny|100\/100\n|-transform|p1a: Ditto|p2a: Komala|[from] ability: Imposter\n|-ability|p1a: Ditto|Comatose\n|\n|upkeep\n|turn|4\n|\n|t:|1700495946\n|switch|p1a: Porygon-Z|Porygon-Z, shiny|100\/100\n|switch|p2a: Houndoom|Houndoom, M|100\/100\n|\n|upkeep\n|turn|5\n|\n|t:|1700495953\n|detailschange|p2a: Houndoom|Houndoom-Mega, M\n|-mega|p2a: Houndoom|Houndoom|Houndoominite\n|move|p2a: Houndoom|Flamethrower|p1a: Porygon-Z\n|-damage|p1a: Porygon-Z|29\/100\n|-zpower|p1a: Porygon-Z\n|move|p1a: Porygon-Z|Z-Conversion|p1a: Porygon-Z|[anim]Conversion\n|-boost|p1a: Porygon-Z|atk|1|[zeffect]\n|-boost|p1a: Porygon-Z|def|1|[zeffect]\n|-boost|p1a: Porygon-Z|spa|1|[zeffect]\n|-boost|p1a: Porygon-Z|spd|1|[zeffect]\n|-boost|p1a: Porygon-Z|spe|1|[zeffect]\n|-start|p1a: Porygon-Z|typechange|Electric\n|\n|upkeep\n|turn|6\n|\n|t:|1700495965\n|move|p1a: Porygon-Z|Recover|p1a: Porygon-Z\n|-heal|p1a: Porygon-Z|79\/100\n|move|p2a: Houndoom|Dark Pulse|p1a: Porygon-Z\n|-damage|p1a: Porygon-Z|37\/100\n|\n|upkeep\n|turn|7\n|\n|t:|1700495972\n|move|p1a: Porygon-Z|Thunderbolt|p2a: Houndoom\n|-damage|p2a: Houndoom|0 fnt\n|faint|p2a: Houndoom\n|\n|upkeep\n|\n|t:|1700495980\n|switch|p2a: Azelf|Azelf|100\/100\n|turn|8\n|\n|t:|1700495994\n|move|p1a: Porygon-Z|Thunderbolt|p2a: Azelf\n|-enditem|p2a: Azelf|Focus Sash\n|-damage|p2a: Azelf|1\/100\n|move|p2a: Azelf|Zen Headbutt|p1a: Porygon-Z\n|-crit|p1a: Porygon-Z\n|-damage|p1a: Porygon-Z|0 fnt\n|faint|p1a: Porygon-Z\n|\n|upkeep\n|\n|t:|1700495998\n|switch|p1a: Ditto|Ditto, shiny|100\/100\n|-transform|p1a: Ditto|p2a: Azelf|[from] ability: Imposter\n|turn|9\n|\n|t:|1700496009\n|switch|p2a: Sableye|Sableye, F|93\/100\n|move|p1a: Ditto|Zen Headbutt|p2a: Sableye\n|-immune|p2a: Sableye\n|\n|-heal|p2a: Sableye|99\/100|[from] item: Leftovers\n|upkeep\n|turn|10\n|\n|t:|1700496022\n|switch|p1a: Rotom|Rotom-Wash|100\/100\n|move|p2a: Sableye|Will-O-Wisp|p1a: Rotom\n|-status|p1a: Rotom|brn\n|\n|-heal|p2a: Sableye|100\/100|[from] item: Leftovers\n|-damage|p1a: Rotom|94\/100 brn|[from] brn\n|upkeep\n|turn|11\n|\n|t:|1700496030\n|move|p1a: Rotom|Will-O-Wisp|p2a: Sableye\n|-status|p2a: Sableye|brn\n|move|p2a: Sableye|Knock Off|p1a: Rotom\n|-damage|p1a: Rotom|84\/100 brn\n|-enditem|p1a: Rotom|Leftovers|[from] move: Knock Off|[of] p2a: Sableye\n|\n|-damage|p1a: Rotom|78\/100 brn|[from] brn\n|-damage|p2a: Sableye|94\/100 brn|[from] brn\n|upkeep\n|turn|12\n|\n|t:|1700496040\n|move|p1a: Rotom|Volt Switch|p2a: Sableye\n|-damage|p2a: Sableye|53\/100 brn\n|\n|t:|1700496043\n|switch|p1a: Serperior|Serperior, M, shiny|100\/100|[from] Volt Switch\n|move|p2a: Sableye|Knock Off|p1a: Serperior\n|-damage|p1a: Serperior|85\/100\n|-enditem|p1a: Serperior|Leftovers|[from] move: Knock Off|[of] p2a: Sableye\n|\n|-heal|p2a: Sableye|59\/100 brn|[from] item: Leftovers\n|-damage|p2a: Sableye|53\/100 brn|[from] brn\n|upkeep\n|turn|13\n|\n|t:|1700496053\n|move|p2a: Sableye|Recover|p2a: Sableye\n|-heal|p2a: Sableye|100\/100 brn\n|move|p1a: Serperior|Substitute|p1a: Serperior\n|-start|p1a: Serperior|Substitute\n|-damage|p1a: Serperior|60\/100\n|\n|-damage|p2a: Sableye|94\/100 brn|[from] brn\n|upkeep\n|turn|14\n|\n|t:|1700496056\n|move|p1a: Serperior|Leaf Storm|p2a: Sableye\n|-damage|p2a: Sableye|13\/100 brn\n|-boost|p1a: Serperior|spa|2\n|move|p2a: Sableye|Knock Off|p1a: Serperior\n|-activate|p1a: Serperior|move: Substitute|[damage]\n|\n|-heal|p2a: Sableye|19\/100 brn|[from] item: Leftovers\n|-damage|p2a: Sableye|13\/100 brn|[from] brn\n|upkeep\n|turn|15\n|\n|t:|1700496065\n|move|p2a: Sableye|Will-O-Wisp||[still]\n|-fail|p2a: Sableye\n|move|p1a: Serperior|Leaf Storm|p2a: Sableye\n|-damage|p2a: Sableye|0 fnt\n|-boost|p1a: Serperior|spa|2\n|faint|p2a: Sableye\n|\n|upkeep\n|\n|t:|1700496067\n|switch|p2a: Xurkitree|Xurkitree|100\/100\n|turn|16\n|\n|t:|1700496076\n|move|p2a: Xurkitree|Volt Switch|p1a: Serperior\n|-resisted|p1a: Serperior\n|-crit|p1a: Serperior\n|-end|p1a: Serperior|Substitute\n|\n|t:|1700496081\n|switch|p2a: Lilligant|Lilligant-Hisui, F|100\/100|[from] Volt Switch\n|move|p1a: Serperior|Leaf Storm|p2a: Lilligant\n|-resisted|p2a: Lilligant\n|-damage|p2a: Lilligant|0 fnt\n|-boost|p1a: Serperior|spa|2\n|faint|p2a: Lilligant\n|\n|upkeep\n|\n|t:|1700496087\n|switch|p2a: Azelf|Azelf|1\/100\n|turn|17\n|\n|t:|1700496094\n|switch|p1a: Rotom|Rotom-Wash|78\/100 brn\n|move|p2a: Azelf|Explosion|p1a: Rotom\n|-damage|p1a: Rotom|10\/100 brn\n|faint|p2a: Azelf\n|\n|-damage|p1a: Rotom|3\/100 brn|[from] brn\n|upkeep\n|\n|t:|1700496102\n|switch|p2a: Xurkitree|Xurkitree|100\/100\n|turn|18\n|\n|t:|1700496105\n|move|p2a: Xurkitree|Energy Ball|p1a: Rotom\n|-supereffective|p1a: Rotom\n|-damage|p1a: Rotom|0 fnt\n|faint|p1a: Rotom\n|-ability|p2a: Xurkitree|Beast Boost|boost\n|-boost|p2a: Xurkitree|spa|1\n|\n|upkeep\n|\n|t:|1700496112\n|switch|p1a: Clodsire|Clodsire, F|100\/100\n|turn|19\n|\n|t:|1700496116\n|-terastallize|p2a: Xurkitree|Grass\n|move|p2a: Xurkitree|Energy Ball|p1a: Clodsire\n|-damage|p1a: Clodsire|67\/100\n|move|p1a: Clodsire|Earthquake|p2a: Xurkitree\n|-resisted|p2a: Xurkitree\n|-damage|p2a: Xurkitree|81\/100\n|\n|-heal|p1a: Clodsire|74\/100|[from] item: Leftovers\n|upkeep\n|turn|20\n|\n|t:|1700496121\n|move|p2a: Xurkitree|Energy Ball|p1a: Clodsire\n|-damage|p1a: Clodsire|40\/100\n|move|p1a: Clodsire|Poison Jab|p2a: Xurkitree\n|-supereffective|p2a: Xurkitree\n|-damage|p2a: Xurkitree|20\/100\n|-status|p2a: Xurkitree|psn\n|\n|-heal|p1a: Clodsire|46\/100|[from] item: Leftovers\n|-damage|p2a: Xurkitree|8\/100 psn|[from] psn\n|upkeep\n|turn|21\n|\n|t:|1700496128\n|switch|p2a: Komala|Komala, F|100\/100\n|-ability|p2a: Komala|Comatose\n|move|p1a: Clodsire|Recover|p1a: Clodsire\n|-heal|p1a: Clodsire|96\/100\n|\n|-heal|p1a: Clodsire|100\/100|[from] item: Leftovers\n|upkeep\n|turn|22\n|-message|bunstickyhold forfeited.\n|\n|win|Vadertron\n|raw|Vadertron's rating: 1169 &rarr; <strong>1199<\/strong><br \/>(+30 for winning)\n|raw|bunstickyhold's rating: 1243 &rarr; <strong>1213<\/strong><br \/>(-30 for losing)\n|l|\u2606bunstickyhold\n","uploadtime":1700496136,"views":1,"p1id":"vadertron","p2id":"bunstickyhold","formatid":"gen9nationaldex","rating":1199,"private":0,"password":""}