{"id":"gen9nationaldex-1992929649","p1":"Alteraxia","p2":"Papamurph512","format":"[Gen 9] National Dex","log":"|j|\u2606Alteraxia\n|j|\u2606Papamurph512\n|t:|1700247744\n|gametype|singles\n|player|p1|Alteraxia|heroine2-conquest|1185\n|player|p2|Papamurph512|101|1171\n|teamsize|p1|6\n|teamsize|p2|6\n|gen|9\n|tier|[Gen 9] National Dex\n|rated|\n|rule|HP Percentage Mod: HP is shown in percentages\n|rule|Endless Battle Clause: Forcing endless battles is banned\n|rule|OHKO Clause: OHKO moves are banned\n|rule|Evasion Clause: Evasion abilities, items, and moves are banned\n|rule|Evasion Abilities Clause: Evasion abilities are banned\n|rule|Evasion Items Clause: Evasion items are banned\n|rule|Evasion Moves Clause: Evasion moves are banned\n|rule|Species Clause: Limit one of each Pok\u00e9mon\n|rule|Sleep Clause Mod: Limit one foe put to sleep\n|clearpoke\n|poke|p1|Latias, F|\n|poke|p1|Clodsire, M|\n|poke|p1|Breloom, F|\n|poke|p1|Noivern, M|\n|poke|p1|Excadrill, F|\n|poke|p1|Tapu Koko|\n|poke|p2|Ursaluna, F|\n|poke|p2|Dragonite, M|\n|poke|p2|Corviknight, M|\n|poke|p2|Glimmora, M|\n|poke|p2|Ninetales-Alola, M|\n|poke|p2|Sneasler, F|\n|teampreview\n|\n|t:|1700247761\n|start\n|switch|p1a: Excadrill|Excadrill, F|100\/100\n|switch|p2a: Glimmora|Glimmora, M|100\/100\n|-ability|p1a: Excadrill|Mold Breaker\n|turn|1\n|\n|t:|1700247771\n|move|p1a: Excadrill|Earthquake|p2a: Glimmora\n|-supereffective|p2a: Glimmora\n|-enditem|p2a: Glimmora|Focus Sash\n|-damage|p2a: Glimmora|1\/100\n|-activate|p2a: Glimmora|ability: Toxic Debris\n|-sidestart|p1: Alteraxia|move: Toxic Spikes\n|move|p2a: Glimmora|Earth Power|p1a: Excadrill\n|-supereffective|p1a: Excadrill\n|-damage|p1a: Excadrill|4\/100\n|\n|upkeep\n|turn|2\n|\n|t:|1700247783\n|move|p1a: Excadrill|Rapid Spin|p2a: Glimmora\n|-resisted|p2a: Glimmora\n|-damage|p2a: Glimmora|0 fnt\n|-boost|p1a: Excadrill|spe|1\n|-activate|p2a: Glimmora|ability: Toxic Debris\n|-sidestart|p1: Alteraxia|move: Toxic Spikes\n|-sideend|p1: Alteraxia|Toxic Spikes|[from] move: Rapid Spin|[of] p1a: Excadrill\n|faint|p2a: Glimmora\n|\n|upkeep\n|\n|t:|1700247800\n|switch|p2a: Dragonite|Dragonite, M|100\/100\n|turn|3\n|\n|t:|1700247806\n|switch|p1a: Clodsire|Clodsire, M|100\/100\n|-terastallize|p2a: Dragonite|Normal\n|move|p2a: Dragonite|Extreme Speed|p1a: Clodsire\n|-damage|p1a: Clodsire|60\/100\n|\n|-heal|p1a: Clodsire|66\/100|[from] item: Black Sludge\n|upkeep\n|turn|4\n|\n|t:|1700247817\n|move|p2a: Dragonite|Dragon Dance|p2a: Dragonite\n|-boost|p2a: Dragonite|atk|1\n|-boost|p2a: Dragonite|spe|1\n|move|p1a: Clodsire|Toxic|p2a: Dragonite\n|-status|p2a: Dragonite|tox\n|\n|-heal|p1a: Clodsire|72\/100|[from] item: Black Sludge\n|-damage|p2a: Dragonite|94\/100 tox|[from] psn\n|upkeep\n|turn|5\n|\n|t:|1700247827\n|move|p2a: Dragonite|Extreme Speed|p1a: Clodsire\n|-damage|p1a: Clodsire|35\/100\n|move|p1a: Clodsire|Recover|p1a: Clodsire\n|-heal|p1a: Clodsire|85\/100\n|\n|-heal|p1a: Clodsire|91\/100|[from] item: Black Sludge\n|-damage|p2a: Dragonite|82\/100 tox|[from] psn\n|upkeep\n|turn|6\n|\n|t:|1700247836\n|move|p2a: Dragonite|Outrage|p1a: Clodsire\n|-damage|p1a: Clodsire|29\/100\n|move|p1a: Clodsire|Rock Tomb|p2a: Dragonite\n|-damage|p2a: Dragonite|73\/100 tox\n|-unboost|p2a: Dragonite|spe|1\n|\n|-heal|p1a: Clodsire|36\/100|[from] item: Black Sludge\n|-damage|p2a: Dragonite|54\/100 tox|[from] psn\n|upkeep\n|turn|7\n|\n|t:|1700247847\n|switch|p1a: Tapu Koko|Tapu Koko|100\/100\n|-fieldstart|move: Electric Terrain|[from] ability: Electric Surge|[of] p1a: Tapu Koko\n|move|p2a: Dragonite|Outrage|p1a: Tapu Koko|[from]lockedmove\n|-immune|p1a: Tapu Koko\n|\n|-damage|p2a: Dragonite|29\/100 tox|[from] psn\n|upkeep\n|turn|8\n|\n|t:|1700247861\n|switch|p2a: Corviknight|Corviknight, M|100\/100\n|move|p1a: Tapu Koko|Dazzling Gleam|p2a: Corviknight\n|-resisted|p2a: Corviknight\n|-damage|p2a: Corviknight|77\/100\n|\n|-heal|p2a: Corviknight|84\/100|[from] item: Leftovers\n|upkeep\n|turn|9\n|\n|t:|1700247870\n|switch|p1a: Noivern|Noivern, M|100\/100\n|move|p2a: Corviknight|Brave Bird|p1a: Noivern\n|-damage|p1a: Noivern|47\/100\n|-damage|p2a: Corviknight|70\/100|[from] Recoil\n|\n|-heal|p2a: Corviknight|76\/100|[from] item: Leftovers\n|upkeep\n|turn|10\n|\n|t:|1700247879\n|move|p1a: Noivern|Flamethrower|p2a: Corviknight\n|-supereffective|p2a: Corviknight\n|-damage|p2a: Corviknight|4\/100\n|move|p2a: Corviknight|Brave Bird|p1a: Noivern\n|-damage|p1a: Noivern|2\/100\n|-damage|p2a: Corviknight|0 fnt|[from] Recoil\n|faint|p2a: Corviknight\n|\n|upkeep\n|\n|t:|1700247894\n|switch|p2a: Ursaluna|Ursaluna, F|100\/100\n|turn|11\n|\n|t:|1700247900\n|move|p1a: Noivern|Flamethrower|p2a: Ursaluna\n|-damage|p2a: Ursaluna|62\/100\n|move|p2a: Ursaluna|Body Slam|p1a: Noivern\n|-crit|p1a: Noivern\n|-damage|p1a: Noivern|0 fnt\n|faint|p1a: Noivern\n|\n|-fieldend|move: Electric Terrain\n|-status|p2a: Ursaluna|brn|[from] item: Flame Orb\n|upkeep\n|\n|t:|1700247906\n|switch|p1a: Breloom|Breloom, F|100\/100\n|turn|12\n|\n|t:|1700247914\n|move|p1a: Breloom|Bullet Seed|p2a: Ursaluna\n|-supereffective|p2a: Ursaluna\n|-damage|p2a: Ursaluna|19\/100 brn\n|-supereffective|p2a: Ursaluna\n|-damage|p2a: Ursaluna|0 fnt\n|faint|p2a: Ursaluna\n|-hitcount|p2: Ursaluna|2\n|\n|upkeep\n|\n|t:|1700247922\n|switch|p2a: Sneasler|Sneasler, F|100\/100\n|-item|p2a: Sneasler|Air Balloon\n|turn|13\n|\n|t:|1700247927\n|switch|p1a: Clodsire|Clodsire, M|36\/100\n|move|p2a: Sneasler|Dire Claw|p1a: Clodsire\n|-resisted|p1a: Clodsire\n|-damage|p1a: Clodsire|26\/100\n|\n|-heal|p1a: Clodsire|33\/100|[from] item: Black Sludge\n|upkeep\n|turn|14\n|\n|t:|1700247952\n|move|p2a: Sneasler|Dire Claw|p1a: Clodsire\n|-resisted|p1a: Clodsire\n|-damage|p1a: Clodsire|22\/100\n|move|p1a: Clodsire|Recover|p1a: Clodsire\n|-heal|p1a: Clodsire|72\/100\n|\n|-heal|p1a: Clodsire|79\/100|[from] item: Black Sludge\n|upkeep\n|turn|15\n|\n|t:|1700247961\n|move|p2a: Sneasler|Dire Claw|p1a: Clodsire\n|-resisted|p1a: Clodsire\n|-damage|p1a: Clodsire|68\/100\n|move|p1a: Clodsire|Recover|p1a: Clodsire\n|-heal|p1a: Clodsire|100\/100\n|\n|upkeep\n|turn|16\n|\n|t:|1700247972\n|switch|p2a: Dragonite|Dragonite, M, tera:Normal|29\/100 tox\n|move|p1a: Clodsire|Rock Tomb|p2a: Dragonite\n|-damage|p2a: Dragonite|18\/100 tox\n|-unboost|p2a: Dragonite|spe|1\n|-enditem|p2a: Dragonite|Aguav Berry|[eat]\n|-heal|p2a: Dragonite|52\/100 tox|[from] item: Aguav Berry\n|\n|-damage|p2a: Dragonite|45\/100 tox|[from] psn\n|upkeep\n|turn|17\n|l|\u2606Papamurph512\n|player|p2|\n|inactive|Battle timer is ON: inactive players will automatically lose when time's up. (requested by Alteraxia)\n|inactive|Papamurph512 has 30 seconds to reconnect!\n|inactive|Papamurph512 has 20 seconds to reconnect!\n|inactive|Papamurph512 has 15 seconds to reconnect!\n|inactive|Papamurph512 has 10 seconds to reconnect!\n|inactive|Papamurph512 has 5 seconds to reconnect!\n|-message|Papamurph512 lost due to inactivity.\n|\n|win|Alteraxia\n|raw|Alteraxia's rating: 1185 &rarr; <strong>1209<\/strong><br \/>(+24 for winning)\n|raw|Papamurph512's rating: 1171 &rarr; <strong>1147<\/strong><br \/>(-24 for losing)\n","uploadtime":1700248084,"views":9,"p1id":"alteraxia","p2id":"papamurph512","formatid":"gen9nationaldex","rating":1147,"private":0,"password":""}