{"id":"gen9nationaldex-1994314204","p1":"Kevin513","p2":"famus123","format":"[Gen 9] National Dex","log":"|j|\u2606Kevin513\n|j|\u2606famus123\n|t:|1700430104\n|gametype|singles\n|player|p1|Kevin513|palmer|\n|player|p2|famus123|kukui|\n|teamsize|p1|6\n|teamsize|p2|6\n|gen|9\n|tier|[Gen 9] National Dex\n|rule|HP Percentage Mod: HP is shown in percentages\n|rule|Endless Battle Clause: Forcing endless battles is banned\n|rule|OHKO Clause: OHKO moves are banned\n|rule|Evasion Clause: Evasion abilities, items, and moves are banned\n|rule|Evasion Abilities Clause: Evasion abilities are banned\n|rule|Evasion Items Clause: Evasion items are banned\n|rule|Evasion Moves Clause: Evasion moves are banned\n|rule|Species Clause: Limit one of each Pok\u00e9mon\n|rule|Sleep Clause Mod: Limit one foe put to sleep\n|clearpoke\n|poke|p1|Talonflame, M|\n|poke|p1|Lapras, M|\n|poke|p1|Slurpuff, M|\n|poke|p1|Mantine, M|\n|poke|p1|Slowbro-Galar, M|\n|poke|p1|Magmortar, M|\n|poke|p2|Skeledirge, M|\n|poke|p2|Smeargle, M|\n|poke|p2|Morpeko, F|\n|poke|p2|Vileplume, M|\n|poke|p2|Magnezone|\n|poke|p2|Houndoom, M|\n|teampreview\n|\n|t:|1700430117\n|start\n|switch|p1a: Slurpuff|Slurpuff, M, shiny|100\/100\n|switch|p2a: Morpeko|Morpeko, F|100\/100\n|turn|1\n|\n|t:|1700430136\n|move|p2a: Morpeko|Aura Wheel|p1a: Slurpuff\n|-damage|p1a: Slurpuff|56\/100\n|-boost|p2a: Morpeko|spe|1\n|move|p1a: Slurpuff|Belly Drum|p1a: Slurpuff\n|-damage|p1a: Slurpuff|6\/100\n|-setboost|p1a: Slurpuff|atk|6|[from] move: Belly Drum\n|-enditem|p1a: Slurpuff|Sitrus Berry|[eat]\n|-heal|p1a: Slurpuff|31\/100|[from] item: Sitrus Berry\n|\n|-formechange|p2a: Morpeko|Morpeko-Hangry||[from] ability: Hunger Switch\n|upkeep\n|turn|2\n|\n|t:|1700430148\n|move|p2a: Morpeko|Aura Wheel|p1a: Slurpuff\n|-resisted|p1a: Slurpuff\n|-damage|p1a: Slurpuff|6\/100\n|-boost|p2a: Morpeko|spe|1\n|move|p1a: Slurpuff|Drain Punch|p2a: Morpeko\n|-supereffective|p2a: Morpeko\n|-damage|p2a: Morpeko|0 fnt\n|-heal|p1a: Slurpuff|42\/100|[from] drain|[of] p2a: Morpeko\n|faint|p2a: Morpeko\n|\n|upkeep\n|\n|t:|1700430159\n|switch|p2a: Smeargle|Smeargle, M|100\/100\n|turn|3\n|\n|t:|1700430163\n|move|p1a: Slurpuff|Drain Punch|p2a: Smeargle\n|-supereffective|p2a: Smeargle\n|-enditem|p2a: Smeargle|Focus Sash\n|-damage|p2a: Smeargle|1\/100\n|-heal|p1a: Slurpuff|86\/100|[from] drain|[of] p2a: Smeargle\n|move|p2a: Smeargle|Spore|p1a: Slurpuff\n|-status|p1a: Slurpuff|slp|[from] move: Spore\n|\n|upkeep\n|turn|4\n|inactive|Battle timer is ON: inactive players will automatically lose when time's up. (requested by famus123)\n|\n|t:|1700430203\n|cant|p1a: Slurpuff|slp\n|move|p2a: Smeargle|Sunny Day|p2a: Smeargle\n|-weather|SunnyDay\n|\n|-weather|SunnyDay|[upkeep]\n|upkeep\n|turn|5\n|\n|t:|1700430212\n|switch|p1a: Talonflame|Talonflame, M|100\/100\n|move|p2a: Smeargle|Stealth Rock|p1a: Talonflame\n|-sidestart|p1: Kevin513|move: Stealth Rock\n|\n|-weather|SunnyDay|[upkeep]\n|upkeep\n|turn|6\n|\n|t:|1700430218\n|move|p1a: Talonflame|Flare Blitz|p2a: Smeargle\n|-crit|p2a: Smeargle\n|-damage|p2a: Smeargle|0 fnt\n|faint|p2a: Smeargle\n|-damage|p1a: Talonflame|99\/100|[from] Recoil\n|\n|-weather|SunnyDay|[upkeep]\n|upkeep\n|\n|t:|1700430225\n|switch|p2a: Skeledirge|Skeledirge, M|100\/100\n|turn|7\n|inactive|Kevin513 has 270 seconds left.\n|\n|t:|1700430278\n|switch|p1a: Mantine|Mantine, M, shiny|100\/100\n|-damage|p1a: Mantine|76\/100|[from] Stealth Rock\n|move|p2a: Skeledirge|Torch Song|p1a: Mantine\n|-resisted|p1a: Mantine\n|-damage|p1a: Mantine|64\/100\n|-boost|p2a: Skeledirge|spa|1\n|\n|-weather|SunnyDay|[upkeep]\n|-heal|p1a: Mantine|71\/100|[from] item: Leftovers\n|upkeep\n|turn|8\n|\n|t:|1700430298\n|switch|p2a: Magnezone|Magnezone|100\/100\n|move|p1a: Mantine|Defog|p2a: Magnezone\n|-unboost|p2a: Magnezone|evasion|1\n|-sideend|p1: Kevin513|Stealth Rock|[from] move: Defog|[of] p1a: Mantine\n|\n|-weather|none\n|-heal|p1a: Mantine|77\/100|[from] item: Leftovers\n|upkeep\n|turn|9\n|inactive|Kevin513 has 240 seconds left.\n|\n|t:|1700430325\n|move|p2a: Magnezone|Volt Switch|p1a: Mantine\n|-supereffective|p1a: Mantine\n|-damage|p1a: Mantine|6\/100\n|inactive|famus123 has 270 seconds left.\n|\n|t:|1700430368\n|switch|p2a: Skeledirge|Skeledirge, M|100\/100|[from] Volt Switch\n|move|p1a: Mantine|Tailwind|p1a: Mantine\n|-sidestart|p1: Kevin513|move: Tailwind\n|\n|-heal|p1a: Mantine|12\/100|[from] item: Leftovers\n|upkeep\n|turn|10\n|inactive|Kevin513 has 240 seconds left.\n|\n|t:|1700430384\n|switch|p1a: Lapras|Lapras, M, shiny|100\/100\n|move|p2a: Skeledirge|Hex|p1a: Lapras\n|-damage|p1a: Lapras|85\/100\n|\n|-heal|p1a: Lapras|92\/100|[from] item: Leftovers\n|upkeep\n|turn|11\n|inactive|Kevin513 has 240 seconds left.\n|\n|t:|1700430397\n|switch|p2a: Magnezone|Magnezone|100\/100\n|move|p1a: Lapras|Heal Bell|p1a: Lapras\n|-activate|p1a: Lapras|move: Heal Bell\n|-curestatus|p1: Slurpuff|slp|[msg]\n|\n|-heal|p1a: Lapras|98\/100|[from] item: Leftovers\n|upkeep\n|turn|12\n|inactive|Kevin513 has 240 seconds left.\n|inactive|famus123 has 270 seconds left.\n|inactive|Kevin513 has 210 seconds left.\n|\n|t:|1700430453\n|switch|p1a: Slowbro|Slowbro-Galar, M|100\/100\n|move|p2a: Magnezone|Thunderbolt|p1a: Slowbro\n|-damage|p1a: Slowbro|51\/100\n|\n|-heal|p1a: Slowbro|57\/100|[from] item: Black Sludge\n|-sideend|p1: Kevin513|move: Tailwind\n|upkeep\n|turn|13\n|\n|t:|1700430470\n|move|p2a: Magnezone|Thunderbolt|p1a: Slowbro\n|-damage|p1a: Slowbro|0 fnt\n|faint|p1a: Slowbro\n|\n|upkeep\n|\n|t:|1700430476\n|switch|p1a: Magmortar|Magmortar, M|100\/100\n|turn|14\n|\n|t:|1700430487\n|switch|p2a: Skeledirge|Skeledirge, M|100\/100\n|move|p1a: Magmortar|Overheat|p2a: Skeledirge\n|-resisted|p2a: Skeledirge\n|-damage|p2a: Skeledirge|46\/100\n|-unboost|p1a: Magmortar|spa|2\n|\n|upkeep\n|turn|15\n|\n|t:|1700430500\n|move|p1a: Magmortar|Overheat|p2a: Skeledirge\n|-resisted|p2a: Skeledirge\n|-damage|p2a: Skeledirge|0 fnt\n|-unboost|p1a: Magmortar|spa|2\n|faint|p2a: Skeledirge\n|\n|upkeep\n|inactive|famus123 has 270 seconds left.\n|\n|t:|1700430512\n|switch|p2a: Houndoom|Houndoom, M|100\/100\n|turn|16\n|inactive|famus123 has 270 seconds left.\n|\n|t:|1700430531\n|switch|p1a: Slurpuff|Slurpuff, M, shiny|86\/100\n|detailschange|p2a: Houndoom|Houndoom-Mega, M\n|-mega|p2a: Houndoom|Houndoom|Houndoominite\n|move|p2a: Houndoom|Nasty Plot|p2a: Houndoom\n|-boost|p2a: Houndoom|spa|2\n|\n|upkeep\n|turn|17\n|inactive|Kevin513 has 210 seconds left.\n|inactive|famus123 has 270 seconds left.\n|\n|t:|1700430538\n|move|p2a: Houndoom|Sludge Bomb|p1a: Slurpuff\n|-supereffective|p1a: Slurpuff\n|-damage|p1a: Slurpuff|0 fnt\n|faint|p1a: Slurpuff\n|\n|upkeep\n|inactive|Kevin513 has 210 seconds left.\n|\n|t:|1700430545\n|switch|p1a: Talonflame|Talonflame, M|99\/100\n|turn|18\n|inactive|Kevin513 has 210 seconds left.\n|\n|t:|1700430557\n|move|p1a: Talonflame|Brave Bird|p2a: Houndoom\n|-damage|p2a: Houndoom|46\/100\n|-damage|p1a: Talonflame|82\/100|[from] Recoil\n|move|p2a: Houndoom|Dark Pulse|p1a: Talonflame\n|-damage|p1a: Talonflame|0 fnt\n|faint|p1a: Talonflame\n|\n|upkeep\n|inactive|Kevin513 has 210 seconds left.\n|\n|t:|1700430570\n|switch|p1a: Lapras|Lapras, M, shiny|98\/100\n|turn|19\n|inactive|Kevin513 has 210 seconds left.\n|\n|t:|1700430583\n|-terastallize|p1a: Lapras|Fire\n|move|p2a: Houndoom|Flamethrower|p1a: Lapras\n|-resisted|p1a: Lapras\n|-damage|p1a: Lapras|66\/100\n|move|p1a: Lapras|Toxic|p2a: Houndoom\n|-status|p2a: Houndoom|tox\n|\n|-heal|p1a: Lapras|72\/100|[from] item: Leftovers\n|-damage|p2a: Houndoom|39\/100 tox|[from] psn\n|upkeep\n|turn|20\n|inactive|Kevin513 has 210 seconds left.\n|\n|t:|1700430595\n|move|p2a: Houndoom|Dark Pulse|p1a: Lapras\n|-damage|p1a: Lapras|12\/100\n|move|p1a: Lapras|Freeze-Dry|p2a: Houndoom\n|-resisted|p2a: Houndoom\n|-damage|p2a: Houndoom|28\/100 tox\n|\n|-heal|p1a: Lapras|18\/100|[from] item: Leftovers\n|-damage|p2a: Houndoom|15\/100 tox|[from] psn\n|upkeep\n|turn|21\n|\n|t:|1700430605\n|move|p1a: Lapras|Protect|p1a: Lapras\n|-singleturn|p1a: Lapras|Protect\n|move|p2a: Houndoom|Dark Pulse|p1a: Lapras\n|-activate|p1a: Lapras|move: Protect\n|\n|-heal|p1a: Lapras|24\/100|[from] item: Leftovers\n|-damage|p2a: Houndoom|0 fnt|[from] psn\n|faint|p2a: Houndoom\n|upkeep\n|\n|t:|1700430630\n|switch|p2a: Magnezone|Magnezone|100\/100\n|turn|22\n|\n|t:|1700430640\n|move|p2a: Magnezone|Volt Switch|p1a: Lapras\n|-damage|p1a: Lapras|0 fnt\n|faint|p1a: Lapras\n|\n|t:|1700430645\n|switch|p2a: Vileplume|Vileplume, M|100\/100|[from] Volt Switch\n|\n|upkeep\n|\n|t:|1700430648\n|switch|p1a: Magmortar|Magmortar, M|100\/100\n|turn|23\n|\n|t:|1700430669\n|move|p1a: Magmortar|Overheat|p2a: Vileplume|[miss]\n|-miss|p1a: Magmortar|p2a: Vileplume\n|move|p2a: Vileplume|Moonblast|p1a: Magmortar\n|-resisted|p1a: Magmortar\n|-damage|p1a: Magmortar|78\/100\n|-damage|p2a: Vileplume|91\/100|[from] item: Life Orb\n|\n|upkeep\n|turn|24\n|\n|t:|1700430677\n|move|p1a: Magmortar|Overheat|p2a: Vileplume\n|-supereffective|p2a: Vileplume\n|-damage|p2a: Vileplume|0 fnt\n|-unboost|p1a: Magmortar|spa|2\n|faint|p2a: Vileplume\n|\n|upkeep\n|\n|t:|1700430679\n|switch|p2a: Magnezone|Magnezone|100\/100\n|turn|25\n|\n|t:|1700430684\n|-terastallize|p2a: Magnezone|Fighting\n|move|p2a: Magnezone|Thunderbolt|p1a: Magmortar\n|-damage|p1a: Magmortar|33\/100\n|move|p1a: Magmortar|Overheat|p2a: Magnezone\n|-damage|p2a: Magnezone|29\/100\n|-unboost|p1a: Magmortar|spa|2\n|\n|upkeep\n|turn|26\n|inactive|Kevin513 has 270 seconds left.\n|\n|t:|1700430693\n|move|p2a: Magnezone|Thunderbolt|p1a: Magmortar\n|-damage|p1a: Magmortar|0 fnt\n|faint|p1a: Magmortar\n|\n|upkeep\n|\n|t:|1700430697\n|switch|p1a: Mantine|Mantine, M, shiny|12\/100\n|turn|27\n|\n|t:|1700430707\n|move|p2a: Magnezone|Thunderbolt|p1a: Mantine\n|-supereffective|p1a: Mantine\n|-damage|p1a: Mantine|0 fnt\n|faint|p1a: Mantine\n|\n|win|famus123\n","uploadtime":1700430710,"views":6,"p1id":"kevin513","p2id":"famus123","formatid":"gen9nationaldex","rating":0,"private":0,"password":""}