{"id":"gen9nationaldex-1992866683","p1":"NahImtheotherguy","p2":"Blusowka","format":"[Gen 9] National Dex","log":"|j|\u203dNahImtheotherguy\n|j|\u2606Blusowka\n|t:|1700242267\n|gametype|singles\n|player|p1|NahImtheotherguy|bea|1336\n|player|p2|Blusowka|skyla|1352\n|teamsize|p1|6\n|teamsize|p2|6\n|gen|9\n|tier|[Gen 9] National Dex\n|rated|\n|rule|HP Percentage Mod: HP is shown in percentages\n|rule|Endless Battle Clause: Forcing endless battles is banned\n|rule|OHKO Clause: OHKO moves are banned\n|rule|Evasion Clause: Evasion abilities, items, and moves are banned\n|rule|Evasion Abilities Clause: Evasion abilities are banned\n|rule|Evasion Items Clause: Evasion items are banned\n|rule|Evasion Moves Clause: Evasion moves are banned\n|rule|Species Clause: Limit one of each Pok\u00e9mon\n|rule|Sleep Clause Mod: Limit one foe put to sleep\n|clearpoke\n|poke|p1|Ninetales-Alola, F|\n|poke|p1|Tapu Lele|\n|poke|p1|Diancie|\n|poke|p1|Sneasler, M|\n|poke|p1|Tapu Koko|\n|poke|p1|Great Tusk|\n|poke|p2|Fearow, M|\n|poke|p2|Swampert, M|\n|poke|p2|Volcarona, M|\n|poke|p2|Ferrothorn, F|\n|poke|p2|Kyurem|\n|poke|p2|Gengar, M|\n|teampreview\n|inactive|Battle timer is ON: inactive players will automatically lose when time's up. (requested by NahImtheotherguy)\n|\n|t:|1700242282\n|start\n|switch|p1a: Ninetales|Ninetales-Alola, F|100\/100\n|switch|p2a: Ferrothorn|Ferrothorn, F|100\/100\n|-weather|Snow|[from] ability: Snow Warning|[of] p1a: Ninetales\n|turn|1\n|\n|t:|1700242296\n|move|p1a: Ninetales|Safeguard|p1a: Ninetales\n|-sidestart|p1: NahImtheotherguy|Safeguard\n|move|p2a: Ferrothorn|Stealth Rock|p1a: Ninetales\n|-sidestart|p1: NahImtheotherguy|move: Stealth Rock\n|\n|-weather|Snow|[upkeep]\n|upkeep\n|turn|2\n|\n|t:|1700242301\n|move|p1a: Ninetales|Encore|p2a: Ferrothorn\n|-start|p2a: Ferrothorn|Encore\n|move|p2a: Ferrothorn|Stealth Rock||[still]\n|-fail|p2a: Ferrothorn\n|\n|-weather|Snow|[upkeep]\n|upkeep\n|turn|3\n|\n|t:|1700242308\n|switch|p2a: Volcarona|Volcarona, M|100\/100\n|move|p1a: Ninetales|Aurora Veil|p1a: Ninetales\n|-sidestart|p1: NahImtheotherguy|move: Aurora Veil\n|\n|-weather|Snow|[upkeep]\n|upkeep\n|turn|4\n|\n|t:|1700242320\n|switch|p1a: Tapu Lele|Tapu Lele|100\/100\n|-damage|p1a: Tapu Lele|88\/100|[from] Stealth Rock\n|-fieldstart|move: Psychic Terrain|[from] ability: Psychic Surge|[of] p1a: Tapu Lele\n|move|p2a: Volcarona|Quiver Dance|p2a: Volcarona\n|-boost|p2a: Volcarona|spa|1\n|-boost|p2a: Volcarona|spd|1\n|-boost|p2a: Volcarona|spe|1\n|\n|-weather|Snow|[upkeep]\n|upkeep\n|turn|5\n|\n|t:|1700242330\n|move|p2a: Volcarona|Fiery Dance|p1a: Tapu Lele\n|-damage|p1a: Tapu Lele|49\/100\n|-boost|p2a: Volcarona|spa|1\n|-enditem|p1a: Tapu Lele|Eject Button\n|\n|t:|1700242334\n|switch|p1a: Sneasler|Sneasler, M|100\/100\n|-damage|p1a: Sneasler|95\/100|[from] Stealth Rock\n|-enditem|p1a: Sneasler|Psychic Seed\n|-boost|p1a: Sneasler|spd|1|[from] item: Psychic Seed\n|\n|-weather|none\n|-sideend|p1: NahImtheotherguy|Safeguard\n|upkeep\n|turn|6\n|\n|t:|1700242352\n|move|p1a: Sneasler|Swords Dance|p1a: Sneasler\n|-boost|p1a: Sneasler|atk|2\n|move|p2a: Volcarona|Fiery Dance|p1a: Sneasler\n|-damage|p1a: Sneasler|51\/100\n|-boost|p2a: Volcarona|spa|1\n|\n|upkeep\n|turn|7\n|\n|t:|1700242375\n|-terastallize|p1a: Sneasler|Dark\n|move|p1a: Sneasler|Tera Blast|p2a: Volcarona|[anim] Tera Blast Dark\n|-damage|p2a: Volcarona|0 fnt\n|faint|p2a: Volcarona\n|\n|upkeep\n|inactive|Blusowka has 120 seconds left.\n|\n|t:|1700242390\n|switch|p2a: Ferrothorn|Ferrothorn, F|100\/100\n|turn|8\n|\n|t:|1700242401\n|move|p1a: Sneasler|Tera Blast|p2a: Ferrothorn|[anim] Tera Blast Dark\n|-damage|p2a: Ferrothorn|46\/100\n|move|p2a: Ferrothorn|Leech Seed|p1a: Sneasler\n|-start|p1a: Sneasler|move: Leech Seed\n|\n|-damage|p1a: Sneasler|39\/100|[from] Leech Seed|[of] p2a: Ferrothorn\n|-heal|p2a: Ferrothorn|56\/100|[silent]\n|-fieldend|move: Psychic Terrain\n|upkeep\n|turn|9\n|\n|t:|1700242412\n|move|p1a: Sneasler|Swords Dance|p1a: Sneasler\n|-boost|p1a: Sneasler|atk|2\n|move|p2a: Ferrothorn|Spikes|p1a: Sneasler\n|-sidestart|p1: NahImtheotherguy|Spikes\n|\n|-damage|p1a: Sneasler|26\/100|[from] Leech Seed|[of] p2a: Ferrothorn\n|-heal|p2a: Ferrothorn|67\/100|[silent]\n|upkeep\n|turn|10\n|\n|t:|1700242419\n|move|p2a: Ferrothorn|Protect|p2a: Ferrothorn\n|-singleturn|p2a: Ferrothorn|Protect\n|move|p1a: Sneasler|Tera Blast|p2a: Ferrothorn|[anim] Tera Blast Dark\n|-activate|p2a: Ferrothorn|move: Protect\n|\n|-damage|p1a: Sneasler|14\/100|[from] Leech Seed|[of] p2a: Ferrothorn\n|-heal|p2a: Ferrothorn|77\/100|[silent]\n|-sideend|p1: NahImtheotherguy|move: Aurora Veil\n|upkeep\n|turn|11\n|\n|t:|1700242431\n|move|p1a: Sneasler|Tera Blast|p2a: Ferrothorn|[anim] Tera Blast Dark\n|-crit|p2a: Ferrothorn\n|-damage|p2a: Ferrothorn|0 fnt\n|faint|p2a: Ferrothorn\n|\n|upkeep\n|\n|t:|1700242445\n|switch|p2a: Swampert|Swampert, M|100\/100\n|turn|12\n|\n|t:|1700242455\n|detailschange|p2a: Swampert|Swampert-Mega, M\n|-mega|p2a: Swampert|Swampert|Swampertite\n|move|p1a: Sneasler|Close Combat|p2a: Swampert\n|-damage|p2a: Swampert|0 fnt\n|-unboost|p1a: Sneasler|def|1\n|-unboost|p1a: Sneasler|spd|1\n|faint|p2a: Swampert\n|\n|upkeep\n|inactive|Blusowka has 120 seconds left.\n|\n|t:|1700242473\n|switch|p2a: Fearow|Fearow, M|100\/100\n|turn|13\n|\n|t:|1700242486\n|move|p1a: Sneasler|Tera Blast|p2a: Fearow|[anim] Tera Blast Dark\n|-damage|p2a: Fearow|0 fnt\n|faint|p2a: Fearow\n|\n|upkeep\n|\n|t:|1700242493\n|switch|p2a: Kyurem|Kyurem|100\/100\n|-ability|p2a: Kyurem|Pressure\n|turn|14\n|\n|t:|1700242502\n|switch|p2a: Gengar|Gengar, M|100\/100\n|move|p1a: Sneasler|Dire Claw|p2a: Gengar\n|-resisted|p2a: Gengar\n|-damage|p2a: Gengar|37\/100\n|-start|p1a: Sneasler|Disable|Dire Claw|[from] ability: Cursed Body|[of] p2a: Gengar\n|\n|-heal|p2a: Gengar|43\/100|[from] item: Black Sludge\n|-damage|p1a: Sneasler|2\/100|[from] Leech Seed|[of] p2a: Gengar\n|-heal|p2a: Gengar|57\/100|[silent]\n|upkeep\n|turn|15\n|\n|t:|1700242519\n|move|p1a: Sneasler|Tera Blast|p2a: Gengar|[anim] Tera Blast Dark\n|-supereffective|p2a: Gengar\n|-damage|p2a: Gengar|0 fnt\n|faint|p2a: Gengar\n|\n|upkeep\n|\n|t:|1700242524\n|switch|p2a: Kyurem|Kyurem|100\/100\n|-ability|p2a: Kyurem|Pressure\n|turn|16\n|\n|t:|1700242541\n|-terastallize|p2a: Kyurem|Dragon\n|move|p1a: Sneasler|Close Combat|p2a: Kyurem\n|-crit|p2a: Kyurem\n|-damage|p2a: Kyurem|0 fnt\n|-unboost|p1a: Sneasler|def|1\n|-unboost|p1a: Sneasler|spd|1\n|faint|p2a: Kyurem\n|\n|win|NahImtheotherguy\n|raw|NahImtheotherguy's rating: 1336 &rarr; <strong>1357<\/strong><br \/>(+21 for winning)\n|raw|Blusowka's rating: 1352 &rarr; <strong>1331<\/strong><br \/>(-21 for losing)\n|l|\u2606Blusowka\n","uploadtime":1700242550,"views":10,"p1id":"nahimtheotherguy","p2id":"blusowka","formatid":"gen9nationaldex","rating":1331,"private":0,"password":""}