{"id":"gen9nationaldex-1989771348","p1":"xenoxFXC","p2":"Feigar2004","format":"[Gen 9] National Dex","log":"|j|\u2606xenoxFXC\n|j|\u2606Feigar2004\n|t:|1699894349\n|gametype|singles\n|player|p1|xenoxFXC|falkner|1048\n|player|p2|Feigar2004|benga|1138\n|teamsize|p1|6\n|teamsize|p2|6\n|gen|9\n|tier|[Gen 9] National Dex\n|rated|\n|rule|HP Percentage Mod: HP is shown in percentages\n|rule|Endless Battle Clause: Forcing endless battles is banned\n|rule|OHKO Clause: OHKO moves are banned\n|rule|Evasion Clause: Evasion abilities, items, and moves are banned\n|rule|Evasion Abilities Clause: Evasion abilities are banned\n|rule|Evasion Items Clause: Evasion items are banned\n|rule|Evasion Moves Clause: Evasion moves are banned\n|rule|Species Clause: Limit one of each Pok\u00e9mon\n|rule|Sleep Clause Mod: Limit one foe put to sleep\n|clearpoke\n|poke|p1|Eiscue, F|\n|poke|p1|Meowscarada, F|\n|poke|p1|Lopunny, F|\n|poke|p1|Urshifu-*, M|\n|poke|p1|Sinistcha-Masterpiece|\n|poke|p1|Hoopa|\n|poke|p2|Greninja-*, M|\n|poke|p2|Beedrill, M|\n|poke|p2|Skeledirge, M|\n|poke|p2|Leafeon, M|\n|poke|p2|Muk-Alola, M|\n|poke|p2|Corviknight, M|\n|teampreview\n|inactive|Battle timer is ON: inactive players will automatically lose when time's up. (requested by xenoxFXC)\n|\n|t:|1699894371\n|start\n|switch|p1a: Lopunny|Lopunny, F, shiny|100\/100\n|switch|p2a: Muk|Muk-Alola, M|100\/100\n|turn|1\n|\n|t:|1699894391\n|detailschange|p1a: Lopunny|Lopunny-Mega, F, shiny\n|-mega|p1a: Lopunny|Lopunny|Lopunnite\n|move|p1a: Lopunny|Fake Out|p2a: Muk\n|-damage|p2a: Muk|77\/100\n|cant|p2a: Muk|flinch\n|\n|upkeep\n|turn|2\n|\n|t:|1699894409\n|move|p1a: Lopunny|Close Combat|p2a: Muk\n|-damage|p2a: Muk|13\/100\n|-unboost|p1a: Lopunny|def|1\n|-unboost|p1a: Lopunny|spd|1\n|-enditem|p2a: Muk|Figy Berry|[eat]\n|-heal|p2a: Muk|46\/100|[from] item: Figy Berry\n|move|p2a: Muk|Toxic|p1a: Lopunny\n|-status|p1a: Lopunny|tox\n|\n|-damage|p1a: Lopunny|95\/100 tox|[from] psn\n|upkeep\n|turn|3\n|inactive|xenoxFXC has 120 seconds left.\n|\n|t:|1699894440\n|switch|p2a: Corviknight|Corviknight, M|100\/100\n|move|p1a: Lopunny|Close Combat|p2a: Corviknight\n|-damage|p2a: Corviknight|61\/100\n|-unboost|p1a: Lopunny|def|1\n|-unboost|p1a: Lopunny|spd|1\n|-damage|p1a: Lopunny|78\/100 tox|[from] item: Rocky Helmet|[of] p2a: Corviknight\n|\n|-damage|p1a: Lopunny|66\/100 tox|[from] psn\n|upkeep\n|turn|4\n|\n|t:|1699894463\n|move|p1a: Lopunny|U-turn|p2a: Corviknight\n|-resisted|p2a: Corviknight\n|-damage|p2a: Corviknight|58\/100\n|-damage|p1a: Lopunny|50\/100 tox|[from] item: Rocky Helmet|[of] p2a: Corviknight\n|inactive|xenoxFXC has 120 seconds left.\n|\n|t:|1699894502\n|switch|p1a: Meowscarada|Meowscarada, F, shiny|100\/100|[from] U-turn\n|move|p2a: Corviknight|Roost|p2a: Corviknight\n|-heal|p2a: Corviknight|100\/100\n|-singleturn|p2a: Corviknight|move: Roost\n|\n|upkeep\n|turn|5\n|\n|t:|1699894514\n|move|p1a: Meowscarada|Knock Off|p2a: Corviknight\n|-damage|p2a: Corviknight|71\/100\n|-damage|p1a: Meowscarada|84\/100|[from] item: Rocky Helmet|[of] p2a: Corviknight\n|-enditem|p2a: Corviknight|Rocky Helmet|[from] move: Knock Off|[of] p1a: Meowscarada\n|move|p2a: Corviknight|Bulk Up|p2a: Corviknight\n|-boost|p2a: Corviknight|atk|1\n|-boost|p2a: Corviknight|def|1\n|\n|upkeep\n|turn|6\n|\n|t:|1699894523\n|switch|p1a: Eiscue|Eiscue, F, shiny|100\/100\n|move|p2a: Corviknight|Roost|p2a: Corviknight\n|-heal|p2a: Corviknight|100\/100\n|-singleturn|p2a: Corviknight|move: Roost\n|\n|upkeep\n|turn|7\n|\n|t:|1699894527\n|move|p1a: Eiscue|Belly Drum|p1a: Eiscue\n|-damage|p1a: Eiscue|50\/100\n|-setboost|p1a: Eiscue|atk|6|[from] move: Belly Drum\n|move|p2a: Corviknight|Bulk Up|p2a: Corviknight\n|-boost|p2a: Corviknight|atk|1\n|-boost|p2a: Corviknight|def|1\n|\n|upkeep\n|turn|8\n|inactive|xenoxFXC has 120 seconds left.\n|\n|t:|1699894538\n|move|p1a: Eiscue|Ice Spinner|p2a: Corviknight\n|-damage|p2a: Corviknight|63\/100\n|move|p2a: Corviknight|Bulk Up|p2a: Corviknight\n|-boost|p2a: Corviknight|atk|1\n|-boost|p2a: Corviknight|def|1\n|\n|upkeep\n|turn|9\n|\n|t:|1699894543\n|move|p1a: Eiscue|Ice Spinner|p2a: Corviknight\n|-damage|p2a: Corviknight|32\/100\n|move|p2a: Corviknight|Roost|p2a: Corviknight\n|-heal|p2a: Corviknight|82\/100\n|-singleturn|p2a: Corviknight|move: Roost\n|\n|upkeep\n|turn|10\n|\n|t:|1699894548\n|move|p1a: Eiscue|Ice Spinner|p2a: Corviknight\n|-damage|p2a: Corviknight|51\/100\n|move|p2a: Corviknight|Bulk Up|p2a: Corviknight\n|-boost|p2a: Corviknight|atk|1\n|-boost|p2a: Corviknight|def|1\n|\n|upkeep\n|turn|11\n|\n|t:|1699894552\n|move|p1a: Eiscue|Ice Spinner|p2a: Corviknight\n|-damage|p2a: Corviknight|28\/100\n|move|p2a: Corviknight|Roost|p2a: Corviknight\n|-heal|p2a: Corviknight|78\/100\n|-singleturn|p2a: Corviknight|move: Roost\n|\n|upkeep\n|turn|12\n|\n|t:|1699894560\n|move|p1a: Eiscue|Ice Spinner|p2a: Corviknight\n|-damage|p2a: Corviknight|53\/100\n|move|p2a: Corviknight|Roost|p2a: Corviknight\n|-heal|p2a: Corviknight|100\/100\n|-singleturn|p2a: Corviknight|move: Roost\n|\n|upkeep\n|turn|13\n|\n|t:|1699894563\n|move|p1a: Eiscue|Ice Spinner|p2a: Corviknight\n|-damage|p2a: Corviknight|76\/100\n|move|p2a: Corviknight|Bulk Up|p2a: Corviknight\n|-boost|p2a: Corviknight|atk|1\n|-boost|p2a: Corviknight|def|1\n|\n|upkeep\n|turn|14\n|\n|t:|1699894568\n|move|p1a: Eiscue|Ice Spinner|p2a: Corviknight\n|-damage|p2a: Corviknight|56\/100\n|move|p2a: Corviknight|Bulk Up|p2a: Corviknight\n|-boost|p2a: Corviknight|atk|1\n|-boost|p2a: Corviknight|def|1\n|\n|upkeep\n|turn|15\n|\n|t:|1699894574\n|move|p1a: Eiscue|Ice Spinner|p2a: Corviknight\n|-damage|p2a: Corviknight|38\/100\n|move|p2a: Corviknight|Roost|p2a: Corviknight\n|-heal|p2a: Corviknight|88\/100\n|-singleturn|p2a: Corviknight|move: Roost\n|\n|upkeep\n|turn|16\n|\n|t:|1699894583\n|-terastallize|p1a: Eiscue|Ground\n|move|p1a: Eiscue|Tera Blast|p2a: Corviknight|[anim] Tera Blast Ground\n|-immune|p2a: Corviknight\n|move|p2a: Corviknight|Body Press|p1a: Eiscue\n|-activate|p1a: Eiscue|ability: Ice Face\n|-damage|p1a: Eiscue|50\/100\n|detailschange|p1a: Eiscue|Eiscue-Noice, F, shiny, tera:Ground\n|\n|upkeep\n|turn|17\n|\n|t:|1699894592\n|move|p1a: Eiscue|Ice Spinner|p2a: Corviknight\n|-damage|p2a: Corviknight|71\/100\n|move|p2a: Corviknight|Body Press|p1a: Eiscue\n|-damage|p1a: Eiscue|0 fnt\n|faint|p1a: Eiscue\n|\n|upkeep\n|\n|t:|1699894599\n|switch|p1a: Hoopa|Hoopa|100\/100\n|turn|18\n|\n|t:|1699894614\n|switch|p2a: Muk|Muk-Alola, M|46\/100\n|move|p1a: Hoopa|Phantom Force||[still]\n|-prepare|p1a: Hoopa|Phantom Force\n|\n|upkeep\n|turn|19\n|\n|t:|1699894619\n|move|p1a: Hoopa|Phantom Force|p2a: Muk|[from]lockedmove\n|-resisted|p2a: Muk\n|-damage|p2a: Muk|29\/100\n|move|p2a: Muk|Recycle|p2a: Muk\n|-item|p2a: Muk|Figy Berry|[from] move: Recycle\n|-enditem|p2a: Muk|Figy Berry|[eat]\n|-heal|p2a: Muk|63\/100|[from] item: Figy Berry\n|\n|upkeep\n|turn|20\n|\n|t:|1699894627\n|move|p1a: Hoopa|Focus Blast|p2a: Muk\n|-damage|p2a: Muk|31\/100\n|move|p2a: Muk|Recycle|p2a: Muk\n|-item|p2a: Muk|Figy Berry|[from] move: Recycle\n|-enditem|p2a: Muk|Figy Berry|[eat]\n|-heal|p2a: Muk|65\/100|[from] item: Figy Berry\n|\n|upkeep\n|turn|21\n|\n|t:|1699894632\n|switch|p1a: Urshifu|Urshifu-Rapid-Strike, M|100\/100\n|move|p2a: Muk|Knock Off|p1a: Urshifu\n|-resisted|p1a: Urshifu\n|-damage|p1a: Urshifu|84\/100\n|-enditem|p1a: Urshifu|Punching Glove|[from] move: Knock Off|[of] p2a: Muk\n|\n|upkeep\n|turn|22\n|\n|t:|1699894640\n|switch|p2a: Corviknight|Corviknight, M|71\/100\n|move|p1a: Urshifu|Surging Strikes|p2a: Corviknight\n|-crit|p2a: Corviknight\n|-damage|p2a: Corviknight|60\/100\n|-crit|p2a: Corviknight\n|-damage|p2a: Corviknight|48\/100\n|-crit|p2a: Corviknight\n|-damage|p2a: Corviknight|35\/100\n|-hitcount|p2a: Corviknight|3\n|\n|upkeep\n|turn|23\n|\n|t:|1699894653\n|move|p1a: Urshifu|Surging Strikes|p2a: Corviknight\n|-crit|p2a: Corviknight\n|-damage|p2a: Corviknight|23\/100\n|-crit|p2a: Corviknight\n|-damage|p2a: Corviknight|11\/100\n|-crit|p2a: Corviknight\n|-damage|p2a: Corviknight|0 fnt\n|faint|p2a: Corviknight\n|-hitcount|p2: Corviknight|3\n|\n|upkeep\n|\n|t:|1699894658\n|switch|p2a: Leafeon|Leafeon, M|100\/100\n|turn|24\n|\n|t:|1699894666\n|switch|p1a: Lopunny|Lopunny-Mega, F, shiny|50\/100 tox\n|move|p2a: Leafeon|Swords Dance|p2a: Leafeon\n|-boost|p2a: Leafeon|atk|2\n|\n|-damage|p1a: Lopunny|44\/100 tox|[from] psn\n|upkeep\n|turn|25\n|\n|t:|1699894672\n|move|p1a: Lopunny|Fake Out|p2a: Leafeon\n|-damage|p2a: Leafeon|81\/100\n|cant|p2a: Leafeon|flinch\n|\n|-heal|p2a: Leafeon|87\/100|[from] item: Leftovers\n|-damage|p1a: Lopunny|32\/100 tox|[from] psn\n|upkeep\n|turn|26\n|\n|t:|1699894680\n|move|p1a: Lopunny|U-turn|p2a: Leafeon\n|-supereffective|p2a: Leafeon\n|-damage|p2a: Leafeon|46\/100\n|\n|t:|1699894684\n|switch|p1a: Sinistcha|Sinistcha-Masterpiece, shiny|100\/100|[from] U-turn\n|move|p2a: Leafeon|Leaf Blade|p1a: Sinistcha\n|-resisted|p1a: Sinistcha\n|-damage|p1a: Sinistcha|51\/100\n|\n|-heal|p2a: Leafeon|52\/100|[from] item: Leftovers\n|upkeep\n|turn|27\n|\n|t:|1699894694\n|move|p1a: Sinistcha|Poltergeist|p2a: Leafeon\n|-activate|p2a: Leafeon|move: Poltergeist|Leftovers\n|-damage|p2a: Leafeon|29\/100\n|move|p2a: Leafeon|Wish|p2a: Leafeon\n|\n|-heal|p2a: Leafeon|35\/100|[from] item: Leftovers\n|upkeep\n|turn|28\n|\n|t:|1699894705\n|switch|p1a: Lopunny|Lopunny-Mega, F, shiny|32\/100 tox\n|move|p2a: Leafeon|Knock Off|p1a: Lopunny\n|-resisted|p1a: Lopunny\n|-damage|p1a: Lopunny|3\/100 tox\n|\n|-heal|p2a: Leafeon|85\/100|[from] move: Wish|[wisher] Leafeon\n|-heal|p2a: Leafeon|91\/100|[from] item: Leftovers\n|-damage|p1a: Lopunny|0 fnt|[from] psn\n|faint|p1a: Lopunny\n|upkeep\n|\n|t:|1699894713\n|switch|p1a: Urshifu|Urshifu-Rapid-Strike, M|84\/100\n|turn|29\n|\n|t:|1699894717\n|move|p1a: Urshifu|Swords Dance|p1a: Urshifu\n|-boost|p1a: Urshifu|atk|2\n|move|p2a: Leafeon|Leaf Blade|p1a: Urshifu\n|-supereffective|p1a: Urshifu\n|-damage|p1a: Urshifu|0 fnt\n|faint|p1a: Urshifu\n|\n|-heal|p2a: Leafeon|97\/100|[from] item: Leftovers\n|upkeep\n|-message|xenoxFXC forfeited.\n|\n|win|Feigar2004\n|raw|xenoxFXC's rating: 1048 &rarr; <strong>1035<\/strong><br \/>(-13 for losing)\n|raw|Feigar2004's rating: 1138 &rarr; <strong>1157<\/strong><br \/>(+19 for winning)\n|l|\u2606xenoxFXC\n","uploadtime":1699894733,"views":5,"p1id":"xenoxfxc","p2id":"feigar2004","formatid":"gen9nationaldex","rating":1035,"private":0,"password":""}