{"id":"gen9nationaldex-1988733554","p1":"Proman64","p2":"vex is a qt","format":"[Gen 9] National Dex","log":"|j|\u2606Proman64\n|j|\u2606vex is a qt\n|t:|1699756271\n|gametype|singles\n|player|p1|Proman64|unknown|1229\n|player|p2|vex is a qt|n|1134\n|teamsize|p1|6\n|teamsize|p2|6\n|gen|9\n|tier|[Gen 9] National Dex\n|rated|\n|rule|HP Percentage Mod: HP is shown in percentages\n|rule|Endless Battle Clause: Forcing endless battles is banned\n|rule|OHKO Clause: OHKO moves are banned\n|rule|Evasion Clause: Evasion abilities, items, and moves are banned\n|rule|Evasion Abilities Clause: Evasion abilities are banned\n|rule|Evasion Items Clause: Evasion items are banned\n|rule|Evasion Moves Clause: Evasion moves are banned\n|rule|Species Clause: Limit one of each Pok\u00e9mon\n|rule|Sleep Clause Mod: Limit one foe put to sleep\n|clearpoke\n|poke|p1|Tapu Koko|\n|poke|p1|Gliscor, F|\n|poke|p1|Heatran, F|\n|poke|p1|Volcanion|\n|poke|p1|Great Tusk|\n|poke|p1|Sceptile, F|\n|poke|p2|Conkeldurr, M|\n|poke|p2|Charizard, M|\n|poke|p2|Ferrothorn, F|\n|poke|p2|Rotom-Wash|\n|poke|p2|Kommo-o, M|\n|poke|p2|Garganacl, F|\n|teampreview\n|\n|t:|1699756280\n|start\n|switch|p1a: Sceptile|Sceptile, F|100\/100\n|switch|p2a: Ferrothorn|Ferrothorn, F|100\/100\n|turn|1\n|\n|t:|1699756284\n|detailschange|p1a: Sceptile|Sceptile-Mega, F\n|-mega|p1a: Sceptile|Sceptile|Sceptilite\n|move|p1a: Sceptile|Focus Blast|p2a: Ferrothorn\n|-supereffective|p2a: Ferrothorn\n|-damage|p2a: Ferrothorn|23\/100\n|move|p2a: Ferrothorn|Stealth Rock|p1a: Sceptile\n|-sidestart|p1: Proman64|move: Stealth Rock\n|\n|upkeep\n|turn|2\n|\n|t:|1699756292\n|move|p1a: Sceptile|Substitute|p1a: Sceptile\n|-start|p1a: Sceptile|Substitute\n|-damage|p1a: Sceptile|76\/100\n|move|p2a: Ferrothorn|Spikes|p1a: Sceptile\n|-sidestart|p1: Proman64|Spikes\n|\n|upkeep\n|turn|3\n|\n|t:|1699756297\n|move|p1a: Sceptile|Focus Blast|p2a: Ferrothorn\n|-supereffective|p2a: Ferrothorn\n|-damage|p2a: Ferrothorn|0 fnt\n|faint|p2a: Ferrothorn\n|\n|upkeep\n|\n|t:|1699756310\n|switch|p2a: Kommo-o|Kommo-o, M|100\/100\n|turn|4\n|\n|t:|1699756318\n|-terastallize|p2a: Kommo-o|Dragon\n|move|p1a: Sceptile|Dragon Pulse|p2a: Kommo-o\n|-supereffective|p2a: Kommo-o\n|-damage|p2a: Kommo-o|0 fnt\n|faint|p2a: Kommo-o\n|\n|upkeep\n|\n|t:|1699756324\n|switch|p2a: Rotom|Rotom-Wash, shiny|100\/100\n|turn|5\n|\n|t:|1699756342\n|move|p1a: Sceptile|Dragon Pulse|p2a: Rotom\n|-damage|p2a: Rotom|38\/100\n|move|p2a: Rotom|Volt Switch|p1a: Sceptile\n|-ability|p1a: Sceptile|Lightning Rod|boost\n|-boost|p1a: Sceptile|spa|1\n|\n|-heal|p2a: Rotom|44\/100|[from] item: Leftovers\n|upkeep\n|turn|6\n|\n|t:|1699756347\n|move|p1a: Sceptile|Dragon Pulse|p2a: Rotom\n|-damage|p2a: Rotom|0 fnt\n|faint|p2a: Rotom\n|\n|upkeep\n|\n|t:|1699756349\n|switch|p2a: Charizard|Charizard, M|100\/100\n|turn|7\n|\n|t:|1699756353\n|detailschange|p2a: Charizard|Charizard-Mega-Y, M\n|-mega|p2a: Charizard|Charizard|Charizardite Y\n|-weather|SunnyDay|[from] ability: Drought|[of] p2a: Charizard\n|move|p1a: Sceptile|Dragon Pulse|p2a: Charizard\n|-damage|p2a: Charizard|24\/100\n|move|p2a: Charizard|Flamethrower|p1a: Sceptile\n|-end|p1a: Sceptile|Substitute\n|\n|-weather|SunnyDay|[upkeep]\n|upkeep\n|turn|8\n|\n|t:|1699756360\n|move|p1a: Sceptile|Dragon Pulse|p2a: Charizard\n|-damage|p2a: Charizard|0 fnt\n|faint|p2a: Charizard\n|\n|-weather|SunnyDay|[upkeep]\n|upkeep\n|\n|t:|1699756361\n|switch|p2a: Conkeldurr|Conkeldurr, M|100\/100\n|turn|9\n|\n|t:|1699756367\n|move|p2a: Conkeldurr|Mach Punch|p1a: Sceptile\n|-damage|p1a: Sceptile|38\/100\n|move|p1a: Sceptile|Dragon Pulse|p2a: Conkeldurr\n|-damage|p2a: Conkeldurr|5\/100\n|\n|-weather|SunnyDay|[upkeep]\n|-status|p2a: Conkeldurr|brn|[from] item: Flame Orb\n|upkeep\n|turn|10\n|\n|t:|1699756380\n|switch|p1a: Gliscor|Gliscor, F|100\/100\n|-damage|p1a: Gliscor|88\/100|[from] Stealth Rock\n|move|p2a: Conkeldurr|Mach Punch|p1a: Gliscor\n|-resisted|p1a: Gliscor\n|-damage|p1a: Gliscor|77\/100\n|\n|-weather|SunnyDay|[upkeep]\n|-damage|p2a: Conkeldurr|0 fnt|[from] brn\n|faint|p2a: Conkeldurr\n|-status|p1a: Gliscor|tox|[from] item: Toxic Orb\n|upkeep\n|\n|t:|1699756383\n|switch|p2a: Garganacl|Garganacl, F|100\/100\n|turn|11\n|\n|t:|1699756388\n|move|p1a: Gliscor|Earthquake|p2a: Garganacl\n|-supereffective|p2a: Garganacl\n|-damage|p2a: Garganacl|65\/100\n|move|p2a: Garganacl|Iron Defense|p2a: Garganacl\n|-boost|p2a: Garganacl|def|2\n|\n|-weather|none\n|-heal|p1a: Gliscor|89\/100 tox|[from] ability: Poison Heal\n|upkeep\n|turn|12\n|\n|t:|1699756393\n|switch|p1a: Volcanion|Volcanion|100\/100\n|-damage|p1a: Volcanion|76\/100|[from] Stealth Rock\n|-damage|p1a: Volcanion|63\/100|[from] Spikes\n|move|p2a: Garganacl|Recover|p2a: Garganacl\n|-heal|p2a: Garganacl|100\/100\n|\n|upkeep\n|turn|13\n|\n|t:|1699756397\n|-zpower|p1a: Volcanion\n|move|p1a: Volcanion|Hydro Vortex|p2a: Garganacl|[zeffect]\n|-supereffective|p2a: Garganacl\n|-damage|p2a: Garganacl|0 fnt\n|faint|p2a: Garganacl\n|\n|win|Proman64\n|raw|Proman64's rating: 1229 &rarr; <strong>1247<\/strong><br \/>(+18 for winning)\n|raw|vex is a qt's rating: 1134 &rarr; <strong>1116<\/strong><br \/>(-18 for losing)\n|l|\u2606vex is a qt\n|c|\u2606Proman64|Gg\n","uploadtime":1699756406,"views":13,"p1id":"proman64","p2id":"vexisaqt","formatid":"gen9nationaldex","rating":1116,"private":0,"password":""}