{"id":"gen9nationaldex-1992833657","p1":"dgosilva","p2":"Blusowka","format":"[Gen 9] National Dex","log":"|j|\u2606dgosilva\n|j|\u2606Blusowka\n|t:|1700239411\n|gametype|singles\n|player|p1|dgosilva|265|1446\n|player|p2|Blusowka|skyla|1319\n|teamsize|p1|6\n|teamsize|p2|6\n|gen|9\n|tier|[Gen 9] National Dex\n|rated|\n|rule|HP Percentage Mod: HP is shown in percentages\n|rule|Endless Battle Clause: Forcing endless battles is banned\n|rule|OHKO Clause: OHKO moves are banned\n|rule|Evasion Clause: Evasion abilities, items, and moves are banned\n|rule|Evasion Abilities Clause: Evasion abilities are banned\n|rule|Evasion Items Clause: Evasion items are banned\n|rule|Evasion Moves Clause: Evasion moves are banned\n|rule|Species Clause: Limit one of each Pok\u00e9mon\n|rule|Sleep Clause Mod: Limit one foe put to sleep\n|clearpoke\n|poke|p1|Venusaur, F|\n|poke|p1|Umbreon, M|\n|poke|p1|Arcanine-Hisui, M|\n|poke|p1|Kingdra, F|\n|poke|p1|Ninetales-Alola, F|\n|poke|p1|Weezing-Galar, M|\n|poke|p2|Fearow, M|\n|poke|p2|Swampert, M|\n|poke|p2|Volcarona, F|\n|poke|p2|Ferrothorn, M|\n|poke|p2|Kyurem|\n|poke|p2|Gengar, M|\n|teampreview\n|\n|t:|1700239425\n|start\n|switch|p1a: Bulba Fett|Venusaur, F|100\/100\n|switch|p2a: Ferrothorn|Ferrothorn, M|100\/100\n|turn|1\n|c|\u2606dgosilva|awesome to see a fearow!\n|\n|t:|1700239440\n|detailschange|p1a: Bulba Fett|Venusaur-Mega, F\n|-mega|p1a: Bulba Fett|Venusaur|Venusaurite\n|move|p1a: Bulba Fett|Hidden Power|p2a: Ferrothorn\n|-supereffective|p2a: Ferrothorn\n|-damage|p2a: Ferrothorn|25\/100\n|move|p2a: Ferrothorn|Stealth Rock|p1a: Bulba Fett\n|-sidestart|p1: dgosilva|move: Stealth Rock\n|\n|upkeep\n|turn|2\n|c|\u2606Blusowka|hehe\n|\n|t:|1700239467\n|switch|p2a: Volcarona|Volcarona, F|100\/100\n|move|p1a: Bulba Fett|Hidden Power|p2a: Volcarona\n|-damage|p2a: Volcarona|79\/100\n|\n|-heal|p2a: Volcarona|85\/100|[from] item: Leftovers\n|upkeep\n|turn|3\n|\n|t:|1700239475\n|move|p2a: Volcarona|Fiery Dance|p1a: Bulba Fett\n|-supereffective|p1a: Bulba Fett\n|-damage|p1a: Bulba Fett|62\/100\n|move|p1a: Bulba Fett|Leech Seed|p2a: Volcarona\n|-start|p2a: Volcarona|move: Leech Seed\n|\n|-heal|p2a: Volcarona|91\/100|[from] item: Leftovers\n|-damage|p2a: Volcarona|79\/100|[from] Leech Seed|[of] p1a: Bulba Fett\n|-heal|p1a: Bulba Fett|75\/100|[silent]\n|upkeep\n|turn|4\n|\n|t:|1700239484\n|switch|p2a: Fearow|Fearow, M|100\/100\n|move|p1a: Bulba Fett|Sludge Bomb|p2a: Fearow\n|-damage|p2a: Fearow|22\/100\n|\n|upkeep\n|turn|5\n|\n|t:|1700239492\n|switch|p1a: Sir Farts'alot|Weezing-Galar, M|100\/100\n|-damage|p1a: Sir Farts'alot|88\/100|[from] Stealth Rock\n|move|p2a: Fearow|U-turn|p1a: Sir Farts'alot\n|-resisted|p1a: Sir Farts'alot\n|-damage|p1a: Sir Farts'alot|85\/100\n|\n|t:|1700239512\n|switch|p2a: Volcarona|Volcarona, F|79\/100|[from] U-turn\n|\n|-heal|p2a: Volcarona|85\/100|[from] item: Leftovers\n|-heal|p1a: Sir Farts'alot|91\/100|[from] item: Black Sludge\n|upkeep\n|turn|6\n|\n|t:|1700239529\n|move|p2a: Volcarona|Quiver Dance|p2a: Volcarona\n|-boost|p2a: Volcarona|spa|1\n|-boost|p2a: Volcarona|spd|1\n|-boost|p2a: Volcarona|spe|1\n|move|p1a: Sir Farts'alot|Defog|p2a: Volcarona\n|-unboost|p2a: Volcarona|evasion|1\n|-sideend|p1: dgosilva|Stealth Rock|[from] move: Defog|[of] p1a: Sir Farts'alot\n|\n|-heal|p2a: Volcarona|91\/100|[from] item: Leftovers\n|-heal|p1a: Sir Farts'alot|98\/100|[from] item: Black Sludge\n|upkeep\n|turn|7\n|\n|t:|1700239550\n|switch|p1a: My old friend|Umbreon, M|100\/100\n|move|p2a: Volcarona|Fiery Dance|p1a: My old friend\n|-damage|p1a: My old friend|56\/100\n|\n|-heal|p2a: Volcarona|98\/100|[from] item: Leftovers\n|-heal|p1a: My old friend|62\/100|[from] item: Leftovers\n|upkeep\n|turn|8\n|\n|t:|1700239559\n|switch|p2a: Ferrothorn|Ferrothorn, M|25\/100\n|move|p1a: My old friend|Toxic|p2a: Ferrothorn\n|-immune|p2a: Ferrothorn\n|\n|-heal|p1a: My old friend|68\/100|[from] item: Leftovers\n|upkeep\n|turn|9\n|\n|t:|1700239570\n|switch|p1a: Bulba Fett|Venusaur-Mega, F|75\/100\n|move|p2a: Ferrothorn|Stealth Rock|p1a: Bulba Fett\n|-sidestart|p1: dgosilva|move: Stealth Rock\n|\n|upkeep\n|turn|10\n|\n|t:|1700239578\n|move|p1a: Bulba Fett|Leech Seed|p2a: Ferrothorn\n|-immune|p2a: Ferrothorn\n|move|p2a: Ferrothorn|Spikes|p1a: Bulba Fett\n|-sidestart|p1: dgosilva|Spikes\n|\n|upkeep\n|turn|11\n|\n|t:|1700239586\n|switch|p2a: Volcarona|Volcarona, F|98\/100\n|move|p1a: Bulba Fett|Hidden Power|p2a: Volcarona\n|-damage|p2a: Volcarona|76\/100\n|\n|-heal|p2a: Volcarona|82\/100|[from] item: Leftovers\n|upkeep\n|turn|12\n|\n|t:|1700239595\n|move|p2a: Volcarona|Fiery Dance|p1a: Bulba Fett\n|-supereffective|p1a: Bulba Fett\n|-damage|p1a: Bulba Fett|32\/100\n|move|p1a: Bulba Fett|Leech Seed|p2a: Volcarona\n|-start|p2a: Volcarona|move: Leech Seed\n|\n|-heal|p2a: Volcarona|88\/100|[from] item: Leftovers\n|-damage|p2a: Volcarona|76\/100|[from] Leech Seed|[of] p1a: Bulba Fett\n|-heal|p1a: Bulba Fett|45\/100|[silent]\n|upkeep\n|turn|13\n|\n|t:|1700239614\n|switch|p1a: My old friend|Umbreon, M|68\/100\n|-damage|p1a: My old friend|55\/100|[from] Stealth Rock\n|-damage|p1a: My old friend|43\/100|[from] Spikes\n|move|p2a: Volcarona|Fiery Dance|p1a: My old friend\n|-damage|p1a: My old friend|14\/100\n|\n|-heal|p2a: Volcarona|82\/100|[from] item: Leftovers\n|-heal|p1a: My old friend|20\/100|[from] item: Leftovers\n|-damage|p2a: Volcarona|70\/100|[from] Leech Seed|[of] p1a: My old friend\n|-heal|p1a: My old friend|29\/100|[silent]\n|upkeep\n|turn|14\n|\n|t:|1700239626\n|move|p1a: My old friend|Protect|p1a: My old friend\n|-singleturn|p1a: My old friend|Protect\n|move|p2a: Volcarona|Bug Buzz|p1a: My old friend\n|-activate|p1a: My old friend|move: Protect\n|\n|-heal|p2a: Volcarona|76\/100|[from] item: Leftovers\n|-heal|p1a: My old friend|36\/100|[from] item: Leftovers\n|-damage|p2a: Volcarona|64\/100|[from] Leech Seed|[of] p1a: My old friend\n|-heal|p1a: My old friend|45\/100|[silent]\n|upkeep\n|turn|15\n|\n|t:|1700239650\n|switch|p2a: Swampert|Swampert, M|100\/100\n|move|p1a: My old friend|Toxic|p2a: Swampert|[miss]\n|-miss|p1a: My old friend|p2a: Swampert\n|\n|-heal|p1a: My old friend|51\/100|[from] item: Leftovers\n|upkeep\n|turn|16\n|\n|t:|1700239660\n|detailschange|p2a: Swampert|Swampert-Mega, M\n|-mega|p2a: Swampert|Swampert|Swampertite\n|move|p2a: Swampert|Bulk Up|p2a: Swampert\n|-boost|p2a: Swampert|atk|1\n|-boost|p2a: Swampert|def|1\n|move|p1a: My old friend|Foul Play|p2a: Swampert\n|-damage|p2a: Swampert|48\/100\n|\n|-heal|p1a: My old friend|57\/100|[from] item: Leftovers\n|upkeep\n|turn|17\n|\n|t:|1700239670\n|switch|p1a: Sir Farts'alot|Weezing-Galar, M|98\/100\n|-damage|p1a: Sir Farts'alot|85\/100|[from] Stealth Rock\n|move|p2a: Swampert|Earthquake|p1a: Sir Farts'alot\n|-immune|p1a: Sir Farts'alot|[from] ability: Levitate\n|\n|-heal|p1a: Sir Farts'alot|91\/100|[from] item: Black Sludge\n|upkeep\n|turn|18\n|\n|t:|1700239678\n|move|p2a: Swampert|Flip Turn|p1a: Sir Farts'alot\n|-damage|p1a: Sir Farts'alot|44\/100\n|\n|t:|1700239686\n|switch|p2a: Gengar|Gengar, M|100\/100|[from] Flip Turn\n|move|p1a: Sir Farts'alot|Defog|p2a: Gengar\n|-unboost|p2a: Gengar|evasion|1\n|-sideend|p1: dgosilva|Spikes|[from] move: Defog|[of] p1a: Sir Farts'alot\n|-sideend|p1: dgosilva|Stealth Rock|[from] move: Defog|[of] p1a: Sir Farts'alot\n|\n|-heal|p1a: Sir Farts'alot|50\/100|[from] item: Black Sludge\n|upkeep\n|turn|19\n|\n|t:|1700239697\n|switch|p1a: My old friend|Umbreon, M|57\/100\n|move|p2a: Gengar|Sludge Bomb|p1a: My old friend\n|-damage|p1a: My old friend|30\/100\n|\n|-heal|p1a: My old friend|36\/100|[from] item: Leftovers\n|upkeep\n|turn|20\n|\n|t:|1700239706\n|move|p2a: Gengar|Trick|p1a: My old friend\n|-activate|p2a: Gengar|move: Trick|[of] p1a: My old friend\n|-item|p1a: My old friend|Black Sludge|[from] move: Trick\n|-item|p2a: Gengar|Leftovers|[from] move: Trick\n|move|p1a: My old friend|Foul Play|p2a: Gengar\n|-supereffective|p2a: Gengar\n|-damage|p2a: Gengar|35\/100\n|-start|p1a: My old friend|Disable|Foul Play|[from] ability: Cursed Body|[of] p2a: Gengar\n|\n|-heal|p2a: Gengar|41\/100|[from] item: Leftovers\n|-damage|p1a: My old friend|23\/100|[from] item: Black Sludge\n|upkeep\n|turn|21\n|\n|t:|1700239739\n|switch|p1a: Bulba Fett|Venusaur-Mega, F|45\/100\n|move|p2a: Gengar|Sludge Bomb|p1a: Bulba Fett\n|-damage|p1a: Bulba Fett|5\/100\n|\n|-heal|p2a: Gengar|48\/100|[from] item: Leftovers\n|upkeep\n|turn|22\n|\n|t:|1700239746\n|move|p2a: Gengar|Sludge Bomb|p1a: Bulba Fett\n|-damage|p1a: Bulba Fett|0 fnt\n|faint|p1a: Bulba Fett\n|\n|-heal|p2a: Gengar|54\/100|[from] item: Leftovers\n|upkeep\n|\n|t:|1700239763\n|switch|p1a: My old friend|Umbreon, M|23\/100\n|turn|23\n|\n|t:|1700239771\n|move|p2a: Gengar|Sludge Bomb|p1a: My old friend\n|-damage|p1a: My old friend|0 fnt\n|faint|p1a: My old friend\n|\n|-heal|p2a: Gengar|60\/100|[from] item: Leftovers\n|upkeep\n|\n|t:|1700239778\n|switch|p1a: Mononoke|Ninetales-Alola, F|100\/100\n|-weather|Snow|[from] ability: Snow Warning|[of] p1a: Mononoke\n|turn|24\n|\n|t:|1700239783\n|-terastallize|p1a: Mononoke|Steel\n|move|p2a: Gengar|Sludge Bomb|p1a: Mononoke\n|-immune|p1a: Mononoke\n|move|p1a: Mononoke|Aurora Veil|p1a: Mononoke\n|-sidestart|p1: dgosilva|move: Aurora Veil\n|\n|-weather|Snow|[upkeep]\n|-heal|p2a: Gengar|66\/100|[from] item: Leftovers\n|upkeep\n|turn|25\n|\n|t:|1700239811\n|move|p2a: Gengar|Encore|p1a: Mononoke\n|-start|p1a: Mononoke|Encore\n|move|p1a: Mononoke|Aurora Veil||[still]\n|-fail|p1a: Mononoke\n|\n|-weather|Snow|[upkeep]\n|-heal|p2a: Gengar|72\/100|[from] item: Leftovers\n|upkeep\n|turn|26\n|\n|t:|1700239821\n|switch|p2a: Volcarona|Volcarona, F|64\/100\n|switch|p1a: Sir Farts'alot|Weezing-Galar, M|50\/100\n|\n|-weather|Snow|[upkeep]\n|-heal|p2a: Volcarona|70\/100|[from] item: Leftovers\n|-heal|p1a: Sir Farts'alot|56\/100|[from] item: Black Sludge\n|upkeep\n|turn|27\n|\n|t:|1700239880\n|move|p2a: Volcarona|Quiver Dance|p2a: Volcarona\n|-boost|p2a: Volcarona|spa|1\n|-boost|p2a: Volcarona|spd|1\n|-boost|p2a: Volcarona|spe|1\n|move|p1a: Sir Farts'alot|Strange Steam|p2a: Volcarona\n|-resisted|p2a: Volcarona\n|-damage|p2a: Volcarona|61\/100\n|\n|-weather|Snow|[upkeep]\n|-heal|p2a: Volcarona|67\/100|[from] item: Leftovers\n|-heal|p1a: Sir Farts'alot|62\/100|[from] item: Black Sludge\n|upkeep\n|turn|28\n|\n|t:|1700239892\n|switch|p1a: King|Arcanine-Hisui, M|100\/100\n|move|p2a: Volcarona|Fiery Dance|p1a: King\n|-resisted|p1a: King\n|-damage|p1a: King|90\/100\n|\n|-weather|none\n|-heal|p2a: Volcarona|73\/100|[from] item: Leftovers\n|upkeep\n|turn|29\n|\n|t:|1700239905\n|-terastallize|p2a: Volcarona|Bug\n|move|p2a: Volcarona|Hidden Power|p1a: King\n|-supereffective|p1a: King\n|-damage|p1a: King|0 fnt\n|faint|p1a: King\n|\n|-heal|p2a: Volcarona|79\/100|[from] item: Leftovers\n|upkeep\n|\n|t:|1700239915\n|switch|p1a: Queen|Kingdra, F|100\/100\n|turn|30\n|\n|t:|1700239919\n|move|p2a: Volcarona|Bug Buzz|p1a: Queen\n|-damage|p1a: Queen|34\/100\n|move|p1a: Queen|Focus Energy|p1a: Queen\n|-start|p1a: Queen|move: Focus Energy\n|\n|-heal|p2a: Volcarona|85\/100|[from] item: Leftovers\n|upkeep\n|turn|31\n|-message|dgosilva forfeited.\n|\n|win|Blusowka\n|raw|dgosilva's rating: 1446 &rarr; <strong>1419<\/strong><br \/>(-27 for losing)\n|raw|Blusowka's rating: 1319 &rarr; <strong>1346<\/strong><br \/>(+27 for winning)\n|l|\u2606dgosilva\n|c|\u2606Blusowka|gg\n","uploadtime":1700239949,"views":9,"p1id":"dgosilva","p2id":"blusowka","formatid":"gen9nationaldex","rating":1346,"private":0,"password":""}