{"id":"gen9nationaldex-1997703473","p1":"baigu2","p2":"SatoshiDio","format":"[Gen 9] National Dex","log":"|html|<div class=\"broadcast-blue\"><strong>[Gen 9] National Dex is currently suspecting Sneasler! For information on how to participate check out the <a href=\"https:\/\/www.smogon.com\/forums\/threads\/sv-national-dex-suspect-8-just-dance.3731534\/\">suspect thread<\/a>.<\/strong><\/div>\n|j|\u2606baigu2\n|j|\u2606SatoshiDio\n|t:|1700843624\n|gametype|singles\n|player|p1|baigu2|169|1702\n|player|p2|SatoshiDio|hugh|1623\n|teamsize|p1|6\n|teamsize|p2|6\n|gen|9\n|tier|[Gen 9] National Dex\n|rated|\n|rule|HP Percentage Mod: HP is shown in percentages\n|rule|Endless Battle Clause: Forcing endless battles is banned\n|rule|OHKO Clause: OHKO moves are banned\n|rule|Evasion Clause: Evasion abilities, items, and moves are banned\n|rule|Evasion Abilities Clause: Evasion abilities are banned\n|rule|Evasion Items Clause: Evasion items are banned\n|rule|Evasion Moves Clause: Evasion moves are banned\n|rule|Species Clause: Limit one of each Pok\u00e9mon\n|rule|Sleep Clause Mod: Limit one foe put to sleep\n|clearpoke\n|poke|p1|Ursaluna, F|\n|poke|p1|Dragonite, F|\n|poke|p1|Slowking, F|\n|poke|p1|Tapu Koko|\n|poke|p1|Hoopa-Unbound|\n|poke|p1|Great Tusk|\n|poke|p2|Charizard, M|\n|poke|p2|Cinderace, M|\n|poke|p2|Quaquaval, M|\n|poke|p2|Great Tusk|\n|poke|p2|Espeon, F|\n|poke|p2|Whimsicott, F|\n|teampreview\n|\n|t:|1700843639\n|start\n|switch|p1a: Tapu Koko|Tapu Koko|100\/100\n|switch|p2a: Aceburn|Cinderace, M|100\/100\n|-fieldstart|move: Electric Terrain|[from] ability: Electric Surge|[of] p1a: Tapu Koko\n|turn|1\n|\n|t:|1700843645\n|move|p1a: Tapu Koko|Volt Switch|p2a: Aceburn\n|-damage|p2a: Aceburn|18\/100\n|\n|t:|1700843656\n|switch|p1a: Dragonite|Dragonite, F|100\/100|[from] Volt Switch\n|-zpower|p2a: Aceburn\n|move|p2a: Aceburn|Inferno Overdrive|p1a: Dragonite|[zeffect]\n|-resisted|p1a: Dragonite\n|-damage|p1a: Dragonite|81\/100\n|\n|upkeep\n|turn|2\n|\n|t:|1700843668\n|switch|p2a: Whimsicott|Whimsicott, F|100\/100\n|move|p1a: Dragonite|Extreme Speed|p2a: Whimsicott\n|-damage|p2a: Whimsicott|32\/100\n|\n|upkeep\n|turn|3\n|\n|t:|1700843676\n|-terastallize|p2a: Whimsicott|Ghost\n|move|p1a: Dragonite|Extreme Speed|p2a: Whimsicott\n|-immune|p2a: Whimsicott\n|move|p2a: Whimsicott|Stun Spore|p1a: Dragonite|[miss]\n|-miss|p2a: Whimsicott|p1a: Dragonite\n|\n|upkeep\n|turn|4\n|\n|t:|1700843683\n|switch|p1a: Tapu Koko|Tapu Koko|100\/100\n|move|p2a: Whimsicott|Moonblast|p1a: Tapu Koko\n|-damage|p1a: Tapu Koko|45\/100\n|\n|upkeep\n|turn|5\n|\n|t:|1700843689\n|move|p2a: Whimsicott|Defog|p1a: Tapu Koko\n|-unboost|p1a: Tapu Koko|evasion|1\n|-fieldend|move: Electric Terrain\n|move|p1a: Tapu Koko|Dazzling Gleam|p2a: Whimsicott\n|-damage|p2a: Whimsicott|0 fnt\n|faint|p2a: Whimsicott\n|\n|upkeep\n|\n|t:|1700843696\n|switch|p2a: Quaquaval|Quaquaval, M|100\/100\n|turn|6\n|\n|t:|1700843704\n|switch|p1a: Slowking|Slowking, F|100\/100\n|move|p2a: Quaquaval|Aqua Step|p1a: Slowking\n|-resisted|p1a: Slowking\n|-damage|p1a: Slowking|75\/100\n|-boost|p2a: Quaquaval|spe|1\n|-damage|p2a: Quaquaval|91\/100|[from] item: Life Orb\n|\n|upkeep\n|turn|7\n|\n|t:|1700843714\n|switch|p2a: Espeon|Espeon, F|100\/100\n|move|p1a: Slowking|Trick Room|p1a: Slowking\n|-fieldstart|move: Trick Room|[of] p1a: Slowking\n|\n|upkeep\n|turn|8\n|\n|t:|1700843718\n|move|p2a: Espeon|Trick|p1a: Slowking\n|-activate|p2a: Espeon|move: Trick|[of] p1a: Slowking\n|-item|p1a: Slowking|Choice Scarf|[from] move: Trick\n|-item|p2a: Espeon|Heavy-Duty Boots|[from] move: Trick\n|move|p1a: Slowking|Teleport|p1a: Slowking\n|\n|t:|1700843722\n|switch|p1a: Ursaluna|Ursaluna, F|100\/100|[from] Teleport\n|\n|-status|p1a: Ursaluna|brn|[from] item: Flame Orb\n|upkeep\n|turn|9\n|\n|t:|1700843730\n|move|p1a: Ursaluna|Facade|p2a: Espeon\n|-damage|p2a: Espeon|0 fnt\n|faint|p2a: Espeon\n|\n|-damage|p1a: Ursaluna|94\/100 brn|[from] brn\n|upkeep\n|\n|t:|1700843737\n|switch|p2a: Aceburn|Cinderace, M|18\/100\n|turn|10\n|\n|t:|1700843739\n|move|p2a: Aceburn|Sucker Punch|p1a: Ursaluna\n|-start|p2a: Aceburn|typechange|Dark|[from] ability: Libero\n|-damage|p1a: Ursaluna|69\/100 brn\n|move|p1a: Ursaluna|Facade|p2a: Aceburn\n|-damage|p2a: Aceburn|0 fnt\n|faint|p2a: Aceburn\n|\n|-damage|p1a: Ursaluna|63\/100 brn|[from] brn\n|upkeep\n|\n|t:|1700843749\n|switch|p2a: Great Tusk|Great Tusk|100\/100\n|-enditem|p2a: Great Tusk|Booster Energy\n|-activate|p2a: Great Tusk|ability: Protosynthesis|[fromitem]\n|-start|p2a: Great Tusk|protosynthesisspe\n|turn|11\n|\n|t:|1700843753\n|-terastallize|p1a: Ursaluna|Normal\n|move|p1a: Ursaluna|Facade|p2a: Great Tusk\n|-damage|p2a: Great Tusk|0 fnt\n|faint|p2a: Great Tusk\n|-end|p2a: Great Tusk|Protosynthesis|[silent]\n|\n|-damage|p1a: Ursaluna|57\/100 brn|[from] brn\n|-fieldend|move: Trick Room\n|upkeep\n|\n|t:|1700843765\n|switch|p2a: Charizard|Charizard, M|100\/100\n|turn|12\n|\n|t:|1700843769\n|detailschange|p2a: Charizard|Charizard-Mega-X, M\n|-mega|p2a: Charizard|Charizard|Charizardite X\n|move|p2a: Charizard|Dragon Dance|p2a: Charizard\n|-boost|p2a: Charizard|atk|1\n|-boost|p2a: Charizard|spe|1\n|move|p1a: Ursaluna|Facade|p2a: Charizard\n|-crit|p2a: Charizard\n|-damage|p2a: Charizard|0 fnt\n|faint|p2a: Charizard\n|\n|-damage|p1a: Ursaluna|50\/100 brn|[from] brn\n|upkeep\n|-message|SatoshiDio forfeited.\n|\n|win|baigu2\n|raw|baigu2's rating: 1702 &rarr; <strong>1718<\/strong><br \/>(+16 for winning)\n|raw|SatoshiDio's rating: 1623 &rarr; <strong>1607<\/strong><br \/>(-16 for losing)\n|l|\u2606SatoshiDio\n","uploadtime":1700843777,"views":0,"p1id":"baigu2","p2id":"satoshidio","formatid":"gen9nationaldex","rating":1607,"private":0,"password":""}