{"id":"gen9nationaldex-1997738858","p1":"szybkiszym","p2":"Bichips","format":"[Gen 9] National Dex","log":"|html|<div class=\"broadcast-blue\"><strong>[Gen 9] National Dex is currently suspecting Sneasler! For information on how to participate check out the <a href=\"https:\/\/www.smogon.com\/forums\/threads\/sv-national-dex-suspect-8-just-dance.3731534\/\">suspect thread<\/a>.<\/strong><\/div>\n|j|\u2606szybkiszym\n|j|\u2606Bichips\n|t:|1700847472\n|gametype|singles\n|player|p1|szybkiszym|guitarist|1187\n|player|p2|Bichips|266|1129\n|teamsize|p1|6\n|teamsize|p2|6\n|gen|9\n|tier|[Gen 9] National Dex\n|rated|\n|rule|HP Percentage Mod: HP is shown in percentages\n|rule|Endless Battle Clause: Forcing endless battles is banned\n|rule|OHKO Clause: OHKO moves are banned\n|rule|Evasion Clause: Evasion abilities, items, and moves are banned\n|rule|Evasion Abilities Clause: Evasion abilities are banned\n|rule|Evasion Items Clause: Evasion items are banned\n|rule|Evasion Moves Clause: Evasion moves are banned\n|rule|Species Clause: Limit one of each Pok\u00e9mon\n|rule|Sleep Clause Mod: Limit one foe put to sleep\n|clearpoke\n|poke|p1|Whimsicott, F|\n|poke|p1|Mawile, M|\n|poke|p1|Azumarill, F|\n|poke|p1|Meowstic, M|\n|poke|p1|Misdreavus, F|\n|poke|p1|Heliolisk, F|\n|poke|p2|Blissey, F|\n|poke|p2|Bastiodon, F|\n|poke|p2|Samurott-Hisui, F|\n|poke|p2|Great Tusk|\n|poke|p2|Mawile, F|\n|poke|p2|Porygon-Z|\n|teampreview\n|\n|t:|1700847486\n|start\n|switch|p1a: Eri|Azumarill, F|100\/100\n|switch|p2a: Samurott|Samurott-Hisui, F|100\/100\n|turn|1\n|\n|t:|1700847492\n|-terastallize|p2a: Samurott|Flying\n|move|p2a: Samurott|Air Slash|p1a: Eri\n|-damage|p1a: Eri|48\/100\n|-enditem|p1a: Eri|Sitrus Berry|[eat]\n|-heal|p1a: Eri|73\/100|[from] item: Sitrus Berry\n|-damage|p2a: Samurott|91\/100|[from] item: Life Orb\n|move|p1a: Eri|Belly Drum|p1a: Eri\n|-damage|p1a: Eri|23\/100\n|-setboost|p1a: Eri|atk|6|[from] move: Belly Drum\n|\n|upkeep\n|turn|2\n|\n|t:|1700847502\n|-terastallize|p1a: Eri|Water\n|move|p1a: Eri|Aqua Jet|p2a: Samurott\n|-damage|p2a: Samurott|0 fnt\n|faint|p2a: Samurott\n|\n|upkeep\n|\n|t:|1700847506\n|switch|p2a: Bastiodon|Bastiodon, F|100\/100\n|turn|3\n|\n|t:|1700847509\n|move|p1a: Eri|Liquidation|p2a: Bastiodon\n|-supereffective|p2a: Bastiodon\n|-ability|p2a: Bastiodon|Sturdy\n|-damage|p2a: Bastiodon|1\/100\n|move|p2a: Bastiodon|Metal Burst|p1a: Eri\n|-damage|p1a: Eri|0 fnt\n|faint|p1a: Eri\n|\n|upkeep\n|\n|t:|1700847537\n|switch|p1a: Moons|Meowstic, M|100\/100\n|turn|4\n|\n|t:|1700847540\n|move|p1a: Moons|Psyshock|p2a: Bastiodon\n|-resisted|p2a: Bastiodon\n|-damage|p2a: Bastiodon|0 fnt\n|faint|p2a: Bastiodon\n|\n|upkeep\n|\n|t:|1700847547\n|switch|p2a: Porygon-Z|Porygon-Z, shiny|100\/100\n|turn|5\n|\n|t:|1700847555\n|move|p1a: Moons|Thunderbolt|p2a: Porygon-Z\n|-damage|p2a: Porygon-Z|66\/100\n|-status|p2a: Porygon-Z|par\n|cant|p2a: Porygon-Z|par\n|\n|upkeep\n|turn|6\n|\n|t:|1700847563\n|move|p1a: Moons|Psyshock|p2a: Porygon-Z\n|-damage|p2a: Porygon-Z|9\/100 par\n|-zpower|p2a: Porygon-Z\n|move|p2a: Porygon-Z|Z-Conversion|p2a: Porygon-Z|[anim]Conversion\n|-boost|p2a: Porygon-Z|atk|1|[zeffect]\n|-boost|p2a: Porygon-Z|def|1|[zeffect]\n|-boost|p2a: Porygon-Z|spa|1|[zeffect]\n|-boost|p2a: Porygon-Z|spd|1|[zeffect]\n|-boost|p2a: Porygon-Z|spe|1|[zeffect]\n|-start|p2a: Porygon-Z|typechange|Ghost\n|\n|upkeep\n|turn|7\n|\n|t:|1700847569\n|move|p1a: Moons|Psyshock|p2a: Porygon-Z\n|-damage|p2a: Porygon-Z|0 fnt\n|faint|p2a: Porygon-Z\n|\n|upkeep\n|\n|t:|1700847573\n|switch|p2a: Mawile|Mawile, F|100\/100\n|-ability|p2a: Mawile|Intimidate|boost\n|-unboost|p1a: Moons|atk|1\n|turn|8\n|\n|t:|1700847580\n|detailschange|p2a: Mawile|Mawile-Mega, F\n|-mega|p2a: Mawile|Mawile|Mawilite\n|move|p1a: Moons|Thunder Wave|p2a: Mawile\n|-status|p2a: Mawile|par\n|move|p2a: Mawile|Play Rough|p1a: Moons\n|-damage|p1a: Moons|0 fnt\n|faint|p1a: Moons\n|\n|upkeep\n|\n|t:|1700847610\n|switch|p1a: Coda|Mawile, M|100\/100\n|-ability|p1a: Coda|Intimidate|boost\n|-unboost|p2a: Mawile|atk|1\n|turn|9\n|\n|t:|1700847617\n|switch|p1a: Heliolisk|Heliolisk, F|100\/100\n|switch|p2a: Great Tusk|Great Tusk|100\/100\n|-enditem|p2a: Great Tusk|Booster Energy\n|-activate|p2a: Great Tusk|ability: Protosynthesis|[fromitem]\n|-start|p2a: Great Tusk|protosynthesisatk\n|\n|upkeep\n|turn|10\n|\n|t:|1700847626\n|move|p1a: Heliolisk|Glare|p2a: Great Tusk\n|-status|p2a: Great Tusk|par\n|move|p2a: Great Tusk|Rapid Spin|p1a: Heliolisk\n|-damage|p1a: Heliolisk|49\/100\n|-boost|p2a: Great Tusk|spe|1\n|\n|upkeep\n|turn|11\n|l|\u2606Bichips\n|player|p2|\n|\n|t:|1700847649\n|move|p1a: Heliolisk|Rain Dance|p1a: Heliolisk\n|-weather|RainDance\n|cant|p2a: Great Tusk|par\n|\n|-weather|RainDance|[upkeep]\n|-heal|p1a: Heliolisk|62\/100|[from] ability: Dry Skin\n|upkeep\n|turn|12\n|j|\u2606Bichips\n|player|p2|Bichips|266\n|\n|t:|1700847664\n|move|p1a: Heliolisk|Weather Ball|p2a: Great Tusk\n|-supereffective|p2a: Great Tusk\n|-damage|p2a: Great Tusk|0 fnt\n|faint|p2a: Great Tusk\n|-end|p2a: Great Tusk|Protosynthesis|[silent]\n|\n|-weather|RainDance|[upkeep]\n|-heal|p1a: Heliolisk|74\/100|[from] ability: Dry Skin\n|upkeep\n|n|!Bichips|bichips\n|-message|Bichips forfeited.\n|\n|win|szybkiszym\n|raw|szybkiszym's rating: 1187 &rarr; <strong>1208<\/strong><br \/>(+21 for winning)\n|raw|Bichips's rating: 1129 &rarr; <strong>1108<\/strong><br \/>(-21 for losing)\n|l|!Bichips\n","uploadtime":1700847673,"views":0,"p1id":"szybkiszym","p2id":"bichips","formatid":"gen9nationaldex","rating":1108,"private":0,"password":""}