{"id":"gen9nationaldex-1995421799","p1":"pokemon\u8ff7oq","p2":"yueyue12345","format":"[Gen 9] National Dex","log":"|html|<div class=\"broadcast-blue\"><strong>[Gen 9] National Dex is currently suspecting Sneasler! For information on how to participate check out the <a href=\"https:\/\/www.smogon.com\/forums\/threads\/sv-national-dex-suspect-8-just-dance.3731534\/\">suspect thread<\/a>.<\/strong><\/div>\n|j|\u2606pokemon\u8ff7oq\n|j|\u2606yueyue12345\n|t:|1700568688\n|gametype|singles\n|player|p1|pokemon\u8ff7oq|1|1420\n|player|p2|yueyue12345|lucas|1425\n|teamsize|p1|6\n|teamsize|p2|6\n|gen|9\n|tier|[Gen 9] National Dex\n|rated|\n|rule|HP Percentage Mod: HP is shown in percentages\n|rule|Endless Battle Clause: Forcing endless battles is banned\n|rule|OHKO Clause: OHKO moves are banned\n|rule|Evasion Clause: Evasion abilities, items, and moves are banned\n|rule|Evasion Abilities Clause: Evasion abilities are banned\n|rule|Evasion Items Clause: Evasion items are banned\n|rule|Evasion Moves Clause: Evasion moves are banned\n|rule|Species Clause: Limit one of each Pok\u00e9mon\n|rule|Sleep Clause Mod: Limit one foe put to sleep\n|clearpoke\n|poke|p1|Pelipper, F|\n|poke|p1|Swampert, F|\n|poke|p1|Ogerpon-Wellspring, F|\n|poke|p1|Tapu Koko|\n|poke|p1|Moltres|\n|poke|p1|Urshifu-*, M|\n|poke|p2|Banette, M|\n|poke|p2|Sneasler, M|\n|poke|p2|Tapu Lele|\n|poke|p2|Zoroark-Hisui, F|\n|poke|p2|Blacephalon|\n|poke|p2|Grimmsnarl, M|\n|teampreview\n|\n|t:|1700568703\n|start\n|switch|p1a: Pelipper|Pelipper, F|100\/100\n|switch|p2a: \u4f60\u6709\u672c\u4e8b\u7834\u5899|Grimmsnarl, M|100\/100\n|-weather|RainDance|[from] ability: Drizzle|[of] p1a: Pelipper\n|turn|1\n|inactive|Battle timer is ON: inactive players will automatically lose when time's up. (requested by yueyue12345)\n|\n|t:|1700568718\n|switch|p1a: Swampert|Swampert, F|100\/100\n|replace|p2a: rick roll|Zoroark-Hisui, F\n|-end|p2a: rick roll|Illusion\n|-zpower|p2a: rick roll\n|move|p2a: rick roll|Breakneck Blitz|p1a: Swampert|[zeffect]\n|-damage|p1a: Swampert|0 fnt\n|faint|p1a: Swampert\n|\n|-weather|RainDance|[upkeep]\n|upkeep\n|inactive|pokemon\u8ff7oq has 120 seconds left.\n|\n|t:|1700568749\n|switch|p1a: Urshifu|Urshifu-Rapid-Strike, M|100\/100\n|turn|2\n|\n|t:|1700568754\n|switch|p2a: \u4f60\u6709\u672c\u4e8b\u7834\u5899|Grimmsnarl, M|100\/100\n|move|p1a: Urshifu|Surging Strikes|p2a: \u4f60\u6709\u672c\u4e8b\u7834\u5899\n|-crit|p2a: \u4f60\u6709\u672c\u4e8b\u7834\u5899\n|-damage|p2a: \u4f60\u6709\u672c\u4e8b\u7834\u5899|63\/100\n|-crit|p2a: \u4f60\u6709\u672c\u4e8b\u7834\u5899\n|-damage|p2a: \u4f60\u6709\u672c\u4e8b\u7834\u5899|26\/100\n|-crit|p2a: \u4f60\u6709\u672c\u4e8b\u7834\u5899\n|-damage|p2a: \u4f60\u6709\u672c\u4e8b\u7834\u5899|0 fnt\n|faint|p2a: \u4f60\u6709\u672c\u4e8b\u7834\u5899\n|-hitcount|p2: \u4f60\u6709\u672c\u4e8b\u7834\u5899|3\n|\n|-weather|RainDance|[upkeep]\n|upkeep\n|\n|t:|1700568764\n|switch|p2a: Banette|Banette, M|100\/100\n|-item|p1a: Urshifu|Choice Scarf|[from] ability: Frisk|[of] p2a: Banette|[identify]\n|turn|3\n|\n|t:|1700568784\n|switch|p1a: Moltres|Moltres|100\/100\n|-ability|p1a: Moltres|Pressure\n|detailschange|p2a: Banette|Banette-Mega, M\n|-mega|p2a: Banette|Banette|Banettite\n|move|p2a: Banette|Poltergeist|p1a: Moltres\n|-activate|p1a: Moltres|move: Poltergeist|Heavy-Duty Boots\n|-damage|p1a: Moltres|38\/100\n|\n|-weather|RainDance|[upkeep]\n|upkeep\n|turn|4\n|inactive|pokemon\u8ff7oq has 120 seconds left.\n|\n|t:|1700568810\n|move|p1a: Moltres|Hurricane|p2a: Banette\n|-damage|p2a: Banette|43\/100\n|move|p2a: Banette|Poltergeist|p1a: Moltres\n|-activate|p1a: Moltres|move: Poltergeist|Heavy-Duty Boots\n|-damage|p1a: Moltres|0 fnt\n|faint|p1a: Moltres\n|\n|-weather|RainDance|[upkeep]\n|upkeep\n|\n|t:|1700568820\n|switch|p1a: Ogerpon|Ogerpon-Wellspring, F|100\/100\n|turn|5\n|\n|t:|1700568827\n|move|p2a: Banette|Destiny Bond|p2a: Banette\n|-singlemove|p2a: Banette|Destiny Bond\n|move|p1a: Ogerpon|Swords Dance|p1a: Ogerpon\n|-boost|p1a: Ogerpon|atk|2\n|\n|-weather|RainDance|[upkeep]\n|upkeep\n|turn|6\n|inactive|pokemon\u8ff7oq has 120 seconds left.\n|\n|t:|1700568833\n|move|p1a: Ogerpon|Swords Dance|p1a: Ogerpon\n|-boost|p1a: Ogerpon|atk|2\n|move|p2a: Banette|Gunk Shot|p1a: Ogerpon\n|-supereffective|p1a: Ogerpon\n|-damage|p1a: Ogerpon|0 fnt\n|faint|p1a: Ogerpon\n|\n|-weather|RainDance|[upkeep]\n|upkeep\n|inactive|pokemon\u8ff7oq has 120 seconds left.\n|\n|t:|1700568840\n|switch|p1a: Tapu Koko|Tapu Koko|100\/100\n|-fieldstart|move: Electric Terrain|[from] ability: Electric Surge|[of] p1a: Tapu Koko\n|turn|7\n|\n|t:|1700568844\n|move|p2a: Banette|Destiny Bond|p2a: Banette\n|-singlemove|p2a: Banette|Destiny Bond\n|move|p1a: Tapu Koko|Volt Switch|p2a: Banette\n|-damage|p2a: Banette|0 fnt\n|faint|p2a: Banette\n|-activate|p2a: Banette|move: Destiny Bond\n|faint|p1a: Tapu Koko\n|\n|-weather|RainDance|[upkeep]\n|upkeep\n|\n|t:|1700568863\n|switch|p1a: Urshifu|Urshifu-Rapid-Strike, M|100\/100\n|switch|p2a: \u4e0d\u5e26\u6597Z\u548c\u54b8\u9c7c\u6709\u4ec0\u4e48\u533a\u522b|Tapu Lele|100\/100\n|-fieldstart|move: Psychic Terrain|[from] ability: Psychic Surge|[of] p2a: \u4e0d\u5e26\u6597Z\u548c\u54b8\u9c7c\u6709\u4ec0\u4e48\u533a\u522b\n|turn|8\n|inactive|pokemon\u8ff7oq has 120 seconds left.\n|\n|t:|1700568888\n|move|p1a: Urshifu|Surging Strikes|p2a: \u4e0d\u5e26\u6597Z\u548c\u54b8\u9c7c\u6709\u4ec0\u4e48\u533a\u522b\n|-crit|p2a: \u4e0d\u5e26\u6597Z\u548c\u54b8\u9c7c\u6709\u4ec0\u4e48\u533a\u522b\n|-damage|p2a: \u4e0d\u5e26\u6597Z\u548c\u54b8\u9c7c\u6709\u4ec0\u4e48\u533a\u522b|56\/100\n|-crit|p2a: \u4e0d\u5e26\u6597Z\u548c\u54b8\u9c7c\u6709\u4ec0\u4e48\u533a\u522b\n|-damage|p2a: \u4e0d\u5e26\u6597Z\u548c\u54b8\u9c7c\u6709\u4ec0\u4e48\u533a\u522b|13\/100\n|-crit|p2a: \u4e0d\u5e26\u6597Z\u548c\u54b8\u9c7c\u6709\u4ec0\u4e48\u533a\u522b\n|-damage|p2a: \u4e0d\u5e26\u6597Z\u548c\u54b8\u9c7c\u6709\u4ec0\u4e48\u533a\u522b|0 fnt\n|faint|p2a: \u4e0d\u5e26\u6597Z\u548c\u54b8\u9c7c\u6709\u4ec0\u4e48\u533a\u522b\n|-hitcount|p2: \u4e0d\u5e26\u6597Z\u548c\u54b8\u9c7c\u6709\u4ec0\u4e48\u533a\u522b|3\n|\n|-weather|none\n|upkeep\n|\n|t:|1700568894\n|switch|p2a: Sneasler|Sneasler, M|100\/100\n|-enditem|p2a: Sneasler|Psychic Seed\n|-boost|p2a: Sneasler|spd|1|[from] item: Psychic Seed\n|turn|9\n|\n|t:|1700568902\n|switch|p1a: Pelipper|Pelipper, F|100\/100\n|-weather|RainDance|[from] ability: Drizzle|[of] p1a: Pelipper\n|-terastallize|p2a: Sneasler|Flying\n|move|p2a: Sneasler|Acrobatics|p1a: Pelipper\n|-damage|p1a: Pelipper|30\/100\n|\n|-weather|RainDance|[upkeep]\n|upkeep\n|turn|10\n|\n|t:|1700568909\n|move|p2a: Sneasler|Swords Dance|p2a: Sneasler\n|-boost|p2a: Sneasler|atk|2\n|move|p1a: Pelipper|Hurricane|p2a: Sneasler\n|-damage|p2a: Sneasler|69\/100\n|\n|-weather|RainDance|[upkeep]\n|upkeep\n|turn|11\n|\n|t:|1700568916\n|move|p2a: Sneasler|Dire Claw|p1a: Pelipper\n|-damage|p1a: Pelipper|0 fnt\n|faint|p1a: Pelipper\n|\n|-weather|RainDance|[upkeep]\n|upkeep\n|\n|t:|1700568918\n|switch|p1a: Urshifu|Urshifu-Rapid-Strike, M|100\/100\n|turn|12\n|\n|t:|1700568921\n|move|p2a: Sneasler|Acrobatics|p1a: Urshifu\n|-supereffective|p1a: Urshifu\n|-damage|p1a: Urshifu|0 fnt\n|faint|p1a: Urshifu\n|\n|win|yueyue12345\n|raw|pokemon\u8ff7oq's rating: 1420 &rarr; <strong>1400<\/strong><br \/>(-20 for losing)\n|raw|yueyue12345's rating: 1425 &rarr; <strong>1445<\/strong><br \/>(+20 for winning)\n|l|\u2606pokemon\u8ff7oq\n","uploadtime":1700569044,"views":8,"p1id":"pokemonoq","p2id":"yueyue12345","formatid":"gen9nationaldex","rating":1400,"private":0,"password":""}