{"id":"gen9nationaldex-1988726219","p1":"big_zegundo","p2":"gbootoxide","format":"[Gen 9] National Dex","log":"|j|\u2606big_zegundo\n|j|\u2606gbootoxide\n|t:|1699755371\n|gametype|singles\n|player|p1|big_zegundo|boarder|\n|player|p2|gbootoxide|evelyn|\n|teamsize|p1|6\n|teamsize|p2|6\n|gen|9\n|tier|[Gen 9] National Dex\n|rule|HP Percentage Mod: HP is shown in percentages\n|rule|Endless Battle Clause: Forcing endless battles is banned\n|rule|OHKO Clause: OHKO moves are banned\n|rule|Evasion Clause: Evasion abilities, items, and moves are banned\n|rule|Evasion Abilities Clause: Evasion abilities are banned\n|rule|Evasion Items Clause: Evasion items are banned\n|rule|Evasion Moves Clause: Evasion moves are banned\n|rule|Species Clause: Limit one of each Pok\u00e9mon\n|rule|Sleep Clause Mod: Limit one foe put to sleep\n|clearpoke\n|poke|p1|Tapu Koko|\n|poke|p1|Milotic, M|\n|poke|p1|Exeggutor-Alola, M|\n|poke|p1|Iron Jugulis|\n|poke|p1|Gurdurr, F|\n|poke|p1|Ambipom, M|\n|poke|p2|Lopunny, M|\n|poke|p2|Rotom-Mow|\n|poke|p2|Moltres|\n|poke|p2|Seismitoad, F|\n|poke|p2|Dugtrio-Alola, M|\n|poke|p2|Perrserker, M|\n|teampreview\n|\n|t:|1699755393\n|start\n|switch|p1a: Ambipom|Ambipom, M|100\/100\n|switch|p2a: Seismitoad|Seismitoad, F|100\/100\n|turn|1\n|\n|t:|1699755411\n|switch|p2a: Moltres|Moltres|100\/100\n|move|p1a: Ambipom|Fake Out|p2a: Moltres\n|-damage|p2a: Moltres|79\/100\n|\n|upkeep\n|turn|2\n|\n|t:|1699755427\n|move|p1a: Ambipom|Smack Down|p2a: Moltres\n|-supereffective|p2a: Moltres\n|-enditem|p2a: Moltres|Charti Berry|[eat]\n|-enditem|p2a: Moltres|Charti Berry|[weaken]\n|-damage|p2a: Moltres|46\/100\n|-start|p2a: Moltres|Smack Down\n|move|p2a: Moltres|Flamethrower|p1a: Ambipom\n|-damage|p1a: Ambipom|36\/100\n|\n|upkeep\n|turn|3\n|\n|t:|1699755457\n|switch|p2a: Dugtrio|Dugtrio-Alola, M|100\/100\n|move|p1a: Ambipom|Knock Off|p2a: Dugtrio\n|-damage|p2a: Dugtrio|22\/100\n|-activate|p2a: Dugtrio|ability: Tangling Hair\n|-activate|p1a: Ambipom|item: Protective Pads\n|-enditem|p2a: Dugtrio|Life Orb|[from] move: Knock Off|[of] p1a: Ambipom\n|\n|upkeep\n|turn|4\n|c|\u2606gbootoxide|wtf\n|c|\u2606big_zegundo|lmfao\n|\n|t:|1699755492\n|switch|p1a: Gurdurr|Gurdurr, F|100\/100\n|move|p2a: Dugtrio|Stone Edge|p1a: Gurdurr\n|-resisted|p1a: Gurdurr\n|-damage|p1a: Gurdurr|90\/100\n|\n|upkeep\n|turn|5\n|\n|t:|1699755513\n|move|p2a: Dugtrio|Earthquake|p1a: Gurdurr\n|-damage|p1a: Gurdurr|61\/100\n|move|p1a: Gurdurr|Drain Punch|p2a: Dugtrio\n|-supereffective|p2a: Dugtrio\n|-damage|p2a: Dugtrio|0 fnt\n|-heal|p1a: Gurdurr|67\/100|[from] drain|[of] p2a: Dugtrio\n|-ability|p2a: Dugtrio|Tangling Hair\n|-unboost|p1a: Gurdurr|spe|1\n|faint|p2a: Dugtrio\n|\n|upkeep\n|\n|t:|1699755567\n|switch|p2a: Rotom|Rotom-Mow|100\/100\n|turn|6\n|\n|t:|1699755579\n|move|p2a: Rotom|Leaf Storm|p1a: Gurdurr\n|-damage|p1a: Gurdurr|10\/100\n|-unboost|p2a: Rotom|spa|2\n|move|p1a: Gurdurr|Drain Punch|p2a: Rotom\n|-damage|p2a: Rotom|58\/100\n|-heal|p1a: Gurdurr|27\/100|[from] drain|[of] p2a: Rotom\n|\n|upkeep\n|turn|7\n|\n|t:|1699755595\n|move|p2a: Rotom|Volt Switch|p1a: Gurdurr\n|-damage|p1a: Gurdurr|11\/100\n|\n|t:|1699755605\n|switch|p2a: Moltres|Moltres|46\/100|[from] Volt Switch\n|move|p1a: Gurdurr|Stone Edge|p2a: Moltres\n|-supereffective|p2a: Moltres\n|-damage|p2a: Moltres|0 fnt\n|faint|p2a: Moltres\n|\n|upkeep\n|c|\u2606gbootoxide|fuck\n|c|\u2606big_zegundo|im nasty with it\n|\n|t:|1699755621\n|switch|p2a: Lopunny|Lopunny, M|100\/100\n|turn|8\n|\n|t:|1699755656\n|switch|p1a: Ambipom|Ambipom, M|36\/100\n|detailschange|p2a: Lopunny|Lopunny-Mega, M\n|-mega|p2a: Lopunny|Lopunny|Lopunnite\n|move|p2a: Lopunny|Fake Out|p1a: Ambipom\n|-damage|p1a: Ambipom|0 fnt\n|faint|p1a: Ambipom\n|\n|upkeep\n|\n|t:|1699755663\n|switch|p1a: Gurdurr|Gurdurr, F|11\/100\n|turn|9\n|\n|t:|1699755685\n|move|p2a: Lopunny|Return|p1a: Gurdurr\n|-crit|p1a: Gurdurr\n|-damage|p1a: Gurdurr|0 fnt\n|faint|p1a: Gurdurr\n|\n|upkeep\n|\n|t:|1699755709\n|switch|p1a: Milotic|Milotic, M|100\/100\n|turn|10\n|\n|t:|1699755724\n|move|p2a: Lopunny|Return|p1a: Milotic\n|-damage|p1a: Milotic|58\/100\n|move|p1a: Milotic|Recover|p1a: Milotic\n|-heal|p1a: Milotic|100\/100\n|\n|-status|p1a: Milotic|brn|[from] item: Flame Orb\n|upkeep\n|turn|11\n|\n|t:|1699755738\n|move|p2a: Lopunny|U-turn|p1a: Milotic\n|-damage|p1a: Milotic|87\/100 brn\n|\n|t:|1699755745\n|switch|p2a: Rotom|Rotom-Mow|58\/100|[from] U-turn\n|move|p1a: Milotic|Toxic|p2a: Rotom\n|-status|p2a: Rotom|tox\n|\n|-damage|p2a: Rotom|52\/100 tox|[from] psn\n|-damage|p1a: Milotic|81\/100 brn|[from] brn\n|upkeep\n|turn|12\n|\n|t:|1699755759\n|switch|p1a: BIG EGGUNDO|Exeggutor-Alola, M|100\/100\n|move|p2a: Rotom|Light Screen|p2a: Rotom\n|-sidestart|p2: gbootoxide|move: Light Screen\n|\n|-damage|p2a: Rotom|40\/100 tox|[from] psn\n|upkeep\n|turn|13\n|\n|t:|1699755779\n|move|p2a: Rotom|Pain Split|p1a: BIG EGGUNDO\n|-sethp|p1a: BIG EGGUNDO|66\/100|[from] move: Pain Split|[silent]\n|-sethp|p2a: Rotom|85\/100 tox|[from] move: Pain Split\n|move|p1a: BIG EGGUNDO|Flamethrower|p2a: Rotom\n|-supereffective|p2a: Rotom\n|-damage|p2a: Rotom|55\/100 tox\n|\n|-damage|p2a: Rotom|37\/100 tox|[from] psn\n|upkeep\n|turn|14\n|\n|t:|1699755789\n|move|p2a: Rotom|Volt Switch|p1a: BIG EGGUNDO\n|-resisted|p1a: BIG EGGUNDO\n|-damage|p1a: BIG EGGUNDO|58\/100\n|\n|t:|1699755800\n|switch|p2a: Lopunny|Lopunny-Mega, M|100\/100|[from] Volt Switch\n|move|p1a: BIG EGGUNDO|Flamethrower|p2a: Lopunny\n|-crit|p2a: Lopunny\n|-damage|p2a: Lopunny|36\/100\n|\n|upkeep\n|turn|15\n|c|\u2606gbootoxide|bruh\n|\n|t:|1699755826\n|move|p2a: Lopunny|Return|p1a: BIG EGGUNDO\n|-damage|p1a: BIG EGGUNDO|0 fnt\n|faint|p1a: BIG EGGUNDO\n|\n|upkeep\n|\n|t:|1699755846\n|switch|p1a: Milotic|Milotic, M|81\/100 brn\n|turn|16\n|\n|t:|1699755861\n|move|p2a: Lopunny|U-turn|p1a: Milotic\n|-damage|p1a: Milotic|67\/100 brn\n|\n|t:|1699755875\n|switch|p2a: Perrserker|Perrserker, M|100\/100|[from] U-turn\n|move|p1a: Milotic|Toxic|p2a: Perrserker\n|-immune|p2a: Perrserker\n|\n|-damage|p1a: Milotic|61\/100 brn|[from] brn\n|upkeep\n|turn|17\n|\n|t:|1699755899\n|switch|p1a: Tapu Koko|Tapu Koko|100\/100\n|-fieldstart|move: Electric Terrain|[from] ability: Electric Surge|[of] p1a: Tapu Koko\n|-terastallize|p2a: Perrserker|Electric\n|move|p2a: Perrserker|Tera Blast|p1a: Tapu Koko|[anim] Tera Blast Electric\n|-resisted|p1a: Tapu Koko\n|-damage|p1a: Tapu Koko|62\/100\n|\n|upkeep\n|turn|18\n|\n|t:|1699755912\n|move|p1a: Tapu Koko|Dazzling Gleam|p2a: Perrserker\n|-damage|p2a: Perrserker|83\/100\n|move|p2a: Perrserker|Iron Head|p1a: Tapu Koko\n|-damage|p1a: Tapu Koko|0 fnt\n|faint|p1a: Tapu Koko\n|\n|upkeep\n|\n|t:|1699755918\n|switch|p1a: Iron Jugulis|Iron Jugulis|100\/100\n|-activate|p1a: Iron Jugulis|ability: Quark Drive\n|-start|p1a: Iron Jugulis|quarkdrivespe\n|turn|19\n|\n|t:|1699755940\n|-terastallize|p1a: Iron Jugulis|Ground\n|move|p1a: Iron Jugulis|Earth Power|p2a: Perrserker\n|-supereffective|p2a: Perrserker\n|-damage|p2a: Perrserker|42\/100\n|-unboost|p2a: Perrserker|spd|1\n|move|p2a: Perrserker|Knock Off|p1a: Iron Jugulis\n|-damage|p1a: Iron Jugulis|46\/100\n|-enditem|p1a: Iron Jugulis|Leftovers|[from] move: Knock Off|[of] p2a: Perrserker\n|\n|-sideend|p2: gbootoxide|move: Light Screen\n|upkeep\n|turn|20\n|\n|t:|1699755967\n|switch|p2a: Seismitoad|Seismitoad, F|100\/100\n|move|p1a: Iron Jugulis|Flamethrower|p2a: Seismitoad\n|-resisted|p2a: Seismitoad\n|-damage|p2a: Seismitoad|84\/100\n|\n|upkeep\n|turn|21\n|\n|t:|1699755979\n|move|p1a: Iron Jugulis|Earth Power|p2a: Seismitoad\n|-damage|p2a: Seismitoad|37\/100\n|move|p2a: Seismitoad|Earthquake|p1a: Iron Jugulis\n|-damage|p1a: Iron Jugulis|0 fnt\n|faint|p1a: Iron Jugulis\n|-end|p1a: Iron Jugulis|Quark Drive|[silent]\n|\n|-fieldend|move: Electric Terrain\n|upkeep\n|\n|t:|1699755984\n|switch|p1a: Milotic|Milotic, M|61\/100 brn\n|turn|22\n|\n|t:|1699755991\n|move|p2a: Seismitoad|Power Whip|p1a: Milotic\n|-supereffective|p1a: Milotic\n|-damage|p1a: Milotic|25\/100 brn\n|move|p1a: Milotic|Recover|p1a: Milotic\n|-heal|p1a: Milotic|75\/100 brn\n|\n|-damage|p1a: Milotic|69\/100 brn|[from] brn\n|upkeep\n|turn|23\n|\n|t:|1699756002\n|switch|p2a: Rotom|Rotom-Mow|37\/100 tox\n|move|p1a: Milotic|Toxic|p2a: Rotom\n|-fail|p2a: Rotom|tox\n|\n|-damage|p2a: Rotom|31\/100 tox|[from] psn\n|-damage|p1a: Milotic|63\/100 brn|[from] brn\n|upkeep\n|turn|24\n|\n|t:|1699756011\n|move|p2a: Rotom|Pain Split|p1a: Milotic\n|-sethp|p1a: Milotic|43\/100 brn|[from] move: Pain Split|[silent]\n|-sethp|p2a: Rotom|56\/100 tox|[from] move: Pain Split\n|move|p1a: Milotic|Recover|p1a: Milotic\n|-heal|p1a: Milotic|93\/100 brn\n|\n|-damage|p2a: Rotom|44\/100 tox|[from] psn\n|-damage|p1a: Milotic|87\/100 brn|[from] brn\n|upkeep\n|turn|25\n|\n|t:|1699756017\n|move|p2a: Rotom|Pain Split|p1a: Milotic\n|-sethp|p1a: Milotic|60\/100 brn|[from] move: Pain Split|[silent]\n|-sethp|p2a: Rotom|78\/100 tox|[from] move: Pain Split\n|move|p1a: Milotic|Scald|p2a: Rotom\n|-resisted|p2a: Rotom\n|-damage|p2a: Rotom|65\/100 tox\n|\n|-damage|p2a: Rotom|47\/100 tox|[from] psn\n|-damage|p1a: Milotic|54\/100 brn|[from] brn\n|upkeep\n|turn|26\n|c|\u2606big_zegundo|ggs\n|-message|big_zegundo forfeited.\n|\n|win|gbootoxide\n","uploadtime":1699756038,"views":18,"p1id":"bigzegundo","p2id":"gbootoxide","formatid":"gen9nationaldex","rating":0,"private":0,"password":""}