{"id":"gen9nationaldex-1996374569","p1":"Ruinous Tusk","p2":"serial_chiller69","format":"[Gen 9] National Dex","log":"|html|<div class=\"broadcast-blue\"><strong>[Gen 9] National Dex is currently suspecting Sneasler! For information on how to participate check out the <a href=\"https:\/\/www.smogon.com\/forums\/threads\/sv-national-dex-suspect-8-just-dance.3731534\/\">suspect thread<\/a>.<\/strong><\/div>\n|j|\u2606Ruinous Tusk\n|j|\u2606serial_chiller69\n|t:|1700675974\n|gametype|singles\n|player|p1|Ruinous Tusk|hilbert|1274\n|player|p2|serial_chiller69|gentleman-gen4|1173\n|teamsize|p1|6\n|teamsize|p2|6\n|gen|9\n|tier|[Gen 9] National Dex\n|rated|\n|rule|HP Percentage Mod: HP is shown in percentages\n|rule|Endless Battle Clause: Forcing endless battles is banned\n|rule|OHKO Clause: OHKO moves are banned\n|rule|Evasion Clause: Evasion abilities, items, and moves are banned\n|rule|Evasion Abilities Clause: Evasion abilities are banned\n|rule|Evasion Items Clause: Evasion items are banned\n|rule|Evasion Moves Clause: Evasion moves are banned\n|rule|Species Clause: Limit one of each Pok\u00e9mon\n|rule|Sleep Clause Mod: Limit one foe put to sleep\n|clearpoke\n|poke|p1|Tapu Koko|\n|poke|p1|Iron Valiant|\n|poke|p1|Sneasler, M|\n|poke|p1|Charizard, M|\n|poke|p1|Hatterene, F|\n|poke|p1|Victini|\n|poke|p2|Lycanroc-Dusk, M|\n|poke|p2|Pikachu, F|\n|poke|p2|Charizard, M|\n|poke|p2|Greninja-*, M|\n|poke|p2|Ferrothorn, F|\n|poke|p2|Gliscor, F|\n|teampreview\n|inactive|Battle timer is ON: inactive players will automatically lose when time's up. (requested by Ruinous Tusk)\n|\n|t:|1700675983\n|start\n|switch|p1a: Victini|Victini|100\/100\n|switch|p2a: Gliscor|Gliscor, F|100\/100\n|turn|1\n|\n|t:|1700675990\n|move|p1a: Victini|U-turn|p2a: Gliscor\n|-resisted|p2a: Gliscor\n|-damage|p2a: Gliscor|92\/100\n|\n|t:|1700675992\n|switch|p1a: Hatterene|Hatterene, F|100\/100|[from] U-turn\n|move|p2a: Gliscor|Swords Dance|p2a: Gliscor\n|-boost|p2a: Gliscor|atk|2\n|\n|-status|p2a: Gliscor|tox|[from] item: Toxic Orb\n|upkeep\n|turn|2\n|\n|t:|1700676000\n|switch|p1a: Charizard|Charizard, M|100\/100\n|move|p2a: Gliscor|Earthquake|p1a: Charizard\n|-immune|p1a: Charizard\n|\n|-heal|p2a: Gliscor|100\/100 tox|[from] ability: Poison Heal\n|upkeep\n|turn|3\n|\n|t:|1700676007\n|detailschange|p1a: Charizard|Charizard-Mega-Y, M\n|-mega|p1a: Charizard|Charizard|Charizardite Y\n|-weather|SunnyDay|[from] ability: Drought|[of] p1a: Charizard\n|move|p1a: Charizard|Flamethrower|p2a: Gliscor\n|-damage|p2a: Gliscor|37\/100 tox\n|move|p2a: Gliscor|Facade|p1a: Charizard\n|-damage|p1a: Charizard|16\/100\n|\n|-weather|SunnyDay|[upkeep]\n|-heal|p2a: Gliscor|50\/100 tox|[from] ability: Poison Heal\n|upkeep\n|turn|4\n|\n|t:|1700676019\n|move|p1a: Charizard|Flamethrower|p2a: Gliscor\n|-damage|p2a: Gliscor|0 fnt\n|faint|p2a: Gliscor\n|\n|-weather|SunnyDay|[upkeep]\n|upkeep\n|\n|t:|1700676025\n|switch|p2a: Greninja|Greninja, M|100\/100\n|turn|5\n|\n|t:|1700676029\n|switch|p1a: Hatterene|Hatterene, F|100\/100\n|move|p2a: Greninja|Water Shuriken|p1a: Hatterene\n|-damage|p1a: Hatterene|96\/100\n|-crit|p1a: Hatterene\n|-damage|p1a: Hatterene|90\/100\n|-damage|p1a: Hatterene|86\/100\n|-hitcount|p1a: Hatterene|3\n|-enditem|p1a: Hatterene|Eject Button\n|-damage|p2a: Greninja|91\/100|[from] item: Life Orb\n|\n|t:|1700676040\n|switch|p1a: Tapu Koko|Tapu Koko|100\/100\n|-fieldstart|move: Electric Terrain|[from] ability: Electric Surge|[of] p1a: Tapu Koko\n|\n|-weather|SunnyDay|[upkeep]\n|upkeep\n|turn|6\n|\n|t:|1700676050\n|switch|p2a: Ferrothorn|Ferrothorn, F|100\/100\n|move|p1a: Tapu Koko|U-turn|p2a: Ferrothorn\n|-damage|p2a: Ferrothorn|89\/100\n|-damage|p1a: Tapu Koko|88\/100|[from] ability: Iron Barbs|[of] p2a: Ferrothorn\n|\n|t:|1700676054\n|switch|p1a: Victini|Victini|100\/100|[from] U-turn\n|\n|-weather|SunnyDay|[upkeep]\n|-heal|p2a: Ferrothorn|95\/100|[from] item: Leftovers\n|upkeep\n|turn|7\n|\n|t:|1700676060\n|move|p2a: Ferrothorn|Protect|p2a: Ferrothorn\n|-singleturn|p2a: Ferrothorn|Protect\n|move|p1a: Victini|V-create|p2a: Ferrothorn\n|-activate|p2a: Ferrothorn|move: Protect\n|\n|-weather|none\n|-heal|p2a: Ferrothorn|100\/100|[from] item: Leftovers\n|upkeep\n|turn|8\n|\n|t:|1700676077\n|switch|p2a: Lycanroc|Lycanroc-Dusk, M|100\/100\n|move|p1a: Victini|V-create|p2a: Lycanroc\n|-resisted|p2a: Lycanroc\n|-damage|p2a: Lycanroc|41\/100\n|-unboost|p1a: Victini|spe|1\n|-unboost|p1a: Victini|def|1\n|-unboost|p1a: Victini|spd|1\n|\n|upkeep\n|turn|9\n|\n|t:|1700676093\n|switch|p1a: Charizard|Charizard-Mega-Y, M|16\/100\n|-weather|SunnyDay|[from] ability: Drought|[of] p1a: Charizard\n|-zpower|p2a: Lycanroc\n|move|p2a: Lycanroc|Splintered Stormshards|p1a: Charizard|[zeffect]\n|-supereffective|p1a: Charizard\n|-damage|p1a: Charizard|0 fnt\n|-fieldend|move: Electric Terrain\n|faint|p1a: Charizard\n|\n|-weather|SunnyDay|[upkeep]\n|upkeep\n|\n|t:|1700676108\n|switch|p1a: Tapu Koko|Tapu Koko|88\/100\n|-fieldstart|move: Electric Terrain|[from] ability: Electric Surge|[of] p1a: Tapu Koko\n|turn|10\n|\n|t:|1700676127\n|switch|p2a: Ferrothorn|Ferrothorn, F|100\/100\n|move|p1a: Tapu Koko|Dazzling Gleam|p2a: Ferrothorn\n|-resisted|p2a: Ferrothorn\n|-damage|p2a: Ferrothorn|89\/100\n|\n|-weather|SunnyDay|[upkeep]\n|-heal|p2a: Ferrothorn|95\/100|[from] item: Leftovers\n|upkeep\n|turn|11\n|\n|t:|1700676135\n|switch|p1a: Hatterene|Hatterene, F|86\/100\n|move|p2a: Ferrothorn|Leech Seed|p1a: Hatterene\n|move|p1a: Hatterene|Leech Seed|p2a: Ferrothorn|[from]ability: Magic Bounce\n|-immune|p2a: Ferrothorn\n|\n|-weather|SunnyDay|[upkeep]\n|-heal|p2a: Ferrothorn|100\/100|[from] item: Leftovers\n|upkeep\n|turn|12\n|\n|t:|1700676146\n|switch|p1a: Victini|Victini|100\/100\n|move|p2a: Ferrothorn|Gyro Ball|p1a: Victini\n|-resisted|p1a: Victini\n|-damage|p1a: Victini|77\/100\n|\n|-weather|SunnyDay|[upkeep]\n|upkeep\n|turn|13\n|\n|t:|1700676159\n|move|p2a: Ferrothorn|Protect|p2a: Ferrothorn\n|-singleturn|p2a: Ferrothorn|Protect\n|move|p1a: Victini|V-create|p2a: Ferrothorn\n|-activate|p2a: Ferrothorn|move: Protect\n|\n|-weather|none\n|upkeep\n|turn|14\n|\n|t:|1700676176\n|switch|p2a: Lycanroc|Lycanroc-Dusk, M|41\/100\n|move|p1a: Victini|V-create|p2a: Lycanroc\n|-resisted|p2a: Lycanroc\n|-damage|p2a: Lycanroc|0 fnt\n|-unboost|p1a: Victini|spe|1\n|-unboost|p1a: Victini|def|1\n|-unboost|p1a: Victini|spd|1\n|faint|p2a: Lycanroc\n|\n|upkeep\n|\n|t:|1700676194\n|switch|p2a: Charizard|Charizard, M|100\/100\n|turn|15\n|\n|t:|1700676217\n|switch|p1a: Hatterene|Hatterene, F|86\/100\n|detailschange|p2a: Charizard|Charizard-Mega-Y, M\n|-mega|p2a: Charizard|Charizard|Charizardite Y\n|-weather|SunnyDay|[from] ability: Drought|[of] p2a: Charizard\n|move|p2a: Charizard|Solar Beam||[still]\n|-prepare|p2a: Charizard|Solar Beam\n|-anim|p2a: Charizard|Solar Beam|p1a: Hatterene\n|-damage|p1a: Hatterene|33\/100\n|\n|-weather|SunnyDay|[upkeep]\n|upkeep\n|turn|16\n|\n|t:|1700676226\n|switch|p1a: Victini|Victini|77\/100\n|move|p2a: Charizard|Solar Beam||[still]\n|-prepare|p2a: Charizard|Solar Beam\n|-anim|p2a: Charizard|Solar Beam|p1a: Victini\n|-resisted|p1a: Victini\n|-damage|p1a: Victini|51\/100\n|\n|-weather|SunnyDay|[upkeep]\n|upkeep\n|turn|17\n|\n|t:|1700676235\n|move|p1a: Victini|Bolt Strike|p2a: Charizard\n|-supereffective|p2a: Charizard\n|-damage|p2a: Charizard|0 fnt\n|faint|p2a: Charizard\n|\n|-weather|SunnyDay|[upkeep]\n|-fieldend|move: Electric Terrain\n|upkeep\n|\n|t:|1700676247\n|switch|p2a: Greninja|Greninja, M|91\/100\n|turn|18\n|inactive|serial_chiller69 has 120 seconds left.\n|\n|t:|1700676277\n|move|p1a: Victini|Bolt Strike|p2a: Greninja\n|-supereffective|p2a: Greninja\n|-damage|p2a: Greninja|0 fnt\n|faint|p2a: Greninja\n|\n|-weather|SunnyDay|[upkeep]\n|upkeep\n|\n|t:|1700676282\n|switch|p2a: Pikachu|Pikachu, F|100\/100\n|turn|19\n|inactive|serial_chiller69 has 120 seconds left.\n|\n|t:|1700676287\n|switch|p1a: Tapu Koko|Tapu Koko|88\/100\n|-fieldstart|move: Electric Terrain|[from] ability: Electric Surge|[of] p1a: Tapu Koko\n|move|p2a: Pikachu|Fake Out|p1a: Tapu Koko\n|-damage|p1a: Tapu Koko|65\/100\n|\n|-weather|none\n|upkeep\n|turn|20\n|\n|t:|1700676296\n|move|p1a: Tapu Koko|U-turn|p2a: Pikachu\n|-damage|p2a: Pikachu|47\/100\n|\n|t:|1700676302\n|switch|p1a: Hatterene|Hatterene, F|33\/100|[from] U-turn\n|move|p2a: Pikachu|Knock Off|p1a: Hatterene\n|-damage|p1a: Hatterene|8\/100\n|\n|upkeep\n|turn|21\n|\n|t:|1700676308\n|move|p2a: Pikachu|Extreme Speed|p1a: Hatterene\n|-damage|p1a: Hatterene|0 fnt\n|faint|p1a: Hatterene\n|\n|upkeep\n|\n|t:|1700676319\n|switch|p1a: Iron Valiant|Iron Valiant|100\/100\n|-activate|p1a: Iron Valiant|ability: Quark Drive\n|-start|p1a: Iron Valiant|quarkdrivespe\n|turn|22\n|\n|t:|1700676325\n|move|p2a: Pikachu|Extreme Speed|p1a: Iron Valiant\n|-damage|p1a: Iron Valiant|57\/100\n|move|p1a: Iron Valiant|Close Combat|p2a: Pikachu\n|-damage|p2a: Pikachu|0 fnt\n|-unboost|p1a: Iron Valiant|def|1\n|-unboost|p1a: Iron Valiant|spd|1\n|faint|p2a: Pikachu\n|-damage|p1a: Iron Valiant|48\/100|[from] item: Life Orb\n|\n|upkeep\n|\n|t:|1700676334\n|switch|p2a: Ferrothorn|Ferrothorn, F|100\/100\n|turn|23\n|\n|t:|1700676356\n|-terastallize|p2a: Ferrothorn|Grass\n|move|p1a: Iron Valiant|Close Combat|p2a: Ferrothorn\n|-damage|p2a: Ferrothorn|44\/100\n|-unboost|p1a: Iron Valiant|def|1\n|-unboost|p1a: Iron Valiant|spd|1\n|-damage|p1a: Iron Valiant|35\/100|[from] ability: Iron Barbs|[of] p2a: Ferrothorn\n|-damage|p1a: Iron Valiant|25\/100|[from] item: Life Orb\n|move|p2a: Ferrothorn|Leech Seed|p1a: Iron Valiant\n|-start|p1a: Iron Valiant|move: Leech Seed\n|\n|-heal|p2a: Ferrothorn|50\/100|[from] item: Leftovers\n|-damage|p1a: Iron Valiant|13\/100|[from] Leech Seed|[of] p2a: Ferrothorn\n|-heal|p2a: Ferrothorn|60\/100|[silent]\n|upkeep\n|turn|24\n|\n|t:|1700676371\n|-end|p1a: Iron Valiant|Quark Drive|[silent]\n|switch|p1a: Sneasler|Sneasler, M|100\/100\n|-enditem|p1a: Sneasler|Electric Seed\n|-boost|p1a: Sneasler|def|1|[from] item: Electric Seed\n|move|p2a: Ferrothorn|Leech Seed|p1a: Sneasler\n|-start|p1a: Sneasler|move: Leech Seed\n|\n|-heal|p2a: Ferrothorn|67\/100|[from] item: Leftovers\n|-damage|p1a: Sneasler|88\/100|[from] Leech Seed|[of] p2a: Ferrothorn\n|-heal|p2a: Ferrothorn|77\/100|[silent]\n|upkeep\n|turn|25\n|\n|t:|1700676383\n|-terastallize|p1a: Sneasler|Flying\n|move|p1a: Sneasler|Acrobatics|p2a: Ferrothorn\n|-supereffective|p2a: Ferrothorn\n|-damage|p2a: Ferrothorn|0 fnt\n|-damage|p1a: Sneasler|76\/100|[from] ability: Iron Barbs|[of] p2a: Ferrothorn\n|faint|p2a: Ferrothorn\n|\n|win|Ruinous Tusk\n|raw|Ruinous Tusk's rating: 1274 &rarr; <strong>1292<\/strong><br \/>(+18 for winning)\n|raw|serial_chiller69's rating: 1173 &rarr; <strong>1155<\/strong><br \/>(-18 for losing)\n","uploadtime":1700676390,"views":1,"p1id":"ruinoustusk","p2id":"serialchiller69","formatid":"gen9nationaldex","rating":1155,"private":0,"password":""}