{"id":"gen9nationaldex-1990313719","p1":"DJRRRR","p2":"qualitysalt","format":"[Gen 9] National Dex","log":"|j|\u2606DJRRRR\n|j|\u2606qualitysalt\n|t:|1699955259\n|gametype|singles\n|player|p1|DJRRRR|roxie|1191\n|player|p2|qualitysalt|266|1283\n|teamsize|p1|6\n|teamsize|p2|6\n|gen|9\n|tier|[Gen 9] National Dex\n|rated|\n|rule|HP Percentage Mod: HP is shown in percentages\n|rule|Endless Battle Clause: Forcing endless battles is banned\n|rule|OHKO Clause: OHKO moves are banned\n|rule|Evasion Clause: Evasion abilities, items, and moves are banned\n|rule|Evasion Abilities Clause: Evasion abilities are banned\n|rule|Evasion Items Clause: Evasion items are banned\n|rule|Evasion Moves Clause: Evasion moves are banned\n|rule|Species Clause: Limit one of each Pok\u00e9mon\n|rule|Sleep Clause Mod: Limit one foe put to sleep\n|clearpoke\n|poke|p1|Zeraora|\n|poke|p1|Greninja-*, M|\n|poke|p1|Kartana|\n|poke|p1|Nidoking, M|\n|poke|p1|Dragonite, F|\n|poke|p1|Banette, F|\n|poke|p2|Metagross|\n|poke|p2|Lilligant-Hisui, F|\n|poke|p2|Garchomp, F|\n|poke|p2|Zapdos|\n|poke|p2|Garganacl, M|\n|poke|p2|Iron Valiant|\n|teampreview\n|inactive|Battle timer is ON: inactive players will automatically lose when time's up. (requested by qualitysalt)\n|\n|t:|1699955283\n|start\n|switch|p1a: Zeraora|Zeraora|100\/100\n|switch|p2a: Iron Valiant|Iron Valiant|100\/100\n|-enditem|p2a: Iron Valiant|Booster Energy\n|-activate|p2a: Iron Valiant|ability: Quark Drive|[fromitem]\n|-start|p2a: Iron Valiant|quarkdrivespe\n|turn|1\n|\n|t:|1699955298\n|move|p2a: Iron Valiant|Focus Blast|p1a: Zeraora\n|-enditem|p1a: Zeraora|Focus Sash\n|-damage|p1a: Zeraora|1\/100\n|move|p1a: Zeraora|Endeavor|p2a: Iron Valiant\n|-damage|p2a: Iron Valiant|1\/100\n|\n|upkeep\n|turn|2\n|\n|t:|1699955314\n|switch|p1a: Banette|Banette, F|100\/100\n|move|p2a: Iron Valiant|Moonblast|p1a: Banette\n|-damage|p1a: Banette|19\/100\n|\n|upkeep\n|turn|3\n|\n|t:|1699955328\n|detailschange|p1a: Banette|Banette-Mega, F\n|-mega|p1a: Banette|Banette|Banettite\n|move|p2a: Iron Valiant|Moonblast|p1a: Banette\n|-damage|p1a: Banette|0 fnt\n|faint|p1a: Banette\n|\n|upkeep\n|\n|t:|1699955334\n|switch|p1a: Greninja|Greninja, M|100\/100\n|turn|4\n|\n|t:|1699955340\n|move|p1a: Greninja|Water Shuriken|p2a: Iron Valiant\n|-damage|p2a: Iron Valiant|0 fnt\n|faint|p2a: Iron Valiant\n|-end|p2a: Iron Valiant|Quark Drive|[silent]\n|-ability|p1a: Greninja|Battle Bond|boost\n|-boost|p1a: Greninja|atk|1\n|-boost|p1a: Greninja|spa|1\n|-boost|p1a: Greninja|spe|1\n|-activate|p1a: Greninja|ability: Battle Bond\n|-hitcount|p2: Iron Valiant|1\n|-damage|p1a: Greninja|91\/100|[from] item: Life Orb\n|\n|upkeep\n|\n|t:|1699955348\n|switch|p2a: Lilligant|Lilligant-Hisui, F|100\/100\n|turn|5\n|\n|t:|1699955353\n|-terastallize|p2a: Lilligant|Steel\n|move|p1a: Greninja|Protect|p1a: Greninja\n|-singleturn|p1a: Greninja|Protect\n|move|p2a: Lilligant|Leaf Blade|p1a: Greninja\n|-activate|p1a: Greninja|move: Protect\n|\n|upkeep\n|turn|6\n|\n|t:|1699955360\n|-terastallize|p1a: Greninja|Water\n|move|p1a: Greninja|Surf|p2a: Lilligant\n|-damage|p2a: Lilligant|0 fnt\n|faint|p2a: Lilligant\n|-damage|p1a: Greninja|81\/100|[from] item: Life Orb\n|\n|upkeep\n|\n|t:|1699955368\n|switch|p2a: Garga Deez Nuts|Garganacl, M|100\/100\n|turn|7\n|\n|t:|1699955379\n|move|p1a: Greninja|Surf|p2a: Garga Deez Nuts\n|-supereffective|p2a: Garga Deez Nuts\n|-damage|p2a: Garga Deez Nuts|0 fnt\n|faint|p2a: Garga Deez Nuts\n|-damage|p1a: Greninja|71\/100|[from] item: Life Orb\n|\n|upkeep\n|-message|qualitysalt forfeited.\n|\n|win|DJRRRR\n|raw|DJRRRR's rating: 1191 &rarr; <strong>1222<\/strong><br \/>(+31 for winning)\n|raw|qualitysalt's rating: 1283 &rarr; <strong>1252<\/strong><br \/>(-31 for losing)\n|l|\u2606qualitysalt\n|l|\u2606DJRRRR\n|j|\u2606DJRRRR\n|player|p1|DJRRRR|roxie\n","uploadtime":1699955391,"views":5,"p1id":"djrrrr","p2id":"qualitysalt","formatid":"gen9nationaldex","rating":1222,"private":0,"password":""}