{"id":"gen9nationaldex-1999925962","p1":"Claribel L.P","p2":"cursebreaker322","format":"[Gen 9] National Dex","log":"|html|<div class=\"broadcast-blue\"><strong>[Gen 9] National Dex is currently suspecting Sneasler! For information on how to participate check out the <a href=\"https:\/\/www.smogon.com\/forums\/threads\/sv-national-dex-suspect-8-just-dance.3731534\/\">suspect thread<\/a>.<\/strong><\/div>\n|j|\u2606Claribel L.P\n|j|\u2606cursebreaker322\n|t:|1701130852\n|gametype|singles\n|player|p1|Claribel L.P|preschooler|1121\n|player|p2|cursebreaker322|2|1128\n|teamsize|p1|6\n|teamsize|p2|6\n|gen|9\n|tier|[Gen 9] National Dex\n|rated|\n|rule|HP Percentage Mod: HP is shown in percentages\n|rule|Endless Battle Clause: Forcing endless battles is banned\n|rule|OHKO Clause: OHKO moves are banned\n|rule|Evasion Clause: Evasion abilities, items, and moves are banned\n|rule|Evasion Abilities Clause: Evasion abilities are banned\n|rule|Evasion Items Clause: Evasion items are banned\n|rule|Evasion Moves Clause: Evasion moves are banned\n|rule|Species Clause: Limit one of each Pok\u00e9mon\n|rule|Sleep Clause Mod: Limit one foe put to sleep\n|clearpoke\n|poke|p1|Polteageist-Antique|\n|poke|p1|Alcremie-Ruby-Cream, F|\n|poke|p1|Furfrou-Matron, F|\n|poke|p1|Carbink|\n|poke|p1|Lilligant, F|\n|poke|p1|Xatu, M|\n|poke|p2|Lilligant-Hisui, F|\n|poke|p2|Charizard, M|\n|poke|p2|Glimmora, M|\n|poke|p2|Xurkitree|\n|poke|p2|Rotom-Wash|\n|poke|p2|Weavile, M|\n|teampreview\n|\n|t:|1701130859\n|start\n|switch|p1a: Xatu|Xatu, M|100\/100\n|switch|p2a: Glimmora|Glimmora, M|100\/100\n|turn|1\n|\n|t:|1701130865\n|move|p2a: Glimmora|Mortal Spin|p1a: Xatu\n|-damage|p1a: Xatu|94\/100\n|-status|p1a: Xatu|psn\n|move|p1a: Xatu|Cosmic Power|p1a: Xatu\n|-boost|p1a: Xatu|def|1\n|-boost|p1a: Xatu|spd|1\n|\n|-damage|p1a: Xatu|82\/100 psn|[from] psn\n|upkeep\n|turn|2\n|\n|t:|1701130875\n|move|p2a: Glimmora|Stealth Rock|p1a: Xatu\n|move|p1a: Xatu|Stealth Rock|p2a: Glimmora|[from]ability: Magic Bounce\n|-sidestart|p2: cursebreaker322|move: Stealth Rock\n|move|p1a: Xatu|Cosmic Power|p1a: Xatu\n|-boost|p1a: Xatu|def|1\n|-boost|p1a: Xatu|spd|1\n|\n|-damage|p1a: Xatu|69\/100 psn|[from] psn\n|upkeep\n|turn|3\n|\n|t:|1701130887\n|switch|p2a: Weavile|Weavile, M|100\/100\n|-damage|p2a: Weavile|76\/100|[from] Stealth Rock\n|-ability|p2a: Weavile|Pressure\n|move|p1a: Xatu|Stored Power|p2a: Weavile\n|-immune|p2a: Weavile\n|\n|-damage|p1a: Xatu|57\/100 psn|[from] psn\n|upkeep\n|turn|4\n|\n|t:|1701130898\n|move|p2a: Weavile|Fake Out|p1a: Xatu\n|-damage|p1a: Xatu|48\/100 psn\n|cant|p1a: Xatu|flinch\n|\n|-damage|p1a: Xatu|36\/100 psn|[from] psn\n|upkeep\n|turn|5\n|\n|t:|1701130906\n|move|p2a: Weavile|Night Slash|p1a: Xatu\n|-supereffective|p1a: Xatu\n|-crit|p1a: Xatu\n|-damage|p1a: Xatu|0 fnt\n|faint|p1a: Xatu\n|\n|upkeep\n|\n|t:|1701130914\n|switch|p1a: Lilligant|Lilligant, F, shiny|100\/100\n|turn|6\n|\n|t:|1701130918\n|move|p2a: Weavile|Ice Spinner|p1a: Lilligant\n|-supereffective|p1a: Lilligant\n|-enditem|p1a: Lilligant|Focus Sash\n|-damage|p1a: Lilligant|1\/100\n|move|p1a: Lilligant|Sleep Powder|p2a: Weavile\n|-status|p2a: Weavile|slp|[from] move: Sleep Powder\n|\n|upkeep\n|turn|7\n|\n|t:|1701130927\n|switch|p2a: Rotom|Rotom-Wash|100\/100\n|-damage|p2a: Rotom|88\/100|[from] Stealth Rock\n|move|p1a: Lilligant|Quiver Dance|p1a: Lilligant\n|-boost|p1a: Lilligant|spa|1\n|-boost|p1a: Lilligant|spd|1\n|-boost|p1a: Lilligant|spe|1\n|\n|upkeep\n|turn|8\n|\n|t:|1701130935\n|move|p2a: Rotom|Trick|p1a: Lilligant\n|-activate|p2a: Rotom|move: Trick|[of] p1a: Lilligant\n|-item|p1a: Lilligant|Choice Scarf|[from] move: Trick\n|-enditem|p2a: Rotom|Choice Scarf|[silent]|[from] move: Trick\n|move|p1a: Lilligant|Giga Drain|p2a: Rotom\n|-supereffective|p2a: Rotom\n|-damage|p2a: Rotom|0 fnt\n|-heal|p1a: Lilligant|39\/100|[from] drain|[of] p2a: Rotom\n|faint|p2a: Rotom\n|\n|upkeep\n|\n|t:|1701130947\n|switch|p2a: Weavile|Weavile, M|76\/100 slp\n|-damage|p2a: Weavile|51\/100 slp|[from] Stealth Rock\n|-ability|p2a: Weavile|Pressure\n|turn|9\n|\n|t:|1701130953\n|cant|p2a: Weavile|slp\n|move|p1a: Lilligant|Giga Drain|p2a: Weavile\n|-damage|p2a: Weavile|0 fnt\n|-heal|p1a: Lilligant|64\/100|[from] drain|[of] p2a: Weavile\n|faint|p2a: Weavile\n|\n|upkeep\n|\n|t:|1701130960\n|switch|p2a: Glimmora|Glimmora, M|100\/100\n|-damage|p2a: Glimmora|88\/100|[from] Stealth Rock\n|turn|10\n|\n|t:|1701130967\n|move|p1a: Lilligant|Giga Drain|p2a: Glimmora\n|-damage|p2a: Glimmora|16\/100\n|-heal|p1a: Lilligant|100\/100|[from] drain|[of] p2a: Glimmora\n|move|p2a: Glimmora|Mortal Spin|p1a: Lilligant\n|-supereffective|p1a: Lilligant\n|-damage|p1a: Lilligant|83\/100\n|-status|p1a: Lilligant|psn\n|-sideend|p2: cursebreaker322|Stealth Rock|[from] move: Mortal Spin|[of] p2a: Glimmora\n|\n|-damage|p1a: Lilligant|70\/100 psn|[from] psn\n|upkeep\n|turn|11\n|\n|t:|1701130979\n|move|p1a: Lilligant|Giga Drain|p2a: Glimmora\n|-damage|p2a: Glimmora|0 fnt\n|-heal|p1a: Lilligant|79\/100 psn|[from] drain|[of] p2a: Glimmora\n|faint|p2a: Glimmora\n|\n|-damage|p1a: Lilligant|66\/100 psn|[from] psn\n|upkeep\n|\n|t:|1701130988\n|switch|p2a: Lilligant|Lilligant-Hisui, F, shiny|100\/100\n|turn|12\n|\n|t:|1701130996\n|move|p1a: Lilligant|Giga Drain|p2a: Lilligant\n|-resisted|p2a: Lilligant\n|-damage|p2a: Lilligant|55\/100\n|-heal|p1a: Lilligant|89\/100 psn|[from] drain|[of] p2a: Lilligant\n|move|p2a: Lilligant|Victory Dance|p2a: Lilligant\n|-boost|p2a: Lilligant|atk|1\n|-boost|p2a: Lilligant|def|1\n|-boost|p2a: Lilligant|spe|1\n|\n|-damage|p1a: Lilligant|77\/100 psn|[from] psn\n|upkeep\n|turn|13\n|\n|t:|1701131007\n|move|p1a: Lilligant|Giga Drain|p2a: Lilligant\n|-resisted|p2a: Lilligant\n|-damage|p2a: Lilligant|15\/100\n|-heal|p1a: Lilligant|97\/100 psn|[from] drain|[of] p2a: Lilligant\n|move|p2a: Lilligant|Ice Spinner|p1a: Lilligant\n|-supereffective|p1a: Lilligant\n|-damage|p1a: Lilligant|0 fnt\n|faint|p1a: Lilligant\n|\n|upkeep\n|\n|t:|1701131019\n|switch|p1a: Polteageist|Polteageist-Antique, shiny|100\/100\n|turn|14\n|\n|t:|1701131024\n|-terastallize|p1a: Polteageist|Steel\n|move|p2a: Lilligant|Ice Spinner|p1a: Polteageist\n|-resisted|p1a: Polteageist\n|-damage|p1a: Polteageist|80\/100\n|-ability|p1a: Polteageist|Weak Armor|boost\n|-unboost|p1a: Polteageist|def|1\n|-boost|p1a: Polteageist|spe|2\n|-enditem|p1a: Polteageist|White Herb\n|-clearnegativeboost|p1a: Polteageist|[silent]\n|move|p1a: Polteageist|Shell Smash|p1a: Polteageist\n|-unboost|p1a: Polteageist|def|1\n|-unboost|p1a: Polteageist|spd|1\n|-boost|p1a: Polteageist|atk|2\n|-boost|p1a: Polteageist|spa|2\n|-boost|p1a: Polteageist|spe|2\n|\n|upkeep\n|turn|15\n|\n|t:|1701131040\n|move|p1a: Polteageist|Shadow Ball|p2a: Lilligant\n|-damage|p2a: Lilligant|0 fnt\n|faint|p2a: Lilligant\n|\n|upkeep\n|\n|t:|1701131043\n|switch|p2a: Xurkitree|Xurkitree|100\/100\n|turn|16\n|\n|t:|1701131048\n|-terastallize|p2a: Xurkitree|Electric\n|move|p1a: Polteageist|Stored Power|p2a: Xurkitree\n|-damage|p2a: Xurkitree|0 fnt\n|faint|p2a: Xurkitree\n|\n|upkeep\n|\n|t:|1701131054\n|switch|p2a: Charizard|Charizard, M|100\/100\n|turn|17\n|\n|t:|1701131068\n|detailschange|p2a: Charizard|Charizard-Mega-Y, M\n|-mega|p2a: Charizard|Charizard|Charizardite Y\n|-weather|SunnyDay|[from] ability: Drought|[of] p2a: Charizard\n|move|p1a: Polteageist|Stored Power|p2a: Charizard\n|-damage|p2a: Charizard|0 fnt\n|faint|p2a: Charizard\n|\n|win|Claribel L.P\n|raw|Claribel L.P's rating: 1121 &rarr; <strong>1147<\/strong><br \/>(+26 for winning)\n|raw|cursebreaker322's rating: 1128 &rarr; <strong>1102<\/strong><br \/>(-26 for losing)\n|l|\u2606cursebreaker322\n","uploadtime":1701131079,"views":3,"p1id":"claribellp","p2id":"cursebreaker322","formatid":"gen9nationaldex","rating":1102,"private":0,"password":""}