{"id":"gen9nationaldex-1990584611","p1":"Unrealxlion","p2":"killahj","format":"[Gen 9] National Dex","log":"|j|\u2606Unrealxlion\n|j|\u2606killahj\n|t:|1699983451\n|gametype|singles\n|player|p1|Unrealxlion|gambler|1103\n|player|p2|killahj|silver|1051\n|teamsize|p1|6\n|teamsize|p2|6\n|gen|9\n|tier|[Gen 9] National Dex\n|rated|\n|rule|HP Percentage Mod: HP is shown in percentages\n|rule|Endless Battle Clause: Forcing endless battles is banned\n|rule|OHKO Clause: OHKO moves are banned\n|rule|Evasion Clause: Evasion abilities, items, and moves are banned\n|rule|Evasion Abilities Clause: Evasion abilities are banned\n|rule|Evasion Items Clause: Evasion items are banned\n|rule|Evasion Moves Clause: Evasion moves are banned\n|rule|Species Clause: Limit one of each Pok\u00e9mon\n|rule|Sleep Clause Mod: Limit one foe put to sleep\n|clearpoke\n|poke|p1|Ogerpon-Wellspring, F|\n|poke|p1|Tyranitar, M|\n|poke|p1|Silvally-*|\n|poke|p1|Landorus-Therian, M|\n|poke|p1|Zeraora|\n|poke|p1|Typhlosion, F|\n|poke|p2|Gastrodon, F|\n|poke|p2|Raichu-Alola, M|\n|poke|p2|Haxorus, M|\n|poke|p2|Chandelure, F|\n|poke|p2|Sylveon, F|\n|poke|p2|Medicham, F|\n|teampreview\n|\n|t:|1699983460\n|start\n|switch|p1a: Ogerpon|Ogerpon-Wellspring, F|100\/100\n|switch|p2a: Gastrodon|Gastrodon, F|100\/100\n|turn|1\n|\n|t:|1699983496\n|-terastallize|p2a: Gastrodon|Poison\n|move|p1a: Ogerpon|Power Whip|p2a: Gastrodon\n|-resisted|p2a: Gastrodon\n|-damage|p2a: Gastrodon|60\/100\n|move|p2a: Gastrodon|Toxic|p1a: Ogerpon\n|-status|p1a: Ogerpon|tox\n|\n|-damage|p1a: Ogerpon|95\/100 tox|[from] psn\n|upkeep\n|turn|2\n|\n|t:|1699983539\n|switch|p1a: Tyranitar|Tyranitar, M, shiny|100\/100\n|-weather|Sandstorm|[from] ability: Sand Stream|[of] p1a: Tyranitar\n|move|p2a: Gastrodon|Ice Beam|p1a: Tyranitar\n|-damage|p1a: Tyranitar|88\/100\n|\n|-weather|Sandstorm|[upkeep]\n|-damage|p2a: Gastrodon|54\/100|[from] Sandstorm\n|upkeep\n|turn|3\n|\n|t:|1699983559\n|switch|p1a: Landorus|Landorus-Therian, M|100\/100\n|-ability|p1a: Landorus|Intimidate|boost\n|-unboost|p2a: Gastrodon|atk|1\n|move|p2a: Gastrodon|Toxic|p1a: Landorus\n|-status|p1a: Landorus|tox\n|\n|-weather|Sandstorm|[upkeep]\n|-damage|p2a: Gastrodon|47\/100|[from] Sandstorm\n|-damage|p1a: Landorus|94\/100 tox|[from] psn\n|upkeep\n|turn|4\n|\n|t:|1699983574\n|move|p2a: Gastrodon|Protect|p2a: Gastrodon\n|-singleturn|p2a: Gastrodon|Protect\n|move|p1a: Landorus|Earthquake|p2a: Gastrodon\n|-activate|p2a: Gastrodon|move: Protect\n|\n|-weather|Sandstorm|[upkeep]\n|-damage|p2a: Gastrodon|41\/100|[from] Sandstorm\n|-damage|p1a: Landorus|82\/100 tox|[from] psn\n|upkeep\n|turn|5\n|\n|t:|1699983587\n|move|p1a: Landorus|Earthquake|p2a: Gastrodon\n|-supereffective|p2a: Gastrodon\n|-damage|p2a: Gastrodon|0 fnt\n|faint|p2a: Gastrodon\n|\n|-weather|Sandstorm|[upkeep]\n|-damage|p1a: Landorus|64\/100 tox|[from] psn\n|upkeep\n|\n|t:|1699983599\n|switch|p2a: Medicham|Medicham, F|100\/100\n|turn|6\n|\n|t:|1699983628\n|detailschange|p2a: Medicham|Medicham-Mega, F\n|-mega|p2a: Medicham|Medicham|Medichamite\n|move|p2a: Medicham|Fake Out|p1a: Landorus\n|-damage|p1a: Landorus|45\/100 tox\n|-damage|p2a: Medicham|84\/100|[from] item: Rocky Helmet|[of] p1a: Landorus\n|cant|p1a: Landorus|flinch\n|\n|-weather|none\n|-damage|p1a: Landorus|21\/100 tox|[from] psn\n|upkeep\n|turn|7\n|\n|t:|1699983639\n|switch|p1a: Silvally|Silvally-Fairy|100\/100\n|move|p2a: Medicham|Bullet Punch|p1a: Silvally\n|-supereffective|p1a: Silvally\n|-damage|p1a: Silvally|59\/100\n|\n|upkeep\n|turn|8\n|\n|t:|1699983653\n|switch|p2a: Raichu|Raichu-Alola, M|100\/100\n|move|p1a: Silvally|Multi-Attack|p2a: Raichu\n|-damage|p2a: Raichu|7\/100\n|\n|upkeep\n|turn|9\n|\n|t:|1699983666\n|move|p2a: Raichu|Endeavor|p1a: Silvally\n|-damage|p1a: Silvally|5\/100\n|move|p1a: Silvally|Parting Shot|p2a: Raichu\n|-unboost|p2a: Raichu|atk|1\n|-unboost|p2a: Raichu|spa|1\n|\n|t:|1699983695\n|switch|p1a: Zeraora|Zeraora|100\/100|[from] Parting Shot\n|\n|upkeep\n|turn|10\n|\n|t:|1699983705\n|switch|p2a: Sylveon|Sylveon, F|100\/100\n|move|p1a: Zeraora|Knock Off|p2a: Sylveon\n|-resisted|p2a: Sylveon\n|-damage|p2a: Sylveon|79\/100\n|-enditem|p2a: Sylveon|Assault Vest|[from] move: Knock Off|[of] p1a: Zeraora\n|\n|upkeep\n|turn|11\n|\n|t:|1699983719\n|move|p1a: Zeraora|Volt Switch|p2a: Sylveon\n|-damage|p2a: Sylveon|64\/100\n|\n|t:|1699983723\n|switch|p1a: Landorus|Landorus-Therian, M|21\/100 tox|[from] Volt Switch\n|-ability|p1a: Landorus|Intimidate|boost\n|-unboost|p2a: Sylveon|atk|1\n|move|p2a: Sylveon|Moonblast|p1a: Landorus\n|-damage|p1a: Landorus|0 fnt\n|faint|p1a: Landorus\n|\n|upkeep\n|\n|t:|1699983754\n|switch|p1a: Big phlosion|Typhlosion, F|100\/100\n|turn|12\n|\n|t:|1699983767\n|move|p1a: Big phlosion|Eruption|p2a: Sylveon\n|-crit|p2a: Sylveon\n|-damage|p2a: Sylveon|0 fnt\n|faint|p2a: Sylveon\n|\n|upkeep\n|\n|t:|1699983775\n|switch|p2a: Haxorus|Haxorus, M, shiny|100\/100\n|-ability|p2a: Haxorus|Mold Breaker\n|turn|13\n|\n|t:|1699983792\n|switch|p1a: Silvally|Silvally-Fairy|5\/100\n|move|p2a: Haxorus|Close Combat|p1a: Silvally\n|-resisted|p1a: Silvally\n|-damage|p1a: Silvally|0 fnt\n|-unboost|p2a: Haxorus|def|1\n|-unboost|p2a: Haxorus|spd|1\n|faint|p1a: Silvally\n|\n|upkeep\n|\n|t:|1699983797\n|switch|p1a: Ogerpon|Ogerpon-Wellspring, F|95\/100 tox\n|turn|14\n|\n|t:|1699983810\n|switch|p2a: Chandelure|Chandelure, F|100\/100\n|move|p1a: Ogerpon|Play Rough|p2a: Chandelure\n|-resisted|p2a: Chandelure\n|-damage|p2a: Chandelure|77\/100\n|\n|-damage|p1a: Ogerpon|89\/100 tox|[from] psn\n|upkeep\n|turn|15\n|\n|t:|1699983820\n|switch|p1a: Tyranitar|Tyranitar, M, shiny|88\/100\n|-weather|Sandstorm|[from] ability: Sand Stream|[of] p1a: Tyranitar\n|move|p2a: Chandelure|Shadow Ball|p1a: Tyranitar\n|-resisted|p1a: Tyranitar\n|-damage|p1a: Tyranitar|68\/100\n|-damage|p2a: Chandelure|67\/100|[from] item: Life Orb\n|\n|-weather|Sandstorm|[upkeep]\n|-damage|p2a: Chandelure|61\/100|[from] Sandstorm\n|upkeep\n|turn|16\n|\n|t:|1699983833\n|move|p2a: Chandelure|Energy Ball|p1a: Tyranitar\n|-supereffective|p1a: Tyranitar\n|-crit|p1a: Tyranitar\n|-damage|p1a: Tyranitar|0 fnt\n|faint|p1a: Tyranitar\n|-damage|p2a: Chandelure|51\/100|[from] item: Life Orb\n|\n|-weather|Sandstorm|[upkeep]\n|-damage|p2a: Chandelure|45\/100|[from] Sandstorm\n|upkeep\n|\n|t:|1699983844\n|switch|p1a: Ogerpon|Ogerpon-Wellspring, F|89\/100 tox\n|turn|17\n|\n|t:|1699983854\n|move|p1a: Ogerpon|Ivy Cudgel|p2a: Chandelure|[anim] Ivy Cudgel Water\n|-supereffective|p2a: Chandelure\n|-damage|p2a: Chandelure|0 fnt\n|faint|p2a: Chandelure\n|\n|-weather|Sandstorm|[upkeep]\n|-damage|p1a: Ogerpon|83\/100 tox|[from] Sandstorm\n|-damage|p1a: Ogerpon|77\/100 tox|[from] psn\n|upkeep\n|\n|t:|1699983867\n|switch|p2a: Haxorus|Haxorus, M, shiny|100\/100\n|-ability|p2a: Haxorus|Mold Breaker\n|turn|18\n|\n|t:|1699983886\n|switch|p1a: Big phlosion|Typhlosion, F|100\/100\n|move|p2a: Haxorus|Outrage|p1a: Big phlosion\n|-damage|p1a: Big phlosion|4\/100\n|\n|-weather|Sandstorm|[upkeep]\n|-damage|p2a: Haxorus|94\/100|[from] Sandstorm\n|-damage|p1a: Big phlosion|0 fnt|[from] Sandstorm\n|faint|p1a: Big phlosion\n|upkeep\n|\n|t:|1699983898\n|switch|p1a: Ogerpon|Ogerpon-Wellspring, F|77\/100 tox\n|turn|19\n|\n|t:|1699983903\n|move|p2a: Haxorus|Outrage|p1a: Ogerpon|[from]lockedmove\n|-damage|p1a: Ogerpon|0 fnt\n|faint|p1a: Ogerpon\n|-start|p2a: Haxorus|confusion|[fatigue]\n|\n|-weather|none\n|upkeep\n|-message|Unrealxlion forfeited.\n|\n|win|killahj\n|raw|Unrealxlion's rating: 1103 &rarr; <strong>1074<\/strong><br \/>(-29 for losing)\n|raw|killahj's rating: 1051 &rarr; <strong>1088<\/strong><br \/>(+37 for winning)\n|l|\u2606Unrealxlion\n","uploadtime":1699983928,"views":5,"p1id":"unrealxlion","p2id":"killahj","formatid":"gen9nationaldex","rating":1074,"private":0,"password":""}