{"id":"gen9nationaldex-2000593517","p1":"Prtbl_Trash","p2":"Honwave59","format":"[Gen 9] National Dex","log":"|html|<div class=\"broadcast-blue\"><strong>[Gen 9] National Dex is currently suspecting Sneasler! For information on how to participate check out the <a href=\"https:\/\/www.smogon.com\/forums\/threads\/sv-national-dex-suspect-8-just-dance.3731534\/\">suspect thread<\/a>.<\/strong><\/div>\n|j|\u2606Prtbl_Trash\n|j|\u2606Honwave59\n|t:|1701208560\n|gametype|singles\n|player|p1|Prtbl_Trash|madame-gen4|1389\n|player|p2|Honwave59|pilot|1341\n|teamsize|p1|6\n|teamsize|p2|6\n|gen|9\n|tier|[Gen 9] National Dex\n|rated|\n|rule|HP Percentage Mod: HP is shown in percentages\n|rule|Endless Battle Clause: Forcing endless battles is banned\n|rule|OHKO Clause: OHKO moves are banned\n|rule|Evasion Clause: Evasion abilities, items, and moves are banned\n|rule|Evasion Abilities Clause: Evasion abilities are banned\n|rule|Evasion Items Clause: Evasion items are banned\n|rule|Evasion Moves Clause: Evasion moves are banned\n|rule|Species Clause: Limit one of each Pok\u00e9mon\n|rule|Sleep Clause Mod: Limit one foe put to sleep\n|clearpoke\n|poke|p1|Weavile, F|\n|poke|p1|Rotom-Wash|\n|poke|p1|Corviknight, M|\n|poke|p1|Clefable, F|\n|poke|p1|Garchomp, F|\n|poke|p1|Skeledirge, F|\n|poke|p2|Tapu Lele|\n|poke|p2|Goodra, M|\n|poke|p2|Lilligant-Hisui, F|\n|poke|p2|Espeon, M|\n|poke|p2|Darmanitan, F|\n|poke|p2|Victini|\n|teampreview\n|inactive|Battle timer is ON: inactive players will automatically lose when time's up. (requested by Prtbl_Trash)\n|inactive|Honwave59 also wants the timer to be on.\n|\n|t:|1701208567\n|start\n|switch|p1a: Garchomp|Garchomp, F|100\/100\n|switch|p2a: Little boy|Tapu Lele|100\/100\n|-fieldstart|move: Psychic Terrain|[from] ability: Psychic Surge|[of] p2a: Little boy\n|turn|1\n|\n|t:|1701208573\n|switch|p1a: Corviknight|Corviknight, M|100\/100\n|-ability|p1a: Corviknight|Pressure\n|switch|p2a: Espeon|Espeon, M|100\/100\n|\n|upkeep\n|turn|2\n|\n|t:|1701208577\n|move|p2a: Espeon|Trick|p1a: Corviknight\n|-activate|p2a: Espeon|move: Trick|[of] p1a: Corviknight\n|-item|p1a: Corviknight|Choice Scarf|[from] move: Trick\n|-item|p2a: Espeon|Rocky Helmet|[from] move: Trick\n|move|p1a: Corviknight|U-turn|p2a: Espeon\n|-supereffective|p2a: Espeon\n|-damage|p2a: Espeon|48\/100\n|-damage|p1a: Corviknight|84\/100|[from] item: Rocky Helmet|[of] p2a: Espeon\n|\n|t:|1701208584\n|switch|p1a: Weavile|Weavile, F|100\/100|[from] U-turn\n|-ability|p1a: Weavile|Pressure\n|\n|upkeep\n|turn|3\n|\n|t:|1701208588\n|move|p1a: Weavile|Pursuit|p2a: Espeon\n|-supereffective|p2a: Espeon\n|-damage|p2a: Espeon|0 fnt\n|-damage|p1a: Weavile|84\/100|[from] item: Rocky Helmet|[of] p2a: Espeon\n|faint|p2a: Espeon\n|\n|upkeep\n|\n|t:|1701208592\n|switch|p2a: Victini|Victini|100\/100\n|turn|4\n|\n|t:|1701208597\n|switch|p1a: Skeledirge|Skeledirge, F|100\/100\n|move|p2a: Victini|U-turn|p1a: Skeledirge\n|-resisted|p1a: Skeledirge\n|-damage|p1a: Skeledirge|98\/100\n|\n|t:|1701208604\n|switch|p2a: Little boy|Tapu Lele|100\/100|[from] U-turn\n|\n|upkeep\n|turn|5\n|\n|t:|1701208610\n|switch|p1a: Corviknight|Corviknight, M|84\/100\n|-ability|p1a: Corviknight|Pressure\n|move|p2a: Little boy|Moonblast|p1a: Corviknight\n|-resisted|p1a: Corviknight\n|-damage|p1a: Corviknight|53\/100\n|-unboost|p1a: Corviknight|spa|1\n|\n|-fieldend|move: Psychic Terrain\n|upkeep\n|turn|6\n|\n|t:|1701208618\n|switch|p2a: Kachigga my|Darmanitan, F, shiny|100\/100\n|move|p1a: Corviknight|U-turn|p2a: Kachigga my\n|-resisted|p2a: Kachigga my\n|-damage|p2a: Kachigga my|89\/100\n|\n|t:|1701208624\n|switch|p1a: Garchomp|Garchomp, F|100\/100|[from] U-turn\n|\n|upkeep\n|turn|7\n|\n|t:|1701208632\n|move|p2a: Kachigga my|U-turn|p1a: Garchomp\n|-damage|p1a: Garchomp|71\/100\n|-damage|p2a: Kachigga my|77\/100|[from] ability: Rough Skin|[of] p1a: Garchomp\n|\n|t:|1701208637\n|switch|p2a: Little boy|Tapu Lele|100\/100|[from] U-turn\n|-fieldstart|move: Psychic Terrain|[from] ability: Psychic Surge|[of] p2a: Little boy\n|move|p1a: Garchomp|Stealth Rock|p2a: Little boy\n|-sidestart|p2: Honwave59|move: Stealth Rock\n|\n|upkeep\n|turn|8\n|\n|t:|1701208645\n|move|p1a: Garchomp|Earthquake|p2a: Little boy\n|-damage|p2a: Little boy|25\/100\n|move|p2a: Little boy|Psychic|p1a: Garchomp\n|-damage|p1a: Garchomp|0 fnt\n|faint|p1a: Garchomp\n|\n|upkeep\n|\n|t:|1701208652\n|switch|p1a: Weavile|Weavile, F|84\/100\n|-ability|p1a: Weavile|Pressure\n|turn|9\n|inactive|Honwave59 has 120 seconds left.\n|\n|t:|1701208700\n|move|p1a: Weavile|Pursuit|p2a: Little boy\n|-damage|p2a: Little boy|0 fnt\n|faint|p2a: Little boy\n|\n|upkeep\n|\n|t:|1701208703\n|switch|p2a: Lilligant|Lilligant-Hisui, F|100\/100\n|-damage|p2a: Lilligant|95\/100|[from] Stealth Rock\n|turn|10\n|\n|t:|1701208709\n|switch|p1a: Corviknight|Corviknight, M|53\/100\n|-ability|p1a: Corviknight|Pressure\n|move|p2a: Lilligant|Victory Dance|p2a: Lilligant\n|-boost|p2a: Lilligant|atk|1\n|-boost|p2a: Lilligant|def|1\n|-boost|p2a: Lilligant|spe|1\n|\n|upkeep\n|turn|11\n|\n|t:|1701208714\n|move|p2a: Lilligant|Close Combat|p1a: Corviknight\n|-damage|p1a: Corviknight|0 fnt\n|-unboost|p2a: Lilligant|def|1\n|-unboost|p2a: Lilligant|spd|1\n|faint|p1a: Corviknight\n|\n|-fieldend|move: Psychic Terrain\n|upkeep\n|\n|t:|1701208721\n|switch|p1a: Skeledirge|Skeledirge, F|98\/100\n|turn|12\n|\n|t:|1701208724\n|switch|p2a: Goodra|Goodra, M|100\/100\n|-damage|p2a: Goodra|88\/100|[from] Stealth Rock\n|move|p1a: Skeledirge|Torch Song|p2a: Goodra\n|-resisted|p2a: Goodra\n|-damage|p2a: Goodra|82\/100\n|-boost|p1a: Skeledirge|spa|1\n|\n|upkeep\n|turn|13\n|\n|t:|1701208732\n|switch|p1a: Clefable|Clefable, F|100\/100\n|move|p2a: Goodra|Dragon Pulse|p1a: Clefable\n|-immune|p1a: Clefable\n|\n|upkeep\n|turn|14\n|\n|t:|1701208735\n|move|p2a: Goodra|Sludge Wave|p1a: Clefable\n|-supereffective|p1a: Clefable\n|-damage|p1a: Clefable|51\/100\n|move|p1a: Clefable|Thunder Wave|p2a: Goodra\n|-status|p2a: Goodra|par\n|\n|-heal|p1a: Clefable|57\/100|[from] item: Leftovers\n|upkeep\n|turn|15\n|inactive|Honwave59 has 120 seconds left.\n|\n|t:|1701208770\n|move|p1a: Clefable|Soft-Boiled|p1a: Clefable\n|-heal|p1a: Clefable|100\/100\n|move|p2a: Goodra|Sludge Wave|p1a: Clefable\n|-supereffective|p1a: Clefable\n|-damage|p1a: Clefable|48\/100\n|\n|-heal|p1a: Clefable|54\/100|[from] item: Leftovers\n|upkeep\n|turn|16\n|inactive|Honwave59 has 120 seconds left.\n|\n|t:|1701208779\n|switch|p2a: Victini|Victini|100\/100\n|-damage|p2a: Victini|76\/100|[from] Stealth Rock\n|move|p1a: Clefable|Soft-Boiled|p1a: Clefable\n|-heal|p1a: Clefable|100\/100\n|\n|upkeep\n|turn|17\n|\n|t:|1701208785\n|-terastallize|p2a: Victini|Fire\n|move|p2a: Victini|V-create|p1a: Clefable\n|-damage|p1a: Clefable|0 fnt\n|-unboost|p2a: Victini|spe|1\n|-unboost|p2a: Victini|def|1\n|-unboost|p2a: Victini|spd|1\n|faint|p1a: Clefable\n|\n|upkeep\n|\n|t:|1701208792\n|switch|p1a: Skeledirge|Skeledirge, F|98\/100\n|turn|18\n|\n|t:|1701208795\n|switch|p2a: Goodra|Goodra, M|82\/100 par\n|-damage|p2a: Goodra|69\/100 par|[from] Stealth Rock\n|move|p1a: Skeledirge|Will-O-Wisp||[still]\n|-fail|p1a: Skeledirge\n|\n|upkeep\n|turn|19\n|\n|t:|1701208802\n|move|p1a: Skeledirge|Torch Song|p2a: Goodra\n|-resisted|p2a: Goodra\n|-damage|p2a: Goodra|63\/100 par\n|-boost|p1a: Skeledirge|spa|1\n|move|p2a: Goodra|Dragon Pulse|p1a: Skeledirge\n|-damage|p1a: Skeledirge|53\/100\n|\n|upkeep\n|turn|20\n|\n|t:|1701208808\n|move|p1a: Skeledirge|Slack Off|p1a: Skeledirge\n|-heal|p1a: Skeledirge|100\/100\n|cant|p2a: Goodra|par\n|\n|upkeep\n|turn|21\n|\n|t:|1701208812\n|move|p1a: Skeledirge|Hex|p2a: Goodra\n|-damage|p2a: Goodra|35\/100 par\n|move|p2a: Goodra|Dragon Pulse|p1a: Skeledirge\n|-damage|p1a: Skeledirge|54\/100\n|\n|upkeep\n|turn|22\n|\n|t:|1701208818\n|move|p1a: Skeledirge|Hex|p2a: Goodra\n|-damage|p2a: Goodra|8\/100 par\n|move|p2a: Goodra|Dragon Pulse|p1a: Skeledirge\n|-damage|p1a: Skeledirge|12\/100\n|\n|upkeep\n|turn|23\n|\n|t:|1701208826\n|move|p1a: Skeledirge|Slack Off|p1a: Skeledirge\n|-heal|p1a: Skeledirge|62\/100\n|cant|p2a: Goodra|par\n|\n|upkeep\n|turn|24\n|\n|t:|1701208833\n|move|p1a: Skeledirge|Torch Song|p2a: Goodra\n|-resisted|p2a: Goodra\n|-damage|p2a: Goodra|0 fnt\n|-boost|p1a: Skeledirge|spa|1\n|faint|p2a: Goodra\n|\n|upkeep\n|\n|t:|1701208842\n|switch|p2a: Kachigga my|Darmanitan, F, shiny|77\/100\n|-damage|p2a: Kachigga my|52\/100|[from] Stealth Rock\n|turn|25\n|\n|t:|1701208853\n|move|p2a: Kachigga my|Earthquake|p1a: Skeledirge\n|-supereffective|p1a: Skeledirge\n|-damage|p1a: Skeledirge|9\/100\n|move|p1a: Skeledirge|Slack Off|p1a: Skeledirge\n|-heal|p1a: Skeledirge|59\/100\n|\n|upkeep\n|turn|26\n|\n|t:|1701208862\n|switch|p2a: Victini|Victini, tera:Fire|76\/100\n|-damage|p2a: Victini|51\/100|[from] Stealth Rock\n|switch|p1a: Rotom|Rotom-Wash|100\/100\n|\n|upkeep\n|turn|27\n|\n|t:|1701208870\n|move|p1a: Rotom|Protect|p1a: Rotom\n|-singleturn|p1a: Rotom|Protect\n|move|p2a: Victini|Bolt Strike|p1a: Rotom\n|-activate|p1a: Rotom|move: Protect\n|\n|upkeep\n|turn|28\n|\n|t:|1701208880\n|move|p2a: Victini|Bolt Strike|p1a: Rotom\n|-damage|p1a: Rotom|57\/100\n|move|p1a: Rotom|Volt Switch|p2a: Victini\n|-damage|p2a: Victini|27\/100\n|\n|t:|1701208888\n|switch|p1a: Skeledirge|Skeledirge, F|59\/100|[from] Volt Switch\n|\n|upkeep\n|turn|29\n|\n|t:|1701208892\n|move|p2a: Victini|Bolt Strike|p1a: Skeledirge\n|-damage|p1a: Skeledirge|36\/100\n|move|p1a: Skeledirge|Slack Off|p1a: Skeledirge\n|-heal|p1a: Skeledirge|86\/100\n|\n|upkeep\n|turn|30\n|\n|t:|1701208908\n|switch|p2a: Kachigga my|Darmanitan, F, shiny|52\/100\n|-damage|p2a: Kachigga my|27\/100|[from] Stealth Rock\n|move|p1a: Skeledirge|Torch Song|p2a: Kachigga my\n|-resisted|p2a: Kachigga my\n|-damage|p2a: Kachigga my|3\/100\n|-boost|p1a: Skeledirge|spa|1\n|\n|upkeep\n|turn|31\n|\n|t:|1701208918\n|move|p2a: Kachigga my|Flare Blitz|p1a: Skeledirge\n|-resisted|p1a: Skeledirge\n|-damage|p1a: Skeledirge|55\/100\n|-damage|p2a: Kachigga my|0 fnt|[from] Recoil\n|faint|p2a: Kachigga my\n|move|p1a: Skeledirge|Slack Off|p1a: Skeledirge\n|-heal|p1a: Skeledirge|100\/100\n|\n|upkeep\n|\n|t:|1701208921\n|switch|p2a: Lilligant|Lilligant-Hisui, F|95\/100\n|-damage|p2a: Lilligant|89\/100|[from] Stealth Rock\n|turn|32\n|\n|t:|1701208924\n|move|p2a: Lilligant|Victory Dance|p2a: Lilligant\n|-boost|p2a: Lilligant|atk|1\n|-boost|p2a: Lilligant|def|1\n|-boost|p2a: Lilligant|spe|1\n|move|p1a: Skeledirge|Torch Song|p2a: Lilligant\n|-supereffective|p2a: Lilligant\n|-damage|p2a: Lilligant|0 fnt\n|-boost|p1a: Skeledirge|spa|1\n|faint|p2a: Lilligant\n|\n|upkeep\n|l|\u2606Honwave59\n|inactive|Honwave59 disconnected and has a minute to reconnect!\n|player|p2|\n|inactive|Honwave59 has 30 seconds to reconnect!\n|inactive|Honwave59 has 20 seconds to reconnect!\n|inactive|Honwave59 has 15 seconds to reconnect!\n|inactive|Honwave59 has 10 seconds to reconnect!\n|inactive|Honwave59 has 5 seconds to reconnect!\n|-message|Honwave59 lost due to inactivity.\n|\n|win|Prtbl_Trash\n|raw|Prtbl_Trash's rating: 1389 &rarr; <strong>1406<\/strong><br \/>(+17 for winning)\n|raw|Honwave59's rating: 1341 &rarr; <strong>1324<\/strong><br \/>(-17 for losing)\n","uploadtime":1701209000,"views":3,"p1id":"prtbltrash","p2id":"honwave59","formatid":"gen9nationaldex","rating":1324,"private":0,"password":""}