{"id":"gen9nationaldex-1992861301","p1":"not_kastadiva","p2":"Daimnik","format":"[Gen 9] National Dex","log":"|j|\u2606not_kastadiva\n|j|\u2606Daimnik\n|t:|1700241807\n|gametype|singles\n|player|p1|not_kastadiva|266|1535\n|player|p2|Daimnik|janitor|1839\n|teamsize|p1|6\n|teamsize|p2|6\n|gen|9\n|tier|[Gen 9] National Dex\n|rated|\n|rule|HP Percentage Mod: HP is shown in percentages\n|rule|Endless Battle Clause: Forcing endless battles is banned\n|rule|OHKO Clause: OHKO moves are banned\n|rule|Evasion Clause: Evasion abilities, items, and moves are banned\n|rule|Evasion Abilities Clause: Evasion abilities are banned\n|rule|Evasion Items Clause: Evasion items are banned\n|rule|Evasion Moves Clause: Evasion moves are banned\n|rule|Species Clause: Limit one of each Pok\u00e9mon\n|rule|Sleep Clause Mod: Limit one foe put to sleep\n|clearpoke\n|poke|p1|Ursaluna, F|\n|poke|p1|Hatterene, F|\n|poke|p1|Hoopa-Unbound|\n|poke|p1|Sinistcha-Masterpiece|\n|poke|p1|Iron Hands|\n|poke|p1|Mawile, F|\n|poke|p2|Iron Moth|\n|poke|p2|Greninja-*, M|\n|poke|p2|Breloom, F|\n|poke|p2|Iron Treads|\n|poke|p2|Bisharp, M|\n|poke|p2|Pinsir, M|\n|teampreview\n|j| teal boi\n|inactive|Battle timer is ON: inactive players will automatically lose when time's up. (requested by Daimnik)\n|inactive|Daimnik has 120 seconds left.\n|\n|t:|1700241865\n|start\n|switch|p1a: Hoopa|Hoopa-Unbound|100\/100\n|switch|p2a: Bisharp|Bisharp, M|100\/100\n|turn|1\n|c| teal boi|go daimnik\n|j| xsk123\n|\n|t:|1700241891\n|switch|p2a: Pinsir|Pinsir, M|100\/100\n|move|p1a: Hoopa|Trick Room|p1a: Hoopa\n|-fieldstart|move: Trick Room|[of] p1a: Hoopa\n|\n|upkeep\n|turn|2\n|inactive|Daimnik has 120 seconds left.\n|j| promasterXX\n|\n|t:|1700241919\n|detailschange|p2a: Pinsir|Pinsir-Mega, M\n|-mega|p2a: Pinsir|Pinsir|Pinsirite\n|move|p1a: Hoopa|Hyperspace Fury|p2a: Pinsir\n|-damage|p2a: Pinsir|40\/100\n|-unboost|p1a: Hoopa|def|1\n|-enditem|p1a: Hoopa|Eject Pack\n|inactive|not_kastadiva has 120 seconds left.\n|l| teal boi\n|\n|t:|1700241962\n|switch|p1a: Mawile|Mawile, F|100\/100\n|move|p2a: Pinsir|Return|p1a: Mawile\n|-resisted|p1a: Mawile\n|-damage|p1a: Mawile|51\/100\n|\n|upkeep\n|turn|3\n|inactive|Daimnik has 120 seconds left.\n|\n|t:|1700241977\n|detailschange|p1a: Mawile|Mawile-Mega, F\n|-mega|p1a: Mawile|Mawile|Mawilite\n|move|p2a: Pinsir|Quick Attack|p1a: Mawile\n|-resisted|p1a: Mawile\n|-crit|p1a: Mawile\n|-damage|p1a: Mawile|31\/100\n|move|p1a: Mawile|Knock Off|p2a: Pinsir\n|-crit|p2a: Pinsir\n|-damage|p2a: Pinsir|0 fnt\n|faint|p2a: Pinsir\n|\n|upkeep\n|inactive|Daimnik has 90 seconds left.\n|\n|t:|1700242013\n|switch|p2a: Iron Treads|Iron Treads|100\/100\n|turn|4\n|inactive|not_kastadiva has 120 seconds left.\n|\n|t:|1700242026\n|move|p1a: Mawile|Knock Off|p2a: Iron Treads\n|-damage|p2a: Iron Treads|42\/100\n|-enditem|p2a: Iron Treads|Focus Sash|[from] move: Knock Off|[of] p1a: Mawile\n|move|p2a: Iron Treads|Stealth Rock|p1a: Mawile\n|-sidestart|p1: not_kastadiva|move: Stealth Rock\n|\n|upkeep\n|turn|5\n|\n|t:|1700242032\n|move|p1a: Mawile|Knock Off|p2a: Iron Treads\n|-damage|p2a: Iron Treads|6\/100\n|move|p2a: Iron Treads|Earthquake|p1a: Mawile\n|-supereffective|p1a: Mawile\n|-damage|p1a: Mawile|0 fnt\n|faint|p1a: Mawile\n|\n|-fieldend|move: Trick Room\n|upkeep\n|\n|t:|1700242036\n|switch|p1a: Sinistcha|Sinistcha-Masterpiece|100\/100\n|-damage|p1a: Sinistcha|88\/100|[from] Stealth Rock\n|turn|6\n|\n|t:|1700242043\n|move|p2a: Iron Treads|Earthquake|p1a: Sinistcha\n|-resisted|p1a: Sinistcha\n|-damage|p1a: Sinistcha|72\/100\n|move|p1a: Sinistcha|Trick Room|p1a: Sinistcha\n|-fieldstart|move: Trick Room|[of] p1a: Sinistcha\n|\n|upkeep\n|turn|7\n|\n|t:|1700242047\n|move|p1a: Sinistcha|Matcha Gotcha|p2a: Iron Treads\n|-damage|p2a: Iron Treads|0 fnt\n|-heal|p1a: Sinistcha|74\/100|[from] drain|[of] p2a: Iron Treads\n|faint|p2a: Iron Treads\n|-end|p2a: Iron Treads|Quark Drive|[silent]\n|\n|upkeep\n|inactive|Daimnik has 120 seconds left.\n|\n|t:|1700242054\n|switch|p2a: Bisharp|Bisharp, M|100\/100\n|turn|8\n|\n|t:|1700242064\n|switch|p1a: Iron Hands|Iron Hands|100\/100\n|-damage|p1a: Iron Hands|94\/100|[from] Stealth Rock\n|-enditem|p1a: Iron Hands|Booster Energy\n|-activate|p1a: Iron Hands|ability: Quark Drive|[fromitem]\n|-start|p1a: Iron Hands|quarkdriveatk\n|move|p2a: Bisharp|Knock Off|p1a: Iron Hands\n|-resisted|p1a: Iron Hands\n|-damage|p1a: Iron Hands|84\/100\n|\n|upkeep\n|turn|9\n|inactive|Daimnik has 120 seconds left.\n|\n|t:|1700242088\n|switch|p2a: Iron Moth|Iron Moth|100\/100\n|-enditem|p2a: Iron Moth|Booster Energy\n|-activate|p2a: Iron Moth|ability: Quark Drive|[fromitem]\n|-start|p2a: Iron Moth|quarkdrivespe\n|move|p1a: Iron Hands|Drain Punch|p2a: Iron Moth\n|-resisted|p2a: Iron Moth\n|-damage|p2a: Iron Moth|56\/100\n|-heal|p1a: Iron Hands|98\/100|[from] drain|[of] p2a: Iron Moth\n|\n|upkeep\n|turn|10\n|inactive|Daimnik has 120 seconds left.\n|\n|t:|1700242100\n|move|p1a: Iron Hands|Wild Charge|p2a: Iron Moth\n|-crit|p2a: Iron Moth\n|-damage|p2a: Iron Moth|0 fnt\n|faint|p2a: Iron Moth\n|-end|p2a: Iron Moth|Quark Drive|[silent]\n|-damage|p1a: Iron Hands|89\/100|[from] Recoil\n|\n|-fieldend|move: Trick Room\n|upkeep\n|\n|t:|1700242105\n|switch|p2a: Breloom|Breloom, F|100\/100\n|turn|11\n|l| promasterXX\n|inactive|Daimnik has 120 seconds left.\n|\n|t:|1700242126\n|switch|p2a: Bisharp|Bisharp, M|100\/100\n|move|p1a: Iron Hands|Ice Punch|p2a: Bisharp\n|-resisted|p2a: Bisharp\n|-damage|p2a: Bisharp|84\/100\n|\n|upkeep\n|turn|12\n|\n|t:|1700242146\n|move|p2a: Bisharp|Iron Head|p1a: Iron Hands\n|-resisted|p1a: Iron Hands\n|-damage|p1a: Iron Hands|76\/100\n|move|p1a: Iron Hands|Drain Punch|p2a: Bisharp\n|-supereffective|p2a: Bisharp\n|-damage|p2a: Bisharp|0 fnt\n|-heal|p1a: Iron Hands|99\/100|[from] drain|[of] p2a: Bisharp\n|faint|p2a: Bisharp\n|\n|upkeep\n|\n|t:|1700242149\n|switch|p2a: Breloom|Breloom, F|100\/100\n|turn|13\n|\n|t:|1700242162\n|move|p2a: Breloom|Spore|p1a: Iron Hands\n|-status|p1a: Iron Hands|slp|[from] move: Spore\n|cant|p1a: Iron Hands|slp\n|\n|upkeep\n|turn|14\n|\n|t:|1700242182\n|-end|p1a: Iron Hands|Quark Drive|[silent]\n|switch|p1a: Sinistcha|Sinistcha-Masterpiece|74\/100\n|-damage|p1a: Sinistcha|62\/100|[from] Stealth Rock\n|move|p2a: Breloom|Bullet Seed|p1a: Sinistcha\n|-resisted|p1a: Sinistcha\n|-damage|p1a: Sinistcha|55\/100\n|-resisted|p1a: Sinistcha\n|-damage|p1a: Sinistcha|48\/100\n|-hitcount|p1a: Sinistcha|2\n|\n|upkeep\n|turn|15\n|\n|t:|1700242189\n|move|p2a: Breloom|Bullet Seed|p1a: Sinistcha\n|-resisted|p1a: Sinistcha\n|-damage|p1a: Sinistcha|42\/100\n|-resisted|p1a: Sinistcha\n|-damage|p1a: Sinistcha|36\/100\n|-hitcount|p1a: Sinistcha|2\n|move|p1a: Sinistcha|Trick Room|p1a: Sinistcha\n|-fieldstart|move: Trick Room|[of] p1a: Sinistcha\n|\n|upkeep\n|turn|16\n|\n|t:|1700242197\n|switch|p1a: Hatterene|Hatterene, F|100\/100\n|-damage|p1a: Hatterene|88\/100|[from] Stealth Rock\n|move|p2a: Breloom|Bullet Seed|p1a: Hatterene\n|-damage|p1a: Hatterene|67\/100\n|-damage|p1a: Hatterene|47\/100\n|-hitcount|p1a: Hatterene|2\n|\n|upkeep\n|turn|17\n|\n|t:|1700242201\n|move|p1a: Hatterene|Dazzling Gleam|p2a: Breloom\n|-supereffective|p2a: Breloom\n|-enditem|p2a: Breloom|Focus Sash\n|-damage|p2a: Breloom|1\/100\n|move|p2a: Breloom|Bullet Seed|p1a: Hatterene\n|-damage|p1a: Hatterene|29\/100\n|-damage|p1a: Hatterene|10\/100\n|-damage|p1a: Hatterene|0 fnt\n|faint|p1a: Hatterene\n|-hitcount|p1: Hatterene|3\n|\n|upkeep\n|\n|t:|1700242212\n|switch|p1a: Ursaluna|Ursaluna, F|100\/100\n|-damage|p1a: Ursaluna|94\/100|[from] Stealth Rock\n|turn|18\n|\n|t:|1700242216\n|-terastallize|p2a: Breloom|Fighting\n|move|p2a: Breloom|Mach Punch|p1a: Ursaluna\n|-supereffective|p1a: Ursaluna\n|-damage|p1a: Ursaluna|31\/100\n|move|p1a: Ursaluna|Facade|p2a: Breloom\n|-damage|p2a: Breloom|0 fnt\n|faint|p2a: Breloom\n|\n|-status|p1a: Ursaluna|brn|[from] item: Flame Orb\n|upkeep\n|\n|t:|1700242221\n|switch|p2a: Greninja|Greninja, M|100\/100\n|turn|19\n|\n|t:|1700242223\n|move|p2a: Greninja|Water Shuriken|p1a: Ursaluna\n|-supereffective|p1a: Ursaluna\n|-damage|p1a: Ursaluna|18\/100 brn\n|-supereffective|p1a: Ursaluna\n|-damage|p1a: Ursaluna|6\/100 brn\n|-supereffective|p1a: Ursaluna\n|-damage|p1a: Ursaluna|0 fnt\n|faint|p1a: Ursaluna\n|-ability|p2a: Greninja|Battle Bond|boost\n|-boost|p2a: Greninja|atk|1\n|-boost|p2a: Greninja|spa|1\n|-boost|p2a: Greninja|spe|1\n|-activate|p2a: Greninja|ability: Battle Bond\n|-hitcount|p1: Ursaluna|3\n|\n|-fieldend|move: Trick Room\n|upkeep\n|\n|t:|1700242230\n|switch|p1a: Hoopa|Hoopa-Unbound|100\/100\n|-damage|p1a: Hoopa|88\/100|[from] Stealth Rock\n|turn|20\n|\n|t:|1700242240\n|move|p1a: Hoopa|Protect|p1a: Hoopa\n|-singleturn|p1a: Hoopa|Protect\n|-zpower|p2a: Greninja\n|move|p2a: Greninja|Black Hole Eclipse|p1a: Hoopa|[zeffect]\n|-zbroken|p1a: Hoopa\n|-damage|p1a: Hoopa|69\/100\n|\n|upkeep\n|turn|21\n|\n|t:|1700242249\n|move|p2a: Greninja|Dark Pulse|p1a: Hoopa\n|-damage|p1a: Hoopa|33\/100\n|move|p1a: Hoopa|Trick Room|p1a: Hoopa\n|-fieldstart|move: Trick Room|[of] p1a: Hoopa\n|\n|upkeep\n|turn|22\n|\n|t:|1700242254\n|move|p2a: Greninja|Water Shuriken|p1a: Hoopa\n|-damage|p1a: Hoopa|26\/100\n|-damage|p1a: Hoopa|19\/100\n|-hitcount|p1a: Hoopa|2\n|move|p1a: Hoopa|Hyperspace Fury|p2a: Greninja\n|-resisted|p2a: Greninja\n|-damage|p2a: Greninja|56\/100\n|-unboost|p1a: Hoopa|def|1\n|\n|upkeep\n|turn|23\n|\n|t:|1700242257\n|move|p2a: Greninja|Water Shuriken|p1a: Hoopa\n|-damage|p1a: Hoopa|13\/100\n|-damage|p1a: Hoopa|6\/100\n|-hitcount|p1a: Hoopa|2\n|move|p1a: Hoopa|Hyperspace Fury|p2a: Greninja\n|-resisted|p2a: Greninja\n|-damage|p2a: Greninja|17\/100\n|-unboost|p1a: Hoopa|def|1\n|\n|upkeep\n|turn|24\n|\n|t:|1700242261\n|move|p2a: Greninja|Water Shuriken|p1a: Hoopa\n|-damage|p1a: Hoopa|0 fnt\n|faint|p1a: Hoopa\n|-hitcount|p1: Hoopa|1\n|\n|upkeep\n|\n|t:|1700242263\n|switch|p1a: Sinistcha|Sinistcha-Masterpiece|36\/100\n|-damage|p1a: Sinistcha|24\/100|[from] Stealth Rock\n|turn|25\n|\n|t:|1700242271\n|move|p2a: Greninja|Water Shuriken|p1a: Sinistcha\n|-resisted|p1a: Sinistcha\n|-damage|p1a: Sinistcha|18\/100\n|-resisted|p1a: Sinistcha\n|-damage|p1a: Sinistcha|13\/100\n|-resisted|p1a: Sinistcha\n|-damage|p1a: Sinistcha|7\/100\n|-resisted|p1a: Sinistcha\n|-damage|p1a: Sinistcha|0 fnt\n|faint|p1a: Sinistcha\n|-hitcount|p1: Sinistcha|4\n|\n|-fieldend|move: Trick Room\n|upkeep\n|\n|t:|1700242275\n|switch|p1a: Iron Hands|Iron Hands|99\/100 slp\n|-damage|p1a: Iron Hands|93\/100 slp|[from] Stealth Rock\n|turn|26\n|\n|t:|1700242278\n|move|p2a: Greninja|Surf|p1a: Iron Hands\n|-damage|p1a: Iron Hands|43\/100 slp\n|-curestatus|p1a: Iron Hands|slp|[msg]\n|move|p1a: Iron Hands|Drain Punch|p2a: Greninja\n|-supereffective|p2a: Greninja\n|-damage|p2a: Greninja|0 fnt\n|-heal|p1a: Iron Hands|48\/100|[from] drain|[of] p2a: Greninja\n|faint|p2a: Greninja\n|\n|win|not_kastadiva\n|raw|not_kastadiva's rating: 1535 &rarr; <strong>1569<\/strong><br \/>(+34 for winning)\n|raw|Daimnik's rating: 1839 &rarr; <strong>1805<\/strong><br \/>(-34 for losing)\n|l|\u2606Daimnik\n|l|\u2606not_kastadiva\n","uploadtime":1700242298,"views":5,"p1id":"notkastadiva","p2id":"daimnik","formatid":"gen9nationaldex","rating":1569,"private":0,"password":""}