{"id":"gen9nationaldex-1992122545","p1":"dfbxhags.E","p2":"LukeJW05","format":"[Gen 9] National Dex","log":"|j|\u2606dfbxhags.E\n|j|\u2606LukeJW05\n|t:|1700156925\n|gametype|singles\n|player|p1|dfbxhags.E|lucas|1000\n|player|p2|LukeJW05|lucas-gen4pt|1078\n|teamsize|p1|6\n|teamsize|p2|6\n|gen|9\n|tier|[Gen 9] National Dex\n|rated|\n|rule|HP Percentage Mod: HP is shown in percentages\n|rule|Endless Battle Clause: Forcing endless battles is banned\n|rule|OHKO Clause: OHKO moves are banned\n|rule|Evasion Clause: Evasion abilities, items, and moves are banned\n|rule|Evasion Abilities Clause: Evasion abilities are banned\n|rule|Evasion Items Clause: Evasion items are banned\n|rule|Evasion Moves Clause: Evasion moves are banned\n|rule|Species Clause: Limit one of each Pok\u00e9mon\n|rule|Sleep Clause Mod: Limit one foe put to sleep\n|clearpoke\n|poke|p1|Marowak-Alola, M|\n|poke|p1|Flapple, M|\n|poke|p1|Gliscor, M|\n|poke|p1|Absol, F|\n|poke|p1|Toxtricity, M|\n|poke|p1|Sylveon, F|\n|poke|p2|Swampert, M|\n|poke|p2|Krookodile, M|\n|poke|p2|Chandelure, M|\n|poke|p2|Orbeetle, M|\n|poke|p2|Lucario, M|\n|poke|p2|Exeggutor-Alola, M|\n|teampreview\n|inactive|Battle timer is ON: inactive players will automatically lose when time's up. (requested by LukeJW05)\n|inactive|dfbxhags.E also wants the timer to be on.\n|\n|t:|1700156931\n|start\n|switch|p1a: Marowak|Marowak-Alola, M|100\/100\n|switch|p2a: Orbeetle|Orbeetle, M|100\/100\n|turn|1\n|\n|t:|1700156942\n|-terastallize|p2a: Orbeetle|Ghost\n|move|p2a: Orbeetle|Sticky Web|p1a: Marowak\n|-sidestart|p1: dfbxhags.E|move: Sticky Web\n|move|p1a: Marowak|Flare Blitz|p2a: Orbeetle\n|-enditem|p2a: Orbeetle|Focus Sash\n|-damage|p2a: Orbeetle|1\/100\n|\n|upkeep\n|turn|2\n|\n|t:|1700156948\n|move|p1a: Marowak|Shadow Bone|p2a: Orbeetle\n|-supereffective|p2a: Orbeetle\n|-damage|p2a: Orbeetle|0 fnt\n|faint|p2a: Orbeetle\n|\n|upkeep\n|\n|t:|1700156957\n|switch|p2a: Exeggutor|Exeggutor-Alola, M|100\/100\n|-item|p1a: Marowak|Thick Club|[from] ability: Frisk|[of] p2a: Exeggutor|[identify]\n|turn|3\n|\n|t:|1700156966\n|switch|p2a: Chandelure|Chandelure, M|100\/100\n|move|p1a: Marowak|Flare Blitz|p2a: Chandelure\n|-resisted|p2a: Chandelure\n|-damage|p2a: Chandelure|46\/100\n|\n|upkeep\n|turn|4\n|\n|t:|1700156970\n|move|p2a: Chandelure|Shadow Ball|p1a: Marowak\n|-supereffective|p1a: Marowak\n|-damage|p1a: Marowak|0 fnt\n|faint|p1a: Marowak\n|\n|upkeep\n|\n|t:|1700156972\n|switch|p1a: Flapple|Flapple, M|100\/100\n|-activate|p1a: Flapple|move: Sticky Web\n|-unboost|p1a: Flapple|spe|1\n|turn|5\n|\n|t:|1700156976\n|move|p2a: Chandelure|Flamethrower|p1a: Flapple\n|-damage|p1a: Flapple|19\/100\n|-status|p1a: Flapple|brn\n|-activate|p1a: Flapple|ability: Ripen\n|-enditem|p1a: Flapple|Aguav Berry|[eat]\n|-heal|p1a: Flapple|85\/100 brn|[from] item: Aguav Berry\n|move|p1a: Flapple|Dragon Dance|p1a: Flapple\n|-boost|p1a: Flapple|atk|1\n|-boost|p1a: Flapple|spe|1\n|\n|-damage|p1a: Flapple|79\/100 brn|[from] brn\n|upkeep\n|turn|6\n|\n|t:|1700156985\n|move|p1a: Flapple|Acrobatics|p2a: Chandelure\n|-damage|p2a: Chandelure|14\/100\n|move|p2a: Chandelure|Clear Smog|p1a: Flapple\n|-supereffective|p1a: Flapple\n|-damage|p1a: Flapple|14\/100 brn\n|-clearboost|p1a: Flapple\n|\n|-damage|p1a: Flapple|8\/100 brn|[from] brn\n|upkeep\n|turn|7\n|\n|t:|1700156991\n|switch|p2a: Krookodile|Krookodile, M|100\/100\n|move|p1a: Flapple|U-turn|p2a: Krookodile\n|-supereffective|p2a: Krookodile\n|-damage|p2a: Krookodile|78\/100\n|\n|t:|1700156997\n|switch|p1a: Absol|Absol, F|100\/100|[from] U-turn\n|-activate|p1a: Absol|move: Sticky Web\n|-unboost|p1a: Absol|spe|1\n|\n|upkeep\n|turn|8\n|\n|t:|1700157003\n|detailschange|p1a: Absol|Absol-Mega, F\n|-mega|p1a: Absol|Absol|Absolite\n|move|p2a: Krookodile|Earthquake|p1a: Absol\n|-damage|p1a: Absol|21\/100\n|move|p1a: Absol|Ice Beam|p2a: Krookodile\n|-supereffective|p2a: Krookodile\n|-damage|p2a: Krookodile|31\/100\n|\n|upkeep\n|turn|9\n|\n|t:|1700157009\n|switch|p1a: Flapple|Flapple, M|8\/100 brn\n|-activate|p1a: Flapple|move: Sticky Web\n|-unboost|p1a: Flapple|spe|1\n|move|p2a: Krookodile|Earthquake|p1a: Flapple\n|-resisted|p1a: Flapple\n|-damage|p1a: Flapple|0 fnt\n|faint|p1a: Flapple\n|-ability|p2a: Krookodile|Moxie|boost\n|-boost|p2a: Krookodile|atk|1\n|\n|upkeep\n|\n|t:|1700157011\n|switch|p1a: Gliscor|Gliscor, M|100\/100\n|turn|10\n|\n|t:|1700157017\n|move|p1a: Gliscor|Brick Break|p2a: Krookodile\n|-supereffective|p2a: Krookodile\n|-damage|p2a: Krookodile|0 fnt\n|faint|p2a: Krookodile\n|\n|-status|p1a: Gliscor|tox|[from] item: Toxic Orb\n|upkeep\n|\n|t:|1700157022\n|switch|p2a: Swampert|Swampert, M|100\/100\n|turn|11\n|\n|t:|1700157028\n|detailschange|p2a: Swampert|Swampert-Mega, M\n|-mega|p2a: Swampert|Swampert|Swampertite\n|-terastallize|p1a: Gliscor|Poison\n|move|p1a: Gliscor|Poison Jab|p2a: Swampert\n|-resisted|p2a: Swampert\n|-damage|p2a: Swampert|85\/100\n|-status|p2a: Swampert|psn\n|move|p2a: Swampert|Rain Dance|p2a: Swampert\n|-weather|RainDance\n|\n|-weather|RainDance|[upkeep]\n|-damage|p2a: Swampert|73\/100 psn|[from] psn\n|upkeep\n|turn|12\n|\n|t:|1700157032\n|move|p2a: Swampert|Aqua Tail|p1a: Gliscor\n|-damage|p1a: Gliscor|28\/100 tox\n|move|p1a: Gliscor|Poison Jab|p2a: Swampert\n|-resisted|p2a: Swampert\n|-damage|p2a: Swampert|56\/100 psn\n|\n|-weather|RainDance|[upkeep]\n|-damage|p2a: Swampert|44\/100 psn|[from] psn\n|-heal|p1a: Gliscor|41\/100 tox|[from] ability: Poison Heal\n|upkeep\n|turn|13\n|\n|t:|1700157036\n|move|p2a: Swampert|Aqua Tail|p1a: Gliscor\n|-damage|p1a: Gliscor|0 fnt\n|faint|p1a: Gliscor\n|\n|-weather|RainDance|[upkeep]\n|-damage|p2a: Swampert|32\/100 psn|[from] psn\n|upkeep\n|\n|t:|1700157042\n|switch|p1a: Sylveon|Sylveon, F|100\/100\n|-activate|p1a: Sylveon|move: Sticky Web\n|-unboost|p1a: Sylveon|spe|1\n|turn|14\n|\n|t:|1700157048\n|move|p2a: Swampert|Earthquake|p1a: Sylveon\n|-damage|p1a: Sylveon|31\/100\n|move|p1a: Sylveon|Dazzling Gleam|p2a: Swampert\n|-damage|p2a: Swampert|0 fnt\n|faint|p2a: Swampert\n|\n|-weather|RainDance|[upkeep]\n|-heal|p1a: Sylveon|37\/100|[from] item: Leftovers\n|upkeep\n|\n|t:|1700157055\n|switch|p2a: Lucario|Lucario, M|100\/100\n|turn|15\n|\n|t:|1700157058\n|move|p2a: Lucario|Bullet Punch|p1a: Sylveon\n|-supereffective|p1a: Sylveon\n|-damage|p1a: Sylveon|0 fnt\n|faint|p1a: Sylveon\n|\n|-weather|none\n|upkeep\n|\n|t:|1700157061\n|switch|p1a: Toxtricity|Toxtricity, M|100\/100\n|-activate|p1a: Toxtricity|move: Sticky Web\n|-unboost|p1a: Toxtricity|spe|1\n|turn|16\n|\n|t:|1700157073\n|switch|p2a: Exeggutor|Exeggutor-Alola, M|100\/100\n|-item|p1a: Toxtricity|Wise Glasses|[from] ability: Frisk|[of] p2a: Exeggutor|[identify]\n|move|p1a: Toxtricity|Overdrive|p2a: Exeggutor\n|-resisted|p2a: Exeggutor\n|-damage|p2a: Exeggutor|89\/100\n|\n|upkeep\n|turn|17\n|\n|t:|1700157075\n|move|p1a: Toxtricity|Boomburst|p2a: Exeggutor\n|-damage|p2a: Exeggutor|30\/100\n|move|p2a: Exeggutor|Earthquake|p1a: Toxtricity\n|-supereffective|p1a: Toxtricity\n|-damage|p1a: Toxtricity|0 fnt\n|faint|p1a: Toxtricity\n|\n|upkeep\n|\n|t:|1700157078\n|switch|p1a: Absol|Absol-Mega, F|21\/100\n|-activate|p1a: Absol|move: Sticky Web\n|-unboost|p1a: Absol|spe|1\n|turn|18\n|\n|t:|1700157081\n|move|p1a: Absol|X-Scissor|p2a: Exeggutor\n|-supereffective|p2a: Exeggutor\n|-damage|p2a: Exeggutor|0 fnt\n|faint|p2a: Exeggutor\n|\n|upkeep\n|\n|t:|1700157085\n|switch|p2a: Lucario|Lucario, M|100\/100\n|turn|19\n|\n|t:|1700157089\n|move|p2a: Lucario|Close Combat|p1a: Absol\n|-supereffective|p1a: Absol\n|-damage|p1a: Absol|0 fnt\n|-unboost|p2a: Lucario|def|1\n|-unboost|p2a: Lucario|spd|1\n|faint|p1a: Absol\n|\n|win|LukeJW05\n|raw|dfbxhags.E's rating: 1000 &rarr; <strong>1000<\/strong><br \/>(+0 for losing)\n|raw|LukeJW05's rating: 1078 &rarr; <strong>1100<\/strong><br \/>(+22 for winning)\n|c|\u2606dfbxhags.E|gg\n","uploadtime":1700157094,"views":5,"p1id":"dfbxhagse","p2id":"lukejw05","formatid":"gen9nationaldex","rating":1000,"private":0,"password":""}