{"id":"gen9nationaldex-1993666272","p1":"CutieMinior","p2":"SevenSeasYT","format":"[Gen 9] National Dex","log":"|j|\u2606CutieMinior\n|j|\u2606SevenSeasYT\n|t:|1700343313\n|gametype|singles\n|player|p1|CutieMinior|nurseryaide|1347\n|player|p2|SevenSeasYT|266|1362\n|teamsize|p1|6\n|teamsize|p2|6\n|gen|9\n|tier|[Gen 9] National Dex\n|rated|\n|rule|HP Percentage Mod: HP is shown in percentages\n|rule|Endless Battle Clause: Forcing endless battles is banned\n|rule|OHKO Clause: OHKO moves are banned\n|rule|Evasion Clause: Evasion abilities, items, and moves are banned\n|rule|Evasion Abilities Clause: Evasion abilities are banned\n|rule|Evasion Items Clause: Evasion items are banned\n|rule|Evasion Moves Clause: Evasion moves are banned\n|rule|Species Clause: Limit one of each Pok\u00e9mon\n|rule|Sleep Clause Mod: Limit one foe put to sleep\n|clearpoke\n|poke|p1|Tyranitar, M|\n|poke|p1|Landorus-Therian, M|\n|poke|p1|Dracozolt|\n|poke|p1|Gastrodon, M|\n|poke|p1|Heatran, M|\n|poke|p1|Diancie|\n|poke|p2|Ninetales-Alola, F|\n|poke|p2|Maushold|\n|poke|p2|Skeledirge, M|\n|poke|p2|Landorus-Therian, M|\n|poke|p2|Iron Valiant|\n|poke|p2|Samurott-Hisui, F|\n|teampreview\n|\n|t:|1700343325\n|start\n|switch|p1a: Landorus|Landorus-Therian, M|100\/100\n|switch|p2a: Pearlstone|Samurott-Hisui, F, shiny|100\/100\n|-ability|p1a: Landorus|Intimidate|boost\n|-unboost|p2a: Pearlstone|atk|1\n|turn|1\n|\n|t:|1700343330\n|move|p1a: Landorus|U-turn|p2a: Pearlstone\n|-supereffective|p2a: Pearlstone\n|-damage|p2a: Pearlstone|30\/100\n|\n|t:|1700343337\n|switch|p1a: Diancie|Diancie|100\/100|[from] U-turn\n|move|p2a: Pearlstone|Flip Turn|p1a: Diancie\n|-supereffective|p1a: Diancie\n|-damage|p1a: Diancie|45\/100\n|\n|t:|1700343350\n|switch|p2a: nb killer|Iron Valiant|100\/100|[from] Flip Turn\n|-enditem|p2a: nb killer|Booster Energy\n|-activate|p2a: nb killer|ability: Quark Drive|[fromitem]\n|-start|p2a: nb killer|quarkdrivespe\n|\n|upkeep\n|turn|2\n|\n|t:|1700343375\n|move|p2a: nb killer|Close Combat|p1a: Diancie\n|-damage|p1a: Diancie|0 fnt\n|-unboost|p2a: nb killer|def|1\n|-unboost|p2a: nb killer|spd|1\n|faint|p1a: Diancie\n|\n|upkeep\n|\n|t:|1700343382\n|switch|p1a: Gastrodon|Gastrodon, M|100\/100\n|turn|3\n|\n|t:|1700343388\n|move|p2a: nb killer|Close Combat|p1a: Gastrodon\n|-damage|p1a: Gastrodon|32\/100\n|-unboost|p2a: nb killer|def|1\n|-unboost|p2a: nb killer|spd|1\n|move|p1a: Gastrodon|Hydro Pump|p2a: nb killer|[miss]\n|-miss|p1a: Gastrodon|p2a: nb killer\n|\n|-heal|p1a: Gastrodon|38\/100|[from] item: Leftovers\n|upkeep\n|turn|4\n|\n|t:|1700343395\n|move|p2a: nb killer|Close Combat|p1a: Gastrodon\n|-damage|p1a: Gastrodon|0 fnt\n|-unboost|p2a: nb killer|def|1\n|-unboost|p2a: nb killer|spd|1\n|faint|p1a: Gastrodon\n|\n|upkeep\n|c|\u2606SevenSeasYT|hydro miss clutch\n|\n|t:|1700343402\n|switch|p1a: Landorus|Landorus-Therian, M|100\/100\n|-ability|p1a: Landorus|Intimidate|boost\n|-unboost|p2a: nb killer|atk|1\n|turn|5\n|\n|t:|1700343411\n|-end|p2a: nb killer|Quark Drive|[silent]\n|switch|p2a: Ambrosia|Landorus-Therian, M|100\/100\n|-ability|p2a: Ambrosia|Intimidate|boost\n|-unboost|p1a: Landorus|atk|1\n|move|p1a: Landorus|Earthquake|p2a: Ambrosia\n|-immune|p2a: Ambrosia\n|\n|upkeep\n|turn|6\n|\n|t:|1700343417\n|switch|p1a: Heatran|Heatran, M|100\/100\n|move|p2a: Ambrosia|Knock Off|p1a: Heatran\n|-damage|p1a: Heatran|76\/100\n|-status|p2a: Ambrosia|brn|[from] ability: Flame Body|[of] p1a: Heatran\n|-enditem|p1a: Heatran|Leftovers|[from] move: Knock Off|[of] p2a: Ambrosia\n|\n|-damage|p2a: Ambrosia|94\/100 brn|[from] brn\n|upkeep\n|turn|7\n|\n|t:|1700343430\n|move|p2a: Ambrosia|Earthquake|p1a: Heatran\n|-supereffective|p1a: Heatran\n|-damage|p1a: Heatran|0 fnt\n|faint|p1a: Heatran\n|\n|-damage|p2a: Ambrosia|88\/100 brn|[from] brn\n|upkeep\n|\n|t:|1700343435\n|switch|p1a: Landorus|Landorus-Therian, M|100\/100\n|-ability|p1a: Landorus|Intimidate|boost\n|-unboost|p2a: Ambrosia|atk|1\n|turn|8\n|\n|t:|1700343441\n|-terastallize|p1a: Landorus|Ice\n|move|p1a: Landorus|Tera Blast|p2a: Ambrosia|[anim] Tera Blast Ice\n|-supereffective|p2a: Ambrosia\n|-damage|p2a: Ambrosia|0 fnt\n|faint|p2a: Ambrosia\n|\n|upkeep\n|\n|t:|1700343450\n|switch|p2a: Frosty|Ninetales-Alola, F|100\/100\n|-weather|Snow|[from] ability: Snow Warning|[of] p2a: Frosty\n|turn|9\n|\n|t:|1700343458\n|switch|p1a: Tyranitar|Tyranitar, M|100\/100\n|-weather|Sandstorm|[from] ability: Sand Stream|[of] p1a: Tyranitar\n|move|p2a: Frosty|Encore||[still]\n|-fail|p2a: Frosty\n|\n|-weather|Sandstorm|[upkeep]\n|-damage|p2a: Frosty|94\/100|[from] Sandstorm\n|upkeep\n|turn|10\n|\n|t:|1700343470\n|switch|p2a: Pearlstone|Samurott-Hisui, F, shiny|30\/100\n|move|p1a: Tyranitar|Stone Edge|p2a: Pearlstone\n|-damage|p2a: Pearlstone|0 fnt\n|faint|p2a: Pearlstone\n|\n|-weather|Sandstorm|[upkeep]\n|upkeep\n|\n|t:|1700343480\n|switch|p2a: nb killer|Iron Valiant|100\/100\n|turn|11\n|\n|t:|1700343489\n|move|p2a: nb killer|Moonblast|p1a: Tyranitar\n|-supereffective|p1a: Tyranitar\n|-damage|p1a: Tyranitar|73\/100\n|-unboost|p1a: Tyranitar|spa|1\n|move|p1a: Tyranitar|Counter||[still]\n|-fail|p1a: Tyranitar\n|\n|-weather|Sandstorm|[upkeep]\n|-damage|p2a: nb killer|94\/100|[from] Sandstorm\n|upkeep\n|turn|12\n|c|\u2606SevenSeasYT|no swap\n|\n|t:|1700343496\n|move|p2a: nb killer|Close Combat|p1a: Tyranitar\n|-supereffective|p1a: Tyranitar\n|-damage|p1a: Tyranitar|0 fnt\n|-unboost|p2a: nb killer|def|1\n|-unboost|p2a: nb killer|spd|1\n|faint|p1a: Tyranitar\n|\n|-weather|Sandstorm|[upkeep]\n|-damage|p2a: nb killer|88\/100|[from] Sandstorm\n|upkeep\n|\n|t:|1700343498\n|switch|p1a: Dracozolt|Dracozolt|100\/100\n|turn|13\n|\n|t:|1700343505\n|-end|p2a: nb killer|Quark Drive|[silent]\n|switch|p2a: Frosty|Ninetales-Alola, F|94\/100\n|-weather|Snow|[from] ability: Snow Warning|[of] p2a: Frosty\n|move|p1a: Dracozolt|Bolt Beak|p2a: Frosty\n|-damage|p2a: Frosty|3\/100\n|-damage|p1a: Dracozolt|91\/100|[from] item: Life Orb\n|\n|-weather|Snow|[upkeep]\n|upkeep\n|turn|14\n|\n|t:|1700343509\n|switch|p1a: Landorus|Landorus-Therian, M, tera:Ice|100\/100\n|-ability|p1a: Landorus|Intimidate|boost\n|-unboost|p2a: Frosty|atk|1\n|move|p2a: Frosty|Aurora Veil|p2a: Frosty\n|-sidestart|p2: SevenSeasYT|move: Aurora Veil\n|\n|-weather|Snow|[upkeep]\n|upkeep\n|turn|15\n|\n|t:|1700343517\n|move|p1a: Landorus|U-turn|p2a: Frosty\n|-resisted|p2a: Frosty\n|-damage|p2a: Frosty|0 fnt\n|faint|p2a: Frosty\n|\n|t:|1700343519\n|switch|p1a: Dracozolt|Dracozolt|91\/100|[from] U-turn\n|\n|-weather|Snow|[upkeep]\n|upkeep\n|\n|t:|1700343525\n|switch|p2a: Lack of Parents?|Maushold|100\/100\n|turn|16\n|\n|t:|1700343533\n|move|p2a: Lack of Parents?|Tidy Up|p2a: Lack of Parents?\n|-boost|p2a: Lack of Parents?|atk|1\n|-boost|p2a: Lack of Parents?|spe|1\n|move|p1a: Dracozolt|Bolt Beak|p2a: Lack of Parents?\n|-damage|p2a: Lack of Parents?|59\/100\n|-damage|p1a: Dracozolt|81\/100|[from] item: Life Orb\n|\n|-weather|Snow|[upkeep]\n|upkeep\n|turn|17\n|\n|t:|1700343539\n|move|p2a: Lack of Parents?|Population Bomb|p1a: Dracozolt\n|-damage|p1a: Dracozolt|61\/100\n|-damage|p1a: Dracozolt|43\/100\n|-damage|p1a: Dracozolt|24\/100\n|-damage|p1a: Dracozolt|6\/100\n|-damage|p1a: Dracozolt|0 fnt\n|faint|p1a: Dracozolt\n|-hitcount|p1: Dracozolt|5\n|\n|-weather|none\n|upkeep\n|\n|t:|1700343542\n|switch|p1a: Landorus|Landorus-Therian, M, tera:Ice|100\/100\n|-ability|p1a: Landorus|Intimidate|boost\n|-unboost|p2a: Lack of Parents?|atk|1\n|turn|18\n|\n|t:|1700343550\n|-terastallize|p2a: Lack of Parents?|Normal\n|move|p2a: Lack of Parents?|Population Bomb|p1a: Landorus\n|-damage|p1a: Landorus|81\/100\n|-damage|p1a: Landorus|64\/100\n|-damage|p1a: Landorus|45\/100\n|-damage|p1a: Landorus|27\/100\n|-damage|p1a: Landorus|10\/100\n|-damage|p1a: Landorus|0 fnt\n|faint|p1a: Landorus\n|-hitcount|p1: Landorus|6\n|\n|win|SevenSeasYT\n|raw|CutieMinior's rating: 1347 &rarr; <strong>1328<\/strong><br \/>(-19 for losing)\n|raw|SevenSeasYT's rating: 1362 &rarr; <strong>1381<\/strong><br \/>(+19 for winning)\n|l|\u2606CutieMinior\n","uploadtime":1700343564,"views":7,"p1id":"cutieminior","p2id":"sevenseasyt","formatid":"gen9nationaldex","rating":1328,"private":0,"password":""}